{"id":"smogtours-gen9ou-730010","p1":"Hashg Skynyrd","p2":"gotica nalgona","format":"[Gen 9] OU","log":"|inactive|Battle timer is ON: inactive players will automatically lose when time's up.\n|t:|1699735460\n|gametype|singles\n|player|p1|Hashg Skynyrd|169|\n|player|p2|gotica nalgona|baker|\n|teamsize|p1|6\n|teamsize|p2|6\n|gen|9\n|tier|[Gen 9] OU\n|rule|Sleep Clause Mod: Limit one foe put to sleep\n|rule|Species Clause: Limit one of each Pok\u00e9mon\n|rule|OHKO Clause: OHKO moves are banned\n|rule|Evasion Items Clause: Evasion items are banned\n|rule|Evasion Moves Clause: Evasion moves are banned\n|rule|Endless Battle Clause: Forcing endless battles is banned\n|rule|HP Percentage Mod: HP is shown in percentages\n|clearpoke\n|poke|p1|Rillaboom, F|\n|poke|p1|Garganacl, F|\n|poke|p1|Great Tusk|\n|poke|p1|Heatran, F|\n|poke|p1|Zapdos|\n|poke|p1|Walking Wake|\n|poke|p2|Rotom-Wash|\n|poke|p2|Rillaboom, M|\n|poke|p2|Great Tusk|\n|poke|p2|Manaphy|\n|poke|p2|Heatran, M|\n|poke|p2|Sneasler, M|\n|teampreview\n|c|\u2606Hashg Skynyrd|Gl hf\n|inactive|gotica nalgona has 270 seconds left.\n|\n|t:|1699735497\n|start\n|switch|p1a: Walking Wake|Walking Wake|100\/100\n|switch|p2a: Heatran|Heatran, M|100\/100\n|-item|p2a: Heatran|Air Balloon\n|turn|1\n|c|+Fakee|teams para hombres no habia? craig\n|inactive|Hashg Skynyrd has 270 seconds left.\n|inactive|Hashg Skynyrd has 240 seconds left.\n|c|\u2606Hashg Skynyrd|Yo agarre lo primero que encontr\u00e9 ajajs\n|c|\u2606Hashg Skynyrd|Y esto no es de los 3k xd\n|inactive|Hashg Skynyrd has 210 seconds left.\n|\n|t:|1699735589\n|move|p1a: Walking Wake|Scald|p2a: Heatran\n|-supereffective|p2a: Heatran\n|-damage|p2a: Heatran|24\/100\n|-enditem|p2a: Heatran|Air Balloon\n|move|p2a: Heatran|Stealth Rock|p1a: Walking Wake\n|-sidestart|p1: Hashg Skynyrd|move: Stealth Rock\n|\n|upkeep\n|turn|2\n|\n|t:|1699735602\n|switch|p2a: Rotom|Rotom-Wash|100\/100\n|move|p1a: Walking Wake|Scald|p2a: Rotom\n|-resisted|p2a: Rotom\n|-damage|p2a: Rotom|81\/100\n|\n|-heal|p2a: Rotom|87\/100|[from] item: Leftovers\n|upkeep\n|turn|3\n|\n|t:|1699735613\n|move|p1a: Walking Wake|Knock Off|p2a: Rotom\n|-damage|p2a: Rotom|71\/100\n|-enditem|p2a: Rotom|Leftovers|[from] move: Knock Off|[of] p1a: Walking Wake\n|move|p2a: Rotom|Discharge|p1a: Walking Wake\n|-damage|p1a: Walking Wake|66\/100\n|-status|p1a: Walking Wake|par\n|\n|upkeep\n|turn|4\n|\n|t:|1699735620\n|move|p2a: Rotom|Discharge|p1a: Walking Wake\n|-damage|p1a: Walking Wake|34\/100 par\n|move|p1a: Walking Wake|Draco Meteor|p2a: Rotom|[miss]\n|-miss|p1a: Walking Wake|p2a: Rotom\n|\n|upkeep\n|turn|5\n|\n|t:|1699735626\n|move|p2a: Rotom|Discharge|p1a: Walking Wake\n|-damage|p1a: Walking Wake|1\/100 par\n|move|p1a: Walking Wake|Draco Meteor|p2a: Rotom\n|-damage|p2a: Rotom|4\/100\n|-unboost|p1a: Walking Wake|spa|2\n|\n|upkeep\n|turn|6\n|\n|t:|1699735647\n|move|p2a: Rotom|Discharge|p1a: Walking Wake\n|-damage|p1a: Walking Wake|0 fnt\n|faint|p1a: Walking Wake\n|-end|p1a: Walking Wake|Protosynthesis|[silent]\n|\n|upkeep\n|\n|t:|1699735652\n|switch|p1a: Great Tusk|Great Tusk|100\/100\n|-damage|p1a: Great Tusk|97\/100|[from] Stealth Rock\n|turn|7\n|\n|t:|1699735658\n|switch|p2a: Rillaboom|Rillaboom, M|100\/100\n|-fieldstart|move: Grassy Terrain|[from] ability: Grassy Surge|[of] p2a: Rillaboom\n|move|p1a: Great Tusk|Rapid Spin|p2a: Rillaboom\n|-damage|p2a: Rillaboom|84\/100\n|-boost|p1a: Great Tusk|spe|1\n|-sideend|p1: Hashg Skynyrd|Stealth Rock|[from] move: Rapid Spin|[of] p1a: Great Tusk\n|\n|-heal|p1a: Great Tusk|100\/100|[from] Grassy Terrain\n|-heal|p2a: Rillaboom|91\/100|[from] Grassy Terrain\n|upkeep\n|turn|8\n|inactive|Hashg Skynyrd has 270 seconds left.\n|\n|t:|1699735669\n|move|p1a: Great Tusk|Bulk Up|p1a: Great Tusk\n|-boost|p1a: Great Tusk|atk|1\n|-boost|p1a: Great Tusk|def|1\n|move|p2a: Rillaboom|U-turn|p1a: Great Tusk\n|-resisted|p1a: Great Tusk\n|-crit|p1a: Great Tusk\n|-damage|p1a: Great Tusk|83\/100\n|\n|t:|1699735687\n|switch|p2a: Manaphy|Manaphy|100\/100|[from] U-turn\n|\n|-heal|p1a: Great Tusk|90\/100|[from] Grassy Terrain\n|-heal|p1a: Great Tusk|96\/100|[from] item: Leftovers\n|upkeep\n|turn|9\n|\n|t:|1699735698\n|-end|p1a: Great Tusk|Protosynthesis|[silent]\n|switch|p1a: Zapdos|Zapdos|100\/100\n|move|p2a: Manaphy|Tail Glow|p2a: Manaphy\n|-boost|p2a: Manaphy|spa|3\n|\n|upkeep\n|turn|10\n|inactive|gotica nalgona has 270 seconds left.\n|\n|t:|1699735737\n|-terastallize|p2a: Manaphy|Electric\n|move|p1a: Zapdos|Thunder Wave|p2a: Manaphy|[miss]\n|-miss|p1a: Zapdos|p2a: Manaphy\n|move|p2a: Manaphy|Ice Beam|p1a: Zapdos\n|-supereffective|p1a: Zapdos\n|-damage|p1a: Zapdos|0 fnt\n|faint|p1a: Zapdos\n|\n|upkeep\n|\n|t:|1699735752\n|switch|p1a: Rillaboom|Rillaboom, F|100\/100\n|turn|11\n|\n|t:|1699735757\n|move|p1a: Rillaboom|Grassy Glide|p2a: Manaphy\n|-crit|p2a: Manaphy\n|-damage|p2a: Manaphy|11\/100\n|move|p2a: Manaphy|Ice Beam|p1a: Rillaboom\n|-supereffective|p1a: Rillaboom\n|-damage|p1a: Rillaboom|0 fnt\n|faint|p1a: Rillaboom\n|\n|-heal|p2a: Manaphy|17\/100|[from] Grassy Terrain\n|-fieldend|move: Grassy Terrain\n|upkeep\n|\n|t:|1699735762\n|switch|p1a: Great Tusk|Great Tusk|96\/100\n|turn|12\n|\n|t:|1699735771\n|move|p2a: Manaphy|Surf|p1a: Great Tusk\n|-supereffective|p1a: Great Tusk\n|-damage|p1a: Great Tusk|0 fnt\n|faint|p1a: Great Tusk\n|-end|p1a: Great Tusk|Protosynthesis|[silent]\n|\n|upkeep\n|\n|t:|1699735777\n|switch|p1a: Garganacl|Garganacl, F|100\/100\n|turn|13\n|\n|t:|1699735783\n|-terastallize|p1a: Garganacl|Fairy\n|move|p2a: Manaphy|Tera Blast|p1a: Garganacl|[anim] Tera Blast Electric\n|-damage|p1a: Garganacl|41\/100\n|move|p1a: Garganacl|Salt Cure|p2a: Manaphy\n|-damage|p2a: Manaphy|5\/100\n|-start|p2a: Manaphy|Salt Cure\n|\n|-heal|p1a: Garganacl|47\/100|[from] item: Leftovers\n|-damage|p2a: Manaphy|0 fnt|[from] Salt Cure\n|faint|p2a: Manaphy\n|upkeep\n|c|\u2606Hashg Skynyrd|Gg\n|inactive|gotica nalgona has 270 seconds left.\n|\n|t:|1699735806\n|switch|p2a: Rillaboom|Rillaboom, M|91\/100\n|-fieldstart|move: Grassy Terrain|[from] ability: Grassy Surge|[of] p2a: Rillaboom\n|turn|14\n|\n|t:|1699735812\n|move|p2a: Rillaboom|Wood Hammer|p1a: Garganacl\n|-damage|p1a: Garganacl|0 fnt\n|faint|p1a: Garganacl\n|-damage|p2a: Rillaboom|73\/100|[from] Recoil\n|\n|-heal|p2a: Rillaboom|79\/100|[from] Grassy Terrain\n|upkeep\n|\n|t:|1699735815\n|switch|p1a: Heatran|Heatran, F|100\/100\n|turn|15\n|\n|t:|1699735818\n|switch|p2a: Heatran|Heatran, M|24\/100\n|move|p1a: Heatran|Stealth Rock|p2a: Heatran\n|-sidestart|p2: gotica nalgona|move: Stealth Rock\n|\n|-heal|p2a: Heatran|31\/100|[from] Grassy Terrain\n|upkeep\n|turn|16\n|\n|t:|1699735821\n|move|p2a: Heatran|Earth Power|p1a: Heatran\n|-supereffective|p1a: Heatran\n|-crit|p1a: Heatran\n|-damage|p1a: Heatran|0 fnt\n|faint|p1a: Heatran\n|\n|win|gotica nalgona\n","uploadtime":1699735822,"views":40,"p1id":"hashgskynyrd","p2id":"goticanalgona","formatid":"gen9ou","rating":0,"private":0,"password":""}