{"id":"smogtours-gen9ou-732029","p1":"MrBanana45","p2":"SEROO","format":"[Gen 9] OU","log":"|inactive|Battle timer is ON: inactive players will automatically lose when time's up.\n|t:|1700683226\n|gametype|singles\n|player|p1|MrBanana45|smasher|\n|player|p2|SEROO|kris-gen2|\n|teamsize|p1|6\n|teamsize|p2|6\n|gen|9\n|tier|[Gen 9] OU\n|rule|Sleep Clause Mod: Limit one foe put to sleep\n|rule|Species Clause: Limit one of each Pok\u00e9mon\n|rule|OHKO Clause: OHKO moves are banned\n|rule|Evasion Items Clause: Evasion items are banned\n|rule|Evasion Moves Clause: Evasion moves are banned\n|rule|Endless Battle Clause: Forcing endless battles is banned\n|rule|HP Percentage Mod: HP is shown in percentages\n|clearpoke\n|poke|p1|Gholdengo|\n|poke|p1|Dragapult, F|\n|poke|p1|Ting-Lu|\n|poke|p1|Meowscarada, F|\n|poke|p1|Alomomola, M|\n|poke|p1|Moltres|\n|poke|p2|Zamazenta-*|\n|poke|p2|Gholdengo|\n|poke|p2|Ting-Lu|\n|poke|p2|Zapdos|\n|poke|p2|Cinderace, M|\n|poke|p2|Ogerpon-Wellspring, F|\n|teampreview\n|inactive|SEROO also wants the timer to be on.\n|c|\u2606SEROO|hf\n|c|\u2606MrBanana45|hf\n|inactive|MrBanana45 has 270 seconds left.\n|inactive|SEROO has 270 seconds left.\n|inactive|MrBanana45 has 240 seconds left.\n|c|+Vaictador|Epic\n|inactive|MrBanana45 has 210 seconds left.\n|\n|t:|1700683319\n|start\n|switch|p1a: Dragaglock|Dragapult, F, shiny|100\/100\n|switch|p2a: Cinderace|Cinderace, M|100\/100\n|turn|1\n|\n|t:|1700683326\n|switch|p1a: Summer Wind|Moltres|100\/100\n|switch|p2a: Ting-Lu|Ting-Lu|100\/100\n|-ability|p2a: Ting-Lu|Vessel of Ruin\n|\n|upkeep\n|turn|2\n|\n|t:|1700683335\n|switch|p2a: Cinderace|Cinderace, M|100\/100\n|move|p1a: Summer Wind|Will-O-Wisp|p2a: Cinderace\n|-immune|p2a: Cinderace\n|\n|upkeep\n|turn|3\n|\n|t:|1700683350\n|move|p2a: Cinderace|Pyro Ball|p1a: Summer Wind\n|-resisted|p1a: Summer Wind\n|-damage|p1a: Summer Wind|70\/100\n|move|p1a: Summer Wind|Will-O-Wisp|p2a: Cinderace\n|-immune|p2a: Cinderace\n|\n|upkeep\n|turn|4\n|\n|t:|1700683356\n|move|p2a: Cinderace|U-turn|p1a: Summer Wind\n|-start|p2a: Cinderace|typechange|Bug|[from] ability: Libero\n|-resisted|p1a: Summer Wind\n|-damage|p1a: Summer Wind|62\/100\n|\n|t:|1700683359\n|switch|p2a: Zapdos|Zapdos|100\/100|[from] U-turn\n|move|p1a: Summer Wind|Will-O-Wisp|p2a: Zapdos\n|-status|p2a: Zapdos|brn\n|\n|-damage|p2a: Zapdos|94\/100 brn|[from] brn\n|upkeep\n|turn|5\n|\n|t:|1700683371\n|switch|p2a: Ogerpon|Ogerpon-Wellspring, F|100\/100\n|switch|p1a: Ting Loser|Ting-Lu|100\/100\n|-ability|p1a: Ting Loser|Vessel of Ruin\n|\n|upkeep\n|turn|6\n|\n|t:|1700683389\n|switch|p1a: 420 247|Alomomola, M|100\/100\n|move|p2a: Ogerpon|Knock Off|p1a: 420 247\n|-damage|p1a: 420 247|79\/100\n|-enditem|p1a: 420 247|Red Card|[from] move: Knock Off|[of] p2a: Ogerpon\n|\n|upkeep\n|turn|7\n|inactive|MrBanana45 has 270 seconds left.\n|\n|t:|1700683414\n|move|p2a: Ogerpon|Power Whip|p1a: 420 247\n|-supereffective|p1a: 420 247\n|-damage|p1a: 420 247|0 fnt\n|faint|p1a: 420 247\n|\n|upkeep\n|\n|t:|1700683419\n|switch|p1a: B Please|Meowscarada, F, shiny|100\/100\n|turn|8\n|\n|t:|1700683428\n|switch|p2a: Zapdos|Zapdos|94\/100 brn\n|move|p1a: B Please|Flower Trick|p2a: Zapdos\n|-resisted|p2a: Zapdos\n|-crit|p2a: Zapdos\n|-damage|p2a: Zapdos|76\/100 brn\n|\n|-damage|p2a: Zapdos|70\/100 brn|[from] brn\n|upkeep\n|turn|9\n|\n|t:|1700683442\n|switch|p2a: Cinderace|Cinderace, M|100\/100\n|move|p1a: B Please|Flower Trick|p2a: Cinderace\n|-resisted|p2a: Cinderace\n|-crit|p2a: Cinderace\n|-damage|p2a: Cinderace|64\/100\n|\n|upkeep\n|turn|10\n|inactive|MrBanana45 has 270 seconds left.\n|\n|t:|1700683487\n|move|p1a: B Please|Knock Off|p2a: Cinderace\n|-damage|p2a: Cinderace|2\/100\n|-enditem|p2a: Cinderace|Heavy-Duty Boots|[from] move: Knock Off|[of] p1a: B Please\n|move|p2a: Cinderace|U-turn|p1a: B Please\n|-start|p2a: Cinderace|typechange|Bug|[from] ability: Libero\n|-supereffective|p1a: B Please\n|-damage|p1a: B Please|0 fnt\n|faint|p1a: B Please\n|\n|t:|1700683497\n|switch|p2a: Ting-Lu|Ting-Lu|100\/100|[from] U-turn\n|-ability|p2a: Ting-Lu|Vessel of Ruin\n|\n|upkeep\n|\n|t:|1700683508\n|switch|p1a: Ting Loser|Ting-Lu|100\/100\n|-ability|p1a: Ting Loser|Vessel of Ruin\n|turn|11\n|\n|t:|1700683515\n|switch|p2a: Cinderace|Cinderace, M|2\/100\n|move|p1a: Ting Loser|Spikes|p2a: Cinderace\n|-sidestart|p2: SEROO|Spikes\n|\n|upkeep\n|turn|12\n|\n|t:|1700683518\n|move|p2a: Cinderace|Low Kick|p1a: Ting Loser\n|-start|p2a: Cinderace|typechange|Fighting|[from] ability: Libero\n|-supereffective|p1a: Ting Loser\n|-damage|p1a: Ting Loser|33\/100\n|move|p1a: Ting Loser|Earthquake|p2a: Cinderace\n|-damage|p2a: Cinderace|0 fnt\n|faint|p2a: Cinderace\n|\n|-heal|p1a: Ting Loser|39\/100|[from] item: Leftovers\n|upkeep\n|\n|t:|1700683527\n|switch|p2a: Ogerpon|Ogerpon-Wellspring, F|100\/100\n|-damage|p2a: Ogerpon|88\/100|[from] Spikes\n|turn|13\n|\n|t:|1700683540\n|switch|p1a: Dragaglock|Dragapult, F, shiny|100\/100\n|move|p2a: Ogerpon|Ivy Cudgel|p1a: Dragaglock|[anim] Ivy Cudgel Water\n|-resisted|p1a: Dragaglock\n|-crit|p1a: Dragaglock\n|-damage|p1a: Dragaglock|38\/100\n|\n|upkeep\n|turn|14\n|\n|t:|1700683546\n|switch|p2a: Ting-Lu|Ting-Lu|100\/100\n|-damage|p2a: Ting-Lu|88\/100|[from] Spikes\n|-ability|p2a: Ting-Lu|Vessel of Ruin\n|move|p1a: Dragaglock|U-turn|p2a: Ting-Lu\n|-supereffective|p2a: Ting-Lu\n|-damage|p2a: Ting-Lu|69\/100\n|\n|t:|1700683560\n|switch|p1a: Ting Loser|Ting-Lu|39\/100|[from] U-turn\n|-ability|p1a: Ting Loser|Vessel of Ruin\n|\n|-heal|p2a: Ting-Lu|75\/100|[from] item: Leftovers\n|-heal|p1a: Ting Loser|45\/100|[from] item: Leftovers\n|upkeep\n|turn|15\n|\n|t:|1700683568\n|move|p1a: Ting Loser|Stealth Rock|p2a: Ting-Lu\n|-sidestart|p2: SEROO|move: Stealth Rock\n|move|p2a: Ting-Lu|Stealth Rock|p1a: Ting Loser\n|-sidestart|p1: MrBanana45|move: Stealth Rock\n|\n|-heal|p1a: Ting Loser|51\/100|[from] item: Leftovers\n|-heal|p2a: Ting-Lu|81\/100|[from] item: Leftovers\n|upkeep\n|turn|16\n|\n|t:|1700683571\n|move|p1a: Ting Loser|Spikes|p2a: Ting-Lu\n|-sidestart|p2: SEROO|Spikes\n|move|p2a: Ting-Lu|Ruination|p1a: Ting Loser\n|-damage|p1a: Ting Loser|26\/100\n|\n|-heal|p2a: Ting-Lu|87\/100|[from] item: Leftovers\n|-heal|p1a: Ting Loser|32\/100|[from] item: Leftovers\n|upkeep\n|turn|17\n|\n|t:|1700683577\n|move|p1a: Ting Loser|Ruination|p2a: Ting-Lu\n|-damage|p2a: Ting-Lu|44\/100\n|move|p2a: Ting-Lu|Earthquake|p1a: Ting Loser\n|-damage|p1a: Ting Loser|11\/100\n|\n|-heal|p2a: Ting-Lu|50\/100|[from] item: Leftovers\n|-heal|p1a: Ting Loser|17\/100|[from] item: Leftovers\n|upkeep\n|turn|18\n|\n|t:|1700683581\n|move|p1a: Ting Loser|Earthquake|p2a: Ting-Lu\n|-damage|p2a: Ting-Lu|29\/100\n|move|p2a: Ting-Lu|Earthquake|p1a: Ting Loser\n|-damage|p1a: Ting Loser|0 fnt\n|faint|p1a: Ting Loser\n|\n|-heal|p2a: Ting-Lu|35\/100|[from] item: Leftovers\n|upkeep\n|\n|t:|1700683585\n|switch|p1a: Summer Wind|Moltres|62\/100\n|turn|19\n|\n|t:|1700683591\n|move|p1a: Summer Wind|Flamethrower|p2a: Ting-Lu\n|-damage|p2a: Ting-Lu|20\/100\n|-status|p2a: Ting-Lu|brn\n|move|p2a: Ting-Lu|Rest|p2a: Ting-Lu\n|-status|p2a: Ting-Lu|slp|[from] move: Rest\n|-heal|p2a: Ting-Lu|100\/100 slp|[silent]\n|\n|upkeep\n|turn|20\n|\n|t:|1700683599\n|switch|p2a: Zapdos|Zapdos|70\/100 brn\n|move|p1a: Summer Wind|Roar|p2a: Zapdos\n|drag|p2a: Ting-Lu|Ting-Lu|100\/100 slp\n|-damage|p2a: Ting-Lu|84\/100 slp|[from] Spikes\n|-damage|p2a: Ting-Lu|78\/100 slp|[from] Stealth Rock\n|-ability|p2a: Ting-Lu|Vessel of Ruin\n|\n|-heal|p2a: Ting-Lu|84\/100 slp|[from] item: Leftovers\n|upkeep\n|turn|21\n|\n|t:|1700683607\n|move|p1a: Summer Wind|Flamethrower|p2a: Ting-Lu\n|-damage|p2a: Ting-Lu|67\/100 slp\n|cant|p2a: Ting-Lu|slp\n|\n|-heal|p2a: Ting-Lu|74\/100 slp|[from] item: Leftovers\n|upkeep\n|turn|22\n|\n|t:|1700683612\n|move|p1a: Summer Wind|Roost|p1a: Summer Wind\n|-heal|p1a: Summer Wind|100\/100\n|-singleturn|p1a: Summer Wind|move: Roost\n|cant|p2a: Ting-Lu|slp\n|\n|-heal|p2a: Ting-Lu|80\/100 slp|[from] item: Leftovers\n|upkeep\n|turn|23\n|\n|t:|1700683617\n|-curestatus|p2a: Ting-Lu|slp|[msg]\n|move|p2a: Ting-Lu|Ruination|p1a: Summer Wind\n|-damage|p1a: Summer Wind|51\/100\n|move|p1a: Summer Wind|Roar|p2a: Ting-Lu\n|drag|p2a: Zapdos|Zapdos|70\/100 brn\n|\n|-damage|p2a: Zapdos|64\/100 brn|[from] brn\n|upkeep\n|turn|24\n|\n|t:|1700683642\n|-terastallize|p1a: Summer Wind|Fairy\n|move|p2a: Zapdos|Volt Switch|p1a: Summer Wind\n|-damage|p1a: Summer Wind|28\/100\n|\n|t:|1700683647\n|switch|p2a: Ting-Lu|Ting-Lu|80\/100|[from] Volt Switch\n|-damage|p2a: Ting-Lu|63\/100|[from] Spikes\n|-damage|p2a: Ting-Lu|57\/100|[from] Stealth Rock\n|-ability|p2a: Ting-Lu|Vessel of Ruin\n|move|p1a: Summer Wind|Roost|p1a: Summer Wind\n|-heal|p1a: Summer Wind|79\/100\n|\n|-heal|p2a: Ting-Lu|63\/100|[from] item: Leftovers\n|upkeep\n|turn|25\n|\n|t:|1700683650\n|move|p1a: Summer Wind|Will-O-Wisp|p2a: Ting-Lu\n|-status|p2a: Ting-Lu|brn\n|move|p2a: Ting-Lu|Ruination|p1a: Summer Wind\n|-damage|p1a: Summer Wind|40\/100\n|\n|-heal|p2a: Ting-Lu|70\/100 brn|[from] item: Leftovers\n|-damage|p2a: Ting-Lu|63\/100 brn|[from] brn\n|upkeep\n|turn|26\n|\n|t:|1700683656\n|move|p1a: Summer Wind|Roost|p1a: Summer Wind\n|-heal|p1a: Summer Wind|90\/100\n|move|p2a: Ting-Lu|Ruination|p1a: Summer Wind|[miss]\n|-miss|p2a: Ting-Lu|p1a: Summer Wind\n|\n|-heal|p2a: Ting-Lu|70\/100 brn|[from] item: Leftovers\n|-damage|p2a: Ting-Lu|63\/100 brn|[from] brn\n|upkeep\n|turn|27\n|\n|t:|1700683660\n|switch|p1a: Gold digger|Gholdengo|100\/100\n|-damage|p1a: Gold digger|94\/100|[from] Stealth Rock\n|move|p2a: Ting-Lu|Ruination|p1a: Gold digger\n|-damage|p1a: Gold digger|47\/100\n|\n|-heal|p2a: Ting-Lu|70\/100 brn|[from] item: Leftovers\n|-damage|p2a: Ting-Lu|63\/100 brn|[from] brn\n|upkeep\n|turn|28\n|\n|t:|1700683669\n|move|p1a: Gold digger|Trick|p2a: Ting-Lu\n|-activate|p1a: Gold digger|move: Trick|[of] p2a: Ting-Lu\n|-item|p2a: Ting-Lu|Choice Scarf|[from] move: Trick\n|-item|p1a: Gold digger|Leftovers|[from] move: Trick\n|move|p2a: Ting-Lu|Earthquake|p1a: Gold digger\n|-supereffective|p1a: Gold digger\n|-damage|p1a: Gold digger|4\/100\n|\n|-heal|p1a: Gold digger|10\/100|[from] item: Leftovers\n|-damage|p2a: Ting-Lu|57\/100 brn|[from] brn\n|upkeep\n|turn|29\n|\n|t:|1700683679\n|switch|p1a: Summer Wind|Moltres, tera:Fairy|90\/100\n|move|p2a: Ting-Lu|Earthquake|p1a: Summer Wind\n|-damage|p1a: Summer Wind|73\/100\n|\n|-damage|p2a: Ting-Lu|51\/100 brn|[from] brn\n|upkeep\n|turn|30\n|\n|t:|1700683685\n|switch|p2a: Zapdos|Zapdos|64\/100 brn\n|move|p1a: Summer Wind|Flamethrower|p2a: Zapdos\n|-damage|p2a: Zapdos|29\/100 brn\n|\n|-damage|p2a: Zapdos|23\/100 brn|[from] brn\n|upkeep\n|turn|31\n|\n|t:|1700683693\n|move|p2a: Zapdos|Roost|p2a: Zapdos\n|-heal|p2a: Zapdos|73\/100 brn\n|-singleturn|p2a: Zapdos|move: Roost\n|move|p1a: Summer Wind|Flamethrower|p2a: Zapdos\n|-damage|p2a: Zapdos|38\/100 brn\n|\n|-damage|p2a: Zapdos|32\/100 brn|[from] brn\n|upkeep\n|turn|32\n|\n|t:|1700683701\n|move|p2a: Zapdos|Roost|p2a: Zapdos\n|-heal|p2a: Zapdos|82\/100 brn\n|-singleturn|p2a: Zapdos|move: Roost\n|move|p1a: Summer Wind|Flamethrower|p2a: Zapdos\n|-damage|p2a: Zapdos|49\/100 brn\n|\n|-damage|p2a: Zapdos|43\/100 brn|[from] brn\n|upkeep\n|turn|33\n|\n|t:|1700683711\n|move|p2a: Zapdos|Hurricane|p1a: Summer Wind\n|-damage|p1a: Summer Wind|42\/100\n|move|p1a: Summer Wind|Flamethrower|p2a: Zapdos\n|-damage|p2a: Zapdos|9\/100 brn\n|\n|-damage|p2a: Zapdos|3\/100 brn|[from] brn\n|upkeep\n|turn|34\n|\n|t:|1700683717\n|move|p2a: Zapdos|Thunder Wave|p1a: Summer Wind\n|-status|p1a: Summer Wind|par\n|cant|p1a: Summer Wind|par\n|\n|-damage|p2a: Zapdos|0 fnt|[from] brn\n|faint|p2a: Zapdos\n|upkeep\n|\n|t:|1700683724\n|switch|p2a: Gholdengo|Gholdengo|100\/100\n|-damage|p2a: Gholdengo|84\/100|[from] Spikes\n|-damage|p2a: Gholdengo|78\/100|[from] Stealth Rock\n|turn|35\n|\n|t:|1700683749\n|switch|p1a: Gold digger|Gholdengo|10\/100\n|-damage|p1a: Gold digger|4\/100|[from] Stealth Rock\n|move|p2a: Gholdengo|Make It Rain|p1a: Gold digger\n|-resisted|p1a: Gold digger\n|-damage|p1a: Gold digger|0 fnt\n|-unboost|p2a: Gholdengo|spa|1\n|faint|p1a: Gold digger\n|\n|upkeep\n|\n|t:|1700683754\n|switch|p1a: Dragaglock|Dragapult, F, shiny|38\/100\n|-damage|p1a: Dragaglock|26\/100|[from] Stealth Rock\n|turn|36\n|\n|t:|1700683758\n|switch|p2a: Ting-Lu|Ting-Lu|51\/100 brn\n|-damage|p2a: Ting-Lu|34\/100 brn|[from] Spikes\n|-damage|p2a: Ting-Lu|28\/100 brn|[from] Stealth Rock\n|-ability|p2a: Ting-Lu|Vessel of Ruin\n|move|p1a: Dragaglock|Shadow Ball|p2a: Ting-Lu\n|-resisted|p2a: Ting-Lu\n|-damage|p2a: Ting-Lu|18\/100 brn\n|\n|-damage|p2a: Ting-Lu|12\/100 brn|[from] brn\n|upkeep\n|turn|37\n|\n|t:|1700683775\n|switch|p2a: Ogerpon|Ogerpon-Wellspring, F|88\/100\n|-damage|p2a: Ogerpon|72\/100|[from] Spikes\n|-damage|p2a: Ogerpon|59\/100|[from] Stealth Rock\n|move|p1a: Dragaglock|Shadow Ball|p2a: Ogerpon\n|-damage|p2a: Ogerpon|0 fnt\n|faint|p2a: Ogerpon\n|\n|upkeep\n|\n|t:|1700683779\n|switch|p2a: Zamazenta|Zamazenta|100\/100\n|-damage|p2a: Zamazenta|84\/100|[from] Spikes\n|-damage|p2a: Zamazenta|78\/100|[from] Stealth Rock\n|-ability|p2a: Zamazenta|Dauntless Shield|boost\n|-boost|p2a: Zamazenta|def|1\n|turn|38\n|\n|t:|1700683791\n|switch|p1a: Summer Wind|Moltres, tera:Fairy|42\/100 par\n|move|p2a: Zamazenta|Crunch|p1a: Summer Wind\n|-resisted|p1a: Summer Wind\n|-damage|p1a: Summer Wind|31\/100 par\n|\n|-heal|p2a: Zamazenta|84\/100|[from] item: Leftovers\n|upkeep\n|turn|39\n|\n|t:|1700683797\n|move|p2a: Zamazenta|Iron Defense|p2a: Zamazenta\n|-boost|p2a: Zamazenta|def|2\n|cant|p1a: Summer Wind|par\n|\n|-heal|p2a: Zamazenta|90\/100|[from] item: Leftovers\n|upkeep\n|turn|40\n|\n|t:|1700683802\n|move|p2a: Zamazenta|Body Press|p1a: Summer Wind\n|-resisted|p1a: Summer Wind\n|-damage|p1a: Summer Wind|0 fnt\n|-status|p2a: Zamazenta|brn|[from] ability: Flame Body|[of] p1a: Summer Wind\n|faint|p1a: Summer Wind\n|\n|-heal|p2a: Zamazenta|96\/100 brn|[from] item: Leftovers\n|-damage|p2a: Zamazenta|90\/100 brn|[from] brn\n|upkeep\n|c|\u2606SEROO|gg\n|c|\u2606MrBanana45|ggs\n|\n|t:|1700683819\n|switch|p1a: Dragaglock|Dragapult, F, shiny|26\/100\n|-damage|p1a: Dragaglock|13\/100|[from] Stealth Rock\n|turn|41\n|c|+Vaictador|gg\n|inactive|MrBanana45 has 270 seconds left.\n|\n|t:|1700683845\n|move|p1a: Dragaglock|Draco Meteor|p2a: Zamazenta\n|-damage|p2a: Zamazenta|30\/100 brn\n|-unboost|p1a: Dragaglock|spa|2\n|move|p2a: Zamazenta|Crunch|p1a: Dragaglock\n|-supereffective|p1a: Dragaglock\n|-damage|p1a: Dragaglock|0 fnt\n|faint|p1a: Dragaglock\n|\n|win|SEROO\n","uploadtime":1700683846,"views":4,"p1id":"mrbanana45","p2id":"seroo","formatid":"gen9ou","rating":0,"private":0,"password":""}