{"id":"smogtours-gen9ou-732010","p1":"Savouras","p2":"god mami pix","format":"[Gen 9] OU","log":"|inactive|Battle timer is ON: inactive players will automatically lose when time's up.\n|t:|1700666287\n|gametype|singles\n|player|p1|Savouras|#splxivwolfpack|\n|player|p2|god mami pix|#splxivbigs2|\n|teamsize|p1|6\n|teamsize|p2|6\n|gen|9\n|tier|[Gen 9] OU\n|rule|Sleep Clause Mod: Limit one foe put to sleep\n|rule|Species Clause: Limit one of each Pok\u00e9mon\n|rule|OHKO Clause: OHKO moves are banned\n|rule|Evasion Items Clause: Evasion items are banned\n|rule|Evasion Moves Clause: Evasion moves are banned\n|rule|Endless Battle Clause: Forcing endless battles is banned\n|rule|HP Percentage Mod: HP is shown in percentages\n|clearpoke\n|poke|p1|Ribombee, F|\n|poke|p1|Zamazenta-*|\n|poke|p1|Greninja-*, M|\n|poke|p1|Gholdengo|\n|poke|p1|Ogerpon-Wellspring, F|\n|poke|p1|Iron Moth|\n|poke|p2|Garchomp, F|\n|poke|p2|Enamorus, F|\n|poke|p2|Kingambit, M|\n|poke|p2|Iron Moth|\n|poke|p2|Great Tusk|\n|poke|p2|Dragapult, F|\n|teampreview\n|inactive|god mami pix also wants the timer to be on.\n|c|\u2606Savouras|hf\n|c|+blarghlfarghl|u2\n|inactive|Savouras has 270 seconds left.\n|inactive|god mami pix has 270 seconds left.\n|c|+blarghlfarghl|that better be defiant bisharp\n|inactive|god mami pix has 240 seconds left.\n|inactive|god mami pix has 210 seconds left.\n|inactive|god mami pix has 180 seconds left.\n|inactive|god mami pix has 150 seconds left.\n|inactive|god mami pix has 120 seconds left.\n|c|+Leo|hows your day savouras\n|inactive|god mami pix has 90 seconds left.\n|\n|t:|1700666503\n|start\n|switch|p1a: Ribombee|Ribombee, F|100\/100\n|switch|p2a: Great Tusk|Great Tusk|100\/100\n|-enditem|p2a: Great Tusk|Booster Energy\n|-activate|p2a: Great Tusk|ability: Protosynthesis|[fromitem]\n|-start|p2a: Great Tusk|protosynthesisspe\n|turn|1\n|\n|t:|1700666514\n|move|p2a: Great Tusk|Head Smash|p1a: Ribombee\n|-supereffective|p1a: Ribombee\n|-enditem|p1a: Ribombee|Focus Sash\n|-damage|p1a: Ribombee|1\/100\n|-damage|p2a: Great Tusk|70\/100|[from] Recoil\n|move|p1a: Ribombee|Moonblast|p2a: Great Tusk\n|-supereffective|p2a: Great Tusk\n|-damage|p2a: Great Tusk|0 fnt\n|faint|p2a: Great Tusk\n|-end|p2a: Great Tusk|Protosynthesis|[silent]\n|\n|upkeep\n|inactive|god mami pix has 150 seconds left.\n|\n|t:|1700666526\n|switch|p2a: Iron Moth|Iron Moth|100\/100\n|-enditem|p2a: Iron Moth|Booster Energy\n|-activate|p2a: Iron Moth|ability: Quark Drive|[fromitem]\n|-start|p2a: Iron Moth|quarkdrivespe\n|turn|2\n|inactive|Savouras has 270 seconds left.\n|inactive|Savouras has 240 seconds left.\n|\n|t:|1700666614\n|switch|p1a: Iron Moth|Iron Moth|100\/100\n|-enditem|p1a: Iron Moth|Booster Energy\n|-activate|p1a: Iron Moth|ability: Quark Drive|[fromitem]\n|-start|p1a: Iron Moth|quarkdrivespa\n|move|p2a: Iron Moth|Fiery Dance|p1a: Iron Moth\n|-resisted|p1a: Iron Moth\n|-damage|p1a: Iron Moth|80\/100\n|\n|upkeep\n|turn|3\n|inactive|Savouras has 210 seconds left.\n|inactive|god mami pix has 150 seconds left.\n|\n|t:|1700666661\n|move|p2a: Iron Moth|Fiery Dance|p1a: Iron Moth\n|-resisted|p1a: Iron Moth\n|-damage|p1a: Iron Moth|57\/100\n|move|p1a: Iron Moth|Sludge Wave|p2a: Iron Moth\n|-resisted|p2a: Iron Moth\n|-damage|p2a: Iron Moth|66\/100\n|\n|upkeep\n|turn|4\n|\n|t:|1700666672\n|move|p2a: Iron Moth|Psychic|p1a: Iron Moth\n|-supereffective|p1a: Iron Moth\n|-damage|p1a: Iron Moth|0 fnt\n|faint|p1a: Iron Moth\n|-end|p1a: Iron Moth|Quark Drive|[silent]\n|\n|upkeep\n|inactive|Savouras has 180 seconds left.\n|inactive|Savouras has 150 seconds left.\n|\n|t:|1700666726\n|switch|p1a: Ogerpon|Ogerpon-Wellspring, F|100\/100\n|turn|5\n|inactive|god mami pix has 120 seconds left.\n|inactive|god mami pix has 90 seconds left.\n|inactive|Savouras has 150 seconds left.\n|inactive|god mami pix has 60 seconds left.\n|inactive|god mami pix has 30 seconds left.\n|\n|t:|1700666847\n|move|p2a: Iron Moth|Toxic|p1a: Ogerpon\n|-status|p1a: Ogerpon|tox\n|move|p1a: Ogerpon|Ivy Cudgel|p2a: Iron Moth|[anim] Ivy Cudgel Water\n|-supereffective|p2a: Iron Moth\n|-damage|p2a: Iron Moth|0 fnt\n|faint|p2a: Iron Moth\n|-end|p2a: Iron Moth|Quark Drive|[silent]\n|\n|-damage|p1a: Ogerpon|94\/100 tox|[from] psn\n|upkeep\n|inactive|god mami pix has 30 seconds left.\n|inactive|god mami pix has 20 seconds left.\n|inactive|god mami pix has 15 seconds left.\n|inactive|god mami pix has 10 seconds left.\n|\n|t:|1700666873\n|switch|p2a: Garchomp|Garchomp, F|100\/100\n|turn|6\n|inactive|god mami pix has 20 seconds left this turn.\n|inactive|Savouras has 120 seconds left.\n|\n|t:|1700666895\n|move|p1a: Ogerpon|Play Rough|p2a: Garchomp|[miss]\n|-miss|p1a: Ogerpon|p2a: Garchomp\n|move|p2a: Garchomp|Earthquake|p1a: Ogerpon\n|-resisted|p1a: Ogerpon\n|-damage|p1a: Ogerpon|71\/100 tox\n|\n|-damage|p1a: Ogerpon|59\/100 tox|[from] psn\n|upkeep\n|turn|7\n|inactive|god mami pix has 30 seconds left this turn.\n|\n|t:|1700666905\n|move|p1a: Ogerpon|Play Rough|p2a: Garchomp\n|-supereffective|p2a: Garchomp\n|-damage|p2a: Garchomp|55\/100\n|-unboost|p2a: Garchomp|atk|1\n|-damage|p1a: Ogerpon|47\/100 tox|[from] ability: Rough Skin|[of] p2a: Garchomp\n|-damage|p1a: Ogerpon|30\/100 tox|[from] item: Rocky Helmet|[of] p2a: Garchomp\n|move|p2a: Garchomp|Stealth Rock|p1a: Ogerpon\n|-sidestart|p1: Savouras|move: Stealth Rock\n|\n|-damage|p1a: Ogerpon|12\/100 tox|[from] psn\n|upkeep\n|turn|8\n|inactive|god mami pix has 30 seconds left.\n|inactive|Savouras has 120 seconds left.\n|\n|t:|1700666925\n|move|p1a: Ogerpon|Ivy Cudgel|p2a: Garchomp|[anim] Ivy Cudgel Water\n|-damage|p2a: Garchomp|22\/100\n|move|p2a: Garchomp|Spikes|p1a: Ogerpon\n|-sidestart|p1: Savouras|Spikes\n|\n|-damage|p1a: Ogerpon|0 fnt|[from] psn\n|faint|p1a: Ogerpon\n|upkeep\n|inactive|god mami pix has 30 seconds left this turn.\n|\n|t:|1700666932\n|switch|p1a: Greninja|Greninja, M|100\/100\n|-damage|p1a: Greninja|88\/100|[from] Stealth Rock\n|-damage|p1a: Greninja|76\/100|[from] Spikes\n|turn|9\n|inactive|Savouras has 120 seconds left.\n|inactive|god mami pix has 30 seconds left.\n|inactive|god mami pix has 20 seconds left.\n|inactive|god mami pix has 15 seconds left.\n|inactive|god mami pix has 10 seconds left.\n|\n|t:|1700666962\n|move|p1a: Greninja|Ice Beam|p2a: Garchomp\n|-supereffective|p2a: Garchomp\n|-damage|p2a: Garchomp|0 fnt\n|faint|p2a: Garchomp\n|-ability|p1a: Greninja|Battle Bond|boost\n|-boost|p1a: Greninja|atk|1\n|-boost|p1a: Greninja|spa|1\n|-boost|p1a: Greninja|spe|1\n|-activate|p1a: Greninja|ability: Battle Bond\n|-damage|p1a: Greninja|66\/100|[from] item: Life Orb\n|\n|upkeep\n|inactive|god mami pix has 15 seconds left this turn.\n|\n|t:|1700666965\n|switch|p2a: Dragapult|Dragapult, F|100\/100\n|turn|10\n|inactive|god mami pix has 25 seconds left this turn.\n|inactive|Savouras has 120 seconds left.\n|inactive|Savouras has 90 seconds left.\n|\n|t:|1700667023\n|move|p1a: Greninja|Dark Pulse|p2a: Dragapult\n|-supereffective|p2a: Dragapult\n|-enditem|p2a: Dragapult|Focus Sash\n|-damage|p2a: Dragapult|1\/100\n|-damage|p1a: Greninja|56\/100|[from] item: Life Orb\n|move|p2a: Dragapult|Draco Meteor|p1a: Greninja\n|-damage|p1a: Greninja|0 fnt\n|-unboost|p2a: Dragapult|spa|2\n|faint|p1a: Greninja\n|\n|upkeep\n|inactive|god mami pix has 30 seconds left this turn.\n|inactive|Savouras has 60 seconds left.\n|inactive|Savouras has 30 seconds left.\n|\n|t:|1700667079\n|switch|p1a: Gholdengo|Gholdengo|100\/100\n|-damage|p1a: Gholdengo|94\/100|[from] Stealth Rock\n|-item|p1a: Gholdengo|Air Balloon\n|turn|11\n|inactive|Savouras has 30 seconds left.\n|inactive|god mami pix has 30 seconds left.\n|\n|t:|1700667091\n|move|p2a: Dragapult|Hex|p1a: Gholdengo\n|-supereffective|p1a: Gholdengo\n|-damage|p1a: Gholdengo|62\/100\n|-enditem|p1a: Gholdengo|Air Balloon\n|move|p1a: Gholdengo|Shadow Ball|p2a: Dragapult\n|-supereffective|p2a: Dragapult\n|-damage|p2a: Dragapult|0 fnt\n|faint|p2a: Dragapult\n|\n|upkeep\n|inactive|god mami pix has 30 seconds left.\n|\n|t:|1700667099\n|switch|p2a: Enamorus|Enamorus, F|100\/100\n|turn|12\n|inactive|Savouras has 30 seconds left.\n|inactive|Savouras has 20 seconds left.\n|inactive|god mami pix has 30 seconds left.\n|inactive|Savouras has 15 seconds left.\n|inactive|god mami pix has 20 seconds left.\n|\n|t:|1700667134\n|-terastallize|p1a: Gholdengo|Fighting\n|move|p2a: Enamorus|Substitute|p2a: Enamorus\n|-start|p2a: Enamorus|Substitute\n|-damage|p2a: Enamorus|75\/100\n|move|p1a: Gholdengo|Make It Rain|p2a: Enamorus\n|-supereffective|p2a: Enamorus\n|-end|p2a: Enamorus|Substitute\n|-unboost|p1a: Gholdengo|spa|1\n|\n|upkeep\n|turn|13\n|inactive|Savouras has 25 seconds left this turn.\n|inactive|god mami pix has 30 seconds left this turn.\n|inactive|Savouras has 20 seconds left.\n|inactive|Savouras has 15 seconds left.\n|inactive|Savouras has 10 seconds left.\n|\n|t:|1700667150\n|switch|p1a: Ribombee|Ribombee, F|1\/100\n|-damage|p1a: Ribombee|0 fnt|[from] Stealth Rock\n|faint|p1a: Ribombee\n|move|p2a: Enamorus|Substitute|p2a: Enamorus\n|-start|p2a: Enamorus|Substitute\n|-damage|p2a: Enamorus|50\/100\n|\n|upkeep\n|inactive|Savouras has 15 seconds left this turn.\n|inactive|Savouras has 10 seconds left.\n|\n|t:|1700667159\n|switch|p1a: Zamazenta|Zamazenta|100\/100\n|-damage|p1a: Zamazenta|95\/100|[from] Stealth Rock\n|-damage|p1a: Zamazenta|82\/100|[from] Spikes\n|-ability|p1a: Zamazenta|Dauntless Shield|boost\n|-boost|p1a: Zamazenta|def|1\n|turn|14\n|inactive|Savouras has 20 seconds left this turn.\n|inactive|Savouras has 15 seconds left.\n|\n|t:|1700667170\n|move|p1a: Zamazenta|Heavy Slam|p2a: Enamorus\n|-supereffective|p2a: Enamorus\n|-end|p2a: Enamorus|Substitute\n|move|p2a: Enamorus|Moonblast|p1a: Zamazenta\n|-supereffective|p1a: Zamazenta\n|-damage|p1a: Zamazenta|0 fnt\n|faint|p1a: Zamazenta\n|\n|upkeep\n|inactive|Savouras has 20 seconds left this turn.\n|\n|t:|1700667174\n|switch|p1a: Gholdengo|Gholdengo, tera:Fighting|62\/100\n|-damage|p1a: Gholdengo|56\/100|[from] Stealth Rock\n|-damage|p1a: Gholdengo|44\/100|[from] Spikes\n|turn|15\n|inactive|Savouras has 30 seconds left this turn.\n|\n|t:|1700667176\n|move|p2a: Enamorus|Moonblast|p1a: Gholdengo\n|-supereffective|p1a: Gholdengo\n|-damage|p1a: Gholdengo|0 fnt\n|faint|p1a: Gholdengo\n|\n|win|god mami pix\n|c|\u2606Savouras|gg\n|c|\u2606god mami pix|gg\n","uploadtime":1700667177,"views":41,"p1id":"savouras","p2id":"godmamipix","formatid":"gen9ou","rating":0,"private":0,"password":""}