{"id":"smogtours-gen9ou-729968","p1":"FFK Foufakirby","p2":"fakenagol \u2655","format":"[Gen 9] OU","log":"|inactive|Battle timer is ON: inactive players will automatically lose when time's up.\n|t:|1699730876\n|gametype|singles\n|player|p1|FFK Foufakirby|heroine2-conquest|\n|player|p2|fakenagol \u2655|sina|\n|teamsize|p1|6\n|teamsize|p2|6\n|gen|9\n|tier|[Gen 9] OU\n|rule|Sleep Clause Mod: Limit one foe put to sleep\n|rule|Species Clause: Limit one of each Pok\u00e9mon\n|rule|OHKO Clause: OHKO moves are banned\n|rule|Evasion Items Clause: Evasion items are banned\n|rule|Evasion Moves Clause: Evasion moves are banned\n|rule|Endless Battle Clause: Forcing endless battles is banned\n|rule|HP Percentage Mod: HP is shown in percentages\n|clearpoke\n|poke|p1|Kingambit, F|\n|poke|p1|Gliscor, M|\n|poke|p1|Clodsire, M|\n|poke|p1|Clefable, M|\n|poke|p1|Zapdos|\n|poke|p1|Dragapult, F|\n|poke|p2|Iron Moth|\n|poke|p2|Iron Treads|\n|poke|p2|Kingambit, M|\n|poke|p2|Iron Valiant|\n|poke|p2|Ogerpon-Wellspring, F|\n|poke|p2|Dragonite, M|\n|teampreview\n|inactive|FFK Foufakirby also wants the timer to be on.\n|c|\u2606fakenagol \u2655|hf bro\n|c|\u2606FFK Foufakirby|Hf\n|c|\u2606fakenagol \u2655|!calc\n|c| fakenagol \u2655|\/raw <div class=\"infobox\">Pok&eacute;mon Showdown! damage calculator. (Courtesy of Honko, Austin, &amp; Kris)<br \/>- <a href=\"https:\/\/calc.pokemonshowdown.com\/index.html\">Damage Calculator<\/a><\/div>\n|c|+Nowelle|lgi ffk!\n|c|\u2606FFK Foufakirby|Lemme link to my team\n|inactive|FFK Foufakirby has 270 seconds left.\n|inactive|fakenagol \u2655 has 270 seconds left.\n|inactive|FFK Foufakirby no longer wants the timer on, but the timer is staying on because staff still does.\n|inactive|FFK Foufakirby has 240 seconds left.\n|inactive|FFK Foufakirby disconnected and has 300 seconds to reconnect!\n|player|p1|\n|inactive|FFK Foufakirby has 270 seconds to reconnect!\n|inactive|FFK Foufakirby reconnected and has 230 seconds left.\n|player|p1|FFK Foufakirby|heroine2-conquest\n|inactive|FFK Foufakirby also wants the timer to be on.\n|\n|t:|1699730982\n|start\n|switch|p1a: Gliscor|Gliscor, M|100\/100\n|switch|p2a: Rage|Iron Treads, shiny|100\/100\n|-enditem|p2a: Rage|Booster Energy\n|-activate|p2a: Rage|ability: Quark Drive|[fromitem]\n|-start|p2a: Rage|quarkdrivespe\n|turn|1\n|\n|t:|1699730988\n|move|p1a: Gliscor|Protect|p1a: Gliscor\n|-singleturn|p1a: Gliscor|Protect\n|move|p2a: Rage|Stealth Rock|p1a: Gliscor\n|-sidestart|p1: FFK Foufakirby|move: Stealth Rock\n|\n|-status|p1a: Gliscor|tox|[from] item: Toxic Orb\n|upkeep\n|turn|2\n|\n|t:|1699731014\n|-end|p2a: Rage|Quark Drive|[silent]\n|switch|p2a: Leviathan|Dragonite, M, shiny|100\/100\n|move|p1a: Gliscor|Earthquake|p2a: Leviathan\n|-immune|p2a: Leviathan\n|\n|upkeep\n|turn|3\n|\n|t:|1699731017\n|move|p2a: Leviathan|Ice Spinner|p1a: Gliscor\n|-supereffective|p1a: Gliscor\n|-damage|p1a: Gliscor|0 fnt\n|faint|p1a: Gliscor\n|\n|upkeep\n|inactive|FFK Foufakirby has 270 seconds left.\n|\n|t:|1699731046\n|switch|p1a: Dragapult|Dragapult, F|100\/100\n|turn|4\n|\n|t:|1699731051\n|switch|p2a: Overgod|Kingambit, M, shiny|100\/100\n|move|p1a: Dragapult|U-turn|p2a: Overgod\n|-damage|p2a: Overgod|86\/100\n|\n|t:|1699731058\n|switch|p1a: Kingambit|Kingambit, F|100\/100|[from] U-turn\n|-activate|p1a: Kingambit|ability: Supreme Overlord\n|-start|p1a: Kingambit|fallen1|[silent]\n|\n|upkeep\n|turn|5\n|\n|t:|1699731067\n|-end|p2a: Overgod|fallenundefined|[silent]\n|switch|p2a: Rage|Iron Treads, shiny|100\/100\n|move|p1a: Kingambit|Low Kick|p2a: Rage\n|-supereffective|p2a: Rage\n|-damage|p2a: Rage|13\/100\n|\n|upkeep\n|turn|6\n|\n|t:|1699731072\n|move|p1a: Kingambit|Sucker Punch|p2a: Rage\n|-damage|p2a: Rage|0 fnt\n|faint|p2a: Rage\n|-end|p2a: Rage|Quark Drive|[silent]\n|\n|upkeep\n|\n|t:|1699731090\n|switch|p2a: Symbolism|Iron Moth, shiny|100\/100\n|-enditem|p2a: Symbolism|Booster Energy\n|-activate|p2a: Symbolism|ability: Quark Drive|[fromitem]\n|-start|p2a: Symbolism|quarkdrivespe\n|turn|7\n|\n|t:|1699731094\n|-end|p1a: Kingambit|fallen1|[silent]\n|switch|p1a: Clodsire|Clodsire, M|100\/100\n|move|p2a: Symbolism|Substitute|p2a: Symbolism\n|-start|p2a: Symbolism|Substitute\n|-damage|p2a: Symbolism|76\/100\n|\n|upkeep\n|turn|8\n|\n|t:|1699731097\n|move|p2a: Symbolism|Psychic|p1a: Clodsire\n|-supereffective|p1a: Clodsire\n|-damage|p1a: Clodsire|67\/100\n|move|p1a: Clodsire|Earthquake|p2a: Symbolism\n|-supereffective|p2a: Symbolism\n|-end|p2a: Symbolism|Substitute\n|\n|upkeep\n|turn|9\n|\n|t:|1699731102\n|move|p2a: Symbolism|Psychic|p1a: Clodsire\n|-supereffective|p1a: Clodsire\n|-damage|p1a: Clodsire|37\/100\n|move|p1a: Clodsire|Earthquake|p2a: Symbolism\n|-supereffective|p2a: Symbolism\n|-damage|p2a: Symbolism|0 fnt\n|faint|p2a: Symbolism\n|-end|p2a: Symbolism|Quark Drive|[silent]\n|\n|upkeep\n|\n|t:|1699731110\n|switch|p2a: Overgod|Kingambit, M, shiny|86\/100\n|-activate|p2a: Overgod|ability: Supreme Overlord\n|-start|p2a: Overgod|fallen2|[silent]\n|turn|10\n|\n|t:|1699731115\n|switch|p1a: Clefable|Clefable, M|100\/100\n|move|p2a: Overgod|Kowtow Cleave|p1a: Clefable\n|-resisted|p1a: Clefable\n|-damage|p1a: Clefable|72\/100\n|\n|-heal|p1a: Clefable|78\/100|[from] item: Leftovers\n|upkeep\n|turn|11\n|\n|t:|1699731118\n|switch|p1a: Zapdos|Zapdos|100\/100\n|move|p2a: Overgod|Iron Head|p1a: Zapdos\n|-resisted|p1a: Zapdos\n|-crit|p1a: Zapdos\n|-damage|p1a: Zapdos|72\/100\n|\n|upkeep\n|turn|12\n|\n|t:|1699731120\n|move|p1a: Zapdos|Thunder Wave|p2a: Overgod\n|-status|p2a: Overgod|par\n|move|p2a: Overgod|Kowtow Cleave|p1a: Zapdos\n|-damage|p1a: Zapdos|15\/100\n|\n|upkeep\n|turn|13\n|\n|t:|1699731128\n|move|p1a: Zapdos|Roost|p1a: Zapdos\n|-heal|p1a: Zapdos|65\/100\n|-singleturn|p1a: Zapdos|move: Roost\n|move|p2a: Overgod|Kowtow Cleave|p1a: Zapdos\n|-damage|p1a: Zapdos|13\/100\n|\n|upkeep\n|turn|14\n|\n|t:|1699731131\n|move|p1a: Zapdos|Roost|p1a: Zapdos\n|-heal|p1a: Zapdos|63\/100\n|-singleturn|p1a: Zapdos|move: Roost\n|move|p2a: Overgod|Swords Dance|p2a: Overgod\n|-boost|p2a: Overgod|atk|2\n|\n|upkeep\n|turn|15\n|\n|t:|1699731140\n|-terastallize|p1a: Zapdos|Fairy\n|move|p1a: Zapdos|Volt Switch|p2a: Overgod\n|-damage|p2a: Overgod|54\/100 par\n|\n|t:|1699731143\n|switch|p1a: Clefable|Clefable, M|78\/100|[from] Volt Switch\n|move|p2a: Overgod|Kowtow Cleave|p1a: Clefable\n|-resisted|p1a: Clefable\n|-damage|p1a: Clefable|20\/100\n|\n|-heal|p1a: Clefable|26\/100|[from] item: Leftovers\n|upkeep\n|turn|16\n|\n|t:|1699731150\n|move|p1a: Clefable|Moonblast|p2a: Overgod\n|-damage|p2a: Overgod|21\/100 par\n|move|p2a: Overgod|Kowtow Cleave|p1a: Clefable\n|-resisted|p1a: Clefable\n|-damage|p1a: Clefable|0 fnt\n|faint|p1a: Clefable\n|\n|upkeep\n|\n|t:|1699731154\n|switch|p1a: Kingambit|Kingambit, F|100\/100\n|-activate|p1a: Kingambit|ability: Supreme Overlord\n|-start|p1a: Kingambit|fallen2|[silent]\n|turn|17\n|\n|t:|1699731156\n|move|p1a: Kingambit|Sucker Punch|p2a: Overgod\n|-resisted|p2a: Overgod\n|-damage|p2a: Overgod|0 fnt\n|faint|p2a: Overgod\n|-end|p2a: Overgod|fallen2|[silent]\n|\n|upkeep\n|\n|t:|1699731169\n|switch|p2a: Alice|Ogerpon-Wellspring, F|100\/100\n|turn|18\n|\n|t:|1699731175\n|-end|p1a: Kingambit|fallen2|[silent]\n|switch|p1a: Clodsire|Clodsire, M|37\/100\n|move|p2a: Alice|Encore||[still]\n|-fail|p2a: Alice\n|\n|upkeep\n|turn|19\n|\n|t:|1699731190\n|move|p2a: Alice|Power Whip|p1a: Clodsire\n|-damage|p1a: Clodsire|0 fnt\n|faint|p1a: Clodsire\n|\n|upkeep\n|\n|t:|1699731192\n|switch|p1a: Dragapult|Dragapult, F|100\/100\n|turn|20\n|\n|t:|1699731194\n|move|p1a: Dragapult|Will-O-Wisp|p2a: Alice\n|-status|p2a: Alice|brn\n|move|p2a: Alice|Knock Off|p1a: Dragapult\n|-supereffective|p1a: Dragapult\n|-damage|p1a: Dragapult|52\/100\n|-enditem|p1a: Dragapult|Heavy-Duty Boots|[from] move: Knock Off|[of] p2a: Alice\n|\n|-damage|p2a: Alice|95\/100 brn|[from] brn\n|upkeep\n|turn|21\n|\n|t:|1699731201\n|move|p1a: Dragapult|U-turn|p2a: Alice\n|-supereffective|p2a: Alice\n|-damage|p2a: Alice|49\/100 brn\n|\n|t:|1699731203\n|switch|p1a: Zapdos|Zapdos, tera:Fairy|63\/100|[from] U-turn\n|move|p2a: Alice|Knock Off|p1a: Zapdos\n|-resisted|p1a: Zapdos\n|-damage|p1a: Zapdos|56\/100\n|-enditem|p1a: Zapdos|Heavy-Duty Boots|[from] move: Knock Off|[of] p2a: Alice\n|\n|-damage|p2a: Alice|43\/100 brn|[from] brn\n|upkeep\n|turn|22\n|\n|t:|1699731209\n|move|p2a: Alice|Ivy Cudgel|p1a: Zapdos\n|-damage|p1a: Zapdos|35\/100\n|move|p1a: Zapdos|Roost|p1a: Zapdos\n|-heal|p1a: Zapdos|85\/100\n|\n|-damage|p2a: Alice|37\/100 brn|[from] brn\n|upkeep\n|turn|23\n|\n|t:|1699731216\n|switch|p1a: Dragapult|Dragapult, F|52\/100\n|-damage|p1a: Dragapult|39\/100|[from] Stealth Rock\n|move|p2a: Alice|Encore||[still]\n|-fail|p2a: Alice\n|\n|-damage|p2a: Alice|31\/100 brn|[from] brn\n|upkeep\n|turn|24\n|\n|t:|1699731221\n|move|p1a: Dragapult|U-turn|p2a: Alice\n|-supereffective|p2a: Alice\n|-damage|p2a: Alice|0 fnt\n|faint|p2a: Alice\n|\n|t:|1699731222\n|switch|p1a: Zapdos|Zapdos, tera:Fairy|85\/100|[from] U-turn\n|-damage|p1a: Zapdos|72\/100|[from] Stealth Rock\n|\n|upkeep\n|\n|t:|1699731247\n|switch|p2a: Calamity|Iron Valiant, shiny|100\/100\n|-enditem|p2a: Calamity|Booster Energy\n|-activate|p2a: Calamity|ability: Quark Drive|[fromitem]\n|-start|p2a: Calamity|quarkdrivespe\n|turn|25\n|\n|t:|1699731252\n|-terastallize|p2a: Calamity|Electric\n|move|p2a: Calamity|Calm Mind|p2a: Calamity\n|-boost|p2a: Calamity|spa|1\n|-boost|p2a: Calamity|spd|1\n|move|p1a: Zapdos|Thunder Wave|p2a: Calamity\n|-immune|p2a: Calamity\n|\n|upkeep\n|turn|26\n|\n|t:|1699731275\n|move|p2a: Calamity|Moonblast|p1a: Zapdos\n|-damage|p1a: Zapdos|1\/100\n|move|p1a: Zapdos|Hurricane|p2a: Calamity\n|-resisted|p2a: Calamity\n|-damage|p2a: Calamity|75\/100\n|\n|upkeep\n|turn|27\n|\n|t:|1699731285\n|move|p2a: Calamity|Moonblast|p1a: Zapdos\n|-damage|p1a: Zapdos|0 fnt\n|faint|p1a: Zapdos\n|\n|upkeep\n|\n|t:|1699731287\n|switch|p1a: Kingambit|Kingambit, F|100\/100\n|-activate|p1a: Kingambit|ability: Supreme Overlord\n|-start|p1a: Kingambit|fallen4|[silent]\n|turn|28\n|\n|t:|1699731293\n|move|p1a: Kingambit|Sucker Punch|p2a: Calamity\n|-damage|p2a: Calamity|0 fnt\n|faint|p2a: Calamity\n|-end|p2a: Calamity|Quark Drive|[silent]\n|\n|upkeep\n|\n|t:|1699731294\n|switch|p2a: Leviathan|Dragonite, M, shiny|100\/100\n|turn|29\n|\n|t:|1699731297\n|move|p2a: Leviathan|Earthquake|p1a: Kingambit\n|-supereffective|p1a: Kingambit\n|-damage|p1a: Kingambit|0 fnt\n|faint|p1a: Kingambit\n|-end|p1a: Kingambit|fallen4|[silent]\n|\n|upkeep\n|c|\u2606FFK Foufakirby|No\n|c|\u2606FFK Foufakirby|Im\n|c|\u2606FFK Foufakirby|So\n|c|\u2606FFK Foufakirby|Dumb\n|\n|t:|1699731318\n|switch|p1a: Dragapult|Dragapult, F|39\/100\n|-damage|p1a: Dragapult|27\/100|[from] Stealth Rock\n|turn|30\n|\n|t:|1699731320\n|move|p1a: Dragapult|Draco Meteor|p2a: Leviathan\n|-supereffective|p2a: Leviathan\n|-damage|p2a: Leviathan|39\/100\n|-unboost|p1a: Dragapult|spa|2\n|move|p2a: Leviathan|Earthquake|p1a: Dragapult\n|-damage|p1a: Dragapult|0 fnt\n|faint|p1a: Dragapult\n|\n|win|fakenagol \u2655\n|c|\u2606fakenagol \u2655|gg\n|c|\u2606FFK Foufakirby|Nah this\n|c|\u2606FFK Foufakirby|Is throwing\n","uploadtime":1699731321,"views":84,"p1id":"ffkfoufakirby","p2id":"fakenagol","formatid":"gen9ou","rating":0,"private":0,"password":""}