{"id":"smogtours-gen9ou-732355","p1":"les2bg et blav","p2":"BIHXOU","format":"[Gen 9] OU","log":"|inactive|Battle timer is ON: inactive players will automatically lose when time's up.\n|t:|1700927467\n|gametype|singles\n|player|p1|les2bg et blav|silver|\n|player|p2|BIHXOU|265|\n|teamsize|p1|6\n|teamsize|p2|6\n|gen|9\n|tier|[Gen 9] OU\n|rule|Sleep Clause Mod: Limit one foe put to sleep\n|rule|Species Clause: Limit one of each Pok\u00e9mon\n|rule|OHKO Clause: OHKO moves are banned\n|rule|Evasion Items Clause: Evasion items are banned\n|rule|Evasion Moves Clause: Evasion moves are banned\n|rule|Endless Battle Clause: Forcing endless battles is banned\n|rule|HP Percentage Mod: HP is shown in percentages\n|clearpoke\n|poke|p1|Kingambit, F|\n|poke|p1|Glimmora, M|\n|poke|p1|Zamazenta-*|\n|poke|p1|Iron Valiant|\n|poke|p1|Iron Moth|\n|poke|p1|Ogerpon-Wellspring, F|\n|poke|p2|Cinderace, F|\n|poke|p2|Samurott-Hisui, M|\n|poke|p2|Landorus-Therian, M|\n|poke|p2|Ting-Lu|\n|poke|p2|Zapdos|\n|poke|p2|Amoonguss, F|\n|teampreview\n|c|\u2606BIHXOU|hf\n|c|\u2606les2bg et blav|glhf\n|inactive|les2bg et blav has 270 seconds left.\n|inactive|BIHXOU has 270 seconds left.\n|inactive|les2bg et blav has 240 seconds left.\n|inactive|BIHXOU has 240 seconds left.\n|inactive|BIHXOU has 210 seconds left.\n|inactive|les2bg et blav has 210 seconds left.\n|inactive|BIHXOU has 180 seconds left.\n|inactive|les2bg et blav has 180 seconds left.\n|inactive|les2bg et blav has 150 seconds left.\n|\n|t:|1700927651\n|start\n|switch|p1a: Ogarpon|Glimmora, M|100\/100\n|switch|p2a: Landorus|Landorus-Therian, M|100\/100\n|-ability|p2a: Landorus|Intimidate|boost\n|-unboost|p1a: Ogarpon|atk|1\n|turn|1\n|\n|t:|1700927661\n|move|p1a: Ogarpon|Mortal Spin|p2a: Landorus\n|-resisted|p2a: Landorus\n|-damage|p2a: Landorus|98\/100\n|-status|p2a: Landorus|psn\n|move|p2a: Landorus|Earthquake|p1a: Ogarpon\n|-supereffective|p1a: Ogarpon\n|-enditem|p1a: Ogarpon|Focus Sash\n|-damage|p1a: Ogarpon|1\/100\n|-activate|p1a: Ogarpon|ability: Toxic Debris\n|-sidestart|p2: BIHXOU|move: Toxic Spikes\n|\n|-heal|p2a: Landorus|100\/100 psn|[from] item: Leftovers\n|-damage|p2a: Landorus|88\/100 psn|[from] psn\n|upkeep\n|turn|2\n|\n|t:|1700927676\n|move|p1a: Ogarpon|Power Gem|p2a: Landorus\n|-damage|p2a: Landorus|40\/100 psn\n|move|p2a: Landorus|U-turn|p1a: Ogarpon\n|-resisted|p1a: Ogarpon\n|-damage|p1a: Ogarpon|0 fnt\n|-activate|p1a: Ogarpon|ability: Toxic Debris\n|-sidestart|p2: BIHXOU|move: Toxic Spikes\n|faint|p1a: Ogarpon\n|inactive|BIHXOU has 210 seconds left.\n|\n|t:|1700927702\n|switch|p2a: Amoonguss|Amoonguss, F|100\/100|[from] U-turn\n|-sideend|p2: BIHXOU|move: Toxic Spikes|[of] p2a: Amoonguss\n|\n|upkeep\n|inactive|les2bg et blav has 210 seconds left.\n|\n|t:|1700927717\n|switch|p1a: Iron valient|Iron Moth|100\/100\n|-enditem|p1a: Iron valient|Booster Energy\n|-activate|p1a: Iron valient|ability: Quark Drive|[fromitem]\n|-start|p1a: Iron valient|quarkdrivespe\n|turn|3\n|\n|t:|1700927728\n|switch|p2a: Ting-Lu|Ting-Lu|100\/100\n|-ability|p2a: Ting-Lu|Vessel of Ruin\n|move|p1a: Iron valient|Substitute|p1a: Iron valient\n|-start|p1a: Iron valient|Substitute\n|-damage|p1a: Iron valient|76\/100\n|\n|upkeep\n|turn|4\n|inactive|les2bg et blav has 180 seconds left.\n|\n|t:|1700927758\n|move|p1a: Iron valient|Fiery Dance|p2a: Ting-Lu\n|-damage|p2a: Ting-Lu|84\/100\n|-boost|p1a: Iron valient|spa|1\n|move|p2a: Ting-Lu|Stealth Rock|p1a: Iron valient\n|-sidestart|p1: les2bg et blav|move: Stealth Rock\n|\n|-heal|p2a: Ting-Lu|90\/100|[from] item: Leftovers\n|upkeep\n|turn|5\n|inactive|les2bg et blav has 180 seconds left.\n|inactive|BIHXOU has 210 seconds left.\n|\n|t:|1700927796\n|-terastallize|p1a: Iron valient|Fairy\n|move|p1a: Iron valient|Dazzling Gleam|p2a: Ting-Lu\n|-supereffective|p2a: Ting-Lu\n|-damage|p2a: Ting-Lu|40\/100\n|move|p2a: Ting-Lu|Whirlwind|p1a: Iron valient\n|-end|p1a: Iron valient|Quark Drive|[silent]\n|drag|p1a: Zamazanta|Kingambit, F|100\/100\n|-damage|p1a: Zamazanta|94\/100|[from] Stealth Rock\n|-activate|p1a: Zamazanta|ability: Supreme Overlord\n|-start|p1a: Zamazanta|fallen1|[silent]\n|\n|-heal|p2a: Ting-Lu|46\/100|[from] item: Leftovers\n|upkeep\n|turn|6\n|inactive|les2bg et blav has 150 seconds left.\n|inactive|BIHXOU has 180 seconds left.\n|inactive|BIHXOU has 150 seconds left.\n|inactive|BIHXOU has 120 seconds left.\n|\n|t:|1700927903\n|switch|p2a: Landorus|Landorus-Therian, M|40\/100 psn\n|-ability|p2a: Landorus|Intimidate|boost\n|-unboost|p1a: Zamazanta|atk|1\n|move|p1a: Zamazanta|Iron Head|p2a: Landorus\n|-damage|p2a: Landorus|6\/100 psn\n|\n|-heal|p2a: Landorus|12\/100 psn|[from] item: Leftovers\n|-damage|p2a: Landorus|0 fnt|[from] psn\n|faint|p2a: Landorus\n|upkeep\n|\n|t:|1700927910\n|switch|p2a: Cinderace|Cinderace, F|100\/100\n|turn|7\n|inactive|les2bg et blav has 150 seconds left.\n|inactive|les2bg et blav has 120 seconds left.\n|inactive|les2bg et blav has 90 seconds left.\n|\n|t:|1700927986\n|-end|p1a: Zamazanta|fallen1|[silent]\n|switch|p1a: Iron Moht|Ogerpon-Wellspring, F|100\/100\n|-damage|p1a: Iron Moht|88\/100|[from] Stealth Rock\n|move|p2a: Cinderace|Pyro Ball|p1a: Iron Moht\n|-damage|p1a: Iron Moht|14\/100\n|\n|upkeep\n|turn|8\n|inactive|les2bg et blav has 90 seconds left.\n|inactive|BIHXOU has 90 seconds left.\n|\n|t:|1700928016\n|move|p2a: Cinderace|Low Kick|p1a: Iron Moht\n|-damage|p1a: Iron Moht|0 fnt\n|faint|p1a: Iron Moht\n|\n|upkeep\n|\n|t:|1700928033\n|switch|p1a: Glimora|Zamazenta, shiny|100\/100\n|-damage|p1a: Glimora|94\/100|[from] Stealth Rock\n|-ability|p1a: Glimora|Dauntless Shield|boost\n|-boost|p1a: Glimora|def|1\n|turn|9\n|inactive|les2bg et blav has 60 seconds left.\n|inactive|BIHXOU has 90 seconds left.\n|inactive|BIHXOU has 60 seconds left.\n|inactive|les2bg et blav has 30 seconds left.\n|\n|t:|1700928100\n|switch|p2a: Zapdos|Zapdos|100\/100\n|move|p1a: Glimora|Stone Edge|p2a: Zapdos\n|-supereffective|p2a: Zapdos\n|-damage|p2a: Zapdos|40\/100\n|\n|-heal|p1a: Glimora|100\/100|[from] item: Leftovers\n|upkeep\n|turn|10\n|inactive|les2bg et blav has 30 seconds left.\n|inactive|BIHXOU has 60 seconds left.\n|inactive|les2bg et blav has 20 seconds left.\n|inactive|les2bg et blav has 15 seconds left.\n|inactive|les2bg et blav has 10 seconds left.\n|inactive|les2bg et blav has 5 seconds left.\n|\n|t:|1700928134\n|-terastallize|p2a: Zapdos|Fairy\n|move|p1a: Glimora|Iron Defense|p1a: Glimora\n|-boost|p1a: Glimora|def|2\n|move|p2a: Zapdos|Thunder Wave|p1a: Glimora\n|-status|p1a: Glimora|par\n|\n|upkeep\n|turn|11\n|inactive|les2bg et blav has 15 seconds left this turn.\n|inactive|les2bg et blav has 10 seconds left.\n|inactive|BIHXOU has 60 seconds left.\n|\n|t:|1700928143\n|move|p2a: Zapdos|Roost|p2a: Zapdos\n|-heal|p2a: Zapdos|91\/100\n|cant|p1a: Glimora|par\n|\n|upkeep\n|turn|12\n|inactive|les2bg et blav has 20 seconds left this turn.\n|inactive|les2bg et blav has 15 seconds left.\n|\n|t:|1700928148\n|move|p2a: Zapdos|Hurricane|p1a: Glimora\n|-supereffective|p1a: Glimora\n|-damage|p1a: Glimora|8\/100 par\n|move|p1a: Glimora|Body Press|p2a: Zapdos\n|-resisted|p2a: Zapdos\n|-damage|p2a: Zapdos|52\/100\n|\n|-heal|p1a: Glimora|14\/100 par|[from] item: Leftovers\n|upkeep\n|turn|13\n|inactive|les2bg et blav has 25 seconds left this turn.\n|inactive|les2bg et blav has 20 seconds left.\n|\n|t:|1700928155\n|move|p2a: Zapdos|Roost|p2a: Zapdos\n|-heal|p2a: Zapdos|100\/100\n|cant|p1a: Glimora|par\n|\n|-heal|p1a: Glimora|20\/100 par|[from] item: Leftovers\n|upkeep\n|turn|14\n|inactive|les2bg et blav has 30 seconds left this turn.\n|\n|t:|1700928162\n|move|p2a: Zapdos|Volt Switch|p1a: Glimora\n|-damage|p1a: Glimora|0 fnt\n|faint|p1a: Glimora\n|\n|t:|1700928166\n|switch|p2a: Cinderace|Cinderace, F|100\/100|[from] Volt Switch\n|\n|upkeep\n|\n|t:|1700928175\n|switch|p1a: Zamazanta|Kingambit, F|94\/100\n|-damage|p1a: Zamazanta|88\/100|[from] Stealth Rock\n|-activate|p1a: Zamazanta|ability: Supreme Overlord\n|-start|p1a: Zamazanta|fallen3|[silent]\n|turn|15\n|inactive|BIHXOU has 90 seconds left.\n|\n|t:|1700928195\n|move|p1a: Zamazanta|Sucker Punch|p2a: Cinderace\n|-damage|p2a: Cinderace|6\/100\n|move|p2a: Cinderace|Low Kick|p1a: Zamazanta\n|-supereffective|p1a: Zamazanta\n|-damage|p1a: Zamazanta|0 fnt\n|faint|p1a: Zamazanta\n|-end|p1a: Zamazanta|fallen3|[silent]\n|\n|upkeep\n|\n|t:|1700928207\n|switch|p1a: Kingembit|Iron Valiant|100\/100\n|-damage|p1a: Kingembit|94\/100|[from] Stealth Rock\n|-enditem|p1a: Kingembit|Booster Energy\n|-activate|p1a: Kingembit|ability: Quark Drive|[fromitem]\n|-start|p1a: Kingembit|quarkdrivespe\n|turn|16\n|inactive|BIHXOU has 90 seconds left.\n|inactive|les2bg et blav has 30 seconds left.\n|inactive|les2bg et blav has 20 seconds left.\n|inactive|les2bg et blav has 15 seconds left.\n|\n|t:|1700928240\n|switch|p2a: Zapdos|Zapdos, tera:Fairy|100\/100\n|move|p1a: Kingembit|Moonblast|p2a: Zapdos\n|-damage|p2a: Zapdos|54\/100\n|\n|upkeep\n|turn|17\n|inactive|les2bg et blav has 25 seconds left this turn.\n|inactive|les2bg et blav has 20 seconds left.\n|inactive|les2bg et blav has 15 seconds left.\n|inactive|les2bg et blav has 10 seconds left.\n|\n|t:|1700928259\n|move|p1a: Kingembit|Calm Mind|p1a: Kingembit\n|-boost|p1a: Kingembit|spa|1\n|-boost|p1a: Kingembit|spd|1\n|move|p2a: Zapdos|Thunder Wave|p1a: Kingembit\n|-status|p1a: Kingembit|par\n|\n|upkeep\n|turn|18\n|inactive|les2bg et blav has 20 seconds left this turn.\n|inactive|BIHXOU has 90 seconds left.\n|\n|t:|1700928276\n|move|p2a: Zapdos|Volt Switch|p1a: Kingembit\n|-damage|p1a: Kingembit|58\/100 par\n|inactive|les2bg et blav has 25 seconds left this turn.\n|\n|t:|1700928279\n|switch|p2a: Amoonguss|Amoonguss, F|100\/100|[from] Volt Switch\n|move|p1a: Kingembit|Moonblast|p2a: Amoonguss\n|-resisted|p2a: Amoonguss\n|-damage|p2a: Amoonguss|68\/100\n|\n|upkeep\n|turn|19\n|inactive|les2bg et blav has 30 seconds left.\n|\n|t:|1700928288\n|move|p1a: Kingembit|Psyshock|p2a: Amoonguss\n|-supereffective|p2a: Amoonguss\n|-damage|p2a: Amoonguss|3\/100\n|move|p2a: Amoonguss|Clear Smog|p1a: Kingembit\n|-supereffective|p1a: Kingembit\n|-damage|p1a: Kingembit|24\/100 par\n|-clearboost|p1a: Kingembit\n|\n|upkeep\n|turn|20\n|\n|t:|1700928297\n|move|p1a: Kingembit|Moonblast|p2a: Amoonguss\n|-resisted|p2a: Amoonguss\n|-damage|p2a: Amoonguss|0 fnt\n|faint|p2a: Amoonguss\n|\n|upkeep\n|\n|t:|1700928310\n|switch|p2a: Zapdos|Zapdos, tera:Fairy|54\/100\n|turn|21\n|\n|t:|1700928316\n|move|p2a: Zapdos|Roost|p2a: Zapdos\n|-heal|p2a: Zapdos|100\/100\n|move|p1a: Kingembit|Moonblast|p2a: Zapdos\n|-damage|p2a: Zapdos|54\/100\n|\n|upkeep\n|turn|22\n|\n|t:|1700928324\n|move|p2a: Zapdos|Roost|p2a: Zapdos\n|-heal|p2a: Zapdos|100\/100\n|move|p1a: Kingembit|Encore|p2a: Zapdos\n|-start|p2a: Zapdos|Encore\n|\n|upkeep\n|turn|23\n|inactive|les2bg et blav has 60 seconds left.\n|\n|t:|1700928346\n|switch|p2a: Samurott|Samurott-Hisui, M|100\/100\n|-end|p1a: Kingembit|Quark Drive|[silent]\n|switch|p1a: Iron valient|Iron Moth, tera:Fairy|76\/100\n|-damage|p1a: Iron valient|63\/100|[from] Stealth Rock\n|\n|upkeep\n|turn|24\n|\n|t:|1700928359\n|move|p1a: Iron valient|Dazzling Gleam|p2a: Samurott\n|-supereffective|p2a: Samurott\n|-damage|p2a: Samurott|0 fnt\n|faint|p2a: Samurott\n|\n|upkeep\n|\n|t:|1700928367\n|switch|p2a: Cinderace|Cinderace, F|6\/100\n|turn|25\n|\n|t:|1700928385\n|move|p2a: Cinderace|Pyro Ball|p1a: Iron valient\n|-damage|p1a: Iron valient|0 fnt\n|faint|p1a: Iron valient\n|-end|p1a: Iron valient|Quark Drive|[silent]\n|\n|upkeep\n|\n|t:|1700928389\n|switch|p1a: Kingembit|Iron Valiant|24\/100 par\n|-damage|p1a: Kingembit|17\/100 par|[from] Stealth Rock\n|turn|26\n|c|\u2606BIHXOU|ggs\n|\n|t:|1700928393\n|move|p2a: Cinderace|Pyro Ball|p1a: Kingembit\n|-damage|p1a: Kingembit|0 fnt\n|faint|p1a: Kingembit\n|-end|p1a: Kingembit|Quark Drive|[silent]\n|\n|win|BIHXOU\n","uploadtime":1700928394,"views":32,"p1id":"les2bgetblav","p2id":"bihxou","formatid":"gen9ou","rating":0,"private":0,"password":""}