{"id":"smogtours-gen9ou-731558","p1":"RggV","p2":"RED WHITE and TEAL","format":"[Gen 9] OU","log":"|inactive|Battle timer is ON: inactive players will automatically lose when time's up.\n|t:|1700416392\n|gametype|singles\n|player|p1|RggV|#wcop2023latinamerica|\n|player|p2|RED WHITE and TEAL|#splxisharks|\n|teamsize|p1|6\n|teamsize|p2|6\n|gen|9\n|tier|[Gen 9] OU\n|rule|Sleep Clause Mod: Limit one foe put to sleep\n|rule|Species Clause: Limit one of each Pok\u00e9mon\n|rule|OHKO Clause: OHKO moves are banned\n|rule|Evasion Items Clause: Evasion items are banned\n|rule|Evasion Moves Clause: Evasion moves are banned\n|rule|Endless Battle Clause: Forcing endless battles is banned\n|rule|HP Percentage Mod: HP is shown in percentages\n|clearpoke\n|poke|p1|Salamence, M|\n|poke|p1|Ninetales-Alola, F|\n|poke|p1|Kingambit, M|\n|poke|p1|Hatterene, F|\n|poke|p1|Ogerpon-Wellspring, F|\n|poke|p1|Iron Moth|\n|poke|p2|Enamorus, F|\n|poke|p2|Cinderace, M|\n|poke|p2|Rillaboom, F|\n|poke|p2|Sneasler, M|\n|poke|p2|Ogerpon-Cornerstone, F|\n|poke|p2|Garganacl, M|\n|teampreview\n|c|\u2606RED WHITE and TEAL|hf\n|c|\u2606RggV|hf\n|\n|t:|1700416424\n|start\n|switch|p1a: Hatterene|Hatterene, F|100\/100\n|switch|p2a: Ogerpon|Ogerpon-Cornerstone, F|100\/100\n|turn|1\n|\n|t:|1700416430\n|switch|p2a: Garganacl|Garganacl, M|100\/100\n|move|p1a: Hatterene|Nuzzle|p2a: Garganacl\n|-damage|p2a: Garganacl|98\/100\n|\n|-heal|p2a: Garganacl|100\/100|[from] item: Leftovers\n|upkeep\n|turn|2\n|\n|t:|1700416437\n|move|p1a: Hatterene|Calm Mind|p1a: Hatterene\n|-boost|p1a: Hatterene|spa|1\n|-boost|p1a: Hatterene|spd|1\n|move|p2a: Garganacl|Salt Cure|p1a: Hatterene\n|-damage|p1a: Hatterene|90\/100\n|-start|p1a: Hatterene|Salt Cure\n|\n|-heal|p1a: Hatterene|96\/100|[from] item: Leftovers\n|-damage|p1a: Hatterene|84\/100|[from] Salt Cure\n|upkeep\n|turn|3\n|\n|t:|1700416441\n|move|p1a: Hatterene|Draining Kiss|p2a: Garganacl\n|-damage|p2a: Garganacl|80\/100\n|-heal|p1a: Hatterene|100\/100|[from] drain|[of] p2a: Garganacl\n|move|p2a: Garganacl|Earthquake|p1a: Hatterene\n|-damage|p1a: Hatterene|81\/100\n|\n|-heal|p1a: Hatterene|87\/100|[from] item: Leftovers\n|-heal|p2a: Garganacl|86\/100|[from] item: Leftovers\n|-damage|p1a: Hatterene|75\/100|[from] Salt Cure\n|upkeep\n|turn|4\n|\n|t:|1700416454\n|move|p1a: Hatterene|Draining Kiss|p2a: Garganacl\n|-crit|p2a: Garganacl\n|-damage|p2a: Garganacl|52\/100\n|-heal|p1a: Hatterene|100\/100|[from] drain|[of] p2a: Garganacl\n|move|p2a: Garganacl|Earthquake|p1a: Hatterene\n|-damage|p1a: Hatterene|80\/100\n|\n|-heal|p1a: Hatterene|86\/100|[from] item: Leftovers\n|-heal|p2a: Garganacl|58\/100|[from] item: Leftovers\n|-damage|p1a: Hatterene|74\/100|[from] Salt Cure\n|upkeep\n|turn|5\n|\n|t:|1700416458\n|move|p1a: Hatterene|Calm Mind|p1a: Hatterene\n|-boost|p1a: Hatterene|spa|1\n|-boost|p1a: Hatterene|spd|1\n|move|p2a: Garganacl|Recover|p2a: Garganacl\n|-heal|p2a: Garganacl|100\/100\n|\n|-heal|p1a: Hatterene|80\/100|[from] item: Leftovers\n|-damage|p1a: Hatterene|67\/100|[from] Salt Cure\n|upkeep\n|turn|6\n|\n|t:|1700416464\n|switch|p2a: Cinderace|Cinderace, M|100\/100\n|move|p1a: Hatterene|Draining Kiss|p2a: Cinderace\n|-resisted|p2a: Cinderace\n|-damage|p2a: Cinderace|69\/100\n|-heal|p1a: Hatterene|90\/100|[from] drain|[of] p2a: Cinderace\n|\n|-heal|p1a: Hatterene|96\/100|[from] item: Leftovers\n|-damage|p1a: Hatterene|84\/100|[from] Salt Cure\n|upkeep\n|turn|7\n|\n|t:|1700416469\n|move|p2a: Cinderace|Pyro Ball|p1a: Hatterene\n|-damage|p1a: Hatterene|39\/100\n|-status|p1a: Hatterene|brn\n|move|p1a: Hatterene|Psyshock|p2a: Cinderace\n|-damage|p2a: Cinderace|0 fnt\n|faint|p2a: Cinderace\n|\n|-heal|p1a: Hatterene|45\/100 brn|[from] item: Leftovers\n|-damage|p1a: Hatterene|39\/100 brn|[from] brn\n|-damage|p1a: Hatterene|27\/100 brn|[from] Salt Cure\n|upkeep\n|\n|t:|1700416474\n|switch|p2a: Ogerpon|Ogerpon-Cornerstone, F|100\/100\n|turn|8\n|\n|t:|1700416486\n|move|p2a: Ogerpon|Ivy Cudgel|p1a: Hatterene\n|-damage|p1a: Hatterene|0 fnt\n|faint|p1a: Hatterene\n|\n|upkeep\n|\n|t:|1700416491\n|switch|p1a: Ogerpon|Ogerpon-Wellspring, F|100\/100\n|turn|9\n|\n|t:|1700416501\n|switch|p2a: Rillaboom|Rillaboom, F|100\/100\n|-fieldstart|move: Grassy Terrain|[from] ability: Grassy Surge|[of] p2a: Rillaboom\n|move|p1a: Ogerpon|Horn Leech|p2a: Rillaboom\n|-resisted|p2a: Rillaboom\n|-damage|p2a: Rillaboom|75\/100\n|\n|-heal|p2a: Rillaboom|81\/100|[from] Grassy Terrain\n|upkeep\n|turn|10\n|\n|t:|1700416508\n|switch|p1a: Ninetales|Ninetales-Alola, F|100\/100\n|-weather|Snow|[from] ability: Snow Warning|[of] p1a: Ninetales\n|move|p2a: Rillaboom|U-turn|p1a: Ninetales\n|-resisted|p1a: Ninetales\n|-damage|p1a: Ninetales|89\/100\n|\n|t:|1700416515\n|switch|p2a: Ogerpon|Ogerpon-Cornerstone, F|100\/100|[from] U-turn\n|\n|-weather|Snow|[upkeep]\n|-heal|p1a: Ninetales|95\/100|[from] Grassy Terrain\n|upkeep\n|turn|11\n|\n|t:|1700416521\n|switch|p1a: Kingambit|Kingambit, M|100\/100\n|-activate|p1a: Kingambit|ability: Supreme Overlord\n|-start|p1a: Kingambit|fallen1|[silent]\n|move|p2a: Ogerpon|Ivy Cudgel|p1a: Kingambit\n|-resisted|p1a: Kingambit\n|-crit|p1a: Kingambit\n|-damage|p1a: Kingambit|66\/100\n|\n|-weather|Snow|[upkeep]\n|-heal|p1a: Kingambit|72\/100|[from] Grassy Terrain\n|upkeep\n|turn|12\n|\n|t:|1700416525\n|-end|p1a: Kingambit|fallen1|[silent]\n|switch|p1a: Ogerpon|Ogerpon-Wellspring, F|100\/100\n|move|p2a: Ogerpon|Low Kick|p1a: Ogerpon\n|-damage|p1a: Ogerpon|72\/100\n|\n|-weather|Snow|[upkeep]\n|-heal|p1a: Ogerpon|78\/100|[from] Grassy Terrain\n|upkeep\n|turn|13\n|\n|t:|1700416532\n|switch|p2a: Rillaboom|Rillaboom, F|81\/100\n|move|p1a: Ogerpon|Ivy Cudgel|p2a: Rillaboom\n|-resisted|p2a: Rillaboom\n|-damage|p2a: Rillaboom|52\/100\n|\n|-weather|Snow|[upkeep]\n|-heal|p1a: Ogerpon|84\/100|[from] Grassy Terrain\n|-heal|p2a: Rillaboom|58\/100|[from] Grassy Terrain\n|-fieldend|move: Grassy Terrain\n|upkeep\n|turn|14\n|inactive|RggV has 270 seconds left.\n|inactive|RggV has 240 seconds left.\n|\n|t:|1700416601\n|switch|p1a: Iron Moth|Iron Moth|100\/100\n|-enditem|p1a: Iron Moth|Booster Energy\n|-activate|p1a: Iron Moth|ability: Quark Drive|[fromitem]\n|-start|p1a: Iron Moth|quarkdrivespe\n|move|p2a: Rillaboom|U-turn|p1a: Iron Moth\n|-resisted|p1a: Iron Moth\n|-damage|p1a: Iron Moth|91\/100\n|\n|t:|1700416610\n|switch|p2a: Garganacl|Garganacl, M|100\/100|[from] U-turn\n|\n|-weather|none\n|upkeep\n|turn|15\n|\n|t:|1700416617\n|-end|p1a: Iron Moth|Quark Drive|[silent]\n|switch|p1a: Ninetales|Ninetales-Alola, F|95\/100\n|-weather|Snow|[from] ability: Snow Warning|[of] p1a: Ninetales\n|move|p2a: Garganacl|Salt Cure|p1a: Ninetales\n|-supereffective|p1a: Ninetales\n|-damage|p1a: Ninetales|70\/100\n|-start|p1a: Ninetales|Salt Cure\n|\n|-weather|Snow|[upkeep]\n|-damage|p1a: Ninetales|58\/100|[from] Salt Cure\n|upkeep\n|turn|16\n|\n|t:|1700416621\n|move|p1a: Ninetales|Aurora Veil|p1a: Ninetales\n|-sidestart|p1: RggV|move: Aurora Veil\n|move|p2a: Garganacl|Stealth Rock|p1a: Ninetales\n|-sidestart|p1: RggV|move: Stealth Rock\n|\n|-weather|Snow|[upkeep]\n|-damage|p1a: Ninetales|46\/100|[from] Salt Cure\n|upkeep\n|turn|17\n|\n|t:|1700416625\n|move|p1a: Ninetales|Encore|p2a: Garganacl\n|-start|p2a: Garganacl|Encore\n|move|p2a: Garganacl|Stealth Rock||[still]\n|-fail|p2a: Garganacl\n|\n|-weather|Snow|[upkeep]\n|-damage|p1a: Ninetales|33\/100|[from] Salt Cure\n|upkeep\n|turn|18\n|\n|t:|1700416647\n|switch|p2a: Enamorus|Enamorus, F|100\/100\n|move|p1a: Ninetales|Freeze-Dry|p2a: Enamorus\n|-supereffective|p2a: Enamorus\n|-damage|p2a: Enamorus|40\/100\n|\n|-weather|Snow|[upkeep]\n|-damage|p1a: Ninetales|21\/100|[from] Salt Cure\n|upkeep\n|turn|19\n|\n|t:|1700416656\n|switch|p2a: Garganacl|Garganacl, M|100\/100\n|move|p1a: Ninetales|Freeze-Dry|p2a: Garganacl\n|-damage|p2a: Garganacl|86\/100\n|\n|-weather|none\n|-heal|p2a: Garganacl|92\/100|[from] item: Leftovers\n|-damage|p1a: Ninetales|9\/100|[from] Salt Cure\n|upkeep\n|turn|20\n|\n|t:|1700416663\n|move|p1a: Ninetales|Moonblast|p2a: Garganacl\n|-damage|p2a: Garganacl|75\/100\n|move|p2a: Garganacl|Salt Cure|p1a: Ninetales\n|-supereffective|p1a: Ninetales\n|-damage|p1a: Ninetales|0 fnt\n|faint|p1a: Ninetales\n|\n|-heal|p2a: Garganacl|81\/100|[from] item: Leftovers\n|upkeep\n|\n|t:|1700416669\n|switch|p1a: Ogerpon|Ogerpon-Wellspring, F|84\/100\n|-damage|p1a: Ogerpon|72\/100|[from] Stealth Rock\n|turn|21\n|\n|t:|1700416679\n|switch|p2a: Enamorus|Enamorus, F|40\/100\n|move|p1a: Ogerpon|Ivy Cudgel|p2a: Enamorus\n|-damage|p2a: Enamorus|0 fnt\n|faint|p2a: Enamorus\n|\n|upkeep\n|\n|t:|1700416684\n|switch|p2a: Rillaboom|Rillaboom, F|58\/100\n|-fieldstart|move: Grassy Terrain|[from] ability: Grassy Surge|[of] p2a: Rillaboom\n|turn|22\n|\n|t:|1700416688\n|move|p1a: Ogerpon|Ivy Cudgel|p2a: Rillaboom\n|-resisted|p2a: Rillaboom\n|-damage|p2a: Rillaboom|32\/100\n|move|p2a: Rillaboom|Wood Hammer|p1a: Ogerpon\n|-damage|p1a: Ogerpon|13\/100\n|-damage|p2a: Rillaboom|17\/100|[from] Recoil\n|\n|-heal|p1a: Ogerpon|19\/100|[from] Grassy Terrain\n|-heal|p2a: Rillaboom|24\/100|[from] Grassy Terrain\n|upkeep\n|turn|23\n|\n|t:|1700416694\n|move|p2a: Rillaboom|Grassy Glide|p1a: Ogerpon\n|-damage|p1a: Ogerpon|0 fnt\n|faint|p1a: Ogerpon\n|\n|-heal|p2a: Rillaboom|30\/100|[from] Grassy Terrain\n|-sideend|p1: RggV|move: Aurora Veil\n|upkeep\n|\n|t:|1700416704\n|switch|p1a: Meowing Moon|Salamence, M|100\/100\n|-damage|p1a: Meowing Moon|76\/100|[from] Stealth Rock\n|turn|24\n|\n|t:|1700416708\n|move|p1a: Meowing Moon|Dragon Dance|p1a: Meowing Moon\n|-boost|p1a: Meowing Moon|atk|1\n|-boost|p1a: Meowing Moon|spe|1\n|move|p2a: Rillaboom|U-turn|p1a: Meowing Moon\n|-resisted|p1a: Meowing Moon\n|-damage|p1a: Meowing Moon|60\/100\n|\n|t:|1700416718\n|switch|p2a: Ogerpon|Ogerpon-Cornerstone, F|100\/100|[from] U-turn\n|\n|upkeep\n|turn|25\n|\n|t:|1700416720\n|move|p1a: Meowing Moon|Hurricane|p2a: Ogerpon\n|-damage|p2a: Ogerpon|27\/100\n|-damage|p1a: Meowing Moon|50\/100|[from] item: Life Orb\n|move|p2a: Ogerpon|Ivy Cudgel|p1a: Meowing Moon\n|-supereffective|p1a: Meowing Moon\n|-damage|p1a: Meowing Moon|0 fnt\n|faint|p1a: Meowing Moon\n|\n|-heal|p2a: Ogerpon|33\/100|[from] Grassy Terrain\n|upkeep\n|\n|t:|1700416729\n|switch|p1a: Iron Moth|Iron Moth|91\/100\n|-damage|p1a: Iron Moth|66\/100|[from] Stealth Rock\n|turn|26\n|\n|t:|1700416746\n|move|p2a: Ogerpon|Ivy Cudgel|p1a: Iron Moth\n|-supereffective|p1a: Iron Moth\n|-damage|p1a: Iron Moth|0 fnt\n|faint|p1a: Iron Moth\n|-end|p1a: Iron Moth|Quark Drive|[silent]\n|\n|-heal|p2a: Ogerpon|39\/100|[from] Grassy Terrain\n|-fieldend|move: Grassy Terrain\n|upkeep\n|\n|t:|1700416748\n|switch|p1a: Kingambit|Kingambit, M|72\/100\n|-damage|p1a: Kingambit|66\/100|[from] Stealth Rock\n|-activate|p1a: Kingambit|ability: Supreme Overlord\n|-start|p1a: Kingambit|fallen5|[silent]\n|turn|27\n|c|\u2606RggV|gg\n|\n|t:|1700416758\n|move|p2a: Ogerpon|Low Kick|p1a: Kingambit\n|-supereffective|p1a: Kingambit\n|-damage|p1a: Kingambit|0 fnt\n|faint|p1a: Kingambit\n|-end|p1a: Kingambit|fallen5|[silent]\n|\n|win|RED WHITE and TEAL\n|c|\u2606RED WHITE and TEAL|gg\n|player|p1|RggV|#wcop2023latinamerica\n|player|p1|\n","uploadtime":1700416759,"views":34,"p1id":"rggv","p2id":"redwhiteandteal","formatid":"gen9ou","rating":0,"private":0,"password":""}