{"id":"smogtours-gen9ou-731690","p1":"Ox the fox","p2":"z0mog","format":"[Gen 9] OU","log":"|inactive|Battle timer is ON: inactive players will automatically lose when time's up.\n|t:|1700425825\n|gametype|singles\n|player|p1|Ox the fox|#oxthefox|\n|player|p2|z0mog|#wcop2020uswest|\n|teamsize|p1|6\n|teamsize|p2|6\n|gen|9\n|tier|[Gen 9] OU\n|rule|Sleep Clause Mod: Limit one foe put to sleep\n|rule|Species Clause: Limit one of each Pok\u00e9mon\n|rule|OHKO Clause: OHKO moves are banned\n|rule|Evasion Items Clause: Evasion items are banned\n|rule|Evasion Moves Clause: Evasion moves are banned\n|rule|Endless Battle Clause: Forcing endless battles is banned\n|rule|HP Percentage Mod: HP is shown in percentages\n|clearpoke\n|poke|p1|Great Tusk|\n|poke|p1|Kingambit, M|\n|poke|p1|Dragapult, M|\n|poke|p1|Heatran, F|\n|poke|p1|Rillaboom, M|\n|poke|p1|Sneasler, M|\n|poke|p2|Zapdos|\n|poke|p2|Volcanion|\n|poke|p2|Sneasler, F|\n|poke|p2|Gholdengo|\n|poke|p2|Great Tusk|\n|poke|p2|Ting-Lu|\n|teampreview\n|c|\u2606z0mog|hf\n|c|\u2606Ox the fox|Glhf \n|inactive|z0mog has 270 seconds left.\n|\n|t:|1700425877\n|start\n|switch|p1a: Dragapult|Dragapult, M|100\/100\n|switch|p2a: Ting-Lu|Ting-Lu|100\/100\n|-ability|p2a: Ting-Lu|Vessel of Ruin\n|turn|1\n|\n|t:|1700425889\n|switch|p1a: Rillaboom|Rillaboom, M|100\/100\n|-fieldstart|move: Grassy Terrain|[from] ability: Grassy Surge|[of] p1a: Rillaboom\n|move|p2a: Ting-Lu|Spikes|p1a: Rillaboom\n|-sidestart|p1: Ox the fox|Spikes\n|\n|upkeep\n|turn|2\n|\n|t:|1700425897\n|switch|p2a: Zapdos|Zapdos|100\/100\n|move|p1a: Rillaboom|Knock Off|p2a: Zapdos\n|-damage|p2a: Zapdos|46\/100\n|-status|p1a: Rillaboom|par|[from] ability: Static|[of] p2a: Zapdos\n|-enditem|p2a: Zapdos|Heavy-Duty Boots|[from] move: Knock Off|[of] p1a: Rillaboom\n|\n|upkeep\n|turn|3\n|\n|t:|1700425912\n|switch|p1a: Heatran|Heatran, F|100\/100\n|-item|p1a: Heatran|Air Balloon\n|move|p2a: Zapdos|Roost|p2a: Zapdos\n|-heal|p2a: Zapdos|96\/100\n|-singleturn|p2a: Zapdos|move: Roost\n|\n|-heal|p2a: Zapdos|100\/100|[from] Grassy Terrain\n|upkeep\n|turn|4\n|\n|t:|1700425914\n|move|p2a: Zapdos|Volt Switch|p1a: Heatran\n|-damage|p1a: Heatran|76\/100\n|-enditem|p1a: Heatran|Air Balloon\n|\n|t:|1700425919\n|switch|p2a: Ting-Lu|Ting-Lu|100\/100|[from] Volt Switch\n|-ability|p2a: Ting-Lu|Vessel of Ruin\n|move|p1a: Heatran|Stealth Rock|p2a: Ting-Lu\n|-sidestart|p2: z0mog|move: Stealth Rock\n|\n|-heal|p1a: Heatran|82\/100|[from] Grassy Terrain\n|upkeep\n|turn|5\n|inactive|Ox the fox has 270 seconds left.\n|\n|t:|1700425971\n|switch|p1a: Dragapult|Dragapult, M|100\/100\n|-damage|p1a: Dragapult|88\/100|[from] Spikes\n|move|p2a: Ting-Lu|Earthquake|p1a: Dragapult\n|-damage|p1a: Dragapult|68\/100\n|\n|-heal|p1a: Dragapult|74\/100|[from] Grassy Terrain\n|-fieldend|move: Grassy Terrain\n|upkeep\n|turn|6\n|\n|t:|1700425975\n|move|p1a: Dragapult|Reflect|p1a: Dragapult\n|-sidestart|p1: Ox the fox|Reflect\n|move|p2a: Ting-Lu|Ruination|p1a: Dragapult|[miss]\n|-miss|p2a: Ting-Lu|p1a: Dragapult\n|\n|upkeep\n|turn|7\n|\n|t:|1700425983\n|switch|p1a: Rillaboom|Rillaboom, M|100\/100 par\n|-damage|p1a: Rillaboom|88\/100 par|[from] Spikes\n|-fieldstart|move: Grassy Terrain|[from] ability: Grassy Surge|[of] p1a: Rillaboom\n|move|p2a: Ting-Lu|Spikes|p1a: Rillaboom\n|-sidestart|p1: Ox the fox|Spikes\n|\n|-heal|p1a: Rillaboom|94\/100 par|[from] Grassy Terrain\n|upkeep\n|turn|8\n|\n|t:|1700425994\n|switch|p2a: Zapdos|Zapdos|100\/100\n|-damage|p2a: Zapdos|76\/100|[from] Stealth Rock\n|move|p1a: Rillaboom|Wood Hammer|p2a: Zapdos\n|-resisted|p2a: Zapdos\n|-damage|p2a: Zapdos|14\/100\n|-damage|p1a: Rillaboom|71\/100 par|[from] Recoil\n|\n|-heal|p1a: Rillaboom|78\/100 par|[from] Grassy Terrain\n|upkeep\n|turn|9\n|\n|t:|1700426000\n|switch|p1a: Heatran|Heatran, F|82\/100\n|-damage|p1a: Heatran|65\/100|[from] Spikes\n|move|p2a: Zapdos|Hurricane|p1a: Heatran|[miss]\n|-miss|p2a: Zapdos|p1a: Heatran\n|\n|-heal|p1a: Heatran|71\/100|[from] Grassy Terrain\n|upkeep\n|turn|10\n|\n|t:|1700426009\n|move|p2a: Zapdos|Roost|p2a: Zapdos\n|-heal|p2a: Zapdos|64\/100\n|-singleturn|p2a: Zapdos|move: Roost\n|move|p1a: Heatran|Magma Storm|p2a: Zapdos\n|-damage|p2a: Zapdos|22\/100\n|-activate|p2a: Zapdos|move: Magma Storm|[of] p1a: Heatran\n|\n|-heal|p2a: Zapdos|28\/100|[from] Grassy Terrain\n|-heal|p1a: Heatran|78\/100|[from] Grassy Terrain\n|-damage|p2a: Zapdos|15\/100|[from] move: Magma Storm|[partiallytrapped]\n|upkeep\n|turn|11\n|\n|t:|1700426018\n|move|p2a: Zapdos|Volt Switch|p1a: Heatran\n|-damage|p1a: Heatran|53\/100\n|\n|t:|1700426020\n|switch|p2a: Ting-Lu|Ting-Lu|100\/100|[from] Volt Switch\n|-damage|p2a: Ting-Lu|94\/100|[from] Stealth Rock\n|-ability|p2a: Ting-Lu|Vessel of Ruin\n|move|p1a: Heatran|Earth Power|p2a: Ting-Lu\n|-damage|p2a: Ting-Lu|82\/100\n|\n|-heal|p1a: Heatran|59\/100|[from] Grassy Terrain\n|-heal|p2a: Ting-Lu|88\/100|[from] Grassy Terrain\n|-heal|p2a: Ting-Lu|95\/100|[from] item: Leftovers\n|-fieldend|move: Grassy Terrain\n|upkeep\n|turn|12\n|\n|t:|1700426023\n|switch|p1a: Rillaboom|Rillaboom, M|78\/100 par\n|-damage|p1a: Rillaboom|61\/100 par|[from] Spikes\n|-fieldstart|move: Grassy Terrain|[from] ability: Grassy Surge|[of] p1a: Rillaboom\n|move|p2a: Ting-Lu|Earthquake|p1a: Rillaboom\n|-resisted|p1a: Rillaboom\n|-damage|p1a: Rillaboom|56\/100 par\n|\n|-heal|p1a: Rillaboom|62\/100 par|[from] Grassy Terrain\n|-heal|p2a: Ting-Lu|100\/100|[from] Grassy Terrain\n|upkeep\n|turn|13\n|\n|t:|1700426037\n|move|p1a: Rillaboom|Wood Hammer|p2a: Ting-Lu\n|-supereffective|p2a: Ting-Lu\n|-damage|p2a: Ting-Lu|0 fnt\n|faint|p2a: Ting-Lu\n|-damage|p1a: Rillaboom|13\/100 par|[from] Recoil\n|\n|-heal|p1a: Rillaboom|19\/100 par|[from] Grassy Terrain\n|-sideend|p1: Ox the fox|Reflect\n|upkeep\n|\n|t:|1700426050\n|switch|p2a: Great Tusk|Great Tusk, shiny|100\/100\n|-damage|p2a: Great Tusk|97\/100|[from] Stealth Rock\n|turn|14\n|\n|t:|1700426065\n|switch|p1a: Heatran|Heatran, F|59\/100\n|-damage|p1a: Heatran|42\/100|[from] Spikes\n|move|p2a: Great Tusk|Ice Spinner|p1a: Heatran\n|-resisted|p1a: Heatran\n|-damage|p1a: Heatran|38\/100\n|-status|p2a: Great Tusk|brn|[from] ability: Flame Body|[of] p1a: Heatran\n|-fieldend|move: Grassy Terrain\n|\n|-heal|p2a: Great Tusk|100\/100 brn|[from] item: Leftovers\n|-damage|p2a: Great Tusk|94\/100 brn|[from] brn\n|upkeep\n|turn|15\n|c|\u2606z0mog|:(\n|\n|t:|1700426075\n|switch|p1a: Dragapult|Dragapult, M|74\/100\n|-damage|p1a: Dragapult|57\/100|[from] Spikes\n|move|p2a: Great Tusk|Rapid Spin|p1a: Dragapult\n|-immune|p1a: Dragapult\n|\n|-heal|p2a: Great Tusk|100\/100 brn|[from] item: Leftovers\n|-damage|p2a: Great Tusk|94\/100 brn|[from] brn\n|upkeep\n|turn|16\n|c|\u2606z0mog|no breaks this game\n|\n|t:|1700426087\n|-end|p2a: Great Tusk|Protosynthesis|[silent]\n|switch|p2a: Volcanion|Volcanion|100\/100\n|move|p1a: Dragapult|Light Screen|p1a: Dragapult\n|-sidestart|p1: Ox the fox|move: Light Screen\n|\n|upkeep\n|turn|17\n|\n|t:|1700426090\n|move|p1a: Dragapult|Thunder Wave|p2a: Volcanion\n|-status|p2a: Volcanion|par\n|cant|p2a: Volcanion|par\n|\n|upkeep\n|turn|18\n|\n|t:|1700426094\n|move|p1a: Dragapult|Reflect|p1a: Dragapult\n|-sidestart|p1: Ox the fox|Reflect\n|cant|p2a: Volcanion|par\n|\n|upkeep\n|turn|19\n|inactive|Ox the fox has 270 seconds left.\n|inactive|Ox the fox has 240 seconds left.\n|\n|t:|1700426181\n|switch|p1a: Rillaboom|Rillaboom, M|19\/100 par\n|-damage|p1a: Rillaboom|3\/100 par|[from] Spikes\n|-fieldstart|move: Grassy Terrain|[from] ability: Grassy Surge|[of] p1a: Rillaboom\n|move|p2a: Volcanion|Steam Eruption|p1a: Rillaboom\n|-resisted|p1a: Rillaboom\n|-damage|p1a: Rillaboom|0 fnt\n|faint|p1a: Rillaboom\n|\n|upkeep\n|\n|t:|1700426182\n|switch|p1a: Great Tusk|Great Tusk|100\/100\n|-damage|p1a: Great Tusk|84\/100|[from] Spikes\n|-enditem|p1a: Great Tusk|Booster Energy\n|-activate|p1a: Great Tusk|ability: Protosynthesis|[fromitem]\n|-start|p1a: Great Tusk|protosynthesisspe\n|turn|20\n|\n|t:|1700426187\n|move|p1a: Great Tusk|Headlong Rush|p2a: Volcanion\n|-supereffective|p2a: Volcanion\n|-damage|p2a: Volcanion|16\/100 par\n|-unboost|p1a: Great Tusk|def|1\n|-unboost|p1a: Great Tusk|spd|1\n|move|p2a: Volcanion|Steam Eruption|p1a: Great Tusk\n|-supereffective|p1a: Great Tusk\n|-damage|p1a: Great Tusk|0 fnt\n|faint|p1a: Great Tusk\n|-end|p1a: Great Tusk|Protosynthesis|[silent]\n|\n|-heal|p2a: Volcanion|22\/100 par|[from] Grassy Terrain\n|upkeep\n|\n|t:|1700426195\n|switch|p1a: Sneasler|Sneasler, M|100\/100\n|-damage|p1a: Sneasler|84\/100|[from] Spikes\n|-enditem|p1a: Sneasler|Grassy Seed\n|-boost|p1a: Sneasler|def|1|[from] item: Grassy Seed\n|turn|21\n|c|\u2606z0mog|burn \n|c|\u2606z0mog|RN\n|\n|t:|1700426203\n|move|p1a: Sneasler|Low Kick|p2a: Volcanion\n|-damage|p2a: Volcanion|0 fnt\n|faint|p2a: Volcanion\n|\n|-heal|p1a: Sneasler|90\/100|[from] Grassy Terrain\n|upkeep\n|c|\u2606z0mog|did u make it tera dark i bet u did\n|\n|t:|1700426222\n|switch|p2a: Gholdengo|Gholdengo|100\/100\n|-damage|p2a: Gholdengo|94\/100|[from] Stealth Rock\n|turn|22\n|\n|t:|1700426234\n|move|p1a: Sneasler|Shadow Claw|p2a: Gholdengo\n|-supereffective|p2a: Gholdengo\n|-damage|p2a: Gholdengo|35\/100\n|move|p2a: Gholdengo|Shadow Ball|p1a: Sneasler\n|-damage|p1a: Sneasler|53\/100\n|\n|-heal|p1a: Sneasler|59\/100|[from] Grassy Terrain\n|-heal|p2a: Gholdengo|41\/100|[from] Grassy Terrain\n|upkeep\n|turn|23\n|\n|t:|1700426244\n|-terastallize|p2a: Gholdengo|Normal\n|move|p1a: Sneasler|Shadow Claw|p2a: Gholdengo\n|-immune|p2a: Gholdengo\n|move|p2a: Gholdengo|Shadow Ball|p1a: Sneasler\n|-damage|p1a: Sneasler|16\/100\n|\n|-heal|p1a: Sneasler|22\/100|[from] Grassy Terrain\n|-heal|p2a: Gholdengo|47\/100|[from] Grassy Terrain\n|-sideend|p1: Ox the fox|move: Light Screen\n|-fieldend|move: Grassy Terrain\n|upkeep\n|turn|24\n|\n|t:|1700426250\n|switch|p2a: Sneasler|Sneasler, F|100\/100\n|move|p1a: Sneasler|Low Kick|p2a: Sneasler\n|-resisted|p2a: Sneasler\n|-damage|p2a: Sneasler|69\/100\n|\n|upkeep\n|turn|25\n|\n|t:|1700426258\n|switch|p1a: Dragapult|Dragapult, M|57\/100\n|-damage|p1a: Dragapult|41\/100|[from] Spikes\n|move|p2a: Sneasler|Fake Out|p1a: Dragapult\n|-immune|p1a: Dragapult\n|\n|-sideend|p1: Ox the fox|Reflect\n|upkeep\n|turn|26\n|\n|t:|1700426262\n|switch|p2a: Gholdengo|Gholdengo, tera:Normal|47\/100\n|-damage|p2a: Gholdengo|35\/100|[from] Stealth Rock\n|move|p1a: Dragapult|Reflect|p1a: Dragapult\n|-sidestart|p1: Ox the fox|Reflect\n|\n|upkeep\n|turn|27\n|\n|t:|1700426268\n|switch|p1a: Sneasler|Sneasler, M|22\/100\n|-damage|p1a: Sneasler|6\/100|[from] Spikes\n|move|p2a: Gholdengo|Trick|p1a: Sneasler\n|-activate|p2a: Gholdengo|move: Trick|[of] p1a: Sneasler\n|-item|p1a: Sneasler|Choice Specs|[from] move: Trick\n|-enditem|p2a: Gholdengo|Choice Specs|[silent]|[from] move: Trick\n|\n|upkeep\n|turn|28\n|\n|t:|1700426272\n|switch|p2a: Great Tusk|Great Tusk, shiny|94\/100 brn\n|-damage|p2a: Great Tusk|91\/100 brn|[from] Stealth Rock\n|move|p1a: Sneasler|Low Kick|p2a: Great Tusk\n|-damage|p2a: Great Tusk|54\/100 brn\n|\n|-heal|p2a: Great Tusk|61\/100 brn|[from] item: Leftovers\n|-damage|p2a: Great Tusk|54\/100 brn|[from] brn\n|upkeep\n|turn|29\n|inactive|Ox the fox has 270 seconds left.\n|\n|t:|1700426302\n|move|p1a: Sneasler|Low Kick|p2a: Great Tusk\n|-damage|p2a: Great Tusk|19\/100 brn\n|move|p2a: Great Tusk|Rapid Spin|p1a: Sneasler\n|-damage|p1a: Sneasler|0 fnt\n|-boost|p2a: Great Tusk|spe|1\n|-sideend|p2: z0mog|Stealth Rock|[from] move: Rapid Spin|[of] p2a: Great Tusk\n|faint|p1a: Sneasler\n|\n|-heal|p2a: Great Tusk|25\/100 brn|[from] item: Leftovers\n|-damage|p2a: Great Tusk|19\/100 brn|[from] brn\n|upkeep\n|inactive|Ox the fox has 270 seconds left.\n|\n|t:|1700426309\n|switch|p1a: Dragapult|Dragapult, M|41\/100\n|-damage|p1a: Dragapult|24\/100|[from] Spikes\n|turn|30\n|\n|t:|1700426314\n|move|p1a: Dragapult|Curse|p2a: Great Tusk\n|-start|p2a: Great Tusk|Curse|[of] p1a: Dragapult\n|-damage|p1a: Dragapult|0 fnt\n|faint|p1a: Dragapult\n|move|p2a: Great Tusk|Bulk Up|p2a: Great Tusk\n|-boost|p2a: Great Tusk|atk|1\n|-boost|p2a: Great Tusk|def|1\n|\n|-heal|p2a: Great Tusk|25\/100 brn|[from] item: Leftovers\n|-damage|p2a: Great Tusk|19\/100 brn|[from] brn\n|-damage|p2a: Great Tusk|0 fnt|[from] Curse\n|faint|p2a: Great Tusk\n|-end|p2a: Great Tusk|Protosynthesis|[silent]\n|upkeep\n|\n|t:|1700426326\n|switch|p1a: Heatran|Heatran, F|38\/100\n|switch|p2a: Sneasler|Sneasler, F|69\/100\n|-damage|p1a: Heatran|22\/100|[from] Spikes\n|turn|31\n|\n|t:|1700426332\n|move|p2a: Sneasler|Close Combat|p1a: Heatran\n|-supereffective|p1a: Heatran\n|-damage|p1a: Heatran|0 fnt\n|-unboost|p2a: Sneasler|def|1\n|-unboost|p2a: Sneasler|spd|1\n|faint|p1a: Heatran\n|\n|upkeep\n|\n|t:|1700426333\n|switch|p1a: Kingambit|Kingambit, M|100\/100\n|-damage|p1a: Kingambit|84\/100|[from] Spikes\n|-activate|p1a: Kingambit|ability: Supreme Overlord\n|-start|p1a: Kingambit|fallen5|[silent]\n|turn|32\n|\n|t:|1700426350\n|switch|p2a: Zapdos|Zapdos|15\/100\n|move|p1a: Kingambit|Swords Dance|p1a: Kingambit\n|-boost|p1a: Kingambit|atk|2\n|\n|upkeep\n|turn|33\n|c|\u2606z0mog|hard\n|\n|t:|1700426356\n|move|p1a: Kingambit|Sucker Punch|p2a: Zapdos\n|-damage|p2a: Zapdos|0 fnt\n|faint|p2a: Zapdos\n|\n|-sideend|p1: Ox the fox|Reflect\n|upkeep\n|\n|t:|1700426359\n|switch|p2a: Sneasler|Sneasler, F|69\/100\n|turn|34\n|\n|t:|1700426361\n|move|p2a: Sneasler|Fake Out|p1a: Kingambit\n|-resisted|p1a: Kingambit\n|-damage|p1a: Kingambit|79\/100\n|cant|p1a: Kingambit|flinch\n|\n|upkeep\n|turn|35\n|\n|t:|1700426367\n|-terastallize|p1a: Kingambit|Fire\n|move|p2a: Sneasler|Dire Claw|p1a: Kingambit\n|-damage|p1a: Kingambit|49\/100\n|move|p1a: Kingambit|Kowtow Cleave|p2a: Sneasler\n|-resisted|p2a: Sneasler\n|-damage|p2a: Sneasler|0 fnt\n|faint|p2a: Sneasler\n|\n|upkeep\n|\n|t:|1700426371\n|switch|p2a: Gholdengo|Gholdengo, tera:Normal|35\/100\n|turn|36\n|\n|t:|1700426375\n|move|p1a: Kingambit|Sucker Punch|p2a: Gholdengo\n|-damage|p2a: Gholdengo|0 fnt\n|faint|p2a: Gholdengo\n|\n|win|Ox the fox\n|c|\u2606z0mog|gg.\n|c|\u2606Ox the fox|Gg\n","uploadtime":1700426376,"views":375,"p1id":"oxthefox","p2id":"z0mog","formatid":"gen9ou","rating":0,"private":0,"password":""}