{"id":"smogtours-gen9ou-732051","p1":"blundstar","p2":"2I9 + I23","format":"[Gen 9] OU","log":"|inactive|Battle timer is ON: inactive players will automatically lose when time's up.\n|t:|1700694302\n|gametype|singles\n|player|p1|blundstar|170|\n|player|p2|2I9 + I23|hilda-masters3|\n|teamsize|p1|6\n|teamsize|p2|6\n|gen|9\n|tier|[Gen 9] OU\n|rule|Sleep Clause Mod: Limit one foe put to sleep\n|rule|Species Clause: Limit one of each Pok\u00e9mon\n|rule|OHKO Clause: OHKO moves are banned\n|rule|Evasion Items Clause: Evasion items are banned\n|rule|Evasion Moves Clause: Evasion moves are banned\n|rule|Endless Battle Clause: Forcing endless battles is banned\n|rule|HP Percentage Mod: HP is shown in percentages\n|clearpoke\n|poke|p1|Ursaluna, F|\n|poke|p1|Ogerpon-Wellspring, F|\n|poke|p1|Ting-Lu|\n|poke|p1|Gholdengo|\n|poke|p1|Zapdos|\n|poke|p1|Great Tusk|\n|poke|p2|Walking Wake|\n|poke|p2|Slowking-Galar, F|\n|poke|p2|Ursaluna, F|\n|poke|p2|Iron Valiant|\n|poke|p2|Zapdos|\n|poke|p2|Cinderace, M|\n|teampreview\n|inactive|blundstar has 270 seconds left.\n|inactive|2I9 + I23 has 270 seconds left.\n|inactive|2I9 + I23 has 240 seconds left.\n|inactive|2I9 + I23 has 210 seconds left.\n|\n|t:|1700694409\n|start\n|switch|p1a: Zapdos|Zapdos|100\/100\n|switch|p2a: Walking Wake|Walking Wake|100\/100\n|turn|1\n|\n|t:|1700694425\n|move|p2a: Walking Wake|Draco Meteor|p1a: Zapdos\n|-damage|p1a: Zapdos|8\/100\n|-unboost|p2a: Walking Wake|spa|2\n|move|p1a: Zapdos|Thunder Wave|p2a: Walking Wake\n|-status|p2a: Walking Wake|par\n|\n|upkeep\n|turn|2\n|\n|t:|1700694431\n|-end|p2a: Walking Wake|Protosynthesis|[silent]\n|switch|p2a: Ursaluna|Ursaluna, F|100\/100\n|move|p1a: Zapdos|Roost|p1a: Zapdos\n|-heal|p1a: Zapdos|58\/100\n|-singleturn|p1a: Zapdos|move: Roost\n|\n|-status|p2a: Ursaluna|brn|[from] item: Flame Orb\n|upkeep\n|turn|3\n|inactive|blundstar has 270 seconds left.\n|inactive|2I9 + I23 has 240 seconds left.\n|\n|t:|1700694470\n|move|p1a: Zapdos|Hurricane|p2a: Ursaluna|[miss]\n|-miss|p1a: Zapdos|p2a: Ursaluna\n|move|p2a: Ursaluna|Facade|p1a: Zapdos\n|-damage|p1a: Zapdos|0 fnt\n|faint|p1a: Zapdos\n|\n|-damage|p2a: Ursaluna|94\/100 brn|[from] brn\n|upkeep\n|inactive|blundstar has 270 seconds left.\n|inactive|blundstar has 240 seconds left.\n|\n|t:|1700694522\n|switch|p1a: Great Tusk|Great Tusk|100\/100\n|-enditem|p1a: Great Tusk|Booster Energy\n|-activate|p1a: Great Tusk|ability: Protosynthesis|[fromitem]\n|-start|p1a: Great Tusk|protosynthesisspe\n|turn|4\n|inactive|2I9 + I23 has 240 seconds left.\n|inactive|2I9 + I23 has 210 seconds left.\n|\n|t:|1700694570\n|switch|p2a: Zapdos|Zapdos|100\/100\n|move|p1a: Great Tusk|Ice Spinner|p2a: Zapdos\n|-supereffective|p2a: Zapdos\n|-damage|p2a: Zapdos|59\/100\n|-status|p1a: Great Tusk|par|[from] ability: Static|[of] p2a: Zapdos\n|\n|upkeep\n|turn|5\n|inactive|2I9 + I23 has 210 seconds left.\n|inactive|blundstar has 210 seconds left.\n|\n|t:|1700694588\n|-end|p1a: Great Tusk|Protosynthesis|[silent]\n|switch|p1a: Ting-Lu|Ting-Lu|100\/100\n|-ability|p1a: Ting-Lu|Vessel of Ruin\n|move|p2a: Zapdos|Hurricane|p1a: Ting-Lu\n|-damage|p1a: Ting-Lu|83\/100\n|\n|-heal|p1a: Ting-Lu|89\/100|[from] item: Leftovers\n|upkeep\n|turn|6\n|inactive|blundstar has 210 seconds left.\n|inactive|2I9 + I23 has 210 seconds left.\n|\n|t:|1700694607\n|switch|p2a: Ursaluna|Ursaluna, F|94\/100 brn\n|move|p1a: Ting-Lu|Earthquake|p2a: Ursaluna\n|-damage|p2a: Ursaluna|68\/100 brn\n|\n|-heal|p1a: Ting-Lu|95\/100|[from] item: Leftovers\n|-damage|p2a: Ursaluna|62\/100 brn|[from] brn\n|upkeep\n|turn|7\n|inactive|blundstar has 210 seconds left.\n|inactive|2I9 + I23 has 210 seconds left.\n|inactive|blundstar has 180 seconds left.\n|\n|t:|1700694645\n|move|p2a: Ursaluna|Facade|p1a: Ting-Lu\n|-damage|p1a: Ting-Lu|28\/100\n|move|p1a: Ting-Lu|Whirlwind|p2a: Ursaluna\n|drag|p2a: Slowking|Slowking-Galar, F|100\/100\n|\n|-heal|p1a: Ting-Lu|34\/100|[from] item: Leftovers\n|upkeep\n|turn|8\n|\n|t:|1700694651\n|move|p2a: Slowking|Trick|p1a: Ting-Lu\n|-activate|p2a: Slowking|move: Trick|[of] p1a: Ting-Lu\n|-item|p1a: Ting-Lu|Choice Scarf|[from] move: Trick\n|-item|p2a: Slowking|Leftovers|[from] move: Trick\n|move|p1a: Ting-Lu|Spikes|p2a: Slowking\n|-sidestart|p2: 2I9 + I23|Spikes\n|\n|upkeep\n|turn|9\n|\n|t:|1700694661\n|switch|p1a: Ursaluna|Ursaluna, F|100\/100\n|move|p2a: Slowking|Chilly Reception|p2a: Slowking\n|-weather|Snow\n|\n|t:|1700694670\n|switch|p2a: Walking Wake|Walking Wake|100\/100 par|[from] Chilly Reception\n|-damage|p2a: Walking Wake|88\/100 par|[from] Spikes\n|\n|-weather|Snow|[upkeep]\n|-status|p1a: Ursaluna|brn|[from] item: Flame Orb\n|upkeep\n|turn|10\n|\n|t:|1700694678\n|move|p1a: Ursaluna|Facade|p2a: Walking Wake\n|-damage|p2a: Walking Wake|0 fnt\n|faint|p2a: Walking Wake\n|-end|p2a: Walking Wake|Protosynthesis|[silent]\n|\n|-weather|Snow|[upkeep]\n|-damage|p1a: Ursaluna|94\/100 brn|[from] brn\n|upkeep\n|inactive|2I9 + I23 has 180 seconds left.\n|inactive|2I9 + I23 has 150 seconds left.\n|inactive|2I9 + I23 has 120 seconds left.\n|\n|t:|1700694775\n|switch|p2a: Iron Valiant|Iron Valiant|100\/100\n|-damage|p2a: Iron Valiant|88\/100|[from] Spikes\n|-enditem|p2a: Iron Valiant|Booster Energy\n|-activate|p2a: Iron Valiant|ability: Quark Drive|[fromitem]\n|-start|p2a: Iron Valiant|quarkdrivespe\n|turn|11\n|inactive|blundstar has 210 seconds left.\n|inactive|2I9 + I23 has 120 seconds left.\n|inactive|blundstar has 180 seconds left.\n|\n|t:|1700694814\n|move|p2a: Iron Valiant|Moonblast|p1a: Ursaluna\n|-damage|p1a: Ursaluna|54\/100 brn\n|move|p1a: Ursaluna|Earthquake|p2a: Iron Valiant\n|-damage|p2a: Iron Valiant|0 fnt\n|faint|p2a: Iron Valiant\n|-end|p2a: Iron Valiant|Quark Drive|[silent]\n|\n|-weather|Snow|[upkeep]\n|-damage|p1a: Ursaluna|48\/100 brn|[from] brn\n|upkeep\n|\n|t:|1700694819\n|switch|p2a: Cinderace|Cinderace, M|100\/100\n|turn|12\n|inactive|blundstar has 180 seconds left.\n|inactive|blundstar has 150 seconds left.\n|\n|t:|1700694866\n|switch|p1a: Ting-Lu|Ting-Lu|34\/100\n|-ability|p1a: Ting-Lu|Vessel of Ruin\n|move|p2a: Cinderace|High Jump Kick|p1a: Ting-Lu\n|-supereffective|p1a: Ting-Lu\n|-damage|p1a: Ting-Lu|0 fnt\n|faint|p1a: Ting-Lu\n|\n|-weather|Snow|[upkeep]\n|upkeep\n|inactive|blundstar has 150 seconds left.\n|\n|t:|1700694874\n|switch|p1a: Ogerpon|Ogerpon-Wellspring, F|100\/100\n|turn|13\n|inactive|2I9 + I23 has 90 seconds left.\n|inactive|2I9 + I23 has 60 seconds left.\n|\n|t:|1700694940\n|switch|p2a: Slowking|Slowking-Galar, F|100\/100\n|-damage|p2a: Slowking|88\/100|[from] Spikes\n|-terastallize|p1a: Ogerpon|Water\n|detailschange|p1a: Ogerpon|Ogerpon-Wellspring-Tera, F, tera:Water\n|-ability|p1a: Ogerpon|Embody Aspect (Wellspring)|boost\n|-boost|p1a: Ogerpon|spd|1\n|move|p1a: Ogerpon|Ivy Cudgel|p2a: Slowking|[anim] Ivy Cudgel Water\n|-damage|p2a: Slowking|11\/100\n|\n|-weather|none\n|-heal|p2a: Slowking|17\/100|[from] item: Leftovers\n|upkeep\n|turn|14\n|\n|t:|1700694960\n|move|p1a: Ogerpon|Ivy Cudgel|p2a: Slowking|[anim] Ivy Cudgel Water\n|-damage|p2a: Slowking|0 fnt\n|faint|p2a: Slowking\n|\n|upkeep\n|\n|t:|1700694967\n|switch|p2a: Zapdos|Zapdos|59\/100\n|turn|15\n|inactive|blundstar has 180 seconds left.\n|inactive|2I9 + I23 has 30 seconds left.\n|inactive|2I9 + I23 has 20 seconds left.\n|\n|t:|1700695010\n|switch|p1a: Gholdengo|Gholdengo|100\/100\n|-terastallize|p2a: Zapdos|Water\n|move|p2a: Zapdos|Thunder Wave|p1a: Gholdengo\n|-immune|p1a: Gholdengo|[from] ability: Good as Gold\n|\n|upkeep\n|turn|16\n|inactive|2I9 + I23 has 30 seconds left this turn.\n|\n|t:|1700695023\n|move|p2a: Zapdos|Roost|p2a: Zapdos\n|-heal|p2a: Zapdos|100\/100\n|move|p1a: Gholdengo|Shadow Ball|p2a: Zapdos\n|-damage|p2a: Zapdos|65\/100\n|\n|upkeep\n|turn|17\n|\n|t:|1700695026\n|move|p2a: Zapdos|Volt Switch|p1a: Gholdengo\n|-damage|p1a: Gholdengo|74\/100\n|\n|t:|1700695027\n|switch|p2a: Ursaluna|Ursaluna, F|62\/100 brn|[from] Volt Switch\n|-damage|p2a: Ursaluna|50\/100 brn|[from] Spikes\n|move|p1a: Gholdengo|Shadow Ball|p2a: Ursaluna\n|-immune|p2a: Ursaluna\n|\n|-heal|p1a: Gholdengo|80\/100|[from] item: Leftovers\n|-damage|p2a: Ursaluna|43\/100 brn|[from] brn\n|upkeep\n|turn|18\n|inactive|blundstar has 180 seconds left.\n|\n|t:|1700695056\n|switch|p1a: Ursaluna|Ursaluna, F|48\/100 brn\n|move|p2a: Ursaluna|Headlong Rush|p1a: Ursaluna\n|-damage|p1a: Ursaluna|0 fnt\n|-unboost|p2a: Ursaluna|def|1\n|-unboost|p2a: Ursaluna|spd|1\n|faint|p1a: Ursaluna\n|\n|-damage|p2a: Ursaluna|37\/100 brn|[from] brn\n|upkeep\n|\n|t:|1700695058\n|switch|p1a: Ogerpon|Ogerpon-Wellspring-Tera, F, tera:Water|100\/100\n|-ability|p1a: Ogerpon|Embody Aspect (Wellspring)|boost\n|-boost|p1a: Ogerpon|spd|1\n|turn|19\n|\n|t:|1700695069\n|move|p1a: Ogerpon|Ivy Cudgel|p2a: Ursaluna|[anim] Ivy Cudgel Water\n|-supereffective|p2a: Ursaluna\n|-damage|p2a: Ursaluna|0 fnt\n|faint|p2a: Ursaluna\n|\n|upkeep\n|\n|t:|1700695072\n|switch|p2a: Zapdos|Zapdos, tera:Water|65\/100\n|turn|20\n|inactive|2I9 + I23 has 60 seconds left.\n|inactive|blundstar has 180 seconds left.\n|\n|t:|1700695083\n|move|p1a: Ogerpon|Power Whip|p2a: Zapdos\n|-supereffective|p2a: Zapdos\n|-damage|p2a: Zapdos|0 fnt\n|faint|p2a: Zapdos\n|\n|upkeep\n|\n|t:|1700695087\n|switch|p2a: Cinderace|Cinderace, M|100\/100\n|turn|21\n|\n|t:|1700695094\n|move|p2a: Cinderace|High Jump Kick|p1a: Ogerpon\n|-damage|p1a: Ogerpon|48\/100\n|move|p1a: Ogerpon|Ivy Cudgel|p2a: Cinderace|[anim] Ivy Cudgel Water\n|-supereffective|p2a: Cinderace\n|-damage|p2a: Cinderace|0 fnt\n|faint|p2a: Cinderace\n|\n|win|blundstar\n|c|\u2606blundstar|gg\n|player|p1|blundstar|170\n","uploadtime":1700695095,"views":76,"p1id":"blundstar","p2id":"2i9i23","formatid":"gen9ou","rating":0,"private":0,"password":""}