{"id":"smogtours-gen9ou-730397","p1":"Welli0u","p2":"Potatochan789","format":"[Gen 9] OU","log":"|inactive|Battle timer is ON: inactive players will automatically lose when time's up.\n|t:|1699823796\n|gametype|singles\n|player|p1|Welli0u|#splxivscooters2|\n|player|p2|Potatochan789|#bwpliiizuizoruas|\n|teamsize|p1|6\n|teamsize|p2|6\n|gen|9\n|tier|[Gen 9] OU\n|rule|Sleep Clause Mod: Limit one foe put to sleep\n|rule|Species Clause: Limit one of each Pok\u00e9mon\n|rule|OHKO Clause: OHKO moves are banned\n|rule|Evasion Items Clause: Evasion items are banned\n|rule|Evasion Moves Clause: Evasion moves are banned\n|rule|Endless Battle Clause: Forcing endless battles is banned\n|rule|HP Percentage Mod: HP is shown in percentages\n|clearpoke\n|poke|p1|Dragapult, F|\n|poke|p1|Rillaboom, M|\n|poke|p1|Heatran, M|\n|poke|p1|Great Tusk|\n|poke|p1|Kingambit, M|\n|poke|p1|Sneasler, M|\n|poke|p2|Corviknight, F|\n|poke|p2|Dragapult, M|\n|poke|p2|Gliscor, F|\n|poke|p2|Samurott-Hisui, F|\n|poke|p2|Sneasler, M|\n|poke|p2|Ting-Lu|\n|teampreview\n|inactive|Potatochan789 also wants the timer to be on.\n|inactive|Welli0u also wants the timer to be on.\n|raw|<div class=\"broadcast-red\"><strong>Moderated chat was set to \u2606!<\/strong><br \/>Only users of rank \u2606 and higher can talk.<\/div>\n|inactive|Welli0u has 270 seconds left.\n|inactive|Potatochan789 has 270 seconds left.\n|inactive|Potatochan789 has 240 seconds left.\n|inactive|Welli0u has 240 seconds left.\n|\n|t:|1699823891\n|start\n|switch|p1a: MIDI MINUIT|Rillaboom, M|100\/100\n|switch|p2a: Gliscor|Gliscor, F|100\/100\n|-fieldstart|move: Grassy Terrain|[from] ability: Grassy Surge|[of] p1a: MIDI MINUIT\n|turn|1\n|\n|t:|1699823903\n|switch|p1a: FORT|Heatran, M|100\/100\n|-item|p1a: FORT|Air Balloon\n|move|p2a: Gliscor|Protect||[still]\n|-fail|p2a: Gliscor\n|\n|-status|p2a: Gliscor|tox|[from] item: Toxic Orb\n|upkeep\n|turn|2\n|inactive|Potatochan789 has 270 seconds left.\n|\n|t:|1699823956\n|move|p1a: FORT|Magma Storm|p2a: Gliscor\n|-damage|p2a: Gliscor|47\/100 tox\n|-activate|p2a: Gliscor|move: Magma Storm|[of] p1a: FORT\n|move|p2a: Gliscor|Swords Dance|p2a: Gliscor\n|-boost|p2a: Gliscor|atk|2\n|\n|-heal|p2a: Gliscor|60\/100 tox|[from] ability: Poison Heal\n|-damage|p2a: Gliscor|47\/100 tox|[from] move: Magma Storm|[partiallytrapped]\n|upkeep\n|turn|3\n|\n|t:|1699823976\n|move|p1a: FORT|Magma Storm|p2a: Gliscor\n|-damage|p2a: Gliscor|0 fnt\n|faint|p2a: Gliscor\n|\n|upkeep\n|inactive|Potatochan789 has 240 seconds left.\n|inactive|Potatochan789 has 210 seconds left.\n|\n|t:|1699824022\n|switch|p2a: Samurott|Samurott-Hisui, F|100\/100\n|turn|4\n|\n|t:|1699824028\n|move|p1a: FORT|Will-O-Wisp|p2a: Samurott\n|-status|p2a: Samurott|brn\n|move|p2a: Samurott|Ceaseless Edge|p1a: FORT\n|-damage|p1a: FORT|75\/100\n|-enditem|p1a: FORT|Air Balloon\n|-sidestart|p1: Welli0u|Spikes\n|\n|-heal|p1a: FORT|82\/100|[from] Grassy Terrain\n|-damage|p2a: Samurott|94\/100 brn|[from] brn\n|upkeep\n|turn|5\n|inactive|Potatochan789 has 210 seconds left.\n|inactive|Welli0u has 270 seconds left.\n|\n|t:|1699824068\n|switch|p2a: Dragapult|Dragapult, M|100\/100\n|move|p1a: FORT|Stealth Rock|p2a: Dragapult\n|-sidestart|p2: Potatochan789|move: Stealth Rock\n|\n|-heal|p1a: FORT|88\/100|[from] Grassy Terrain\n|-fieldend|move: Grassy Terrain\n|upkeep\n|turn|6\n|inactive|Potatochan789 has 180 seconds left.\n|\n|t:|1699824097\n|move|p2a: Dragapult|U-turn|p1a: FORT\n|-resisted|p1a: FORT\n|-damage|p1a: FORT|84\/100\n|\n|t:|1699824099\n|switch|p2a: Ting-Lu|Ting-Lu|100\/100|[from] U-turn\n|-damage|p2a: Ting-Lu|94\/100|[from] Stealth Rock\n|-ability|p2a: Ting-Lu|Vessel of Ruin\n|move|p1a: FORT|Magma Storm|p2a: Ting-Lu\n|-damage|p2a: Ting-Lu|73\/100\n|-activate|p2a: Ting-Lu|move: Magma Storm|[of] p1a: FORT\n|\n|-heal|p2a: Ting-Lu|79\/100|[from] item: Leftovers\n|-damage|p2a: Ting-Lu|66\/100|[from] move: Magma Storm|[partiallytrapped]\n|upkeep\n|turn|7\n|\n|t:|1699824115\n|move|p1a: FORT|Will-O-Wisp|p2a: Ting-Lu\n|-status|p2a: Ting-Lu|brn\n|move|p2a: Ting-Lu|Stealth Rock|p1a: FORT\n|-sidestart|p1: Welli0u|move: Stealth Rock\n|\n|-heal|p2a: Ting-Lu|73\/100 brn|[from] item: Leftovers\n|-damage|p2a: Ting-Lu|66\/100 brn|[from] brn\n|-damage|p2a: Ting-Lu|54\/100 brn|[from] move: Magma Storm|[partiallytrapped]\n|upkeep\n|turn|8\n|inactive|Welli0u has 270 seconds left.\n|inactive|Welli0u has 240 seconds left.\n|\n|t:|1699824165\n|move|p1a: FORT|Magma Storm|p2a: Ting-Lu\n|-damage|p2a: Ting-Lu|30\/100 brn\n|move|p2a: Ting-Lu|Ruination|p1a: FORT\n|-damage|p1a: FORT|42\/100\n|\n|-heal|p2a: Ting-Lu|37\/100 brn|[from] item: Leftovers\n|-damage|p2a: Ting-Lu|30\/100 brn|[from] brn\n|-damage|p2a: Ting-Lu|18\/100 brn|[from] move: Magma Storm|[partiallytrapped]\n|upkeep\n|turn|9\n|inactive|Welli0u has 240 seconds left.\n|inactive|Welli0u has 210 seconds left.\n|\n|t:|1699824207\n|move|p1a: FORT|Magma Storm|p2a: Ting-Lu\n|-damage|p2a: Ting-Lu|0 fnt\n|faint|p2a: Ting-Lu\n|\n|upkeep\n|\n|t:|1699824224\n|switch|p2a: Sneasler|Sneasler, M|100\/100\n|turn|10\n|inactive|Welli0u has 210 seconds left.\n|\n|t:|1699824253\n|move|p2a: Sneasler|Close Combat|p1a: FORT\n|-supereffective|p1a: FORT\n|-damage|p1a: FORT|0 fnt\n|-unboost|p2a: Sneasler|def|1\n|-unboost|p2a: Sneasler|spd|1\n|faint|p1a: FORT\n|\n|upkeep\n|\n|t:|1699824270\n|switch|p1a: A45|Great Tusk|100\/100\n|-damage|p1a: A45|88\/100|[from] Spikes\n|-damage|p1a: A45|85\/100|[from] Stealth Rock\n|-enditem|p1a: A45|Booster Energy\n|-activate|p1a: A45|ability: Protosynthesis|[fromitem]\n|-start|p1a: A45|protosynthesisspe\n|turn|11\n|inactive|Potatochan789 has 210 seconds left.\n|inactive|Welli0u has 180 seconds left.\n|inactive|Potatochan789 has 180 seconds left.\n|\n|t:|1699824339\n|switch|p2a: Corviknight|Corviknight, F|100\/100\n|-damage|p2a: Corviknight|88\/100|[from] Stealth Rock\n|-ability|p2a: Corviknight|Pressure\n|move|p1a: A45|Rapid Spin|p2a: Corviknight\n|-resisted|p2a: Corviknight\n|-damage|p2a: Corviknight|83\/100\n|-boost|p1a: A45|spe|1\n|-damage|p1a: A45|68\/100|[from] item: Rocky Helmet|[of] p2a: Corviknight\n|-sideend|p1: Welli0u|Spikes|[from] move: Rapid Spin|[of] p1a: A45\n|-sideend|p1: Welli0u|Stealth Rock|[from] move: Rapid Spin|[of] p1a: A45\n|\n|upkeep\n|turn|12\n|inactive|Welli0u has 150 seconds left.\n|inactive|Potatochan789 has 150 seconds left.\n|\n|t:|1699824389\n|move|p1a: A45|Bulk Up|p1a: A45\n|-boost|p1a: A45|atk|1\n|-boost|p1a: A45|def|1\n|move|p2a: Corviknight|Brave Bird|p1a: A45\n|-supereffective|p1a: A45\n|-damage|p1a: A45|38\/100\n|-damage|p2a: Corviknight|72\/100|[from] Recoil\n|\n|upkeep\n|turn|13\n|\n|t:|1699824400\n|move|p1a: A45|Bulk Up|p1a: A45\n|-boost|p1a: A45|atk|1\n|-boost|p1a: A45|def|1\n|move|p2a: Corviknight|Roost|p2a: Corviknight\n|-heal|p2a: Corviknight|100\/100\n|-singleturn|p2a: Corviknight|move: Roost\n|\n|upkeep\n|turn|14\n|\n|t:|1699824409\n|move|p1a: A45|Bulk Up|p1a: A45\n|-boost|p1a: A45|atk|1\n|-boost|p1a: A45|def|1\n|move|p2a: Corviknight|Iron Defense|p2a: Corviknight\n|-boost|p2a: Corviknight|def|2\n|\n|upkeep\n|turn|15\n|\n|t:|1699824416\n|move|p1a: A45|Ice Spinner|p2a: Corviknight\n|-damage|p2a: Corviknight|80\/100\n|-damage|p1a: A45|21\/100|[from] item: Rocky Helmet|[of] p2a: Corviknight\n|move|p2a: Corviknight|Brave Bird|p1a: A45\n|-supereffective|p1a: A45\n|-damage|p1a: A45|4\/100\n|-damage|p2a: Corviknight|74\/100|[from] Recoil\n|\n|upkeep\n|turn|16\n|\n|t:|1699824425\n|move|p1a: A45|Ice Spinner|p2a: Corviknight\n|-damage|p2a: Corviknight|53\/100\n|-damage|p1a: A45|0 fnt|[from] item: Rocky Helmet|[of] p2a: Corviknight\n|faint|p1a: A45\n|-end|p1a: A45|Protosynthesis|[silent]\n|move|p2a: Corviknight|Roost|p2a: Corviknight\n|-heal|p2a: Corviknight|100\/100\n|-singleturn|p2a: Corviknight|move: Roost\n|\n|upkeep\n|\n|t:|1699824428\n|switch|p1a: ISSHIN ASHINA|Dragapult, F|100\/100\n|turn|17\n|inactive|Potatochan789 has 150 seconds left.\n|inactive|Welli0u has 150 seconds left.\n|\n|t:|1699824465\n|-terastallize|p2a: Corviknight|Fire\n|move|p1a: ISSHIN ASHINA|Hex|p2a: Corviknight\n|-damage|p2a: Corviknight|73\/100\n|move|p2a: Corviknight|Brave Bird|p1a: ISSHIN ASHINA\n|-damage|p1a: ISSHIN ASHINA|51\/100\n|-damage|p2a: Corviknight|61\/100|[from] Recoil\n|\n|upkeep\n|turn|18\n|inactive|Potatochan789 has 120 seconds left.\n|inactive|Potatochan789 has 90 seconds left.\n|inactive|Potatochan789 has 60 seconds left.\n|\n|t:|1699824557\n|move|p1a: ISSHIN ASHINA|Thunder Wave|p2a: Corviknight\n|-status|p2a: Corviknight|par\n|cant|p2a: Corviknight|par\n|\n|upkeep\n|turn|19\n|inactive|Potatochan789 has 60 seconds left.\n|\n|t:|1699824578\n|move|p1a: ISSHIN ASHINA|Hex|p2a: Corviknight\n|-damage|p2a: Corviknight|6\/100 par\n|move|p2a: Corviknight|Brave Bird|p1a: ISSHIN ASHINA\n|-damage|p1a: ISSHIN ASHINA|6\/100\n|-damage|p2a: Corviknight|0 fnt|[from] Recoil\n|faint|p2a: Corviknight\n|\n|upkeep\n|inactive|Potatochan789 has 30 seconds left.\n|\n|t:|1699824606\n|switch|p2a: Dragapult|Dragapult, M|100\/100\n|turn|20\n|\n|t:|1699824616\n|move|p1a: ISSHIN ASHINA|Draco Meteor|p2a: Dragapult\n|-supereffective|p2a: Dragapult\n|-crit|p2a: Dragapult\n|-damage|p2a: Dragapult|0 fnt\n|-unboost|p1a: ISSHIN ASHINA|spa|2\n|faint|p2a: Dragapult\n|\n|upkeep\n|\n|t:|1699824621\n|switch|p2a: Samurott|Samurott-Hisui, F|94\/100 brn\n|turn|21\n|\n|t:|1699824637\n|move|p1a: ISSHIN ASHINA|Draco Meteor|p2a: Samurott\n|-damage|p2a: Samurott|54\/100 brn\n|-unboost|p1a: ISSHIN ASHINA|spa|2\n|move|p2a: Samurott|Ceaseless Edge|p1a: ISSHIN ASHINA\n|-supereffective|p1a: ISSHIN ASHINA\n|-damage|p1a: ISSHIN ASHINA|0 fnt\n|-sidestart|p1: Welli0u|Spikes\n|faint|p1a: ISSHIN ASHINA\n|\n|-damage|p2a: Samurott|48\/100 brn|[from] brn\n|upkeep\n|\n|t:|1699824646\n|switch|p1a: MIDI MINUIT|Rillaboom, M|100\/100\n|-damage|p1a: MIDI MINUIT|88\/100|[from] Spikes\n|-fieldstart|move: Grassy Terrain|[from] ability: Grassy Surge|[of] p1a: MIDI MINUIT\n|turn|22\n|inactive|Potatochan789 has 30 seconds left.\n|inactive|Potatochan789 has 20 seconds left.\n|\n|t:|1699824689\n|switch|p2a: Sneasler|Sneasler, M|100\/100\n|move|p1a: MIDI MINUIT|U-turn|p2a: Sneasler\n|-resisted|p2a: Sneasler\n|-damage|p2a: Sneasler|84\/100\n|inactive|Potatochan789 has 25 seconds left this turn.\n|\n|t:|1699824695\n|switch|p1a: CHARBONNER|Sneasler, M|100\/100|[from] U-turn\n|-damage|p1a: CHARBONNER|88\/100|[from] Spikes\n|-enditem|p1a: CHARBONNER|Grassy Seed\n|-boost|p1a: CHARBONNER|def|1|[from] item: Grassy Seed\n|\n|-heal|p1a: CHARBONNER|94\/100|[from] Grassy Terrain\n|-heal|p2a: Sneasler|90\/100|[from] Grassy Terrain\n|upkeep\n|turn|23\n|\n|t:|1699824704\n|-terastallize|p1a: CHARBONNER|Ghost\n|move|p2a: Sneasler|Fake Out|p1a: CHARBONNER\n|-immune|p1a: CHARBONNER\n|move|p1a: CHARBONNER|Shadow Claw|p2a: Sneasler\n|-damage|p2a: Sneasler|24\/100\n|\n|-heal|p1a: CHARBONNER|99\/100|[from] Grassy Terrain\n|-heal|p2a: Sneasler|30\/100|[from] Grassy Terrain\n|upkeep\n|turn|24\n|\n|t:|1699824708\n|move|p1a: CHARBONNER|Shadow Claw|p2a: Sneasler\n|-damage|p2a: Sneasler|0 fnt\n|faint|p2a: Sneasler\n|\n|-heal|p1a: CHARBONNER|100\/100|[from] Grassy Terrain\n|upkeep\n|\n|t:|1699824710\n|switch|p2a: Samurott|Samurott-Hisui, F|48\/100 brn\n|turn|25\n|\n|t:|1699824713\n|move|p2a: Samurott|Sucker Punch|p1a: CHARBONNER\n|-supereffective|p1a: CHARBONNER\n|-damage|p1a: CHARBONNER|64\/100\n|move|p1a: CHARBONNER|Close Combat|p2a: Samurott\n|-supereffective|p2a: Samurott\n|-damage|p2a: Samurott|0 fnt\n|-unboost|p1a: CHARBONNER|def|1\n|-unboost|p1a: CHARBONNER|spd|1\n|faint|p2a: Samurott\n|\n|win|Welli0u\n|c|\u2606Welli0u|gg\n|c|\u2606Potatochan789|gg\n|player|p1|Welli0u|#splxivscooters2\n","uploadtime":1699824714,"views":521,"p1id":"welli0u","p2id":"potatochan789","formatid":"gen9ou","rating":0,"private":0,"password":""}