{"id":"smogtours-gen9ou-729908","p1":"Arm & Sorciere","p2":"Skyrio&Joya","format":"[Gen 9] OU","log":"|inactive|Battle timer is ON: inactive players will automatically lose when time's up.\n|t:|1699722323\n|gametype|singles\n|player|p1|Arm & Sorciere|170|\n|player|p2|Skyrio&Joya|#fcl10samurott|\n|teamsize|p1|6\n|teamsize|p2|6\n|gen|9\n|tier|[Gen 9] OU\n|rule|Sleep Clause Mod: Limit one foe put to sleep\n|rule|Species Clause: Limit one of each Pok\u00e9mon\n|rule|OHKO Clause: OHKO moves are banned\n|rule|Evasion Items Clause: Evasion items are banned\n|rule|Evasion Moves Clause: Evasion moves are banned\n|rule|Endless Battle Clause: Forcing endless battles is banned\n|rule|HP Percentage Mod: HP is shown in percentages\n|clearpoke\n|poke|p1|Gliscor, F|\n|poke|p1|Clefable, M|\n|poke|p1|Skeledirge, F|\n|poke|p1|Samurott-Hisui, F|\n|poke|p1|Zamazenta-*|\n|poke|p1|Zapdos|\n|poke|p2|Ceruledge, F|\n|poke|p2|Ting-Lu|\n|poke|p2|Rillaboom, M|\n|poke|p2|Sneasler, M|\n|poke|p2|Iron Valiant|\n|poke|p2|Dragonite, F|\n|teampreview\n|inactive|Skyrio&Joya also wants the timer to be on.\n|c|\u2606Skyrio&Joya|Hf\n|c|\u2606Arm & Sorciere|Glhf \n|inactive|Arm & Sorciere has 270 seconds left.\n|inactive|Skyrio&Joya has 270 seconds left.\n|inactive|Arm & Sorciere has 240 seconds left.\n|inactive|Skyrio&Joya has 240 seconds left.\n|c|+Umberto_test|arm goat\n|inactive|Skyrio&Joya has 210 seconds left.\n|\n|t:|1699722425\n|start\n|switch|p1a: Clefable|Clefable, M|100\/100\n|switch|p2a: Rillaboom|Rillaboom, M|100\/100\n|-fieldstart|move: Grassy Terrain|[from] ability: Grassy Surge|[of] p2a: Rillaboom\n|turn|1\n|inactive|Arm & Sorciere has 270 seconds left.\n|\n|t:|1699722445\n|move|p2a: Rillaboom|Knock Off|p1a: Clefable\n|-resisted|p1a: Clefable\n|-damage|p1a: Clefable|87\/100\n|-enditem|p1a: Clefable|Sticky Barb|[from] move: Knock Off|[of] p2a: Rillaboom\n|move|p1a: Clefable|Stealth Rock|p2a: Rillaboom\n|-sidestart|p2: Skyrio&Joya|move: Stealth Rock\n|\n|-heal|p1a: Clefable|93\/100|[from] Grassy Terrain\n|upkeep\n|turn|2\n|inactive|Arm & Sorciere has 270 seconds left.\n|inactive|Skyrio&Joya has 240 seconds left.\n|\n|t:|1699722489\n|move|p2a: Rillaboom|Swords Dance|p2a: Rillaboom\n|-boost|p2a: Rillaboom|atk|2\n|move|p1a: Clefable|Knock Off|p2a: Rillaboom\n|-damage|p2a: Rillaboom|84\/100\n|-enditem|p2a: Rillaboom|Heavy-Duty Boots|[from] move: Knock Off|[of] p1a: Clefable\n|\n|-heal|p2a: Rillaboom|91\/100|[from] Grassy Terrain\n|-heal|p1a: Clefable|99\/100|[from] Grassy Terrain\n|upkeep\n|turn|3\n|inactive|Arm & Sorciere has 240 seconds left.\n|\n|t:|1699722533\n|switch|p1a: Skeledirge|Skeledirge, F|100\/100\n|move|p2a: Rillaboom|Knock Off|p1a: Skeledirge\n|-supereffective|p1a: Skeledirge\n|-damage|p1a: Skeledirge|40\/100\n|-enditem|p1a: Skeledirge|Heavy-Duty Boots|[from] move: Knock Off|[of] p2a: Rillaboom\n|\n|-heal|p2a: Rillaboom|97\/100|[from] Grassy Terrain\n|-heal|p1a: Skeledirge|46\/100|[from] Grassy Terrain\n|upkeep\n|turn|4\n|inactive|Arm & Sorciere has 210 seconds left.\n|inactive|Skyrio&Joya has 210 seconds left.\n|inactive|Skyrio&Joya has 180 seconds left.\n|inactive|Skyrio&Joya has 150 seconds left.\n|\n|t:|1699722644\n|-terastallize|p2a: Rillaboom|Grass\n|move|p2a: Rillaboom|Wood Hammer|p1a: Skeledirge\n|-resisted|p1a: Skeledirge\n|-damage|p1a: Skeledirge|0 fnt\n|faint|p1a: Skeledirge\n|-damage|p2a: Rillaboom|79\/100|[from] Recoil\n|\n|-heal|p2a: Rillaboom|85\/100|[from] Grassy Terrain\n|upkeep\n|inactive|Arm & Sorciere has 210 seconds left.\n|\n|t:|1699722668\n|switch|p1a: Zapdos|Zapdos|100\/100\n|turn|5\n|inactive|Skyrio&Joya has 120 seconds left.\n|\n|t:|1699722704\n|switch|p2a: Ting-Lu|Ting-Lu|100\/100\n|-damage|p2a: Ting-Lu|94\/100|[from] Stealth Rock\n|-ability|p2a: Ting-Lu|Vessel of Ruin\n|move|p1a: Zapdos|Hurricane|p2a: Ting-Lu\n|-damage|p2a: Ting-Lu|76\/100\n|-enditem|p2a: Ting-Lu|Red Card|[of] p1a: Zapdos\n|drag|p1a: Samurott|Samurott-Hisui, F|100\/100\n|\n|-heal|p2a: Ting-Lu|82\/100|[from] Grassy Terrain\n|-fieldend|move: Grassy Terrain\n|upkeep\n|turn|6\n|inactive|Arm & Sorciere has 180 seconds left.\n|inactive|Skyrio&Joya has 90 seconds left.\n|inactive|Arm & Sorciere has 150 seconds left.\n|\n|t:|1699722768\n|move|p1a: Samurott|Ceaseless Edge|p2a: Ting-Lu\n|-resisted|p2a: Ting-Lu\n|-damage|p2a: Ting-Lu|69\/100\n|-sidestart|p2: Skyrio&Joya|Spikes\n|move|p2a: Ting-Lu|Earthquake|p1a: Samurott\n|-damage|p1a: Samurott|61\/100\n|\n|upkeep\n|turn|7\n|inactive|Skyrio&Joya has 90 seconds left.\n|inactive|Arm & Sorciere has 150 seconds left.\n|\n|t:|1699722782\n|switch|p2a: Dragonite|Dragonite, F|100\/100\n|move|p1a: Samurott|Ceaseless Edge|p2a: Dragonite\n|-damage|p2a: Dragonite|73\/100\n|-sidestart|p2: Skyrio&Joya|Spikes\n|\n|upkeep\n|turn|8\n|inactive|Arm & Sorciere has 150 seconds left.\n|inactive|Skyrio&Joya has 90 seconds left.\n|\n|t:|1699722815\n|move|p2a: Dragonite|Earthquake|p1a: Samurott\n|-damage|p1a: Samurott|19\/100\n|move|p1a: Samurott|Taunt|p2a: Dragonite\n|-start|p2a: Dragonite|move: Taunt\n|\n|upkeep\n|turn|9\n|inactive|Skyrio&Joya has 60 seconds left.\n|\n|t:|1699722841\n|switch|p1a: Clefable|Clefable, M|99\/100\n|move|p2a: Dragonite|Extreme Speed|p1a: Clefable\n|-damage|p1a: Clefable|76\/100\n|\n|upkeep\n|turn|10\n|inactive|Skyrio&Joya has 60 seconds left.\n|inactive|Arm & Sorciere has 120 seconds left.\n|\n|t:|1699722860\n|switch|p2a: Ceruledge|Ceruledge, F|100\/100\n|switch|p1a: Zapdos|Zapdos|100\/100\n|\n|upkeep\n|turn|11\n|inactive|Arm & Sorciere has 120 seconds left.\n|\n|t:|1699722880\n|move|p1a: Zapdos|Thunder Wave|p2a: Ceruledge\n|-status|p2a: Ceruledge|par\n|move|p2a: Ceruledge|Bitter Blade|p1a: Zapdos\n|-damage|p1a: Zapdos|64\/100\n|\n|upkeep\n|turn|12\n|inactive|Arm & Sorciere has 120 seconds left.\n|\n|t:|1699722889\n|move|p1a: Zapdos|Hurricane|p2a: Ceruledge|[miss]\n|-miss|p1a: Zapdos|p2a: Ceruledge\n|move|p2a: Ceruledge|Bulk Up|p2a: Ceruledge\n|-boost|p2a: Ceruledge|atk|1\n|-boost|p2a: Ceruledge|def|1\n|\n|upkeep\n|turn|13\n|inactive|Skyrio&Joya has 60 seconds left.\n|\n|t:|1699722899\n|move|p1a: Zapdos|Hurricane|p2a: Ceruledge\n|-damage|p2a: Ceruledge|64\/100 par\n|-start|p2a: Ceruledge|confusion\n|-activate|p2a: Ceruledge|confusion\n|move|p2a: Ceruledge|Bitter Blade|p1a: Zapdos\n|-damage|p1a: Zapdos|9\/100\n|-heal|p2a: Ceruledge|94\/100 par|[from] drain|[of] p1a: Zapdos\n|\n|upkeep\n|turn|14\n|inactive|Arm & Sorciere has 120 seconds left.\n|inactive|Arm & Sorciere has 90 seconds left.\n|\n|t:|1699722969\n|-activate|p2a: Ceruledge|confusion\n|move|p2a: Ceruledge|Shadow Sneak|p1a: Zapdos\n|-damage|p1a: Zapdos|0 fnt\n|faint|p1a: Zapdos\n|\n|upkeep\n|\n|t:|1699722978\n|switch|p1a: Samurott|Samurott-Hisui, F|19\/100\n|turn|15\n|\n|t:|1699722986\n|-end|p2a: Ceruledge|confusion\n|move|p2a: Ceruledge|Shadow Sneak|p1a: Samurott\n|-resisted|p1a: Samurott\n|-damage|p1a: Samurott|4\/100\n|move|p1a: Samurott|Aqua Cutter|p2a: Ceruledge\n|-supereffective|p2a: Ceruledge\n|-damage|p2a: Ceruledge|11\/100 par\n|\n|upkeep\n|turn|16\n|\n|t:|1699722995\n|move|p1a: Samurott|Sucker Punch|p2a: Ceruledge\n|-supereffective|p2a: Ceruledge\n|-damage|p2a: Ceruledge|0 fnt\n|faint|p2a: Ceruledge\n|\n|upkeep\n|\n|t:|1699723006\n|switch|p2a: Rillaboom|Rillaboom, M, tera:Grass|85\/100\n|-damage|p2a: Rillaboom|72\/100|[from] Stealth Rock\n|-damage|p2a: Rillaboom|56\/100|[from] Spikes\n|-fieldstart|move: Grassy Terrain|[from] ability: Grassy Surge|[of] p2a: Rillaboom\n|turn|17\n|inactive|Arm & Sorciere has 90 seconds left.\n|\n|t:|1699723045\n|move|p2a: Rillaboom|Grassy Glide|p1a: Samurott\n|-supereffective|p1a: Samurott\n|-damage|p1a: Samurott|0 fnt\n|faint|p1a: Samurott\n|\n|-heal|p2a: Rillaboom|62\/100|[from] Grassy Terrain\n|upkeep\n|inactive|Arm & Sorciere has 60 seconds left.\n|\n|t:|1699723083\n|switch|p1a: Zamazenta|Zamazenta|100\/100\n|-ability|p1a: Zamazenta|Dauntless Shield|boost\n|-boost|p1a: Zamazenta|def|1\n|turn|18\n|inactive|Skyrio&Joya has 90 seconds left.\n|inactive|Skyrio&Joya has 60 seconds left.\n|\n|t:|1699723152\n|switch|p2a: Iron Valiant|Iron Valiant|100\/100\n|-damage|p2a: Iron Valiant|94\/100|[from] Stealth Rock\n|-damage|p2a: Iron Valiant|78\/100|[from] Spikes\n|-enditem|p2a: Iron Valiant|Booster Energy\n|-activate|p2a: Iron Valiant|ability: Quark Drive|[fromitem]\n|-start|p2a: Iron Valiant|quarkdrivespe\n|-terastallize|p1a: Zamazenta|Steel\n|move|p1a: Zamazenta|Close Combat|p2a: Iron Valiant\n|-resisted|p2a: Iron Valiant\n|-damage|p2a: Iron Valiant|33\/100\n|-unboost|p1a: Zamazenta|def|1\n|-unboost|p1a: Zamazenta|spd|1\n|\n|-heal|p2a: Iron Valiant|39\/100|[from] Grassy Terrain\n|upkeep\n|turn|19\n|inactive|Arm & Sorciere has 30 seconds left.\n|inactive|Skyrio&Joya has 30 seconds left.\n|\n|t:|1699723176\n|switch|p1a: Clefable|Clefable, M|76\/100\n|move|p2a: Iron Valiant|Aura Sphere|p1a: Clefable\n|-resisted|p1a: Clefable\n|-damage|p1a: Clefable|58\/100\n|\n|-heal|p2a: Iron Valiant|45\/100|[from] Grassy Terrain\n|-heal|p1a: Clefable|64\/100|[from] Grassy Terrain\n|upkeep\n|turn|20\n|inactive|Arm & Sorciere has 30 seconds left.\n|inactive|Skyrio&Joya has 30 seconds left.\n|inactive|Skyrio&Joya has 20 seconds left.\n|\n|t:|1699723198\n|move|p2a: Iron Valiant|Taunt|p1a: Clefable\n|-start|p1a: Clefable|move: Taunt\n|move|p1a: Clefable|Moonblast|p2a: Iron Valiant\n|-supereffective|p2a: Iron Valiant\n|-damage|p2a: Iron Valiant|0 fnt\n|faint|p2a: Iron Valiant\n|-end|p2a: Iron Valiant|Quark Drive|[silent]\n|\n|-heal|p1a: Clefable|70\/100|[from] Grassy Terrain\n|upkeep\n|inactive|Skyrio&Joya has 25 seconds left this turn.\n|inactive|Skyrio&Joya has 20 seconds left.\n|\n|t:|1699723206\n|switch|p2a: Sneasler|Sneasler, M|100\/100\n|-damage|p2a: Sneasler|95\/100|[from] Stealth Rock\n|-damage|p2a: Sneasler|78\/100|[from] Spikes\n|-enditem|p2a: Sneasler|Grassy Seed\n|-boost|p2a: Sneasler|def|1|[from] item: Grassy Seed\n|turn|21\n|inactive|Skyrio&Joya has 30 seconds left this turn.\n|inactive|Arm & Sorciere has 30 seconds left.\n|inactive|Arm & Sorciere has 20 seconds left.\n|inactive|Arm & Sorciere has 15 seconds left.\n|\n|t:|1699723239\n|move|p2a: Sneasler|Swords Dance|p2a: Sneasler\n|-boost|p2a: Sneasler|atk|2\n|move|p1a: Clefable|Moonblast|p2a: Sneasler\n|-damage|p2a: Sneasler|32\/100\n|\n|-heal|p2a: Sneasler|38\/100|[from] Grassy Terrain\n|-heal|p1a: Clefable|76\/100|[from] Grassy Terrain\n|-fieldend|move: Grassy Terrain\n|upkeep\n|turn|22\n|inactive|Arm & Sorciere has 25 seconds left this turn.\n|inactive|Arm & Sorciere has 20 seconds left.\n|inactive|Skyrio&Joya has 30 seconds left.\n|inactive|Arm & Sorciere has 15 seconds left.\n|\n|t:|1699723250\n|move|p2a: Sneasler|Dire Claw|p1a: Clefable\n|-supereffective|p1a: Clefable\n|-damage|p1a: Clefable|0 fnt\n|faint|p1a: Clefable\n|\n|upkeep\n|inactive|Arm & Sorciere has 20 seconds left this turn.\n|inactive|Arm & Sorciere has 15 seconds left.\n|\n|t:|1699723257\n|switch|p1a: Gliscor|Gliscor, F|100\/100\n|turn|23\n|inactive|Arm & Sorciere has 25 seconds left this turn.\n|inactive|Arm & Sorciere has 20 seconds left.\n|inactive|Arm & Sorciere has 15 seconds left.\n|inactive|Arm & Sorciere has 10 seconds left.\n|\n|t:|1699723273\n|move|p1a: Gliscor|Protect|p1a: Gliscor\n|-singleturn|p1a: Gliscor|Protect\n|move|p2a: Sneasler|Acrobatics|p1a: Gliscor\n|-activate|p1a: Gliscor|move: Protect\n|\n|-status|p1a: Gliscor|tox|[from] item: Toxic Orb\n|upkeep\n|turn|24\n|inactive|Arm & Sorciere has 20 seconds left this turn.\n|inactive|Arm & Sorciere has 15 seconds left.\n|inactive|Arm & Sorciere has 10 seconds left.\n|inactive|Skyrio&Joya has 30 seconds left.\n|\n|t:|1699723303\n|move|p2a: Sneasler|Acrobatics|p1a: Gliscor\n|-damage|p1a: Gliscor|39\/100 tox\n|move|p1a: Gliscor|Facade|p2a: Sneasler\n|-damage|p2a: Sneasler|4\/100\n|\n|-heal|p1a: Gliscor|51\/100 tox|[from] ability: Poison Heal\n|upkeep\n|turn|25\n|inactive|Arm & Sorciere has 20 seconds left this turn.\n|inactive|Arm & Sorciere has 15 seconds left.\n|inactive|Skyrio&Joya has 30 seconds left.\n|\n|t:|1699723311\n|move|p1a: Gliscor|Protect|p1a: Gliscor\n|-singleturn|p1a: Gliscor|Protect\n|move|p2a: Sneasler|Acrobatics|p1a: Gliscor\n|-activate|p1a: Gliscor|move: Protect\n|\n|-heal|p1a: Gliscor|64\/100 tox|[from] ability: Poison Heal\n|upkeep\n|turn|26\n|inactive|Arm & Sorciere has 25 seconds left this turn.\n|inactive|Arm & Sorciere has 20 seconds left.\n|\n|t:|1699723319\n|move|p2a: Sneasler|Acrobatics|p1a: Gliscor\n|-damage|p1a: Gliscor|0 fnt\n|faint|p1a: Gliscor\n|\n|upkeep\n|inactive|Arm & Sorciere has 25 seconds left this turn.\n|inactive|Arm & Sorciere has 20 seconds left.\n|\n|t:|1699723326\n|switch|p1a: Zamazenta|Zamazenta, tera:Steel|100\/100\n|turn|27\n|inactive|Arm & Sorciere has 30 seconds left this turn.\n|c|+Umberto_test|nan\n|c|+Umberto_test|dmg\n|\n|t:|1699723332\n|move|p2a: Sneasler|Low Kick|p1a: Zamazenta\n|-supereffective|p1a: Zamazenta\n|-damage|p1a: Zamazenta|0 fnt\n|faint|p1a: Zamazenta\n|\n|win|Skyrio&Joya\n|inactive|Arm & Sorciere has 30 seconds left this turn.\n|c|\u2606Skyrio&Joya|gg\n|c|\u2606Arm & Sorciere|gg\n","uploadtime":1699723333,"views":67,"p1id":"armsorciere","p2id":"skyriojoya","formatid":"gen9ou","rating":0,"private":0,"password":""}