{"id":"smogtours-gen9ou-730592","p1":"Bonnard","p2":"velvet","format":"[Gen 9] OU","log":"|inactive|Battle timer is ON: inactive players will automatically lose when time's up.\n|t:|1699936649\n|gametype|singles\n|player|p1|Bonnard|hilbert|\n|player|p2|velvet|juliana-bb|\n|teamsize|p1|6\n|teamsize|p2|6\n|gen|9\n|tier|[Gen 9] OU\n|rule|Sleep Clause Mod: Limit one foe put to sleep\n|rule|Species Clause: Limit one of each Pok\u00e9mon\n|rule|OHKO Clause: OHKO moves are banned\n|rule|Evasion Items Clause: Evasion items are banned\n|rule|Evasion Moves Clause: Evasion moves are banned\n|rule|Endless Battle Clause: Forcing endless battles is banned\n|rule|HP Percentage Mod: HP is shown in percentages\n|clearpoke\n|poke|p1|Sneasler, M|\n|poke|p1|Rillaboom, M|\n|poke|p1|Heatran, M|\n|poke|p1|Dragapult, M|\n|poke|p1|Great Tusk|\n|poke|p1|Kingambit, M|\n|poke|p2|Amoonguss, M|\n|poke|p2|Sneasler, M|\n|poke|p2|Ogerpon, F|\n|poke|p2|Dragapult, M|\n|poke|p2|Enamorus, F|\n|poke|p2|Ting-Lu|\n|teampreview\n|inactive|Bonnard also wants the timer to be on.\n|c|\u2606velvet|Hf\n|c|\u2606Bonnard|hf\n|inactive|Bonnard has 270 seconds left.\n|inactive|Bonnard has 240 seconds left.\n|\n|t:|1699936733\n|start\n|switch|p1a: Heatran|Heatran, M|100\/100\n|switch|p2a: Enamorus|Enamorus, F|100\/100\n|-item|p1a: Heatran|Air Balloon\n|turn|1\n|inactive|Bonnard has 270 seconds left.\n|inactive|velvet has 270 seconds left.\n|inactive|velvet has 240 seconds left.\n|inactive|Bonnard has 240 seconds left.\n|inactive|velvet has 210 seconds left.\n|inactive|Bonnard has 210 seconds left.\n|\n|t:|1699936841\n|move|p2a: Enamorus|Focus Blast|p1a: Heatran\n|-supereffective|p1a: Heatran\n|-damage|p1a: Heatran|0 fnt\n|-enditem|p1a: Heatran|Air Balloon\n|faint|p1a: Heatran\n|\n|upkeep\n|inactive|Bonnard has 210 seconds left.\n|c|\u2606Bonnard|didnt know it got that \n|inactive|Bonnard has 180 seconds left.\n|c|\u2606velvet|I forgot it got earth power so I gave it that\n|c|\u2606velvet|didnt think it\u2019d come in handy though\n|inactive|Bonnard has 150 seconds left.\n|\n|t:|1699936928\n|switch|p1a: Dragapult|Dragapult, M|100\/100\n|turn|2\n|\n|t:|1699936950\n|switch|p1a: Rillaboom|Rillaboom, M|100\/100\n|-fieldstart|move: Grassy Terrain|[from] ability: Grassy Surge|[of] p1a: Rillaboom\n|switch|p2a: Amoonguss|Amoonguss, M|100\/100\n|\n|upkeep\n|turn|3\n|inactive|Bonnard has 120 seconds left.\n|\n|t:|1699936987\n|move|p1a: Rillaboom|U-turn|p2a: Amoonguss\n|-damage|p2a: Amoonguss|75\/100\n|\n|t:|1699936989\n|switch|p1a: Dragapult|Dragapult, M|100\/100|[from] U-turn\n|move|p2a: Amoonguss|Spore|p1a: Dragapult\n|-status|p1a: Dragapult|slp|[from] move: Spore\n|\n|-heal|p2a: Amoonguss|81\/100|[from] Grassy Terrain\n|upkeep\n|turn|4\n|\n|t:|1699937007\n|switch|p1a: Sneasler|Sneasler, M|100\/100\n|-enditem|p1a: Sneasler|Grassy Seed\n|-boost|p1a: Sneasler|def|1|[from] item: Grassy Seed\n|switch|p2a: Dragapult|Dragapult, M|100\/100\n|\n|upkeep\n|turn|5\n|inactive|Bonnard has 90 seconds left.\n|inactive|Bonnard has 60 seconds left.\n|inactive|Bonnard has 30 seconds left.\n|\n|t:|1699937099\n|move|p1a: Sneasler|Swords Dance|p1a: Sneasler\n|-boost|p1a: Sneasler|atk|2\n|move|p2a: Dragapult|Will-O-Wisp|p1a: Sneasler\n|-status|p1a: Sneasler|brn\n|\n|-damage|p1a: Sneasler|95\/100 brn|[from] brn\n|upkeep\n|turn|6\n|inactive|Bonnard has 30 seconds left.\n|\n|t:|1699937110\n|switch|p2a: Ting-Lu|Ting-Lu|100\/100\n|-ability|p2a: Ting-Lu|Vessel of Ruin\n|move|p1a: Sneasler|Dire Claw|p2a: Ting-Lu\n|-resisted|p2a: Ting-Lu\n|-damage|p2a: Ting-Lu|88\/100\n|\n|-heal|p1a: Sneasler|100\/100 brn|[from] Grassy Terrain\n|-heal|p2a: Ting-Lu|94\/100|[from] Grassy Terrain\n|-heal|p2a: Ting-Lu|99\/100|[from] item: Leftovers\n|-damage|p1a: Sneasler|95\/100 brn|[from] brn\n|-fieldend|move: Grassy Terrain\n|upkeep\n|turn|7\n|inactive|Bonnard has 30 seconds left.\n|\n|t:|1699937125\n|move|p1a: Sneasler|Swords Dance|p1a: Sneasler\n|-boost|p1a: Sneasler|atk|2\n|move|p2a: Ting-Lu|Whirlwind|p1a: Sneasler\n|drag|p1a: Great Tusk|Great Tusk|100\/100\n|-enditem|p1a: Great Tusk|Booster Energy\n|-activate|p1a: Great Tusk|ability: Protosynthesis|[fromitem]\n|-start|p1a: Great Tusk|protosynthesisspe\n|\n|-heal|p2a: Ting-Lu|100\/100|[from] item: Leftovers\n|upkeep\n|turn|8\n|inactive|Bonnard has 30 seconds left.\n|\n|t:|1699937139\n|move|p1a: Great Tusk|Ice Spinner|p2a: Ting-Lu\n|-supereffective|p2a: Ting-Lu\n|-damage|p2a: Ting-Lu|76\/100\n|move|p2a: Ting-Lu|Stealth Rock|p1a: Great Tusk\n|-sidestart|p1: Bonnard|move: Stealth Rock\n|\n|-heal|p2a: Ting-Lu|83\/100|[from] item: Leftovers\n|upkeep\n|turn|9\n|inactive|velvet has 210 seconds left.\n|\n|t:|1699937147\n|move|p1a: Great Tusk|Headlong Rush|p2a: Ting-Lu\n|-damage|p2a: Ting-Lu|56\/100\n|-unboost|p1a: Great Tusk|def|1\n|-unboost|p1a: Great Tusk|spd|1\n|move|p2a: Ting-Lu|Whirlwind|p1a: Great Tusk\n|-end|p1a: Great Tusk|Protosynthesis|[silent]\n|drag|p1a: Dragapult|Dragapult, M|100\/100 slp\n|-damage|p1a: Dragapult|88\/100 slp|[from] Stealth Rock\n|\n|-heal|p2a: Ting-Lu|62\/100|[from] item: Leftovers\n|upkeep\n|turn|10\n|\n|t:|1699937153\n|switch|p2a: Dragapult|Dragapult, M|100\/100\n|cant|p1a: Dragapult|slp\n|\n|upkeep\n|turn|11\n|\n|t:|1699937157\n|move|p2a: Dragapult|Hex|p1a: Dragapult\n|-supereffective|p1a: Dragapult\n|-damage|p1a: Dragapult|0 fnt\n|faint|p1a: Dragapult\n|\n|upkeep\n|\n|t:|1699937161\n|switch|p1a: Rillaboom|Rillaboom, M|100\/100\n|-damage|p1a: Rillaboom|88\/100|[from] Stealth Rock\n|-fieldstart|move: Grassy Terrain|[from] ability: Grassy Surge|[of] p1a: Rillaboom\n|turn|12\n|inactive|velvet has 240 seconds left.\n|\n|t:|1699937169\n|move|p2a: Dragapult|U-turn|p1a: Rillaboom\n|-supereffective|p1a: Rillaboom\n|-damage|p1a: Rillaboom|51\/100\n|\n|t:|1699937170\n|switch|p2a: Ogerpon|Ogerpon, F|100\/100|[from] U-turn\n|move|p1a: Rillaboom|Knock Off|p2a: Ogerpon\n|-damage|p2a: Ogerpon|27\/100\n|-enditem|p2a: Ogerpon|Heavy-Duty Boots|[from] move: Knock Off|[of] p1a: Rillaboom\n|\n|-heal|p2a: Ogerpon|33\/100|[from] Grassy Terrain\n|-heal|p1a: Rillaboom|57\/100|[from] Grassy Terrain\n|upkeep\n|turn|13\n|\n|t:|1699937175\n|switch|p1a: Sneasler|Sneasler, M|95\/100 brn\n|-damage|p1a: Sneasler|89\/100 brn|[from] Stealth Rock\n|move|p2a: Ogerpon|U-turn|p1a: Sneasler\n|-resisted|p1a: Sneasler\n|-damage|p1a: Sneasler|78\/100 brn\n|\n|t:|1699937183\n|switch|p2a: Dragapult|Dragapult, M|100\/100|[from] U-turn\n|\n|-heal|p1a: Sneasler|84\/100 brn|[from] Grassy Terrain\n|-damage|p1a: Sneasler|78\/100 brn|[from] brn\n|upkeep\n|turn|14\n|\n|t:|1699937187\n|move|p2a: Dragapult|Hex|p1a: Sneasler\n|-damage|p1a: Sneasler|8\/100 brn\n|move|p1a: Sneasler|Shadow Claw|p2a: Dragapult\n|-supereffective|p2a: Dragapult\n|-damage|p2a: Dragapult|65\/100\n|\n|-heal|p2a: Dragapult|71\/100|[from] Grassy Terrain\n|-heal|p1a: Sneasler|14\/100 brn|[from] Grassy Terrain\n|-damage|p1a: Sneasler|8\/100 brn|[from] brn\n|upkeep\n|turn|15\n|\n|t:|1699937190\n|move|p2a: Dragapult|Hex|p1a: Sneasler\n|-damage|p1a: Sneasler|0 fnt\n|faint|p1a: Sneasler\n|\n|-heal|p2a: Dragapult|77\/100|[from] Grassy Terrain\n|upkeep\n|\n|t:|1699937199\n|switch|p1a: Rillaboom|Rillaboom, M|57\/100\n|-damage|p1a: Rillaboom|44\/100|[from] Stealth Rock\n|turn|16\n|\n|t:|1699937202\n|move|p2a: Dragapult|U-turn|p1a: Rillaboom\n|-supereffective|p1a: Rillaboom\n|-crit|p1a: Rillaboom\n|-damage|p1a: Rillaboom|0 fnt\n|faint|p1a: Rillaboom\n|\n|t:|1699937206\n|switch|p2a: Sneasler|Sneasler, M|100\/100|[from] U-turn\n|\n|-fieldend|move: Grassy Terrain\n|upkeep\n|\n|t:|1699937210\n|switch|p1a: Great Tusk|Great Tusk|100\/100\n|-damage|p1a: Great Tusk|97\/100|[from] Stealth Rock\n|turn|17\n|\n|t:|1699937212\n|move|p2a: Sneasler|Fake Out|p1a: Great Tusk\n|-damage|p1a: Great Tusk|89\/100\n|cant|p1a: Great Tusk|flinch\n|\n|upkeep\n|turn|18\n|\n|t:|1699937214\n|move|p2a: Sneasler|U-turn|p1a: Great Tusk\n|-resisted|p1a: Great Tusk\n|-damage|p1a: Great Tusk|81\/100\n|\n|t:|1699937216\n|switch|p2a: Ogerpon|Ogerpon, F|33\/100|[from] U-turn\n|move|p1a: Great Tusk|Rapid Spin|p2a: Ogerpon\n|-damage|p2a: Ogerpon|12\/100\n|-boost|p1a: Great Tusk|spe|1\n|-sideend|p1: Bonnard|Stealth Rock|[from] move: Rapid Spin|[of] p1a: Great Tusk\n|\n|upkeep\n|turn|19\n|inactive|Bonnard has 150 seconds left.\n|\n|t:|1699937222\n|move|p1a: Great Tusk|Ice Spinner|p2a: Ogerpon\n|-supereffective|p2a: Ogerpon\n|-damage|p2a: Ogerpon|0 fnt\n|faint|p2a: Ogerpon\n|\n|upkeep\n|\n|t:|1699937225\n|switch|p2a: Ting-Lu|Ting-Lu|62\/100\n|-ability|p2a: Ting-Lu|Vessel of Ruin\n|turn|20\n|\n|t:|1699937233\n|move|p1a: Great Tusk|Headlong Rush|p2a: Ting-Lu\n|-crit|p2a: Ting-Lu\n|-damage|p2a: Ting-Lu|22\/100\n|-unboost|p1a: Great Tusk|def|1\n|-unboost|p1a: Great Tusk|spd|1\n|move|p2a: Ting-Lu|Whirlwind|p1a: Great Tusk\n|-end|p1a: Great Tusk|Protosynthesis|[silent]\n|drag|p1a: Kingambit|Kingambit, M|100\/100\n|-activate|p1a: Kingambit|ability: Supreme Overlord\n|-start|p1a: Kingambit|fallen4|[silent]\n|\n|-heal|p2a: Ting-Lu|29\/100|[from] item: Leftovers\n|upkeep\n|turn|21\n|\n|t:|1699937237\n|move|p1a: Kingambit|Iron Head|p2a: Ting-Lu\n|-damage|p2a: Ting-Lu|0 fnt\n|faint|p2a: Ting-Lu\n|\n|upkeep\n|\n|t:|1699937241\n|switch|p2a: Sneasler|Sneasler, M|100\/100\n|turn|22\n|inactive|Bonnard has 180 seconds left.\n|\n|t:|1699937258\n|-end|p1a: Kingambit|fallen4|[silent]\n|switch|p1a: Great Tusk|Great Tusk|81\/100\n|move|p2a: Sneasler|Close Combat|p1a: Great Tusk\n|-damage|p1a: Great Tusk|45\/100\n|-unboost|p2a: Sneasler|def|1\n|-unboost|p2a: Sneasler|spd|1\n|\n|upkeep\n|turn|23\n|\n|t:|1699937264\n|move|p2a: Sneasler|U-turn|p1a: Great Tusk\n|-resisted|p1a: Great Tusk\n|-damage|p1a: Great Tusk|38\/100\n|\n|t:|1699937266\n|switch|p2a: Dragapult|Dragapult, M|77\/100|[from] U-turn\n|move|p1a: Great Tusk|Headlong Rush|p2a: Dragapult\n|-damage|p2a: Dragapult|6\/100\n|-unboost|p1a: Great Tusk|def|1\n|-unboost|p1a: Great Tusk|spd|1\n|\n|upkeep\n|turn|24\n|\n|t:|1699937272\n|move|p2a: Dragapult|Hex|p1a: Great Tusk\n|-damage|p1a: Great Tusk|0 fnt\n|faint|p1a: Great Tusk\n|-end|p1a: Great Tusk|Protosynthesis|[silent]\n|\n|upkeep\n|\n|t:|1699937276\n|switch|p1a: Kingambit|Kingambit, M|100\/100\n|-activate|p1a: Kingambit|ability: Supreme Overlord\n|-start|p1a: Kingambit|fallen5|[silent]\n|turn|25\n|\n|t:|1699937296\n|move|p2a: Dragapult|Will-O-Wisp|p1a: Kingambit\n|-status|p1a: Kingambit|brn\n|-enditem|p1a: Kingambit|Lum Berry|[eat]\n|-curestatus|p1a: Kingambit|brn|[msg]\n|move|p1a: Kingambit|Swords Dance|p1a: Kingambit\n|-boost|p1a: Kingambit|atk|2\n|\n|upkeep\n|turn|26\n|inactive|Bonnard has 180 seconds left.\n|inactive|Bonnard has 150 seconds left.\n|\n|t:|1699937364\n|move|p2a: Dragapult|Will-O-Wisp|p1a: Kingambit\n|-status|p1a: Kingambit|brn\n|move|p1a: Kingambit|Swords Dance|p1a: Kingambit\n|-boost|p1a: Kingambit|atk|2\n|\n|-damage|p1a: Kingambit|94\/100 brn|[from] brn\n|upkeep\n|turn|27\n|inactive|Bonnard has 120 seconds left.\n|inactive|velvet has 270 seconds left.\n|inactive|velvet has 240 seconds left.\n|\n|t:|1699937426\n|move|p2a: Dragapult|Hex|p1a: Kingambit\n|-resisted|p1a: Kingambit\n|-damage|p1a: Kingambit|61\/100 brn\n|move|p1a: Kingambit|Swords Dance|p1a: Kingambit\n|-boost|p1a: Kingambit|atk|2\n|\n|-damage|p1a: Kingambit|54\/100 brn|[from] brn\n|upkeep\n|turn|28\n|inactive|velvet has 240 seconds left.\n|inactive|Bonnard has 90 seconds left.\n|\n|t:|1699937457\n|switch|p2a: Amoonguss|Amoonguss, M|100\/100\n|move|p1a: Kingambit|Sucker Punch||[still]\n|-fail|p1a: Kingambit\n|\n|-damage|p1a: Kingambit|48\/100 brn|[from] brn\n|upkeep\n|turn|29\n|inactive|velvet has 240 seconds left.\n|\n|t:|1699937469\n|-terastallize|p2a: Amoonguss|Steel\n|move|p1a: Kingambit|Kowtow Cleave|p2a: Amoonguss\n|-damage|p2a: Amoonguss|0 fnt\n|faint|p2a: Amoonguss\n|\n|-damage|p1a: Kingambit|42\/100 brn|[from] brn\n|upkeep\n|\n|t:|1699937473\n|switch|p2a: Sneasler|Sneasler, M|100\/100\n|turn|30\n|\n|t:|1699937479\n|move|p2a: Sneasler|Fake Out|p1a: Kingambit\n|-resisted|p1a: Kingambit\n|-damage|p1a: Kingambit|36\/100 brn\n|cant|p1a: Kingambit|flinch\n|\n|-damage|p1a: Kingambit|30\/100 brn|[from] brn\n|upkeep\n|turn|31\n|inactive|Bonnard has 90 seconds left.\n|inactive|velvet has 240 seconds left.\n|\n|t:|1699937516\n|switch|p2a: Enamorus|Enamorus, F|100\/100\n|move|p1a: Kingambit|Kowtow Cleave|p2a: Enamorus\n|-resisted|p2a: Enamorus\n|-damage|p2a: Enamorus|0 fnt\n|faint|p2a: Enamorus\n|\n|-damage|p1a: Kingambit|24\/100 brn|[from] brn\n|upkeep\n|\n|t:|1699937518\n|switch|p2a: Dragapult|Dragapult, M|6\/100\n|turn|32\n|inactive|Bonnard has 90 seconds left.\n|inactive|velvet has 240 seconds left.\n|inactive|Bonnard has 60 seconds left.\n|inactive|velvet has 210 seconds left.\n|inactive|Bonnard has 30 seconds left.\n|inactive|velvet has 180 seconds left.\n|inactive|Bonnard has 20 seconds left.\n|c|+Exotic64|most normal kingambit endgame\n|inactive|Bonnard has 15 seconds left.\n|inactive|Bonnard has 10 seconds left.\n|c|+namegenerator214|bonnard\n|c|+namegenerator214|timer\n|\n|t:|1699937622\n|switch|p2a: Sneasler|Sneasler, M|100\/100\n|move|p1a: Kingambit|Kowtow Cleave|p2a: Sneasler\n|-resisted|p2a: Sneasler\n|-damage|p2a: Sneasler|0 fnt\n|faint|p2a: Sneasler\n|\n|-damage|p1a: Kingambit|18\/100 brn|[from] brn\n|upkeep\n|inactive|Bonnard has 15 seconds left this turn.\n|\n|t:|1699937624\n|switch|p2a: Dragapult|Dragapult, M|6\/100\n|turn|33\n|inactive|Bonnard has 25 seconds left this turn.\n|inactive|Bonnard has 20 seconds left.\n|inactive|Bonnard has 15 seconds left.\n|inactive|Bonnard has 10 seconds left.\n|inactive|velvet has 150 seconds left.\n|\n|t:|1699937646\n|move|p2a: Dragapult|Hex|p1a: Kingambit\n|-resisted|p1a: Kingambit\n|-damage|p1a: Kingambit|0 fnt\n|faint|p1a: Kingambit\n|-end|p1a: Kingambit|fallen5|[silent]\n|\n|win|velvet\n|inactive|Bonnard has 15 seconds left this turn.\n|c|+Isza|Bonnard timer\n|c|\u2606Bonnard|NOOO\n|c|\u2606velvet|Oh boy\n|c|\u2606Bonnard|gg\n|c|+namegenerator214|nooo\n|c|\u2606velvet|I forget how scary late game kingambit was\n|c|\u2606velvet|Gg\n","uploadtime":1699937647,"views":83,"p1id":"bonnard","p2id":"velvet","formatid":"gen9ou","rating":0,"private":0,"password":""}