{"id":"smogtours-gen9ou-730833","p1":"Shiif & Zena","p2":"shraider&arty","format":"[Gen 9] OU","log":"|inactive|Battle timer is ON: inactive players will automatically lose when time's up.\n|t:|1700168545\n|gametype|singles\n|player|p1|Shiif & Zena|#stt5noadkokoroyal|\n|player|p2|shraider&arty|1|\n|teamsize|p1|6\n|teamsize|p2|6\n|gen|9\n|tier|[Gen 9] OU\n|rule|Sleep Clause Mod: Limit one foe put to sleep\n|rule|Species Clause: Limit one of each Pok\u00e9mon\n|rule|OHKO Clause: OHKO moves are banned\n|rule|Evasion Items Clause: Evasion items are banned\n|rule|Evasion Moves Clause: Evasion moves are banned\n|rule|Endless Battle Clause: Forcing endless battles is banned\n|rule|HP Percentage Mod: HP is shown in percentages\n|clearpoke\n|poke|p1|Enamorus, F|\n|poke|p1|Sneasler, M|\n|poke|p1|Great Tusk|\n|poke|p1|Slowking-Galar, M|\n|poke|p1|Rillaboom, M|\n|poke|p1|Kingambit, M|\n|poke|p2|Rillaboom, M|\n|poke|p2|Sneasler, M|\n|poke|p2|Zamazenta-*|\n|poke|p2|Manaphy|\n|poke|p2|Heatran, F|\n|poke|p2|Hatterene, F|\n|teampreview\n|inactive|Shiif & Zena has 270 seconds left.\n|inactive|shraider&arty has 270 seconds left.\n|inactive|shraider&arty has 240 seconds left.\n|\n|t:|1700168618\n|start\n|switch|p1a: Sneasler|Sneasler, M|100\/100\n|switch|p2a: Iron Bands|Rillaboom, M|100\/100\n|-fieldstart|move: Grassy Terrain|[from] ability: Grassy Surge|[of] p2a: Iron Bands\n|turn|1\n|c|+Nowelle|lgi zena et shiif!\n|inactive|shraider&arty has 270 seconds left.\n|c|\u2606shraider&arty|hf\n|c|\u2606Shiif & Zena|hf les bros\n|inactive|shraider&arty has 240 seconds left.\n|\n|t:|1700168687\n|switch|p2a: Michael Vick|Zamazenta|100\/100\n|-ability|p2a: Michael Vick|Dauntless Shield|boost\n|-boost|p2a: Michael Vick|def|1\n|move|p1a: Sneasler|U-turn|p2a: Michael Vick\n|-resisted|p2a: Michael Vick\n|-damage|p2a: Michael Vick|95\/100\n|inactive|Shiif & Zena has 270 seconds left.\n|c|+riyadland|oh zena\n|\n|t:|1700168732\n|switch|p1a: Slowking|Slowking-Galar, M|100\/100|[from] U-turn\n|\n|-heal|p2a: Michael Vick|100\/100|[from] Grassy Terrain\n|upkeep\n|turn|2\n|inactive|shraider&arty has 240 seconds left.\n|c|\u2606Shiif & Zena|oh riyad \n|inactive|shraider&arty has 210 seconds left.\n|\n|t:|1700168775\n|switch|p2a: Mr Worldwide|Heatran, F|100\/100\n|-item|p2a: Mr Worldwide|Air Balloon\n|move|p1a: Slowking|Future Sight|p2a: Mr Worldwide\n|-start|p1a: Slowking|move: Future Sight\n|\n|upkeep\n|turn|3\n|inactive|shraider&arty has 210 seconds left.\n|\n|t:|1700168792\n|move|p2a: Mr Worldwide|Taunt|p1a: Slowking\n|-start|p1a: Slowking|move: Taunt\n|cant|p1a: Slowking|move: Taunt|Chilly Reception\n|\n|upkeep\n|turn|4\n|inactive|Shiif & Zena has 270 seconds left.\n|inactive|shraider&arty has 210 seconds left.\n|\n|t:|1700168813\n|switch|p1a: Great Tusk|Great Tusk|100\/100\n|move|p2a: Mr Worldwide|Magma Storm|p1a: Great Tusk|[miss]\n|-miss|p2a: Mr Worldwide|p1a: Great Tusk\n|\n|-end|p2a: Mr Worldwide|move: Future Sight\n|-resisted|p2a: Mr Worldwide\n|-damage|p2a: Mr Worldwide|86\/100\n|-enditem|p2a: Mr Worldwide|Air Balloon\n|-heal|p2a: Mr Worldwide|92\/100|[from] Grassy Terrain\n|upkeep\n|turn|5\n|inactive|shraider&arty has 210 seconds left.\n|inactive|Shiif & Zena has 240 seconds left.\n|\n|t:|1700168840\n|switch|p2a: Saint Laurent Hatt|Hatterene, F|100\/100\n|-enditem|p2a: Saint Laurent Hatt|Grassy Seed\n|-boost|p2a: Saint Laurent Hatt|def|1|[from] item: Grassy Seed\n|move|p1a: Great Tusk|Knock Off|p2a: Saint Laurent Hatt\n|-damage|p2a: Saint Laurent Hatt|90\/100\n|\n|-heal|p2a: Saint Laurent Hatt|96\/100|[from] Grassy Terrain\n|-fieldend|move: Grassy Terrain\n|upkeep\n|turn|6\n|inactive|Shiif & Zena has 240 seconds left.\n|inactive|Shiif & Zena has 210 seconds left.\n|\n|t:|1700168882\n|-end|p1a: Great Tusk|Protosynthesis|[silent]\n|switch|p1a: Slowking|Slowking-Galar, M|100\/100\n|move|p2a: Saint Laurent Hatt|Calm Mind|p2a: Saint Laurent Hatt\n|-boost|p2a: Saint Laurent Hatt|spa|1\n|-boost|p2a: Saint Laurent Hatt|spd|1\n|\n|upkeep\n|turn|7\n|inactive|shraider&arty has 180 seconds left.\n|\n|t:|1700168912\n|move|p2a: Saint Laurent Hatt|Psyshock|p1a: Slowking\n|-damage|p1a: Slowking|45\/100\n|move|p1a: Slowking|Sludge Bomb|p2a: Saint Laurent Hatt\n|-supereffective|p2a: Saint Laurent Hatt\n|-damage|p2a: Saint Laurent Hatt|47\/100\n|\n|upkeep\n|turn|8\n|inactive|Shiif & Zena has 210 seconds left.\n|inactive|shraider&arty has 150 seconds left.\n|inactive|Shiif & Zena has 180 seconds left.\n|c|%Tricking|Bonne chance Zena\n|c|+Umberto_test|ratio tricking\n|c|+Shafofficiel|reste mignon umberto\n|c|+Nowelle|ratio umberto_test\n|inactive|Shiif & Zena has 150 seconds left.\n|c|\u2606Shiif & Zena|thx tricking \n|c|%Tricking|Umberto_test t'es qui?\n|\n|t:|1700169020\n|switch|p1a: Kingambit|Kingambit, M|100\/100\n|move|p2a: Saint Laurent Hatt|Nuzzle|p1a: Kingambit\n|-damage|p1a: Kingambit|97\/100\n|-status|p1a: Kingambit|par\n|-enditem|p1a: Kingambit|Lum Berry|[eat]\n|-curestatus|p1a: Kingambit|par|[msg]\n|\n|upkeep\n|turn|9\n|inactive|shraider&arty has 120 seconds left.\n|inactive|Shiif & Zena has 120 seconds left.\n|\n|t:|1700169069\n|move|p1a: Kingambit|Swords Dance|p1a: Kingambit\n|-boost|p1a: Kingambit|atk|2\n|move|p2a: Saint Laurent Hatt|Draining Kiss|p1a: Kingambit\n|-damage|p1a: Kingambit|58\/100\n|-heal|p2a: Saint Laurent Hatt|78\/100|[from] drain|[of] p1a: Kingambit\n|\n|upkeep\n|turn|10\n|\n|t:|1700169077\n|move|p1a: Kingambit|Kowtow Cleave|p2a: Saint Laurent Hatt\n|-damage|p2a: Saint Laurent Hatt|23\/100\n|move|p2a: Saint Laurent Hatt|Draining Kiss|p1a: Kingambit\n|-damage|p1a: Kingambit|16\/100\n|-heal|p2a: Saint Laurent Hatt|57\/100|[from] drain|[of] p1a: Kingambit\n|\n|upkeep\n|turn|11\n|\n|t:|1700169085\n|move|p1a: Kingambit|Kowtow Cleave|p2a: Saint Laurent Hatt\n|-damage|p2a: Saint Laurent Hatt|6\/100\n|move|p2a: Saint Laurent Hatt|Draining Kiss|p1a: Kingambit\n|-damage|p1a: Kingambit|0 fnt\n|-heal|p2a: Saint Laurent Hatt|18\/100|[from] drain|[of] p1a: Kingambit\n|faint|p1a: Kingambit\n|-end|p1a: Kingambit|fallenundefined|[silent]\n|\n|upkeep\n|c|+Akalli|ofc\n|\n|t:|1700169097\n|switch|p1a: Sneasler|Sneasler, M|100\/100\n|turn|12\n|inactive|shraider&arty has 120 seconds left.\n|\n|t:|1700169104\n|move|p1a: Sneasler|Fake Out|p2a: Saint Laurent Hatt\n|-damage|p2a: Saint Laurent Hatt|10\/100\n|cant|p2a: Saint Laurent Hatt|flinch\n|\n|upkeep\n|turn|13\n|\n|t:|1700169108\n|move|p1a: Sneasler|U-turn|p2a: Saint Laurent Hatt\n|-damage|p2a: Saint Laurent Hatt|0 fnt\n|faint|p2a: Saint Laurent Hatt\n|inactive|Shiif & Zena has 120 seconds left.\n|\n|t:|1700169125\n|switch|p1a: Enamorus|Enamorus, F|100\/100|[from] U-turn\n|\n|upkeep\n|inactive|shraider&arty has 120 seconds left.\n|inactive|shraider&arty has 90 seconds left.\n|c|\u2606Shiif & Zena|lagtest \n|inactive|shraider&arty has 60 seconds left.\n|\n|t:|1700169206\n|switch|p2a: Iron Bands|Rillaboom, M|100\/100\n|-fieldstart|move: Grassy Terrain|[from] ability: Grassy Surge|[of] p2a: Iron Bands\n|turn|14\n|inactive|shraider&arty has 60 seconds left.\n|inactive|Shiif & Zena has 120 seconds left.\n|inactive|Shiif & Zena has 90 seconds left.\n|\n|t:|1700169268\n|switch|p1a: Slowking|Slowking-Galar, M|78\/100\n|move|p2a: Iron Bands|Wood Hammer|p1a: Slowking\n|-resisted|p1a: Slowking\n|-damage|p1a: Slowking|8\/100\n|-damage|p2a: Iron Bands|76\/100|[from] Recoil\n|\n|-heal|p2a: Iron Bands|82\/100|[from] Grassy Terrain\n|-heal|p1a: Slowking|14\/100|[from] Grassy Terrain\n|upkeep\n|turn|15\n|\n|t:|1700169277\n|move|p2a: Iron Bands|Wood Hammer|p1a: Slowking\n|-resisted|p1a: Slowking\n|-damage|p1a: Slowking|0 fnt\n|faint|p1a: Slowking\n|-damage|p2a: Iron Bands|77\/100|[from] Recoil\n|\n|-heal|p2a: Iron Bands|84\/100|[from] Grassy Terrain\n|upkeep\n|\n|t:|1700169282\n|switch|p1a: Sneasler|Sneasler, M|100\/100\n|turn|16\n|\n|t:|1700169293\n|switch|p2a: Michael Vick|Zamazenta|100\/100\n|move|p1a: Sneasler|Dire Claw|p2a: Michael Vick\n|-damage|p2a: Michael Vick|67\/100\n|-status|p2a: Michael Vick|psn\n|\n|-heal|p2a: Michael Vick|73\/100 psn|[from] Grassy Terrain\n|-heal|p2a: Michael Vick|80\/100 psn|[from] item: Leftovers\n|-damage|p2a: Michael Vick|67\/100 psn|[from] psn\n|upkeep\n|turn|17\n|inactive|Shiif & Zena has 90 seconds left.\n|inactive|shraider&arty has 60 seconds left.\n|\n|t:|1700169314\n|move|p2a: Michael Vick|Heavy Slam|p1a: Sneasler\n|-damage|p1a: Sneasler|56\/100\n|move|p1a: Sneasler|U-turn|p2a: Michael Vick\n|-resisted|p2a: Michael Vick\n|-damage|p2a: Michael Vick|58\/100 psn\n|inactive|Shiif & Zena has 90 seconds left.\n|\n|t:|1700169340\n|switch|p1a: Rillaboom|Rillaboom, M|100\/100|[from] U-turn\n|\n|-heal|p2a: Michael Vick|64\/100 psn|[from] Grassy Terrain\n|-heal|p2a: Michael Vick|71\/100 psn|[from] item: Leftovers\n|-damage|p2a: Michael Vick|58\/100 psn|[from] psn\n|upkeep\n|turn|18\n|inactive|shraider&arty has 60 seconds left.\n|\n|t:|1700169371\n|move|p2a: Michael Vick|Body Press|p1a: Rillaboom\n|-damage|p1a: Rillaboom|57\/100\n|move|p1a: Rillaboom|U-turn|p2a: Michael Vick\n|-resisted|p2a: Michael Vick\n|-damage|p2a: Michael Vick|46\/100 psn\n|inactive|Shiif & Zena has 60 seconds left.\n|\n|t:|1700169405\n|switch|p1a: Enamorus|Enamorus, F|100\/100|[from] U-turn\n|\n|-heal|p2a: Michael Vick|53\/100 psn|[from] Grassy Terrain\n|-heal|p2a: Michael Vick|59\/100 psn|[from] item: Leftovers\n|-damage|p2a: Michael Vick|46\/100 psn|[from] psn\n|-fieldend|move: Grassy Terrain\n|upkeep\n|turn|19\n|inactive|Shiif & Zena has 30 seconds left.\n|inactive|shraider&arty has 30 seconds left.\n|\n|t:|1700169443\n|switch|p1a: Great Tusk|Great Tusk|100\/100\n|move|p2a: Michael Vick|Heavy Slam|p1a: Great Tusk\n|-crit|p1a: Great Tusk\n|-damage|p1a: Great Tusk|89\/100\n|\n|-heal|p2a: Michael Vick|53\/100 psn|[from] item: Leftovers\n|-damage|p2a: Michael Vick|40\/100 psn|[from] psn\n|upkeep\n|turn|20\n|inactive|Shiif & Zena has 30 seconds left.\n|inactive|shraider&arty has 30 seconds left.\n|inactive|Shiif & Zena has 20 seconds left.\n|inactive|shraider&arty has 20 seconds left.\n|inactive|Shiif & Zena has 15 seconds left.\n|\n|t:|1700169464\n|move|p2a: Michael Vick|Heavy Slam|p1a: Great Tusk\n|-damage|p1a: Great Tusk|83\/100\n|move|p1a: Great Tusk|Knock Off|p2a: Michael Vick\n|-resisted|p2a: Michael Vick\n|-damage|p2a: Michael Vick|30\/100 psn\n|-enditem|p2a: Michael Vick|Leftovers|[from] move: Knock Off|[of] p1a: Great Tusk\n|\n|-damage|p2a: Michael Vick|17\/100 psn|[from] psn\n|upkeep\n|turn|21\n|inactive|Shiif & Zena has 25 seconds left this turn.\n|inactive|shraider&arty has 30 seconds left this turn.\n|inactive|Shiif & Zena has 20 seconds left.\n|\n|t:|1700169470\n|move|p2a: Michael Vick|Body Press|p1a: Great Tusk\n|-damage|p1a: Great Tusk|60\/100\n|move|p1a: Great Tusk|Rapid Spin|p2a: Michael Vick\n|-damage|p2a: Michael Vick|7\/100 psn\n|-boost|p1a: Great Tusk|spe|1\n|\n|-damage|p2a: Michael Vick|0 fnt|[from] psn\n|faint|p2a: Michael Vick\n|upkeep\n|inactive|Shiif & Zena has 25 seconds left this turn.\n|inactive|shraider&arty has 30 seconds left.\n|\n|t:|1700169483\n|switch|p2a: Peculiar Mixture|Manaphy|100\/100\n|turn|22\n|c|%Tricking|On gagne.\n|inactive|Shiif & Zena has 30 seconds left.\n|inactive|Shiif & Zena has 20 seconds left.\n|inactive|Shiif & Zena has 15 seconds left.\n|inactive|Shiif & Zena has 10 seconds left.\n|\n|t:|1700169509\n|move|p1a: Great Tusk|Knock Off|p2a: Peculiar Mixture\n|-damage|p2a: Peculiar Mixture|78\/100\n|-enditem|p2a: Peculiar Mixture|Leftovers|[from] move: Knock Off|[of] p1a: Great Tusk\n|move|p2a: Peculiar Mixture|Acid Armor|p2a: Peculiar Mixture\n|-boost|p2a: Peculiar Mixture|def|2\n|\n|upkeep\n|turn|23\n|inactive|Shiif & Zena has 20 seconds left this turn.\n|inactive|Shiif & Zena has 15 seconds left.\n|inactive|Shiif & Zena has 10 seconds left.\n|\n|t:|1700169522\n|-end|p1a: Great Tusk|Protosynthesis|[silent]\n|switch|p1a: Rillaboom|Rillaboom, M|57\/100\n|-fieldstart|move: Grassy Terrain|[from] ability: Grassy Surge|[of] p1a: Rillaboom\n|move|p2a: Peculiar Mixture|Take Heart|p2a: Peculiar Mixture\n|-boost|p2a: Peculiar Mixture|spa|1\n|-boost|p2a: Peculiar Mixture|spd|1\n|\n|-heal|p2a: Peculiar Mixture|84\/100|[from] Grassy Terrain\n|-heal|p1a: Rillaboom|63\/100|[from] Grassy Terrain\n|upkeep\n|turn|24\n|inactive|Shiif & Zena has 20 seconds left this turn.\n|inactive|Shiif & Zena has 15 seconds left.\n|\n|t:|1700169534\n|-terastallize|p2a: Peculiar Mixture|Poison\n|move|p2a: Peculiar Mixture|Acid Armor|p2a: Peculiar Mixture\n|-boost|p2a: Peculiar Mixture|def|2\n|move|p1a: Rillaboom|U-turn|p2a: Peculiar Mixture\n|-resisted|p2a: Peculiar Mixture\n|-damage|p2a: Peculiar Mixture|79\/100\n|inactive|Shiif & Zena has 20 seconds left this turn.\n|inactive|Shiif & Zena has 15 seconds left.\n|\n|t:|1700169541\n|switch|p1a: Enamorus|Enamorus, F|100\/100|[from] U-turn\n|\n|-heal|p2a: Peculiar Mixture|86\/100|[from] Grassy Terrain\n|upkeep\n|turn|25\n|inactive|Shiif & Zena has 25 seconds left this turn.\n|\n|t:|1700169556\n|move|p1a: Enamorus|Earth Power|p2a: Peculiar Mixture\n|-supereffective|p2a: Peculiar Mixture\n|-damage|p2a: Peculiar Mixture|48\/100\n|move|p2a: Peculiar Mixture|Stored Power|p1a: Enamorus\n|-damage|p1a: Enamorus|29\/100\n|\n|-heal|p2a: Peculiar Mixture|54\/100|[from] Grassy Terrain\n|upkeep\n|turn|26\n|\n|t:|1700169562\n|move|p1a: Enamorus|Earth Power|p2a: Peculiar Mixture\n|-supereffective|p2a: Peculiar Mixture\n|-damage|p2a: Peculiar Mixture|18\/100\n|move|p2a: Peculiar Mixture|Stored Power|p1a: Enamorus\n|-crit|p1a: Enamorus\n|-damage|p1a: Enamorus|0 fnt\n|faint|p1a: Enamorus\n|\n|-heal|p2a: Peculiar Mixture|25\/100|[from] Grassy Terrain\n|upkeep\n|inactive|Shiif & Zena has 30 seconds left.\n|inactive|Shiif & Zena has 20 seconds left.\n|inactive|Shiif & Zena has 15 seconds left.\n|inactive|Shiif & Zena has 10 seconds left.\n|inactive|Shiif & Zena has 5 seconds left.\n|\n|t:|1700169599\n|switch|p1a: Great Tusk|Great Tusk|60\/100\n|turn|27\n|inactive|Shiif & Zena has 15 seconds left this turn.\n|\n|t:|1700169603\n|move|p2a: Peculiar Mixture|Scald|p1a: Great Tusk\n|-supereffective|p1a: Great Tusk\n|-damage|p1a: Great Tusk|0 fnt\n|faint|p1a: Great Tusk\n|-end|p1a: Great Tusk|Protosynthesis|[silent]\n|\n|-heal|p2a: Peculiar Mixture|31\/100|[from] Grassy Terrain\n|-fieldend|move: Grassy Terrain\n|upkeep\n|inactive|Shiif & Zena has 20 seconds left this turn.\n|inactive|Shiif & Zena has 15 seconds left.\n|\n|t:|1700169609\n|switch|p1a: Sneasler|Sneasler, M|56\/100\n|turn|28\n|inactive|Shiif & Zena has 25 seconds left this turn.\n|\n|t:|1700169623\n|move|p1a: Sneasler|Fake Out|p2a: Peculiar Mixture\n|-damage|p2a: Peculiar Mixture|27\/100\n|cant|p2a: Peculiar Mixture|flinch\n|\n|upkeep\n|turn|29\n|\n|t:|1700169627\n|move|p1a: Sneasler|Dire Claw|p2a: Peculiar Mixture\n|-resisted|p2a: Peculiar Mixture\n|-damage|p2a: Peculiar Mixture|21\/100\n|-status|p2a: Peculiar Mixture|par\n|move|p2a: Peculiar Mixture|Stored Power|p1a: Sneasler\n|-supereffective|p1a: Sneasler\n|-damage|p1a: Sneasler|0 fnt\n|faint|p1a: Sneasler\n|\n|upkeep\n|\n|t:|1700169630\n|switch|p1a: Rillaboom|Rillaboom, M|63\/100\n|-fieldstart|move: Grassy Terrain|[from] ability: Grassy Surge|[of] p1a: Rillaboom\n|turn|30\n|\n|t:|1700169637\n|move|p1a: Rillaboom|Wood Hammer|p2a: Peculiar Mixture\n|-resisted|p2a: Peculiar Mixture\n|-damage|p2a: Peculiar Mixture|3\/100 par\n|-damage|p1a: Rillaboom|57\/100|[from] Recoil\n|move|p2a: Peculiar Mixture|Stored Power|p1a: Rillaboom\n|-damage|p1a: Rillaboom|0 fnt\n|faint|p1a: Rillaboom\n|\n|win|shraider&arty\n|c|\u2606Shiif & Zena|gg\n|c|\u2606shraider&arty|gg\n","uploadtime":1700169638,"views":87,"p1id":"shiifzena","p2id":"shraiderarty","formatid":"gen9ou","rating":0,"private":0,"password":""}