{"id":"smogtours-gen9ou-730461","p1":"Finchinator","p2":"Bloody alfa","format":"[Gen 9] OU","log":"|inactive|Battle timer is ON: inactive players will automatically lose when time's up.\n|t:|1699827873\n|gametype|singles\n|player|p1|Finchinator|#scl3platoon2|\n|player|p2|Bloody alfa|unknown|\n|teamsize|p1|6\n|teamsize|p2|6\n|gen|9\n|tier|[Gen 9] OU\n|rule|Sleep Clause Mod: Limit one foe put to sleep\n|rule|Species Clause: Limit one of each Pok\u00e9mon\n|rule|OHKO Clause: OHKO moves are banned\n|rule|Evasion Items Clause: Evasion items are banned\n|rule|Evasion Moves Clause: Evasion moves are banned\n|rule|Endless Battle Clause: Forcing endless battles is banned\n|rule|HP Percentage Mod: HP is shown in percentages\n|clearpoke\n|poke|p1|Zamazenta-*|\n|poke|p1|Slowking, F|\n|poke|p1|Heatran, F|\n|poke|p1|Clefable, F|\n|poke|p1|Gliscor, F|\n|poke|p1|Meowscarada, F|\n|poke|p2|Dragonite, M|\n|poke|p2|Dragapult, M|\n|poke|p2|Gyarados, F|\n|poke|p2|Iron Valiant|\n|poke|p2|Ceruledge, M|\n|poke|p2|Great Tusk|\n|teampreview\n|inactive|Bloody alfa also wants the timer to be on.\n|c|\u2606Finchinator|hf\n|raw|<div class=\"broadcast-red\"><strong>Moderated chat was set to \u2606!<\/strong><br \/>Only users of rank \u2606 and higher can talk.<\/div>\n|c|\u2606Bloody alfa|hf\n|inactive|Finchinator has 270 seconds left.\n|inactive|Bloody alfa has 270 seconds left.\n|inactive|Finchinator has 240 seconds left.\n|inactive|Bloody alfa has 240 seconds left.\n|inactive|Bloody alfa has 210 seconds left.\n|inactive|Finchinator has 210 seconds left.\n|\n|t:|1699828000\n|start\n|switch|p1a: Gliscor|Gliscor, F|100\/100\n|switch|p2a: Iron Valiant|Iron Valiant|100\/100\n|-enditem|p2a: Iron Valiant|Booster Energy\n|-activate|p2a: Iron Valiant|ability: Quark Drive|[fromitem]\n|-start|p2a: Iron Valiant|quarkdrivespe\n|turn|1\n|\n|t:|1699828008\n|move|p1a: Gliscor|Protect|p1a: Gliscor\n|-singleturn|p1a: Gliscor|Protect\n|move|p2a: Iron Valiant|Taunt|p1a: Gliscor\n|-activate|p1a: Gliscor|move: Protect\n|\n|-status|p1a: Gliscor|tox|[from] item: Toxic Orb\n|upkeep\n|turn|2\n|\n|t:|1699828012\n|move|p2a: Iron Valiant|Moonblast|p1a: Gliscor\n|-damage|p1a: Gliscor|61\/100 tox\n|move|p1a: Gliscor|Facade|p2a: Iron Valiant\n|-damage|p2a: Iron Valiant|60\/100\n|\n|-heal|p1a: Gliscor|74\/100 tox|[from] ability: Poison Heal\n|upkeep\n|turn|3\n|inactive|Bloody alfa has 270 seconds left.\n|\n|t:|1699828024\n|move|p2a: Iron Valiant|Moonblast|p1a: Gliscor\n|-damage|p1a: Gliscor|32\/100 tox\n|-unboost|p1a: Gliscor|spa|1\n|move|p1a: Gliscor|Facade|p2a: Iron Valiant\n|-damage|p2a: Iron Valiant|17\/100\n|\n|-heal|p1a: Gliscor|45\/100 tox|[from] ability: Poison Heal\n|upkeep\n|turn|4\n|\n|t:|1699828029\n|move|p1a: Gliscor|Protect|p1a: Gliscor\n|-singleturn|p1a: Gliscor|Protect\n|move|p2a: Iron Valiant|Moonblast|p1a: Gliscor\n|-activate|p1a: Gliscor|move: Protect\n|\n|-heal|p1a: Gliscor|57\/100 tox|[from] ability: Poison Heal\n|upkeep\n|turn|5\n|\n|t:|1699828037\n|move|p2a: Iron Valiant|Moonblast|p1a: Gliscor\n|-damage|p1a: Gliscor|14\/100 tox\n|-unboost|p1a: Gliscor|spa|1\n|move|p1a: Gliscor|Facade|p2a: Iron Valiant\n|-damage|p2a: Iron Valiant|0 fnt\n|faint|p2a: Iron Valiant\n|-end|p2a: Iron Valiant|Quark Drive|[silent]\n|\n|-heal|p1a: Gliscor|27\/100 tox|[from] ability: Poison Heal\n|upkeep\n|inactive|Bloody alfa has 270 seconds left.\n|\n|t:|1699828073\n|switch|p2a: Nyaarados|Gyarados, F, shiny|100\/100\n|turn|6\n|inactive|Finchinator has 270 seconds left.\n|\n|t:|1699828099\n|move|p2a: Nyaarados|Dragon Dance|p2a: Nyaarados\n|-boost|p2a: Nyaarados|atk|1\n|-boost|p2a: Nyaarados|spe|1\n|move|p1a: Gliscor|Facade|p2a: Nyaarados\n|-damage|p2a: Nyaarados|64\/100\n|\n|-heal|p2a: Nyaarados|70\/100|[from] item: Leftovers\n|-heal|p1a: Gliscor|39\/100 tox|[from] ability: Poison Heal\n|upkeep\n|turn|7\n|inactive|Finchinator has 270 seconds left.\n|inactive|Bloody alfa has 240 seconds left.\n|\n|t:|1699828119\n|move|p2a: Nyaarados|Waterfall|p1a: Gliscor\n|-supereffective|p1a: Gliscor\n|-damage|p1a: Gliscor|0 fnt\n|faint|p1a: Gliscor\n|-ability|p2a: Nyaarados|Moxie|boost\n|-boost|p2a: Nyaarados|atk|1\n|\n|-heal|p2a: Nyaarados|76\/100|[from] item: Leftovers\n|upkeep\n|\n|t:|1699828121\n|switch|p1a: Clefable|Clefable, F|100\/100\n|turn|8\n|\n|t:|1699828127\n|move|p2a: Nyaarados|Substitute|p2a: Nyaarados\n|-start|p2a: Nyaarados|Substitute\n|-damage|p2a: Nyaarados|51\/100\n|move|p1a: Clefable|Moonblast|p2a: Nyaarados\n|-crit|p2a: Nyaarados\n|-end|p2a: Nyaarados|Substitute\n|\n|-heal|p2a: Nyaarados|57\/100|[from] item: Leftovers\n|upkeep\n|turn|9\n|\n|t:|1699828143\n|-terastallize|p2a: Nyaarados|Flying\n|move|p2a: Nyaarados|Tera Blast|p1a: Clefable|[anim] Tera Blast Flying\n|-damage|p1a: Clefable|61\/100\n|move|p1a: Clefable|Wish|p1a: Clefable\n|\n|-heal|p2a: Nyaarados|64\/100|[from] item: Leftovers\n|upkeep\n|turn|10\n|\n|t:|1699828154\n|switch|p2a: Catuledge|Ceruledge, M|100\/100\n|move|p1a: Clefable|Calm Mind|p1a: Clefable\n|-boost|p1a: Clefable|spa|1\n|-boost|p1a: Clefable|spd|1\n|\n|-heal|p1a: Clefable|100\/100|[from] move: Wish|[wisher] Clefable\n|upkeep\n|turn|11\n|inactive|Finchinator has 270 seconds left.\n|\n|t:|1699828194\n|switch|p1a: Zamazenta|Zamazenta|100\/100\n|-ability|p1a: Zamazenta|Dauntless Shield|boost\n|-boost|p1a: Zamazenta|def|1\n|move|p2a: Catuledge|Poltergeist|p1a: Zamazenta\n|-activate|p1a: Zamazenta|move: Poltergeist|Heavy-Duty Boots\n|-damage|p1a: Zamazenta|64\/100\n|\n|upkeep\n|turn|12\n|inactive|Bloody alfa has 240 seconds left.\n|inactive|Finchinator has 240 seconds left.\n|inactive|Bloody alfa has 210 seconds left.\n|inactive|Finchinator has 210 seconds left.\n|inactive|Bloody alfa has 180 seconds left.\n|\n|t:|1699828277\n|switch|p2a: Great Tusk|Great Tusk|100\/100\n|-enditem|p2a: Great Tusk|Booster Energy\n|-activate|p2a: Great Tusk|ability: Protosynthesis|[fromitem]\n|-start|p2a: Great Tusk|protosynthesisspe\n|move|p1a: Zamazenta|Crunch|p2a: Great Tusk\n|-resisted|p2a: Great Tusk\n|-damage|p2a: Great Tusk|93\/100\n|-unboost|p2a: Great Tusk|def|1\n|\n|upkeep\n|turn|13\n|inactive|Bloody alfa has 180 seconds left.\n|\n|t:|1699828296\n|move|p2a: Great Tusk|Earthquake|p1a: Zamazenta\n|-damage|p1a: Zamazenta|40\/100\n|move|p1a: Zamazenta|Close Combat|p2a: Great Tusk\n|-damage|p2a: Great Tusk|34\/100\n|-unboost|p1a: Zamazenta|def|1\n|-unboost|p1a: Zamazenta|spd|1\n|\n|upkeep\n|turn|14\n|inactive|Bloody alfa has 180 seconds left.\n|inactive|Finchinator has 180 seconds left.\n|\n|t:|1699828333\n|-end|p2a: Great Tusk|Protosynthesis|[silent]\n|switch|p2a: defcon 4|Dragapult, M|100\/100\n|move|p1a: Zamazenta|Close Combat|p2a: defcon 4\n|-immune|p2a: defcon 4\n|\n|upkeep\n|turn|15\n|\n|t:|1699828345\n|switch|p1a: Heatran|Heatran, F|100\/100\n|move|p2a: defcon 4|Reflect|p2a: defcon 4\n|-sidestart|p2: Bloody alfa|Reflect\n|\n|upkeep\n|turn|16\n|\n|t:|1699828359\n|switch|p2a: Great Tusk|Great Tusk|34\/100\n|move|p1a: Heatran|Stealth Rock|p2a: Great Tusk\n|-sidestart|p2: Bloody alfa|move: Stealth Rock\n|\n|upkeep\n|turn|17\n|inactive|Finchinator has 180 seconds left.\n|\n|t:|1699828394\n|move|p2a: Great Tusk|Rapid Spin|p1a: Heatran\n|-resisted|p1a: Heatran\n|-damage|p1a: Heatran|94\/100\n|-boost|p2a: Great Tusk|spe|1\n|-sideend|p2: Bloody alfa|Stealth Rock|[from] move: Rapid Spin|[of] p2a: Great Tusk\n|move|p1a: Heatran|Magma Storm|p2a: Great Tusk\n|-damage|p2a: Great Tusk|0 fnt\n|faint|p2a: Great Tusk\n|-end|p2a: Great Tusk|Protosynthesis|[silent]\n|\n|upkeep\n|inactive|Bloody alfa has 180 seconds left.\n|\n|t:|1699828405\n|switch|p2a: Nyaarados|Gyarados, F, shiny, tera:Flying|64\/100\n|turn|18\n|\n|t:|1699828429\n|move|p2a: Nyaarados|Waterfall|p1a: Heatran\n|-supereffective|p1a: Heatran\n|-damage|p1a: Heatran|25\/100\n|move|p1a: Heatran|Stealth Rock|p2a: Nyaarados\n|-sidestart|p2: Bloody alfa|move: Stealth Rock\n|\n|-heal|p2a: Nyaarados|70\/100|[from] item: Leftovers\n|upkeep\n|turn|19\n|\n|t:|1699828442\n|switch|p1a: Clefable|Clefable, F|100\/100\n|move|p2a: Nyaarados|Waterfall|p1a: Clefable\n|-damage|p1a: Clefable|71\/100\n|\n|-heal|p2a: Nyaarados|76\/100|[from] item: Leftovers\n|upkeep\n|turn|20\n|\n|t:|1699828453\n|move|p2a: Nyaarados|Waterfall|p1a: Clefable\n|-damage|p1a: Clefable|38\/100\n|move|p1a: Clefable|Wish|p1a: Clefable\n|\n|-heal|p2a: Nyaarados|82\/100|[from] item: Leftovers\n|upkeep\n|turn|21\n|\n|t:|1699828457\n|move|p1a: Clefable|Protect|p1a: Clefable\n|-singleturn|p1a: Clefable|Protect\n|move|p2a: Nyaarados|Waterfall|p1a: Clefable\n|-activate|p1a: Clefable|move: Protect\n|\n|-heal|p1a: Clefable|88\/100|[from] move: Wish|[wisher] Clefable\n|-heal|p2a: Nyaarados|89\/100|[from] item: Leftovers\n|upkeep\n|turn|22\n|\n|t:|1699828461\n|move|p2a: Nyaarados|Waterfall|p1a: Clefable\n|-damage|p1a: Clefable|59\/100\n|move|p1a: Clefable|Wish|p1a: Clefable\n|\n|-heal|p2a: Nyaarados|95\/100|[from] item: Leftovers\n|-sideend|p2: Bloody alfa|Reflect\n|upkeep\n|turn|23\n|\n|t:|1699828468\n|switch|p2a: Catuledge|Ceruledge, M|100\/100\n|-damage|p2a: Catuledge|76\/100|[from] Stealth Rock\n|move|p1a: Clefable|Calm Mind|p1a: Clefable\n|-boost|p1a: Clefable|spa|1\n|-boost|p1a: Clefable|spd|1\n|\n|-heal|p1a: Clefable|100\/100|[from] move: Wish|[wisher] Clefable\n|upkeep\n|turn|24\n|inactive|Finchinator has 180 seconds left.\n|inactive|Bloody alfa has 210 seconds left.\n|\n|t:|1699828492\n|switch|p1a: Heatran|Heatran, F|25\/100\n|move|p2a: Catuledge|Bitter Blade|p1a: Heatran\n|-start|p1a: Heatran|ability: Flash Fire\n|\n|upkeep\n|turn|25\n|inactive|Bloody alfa has 210 seconds left.\n|inactive|Finchinator has 180 seconds left.\n|\n|t:|1699828512\n|switch|p2a: defcon 4|Dragapult, M|100\/100\n|-damage|p2a: defcon 4|88\/100|[from] Stealth Rock\n|move|p1a: Heatran|Earth Power|p2a: defcon 4\n|-damage|p2a: defcon 4|55\/100\n|\n|upkeep\n|turn|26\n|\n|t:|1699828517\n|move|p2a: defcon 4|Light Screen|p2a: defcon 4\n|-sidestart|p2: Bloody alfa|move: Light Screen\n|move|p1a: Heatran|Earth Power|p2a: defcon 4\n|-damage|p2a: defcon 4|37\/100\n|\n|upkeep\n|turn|27\n|\n|t:|1699828523\n|move|p2a: defcon 4|Reflect|p2a: defcon 4\n|-sidestart|p2: Bloody alfa|Reflect\n|move|p1a: Heatran|Earth Power|p2a: defcon 4\n|-damage|p2a: defcon 4|19\/100\n|\n|upkeep\n|turn|28\n|\n|t:|1699828536\n|move|p2a: defcon 4|Draco Meteor|p1a: Heatran\n|-resisted|p1a: Heatran\n|-damage|p1a: Heatran|7\/100\n|-unboost|p2a: defcon 4|spa|2\n|move|p1a: Heatran|Earth Power|p2a: defcon 4\n|-damage|p2a: defcon 4|1\/100\n|\n|upkeep\n|turn|29\n|\n|t:|1699828546\n|-end|p1a: Heatran|ability: Flash Fire|[silent]\n|switch|p1a: Slowking|Slowking, F|100\/100\n|move|p2a: defcon 4|Draco Meteor|p1a: Slowking\n|-damage|p1a: Slowking|83\/100\n|-unboost|p2a: defcon 4|spa|2\n|\n|upkeep\n|turn|30\n|\n|t:|1699828550\n|move|p2a: defcon 4|Curse|p1a: Slowking\n|-start|p1a: Slowking|Curse|[of] p2a: defcon 4\n|-damage|p2a: defcon 4|0 fnt\n|faint|p2a: defcon 4\n|move|p1a: Slowking|Future Sight|p2: defcon 4\n|-start|p1a: Slowking|move: Future Sight\n|\n|-damage|p1a: Slowking|59\/100|[from] Curse\n|upkeep\n|inactive|Bloody alfa has 240 seconds left.\n|\n|t:|1699828561\n|switch|p2a: Nyaarados|Gyarados, F, shiny, tera:Flying|95\/100\n|-damage|p2a: Nyaarados|70\/100|[from] Stealth Rock\n|turn|31\n|inactive|Finchinator has 210 seconds left.\n|inactive|Bloody alfa has 240 seconds left.\n|inactive|Finchinator has 180 seconds left.\n|\n|t:|1699828599\n|move|p2a: Nyaarados|Dragon Dance|p2a: Nyaarados\n|-boost|p2a: Nyaarados|atk|1\n|-boost|p2a: Nyaarados|spe|1\n|move|p1a: Slowking|Chilly Reception|p1a: Slowking\n|-weather|Snow\n|\n|t:|1699828603\n|switch|p1a: Clefable|Clefable, F|100\/100|[from] Chilly Reception\n|\n|-weather|Snow|[upkeep]\n|-heal|p2a: Nyaarados|76\/100|[from] item: Leftovers\n|upkeep\n|turn|32\n|inactive|Finchinator has 180 seconds left.\n|\n|t:|1699828627\n|-terastallize|p1a: Clefable|Water\n|move|p2a: Nyaarados|Tera Blast|p1a: Clefable|[anim] Tera Blast Flying\n|-damage|p1a: Clefable|58\/100\n|move|p1a: Clefable|Calm Mind|p1a: Clefable\n|-boost|p1a: Clefable|spa|1\n|-boost|p1a: Clefable|spd|1\n|\n|-weather|Snow|[upkeep]\n|-end|p2a: Nyaarados|move: Future Sight\n|-damage|p2a: Nyaarados|54\/100\n|-heal|p2a: Nyaarados|60\/100|[from] item: Leftovers\n|upkeep\n|turn|33\n|inactive|Finchinator has 180 seconds left.\n|\n|t:|1699828633\n|move|p2a: Nyaarados|Tera Blast|p1a: Clefable|[anim] Tera Blast Flying\n|-damage|p1a: Clefable|13\/100\n|move|p1a: Clefable|Wish|p1a: Clefable\n|\n|-weather|Snow|[upkeep]\n|-heal|p2a: Nyaarados|67\/100|[from] item: Leftovers\n|-sideend|p2: Bloody alfa|move: Light Screen\n|upkeep\n|turn|34\n|\n|t:|1699828636\n|move|p1a: Clefable|Protect|p1a: Clefable\n|-singleturn|p1a: Clefable|Protect\n|move|p2a: Nyaarados|Dragon Dance|p2a: Nyaarados\n|-boost|p2a: Nyaarados|atk|1\n|-boost|p2a: Nyaarados|spe|1\n|\n|-weather|Snow|[upkeep]\n|-heal|p1a: Clefable|63\/100|[from] move: Wish|[wisher] Clefable\n|-heal|p2a: Nyaarados|73\/100|[from] item: Leftovers\n|-sideend|p2: Bloody alfa|Reflect\n|upkeep\n|turn|35\n|\n|t:|1699828642\n|move|p2a: Nyaarados|Tera Blast|p1a: Clefable|[anim] Tera Blast Flying\n|-damage|p1a: Clefable|18\/100\n|move|p1a: Clefable|Wish|p1a: Clefable\n|\n|-weather|none\n|-heal|p2a: Nyaarados|79\/100|[from] item: Leftovers\n|upkeep\n|turn|36\n|\n|t:|1699828648\n|move|p1a: Clefable|Protect|p1a: Clefable\n|-singleturn|p1a: Clefable|Protect\n|move|p2a: Nyaarados|Tera Blast|p1a: Clefable|[anim] Tera Blast Flying\n|-activate|p1a: Clefable|move: Protect\n|\n|-heal|p1a: Clefable|68\/100|[from] move: Wish|[wisher] Clefable\n|-heal|p2a: Nyaarados|85\/100|[from] item: Leftovers\n|upkeep\n|turn|37\n|inactive|Finchinator has 210 seconds left.\n|\n|t:|1699828653\n|move|p2a: Nyaarados|Tera Blast|p1a: Clefable|[anim] Tera Blast Flying\n|-damage|p1a: Clefable|28\/100\n|move|p1a: Clefable|Wish|p1a: Clefable\n|\n|-heal|p2a: Nyaarados|92\/100|[from] item: Leftovers\n|upkeep\n|turn|38\n|\n|t:|1699828658\n|move|p1a: Clefable|Protect|p1a: Clefable\n|-singleturn|p1a: Clefable|Protect\n|move|p2a: Nyaarados|Dragon Dance|p2a: Nyaarados\n|-boost|p2a: Nyaarados|atk|1\n|-boost|p2a: Nyaarados|spe|1\n|\n|-heal|p1a: Clefable|78\/100|[from] move: Wish|[wisher] Clefable\n|-heal|p2a: Nyaarados|98\/100|[from] item: Leftovers\n|upkeep\n|turn|39\n|\n|t:|1699828662\n|move|p2a: Nyaarados|Tera Blast|p1a: Clefable|[anim] Tera Blast Flying\n|-damage|p1a: Clefable|35\/100\n|move|p1a: Clefable|Wish|p1a: Clefable\n|\n|-heal|p2a: Nyaarados|100\/100|[from] item: Leftovers\n|upkeep\n|turn|40\n|\n|t:|1699828668\n|move|p1a: Clefable|Protect|p1a: Clefable\n|-singleturn|p1a: Clefable|Protect\n|move|p2a: Nyaarados|Substitute|p2a: Nyaarados\n|-start|p2a: Nyaarados|Substitute\n|-damage|p2a: Nyaarados|75\/100\n|\n|-heal|p1a: Clefable|85\/100|[from] move: Wish|[wisher] Clefable\n|-heal|p2a: Nyaarados|82\/100|[from] item: Leftovers\n|upkeep\n|turn|41\n|\n|t:|1699828672\n|move|p2a: Nyaarados|Tera Blast|p1a: Clefable|[anim] Tera Blast Flying\n|-damage|p1a: Clefable|44\/100\n|move|p1a: Clefable|Wish|p1a: Clefable\n|\n|-heal|p2a: Nyaarados|88\/100|[from] item: Leftovers\n|upkeep\n|turn|42\n|\n|t:|1699828678\n|move|p1a: Clefable|Protect|p1a: Clefable\n|-singleturn|p1a: Clefable|Protect\n|move|p2a: Nyaarados|Waterfall|p1a: Clefable\n|-activate|p1a: Clefable|move: Protect\n|\n|-heal|p1a: Clefable|94\/100|[from] move: Wish|[wisher] Clefable\n|-heal|p2a: Nyaarados|94\/100|[from] item: Leftovers\n|upkeep\n|turn|43\n|\n|t:|1699828687\n|move|p2a: Nyaarados|Tera Blast|p1a: Clefable|[anim] Tera Blast Flying\n|-damage|p1a: Clefable|55\/100\n|move|p1a: Clefable|Wish|p1a: Clefable\n|\n|-heal|p2a: Nyaarados|100\/100|[from] item: Leftovers\n|upkeep\n|turn|44\n|\n|t:|1699828695\n|move|p1a: Clefable|Protect|p1a: Clefable\n|-singleturn|p1a: Clefable|Protect\n|move|p2a: Nyaarados|Tera Blast|p1a: Clefable|[anim] Tera Blast Flying\n|-activate|p1a: Clefable|move: Protect\n|\n|-heal|p1a: Clefable|100\/100|[from] move: Wish|[wisher] Clefable\n|upkeep\n|turn|45\n|\n|t:|1699828702\n|move|p2a: Nyaarados|Tera Blast|p1a: Clefable|[anim] Tera Blast Flying\n|-damage|p1a: Clefable|56\/100\n|move|p1a: Clefable|Wish|p1a: Clefable\n|\n|upkeep\n|turn|46\n|\n|t:|1699828713\n|move|p2a: Nyaarados|Waterfall|p1a: Clefable\n|-resisted|p1a: Clefable\n|-crit|p1a: Clefable\n|-damage|p1a: Clefable|34\/100\n|cant|p1a: Clefable|flinch\n|\n|-heal|p1a: Clefable|84\/100|[from] move: Wish|[wisher] Clefable\n|upkeep\n|turn|47\n|\n|t:|1699828723\n|move|p1a: Clefable|Protect|p1a: Clefable\n|-singleturn|p1a: Clefable|Protect\n|move|p2a: Nyaarados|Waterfall|p1a: Clefable\n|-activate|p1a: Clefable|move: Protect\n|\n|upkeep\n|turn|48\n|\n|t:|1699828732\n|move|p2a: Nyaarados|Waterfall|p1a: Clefable\n|-resisted|p1a: Clefable\n|-damage|p1a: Clefable|69\/100\n|move|p1a: Clefable|Wish|p1a: Clefable\n|\n|upkeep\n|turn|49\n|\n|t:|1699828748\n|move|p2a: Nyaarados|Waterfall|p1a: Clefable\n|-resisted|p1a: Clefable\n|-damage|p1a: Clefable|54\/100\n|move|p1a: Clefable|Moonblast|p2a: Nyaarados\n|-end|p2a: Nyaarados|Substitute\n|\n|-heal|p1a: Clefable|100\/100|[from] move: Wish|[wisher] Clefable\n|upkeep\n|turn|50\n|\n|t:|1699828768\n|move|p2a: Nyaarados|Waterfall|p1a: Clefable\n|-resisted|p1a: Clefable\n|-damage|p1a: Clefable|85\/100\n|move|p1a: Clefable|Moonblast|p2a: Nyaarados\n|-damage|p2a: Nyaarados|55\/100\n|\n|-heal|p2a: Nyaarados|61\/100|[from] item: Leftovers\n|upkeep\n|turn|51\n|\n|t:|1699828781\n|move|p2a: Nyaarados|Tera Blast|p1a: Clefable|[anim] Tera Blast Flying\n|-damage|p1a: Clefable|41\/100\n|move|p1a: Clefable|Wish|p1a: Clefable\n|\n|-heal|p2a: Nyaarados|67\/100|[from] item: Leftovers\n|upkeep\n|turn|52\n|\n|t:|1699828792\n|move|p1a: Clefable|Protect|p1a: Clefable\n|-singleturn|p1a: Clefable|Protect\n|move|p2a: Nyaarados|Waterfall|p1a: Clefable\n|-activate|p1a: Clefable|move: Protect\n|\n|-heal|p1a: Clefable|91\/100|[from] move: Wish|[wisher] Clefable\n|-heal|p2a: Nyaarados|73\/100|[from] item: Leftovers\n|upkeep\n|turn|53\n|\n|t:|1699828807\n|move|p2a: Nyaarados|Tera Blast|p1a: Clefable|[anim] Tera Blast Flying\n|-damage|p1a: Clefable|48\/100\n|move|p1a: Clefable|Moonblast|p2a: Nyaarados\n|-damage|p2a: Nyaarados|23\/100\n|-unboost|p2a: Nyaarados|spa|1\n|\n|-heal|p2a: Nyaarados|29\/100|[from] item: Leftovers\n|upkeep\n|turn|54\n|inactive|Bloody alfa has 270 seconds left.\n|\n|t:|1699828839\n|move|p2a: Nyaarados|Waterfall|p1a: Clefable\n|-resisted|p1a: Clefable\n|-damage|p1a: Clefable|34\/100\n|move|p1a: Clefable|Wish|p1a: Clefable\n|\n|-heal|p2a: Nyaarados|35\/100|[from] item: Leftovers\n|upkeep\n|turn|55\n|inactive|Bloody alfa has 270 seconds left.\n|\n|t:|1699828857\n|move|p1a: Clefable|Protect|p1a: Clefable\n|-singleturn|p1a: Clefable|Protect\n|move|p2a: Nyaarados|Substitute|p2a: Nyaarados\n|-start|p2a: Nyaarados|Substitute\n|-damage|p2a: Nyaarados|10\/100\n|\n|-heal|p1a: Clefable|84\/100|[from] move: Wish|[wisher] Clefable\n|-heal|p2a: Nyaarados|16\/100|[from] item: Leftovers\n|upkeep\n|turn|56\n|\n|t:|1699828864\n|move|p2a: Nyaarados|Waterfall|p1a: Clefable\n|-resisted|p1a: Clefable\n|-damage|p1a: Clefable|70\/100\n|move|p1a: Clefable|Wish|p1a: Clefable\n|\n|-heal|p2a: Nyaarados|23\/100|[from] item: Leftovers\n|upkeep\n|turn|57\n|inactive|Bloody alfa has 270 seconds left.\n|\n|t:|1699828872\n|move|p2a: Nyaarados|Waterfall|p1a: Clefable\n|-resisted|p1a: Clefable\n|-damage|p1a: Clefable|53\/100\n|move|p1a: Clefable|Moonblast|p2a: Nyaarados\n|-end|p2a: Nyaarados|Substitute\n|\n|-heal|p1a: Clefable|100\/100|[from] move: Wish|[wisher] Clefable\n|-heal|p2a: Nyaarados|29\/100|[from] item: Leftovers\n|upkeep\n|turn|58\n|\n|t:|1699828881\n|move|p2a: Nyaarados|Tera Blast|p1a: Clefable|[anim] Tera Blast Flying\n|-damage|p1a: Clefable|57\/100\n|move|p1a: Clefable|Moonblast|p2a: Nyaarados\n|-damage|p2a: Nyaarados|0 fnt\n|faint|p2a: Nyaarados\n|\n|upkeep\n|\n|t:|1699828883\n|switch|p2a: Catuledge|Ceruledge, M|76\/100\n|-damage|p2a: Catuledge|51\/100|[from] Stealth Rock\n|turn|59\n|inactive|Finchinator has 270 seconds left.\n|inactive|Finchinator has 240 seconds left.\n|\n|t:|1699828954\n|switch|p1a: Heatran|Heatran, F|7\/100\n|move|p2a: Catuledge|Poltergeist|p1a: Heatran\n|-activate|p1a: Heatran|move: Poltergeist|Heavy-Duty Boots\n|-damage|p1a: Heatran|0 fnt\n|faint|p1a: Heatran\n|\n|upkeep\n|inactive|Finchinator has 210 seconds left.\n|inactive|Finchinator has 180 seconds left.\n|\n|t:|1699829022\n|switch|p1a: Zamazenta|Zamazenta|40\/100\n|turn|60\n|inactive|Bloody alfa has 270 seconds left.\n|inactive|Finchinator has 150 seconds left.\n|\n|t:|1699829074\n|move|p1a: Zamazenta|Crunch|p2a: Catuledge\n|-supereffective|p2a: Catuledge\n|-damage|p2a: Catuledge|0 fnt\n|faint|p2a: Catuledge\n|\n|upkeep\n|\n|t:|1699829076\n|switch|p2a: Drameownite|Dragonite, M|100\/100\n|turn|61\n|\n|t:|1699829079\n|move|p1a: Zamazenta|Stone Edge|p2a: Drameownite\n|-supereffective|p2a: Drameownite\n|-damage|p2a: Drameownite|63\/100\n|move|p2a: Drameownite|Dragon Dance|p2a: Drameownite\n|-boost|p2a: Drameownite|atk|1\n|-boost|p2a: Drameownite|spe|1\n|\n|upkeep\n|turn|62\n|inactive|Bloody alfa has 270 seconds left.\n|\n|t:|1699829104\n|move|p2a: Drameownite|Extreme Speed|p1a: Zamazenta\n|-damage|p1a: Zamazenta|0 fnt\n|faint|p1a: Zamazenta\n|\n|upkeep\n|inactive|Finchinator has 150 seconds left.\n|inactive|Finchinator has 120 seconds left.\n|\n|t:|1699829152\n|switch|p1a: Clefable|Clefable, F, tera:Water|57\/100\n|turn|63\n|inactive|Finchinator has 120 seconds left.\n|inactive|Finchinator has 90 seconds left.\n|\n|t:|1699829194\n|move|p2a: Drameownite|Earthquake|p1a: Clefable\n|-damage|p1a: Clefable|25\/100\n|move|p1a: Clefable|Wish|p1a: Clefable\n|\n|upkeep\n|turn|64\n|\n|t:|1699829202\n|move|p1a: Clefable|Protect|p1a: Clefable\n|-singleturn|p1a: Clefable|Protect\n|move|p2a: Drameownite|Dragon Dance|p2a: Drameownite\n|-boost|p2a: Drameownite|atk|1\n|-boost|p2a: Drameownite|spe|1\n|\n|-heal|p1a: Clefable|75\/100|[from] move: Wish|[wisher] Clefable\n|upkeep\n|turn|65\n|\n|t:|1699829211\n|move|p2a: Drameownite|Earthquake|p1a: Clefable\n|-damage|p1a: Clefable|45\/100\n|move|p1a: Clefable|Wish|p1a: Clefable\n|\n|upkeep\n|turn|66\n|inactive|Bloody alfa has 270 seconds left.\n|\n|t:|1699829219\n|move|p2a: Drameownite|Earthquake|p1a: Clefable\n|-damage|p1a: Clefable|17\/100\n|move|p1a: Clefable|Moonblast|p2a: Drameownite\n|-supereffective|p2a: Drameownite\n|-damage|p2a: Drameownite|0 fnt\n|faint|p2a: Drameownite\n|\n|win|Finchinator\n|c|\u2606Finchinator|gg\n|c|\u2606Bloody alfa|gg\n|player|p1|Finchinator|#scl3platoon2\n","uploadtime":1699829221,"views":537,"p1id":"finchinator","p2id":"bloodyalfa","formatid":"gen9ou","rating":0,"private":0,"password":""}