{"id":"smogtours-gen9ou-732293","p1":"jail phi jail","p2":"3d","format":"[Gen 9] OU","log":"|inactive|Battle timer is ON: inactive players will automatically lose when time's up.\n|t:|1700896514\n|gametype|singles\n|player|p1|jail phi jail|skyla-masters2|\n|player|p2|3d|#3d|\n|teamsize|p1|6\n|teamsize|p2|6\n|gen|9\n|tier|[Gen 9] OU\n|rule|Sleep Clause Mod: Limit one foe put to sleep\n|rule|Species Clause: Limit one of each Pok\u00e9mon\n|rule|OHKO Clause: OHKO moves are banned\n|rule|Evasion Items Clause: Evasion items are banned\n|rule|Evasion Moves Clause: Evasion moves are banned\n|rule|Endless Battle Clause: Forcing endless battles is banned\n|rule|HP Percentage Mod: HP is shown in percentages\n|clearpoke\n|poke|p1|Torkoal, F|\n|poke|p1|Lilligant-Hisui, F|\n|poke|p1|Brute Bonnet|\n|poke|p1|Walking Wake|\n|poke|p1|Great Tusk|\n|poke|p1|Iron Moth|\n|poke|p2|Great Tusk|\n|poke|p2|Manaphy|\n|poke|p2|Scizor, M|\n|poke|p2|Iron Moth|\n|poke|p2|Ribombee, F|\n|poke|p2|Dragapult, F|\n|teampreview\n|inactive|jail phi jail also wants the timer to be on.\n|\n|t:|1700896521\n|start\n|switch|p1a: Torkoal|Torkoal, F|100\/100\n|switch|p2a: Ribombee|Ribombee, F|100\/100\n|-weather|SunnyDay|[from] ability: Drought|[of] p1a: Torkoal\n|turn|1\n|\n|t:|1700896528\n|move|p2a: Ribombee|Moonblast|p1a: Torkoal\n|-resisted|p1a: Torkoal\n|-damage|p1a: Torkoal|74\/100\n|-unboost|p1a: Torkoal|spa|1\n|move|p1a: Torkoal|Lava Plume|p2a: Ribombee\n|-supereffective|p2a: Ribombee\n|-damage|p2a: Ribombee|6\/100\n|\n|-weather|SunnyDay|[upkeep]\n|upkeep\n|turn|2\n|\n|t:|1700896533\n|switch|p2a: Dragapult|Dragapult, F|100\/100\n|move|p1a: Torkoal|Stealth Rock|p2a: Dragapult\n|-sidestart|p2: 3d|move: Stealth Rock\n|\n|-weather|SunnyDay|[upkeep]\n|upkeep\n|turn|3\n|\n|t:|1700896537\n|move|p2a: Dragapult|Dragon Darts|p1a: Torkoal\n|-crit|p1a: Torkoal\n|-damage|p1a: Torkoal|43\/100\n|-anim|p2a: Dragapult|Dragon Darts|p1a: Torkoal\n|-damage|p1a: Torkoal|22\/100\n|move|p1a: Torkoal|Yawn|p2a: Dragapult\n|-start|p2a: Dragapult|move: Yawn|[of] p1a: Torkoal\n|\n|-weather|SunnyDay|[upkeep]\n|upkeep\n|turn|4\n|\n|t:|1700896550\n|switch|p2a: Great Tusk|Great Tusk|100\/100\n|-damage|p2a: Great Tusk|97\/100|[from] Stealth Rock\n|-activate|p2a: Great Tusk|ability: Protosynthesis\n|-start|p2a: Great Tusk|protosynthesisspe\n|-item|p2a: Great Tusk|Air Balloon\n|switch|p1a: Lilligant|Lilligant-Hisui, F|100\/100\n|\n|-weather|SunnyDay|[upkeep]\n|upkeep\n|turn|5\n|\n|t:|1700896555\n|move|p1a: Lilligant|Solar Blade||[still]\n|-prepare|p1a: Lilligant|Solar Blade\n|-anim|p1a: Lilligant|Solar Blade|p2a: Great Tusk\n|-supereffective|p2a: Great Tusk\n|-damage|p2a: Great Tusk|2\/100\n|-enditem|p2a: Great Tusk|Air Balloon\n|-damage|p1a: Lilligant|91\/100|[from] item: Life Orb\n|move|p2a: Great Tusk|Rapid Spin|p1a: Lilligant\n|-damage|p1a: Lilligant|70\/100\n|-boost|p2a: Great Tusk|spe|1\n|-sideend|p2: 3d|Stealth Rock|[from] move: Rapid Spin|[of] p2a: Great Tusk\n|\n|-weather|SunnyDay|[upkeep]\n|upkeep\n|turn|6\n|\n|t:|1700896566\n|move|p2a: Great Tusk|Ice Spinner|p1a: Lilligant\n|-supereffective|p1a: Lilligant\n|-damage|p1a: Lilligant|4\/100\n|move|p1a: Lilligant|Solar Blade||[still]\n|-prepare|p1a: Lilligant|Solar Blade\n|-anim|p1a: Lilligant|Solar Blade|p2a: Great Tusk\n|-supereffective|p2a: Great Tusk\n|-damage|p2a: Great Tusk|0 fnt\n|faint|p2a: Great Tusk\n|-end|p2a: Great Tusk|Protosynthesis|[silent]\n|-damage|p1a: Lilligant|0 fnt|[from] item: Life Orb\n|faint|p1a: Lilligant\n|\n|-weather|SunnyDay|[upkeep]\n|upkeep\n|\n|t:|1700896571\n|switch|p1a: Walking Wake|Walking Wake|100\/100\n|switch|p2a: Dragapult|Dragapult, F|100\/100\n|-activate|p1a: Walking Wake|ability: Protosynthesis\n|-start|p1a: Walking Wake|protosynthesisspe\n|turn|7\n|\n|t:|1700896576\n|switch|p2a: Ribombee|Ribombee, F|6\/100\n|move|p1a: Walking Wake|Hydro Steam|p2a: Ribombee\n|-damage|p2a: Ribombee|0 fnt\n|faint|p2a: Ribombee\n|\n|-weather|SunnyDay|[upkeep]\n|upkeep\n|\n|t:|1700896582\n|switch|p2a: Dragapult|Dragapult, F|100\/100\n|turn|8\n|\n|t:|1700896585\n|move|p1a: Walking Wake|Hydro Steam|p2a: Dragapult\n|-resisted|p2a: Dragapult\n|-crit|p2a: Dragapult\n|-damage|p2a: Dragapult|14\/100\n|move|p2a: Dragapult|Dragon Darts|p1a: Walking Wake\n|-supereffective|p1a: Walking Wake\n|-crit|p1a: Walking Wake\n|-damage|p1a: Walking Wake|0 fnt\n|faint|p1a: Walking Wake\n|-end|p1a: Walking Wake|Protosynthesis|[silent]\n|\n|-weather|none\n|upkeep\n|\n|t:|1700896592\n|switch|p1a: Brute Bonnet|Brute Bonnet|100\/100\n|turn|9\n|\n|t:|1700896609\n|switch|p2a: Iron Moth|Iron Moth|100\/100\n|-enditem|p2a: Iron Moth|Booster Energy\n|-activate|p2a: Iron Moth|ability: Quark Drive|[fromitem]\n|-start|p2a: Iron Moth|quarkdrivespa\n|move|p1a: Brute Bonnet|Bullet Seed|p2a: Iron Moth\n|-resisted|p2a: Iron Moth\n|-damage|p2a: Iron Moth|94\/100\n|-resisted|p2a: Iron Moth\n|-damage|p2a: Iron Moth|89\/100\n|-resisted|p2a: Iron Moth\n|-damage|p2a: Iron Moth|83\/100\n|-resisted|p2a: Iron Moth\n|-damage|p2a: Iron Moth|77\/100\n|-resisted|p2a: Iron Moth\n|-damage|p2a: Iron Moth|71\/100\n|-hitcount|p2a: Iron Moth|5\n|\n|upkeep\n|turn|10\n|inactive|jail phi jail has 270 seconds left.\n|inactive|jail phi jail has 240 seconds left.\n|\n|t:|1700896684\n|-end|p1a: Brute Bonnet|Protosynthesis|[silent]\n|switch|p1a: Torkoal|Torkoal, F|22\/100\n|-weather|SunnyDay|[from] ability: Drought|[of] p1a: Torkoal\n|move|p2a: Iron Moth|Fiery Dance|p1a: Torkoal\n|-resisted|p1a: Torkoal\n|-damage|p1a: Torkoal|0 fnt\n|-boost|p2a: Iron Moth|spa|1\n|faint|p1a: Torkoal\n|\n|-weather|SunnyDay|[upkeep]\n|upkeep\n|\n|t:|1700896687\n|switch|p1a: Iron Moth|Iron Moth|100\/100\n|-enditem|p1a: Iron Moth|Booster Energy\n|-activate|p1a: Iron Moth|ability: Quark Drive|[fromitem]\n|-start|p1a: Iron Moth|quarkdrivespe\n|turn|11\n|inactive|jail phi jail has 240 seconds left.\n|\n|t:|1700896693\n|move|p1a: Iron Moth|Fiery Dance|p2a: Iron Moth\n|-resisted|p2a: Iron Moth\n|-damage|p2a: Iron Moth|42\/100\n|-boost|p1a: Iron Moth|spa|1\n|move|p2a: Iron Moth|Fiery Dance|p1a: Iron Moth\n|-resisted|p1a: Iron Moth\n|-damage|p1a: Iron Moth|42\/100\n|-boost|p2a: Iron Moth|spa|1\n|\n|-weather|SunnyDay|[upkeep]\n|upkeep\n|turn|12\n|inactive|3d has 270 seconds left.\n|\n|t:|1700896743\n|move|p1a: Iron Moth|Tera Blast|p2a: Iron Moth\n|-damage|p2a: Iron Moth|0 fnt\n|faint|p2a: Iron Moth\n|-end|p2a: Iron Moth|Quark Drive|[silent]\n|\n|-weather|SunnyDay|[upkeep]\n|upkeep\n|inactive|3d has 240 seconds left.\n|\n|t:|1700896767\n|switch|p2a: Scizor|Scizor, M|100\/100\n|turn|13\n|\n|t:|1700896771\n|-terastallize|p2a: Scizor|Steel\n|move|p2a: Scizor|Bullet Punch|p1a: Iron Moth\n|-resisted|p1a: Iron Moth\n|-damage|p1a: Iron Moth|0 fnt\n|faint|p1a: Iron Moth\n|-end|p1a: Iron Moth|Quark Drive|[silent]\n|-damage|p2a: Scizor|91\/100|[from] item: Life Orb\n|\n|-weather|SunnyDay|[upkeep]\n|upkeep\n|\n|t:|1700896776\n|switch|p1a: Great Tusk|Great Tusk|100\/100\n|-activate|p1a: Great Tusk|ability: Protosynthesis\n|-start|p1a: Great Tusk|protosynthesisspe\n|turn|14\n|\n|t:|1700896780\n|switch|p2a: Dragapult|Dragapult, F|14\/100\n|-terastallize|p1a: Great Tusk|Water\n|move|p1a: Great Tusk|Bulk Up|p1a: Great Tusk\n|-boost|p1a: Great Tusk|atk|1\n|-boost|p1a: Great Tusk|def|1\n|\n|-weather|SunnyDay|[upkeep]\n|upkeep\n|turn|15\n|\n|t:|1700896783\n|move|p1a: Great Tusk|Knock Off|p2a: Dragapult\n|-supereffective|p2a: Dragapult\n|-damage|p2a: Dragapult|0 fnt\n|-enditem|p2a: Dragapult|Dragon Fang|[from] move: Knock Off|[of] p1a: Great Tusk\n|faint|p2a: Dragapult\n|\n|-weather|SunnyDay|[upkeep]\n|upkeep\n|\n|t:|1700896785\n|switch|p2a: Manaphy|Manaphy|100\/100\n|turn|16\n|\n|t:|1700896790\n|move|p1a: Great Tusk|Earthquake|p2a: Manaphy\n|-damage|p2a: Manaphy|35\/100\n|move|p2a: Manaphy|Scald|p1a: Great Tusk\n|-resisted|p1a: Great Tusk\n|-damage|p1a: Great Tusk|89\/100\n|\n|-weather|SunnyDay|[upkeep]\n|-heal|p1a: Great Tusk|95\/100|[from] item: Leftovers\n|upkeep\n|turn|17\n|\n|t:|1700896793\n|move|p1a: Great Tusk|Earthquake|p2a: Manaphy\n|-damage|p2a: Manaphy|0 fnt\n|faint|p2a: Manaphy\n|\n|-weather|none\n|-end|p1a: Great Tusk|Protosynthesis\n|-heal|p1a: Great Tusk|100\/100|[from] item: Leftovers\n|upkeep\n|\n|t:|1700896795\n|switch|p2a: Scizor|Scizor, M, tera:Steel|91\/100\n|turn|18\n|\n|t:|1700896799\n|move|p1a: Great Tusk|Earthquake|p2a: Scizor\n|-supereffective|p2a: Scizor\n|-damage|p2a: Scizor|0 fnt\n|faint|p2a: Scizor\n|\n|win|jail phi jail\n","uploadtime":1700896800,"views":2,"p1id":"jailphijail","p2id":"3d","formatid":"gen9ou","rating":0,"private":0,"password":""}