{"id":"smogtours-gen9ou-731668","p1":"goatc the goat","p2":"Sylveon is so cute","format":"[Gen 9] OU","log":"|inactive|Battle timer is ON: inactive players will automatically lose when time's up.\n|t:|1700424720\n|gametype|singles\n|player|p1|goatc the goat|giovanni|\n|player|p2|Sylveon is so cute|#vgcwliikilowattrels|\n|teamsize|p1|6\n|teamsize|p2|6\n|gen|9\n|tier|[Gen 9] OU\n|rule|Sleep Clause Mod: Limit one foe put to sleep\n|rule|Species Clause: Limit one of each Pok\u00e9mon\n|rule|OHKO Clause: OHKO moves are banned\n|rule|Evasion Items Clause: Evasion items are banned\n|rule|Evasion Moves Clause: Evasion moves are banned\n|rule|Endless Battle Clause: Forcing endless battles is banned\n|rule|HP Percentage Mod: HP is shown in percentages\n|clearpoke\n|poke|p1|Alomomola, F|\n|poke|p1|Slowking-Galar, M|\n|poke|p1|Mandibuzz, F|\n|poke|p1|Skeledirge, M|\n|poke|p1|Tornadus-Therian, M|\n|poke|p1|Ting-Lu|\n|poke|p2|Bisharp, F|\n|poke|p2|Hatterene, F|\n|poke|p2|Rillaboom, F|\n|poke|p2|Ninetales-Alola, F|\n|poke|p2|Sneasler, M|\n|poke|p2|Enamorus-Therian, F|\n|teampreview\n|c|\u2606Sylveon is so cute|hf\n|c|\u2606goatc the goat|trying\n|inactive|Sylveon is so cute has 270 seconds left.\n|inactive|Sylveon is so cute has 240 seconds left.\n|\n|t:|1700424780\n|start\n|switch|p1a: Tornadus|Tornadus-Therian, M|100\/100\n|switch|p2a: Black sludge...|Bisharp, F|100\/100\n|turn|1\n|\n|t:|1700424792\n|move|p1a: Tornadus|Heat Wave|p2a: Black sludge...\n|-supereffective|p2a: Black sludge...\n|-damage|p2a: Black sludge...|42\/100\n|move|p2a: Black sludge...|Thunder Wave|p1a: Tornadus\n|-status|p1a: Tornadus|par\n|\n|upkeep\n|turn|2\n|\n|t:|1700424801\n|move|p1a: Tornadus|Heat Wave|p2a: Black sludge...\n|-supereffective|p2a: Black sludge...\n|-damage|p2a: Black sludge...|0 fnt\n|faint|p2a: Black sludge...\n|\n|upkeep\n|\n|t:|1700424822\n|switch|p2a: galar-darm 6-0|Rillaboom, F|100\/100\n|-fieldstart|move: Grassy Terrain|[from] ability: Grassy Surge|[of] p2a: galar-darm 6-0\n|turn|3\n|\n|t:|1700424842\n|switch|p1a: Mandibuzz|Mandibuzz, F|100\/100\n|move|p2a: galar-darm 6-0|U-turn|p1a: Mandibuzz\n|-damage|p1a: Mandibuzz|84\/100\n|\n|t:|1700424846\n|switch|p2a: lil cookie to gym|Ninetales-Alola, F|100\/100|[from] U-turn\n|-weather|Snow|[from] ability: Snow Warning|[of] p2a: lil cookie to gym\n|\n|-weather|Snow|[upkeep]\n|upkeep\n|turn|4\n|\n|t:|1700424871\n|move|p2a: lil cookie to gym|Aurora Veil|p2a: lil cookie to gym\n|-sidestart|p2: Sylveon is so cute|move: Aurora Veil\n|move|p1a: Mandibuzz|Toxic|p2a: lil cookie to gym|[miss]\n|-miss|p1a: Mandibuzz|p2a: lil cookie to gym\n|\n|-weather|Snow|[upkeep]\n|upkeep\n|turn|5\n|\n|t:|1700424879\n|switch|p1a: Skeledirge|Skeledirge, M|100\/100\n|move|p2a: lil cookie to gym|Hypnosis|p1a: Skeledirge|[miss]\n|-miss|p2a: lil cookie to gym|p1a: Skeledirge\n|\n|-weather|Snow|[upkeep]\n|upkeep\n|turn|6\n|\n|t:|1700424885\n|switch|p1a: Tornadus|Tornadus-Therian, M|100\/100 par\n|move|p2a: lil cookie to gym|Hypnosis||[still]\n|-fail|p2a: lil cookie to gym\n|\n|-weather|Snow|[upkeep]\n|upkeep\n|turn|7\n|\n|t:|1700424889\n|move|p2a: lil cookie to gym|Freeze-Dry|p1a: Tornadus\n|-supereffective|p1a: Tornadus\n|-damage|p1a: Tornadus|52\/100 par\n|cant|p1a: Tornadus|par\n|\n|-weather|none\n|upkeep\n|turn|8\n|\n|t:|1700424898\n|switch|p1a: Slowking|Slowking-Galar, M|100\/100\n|move|p2a: lil cookie to gym|Hypnosis|p1a: Slowking|[miss]\n|-miss|p2a: lil cookie to gym|p1a: Slowking\n|\n|upkeep\n|turn|9\n|\n|t:|1700424904\n|switch|p1a: Tornadus|Tornadus-Therian, M|85\/100 par\n|move|p2a: lil cookie to gym|Hypnosis||[still]\n|-fail|p2a: lil cookie to gym\n|\n|upkeep\n|turn|10\n|\n|t:|1700424910\n|move|p2a: lil cookie to gym|Freeze-Dry|p1a: Tornadus\n|-supereffective|p1a: Tornadus\n|-damage|p1a: Tornadus|31\/100 par\n|move|p1a: Tornadus|Knock Off|p2a: lil cookie to gym\n|-resisted|p2a: lil cookie to gym\n|-damage|p2a: lil cookie to gym|95\/100\n|-enditem|p2a: lil cookie to gym|Light Clay|[from] move: Knock Off|[of] p1a: Tornadus\n|\n|-heal|p2a: lil cookie to gym|100\/100|[from] Grassy Terrain\n|-fieldend|move: Grassy Terrain\n|upkeep\n|turn|11\n|\n|t:|1700424926\n|switch|p1a: Slowking|Slowking-Galar, M|100\/100\n|move|p2a: lil cookie to gym|Hypnosis|p1a: Slowking|[miss]\n|-miss|p2a: lil cookie to gym|p1a: Slowking\n|\n|-sideend|p2: Sylveon is so cute|move: Aurora Veil\n|upkeep\n|turn|12\n|\n|t:|1700424932\n|move|p2a: lil cookie to gym|Hypnosis|p1a: Slowking|[miss]\n|-miss|p2a: lil cookie to gym|p1a: Slowking\n|move|p1a: Slowking|Thunder Wave|p2a: lil cookie to gym\n|-status|p2a: lil cookie to gym|par\n|\n|upkeep\n|turn|13\n|\n|t:|1700424940\n|move|p2a: lil cookie to gym|Hypnosis|p1a: Slowking\n|-status|p1a: Slowking|slp|[from] move: Hypnosis\n|cant|p1a: Slowking|slp\n|\n|upkeep\n|turn|14\n|\n|t:|1700424945\n|switch|p2a: galar-darm 6-0|Rillaboom, F|100\/100\n|-fieldstart|move: Grassy Terrain|[from] ability: Grassy Surge|[of] p2a: galar-darm 6-0\n|cant|p1a: Slowking|slp\n|\n|upkeep\n|turn|15\n|\n|t:|1700424958\n|switch|p1a: Mandibuzz|Mandibuzz, F|84\/100\n|move|p2a: galar-darm 6-0|U-turn|p1a: Mandibuzz\n|-damage|p1a: Mandibuzz|70\/100\n|\n|t:|1700424961\n|switch|p2a: lil cookie to gym|Ninetales-Alola, F|100\/100 par|[from] U-turn\n|-weather|Snow|[from] ability: Snow Warning|[of] p2a: lil cookie to gym\n|\n|-weather|Snow|[upkeep]\n|upkeep\n|turn|16\n|\n|t:|1700424969\n|switch|p1a: Skeledirge|Skeledirge, M|100\/100\n|cant|p2a: lil cookie to gym|par\n|\n|-weather|Snow|[upkeep]\n|upkeep\n|turn|17\n|\n|t:|1700424983\n|move|p2a: lil cookie to gym|Aurora Veil|p2a: lil cookie to gym\n|-sidestart|p2: Sylveon is so cute|move: Aurora Veil\n|move|p1a: Skeledirge|Torch Song|p2a: lil cookie to gym\n|-supereffective|p2a: lil cookie to gym\n|-damage|p2a: lil cookie to gym|70\/100 par\n|-boost|p1a: Skeledirge|spa|1\n|\n|-weather|Snow|[upkeep]\n|-heal|p2a: lil cookie to gym|76\/100 par|[from] Grassy Terrain\n|upkeep\n|turn|18\n|\n|t:|1700424998\n|switch|p2a: galar-darm 6-0|Rillaboom, F|100\/100\n|move|p1a: Skeledirge|Torch Song|p2a: galar-darm 6-0\n|-supereffective|p2a: galar-darm 6-0\n|-damage|p2a: galar-darm 6-0|49\/100\n|-boost|p1a: Skeledirge|spa|1\n|\n|-weather|Snow|[upkeep]\n|-heal|p2a: galar-darm 6-0|55\/100|[from] Grassy Terrain\n|upkeep\n|turn|19\n|\n|t:|1700425022\n|switch|p1a: Mandibuzz|Mandibuzz, F|70\/100\n|move|p2a: galar-darm 6-0|Knock Off|p1a: Mandibuzz\n|-resisted|p1a: Mandibuzz\n|-damage|p1a: Mandibuzz|60\/100\n|-enditem|p1a: Mandibuzz|Heavy-Duty Boots|[from] move: Knock Off|[of] p2a: galar-darm 6-0\n|\n|-weather|none\n|-heal|p2a: galar-darm 6-0|61\/100|[from] Grassy Terrain\n|upkeep\n|turn|20\n|\n|t:|1700425039\n|switch|p1a: Tornadus|Tornadus-Therian, M|65\/100 par\n|move|p2a: galar-darm 6-0|U-turn|p1a: Tornadus\n|-resisted|p1a: Tornadus\n|-damage|p1a: Tornadus|47\/100 par\n|\n|t:|1700425065\n|switch|p2a: insane packaging|Enamorus-Therian, F|100\/100|[from] U-turn\n|-enditem|p2a: insane packaging|Grassy Seed\n|-boost|p2a: insane packaging|def|1|[from] item: Grassy Seed\n|\n|upkeep\n|turn|21\n|inactive|goatc the goat has 270 seconds left.\n|inactive|goatc the goat has 240 seconds left.\n|inactive|goatc the goat has 210 seconds left.\n|\n|t:|1700425153\n|switch|p1a: Ting-Lu|Ting-Lu|100\/100\n|-ability|p1a: Ting-Lu|Vessel of Ruin\n|move|p2a: insane packaging|Calm Mind|p2a: insane packaging\n|-boost|p2a: insane packaging|spa|1\n|-boost|p2a: insane packaging|spd|1\n|\n|-sideend|p2: Sylveon is so cute|move: Aurora Veil\n|-fieldend|move: Grassy Terrain\n|upkeep\n|turn|22\n|inactive|goatc the goat has 210 seconds left.\n|inactive|goatc the goat has 180 seconds left.\n|\n|t:|1700425190\n|move|p2a: insane packaging|Draining Kiss|p1a: Ting-Lu\n|-supereffective|p1a: Ting-Lu\n|-damage|p1a: Ting-Lu|70\/100\n|move|p1a: Ting-Lu|Whirlwind|p2a: insane packaging\n|drag|p2a: don't be a kid|Sneasler, M|100\/100\n|\n|-heal|p1a: Ting-Lu|76\/100|[from] item: Leftovers\n|upkeep\n|turn|23\n|inactive|goatc the goat has 180 seconds left.\n|inactive|goatc the goat has 150 seconds left.\n|inactive|goatc the goat has 120 seconds left.\n|\n|t:|1700425262\n|switch|p2a: galar-darm 6-0|Rillaboom, F|61\/100\n|-fieldstart|move: Grassy Terrain|[from] ability: Grassy Surge|[of] p2a: galar-darm 6-0\n|switch|p1a: Tornadus|Tornadus-Therian, M|80\/100 par\n|\n|-heal|p2a: galar-darm 6-0|68\/100|[from] Grassy Terrain\n|upkeep\n|turn|24\n|\n|t:|1700425273\n|move|p2a: galar-darm 6-0|Swords Dance|p2a: galar-darm 6-0\n|-boost|p2a: galar-darm 6-0|atk|2\n|cant|p1a: Tornadus|par\n|\n|-heal|p2a: galar-darm 6-0|74\/100|[from] Grassy Terrain\n|upkeep\n|turn|25\n|inactive|goatc the goat has 120 seconds left.\n|inactive|goatc the goat has 90 seconds left.\n|\n|t:|1700425334\n|switch|p1a: Mandibuzz|Mandibuzz, F|60\/100\n|move|p2a: galar-darm 6-0|Knock Off|p1a: Mandibuzz\n|-resisted|p1a: Mandibuzz\n|-damage|p1a: Mandibuzz|47\/100\n|\n|-heal|p2a: galar-darm 6-0|80\/100|[from] Grassy Terrain\n|upkeep\n|turn|26\n|\n|t:|1700425345\n|move|p2a: galar-darm 6-0|U-turn|p1a: Mandibuzz\n|-damage|p1a: Mandibuzz|18\/100\n|\n|t:|1700425346\n|switch|p2a: don't be a kid|Sneasler, M|100\/100|[from] U-turn\n|-enditem|p2a: don't be a kid|Grassy Seed\n|-boost|p2a: don't be a kid|def|1|[from] item: Grassy Seed\n|move|p1a: Mandibuzz|Roost|p1a: Mandibuzz\n|-heal|p1a: Mandibuzz|68\/100\n|-singleturn|p1a: Mandibuzz|move: Roost\n|\n|-heal|p1a: Mandibuzz|74\/100|[from] Grassy Terrain\n|upkeep\n|turn|27\n|inactive|goatc the goat has 60 seconds left.\n|\n|t:|1700425380\n|move|p2a: don't be a kid|Swords Dance|p2a: don't be a kid\n|-boost|p2a: don't be a kid|atk|2\n|move|p1a: Mandibuzz|Iron Defense|p1a: Mandibuzz\n|-boost|p1a: Mandibuzz|def|2\n|\n|upkeep\n|turn|28\n|inactive|Sylveon is so cute has 270 seconds left.\n|inactive|Sylveon is so cute has 240 seconds left.\n|\n|t:|1700425450\n|move|p2a: don't be a kid|Acrobatics|p1a: Mandibuzz\n|-damage|p1a: Mandibuzz|49\/100\n|move|p1a: Mandibuzz|Iron Defense|p1a: Mandibuzz\n|-boost|p1a: Mandibuzz|def|2\n|\n|upkeep\n|turn|29\n|\n|t:|1700425455\n|move|p2a: don't be a kid|Taunt|p1a: Mandibuzz\n|-start|p1a: Mandibuzz|move: Taunt\n|cant|p1a: Mandibuzz|move: Taunt|Roost\n|\n|upkeep\n|turn|30\n|inactive|Sylveon is so cute has 240 seconds left.\n|\n|t:|1700425470\n|move|p2a: don't be a kid|Acrobatics|p1a: Mandibuzz\n|-damage|p1a: Mandibuzz|33\/100\n|move|p1a: Mandibuzz|Foul Play|p2a: don't be a kid\n|-resisted|p2a: don't be a kid\n|-damage|p2a: don't be a kid|44\/100\n|\n|-heal|p2a: don't be a kid|50\/100|[from] Grassy Terrain\n|-fieldend|move: Grassy Terrain\n|upkeep\n|turn|31\n|\n|t:|1700425474\n|move|p2a: don't be a kid|Acrobatics|p1a: Mandibuzz\n|-damage|p1a: Mandibuzz|18\/100\n|move|p1a: Mandibuzz|Foul Play|p2a: don't be a kid\n|-resisted|p2a: don't be a kid\n|-crit|p2a: don't be a kid\n|-damage|p2a: don't be a kid|0 fnt\n|faint|p2a: don't be a kid\n|\n|-end|p1a: Mandibuzz|move: Taunt\n|upkeep\n|\n|t:|1700425480\n|switch|p2a: lil cookie to gym|Ninetales-Alola, F|76\/100 par\n|-weather|Snow|[from] ability: Snow Warning|[of] p2a: lil cookie to gym\n|turn|32\n|inactive|goatc the goat has 90 seconds left.\n|\n|t:|1700425491\n|switch|p1a: Skeledirge|Skeledirge, M|100\/100\n|move|p2a: lil cookie to gym|Aurora Veil|p2a: lil cookie to gym\n|-sidestart|p2: Sylveon is so cute|move: Aurora Veil\n|\n|-weather|Snow|[upkeep]\n|upkeep\n|turn|33\n|\n|t:|1700425502\n|switch|p2a: galar-darm 6-0|Rillaboom, F|80\/100\n|-fieldstart|move: Grassy Terrain|[from] ability: Grassy Surge|[of] p2a: galar-darm 6-0\n|move|p1a: Skeledirge|Torch Song|p2a: galar-darm 6-0\n|-supereffective|p2a: galar-darm 6-0\n|-damage|p2a: galar-darm 6-0|42\/100\n|-boost|p1a: Skeledirge|spa|1\n|\n|-weather|Snow|[upkeep]\n|-heal|p2a: galar-darm 6-0|48\/100|[from] Grassy Terrain\n|upkeep\n|turn|34\n|inactive|goatc the goat has 90 seconds left.\n|\n|t:|1700425522\n|move|p2a: galar-darm 6-0|Knock Off|p1a: Skeledirge\n|-supereffective|p1a: Skeledirge\n|-damage|p1a: Skeledirge|45\/100\n|-enditem|p1a: Skeledirge|Heavy-Duty Boots|[from] move: Knock Off|[of] p2a: galar-darm 6-0\n|move|p1a: Skeledirge|Will-O-Wisp|p2a: galar-darm 6-0\n|-status|p2a: galar-darm 6-0|brn\n|\n|-weather|Snow|[upkeep]\n|-heal|p2a: galar-darm 6-0|54\/100 brn|[from] Grassy Terrain\n|-heal|p1a: Skeledirge|51\/100|[from] Grassy Terrain\n|-damage|p2a: galar-darm 6-0|48\/100 brn|[from] brn\n|upkeep\n|turn|35\n|inactive|Sylveon is so cute has 270 seconds left.\n|\n|t:|1700425533\n|move|p2a: galar-darm 6-0|U-turn|p1a: Skeledirge\n|-resisted|p1a: Skeledirge\n|-crit|p1a: Skeledirge\n|-damage|p1a: Skeledirge|47\/100\n|\n|t:|1700425534\n|switch|p2a: insane packaging|Enamorus-Therian, F|100\/100|[from] U-turn\n|move|p1a: Skeledirge|Slack Off|p1a: Skeledirge\n|-heal|p1a: Skeledirge|97\/100\n|\n|-weather|Snow|[upkeep]\n|-heal|p1a: Skeledirge|100\/100|[from] Grassy Terrain\n|upkeep\n|turn|36\n|inactive|goatc the goat has 90 seconds left.\n|\n|t:|1700425559\n|switch|p1a: Ting-Lu|Ting-Lu|76\/100\n|-ability|p1a: Ting-Lu|Vessel of Ruin\n|move|p2a: insane packaging|Earth Power|p1a: Ting-Lu\n|-crit|p1a: Ting-Lu\n|-damage|p1a: Ting-Lu|60\/100\n|-unboost|p1a: Ting-Lu|spd|1\n|\n|-weather|none\n|-heal|p1a: Ting-Lu|67\/100|[from] Grassy Terrain\n|-heal|p1a: Ting-Lu|73\/100|[from] item: Leftovers\n|-sideend|p2: Sylveon is so cute|move: Aurora Veil\n|upkeep\n|turn|37\n|inactive|goatc the goat has 90 seconds left.\n|\n|t:|1700425573\n|move|p2a: insane packaging|Draining Kiss|p1a: Ting-Lu\n|-supereffective|p1a: Ting-Lu\n|-damage|p1a: Ting-Lu|45\/100\n|move|p1a: Ting-Lu|Stealth Rock|p2a: insane packaging\n|-sidestart|p2: Sylveon is so cute|move: Stealth Rock\n|\n|-heal|p1a: Ting-Lu|51\/100|[from] Grassy Terrain\n|-heal|p1a: Ting-Lu|57\/100|[from] item: Leftovers\n|upkeep\n|turn|38\n|inactive|goatc the goat has 90 seconds left.\n|\n|t:|1700425580\n|move|p2a: insane packaging|Draining Kiss|p1a: Ting-Lu\n|-supereffective|p1a: Ting-Lu\n|-damage|p1a: Ting-Lu|30\/100\n|move|p1a: Ting-Lu|Whirlwind|p2a: insane packaging\n|drag|p2a: galar-darm 6-0|Rillaboom, F|48\/100 brn\n|-damage|p2a: galar-darm 6-0|36\/100 brn|[from] Stealth Rock\n|\n|-heal|p2a: galar-darm 6-0|42\/100 brn|[from] Grassy Terrain\n|-heal|p1a: Ting-Lu|37\/100|[from] Grassy Terrain\n|-heal|p1a: Ting-Lu|43\/100|[from] item: Leftovers\n|-damage|p2a: galar-darm 6-0|36\/100 brn|[from] brn\n|upkeep\n|turn|39\n|\n|t:|1700425584\n|switch|p1a: Skeledirge|Skeledirge, M|100\/100\n|move|p2a: galar-darm 6-0|U-turn|p1a: Skeledirge\n|-resisted|p1a: Skeledirge\n|-damage|p1a: Skeledirge|98\/100\n|\n|t:|1700425586\n|switch|p2a: lil cookie to gym|Ninetales-Alola, F|76\/100 par|[from] U-turn\n|-damage|p2a: lil cookie to gym|51\/100 par|[from] Stealth Rock\n|-weather|Snow|[from] ability: Snow Warning|[of] p2a: lil cookie to gym\n|\n|-weather|Snow|[upkeep]\n|-heal|p2a: lil cookie to gym|57\/100 par|[from] Grassy Terrain\n|-heal|p1a: Skeledirge|100\/100|[from] Grassy Terrain\n|upkeep\n|turn|40\n|\n|t:|1700425594\n|move|p2a: lil cookie to gym|Aurora Veil|p2a: lil cookie to gym\n|-sidestart|p2: Sylveon is so cute|move: Aurora Veil\n|move|p1a: Skeledirge|Torch Song|p2a: lil cookie to gym\n|-supereffective|p2a: lil cookie to gym\n|-damage|p2a: lil cookie to gym|30\/100 par\n|-boost|p1a: Skeledirge|spa|1\n|\n|-weather|Snow|[upkeep]\n|-heal|p2a: lil cookie to gym|36\/100 par|[from] Grassy Terrain\n|-fieldend|move: Grassy Terrain\n|upkeep\n|turn|41\n|\n|t:|1700425598\n|switch|p2a: insane packaging|Enamorus-Therian, F|100\/100\n|-damage|p2a: insane packaging|75\/100|[from] Stealth Rock\n|move|p1a: Skeledirge|Torch Song|p2a: insane packaging\n|-damage|p2a: insane packaging|55\/100\n|-boost|p1a: Skeledirge|spa|1\n|\n|-weather|Snow|[upkeep]\n|upkeep\n|turn|42\n|inactive|goatc the goat has 120 seconds left.\n|\n|t:|1700425618\n|move|p1a: Skeledirge|Torch Song|p2a: insane packaging\n|-crit|p2a: insane packaging\n|-damage|p2a: insane packaging|0 fnt\n|-boost|p1a: Skeledirge|spa|1\n|faint|p2a: insane packaging\n|\n|-weather|Snow|[upkeep]\n|upkeep\n|\n|t:|1700425622\n|switch|p2a: Gooberene|Hatterene, F|100\/100\n|-damage|p2a: Gooberene|88\/100|[from] Stealth Rock\n|turn|43\n|c|\u2606Sylveon is so cute|gg\n|c|\u2606goatc the goat|not the shmix...\n|inactive|goatc the goat has 120 seconds left.\n|\n|t:|1700425640\n|-terastallize|p1a: Skeledirge|Electric\n|-terastallize|p2a: Gooberene|Water\n|move|p1a: Skeledirge|Torch Song|p2a: Gooberene\n|-resisted|p2a: Gooberene\n|-damage|p2a: Gooberene|69\/100\n|-boost|p1a: Skeledirge|spa|1\n|move|p2a: Gooberene|Agility|p2a: Gooberene\n|-boost|p2a: Gooberene|spe|2\n|\n|-weather|none\n|upkeep\n|turn|44\n|inactive|goatc the goat has 120 seconds left.\n|\n|t:|1700425669\n|move|p2a: Gooberene|Calm Mind|p2a: Gooberene\n|-boost|p2a: Gooberene|spa|1\n|-boost|p2a: Gooberene|spd|1\n|move|p1a: Skeledirge|Hex|p2a: Gooberene\n|-damage|p2a: Gooberene|31\/100\n|\n|-sideend|p2: Sylveon is so cute|move: Aurora Veil\n|upkeep\n|turn|45\n|\n|t:|1700425672\n|move|p2a: Gooberene|Draining Kiss|p1a: Skeledirge\n|-damage|p1a: Skeledirge|81\/100\n|-heal|p2a: Gooberene|50\/100|[from] drain|[of] p1a: Skeledirge\n|move|p1a: Skeledirge|Hex|p2a: Gooberene\n|-damage|p2a: Gooberene|0 fnt\n|faint|p2a: Gooberene\n|\n|upkeep\n|\n|t:|1700425676\n|switch|p2a: galar-darm 6-0|Rillaboom, F|36\/100 brn\n|-damage|p2a: galar-darm 6-0|24\/100 brn|[from] Stealth Rock\n|-fieldstart|move: Grassy Terrain|[from] ability: Grassy Surge|[of] p2a: galar-darm 6-0\n|turn|46\n|\n|t:|1700425682\n|move|p2a: galar-darm 6-0|Knock Off|p1a: Skeledirge\n|-damage|p1a: Skeledirge|72\/100\n|move|p1a: Skeledirge|Torch Song|p2a: galar-darm 6-0\n|-supereffective|p2a: galar-darm 6-0\n|-damage|p2a: galar-darm 6-0|0 fnt\n|-boost|p1a: Skeledirge|spa|1\n|faint|p2a: galar-darm 6-0\n|\n|-heal|p1a: Skeledirge|78\/100|[from] Grassy Terrain\n|upkeep\n|c|\u2606goatc the goat|gg\n|\n|t:|1700425683\n|switch|p2a: lil cookie to gym|Ninetales-Alola, F|36\/100 par\n|-damage|p2a: lil cookie to gym|11\/100 par|[from] Stealth Rock\n|-weather|Snow|[from] ability: Snow Warning|[of] p2a: lil cookie to gym\n|turn|47\n|\n|t:|1700425685\n|move|p2a: lil cookie to gym|Aurora Veil|p2a: lil cookie to gym\n|-sidestart|p2: Sylveon is so cute|move: Aurora Veil\n|move|p1a: Skeledirge|Torch Song|p2a: lil cookie to gym\n|-supereffective|p2a: lil cookie to gym\n|-damage|p2a: lil cookie to gym|0 fnt\n|-boost|p1a: Skeledirge|spa|1\n|faint|p2a: lil cookie to gym\n|\n|win|goatc the goat\n|c|\u2606Sylveon is so cute|!showteam\n|c|+Sylveon is so cute|\/raw <div class=\"infobox\"><details><summary>View team<\/summary>Black sludge... (Bisharp) (F) @ Focus Sash  <br \/>Ability: Defiant  <br \/>Tera Type: Ghost  <br \/>EVs: 252 HP &#x2f; 4 Def &#x2f; 252 SpD  <br \/>Bold Nature  <br \/>IVs: 0 Atk  <br \/>- Metal Burst  <br \/>- Stealth Rock  <br \/>- Taunt  <br \/>- Thunder Wave  <br \/><br \/>Gooberene (Hatterene) (F) @ Grassy Seed  <br \/>Ability: Magic Bounce  <br \/>Tera Type: Water  <br \/>EVs: 252 HP &#x2f; 192 Def &#x2f; 64 Spe  <br \/>Bold Nature  <br \/>IVs: 0 Atk  <br \/>- Agility  <br \/>- Calm Mind  <br \/>- Stored Power  <br \/>- Draining Kiss  <br \/><br \/>galar-darm 6-0 (Rillaboom) (F) @ Terrain Extender  <br \/>Ability: Grassy Surge  <br \/>Tera Type: Grass  <br \/>EVs: 200 HP &#x2f; 252 Atk &#x2f; 56 Spe  <br \/>Adamant Nature  <br \/>- Swords Dance  <br \/>- Knock Off  <br \/>- U-turn  <br \/>- Grassy Glide  <br \/><br \/>lil cookie to gym (Ninetales-Alola) (F) @ Light Clay  <br \/>Ability: Snow Warning  <br \/>Tera Type: Ghost  <br \/>EVs: 252 HP &#x2f; 4 SpA &#x2f; 252 Spe  <br \/>Timid Nature  <br \/>IVs: 0 Atk  <br \/>- Aurora Veil  <br \/>- Freeze-Dry  <br \/>- Hypnosis  <br \/>- Encore  <br \/><br \/>don&apos;t be a kid (Sneasler) (M) @ Grassy Seed  <br \/>Ability: Unburden  <br \/>Tera Type: Flying  <br \/>EVs: 136 HP &#x2f; 252 Atk &#x2f; 20 Def &#x2f; 100 Spe  <br \/>Adamant Nature  <br \/>- Swords Dance  <br \/>- Low Kick  <br \/>- Acrobatics  <br \/>- Taunt  <br \/><br \/>insane packaging (Enamorus-Therian) (F) @ Grassy Seed  <br \/>Ability: Overcoat  <br \/>Tera Type: Water  <br \/>EVs: 252 HP &#x2f; 204 Def &#x2f; 52 Spe  <br \/>Bold Nature  <br \/>IVs: 0 Atk  <br \/>- Agility  <br \/>- Calm Mind  <br \/>- Draining Kiss  <br \/>- Earth Power  <br \/><br \/><\/details><\/div>\n|c|\u2606goatc the goat|sheist team\n|c|\u2606goatc the goat|no match for the goat tho\n","uploadtime":1700425687,"views":591,"p1id":"goatcthegoat","p2id":"sylveonissocute","formatid":"gen9ou","rating":0,"private":0,"password":""}