{"id":"smogtours-gen9ou-732292","p1":"jail phi jail","p2":"3d","format":"[Gen 9] OU","log":"|inactive|Battle timer is ON: inactive players will automatically lose when time's up.\n|t:|1700896169\n|gametype|singles\n|player|p1|jail phi jail|skyla-masters2|\n|player|p2|3d|#3d|\n|teamsize|p1|6\n|teamsize|p2|6\n|gen|9\n|tier|[Gen 9] OU\n|rule|Sleep Clause Mod: Limit one foe put to sleep\n|rule|Species Clause: Limit one of each Pok\u00e9mon\n|rule|OHKO Clause: OHKO moves are banned\n|rule|Evasion Items Clause: Evasion items are banned\n|rule|Evasion Moves Clause: Evasion moves are banned\n|rule|Endless Battle Clause: Forcing endless battles is banned\n|rule|HP Percentage Mod: HP is shown in percentages\n|clearpoke\n|poke|p1|Zapdos|\n|poke|p1|Zamazenta-*|\n|poke|p1|Gholdengo|\n|poke|p1|Samurott-Hisui, M|\n|poke|p1|Slowking-Galar, L99, F|\n|poke|p1|Landorus-Therian, M|\n|poke|p2|Great Tusk|\n|poke|p2|Manaphy|\n|poke|p2|Scizor, M|\n|poke|p2|Iron Moth|\n|poke|p2|Ribombee, F|\n|poke|p2|Dragapult, F|\n|teampreview\n|inactive|jail phi jail also wants the timer to be on.\n|inactive|jail phi jail has 270 seconds left.\n|\n|t:|1700896217\n|start\n|switch|p1a: Zapdos|Zapdos|100\/100\n|switch|p2a: Ribombee|Ribombee, F|100\/100\n|turn|1\n|\n|t:|1700896242\n|move|p2a: Ribombee|Moonblast|p1a: Zapdos\n|-damage|p1a: Zapdos|60\/100\n|-unboost|p1a: Zapdos|spa|1\n|move|p1a: Zapdos|Volt Switch|p2a: Ribombee\n|-damage|p2a: Ribombee|64\/100\n|\n|t:|1700896252\n|switch|p1a: Zamazenta|Zamazenta|100\/100|[from] Volt Switch\n|-ability|p1a: Zamazenta|Dauntless Shield|boost\n|-boost|p1a: Zamazenta|def|1\n|\n|upkeep\n|turn|2\n|inactive|3d has 270 seconds left.\n|\n|t:|1700896302\n|-terastallize|p2a: Ribombee|Steel\n|move|p1a: Zamazenta|Stone Edge|p2a: Ribombee\n|-resisted|p2a: Ribombee\n|-damage|p2a: Ribombee|34\/100\n|move|p2a: Ribombee|Moonblast|p1a: Zamazenta\n|-supereffective|p1a: Zamazenta\n|-damage|p1a: Zamazenta|28\/100\n|-unboost|p1a: Zamazenta|spa|1\n|\n|upkeep\n|turn|3\n|\n|t:|1700896311\n|switch|p2a: Dragapult|Dragapult, F|100\/100\n|move|p1a: Zamazenta|Close Combat|p2a: Dragapult\n|-immune|p2a: Dragapult\n|\n|upkeep\n|turn|4\n|\n|t:|1700896317\n|switch|p1a: Landorus|Landorus-Therian, M|100\/100\n|-ability|p1a: Landorus|Intimidate|boost\n|-fail|p2a: Dragapult|unboost|[from] ability: Clear Body|[of] p2a: Dragapult\n|move|p2a: Dragapult|Dragon Darts|p1a: Landorus\n|-damage|p1a: Landorus|76\/100\n|-anim|p2a: Dragapult|Dragon Darts|p1a: Landorus\n|-damage|p1a: Landorus|52\/100\n|\n|upkeep\n|turn|5\n|\n|t:|1700896325\n|switch|p2a: Great Tusk|Great Tusk|100\/100\n|-item|p2a: Great Tusk|Air Balloon\n|move|p1a: Landorus|Stealth Rock|p2a: Great Tusk\n|-sidestart|p2: 3d|move: Stealth Rock\n|\n|upkeep\n|turn|6\n|inactive|3d has 270 seconds left.\n|\n|t:|1700896331\n|move|p2a: Great Tusk|Ice Spinner|p1a: Landorus\n|-supereffective|p1a: Landorus\n|-damage|p1a: Landorus|0 fnt\n|-damage|p2a: Great Tusk|84\/100|[from] item: Rocky Helmet|[of] p1a: Landorus\n|faint|p1a: Landorus\n|\n|upkeep\n|\n|t:|1700896339\n|switch|p1a: Gholdengo|Gholdengo|100\/100\n|turn|7\n|\n|t:|1700896352\n|move|p2a: Great Tusk|Earthquake|p1a: Gholdengo\n|-supereffective|p1a: Gholdengo\n|-crit|p1a: Gholdengo\n|-damage|p1a: Gholdengo|14\/100\n|move|p1a: Gholdengo|Make It Rain|p2a: Great Tusk\n|-damage|p2a: Great Tusk|18\/100\n|-unboost|p1a: Gholdengo|spa|1\n|-enditem|p2a: Great Tusk|Air Balloon\n|\n|upkeep\n|turn|8\n|\n|t:|1700896361\n|move|p2a: Great Tusk|Earthquake|p1a: Gholdengo\n|-supereffective|p1a: Gholdengo\n|-damage|p1a: Gholdengo|0 fnt\n|faint|p1a: Gholdengo\n|\n|upkeep\n|\n|t:|1700896366\n|switch|p1a: Zamazenta|Zamazenta|28\/100\n|turn|9\n|\n|t:|1700896380\n|move|p1a: Zamazenta|Psychic Fangs|p2a: Great Tusk\n|-supereffective|p2a: Great Tusk\n|-damage|p2a: Great Tusk|0 fnt\n|faint|p2a: Great Tusk\n|-end|p2a: Great Tusk|Protosynthesis|[silent]\n|\n|upkeep\n|\n|t:|1700896383\n|switch|p2a: Dragapult|Dragapult, F|100\/100\n|-damage|p2a: Dragapult|88\/100|[from] Stealth Rock\n|turn|10\n|\n|t:|1700896391\n|move|p1a: Zamazenta|Crunch|p2a: Dragapult\n|-supereffective|p2a: Dragapult\n|-damage|p2a: Dragapult|19\/100\n|move|p2a: Dragapult|Dragon Darts|p1a: Zamazenta\n|-damage|p1a: Zamazenta|0 fnt\n|faint|p1a: Zamazenta\n|\n|upkeep\n|\n|t:|1700896410\n|switch|p1a: Samurott|Samurott-Hisui, M|100\/100\n|turn|11\n|\n|t:|1700896417\n|switch|p2a: Ribombee|Ribombee, F, tera:Steel|34\/100\n|-damage|p2a: Ribombee|28\/100|[from] Stealth Rock\n|move|p1a: Samurott|Sucker Punch||[still]\n|-fail|p1a: Samurott\n|\n|upkeep\n|turn|12\n|\n|t:|1700896425\n|move|p2a: Ribombee|Stun Spore|p1a: Samurott\n|-status|p1a: Samurott|par\n|move|p1a: Samurott|Swords Dance|p1a: Samurott\n|-boost|p1a: Samurott|atk|2\n|\n|upkeep\n|turn|13\n|\n|t:|1700896430\n|move|p2a: Ribombee|Sticky Web|p1a: Samurott\n|-sidestart|p1: jail phi jail|move: Sticky Web\n|cant|p1a: Samurott|par\n|\n|upkeep\n|turn|14\n|\n|t:|1700896434\n|move|p1a: Samurott|Sucker Punch||[still]\n|-fail|p1a: Samurott\n|move|p2a: Ribombee|Skill Swap|p1a: Samurott\n|-activate|p2a: Ribombee|move: Skill Swap|Sharpness|Shield Dust|[of] p1a: Samurott\n|\n|upkeep\n|turn|15\n|\n|t:|1700896442\n|move|p1a: Samurott|Sucker Punch||[still]\n|-fail|p1a: Samurott\n|move|p2a: Ribombee|Skill Swap|p1a: Samurott\n|-activate|p2a: Ribombee|move: Skill Swap|Shield Dust|Sharpness|[of] p1a: Samurott\n|\n|upkeep\n|turn|16\n|\n|t:|1700896455\n|move|p1a: Samurott|Sucker Punch|p2a: Ribombee\n|-damage|p2a: Ribombee|0 fnt\n|faint|p2a: Ribombee\n|\n|upkeep\n|\n|t:|1700896469\n|switch|p2a: Scizor|Scizor, M|100\/100\n|-damage|p2a: Scizor|88\/100|[from] Stealth Rock\n|turn|17\n|\n|t:|1700896476\n|-terastallize|p1a: Samurott|Dark\n|cant|p1a: Samurott|par\n|move|p2a: Scizor|Close Combat|p1a: Samurott\n|-supereffective|p1a: Samurott\n|-damage|p1a: Samurott|0 fnt\n|-unboost|p2a: Scizor|def|1\n|-unboost|p2a: Scizor|spd|1\n|faint|p1a: Samurott\n|-damage|p2a: Scizor|78\/100|[from] item: Life Orb\n|\n|upkeep\n|c|\u2606jail phi jail|fuck u\n|-message|jail phi jail forfeited.\n|\n|win|3d\n","uploadtime":1700896484,"views":2,"p1id":"jailphijail","p2id":"3d","formatid":"gen9ou","rating":0,"private":0,"password":""}