{"id":"smogtours-gen9ou-730187","p1":"SITUMSNTABOURET","p2":"PZ Gang","format":"[Gen 9] OU","log":"|inactive|Battle timer is ON: inactive players will automatically lose when time's up.\n|t:|1699803525\n|gametype|singles\n|player|p1|SITUMSNTABOURET|169|\n|player|p2|PZ Gang|will|\n|teamsize|p1|6\n|teamsize|p2|6\n|gen|9\n|tier|[Gen 9] OU\n|rule|Sleep Clause Mod: Limit one foe put to sleep\n|rule|Species Clause: Limit one of each Pok\u00e9mon\n|rule|OHKO Clause: OHKO moves are banned\n|rule|Evasion Items Clause: Evasion items are banned\n|rule|Evasion Moves Clause: Evasion moves are banned\n|rule|Endless Battle Clause: Forcing endless battles is banned\n|rule|HP Percentage Mod: HP is shown in percentages\n|clearpoke\n|poke|p1|Samurott-Hisui, F|\n|poke|p1|Gholdengo|\n|poke|p1|Sneasler, M|\n|poke|p1|Enamorus, F|\n|poke|p1|Great Tusk|\n|poke|p1|Rillaboom, F|\n|poke|p2|Ribombee, F|\n|poke|p2|Manaphy|\n|poke|p2|Iron Moth|\n|poke|p2|Kingambit, F|\n|poke|p2|Gholdengo|\n|poke|p2|Breloom, M|\n|teampreview\n|inactive|SITUMSNTABOURET also wants the timer to be on.\n|c|\u2606PZ Gang|hf\n|c|\u2606SITUMSNTABOURET|hf\n|\n|t:|1699803551\n|start\n|switch|p1a: Gholdengo|Gholdengo|100\/100\n|switch|p2a: Ribombee|Ribombee, F|100\/100\n|-item|p1a: Gholdengo|Air Balloon\n|turn|1\n|\n|t:|1699803565\n|move|p2a: Ribombee|Sticky Web|p1a: Gholdengo\n|-sidestart|p1: SITUMSNTABOURET|move: Sticky Web\n|move|p1a: Gholdengo|Shadow Ball|p2a: Ribombee\n|-damage|p2a: Ribombee|23\/100\n|\n|upkeep\n|turn|2\n|\n|t:|1699803569\n|move|p2a: Ribombee|Moonblast|p1a: Gholdengo\n|-resisted|p1a: Gholdengo\n|-damage|p1a: Gholdengo|78\/100\n|-enditem|p1a: Gholdengo|Air Balloon\n|move|p1a: Gholdengo|Shadow Ball|p2a: Ribombee\n|-damage|p2a: Ribombee|0 fnt\n|faint|p2a: Ribombee\n|\n|upkeep\n|inactive|PZ Gang has 270 seconds left.\n|\n|t:|1699803604\n|switch|p2a: Iron Moth|Iron Moth|100\/100\n|-enditem|p2a: Iron Moth|Booster Energy\n|-activate|p2a: Iron Moth|ability: Quark Drive|[fromitem]\n|-start|p2a: Iron Moth|quarkdrivespa\n|turn|3\n|inactive|SITUMSNTABOURET has 270 seconds left.\n|inactive|SITUMSNTABOURET has 240 seconds left.\n|inactive|SITUMSNTABOURET has 210 seconds left.\n|\n|t:|1699803704\n|move|p2a: Iron Moth|Fiery Dance|p1a: Gholdengo\n|-supereffective|p1a: Gholdengo\n|-damage|p1a: Gholdengo|0 fnt\n|-boost|p2a: Iron Moth|spa|1\n|faint|p1a: Gholdengo\n|\n|upkeep\n|\n|t:|1699803729\n|switch|p1a: Samurott|Samurott-Hisui, F|100\/100\n|-activate|p1a: Samurott|move: Sticky Web\n|-unboost|p1a: Samurott|spe|1\n|turn|4\n|inactive|PZ Gang has 270 seconds left.\n|inactive|SITUMSNTABOURET has 180 seconds left.\n|\n|t:|1699803780\n|move|p2a: Iron Moth|Sludge Wave|p1a: Samurott\n|-enditem|p1a: Samurott|Focus Sash\n|-damage|p1a: Samurott|1\/100\n|-status|p1a: Samurott|psn\n|move|p1a: Samurott|Razor Shell|p2a: Iron Moth\n|-supereffective|p2a: Iron Moth\n|-damage|p2a: Iron Moth|0 fnt\n|faint|p2a: Iron Moth\n|-end|p2a: Iron Moth|Quark Drive|[silent]\n|\n|-damage|p1a: Samurott|0 fnt|[from] psn\n|faint|p1a: Samurott\n|upkeep\n|inactive|PZ Gang has 240 seconds left.\n|\n|t:|1699803806\n|switch|p2a: Gholdengo|Gholdengo|100\/100\n|switch|p1a: Rillaboom|Rillaboom, F|100\/100\n|-item|p2a: Gholdengo|Air Balloon\n|-activate|p1a: Rillaboom|move: Sticky Web\n|-unboost|p1a: Rillaboom|spe|1\n|-fieldstart|move: Grassy Terrain|[from] ability: Grassy Surge|[of] p1a: Rillaboom\n|turn|5\n|inactive|PZ Gang has 210 seconds left.\n|\n|t:|1699803842\n|switch|p2a: Breloom|Breloom, M|100\/100\n|move|p1a: Rillaboom|Knock Off|p2a: Breloom\n|-resisted|p2a: Breloom\n|-damage|p2a: Breloom|61\/100\n|-enditem|p2a: Breloom|Loaded Dice|[from] move: Knock Off|[of] p1a: Rillaboom\n|\n|-heal|p2a: Breloom|67\/100|[from] Grassy Terrain\n|upkeep\n|turn|6\n|inactive|PZ Gang has 210 seconds left.\n|inactive|SITUMSNTABOURET has 150 seconds left.\n|inactive|SITUMSNTABOURET has 120 seconds left.\n|inactive|SITUMSNTABOURET has 90 seconds left.\n|inactive|SITUMSNTABOURET has 60 seconds left.\n|\n|t:|1699803975\n|switch|p1a: Enamorus|Enamorus, F|100\/100\n|move|p2a: Breloom|Bullet Seed|p1a: Enamorus\n|-resisted|p1a: Enamorus\n|-damage|p1a: Enamorus|80\/100\n|-resisted|p1a: Enamorus\n|-damage|p1a: Enamorus|59\/100\n|-hitcount|p1a: Enamorus|2\n|\n|-heal|p2a: Breloom|73\/100|[from] Grassy Terrain\n|upkeep\n|turn|7\n|inactive|PZ Gang has 210 seconds left.\n|inactive|SITUMSNTABOURET has 30 seconds left.\n|\n|t:|1699804000\n|move|p1a: Enamorus|Mystical Fire|p2a: Breloom\n|-supereffective|p2a: Breloom\n|-crit|p2a: Breloom\n|-damage|p2a: Breloom|0 fnt\n|faint|p2a: Breloom\n|\n|upkeep\n|\n|t:|1699804006\n|switch|p2a: Manaphy|Manaphy|100\/100\n|turn|8\n|\n|t:|1699804010\n|switch|p1a: Rillaboom|Rillaboom, F|100\/100\n|-activate|p1a: Rillaboom|move: Sticky Web\n|-unboost|p1a: Rillaboom|spe|1\n|move|p2a: Manaphy|Tail Glow|p2a: Manaphy\n|-boost|p2a: Manaphy|spa|3\n|\n|upkeep\n|turn|9\n|inactive|PZ Gang has 210 seconds left.\n|inactive|SITUMSNTABOURET has 30 seconds left.\n|inactive|SITUMSNTABOURET has 20 seconds left.\n|inactive|SITUMSNTABOURET has 15 seconds left.\n|\n|t:|1699804052\n|switch|p1a: Great Tusk|Great Tusk|100\/100\n|-activate|p1a: Great Tusk|move: Sticky Web\n|-unboost|p1a: Great Tusk|spe|1\n|-enditem|p1a: Great Tusk|Booster Energy\n|-activate|p1a: Great Tusk|ability: Protosynthesis|[fromitem]\n|-start|p1a: Great Tusk|protosynthesisatk\n|-terastallize|p2a: Manaphy|Fairy\n|move|p2a: Manaphy|Ice Beam|p1a: Great Tusk\n|-supereffective|p1a: Great Tusk\n|-damage|p1a: Great Tusk|0 fnt\n|faint|p1a: Great Tusk\n|-end|p1a: Great Tusk|Protosynthesis|[silent]\n|\n|-fieldend|move: Grassy Terrain\n|upkeep\n|inactive|SITUMSNTABOURET has 20 seconds left this turn.\n|inactive|SITUMSNTABOURET has 15 seconds left.\n|\n|t:|1699804061\n|switch|p1a: Rillaboom|Rillaboom, F|100\/100\n|-activate|p1a: Rillaboom|move: Sticky Web\n|-unboost|p1a: Rillaboom|spe|1\n|-fieldstart|move: Grassy Terrain|[from] ability: Grassy Surge|[of] p1a: Rillaboom\n|turn|10\n|inactive|SITUMSNTABOURET has 25 seconds left this turn.\n|\n|t:|1699804067\n|move|p1a: Rillaboom|Grassy Glide|p2a: Manaphy\n|-damage|p2a: Manaphy|49\/100\n|move|p2a: Manaphy|Ice Beam|p1a: Rillaboom\n|-supereffective|p1a: Rillaboom\n|-damage|p1a: Rillaboom|0 fnt\n|faint|p1a: Rillaboom\n|\n|-heal|p2a: Manaphy|55\/100|[from] Grassy Terrain\n|-heal|p2a: Manaphy|61\/100|[from] item: Leftovers\n|upkeep\n|inactive|SITUMSNTABOURET has 30 seconds left this turn.\n|inactive|SITUMSNTABOURET has 20 seconds left.\n|inactive|SITUMSNTABOURET has 15 seconds left.\n|inactive|SITUMSNTABOURET has 10 seconds left.\n|inactive|SITUMSNTABOURET has 5 seconds left.\n|\n|t:|1699804093\n|switch|p1a: Sneasler|Sneasler, M|100\/100\n|-activate|p1a: Sneasler|move: Sticky Web\n|-unboost|p1a: Sneasler|spe|1\n|-enditem|p1a: Sneasler|Grassy Seed\n|-boost|p1a: Sneasler|def|1|[from] item: Grassy Seed\n|turn|11\n|inactive|SITUMSNTABOURET has 15 seconds left this turn.\n|inactive|SITUMSNTABOURET has 10 seconds left.\n|inactive|SITUMSNTABOURET has 5 seconds left.\n|\n|t:|1699804105\n|-terastallize|p1a: Sneasler|Flying\n|move|p1a: Sneasler|Acrobatics|p2a: Manaphy\n|-damage|p2a: Manaphy|1\/100\n|move|p2a: Manaphy|Surf|p1a: Sneasler\n|-damage|p1a: Sneasler|0 fnt\n|faint|p1a: Sneasler\n|\n|-heal|p2a: Manaphy|8\/100|[from] Grassy Terrain\n|-heal|p2a: Manaphy|14\/100|[from] item: Leftovers\n|upkeep\n|inactive|SITUMSNTABOURET has 10 seconds left this turn.\n|inactive|SITUMSNTABOURET has 5 seconds left.\n|c|\u2606SITUMSNTABOURET|gg\n|-message|SITUMSNTABOURET lost due to inactivity.\n|\n|win|PZ Gang\n|c|\u2606PZ Gang|gg\n","uploadtime":1699804116,"views":69,"p1id":"situmsntabouret","p2id":"pzgang","formatid":"gen9ou","rating":0,"private":0,"password":""}