{"id":"smogtours-gen9ou-730241","p1":"ISZA(NOT ZENIN?)","p2":"Fogbound Lake","format":"[Gen 9] OU","log":"|inactive|Battle timer is ON: inactive players will automatically lose when time's up.\n|t:|1699809704\n|gametype|singles\n|player|p1|ISZA(NOT ZENIN?)|bruno-gen3|\n|player|p2|Fogbound Lake|#puplixmaadcitymagmortars|\n|teamsize|p1|6\n|teamsize|p2|6\n|gen|9\n|tier|[Gen 9] OU\n|rule|Sleep Clause Mod: Limit one foe put to sleep\n|rule|Species Clause: Limit one of each Pok\u00e9mon\n|rule|OHKO Clause: OHKO moves are banned\n|rule|Evasion Items Clause: Evasion items are banned\n|rule|Evasion Moves Clause: Evasion moves are banned\n|rule|Endless Battle Clause: Forcing endless battles is banned\n|rule|HP Percentage Mod: HP is shown in percentages\n|clearpoke\n|poke|p1|Enamorus, F|\n|poke|p1|Ceruledge, F|\n|poke|p1|Kingambit, M|\n|poke|p1|Great Tusk|\n|poke|p1|Walking Wake|\n|poke|p1|Torkoal, M|\n|poke|p2|Zapdos|\n|poke|p2|Gliscor, M|\n|poke|p2|Alomomola, F|\n|poke|p2|Zarude-Dada|\n|poke|p2|Sneasler, F|\n|poke|p2|Gholdengo|\n|teampreview\n|c|\u2606Fogbound Lake|hf\n|raw|<div class=\"broadcast-red\"><strong>Moderated chat was set to \u2606!<\/strong><br \/>Only users of rank \u2606 and higher can talk.<\/div>\n|c|\u2606ISZA(NOT ZENIN?)|You as well\n|inactive|ISZA(NOT ZENIN?) has 270 seconds left.\n|inactive|Fogbound Lake has 270 seconds left.\n|inactive|ISZA(NOT ZENIN?) has 240 seconds left.\n|inactive|Fogbound Lake has 240 seconds left.\n|inactive|ISZA(NOT ZENIN?) has 210 seconds left.\n|inactive|Fogbound Lake has 210 seconds left.\n|inactive|ISZA(NOT ZENIN?) has 180 seconds left.\n|\n|t:|1699809834\n|start\n|switch|p1a: Torkoal|Torkoal, M|100\/100\n|switch|p2a: D\u00e1maris|Zapdos, shiny|100\/100\n|-weather|SunnyDay|[from] ability: Drought|[of] p1a: Torkoal\n|turn|1\n|inactive|ISZA(NOT ZENIN?) has 240 seconds left.\n|\n|t:|1699809848\n|move|p2a: D\u00e1maris|Volt Switch|p1a: Torkoal\n|-damage|p1a: Torkoal|72\/100\n|inactive|Fogbound Lake has 270 seconds left.\n|inactive|Fogbound Lake has 240 seconds left.\n|inactive|Fogbound Lake has 210 seconds left.\n|\n|t:|1699809933\n|switch|p2a: Vi\u0161eslav|Alomomola, F|100\/100|[from] Volt Switch\n|move|p1a: Torkoal|Overheat|p2a: Vi\u0161eslav\n|-resisted|p2a: Vi\u0161eslav\n|-damage|p2a: Vi\u0161eslav|69\/100\n|-unboost|p1a: Torkoal|spa|2\n|-enditem|p1a: Torkoal|Eject Pack\n|inactive|ISZA(NOT ZENIN?) has 240 seconds left.\n|inactive|ISZA(NOT ZENIN?) has 210 seconds left.\n|inactive|ISZA(NOT ZENIN?) has 180 seconds left.\n|inactive|ISZA(NOT ZENIN?) has 150 seconds left.\n|inactive|ISZA(NOT ZENIN?) has 120 seconds left.\n|\n|t:|1699810068\n|switch|p1a: Ceruledge|Ceruledge, F|100\/100\n|-item|p1a: Ceruledge|Air Balloon\n|\n|-weather|SunnyDay|[upkeep]\n|upkeep\n|turn|2\n|inactive|ISZA(NOT ZENIN?) has 120 seconds left.\n|\n|t:|1699810093\n|switch|p2a: Valens|Zarude-Dada|100\/100\n|move|p1a: Ceruledge|Bulk Up|p1a: Ceruledge\n|-boost|p1a: Ceruledge|atk|1\n|-boost|p1a: Ceruledge|def|1\n|\n|-weather|SunnyDay|[upkeep]\n|upkeep\n|turn|3\n|inactive|ISZA(NOT ZENIN?) has 120 seconds left.\n|inactive|ISZA(NOT ZENIN?) has 90 seconds left.\n|\n|t:|1699810143\n|switch|p1a: Walking Wake|Walking Wake|100\/100\n|-activate|p1a: Walking Wake|ability: Protosynthesis\n|-start|p1a: Walking Wake|protosynthesisspa\n|move|p2a: Valens|Encore||[still]\n|-fail|p2a: Valens\n|\n|-weather|SunnyDay|[upkeep]\n|upkeep\n|turn|4\n|inactive|Fogbound Lake has 180 seconds left.\n|inactive|Fogbound Lake has 150 seconds left.\n|inactive|Fogbound Lake has 120 seconds left.\n|inactive|Fogbound Lake has 90 seconds left.\n|\n|t:|1699810281\n|switch|p2a: Halimat|Gholdengo|100\/100\n|move|p1a: Walking Wake|Draco Meteor|p2a: Halimat\n|-resisted|p2a: Halimat\n|-damage|p2a: Halimat|57\/100\n|-unboost|p1a: Walking Wake|spa|2\n|\n|-weather|SunnyDay|[upkeep]\n|upkeep\n|turn|5\n|inactive|Fogbound Lake has 60 seconds left.\n|\n|t:|1699810318\n|switch|p2a: Vi\u0161eslav|Alomomola, F|100\/100\n|move|p1a: Walking Wake|Draco Meteor|p2a: Vi\u0161eslav\n|-damage|p2a: Vi\u0161eslav|59\/100\n|-unboost|p1a: Walking Wake|spa|2\n|\n|-weather|none\n|-end|p1a: Walking Wake|Protosynthesis\n|upkeep\n|turn|6\n|\n|t:|1699810329\n|-end|p1a: Walking Wake|Protosynthesis|[silent]\n|switch|p1a: Torkoal|Torkoal, M|72\/100\n|-weather|SunnyDay|[from] ability: Drought|[of] p1a: Torkoal\n|move|p2a: Vi\u0161eslav|Flip Turn|p1a: Torkoal\n|-supereffective|p1a: Torkoal\n|-damage|p1a: Torkoal|62\/100\n|\n|t:|1699810332\n|switch|p2a: Tord|Gliscor, M, shiny|100\/100|[from] Flip Turn\n|\n|-weather|SunnyDay|[upkeep]\n|-status|p2a: Tord|tox|[from] item: Toxic Orb\n|upkeep\n|turn|7\n|inactive|ISZA(NOT ZENIN?) has 60 seconds left.\n|inactive|Fogbound Lake has 30 seconds left.\n|inactive|ISZA(NOT ZENIN?) has 30 seconds left.\n|\n|t:|1699810397\n|switch|p1a: Walking Wake|Walking Wake|100\/100\n|-activate|p1a: Walking Wake|ability: Protosynthesis\n|-start|p1a: Walking Wake|protosynthesisspa\n|move|p2a: Tord|Toxic|p1a: Walking Wake\n|-status|p1a: Walking Wake|tox\n|\n|-weather|SunnyDay|[upkeep]\n|-damage|p1a: Walking Wake|94\/100 tox|[from] psn\n|upkeep\n|turn|8\n|inactive|ISZA(NOT ZENIN?) has 30 seconds left.\n|\n|t:|1699810405\n|-end|p1a: Walking Wake|Protosynthesis|[silent]\n|switch|p1a: Mei Mei|Enamorus, F|100\/100\n|move|p2a: Tord|Protect||[still]\n|-fail|p2a: Tord\n|\n|-weather|SunnyDay|[upkeep]\n|upkeep\n|turn|9\n|inactive|Fogbound Lake has 30 seconds left.\n|inactive|Fogbound Lake has 20 seconds left.\n|inactive|Fogbound Lake has 15 seconds left.\n|inactive|Fogbound Lake has 10 seconds left.\n|\n|t:|1699810441\n|move|p1a: Mei Mei|Substitute|p1a: Mei Mei\n|-start|p1a: Mei Mei|Substitute\n|-damage|p1a: Mei Mei|76\/100\n|move|p2a: Tord|Toxic||[still]\n|-fail|p2a: Tord\n|\n|-weather|SunnyDay|[upkeep]\n|-heal|p1a: Mei Mei|82\/100|[from] item: Leftovers\n|upkeep\n|turn|10\n|inactive|Fogbound Lake has 20 seconds left this turn.\n|inactive|Fogbound Lake has 15 seconds left.\n|inactive|Fogbound Lake has 10 seconds left.\n|\n|t:|1699810453\n|switch|p2a: D\u00e1maris|Zapdos, shiny|100\/100\n|move|p1a: Mei Mei|Calm Mind|p1a: Mei Mei\n|-boost|p1a: Mei Mei|spa|1\n|-boost|p1a: Mei Mei|spd|1\n|\n|-weather|none\n|-heal|p1a: Mei Mei|88\/100|[from] item: Leftovers\n|upkeep\n|turn|11\n|inactive|Fogbound Lake has 20 seconds left this turn.\n|inactive|Fogbound Lake has 15 seconds left.\n|\n|t:|1699810471\n|move|p1a: Mei Mei|Moonblast|p2a: D\u00e1maris\n|-damage|p2a: D\u00e1maris|24\/100\n|move|p2a: D\u00e1maris|Volt Switch|p1a: Mei Mei\n|-supereffective|p1a: Mei Mei\n|-end|p1a: Mei Mei|Substitute\n|inactive|Fogbound Lake has 20 seconds left this turn.\n|inactive|Fogbound Lake has 15 seconds left.\n|\n|t:|1699810479\n|switch|p2a: Granuaile|Sneasler, F|100\/100|[from] Volt Switch\n|\n|-heal|p1a: Mei Mei|94\/100|[from] item: Leftovers\n|upkeep\n|turn|12\n|inactive|Fogbound Lake has 25 seconds left this turn.\n|inactive|Fogbound Lake has 20 seconds left.\n|inactive|Fogbound Lake has 15 seconds left.\n|inactive|ISZA(NOT ZENIN?) has 30 seconds left.\n|inactive|ISZA(NOT ZENIN?) has 20 seconds left.\n|inactive|ISZA(NOT ZENIN?) has 15 seconds left.\n|inactive|ISZA(NOT ZENIN?) has 10 seconds left.\n|\n|t:|1699810526\n|switch|p1a: Great Tusk|Great Tusk|100\/100\n|-enditem|p1a: Great Tusk|Booster Energy\n|-activate|p1a: Great Tusk|ability: Protosynthesis|[fromitem]\n|-start|p1a: Great Tusk|protosynthesisspe\n|move|p2a: Granuaile|Close Combat|p1a: Great Tusk\n|-damage|p1a: Great Tusk|59\/100\n|-unboost|p2a: Granuaile|def|1\n|-unboost|p2a: Granuaile|spd|1\n|\n|upkeep\n|turn|13\n|inactive|ISZA(NOT ZENIN?) has 20 seconds left this turn.\n|inactive|Fogbound Lake has 25 seconds left this turn.\n|inactive|ISZA(NOT ZENIN?) has 15 seconds left.\n|inactive|Fogbound Lake has 20 seconds left.\n|inactive|Fogbound Lake has 15 seconds left.\n|\n|t:|1699810537\n|switch|p2a: Vi\u0161eslav|Alomomola, F|92\/100\n|move|p1a: Great Tusk|Bulk Up|p1a: Great Tusk\n|-boost|p1a: Great Tusk|atk|1\n|-boost|p1a: Great Tusk|def|1\n|\n|upkeep\n|turn|14\n|inactive|ISZA(NOT ZENIN?) has 25 seconds left this turn.\n|inactive|Fogbound Lake has 25 seconds left this turn.\n|inactive|ISZA(NOT ZENIN?) has 20 seconds left.\n|inactive|Fogbound Lake has 20 seconds left.\n|\n|t:|1699810544\n|move|p1a: Great Tusk|Headlong Rush|p2a: Vi\u0161eslav\n|-damage|p2a: Vi\u0161eslav|47\/100\n|-unboost|p1a: Great Tusk|def|1\n|-unboost|p1a: Great Tusk|spd|1\n|move|p2a: Vi\u0161eslav|Scald|p1a: Great Tusk\n|-supereffective|p1a: Great Tusk\n|-damage|p1a: Great Tusk|4\/100\n|\n|upkeep\n|turn|15\n|inactive|ISZA(NOT ZENIN?) has 30 seconds left this turn.\n|inactive|Fogbound Lake has 30 seconds left this turn.\n|inactive|Fogbound Lake has 20 seconds left.\n|inactive|Fogbound Lake has 15 seconds left.\n|\n|t:|1699810563\n|move|p1a: Great Tusk|Ice Spinner|p2a: Vi\u0161eslav\n|-resisted|p2a: Vi\u0161eslav\n|-damage|p2a: Vi\u0161eslav|36\/100\n|move|p2a: Vi\u0161eslav|Flip Turn|p1a: Great Tusk\n|-supereffective|p1a: Great Tusk\n|-damage|p1a: Great Tusk|0 fnt\n|faint|p1a: Great Tusk\n|-end|p1a: Great Tusk|Protosynthesis|[silent]\n|inactive|Fogbound Lake has 20 seconds left this turn.\n|inactive|Fogbound Lake has 15 seconds left.\n|inactive|Fogbound Lake has 10 seconds left.\n|\n|t:|1699810576\n|switch|p2a: Granuaile|Sneasler, F|100\/100|[from] Flip Turn\n|\n|upkeep\n|inactive|Fogbound Lake has 15 seconds left this turn.\n|\n|t:|1699810582\n|switch|p1a: Torkoal|Torkoal, M|62\/100\n|-weather|SunnyDay|[from] ability: Drought|[of] p1a: Torkoal\n|turn|16\n|inactive|Fogbound Lake has 25 seconds left this turn.\n|inactive|Fogbound Lake has 20 seconds left.\n|\n|t:|1699810590\n|move|p2a: Granuaile|U-turn|p1a: Torkoal\n|-resisted|p1a: Torkoal\n|-crit|p1a: Torkoal\n|-damage|p1a: Torkoal|48\/100\n|inactive|Fogbound Lake has 25 seconds left this turn.\n|inactive|Fogbound Lake has 20 seconds left.\n|inactive|Fogbound Lake has 15 seconds left.\n|\n|t:|1699810601\n|switch|p2a: Vi\u0161eslav|Alomomola, F|70\/100|[from] U-turn\n|move|p1a: Torkoal|Stealth Rock|p2a: Vi\u0161eslav\n|-sidestart|p2: Fogbound Lake|move: Stealth Rock\n|\n|-weather|SunnyDay|[upkeep]\n|upkeep\n|turn|17\n|inactive|Fogbound Lake has 25 seconds left this turn.\n|inactive|Fogbound Lake has 20 seconds left.\n|\n|t:|1699810609\n|switch|p1a: Walking Wake|Walking Wake|94\/100 tox\n|-activate|p1a: Walking Wake|ability: Protosynthesis\n|-start|p1a: Walking Wake|protosynthesisspa\n|move|p2a: Vi\u0161eslav|Wish|p2a: Vi\u0161eslav\n|\n|-weather|SunnyDay|[upkeep]\n|-damage|p1a: Walking Wake|88\/100 tox|[from] psn\n|upkeep\n|turn|18\n|inactive|Fogbound Lake has 30 seconds left this turn.\n|inactive|Fogbound Lake has 20 seconds left.\n|inactive|Fogbound Lake has 15 seconds left.\n|inactive|Fogbound Lake has 10 seconds left.\n|\n|t:|1699810634\n|switch|p2a: Halimat|Gholdengo|57\/100\n|move|p1a: Walking Wake|Draco Meteor|p2a: Halimat\n|-resisted|p2a: Halimat\n|-damage|p2a: Halimat|13\/100\n|-unboost|p1a: Walking Wake|spa|2\n|\n|-weather|SunnyDay|[upkeep]\n|-heal|p2a: Halimat|76\/100|[from] move: Wish|[wisher] Vi\u0161eslav\n|-damage|p1a: Walking Wake|76\/100 tox|[from] psn\n|upkeep\n|turn|19\n|inactive|Fogbound Lake has 20 seconds left this turn.\n|inactive|Fogbound Lake has 15 seconds left.\n|inactive|Fogbound Lake has 10 seconds left.\n|\n|t:|1699810644\n|-end|p1a: Walking Wake|Protosynthesis|[silent]\n|switch|p1a: Kingambit|Kingambit, M|100\/100\n|-activate|p1a: Kingambit|ability: Supreme Overlord\n|-start|p1a: Kingambit|fallen1|[silent]\n|move|p2a: Halimat|Thunder Wave|p1a: Kingambit\n|-status|p1a: Kingambit|par\n|\n|-weather|SunnyDay|[upkeep]\n|upkeep\n|turn|20\n|inactive|Fogbound Lake has 20 seconds left this turn.\n|inactive|Fogbound Lake has 15 seconds left.\n|inactive|Fogbound Lake has 10 seconds left.\n|\n|t:|1699810656\n|switch|p2a: Valens|Zarude-Dada|100\/100\n|cant|p1a: Kingambit|par\n|\n|-weather|none\n|upkeep\n|turn|21\n|inactive|Fogbound Lake has 20 seconds left this turn.\n|inactive|Fogbound Lake has 15 seconds left.\n|\n|t:|1699810666\n|move|p2a: Valens|Knock Off|p1a: Kingambit\n|-resisted|p1a: Kingambit\n|-damage|p1a: Kingambit|86\/100 par\n|-enditem|p1a: Kingambit|Leftovers|[from] move: Knock Off|[of] p2a: Valens\n|move|p1a: Kingambit|Iron Head|p2a: Valens\n|-damage|p2a: Valens|60\/100\n|\n|upkeep\n|turn|22\n|inactive|Fogbound Lake has 25 seconds left this turn.\n|inactive|Fogbound Lake has 20 seconds left.\n|\n|t:|1699810674\n|move|p2a: Valens|Synthesis|p2a: Valens\n|-heal|p2a: Valens|100\/100\n|move|p1a: Kingambit|Iron Head|p2a: Valens\n|-damage|p2a: Valens|58\/100\n|\n|upkeep\n|turn|23\n|inactive|Fogbound Lake has 30 seconds left this turn.\n|\n|t:|1699810679\n|move|p2a: Valens|Synthesis|p2a: Valens\n|-heal|p2a: Valens|100\/100\n|move|p1a: Kingambit|Iron Head|p2a: Valens\n|-damage|p2a: Valens|60\/100\n|\n|upkeep\n|turn|24\n|\n|t:|1699810682\n|move|p2a: Valens|Synthesis|p2a: Valens\n|-heal|p2a: Valens|100\/100\n|move|p1a: Kingambit|Iron Head|p2a: Valens\n|-damage|p2a: Valens|64\/100\n|\n|upkeep\n|turn|25\n|\n|t:|1699810685\n|move|p2a: Valens|Synthesis|p2a: Valens\n|-heal|p2a: Valens|100\/100\n|move|p1a: Kingambit|Iron Head|p2a: Valens\n|-damage|p2a: Valens|61\/100\n|\n|upkeep\n|turn|26\n|\n|t:|1699810688\n|move|p2a: Valens|Synthesis|p2a: Valens\n|-heal|p2a: Valens|100\/100\n|cant|p1a: Kingambit|par\n|\n|upkeep\n|turn|27\n|inactive|ISZA(NOT ZENIN?) has 120 seconds left.\n|\n|t:|1699810695\n|move|p2a: Valens|Power Whip|p1a: Kingambit\n|-resisted|p1a: Kingambit\n|-damage|p1a: Kingambit|70\/100 par\n|move|p1a: Kingambit|Swords Dance|p1a: Kingambit\n|-boost|p1a: Kingambit|atk|2\n|\n|upkeep\n|turn|28\n|\n|t:|1699810701\n|-end|p1a: Kingambit|fallen1|[silent]\n|switch|p1a: Mei Mei|Enamorus, F|94\/100\n|move|p2a: Valens|Encore||[still]\n|-fail|p2a: Valens\n|\n|-heal|p1a: Mei Mei|100\/100|[from] item: Leftovers\n|upkeep\n|turn|29\n|inactive|Fogbound Lake has 60 seconds left.\n|\n|t:|1699810725\n|move|p1a: Mei Mei|Moonblast|p2a: Valens\n|-supereffective|p2a: Valens\n|-damage|p2a: Valens|12\/100\n|-unboost|p2a: Valens|spa|1\n|move|p2a: Valens|Knock Off|p1a: Mei Mei\n|-resisted|p1a: Mei Mei\n|-damage|p1a: Mei Mei|70\/100\n|-enditem|p1a: Mei Mei|Leftovers|[from] move: Knock Off|[of] p2a: Valens\n|\n|upkeep\n|turn|30\n|inactive|Fogbound Lake has 60 seconds left.\n|\n|t:|1699810748\n|switch|p2a: Vi\u0161eslav|Alomomola, F|100\/100\n|move|p1a: Mei Mei|Earth Power|p2a: Vi\u0161eslav\n|-damage|p2a: Vi\u0161eslav|69\/100\n|\n|upkeep\n|turn|31\n|\n|t:|1699810754\n|move|p1a: Mei Mei|Moonblast|p2a: Vi\u0161eslav\n|-damage|p2a: Vi\u0161eslav|21\/100\n|-unboost|p2a: Vi\u0161eslav|spa|1\n|move|p2a: Vi\u0161eslav|Flip Turn|p1a: Mei Mei\n|-damage|p1a: Mei Mei|44\/100\n|\n|t:|1699810759\n|switch|p2a: Granuaile|Sneasler, F|100\/100|[from] Flip Turn\n|\n|upkeep\n|turn|32\n|inactive|ISZA(NOT ZENIN?) has 150 seconds left.\n|inactive|Fogbound Lake has 60 seconds left.\n|\n|t:|1699810775\n|switch|p1a: Torkoal|Torkoal, M|48\/100\n|-weather|SunnyDay|[from] ability: Drought|[of] p1a: Torkoal\n|move|p2a: Granuaile|U-turn|p1a: Torkoal\n|-resisted|p1a: Torkoal\n|-damage|p1a: Torkoal|40\/100\n|\n|t:|1699810780\n|switch|p2a: Vi\u0161eslav|Alomomola, F|54\/100|[from] U-turn\n|\n|-weather|SunnyDay|[upkeep]\n|upkeep\n|turn|33\n|inactive|ISZA(NOT ZENIN?) has 150 seconds left.\n|\n|t:|1699810798\n|switch|p1a: Ceruledge|Ceruledge, F|100\/100\n|-item|p1a: Ceruledge|Air Balloon\n|move|p2a: Vi\u0161eslav|Wish|p2a: Vi\u0161eslav\n|\n|-weather|SunnyDay|[upkeep]\n|upkeep\n|turn|34\n|inactive|Fogbound Lake has 60 seconds left.\n|inactive|ISZA(NOT ZENIN?) has 150 seconds left.\n|inactive|Fogbound Lake has 30 seconds left.\n|inactive|Fogbound Lake has 20 seconds left.\n|inactive|Fogbound Lake has 15 seconds left.\n|inactive|Fogbound Lake has 10 seconds left.\n|\n|t:|1699810867\n|switch|p2a: D\u00e1maris|Zapdos, shiny|24\/100\n|move|p1a: Ceruledge|Bitter Blade|p2a: D\u00e1maris\n|-damage|p2a: D\u00e1maris|0 fnt\n|faint|p2a: D\u00e1maris\n|\n|-weather|SunnyDay|[upkeep]\n|upkeep\n|inactive|Fogbound Lake has 15 seconds left this turn.\n|inactive|Fogbound Lake has 10 seconds left.\n|inactive|Fogbound Lake has 5 seconds left.\n|\n|t:|1699810879\n|switch|p2a: Tord|Gliscor, M, shiny|100\/100 tox\n|-damage|p2a: Tord|88\/100 tox|[from] Stealth Rock\n|turn|35\n|inactive|Fogbound Lake has 15 seconds left this turn.\n|inactive|Fogbound Lake has 10 seconds left.\n|inactive|Fogbound Lake has 5 seconds left.\n|inactive|ISZA(NOT ZENIN?) has 150 seconds left.\n|\n|t:|1699810897\n|move|p1a: Ceruledge|Taunt|p2a: Tord\n|-start|p2a: Tord|move: Taunt\n|cant|p2a: Tord|move: Taunt|Toxic\n|\n|-weather|SunnyDay|[upkeep]\n|-heal|p2a: Tord|100\/100 tox|[from] ability: Poison Heal\n|upkeep\n|turn|36\n|inactive|Fogbound Lake has 15 seconds left this turn.\n|inactive|Fogbound Lake has 10 seconds left.\n|\n|t:|1699810906\n|switch|p2a: Vi\u0161eslav|Alomomola, F|88\/100\n|move|p1a: Ceruledge|Bulk Up|p1a: Ceruledge\n|-boost|p1a: Ceruledge|atk|1\n|-boost|p1a: Ceruledge|def|1\n|\n|-weather|none\n|upkeep\n|turn|37\n|inactive|Fogbound Lake has 20 seconds left this turn.\n|inactive|Fogbound Lake has 15 seconds left.\n|\n|t:|1699810917\n|switch|p1a: Torkoal|Torkoal, M|40\/100\n|-weather|SunnyDay|[from] ability: Drought|[of] p1a: Torkoal\n|move|p2a: Vi\u0161eslav|Scald|p1a: Torkoal\n|-supereffective|p1a: Torkoal\n|-damage|p1a: Torkoal|26\/100\n|\n|-weather|SunnyDay|[upkeep]\n|upkeep\n|turn|38\n|inactive|Fogbound Lake has 25 seconds left this turn.\n|inactive|Fogbound Lake has 20 seconds left.\n|\n|t:|1699810928\n|switch|p1a: Mei Mei|Enamorus, F|44\/100\n|move|p2a: Vi\u0161eslav|Wish|p2a: Vi\u0161eslav\n|\n|-weather|SunnyDay|[upkeep]\n|upkeep\n|turn|39\n|inactive|Fogbound Lake has 30 seconds left this turn.\n|\n|t:|1699810935\n|move|p1a: Mei Mei|Substitute|p1a: Mei Mei\n|-start|p1a: Mei Mei|Substitute\n|-damage|p1a: Mei Mei|19\/100\n|move|p2a: Vi\u0161eslav|Flip Turn|p1a: Mei Mei\n|-activate|p1a: Mei Mei|move: Substitute|[damage]\n|inactive|Fogbound Lake has 30 seconds left.\n|inactive|Fogbound Lake has 20 seconds left.\n|inactive|Fogbound Lake has 15 seconds left.\n|\n|t:|1699810955\n|switch|p2a: Valens|Zarude-Dada|12\/100|[from] Flip Turn\n|\n|-weather|SunnyDay|[upkeep]\n|-heal|p2a: Valens|71\/100|[from] move: Wish|[wisher] Vi\u0161eslav\n|upkeep\n|turn|40\n|inactive|Fogbound Lake has 25 seconds left this turn.\n|\n|t:|1699810959\n|switch|p2a: Vi\u0161eslav|Alomomola, F|100\/100\n|move|p1a: Mei Mei|Moonblast|p2a: Vi\u0161eslav\n|-damage|p2a: Vi\u0161eslav|53\/100\n|\n|-weather|SunnyDay|[upkeep]\n|upkeep\n|turn|41\n|inactive|ISZA(NOT ZENIN?) has 180 seconds left.\n|inactive|Fogbound Lake has 30 seconds left.\n|\n|t:|1699810970\n|move|p1a: Mei Mei|Calm Mind|p1a: Mei Mei\n|-boost|p1a: Mei Mei|spa|1\n|-boost|p1a: Mei Mei|spd|1\n|move|p2a: Vi\u0161eslav|Flip Turn|p1a: Mei Mei\n|-end|p1a: Mei Mei|Substitute\n|\n|t:|1699810975\n|switch|p2a: Granuaile|Sneasler, F|100\/100|[from] Flip Turn\n|\n|-weather|none\n|upkeep\n|turn|42\n|\n|t:|1699810982\n|switch|p1a: Torkoal|Torkoal, M|26\/100\n|-weather|SunnyDay|[from] ability: Drought|[of] p1a: Torkoal\n|move|p2a: Granuaile|Shadow Claw|p1a: Torkoal\n|-damage|p1a: Torkoal|7\/100\n|\n|-weather|SunnyDay|[upkeep]\n|upkeep\n|turn|43\n|\n|t:|1699811003\n|move|p2a: Granuaile|Shadow Claw|p1a: Torkoal\n|-damage|p1a: Torkoal|0 fnt\n|faint|p1a: Torkoal\n|\n|-weather|SunnyDay|[upkeep]\n|upkeep\n|\n|t:|1699811008\n|switch|p1a: Ceruledge|Ceruledge, F|100\/100\n|-item|p1a: Ceruledge|Air Balloon\n|turn|44\n|inactive|Fogbound Lake has 30 seconds left.\n|inactive|Fogbound Lake has 20 seconds left.\n|inactive|Fogbound Lake has 15 seconds left.\n|inactive|Fogbound Lake has 10 seconds left.\n|\n|t:|1699811057\n|switch|p2a: Vi\u0161eslav|Alomomola, F|87\/100\n|move|p1a: Ceruledge|Bitter Blade|p2a: Vi\u0161eslav\n|-resisted|p2a: Vi\u0161eslav\n|-damage|p2a: Vi\u0161eslav|67\/100\n|\n|-weather|SunnyDay|[upkeep]\n|upkeep\n|turn|45\n|inactive|Fogbound Lake has 20 seconds left this turn.\n|\n|t:|1699811062\n|switch|p2a: Valens|Zarude-Dada|71\/100\n|move|p1a: Ceruledge|Bulk Up|p1a: Ceruledge\n|-boost|p1a: Ceruledge|atk|1\n|-boost|p1a: Ceruledge|def|1\n|\n|-weather|SunnyDay|[upkeep]\n|upkeep\n|turn|46\n|inactive|Fogbound Lake has 30 seconds left this turn.\n|\n|t:|1699811068\n|switch|p1a: Mei Mei|Enamorus, F|19\/100\n|move|p2a: Valens|Encore||[still]\n|-fail|p2a: Valens\n|\n|-weather|none\n|upkeep\n|turn|47\n|inactive|Fogbound Lake has 30 seconds left.\n|\n|t:|1699811079\n|switch|p2a: Vi\u0161eslav|Alomomola, F|99\/100\n|move|p1a: Mei Mei|Moonblast|p2a: Vi\u0161eslav\n|-damage|p2a: Vi\u0161eslav|50\/100\n|-unboost|p2a: Vi\u0161eslav|spa|1\n|\n|upkeep\n|turn|48\n|inactive|Fogbound Lake has 30 seconds left.\n|inactive|Fogbound Lake has 20 seconds left.\n|\n|t:|1699811098\n|switch|p2a: Halimat|Gholdengo|76\/100\n|move|p1a: Mei Mei|Moonblast|p2a: Halimat\n|-resisted|p2a: Halimat\n|-damage|p2a: Halimat|52\/100\n|\n|upkeep\n|turn|49\n|inactive|Fogbound Lake has 30 seconds left this turn.\n|\n|t:|1699811105\n|move|p1a: Mei Mei|Earth Power|p2a: Halimat\n|-supereffective|p2a: Halimat\n|-damage|p2a: Halimat|0 fnt\n|faint|p2a: Halimat\n|\n|upkeep\n|inactive|Fogbound Lake has 30 seconds left this turn.\n|inactive|Fogbound Lake has 20 seconds left.\n|inactive|Fogbound Lake has 15 seconds left.\n|\n|t:|1699811121\n|switch|p2a: Vi\u0161eslav|Alomomola, F|84\/100\n|turn|50\n|inactive|Fogbound Lake has 25 seconds left this turn.\n|inactive|ISZA(NOT ZENIN?) has 240 seconds left.\n|\n|t:|1699811141\n|switch|p1a: Walking Wake|Walking Wake|76\/100 tox\n|move|p2a: Vi\u0161eslav|Flip Turn|p1a: Walking Wake\n|-resisted|p1a: Walking Wake\n|-damage|p1a: Walking Wake|71\/100 tox\n|inactive|Fogbound Lake has 30 seconds left this turn.\n|inactive|Fogbound Lake has 20 seconds left.\n|inactive|Fogbound Lake has 15 seconds left.\n|\n|t:|1699811160\n|switch|p2a: Granuaile|Sneasler, F|100\/100|[from] Flip Turn\n|\n|-damage|p1a: Walking Wake|65\/100 tox|[from] psn\n|upkeep\n|turn|51\n|inactive|Fogbound Lake has 25 seconds left this turn.\n|inactive|ISZA(NOT ZENIN?) has 240 seconds left.\n|\n|t:|1699811166\n|switch|p2a: Vi\u0161eslav|Alomomola, F|100\/100\n|move|p1a: Walking Wake|Draco Meteor|p2a: Vi\u0161eslav|[miss]\n|-miss|p1a: Walking Wake|p2a: Vi\u0161eslav\n|\n|-damage|p1a: Walking Wake|53\/100 tox|[from] psn\n|upkeep\n|turn|52\n|inactive|Fogbound Lake has 30 seconds left.\n|\n|t:|1699811173\n|move|p1a: Walking Wake|Draco Meteor|p2a: Vi\u0161eslav\n|-damage|p2a: Vi\u0161eslav|34\/100\n|-unboost|p1a: Walking Wake|spa|2\n|move|p2a: Vi\u0161eslav|Wish|p2a: Vi\u0161eslav\n|\n|-damage|p1a: Walking Wake|34\/100 tox|[from] psn\n|upkeep\n|turn|53\n|inactive|Fogbound Lake has 30 seconds left.\n|\n|t:|1699811189\n|-end|p1a: Walking Wake|Protosynthesis|[silent]\n|switch|p1a: Kingambit|Kingambit, M|70\/100 par\n|-activate|p1a: Kingambit|ability: Supreme Overlord\n|-start|p1a: Kingambit|fallen2|[silent]\n|move|p2a: Vi\u0161eslav|Protect||[still]\n|-fail|p2a: Vi\u0161eslav\n|\n|-heal|p2a: Vi\u0161eslav|84\/100|[from] move: Wish|[wisher] Vi\u0161eslav\n|upkeep\n|turn|54\n|inactive|Fogbound Lake has 30 seconds left.\n|\n|t:|1699811204\n|move|p2a: Vi\u0161eslav|Flip Turn|p1a: Kingambit\n|-damage|p1a: Kingambit|58\/100 par\n|inactive|Fogbound Lake has 30 seconds left this turn.\n|inactive|Fogbound Lake has 20 seconds left.\n|inactive|Fogbound Lake has 15 seconds left.\n|\n|t:|1699811223\n|switch|p2a: Tord|Gliscor, M, shiny|100\/100 tox|[from] Flip Turn\n|-damage|p2a: Tord|88\/100 tox|[from] Stealth Rock\n|move|p1a: Kingambit|Iron Head|p2a: Tord\n|-damage|p2a: Tord|45\/100 tox\n|\n|-heal|p2a: Tord|58\/100 tox|[from] ability: Poison Heal\n|upkeep\n|turn|55\n|inactive|Fogbound Lake has 25 seconds left this turn.\n|inactive|Fogbound Lake has 20 seconds left.\n|inactive|Fogbound Lake has 15 seconds left.\n|inactive|Fogbound Lake has 10 seconds left.\n|\n|t:|1699811243\n|-terastallize|p1a: Kingambit|Flying\n|move|p2a: Tord|Earthquake|p1a: Kingambit\n|-immune|p1a: Kingambit\n|move|p1a: Kingambit|Swords Dance|p1a: Kingambit\n|-boost|p1a: Kingambit|atk|2\n|\n|-heal|p2a: Tord|70\/100 tox|[from] ability: Poison Heal\n|upkeep\n|turn|56\n|inactive|Fogbound Lake has 20 seconds left this turn.\n|inactive|Fogbound Lake has 15 seconds left.\n|inactive|Fogbound Lake has 10 seconds left.\n|inactive|Fogbound Lake has 5 seconds left.\n|\n|t:|1699811261\n|move|p2a: Tord|Protect|p2a: Tord\n|-singleturn|p2a: Tord|Protect\n|move|p1a: Kingambit|Iron Head|p2a: Tord\n|-activate|p2a: Tord|move: Protect\n|\n|-heal|p2a: Tord|83\/100 tox|[from] ability: Poison Heal\n|upkeep\n|turn|57\n|inactive|Fogbound Lake has 15 seconds left this turn.\n|\n|t:|1699811265\n|move|p2a: Tord|Spikes|p1a: Kingambit\n|-sidestart|p1: ISZA(NOT ZENIN?)|Spikes\n|cant|p1a: Kingambit|par\n|\n|-heal|p2a: Tord|95\/100 tox|[from] ability: Poison Heal\n|upkeep\n|turn|58\n|inactive|Fogbound Lake has 25 seconds left this turn.\n|inactive|Fogbound Lake has 20 seconds left.\n|\n|t:|1699811275\n|move|p2a: Tord|Spikes|p1a: Kingambit\n|-sidestart|p1: ISZA(NOT ZENIN?)|Spikes\n|move|p1a: Kingambit|Iron Head|p2a: Tord\n|-damage|p2a: Tord|7\/100 tox\n|\n|-heal|p2a: Tord|20\/100 tox|[from] ability: Poison Heal\n|upkeep\n|turn|59\n|inactive|Fogbound Lake has 30 seconds left this turn.\n|inactive|Fogbound Lake has 20 seconds left.\n|\n|t:|1699811287\n|move|p2a: Tord|Spikes|p1a: Kingambit\n|-sidestart|p1: ISZA(NOT ZENIN?)|Spikes\n|move|p1a: Kingambit|Swords Dance|p1a: Kingambit\n|-boost|p1a: Kingambit|atk|2\n|\n|-heal|p2a: Tord|32\/100 tox|[from] ability: Poison Heal\n|upkeep\n|turn|60\n|inactive|Fogbound Lake has 30 seconds left this turn.\n|inactive|Fogbound Lake has 20 seconds left.\n|inactive|Fogbound Lake has 15 seconds left.\n|\n|t:|1699811304\n|move|p2a: Tord|Toxic||[still]\n|-fail|p2a: Tord\n|cant|p1a: Kingambit|par\n|\n|-heal|p2a: Tord|45\/100 tox|[from] ability: Poison Heal\n|upkeep\n|turn|61\n|inactive|Fogbound Lake has 25 seconds left this turn.\n|\n|t:|1699811309\n|move|p2a: Tord|Toxic||[still]\n|-fail|p2a: Tord\n|move|p1a: Kingambit|Iron Head|p2a: Tord\n|-damage|p2a: Tord|0 fnt\n|faint|p2a: Tord\n|\n|upkeep\n|inactive|Fogbound Lake has 30 seconds left this turn.\n|inactive|Fogbound Lake has 20 seconds left.\n|\n|t:|1699811321\n|switch|p2a: Granuaile|Sneasler, F|100\/100\n|turn|62\n|inactive|Fogbound Lake has 30 seconds left this turn.\n|\n|t:|1699811333\n|move|p1a: Kingambit|Sucker Punch|p2a: Granuaile\n|-resisted|p2a: Granuaile\n|-damage|p2a: Granuaile|0 fnt\n|faint|p2a: Granuaile\n|\n|upkeep\n|inactive|Fogbound Lake has 30 seconds left this turn.\n|\n|t:|1699811338\n|switch|p2a: Valens|Zarude-Dada|71\/100\n|turn|63\n|inactive|Fogbound Lake has 30 seconds left.\n|\n|t:|1699811351\n|move|p1a: Kingambit|Sucker Punch||[still]\n|-fail|p1a: Kingambit\n|move|p2a: Valens|Encore|p1a: Kingambit\n|-start|p1a: Kingambit|Encore\n|\n|upkeep\n|turn|64\n|\n|t:|1699811356\n|move|p1a: Kingambit|Sucker Punch||[still]\n|-fail|p1a: Kingambit\n|move|p2a: Valens|Synthesis|p2a: Valens\n|-heal|p2a: Valens|100\/100\n|\n|upkeep\n|turn|65\n|inactive|Fogbound Lake has 30 seconds left.\n|inactive|Fogbound Lake has 20 seconds left.\n|\n|t:|1699811384\n|switch|p2a: Vi\u0161eslav|Alomomola, F|100\/100\n|move|p1a: Kingambit|Sucker Punch||[still]\n|-fail|p1a: Kingambit\n|\n|upkeep\n|turn|66\n|inactive|Fogbound Lake has 30 seconds left this turn.\n|\n|t:|1699811392\n|switch|p2a: Valens|Zarude-Dada|100\/100\n|-end|p1a: Kingambit|fallen2|[silent]\n|switch|p1a: Mei Mei|Enamorus, F|19\/100\n|\n|upkeep\n|turn|67\n|inactive|Fogbound Lake has 30 seconds left.\n|inactive|Fogbound Lake has 20 seconds left.\n|inactive|Fogbound Lake has 15 seconds left.\n|inactive|Fogbound Lake has 10 seconds left.\n|\n|t:|1699811417\n|-terastallize|p2a: Valens|Poison\n|move|p1a: Mei Mei|Moonblast|p2a: Valens\n|-resisted|p2a: Valens\n|-damage|p2a: Valens|79\/100\n|move|p2a: Valens|Knock Off|p1a: Mei Mei\n|-resisted|p1a: Mei Mei\n|-damage|p1a: Mei Mei|0 fnt\n|faint|p1a: Mei Mei\n|\n|upkeep\n|inactive|Fogbound Lake has 15 seconds left this turn.\n|\n|t:|1699811430\n|switch|p1a: Kingambit|Kingambit, M, tera:Flying|58\/100 par\n|-activate|p1a: Kingambit|ability: Supreme Overlord\n|-start|p1a: Kingambit|fallen3|[silent]\n|turn|68\n|inactive|Fogbound Lake has 25 seconds left this turn.\n|inactive|Fogbound Lake has 20 seconds left.\n|inactive|Fogbound Lake has 15 seconds left.\n|\n|t:|1699811441\n|move|p2a: Valens|Knock Off|p1a: Kingambit\n|-damage|p1a: Kingambit|40\/100 par\n|move|p1a: Kingambit|Kowtow Cleave|p2a: Valens\n|-damage|p2a: Valens|28\/100\n|\n|upkeep\n|turn|69\n|inactive|Fogbound Lake has 25 seconds left this turn.\n|inactive|Fogbound Lake has 20 seconds left.\n|\n|t:|1699811449\n|move|p2a: Valens|Synthesis|p2a: Valens\n|-heal|p2a: Valens|77\/100\n|move|p1a: Kingambit|Kowtow Cleave|p2a: Valens\n|-damage|p2a: Valens|28\/100\n|\n|upkeep\n|turn|70\n|inactive|Fogbound Lake has 30 seconds left this turn.\n|\n|t:|1699811454\n|move|p2a: Valens|Synthesis|p2a: Valens\n|-heal|p2a: Valens|78\/100\n|move|p1a: Kingambit|Kowtow Cleave|p2a: Valens\n|-damage|p2a: Valens|29\/100\n|\n|upkeep\n|turn|71\n|inactive|Fogbound Lake has 30 seconds left.\n|inactive|Fogbound Lake has 20 seconds left.\n|inactive|Fogbound Lake has 15 seconds left.\n|\n|t:|1699811475\n|move|p2a: Valens|Encore|p1a: Kingambit\n|-start|p1a: Kingambit|Encore\n|cant|p1a: Kingambit|par\n|\n|upkeep\n|turn|72\n|inactive|Fogbound Lake has 25 seconds left this turn.\n|inactive|Fogbound Lake has 20 seconds left.\n|inactive|Fogbound Lake has 15 seconds left.\n|inactive|Fogbound Lake has 10 seconds left.\n|inactive|Fogbound Lake has 5 seconds left.\n|\n|t:|1699811497\n|move|p2a: Valens|Knock Off|p1a: Kingambit\n|-damage|p1a: Kingambit|21\/100 par\n|move|p1a: Kingambit|Kowtow Cleave|p2a: Valens\n|-damage|p2a: Valens|0 fnt\n|faint|p2a: Valens\n|\n|upkeep\n|inactive|Fogbound Lake has 10 seconds left this turn.\n|inactive|Fogbound Lake has 5 seconds left.\n|\n|t:|1699811502\n|switch|p2a: Vi\u0161eslav|Alomomola, F|100\/100\n|turn|73\n|inactive|Fogbound Lake has 15 seconds left this turn.\n|inactive|Fogbound Lake has 10 seconds left.\n|\n|t:|1699811508\n|move|p2a: Vi\u0161eslav|Scald|p1a: Kingambit\n|-damage|p1a: Kingambit|8\/100 par\n|move|p1a: Kingambit|Kowtow Cleave|p2a: Vi\u0161eslav\n|-damage|p2a: Vi\u0161eslav|62\/100\n|\n|-end|p1a: Kingambit|Encore\n|upkeep\n|turn|74\n|inactive|Fogbound Lake has 20 seconds left this turn.\n|inactive|Fogbound Lake has 15 seconds left.\n|\n|t:|1699811519\n|move|p2a: Vi\u0161eslav|Wish|p2a: Vi\u0161eslav\n|move|p1a: Kingambit|Swords Dance|p1a: Kingambit\n|-boost|p1a: Kingambit|atk|2\n|\n|upkeep\n|turn|75\n|inactive|Fogbound Lake has 25 seconds left this turn.\n|inactive|Fogbound Lake has 20 seconds left.\n|inactive|Fogbound Lake has 15 seconds left.\n|inactive|Fogbound Lake has 10 seconds left.\n|c|\u2606Fogbound Lake|!dice 2\n|c|+Fogbound Lake|\/raw <div class=\"infobox\">Rolling (1 to 2): 2<\/div>\n|inactive|Fogbound Lake has 5 seconds left.\n|\n|t:|1699811541\n|move|p2a: Vi\u0161eslav|Protect|p2a: Vi\u0161eslav\n|-singleturn|p2a: Vi\u0161eslav|Protect\n|move|p1a: Kingambit|Sucker Punch||[still]\n|-fail|p1a: Kingambit\n|\n|-heal|p2a: Vi\u0161eslav|100\/100|[from] move: Wish|[wisher] Vi\u0161eslav\n|upkeep\n|turn|76\n|inactive|Fogbound Lake has 15 seconds left this turn.\n|inactive|Fogbound Lake has 10 seconds left.\n|c|\u2606Fogbound Lake|!dice 2\n|c|+Fogbound Lake|\/raw <div class=\"infobox\">Rolling (1 to 2): 1<\/div>\n|inactive|Fogbound Lake has 5 seconds left.\n|\n|t:|1699811552\n|cant|p1a: Kingambit|par\n|move|p2a: Vi\u0161eslav|Scald|p1a: Kingambit\n|-damage|p1a: Kingambit|0 fnt\n|faint|p1a: Kingambit\n|-end|p1a: Kingambit|fallen3|[silent]\n|\n|upkeep\n|inactive|Fogbound Lake has 10 seconds left this turn.\n|c|\u2606ISZA(NOT ZENIN?)|Oh.na\n|inactive|ISZA(NOT ZENIN?) has 270 seconds left.\n|\n|t:|1699811588\n|switch|p1a: Ceruledge|Ceruledge, F|100\/100\n|-item|p1a: Ceruledge|Air Balloon\n|turn|77\n|inactive|Fogbound Lake has 20 seconds left this turn.\n|inactive|ISZA(NOT ZENIN?) has 270 seconds left.\n|inactive|Fogbound Lake has 15 seconds left.\n|\n|t:|1699811597\n|move|p1a: Ceruledge|Bitter Blade|p2a: Vi\u0161eslav\n|-resisted|p2a: Vi\u0161eslav\n|-damage|p2a: Vi\u0161eslav|87\/100\n|move|p2a: Vi\u0161eslav|Scald|p1a: Ceruledge\n|-supereffective|p1a: Ceruledge\n|-damage|p1a: Ceruledge|74\/100\n|-enditem|p1a: Ceruledge|Air Balloon\n|\n|upkeep\n|turn|78\n|inactive|Fogbound Lake has 25 seconds left this turn.\n|inactive|Fogbound Lake has 20 seconds left.\n|\n|t:|1699811606\n|move|p1a: Ceruledge|Taunt|p2a: Vi\u0161eslav\n|-start|p2a: Vi\u0161eslav|move: Taunt\n|move|p2a: Vi\u0161eslav|Scald|p1a: Ceruledge\n|-supereffective|p1a: Ceruledge\n|-damage|p1a: Ceruledge|46\/100\n|\n|upkeep\n|turn|79\n|inactive|Fogbound Lake has 30 seconds left this turn.\n|inactive|Fogbound Lake has 20 seconds left.\n|\n|t:|1699811616\n|move|p1a: Ceruledge|Bitter Blade|p2a: Vi\u0161eslav\n|-resisted|p2a: Vi\u0161eslav\n|-damage|p2a: Vi\u0161eslav|73\/100\n|-heal|p1a: Ceruledge|55\/100|[from] drain|[of] p2a: Vi\u0161eslav\n|move|p2a: Vi\u0161eslav|Flip Turn|p1a: Ceruledge\n|-supereffective|p1a: Ceruledge\n|-damage|p1a: Ceruledge|19\/100\n|\n|upkeep\n|turn|80\n|inactive|Fogbound Lake has 30 seconds left this turn.\n|inactive|Fogbound Lake has 20 seconds left.\n|inactive|Fogbound Lake has 15 seconds left.\n|inactive|ISZA(NOT ZENIN?) has 270 seconds left.\n|inactive|Fogbound Lake has 10 seconds left.\n|\n|t:|1699811649\n|move|p1a: Ceruledge|Bitter Blade|p2a: Vi\u0161eslav\n|-resisted|p2a: Vi\u0161eslav\n|-damage|p2a: Vi\u0161eslav|59\/100\n|-heal|p1a: Ceruledge|28\/100|[from] drain|[of] p2a: Vi\u0161eslav\n|move|p2a: Vi\u0161eslav|Flip Turn|p1a: Ceruledge\n|-supereffective|p1a: Ceruledge\n|-damage|p1a: Ceruledge|0 fnt\n|faint|p1a: Ceruledge\n|\n|-end|p2a: Vi\u0161eslav|move: Taunt\n|upkeep\n|inactive|Fogbound Lake has 15 seconds left this turn.\n|\n|t:|1699811652\n|switch|p1a: Walking Wake|Walking Wake|34\/100 tox\n|-damage|p1a: Walking Wake|9\/100 tox|[from] Spikes\n|turn|81\n|inactive|Fogbound Lake has 25 seconds left this turn.\n|inactive|Fogbound Lake has 20 seconds left.\n|\n|t:|1699811660\n|move|p2a: Vi\u0161eslav|Protect|p2a: Vi\u0161eslav\n|-singleturn|p2a: Vi\u0161eslav|Protect\n|move|p1a: Walking Wake|Draco Meteor|p2a: Vi\u0161eslav\n|-activate|p2a: Vi\u0161eslav|move: Protect\n|\n|-damage|p1a: Walking Wake|3\/100 tox|[from] psn\n|upkeep\n|turn|82\n|inactive|Fogbound Lake has 30 seconds left this turn.\n|\n|t:|1699811665\n|move|p2a: Vi\u0161eslav|Protect|p2a: Vi\u0161eslav\n|-singleturn|p2a: Vi\u0161eslav|Protect\n|move|p1a: Walking Wake|Draco Meteor|p2a: Vi\u0161eslav\n|-activate|p2a: Vi\u0161eslav|move: Protect\n|\n|-damage|p1a: Walking Wake|0 fnt|[from] psn\n|faint|p1a: Walking Wake\n|-end|p1a: Walking Wake|Protosynthesis|[silent]\n|\n|win|Fogbound Lake\n|upkeep\n|c|\u2606ISZA(NOT ZENIN?)|gg\n|c|\u2606Fogbound Lake|gg\n","uploadtime":1699811666,"views":509,"p1id":"iszanotzenin","p2id":"fogboundlake","formatid":"gen9ou","rating":0,"private":0,"password":""}