{"id":"smogtours-gen9ou-731254","p1":"Sage","p2":"Fogbound Lake","format":"[Gen 9] OU","log":"|inactive|Battle timer is ON: inactive players will automatically lose when time's up.\n|t:|1700338610\n|gametype|singles\n|player|p1|Sage|#psplxiunderused|\n|player|p2|Fogbound Lake|#puplixmaadcitymagmortars|\n|teamsize|p1|6\n|teamsize|p2|6\n|gen|9\n|tier|[Gen 9] OU\n|rule|Sleep Clause Mod: Limit one foe put to sleep\n|rule|Species Clause: Limit one of each Pok\u00e9mon\n|rule|OHKO Clause: OHKO moves are banned\n|rule|Evasion Items Clause: Evasion items are banned\n|rule|Evasion Moves Clause: Evasion moves are banned\n|rule|Endless Battle Clause: Forcing endless battles is banned\n|rule|HP Percentage Mod: HP is shown in percentages\n|clearpoke\n|poke|p1|Ninetales-Alola, M|\n|poke|p1|Manaphy|\n|poke|p1|Toxtricity, M|\n|poke|p1|Iron Valiant|\n|poke|p1|Kingambit, F|\n|poke|p1|Great Tusk|\n|poke|p2|Samurott-Hisui, M|\n|poke|p2|Rillaboom, M|\n|poke|p2|Heatran, M|\n|poke|p2|Mimikyu, F|\n|poke|p2|Sandy Shocks|\n|poke|p2|Sneasler, F|\n|teampreview\n|c|\u2606Sage|hf\n|c|\u2606Fogbound Lake|hf\n|inactive|Sage has 270 seconds left.\n|inactive|Fogbound Lake has 270 seconds left.\n|inactive|Sage has 240 seconds left.\n|inactive|Fogbound Lake has 240 seconds left.\n|inactive|Sage has 210 seconds left.\n|inactive|Sage has 180 seconds left.\n|c|+ASKOV|bloodmoney\n|\n|t:|1700338733\n|start\n|switch|p1a: miley virus|Toxtricity, M|100\/100\n|switch|p2a: Momoko|Heatran, M|100\/100\n|-item|p2a: Momoko|Air Balloon\n|turn|1\n|inactive|Sage has 240 seconds left.\n|inactive|Fogbound Lake has 270 seconds left.\n|inactive|Fogbound Lake has 240 seconds left.\n|\n|t:|1700338794\n|switch|p1a: selena glowmez|Manaphy|100\/100\n|move|p2a: Momoko|Earth Power|p1a: selena glowmez\n|-damage|p1a: selena glowmez|77\/100\n|\n|-heal|p1a: selena glowmez|83\/100|[from] item: Leftovers\n|upkeep\n|turn|2\n|inactive|Fogbound Lake has 210 seconds left.\n|\n|t:|1700338848\n|move|p1a: selena glowmez|Scald|p2a: Momoko\n|-supereffective|p2a: Momoko\n|-damage|p2a: Momoko|48\/100\n|-enditem|p2a: Momoko|Air Balloon\n|move|p2a: Momoko|Stealth Rock|p1a: selena glowmez\n|-sidestart|p1: Sage|move: Stealth Rock\n|\n|-heal|p1a: selena glowmez|90\/100|[from] item: Leftovers\n|upkeep\n|turn|3\n|inactive|Sage has 210 seconds left.\n|\n|t:|1700338887\n|switch|p2a: Kazari|Samurott-Hisui, M|100\/100\n|move|p1a: selena glowmez|Scald|p2a: Kazari\n|-resisted|p2a: Kazari\n|-damage|p2a: Kazari|77\/100\n|\n|-heal|p1a: selena glowmez|96\/100|[from] item: Leftovers\n|upkeep\n|turn|4\n|\n|t:|1700338899\n|switch|p1a: ms. lauryn chill|Ninetales-Alola, M|100\/100\n|-damage|p1a: ms. lauryn chill|76\/100|[from] Stealth Rock\n|-weather|Snow|[from] ability: Snow Warning|[of] p1a: ms. lauryn chill\n|move|p2a: Kazari|Ceaseless Edge|p1a: ms. lauryn chill\n|-resisted|p1a: ms. lauryn chill\n|-damage|p1a: ms. lauryn chill|57\/100\n|-sidestart|p1: Sage|Spikes\n|\n|-weather|Snow|[upkeep]\n|upkeep\n|turn|5\n|\n|t:|1700338909\n|move|p1a: ms. lauryn chill|Hypnosis|p2a: Kazari\n|-status|p2a: Kazari|slp|[from] move: Hypnosis\n|cant|p2a: Kazari|slp\n|\n|-weather|Snow|[upkeep]\n|upkeep\n|turn|6\n|inactive|Fogbound Lake has 180 seconds left.\n|\n|t:|1700338946\n|move|p1a: ms. lauryn chill|Aurora Veil|p1a: ms. lauryn chill\n|-sidestart|p1: Sage|move: Aurora Veil\n|-curestatus|p2a: Kazari|slp|[msg]\n|move|p2a: Kazari|Ceaseless Edge|p1a: ms. lauryn chill\n|-resisted|p1a: ms. lauryn chill\n|-damage|p1a: ms. lauryn chill|47\/100\n|-sidestart|p1: Sage|Spikes\n|\n|-weather|Snow|[upkeep]\n|upkeep\n|turn|7\n|inactive|Fogbound Lake has 180 seconds left.\n|inactive|Sage has 210 seconds left.\n|\n|t:|1700338962\n|switch|p2a: Momoko|Heatran, M|48\/100\n|move|p1a: ms. lauryn chill|Freeze-Dry|p2a: Momoko\n|-resisted|p2a: Momoko\n|-damage|p2a: Momoko|44\/100\n|\n|-weather|Snow|[upkeep]\n|upkeep\n|turn|8\n|\n|t:|1700338971\n|switch|p1a: selena glowmez|Manaphy|96\/100\n|-damage|p1a: selena glowmez|83\/100|[from] Stealth Rock\n|-damage|p1a: selena glowmez|67\/100|[from] Spikes\n|move|p2a: Momoko|Magma Storm|p1a: selena glowmez|[miss]\n|-miss|p2a: Momoko|p1a: selena glowmez\n|\n|-weather|none\n|-heal|p1a: selena glowmez|73\/100|[from] item: Leftovers\n|upkeep\n|turn|9\n|inactive|Fogbound Lake has 180 seconds left.\n|\n|t:|1700338981\n|switch|p2a: Kazari|Samurott-Hisui, M|77\/100\n|move|p1a: selena glowmez|Acid Armor|p1a: selena glowmez\n|-boost|p1a: selena glowmez|def|2\n|\n|-heal|p1a: selena glowmez|79\/100|[from] item: Leftovers\n|upkeep\n|turn|10\n|inactive|Fogbound Lake has 180 seconds left.\n|\n|t:|1700338989\n|move|p2a: Kazari|Ceaseless Edge|p1a: selena glowmez\n|-damage|p1a: selena glowmez|70\/100\n|-sidestart|p1: Sage|Spikes\n|move|p1a: selena glowmez|Scald|p2a: Kazari\n|-resisted|p2a: Kazari\n|-damage|p2a: Kazari|55\/100\n|\n|-heal|p1a: selena glowmez|76\/100|[from] item: Leftovers\n|upkeep\n|turn|11\n|inactive|Fogbound Lake has 180 seconds left.\n|\n|t:|1700339002\n|move|p2a: Kazari|Swords Dance|p2a: Kazari\n|-boost|p2a: Kazari|atk|2\n|move|p1a: selena glowmez|Scald|p2a: Kazari\n|-resisted|p2a: Kazari\n|-damage|p2a: Kazari|34\/100\n|\n|-heal|p1a: selena glowmez|83\/100|[from] item: Leftovers\n|upkeep\n|turn|12\n|inactive|Fogbound Lake has 180 seconds left.\n|\n|t:|1700339016\n|move|p2a: Kazari|Ceaseless Edge|p1a: selena glowmez\n|-damage|p1a: selena glowmez|66\/100\n|move|p1a: selena glowmez|Scald|p2a: Kazari\n|-resisted|p2a: Kazari\n|-damage|p2a: Kazari|10\/100\n|\n|-heal|p1a: selena glowmez|72\/100|[from] item: Leftovers\n|upkeep\n|turn|13\n|\n|t:|1700339021\n|move|p2a: Kazari|Ceaseless Edge|p1a: selena glowmez\n|-damage|p1a: selena glowmez|54\/100\n|move|p1a: selena glowmez|Scald|p2a: Kazari\n|-resisted|p2a: Kazari\n|-damage|p2a: Kazari|0 fnt\n|faint|p2a: Kazari\n|\n|-heal|p1a: selena glowmez|61\/100|[from] item: Leftovers\n|-sideend|p1: Sage|move: Aurora Veil\n|upkeep\n|\n|t:|1700339031\n|switch|p2a: Hana|Sandy Shocks|100\/100\n|-enditem|p2a: Hana|Booster Energy\n|-activate|p2a: Hana|ability: Protosynthesis|[fromitem]\n|-start|p2a: Hana|protosynthesisspe\n|turn|14\n|inactive|Sage has 240 seconds left.\n|inactive|Sage has 210 seconds left.\n|\n|t:|1700339095\n|switch|p1a: ms. lauryn chill|Ninetales-Alola, M|47\/100\n|-damage|p1a: ms. lauryn chill|22\/100|[from] Stealth Rock\n|-damage|p1a: ms. lauryn chill|0 fnt|[from] Spikes\n|faint|p1a: ms. lauryn chill\n|move|p2a: Hana|Thunderbolt|p1: ms. lauryn chill|[notarget]\n|-fail|p2a: Hana\n|\n|upkeep\n|\n|t:|1700339097\n|switch|p1a: jordin quarks|Iron Valiant|100\/100\n|-damage|p1a: jordin quarks|94\/100|[from] Stealth Rock\n|-damage|p1a: jordin quarks|69\/100|[from] Spikes\n|-enditem|p1a: jordin quarks|Booster Energy\n|-activate|p1a: jordin quarks|ability: Quark Drive|[fromitem]\n|-start|p1a: jordin quarks|quarkdrivespe\n|turn|15\n|\n|t:|1700339126\n|move|p1a: jordin quarks|Moonblast|p2a: Hana\n|-damage|p2a: Hana|42\/100\n|move|p2a: Hana|Thunderbolt|p1a: jordin quarks\n|-damage|p1a: jordin quarks|0 fnt\n|faint|p1a: jordin quarks\n|-end|p1a: jordin quarks|Quark Drive|[silent]\n|\n|upkeep\n|\n|t:|1700339130\n|switch|p1a: overlorde|Kingambit, F|100\/100\n|-damage|p1a: overlorde|95\/100|[from] Stealth Rock\n|-activate|p1a: overlorde|ability: Supreme Overlord\n|-start|p1a: overlorde|fallen2|[silent]\n|-item|p1a: overlorde|Air Balloon\n|turn|16\n|inactive|Fogbound Lake has 180 seconds left.\n|\n|t:|1700339156\n|move|p2a: Hana|Thunderbolt|p1a: overlorde\n|-damage|p1a: overlorde|47\/100\n|-enditem|p1a: overlorde|Air Balloon\n|move|p1a: overlorde|Low Kick|p2a: Hana\n|-damage|p2a: Hana|2\/100\n|\n|upkeep\n|turn|17\n|inactive|Fogbound Lake has 180 seconds left.\n|\n|t:|1700339174\n|-end|p2a: Hana|Protosynthesis|[silent]\n|switch|p2a: Momoko|Heatran, M|44\/100\n|move|p1a: overlorde|Sucker Punch||[still]\n|-fail|p1a: overlorde\n|\n|upkeep\n|turn|18\n|\n|t:|1700339181\n|move|p1a: overlorde|Sucker Punch|p2a: Momoko\n|-damage|p2a: Momoko|0 fnt\n|faint|p2a: Momoko\n|\n|upkeep\n|inactive|Fogbound Lake has 150 seconds left.\n|inactive|Fogbound Lake has 120 seconds left.\n|\n|t:|1700339254\n|switch|p2a: Saber|Rillaboom, M|100\/100\n|-fieldstart|move: Grassy Terrain|[from] ability: Grassy Surge|[of] p2a: Saber\n|turn|19\n|inactive|Sage has 210 seconds left.\n|\n|t:|1700339279\n|move|p1a: overlorde|Sucker Punch|p2a: Saber\n|-damage|p2a: Saber|56\/100\n|move|p2a: Saber|Wood Hammer|p1a: overlorde\n|-resisted|p1a: overlorde\n|-damage|p1a: overlorde|0 fnt\n|faint|p1a: overlorde\n|-end|p1a: overlorde|fallen2|[silent]\n|-damage|p2a: Saber|41\/100|[from] Recoil\n|\n|-heal|p2a: Saber|48\/100|[from] Grassy Terrain\n|upkeep\n|\n|t:|1700339294\n|switch|p1a: kate rush|Great Tusk|100\/100\n|-damage|p1a: kate rush|98\/100|[from] Stealth Rock\n|-damage|p1a: kate rush|73\/100|[from] Spikes\n|-enditem|p1a: kate rush|Booster Energy\n|-activate|p1a: kate rush|ability: Protosynthesis|[fromitem]\n|-start|p1a: kate rush|protosynthesisspe\n|turn|20\n|\n|t:|1700339303\n|switch|p2a: Ex|Mimikyu, F|100\/100\n|move|p1a: kate rush|Ice Spinner|p2a: Ex\n|-activate|p2a: Ex|ability: Disguise\n|-damage|p2a: Ex|100\/100\n|-fieldend|move: Grassy Terrain\n|detailschange|p2a: Ex|Mimikyu-Busted, F\n|-damage|p2a: Ex|88\/100|[from] pokemon: Mimikyu-Busted\n|-enditem|p2a: Ex|Red Card|[of] p1a: kate rush\n|-end|p1a: kate rush|Protosynthesis|[silent]\n|drag|p1a: miley virus|Toxtricity, M|100\/100\n|-damage|p1a: miley virus|88\/100|[from] Stealth Rock\n|-damage|p1a: miley virus|63\/100|[from] Spikes\n|\n|upkeep\n|turn|21\n|c|\u2606Sage|ag\n|c|\u2606Sage|gg\n|inactive|Fogbound Lake has 120 seconds left.\n|\n|t:|1700339342\n|switch|p2a: Saber|Rillaboom, M|48\/100\n|-fieldstart|move: Grassy Terrain|[from] ability: Grassy Surge|[of] p2a: Saber\n|move|p1a: miley virus|Shift Gear|p1a: miley virus\n|-boost|p1a: miley virus|spe|2\n|-boost|p1a: miley virus|atk|1\n|\n|-heal|p1a: miley virus|70\/100|[from] Grassy Terrain\n|-heal|p2a: Saber|54\/100|[from] Grassy Terrain\n|upkeep\n|turn|22\n|\n|t:|1700339353\n|move|p2a: Saber|Grassy Glide|p1a: miley virus\n|-resisted|p1a: miley virus\n|-damage|p1a: miley virus|25\/100\n|move|p1a: miley virus|Boomburst|p2a: Saber\n|-damage|p2a: Saber|0 fnt\n|faint|p2a: Saber\n|-enditem|p1a: miley virus|Throat Spray\n|-boost|p1a: miley virus|spa|1|[from] item: Throat Spray\n|\n|-heal|p1a: miley virus|31\/100|[from] Grassy Terrain\n|upkeep\n|\n|t:|1700339361\n|switch|p2a: Yukihira|Sneasler, F|100\/100\n|-enditem|p2a: Yukihira|Grassy Seed\n|-boost|p2a: Yukihira|def|1|[from] item: Grassy Seed\n|turn|23\n|\n|t:|1700339372\n|move|p2a: Yukihira|Close Combat|p1a: miley virus\n|-resisted|p1a: miley virus\n|-damage|p1a: miley virus|0 fnt\n|-unboost|p2a: Yukihira|def|1\n|-unboost|p2a: Yukihira|spd|1\n|faint|p1a: miley virus\n|\n|upkeep\n|\n|t:|1700339374\n|switch|p1a: kate rush|Great Tusk|73\/100\n|-damage|p1a: kate rush|70\/100|[from] Stealth Rock\n|-damage|p1a: kate rush|45\/100|[from] Spikes\n|turn|24\n|inactive|Sage has 210 seconds left.\n|inactive|Fogbound Lake has 120 seconds left.\n|\n|t:|1700339400\n|-terastallize|p1a: kate rush|Poison\n|move|p2a: Yukihira|Close Combat|p1a: kate rush\n|-resisted|p1a: kate rush\n|-damage|p1a: kate rush|23\/100\n|-unboost|p2a: Yukihira|def|1\n|-unboost|p2a: Yukihira|spd|1\n|move|p1a: kate rush|Rapid Spin|p2a: Yukihira\n|-damage|p2a: Yukihira|69\/100\n|-boost|p1a: kate rush|spe|1\n|-sideend|p1: Sage|Spikes|[from] move: Rapid Spin|[of] p1a: kate rush\n|-sideend|p1: Sage|Stealth Rock|[from] move: Rapid Spin|[of] p1a: kate rush\n|\n|-heal|p2a: Yukihira|75\/100|[from] Grassy Terrain\n|-heal|p1a: kate rush|29\/100|[from] Grassy Terrain\n|upkeep\n|turn|25\n|inactive|Sage has 210 seconds left.\n|inactive|Fogbound Lake has 90 seconds left.\n|inactive|Sage has 180 seconds left.\n|inactive|Fogbound Lake has 60 seconds left.\n|inactive|Sage has 150 seconds left.\n|inactive|Fogbound Lake has 30 seconds left.\n|\n|t:|1700339501\n|-terastallize|p2a: Yukihira|Ghost\n|move|p2a: Yukihira|Shadow Claw|p1a: kate rush\n|-damage|p1a: kate rush|3\/100\n|move|p1a: kate rush|Ice Spinner|p2a: Yukihira\n|-damage|p2a: Yukihira|27\/100\n|-fieldend|move: Grassy Terrain\n|\n|upkeep\n|turn|26\n|\n|t:|1700339511\n|move|p2a: Yukihira|Shadow Claw|p1a: kate rush\n|-damage|p1a: kate rush|0 fnt\n|faint|p1a: kate rush\n|-end|p1a: kate rush|Protosynthesis|[silent]\n|\n|upkeep\n|\n|t:|1700339513\n|switch|p1a: selena glowmez|Manaphy|61\/100\n|turn|27\n|\n|t:|1700339515\n|move|p2a: Yukihira|Close Combat|p1a: selena glowmez\n|-damage|p1a: selena glowmez|0 fnt\n|-unboost|p2a: Yukihira|def|1\n|-unboost|p2a: Yukihira|spd|1\n|faint|p1a: selena glowmez\n|\n|win|Fogbound Lake\n|c|\u2606Fogbound Lake|gg\n|c|\u2606Sage|gg\n","uploadtime":1700339516,"views":505,"p1id":"sage","p2id":"fogboundlake","formatid":"gen9ou","rating":0,"private":0,"password":""}