{"id":"smogtours-gen9ou-731125","p1":"Heerv","p2":"Akalli","format":"[Gen 9] OU","log":"|inactive|Battle timer is ON: inactive players will automatically lose when time's up.\n|t:|1700321233\n|gametype|singles\n|player|p1|Heerv|nate|\n|player|p2|Akalli|aromalady|\n|teamsize|p1|6\n|teamsize|p2|6\n|gen|9\n|tier|[Gen 9] OU\n|rule|Sleep Clause Mod: Limit one foe put to sleep\n|rule|Species Clause: Limit one of each Pok\u00e9mon\n|rule|OHKO Clause: OHKO moves are banned\n|rule|Evasion Items Clause: Evasion items are banned\n|rule|Evasion Moves Clause: Evasion moves are banned\n|rule|Endless Battle Clause: Forcing endless battles is banned\n|rule|HP Percentage Mod: HP is shown in percentages\n|clearpoke\n|poke|p1|Samurott-Hisui, F|\n|poke|p1|Gholdengo|\n|poke|p1|Sneasler, M|\n|poke|p1|Enamorus, F|\n|poke|p1|Great Tusk|\n|poke|p1|Rillaboom, M|\n|poke|p2|Torkoal, M|\n|poke|p2|Charizard, M|\n|poke|p2|Hatterene, F|\n|poke|p2|Walking Wake|\n|poke|p2|Brute Bonnet|\n|poke|p2|Great Tusk|\n|teampreview\n|c|\u2606Heerv|=\n|c|\u2606Akalli|=\n|\n|t:|1700321255\n|start\n|switch|p1a: Rillaboom|Rillaboom, M|100\/100\n|switch|p2a: Torkoal|Torkoal, M|100\/100\n|-fieldstart|move: Grassy Terrain|[from] ability: Grassy Surge|[of] p1a: Rillaboom\n|-weather|SunnyDay|[from] ability: Drought|[of] p2a: Torkoal\n|turn|1\n|\n|t:|1700321267\n|move|p1a: Rillaboom|U-turn|p2a: Torkoal\n|-resisted|p2a: Torkoal\n|-damage|p2a: Torkoal|86\/100\n|\n|t:|1700321272\n|switch|p1a: Samurott|Samurott-Hisui, F|100\/100|[from] U-turn\n|move|p2a: Torkoal|Stealth Rock|p1a: Samurott\n|-sidestart|p1: Heerv|move: Stealth Rock\n|\n|-weather|SunnyDay|[upkeep]\n|-heal|p2a: Torkoal|92\/100|[from] Grassy Terrain\n|upkeep\n|turn|2\n|\n|t:|1700321277\n|move|p1a: Samurott|Knock Off|p2a: Torkoal\n|-damage|p2a: Torkoal|61\/100\n|-enditem|p2a: Torkoal|Eject Pack|[from] move: Knock Off|[of] p1a: Samurott\n|move|p2a: Torkoal|Overheat|p1a: Samurott\n|-resisted|p1a: Samurott\n|-damage|p1a: Samurott|54\/100\n|-unboost|p2a: Torkoal|spa|2\n|\n|-weather|SunnyDay|[upkeep]\n|-heal|p1a: Samurott|61\/100|[from] Grassy Terrain\n|-heal|p2a: Torkoal|67\/100|[from] Grassy Terrain\n|upkeep\n|turn|3\n|\n|t:|1700321284\n|switch|p2a: Brute Bonnet|Brute Bonnet|100\/100\n|-activate|p2a: Brute Bonnet|ability: Protosynthesis\n|-start|p2a: Brute Bonnet|protosynthesisatk\n|move|p1a: Samurott|Ceaseless Edge|p2a: Brute Bonnet\n|-resisted|p2a: Brute Bonnet\n|-damage|p2a: Brute Bonnet|82\/100\n|-sidestart|p2: Akalli|Spikes\n|\n|-weather|SunnyDay|[upkeep]\n|-heal|p1a: Samurott|67\/100|[from] Grassy Terrain\n|-heal|p2a: Brute Bonnet|88\/100|[from] Grassy Terrain\n|upkeep\n|turn|4\n|\n|t:|1700321294\n|move|p1a: Samurott|Knock Off|p2a: Brute Bonnet\n|-resisted|p2a: Brute Bonnet\n|-damage|p2a: Brute Bonnet|68\/100\n|-enditem|p2a: Brute Bonnet|Loaded Dice|[from] move: Knock Off|[of] p1a: Samurott\n|move|p2a: Brute Bonnet|Bullet Seed|p1a: Samurott\n|-supereffective|p1a: Samurott\n|-damage|p1a: Samurott|7\/100\n|-supereffective|p1a: Samurott\n|-damage|p1a: Samurott|0 fnt\n|faint|p1a: Samurott\n|-hitcount|p1: Samurott|2\n|\n|-weather|SunnyDay|[upkeep]\n|-heal|p2a: Brute Bonnet|74\/100|[from] Grassy Terrain\n|upkeep\n|\n|t:|1700321301\n|switch|p1a: Rillaboom|Rillaboom, M|100\/100\n|-damage|p1a: Rillaboom|88\/100|[from] Stealth Rock\n|turn|5\n|\n|t:|1700321313\n|-end|p2a: Brute Bonnet|Protosynthesis|[silent]\n|switch|p2a: Charizard|Charizard, M|100\/100\n|move|p1a: Rillaboom|U-turn|p2a: Charizard\n|-resisted|p2a: Charizard\n|-damage|p2a: Charizard|87\/100\n|\n|t:|1700321321\n|switch|p1a: Great Tusk|Great Tusk|100\/100|[from] U-turn\n|-damage|p1a: Great Tusk|98\/100|[from] Stealth Rock\n|-activate|p1a: Great Tusk|ability: Protosynthesis\n|-start|p1a: Great Tusk|protosynthesisspe\n|\n|-weather|none\n|-end|p1a: Great Tusk|Protosynthesis\n|-heal|p1a: Great Tusk|100\/100|[from] Grassy Terrain\n|-fieldend|move: Grassy Terrain\n|upkeep\n|-enditem|p1a: Great Tusk|Booster Energy\n|-activate|p1a: Great Tusk|ability: Protosynthesis|[fromitem]\n|-start|p1a: Great Tusk|protosynthesisspe\n|turn|6\n|\n|t:|1700321331\n|switch|p2a: Torkoal|Torkoal, M|67\/100\n|-damage|p2a: Torkoal|54\/100|[from] Spikes\n|-weather|SunnyDay|[from] ability: Drought|[of] p2a: Torkoal\n|move|p1a: Great Tusk|Bulk Up|p1a: Great Tusk\n|-boost|p1a: Great Tusk|atk|1\n|-boost|p1a: Great Tusk|def|1\n|\n|-weather|SunnyDay|[upkeep]\n|upkeep\n|turn|7\n|\n|t:|1700321353\n|switch|p2a: Brute Bonnet|Brute Bonnet|74\/100\n|-damage|p2a: Brute Bonnet|61\/100|[from] Spikes\n|-activate|p2a: Brute Bonnet|ability: Protosynthesis\n|-start|p2a: Brute Bonnet|protosynthesisatk\n|move|p1a: Great Tusk|Headlong Rush|p2a: Brute Bonnet\n|-resisted|p2a: Brute Bonnet\n|-damage|p2a: Brute Bonnet|25\/100\n|-unboost|p1a: Great Tusk|def|1\n|-unboost|p1a: Great Tusk|spd|1\n|\n|-weather|SunnyDay|[upkeep]\n|upkeep\n|turn|8\n|\n|t:|1700321361\n|move|p1a: Great Tusk|Ice Spinner|p2a: Brute Bonnet\n|-supereffective|p2a: Brute Bonnet\n|-damage|p2a: Brute Bonnet|0 fnt\n|faint|p2a: Brute Bonnet\n|-end|p2a: Brute Bonnet|Protosynthesis|[silent]\n|\n|-weather|SunnyDay|[upkeep]\n|upkeep\n|\n|t:|1700321363\n|switch|p2a: Charizard|Charizard, M|87\/100\n|turn|9\n|\n|t:|1700321369\n|move|p1a: Great Tusk|Close Combat|p2a: Charizard\n|-resisted|p2a: Charizard\n|-damage|p2a: Charizard|30\/100\n|-unboost|p1a: Great Tusk|def|1\n|-unboost|p1a: Great Tusk|spd|1\n|move|p2a: Charizard|Flamethrower|p1a: Great Tusk\n|-damage|p1a: Great Tusk|0 fnt\n|faint|p1a: Great Tusk\n|-end|p1a: Great Tusk|Protosynthesis|[silent]\n|\n|-weather|SunnyDay|[upkeep]\n|-damage|p2a: Charizard|18\/100|[from] ability: Solar Power|[of] p2a: Charizard\n|upkeep\n|\n|t:|1700321377\n|switch|p1a: Sneasler|Sneasler, M|100\/100\n|-damage|p1a: Sneasler|95\/100|[from] Stealth Rock\n|turn|10\n|\n|t:|1700321383\n|move|p1a: Sneasler|Close Combat|p2a: Charizard\n|-resisted|p2a: Charizard\n|-damage|p2a: Charizard|0 fnt\n|-unboost|p1a: Sneasler|def|1\n|-unboost|p1a: Sneasler|spd|1\n|faint|p2a: Charizard\n|\n|-weather|none\n|upkeep\n|\n|t:|1700321385\n|switch|p2a: Torkoal|Torkoal, M|54\/100\n|-damage|p2a: Torkoal|42\/100|[from] Spikes\n|-weather|SunnyDay|[from] ability: Drought|[of] p2a: Torkoal\n|turn|11\n|\n|t:|1700321392\n|move|p1a: Sneasler|Close Combat|p2a: Torkoal\n|-damage|p2a: Torkoal|0 fnt\n|-unboost|p1a: Sneasler|def|1\n|-unboost|p1a: Sneasler|spd|1\n|faint|p2a: Torkoal\n|\n|-weather|SunnyDay|[upkeep]\n|upkeep\n|\n|t:|1700321394\n|switch|p2a: Great Tusk|Great Tusk|100\/100\n|-damage|p2a: Great Tusk|88\/100|[from] Spikes\n|-activate|p2a: Great Tusk|ability: Protosynthesis\n|-start|p2a: Great Tusk|protosynthesisspe\n|turn|12\n|\n|t:|1700321399\n|switch|p1a: Rillaboom|Rillaboom, M|88\/100\n|-damage|p1a: Rillaboom|76\/100|[from] Stealth Rock\n|-fieldstart|move: Grassy Terrain|[from] ability: Grassy Surge|[of] p1a: Rillaboom\n|move|p2a: Great Tusk|Ice Spinner|p1a: Rillaboom\n|-supereffective|p1a: Rillaboom\n|-damage|p1a: Rillaboom|25\/100\n|-fieldend|move: Grassy Terrain\n|\n|-weather|SunnyDay|[upkeep]\n|-heal|p2a: Great Tusk|94\/100|[from] item: Leftovers\n|upkeep\n|turn|13\n|\n|t:|1700321410\n|switch|p1a: Enamorus|Enamorus, F|100\/100\n|-damage|p1a: Enamorus|76\/100|[from] Stealth Rock\n|move|p2a: Great Tusk|Ice Spinner|p1a: Enamorus\n|-supereffective|p1a: Enamorus\n|-damage|p1a: Enamorus|0 fnt\n|faint|p1a: Enamorus\n|\n|-weather|SunnyDay|[upkeep]\n|-heal|p2a: Great Tusk|100\/100|[from] item: Leftovers\n|upkeep\n|\n|t:|1700321421\n|switch|p1a: Gholdengo|Gholdengo|100\/100\n|-damage|p1a: Gholdengo|94\/100|[from] Stealth Rock\n|-item|p1a: Gholdengo|Air Balloon\n|turn|14\n|\n|t:|1700321426\n|move|p2a: Great Tusk|Ice Spinner|p1a: Gholdengo\n|-resisted|p1a: Gholdengo\n|-damage|p1a: Gholdengo|81\/100\n|-enditem|p1a: Gholdengo|Air Balloon\n|move|p1a: Gholdengo|Make It Rain|p2a: Great Tusk\n|-damage|p2a: Great Tusk|14\/100\n|-unboost|p1a: Gholdengo|spa|1\n|\n|-weather|SunnyDay|[upkeep]\n|-heal|p2a: Great Tusk|20\/100|[from] item: Leftovers\n|upkeep\n|turn|15\n|\n|t:|1700321435\n|move|p2a: Great Tusk|Headlong Rush|p1a: Gholdengo\n|-supereffective|p1a: Gholdengo\n|-damage|p1a: Gholdengo|0 fnt\n|-unboost|p2a: Great Tusk|def|1\n|-unboost|p2a: Great Tusk|spd|1\n|faint|p1a: Gholdengo\n|\n|-weather|none\n|-end|p2a: Great Tusk|Protosynthesis\n|-heal|p2a: Great Tusk|27\/100|[from] item: Leftovers\n|upkeep\n|\n|t:|1700321437\n|switch|p1a: Rillaboom|Rillaboom, M|25\/100\n|-damage|p1a: Rillaboom|13\/100|[from] Stealth Rock\n|-fieldstart|move: Grassy Terrain|[from] ability: Grassy Surge|[of] p1a: Rillaboom\n|turn|16\n|\n|t:|1700321444\n|move|p1a: Rillaboom|Grassy Glide|p2a: Great Tusk\n|-supereffective|p2a: Great Tusk\n|-damage|p2a: Great Tusk|0 fnt\n|faint|p2a: Great Tusk\n|-end|p2a: Great Tusk|Protosynthesis|[silent]\n|\n|-heal|p1a: Rillaboom|19\/100|[from] Grassy Terrain\n|upkeep\n|\n|t:|1700321450\n|switch|p2a: Walking Wake|Walking Wake|100\/100\n|-damage|p2a: Walking Wake|88\/100|[from] Spikes\n|turn|17\n|\n|t:|1700321459\n|move|p1a: Rillaboom|Grassy Glide|p2a: Walking Wake\n|-damage|p2a: Walking Wake|26\/100\n|move|p2a: Walking Wake|Dragon Pulse|p1a: Rillaboom\n|-damage|p1a: Rillaboom|0 fnt\n|faint|p1a: Rillaboom\n|\n|-heal|p2a: Walking Wake|32\/100|[from] Grassy Terrain\n|upkeep\n|\n|t:|1700321462\n|switch|p1a: Sneasler|Sneasler, M|95\/100\n|-damage|p1a: Sneasler|89\/100|[from] Stealth Rock\n|-enditem|p1a: Sneasler|Grassy Seed\n|-boost|p1a: Sneasler|def|1|[from] item: Grassy Seed\n|turn|18\n|\n|t:|1700321465\n|move|p1a: Sneasler|Dire Claw|p2a: Walking Wake\n|-damage|p2a: Walking Wake|0 fnt\n|faint|p2a: Walking Wake\n|-end|p2a: Walking Wake|Protosynthesis|[silent]\n|\n|-heal|p1a: Sneasler|95\/100|[from] Grassy Terrain\n|upkeep\n|\n|t:|1700321466\n|switch|p2a: Hatterene|Hatterene, F|100\/100\n|-damage|p2a: Hatterene|88\/100|[from] Spikes\n|turn|19\n|\n|t:|1700321472\n|-terastallize|p1a: Sneasler|Flying\n|-terastallize|p2a: Hatterene|Psychic\n|move|p1a: Sneasler|Dire Claw|p2a: Hatterene\n|-damage|p2a: Hatterene|54\/100\n|-status|p2a: Hatterene|par\n|cant|p2a: Hatterene|par\n|\n|-heal|p2a: Hatterene|60\/100 par|[from] Grassy Terrain\n|upkeep\n|turn|20\n|\n|t:|1700321481\n|move|p1a: Sneasler|Acrobatics|p2a: Hatterene\n|-damage|p2a: Hatterene|12\/100 par\n|move|p2a: Hatterene|Dazzling Gleam|p1a: Sneasler\n|-crit|p1a: Sneasler\n|-damage|p1a: Sneasler|20\/100\n|\n|-heal|p2a: Hatterene|17\/100 par|[from] Grassy Terrain\n|-fieldend|move: Grassy Terrain\n|upkeep\n|turn|21\n|-message|Akalli forfeited.\n|\n|win|Heerv\n","uploadtime":1700321485,"views":17,"p1id":"heerv","p2id":"akalli","formatid":"gen9ou","rating":0,"private":0,"password":""}