{"id":"smogtours-gen9ou-731413","p1":"Aranacana","p2":"Bloody alfa","format":"[Gen 9] OU","log":"|inactive|Battle timer is ON: inactive players will automatically lose when time's up.\n|t:|1700399062\n|gametype|singles\n|player|p1|Aranacana|#scl3foxes|\n|player|p2|Bloody alfa|unknown|\n|teamsize|p1|6\n|teamsize|p2|6\n|gen|9\n|tier|[Gen 9] OU\n|rule|Sleep Clause Mod: Limit one foe put to sleep\n|rule|Species Clause: Limit one of each Pok\u00e9mon\n|rule|OHKO Clause: OHKO moves are banned\n|rule|Evasion Items Clause: Evasion items are banned\n|rule|Evasion Moves Clause: Evasion moves are banned\n|rule|Endless Battle Clause: Forcing endless battles is banned\n|rule|HP Percentage Mod: HP is shown in percentages\n|clearpoke\n|poke|p1|Zapdos|\n|poke|p1|Slowking-Galar, F|\n|poke|p1|Dragapult, F|\n|poke|p1|Zamazenta-*|\n|poke|p1|Ting-Lu|\n|poke|p1|Ogerpon-Wellspring, F|\n|poke|p2|Greninja-*, M|\n|poke|p2|Dragonite, M|\n|poke|p2|Dragapult, M|\n|poke|p2|Great Tusk|\n|poke|p2|Rillaboom, M|\n|poke|p2|Sneasler, M|\n|teampreview\n|inactive|Bloody alfa also wants the timer to be on.\n|c|\u2606Aranacana|glhf\n|c|\u2606Bloody alfa|hf\n|inactive|Aranacana has 270 seconds left.\n|inactive|Bloody alfa has 270 seconds left.\n|inactive|Aranacana has 240 seconds left.\n|inactive|Bloody alfa has 240 seconds left.\n|inactive|Bloody alfa has 210 seconds left.\n|\n|t:|1700399160\n|start\n|switch|p1a: Zapdos|Zapdos|100\/100\n|switch|p2a: Great Tusk|Great Tusk|100\/100\n|turn|1\n|inactive|Aranacana has 270 seconds left.\n|\n|t:|1700399176\n|move|p2a: Great Tusk|Stealth Rock|p1a: Zapdos\n|-sidestart|p1: Aranacana|move: Stealth Rock\n|move|p1a: Zapdos|Hurricane|p2a: Great Tusk\n|-supereffective|p2a: Great Tusk\n|-enditem|p2a: Great Tusk|Focus Sash\n|-damage|p2a: Great Tusk|1\/100\n|\n|upkeep\n|turn|2\n|inactive|Aranacana has 270 seconds left.\n|\n|t:|1700399209\n|switch|p1a: Dragapult|Dragapult, F|100\/100\n|-damage|p1a: Dragapult|88\/100|[from] Stealth Rock\n|move|p2a: Great Tusk|Ice Spinner|p1a: Dragapult\n|-supereffective|p1a: Dragapult\n|-damage|p1a: Dragapult|11\/100\n|\n|upkeep\n|turn|3\n|inactive|Bloody alfa has 270 seconds left.\n|inactive|Aranacana has 240 seconds left.\n|\n|t:|1700399245\n|move|p1a: Dragapult|U-turn|p2a: Great Tusk\n|-resisted|p2a: Great Tusk\n|-damage|p2a: Great Tusk|0 fnt\n|faint|p2a: Great Tusk\n|-end|p2a: Great Tusk|Protosynthesis|[silent]\n|inactive|Aranacana has 210 seconds left.\n|\n|t:|1700399275\n|switch|p1a: Zapdos|Zapdos|100\/100|[from] U-turn\n|\n|upkeep\n|inactive|Bloody alfa has 240 seconds left.\n|\n|t:|1700399323\n|switch|p2a: Greninja|Greninja, M|100\/100\n|turn|4\n|\n|t:|1700399332\n|move|p2a: Greninja|Ice Beam|p1a: Zapdos\n|-supereffective|p1a: Zapdos\n|-damage|p1a: Zapdos|39\/100\n|-damage|p2a: Greninja|91\/100|[from] item: Life Orb\n|move|p1a: Zapdos|Thunder Wave|p2a: Greninja\n|-status|p2a: Greninja|par\n|\n|upkeep\n|turn|5\n|\n|t:|1700399352\n|move|p1a: Zapdos|Roost|p1a: Zapdos\n|-heal|p1a: Zapdos|89\/100\n|-singleturn|p1a: Zapdos|move: Roost\n|move|p2a: Greninja|Surf|p1a: Zapdos\n|-damage|p1a: Zapdos|37\/100\n|-damage|p2a: Greninja|81\/100 par|[from] item: Life Orb\n|\n|upkeep\n|turn|6\n|inactive|Bloody alfa has 210 seconds left.\n|\n|t:|1700399379\n|cant|p2a: Greninja|par\n|move|p1a: Zapdos|Roost|p1a: Zapdos\n|-heal|p1a: Zapdos|87\/100\n|-singleturn|p1a: Zapdos|move: Roost\n|\n|upkeep\n|turn|7\n|inactive|Bloody alfa has 210 seconds left.\n|\n|t:|1700399390\n|move|p1a: Zapdos|Volt Switch|p2a: Greninja\n|-supereffective|p2a: Greninja\n|-damage|p2a: Greninja|0 fnt\n|faint|p2a: Greninja\n|\n|t:|1700399414\n|switch|p1a: Slowking|Slowking-Galar, F|100\/100|[from] Volt Switch\n|\n|upkeep\n|inactive|Bloody alfa has 210 seconds left.\n|inactive|Bloody alfa has 180 seconds left.\n|inactive|Bloody alfa has 150 seconds left.\n|\n|t:|1700399483\n|switch|p2a: Dragonite|Dragonite, M|100\/100\n|turn|8\n|inactive|Aranacana has 210 seconds left.\n|\n|t:|1700399509\n|move|p2a: Dragonite|Dragon Dance|p2a: Dragonite\n|-boost|p2a: Dragonite|atk|1\n|-boost|p2a: Dragonite|spe|1\n|move|p1a: Slowking|Future Sight|p2a: Dragonite\n|-start|p1a: Slowking|move: Future Sight\n|\n|upkeep\n|turn|9\n|inactive|Aranacana has 210 seconds left.\n|\n|t:|1700399544\n|switch|p1a: Dragapult|Dragapult, F|11\/100\n|-damage|p1a: Dragapult|0 fnt|[from] Stealth Rock\n|faint|p1a: Dragapult\n|move|p2a: Dragonite|Dragon Dance|p2a: Dragonite\n|-boost|p2a: Dragonite|atk|1\n|-boost|p2a: Dragonite|spe|1\n|\n|upkeep\n|\n|t:|1700399549\n|switch|p1a: Ting-Lu|Ting-Lu|100\/100\n|-damage|p1a: Ting-Lu|94\/100|[from] Stealth Rock\n|-ability|p1a: Ting-Lu|Vessel of Ruin\n|turn|10\n|\n|t:|1700399570\n|-terastallize|p2a: Dragonite|Flying\n|move|p2a: Dragonite|Tera Blast|p1a: Ting-Lu|[anim] Tera Blast Flying\n|-crit|p1a: Ting-Lu\n|-damage|p1a: Ting-Lu|1\/100\n|move|p1a: Ting-Lu|Whirlwind|p2a: Dragonite\n|drag|p2a: Dragapult|Dragapult, M|100\/100\n|\n|-end|p2a: Dragapult|move: Future Sight\n|-damage|p2a: Dragapult|56\/100\n|-heal|p1a: Ting-Lu|7\/100|[from] item: Leftovers\n|upkeep\n|turn|11\n|inactive|Aranacana has 210 seconds left.\n|inactive|Bloody alfa has 150 seconds left.\n|\n|t:|1700399603\n|move|p2a: Dragapult|Draco Meteor|p1a: Ting-Lu\n|-damage|p1a: Ting-Lu|0 fnt\n|-unboost|p2a: Dragapult|spa|2\n|faint|p1a: Ting-Lu\n|\n|upkeep\n|\n|t:|1700399624\n|switch|p1a: Zapdos|Zapdos|87\/100\n|turn|12\n|inactive|Bloody alfa has 120 seconds left.\n|\n|t:|1700399672\n|switch|p2a: Dragonite|Dragonite, M, tera:Flying|100\/100\n|move|p1a: Zapdos|Thunder Wave|p2a: Dragonite\n|-status|p2a: Dragonite|par\n|\n|upkeep\n|turn|13\n|\n|t:|1700399694\n|move|p1a: Zapdos|Volt Switch|p2a: Dragonite\n|-supereffective|p2a: Dragonite\n|-damage|p2a: Dragonite|68\/100 par\n|\n|t:|1700399698\n|switch|p1a: Ogerpon|Ogerpon-Wellspring, F|100\/100|[from] Volt Switch\n|-damage|p1a: Ogerpon|88\/100|[from] Stealth Rock\n|move|p2a: Dragonite|Tera Blast|p1a: Ogerpon|[anim] Tera Blast Flying\n|-supereffective|p1a: Ogerpon\n|-damage|p1a: Ogerpon|0 fnt\n|faint|p1a: Ogerpon\n|\n|-heal|p2a: Dragonite|74\/100 par|[from] item: Leftovers\n|upkeep\n|inactive|Aranacana has 210 seconds left.\n|inactive|Aranacana has 180 seconds left.\n|\n|t:|1700399749\n|switch|p1a: Zapdos|Zapdos|87\/100\n|turn|14\n|\n|t:|1700399760\n|move|p1a: Zapdos|Hurricane|p2a: Dragonite\n|-damage|p2a: Dragonite|25\/100 par\n|cant|p2a: Dragonite|par\n|\n|-heal|p2a: Dragonite|31\/100 par|[from] item: Leftovers\n|upkeep\n|turn|15\n|\n|t:|1700399774\n|move|p1a: Zapdos|Volt Switch|p2a: Dragonite\n|-supereffective|p2a: Dragonite\n|-damage|p2a: Dragonite|0 fnt\n|faint|p2a: Dragonite\n|\n|t:|1700399776\n|switch|p1a: Slowking|Slowking-Galar, F|100\/100|[from] Volt Switch\n|\n|upkeep\n|inactive|Bloody alfa has 90 seconds left.\n|\n|t:|1700399814\n|switch|p2a: Dragapult|Dragapult, M|56\/100\n|turn|16\n|inactive|Aranacana has 180 seconds left.\n|inactive|Aranacana has 150 seconds left.\n|\n|t:|1700399851\n|-terastallize|p1a: Slowking|Grass\n|move|p2a: Dragapult|Thunder Wave|p1a: Slowking\n|-status|p1a: Slowking|par\n|move|p1a: Slowking|Future Sight|p2a: Dragapult\n|-start|p1a: Slowking|move: Future Sight\n|\n|upkeep\n|turn|17\n|inactive|Bloody alfa has 90 seconds left.\n|\n|t:|1700399879\n|move|p2a: Dragapult|Hex|p1a: Slowking\n|-damage|p1a: Slowking|68\/100 par\n|move|p1a: Slowking|Sludge Bomb|p2a: Dragapult\n|-resisted|p2a: Dragapult\n|-damage|p2a: Dragapult|31\/100\n|\n|upkeep\n|turn|18\n|inactive|Aranacana has 150 seconds left.\n|inactive|Bloody alfa has 60 seconds left.\n|\n|t:|1700399925\n|switch|p2a: Rillaboom|Rillaboom, M|100\/100\n|-fieldstart|move: Grassy Terrain|[from] ability: Grassy Surge|[of] p2a: Rillaboom\n|switch|p1a: Zapdos|Zapdos|87\/100\n|\n|-end|p2a: Rillaboom|move: Future Sight\n|-damage|p2a: Rillaboom|46\/100\n|-heal|p2a: Rillaboom|52\/100|[from] Grassy Terrain\n|upkeep\n|turn|19\n|\n|t:|1700399944\n|move|p2a: Rillaboom|Wood Hammer|p1a: Zapdos\n|-resisted|p1a: Zapdos\n|-damage|p1a: Zapdos|37\/100\n|-damage|p2a: Rillaboom|33\/100|[from] Recoil\n|move|p1a: Zapdos|Thunder Wave|p2a: Rillaboom\n|-status|p2a: Rillaboom|par\n|\n|-heal|p2a: Rillaboom|40\/100 par|[from] Grassy Terrain\n|upkeep\n|turn|20\n|inactive|Aranacana has 120 seconds left.\n|\n|t:|1700399987\n|move|p1a: Zapdos|Hurricane|p2a: Rillaboom\n|-supereffective|p2a: Rillaboom\n|-damage|p2a: Rillaboom|0 fnt\n|faint|p2a: Rillaboom\n|\n|upkeep\n|inactive|Bloody alfa has 60 seconds left.\n|\n|t:|1700400007\n|switch|p2a: Sneasler|Sneasler, M|100\/100\n|-enditem|p2a: Sneasler|Grassy Seed\n|-boost|p2a: Sneasler|def|1|[from] item: Grassy Seed\n|turn|21\n|\n|t:|1700400021\n|move|p2a: Sneasler|Gunk Shot|p1a: Zapdos\n|-damage|p1a: Zapdos|0 fnt\n|faint|p1a: Zapdos\n|\n|upkeep\n|inactive|Aranacana has 90 seconds left.\n|inactive|Aranacana has 60 seconds left.\n|\n|t:|1700400071\n|switch|p1a: Zamazenta|Zamazenta, shiny|100\/100\n|-ability|p1a: Zamazenta|Dauntless Shield|boost\n|-boost|p1a: Zamazenta|def|1\n|turn|22\n|inactive|Aranacana has 60 seconds left.\n|\n|t:|1700400104\n|move|p2a: Sneasler|Swords Dance|p2a: Sneasler\n|-boost|p2a: Sneasler|atk|2\n|move|p1a: Zamazenta|Heavy Slam|p2a: Sneasler\n|-damage|p2a: Sneasler|57\/100\n|\n|-heal|p2a: Sneasler|63\/100|[from] Grassy Terrain\n|-fieldend|move: Grassy Terrain\n|upkeep\n|turn|23\n|\n|t:|1700400118\n|move|p2a: Sneasler|Gunk Shot|p1a: Zamazenta\n|-damage|p1a: Zamazenta|24\/100\n|-status|p1a: Zamazenta|psn\n|move|p1a: Zamazenta|Heavy Slam|p2a: Sneasler\n|-damage|p2a: Sneasler|20\/100\n|\n|-damage|p1a: Zamazenta|12\/100 psn|[from] psn\n|upkeep\n|turn|24\n|\n|t:|1700400124\n|move|p2a: Sneasler|Close Combat|p1a: Zamazenta\n|-damage|p1a: Zamazenta|0 fnt\n|-unboost|p2a: Sneasler|def|1\n|-unboost|p2a: Sneasler|spd|1\n|faint|p1a: Zamazenta\n|\n|upkeep\n|\n|t:|1700400127\n|switch|p1a: Slowking|Slowking-Galar, F, tera:Grass|100\/100 par\n|turn|25\n|\n|t:|1700400129\n|move|p2a: Sneasler|Close Combat|p1a: Slowking\n|-damage|p1a: Slowking|0 fnt\n|-unboost|p2a: Sneasler|def|1\n|-unboost|p2a: Sneasler|spd|1\n|faint|p1a: Slowking\n|\n|win|Bloody alfa\n","uploadtime":1700400130,"views":555,"p1id":"aranacana","p2id":"bloodyalfa","formatid":"gen9ou","rating":0,"private":0,"password":""}