{"id":"smogtours-gen9ou-730587","p1":"TDR","p2":"Lkapkd","format":"[Gen 9] OU","log":"|inactive|Battle timer is ON: inactive players will automatically lose when time's up.\n|t:|1699930185\n|gametype|singles\n|player|p1|TDR|#bltxrufflets|\n|player|p2|Lkapkd|#bltixsnorlaxes|\n|teamsize|p1|6\n|teamsize|p2|6\n|gen|9\n|tier|[Gen 9] OU\n|rule|Sleep Clause Mod: Limit one foe put to sleep\n|rule|Species Clause: Limit one of each Pok\u00e9mon\n|rule|OHKO Clause: OHKO moves are banned\n|rule|Evasion Items Clause: Evasion items are banned\n|rule|Evasion Moves Clause: Evasion moves are banned\n|rule|Endless Battle Clause: Forcing endless battles is banned\n|rule|HP Percentage Mod: HP is shown in percentages\n|clearpoke\n|poke|p1|Sneasler, M|\n|poke|p1|Ting-Lu|\n|poke|p1|Zapdos|\n|poke|p1|Gholdengo|\n|poke|p1|Great Tusk|\n|poke|p1|Rillaboom, F|\n|poke|p2|Ribombee, F|\n|poke|p2|Manaphy|\n|poke|p2|Iron Moth|\n|poke|p2|Kingambit, M|\n|poke|p2|Gholdengo|\n|poke|p2|Breloom, M|\n|teampreview\n|inactive|TDR has 270 seconds left.\n|inactive|TDR has 240 seconds left.\n|inactive|TDR has 210 seconds left.\n|\n|t:|1699930276\n|start\n|switch|p1a: Rillaboom|Rillaboom, F|100\/100\n|switch|p2a: Ribombee|Ribombee, F|100\/100\n|-fieldstart|move: Grassy Terrain|[from] ability: Grassy Surge|[of] p1a: Rillaboom\n|turn|1\n|\n|t:|1699930287\n|move|p1a: Rillaboom|Grassy Glide|p2a: Ribombee\n|-resisted|p2a: Ribombee\n|-damage|p2a: Ribombee|44\/100\n|move|p2a: Ribombee|Sticky Web|p1a: Rillaboom\n|-sidestart|p1: TDR|move: Sticky Web\n|\n|-heal|p2a: Ribombee|50\/100|[from] Grassy Terrain\n|upkeep\n|turn|2\n|\n|t:|1699930300\n|move|p1a: Rillaboom|Grassy Glide|p2a: Ribombee\n|-resisted|p2a: Ribombee\n|-damage|p2a: Ribombee|0 fnt\n|faint|p2a: Ribombee\n|\n|upkeep\n|\n|t:|1699930306\n|switch|p2a: Kingambit|Kingambit, M|100\/100\n|-activate|p2a: Kingambit|ability: Supreme Overlord\n|-start|p2a: Kingambit|fallen1|[silent]\n|turn|3\n|\n|t:|1699930313\n|switch|p1a: Great Tusk|Great Tusk|100\/100\n|move|p2a: Kingambit|Swords Dance|p2a: Kingambit\n|-boost|p2a: Kingambit|atk|2\n|\n|upkeep\n|turn|4\n|\n|t:|1699930324\n|-end|p2a: Kingambit|fallen1|[silent]\n|switch|p2a: Gholdengo|Gholdengo|100\/100\n|-item|p2a: Gholdengo|Air Balloon\n|move|p1a: Great Tusk|Rapid Spin|p2a: Gholdengo\n|-immune|p2a: Gholdengo\n|\n|upkeep\n|turn|5\n|\n|t:|1699930330\n|-end|p1a: Great Tusk|Protosynthesis|[silent]\n|switch|p1a: Ting-Lu|Ting-Lu|100\/100\n|-activate|p1a: Ting-Lu|move: Sticky Web\n|-unboost|p1a: Ting-Lu|spe|1\n|-ability|p1a: Ting-Lu|Vessel of Ruin\n|move|p2a: Gholdengo|Nasty Plot|p2a: Gholdengo\n|-boost|p2a: Gholdengo|spa|2\n|\n|-fieldend|move: Grassy Terrain\n|upkeep\n|turn|6\n|\n|t:|1699930340\n|move|p2a: Gholdengo|Dazzling Gleam|p1a: Ting-Lu\n|-supereffective|p1a: Ting-Lu\n|-damage|p1a: Ting-Lu|55\/100\n|move|p1a: Ting-Lu|Ruination|p2a: Gholdengo\n|-damage|p2a: Gholdengo|51\/100\n|-enditem|p2a: Gholdengo|Air Balloon\n|\n|-heal|p1a: Ting-Lu|62\/100|[from] item: Leftovers\n|upkeep\n|turn|7\n|\n|t:|1699930348\n|move|p2a: Gholdengo|Dazzling Gleam|p1a: Ting-Lu\n|-supereffective|p1a: Ting-Lu\n|-damage|p1a: Ting-Lu|12\/100\n|move|p1a: Ting-Lu|Earthquake|p2a: Gholdengo\n|-supereffective|p2a: Gholdengo\n|-damage|p2a: Gholdengo|0 fnt\n|faint|p2a: Gholdengo\n|\n|-heal|p1a: Ting-Lu|18\/100|[from] item: Leftovers\n|upkeep\n|\n|t:|1699930356\n|switch|p2a: Iron Moth|Iron Moth|100\/100\n|-enditem|p2a: Iron Moth|Booster Energy\n|-activate|p2a: Iron Moth|ability: Quark Drive|[fromitem]\n|-start|p2a: Iron Moth|quarkdrivespa\n|turn|8\n|inactive|TDR has 270 seconds left.\n|inactive|TDR has 240 seconds left.\n|inactive|TDR has 210 seconds left.\n|\n|t:|1699930465\n|move|p2a: Iron Moth|Fiery Dance|p1a: Ting-Lu\n|-damage|p1a: Ting-Lu|0 fnt\n|faint|p1a: Ting-Lu\n|\n|upkeep\n|inactive|TDR has 180 seconds left.\n|\n|t:|1699930509\n|switch|p1a: Zapdos|Zapdos|100\/100\n|turn|9\n|\n|t:|1699930520\n|move|p2a: Iron Moth|Fiery Dance|p1a: Zapdos\n|-damage|p1a: Zapdos|41\/100\n|-boost|p2a: Iron Moth|spa|1\n|move|p1a: Zapdos|Hurricane|p2a: Iron Moth|[miss]\n|-miss|p1a: Zapdos|p2a: Iron Moth\n|\n|upkeep\n|turn|10\n|\n|t:|1699930528\n|move|p2a: Iron Moth|Fiery Dance|p1a: Zapdos\n|-crit|p1a: Zapdos\n|-damage|p1a: Zapdos|0 fnt\n|faint|p1a: Zapdos\n|\n|upkeep\n|\n|t:|1699930532\n|switch|p1a: Great Tusk|Great Tusk|100\/100\n|turn|11\n|\n|t:|1699930539\n|-terastallize|p1a: Great Tusk|Steel\n|move|p2a: Iron Moth|Psychic|p1a: Great Tusk\n|-resisted|p1a: Great Tusk\n|-damage|p1a: Great Tusk|59\/100\n|move|p1a: Great Tusk|Headlong Rush|p2a: Iron Moth\n|-supereffective|p2a: Iron Moth\n|-damage|p2a: Iron Moth|0 fnt\n|-unboost|p1a: Great Tusk|def|1\n|-unboost|p1a: Great Tusk|spd|1\n|faint|p2a: Iron Moth\n|-end|p2a: Iron Moth|Quark Drive|[silent]\n|\n|upkeep\n|\n|t:|1699930547\n|switch|p2a: Breloom|Breloom, M|100\/100\n|turn|12\n|\n|t:|1699930556\n|-end|p1a: Great Tusk|Protosynthesis|[silent]\n|switch|p1a: Gholdengo|Gholdengo|100\/100\n|-item|p1a: Gholdengo|Air Balloon\n|move|p2a: Breloom|Mach Punch|p1a: Gholdengo\n|-immune|p1a: Gholdengo\n|\n|upkeep\n|turn|13\n|\n|t:|1699930569\n|move|p2a: Breloom|Bullet Seed|p1a: Gholdengo\n|-resisted|p1a: Gholdengo\n|-damage|p1a: Gholdengo|93\/100\n|-enditem|p1a: Gholdengo|Air Balloon\n|-resisted|p1a: Gholdengo\n|-damage|p1a: Gholdengo|87\/100\n|-resisted|p1a: Gholdengo\n|-damage|p1a: Gholdengo|80\/100\n|-resisted|p1a: Gholdengo\n|-damage|p1a: Gholdengo|74\/100\n|-hitcount|p1a: Gholdengo|4\n|move|p1a: Gholdengo|Dazzling Gleam|p2a: Breloom\n|-supereffective|p2a: Breloom\n|-damage|p2a: Breloom|12\/100\n|\n|upkeep\n|turn|14\n|\n|t:|1699930576\n|move|p2a: Breloom|Bullet Seed|p1a: Gholdengo\n|-resisted|p1a: Gholdengo\n|-damage|p1a: Gholdengo|66\/100\n|-resisted|p1a: Gholdengo\n|-damage|p1a: Gholdengo|59\/100\n|-resisted|p1a: Gholdengo\n|-damage|p1a: Gholdengo|52\/100\n|-resisted|p1a: Gholdengo\n|-damage|p1a: Gholdengo|46\/100\n|-hitcount|p1a: Gholdengo|4\n|move|p1a: Gholdengo|Recover|p1a: Gholdengo\n|-heal|p1a: Gholdengo|96\/100\n|\n|upkeep\n|turn|15\n|\n|t:|1699930583\n|move|p2a: Breloom|Bullet Seed|p1a: Gholdengo\n|-resisted|p1a: Gholdengo\n|-damage|p1a: Gholdengo|89\/100\n|-resisted|p1a: Gholdengo\n|-damage|p1a: Gholdengo|81\/100\n|-resisted|p1a: Gholdengo\n|-damage|p1a: Gholdengo|74\/100\n|-resisted|p1a: Gholdengo\n|-damage|p1a: Gholdengo|67\/100\n|-hitcount|p1a: Gholdengo|4\n|move|p1a: Gholdengo|Dazzling Gleam|p2a: Breloom\n|-supereffective|p2a: Breloom\n|-damage|p2a: Breloom|0 fnt\n|faint|p2a: Breloom\n|\n|upkeep\n|\n|t:|1699930587\n|switch|p2a: Manaphy|Manaphy|100\/100\n|turn|16\n|inactive|TDR has 210 seconds left.\n|\n|t:|1699930599\n|move|p2a: Manaphy|Tail Glow|p2a: Manaphy\n|-boost|p2a: Manaphy|spa|3\n|move|p1a: Gholdengo|Shadow Ball|p2a: Manaphy\n|-damage|p2a: Manaphy|67\/100\n|\n|-heal|p2a: Manaphy|73\/100|[from] item: Leftovers\n|upkeep\n|turn|17\n|\n|t:|1699930604\n|move|p2a: Manaphy|Surf|p1a: Gholdengo\n|-damage|p1a: Gholdengo|0 fnt\n|faint|p1a: Gholdengo\n|\n|-heal|p2a: Manaphy|79\/100|[from] item: Leftovers\n|upkeep\n|inactive|TDR has 210 seconds left.\n|\n|t:|1699930622\n|switch|p1a: Great Tusk|Great Tusk, tera:Steel|59\/100\n|turn|18\n|inactive|TDR has 210 seconds left.\n|\n|t:|1699930628\n|move|p1a: Great Tusk|Rapid Spin|p2a: Manaphy\n|-damage|p2a: Manaphy|67\/100\n|-boost|p1a: Great Tusk|spe|1\n|-sideend|p1: TDR|Sticky Web|[from] move: Rapid Spin|[of] p1a: Great Tusk\n|move|p2a: Manaphy|Surf|p1a: Great Tusk\n|-damage|p1a: Great Tusk|0 fnt\n|faint|p1a: Great Tusk\n|-end|p1a: Great Tusk|Protosynthesis|[silent]\n|\n|-heal|p2a: Manaphy|73\/100|[from] item: Leftovers\n|upkeep\n|inactive|TDR has 210 seconds left.\n|\n|t:|1699930634\n|switch|p1a: Rillaboom|Rillaboom, F|100\/100\n|-fieldstart|move: Grassy Terrain|[from] ability: Grassy Surge|[of] p1a: Rillaboom\n|turn|19\n|\n|t:|1699930637\n|move|p1a: Rillaboom|Grassy Glide|p2a: Manaphy\n|-supereffective|p2a: Manaphy\n|-damage|p2a: Manaphy|0 fnt\n|faint|p2a: Manaphy\n|\n|upkeep\n|\n|t:|1699930640\n|switch|p2a: Kingambit|Kingambit, M|100\/100\n|-activate|p2a: Kingambit|ability: Supreme Overlord\n|-start|p2a: Kingambit|fallen5|[silent]\n|turn|20\n|\n|t:|1699930651\n|switch|p1a: Sneasler|Sneasler, M|100\/100\n|move|p2a: Kingambit|Swords Dance|p2a: Kingambit\n|-boost|p2a: Kingambit|atk|2\n|\n|upkeep\n|turn|21\n|\n|t:|1699930672\n|-terastallize|p2a: Kingambit|Fairy\n|move|p1a: Sneasler|Fake Out|p2a: Kingambit\n|-damage|p2a: Kingambit|89\/100\n|cant|p2a: Kingambit|flinch\n|\n|-heal|p2a: Kingambit|95\/100|[from] Grassy Terrain\n|upkeep\n|turn|22\n|\n|t:|1699930680\n|move|p2a: Kingambit|Sucker Punch|p1a: Sneasler\n|-resisted|p1a: Sneasler\n|-damage|p1a: Sneasler|0 fnt\n|faint|p1a: Sneasler\n|\n|-heal|p2a: Kingambit|100\/100|[from] Grassy Terrain\n|upkeep\n|\n|t:|1699930689\n|switch|p1a: Rillaboom|Rillaboom, F|100\/100\n|turn|23\n|\n|t:|1699930693\n|move|p1a: Rillaboom|Grassy Glide|p2a: Kingambit\n|-damage|p2a: Kingambit|45\/100\n|move|p2a: Kingambit|Kowtow Cleave|p1a: Rillaboom\n|-damage|p1a: Rillaboom|0 fnt\n|faint|p1a: Rillaboom\n|\n|win|Lkapkd\n|c|\u2606Lkapkd|Gg\n|c|\u2606TDR|gg\n","uploadtime":1699930694,"views":93,"p1id":"tdr","p2id":"lkapkd","formatid":"gen9ou","rating":0,"private":0,"password":""}