{"id":"smogtours-gen9ou-731469","p1":"Malekith","p2":"Inder","format":"[Gen 9] OU","log":"|inactive|Battle timer is ON: inactive players will automatically lose when time's up.\n|t:|1700407341\n|gametype|singles\n|player|p1|Malekith|#scl3machines|\n|player|p2|Inder|#uplximelmetal|\n|teamsize|p1|6\n|teamsize|p2|6\n|gen|9\n|tier|[Gen 9] OU\n|rule|Sleep Clause Mod: Limit one foe put to sleep\n|rule|Species Clause: Limit one of each Pok\u00e9mon\n|rule|OHKO Clause: OHKO moves are banned\n|rule|Evasion Items Clause: Evasion items are banned\n|rule|Evasion Moves Clause: Evasion moves are banned\n|rule|Endless Battle Clause: Forcing endless battles is banned\n|rule|HP Percentage Mod: HP is shown in percentages\n|clearpoke\n|poke|p1|Sneasler, F|\n|poke|p1|Zapdos|\n|poke|p1|Ting-Lu|\n|poke|p1|Samurott-Hisui, F|\n|poke|p1|Amoonguss, F|\n|poke|p1|Great Tusk|\n|poke|p2|Ceruledge, F|\n|poke|p2|Rillaboom, M|\n|poke|p2|Greninja-*, M|\n|poke|p2|Sneasler, M|\n|poke|p2|Landorus-Therian, M|\n|poke|p2|Iron Valiant|\n|teampreview\n|c|\u2606Malekith|hf\n|c|\u2606Inder|hf\n|inactive|Malekith has 270 seconds left.\n|inactive|Inder has 270 seconds left.\n|raw|<div class=\"broadcast-red\"><strong>Moderated chat was set to \u2606!<\/strong><br \/>Only users of rank \u2606 and higher can talk.<\/div>\n|inactive|Malekith has 240 seconds left.\n|inactive|Inder has 240 seconds left.\n|\n|t:|1700407427\n|start\n|switch|p1a: The Asleep Voice|Sneasler, F|100\/100\n|switch|p2a: Rillaboom|Rillaboom, M|100\/100\n|-fieldstart|move: Grassy Terrain|[from] ability: Grassy Surge|[of] p2a: Rillaboom\n|turn|1\n|\n|t:|1700407434\n|switch|p2a: Landorus|Landorus-Therian, M|100\/100\n|-ability|p2a: Landorus|Intimidate|boost\n|-unboost|p1a: The Asleep Voice|atk|1\n|move|p1a: The Asleep Voice|U-turn|p2a: Landorus\n|-resisted|p2a: Landorus\n|-damage|p2a: Landorus|93\/100\n|-damage|p1a: The Asleep Voice|84\/100|[from] item: Rocky Helmet|[of] p2a: Landorus\n|inactive|Malekith has 270 seconds left.\n|inactive|Malekith has 240 seconds left.\n|inactive|Malekith has 210 seconds left.\n|\n|t:|1700407522\n|switch|p1a: Diabulus In Musica|Samurott-Hisui, F|100\/100|[from] U-turn\n|\n|upkeep\n|turn|2\n|\n|t:|1700407543\n|move|p2a: Landorus|U-turn|p1a: Diabulus In Musica\n|-supereffective|p1a: Diabulus In Musica\n|-damage|p1a: Diabulus In Musica|50\/100\n|inactive|Inder has 270 seconds left.\n|inactive|Inder has 240 seconds left.\n|\n|t:|1700407605\n|switch|p2a: DJ DA REAL|Greninja, M|100\/100|[from] U-turn\n|move|p1a: Diabulus In Musica|Aqua Cutter|p2a: DJ DA REAL\n|-resisted|p2a: DJ DA REAL\n|-damage|p2a: DJ DA REAL|64\/100\n|\n|-heal|p2a: DJ DA REAL|70\/100|[from] Grassy Terrain\n|-heal|p1a: Diabulus In Musica|56\/100|[from] Grassy Terrain\n|upkeep\n|turn|3\n|inactive|Malekith has 210 seconds left.\n|inactive|Inder has 210 seconds left.\n|inactive|Inder has 180 seconds left.\n|\n|t:|1700407668\n|switch|p1a: Time To Be Happy|Amoonguss, F, shiny|100\/100\n|move|p2a: DJ DA REAL|Grass Knot|p1a: Time To Be Happy\n|-resisted|p1a: Time To Be Happy\n|-damage|p1a: Time To Be Happy|97\/100\n|-damage|p2a: DJ DA REAL|60\/100|[from] item: Life Orb\n|\n|-heal|p2a: DJ DA REAL|66\/100|[from] Grassy Terrain\n|-heal|p1a: Time To Be Happy|100\/100|[from] Grassy Terrain\n|upkeep\n|turn|4\n|inactive|Inder has 180 seconds left.\n|inactive|Malekith has 180 seconds left.\n|inactive|Inder has 150 seconds left.\n|\n|t:|1700407732\n|switch|p2a: Landorus|Landorus-Therian, M|93\/100\n|-ability|p2a: Landorus|Intimidate|boost\n|-unboost|p1a: Time To Be Happy|atk|1\n|move|p1a: Time To Be Happy|Grass Knot|p2a: Landorus\n|-damage|p2a: Landorus|59\/100\n|-damage|p1a: Time To Be Happy|84\/100|[from] item: Rocky Helmet|[of] p2a: Landorus\n|\n|-heal|p1a: Time To Be Happy|90\/100|[from] Grassy Terrain\n|upkeep\n|turn|5\n|inactive|Malekith has 150 seconds left.\n|inactive|Inder has 120 seconds left.\n|\n|t:|1700407749\n|switch|p1a: Dead's Inn|Zapdos, shiny|100\/100\n|move|p2a: Landorus|Stealth Rock|p1a: Dead's Inn\n|-sidestart|p1: Malekith|move: Stealth Rock\n|\n|-fieldend|move: Grassy Terrain\n|upkeep\n|turn|6\n|inactive|Malekith has 150 seconds left.\n|\n|t:|1700407766\n|move|p2a: Landorus|U-turn|p1a: Dead's Inn\n|-resisted|p1a: Dead's Inn\n|-damage|p1a: Dead's Inn|91\/100\n|inactive|Inder has 120 seconds left.\n|\n|t:|1700407800\n|switch|p2a: DJ DA REAL|Greninja, M|66\/100|[from] U-turn\n|move|p1a: Dead's Inn|Hurricane|p2a: DJ DA REAL|[miss]\n|-miss|p1a: Dead's Inn|p2a: DJ DA REAL\n|\n|upkeep\n|turn|7\n|inactive|Malekith has 150 seconds left.\n|inactive|Malekith has 120 seconds left.\n|\n|t:|1700407851\n|switch|p1a: From My Heaven|Ting-Lu|100\/100\n|-damage|p1a: From My Heaven|94\/100|[from] Stealth Rock\n|-ability|p1a: From My Heaven|Vessel of Ruin\n|move|p2a: DJ DA REAL|Dark Pulse|p1a: From My Heaven\n|-resisted|p1a: From My Heaven\n|-damage|p1a: From My Heaven|84\/100\n|-damage|p2a: DJ DA REAL|56\/100|[from] item: Life Orb\n|\n|-heal|p1a: From My Heaven|91\/100|[from] item: Leftovers\n|upkeep\n|turn|8\n|\n|t:|1700407871\n|move|p2a: DJ DA REAL|Hydro Pump|p1a: From My Heaven\n|-supereffective|p1a: From My Heaven\n|-damage|p1a: From My Heaven|37\/100\n|-damage|p2a: DJ DA REAL|46\/100|[from] item: Life Orb\n|move|p1a: From My Heaven|Earthquake|p2a: DJ DA REAL\n|-damage|p2a: DJ DA REAL|0 fnt\n|faint|p2a: DJ DA REAL\n|\n|-heal|p1a: From My Heaven|44\/100|[from] item: Leftovers\n|upkeep\n|\n|t:|1700407878\n|switch|p2a: Rillaboom|Rillaboom, M|100\/100\n|-fieldstart|move: Grassy Terrain|[from] ability: Grassy Surge|[of] p2a: Rillaboom\n|turn|9\n|inactive|Inder has 90 seconds left.\n|inactive|Malekith has 90 seconds left.\n|\n|t:|1700407909\n|move|p2a: Rillaboom|Wood Hammer|p1a: From My Heaven\n|-supereffective|p1a: From My Heaven\n|-damage|p1a: From My Heaven|0 fnt\n|faint|p1a: From My Heaven\n|-damage|p2a: Rillaboom|79\/100|[from] Recoil\n|\n|-heal|p2a: Rillaboom|85\/100|[from] Grassy Terrain\n|upkeep\n|inactive|Malekith has 90 seconds left.\n|\n|t:|1700407935\n|switch|p1a: Dead's Inn|Zapdos, shiny|91\/100\n|turn|10\n|inactive|Inder has 90 seconds left.\n|\n|t:|1700407947\n|switch|p2a: Landorus|Landorus-Therian, M|59\/100\n|-ability|p2a: Landorus|Intimidate|boost\n|-unboost|p1a: Dead's Inn|atk|1\n|move|p1a: Dead's Inn|Hurricane|p2a: Landorus\n|-damage|p2a: Landorus|10\/100\n|-start|p2a: Landorus|confusion\n|\n|upkeep\n|turn|11\n|\n|t:|1700407968\n|-activate|p2a: Landorus|confusion\n|move|p2a: Landorus|Taunt|p1a: Dead's Inn\n|-start|p1a: Dead's Inn|move: Taunt\n|cant|p1a: Dead's Inn|move: Taunt|Roost\n|\n|upkeep\n|turn|12\n|\n|t:|1700407977\n|-activate|p2a: Landorus|confusion\n|move|p2a: Landorus|Earth Power|p1a: Dead's Inn\n|-immune|p1a: Dead's Inn\n|move|p1a: Dead's Inn|Volt Switch|p2a: Landorus\n|-immune|p2a: Landorus\n|\n|upkeep\n|turn|13\n|\n|t:|1700407985\n|-end|p2a: Landorus|confusion\n|move|p2a: Landorus|Earth Power|p1a: Dead's Inn\n|-immune|p1a: Dead's Inn\n|move|p1a: Dead's Inn|Volt Switch|p2a: Landorus\n|-immune|p2a: Landorus\n|\n|-end|p1a: Dead's Inn|move: Taunt\n|-fieldend|move: Grassy Terrain\n|upkeep\n|turn|14\n|inactive|Inder has 120 seconds left.\n|\n|t:|1700407994\n|move|p2a: Landorus|Taunt|p1a: Dead's Inn\n|-start|p1a: Dead's Inn|move: Taunt\n|move|p1a: Dead's Inn|Volt Switch|p2a: Landorus\n|-immune|p2a: Landorus\n|\n|upkeep\n|turn|15\n|inactive|Malekith has 90 seconds left.\n|\n|t:|1700408001\n|move|p2a: Landorus|Earth Power|p1a: Dead's Inn\n|-immune|p1a: Dead's Inn\n|move|p1a: Dead's Inn|Volt Switch|p2a: Landorus\n|-immune|p2a: Landorus\n|\n|upkeep\n|turn|16\n|\n|t:|1700408009\n|move|p2a: Landorus|Stealth Rock||[still]\n|-fail|p2a: Landorus\n|move|p1a: Dead's Inn|Volt Switch|p2a: Landorus\n|-immune|p2a: Landorus\n|\n|-end|p1a: Dead's Inn|move: Taunt\n|upkeep\n|turn|17\n|\n|t:|1700408015\n|move|p2a: Landorus|Taunt|p1a: Dead's Inn\n|-start|p1a: Dead's Inn|move: Taunt\n|cant|p1a: Dead's Inn|move: Taunt|Roost\n|\n|upkeep\n|turn|18\n|\n|t:|1700408019\n|move|p2a: Landorus|Stealth Rock||[still]\n|-fail|p2a: Landorus\n|move|p1a: Dead's Inn|Volt Switch|p2a: Landorus\n|-immune|p2a: Landorus\n|\n|upkeep\n|turn|19\n|\n|t:|1700408027\n|move|p2a: Landorus|Stealth Rock||[still]\n|-fail|p2a: Landorus\n|move|p1a: Dead's Inn|Volt Switch|p2a: Landorus\n|-immune|p2a: Landorus\n|\n|-end|p1a: Dead's Inn|move: Taunt\n|upkeep\n|turn|20\n|\n|t:|1700408029\n|move|p2a: Landorus|Taunt|p1a: Dead's Inn\n|-start|p1a: Dead's Inn|move: Taunt\n|cant|p1a: Dead's Inn|move: Taunt|Roost\n|\n|upkeep\n|turn|21\n|\n|t:|1700408033\n|move|p2a: Landorus|Stealth Rock||[still]\n|-fail|p2a: Landorus\n|move|p1a: Dead's Inn|Volt Switch|p2a: Landorus\n|-immune|p2a: Landorus\n|\n|upkeep\n|turn|22\n|\n|t:|1700408038\n|move|p2a: Landorus|Stealth Rock||[still]\n|-fail|p2a: Landorus\n|move|p1a: Dead's Inn|Volt Switch|p2a: Landorus\n|-immune|p2a: Landorus\n|\n|-end|p1a: Dead's Inn|move: Taunt\n|upkeep\n|turn|23\n|\n|t:|1700408042\n|move|p2a: Landorus|Taunt|p1a: Dead's Inn\n|-start|p1a: Dead's Inn|move: Taunt\n|cant|p1a: Dead's Inn|move: Taunt|Roost\n|\n|upkeep\n|turn|24\n|inactive|Malekith has 150 seconds left.\n|\n|t:|1700408074\n|move|p2a: Landorus|Earth Power|p1a: Dead's Inn\n|-immune|p1a: Dead's Inn\n|move|p1a: Dead's Inn|Volt Switch|p2a: Landorus\n|-immune|p2a: Landorus\n|\n|upkeep\n|turn|25\n|\n|t:|1700408080\n|move|p2a: Landorus|Stealth Rock||[still]\n|-fail|p2a: Landorus\n|move|p1a: Dead's Inn|Volt Switch|p2a: Landorus\n|-immune|p2a: Landorus\n|\n|-end|p1a: Dead's Inn|move: Taunt\n|upkeep\n|turn|26\n|inactive|Malekith has 150 seconds left.\n|\n|t:|1700408086\n|move|p2a: Landorus|Taunt|p1a: Dead's Inn\n|-start|p1a: Dead's Inn|move: Taunt\n|cant|p1a: Dead's Inn|move: Taunt|Roost\n|\n|upkeep\n|turn|27\n|\n|t:|1700408089\n|move|p2a: Landorus|Stealth Rock||[still]\n|-fail|p2a: Landorus\n|move|p1a: Dead's Inn|Volt Switch|p2a: Landorus\n|-immune|p2a: Landorus\n|\n|upkeep\n|turn|28\n|inactive|Inder has 240 seconds left.\n|\n|t:|1700408096\n|move|p2a: Landorus|Stealth Rock||[still]\n|-fail|p2a: Landorus\n|move|p1a: Dead's Inn|Hurricane|p2a: Landorus|[miss]\n|-miss|p1a: Dead's Inn|p2a: Landorus\n|\n|-end|p1a: Dead's Inn|move: Taunt\n|upkeep\n|turn|29\n|\n|t:|1700408102\n|move|p2a: Landorus|Taunt|p1a: Dead's Inn\n|-start|p1a: Dead's Inn|move: Taunt\n|cant|p1a: Dead's Inn|move: Taunt|Roost\n|\n|upkeep\n|turn|30\n|\n|t:|1700408107\n|move|p2a: Landorus|Stealth Rock||[still]\n|-fail|p2a: Landorus\n|move|p1a: Dead's Inn|Volt Switch|p2a: Landorus\n|-immune|p2a: Landorus\n|\n|upkeep\n|turn|31\n|inactive|Inder has 240 seconds left.\n|\n|t:|1700408134\n|move|p2a: Landorus|Taunt||[still]\n|-fail|p2a: Landorus\n|move|p1a: Dead's Inn|Hurricane|p2a: Landorus\n|-damage|p2a: Landorus|0 fnt\n|faint|p2a: Landorus\n|\n|-end|p1a: Dead's Inn|move: Taunt\n|upkeep\n|inactive|Inder has 240 seconds left.\n|\n|t:|1700408153\n|switch|p2a: Ceruledge|Ceruledge, F|100\/100\n|turn|32\n|\n|t:|1700408160\n|move|p1a: Dead's Inn|Volt Switch|p2a: Ceruledge\n|-damage|p2a: Ceruledge|68\/100\n|\n|t:|1700408166\n|switch|p1a: Missit Me Dominus|Great Tusk|100\/100|[from] Volt Switch\n|move|p2a: Ceruledge|Swords Dance|p2a: Ceruledge\n|-boost|p2a: Ceruledge|atk|2\n|\n|upkeep\n|turn|33\n|inactive|Malekith has 210 seconds left.\n|inactive|Inder has 240 seconds left.\n|inactive|Malekith has 180 seconds left.\n|inactive|Inder has 210 seconds left.\n|inactive|Inder has 180 seconds left.\n|inactive|Inder has 150 seconds left.\n|\n|t:|1700408289\n|-terastallize|p2a: Ceruledge|Fairy\n|move|p1a: Missit Me Dominus|Earthquake|p2a: Ceruledge\n|-damage|p2a: Ceruledge|13\/100\n|-ability|p2a: Ceruledge|Weak Armor|boost\n|-unboost|p2a: Ceruledge|def|1\n|-boost|p2a: Ceruledge|spe|2\n|move|p2a: Ceruledge|Bitter Blade|p1a: Missit Me Dominus\n|-damage|p1a: Missit Me Dominus|35\/100\n|-heal|p2a: Ceruledge|61\/100|[from] drain|[of] p1a: Missit Me Dominus\n|\n|upkeep\n|turn|34\n|inactive|Malekith has 150 seconds left.\n|inactive|Malekith has 120 seconds left.\n|\n|t:|1700408345\n|move|p2a: Ceruledge|Bitter Blade|p1a: Missit Me Dominus\n|-damage|p1a: Missit Me Dominus|0 fnt\n|-heal|p2a: Ceruledge|86\/100|[from] drain|[of] p1a: Missit Me Dominus\n|faint|p1a: Missit Me Dominus\n|-end|p1a: Missit Me Dominus|Protosynthesis|[silent]\n|\n|upkeep\n|inactive|Malekith has 120 seconds left.\n|inactive|Malekith has 90 seconds left.\n|\n|t:|1700408389\n|switch|p1a: Time To Be Happy|Amoonguss, F, shiny|100\/100\n|turn|35\n|inactive|Malekith has 90 seconds left.\n|\n|t:|1700408398\n|-terastallize|p1a: Time To Be Happy|Water\n|move|p2a: Ceruledge|Poltergeist|p1a: Time To Be Happy|[miss]\n|-miss|p2a: Ceruledge|p1a: Time To Be Happy\n|move|p1a: Time To Be Happy|Spore|p2a: Ceruledge\n|-status|p2a: Ceruledge|slp|[from] move: Spore\n|\n|upkeep\n|turn|36\n|inactive|Malekith has 90 seconds left.\n|inactive|Inder has 150 seconds left.\n|inactive|Inder has 120 seconds left.\n|\n|t:|1700408447\n|switch|p2a: Rillaboom|Rillaboom, M|85\/100\n|-fieldstart|move: Grassy Terrain|[from] ability: Grassy Surge|[of] p2a: Rillaboom\n|move|p1a: Time To Be Happy|Sludge Bomb|p2a: Rillaboom\n|-supereffective|p2a: Rillaboom\n|-damage|p2a: Rillaboom|20\/100\n|\n|-heal|p2a: Rillaboom|26\/100|[from] Grassy Terrain\n|upkeep\n|turn|37\n|inactive|Inder has 120 seconds left.\n|inactive|Malekith has 60 seconds left.\n|inactive|Inder has 90 seconds left.\n|inactive|Malekith has 30 seconds left.\n|\n|t:|1700408514\n|switch|p1a: Diabulus In Musica|Samurott-Hisui, F|56\/100\n|move|p2a: Rillaboom|Grassy Glide|p1a: Diabulus In Musica\n|-supereffective|p1a: Diabulus In Musica\n|-damage|p1a: Diabulus In Musica|0 fnt\n|faint|p1a: Diabulus In Musica\n|\n|-heal|p2a: Rillaboom|32\/100|[from] Grassy Terrain\n|upkeep\n|inactive|Malekith has 30 seconds left this turn.\n|inactive|Malekith has 20 seconds left.\n|\n|t:|1700408524\n|switch|p1a: Dead's Inn|Zapdos, shiny|91\/100\n|turn|38\n|inactive|Malekith has 30 seconds left this turn.\n|inactive|Malekith has 20 seconds left.\n|inactive|Inder has 90 seconds left.\n|\n|t:|1700408540\n|move|p2a: Rillaboom|Grassy Glide|p1a: Dead's Inn\n|-resisted|p1a: Dead's Inn\n|-damage|p1a: Dead's Inn|65\/100\n|move|p1a: Dead's Inn|Thunder Wave|p2a: Rillaboom\n|-status|p2a: Rillaboom|par\n|\n|-heal|p2a: Rillaboom|38\/100 par|[from] Grassy Terrain\n|upkeep\n|turn|39\n|inactive|Malekith has 30 seconds left this turn.\n|\n|t:|1700408543\n|switch|p2a: Iron Valiant|Iron Valiant|100\/100\n|-enditem|p2a: Iron Valiant|Booster Energy\n|-activate|p2a: Iron Valiant|ability: Quark Drive|[fromitem]\n|-start|p2a: Iron Valiant|quarkdrivespe\n|move|p1a: Dead's Inn|Roost|p1a: Dead's Inn\n|-heal|p1a: Dead's Inn|100\/100\n|-singleturn|p1a: Dead's Inn|move: Roost\n|\n|upkeep\n|turn|40\n|\n|t:|1700408549\n|switch|p1a: The Asleep Voice|Sneasler, F|84\/100\n|move|p2a: Iron Valiant|Encore||[still]\n|-fail|p2a: Iron Valiant\n|\n|-heal|p1a: The Asleep Voice|90\/100|[from] Grassy Terrain\n|-fieldend|move: Grassy Terrain\n|upkeep\n|turn|41\n|\n|t:|1700408558\n|move|p1a: The Asleep Voice|Fake Out|p2a: Iron Valiant\n|-damage|p2a: Iron Valiant|83\/100\n|cant|p2a: Iron Valiant|flinch\n|\n|upkeep\n|turn|42\n|\n|t:|1700408576\n|move|p2a: Iron Valiant|Moonblast|p1a: The Asleep Voice\n|-damage|p1a: The Asleep Voice|24\/100\n|move|p1a: The Asleep Voice|Dire Claw|p2a: Iron Valiant\n|-supereffective|p2a: Iron Valiant\n|-damage|p2a: Iron Valiant|0 fnt\n|faint|p2a: Iron Valiant\n|-end|p2a: Iron Valiant|Quark Drive|[silent]\n|\n|upkeep\n|\n|t:|1700408579\n|switch|p2a: Rillaboom|Rillaboom, M|38\/100 par\n|-fieldstart|move: Grassy Terrain|[from] ability: Grassy Surge|[of] p2a: Rillaboom\n|turn|43\n|\n|t:|1700408597\n|move|p1a: The Asleep Voice|U-turn|p2a: Rillaboom\n|-supereffective|p2a: Rillaboom\n|-damage|p2a: Rillaboom|0 fnt\n|faint|p2a: Rillaboom\n|\n|t:|1700408600\n|switch|p1a: Dead's Inn|Zapdos, shiny|100\/100|[from] U-turn\n|\n|upkeep\n|\n|t:|1700408602\n|switch|p2a: Sneasler|Sneasler, M|100\/100\n|-enditem|p2a: Sneasler|Grassy Seed\n|-boost|p2a: Sneasler|def|1|[from] item: Grassy Seed\n|turn|44\n|inactive|Malekith has 60 seconds left.\n|\n|t:|1700408610\n|move|p2a: Sneasler|Swords Dance|p2a: Sneasler\n|-boost|p2a: Sneasler|atk|2\n|move|p1a: Dead's Inn|Hurricane|p2a: Sneasler|[miss]\n|-miss|p1a: Dead's Inn|p2a: Sneasler\n|\n|upkeep\n|turn|45\n|inactive|Inder has 150 seconds left.\n|inactive|Malekith has 60 seconds left.\n|\n|t:|1700408663\n|move|p2a: Sneasler|Gunk Shot|p1a: Dead's Inn\n|-damage|p1a: Dead's Inn|0 fnt\n|faint|p1a: Dead's Inn\n|\n|upkeep\n|\n|t:|1700408678\n|switch|p1a: The Asleep Voice|Sneasler, F|24\/100\n|turn|46\n|\n|t:|1700408683\n|move|p1a: The Asleep Voice|Fake Out|p2a: Sneasler\n|-damage|p2a: Sneasler|83\/100\n|cant|p2a: Sneasler|flinch\n|\n|-heal|p2a: Sneasler|89\/100|[from] Grassy Terrain\n|-heal|p1a: The Asleep Voice|30\/100|[from] Grassy Terrain\n|upkeep\n|turn|47\n|\n|t:|1700408689\n|move|p2a: Sneasler|Acrobatics|p1a: The Asleep Voice\n|-supereffective|p1a: The Asleep Voice\n|-damage|p1a: The Asleep Voice|0 fnt\n|faint|p1a: The Asleep Voice\n|\n|-heal|p2a: Sneasler|95\/100|[from] Grassy Terrain\n|-fieldend|move: Grassy Terrain\n|upkeep\n|\n|t:|1700408691\n|switch|p1a: Time To Be Happy|Amoonguss, F, shiny, tera:Water|100\/100\n|turn|48\n|inactive|Inder has 150 seconds left.\n|\n|t:|1700408719\n|move|p2a: Sneasler|Close Combat|p1a: Time To Be Happy\n|-damage|p1a: Time To Be Happy|0 fnt\n|-unboost|p2a: Sneasler|def|1\n|-unboost|p2a: Sneasler|spd|1\n|faint|p1a: Time To Be Happy\n|\n|win|Inder\n","uploadtime":1700408720,"views":297,"p1id":"malekith","p2id":"inder","formatid":"gen9ou","rating":0,"private":0,"password":""}