{"id":"smogtours-gen9ou-731402","p1":"Exiline","p2":"nulthur","format":"[Gen 9] OU","log":"|inactive|Battle timer is ON: inactive players will automatically lose when time's up.\n|t:|1700390036\n|gametype|singles\n|player|p1|Exiline|juggler|\n|player|p2|nulthur|clown|\n|teamsize|p1|6\n|teamsize|p2|6\n|gen|9\n|tier|[Gen 9] OU\n|rule|Sleep Clause Mod: Limit one foe put to sleep\n|rule|Species Clause: Limit one of each Pok\u00e9mon\n|rule|OHKO Clause: OHKO moves are banned\n|rule|Evasion Items Clause: Evasion items are banned\n|rule|Evasion Moves Clause: Evasion moves are banned\n|rule|Endless Battle Clause: Forcing endless battles is banned\n|rule|HP Percentage Mod: HP is shown in percentages\n|clearpoke\n|poke|p1|Zamazenta-*|\n|poke|p1|Zapdos|\n|poke|p1|Ting-Lu|\n|poke|p1|Samurott-Hisui, F|\n|poke|p1|Clefable, F|\n|poke|p1|Sneasler, F|\n|poke|p2|Ribombee, M|\n|poke|p2|Gholdengo|\n|poke|p2|Manaphy|\n|poke|p2|Iron Moth|\n|poke|p2|Clefable, M|\n|poke|p2|Hydreigon, F|\n|teampreview\n|c|\u2606Exiline|h_f \n|c|+shafofficiel|euhhh\n|c|\u2606nulthur|u2\n|c|+shafofficiel|sneas est ban\n|c|\u2606nulthur|non\n|c|+shafofficiel|exi match perdu\n|inactive|Exiline has 270 seconds left.\n|c|\u2606nulthur|mais il va quand m\u00eame perdre\n|c|\u2606nulthur|pcq je suis goatesque\n|c|+shafofficiel|sisi exi perd sur tapis vert\n|c|\u2606Exiline|silence 0-6\n|inactive|Exiline has 240 seconds left.\n|\n|t:|1700390104\n|start\n|switch|p1a: Ting-Lu|Ting-Lu|100\/100\n|switch|p2a: Ribombee|Ribombee, M|100\/100\n|-ability|p1a: Ting-Lu|Vessel of Ruin\n|turn|1\n|\n|t:|1700390122\n|move|p2a: Ribombee|Stun Spore|p1a: Ting-Lu|[miss]\n|-miss|p2a: Ribombee|p1a: Ting-Lu\n|move|p1a: Ting-Lu|Stealth Rock|p2a: Ribombee\n|-sidestart|p2: nulthur|move: Stealth Rock\n|\n|upkeep\n|turn|2\n|\n|t:|1700390131\n|move|p2a: Ribombee|Sticky Web|p1a: Ting-Lu\n|-sidestart|p1: Exiline|move: Sticky Web\n|move|p1a: Ting-Lu|Whirlwind|p2a: Ribombee\n|drag|p2a: Clefable|Clefable, M|100\/100\n|-damage|p2a: Clefable|88\/100|[from] Stealth Rock\n|\n|-heal|p2a: Clefable|94\/100|[from] item: Leftovers\n|upkeep\n|turn|3\n|\n|t:|1700390138\n|move|p2a: Clefable|Moonblast|p1a: Ting-Lu\n|-supereffective|p1a: Ting-Lu\n|-damage|p1a: Ting-Lu|75\/100\n|move|p1a: Ting-Lu|Ruination|p2a: Clefable|[miss]\n|-miss|p1a: Ting-Lu|p2a: Clefable\n|\n|-heal|p2a: Clefable|99\/100|[from] item: Leftovers\n|-heal|p1a: Ting-Lu|81\/100|[from] item: Leftovers\n|upkeep\n|turn|4\n|\n|t:|1700390146\n|move|p2a: Clefable|Moonblast|p1a: Ting-Lu\n|-supereffective|p1a: Ting-Lu\n|-damage|p1a: Ting-Lu|55\/100\n|move|p1a: Ting-Lu|Whirlwind|p2a: Clefable\n|drag|p2a: Gholdengo|Gholdengo|100\/100\n|-damage|p2a: Gholdengo|94\/100|[from] Stealth Rock\n|-item|p2a: Gholdengo|Air Balloon\n|\n|-heal|p1a: Ting-Lu|62\/100|[from] item: Leftovers\n|upkeep\n|turn|5\n|\n|t:|1700390157\n|switch|p2a: Clefable|Clefable, M|99\/100\n|-damage|p2a: Clefable|88\/100|[from] Stealth Rock\n|move|p1a: Ting-Lu|Ruination|p2a: Clefable|[miss]\n|-miss|p1a: Ting-Lu|p2a: Clefable\n|\n|-heal|p2a: Clefable|94\/100|[from] item: Leftovers\n|-heal|p1a: Ting-Lu|68\/100|[from] item: Leftovers\n|upkeep\n|turn|6\n|\n|t:|1700390164\n|move|p2a: Clefable|Moonblast|p1a: Ting-Lu\n|-supereffective|p1a: Ting-Lu\n|-damage|p1a: Ting-Lu|41\/100\n|-unboost|p1a: Ting-Lu|spa|1\n|move|p1a: Ting-Lu|Ruination|p2a: Clefable\n|-damage|p2a: Clefable|47\/100\n|\n|-heal|p2a: Clefable|53\/100|[from] item: Leftovers\n|-heal|p1a: Ting-Lu|47\/100|[from] item: Leftovers\n|upkeep\n|turn|7\n|c|\u2606nulthur|ils sont bourr\u00e9s les pok\u00e9\n|\n|t:|1700390171\n|move|p2a: Clefable|Moonblast|p1a: Ting-Lu\n|-supereffective|p1a: Ting-Lu\n|-damage|p1a: Ting-Lu|21\/100\n|move|p1a: Ting-Lu|Whirlwind|p2a: Clefable\n|drag|p2a: Manaphy|Manaphy|100\/100\n|-damage|p2a: Manaphy|88\/100|[from] Stealth Rock\n|\n|-heal|p2a: Manaphy|94\/100|[from] item: Leftovers\n|-heal|p1a: Ting-Lu|27\/100|[from] item: Leftovers\n|upkeep\n|turn|8\n|\n|t:|1700390193\n|switch|p1a: Samurott|Samurott-Hisui, F|100\/100\n|move|p2a: Manaphy|Surf|p1a: Samurott\n|-resisted|p1a: Samurott\n|-damage|p1a: Samurott|74\/100\n|\n|-heal|p2a: Manaphy|100\/100|[from] item: Leftovers\n|upkeep\n|turn|9\n|\n|t:|1700390200\n|move|p2a: Manaphy|Energy Ball|p1a: Samurott\n|-supereffective|p1a: Samurott\n|-damage|p1a: Samurott|7\/100\n|move|p1a: Samurott|Ceaseless Edge|p2a: Manaphy\n|-damage|p2a: Manaphy|56\/100\n|-sidestart|p2: nulthur|Spikes\n|\n|-heal|p2a: Manaphy|62\/100|[from] item: Leftovers\n|upkeep\n|turn|10\n|\n|t:|1700390206\n|move|p2a: Manaphy|Surf|p1a: Samurott\n|-resisted|p1a: Samurott\n|-damage|p1a: Samurott|0 fnt\n|faint|p1a: Samurott\n|\n|-heal|p2a: Manaphy|68\/100|[from] item: Leftovers\n|upkeep\n|\n|t:|1700390227\n|switch|p1a: Sneasler|Sneasler, F|100\/100\n|turn|11\n|\n|t:|1700390238\n|move|p1a: Sneasler|Fake Out|p2a: Manaphy\n|-damage|p2a: Manaphy|54\/100\n|cant|p2a: Manaphy|flinch\n|\n|-heal|p2a: Manaphy|60\/100|[from] item: Leftovers\n|upkeep\n|turn|12\n|\n|t:|1700390253\n|switch|p2a: Ribombee|Ribombee, M|100\/100\n|-damage|p2a: Ribombee|76\/100|[from] Stealth Rock\n|-damage|p2a: Ribombee|63\/100|[from] Spikes\n|move|p1a: Sneasler|Close Combat|p2a: Ribombee\n|-resisted|p2a: Ribombee\n|-damage|p2a: Ribombee|31\/100\n|-unboost|p1a: Sneasler|def|1\n|-unboost|p1a: Sneasler|spd|1\n|\n|upkeep\n|turn|13\n|\n|t:|1700390262\n|switch|p1a: Zapdos|Zapdos|100\/100\n|move|p2a: Ribombee|Psychic|p1a: Zapdos\n|-damage|p1a: Zapdos|76\/100\n|-unboost|p1a: Zapdos|spd|1\n|\n|upkeep\n|turn|14\n|\n|t:|1700390266\n|move|p2a: Ribombee|Moonblast|p1a: Zapdos\n|-damage|p1a: Zapdos|14\/100\n|-unboost|p1a: Zapdos|spa|1\n|move|p1a: Zapdos|Roost|p1a: Zapdos\n|-heal|p1a: Zapdos|64\/100\n|-singleturn|p1a: Zapdos|move: Roost\n|\n|upkeep\n|turn|15\n|\n|t:|1700390275\n|switch|p1a: Ting-Lu|Ting-Lu|27\/100\n|-activate|p1a: Ting-Lu|move: Sticky Web\n|-unboost|p1a: Ting-Lu|spe|1\n|-ability|p1a: Ting-Lu|Vessel of Ruin\n|move|p2a: Ribombee|Moonblast|p1a: Ting-Lu\n|-supereffective|p1a: Ting-Lu\n|-damage|p1a: Ting-Lu|0 fnt\n|faint|p1a: Ting-Lu\n|\n|upkeep\n|c|\u2606nulthur|ribombee boulot\n|\n|t:|1700390294\n|switch|p1a: Zapdos|Zapdos|64\/100\n|turn|16\n|\n|t:|1700390314\n|move|p2a: Ribombee|Moonblast|p1a: Zapdos\n|-damage|p1a: Zapdos|23\/100\n|move|p1a: Zapdos|Roost|p1a: Zapdos\n|-heal|p1a: Zapdos|73\/100\n|-singleturn|p1a: Zapdos|move: Roost\n|\n|upkeep\n|turn|17\n|\n|t:|1700390318\n|move|p2a: Ribombee|Moonblast|p1a: Zapdos\n|-damage|p1a: Zapdos|33\/100\n|-unboost|p1a: Zapdos|spa|1\n|move|p1a: Zapdos|Roost|p1a: Zapdos\n|-heal|p1a: Zapdos|83\/100\n|-singleturn|p1a: Zapdos|move: Roost\n|\n|upkeep\n|turn|18\n|\n|t:|1700390321\n|move|p2a: Ribombee|Moonblast|p1a: Zapdos\n|-damage|p1a: Zapdos|42\/100\n|-unboost|p1a: Zapdos|spa|1\n|move|p1a: Zapdos|Roost|p1a: Zapdos\n|-heal|p1a: Zapdos|92\/100\n|-singleturn|p1a: Zapdos|move: Roost\n|\n|upkeep\n|turn|19\n|\n|t:|1700390324\n|move|p2a: Ribombee|Moonblast|p1a: Zapdos\n|-damage|p1a: Zapdos|55\/100\n|-unboost|p1a: Zapdos|spa|1\n|move|p1a: Zapdos|Roost|p1a: Zapdos\n|-heal|p1a: Zapdos|100\/100\n|-singleturn|p1a: Zapdos|move: Roost\n|\n|upkeep\n|turn|20\n|\n|t:|1700390329\n|move|p2a: Ribombee|Moonblast|p1a: Zapdos\n|-damage|p1a: Zapdos|64\/100\n|move|p1a: Zapdos|U-turn|p2a: Ribombee\n|-resisted|p2a: Ribombee\n|-damage|p2a: Ribombee|18\/100\n|\n|t:|1700390332\n|switch|p1a: Sneasler|Sneasler, F|100\/100|[from] U-turn\n|\n|upkeep\n|turn|21\n|\n|t:|1700390335\n|move|p1a: Sneasler|Fake Out|p2a: Ribombee\n|-damage|p2a: Ribombee|0 fnt\n|faint|p2a: Ribombee\n|\n|upkeep\n|\n|t:|1700390338\n|switch|p2a: Gholdengo|Gholdengo|94\/100\n|-damage|p2a: Gholdengo|88\/100|[from] Stealth Rock\n|-item|p2a: Gholdengo|Air Balloon\n|turn|22\n|\n|t:|1700390349\n|move|p1a: Sneasler|U-turn|p2a: Gholdengo\n|-resisted|p2a: Gholdengo\n|-damage|p2a: Gholdengo|82\/100\n|-enditem|p2a: Gholdengo|Air Balloon\n|\n|t:|1700390351\n|switch|p1a: Zapdos|Zapdos|64\/100|[from] U-turn\n|move|p2a: Gholdengo|Shadow Ball|p1a: Zapdos\n|-damage|p1a: Zapdos|21\/100\n|\n|upkeep\n|turn|23\n|\n|t:|1700390356\n|move|p2a: Gholdengo|Shadow Ball|p1a: Zapdos\n|-damage|p1a: Zapdos|0 fnt\n|faint|p1a: Zapdos\n|\n|upkeep\n|\n|t:|1700390367\n|switch|p1a: Zamazenta|Zamazenta|100\/100\n|-ability|p1a: Zamazenta|Dauntless Shield|boost\n|-boost|p1a: Zamazenta|def|1\n|turn|24\n|inactive|nulthur has 270 seconds left.\n|\n|t:|1700390406\n|switch|p2a: Hydreigon|Hydreigon, F|100\/100\n|-damage|p2a: Hydreigon|88\/100|[from] Stealth Rock\n|move|p1a: Zamazenta|Crunch|p2a: Hydreigon\n|-resisted|p2a: Hydreigon\n|-damage|p2a: Hydreigon|72\/100\n|\n|-heal|p2a: Hydreigon|79\/100|[from] item: Leftovers\n|upkeep\n|turn|25\n|inactive|nulthur has 270 seconds left.\n|\n|t:|1700390412\n|move|p1a: Zamazenta|Close Combat|p2a: Hydreigon\n|-supereffective|p2a: Hydreigon\n|-damage|p2a: Hydreigon|0 fnt\n|-unboost|p1a: Zamazenta|def|1\n|-unboost|p1a: Zamazenta|spd|1\n|faint|p2a: Hydreigon\n|\n|upkeep\n|inactive|nulthur has 270 seconds left.\n|c|+Inder|Tuthur prime electrical \n|inactive|nulthur has 240 seconds left.\n|inactive|nulthur has 210 seconds left.\n|\n|t:|1700390487\n|switch|p2a: Gholdengo|Gholdengo|82\/100\n|-damage|p2a: Gholdengo|76\/100|[from] Stealth Rock\n|-damage|p2a: Gholdengo|63\/100|[from] Spikes\n|turn|26\n|inactive|nulthur has 210 seconds left.\n|inactive|Exiline has 270 seconds left.\n|\n|t:|1700390545\n|move|p1a: Zamazenta|Crunch|p2a: Gholdengo\n|-supereffective|p2a: Gholdengo\n|-damage|p2a: Gholdengo|1\/100\n|move|p2a: Gholdengo|Shadow Ball|p1a: Zamazenta\n|-damage|p1a: Zamazenta|40\/100\n|\n|upkeep\n|turn|27\n|inactive|nulthur has 210 seconds left.\n|\n|t:|1700390552\n|move|p1a: Zamazenta|Crunch|p2a: Gholdengo\n|-supereffective|p2a: Gholdengo\n|-damage|p2a: Gholdengo|0 fnt\n|faint|p2a: Gholdengo\n|\n|upkeep\n|\n|t:|1700390555\n|switch|p2a: Iron Moth|Iron Moth|100\/100\n|-damage|p2a: Iron Moth|76\/100|[from] Stealth Rock\n|-damage|p2a: Iron Moth|63\/100|[from] Spikes\n|-enditem|p2a: Iron Moth|Booster Energy\n|-activate|p2a: Iron Moth|ability: Quark Drive|[fromitem]\n|-start|p2a: Iron Moth|quarkdrivespa\n|turn|28\n|\n|t:|1700390559\n|move|p1a: Zamazenta|Stone Edge|p2a: Iron Moth|[miss]\n|-miss|p1a: Zamazenta|p2a: Iron Moth\n|move|p2a: Iron Moth|Fiery Dance|p1a: Zamazenta\n|-damage|p1a: Zamazenta|0 fnt\n|-boost|p2a: Iron Moth|spa|1\n|faint|p1a: Zamazenta\n|\n|upkeep\n|\n|t:|1700390563\n|switch|p1a: Sneasler|Sneasler, F|100\/100\n|turn|29\n|c|+Inder|VOILAAAA\n|c|+Akalli|Lucktard\n|c|+Akalli|de bais\u00e9\n|\n|t:|1700390572\n|move|p1a: Sneasler|Fake Out|p2a: Iron Moth\n|-damage|p2a: Iron Moth|41\/100\n|cant|p2a: Iron Moth|flinch\n|\n|upkeep\n|turn|30\n|inactive|nulthur has 240 seconds left.\n|c|+Inder|Il a tout appris de mimilimi \n|inactive|Exiline has 270 seconds left.\n|\n|t:|1700390596\n|move|p1a: Sneasler|Close Combat|p2a: Iron Moth\n|-resisted|p2a: Iron Moth\n|-damage|p2a: Iron Moth|0 fnt\n|-unboost|p1a: Sneasler|def|1\n|-unboost|p1a: Sneasler|spd|1\n|faint|p2a: Iron Moth\n|-end|p2a: Iron Moth|Quark Drive|[silent]\n|\n|upkeep\n|\n|t:|1700390600\n|switch|p2a: Clefable|Clefable, M|53\/100\n|-damage|p2a: Clefable|41\/100|[from] Stealth Rock\n|-damage|p2a: Clefable|28\/100|[from] Spikes\n|turn|31\n|c|+Abbehzt|Pk iron moth spa\n|\n|t:|1700390613\n|-terastallize|p1a: Sneasler|Fighting\n|-terastallize|p2a: Clefable|Poison\n|move|p1a: Sneasler|Close Combat|p2a: Clefable\n|-resisted|p2a: Clefable\n|-damage|p2a: Clefable|0 fnt\n|-unboost|p1a: Sneasler|def|1\n|-unboost|p1a: Sneasler|spd|1\n|faint|p2a: Clefable\n|\n|upkeep\n|c|+Akalli|Webs\n|c|+Welli0u|webs\n|\n|t:|1700390617\n|switch|p2a: Manaphy|Manaphy|60\/100\n|-damage|p2a: Manaphy|48\/100|[from] Stealth Rock\n|-damage|p2a: Manaphy|36\/100|[from] Spikes\n|turn|32\n|c|+Akalli|HAHAHA\n|c|\u2606nulthur|gg\n|c|\u2606Exiline|g_g\n|c|+Inder|pop simoke \n|c|+Akalli|HAHAHAHAHA\n|\n|t:|1700390624\n|move|p1a: Sneasler|Close Combat|p2a: Manaphy\n|-damage|p2a: Manaphy|0 fnt\n|-unboost|p1a: Sneasler|def|1\n|-unboost|p1a: Sneasler|spd|1\n|faint|p2a: Manaphy\n|\n|win|Exiline\n|c|+Akalli|SIUUUUU\n","uploadtime":1700390625,"views":111,"p1id":"exiline","p2id":"nulthur","formatid":"gen9ou","rating":0,"private":0,"password":""}