{"id":"smogtours-gen9ou-732297","p1":"PIHI","p2":"Aranacana","format":"[Gen 9] OU","log":"|inactive|Battle timer is ON: inactive players will automatically lose when time's up.\n|t:|1700903138\n|gametype|singles\n|player|p1|PIHI|#splxiwolfpack|\n|player|p2|Aranacana|#scl3foxes2|\n|teamsize|p1|6\n|teamsize|p2|6\n|gen|9\n|tier|[Gen 9] OU\n|rule|Sleep Clause Mod: Limit one foe put to sleep\n|rule|Species Clause: Limit one of each Pok\u00e9mon\n|rule|OHKO Clause: OHKO moves are banned\n|rule|Evasion Items Clause: Evasion items are banned\n|rule|Evasion Moves Clause: Evasion moves are banned\n|rule|Endless Battle Clause: Forcing endless battles is banned\n|rule|HP Percentage Mod: HP is shown in percentages\n|clearpoke\n|poke|p1|Iron Valiant|\n|poke|p1|Rillaboom, M|\n|poke|p1|Cinderace, F|\n|poke|p1|Ursaluna, F|\n|poke|p1|Hawlucha, F|\n|poke|p1|Heatran, M|\n|poke|p2|Rillaboom, F|\n|poke|p2|Moltres|\n|poke|p2|Samurott-Hisui, F|\n|poke|p2|Great Tusk|\n|poke|p2|Garganacl, F|\n|poke|p2|Dragapult, F|\n|teampreview\n|c|\u2606PIHI|hf\n|c|\u2606Aranacana|u2\n|inactive|Aranacana has 270 seconds left.\n|inactive|Aranacana has 240 seconds left.\n|inactive|Aranacana has 210 seconds left.\n|\n|t:|1700903232\n|start\n|switch|p1a: Rillaboom|Rillaboom, M|100\/100\n|switch|p2a: Dragapult|Dragapult, F|100\/100\n|-fieldstart|move: Grassy Terrain|[from] ability: Grassy Surge|[of] p1a: Rillaboom\n|turn|1\n|inactive|Aranacana has 270 seconds left.\n|inactive|Aranacana has 240 seconds left.\n|\n|t:|1700903285\n|move|p2a: Dragapult|Thunder Wave|p1a: Rillaboom\n|-status|p1a: Rillaboom|par\n|move|p1a: Rillaboom|U-turn|p2a: Dragapult\n|-resisted|p2a: Dragapult\n|-damage|p2a: Dragapult|86\/100\n|\n|t:|1700903296\n|switch|p1a: Ursaluna|Ursaluna, F|100\/100|[from] U-turn\n|\n|-heal|p2a: Dragapult|92\/100|[from] Grassy Terrain\n|-status|p1a: Ursaluna|brn|[from] item: Flame Orb\n|upkeep\n|turn|2\n|inactive|Aranacana has 240 seconds left.\n|inactive|Aranacana has 210 seconds left.\n|\n|t:|1700903335\n|switch|p1a: Rillaboom|Rillaboom, M|100\/100 par\n|move|p2a: Dragapult|Draco Meteor|p1a: Rillaboom\n|-damage|p1a: Rillaboom|51\/100 par\n|-unboost|p2a: Dragapult|spa|2\n|\n|-heal|p2a: Dragapult|98\/100|[from] Grassy Terrain\n|-heal|p1a: Rillaboom|57\/100 par|[from] Grassy Terrain\n|upkeep\n|turn|3\n|inactive|Aranacana has 210 seconds left.\n|inactive|Aranacana has 180 seconds left.\n|\n|t:|1700903383\n|switch|p2a: Rillaboom|Rillaboom, F|100\/100\n|move|p1a: Rillaboom|U-turn|p2a: Rillaboom\n|-supereffective|p2a: Rillaboom\n|-damage|p2a: Rillaboom|49\/100\n|\n|t:|1700903394\n|switch|p1a: Cinderace|Cinderace, F|100\/100|[from] U-turn\n|\n|-heal|p2a: Rillaboom|55\/100|[from] Grassy Terrain\n|upkeep\n|turn|4\n|inactive|Aranacana has 180 seconds left.\n|\n|t:|1700903409\n|switch|p2a: Garganacl|Garganacl, F|100\/100\n|move|p1a: Cinderace|U-turn|p2a: Garganacl\n|-damage|p2a: Garganacl|86\/100\n|\n|t:|1700903412\n|switch|p1a: Ursaluna|Ursaluna, F|100\/100 brn|[from] U-turn\n|\n|-heal|p2a: Garganacl|93\/100|[from] Grassy Terrain\n|-heal|p2a: Garganacl|99\/100|[from] item: Leftovers\n|-damage|p1a: Ursaluna|94\/100 brn|[from] brn\n|upkeep\n|turn|5\n|inactive|Aranacana has 180 seconds left.\n|inactive|Aranacana has 150 seconds left.\n|inactive|Aranacana has 120 seconds left.\n|\n|t:|1700903490\n|switch|p2a: Moltres|Moltres|100\/100\n|move|p1a: Ursaluna|Facade|p2a: Moltres\n|-damage|p2a: Moltres|0 fnt\n|faint|p2a: Moltres\n|\n|-heal|p1a: Ursaluna|100\/100 brn|[from] Grassy Terrain\n|-damage|p1a: Ursaluna|94\/100 brn|[from] brn\n|upkeep\n|\n|t:|1700903504\n|switch|p2a: Rillaboom|Rillaboom, F|55\/100\n|turn|6\n|\n|t:|1700903509\n|switch|p1a: Cinderace|Cinderace, F|100\/100\n|move|p2a: Rillaboom|U-turn|p1a: Cinderace\n|-resisted|p1a: Cinderace\n|-damage|p1a: Cinderace|71\/100\n|\n|t:|1700903519\n|switch|p2a: Dragapult|Dragapult, F|98\/100|[from] U-turn\n|\n|-heal|p2a: Dragapult|100\/100|[from] Grassy Terrain\n|-heal|p1a: Cinderace|77\/100|[from] Grassy Terrain\n|upkeep\n|turn|7\n|inactive|Aranacana has 120 seconds left.\n|\n|t:|1700903546\n|switch|p1a: Rillaboom|Rillaboom, M|57\/100 par\n|move|p2a: Dragapult|Draco Meteor|p1a: Rillaboom\n|-damage|p1a: Rillaboom|1\/100 par\n|-unboost|p2a: Dragapult|spa|2\n|\n|-heal|p1a: Rillaboom|7\/100 par|[from] Grassy Terrain\n|upkeep\n|turn|8\n|\n|t:|1700903557\n|switch|p1a: Ursaluna|Ursaluna, F|94\/100 brn\n|move|p2a: Dragapult|Hex|p1a: Ursaluna\n|-immune|p1a: Ursaluna\n|\n|-heal|p1a: Ursaluna|100\/100 brn|[from] Grassy Terrain\n|-damage|p1a: Ursaluna|94\/100 brn|[from] brn\n|-fieldend|move: Grassy Terrain\n|upkeep\n|turn|9\n|inactive|Aranacana has 90 seconds left.\n|\n|t:|1700903579\n|move|p2a: Dragapult|Draco Meteor|p1a: Ursaluna\n|-damage|p1a: Ursaluna|71\/100 brn\n|-unboost|p2a: Dragapult|spa|2\n|move|p1a: Ursaluna|Ice Punch|p2a: Dragapult\n|-supereffective|p2a: Dragapult\n|-damage|p2a: Dragapult|0 fnt\n|faint|p2a: Dragapult\n|\n|-damage|p1a: Ursaluna|65\/100 brn|[from] brn\n|upkeep\n|inactive|Aranacana has 90 seconds left.\n|\n|t:|1700903614\n|switch|p2a: Rillaboom|Rillaboom, F|55\/100\n|-fieldstart|move: Grassy Terrain|[from] ability: Grassy Surge|[of] p2a: Rillaboom\n|turn|10\n|inactive|Aranacana has 60 seconds left.\n|\n|t:|1700903642\n|move|p2a: Rillaboom|U-turn|p1a: Ursaluna\n|-damage|p1a: Ursaluna|37\/100 brn\n|\n|t:|1700903662\n|switch|p2a: Great Tusk|Great Tusk|100\/100|[from] U-turn\n|move|p1a: Ursaluna|Facade|p2a: Great Tusk\n|-damage|p2a: Great Tusk|22\/100\n|\n|-heal|p2a: Great Tusk|28\/100|[from] Grassy Terrain\n|-heal|p2a: Great Tusk|34\/100|[from] item: Leftovers\n|-heal|p1a: Ursaluna|43\/100 brn|[from] Grassy Terrain\n|-damage|p1a: Ursaluna|37\/100 brn|[from] brn\n|upkeep\n|turn|11\n|inactive|Aranacana has 30 seconds left.\n|inactive|Aranacana has 20 seconds left.\n|\n|t:|1700903692\n|move|p2a: Great Tusk|Stealth Rock|p1a: Ursaluna\n|-sidestart|p1: PIHI|move: Stealth Rock\n|move|p1a: Ursaluna|Facade|p2a: Great Tusk\n|-damage|p2a: Great Tusk|0 fnt\n|faint|p2a: Great Tusk\n|-end|p2a: Great Tusk|Protosynthesis|[silent]\n|\n|-heal|p1a: Ursaluna|43\/100 brn|[from] Grassy Terrain\n|-damage|p1a: Ursaluna|37\/100 brn|[from] brn\n|upkeep\n|inactive|Aranacana has 25 seconds left this turn.\n|inactive|Aranacana has 20 seconds left.\n|inactive|Aranacana has 15 seconds left.\n|inactive|Aranacana has 10 seconds left.\n|\n|t:|1700903707\n|switch|p2a: Rillaboom|Rillaboom, F|55\/100\n|turn|12\n|inactive|Aranacana has 20 seconds left this turn.\n|\n|t:|1700903711\n|switch|p1a: Heatran|Heatran, M|100\/100\n|-damage|p1a: Heatran|88\/100|[from] Stealth Rock\n|-item|p1a: Heatran|Air Balloon\n|move|p2a: Rillaboom|Grassy Glide|p1a: Heatran\n|-resisted|p1a: Heatran\n|-damage|p1a: Heatran|74\/100\n|-enditem|p1a: Heatran|Air Balloon\n|\n|-heal|p1a: Heatran|80\/100|[from] Grassy Terrain\n|-heal|p2a: Rillaboom|61\/100|[from] Grassy Terrain\n|upkeep\n|turn|13\n|inactive|Aranacana has 30 seconds left this turn.\n|\n|t:|1700903715\n|switch|p2a: Samurott|Samurott-Hisui, F|100\/100\n|move|p1a: Heatran|Magma Storm|p2a: Samurott\n|-resisted|p2a: Samurott\n|-damage|p2a: Samurott|63\/100\n|-activate|p2a: Samurott|move: Magma Storm|[of] p1a: Heatran\n|\n|-heal|p2a: Samurott|69\/100|[from] Grassy Terrain\n|-heal|p1a: Heatran|86\/100|[from] Grassy Terrain\n|-damage|p2a: Samurott|57\/100|[from] move: Magma Storm|[partiallytrapped]\n|upkeep\n|turn|14\n|\n|t:|1700903738\n|move|p2a: Samurott|Aqua Cutter|p1a: Heatran\n|-supereffective|p1a: Heatran\n|-crit|p1a: Heatran\n|-damage|p1a: Heatran|0 fnt\n|faint|p1a: Heatran\n|\n|-heal|p2a: Samurott|63\/100|[from] Grassy Terrain\n|-end|p2a: Samurott|Magma Storm|[partiallytrapped]|[silent]\n|-fieldend|move: Grassy Terrain\n|upkeep\n|inactive|PIHI has 270 seconds left.\n|\n|t:|1700903754\n|switch|p1a: Iron Valiant|Iron Valiant|100\/100\n|-damage|p1a: Iron Valiant|94\/100|[from] Stealth Rock\n|-enditem|p1a: Iron Valiant|Booster Energy\n|-activate|p1a: Iron Valiant|ability: Quark Drive|[fromitem]\n|-start|p1a: Iron Valiant|quarkdrivespe\n|turn|15\n|inactive|Aranacana has 30 seconds left.\n|\n|t:|1700903779\n|move|p1a: Iron Valiant|Swords Dance|p1a: Iron Valiant\n|-boost|p1a: Iron Valiant|atk|2\n|move|p2a: Samurott|Encore|p1a: Iron Valiant\n|-start|p1a: Iron Valiant|Encore\n|\n|upkeep\n|turn|16\n|inactive|Aranacana has 30 seconds left.\n|inactive|PIHI has 270 seconds left.\n|inactive|Aranacana has 20 seconds left.\n|inactive|Aranacana has 15 seconds left.\n|inactive|Aranacana has 10 seconds left.\n|\n|t:|1700903810\n|-end|p1a: Iron Valiant|Quark Drive|[silent]\n|switch|p1a: Ursaluna|Ursaluna, F|37\/100 brn\n|-damage|p1a: Ursaluna|31\/100 brn|[from] Stealth Rock\n|move|p2a: Samurott|Aqua Cutter|p1a: Ursaluna\n|-supereffective|p1a: Ursaluna\n|-damage|p1a: Ursaluna|0 fnt\n|faint|p1a: Ursaluna\n|\n|upkeep\n|inactive|Aranacana has 15 seconds left this turn.\n|\n|t:|1700903814\n|switch|p1a: Iron Valiant|Iron Valiant|94\/100\n|-damage|p1a: Iron Valiant|88\/100|[from] Stealth Rock\n|turn|17\n|inactive|Aranacana has 25 seconds left this turn.\n|inactive|Aranacana has 20 seconds left.\n|inactive|Aranacana has 15 seconds left.\n|\n|t:|1700903825\n|move|p1a: Iron Valiant|Close Combat|p2a: Samurott\n|-supereffective|p2a: Samurott\n|-damage|p2a: Samurott|0 fnt\n|-unboost|p1a: Iron Valiant|def|1\n|-unboost|p1a: Iron Valiant|spd|1\n|faint|p2a: Samurott\n|\n|upkeep\n|inactive|Aranacana has 20 seconds left this turn.\n|\n|t:|1700903829\n|switch|p2a: Garganacl|Garganacl, F|99\/100\n|turn|18\n|inactive|Aranacana has 30 seconds left this turn.\n|inactive|Aranacana has 20 seconds left.\n|\n|t:|1700903841\n|-terastallize|p2a: Garganacl|Fairy\n|move|p1a: Iron Valiant|Close Combat|p2a: Garganacl\n|-resisted|p2a: Garganacl\n|-damage|p2a: Garganacl|79\/100\n|-unboost|p1a: Iron Valiant|def|1\n|-unboost|p1a: Iron Valiant|spd|1\n|move|p2a: Garganacl|Curse|p2a: Garganacl\n|-unboost|p2a: Garganacl|spe|1\n|-boost|p2a: Garganacl|atk|1\n|-boost|p2a: Garganacl|def|1\n|\n|-heal|p2a: Garganacl|86\/100|[from] item: Leftovers\n|upkeep\n|turn|19\n|inactive|Aranacana has 30 seconds left this turn.\n|\n|t:|1700903858\n|-end|p1a: Iron Valiant|Quark Drive|[silent]\n|switch|p1a: Rillaboom|Rillaboom, M|7\/100 par\n|-damage|p1a: Rillaboom|0 fnt|[from] Stealth Rock\n|faint|p1a: Rillaboom\n|move|p2a: Garganacl|Earthquake|p1: Rillaboom|[notarget]\n|-fail|p2a: Garganacl\n|\n|-heal|p2a: Garganacl|92\/100|[from] item: Leftovers\n|upkeep\n|inactive|Aranacana has 30 seconds left this turn.\n|\n|t:|1700903869\n|switch|p1a: Cinderace|Cinderace, F|77\/100\n|turn|20\n|inactive|Aranacana has 30 seconds left.\n|\n|t:|1700903882\n|move|p1a: Cinderace|Pyro Ball|p2a: Garganacl\n|-damage|p2a: Garganacl|63\/100\n|move|p2a: Garganacl|Salt Cure|p1a: Cinderace\n|-supereffective|p1a: Cinderace\n|-damage|p1a: Cinderace|16\/100\n|-start|p1a: Cinderace|Salt Cure\n|\n|-heal|p2a: Garganacl|70\/100|[from] item: Leftovers\n|-damage|p1a: Cinderace|4\/100|[from] Salt Cure\n|upkeep\n|turn|21\n|inactive|Aranacana has 30 seconds left.\n|inactive|Aranacana has 20 seconds left.\n|\n|t:|1700903904\n|move|p1a: Cinderace|U-turn|p2a: Garganacl\n|-resisted|p2a: Garganacl\n|-damage|p2a: Garganacl|64\/100\n|inactive|Aranacana has 25 seconds left this turn.\n|\n|t:|1700903906\n|switch|p1a: Hawlucha|Hawlucha, F|100\/100|[from] U-turn\n|-damage|p1a: Hawlucha|88\/100|[from] Stealth Rock\n|move|p2a: Garganacl|Recover|p2a: Garganacl\n|-heal|p2a: Garganacl|100\/100\n|\n|upkeep\n|turn|22\n|\n|t:|1700903910\n|move|p1a: Hawlucha|Encore|p2a: Garganacl\n|-start|p2a: Garganacl|Encore\n|move|p2a: Garganacl|Recover||[still]\n|-fail|p2a: Garganacl|heal\n|\n|upkeep\n|turn|23\n|\n|t:|1700903916\n|switch|p2a: Rillaboom|Rillaboom, F|61\/100\n|-fieldstart|move: Grassy Terrain|[from] ability: Grassy Surge|[of] p2a: Rillaboom\n|-enditem|p1a: Hawlucha|Grassy Seed\n|-boost|p1a: Hawlucha|def|1|[from] item: Grassy Seed\n|move|p1a: Hawlucha|Swords Dance|p1a: Hawlucha\n|-boost|p1a: Hawlucha|atk|2\n|\n|-heal|p2a: Rillaboom|67\/100|[from] Grassy Terrain\n|upkeep\n|turn|24\n|\n|t:|1700903932\n|move|p2a: Rillaboom|Grassy Glide|p1a: Hawlucha\n|-resisted|p1a: Hawlucha\n|-damage|p1a: Hawlucha|63\/100\n|move|p1a: Hawlucha|Swords Dance|p1a: Hawlucha\n|-boost|p1a: Hawlucha|atk|2\n|\n|-heal|p2a: Rillaboom|74\/100|[from] Grassy Terrain\n|upkeep\n|turn|25\n|\n|t:|1700903941\n|move|p2a: Rillaboom|Grassy Glide|p1a: Hawlucha\n|-resisted|p1a: Hawlucha\n|-damage|p1a: Hawlucha|36\/100\n|move|p1a: Hawlucha|Acrobatics|p2a: Rillaboom\n|-supereffective|p2a: Rillaboom\n|-damage|p2a: Rillaboom|0 fnt\n|faint|p2a: Rillaboom\n|\n|upkeep\n|\n|t:|1700903945\n|switch|p2a: Garganacl|Garganacl, F, tera:Fairy|100\/100\n|turn|26\n|\n|t:|1700903949\n|-terastallize|p1a: Hawlucha|Flying\n|move|p1a: Hawlucha|Acrobatics|p2a: Garganacl\n|-damage|p2a: Garganacl|0 fnt\n|faint|p2a: Garganacl\n|\n|win|PIHI\n|c|\u2606PIHI|gg\n|c|\u2606Aranacana|GG\n|player|p2|Aranacana|#scl3foxes2\n","uploadtime":1700903950,"views":211,"p1id":"pihi","p2id":"aranacana","formatid":"gen9ou","rating":0,"private":0,"password":""}