{"id":"smogtours-gen9ou-729989","p1":"VolcaCono","p2":"blundstar","format":"[Gen 9] OU","log":"|inactive|Battle timer is ON: inactive players will automatically lose when time's up.\n|t:|1699733328\n|gametype|singles\n|player|p1|VolcaCono|101|\n|player|p2|blundstar|2|\n|teamsize|p1|6\n|teamsize|p2|6\n|gen|9\n|tier|[Gen 9] OU\n|rule|Sleep Clause Mod: Limit one foe put to sleep\n|rule|Species Clause: Limit one of each Pok\u00e9mon\n|rule|OHKO Clause: OHKO moves are banned\n|rule|Evasion Items Clause: Evasion items are banned\n|rule|Evasion Moves Clause: Evasion moves are banned\n|rule|Endless Battle Clause: Forcing endless battles is banned\n|rule|HP Percentage Mod: HP is shown in percentages\n|clearpoke\n|poke|p1|Weavile, M|\n|poke|p1|Slowking-Galar, M|\n|poke|p1|Dragapult, M|\n|poke|p1|Corviknight, M|\n|poke|p1|Ogerpon-Wellspring, F|\n|poke|p1|Ting-Lu|\n|poke|p2|Clefable, F|\n|poke|p2|Gliscor, M|\n|poke|p2|Milotic, M|\n|poke|p2|Mandibuzz, F|\n|poke|p2|Skeledirge, M|\n|poke|p2|Dragapult, M|\n|teampreview\n|inactive|blundstar also wants the timer to be on.\n|inactive|VolcaCono has 270 seconds left.\n|inactive|blundstar has 270 seconds left.\n|inactive|blundstar has 240 seconds left.\n|\n|t:|1699733399\n|start\n|switch|p1a: Ogerpon|Ogerpon-Wellspring, F|100\/100\n|switch|p2a: Dragapult|Dragapult, M|100\/100\n|turn|1\n|\n|t:|1699733424\n|switch|p1a: Slowking|Slowking-Galar, M|100\/100\n|move|p2a: Dragapult|Will-O-Wisp|p1a: Slowking\n|-status|p1a: Slowking|brn\n|\n|-damage|p1a: Slowking|94\/100 brn|[from] brn\n|upkeep\n|turn|2\n|inactive|VolcaCono has 270 seconds left.\n|\n|t:|1699733444\n|move|p2a: Dragapult|U-turn|p1a: Slowking\n|-damage|p1a: Slowking|74\/100 brn\n|\n|t:|1699733455\n|switch|p2a: Milotic|Milotic, M, shiny|100\/100|[from] U-turn\n|move|p1a: Slowking|Sludge Bomb|p2a: Milotic\n|-damage|p2a: Milotic|79\/100\n|\n|-damage|p1a: Slowking|68\/100 brn|[from] brn\n|upkeep\n|turn|3\n|inactive|VolcaCono has 270 seconds left.\n|inactive|blundstar has 270 seconds left.\n|\n|t:|1699733500\n|switch|p2a: Gliscor|Gliscor, M, shiny|100\/100\n|switch|p1a: Ogerpon|Ogerpon-Wellspring, F|100\/100\n|\n|-status|p2a: Gliscor|tox|[from] item: Toxic Orb\n|upkeep\n|turn|4\n|inactive|VolcaCono has 270 seconds left.\n|\n|t:|1699733519\n|switch|p2a: Mandibuzz|Mandibuzz, F, shiny|100\/100\n|-terastallize|p1a: Ogerpon|Water\n|detailschange|p1a: Ogerpon|Ogerpon-Wellspring-Tera, F, tera:Water\n|-ability|p1a: Ogerpon|Embody Aspect (Wellspring)|boost\n|-boost|p1a: Ogerpon|spd|1\n|move|p1a: Ogerpon|Ivy Cudgel|p2a: Mandibuzz\n|-damage|p2a: Mandibuzz|53\/100\n|\n|upkeep\n|turn|5\n|inactive|VolcaCono has 270 seconds left.\n|inactive|blundstar has 240 seconds left.\n|inactive|blundstar has 210 seconds left.\n|\n|t:|1699733570\n|move|p1a: Ogerpon|Ivy Cudgel|p2a: Mandibuzz\n|-damage|p2a: Mandibuzz|11\/100\n|move|p2a: Mandibuzz|Foul Play|p1a: Ogerpon\n|-damage|p1a: Ogerpon|41\/100\n|\n|upkeep\n|turn|6\n|inactive|blundstar has 210 seconds left.\n|\n|t:|1699733580\n|move|p1a: Ogerpon|Knock Off|p2a: Mandibuzz\n|-resisted|p2a: Mandibuzz\n|-damage|p2a: Mandibuzz|0 fnt\n|-enditem|p2a: Mandibuzz|Heavy-Duty Boots|[from] move: Knock Off|[of] p1a: Ogerpon\n|faint|p2a: Mandibuzz\n|\n|upkeep\n|\n|t:|1699733583\n|switch|p2a: Dragapult|Dragapult, M|100\/100\n|turn|7\n|inactive|VolcaCono has 270 seconds left.\n|inactive|blundstar has 210 seconds left.\n|inactive|VolcaCono has 240 seconds left.\n|\n|t:|1699733626\n|switch|p1a: Slowking|Slowking-Galar, M|100\/100 brn\n|move|p2a: Dragapult|Dragon Darts|p1a: Slowking\n|-damage|p1a: Slowking|79\/100 brn\n|-anim|p2a: Dragapult|Dragon Darts|p1a: Slowking\n|-damage|p1a: Slowking|58\/100 brn\n|\n|-damage|p1a: Slowking|52\/100 brn|[from] brn\n|upkeep\n|turn|8\n|inactive|blundstar has 210 seconds left.\n|inactive|VolcaCono has 240 seconds left.\n|\n|t:|1699733645\n|move|p2a: Dragapult|U-turn|p1a: Slowking\n|-damage|p1a: Slowking|31\/100 brn\n|\n|t:|1699733647\n|switch|p2a: Clefable|Clefable, F|100\/100|[from] U-turn\n|move|p1a: Slowking|Ice Beam|p2a: Clefable\n|-damage|p2a: Clefable|77\/100\n|\n|-heal|p2a: Clefable|83\/100|[from] item: Leftovers\n|-damage|p1a: Slowking|25\/100 brn|[from] brn\n|upkeep\n|turn|9\n|inactive|blundstar has 210 seconds left.\n|inactive|VolcaCono has 240 seconds left.\n|\n|t:|1699733675\n|move|p2a: Clefable|Encore|p1a: Slowking\n|-start|p1a: Slowking|Encore\n|move|p1a: Slowking|Ice Beam|p2a: Clefable\n|-damage|p2a: Clefable|59\/100\n|\n|-heal|p2a: Clefable|65\/100|[from] item: Leftovers\n|-damage|p1a: Slowking|19\/100 brn|[from] brn\n|upkeep\n|turn|10\n|inactive|blundstar has 210 seconds left.\n|\n|t:|1699733685\n|switch|p1a: Corviknight|Corviknight, M|100\/100\n|-ability|p1a: Corviknight|Pressure\n|move|p2a: Clefable|Stealth Rock|p1a: Corviknight\n|-sidestart|p1: VolcaCono|move: Stealth Rock\n|\n|-heal|p2a: Clefable|71\/100|[from] item: Leftovers\n|upkeep\n|turn|11\n|inactive|blundstar has 210 seconds left.\n|\n|t:|1699733696\n|move|p1a: Corviknight|Defog|p2a: Clefable\n|-unboost|p2a: Clefable|evasion|1\n|-sideend|p1: VolcaCono|Stealth Rock|[from] move: Defog|[of] p1a: Corviknight\n|move|p2a: Clefable|Moonlight|p2a: Clefable\n|-heal|p2a: Clefable|100\/100\n|\n|upkeep\n|turn|12\n|\n|t:|1699733702\n|move|p1a: Corviknight|U-turn|p2a: Clefable\n|-resisted|p2a: Clefable\n|-damage|p2a: Clefable|95\/100\n|\n|t:|1699733708\n|switch|p1a: Slowking|Slowking-Galar, M|52\/100 brn|[from] U-turn\n|move|p2a: Clefable|Stealth Rock|p1a: Slowking\n|-sidestart|p1: VolcaCono|move: Stealth Rock\n|\n|-heal|p2a: Clefable|100\/100|[from] item: Leftovers\n|-damage|p1a: Slowking|46\/100 brn|[from] brn\n|upkeep\n|turn|13\n|inactive|VolcaCono has 240 seconds left.\n|inactive|blundstar has 210 seconds left.\n|\n|t:|1699733733\n|switch|p2a: Dragapult|Dragapult, M|100\/100\n|move|p1a: Slowking|Future Sight|p2a: Dragapult\n|-start|p1a: Slowking|move: Future Sight\n|\n|-damage|p1a: Slowking|40\/100 brn|[from] brn\n|upkeep\n|turn|14\n|\n|t:|1699733740\n|switch|p1a: Ting-Lu|Ting-Lu|100\/100\n|-damage|p1a: Ting-Lu|94\/100|[from] Stealth Rock\n|-ability|p1a: Ting-Lu|Vessel of Ruin\n|move|p2a: Dragapult|U-turn|p1a: Ting-Lu\n|-supereffective|p1a: Ting-Lu\n|-damage|p1a: Ting-Lu|73\/100\n|\n|t:|1699733750\n|switch|p2a: Gliscor|Gliscor, M, shiny|100\/100 tox|[from] U-turn\n|\n|-heal|p1a: Ting-Lu|79\/100|[from] item: Leftovers\n|upkeep\n|turn|15\n|\n|t:|1699733764\n|switch|p1a: Corviknight|Corviknight, M|100\/100\n|-ability|p1a: Corviknight|Pressure\n|move|p2a: Gliscor|Knock Off|p1a: Corviknight\n|-damage|p1a: Corviknight|87\/100\n|-enditem|p1a: Corviknight|Heavy-Duty Boots|[from] move: Knock Off|[of] p2a: Gliscor\n|\n|-end|p2a: Gliscor|move: Future Sight\n|-damage|p2a: Gliscor|59\/100 tox\n|-heal|p2a: Gliscor|72\/100 tox|[from] ability: Poison Heal\n|upkeep\n|turn|16\n|\n|t:|1699733776\n|move|p2a: Gliscor|Protect|p2a: Gliscor\n|-singleturn|p2a: Gliscor|Protect\n|move|p1a: Corviknight|Defog|p2a: Gliscor\n|-activate|p2a: Gliscor|move: Protect\n|\n|-heal|p2a: Gliscor|84\/100 tox|[from] ability: Poison Heal\n|upkeep\n|turn|17\n|\n|t:|1699733780\n|move|p2a: Gliscor|Swords Dance|p2a: Gliscor\n|-boost|p2a: Gliscor|atk|2\n|move|p1a: Corviknight|Defog|p2a: Gliscor\n|-unboost|p2a: Gliscor|evasion|1\n|-sideend|p1: VolcaCono|Stealth Rock|[from] move: Defog|[of] p1a: Corviknight\n|\n|-heal|p2a: Gliscor|97\/100 tox|[from] ability: Poison Heal\n|upkeep\n|turn|18\n|inactive|blundstar has 240 seconds left.\n|\n|t:|1699733791\n|move|p2a: Gliscor|Swords Dance|p2a: Gliscor\n|-boost|p2a: Gliscor|atk|2\n|move|p1a: Corviknight|U-turn|p2a: Gliscor\n|-resisted|p2a: Gliscor\n|-damage|p2a: Gliscor|91\/100 tox\n|inactive|VolcaCono has 270 seconds left.\n|\n|t:|1699733799\n|switch|p1a: Ogerpon|Ogerpon-Wellspring-Tera, F, tera:Water|41\/100|[from] U-turn\n|-ability|p1a: Ogerpon|Embody Aspect (Wellspring)|boost\n|-boost|p1a: Ogerpon|spd|1\n|\n|-heal|p2a: Gliscor|100\/100 tox|[from] ability: Poison Heal\n|upkeep\n|turn|19\n|inactive|blundstar has 240 seconds left.\n|\n|t:|1699733821\n|-terastallize|p2a: Gliscor|Normal\n|move|p1a: Ogerpon|Encore|p2a: Gliscor\n|-start|p2a: Gliscor|Encore\n|move|p2a: Gliscor|Swords Dance|p2a: Gliscor\n|-boost|p2a: Gliscor|atk|2\n|\n|upkeep\n|turn|20\n|inactive|blundstar has 240 seconds left.\n|inactive|blundstar has 210 seconds left.\n|\n|t:|1699733873\n|switch|p2a: Clefable|Clefable, F|100\/100\n|move|p1a: Ogerpon|Ivy Cudgel|p2a: Clefable\n|-damage|p2a: Clefable|42\/100\n|\n|-heal|p2a: Clefable|49\/100|[from] item: Leftovers\n|upkeep\n|turn|21\n|\n|t:|1699733881\n|switch|p2a: Dragapult|Dragapult, M|100\/100\n|move|p1a: Ogerpon|Ivy Cudgel|p2a: Dragapult\n|-resisted|p2a: Dragapult\n|-damage|p2a: Dragapult|38\/100\n|\n|upkeep\n|turn|22\n|\n|t:|1699733897\n|switch|p1a: Slowking|Slowking-Galar, M|73\/100 brn\n|move|p2a: Dragapult|U-turn|p1a: Slowking\n|-damage|p1a: Slowking|53\/100 brn\n|inactive|blundstar has 210 seconds left.\n|\n|t:|1699733907\n|switch|p2a: Gliscor|Gliscor, M, shiny, tera:Normal|100\/100 tox|[from] U-turn\n|\n|-damage|p1a: Slowking|47\/100 brn|[from] brn\n|upkeep\n|turn|23\n|\n|t:|1699733916\n|switch|p1a: Corviknight|Corviknight, M|87\/100\n|-ability|p1a: Corviknight|Pressure\n|move|p2a: Gliscor|Swords Dance|p2a: Gliscor\n|-boost|p2a: Gliscor|atk|2\n|\n|upkeep\n|turn|24\n|\n|t:|1699733937\n|move|p2a: Gliscor|Facade|p1a: Corviknight\n|-resisted|p1a: Corviknight\n|-damage|p1a: Corviknight|60\/100\n|move|p1a: Corviknight|U-turn|p2a: Gliscor\n|-damage|p2a: Gliscor|89\/100 tox\n|inactive|VolcaCono has 270 seconds left.\n|\n|t:|1699733960\n|switch|p1a: Dragapult|Dragapult, M|100\/100|[from] U-turn\n|\n|-heal|p2a: Gliscor|100\/100 tox|[from] ability: Poison Heal\n|upkeep\n|turn|25\n|\n|t:|1699733970\n|move|p1a: Dragapult|Draco Meteor|p2a: Gliscor|[miss]\n|-miss|p1a: Dragapult|p2a: Gliscor\n|move|p2a: Gliscor|Knock Off|p1a: Dragapult\n|-supereffective|p1a: Dragapult\n|-damage|p1a: Dragapult|0 fnt\n|-enditem|p1a: Dragapult|Choice Specs|[from] move: Knock Off|[of] p2a: Gliscor\n|faint|p1a: Dragapult\n|\n|upkeep\n|inactive|VolcaCono has 270 seconds left.\n|\n|t:|1699734002\n|switch|p1a: Weavile|Weavile, M|100\/100\n|-ability|p1a: Weavile|Pressure\n|turn|26\n|\n|t:|1699734007\n|move|p1a: Weavile|Icicle Crash|p2a: Gliscor\n|-damage|p2a: Gliscor|65\/100 tox\n|move|p2a: Gliscor|Facade|p1a: Weavile\n|-damage|p1a: Weavile|0 fnt\n|faint|p1a: Weavile\n|\n|-heal|p2a: Gliscor|78\/100 tox|[from] ability: Poison Heal\n|upkeep\n|inactive|VolcaCono has 240 seconds left.\n|\n|t:|1699734051\n|switch|p1a: Ting-Lu|Ting-Lu|79\/100\n|-ability|p1a: Ting-Lu|Vessel of Ruin\n|turn|27\n|\n|t:|1699734055\n|move|p2a: Gliscor|Facade|p1a: Ting-Lu\n|-damage|p1a: Ting-Lu|33\/100\n|move|p1a: Ting-Lu|Whirlwind|p2a: Gliscor\n|drag|p2a: Skeledirge|Skeledirge, M, shiny|100\/100\n|\n|-heal|p1a: Ting-Lu|39\/100|[from] item: Leftovers\n|upkeep\n|turn|28\n|\n|t:|1699734081\n|move|p2a: Skeledirge|Will-O-Wisp|p1a: Ting-Lu\n|-status|p1a: Ting-Lu|brn\n|move|p1a: Ting-Lu|Spikes|p2a: Skeledirge\n|-sidestart|p2: blundstar|Spikes\n|\n|-heal|p1a: Ting-Lu|45\/100 brn|[from] item: Leftovers\n|-damage|p1a: Ting-Lu|39\/100 brn|[from] brn\n|upkeep\n|turn|29\n|\n|t:|1699734091\n|switch|p2a: Clefable|Clefable, F|49\/100\n|move|p1a: Ting-Lu|Spikes|p2a: Clefable\n|-sidestart|p2: blundstar|Spikes\n|\n|-heal|p2a: Clefable|55\/100|[from] item: Leftovers\n|-heal|p1a: Ting-Lu|45\/100 brn|[from] item: Leftovers\n|-damage|p1a: Ting-Lu|39\/100 brn|[from] brn\n|upkeep\n|turn|30\n|\n|t:|1699734098\n|switch|p1a: Ogerpon|Ogerpon-Wellspring-Tera, F, tera:Water|41\/100\n|-ability|p1a: Ogerpon|Embody Aspect (Wellspring)|boost\n|-boost|p1a: Ogerpon|spd|1\n|move|p2a: Clefable|Stealth Rock|p1a: Ogerpon\n|-sidestart|p1: VolcaCono|move: Stealth Rock\n|\n|-heal|p2a: Clefable|61\/100|[from] item: Leftovers\n|upkeep\n|turn|31\n|\n|t:|1699734106\n|move|p1a: Ogerpon|Ivy Cudgel|p2a: Clefable\n|-damage|p2a: Clefable|0 fnt\n|faint|p2a: Clefable\n|\n|upkeep\n|\n|t:|1699734111\n|switch|p2a: Dragapult|Dragapult, M|38\/100\n|turn|32\n|inactive|VolcaCono has 240 seconds left.\n|\n|t:|1699734131\n|switch|p1a: Corviknight|Corviknight, M|60\/100\n|-damage|p1a: Corviknight|48\/100|[from] Stealth Rock\n|-ability|p1a: Corviknight|Pressure\n|move|p2a: Dragapult|Dragon Darts|p1a: Corviknight\n|-resisted|p1a: Corviknight\n|-damage|p1a: Corviknight|42\/100\n|-anim|p2a: Dragapult|Dragon Darts|p1a: Corviknight\n|-resisted|p1a: Corviknight\n|-damage|p1a: Corviknight|35\/100\n|\n|upkeep\n|turn|33\n|inactive|VolcaCono has 240 seconds left.\n|inactive|blundstar has 270 seconds left.\n|\n|t:|1699734150\n|move|p2a: Dragapult|Will-O-Wisp|p1a: Corviknight\n|-status|p1a: Corviknight|brn\n|move|p1a: Corviknight|Roost|p1a: Corviknight\n|-heal|p1a: Corviknight|85\/100 brn\n|-singleturn|p1a: Corviknight|move: Roost\n|\n|-damage|p1a: Corviknight|79\/100 brn|[from] brn\n|upkeep\n|turn|34\n|inactive|VolcaCono has 240 seconds left.\n|\n|t:|1699734168\n|move|p2a: Dragapult|Hex|p1a: Corviknight\n|-damage|p1a: Corviknight|24\/100 brn\n|move|p1a: Corviknight|U-turn|p2a: Dragapult\n|-resisted|p2a: Dragapult\n|-damage|p2a: Dragapult|32\/100\n|\n|t:|1699734172\n|switch|p1a: Slowking|Slowking-Galar, M|80\/100 brn|[from] U-turn\n|-damage|p1a: Slowking|68\/100 brn|[from] Stealth Rock\n|\n|-damage|p1a: Slowking|62\/100 brn|[from] brn\n|upkeep\n|turn|35\n|\n|t:|1699734176\n|move|p2a: Dragapult|U-turn|p1a: Slowking\n|-damage|p1a: Slowking|40\/100 brn\n|\n|t:|1699734178\n|switch|p2a: Gliscor|Gliscor, M, shiny, tera:Normal|78\/100 tox|[from] U-turn\n|-damage|p2a: Gliscor|61\/100 tox|[from] Spikes\n|move|p1a: Slowking|Ice Beam|p2a: Gliscor\n|-damage|p2a: Gliscor|40\/100 tox\n|\n|-heal|p2a: Gliscor|53\/100 tox|[from] ability: Poison Heal\n|-damage|p1a: Slowking|34\/100 brn|[from] brn\n|upkeep\n|turn|36\n|\n|t:|1699734192\n|switch|p1a: Ogerpon|Ogerpon-Wellspring-Tera, F, tera:Water|41\/100\n|-damage|p1a: Ogerpon|28\/100|[from] Stealth Rock\n|-ability|p1a: Ogerpon|Embody Aspect (Wellspring)|boost\n|-boost|p1a: Ogerpon|spd|1\n|move|p2a: Gliscor|Facade|p1a: Ogerpon\n|-damage|p1a: Ogerpon|0 fnt\n|faint|p1a: Ogerpon\n|\n|-heal|p2a: Gliscor|65\/100 tox|[from] ability: Poison Heal\n|upkeep\n|-message|VolcaCono forfeited.\n|\n|win|blundstar\n","uploadtime":1699734205,"views":233,"p1id":"volcacono","p2id":"blundstar","formatid":"gen9ou","rating":0,"private":0,"password":""}