{"id":"smogtours-gen9ou-730261","p1":"Pata & Foufa","p2":"2I9 + I23","format":"[Gen 9] OU","log":"|inactive|Battle timer is ON: inactive players will automatically lose when time's up.\n|t:|1699812660\n|gametype|singles\n|player|p1|Pata & Foufa|scientist-gen1rb|\n|player|p2|2I9 + I23|hilda-masters3|\n|teamsize|p1|6\n|teamsize|p2|6\n|gen|9\n|tier|[Gen 9] OU\n|rule|Sleep Clause Mod: Limit one foe put to sleep\n|rule|Species Clause: Limit one of each Pok\u00e9mon\n|rule|OHKO Clause: OHKO moves are banned\n|rule|Evasion Items Clause: Evasion items are banned\n|rule|Evasion Moves Clause: Evasion moves are banned\n|rule|Endless Battle Clause: Forcing endless battles is banned\n|rule|HP Percentage Mod: HP is shown in percentages\n|clearpoke\n|poke|p1|Kingambit, F|\n|poke|p1|Iron Valiant|\n|poke|p1|Ogerpon-Wellspring, F|\n|poke|p1|Dragapult, F|\n|poke|p1|Iron Moth|\n|poke|p1|Glimmora, M|\n|poke|p2|Walking Wake|\n|poke|p2|Slowking-Galar, F|\n|poke|p2|Ursaluna, M|\n|poke|p2|Iron Valiant|\n|poke|p2|Zapdos|\n|poke|p2|Cinderace, M|\n|teampreview\n|inactive|Pata & Foufa also wants the timer to be on.\n|c|\u2606Pata & Foufa|i link\n|c|\u2606Pata & Foufa|hf\n|inactive|Pata & Foufa has 270 seconds left.\n|inactive|Pata & Foufa has 240 seconds left.\n|\n|t:|1699812721\n|start\n|switch|p1a: Dragapult|Dragapult, F|100\/100\n|switch|p2a: Zapdos|Zapdos|100\/100\n|turn|1\n|inactive|Pata & Foufa has 270 seconds left.\n|\n|t:|1699812754\n|move|p1a: Dragapult|Draco Meteor|p2a: Zapdos\n|-damage|p2a: Zapdos|15\/100\n|-unboost|p1a: Dragapult|spa|2\n|move|p2a: Zapdos|Thunder Wave|p1a: Dragapult\n|-status|p1a: Dragapult|par\n|\n|upkeep\n|turn|2\n|inactive|Pata & Foufa has 270 seconds left.\n|\n|t:|1699812784\n|switch|p1a: Glimmora|Glimmora, M|100\/100\n|move|p2a: Zapdos|Roost|p2a: Zapdos\n|-heal|p2a: Zapdos|65\/100\n|-singleturn|p2a: Zapdos|move: Roost\n|\n|upkeep\n|turn|3\n|\n|t:|1699812798\n|move|p2a: Zapdos|Volt Switch|p1a: Glimmora\n|-damage|p1a: Glimmora|62\/100\n|\n|t:|1699812801\n|switch|p2a: Ursaluna|Ursaluna, M|100\/100|[from] Volt Switch\n|move|p1a: Glimmora|Mortal Spin|p2a: Ursaluna\n|-resisted|p2a: Ursaluna\n|-damage|p2a: Ursaluna|99\/100\n|-status|p2a: Ursaluna|psn\n|\n|-damage|p2a: Ursaluna|86\/100 psn|[from] psn\n|upkeep\n|turn|4\n|\n|t:|1699812821\n|move|p1a: Glimmora|Energy Ball|p2a: Ursaluna\n|-supereffective|p2a: Ursaluna\n|-damage|p2a: Ursaluna|29\/100 psn\n|move|p2a: Ursaluna|Facade|p1a: Glimmora\n|-resisted|p1a: Glimmora\n|-damage|p1a: Glimmora|0 fnt\n|-activate|p1a: Glimmora|ability: Toxic Debris\n|-sidestart|p2: 2I9 + I23|move: Toxic Spikes\n|faint|p1a: Glimmora\n|\n|-damage|p2a: Ursaluna|16\/100 psn|[from] psn\n|upkeep\n|inactive|Pata & Foufa has 240 seconds left.\n|\n|t:|1699812846\n|switch|p1a: Ogerpon|Ogerpon-Wellspring, F|100\/100\n|turn|5\n|\n|t:|1699812872\n|switch|p2a: Slowking|Slowking-Galar, F|100\/100\n|-sideend|p2: 2I9 + I23|move: Toxic Spikes|[of] p2a: Slowking\n|move|p1a: Ogerpon|Trailblaze|p2a: Slowking\n|-resisted|p2a: Slowking\n|-damage|p2a: Slowking|86\/100\n|-boost|p1a: Ogerpon|spe|1\n|\n|upkeep\n|turn|6\n|inactive|Pata & Foufa has 240 seconds left.\n|inactive|Pata & Foufa has 210 seconds left.\n|inactive|Pata & Foufa has 180 seconds left.\n|\n|t:|1699812946\n|switch|p1a: Dragapult|Dragapult, F|100\/100 par\n|move|p2a: Slowking|Trick|p1a: Dragapult\n|-activate|p2a: Slowking|move: Trick|[of] p1a: Dragapult\n|-item|p1a: Dragapult|Choice Scarf|[from] move: Trick\n|-item|p2a: Slowking|Choice Specs|[from] move: Trick\n|\n|upkeep\n|turn|7\n|inactive|Pata & Foufa has 180 seconds left.\n|inactive|2I9 + I23 has 270 seconds left.\n|inactive|Pata & Foufa has 150 seconds left.\n|\n|t:|1699812981\n|move|p1a: Dragapult|Shadow Ball|p2a: Slowking\n|-supereffective|p2a: Slowking\n|-damage|p2a: Slowking|36\/100\n|move|p2a: Slowking|Chilly Reception|p2a: Slowking\n|-weather|Snow\n|\n|t:|1699812987\n|switch|p2a: Ursaluna|Ursaluna, M|16\/100 psn|[from] Chilly Reception\n|\n|-weather|Snow|[upkeep]\n|-damage|p2a: Ursaluna|4\/100 psn|[from] psn\n|upkeep\n|turn|8\n|inactive|Pata & Foufa has 150 seconds left.\n|\n|t:|1699813012\n|cant|p1a: Dragapult|par\n|move|p2a: Ursaluna|Headlong Rush|p1a: Dragapult\n|-damage|p1a: Dragapult|0 fnt\n|-unboost|p2a: Ursaluna|def|1\n|-unboost|p2a: Ursaluna|spd|1\n|faint|p1a: Dragapult\n|\n|-weather|Snow|[upkeep]\n|-damage|p2a: Ursaluna|0 fnt|[from] psn\n|faint|p2a: Ursaluna\n|upkeep\n|inactive|Pata & Foufa has 150 seconds left.\n|inactive|2I9 + I23 has 270 seconds left.\n|\n|t:|1699813029\n|switch|p1a: Iron Moth|Iron Moth|100\/100\n|switch|p2a: Slowking|Slowking-Galar, F|69\/100\n|-enditem|p1a: Iron Moth|Booster Energy\n|-activate|p1a: Iron Moth|ability: Quark Drive|[fromitem]\n|-start|p1a: Iron Moth|quarkdrivespe\n|turn|9\n|inactive|2I9 + I23 has 270 seconds left.\n|\n|t:|1699813058\n|move|p1a: Iron Moth|Substitute|p1a: Iron Moth\n|-start|p1a: Iron Moth|Substitute\n|-damage|p1a: Iron Moth|76\/100\n|move|p2a: Slowking|Chilly Reception|p2a: Slowking\n|\n|t:|1699813061\n|switch|p2a: Iron Valiant|Iron Valiant|100\/100|[from] Chilly Reception\n|-enditem|p2a: Iron Valiant|Booster Energy\n|-activate|p2a: Iron Valiant|ability: Quark Drive|[fromitem]\n|-start|p2a: Iron Valiant|quarkdrivespe\n|\n|-weather|Snow|[upkeep]\n|upkeep\n|turn|10\n|inactive|Pata & Foufa has 120 seconds left.\n|\n|t:|1699813107\n|move|p2a: Iron Valiant|Encore|p1a: Iron Moth\n|-start|p1a: Iron Moth|Encore\n|move|p1a: Iron Moth|Substitute|p1a: Iron Moth\n|-fail|p1a: Iron Moth|move: Substitute\n|\n|-weather|Snow|[upkeep]\n|upkeep\n|turn|11\n|inactive|Pata & Foufa has 90 seconds left.\n|\n|t:|1699813141\n|-end|p1a: Iron Moth|Quark Drive|[silent]\n|switch|p1a: Ogerpon|Ogerpon-Wellspring, F|100\/100\n|move|p2a: Iron Valiant|Knock Off|p1a: Ogerpon\n|-damage|p1a: Ogerpon|73\/100\n|\n|-weather|none\n|upkeep\n|turn|12\n|inactive|Pata & Foufa has 90 seconds left.\n|inactive|Pata & Foufa has 60 seconds left.\n|\n|t:|1699813192\n|move|p2a: Iron Valiant|Close Combat|p1a: Ogerpon\n|-damage|p1a: Ogerpon|0 fnt\n|-unboost|p2a: Iron Valiant|def|1\n|-unboost|p2a: Iron Valiant|spd|1\n|faint|p1a: Ogerpon\n|\n|upkeep\n|\n|t:|1699813203\n|switch|p1a: Iron Moth|Iron Moth|76\/100\n|turn|13\n|inactive|2I9 + I23 has 270 seconds left.\n|\n|t:|1699813244\n|-end|p2a: Iron Valiant|Quark Drive|[silent]\n|switch|p2a: Cinderace|Cinderace, M|100\/100\n|move|p1a: Iron Moth|Fiery Dance|p2a: Cinderace\n|-resisted|p2a: Cinderace\n|-damage|p2a: Cinderace|71\/100\n|-boost|p1a: Iron Moth|spa|1\n|\n|upkeep\n|turn|14\n|\n|t:|1699813252\n|move|p2a: Cinderace|Pyro Ball|p1a: Iron Moth\n|-resisted|p1a: Iron Moth\n|-damage|p1a: Iron Moth|36\/100\n|move|p1a: Iron Moth|Sludge Wave|p2a: Cinderace\n|-crit|p2a: Cinderace\n|-damage|p2a: Cinderace|0 fnt\n|faint|p2a: Cinderace\n|\n|upkeep\n|\n|t:|1699813270\n|switch|p2a: Iron Valiant|Iron Valiant|100\/100\n|turn|15\n|inactive|Pata & Foufa has 60 seconds left.\n|inactive|Pata & Foufa has 30 seconds left.\n|\n|t:|1699813313\n|move|p2a: Iron Valiant|Close Combat|p1a: Iron Moth\n|-resisted|p1a: Iron Moth\n|-damage|p1a: Iron Moth|0 fnt\n|-unboost|p2a: Iron Valiant|def|1\n|-unboost|p2a: Iron Valiant|spd|1\n|faint|p1a: Iron Moth\n|-end|p1a: Iron Moth|Quark Drive|[silent]\n|\n|upkeep\n|inactive|Pata & Foufa has 30 seconds left this turn.\n|\n|t:|1699813318\n|switch|p1a: Iron Valiant|Iron Valiant|100\/100\n|-enditem|p1a: Iron Valiant|Booster Energy\n|-activate|p1a: Iron Valiant|ability: Quark Drive|[fromitem]\n|-start|p1a: Iron Valiant|quarkdrivespe\n|turn|16\n|inactive|2I9 + I23 has 270 seconds left.\n|inactive|Pata & Foufa has 30 seconds left.\n|inactive|Pata & Foufa has 20 seconds left.\n|inactive|Pata & Foufa has 15 seconds left.\n|\n|t:|1699813347\n|-terastallize|p2a: Iron Valiant|Steel\n|move|p1a: Iron Valiant|Swords Dance|p1a: Iron Valiant\n|-boost|p1a: Iron Valiant|atk|2\n|move|p2a: Iron Valiant|Moonblast|p1a: Iron Valiant\n|-supereffective|p1a: Iron Valiant\n|-damage|p1a: Iron Valiant|0 fnt\n|faint|p1a: Iron Valiant\n|-end|p1a: Iron Valiant|Quark Drive|[silent]\n|\n|upkeep\n|inactive|Pata & Foufa has 20 seconds left this turn.\n|inactive|Pata & Foufa has 15 seconds left.\n|\n|t:|1699813356\n|switch|p1a: Kingambit|Kingambit, F|100\/100\n|-activate|p1a: Kingambit|ability: Supreme Overlord\n|-start|p1a: Kingambit|fallen5|[silent]\n|turn|17\n|inactive|Pata & Foufa has 25 seconds left this turn.\n|inactive|Pata & Foufa has 20 seconds left.\n|inactive|Pata & Foufa has 15 seconds left.\n|inactive|2I9 + I23 has 240 seconds left.\n|inactive|2I9 + I23 has 210 seconds left.\n|\n|t:|1699813417\n|-end|p2a: Iron Valiant|Quark Drive|[silent]\n|switch|p2a: Zapdos|Zapdos|65\/100\n|-terastallize|p1a: Kingambit|Dark\n|move|p1a: Kingambit|Kowtow Cleave|p2a: Zapdos\n|-damage|p2a: Zapdos|0 fnt\n|faint|p2a: Zapdos\n|\n|upkeep\n|inactive|Pata & Foufa has 20 seconds left this turn.\n|\n|t:|1699813440\n|switch|p2a: Walking Wake|Walking Wake|100\/100\n|turn|18\n|inactive|Pata & Foufa has 30 seconds left this turn.\n|inactive|Pata & Foufa has 20 seconds left.\n|inactive|Pata & Foufa has 15 seconds left.\n|inactive|Pata & Foufa has 10 seconds left.\n|\n|t:|1699813461\n|move|p2a: Walking Wake|Draco Meteor|p1a: Kingambit\n|-damage|p1a: Kingambit|0 fnt\n|-unboost|p2a: Walking Wake|spa|2\n|faint|p1a: Kingambit\n|-end|p1a: Kingambit|fallen5|[silent]\n|\n|win|2I9 + I23\n|inactive|Pata & Foufa has 15 seconds left this turn.\n|c|\u2606Pata & Foufa|gg\n","uploadtime":1699813463,"views":84,"p1id":"patafoufa","p2id":"2i9i23","formatid":"gen9ou","rating":0,"private":0,"password":""}