{"id":"smogtours-gen9ou-730452","p1":"blundstar","p2":"2HBlooby","format":"[Gen 9] OU","log":"|inactive|Battle timer is ON: inactive players will automatically lose when time's up.\n|t:|1699827162\n|gametype|singles\n|player|p1|blundstar|lady-gen4|\n|player|p2|2HBlooby|#npl2022ballermannbierbaren|\n|teamsize|p1|6\n|teamsize|p2|6\n|gen|9\n|tier|[Gen 9] OU\n|rule|Sleep Clause Mod: Limit one foe put to sleep\n|rule|Species Clause: Limit one of each Pok\u00e9mon\n|rule|OHKO Clause: OHKO moves are banned\n|rule|Evasion Items Clause: Evasion items are banned\n|rule|Evasion Moves Clause: Evasion moves are banned\n|rule|Endless Battle Clause: Forcing endless battles is banned\n|rule|HP Percentage Mod: HP is shown in percentages\n|clearpoke\n|poke|p1|Great Tusk|\n|poke|p1|Rillaboom, F|\n|poke|p1|Dragapult, M|\n|poke|p1|Heatran, F|\n|poke|p1|Sneasler, F|\n|poke|p1|Kingambit, F|\n|poke|p2|Gliscor, M|\n|poke|p2|Slowking-Galar, M|\n|poke|p2|Cinderace, M|\n|poke|p2|Ogerpon-Wellspring, F|\n|poke|p2|Iron Valiant|\n|poke|p2|Kingambit, M|\n|teampreview\n|inactive|blundstar also wants the timer to be on.\n|c|\u26062HBlooby|hf buds\n|c|\u2606blundstar|u2\n|inactive|blundstar has 270 seconds left.\n|inactive|2HBlooby has 270 seconds left.\n|inactive|blundstar has 240 seconds left.\n|inactive|2HBlooby has 240 seconds left.\n|inactive|2HBlooby has 210 seconds left.\n|inactive|2HBlooby has 180 seconds left.\n|\n|t:|1699827298\n|start\n|switch|p1a: Heatran|Heatran, F|100\/100\n|switch|p2a: Cinderace|Cinderace, M, shiny|100\/100\n|-item|p1a: Heatran|Air Balloon\n|turn|1\n|\n|t:|1699827321\n|move|p2a: Cinderace|U-turn|p1a: Heatran\n|-start|p2a: Cinderace|typechange|Bug|[from] ability: Libero\n|-resisted|p1a: Heatran\n|-crit|p1a: Heatran\n|-damage|p1a: Heatran|90\/100\n|-enditem|p1a: Heatran|Air Balloon\n|inactive|2HBlooby has 210 seconds left.\n|\n|t:|1699827368\n|switch|p2a: Ogerpon|Ogerpon-Wellspring, F|100\/100|[from] U-turn\n|move|p1a: Heatran|Will-O-Wisp|p2a: Ogerpon\n|-status|p2a: Ogerpon|brn\n|\n|-damage|p2a: Ogerpon|95\/100 brn|[from] brn\n|upkeep\n|turn|2\n|inactive|2HBlooby has 180 seconds left.\n|inactive|2HBlooby has 150 seconds left.\n|\n|t:|1699827419\n|switch|p2a: Gliscor|Gliscor, M, shiny|100\/100\n|switch|p1a: Rillaboom|Rillaboom, F|100\/100\n|-fieldstart|move: Grassy Terrain|[from] ability: Grassy Surge|[of] p1a: Rillaboom\n|\n|-status|p2a: Gliscor|tox|[from] item: Toxic Orb\n|upkeep\n|turn|3\n|inactive|2HBlooby has 150 seconds left.\n|inactive|blundstar has 270 seconds left.\n|\n|t:|1699827460\n|move|p2a: Gliscor|Toxic|p1a: Rillaboom\n|-status|p1a: Rillaboom|tox\n|move|p1a: Rillaboom|Wood Hammer|p2a: Gliscor\n|-damage|p2a: Gliscor|47\/100 tox\n|-damage|p1a: Rillaboom|85\/100 tox|[from] Recoil\n|\n|-heal|p1a: Rillaboom|91\/100 tox|[from] Grassy Terrain\n|-heal|p2a: Gliscor|59\/100 tox|[from] ability: Poison Heal\n|-damage|p1a: Rillaboom|85\/100 tox|[from] psn\n|upkeep\n|turn|4\n|inactive|2HBlooby has 150 seconds left.\n|inactive|blundstar has 240 seconds left.\n|\n|t:|1699827500\n|switch|p1a: Kingambit|Kingambit, F|100\/100\n|move|p2a: Gliscor|Spikes|p1a: Kingambit\n|-sidestart|p1: blundstar|Spikes\n|\n|-heal|p2a: Gliscor|72\/100 tox|[from] ability: Poison Heal\n|upkeep\n|turn|5\n|inactive|2HBlooby has 120 seconds left.\n|inactive|2HBlooby has 90 seconds left.\n|\n|t:|1699827563\n|switch|p2a: Cinderace|Cinderace, M, shiny|100\/100\n|move|p1a: Kingambit|Swords Dance|p1a: Kingambit\n|-boost|p1a: Kingambit|atk|2\n|\n|upkeep\n|turn|6\n|inactive|2HBlooby has 90 seconds left.\n|\n|t:|1699827588\n|move|p1a: Kingambit|Sucker Punch|p2a: Cinderace\n|-damage|p2a: Cinderace|0 fnt\n|faint|p2a: Cinderace\n|\n|-fieldend|move: Grassy Terrain\n|upkeep\n|inactive|2HBlooby has 60 seconds left.\n|\n|t:|1699827617\n|switch|p2a: Ogerpon|Ogerpon-Wellspring, F|95\/100 brn\n|turn|7\n|inactive|2HBlooby has 60 seconds left.\n|\n|t:|1699827641\n|-end|p1a: Kingambit|fallenundefined|[silent]\n|switch|p1a: Rillaboom|Rillaboom, F|85\/100 tox\n|-damage|p1a: Rillaboom|73\/100 tox|[from] Spikes\n|-fieldstart|move: Grassy Terrain|[from] ability: Grassy Surge|[of] p1a: Rillaboom\n|move|p2a: Ogerpon|Encore||[still]\n|-fail|p2a: Ogerpon\n|\n|-heal|p2a: Ogerpon|100\/100 brn|[from] Grassy Terrain\n|-heal|p1a: Rillaboom|79\/100 tox|[from] Grassy Terrain\n|-damage|p1a: Rillaboom|73\/100 tox|[from] psn\n|-damage|p2a: Ogerpon|95\/100 brn|[from] brn\n|upkeep\n|turn|8\n|inactive|2HBlooby has 60 seconds left.\n|inactive|blundstar has 210 seconds left.\n|\n|t:|1699827670\n|move|p2a: Ogerpon|Knock Off|p1a: Rillaboom\n|-damage|p1a: Rillaboom|54\/100 tox\n|-enditem|p1a: Rillaboom|Assault Vest|[from] move: Knock Off|[of] p2a: Ogerpon\n|move|p1a: Rillaboom|U-turn|p2a: Ogerpon\n|-supereffective|p2a: Ogerpon\n|-damage|p2a: Ogerpon|32\/100 brn\n|inactive|blundstar has 180 seconds left.\n|\n|t:|1699827703\n|switch|p1a: Dragapult|Dragapult, M|100\/100|[from] U-turn\n|-damage|p1a: Dragapult|88\/100|[from] Spikes\n|\n|-heal|p1a: Dragapult|94\/100|[from] Grassy Terrain\n|-heal|p2a: Ogerpon|38\/100 brn|[from] Grassy Terrain\n|-damage|p2a: Ogerpon|32\/100 brn|[from] brn\n|upkeep\n|turn|9\n|\n|t:|1699827712\n|switch|p2a: Slowking|Slowking-Galar, M, shiny|100\/100\n|move|p1a: Dragapult|Hex|p2a: Slowking\n|-supereffective|p2a: Slowking\n|-damage|p2a: Slowking|71\/100\n|\n|-heal|p1a: Dragapult|100\/100|[from] Grassy Terrain\n|-heal|p2a: Slowking|78\/100|[from] Grassy Terrain\n|upkeep\n|turn|10\n|inactive|2HBlooby has 60 seconds left.\n|inactive|blundstar has 180 seconds left.\n|\n|t:|1699827748\n|switch|p1a: Heatran|Heatran, F|90\/100\n|-damage|p1a: Heatran|77\/100|[from] Spikes\n|move|p2a: Slowking|Future Sight|p1a: Heatran\n|-start|p2a: Slowking|move: Future Sight\n|\n|-heal|p1a: Heatran|83\/100|[from] Grassy Terrain\n|-heal|p2a: Slowking|84\/100|[from] Grassy Terrain\n|upkeep\n|turn|11\n|inactive|2HBlooby has 60 seconds left.\n|\n|t:|1699827764\n|switch|p2a: Gliscor|Gliscor, M, shiny|72\/100 tox\n|move|p1a: Heatran|Stealth Rock|p2a: Gliscor\n|-sidestart|p2: 2HBlooby|move: Stealth Rock\n|\n|-heal|p1a: Heatran|89\/100|[from] Grassy Terrain\n|-heal|p2a: Gliscor|84\/100 tox|[from] ability: Poison Heal\n|-fieldend|move: Grassy Terrain\n|upkeep\n|turn|12\n|inactive|blundstar has 180 seconds left.\n|inactive|2HBlooby has 30 seconds left.\n|inactive|2HBlooby has 20 seconds left.\n|inactive|2HBlooby has 15 seconds left.\n|\n|t:|1699827818\n|switch|p1a: Rillaboom|Rillaboom, F|54\/100 tox\n|-damage|p1a: Rillaboom|42\/100 tox|[from] Spikes\n|-fieldstart|move: Grassy Terrain|[from] ability: Grassy Surge|[of] p1a: Rillaboom\n|move|p2a: Gliscor|Earthquake|p1a: Rillaboom\n|-resisted|p1a: Rillaboom\n|-crit|p1a: Rillaboom\n|-damage|p1a: Rillaboom|30\/100 tox\n|\n|-end|p1a: Rillaboom|move: Future Sight\n|-damage|p1a: Rillaboom|0 fnt\n|faint|p1a: Rillaboom\n|-heal|p2a: Gliscor|97\/100 tox|[from] ability: Poison Heal\n|upkeep\n|inactive|2HBlooby has 20 seconds left this turn.\n|\n|t:|1699827825\n|switch|p1a: Great Tusk|Great Tusk|100\/100\n|-damage|p1a: Great Tusk|88\/100|[from] Spikes\n|-enditem|p1a: Great Tusk|Booster Energy\n|-activate|p1a: Great Tusk|ability: Protosynthesis|[fromitem]\n|-start|p1a: Great Tusk|protosynthesisspe\n|turn|13\n|inactive|2HBlooby has 30 seconds left this turn.\n|inactive|2HBlooby has 20 seconds left.\n|\n|t:|1699827842\n|-terastallize|p1a: Great Tusk|Poison\n|move|p1a: Great Tusk|Rapid Spin|p2a: Gliscor\n|-damage|p2a: Gliscor|89\/100 tox\n|-boost|p1a: Great Tusk|spe|1\n|-sideend|p1: blundstar|Spikes|[from] move: Rapid Spin|[of] p1a: Great Tusk\n|move|p2a: Gliscor|Toxic|p1a: Great Tusk\n|-immune|p1a: Great Tusk\n|\n|-heal|p1a: Great Tusk|94\/100|[from] Grassy Terrain\n|-heal|p2a: Gliscor|100\/100 tox|[from] ability: Poison Heal\n|upkeep\n|turn|14\n|inactive|2HBlooby has 30 seconds left this turn.\n|inactive|2HBlooby has 20 seconds left.\n|inactive|2HBlooby has 15 seconds left.\n|\n|t:|1699827862\n|switch|p2a: Iron Valiant|Iron Valiant, shiny|100\/100\n|-damage|p2a: Iron Valiant|94\/100|[from] Stealth Rock\n|-enditem|p2a: Iron Valiant|Booster Energy\n|-activate|p2a: Iron Valiant|ability: Quark Drive|[fromitem]\n|-start|p2a: Iron Valiant|quarkdrivespe\n|move|p1a: Great Tusk|Bulk Up|p1a: Great Tusk\n|-boost|p1a: Great Tusk|atk|1\n|-boost|p1a: Great Tusk|def|1\n|\n|-heal|p1a: Great Tusk|100\/100|[from] Grassy Terrain\n|-heal|p2a: Iron Valiant|100\/100|[from] Grassy Terrain\n|upkeep\n|turn|15\n|inactive|2HBlooby has 25 seconds left this turn.\n|\n|t:|1699827886\n|move|p1a: Great Tusk|Headlong Rush|p2a: Iron Valiant\n|-damage|p2a: Iron Valiant|8\/100\n|-unboost|p1a: Great Tusk|def|1\n|-unboost|p1a: Great Tusk|spd|1\n|move|p2a: Iron Valiant|Encore|p1a: Great Tusk\n|-start|p1a: Great Tusk|Encore\n|\n|-heal|p2a: Iron Valiant|14\/100|[from] Grassy Terrain\n|upkeep\n|turn|16\n|inactive|2HBlooby has 30 seconds left.\n|inactive|blundstar has 150 seconds left.\n|\n|t:|1699827928\n|-end|p1a: Great Tusk|Protosynthesis|[silent]\n|switch|p1a: Sneasler|Sneasler, F|100\/100\n|-enditem|p1a: Sneasler|Grassy Seed\n|-boost|p1a: Sneasler|def|1|[from] item: Grassy Seed\n|-end|p2a: Iron Valiant|Quark Drive|[silent]\n|switch|p2a: Gliscor|Gliscor, M, shiny|100\/100 tox\n|-damage|p2a: Gliscor|88\/100 tox|[from] Stealth Rock\n|\n|-heal|p2a: Gliscor|100\/100 tox|[from] ability: Poison Heal\n|-fieldend|move: Grassy Terrain\n|upkeep\n|turn|17\n|inactive|blundstar has 120 seconds left.\n|\n|t:|1699827945\n|move|p1a: Sneasler|Swords Dance|p1a: Sneasler\n|-boost|p1a: Sneasler|atk|2\n|move|p2a: Gliscor|Earthquake|p1a: Sneasler\n|-supereffective|p1a: Sneasler\n|-damage|p1a: Sneasler|35\/100\n|\n|upkeep\n|turn|18\n|\n|t:|1699827954\n|move|p1a: Sneasler|Close Combat|p2a: Gliscor\n|-resisted|p2a: Gliscor\n|-damage|p2a: Gliscor|62\/100 tox\n|-unboost|p1a: Sneasler|def|1\n|-unboost|p1a: Sneasler|spd|1\n|move|p2a: Gliscor|Earthquake|p1a: Sneasler\n|-supereffective|p1a: Sneasler\n|-damage|p1a: Sneasler|0 fnt\n|faint|p1a: Sneasler\n|\n|-heal|p2a: Gliscor|74\/100 tox|[from] ability: Poison Heal\n|upkeep\n|\n|t:|1699827959\n|switch|p1a: Great Tusk|Great Tusk, tera:Poison|100\/100\n|turn|19\n|inactive|blundstar has 120 seconds left.\n|inactive|2HBlooby has 30 seconds left.\n|inactive|2HBlooby has 20 seconds left.\n|inactive|2HBlooby has 15 seconds left.\n|\n|t:|1699828000\n|switch|p2a: Ogerpon|Ogerpon-Wellspring, F|32\/100 brn\n|-damage|p2a: Ogerpon|20\/100 brn|[from] Stealth Rock\n|move|p1a: Great Tusk|Bulk Up|p1a: Great Tusk\n|-boost|p1a: Great Tusk|atk|1\n|-boost|p1a: Great Tusk|def|1\n|\n|-damage|p2a: Ogerpon|14\/100 brn|[from] brn\n|upkeep\n|turn|20\n|inactive|2HBlooby has 25 seconds left this turn.\n|\n|t:|1699828004\n|-end|p1a: Great Tusk|Protosynthesis|[silent]\n|switch|p1a: Dragapult|Dragapult, M|100\/100\n|move|p2a: Ogerpon|Encore||[still]\n|-fail|p2a: Ogerpon\n|\n|-damage|p2a: Ogerpon|8\/100 brn|[from] brn\n|upkeep\n|turn|21\n|\n|t:|1699828012\n|switch|p2a: Slowking|Slowking-Galar, M, shiny|100\/100\n|-damage|p2a: Slowking|88\/100|[from] Stealth Rock\n|move|p1a: Dragapult|Hex|p2a: Slowking\n|-supereffective|p2a: Slowking\n|-damage|p2a: Slowking|60\/100\n|\n|upkeep\n|turn|22\n|\n|t:|1699828025\n|move|p1a: Dragapult|Thunder Wave|p2a: Slowking\n|-status|p2a: Slowking|par\n|cant|p2a: Slowking|par\n|\n|upkeep\n|turn|23\n|\n|t:|1699828035\n|move|p1a: Dragapult|Hex|p2a: Slowking\n|-supereffective|p2a: Slowking\n|-damage|p2a: Slowking|0 fnt\n|faint|p2a: Slowking\n|\n|upkeep\n|\n|t:|1699828041\n|switch|p2a: Kingambit|Kingambit, M, shiny|100\/100\n|-activate|p2a: Kingambit|ability: Supreme Overlord\n|-start|p2a: Kingambit|fallen2|[silent]\n|turn|24\n|inactive|blundstar has 150 seconds left.\n|inactive|2HBlooby has 30 seconds left.\n|\n|t:|1699828070\n|move|p1a: Dragapult|Will-O-Wisp|p2a: Kingambit\n|-status|p2a: Kingambit|brn\n|move|p2a: Kingambit|Kowtow Cleave|p1a: Dragapult\n|-supereffective|p1a: Dragapult\n|-damage|p1a: Dragapult|20\/100\n|\n|-damage|p2a: Kingambit|94\/100 brn|[from] brn\n|upkeep\n|turn|25\n|inactive|blundstar has 150 seconds left.\n|inactive|2HBlooby has 30 seconds left.\n|inactive|2HBlooby has 20 seconds left.\n|inactive|2HBlooby has 15 seconds left.\n|inactive|2HBlooby has 10 seconds left.\n|inactive|2HBlooby has 5 seconds left.\n|\n|t:|1699828102\n|switch|p1a: Heatran|Heatran, F|89\/100\n|-end|p2a: Kingambit|fallen2|[silent]\n|switch|p2a: Iron Valiant|Iron Valiant, shiny|14\/100\n|-damage|p2a: Iron Valiant|8\/100|[from] Stealth Rock\n|\n|upkeep\n|turn|26\n|inactive|2HBlooby has 15 seconds left this turn.\n|inactive|blundstar has 150 seconds left.\n|\n|t:|1699828129\n|move|p2a: Iron Valiant|Close Combat|p1a: Heatran\n|-supereffective|p1a: Heatran\n|-damage|p1a: Heatran|0 fnt\n|-unboost|p2a: Iron Valiant|def|1\n|-unboost|p2a: Iron Valiant|spd|1\n|faint|p1a: Heatran\n|\n|upkeep\n|inactive|2HBlooby has 20 seconds left this turn.\n|\n|t:|1699828132\n|switch|p1a: Dragapult|Dragapult, M|20\/100\n|turn|27\n|inactive|2HBlooby has 30 seconds left this turn.\n|inactive|2HBlooby has 20 seconds left.\n|inactive|2HBlooby has 15 seconds left.\n|inactive|2HBlooby has 10 seconds left.\n|inactive|2HBlooby has 5 seconds left.\n|\n|t:|1699828157\n|-end|p2a: Iron Valiant|Quark Drive|[silent]\n|switch|p2a: Ogerpon|Ogerpon-Wellspring, F|8\/100 brn\n|-damage|p2a: Ogerpon|0 fnt|[from] Stealth Rock\n|faint|p2a: Ogerpon\n|move|p1a: Dragapult|Hex|p2: Ogerpon|[notarget]\n|-fail|p1a: Dragapult\n|\n|upkeep\n|inactive|2HBlooby has 10 seconds left this turn.\n|\n|t:|1699828162\n|switch|p2a: Kingambit|Kingambit, M, shiny|94\/100 brn\n|-activate|p2a: Kingambit|ability: Supreme Overlord\n|-start|p2a: Kingambit|fallen3|[silent]\n|turn|28\n|inactive|2HBlooby has 20 seconds left this turn.\n|inactive|2HBlooby has 15 seconds left.\n|\n|t:|1699828174\n|switch|p1a: Kingambit|Kingambit, F|100\/100\n|-activate|p1a: Kingambit|ability: Supreme Overlord\n|-start|p1a: Kingambit|fallen3|[silent]\n|-end|p2a: Kingambit|fallen3|[silent]\n|switch|p2a: Gliscor|Gliscor, M, shiny|74\/100 tox\n|-damage|p2a: Gliscor|62\/100 tox|[from] Stealth Rock\n|\n|-heal|p2a: Gliscor|74\/100 tox|[from] ability: Poison Heal\n|upkeep\n|turn|29\n|inactive|2HBlooby has 25 seconds left this turn.\n|inactive|blundstar has 150 seconds left.\n|\n|t:|1699828199\n|move|p2a: Gliscor|Earthquake|p1a: Kingambit\n|-supereffective|p1a: Kingambit\n|-damage|p1a: Kingambit|39\/100\n|move|p1a: Kingambit|Iron Head|p2a: Gliscor\n|-damage|p2a: Gliscor|34\/100 tox\n|\n|-heal|p2a: Gliscor|47\/100 tox|[from] ability: Poison Heal\n|upkeep\n|turn|30\n|inactive|2HBlooby has 30 seconds left.\n|inactive|2HBlooby has 20 seconds left.\n|\n|t:|1699828217\n|move|p2a: Gliscor|Earthquake|p1a: Kingambit\n|-supereffective|p1a: Kingambit\n|-damage|p1a: Kingambit|0 fnt\n|faint|p1a: Kingambit\n|-end|p1a: Kingambit|fallen3|[silent]\n|\n|-heal|p2a: Gliscor|59\/100 tox|[from] ability: Poison Heal\n|upkeep\n|inactive|2HBlooby has 25 seconds left this turn.\n|inactive|blundstar has 150 seconds left.\n|\n|t:|1699828225\n|switch|p1a: Great Tusk|Great Tusk, tera:Poison|100\/100\n|turn|31\n|inactive|2HBlooby has 30 seconds left.\n|\n|t:|1699828238\n|-terastallize|p2a: Gliscor|Dragon\n|move|p1a: Great Tusk|Bulk Up|p1a: Great Tusk\n|-boost|p1a: Great Tusk|atk|1\n|-boost|p1a: Great Tusk|def|1\n|move|p2a: Gliscor|Earthquake|p1a: Great Tusk\n|-supereffective|p1a: Great Tusk\n|-damage|p1a: Great Tusk|74\/100\n|\n|-heal|p2a: Gliscor|72\/100 tox|[from] ability: Poison Heal\n|upkeep\n|turn|32\n|inactive|2HBlooby has 30 seconds left.\n|\n|t:|1699828247\n|move|p1a: Great Tusk|Ice Spinner|p2a: Gliscor\n|-supereffective|p2a: Gliscor\n|-damage|p2a: Gliscor|29\/100 tox\n|move|p2a: Gliscor|Earthquake|p1a: Great Tusk\n|-supereffective|p1a: Great Tusk\n|-damage|p1a: Great Tusk|46\/100\n|\n|-heal|p2a: Gliscor|41\/100 tox|[from] ability: Poison Heal\n|upkeep\n|turn|33\n|inactive|2HBlooby has 30 seconds left.\n|\n|t:|1699828260\n|move|p1a: Great Tusk|Bulk Up|p1a: Great Tusk\n|-boost|p1a: Great Tusk|atk|1\n|-boost|p1a: Great Tusk|def|1\n|move|p2a: Gliscor|Earthquake|p1a: Great Tusk\n|-supereffective|p1a: Great Tusk\n|-damage|p1a: Great Tusk|24\/100\n|\n|-heal|p2a: Gliscor|53\/100 tox|[from] ability: Poison Heal\n|upkeep\n|turn|34\n|inactive|2HBlooby has 30 seconds left.\n|inactive|2HBlooby has 20 seconds left.\n|inactive|2HBlooby has 15 seconds left.\n|inactive|2HBlooby has 10 seconds left.\n|\n|t:|1699828292\n|move|p1a: Great Tusk|Rapid Spin|p2a: Gliscor\n|-damage|p2a: Gliscor|36\/100 tox\n|-boost|p1a: Great Tusk|spe|1\n|move|p2a: Gliscor|Earthquake|p1a: Great Tusk\n|-supereffective|p1a: Great Tusk\n|-damage|p1a: Great Tusk|4\/100\n|\n|-heal|p2a: Gliscor|48\/100 tox|[from] ability: Poison Heal\n|upkeep\n|turn|35\n|inactive|2HBlooby has 20 seconds left this turn.\n|inactive|2HBlooby has 15 seconds left.\n|\n|t:|1699828300\n|move|p2a: Gliscor|Protect|p2a: Gliscor\n|-singleturn|p2a: Gliscor|Protect\n|move|p1a: Great Tusk|Headlong Rush|p2a: Gliscor\n|-activate|p2a: Gliscor|move: Protect\n|\n|-heal|p2a: Gliscor|61\/100 tox|[from] ability: Poison Heal\n|upkeep\n|turn|36\n|inactive|2HBlooby has 25 seconds left this turn.\n|inactive|2HBlooby has 20 seconds left.\n|inactive|2HBlooby has 15 seconds left.\n|\n|t:|1699828310\n|switch|p2a: Iron Valiant|Iron Valiant, shiny|8\/100\n|-damage|p2a: Iron Valiant|2\/100|[from] Stealth Rock\n|move|p1a: Great Tusk|Headlong Rush|p2a: Iron Valiant\n|-damage|p2a: Iron Valiant|0 fnt\n|-unboost|p1a: Great Tusk|def|1\n|-unboost|p1a: Great Tusk|spd|1\n|faint|p2a: Iron Valiant\n|-end|p2a: Iron Valiant|Quark Drive|[silent]\n|\n|upkeep\n|inactive|2HBlooby has 20 seconds left this turn.\n|inactive|2HBlooby has 15 seconds left.\n|\n|t:|1699828316\n|switch|p2a: Kingambit|Kingambit, M, shiny|94\/100 brn\n|-activate|p2a: Kingambit|ability: Supreme Overlord\n|-start|p2a: Kingambit|fallen4|[silent]\n|turn|37\n|inactive|2HBlooby has 25 seconds left this turn.\n|inactive|2HBlooby has 20 seconds left.\n|inactive|blundstar has 180 seconds left.\n|inactive|2HBlooby has 15 seconds left.\n|inactive|2HBlooby has 10 seconds left.\n|inactive|2HBlooby has 5 seconds left.\n|inactive|blundstar has 150 seconds left.\n|\n|t:|1699828375\n|move|p2a: Kingambit|Sucker Punch||[still]\n|-fail|p2a: Kingambit\n|move|p1a: Great Tusk|Bulk Up|p1a: Great Tusk\n|-boost|p1a: Great Tusk|atk|1\n|-boost|p1a: Great Tusk|def|1\n|\n|-damage|p2a: Kingambit|88\/100 brn|[from] brn\n|upkeep\n|turn|38\n|inactive|2HBlooby has 15 seconds left this turn.\n|inactive|2HBlooby has 10 seconds left.\n|\n|t:|1699828383\n|move|p2a: Kingambit|Sucker Punch||[still]\n|-fail|p2a: Kingambit\n|move|p1a: Great Tusk|Bulk Up|p1a: Great Tusk\n|-boost|p1a: Great Tusk|atk|1\n|-boost|p1a: Great Tusk|def|1\n|\n|-damage|p2a: Kingambit|82\/100 brn|[from] brn\n|upkeep\n|turn|39\n|inactive|2HBlooby has 20 seconds left this turn.\n|inactive|blundstar has 120 seconds left.\n|\n|t:|1699828422\n|move|p2a: Kingambit|Sucker Punch||[still]\n|-fail|p2a: Kingambit\n|move|p1a: Great Tusk|Bulk Up|p1a: Great Tusk\n|-boost|p1a: Great Tusk|atk|1\n|-boost|p1a: Great Tusk|def|1\n|\n|-damage|p2a: Kingambit|76\/100 brn|[from] brn\n|upkeep\n|turn|40\n|inactive|2HBlooby has 30 seconds left this turn.\n|inactive|2HBlooby has 20 seconds left.\n|inactive|2HBlooby has 15 seconds left.\n|\n|t:|1699828439\n|move|p2a: Kingambit|Sucker Punch||[still]\n|-fail|p2a: Kingambit\n|move|p1a: Great Tusk|Bulk Up|p1a: Great Tusk\n|-boost|p1a: Great Tusk|atk|1\n|-boost|p1a: Great Tusk|def|1\n|\n|-damage|p2a: Kingambit|70\/100 brn|[from] brn\n|upkeep\n|turn|41\n|inactive|2HBlooby has 25 seconds left this turn.\n|\n|t:|1699828451\n|move|p2a: Kingambit|Sucker Punch||[still]\n|-fail|p2a: Kingambit\n|move|p1a: Great Tusk|Bulk Up|p1a: Great Tusk\n|-boost|p1a: Great Tusk|atk|0\n|-boost|p1a: Great Tusk|def|1\n|\n|-damage|p2a: Kingambit|64\/100 brn|[from] brn\n|upkeep\n|turn|42\n|inactive|2HBlooby has 30 seconds left.\n|\n|t:|1699828464\n|move|p2a: Kingambit|Sucker Punch||[still]\n|-fail|p2a: Kingambit\n|move|p1a: Great Tusk|Bulk Up|p1a: Great Tusk\n|-boost|p1a: Great Tusk|atk|0\n|-boost|p1a: Great Tusk|def|0\n|\n|-damage|p2a: Kingambit|57\/100 brn|[from] brn\n|upkeep\n|turn|43\n|inactive|2HBlooby has 30 seconds left.\n|inactive|blundstar has 120 seconds left.\n|\n|t:|1699828487\n|move|p1a: Great Tusk|Bulk Up|p1a: Great Tusk\n|-boost|p1a: Great Tusk|atk|0\n|-boost|p1a: Great Tusk|def|0\n|move|p2a: Kingambit|Kowtow Cleave|p1a: Great Tusk\n|-damage|p1a: Great Tusk|0 fnt\n|faint|p1a: Great Tusk\n|-end|p1a: Great Tusk|Protosynthesis|[silent]\n|\n|-damage|p2a: Kingambit|51\/100 brn|[from] brn\n|upkeep\n|\n|t:|1699828490\n|switch|p1a: Dragapult|Dragapult, M|20\/100\n|turn|44\n|\n|t:|1699828498\n|move|p1a: Dragapult|Hex|p2a: Kingambit\n|-resisted|p2a: Kingambit\n|-damage|p2a: Kingambit|18\/100 brn\n|move|p2a: Kingambit|Kowtow Cleave|p1a: Dragapult\n|-supereffective|p1a: Dragapult\n|-damage|p1a: Dragapult|0 fnt\n|faint|p1a: Dragapult\n|\n|win|2HBlooby\n|c|\u26062HBlooby|gg\n|c|\u2606blundstar|gg\n|c|\u2606blundstar|gg\n","uploadtime":1699828499,"views":98,"p1id":"blundstar","p2id":"2hblooby","formatid":"gen9ou","rating":0,"private":0,"password":""}