{"id":"smogtours-gen9ou-731063","p1":"icemaster","p2":"mind gaming","format":"[Gen 9] OU","log":"|inactive|Battle timer is ON: inactive players will automatically lose when time's up.\n|t:|1700305802\n|gametype|singles\n|player|p1|icemaster|#omplxisolgaleos|\n|player|p2|mind gaming|#splxivsharks2|\n|teamsize|p1|6\n|teamsize|p2|6\n|gen|9\n|tier|[Gen 9] OU\n|rule|Sleep Clause Mod: Limit one foe put to sleep\n|rule|Species Clause: Limit one of each Pok\u00e9mon\n|rule|OHKO Clause: OHKO moves are banned\n|rule|Evasion Items Clause: Evasion items are banned\n|rule|Evasion Moves Clause: Evasion moves are banned\n|rule|Endless Battle Clause: Forcing endless battles is banned\n|rule|HP Percentage Mod: HP is shown in percentages\n|clearpoke\n|poke|p1|Great Tusk|\n|poke|p1|Enamorus, F|\n|poke|p1|Garchomp, F|\n|poke|p1|Iron Moth|\n|poke|p1|Kingambit, F|\n|poke|p1|Dragapult, F|\n|poke|p2|Heatran, F|\n|poke|p2|Greninja-*, M|\n|poke|p2|Rillaboom, F|\n|poke|p2|Zamazenta-*|\n|poke|p2|Sneasler, F|\n|poke|p2|Enamorus, F|\n|teampreview\n|c|\u2606icemaster|hf\n|c|\u2606mind gaming|u2\n|raw|<div class=\"broadcast-red\"><strong>Moderated chat was set to \u2606!<\/strong><br \/>Only users of rank \u2606 and higher can talk.<\/div>\n|inactive|icemaster has 270 seconds left.\n|inactive|mind gaming has 270 seconds left.\n|c|\u2606icemaster|This is my first OU game go easy on me man\n|c|\u2606mind gaming|same here\n|c|\u2606icemaster|hm\n|inactive|icemaster has 240 seconds left.\n|inactive|mind gaming has 240 seconds left.\n|inactive|icemaster has 210 seconds left.\n|\n|t:|1700305897\n|start\n|switch|p1a: Enamorus|Enamorus, F|100\/100\n|switch|p2a: Enamorus|Enamorus, F|100\/100\n|turn|1\n|inactive|icemaster has 270 seconds left.\n|inactive|mind gaming has 270 seconds left.\n|\n|t:|1700305941\n|switch|p1a: Iron Moth|Iron Moth|100\/100\n|-enditem|p1a: Iron Moth|Booster Energy\n|-activate|p1a: Iron Moth|ability: Quark Drive|[fromitem]\n|-start|p1a: Iron Moth|quarkdrivespe\n|move|p2a: Enamorus|Moonblast|p1a: Iron Moth\n|-resisted|p1a: Iron Moth\n|-damage|p1a: Iron Moth|85\/100\n|\n|upkeep\n|turn|2\n|\n|t:|1700305952\n|-end|p1a: Iron Moth|Quark Drive|[silent]\n|switch|p1a: Garchomp|Garchomp, F|100\/100\n|switch|p2a: Heatran|Heatran, F|100\/100\n|\n|upkeep\n|turn|3\n|inactive|mind gaming has 270 seconds left.\n|\n|t:|1700305987\n|-terastallize|p2a: Heatran|Fairy\n|move|p2a: Heatran|Tera Blast|p1a: Garchomp|[anim] Tera Blast Fairy\n|-supereffective|p1a: Garchomp\n|-damage|p1a: Garchomp|18\/100\n|move|p1a: Garchomp|Stealth Rock|p2a: Heatran\n|-sidestart|p2: mind gaming|move: Stealth Rock\n|\n|upkeep\n|turn|4\n|\n|t:|1700306009\n|move|p2a: Heatran|Earth Power|p1a: Garchomp\n|-damage|p1a: Garchomp|0 fnt\n|faint|p1a: Garchomp\n|\n|upkeep\n|inactive|icemaster has 240 seconds left.\n|inactive|icemaster has 210 seconds left.\n|inactive|icemaster has 180 seconds left.\n|\n|t:|1700306094\n|switch|p1a: Iron Moth|Iron Moth|85\/100\n|turn|5\n|\n|t:|1700306097\n|move|p1a: Iron Moth|Toxic|p2a: Heatran\n|-status|p2a: Heatran|tox\n|move|p2a: Heatran|Earth Power|p1a: Iron Moth\n|-supereffective|p1a: Iron Moth\n|-damage|p1a: Iron Moth|0 fnt\n|faint|p1a: Iron Moth\n|-end|p1a: Iron Moth|Quark Drive|[silent]\n|\n|-damage|p2a: Heatran|94\/100 tox|[from] psn\n|upkeep\n|\n|t:|1700306098\n|switch|p1a: Dragapult|Dragapult, F|100\/100\n|turn|6\n|\n|t:|1700306102\n|move|p1a: Dragapult|Hex|p2a: Heatran\n|-damage|p2a: Heatran|56\/100 tox\n|move|p2a: Heatran|Tera Blast|p1a: Dragapult|[anim] Tera Blast Fairy\n|-supereffective|p1a: Dragapult\n|-enditem|p1a: Dragapult|Focus Sash\n|-damage|p1a: Dragapult|1\/100\n|\n|-damage|p2a: Heatran|44\/100 tox|[from] psn\n|upkeep\n|turn|7\n|\n|t:|1700306107\n|move|p1a: Dragapult|Hex|p2a: Heatran\n|-damage|p2a: Heatran|5\/100 tox\n|move|p2a: Heatran|Tera Blast|p1a: Dragapult|[anim] Tera Blast Fairy\n|-supereffective|p1a: Dragapult\n|-damage|p1a: Dragapult|0 fnt\n|faint|p1a: Dragapult\n|\n|-damage|p2a: Heatran|0 fnt|[from] psn\n|faint|p2a: Heatran\n|upkeep\n|\n|t:|1700306133\n|switch|p1a: Kingambit|Kingambit, F|100\/100\n|switch|p2a: Rillaboom|Rillaboom, F|100\/100\n|-damage|p2a: Rillaboom|88\/100|[from] Stealth Rock\n|-fieldstart|move: Grassy Terrain|[from] ability: Grassy Surge|[of] p2a: Rillaboom\n|-activate|p1a: Kingambit|ability: Supreme Overlord\n|-start|p1a: Kingambit|fallen3|[silent]\n|turn|8\n|\n|t:|1700306141\n|move|p2a: Rillaboom|U-turn|p1a: Kingambit\n|-damage|p1a: Kingambit|69\/100\n|\n|t:|1700306144\n|switch|p2a: Zamazenta|Zamazenta|100\/100|[from] U-turn\n|-damage|p2a: Zamazenta|94\/100|[from] Stealth Rock\n|-ability|p2a: Zamazenta|Dauntless Shield|boost\n|-boost|p2a: Zamazenta|def|1\n|move|p1a: Kingambit|Swords Dance|p1a: Kingambit\n|-boost|p1a: Kingambit|atk|2\n|\n|-heal|p2a: Zamazenta|100\/100|[from] Grassy Terrain\n|-heal|p1a: Kingambit|75\/100|[from] Grassy Terrain\n|upkeep\n|turn|9\n|inactive|icemaster has 180 seconds left.\n|inactive|mind gaming has 270 seconds left.\n|inactive|icemaster has 150 seconds left.\n|\n|t:|1700306227\n|-terastallize|p1a: Kingambit|Fairy\n|move|p2a: Zamazenta|Close Combat|p1a: Kingambit\n|-resisted|p1a: Kingambit\n|-damage|p1a: Kingambit|37\/100\n|-unboost|p2a: Zamazenta|def|1\n|-unboost|p2a: Zamazenta|spd|1\n|-damage|p2a: Zamazenta|91\/100|[from] item: Life Orb\n|move|p1a: Kingambit|Swords Dance|p1a: Kingambit\n|-boost|p1a: Kingambit|atk|2\n|\n|-heal|p2a: Zamazenta|97\/100|[from] Grassy Terrain\n|-heal|p1a: Kingambit|44\/100|[from] Grassy Terrain\n|upkeep\n|turn|10\n|inactive|mind gaming has 240 seconds left.\n|inactive|icemaster has 120 seconds left.\n|inactive|mind gaming has 210 seconds left.\n|\n|t:|1700306289\n|move|p1a: Kingambit|Sucker Punch|p2a: Zamazenta\n|-resisted|p2a: Zamazenta\n|-damage|p2a: Zamazenta|24\/100\n|move|p2a: Zamazenta|Close Combat|p1a: Kingambit\n|-resisted|p1a: Kingambit\n|-damage|p1a: Kingambit|6\/100\n|-unboost|p2a: Zamazenta|def|1\n|-unboost|p2a: Zamazenta|spd|1\n|-damage|p2a: Zamazenta|14\/100|[from] item: Life Orb\n|\n|-heal|p2a: Zamazenta|20\/100|[from] Grassy Terrain\n|-heal|p1a: Kingambit|13\/100|[from] Grassy Terrain\n|upkeep\n|turn|11\n|\n|t:|1700306295\n|move|p1a: Kingambit|Sucker Punch|p2a: Zamazenta\n|-resisted|p2a: Zamazenta\n|-damage|p2a: Zamazenta|0 fnt\n|faint|p2a: Zamazenta\n|\n|-heal|p1a: Kingambit|19\/100|[from] Grassy Terrain\n|upkeep\n|\n|t:|1700306300\n|switch|p2a: Greninja|Greninja, M|100\/100\n|-damage|p2a: Greninja|88\/100|[from] Stealth Rock\n|turn|12\n|\n|t:|1700306305\n|-end|p1a: Kingambit|fallen3|[silent]\n|switch|p1a: Enamorus|Enamorus, F|100\/100\n|move|p2a: Greninja|Water Shuriken|p1a: Enamorus\n|-damage|p1a: Enamorus|88\/100\n|-damage|p1a: Enamorus|77\/100\n|-damage|p1a: Enamorus|65\/100\n|-hitcount|p1a: Enamorus|3\n|-damage|p2a: Greninja|78\/100|[from] item: Life Orb\n|\n|-heal|p2a: Greninja|84\/100|[from] Grassy Terrain\n|-fieldend|move: Grassy Terrain\n|upkeep\n|turn|13\n|\n|t:|1700306331\n|switch|p2a: Rillaboom|Rillaboom, F|88\/100\n|-damage|p2a: Rillaboom|75\/100|[from] Stealth Rock\n|-fieldstart|move: Grassy Terrain|[from] ability: Grassy Surge|[of] p2a: Rillaboom\n|move|p1a: Enamorus|Moonblast|p2a: Rillaboom\n|-damage|p2a: Rillaboom|20\/100\n|\n|-heal|p2a: Rillaboom|27\/100|[from] Grassy Terrain\n|upkeep\n|turn|14\n|\n|t:|1700306340\n|move|p2a: Rillaboom|Grassy Glide|p1a: Enamorus\n|-resisted|p1a: Enamorus\n|-damage|p1a: Enamorus|17\/100\n|-enditem|p1a: Enamorus|Salac Berry|[eat]\n|-boost|p1a: Enamorus|spe|1|[from] item: Salac Berry\n|move|p1a: Enamorus|Moonblast|p2a: Rillaboom\n|-damage|p2a: Rillaboom|0 fnt\n|faint|p2a: Rillaboom\n|\n|upkeep\n|\n|t:|1700306348\n|switch|p2a: Greninja|Greninja, M|84\/100\n|-damage|p2a: Greninja|72\/100|[from] Stealth Rock\n|turn|15\n|inactive|icemaster has 150 seconds left.\n|c|\u2606icemaster|Man\n|inactive|icemaster has 120 seconds left.\n|c|\u2606icemaster|I got jumped by Ubers Mon Greninja\n|c|\u2606icemaster|gg\n|\n|t:|1700306394\n|move|p2a: Greninja|Water Shuriken|p1a: Enamorus\n|-damage|p1a: Enamorus|6\/100\n|-damage|p1a: Enamorus|0 fnt\n|faint|p1a: Enamorus\n|-ability|p2a: Greninja|Battle Bond|boost\n|-boost|p2a: Greninja|atk|1\n|-boost|p2a: Greninja|spa|1\n|-boost|p2a: Greninja|spe|1\n|-activate|p2a: Greninja|ability: Battle Bond\n|-hitcount|p1: Enamorus|2\n|-damage|p2a: Greninja|62\/100|[from] item: Life Orb\n|\n|-heal|p2a: Greninja|68\/100|[from] Grassy Terrain\n|upkeep\n|\n|t:|1700306396\n|switch|p1a: Great Tusk|Great Tusk|100\/100\n|-enditem|p1a: Great Tusk|Booster Energy\n|-activate|p1a: Great Tusk|ability: Protosynthesis|[fromitem]\n|-start|p1a: Great Tusk|protosynthesisspe\n|turn|16\n|\n|t:|1700306401\n|move|p2a: Greninja|Water Shuriken|p1a: Great Tusk\n|-supereffective|p1a: Great Tusk\n|-damage|p1a: Great Tusk|69\/100\n|-supereffective|p1a: Great Tusk\n|-damage|p1a: Great Tusk|37\/100\n|-hitcount|p1a: Great Tusk|2\n|-damage|p2a: Greninja|58\/100|[from] item: Life Orb\n|move|p1a: Great Tusk|Headlong Rush|p2a: Greninja\n|-damage|p2a: Greninja|0 fnt\n|-unboost|p1a: Great Tusk|def|1\n|-unboost|p1a: Great Tusk|spd|1\n|faint|p2a: Greninja\n|\n|-heal|p1a: Great Tusk|43\/100|[from] Grassy Terrain\n|upkeep\n|\n|t:|1700306411\n|switch|p2a: Sneasler|Sneasler, F|100\/100\n|-damage|p2a: Sneasler|94\/100|[from] Stealth Rock\n|-enditem|p2a: Sneasler|Grassy Seed\n|-boost|p2a: Sneasler|def|1|[from] item: Grassy Seed\n|turn|17\n|\n|t:|1700306417\n|move|p2a: Sneasler|Close Combat|p1a: Great Tusk\n|-damage|p1a: Great Tusk|0 fnt\n|-unboost|p2a: Sneasler|def|1\n|-unboost|p2a: Sneasler|spd|1\n|faint|p1a: Great Tusk\n|-end|p1a: Great Tusk|Protosynthesis|[silent]\n|\n|-heal|p2a: Sneasler|100\/100|[from] Grassy Terrain\n|-fieldend|move: Grassy Terrain\n|upkeep\n|\n|t:|1700306419\n|switch|p1a: Kingambit|Kingambit, F, tera:Fairy|19\/100\n|-activate|p1a: Kingambit|ability: Supreme Overlord\n|-start|p1a: Kingambit|fallen5|[silent]\n|turn|18\n|\n|t:|1700306432\n|move|p2a: Sneasler|Close Combat|p1a: Kingambit\n|-resisted|p1a: Kingambit\n|-damage|p1a: Kingambit|0 fnt\n|-unboost|p2a: Sneasler|def|1\n|-unboost|p2a: Sneasler|spd|1\n|faint|p1a: Kingambit\n|-end|p1a: Kingambit|fallen5|[silent]\n|\n|win|mind gaming\n|c|\u2606mind gaming|gg\n|c|\u2606icemaster|gg\n","uploadtime":1700306433,"views":703,"p1id":"icemaster","p2id":"mindgaming","formatid":"gen9ou","rating":0,"private":0,"password":""}