{"id":"smogtours-gen9ou-729906","p1":"blunderr","p2":"Sage","format":"[Gen 9] OU","log":"|inactive|Battle timer is ON: inactive players will automatically lose when time's up.\n|t:|1699721652\n|gametype|singles\n|player|p1|blunderr|#blunderr|\n|player|p2|Sage|#psplxiunderused|\n|teamsize|p1|6\n|teamsize|p2|6\n|gen|9\n|tier|[Gen 9] OU\n|rule|Sleep Clause Mod: Limit one foe put to sleep\n|rule|Species Clause: Limit one of each Pok\u00e9mon\n|rule|OHKO Clause: OHKO moves are banned\n|rule|Evasion Items Clause: Evasion items are banned\n|rule|Evasion Moves Clause: Evasion moves are banned\n|rule|Endless Battle Clause: Forcing endless battles is banned\n|rule|HP Percentage Mod: HP is shown in percentages\n|clearpoke\n|poke|p1|Okidogi, M|\n|poke|p1|Samurott-Hisui, M|\n|poke|p1|Iron Valiant|\n|poke|p1|Iron Treads|\n|poke|p1|Gholdengo|\n|poke|p1|Weavile, F|\n|poke|p2|Torkoal, F|\n|poke|p2|Enamorus, F|\n|poke|p2|Ceruledge, F|\n|poke|p2|Kingambit, M|\n|poke|p2|Great Tusk|\n|poke|p2|Walking Wake|\n|teampreview\n|inactive|blunderr also wants the timer to be on.\n|c|\u2606Sage|glhf\n|c|\u2606blunderr|U2\n|inactive|blunderr has 270 seconds left.\n|inactive|Sage has 270 seconds left.\n|inactive|blunderr has 240 seconds left.\n|inactive|Sage has 240 seconds left.\n|inactive|blunderr has 210 seconds left.\n|inactive|Sage has 210 seconds left.\n|\n|t:|1699721764\n|start\n|switch|p1a: Free Palafine|Samurott-Hisui, M|100\/100\n|switch|p2a: Enamorus|Enamorus, F|100\/100\n|turn|1\n|inactive|Sage has 240 seconds left.\n|inactive|Sage has 210 seconds left.\n|\n|t:|1699721814\n|switch|p1a: Spinnaman 361|Iron Treads|100\/100\n|-enditem|p1a: Spinnaman 361|Booster Energy\n|-activate|p1a: Spinnaman 361|ability: Quark Drive|[fromitem]\n|-start|p1a: Spinnaman 361|quarkdrivespe\n|move|p2a: Enamorus|Moonblast|p1a: Spinnaman 361\n|-resisted|p1a: Spinnaman 361\n|-damage|p1a: Spinnaman 361|67\/100\n|\n|upkeep\n|turn|2\n|inactive|Sage has 210 seconds left.\n|\n|t:|1699721826\n|move|p1a: Spinnaman 361|Stealth Rock|p2a: Enamorus\n|-sidestart|p2: Sage|move: Stealth Rock\n|move|p2a: Enamorus|Earth Power|p1a: Spinnaman 361\n|-supereffective|p1a: Spinnaman 361\n|-damage|p1a: Spinnaman 361|0 fnt\n|faint|p1a: Spinnaman 361\n|-end|p1a: Spinnaman 361|Quark Drive|[silent]\n|\n|upkeep\n|inactive|blunderr has 270 seconds left.\n|inactive|blunderr has 240 seconds left.\n|\n|t:|1699721875\n|switch|p1a: LongClaw Van Damme|Weavile, F|100\/100\n|turn|3\n|inactive|blunderr has 240 seconds left.\n|inactive|Sage has 210 seconds left.\n|inactive|blunderr has 210 seconds left.\n|inactive|Sage has 180 seconds left.\n|inactive|blunderr has 180 seconds left.\n|\n|t:|1699721946\n|switch|p2a: Torkoal|Torkoal, F|100\/100\n|-damage|p2a: Torkoal|76\/100|[from] Stealth Rock\n|-weather|SunnyDay|[from] ability: Drought|[of] p2a: Torkoal\n|move|p1a: LongClaw Van Damme|Icicle Spear|p2a: Torkoal\n|-resisted|p2a: Torkoal\n|-damage|p2a: Torkoal|71\/100\n|-resisted|p2a: Torkoal\n|-damage|p2a: Torkoal|66\/100\n|-resisted|p2a: Torkoal\n|-damage|p2a: Torkoal|61\/100\n|-resisted|p2a: Torkoal\n|-damage|p2a: Torkoal|56\/100\n|-resisted|p2a: Torkoal\n|-damage|p2a: Torkoal|52\/100\n|-hitcount|p2a: Torkoal|5\n|\n|-weather|SunnyDay|[upkeep]\n|upkeep\n|turn|4\n|\n|t:|1699721953\n|switch|p1a: Free Palafine|Samurott-Hisui, M|100\/100\n|move|p2a: Torkoal|Overheat|p1a: Free Palafine\n|-resisted|p1a: Free Palafine\n|-damage|p1a: Free Palafine|52\/100\n|-unboost|p2a: Torkoal|spa|2\n|-enditem|p2a: Torkoal|Eject Pack\n|inactive|Sage has 150 seconds left.\n|\n|t:|1699721994\n|switch|p2a: Enamorus|Enamorus, F|100\/100\n|-damage|p2a: Enamorus|76\/100|[from] Stealth Rock\n|\n|-weather|SunnyDay|[upkeep]\n|-heal|p2a: Enamorus|82\/100|[from] item: Leftovers\n|upkeep\n|turn|5\n|inactive|blunderr has 180 seconds left.\n|\n|t:|1699722029\n|move|p1a: Free Palafine|Aqua Jet|p2a: Enamorus\n|-damage|p2a: Enamorus|63\/100\n|-start|p1a: Free Palafine|Attract|[from] ability: Cute Charm|[of] p2a: Enamorus\n|move|p2a: Enamorus|Moonblast|p1a: Free Palafine\n|-supereffective|p1a: Free Palafine\n|-damage|p1a: Free Palafine|0 fnt\n|faint|p1a: Free Palafine\n|\n|-weather|SunnyDay|[upkeep]\n|-heal|p2a: Enamorus|69\/100|[from] item: Leftovers\n|upkeep\n|\n|t:|1699722037\n|switch|p1a: LongClaw Van Damme|Weavile, F|100\/100\n|turn|6\n|inactive|blunderr has 180 seconds left.\n|inactive|Sage has 120 seconds left.\n|\n|t:|1699722074\n|switch|p2a: Ring-A-Ling|Kingambit, M|100\/100\n|-damage|p2a: Ring-A-Ling|94\/100|[from] Stealth Rock\n|move|p1a: LongClaw Van Damme|Icicle Spear|p2a: Ring-A-Ling\n|-resisted|p2a: Ring-A-Ling\n|-damage|p2a: Ring-A-Ling|90\/100\n|-resisted|p2a: Ring-A-Ling\n|-damage|p2a: Ring-A-Ling|85\/100\n|-resisted|p2a: Ring-A-Ling\n|-damage|p2a: Ring-A-Ling|81\/100\n|-resisted|p2a: Ring-A-Ling\n|-damage|p2a: Ring-A-Ling|76\/100\n|-resisted|p2a: Ring-A-Ling\n|-damage|p2a: Ring-A-Ling|71\/100\n|-hitcount|p2a: Ring-A-Ling|5\n|\n|-weather|SunnyDay|[upkeep]\n|-heal|p2a: Ring-A-Ling|77\/100|[from] item: Leftovers\n|upkeep\n|turn|7\n|inactive|blunderr has 180 seconds left.\n|\n|t:|1699722091\n|switch|p1a: Dogi 2 The \ud83c\udf19|Okidogi, M|100\/100\n|move|p2a: Ring-A-Ling|Iron Head|p1a: Dogi 2 The \ud83c\udf19\n|-damage|p1a: Dogi 2 The \ud83c\udf19|62\/100\n|\n|-weather|none\n|-heal|p1a: Dogi 2 The \ud83c\udf19|68\/100|[from] item: Leftovers\n|-heal|p2a: Ring-A-Ling|84\/100|[from] item: Leftovers\n|upkeep\n|turn|8\n|inactive|blunderr has 180 seconds left.\n|\n|t:|1699722097\n|-end|p2a: Ring-A-Ling|fallenundefined|[silent]\n|switch|p2a: Gone to the West|Great Tusk|100\/100\n|-damage|p2a: Gone to the West|97\/100|[from] Stealth Rock\n|-enditem|p2a: Gone to the West|Booster Energy\n|-activate|p2a: Gone to the West|ability: Protosynthesis|[fromitem]\n|-start|p2a: Gone to the West|protosynthesisspe\n|move|p1a: Dogi 2 The \ud83c\udf19|Ice Punch|p2a: Gone to the West\n|-supereffective|p2a: Gone to the West\n|-damage|p2a: Gone to the West|73\/100\n|\n|-heal|p1a: Dogi 2 The \ud83c\udf19|74\/100|[from] item: Leftovers\n|upkeep\n|turn|9\n|inactive|blunderr has 180 seconds left.\n|inactive|Sage has 120 seconds left.\n|inactive|blunderr has 150 seconds left.\n|inactive|blunderr has 120 seconds left.\n|\n|t:|1699722171\n|switch|p1a: Djengo Unrained|Gholdengo|100\/100\n|-item|p1a: Djengo Unrained|Air Balloon\n|move|p2a: Gone to the West|Ice Spinner|p1a: Djengo Unrained\n|-resisted|p1a: Djengo Unrained\n|-damage|p1a: Djengo Unrained|89\/100\n|-enditem|p1a: Djengo Unrained|Air Balloon\n|\n|upkeep\n|turn|10\n|\n|t:|1699722177\n|switch|p1a: Splicewear Vezzo|Iron Valiant|100\/100\n|-enditem|p1a: Splicewear Vezzo|Booster Energy\n|-activate|p1a: Splicewear Vezzo|ability: Quark Drive|[fromitem]\n|-start|p1a: Splicewear Vezzo|quarkdrivespe\n|move|p2a: Gone to the West|Headlong Rush|p1a: Splicewear Vezzo\n|-damage|p1a: Splicewear Vezzo|29\/100\n|-unboost|p2a: Gone to the West|def|1\n|-unboost|p2a: Gone to the West|spd|1\n|\n|upkeep\n|turn|11\n|\n|t:|1699722191\n|-end|p2a: Gone to the West|Protosynthesis|[silent]\n|switch|p2a: Ghost!|Ceruledge, F|100\/100\n|-damage|p2a: Ghost!|76\/100|[from] Stealth Rock\n|-item|p2a: Ghost!|Air Balloon\n|move|p1a: Splicewear Vezzo|Moonblast|p2a: Ghost!\n|-resisted|p2a: Ghost!\n|-damage|p2a: Ghost!|54\/100\n|-enditem|p2a: Ghost!|Air Balloon\n|\n|upkeep\n|turn|12\n|\n|t:|1699722195\n|move|p1a: Splicewear Vezzo|Knock Off|p2a: Ghost!\n|-supereffective|p2a: Ghost!\n|-damage|p2a: Ghost!|6\/100\n|move|p2a: Ghost!|Bitter Blade|p1a: Splicewear Vezzo\n|-damage|p1a: Splicewear Vezzo|0 fnt\n|-heal|p2a: Ghost!|17\/100|[from] drain|[of] p1a: Splicewear Vezzo\n|faint|p1a: Splicewear Vezzo\n|-end|p1a: Splicewear Vezzo|Quark Drive|[silent]\n|\n|upkeep\n|\n|t:|1699722203\n|switch|p1a: Dogi 2 The \ud83c\udf19|Okidogi, M|74\/100\n|turn|13\n|\n|t:|1699722205\n|move|p2a: Ghost!|Bitter Blade|p1a: Dogi 2 The \ud83c\udf19\n|-damage|p1a: Dogi 2 The \ud83c\udf19|39\/100\n|-heal|p2a: Ghost!|36\/100|[from] drain|[of] p1a: Dogi 2 The \ud83c\udf19\n|move|p1a: Dogi 2 The \ud83c\udf19|Bulk Up|p1a: Dogi 2 The \ud83c\udf19\n|-boost|p1a: Dogi 2 The \ud83c\udf19|atk|1\n|-boost|p1a: Dogi 2 The \ud83c\udf19|def|1\n|\n|-heal|p1a: Dogi 2 The \ud83c\udf19|45\/100|[from] item: Leftovers\n|upkeep\n|turn|14\n|\n|t:|1699722214\n|move|p2a: Ghost!|Bitter Blade|p1a: Dogi 2 The \ud83c\udf19\n|-damage|p1a: Dogi 2 The \ud83c\udf19|21\/100\n|-heal|p2a: Ghost!|49\/100|[from] drain|[of] p1a: Dogi 2 The \ud83c\udf19\n|move|p1a: Dogi 2 The \ud83c\udf19|Knock Off|p2a: Ghost!\n|-supereffective|p2a: Ghost!\n|-damage|p2a: Ghost!|0 fnt\n|faint|p2a: Ghost!\n|\n|-heal|p1a: Dogi 2 The \ud83c\udf19|27\/100|[from] item: Leftovers\n|upkeep\n|inactive|Sage has 150 seconds left.\n|\n|t:|1699722229\n|switch|p2a: Enamorus|Enamorus, F|69\/100\n|-damage|p2a: Enamorus|44\/100|[from] Stealth Rock\n|turn|15\n|inactive|Sage has 150 seconds left.\n|\n|t:|1699722245\n|switch|p1a: Djengo Unrained|Gholdengo|89\/100\n|move|p2a: Enamorus|Moonblast|p1a: Djengo Unrained\n|-resisted|p1a: Djengo Unrained\n|-damage|p1a: Djengo Unrained|62\/100\n|\n|-heal|p2a: Enamorus|50\/100|[from] item: Leftovers\n|upkeep\n|turn|16\n|\n|t:|1699722248\n|switch|p1a: LongClaw Van Damme|Weavile, F|100\/100\n|move|p2a: Enamorus|Earth Power|p1a: LongClaw Van Damme\n|-damage|p1a: LongClaw Van Damme|57\/100\n|\n|-heal|p2a: Enamorus|57\/100|[from] item: Leftovers\n|upkeep\n|turn|17\n|\n|t:|1699722253\n|switch|p2a: Torkoal|Torkoal, F|52\/100\n|-damage|p2a: Torkoal|27\/100|[from] Stealth Rock\n|-weather|SunnyDay|[from] ability: Drought|[of] p2a: Torkoal\n|move|p1a: LongClaw Van Damme|Swords Dance|p1a: LongClaw Van Damme\n|-boost|p1a: LongClaw Van Damme|atk|2\n|\n|-weather|SunnyDay|[upkeep]\n|upkeep\n|turn|18\n|\n|t:|1699722256\n|move|p1a: LongClaw Van Damme|Knock Off|p2a: Torkoal\n|-damage|p2a: Torkoal|0 fnt\n|faint|p2a: Torkoal\n|\n|-weather|SunnyDay|[upkeep]\n|upkeep\n|\n|t:|1699722259\n|switch|p2a: WUACV|Walking Wake|100\/100\n|-damage|p2a: WUACV|88\/100|[from] Stealth Rock\n|-activate|p2a: WUACV|ability: Protosynthesis\n|-start|p2a: WUACV|protosynthesisspa\n|turn|19\n|\n|t:|1699722267\n|-terastallize|p2a: WUACV|Water\n|-terastallize|p1a: LongClaw Van Damme|Ice\n|move|p1a: LongClaw Van Damme|Ice Shard|p2a: WUACV\n|-resisted|p2a: WUACV\n|-damage|p2a: WUACV|60\/100\n|move|p2a: WUACV|Hydro Steam|p1a: LongClaw Van Damme\n|-damage|p1a: LongClaw Van Damme|0 fnt\n|faint|p1a: LongClaw Van Damme\n|\n|-weather|SunnyDay|[upkeep]\n|upkeep\n|c|\u2606blunderr|Gg\n|\n|t:|1699722271\n|switch|p1a: Dogi 2 The \ud83c\udf19|Okidogi, M|27\/100\n|turn|20\n|c|\u2606Sage|gg\n|\n|t:|1699722274\n|move|p2a: WUACV|Hydro Steam|p1a: Dogi 2 The \ud83c\udf19\n|-damage|p1a: Dogi 2 The \ud83c\udf19|0 fnt\n|faint|p1a: Dogi 2 The \ud83c\udf19\n|\n|-weather|SunnyDay|[upkeep]\n|upkeep\n|\n|t:|1699722275\n|switch|p1a: Djengo Unrained|Gholdengo|62\/100\n|turn|21\n|\n|t:|1699722277\n|move|p2a: WUACV|Hydro Steam|p1a: Djengo Unrained\n|-damage|p1a: Djengo Unrained|0 fnt\n|faint|p1a: Djengo Unrained\n|\n|win|Sage\n|player|p1|blunderr|#blunderr\n|player|p1|\n","uploadtime":1699722278,"views":803,"p1id":"blunderr","p2id":"sage","formatid":"gen9ou","rating":0,"private":0,"password":""}