{"id":"smogtours-gen9ou-732170","p1":"storm zone","p2":"MichaelderBeste2","format":"[Gen 9] OU","log":"|inactive|Battle timer is ON: inactive players will automatically lose when time's up.\n|t:|1700848957\n|gametype|singles\n|player|p1|storm zone|#wcop2021latinamerica|\n|player|p2|MichaelderBeste2|#wcop2023germany|\n|teamsize|p1|6\n|teamsize|p2|6\n|gen|9\n|tier|[Gen 9] OU\n|rule|Sleep Clause Mod: Limit one foe put to sleep\n|rule|Species Clause: Limit one of each Pok\u00e9mon\n|rule|OHKO Clause: OHKO moves are banned\n|rule|Evasion Items Clause: Evasion items are banned\n|rule|Evasion Moves Clause: Evasion moves are banned\n|rule|Endless Battle Clause: Forcing endless battles is banned\n|rule|HP Percentage Mod: HP is shown in percentages\n|clearpoke\n|poke|p1|Iron Moth|\n|poke|p1|Lilligant-Hisui, F|\n|poke|p1|Hatterene, F|\n|poke|p1|Kingambit, M|\n|poke|p1|Torkoal, M|\n|poke|p1|Walking Wake|\n|poke|p2|Kingambit, M|\n|poke|p2|Amoonguss, M|\n|poke|p2|Zapdos|\n|poke|p2|Great Tusk|\n|poke|p2|Cinderace, F|\n|poke|p2|Garganacl, M|\n|teampreview\n|c|\u2606MichaelderBeste2|hf\n|raw|<div class=\"broadcast-red\"><strong>Moderated chat was set to \u2606!<\/strong><br \/>Only users of rank \u2606 and higher can talk.<\/div>\n|inactive|storm zone has 270 seconds left.\n|inactive|MichaelderBeste2 has 270 seconds left.\n|c|\u2606storm zone|u2\n|inactive|storm zone has 240 seconds left.\n|inactive|MichaelderBeste2 has 240 seconds left.\n|inactive|storm zone has 210 seconds left.\n|inactive|MichaelderBeste2 has 210 seconds left.\n|inactive|storm zone has 180 seconds left.\n|inactive|MichaelderBeste2 has 180 seconds left.\n|\n|t:|1700849095\n|start\n|switch|p1a: Mt. Ember|Torkoal, M, shiny|100\/100\n|switch|p2a: Zapdos|Zapdos|100\/100\n|-weather|SunnyDay|[from] ability: Drought|[of] p1a: Mt. Ember\n|turn|1\n|inactive|storm zone has 240 seconds left.\n|inactive|MichaelderBeste2 has 210 seconds left.\n|inactive|storm zone has 210 seconds left.\n|\n|t:|1700849139\n|move|p2a: Zapdos|Volt Switch|p1a: Mt. Ember\n|-damage|p1a: Mt. Ember|73\/100\n|inactive|MichaelderBeste2 has 210 seconds left.\n|\n|t:|1700849154\n|switch|p2a: Garganacl|Garganacl, M|100\/100|[from] Volt Switch\n|move|p1a: Mt. Ember|Stealth Rock|p2a: Garganacl\n|-sidestart|p2: MichaelderBeste2|move: Stealth Rock\n|\n|-weather|SunnyDay|[upkeep]\n|upkeep\n|turn|2\n|\n|t:|1700849168\n|switch|p2a: Cinderace|Cinderace, F|100\/100\n|switch|p1a: Calamity|Lilligant-Hisui, F, shiny|100\/100\n|\n|-weather|SunnyDay|[upkeep]\n|upkeep\n|turn|3\n|inactive|MichaelderBeste2 has 210 seconds left.\n|inactive|storm zone has 210 seconds left.\n|\n|t:|1700849190\n|switch|p1a: Hell's Angel|Walking Wake|100\/100\n|-activate|p1a: Hell's Angel|ability: Protosynthesis\n|-start|p1a: Hell's Angel|protosynthesisspa\n|move|p2a: Cinderace|Pyro Ball|p1a: Hell's Angel\n|-resisted|p1a: Hell's Angel\n|-damage|p1a: Hell's Angel|80\/100\n|\n|-weather|SunnyDay|[upkeep]\n|upkeep\n|turn|4\n|inactive|storm zone has 210 seconds left.\n|\n|t:|1700849203\n|move|p2a: Cinderace|U-turn|p1a: Hell's Angel\n|-damage|p1a: Hell's Angel|59\/100\n|\n|t:|1700849205\n|switch|p2a: Amoonguss|Amoonguss, M|100\/100|[from] U-turn\n|-damage|p2a: Amoonguss|88\/100|[from] Stealth Rock\n|move|p1a: Hell's Angel|Hydro Steam|p2a: Amoonguss\n|-resisted|p2a: Amoonguss\n|-damage|p2a: Amoonguss|31\/100\n|-enditem|p2a: Amoonguss|Red Card|[of] p1a: Hell's Angel\n|-end|p1a: Hell's Angel|Protosynthesis|[silent]\n|drag|p1a: Lacey Evans|Hatterene, F, shiny|100\/100\n|\n|-weather|SunnyDay|[upkeep]\n|upkeep\n|turn|5\n|inactive|storm zone has 210 seconds left.\n|inactive|MichaelderBeste2 has 180 seconds left.\n|\n|t:|1700849247\n|switch|p1a: Hell's Angel|Walking Wake|59\/100\n|-activate|p1a: Hell's Angel|ability: Protosynthesis\n|-start|p1a: Hell's Angel|protosynthesisspa\n|switch|p2a: Kingambit|Kingambit, M|100\/100\n|-damage|p2a: Kingambit|94\/100|[from] Stealth Rock\n|\n|-weather|SunnyDay|[upkeep]\n|-heal|p2a: Kingambit|100\/100|[from] item: Leftovers\n|upkeep\n|turn|6\n|inactive|storm zone has 210 seconds left.\n|inactive|MichaelderBeste2 has 150 seconds left.\n|inactive|storm zone has 180 seconds left.\n|\n|t:|1700849300\n|move|p2a: Kingambit|Sucker Punch|p1a: Hell's Angel\n|-damage|p1a: Hell's Angel|18\/100\n|move|p1a: Hell's Angel|Hydro Steam|p2a: Kingambit\n|-damage|p2a: Kingambit|0 fnt\n|faint|p2a: Kingambit\n|-end|p2a: Kingambit|fallenundefined|[silent]\n|\n|-weather|SunnyDay|[upkeep]\n|upkeep\n|inactive|MichaelderBeste2 has 120 seconds left.\n|\n|t:|1700849323\n|switch|p2a: Cinderace|Cinderace, F|100\/100\n|turn|7\n|inactive|storm zone has 180 seconds left.\n|inactive|storm zone has 150 seconds left.\n|inactive|MichaelderBeste2 has 120 seconds left.\n|inactive|storm zone has 120 seconds left.\n|inactive|MichaelderBeste2 has 90 seconds left.\n|inactive|storm zone has 90 seconds left.\n|\n|t:|1700849425\n|move|p2a: Cinderace|Pyro Ball|p1a: Hell's Angel\n|-resisted|p1a: Hell's Angel\n|-damage|p1a: Hell's Angel|0 fnt\n|faint|p1a: Hell's Angel\n|-end|p1a: Hell's Angel|Protosynthesis|[silent]\n|\n|-weather|SunnyDay|[upkeep]\n|upkeep\n|\n|t:|1700849442\n|switch|p1a: Calamity|Lilligant-Hisui, F, shiny|100\/100\n|turn|8\n|\n|t:|1700849445\n|switch|p2a: Zapdos|Zapdos|100\/100\n|move|p1a: Calamity|Close Combat|p2a: Zapdos\n|-resisted|p2a: Zapdos\n|-damage|p2a: Zapdos|62\/100\n|-unboost|p1a: Calamity|def|1\n|-unboost|p1a: Calamity|spd|1\n|-status|p1a: Calamity|par|[from] ability: Static|[of] p2a: Zapdos\n|-damage|p1a: Calamity|91\/100 par|[from] item: Life Orb\n|\n|-weather|none\n|upkeep\n|turn|9\n|\n|t:|1700849457\n|switch|p1a: Mt. Ember|Torkoal, M, shiny|73\/100\n|-weather|SunnyDay|[from] ability: Drought|[of] p1a: Mt. Ember\n|move|p2a: Zapdos|Volt Switch|p1a: Mt. Ember\n|-damage|p1a: Mt. Ember|45\/100\n|inactive|MichaelderBeste2 has 90 seconds left.\n|\n|t:|1700849489\n|switch|p2a: Great Tusk|Great Tusk|100\/100|[from] Volt Switch\n|-activate|p2a: Great Tusk|ability: Protosynthesis\n|-start|p2a: Great Tusk|protosynthesisdef\n|\n|-weather|SunnyDay|[upkeep]\n|upkeep\n|turn|10\n|\n|t:|1700849499\n|switch|p1a: Lacey Evans|Hatterene, F, shiny|100\/100\n|move|p2a: Great Tusk|Earthquake|p1a: Lacey Evans\n|-damage|p1a: Lacey Evans|60\/100\n|\n|-weather|SunnyDay|[upkeep]\n|-heal|p1a: Lacey Evans|66\/100|[from] item: Leftovers\n|upkeep\n|turn|11\n|\n|t:|1700849507\n|-end|p2a: Great Tusk|Protosynthesis|[silent]\n|switch|p2a: Cinderace|Cinderace, F|100\/100\n|move|p1a: Lacey Evans|Psyshock|p2a: Cinderace\n|-crit|p2a: Cinderace\n|-damage|p2a: Cinderace|32\/100\n|\n|-weather|SunnyDay|[upkeep]\n|-heal|p1a: Lacey Evans|72\/100|[from] item: Leftovers\n|upkeep\n|turn|12\n|\n|t:|1700849520\n|move|p2a: Cinderace|Pyro Ball|p1a: Lacey Evans\n|-damage|p1a: Lacey Evans|0 fnt\n|faint|p1a: Lacey Evans\n|\n|-weather|SunnyDay|[upkeep]\n|upkeep\n|\n|t:|1700849535\n|switch|p1a: Symbolism|Iron Moth, shiny|100\/100\n|-enditem|p1a: Symbolism|Booster Energy\n|-activate|p1a: Symbolism|ability: Quark Drive|[fromitem]\n|-start|p1a: Symbolism|quarkdrivespe\n|turn|13\n|inactive|MichaelderBeste2 has 90 seconds left.\n|\n|t:|1700849547\n|switch|p2a: Amoonguss|Amoonguss, M|64\/100\n|-damage|p2a: Amoonguss|52\/100|[from] Stealth Rock\n|move|p1a: Symbolism|Fiery Dance|p2a: Amoonguss\n|-supereffective|p2a: Amoonguss\n|-damage|p2a: Amoonguss|0 fnt\n|-boost|p1a: Symbolism|spa|1\n|faint|p2a: Amoonguss\n|\n|-weather|SunnyDay|[upkeep]\n|upkeep\n|inactive|MichaelderBeste2 has 60 seconds left.\n|inactive|MichaelderBeste2 has 30 seconds left.\n|\n|t:|1700849616\n|switch|p2a: Garganacl|Garganacl, M|100\/100\n|-damage|p2a: Garganacl|88\/100|[from] Stealth Rock\n|turn|14\n|inactive|storm zone has 120 seconds left.\n|\n|t:|1700849628\n|-terastallize|p1a: Symbolism|Ground\n|move|p1a: Symbolism|Tera Blast|p2a: Garganacl|[anim] Tera Blast Ground\n|-supereffective|p2a: Garganacl\n|-damage|p2a: Garganacl|7\/100\n|move|p2a: Garganacl|Salt Cure|p1a: Symbolism\n|-resisted|p1a: Symbolism\n|-damage|p1a: Symbolism|92\/100\n|-start|p1a: Symbolism|Salt Cure\n|\n|-weather|SunnyDay|[upkeep]\n|-heal|p2a: Garganacl|14\/100|[from] item: Leftovers\n|-damage|p1a: Symbolism|79\/100|[from] Salt Cure\n|upkeep\n|turn|15\n|inactive|storm zone has 120 seconds left.\n|\n|t:|1700849642\n|move|p1a: Symbolism|Fiery Dance|p2a: Garganacl\n|-resisted|p2a: Garganacl\n|-damage|p2a: Garganacl|0 fnt\n|faint|p2a: Garganacl\n|\n|-weather|SunnyDay|[upkeep]\n|-damage|p1a: Symbolism|67\/100|[from] Salt Cure\n|upkeep\n|inactive|MichaelderBeste2 has 30 seconds left.\n|inactive|MichaelderBeste2 has 20 seconds left.\n|inactive|MichaelderBeste2 has 15 seconds left.\n|\n|t:|1700849668\n|switch|p2a: Great Tusk|Great Tusk|100\/100\n|-activate|p2a: Great Tusk|ability: Protosynthesis\n|-start|p2a: Great Tusk|protosynthesisdef\n|turn|16\n|inactive|MichaelderBeste2 has 25 seconds left this turn.\n|\n|t:|1700849671\n|-terastallize|p2a: Great Tusk|Water\n|move|p1a: Symbolism|Fiery Dance|p2a: Great Tusk\n|-resisted|p2a: Great Tusk\n|-damage|p2a: Great Tusk|36\/100\n|move|p2a: Great Tusk|Earthquake|p1a: Symbolism\n|-damage|p1a: Symbolism|4\/100\n|\n|-weather|none\n|-end|p2a: Great Tusk|Protosynthesis\n|-damage|p1a: Symbolism|0 fnt|[from] Salt Cure\n|faint|p1a: Symbolism\n|-end|p1a: Symbolism|Quark Drive|[silent]\n|upkeep\n|inactive|MichaelderBeste2 has 30 seconds left this turn.\n|inactive|storm zone has 120 seconds left.\n|\n|t:|1700849705\n|switch|p1a: Calamity|Lilligant-Hisui, F, shiny|91\/100 par\n|turn|17\n|inactive|MichaelderBeste2 has 30 seconds left.\n|\n|t:|1700849722\n|move|p2a: Great Tusk|Stealth Rock|p1a: Calamity\n|-sidestart|p1: storm zone|move: Stealth Rock\n|move|p1a: Calamity|Close Combat|p2a: Great Tusk\n|-damage|p2a: Great Tusk|0 fnt\n|-unboost|p1a: Calamity|def|1\n|-unboost|p1a: Calamity|spd|1\n|faint|p2a: Great Tusk\n|-end|p2a: Great Tusk|Protosynthesis|[silent]\n|-damage|p1a: Calamity|81\/100 par|[from] item: Life Orb\n|\n|upkeep\n|inactive|MichaelderBeste2 has 30 seconds left this turn.\n|inactive|MichaelderBeste2 has 20 seconds left.\n|inactive|MichaelderBeste2 has 15 seconds left.\n|\n|t:|1700849741\n|switch|p2a: Cinderace|Cinderace, F|32\/100\n|turn|18\n|inactive|MichaelderBeste2 has 25 seconds left this turn.\n|\n|t:|1700849746\n|move|p2a: Cinderace|Pyro Ball|p1a: Calamity|[miss]\n|-miss|p2a: Cinderace|p1a: Calamity\n|move|p1a: Calamity|Close Combat|p2a: Cinderace\n|-damage|p2a: Cinderace|0 fnt\n|-unboost|p1a: Calamity|def|1\n|-unboost|p1a: Calamity|spd|1\n|faint|p2a: Cinderace\n|-damage|p1a: Calamity|71\/100 par|[from] item: Life Orb\n|\n|upkeep\n|inactive|MichaelderBeste2 has 30 seconds left this turn.\n|\n|t:|1700849750\n|switch|p2a: Zapdos|Zapdos|62\/100\n|turn|19\n|c|\u2606storm zone|Mbmb\n|\n|t:|1700849756\n|move|p2a: Zapdos|Hurricane|p1a: Calamity\n|-supereffective|p1a: Calamity\n|-damage|p1a: Calamity|0 fnt\n|faint|p1a: Calamity\n|\n|upkeep\n|\n|t:|1700849758\n|switch|p1a: Overgod|Kingambit, M, shiny|100\/100\n|-damage|p1a: Overgod|94\/100|[from] Stealth Rock\n|-activate|p1a: Overgod|ability: Supreme Overlord\n|-start|p1a: Overgod|fallen4|[silent]\n|turn|20\n|\n|t:|1700849762\n|move|p2a: Zapdos|Thunder Wave|p1a: Overgod\n|-status|p1a: Overgod|par\n|move|p1a: Overgod|Swords Dance|p1a: Overgod\n|-boost|p1a: Overgod|atk|2\n|\n|-heal|p1a: Overgod|100\/100 par|[from] item: Leftovers\n|upkeep\n|turn|21\n|\n|t:|1700849765\n|cant|p1a: Overgod|par\n|move|p2a: Zapdos|Volt Switch|p1a: Overgod\n|-damage|p1a: Overgod|74\/100 par\n|\n|-heal|p1a: Overgod|81\/100 par|[from] item: Leftovers\n|upkeep\n|turn|22\n|\n|t:|1700849768\n|cant|p1a: Overgod|par\n|move|p2a: Zapdos|Volt Switch|p1a: Overgod\n|-crit|p1a: Overgod\n|-damage|p1a: Overgod|41\/100 par\n|\n|-heal|p1a: Overgod|47\/100 par|[from] item: Leftovers\n|upkeep\n|turn|23\n|\n|t:|1700849770\n|move|p1a: Overgod|Sucker Punch||[still]\n|-fail|p1a: Overgod\n|move|p2a: Zapdos|Roost|p2a: Zapdos\n|-heal|p2a: Zapdos|100\/100\n|-singleturn|p2a: Zapdos|move: Roost\n|\n|-heal|p1a: Overgod|54\/100 par|[from] item: Leftovers\n|upkeep\n|turn|24\n|\n|t:|1700849772\n|cant|p1a: Overgod|par\n|move|p2a: Zapdos|Volt Switch|p1a: Overgod\n|-damage|p1a: Overgod|23\/100 par\n|\n|-heal|p1a: Overgod|29\/100 par|[from] item: Leftovers\n|upkeep\n|turn|25\n|\n|t:|1700849774\n|move|p1a: Overgod|Sucker Punch|p2a: Zapdos\n|-damage|p2a: Zapdos|0 fnt\n|faint|p2a: Zapdos\n|\n|win|storm zone\n|c|\u2606MichaelderBeste2|gg\n|c|\u2606storm zone|Gg\n","uploadtime":1700849775,"views":80,"p1id":"stormzone","p2id":"michaelderbeste2","formatid":"gen9ou","rating":0,"private":0,"password":""}