{"id":"smogtours-gen9ou-730635","p1":"Atha & Osake","p2":"TrosKith","format":"[Gen 9] OU","log":"|inactive|Battle timer is ON: inactive players will automatically lose when time's up.\n|t:|1699993571\n|gametype|singles\n|player|p1|Atha & Osake|twins-gen4dp|\n|player|p2|TrosKith|ballguy|\n|teamsize|p1|6\n|teamsize|p2|6\n|gen|9\n|tier|[Gen 9] OU\n|rule|Sleep Clause Mod: Limit one foe put to sleep\n|rule|Species Clause: Limit one of each Pok\u00e9mon\n|rule|OHKO Clause: OHKO moves are banned\n|rule|Evasion Items Clause: Evasion items are banned\n|rule|Evasion Moves Clause: Evasion moves are banned\n|rule|Endless Battle Clause: Forcing endless battles is banned\n|rule|HP Percentage Mod: HP is shown in percentages\n|clearpoke\n|poke|p1|Kingambit, F|\n|poke|p1|Iron Valiant|\n|poke|p1|Cresselia, F|\n|poke|p1|Samurott-Hisui, F|\n|poke|p1|Great Tusk|\n|poke|p1|Sneasler, M|\n|poke|p2|Walking Wake|\n|poke|p2|Sneasler, M|\n|poke|p2|Rillaboom, F|\n|poke|p2|Ogerpon-Cornerstone, F|\n|poke|p2|Heatran, F|\n|poke|p2|Hawlucha, F|\n|teampreview\n|inactive|Atha & Osake also wants the timer to be on.\n|c|\u2606TrosKith|hf\n|c|\u2606Atha & Osake|hf\n|inactive|Atha & Osake has 270 seconds left.\n|\n|t:|1699993603\n|start\n|switch|p1a: Samurott|Samurott-Hisui, F|100\/100\n|switch|p2a: Ogerpon|Ogerpon-Cornerstone, F|100\/100\n|turn|1\n|inactive|Atha & Osake has 270 seconds left.\n|c|+Mindnight|GO TROSKITH\n|inactive|Atha & Osake has 240 seconds left.\n|inactive|Atha & Osake has 210 seconds left.\n|inactive|Atha & Osake has 180 seconds left.\n|\n|t:|1699993730\n|move|p2a: Ogerpon|Power Whip|p1a: Samurott\n|-supereffective|p1a: Samurott\n|-enditem|p1a: Samurott|Focus Sash\n|-damage|p1a: Samurott|1\/100\n|move|p1a: Samurott|Sacred Sword|p2a: Ogerpon\n|-supereffective|p2a: Ogerpon\n|-ability|p2a: Ogerpon|Sturdy\n|-damage|p2a: Ogerpon|1\/100\n|\n|upkeep\n|turn|2\n|inactive|Atha & Osake has 180 seconds left.\n|\n|t:|1699993748\n|move|p1a: Samurott|Aqua Jet|p2a: Ogerpon\n|-damage|p2a: Ogerpon|0 fnt\n|faint|p2a: Ogerpon\n|\n|upkeep\n|inactive|TrosKith has 270 seconds left.\n|\n|t:|1699993771\n|switch|p2a: Walking Wake|Walking Wake|100\/100\n|-enditem|p2a: Walking Wake|Booster Energy\n|-activate|p2a: Walking Wake|ability: Protosynthesis|[fromitem]\n|-start|p2a: Walking Wake|protosynthesisspa\n|turn|3\n|inactive|Atha & Osake has 180 seconds left.\n|inactive|TrosKith has 270 seconds left.\n|\n|t:|1699993779\n|move|p2a: Walking Wake|Surf|p1a: Samurott\n|-resisted|p1a: Samurott\n|-damage|p1a: Samurott|0 fnt\n|faint|p1a: Samurott\n|\n|upkeep\n|inactive|Atha & Osake has 180 seconds left.\n|\n|t:|1699993809\n|switch|p1a: Iron Valiant|Iron Valiant|100\/100\n|-enditem|p1a: Iron Valiant|Booster Energy\n|-activate|p1a: Iron Valiant|ability: Quark Drive|[fromitem]\n|-start|p1a: Iron Valiant|quarkdrivespe\n|turn|4\n|inactive|TrosKith has 270 seconds left.\n|\n|t:|1699993824\n|-terastallize|p2a: Walking Wake|Water\n|move|p1a: Iron Valiant|Moonblast|p2a: Walking Wake\n|-damage|p2a: Walking Wake|44\/100\n|move|p2a: Walking Wake|Agility|p2a: Walking Wake\n|-boost|p2a: Walking Wake|spe|2\n|\n|upkeep\n|turn|5\n|inactive|TrosKith has 270 seconds left.\n|inactive|Atha & Osake has 150 seconds left.\n|\n|t:|1699993859\n|-end|p1a: Iron Valiant|Quark Drive|[silent]\n|switch|p1a: Great Tusk|Great Tusk|100\/100\n|-enditem|p1a: Great Tusk|Booster Energy\n|-activate|p1a: Great Tusk|ability: Protosynthesis|[fromitem]\n|-start|p1a: Great Tusk|protosynthesisspe\n|move|p2a: Walking Wake|Surf|p1a: Great Tusk\n|-supereffective|p1a: Great Tusk\n|-damage|p1a: Great Tusk|0 fnt\n|faint|p1a: Great Tusk\n|-end|p1a: Great Tusk|Protosynthesis|[silent]\n|\n|upkeep\n|inactive|Atha & Osake has 120 seconds left.\n|\n|t:|1699993905\n|switch|p1a: Cresselia|Cresselia, F|100\/100\n|turn|6\n|\n|t:|1699993913\n|move|p2a: Walking Wake|Surf|p1a: Cresselia\n|-damage|p1a: Cresselia|43\/100\n|move|p1a: Cresselia|Calm Mind|p1a: Cresselia\n|-boost|p1a: Cresselia|spa|1\n|-boost|p1a: Cresselia|spd|1\n|\n|-heal|p1a: Cresselia|49\/100|[from] item: Leftovers\n|upkeep\n|turn|7\n|inactive|Atha & Osake has 120 seconds left.\n|\n|t:|1699993925\n|-end|p2a: Walking Wake|Protosynthesis|[silent]\n|switch|p2a: Hawlucha|Hawlucha, F|100\/100\n|move|p1a: Cresselia|Moonlight|p1a: Cresselia\n|-heal|p1a: Cresselia|99\/100\n|\n|-heal|p1a: Cresselia|100\/100|[from] item: Leftovers\n|upkeep\n|turn|8\n|inactive|Atha & Osake has 120 seconds left.\n|\n|t:|1699993955\n|switch|p1a: Iron Valiant|Iron Valiant|100\/100\n|move|p2a: Hawlucha|Encore||[still]\n|-fail|p2a: Hawlucha\n|\n|upkeep\n|turn|9\n|\n|t:|1699993969\n|switch|p2a: Heatran|Heatran, F|100\/100\n|-item|p2a: Heatran|Air Balloon\n|move|p1a: Iron Valiant|Moonblast|p2a: Heatran\n|-resisted|p2a: Heatran\n|-damage|p2a: Heatran|93\/100\n|-enditem|p2a: Heatran|Air Balloon\n|\n|upkeep\n|turn|10\n|inactive|Atha & Osake has 90 seconds left.\n|inactive|Atha & Osake has 60 seconds left.\n|\n|t:|1699994039\n|move|p1a: Iron Valiant|Close Combat|p2a: Heatran\n|-supereffective|p2a: Heatran\n|-damage|p2a: Heatran|0 fnt\n|-unboost|p1a: Iron Valiant|def|1\n|-unboost|p1a: Iron Valiant|spd|1\n|faint|p2a: Heatran\n|\n|upkeep\n|\n|t:|1699994046\n|switch|p2a: Rillaboom|Rillaboom, F|100\/100\n|-fieldstart|move: Grassy Terrain|[from] ability: Grassy Surge|[of] p2a: Rillaboom\n|turn|11\n|inactive|Atha & Osake has 30 seconds left.\n|\n|t:|1699994084\n|move|p1a: Iron Valiant|Destiny Bond|p1a: Iron Valiant\n|-singlemove|p1a: Iron Valiant|Destiny Bond\n|move|p2a: Rillaboom|U-turn|p1a: Iron Valiant\n|-resisted|p1a: Iron Valiant\n|-damage|p1a: Iron Valiant|83\/100\n|inactive|Atha & Osake has 30 seconds left this turn.\n|\n|t:|1699994091\n|switch|p2a: Hawlucha|Hawlucha, F|100\/100|[from] U-turn\n|-enditem|p2a: Hawlucha|Grassy Seed\n|-boost|p2a: Hawlucha|def|1|[from] item: Grassy Seed\n|\n|-heal|p1a: Iron Valiant|89\/100|[from] Grassy Terrain\n|upkeep\n|turn|12\n|inactive|Atha & Osake has 30 seconds left.\n|inactive|Atha & Osake has 20 seconds left.\n|inactive|Atha & Osake has 15 seconds left.\n|\n|t:|1699994116\n|-end|p1a: Iron Valiant|Quark Drive|[silent]\n|switch|p1a: Cresselia|Cresselia, F|100\/100\n|move|p2a: Hawlucha|Encore||[still]\n|-fail|p2a: Hawlucha\n|\n|upkeep\n|turn|13\n|inactive|Atha & Osake has 25 seconds left this turn.\n|inactive|Atha & Osake has 20 seconds left.\n|\n|t:|1699994122\n|move|p2a: Hawlucha|Swords Dance|p2a: Hawlucha\n|-boost|p2a: Hawlucha|atk|2\n|move|p1a: Cresselia|Moonblast|p2a: Hawlucha\n|-supereffective|p2a: Hawlucha\n|-damage|p2a: Hawlucha|39\/100\n|\n|upkeep\n|turn|14\n|inactive|Atha & Osake has 30 seconds left this turn.\n|inactive|Atha & Osake has 20 seconds left.\n|\n|t:|1699994136\n|move|p2a: Hawlucha|Acrobatics|p1a: Cresselia\n|-damage|p1a: Cresselia|48\/100\n|move|p1a: Cresselia|Moonblast|p2a: Hawlucha\n|-supereffective|p2a: Hawlucha\n|-damage|p2a: Hawlucha|0 fnt\n|faint|p2a: Hawlucha\n|\n|-heal|p1a: Cresselia|54\/100|[from] item: Leftovers\n|upkeep\n|inactive|Atha & Osake has 25 seconds left this turn.\n|inactive|TrosKith has 270 seconds left.\n|\n|t:|1699994174\n|switch|p2a: Sneasler|Sneasler, M|100\/100\n|-enditem|p2a: Sneasler|Grassy Seed\n|-boost|p2a: Sneasler|def|1|[from] item: Grassy Seed\n|turn|15\n|inactive|Atha & Osake has 30 seconds left.\n|inactive|Atha & Osake has 20 seconds left.\n|inactive|Atha & Osake has 15 seconds left.\n|inactive|Atha & Osake has 10 seconds left.\n|\n|t:|1699994201\n|-terastallize|p1a: Cresselia|Poison\n|move|p2a: Sneasler|Swords Dance|p2a: Sneasler\n|-boost|p2a: Sneasler|atk|2\n|move|p1a: Cresselia|Moonlight|p1a: Cresselia\n|-heal|p1a: Cresselia|100\/100\n|\n|-fieldend|move: Grassy Terrain\n|upkeep\n|turn|16\n|inactive|Atha & Osake has 20 seconds left this turn.\n|inactive|Atha & Osake has 15 seconds left.\n|inactive|TrosKith has 270 seconds left.\n|\n|t:|1699994220\n|move|p2a: Sneasler|Dire Claw|p1a: Cresselia\n|-resisted|p1a: Cresselia\n|-damage|p1a: Cresselia|77\/100\n|move|p1a: Cresselia|Calm Mind|p1a: Cresselia\n|-boost|p1a: Cresselia|spa|1\n|-boost|p1a: Cresselia|spd|1\n|\n|-heal|p1a: Cresselia|83\/100|[from] item: Leftovers\n|upkeep\n|turn|17\n|inactive|Atha & Osake has 25 seconds left this turn.\n|inactive|Atha & Osake has 20 seconds left.\n|inactive|Atha & Osake has 15 seconds left.\n|inactive|Atha & Osake has 10 seconds left.\n|\n|t:|1699994237\n|move|p2a: Sneasler|Dire Claw|p1a: Cresselia\n|-resisted|p1a: Cresselia\n|-damage|p1a: Cresselia|58\/100\n|move|p1a: Cresselia|Calm Mind|p1a: Cresselia\n|-boost|p1a: Cresselia|spa|1\n|-boost|p1a: Cresselia|spd|1\n|\n|-heal|p1a: Cresselia|64\/100|[from] item: Leftovers\n|upkeep\n|turn|18\n|inactive|Atha & Osake has 20 seconds left this turn.\n|inactive|Atha & Osake has 15 seconds left.\n|inactive|Atha & Osake has 10 seconds left.\n|\n|t:|1699994248\n|move|p2a: Sneasler|Dire Claw|p1a: Cresselia\n|-resisted|p1a: Cresselia\n|-damage|p1a: Cresselia|39\/100\n|-status|p1a: Cresselia|slp\n|cant|p1a: Cresselia|slp\n|\n|-heal|p1a: Cresselia|45\/100 slp|[from] item: Leftovers\n|upkeep\n|turn|19\n|inactive|Atha & Osake has 20 seconds left this turn.\n|inactive|Atha & Osake has 15 seconds left.\n|inactive|Atha & Osake has 10 seconds left.\n|\n|t:|1699994263\n|move|p2a: Sneasler|Shadow Claw|p1a: Cresselia\n|-damage|p1a: Cresselia|18\/100 slp\n|cant|p1a: Cresselia|slp\n|\n|-heal|p1a: Cresselia|24\/100 slp|[from] item: Leftovers\n|upkeep\n|turn|20\n|inactive|Atha & Osake has 20 seconds left this turn.\n|inactive|Atha & Osake has 15 seconds left.\n|\n|t:|1699994268\n|move|p2a: Sneasler|Shadow Claw|p1a: Cresselia\n|-damage|p1a: Cresselia|0 fnt\n|faint|p1a: Cresselia\n|\n|upkeep\n|inactive|Atha & Osake has 20 seconds left this turn.\n|inactive|Atha & Osake has 15 seconds left.\n|\n|t:|1699994274\n|switch|p1a: Sneasler|Sneasler, M|100\/100\n|-item|p1a: Sneasler|Air Balloon\n|turn|21\n|inactive|Atha & Osake has 25 seconds left this turn.\n|inactive|Atha & Osake has 20 seconds left.\n|inactive|Atha & Osake has 15 seconds left.\n|\n|t:|1699994285\n|move|p2a: Sneasler|Close Combat|p1a: Sneasler\n|-resisted|p1a: Sneasler\n|-damage|p1a: Sneasler|0 fnt\n|-unboost|p2a: Sneasler|def|1\n|-unboost|p2a: Sneasler|spd|1\n|-enditem|p1a: Sneasler|Air Balloon\n|faint|p1a: Sneasler\n|\n|upkeep\n|inactive|Atha & Osake has 20 seconds left this turn.\n|inactive|Atha & Osake has 15 seconds left.\n|\n|t:|1699994291\n|switch|p1a: Iron Valiant|Iron Valiant|89\/100\n|turn|22\n|inactive|Atha & Osake has 25 seconds left this turn.\n|\n|t:|1699994294\n|move|p2a: Sneasler|Dire Claw|p1a: Iron Valiant\n|-supereffective|p1a: Iron Valiant\n|-damage|p1a: Iron Valiant|0 fnt\n|faint|p1a: Iron Valiant\n|-end|p1a: Iron Valiant|Quark Drive|[silent]\n|\n|upkeep\n|inactive|Atha & Osake has 30 seconds left this turn.\n|\n|t:|1699994296\n|switch|p1a: Kingambit|Kingambit, F|100\/100\n|-activate|p1a: Kingambit|ability: Supreme Overlord\n|-start|p1a: Kingambit|fallen5|[silent]\n|turn|23\n|inactive|Atha & Osake has 30 seconds left.\n|\n|t:|1699994318\n|move|p1a: Kingambit|Sucker Punch|p2a: Sneasler\n|-resisted|p2a: Sneasler\n|-damage|p2a: Sneasler|53\/100\n|move|p2a: Sneasler|Close Combat|p1a: Kingambit\n|-supereffective|p1a: Kingambit\n|-damage|p1a: Kingambit|0 fnt\n|-unboost|p2a: Sneasler|def|1\n|-unboost|p2a: Sneasler|spd|1\n|faint|p1a: Kingambit\n|-end|p1a: Kingambit|fallen5|[silent]\n|\n|win|TrosKith\n|inactive|Atha & Osake has 30 seconds left this turn.\n","uploadtime":1699994319,"views":67,"p1id":"athaosake","p2id":"troskith","formatid":"gen9ou","rating":0,"private":0,"password":""}