{"id":"dl-gen9nationaldexdoubles-114626","p1":"Gioilele","p2":"cwdevilmawilefc","format":"[Gen 9] National Dex Doubles","log":"|j|\u2606Gioilele\n|j|\u2606cwdevilmawilefc\n|t:|1698613826\n|gametype|doubles\n|player|p1|Gioilele|266|\n|player|p2|cwdevilmawilefc|169|\n|teamsize|p1|6\n|teamsize|p2|6\n|gen|9\n|tier|[Gen 9] National Dex Doubles\n|rule|Sleep Clause Mod: Limit one foe put to sleep\n|rule|OHKO Clause: OHKO moves are banned\n|rule|Evasion Moves Clause: Evasion moves are banned\n|rule|Endless Battle Clause: Forcing endless battles is banned\n|rule|HP Percentage Mod: HP is shown in percentages\n|rule|Z-Move Clause: Z-Moves are banned\n|clearpoke\n|poke|p1|Walking Wake|\n|poke|p1|Thundurus, M|\n|poke|p1|Kleavor, M|\n|poke|p1|Infernape, M|\n|poke|p1|Fezandipiti, M|\n|poke|p1|Clefairy, M|\n|poke|p2|Hatterene, F|\n|poke|p2|Iron Hands|\n|poke|p2|Ursaluna, M|\n|poke|p2|Vikavolt, M|\n|poke|p2|Tapu Lele|\n|poke|p2|Tinkaton, F|\n|teampreview\n|c|\u2606cwdevilmawilefc|Hatterene Fire, Iron Hands Grass, Ursaluna Ghost, Vikavolt Electric, Tapu Lele Fire, Tinkaton Water\n|c|\u2606Gioilele|\/html Walking Wake Tera Type: Water \/ Thundurus (M) Tera Type: Electric \/ Kleavor Tera Type: Water \/ Infernape Tera Type: Fire \/ Fezandipiti Tera Type: Flying \/ Clefairy Tera Type: Steel\n|c|\u2606Gioilele|bom jogo\n|\n|t:|1698613919\n|start\n|switch|p1a: Kleavor|Kleavor, M|100\/100\n|switch|p1b: Infernape|Infernape, M|100\/100\n|switch|p2a: Tinkaton|Tinkaton, F|100\/100\n|switch|p2b: Hatterene|Hatterene, F|100\/100\n|-ability|p2a: Tinkaton|Mold Breaker\n|turn|1\n|c|\u2606cwdevilmawilefc|Pra voc\u00ea tamb\u00e9m \n|\n|t:|1698613943\n|move|p1b: Infernape|Fake Out|p2a: Tinkaton\n|-resisted|p2a: Tinkaton\n|-damage|p2a: Tinkaton|93\/100\n|cant|p2a: Tinkaton|flinch\n|move|p1a: Kleavor|Stone Axe|p2b: Hatterene|[miss]\n|-miss|p1a: Kleavor|p2b: Hatterene\n|move|p2b: Hatterene|Trick Room|p2b: Hatterene\n|-fieldstart|move: Trick Room|[of] p2b: Hatterene\n|\n|upkeep\n|turn|2\n|\n|t:|1698613963\n|switch|p1b: Clefairy|Clefairy, M|100\/100\n|move|p1a: Kleavor|Protect|p1a: Kleavor\n|-singleturn|p1a: Kleavor|Protect\n|move|p2b: Hatterene|Psychic|p1b: Clefairy\n|-damage|p1b: Clefairy|69\/100\n|move|p2a: Tinkaton|Gigaton Hammer|p1a: Kleavor\n|-activate|p1a: Kleavor|move: Protect\n|\n|upkeep\n|turn|3\n|\n|t:|1698613985\n|switch|p2b: Ursaluna|Ursaluna, M|100\/100\n|move|p1b: Clefairy|Life Dew||[still]|[spread] p1a,p1b\n|-fail|p1a: Kleavor|heal\n|-heal|p1b: Clefairy|94\/100\n|move|p1a: Kleavor|Stone Axe|p2b: Ursaluna\n|-resisted|p2b: Ursaluna\n|-damage|p2b: Ursaluna|74\/100\n|-sidestart|p2: cwdevilmawilefc|move: Stealth Rock\n|-damage|p1a: Kleavor|91\/100|[from] item: Life Orb\n|move|p2a: Tinkaton|Knock Off|p1b: Clefairy\n|-resisted|p1b: Clefairy\n|-damage|p1b: Clefairy|84\/100\n|-enditem|p1b: Clefairy|Eviolite|[from] move: Knock Off|[of] p2a: Tinkaton\n|\n|-status|p2b: Ursaluna|brn|[from] item: Flame Orb\n|upkeep\n|turn|4\n|\n|t:|1698614030\n|switch|p1b: Thundurus|Thundurus, M|100\/100\n|move|p1a: Kleavor|Protect|p1a: Kleavor\n|-singleturn|p1a: Kleavor|Protect\n|move|p2b: Ursaluna|Headlong Rush|p1a: Kleavor\n|-activate|p1a: Kleavor|move: Protect\n|move|p2a: Tinkaton|Gigaton Hammer|p1b: Thundurus\n|-resisted|p1b: Thundurus\n|-damage|p1b: Thundurus|57\/100\n|\n|-damage|p2b: Ursaluna|68\/100 brn|[from] brn\n|upkeep\n|turn|5\n|\n|t:|1698614069\n|switch|p1a: Clefairy|Clefairy, M|84\/100\n|move|p2b: Ursaluna|Ice Punch|p1b: Thundurus\n|-supereffective|p1b: Thundurus\n|-damage|p1b: Thundurus|0 fnt\n|faint|p1b: Thundurus\n|move|p2a: Tinkaton|Thunder Wave|p1a: Clefairy\n|-status|p1a: Clefairy|par\n|\n|-damage|p2b: Ursaluna|62\/100 brn|[from] brn\n|-fieldend|move: Trick Room\n|upkeep\n|\n|t:|1698614100\n|switch|p1b: Infernape|Infernape, M|100\/100\n|turn|6\n|\n|t:|1698614116\n|-terastallize|p2b: Ursaluna|Ghost\n|move|p1a: Clefairy|Helping Hand|p1b: Infernape\n|-singleturn|p1b: Infernape|Helping Hand|[of] p1a: Clefairy\n|move|p1b: Infernape|Fire Punch|p2a: Tinkaton\n|-supereffective|p2a: Tinkaton\n|-damage|p2a: Tinkaton|0 fnt\n|faint|p2a: Tinkaton\n|move|p2b: Ursaluna|Facade|p1b: Infernape\n|-damage|p1b: Infernape|0 fnt\n|faint|p1b: Infernape\n|\n|-damage|p2b: Ursaluna|56\/100 brn|[from] brn\n|upkeep\n|\n|t:|1698614133\n|switch|p1b: Walking Wake|Walking Wake|100\/100\n|switch|p2a: Hatterene|Hatterene, F|100\/100\n|-damage|p2a: Hatterene|88\/100|[from] Stealth Rock\n|turn|7\n|\n|t:|1698614146\n|-terastallize|p1b: Walking Wake|Water\n|move|p2b: Ursaluna|Protect|p2b: Ursaluna\n|-singleturn|p2b: Ursaluna|Protect\n|move|p1a: Clefairy|Follow Me|p1a: Clefairy\n|-singleturn|p1a: Clefairy|move: Follow Me\n|move|p1b: Walking Wake|Hydro Steam|p2a: Hatterene\n|-damage|p2a: Hatterene|45\/100\n|move|p2a: Hatterene|Trick Room|p2a: Hatterene\n|-fieldstart|move: Trick Room|[of] p2a: Hatterene\n|\n|-damage|p2b: Ursaluna|50\/100 brn|[from] brn\n|upkeep\n|turn|8\n|\n|t:|1698614178\n|move|p1a: Clefairy|Follow Me|p1a: Clefairy\n|-singleturn|p1a: Clefairy|move: Follow Me\n|move|p2a: Hatterene|Psychic|p1a: Clefairy\n|-damage|p1a: Clefairy|32\/100 par\n|move|p2b: Ursaluna|Facade|p1a: Clefairy\n|-damage|p1a: Clefairy|0 fnt\n|faint|p1a: Clefairy\n|move|p1b: Walking Wake|Hydro Steam|p2b: Ursaluna\n|-damage|p2b: Ursaluna|0 fnt\n|faint|p2b: Ursaluna\n|\n|upkeep\n|\n|t:|1698614196\n|switch|p1a: Fezandipiti|Fezandipiti, M|100\/100\n|switch|p2b: Vikavolt|Vikavolt, M, shiny|100\/100\n|-damage|p2b: Vikavolt|76\/100|[from] Stealth Rock\n|turn|9\n|\n|t:|1698614223\n|move|p1a: Fezandipiti|Protect|p1a: Fezandipiti\n|-singleturn|p1a: Fezandipiti|Protect\n|move|p1b: Walking Wake|Protect|p1b: Walking Wake\n|-singleturn|p1b: Walking Wake|Protect\n|move|p2b: Vikavolt|Thunderbolt|p1b: Walking Wake\n|-activate|p1b: Walking Wake|move: Protect\n|move|p2a: Hatterene|Psychic|p1a: Fezandipiti\n|-activate|p1a: Fezandipiti|move: Protect\n|\n|upkeep\n|turn|10\n|\n|t:|1698614238\n|-end|p1b: Walking Wake|Protosynthesis|[silent]\n|switch|p1b: Kleavor|Kleavor, M|91\/100\n|move|p2b: Vikavolt|Thunderbolt|p1b: Kleavor\n|-damage|p1b: Kleavor|0 fnt\n|faint|p1b: Kleavor\n|-damage|p2b: Vikavolt|66\/100|[from] item: Life Orb\n|move|p2a: Hatterene|Psychic|p1a: Fezandipiti\n|-supereffective|p1a: Fezandipiti\n|-damage|p1a: Fezandipiti|45\/100\n|-enditem|p1a: Fezandipiti|Sitrus Berry|[eat]\n|-heal|p1a: Fezandipiti|70\/100|[from] item: Sitrus Berry\n|move|p1a: Fezandipiti|Dazzling Gleam|p2b: Vikavolt|[spread] p2a,p2b\n|-damage|p2a: Hatterene|33\/100\n|-damage|p2b: Vikavolt|46\/100\n|\n|upkeep\n|\n|t:|1698614252\n|switch|p1b: Walking Wake|Walking Wake, tera:Water|100\/100\n|turn|11\n|\n|t:|1698614284\n|switch|p2b: Iron Hands|Iron Hands|100\/100\n|-damage|p2b: Iron Hands|94\/100|[from] Stealth Rock\n|move|p1a: Fezandipiti|Protect|p1a: Fezandipiti\n|-singleturn|p1a: Fezandipiti|Protect\n|move|p1b: Walking Wake|Protect|p1b: Walking Wake\n|-singleturn|p1b: Walking Wake|Protect\n|move|p2a: Hatterene|Psychic|p1b: Walking Wake\n|-activate|p1b: Walking Wake|move: Protect\n|\n|-fieldend|move: Trick Room\n|upkeep\n|turn|12\n|\n|t:|1698614304\n|move|p2b: Iron Hands|Fake Out|p1b: Walking Wake\n|-damage|p1b: Walking Wake|86\/100\n|cant|p1b: Walking Wake|flinch\n|move|p1a: Fezandipiti|Dazzling Gleam|p2b: Iron Hands|[spread] p2a,p2b\n|-supereffective|p2b: Iron Hands\n|-damage|p2a: Hatterene|21\/100\n|-damage|p2b: Iron Hands|80\/100\n|-status|p2b: Iron Hands|tox|[from] ability: Toxic Chain|[of] p1a: Fezandipiti\n|move|p2a: Hatterene|Trick Room|p2a: Hatterene\n|-fieldstart|move: Trick Room|[of] p2a: Hatterene\n|\n|-heal|p1b: Walking Wake|92\/100|[from] item: Leftovers\n|-damage|p2b: Iron Hands|74\/100 tox|[from] psn\n|upkeep\n|turn|13\n|\n|t:|1698614323\n|move|p1b: Walking Wake|Protect|p1b: Walking Wake\n|-singleturn|p1b: Walking Wake|Protect\n|move|p2a: Hatterene|Psychic|p1a: Fezandipiti\n|-supereffective|p1a: Fezandipiti\n|-crit|p1a: Fezandipiti\n|-damage|p1a: Fezandipiti|0 fnt\n|faint|p1a: Fezandipiti\n|move|p2b: Iron Hands|Wild Charge|p1b: Walking Wake\n|-activate|p1b: Walking Wake|move: Protect\n|\n|-heal|p1b: Walking Wake|98\/100|[from] item: Leftovers\n|-damage|p2b: Iron Hands|62\/100 tox|[from] psn\n|upkeep\n|turn|14\n|c|\u2606Gioilele|gg\n|\n|t:|1698614342\n|move|p2a: Hatterene|Psychic|p1b: Walking Wake\n|-damage|p1b: Walking Wake|52\/100\n|move|p2b: Iron Hands|Wild Charge|p1b: Walking Wake\n|-supereffective|p1b: Walking Wake\n|-damage|p1b: Walking Wake|0 fnt\n|faint|p1b: Walking Wake\n|-end|p1b: Walking Wake|Protosynthesis|[silent]\n|-damage|p2b: Iron Hands|52\/100 tox|[from] Recoil\n|\n|win|cwdevilmawilefc\n","uploadtime":1698614353,"views":11,"p1id":"gioilele","p2id":"cwdevilmawilefc","formatid":"gen9nationaldexdoubles","rating":0,"private":0,"password":""}