{"id":"dl-gen9nationaldexdoubles-111877","p1":"Lerntasse","p2":"gioilele","format":"[Gen 9] National Dex Doubles","log":"|j|\u2606Lerntasse\n|j|\u2606gioilele\n|t:|1697939620\n|gametype|doubles\n|player|p1|Lerntasse|hiker-gen4|\n|player|p2|gioilele|101|\n|teamsize|p1|6\n|teamsize|p2|6\n|gen|9\n|tier|[Gen 9] National Dex Doubles\n|rule|Sleep Clause Mod: Limit one foe put to sleep\n|rule|OHKO Clause: OHKO moves are banned\n|rule|Evasion Moves Clause: Evasion moves are banned\n|rule|Endless Battle Clause: Forcing endless battles is banned\n|rule|HP Percentage Mod: HP is shown in percentages\n|rule|Z-Move Clause: Z-Moves are banned\n|clearpoke\n|poke|p1|Kyogre|\n|poke|p1|Tinkaton, F|\n|poke|p1|Overqwil, F|\n|poke|p1|Kyurem|\n|poke|p1|Regieleki|\n|poke|p1|Wyrdeer, F|\n|poke|p2|Ogerpon-Wellspring, F|\n|poke|p2|Landorus-Therian, M|\n|poke|p2|Kilowattrel, F|\n|poke|p2|Gholdengo|\n|poke|p2|Rotom-Wash|\n|poke|p2|Hatterene, F|\n|teampreview\n|c|\u2606gioilele|glhf\n|c|\u2606Lerntasse|glhf\n|\n|t:|1697939663\n|start\n|switch|p1a: Isabell|Tinkaton, F|100\/100\n|switch|p1b: Egg King|Regieleki|100\/100\n|switch|p2a: Kilowattrel|Kilowattrel, F|100\/100\n|switch|p2b: Landorus|Landorus-Therian, M|100\/100\n|-ability|p2b: Landorus|Intimidate|boost\n|-unboost|p1a: Isabell|atk|1\n|-unboost|p1b: Egg King|atk|1\n|-ability|p1a: Isabell|Mold Breaker\n|turn|1\n|\n|t:|1697939682\n|-terastallize|p1b: Egg King|Ice\n|move|p1b: Egg King|Tera Blast|p2b: Landorus\n|-supereffective|p2b: Landorus\n|-damage|p2b: Landorus|0 fnt\n|faint|p2b: Landorus\n|move|p2a: Kilowattrel|Tailwind|p2a: Kilowattrel\n|-sidestart|p2: gioilele|move: Tailwind\n|move|p1a: Isabell|Stealth Rock|p2a: Kilowattrel\n|-sidestart|p2: gioilele|move: Stealth Rock\n|\n|upkeep\n|\n|t:|1697939693\n|switch|p2b: Ogerpon|Ogerpon-Wellspring, F|100\/100\n|-damage|p2b: Ogerpon|88\/100|[from] Stealth Rock\n|turn|2\n|\n|t:|1697939740\n|move|p1b: Egg King|Protect|p1b: Egg King\n|-singleturn|p1b: Egg King|Protect\n|move|p2a: Kilowattrel|Volt Switch|p1b: Egg King\n|-activate|p1b: Egg King|move: Protect\n|move|p2b: Ogerpon|Ivy Cudgel|p1b: Egg King\n|-activate|p1b: Egg King|move: Protect\n|move|p1a: Isabell|Gigaton Hammer|p2a: Kilowattrel\n|-resisted|p2a: Kilowattrel\n|-damage|p2a: Kilowattrel|74\/100\n|\n|upkeep\n|turn|3\n|\n|t:|1697939761\n|switch|p1b: $exual Deer Noises|Wyrdeer, F|100\/100\n|-ability|p1b: $exual Deer Noises|Intimidate|boost\n|-unboost|p2a: Kilowattrel|atk|1\n|-unboost|p2b: Ogerpon|atk|1\n|move|p2a: Kilowattrel|Volt Switch|p1b: $exual Deer Noises\n|-damage|p1b: $exual Deer Noises|80\/100\n|\n|t:|1697939770\n|switch|p2a: Gholdengo|Gholdengo|100\/100|[from] Volt Switch\n|-damage|p2a: Gholdengo|94\/100|[from] Stealth Rock\n|move|p2b: Ogerpon|Swords Dance|p2b: Ogerpon\n|-boost|p2b: Ogerpon|atk|2\n|move|p1a: Isabell|Play Rough|p2b: Ogerpon\n|-damage|p2b: Ogerpon|71\/100\n|\n|-heal|p2a: Gholdengo|100\/100|[from] item: Leftovers\n|upkeep\n|turn|4\n|\n|t:|1697939786\n|switch|p1a: Egg King|Regieleki, tera:Ice|100\/100\n|move|p2b: Ogerpon|Ivy Cudgel|p1a: Egg King\n|-damage|p1a: Egg King|0 fnt\n|faint|p1a: Egg King\n|move|p2a: Gholdengo|Make It Rain|p1b: $exual Deer Noises\n|-damage|p1b: $exual Deer Noises|28\/100\n|-unboost|p2a: Gholdengo|spa|1\n|move|p1b: $exual Deer Noises|Thunder Wave|p2b: Ogerpon\n|-status|p2b: Ogerpon|par\n|\n|-sideend|p2: gioilele|move: Tailwind\n|upkeep\n|\n|t:|1697939801\n|switch|p1a: Parker Thighs|Kyurem|100\/100\n|-ability|p1a: Parker Thighs|Pressure\n|turn|5\n|\n|t:|1697939830\n|switch|p2a: Rotom|Rotom-Wash|100\/100\n|-damage|p2a: Rotom|88\/100|[from] Stealth Rock\n|-terastallize|p2b: Ogerpon|Water\n|detailschange|p2b: Ogerpon|Ogerpon-Wellspring-Tera, F, tera:Water\n|-ability|p2b: Ogerpon|Embody Aspect (Wellspring)|boost\n|-boost|p2b: Ogerpon|spd|1\n|move|p1a: Parker Thighs|Substitute|p1a: Parker Thighs\n|-start|p1a: Parker Thighs|Substitute\n|-damage|p1a: Parker Thighs|76\/100\n|move|p1b: $exual Deer Noises|High Horsepower|p2a: Rotom\n|-immune|p2a: Rotom|[from] ability: Levitate\n|move|p2b: Ogerpon|Ivy Cudgel|p1b: $exual Deer Noises\n|-damage|p1b: $exual Deer Noises|0 fnt\n|faint|p1b: $exual Deer Noises\n|\n|upkeep\n|\n|t:|1697939867\n|switch|p1b: Shaman|Overqwil, F|100\/100\n|-item|p1b: Shaman|Air Balloon\n|turn|6\n|\n|t:|1697939883\n|move|p1a: Parker Thighs|Freeze-Dry|p2b: Ogerpon\n|-supereffective|p2b: Ogerpon\n|-damage|p2b: Ogerpon|21\/100 par\n|move|p1b: Shaman|Swords Dance|p1b: Shaman\n|-boost|p1b: Shaman|atk|2\n|move|p2a: Rotom|Will-O-Wisp|p1b: Shaman\n|-status|p1b: Shaman|brn\n|move|p2b: Ogerpon|Ivy Cudgel|p1a: Parker Thighs\n|-resisted|p1a: Parker Thighs\n|-end|p1a: Parker Thighs|Substitute\n|\n|-damage|p1b: Shaman|94\/100 brn|[from] brn\n|upkeep\n|turn|7\n|\n|t:|1697939902\n|move|p1a: Parker Thighs|Freeze-Dry|p2b: Ogerpon\n|-supereffective|p2b: Ogerpon\n|-damage|p2b: Ogerpon|0 fnt\n|faint|p2b: Ogerpon\n|move|p1b: Shaman|Swords Dance|p1b: Shaman\n|-boost|p1b: Shaman|atk|2\n|move|p2a: Rotom|Volt Switch|p1b: Shaman\n|-damage|p1b: Shaman|43\/100 brn\n|-enditem|p1b: Shaman|Air Balloon\n|\n|t:|1697939906\n|switch|p2a: Gholdengo|Gholdengo|100\/100|[from] Volt Switch\n|-damage|p2a: Gholdengo|94\/100|[from] Stealth Rock\n|\n|-heal|p2a: Gholdengo|100\/100|[from] item: Leftovers\n|-damage|p1b: Shaman|37\/100 brn|[from] brn\n|upkeep\n|\n|t:|1697939916\n|switch|p2b: Hatterene|Hatterene, F|100\/100\n|-damage|p2b: Hatterene|88\/100|[from] Stealth Rock\n|turn|8\n|\n|t:|1697939960\n|move|p1a: Parker Thighs|Earth Power|p2a: Gholdengo\n|-supereffective|p2a: Gholdengo\n|-damage|p2a: Gholdengo|38\/100\n|-unboost|p2a: Gholdengo|spd|1\n|move|p1b: Shaman|Crunch|p2b: Hatterene\n|-damage|p2b: Hatterene|17\/100\n|move|p2a: Gholdengo|Make It Rain|p1b: Shaman|[spread] p1a,p1b\n|-supereffective|p1a: Parker Thighs\n|-damage|p1a: Parker Thighs|0 fnt\n|-damage|p1b: Shaman|0 fnt\n|-unboost|p2a: Gholdengo|spa|1\n|faint|p1a: Parker Thighs\n|faint|p1b: Shaman\n|move|p2b: Hatterene|Dazzling Gleam|p1: Parker Thighs|[notarget]\n|-fail|p2b: Hatterene\n|\n|-heal|p2a: Gholdengo|44\/100|[from] item: Leftovers\n|upkeep\n|\n|t:|1697939967\n|switch|p1a: Your Mother|Kyogre|100\/100\n|switch|p1b: Isabell|Tinkaton, F|100\/100\n|-weather|RainDance|[from] ability: Drizzle|[of] p1a: Your Mother\n|-ability|p1b: Isabell|Mold Breaker\n|turn|9\n|\n|t:|1697939985\n|switch|p2a: Rotom|Rotom-Wash|88\/100\n|-damage|p2a: Rotom|75\/100|[from] Stealth Rock\n|move|p2b: Hatterene|Protect|p2b: Hatterene\n|-singleturn|p2b: Hatterene|Protect\n|move|p1a: Your Mother|Origin Pulse|p2b: Hatterene|[spread] p2a\n|-activate|p2b: Hatterene|move: Protect\n|-resisted|p2a: Rotom\n|-damage|p2a: Rotom|35\/100\n|-enditem|p2a: Rotom|Sitrus Berry|[eat]\n|-heal|p2a: Rotom|60\/100|[from] item: Sitrus Berry\n|move|p1b: Isabell|Play Rough|p2a: Rotom\n|-damage|p2a: Rotom|35\/100\n|\n|-weather|RainDance|[upkeep]\n|upkeep\n|turn|10\n|\n|t:|1697940000\n|move|p1a: Your Mother|Origin Pulse|p2a: Rotom|[spread] p2a\n|-miss|p1a: Your Mother|p2b: Hatterene\n|-resisted|p2a: Rotom\n|-damage|p2a: Rotom|0 fnt\n|faint|p2a: Rotom\n|move|p1b: Isabell|Gigaton Hammer|p2b: Hatterene\n|-supereffective|p2b: Hatterene\n|-damage|p2b: Hatterene|0 fnt\n|faint|p2b: Hatterene\n|\n|-weather|RainDance|[upkeep]\n|upkeep\n|\n|t:|1697940008\n|switch|p2a: Kilowattrel|Kilowattrel, F|74\/100\n|switch|p2b: Gholdengo|Gholdengo|44\/100\n|-damage|p2a: Kilowattrel|49\/100|[from] Stealth Rock\n|-damage|p2b: Gholdengo|38\/100|[from] Stealth Rock\n|turn|11\n|\n|t:|1697940044\n|move|p2a: Kilowattrel|Volt Switch|p1a: Your Mother\n|-supereffective|p1a: Your Mother\n|-enditem|p1a: Your Mother|Wacan Berry|[eat]\n|-enditem|p1a: Your Mother|Wacan Berry|[weaken]\n|-damage|p1a: Your Mother|76\/100\n|move|p1a: Your Mother|Ice Beam|p2a: Kilowattrel\n|-supereffective|p2a: Kilowattrel\n|-damage|p2a: Kilowattrel|0 fnt\n|faint|p2a: Kilowattrel\n|move|p1b: Isabell|Play Rough|p2b: Gholdengo\n|-resisted|p2b: Gholdengo\n|-damage|p2b: Gholdengo|28\/100\n|move|p2b: Gholdengo|Make It Rain|p1a: Your Mother|[spread] p1a,p1b\n|-resisted|p1a: Your Mother\n|-crit|p1a: Your Mother\n|-damage|p1a: Your Mother|44\/100\n|-damage|p1b: Isabell|57\/100\n|-unboost|p2b: Gholdengo|spa|1\n|\n|-weather|RainDance|[upkeep]\n|-heal|p2b: Gholdengo|34\/100|[from] item: Leftovers\n|upkeep\n|turn|12\n|\n|t:|1697940072\n|move|p2b: Gholdengo|Protect|p2b: Gholdengo\n|-singleturn|p2b: Gholdengo|Protect\n|move|p1a: Your Mother|Thunder|p2b: Gholdengo\n|-activate|p2b: Gholdengo|move: Protect\n|move|p1b: Isabell|Play Rough|p2b: Gholdengo\n|-activate|p2b: Gholdengo|move: Protect\n|\n|-weather|RainDance|[upkeep]\n|-heal|p2b: Gholdengo|40\/100|[from] item: Leftovers\n|upkeep\n|turn|13\n|\n|t:|1697940082\n|move|p1a: Your Mother|Thunder|p2b: Gholdengo\n|-crit|p2b: Gholdengo\n|-damage|p2b: Gholdengo|0 fnt\n|faint|p2b: Gholdengo\n|\n|win|Lerntasse\n|c|\u2606Lerntasse|gg!\n|c|\u2606gioilele|ggwp\n","uploadtime":1697940123,"views":34,"p1id":"lerntasse","p2id":"gioilele","formatid":"gen9nationaldexdoubles","rating":0,"private":0,"password":""}