{"id":"dl-gen9nationaldexdoubles-114825","p1":"FumitoBR","p2":"EduRufus","format":"[Gen 9] National Dex Doubles","log":"|j|\u2606FumitoBR\n|j|\u2606EduRufus\n|t:|1698629671\n|gametype|doubles\n|player|p1|FumitoBR|170|\n|player|p2|EduRufus|ghetsis|\n|teamsize|p1|6\n|teamsize|p2|6\n|gen|9\n|tier|[Gen 9] National Dex Doubles\n|rule|Sleep Clause Mod: Limit one foe put to sleep\n|rule|OHKO Clause: OHKO moves are banned\n|rule|Evasion Moves Clause: Evasion moves are banned\n|rule|Endless Battle Clause: Forcing endless battles is banned\n|rule|HP Percentage Mod: HP is shown in percentages\n|rule|Z-Move Clause: Z-Moves are banned\n|clearpoke\n|poke|p1|Nihilego|\n|poke|p1|Urshifu-*, M|\n|poke|p1|Regieleki|\n|poke|p1|Squirtle, M|\n|poke|p1|Staraptor, F|\n|poke|p1|Snorlax, F|\n|poke|p2|Zeraora|\n|poke|p2|Farigiraf, M|\n|poke|p2|Landorus, M|\n|poke|p2|Conkeldurr, F|\n|poke|p2|Dragonite, F|\n|poke|p2|Volbeat, M|\n|teampreview\n|c|\u2606EduRufus|Zeraora-Electric \/\/ Volbeat-Water \/\/ Landorus-I-Psychic \/\/ Dragonite-Normal \/\/ Farigiraf-Fairy \/\/ Conkeldurr-Fight\n|c|\u2606EduRufus|bom jogo velinho!\n|c|\u2606FumitoBR|nihi flying \/ urshi dragon \/ eleki ice \/ squirtle dragon \/ staraptor flying \/ snorlax psychic\n|c|\u2606FumitoBR|bom jogo!\n|\n|t:|1698629846\n|start\n|switch|p1a: Regieleki|Regieleki|100\/100\n|switch|p1b: Urshifu|Urshifu-Rapid-Strike, M|100\/100\n|switch|p2a: Zeraora|Zeraora|100\/100\n|switch|p2b: Volbeat|Volbeat, M|100\/100\n|turn|1\n|\n|t:|1698629875\n|move|p2a: Zeraora|Fake Out|p1b: Urshifu\n|-damage|p1b: Urshifu|88\/100\n|move|p2b: Volbeat|Tailwind|p2b: Volbeat\n|-sidestart|p2: EduRufus|move: Tailwind\n|move|p1a: Regieleki|Tera Blast|p2a: Zeraora\n|-damage|p2a: Zeraora|79\/100\n|cant|p1b: Urshifu|flinch\n|\n|upkeep\n|turn|2\n|\n|t:|1698629916\n|switch|p1b: Snorlax|Snorlax, F|100\/100\n|move|p2a: Zeraora|Drain Punch|p1b: Snorlax\n|-supereffective|p1b: Snorlax\n|-damage|p1b: Snorlax|58\/100\n|-heal|p2a: Zeraora|100\/100|[from] drain|[of] p1b: Snorlax\n|move|p1a: Regieleki|Electro Ball|p2b: Volbeat\n|-damage|p2b: Volbeat|57\/100\n|move|p2b: Volbeat|U-turn|p1a: Regieleki\n|-damage|p1a: Regieleki|69\/100\n|\n|t:|1698629935\n|switch|p2b: Conkeldurr|Conkeldurr, F, shiny|100\/100|[from] U-turn\n|\n|-status|p2b: Conkeldurr|brn|[from] item: Flame Orb\n|upkeep\n|turn|3\n|\n|t:|1698629978\n|switch|p1a: Staraptor|Staraptor, F|100\/100\n|-ability|p1a: Staraptor|Intimidate|boost\n|-unboost|p2a: Zeraora|atk|1\n|-unboost|p2b: Conkeldurr|atk|1\n|switch|p1b: Squirtle|Squirtle, M|100\/100\n|move|p2b: Conkeldurr|Mach Punch|p1a: Staraptor\n|-damage|p1a: Staraptor|65\/100\n|move|p2a: Zeraora|Plasma Fists|p1b: Squirtle\n|-supereffective|p1b: Squirtle\n|-damage|p1b: Squirtle|46\/100\n|-fieldactivate|move: Ion Deluge\n|-hint|Normal-type moves become Electric-type after using Plasma Fists.\n|\n|-damage|p2b: Conkeldurr|94\/100 brn|[from] brn\n|upkeep\n|turn|4\n|\n|t:|1698630011\n|switch|p2b: Farigiraf|Farigiraf, M, shiny|100\/100\n|move|p1b: Squirtle|Fake Out||[still]\n|cant|p2b: Farigiraf|ability: Armor Tail|Fake Out|[of] p1b: Squirtle\n|move|p2a: Zeraora|Plasma Fists|p1a: Staraptor\n|-supereffective|p1a: Staraptor\n|-damage|p1a: Staraptor|0 fnt\n|-fieldactivate|move: Ion Deluge\n|-hint|Normal-type moves become Electric-type after using Plasma Fists.\n|faint|p1a: Staraptor\n|\n|-sideend|p2: EduRufus|move: Tailwind\n|upkeep\n|\n|t:|1698630016\n|switch|p1a: Snorlax|Snorlax, F|58\/100\n|turn|5\n|\n|t:|1698630066\n|move|p1b: Squirtle|Follow Me|p1b: Squirtle\n|-singleturn|p1b: Squirtle|move: Follow Me\n|move|p2a: Zeraora|Plasma Fists|p1b: Squirtle\n|-supereffective|p1b: Squirtle\n|-damage|p1b: Squirtle|0 fnt\n|-fieldactivate|move: Ion Deluge\n|-hint|Normal-type moves become Electric-type after using Plasma Fists.\n|faint|p1b: Squirtle\n|move|p2b: Farigiraf|Psychic|p1a: Snorlax\n|-damage|p1a: Snorlax|34\/100\n|move|p1a: Snorlax|Curse|p1a: Snorlax\n|-unboost|p1a: Snorlax|spe|1\n|-boost|p1a: Snorlax|atk|1\n|-boost|p1a: Snorlax|def|1\n|\n|upkeep\n|\n|t:|1698630076\n|switch|p1b: Nihilego|Nihilego|100\/100\n|turn|6\n|\n|t:|1698630107\n|-terastallize|p1a: Snorlax|Psychic\n|move|p2a: Zeraora|Volt Switch|p1a: Snorlax\n|-damage|p1a: Snorlax|18\/100\n|-enditem|p1a: Snorlax|Figy Berry|[eat]\n|-heal|p1a: Snorlax|51\/100|[from] item: Figy Berry\n|\n|t:|1698630117\n|switch|p2a: Volbeat|Volbeat, M|57\/100|[from] Volt Switch\n|move|p1b: Nihilego|Meteor Beam||[still]\n|-prepare|p1b: Nihilego|Meteor Beam\n|-boost|p1b: Nihilego|spa|1\n|-enditem|p1b: Nihilego|Power Herb\n|-anim|p1b: Nihilego|Meteor Beam|p2a: Volbeat\n|-supereffective|p2a: Volbeat\n|-damage|p2a: Volbeat|0 fnt\n|faint|p2a: Volbeat\n|-ability|p1b: Nihilego|Beast Boost|boost\n|-boost|p1b: Nihilego|spe|1\n|move|p2b: Farigiraf|Psychic|p1a: Snorlax\n|-resisted|p1a: Snorlax\n|-damage|p1a: Snorlax|39\/100\n|-unboost|p1a: Snorlax|spd|1\n|move|p1a: Snorlax|Curse|p1a: Snorlax\n|-unboost|p1a: Snorlax|spe|1\n|-boost|p1a: Snorlax|atk|1\n|-boost|p1a: Snorlax|def|1\n|\n|upkeep\n|\n|t:|1698630158\n|switch|p2a: Dragonite|Dragonite, F, shiny|100\/100\n|turn|7\n|\n|t:|1698630200\n|-terastallize|p2a: Dragonite|Normal\n|move|p2a: Dragonite|Extreme Speed|p1a: Snorlax\n|-damage|p1a: Snorlax|13\/100\n|move|p1b: Nihilego|Power Gem|p2a: Dragonite\n|-damage|p2a: Dragonite|51\/100\n|move|p2b: Farigiraf|Psychic|p1b: Nihilego\n|-supereffective|p1b: Nihilego\n|-damage|p1b: Nihilego|46\/100\n|move|p1a: Snorlax|Recycle|p1a: Snorlax\n|-item|p1a: Snorlax|Figy Berry|[from] move: Recycle\n|-enditem|p1a: Snorlax|Figy Berry|[eat]\n|-heal|p1a: Snorlax|46\/100|[from] item: Figy Berry\n|\n|upkeep\n|turn|8\n|\n|t:|1698630222\n|switch|p2a: Conkeldurr|Conkeldurr, F, shiny|94\/100 brn\n|move|p1b: Nihilego|Sludge Bomb|p2a: Conkeldurr\n|-damage|p2a: Conkeldurr|16\/100 brn\n|move|p2b: Farigiraf|Psychic|p1b: Nihilego\n|-supereffective|p1b: Nihilego\n|-damage|p1b: Nihilego|0 fnt\n|faint|p1b: Nihilego\n|move|p1a: Snorlax|Recycle|p1a: Snorlax\n|-item|p1a: Snorlax|Figy Berry|[from] move: Recycle\n|\n|-damage|p2a: Conkeldurr|10\/100 brn|[from] brn\n|upkeep\n|\n|t:|1698630236\n|switch|p1b: Regieleki|Regieleki|69\/100\n|turn|9\n|\n|t:|1698630260\n|move|p2a: Conkeldurr|Mach Punch|p1b: Regieleki\n|-damage|p1b: Regieleki|15\/100\n|move|p1b: Regieleki|Electroweb|p2a: Conkeldurr|[spread] p2a,p2b\n|-crit|p2a: Conkeldurr\n|-damage|p2a: Conkeldurr|0 fnt\n|-damage|p2b: Farigiraf|77\/100\n|-unboost|p2b: Farigiraf|spe|1\n|faint|p2a: Conkeldurr\n|move|p2b: Farigiraf|Psychic|p1a: Snorlax\n|-resisted|p1a: Snorlax\n|-damage|p1a: Snorlax|28\/100\n|move|p1a: Snorlax|Facade|p2b: Farigiraf\n|-damage|p2b: Farigiraf|18\/100\n|\n|upkeep\n|\n|t:|1698630309\n|switch|p2a: Dragonite|Dragonite, F, shiny, tera:Normal|51\/100\n|turn|10\n|\n|t:|1698630323\n|move|p2a: Dragonite|Extreme Speed|p1b: Regieleki\n|-damage|p1b: Regieleki|0 fnt\n|faint|p1b: Regieleki\n|move|p2b: Farigiraf|Wish|p2b: Farigiraf\n|move|p1a: Snorlax|Recycle||[still]\n|-fail|p1a: Snorlax\n|\n|upkeep\n|\n|t:|1698630327\n|switch|p1b: Urshifu|Urshifu-Rapid-Strike, M|88\/100\n|turn|11\n|\n|t:|1698630375\n|move|p2a: Dragonite|Extreme Speed|p1b: Urshifu\n|-damage|p1b: Urshifu|26\/100\n|move|p1b: Urshifu|Surging Strikes|p2b: Farigiraf\n|-crit|p2b: Farigiraf\n|-damage|p2b: Farigiraf|3\/100\n|-crit|p2b: Farigiraf\n|-damage|p2b: Farigiraf|0 fnt\n|faint|p2b: Farigiraf\n|-hitcount|p2: Farigiraf|2\n|move|p1a: Snorlax|Facade|p2a: Dragonite\n|-damage|p2a: Dragonite|0 fnt\n|faint|p2a: Dragonite\n|\n|upkeep\n|\n|t:|1698630388\n|switch|p2a: Zeraora|Zeraora|100\/100\n|switch|p2b: Landorus|Landorus, M|100\/100\n|turn|12\n|\n|t:|1698630447\n|move|p2a: Zeraora|Fake Out|p1b: Urshifu\n|-damage|p1b: Urshifu|14\/100\n|cant|p1b: Urshifu|flinch\n|move|p2b: Landorus|Earth Power|p1a: Snorlax\n|-damage|p1a: Snorlax|0 fnt\n|faint|p1a: Snorlax\n|\n|upkeep\n|turn|13\n|c|\u2606FumitoBR|gg\n|c|\u2606EduRufus|gg \n|\n|t:|1698630466\n|move|p1b: Urshifu|Aqua Jet|p2b: Landorus\n|-supereffective|p2b: Landorus\n|-damage|p2b: Landorus|57\/100\n|move|p2a: Zeraora|Plasma Fists|p1b: Urshifu\n|-supereffective|p1b: Urshifu\n|-damage|p1b: Urshifu|0 fnt\n|-fieldactivate|move: Ion Deluge\n|-hint|Normal-type moves become Electric-type after using Plasma Fists.\n|faint|p1b: Urshifu\n|\n|win|EduRufus\n|l|\u2606FumitoBR\n|c|\u2606EduRufus|otima partida\n|c|\u2606EduRufus|valeu!\n","uploadtime":1698630493,"views":15,"p1id":"fumitobr","p2id":"edurufus","formatid":"gen9nationaldexdoubles","rating":0,"private":0,"password":""}