{"id":"dl-gen9nationaldexdoubles-117325","p1":"joeyanz","p2":"EduRufus","format":"[Gen 9] National Dex Doubles","log":"|j|\u2606joeyanz\n|j|\u2606EduRufus\n|t:|1699230695\n|gametype|doubles\n|player|p1|joeyanz|102|\n|player|p2|EduRufus|ghetsis|\n|teamsize|p1|6\n|teamsize|p2|6\n|gen|9\n|tier|[Gen 9] National Dex Doubles\n|rule|Sleep Clause Mod: Limit one foe put to sleep\n|rule|OHKO Clause: OHKO moves are banned\n|rule|Evasion Moves Clause: Evasion moves are banned\n|rule|Endless Battle Clause: Forcing endless battles is banned\n|rule|HP Percentage Mod: HP is shown in percentages\n|rule|Z-Move Clause: Z-Moves are banned\n|clearpoke\n|poke|p1|Lycanroc-Dusk, F|\n|poke|p1|Yveltal|\n|poke|p1|Whimsicott, M|\n|poke|p1|Baxcalibur, M|\n|poke|p1|Sandy Shocks|\n|poke|p1|Blastoise, F|\n|poke|p2|Zeraora|\n|poke|p2|Tornadus, M|\n|poke|p2|Ogerpon-Hearthflame, F|\n|poke|p2|Walking Wake|\n|poke|p2|Lycanroc-Midnight, F|\n|poke|p2|Clefable, F|\n|teampreview\n|c|\u2606joeyanz|gl hf\n|c|\u2606EduRufus|you too bro!\n|j| rogueRotom\n|c| rogueRotom|gl friends\n|c|\u2606joeyanz|thx imma need it\n|c|\u2606joeyanz|ogerpon-H is crazy\n|c|\u2606EduRufus|ty rotom\n|c| rogueRotom|\/html it sure is <img src=\"https:\/\/cdn.discordapp.com\/attachments\/432618192855105539\/691793144710168647\/eyes.png\" width=\"32\" height=\"32\" alt=\"eyes\" title=\":eyes:\">\n|\n|t:|1699230793\n|start\n|switch|p1a: Lycanroc|Lycanroc-Dusk, F|100\/100\n|switch|p1b: Blastoise|Blastoise, F|100\/100\n|switch|p2a: Zeraora|Zeraora|100\/100\n|switch|p2b: Tornadus|Tornadus, M|100\/100\n|turn|1\n|\n|t:|1699230896\n|switch|p1a: Sandy Shocks|Sandy Shocks|100\/100\n|move|p2b: Tornadus|Protect|p2b: Tornadus\n|-singleturn|p2b: Tornadus|Protect\n|move|p2a: Zeraora|Plasma Fists|p1b: Blastoise\n|-supereffective|p1b: Blastoise\n|-damage|p1b: Blastoise|25\/100\n|-fieldactivate|move: Ion Deluge\n|-hint|Normal-type moves become Electric-type after using Plasma Fists.\n|move|p1b: Blastoise|Flip Turn|p2b: Tornadus\n|-activate|p2b: Tornadus|move: Protect\n|\n|upkeep\n|turn|2\n|\n|t:|1699230984\n|move|p2a: Zeraora|Protect|p2a: Zeraora\n|-singleturn|p2a: Zeraora|Protect\n|move|p2b: Tornadus|Tailwind|p2b: Tornadus\n|-sidestart|p2: EduRufus|move: Tailwind\n|move|p1a: Sandy Shocks|Earth Power|p2a: Zeraora\n|-activate|p2a: Zeraora|move: Protect\n|move|p1b: Blastoise|Flip Turn|p2b: Tornadus\n|-damage|p2b: Tornadus|69\/100\n|\n|t:|1699231006\n|switch|p1b: Yveltal|Yveltal|100\/100|[from] Flip Turn\n|-ability|p1b: Yveltal|Dark Aura\n|\n|upkeep\n|turn|3\n|\n|t:|1699231033\n|-end|p1a: Sandy Shocks|Protosynthesis|[silent]\n|switch|p1a: Whimsicott|Whimsicott, M|100\/100\n|-terastallize|p1b: Yveltal|Dark\n|move|p2b: Tornadus|Sunny Day|p2b: Tornadus\n|-weather|SunnyDay\n|move|p1b: Yveltal|Sucker Punch|p2a: Zeraora\n|-damage|p2a: Zeraora|0 fnt\n|faint|p2a: Zeraora\n|\n|-weather|SunnyDay|[upkeep]\n|upkeep\n|\n|t:|1699231052\n|switch|p2a: Ogerpon|Ogerpon-Hearthflame, F|100\/100\n|-ability|p2a: Ogerpon|Mold Breaker\n|turn|4\n|\n|t:|1699231091\n|-terastallize|p2a: Ogerpon|Fire\n|detailschange|p2a: Ogerpon|Ogerpon-Hearthflame-Tera, F, tera:Fire\n|-ability|p2a: Ogerpon|Embody Aspect (Hearthflame)|boost\n|-boost|p2a: Ogerpon|atk|1\n|move|p1a: Whimsicott|Helping Hand|p1b: Yveltal\n|-singleturn|p1b: Yveltal|Helping Hand|[of] p1a: Whimsicott\n|move|p1b: Yveltal|Sucker Punch|p2a: Ogerpon\n|-damage|p2a: Ogerpon|0 fnt\n|faint|p2a: Ogerpon\n|move|p2b: Tornadus|Bleakwind Storm|p1a: Whimsicott|[spread] p1b\n|-miss|p2b: Tornadus|p1a: Whimsicott\n|-damage|p1b: Yveltal|68\/100\n|-unboost|p1b: Yveltal|spe|1\n|\n|-weather|SunnyDay|[upkeep]\n|upkeep\n|\n|t:|1699231105\n|switch|p2a: Lycanroc|Lycanroc-Midnight, F, shiny|100\/100\n|turn|5\n|\n|t:|1699231115\n|switch|p1b: Blastoise|Blastoise, F|25\/100\n|move|p1a: Whimsicott|Tailwind|p1a: Whimsicott\n|-sidestart|p1: joeyanz|move: Tailwind\n|move|p2b: Tornadus|Bleakwind Storm|p1b: Blastoise|[spread] p1a\n|-miss|p2b: Tornadus|p1b: Blastoise\n|-supereffective|p1a: Whimsicott\n|-enditem|p1a: Whimsicott|Focus Sash\n|-damage|p1a: Whimsicott|1\/100\n|move|p2a: Lycanroc|Rock Slide|p1a: Whimsicott|[spread] p1a,p1b\n|-damage|p1a: Whimsicott|0 fnt\n|-damage|p1b: Blastoise|0 fnt\n|faint|p1a: Whimsicott\n|faint|p1b: Blastoise\n|\n|-weather|SunnyDay|[upkeep]\n|-sideend|p2: EduRufus|move: Tailwind\n|upkeep\n|j| WallyBake\n|\n|t:|1699231138\n|switch|p1a: Sandy Shocks|Sandy Shocks|100\/100\n|switch|p1b: Lycanroc|Lycanroc-Dusk, F|100\/100\n|-activate|p1a: Sandy Shocks|ability: Protosynthesis\n|-start|p1a: Sandy Shocks|protosynthesisspe\n|turn|6\n|\n|t:|1699231156\n|switch|p2a: Clefable|Clefable, F|100\/100\n|move|p1b: Lycanroc|Accelerock|p2b: Tornadus\n|-supereffective|p2b: Tornadus\n|-damage|p2b: Tornadus|0 fnt\n|faint|p2b: Tornadus\n|move|p1a: Sandy Shocks|Earth Power|p2a: Clefable\n|-damage|p2a: Clefable|61\/100\n|\n|-weather|SunnyDay|[upkeep]\n|-heal|p2a: Clefable|67\/100|[from] item: Leftovers\n|upkeep\n|\n|t:|1699231175\n|switch|p2b: Walking Wake|Walking Wake|100\/100\n|-activate|p2b: Walking Wake|ability: Protosynthesis\n|-start|p2b: Walking Wake|protosynthesisspa\n|turn|7\n|\n|t:|1699231216\n|move|p2b: Walking Wake|Protect|p2b: Walking Wake\n|-singleturn|p2b: Walking Wake|Protect\n|move|p1b: Lycanroc|Accelerock|p2b: Walking Wake\n|-activate|p2b: Walking Wake|move: Protect\n|move|p1a: Sandy Shocks|Earth Power|p2b: Walking Wake\n|-activate|p2b: Walking Wake|move: Protect\n|move|p2a: Clefable|Life Dew||[still]|[spread] p2a,p2b\n|-heal|p2a: Clefable|92\/100\n|-fail|p2b: Walking Wake|heal\n|\n|-weather|none\n|-end|p1a: Sandy Shocks|Protosynthesis\n|-end|p2b: Walking Wake|Protosynthesis\n|-heal|p2a: Clefable|98\/100|[from] item: Leftovers\n|upkeep\n|turn|8\n|\n|t:|1699231258\n|move|p1b: Lycanroc|Accelerock|p2b: Walking Wake\n|-damage|p2b: Walking Wake|55\/100\n|move|p1a: Sandy Shocks|Earth Power|p2b: Walking Wake\n|-damage|p2b: Walking Wake|8\/100\n|move|p2b: Walking Wake|Hydro Steam|p1a: Sandy Shocks\n|-supereffective|p1a: Sandy Shocks\n|-damage|p1a: Sandy Shocks|0 fnt\n|faint|p1a: Sandy Shocks\n|-end|p1a: Sandy Shocks|Protosynthesis|[silent]\n|move|p2a: Clefable|Cosmic Power|p2a: Clefable\n|-boost|p2a: Clefable|def|1\n|-boost|p2a: Clefable|spd|1\n|\n|-heal|p2a: Clefable|100\/100|[from] item: Leftovers\n|-sideend|p1: joeyanz|move: Tailwind\n|upkeep\n|\n|t:|1699231281\n|switch|p1a: Yveltal|Yveltal, tera:Dark|68\/100\n|-ability|p1a: Yveltal|Dark Aura\n|turn|9\n|\n|t:|1699231309\n|switch|p1b: Baxcalibur|Baxcalibur, M|100\/100\n|move|p2a: Clefable|Follow Me|p2a: Clefable\n|-singleturn|p2a: Clefable|move: Follow Me\n|move|p2b: Walking Wake|Hydro Steam|p1a: Yveltal\n|-damage|p1a: Yveltal|36\/100\n|move|p1a: Yveltal|Knock Off|p2a: Clefable\n|-resisted|p2a: Clefable\n|-damage|p2a: Clefable|66\/100\n|-enditem|p2a: Clefable|Leftovers|[from] move: Knock Off|[of] p1a: Yveltal\n|\n|upkeep\n|turn|10\n|\n|t:|1699231453\n|move|p2b: Walking Wake|Hydro Steam|p1a: Yveltal\n|-damage|p1a: Yveltal|5\/100\n|move|p1b: Baxcalibur|Dragon Dance|p1b: Baxcalibur\n|-boost|p1b: Baxcalibur|atk|1\n|-boost|p1b: Baxcalibur|spe|1\n|move|p1a: Yveltal|Roost|p1a: Yveltal\n|-heal|p1a: Yveltal|55\/100\n|move|p2a: Clefable|Cosmic Power|p2a: Clefable\n|-boost|p2a: Clefable|def|1\n|-boost|p2a: Clefable|spd|1\n|\n|upkeep\n|turn|11\n|\n|t:|1699231483\n|move|p1a: Yveltal|Sucker Punch|p2b: Walking Wake\n|-damage|p2b: Walking Wake|0 fnt\n|faint|p2b: Walking Wake\n|-end|p2b: Walking Wake|Protosynthesis|[silent]\n|move|p1b: Baxcalibur|Iron Head|p2a: Clefable\n|-supereffective|p2a: Clefable\n|-damage|p2a: Clefable|36\/100\n|cant|p2a: Clefable|flinch\n|\n|upkeep\n|\n|t:|1699231491\n|switch|p2b: Lycanroc|Lycanroc-Midnight, F, shiny|100\/100\n|turn|12\n|c|\u2606EduRufus|great battle\n|\n|t:|1699231542\n|move|p2a: Clefable|Follow Me|p2a: Clefable\n|-singleturn|p2a: Clefable|move: Follow Me\n|move|p1a: Yveltal|Sucker Punch||[still]\n|-fail|p1a: Yveltal\n|move|p1b: Baxcalibur|Iron Head|p2a: Clefable\n|-supereffective|p2a: Clefable\n|-damage|p2a: Clefable|6\/100\n|move|p2b: Lycanroc|Rock Slide|p1b: Baxcalibur|[spread] p1a,p1b\n|-supereffective|p1b: Baxcalibur\n|-damage|p1a: Yveltal|21\/100\n|-damage|p1b: Baxcalibur|44\/100\n|\n|-heal|p1b: Baxcalibur|50\/100|[from] item: Leftovers\n|upkeep\n|turn|13\n|\n|t:|1699231567\n|move|p2a: Clefable|Follow Me|p2a: Clefable\n|-singleturn|p2a: Clefable|move: Follow Me\n|move|p1b: Baxcalibur|Iron Head|p2a: Clefable\n|-supereffective|p2a: Clefable\n|-damage|p2a: Clefable|0 fnt\n|faint|p2a: Clefable\n|move|p1a: Yveltal|Roost|p1a: Yveltal\n|-heal|p1a: Yveltal|71\/100\n|move|p2b: Lycanroc|Rock Slide|p1a: Yveltal|[spread] p1a,p1b\n|-supereffective|p1b: Baxcalibur\n|-damage|p1a: Yveltal|35\/100\n|-damage|p1b: Baxcalibur|0 fnt\n|faint|p1b: Baxcalibur\n|\n|upkeep\n|c|\u2606joeyanz|yeah sorry bout the flinch \n|\n|t:|1699231574\n|switch|p1b: Lycanroc|Lycanroc-Dusk, F|100\/100\n|turn|14\n|c|\u2606EduRufus|thats fine\n|\n|t:|1699231585\n|move|p1a: Yveltal|Sucker Punch|p2b: Lycanroc\n|-damage|p2b: Lycanroc|2\/100\n|move|p1b: Lycanroc|Iron Head|p2b: Lycanroc\n|-supereffective|p2b: Lycanroc\n|-damage|p2b: Lycanroc|0 fnt\n|faint|p2b: Lycanroc\n|\n|win|joeyanz\n|c|\u2606joeyanz|gg\n|l| rogueRotom\n|c|\u2606EduRufus|it wouldnt change the outcome\n","uploadtime":1699231598,"views":6,"p1id":"joeyanz","p2id":"edurufus","formatid":"gen9nationaldexdoubles","rating":0,"private":0,"password":""}