{"id":"dl-gen9nationaldexdoubles-117126","p1":"OlPatchy2Eyes","p2":"Griffin07","format":"[Gen 9] National Dex Doubles","log":"|j|\u2606OlPatchy2Eyes\n|j|\u2606Griffin07\n|t:|1699212981\n|gametype|doubles\n|player|p1|OlPatchy2Eyes|emmet|\n|player|p2|Griffin07|266|\n|teamsize|p1|6\n|teamsize|p2|6\n|gen|9\n|tier|[Gen 9] National Dex Doubles\n|rule|Sleep Clause Mod: Limit one foe put to sleep\n|rule|OHKO Clause: OHKO moves are banned\n|rule|Evasion Moves Clause: Evasion moves are banned\n|rule|Endless Battle Clause: Forcing endless battles is banned\n|rule|HP Percentage Mod: HP is shown in percentages\n|rule|Z-Move Clause: Z-Moves are banned\n|clearpoke\n|poke|p1|Giratina-Origin|\n|poke|p1|Sneasler, F|\n|poke|p1|Great Tusk|\n|poke|p1|Sinistcha|\n|poke|p1|Staraptor, F|\n|poke|p1|Ribombee, F|\n|poke|p2|Palkia-Origin|\n|poke|p2|Ursaluna, M|\n|poke|p2|Grafaiai, F|\n|poke|p2|Slaking, F|\n|poke|p2|Murkrow, F|\n|poke|p2|Dracozolt|\n|teampreview\n|c|\u2606Griffin07|gl hf!\n|l|\u2606OlPatchy2Eyes\n|player|p1|\n|j|\u2606OlPatchy2Eyes\n|player|p1|OlPatchy2Eyes|emmet\n|j| Lerntasse\n|c|\u2606OlPatchy2Eyes|Bom jogo brother\n|\n|t:|1699213099\n|start\n|switch|p1a: Rumble Tumbler|Great Tusk|100\/100\n|switch|p1b: Tina|Giratina-Origin, shiny|100\/100\n|switch|p2a: Grafaiai|Grafaiai, F|100\/100\n|switch|p2b: Slaking|Slaking, F|100\/100\n|-enditem|p1a: Rumble Tumbler|Booster Energy\n|-activate|p1a: Rumble Tumbler|ability: Protosynthesis|[fromitem]\n|-start|p1a: Rumble Tumbler|protosynthesisatk\n|turn|1\n|\n|t:|1699213131\n|switch|p1b: Mr. Teatime|Sinistcha|100\/100\n|move|p2a: Grafaiai|Doodle|p1b: Mr. Teatime\n|-endability|p2a: Grafaiai|Prankster|[from] move: Doodle\n|-ability|p2a: Grafaiai|Hospitality|[from] move: Doodle\n|-endability|p2b: Slaking|Truant|[from] move: Doodle\n|-ability|p2b: Slaking|Hospitality|[from] move: Doodle\n|move|p1a: Rumble Tumbler|Earthquake|p2a: Grafaiai|[spread] p1b,p2a,p2b\n|-resisted|p1b: Mr. Teatime\n|-supereffective|p2a: Grafaiai\n|-damage|p1b: Mr. Teatime|83\/100\n|-damage|p2a: Grafaiai|0 fnt\n|-damage|p2b: Slaking|64\/100\n|faint|p2a: Grafaiai\n|move|p2b: Slaking|Trailblaze|p1a: Rumble Tumbler\n|-supereffective|p1a: Rumble Tumbler\n|-damage|p1a: Rumble Tumbler|70\/100\n|-boost|p2b: Slaking|spe|1\n|\n|upkeep\n|\n|t:|1699213154\n|switch|p2a: Ursaluna|Ursaluna, M|100\/100\n|turn|2\n|j| WallyBake\n|\n|t:|1699213192\n|move|p1b: Mr. Teatime|Rage Powder|p1b: Mr. Teatime\n|-singleturn|p1b: Mr. Teatime|move: Rage Powder\n|move|p2b: Slaking|Rock Slide|p1a: Rumble Tumbler|[spread] p1a,p1b\n|-resisted|p1a: Rumble Tumbler\n|-damage|p1a: Rumble Tumbler|66\/100\n|-damage|p1b: Mr. Teatime|67\/100\n|move|p1a: Rumble Tumbler|Close Combat|p2b: Slaking\n|-supereffective|p2b: Slaking\n|-damage|p2b: Slaking|0 fnt\n|-unboost|p1a: Rumble Tumbler|def|1\n|-unboost|p1a: Rumble Tumbler|spd|1\n|faint|p2b: Slaking\n|move|p2a: Ursaluna|Gunk Shot|p1b: Mr. Teatime\n|-crit|p1b: Mr. Teatime\n|-damage|p1b: Mr. Teatime|13\/100\n|-enditem|p1b: Mr. Teatime|Sitrus Berry|[eat]\n|-heal|p1b: Mr. Teatime|38\/100|[from] item: Sitrus Berry\n|\n|-status|p2a: Ursaluna|brn|[from] item: Flame Orb\n|upkeep\n|\n|t:|1699213208\n|switch|p2b: Murkrow|Murkrow, F|100\/100\n|turn|3\n|\n|t:|1699213230\n|-terastallize|p2a: Ursaluna|Ghost\n|move|p1b: Mr. Teatime|Rage Powder|p1b: Mr. Teatime\n|-singleturn|p1b: Mr. Teatime|move: Rage Powder\n|move|p2b: Murkrow|Tailwind|p2b: Murkrow\n|-sidestart|p2: Griffin07|move: Tailwind\n|move|p1a: Rumble Tumbler|Close Combat|p2a: Ursaluna\n|-immune|p2a: Ursaluna\n|move|p2a: Ursaluna|Swords Dance|p2a: Ursaluna\n|-boost|p2a: Ursaluna|atk|2\n|\n|-damage|p2a: Ursaluna|94\/100 brn|[from] brn\n|upkeep\n|turn|4\n|\n|t:|1699213256\n|switch|p2b: Palkia|Palkia-Origin|100\/100\n|move|p1b: Mr. Teatime|Rage Powder|p1b: Mr. Teatime\n|-singleturn|p1b: Mr. Teatime|move: Rage Powder\n|move|p1a: Rumble Tumbler|Close Combat|p2b: Palkia\n|-damage|p2b: Palkia|16\/100\n|-unboost|p1a: Rumble Tumbler|def|1\n|-unboost|p1a: Rumble Tumbler|spd|1\n|move|p2a: Ursaluna|Earthquake|p1a: Rumble Tumbler|[spread] p1a,p1b\n|-activate|p2b: Palkia|ability: Telepathy\n|-resisted|p1b: Mr. Teatime\n|-damage|p1a: Rumble Tumbler|0 fnt\n|-damage|p1b: Mr. Teatime|0 fnt\n|faint|p1a: Rumble Tumbler\n|-end|p1a: Rumble Tumbler|Protosynthesis|[silent]\n|faint|p1b: Mr. Teatime\n|\n|-damage|p2a: Ursaluna|88\/100 brn|[from] brn\n|upkeep\n|\n|t:|1699213325\n|switch|p1a: Mean Girl Bully|Sneasler, F|100\/100\n|switch|p1b: Chains|Staraptor, F|100\/100\n|-ability|p1b: Chains|Intimidate|boost\n|-unboost|p2a: Ursaluna|atk|1\n|-unboost|p2b: Palkia|atk|1\n|turn|5\n|c| Lerntasse|HE IS IN\n|\n|t:|1699213387\n|move|p2b: Palkia|Spacial Rend|p1b: Chains\n|-damage|p1b: Chains|0 fnt\n|faint|p1b: Chains\n|move|p1a: Mean Girl Bully|Dire Claw|p2b: Palkia\n|-damage|p2b: Palkia|0 fnt\n|faint|p2b: Palkia\n|move|p2a: Ursaluna|Earthquake|p1a: Mean Girl Bully\n|-supereffective|p1a: Mean Girl Bully\n|-enditem|p1a: Mean Girl Bully|Focus Sash\n|-damage|p1a: Mean Girl Bully|1\/100\n|\n|-damage|p2a: Ursaluna|82\/100 brn|[from] brn\n|upkeep\n|\n|t:|1699213404\n|switch|p2b: Murkrow|Murkrow, F|100\/100\n|switch|p1b: Tina|Giratina-Origin, shiny|100\/100\n|turn|6\n|\n|t:|1699213420\n|-terastallize|p1b: Tina|Steel\n|move|p2b: Murkrow|Thunder Wave|p1a: Mean Girl Bully\n|-status|p1a: Mean Girl Bully|par\n|move|p1a: Mean Girl Bully|Close Combat|p2b: Murkrow\n|-enditem|p2b: Murkrow|Focus Sash\n|-damage|p2b: Murkrow|1\/100\n|-unboost|p1a: Mean Girl Bully|def|1\n|-unboost|p1a: Mean Girl Bully|spd|1\n|move|p2a: Ursaluna|Gunk Shot|p1b: Tina\n|-immune|p1b: Tina\n|move|p1b: Tina|Dragon Pulse|p2a: Ursaluna\n|-damage|p2a: Ursaluna|30\/100 brn\n|\n|-damage|p2a: Ursaluna|24\/100 brn|[from] brn\n|-sideend|p2: Griffin07|move: Tailwind\n|upkeep\n|turn|7\n|\n|t:|1699213456\n|move|p2b: Murkrow|Tailwind|p2b: Murkrow\n|-sidestart|p2: Griffin07|move: Tailwind\n|move|p1a: Mean Girl Bully|Dire Claw|p2b: Murkrow\n|-damage|p2b: Murkrow|0 fnt\n|faint|p2b: Murkrow\n|move|p2a: Ursaluna|Earthquake|p1a: Mean Girl Bully|[spread] p1a\n|-immune|p1b: Tina|[from] ability: Levitate\n|-supereffective|p1a: Mean Girl Bully\n|-damage|p1a: Mean Girl Bully|0 fnt\n|faint|p1a: Mean Girl Bully\n|move|p1b: Tina|Dragon Pulse|p2a: Ursaluna\n|-damage|p2a: Ursaluna|0 fnt\n|faint|p2a: Ursaluna\n|\n|upkeep\n|\n|t:|1699213470\n|switch|p1a: Glittersnitch|Ribombee, F, shiny|100\/100\n|switch|p2a: Dracozolt|Dracozolt|100\/100\n|turn|8\n|\n|t:|1699213480\n|move|p2a: Dracozolt|Bolt Beak|p1b: Tina\n|-damage|p1b: Tina|13\/100\n|move|p1a: Glittersnitch|Moonblast|p2a: Dracozolt\n|-supereffective|p2a: Dracozolt\n|-damage|p2a: Dracozolt|0 fnt\n|faint|p2a: Dracozolt\n|\n|win|OlPatchy2Eyes\n|l|\u2606Griffin07\n|c|\u2606OlPatchy2Eyes|Phew\n|c|\u2606OlPatchy2Eyes|Gg mr G\n","uploadtime":1699213505,"views":14,"p1id":"olpatchy2eyes","p2id":"griffin07","formatid":"gen9nationaldexdoubles","rating":0,"private":0,"password":""}