{"id":"dl-gen9nationaldexdoubles-114818","p1":"Zzinstertea","p2":"BlueB4llz","format":"[Gen 9] National Dex Doubles","log":"|j|\u2606Zzinstertea\n|j|\u2606BlueB4llz\n|t:|1698628596\n|gametype|doubles\n|player|p1|Zzinstertea|cynthia-gen4|\n|player|p2|BlueB4llz|blueb4llz.png|\n|teamsize|p1|6\n|teamsize|p2|6\n|gen|9\n|tier|[Gen 9] National Dex Doubles\n|rule|Sleep Clause Mod: Limit one foe put to sleep\n|rule|OHKO Clause: OHKO moves are banned\n|rule|Evasion Moves Clause: Evasion moves are banned\n|rule|Endless Battle Clause: Forcing endless battles is banned\n|rule|HP Percentage Mod: HP is shown in percentages\n|rule|Z-Move Clause: Z-Moves are banned\n|clearpoke\n|poke|p1|Urshifu-*, M|\n|poke|p1|Krookodile, M|\n|poke|p1|Gholdengo|\n|poke|p1|Tornadus, M|\n|poke|p1|Clefable, F|\n|poke|p1|Baxcalibur, M|\n|poke|p2|Armarouge, M|\n|poke|p2|Dragapult, M|\n|poke|p2|Indeedee-F, F|\n|poke|p2|Garganacl, M|\n|poke|p2|Gengar, M|\n|poke|p2|Great Tusk|\n|teampreview\n|inactive|Battle timer is ON: inactive players will automatically lose when time's up. (requested by Zzinstertea)\n|c|\u2606Zzinstertea|alr\n|c|\u2606Zzinstertea|same leads\n|\n|t:|1698628610\n|start\n|switch|p1a: Bonk-Zhongli|Krookodile, M|100\/100\n|switch|p1b: Traveller-2.0|Tornadus, M|100\/100\n|switch|p2a: Smegma|Gengar, M|100\/100\n|switch|p2b: Minecraft|Garganacl, M|100\/100\n|-ability|p1a: Bonk-Zhongli|Intimidate|boost\n|-unboost|p2a: Smegma|atk|1\n|-unboost|p2b: Minecraft|atk|1\n|turn|1\n|j| Neon Geaso\n|\n|t:|1698628628\n|move|p1b: Traveller-2.0|Tailwind|p1b: Traveller-2.0\n|-sidestart|p1: Zzinstertea|move: Tailwind\n|move|p1a: Bonk-Zhongli|Earthquake|p2a: Smegma|[spread] p2a,p2b\n|-immune|p1b: Traveller-2.0\n|-supereffective|p2a: Smegma\n|-supereffective|p2b: Minecraft\n|-enditem|p2a: Smegma|Focus Sash\n|-damage|p2a: Smegma|1\/100\n|-damage|p2b: Minecraft|29\/100\n|-damage|p1a: Bonk-Zhongli|91\/100|[from] item: Life Orb\n|move|p2a: Smegma|Icy Wind|p1a: Bonk-Zhongli|[spread] p1a,p1b\n|-supereffective|p1a: Bonk-Zhongli\n|-supereffective|p1b: Traveller-2.0\n|-enditem|p1b: Traveller-2.0|Yache Berry|[eat]\n|-enditem|p1b: Traveller-2.0|Yache Berry|[weaken]\n|-damage|p1a: Bonk-Zhongli|51\/100\n|-damage|p1b: Traveller-2.0|79\/100\n|-unboost|p1a: Bonk-Zhongli|spe|1\n|-unboost|p1b: Traveller-2.0|spe|1\n|-ability|p1b: Traveller-2.0|Defiant|boost\n|-boost|p1b: Traveller-2.0|atk|2\n|move|p2b: Minecraft|Explosion|p1b: Traveller-2.0|[spread] p1a,p1b\n|-immune|p2a: Smegma\n|-damage|p1a: Bonk-Zhongli|0 fnt\n|-damage|p1b: Traveller-2.0|0 fnt\n|faint|p2b: Minecraft\n|faint|p1a: Bonk-Zhongli\n|faint|p1b: Traveller-2.0\n|\n|upkeep\n|inactive|Zzinstertea has 270 seconds left.\n|j| LogIce\n|\n|t:|1698628670\n|switch|p1b: Childe-Ren|Urshifu-Rapid-Strike, M|100\/100\n|switch|p1a: Jean?!?|Clefable, F|100\/100\n|switch|p2b: MegaMan???|Armarouge, M|100\/100\n|turn|2\n|j| Rexxfox\n|c| LogIce|explosion garg :0\n|inactive|BlueB4llz has 270 seconds left.\n|inactive|BlueB4llz has 240 seconds left.\n|\n|t:|1698628751\n|move|p2b: MegaMan???|Protect|p2b: MegaMan???\n|-singleturn|p2b: MegaMan???|Protect\n|move|p1a: Jean?!?|Ally Switch|p1a: Jean?!?\n|swap|p1a: Jean?!?|1|[from] move: Ally Switch\n|move|p1a: Childe-Ren|Surging Strikes|p2b: MegaMan???\n|-supereffective|p2b: MegaMan???\n|-crit|p2b: MegaMan???\n|-damage|p2b: MegaMan???|52\/100\n|-ability|p2b: MegaMan???|Weak Armor|boost\n|-unboost|p2b: MegaMan???|def|1\n|-boost|p2b: MegaMan???|spe|2\n|-enditem|p2b: MegaMan???|Weakness Policy\n|-boost|p2b: MegaMan???|atk|2|[from] item: Weakness Policy\n|-boost|p2b: MegaMan???|spa|2|[from] item: Weakness Policy\n|-supereffective|p2b: MegaMan???\n|-crit|p2b: MegaMan???\n|-damage|p2b: MegaMan???|0 fnt\n|faint|p2b: MegaMan???\n|-hitcount|p2: MegaMan???|2\n|move|p2a: Smegma|Icy Wind|p1a: Childe-Ren|[spread] p1a,p1b\n|-resisted|p1a: Childe-Ren\n|-damage|p1a: Childe-Ren|91\/100\n|-damage|p1b: Jean?!?|91\/100\n|-unboost|p1a: Childe-Ren|spe|1\n|-unboost|p1b: Jean?!?|spe|1\n|\n|upkeep\n|c|\u2606BlueB4llz|i forgor\n|inactive|BlueB4llz has 210 seconds left.\n|\n|t:|1698628766\n|switch|p2b: The Sniffer|Great Tusk|100\/100\n|turn|3\n|c|\u2606BlueB4llz|dont play two games at once kids\n|inactive|BlueB4llz has 210 seconds left.\n|inactive|BlueB4llz has 180 seconds left.\n|\n|t:|1698628831\n|move|p1a: Childe-Ren|Surging Strikes|p2b: The Sniffer\n|-supereffective|p2b: The Sniffer\n|-crit|p2b: The Sniffer\n|-damage|p2b: The Sniffer|68\/100\n|-supereffective|p2b: The Sniffer\n|-crit|p2b: The Sniffer\n|-damage|p2b: The Sniffer|35\/100\n|-supereffective|p2b: The Sniffer\n|-crit|p2b: The Sniffer\n|-damage|p2b: The Sniffer|6\/100\n|-hitcount|p2b: The Sniffer|3\n|move|p2a: Smegma|Dazzling Gleam|p1a: Childe-Ren|[spread] p1a,p1b\n|-supereffective|p1a: Childe-Ren\n|-damage|p1a: Childe-Ren|39\/100\n|-damage|p1b: Jean?!?|77\/100\n|move|p2b: The Sniffer|Headlong Rush|p1a: Childe-Ren\n|-damage|p1a: Childe-Ren|0 fnt\n|-unboost|p2b: The Sniffer|def|1\n|-unboost|p2b: The Sniffer|spd|1\n|faint|p1a: Childe-Ren\n|move|p1b: Jean?!?|Dazzling Gleam|p2a: Smegma|[spread] p2a,p2b\n|-resisted|p2a: Smegma\n|-supereffective|p2b: The Sniffer\n|-damage|p2a: Smegma|0 fnt\n|-damage|p2b: The Sniffer|0 fnt\n|faint|p2a: Smegma\n|faint|p2b: The Sniffer\n|-end|p2b: The Sniffer|Protosynthesis|[silent]\n|\n|upkeep\n|c| LogIce|it live\n|c| LogIce|dam\n|inactive|BlueB4llz has 180 seconds left.\n|c| LogIce|nice avatar \n|inactive|BlueB4llz has 150 seconds left.\n|inactive|BlueB4llz has 120 seconds left.\n|\n|t:|1698628917\n|switch|p2a: Croissants|Indeedee-F, F|100\/100\n|switch|p2b: Abortion|Dragapult, M|100\/100\n|switch|p1a: Wriothe-Slay|Baxcalibur, M|100\/100\n|-fieldstart|move: Psychic Terrain|[from] ability: Psychic Surge|[of] p2a: Croissants\n|turn|4\n|\n|t:|1698628927\n|move|p1b: Jean?!?|Helping Hand|p1a: Wriothe-Slay\n|-singleturn|p1a: Wriothe-Slay|Helping Hand|[of] p1b: Jean?!?\n|move|p2a: Croissants|Follow Me|p2a: Croissants\n|-singleturn|p2a: Croissants|move: Follow Me\n|move|p1a: Wriothe-Slay|Glaive Rush|p2a: Croissants\n|-damage|p2a: Croissants|0 fnt\n|-singlemove|p1a: Wriothe-Slay|Glaive Rush|[silent]\n|faint|p2a: Croissants\n|move|p2b: Abortion|Draco Meteor|p1a: Wriothe-Slay\n|-supereffective|p1a: Wriothe-Slay\n|-damage|p1a: Wriothe-Slay|0 fnt\n|-unboost|p2b: Abortion|spa|2\n|faint|p1a: Wriothe-Slay\n|\n|-sideend|p1: Zzinstertea|move: Tailwind\n|upkeep\n|\n|t:|1698628934\n|switch|p1a: WHO-Tao|Gholdengo|100\/100\n|turn|5\n|c|\u2606BlueB4llz|gg \n|inactive|BlueB4llz has 150 seconds left.\n|\n|t:|1698628940\n|move|p2b: Abortion|Surf|p1a: WHO-Tao|[spread] p1a,p1b\n|-damage|p1a: WHO-Tao|91\/100\n|-damage|p1b: Jean?!?|70\/100\n|move|p1a: WHO-Tao|Shadow Ball|p2b: Abortion\n|-supereffective|p2b: Abortion\n|-enditem|p2b: Abortion|Focus Sash\n|-damage|p2b: Abortion|1\/100\n|move|p1b: Jean?!?|Dazzling Gleam|p2b: Abortion\n|-supereffective|p2b: Abortion\n|-damage|p2b: Abortion|0 fnt\n|faint|p2b: Abortion\n|\n|win|Zzinstertea\n|l|\u2606BlueB4llz\n|c|\u2606Zzinstertea|wtf is that nickname\n|c|\u2606Zzinstertea|ggs lol'\n|c| LogIce|ggs\n|l| LogIce\n|c|\u2606Zzinstertea|the lol was for the nickname btw\n|c| Rexxfox|I'm glad i wasn't the only one that questioned that name\n|l| Rexxfox\n|l|\u2606Zzinstertea\n","uploadtime":1698628948,"views":40,"p1id":"zzinstertea","p2id":"blueb4llz","formatid":"gen9nationaldexdoubles","rating":0,"private":0,"password":""}