{"id":"dl-gen9nationaldexdoubles-117641","p1":"Lerntasse","p2":"samsjt","format":"[Gen 9] National Dex Doubles","log":"|j|\u2606Lerntasse\n|j|\u2606samsjt\n|t:|1699317995\n|gametype|doubles\n|player|p1|Lerntasse|265|\n|player|p2|samsjt|elesa|\n|teamsize|p1|6\n|teamsize|p2|6\n|gen|9\n|tier|[Gen 9] National Dex Doubles\n|rule|Sleep Clause Mod: Limit one foe put to sleep\n|rule|OHKO Clause: OHKO moves are banned\n|rule|Evasion Moves Clause: Evasion moves are banned\n|rule|Endless Battle Clause: Forcing endless battles is banned\n|rule|HP Percentage Mod: HP is shown in percentages\n|rule|Z-Move Clause: Z-Moves are banned\n|clearpoke\n|poke|p1|Kyogre|\n|poke|p1|Regieleki|\n|poke|p1|Tinkaton, F|\n|poke|p1|Wyrdeer, F|\n|poke|p1|Basculegion, M|\n|poke|p1|Kyurem|\n|poke|p2|Koraidon|\n|poke|p2|Enamorus, F|\n|poke|p2|Kingambit, M|\n|poke|p2|Mew|\n|poke|p2|Serperior, M|\n|poke|p2|Araquanid, M|\n|teampreview\n|c|\u2606samsjt|gl gl\n|c|\u2606Lerntasse|glgl\n|c|\u2606Lerntasse|water beats fire\n|c|\u2606Lerntasse|just saying\n|\n|t:|1699318088\n|start\n|switch|p1a: Egg King|Regieleki|100\/100\n|switch|p1b: Isabell|Tinkaton, F|100\/100\n|switch|p2a: Spaceman Spiff|Araquanid, M|100\/100\n|switch|p2b: Margot|Enamorus, F|100\/100\n|-ability|p1b: Isabell|Mold Breaker\n|turn|1\n|\n|t:|1699318127\n|move|p1a: Egg King|Protect|p1a: Egg King\n|-singleturn|p1a: Egg King|Protect\n|move|p2b: Margot|Protect|p2b: Margot\n|-singleturn|p2b: Margot|Protect\n|move|p1b: Isabell|Thunder Wave|p2b: Margot\n|-activate|p2b: Margot|move: Protect\n|move|p2a: Spaceman Spiff|Liquidation|p1a: Egg King\n|-activate|p1a: Egg King|move: Protect\n|\n|upkeep\n|turn|2\n|\n|t:|1699318163\n|switch|p2b: Dan Heo Sr|Kingambit, M|100\/100\n|move|p1a: Egg King|Volt Switch|p2b: Dan Heo Sr\n|-damage|p2b: Dan Heo Sr|65\/100\n|\n|t:|1699318175\n|switch|p1a: $exual Deer Noises|Wyrdeer, F|100\/100|[from] Volt Switch\n|-ability|p1a: $exual Deer Noises|Intimidate|boost\n|-unboost|p2a: Spaceman Spiff|atk|1\n|-unboost|p2b: Dan Heo Sr|atk|1\n|move|p1b: Isabell|Knock Off|p2b: Dan Heo Sr\n|-resisted|p2b: Dan Heo Sr\n|-damage|p2b: Dan Heo Sr|57\/100\n|-enditem|p2b: Dan Heo Sr|Leftovers|[from] move: Knock Off|[of] p1b: Isabell\n|move|p2a: Spaceman Spiff|Liquidation|p1a: $exual Deer Noises\n|-damage|p1a: $exual Deer Noises|56\/100\n|\n|upkeep\n|turn|3\n|\n|t:|1699318221\n|switch|p1b: Murder Tub|Basculegion, M|100\/100\n|move|p1a: $exual Deer Noises|Rain Dance|p1a: $exual Deer Noises\n|-weather|RainDance\n|move|p2b: Dan Heo Sr|Swords Dance|p2b: Dan Heo Sr\n|-boost|p2b: Dan Heo Sr|atk|2\n|move|p2a: Spaceman Spiff|Liquidation|p1b: Murder Tub\n|-resisted|p1b: Murder Tub\n|-damage|p1b: Murder Tub|54\/100\n|\n|-weather|RainDance|[upkeep]\n|upkeep\n|turn|4\n|\n|t:|1699318310\n|switch|p1b: Isabell|Tinkaton, F|100\/100\n|-ability|p1b: Isabell|Mold Breaker\n|move|p2b: Dan Heo Sr|Sucker Punch||[still]\n|-fail|p2b: Dan Heo Sr\n|move|p2a: Spaceman Spiff|Liquidation|p1a: $exual Deer Noises\n|-damage|p1a: $exual Deer Noises|0 fnt\n|faint|p1a: $exual Deer Noises\n|\n|-weather|RainDance|[upkeep]\n|upkeep\n|c|\u2606samsjt|coward\n|c|\u2606Lerntasse|i had to looik up how sucker punch works in doubles L0L\n|\n|t:|1699318354\n|switch|p1a: Your Mother|Kyogre|100\/100\n|turn|5\n|\n|t:|1699318373\n|move|p1b: Isabell|Fake Out|p2a: Spaceman Spiff\n|-damage|p2a: Spaceman Spiff|92\/100\n|cant|p2a: Spaceman Spiff|flinch\n|move|p1a: Your Mother|Origin Pulse|p2a: Spaceman Spiff|[spread] p2b\n|-miss|p1a: Your Mother|p2a: Spaceman Spiff\n|-damage|p2b: Dan Heo Sr|0 fnt\n|faint|p2b: Dan Heo Sr\n|-end|p2b: Dan Heo Sr|fallenundefined|[silent]\n|\n|-weather|RainDance|[upkeep]\n|upkeep\n|\n|t:|1699318409\n|switch|p2b: Salt|Serperior, M|100\/100\n|turn|6\n|\n|t:|1699318440\n|switch|p2a: Sirocco|Koraidon|100\/100\n|-weather|SunnyDay|[from] ability: Orichalcum Pulse|[of] p2a: Sirocco\n|-activate|p2a: Sirocco|Orichalcum Pulse|[source]\n|move|p2b: Salt|Light Screen|p2b: Salt\n|-sidestart|p2: samsjt|move: Light Screen\n|move|p1a: Your Mother|Ice Beam|p2b: Salt\n|-supereffective|p2b: Salt\n|-damage|p2b: Salt|51\/100\n|move|p1b: Isabell|Knock Off|p2b: Salt\n|-damage|p2b: Salt|32\/100\n|-enditem|p2b: Salt|Light Clay|[from] move: Knock Off|[of] p1b: Isabell\n|\n|-weather|SunnyDay|[upkeep]\n|upkeep\n|turn|7\n|c|\u2606Lerntasse|well shit\n|\n|t:|1699318525\n|move|p1a: Your Mother|Protect|p1a: Your Mother\n|-singleturn|p1a: Your Mother|Protect\n|move|p2b: Salt|Leaf Storm|p1a: Your Mother\n|-activate|p1a: Your Mother|move: Protect\n|move|p2a: Sirocco|Flare Blitz|p1b: Isabell\n|-supereffective|p1b: Isabell\n|-damage|p1b: Isabell|0 fnt\n|faint|p1b: Isabell\n|-damage|p2a: Sirocco|69\/100|[from] Recoil\n|\n|-weather|SunnyDay|[upkeep]\n|upkeep\n|\n|t:|1699318537\n|switch|p1b: Egg King|Regieleki|100\/100\n|turn|8\n|\n|t:|1699318581\n|move|p1b: Egg King|Thunderbolt|p2a: Sirocco\n|-resisted|p2a: Sirocco\n|-damage|p2a: Sirocco|59\/100\n|-status|p2a: Sirocco|par\n|move|p2b: Salt|Leaf Storm|p1a: Your Mother\n|-supereffective|p1a: Your Mother\n|-enditem|p1a: Your Mother|Rindo Berry|[eat]\n|-enditem|p1a: Your Mother|Rindo Berry|[weaken]\n|-damage|p1a: Your Mother|72\/100\n|-boost|p2b: Salt|spa|2\n|move|p1a: Your Mother|Ice Beam|p2a: Sirocco\n|-supereffective|p2a: Sirocco\n|-damage|p2a: Sirocco|34\/100 par\n|move|p2a: Sirocco|Close Combat|p1a: Your Mother\n|-damage|p1a: Your Mother|0 fnt\n|-unboost|p2a: Sirocco|def|1\n|-unboost|p2a: Sirocco|spd|1\n|faint|p1a: Your Mother\n|\n|-weather|SunnyDay|[upkeep]\n|upkeep\n|\n|t:|1699318617\n|switch|p1a: Parker Thighs|Kyurem|100\/100\n|-ability|p1a: Parker Thighs|Pressure\n|turn|9\n|\n|t:|1699318691\n|move|p1b: Egg King|Protect|p1b: Egg King\n|-singleturn|p1b: Egg King|Protect\n|move|p1a: Parker Thighs|Protect|p1a: Parker Thighs\n|-singleturn|p1a: Parker Thighs|Protect\n|move|p2b: Salt|Leaf Storm|p1b: Egg King\n|-activate|p1b: Egg King|move: Protect\n|move|p2a: Sirocco|Close Combat|p1a: Parker Thighs\n|-activate|p1a: Parker Thighs|move: Protect\n|\n|-weather|SunnyDay|[upkeep]\n|upkeep\n|turn|10\n|\n|t:|1699318734\n|switch|p2a: Spaceman Spiff|Araquanid, M|92\/100\n|move|p1b: Egg King|Thunderbolt|p2b: Salt\n|-resisted|p2b: Salt\n|-damage|p2b: Salt|16\/100\n|move|p2b: Salt|Leaf Storm|p1b: Egg King\n|-enditem|p1b: Egg King|Focus Sash\n|-damage|p1b: Egg King|1\/100\n|-boost|p2b: Salt|spa|2\n|move|p1a: Parker Thighs|Substitute|p1a: Parker Thighs\n|-start|p1a: Parker Thighs|Substitute\n|-damage|p1a: Parker Thighs|76\/100\n|\n|-weather|none\n|-heal|p1a: Parker Thighs|82\/100|[from] item: Leftovers\n|upkeep\n|turn|11\n|\n|t:|1699318792\n|move|p2b: Salt|Protect|p2b: Salt\n|-singleturn|p2b: Salt|Protect\n|move|p1b: Egg King|Thunderbolt|p2b: Salt\n|-activate|p2b: Salt|move: Protect\n|move|p1a: Parker Thighs|Freeze-Dry|p2a: Spaceman Spiff\n|-supereffective|p2a: Spaceman Spiff\n|-damage|p2a: Spaceman Spiff|49\/100\n|move|p2a: Spaceman Spiff|Leech Life|p1b: Egg King\n|-damage|p1b: Egg King|0 fnt\n|-heal|p2a: Spaceman Spiff|50\/100|[from] drain|[of] p1b: Egg King\n|faint|p1b: Egg King\n|\n|-heal|p1a: Parker Thighs|88\/100|[from] item: Leftovers\n|upkeep\n|\n|t:|1699318805\n|switch|p1b: Murder Tub|Basculegion, M|54\/100\n|turn|12\n|\n|t:|1699318814\n|move|p2b: Salt|Leaf Storm|p1b: Murder Tub\n|-supereffective|p1b: Murder Tub\n|-damage|p1b: Murder Tub|0 fnt\n|-boost|p2b: Salt|spa|2\n|faint|p1b: Murder Tub\n|move|p1a: Parker Thighs|Freeze-Dry|p2b: Salt\n|-supereffective|p2b: Salt\n|-damage|p2b: Salt|0 fnt\n|faint|p2b: Salt\n|move|p2a: Spaceman Spiff|Leech Life|p1a: Parker Thighs\n|-end|p1a: Parker Thighs|Substitute\n|-heal|p2a: Spaceman Spiff|64\/100|[from] drain|[of] p1a: Parker Thighs\n|\n|-heal|p1a: Parker Thighs|94\/100|[from] item: Leftovers\n|upkeep\n|c|\u2606Lerntasse|ggs \n|\n|t:|1699318823\n|switch|p2b: Margot|Enamorus, F|100\/100\n|turn|13\n|\n|t:|1699318830\n|-terastallize|p1a: Parker Thighs|Ground\n|move|p2b: Margot|Springtide Storm|p1a: Parker Thighs\n|-damage|p1a: Parker Thighs|47\/100\n|move|p1a: Parker Thighs|Freeze-Dry|p2b: Margot\n|-supereffective|p2b: Margot\n|-damage|p2b: Margot|34\/100\n|move|p2a: Spaceman Spiff|Leech Life|p1a: Parker Thighs\n|-damage|p1a: Parker Thighs|16\/100\n|-heal|p2a: Spaceman Spiff|82\/100|[from] drain|[of] p1a: Parker Thighs\n|\n|-heal|p1a: Parker Thighs|22\/100|[from] item: Leftovers\n|-sideend|p2: samsjt|move: Light Screen\n|upkeep\n|turn|14\n|\n|t:|1699318852\n|move|p2b: Margot|Springtide Storm|p1a: Parker Thighs\n|-damage|p1a: Parker Thighs|0 fnt\n|faint|p1a: Parker Thighs\n|\n|win|samsjt\n|c|\u2606samsjt|gg mr cup\n","uploadtime":1699318864,"views":37,"p1id":"lerntasse","p2id":"samsjt","formatid":"gen9nationaldexdoubles","rating":0,"private":0,"password":""}