{"id":"dl-gen9nationaldexdoubles-114732","p1":"BH Miners","p2":"GurenDLotus","format":"[Gen 9] National Dex Doubles","log":"|j|\u2606BH Miners\n|j|\u2606GurenDLotus\n|t:|1698622273\n|gametype|doubles\n|player|p1|BH Miners|roark|\n|player|p2|GurenDLotus|red|\n|teamsize|p1|6\n|teamsize|p2|6\n|gen|9\n|tier|[Gen 9] National Dex Doubles\n|rule|Sleep Clause Mod: Limit one foe put to sleep\n|rule|OHKO Clause: OHKO moves are banned\n|rule|Evasion Moves Clause: Evasion moves are banned\n|rule|Endless Battle Clause: Forcing endless battles is banned\n|rule|HP Percentage Mod: HP is shown in percentages\n|rule|Z-Move Clause: Z-Moves are banned\n|clearpoke\n|poke|p1|Dragapult, F|\n|poke|p1|Whimsicott, M|\n|poke|p1|Arcanine-Hisui, M|\n|poke|p1|Ogerpon-Wellspring, F|\n|poke|p1|Glimmora, M|\n|poke|p1|Celesteela|\n|poke|p2|Necrozma-Dusk-Mane|\n|poke|p2|Gastrodon, F|\n|poke|p2|Tyranitar, M|\n|poke|p2|Amoonguss, M|\n|poke|p2|Hariyama, M|\n|poke|p2|Zebstrika, M|\n|teampreview\n|c|\u2606GurenDLotus|gastrodon grass; ttar rock; amoong water; haryama steel; zebsitrike eletrica\n|c|\u2606BH Miners|Pult Ghost, Whims Ghost, Nine Normal, Oger Water, Glimm Grass, Teela Ground\n|c|\u2606BH Miners|bom jogo!\n|c|\u2606GurenDLotus|bom jogo men\n|\n|t:|1698622374\n|start\n|switch|p1a: Dragapult|Dragapult, F|100\/100\n|switch|p1b: Glimmora|Glimmora, M|100\/100\n|switch|p2a: Omini|Necrozma-Dusk-Mane|100\/100\n|switch|p2b: Odama|Hariyama, M|100\/100\n|turn|1\n|\n|t:|1698622412\n|switch|p1b: Arcanine|Arcanine-Hisui, M|100\/100\n|-ability|p1b: Arcanine|Intimidate|boost\n|-unboost|p2a: Omini|atk|1\n|-unboost|p2b: Odama|atk|1\n|-terastallize|p1a: Dragapult|Ghost\n|move|p2b: Odama|Wide Guard|p2b: Odama\n|-singleturn|p2b: Odama|Wide Guard\n|move|p1a: Dragapult|Tera Blast|p2a: Omini\n|-supereffective|p2a: Omini\n|-enditem|p2a: Omini|Kasib Berry|[eat]\n|-enditem|p2a: Omini|Kasib Berry|[weaken]\n|-damage|p2a: Omini|58\/100\n|move|p2a: Omini|Trick Room|p2a: Omini\n|-fieldstart|move: Trick Room|[of] p2a: Omini\n|\n|-status|p2b: Odama|brn|[from] item: Flame Orb\n|upkeep\n|turn|2\n|\n|t:|1698622450\n|switch|p2a: Midgard|Tyranitar, M|100\/100\n|-weather|Sandstorm|[from] ability: Sand Stream|[of] p2a: Midgard\n|move|p2b: Odama|Close Combat|p1b: Arcanine\n|-supereffective|p1b: Arcanine\n|-damage|p1b: Arcanine|0 fnt\n|-unboost|p2b: Odama|def|1\n|-unboost|p2b: Odama|spd|1\n|faint|p1b: Arcanine\n|move|p1a: Dragapult|Tera Blast|p2a: Midgard\n|-resisted|p2a: Midgard\n|-damage|p2a: Midgard|64\/100\n|\n|-weather|Sandstorm|[upkeep]\n|-damage|p2b: Odama|94\/100 brn|[from] Sandstorm\n|-damage|p1a: Dragapult|94\/100|[from] Sandstorm\n|-damage|p2b: Odama|88\/100 brn|[from] brn\n|upkeep\n|l|\u2606GurenDLotus\n|player|p2|\n|\n|t:|1698622488\n|switch|p1b: Ogerpon|Ogerpon-Wellspring, F|100\/100\n|turn|3\n|j|\u2606GurenDLotus\n|player|p2|GurenDLotus|red\n|\n|t:|1698622551\n|switch|p2b: Melvim|Gastrodon, F|100\/100\n|switch|p2a: Jonny Dummy|Amoonguss, M|100\/100\n|switch|p1a: Whimsicott|Whimsicott, M|100\/100\n|move|p1b: Ogerpon|Horn Leech|p2a: Jonny Dummy\n|-resisted|p2a: Jonny Dummy\n|-damage|p2a: Jonny Dummy|93\/100\n|-damage|p1b: Ogerpon|84\/100|[from] item: Rocky Helmet|[of] p2a: Jonny Dummy\n|\n|-weather|Sandstorm|[upkeep]\n|-damage|p2a: Jonny Dummy|87\/100|[from] Sandstorm\n|-damage|p1b: Ogerpon|78\/100|[from] Sandstorm\n|-damage|p1a: Whimsicott|95\/100|[from] Sandstorm\n|upkeep\n|turn|4\n|\n|t:|1698622639\n|switch|p2b: Odama|Hariyama, M|88\/100 brn\n|switch|p1a: Glimmora|Glimmora, M|100\/100\n|move|p2a: Jonny Dummy|Clear Smog|p1a: Glimmora\n|-resisted|p1a: Glimmora\n|-damage|p1a: Glimmora|99\/100\n|-clearboost|p1a: Glimmora\n|move|p1b: Ogerpon|Swords Dance|p1b: Ogerpon\n|-boost|p1b: Ogerpon|atk|2\n|\n|-weather|Sandstorm|[upkeep]\n|-damage|p2a: Jonny Dummy|80\/100|[from] Sandstorm\n|-damage|p2b: Odama|82\/100 brn|[from] Sandstorm\n|-damage|p1b: Ogerpon|72\/100|[from] Sandstorm\n|-damage|p2b: Odama|76\/100 brn|[from] brn\n|upkeep\n|turn|5\n|\n|t:|1698622669\n|switch|p1a: Dragapult|Dragapult, F, tera:Ghost|94\/100\n|move|p1b: Ogerpon|Spiky Shield|p1b: Ogerpon\n|-singleturn|p1b: Ogerpon|move: Protect\n|move|p2b: Odama|Fake Out|p1a: Dragapult\n|-immune|p1a: Dragapult\n|move|p2a: Jonny Dummy|Clear Smog|p1b: Ogerpon\n|-activate|p1b: Ogerpon|move: Protect\n|\n|-weather|Sandstorm|[upkeep]\n|-damage|p2a: Jonny Dummy|74\/100|[from] Sandstorm\n|-damage|p2b: Odama|70\/100 brn|[from] Sandstorm\n|-damage|p1b: Ogerpon|66\/100|[from] Sandstorm\n|-damage|p1a: Dragapult|88\/100|[from] Sandstorm\n|-damage|p2b: Odama|64\/100 brn|[from] brn\n|-fieldend|move: Trick Room\n|upkeep\n|turn|6\n|\n|t:|1698622699\n|switch|p2b: Melvim|Gastrodon, F|100\/100\n|move|p1a: Dragapult|U-turn|p2a: Jonny Dummy\n|-damage|p2a: Jonny Dummy|46\/100\n|-damage|p1a: Dragapult|72\/100|[from] item: Rocky Helmet|[of] p2a: Jonny Dummy\n|\n|t:|1698622706\n|switch|p1a: Whimsicott|Whimsicott, M|95\/100|[from] U-turn\n|move|p1b: Ogerpon|Horn Leech|p2b: Melvim\n|-supereffective|p2b: Melvim\n|-damage|p2b: Melvim|0 fnt\n|-heal|p1b: Ogerpon|100\/100|[from] drain|[of] p2b: Melvim\n|faint|p2b: Melvim\n|move|p2a: Jonny Dummy|Clear Smog|p1b: Ogerpon\n|-supereffective|p1b: Ogerpon\n|-damage|p1b: Ogerpon|73\/100\n|-clearboost|p1b: Ogerpon\n|\n|-weather|none\n|upkeep\n|\n|t:|1698622719\n|switch|p2b: Omini|Necrozma-Dusk-Mane|58\/100\n|turn|7\n|\n|t:|1698622748\n|move|p1a: Whimsicott|Moonblast|p2b: Omini\n|-resisted|p2b: Omini\n|-damage|p2b: Omini|47\/100\n|move|p1b: Ogerpon|Ivy Cudgel|p2b: Omini\n|-damage|p2b: Omini|6\/100\n|move|p2b: Omini|Photon Geyser|p1b: Ogerpon\n|-damage|p1b: Ogerpon|21\/100\n|move|p2a: Jonny Dummy|Clear Smog|p1b: Ogerpon\n|-supereffective|p1b: Ogerpon\n|-crit|p1b: Ogerpon\n|-damage|p1b: Ogerpon|0 fnt\n|-clearboost|p1b: Ogerpon\n|faint|p1b: Ogerpon\n|\n|upkeep\n|\n|t:|1698622765\n|switch|p1b: Dragapult|Dragapult, F, tera:Ghost|72\/100\n|turn|8\n|\n|t:|1698622779\n|move|p2b: Omini|Protect|p2b: Omini\n|-singleturn|p2b: Omini|Protect\n|move|p1a: Whimsicott|Moonblast|p2b: Omini\n|-activate|p2b: Omini|move: Protect\n|move|p1b: Dragapult|Tera Blast|p2a: Jonny Dummy\n|-damage|p2a: Jonny Dummy|0 fnt\n|faint|p2a: Jonny Dummy\n|\n|upkeep\n|\n|t:|1698622811\n|switch|p2a: Midgard|Tyranitar, M|64\/100\n|-weather|Sandstorm|[from] ability: Sand Stream|[of] p2a: Midgard\n|turn|9\n|\n|t:|1698622843\n|switch|p2b: Odama|Hariyama, M|64\/100 brn\n|move|p1a: Whimsicott|Moonblast|p2a: Midgard\n|-supereffective|p2a: Midgard\n|-damage|p2a: Midgard|31\/100\n|move|p1b: Dragapult|Tera Blast|p2a: Midgard\n|-resisted|p2a: Midgard\n|-damage|p2a: Midgard|0 fnt\n|faint|p2a: Midgard\n|\n|-weather|Sandstorm|[upkeep]\n|-damage|p1a: Whimsicott|89\/100|[from] Sandstorm\n|-damage|p1b: Dragapult|66\/100|[from] Sandstorm\n|-damage|p2b: Odama|58\/100 brn|[from] Sandstorm\n|-damage|p2b: Odama|52\/100 brn|[from] brn\n|upkeep\n|\n|t:|1698622857\n|switch|p2a: Omini|Necrozma-Dusk-Mane|6\/100\n|turn|10\n|\n|t:|1698622874\n|move|p2b: Odama|Bullet Punch|p1a: Whimsicott\n|-supereffective|p1a: Whimsicott\n|-damage|p1a: Whimsicott|38\/100\n|move|p1a: Whimsicott|Moonblast|p2b: Odama\n|-supereffective|p2b: Odama\n|-damage|p2b: Odama|0 fnt\n|faint|p2b: Odama\n|move|p1b: Dragapult|Tera Blast|p2a: Omini\n|-supereffective|p2a: Omini\n|-damage|p2a: Omini|0 fnt\n|faint|p2a: Omini\n|\n|-weather|Sandstorm|[upkeep]\n|-damage|p1a: Whimsicott|32\/100|[from] Sandstorm\n|-damage|p1b: Dragapult|60\/100|[from] Sandstorm\n|upkeep\n|c|\u2606GurenDLotus|gg\n|\n|t:|1698622894\n|switch|p2b: Faiska|Zebstrika, M|100\/100\n|turn|11\n|\n|t:|1698622900\n|-terastallize|p2b: Faiska|Electric\n|move|p1a: Whimsicott|Tailwind|p1a: Whimsicott\n|-sidestart|p1: BH Miners|move: Tailwind\n|move|p1b: Dragapult|Tera Blast|p2b: Faiska\n|-damage|p2b: Faiska|0 fnt\n|faint|p2b: Faiska\n|\n|win|BH Miners\n|c|\u2606BH Miners|gg\n","uploadtime":1698622915,"views":14,"p1id":"bhminers","p2id":"gurendlotus","formatid":"gen9nationaldexdoubles","rating":0,"private":0,"password":""}