{"id":"dl-gen9nationaldexdoubles-124497","p1":"EduRufus","p2":"OlPatchy2Eyes","format":"[Gen 9] National Dex Doubles","log":"|j|\u2606EduRufus\n|j|\u2606OlPatchy2Eyes\n|t:|1701022345\n|gametype|doubles\n|player|p1|EduRufus|ghetsis|\n|player|p2|OlPatchy2Eyes|emmet|\n|teamsize|p1|6\n|teamsize|p2|6\n|gen|9\n|tier|[Gen 9] National Dex Doubles\n|rule|Sleep Clause Mod: Limit one foe put to sleep\n|rule|OHKO Clause: OHKO moves are banned\n|rule|Evasion Moves Clause: Evasion moves are banned\n|rule|Endless Battle Clause: Forcing endless battles is banned\n|rule|HP Percentage Mod: HP is shown in percentages\n|rule|Z-Move Clause: Z-Moves are banned\n|clearpoke\n|poke|p1|Ogerpon-Hearthflame, F|\n|poke|p1|Walking Wake|\n|poke|p1|Krookodile, F|\n|poke|p1|Tornadus, M|\n|poke|p1|Zapdos-Galar|\n|poke|p1|Clefable, F|\n|poke|p2|Sneasler, M|\n|poke|p2|Giratina-Origin|\n|poke|p2|Great Tusk|\n|poke|p2|Sinistcha|\n|poke|p2|Clawitzer, F|\n|poke|p2|Luxray, F|\n|teampreview\n|c|\u2606EduRufus|gl anf hf bro!\n|c|\u2606OlPatchy2Eyes|Bom jogo my friend\n|l|\u2606OlPatchy2Eyes\n|player|p2|\n|j|\u2606OlPatchy2Eyes\n|player|p2|OlPatchy2Eyes|emmet\n|c|\u2606EduRufus|haha\n|c|\u2606EduRufus|looks like i forgot something\n|c|\u2606EduRufus|XD\n|c|\u2606EduRufus|something named zeraora\n|c|\u2606OlPatchy2Eyes|I dont mind restarting\n|c|\u2606OlPatchy2Eyes|Oh\n|c|\u2606EduRufus|nah\n|c|\u2606EduRufus|i`m joking\n|c|\u2606EduRufus|i knew i would miss him\n|c|\u2606OlPatchy2Eyes|Ah i see\n|\n|t:|1701022541\n|start\n|switch|p1a: Tornadus|Tornadus, M|100\/100\n|switch|p1b: Walking Wake|Walking Wake|100\/100\n|switch|p2a: TINA|Giratina-Origin, shiny|100\/100\n|switch|p2b: Wiggums|Luxray, F|100\/100\n|-ability|p2b: Wiggums|Intimidate|boost\n|-unboost|p1a: Tornadus|atk|1\n|-unboost|p1b: Walking Wake|atk|1\n|turn|1\n|c|\u2606OlPatchy2Eyes|If it makes you feel better it wouldnt save you :P\n|\n|t:|1701022623\n|switch|p1a: Krookodile|Krookodile, F|100\/100\n|-ability|p1a: Krookodile|Intimidate|boost\n|-unboost|p2a: TINA|atk|1\n|-unboost|p2b: Wiggums|atk|1\n|switch|p2a: The Claaaw|Clawitzer, F|100\/100\n|move|p1b: Walking Wake|Flip Turn|p2b: Wiggums\n|-damage|p2b: Wiggums|86\/100\n|\n|t:|1701022639\n|-end|p1b: Walking Wake|Protosynthesis|[silent]\n|switch|p1b: Ogerpon|Ogerpon-Hearthflame, F|100\/100|[from] Flip Turn\n|-ability|p1b: Ogerpon|Mold Breaker\n|move|p2b: Wiggums|Agility|p2b: Wiggums\n|-boost|p2b: Wiggums|spe|2\n|\n|upkeep\n|turn|2\n|\n|t:|1701022693\n|switch|p2b: TINA|Giratina-Origin, shiny|100\/100\n|switch|p2a: Mr. Teatime|Sinistcha|100\/100\n|move|p1a: Krookodile|Protect|p1a: Krookodile\n|-singleturn|p1a: Krookodile|Protect\n|move|p1b: Ogerpon|Horn Leech|p2a: Mr. Teatime\n|-resisted|p2a: Mr. Teatime\n|-damage|p2a: Mr. Teatime|81\/100\n|\n|upkeep\n|turn|3\n|\n|t:|1701022746\n|switch|p1a: Tornadus|Tornadus, M|100\/100\n|move|p1b: Ogerpon|U-turn|p2a: Mr. Teatime\n|-damage|p2a: Mr. Teatime|54\/100\n|j| pbjif\n|\n|t:|1701022761\n|switch|p1b: Zapdos|Zapdos-Galar|100\/100|[from] U-turn\n|move|p2b: TINA|Draco Meteor|p1b: Zapdos\n|-damage|p1b: Zapdos|25\/100\n|-unboost|p2b: TINA|spa|2\n|move|p2a: Mr. Teatime|Strength Sap|p1b: Zapdos\n|-unboost|p1b: Zapdos|atk|1\n|-ability|p1b: Zapdos|Defiant|boost\n|-boost|p1b: Zapdos|atk|2\n|-heal|p2a: Mr. Teatime|100\/100\n|\n|-heal|p1b: Zapdos|31\/100|[from] item: Leftovers\n|upkeep\n|turn|4\n|\n|t:|1701022800\n|move|p1a: Tornadus|Taunt|p2b: TINA\n|-start|p2b: TINA|move: Taunt\n|move|p1b: Zapdos|Brave Bird|p2a: Mr. Teatime\n|-supereffective|p2a: Mr. Teatime\n|-enditem|p2a: Mr. Teatime|Coba Berry|[eat]\n|-enditem|p2a: Mr. Teatime|Coba Berry|[weaken]\n|-damage|p2a: Mr. Teatime|19\/100\n|-damage|p1b: Zapdos|2\/100|[from] Recoil\n|cant|p2b: TINA|move: Taunt|Tailwind\n|move|p2a: Mr. Teatime|Shadow Ball|p1b: Zapdos\n|-damage|p1b: Zapdos|0 fnt\n|faint|p1b: Zapdos\n|\n|upkeep\n|\n|t:|1701022824\n|switch|p1b: Walking Wake|Walking Wake|100\/100\n|turn|5\n|\n|t:|1701022882\n|switch|p2b: The Claaaw|Clawitzer, F|100\/100\n|-terastallize|p1b: Walking Wake|Dragon\n|move|p1b: Walking Wake|Draco Meteor|p2b: The Claaaw\n|-damage|p2b: The Claaaw|9\/100\n|-unboost|p1b: Walking Wake|spa|2\n|-enditem|p2b: The Claaaw|Sitrus Berry|[eat]\n|-heal|p2b: The Claaaw|33\/100|[from] item: Sitrus Berry\n|move|p1a: Tornadus|U-turn|p2a: Mr. Teatime\n|-damage|p2a: Mr. Teatime|3\/100\n|\n|t:|1701022894\n|switch|p1a: Clefable|Clefable, F|100\/100|[from] U-turn\n|move|p2a: Mr. Teatime|Strength Sap|p1a: Clefable\n|-unboost|p1a: Clefable|atk|1\n|-heal|p2a: Mr. Teatime|40\/100\n|\n|upkeep\n|turn|6\n|\n|t:|1701022964\n|move|p1a: Clefable|Follow Me|p1a: Clefable\n|-singleturn|p1a: Clefable|move: Follow Me\n|move|p1b: Walking Wake|Draco Meteor|p2b: The Claaaw\n|-crit|p2b: The Claaaw\n|-damage|p2b: The Claaaw|0 fnt\n|-unboost|p1b: Walking Wake|spa|2\n|faint|p2b: The Claaaw\n|move|p2a: Mr. Teatime|Calm Mind|p2a: Mr. Teatime\n|-boost|p2a: Mr. Teatime|spa|1\n|-boost|p2a: Mr. Teatime|spd|1\n|\n|upkeep\n|\n|t:|1701023006\n|switch|p2b: TINA|Giratina-Origin, shiny|100\/100\n|turn|7\n|\n|t:|1701023021\n|-end|p1b: Walking Wake|Protosynthesis|[silent]\n|switch|p1b: Tornadus|Tornadus, M|100\/100\n|move|p2b: TINA|Toxic|p1a: Clefable\n|-status|p1a: Clefable|tox\n|move|p2a: Mr. Teatime|Iron Defense|p2a: Mr. Teatime\n|-boost|p2a: Mr. Teatime|def|2\n|move|p1a: Clefable|Moonblast|p2a: Mr. Teatime\n|-damage|p2a: Mr. Teatime|0 fnt\n|faint|p2a: Mr. Teatime\n|\n|-damage|p1a: Clefable|94\/100 tox|[from] psn\n|upkeep\n|\n|t:|1701023035\n|switch|p2a: Wiggums|Luxray, F|86\/100\n|-ability|p2a: Wiggums|Intimidate|boost\n|-unboost|p1a: Clefable|atk|1\n|-unboost|p1b: Tornadus|atk|1\n|turn|8\n|\n|t:|1701023061\n|switch|p1b: Krookodile|Krookodile, F|100\/100\n|-ability|p1b: Krookodile|Intimidate|boost\n|-unboost|p2a: Wiggums|atk|1\n|-unboost|p2b: TINA|atk|1\n|switch|p2b: Mean Girl Bully|Sneasler, M|100\/100\n|move|p2a: Wiggums|Wild Charge|p1b: Krookodile\n|-immune|p1b: Krookodile\n|move|p1a: Clefable|Moonblast|p2b: Mean Girl Bully\n|-damage|p2b: Mean Girl Bully|42\/100\n|-unboost|p2b: Mean Girl Bully|spa|1\n|\n|-heal|p1a: Clefable|100\/100 tox|[from] item: Leftovers\n|-damage|p1a: Clefable|88\/100 tox|[from] psn\n|upkeep\n|turn|9\n|\n|t:|1701023099\n|switch|p2a: Rumble Tumbler|Great Tusk|100\/100\n|switch|p1a: Tornadus|Tornadus, M|100\/100\n|move|p2b: Mean Girl Bully|Close Combat|p1b: Krookodile\n|-supereffective|p1b: Krookodile\n|-damage|p1b: Krookodile|0 fnt\n|-unboost|p2b: Mean Girl Bully|def|1\n|-unboost|p2b: Mean Girl Bully|spd|1\n|faint|p1b: Krookodile\n|\n|upkeep\n|\n|t:|1701023120\n|switch|p1b: Walking Wake|Walking Wake, tera:Dragon|100\/100\n|turn|10\n|\n|t:|1701023173\n|switch|p2b: Wiggums|Luxray, F|86\/100\n|-ability|p2b: Wiggums|Intimidate|boost\n|-unboost|p1a: Tornadus|atk|1\n|-unboost|p1b: Walking Wake|atk|1\n|move|p1a: Tornadus|Sunny Day|p1a: Tornadus\n|-weather|SunnyDay\n|-activate|p2a: Rumble Tumbler|ability: Protosynthesis\n|-start|p2a: Rumble Tumbler|protosynthesisatk\n|-activate|p1b: Walking Wake|ability: Protosynthesis\n|-start|p1b: Walking Wake|protosynthesisspe\n|move|p1b: Walking Wake|Hydro Steam|p2a: Rumble Tumbler\n|-supereffective|p2a: Rumble Tumbler\n|-damage|p2a: Rumble Tumbler|0 fnt\n|faint|p2a: Rumble Tumbler\n|-end|p2a: Rumble Tumbler|Protosynthesis|[silent]\n|\n|-weather|SunnyDay|[upkeep]\n|upkeep\n|\n|t:|1701023195\n|switch|p2a: Mean Girl Bully|Sneasler, M|42\/100\n|turn|11\n|\n|t:|1701023217\n|switch|p2a: TINA|Giratina-Origin, shiny|100\/100\n|move|p1a: Tornadus|Tailwind|p1a: Tornadus\n|-sidestart|p1: EduRufus|move: Tailwind\n|move|p1b: Walking Wake|Hydro Steam|p1a: Tornadus\n|-damage|p1a: Tornadus|12\/100\n|move|p2b: Wiggums|Wild Charge|p1b: Walking Wake\n|-resisted|p1b: Walking Wake\n|-damage|p1b: Walking Wake|73\/100\n|-damage|p2b: Wiggums|78\/100|[from] Recoil\n|\n|-weather|SunnyDay|[upkeep]\n|upkeep\n|turn|12\n|c|\u2606EduRufus|missclick\n|c|\u2606EduRufus|damn\n|c|\u2606OlPatchy2Eyes|Sorry\n|\n|t:|1701023273\n|-end|p1b: Walking Wake|Protosynthesis|[silent]\n|switch|p1b: Clefable|Clefable, F|88\/100 tox\n|-terastallize|p2b: Wiggums|Electric\n|move|p1a: Tornadus|Taunt|p2a: TINA\n|-start|p2a: TINA|move: Taunt\n|move|p2b: Wiggums|Wild Charge|p1b: Clefable\n|-damage|p1b: Clefable|15\/100 tox\n|-damage|p2b: Wiggums|54\/100|[from] Recoil\n|move|p2a: TINA|Draco Meteor|p1b: Clefable\n|-immune|p1b: Clefable\n|\n|-weather|SunnyDay|[upkeep]\n|-heal|p1b: Clefable|21\/100 tox|[from] item: Leftovers\n|-damage|p1b: Clefable|15\/100 tox|[from] psn\n|upkeep\n|turn|13\n|\n|t:|1701023309\n|move|p1a: Tornadus|Taunt|p2b: Wiggums\n|-start|p2b: Wiggums|move: Taunt\n|move|p1b: Clefable|Moonblast|p2a: TINA\n|-supereffective|p2a: TINA\n|-damage|p2a: TINA|54\/100\n|-unboost|p2a: TINA|spa|1\n|cant|p2b: Wiggums|move: Taunt|Agility\n|move|p2a: TINA|Draco Meteor|p1a: Tornadus\n|-damage|p1a: Tornadus|0 fnt\n|-unboost|p2a: TINA|spa|2\n|faint|p1a: Tornadus\n|\n|-weather|SunnyDay|[upkeep]\n|-heal|p1b: Clefable|21\/100 tox|[from] item: Leftovers\n|-damage|p1b: Clefable|9\/100 tox|[from] psn\n|upkeep\n|\n|t:|1701023331\n|switch|p1a: Ogerpon|Ogerpon-Hearthflame, F|100\/100\n|-ability|p1a: Ogerpon|Mold Breaker\n|turn|14\n|\n|t:|1701023344\n|move|p1a: Ogerpon|Ivy Cudgel|p2b: Wiggums\n|-damage|p2b: Wiggums|0 fnt\n|faint|p2b: Wiggums\n|move|p1b: Clefable|Moonblast|p2a: TINA\n|-supereffective|p2a: TINA\n|-crit|p2a: TINA\n|-damage|p2a: TINA|0 fnt\n|faint|p2a: TINA\n|\n|-weather|none\n|-heal|p1b: Clefable|15\/100 tox|[from] item: Leftovers\n|-damage|p1b: Clefable|0 fnt|[from] psn\n|faint|p1b: Clefable\n|-sideend|p1: EduRufus|move: Tailwind\n|upkeep\n|\n|t:|1701023356\n|switch|p2b: Mean Girl Bully|Sneasler, M|42\/100\n|switch|p1b: Walking Wake|Walking Wake, tera:Dragon|73\/100\n|turn|15\n|c|\u2606OlPatchy2Eyes|Gg\n|\n|t:|1701023377\n|move|p1b: Walking Wake|Hydro Steam|p2b: Mean Girl Bully\n|-damage|p2b: Mean Girl Bully|0 fnt\n|faint|p2b: Mean Girl Bully\n|\n|win|EduRufus\n|c|\u2606EduRufus|gg bro\n|c|\u2606EduRufus|sry for the crit\n","uploadtime":1701023398,"views":15,"p1id":"edurufus","p2id":"olpatchy2eyes","formatid":"gen9nationaldexdoubles","rating":0,"private":0,"password":""}