{"id":"dl-gen9nationaldexdoubles-111473","p1":"Gioilele","p2":"Labacedo","format":"[Gen 9] National Dex Doubles","log":"|j|\u2606Gioilele\n|j|\u2606Labacedo\n|t:|1697848365\n|gametype|doubles\n|player|p1|Gioilele|101|\n|player|p2|Labacedo|1|\n|teamsize|p1|6\n|teamsize|p2|6\n|gen|9\n|tier|[Gen 9] National Dex Doubles\n|rule|Sleep Clause Mod: Limit one foe put to sleep\n|rule|OHKO Clause: OHKO moves are banned\n|rule|Evasion Moves Clause: Evasion moves are banned\n|rule|Endless Battle Clause: Forcing endless battles is banned\n|rule|HP Percentage Mod: HP is shown in percentages\n|rule|Z-Move Clause: Z-Moves are banned\n|clearpoke\n|poke|p1|Fezandipiti, M|\n|poke|p1|Walking Wake|\n|poke|p1|Ninetales-Alola, F|\n|poke|p1|Infernape, M|\n|poke|p1|Kleavor, F|\n|poke|p1|Sandslash-Alola, M|\n|poke|p2|Klefki, M|\n|poke|p2|Naganadel|\n|poke|p2|Maushold-Four|\n|poke|p2|Tangela, M|\n|poke|p2|Kilowattrel, F|\n|poke|p2|Abomasnow, M|\n|teampreview\n|c|\u2606Gioilele|bom jogo hug\u00e3o\n|c|\u2606Labacedo|os tera\n|c|\u2606Labacedo|bom jogo\n|c|\u2606Gioilele|Fezandipiti - steel \/ walking wake - water \/ Ninetales-A - Ice \/ Infernape - Fire \/ Kleavor - Dark \/ Sandslash - Grass\n|c|\u2606Labacedo|Klefki - Fairy \/ Naganadel - Ground \/ Maushold - Normal \/ Tangela - Grass \/ Killowatrel - Steel \/  Abomasnow - Fairy\n|\n|t:|1697848502\n|start\n|switch|p1a: Infernape|Infernape, M|100\/100\n|switch|p1b: Kleavor|Kleavor, F|100\/100\n|switch|p2a: Klefki|Klefki, M|100\/100\n|switch|p2b: Naganadel|Naganadel|100\/100\n|turn|1\n|\n|t:|1697848517\n|move|p1a: Infernape|Fake Out|p2a: Klefki\n|-resisted|p2a: Klefki\n|-damage|p2a: Klefki|95\/100\n|cant|p2a: Klefki|flinch\n|move|p2b: Naganadel|Draco Meteor|p1a: Infernape\n|-damage|p1a: Infernape|0 fnt\n|-unboost|p2b: Naganadel|spa|2\n|faint|p1a: Infernape\n|-ability|p2b: Naganadel|Beast Boost|boost\n|-boost|p2b: Naganadel|spe|1\n|-damage|p2b: Naganadel|91\/100|[from] item: Life Orb\n|move|p1b: Kleavor|Stone Axe|p2b: Naganadel\n|-damage|p2b: Naganadel|0 fnt\n|-sidestart|p2: Labacedo|move: Stealth Rock\n|faint|p2b: Naganadel\n|\n|upkeep\n|\n|t:|1697848553\n|switch|p2b: Abomasnow|Abomasnow, M|100\/100\n|switch|p1a: Sandslash|Sandslash-Alola, M|100\/100\n|-damage|p2b: Abomasnow|76\/100|[from] Stealth Rock\n|-weather|Snow|[from] ability: Snow Warning|[of] p2b: Abomasnow\n|turn|2\n|\n|t:|1697848598\n|move|p2a: Klefki|Reflect|p2a: Klefki\n|-sidestart|p2: Labacedo|Reflect\n|move|p1a: Sandslash|Drill Run|p2a: Klefki\n|-supereffective|p2a: Klefki\n|-damage|p2a: Klefki|68\/100\n|move|p1b: Kleavor|Stone Axe|p2b: Abomasnow\n|-supereffective|p2b: Abomasnow\n|-crit|p2b: Abomasnow\n|-damage|p2b: Abomasnow|0 fnt\n|faint|p2b: Abomasnow\n|\n|-weather|Snow|[upkeep]\n|upkeep\n|\n|t:|1697848609\n|switch|p2b: Kilowattrel|Kilowattrel, F|100\/100\n|-damage|p2b: Kilowattrel|76\/100|[from] Stealth Rock\n|turn|3\n|\n|t:|1697848621\n|switch|p1b: Fezandipiti|Fezandipiti, M|100\/100\n|-terastallize|p2b: Kilowattrel|Steel\n|move|p1a: Sandslash|Icicle Spear|p2b: Kilowattrel\n|-resisted|p2b: Kilowattrel\n|-damage|p2b: Kilowattrel|69\/100\n|-resisted|p2b: Kilowattrel\n|-damage|p2b: Kilowattrel|63\/100\n|-resisted|p2b: Kilowattrel\n|-damage|p2b: Kilowattrel|56\/100\n|-resisted|p2b: Kilowattrel\n|-damage|p2b: Kilowattrel|49\/100\n|-hitcount|p2b: Kilowattrel|4\n|move|p2b: Kilowattrel|Tera Blast|p1b: Fezandipiti\n|-supereffective|p1b: Fezandipiti\n|-crit|p1b: Fezandipiti\n|-damage|p1b: Fezandipiti|0 fnt\n|faint|p1b: Fezandipiti\n|move|p2a: Klefki|Dazzling Gleam|p1a: Sandslash\n|-resisted|p1a: Sandslash\n|-damage|p1a: Sandslash|81\/100\n|\n|-weather|Snow|[upkeep]\n|upkeep\n|\n|t:|1697848640\n|switch|p1b: Walking Wake|Walking Wake|100\/100\n|turn|4\n|\n|t:|1697848676\n|switch|p2b: Tangela|Tangela, M|100\/100\n|-damage|p2b: Tangela|88\/100|[from] Stealth Rock\n|move|p2a: Klefki|Light Screen|p2a: Klefki\n|-sidestart|p2: Labacedo|move: Light Screen\n|move|p1b: Walking Wake|Flamethrower|p2a: Klefki\n|-supereffective|p2a: Klefki\n|-damage|p2a: Klefki|15\/100\n|-status|p2a: Klefki|brn\n|move|p1a: Sandslash|Drill Run|p2b: Tangela\n|-resisted|p2b: Tangela\n|-damage|p2b: Tangela|83\/100\n|\n|-weather|Snow|[upkeep]\n|-damage|p2a: Klefki|9\/100 brn|[from] brn\n|upkeep\n|turn|5\n|\n|t:|1697848720\n|move|p1b: Walking Wake|Flamethrower|p2a: Klefki\n|-supereffective|p2a: Klefki\n|-damage|p2a: Klefki|0 fnt\n|faint|p2a: Klefki\n|move|p1a: Sandslash|Icicle Spear|p2b: Tangela\n|-supereffective|p2b: Tangela\n|-damage|p2b: Tangela|74\/100\n|-supereffective|p2b: Tangela\n|-damage|p2b: Tangela|65\/100\n|-supereffective|p2b: Tangela\n|-damage|p2b: Tangela|55\/100\n|-supereffective|p2b: Tangela\n|-damage|p2b: Tangela|47\/100\n|-supereffective|p2b: Tangela\n|-damage|p2b: Tangela|38\/100\n|-hitcount|p2b: Tangela|5\n|move|p2b: Tangela|Knock Off|p1b: Walking Wake\n|-damage|p1b: Walking Wake|86\/100\n|-enditem|p1b: Walking Wake|Choice Scarf|[from] move: Knock Off|[of] p2b: Tangela\n|\n|-weather|Snow|[upkeep]\n|upkeep\n|\n|t:|1697848734\n|switch|p2a: Kilowattrel|Kilowattrel, F, tera:Steel|49\/100\n|-damage|p2a: Kilowattrel|43\/100|[from] Stealth Rock\n|turn|6\n|\n|t:|1697848742\n|move|p1a: Sandslash|Drill Run|p2a: Kilowattrel\n|-supereffective|p2a: Kilowattrel\n|-damage|p2a: Kilowattrel|0 fnt\n|faint|p2a: Kilowattrel\n|move|p1b: Walking Wake|Flamethrower|p2b: Tangela\n|-supereffective|p2b: Tangela\n|-damage|p2b: Tangela|2\/100\n|move|p2b: Tangela|Morning Sun|p2b: Tangela\n|-heal|p2b: Tangela|27\/100\n|\n|-weather|none\n|upkeep\n|\n|t:|1697848758\n|switch|p2a: Maushold|Maushold-Four|100\/100\n|-damage|p2a: Maushold|88\/100|[from] Stealth Rock\n|turn|7\n|\n|t:|1697848766\n|-end|p1b: Walking Wake|Protosynthesis|[silent]\n|switch|p1b: Ninetales|Ninetales-Alola, F|100\/100\n|-weather|Snow|[from] ability: Snow Warning|[of] p1b: Ninetales\n|move|p1a: Sandslash|Icicle Spear|p2b: Tangela\n|-supereffective|p2b: Tangela\n|-damage|p2b: Tangela|18\/100\n|-supereffective|p2b: Tangela\n|-damage|p2b: Tangela|8\/100\n|-supereffective|p2b: Tangela\n|-damage|p2b: Tangela|0 fnt\n|faint|p2b: Tangela\n|-hitcount|p2: Tangela|3\n|move|p2a: Maushold|Population Bomb|p1b: Ninetales\n|-damage|p1b: Ninetales|93\/100\n|-damage|p1b: Ninetales|86\/100\n|-damage|p1b: Ninetales|78\/100\n|-damage|p1b: Ninetales|72\/100\n|-damage|p1b: Ninetales|65\/100\n|-damage|p1b: Ninetales|58\/100\n|-damage|p1b: Ninetales|51\/100\n|-damage|p1b: Ninetales|44\/100\n|-damage|p1b: Ninetales|36\/100\n|-damage|p1b: Ninetales|29\/100\n|-hitcount|p1b: Ninetales|10\n|\n|-weather|Snow|[upkeep]\n|upkeep\n|turn|8\n|\n|t:|1697848793\n|move|p1a: Sandslash|Icicle Spear|p2a: Maushold\n|-damage|p2a: Maushold|76\/100\n|-damage|p2a: Maushold|66\/100\n|-damage|p2a: Maushold|54\/100\n|-damage|p2a: Maushold|42\/100\n|-damage|p2a: Maushold|31\/100\n|-hitcount|p2a: Maushold|5\n|move|p2a: Maushold|Population Bomb|p1b: Ninetales\n|-damage|p1b: Ninetales|22\/100\n|-damage|p1b: Ninetales|15\/100\n|-damage|p1b: Ninetales|8\/100\n|-damage|p1b: Ninetales|1\/100\n|-damage|p1b: Ninetales|0 fnt\n|faint|p1b: Ninetales\n|-hitcount|p1: Ninetales|5\n|\n|-weather|Snow|[upkeep]\n|upkeep\n|\n|t:|1697848810\n|switch|p1b: Walking Wake|Walking Wake|86\/100\n|turn|9\n|c|\u2606Gioilele|gg hug\u00e3o\n|\n|t:|1697848831\n|move|p1a: Sandslash|Icicle Spear|p2a: Maushold\n|-damage|p2a: Maushold|19\/100\n|-damage|p2a: Maushold|9\/100\n|-damage|p2a: Maushold|0 fnt\n|faint|p2a: Maushold\n|-hitcount|p2: Maushold|3\n|\n|win|Gioilele\n|c|\u2606Labacedo|gg aquele crit me fudeu\n|c|\u2606Gioilele|se pa\n","uploadtime":1697848838,"views":21,"p1id":"gioilele","p2id":"labacedo","formatid":"gen9nationaldexdoubles","rating":0,"private":0,"password":""}