{"id":"dl-gen9nationaldexdoubles-117358","p1":"cottapina","p2":"cwdevilmawilefc","format":"[Gen 9] National Dex Doubles","log":"|j|\u2606cottapina\n|j|\u2606cwdevilmawilefc\n|t:|1699233126\n|gametype|doubles\n|player|p1|cottapina|pryce|\n|player|p2|cwdevilmawilefc|265|\n|teamsize|p1|6\n|teamsize|p2|6\n|gen|9\n|tier|[Gen 9] National Dex Doubles\n|rule|Sleep Clause Mod: Limit one foe put to sleep\n|rule|OHKO Clause: OHKO moves are banned\n|rule|Evasion Moves Clause: Evasion moves are banned\n|rule|Endless Battle Clause: Forcing endless battles is banned\n|rule|HP Percentage Mod: HP is shown in percentages\n|rule|Z-Move Clause: Z-Moves are banned\n|clearpoke\n|poke|p1|Incineroar, F|\n|poke|p1|Tapu Fini|\n|poke|p1|Toedscruel, F|\n|poke|p1|Okidogi, M|\n|poke|p1|Thundurus-Therian, M|\n|poke|p1|Goodra-Hisui, F|\n|poke|p2|Hatterene, F|\n|poke|p2|Iron Hands|\n|poke|p2|Ursaluna, M|\n|poke|p2|Vikavolt, F|\n|poke|p2|Tapu Lele|\n|poke|p2|Tinkaton, F|\n|teampreview\n|c|\u2606cwdevilmawilefc|Hatterene Fire, Iron Hands Grass, Ursaluna Ghost, Vikavolt Electric, Tapu Lele Fire, Tinkaton Water\n|c|\u2606cottapina|incineroar fire\n|c|\u2606cottapina|fini water\n|c|\u2606cottapina|toedscruel ground\n|c|\u2606cottapina|okidogi poison\n|c|\u2606cottapina|thundurus eletric\n|c|\u2606cottapina|goodra steel\n|\n|t:|1699233187\n|start\n|switch|p1a: Incineroar|Incineroar, F|100\/100\n|switch|p1b: Goodra|Goodra-Hisui, F|100\/100\n|switch|p2a: Tinkaton|Tinkaton, F|100\/100\n|switch|p2b: Hatterene|Hatterene, F|100\/100\n|-ability|p2a: Tinkaton|Mold Breaker\n|-ability|p1a: Incineroar|Intimidate|boost\n|-unboost|p2a: Tinkaton|atk|1\n|-unboost|p2b: Hatterene|atk|1\n|turn|1\n|\n|t:|1699233237\n|switch|p2b: Tapu Lele|Tapu Lele|100\/100\n|-fieldstart|move: Psychic Terrain|[from] ability: Psychic Surge|[of] p2b: Tapu Lele\n|move|p1a: Incineroar|Fake Out|p2a: Tinkaton\n|-activate|p2a: Tinkaton|move: Psychic Terrain\n|move|p2a: Tinkaton|Knock Off|p1b: Goodra\n|-damage|p1b: Goodra|86\/100\n|-enditem|p1b: Goodra|Figy Berry|[from] move: Knock Off|[of] p2a: Tinkaton\n|move|p1b: Goodra|Acid Armor|p1b: Goodra\n|-boost|p1b: Goodra|def|2\n|\n|upkeep\n|turn|2\n|\n|t:|1699233266\n|switch|p2b: Ursaluna|Ursaluna, M|100\/100\n|-terastallize|p1b: Goodra|Steel\n|move|p2a: Tinkaton|Thunder Wave|p1b: Goodra\n|-status|p1b: Goodra|par\n|move|p1a: Incineroar|Flare Blitz|p2a: Tinkaton\n|-supereffective|p2a: Tinkaton\n|-enditem|p2a: Tinkaton|Focus Sash\n|-damage|p2a: Tinkaton|1\/100\n|-damage|p1a: Incineroar|75\/100|[from] Recoil\n|move|p1b: Goodra|Iron Head|p2b: Ursaluna\n|-damage|p2b: Ursaluna|61\/100\n|\n|-status|p2b: Ursaluna|brn|[from] item: Flame Orb\n|upkeep\n|turn|3\n|\n|t:|1699233300\n|switch|p1a: Thundurus|Thundurus-Therian, M|100\/100\n|move|p2a: Tinkaton|Knock Off|p1a: Thundurus\n|-damage|p1a: Thundurus|75\/100\n|-enditem|p1a: Thundurus|Life Orb|[from] move: Knock Off|[of] p2a: Tinkaton\n|move|p2b: Ursaluna|Headlong Rush|p1b: Goodra\n|-supereffective|p1b: Goodra\n|-damage|p1b: Goodra|0 fnt\n|-unboost|p2b: Ursaluna|def|1\n|-unboost|p2b: Ursaluna|spd|1\n|faint|p1b: Goodra\n|\n|-damage|p2b: Ursaluna|55\/100 brn|[from] brn\n|upkeep\n|\n|t:|1699233314\n|switch|p1b: Incineroar|Incineroar, F|75\/100\n|-ability|p1b: Incineroar|Intimidate|boost\n|-unboost|p2a: Tinkaton|atk|1\n|-unboost|p2b: Ursaluna|atk|1\n|turn|4\n|\n|t:|1699233339\n|switch|p2b: Iron Hands|Iron Hands|100\/100\n|move|p1a: Thundurus|Thunderbolt|p2a: Tinkaton\n|-damage|p2a: Tinkaton|0 fnt\n|faint|p2a: Tinkaton\n|move|p1b: Incineroar|Flare Blitz|p2b: Iron Hands\n|-damage|p2b: Iron Hands|65\/100\n|-damage|p1b: Incineroar|60\/100|[from] Recoil\n|\n|upkeep\n|\n|t:|1699233362\n|switch|p2a: Hatterene|Hatterene, F|100\/100\n|turn|5\n|\n|t:|1699233374\n|move|p1a: Thundurus|Sludge Bomb|p2a: Hatterene\n|-supereffective|p2a: Hatterene\n|-damage|p2a: Hatterene|51\/100\n|move|p1b: Incineroar|Flare Blitz|p2a: Hatterene\n|-damage|p2a: Hatterene|0 fnt\n|faint|p2a: Hatterene\n|-damage|p1b: Incineroar|47\/100|[from] Recoil\n|move|p2b: Iron Hands|Drain Punch|p1b: Incineroar\n|-supereffective|p1b: Incineroar\n|-damage|p1b: Incineroar|0 fnt\n|-heal|p2b: Iron Hands|84\/100|[from] drain|[of] p1b: Incineroar\n|faint|p1b: Incineroar\n|\n|-fieldend|move: Psychic Terrain\n|upkeep\n|\n|t:|1699233402\n|switch|p1b: Toedscruel|Toedscruel, F|100\/100\n|switch|p2a: Vikavolt|Vikavolt, F, shiny|100\/100\n|turn|6\n|\n|t:|1699233428\n|switch|p1a: Okidogi|Okidogi, M|100\/100\n|-end|p2b: Iron Hands|Quark Drive|[silent]\n|switch|p2b: Ursaluna|Ursaluna, M|55\/100 brn\n|move|p2a: Vikavolt|Bug Buzz|p1b: Toedscruel\n|-supereffective|p1b: Toedscruel\n|-damage|p1b: Toedscruel|15\/100\n|-damage|p2a: Vikavolt|91\/100|[from] item: Life Orb\n|move|p1b: Toedscruel|Spore|p2a: Vikavolt\n|-status|p2a: Vikavolt|slp|[from] move: Spore\n|\n|-damage|p2b: Ursaluna|49\/100 brn|[from] brn\n|upkeep\n|turn|7\n|\n|t:|1699233461\n|switch|p2a: Tapu Lele|Tapu Lele|100\/100\n|-fieldstart|move: Psychic Terrain|[from] ability: Psychic Surge|[of] p2a: Tapu Lele\n|-terastallize|p2b: Ursaluna|Ghost\n|move|p1b: Toedscruel|Rage Powder|p1b: Toedscruel\n|-singleturn|p1b: Toedscruel|move: Rage Powder\n|move|p1a: Okidogi|Bulk Up|p1a: Okidogi\n|-boost|p1a: Okidogi|atk|1\n|-boost|p1a: Okidogi|def|1\n|move|p2b: Ursaluna|Headlong Rush|p1b: Toedscruel\n|-resisted|p1b: Toedscruel\n|-damage|p1b: Toedscruel|0 fnt\n|-unboost|p2b: Ursaluna|def|1\n|-unboost|p2b: Ursaluna|spd|1\n|faint|p1b: Toedscruel\n|\n|-damage|p2b: Ursaluna|43\/100 brn|[from] brn\n|upkeep\n|\n|t:|1699233477\n|switch|p1b: Tapu Fini|Tapu Fini|100\/100\n|-fieldstart|move: Misty Terrain|[from] ability: Misty Surge|[of] p1b: Tapu Fini\n|turn|8\n|\n|t:|1699233493\n|switch|p2b: Iron Hands|Iron Hands|84\/100\n|move|p1a: Okidogi|Protect|p1a: Okidogi\n|-singleturn|p1a: Okidogi|Protect\n|move|p2a: Tapu Lele|Psyshock|p1a: Okidogi\n|-activate|p1a: Okidogi|move: Protect\n|move|p1b: Tapu Fini|Muddy Water|p2b: Iron Hands|[spread] p2b\n|-miss|p1b: Tapu Fini|p2a: Tapu Lele\n|-damage|p2b: Iron Hands|69\/100\n|\n|upkeep\n|turn|9\n|\n|t:|1699233512\n|switch|p1b: Thundurus|Thundurus-Therian, M|75\/100\n|move|p2b: Iron Hands|Fake Out|p1b: Thundurus\n|-damage|p1b: Thundurus|55\/100\n|move|p2a: Tapu Lele|Psyshock|p1a: Okidogi\n|-supereffective|p1a: Okidogi\n|-damage|p1a: Okidogi|0 fnt\n|faint|p1a: Okidogi\n|\n|upkeep\n|\n|t:|1699233522\n|switch|p1a: Tapu Fini|Tapu Fini|100\/100\n|turn|10\n|\n|t:|1699233538\n|-end|p2b: Iron Hands|Quark Drive|[silent]\n|switch|p2b: Vikavolt|Vikavolt, F, shiny|91\/100 slp\n|move|p1b: Thundurus|Sludge Bomb|p2a: Tapu Lele\n|-supereffective|p2a: Tapu Lele\n|-damage|p2a: Tapu Lele|26\/100\n|move|p2a: Tapu Lele|Psyshock|p1b: Thundurus\n|-damage|p1b: Thundurus|0 fnt\n|faint|p1b: Thundurus\n|move|p1a: Tapu Fini|Calm Mind|p1a: Tapu Fini\n|-boost|p1a: Tapu Fini|spa|1\n|-boost|p1a: Tapu Fini|spd|1\n|\n|upkeep\n|turn|11\n|\n|t:|1699233556\n|move|p2a: Tapu Lele|Psyshock|p1a: Tapu Fini\n|-damage|p1a: Tapu Fini|43\/100\n|move|p1a: Tapu Fini|Calm Mind|p1a: Tapu Fini\n|-boost|p1a: Tapu Fini|spa|1\n|-boost|p1a: Tapu Fini|spd|1\n|cant|p2b: Vikavolt|slp\n|\n|-heal|p1a: Tapu Fini|49\/100|[from] item: Leftovers\n|upkeep\n|turn|12\n|\n|t:|1699233570\n|move|p2a: Tapu Lele|Psyshock|p1a: Tapu Fini\n|-damage|p1a: Tapu Fini|0 fnt\n|faint|p1a: Tapu Fini\n|\n|win|cwdevilmawilefc\n|l|\u2606cottapina\n","uploadtime":1699233585,"views":17,"p1id":"cottapina","p2id":"cwdevilmawilefc","formatid":"gen9nationaldexdoubles","rating":0,"private":0,"password":""}