{"id":"dl-gen9nationaldexdoubles-122581","p1":"Rubyflame57","p2":"CuppaTeaRex","format":"[Gen 9] National Dex Doubles","log":"|j|\u2606Rubyflame57\n|j|\u2606CuppaTeaRex\n|t:|1700442907\n|gametype|doubles\n|player|p1|Rubyflame57|170|\n|player|p2|CuppaTeaRex|gentleman-gen4dp|\n|teamsize|p1|6\n|teamsize|p2|6\n|gen|9\n|tier|[Gen 9] National Dex Doubles\n|rule|Sleep Clause Mod: Limit one foe put to sleep\n|rule|OHKO Clause: OHKO moves are banned\n|rule|Evasion Moves Clause: Evasion moves are banned\n|rule|Endless Battle Clause: Forcing endless battles is banned\n|rule|HP Percentage Mod: HP is shown in percentages\n|rule|Z-Move Clause: Z-Moves are banned\n|clearpoke\n|poke|p1|Goodra, M|\n|poke|p1|Goodra-Hisui, F|\n|poke|p1|Espathra, F|\n|poke|p1|Sylveon, F|\n|poke|p1|Dugtrio, F|\n|poke|p1|Porygon2|\n|poke|p2|Altaria, M|\n|poke|p2|Cetitan, M|\n|poke|p2|Dracovish|\n|poke|p2|Gholdengo|\n|poke|p2|Hatterene, F|\n|poke|p2|Talonflame, F|\n|teampreview\n|j| Stevarino64\n|c|\u2606Rubyflame57|glhf\n|j| SILVESTRON\n|\n|t:|1700442961\n|start\n|switch|p1a: The Moldy Three|Dugtrio, F, shiny|100\/100\n|switch|p1b: Cleostha-Patadine|Espathra, F, shiny|100\/100\n|switch|p2a: Berlinzo|Cetitan, M, shiny|100\/100\n|switch|p2b: Kung Pao Doordash|Talonflame, F, shiny|100\/100\n|-item|p2a: Berlinzo|Assault Vest|[from] ability: Frisk|[of] p1b: Cleostha-Patadine|[identify]\n|-item|p2b: Kung Pao Doordash|Choice Specs|[from] ability: Frisk|[of] p1b: Cleostha-Patadine|[identify]\n|turn|1\n|c| Stevarino64|God Cetitan might have the best shiny in the game\n|c|\u2606CuppaTeaRex|GLHF!\n|\n|t:|1700443042\n|-terastallize|p1b: Cleostha-Patadine|Fairy\n|-terastallize|p2a: Berlinzo|Ground\n|move|p2b: Kung Pao Doordash|Hurricane|p1b: Cleostha-Patadine\n|-damage|p1b: Cleostha-Patadine|7\/100\n|move|p1a: The Moldy Three|Rock Slide|p2b: Kung Pao Doordash|[spread] p2a,p2b\n|-resisted|p2a: Berlinzo\n|-supereffective|p2b: Kung Pao Doordash\n|-damage|p2a: Berlinzo|88\/100\n|-damage|p2b: Kung Pao Doordash|0 fnt\n|faint|p2b: Kung Pao Doordash\n|move|p1b: Cleostha-Patadine|Dazzling Gleam|p2a: Berlinzo\n|-damage|p2a: Berlinzo|69\/100\n|cant|p2a: Berlinzo|flinch\n|\n|upkeep\n|\n|t:|1700443075\n|switch|p2b: Baby Eater|Gholdengo|100\/100\n|turn|2\n|\n|t:|1700443128\n|switch|p1b: PP|Porygon2|100\/100\n|-ability|p1b: PP|Good as Gold|[from] ability: Trace|[of] p2b: Baby Eater\n|move|p2a: Berlinzo|Ice Shard|p1b: PP\n|-damage|p1b: PP|87\/100\n|move|p1a: The Moldy Three|Rock Slide|p2a: Berlinzo|[spread] p2a,p2b\n|-resisted|p2a: Berlinzo\n|-resisted|p2b: Baby Eater\n|-damage|p2a: Berlinzo|56\/100\n|-damage|p2b: Baby Eater|90\/100\n|move|p2b: Baby Eater|Make It Rain|p1b: PP|[spread] p1a,p1b\n|-crit|p1a: The Moldy Three\n|-damage|p1a: The Moldy Three|0 fnt\n|-damage|p1b: PP|63\/100\n|-unboost|p2b: Baby Eater|spa|1\n|faint|p1a: The Moldy Three\n|\n|upkeep\n|\n|t:|1700443148\n|switch|p1a: Goofus Doofus|Goodra-Hisui, F, shiny|100\/100\n|turn|3\n|\n|t:|1700443190\n|move|p2b: Baby Eater|Make It Rain|p1b: PP|[spread] p1a,p1b\n|-resisted|p1a: Goofus Doofus\n|-damage|p1a: Goofus Doofus|93\/100\n|-damage|p1b: PP|48\/100\n|-unboost|p2b: Baby Eater|spa|1\n|move|p2a: Berlinzo|Heavy Slam|p1b: PP\n|-damage|p1b: PP|21\/100\n|move|p1b: PP|Substitute|p1b: PP\n|-fail|p1b: PP|move: Substitute|[weak]\n|move|p1a: Goofus Doofus|Earthquake|p2b: Baby Eater|[spread] p1b,p2a,p2b\n|-supereffective|p2b: Baby Eater\n|-damage|p1b: PP|10\/100\n|-damage|p2a: Berlinzo|39\/100\n|-damage|p2b: Baby Eater|58\/100\n|\n|upkeep\n|turn|4\n|\n|t:|1700443241\n|switch|p2b: Sir Fluffums|Altaria, M, shiny|100\/100\n|move|p2a: Berlinzo|Earthquake|p1b: PP|[spread] p1a,p1b\n|-immune|p2b: Sir Fluffums\n|-supereffective|p1a: Goofus Doofus\n|-damage|p1a: Goofus Doofus|15\/100\n|-damage|p1b: PP|0 fnt\n|faint|p1b: PP\n|move|p1a: Goofus Doofus|Fire Blast|p2b: Sir Fluffums\n|-resisted|p2b: Sir Fluffums\n|-damage|p2b: Sir Fluffums|85\/100\n|\n|upkeep\n|\n|t:|1700443266\n|switch|p1b: Cleostha-Patadine|Espathra, F, shiny, tera:Fairy|7\/100\n|-item|p2a: Berlinzo|Assault Vest|[from] ability: Frisk|[of] p1b: Cleostha-Patadine|[identify]\n|-item|p2b: Sir Fluffums|Altarianite|[from] ability: Frisk|[of] p1b: Cleostha-Patadine|[identify]\n|turn|5\n|\n|t:|1700443297\n|detailschange|p2b: Sir Fluffums|Altaria-Mega, M, shiny\n|-mega|p2b: Sir Fluffums|Altaria|Altarianite\n|move|p2a: Berlinzo|Ice Shard|p1b: Cleostha-Patadine\n|-damage|p1b: Cleostha-Patadine|0 fnt\n|faint|p1b: Cleostha-Patadine\n|move|p2b: Sir Fluffums|Heat Wave|p1a: Goofus Doofus\n|-damage|p1a: Goofus Doofus|5\/100\n|move|p1a: Goofus Doofus|Flash Cannon|p2b: Sir Fluffums\n|-supereffective|p2b: Sir Fluffums\n|-damage|p2b: Sir Fluffums|23\/100\n|\n|upkeep\n|\n|t:|1700443313\n|switch|p1b: Ribbonness|Sylveon, F|100\/100\n|turn|6\n|c| Stevarino64|Holy moly that Goofus Doofus can hang on\n|\n|t:|1700443338\n|move|p2a: Berlinzo|Ice Shard|p1a: Goofus Doofus\n|-damage|p1a: Goofus Doofus|0 fnt\n|faint|p1a: Goofus Doofus\n|move|p2b: Sir Fluffums|Roost|p2b: Sir Fluffums\n|-heal|p2b: Sir Fluffums|73\/100\n|-singleturn|p2b: Sir Fluffums|move: Roost\n|move|p1b: Ribbonness|Hyper Voice|p2a: Berlinzo|[spread] p2a,p2b\n|-supereffective|p2b: Sir Fluffums\n|-damage|p2a: Berlinzo|18\/100\n|-damage|p2b: Sir Fluffums|5\/100\n|-enditem|p1b: Ribbonness|Throat Spray\n|-boost|p1b: Ribbonness|spa|1|[from] item: Throat Spray\n|\n|upkeep\n|\n|t:|1700443348\n|switch|p1a: Goofus|Goodra, M|100\/100\n|turn|7\n|\n|t:|1700443403\n|move|p1a: Goofus|Ice Beam|p2b: Sir Fluffums\n|-supereffective|p2b: Sir Fluffums\n|-damage|p2b: Sir Fluffums|0 fnt\n|faint|p2b: Sir Fluffums\n|move|p2a: Berlinzo|Heavy Slam|p1b: Ribbonness\n|-supereffective|p1b: Ribbonness\n|-damage|p1b: Ribbonness|0 fnt\n|faint|p1b: Ribbonness\n|\n|upkeep\n|\n|t:|1700443413\n|switch|p2b: Phoebe|Hatterene, F|100\/100\n|turn|8\n|\n|t:|1700443420\n|move|p2a: Berlinzo|Ice Shard|p1a: Goofus\n|-supereffective|p1a: Goofus\n|-damage|p1a: Goofus|42\/100\n|move|p1a: Goofus|Ice Beam|p2a: Berlinzo\n|-supereffective|p2a: Berlinzo\n|-damage|p2a: Berlinzo|0 fnt\n|faint|p2a: Berlinzo\n|move|p2b: Phoebe|Draining Kiss|p1a: Goofus\n|-supereffective|p1a: Goofus\n|-damage|p1a: Goofus|0 fnt\n|faint|p1a: Goofus\n|\n|win|CuppaTeaRex\n|c|\u2606CuppaTeaRex|GG\n|c|\u2606Rubyflame57|gg\n|c|\u2606CuppaTeaRex|The irony of super effective ice against Cetitan\n|l| SILVESTRON\n|l|\u2606CuppaTeaRex\n","uploadtime":1700443434,"views":24,"p1id":"rubyflame57","p2id":"cuppatearex","formatid":"gen9nationaldexdoubles","rating":0,"private":0,"password":""}