{"id":"dl-gen9nationaldexdoubles-110301","p1":"samsjt","p2":"route2rattata's","format":"[Gen 9] National Dex Doubles","log":"|j|\u2606samsjt\n|j|\u2606route2rattata's\n|t:|1697474336\n|gametype|doubles\n|player|p1|samsjt|elesa|\n|player|p2|route2rattata's|2|\n|teamsize|p1|6\n|teamsize|p2|6\n|gen|9\n|tier|[Gen 9] National Dex Doubles\n|rule|Sleep Clause Mod: Limit one foe put to sleep\n|rule|OHKO Clause: OHKO moves are banned\n|rule|Evasion Moves Clause: Evasion moves are banned\n|rule|Endless Battle Clause: Forcing endless battles is banned\n|rule|HP Percentage Mod: HP is shown in percentages\n|rule|Z-Move Clause: Z-Moves are banned\n|clearpoke\n|poke|p1|Koraidon|\n|poke|p1|Enamorus, F|\n|poke|p1|Heatran, M|\n|poke|p1|Ursaluna-Bloodmoon, M|\n|poke|p1|Kingambit, M|\n|poke|p1|Scovillain, F|\n|poke|p2|Baxcalibur, M|\n|poke|p2|Sandy Shocks|\n|poke|p2|Victreebel, F|\n|poke|p2|Mismagius, M|\n|poke|p2|Yveltal|\n|poke|p2|Orbeetle, F|\n|teampreview\n|c|\u2606route2rattata's|LETS GOOOOO\n|c|\u2606samsjt|gl hf!\n|c|\u2606route2rattata's|gl hf\n|j| rogueRotom\n|c| rogueRotom|gl gl\n|\n|t:|1697474428\n|start\n|switch|p1a: Helliond|Heatran, M|100\/100\n|switch|p1b: Onimaru|Enamorus, F|100\/100\n|switch|p2a: Yveltal|Yveltal|100\/100\n|switch|p2b: Sandy Shocks|Sandy Shocks|100\/100\n|-ability|p2a: Yveltal|Dark Aura\n|turn|1\n|\n|t:|1697474516\n|move|p1a: Helliond|Protect|p1a: Helliond\n|-singleturn|p1a: Helliond|Protect\n|move|p1b: Onimaru|Tailwind|p1b: Onimaru\n|-sidestart|p1: samsjt|move: Tailwind\n|move|p2b: Sandy Shocks|Thunderbolt|p1b: Onimaru\n|-supereffective|p1b: Onimaru\n|-damage|p1b: Onimaru|0 fnt\n|faint|p1b: Onimaru\n|-damage|p2b: Sandy Shocks|91\/100|[from] item: Life Orb\n|move|p2a: Yveltal|Snarl|p1a: Helliond\n|-activate|p1a: Helliond|move: Protect\n|\n|upkeep\n|\n|t:|1697474534\n|switch|p1b: Sirocco|Koraidon|100\/100\n|-weather|SunnyDay|[from] ability: Orichalcum Pulse|[of] p1b: Sirocco\n|-activate|p2b: Sandy Shocks|ability: Protosynthesis\n|-start|p2b: Sandy Shocks|protosynthesisspe\n|-activate|p1b: Sirocco|Orichalcum Pulse|[source]\n|turn|2\n|\n|t:|1697474747\n|switch|p2a: Orbeetle|Orbeetle, F|100\/100\n|-item|p1a: Helliond|Charcoal|[from] ability: Frisk|[of] p2a: Orbeetle|[identify]\n|-item|p1b: Sirocco|Lum Berry|[from] ability: Frisk|[of] p2a: Orbeetle|[identify]\n|move|p1b: Sirocco|Close Combat|p2a: Orbeetle\n|-resisted|p2a: Orbeetle\n|-damage|p2a: Orbeetle|80\/100\n|-unboost|p1b: Sirocco|def|1\n|-unboost|p1b: Sirocco|spd|1\n|move|p1a: Helliond|Eruption|p2b: Sandy Shocks|[spread] p2a,p2b\n|-supereffective|p2a: Orbeetle\n|-damage|p2a: Orbeetle|0 fnt\n|-damage|p2b: Sandy Shocks|0 fnt\n|faint|p2a: Orbeetle\n|faint|p2b: Sandy Shocks\n|-end|p2b: Sandy Shocks|Protosynthesis|[silent]\n|\n|-weather|SunnyDay|[upkeep]\n|upkeep\n|c|\u2606route2rattata's|yeah im fucked lol\n|\n|t:|1697474952\n|switch|p2b: Victreebel|Victreebel, F|100\/100\n|switch|p2a: Yveltal|Yveltal|100\/100\n|-ability|p2a: Yveltal|Dark Aura\n|turn|3\n|\n|t:|1697475006\n|switch|p2a: Mismagius|Mismagius, M|100\/100\n|-terastallize|p1a: Helliond|Fire\n|move|p1b: Sirocco|Close Combat|p2a: Mismagius\n|-immune|p2a: Mismagius\n|move|p2b: Victreebel|Sleep Powder|p1a: Helliond\n|-status|p1a: Helliond|slp|[from] move: Sleep Powder\n|cant|p1a: Helliond|slp\n|\n|-weather|SunnyDay|[upkeep]\n|upkeep\n|turn|4\n|c|\u2606samsjt|did we keep sleep clause\n|c|\u2606samsjt|idr\n|c|\u2606route2rattata's|IDK thats what im trying to find out  lol\n|c|\u2606route2rattata's|I cant find the polls chat it was in\n|c|\u2606samsjt|oh apparently its just part of the format now\n|c|\u2606samsjt|like it is in singles\n|c|\u2606samsjt|its in the clauses at the start of the battle\n|c|\u2606route2rattata's|ah ok\n|\n|t:|1697475218\n|switch|p2a: Baxcalibur|Baxcalibur, M|100\/100\n|move|p1b: Sirocco|Flare Blitz|p2b: Victreebel\n|-supereffective|p2b: Victreebel\n|-damage|p2b: Victreebel|0 fnt\n|faint|p2b: Victreebel\n|-damage|p1b: Sirocco|71\/100|[from] Recoil\n|cant|p1a: Helliond|slp\n|\n|-weather|SunnyDay|[upkeep]\n|-sideend|p1: samsjt|move: Tailwind\n|upkeep\n|\n|t:|1697475228\n|switch|p2b: Yveltal|Yveltal|100\/100\n|-ability|p2b: Yveltal|Dark Aura\n|turn|5\n|\n|t:|1697475419\n|-terastallize|p2a: Baxcalibur|Ground\n|move|p1b: Sirocco|Protect|p1b: Sirocco\n|-singleturn|p1b: Sirocco|Protect\n|move|p2a: Baxcalibur|Earthquake|p1a: Helliond|[spread] p1a\n|-activate|p1b: Sirocco|move: Protect\n|-immune|p2b: Yveltal\n|-supereffective|p1a: Helliond\n|-damage|p1a: Helliond|8\/100 slp\n|-curestatus|p1a: Helliond|slp|[msg]\n|move|p1a: Helliond|Eruption|p2b: Yveltal|[spread] p2a,p2b\n|-damage|p2a: Baxcalibur|89\/100\n|-damage|p2b: Yveltal|92\/100\n|-ability|p2a: Baxcalibur|Thermal Exchange|boost\n|-boost|p2a: Baxcalibur|atk|1\n|move|p2b: Yveltal|Oblivion Wing|p1a: Helliond\n|-damage|p1a: Helliond|0 fnt\n|-heal|p2b: Yveltal|96\/100|[from] drain|[of] p1a: Helliond\n|faint|p1a: Helliond\n|-damage|p2b: Yveltal|86\/100|[from] item: Life Orb\n|\n|-weather|SunnyDay|[upkeep]\n|upkeep\n|\n|t:|1697475448\n|switch|p1a: Sarge|Scovillain, F|100\/100\n|turn|6\n|\n|t:|1697475497\n|switch|p1b: Dan Heo Sr|Kingambit, M|100\/100\n|-activate|p1b: Dan Heo Sr|ability: Supreme Overlord\n|-start|p1b: Dan Heo Sr|fallen2|[silent]\n|switch|p2a: Mismagius|Mismagius, M|100\/100\n|move|p1a: Sarge|Solar Beam||[still]\n|-prepare|p1a: Sarge|Solar Beam\n|-anim|p1a: Sarge|Solar Beam|p2a: Mismagius\n|-damage|p2a: Mismagius|27\/100\n|-damage|p1a: Sarge|91\/100|[from] item: Life Orb\n|move|p2b: Yveltal|Oblivion Wing|p1a: Sarge\n|-supereffective|p1a: Sarge\n|-damage|p1a: Sarge|0 fnt\n|-heal|p2b: Yveltal|100\/100|[from] drain|[of] p1a: Sarge\n|faint|p1a: Sarge\n|-damage|p2b: Yveltal|91\/100|[from] item: Life Orb\n|\n|-weather|none\n|upkeep\n|\n|t:|1697475520\n|switch|p1a: Sir Bearington|Ursaluna-Bloodmoon, M|100\/100\n|turn|7\n|\n|t:|1697475545\n|move|p1b: Dan Heo Sr|Protect|p1b: Dan Heo Sr\n|-singleturn|p1b: Dan Heo Sr|Protect\n|move|p2a: Mismagius|Energy Ball|p1a: Sir Bearington\n|-supereffective|p1a: Sir Bearington\n|-damage|p1a: Sir Bearington|35\/100\n|-enditem|p1a: Sir Bearington|Sitrus Berry|[eat]\n|-heal|p1a: Sir Bearington|60\/100|[from] item: Sitrus Berry\n|move|p2b: Yveltal|Heat Wave|p1a: Sir Bearington|[spread] p1a\n|-activate|p1b: Dan Heo Sr|move: Protect\n|-damage|p1a: Sir Bearington|25\/100\n|-damage|p2b: Yveltal|81\/100|[from] item: Life Orb\n|move|p1a: Sir Bearington|Hyper Voice|p2a: Mismagius|[spread] p2a,p2b\n|-damage|p2a: Mismagius|0 fnt\n|-damage|p2b: Yveltal|50\/100\n|faint|p2a: Mismagius\n|\n|upkeep\n|\n|t:|1697475550\n|switch|p2a: Baxcalibur|Baxcalibur, M, tera:Ground|89\/100\n|turn|8\n|\n|t:|1697475645\n|move|p1b: Dan Heo Sr|Sucker Punch|p2a: Baxcalibur\n|-damage|p2a: Baxcalibur|30\/100\n|move|p2a: Baxcalibur|Earthquake|p1b: Dan Heo Sr|[spread] p1a,p1b\n|-immune|p2b: Yveltal\n|-supereffective|p1b: Dan Heo Sr\n|-damage|p1a: Sir Bearington|0 fnt\n|-damage|p1b: Dan Heo Sr|38\/100\n|faint|p1a: Sir Bearington\n|move|p2b: Yveltal|Oblivion Wing|p1b: Dan Heo Sr\n|-resisted|p1b: Dan Heo Sr\n|-damage|p1b: Dan Heo Sr|10\/100\n|-heal|p2b: Yveltal|68\/100|[from] drain|[of] p1b: Dan Heo Sr\n|-damage|p2b: Yveltal|58\/100|[from] item: Life Orb\n|\n|-heal|p1b: Dan Heo Sr|16\/100|[from] item: Leftovers\n|upkeep\n|\n|t:|1697475650\n|switch|p1a: Sirocco|Koraidon|71\/100\n|-weather|SunnyDay|[from] ability: Orichalcum Pulse|[of] p1a: Sirocco\n|-activate|p1a: Sirocco|Orichalcum Pulse|[source]\n|turn|9\n|c|\u2606route2rattata's|fuck\n|c|\u2606route2rattata's|gg\n|\n|t:|1697475676\n|move|p1b: Dan Heo Sr|Sucker Punch||[still]\n|-fail|p1b: Dan Heo Sr\n|move|p1a: Sirocco|Close Combat|p2b: Yveltal\n|-damage|p2b: Yveltal|0 fnt\n|-unboost|p1a: Sirocco|def|1\n|-unboost|p1a: Sirocco|spd|1\n|faint|p2b: Yveltal\n|move|p2a: Baxcalibur|Dragon Dance|p2a: Baxcalibur\n|-boost|p2a: Baxcalibur|atk|1\n|-boost|p2a: Baxcalibur|spe|1\n|\n|-weather|SunnyDay|[upkeep]\n|-heal|p1b: Dan Heo Sr|23\/100|[from] item: Leftovers\n|upkeep\n|turn|10\n|\n|t:|1697475684\n|move|p1b: Dan Heo Sr|Sucker Punch|p2a: Baxcalibur\n|-damage|p2a: Baxcalibur|0 fnt\n|faint|p2a: Baxcalibur\n|\n|win|samsjt\n|c|\u2606samsjt|gg\n|c|\u2606route2rattata's|ahhhh\n|c|\u2606samsjt|very close game\n|c|\u2606route2rattata's|gg\n|c| rogueRotom|ggs!\n|c|\u2606route2rattata's|Cant believe vitree out sped\n|l| rogueRotom\n|c|\u2606samsjt|yeah i fucked up lmao\n|c|\u2606route2rattata's|bulky AF kingambit though\n|c|\u2606samsjt|sleep powder completely slipped my mind\n|c|\u2606route2rattata's|I thought EQ+OW would kill\n|c|\u2606route2rattata's|should have hit heat wave\n|c|\u2606route2rattata's|and I think I had that\n|c|\u2606route2rattata's|damn\n|c|\u2606route2rattata's|gg\n|c|\u2606samsjt|you too boss\n|l|\u2606route2rattata's\n|c|\u2606samsjt|hope we get to play again\n|j|\u2606route2rattata's\n|player|p2|route2rattata's|2\n","uploadtime":1697475767,"views":25,"p1id":"samsjt","p2id":"route2rattatas","formatid":"gen9nationaldexdoubles","rating":0,"private":0,"password":""}