{"id":"dl-gen9nationaldexdoubles-119412","p1":"samsjt","p2":"EduRufus","format":"[Gen 9] National Dex Doubles","log":"|j|\u2606samsjt\n|j|\u2606EduRufus\n|t:|1699752368\n|gametype|doubles\n|player|p1|samsjt|elesa|\n|player|p2|EduRufus|ghetsis|\n|teamsize|p1|6\n|teamsize|p2|6\n|gen|9\n|tier|[Gen 9] National Dex Doubles\n|rule|Sleep Clause Mod: Limit one foe put to sleep\n|rule|OHKO Clause: OHKO moves are banned\n|rule|Evasion Moves Clause: Evasion moves are banned\n|rule|Endless Battle Clause: Forcing endless battles is banned\n|rule|HP Percentage Mod: HP is shown in percentages\n|rule|Z-Move Clause: Z-Moves are banned\n|clearpoke\n|poke|p1|Koraidon|\n|poke|p1|Kingambit, M|\n|poke|p1|Mew|\n|poke|p1|Araquanid, F|\n|poke|p1|Heatran, M|\n|poke|p1|Enamorus, F|\n|poke|p2|Walking Wake|\n|poke|p2|Zapdos-Galar|\n|poke|p2|Tornadus, M|\n|poke|p2|Ogerpon-Hearthflame, F|\n|poke|p2|Clefable, M|\n|poke|p2|Zeraora|\n|teampreview\n|c|\u2606samsjt|glgl\n|c|\u2606EduRufus|gl and hf bro!\n|j| Lerntasse\n|c| Lerntasse|glhf\n|c|\u2606EduRufus|you brought the full band\n|c|\u2606samsjt|yessir\n|c|\u2606EduRufus|i just wasnt sure about araquanid or medicham\n|\n|t:|1699752546\n|start\n|switch|p1a: Dan Heo Sr|Kingambit, M|100\/100\n|switch|p1b: Pryde|Mew|100\/100\n|switch|p2a: Zeraora|Zeraora|100\/100\n|switch|p2b: Zapdos|Zapdos-Galar, shiny|100\/100\n|turn|1\n|c|\u2606samsjt|i dont like that shiny\n|c|\u2606EduRufus|yeah me too\n|c|\u2606EduRufus|but wanted to see it in sd\n|j| WallyBake\n|\n|t:|1699752630\n|move|p1a: Dan Heo Sr|Protect|p1a: Dan Heo Sr\n|-singleturn|p1a: Dan Heo Sr|Protect\n|move|p2a: Zeraora|Fake Out|p1b: Pryde\n|-damage|p1b: Pryde|91\/100\n|move|p2b: Zapdos|U-turn|p1a: Dan Heo Sr\n|-activate|p1a: Dan Heo Sr|move: Protect\n|cant|p1b: Pryde|flinch\n|\n|-heal|p1b: Pryde|97\/100|[from] item: Leftovers\n|upkeep\n|turn|2\n|\n|t:|1699752715\n|-end|p1a: Dan Heo Sr|fallenundefined|[silent]\n|switch|p1a: Sirocco|Koraidon|100\/100\n|-weather|SunnyDay|[from] ability: Orichalcum Pulse|[of] p1a: Sirocco\n|-activate|p1a: Sirocco|Orichalcum Pulse|[source]\n|move|p2a: Zeraora|Plasma Fists|p1a: Sirocco\n|-resisted|p1a: Sirocco\n|-damage|p1a: Sirocco|82\/100\n|-fieldactivate|move: Ion Deluge\n|-hint|Normal-type moves become Electric-type after using Plasma Fists.\n|move|p2b: Zapdos|U-turn|p1b: Pryde\n|-supereffective|p1b: Pryde\n|-damage|p1b: Pryde|42\/100\n|\n|t:|1699752754\n|switch|p2b: Clefable|Clefable, M, shiny|100\/100|[from] U-turn\n|move|p1b: Pryde|Psychic|p2b: Clefable\n|-damage|p2b: Clefable|71\/100\n|\n|-weather|SunnyDay|[upkeep]\n|-heal|p1b: Pryde|48\/100|[from] item: Leftovers\n|-heal|p2b: Clefable|77\/100|[from] item: Leftovers\n|upkeep\n|turn|3\n|\n|t:|1699752800\n|move|p1a: Sirocco|U-turn|p2b: Clefable\n|-resisted|p2b: Clefable\n|-damage|p2b: Clefable|55\/100\n|\n|t:|1699752803\n|switch|p1a: Helliond|Heatran, M|100\/100|[from] U-turn\n|move|p2a: Zeraora|Play Rough|p1a: Helliond\n|-resisted|p1a: Helliond\n|-damage|p1a: Helliond|95\/100\n|move|p1b: Pryde|Life Dew|p1b: Pryde|[spread] p1a,p1b\n|-heal|p1a: Helliond|100\/100\n|-heal|p1b: Pryde|73\/100\n|move|p2b: Clefable|Moonblast|p1a: Helliond\n|-resisted|p1a: Helliond\n|-damage|p1a: Helliond|90\/100\n|\n|-weather|SunnyDay|[upkeep]\n|-heal|p1b: Pryde|79\/100|[from] item: Leftovers\n|-heal|p2b: Clefable|61\/100|[from] item: Leftovers\n|upkeep\n|turn|4\n|\n|t:|1699752885\n|switch|p2b: Walking Wake|Walking Wake|100\/100\n|-activate|p2b: Walking Wake|ability: Protosynthesis\n|-start|p2b: Walking Wake|protosynthesisspe\n|move|p1b: Pryde|Helping Hand|p1a: Helliond\n|-singleturn|p1a: Helliond|Helping Hand|[of] p1b: Pryde\n|move|p2a: Zeraora|Protect|p2a: Zeraora\n|-singleturn|p2a: Zeraora|Protect\n|move|p1a: Helliond|Eruption|p2a: Zeraora|[spread] p2b\n|-activate|p2a: Zeraora|move: Protect\n|-resisted|p2b: Walking Wake\n|-damage|p2b: Walking Wake|62\/100\n|\n|-weather|SunnyDay|[upkeep]\n|-heal|p1b: Pryde|86\/100|[from] item: Leftovers\n|upkeep\n|turn|5\n|\n|t:|1699752937\n|switch|p1a: Sirocco|Koraidon|82\/100\n|-activate|p1a: Sirocco|ability: Orichalcum Pulse\n|move|p2b: Walking Wake|Hydro Steam|p1a: Sirocco\n|-resisted|p1a: Sirocco\n|-damage|p1a: Sirocco|40\/100\n|move|p2a: Zeraora|Plasma Fists|p1b: Pryde\n|-damage|p1b: Pryde|46\/100\n|-fieldactivate|move: Ion Deluge\n|-hint|Normal-type moves become Electric-type after using Plasma Fists.\n|move|p1b: Pryde|Life Dew|p1b: Pryde|[spread] p1a,p1b\n|-heal|p1a: Sirocco|65\/100\n|-heal|p1b: Pryde|71\/100\n|\n|-weather|SunnyDay|[upkeep]\n|-heal|p1b: Pryde|77\/100|[from] item: Leftovers\n|upkeep\n|turn|6\n|\n|t:|1699753036\n|-end|p2b: Walking Wake|Protosynthesis|[silent]\n|switch|p2b: Clefable|Clefable, M, shiny|61\/100\n|move|p1a: Sirocco|Dragon Claw|p2b: Clefable\n|-immune|p2b: Clefable\n|move|p2a: Zeraora|Play Rough|p1a: Sirocco\n|-supereffective|p1a: Sirocco\n|-damage|p1a: Sirocco|0 fnt\n|faint|p1a: Sirocco\n|move|p1b: Pryde|Life Dew|p1b: Pryde\n|-heal|p1b: Pryde|100\/100\n|\n|-weather|none\n|-heal|p2b: Clefable|67\/100|[from] item: Leftovers\n|upkeep\n|c|\u2606samsjt|aw man\n|c|\u2606EduRufus|it was scarf right?\n|c|\u2606samsjt|yeah lmao\n|\n|t:|1699753084\n|switch|p1a: Helliond|Heatran, M|90\/100\n|turn|7\n|c|\u2606samsjt|but i was just like\n|c|\u2606samsjt|eh he wont play around it\n|\n|t:|1699753165\n|switch|p2a: Tornadus|Tornadus, M, shiny|100\/100\n|switch|p2b: Ogerpon|Ogerpon-Hearthflame, F|100\/100\n|-ability|p2b: Ogerpon|Mold Breaker\n|move|p1b: Pryde|Helping Hand|p1a: Helliond\n|-singleturn|p1a: Helliond|Helping Hand|[of] p1b: Pryde\n|move|p1a: Helliond|Eruption|p2b: Ogerpon|[spread] p2a,p2b\n|-enditem|p2a: Tornadus|Focus Sash\n|-damage|p2a: Tornadus|1\/100\n|-damage|p2b: Ogerpon|1\/100\n|\n|upkeep\n|turn|8\n|c|\u2606samsjt|wait did that just raw live on 1\n|c|\u2606EduRufus|yeah\n|c|\u2606samsjt|damn lmao\n|c|\u2606samsjt|not my game\n|\n|t:|1699753234\n|move|p2a: Tornadus|Tailwind|p2a: Tornadus\n|-sidestart|p2: EduRufus|move: Tailwind\n|move|p2b: Ogerpon|Stomping Tantrum|p1a: Helliond\n|-supereffective|p1a: Helliond\n|-damage|p1a: Helliond|0 fnt\n|faint|p1a: Helliond\n|move|p1b: Pryde|Psychic|p2b: Ogerpon\n|-damage|p2b: Ogerpon|0 fnt\n|faint|p2b: Ogerpon\n|\n|upkeep\n|\n|t:|1699753248\n|switch|p2b: Zapdos|Zapdos-Galar, shiny|100\/100\n|switch|p1a: Margot|Enamorus, F|100\/100\n|turn|9\n|\n|t:|1699753313\n|-terastallize|p2b: Zapdos|Flying\n|move|p2a: Tornadus|Air Slash|p1b: Pryde\n|-damage|p1b: Pryde|79\/100\n|move|p2b: Zapdos|Brave Bird|p1a: Margot\n|-damage|p1a: Margot|0 fnt\n|faint|p1a: Margot\n|-damage|p2b: Zapdos|71\/100|[from] Recoil\n|move|p1b: Pryde|Psychic|p2b: Zapdos\n|-damage|p2b: Zapdos|34\/100\n|\n|-heal|p1b: Pryde|85\/100|[from] item: Leftovers\n|upkeep\n|\n|t:|1699753325\n|switch|p1a: Dan Heo Sr|Kingambit, M|100\/100\n|-activate|p1a: Dan Heo Sr|ability: Supreme Overlord\n|-start|p1a: Dan Heo Sr|fallen3|[silent]\n|turn|10\n|\n|t:|1699753365\n|switch|p1b: Spaceman Spiff|Araquanid, F|100\/100\n|move|p2b: Zapdos|Protect|p2b: Zapdos\n|-singleturn|p2b: Zapdos|Protect\n|move|p1a: Dan Heo Sr|Sucker Punch||[still]\n|-fail|p1a: Dan Heo Sr\n|move|p2a: Tornadus|Air Slash|p1b: Spaceman Spiff\n|-supereffective|p1b: Spaceman Spiff\n|-crit|p1b: Spaceman Spiff\n|-damage|p1b: Spaceman Spiff|21\/100\n|-enditem|p1b: Spaceman Spiff|Sitrus Berry|[eat]\n|-heal|p1b: Spaceman Spiff|46\/100|[from] item: Sitrus Berry\n|\n|upkeep\n|turn|11\n|\n|t:|1699753440\n|switch|p2b: Zeraora|Zeraora|100\/100\n|switch|p1b: Pryde|Mew|85\/100\n|move|p1a: Dan Heo Sr|Protect|p1a: Dan Heo Sr\n|-singleturn|p1a: Dan Heo Sr|Protect\n|move|p2a: Tornadus|Air Slash|p1b: Pryde\n|-damage|p1b: Pryde|65\/100\n|\n|-heal|p1b: Pryde|71\/100|[from] item: Leftovers\n|-sideend|p2: EduRufus|move: Tailwind\n|upkeep\n|turn|12\n|\n|t:|1699753495\n|switch|p2a: Clefable|Clefable, M, shiny|67\/100\n|move|p2b: Zeraora|Fake Out|p1a: Dan Heo Sr\n|-resisted|p1a: Dan Heo Sr\n|-damage|p1a: Dan Heo Sr|97\/100\n|move|p1b: Pryde|Fake Out|p2a: Clefable\n|-damage|p2a: Clefable|57\/100\n|cant|p1a: Dan Heo Sr|flinch\n|\n|-heal|p1b: Pryde|77\/100|[from] item: Leftovers\n|-heal|p2a: Clefable|63\/100|[from] item: Leftovers\n|-heal|p1a: Dan Heo Sr|100\/100|[from] item: Leftovers\n|upkeep\n|turn|13\n|\n|t:|1699753587\n|switch|p2a: Tornadus|Tornadus, M, shiny|1\/100\n|-terastallize|p1a: Dan Heo Sr|Water\n|move|p1b: Pryde|Helping Hand|p1a: Dan Heo Sr\n|-singleturn|p1a: Dan Heo Sr|Helping Hand|[of] p1b: Pryde\n|move|p2b: Zeraora|Protect|p2b: Zeraora\n|-singleturn|p2b: Zeraora|Protect\n|move|p1a: Dan Heo Sr|Sucker Punch||[still]\n|-fail|p1a: Dan Heo Sr\n|\n|-heal|p1b: Pryde|83\/100|[from] item: Leftovers\n|upkeep\n|turn|14\n|\n|t:|1699753642\n|switch|p2b: Zapdos|Zapdos-Galar, shiny, tera:Flying|34\/100\n|move|p1a: Dan Heo Sr|Sucker Punch||[still]\n|-fail|p1a: Dan Heo Sr\n|move|p2a: Tornadus|Air Slash|p1a: Dan Heo Sr\n|-damage|p1a: Dan Heo Sr|69\/100\n|move|p1b: Pryde|Psychic|p2a: Tornadus\n|-damage|p2a: Tornadus|0 fnt\n|faint|p2a: Tornadus\n|\n|-heal|p1b: Pryde|90\/100|[from] item: Leftovers\n|-heal|p1a: Dan Heo Sr|75\/100|[from] item: Leftovers\n|upkeep\n|\n|t:|1699753672\n|switch|p2a: Zeraora|Zeraora|100\/100\n|turn|15\n|\n|t:|1699753726\n|move|p1a: Dan Heo Sr|Protect|p1a: Dan Heo Sr\n|-singleturn|p1a: Dan Heo Sr|Protect\n|move|p2a: Zeraora|Plasma Fists|p1a: Dan Heo Sr\n|-activate|p1a: Dan Heo Sr|move: Protect\n|move|p2b: Zapdos|Brave Bird|p1a: Dan Heo Sr\n|-activate|p1a: Dan Heo Sr|move: Protect\n|move|p1b: Pryde|Psychic|p2b: Zapdos\n|-damage|p2b: Zapdos|0 fnt\n|faint|p2b: Zapdos\n|\n|-heal|p1b: Pryde|96\/100|[from] item: Leftovers\n|-heal|p1a: Dan Heo Sr|81\/100|[from] item: Leftovers\n|upkeep\n|\n|t:|1699753746\n|switch|p2b: Walking Wake|Walking Wake|62\/100\n|turn|16\n|\n|t:|1699753850\n|-end|p1a: Dan Heo Sr|fallen3|[silent]\n|switch|p1a: Spaceman Spiff|Araquanid, F|46\/100\n|move|p2a: Zeraora|Plasma Fists|p1a: Spaceman Spiff\n|-supereffective|p1a: Spaceman Spiff\n|-damage|p1a: Spaceman Spiff|0 fnt\n|-fieldactivate|move: Ion Deluge\n|-hint|Normal-type moves become Electric-type after using Plasma Fists.\n|faint|p1a: Spaceman Spiff\n|move|p2b: Walking Wake|Dragon Pulse|p1b: Pryde\n|-damage|p1b: Pryde|57\/100\n|move|p1b: Pryde|Psychic|p2a: Zeraora\n|-damage|p2a: Zeraora|64\/100\n|\n|-heal|p1b: Pryde|63\/100|[from] item: Leftovers\n|upkeep\n|\n|t:|1699753855\n|switch|p1a: Dan Heo Sr|Kingambit, M, tera:Water|81\/100\n|-activate|p1a: Dan Heo Sr|ability: Supreme Overlord\n|-start|p1a: Dan Heo Sr|fallen4|[silent]\n|turn|17\n|\n|t:|1699753896\n|move|p1b: Pryde|Helping Hand|p1a: Dan Heo Sr\n|-singleturn|p1a: Dan Heo Sr|Helping Hand|[of] p1b: Pryde\n|move|p1a: Dan Heo Sr|Sucker Punch|p2b: Walking Wake\n|-crit|p2b: Walking Wake\n|-damage|p2b: Walking Wake|0 fnt\n|faint|p2b: Walking Wake\n|-end|p2b: Walking Wake|Protosynthesis|[silent]\n|move|p2a: Zeraora|Plasma Fists|p1a: Dan Heo Sr\n|-supereffective|p1a: Dan Heo Sr\n|-damage|p1a: Dan Heo Sr|21\/100\n|-fieldactivate|move: Ion Deluge\n|-hint|Normal-type moves become Electric-type after using Plasma Fists.\n|\n|-heal|p1b: Pryde|70\/100|[from] item: Leftovers\n|-heal|p1a: Dan Heo Sr|27\/100|[from] item: Leftovers\n|upkeep\n|\n|t:|1699753909\n|switch|p2b: Clefable|Clefable, M, shiny|63\/100\n|turn|18\n|\n|t:|1699754000\n|move|p2b: Clefable|Follow Me|p2b: Clefable\n|-singleturn|p2b: Clefable|move: Follow Me\n|move|p1a: Dan Heo Sr|Sucker Punch||[still]\n|-fail|p1a: Dan Heo Sr\n|move|p2a: Zeraora|Plasma Fists|p1a: Dan Heo Sr\n|-supereffective|p1a: Dan Heo Sr\n|-damage|p1a: Dan Heo Sr|0 fnt\n|-fieldactivate|move: Ion Deluge\n|-hint|Normal-type moves become Electric-type after using Plasma Fists.\n|faint|p1a: Dan Heo Sr\n|-end|p1a: Dan Heo Sr|fallen4|[silent]\n|move|p1b: Pryde|Life Dew|p1b: Pryde\n|-heal|p1b: Pryde|95\/100\n|\n|-heal|p1b: Pryde|100\/100|[from] item: Leftovers\n|-heal|p2b: Clefable|69\/100|[from] item: Leftovers\n|upkeep\n|turn|19\n|c|\u2606samsjt|o lmao\n|c|\u2606samsjt|forgot about that move\n|c|\u2606samsjt|gg\n|c|\u2606EduRufus|lmao\n|\n|t:|1699754042\n|move|p2a: Zeraora|Protect|p2a: Zeraora\n|-singleturn|p2a: Zeraora|Protect\n|move|p1b: Pryde|Psychic|p2a: Zeraora\n|-activate|p2a: Zeraora|move: Protect\n|move|p2b: Clefable|Cosmic Power|p2b: Clefable\n|-boost|p2b: Clefable|def|1\n|-boost|p2b: Clefable|spd|1\n|\n|-heal|p2b: Clefable|75\/100|[from] item: Leftovers\n|upkeep\n|turn|20\n|\n|t:|1699754054\n|move|p2b: Clefable|Follow Me|p2b: Clefable\n|-singleturn|p2b: Clefable|move: Follow Me\n|move|p2a: Zeraora|Plasma Fists|p1b: Pryde\n|-damage|p1b: Pryde|59\/100\n|-fieldactivate|move: Ion Deluge\n|-hint|Normal-type moves become Electric-type after using Plasma Fists.\n|move|p1b: Pryde|Psychic|p2b: Clefable\n|-damage|p2b: Clefable|56\/100\n|\n|-heal|p1b: Pryde|66\/100|[from] item: Leftovers\n|-heal|p2b: Clefable|62\/100|[from] item: Leftovers\n|upkeep\n|turn|21\n|\n|t:|1699754068\n|move|p1b: Pryde|Helping Hand|p1: Dan Heo Sr|[notarget]\n|-fail|p1b: Pryde\n|move|p2b: Clefable|Follow Me|p2b: Clefable\n|-singleturn|p2b: Clefable|move: Follow Me\n|move|p2a: Zeraora|Plasma Fists|p1b: Pryde\n|-damage|p1b: Pryde|27\/100\n|-fieldactivate|move: Ion Deluge\n|-hint|Normal-type moves become Electric-type after using Plasma Fists.\n|\n|-heal|p1b: Pryde|34\/100|[from] item: Leftovers\n|-heal|p2b: Clefable|68\/100|[from] item: Leftovers\n|upkeep\n|turn|22\n|c|\u2606EduRufus|gg bro\n|c|\u2606samsjt|gg\n|\n|t:|1699754082\n|move|p1b: Pryde|Helping Hand|p1: Dan Heo Sr|[notarget]\n|-fail|p1b: Pryde\n|move|p2b: Clefable|Follow Me|p2b: Clefable\n|-singleturn|p2b: Clefable|move: Follow Me\n|move|p2a: Zeraora|Plasma Fists|p1b: Pryde\n|-damage|p1b: Pryde|0 fnt\n|-fieldactivate|move: Ion Deluge\n|-hint|Normal-type moves become Electric-type after using Plasma Fists.\n|faint|p1b: Pryde\n|\n|win|EduRufus\n|c|\u2606samsjt|kingambit tried his best\n|c|\u2606EduRufus|yeah he did\n|c|\u2606EduRufus|a helluva battle\n","uploadtime":1699754103,"views":34,"p1id":"samsjt","p2id":"edurufus","formatid":"gen9nationaldexdoubles","rating":0,"private":0,"password":""}