{"id":"dl-gen9nationaldexdoubles-112087","p1":"samsjt","p2":"OlPatchy2Eyes","format":"[Gen 9] National Dex Doubles","log":"|j|\u2606samsjt\n|j|\u2606OlPatchy2Eyes\n|t:|1698000367\n|gametype|doubles\n|player|p1|samsjt|elesa|\n|player|p2|OlPatchy2Eyes|emmet|\n|teamsize|p1|6\n|teamsize|p2|6\n|gen|9\n|tier|[Gen 9] National Dex Doubles\n|rule|Sleep Clause Mod: Limit one foe put to sleep\n|rule|OHKO Clause: OHKO moves are banned\n|rule|Evasion Moves Clause: Evasion moves are banned\n|rule|Endless Battle Clause: Forcing endless battles is banned\n|rule|HP Percentage Mod: HP is shown in percentages\n|rule|Z-Move Clause: Z-Moves are banned\n|clearpoke\n|poke|p1|Koraidon|\n|poke|p1|Enamorus, F|\n|poke|p1|Ursaluna-Bloodmoon, M|\n|poke|p1|Kingambit, F|\n|poke|p1|Riolu, M|\n|poke|p1|Heatran, M|\n|poke|p2|Staraptor, M|\n|poke|p2|Giratina-Origin|\n|poke|p2|Great Tusk|\n|poke|p2|Sneasler, M|\n|poke|p2|Xurkitree|\n|poke|p2|Ting-Lu|\n|teampreview\n|c|\u2606samsjt|glgl x2\n|j| Rune9145\n|\n|t:|1698000402\n|start\n|switch|p1a: Margot|Enamorus, F|100\/100\n|switch|p1b: Helliond|Heatran, M|100\/100\n|switch|p2a: Giratina|Giratina-Origin|100\/100\n|switch|p2b: Xurkitree|Xurkitree|100\/100\n|turn|1\n|\n|t:|1698000439\n|move|p1a: Margot|Protect|p1a: Margot\n|-singleturn|p1a: Margot|Protect\n|move|p2b: Xurkitree|Thunderbolt|p1a: Margot\n|-activate|p1a: Margot|move: Protect\n|move|p2a: Giratina|Earth Power|p1b: Helliond\n|-supereffective|p1b: Helliond\n|-damage|p1b: Helliond|0 fnt\n|faint|p1b: Helliond\n|\n|upkeep\n|\n|t:|1698000455\n|switch|p1b: Mordu|Ursaluna-Bloodmoon, M|100\/100\n|turn|2\n|\n|t:|1698000504\n|switch|p1a: Sirocco|Koraidon|100\/100\n|-weather|SunnyDay|[from] ability: Orichalcum Pulse|[of] p1a: Sirocco\n|-activate|p1a: Sirocco|Orichalcum Pulse|[source]\n|move|p2b: Xurkitree|Thunderbolt|p1a: Sirocco\n|-resisted|p1a: Sirocco\n|-damage|p1a: Sirocco|74\/100\n|move|p2a: Giratina|Dragon Pulse|p1b: Mordu\n|-damage|p1b: Mordu|35\/100\n|move|p1b: Mordu|Calm Mind|p1b: Mordu\n|-boost|p1b: Mordu|spa|1\n|-boost|p1b: Mordu|spd|1\n|\n|-weather|SunnyDay|[upkeep]\n|-heal|p1b: Mordu|41\/100|[from] item: Leftovers\n|upkeep\n|turn|3\n|\n|t:|1698000587\n|switch|p2b: Sneasler|Sneasler, M|100\/100\n|-terastallize|p2a: Giratina|Steel\n|move|p1b: Mordu|Protect|p1b: Mordu\n|-singleturn|p1b: Mordu|Protect\n|move|p1a: Sirocco|Dragon Claw|p2a: Giratina\n|-resisted|p2a: Giratina\n|-damage|p2a: Giratina|82\/100\n|move|p2a: Giratina|Dragon Pulse|p1a: Sirocco\n|-supereffective|p1a: Sirocco\n|-crit|p1a: Sirocco\n|-damage|p1a: Sirocco|0 fnt\n|faint|p1a: Sirocco\n|\n|-weather|SunnyDay|[upkeep]\n|-heal|p1b: Mordu|47\/100|[from] item: Leftovers\n|upkeep\n|\n|t:|1698000632\n|switch|p1a: Margot|Enamorus, F|100\/100\n|turn|4\n|j| FistToYourDoom\n|l|\u2606OlPatchy2Eyes\n|player|p2|\n|l| FistToYourDoom\n|j|\u2606OlPatchy2Eyes\n|player|p2|OlPatchy2Eyes|emmet\n|\n|t:|1698000710\n|move|p2b: Sneasler|Fake Out|p1b: Mordu\n|-damage|p1b: Mordu|36\/100\n|move|p1a: Margot|Weather Ball|p2a: Giratina\n|-supereffective|p2a: Giratina\n|-damage|p2a: Giratina|7\/100\n|move|p2a: Giratina|Tera Blast|p1a: Margot\n|-supereffective|p1a: Margot\n|-damage|p1a: Margot|0 fnt\n|faint|p1a: Margot\n|cant|p1b: Mordu|flinch\n|\n|-weather|SunnyDay|[upkeep]\n|-heal|p1b: Mordu|42\/100|[from] item: Leftovers\n|upkeep\n|\n|t:|1698000734\n|switch|p1a: Eris|Riolu, M|100\/100\n|turn|5\n|\n|t:|1698000783\n|move|p1a: Eris|Follow Me|p1a: Eris\n|-singleturn|p1a: Eris|move: Follow Me\n|move|p2b: Sneasler|Close Combat|p1a: Eris\n|-damage|p1a: Eris|0 fnt\n|-unboost|p2b: Sneasler|def|1\n|-unboost|p2b: Sneasler|spd|1\n|faint|p1a: Eris\n|move|p2a: Giratina|Dragon Pulse|p1b: Mordu\n|-damage|p1b: Mordu|0 fnt\n|faint|p1b: Mordu\n|\n|-weather|SunnyDay|[upkeep]\n|upkeep\n|\n|t:|1698000795\n|switch|p1b: Dan Heo Sr|Kingambit, F|100\/100\n|-activate|p1b: Dan Heo Sr|ability: Supreme Overlord\n|-start|p1b: Dan Heo Sr|fallen5|[silent]\n|turn|6\n|\n|t:|1698000844\n|switch|p2a: Great Tusk|Great Tusk|100\/100\n|-activate|p2a: Great Tusk|ability: Protosynthesis\n|-start|p2a: Great Tusk|protosynthesisatk\n|-terastallize|p1b: Dan Heo Sr|Fairy\n|move|p1b: Dan Heo Sr|Sucker Punch||[still]\n|-fail|p1b: Dan Heo Sr\n|move|p2b: Sneasler|Close Combat|p1b: Dan Heo Sr\n|-resisted|p1b: Dan Heo Sr\n|-damage|p1b: Dan Heo Sr|77\/100\n|-unboost|p2b: Sneasler|def|1\n|-unboost|p2b: Sneasler|spd|1\n|\n|-weather|none\n|-end|p2a: Great Tusk|Protosynthesis\n|-heal|p1b: Dan Heo Sr|83\/100|[from] item: Leftovers\n|upkeep\n|turn|7\n|\n|t:|1698000859\n|move|p2a: Great Tusk|Headlong Rush|p1b: Dan Heo Sr\n|-damage|p1b: Dan Heo Sr|39\/100\n|-unboost|p2a: Great Tusk|def|1\n|-unboost|p2a: Great Tusk|spd|1\n|move|p2b: Sneasler|Dire Claw|p1b: Dan Heo Sr\n|-supereffective|p1b: Dan Heo Sr\n|-damage|p1b: Dan Heo Sr|0 fnt\n|faint|p1b: Dan Heo Sr\n|-end|p1b: Dan Heo Sr|fallen5|[silent]\n|\n|win|OlPatchy2Eyes\n|l|\u2606samsjt\n","uploadtime":1698000871,"views":33,"p1id":"samsjt","p2id":"olpatchy2eyes","formatid":"gen9nationaldexdoubles","rating":0,"private":0,"password":""}