{"id":"dl-gen9nationaldexdoubles-118090","p1":"Gioilele","p2":"PBJif","format":"[Gen 9] National Dex Doubles","log":"|j|\u2606Gioilele\n|j|\u2606PBJif\n|t:|1699480705\n|gametype|doubles\n|player|p1|Gioilele|265|\n|player|p2|PBJif|101|\n|teamsize|p1|6\n|teamsize|p2|6\n|gen|9\n|tier|[Gen 9] National Dex Doubles\n|rule|Sleep Clause Mod: Limit one foe put to sleep\n|rule|OHKO Clause: OHKO moves are banned\n|rule|Evasion Moves Clause: Evasion moves are banned\n|rule|Endless Battle Clause: Forcing endless battles is banned\n|rule|HP Percentage Mod: HP is shown in percentages\n|rule|Z-Move Clause: Z-Moves are banned\n|clearpoke\n|poke|p1|Chi-Yu|\n|poke|p1|Gholdengo|\n|poke|p1|Landorus-Therian, M|\n|poke|p1|Kilowattrel, F|\n|poke|p1|Rotom-Wash|\n|poke|p1|Maushold|\n|poke|p2|Rillaboom, M|\n|poke|p2|Grimmsnarl, M|\n|poke|p2|Latias, F|\n|poke|p2|Arcanine, M|\n|poke|p2|Tauros-Paldea-Aqua, M|\n|poke|p2|Jolteon, M|\n|teampreview\n|c|\u2606PBJif|glhf\n|c|\u2606Gioilele|glhf\n|c|\u2606PBJif|glhf\n|\n|t:|1699480753\n|start\n|switch|p1a: Kilowattrel|Kilowattrel, F|100\/100\n|switch|p1b: Landorus|Landorus-Therian, M|100\/100\n|switch|p2a: Grimmsnarl|Grimmsnarl, M|100\/100\n|switch|p2b: Rillaboom|Rillaboom, M|100\/100\n|-ability|p1b: Landorus|Intimidate|boost\n|-unboost|p2a: Grimmsnarl|atk|1\n|-unboost|p2b: Rillaboom|atk|1\n|-fieldstart|move: Grassy Terrain|[from] ability: Grassy Surge|[of] p2b: Rillaboom\n|turn|1\n|\n|t:|1699480785\n|switch|p1b: Chi-Yu|Chi-Yu|100\/100\n|-ability|p1b: Chi-Yu|Beads of Ruin\n|switch|p2b: Latias|Latias, F|100\/100\n|-enditem|p2b: Latias|Grassy Seed\n|-boost|p2b: Latias|def|1|[from] item: Grassy Seed\n|move|p2a: Grimmsnarl|Reflect|p2a: Grimmsnarl\n|-sidestart|p2: PBJif|Reflect\n|move|p1a: Kilowattrel|Tailwind|p1a: Kilowattrel\n|-sidestart|p1: Gioilele|move: Tailwind\n|\n|upkeep\n|turn|2\n|\n|t:|1699480810\n|switch|p1a: Maushold|Maushold|100\/100\n|-terastallize|p2b: Latias|Electric\n|move|p2a: Grimmsnarl|Light Screen|p2a: Grimmsnarl\n|-sidestart|p2: PBJif|move: Light Screen\n|move|p1b: Chi-Yu|Snarl|p2b: Latias|[spread] p2a,p2b\n|-resisted|p2a: Grimmsnarl\n|-crit|p2a: Grimmsnarl\n|-damage|p2a: Grimmsnarl|88\/100\n|-damage|p2b: Latias|78\/100\n|-unboost|p2a: Grimmsnarl|spa|1\n|-unboost|p2b: Latias|spa|1\n|move|p2b: Latias|Calm Mind|p2b: Latias\n|-boost|p2b: Latias|spa|1\n|-boost|p2b: Latias|spd|1\n|\n|-heal|p2a: Grimmsnarl|94\/100|[from] Grassy Terrain\n|upkeep\n|turn|3\n|\n|t:|1699480839\n|move|p1a: Maushold|Population Bomb|p2b: Latias\n|-damage|p2b: Latias|75\/100\n|-damage|p2b: Latias|72\/100\n|-damage|p2b: Latias|70\/100\n|-damage|p2b: Latias|68\/100\n|-damage|p2b: Latias|65\/100\n|-damage|p2b: Latias|62\/100\n|-damage|p2b: Latias|60\/100\n|-damage|p2b: Latias|57\/100\n|-damage|p2b: Latias|55\/100\n|-damage|p2b: Latias|52\/100\n|-hitcount|p2b: Latias|10\n|move|p1b: Chi-Yu|Snarl|p2a: Grimmsnarl|[spread] p2a,p2b\n|-resisted|p2a: Grimmsnarl\n|-damage|p2a: Grimmsnarl|88\/100\n|-damage|p2b: Latias|35\/100\n|-unboost|p2a: Grimmsnarl|spa|1\n|-unboost|p2b: Latias|spa|1\n|move|p2b: Latias|Thunderbolt|p1b: Chi-Yu\n|-damage|p1b: Chi-Yu|83\/100\n|move|p2a: Grimmsnarl|Spirit Break|p1b: Chi-Yu\n|-damage|p1b: Chi-Yu|59\/100\n|-unboost|p1b: Chi-Yu|spa|1\n|\n|-heal|p1b: Chi-Yu|65\/100|[from] Grassy Terrain\n|-heal|p2a: Grimmsnarl|94\/100|[from] Grassy Terrain\n|upkeep\n|turn|4\n|\n|t:|1699480876\n|switch|p1b: Rotom|Rotom-Wash|100\/100\n|move|p1a: Maushold|Population Bomb|p2b: Latias|[miss]\n|-miss|p1a: Maushold|p2b: Latias\n|move|p2b: Latias|Roost|p2b: Latias\n|-heal|p2b: Latias|85\/100\n|move|p2a: Grimmsnarl|Spirit Break|p1b: Rotom\n|-damage|p1b: Rotom|86\/100\n|-unboost|p1b: Rotom|spa|1\n|\n|-heal|p2a: Grimmsnarl|99\/100|[from] Grassy Terrain\n|-sideend|p1: Gioilele|move: Tailwind\n|upkeep\n|turn|5\n|c|\u2606PBJif|sorry\n|\n|t:|1699480897\n|move|p1a: Maushold|Population Bomb|p2b: Latias\n|-damage|p2b: Latias|82\/100\n|-damage|p2b: Latias|80\/100\n|-damage|p2b: Latias|78\/100\n|-damage|p2b: Latias|75\/100\n|-damage|p2b: Latias|73\/100\n|-damage|p2b: Latias|71\/100\n|-damage|p2b: Latias|69\/100\n|-damage|p2b: Latias|67\/100\n|-damage|p2b: Latias|64\/100\n|-damage|p2b: Latias|62\/100\n|-hitcount|p2b: Latias|10\n|move|p2b: Latias|Thunderbolt|p1a: Maushold\n|-damage|p1a: Maushold|75\/100\n|move|p1b: Rotom|Will-O-Wisp|p2b: Latias|[miss]\n|-miss|p1b: Rotom|p2b: Latias\n|move|p2a: Grimmsnarl|Spirit Break|p1a: Maushold\n|-damage|p1a: Maushold|47\/100\n|-unboost|p1a: Maushold|spa|1\n|-enditem|p1a: Maushold|Sitrus Berry|[eat]\n|-heal|p1a: Maushold|72\/100|[from] item: Sitrus Berry\n|\n|-heal|p1a: Maushold|79\/100|[from] Grassy Terrain\n|-heal|p2a: Grimmsnarl|100\/100|[from] Grassy Terrain\n|-fieldend|move: Grassy Terrain\n|upkeep\n|turn|6\n|\n|t:|1699480928\n|move|p1a: Maushold|Population Bomb|p2a: Grimmsnarl|[miss]\n|-miss|p1a: Maushold|p2a: Grimmsnarl\n|move|p2b: Latias|Roost|p2b: Latias\n|-heal|p2b: Latias|100\/100\n|move|p1b: Rotom|Volt Switch|p2a: Grimmsnarl\n|-damage|p2a: Grimmsnarl|87\/100\n|-damage|p1b: Rotom|76\/100|[from] item: Life Orb\n|\n|t:|1699480939\n|switch|p1b: Landorus|Landorus-Therian, M|100\/100|[from] Volt Switch\n|-ability|p1b: Landorus|Intimidate|boost\n|-unboost|p2a: Grimmsnarl|atk|1\n|-unboost|p2b: Latias|atk|1\n|move|p2a: Grimmsnarl|Spirit Break|p1a: Maushold\n|-damage|p1a: Maushold|59\/100\n|-unboost|p1a: Maushold|spa|1\n|\n|upkeep\n|turn|7\n|\n|t:|1699480956\n|move|p1a: Maushold|Protect|p1a: Maushold\n|-singleturn|p1a: Maushold|Protect\n|move|p1b: Landorus|Rock Slide|p2b: Latias|[spread] p2a,p2b\n|-damage|p2a: Grimmsnarl|71\/100\n|-damage|p2b: Latias|91\/100\n|move|p2b: Latias|Ice Beam|p1b: Landorus\n|-supereffective|p1b: Landorus\n|-damage|p1b: Landorus|55\/100\n|move|p2a: Grimmsnarl|Spirit Break|p1b: Landorus\n|-damage|p1b: Landorus|43\/100\n|-unboost|p1b: Landorus|spa|1\n|\n|upkeep\n|turn|8\n|\n|t:|1699480973\n|switch|p1b: Chi-Yu|Chi-Yu|65\/100\n|-ability|p1b: Chi-Yu|Beads of Ruin\n|move|p1a: Maushold|Follow Me|p1a: Maushold\n|-singleturn|p1a: Maushold|move: Follow Me\n|move|p2b: Latias|Calm Mind|p2b: Latias\n|-boost|p2b: Latias|spa|1\n|-boost|p2b: Latias|spd|1\n|move|p2a: Grimmsnarl|Spirit Break|p1a: Maushold\n|-damage|p1a: Maushold|40\/100\n|-unboost|p1a: Maushold|spa|1\n|\n|-sideend|p2: PBJif|Reflect\n|upkeep\n|turn|9\n|\n|t:|1699480997\n|move|p2a: Grimmsnarl|Reflect|p2a: Grimmsnarl\n|-sidestart|p2: PBJif|Reflect\n|move|p1a: Maushold|Population Bomb|p2a: Grimmsnarl\n|-damage|p2a: Grimmsnarl|66\/100\n|-damage|p2a: Grimmsnarl|62\/100\n|-damage|p2a: Grimmsnarl|57\/100\n|-crit|p2a: Grimmsnarl\n|-damage|p2a: Grimmsnarl|46\/100\n|-damage|p2a: Grimmsnarl|41\/100\n|-damage|p2a: Grimmsnarl|37\/100\n|-damage|p2a: Grimmsnarl|33\/100\n|-damage|p2a: Grimmsnarl|28\/100\n|-damage|p2a: Grimmsnarl|23\/100\n|-damage|p2a: Grimmsnarl|18\/100\n|-hitcount|p2a: Grimmsnarl|10\n|move|p2b: Latias|Thunderbolt|p1b: Chi-Yu\n|-damage|p1b: Chi-Yu|35\/100\n|move|p1b: Chi-Yu|Snarl|p2b: Latias|[spread] p2a,p2b\n|-resisted|p2a: Grimmsnarl\n|-damage|p2a: Grimmsnarl|12\/100\n|-damage|p2b: Latias|79\/100\n|-unboost|p2a: Grimmsnarl|spa|1\n|-unboost|p2b: Latias|spa|1\n|\n|-sideend|p2: PBJif|move: Light Screen\n|upkeep\n|turn|10\n|\n|t:|1699481028\n|move|p1a: Maushold|Follow Me|p1a: Maushold\n|-singleturn|p1a: Maushold|move: Follow Me\n|move|p2a: Grimmsnarl|Light Screen|p2a: Grimmsnarl\n|-sidestart|p2: PBJif|move: Light Screen\n|move|p2b: Latias|Thunderbolt|p1a: Maushold\n|-damage|p1a: Maushold|4\/100\n|move|p1b: Chi-Yu|Snarl|p2a: Grimmsnarl|[spread] p2a,p2b\n|-resisted|p2a: Grimmsnarl\n|-damage|p2a: Grimmsnarl|6\/100\n|-damage|p2b: Latias|67\/100\n|-unboost|p2a: Grimmsnarl|spa|1\n|-unboost|p2b: Latias|spa|1\n|\n|upkeep\n|turn|11\n|\n|t:|1699481049\n|move|p2a: Grimmsnarl|Sucker Punch|p1a: Maushold\n|-damage|p1a: Maushold|0 fnt\n|faint|p1a: Maushold\n|move|p2b: Latias|Roost|p2b: Latias\n|-heal|p2b: Latias|100\/100\n|move|p1b: Chi-Yu|Snarl|p2a: Grimmsnarl|[spread] p2a,p2b\n|-resisted|p2a: Grimmsnarl\n|-damage|p2a: Grimmsnarl|0 fnt\n|-damage|p2b: Latias|88\/100\n|-unboost|p2b: Latias|spa|1\n|faint|p2a: Grimmsnarl\n|\n|upkeep\n|\n|t:|1699481074\n|switch|p1a: Kilowattrel|Kilowattrel, F|100\/100\n|switch|p2a: Rillaboom|Rillaboom, M|100\/100\n|-fieldstart|move: Grassy Terrain|[from] ability: Grassy Surge|[of] p2a: Rillaboom\n|turn|12\n|\n|t:|1699481115\n|switch|p1b: Landorus|Landorus-Therian, M|43\/100\n|-ability|p1b: Landorus|Intimidate|boost\n|-unboost|p2a: Rillaboom|atk|1\n|-unboost|p2b: Latias|atk|1\n|move|p2a: Rillaboom|Fake Out|p1b: Landorus\n|-damage|p1b: Landorus|33\/100\n|move|p1a: Kilowattrel|Air Slash|p2a: Rillaboom\n|-supereffective|p2a: Rillaboom\n|-damage|p2a: Rillaboom|72\/100\n|move|p2b: Latias|Calm Mind|p2b: Latias\n|-boost|p2b: Latias|spa|1\n|-boost|p2b: Latias|spd|1\n|\n|-heal|p2a: Rillaboom|79\/100|[from] Grassy Terrain\n|upkeep\n|turn|13\n|\n|t:|1699481131\n|move|p2a: Rillaboom|Grassy Glide|p1b: Landorus\n|-damage|p1b: Landorus|7\/100\n|move|p1b: Landorus|U-turn|p2a: Rillaboom\n|-supereffective|p2a: Rillaboom\n|-damage|p2a: Rillaboom|48\/100\n|\n|t:|1699481137\n|switch|p1b: Chi-Yu|Chi-Yu|35\/100|[from] U-turn\n|-ability|p1b: Chi-Yu|Beads of Ruin\n|move|p1a: Kilowattrel|Air Slash|p2a: Rillaboom\n|-supereffective|p2a: Rillaboom\n|-damage|p2a: Rillaboom|15\/100\n|move|p2b: Latias|Calm Mind|p2b: Latias\n|-boost|p2b: Latias|spa|1\n|-boost|p2b: Latias|spd|1\n|\n|-heal|p1b: Chi-Yu|41\/100|[from] Grassy Terrain\n|-heal|p2a: Rillaboom|21\/100|[from] Grassy Terrain\n|upkeep\n|turn|14\n|\n|t:|1699481159\n|move|p2a: Rillaboom|Grassy Glide|p1b: Chi-Yu\n|-resisted|p1b: Chi-Yu\n|-damage|p1b: Chi-Yu|18\/100\n|move|p1a: Kilowattrel|Tailwind|p1a: Kilowattrel\n|-sidestart|p1: Gioilele|move: Tailwind\n|move|p1b: Chi-Yu|Snarl|p2a: Rillaboom|[spread] p2a,p2b\n|-damage|p2a: Rillaboom|0 fnt\n|-damage|p2b: Latias|80\/100\n|-unboost|p2b: Latias|spa|1\n|faint|p2a: Rillaboom\n|move|p2b: Latias|Thunderbolt|p1b: Chi-Yu\n|-damage|p1b: Chi-Yu|0 fnt\n|faint|p1b: Chi-Yu\n|\n|upkeep\n|\n|t:|1699481193\n|switch|p1b: Landorus|Landorus-Therian, M|7\/100\n|switch|p2a: Tauros|Tauros-Paldea-Aqua, M|100\/100\n|-ability|p1b: Landorus|Intimidate|boost\n|-unboost|p2a: Tauros|atk|1\n|-unboost|p2b: Latias|atk|1\n|-ability|p2a: Tauros|Intimidate|boost\n|-unboost|p1a: Kilowattrel|atk|1\n|-ability|p1a: Kilowattrel|Competitive|boost\n|-boost|p1a: Kilowattrel|spa|2\n|-unboost|p1b: Landorus|atk|1\n|turn|15\n|\n|t:|1699481216\n|-terastallize|p1a: Kilowattrel|Electric\n|move|p2a: Tauros|Aqua Jet|p1b: Landorus\n|-supereffective|p1b: Landorus\n|-damage|p1b: Landorus|0 fnt\n|faint|p1b: Landorus\n|move|p1a: Kilowattrel|Thunderbolt|p2a: Tauros\n|-supereffective|p2a: Tauros\n|-enditem|p2a: Tauros|Wacan Berry|[eat]\n|-enditem|p2a: Tauros|Wacan Berry|[weaken]\n|-damage|p2a: Tauros|21\/100\n|move|p2b: Latias|Calm Mind|p2b: Latias\n|-boost|p2b: Latias|spa|1\n|-boost|p2b: Latias|spd|1\n|\n|-heal|p2a: Tauros|28\/100|[from] Grassy Terrain\n|upkeep\n|\n|t:|1699481237\n|switch|p1b: Gholdengo|Gholdengo|100\/100\n|turn|16\n|\n|t:|1699481249\n|switch|p2a: Jolteon|Jolteon, M|100\/100\n|move|p1a: Kilowattrel|Air Slash|p2a: Jolteon\n|-resisted|p2a: Jolteon\n|-damage|p2a: Jolteon|79\/100\n|move|p1b: Gholdengo|Nasty Plot|p1b: Gholdengo\n|-boost|p1b: Gholdengo|spa|2\n|move|p2b: Latias|Calm Mind|p2b: Latias\n|-boost|p2b: Latias|spa|1\n|-boost|p2b: Latias|spd|1\n|\n|-heal|p2a: Jolteon|85\/100|[from] Grassy Terrain\n|-heal|p2a: Jolteon|91\/100|[from] item: Leftovers\n|-sideend|p2: PBJif|Reflect\n|-fieldend|move: Grassy Terrain\n|upkeep\n|turn|17\n|\n|t:|1699481271\n|move|p2a: Jolteon|Protect|p2a: Jolteon\n|-singleturn|p2a: Jolteon|Protect\n|move|p1a: Kilowattrel|Thunderbolt|p2b: Latias\n|-resisted|p2b: Latias\n|-damage|p2b: Latias|74\/100\n|move|p1b: Gholdengo|Shadow Ball|p2a: Jolteon\n|-activate|p2a: Jolteon|move: Protect\n|move|p2b: Latias|Calm Mind|p2b: Latias\n|-boost|p2b: Latias|spa|1\n|-boost|p2b: Latias|spd|0\n|\n|-heal|p2a: Jolteon|97\/100|[from] item: Leftovers\n|-sideend|p2: PBJif|move: Light Screen\n|-sideend|p1: Gioilele|move: Tailwind\n|upkeep\n|turn|18\n|\n|t:|1699481293\n|move|p2a: Jolteon|Thunderbolt|p1b: Gholdengo\n|-damage|p1b: Gholdengo|63\/100\n|move|p1a: Kilowattrel|Tailwind|p1a: Kilowattrel\n|-sidestart|p1: Gioilele|move: Tailwind\n|move|p1b: Gholdengo|Shadow Ball|p2a: Jolteon\n|-damage|p2a: Jolteon|7\/100\n|move|p2b: Latias|Thunderbolt|p1b: Gholdengo\n|-damage|p1b: Gholdengo|22\/100\n|\n|-heal|p1b: Gholdengo|28\/100|[from] item: Leftovers\n|-heal|p2a: Jolteon|13\/100|[from] item: Leftovers\n|upkeep\n|turn|19\n|\n|t:|1699481314\n|move|p1a: Kilowattrel|Air Slash|p2a: Jolteon\n|-resisted|p2a: Jolteon\n|-damage|p2a: Jolteon|0 fnt\n|faint|p2a: Jolteon\n|move|p1b: Gholdengo|Shadow Ball|p2b: Latias\n|-crit|p2b: Latias\n|-damage|p2b: Latias|0 fnt\n|faint|p2b: Latias\n|\n|-heal|p1b: Gholdengo|34\/100|[from] item: Leftovers\n|upkeep\n|c|\u2606PBJif|fuck\n|c|\u2606PBJif|that was big\n|\n|t:|1699481330\n|switch|p2a: Arcanine|Arcanine, M|100\/100\n|switch|p2b: Tauros|Tauros-Paldea-Aqua, M|28\/100\n|-ability|p2b: Tauros|Intimidate|boost\n|-unboost|p1a: Kilowattrel|atk|1\n|-ability|p1a: Kilowattrel|Competitive|boost\n|-boost|p1a: Kilowattrel|spa|2\n|-unboost|p1b: Gholdengo|atk|1\n|turn|20\n|c|\u2606Gioilele|yeah\n|c|\u2606PBJif|lost me the game tbh\n|\n|t:|1699481359\n|move|p2b: Tauros|Aqua Jet|p1b: Gholdengo\n|-damage|p1b: Gholdengo|17\/100\n|move|p1a: Kilowattrel|Thunderbolt|p2b: Tauros\n|-supereffective|p2b: Tauros\n|-damage|p2b: Tauros|0 fnt\n|faint|p2b: Tauros\n|move|p1b: Gholdengo|Shadow Ball|p2a: Arcanine\n|-damage|p2a: Arcanine|11\/100\n|move|p2a: Arcanine|Flamethrower|p1a: Kilowattrel\n|-damage|p1a: Kilowattrel|33\/100\n|\n|-heal|p1b: Gholdengo|23\/100|[from] item: Leftovers\n|upkeep\n|turn|21\n|c|\u2606PBJif|ugh\n|c|\u2606Gioilele|it was totally my win condition to crit latias at that point\n|\n|t:|1699481377\n|move|p1a: Kilowattrel|Thunderbolt|p2a: Arcanine\n|-damage|p2a: Arcanine|0 fnt\n|faint|p2a: Arcanine\n|\n|win|Gioilele\n|c|\u2606PBJif|yeah, but that was the only turn it really mattered\n|c|\u2606Gioilele|yeah\n|c|\u2606PBJif|any other mon critting it wouldve done nothing\n|c|\u2606Gioilele|well played\n|c|\u2606PBJif|im annoyed\n|c|\u2606PBJif|but gg\n|c|\u2606Gioilele|gg\n","uploadtime":1699481419,"views":24,"p1id":"gioilele","p2id":"pbjif","formatid":"gen9nationaldexdoubles","rating":0,"private":0,"password":""}