{"id":"dl-gen9nationaldexdoubles-124789","p1":"Lerntasse","p2":"Griffin07","format":"[Gen 9] National Dex Doubles","log":"|j|\u2606Lerntasse\n|j|\u2606Griffin07\n|t:|1701052670\n|gametype|doubles\n|player|p1|Lerntasse|hiker-gen4|\n|player|p2|Griffin07|170|\n|teamsize|p1|6\n|teamsize|p2|6\n|gen|9\n|tier|[Gen 9] National Dex Doubles\n|rule|Sleep Clause Mod: Limit one foe put to sleep\n|rule|OHKO Clause: OHKO moves are banned\n|rule|Evasion Moves Clause: Evasion moves are banned\n|rule|Endless Battle Clause: Forcing endless battles is banned\n|rule|HP Percentage Mod: HP is shown in percentages\n|rule|Z-Move Clause: Z-Moves are banned\n|clearpoke\n|poke|p1|Kyogre|\n|poke|p1|Kyurem|\n|poke|p1|Tinkaton, F|\n|poke|p1|Regieleki|\n|poke|p1|Overqwil, M|\n|poke|p1|Wyrdeer, F|\n|poke|p2|Palkia-Origin|\n|poke|p2|Ursaluna, M|\n|poke|p2|Grafaiai, M|\n|poke|p2|Slaking, F|\n|poke|p2|Murkrow, M|\n|poke|p2|Dracozolt|\n|teampreview\n|c|\u2606Lerntasse|glhf!\n|c|\u2606Griffin07|gl hf!\n|\n|t:|1701052712\n|start\n|switch|p1a: Your Mother|Kyogre|100\/100\n|switch|p1b: $exual Deer Noises|Wyrdeer, F|100\/100\n|switch|p2a: Grafaiai|Grafaiai, M|100\/100\n|switch|p2b: Slaking|Slaking, F|100\/100\n|-weather|RainDance|[from] ability: Drizzle|[of] p1a: Your Mother\n|-ability|p1b: $exual Deer Noises|Intimidate|boost\n|-unboost|p2a: Grafaiai|atk|1\n|-unboost|p2b: Slaking|atk|1\n|turn|1\n|j| pbjif\n|\n|t:|1701052757\n|move|p1a: Your Mother|Protect|p1a: Your Mother\n|-singleturn|p1a: Your Mother|Protect\n|move|p2a: Grafaiai|Doodle|p1b: $exual Deer Noises\n|-endability|p2a: Grafaiai|Prankster|[from] move: Doodle\n|-ability|p2a: Grafaiai|Intimidate|boost\n|-unboost|p1a: Your Mother|atk|1\n|-unboost|p1b: $exual Deer Noises|atk|1\n|-ability|p2a: Grafaiai|Intimidate|[from] move: Doodle\n|-endability|p2b: Slaking|Truant|[from] move: Doodle\n|-ability|p2b: Slaking|Intimidate|boost\n|-unboost|p1a: Your Mother|atk|1\n|-unboost|p1b: $exual Deer Noises|atk|1\n|-ability|p2b: Slaking|Intimidate|[from] move: Doodle\n|move|p2b: Slaking|Thunder Punch|p1a: Your Mother\n|-activate|p1a: Your Mother|move: Protect\n|move|p1b: $exual Deer Noises|Trick Room|p1b: $exual Deer Noises\n|-fieldstart|move: Trick Room|[of] p1b: $exual Deer Noises\n|\n|-weather|RainDance|[upkeep]\n|upkeep\n|turn|2\n|\n|t:|1701052774\n|move|p1b: $exual Deer Noises|Body Slam|p2b: Slaking\n|-damage|p2b: Slaking|90\/100\n|move|p1a: Your Mother|Origin Pulse|p2b: Slaking|[spread] p2a,p2b\n|-damage|p2a: Grafaiai|33\/100\n|-damage|p2b: Slaking|19\/100\n|move|p2b: Slaking|Thunder Punch|p1a: Your Mother\n|-supereffective|p1a: Your Mother\n|-damage|p1a: Your Mother|62\/100\n|move|p2a: Grafaiai|Swagger|p2b: Slaking\n|-boost|p2b: Slaking|atk|2\n|-start|p2b: Slaking|confusion\n|-enditem|p2b: Slaking|Lum Berry|[eat]\n|-end|p2b: Slaking|confusion\n|\n|-weather|RainDance|[upkeep]\n|-heal|p1a: Your Mother|68\/100|[from] item: Leftovers\n|upkeep\n|turn|3\n|\n|t:|1701052805\n|move|p1b: $exual Deer Noises|Body Slam|p2b: Slaking\n|-damage|p2b: Slaking|8\/100\n|move|p1a: Your Mother|Origin Pulse|p2a: Grafaiai|[spread] p2a\n|-miss|p1a: Your Mother|p2b: Slaking\n|-damage|p2a: Grafaiai|0 fnt\n|faint|p2a: Grafaiai\n|move|p2b: Slaking|Thunder Punch|p1a: Your Mother\n|-supereffective|p1a: Your Mother\n|-damage|p1a: Your Mother|0 fnt\n|faint|p1a: Your Mother\n|\n|-weather|RainDance|[upkeep]\n|upkeep\n|\n|t:|1701052822\n|switch|p1a: Spikly|Overqwil, M|100\/100\n|switch|p2a: Palkia|Palkia-Origin|100\/100\n|-ability|p1a: Spikly|Intimidate|boost\n|-unboost|p2a: Palkia|atk|1\n|-unboost|p2b: Slaking|atk|1\n|turn|4\n|\n|t:|1701052858\n|move|p2a: Palkia|Protect|p2a: Palkia\n|-singleturn|p2a: Palkia|Protect\n|move|p1b: $exual Deer Noises|Body Slam|p2b: Slaking\n|-damage|p2b: Slaking|0 fnt\n|faint|p2b: Slaking\n|move|p1a: Spikly|Gunk Shot|p2a: Palkia\n|-activate|p2a: Palkia|move: Protect\n|\n|-weather|RainDance|[upkeep]\n|upkeep\n|\n|t:|1701052868\n|switch|p2b: Ursaluna|Ursaluna, M|100\/100\n|turn|5\n|\n|t:|1701052887\n|move|p2b: Ursaluna|Cross Chop|p1b: $exual Deer Noises\n|-crit|p1b: $exual Deer Noises\n|-damage|p1b: $exual Deer Noises|53\/100\n|move|p1b: $exual Deer Noises|Skill Swap|p1a: Spikly\n|-activate|p1b: $exual Deer Noises|move: Skill Swap|||[of] p1a: Spikly\n|-ability|p1b: $exual Deer Noises|Intimidate|boost\n|-unboost|p2a: Palkia|atk|1\n|-unboost|p2b: Ursaluna|atk|1\n|-ability|p1a: Spikly|Intimidate|boost\n|-unboost|p2a: Palkia|atk|1\n|-unboost|p2b: Ursaluna|atk|1\n|move|p1a: Spikly|Gunk Shot|p2a: Palkia\n|-damage|p2a: Palkia|35\/100\n|move|p2a: Palkia|Earth Power|p1a: Spikly\n|-supereffective|p1a: Spikly\n|-damage|p1a: Spikly|0 fnt\n|faint|p1a: Spikly\n|\n|-weather|none\n|-fieldend|move: Trick Room\n|-status|p2b: Ursaluna|brn|[from] item: Flame Orb\n|upkeep\n|\n|t:|1701052913\n|switch|p1a: Parker Thighs|Kyurem|100\/100\n|-ability|p1a: Parker Thighs|Pressure\n|turn|6\n|\n|t:|1701052933\n|switch|p1b: Isabell|Tinkaton, F|100\/100\n|-ability|p1b: Isabell|Mold Breaker\n|-terastallize|p2a: Palkia|Steel\n|move|p1a: Parker Thighs|Protect|p1a: Parker Thighs\n|-singleturn|p1a: Parker Thighs|Protect\n|move|p2a: Palkia|Spacial Rend|p1a: Parker Thighs\n|-activate|p1a: Parker Thighs|move: Protect\n|move|p2b: Ursaluna|Swords Dance|p2b: Ursaluna\n|-boost|p2b: Ursaluna|atk|2\n|\n|-damage|p2b: Ursaluna|94\/100 brn|[from] brn\n|upkeep\n|turn|7\n|\n|t:|1701052998\n|-terastallize|p1a: Parker Thighs|Steel\n|move|p1b: Isabell|Fake Out|p2b: Ursaluna\n|-damage|p2b: Ursaluna|89\/100 brn\n|move|p2a: Palkia|Earth Power|p1b: Isabell\n|-supereffective|p1b: Isabell\n|-damage|p1b: Isabell|53\/100\n|move|p1a: Parker Thighs|Earth Power|p2a: Palkia\n|-supereffective|p2a: Palkia\n|-damage|p2a: Palkia|0 fnt\n|faint|p2a: Palkia\n|cant|p2b: Ursaluna|flinch\n|\n|-damage|p2b: Ursaluna|83\/100 brn|[from] brn\n|upkeep\n|\n|t:|1701053010\n|switch|p2a: Murkrow|Murkrow, M|100\/100\n|turn|8\n|\n|t:|1701053020\n|move|p1b: Isabell|Fake Out||[still]\n|-hint|Fake Out only works on your first turn out.\n|-fail|p1b: Isabell\n|move|p2a: Murkrow|Tailwind|p2a: Murkrow\n|-sidestart|p2: Griffin07|move: Tailwind\n|move|p1a: Parker Thighs|Freeze-Dry|p2b: Ursaluna\n|-supereffective|p2b: Ursaluna\n|-damage|p2b: Ursaluna|23\/100 brn\n|move|p2b: Ursaluna|Cross Chop|p1a: Parker Thighs\n|-supereffective|p1a: Parker Thighs\n|-damage|p1a: Parker Thighs|0 fnt\n|faint|p1a: Parker Thighs\n|\n|-damage|p2b: Ursaluna|17\/100 brn|[from] brn\n|upkeep\n|c|\u2606Lerntasse|oh yikes\n|j| samsjt\n|\n|t:|1701053055\n|switch|p1a: Egg King|Regieleki|100\/100\n|turn|9\n|\n|t:|1701053070\n|move|p2a: Murkrow|Protect|p2a: Murkrow\n|-singleturn|p2a: Murkrow|Protect\n|move|p1a: Egg King|Thunderbolt|p2a: Murkrow\n|-activate|p2a: Murkrow|move: Protect\n|move|p2b: Ursaluna|Gunk Shot|p1a: Egg King\n|-enditem|p1a: Egg King|Focus Sash\n|-damage|p1a: Egg King|1\/100\n|move|p1b: Isabell|Brick Break|p2b: Ursaluna\n|-supereffective|p2b: Ursaluna\n|-damage|p2b: Ursaluna|0 fnt\n|faint|p2b: Ursaluna\n|\n|upkeep\n|\n|t:|1701053081\n|switch|p2b: Dracozolt|Dracozolt|100\/100\n|turn|10\n|\n|t:|1701053098\n|switch|p1b: $exual Deer Noises|Wyrdeer, F|53\/100\n|-ability|p1b: $exual Deer Noises|Intimidate|boost\n|-unboost|p2a: Murkrow|atk|1\n|-unboost|p2b: Dracozolt|atk|1\n|move|p2a: Murkrow|Protect||[still]\n|-fail|p2a: Murkrow\n|move|p1a: Egg King|Thunderbolt|p2a: Murkrow\n|-supereffective|p2a: Murkrow\n|-enditem|p2a: Murkrow|Focus Sash\n|-damage|p2a: Murkrow|1\/100\n|move|p2b: Dracozolt|Bolt Beak|p1b: $exual Deer Noises\n|-damage|p1b: $exual Deer Noises|0 fnt\n|faint|p1b: $exual Deer Noises\n|\n|upkeep\n|\n|t:|1701053107\n|switch|p1b: Isabell|Tinkaton, F|53\/100\n|-ability|p1b: Isabell|Mold Breaker\n|turn|11\n|\n|t:|1701053145\n|move|p2a: Murkrow|Protect|p2a: Murkrow\n|-singleturn|p2a: Murkrow|Protect\n|move|p1a: Egg King|Tera Blast|p2b: Dracozolt\n|-damage|p2b: Dracozolt|69\/100\n|move|p2b: Dracozolt|Bolt Beak|p1b: Isabell\n|-damage|p1b: Isabell|0 fnt\n|faint|p1b: Isabell\n|\n|-sideend|p2: Griffin07|move: Tailwind\n|upkeep\n|turn|12\n|\n|t:|1701053156\n|move|p2a: Murkrow|Tailwind|p2a: Murkrow\n|-sidestart|p2: Griffin07|move: Tailwind\n|move|p1a: Egg King|Tera Blast|p2b: Dracozolt\n|-damage|p2b: Dracozolt|35\/100\n|move|p2b: Dracozolt|Bolt Beak|p1a: Egg King\n|-resisted|p1a: Egg King\n|-damage|p1a: Egg King|0 fnt\n|faint|p1a: Egg King\n|\n|win|Griffin07\n|c|\u2606Lerntasse|gg\n|c|\u2606Griffin07|ggh\n","uploadtime":1701053166,"views":18,"p1id":"lerntasse","p2id":"griffin07","formatid":"gen9nationaldexdoubles","rating":0,"private":0,"password":""}