{"id":"dl-gen9nationaldexdoubles-119139","p1":"OlPatchy2Eyes","p2":"Joeyanz","format":"[Gen 9] National Dex Doubles","log":"|j|\u2606OlPatchy2Eyes\n|j|\u2606Joeyanz\n|t:|1699726084\n|gametype|doubles\n|player|p1|OlPatchy2Eyes|emmet|\n|player|p2|Joeyanz|169|\n|teamsize|p1|6\n|teamsize|p2|6\n|gen|9\n|tier|[Gen 9] National Dex Doubles\n|rule|Sleep Clause Mod: Limit one foe put to sleep\n|rule|OHKO Clause: OHKO moves are banned\n|rule|Evasion Moves Clause: Evasion moves are banned\n|rule|Endless Battle Clause: Forcing endless battles is banned\n|rule|HP Percentage Mod: HP is shown in percentages\n|rule|Z-Move Clause: Z-Moves are banned\n|clearpoke\n|poke|p1|Giratina-Origin|\n|poke|p1|Ting-Lu|\n|poke|p1|Luxray, F|\n|poke|p1|Sneasler, M|\n|poke|p1|Sinistcha|\n|poke|p1|Staraptor, M|\n|poke|p2|Yveltal|\n|poke|p2|Blastoise, F|\n|poke|p2|Sandy Shocks|\n|poke|p2|Mismagius, F|\n|poke|p2|Whimsicott, M|\n|poke|p2|Lucario, F|\n|teampreview\n|j| bpewn\n|c|\u2606Joeyanz|Gl hf\n|c|\u2606OlPatchy2Eyes|Gl hf\n|l|\u2606Joeyanz\n|player|p2|\n|j|\u2606Joeyanz\n|player|p2|Joeyanz|169\n|\n|t:|1699726206\n|start\n|switch|p1a: Tina|Giratina-Origin, shiny|100\/100\n|switch|p1b: Wiggums|Luxray, F|100\/100\n|switch|p2a: Blastoise|Blastoise, F|100\/100\n|switch|p2b: Sandy Shocks|Sandy Shocks|100\/100\n|-ability|p1b: Wiggums|Intimidate|boost\n|-unboost|p2a: Blastoise|atk|1\n|-unboost|p2b: Sandy Shocks|atk|1\n|turn|1\n|\n|t:|1699726268\n|switch|p1b: Bowlwark|Ting-Lu|100\/100\n|-ability|p1b: Bowlwark|Vessel of Ruin\n|-terastallize|p1a: Tina|Electric\n|move|p2a: Blastoise|Fake Out|p1b: Bowlwark\n|-damage|p1b: Bowlwark|98\/100\n|move|p2b: Sandy Shocks|Stealth Rock|p1b: Bowlwark\n|-sidestart|p1: OlPatchy2Eyes|move: Stealth Rock\n|move|p1a: Tina|Thunderbolt|p2a: Blastoise\n|-supereffective|p2a: Blastoise\n|-damage|p2a: Blastoise|64\/100\n|\n|-heal|p2a: Blastoise|70\/100|[from] item: Leftovers\n|-heal|p1b: Bowlwark|100\/100|[from] item: Leftovers\n|upkeep\n|turn|2\n|l|\u2606Joeyanz\n|player|p2|\n|j|\u2606Joeyanz\n|player|p2|Joeyanz|169\n|c|\u2606Joeyanz|Sorry on my phone cause internet is out\n|\n|t:|1699726362\n|move|p2a: Blastoise|Follow Me|p2a: Blastoise\n|-singleturn|p2a: Blastoise|move: Follow Me\n|move|p2b: Sandy Shocks|Volt Switch|p1a: Tina\n|-resisted|p1a: Tina\n|-damage|p1a: Tina|93\/100\n|c|\u2606OlPatchy2Eyes|No rush lol im on one bar myself\n|\n|t:|1699726377\n|-end|p2b: Sandy Shocks|Protosynthesis|[silent]\n|switch|p2b: Mismagius|Mismagius, F|100\/100|[from] Volt Switch\n|move|p1a: Tina|Thunderbolt|p2a: Blastoise\n|-supereffective|p2a: Blastoise\n|-damage|p2a: Blastoise|35\/100\n|move|p1b: Bowlwark|Stealth Rock|p2a: Blastoise\n|-sidestart|p2: Joeyanz|move: Stealth Rock\n|\n|-heal|p2a: Blastoise|41\/100|[from] item: Leftovers\n|upkeep\n|turn|3\n|\n|t:|1699726413\n|move|p2b: Mismagius|Mystical Fire|p1a: Tina\n|-damage|p1a: Tina|87\/100\n|-unboost|p1a: Tina|spa|1\n|move|p1a: Tina|Thunderbolt|p2a: Blastoise\n|-supereffective|p2a: Blastoise\n|-damage|p2a: Blastoise|15\/100\n|move|p2a: Blastoise|Scald|p1b: Bowlwark\n|-supereffective|p1b: Bowlwark\n|-damage|p1b: Bowlwark|53\/100\n|move|p1b: Bowlwark|Spikes|p2b: Mismagius\n|-sidestart|p2: Joeyanz|Spikes\n|\n|-heal|p2a: Blastoise|21\/100|[from] item: Leftovers\n|-heal|p1b: Bowlwark|60\/100|[from] item: Leftovers\n|upkeep\n|turn|4\n|l| bpewn\n|\n|t:|1699726453\n|switch|p2a: Whimsicott|Whimsicott, M|100\/100\n|-damage|p2a: Whimsicott|88\/100|[from] Stealth Rock\n|-damage|p2a: Whimsicott|76\/100|[from] Spikes\n|move|p2b: Mismagius|Taunt|p1b: Bowlwark\n|-start|p1b: Bowlwark|move: Taunt\n|move|p1a: Tina|Thunderbolt|p2a: Whimsicott\n|-resisted|p2a: Whimsicott\n|-damage|p2a: Whimsicott|63\/100\n|-status|p2a: Whimsicott|par\n|cant|p1b: Bowlwark|move: Taunt|Spikes\n|\n|-heal|p1b: Bowlwark|66\/100|[from] item: Leftovers\n|upkeep\n|turn|5\n|\n|t:|1699726481\n|switch|p1b: Mean Girl Bully|Sneasler, M|100\/100\n|-damage|p1b: Mean Girl Bully|94\/100|[from] Stealth Rock\n|move|p2b: Mismagius|Mystical Fire|p1a: Tina\n|-damage|p1a: Tina|79\/100\n|-unboost|p1a: Tina|spa|1\n|move|p1a: Tina|Dragon Pulse|p2b: Mismagius\n|-damage|p2b: Mismagius|80\/100\n|move|p2a: Whimsicott|Moonblast|p1b: Mean Girl Bully\n|-damage|p1b: Mean Girl Bully|63\/100\n|\n|upkeep\n|turn|6\n|\n|t:|1699726511\n|switch|p1a: Mr. Teatime|Sinistcha|100\/100\n|-damage|p1a: Mr. Teatime|88\/100|[from] Stealth Rock\n|-heal|p1b: Mean Girl Bully|88\/100|[from] ability: Hospitality|[of] p1a: Mr. Teatime\n|switch|p2a: Lucario|Lucario, F|100\/100\n|-damage|p2a: Lucario|98\/100|[from] Stealth Rock\n|-damage|p2a: Lucario|85\/100|[from] Spikes\n|move|p1b: Mean Girl Bully|Dire Claw|p2a: Lucario\n|-immune|p2a: Lucario\n|move|p2b: Mismagius|Will-O-Wisp|p1b: Mean Girl Bully\n|-status|p1b: Mean Girl Bully|brn\n|\n|-damage|p1b: Mean Girl Bully|82\/100 brn|[from] brn\n|upkeep\n|turn|7\n|l|\u2606OlPatchy2Eyes\n|player|p1|\n|j|\u2606OlPatchy2Eyes\n|player|p1|OlPatchy2Eyes|emmet\n|c|\u2606Joeyanz|Just typing to keep the chat open so it does idle kick us \n|c|\u2606Joeyanz|Ah ok \n|c|\u2606OlPatchy2Eyes|Tyty\n|c|\u2606Joeyanz|Your back\n|\n|t:|1699726791\n|switch|p1a: Bowlwark|Ting-Lu|66\/100\n|-damage|p1a: Bowlwark|60\/100|[from] Stealth Rock\n|-ability|p1a: Bowlwark|Vessel of Ruin\n|-terastallize|p2a: Lucario|Ghost\n|move|p1b: Mean Girl Bully|Close Combat|p2a: Lucario\n|-immune|p2a: Lucario\n|move|p2b: Mismagius|Mystical Fire|p1a: Bowlwark\n|-damage|p1a: Bowlwark|49\/100\n|-unboost|p1a: Bowlwark|spa|1\n|move|p2a: Lucario|Shadow Ball|p1a: Bowlwark\n|-resisted|p1a: Bowlwark\n|-damage|p1a: Bowlwark|37\/100\n|-unboost|p1a: Bowlwark|spd|1\n|-damage|p2a: Lucario|75\/100|[from] item: Life Orb\n|\n|-heal|p1a: Bowlwark|43\/100|[from] item: Leftovers\n|-damage|p1b: Mean Girl Bully|76\/100 brn|[from] brn\n|upkeep\n|turn|8\n|l|\u2606OlPatchy2Eyes\n|player|p1|\n|j|\u2606OlPatchy2Eyes\n|player|p1|OlPatchy2Eyes|emmet\n|\n|t:|1699726920\n|switch|p1a: Mr. Teatime|Sinistcha|88\/100\n|-damage|p1a: Mr. Teatime|76\/100|[from] Stealth Rock\n|-heal|p1b: Mean Girl Bully|100\/100 brn|[from] ability: Hospitality|[of] p1a: Mr. Teatime\n|move|p1b: Mean Girl Bully|Toxic|p2b: Mismagius\n|-status|p2b: Mismagius|tox\n|move|p2b: Mismagius|Charm|p1b: Mean Girl Bully\n|-unboost|p1b: Mean Girl Bully|atk|2\n|move|p2a: Lucario|Close Combat|p1a: Mr. Teatime\n|-immune|p1a: Mr. Teatime\n|\n|-damage|p2b: Mismagius|74\/100 tox|[from] psn\n|-damage|p1b: Mean Girl Bully|94\/100 brn|[from] brn\n|upkeep\n|turn|9\n|\n|t:|1699726964\n|switch|p2b: Blastoise|Blastoise, F|21\/100\n|-damage|p2b: Blastoise|9\/100|[from] Stealth Rock\n|-damage|p2b: Blastoise|0 fnt|[from] Spikes\n|faint|p2b: Blastoise\n|switch|p1a: Chains|Staraptor, M|100\/100\n|-damage|p1a: Chains|76\/100|[from] Stealth Rock\n|-ability|p1a: Chains|Intimidate|boost\n|-unboost|p2a: Lucario|atk|1\n|move|p1b: Mean Girl Bully|Toxic|p2a: Lucario\n|-status|p2a: Lucario|tox\n|move|p2a: Lucario|Shadow Ball|p1a: Chains\n|-immune|p1a: Chains\n|\n|-damage|p2a: Lucario|69\/100 tox|[from] psn\n|-damage|p1b: Mean Girl Bully|88\/100 brn|[from] brn\n|upkeep\n|\n|t:|1699726983\n|switch|p2b: Yveltal|Yveltal|100\/100\n|-damage|p2b: Yveltal|76\/100|[from] Stealth Rock\n|-ability|p2b: Yveltal|Dark Aura\n|turn|10\n|l|\u2606OlPatchy2Eyes\n|player|p1|\n|j|\u2606OlPatchy2Eyes\n|player|p1|OlPatchy2Eyes|emmet\n|\n|t:|1699727026\n|switch|p2a: Sandy Shocks|Sandy Shocks|100\/100\n|-damage|p2a: Sandy Shocks|94\/100|[from] Stealth Rock\n|-damage|p2a: Sandy Shocks|82\/100|[from] Spikes\n|move|p2b: Yveltal|Protect|p2b: Yveltal\n|-singleturn|p2b: Yveltal|Protect\n|move|p1b: Mean Girl Bully|Toxic|p1a: Chains\n|-status|p1a: Chains|tox\n|move|p1a: Chains|Feather Dance|p2b: Yveltal\n|-activate|p2b: Yveltal|move: Protect\n|\n|-damage|p1a: Chains|69\/100 tox|[from] psn\n|-damage|p1b: Mean Girl Bully|82\/100 brn|[from] brn\n|upkeep\n|turn|11\n|c|\u2606OlPatchy2Eyes|Oops\n|c|\u2606Joeyanz|Oh\n|l|\u2606OlPatchy2Eyes\n|player|p1|\n|j|\u2606OlPatchy2Eyes\n|player|p1|OlPatchy2Eyes|emmet\n|c|\u2606OlPatchy2Eyes|Ok back\n|c|\u2606OlPatchy2Eyes|So sorry\n|c|\u2606Joeyanz|Np \n|l|\u2606OlPatchy2Eyes\n|player|p1|\n|c|\u2606Joeyanz|Hey for when ever you join back. I took screen shots of every turn so if you want we can recreate the match when we both have a more stable connection\n|c|\u2606Joeyanz|or redo the whole thing\n|l|\u2606Joeyanz\n|player|p2|\n|j|\u2606OlPatchy2Eyes\n|player|p1|OlPatchy2Eyes|emmet\n|j|\u2606Joeyanz\n|player|p2|Joeyanz|169\n|\n|t:|1699727781\n|switch|p2b: Lucario|Lucario, F, tera:Ghost|69\/100 tox\n|-damage|p2b: Lucario|57\/100 tox|[from] Stealth Rock\n|-damage|p2b: Lucario|44\/100 tox|[from] Spikes\n|move|p1b: Mean Girl Bully|Toxic|p2b: Lucario\n|-fail|p2b: Lucario|tox\n|move|p1a: Chains|Feather Dance|p2b: Lucario\n|-unboost|p2b: Lucario|atk|2\n|move|p2a: Sandy Shocks|Earth Power|p1b: Mean Girl Bully\n|-supereffective|p1b: Mean Girl Bully\n|-crit|p1b: Mean Girl Bully\n|-damage|p1b: Mean Girl Bully|0 fnt\n|faint|p1b: Mean Girl Bully\n|\n|-damage|p1a: Chains|57\/100 tox|[from] psn\n|-damage|p2b: Lucario|38\/100 tox|[from] psn\n|upkeep\n|\n|t:|1699727811\n|switch|p1b: Tina|Giratina-Origin, shiny, tera:Electric|79\/100\n|-damage|p1b: Tina|66\/100|[from] Stealth Rock\n|turn|12\n|\n|t:|1699727822\n|switch|p1a: Mr. Teatime|Sinistcha|76\/100\n|-damage|p1a: Mr. Teatime|63\/100|[from] Stealth Rock\n|-heal|p1b: Tina|91\/100|[from] ability: Hospitality|[of] p1a: Mr. Teatime\n|move|p2b: Lucario|Shadow Ball|p1b: Tina\n|-damage|p1b: Tina|72\/100\n|-unboost|p1b: Tina|spd|1\n|-damage|p2b: Lucario|28\/100 tox|[from] item: Life Orb\n|move|p2a: Sandy Shocks|Volt Switch|p1a: Mr. Teatime\n|-resisted|p1a: Mr. Teatime\n|-damage|p1a: Mr. Teatime|46\/100\n|\n|t:|1699727828\n|-end|p2a: Sandy Shocks|Protosynthesis|[silent]\n|switch|p2a: Mismagius|Mismagius, F|74\/100 tox|[from] Volt Switch\n|-damage|p2a: Mismagius|61\/100 tox|[from] Stealth Rock\n|move|p1b: Tina|Dragon Pulse|p2b: Lucario\n|-damage|p2b: Lucario|0 fnt\n|faint|p2b: Lucario\n|\n|-damage|p2a: Mismagius|55\/100 tox|[from] psn\n|upkeep\n|\n|t:|1699727837\n|switch|p2b: Yveltal|Yveltal|76\/100\n|-damage|p2b: Yveltal|51\/100|[from] Stealth Rock\n|-ability|p2b: Yveltal|Dark Aura\n|turn|13\n|\n|t:|1699727873\n|switch|p1a: Wiggums|Luxray, F|100\/100\n|-damage|p1a: Wiggums|88\/100|[from] Stealth Rock\n|-ability|p1a: Wiggums|Intimidate|boost\n|-unboost|p2a: Mismagius|atk|1\n|-unboost|p2b: Yveltal|atk|1\n|switch|p1b: Bowlwark|Ting-Lu|43\/100\n|-damage|p1b: Bowlwark|37\/100|[from] Stealth Rock\n|-ability|p1b: Bowlwark|Vessel of Ruin\n|move|p2a: Mismagius|Mystical Fire|p1b: Bowlwark\n|-damage|p1b: Bowlwark|26\/100\n|-unboost|p1b: Bowlwark|spa|1\n|move|p2b: Yveltal|Oblivion Wing|p1a: Wiggums\n|-resisted|p1a: Wiggums\n|-damage|p1a: Wiggums|63\/100\n|-heal|p2b: Yveltal|67\/100|[from] drain|[of] p1a: Wiggums\n|-damage|p2b: Yveltal|57\/100|[from] item: Life Orb\n|\n|-heal|p1b: Bowlwark|33\/100|[from] item: Leftovers\n|-damage|p2a: Mismagius|43\/100 tox|[from] psn\n|upkeep\n|turn|14\n|\n|t:|1699727922\n|move|p2b: Yveltal|Protect|p2b: Yveltal\n|-singleturn|p2b: Yveltal|Protect\n|move|p2a: Mismagius|Will-O-Wisp|p1a: Wiggums\n|-status|p1a: Wiggums|brn\n|move|p1a: Wiggums|Light Screen|p1a: Wiggums\n|-sidestart|p1: OlPatchy2Eyes|move: Light Screen\n|move|p1b: Bowlwark|Spikes|p2b: Yveltal\n|-sidestart|p2: Joeyanz|Spikes\n|\n|-heal|p1b: Bowlwark|39\/100|[from] item: Leftovers\n|-damage|p2a: Mismagius|24\/100 tox|[from] psn\n|-damage|p1a: Wiggums|57\/100 brn|[from] brn\n|upkeep\n|turn|15\n|\n|t:|1699727965\n|move|p2a: Mismagius|Charm|p1a: Wiggums\n|-unboost|p1a: Wiggums|atk|2\n|move|p2b: Yveltal|Oblivion Wing|p1b: Bowlwark\n|-damage|p1b: Bowlwark|18\/100\n|-heal|p2b: Yveltal|77\/100|[from] drain|[of] p1b: Bowlwark\n|-damage|p2b: Yveltal|67\/100|[from] item: Life Orb\n|move|p1b: Bowlwark|Spikes|p2a: Mismagius\n|-sidestart|p2: Joeyanz|Spikes\n|move|p1a: Wiggums|Roar|p2b: Yveltal\n|drag|p2b: Sandy Shocks|Sandy Shocks|82\/100\n|-damage|p2b: Sandy Shocks|76\/100|[from] Stealth Rock\n|-damage|p2b: Sandy Shocks|51\/100|[from] Spikes\n|\n|-heal|p1b: Bowlwark|24\/100|[from] item: Leftovers\n|-damage|p2a: Mismagius|0 fnt|[from] psn\n|faint|p2a: Mismagius\n|-damage|p1a: Wiggums|51\/100 brn|[from] brn\n|upkeep\n|\n|t:|1699727987\n|switch|p2a: Yveltal|Yveltal|67\/100\n|-damage|p2a: Yveltal|42\/100|[from] Stealth Rock\n|-ability|p2a: Yveltal|Dark Aura\n|turn|16\n|\n|t:|1699728006\n|move|p2b: Sandy Shocks|Earth Power|p1a: Wiggums\n|-supereffective|p1a: Wiggums\n|-damage|p1a: Wiggums|0 fnt\n|faint|p1a: Wiggums\n|move|p2a: Yveltal|Oblivion Wing|p1b: Bowlwark\n|-damage|p1b: Bowlwark|0 fnt\n|-heal|p2a: Yveltal|64\/100|[from] drain|[of] p1b: Bowlwark\n|faint|p1b: Bowlwark\n|-damage|p2a: Yveltal|54\/100|[from] item: Life Orb\n|\n|upkeep\n|\n|t:|1699728031\n|switch|p1a: Mr. Teatime|Sinistcha|46\/100\n|switch|p1b: Tina|Giratina-Origin, shiny, tera:Electric|72\/100\n|-damage|p1a: Mr. Teatime|33\/100|[from] Stealth Rock\n|-heal|p1b: Tina|97\/100|[from] ability: Hospitality|[of] p1a: Mr. Teatime\n|-damage|p1b: Tina|85\/100|[from] Stealth Rock\n|turn|17\n|\n|t:|1699728058\n|move|p1a: Mr. Teatime|Matcha Gotcha|p2b: Sandy Shocks|[spread] p2a,p2b\n|-resisted|p2a: Yveltal\n|-supereffective|p2b: Sandy Shocks\n|-damage|p2a: Yveltal|44\/100\n|-heal|p1a: Mr. Teatime|39\/100|[from] drain|[of] p2a: Yveltal\n|-damage|p2b: Sandy Shocks|0 fnt\n|-heal|p1a: Mr. Teatime|62\/100|[from] drain|[of] p2b: Sandy Shocks\n|faint|p2b: Sandy Shocks\n|-end|p2b: Sandy Shocks|Protosynthesis|[silent]\n|move|p2a: Yveltal|Oblivion Wing|p1a: Mr. Teatime\n|-supereffective|p1a: Mr. Teatime\n|-damage|p1a: Mr. Teatime|0 fnt\n|-heal|p2a: Yveltal|83\/100|[from] drain|[of] p1a: Mr. Teatime\n|faint|p1a: Mr. Teatime\n|-damage|p2a: Yveltal|73\/100|[from] item: Life Orb\n|move|p1b: Tina|Thunderbolt|p2a: Yveltal\n|-supereffective|p2a: Yveltal\n|-damage|p2a: Yveltal|10\/100\n|\n|upkeep\n|\n|t:|1699728075\n|switch|p2b: Whimsicott|Whimsicott, M|63\/100 par\n|switch|p1a: Chains|Staraptor, M|57\/100 tox\n|-damage|p1a: Chains|32\/100 tox|[from] Stealth Rock\n|-ability|p1a: Chains|Intimidate|boost\n|-unboost|p2a: Yveltal|atk|1\n|-unboost|p2b: Whimsicott|atk|1\n|-enditem|p1a: Chains|Sitrus Berry|[eat]\n|-heal|p1a: Chains|57\/100 tox|[from] item: Sitrus Berry\n|-damage|p2b: Whimsicott|51\/100 par|[from] Stealth Rock\n|-damage|p2b: Whimsicott|26\/100 par|[from] Spikes\n|turn|18\n|c|\u2606Joeyanz|SCARF\n|\n|t:|1699728098\n|move|p2b: Whimsicott|Tailwind|p2b: Whimsicott\n|-sidestart|p2: Joeyanz|move: Tailwind\n|move|p2a: Yveltal|Oblivion Wing|p1a: Chains\n|-damage|p1a: Chains|9\/100 tox\n|-heal|p2a: Yveltal|42\/100|[from] drain|[of] p1a: Chains\n|-damage|p2a: Yveltal|32\/100|[from] item: Life Orb\n|move|p1a: Chains|Pluck|p2b: Whimsicott\n|-supereffective|p2b: Whimsicott\n|-damage|p2b: Whimsicott|0 fnt\n|faint|p2b: Whimsicott\n|move|p1b: Tina|Thunderbolt|p2a: Yveltal\n|-supereffective|p2a: Yveltal\n|-damage|p2a: Yveltal|0 fnt\n|faint|p2a: Yveltal\n|\n|win|OlPatchy2Eyes\n|c|\u2606Joeyanz|Gg\n|c|\u2606OlPatchy2Eyes|From the depths of hell i pulled tthat set\n|c|\u2606OlPatchy2Eyes|Gg mr J\n|c|\u2606OlPatchy2Eyes|Great game despite the connection issues\n|c|\u2606Joeyanz|Damn I hope OW would kill through screen\n|c|\u2606OlPatchy2Eyes|Apologies again for that\n|c|\u2606Joeyanz|Lol yeah this was a long game for only 18 turns \n|c|\u2606Joeyanz|No problem I was having issues as well\n|c|\u2606OlPatchy2Eyes|No kidding lol\n","uploadtime":1699728179,"views":38,"p1id":"olpatchy2eyes","p2id":"joeyanz","formatid":"gen9nationaldexdoubles","rating":0,"private":0,"password":""}