{"id":"dl-gen9nationaldexdoubles-124553","p1":"pbjif","p2":"samsjt","format":"[Gen 9] National Dex Doubles","log":"|j|\u2606pbjif\n|j|\u2606samsjt\n|t:|1701027203\n|gametype|doubles\n|player|p1|pbjif|2|\n|player|p2|samsjt|elesa|\n|teamsize|p1|6\n|teamsize|p2|6\n|gen|9\n|tier|[Gen 9] National Dex Doubles\n|rule|Sleep Clause Mod: Limit one foe put to sleep\n|rule|OHKO Clause: OHKO moves are banned\n|rule|Evasion Moves Clause: Evasion moves are banned\n|rule|Endless Battle Clause: Forcing endless battles is banned\n|rule|HP Percentage Mod: HP is shown in percentages\n|rule|Z-Move Clause: Z-Moves are banned\n|clearpoke\n|poke|p1|Pelipper, F|\n|poke|p1|Qwilfish, M|\n|poke|p1|Latias, F|\n|poke|p1|Scizor, F|\n|poke|p1|Togekiss, F|\n|poke|p1|Arcanine, F|\n|poke|p2|Koraidon|\n|poke|p2|Enamorus, F|\n|poke|p2|Heatran, F|\n|poke|p2|Mew|\n|poke|p2|Kingambit, M|\n|poke|p2|Araquanid, F|\n|teampreview\n|c|\u2606pbjif|glhf\n|c|\u2606samsjt|gl hf\n|j| OlPatchy2Eyes\n|c|\u2606samsjt|oh lmoa\n|c|\u2606samsjt|lmao\n|c|\u2606samsjt|your team updates arent on the doc\n|c|\u2606samsjt|ah well we ball out\n|c|\u2606pbjif|oh fuck\n|c|\u2606pbjif|sorry\n|c|\u2606samsjt|not your fault no worries\n|c|\u2606pbjif|ive been using my own prep doc so i didnt check there\n|l| OlPatchy2Eyes\n|\n|t:|1701027377\n|start\n|switch|p1a: Qwilfish|Qwilfish, M|100\/100\n|switch|p1b: Togekiss|Togekiss, F|100\/100\n|switch|p2a: Pryde|Mew|100\/100\n|switch|p2b: Spaceman Spiff|Araquanid, F|100\/100\n|turn|1\n|\n|t:|1701027393\n|switch|p1b: Pelipper|Pelipper, F|100\/100\n|-weather|RainDance|[from] ability: Drizzle|[of] p1b: Pelipper\n|move|p2a: Pryde|Fake Out|p1b: Pelipper\n|-damage|p1b: Pelipper|90\/100\n|move|p1a: Qwilfish|Spikes|p2a: Pryde\n|-sidestart|p2: samsjt|Spikes\n|move|p2b: Spaceman Spiff|Liquidation|p1b: Pelipper\n|-resisted|p1b: Pelipper\n|-damage|p1b: Pelipper|33\/100\n|\n|-weather|RainDance|[upkeep]\n|-heal|p1b: Pelipper|39\/100|[from] item: Leftovers\n|upkeep\n|turn|2\n|\n|t:|1701027433\n|switch|p2a: Sirocco|Koraidon|100\/100\n|-damage|p2a: Sirocco|88\/100|[from] Spikes\n|-weather|SunnyDay|[from] ability: Orichalcum Pulse|[of] p2a: Sirocco\n|-activate|p2a: Sirocco|Orichalcum Pulse|[source]\n|move|p1b: Pelipper|Protect|p1b: Pelipper\n|-singleturn|p1b: Pelipper|Protect\n|move|p2b: Spaceman Spiff|Protect|p2b: Spaceman Spiff\n|-singleturn|p2b: Spaceman Spiff|Protect\n|move|p1a: Qwilfish|Explosion|p2b: Spaceman Spiff|[spread] p2a\n|-activate|p1b: Pelipper|move: Protect\n|-activate|p2b: Spaceman Spiff|move: Protect\n|-damage|p2a: Sirocco|37\/100\n|faint|p1a: Qwilfish\n|\n|-weather|SunnyDay|[upkeep]\n|-heal|p1b: Pelipper|45\/100|[from] item: Leftovers\n|upkeep\n|c|\u2606samsjt|spikey boom fish lives up to its name\n|c|\u2606pbjif|yes but\n|c|\u2606pbjif|50%\n|c|\u2606pbjif|lmao\n|c|\u2606samsjt|!dt koraidon\n|raw|<div class=\"message\"><ul class=\"utilichart\"><li class=\"result\"><span class=\"col numcol\">DUber<\/span> <span class=\"col iconcol\"><psicon pokemon=\"koraidon\"\/><\/span> <span class=\"col pokemonnamecol\" style=\"white-space:nowrap\"><a href=\"https:\/\/dex.pokemonshowdown.com\/pokemon\/koraidon\" target=\"_blank\">Koraidon<\/a><\/span> <span class=\"col typecol\"><img src=\"https:\/\/play.pokemonshowdown.com\/sprites\/types\/Fighting.png\" alt=\"Fighting\" height=\"14\" width=\"32\"><img src=\"https:\/\/play.pokemonshowdown.com\/sprites\/types\/Dragon.png\" alt=\"Dragon\" height=\"14\" width=\"32\"><\/span> <span style=\"float:left;min-height:26px\"><span class=\"col abilitycol\">Orichalcum Pulse<\/span><span class=\"col abilitycol\"><\/span><\/span><span style=\"float:left;min-height:26px\"><span class=\"col statcol\"><em>HP<\/em><br \/>100<\/span> <span class=\"col statcol\"><em>Atk<\/em><br \/>135<\/span> <span class=\"col statcol\"><em>Def<\/em><br \/>115<\/span> <span class=\"col statcol\"><em>SpA<\/em><br \/>85<\/span> <span class=\"col statcol\"><em>SpD<\/em><br \/>100<\/span> <span class=\"col statcol\"><em>Spe<\/em><br \/>135<\/span> <span class=\"col bstcol\"><em>BST<br \/>670<\/em><\/span> <\/span><\/li><li style=\"clear:both\"><\/li><\/ul><\/div>\n|raw|<font size=\"1\"><font color=\"#686868\">Dex#:<\/font> 1007&nbsp;|&ThickSpace;<font color=\"#686868\">Gen:<\/font> 9&nbsp;|&ThickSpace;<font color=\"#686868\">Height:<\/font> 2.5 m&nbsp;|&ThickSpace;<font color=\"#686868\">Weight:<\/font> 303 kg <em>(120 BP)<\/em>&nbsp;|&ThickSpace;<font color=\"#686868\">Dex Colour:<\/font> Red&nbsp;|&ThickSpace;<font color=\"#686868\">Egg Group(s):<\/font> Undiscovered&nbsp;|&ThickSpace;<font color=\"#686868\">Does Not Evolve<\/font><\/font>\n\n|\n|t:|1701027490\n|switch|p1a: Togekiss|Togekiss, F|100\/100\n|turn|3\n|c|\u2606pbjif|big boi\n|\n|t:|1701027534\n|switch|p2a: Helliond|Heatran, F|100\/100\n|-damage|p2a: Helliond|88\/100|[from] Spikes\n|switch|p1b: Arcanine|Arcanine, F|100\/100\n|switch|p2b: Margot|Enamorus, F|100\/100\n|move|p1a: Togekiss|Tailwind|p1a: Togekiss\n|-sidestart|p1: pbjif|move: Tailwind\n|\n|-weather|SunnyDay|[upkeep]\n|-heal|p2a: Helliond|94\/100|[from] item: Leftovers\n|upkeep\n|turn|4\n|\n|t:|1701027622\n|switch|p1b: Pelipper|Pelipper, F|45\/100\n|-weather|RainDance|[from] ability: Drizzle|[of] p1b: Pelipper\n|move|p2b: Margot|Protect|p2b: Margot\n|-singleturn|p2b: Margot|Protect\n|move|p1a: Togekiss|Follow Me|p1a: Togekiss\n|-singleturn|p1a: Togekiss|move: Follow Me\n|move|p2a: Helliond|Stealth Rock|p1b: Pelipper\n|-sidestart|p1: pbjif|move: Stealth Rock\n|\n|-weather|RainDance|[upkeep]\n|-heal|p1b: Pelipper|51\/100|[from] item: Leftovers\n|-heal|p2a: Helliond|100\/100|[from] item: Leftovers\n|upkeep\n|turn|5\n|c|\u2606pbjif|big misclick\n|c|\u2606pbjif|i had selected the first move\n|c|\u2606pbjif|then calced something\n|c|\u2606samsjt|ah rip\n|c|\u2606pbjif|and forgogt i already picked togekiss move\n|c|\u2606pbjif|lol we ball\n|\n|t:|1701027670\n|move|p2a: Helliond|Protect|p2a: Helliond\n|-singleturn|p2a: Helliond|Protect\n|move|p1a: Togekiss|Follow Me|p1a: Togekiss\n|-singleturn|p1a: Togekiss|move: Follow Me\n|move|p1b: Pelipper|Hurricane|p2b: Margot\n|-damage|p2b: Margot|41\/100\n|move|p2b: Margot|Moonblast|p1a: Togekiss\n|-damage|p1a: Togekiss|51\/100\n|\n|-weather|RainDance|[upkeep]\n|-heal|p1b: Pelipper|58\/100|[from] item: Leftovers\n|upkeep\n|turn|6\n|\n|t:|1701027743\n|switch|p2a: Sirocco|Koraidon|37\/100\n|-damage|p2a: Sirocco|25\/100|[from] Spikes\n|-weather|SunnyDay|[from] ability: Orichalcum Pulse|[of] p2a: Sirocco\n|-activate|p2a: Sirocco|Orichalcum Pulse|[source]\n|move|p2b: Margot|Protect|p2b: Margot\n|-singleturn|p2b: Margot|Protect\n|move|p1b: Pelipper|Scald|p2a: Sirocco\n|-resisted|p2a: Sirocco\n|-damage|p2a: Sirocco|16\/100\n|move|p1a: Togekiss|Air Slash|p2b: Margot\n|-activate|p2b: Margot|move: Protect\n|\n|-weather|SunnyDay|[upkeep]\n|-heal|p1b: Pelipper|64\/100|[from] item: Leftovers\n|-sideend|p1: pbjif|move: Tailwind\n|upkeep\n|turn|7\n|\n|t:|1701027764\n|switch|p1b: Scizor|Scizor, F|100\/100\n|-damage|p1b: Scizor|88\/100|[from] Stealth Rock\n|switch|p1a: Arcanine|Arcanine, F|100\/100\n|-damage|p1a: Arcanine|76\/100|[from] Stealth Rock\n|move|p2a: Sirocco|Flare Blitz|p1a: Arcanine\n|-start|p1a: Arcanine|ability: Flash Fire\n|move|p2b: Margot|Moonblast|p1b: Scizor\n|-resisted|p1b: Scizor\n|-damage|p1b: Scizor|42\/100\n|-enditem|p1b: Scizor|Sitrus Berry|[eat]\n|-heal|p1b: Scizor|67\/100|[from] item: Sitrus Berry\n|\n|-weather|SunnyDay|[upkeep]\n|upkeep\n|turn|8\n|\n|t:|1701027804\n|move|p1b: Scizor|Protect|p1b: Scizor\n|-singleturn|p1b: Scizor|Protect\n|move|p2a: Sirocco|Close Combat|p1a: Arcanine\n|-damage|p1a: Arcanine|0 fnt\n|-unboost|p2a: Sirocco|def|1\n|-unboost|p2a: Sirocco|spd|1\n|faint|p1a: Arcanine\n|move|p2b: Margot|Earth Power|p1b: Scizor\n|-activate|p1b: Scizor|move: Protect\n|\n|-weather|SunnyDay|[upkeep]\n|upkeep\n|\n|t:|1701027815\n|switch|p1a: Latias|Latias, F|100\/100\n|-damage|p1a: Latias|88\/100|[from] Stealth Rock\n|turn|9\n|j| OlPatchy2Eyes\n|\n|t:|1701027848\n|switch|p2a: Helliond|Heatran, F|100\/100\n|-damage|p2a: Helliond|88\/100|[from] Spikes\n|move|p2b: Margot|Protect|p2b: Margot\n|-singleturn|p2b: Margot|Protect\n|move|p1b: Scizor|Bullet Punch|p2a: Helliond\n|-resisted|p2a: Helliond\n|-damage|p2a: Helliond|80\/100\n|move|p1a: Latias|Psyshock|p2b: Margot\n|-activate|p2b: Margot|move: Protect\n|\n|-weather|SunnyDay|[upkeep]\n|-heal|p2a: Helliond|87\/100|[from] item: Leftovers\n|upkeep\n|turn|10\n|l| OlPatchy2Eyes\n|\n|t:|1701027881\n|switch|p2b: Dan Heo Sr|Kingambit, M|100\/100\n|-damage|p2b: Dan Heo Sr|88\/100|[from] Spikes\n|switch|p2a: Spaceman Spiff|Araquanid, F|100\/100\n|-damage|p2a: Spaceman Spiff|88\/100|[from] Spikes\n|move|p1b: Scizor|Protect|p1b: Scizor\n|-singleturn|p1b: Scizor|Protect\n|move|p1a: Latias|Aura Sphere|p2a: Spaceman Spiff\n|-resisted|p2a: Spaceman Spiff\n|-damage|p2a: Spaceman Spiff|79\/100\n|\n|-weather|none\n|upkeep\n|turn|11\n|\n|t:|1701027892\n|-terastallize|p1a: Latias|Fire\n|move|p2b: Dan Heo Sr|Sucker Punch|p1a: Latias\n|-damage|p1a: Latias|46\/100\n|-enditem|p1a: Latias|Sitrus Berry|[eat]\n|-heal|p1a: Latias|71\/100|[from] item: Sitrus Berry\n|move|p1a: Latias|Aura Sphere|p2b: Dan Heo Sr\n|-supereffective|p2b: Dan Heo Sr\n|-damage|p2b: Dan Heo Sr|21\/100\n|move|p1b: Scizor|Dual Wingbeat|p2a: Spaceman Spiff\n|-supereffective|p2a: Spaceman Spiff\n|-damage|p2a: Spaceman Spiff|32\/100\n|-supereffective|p2a: Spaceman Spiff\n|-damage|p2a: Spaceman Spiff|0 fnt\n|faint|p2a: Spaceman Spiff\n|-hitcount|p2: Spaceman Spiff|2\n|\n|upkeep\n|j| OlPatchy2Eyes\n|\n|t:|1701027962\n|switch|p2a: Sirocco|Koraidon|16\/100\n|-damage|p2a: Sirocco|4\/100|[from] Spikes\n|-weather|SunnyDay|[from] ability: Orichalcum Pulse|[of] p2a: Sirocco\n|-activate|p2a: Sirocco|Orichalcum Pulse|[source]\n|turn|12\n|l| OlPatchy2Eyes\n|\n|t:|1701028000\n|move|p2a: Sirocco|Protect|p2a: Sirocco\n|-singleturn|p2a: Sirocco|Protect\n|move|p1b: Scizor|Bullet Punch|p2a: Sirocco\n|-activate|p2a: Sirocco|move: Protect\n|move|p2b: Dan Heo Sr|Sucker Punch||[still]\n|-fail|p2b: Dan Heo Sr\n|move|p1a: Latias|Calm Mind|p1a: Latias\n|-boost|p1a: Latias|spa|1\n|-boost|p1a: Latias|spd|1\n|\n|-weather|SunnyDay|[upkeep]\n|upkeep\n|turn|13\n|\n|t:|1701028037\n|move|p2a: Sirocco|Protect||[still]\n|-fail|p2a: Sirocco\n|move|p1a: Latias|Protect|p1a: Latias\n|-singleturn|p1a: Latias|Protect\n|move|p1b: Scizor|Bullet Punch|p2a: Sirocco\n|-damage|p2a: Sirocco|0 fnt\n|faint|p2a: Sirocco\n|move|p2b: Dan Heo Sr|Sucker Punch||[still]\n|-fail|p2b: Dan Heo Sr\n|\n|-weather|SunnyDay|[upkeep]\n|upkeep\n|\n|t:|1701028098\n|switch|p2a: Pryde|Mew|100\/100\n|-damage|p2a: Pryde|88\/100|[from] Spikes\n|turn|14\n|\n|t:|1701028120\n|move|p2b: Dan Heo Sr|Protect|p2b: Dan Heo Sr\n|-singleturn|p2b: Dan Heo Sr|Protect\n|move|p1a: Latias|Calm Mind|p1a: Latias\n|-boost|p1a: Latias|spa|1\n|-boost|p1a: Latias|spd|1\n|move|p2a: Pryde|Life Dew|p2a: Pryde|[spread] p2a,p2b\n|-heal|p2a: Pryde|100\/100\n|-heal|p2b: Dan Heo Sr|46\/100\n|move|p1b: Scizor|Close Combat|p2b: Dan Heo Sr\n|-activate|p2b: Dan Heo Sr|move: Protect\n|\n|-weather|SunnyDay|[upkeep]\n|upkeep\n|turn|15\n|\n|t:|1701028149\n|move|p2b: Dan Heo Sr|Sucker Punch||[still]\n|-fail|p2b: Dan Heo Sr\n|move|p1a: Latias|Calm Mind|p1a: Latias\n|-boost|p1a: Latias|spa|1\n|-boost|p1a: Latias|spd|1\n|move|p2a: Pryde|Flamethrower|p1b: Scizor\n|-supereffective|p1b: Scizor\n|-damage|p1b: Scizor|0 fnt\n|faint|p1b: Scizor\n|\n|-weather|SunnyDay|[upkeep]\n|upkeep\n|\n|t:|1701028155\n|switch|p1b: Togekiss|Togekiss, F|51\/100\n|-damage|p1b: Togekiss|26\/100|[from] Stealth Rock\n|-enditem|p1b: Togekiss|Sitrus Berry|[eat]\n|-heal|p1b: Togekiss|51\/100|[from] item: Sitrus Berry\n|turn|16\n|c|\u2606pbjif|ive been assuming that gambit was av this whole time damn\n|c|\u2606pbjif|what has that boy been eating\n|c|\u2606samsjt|he eats his wheaties every day\n|\n|t:|1701028198\n|move|p1b: Togekiss|Follow Me|p1b: Togekiss\n|-singleturn|p1b: Togekiss|move: Follow Me\n|move|p2b: Dan Heo Sr|Sucker Punch||[still]\n|-fail|p2b: Dan Heo Sr\n|move|p1a: Latias|Aura Sphere|p2b: Dan Heo Sr\n|-supereffective|p2b: Dan Heo Sr\n|-damage|p2b: Dan Heo Sr|0 fnt\n|faint|p2b: Dan Heo Sr\n|-end|p2b: Dan Heo Sr|fallenundefined|[silent]\n|move|p2a: Pryde|Ice Beam|p1b: Togekiss\n|-supereffective|p1b: Togekiss\n|-damage|p1b: Togekiss|7\/100\n|\n|-weather|none\n|upkeep\n|c|\u2606samsjt|and drinks his orange juice\n|\n|t:|1701028217\n|switch|p2b: Margot|Enamorus, F|41\/100\n|turn|17\n|c|\u2606samsjt|gg tho\n|\n|t:|1701028233\n|move|p1a: Latias|Psyshock|p2b: Margot\n|-damage|p2b: Margot|0 fnt\n|faint|p2b: Margot\n|move|p2a: Pryde|Ice Beam|p1b: Togekiss\n|-supereffective|p1b: Togekiss\n|-damage|p1b: Togekiss|0 fnt\n|faint|p1b: Togekiss\n|\n|upkeep\n|c|\u2606pbjif|yeah, i think thats it\n|\n|t:|1701028240\n|switch|p2b: Helliond|Heatran, F|87\/100\n|switch|p1b: Pelipper|Pelipper, F|64\/100\n|-damage|p1b: Pelipper|39\/100|[from] Stealth Rock\n|-weather|RainDance|[from] ability: Drizzle|[of] p1b: Pelipper\n|-damage|p2b: Helliond|74\/100|[from] Spikes\n|turn|18\n|\n|t:|1701028278\n|move|p1a: Latias|Psyshock|p2a: Pryde\n|-resisted|p2a: Pryde\n|-damage|p2a: Pryde|56\/100\n|move|p2a: Pryde|Ice Beam|p1b: Pelipper\n|-damage|p1b: Pelipper|0 fnt\n|faint|p1b: Pelipper\n|move|p2b: Helliond|Flamethrower|p1a: Latias\n|-resisted|p1a: Latias\n|-damage|p1a: Latias|67\/100\n|\n|-weather|RainDance|[upkeep]\n|-heal|p2a: Pryde|62\/100|[from] item: Leftovers\n|-heal|p2b: Helliond|80\/100|[from] item: Leftovers\n|upkeep\n|turn|19\n|\n|t:|1701028291\n|move|p1a: Latias|Psyshock|p2a: Pryde\n|-resisted|p2a: Pryde\n|-damage|p2a: Pryde|16\/100\n|move|p2a: Pryde|Life Dew|p2a: Pryde|[spread] p2a,p2b\n|-heal|p2a: Pryde|41\/100\n|-heal|p2b: Helliond|100\/100\n|move|p2b: Helliond|Flamethrower|p1a: Latias\n|-resisted|p1a: Latias\n|-damage|p1a: Latias|64\/100\n|\n|-weather|RainDance|[upkeep]\n|-heal|p2a: Pryde|47\/100|[from] item: Leftovers\n|upkeep\n|turn|20\n|c|\u2606samsjt|ok big damage\n|c|\u2606samsjt|u got this heatran\n|\n|t:|1701028308\n|move|p1a: Latias|Psyshock|p2a: Pryde\n|-resisted|p2a: Pryde\n|-damage|p2a: Pryde|6\/100\n|move|p2a: Pryde|Life Dew||[still]|[spread] p2a,p2b\n|-heal|p2a: Pryde|31\/100\n|-fail|p2b: Helliond|heal\n|move|p2b: Helliond|Flamethrower|p1a: Latias\n|-resisted|p1a: Latias\n|-damage|p1a: Latias|61\/100\n|\n|-weather|RainDance|[upkeep]\n|-heal|p2a: Pryde|38\/100|[from] item: Leftovers\n|upkeep\n|turn|21\n|\n|t:|1701028317\n|move|p1a: Latias|Psyshock|p2a: Pryde\n|-resisted|p2a: Pryde\n|-damage|p2a: Pryde|0 fnt\n|faint|p2a: Pryde\n|move|p2b: Helliond|Flamethrower|p1a: Latias\n|-resisted|p1a: Latias\n|-damage|p1a: Latias|58\/100\n|\n|-weather|RainDance|[upkeep]\n|upkeep\n|turn|22\n|c|\u2606pbjif|coward\n|c|\u2606pbjif|should've gone for freeze\n|c|\u2606samsjt|i think flamethrower thaws doesnt it\n|c|\u2606pbjif|oh yeah\n|\n|t:|1701028350\n|move|p1a: Latias|Aura Sphere|p2b: Helliond\n|-supereffective|p2b: Helliond\n|-damage|p2b: Helliond|20\/100\n|move|p2b: Helliond|Flamethrower|p1a: Latias\n|-resisted|p1a: Latias\n|-damage|p1a: Latias|54\/100\n|\n|-weather|none\n|-heal|p2b: Helliond|26\/100|[from] item: Leftovers\n|upkeep\n|turn|23\n|\n|t:|1701028354\n|-terastallize|p2b: Helliond|Grass\n|move|p1a: Latias|Aura Sphere|p2b: Helliond\n|-damage|p2b: Helliond|0 fnt\n|faint|p2b: Helliond\n|\n|win|pbjif\n|c|\u2606samsjt|gg\n|c|\u2606pbjif|was that heatrans only move?\n|c|\u2606pbjif|gg\n|c|\u2606samsjt|lmao\n|c|\u2606samsjt|no the other was earth power\n|c|\u2606samsjt|so uh\n|c|\u2606samsjt|no good vs lati\n|c|\u2606pbjif|i see, yeah\n|c|\u2606pbjif|lati pulled that game out of my ass for me\n|c|\u2606pbjif|ngl, i did not deserve that one\n|c|\u2606pbjif|especially with you prepping for another team\n","uploadtime":1701028385,"views":32,"p1id":"pbjif","p2id":"samsjt","formatid":"gen9nationaldexdoubles","rating":0,"private":0,"password":""}