{"id":"dl-gen9nationaldexdoubles-123809","p1":"FumitoBR","p2":"GurenDLotus","format":"[Gen 9] National Dex Doubles","log":"|j|\u2606FumitoBR\n|j|\u2606GurenDLotus\n|t:|1700858835\n|gametype|doubles\n|player|p1|FumitoBR|102|\n|player|p2|GurenDLotus|101|\n|teamsize|p1|6\n|teamsize|p2|6\n|gen|9\n|tier|[Gen 9] National Dex Doubles\n|rule|Sleep Clause Mod: Limit one foe put to sleep\n|rule|OHKO Clause: OHKO moves are banned\n|rule|Evasion Moves Clause: Evasion moves are banned\n|rule|Endless Battle Clause: Forcing endless battles is banned\n|rule|HP Percentage Mod: HP is shown in percentages\n|rule|Z-Move Clause: Z-Moves are banned\n|clearpoke\n|poke|p1|Chi-Yu|\n|poke|p1|Serperior, F|\n|poke|p1|Urshifu-*, F|\n|poke|p1|Illumise, F|\n|poke|p1|Staraptor, M|\n|poke|p1|Koffing, F|\n|poke|p2|Amoonguss, M|\n|poke|p2|Salamence, M|\n|poke|p2|Tyranitar, M|\n|poke|p2|Excadrill, M|\n|poke|p2|Hariyama, M|\n|poke|p2|Goodra, F|\n|teampreview\n|c|\u2606GurenDLotus|among water\n|c|\u2606GurenDLotus|sala dragon\n|c|\u2606GurenDLotus|ttar fairy\n|c|\u2606GurenDLotus|exca ground\n|c|\u2606GurenDLotus|hari fight\n|c|\u2606FumitoBR|chi yu grass\/serp flying\/urshi water\/illumise fighting\/staraptor flying\/koffing water\n|c|\u2606GurenDLotus|e goodra dragon\n|c|\u2606GurenDLotus|parece q tem uma op\u00e7\u00e3o de draft q o tera ja fica mostrando \n|c|\u2606GurenDLotus|bom jogo ai men\n|c|\u2606FumitoBR|bom jogo!\n|\n|t:|1700858924\n|start\n|switch|p1a: Chi-Yu|Chi-Yu|100\/100\n|switch|p1b: Serperior|Serperior, F|100\/100\n|switch|p2a: Midgard|Tyranitar, M|100\/100\n|switch|p2b: Logan|Excadrill, M|100\/100\n|-ability|p1a: Chi-Yu|Beads of Ruin\n|-weather|Sandstorm|[from] ability: Sand Stream|[of] p2a: Midgard\n|turn|1\n|\n|t:|1700858955\n|switch|p2a: Doragon|Salamence, M|100\/100\n|-ability|p2a: Doragon|Intimidate|boost\n|-unboost|p1a: Chi-Yu|atk|1\n|-boost|p1b: Serperior|atk|1\n|move|p1a: Chi-Yu|Protect|p1a: Chi-Yu\n|-singleturn|p1a: Chi-Yu|Protect\n|move|p2b: Logan|Earthquake|p1a: Chi-Yu|[spread] p1b\n|-activate|p1a: Chi-Yu|move: Protect\n|-immune|p2a: Doragon\n|-resisted|p1b: Serperior\n|-damage|p1b: Serperior|61\/100\n|move|p1b: Serperior|Leaf Storm|p2b: Logan\n|-damage|p2b: Logan|21\/100\n|-boost|p1b: Serperior|spa|2\n|\n|-weather|Sandstorm|[upkeep]\n|-damage|p1b: Serperior|55\/100|[from] Sandstorm\n|-damage|p2a: Doragon|94\/100|[from] Sandstorm\n|-damage|p1a: Chi-Yu|95\/100|[from] Sandstorm\n|upkeep\n|turn|2\n|\n|t:|1700858996\n|switch|p2b: Golinda|Goodra, F|100\/100\n|switch|p1a: Illumise|Illumise, F|100\/100\n|move|p1b: Serperior|Protect|p1b: Serperior\n|-singleturn|p1b: Serperior|Protect\n|move|p2a: Doragon|Draco Meteor|p1b: Serperior\n|-activate|p1b: Serperior|move: Protect\n|\n|-weather|Sandstorm|[upkeep]\n|-damage|p1b: Serperior|49\/100|[from] Sandstorm\n|-damage|p2a: Doragon|88\/100|[from] Sandstorm\n|-damage|p1a: Illumise|95\/100|[from] Sandstorm\n|-damage|p2b: Golinda|94\/100|[from] Sandstorm\n|upkeep\n|turn|3\n|\n|t:|1700859019\n|move|p1a: Illumise|Tailwind|p1a: Illumise\n|-sidestart|p1: FumitoBR|move: Tailwind\n|move|p1b: Serperior|Dragon Pulse|p2a: Doragon\n|-supereffective|p2a: Doragon\n|-damage|p2a: Doragon|0 fnt\n|faint|p2a: Doragon\n|move|p2b: Golinda|Sludge Bomb|p1b: Serperior\n|-supereffective|p1b: Serperior\n|-damage|p1b: Serperior|0 fnt\n|faint|p1b: Serperior\n|\n|-weather|Sandstorm|[upkeep]\n|-damage|p1a: Illumise|89\/100|[from] Sandstorm\n|-damage|p2b: Golinda|88\/100|[from] Sandstorm\n|upkeep\n|\n|t:|1700859032\n|switch|p1b: Urshifu|Urshifu-Rapid-Strike, F|100\/100\n|switch|p2a: Midgard|Tyranitar, M|100\/100\n|turn|4\n|\n|t:|1700859046\n|-terastallize|p2a: Midgard|Fairy\n|move|p1a: Illumise|Encore|p2b: Golinda\n|-start|p2b: Golinda|Encore\n|move|p1b: Urshifu|Surging Strikes|p2a: Midgard\n|-crit|p2a: Midgard\n|-damage|p2a: Midgard|85\/100\n|-crit|p2a: Midgard\n|-damage|p2a: Midgard|70\/100\n|-crit|p2a: Midgard\n|-damage|p2a: Midgard|55\/100\n|-hitcount|p2a: Midgard|3\n|move|p2b: Golinda|Sludge Bomb|p1b: Urshifu\n|-damage|p1b: Urshifu|61\/100\n|-status|p1b: Urshifu|psn\n|move|p2a: Midgard|Stealth Rock|p1b: Urshifu\n|-sidestart|p1: FumitoBR|move: Stealth Rock\n|\n|-weather|Sandstorm|[upkeep]\n|-damage|p1a: Illumise|83\/100|[from] Sandstorm\n|-damage|p2b: Golinda|82\/100|[from] Sandstorm\n|-damage|p2a: Midgard|49\/100|[from] Sandstorm\n|-enditem|p2a: Midgard|Sitrus Berry|[eat]\n|-heal|p2a: Midgard|74\/100|[from] item: Sitrus Berry\n|-damage|p1b: Urshifu|49\/100 psn|[from] psn\n|upkeep\n|turn|5\n|\n|t:|1700859077\n|switch|p2b: Jonny Dummy|Amoonguss, M|100\/100\n|move|p1a: Illumise|Encore|p2a: Midgard\n|-start|p2a: Midgard|Encore\n|move|p1b: Urshifu|Ice Punch|p2b: Jonny Dummy\n|-supereffective|p2b: Jonny Dummy\n|-damage|p2b: Jonny Dummy|54\/100\n|-damage|p1b: Urshifu|33\/100 psn|[from] item: Rocky Helmet|[of] p2b: Jonny Dummy\n|move|p2a: Midgard|Stealth Rock||[still]\n|-fail|p2a: Midgard\n|\n|-weather|none\n|-damage|p1b: Urshifu|20\/100 psn|[from] psn\n|upkeep\n|turn|6\n|\n|t:|1700859129\n|switch|p2a: Golinda|Goodra, F|82\/100\n|switch|p2b: Odama|Hariyama, M|100\/100\n|move|p1a: Illumise|Helping Hand|p1b: Urshifu\n|-singleturn|p1b: Urshifu|Helping Hand|[of] p1a: Illumise\n|move|p1b: Urshifu|Ice Punch|p2b: Odama\n|-damage|p2b: Odama|63\/100\n|\n|-damage|p1b: Urshifu|8\/100 psn|[from] psn\n|-sideend|p1: FumitoBR|move: Tailwind\n|-status|p2b: Odama|brn|[from] item: Flame Orb\n|upkeep\n|turn|7\n|\n|t:|1700859154\n|switch|p1b: Koffing|Koffing, F|100\/100\n|-ability|p1b: Koffing|Neutralizing Gas\n|-damage|p1b: Koffing|88\/100|[from] Stealth Rock\n|move|p2b: Odama|Fake Out|p1b: Koffing\n|-damage|p1b: Koffing|82\/100\n|move|p1a: Illumise|Tailwind|p1a: Illumise\n|-sidestart|p1: FumitoBR|move: Tailwind\n|move|p2a: Golinda|Dragon Pulse|p1a: Illumise\n|-damage|p1a: Illumise|39\/100\n|\n|-damage|p2b: Odama|57\/100 brn|[from] brn\n|upkeep\n|turn|8\n|\n|t:|1700859181\n|switch|p2b: Midgard|Tyranitar, M, tera:Fairy|74\/100\n|move|p1a: Illumise|Encore||[still]\n|-fail|p1a: Illumise\n|move|p1b: Koffing|Will-O-Wisp|p2a: Golinda\n|-status|p2a: Golinda|brn\n|move|p2a: Golinda|Dragon Pulse|p1a: Illumise\n|-damage|p1a: Illumise|0 fnt\n|faint|p1a: Illumise\n|\n|-damage|p2a: Golinda|75\/100 brn|[from] brn\n|upkeep\n|\n|t:|1700859203\n|switch|p1a: Chi-Yu|Chi-Yu|95\/100\n|-damage|p1a: Chi-Yu|70\/100|[from] Stealth Rock\n|turn|9\n|\n|t:|1700859219\n|switch|p2b: Jonny Dummy|Amoonguss, M|87\/100\n|move|p1a: Chi-Yu|Heat Wave|p2b: Jonny Dummy|[spread] p2a,p2b\n|-resisted|p2a: Golinda\n|-supereffective|p2b: Jonny Dummy\n|-damage|p2a: Golinda|68\/100 brn\n|-damage|p2b: Jonny Dummy|26\/100\n|move|p1b: Koffing|Will-O-Wisp|p2b: Jonny Dummy\n|-status|p2b: Jonny Dummy|brn\n|move|p2a: Golinda|Dragon Pulse|p1a: Chi-Yu\n|-damage|p1a: Chi-Yu|23\/100\n|\n|-damage|p2a: Golinda|61\/100 brn|[from] brn\n|-damage|p2b: Jonny Dummy|20\/100 brn|[from] brn\n|upkeep\n|turn|10\n|\n|t:|1700859252\n|-end|p1b: Koffing|ability: Neutralizing Gas\n|-ability|p1a: Chi-Yu|Beads of Ruin\n|switch|p1b: Urshifu|Urshifu-Rapid-Strike, F|8\/100 psn\n|-damage|p1b: Urshifu|2\/100 psn|[from] Stealth Rock\n|switch|p2b: Odama|Hariyama, M|57\/100 brn\n|move|p1a: Chi-Yu|Protect|p1a: Chi-Yu\n|-singleturn|p1a: Chi-Yu|Protect\n|move|p2a: Golinda|Dragon Pulse|p1a: Chi-Yu\n|-activate|p1a: Chi-Yu|move: Protect\n|\n|-damage|p1b: Urshifu|0 fnt|[from] psn\n|faint|p1b: Urshifu\n|-damage|p2a: Golinda|55\/100 brn|[from] brn\n|-damage|p2b: Odama|51\/100 brn|[from] brn\n|-sideend|p1: FumitoBR|move: Tailwind\n|upkeep\n|\n|t:|1700859259\n|switch|p1b: Staraptor|Staraptor, M|100\/100\n|-damage|p1b: Staraptor|76\/100|[from] Stealth Rock\n|-ability|p1b: Staraptor|Intimidate|boost\n|-unboost|p2a: Golinda|atk|1\n|-unboost|p2b: Odama|atk|1\n|turn|11\n|\n|t:|1700859291\n|move|p1a: Chi-Yu|Protect||[still]\n|-fail|p1a: Chi-Yu\n|move|p2b: Odama|Fake Out|p1b: Staraptor\n|-crit|p1b: Staraptor\n|-damage|p1b: Staraptor|32\/100\n|cant|p1b: Staraptor|flinch\n|move|p2a: Golinda|Dragon Pulse|p1a: Chi-Yu\n|-damage|p1a: Chi-Yu|0 fnt\n|faint|p1a: Chi-Yu\n|\n|-damage|p2a: Golinda|49\/100 brn|[from] brn\n|-damage|p2b: Odama|45\/100 brn|[from] brn\n|upkeep\n|\n|t:|1700859294\n|switch|p1a: Koffing|Koffing, F|82\/100\n|-ability|p1a: Koffing|Neutralizing Gas\n|-damage|p1a: Koffing|70\/100|[from] Stealth Rock\n|turn|12\n|\n|t:|1700859311\n|move|p2b: Odama|Bullet Punch|p1b: Staraptor\n|-damage|p1b: Staraptor|25\/100\n|move|p1b: Staraptor|Brave Bird|p2b: Odama\n|-supereffective|p2b: Odama\n|-damage|p2b: Odama|0 fnt\n|faint|p2b: Odama\n|-damage|p1b: Staraptor|4\/100|[from] Recoil\n|move|p2a: Golinda|Dragon Pulse|p1a: Koffing\n|-damage|p1a: Koffing|36\/100\n|move|p1a: Koffing|Flamethrower|p2a: Golinda\n|-resisted|p2a: Golinda\n|-damage|p2a: Golinda|46\/100 brn\n|\n|-damage|p2a: Golinda|40\/100 brn|[from] brn\n|upkeep\n|\n|t:|1700859329\n|switch|p2b: Jonny Dummy|Amoonguss, M|54\/100 brn\n|turn|13\n|\n|t:|1700859341\n|move|p1b: Staraptor|Protect|p1b: Staraptor\n|-singleturn|p1b: Staraptor|Protect\n|move|p2b: Jonny Dummy|Rage Powder|p2b: Jonny Dummy\n|-singleturn|p2b: Jonny Dummy|move: Rage Powder\n|move|p2a: Golinda|Dragon Pulse|p1a: Koffing\n|-damage|p1a: Koffing|2\/100\n|move|p1a: Koffing|Flamethrower|p2b: Jonny Dummy\n|-supereffective|p2b: Jonny Dummy\n|-damage|p2b: Jonny Dummy|30\/100 brn\n|\n|-damage|p2a: Golinda|33\/100 brn|[from] brn\n|-damage|p2b: Jonny Dummy|24\/100 brn|[from] brn\n|upkeep\n|turn|14\n|\n|t:|1700859366\n|move|p2b: Jonny Dummy|Rage Powder|p2b: Jonny Dummy\n|-singleturn|p2b: Jonny Dummy|move: Rage Powder\n|move|p1b: Staraptor|Close Combat|p2b: Jonny Dummy\n|-resisted|p2b: Jonny Dummy\n|-damage|p2b: Jonny Dummy|6\/100 brn\n|-unboost|p1b: Staraptor|def|1\n|-unboost|p1b: Staraptor|spd|1\n|-damage|p1b: Staraptor|0 fnt|[from] item: Rocky Helmet|[of] p2b: Jonny Dummy\n|faint|p1b: Staraptor\n|move|p2a: Golinda|Thunderbolt|p1a: Koffing\n|-damage|p1a: Koffing|0 fnt\n|faint|p1a: Koffing\n|-end|p1a: Koffing|ability: Neutralizing Gas\n|\n|win|GurenDLotus\n|c|\u2606FumitoBR|gg\n|c|\u2606GurenDLotus|gg\n","uploadtime":1700859388,"views":7,"p1id":"fumitobr","p2id":"gurendlotus","formatid":"gen9nationaldexdoubles","rating":0,"private":0,"password":""}