{"id":"dl-gen9nationaldexdoubles-110056","p1":"OlPatchy2Eyes","p2":"Lerntasse","format":"[Gen 9] National Dex Doubles","log":"|j|\u2606OlPatchy2Eyes\n|j|\u2606Lerntasse\n|t:|1697406580\n|gametype|doubles\n|player|p1|OlPatchy2Eyes|emmet|\n|player|p2|Lerntasse|hiker-gen4|\n|teamsize|p1|6\n|teamsize|p2|6\n|gen|9\n|tier|[Gen 9] National Dex Doubles\n|rule|Sleep Clause Mod: Limit one foe put to sleep\n|rule|OHKO Clause: OHKO moves are banned\n|rule|Evasion Moves Clause: Evasion moves are banned\n|rule|Endless Battle Clause: Forcing endless battles is banned\n|rule|HP Percentage Mod: HP is shown in percentages\n|rule|Z-Move Clause: Z-Moves are banned\n|clearpoke\n|poke|p1|Luxray, M|\n|poke|p1|Giratina-Origin|\n|poke|p1|Jigglypuff, F|\n|poke|p1|Sneasler, F|\n|poke|p1|Sinistcha|\n|poke|p1|Ting-Lu|\n|poke|p2|Primeape, M|\n|poke|p2|Crabominable, M|\n|poke|p2|Kyogre|\n|poke|p2|Tinkaton, F|\n|poke|p2|Wyrdeer, M|\n|poke|p2|Kyurem|\n|teampreview\n|j| WallyBake\n|j| istanbuldayim_406\n|c| istanbuldayim_406|timer\n|j| Rune9145\n|c|\u2606Lerntasse|zzzzzzzzzzzzzzzz\n|c|\u2606Lerntasse|pick mons\n|c|\u2606Lerntasse|loser\n|c|\u2606Lerntasse|??????????????????\n|j| WarbuffII\n|inactive|Battle timer is ON: inactive players will automatically lose when time's up. (requested by Lerntasse)\n|inactiveoff|Battle timer is now OFF.\n|c| WarbuffII|PICK \n|c| WarbuffII|GOGOGOGOGOGOGO\n|c| WarbuffII|GOGOGOGOGGOGO\n|c| WarbuffII|GOGOGOGOGGO\n|c|\u2606Lerntasse|MAX SCARED\n|c|\u2606Lerntasse|TOO SCARED TO PICK\n|c|\u2606Lerntasse|MAX\n|c|\u2606Lerntasse|PICK\n|c|\u2606Lerntasse|PLEASE\n|\n|t:|1697406715\n|start\n|switch|p1a: Tina|Giratina-Origin, shiny|100\/100\n|switch|p1b: Wrath|Jigglypuff, F|100\/100\n|switch|p2a: Track Hog|Primeape, M|100\/100\n|switch|p2b: Soft Paws|Crabominable, M|100\/100\n|turn|1\n|\n|t:|1697406766\n|move|p1b: Wrath|Ally Switch|p1b: Wrath\n|swap|p1b: Wrath|0|[from] move: Ally Switch\n|move|p2a: Track Hog|Bulk Up|p2a: Track Hog\n|-boost|p2a: Track Hog|atk|1\n|-boost|p2a: Track Hog|def|1\n|move|p1b: Tina|Dragon Pulse|p2a: Track Hog\n|-damage|p2a: Track Hog|56\/100\n|move|p2b: Soft Paws|Frost Breath|p2a: Track Hog\n|-crit|p2a: Track Hog\n|-damage|p2a: Track Hog|42\/100\n|-setboost|p2a: Track Hog|atk|6|[from] ability: Anger Point\n|\n|upkeep\n|turn|2\n|\n|t:|1697406836\n|switch|p1b: Wiggums|Luxray, M, shiny|100\/100\n|-ability|p1b: Wiggums|Intimidate|boost\n|-unboost|p2a: Track Hog|atk|1\n|-fail|p2b: Soft Paws|unboost|Attack|[from] ability: Hyper Cutter|[of] p2b: Soft Paws\n|-terastallize|p2a: Track Hog|Ghost\n|move|p1a: Wrath|Protect|p1a: Wrath\n|-singleturn|p1a: Wrath|Protect\n|move|p2a: Track Hog|Rage Fist|p1b: Wiggums\n|-damage|p1b: Wiggums|0 fnt\n|faint|p1b: Wiggums\n|move|p2b: Soft Paws|Ice Hammer|p1a: Wrath\n|-activate|p1a: Wrath|move: Protect\n|\n|upkeep\n|\n|t:|1697406847\n|switch|p1b: Mean Girl Bully|Sneasler, F|100\/100\n|turn|3\n|\n|t:|1697406890\n|switch|p2b: Tinkaton|Tinkaton, F|100\/100\n|-ability|p2b: Tinkaton|Mold Breaker\n|switch|p1a: Tina|Giratina-Origin, shiny|100\/100\n|move|p1b: Mean Girl Bully|Endure|p1b: Mean Girl Bully\n|-singleturn|p1b: Mean Girl Bully|move: Endure\n|move|p2a: Track Hog|Protect||[still]\n|-fail|p2a: Track Hog\n|\n|upkeep\n|turn|4\n|\n|t:|1697406957\n|switch|p1b: Bowlwark|Ting-Lu|100\/100\n|-ability|p1b: Bowlwark|Vessel of Ruin\n|switch|p1a: Wrath|Jigglypuff, F|100\/100\n|move|p2b: Tinkaton|Fake Out|p1b: Bowlwark\n|-damage|p1b: Bowlwark|95\/100\n|move|p2a: Track Hog|Drain Punch|p1b: Bowlwark\n|-supereffective|p1b: Bowlwark\n|-damage|p1b: Bowlwark|11\/100\n|-heal|p2a: Track Hog|98\/100|[from] drain|[of] p1b: Bowlwark\n|\n|upkeep\n|turn|5\n|\n|t:|1697406998\n|move|p1a: Wrath|Ally Switch|p1a: Wrath\n|swap|p1a: Wrath|1|[from] move: Ally Switch\n|move|p2a: Track Hog|Drain Punch|p1a: Bowlwark\n|-supereffective|p1a: Bowlwark\n|-damage|p1a: Bowlwark|0 fnt\n|-heal|p2a: Track Hog|100\/100|[from] drain|[of] p1a: Bowlwark\n|faint|p1a: Bowlwark\n|move|p2b: Tinkaton|Light Screen|p2b: Tinkaton\n|-sidestart|p2: Lerntasse|move: Light Screen\n|\n|upkeep\n|\n|t:|1697407003\n|switch|p1a: Mean Girl Bully|Sneasler, F|100\/100\n|turn|6\n|\n|t:|1697407022\n|switch|p1b: Mr. Teatime|Sinistcha, shiny|100\/100\n|move|p1a: Mean Girl Bully|Endure|p1a: Mean Girl Bully\n|-singleturn|p1a: Mean Girl Bully|move: Endure\n|move|p2a: Track Hog|Drain Punch|p1a: Mean Girl Bully\n|-resisted|p1a: Mean Girl Bully\n|-damage|p1a: Mean Girl Bully|24\/100\n|-enditem|p1a: Mean Girl Bully|Liechi Berry|[eat]\n|-boost|p1a: Mean Girl Bully|atk|1|[from] item: Liechi Berry\n|move|p2b: Tinkaton|Reflect|p2b: Tinkaton\n|-sidestart|p2: Lerntasse|Reflect\n|\n|upkeep\n|turn|7\n|\n|t:|1697407048\n|switch|p2b: $exual Deer Noises|Wyrdeer, M|100\/100\n|-ability|p2b: $exual Deer Noises|Intimidate|boost\n|-unboost|p1a: Mean Girl Bully|atk|1\n|-unboost|p1b: Mr. Teatime|atk|1\n|-terastallize|p1b: Mr. Teatime|Grass\n|move|p1a: Mean Girl Bully|Lash Out|p2a: Track Hog\n|-supereffective|p2a: Track Hog\n|-damage|p2a: Track Hog|50\/100\n|move|p2a: Track Hog|Rage Fist|p1b: Mr. Teatime\n|-damage|p1b: Mr. Teatime|0 fnt\n|faint|p1b: Mr. Teatime\n|\n|upkeep\n|\n|t:|1697407061\n|switch|p1b: Tina|Giratina-Origin, shiny|100\/100\n|turn|8\n|\n|t:|1697407085\n|switch|p2b: Tinkaton|Tinkaton, F|100\/100\n|-ability|p2b: Tinkaton|Mold Breaker\n|move|p2a: Track Hog|Protect|p2a: Track Hog\n|-singleturn|p2a: Track Hog|Protect\n|move|p1a: Mean Girl Bully|Lash Out|p2a: Track Hog\n|-activate|p2a: Track Hog|move: Protect\n|move|p1b: Tina|Calm Mind|p1b: Tina\n|-boost|p1b: Tina|spa|1\n|-boost|p1b: Tina|spd|1\n|\n|upkeep\n|turn|9\n|\n|t:|1697407124\n|move|p2b: Tinkaton|Fake Out|p1a: Mean Girl Bully\n|-damage|p1a: Mean Girl Bully|8\/100\n|move|p1b: Tina|Shadow Sneak|p2a: Track Hog\n|-supereffective|p2a: Track Hog\n|-crit|p2a: Track Hog\n|-damage|p2a: Track Hog|0 fnt\n|faint|p2a: Track Hog\n|cant|p1a: Mean Girl Bully|flinch\n|\n|upkeep\n|\n|t:|1697407137\n|switch|p2a: Your Mother|Kyogre|100\/100\n|-weather|RainDance|[from] ability: Drizzle|[of] p2a: Your Mother\n|turn|10\n|\n|t:|1697407169\n|switch|p2b: $exual Deer Noises|Wyrdeer, M|100\/100\n|-ability|p2b: $exual Deer Noises|Intimidate|boost\n|-unboost|p1a: Mean Girl Bully|atk|1\n|-unboost|p1b: Tina|atk|1\n|move|p1a: Mean Girl Bully|Dire Claw|p2a: Your Mother\n|-damage|p2a: Your Mother|81\/100\n|-status|p2a: Your Mother|par\n|move|p1b: Tina|Calm Mind|p1b: Tina\n|-boost|p1b: Tina|spa|1\n|-boost|p1b: Tina|spd|1\n|cant|p2a: Your Mother|par\n|\n|-weather|RainDance|[upkeep]\n|upkeep\n|turn|11\n|\n|t:|1697407205\n|move|p1a: Mean Girl Bully|Endure|p1a: Mean Girl Bully\n|-singleturn|p1a: Mean Girl Bully|move: Endure\n|move|p1b: Tina|Calm Mind|p1b: Tina\n|-boost|p1b: Tina|spa|1\n|-boost|p1b: Tina|spd|1\n|cant|p2a: Your Mother|par\n|move|p2b: $exual Deer Noises|Trick Room|p2b: $exual Deer Noises\n|-fieldstart|move: Trick Room|[of] p2b: $exual Deer Noises\n|-enditem|p2a: Your Mother|Room Service\n|-unboost|p2a: Your Mother|spe|1|[from] item: Room Service\n|\n|-weather|RainDance|[upkeep]\n|upkeep\n|turn|12\n|\n|t:|1697407266\n|switch|p2b: Soft Paws|Crabominable, M|100\/100\n|switch|p1a: Wrath|Jigglypuff, F|100\/100\n|cant|p2a: Your Mother|par\n|move|p1b: Tina|Calm Mind|p1b: Tina\n|-boost|p1b: Tina|spa|1\n|-boost|p1b: Tina|spd|1\n|\n|-weather|RainDance|[upkeep]\n|-sideend|p2: Lerntasse|move: Light Screen\n|upkeep\n|turn|13\n|\n|t:|1697407294\n|move|p1a: Wrath|Protect|p1a: Wrath\n|-singleturn|p1a: Wrath|Protect\n|move|p2a: Your Mother|Origin Pulse|p1b: Tina|[spread] p1b\n|-activate|p1a: Wrath|move: Protect\n|-resisted|p1b: Tina\n|-damage|p1b: Tina|96\/100\n|move|p2b: Soft Paws|Ice Hammer|p1b: Tina\n|-supereffective|p1b: Tina\n|-damage|p1b: Tina|17\/100\n|-unboost|p2b: Soft Paws|spe|1\n|move|p1b: Tina|Dragon Pulse|p2b: Soft Paws\n|-damage|p2b: Soft Paws|0 fnt\n|faint|p2b: Soft Paws\n|\n|-weather|RainDance|[upkeep]\n|-sideend|p2: Lerntasse|Reflect\n|upkeep\n|\n|t:|1697407325\n|switch|p2b: Tinkaton|Tinkaton, F|100\/100\n|-ability|p2b: Tinkaton|Mold Breaker\n|turn|14\n|\n|t:|1697407340\n|move|p1a: Wrath|Ally Switch||[still]\n|-fail|p1a: Wrath\n|move|p2a: Your Mother|Origin Pulse|p1b: Tina|[spread] p1a,p1b\n|-crit|p1a: Wrath\n|-resisted|p1b: Tina\n|-damage|p1a: Wrath|0 fnt\n|-damage|p1b: Tina|11\/100\n|faint|p1a: Wrath\n|move|p1b: Tina|Dragon Pulse|p2a: Your Mother\n|-damage|p2a: Your Mother|0 fnt\n|faint|p2a: Your Mother\n|move|p2b: Tinkaton|Play Rough|p1b: Tina\n|-supereffective|p1b: Tina\n|-damage|p1b: Tina|0 fnt\n|faint|p1b: Tina\n|\n|-weather|none\n|upkeep\n|\n|t:|1697407360\n|switch|p2a: $exual Deer Noises|Wyrdeer, M|100\/100\n|switch|p1b: Mean Girl Bully|Sneasler, F|8\/100\n|-ability|p2a: $exual Deer Noises|Intimidate|boost\n|-unboost|p1b: Mean Girl Bully|atk|1\n|turn|15\n|\n|t:|1697407369\n|move|p1b: Mean Girl Bully|Endure|p1b: Mean Girl Bully\n|-singleturn|p1b: Mean Girl Bully|move: Endure\n|move|p2a: $exual Deer Noises|Psyshield Bash|p1b: Mean Girl Bully|[miss]\n|-miss|p2a: $exual Deer Noises|p1b: Mean Girl Bully\n|move|p2b: Tinkaton|Play Rough|p1b: Mean Girl Bully\n|-activate|p1b: Mean Girl Bully|move: Endure\n|-damage|p1b: Mean Girl Bully|1\/100\n|-unboost|p1b: Mean Girl Bully|atk|1\n|\n|-fieldend|move: Trick Room\n|upkeep\n|turn|16\n|\n|t:|1697407383\n|move|p1b: Mean Girl Bully|Dire Claw|p2a: $exual Deer Noises\n|-damage|p2a: $exual Deer Noises|74\/100\n|-status|p2a: $exual Deer Noises|par\n|move|p2b: Tinkaton|Play Rough|p1b: Mean Girl Bully\n|-damage|p1b: Mean Girl Bully|0 fnt\n|faint|p1b: Mean Girl Bully\n|\n|win|Lerntasse\n|l| Rune9145\n|j| Rune9145\n","uploadtime":1697407394,"views":41,"p1id":"olpatchy2eyes","p2id":"lerntasse","formatid":"gen9nationaldexdoubles","rating":0,"private":0,"password":""}