{"id":"dl-gen9nationaldexdoubles-124887","p1":"joeyanz","p2":"Gioilele","format":"[Gen 9] National Dex Doubles","log":"|j|\u2606joeyanz\n|j|\u2606Gioilele\n|t:|1701094350\n|gametype|doubles\n|player|p1|joeyanz|169|\n|player|p2|Gioilele|265|\n|teamsize|p1|6\n|teamsize|p2|6\n|gen|9\n|tier|[Gen 9] National Dex Doubles\n|rule|Sleep Clause Mod: Limit one foe put to sleep\n|rule|OHKO Clause: OHKO moves are banned\n|rule|Evasion Moves Clause: Evasion moves are banned\n|rule|Endless Battle Clause: Forcing endless battles is banned\n|rule|HP Percentage Mod: HP is shown in percentages\n|rule|Z-Move Clause: Z-Moves are banned\n|clearpoke\n|poke|p1|Yveltal|\n|poke|p1|Baxcalibur, M|\n|poke|p1|Entei|\n|poke|p1|Whimsicott, F|\n|poke|p1|Sandy Shocks|\n|poke|p1|Orbeetle, F|\n|poke|p2|Maushold|\n|poke|p2|Hatterene, F|\n|poke|p2|Ogerpon-Wellspring, F|\n|poke|p2|Gholdengo|\n|poke|p2|Chi-Yu|\n|poke|p2|Kilowattrel, M|\n|teampreview\n|c|\u2606Gioilele|glhf\n|c|\u2606joeyanz|gl hf\n|c|\u2606joeyanz|sorry for the wait\n|c|\u2606Gioilele|no problem\n|\n|t:|1701094405\n|start\n|switch|p1a: Orbeetle|Orbeetle, F|100\/100\n|switch|p1b: Baxcalibur|Baxcalibur, M|100\/100\n|switch|p2a: Maushold|Maushold|100\/100\n|switch|p2b: Hatterene|Hatterene, F|100\/100\n|-item|p2a: Maushold|Wide Lens|[from] ability: Frisk|[of] p1a: Orbeetle|[identify]\n|-item|p2b: Hatterene|Clear Amulet|[from] ability: Frisk|[of] p1a: Orbeetle|[identify]\n|turn|1\n|\n|t:|1701094445\n|move|p2a: Maushold|Follow Me|p2a: Maushold\n|-singleturn|p2a: Maushold|move: Follow Me\n|move|p1b: Baxcalibur|Glaive Rush|p2a: Maushold\n|-damage|p2a: Maushold|8\/100\n|-singlemove|p1b: Baxcalibur|Glaive Rush|[silent]\n|move|p1a: Orbeetle|Light Screen|p1a: Orbeetle\n|-sidestart|p1: joeyanz|move: Light Screen\n|move|p2b: Hatterene|Dazzling Gleam|p1b: Baxcalibur|[spread] p1a,p1b\n|-supereffective|p1b: Baxcalibur\n|-damage|p1a: Orbeetle|86\/100\n|-damage|p1b: Baxcalibur|35\/100\n|\n|-heal|p1a: Orbeetle|92\/100|[from] item: Leftovers\n|upkeep\n|turn|2\n|\n|t:|1701094481\n|move|p2a: Maushold|Follow Me|p2a: Maushold\n|-singleturn|p2a: Maushold|move: Follow Me\n|move|p1b: Baxcalibur|Icicle Crash|p2a: Maushold\n|-damage|p2a: Maushold|0 fnt\n|faint|p2a: Maushold\n|move|p1a: Orbeetle|Struggle Bug|p2b: Hatterene\n|-damage|p2b: Hatterene|84\/100\n|move|p2b: Hatterene|Trick Room|p2b: Hatterene\n|-fieldstart|move: Trick Room|[of] p2b: Hatterene\n|\n|-heal|p1a: Orbeetle|98\/100|[from] item: Leftovers\n|upkeep\n|\n|t:|1701094491\n|switch|p2a: Chi-Yu|Chi-Yu|100\/100\n|-ability|p2a: Chi-Yu|Beads of Ruin\n|turn|3\n|\n|t:|1701094501\n|move|p2b: Hatterene|Dazzling Gleam|p1b: Baxcalibur|[spread] p1a,p1b\n|-supereffective|p1b: Baxcalibur\n|-damage|p1a: Orbeetle|76\/100\n|-damage|p1b: Baxcalibur|0 fnt\n|faint|p1b: Baxcalibur\n|move|p2a: Chi-Yu|Heat Wave|p1a: Orbeetle|[miss]\n|-miss|p2a: Chi-Yu|p1a: Orbeetle\n|move|p1a: Orbeetle|Struggle Bug|p2a: Chi-Yu|[spread] p2a,p2b\n|-crit|p2b: Hatterene\n|-damage|p2a: Chi-Yu|90\/100\n|-damage|p2b: Hatterene|62\/100\n|-unboost|p2a: Chi-Yu|spa|1\n|\n|-heal|p1a: Orbeetle|82\/100|[from] item: Leftovers\n|upkeep\n|\n|t:|1701094748\n|switch|p1b: Yveltal|Yveltal|100\/100\n|-ability|p1b: Yveltal|Dark Aura\n|turn|4\n|\n|t:|1701094775\n|-terastallize|p2b: Hatterene|Fairy\n|move|p1b: Yveltal|Protect|p1b: Yveltal\n|-singleturn|p1b: Yveltal|Protect\n|move|p2b: Hatterene|Dazzling Gleam|p1b: Yveltal|[spread] p1a\n|-activate|p1b: Yveltal|move: Protect\n|-damage|p1a: Orbeetle|55\/100\n|move|p2a: Chi-Yu|Heat Wave|p1a: Orbeetle|[spread] p1a\n|-activate|p1b: Yveltal|move: Protect\n|-supereffective|p1a: Orbeetle\n|-damage|p1a: Orbeetle|19\/100\n|-damage|p2a: Chi-Yu|80\/100|[from] item: Life Orb\n|move|p1a: Orbeetle|Struggle Bug|p2a: Chi-Yu|[spread] p2a,p2b\n|-resisted|p2b: Hatterene\n|-damage|p2a: Chi-Yu|70\/100\n|-damage|p2b: Hatterene|55\/100\n|-unboost|p2a: Chi-Yu|spa|1\n|\n|-heal|p1a: Orbeetle|25\/100|[from] item: Leftovers\n|upkeep\n|turn|5\n|\n|t:|1701094855\n|switch|p1a: Entei|Entei|100\/100\n|-ability|p1a: Entei|Pressure\n|move|p2b: Hatterene|Dazzling Gleam|p1b: Yveltal|[spread] p1a,p1b\n|-resisted|p1a: Entei\n|-supereffective|p1b: Yveltal\n|-damage|p1a: Entei|74\/100\n|-damage|p1b: Yveltal|36\/100\n|move|p2a: Chi-Yu|Snarl|p1a: Entei|[spread] p1a,p1b\n|-resisted|p1b: Yveltal\n|-crit|p1b: Yveltal\n|-damage|p1a: Entei|55\/100\n|-damage|p1b: Yveltal|7\/100\n|-unboost|p1a: Entei|spa|1\n|-unboost|p1b: Yveltal|spa|1\n|-damage|p2a: Chi-Yu|60\/100|[from] item: Life Orb\n|move|p1b: Yveltal|Oblivion Wing|p2b: Hatterene\n|-damage|p2b: Hatterene|10\/100\n|-heal|p1b: Yveltal|31\/100|[from] drain|[of] p2b: Hatterene\n|-damage|p1b: Yveltal|21\/100|[from] item: Life Orb\n|\n|-sideend|p1: joeyanz|move: Light Screen\n|upkeep\n|turn|6\n|\n|t:|1701094915\n|switch|p2b: Gholdengo|Gholdengo|100\/100\n|switch|p1b: Orbeetle|Orbeetle, F|25\/100\n|-item|p2a: Chi-Yu|Life Orb|[from] ability: Frisk|[of] p1b: Orbeetle|[identify]\n|-item|p2b: Gholdengo|Leftovers|[from] ability: Frisk|[of] p1b: Orbeetle|[identify]\n|move|p1a: Entei|Extreme Speed|p2b: Gholdengo\n|-immune|p2b: Gholdengo\n|move|p2a: Chi-Yu|Heat Wave|p1b: Orbeetle|[spread] p1a,p1b\n|-resisted|p1a: Entei\n|-supereffective|p1b: Orbeetle\n|-damage|p1a: Entei|37\/100\n|-damage|p1b: Orbeetle|0 fnt\n|faint|p1b: Orbeetle\n|-damage|p2a: Chi-Yu|50\/100|[from] item: Life Orb\n|\n|-fieldend|move: Trick Room\n|upkeep\n|\n|t:|1701094920\n|switch|p1b: Whimsicott|Whimsicott, F|100\/100\n|turn|7\n|\n|t:|1701094949\n|move|p1a: Entei|Extreme Speed|p2a: Chi-Yu\n|-crit|p2a: Chi-Yu\n|-damage|p2a: Chi-Yu|0 fnt\n|faint|p2a: Chi-Yu\n|move|p1b: Whimsicott|Tailwind|p1b: Whimsicott\n|-sidestart|p1: joeyanz|move: Tailwind\n|move|p2b: Gholdengo|Make It Rain|p1b: Whimsicott|[spread] p1a,p1b\n|-resisted|p1a: Entei\n|-supereffective|p1b: Whimsicott\n|-damage|p1a: Entei|7\/100\n|-enditem|p1b: Whimsicott|Focus Sash\n|-damage|p1b: Whimsicott|1\/100\n|-unboost|p2b: Gholdengo|spa|1\n|\n|upkeep\n|\n|t:|1701094965\n|switch|p2a: Kilowattrel|Kilowattrel, M|100\/100\n|turn|8\n|\n|t:|1701094979\n|move|p1a: Entei|Extreme Speed|p2a: Kilowattrel\n|-damage|p2a: Kilowattrel|38\/100\n|move|p1b: Whimsicott|Sunny Day|p1b: Whimsicott\n|-weather|SunnyDay\n|move|p2a: Kilowattrel|Volt Switch|p1a: Entei\n|-damage|p1a: Entei|0 fnt\n|faint|p1a: Entei\n|\n|t:|1701094991\n|switch|p2a: Hatterene|Hatterene, F, tera:Fairy|10\/100|[from] Volt Switch\n|move|p2b: Gholdengo|Make It Rain|p1b: Whimsicott\n|-supereffective|p1b: Whimsicott\n|-damage|p1b: Whimsicott|0 fnt\n|-unboost|p2b: Gholdengo|spa|1\n|faint|p1b: Whimsicott\n|\n|-weather|SunnyDay|[upkeep]\n|upkeep\n|\n|t:|1701094993\n|switch|p1b: Yveltal|Yveltal|21\/100\n|switch|p1a: Sandy Shocks|Sandy Shocks|100\/100\n|-activate|p1a: Sandy Shocks|ability: Protosynthesis\n|-start|p1a: Sandy Shocks|protosynthesisspe\n|-ability|p1b: Yveltal|Dark Aura\n|turn|9\n|\n|t:|1701095046\n|switch|p2b: Kilowattrel|Kilowattrel, M|38\/100\n|-terastallize|p1a: Sandy Shocks|Flying\n|move|p2a: Hatterene|Protect|p2a: Hatterene\n|-singleturn|p2a: Hatterene|Protect\n|move|p1a: Sandy Shocks|Tera Blast|p2a: Hatterene|[anim] Tera Blast Flying\n|-activate|p2a: Hatterene|move: Protect\n|move|p1b: Yveltal|Roost|p1b: Yveltal\n|-heal|p1b: Yveltal|71\/100\n|-singleturn|p1b: Yveltal|move: Roost\n|\n|-weather|SunnyDay|[upkeep]\n|upkeep\n|turn|10\n|\n|t:|1701095075\n|move|p1a: Sandy Shocks|Tera Blast|p2a: Hatterene|[anim] Tera Blast Flying\n|-damage|p2a: Hatterene|0 fnt\n|faint|p2a: Hatterene\n|-damage|p1a: Sandy Shocks|91\/100|[from] item: Life Orb\n|move|p1b: Yveltal|Knock Off|p2b: Kilowattrel\n|-damage|p2b: Kilowattrel|0 fnt\n|-enditem|p2b: Kilowattrel|Focus Sash|[from] move: Knock Off|[of] p1b: Yveltal\n|faint|p2b: Kilowattrel\n|-damage|p1b: Yveltal|61\/100|[from] item: Life Orb\n|\n|-weather|SunnyDay|[upkeep]\n|-sideend|p1: joeyanz|move: Tailwind\n|upkeep\n|\n|t:|1701095085\n|switch|p2b: Gholdengo|Gholdengo|100\/100\n|switch|p2a: Ogerpon|Ogerpon-Wellspring, F|100\/100\n|turn|11\n|\n|t:|1701095108\n|move|p2a: Ogerpon|Protect|p2a: Ogerpon\n|-singleturn|p2a: Ogerpon|Protect\n|move|p2b: Gholdengo|Protect|p2b: Gholdengo\n|-singleturn|p2b: Gholdengo|Protect\n|move|p1a: Sandy Shocks|Tera Blast|p2a: Ogerpon|[anim] Tera Blast Flying\n|-activate|p2a: Ogerpon|move: Protect\n|move|p1b: Yveltal|Knock Off|p2b: Gholdengo\n|-activate|p2b: Gholdengo|move: Protect\n|\n|-weather|SunnyDay|[upkeep]\n|upkeep\n|turn|12\n|\n|t:|1701095131\n|move|p1a: Sandy Shocks|Tera Blast|p2a: Ogerpon|[anim] Tera Blast Flying\n|-supereffective|p2a: Ogerpon\n|-damage|p2a: Ogerpon|18\/100\n|-damage|p1a: Sandy Shocks|81\/100|[from] item: Life Orb\n|move|p1b: Yveltal|Knock Off|p2b: Gholdengo\n|-supereffective|p2b: Gholdengo\n|-damage|p2b: Gholdengo|0 fnt\n|-enditem|p2b: Gholdengo|Leftovers|[from] move: Knock Off|[of] p1b: Yveltal\n|faint|p2b: Gholdengo\n|-damage|p1b: Yveltal|51\/100|[from] item: Life Orb\n|move|p2a: Ogerpon|Ivy Cudgel|p1b: Yveltal\n|-damage|p1b: Yveltal|30\/100\n|\n|-weather|none\n|-end|p1a: Sandy Shocks|Protosynthesis\n|upkeep\n|turn|13\n|\n|t:|1701095153\n|move|p1a: Sandy Shocks|Tera Blast|p2a: Ogerpon|[anim] Tera Blast Flying\n|-supereffective|p2a: Ogerpon\n|-damage|p2a: Ogerpon|0 fnt\n|faint|p2a: Ogerpon\n|-damage|p1a: Sandy Shocks|71\/100|[from] item: Life Orb\n|\n|win|joeyanz\n|c|\u2606Gioilele|gg\n|c|\u2606joeyanz|very thick ogerpon there\n|c|\u2606joeyanz|gg\n|c|\u2606Gioilele|yeah\n|c|\u2606Gioilele|haha\n","uploadtime":1701095169,"views":17,"p1id":"joeyanz","p2id":"gioilele","formatid":"gen9nationaldexdoubles","rating":0,"private":0,"password":""}