{"id":"dl-gen9nationaldexdoubles-124760","p1":"salles sdc","p2":"IndigoDZillas","format":"[Gen 9] National Dex Doubles","log":"|j|\u2606salles sdc\n|j|\u2606IndigoDZillas\n|t:|1701048842\n|gametype|doubles\n|player|p1|salles sdc|101|\n|player|p2|IndigoDZillas|170|\n|teamsize|p1|6\n|teamsize|p2|6\n|gen|9\n|tier|[Gen 9] National Dex Doubles\n|rule|Sleep Clause Mod: Limit one foe put to sleep\n|rule|OHKO Clause: OHKO moves are banned\n|rule|Evasion Moves Clause: Evasion moves are banned\n|rule|Endless Battle Clause: Forcing endless battles is banned\n|rule|HP Percentage Mod: HP is shown in percentages\n|rule|Z-Move Clause: Z-Moves are banned\n|clearpoke\n|poke|p1|Chien-Pao|\n|poke|p1|Sinistcha|\n|poke|p1|Zapdos-Galar|\n|poke|p1|Silvally-*|\n|poke|p1|Entei|\n|poke|p1|Ogerpon-Cornerstone, F|\n|poke|p2|Flutter Mane|\n|poke|p2|Arcanine, M|\n|poke|p2|Gyarados, F|\n|poke|p2|Cresselia, F|\n|poke|p2|Roaring Moon|\n|poke|p2|Tsareena, F|\n|teampreview\n|c|\u2606IndigoDZillas|Flutter Fairy Arcanine Fire Gyarados Grass Cresselia Elec Moon Posion Tsareena Fire\n|c|\u2606IndigoDZillas|Bom jogo Samuel!\n|c|\u2606salles sdc|Chien Ice \/ sinistcha dark \/ Zapdos Ground \/ Silvally poison \/ entei normal \/ ogerpon rock\n|c|\u2606salles sdc|Bom jogo!\n|\n|t:|1701049001\n|start\n|switch|p1a: Chien-Pao|Chien-Pao|100\/100\n|switch|p1b: Zapdos|Zapdos-Galar|100\/100\n|switch|p2a: Arcanine|Arcanine, M|100\/100\n|switch|p2b: Gyarados|Gyarados, F|100\/100\n|-ability|p1a: Chien-Pao|Sword of Ruin\n|turn|1\n|\n|t:|1701049078\n|move|p1a: Chien-Pao|Protect|p1a: Chien-Pao\n|-singleturn|p1a: Chien-Pao|Protect\n|move|p1b: Zapdos|Tailwind|p1b: Zapdos\n|-sidestart|p1: salles sdc|move: Tailwind\n|move|p2a: Arcanine|Flare Blitz|p1b: Zapdos\n|-damage|p1b: Zapdos|10\/100\n|-damage|p2a: Arcanine|71\/100|[from] Recoil\n|move|p2b: Gyarados|Thunder Wave|p1b: Zapdos\n|-status|p1b: Zapdos|par\n|\n|upkeep\n|turn|2\n|\n|t:|1701049111\n|move|p2a: Arcanine|Extreme Speed|p1b: Zapdos\n|-damage|p1b: Zapdos|0 fnt\n|faint|p1b: Zapdos\n|move|p1a: Chien-Pao|Icicle Crash|p2b: Gyarados\n|-damage|p2b: Gyarados|23\/100\n|move|p2b: Gyarados|Thunder Wave|p1a: Chien-Pao\n|-status|p1a: Chien-Pao|par\n|\n|upkeep\n|\n|t:|1701049125\n|switch|p1b: Entei|Entei|100\/100\n|turn|3\n|\n|t:|1701049194\n|switch|p2a: Cresselia|Cresselia, F|100\/100\n|move|p1a: Chien-Pao|Ice Shard|p2b: Gyarados\n|-damage|p2b: Gyarados|0 fnt\n|faint|p2b: Gyarados\n|move|p1b: Entei|Double-Edge|p2a: Cresselia\n|-damage|p2a: Cresselia|68\/100\n|-damage|p1b: Entei|88\/100|[from] Recoil\n|\n|-heal|p2a: Cresselia|74\/100|[from] item: Leftovers\n|upkeep\n|\n|t:|1701049239\n|switch|p2b: Flutter Mane|Flutter Mane|100\/100\n|-enditem|p2b: Flutter Mane|Booster Energy\n|-activate|p2b: Flutter Mane|ability: Protosynthesis|[fromitem]\n|-start|p2b: Flutter Mane|protosynthesisspe\n|turn|4\n|\n|t:|1701049286\n|-terastallize|p1b: Entei|Normal\n|move|p1a: Chien-Pao|Ice Shard|p2b: Flutter Mane\n|-damage|p2b: Flutter Mane|62\/100\n|move|p1b: Entei|Double-Edge|p2a: Cresselia\n|-damage|p2a: Cresselia|25\/100\n|-damage|p1b: Entei|68\/100|[from] Recoil\n|move|p2b: Flutter Mane|Dazzling Gleam|p1b: Entei|[spread] p1a,p1b\n|-supereffective|p1a: Chien-Pao\n|-crit|p1a: Chien-Pao\n|-enditem|p1a: Chien-Pao|Roseli Berry|[eat]\n|-enditem|p1a: Chien-Pao|Roseli Berry|[weaken]\n|-damage|p1a: Chien-Pao|34\/100 par\n|-damage|p1b: Entei|32\/100\n|move|p2a: Cresselia|Toxic|p1b: Entei|[miss]\n|-miss|p2a: Cresselia|p1b: Entei\n|\n|-heal|p2a: Cresselia|32\/100|[from] item: Leftovers\n|-sideend|p1: salles sdc|move: Tailwind\n|upkeep\n|turn|5\n|\n|t:|1701049321\n|-terastallize|p2b: Flutter Mane|Fairy\n|move|p1b: Entei|Protect|p1b: Entei\n|-singleturn|p1b: Entei|Protect\n|cant|p1a: Chien-Pao|par\n|move|p2b: Flutter Mane|Dazzling Gleam|p1a: Chien-Pao|[spread] p1a\n|-activate|p1b: Entei|move: Protect\n|-supereffective|p1a: Chien-Pao\n|-damage|p1a: Chien-Pao|0 fnt\n|faint|p1a: Chien-Pao\n|move|p2a: Cresselia|Lunar Blessing|p2a: Cresselia|[spread] p2a,p2b\n|-heal|p2a: Cresselia|57\/100\n|-heal|p2b: Flutter Mane|87\/100\n|\n|-heal|p2a: Cresselia|63\/100|[from] item: Leftovers\n|upkeep\n|\n|t:|1701049344\n|switch|p1a: Ogerpon|Ogerpon-Cornerstone, F|100\/100\n|turn|6\n|\n|t:|1701049369\n|move|p2b: Flutter Mane|Dazzling Gleam|p1a: Ogerpon|[spread] p1a,p1b\n|-damage|p1a: Ogerpon|52\/100\n|-damage|p1b: Entei|0 fnt\n|faint|p1b: Entei\n|move|p1a: Ogerpon|Ivy Cudgel|p2b: Flutter Mane\n|-damage|p2b: Flutter Mane|0 fnt\n|faint|p2b: Flutter Mane\n|-end|p2b: Flutter Mane|Protosynthesis|[silent]\n|move|p2a: Cresselia|Psychic|p1a: Ogerpon\n|-damage|p1a: Ogerpon|23\/100\n|-unboost|p1a: Ogerpon|spd|1\n|\n|-heal|p2a: Cresselia|69\/100|[from] item: Leftovers\n|upkeep\n|\n|t:|1701049394\n|switch|p2b: Roaring Moon|Roaring Moon|100\/100\n|switch|p1b: Sinistcha|Sinistcha|100\/100\n|-heal|p1a: Ogerpon|48\/100|[from] ability: Hospitality|[of] p1b: Sinistcha\n|turn|7\n|\n|t:|1701049431\n|move|p1b: Sinistcha|Rage Powder|p1b: Sinistcha\n|-singleturn|p1b: Sinistcha|move: Rage Powder\n|move|p2b: Roaring Moon|Breaking Swipe|p1a: Ogerpon|[spread] p1a,p1b\n|-damage|p1a: Ogerpon|18\/100\n|-damage|p1b: Sinistcha|85\/100\n|-unboost|p1a: Ogerpon|atk|1\n|-unboost|p1b: Sinistcha|atk|1\n|move|p1a: Ogerpon|Superpower|p2b: Roaring Moon\n|-supereffective|p2b: Roaring Moon\n|-damage|p2b: Roaring Moon|15\/100\n|-unboost|p1a: Ogerpon|atk|1\n|-unboost|p1a: Ogerpon|def|1\n|move|p2a: Cresselia|Toxic|p1b: Sinistcha\n|-status|p1b: Sinistcha|tox\n|\n|-heal|p2a: Cresselia|75\/100|[from] item: Leftovers\n|-damage|p1b: Sinistcha|79\/100 tox|[from] psn\n|upkeep\n|turn|8\n|\n|t:|1701049460\n|switch|p1a: Silvally|Silvally-Fairy|100\/100\n|move|p2b: Roaring Moon|Protect|p2b: Roaring Moon\n|-singleturn|p2b: Roaring Moon|Protect\n|move|p2a: Cresselia|Lunar Blessing|p2a: Cresselia|[spread] p2a,p2b\n|-heal|p2a: Cresselia|99\/100\n|-heal|p2b: Roaring Moon|40\/100\n|move|p1b: Sinistcha|Matcha Gotcha|p2b: Roaring Moon|[spread] p2a\n|-activate|p2b: Roaring Moon|move: Protect\n|-damage|p2a: Cresselia|85\/100\n|-heal|p1b: Sinistcha|88\/100 tox|[from] drain|[of] p2a: Cresselia\n|-status|p2a: Cresselia|brn\n|\n|-heal|p2a: Cresselia|91\/100 brn|[from] item: Leftovers\n|-damage|p1b: Sinistcha|76\/100 tox|[from] psn\n|-damage|p2a: Cresselia|85\/100 brn|[from] brn\n|upkeep\n|turn|9\n|\n|t:|1701049512\n|-end|p2b: Roaring Moon|Protosynthesis|[silent]\n|switch|p2b: Arcanine|Arcanine, M|71\/100\n|move|p1a: Silvally|Tailwind|p1a: Silvally\n|-sidestart|p1: salles sdc|move: Tailwind\n|move|p1b: Sinistcha|Matcha Gotcha|p2a: Cresselia|[spread] p2a,p2b\n|-resisted|p2b: Arcanine\n|-damage|p2a: Cresselia|70\/100 brn\n|-heal|p1b: Sinistcha|86\/100 tox|[from] drain|[of] p2a: Cresselia\n|-damage|p2b: Arcanine|56\/100\n|-heal|p1b: Sinistcha|93\/100 tox|[from] drain|[of] p2b: Arcanine\n|move|p2a: Cresselia|Psychic|p1a: Silvally\n|-damage|p1a: Silvally|83\/100\n|\n|-heal|p2a: Cresselia|76\/100 brn|[from] item: Leftovers\n|-damage|p1b: Sinistcha|74\/100 tox|[from] psn\n|-damage|p2a: Cresselia|70\/100 brn|[from] brn\n|upkeep\n|turn|10\n|\n|t:|1701049543\n|move|p2b: Arcanine|Protect|p2b: Arcanine\n|-singleturn|p2b: Arcanine|Protect\n|move|p1b: Sinistcha|Rage Powder|p1b: Sinistcha\n|-singleturn|p1b: Sinistcha|move: Rage Powder\n|move|p1a: Silvally|Parting Shot|p2b: Arcanine\n|-activate|p2b: Arcanine|move: Protect\n|move|p2a: Cresselia|Toxic|p1b: Sinistcha\n|-fail|p1b: Sinistcha|tox\n|\n|-heal|p2a: Cresselia|76\/100 brn|[from] item: Leftovers\n|-damage|p1b: Sinistcha|50\/100 tox|[from] psn\n|-damage|p2a: Cresselia|70\/100 brn|[from] brn\n|upkeep\n|turn|11\n|\n|t:|1701049575\n|switch|p2b: Tsareena|Tsareena, F|100\/100\n|move|p1a: Silvally|Parting Shot|p2b: Tsareena\n|-unboost|p2b: Tsareena|atk|1\n|-unboost|p2b: Tsareena|spa|1\n|\n|t:|1701049582\n|switch|p1a: Ogerpon|Ogerpon-Cornerstone, F|18\/100|[from] Parting Shot\n|move|p1b: Sinistcha|Strength Sap|p2b: Tsareena\n|-unboost|p2b: Tsareena|atk|1\n|-heal|p1b: Sinistcha|100\/100 tox\n|move|p2a: Cresselia|Lunar Blessing|p2a: Cresselia|[spread] p2a,p2b\n|-heal|p2a: Cresselia|95\/100 brn\n|-curestatus|p2a: Cresselia|brn|[msg]\n|\n|-heal|p2a: Cresselia|100\/100|[from] item: Leftovers\n|-damage|p1b: Sinistcha|70\/100 tox|[from] psn\n|upkeep\n|turn|12\n|\n|t:|1701049607\n|move|p1b: Sinistcha|Rage Powder|p1b: Sinistcha\n|-singleturn|p1b: Sinistcha|move: Rage Powder\n|move|p1a: Ogerpon|Ivy Cudgel|p2b: Tsareena\n|-damage|p2b: Tsareena|43\/100\n|move|p2a: Cresselia|Ice Beam|p1b: Sinistcha\n|-supereffective|p1b: Sinistcha\n|-damage|p1b: Sinistcha|26\/100 tox\n|move|p2b: Tsareena|U-turn|p1a: Ogerpon\n|-supereffective|p1a: Ogerpon\n|-damage|p1a: Ogerpon|0 fnt\n|faint|p1a: Ogerpon\n|\n|t:|1701049626\n|switch|p2b: Arcanine|Arcanine, M|56\/100|[from] U-turn\n|\n|-damage|p1b: Sinistcha|0 fnt|[from] psn\n|faint|p1b: Sinistcha\n|-sideend|p1: salles sdc|move: Tailwind\n|upkeep\n|\n|t:|1701049638\n|switch|p1a: Silvally|Silvally-Fairy|83\/100\n|turn|13\n|\n|t:|1701049648\n|move|p2b: Arcanine|Protect|p2b: Arcanine\n|-singleturn|p2b: Arcanine|Protect\n|move|p1a: Silvally|Multi-Attack|p2a: Cresselia\n|-damage|p2a: Cresselia|77\/100\n|move|p2a: Cresselia|Toxic|p1a: Silvally\n|-status|p1a: Silvally|tox\n|\n|-heal|p2a: Cresselia|83\/100|[from] item: Leftovers\n|-damage|p1a: Silvally|77\/100 tox|[from] psn\n|upkeep\n|turn|14\n|\n|t:|1701049669\n|move|p2b: Arcanine|Snarl|p1a: Silvally\n|-resisted|p1a: Silvally\n|-crit|p1a: Silvally\n|-damage|p1a: Silvally|71\/100 tox\n|-unboost|p1a: Silvally|spa|1\n|move|p1a: Silvally|Multi-Attack|p2a: Cresselia\n|-damage|p2a: Cresselia|62\/100\n|move|p2a: Cresselia|Psychic|p1a: Silvally\n|-damage|p1a: Silvally|53\/100 tox\n|\n|-heal|p2a: Cresselia|68\/100|[from] item: Leftovers\n|-damage|p1a: Silvally|40\/100 tox|[from] psn\n|upkeep\n|turn|15\n|\n|t:|1701049684\n|move|p2b: Arcanine|Flare Blitz|p1a: Silvally\n|-damage|p1a: Silvally|0 fnt\n|faint|p1a: Silvally\n|-damage|p2b: Arcanine|40\/100|[from] Recoil\n|-enditem|p2b: Arcanine|Sitrus Berry|[eat]\n|-heal|p2b: Arcanine|64\/100|[from] item: Sitrus Berry\n|\n|win|IndigoDZillas\n|c|\u2606IndigoDZillas|gg mano\n|l|\u2606salles sdc\n","uploadtime":1701049696,"views":7,"p1id":"sallessdc","p2id":"indigodzillas","formatid":"gen9nationaldexdoubles","rating":0,"private":0,"password":""}