{"id":"dl-gen9nationaldexdoubles-111163","p1":"EduRufus","p2":"Salles SDC","format":"[Gen 9] National Dex Doubles","log":"|j|\u2606EduRufus\n|j|\u2606Salles SDC\n|t:|1697762657\n|gametype|doubles\n|player|p1|EduRufus|ghetsis|\n|player|p2|Salles SDC|170|\n|teamsize|p1|6\n|teamsize|p2|6\n|gen|9\n|tier|[Gen 9] National Dex Doubles\n|rule|Sleep Clause Mod: Limit one foe put to sleep\n|rule|OHKO Clause: OHKO moves are banned\n|rule|Evasion Moves Clause: Evasion moves are banned\n|rule|Endless Battle Clause: Forcing endless battles is banned\n|rule|HP Percentage Mod: HP is shown in percentages\n|rule|Z-Move Clause: Z-Moves are banned\n|clearpoke\n|poke|p1|Arbok, F|\n|poke|p1|Zeraora|\n|poke|p1|Conkeldurr, M|\n|poke|p1|Comfey, M|\n|poke|p1|Ogerpon-Hearthflame, F|\n|poke|p1|Landorus, M|\n|poke|p2|Chien-Pao|\n|poke|p2|Sinistcha|\n|poke|p2|Ursaluna-Bloodmoon, M|\n|poke|p2|Ogerpon-Cornerstone, F|\n|poke|p2|Araquanid, M|\n|poke|p2|Bruxish, M|\n|teampreview\n|c|\u2606EduRufus|zeraora - fighting \/\/ ogerpon - fire \/\/ lando - flying \/\/ comfey - fairy \/\/ arbok - dark \/\/ conk - fighting\n|c|\u2606EduRufus|bom jogo!\n|c|\u2606Salles SDC|Chien-pao ghost \/ sinistcha fairy \/ ursaluna fairy \/ ogerpon rock \/ araquanid water \/ bruxish water\n|c|\u2606Salles SDC|Bom jogo!\n|\n|t:|1697762784\n|start\n|switch|p1a: Zeraora|Zeraora|100\/100\n|switch|p1b: Arbok|Arbok, F|100\/100\n|switch|p2a: Chien-Pao|Chien-Pao|100\/100\n|switch|p2b: Ogerpon|Ogerpon-Cornerstone, F|100\/100\n|-ability|p2a: Chien-Pao|Sword of Ruin\n|-ability|p1b: Arbok|Intimidate|boost\n|-unboost|p2a: Chien-Pao|atk|1\n|-unboost|p2b: Ogerpon|atk|1\n|turn|1\n|j| Henves\n|l| Henves\n|j| Henves\n|\n|t:|1697762885\n|move|p2a: Chien-Pao|Protect|p2a: Chien-Pao\n|-singleturn|p2a: Chien-Pao|Protect\n|move|p2b: Ogerpon|Spiky Shield|p2b: Ogerpon\n|-singleturn|p2b: Ogerpon|move: Protect\n|move|p1a: Zeraora|Drain Punch|p2a: Chien-Pao\n|-activate|p2a: Chien-Pao|move: Protect\n|move|p1b: Arbok|Toxic Spikes|p2a: Chien-Pao\n|-sidestart|p2: Salles SDC|move: Toxic Spikes\n|\n|upkeep\n|turn|2\n|\n|t:|1697762905\n|move|p1a: Zeraora|Protect|p1a: Zeraora\n|-singleturn|p1a: Zeraora|Protect\n|move|p2b: Ogerpon|Follow Me|p2b: Ogerpon\n|-singleturn|p2b: Ogerpon|move: Follow Me\n|move|p2a: Chien-Pao|Psychic Fangs|p1b: Arbok\n|-supereffective|p1b: Arbok\n|-damage|p1b: Arbok|28\/100\n|move|p1b: Arbok|Toxic Spikes|p2a: Chien-Pao\n|-sidestart|p2: Salles SDC|move: Toxic Spikes\n|\n|-heal|p1b: Arbok|35\/100|[from] item: Leftovers\n|upkeep\n|turn|3\n|j| xequestospironca\n|l| xequestospironca\n|\n|t:|1697762939\n|move|p1b: Arbok|Protect|p1b: Arbok\n|-singleturn|p1b: Arbok|Protect\n|move|p2b: Ogerpon|Follow Me|p2b: Ogerpon\n|-singleturn|p2b: Ogerpon|move: Follow Me\n|move|p1a: Zeraora|Drain Punch|p2b: Ogerpon\n|-supereffective|p2b: Ogerpon\n|-damage|p2b: Ogerpon|22\/100\n|move|p2a: Chien-Pao|Ice Spinner|p1a: Zeraora\n|-damage|p1a: Zeraora|50\/100\n|\n|-heal|p1b: Arbok|41\/100|[from] item: Leftovers\n|upkeep\n|turn|4\n|\n|t:|1697762986\n|switch|p1a: Conkeldurr|Conkeldurr, M, shiny|100\/100\n|move|p2b: Ogerpon|Follow Me|p2b: Ogerpon\n|-singleturn|p2b: Ogerpon|move: Follow Me\n|move|p2a: Chien-Pao|Ice Spinner|p1b: Arbok\n|-damage|p1b: Arbok|0 fnt\n|faint|p1b: Arbok\n|\n|-status|p1a: Conkeldurr|brn|[from] item: Flame Orb\n|upkeep\n|\n|t:|1697763008\n|switch|p1b: Zeraora|Zeraora|50\/100\n|turn|5\n|\n|t:|1697763017\n|move|p2a: Chien-Pao|Protect|p2a: Chien-Pao\n|-singleturn|p2a: Chien-Pao|Protect\n|move|p2b: Ogerpon|Spiky Shield|p2b: Ogerpon\n|-singleturn|p2b: Ogerpon|move: Protect\n|move|p1b: Zeraora|Fake Out|p2a: Chien-Pao\n|-activate|p2a: Chien-Pao|move: Protect\n|move|p1a: Conkeldurr|Drain Punch|p2b: Ogerpon\n|-activate|p2b: Ogerpon|move: Protect\n|-damage|p1a: Conkeldurr|88\/100 brn|[from] Spiky Shield|[of] p2b: Ogerpon\n|\n|-damage|p1a: Conkeldurr|82\/100 brn|[from] brn\n|upkeep\n|turn|6\n|\n|t:|1697763053\n|-terastallize|p2a: Chien-Pao|Ghost\n|move|p2b: Ogerpon|Follow Me|p2b: Ogerpon\n|-singleturn|p2b: Ogerpon|move: Follow Me\n|move|p1a: Conkeldurr|Mach Punch|p2b: Ogerpon\n|-supereffective|p2b: Ogerpon\n|-damage|p2b: Ogerpon|0 fnt\n|faint|p2b: Ogerpon\n|move|p1b: Zeraora|Drain Punch|p2a: Chien-Pao\n|-immune|p2a: Chien-Pao\n|move|p2a: Chien-Pao|Psychic Fangs|p1a: Conkeldurr\n|-supereffective|p1a: Conkeldurr\n|-damage|p1a: Conkeldurr|27\/100 brn\n|\n|-damage|p1a: Conkeldurr|21\/100 brn|[from] brn\n|upkeep\n|\n|t:|1697763172\n|switch|p2b: Sinistcha|Sinistcha|100\/100\n|-status|p2b: Sinistcha|tox\n|turn|7\n|\n|t:|1697763224\n|switch|p1a: Ogerpon|Ogerpon-Hearthflame, F|100\/100\n|-ability|p1a: Ogerpon|Mold Breaker\n|move|p1b: Zeraora|Protect|p1b: Zeraora\n|-singleturn|p1b: Zeraora|Protect\n|move|p2a: Chien-Pao|Protect|p2a: Chien-Pao\n|-singleturn|p2a: Chien-Pao|Protect\n|move|p2b: Sinistcha|Matcha Gotcha|p1a: Ogerpon|[spread] p1a\n|-activate|p1b: Zeraora|move: Protect\n|-resisted|p1a: Ogerpon\n|-damage|p1a: Ogerpon|94\/100\n|\n|-damage|p2b: Sinistcha|94\/100 tox|[from] psn\n|upkeep\n|turn|8\n|\n|t:|1697763325\n|switch|p1b: Comfey|Comfey, M, shiny|100\/100\n|switch|p2b: Araquanid|Araquanid, M|100\/100\n|-status|p2b: Araquanid|tox\n|-terastallize|p1a: Ogerpon|Fire\n|detailschange|p1a: Ogerpon|Ogerpon-Hearthflame-Tera, F, tera:Fire\n|-ability|p1a: Ogerpon|Embody Aspect (Hearthflame)|boost\n|-boost|p1a: Ogerpon|atk|1\n|move|p2a: Chien-Pao|Ice Spinner|p1b: Comfey\n|-damage|p1b: Comfey|69\/100\n|move|p1a: Ogerpon|Ivy Cudgel|p2a: Chien-Pao\n|-crit|p2a: Chien-Pao\n|-damage|p2a: Chien-Pao|0 fnt\n|faint|p2a: Chien-Pao\n|\n|-damage|p2b: Araquanid|94\/100 tox|[from] psn\n|upkeep\n|\n|t:|1697763342\n|switch|p2a: Bruxish|Bruxish, M|100\/100\n|-status|p2a: Bruxish|tox\n|turn|9\n|\n|t:|1697763435\n|move|p1a: Ogerpon|Protect|p1a: Ogerpon\n|-singleturn|p1a: Ogerpon|Protect\n|move|p1b: Comfey|Protect|p1b: Comfey\n|-singleturn|p1b: Comfey|Protect\n|move|p2a: Bruxish|Protect|p2a: Bruxish\n|-singleturn|p2a: Bruxish|Protect\n|move|p2b: Araquanid|Liquidation|p1a: Ogerpon\n|-activate|p1a: Ogerpon|move: Protect\n|\n|-damage|p2a: Bruxish|94\/100 tox|[from] psn\n|-damage|p2b: Araquanid|82\/100 tox|[from] psn\n|upkeep\n|turn|10\n|j| SteveChucksEnvoy\n|\n|t:|1697763530\n|move|p2a: Bruxish|Aqua Jet|p1a: Ogerpon\n|-supereffective|p1a: Ogerpon\n|-damage|p1a: Ogerpon|44\/100\n|move|p1a: Ogerpon|Ivy Cudgel|p2b: Araquanid\n|-damage|p2b: Araquanid|23\/100 tox\n|move|p1b: Comfey|Pollen Puff|p2a: Bruxish\n|-supereffective|p2a: Bruxish\n|-damage|p2a: Bruxish|50\/100 tox\n|move|p2b: Araquanid|Liquidation|p1b: Comfey\n|-damage|p1b: Comfey|2\/100\n|\n|-damage|p2a: Bruxish|38\/100 tox|[from] psn\n|-damage|p2b: Araquanid|4\/100 tox|[from] psn\n|upkeep\n|turn|11\n|\n|t:|1697763576\n|move|p1a: Ogerpon|Protect|p1a: Ogerpon\n|-singleturn|p1a: Ogerpon|Protect\n|move|p1b: Comfey|Protect|p1b: Comfey\n|-singleturn|p1b: Comfey|Protect\n|move|p2a: Bruxish|Protect|p2a: Bruxish\n|-singleturn|p2a: Bruxish|Protect\n|move|p2b: Araquanid|Liquidation|p1a: Ogerpon\n|-activate|p1a: Ogerpon|move: Protect\n|\n|-damage|p2a: Bruxish|19\/100 tox|[from] psn\n|-damage|p2b: Araquanid|0 fnt|[from] psn\n|faint|p2b: Araquanid\n|upkeep\n|\n|t:|1697763600\n|switch|p2b: Sinistcha|Sinistcha|94\/100 tox\n|-heal|p2a: Bruxish|44\/100 tox|[from] ability: Hospitality|[of] p2b: Sinistcha\n|turn|12\n|l| SteveChucksEnvoy\n|\n|t:|1697763657\n|move|p2a: Bruxish|Aqua Jet|p1a: Ogerpon\n|-supereffective|p1a: Ogerpon\n|-damage|p1a: Ogerpon|0 fnt\n|faint|p1a: Ogerpon\n|move|p1b: Comfey|Pollen Puff|p1: Ogerpon|[notarget]\n|-fail|p1b: Comfey\n|move|p2b: Sinistcha|Matcha Gotcha|p1b: Comfey\n|-damage|p1b: Comfey|0 fnt\n|-heal|p2b: Sinistcha|95\/100 tox|[from] drain|[of] p1b: Comfey\n|faint|p1b: Comfey\n|\n|-damage|p2a: Bruxish|19\/100 tox|[from] psn\n|-damage|p2b: Sinistcha|89\/100 tox|[from] psn\n|upkeep\n|\n|t:|1697763692\n|switch|p1a: Zeraora|Zeraora|50\/100\n|switch|p1b: Landorus|Landorus, M|100\/100\n|turn|13\n|\n|t:|1697763740\n|move|p1a: Zeraora|Protect|p1a: Zeraora\n|-singleturn|p1a: Zeraora|Protect\n|move|p1b: Landorus|Protect|p1b: Landorus\n|-singleturn|p1b: Landorus|Protect\n|move|p2a: Bruxish|Aqua Jet|p1b: Landorus\n|-activate|p1b: Landorus|move: Protect\n|move|p2b: Sinistcha|Matcha Gotcha|p1a: Zeraora|[spread] \n|-activate|p1a: Zeraora|move: Protect\n|-activate|p1b: Landorus|move: Protect\n|\n|-damage|p2a: Bruxish|0 fnt|[from] psn\n|faint|p2a: Bruxish\n|-damage|p2b: Sinistcha|77\/100 tox|[from] psn\n|upkeep\n|\n|t:|1697763755\n|switch|p2a: Ursaluna|Ursaluna-Bloodmoon, M|100\/100\n|-status|p2a: Ursaluna|tox\n|turn|14\n|\n|t:|1697763811\n|move|p2b: Sinistcha|Rage Powder|p2b: Sinistcha\n|-singleturn|p2b: Sinistcha|move: Rage Powder\n|move|p1a: Zeraora|Drain Punch|p2b: Sinistcha\n|-immune|p2b: Sinistcha\n|move|p1b: Landorus|Earth Power|p2b: Sinistcha\n|-resisted|p2b: Sinistcha\n|-damage|p2b: Sinistcha|35\/100 tox\n|move|p2a: Ursaluna|Hyper Voice|p1b: Landorus|[spread] p1a,p1b\n|-damage|p1a: Zeraora|0 fnt\n|-damage|p1b: Landorus|46\/100\n|faint|p1a: Zeraora\n|\n|-damage|p2b: Sinistcha|17\/100 tox|[from] psn\n|-damage|p2a: Ursaluna|94\/100 tox|[from] psn\n|upkeep\n|\n|t:|1697763824\n|switch|p1a: Conkeldurr|Conkeldurr, M, shiny|21\/100 brn\n|turn|15\n|\n|t:|1697763846\n|move|p1b: Landorus|Protect|p1b: Landorus\n|-singleturn|p1b: Landorus|Protect\n|move|p1a: Conkeldurr|Protect|p1a: Conkeldurr\n|-singleturn|p1a: Conkeldurr|Protect\n|move|p2b: Sinistcha|Strength Sap|p1a: Conkeldurr\n|-activate|p1a: Conkeldurr|move: Protect\n|move|p2a: Ursaluna|Hyper Voice|p1a: Conkeldurr|[spread] \n|-activate|p1a: Conkeldurr|move: Protect\n|-activate|p1b: Landorus|move: Protect\n|\n|-damage|p2b: Sinistcha|0 fnt|[from] psn\n|faint|p2b: Sinistcha\n|-damage|p2a: Ursaluna|82\/100 tox|[from] psn\n|-damage|p1a: Conkeldurr|15\/100 brn|[from] brn\n|upkeep\n|turn|16\n|c|\u2606Salles SDC|Cara, joguei errado\n|c|\u2606Salles SDC|Nossa, muita burrice\n|\n|t:|1697763877\n|move|p1a: Conkeldurr|Mach Punch|p2a: Ursaluna\n|-supereffective|p2a: Ursaluna\n|-enditem|p2a: Ursaluna|Chople Berry|[eat]\n|-enditem|p2a: Ursaluna|Chople Berry|[weaken]\n|-damage|p2a: Ursaluna|57\/100 tox\n|move|p1b: Landorus|Focus Blast|p2a: Ursaluna\n|-supereffective|p2a: Ursaluna\n|-damage|p2a: Ursaluna|0 fnt\n|faint|p2a: Ursaluna\n|\n|win|EduRufus\n|c|\u2606Salles SDC|Eu tinha ganhado\n|c|\u2606EduRufus|cacete\n|c|\u2606EduRufus|tinha\n|c|\u2606Salles SDC|Era ter s\u00f3 dado strenght sapp na ursaluna\n|l| Henves\n|c|\u2606Salles SDC|Nossa, que vacilo\n|c|\u2606EduRufus|sim\n|c|\u2606EduRufus|podia\n|c|\u2606EduRufus|mas no calor do final de uma batalha... nem sempre pensamos direito\n","uploadtime":1697763943,"views":9,"p1id":"edurufus","p2id":"sallessdc","formatid":"gen9nationaldexdoubles","rating":0,"private":0,"password":""}