{"id":"dl-gen9nationaldexdoubles-120052","p1":"Gioilele","p2":"Griffin07","format":"[Gen 9] National Dex Doubles","log":"|j|\u2606Gioilele\n|j|\u2606Griffin07\n|t:|1699837161\n|gametype|doubles\n|player|p1|Gioilele|265|\n|player|p2|Griffin07|102|\n|teamsize|p1|6\n|teamsize|p2|6\n|gen|9\n|tier|[Gen 9] National Dex Doubles\n|rule|Sleep Clause Mod: Limit one foe put to sleep\n|rule|OHKO Clause: OHKO moves are banned\n|rule|Evasion Moves Clause: Evasion moves are banned\n|rule|Endless Battle Clause: Forcing endless battles is banned\n|rule|HP Percentage Mod: HP is shown in percentages\n|rule|Z-Move Clause: Z-Moves are banned\n|clearpoke\n|poke|p1|Gholdengo|\n|poke|p1|Kilowattrel, F|\n|poke|p1|Chi-Yu|\n|poke|p1|Landorus-Therian, M|\n|poke|p1|Ogerpon-Wellspring, F|\n|poke|p1|Hatterene, F|\n|poke|p2|Palkia-Origin|\n|poke|p2|Ursaluna, F|\n|poke|p2|Grafaiai, F|\n|poke|p2|Slaking, M|\n|poke|p2|Murkrow, M|\n|poke|p2|Dracozolt|\n|teampreview\n|c|\u2606Gioilele|glhf\n|c|\u2606Griffin07|gl hf!\n|\n|t:|1699837188\n|start\n|switch|p1a: Chi-Yu|Chi-Yu|100\/100\n|switch|p1b: Kilowattrel|Kilowattrel, F|100\/100\n|switch|p2a: Murkrow|Murkrow, M|100\/100\n|switch|p2b: Ursaluna|Ursaluna, F|100\/100\n|-ability|p1a: Chi-Yu|Beads of Ruin\n|turn|1\n|\n|t:|1699837209\n|switch|p1a: Landorus|Landorus-Therian, M|100\/100\n|-ability|p1a: Landorus|Intimidate|boost\n|-unboost|p2a: Murkrow|atk|1\n|-unboost|p2b: Ursaluna|atk|1\n|move|p2a: Murkrow|Tailwind|p2a: Murkrow\n|-sidestart|p2: Griffin07|move: Tailwind\n|move|p1b: Kilowattrel|Volt Switch|p2a: Murkrow\n|-supereffective|p2a: Murkrow\n|-damage|p2a: Murkrow|26\/100\n|\n|t:|1699837222\n|switch|p1b: Ogerpon|Ogerpon-Wellspring, F|100\/100|[from] Volt Switch\n|move|p2b: Ursaluna|Earthquake|p1a: Landorus|[spread] p1b\n|-immune|p2a: Murkrow\n|-immune|p1a: Landorus\n|-resisted|p1b: Ogerpon\n|-damage|p1b: Ogerpon|85\/100\n|\n|-status|p2b: Ursaluna|brn|[from] item: Flame Orb\n|upkeep\n|turn|2\n|\n|t:|1699837251\n|move|p2a: Murkrow|Thunder Wave|p1b: Ogerpon\n|-status|p1b: Ogerpon|par\n|move|p1a: Landorus|Rock Slide|p2b: Ursaluna|[spread] p2a,p2b\n|-supereffective|p2a: Murkrow\n|-resisted|p2b: Ursaluna\n|-damage|p2a: Murkrow|0 fnt\n|-damage|p2b: Ursaluna|93\/100 brn\n|faint|p2a: Murkrow\n|move|p2b: Ursaluna|Gunk Shot|p1b: Ogerpon\n|-supereffective|p1b: Ogerpon\n|-damage|p1b: Ogerpon|0 fnt\n|faint|p1b: Ogerpon\n|\n|-damage|p2b: Ursaluna|87\/100 brn|[from] brn\n|upkeep\n|\n|t:|1699837268\n|switch|p1b: Kilowattrel|Kilowattrel, F|100\/100\n|switch|p2a: Palkia|Palkia-Origin|100\/100\n|turn|3\n|j| edurufus\n|\n|t:|1699837310\n|move|p2a: Palkia|Ice Beam|p1a: Landorus\n|-supereffective|p1a: Landorus\n|-crit|p1a: Landorus\n|-damage|p1a: Landorus|0 fnt\n|faint|p1a: Landorus\n|move|p1b: Kilowattrel|Tailwind|p1b: Kilowattrel\n|-sidestart|p1: Gioilele|move: Tailwind\n|move|p2b: Ursaluna|Gunk Shot|p1b: Kilowattrel\n|-damage|p1b: Kilowattrel|14\/100\n|\n|-damage|p2b: Ursaluna|81\/100 brn|[from] brn\n|upkeep\n|\n|t:|1699837326\n|switch|p1a: Chi-Yu|Chi-Yu|100\/100\n|-ability|p1a: Chi-Yu|Beads of Ruin\n|turn|4\n|\n|t:|1699837365\n|-terastallize|p1a: Chi-Yu|Fairy\n|move|p1b: Kilowattrel|Air Slash|p2b: Ursaluna\n|-damage|p2b: Ursaluna|44\/100 brn\n|move|p2a: Palkia|Ice Beam|p1b: Kilowattrel\n|-supereffective|p1b: Kilowattrel\n|-damage|p1b: Kilowattrel|0 fnt\n|faint|p1b: Kilowattrel\n|move|p1a: Chi-Yu|Tera Blast|p2a: Palkia|[anim] Tera Blast Fairy\n|-supereffective|p2a: Palkia\n|-damage|p2a: Palkia|0 fnt\n|faint|p2a: Palkia\n|move|p2b: Ursaluna|Earthquake|p1a: Chi-Yu\n|-damage|p1a: Chi-Yu|8\/100\n|\n|-damage|p2b: Ursaluna|38\/100 brn|[from] brn\n|-sideend|p2: Griffin07|move: Tailwind\n|upkeep\n|\n|t:|1699837391\n|switch|p1b: Gholdengo|Gholdengo|100\/100\n|switch|p2a: Grafaiai|Grafaiai, F|100\/100\n|turn|5\n|\n|t:|1699837413\n|switch|p1a: Hatterene|Hatterene, F|100\/100\n|switch|p2b: Slaking|Slaking, M|100\/100\n|move|p2a: Grafaiai|Doodle|p1a: Hatterene\n|-endability|p2a: Grafaiai|Prankster|[from] move: Doodle\n|-ability|p2a: Grafaiai|Magic Bounce|[from] move: Doodle\n|-endability|p2b: Slaking|Truant|[from] move: Doodle\n|-ability|p2b: Slaking|Magic Bounce|[from] move: Doodle\n|move|p1b: Gholdengo|Make It Rain|p2a: Grafaiai|[spread] p2a,p2b\n|-damage|p2a: Grafaiai|50\/100\n|-damage|p2b: Slaking|66\/100\n|-unboost|p1b: Gholdengo|spa|1\n|\n|upkeep\n|turn|6\n|\n|t:|1699837445\n|move|p1b: Gholdengo|Make It Rain|p2a: Grafaiai|[spread] p2a,p2b\n|-damage|p2a: Grafaiai|18\/100\n|-damage|p2b: Slaking|42\/100\n|-unboost|p1b: Gholdengo|spa|1\n|move|p2a: Grafaiai|Poison Jab|p1a: Hatterene\n|-supereffective|p1a: Hatterene\n|-damage|p1a: Hatterene|40\/100\n|-enditem|p1a: Hatterene|Sitrus Berry|[eat]\n|-heal|p1a: Hatterene|65\/100|[from] item: Sitrus Berry\n|move|p2b: Slaking|Body Slam|p1a: Hatterene\n|-damage|p1a: Hatterene|5\/100\n|move|p1a: Hatterene|Psychic|p2a: Grafaiai\n|-supereffective|p2a: Grafaiai\n|-damage|p2a: Grafaiai|0 fnt\n|faint|p2a: Grafaiai\n|\n|-sideend|p1: Gioilele|move: Tailwind\n|upkeep\n|\n|t:|1699837463\n|switch|p2a: Dracozolt|Dracozolt|100\/100\n|turn|7\n|\n|t:|1699837486\n|switch|p1b: Chi-Yu|Chi-Yu, tera:Fairy|8\/100\n|-ability|p1b: Chi-Yu|Beads of Ruin\n|move|p2a: Dracozolt|Bolt Beak|p1b: Chi-Yu\n|-damage|p1b: Chi-Yu|0 fnt\n|faint|p1b: Chi-Yu\n|move|p2b: Slaking|Trailblaze|p1a: Hatterene\n|-damage|p1a: Hatterene|0 fnt\n|-boost|p2b: Slaking|spe|1\n|faint|p1a: Hatterene\n|\n|upkeep\n|c|\u2606Griffin07|gg\n|\n|t:|1699837499\n|switch|p1b: Gholdengo|Gholdengo|100\/100\n|turn|8\n|c|\u2606Gioilele|gg\n|\n|t:|1699837516\n|move|p1b: Gholdengo|Protect|p1b: Gholdengo\n|-singleturn|p1b: Gholdengo|Protect\n|move|p2b: Slaking|Rock Slide|p1b: Gholdengo\n|-activate|p1b: Gholdengo|move: Protect\n|move|p2a: Dracozolt|Bolt Beak|p1b: Gholdengo\n|-activate|p1b: Gholdengo|move: Protect\n|\n|upkeep\n|turn|9\n|\n|t:|1699837532\n|move|p2b: Slaking|Earthquake|p1b: Gholdengo|[spread] p2a,p1b\n|-supereffective|p2a: Dracozolt\n|-supereffective|p1b: Gholdengo\n|-damage|p2a: Dracozolt|22\/100\n|-damage|p1b: Gholdengo|36\/100\n|move|p2a: Dracozolt|Bolt Beak|p1b: Gholdengo\n|-damage|p1b: Gholdengo|0 fnt\n|faint|p1b: Gholdengo\n|\n|win|Griffin07\n|c| edurufus|Quick battle\n","uploadtime":1699837545,"views":47,"p1id":"gioilele","p2id":"griffin07","formatid":"gen9nationaldexdoubles","rating":0,"private":0,"password":""}