{"id":"dl-gen9nationaldexdoubles-124281","p1":"Rubyflame57","p2":"Superperson00","format":"[Gen 9] National Dex Doubles","log":"|j|\u2606Rubyflame57\n|j|\u2606Superperson00\n|t:|1700961256\n|gametype|doubles\n|player|p1|Rubyflame57|102|\n|player|p2|Superperson00|surfer|\n|teamsize|p1|6\n|teamsize|p2|6\n|gen|9\n|tier|[Gen 9] National Dex Doubles\n|rule|Sleep Clause Mod: Limit one foe put to sleep\n|rule|OHKO Clause: OHKO moves are banned\n|rule|Evasion Moves Clause: Evasion moves are banned\n|rule|Endless Battle Clause: Forcing endless battles is banned\n|rule|HP Percentage Mod: HP is shown in percentages\n|rule|Z-Move Clause: Z-Moves are banned\n|clearpoke\n|poke|p1|Goodra, F|\n|poke|p1|Goodra-Hisui, F|\n|poke|p1|Toxtricity, F|\n|poke|p1|Sylveon, M|\n|poke|p1|Slowbro, M|\n|poke|p1|Porygon2|\n|poke|p2|Rillaboom, F|\n|poke|p2|Salamence, M|\n|poke|p2|Glimmora, M|\n|poke|p2|Alcremie, F|\n|poke|p2|Basculegion, M|\n|poke|p2|Volcarona, M|\n|teampreview\n|c|\u2606Superperson00|hf\n|c|\u2606Superperson00|<3\n|c|\u2606Rubyflame57|glhf\n|j| Stevarino64\n|j| DiegoNegro\n|c|\u2606Superperson00|I sense a colour theme\n|\n|t:|1700961313\n|start\n|switch|p1a: Goofus Doofus|Goodra-Hisui, F, shiny|100\/100\n|switch|p1b: Prince Cononical|Slowbro, M|100\/100\n|switch|p2a: Heavy Metal|Rillaboom, F|100\/100\n|switch|p2b: Can't Touch This|Glimmora, M|100\/100\n|-fieldstart|move: Grassy Terrain|[from] ability: Grassy Surge|[of] p2a: Heavy Metal\n|-item|p1b: Prince Cononical|Air Balloon\n|turn|1\n|c|\u2606Rubyflame57|Grassy Surge, noo\n|\n|t:|1700961342\n|move|p2a: Heavy Metal|Fake Out|p1b: Prince Cononical\n|-damage|p1b: Prince Cononical|89\/100\n|-enditem|p1b: Prince Cononical|Air Balloon\n|move|p2b: Can't Touch This|Toxic|p1a: Goofus Doofus\n|-status|p1a: Goofus Doofus|tox\n|move|p1a: Goofus Doofus|Earthquake|p2a: Heavy Metal|[spread] p1b,p2a,p2b\n|-resisted|p2a: Heavy Metal\n|-supereffective|p2b: Can't Touch This\n|-damage|p1b: Prince Cononical|83\/100\n|-damage|p2a: Heavy Metal|97\/100\n|-damage|p2b: Can't Touch This|72\/100\n|cant|p1b: Prince Cononical|flinch\n|\n|-heal|p2b: Can't Touch This|79\/100|[from] Grassy Terrain\n|-heal|p2b: Can't Touch This|85\/100|[from] item: Black Sludge\n|-heal|p2a: Heavy Metal|100\/100|[from] Grassy Terrain\n|-heal|p1b: Prince Cononical|89\/100|[from] Grassy Terrain\n|-damage|p1a: Goofus Doofus|94\/100 tox|[from] psn\n|upkeep\n|turn|2\n|\n|t:|1700961378\n|move|p2b: Can't Touch This|Spiky Shield|p2b: Can't Touch This\n|-singleturn|p2b: Can't Touch This|move: Protect\n|move|p2a: Heavy Metal|High Horsepower|p1a: Goofus Doofus\n|-supereffective|p1a: Goofus Doofus\n|-damage|p1a: Goofus Doofus|27\/100 tox\n|move|p1a: Goofus Doofus|Fire Blast|p2a: Heavy Metal\n|-supereffective|p2a: Heavy Metal\n|-damage|p2a: Heavy Metal|47\/100\n|move|p1b: Prince Cononical|Substitute|p1b: Prince Cononical\n|-start|p1b: Prince Cononical|Substitute\n|-damage|p1b: Prince Cononical|64\/100\n|\n|-heal|p2b: Can't Touch This|91\/100|[from] Grassy Terrain\n|-heal|p2b: Can't Touch This|97\/100|[from] item: Black Sludge\n|-heal|p2a: Heavy Metal|53\/100|[from] Grassy Terrain\n|-heal|p1a: Goofus Doofus|33\/100 tox|[from] Grassy Terrain\n|-heal|p1b: Prince Cononical|70\/100|[from] Grassy Terrain\n|-damage|p1a: Goofus Doofus|21\/100 tox|[from] psn\n|upkeep\n|turn|3\n|\n|t:|1700961410\n|switch|p1a: PP|Porygon2|100\/100\n|move|p2b: Can't Touch This|Spikes|p1b: Prince Cononical\n|-sidestart|p1: Rubyflame57|Spikes\n|move|p2a: Heavy Metal|High Horsepower|p1a: PP\n|-damage|p1a: PP|75\/100\n|move|p1b: Prince Cononical|Fire Blast|p2a: Heavy Metal\n|-supereffective|p2a: Heavy Metal\n|-damage|p2a: Heavy Metal|1\/100\n|-status|p2a: Heavy Metal|brn\n|\n|-heal|p2b: Can't Touch This|100\/100|[from] Grassy Terrain\n|-heal|p2a: Heavy Metal|7\/100 brn|[from] Grassy Terrain\n|-heal|p1a: PP|81\/100|[from] Grassy Terrain\n|-heal|p1b: Prince Cononical|76\/100|[from] Grassy Terrain\n|-damage|p2a: Heavy Metal|1\/100 brn|[from] brn\n|upkeep\n|turn|4\n|c|\u2606Rubyflame57|bruh why\n|c|\u2606Superperson00|not even close\n|\n|t:|1700961435\n|move|p2b: Can't Touch This|Substitute|p2b: Can't Touch This\n|-start|p2b: Can't Touch This|Substitute\n|-damage|p2b: Can't Touch This|76\/100\n|move|p2a: Heavy Metal|Knock Off|p1a: PP\n|-damage|p1a: PP|69\/100\n|-enditem|p1a: PP|Eviolite|[from] move: Knock Off|[of] p2a: Heavy Metal\n|move|p1a: PP|Recover|p1a: PP\n|-heal|p1a: PP|100\/100\n|move|p1b: Prince Cononical|Calm Mind|p1b: Prince Cononical\n|-boost|p1b: Prince Cononical|spa|1\n|-boost|p1b: Prince Cononical|spd|1\n|\n|-heal|p2b: Can't Touch This|82\/100|[from] Grassy Terrain\n|-heal|p2b: Can't Touch This|88\/100|[from] item: Black Sludge\n|-heal|p2a: Heavy Metal|7\/100 brn|[from] Grassy Terrain\n|-heal|p1b: Prince Cononical|82\/100|[from] Grassy Terrain\n|-damage|p2a: Heavy Metal|1\/100 brn|[from] brn\n|upkeep\n|turn|5\n|\n|t:|1700961456\n|move|p2a: Heavy Metal|Grassy Glide|p1b: Prince Cononical\n|-supereffective|p1b: Prince Cononical\n|-end|p1b: Prince Cononical|Substitute\n|move|p2b: Can't Touch This|Spikes|p1a: PP\n|-sidestart|p1: Rubyflame57|Spikes\n|move|p1a: PP|Toxic||[still]\n|-fail|p1a: PP\n|move|p1b: Prince Cononical|Psychic|p2a: Heavy Metal\n|-damage|p2a: Heavy Metal|0 fnt\n|faint|p2a: Heavy Metal\n|\n|-heal|p2b: Can't Touch This|94\/100|[from] Grassy Terrain\n|-heal|p2b: Can't Touch This|100\/100|[from] item: Black Sludge\n|-heal|p1b: Prince Cononical|89\/100|[from] Grassy Terrain\n|-fieldend|move: Grassy Terrain\n|upkeep\n|c| DiegoNegro|\/html <img src=\"https:\/\/cdn.discordapp.com\/emojis\/823425659249754132.gif?size=96&quality=lossless\" width=\"32\" height=\"32\" alt=\"sphealchair\" title=\":sphealchair:\">\n|\n|t:|1700961478\n|switch|p2a: Magikarp 2|Basculegion, M|100\/100\n|turn|6\n|\n|t:|1700961518\n|move|p2b: Can't Touch This|Spikes|p1b: Prince Cononical\n|-sidestart|p1: Rubyflame57|Spikes\n|move|p2a: Magikarp 2|Last Respects|p1b: Prince Cononical\n|-supereffective|p1b: Prince Cononical\n|-damage|p1b: Prince Cononical|0 fnt\n|faint|p1b: Prince Cononical\n|move|p1a: PP|Tri Attack|p2a: Magikarp 2\n|-immune|p2a: Magikarp 2\n|\n|upkeep\n|c|\u2606Rubyflame57|lol I forgot\n|c|\u2606Superperson00|i dodged it\n|c|\u2606Superperson00|it's okay it'll hit next turn\n|\n|t:|1700961548\n|switch|p1b: Pastor Grumps|Toxtricity, F, shiny|100\/100\n|-damage|p1b: Pastor Grumps|76\/100|[from] Spikes\n|turn|7\n|j| SILVESTRON\n|n| Milotic42|milotic42\n|c| Milotic42|\/html :lechonk:\n|c| Milotic42|\/html <img src=\"https:\/\/cdn.discordapp.com\/emojis\/983095527434485870.webp?size=96&quality=lossless\" width=\"32\" height=\"32\" alt=\"lechonkdies\" title=\":lechonkdies:\">\n|c|\u2606Superperson00|how are you sending these\n|c| SILVESTRON|\/html <img src=\"https:\/\/cdn.discordapp.com\/emojis\/823425659249754132.gif?size=96&quality=lossless\" width=\"32\" height=\"32\" alt=\"sphealchair\" title=\":sphealchair:\">\n|c| DiegoNegro|\/html <img src=\"https:\/\/cdn.discordapp.com\/emojis\/660987723796054028.png\" width=\"32\" height=\"32\" alt=\"niceboots\" title=\":niceboots:\">\n|c|\u2606Superperson00|sphealchair\n|c| Stevarino64|Super\n|c|\u2606Superperson00|huh??\n|c|\u2606Superperson00|yo\n|c| Stevarino64|You have to call the emoji bot first\n|c| DiegoNegro|\/html :lethimcook:\n|c| Milotic42|\/html <img src=\"https:\/\/cdn.discordapp.com\/emojis\/1062445915396386878.webp?size=240&quality=lossless\" width=\"32\" height=\"32\" alt=\"wochien\" title=\":wochien:\"> me seeing steve ask for scientology help in public chat\n|c|\u2606Superperson00|0424 246 215\n|c| DiegoNegro|aww shoot what was it\n|c| Stevarino64|\/html You put : tricked : followed by the emoji name you want\n|c| Stevarino64|Like this\n|\n|t:|1700961656\n|move|p2a: Magikarp 2|Protect|p2a: Magikarp 2\n|-singleturn|p2a: Magikarp 2|Protect\n|move|p2b: Can't Touch This|Toxic|p1b: Pastor Grumps\n|-status|p1b: Pastor Grumps|tox\n|move|p1b: Pastor Grumps|Overdrive|p2b: Can't Touch This|[spread] p2b\n|-activate|p2a: Magikarp 2|move: Protect\n|-damage|p2b: Can't Touch This|68\/100\n|move|p1a: PP|Toxic|p2a: Magikarp 2\n|-activate|p2a: Magikarp 2|move: Protect\n|\n|-heal|p2b: Can't Touch This|74\/100|[from] item: Black Sludge\n|-damage|p1b: Pastor Grumps|69\/100 tox|[from] psn\n|upkeep\n|turn|8\n|c| Stevarino64|\/html <img src=\"https:\/\/cdn.discordapp.com\/emojis\/660987723796054028.png\" width=\"32\" height=\"32\" alt=\"niceboots\" title=\":niceboots:\">\n|c|\u2606Superperson00|he's not picking up\n|c| DiegoNegro|\/html <img src=\"https:\/\/cdn.discordapp.com\/attachments\/432618192855105539\/861885887985745940\/tricked.png\" width=\"32\" height=\"32\" alt=\"tricked\" title=\":tricked:\">\n|c| Stevarino64|I'\n|\n|t:|1700961690\n|switch|p2a: Not Mamoswine :(|Volcarona, M|100\/100\n|move|p2b: Can't Touch This|Toxic|p1a: PP\n|-status|p1a: PP|tox\n|move|p1b: Pastor Grumps|Overdrive|p2b: Can't Touch This|[spread] p2a,p2b\n|-damage|p2a: Not Mamoswine :(|74\/100\n|-damage|p2b: Can't Touch This|41\/100\n|move|p1a: PP|Toxic|p2a: Not Mamoswine :(\n|-status|p2a: Not Mamoswine :(|tox\n|\n|-heal|p2b: Can't Touch This|47\/100|[from] item: Black Sludge\n|-damage|p2a: Not Mamoswine :(|68\/100 tox|[from] psn\n|-damage|p1b: Pastor Grumps|57\/100 tox|[from] psn\n|-damage|p1a: PP|94\/100 tox|[from] psn\n|upkeep\n|turn|9\n|c| Stevarino64|I can't type it out without just calling it\n|c| Stevarino64|But it's colon tricked colon emoji name\n|c| Milotic42|>that name\n|c| DiegoNegro|lots of poison \n|c|\u2606Superperson00|\/html <img src=\"https:\/\/cdn.discordapp.com\/attachments\/432618192855105539\/861885887985745940\/tricked.png\" width=\"32\" height=\"32\" alt=\"tricked\" title=\":tricked:\"> sphealchair\n|c|\u2606Superperson00|????\n|c| DiegoNegro|\/html <img src=\"https:\/\/cdn.discordapp.com\/attachments\/432618192855105539\/861885887985745940\/tricked.png\" width=\"32\" height=\"32\" alt=\"tricked\" title=\":tricked:\">\n|c| Stevarino64|I can't believe it worked\n|c| Milotic42|\/html <img src=\"https:\/\/cdn.discordapp.com\/emojis\/297415912280162307.png\" width=\"32\" height=\"32\" alt=\"thonk\" title=\":thonk:\">\n|c| Stevarino64|\/html You've been <img src=\"https:\/\/cdn.discordapp.com\/attachments\/432618192855105539\/861885887985745940\/tricked.png\" width=\"32\" height=\"32\" alt=\"tricked\" title=\":tricked:\">\n|c|\u2606Rubyflame57|I keep forgetting type omg\n|c|\u2606Rubyflame57|I feel so rusty\n|\n|t:|1700961753\n|move|p2b: Can't Touch This|Spiky Shield|p2b: Can't Touch This\n|-singleturn|p2b: Can't Touch This|move: Protect\n|move|p2a: Not Mamoswine :(|Tailwind|p2a: Not Mamoswine :(\n|-sidestart|p2: Superperson00|move: Tailwind\n|move|p1b: Pastor Grumps|Boomburst|p2b: Can't Touch This|[spread] p1a,p2a\n|-activate|p2b: Can't Touch This|move: Protect\n|-damage|p1a: PP|60\/100 tox\n|-damage|p2a: Not Mamoswine :(|40\/100 tox\n|-enditem|p2a: Not Mamoswine :(|Sitrus Berry|[eat]\n|-heal|p2a: Not Mamoswine :(|65\/100 tox|[from] item: Sitrus Berry\n|move|p1a: PP|Tri Attack|p2a: Not Mamoswine :(\n|-damage|p2a: Not Mamoswine :(|43\/100 tox\n|\n|-heal|p2b: Can't Touch This|53\/100|[from] item: Black Sludge\n|-damage|p2a: Not Mamoswine :(|30\/100 tox|[from] psn\n|-damage|p1b: Pastor Grumps|38\/100 tox|[from] psn\n|-damage|p1a: PP|48\/100 tox|[from] psn\n|upkeep\n|turn|10\n|c|\u2606Rubyflame57|and I just played last sesaon\n|c| Stevarino64|I'll summon Andrew to put you through a brief boot camp\n|\n|t:|1700961790\n|switch|p2b: Nicest Pavlova|Alcremie, F|100\/100\n|move|p2a: Not Mamoswine :(|U-turn|p1b: Pastor Grumps\n|-resisted|p1b: Pastor Grumps\n|-damage|p1b: Pastor Grumps|29\/100 tox\n|\n|t:|1700961807\n|switch|p2a: F-35A Lightning II|Salamence, M|100\/100|[from] U-turn\n|-ability|p2a: F-35A Lightning II|Intimidate|boost\n|-unboost|p1a: PP|atk|1\n|-unboost|p1b: Pastor Grumps|atk|1\n|move|p1b: Pastor Grumps|Overdrive|p2b: Nicest Pavlova|[spread] p2a,p2b\n|-damage|p2a: F-35A Lightning II|61\/100\n|-damage|p2b: Nicest Pavlova|76\/100\n|move|p1a: PP|Recover|p1a: PP\n|-heal|p1a: PP|98\/100 tox\n|\n|-damage|p1b: Pastor Grumps|4\/100 tox|[from] psn\n|-damage|p1a: PP|80\/100 tox|[from] psn\n|upkeep\n|turn|11\n|c| Milotic42|just type \\!weakness pokemon before you hit anything\n|c|\u2606Rubyflame57|True forgot that was thing\n|\n|t:|1700961856\n|detailschange|p2a: F-35A Lightning II|Salamence-Mega, M\n|-mega|p2a: F-35A Lightning II|Salamence|Salamencite\n|move|p2a: F-35A Lightning II|Hyper Voice|p1a: PP|[spread] p1a,p1b\n|-resisted|p1b: Pastor Grumps\n|-damage|p1a: PP|48\/100 tox\n|-damage|p1b: Pastor Grumps|0 fnt\n|faint|p1b: Pastor Grumps\n|move|p2b: Nicest Pavlova|Decorate|p2a: F-35A Lightning II\n|-boost|p2a: F-35A Lightning II|atk|2\n|-boost|p2a: F-35A Lightning II|spa|2\n|move|p1a: PP|Toxic|p2a: F-35A Lightning II\n|-status|p2a: F-35A Lightning II|tox\n|\n|-damage|p2a: F-35A Lightning II|54\/100 tox|[from] psn\n|-damage|p1a: PP|23\/100 tox|[from] psn\n|upkeep\n|c|\u2606Rubyflame57|!weakness salamence\n|c| Rubyflame57|\/raw <div class=\"infobox\">Salamence (ignoring abilities):<br \/><span class=\"message-effect-weak\">Weaknesses<\/span>: Dragon, Fairy, <b>Ice<\/b>, Rock<br \/><span class=\"message-effect-resist\">Resistances<\/span>: Bug, Fighting, Fire, <b>Grass<\/b>, Water<br \/><span class=\"message-effect-immune\">Immunities<\/span>: Ground<\/div>\n|c|\u2606Rubyflame57|oooh\n|c|\u2606Rubyflame57|Salamence looks so funny\n|c| Stevarino64|No arguments here\n|c| Stevarino64|A very silly guy\n|\n|t:|1700961917\n|switch|p1b: Goofus Doofus|Goodra-Hisui, F, shiny|21\/100 tox\n|-damage|p1b: Goofus Doofus|0 fnt|[from] Spikes\n|faint|p1b: Goofus Doofus\n|c|\u2606Superperson00|frisbee lookin ass\n|c| Stevarino64|flying around at Mach VI\n|c| Milotic42|f\n|c|\u2606Rubyflame57|lol\n|c| Milotic42|\/html <img src=\"https:\/\/cdn.discordapp.com\/emojis\/646858616229462088.png\" width=\"32\" height=\"32\" alt=\"depression\" title=\":depression:\">\n|c| DiegoNegro|OH WAIT\n|c| DiegoNegro|ITS A BOOMERANG\n|c| Milotic42|Those Decorations aren't up to code\n|c|\u2606Superperson00|aussie aussie aussi\n|c| DiegoNegro|SUPER IS AUSTRALIAN\n|c| DiegoNegro|I UNDERSTAND\n|\n|t:|1700961954\n|switch|p1b: Ribbonness|Sylveon, M|100\/100\n|-damage|p1b: Ribbonness|76\/100|[from] Spikes\n|turn|12\n|c| Stevarino64|> SUPER IS AUSTRALIAN\n|c| Stevarino64|I don't believe you\n|c| DiegoNegro|sorry, super is Australia*\n|j| pygocentrus\n|\n|t:|1700961984\n|move|p1b: Ribbonness|Protect|p1b: Ribbonness\n|-singleturn|p1b: Ribbonness|Protect\n|move|p2a: F-35A Lightning II|Double-Edge|p1b: Ribbonness\n|-activate|p1b: Ribbonness|move: Protect\n|move|p2b: Nicest Pavlova|Decorate|p2a: F-35A Lightning II\n|-boost|p2a: F-35A Lightning II|atk|2\n|-boost|p2a: F-35A Lightning II|spa|2\n|move|p1a: PP|Toxic|p2b: Nicest Pavlova\n|-status|p2b: Nicest Pavlova|tox\n|\n|-damage|p2a: F-35A Lightning II|42\/100 tox|[from] psn\n|-damage|p2b: Nicest Pavlova|70\/100 tox|[from] psn\n|-damage|p1a: PP|0 fnt|[from] psn\n|faint|p1a: PP\n|-sideend|p2: Superperson00|move: Tailwind\n|upkeep\n|\n|t:|1700961997\n|switch|p1a: Goofus|Goodra, F|100\/100\n|-damage|p1a: Goofus|76\/100|[from] Spikes\n|turn|13\n|c|\u2606Rubyflame57|Cry\n|c| DiegoNegro|Pavlova is tasty good choice btw\n|c|\u2606Superperson00|I am all of Australia yes\n|c|\u2606Superperson00|I drowned a prime minister\n|\n|t:|1700962052\n|move|p1a: Goofus|Draco Meteor|p2a: F-35A Lightning II\n|-supereffective|p2a: F-35A Lightning II\n|-damage|p2a: F-35A Lightning II|0 fnt\n|-unboost|p1a: Goofus|spa|2\n|faint|p2a: F-35A Lightning II\n|move|p2b: Nicest Pavlova|Dazzling Gleam|p1b: Ribbonness|[spread] p1a,p1b\n|-supereffective|p1a: Goofus\n|-damage|p1a: Goofus|44\/100\n|-damage|p1b: Ribbonness|60\/100\n|move|p1b: Ribbonness|Psychic|p2b: Nicest Pavlova\n|-damage|p2b: Nicest Pavlova|50\/100 tox\n|\n|-damage|p2b: Nicest Pavlova|38\/100 tox|[from] psn\n|upkeep\n|c|\u2606Superperson00|bro is max speed goodra\n|c|\u2606Rubyflame57|meep\n|c| Milotic42|Goofus with the surprise outspeed tho\n|c| Stevarino64|A CLASSIC GOOFUS MANEUVER\n|\n|t:|1700962077\n|switch|p2a: Not Mamoswine :(|Volcarona, M|30\/100 tox\n|turn|14\n|\n|t:|1700962085\n|move|p1a: Goofus|Draco Meteor|p2a: Not Mamoswine :(\n|-damage|p2a: Not Mamoswine :(|0 fnt\n|-unboost|p1a: Goofus|spa|2\n|faint|p2a: Not Mamoswine :(\n|move|p2b: Nicest Pavlova|Dazzling Gleam|p1b: Ribbonness|[spread] p1a,p1b\n|-supereffective|p1a: Goofus\n|-damage|p1a: Goofus|8\/100\n|-damage|p1b: Ribbonness|45\/100\n|move|p1b: Ribbonness|Hyper Voice|p2b: Nicest Pavlova\n|-damage|p2b: Nicest Pavlova|6\/100 tox\n|-enditem|p2b: Nicest Pavlova|Aguav Berry|[eat]\n|-heal|p2b: Nicest Pavlova|39\/100 tox|[from] item: Aguav Berry\n|-enditem|p1b: Ribbonness|Throat Spray\n|-boost|p1b: Ribbonness|spa|1|[from] item: Throat Spray\n|\n|-damage|p2b: Nicest Pavlova|21\/100 tox|[from] psn\n|upkeep\n|c| Milotic42|Goofus bringing it back\n|\n|t:|1700962098\n|switch|p2a: Can't Touch This|Glimmora, M|53\/100\n|turn|15\n|c|\u2606Rubyflame57|OMG Goofus is saving me\n|\n|t:|1700962113\n|move|p2a: Can't Touch This|Spiky Shield|p2a: Can't Touch This\n|-singleturn|p2a: Can't Touch This|move: Protect\n|move|p1a: Goofus|Draco Meteor|p2a: Can't Touch This\n|-activate|p2a: Can't Touch This|move: Protect\n|move|p2b: Nicest Pavlova|Dazzling Gleam|p1b: Ribbonness|[spread] p1a,p1b\n|-supereffective|p1a: Goofus\n|-crit|p1a: Goofus\n|-damage|p1a: Goofus|0 fnt\n|-damage|p1b: Ribbonness|30\/100\n|faint|p1a: Goofus\n|move|p1b: Ribbonness|Hyper Voice|p2b: Nicest Pavlova|[spread] p2b\n|-activate|p2a: Can't Touch This|move: Protect\n|-damage|p2b: Nicest Pavlova|0 fnt\n|faint|p2b: Nicest Pavlova\n|\n|-heal|p2a: Can't Touch This|60\/100|[from] item: Black Sludge\n|upkeep\n|l| pygocentrus\n|c|\u2606Rubyflame57|Let's go my boi\n|\n|t:|1700962127\n|switch|p2b: Magikarp 2|Basculegion, M|100\/100\n|turn|16\n|c|\u2606Rubyflame57|My differential,let gooooo\n|\n|t:|1700962146\n|move|p2b: Magikarp 2|Aqua Jet|p1b: Ribbonness\n|-crit|p1b: Ribbonness\n|-damage|p1b: Ribbonness|0 fnt\n|faint|p1b: Ribbonness\n|\n|win|Superperson00\n|c|\u2606Rubyflame57|I was so scared I was gonna have a big number\n|c|\u2606Rubyflame57|and a crite\n|c|\u2606Rubyflame57|GG\n|c|\u2606Superperson00|I don't think I've had a big diff win yet\n|c|\u2606Superperson00|gg\n|c| Milotic42|lol super taking no chances\n|c|\u2606Superperson00|i keep throwing\n|c| Stevarino64|> I keep throwing\n|c| Stevarino64|he said, currently undefeated\n|c|\u2606Superperson00|but basculegion keeps carrying me\n","uploadtime":1700962156,"views":17,"p1id":"rubyflame57","p2id":"superperson00","formatid":"gen9nationaldexdoubles","rating":0,"private":0,"password":""}