{"id":"dl-gen9nationaldexdoubles-117379","p1":"Salles SDC","p2":"GurenDLotus","format":"[Gen 9] National Dex Doubles","log":"|j|\u2606Salles SDC\n|j|\u2606GurenDLotus\n|t:|1699235543\n|gametype|doubles\n|player|p1|Salles SDC|101|\n|player|p2|GurenDLotus|red|\n|teamsize|p1|6\n|teamsize|p2|6\n|gen|9\n|tier|[Gen 9] National Dex Doubles\n|rule|Sleep Clause Mod: Limit one foe put to sleep\n|rule|OHKO Clause: OHKO moves are banned\n|rule|Evasion Moves Clause: Evasion moves are banned\n|rule|Endless Battle Clause: Forcing endless battles is banned\n|rule|HP Percentage Mod: HP is shown in percentages\n|rule|Z-Move Clause: Z-Moves are banned\n|clearpoke\n|poke|p1|Chien-Pao|\n|poke|p1|Sinistcha|\n|poke|p1|Ursaluna-Bloodmoon, M|\n|poke|p1|Ogerpon-Cornerstone, F|\n|poke|p1|Zapdos-Galar|\n|poke|p1|Bruxish, M|\n|poke|p2|Excadrill, M|\n|poke|p2|Gastrodon, F|\n|poke|p2|Tyranitar, F|\n|poke|p2|Amoonguss, F|\n|poke|p2|Hariyama, F|\n|poke|p2|Volcarona, M|\n|teampreview\n|c|\u2606Salles SDC|chiem-pao ghost \/ sinistcha fire \/ ursaluna fighting \/ ogerpon rock \/ zapdos fighting \/ bruxish water\n|c|\u2606GurenDLotus|excadril fly, gastrodon grass, ttar rock, amoong water, hary steel, volc rock\n|c|\u2606GurenDLotus|bom jogo men\n|\n|t:|1699235652\n|start\n|switch|p1a: Zapdos|Zapdos-Galar|100\/100\n|switch|p1b: Chien-Pao|Chien-Pao|100\/100\n|switch|p2a: Logan|Excadrill, M|100\/100\n|switch|p2b: Odama|Hariyama, F|100\/100\n|-ability|p1b: Chien-Pao|Sword of Ruin\n|turn|1\n|c|\u2606Salles SDC|Bom jogo!\n|\n|t:|1699235714\n|move|p1b: Chien-Pao|Protect|p1b: Chien-Pao\n|-singleturn|p1b: Chien-Pao|Protect\n|move|p2b: Odama|Fake Out|p1a: Zapdos\n|-damage|p1a: Zapdos|77\/100\n|cant|p1a: Zapdos|flinch\n|move|p2a: Logan|Substitute|p2a: Logan\n|-start|p2a: Logan|Substitute\n|-damage|p2a: Logan|76\/100\n|\n|-status|p2b: Odama|brn|[from] item: Flame Orb\n|upkeep\n|turn|2\n|\n|t:|1699235761\n|switch|p1b: Sinistcha|Sinistcha|100\/100\n|-heal|p1a: Zapdos|100\/100|[from] ability: Hospitality|[of] p1b: Sinistcha\n|move|p1a: Zapdos|Thunderous Kick|p2a: Logan\n|-supereffective|p2a: Logan\n|-crit|p2a: Logan\n|-end|p2a: Logan|Substitute\n|move|p2a: Logan|Iron Head|p1a: Zapdos\n|-damage|p1a: Zapdos|31\/100\n|-damage|p2a: Logan|66\/100|[from] item: Life Orb\n|move|p2b: Odama|Knock Off|p1b: Sinistcha\n|-supereffective|p1b: Sinistcha\n|-enditem|p1b: Sinistcha|Colbur Berry|[eat]\n|-enditem|p1b: Sinistcha|Colbur Berry|[weaken]\n|-damage|p1b: Sinistcha|63\/100\n|\n|-damage|p2b: Odama|94\/100 brn|[from] brn\n|upkeep\n|turn|3\n|\n|t:|1699235821\n|move|p2a: Logan|Protect|p2a: Logan\n|-singleturn|p2a: Logan|Protect\n|move|p1a: Zapdos|Thunderous Kick|p2b: Odama\n|-damage|p2b: Odama|49\/100 brn\n|-unboost|p2b: Odama|def|1\n|move|p1b: Sinistcha|Matcha Gotcha|p2b: Odama|[spread] p2b\n|-activate|p2a: Logan|move: Protect\n|-damage|p2b: Odama|23\/100 brn\n|-heal|p1b: Sinistcha|79\/100|[from] drain|[of] p2b: Odama\n|move|p2b: Odama|Close Combat|p1a: Zapdos\n|-resisted|p1a: Zapdos\n|-damage|p1a: Zapdos|0 fnt\n|-unboost|p2b: Odama|def|1\n|-unboost|p2b: Odama|spd|1\n|faint|p1a: Zapdos\n|\n|-damage|p2b: Odama|17\/100 brn|[from] brn\n|upkeep\n|\n|t:|1699235846\n|switch|p1a: Chien-Pao|Chien-Pao|100\/100\n|-ability|p1a: Chien-Pao|Sword of Ruin\n|turn|4\n|\n|t:|1699235899\n|switch|p2b: Midgard|Tyranitar, F|100\/100\n|-weather|Sandstorm|[from] ability: Sand Stream|[of] p2b: Midgard\n|move|p2a: Logan|Iron Head|p1b: Sinistcha\n|-damage|p1b: Sinistcha|18\/100\n|-damage|p2a: Logan|56\/100|[from] item: Life Orb\n|move|p1a: Chien-Pao|Ice Spinner|p2a: Logan\n|-damage|p2a: Logan|0 fnt\n|faint|p2a: Logan\n|move|p1b: Sinistcha|Matcha Gotcha|p2b: Midgard|[miss]\n|-miss|p1b: Sinistcha|p2b: Midgard\n|\n|-weather|Sandstorm|[upkeep]\n|-damage|p1b: Sinistcha|12\/100|[from] Sandstorm\n|upkeep\n|\n|t:|1699235914\n|switch|p2a: Etna|Volcarona, M|100\/100\n|turn|5\n|\n|t:|1699235925\n|move|p1b: Sinistcha|Rage Powder|p1b: Sinistcha\n|-singleturn|p1b: Sinistcha|move: Rage Powder\n|move|p1a: Chien-Pao|Sacred Sword|p2b: Midgard\n|-supereffective|p2b: Midgard\n|-damage|p2b: Midgard|0 fnt\n|faint|p2b: Midgard\n|move|p2a: Etna|Quiver Dance|p2a: Etna\n|-boost|p2a: Etna|spa|1\n|-boost|p2a: Etna|spd|1\n|-boost|p2a: Etna|spe|1\n|\n|-weather|Sandstorm|[upkeep]\n|-damage|p2a: Etna|94\/100|[from] Sandstorm\n|-damage|p1b: Sinistcha|6\/100|[from] Sandstorm\n|upkeep\n|\n|t:|1699235946\n|switch|p2b: Odama|Hariyama, F|17\/100 brn\n|turn|6\n|\n|t:|1699235958\n|move|p1a: Chien-Pao|Protect|p1a: Chien-Pao\n|-singleturn|p1a: Chien-Pao|Protect\n|move|p2b: Odama|Bullet Punch|p1b: Sinistcha\n|-damage|p1b: Sinistcha|0 fnt\n|faint|p1b: Sinistcha\n|move|p2a: Etna|Quiver Dance|p2a: Etna\n|-boost|p2a: Etna|spa|1\n|-boost|p2a: Etna|spd|1\n|-boost|p2a: Etna|spe|1\n|\n|-weather|Sandstorm|[upkeep]\n|-damage|p2a: Etna|88\/100|[from] Sandstorm\n|-damage|p2b: Odama|11\/100 brn|[from] Sandstorm\n|-damage|p2b: Odama|5\/100 brn|[from] brn\n|upkeep\n|\n|t:|1699235976\n|switch|p1b: Bruxish|Bruxish, M|100\/100\n|turn|7\n|\n|t:|1699236020\n|move|p1a: Chien-Pao|Ice Shard|p2a: Etna\n|-resisted|p2a: Etna\n|-damage|p2a: Etna|65\/100\n|move|p1b: Bruxish|Aqua Jet|p2a: Etna\n|-supereffective|p2a: Etna\n|-damage|p2a: Etna|0 fnt\n|-status|p1b: Bruxish|brn|[from] ability: Flame Body|[of] p2a: Etna\n|faint|p2a: Etna\n|move|p2b: Odama|Knock Off|p1b: Bruxish\n|-supereffective|p1b: Bruxish\n|-enditem|p1b: Bruxish|Focus Sash\n|-damage|p1b: Bruxish|1\/100 brn\n|\n|-weather|Sandstorm|[upkeep]\n|-damage|p1b: Bruxish|0 fnt|[from] Sandstorm\n|-damage|p2b: Odama|0 fnt|[from] Sandstorm\n|faint|p1b: Bruxish\n|faint|p2b: Odama\n|upkeep\n|c|\u2606GurenDLotus|lol\n|\n|t:|1699236073\n|switch|p2a: Jonny Dummy|Amoonguss, F|100\/100\n|switch|p1b: Ogerpon|Ogerpon-Cornerstone, F|100\/100\n|switch|p2b: Melvim|Gastrodon, F|100\/100\n|turn|8\n|\n|t:|1699236138\n|-terastallize|p2b: Melvim|Grass\n|move|p1a: Chien-Pao|Ice Spinner|p2b: Melvim\n|-supereffective|p2b: Melvim\n|-damage|p2b: Melvim|0 fnt\n|faint|p2b: Melvim\n|move|p1b: Ogerpon|Ivy Cudgel|p2a: Jonny Dummy\n|-damage|p2a: Jonny Dummy|37\/100\n|move|p2a: Jonny Dummy|Spore|p1a: Chien-Pao\n|-activate|p1a: Chien-Pao|item: Safety Goggles|Spore\n|\n|-weather|none\n|upkeep\n|turn|9\n|c|\u2606GurenDLotus|ggz\n|\n|t:|1699236159\n|move|p1a: Chien-Pao|Ice Spinner|p2a: Jonny Dummy\n|-supereffective|p2a: Jonny Dummy\n|-damage|p2a: Jonny Dummy|0 fnt\n|-damage|p1a: Chien-Pao|84\/100|[from] item: Rocky Helmet|[of] p2a: Jonny Dummy\n|faint|p2a: Jonny Dummy\n|\n|win|Salles SDC\n|c|\u2606Salles SDC|gg\n","uploadtime":1699236173,"views":17,"p1id":"sallessdc","p2id":"gurendlotus","formatid":"gen9nationaldexdoubles","rating":0,"private":0,"password":""}