{"id":"dl-gen9nationaldexdoubles-115137","p1":"Guithu","p2":"EduRufus","format":"[Gen 9] National Dex Doubles","log":"|j|\u2606Guithu\n|j|\u2606EduRufus\n|t:|1698714111\n|gametype|doubles\n|player|p1|Guithu|1|\n|player|p2|EduRufus|ghetsis|\n|teamsize|p1|6\n|teamsize|p2|6\n|gen|9\n|tier|[Gen 9] National Dex Doubles\n|rule|Sleep Clause Mod: Limit one foe put to sleep\n|rule|OHKO Clause: OHKO moves are banned\n|rule|Evasion Moves Clause: Evasion moves are banned\n|rule|Endless Battle Clause: Forcing endless battles is banned\n|rule|HP Percentage Mod: HP is shown in percentages\n|rule|Z-Move Clause: Z-Moves are banned\n|clearpoke\n|poke|p1|Yveltal|\n|poke|p1|Armarouge, M|\n|poke|p1|Clefable, M|\n|poke|p1|Primarina, F|\n|poke|p1|Zoroark-Hisui, M|\n|poke|p1|Raichu, M|\n|poke|p2|Zeraora|\n|poke|p2|Landorus, M|\n|poke|p2|Empoleon, M|\n|poke|p2|Comfey, F|\n|poke|p2|Ogerpon-Hearthflame, F|\n|poke|p2|Dragonite, M|\n|teampreview\n|c|\u2606EduRufus|Zeraora-Electric \/\/ Landorus-I-Poison \/\/ Ogerpon-Fire-Fire \/\/ Comfey-Fairy \/\/ Dragonite-Normal \/\/ Empoleon-Water\n|c|\u2606EduRufus|bom jogo velinho!\n|c|\u2606Guithu|yveltal dark \/ armarouge fairy \/ clefable flying \/ primarina fairy \/ zoroark ghost \/ raichu flying\n|c|\u2606Guithu|obg, pra vc tb mano\n|\n|t:|1698714264\n|start\n|switch|p1a: Raichu|Raichu, M|100\/100\n|switch|p1b: Primarina|Primarina, F, shiny|100\/100\n|switch|p2a: Empoleon|Empoleon, M|100\/100\n|switch|p2b: Comfey|Comfey, F, shiny|100\/100\n|turn|1\n|\n|t:|1698714341\n|move|p1b: Primarina|Trick|p2b: Comfey\n|-activate|p1b: Primarina|move: Trick|[of] p2b: Comfey\n|-item|p2b: Comfey|Choice Scarf|[from] move: Trick\n|-item|p1b: Primarina|Babiri Berry|[from] move: Trick\n|move|p1a: Raichu|Nuzzle|p2a: Empoleon\n|-supereffective|p2a: Empoleon\n|-damage|p2a: Empoleon|90\/100\n|-status|p2a: Empoleon|par\n|move|p2a: Empoleon|Water Pledge|p1a: Raichu\n|-damage|p1a: Raichu|50\/100\n|move|p2b: Comfey|Trick Room|p2b: Comfey\n|-fieldstart|move: Trick Room|[of] p2b: Comfey\n|\n|-heal|p2a: Empoleon|96\/100 par|[from] item: Leftovers\n|upkeep\n|turn|2\n|j| Labacedo\n|j| Gioilele\n|\n|t:|1698714403\n|switch|p1a: Yveltal|Yveltal, shiny|100\/100\n|-ability|p1a: Yveltal|Dark Aura\n|switch|p2b: Ogerpon|Ogerpon-Hearthflame, F|100\/100\n|-ability|p2b: Ogerpon|Mold Breaker\n|move|p2a: Empoleon|Flash Cannon|p1b: Primarina\n|-damage|p1b: Primarina|13\/100\n|replace|p1b: Zoroark|Zoroark-Hisui, M, shiny\n|-end|p1b: Zoroark|Illusion\n|move|p1b: Zoroark|Bitter Malice|p2b: Ogerpon\n|-damage|p2b: Ogerpon|55\/100\n|-unboost|p2b: Ogerpon|atk|1\n|\n|-heal|p2a: Empoleon|100\/100 par|[from] item: Leftovers\n|upkeep\n|turn|3\n|\n|t:|1698714441\n|move|p2b: Ogerpon|Spiky Shield|p2b: Ogerpon\n|-singleturn|p2b: Ogerpon|move: Protect\n|cant|p2a: Empoleon|par\n|move|p1a: Yveltal|Dark Pulse|p2a: Empoleon\n|-damage|p2a: Empoleon|57\/100 par\n|move|p1b: Zoroark|Shadow Ball|p2a: Empoleon\n|-damage|p2a: Empoleon|17\/100 par\n|\n|-heal|p2a: Empoleon|24\/100 par|[from] item: Leftovers\n|upkeep\n|turn|4\n|\n|t:|1698714478\n|switch|p2b: Comfey|Comfey, F, shiny|100\/100\n|move|p2a: Empoleon|Protect|p2a: Empoleon\n|-singleturn|p2a: Empoleon|Protect\n|move|p1a: Yveltal|Dark Pulse|p2b: Comfey\n|-resisted|p2b: Comfey\n|-damage|p2b: Comfey|72\/100\n|move|p1b: Zoroark|Shadow Ball|p2b: Comfey\n|-damage|p2b: Comfey|31\/100\n|-unboost|p2b: Comfey|spd|1\n|\n|-heal|p2a: Empoleon|30\/100 par|[from] item: Leftovers\n|upkeep\n|turn|5\n|\n|t:|1698714504\n|switch|p1b: Raichu|Raichu, M|50\/100\n|move|p2b: Comfey|Draining Kiss|p1a: Yveltal\n|-supereffective|p1a: Yveltal\n|-damage|p1a: Yveltal|79\/100\n|-heal|p2b: Comfey|54\/100|[from] drain|[of] p1a: Yveltal\n|cant|p2a: Empoleon|par\n|move|p1a: Yveltal|Oblivion Wing|p2b: Comfey\n|-damage|p2b: Comfey|0 fnt\n|-heal|p1a: Yveltal|100\/100|[from] drain|[of] p2b: Comfey\n|faint|p2b: Comfey\n|\n|-heal|p2a: Empoleon|36\/100 par|[from] item: Leftovers\n|-fieldend|move: Trick Room\n|upkeep\n|\n|t:|1698714538\n|switch|p2b: Dragonite|Dragonite, M|100\/100\n|turn|6\n|c|\u2606EduRufus|esses dois para foram foda\n|\n|t:|1698714581\n|-terastallize|p1a: Yveltal|Dark\n|-terastallize|p2b: Dragonite|Normal\n|cant|p2a: Empoleon|par\n|move|p1b: Raichu|Feint|p2b: Dragonite\n|-damage|p2b: Dragonite|95\/100\n|move|p2b: Dragonite|Extreme Speed|p1b: Raichu\n|-damage|p1b: Raichu|0 fnt\n|faint|p1b: Raichu\n|move|p1a: Yveltal|Foul Play|p2b: Dragonite\n|-damage|p2b: Dragonite|8\/100\n|\n|-heal|p2a: Empoleon|42\/100 par|[from] item: Leftovers\n|upkeep\n|\n|t:|1698714595\n|switch|p1b: Clefable|Clefable, M, shiny|100\/100\n|turn|7\n|c|\u2606EduRufus|hahaha mais um\n|j| Cogao\n|\n|t:|1698714617\n|switch|p1a: Primarina|Primarina, F, shiny|13\/100\n|move|p2b: Dragonite|Extreme Speed|p1a: Primarina\n|-immune|p1a: Primarina\n|move|p1b: Clefable|Ice Beam|p2b: Dragonite\n|-damage|p2b: Dragonite|0 fnt\n|faint|p2b: Dragonite\n|move|p2a: Empoleon|Ice Beam|p1a: Primarina\n|-crit|p1a: Primarina\n|-damage|p1a: Primarina|0 fnt\n|replace|p1a: Zoroark|Zoroark-Hisui, M, shiny\n|-end|p1a: Zoroark|Illusion\n|faint|p1a: Zoroark\n|\n|-heal|p2a: Empoleon|48\/100 par|[from] item: Leftovers\n|upkeep\n|\n|t:|1698714640\n|switch|p1a: Armarouge|Armarouge, M|100\/100\n|switch|p2b: Zeraora|Zeraora|100\/100\n|turn|8\n|\n|t:|1698714660\n|move|p2b: Zeraora|Fake Out|p1a: Armarouge\n|-damage|p1a: Armarouge|87\/100\n|move|p1b: Clefable|Follow Me|p1b: Clefable\n|-singleturn|p1b: Clefable|move: Follow Me\n|move|p2a: Empoleon|Flash Cannon|p1b: Clefable\n|-supereffective|p1b: Clefable\n|-damage|p1b: Clefable|21\/100\n|cant|p1a: Armarouge|flinch\n|\n|-heal|p2a: Empoleon|55\/100 par|[from] item: Leftovers\n|upkeep\n|turn|9\n|\n|t:|1698714700\n|move|p1b: Clefable|Follow Me|p1b: Clefable\n|-singleturn|p1b: Clefable|move: Follow Me\n|move|p2b: Zeraora|Plasma Fists|p1b: Clefable\n|-damage|p1b: Clefable|0 fnt\n|-fieldactivate|move: Ion Deluge\n|-hint|Normal-type moves become Electric-type after using Plasma Fists.\n|-damage|p2b: Zeraora|84\/100|[from] item: Rocky Helmet|[of] p1b: Clefable\n|faint|p1b: Clefable\n|move|p1a: Armarouge|Armor Cannon|p2a: Empoleon\n|-damage|p2a: Empoleon|0 fnt\n|-unboost|p1a: Armarouge|def|1\n|-unboost|p1a: Armarouge|spd|1\n|faint|p2a: Empoleon\n|\n|upkeep\n|\n|t:|1698714716\n|switch|p1b: Yveltal|Yveltal, shiny, tera:Dark|100\/100\n|switch|p2a: Landorus|Landorus, M|100\/100\n|-ability|p1b: Yveltal|Dark Aura\n|turn|10\n|\n|t:|1698714833\n|move|p2b: Zeraora|Plasma Fists|p1b: Yveltal\n|-damage|p1b: Yveltal|61\/100\n|-fieldactivate|move: Ion Deluge\n|-hint|Normal-type moves become Electric-type after using Plasma Fists.\n|move|p2a: Landorus|Earth Power|p1b: Yveltal\n|-damage|p1b: Yveltal|24\/100\n|move|p1b: Yveltal|Foul Play|p2b: Zeraora\n|-damage|p2b: Zeraora|0 fnt\n|faint|p2b: Zeraora\n|move|p1a: Armarouge|Trick Room|p1a: Armarouge\n|-fieldstart|move: Trick Room|[of] p1a: Armarouge\n|\n|upkeep\n|\n|t:|1698714845\n|switch|p2b: Ogerpon|Ogerpon-Hearthflame, F|55\/100\n|-ability|p2b: Ogerpon|Mold Breaker\n|turn|11\n|\n|t:|1698714897\n|move|p2b: Ogerpon|Spiky Shield|p2b: Ogerpon\n|-singleturn|p2b: Ogerpon|move: Protect\n|move|p1a: Armarouge|Armor Cannon|p2a: Landorus\n|-damage|p2a: Landorus|25\/100\n|-unboost|p1a: Armarouge|def|1\n|-unboost|p1a: Armarouge|spd|1\n|move|p1b: Yveltal|Dark Pulse|p2b: Ogerpon\n|-activate|p2b: Ogerpon|move: Protect\n|move|p2a: Landorus|Earth Power|p1b: Yveltal\n|-damage|p1b: Yveltal|0 fnt\n|faint|p1b: Yveltal\n|\n|upkeep\n|\n|t:|1698714908\n|switch|p1b: Primarina|Primarina, F, shiny|100\/100\n|turn|12\n|\n|t:|1698714966\n|move|p1b: Primarina|Dazzling Gleam|p2a: Landorus|[spread] p2a,p2b\n|-resisted|p2b: Ogerpon\n|-damage|p2a: Landorus|0 fnt\n|-damage|p2b: Ogerpon|30\/100\n|faint|p2a: Landorus\n|move|p1a: Armarouge|Armor Cannon|p2b: Ogerpon\n|-crit|p2b: Ogerpon\n|-damage|p2b: Ogerpon|0 fnt\n|-unboost|p1a: Armarouge|def|1\n|-unboost|p1a: Armarouge|spd|1\n|faint|p2b: Ogerpon\n|\n|win|Guithu\n|c|\u2606Guithu|gg wp\n|c|\u2606EduRufus|gg velinho!\n|c|\u2606Guithu|santo antonio me aben\u00e7oou\n|c|\u2606EduRufus|jogao, mas os para foram decisivos\n|c|\u2606Guithu|empoleon mto boladoi\n|c|\u2606Guithu|bolado*\n|l| Cogao\n|c|\u2606Guithu|nao imaginava que ele tankava e dava tanto dano\n|l| Labacedo\n|c|\u2606EduRufus|pois eh\n|c|\u2606EduRufus|eu tb\n|c|\u2606EduRufus|ahuahuahauhauahau\n","uploadtime":1698715010,"views":16,"p1id":"guithu","p2id":"edurufus","formatid":"gen9nationaldexdoubles","rating":0,"private":0,"password":""}