{"id":"dl-gen9nationaldexdoubles-124871","p1":"Ceru Primarinas","p2":"Labacedo","format":"[Gen 9] National Dex Doubles","log":"|j|\u2606Ceru Primarinas\n|j|\u2606Labacedo\n|t:|1701085749\n|gametype|doubles\n|player|p1|Ceru Primarinas|102|\n|player|p2|Labacedo|1|\n|teamsize|p1|6\n|teamsize|p2|6\n|gen|9\n|tier|[Gen 9] National Dex Doubles\n|rule|Sleep Clause Mod: Limit one foe put to sleep\n|rule|OHKO Clause: OHKO moves are banned\n|rule|Evasion Moves Clause: Evasion moves are banned\n|rule|Endless Battle Clause: Forcing endless battles is banned\n|rule|HP Percentage Mod: HP is shown in percentages\n|rule|Z-Move Clause: Z-Moves are banned\n|clearpoke\n|poke|p1|Iron Bundle|\n|poke|p1|Landorus-Therian, M|\n|poke|p1|Urshifu-*, F|\n|poke|p1|Sableye, M|\n|poke|p1|Diancie|\n|poke|p1|Enamorus-Therian, F|\n|poke|p2|Klefki, F|\n|poke|p2|Naganadel|\n|poke|p2|Maushold-Four|\n|poke|p2|Mudsdale, M|\n|poke|p2|Kilowattrel, F|\n|poke|p2|Dondozo, F|\n|teampreview\n|c|\u2606Labacedo|Klefki Water, Naganadel Groud\n|c|\u2606Labacedo|Killowatrell Eletric, Maushold Water, Mudsdale Water, Dondozo Water \n|c|\u2606Ceru Primarinas|Teras: Bundle - Ghost \/ Landorus - Flying \/ Urshi - Ghost \/ Sableye - Normal \/ Diancie - Rock \/ Enamorus - Fairy\n|c|\u2606Ceru Primarinas|bom jogo par\u00e7a\n|c|\u2606Labacedo|Bom jogo meu mano\n|\n|t:|1701085860\n|start\n|switch|p1a: Landorus|Landorus-Therian, M|100\/100\n|switch|p1b: Sableye|Sableye, M|100\/100\n|switch|p2a: Klefki|Klefki, F|100\/100\n|switch|p2b: Dondozo|Dondozo, F|100\/100\n|-ability|p1a: Landorus|Intimidate|boost\n|-unboost|p2a: Klefki|atk|1\n|-fail|p2b: Dondozo|unboost|Attack|[from] ability: Oblivious|[of] p2b: Dondozo\n|turn|1\n|\n|t:|1701085917\n|move|p1b: Sableye|Taunt|p2a: Klefki\n|-start|p2a: Klefki|move: Taunt\n|cant|p2a: Klefki|move: Taunt|Reflect\n|move|p1a: Landorus|Stomping Tantrum|p2a: Klefki\n|-supereffective|p2a: Klefki\n|-damage|p2a: Klefki|17\/100\n|move|p2b: Dondozo|Yawn|p1b: Sableye\n|-start|p1b: Sableye|move: Yawn|[of] p2b: Dondozo\n|\n|upkeep\n|turn|2\n|\n|t:|1701085940\n|switch|p2a: Mudsdale|Mudsdale, M|100\/100\n|move|p1b: Sableye|Taunt|p2b: Dondozo\n|-immune|p2b: Dondozo|[from] ability: Oblivious\n|move|p1a: Landorus|Stomping Tantrum|p2a: Mudsdale\n|-damage|p2a: Mudsdale|63\/100\n|-ability|p2a: Mudsdale|Stamina|boost\n|-boost|p2a: Mudsdale|def|1\n|move|p2b: Dondozo|Wave Crash|p1a: Landorus\n|-supereffective|p1a: Landorus\n|-damage|p1a: Landorus|18\/100\n|-damage|p2b: Dondozo|81\/100|[from] Recoil\n|\n|-heal|p2b: Dondozo|88\/100|[from] item: Leftovers\n|-end|p1b: Sableye|move: Yawn|[silent]\n|-status|p1b: Sableye|slp\n|upkeep\n|turn|3\n|c|\u2606Ceru Primarinas|porra eu juro que n\u00e3o esqueci kk caguei\n|c|\u2606Ceru Primarinas|digo dei misclick\n|\n|t:|1701085975\n|switch|p1a: Iron Bundle|Iron Bundle|100\/100\n|-enditem|p1a: Iron Bundle|Booster Energy\n|-activate|p1a: Iron Bundle|ability: Quark Drive|[fromitem]\n|-start|p1a: Iron Bundle|quarkdrivespe\n|cant|p1b: Sableye|slp\n|move|p2b: Dondozo|Curse|p2b: Dondozo\n|-unboost|p2b: Dondozo|spe|1\n|-boost|p2b: Dondozo|atk|1\n|-boost|p2b: Dondozo|def|1\n|move|p2a: Mudsdale|Heavy Slam|p1a: Iron Bundle\n|-damage|p1a: Iron Bundle|57\/100\n|\n|-heal|p2b: Dondozo|94\/100|[from] item: Leftovers\n|upkeep\n|turn|4\n|c|\u2606Labacedo|Kkkkkkkk \n|\n|t:|1701086001\n|move|p1a: Iron Bundle|Protect|p1a: Iron Bundle\n|-singleturn|p1a: Iron Bundle|Protect\n|-curestatus|p1b: Sableye|slp|[msg]\n|move|p1b: Sableye|Will-O-Wisp|p2a: Mudsdale\n|-status|p2a: Mudsdale|brn\n|move|p2a: Mudsdale|Body Press|p1a: Iron Bundle\n|-activate|p1a: Iron Bundle|move: Protect\n|move|p2b: Dondozo|Wave Crash|p1b: Sableye\n|-damage|p1b: Sableye|14\/100\n|-enditem|p1b: Sableye|Sitrus Berry|[eat]\n|-heal|p1b: Sableye|38\/100|[from] item: Sitrus Berry\n|-damage|p2b: Dondozo|78\/100|[from] Recoil\n|\n|-heal|p2b: Dondozo|84\/100|[from] item: Leftovers\n|-damage|p2a: Mudsdale|57\/100 brn|[from] brn\n|upkeep\n|turn|5\n|\n|t:|1701086025\n|move|p2b: Dondozo|Protect|p2b: Dondozo\n|-singleturn|p2b: Dondozo|Protect\n|move|p1b: Sableye|Will-O-Wisp|p2b: Dondozo\n|-activate|p2b: Dondozo|move: Protect\n|move|p1a: Iron Bundle|Hydro Pump|p2a: Mudsdale\n|-supereffective|p2a: Mudsdale\n|-damage|p2a: Mudsdale|0 fnt\n|faint|p2a: Mudsdale\n|\n|-heal|p2b: Dondozo|90\/100|[from] item: Leftovers\n|upkeep\n|\n|t:|1701086034\n|switch|p2a: Maushold|Maushold-Four|100\/100\n|turn|6\n|\n|t:|1701086047\n|move|p1a: Iron Bundle|Protect|p1a: Iron Bundle\n|-singleturn|p1a: Iron Bundle|Protect\n|move|p2a: Maushold|Follow Me|p2a: Maushold\n|-singleturn|p2a: Maushold|move: Follow Me\n|move|p1b: Sableye|Taunt|p2a: Maushold\n|-start|p2a: Maushold|move: Taunt\n|move|p2b: Dondozo|Yawn|p1a: Iron Bundle\n|-activate|p1a: Iron Bundle|move: Protect\n|\n|-heal|p2b: Dondozo|96\/100|[from] item: Leftovers\n|upkeep\n|turn|7\n|\n|t:|1701086088\n|move|p1b: Sableye|Will-O-Wisp|p2a: Maushold\n|-status|p2a: Maushold|brn\n|move|p1a: Iron Bundle|Hydro Pump|p2a: Maushold|[miss]\n|-miss|p1a: Iron Bundle|p2a: Maushold\n|move|p2a: Maushold|Super Fang|p1a: Iron Bundle\n|-damage|p1a: Iron Bundle|29\/100\n|move|p2b: Dondozo|Wave Crash|p1a: Iron Bundle\n|-resisted|p1a: Iron Bundle\n|-damage|p1a: Iron Bundle|0 fnt\n|faint|p1a: Iron Bundle\n|-end|p1a: Iron Bundle|Quark Drive|[silent]\n|-damage|p2b: Dondozo|91\/100|[from] Recoil\n|\n|-heal|p2b: Dondozo|97\/100|[from] item: Leftovers\n|-damage|p2a: Maushold|94\/100 brn|[from] brn\n|upkeep\n|\n|t:|1701086104\n|switch|p1a: Landorus|Landorus-Therian, M|18\/100\n|-ability|p1a: Landorus|Intimidate|boost\n|-unboost|p2a: Maushold|atk|1\n|-fail|p2b: Dondozo|unboost|Attack|[from] ability: Oblivious|[of] p2b: Dondozo\n|turn|8\n|\n|t:|1701086136\n|switch|p2a: Klefki|Klefki, F|17\/100\n|move|p1b: Sableye|Will-O-Wisp|p2b: Dondozo\n|-status|p2b: Dondozo|brn\n|move|p1a: Landorus|U-turn|p2a: Klefki\n|-resisted|p2a: Klefki\n|-damage|p2a: Klefki|11\/100\n|\n|t:|1701086149\n|switch|p1a: Enamorus|Enamorus-Therian, F|100\/100|[from] U-turn\n|move|p2b: Dondozo|Wave Crash|p1b: Sableye\n|-damage|p1b: Sableye|0 fnt\n|faint|p1b: Sableye\n|-damage|p2b: Dondozo|90\/100 brn|[from] Recoil\n|\n|-heal|p2b: Dondozo|96\/100 brn|[from] item: Leftovers\n|-damage|p2b: Dondozo|90\/100 brn|[from] brn\n|upkeep\n|\n|t:|1701086162\n|switch|p1b: Urshifu|Urshifu, F|100\/100\n|turn|9\n|\n|t:|1701086176\n|-terastallize|p1a: Enamorus|Fairy\n|move|p2a: Klefki|Light Screen|p2a: Klefki\n|-sidestart|p2: Labacedo|move: Light Screen\n|move|p1b: Urshifu|Wicked Blow|p2b: Dondozo\n|-crit|p2b: Dondozo\n|-damage|p2b: Dondozo|55\/100 brn\n|move|p1a: Enamorus|Moonblast|p2b: Dondozo\n|-damage|p2b: Dondozo|16\/100 brn\n|-damage|p1a: Enamorus|91\/100|[from] item: Life Orb\n|move|p2b: Dondozo|Wave Crash|p1a: Enamorus\n|-damage|p1a: Enamorus|65\/100\n|-damage|p2b: Dondozo|10\/100 brn|[from] Recoil\n|\n|-heal|p2b: Dondozo|17\/100 brn|[from] item: Leftovers\n|-damage|p2b: Dondozo|10\/100 brn|[from] brn\n|upkeep\n|turn|10\n|\n|t:|1701086197\n|move|p1b: Urshifu|Protect|p1b: Urshifu\n|-singleturn|p1b: Urshifu|Protect\n|move|p2a: Klefki|Thunder Wave|p1a: Enamorus\n|-status|p1a: Enamorus|par\n|move|p2b: Dondozo|Yawn|p1b: Urshifu\n|-activate|p1b: Urshifu|move: Protect\n|cant|p1a: Enamorus|par\n|\n|-heal|p2b: Dondozo|17\/100 brn|[from] item: Leftovers\n|-damage|p2b: Dondozo|10\/100 brn|[from] brn\n|upkeep\n|turn|11\n|\n|t:|1701086215\n|switch|p1b: Diancie|Diancie|100\/100\n|move|p2a: Klefki|Reflect|p2a: Klefki\n|-sidestart|p2: Labacedo|Reflect\n|move|p2b: Dondozo|Wave Crash|p1b: Diancie\n|-supereffective|p1b: Diancie\n|-damage|p1b: Diancie|63\/100\n|-damage|p2b: Dondozo|3\/100 brn|[from] Recoil\n|move|p1a: Enamorus|Dazzling Gleam|p2a: Klefki|[spread] p2a,p2b\n|-resisted|p2a: Klefki\n|-crit|p2a: Klefki\n|-damage|p2a: Klefki|0 fnt\n|-damage|p2b: Dondozo|0 fnt\n|faint|p2a: Klefki\n|faint|p2b: Dondozo\n|-damage|p1a: Enamorus|55\/100 par|[from] item: Life Orb\n|\n|upkeep\n|\n|t:|1701086226\n|switch|p2a: Kilowattrel|Kilowattrel, F|100\/100\n|switch|p2b: Naganadel|Naganadel|100\/100\n|turn|12\n|\n|t:|1701086236\n|-terastallize|p2b: Naganadel|Ground\n|move|p1a: Enamorus|Protect|p1a: Enamorus\n|-singleturn|p1a: Enamorus|Protect\n|move|p2b: Naganadel|Sludge Bomb|p1b: Diancie\n|-damage|p1b: Diancie|17\/100\n|-enditem|p1b: Diancie|Aguav Berry|[eat]\n|-heal|p1b: Diancie|50\/100|[from] item: Aguav Berry\n|-damage|p2b: Naganadel|91\/100|[from] item: Life Orb\n|move|p2a: Kilowattrel|Discharge|p1a: Enamorus|[spread] p1b\n|-activate|p1a: Enamorus|move: Protect\n|-immune|p2b: Naganadel\n|-damage|p1b: Diancie|12\/100\n|-status|p1b: Diancie|par\n|move|p1b: Diancie|Trick Room|p1b: Diancie\n|-fieldstart|move: Trick Room|[of] p1b: Diancie\n|\n|upkeep\n|turn|13\n|\n|t:|1701086254\n|switch|p2a: Maushold|Maushold-Four|94\/100 brn\n|move|p1a: Enamorus|Dazzling Gleam|p2a: Maushold|[spread] p2a,p2b\n|-damage|p2a: Maushold|49\/100 brn\n|-damage|p2b: Naganadel|43\/100\n|-enditem|p2a: Maushold|Sitrus Berry|[eat]\n|-heal|p2a: Maushold|74\/100 brn|[from] item: Sitrus Berry\n|-damage|p1a: Enamorus|45\/100 par|[from] item: Life Orb\n|move|p1b: Diancie|Diamond Storm|p2b: Naganadel|[spread] p2a,p2b\n|-resisted|p2b: Naganadel\n|-damage|p2a: Maushold|58\/100 brn\n|-damage|p2b: Naganadel|34\/100\n|-boost|p1b: Diancie|def|2\n|move|p2b: Naganadel|Sludge Bomb|p1a: Enamorus\n|-supereffective|p1a: Enamorus\n|-damage|p1a: Enamorus|0 fnt\n|faint|p1a: Enamorus\n|-ability|p2b: Naganadel|Beast Boost|boost\n|-boost|p2b: Naganadel|spe|1\n|-damage|p2b: Naganadel|24\/100|[from] item: Life Orb\n|\n|-damage|p2a: Maushold|51\/100 brn|[from] brn\n|upkeep\n|\n|t:|1701086276\n|switch|p1a: Urshifu|Urshifu, F|100\/100\n|turn|14\n|\n|t:|1701086306\n|move|p2a: Maushold|Follow Me|p2a: Maushold\n|-singleturn|p2a: Maushold|move: Follow Me\n|move|p1b: Diancie|Body Press|p2a: Maushold\n|-supereffective|p2a: Maushold\n|-damage|p2a: Maushold|0 fnt\n|faint|p2a: Maushold\n|move|p1a: Urshifu|Wicked Blow|p2b: Naganadel\n|-crit|p2b: Naganadel\n|-damage|p2b: Naganadel|0 fnt\n|faint|p2b: Naganadel\n|\n|upkeep\n|\n|t:|1701086312\n|switch|p2a: Kilowattrel|Kilowattrel, F|100\/100\n|turn|15\n|\n|t:|1701086320\n|cant|p1b: Diancie|par\n|move|p1a: Urshifu|Wicked Blow|p2a: Kilowattrel\n|-crit|p2a: Kilowattrel\n|-damage|p2a: Kilowattrel|1\/100\n|move|p2a: Kilowattrel|Hurricane|p1a: Urshifu\n|-supereffective|p1a: Urshifu\n|-enditem|p1a: Urshifu|Focus Sash\n|-damage|p1a: Urshifu|1\/100\n|\n|upkeep\n|turn|16\n|j| HolyOsiris\n|\n|t:|1701086331\n|move|p1a: Urshifu|Sucker Punch|p2a: Kilowattrel\n|-damage|p2a: Kilowattrel|0 fnt\n|faint|p2a: Kilowattrel\n|\n|win|Ceru Primarinas\n|c|\u2606Ceru Primarinas|gg cara\n","uploadtime":1701086372,"views":7,"p1id":"ceruprimarinas","p2id":"labacedo","formatid":"gen9nationaldexdoubles","rating":0,"private":0,"password":""}