{"id":"dl-gen9nationaldexdoubles-115046","p1":"samsjt","p2":"Gioilele","format":"[Gen 9] National Dex Doubles","log":"|j|\u2606samsjt\n|j|\u2606Gioilele\n|t:|1698700196\n|gametype|doubles\n|player|p1|samsjt|elesa|\n|player|p2|Gioilele|266|\n|teamsize|p1|6\n|teamsize|p2|6\n|gen|9\n|tier|[Gen 9] National Dex Doubles\n|rule|Sleep Clause Mod: Limit one foe put to sleep\n|rule|OHKO Clause: OHKO moves are banned\n|rule|Evasion Moves Clause: Evasion moves are banned\n|rule|Endless Battle Clause: Forcing endless battles is banned\n|rule|HP Percentage Mod: HP is shown in percentages\n|rule|Z-Move Clause: Z-Moves are banned\n|clearpoke\n|poke|p1|Koraidon|\n|poke|p1|Enamorus, F|\n|poke|p1|Kingambit, F|\n|poke|p1|Mew|\n|poke|p1|Heatran, F|\n|poke|p1|Araquanid, F|\n|poke|p2|Chi-Yu|\n|poke|p2|Gholdengo|\n|poke|p2|Landorus-Therian, M|\n|poke|p2|Ogerpon-Wellspring, F|\n|poke|p2|Kilowattrel, M|\n|poke|p2|Rotom-Wash|\n|teampreview\n|c|\u2606Gioilele|glhf\n|c|\u2606samsjt|Bom jogo\n|c|\u2606Gioilele|bom jogo\n|\n|t:|1698700266\n|start\n|switch|p1a: Pryde|Mew|100\/100\n|switch|p1b: Helliond|Heatran, F|100\/100\n|switch|p2a: Chi-Yu|Chi-Yu|100\/100\n|switch|p2b: Kilowattrel|Kilowattrel, M|100\/100\n|-ability|p2a: Chi-Yu|Beads of Ruin\n|turn|1\n|j| OlPatchy2Eyes\n|c| OlPatchy2Eyes|Bomb jogo amigos\n|\n|t:|1698700318\n|move|p1a: Pryde|Fake Out|p2a: Chi-Yu\n|-damage|p2a: Chi-Yu|88\/100\n|cant|p2a: Chi-Yu|flinch\n|move|p2b: Kilowattrel|Tailwind|p2b: Kilowattrel\n|-sidestart|p2: Gioilele|move: Tailwind\n|-start|p2b: Kilowattrel|Charge|Tailwind|[from] ability: Wind Power\n|move|p1b: Helliond|Earth Power|p2a: Chi-Yu\n|-supereffective|p2a: Chi-Yu\n|-damage|p2a: Chi-Yu|15\/100\n|\n|upkeep\n|turn|2\n|\n|t:|1698700353\n|move|p2a: Chi-Yu|Dark Pulse|p1b: Helliond\n|-damage|p1b: Helliond|44\/100\n|move|p2b: Kilowattrel|Volt Switch|p1b: Helliond\n|-damage|p1b: Helliond|0 fnt\n|faint|p1b: Helliond\n|-end|p2b: Kilowattrel|Charge|[silent]\n|\n|t:|1698700365\n|switch|p2b: Gholdengo|Gholdengo|100\/100|[from] Volt Switch\n|move|p1a: Pryde|Life Dew||[still]\n|-fail|p1a: Pryde|heal\n|\n|upkeep\n|j| Lerntasse\n|\n|t:|1698700421\n|switch|p1b: Dan Heo Sr|Kingambit, F|100\/100\n|-activate|p1b: Dan Heo Sr|ability: Supreme Overlord\n|-start|p1b: Dan Heo Sr|fallen1|[silent]\n|turn|3\n|\n|t:|1698700442\n|switch|p2a: Landorus|Landorus-Therian, M|100\/100\n|-ability|p2a: Landorus|Intimidate|boost\n|-unboost|p1a: Pryde|atk|1\n|-unboost|p1b: Dan Heo Sr|atk|1\n|switch|p2b: Rotom|Rotom-Wash|100\/100\n|switch|p1a: Spaceman Spiff|Araquanid, F|100\/100\n|move|p1b: Dan Heo Sr|Protect||[still]\n|-fail|p1b: Dan Heo Sr\n|\n|upkeep\n|turn|4\n|\n|t:|1698700492\n|-end|p1b: Dan Heo Sr|fallen1|[silent]\n|switch|p1b: Margot|Enamorus, F|100\/100\n|move|p2a: Landorus|U-turn|p1b: Margot\n|-resisted|p1b: Margot\n|-damage|p1b: Margot|85\/100\n|\n|t:|1698700498\n|switch|p2a: Ogerpon|Ogerpon-Wellspring, F|100\/100|[from] U-turn\n|move|p2b: Rotom|Volt Switch|p1a: Spaceman Spiff\n|-supereffective|p1a: Spaceman Spiff\n|-damage|p1a: Spaceman Spiff|47\/100\n|\n|t:|1698700511\n|switch|p2b: Kilowattrel|Kilowattrel, M|100\/100|[from] Volt Switch\n|move|p1a: Spaceman Spiff|Icy Wind|p2a: Ogerpon|[spread] p2a,p2b\n|-supereffective|p2b: Kilowattrel\n|-damage|p2a: Ogerpon|95\/100\n|-damage|p2b: Kilowattrel|81\/100\n|-unboost|p2a: Ogerpon|spe|1\n|-unboost|p2b: Kilowattrel|spe|1\n|-start|p2b: Kilowattrel|Charge|Icy Wind|[from] ability: Wind Power\n|\n|-sideend|p2: Gioilele|move: Tailwind\n|upkeep\n|turn|5\n|l| OlPatchy2Eyes\n|j| OlPatchy2Eyes\n|\n|t:|1698700559\n|move|p1b: Margot|Springtide Storm|p2b: Kilowattrel|[spread] p2b\n|-miss|p1b: Margot|p2a: Ogerpon\n|-damage|p2b: Kilowattrel|18\/100\n|-start|p2b: Kilowattrel|Charge|Springtide Storm|[from] ability: Wind Power\n|move|p2b: Kilowattrel|Volt Switch|p1a: Spaceman Spiff\n|-supereffective|p1a: Spaceman Spiff\n|-damage|p1a: Spaceman Spiff|0 fnt\n|faint|p1a: Spaceman Spiff\n|-end|p2b: Kilowattrel|Charge|[silent]\n|\n|t:|1698700572\n|switch|p2b: Rotom|Rotom-Wash|100\/100|[from] Volt Switch\n|move|p2a: Ogerpon|Ivy Cudgel|p1b: Margot\n|-crit|p1b: Margot\n|-damage|p1b: Margot|0 fnt\n|faint|p1b: Margot\n|\n|upkeep\n|\n|t:|1698700595\n|switch|p1b: Dan Heo Sr|Kingambit, F|100\/100\n|switch|p1a: Sirocco|Koraidon|100\/100\n|-weather|SunnyDay|[from] ability: Orichalcum Pulse|[of] p1a: Sirocco\n|-activate|p1a: Sirocco|Orichalcum Pulse|[source]\n|-activate|p1b: Dan Heo Sr|ability: Supreme Overlord\n|-start|p1b: Dan Heo Sr|fallen3|[silent]\n|turn|6\n|\n|t:|1698700682\n|switch|p2a: Landorus|Landorus-Therian, M|100\/100\n|-ability|p2a: Landorus|Intimidate|boost\n|-unboost|p1a: Sirocco|atk|1\n|-unboost|p1b: Dan Heo Sr|atk|1\n|-terastallize|p1b: Dan Heo Sr|Dark\n|move|p1b: Dan Heo Sr|Sucker Punch||[still]\n|-fail|p1b: Dan Heo Sr\n|move|p1a: Sirocco|Close Combat|p2a: Landorus\n|-resisted|p2a: Landorus\n|-damage|p2a: Landorus|70\/100\n|-unboost|p1a: Sirocco|def|1\n|-unboost|p1a: Sirocco|spd|1\n|move|p2b: Rotom|Will-O-Wisp|p1a: Sirocco\n|-status|p1a: Sirocco|brn\n|\n|-weather|SunnyDay|[upkeep]\n|-damage|p1a: Sirocco|94\/100 brn|[from] brn\n|upkeep\n|turn|7\n|c|\u2606samsjt|gg\n|c|\u2606Gioilele|gg\n|\n|t:|1698700717\n|move|p1b: Dan Heo Sr|Protect|p1b: Dan Heo Sr\n|-singleturn|p1b: Dan Heo Sr|Protect\n|move|p1a: Sirocco|Close Combat|p2b: Rotom\n|-damage|p2b: Rotom|69\/100\n|-unboost|p1a: Sirocco|def|1\n|-unboost|p1a: Sirocco|spd|1\n|move|p2a: Landorus|U-turn|p1b: Dan Heo Sr\n|-activate|p1b: Dan Heo Sr|move: Protect\n|move|p2b: Rotom|Will-O-Wisp|p1b: Dan Heo Sr\n|-activate|p1b: Dan Heo Sr|move: Protect\n|\n|-weather|SunnyDay|[upkeep]\n|-heal|p2b: Rotom|75\/100|[from] item: Leftovers\n|-damage|p1a: Sirocco|88\/100 brn|[from] brn\n|upkeep\n|turn|8\n|\n|t:|1698700796\n|-end|p1b: Dan Heo Sr|fallen3|[silent]\n|switch|p1b: Pryde|Mew|100\/100\n|move|p1a: Sirocco|Ice Fang|p2a: Landorus\n|-supereffective|p2a: Landorus\n|-damage|p2a: Landorus|27\/100\n|cant|p2a: Landorus|flinch\n|move|p2b: Rotom|Will-O-Wisp|p1b: Pryde\n|-status|p1b: Pryde|brn\n|-activate|p1b: Pryde|ability: Synchronize\n|-status|p2b: Rotom|brn\n|\n|-weather|SunnyDay|[upkeep]\n|-heal|p2b: Rotom|81\/100 brn|[from] item: Leftovers\n|-damage|p1a: Sirocco|82\/100 brn|[from] brn\n|-damage|p1b: Pryde|94\/100 brn|[from] brn\n|-damage|p2b: Rotom|75\/100 brn|[from] brn\n|upkeep\n|turn|9\n|\n|t:|1698700818\n|switch|p2a: Ogerpon|Ogerpon-Wellspring, F|95\/100\n|move|p1a: Sirocco|Flare Blitz|p2a: Ogerpon\n|-damage|p2a: Ogerpon|60\/100\n|-damage|p1a: Sirocco|70\/100 brn|[from] Recoil\n|move|p1b: Pryde|Coaching|p1a: Sirocco\n|-boost|p1a: Sirocco|atk|1\n|-boost|p1a: Sirocco|def|1\n|move|p2b: Rotom|Volt Switch|p1a: Sirocco\n|-resisted|p1a: Sirocco\n|-damage|p1a: Sirocco|37\/100 brn\n|-enditem|p1a: Sirocco|Sitrus Berry|[eat]\n|-heal|p1a: Sirocco|62\/100 brn|[from] item: Sitrus Berry\n|c|\u2606Gioilele|!data ice fang\n|raw|<ul class=\"utilichart\"><li class=\"result\"><span class=\"col movenamecol\"><a href=\"https:\/\/dex.pokemonshowdown.com\/moves\/icefang\">Ice Fang<\/a><\/span> <span class=\"col typecol\"><img src=\"\/\/play.pokemonshowdown.com\/sprites\/types\/Ice.png\" alt=\"Ice\" width=\"32\" height=\"14\"><img src=\"\/\/play.pokemonshowdown.com\/sprites\/categories\/Physical.png\" alt=\"Physical\" width=\"32\" height=\"14\"><\/span> <span class=\"col labelcol\"><em>Power<\/em><br>65<\/span> <span class=\"col widelabelcol\"><em>Accuracy<\/em><br>95%<\/span> <span class=\"col pplabelcol\"><em>PP<\/em><br>24<\/span> <span class=\"col movedesccol\">10% chance to freeze. 10% chance to flinch.<\/span> <\/li><li style=\"clear:both\"><\/li><\/ul>\n\n|\n|t:|1698700848\n|switch|p2b: Chi-Yu|Chi-Yu|15\/100|[from] Volt Switch\n|-ability|p2b: Chi-Yu|Beads of Ruin\n|\n|-weather|SunnyDay|[upkeep]\n|-heal|p1b: Pryde|100\/100 brn|[from] item: Leftovers\n|-damage|p1a: Sirocco|56\/100 brn|[from] brn\n|-damage|p1b: Pryde|94\/100 brn|[from] brn\n|upkeep\n|turn|10\n|\n|t:|1698700908\n|-terastallize|p2b: Chi-Yu|Fairy\n|move|p2a: Ogerpon|Follow Me|p2a: Ogerpon\n|-singleturn|p2a: Ogerpon|move: Follow Me\n|move|p2b: Chi-Yu|Tera Blast|p1a: Sirocco|[anim] Tera Blast Fairy\n|-supereffective|p1a: Sirocco\n|-damage|p1a: Sirocco|0 fnt\n|faint|p1a: Sirocco\n|move|p1b: Pryde|Life Dew|p1b: Pryde\n|-heal|p1b: Pryde|100\/100 brn\n|\n|-weather|none\n|-damage|p1b: Pryde|94\/100 brn|[from] brn\n|upkeep\n|\n|t:|1698700915\n|switch|p1a: Dan Heo Sr|Kingambit, F, tera:Dark|100\/100\n|-activate|p1a: Dan Heo Sr|ability: Supreme Overlord\n|-start|p1a: Dan Heo Sr|fallen4|[silent]\n|turn|11\n|\n|t:|1698700954\n|move|p2a: Ogerpon|Follow Me|p2a: Ogerpon\n|-singleturn|p2a: Ogerpon|move: Follow Me\n|move|p1a: Dan Heo Sr|Sucker Punch||[still]\n|-fail|p1a: Dan Heo Sr\n|move|p2b: Chi-Yu|Tera Blast|p1a: Dan Heo Sr|[anim] Tera Blast Fairy\n|-supereffective|p1a: Dan Heo Sr\n|-damage|p1a: Dan Heo Sr|0 fnt\n|faint|p1a: Dan Heo Sr\n|-end|p1a: Dan Heo Sr|fallen4|[silent]\n|move|p1b: Pryde|Life Dew|p1b: Pryde\n|-heal|p1b: Pryde|100\/100 brn\n|\n|-damage|p1b: Pryde|94\/100 brn|[from] brn\n|upkeep\n|turn|12\n|\n|t:|1698700970\n|switch|p2b: Gholdengo|Gholdengo|100\/100\n|move|p2a: Ogerpon|Horn Leech|p1b: Pryde\n|-damage|p1b: Pryde|58\/100 brn\n|-heal|p2a: Ogerpon|80\/100|[from] drain|[of] p1b: Pryde\n|move|p1b: Pryde|Earth Power|p2b: Gholdengo\n|-supereffective|p2b: Gholdengo\n|-damage|p2b: Gholdengo|60\/100\n|\n|-heal|p1b: Pryde|64\/100 brn|[from] item: Leftovers\n|-damage|p1b: Pryde|58\/100 brn|[from] brn\n|upkeep\n|turn|13\n|\n|t:|1698700987\n|move|p2a: Ogerpon|Follow Me|p2a: Ogerpon\n|-singleturn|p2a: Ogerpon|move: Follow Me\n|move|p1b: Pryde|Earth Power|p2a: Ogerpon\n|-resisted|p2a: Ogerpon\n|-damage|p2a: Ogerpon|69\/100\n|move|p2b: Gholdengo|Shadow Ball|p1b: Pryde\n|-supereffective|p1b: Pryde\n|-damage|p1b: Pryde|0 fnt\n|faint|p1b: Pryde\n|-damage|p2b: Gholdengo|50\/100|[from] item: Life Orb\n|\n|win|Gioilele\n|c|\u2606Gioilele|gg\n","uploadtime":1698700995,"views":33,"p1id":"samsjt","p2id":"gioilele","formatid":"gen9nationaldexdoubles","rating":0,"private":0,"password":""}