{"id":"dl-gen9nationaldexdoubles-120463","p1":"Lerntasse","p2":"PBJif","format":"[Gen 9] National Dex Doubles","log":"|j|\u2606Lerntasse\n|j|\u2606PBJif\n|t:|1699931885\n|gametype|doubles\n|player|p1|Lerntasse|hiker-gen4|\n|player|p2|PBJif|265|\n|teamsize|p1|6\n|teamsize|p2|6\n|gen|9\n|tier|[Gen 9] National Dex Doubles\n|rule|Sleep Clause Mod: Limit one foe put to sleep\n|rule|OHKO Clause: OHKO moves are banned\n|rule|Evasion Moves Clause: Evasion moves are banned\n|rule|Endless Battle Clause: Forcing endless battles is banned\n|rule|HP Percentage Mod: HP is shown in percentages\n|rule|Z-Move Clause: Z-Moves are banned\n|clearpoke\n|poke|p1|Kyogre|\n|poke|p1|Tinkaton, F|\n|poke|p1|Wyrdeer, F|\n|poke|p1|Basculegion, M|\n|poke|p1|Kyurem|\n|poke|p1|Overqwil, F|\n|poke|p2|Rillaboom, F|\n|poke|p2|Farigiraf, M|\n|poke|p2|Scizor, F|\n|poke|p2|Jolteon, F|\n|poke|p2|Latias, F|\n|poke|p2|Tauros-Paldea-Aqua, M|\n|teampreview\n|c|\u2606Lerntasse|glhf!\n|c|\u2606PBJif|glhf dood\n|j| istanbuldayim_406\n|j| Rune9145\n|c|\u2606PBJif|no eleki, you were too afraid of the torterra i see\n|j| samsjt\n|c|\u2606PBJif|i understand, i didn't bring it because it was far too powerful\n|c|\u2606Lerntasse|Bro is a demon\n|\n|t:|1699931990\n|start\n|switch|p1a: Angry Fish|Overqwil, F|100\/100\n|switch|p1b: $exual Deer Noises|Wyrdeer, F|100\/100\n|switch|p2a: Jolteon|Jolteon, F|100\/100\n|switch|p2b: Farigiraf|Farigiraf, M|100\/100\n|-ability|p1a: Angry Fish|Intimidate|boost\n|-unboost|p2a: Jolteon|atk|1\n|-unboost|p2b: Farigiraf|atk|1\n|turn|1\n|\n|t:|1699932027\n|move|p2a: Jolteon|Thunderbolt|p1a: Angry Fish\n|-damage|p1a: Angry Fish|39\/100\n|-enditem|p1a: Angry Fish|Sitrus Berry|[eat]\n|-heal|p1a: Angry Fish|64\/100|[from] item: Sitrus Berry\n|move|p1a: Angry Fish|Taunt|p2b: Farigiraf\n|-start|p2b: Farigiraf|move: Taunt\n|move|p1b: $exual Deer Noises|Body Slam|p2a: Jolteon\n|-damage|p2a: Jolteon|43\/100\n|move|p2b: Farigiraf|Thunder|p1a: Angry Fish|[miss]\n|-miss|p2b: Farigiraf|p1a: Angry Fish\n|\n|-status|p2a: Jolteon|brn|[from] item: Flame Orb\n|upkeep\n|turn|2\n|\n|t:|1699932053\n|switch|p2a: Tauros|Tauros-Paldea-Aqua, M|100\/100\n|-ability|p2a: Tauros|Intimidate|boost\n|-unboost|p1a: Angry Fish|atk|1\n|-unboost|p1b: $exual Deer Noises|atk|1\n|move|p1a: Angry Fish|Protect|p1a: Angry Fish\n|-singleturn|p1a: Angry Fish|Protect\n|move|p1b: $exual Deer Noises|Body Slam|p2a: Tauros\n|-damage|p2a: Tauros|79\/100\n|move|p2b: Farigiraf|Thunder|p1a: Angry Fish\n|-activate|p1a: Angry Fish|move: Protect\n|\n|upkeep\n|turn|3\n|\n|t:|1699932091\n|switch|p2a: Scizor|Scizor, F|100\/100\n|move|p1a: Angry Fish|Gunk Shot|p2a: Scizor\n|-immune|p2a: Scizor\n|move|p1b: $exual Deer Noises|Reflect|p1b: $exual Deer Noises\n|-sidestart|p1: Lerntasse|Reflect\n|move|p2b: Farigiraf|Thunder|p1a: Angry Fish\n|-damage|p1a: Angry Fish|25\/100\n|\n|-end|p2b: Farigiraf|move: Taunt\n|upkeep\n|turn|4\n|\n|t:|1699932199\n|move|p2b: Farigiraf|Protect|p2b: Farigiraf\n|-singleturn|p2b: Farigiraf|Protect\n|move|p1a: Angry Fish|Gunk Shot|p2b: Farigiraf\n|-activate|p2b: Farigiraf|move: Protect\n|move|p2a: Scizor|Tailwind|p2a: Scizor\n|-sidestart|p2: PBJif|move: Tailwind\n|move|p1b: $exual Deer Noises|Thunder Wave|p2a: Scizor\n|-status|p2a: Scizor|par\n|\n|upkeep\n|turn|5\n|\n|t:|1699932226\n|move|p2a: Scizor|Bullet Punch|p1a: Angry Fish\n|-damage|p1a: Angry Fish|0 fnt\n|faint|p1a: Angry Fish\n|move|p2b: Farigiraf|Dazzling Gleam|p1b: $exual Deer Noises\n|-damage|p1b: $exual Deer Noises|80\/100\n|move|p1b: $exual Deer Noises|Body Slam|p2b: Farigiraf\n|-damage|p2b: Farigiraf|78\/100\n|\n|upkeep\n|\n|t:|1699932236\n|switch|p1a: Isabell|Tinkaton, F|100\/100\n|-ability|p1a: Isabell|Mold Breaker\n|turn|6\n|\n|t:|1699932262\n|move|p2b: Farigiraf|Protect|p2b: Farigiraf\n|-singleturn|p2b: Farigiraf|Protect\n|move|p1a: Isabell|Fake Out||[still]\n|cant|p2b: Farigiraf|ability: Armor Tail|Fake Out|[of] p1a: Isabell\n|move|p2a: Scizor|Knock Off|p1b: $exual Deer Noises\n|-supereffective|p1b: $exual Deer Noises\n|-damage|p1b: $exual Deer Noises|43\/100\n|-enditem|p1b: $exual Deer Noises|Mental Herb|[from] move: Knock Off|[of] p2a: Scizor\n|move|p1b: $exual Deer Noises|Body Slam|p2a: Scizor\n|-resisted|p2a: Scizor\n|-damage|p2a: Scizor|90\/100 par\n|\n|upkeep\n|turn|7\n|\n|t:|1699932314\n|switch|p2b: Jolteon|Jolteon, F|43\/100 brn\n|move|p1a: Isabell|Gigaton Hammer|p2b: Jolteon\n|-resisted|p2b: Jolteon\n|-damage|p2b: Jolteon|0 fnt\n|faint|p2b: Jolteon\n|move|p2a: Scizor|Defog|p1a: Isabell\n|-unboost|p1a: Isabell|evasion|1\n|-sideend|p1: Lerntasse|Reflect\n|move|p1b: $exual Deer Noises|Body Slam|p2a: Scizor\n|-resisted|p2a: Scizor\n|-damage|p2a: Scizor|80\/100 par\n|\n|-sideend|p2: PBJif|move: Tailwind\n|upkeep\n|\n|t:|1699932335\n|switch|p2b: Tauros|Tauros-Paldea-Aqua, M|79\/100\n|-ability|p2b: Tauros|Intimidate|boost\n|-unboost|p1a: Isabell|atk|1\n|-unboost|p1b: $exual Deer Noises|atk|1\n|turn|8\n|\n|t:|1699932426\n|move|p2b: Tauros|Close Combat|p1b: $exual Deer Noises\n|-damage|p1b: $exual Deer Noises|1\/100\n|-unboost|p2b: Tauros|def|1\n|-unboost|p2b: Tauros|spd|1\n|move|p1a: Isabell|Play Rough|p2b: Tauros\n|-supereffective|p2b: Tauros\n|-damage|p2b: Tauros|6\/100\n|-unboost|p2b: Tauros|atk|1\n|-enditem|p2b: Tauros|Sitrus Berry|[eat]\n|-heal|p2b: Tauros|31\/100|[from] item: Sitrus Berry\n|move|p1b: $exual Deer Noises|Thunder Wave|p2b: Tauros\n|-status|p2b: Tauros|par\n|cant|p2a: Scizor|par\n|\n|upkeep\n|turn|9\n|\n|t:|1699932467\n|switch|p1b: Murder Tub|Basculegion, M|100\/100\n|move|p2b: Tauros|Aqua Jet|p1b: Murder Tub\n|-resisted|p1b: Murder Tub\n|-damage|p1b: Murder Tub|92\/100\n|cant|p2a: Scizor|par\n|move|p1a: Isabell|Gigaton Hammer|p2b: Tauros\n|-resisted|p2b: Tauros\n|-damage|p2b: Tauros|0 fnt\n|faint|p2b: Tauros\n|\n|upkeep\n|\n|t:|1699932474\n|switch|p2b: Rillaboom|Rillaboom, F|100\/100\n|-fieldstart|move: Grassy Terrain|[from] ability: Grassy Surge|[of] p2b: Rillaboom\n|turn|10\n|j| WallyBake\n|\n|t:|1699932531\n|switch|p1a: $exual Deer Noises|Wyrdeer, F|1\/100\n|-terastallize|p2b: Rillaboom|Grass\n|move|p1b: Murder Tub|Protect|p1b: Murder Tub\n|-singleturn|p1b: Murder Tub|Protect\n|move|p2b: Rillaboom|Grassy Glide|p1b: Murder Tub\n|-activate|p1b: Murder Tub|move: Protect\n|move|p2a: Scizor|Tailwind|p2a: Scizor\n|-sidestart|p2: PBJif|move: Tailwind\n|\n|-heal|p1b: Murder Tub|98\/100|[from] Grassy Terrain\n|-heal|p2a: Scizor|86\/100 par|[from] Grassy Terrain\n|-heal|p1a: $exual Deer Noises|8\/100|[from] Grassy Terrain\n|upkeep\n|turn|11\n|\n|t:|1699932552\n|switch|p1b: Your Mother|Kyogre|100\/100\n|-weather|RainDance|[from] ability: Drizzle|[of] p1b: Your Mother\n|move|p2a: Scizor|Bullet Punch|p1a: $exual Deer Noises\n|-damage|p1a: $exual Deer Noises|0 fnt\n|faint|p1a: $exual Deer Noises\n|move|p2b: Rillaboom|Wood Hammer|p1b: Your Mother\n|-supereffective|p1b: Your Mother\n|-damage|p1b: Your Mother|0 fnt\n|faint|p1b: Your Mother\n|-damage|p2b: Rillaboom|69\/100|[from] Recoil\n|-damage|p2b: Rillaboom|59\/100|[from] item: Life Orb\n|\n|-weather|RainDance|[upkeep]\n|-heal|p2b: Rillaboom|65\/100|[from] Grassy Terrain\n|-heal|p2a: Scizor|92\/100 par|[from] Grassy Terrain\n|upkeep\n|\n|t:|1699932579\n|switch|p1b: Isabell|Tinkaton, F|100\/100\n|switch|p1a: Parker Thighs|Kyurem|100\/100\n|-ability|p1a: Parker Thighs|Pressure\n|-ability|p1b: Isabell|Mold Breaker\n|turn|12\n|\n|t:|1699932614\n|switch|p2a: Farigiraf|Farigiraf, M|78\/100\n|-terastallize|p1a: Parker Thighs|Dragon\n|move|p1b: Isabell|Fake Out||[still]\n|cant|p2a: Farigiraf|ability: Armor Tail|Fake Out|[of] p1b: Isabell\n|move|p2b: Rillaboom|Drain Punch|p1a: Parker Thighs\n|-damage|p1a: Parker Thighs|68\/100\n|-heal|p2b: Rillaboom|81\/100|[from] drain|[of] p1a: Parker Thighs\n|-damage|p2b: Rillaboom|71\/100|[from] item: Life Orb\n|move|p1a: Parker Thighs|Freeze-Dry|p2b: Rillaboom\n|-supereffective|p2b: Rillaboom\n|-damage|p2b: Rillaboom|0 fnt\n|faint|p2b: Rillaboom\n|\n|-weather|RainDance|[upkeep]\n|-heal|p1a: Parker Thighs|74\/100|[from] Grassy Terrain\n|-heal|p2a: Farigiraf|84\/100|[from] Grassy Terrain\n|upkeep\n|\n|t:|1699932627\n|switch|p2b: Latias|Latias, F|100\/100\n|turn|13\n|\n|t:|1699932648\n|move|p1a: Parker Thighs|Protect|p1a: Parker Thighs\n|-singleturn|p1a: Parker Thighs|Protect\n|move|p1b: Isabell|Protect|p1b: Isabell\n|-singleturn|p1b: Isabell|Protect\n|move|p2b: Latias|Draco Meteor|p1a: Parker Thighs\n|-activate|p1a: Parker Thighs|move: Protect\n|move|p2a: Farigiraf|Thunder|p1b: Isabell\n|-activate|p1b: Isabell|move: Protect\n|\n|-weather|RainDance|[upkeep]\n|-heal|p1a: Parker Thighs|80\/100|[from] Grassy Terrain\n|-heal|p2a: Farigiraf|90\/100|[from] Grassy Terrain\n|-sideend|p2: PBJif|move: Tailwind\n|upkeep\n|turn|14\n|\n|t:|1699932712\n|switch|p2b: Scizor|Scizor, F|92\/100 par\n|move|p1a: Parker Thighs|Protect||[still]\n|-fail|p1a: Parker Thighs\n|move|p1b: Isabell|Gigaton Hammer|p2b: Scizor\n|-resisted|p2b: Scizor\n|-damage|p2b: Scizor|62\/100 par\n|move|p2a: Farigiraf|High Horsepower|p1b: Isabell\n|-supereffective|p1b: Isabell\n|-damage|p1b: Isabell|49\/100\n|\n|-weather|RainDance|[upkeep]\n|-heal|p1a: Parker Thighs|86\/100|[from] Grassy Terrain\n|-heal|p1b: Isabell|55\/100|[from] Grassy Terrain\n|-heal|p2a: Farigiraf|96\/100|[from] Grassy Terrain\n|-heal|p2b: Scizor|68\/100 par|[from] Grassy Terrain\n|-fieldend|move: Grassy Terrain\n|upkeep\n|turn|15\n|\n|t:|1699932742\n|move|p2b: Scizor|Bullet Punch|p1b: Isabell\n|-damage|p1b: Isabell|0 fnt\n|faint|p1b: Isabell\n|move|p1a: Parker Thighs|Draco Meteor|p2b: Scizor\n|-resisted|p2b: Scizor\n|-damage|p2b: Scizor|17\/100 par\n|-unboost|p1a: Parker Thighs|spa|2\n|move|p2a: Farigiraf|Dazzling Gleam|p1a: Parker Thighs\n|-supereffective|p1a: Parker Thighs\n|-damage|p1a: Parker Thighs|49\/100\n|\n|-weather|none\n|upkeep\n|\n|t:|1699932748\n|switch|p1b: Murder Tub|Basculegion, M|98\/100\n|turn|16\n|\n|t:|1699932794\n|move|p1a: Parker Thighs|Freeze-Dry|p2b: Scizor\n|-resisted|p2b: Scizor\n|-damage|p2b: Scizor|7\/100 par\n|move|p1b: Murder Tub|Waterfall|p2b: Scizor\n|-damage|p2b: Scizor|0 fnt\n|faint|p2b: Scizor\n|move|p2a: Farigiraf|Dazzling Gleam|p1a: Parker Thighs|[spread] p1a,p1b\n|-supereffective|p1a: Parker Thighs\n|-damage|p1a: Parker Thighs|22\/100\n|-damage|p1b: Murder Tub|80\/100\n|\n|upkeep\n|\n|t:|1699932801\n|switch|p2b: Latias|Latias, F|100\/100\n|turn|17\n|\n|t:|1699932869\n|move|p2b: Latias|Protect|p2b: Latias\n|-singleturn|p2b: Latias|Protect\n|move|p1a: Parker Thighs|Draco Meteor|p2b: Latias\n|-activate|p2b: Latias|move: Protect\n|move|p1b: Murder Tub|Wave Crash|p2b: Latias\n|-activate|p2b: Latias|move: Protect\n|move|p2a: Farigiraf|Dazzling Gleam|p1a: Parker Thighs|[spread] p1a,p1b\n|-supereffective|p1a: Parker Thighs\n|-damage|p1a: Parker Thighs|0 fnt\n|-damage|p1b: Murder Tub|64\/100\n|faint|p1a: Parker Thighs\n|\n|upkeep\n|turn|18\n|c|\u2606Lerntasse|gg\n|c|\u2606PBJif|gg\n|\n|t:|1699932887\n|move|p2b: Latias|Draco Meteor|p1b: Murder Tub|[miss]\n|-miss|p2b: Latias|p1b: Murder Tub\n|move|p1b: Murder Tub|Wave Crash|p2b: Latias\n|-resisted|p2b: Latias\n|-damage|p2b: Latias|64\/100\n|-damage|p1b: Murder Tub|55\/100|[from] Recoil\n|move|p2a: Farigiraf|Thunder|p1b: Murder Tub\n|-supereffective|p1b: Murder Tub\n|-damage|p1b: Murder Tub|0 fnt\n|faint|p1b: Murder Tub\n|\n|win|PBJif\n|l| WallyBake\n|c|\u2606PBJif|i thought i lost the turn tauros got the low roll on wyrdeer\n|l| istanbuldayim_406\n|c|\u2606Lerntasse|The second i had to think i lost\n|l| Rune9145\n|c|\u2606Lerntasse|I am so brain dead from studying 10 horus today lol\n|c|\u2606PBJif|damn man, thats rough\n|c|\u2606Lerntasse|yeah its why i try to play on sunday since its my only off day\n|c|\u2606Lerntasse|my entire game plan was to not get 6-0ed \n|c|\u2606PBJif|sorry about that\n|c|\u2606PBJif|my weekend was hectic, got home at 5:30 am\n|c|\u2606Lerntasse|As it goes\n|c|\u2606Lerntasse|ggs!\n|l| samsjt\n|c|\u2606PBJif|gg man, it was a fun game imo\n|l|\u2606Lerntasse\n|c|\u2606PBJif|back and forth\n","uploadtime":1699932932,"views":42,"p1id":"lerntasse","p2id":"pbjif","formatid":"gen9nationaldexdoubles","rating":0,"private":0,"password":""}