{"id":"dl-gen9nationaldexdoubles-115342","p1":"BH Miners","p2":"IndigoDZillas","format":"[Gen 9] National Dex Doubles","log":"|j|\u2606BH Miners\n|j|\u2606IndigoDZillas\n|t:|1698793827\n|gametype|doubles\n|player|p1|BH Miners|roark|\n|player|p2|IndigoDZillas|1|\n|teamsize|p1|6\n|teamsize|p2|6\n|gen|9\n|tier|[Gen 9] National Dex Doubles\n|rule|Sleep Clause Mod: Limit one foe put to sleep\n|rule|OHKO Clause: OHKO moves are banned\n|rule|Evasion Moves Clause: Evasion moves are banned\n|rule|Endless Battle Clause: Forcing endless battles is banned\n|rule|HP Percentage Mod: HP is shown in percentages\n|rule|Z-Move Clause: Z-Moves are banned\n|clearpoke\n|poke|p1|Dragapult, F|\n|poke|p1|Whimsicott, M|\n|poke|p1|Arcanine-Hisui, F|\n|poke|p1|Tapu Koko|\n|poke|p1|Glimmora, M|\n|poke|p1|Celesteela|\n|poke|p2|Flutter Mane|\n|poke|p2|Roaring Moon|\n|poke|p2|Cresselia, F|\n|poke|p2|Arcanine, F|\n|poke|p2|Gyarados, M|\n|poke|p2|Murkrow, F|\n|teampreview\n|c|\u2606BH Miners|Opa! Bom demais?\n|c|\u2606IndigoDZillas|b\u00e3o\n|c|\u2606BH Miners|Consegue mandar o link l\u00e1?\n|c|\u2606IndigoDZillas|acho que sim\n|c|\u2606BH Miners|Pult - Ghost \/ Whims - Ghost \/ Nine - Water \/ Koko - Grass \/ Glimm - Grass \/ Teela - Steel\n|c|\u2606IndigoDZillas|Flutter Electric \/ Moon Fly \/ cress dark \/arc grass \/ gyara normal \/ murk \/ dark\n|c|\u2606BH Miners|Bom jogo!\n|c|\u2606IndigoDZillas|bom jogo\n|c|\u2606IndigoDZillas|pega leve kkk\n|\n|t:|1698793972\n|start\n|switch|p1a: Whimsicott|Whimsicott, M|100\/100\n|switch|p1b: Glimmora|Glimmora, M|100\/100\n|switch|p2a: Arcanine|Arcanine, F|100\/100\n|switch|p2b: Murkrow|Murkrow, F|100\/100\n|-ability|p2a: Arcanine|Intimidate|boost\n|-unboost|p1a: Whimsicott|atk|1\n|-unboost|p1b: Glimmora|atk|1\n|turn|1\n|\n|t:|1698794037\n|switch|p1a: Arcanine|Arcanine-Hisui, F|100\/100\n|-ability|p1a: Arcanine|Intimidate|boost\n|-unboost|p2a: Arcanine|atk|1\n|-unboost|p2b: Murkrow|atk|1\n|switch|p2a: Cresselia|Cresselia, F|100\/100\n|move|p2b: Murkrow|Tailwind|p2b: Murkrow\n|-sidestart|p2: IndigoDZillas|move: Tailwind\n|move|p1b: Glimmora|Power Gem|p2b: Murkrow\n|-supereffective|p2b: Murkrow\n|-damage|p2b: Murkrow|0 fnt\n|faint|p2b: Murkrow\n|\n|upkeep\n|\n|t:|1698794052\n|switch|p2b: Gyarados|Gyarados, M|100\/100\n|-ability|p2b: Gyarados|Intimidate|boost\n|-unboost|p1a: Arcanine|atk|1\n|-unboost|p1b: Glimmora|atk|1\n|turn|2\n|\n|t:|1698794092\n|switch|p1a: Whimsicott|Whimsicott, M|100\/100\n|-terastallize|p1b: Glimmora|Grass\n|move|p2b: Gyarados|Protect|p2b: Gyarados\n|-singleturn|p2b: Gyarados|Protect\n|move|p2a: Cresselia|Psyshock|p1b: Glimmora\n|-damage|p1b: Glimmora|80\/100\n|move|p1b: Glimmora|Energy Ball|p2a: Cresselia\n|-damage|p2a: Cresselia|75\/100\n|\n|upkeep\n|turn|3\n|\n|t:|1698794155\n|switch|p2b: Arcanine|Arcanine, F|100\/100\n|-ability|p2b: Arcanine|Intimidate|boost\n|-unboost|p1a: Whimsicott|atk|1\n|-unboost|p1b: Glimmora|atk|1\n|move|p1a: Whimsicott|Encore||[still]\n|-fail|p1a: Whimsicott\n|move|p2a: Cresselia|Shadow Ball|p1b: Glimmora\n|-damage|p1b: Glimmora|70\/100\n|move|p1b: Glimmora|Energy Ball|p2a: Cresselia\n|-damage|p2a: Cresselia|48\/100\n|\n|upkeep\n|turn|4\n|\n|t:|1698794175\n|switch|p1b: Arcanine|Arcanine-Hisui, F|100\/100\n|-ability|p1b: Arcanine|Intimidate|boost\n|-unboost|p2a: Cresselia|atk|1\n|-unboost|p2b: Arcanine|atk|1\n|move|p1a: Whimsicott|Tailwind|p1a: Whimsicott\n|-sidestart|p1: BH Miners|move: Tailwind\n|move|p2b: Arcanine|Flare Blitz|p1b: Arcanine\n|-resisted|p1b: Arcanine\n|-damage|p1b: Arcanine|94\/100\n|-damage|p2b: Arcanine|98\/100|[from] Recoil\n|move|p2a: Cresselia|Lunar Blessing|p2a: Cresselia|[spread] p2a,p2b\n|-heal|p2a: Cresselia|73\/100\n|-heal|p2b: Arcanine|100\/100\n|\n|-sideend|p2: IndigoDZillas|move: Tailwind\n|upkeep\n|turn|5\n|\n|t:|1698794205\n|switch|p2a: Gyarados|Gyarados, M|100\/100\n|-ability|p2a: Gyarados|Intimidate|boost\n|-unboost|p1a: Whimsicott|atk|1\n|-unboost|p1b: Arcanine|atk|1\n|move|p2b: Arcanine|Protect|p2b: Arcanine\n|-singleturn|p2b: Arcanine|Protect\n|move|p1a: Whimsicott|Moonblast|p2b: Arcanine\n|-activate|p2b: Arcanine|move: Protect\n|move|p1b: Arcanine|Head Smash|p2b: Arcanine\n|-activate|p2b: Arcanine|move: Protect\n|\n|upkeep\n|turn|6\n|\n|t:|1698794244\n|switch|p1b: Dragapult|Dragapult, F|100\/100\n|switch|p2b: Cresselia|Cresselia, F|73\/100\n|move|p1a: Whimsicott|Encore||[still]\n|-fail|p1a: Whimsicott\n|move|p2a: Gyarados|Waterfall|p1b: Dragapult\n|-resisted|p1b: Dragapult\n|-damage|p1b: Dragapult|76\/100\n|\n|upkeep\n|turn|7\n|\n|t:|1698794300\n|-terastallize|p2b: Cresselia|Dark\n|move|p1a: Whimsicott|Moonblast|p2b: Cresselia\n|-supereffective|p2b: Cresselia\n|-damage|p2b: Cresselia|41\/100\n|move|p1b: Dragapult|U-turn|p2b: Cresselia\n|-supereffective|p2b: Cresselia\n|-damage|p2b: Cresselia|0 fnt\n|faint|p2b: Cresselia\n|\n|t:|1698794314\n|switch|p1b: Tapu Koko|Tapu Koko|100\/100|[from] U-turn\n|-fieldstart|move: Electric Terrain|[from] ability: Electric Surge|[of] p1b: Tapu Koko\n|move|p2a: Gyarados|Crunch|p1b: Tapu Koko\n|-resisted|p1b: Tapu Koko\n|-damage|p1b: Tapu Koko|79\/100\n|\n|-sideend|p1: BH Miners|move: Tailwind\n|upkeep\n|\n|t:|1698794332\n|switch|p2b: Flutter Mane|Flutter Mane|100\/100\n|turn|8\n|\n|t:|1698794344\n|move|p2a: Gyarados|Protect|p2a: Gyarados\n|-singleturn|p2a: Gyarados|Protect\n|move|p1a: Whimsicott|Tailwind|p1a: Whimsicott\n|-sidestart|p1: BH Miners|move: Tailwind\n|move|p1b: Tapu Koko|Volt Switch|p2a: Gyarados\n|-activate|p2a: Gyarados|move: Protect\n|move|p2b: Flutter Mane|Moonblast|p1a: Whimsicott\n|-damage|p1a: Whimsicott|36\/100\n|\n|upkeep\n|turn|9\n|\n|t:|1698794387\n|switch|p2a: Roaring Moon|Roaring Moon|100\/100\n|-enditem|p2a: Roaring Moon|Booster Energy\n|-activate|p2a: Roaring Moon|ability: Protosynthesis|[fromitem]\n|-start|p2a: Roaring Moon|protosynthesisspe\n|move|p1b: Tapu Koko|Thunderbolt|p2a: Roaring Moon\n|-resisted|p2a: Roaring Moon\n|-damage|p2a: Roaring Moon|77\/100\n|move|p1a: Whimsicott|Moonblast|p2a: Roaring Moon\n|-supereffective|p2a: Roaring Moon\n|-damage|p2a: Roaring Moon|0 fnt\n|faint|p2a: Roaring Moon\n|-end|p2a: Roaring Moon|Protosynthesis|[silent]\n|move|p2b: Flutter Mane|Moonblast|p1a: Whimsicott\n|-damage|p1a: Whimsicott|0 fnt\n|faint|p1a: Whimsicott\n|\n|upkeep\n|\n|t:|1698794406\n|switch|p2a: Arcanine|Arcanine, F|100\/100\n|switch|p1a: Dragapult|Dragapult, F|76\/100\n|-ability|p2a: Arcanine|Intimidate|boost\n|-fail|p1a: Dragapult|unboost|[from] ability: Clear Body|[of] p1a: Dragapult\n|-unboost|p1b: Tapu Koko|atk|1\n|turn|10\n|\n|t:|1698794421\n|move|p2b: Flutter Mane|Protect|p2b: Flutter Mane\n|-singleturn|p2b: Flutter Mane|Protect\n|move|p1b: Tapu Koko|Volt Switch|p2b: Flutter Mane\n|-activate|p2b: Flutter Mane|move: Protect\n|move|p1a: Dragapult|Phantom Force||[still]\n|-prepare|p1a: Dragapult|Phantom Force\n|move|p2a: Arcanine|Will-O-Wisp|p1a: Dragapult|[miss]\n|-miss|p2a: Arcanine|p1a: Dragapult\n|\n|upkeep\n|turn|11\n|\n|t:|1698794461\n|-end|p2b: Flutter Mane|Protosynthesis|[silent]\n|switch|p2b: Gyarados|Gyarados, M|100\/100\n|-ability|p2b: Gyarados|Intimidate|boost\n|-fail|p1a: Dragapult|unboost|[from] ability: Clear Body|[of] p1a: Dragapult\n|-unboost|p1b: Tapu Koko|atk|1\n|move|p1b: Tapu Koko|Volt Switch|p2b: Gyarados\n|-supereffective|p2b: Gyarados\n|-damage|p2b: Gyarados|0 fnt\n|faint|p2b: Gyarados\n|\n|t:|1698794470\n|switch|p1b: Arcanine|Arcanine-Hisui, F|94\/100|[from] Volt Switch\n|-ability|p1b: Arcanine|Intimidate|boost\n|-unboost|p2a: Arcanine|atk|1\n|move|p1a: Dragapult|Phantom Force|p2a: Arcanine|[from]lockedmove\n|-damage|p2a: Arcanine|48\/100\n|-enditem|p2a: Arcanine|Sitrus Berry|[eat]\n|-heal|p2a: Arcanine|73\/100|[from] item: Sitrus Berry\n|move|p2a: Arcanine|Flare Blitz|p1b: Arcanine\n|-resisted|p1b: Arcanine\n|-damage|p1b: Arcanine|87\/100\n|-damage|p2a: Arcanine|71\/100|[from] Recoil\n|\n|-sideend|p1: BH Miners|move: Tailwind\n|-fieldend|move: Electric Terrain\n|upkeep\n|\n|t:|1698794483\n|switch|p2b: Flutter Mane|Flutter Mane|100\/100\n|turn|12\n|\n|t:|1698794503\n|switch|p1a: Tapu Koko|Tapu Koko|79\/100\n|-fieldstart|move: Electric Terrain|[from] ability: Electric Surge|[of] p1a: Tapu Koko\n|move|p2b: Flutter Mane|Shadow Ball|p1b: Arcanine\n|-damage|p1b: Arcanine|48\/100\n|-enditem|p1b: Arcanine|Sitrus Berry|[eat]\n|-heal|p1b: Arcanine|73\/100|[from] item: Sitrus Berry\n|move|p2a: Arcanine|Close Combat|p1b: Arcanine\n|-supereffective|p1b: Arcanine\n|-damage|p1b: Arcanine|34\/100\n|-unboost|p2a: Arcanine|def|1\n|-unboost|p2a: Arcanine|spd|1\n|move|p1b: Arcanine|Head Smash|p2b: Flutter Mane|[miss]\n|-miss|p1b: Arcanine|p2b: Flutter Mane\n|\n|upkeep\n|turn|13\n|\n|t:|1698794538\n|move|p2b: Flutter Mane|Moonblast|p1a: Tapu Koko\n|-damage|p1a: Tapu Koko|0 fnt\n|faint|p1a: Tapu Koko\n|move|p2a: Arcanine|Close Combat|p1b: Arcanine\n|-supereffective|p1b: Arcanine\n|-damage|p1b: Arcanine|0 fnt\n|-unboost|p2a: Arcanine|def|1\n|-unboost|p2a: Arcanine|spd|1\n|faint|p1b: Arcanine\n|\n|upkeep\n|\n|t:|1698794554\n|switch|p1a: Dragapult|Dragapult, F|76\/100\n|switch|p1b: Celesteela|Celesteela|100\/100\n|turn|14\n|\n|t:|1698794571\n|switch|p1a: Glimmora|Glimmora, M, tera:Grass|70\/100\n|move|p2b: Flutter Mane|Shadow Ball|p1b: Celesteela\n|-damage|p1b: Celesteela|69\/100\n|move|p2a: Arcanine|Flare Blitz|p1b: Celesteela\n|-supereffective|p1b: Celesteela\n|-damage|p1b: Celesteela|29\/100\n|-damage|p2a: Arcanine|57\/100|[from] Recoil\n|move|p1b: Celesteela|Leech Seed|p2a: Arcanine\n|-start|p2a: Arcanine|move: Leech Seed\n|\n|-heal|p1b: Celesteela|35\/100|[from] item: Leftovers\n|-damage|p2a: Arcanine|45\/100|[from] Leech Seed|[of] p1b: Celesteela\n|-heal|p1b: Celesteela|47\/100|[silent]\n|upkeep\n|turn|15\n|\n|t:|1698794608\n|move|p2b: Flutter Mane|Moonblast|p1a: Glimmora\n|-damage|p1a: Glimmora|34\/100\n|move|p2a: Arcanine|Flare Blitz|p1a: Glimmora\n|-supereffective|p1a: Glimmora\n|-damage|p1a: Glimmora|0 fnt\n|-activate|p1a: Glimmora|ability: Toxic Debris\n|-sidestart|p2: IndigoDZillas|move: Toxic Spikes\n|faint|p1a: Glimmora\n|-damage|p2a: Arcanine|34\/100|[from] Recoil\n|move|p1b: Celesteela|Leech Seed|p2b: Flutter Mane\n|-start|p2b: Flutter Mane|move: Leech Seed\n|\n|-heal|p1b: Celesteela|53\/100|[from] item: Leftovers\n|-damage|p2b: Flutter Mane|88\/100|[from] Leech Seed|[of] p1b: Celesteela\n|-heal|p1b: Celesteela|61\/100|[silent]\n|-damage|p2a: Arcanine|22\/100|[from] Leech Seed|[of] p1b: Celesteela\n|-heal|p1b: Celesteela|73\/100|[silent]\n|upkeep\n|\n|t:|1698794623\n|switch|p1a: Dragapult|Dragapult, F|76\/100\n|turn|16\n|\n|t:|1698794640\n|move|p1b: Celesteela|Protect|p1b: Celesteela\n|-singleturn|p1b: Celesteela|Protect\n|move|p2b: Flutter Mane|Shadow Ball|p1b: Celesteela\n|-activate|p1b: Celesteela|move: Protect\n|move|p1a: Dragapult|Phantom Force||[still]\n|-prepare|p1a: Dragapult|Phantom Force\n|move|p2a: Arcanine|Flare Blitz|p1b: Celesteela\n|-activate|p1b: Celesteela|move: Protect\n|\n|-heal|p2b: Flutter Mane|94\/100|[from] item: Leftovers\n|-heal|p1b: Celesteela|79\/100|[from] item: Leftovers\n|-damage|p2b: Flutter Mane|82\/100|[from] Leech Seed|[of] p1b: Celesteela\n|-heal|p1b: Celesteela|87\/100|[silent]\n|-damage|p2a: Arcanine|9\/100|[from] Leech Seed|[of] p1b: Celesteela\n|-heal|p1b: Celesteela|99\/100|[silent]\n|-fieldend|move: Electric Terrain\n|upkeep\n|turn|17\n|\n|t:|1698794679\n|move|p2b: Flutter Mane|Shadow Ball|p1b: Celesteela\n|-damage|p1b: Celesteela|63\/100\n|move|p1a: Dragapult|Phantom Force|p2b: Flutter Mane|[from]lockedmove\n|-supereffective|p2b: Flutter Mane\n|-damage|p2b: Flutter Mane|0 fnt\n|faint|p2b: Flutter Mane\n|-end|p2b: Flutter Mane|Protosynthesis|[silent]\n|move|p2a: Arcanine|Flare Blitz|p1b: Celesteela\n|-supereffective|p1b: Celesteela\n|-damage|p1b: Celesteela|22\/100\n|-damage|p2a: Arcanine|0 fnt|[from] Recoil\n|faint|p2a: Arcanine\n|\n|win|BH Miners\n|c|\u2606BH Miners|gg wp\n|c|\u2606IndigoDZillas|gg\n","uploadtime":1698794734,"views":17,"p1id":"bhminers","p2id":"indigodzillas","formatid":"gen9nationaldexdoubles","rating":0,"private":0,"password":""}