{"id":"dl-gen9nationaldexdoubles-113140","p1":"Guithu","p2":"IndigoDZillas","format":"[Gen 9] National Dex Doubles","log":"|j|\u2606Guithu\n|j|\u2606IndigoDZillas\n|t:|1698279450\n|gametype|doubles\n|player|p1|Guithu|1|\n|player|p2|IndigoDZillas|170|\n|teamsize|p1|6\n|teamsize|p2|6\n|gen|9\n|tier|[Gen 9] National Dex Doubles\n|rule|Sleep Clause Mod: Limit one foe put to sleep\n|rule|OHKO Clause: OHKO moves are banned\n|rule|Evasion Moves Clause: Evasion moves are banned\n|rule|Endless Battle Clause: Forcing endless battles is banned\n|rule|HP Percentage Mod: HP is shown in percentages\n|rule|Z-Move Clause: Z-Moves are banned\n|clearpoke\n|poke|p1|Yveltal|\n|poke|p1|Armarouge, F|\n|poke|p1|Primarina, M|\n|poke|p1|Metagross|\n|poke|p1|Zoroark-Hisui, M|\n|poke|p1|Clefable, F|\n|poke|p2|Flutter Mane|\n|poke|p2|Orthworm, F|\n|poke|p2|Cresselia, F|\n|poke|p2|Arcanine, M|\n|poke|p2|Gyarados, F|\n|poke|p2|Tsareena, F|\n|teampreview\n|c|\u2606IndigoDZillas|flutter flying \/ orth flying \/ cress dark \/ Arca grass \/ gya grass \/ tsareena fire\n|c|\u2606Guithu|yveltal dark \/ armarouge dark \/ primarina fairy \/ metagross normal \/ zoroark ghost \/ clefable poison\n|c|\u2606IndigoDZillas|bom jogo guithu\n|c|\u2606Guithu|obg, pra vc tb\n|\n|t:|1698279600\n|start\n|switch|p1a: Yveltal|Yveltal|100\/100\n|switch|p1b: Clefable|Clefable, F|100\/100\n|switch|p2a: Flutter Mane|Flutter Mane|100\/100\n|switch|p2b: Arcanine|Arcanine, M|100\/100\n|-ability|p2b: Arcanine|Intimidate|boost\n|-unboost|p1a: Yveltal|atk|1\n|-unboost|p1b: Clefable|atk|1\n|-ability|p1a: Yveltal|Dark Aura\n|turn|1\n|\n|t:|1698279624\n|move|p2a: Flutter Mane|Protect|p2a: Flutter Mane\n|-singleturn|p2a: Flutter Mane|Protect\n|move|p1a: Yveltal|Protect|p1a: Yveltal\n|-singleturn|p1a: Yveltal|Protect\n|move|p1b: Clefable|Shadow Ball|p2a: Flutter Mane\n|-activate|p2a: Flutter Mane|move: Protect\n|move|p2b: Arcanine|Flare Blitz|p1a: Yveltal\n|-activate|p1a: Yveltal|move: Protect\n|\n|upkeep\n|turn|2\n|\n|t:|1698279709\n|switch|p1b: Clefable|Clefable, F|100\/100\n|-end|p2a: Flutter Mane|Protosynthesis|[silent]\n|switch|p2a: Orthworm|Orthworm, F|100\/100\n|switch|p1a: Armarouge|Armarouge, F|100\/100\n|move|p2b: Arcanine|Wild Charge|p1a: Armarouge\n|-damage|p1a: Armarouge|77\/100\n|-damage|p2b: Arcanine|94\/100|[from] Recoil\n|\n|upkeep\n|turn|3\n|\n|t:|1698279788\n|switch|p2a: Cresselia|Cresselia, F|100\/100\n|move|p2b: Arcanine|Flare Blitz|p1b: Clefable\n|-damage|p1b: Clefable|59\/100\n|-damage|p2b: Arcanine|77\/100|[from] item: Rocky Helmet|[of] p1b: Clefable\n|-damage|p2b: Arcanine|61\/100|[from] Recoil\n|move|p1a: Armarouge|Heat Wave|p2b: Arcanine|[spread] p2a,p2b\n|-resisted|p2b: Arcanine\n|-damage|p2a: Cresselia|82\/100\n|-damage|p2b: Arcanine|39\/100\n|move|p1b: Clefable|Moonblast|p2b: Arcanine\n|-resisted|p2b: Arcanine\n|-damage|p2b: Arcanine|20\/100\n|-enditem|p2b: Arcanine|Mago Berry|[eat]\n|-heal|p2b: Arcanine|53\/100|[from] item: Mago Berry\n|\n|-heal|p2a: Cresselia|88\/100|[from] item: Leftovers\n|upkeep\n|turn|4\n|\n|t:|1698279846\n|switch|p2a: Gyarados|Gyarados, F|100\/100\n|-ability|p2a: Gyarados|Intimidate|boost\n|-unboost|p1a: Armarouge|atk|1\n|-unboost|p1b: Clefable|atk|1\n|move|p2b: Arcanine|Protect|p2b: Arcanine\n|-singleturn|p2b: Arcanine|Protect\n|move|p1a: Armarouge|Heat Wave|p2a: Gyarados|[spread] p2a\n|-activate|p2b: Arcanine|move: Protect\n|-resisted|p2a: Gyarados\n|-damage|p2a: Gyarados|84\/100\n|-status|p2a: Gyarados|brn\n|move|p1b: Clefable|Soft-Boiled|p1b: Clefable\n|-heal|p1b: Clefable|100\/100\n|\n|-damage|p2a: Gyarados|78\/100 brn|[from] brn\n|upkeep\n|turn|5\n|j| Henves\n|\n|t:|1698279951\n|switch|p2b: Flutter Mane|Flutter Mane|100\/100\n|switch|p1a: Yveltal|Yveltal|100\/100\n|-ability|p1a: Yveltal|Dark Aura\n|move|p1b: Clefable|Follow Me|p1b: Clefable\n|-singleturn|p1b: Clefable|move: Follow Me\n|move|p2a: Gyarados|Waterfall|p1b: Clefable\n|-damage|p1b: Clefable|82\/100\n|-damage|p2a: Gyarados|61\/100 brn|[from] item: Rocky Helmet|[of] p1b: Clefable\n|\n|-damage|p2a: Gyarados|55\/100 brn|[from] brn\n|upkeep\n|turn|6\n|\n|t:|1698280065\n|switch|p2a: Orthworm|Orthworm, F|100\/100\n|-terastallize|p1a: Yveltal|Dark\n|move|p2b: Flutter Mane|Protect|p2b: Flutter Mane\n|-singleturn|p2b: Flutter Mane|Protect\n|move|p1b: Clefable|Follow Me|p1b: Clefable\n|-singleturn|p1b: Clefable|move: Follow Me\n|move|p1a: Yveltal|Sucker Punch||[still]\n|-fail|p1a: Yveltal\n|\n|upkeep\n|turn|7\n|\n|t:|1698280133\n|-end|p2b: Flutter Mane|Protosynthesis|[silent]\n|switch|p2b: Gyarados|Gyarados, F|55\/100 brn\n|-ability|p2b: Gyarados|Intimidate|boost\n|-unboost|p1a: Yveltal|atk|1\n|-unboost|p1b: Clefable|atk|1\n|move|p1a: Yveltal|Protect|p1a: Yveltal\n|-singleturn|p1a: Yveltal|Protect\n|move|p2a: Orthworm|Stealth Rock|p1b: Clefable\n|-sidestart|p1: Guithu|move: Stealth Rock\n|move|p1b: Clefable|Fire Blast|p2a: Orthworm|[miss]\n|-miss|p1b: Clefable|p2a: Orthworm\n|\n|-damage|p2b: Gyarados|49\/100 brn|[from] brn\n|upkeep\n|turn|8\n|\n|t:|1698280188\n|switch|p1a: Metagross|Metagross|100\/100\n|-damage|p1a: Metagross|94\/100|[from] Stealth Rock\n|switch|p2a: Cresselia|Cresselia, F|88\/100\n|move|p2b: Gyarados|Waterfall|p1a: Metagross\n|-damage|p1a: Metagross|78\/100\n|move|p1b: Clefable|Fire Blast|p2a: Cresselia|[miss]\n|-miss|p1b: Clefable|p2a: Cresselia\n|\n|-heal|p2a: Cresselia|94\/100|[from] item: Leftovers\n|-damage|p2b: Gyarados|43\/100 brn|[from] brn\n|upkeep\n|turn|9\n|\n|t:|1698280212\n|switch|p1b: Clefable|Clefable, F|100\/100\n|-damage|p1b: Clefable|88\/100|[from] Stealth Rock\n|move|p2b: Gyarados|Protect|p2b: Gyarados\n|-singleturn|p2b: Gyarados|Protect\n|move|p2a: Cresselia|Lunar Blessing|p2a: Cresselia|[spread] p2a,p2b\n|-heal|p2a: Cresselia|100\/100\n|-heal|p2b: Gyarados|68\/100 brn\n|-curestatus|p2b: Gyarados|brn|[msg]\n|move|p1a: Metagross|Zen Headbutt|p2b: Gyarados\n|-activate|p2b: Gyarados|move: Protect\n|\n|upkeep\n|turn|10\n|\n|t:|1698280238\n|switch|p2b: Orthworm|Orthworm, F|100\/100\n|move|p1b: Clefable|Icy Wind|p2b: Orthworm|[spread] p2a,p2b\n|-resisted|p2b: Orthworm\n|-damage|p2a: Cresselia|93\/100\n|-damage|p2b: Orthworm|93\/100\n|-unboost|p2a: Cresselia|spe|1\n|-unboost|p2b: Orthworm|spe|1\n|move|p1a: Metagross|Zen Headbutt|p2b: Orthworm\n|-resisted|p2b: Orthworm\n|-damage|p2b: Orthworm|70\/100\n|move|p2a: Cresselia|Psyshock|p1b: Clefable\n|-damage|p1b: Clefable|47\/100\n|replace|p1b: Zoroark|Zoroark-Hisui, M\n|-end|p1b: Zoroark|Illusion\n|\n|-heal|p2a: Cresselia|99\/100|[from] item: Leftovers\n|upkeep\n|turn|11\n|\n|t:|1698280279\n|switch|p1b: Armarouge|Armarouge, F|77\/100\n|-damage|p1b: Armarouge|52\/100|[from] Stealth Rock\n|move|p2a: Cresselia|Protect|p2a: Cresselia\n|-singleturn|p2a: Cresselia|Protect\n|move|p1a: Metagross|Hammer Arm|p2b: Orthworm\n|-supereffective|p2b: Orthworm\n|-damage|p2b: Orthworm|0 fnt\n|-unboost|p1a: Metagross|spe|1\n|faint|p2b: Orthworm\n|\n|-heal|p2a: Cresselia|100\/100|[from] item: Leftovers\n|upkeep\n|\n|t:|1698280317\n|switch|p2b: Gyarados|Gyarados, F|68\/100\n|-ability|p2b: Gyarados|Intimidate|boost\n|-fail|p1a: Metagross|unboost|[from] ability: Clear Body|[of] p1a: Metagross\n|-unboost|p1b: Armarouge|atk|1\n|turn|12\n|\n|t:|1698280342\n|switch|p1b: Clefable|Clefable, F|82\/100\n|-damage|p1b: Clefable|70\/100|[from] Stealth Rock\n|move|p2a: Cresselia|Helping Hand|p2b: Gyarados\n|-singleturn|p2b: Gyarados|Helping Hand|[of] p2a: Cresselia\n|move|p2b: Gyarados|Waterfall|p1a: Metagross\n|-damage|p1a: Metagross|19\/100\n|move|p1a: Metagross|Zen Headbutt|p2b: Gyarados\n|-damage|p2b: Gyarados|22\/100\n|\n|upkeep\n|turn|13\n|\n|t:|1698280388\n|move|p2b: Gyarados|Protect|p2b: Gyarados\n|-singleturn|p2b: Gyarados|Protect\n|move|p1b: Clefable|Soft-Boiled|p1b: Clefable\n|-heal|p1b: Clefable|100\/100\n|move|p2a: Cresselia|Lunar Blessing|p2a: Cresselia|[spread] p2a,p2b\n|-heal|p2b: Gyarados|47\/100\n|move|p1a: Metagross|Zen Headbutt|p2b: Gyarados\n|-activate|p2b: Gyarados|move: Protect\n|\n|upkeep\n|turn|14\n|\n|t:|1698280419\n|move|p1b: Clefable|Follow Me|p1b: Clefable\n|-singleturn|p1b: Clefable|move: Follow Me\n|move|p2b: Gyarados|Waterfall|p1b: Clefable\n|-damage|p1b: Clefable|68\/100\n|-damage|p2b: Gyarados|31\/100|[from] item: Rocky Helmet|[of] p1b: Clefable\n|move|p2a: Cresselia|Psyshock|p1b: Clefable\n|-damage|p1b: Clefable|51\/100\n|move|p1a: Metagross|Zen Headbutt|p2b: Gyarados\n|-damage|p2b: Gyarados|0 fnt\n|faint|p2b: Gyarados\n|\n|upkeep\n|\n|t:|1698280516\n|switch|p2b: Arcanine|Arcanine, M|53\/100\n|-ability|p2b: Arcanine|Intimidate|boost\n|-fail|p1a: Metagross|unboost|[from] ability: Clear Body|[of] p1a: Metagross\n|-unboost|p1b: Clefable|atk|1\n|turn|15\n|\n|t:|1698280552\n|switch|p1a: Primarina|Primarina, M|100\/100\n|-damage|p1a: Primarina|88\/100|[from] Stealth Rock\n|move|p2b: Arcanine|Protect|p2b: Arcanine\n|-singleturn|p2b: Arcanine|Protect\n|move|p1b: Clefable|Soft-Boiled|p1b: Clefable\n|-heal|p1b: Clefable|100\/100\n|move|p2a: Cresselia|Lunar Blessing|p2a: Cresselia|[spread] p2a,p2b\n|-heal|p2b: Arcanine|78\/100\n|\n|upkeep\n|turn|16\n|\n|t:|1698280611\n|-terastallize|p2b: Arcanine|Grass\n|move|p1b: Clefable|Follow Me|p1b: Clefable\n|-singleturn|p1b: Clefable|move: Follow Me\n|move|p2b: Arcanine|Wild Charge|p1b: Clefable\n|-damage|p1b: Clefable|79\/100\n|-damage|p2b: Arcanine|61\/100|[from] item: Rocky Helmet|[of] p1b: Clefable\n|-damage|p2b: Arcanine|55\/100|[from] Recoil\n|move|p1a: Primarina|Scald|p2b: Arcanine\n|-resisted|p2b: Arcanine\n|-damage|p2b: Arcanine|29\/100\n|move|p2a: Cresselia|Psyshock|p1b: Clefable\n|-damage|p1b: Clefable|61\/100\n|\n|upkeep\n|turn|17\n|\n|t:|1698280661\n|move|p2b: Arcanine|Protect|p2b: Arcanine\n|-singleturn|p2b: Arcanine|Protect\n|move|p1b: Clefable|Follow Me|p1b: Clefable\n|-singleturn|p1b: Clefable|move: Follow Me\n|move|p1a: Primarina|Moonblast|p2b: Arcanine\n|-activate|p2b: Arcanine|move: Protect\n|move|p2a: Cresselia|Lunar Blessing|p2a: Cresselia|[spread] p2a,p2b\n|-heal|p2b: Arcanine|54\/100\n|\n|upkeep\n|turn|18\n|\n|t:|1698280675\n|move|p2a: Cresselia|Helping Hand|p2b: Arcanine\n|-singleturn|p2b: Arcanine|Helping Hand|[of] p2a: Cresselia\n|move|p1b: Clefable|Follow Me|p1b: Clefable\n|-singleturn|p1b: Clefable|move: Follow Me\n|move|p2b: Arcanine|Flare Blitz|p1b: Clefable\n|-damage|p1b: Clefable|0 fnt\n|-damage|p2b: Arcanine|37\/100|[from] item: Rocky Helmet|[of] p1b: Clefable\n|-start|p2b: Arcanine|Attract|[from] ability: Cute Charm|[of] p1b: Clefable\n|faint|p1b: Clefable\n|-damage|p2b: Arcanine|14\/100|[from] Recoil\n|-end|p2b: Arcanine|Attract|[silent]\n|move|p1a: Primarina|Moonblast|p2b: Arcanine\n|-damage|p2b: Arcanine|0 fnt\n|faint|p2b: Arcanine\n|\n|upkeep\n|\n|t:|1698280700\n|switch|p2b: Flutter Mane|Flutter Mane|100\/100\n|switch|p1b: Yveltal|Yveltal, tera:Dark|100\/100\n|-damage|p1b: Yveltal|88\/100|[from] Stealth Rock\n|-ability|p1b: Yveltal|Dark Aura\n|turn|19\n|\n|t:|1698280749\n|switch|p2a: Tsareena|Tsareena, F|100\/100\n|move|p1b: Yveltal|Protect|p1b: Yveltal\n|-singleturn|p1b: Yveltal|Protect\n|move|p2b: Flutter Mane|Dazzling Gleam|p1b: Yveltal|[spread] p1a\n|-activate|p1b: Yveltal|move: Protect\n|-damage|p1a: Primarina|59\/100\n|move|p1a: Primarina|Dazzling Gleam|p2a: Tsareena|[spread] p2a,p2b\n|-damage|p2a: Tsareena|74\/100\n|-damage|p2b: Flutter Mane|62\/100\n|\n|upkeep\n|turn|20\n|\n|t:|1698280803\n|switch|p1b: Metagross|Metagross|19\/100\n|-damage|p1b: Metagross|13\/100|[from] Stealth Rock\n|switch|p2a: Cresselia|Cresselia, F|100\/100\n|move|p2b: Flutter Mane|Protect|p2b: Flutter Mane\n|-singleturn|p2b: Flutter Mane|Protect\n|move|p1a: Primarina|Moonblast|p2b: Flutter Mane\n|-activate|p2b: Flutter Mane|move: Protect\n|\n|upkeep\n|turn|21\n|\n|t:|1698280850\n|-end|p2b: Flutter Mane|Protosynthesis|[silent]\n|switch|p2b: Tsareena|Tsareena, F|74\/100\n|move|p1b: Metagross|Bullet Punch||[still]\n|cant|p2b: Tsareena|ability: Queenly Majesty|Bullet Punch|[of] p1b: Metagross\n|move|p2a: Cresselia|Psyshock|p1a: Primarina\n|-damage|p1a: Primarina|33\/100\n|move|p1a: Primarina|Moonblast|p2b: Tsareena\n|-damage|p2b: Tsareena|32\/100\n|\n|upkeep\n|turn|22\n|\n|t:|1698280913\n|move|p2a: Cresselia|Lunar Blessing|p2a: Cresselia|[spread] p2a,p2b\n|-heal|p2b: Tsareena|57\/100\n|move|p2b: Tsareena|Knock Off|p1b: Metagross\n|-supereffective|p1b: Metagross\n|-crit|p1b: Metagross\n|-damage|p1b: Metagross|0 fnt\n|-enditem|p1b: Metagross|Assault Vest|[from] move: Knock Off|[of] p2b: Tsareena\n|faint|p1b: Metagross\n|move|p1a: Primarina|Moonblast|p2b: Tsareena\n|-damage|p2b: Tsareena|15\/100\n|\n|upkeep\n|\n|t:|1698280923\n|switch|p1b: Yveltal|Yveltal, tera:Dark|88\/100\n|-damage|p1b: Yveltal|76\/100|[from] Stealth Rock\n|-ability|p1b: Yveltal|Dark Aura\n|turn|23\n|\n|t:|1698280979\n|move|p1b: Yveltal|Knock Off|p2b: Tsareena\n|-damage|p2b: Tsareena|0 fnt\n|-enditem|p2b: Tsareena|Assault Vest|[from] move: Knock Off|[of] p1b: Yveltal\n|faint|p2b: Tsareena\n|move|p2a: Cresselia|Lunar Blessing||[still]\n|-fail|p2a: Cresselia\n|move|p1a: Primarina|Dazzling Gleam|p2a: Cresselia\n|-damage|p2a: Cresselia|74\/100\n|\n|-heal|p2a: Cresselia|80\/100|[from] item: Leftovers\n|upkeep\n|\n|t:|1698280989\n|switch|p2b: Flutter Mane|Flutter Mane|62\/100\n|turn|24\n|\n|t:|1698281012\n|switch|p1a: Armarouge|Armarouge, F|47\/100\n|-damage|p1a: Armarouge|35\/100|[from] Stealth Rock\n|move|p2b: Flutter Mane|Protect|p2b: Flutter Mane\n|-singleturn|p2b: Flutter Mane|Protect\n|move|p1b: Yveltal|Protect|p1b: Yveltal\n|-singleturn|p1b: Yveltal|Protect\n|move|p2a: Cresselia|Lunar Blessing|p2a: Cresselia|[spread] p2a,p2b\n|-heal|p2a: Cresselia|100\/100\n|-heal|p2b: Flutter Mane|87\/100\n|\n|upkeep\n|turn|25\n|\n|t:|1698281059\n|move|p1a: Armarouge|Icy Wind|p2b: Flutter Mane|[spread] p2a,p2b\n|-damage|p2a: Cresselia|92\/100\n|-damage|p2b: Flutter Mane|73\/100\n|-unboost|p2a: Cresselia|spe|1\n|-unboost|p2b: Flutter Mane|spe|1\n|move|p1b: Yveltal|Knock Off|p2b: Flutter Mane\n|-damage|p2b: Flutter Mane|0 fnt\n|-enditem|p2b: Flutter Mane|Expert Belt|[from] move: Knock Off|[of] p1b: Yveltal\n|faint|p2b: Flutter Mane\n|-end|p2b: Flutter Mane|Protosynthesis|[silent]\n|move|p2a: Cresselia|Psyshock|p1a: Armarouge\n|-damage|p1a: Armarouge|0 fnt\n|replace|p1a: Zoroark|Zoroark-Hisui, M\n|-end|p1a: Zoroark|Illusion\n|faint|p1a: Zoroark\n|\n|-heal|p2a: Cresselia|98\/100|[from] item: Leftovers\n|upkeep\n|\n|t:|1698281076\n|switch|p1a: Armarouge|Armarouge, F|52\/100\n|-damage|p1a: Armarouge|27\/100|[from] Stealth Rock\n|turn|26\n|c|\u2606IndigoDZillas|gg\n|c|\u2606Guithu|gg\n|\n|t:|1698281085\n|move|p1b: Yveltal|Knock Off|p2a: Cresselia\n|-supereffective|p2a: Cresselia\n|-damage|p2a: Cresselia|0 fnt\n|-enditem|p2a: Cresselia|Leftovers|[from] move: Knock Off|[of] p1b: Yveltal\n|faint|p2a: Cresselia\n|\n|win|Guithu\n","uploadtime":1698281091,"views":30,"p1id":"guithu","p2id":"indigodzillas","formatid":"gen9nationaldexdoubles","rating":0,"private":0,"password":""}