{"id":"dl-gen9nationaldexdoubles-108441","p1":"Guithu","p2":"GurenDLotus","format":"[Gen 9] National Dex Doubles","log":"|j|\u2606Guithu\n|j|\u2606GurenDLotus\n|t:|1697144604\n|gametype|doubles\n|player|p1|Guithu|169|\n|player|p2|GurenDLotus|1|\n|teamsize|p1|6\n|teamsize|p2|6\n|gen|9\n|tier|[Gen 9] National Dex Doubles\n|rule|Sleep Clause Mod: Limit one foe put to sleep\n|rule|OHKO Clause: OHKO moves are banned\n|rule|Evasion Moves Clause: Evasion moves are banned\n|rule|Endless Battle Clause: Forcing endless battles is banned\n|rule|HP Percentage Mod: HP is shown in percentages\n|rule|Z-Move Clause: Z-Moves are banned\n|clearpoke\n|poke|p1|Yveltal|\n|poke|p1|Exeggutor-Alola, M|\n|poke|p1|Great Tusk|\n|poke|p1|Metagross|\n|poke|p1|Primarina, F|\n|poke|p1|Clefable, M|\n|poke|p2|Necrozma-Dusk-Mane|\n|poke|p2|Tyranitar, M|\n|poke|p2|Amoonguss, M|\n|poke|p2|Hariyama, M|\n|poke|p2|Ting-Lu|\n|poke|p2|Zebstrika, F|\n|teampreview\n|c|\u2606GurenDLotus|DM = steel; Ttar = Fairy; Amoong = Water; Hari = Fairy; ting = Fairy; Zebstrika = Fly\n|c|\u2606Guithu|yveltal - dark \/ exeggutor- dragon \/ great tusk - grass \/ metagross - grass \/ primarina - fairy \/ clefable - steel\n|c|\u2606GurenDLotus|bom jogo\n|c|\u2606Guithu|obg, pra vc tb\n|c|\u2606GurenDLotus|bate, mas bate devagar kkk\n|c|\u2606Guithu|que isso\n|\n|t:|1697144733\n|start\n|switch|p1a: Yveltal|Yveltal|100\/100\n|switch|p1b: Primarina|Primarina, F, shiny|100\/100\n|switch|p2a: Odama|Hariyama, M|100\/100\n|switch|p2b: Virgolini|Zebstrika, F, shiny|100\/100\n|-ability|p1a: Yveltal|Dark Aura\n|turn|1\n|j| Cogao\n|\n|t:|1697144828\n|switch|p1a: Clefable|Clefable, M, shiny|100\/100\n|-terastallize|p1b: Primarina|Fairy\n|move|p2a: Odama|Fake Out|p1b: Primarina\n|-damage|p1b: Primarina|82\/100\n|move|p2b: Virgolini|Discharge|p1a: Clefable|[spread] p2a,p1a,p1b\n|-damage|p2a: Odama|72\/100\n|-damage|p1a: Clefable|72\/100\n|-damage|p1b: Primarina|59\/100\n|-damage|p2b: Virgolini|91\/100|[from] item: Life Orb\n|cant|p1b: Primarina|flinch\n|\n|-heal|p1a: Clefable|78\/100|[from] item: Leftovers\n|-status|p2a: Odama|brn|[from] item: Flame Orb\n|upkeep\n|turn|2\n|\n|t:|1697144909\n|switch|p2a: Omini|Necrozma-Dusk-Mane|100\/100\n|move|p2b: Virgolini|Thunderbolt|p1b: Primarina\n|-damage|p1b: Primarina|20\/100\n|-status|p1b: Primarina|par\n|-damage|p2b: Virgolini|81\/100|[from] item: Life Orb\n|move|p1a: Clefable|Life Dew|p1a: Clefable|[spread] p1a,p1b\n|-heal|p1a: Clefable|100\/100\n|-heal|p1b: Primarina|45\/100 par\n|move|p1b: Primarina|Dazzling Gleam|p2a: Omini|[spread] p2a,p2b\n|-resisted|p2a: Omini\n|-damage|p2a: Omini|78\/100\n|-damage|p2b: Virgolini|0 fnt\n|faint|p2b: Virgolini\n|\n|upkeep\n|\n|t:|1697144924\n|switch|p2b: Odama|Hariyama, M|72\/100 brn\n|turn|3\n|\n|t:|1697144961\n|switch|p1a: Metagross|Metagross, shiny|100\/100\n|move|p2b: Odama|Fake Out|p1b: Primarina\n|-damage|p1b: Primarina|19\/100 par\n|move|p2a: Omini|Sunsteel Strike|p1a: Metagross\n|-resisted|p1a: Metagross\n|-damage|p1a: Metagross|77\/100\n|cant|p1b: Primarina|flinch\n|\n|-damage|p2b: Odama|66\/100 brn|[from] brn\n|upkeep\n|turn|4\n|j| Labacedo\n|\n|t:|1697144997\n|move|p2b: Odama|Wide Guard|p2b: Odama\n|-singleturn|p2b: Odama|Wide Guard\n|move|p2a: Omini|Earthquake|p1a: Metagross|[spread] p1a,p1b\n|-activate|p2b: Odama|move: Wide Guard\n|-supereffective|p1a: Metagross\n|-damage|p1a: Metagross|24\/100\n|-damage|p1b: Primarina|0 fnt\n|faint|p1b: Primarina\n|move|p1a: Metagross|Iron Head|p2b: Odama\n|-damage|p2b: Odama|20\/100 brn\n|\n|-damage|p2b: Odama|14\/100 brn|[from] brn\n|upkeep\n|\n|t:|1697145011\n|switch|p1b: Yveltal|Yveltal|100\/100\n|-ability|p1b: Yveltal|Dark Aura\n|turn|5\n|\n|t:|1697145053\n|switch|p2b: Urza|Ting-Lu|100\/100\n|-ability|p2b: Urza|Vessel of Ruin\n|-terastallize|p2a: Omini|Steel\n|move|p1a: Metagross|Bullet Punch|p2b: Urza\n|-damage|p2b: Urza|89\/100\n|move|p1b: Yveltal|Foul Play|p2a: Omini\n|-crit|p2a: Omini\n|-damage|p2a: Omini|0 fnt\n|faint|p2a: Omini\n|\n|-heal|p2b: Urza|95\/100|[from] item: Leftovers\n|upkeep\n|c| Cogao|u\u00e9, dusk mane pode dar tera?\n|c|\u2606GurenDLotus|putz\n|c|\u2606GurenDLotus|esqueci\n|\n|t:|1697145148\n|switch|p2a: Odama|Hariyama, M|14\/100 brn\n|turn|6\n|c|\u2606GurenDLotus|vai continuar? embora n tenha importado, por conta do crit, e ainda perdi meu tera :( \n|c|\u2606Guithu|bora\n|\n|t:|1697145188\n|move|p2a: Odama|Fake Out|p1a: Metagross\n|-resisted|p1a: Metagross\n|-damage|p1a: Metagross|17\/100\n|cant|p1a: Metagross|flinch\n|move|p1b: Yveltal|Toxic|p2b: Urza|[miss]\n|-miss|p1b: Yveltal|p2b: Urza\n|move|p2b: Urza|Stealth Rock|p1a: Metagross\n|-sidestart|p1: Guithu|move: Stealth Rock\n|\n|-heal|p2b: Urza|100\/100|[from] item: Leftovers\n|-damage|p2a: Odama|7\/100 brn|[from] brn\n|upkeep\n|turn|7\n|l| Cogao\n|\n|t:|1697145226\n|switch|p2a: Jonny Dummy|Amoonguss, M|100\/100\n|move|p1a: Metagross|Bullet Punch|p2a: Jonny Dummy\n|-damage|p2a: Jonny Dummy|82\/100\n|move|p1b: Yveltal|Toxic|p2b: Urza\n|-status|p2b: Urza|tox\n|move|p2b: Urza|Whirlwind|p1b: Yveltal\n|drag|p1b: Great Tusk|Great Tusk|100\/100\n|-damage|p1b: Great Tusk|98\/100|[from] Stealth Rock\n|-enditem|p1b: Great Tusk|Booster Energy\n|-activate|p1b: Great Tusk|ability: Protosynthesis|[fromitem]\n|-start|p1b: Great Tusk|protosynthesisatk\n|\n|-damage|p2b: Urza|94\/100 tox|[from] psn\n|upkeep\n|turn|8\n|\n|t:|1697145262\n|switch|p2b: Odama|Hariyama, M|7\/100 brn\n|move|p1b: Great Tusk|Close Combat|p2b: Odama\n|-damage|p2b: Odama|0 fnt\n|-unboost|p1b: Great Tusk|def|1\n|-unboost|p1b: Great Tusk|spd|1\n|faint|p2b: Odama\n|move|p1a: Metagross|Zen Headbutt|p2a: Jonny Dummy\n|-supereffective|p2a: Jonny Dummy\n|-damage|p2a: Jonny Dummy|14\/100\n|-enditem|p2a: Jonny Dummy|Sitrus Berry|[eat]\n|-heal|p2a: Jonny Dummy|39\/100|[from] item: Sitrus Berry\n|move|p2a: Jonny Dummy|Pollen Puff|p2: Odama|[notarget]\n|-fail|p2a: Jonny Dummy\n|\n|upkeep\n|\n|t:|1697145278\n|switch|p2b: Skelvingerkalt|Tyranitar, M|100\/100\n|-weather|Sandstorm|[from] ability: Sand Stream|[of] p2b: Skelvingerkalt\n|turn|9\n|\n|t:|1697145301\n|move|p2a: Jonny Dummy|Rage Powder|p2a: Jonny Dummy\n|-singleturn|p2a: Jonny Dummy|move: Rage Powder\n|move|p1a: Metagross|Bullet Punch|p2a: Jonny Dummy\n|-damage|p2a: Jonny Dummy|20\/100\n|move|p1b: Great Tusk|Earthquake|p2a: Jonny Dummy|[spread] p1a,p2a,p2b\n|-supereffective|p1a: Metagross\n|-supereffective|p2b: Skelvingerkalt\n|-damage|p1a: Metagross|0 fnt\n|-damage|p2a: Jonny Dummy|0 fnt\n|-damage|p2b: Skelvingerkalt|11\/100\n|faint|p1a: Metagross\n|faint|p2a: Jonny Dummy\n|move|p2b: Skelvingerkalt|Crunch|p1b: Great Tusk\n|-resisted|p1b: Great Tusk\n|-damage|p1b: Great Tusk|73\/100\n|\n|-weather|Sandstorm|[upkeep]\n|upkeep\n|\n|t:|1697145313\n|switch|p1a: Yveltal|Yveltal|100\/100\n|switch|p2a: Urza|Ting-Lu|94\/100 tox\n|-ability|p1a: Yveltal|Dark Aura\n|-ability|p2a: Urza|Vessel of Ruin\n|turn|10\n|\n|t:|1697145344\n|move|p1b: Great Tusk|Earthquake|p2a: Urza|[spread] p2a,p2b\n|-immune|p1a: Yveltal\n|-supereffective|p2b: Skelvingerkalt\n|-damage|p2a: Urza|65\/100 tox\n|-damage|p2b: Skelvingerkalt|0 fnt\n|faint|p2b: Skelvingerkalt\n|move|p1a: Yveltal|Oblivion Wing|p2a: Urza\n|-damage|p2a: Urza|48\/100 tox\n|move|p2a: Urza|Ruination|p1a: Yveltal\n|-damage|p1a: Yveltal|51\/100\n|\n|-weather|Sandstorm|[upkeep]\n|-damage|p1a: Yveltal|45\/100|[from] Sandstorm\n|-heal|p2a: Urza|54\/100 tox|[from] item: Leftovers\n|-damage|p2a: Urza|48\/100 tox|[from] psn\n|upkeep\n|turn|11\n|\n|t:|1697145362\n|move|p1b: Great Tusk|Earthquake|p2a: Urza|[spread] p2a\n|-immune|p1a: Yveltal\n|-damage|p2a: Urza|18\/100 tox\n|move|p1a: Yveltal|Oblivion Wing|p2a: Urza\n|-crit|p2a: Urza\n|-damage|p2a: Urza|0 fnt\n|-heal|p1a: Yveltal|60\/100|[from] drain|[of] p2a: Urza\n|faint|p2a: Urza\n|\n|win|Guithu\n|c|\u2606GurenDLotus|gg\n|c|\u2606Guithu|gg wp\n","uploadtime":1697145394,"views":21,"p1id":"guithu","p2id":"gurendlotus","formatid":"gen9nationaldexdoubles","rating":0,"private":0,"password":""}