{"id":"dl-gen9nationaldexdoubles-115704","p1":"It's Black Time","p2":"SirVala","format":"[Gen 9] National Dex Doubles","log":"|j|\u2606It's Black Time\n|j|\u2606SirVala\n|t:|1698892856\n|gametype|doubles\n|player|p1|It's Black Time|victor|\n|player|p2|SirVala|bruno|\n|teamsize|p1|6\n|teamsize|p2|6\n|gen|9\n|tier|[Gen 9] National Dex Doubles\n|rule|Sleep Clause Mod: Limit one foe put to sleep\n|rule|OHKO Clause: OHKO moves are banned\n|rule|Evasion Moves Clause: Evasion moves are banned\n|rule|Endless Battle Clause: Forcing endless battles is banned\n|rule|HP Percentage Mod: HP is shown in percentages\n|rule|Z-Move Clause: Z-Moves are banned\n|clearpoke\n|poke|p1|Fezandipiti, M|\n|poke|p1|Murkrow, F|\n|poke|p1|Spectrier|\n|poke|p1|Weavile, M|\n|poke|p1|Overqwil, M|\n|poke|p1|Sigilyph, M|\n|poke|p2|Roaring Moon|\n|poke|p2|Wyrdeer, F|\n|poke|p2|Lilligant-Hisui, F|\n|poke|p2|Torkoal, M|\n|poke|p2|Pheromosa|\n|poke|p2|Flutter Mane|\n|teampreview\n|c|\u2606SirVala|glhf\n|c|\u2606It's Black Time|gl hf\n|\n|t:|1698892890\n|start\n|switch|p1a: The Sharpest Lives|Fezandipiti, M|100\/100\n|switch|p1b: I Don't Love You|Overqwil, M|100\/100\n|switch|p2a: Wyrdeer|Wyrdeer, F|100\/100\n|switch|p2b: Roaring Moon|Roaring Moon|100\/100\n|-ability|p1b: I Don't Love You|Intimidate|boost\n|-unboost|p2a: Wyrdeer|atk|1\n|-unboost|p2b: Roaring Moon|atk|1\n|-ability|p2a: Wyrdeer|Intimidate|boost\n|-unboost|p1a: The Sharpest Lives|atk|1\n|-unboost|p1b: I Don't Love You|atk|1\n|-enditem|p2b: Roaring Moon|Booster Energy\n|-activate|p2b: Roaring Moon|ability: Protosynthesis|[fromitem]\n|-start|p2b: Roaring Moon|protosynthesisspe\n|turn|1\n|\n|t:|1698892977\n|-end|p2b: Roaring Moon|Protosynthesis|[silent]\n|switch|p2b: Flutter Mane|Flutter Mane|100\/100\n|move|p1a: The Sharpest Lives|Dazzling Gleam|p2b: Flutter Mane|[spread] p2a,p2b\n|-damage|p2a: Wyrdeer|85\/100\n|-damage|p2b: Flutter Mane|88\/100\n|move|p1b: I Don't Love You|Toxic Spikes|p2b: Flutter Mane\n|-sidestart|p2: SirVala|move: Toxic Spikes\n|move|p2a: Wyrdeer|Megahorn|p1a: The Sharpest Lives|[miss]\n|-miss|p2a: Wyrdeer|p1a: The Sharpest Lives\n|\n|-heal|p2a: Wyrdeer|91\/100|[from] item: Leftovers\n|upkeep\n|turn|2\n|j| Rexxfox\n|\n|t:|1698893030\n|move|p2b: Flutter Mane|Psyshock|p1a: The Sharpest Lives\n|-supereffective|p1a: The Sharpest Lives\n|-damage|p1a: The Sharpest Lives|38\/100\n|-damage|p2b: Flutter Mane|78\/100|[from] item: Life Orb\n|move|p1a: The Sharpest Lives|Dazzling Gleam|p2b: Flutter Mane|[spread] p2a,p2b\n|-damage|p2a: Wyrdeer|76\/100\n|-damage|p2b: Flutter Mane|65\/100\n|-status|p2a: Wyrdeer|tox|[from] ability: Toxic Chain|[of] p1a: The Sharpest Lives\n|move|p1b: I Don't Love You|Toxic Spikes|p2a: Wyrdeer\n|-sidestart|p2: SirVala|move: Toxic Spikes\n|move|p2a: Wyrdeer|Megahorn|p1b: I Don't Love You\n|-damage|p1b: I Don't Love You|76\/100\n|\n|-heal|p1a: The Sharpest Lives|44\/100|[from] item: Black Sludge\n|-heal|p1b: I Don't Love You|82\/100|[from] item: Black Sludge\n|-heal|p2a: Wyrdeer|82\/100 tox|[from] item: Leftovers\n|-damage|p2a: Wyrdeer|76\/100 tox|[from] psn\n|upkeep\n|turn|3\n|\n|t:|1698893067\n|switch|p2a: Roaring Moon|Roaring Moon|100\/100\n|-status|p2a: Roaring Moon|tox\n|move|p1a: The Sharpest Lives|Protect|p1a: The Sharpest Lives\n|-singleturn|p1a: The Sharpest Lives|Protect\n|move|p2b: Flutter Mane|Psyshock|p1a: The Sharpest Lives\n|-activate|p1a: The Sharpest Lives|move: Protect\n|move|p1b: I Don't Love You|Barb Barrage|p2b: Flutter Mane\n|-damage|p2b: Flutter Mane|42\/100\n|\n|-heal|p1a: The Sharpest Lives|50\/100|[from] item: Black Sludge\n|-heal|p1b: I Don't Love You|88\/100|[from] item: Black Sludge\n|-damage|p2a: Roaring Moon|95\/100 tox|[from] psn\n|upkeep\n|turn|4\n|\n|t:|1698893106\n|switch|p1a: Teenagers|Sigilyph, M|100\/100\n|move|p2a: Roaring Moon|Tailwind|p2a: Roaring Moon\n|-sidestart|p2: SirVala|move: Tailwind\n|move|p2b: Flutter Mane|Psyshock|p1a: Teenagers\n|-resisted|p1a: Teenagers\n|-damage|p1a: Teenagers|79\/100\n|-damage|p2b: Flutter Mane|32\/100|[from] item: Life Orb\n|move|p1b: I Don't Love You|Barb Barrage|p2a: Roaring Moon\n|-damage|p2a: Roaring Moon|56\/100 tox\n|\n|-heal|p1b: I Don't Love You|94\/100|[from] item: Black Sludge\n|-damage|p2a: Roaring Moon|44\/100 tox|[from] psn\n|upkeep\n|turn|5\n|\n|t:|1698893124\n|-end|p2b: Flutter Mane|Protosynthesis|[silent]\n|switch|p2b: Wyrdeer|Wyrdeer, F|76\/100 tox\n|-ability|p2b: Wyrdeer|Intimidate|boost\n|-unboost|p1a: Teenagers|atk|1\n|-unboost|p1b: I Don't Love You|atk|1\n|move|p2a: Roaring Moon|Throat Chop|p1a: Teenagers\n|-supereffective|p1a: Teenagers\n|-damage|p1a: Teenagers|0 fnt\n|faint|p1a: Teenagers\n|move|p1b: I Don't Love You|Barb Barrage|p2b: Wyrdeer\n|-damage|p2b: Wyrdeer|50\/100 tox\n|\n|-heal|p2b: Wyrdeer|56\/100 tox|[from] item: Leftovers\n|-heal|p1b: I Don't Love You|99\/100|[from] item: Black Sludge\n|-damage|p2a: Roaring Moon|26\/100 tox|[from] psn\n|-damage|p2b: Wyrdeer|50\/100 tox|[from] psn\n|upkeep\n|\n|t:|1698893149\n|switch|p1a: Mama|Weavile, M|100\/100\n|-ability|p1a: Mama|Pressure\n|turn|6\n|\n|t:|1698893164\n|-terastallize|p1a: Mama|Ice\n|move|p1a: Mama|Fake Out|p2a: Roaring Moon\n|-damage|p2a: Roaring Moon|8\/100 tox\n|cant|p2a: Roaring Moon|flinch\n|move|p2b: Wyrdeer|Megahorn|p1b: I Don't Love You|[miss]\n|-miss|p2b: Wyrdeer|p1b: I Don't Love You\n|move|p1b: I Don't Love You|Barb Barrage|p2b: Wyrdeer\n|-damage|p2b: Wyrdeer|23\/100 tox\n|\n|-heal|p2b: Wyrdeer|30\/100 tox|[from] item: Leftovers\n|-heal|p1b: I Don't Love You|100\/100|[from] item: Black Sludge\n|-damage|p2a: Roaring Moon|0 fnt|[from] psn\n|faint|p2a: Roaring Moon\n|-end|p2a: Roaring Moon|Protosynthesis|[silent]\n|-damage|p2b: Wyrdeer|17\/100 tox|[from] psn\n|upkeep\n|\n|t:|1698893175\n|switch|p2a: Pheromosa|Pheromosa|100\/100\n|-status|p2a: Pheromosa|tox\n|turn|7\n|j| Ursalyme\n|l| Rexxfox\n|\n|t:|1698893192\n|switch|p1a: The Sharpest Lives|Fezandipiti, M|50\/100\n|switch|p1b: Disenchanted|Murkrow, F|100\/100\n|move|p2a: Pheromosa|Close Combat|p1a: The Sharpest Lives\n|-resisted|p1a: The Sharpest Lives\n|-damage|p1a: The Sharpest Lives|37\/100\n|-unboost|p2a: Pheromosa|def|1\n|-unboost|p2a: Pheromosa|spd|1\n|move|p2b: Wyrdeer|Megahorn|p1b: Disenchanted\n|-damage|p1b: Disenchanted|70\/100\n|\n|-heal|p2b: Wyrdeer|23\/100 tox|[from] item: Leftovers\n|-heal|p1a: The Sharpest Lives|43\/100|[from] item: Black Sludge\n|-damage|p2a: Pheromosa|94\/100 tox|[from] psn\n|-damage|p2b: Wyrdeer|5\/100 tox|[from] psn\n|-sideend|p2: SirVala|move: Tailwind\n|upkeep\n|turn|8\n|l| Ursalyme\n|\n|t:|1698893222\n|switch|p2a: Flutter Mane|Flutter Mane|32\/100\n|-status|p2a: Flutter Mane|tox\n|move|p1b: Disenchanted|Tailwind|p1b: Disenchanted\n|-sidestart|p1: It's Black Time|move: Tailwind\n|move|p1a: The Sharpest Lives|Dazzling Gleam|p2b: Wyrdeer|[spread] p2a,p2b\n|-damage|p2a: Flutter Mane|18\/100 tox\n|-damage|p2b: Wyrdeer|0 fnt\n|faint|p2b: Wyrdeer\n|\n|-heal|p1a: The Sharpest Lives|49\/100|[from] item: Black Sludge\n|-damage|p2a: Flutter Mane|12\/100 tox|[from] psn\n|upkeep\n|\n|t:|1698893234\n|switch|p2b: Pheromosa|Pheromosa|94\/100 tox\n|turn|9\n|\n|t:|1698893259\n|switch|p1b: I Don't Love You|Overqwil, M|100\/100\n|-ability|p1b: I Don't Love You|Intimidate|boost\n|-unboost|p2a: Flutter Mane|atk|1\n|-unboost|p2b: Pheromosa|atk|1\n|move|p2a: Flutter Mane|Protect|p2a: Flutter Mane\n|-singleturn|p2a: Flutter Mane|Protect\n|move|p1a: The Sharpest Lives|Dazzling Gleam|p2b: Pheromosa|[spread] p2b\n|-activate|p2a: Flutter Mane|move: Protect\n|-supereffective|p2b: Pheromosa\n|-crit|p2b: Pheromosa\n|-damage|p2b: Pheromosa|0 fnt\n|faint|p2b: Pheromosa\n|\n|-heal|p1a: The Sharpest Lives|55\/100|[from] item: Black Sludge\n|-damage|p2a: Flutter Mane|0 fnt|[from] psn\n|faint|p2a: Flutter Mane\n|-end|p2a: Flutter Mane|Protosynthesis|[silent]\n|upkeep\n|\n|t:|1698893269\n|switch|p2b: Torkoal|Torkoal, M|100\/100\n|switch|p2a: Lilligant|Lilligant-Hisui, F|100\/100\n|-status|p2a: Lilligant|tox\n|-status|p2b: Torkoal|tox\n|-weather|SunnyDay|[from] ability: Drought|[of] p2b: Torkoal\n|turn|10\n|\n|t:|1698893284\n|-terastallize|p2b: Torkoal|Fire\n|move|p2a: Lilligant|After You|p2b: Torkoal\n|-activate|p2b: Torkoal|move: After You\n|move|p2b: Torkoal|Eruption|p1b: I Don't Love You|[spread] p1a,p1b\n|-damage|p1a: The Sharpest Lives|0 fnt\n|-damage|p1b: I Don't Love You|9\/100\n|faint|p1a: The Sharpest Lives\n|move|p1b: I Don't Love You|Rain Dance|p1b: I Don't Love You\n|-weather|RainDance\n|\n|-weather|RainDance|[upkeep]\n|-heal|p1b: I Don't Love You|15\/100|[from] item: Black Sludge\n|-damage|p2a: Lilligant|94\/100 tox|[from] psn\n|-damage|p2b: Torkoal|94\/100 tox|[from] psn\n|upkeep\n|\n|t:|1698893310\n|switch|p1a: Dead!|Spectrier|100\/100\n|turn|11\n|\n|t:|1698893331\n|move|p1a: Dead!|Shadow Ball|p2b: Torkoal\n|-damage|p2b: Torkoal|33\/100 tox\n|move|p1b: I Don't Love You|Barb Barrage|p2a: Lilligant\n|-supereffective|p2a: Lilligant\n|-damage|p2a: Lilligant|0 fnt\n|faint|p2a: Lilligant\n|move|p2b: Torkoal|Heat Wave|p1a: Dead!|[spread] p1a,p1b\n|-crit|p1b: I Don't Love You\n|-damage|p1a: Dead!|72\/100\n|-damage|p1b: I Don't Love You|0 fnt\n|faint|p1b: I Don't Love You\n|\n|-weather|RainDance|[upkeep]\n|-damage|p2b: Torkoal|21\/100 tox|[from] psn\n|-sideend|p1: It's Black Time|move: Tailwind\n|upkeep\n|c|\u2606SirVala|come on, bro. I can't forfeit\n|\n|t:|1698893388\n|switch|p1b: Mama|Weavile, M, tera:Ice|100\/100\n|-ability|p1b: Mama|Pressure\n|turn|12\n|\n|t:|1698893396\n|move|p1a: Dead!|Shadow Ball|p2b: Torkoal\n|-damage|p2b: Torkoal|0 fnt\n|faint|p2b: Torkoal\n|\n|win|It's Black Time\n|c|\u2606It's Black Time|gg\n","uploadtime":1698893407,"views":13,"p1id":"itsblacktime","p2id":"sirvala","formatid":"gen9nationaldexdoubles","rating":0,"private":0,"password":""}