{"id":"dl-gen9nationaldexdoubles-114504","p1":"EduRufus","p2":"Lerntasse","format":"[Gen 9] National Dex Doubles","log":"|j|\u2606EduRufus\n|j|\u2606Lerntasse\n|t:|1698605266\n|gametype|doubles\n|player|p1|EduRufus|ghetsis|\n|player|p2|Lerntasse|hiker-gen4|\n|teamsize|p1|6\n|teamsize|p2|6\n|gen|9\n|tier|[Gen 9] National Dex Doubles\n|rule|Sleep Clause Mod: Limit one foe put to sleep\n|rule|OHKO Clause: OHKO moves are banned\n|rule|Evasion Moves Clause: Evasion moves are banned\n|rule|Endless Battle Clause: Forcing endless battles is banned\n|rule|HP Percentage Mod: HP is shown in percentages\n|rule|Z-Move Clause: Z-Moves are banned\n|clearpoke\n|poke|p1|Zeraora|\n|poke|p1|Tornadus, M|\n|poke|p1|Walking Wake|\n|poke|p1|Ogerpon-Hearthflame, F|\n|poke|p1|Scrafty, F|\n|poke|p1|Clefable, M|\n|poke|p2|Kyogre|\n|poke|p2|Kyurem|\n|poke|p2|Tinkaton, F|\n|poke|p2|Regieleki|\n|poke|p2|Basculegion, M|\n|poke|p2|Wyrdeer, M|\n|teampreview\n|c|\u2606EduRufus|gl and hf !!\n|c|\u2606Lerntasse|gl hf!\n|\n|t:|1698605307\n|start\n|switch|p1a: Tornadus|Tornadus, M|100\/100\n|switch|p1b: Zeraora|Zeraora|100\/100\n|switch|p2a: Egg King|Regieleki|100\/100\n|switch|p2b: Isabell|Tinkaton, F|100\/100\n|-ability|p2b: Isabell|Mold Breaker\n|turn|1\n|j| WallyBake\n|\n|t:|1698605334\n|move|p1a: Tornadus|Protect|p1a: Tornadus\n|-singleturn|p1a: Tornadus|Protect\n|move|p1b: Zeraora|Fake Out|p2a: Egg King\n|-damage|p2a: Egg King|71\/100\n|move|p2b: Isabell|Fake Out|p1a: Tornadus\n|-activate|p1a: Tornadus|move: Protect\n|cant|p2a: Egg King|flinch\n|\n|upkeep\n|turn|2\n|j| Doc626\n|\n|t:|1698605370\n|switch|p2b: $exual Deer Noises|Wyrdeer, M|100\/100\n|-ability|p2b: $exual Deer Noises|Intimidate|boost\n|-unboost|p1a: Tornadus|atk|1\n|-unboost|p1b: Zeraora|atk|1\n|move|p1a: Tornadus|Sunny Day|p1a: Tornadus\n|-weather|SunnyDay\n|move|p2a: Egg King|Thunderbolt|p1a: Tornadus\n|-supereffective|p1a: Tornadus\n|-enditem|p1a: Tornadus|Focus Sash\n|-damage|p1a: Tornadus|1\/100\n|move|p1b: Zeraora|Plasma Fists|p2b: $exual Deer Noises\n|-damage|p2b: $exual Deer Noises|66\/100\n|-fieldactivate|move: Ion Deluge\n|-hint|Normal-type moves become Electric-type after using Plasma Fists.\n|\n|-weather|SunnyDay|[upkeep]\n|upkeep\n|turn|3\n|l| Doc626\n|\n|t:|1698605434\n|move|p1a: Tornadus|Tailwind|p1a: Tornadus\n|-sidestart|p1: EduRufus|move: Tailwind\n|move|p1b: Zeraora|Volt Switch|p2b: $exual Deer Noises\n|-damage|p2b: $exual Deer Noises|50\/100\n|-enditem|p2b: $exual Deer Noises|Sitrus Berry|[eat]\n|-heal|p2b: $exual Deer Noises|75\/100|[from] item: Sitrus Berry\n|\n|t:|1698605447\n|switch|p1b: Ogerpon|Ogerpon-Hearthflame, F|100\/100|[from] Volt Switch\n|-ability|p1b: Ogerpon|Mold Breaker\n|move|p2a: Egg King|Volt Switch|p1a: Tornadus\n|-supereffective|p1a: Tornadus\n|-damage|p1a: Tornadus|0 fnt\n|faint|p1a: Tornadus\n|j| Doc626\n|\n|t:|1698605455\n|switch|p2a: Your Mother|Kyogre|100\/100|[from] Volt Switch\n|-weather|RainDance|[from] ability: Drizzle|[of] p2a: Your Mother\n|move|p2b: $exual Deer Noises|Body Slam|p1b: Ogerpon\n|-damage|p1b: Ogerpon|58\/100\n|\n|-weather|RainDance|[upkeep]\n|upkeep\n|\n|t:|1698605466\n|switch|p1a: Walking Wake|Walking Wake|100\/100\n|turn|4\n|l| Doc626\n|\n|t:|1698605484\n|move|p2a: Your Mother|Protect|p2a: Your Mother\n|-singleturn|p2a: Your Mother|Protect\n|move|p1a: Walking Wake|Hydro Steam|p2b: $exual Deer Noises\n|-damage|p2b: $exual Deer Noises|32\/100\n|move|p1b: Ogerpon|Horn Leech|p2a: Your Mother\n|-activate|p2a: Your Mother|move: Protect\n|move|p2b: $exual Deer Noises|Trick Room|p2b: $exual Deer Noises\n|-fieldstart|move: Trick Room|[of] p2b: $exual Deer Noises\n|\n|-weather|RainDance|[upkeep]\n|upkeep\n|turn|5\n|\n|t:|1698605525\n|-end|p1a: Walking Wake|Protosynthesis|[silent]\n|switch|p1a: Scrafty|Scrafty, F|100\/100\n|-ability|p1a: Scrafty|Intimidate|boost\n|-unboost|p2a: Your Mother|atk|1\n|-unboost|p2b: $exual Deer Noises|atk|1\n|move|p1b: Ogerpon|Protect|p1b: Ogerpon\n|-singleturn|p1b: Ogerpon|Protect\n|move|p2b: $exual Deer Noises|Body Slam|p1a: Scrafty\n|-crit|p1a: Scrafty\n|-damage|p1a: Scrafty|61\/100\n|move|p2a: Your Mother|Origin Pulse|p1b: Ogerpon|[spread] p1a\n|-activate|p1b: Ogerpon|move: Protect\n|-damage|p1a: Scrafty|0 fnt\n|faint|p1a: Scrafty\n|\n|-weather|RainDance|[upkeep]\n|upkeep\n|c|\u2606EduRufus|great\n|c|\u2606EduRufus|a crit that mattered\n|\n|t:|1698605552\n|switch|p1a: Clefable|Clefable, M|100\/100\n|turn|6\n|\n|t:|1698605589\n|move|p2b: $exual Deer Noises|Body Slam|p1a: Clefable\n|-damage|p1a: Clefable|77\/100\n|move|p2a: Your Mother|Origin Pulse|p1a: Clefable|[spread] p1b\n|-miss|p2a: Your Mother|p1a: Clefable\n|-damage|p1b: Ogerpon|0 fnt\n|faint|p1b: Ogerpon\n|move|p1a: Clefable|Life Dew|p1a: Clefable\n|-heal|p1a: Clefable|100\/100\n|\n|-weather|RainDance|[upkeep]\n|-sideend|p1: EduRufus|move: Tailwind\n|upkeep\n|c|\u2606EduRufus|another 0-6 lmao\n|\n|t:|1698605631\n|switch|p1b: Zeraora|Zeraora|100\/100\n|turn|7\n|\n|t:|1698605665\n|move|p1b: Zeraora|Fake Out|p2b: $exual Deer Noises\n|-damage|p2b: $exual Deer Noises|18\/100\n|cant|p2b: $exual Deer Noises|flinch\n|move|p1a: Clefable|Cosmic Power|p1a: Clefable\n|-boost|p1a: Clefable|def|1\n|-boost|p1a: Clefable|spd|1\n|move|p2a: Your Mother|Origin Pulse|p1a: Clefable|[spread] p1b\n|-miss|p2a: Your Mother|p1a: Clefable\n|-damage|p1b: Zeraora|49\/100\n|\n|-weather|none\n|upkeep\n|turn|8\n|\n|t:|1698605682\n|switch|p1b: Walking Wake|Walking Wake|100\/100\n|move|p1a: Clefable|Life Dew||[still]|[still]|[spread] \n|-fail|p1a: Clefable|heal\n|-fail|p1b: Walking Wake|heal\n|move|p2a: Your Mother|Origin Pulse|p1a: Clefable|[spread] p1a,p1b\n|-resisted|p1b: Walking Wake\n|-damage|p1a: Clefable|73\/100\n|-damage|p1b: Walking Wake|87\/100\n|move|p2b: $exual Deer Noises|Roar|p1a: Clefable\n|drag|p1a: Zeraora|Zeraora|49\/100\n|\n|-fieldend|move: Trick Room\n|upkeep\n|turn|9\n|\n|t:|1698605710\n|switch|p2a: Isabell|Tinkaton, F|100\/100\n|-ability|p2a: Isabell|Mold Breaker\n|-terastallize|p1b: Walking Wake|Water\n|move|p1b: Walking Wake|Hydro Steam|p2b: $exual Deer Noises\n|-damage|p2b: $exual Deer Noises|0 fnt\n|faint|p2b: $exual Deer Noises\n|move|p1a: Zeraora|Plasma Fists|p2a: Isabell\n|-damage|p2a: Isabell|45\/100\n|-fieldactivate|move: Ion Deluge\n|-hint|Normal-type moves become Electric-type after using Plasma Fists.\n|-enditem|p2a: Isabell|Sitrus Berry|[eat]\n|-heal|p2a: Isabell|70\/100|[from] item: Sitrus Berry\n|\n|upkeep\n|\n|t:|1698605719\n|switch|p2b: Egg King|Regieleki|71\/100\n|turn|10\n|\n|t:|1698605740\n|-end|p1b: Walking Wake|Protosynthesis|[silent]\n|switch|p1b: Clefable|Clefable, M|73\/100\n|move|p2a: Isabell|Fake Out|p1a: Zeraora\n|-damage|p1a: Zeraora|41\/100\n|move|p2b: Egg King|Thunderbolt|p1b: Clefable\n|-damage|p1b: Clefable|31\/100\n|cant|p1a: Zeraora|flinch\n|\n|-heal|p1b: Clefable|37\/100|[from] item: Leftovers\n|upkeep\n|turn|11\n|\n|t:|1698605763\n|-terastallize|p2b: Egg King|Ground\n|move|p1b: Clefable|Follow Me|p1b: Clefable\n|-singleturn|p1b: Clefable|move: Follow Me\n|move|p2b: Egg King|Tera Blast|p1b: Clefable\n|-damage|p1b: Clefable|11\/100\n|move|p1a: Zeraora|Plasma Fists|p2a: Isabell\n|-damage|p2a: Isabell|12\/100\n|-fieldactivate|move: Ion Deluge\n|-hint|Normal-type moves become Electric-type after using Plasma Fists.\n|move|p2a: Isabell|Gigaton Hammer|p1b: Clefable\n|-supereffective|p1b: Clefable\n|-damage|p1b: Clefable|0 fnt\n|faint|p1b: Clefable\n|\n|upkeep\n|\n|t:|1698605776\n|switch|p1b: Walking Wake|Walking Wake, tera:Water|87\/100\n|turn|12\n|\n|t:|1698605807\n|move|p2b: Egg King|Thunderbolt|p1b: Walking Wake\n|-supereffective|p1b: Walking Wake\n|-damage|p1b: Walking Wake|0 fnt\n|faint|p1b: Walking Wake\n|-end|p1b: Walking Wake|Protosynthesis|[silent]\n|move|p1a: Zeraora|Drain Punch|p2a: Isabell\n|-damage|p2a: Isabell|0 fnt\n|-heal|p1a: Zeraora|46\/100|[from] drain|[of] p2a: Isabell\n|faint|p2a: Isabell\n|\n|upkeep\n|\n|t:|1698605814\n|switch|p2a: Parker Thighs|Kyurem|100\/100\n|-ability|p2a: Parker Thighs|Pressure\n|turn|13\n|\n|t:|1698605819\n|move|p2b: Egg King|Tera Blast|p1a: Zeraora\n|-supereffective|p1a: Zeraora\n|-crit|p1a: Zeraora\n|-damage|p1a: Zeraora|0 fnt\n|faint|p1a: Zeraora\n|\n|win|Lerntasse\n|c|\u2606Lerntasse|gg\n|c|\u2606Lerntasse|sorry for hax\n|c|\u2606EduRufus|np\n|c|\u2606EduRufus|my team sucks\n|l| WallyBake\n","uploadtime":1698605844,"views":37,"p1id":"edurufus","p2id":"lerntasse","formatid":"gen9nationaldexdoubles","rating":0,"private":0,"password":""}