{"id":"dl-gen9nationaldexdoubles-108518","p1":"FumitoBR","p2":"salles sdc","format":"[Gen 9] National Dex Doubles","log":"|j|\u2606FumitoBR\n|j|\u2606salles sdc\n|t:|1697153197\n|gametype|doubles\n|player|p1|FumitoBR|102|\n|player|p2|salles sdc|266|\n|teamsize|p1|6\n|teamsize|p2|6\n|gen|9\n|tier|[Gen 9] National Dex Doubles\n|rule|Sleep Clause Mod: Limit one foe put to sleep\n|rule|OHKO Clause: OHKO moves are banned\n|rule|Evasion Moves Clause: Evasion moves are banned\n|rule|Endless Battle Clause: Forcing endless battles is banned\n|rule|HP Percentage Mod: HP is shown in percentages\n|rule|Z-Move Clause: Z-Moves are banned\n|clearpoke\n|poke|p1|Urshifu-*, M|\n|poke|p1|Chi-Yu|\n|poke|p1|Regieleki|\n|poke|p1|Snorlax, F|\n|poke|p1|Illumise, F|\n|poke|p1|Squirtle, M|\n|poke|p2|Chien-Pao|\n|poke|p2|Sinistcha|\n|poke|p2|Duraludon, M|\n|poke|p2|Entei|\n|poke|p2|Ogerpon-Cornerstone, F|\n|poke|p2|Araquanid, F|\n|teampreview\n|c|\u2606FumitoBR|urshi water \/ chi yu fire \/ regieleki ice \/ snorlax fairy \/ illumise rock \/ squirtle grass\n|c|\u2606salles sdc|Chien-pao ghost \/ Sinistcha steel \/ Duraludon dragon \/ Entei elecgtric \/ ogerpon rock \/ Araquanid ground\n|c|\u2606FumitoBR|bom jogo!\n|c|\u2606salles sdc|Bom jogo!\n|\n|t:|1697153291\n|start\n|switch|p1a: Regieleki|Regieleki|100\/100\n|switch|p1b: Urshifu|Urshifu-Rapid-Strike, M|100\/100\n|switch|p2a: Ogerpon|Ogerpon-Cornerstone, F|100\/100\n|switch|p2b: Duraludon|Duraludon, M|100\/100\n|turn|1\n|\n|t:|1697153325\n|switch|p1b: Illumise|Illumise, F|100\/100\n|move|p2a: Ogerpon|Follow Me|p2a: Ogerpon\n|-singleturn|p2a: Ogerpon|move: Follow Me\n|move|p1a: Regieleki|Volt Switch|p2a: Ogerpon\n|-resisted|p2a: Ogerpon\n|-damage|p2a: Ogerpon|62\/100\n|\n|t:|1697153335\n|switch|p1a: Snorlax|Snorlax, F|100\/100|[from] Volt Switch\n|move|p2b: Duraludon|Draco Meteor|p1a: Snorlax\n|-damage|p1a: Snorlax|70\/100\n|-unboost|p2b: Duraludon|spa|2\n|\n|upkeep\n|turn|2\n|\n|t:|1697153354\n|switch|p2b: Sinistcha|Sinistcha|100\/100\n|-heal|p2a: Ogerpon|87\/100|[from] ability: Hospitality|[of] p2b: Sinistcha\n|move|p1b: Illumise|Encore|p2a: Ogerpon\n|-start|p2a: Ogerpon|Encore\n|move|p2a: Ogerpon|Follow Me|p2a: Ogerpon\n|-singleturn|p2a: Ogerpon|move: Follow Me\n|move|p1a: Snorlax|Curse|p1a: Snorlax\n|-unboost|p1a: Snorlax|spe|1\n|-boost|p1a: Snorlax|atk|1\n|-boost|p1a: Snorlax|def|1\n|\n|upkeep\n|turn|3\n|j| Cogao\n|j| Vallex\n|\n|t:|1697153434\n|switch|p2a: Araquanid|Araquanid, F|100\/100\n|switch|p1b: Chi-Yu|Chi-Yu|100\/100\n|-ability|p1b: Chi-Yu|Beads of Ruin\n|move|p2b: Sinistcha|Matcha Gotcha|p1b: Chi-Yu|[spread] p1a,p1b\n|-resisted|p1b: Chi-Yu\n|-damage|p1a: Snorlax|52\/100\n|-damage|p1b: Chi-Yu|86\/100\n|-status|p1a: Snorlax|brn\n|move|p1a: Snorlax|Curse|p1a: Snorlax\n|-unboost|p1a: Snorlax|spe|1\n|-boost|p1a: Snorlax|atk|1\n|-boost|p1a: Snorlax|def|1\n|\n|-damage|p1a: Snorlax|46\/100 brn|[from] brn\n|upkeep\n|-enditem|p1a: Snorlax|Figy Berry|[eat]\n|-heal|p1a: Snorlax|79\/100 brn|[from] item: Figy Berry\n|turn|4\n|\n|t:|1697153479\n|switch|p1b: Illumise|Illumise, F|100\/100\n|switch|p2b: Entei|Entei|100\/100\n|move|p2a: Araquanid|Liquidation|p1b: Illumise\n|-damage|p1b: Illumise|38\/100\n|move|p1a: Snorlax|Facade|p2a: Araquanid\n|-enditem|p2a: Araquanid|Focus Sash\n|-damage|p2a: Araquanid|1\/100\n|\n|-damage|p1a: Snorlax|73\/100 brn|[from] brn\n|upkeep\n|turn|5\n|\n|t:|1697153530\n|move|p2b: Entei|Detect|p2b: Entei\n|-singleturn|p2b: Entei|Protect\n|move|p1b: Illumise|Tailwind|p1b: Illumise\n|-sidestart|p1: FumitoBR|move: Tailwind\n|move|p1a: Snorlax|Facade|p2b: Entei\n|-activate|p2b: Entei|move: Protect\n|move|p2a: Araquanid|Liquidation|p1b: Illumise\n|-damage|p1b: Illumise|0 fnt\n|faint|p1b: Illumise\n|\n|-damage|p1a: Snorlax|67\/100 brn|[from] brn\n|upkeep\n|\n|t:|1697153543\n|switch|p1b: Urshifu|Urshifu-Rapid-Strike, M|100\/100\n|turn|6\n|\n|t:|1697153561\n|switch|p2b: Sinistcha|Sinistcha|100\/100\n|-heal|p2a: Araquanid|26\/100|[from] ability: Hospitality|[of] p2b: Sinistcha\n|move|p1b: Urshifu|U-turn|p2a: Araquanid\n|-damage|p2a: Araquanid|0 fnt\n|faint|p2a: Araquanid\n|\n|t:|1697153570\n|switch|p1b: Chi-Yu|Chi-Yu|86\/100|[from] U-turn\n|-ability|p1b: Chi-Yu|Beads of Ruin\n|move|p1a: Snorlax|Recycle|p1a: Snorlax\n|-item|p1a: Snorlax|Figy Berry|[from] move: Recycle\n|\n|-damage|p1a: Snorlax|61\/100 brn|[from] brn\n|upkeep\n|\n|t:|1697153598\n|switch|p2a: Duraludon|Duraludon, M|100\/100\n|turn|7\n|\n|t:|1697153626\n|switch|p2b: Entei|Entei|100\/100\n|move|p1b: Chi-Yu|Heat Wave|p2b: Entei|[spread] p2a,p2b\n|-resisted|p2b: Entei\n|-damage|p2a: Duraludon|50\/100\n|-damage|p2b: Entei|73\/100\n|move|p1a: Snorlax|Facade|p2a: Duraludon\n|-resisted|p2a: Duraludon\n|-damage|p2a: Duraludon|3\/100\n|move|p2a: Duraludon|Dragon Tail|p1a: Snorlax\n|-damage|p1a: Snorlax|54\/100 brn\n|drag|p1a: Squirtle|Squirtle, M|100\/100\n|\n|upkeep\n|turn|8\n|\n|t:|1697153660\n|move|p2b: Entei|Detect|p2b: Entei\n|-singleturn|p2b: Entei|Protect\n|move|p1a: Squirtle|Follow Me|p1a: Squirtle\n|-singleturn|p1a: Squirtle|move: Follow Me\n|move|p1b: Chi-Yu|Heat Wave|p2b: Entei|[spread] p2a\n|-activate|p2b: Entei|move: Protect\n|-damage|p2a: Duraludon|0 fnt\n|faint|p2a: Duraludon\n|\n|-sideend|p1: FumitoBR|move: Tailwind\n|upkeep\n|\n|t:|1697153689\n|switch|p2a: Ogerpon|Ogerpon-Cornerstone, F|87\/100\n|turn|9\n|\n|t:|1697153718\n|switch|p2b: Sinistcha|Sinistcha|100\/100\n|-heal|p2a: Ogerpon|100\/100|[from] ability: Hospitality|[of] p2b: Sinistcha\n|move|p1b: Chi-Yu|Protect|p1b: Chi-Yu\n|-singleturn|p1b: Chi-Yu|Protect\n|move|p2a: Ogerpon|Power Whip|p1a: Squirtle\n|-supereffective|p1a: Squirtle\n|-damage|p1a: Squirtle|0 fnt\n|faint|p1a: Squirtle\n|\n|upkeep\n|\n|t:|1697153732\n|switch|p1a: Urshifu|Urshifu-Rapid-Strike, M|100\/100\n|turn|10\n|\n|t:|1697153773\n|move|p2a: Ogerpon|Ivy Cudgel|p1b: Chi-Yu\n|-supereffective|p1b: Chi-Yu\n|-damage|p1b: Chi-Yu|0 fnt\n|faint|p1b: Chi-Yu\n|move|p1a: Urshifu|Surging Strikes|p2a: Ogerpon\n|-crit|p2a: Ogerpon\n|-damage|p2a: Ogerpon|62\/100\n|-crit|p2a: Ogerpon\n|-damage|p2a: Ogerpon|28\/100\n|-crit|p2a: Ogerpon\n|-damage|p2a: Ogerpon|0 fnt\n|faint|p2a: Ogerpon\n|-hitcount|p2: Ogerpon|3\n|move|p2b: Sinistcha|Matcha Gotcha|p1a: Urshifu\n|-supereffective|p1a: Urshifu\n|-damage|p1a: Urshifu|1\/100\n|\n|upkeep\n|\n|t:|1697153823\n|switch|p2a: Entei|Entei|73\/100\n|switch|p1b: Snorlax|Snorlax, F|54\/100 brn\n|turn|11\n|\n|t:|1697153850\n|move|p2a: Entei|Extreme Speed|p1a: Urshifu\n|-damage|p1a: Urshifu|0 fnt\n|faint|p1a: Urshifu\n|move|p2b: Sinistcha|Strength Sap|p1b: Snorlax\n|-unboost|p1b: Snorlax|atk|1\n|move|p1b: Snorlax|Curse|p1b: Snorlax\n|-unboost|p1b: Snorlax|spe|1\n|-boost|p1b: Snorlax|atk|1\n|-boost|p1b: Snorlax|def|1\n|\n|-damage|p1b: Snorlax|47\/100 brn|[from] brn\n|upkeep\n|-enditem|p1b: Snorlax|Figy Berry|[eat]\n|-heal|p1b: Snorlax|81\/100 brn|[from] item: Figy Berry\n|\n|t:|1697153853\n|switch|p1a: Regieleki|Regieleki|100\/100\n|turn|12\n|\n|t:|1697153974\n|move|p2b: Sinistcha|Rage Powder|p2b: Sinistcha\n|-singleturn|p2b: Sinistcha|move: Rage Powder\n|move|p1a: Regieleki|Volt Switch|p2b: Sinistcha\n|-resisted|p2b: Sinistcha\n|-damage|p2b: Sinistcha|61\/100\n|move|p2a: Entei|Sacred Fire|p1a: Regieleki\n|-damage|p1a: Regieleki|22\/100\n|-status|p1a: Regieleki|brn\n|move|p1b: Snorlax|Curse|p1b: Snorlax\n|-unboost|p1b: Snorlax|spe|1\n|-boost|p1b: Snorlax|atk|1\n|-boost|p1b: Snorlax|def|1\n|\n|-damage|p1a: Regieleki|16\/100 brn|[from] brn\n|-damage|p1b: Snorlax|75\/100 brn|[from] brn\n|upkeep\n|turn|13\n|\n|t:|1697153999\n|move|p2a: Entei|Extreme Speed|p1a: Regieleki\n|-damage|p1a: Regieleki|0 fnt\n|faint|p1a: Regieleki\n|move|p2b: Sinistcha|Strength Sap|p1b: Snorlax\n|-unboost|p1b: Snorlax|atk|1\n|-heal|p2b: Sinistcha|100\/100\n|move|p1b: Snorlax|Crunch|p2b: Sinistcha\n|-supereffective|p2b: Sinistcha\n|-damage|p2b: Sinistcha|84\/100\n|-damage|p1b: Snorlax|58\/100 brn|[from] item: Rocky Helmet|[of] p2b: Sinistcha\n|\n|-damage|p1b: Snorlax|52\/100 brn|[from] brn\n|upkeep\n|turn|14\n|c|\u2606FumitoBR|gg\n|l| Vallex\n|\n|t:|1697154066\n|move|p2a: Entei|Sacred Fire|p1b: Snorlax\n|-damage|p1b: Snorlax|36\/100 brn\n|move|p2b: Sinistcha|Strength Sap|p1b: Snorlax\n|-unboost|p1b: Snorlax|atk|1\n|-heal|p2b: Sinistcha|100\/100\n|move|p1b: Snorlax|Facade|p2a: Entei\n|-damage|p2a: Entei|29\/100\n|\n|-damage|p1b: Snorlax|30\/100 brn|[from] brn\n|upkeep\n|turn|15\n|\n|t:|1697154116\n|switch|p2b: Chien-Pao|Chien-Pao|100\/100\n|-ability|p2b: Chien-Pao|Sword of Ruin\n|move|p2a: Entei|Detect|p2a: Entei\n|-singleturn|p2a: Entei|Protect\n|move|p1b: Snorlax|Facade|p2a: Entei\n|-activate|p2a: Entei|move: Protect\n|\n|-damage|p1b: Snorlax|24\/100 brn|[from] brn\n|upkeep\n|turn|16\n|\n|t:|1697154144\n|move|p2a: Entei|Extreme Speed|p1b: Snorlax\n|-damage|p1b: Snorlax|11\/100 brn\n|move|p2b: Chien-Pao|Sacred Sword|p1b: Snorlax\n|-supereffective|p1b: Snorlax\n|-damage|p1b: Snorlax|0 fnt\n|faint|p1b: Snorlax\n|\n|win|salles sdc\n|c|\u2606salles sdc|Cara, n\u00e3o acredito\n","uploadtime":1697154153,"views":20,"p1id":"fumitobr","p2id":"sallessdc","formatid":"gen9nationaldexdoubles","rating":0,"private":0,"password":""}