{"id":"dl-gen9nationaldexdoubles-112331","p1":"IndigoDZillas","p2":"GurenDLotus","format":"[Gen 9] National Dex Doubles","log":"|j|\u2606IndigoDZillas\n|j|\u2606GurenDLotus\n|t:|1698022535\n|gametype|doubles\n|player|p1|IndigoDZillas|169|\n|player|p2|GurenDLotus|red|\n|teamsize|p1|6\n|teamsize|p2|6\n|gen|9\n|tier|[Gen 9] National Dex Doubles\n|rule|Sleep Clause Mod: Limit one foe put to sleep\n|rule|OHKO Clause: OHKO moves are banned\n|rule|Evasion Moves Clause: Evasion moves are banned\n|rule|Endless Battle Clause: Forcing endless battles is banned\n|rule|HP Percentage Mod: HP is shown in percentages\n|rule|Z-Move Clause: Z-Moves are banned\n|clearpoke\n|poke|p1|Flutter Mane|\n|poke|p1|Roaring Moon|\n|poke|p1|Cresselia, F|\n|poke|p1|Arcanine, M|\n|poke|p1|Gyarados, M|\n|poke|p1|Tsareena, F|\n|poke|p2|Necrozma-Dusk-Mane|\n|poke|p2|Amoonguss, M|\n|poke|p2|Tyranitar, F|\n|poke|p2|Grafaiai, M|\n|poke|p2|Masquerain, F|\n|poke|p2|Gastrodon, F|\n|teampreview\n|c|\u2606IndigoDZillas|flutter water\/ Moon flying\/ arc,gyarados,cress grass\/ tsarena fire\n|c|\u2606GurenDLotus|Amongus water, ttar.fly, gasteodon water, grafaia poison, mask ghost\n|c|\u2606IndigoDZillas|agora sim kkk\n|c|\u2606IndigoDZillas|bom jogo\n|\n|t:|1698022607\n|start\n|switch|p1a: Roaring Moon|Roaring Moon|100\/100\n|switch|p1b: Gyarados|Gyarados, M|100\/100\n|switch|p2a: Masquerain|Masquerain, F|100\/100\n|switch|p2b: Midgard|Tyranitar, F|100\/100\n|-ability|p2a: Masquerain|Intimidate|boost\n|-unboost|p1a: Roaring Moon|atk|1\n|-unboost|p1b: Gyarados|atk|1\n|-ability|p1b: Gyarados|Intimidate|boost\n|-unboost|p2a: Masquerain|atk|1\n|-unboost|p2b: Midgard|atk|1\n|-weather|Sandstorm|[from] ability: Sand Stream|[of] p2b: Midgard\n|-enditem|p1a: Roaring Moon|Booster Energy\n|-activate|p1a: Roaring Moon|ability: Protosynthesis|[fromitem]\n|-start|p1a: Roaring Moon|protosynthesisspe\n|turn|1\n|\n|t:|1698022655\n|move|p1a: Roaring Moon|Protect|p1a: Roaring Moon\n|-singleturn|p1a: Roaring Moon|Protect\n|move|p2a: Masquerain|Tailwind|p2a: Masquerain\n|-sidestart|p2: GurenDLotus|move: Tailwind\n|move|p2b: Midgard|Stealth Rock|p1b: Gyarados\n|-sidestart|p1: IndigoDZillas|move: Stealth Rock\n|move|p1b: Gyarados|Waterfall|p2b: Midgard\n|-supereffective|p2b: Midgard\n|-damage|p2b: Midgard|57\/100\n|\n|-weather|Sandstorm|[upkeep]\n|-damage|p2a: Masquerain|94\/100|[from] Sandstorm\n|-damage|p1a: Roaring Moon|95\/100|[from] Sandstorm\n|-damage|p1b: Gyarados|94\/100|[from] Sandstorm\n|upkeep\n|turn|2\n|j| Cogao\n|\n|t:|1698022704\n|switch|p2b: Jonny Dummy|Amoonguss, M|100\/100\n|move|p2a: Masquerain|Sticky Web|p1a: Roaring Moon\n|-sidestart|p1: IndigoDZillas|move: Sticky Web\n|move|p1a: Roaring Moon|Acrobatics|p2a: Masquerain\n|-supereffective|p2a: Masquerain\n|-damage|p2a: Masquerain|15\/100\n|move|p1b: Gyarados|Waterfall|p2b: Jonny Dummy\n|-resisted|p2b: Jonny Dummy\n|-damage|p2b: Jonny Dummy|87\/100\n|-damage|p1b: Gyarados|78\/100|[from] item: Rocky Helmet|[of] p2b: Jonny Dummy\n|\n|-weather|Sandstorm|[upkeep]\n|-damage|p2a: Masquerain|9\/100|[from] Sandstorm\n|-damage|p1a: Roaring Moon|89\/100|[from] Sandstorm\n|-damage|p1b: Gyarados|72\/100|[from] Sandstorm\n|-damage|p2b: Jonny Dummy|81\/100|[from] Sandstorm\n|upkeep\n|turn|3\n|\n|t:|1698022769\n|switch|p2b: Midgard|Tyranitar, F|57\/100\n|move|p2a: Masquerain|U-turn|p1a: Roaring Moon\n|-supereffective|p1a: Roaring Moon\n|-damage|p1a: Roaring Moon|59\/100\n|\n|t:|1698022778\n|switch|p2a: Jonny Dummy|Amoonguss, M|100\/100|[from] U-turn\n|move|p1a: Roaring Moon|Acrobatics|p2b: Midgard\n|-resisted|p2b: Midgard\n|-damage|p2b: Midgard|47\/100\n|-enditem|p2b: Midgard|Sitrus Berry|[eat]\n|-heal|p2b: Midgard|72\/100|[from] item: Sitrus Berry\n|move|p1b: Gyarados|Crunch|p2a: Jonny Dummy\n|-damage|p2a: Jonny Dummy|84\/100\n|-unboost|p2a: Jonny Dummy|def|1\n|-damage|p1b: Gyarados|55\/100|[from] item: Rocky Helmet|[of] p2a: Jonny Dummy\n|\n|-weather|Sandstorm|[upkeep]\n|-damage|p1a: Roaring Moon|53\/100|[from] Sandstorm\n|-damage|p1b: Gyarados|49\/100|[from] Sandstorm\n|-damage|p2a: Jonny Dummy|78\/100|[from] Sandstorm\n|-enditem|p1b: Gyarados|Sitrus Berry|[eat]\n|-heal|p1b: Gyarados|74\/100|[from] item: Sitrus Berry\n|upkeep\n|turn|4\n|\n|t:|1698022812\n|switch|p2a: Masquerain|Masquerain, F|9\/100\n|-ability|p2a: Masquerain|Intimidate|boost\n|-unboost|p1a: Roaring Moon|atk|1\n|-unboost|p1b: Gyarados|atk|1\n|-terastallize|p1a: Roaring Moon|Flying\n|move|p1a: Roaring Moon|Earthquake|p2b: Midgard|[spread] p2b\n|-immune|p1b: Gyarados\n|-immune|p2a: Masquerain\n|-supereffective|p2b: Midgard\n|-damage|p2b: Midgard|49\/100\n|move|p2b: Midgard|Rock Slide|p1b: Gyarados|[spread] p1a,p1b\n|-supereffective|p1a: Roaring Moon\n|-supereffective|p1b: Gyarados\n|-damage|p1a: Roaring Moon|0 fnt\n|-damage|p1b: Gyarados|2\/100\n|faint|p1a: Roaring Moon\n|-end|p1a: Roaring Moon|Protosynthesis|[silent]\n|move|p1b: Gyarados|Waterfall|p2b: Midgard\n|-supereffective|p2b: Midgard\n|-crit|p2b: Midgard\n|-damage|p2b: Midgard|0 fnt\n|faint|p2b: Midgard\n|\n|-weather|Sandstorm|[upkeep]\n|-damage|p2a: Masquerain|3\/100|[from] Sandstorm\n|-damage|p1b: Gyarados|0 fnt|[from] Sandstorm\n|faint|p1b: Gyarados\n|-sideend|p2: GurenDLotus|move: Tailwind\n|upkeep\n|\n|t:|1698022874\n|switch|p1a: Cresselia|Cresselia, F|100\/100\n|switch|p1b: Arcanine|Arcanine, M|100\/100\n|switch|p2b: Grafaiai|Grafaiai, M|100\/100\n|-damage|p1b: Arcanine|76\/100|[from] Stealth Rock\n|-activate|p1b: Arcanine|move: Sticky Web\n|-unboost|p1b: Arcanine|spe|1\n|-ability|p1b: Arcanine|Intimidate|boost\n|-unboost|p2a: Masquerain|atk|1\n|-unboost|p2b: Grafaiai|atk|1\n|-damage|p1a: Cresselia|88\/100|[from] Stealth Rock\n|turn|5\n|\n|t:|1698022903\n|move|p2b: Grafaiai|Parting Shot|p1a: Cresselia\n|-unboost|p1a: Cresselia|atk|1\n|-unboost|p1a: Cresselia|spa|1\n|\n|t:|1698022912\n|switch|p2b: Melvim|Gastrodon, F|100\/100|[from] Parting Shot\n|move|p2a: Masquerain|Tailwind|p2a: Masquerain\n|-sidestart|p2: GurenDLotus|move: Tailwind\n|move|p1b: Arcanine|Flare Blitz|p2a: Masquerain\n|-supereffective|p2a: Masquerain\n|-damage|p2a: Masquerain|0 fnt\n|faint|p2a: Masquerain\n|-damage|p1b: Arcanine|75\/100|[from] Recoil\n|move|p1a: Cresselia|Psyshock|p2b: Melvim\n|-crit|p2b: Melvim\n|-damage|p2b: Melvim|67\/100\n|\n|-weather|none\n|-heal|p1a: Cresselia|94\/100|[from] item: Leftovers\n|upkeep\n|\n|t:|1698022935\n|switch|p2a: Omini|Necrozma-Dusk-Mane|100\/100\n|turn|6\n|\n|t:|1698022972\n|switch|p1b: Tsareena|Tsareena, F|100\/100\n|-damage|p1b: Tsareena|88\/100|[from] Stealth Rock\n|-activate|p1b: Tsareena|move: Sticky Web\n|-unboost|p1b: Tsareena|spe|1\n|move|p2a: Omini|Calm Mind|p2a: Omini\n|-boost|p2a: Omini|spa|1\n|-boost|p2a: Omini|spd|1\n|move|p2b: Melvim|Toxic|p1a: Cresselia\n|-status|p1a: Cresselia|tox\n|move|p1a: Cresselia|Lunar Blessing|p1a: Cresselia|[spread] p1a,p1b\n|-heal|p1a: Cresselia|100\/100 tox\n|-curestatus|p1a: Cresselia|tox|[msg]\n|-heal|p1b: Tsareena|100\/100\n|\n|upkeep\n|turn|7\n|\n|t:|1698022998\n|move|p1a: Cresselia|Helping Hand|p1b: Tsareena\n|-singleturn|p1b: Tsareena|Helping Hand|[of] p1a: Cresselia\n|move|p2a: Omini|Heat Wave|p1a: Cresselia|[spread] p1b\n|-miss|p2a: Omini|p1a: Cresselia\n|-supereffective|p1b: Tsareena\n|-damage|p1b: Tsareena|60\/100\n|move|p2b: Melvim|Ice Beam|p1b: Tsareena\n|-supereffective|p1b: Tsareena\n|-damage|p1b: Tsareena|32\/100\n|move|p1b: Tsareena|Knock Off|p2a: Omini\n|-supereffective|p2a: Omini\n|-damage|p2a: Omini|41\/100\n|-enditem|p2a: Omini|Weakness Policy\n|-boost|p2a: Omini|atk|2|[from] item: Weakness Policy\n|-boost|p2a: Omini|spa|2|[from] item: Weakness Policy\n|\n|upkeep\n|turn|8\n|\n|t:|1698023041\n|switch|p1b: Arcanine|Arcanine, M|75\/100\n|-damage|p1b: Arcanine|50\/100|[from] Stealth Rock\n|-activate|p1b: Arcanine|move: Sticky Web\n|-unboost|p1b: Arcanine|spe|1\n|-ability|p1b: Arcanine|Intimidate|boost\n|-unboost|p2a: Omini|atk|1\n|-unboost|p2b: Melvim|atk|1\n|move|p2a: Omini|Heat Wave|p1b: Arcanine|[spread] p1b\n|-miss|p2a: Omini|p1a: Cresselia\n|-resisted|p1b: Arcanine\n|-crit|p1b: Arcanine\n|-damage|p1b: Arcanine|3\/100\n|move|p2b: Melvim|Toxic|p1a: Cresselia\n|-status|p1a: Cresselia|tox\n|move|p1a: Cresselia|Lunar Blessing|p1a: Cresselia|[spread] p1a,p1b\n|-curestatus|p1a: Cresselia|tox|[msg]\n|-heal|p1b: Arcanine|28\/100\n|\n|-sideend|p2: GurenDLotus|move: Tailwind\n|upkeep\n|turn|9\n|\n|t:|1698023069\n|switch|p2b: Grafaiai|Grafaiai, M|100\/100\n|move|p1b: Arcanine|Protect|p1b: Arcanine\n|-singleturn|p1b: Arcanine|Protect\n|move|p2a: Omini|Photon Geyser|p1b: Arcanine\n|-activate|p1b: Arcanine|move: Protect\n|move|p1a: Cresselia|Lunar Blessing|p1a: Cresselia|[spread] p1a,p1b\n|-heal|p1b: Arcanine|53\/100\n|\n|upkeep\n|turn|10\n|\n|t:|1698023091\n|move|p1a: Cresselia|Helping Hand|p1b: Arcanine\n|-singleturn|p1b: Arcanine|Helping Hand|[of] p1a: Cresselia\n|move|p2b: Grafaiai|Encore|p1b: Arcanine\n|-start|p1b: Arcanine|Encore\n|move|p2a: Omini|Photon Geyser|p1b: Arcanine\n|-damage|p1b: Arcanine|0 fnt\n|faint|p1b: Arcanine\n|\n|upkeep\n|\n|t:|1698023122\n|switch|p1b: Flutter Mane|Flutter Mane|100\/100\n|-damage|p1b: Flutter Mane|88\/100|[from] Stealth Rock\n|-activate|p1b: Flutter Mane|move: Sticky Web\n|-unboost|p1b: Flutter Mane|spe|1\n|turn|11\n|\n|t:|1698023156\n|-terastallize|p2b: Grafaiai|Poison\n|move|p1a: Cresselia|Helping Hand|p1b: Flutter Mane\n|-singleturn|p1b: Flutter Mane|Helping Hand|[of] p1a: Cresselia\n|move|p2a: Omini|Protect|p2a: Omini\n|-singleturn|p2a: Omini|Protect\n|move|p2b: Grafaiai|Gunk Shot|p1b: Flutter Mane\n|-damage|p1b: Flutter Mane|0 fnt\n|faint|p1b: Flutter Mane\n|-end|p1b: Flutter Mane|Protosynthesis|[silent]\n|\n|upkeep\n|\n|t:|1698023165\n|switch|p1b: Tsareena|Tsareena, F|32\/100\n|-damage|p1b: Tsareena|19\/100|[from] Stealth Rock\n|-activate|p1b: Tsareena|move: Sticky Web\n|-unboost|p1b: Tsareena|spe|1\n|turn|12\n|\n|t:|1698023197\n|move|p2a: Omini|Heat Wave|p1a: Cresselia|[spread] p1a,p1b\n|-supereffective|p1b: Tsareena\n|-damage|p1a: Cresselia|73\/100\n|-damage|p1b: Tsareena|0 fnt\n|faint|p1b: Tsareena\n|move|p2b: Grafaiai|Knock Off|p1a: Cresselia\n|-supereffective|p1a: Cresselia\n|-damage|p1a: Cresselia|44\/100\n|-enditem|p1a: Cresselia|Leftovers|[from] move: Knock Off|[of] p2b: Grafaiai\n|move|p1a: Cresselia|Psyshock|p2b: Grafaiai\n|-supereffective|p2b: Grafaiai\n|-damage|p2b: Grafaiai|56\/100\n|\n|upkeep\n|turn|13\n|\n|t:|1698023213\n|move|p2b: Grafaiai|Parting Shot|p1a: Cresselia\n|-unboost|p1a: Cresselia|atk|1\n|-unboost|p1a: Cresselia|spa|1\n|\n|t:|1698023217\n|switch|p2b: Melvim|Gastrodon, F|67\/100|[from] Parting Shot\n|move|p2a: Omini|Photon Geyser|p1a: Cresselia\n|-resisted|p1a: Cresselia\n|-damage|p1a: Cresselia|15\/100\n|move|p1a: Cresselia|Psyshock|p2b: Melvim\n|-damage|p2b: Melvim|56\/100\n|\n|upkeep\n|turn|14\n|\n|t:|1698023238\n|move|p2a: Omini|Photon Geyser|p1a: Cresselia\n|-resisted|p1a: Cresselia\n|-damage|p1a: Cresselia|0 fnt\n|faint|p1a: Cresselia\n|\n|win|GurenDLotus\n|c|\u2606IndigoDZillas|gg :)\n|c|\u2606GurenDLotus|gg :)\n|c|\u2606GurenDLotus|Boa luta, pode colocar o link la?\n|l|\u2606GurenDLotus\n|j|\u2606GurenDLotus\n|player|p2|GurenDLotus|red\n","uploadtime":1698023460,"views":14,"p1id":"indigodzillas","p2id":"gurendlotus","formatid":"gen9nationaldexdoubles","rating":0,"private":0,"password":""}