{"id":"gen9nationaldexdoubles-1993297848","p1":"Sakura the blossom","p2":"MosheahVOWS","format":"[Gen 9] National Dex Doubles","log":"|j|\u2606Sakura the blossom\n|j|\u2606MosheahVOWS\n|t:|1700292910\n|gametype|doubles\n|player|p1|Sakura the blossom|caitlin|\n|player|p2|MosheahVOWS|burglar|\n|teamsize|p1|6\n|teamsize|p2|6\n|gen|9\n|tier|[Gen 9] National Dex Doubles\n|rule|HP Percentage Mod: HP is shown in percentages\n|rule|Endless Battle Clause: Forcing endless battles is banned\n|rule|OHKO Clause: OHKO moves are banned\n|rule|Evasion Moves Clause: Evasion moves are banned\n|rule|Evasion Abilities Clause: Evasion abilities are banned\n|rule|Species Clause: Limit one of each Pok\u00e9mon\n|rule|Gravity Sleep Clause: The combination of sleep-inducing moves with imperfect accuracy and Gravity or Gigantamax Orbeetle are banned\n|clearpoke\n|poke|p1|Armarouge, M|\n|poke|p1|Indeedee-F, F|\n|poke|p1|Claydol|\n|poke|p1|Farigiraf, M|\n|poke|p1|Kommo-o, M|\n|poke|p1|Swampert, M|\n|poke|p2|Garchomp, M|\n|poke|p2|Arcanine, M|\n|poke|p2|Decidueye, F|\n|poke|p2|Farigiraf, M|\n|poke|p2|Infernape, F|\n|poke|p2|Umbreon, M|\n|teampreview\n|inactive|Battle timer is ON: inactive players will automatically lose when time's up. (requested by Sakura the blossom)\n|c|\u2606Sakura the blossom|Gl hf\n|inactive|MosheahVOWS has 270 seconds left.\n|\n|t:|1700292954\n|start\n|switch|p1a: Claydol|Claydol|100\/100\n|switch|p1b: Kommo-o|Kommo-o, M|100\/100\n|switch|p2a: Decidueye|Decidueye, F|100\/100\n|switch|p2b: Infernape|Infernape, F|100\/100\n|turn|1\n|\n|t:|1700292978\n|move|p2b: Infernape|Knock Off|p1b: Kommo-o\n|-resisted|p1b: Kommo-o\n|-damage|p1b: Kommo-o|88\/100\n|-enditem|p1b: Kommo-o|Roseli Berry|[from] move: Knock Off|[of] p2b: Infernape\n|move|p1b: Kommo-o|Clangorous Soul|p1b: Kommo-o\n|-boost|p1b: Kommo-o|atk|1\n|-boost|p1b: Kommo-o|def|1\n|-boost|p1b: Kommo-o|spa|1\n|-boost|p1b: Kommo-o|spd|1\n|-boost|p1b: Kommo-o|spe|1\n|-damage|p1b: Kommo-o|55\/100\n|move|p1a: Claydol|Stealth Rock|p2b: Infernape\n|-sidestart|p2: MosheahVOWS|move: Stealth Rock\n|move|p2a: Decidueye|Poltergeist|p1a: Claydol\n|-activate|p1a: Claydol|move: Poltergeist|Leftovers\n|-supereffective|p1a: Claydol\n|-damage|p1a: Claydol|0 fnt\n|faint|p1a: Claydol\n|\n|upkeep\n|\n|t:|1700293003\n|switch|p1a: Armarouge|Armarouge, M|100\/100\n|turn|2\n|\n|t:|1700293025\n|switch|p2a: Umbreon|Umbreon, M|100\/100\n|-damage|p2a: Umbreon|88\/100|[from] Stealth Rock\n|move|p1a: Armarouge|Endure|p1a: Armarouge\n|-singleturn|p1a: Armarouge|move: Endure\n|move|p1b: Kommo-o|Drain Punch|p2b: Infernape\n|-damage|p2b: Infernape|20\/100\n|-heal|p1b: Kommo-o|95\/100|[from] drain|[of] p2b: Infernape\n|move|p2b: Infernape|Knock Off|p1a: Armarouge\n|-supereffective|p1a: Armarouge\n|-damage|p1a: Armarouge|37\/100\n|-ability|p1a: Armarouge|Weak Armor|boost\n|-unboost|p1a: Armarouge|def|1\n|-boost|p1a: Armarouge|spe|2\n|-enditem|p1a: Armarouge|Weakness Policy\n|-boost|p1a: Armarouge|atk|2|[from] item: Weakness Policy\n|-boost|p1a: Armarouge|spa|2|[from] item: Weakness Policy\n|\n|upkeep\n|turn|3\n|inactive|MosheahVOWS has 270 seconds left.\n|\n|t:|1700293058\n|move|p1a: Armarouge|Expanding Force|p2b: Infernape\n|-supereffective|p2b: Infernape\n|-damage|p2b: Infernape|0 fnt\n|faint|p2b: Infernape\n|move|p1b: Kommo-o|Drain Punch|p2a: Umbreon\n|-supereffective|p2a: Umbreon\n|-damage|p2a: Umbreon|16\/100\n|-heal|p1b: Kommo-o|100\/100|[from] drain|[of] p2a: Umbreon\n|-enditem|p2a: Umbreon|Figy Berry|[eat]\n|-heal|p2a: Umbreon|50\/100|[from] item: Figy Berry\n|move|p2a: Umbreon|Foul Play|p1b: Kommo-o\n|-resisted|p1b: Kommo-o\n|-damage|p1b: Kommo-o|81\/100\n|\n|upkeep\n|inactive|MosheahVOWS has 270 seconds left.\n|\n|t:|1700293084\n|switch|p2b: Farigiraf|Farigiraf, M|100\/100\n|-damage|p2b: Farigiraf|88\/100|[from] Stealth Rock\n|turn|4\n|inactive|MosheahVOWS has 270 seconds left.\n|\n|t:|1700293096\n|switch|p2a: Decidueye|Decidueye, F|100\/100\n|-damage|p2a: Decidueye|88\/100|[from] Stealth Rock\n|move|p1a: Armarouge|Endure|p1a: Armarouge\n|-singleturn|p1a: Armarouge|move: Endure\n|move|p1b: Kommo-o|Drain Punch|p2a: Decidueye\n|-immune|p2a: Decidueye\n|move|p2b: Farigiraf|Psychic|p1b: Kommo-o\n|-supereffective|p1b: Kommo-o\n|-damage|p1b: Kommo-o|15\/100\n|\n|upkeep\n|turn|5\n|inactive|MosheahVOWS has 270 seconds left.\n|inactive|Sakura the blossom has 270 seconds left.\n|\n|t:|1700293129\n|move|p2a: Decidueye|Shadow Sneak|p1b: Kommo-o\n|-damage|p1b: Kommo-o|0 fnt\n|faint|p1b: Kommo-o\n|move|p1a: Armarouge|Armor Cannon|p2a: Decidueye\n|-supereffective|p2a: Decidueye\n|-damage|p2a: Decidueye|0 fnt\n|-unboost|p1a: Armarouge|def|1\n|-unboost|p1a: Armarouge|spd|1\n|faint|p2a: Decidueye\n|move|p2b: Farigiraf|Hyper Voice|p1a: Armarouge\n|-damage|p1a: Armarouge|0 fnt\n|faint|p1a: Armarouge\n|\n|upkeep\n|inactive|MosheahVOWS has 270 seconds left.\n|c|\u2606MosheahVOWS|what are you gonna do now without your stupid dragon?!\n|\n|t:|1700293160\n|switch|p1b: Farigiraf|Farigiraf, M|100\/100\n|switch|p1a: Swampert|Swampert, M|100\/100\n|switch|p2a: Garchomp|Garchomp, M, shiny|100\/100\n|-damage|p2a: Garchomp|94\/100|[from] Stealth Rock\n|turn|6\n|inactive|MosheahVOWS has 270 seconds left.\n|\n|t:|1700293188\n|detailschange|p1a: Swampert|Swampert-Mega, M\n|-mega|p1a: Swampert|Swampert|Swampertite\n|move|p2a: Garchomp|Swords Dance|p2a: Garchomp\n|-boost|p2a: Garchomp|atk|2\n|move|p1a: Swampert|Liquidation|p2a: Garchomp\n|-damage|p2a: Garchomp|46\/100\n|-unboost|p2a: Garchomp|def|1\n|-damage|p1a: Swampert|88\/100|[from] ability: Rough Skin|[of] p2a: Garchomp\n|move|p1b: Farigiraf|Thunder Wave|p2b: Farigiraf\n|-status|p2b: Farigiraf|par\n|cant|p2b: Farigiraf|par\n|\n|upkeep\n|turn|7\n|\n|t:|1700293211\n|move|p2b: Farigiraf|Protect|p2b: Farigiraf\n|-singleturn|p2b: Farigiraf|Protect\n|move|p2a: Garchomp|Crunch|p1b: Farigiraf\n|-supereffective|p1b: Farigiraf\n|-damage|p1b: Farigiraf|6\/100\n|-enditem|p1b: Farigiraf|Sitrus Berry|[eat]\n|-heal|p1b: Farigiraf|31\/100|[from] item: Sitrus Berry\n|move|p1a: Swampert|Liquidation|p2a: Garchomp\n|-damage|p2a: Garchomp|0 fnt\n|-damage|p1a: Swampert|76\/100|[from] ability: Rough Skin|[of] p2a: Garchomp\n|faint|p2a: Garchomp\n|move|p1b: Farigiraf|Return|p2b: Farigiraf\n|-activate|p2b: Farigiraf|move: Protect\n|\n|upkeep\n|c|\u2606Sakura the blossom|Do this\n|inactive|MosheahVOWS has 270 seconds left.\n|\n|t:|1700293229\n|switch|p2a: Umbreon|Umbreon, M|50\/100\n|-damage|p2a: Umbreon|37\/100|[from] Stealth Rock\n|turn|8\n|\n|t:|1700293243\n|move|p1a: Swampert|Liquidation|p2a: Umbreon\n|-damage|p2a: Umbreon|5\/100\n|move|p1b: Farigiraf|Return|p2b: Farigiraf\n|-damage|p2b: Farigiraf|44\/100 par\n|-enditem|p2b: Farigiraf|Sitrus Berry|[eat]\n|-heal|p2b: Farigiraf|69\/100 par|[from] item: Sitrus Berry\n|move|p2a: Umbreon|Moonlight|p2a: Umbreon\n|-heal|p2a: Umbreon|55\/100\n|move|p2b: Farigiraf|Hyper Voice|p1a: Swampert|[spread] p1a,p1b\n|-damage|p1a: Swampert|47\/100\n|-damage|p1b: Farigiraf|0 fnt\n|faint|p1b: Farigiraf\n|\n|upkeep\n|\n|t:|1700293259\n|switch|p1b: Indeedee|Indeedee-F, F|100\/100\n|-fieldstart|move: Psychic Terrain|[from] ability: Psychic Surge|[of] p1b: Indeedee\n|-enditem|p1b: Indeedee|Psychic Seed\n|-boost|p1b: Indeedee|spd|1|[from] item: Psychic Seed\n|turn|9\n|\n|t:|1700293286\n|move|p1b: Indeedee|Dazzling Gleam|p2b: Farigiraf|[spread] p2a,p2b\n|-supereffective|p2a: Umbreon\n|-damage|p2a: Umbreon|38\/100\n|-damage|p2b: Farigiraf|55\/100 par\n|move|p1a: Swampert|Darkest Lariat|p2b: Farigiraf\n|-supereffective|p2b: Farigiraf\n|-damage|p2b: Farigiraf|0 fnt\n|faint|p2b: Farigiraf\n|move|p2a: Umbreon|Thunder Wave|p1b: Indeedee\n|-status|p1b: Indeedee|par\n|\n|upkeep\n|inactive|MosheahVOWS has 270 seconds left.\n|\n|t:|1700293296\n|switch|p2b: Arcanine|Arcanine, M|100\/100\n|-damage|p2b: Arcanine|75\/100|[from] Stealth Rock\n|-ability|p2b: Arcanine|Intimidate|boost\n|-unboost|p1a: Swampert|atk|1\n|-unboost|p1b: Indeedee|atk|1\n|turn|10\n|inactive|MosheahVOWS has 270 seconds left.\n|\n|t:|1700293327\n|cant|p1b: Indeedee|par\n|move|p2b: Arcanine|Crunch|p1a: Swampert\n|-damage|p1a: Swampert|31\/100\n|move|p1a: Swampert|Liquidation|p2b: Arcanine\n|-supereffective|p2b: Arcanine\n|-damage|p2b: Arcanine|19\/100\n|-unboost|p2b: Arcanine|def|1\n|move|p2a: Umbreon|Moonlight|p2a: Umbreon\n|-heal|p2a: Umbreon|88\/100\n|\n|upkeep\n|turn|11\n|inactive|MosheahVOWS has 270 seconds left.\n|\n|t:|1700293361\n|-terastallize|p2b: Arcanine|Fire\n|move|p2b: Arcanine|Flare Blitz|p1a: Swampert\n|-resisted|p1a: Swampert\n|-damage|p1a: Swampert|7\/100\n|-damage|p2b: Arcanine|11\/100|[from] Recoil\n|move|p1a: Swampert|Liquidation|p2b: Arcanine\n|-supereffective|p2b: Arcanine\n|-damage|p2b: Arcanine|0 fnt\n|faint|p2b: Arcanine\n|move|p2a: Umbreon|Foul Play|p1a: Swampert\n|-damage|p1a: Swampert|0 fnt\n|faint|p1a: Swampert\n|move|p1b: Indeedee|Dazzling Gleam|p2a: Umbreon\n|-supereffective|p2a: Umbreon\n|-damage|p2a: Umbreon|65\/100\n|\n|upkeep\n|turn|12\n|inactive|MosheahVOWS has 270 seconds left.\n|c|\u2606Sakura the blossom|Um tera is banned btw\n|\n|t:|1700293384\n|move|p2a: Umbreon|Foul Play|p1b: Indeedee\n|-supereffective|p1b: Indeedee\n|-damage|p1b: Indeedee|84\/100 par\n|move|p1b: Indeedee|Dazzling Gleam|p2a: Umbreon\n|-supereffective|p2a: Umbreon\n|-damage|p2a: Umbreon|43\/100\n|\n|upkeep\n|turn|13\n|\n|t:|1700293397\n|move|p2a: Umbreon|Moonlight|p2a: Umbreon\n|-heal|p2a: Umbreon|93\/100\n|move|p1b: Indeedee|Dazzling Gleam|p2a: Umbreon\n|-supereffective|p2a: Umbreon\n|-damage|p2a: Umbreon|70\/100\n|\n|-fieldend|move: Psychic Terrain\n|upkeep\n|turn|14\n|c|\u2606MosheahVOWS|ah shit great.....\n|\n|t:|1700293421\n|move|p2a: Umbreon|Foul Play|p1b: Indeedee\n|-supereffective|p1b: Indeedee\n|-damage|p1b: Indeedee|66\/100 par\n|move|p1b: Indeedee|Dazzling Gleam|p2a: Umbreon\n|-supereffective|p2a: Umbreon\n|-damage|p2a: Umbreon|47\/100\n|\n|upkeep\n|turn|15\n|\n|t:|1700293430\n|move|p2a: Umbreon|Moonlight|p2a: Umbreon\n|-heal|p2a: Umbreon|97\/100\n|cant|p1b: Indeedee|par\n|\n|upkeep\n|turn|16\n|\n|t:|1700293441\n|move|p2a: Umbreon|Foul Play|p1b: Indeedee\n|-supereffective|p1b: Indeedee\n|-damage|p1b: Indeedee|50\/100 par\n|cant|p1b: Indeedee|par\n|\n|upkeep\n|turn|17\n|\n|t:|1700293451\n|move|p2a: Umbreon|Foul Play|p1b: Indeedee\n|-supereffective|p1b: Indeedee\n|-damage|p1b: Indeedee|32\/100 par\n|cant|p1b: Indeedee|par\n|\n|upkeep\n|turn|18\n|c|\u2606Sakura the blossom|Thats just bs rng lol\n|c|\u2606Sakura the blossom|Anyway if you didnt of tera you would of won\n|\n|t:|1700293480\n|move|p2a: Umbreon|Foul Play|p1b: Indeedee\n|-supereffective|p1b: Indeedee\n|-damage|p1b: Indeedee|13\/100 par\n|cant|p1b: Indeedee|par\n|\n|upkeep\n|turn|19\n|c|\u2606MosheahVOWS|welcome to the world of hax\n|c|\u2606Sakura the blossom|Yeah i see that\n|c|\u2606MosheahVOWS|it wouldn't have hardly mattered\n|\n|t:|1700293499\n|move|p2a: Umbreon|Foul Play|p1b: Indeedee\n|-supereffective|p1b: Indeedee\n|-damage|p1b: Indeedee|0 fnt\n|faint|p1b: Indeedee\n|\n|win|MosheahVOWS\n","uploadtime":1700293508,"views":16,"p1id":"sakuratheblossom","p2id":"mosheahvows","formatid":"gen9nationaldexdoubles","rating":0,"private":0,"password":""}