{"id":"gen9nationaldexdoubles-1963862769","p1":"Smudge","p2":"GuitarheroVGC","format":"[Gen 9] National Dex Doubles","log":"|j|\u2606Smudge\n|j|\u2606GuitarheroVGC\n|t:|1696908055\n|gametype|doubles\n|player|p1|Smudge|#dwcopiii|\n|player|p2|GuitarheroVGC|kimonogirl|\n|teamsize|p1|6\n|teamsize|p2|6\n|gen|9\n|tier|[Gen 9] National Dex Doubles\n|rated|Tournament battle\n|rule|HP Percentage Mod: HP is shown in percentages\n|rule|Endless Battle Clause: Forcing endless battles is banned\n|rule|OHKO Clause: OHKO moves are banned\n|rule|Evasion Moves Clause: Evasion moves are banned\n|rule|Evasion Abilities Clause: Evasion abilities are banned\n|rule|Species Clause: Limit one of each Pok\u00e9mon\n|rule|Gravity Sleep Clause: The combination of sleep-inducing moves with imperfect accuracy and Gravity or Gigantamax Orbeetle are banned\n|clearpoke\n|poke|p1|Tornadus, M|\n|poke|p1|Ogerpon-Hearthflame, F|\n|poke|p1|Rillaboom, F|\n|poke|p1|Chi-Yu|\n|poke|p1|Zamazenta-*|\n|poke|p1|Flutter Mane|\n|poke|p2|Marshadow|\n|poke|p2|Diancie|\n|poke|p2|Tapu Fini|\n|poke|p2|Rillaboom, M|\n|poke|p2|Scizor, M|\n|poke|p2|Chi-Yu|\n|teampreview\n|inactive|Battle timer is ON: inactive players will automatically lose when time's up. (requested by Smudge)\n|inactive|GuitarheroVGC also wants the timer to be on.\n|c|\u2606Smudge|hf\n|\n|t:|1696908077\n|start\n|switch|p1a: Rillaboom|Rillaboom, F|100\/100\n|switch|p1b: Chi-Yu|Chi-Yu|100\/100\n|switch|p2a: Marshadow|Marshadow|100\/100\n|switch|p2b: Chi-Yu|Chi-Yu|100\/100\n|-ability|p1b: Chi-Yu|Beads of Ruin\n|-ability|p2b: Chi-Yu|Beads of Ruin\n|-fieldstart|move: Grassy Terrain|[from] ability: Grassy Surge|[of] p1a: Rillaboom\n|-enditem|p1b: Chi-Yu|Grassy Seed\n|-boost|p1b: Chi-Yu|def|1|[from] item: Grassy Seed\n|turn|1\n|inactive|Smudge has 120 seconds left.\n|j| Concept Everything\n|\n|t:|1696908137\n|-terastallize|p1b: Chi-Yu|Grass\n|move|p1a: Rillaboom|Fake Out|p2b: Chi-Yu\n|-damage|p2b: Chi-Yu|85\/100\n|move|p2a: Marshadow|Close Combat|p1b: Chi-Yu\n|-damage|p1b: Chi-Yu|51\/100\n|-unboost|p2a: Marshadow|def|1\n|-unboost|p2a: Marshadow|spd|1\n|move|p1b: Chi-Yu|Nasty Plot|p1b: Chi-Yu\n|-boost|p1b: Chi-Yu|spa|2\n|cant|p2b: Chi-Yu|flinch\n|\n|-heal|p1b: Chi-Yu|58\/100|[from] Grassy Terrain\n|-heal|p2b: Chi-Yu|91\/100|[from] Grassy Terrain\n|upkeep\n|turn|2\n|\n|t:|1696908153\n|switch|p1a: Tornadus|Tornadus, M|100\/100\n|move|p1b: Chi-Yu|Protect|p1b: Chi-Yu\n|-singleturn|p1b: Chi-Yu|Protect\n|-zpower|p2a: Marshadow\n|move|p2a: Marshadow|Soul-Stealing 7-Star Strike|p1a: Tornadus|[zeffect]\n|-crit|p1a: Tornadus\n|-damage|p1a: Tornadus|0 fnt\n|faint|p1a: Tornadus\n|move|p2b: Chi-Yu|Heat Wave|p1b: Chi-Yu\n|-activate|p1b: Chi-Yu|move: Protect\n|\n|-heal|p1b: Chi-Yu|64\/100|[from] Grassy Terrain\n|-heal|p2b: Chi-Yu|97\/100|[from] Grassy Terrain\n|upkeep\n|\n|t:|1696908170\n|switch|p1a: Flutter Mane|Flutter Mane|100\/100\n|turn|3\n|\n|t:|1696908178\n|-end|p1a: Flutter Mane|Protosynthesis|[silent]\n|switch|p1a: Zamazenta|Zamazenta|100\/100\n|-ability|p1a: Zamazenta|Dauntless Shield|boost\n|-boost|p1a: Zamazenta|def|1\n|move|p2a: Marshadow|Shadow Sneak|p1a: Zamazenta\n|-crit|p1a: Zamazenta\n|-damage|p1a: Zamazenta|64\/100\n|move|p1b: Chi-Yu|Heat Wave|p2a: Marshadow|[spread] p2a,p2b\n|-resisted|p2b: Chi-Yu\n|-damage|p2a: Marshadow|0 fnt\n|-damage|p2b: Chi-Yu|79\/100\n|faint|p2a: Marshadow\n|move|p2b: Chi-Yu|Heat Wave|p1b: Chi-Yu|[spread] p1b\n|-miss|p2b: Chi-Yu|p1a: Zamazenta\n|-supereffective|p1b: Chi-Yu\n|-damage|p1b: Chi-Yu|0 fnt\n|faint|p1b: Chi-Yu\n|\n|-heal|p1a: Zamazenta|70\/100|[from] Grassy Terrain\n|-heal|p1a: Zamazenta|77\/100|[from] item: Leftovers\n|-heal|p2b: Chi-Yu|85\/100|[from] Grassy Terrain\n|upkeep\n|j|+Slash Death\n|\n|t:|1696908197\n|switch|p2a: Tapu Fini|Tapu Fini|100\/100\n|switch|p1b: Flutter Mane|Flutter Mane|100\/100\n|-fieldstart|move: Misty Terrain|[from] ability: Misty Surge|[of] p2a: Tapu Fini\n|turn|4\n|\n|t:|1696908208\n|switch|p1a: Rillaboom|Rillaboom, F|100\/100\n|-fieldstart|move: Grassy Terrain|[from] ability: Grassy Surge|[of] p1a: Rillaboom\n|-terastallize|p2b: Chi-Yu|Grass\n|move|p2a: Tapu Fini|Moonblast|p1a: Rillaboom\n|-damage|p1a: Rillaboom|58\/100\n|-unboost|p1a: Rillaboom|spa|1\n|move|p1b: Flutter Mane|Energy Ball|p2a: Tapu Fini\n|-supereffective|p2a: Tapu Fini\n|-damage|p2a: Tapu Fini|0 fnt\n|faint|p2a: Tapu Fini\n|move|p2b: Chi-Yu|Heat Wave|p1b: Flutter Mane|[spread] p1a,p1b\n|-supereffective|p1a: Rillaboom\n|-damage|p1a: Rillaboom|0 fnt\n|-damage|p1b: Flutter Mane|54\/100\n|faint|p1a: Rillaboom\n|\n|-heal|p1b: Flutter Mane|60\/100|[from] Grassy Terrain\n|-heal|p2b: Chi-Yu|91\/100|[from] Grassy Terrain\n|upkeep\n|c|+Slash Death|Oops\n|\n|t:|1696908223\n|switch|p2a: Diancie|Diancie|100\/100\n|switch|p1a: Zamazenta|Zamazenta|77\/100\n|turn|5\n|\n|t:|1696908237\n|move|p1a: Zamazenta|Wide Guard|p1a: Zamazenta\n|-singleturn|p1a: Zamazenta|Wide Guard\n|move|p1b: Flutter Mane|Energy Ball|p2a: Diancie\n|-supereffective|p2a: Diancie\n|-damage|p2a: Diancie|0 fnt\n|faint|p2a: Diancie\n|move|p2b: Chi-Yu|Tera Blast|p1a: Zamazenta|[anim] Tera Blast Grass\n|-damage|p1a: Zamazenta|14\/100\n|\n|-heal|p1a: Zamazenta|21\/100|[from] Grassy Terrain\n|-heal|p1a: Zamazenta|27\/100|[from] item: Leftovers\n|-heal|p1b: Flutter Mane|66\/100|[from] Grassy Terrain\n|-heal|p2b: Chi-Yu|97\/100|[from] Grassy Terrain\n|upkeep\n|\n|t:|1696908243\n|switch|p2a: Scizor|Scizor, M|100\/100\n|turn|6\n|\n|t:|1696908264\n|-end|p1b: Flutter Mane|Protosynthesis|[silent]\n|switch|p1b: Ogerpon|Ogerpon-Hearthflame, F|100\/100\n|-ability|p1b: Ogerpon|Mold Breaker\n|detailschange|p2a: Scizor|Scizor-Mega, M\n|-mega|p2a: Scizor|Scizor|Scizorite\n|move|p2a: Scizor|Bullet Punch|p1b: Ogerpon\n|-resisted|p1b: Ogerpon\n|-damage|p1b: Ogerpon|79\/100\n|move|p1a: Zamazenta|Heavy Slam|p2b: Chi-Yu\n|-crit|p2b: Chi-Yu\n|-damage|p2b: Chi-Yu|39\/100\n|move|p2b: Chi-Yu|Tera Blast|p1a: Zamazenta|[anim] Tera Blast Grass\n|-damage|p1a: Zamazenta|0 fnt\n|faint|p1a: Zamazenta\n|\n|-heal|p1b: Ogerpon|85\/100|[from] Grassy Terrain\n|-heal|p2b: Chi-Yu|45\/100|[from] Grassy Terrain\n|upkeep\n|\n|t:|1696908275\n|switch|p1a: Flutter Mane|Flutter Mane|66\/100\n|turn|7\n|\n|t:|1696908285\n|move|p2a: Scizor|Bullet Punch|p1a: Flutter Mane\n|-supereffective|p1a: Flutter Mane\n|-damage|p1a: Flutter Mane|0 fnt\n|faint|p1a: Flutter Mane\n|-end|p1a: Flutter Mane|Protosynthesis|[silent]\n|move|p1b: Ogerpon|Ivy Cudgel|p2a: Scizor\n|-supereffective|p2a: Scizor\n|-damage|p2a: Scizor|0 fnt\n|faint|p2a: Scizor\n|move|p2b: Chi-Yu|Heat Wave|p1b: Ogerpon\n|-damage|p1b: Ogerpon|7\/100\n|\n|-heal|p1b: Ogerpon|13\/100|[from] Grassy Terrain\n|-heal|p2b: Chi-Yu|51\/100|[from] Grassy Terrain\n|upkeep\n|\n|t:|1696908294\n|switch|p2a: Rillaboom|Rillaboom, M|100\/100\n|turn|8\n|\n|t:|1696908298\n|move|p1b: Ogerpon|Spiky Shield|p1b: Ogerpon\n|-singleturn|p1b: Ogerpon|move: Protect\n|move|p2a: Rillaboom|Fake Out|p1b: Ogerpon\n|-activate|p1b: Ogerpon|move: Protect\n|-damage|p2a: Rillaboom|88\/100|[from] Spiky Shield|[of] p1b: Ogerpon\n|move|p2b: Chi-Yu|Heat Wave|p1b: Ogerpon\n|-activate|p1b: Ogerpon|move: Protect\n|\n|-heal|p1b: Ogerpon|19\/100|[from] Grassy Terrain\n|-heal|p2b: Chi-Yu|57\/100|[from] Grassy Terrain\n|-heal|p2a: Rillaboom|94\/100|[from] Grassy Terrain\n|-fieldend|move: Grassy Terrain\n|upkeep\n|turn|9\n|\n|t:|1696908313\n|move|p1b: Ogerpon|Ivy Cudgel|p2b: Chi-Yu\n|-supereffective|p2b: Chi-Yu\n|-damage|p2b: Chi-Yu|0 fnt\n|faint|p2b: Chi-Yu\n|move|p2a: Rillaboom|U-turn|p1b: Ogerpon\n|-damage|p1b: Ogerpon|0 fnt\n|faint|p1b: Ogerpon\n|\n|win|GuitarheroVGC\n|n|\u2606Smudge|smudge\n|n|\u2606GuitarheroVGC|guitarherovgc\n|n| Concept Everything|concepteverything\n|n| Slash Death|slashdeath\n|c|\u2606Smudge|gg\n|c|\u2606GuitarheroVGC|ggs\n|l|\u2606GuitarheroVGC\n|c|\u2606Smudge|fun one\n|l| Slash Death\n","uploadtime":1696908324,"views":10,"p1id":"smudge","p2id":"guitarherovgc","formatid":"gen9nationaldexdoubles","rating":0,"private":0,"password":""}