{"id":"gen9nationaldexdoubles-1949686971","p1":"spjamwmd","p2":"wdlbb","format":"[Gen 9] National Dex Doubles","log":"|j|\u2606spjamwmd\n|j|\u2606wdlbb\n|t:|1695391532\n|gametype|doubles\n|player|p1|spjamwmd|170|1000\n|player|p2|wdlbb|caitlin|1078\n|teamsize|p1|6\n|teamsize|p2|6\n|gen|9\n|tier|[Gen 9] National Dex Doubles\n|rated|\n|rule|HP Percentage Mod: HP is shown in percentages\n|rule|Endless Battle Clause: Forcing endless battles is banned\n|rule|OHKO Clause: OHKO moves are banned\n|rule|Evasion Moves Clause: Evasion moves are banned\n|rule|Evasion Abilities Clause: Evasion abilities are banned\n|rule|Species Clause: Limit one of each Pok\u00e9mon\n|rule|Gravity Sleep Clause: The combination of sleep-inducing moves with imperfect accuracy and Gravity or Gigantamax Orbeetle are banned\n|clearpoke\n|poke|p1|Stonjourner, M|\n|poke|p1|Jirachi|\n|poke|p1|Weavile, M|\n|poke|p1|Alakazam, F|\n|poke|p1|Glimmora, M|\n|poke|p1|Shuckle, M|\n|poke|p2|Okidogi, M|\n|poke|p2|Munkidori, M|\n|poke|p2|Arcanine, F|\n|poke|p2|Amoonguss, F|\n|poke|p2|Empoleon, M|\n|poke|p2|Yanmega, M|\n|teampreview\n|inactive|Battle timer is ON: inactive players will automatically lose when time's up. (requested by spjamwmd)\n|inactive|wdlbb also wants the timer to be on.\n|inactive|spjamwmd no longer wants the timer on, but the timer is staying on because wdlbb still does.\n|\n|t:|1695391549\n|start\n|switch|p1a: Stonjourner|Stonjourner, M|100\/100\n|switch|p1b: Glimmora|Glimmora, M|100\/100\n|switch|p2a: Munkidori|Munkidori, M|100\/100\n|switch|p2b: Amoonguss|Amoonguss, F|100\/100\n|turn|1\n|\n|t:|1695391570\n|move|p1a: Stonjourner|Protect|p1a: Stonjourner\n|-singleturn|p1a: Stonjourner|Protect\n|move|p2a: Munkidori|Fake Out|p1b: Glimmora\n|-resisted|p1b: Glimmora\n|-damage|p1b: Glimmora|95\/100\n|-activate|p1b: Glimmora|ability: Toxic Debris\n|-sidestart|p2: wdlbb|move: Toxic Spikes\n|-damage|p2a: Munkidori|91\/100|[from] item: Life Orb\n|move|p2b: Amoonguss|Rage Powder|p2b: Amoonguss\n|-singleturn|p2b: Amoonguss|move: Rage Powder\n|cant|p1b: Glimmora|flinch\n|\n|upkeep\n|turn|2\n|\n|t:|1695391591\n|move|p2b: Amoonguss|Rage Powder|p2b: Amoonguss\n|-singleturn|p2b: Amoonguss|move: Rage Powder\n|move|p2a: Munkidori|Psychic|p1b: Glimmora\n|-supereffective|p1b: Glimmora\n|-damage|p1b: Glimmora|0 fnt\n|faint|p1b: Glimmora\n|-damage|p2a: Munkidori|81\/100|[from] item: Life Orb\n|move|p1a: Stonjourner|Body Press|p2b: Amoonguss\n|-resisted|p2b: Amoonguss\n|-damage|p2b: Amoonguss|88\/100\n|\n|-heal|p2b: Amoonguss|95\/100|[from] item: Black Sludge\n|upkeep\n|\n|t:|1695391602\n|switch|p1b: Shuckle|Shuckle, M|100\/100\n|turn|3\n|\n|t:|1695391616\n|move|p1a: Stonjourner|Protect|p1a: Stonjourner\n|-singleturn|p1a: Stonjourner|Protect\n|move|p2a: Munkidori|Psychic|p1a: Stonjourner\n|-activate|p1a: Stonjourner|move: Protect\n|move|p2b: Amoonguss|Spore|p1b: Shuckle\n|-status|p1b: Shuckle|slp|[from] move: Spore\n|cant|p1b: Shuckle|slp\n|\n|-heal|p2b: Amoonguss|100\/100|[from] item: Black Sludge\n|upkeep\n|turn|4\n|\n|t:|1695391630\n|switch|p1a: Jirachi|Jirachi|100\/100\n|move|p2a: Munkidori|Psychic|p1a: Jirachi\n|-resisted|p1a: Jirachi\n|-damage|p1a: Jirachi|91\/100\n|-damage|p2a: Munkidori|71\/100|[from] item: Life Orb\n|move|p2b: Amoonguss|Giga Drain|p1a: Jirachi\n|-resisted|p1a: Jirachi\n|-damage|p1a: Jirachi|84\/100\n|cant|p1b: Shuckle|slp\n|\n|-heal|p1a: Jirachi|90\/100|[from] item: Leftovers\n|upkeep\n|turn|5\n|\n|t:|1695391648\n|move|p2a: Munkidori|Protect|p2a: Munkidori\n|-singleturn|p2a: Munkidori|Protect\n|move|p1a: Jirachi|Amnesia|p1a: Jirachi\n|-boost|p1a: Jirachi|spd|2\n|move|p2b: Amoonguss|Spore|p1a: Jirachi\n|-status|p1a: Jirachi|slp|[from] move: Spore\n|cant|p1b: Shuckle|slp\n|\n|-heal|p1a: Jirachi|96\/100 slp|[from] item: Leftovers\n|upkeep\n|turn|6\n|\n|t:|1695391667\n|switch|p2b: Arcanine|Arcanine, F|100\/100\n|-status|p2b: Arcanine|psn\n|-ability|p2b: Arcanine|Intimidate|boost\n|-unboost|p1a: Jirachi|atk|1\n|-unboost|p1b: Shuckle|atk|1\n|move|p2a: Munkidori|Psychic|p1b: Shuckle\n|-damage|p1b: Shuckle|70\/100 slp\n|-damage|p2a: Munkidori|61\/100|[from] item: Life Orb\n|cant|p1a: Jirachi|slp\n|-curestatus|p1b: Shuckle|slp|[msg]\n|move|p1b: Shuckle|Knock Off|p2a: Munkidori\n|-supereffective|p2a: Munkidori\n|-damage|p2a: Munkidori|48\/100\n|-enditem|p2a: Munkidori|Life Orb|[from] move: Knock Off|[of] p1b: Shuckle\n|\n|-heal|p1a: Jirachi|100\/100 slp|[from] item: Leftovers\n|-damage|p2b: Arcanine|88\/100 psn|[from] psn\n|upkeep\n|turn|7\n|\n|t:|1695391689\n|move|p2a: Munkidori|Sludge Bomb|p1b: Shuckle\n|-resisted|p1b: Shuckle\n|-damage|p1b: Shuckle|57\/100\n|-status|p1b: Shuckle|psn\n|-curestatus|p1a: Jirachi|slp|[msg]\n|move|p1a: Jirachi|Amnesia|p1a: Jirachi\n|-boost|p1a: Jirachi|spd|2\n|move|p2b: Arcanine|Flare Blitz|p1a: Jirachi\n|-supereffective|p1a: Jirachi\n|-damage|p1a: Jirachi|7\/100\n|-damage|p2b: Arcanine|52\/100 psn|[from] Recoil\n|move|p1b: Shuckle|Sticky Web|p2a: Munkidori\n|-sidestart|p2: wdlbb|move: Sticky Web\n|\n|-heal|p1a: Jirachi|13\/100|[from] item: Leftovers\n|-damage|p2b: Arcanine|40\/100 psn|[from] psn\n|-damage|p1b: Shuckle|45\/100 psn|[from] psn\n|upkeep\n|-enditem|p1b: Shuckle|Iapapa Berry|[eat]\n|-heal|p1b: Shuckle|78\/100 psn|[from] item: Iapapa Berry\n|turn|8\n|\n|t:|1695391718\n|switch|p2a: Empoleon|Empoleon, M|100\/100\n|-activate|p2a: Empoleon|move: Sticky Web\n|-unboost|p2a: Empoleon|spe|1\n|-ability|p2a: Empoleon|Competitive|boost\n|-boost|p2a: Empoleon|spa|2\n|move|p1a: Jirachi|Baton Pass|p1a: Jirachi\n|\n|t:|1695391725\n|switch|p1a: Weavile|Weavile, M|100\/100|[from] Baton Pass\n|-ability|p1a: Weavile|Pressure\n|move|p2b: Arcanine|Morning Sun|p2b: Arcanine\n|-heal|p2b: Arcanine|89\/100 psn\n|move|p1b: Shuckle|Stealth Rock|p2b: Arcanine\n|-sidestart|p2: wdlbb|move: Stealth Rock\n|\n|-damage|p2b: Arcanine|77\/100 psn|[from] psn\n|-damage|p1b: Shuckle|66\/100 psn|[from] psn\n|upkeep\n|turn|9\n|inactive|spjamwmd has 120 seconds left.\n|\n|t:|1695391759\n|move|p1a: Weavile|Nasty Plot|p1a: Weavile\n|-boost|p1a: Weavile|spa|2\n|move|p2b: Arcanine|Flare Blitz|p1a: Weavile\n|-supereffective|p1a: Weavile\n|-damage|p1a: Weavile|0 fnt\n|faint|p1a: Weavile\n|-damage|p2b: Arcanine|50\/100 psn|[from] Recoil\n|move|p2a: Empoleon|Hydro Pump|p1b: Shuckle\n|-supereffective|p1b: Shuckle\n|-damage|p1b: Shuckle|0 fnt\n|faint|p1b: Shuckle\n|\n|-damage|p2b: Arcanine|38\/100 psn|[from] psn\n|upkeep\n|inactive|spjamwmd has 120 seconds left.\n|-message|spjamwmd forfeited.\n|\n|win|wdlbb\n|raw|spjamwmd's rating: 1000 &rarr; <strong>1000<\/strong><br \/>(+0 for losing)\n|raw|wdlbb's rating: 1078 &rarr; <strong>1100<\/strong><br \/>(+22 for winning)\n|l|\u2606spjamwmd\n","uploadtime":1695391781,"views":8,"p1id":"spjamwmd","p2id":"wdlbb","formatid":"gen9nationaldexdoubles","rating":1000,"private":0,"password":""}