{"id":"gen9nationaldexdoubles-1961135667","p1":"hugibear","p2":"nombre epico.jpg","format":"[Gen 9] National Dex Doubles","log":"|j|\u2606hugibear\n|j|\u2606nombre epico.jpg\n|t:|1696600553\n|gametype|doubles\n|player|p1|hugibear|steven|1218\n|player|p2|nombre epico.jpg|may-masters2|1315\n|teamsize|p1|6\n|teamsize|p2|6\n|gen|9\n|tier|[Gen 9] National Dex Doubles\n|rated|\n|rule|HP Percentage Mod: HP is shown in percentages\n|rule|Endless Battle Clause: Forcing endless battles is banned\n|rule|OHKO Clause: OHKO moves are banned\n|rule|Evasion Moves Clause: Evasion moves are banned\n|rule|Evasion Abilities Clause: Evasion abilities are banned\n|rule|Species Clause: Limit one of each Pok\u00e9mon\n|rule|Gravity Sleep Clause: The combination of sleep-inducing moves with imperfect accuracy and Gravity or Gigantamax Orbeetle are banned\n|clearpoke\n|poke|p1|Ogerpon, F|\n|poke|p1|Glimmora, M|\n|poke|p1|Ting-Lu|\n|poke|p1|Palafin, M|\n|poke|p1|Typhlosion-Hisui, M|\n|poke|p1|Scizor, M|\n|poke|p2|Weavile, F|\n|poke|p2|Ribombee, M|\n|poke|p2|Dragonite, M|\n|poke|p2|Gliscor, F|\n|poke|p2|Metagross|\n|poke|p2|Manaphy|\n|teampreview\n|\n|t:|1696600561\n|start\n|switch|p1a: Palafin|Palafin, M, shiny|100\/100\n|switch|p1b: Glimmora|Glimmora, M|100\/100\n|switch|p2a: Weavile|Weavile, F|100\/100\n|switch|p2b: Ribombee|Ribombee, M, shiny|100\/100\n|-ability|p2a: Weavile|Pressure\n|turn|1\n|\n|t:|1696600578\n|detailschange|p1a: Palafin|Palafin-Hero, M, shiny\n|switch|p1a: Scizor|Scizor, M|100\/100\n|move|p2a: Weavile|Triple Axel|p1a: Scizor|[miss]\n|-miss|p2a: Weavile|p1a: Scizor\n|move|p2b: Ribombee|Reflect|p2b: Ribombee\n|-sidestart|p2: nombre epico.jpg|Reflect\n|move|p1b: Glimmora|Stealth Rock|p2b: Ribombee\n|-sidestart|p2: nombre epico.jpg|move: Stealth Rock\n|\n|upkeep\n|turn|2\n|\n|t:|1696600596\n|detailschange|p1a: Scizor|Scizor-Mega, M\n|-mega|p1a: Scizor|Scizor|Scizorite\n|move|p1a: Scizor|Bullet Punch|p2a: Weavile\n|-supereffective|p2a: Weavile\n|-damage|p2a: Weavile|20\/100\n|move|p2a: Weavile|Swords Dance|p2a: Weavile\n|-boost|p2a: Weavile|atk|2\n|move|p2b: Ribombee|Sticky Web|p1b: Glimmora\n|-sidestart|p1: hugibear|move: Sticky Web\n|move|p1b: Glimmora|Sludge Bomb|p2b: Ribombee\n|-supereffective|p2b: Ribombee\n|-damage|p2b: Ribombee|0 fnt\n|faint|p2b: Ribombee\n|\n|upkeep\n|\n|t:|1696600613\n|switch|p2b: Gliscor|Gliscor, F, shiny|100\/100\n|-damage|p2b: Gliscor|88\/100|[from] Stealth Rock\n|turn|3\n|\n|t:|1696600628\n|move|p2a: Weavile|Ice Shard|p1b: Glimmora\n|-damage|p1b: Glimmora|48\/100\n|-activate|p1b: Glimmora|ability: Toxic Debris\n|-sidestart|p2: nombre epico.jpg|move: Toxic Spikes\n|move|p1a: Scizor|Bullet Punch|p2a: Weavile\n|-supereffective|p2a: Weavile\n|-damage|p2a: Weavile|0 fnt\n|faint|p2a: Weavile\n|move|p1b: Glimmora|Sludge Bomb|p2b: Gliscor\n|-resisted|p2b: Gliscor\n|-damage|p2b: Gliscor|61\/100\n|move|p2b: Gliscor|Earthquake|p1a: Scizor|[spread] p1a,p1b\n|-supereffective|p1b: Glimmora\n|-damage|p1a: Scizor|80\/100\n|-damage|p1b: Glimmora|0 fnt\n|-activate|p1b: Glimmora|ability: Toxic Debris\n|-sidestart|p2: nombre epico.jpg|move: Toxic Spikes\n|faint|p1b: Glimmora\n|\n|-status|p2b: Gliscor|tox|[from] item: Toxic Orb\n|upkeep\n|\n|t:|1696600649\n|switch|p2a: Manaphy|Manaphy, shiny|100\/100\n|switch|p1b: Typhlosion|Typhlosion-Hisui, M, shiny|100\/100\n|-activate|p1b: Typhlosion|move: Sticky Web\n|-unboost|p1b: Typhlosion|spe|1\n|-item|p2a: Manaphy|Sitrus Berry|[from] ability: Frisk|[of] p1b: Typhlosion|[identify]\n|-item|p2b: Gliscor|Toxic Orb|[from] ability: Frisk|[of] p1b: Typhlosion|[identify]\n|-damage|p2a: Manaphy|88\/100|[from] Stealth Rock\n|-status|p2a: Manaphy|tox\n|turn|4\n|\n|t:|1696600667\n|move|p2a: Manaphy|Scald|p1b: Typhlosion\n|-supereffective|p1b: Typhlosion\n|-damage|p1b: Typhlosion|0 fnt\n|faint|p1b: Typhlosion\n|move|p2b: Gliscor|Swords Dance|p2b: Gliscor\n|-boost|p2b: Gliscor|atk|2\n|move|p1a: Scizor|Trailblaze|p2b: Gliscor\n|-damage|p2b: Gliscor|43\/100 tox\n|-boost|p1a: Scizor|spe|1\n|\n|-damage|p2a: Manaphy|82\/100 tox|[from] psn\n|-heal|p2b: Gliscor|55\/100 tox|[from] ability: Poison Heal\n|upkeep\n|\n|t:|1696600679\n|switch|p1b: Palafin|Palafin-Hero, M, shiny|100\/100\n|-activate|p1b: Palafin|move: Sticky Web\n|-unboost|p1b: Palafin|spe|1\n|-activate|p1b: Palafin|ability: Zero to Hero\n|turn|5\n|\n|t:|1696600688\n|-terastallize|p1b: Palafin|Water\n|move|p2b: Gliscor|Protect|p2b: Gliscor\n|-singleturn|p2b: Gliscor|Protect\n|move|p1b: Palafin|Jet Punch|p2b: Gliscor\n|-activate|p2b: Gliscor|move: Protect\n|move|p1a: Scizor|Trailblaze|p2a: Manaphy\n|-supereffective|p2a: Manaphy\n|-crit|p2a: Manaphy\n|-damage|p2a: Manaphy|0 fnt\n|-boost|p1a: Scizor|spe|1\n|faint|p2a: Manaphy\n|\n|-heal|p2b: Gliscor|68\/100 tox|[from] ability: Poison Heal\n|upkeep\n|\n|t:|1696600704\n|switch|p2a: Metagross|Metagross, shiny|100\/100\n|-damage|p2a: Metagross|94\/100|[from] Stealth Rock\n|turn|6\n|\n|t:|1696600713\n|detailschange|p2a: Metagross|Metagross-Mega, shiny\n|-mega|p2a: Metagross|Metagross|Metagrossite\n|move|p1b: Palafin|Jet Punch|p2b: Gliscor\n|-supereffective|p2b: Gliscor\n|-damage|p2b: Gliscor|0 fnt\n|faint|p2b: Gliscor\n|move|p1a: Scizor|Bug Bite|p2a: Metagross\n|-damage|p2a: Metagross|68\/100\n|move|p2a: Metagross|Zen Headbutt|p1b: Palafin\n|-damage|p1b: Palafin|43\/100\n|\n|upkeep\n|\n|t:|1696600725\n|switch|p2b: Dragonite|Dragonite, M|100\/100\n|-damage|p2b: Dragonite|76\/100|[from] Stealth Rock\n|turn|7\n|\n|t:|1696600738\n|move|p2a: Metagross|Protect|p2a: Metagross\n|-singleturn|p2a: Metagross|Protect\n|move|p1b: Palafin|Jet Punch|p2a: Metagross\n|-activate|p2a: Metagross|move: Protect\n|move|p1a: Scizor|Bug Bite|p2a: Metagross\n|-activate|p2a: Metagross|move: Protect\n|move|p2b: Dragonite|Dual Wingbeat|p1b: Palafin\n|-damage|p1b: Palafin|22\/100\n|-damage|p1b: Palafin|0 fnt\n|faint|p1b: Palafin\n|-hitcount|p1: Palafin|2\n|\n|upkeep\n|\n|t:|1696600746\n|switch|p1b: Ting-Lu|Ting-Lu|100\/100\n|-activate|p1b: Ting-Lu|move: Sticky Web\n|-unboost|p1b: Ting-Lu|spe|1\n|-ability|p1b: Ting-Lu|Vessel of Ruin\n|turn|8\n|inactive|Battle timer is ON: inactive players will automatically lose when time's up. (requested by hugibear)\n|\n|t:|1696600763\n|move|p1a: Scizor|Bug Bite|p2a: Metagross\n|-damage|p2a: Metagross|43\/100\n|move|p2a: Metagross|Meteor Mash|p1b: Ting-Lu\n|-damage|p1b: Ting-Lu|65\/100\n|move|p2b: Dragonite|Dragon Dance|p2b: Dragonite\n|-boost|p2b: Dragonite|atk|1\n|-boost|p2b: Dragonite|spe|1\n|move|p1b: Ting-Lu|Stone Edge|p2b: Dragonite|[miss]\n|-miss|p1b: Ting-Lu|p2b: Dragonite\n|\n|-sideend|p2: nombre epico.jpg|Reflect\n|upkeep\n|turn|9\n|\n|t:|1696600780\n|move|p1a: Scizor|Bug Bite|p2a: Metagross\n|-damage|p2a: Metagross|4\/100\n|move|p2b: Dragonite|Dual Wingbeat|p1b: Ting-Lu\n|-damage|p1b: Ting-Lu|50\/100\n|-damage|p1b: Ting-Lu|33\/100\n|-hitcount|p1b: Ting-Lu|2\n|move|p2a: Metagross|Meteor Mash|p1b: Ting-Lu\n|-damage|p1b: Ting-Lu|0 fnt\n|faint|p1b: Ting-Lu\n|\n|upkeep\n|\n|t:|1696600789\n|switch|p1b: Ogerpon|Ogerpon, F|100\/100\n|-activate|p1b: Ogerpon|move: Sticky Web\n|-unboost|p1b: Ogerpon|spe|1\n|-ability|p1b: Ogerpon|Defiant|boost\n|-boost|p1b: Ogerpon|atk|2\n|turn|10\n|\n|t:|1696600802\n|move|p2a: Metagross|Protect|p2a: Metagross\n|-singleturn|p2a: Metagross|Protect\n|move|p1a: Scizor|Bug Bite|p2a: Metagross\n|-activate|p2a: Metagross|move: Protect\n|move|p2b: Dragonite|Dual Wingbeat|p1b: Ogerpon\n|-supereffective|p1b: Ogerpon\n|-damage|p1b: Ogerpon|22\/100\n|-supereffective|p1b: Ogerpon\n|-damage|p1b: Ogerpon|0 fnt\n|faint|p1b: Ogerpon\n|-hitcount|p1: Ogerpon|2\n|\n|upkeep\n|turn|11\n|\n|t:|1696600821\n|move|p1a: Scizor|Bug Bite|p2a: Metagross\n|-damage|p2a: Metagross|0 fnt\n|faint|p2a: Metagross\n|move|p2b: Dragonite|Dual Wingbeat|p1a: Scizor\n|-damage|p1a: Scizor|56\/100\n|-crit|p1a: Scizor\n|-damage|p1a: Scizor|23\/100\n|-hitcount|p1a: Scizor|2\n|\n|upkeep\n|turn|12\n|\n|t:|1696600830\n|move|p1a: Scizor|Dual Wingbeat|p2b: Dragonite\n|-damage|p2b: Dragonite|49\/100\n|-damage|p2b: Dragonite|23\/100\n|-hitcount|p2b: Dragonite|2\n|move|p2b: Dragonite|Dual Wingbeat|p1a: Scizor\n|-crit|p1a: Scizor\n|-damage|p1a: Scizor|0 fnt\n|faint|p1a: Scizor\n|-hitcount|p1: Scizor|1\n|\n|win|nombre epico.jpg\n|raw|hugibear's rating: 1218 &rarr; <strong>1200<\/strong><br \/>(-18 for losing)\n|raw|nombre epico.jpg's rating: 1315 &rarr; <strong>1330<\/strong><br \/>(+15 for winning)\n|l|\u2606hugibear\n","uploadtime":1696600848,"views":11,"p1id":"hugibear","p2id":"nombreepicojpg","formatid":"gen9nationaldexdoubles","rating":1200,"private":0,"password":""}