{"id":"gen9nationaldexdoubles-1991616971","p1":"Gust_237","p2":"YellowCalico","format":"[Gen 9] National Dex Doubles","log":"|j|\u2606Gust_237\n|j|\u2606YellowCalico\n|t:|1700094688\n|gametype|doubles\n|player|p1|Gust_237|nate|1072\n|player|p2|YellowCalico|scientistf|1134\n|teamsize|p1|6\n|teamsize|p2|6\n|gen|9\n|tier|[Gen 9] National Dex Doubles\n|rated|\n|rule|HP Percentage Mod: HP is shown in percentages\n|rule|Endless Battle Clause: Forcing endless battles is banned\n|rule|OHKO Clause: OHKO moves are banned\n|rule|Evasion Moves Clause: Evasion moves are banned\n|rule|Evasion Abilities Clause: Evasion abilities are banned\n|rule|Species Clause: Limit one of each Pok\u00e9mon\n|rule|Gravity Sleep Clause: The combination of sleep-inducing moves with imperfect accuracy and Gravity or Gigantamax Orbeetle are banned\n|clearpoke\n|poke|p1|Tyranitar, M|\n|poke|p1|Crobat, M|\n|poke|p1|Gardevoir, F|\n|poke|p1|Charizard, M|\n|poke|p1|Clawitzer, M|\n|poke|p1|Eelektross, F|\n|poke|p2|Lilligant-Hisui, F|\n|poke|p2|Gardevoir, F|\n|poke|p2|Oricorio, F|\n|poke|p2|Hatterene, F|\n|poke|p2|Tsareena, F|\n|poke|p2|Salazzle, F|\n|teampreview\n|inactive|Battle timer is ON: inactive players will automatically lose when time's up. (requested by Gust_237)\n|\n|t:|1700094703\n|start\n|switch|p1a: Tyranitar|Tyranitar, M|100\/100\n|switch|p1b: Crobat|Crobat, M|100\/100\n|switch|p2a: Salazzle|Salazzle, F|100\/100\n|switch|p2b: Hatterene|Hatterene, F|100\/100\n|-weather|Sandstorm|[from] ability: Sand Stream|[of] p1a: Tyranitar\n|turn|1\n|\n|t:|1700094727\n|detailschange|p1a: Tyranitar|Tyranitar-Mega, M\n|-mega|p1a: Tyranitar|Tyranitar|Tyranitarite\n|move|p2a: Salazzle|Fake Out|p1a: Tyranitar\n|-resisted|p1a: Tyranitar\n|-damage|p1a: Tyranitar|98\/100\n|move|p1b: Crobat|Tailwind|p1b: Crobat\n|-sidestart|p1: Gust_237|move: Tailwind\n|cant|p1a: Tyranitar|flinch\n|move|p2b: Hatterene|Nuzzle|p1b: Crobat\n|-supereffective|p1b: Crobat\n|-damage|p1b: Crobat|89\/100\n|-status|p1b: Crobat|par\n|\n|-weather|Sandstorm|[upkeep]\n|-damage|p2a: Salazzle|94\/100|[from] Sandstorm\n|-damage|p2b: Hatterene|95\/100|[from] Sandstorm\n|-heal|p2b: Hatterene|100\/100|[from] item: Leftovers\n|upkeep\n|turn|2\n|inactive|Gust_237 has 120 seconds left.\n|\n|t:|1700094758\n|move|p1a: Tyranitar|Earthquake|p2b: Hatterene|[spread] p2a,p2b\n|-immune|p1b: Crobat\n|-supereffective|p2a: Salazzle\n|-damage|p2a: Salazzle|0 fnt\n|-damage|p2b: Hatterene|62\/100\n|faint|p2a: Salazzle\n|move|p1b: Crobat|Cross Poison|p2b: Hatterene\n|-supereffective|p2b: Hatterene\n|-damage|p2b: Hatterene|0 fnt\n|faint|p2b: Hatterene\n|\n|-weather|Sandstorm|[upkeep]\n|upkeep\n|inactive|YellowCalico has 120 seconds left.\n|\n|t:|1700094781\n|switch|p2a: Lilligant|Lilligant-Hisui, F, shiny|100\/100\n|switch|p2b: Gardevoir|Gardevoir, F, shiny|100\/100\n|turn|3\n|inactive|YellowCalico has 120 seconds left.\n|\n|t:|1700094807\n|detailschange|p2b: Gardevoir|Gardevoir-Mega, F, shiny\n|-mega|p2b: Gardevoir|Gardevoir|Gardevoirite\n|move|p1a: Tyranitar|Protect|p1a: Tyranitar\n|-singleturn|p1a: Tyranitar|Protect\n|cant|p1b: Crobat|par\n|move|p2a: Lilligant|Axe Kick|p1a: Tyranitar\n|-activate|p1a: Tyranitar|move: Protect\n|-damage|p2a: Lilligant|51\/100|[from] highjumpkick\n|move|p2b: Gardevoir|Psychic|p1b: Crobat\n|-supereffective|p1b: Crobat\n|-damage|p1b: Crobat|0 fnt\n|faint|p1b: Crobat\n|\n|-weather|Sandstorm|[upkeep]\n|-damage|p2a: Lilligant|45\/100|[from] Sandstorm\n|-damage|p2b: Gardevoir|94\/100|[from] Sandstorm\n|upkeep\n|\n|t:|1700094827\n|switch|p1b: Charizard|Charizard, M|100\/100\n|turn|4\n|\n|t:|1700094846\n|switch|p1a: Eelektross|Eelektross, F|100\/100\n|move|p1b: Charizard|Dual Wingbeat|p2a: Lilligant\n|-supereffective|p2a: Lilligant\n|-damage|p2a: Lilligant|0 fnt\n|faint|p2a: Lilligant\n|-hitcount|p2: Lilligant|1\n|move|p2b: Gardevoir|Hyper Voice|p1a: Eelektross|[spread] p1a,p1b\n|-resisted|p1b: Charizard\n|-damage|p1a: Eelektross|36\/100\n|-damage|p1b: Charizard|70\/100\n|\n|-weather|Sandstorm|[upkeep]\n|-damage|p1b: Charizard|64\/100|[from] Sandstorm\n|-damage|p1a: Eelektross|30\/100|[from] Sandstorm\n|-damage|p2b: Gardevoir|88\/100|[from] Sandstorm\n|-sideend|p1: Gust_237|move: Tailwind\n|upkeep\n|\n|t:|1700094862\n|switch|p2a: Oricorio|Oricorio, F|100\/100\n|turn|5\n|\n|t:|1700094891\n|-terastallize|p1b: Charizard|Steel\n|move|p1b: Charizard|Flare Blitz|p2b: Gardevoir\n|-damage|p2b: Gardevoir|0 fnt\n|faint|p2b: Gardevoir\n|-damage|p1b: Charizard|37\/100|[from] Recoil\n|move|p2a: Oricorio|Return|p1b: Charizard\n|-resisted|p1b: Charizard\n|-damage|p1b: Charizard|20\/100\n|move|p1a: Eelektross|Thunder Wave|p2a: Oricorio\n|-status|p2a: Oricorio|par\n|\n|-weather|none\n|upkeep\n|-message|YellowCalico forfeited.\n|\n|win|Gust_237\n|raw|Gust_237's rating: 1072 &rarr; <strong>1106<\/strong><br \/>(+34 for winning)\n|raw|YellowCalico's rating: 1134 &rarr; <strong>1105<\/strong><br \/>(-29 for losing)\n|l|\u2606YellowCalico\n","uploadtime":1700094917,"views":8,"p1id":"gust237","p2id":"yellowcalico","formatid":"gen9nationaldexdoubles","rating":1105,"private":0,"password":""}