{"id":"gen9nationaldexdoubles-1974243255","p1":"MeloettaMadness","p2":"AdvancedDigit","format":"[Gen 9] National Dex Doubles","log":"|j|\u2606MeloettaMadness\n|j|\u2606AdvancedDigit\n|t:|1698071443\n|gametype|doubles\n|player|p1|MeloettaMadness|clown|1146\n|player|p2|AdvancedDigit|hilbert|1328\n|teamsize|p1|6\n|teamsize|p2|6\n|gen|9\n|tier|[Gen 9] National Dex Doubles\n|rated|\n|rule|HP Percentage Mod: HP is shown in percentages\n|rule|Endless Battle Clause: Forcing endless battles is banned\n|rule|OHKO Clause: OHKO moves are banned\n|rule|Evasion Moves Clause: Evasion moves are banned\n|rule|Evasion Abilities Clause: Evasion abilities are banned\n|rule|Species Clause: Limit one of each Pok\u00e9mon\n|rule|Gravity Sleep Clause: The combination of sleep-inducing moves with imperfect accuracy and Gravity or Gigantamax Orbeetle are banned\n|clearpoke\n|poke|p1|Feraligatr, M|\n|poke|p1|Tornadus-Therian, M|\n|poke|p1|Iron Hands|\n|poke|p1|Thundurus, M|\n|poke|p1|Smeargle, M|\n|poke|p1|Mienshao, M|\n|poke|p2|Lilligant-Hisui, F|\n|poke|p2|Tornadus, M|\n|poke|p2|Malamar, F|\n|poke|p2|Gothitelle, F|\n|poke|p2|Charizard, F|\n|poke|p2|Garchomp, F|\n|teampreview\n|inactive|Battle timer is ON: inactive players will automatically lose when time's up. (requested by MeloettaMadness)\n|\n|t:|1698071463\n|start\n|switch|p1a: Tornadus|Tornadus-Therian, M, shiny|100\/100\n|switch|p1b: Iron Hands|Iron Hands, shiny|100\/100\n|switch|p2a: Tornadus|Tornadus, M|100\/100\n|switch|p2b: Malamar|Malamar, F|100\/100\n|turn|1\n|\n|t:|1698071475\n|move|p1b: Iron Hands|Fake Out|p2b: Malamar\n|-damage|p2b: Malamar|83\/100\n|move|p2a: Tornadus|Defog|p2b: Malamar\n|-boost|p2b: Malamar|evasion|1\n|move|p1a: Tornadus|Tailwind|p1a: Tornadus\n|-sidestart|p1: MeloettaMadness|move: Tailwind\n|cant|p2b: Malamar|flinch\n|\n|-heal|p2b: Malamar|90\/100|[from] item: Leftovers\n|upkeep\n|turn|2\n|\n|t:|1698071492\n|move|p2a: Tornadus|Defog|p2b: Malamar\n|-boost|p2b: Malamar|evasion|1\n|move|p1a: Tornadus|U-turn|p2b: Malamar\n|-supereffective|p2b: Malamar\n|-damage|p2b: Malamar|34\/100\n|\n|t:|1698071507\n|switch|p1a: Thundurus|Thundurus, M, shiny|100\/100|[from] U-turn\n|move|p1b: Iron Hands|Thunder Punch|p2a: Tornadus\n|-supereffective|p2a: Tornadus\n|-damage|p2a: Tornadus|0 fnt\n|faint|p2a: Tornadus\n|move|p2b: Malamar|Rock Slide|p1b: Iron Hands|[spread] p1a,p1b\n|-supereffective|p1a: Thundurus\n|-resisted|p1b: Iron Hands\n|-damage|p1a: Thundurus|48\/100\n|-damage|p1b: Iron Hands|95\/100\n|\n|-heal|p2b: Malamar|40\/100|[from] item: Leftovers\n|upkeep\n|\n|t:|1698071517\n|switch|p2a: Gothitelle|Gothitelle, F|100\/100\n|turn|3\n|\n|t:|1698071535\n|move|p2a: Gothitelle|Fake Out|p1b: Iron Hands\n|-damage|p1b: Iron Hands|91\/100\n|move|p1a: Thundurus|Electric Terrain|p1a: Thundurus\n|-fieldstart|move: Electric Terrain\n|-activate|p1b: Iron Hands|ability: Quark Drive\n|-start|p1b: Iron Hands|quarkdriveatk\n|cant|p1b: Iron Hands|flinch\n|move|p2b: Malamar|Rock Slide|p1a: Thundurus|[spread] p1b\n|-miss|p2b: Malamar|p1a: Thundurus\n|-resisted|p1b: Iron Hands\n|-damage|p1b: Iron Hands|85\/100\n|\n|-heal|p2b: Malamar|47\/100|[from] item: Leftovers\n|upkeep\n|turn|4\n|\n|t:|1698071548\n|move|p1a: Thundurus|Rain Dance|p1a: Thundurus\n|-weather|RainDance\n|move|p1b: Iron Hands|Earthquake|p2b: Malamar|[spread] p2a\n|-immune|p1a: Thundurus\n|-miss|p1b: Iron Hands|p2b: Malamar\n|-damage|p2a: Gothitelle|61\/100\n|move|p2b: Malamar|Rock Slide|p1a: Thundurus|[spread] p1a,p1b\n|-supereffective|p1a: Thundurus\n|-resisted|p1b: Iron Hands\n|-damage|p1a: Thundurus|0 fnt\n|-damage|p1b: Iron Hands|78\/100\n|faint|p1a: Thundurus\n|move|p2a: Gothitelle|Toxic|p1b: Iron Hands\n|-status|p1b: Iron Hands|tox\n|\n|-weather|RainDance|[upkeep]\n|-heal|p2b: Malamar|53\/100|[from] item: Leftovers\n|-heal|p2a: Gothitelle|67\/100|[from] item: Leftovers\n|-damage|p1b: Iron Hands|72\/100 tox|[from] psn\n|-sideend|p1: MeloettaMadness|move: Tailwind\n|upkeep\n|\n|t:|1698071556\n|switch|p1a: Smeargle|Smeargle, M, shiny|100\/100\n|turn|5\n|\n|t:|1698071572\n|move|p1a: Smeargle|Lunar Blessing|p1a: Smeargle|[spread] p1a,p1b\n|-heal|p1b: Iron Hands|97\/100 tox\n|-curestatus|p1b: Iron Hands|tox|[msg]\n|move|p2b: Malamar|Superpower|p1a: Smeargle\n|-supereffective|p1a: Smeargle\n|-enditem|p1a: Smeargle|Focus Sash\n|-damage|p1a: Smeargle|1\/100\n|-boost|p2b: Malamar|atk|1\n|-boost|p2b: Malamar|def|1\n|move|p2a: Gothitelle|Substitute|p2a: Gothitelle\n|-start|p2a: Gothitelle|Substitute\n|-damage|p2a: Gothitelle|42\/100\n|move|p1b: Iron Hands|Thunder Punch|p2b: Malamar|[miss]\n|-miss|p1b: Iron Hands|p2b: Malamar\n|\n|-weather|RainDance|[upkeep]\n|-heal|p2b: Malamar|59\/100|[from] item: Leftovers\n|-heal|p2a: Gothitelle|49\/100|[from] item: Leftovers\n|-ability|p1a: Smeargle|Moody|boost\n|-boost|p1a: Smeargle|spe|2\n|-unboost|p1a: Smeargle|atk|1\n|upkeep\n|turn|6\n|\n|t:|1698071595\n|move|p1a: Smeargle|Lovely Kiss|p2b: Malamar\n|-activate|p2b: Malamar|move: Electric Terrain\n|move|p2b: Malamar|Superpower|p1a: Smeargle\n|-supereffective|p1a: Smeargle\n|-damage|p1a: Smeargle|0 fnt\n|-boost|p2b: Malamar|atk|1\n|-boost|p2b: Malamar|def|1\n|faint|p1a: Smeargle\n|move|p2a: Gothitelle|Toxic|p1b: Iron Hands|[miss]\n|-miss|p2a: Gothitelle|p1b: Iron Hands\n|move|p1b: Iron Hands|Thunder Punch|p2a: Gothitelle\n|-end|p2a: Gothitelle|Substitute\n|\n|-weather|RainDance|[upkeep]\n|-heal|p2b: Malamar|65\/100|[from] item: Leftovers\n|-heal|p2a: Gothitelle|55\/100|[from] item: Leftovers\n|upkeep\n|-message|MeloettaMadness forfeited.\n|\n|win|AdvancedDigit\n|raw|MeloettaMadness's rating: 1146 &rarr; <strong>1133<\/strong><br \/>(-13 for losing)\n|raw|AdvancedDigit's rating: 1328 &rarr; <strong>1338<\/strong><br \/>(+10 for winning)\n|l|\u2606MeloettaMadness\n","uploadtime":1698071606,"views":4,"p1id":"meloettamadness","p2id":"advanceddigit","formatid":"gen9nationaldexdoubles","rating":1133,"private":0,"password":""}