{"id":"gen9nationaldexdoubles-1989570118","p1":"magicalarcher57","p2":"jin2jin","format":"[Gen 9] National Dex Doubles","log":"|j|\u2606magicalarcher57\n|j|\u2606jin2jin\n|t:|1699872872\n|gametype|doubles\n|player|p1|magicalarcher57|cynthia-gen4|1000\n|player|p2|jin2jin|rosa|1116\n|teamsize|p1|6\n|teamsize|p2|6\n|gen|9\n|tier|[Gen 9] National Dex Doubles\n|rated|\n|rule|HP Percentage Mod: HP is shown in percentages\n|rule|Endless Battle Clause: Forcing endless battles is banned\n|rule|OHKO Clause: OHKO moves are banned\n|rule|Evasion Moves Clause: Evasion moves are banned\n|rule|Evasion Abilities Clause: Evasion abilities are banned\n|rule|Species Clause: Limit one of each Pok\u00e9mon\n|rule|Gravity Sleep Clause: The combination of sleep-inducing moves with imperfect accuracy and Gravity or Gigantamax Orbeetle are banned\n|clearpoke\n|poke|p1|Golurk|\n|poke|p1|Reuniclus, M|\n|poke|p1|Ting-Lu|\n|poke|p1|Incineroar, M|\n|poke|p1|Dusclops, M|\n|poke|p1|Iron Hands|\n|poke|p2|Torkoal, F|\n|poke|p2|Whimsicott, F|\n|poke|p2|Venusaur, F|\n|poke|p2|Walking Wake|\n|poke|p2|Excadrill, F|\n|poke|p2|Charizard, F|\n|teampreview\n|\n|t:|1699872910\n|start\n|switch|p1a: Reuniclus|Reuniclus, M|100\/100\n|switch|p1b: Golurk|Golurk|100\/100\n|switch|p2a: Torkoal|Torkoal, F, shiny|100\/100\n|switch|p2b: Venusaur|Venusaur, F, shiny|100\/100\n|-weather|SunnyDay|[from] ability: Drought|[of] p2a: Torkoal\n|turn|1\n|\n|t:|1699872920\n|move|p2b: Venusaur|Sleep Powder|p1a: Reuniclus\n|-status|p1a: Reuniclus|slp|[from] move: Sleep Powder\n|move|p1b: Golurk|Rock Slide|p2a: Torkoal|[spread] p2a,p2b\n|-supereffective|p2a: Torkoal\n|-damage|p2a: Torkoal|59\/100\n|-damage|p2b: Venusaur|67\/100\n|-damage|p1b: Golurk|91\/100|[from] item: Life Orb\n|cant|p2a: Torkoal|flinch\n|cant|p1a: Reuniclus|slp\n|\n|-weather|SunnyDay|[upkeep]\n|upkeep\n|turn|2\n|\n|t:|1699872934\n|move|p2b: Venusaur|Sleep Powder|p1b: Golurk\n|-status|p1b: Golurk|slp|[from] move: Sleep Powder\n|cant|p1b: Golurk|slp\n|move|p2a: Torkoal|Heat Wave|p1a: Reuniclus|[spread] p1a,p1b\n|-damage|p1a: Reuniclus|62\/100 slp\n|-damage|p1b: Golurk|46\/100 slp\n|cant|p1a: Reuniclus|slp\n|\n|-weather|SunnyDay|[upkeep]\n|-heal|p1a: Reuniclus|68\/100 slp|[from] item: Leftovers\n|upkeep\n|turn|3\n|\n|t:|1699872944\n|move|p2b: Venusaur|Weather Ball|p1a: Reuniclus\n|-damage|p1a: Reuniclus|34\/100 slp\n|cant|p1b: Golurk|slp\n|move|p2a: Torkoal|Heat Wave|p1b: Golurk|[spread] p1a,p1b\n|-damage|p1a: Reuniclus|0 fnt\n|-damage|p1b: Golurk|0 fnt\n|faint|p1a: Reuniclus\n|faint|p1b: Golurk\n|\n|-weather|SunnyDay|[upkeep]\n|upkeep\n|\n|t:|1699872953\n|switch|p1b: Iron Hands|Iron Hands|100\/100\n|switch|p1a: Dusclops|Dusclops, M|100\/100\n|-ability|p1a: Dusclops|Pressure\n|-enditem|p1b: Iron Hands|Booster Energy\n|-activate|p1b: Iron Hands|ability: Quark Drive|[fromitem]\n|-start|p1b: Iron Hands|quarkdriveatk\n|turn|4\n|\n|t:|1699872958\n|move|p2a: Torkoal|Protect|p2a: Torkoal\n|-singleturn|p2a: Torkoal|Protect\n|move|p1b: Iron Hands|Fake Out|p2b: Venusaur\n|-damage|p2b: Venusaur|44\/100\n|move|p2b: Venusaur|Sleep Powder|p1a: Dusclops\n|-status|p1a: Dusclops|slp|[from] move: Sleep Powder\n|cant|p1a: Dusclops|slp\n|\n|-weather|SunnyDay|[upkeep]\n|upkeep\n|turn|5\n|c|\u2606magicalarcher57|wait\n|c|\u2606magicalarcher57|covert cloak\n|c|\u2606magicalarcher57|!!!\n|\n|t:|1699872976\n|move|p2b: Venusaur|Sleep Powder|p1b: Iron Hands|[miss]\n|-miss|p2b: Venusaur|p1b: Iron Hands\n|move|p1b: Iron Hands|Drain Punch|p2a: Torkoal\n|-damage|p2a: Torkoal|21\/100\n|move|p2a: Torkoal|Heat Wave|p1a: Dusclops|[spread] p1a,p1b\n|-damage|p1a: Dusclops|58\/100 slp\n|-damage|p1b: Iron Hands|64\/100\n|cant|p1a: Dusclops|slp\n|\n|-weather|SunnyDay|[upkeep]\n|upkeep\n|turn|6\n|-message|magicalarcher57 forfeited.\n|\n|win|jin2jin\n|raw|magicalarcher57's rating: 1000 &rarr; <strong>1000<\/strong><br \/>(+0 for losing)\n|raw|jin2jin's rating: 1116 &rarr; <strong>1133<\/strong><br \/>(+17 for winning)\n|l|\u2606magicalarcher57\n","uploadtime":1699872995,"views":11,"p1id":"magicalarcher57","p2id":"jin2jin","formatid":"gen9nationaldexdoubles","rating":1000,"private":0,"password":""}