{"id":"gen9nationaldexdoubles-1993950890","p1":"jin2jin","p2":"Atlost","format":"[Gen 9] National Dex Doubles","log":"|j|\u2606jin2jin\n|j|\u2606Atlost\n|t:|1700381386\n|gametype|doubles\n|player|p1|jin2jin|rosa|1431\n|player|p2|Atlost|169|1210\n|teamsize|p1|6\n|teamsize|p2|6\n|gen|9\n|tier|[Gen 9] National Dex Doubles\n|rated|\n|rule|HP Percentage Mod: HP is shown in percentages\n|rule|Endless Battle Clause: Forcing endless battles is banned\n|rule|OHKO Clause: OHKO moves are banned\n|rule|Evasion Moves Clause: Evasion moves are banned\n|rule|Evasion Abilities Clause: Evasion abilities are banned\n|rule|Species Clause: Limit one of each Pok\u00e9mon\n|rule|Gravity Sleep Clause: The combination of sleep-inducing moves with imperfect accuracy and Gravity or Gigantamax Orbeetle are banned\n|clearpoke\n|poke|p1|Torkoal, F|\n|poke|p1|Whimsicott, F|\n|poke|p1|Venusaur, F|\n|poke|p1|Walking Wake|\n|poke|p1|Excadrill, F|\n|poke|p1|Charizard, F|\n|poke|p2|Ogerpon-Wellspring, F|\n|poke|p2|Pelipper, M|\n|poke|p2|Swampert, F|\n|poke|p2|Urshifu-*, F|\n|poke|p2|Ludicolo, M|\n|poke|p2|Cresselia, F|\n|teampreview\n|\n|t:|1700381416\n|start\n|switch|p1a: Whimsicott|Whimsicott, F, shiny|100\/100\n|switch|p1b: Venusaur|Venusaur, F, shiny|100\/100\n|switch|p2a: Urshifu|Urshifu-Rapid-Strike, F|100\/100\n|switch|p2b: Ogerpon|Ogerpon-Wellspring, F|100\/100\n|turn|1\n|inactive|Battle timer is ON: inactive players will automatically lose when time's up. (requested by jin2jin)\n|\n|t:|1700381461\n|move|p2b: Ogerpon|Follow Me|p2b: Ogerpon\n|-singleturn|p2b: Ogerpon|move: Follow Me\n|move|p1a: Whimsicott|Sunny Day|p1a: Whimsicott\n|-weather|SunnyDay\n|move|p1b: Venusaur|Giga Drain|p2b: Ogerpon\n|-damage|p2b: Ogerpon|68\/100\n|move|p2a: Urshifu|Acrobatics|p1b: Venusaur\n|-supereffective|p1b: Venusaur\n|-damage|p1b: Venusaur|51\/100\n|\n|-weather|SunnyDay|[upkeep]\n|upkeep\n|turn|2\n|\n|t:|1700381484\n|move|p2b: Ogerpon|Follow Me|p2b: Ogerpon\n|-singleturn|p2b: Ogerpon|move: Follow Me\n|move|p1b: Venusaur|Giga Drain|p2b: Ogerpon\n|-damage|p2b: Ogerpon|35\/100\n|-heal|p1b: Venusaur|70\/100|[from] drain|[of] p2b: Ogerpon\n|move|p1a: Whimsicott|Moonblast|p2b: Ogerpon\n|-damage|p2b: Ogerpon|1\/100\n|move|p2a: Urshifu|Acrobatics|p1b: Venusaur\n|-supereffective|p1b: Venusaur\n|-damage|p1b: Venusaur|15\/100\n|\n|-weather|SunnyDay|[upkeep]\n|upkeep\n|turn|3\n|inactive|jin2jin has 120 seconds left.\n|\n|t:|1700381515\n|switch|p1b: Excadrill|Excadrill, F, shiny|100\/100\n|-ability|p1b: Excadrill|Mold Breaker\n|move|p2b: Ogerpon|Follow Me|p2b: Ogerpon\n|-singleturn|p2b: Ogerpon|move: Follow Me\n|move|p1a: Whimsicott|Moonblast|p2b: Ogerpon\n|-damage|p2b: Ogerpon|0 fnt\n|faint|p2b: Ogerpon\n|move|p2a: Urshifu|Acrobatics|p1b: Excadrill\n|-resisted|p1b: Excadrill\n|-damage|p1b: Excadrill|85\/100\n|\n|-weather|SunnyDay|[upkeep]\n|upkeep\n|inactive|Atlost has 120 seconds left.\n|\n|t:|1700381537\n|switch|p2b: Pelipper|Pelipper, M|100\/100\n|-weather|RainDance|[from] ability: Drizzle|[of] p2b: Pelipper\n|turn|4\n|\n|t:|1700381545\n|move|p1a: Whimsicott|Tailwind|p1a: Whimsicott\n|-sidestart|p1: jin2jin|move: Tailwind\n|move|p1b: Excadrill|High Horsepower|p2a: Urshifu\n|-damage|p2a: Urshifu|43\/100\n|move|p2a: Urshifu|Surging Strikes|p1b: Excadrill\n|-supereffective|p1b: Excadrill\n|-crit|p1b: Excadrill\n|-damage|p1b: Excadrill|0 fnt\n|faint|p1b: Excadrill\n|-hitcount|p1: Excadrill|1\n|move|p2b: Pelipper|Hurricane|p1a: Whimsicott\n|-supereffective|p1a: Whimsicott\n|-enditem|p1a: Whimsicott|Focus Sash\n|-damage|p1a: Whimsicott|1\/100\n|-start|p1a: Whimsicott|confusion\n|\n|-weather|RainDance|[upkeep]\n|upkeep\n|\n|t:|1700381552\n|switch|p1b: Venusaur|Venusaur, F, shiny|15\/100\n|turn|5\n|\n|t:|1700381572\n|switch|p1a: Torkoal|Torkoal, F, shiny|100\/100\n|-weather|SunnyDay|[from] ability: Drought|[of] p1a: Torkoal\n|move|p2a: Urshifu|Detect|p2a: Urshifu\n|-singleturn|p2a: Urshifu|Protect\n|move|p1b: Venusaur|Giga Drain|p2a: Urshifu\n|-activate|p2a: Urshifu|move: Protect\n|move|p2b: Pelipper|U-turn|p1b: Venusaur\n|-damage|p1b: Venusaur|5\/100\n|inactive|Atlost has 120 seconds left.\n|\n|t:|1700381605\n|switch|p2b: Ludicolo|Ludicolo, M|100\/100|[from] U-turn\n|\n|-weather|SunnyDay|[upkeep]\n|upkeep\n|turn|6\n|\n|t:|1700381613\n|switch|p2a: Pelipper|Pelipper, M|100\/100\n|-weather|RainDance|[from] ability: Drizzle|[of] p2a: Pelipper\n|switch|p1a: Whimsicott|Whimsicott, F, shiny|1\/100\n|move|p2b: Ludicolo|Fake Out|p1b: Venusaur\n|-damage|p1b: Venusaur|0 fnt\n|faint|p1b: Venusaur\n|\n|-weather|RainDance|[upkeep]\n|upkeep\n|\n|t:|1700381619\n|switch|p1b: Charizard|Charizard, F, shiny|100\/100\n|turn|7\n|\n|t:|1700381657\n|move|p1a: Whimsicott|Sunny Day|p1a: Whimsicott\n|-weather|SunnyDay\n|move|p1b: Charizard|Heat Wave|p2b: Ludicolo|[spread] p2a,p2b\n|-resisted|p2a: Pelipper\n|-damage|p2a: Pelipper|52\/100\n|-damage|p2b: Ludicolo|0 fnt\n|-status|p2a: Pelipper|brn\n|faint|p2b: Ludicolo\n|-damage|p1b: Charizard|91\/100|[from] item: Life Orb\n|move|p2a: Pelipper|U-turn|p2: Ludicolo|[notarget]\n|-fail|p2a: Pelipper\n|\n|-weather|SunnyDay|[upkeep]\n|-damage|p1b: Charizard|78\/100|[from] ability: Solar Power|[of] p1b: Charizard\n|-damage|p2a: Pelipper|46\/100 brn|[from] brn\n|-sideend|p1: jin2jin|move: Tailwind\n|upkeep\n|inactive|Atlost has 120 seconds left.\n|\n|t:|1700381675\n|switch|p2b: Swampert|Swampert, F|100\/100\n|turn|8\n|\n|t:|1700381691\n|switch|p2a: Cresselia|Cresselia, F|100\/100\n|detailschange|p2b: Swampert|Swampert-Mega, F\n|-mega|p2b: Swampert|Swampert|Swampertite\n|move|p2b: Swampert|Protect|p2b: Swampert\n|-singleturn|p2b: Swampert|Protect\n|move|p1a: Whimsicott|Tailwind|p1a: Whimsicott\n|-sidestart|p1: jin2jin|move: Tailwind\n|move|p1b: Charizard|Heat Wave|p2a: Cresselia|[spread] p2a\n|-activate|p2b: Swampert|move: Protect\n|-damage|p2a: Cresselia|46\/100\n|-damage|p1b: Charizard|69\/100|[from] item: Life Orb\n|\n|-weather|SunnyDay|[upkeep]\n|-damage|p1b: Charizard|56\/100|[from] ability: Solar Power|[of] p1b: Charizard\n|upkeep\n|turn|9\n|\n|t:|1700381716\n|switch|p2a: Pelipper|Pelipper, M|46\/100 brn\n|-weather|RainDance|[from] ability: Drizzle|[of] p2a: Pelipper\n|move|p1a: Whimsicott|Encore|p2b: Swampert\n|-start|p2b: Swampert|Encore\n|move|p1b: Charizard|Air Slash|p2a: Pelipper\n|-damage|p2a: Pelipper|3\/100 brn\n|-damage|p1b: Charizard|46\/100|[from] item: Life Orb\n|move|p2b: Swampert|Protect||[still]\n|-fail|p2b: Swampert\n|\n|-weather|RainDance|[upkeep]\n|-damage|p2a: Pelipper|0 fnt|[from] brn\n|faint|p2a: Pelipper\n|upkeep\n|inactive|Atlost has 120 seconds left.\n|-message|Atlost forfeited.\n|\n|win|jin2jin\n|raw|jin2jin's rating: 1431 &rarr; <strong>1440<\/strong><br \/>(+9 for winning)\n|raw|Atlost's rating: 1210 &rarr; <strong>1199<\/strong><br \/>(-11 for losing)\n|l|\u2606Atlost\n","uploadtime":1700381749,"views":9,"p1id":"jin2jin","p2id":"atlost","formatid":"gen9nationaldexdoubles","rating":1199,"private":0,"password":""}