{"id":"gen9nationaldexdoubles-1973010762","p1":"helpingoisingone","p2":"Yu hung lo","format":"[Gen 9] National Dex Doubles","log":"|j|\u2606helpingoisingone\n|j|\u2606Yu hung lo\n|t:|1697918139\n|gametype|doubles\n|player|p1|helpingoisingone|emmet|1311\n|player|p2|Yu hung lo|janitor|1582\n|teamsize|p1|6\n|teamsize|p2|6\n|gen|9\n|tier|[Gen 9] National Dex Doubles\n|rated|\n|rule|HP Percentage Mod: HP is shown in percentages\n|rule|Endless Battle Clause: Forcing endless battles is banned\n|rule|OHKO Clause: OHKO moves are banned\n|rule|Evasion Moves Clause: Evasion moves are banned\n|rule|Evasion Abilities Clause: Evasion abilities are banned\n|rule|Species Clause: Limit one of each Pok\u00e9mon\n|rule|Gravity Sleep Clause: The combination of sleep-inducing moves with imperfect accuracy and Gravity or Gigantamax Orbeetle are banned\n|clearpoke\n|poke|p1|Blacephalon|\n|poke|p1|Indeedee-F, F|\n|poke|p1|Walking Wake|\n|poke|p1|Torkoal, M|\n|poke|p1|Lilligant-Hisui, F|\n|poke|p1|Charizard, M|\n|poke|p2|Swampert, F|\n|poke|p2|Pelipper, M|\n|poke|p2|Rillaboom, F|\n|poke|p2|Tornadus, M|\n|poke|p2|Zapdos|\n|poke|p2|Stakataka|\n|teampreview\n|inactive|Battle timer is ON: inactive players will automatically lose when time's up. (requested by helpingoisingone)\n|inactive|Yu hung lo has 120 seconds left.\n|\n|t:|1697918176\n|start\n|switch|p1a: Torkoal|Torkoal, M|100\/100\n|switch|p1b: Lilligant|Lilligant-Hisui, F|100\/100\n|switch|p2a: Swampert|Swampert, F|100\/100\n|switch|p2b: Tornadus|Tornadus, M|100\/100\n|-weather|SunnyDay|[from] ability: Drought|[of] p1a: Torkoal\n|turn|1\n|inactive|helpingoisingone has 120 seconds left.\n|\n|t:|1697918207\n|detailschange|p2a: Swampert|Swampert-Mega, F\n|-mega|p2a: Swampert|Swampert|Swampertite\n|move|p2a: Swampert|Protect|p2a: Swampert\n|-singleturn|p2a: Swampert|Protect\n|move|p2b: Tornadus|Rain Dance|p2b: Tornadus\n|-weather|RainDance\n|move|p1b: Lilligant|Solar Blade||[still]\n|-prepare|p1b: Lilligant|Solar Blade\n|move|p1a: Torkoal|Heat Wave|p2a: Swampert|[spread] \n|-activate|p2a: Swampert|move: Protect\n|-miss|p1a: Torkoal|p2b: Tornadus\n|\n|-weather|RainDance|[upkeep]\n|upkeep\n|turn|2\n|\n|t:|1697918223\n|switch|p2a: Rillaboom|Rillaboom, F|100\/100\n|-fieldstart|move: Grassy Terrain|[from] ability: Grassy Surge|[of] p2a: Rillaboom\n|move|p2b: Tornadus|Bleakwind Storm|p1b: Lilligant|[spread] p1a,p1b\n|-supereffective|p1b: Lilligant\n|-damage|p1a: Torkoal|62\/100\n|-enditem|p1b: Lilligant|Focus Sash\n|-damage|p1b: Lilligant|1\/100\n|-unboost|p1a: Torkoal|spe|1\n|move|p1b: Lilligant|Solar Blade|p2a: Rillaboom|[from]lockedmove\n|-resisted|p2a: Rillaboom\n|-damage|p2a: Rillaboom|81\/100\n|move|p1a: Torkoal|Heat Wave|p2a: Rillaboom|[spread] p2a\n|-miss|p1a: Torkoal|p2b: Tornadus\n|-supereffective|p2a: Rillaboom\n|-damage|p2a: Rillaboom|61\/100\n|\n|-weather|RainDance|[upkeep]\n|-heal|p1b: Lilligant|7\/100|[from] Grassy Terrain\n|-heal|p2a: Rillaboom|67\/100|[from] Grassy Terrain\n|-heal|p1a: Torkoal|68\/100|[from] Grassy Terrain\n|upkeep\n|turn|3\n|inactive|Yu hung lo has 120 seconds left.\n|\n|t:|1697918277\n|switch|p1b: Indeedee|Indeedee-F, F|100\/100\n|-fieldstart|move: Psychic Terrain|[from] ability: Psychic Surge|[of] p1b: Indeedee\n|-enditem|p1b: Indeedee|Psychic Seed\n|-boost|p1b: Indeedee|spd|1|[from] item: Psychic Seed\n|switch|p1a: Charizard|Charizard, M|100\/100\n|move|p2b: Tornadus|Tailwind|p2b: Tornadus\n|-sidestart|p2: Yu hung lo|move: Tailwind\n|move|p2a: Rillaboom|U-turn|p1b: Indeedee\n|-supereffective|p1b: Indeedee\n|-damage|p1b: Indeedee|35\/100\n|inactive|Yu hung lo has 90 seconds left.\n|\n|t:|1697918310\n|switch|p2a: Zapdos|Zapdos|100\/100|[from] U-turn\n|\n|-weather|RainDance|[upkeep]\n|upkeep\n|turn|4\n|inactive|Yu hung lo has 90 seconds left.\n|\n|t:|1697918325\n|detailschange|p1a: Charizard|Charizard-Mega-Y, M\n|-mega|p1a: Charizard|Charizard|Charizardite Y\n|-weather|SunnyDay|[from] ability: Drought|[of] p1a: Charizard\n|move|p1b: Indeedee|Helping Hand|p1a: Charizard\n|-singleturn|p1a: Charizard|Helping Hand|[of] p1b: Indeedee\n|move|p2b: Tornadus|Rain Dance|p2b: Tornadus\n|-weather|RainDance\n|move|p2a: Zapdos|Thunder|p1b: Indeedee\n|-damage|p1b: Indeedee|0 fnt\n|faint|p1b: Indeedee\n|move|p1a: Charizard|Heat Wave|p2a: Zapdos|[spread] p2a,p2b\n|-damage|p2a: Zapdos|62\/100\n|-damage|p2b: Tornadus|59\/100\n|\n|-weather|RainDance|[upkeep]\n|upkeep\n|\n|t:|1697918342\n|switch|p1b: Blacephalon|Blacephalon|100\/100\n|turn|5\n|\n|t:|1697918359\n|-terastallize|p1b: Blacephalon|Psychic\n|move|p2b: Tornadus|Rain Dance||[still]\n|-fail|p2b: Tornadus\n|move|p2a: Zapdos|Weather Ball|p1b: Blacephalon\n|-damage|p1b: Blacephalon|16\/100\n|move|p1b: Blacephalon|Expanding Force|p2a: Zapdos|[spread] p2a,p2b\n|-damage|p2a: Zapdos|0 fnt\n|-damage|p2b: Tornadus|0 fnt\n|faint|p2a: Zapdos\n|faint|p2b: Tornadus\n|-ability|p1b: Blacephalon|Beast Boost|boost\n|-boost|p1b: Blacephalon|spa|2\n|-damage|p1b: Blacephalon|6\/100|[from] item: Life Orb\n|move|p1a: Charizard|Heat Wave|p2: Zapdos|[notarget]\n|-fail|p1a: Charizard\n|\n|-weather|RainDance|[upkeep]\n|upkeep\n|inactive|Yu hung lo has 90 seconds left.\n|\n|t:|1697918411\n|switch|p2b: Stakataka|Stakataka|100\/100\n|switch|p2a: Rillaboom|Rillaboom, F|67\/100\n|-fieldstart|move: Grassy Terrain|[from] ability: Grassy Surge|[of] p2a: Rillaboom\n|turn|6\n|inactive|helpingoisingone has 120 seconds left.\n|\n|t:|1697918441\n|switch|p1b: Walking Wake|Walking Wake|100\/100\n|-terastallize|p2b: Stakataka|Ghost\n|move|p2a: Rillaboom|Fake Out|p1b: Walking Wake\n|-damage|p1b: Walking Wake|85\/100\n|move|p1a: Charizard|Scorching Sands|p2b: Stakataka\n|-damage|p2b: Stakataka|71\/100\n|move|p2b: Stakataka|Trick Room|p2b: Stakataka\n|-fieldstart|move: Trick Room|[of] p2b: Stakataka\n|\n|-weather|RainDance|[upkeep]\n|-heal|p2b: Stakataka|77\/100|[from] Grassy Terrain\n|-heal|p1b: Walking Wake|91\/100|[from] Grassy Terrain\n|-heal|p2a: Rillaboom|73\/100|[from] Grassy Terrain\n|-sideend|p2: Yu hung lo|move: Tailwind\n|upkeep\n|turn|7\n|inactive|helpingoisingone has 120 seconds left.\n|\n|t:|1697918484\n|move|p2b: Stakataka|Rock Slide|p1b: Walking Wake|[spread] p1a,p1b\n|-supereffective|p1a: Charizard\n|-damage|p1a: Charizard|0 fnt\n|-damage|p1b: Walking Wake|55\/100\n|faint|p1a: Charizard\n|-ability|p2b: Stakataka|Beast Boost|boost\n|-boost|p2b: Stakataka|atk|1\n|move|p2a: Rillaboom|Wood Hammer|p1b: Walking Wake\n|-damage|p1b: Walking Wake|0 fnt\n|faint|p1b: Walking Wake\n|-end|p1b: Walking Wake|Protosynthesis|[silent]\n|-damage|p2a: Rillaboom|58\/100|[from] Recoil\n|\n|-weather|RainDance|[upkeep]\n|-heal|p2b: Stakataka|84\/100|[from] Grassy Terrain\n|-heal|p2a: Rillaboom|64\/100|[from] Grassy Terrain\n|upkeep\n|-message|helpingoisingone forfeited.\n|\n|win|Yu hung lo\n|raw|helpingoisingone's rating: 1311 &rarr; <strong>1304<\/strong><br \/>(-7 for losing)\n|raw|Yu hung lo's rating: 1582 &rarr; <strong>1589<\/strong><br \/>(+7 for winning)\n|l|\u2606helpingoisingone\n","uploadtime":1697918508,"views":11,"p1id":"helpingoisingone","p2id":"yuhunglo","formatid":"gen9nationaldexdoubles","rating":1304,"private":0,"password":""}