{"id":"gen9nationaldexdoubles-1959548906","p1":"FuniPlagueMan","p2":"KENTHARO 777","format":"[Gen 9] National Dex Doubles","log":"|j|\u2606FuniPlagueMan\n|j|\u2606KENTHARO 777\n|t:|1696436607\n|gametype|doubles\n|player|p1|FuniPlagueMan|roxie|1021\n|player|p2|KENTHARO 777|nate|1093\n|teamsize|p1|6\n|teamsize|p2|6\n|gen|9\n|tier|[Gen 9] National Dex Doubles\n|rated|\n|rule|HP Percentage Mod: HP is shown in percentages\n|rule|Endless Battle Clause: Forcing endless battles is banned\n|rule|OHKO Clause: OHKO moves are banned\n|rule|Evasion Moves Clause: Evasion moves are banned\n|rule|Evasion Abilities Clause: Evasion abilities are banned\n|rule|Species Clause: Limit one of each Pok\u00e9mon\n|rule|Gravity Sleep Clause: The combination of sleep-inducing moves with imperfect accuracy and Gravity or Gigantamax Orbeetle are banned\n|clearpoke\n|poke|p1|Chandelure, M|\n|poke|p1|Torkoal, M|\n|poke|p1|Lurantis, M|\n|poke|p1|Trevenant, M|\n|poke|p1|Clefable, F|\n|poke|p1|Cinderace, F|\n|poke|p2|Diancie|\n|poke|p2|Urshifu-*, F|\n|poke|p2|Pelipper, F|\n|poke|p2|Volcanion|\n|poke|p2|Walking Wake|\n|poke|p2|Landorus, M|\n|teampreview\n|inactive|Battle timer is ON: inactive players will automatically lose when time's up. (requested by FuniPlagueMan)\n|\n|t:|1696436618\n|start\n|switch|p1a: Torkoal|Torkoal, M, shiny|100\/100\n|switch|p1b: Chandelure|Chandelure, M, shiny|100\/100\n|switch|p2a: Stuparte|Walking Wake|100\/100\n|switch|p2b: Ca\u00f1oncin|Volcanion|100\/100\n|-weather|SunnyDay|[from] ability: Drought|[of] p1a: Torkoal\n|-activate|p2a: Stuparte|ability: Protosynthesis\n|-start|p2a: Stuparte|protosynthesisspe\n|turn|1\n|\n|t:|1696436637\n|switch|p1b: Lurantis|Lurantis, M, shiny|100\/100\n|move|p2a: Stuparte|Surf|p1a: Torkoal|[spread] p1a,p1b\n|-immune|p2b: Ca\u00f1oncin|[from] ability: Water Absorb\n|-supereffective|p1a: Torkoal\n|-resisted|p1b: Lurantis\n|-damage|p1a: Torkoal|71\/100\n|-damage|p1b: Lurantis|93\/100\n|move|p2b: Ca\u00f1oncin|Hydro Pump|p1b: Lurantis\n|-resisted|p1b: Lurantis\n|-crit|p1b: Lurantis\n|-damage|p1b: Lurantis|74\/100\n|move|p1a: Torkoal|Lava Plume|p2a: Stuparte|[spread] p1b,p2a,p2b\n|-supereffective|p1b: Lurantis\n|-resisted|p2a: Stuparte\n|-resisted|p2b: Ca\u00f1oncin\n|-damage|p1b: Lurantis|18\/100\n|-damage|p2a: Stuparte|93\/100\n|-damage|p2b: Ca\u00f1oncin|93\/100\n|\n|-weather|SunnyDay|[upkeep]\n|-heal|p2a: Stuparte|99\/100|[from] item: Leftovers\n|-heal|p1b: Lurantis|24\/100|[from] item: Leftovers\n|-heal|p1a: Torkoal|77\/100|[from] item: Leftovers\n|upkeep\n|turn|2\n|\n|t:|1696436654\n|move|p2a: Stuparte|Surf|p1b: Lurantis|[spread] p1a,p1b\n|-heal|p2b: Ca\u00f1oncin|100\/100|[from] ability: Water Absorb|[of] p2a: Stuparte\n|-supereffective|p1a: Torkoal\n|-resisted|p1b: Lurantis\n|-damage|p1a: Torkoal|50\/100\n|-damage|p1b: Lurantis|18\/100\n|move|p2b: Ca\u00f1oncin|Hydro Pump|p1a: Torkoal|[miss]\n|-miss|p2b: Ca\u00f1oncin|p1a: Torkoal\n|move|p1b: Lurantis|Solar Blade||[still]\n|-prepare|p1b: Lurantis|Solar Blade\n|-anim|p1b: Lurantis|Solar Blade|p2a: Stuparte\n|-damage|p2a: Stuparte|27\/100\n|move|p1a: Torkoal|Yawn|p2a: Stuparte\n|-start|p2a: Stuparte|move: Yawn|[of] p1a: Torkoal\n|\n|-weather|SunnyDay|[upkeep]\n|-heal|p2a: Stuparte|33\/100|[from] item: Leftovers\n|-heal|p1b: Lurantis|24\/100|[from] item: Leftovers\n|-heal|p1a: Torkoal|56\/100|[from] item: Leftovers\n|upkeep\n|turn|3\n|\n|t:|1696436679\n|move|p2a: Stuparte|Surf|p1a: Torkoal|[spread] p1a,p1b\n|-immune|p2b: Ca\u00f1oncin|[from] ability: Water Absorb\n|-supereffective|p1a: Torkoal\n|-resisted|p1b: Lurantis\n|-damage|p1a: Torkoal|28\/100\n|-damage|p1b: Lurantis|17\/100\n|move|p2b: Ca\u00f1oncin|Earthquake|p1a: Torkoal|[spread] p2a,p1a,p1b\n|-supereffective|p1a: Torkoal\n|-resisted|p1b: Lurantis\n|-crit|p1b: Lurantis\n|-damage|p2a: Stuparte|12\/100\n|-damage|p1a: Torkoal|2\/100\n|-damage|p1b: Lurantis|2\/100\n|move|p1b: Lurantis|Synthesis|p1b: Lurantis\n|-heal|p1b: Lurantis|68\/100\n|move|p1a: Torkoal|Body Press|p2b: Ca\u00f1oncin\n|-damage|p2b: Ca\u00f1oncin|77\/100\n|\n|-weather|SunnyDay|[upkeep]\n|-heal|p2a: Stuparte|18\/100|[from] item: Leftovers\n|-heal|p1b: Lurantis|74\/100|[from] item: Leftovers\n|-heal|p1a: Torkoal|8\/100|[from] item: Leftovers\n|-end|p2a: Stuparte|move: Yawn|[silent]\n|-status|p2a: Stuparte|slp\n|upkeep\n|turn|4\n|\n|t:|1696436705\n|switch|p1a: Clefable|Clefable, F|100\/100\n|-terastallize|p1b: Lurantis|Fighting\n|cant|p2a: Stuparte|slp\n|-zpower|p2b: Ca\u00f1oncin\n|move|p2b: Ca\u00f1oncin|Hydro Vortex|p1b: Lurantis|[zeffect]\n|-damage|p1b: Lurantis|37\/100\n|move|p1b: Lurantis|Superpower|p2b: Ca\u00f1oncin\n|-damage|p2b: Ca\u00f1oncin|33\/100\n|-boost|p1b: Lurantis|atk|1\n|-boost|p1b: Lurantis|def|1\n|\n|-weather|SunnyDay|[upkeep]\n|-heal|p2a: Stuparte|25\/100 slp|[from] item: Leftovers\n|-heal|p1b: Lurantis|43\/100|[from] item: Leftovers\n|upkeep\n|turn|5\n|\n|t:|1696436723\n|cant|p2a: Stuparte|slp\n|move|p2b: Ca\u00f1oncin|Sunny Day||[still]\n|-fail|p2b: Ca\u00f1oncin\n|move|p1a: Clefable|Heal Pulse|p1b: Lurantis\n|-heal|p1b: Lurantis|93\/100\n|move|p1b: Lurantis|Superpower|p2b: Ca\u00f1oncin\n|-damage|p2b: Ca\u00f1oncin|0 fnt\n|-boost|p1b: Lurantis|atk|1\n|-boost|p1b: Lurantis|def|1\n|faint|p2b: Ca\u00f1oncin\n|\n|-weather|none\n|-end|p2a: Stuparte|Protosynthesis\n|-heal|p2a: Stuparte|31\/100 slp|[from] item: Leftovers\n|-heal|p1b: Lurantis|99\/100|[from] item: Leftovers\n|upkeep\n|inactive|KENTHARO 777 has 120 seconds left.\n|\n|t:|1696436750\n|switch|p2b: El paja-ro|Pelipper, F|100\/100\n|-weather|RainDance|[from] ability: Drizzle|[of] p2b: El paja-ro\n|turn|6\n|\n|t:|1696436767\n|cant|p2a: Stuparte|slp\n|move|p2b: El paja-ro|Air Slash|p1b: Lurantis\n|-supereffective|p1b: Lurantis\n|-damage|p1b: Lurantis|49\/100\n|move|p1a: Clefable|Wish|p1a: Clefable\n|move|p1b: Lurantis|Superpower|p2a: Stuparte\n|-damage|p2a: Stuparte|0 fnt\n|-boost|p1b: Lurantis|atk|1\n|-boost|p1b: Lurantis|def|1\n|faint|p2a: Stuparte\n|-end|p2a: Stuparte|Protosynthesis|[silent]\n|\n|-weather|RainDance|[upkeep]\n|-heal|p1b: Lurantis|55\/100|[from] item: Leftovers\n|upkeep\n|\n|t:|1696436772\n|switch|p2a: Que sexy|Urshifu-Rapid-Strike, F|100\/100\n|turn|7\n|\n|t:|1696436788\n|switch|p1a: Torkoal|Torkoal, M, shiny|8\/100\n|-weather|SunnyDay|[from] ability: Drought|[of] p1a: Torkoal\n|move|p2a: Que sexy|Surging Strikes|p1b: Lurantis\n|-crit|p1b: Lurantis\n|-damage|p1b: Lurantis|45\/100\n|-crit|p1b: Lurantis\n|-damage|p1b: Lurantis|35\/100\n|-crit|p1b: Lurantis\n|-damage|p1b: Lurantis|23\/100\n|-hitcount|p1b: Lurantis|3\n|move|p2b: El paja-ro|Ice Beam|p1a: Torkoal\n|-resisted|p1a: Torkoal\n|-damage|p1a: Torkoal|0 fnt\n|faint|p1a: Torkoal\n|move|p1b: Lurantis|Superpower|p2a: Que sexy\n|-enditem|p2a: Que sexy|Focus Sash\n|-damage|p2a: Que sexy|1\/100\n|-boost|p1b: Lurantis|atk|1\n|-boost|p1b: Lurantis|def|1\n|\n|-weather|SunnyDay|[upkeep]\n|-heal|p1b: Lurantis|29\/100|[from] item: Leftovers\n|upkeep\n|\n|t:|1696436798\n|switch|p1a: Trevenant|Trevenant, M|100\/100\n|turn|8\n|\n|t:|1696436817\n|switch|p2b: Loco|Landorus, M|100\/100\n|move|p2a: Que sexy|Aqua Jet|p1b: Lurantis\n|-damage|p1b: Lurantis|25\/100\n|move|p1a: Trevenant|Poltergeist|p2b: Loco\n|-activate|p2b: Loco|move: Poltergeist|Leftovers\n|-crit|p2b: Loco\n|-damage|p2b: Loco|10\/100\n|move|p1b: Lurantis|Superpower|p2a: Que sexy\n|-damage|p2a: Que sexy|0 fnt\n|-boost|p1b: Lurantis|atk|1\n|-boost|p1b: Lurantis|def|1\n|faint|p2a: Que sexy\n|\n|-weather|SunnyDay|[upkeep]\n|-heal|p2b: Loco|16\/100|[from] item: Leftovers\n|-heal|p1b: Lurantis|32\/100|[from] item: Leftovers\n|upkeep\n|\n|t:|1696436829\n|switch|p2a: El paja-ro|Pelipper, F|100\/100\n|-weather|RainDance|[from] ability: Drizzle|[of] p2a: El paja-ro\n|turn|9\n|\n|t:|1696436856\n|move|p2b: Loco|Earthquake|p1a: Trevenant|[spread] p1a,p1b\n|-immune|p2a: El paja-ro\n|-resisted|p1a: Trevenant\n|-damage|p1a: Trevenant|80\/100\n|-damage|p1b: Lurantis|21\/100\n|move|p2a: El paja-ro|Ice Beam|p1a: Trevenant\n|-supereffective|p1a: Trevenant\n|-damage|p1a: Trevenant|40\/100\n|move|p1a: Trevenant|Poltergeist|p2b: Loco\n|-activate|p2b: Loco|move: Poltergeist|Leftovers\n|-damage|p2b: Loco|0 fnt\n|faint|p2b: Loco\n|move|p1b: Lurantis|Superpower|p2a: El paja-ro\n|-resisted|p2a: El paja-ro\n|-damage|p2a: El paja-ro|0 fnt\n|-boost|p1b: Lurantis|atk|1\n|-boost|p1b: Lurantis|def|1\n|faint|p2a: El paja-ro\n|\n|-weather|RainDance|[upkeep]\n|-heal|p1b: Lurantis|27\/100|[from] item: Leftovers\n|upkeep\n|\n|t:|1696436865\n|switch|p2a: Roca dura got|Diancie|100\/100\n|turn|10\n|\n|t:|1696436878\n|detailschange|p2a: Roca dura got|Diancie-Mega\n|-mega|p2a: Roca dura got|Diancie|Diancite\n|move|p2a: Roca dura got|Diamond Storm|p1b: Lurantis|[spread] p1a,p1b\n|-resisted|p1b: Lurantis\n|-damage|p1a: Trevenant|0 fnt\n|-damage|p1b: Lurantis|21\/100\n|-boost|p2a: Roca dura got|def|2\n|faint|p1a: Trevenant\n|move|p1b: Lurantis|Superpower|p2a: Roca dura got\n|-damage|p2a: Roca dura got|0 fnt\n|faint|p2a: Roca dura got\n|\n|win|FuniPlagueMan\n|raw|FuniPlagueMan's rating: 1021 &rarr; <strong>1065<\/strong><br \/>(+44 for winning)\n|raw|KENTHARO 777's rating: 1093 &rarr; <strong>1064<\/strong><br \/>(-29 for losing)\n|l|\u2606KENTHARO 777\n","uploadtime":1696436897,"views":6,"p1id":"funiplagueman","p2id":"kentharo777","formatid":"gen9nationaldexdoubles","rating":1064,"private":0,"password":""}