{"id":"gen9nationaldexdoubles-1960848935","p1":"L+raitof","p2":"BKDAFEARLESS1","format":"[Gen 9] National Dex Doubles","log":"|j|\u2606L+raitof\n|j|\u2606BKDAFEARLESS1\n|t:|1696563481\n|gametype|doubles\n|player|p1|L+raitof|parasollady|1046\n|player|p2|BKDAFEARLESS1|wattson|1094\n|teamsize|p1|6\n|teamsize|p2|6\n|gen|9\n|tier|[Gen 9] National Dex Doubles\n|rated|\n|rule|HP Percentage Mod: HP is shown in percentages\n|rule|Endless Battle Clause: Forcing endless battles is banned\n|rule|OHKO Clause: OHKO moves are banned\n|rule|Evasion Moves Clause: Evasion moves are banned\n|rule|Evasion Abilities Clause: Evasion abilities are banned\n|rule|Species Clause: Limit one of each Pok\u00e9mon\n|rule|Gravity Sleep Clause: The combination of sleep-inducing moves with imperfect accuracy and Gravity or Gigantamax Orbeetle are banned\n|clearpoke\n|poke|p1|Gardevoir, M|\n|poke|p1|Comfey, F|\n|poke|p1|Primarina, M|\n|poke|p1|Ninetales-Alola, F|\n|poke|p1|Weezing-Galar, M|\n|poke|p1|Tapu Koko|\n|poke|p2|Machamp, F|\n|poke|p2|Obstagoon, F|\n|poke|p2|Iron Hands|\n|poke|p2|Kommo-o, F|\n|poke|p2|Cresselia, F|\n|poke|p2|Arcanine-Hisui, F|\n|teampreview\n|inactive|Battle timer is ON: inactive players will automatically lose when time's up. (requested by BKDAFEARLESS1)\n|\n|t:|1696563500\n|start\n|switch|p1a: Gardevoir|Gardevoir, M|100\/100\n|switch|p1b: Comfey|Comfey, F|100\/100\n|switch|p2a: Arcanine|Arcanine-Hisui, F, shiny|100\/100\n|switch|p2b: Iron Hands|Iron Hands|100\/100\n|-ability|p2a: Arcanine|Intimidate|boost\n|-unboost|p1a: Gardevoir|atk|1\n|-unboost|p1b: Comfey|atk|1\n|-ability|p1a: Gardevoir|Intimidate|boost\n|-unboost|p2a: Arcanine|atk|1\n|-unboost|p2b: Iron Hands|atk|1\n|-ability|p1a: Gardevoir|Intimidate|[from] ability: Trace|[of] p2a: Arcanine\n|turn|1\n|l|\u2606L+raitof\n|inactive|L+raitof disconnected and has a minute to reconnect!\n|player|p1|\n|j|\u2606L+raitof\n|inactive|L+raitof reconnected and has 150 seconds left.\n|player|p1|L+raitof|parasollady\n|inactive|BKDAFEARLESS1 has 120 seconds left.\n|\n|t:|1696563549\n|move|p2b: Iron Hands|Fake Out|p1b: Comfey\n|-damage|p1b: Comfey|85\/100\n|move|p2a: Arcanine|Rock Slide|p1a: Gardevoir|[spread] p1a,p1b\n|-damage|p1a: Gardevoir|68\/100\n|-damage|p1b: Comfey|57\/100\n|cant|p1b: Comfey|flinch\n|cant|p1a: Gardevoir|flinch\n|\n|upkeep\n|turn|2\n|inactive|BKDAFEARLESS1 has 120 seconds left.\n|\n|t:|1696563570\n|switch|p2a: Cresselia|Cresselia, F|100\/100\n|-end|p2b: Iron Hands|Quark Drive|[silent]\n|switch|p2b: Machamp|Machamp, F|100\/100\n|detailschange|p1a: Gardevoir|Gardevoir-Mega, M\n|-mega|p1a: Gardevoir|Gardevoir|Gardevoirite\n|move|p1a: Gardevoir|Moonblast|p2b: Machamp\n|-supereffective|p2b: Machamp\n|-damage|p2b: Machamp|31\/100\n|move|p1b: Comfey|Light Screen|p1b: Comfey\n|-sidestart|p1: L+raitof|move: Light Screen\n|\n|upkeep\n|turn|3\n|inactive|BKDAFEARLESS1 has 120 seconds left.\n|\n|t:|1696563593\n|move|p1a: Gardevoir|Moonblast|p2b: Machamp\n|-supereffective|p2b: Machamp\n|-damage|p2b: Machamp|0 fnt\n|faint|p2b: Machamp\n|move|p1b: Comfey|Floral Healing|p1a: Gardevoir\n|-heal|p1a: Gardevoir|100\/100\n|move|p2a: Cresselia|Light Screen|p2a: Cresselia\n|-sidestart|p2: BKDAFEARLESS1|move: Light Screen\n|\n|upkeep\n|\n|t:|1696563610\n|switch|p2b: Obstagoon|Obstagoon, F, shiny|100\/100\n|turn|4\n|\n|t:|1696563621\n|move|p2a: Cresselia|Helping Hand|p2b: Obstagoon\n|-singleturn|p2b: Obstagoon|Helping Hand|[of] p2a: Cresselia\n|move|p2b: Obstagoon|Knock Off|p1a: Gardevoir\n|-damage|p1a: Gardevoir|32\/100\n|move|p1a: Gardevoir|Moonblast|p2b: Obstagoon\n|-supereffective|p2b: Obstagoon\n|-damage|p2b: Obstagoon|11\/100\n|move|p1b: Comfey|Draining Kiss|p2b: Obstagoon\n|-supereffective|p2b: Obstagoon\n|-damage|p2b: Obstagoon|0 fnt\n|-heal|p1b: Comfey|68\/100|[from] drain|[of] p2b: Obstagoon\n|faint|p2b: Obstagoon\n|\n|upkeep\n|inactive|BKDAFEARLESS1 has 120 seconds left.\n|\n|t:|1696563635\n|switch|p2b: Arcanine|Arcanine-Hisui, F, shiny|100\/100\n|-ability|p2b: Arcanine|Intimidate|boost\n|-unboost|p1a: Gardevoir|atk|1\n|-unboost|p1b: Comfey|atk|1\n|turn|5\n|\n|t:|1696563654\n|switch|p1a: Primarina|Primarina, M|100\/100\n|move|p2a: Cresselia|Helping Hand|p2b: Arcanine\n|-singleturn|p2b: Arcanine|Helping Hand|[of] p2a: Cresselia\n|move|p2b: Arcanine|Rock Slide|p1a: Primarina|[spread] p1a,p1b\n|-damage|p1a: Primarina|51\/100\n|-damage|p1b: Comfey|12\/100\n|move|p1b: Comfey|Draining Kiss|p2b: Arcanine\n|-resisted|p2b: Arcanine\n|-damage|p2b: Arcanine|94\/100\n|-heal|p1b: Comfey|19\/100|[from] drain|[of] p2b: Arcanine\n|\n|upkeep\n|turn|6\n|inactive|BKDAFEARLESS1 has 120 seconds left.\n|inactive|L+raitof has 120 seconds left.\n|\n|t:|1696563697\n|move|p2a: Cresselia|Helping Hand|p2b: Arcanine\n|-singleturn|p2b: Arcanine|Helping Hand|[of] p2a: Cresselia\n|move|p2b: Arcanine|Rock Slide|p1b: Comfey|[spread] p1a,p1b\n|-damage|p1a: Primarina|5\/100\n|-damage|p1b: Comfey|0 fnt\n|faint|p1b: Comfey\n|move|p1a: Primarina|Hyper Voice|p2a: Cresselia|[spread] p2a,p2b\n|-supereffective|p2b: Arcanine\n|-damage|p2a: Cresselia|89\/100\n|-damage|p2b: Arcanine|0 fnt\n|faint|p2b: Arcanine\n|\n|-heal|p2a: Cresselia|95\/100|[from] item: Leftovers\n|-sideend|p1: L+raitof|move: Light Screen\n|upkeep\n|inactive|BKDAFEARLESS1 has 120 seconds left.\n|inactive|L+raitof has 120 seconds left.\n|\n|t:|1696563724\n|switch|p2b: Iron Hands|Iron Hands|100\/100\n|switch|p1b: Ninetales|Ninetales-Alola, F, shiny|100\/100\n|-weather|Snow|[from] ability: Snow Warning|[of] p1b: Ninetales\n|turn|7\n|\n|t:|1696563737\n|switch|p1a: sorry bud :(|Weezing-Galar, M|100\/100\n|-ability|p1a: sorry bud :(|Neutralizing Gas\n|move|p2b: Iron Hands|Fake Out|p1a: sorry bud :(\n|-damage|p1a: sorry bud :(|88\/100\n|move|p1b: Ninetales|Moonblast|p2b: Iron Hands\n|-supereffective|p2b: Iron Hands\n|-damage|p2b: Iron Hands|75\/100\n|-unboost|p2b: Iron Hands|spa|1\n|move|p2a: Cresselia|Lunar Blessing|p2a: Cresselia|[spread] p2a,p2b\n|-heal|p2a: Cresselia|100\/100\n|-heal|p2b: Iron Hands|99\/100\n|\n|-weather|Snow|[upkeep]\n|-heal|p1a: sorry bud :(|94\/100|[from] item: Leftovers\n|-sideend|p2: BKDAFEARLESS1|move: Light Screen\n|upkeep\n|turn|8\n|\n|t:|1696563768\n|move|p2a: Cresselia|Helping Hand|p2b: Iron Hands\n|-singleturn|p2b: Iron Hands|Helping Hand|[of] p2a: Cresselia\n|move|p1b: Ninetales|Moonblast|p2b: Iron Hands\n|-supereffective|p2b: Iron Hands\n|-damage|p2b: Iron Hands|61\/100\n|-unboost|p2b: Iron Hands|spa|1\n|move|p1a: sorry bud :(|Misty Terrain|p1a: sorry bud :(\n|-fieldstart|move: Misty Terrain\n|move|p2b: Iron Hands|Rock Slide|p1b: Ninetales|[spread] p1a,p1b\n|-supereffective|p1b: Ninetales\n|-damage|p1a: sorry bud :(|70\/100\n|-damage|p1b: Ninetales|41\/100\n|\n|-weather|Snow|[upkeep]\n|-heal|p1a: sorry bud :(|76\/100|[from] item: Leftovers\n|upkeep\n|turn|9\n|\n|t:|1696563791\n|move|p1b: Ninetales|Moonblast|p2b: Iron Hands\n|-supereffective|p2b: Iron Hands\n|-damage|p2b: Iron Hands|25\/100\n|move|p2a: Cresselia|Lunar Blessing|p2a: Cresselia|[spread] p2a,p2b\n|-heal|p2b: Iron Hands|50\/100\n|move|p1a: sorry bud :(|Sludge Bomb|p2a: Cresselia\n|-damage|p2a: Cresselia|84\/100\n|move|p2b: Iron Hands|Rock Slide|p1a: sorry bud :(|[spread] p1a,p1b\n|-supereffective|p1b: Ninetales\n|-damage|p1a: sorry bud :(|58\/100\n|-damage|p1b: Ninetales|1\/100\n|\n|-weather|Snow|[upkeep]\n|-heal|p2a: Cresselia|90\/100|[from] item: Leftovers\n|-heal|p1a: sorry bud :(|64\/100|[from] item: Leftovers\n|upkeep\n|turn|10\n|\n|t:|1696563814\n|move|p1b: Ninetales|Aurora Veil|p1b: Ninetales\n|-sidestart|p1: L+raitof|move: Aurora Veil\n|move|p2a: Cresselia|Lunar Blessing|p2a: Cresselia|[spread] p2a,p2b\n|-heal|p2a: Cresselia|100\/100\n|-heal|p2b: Iron Hands|75\/100\n|move|p1a: sorry bud :(|Sludge Bomb|p2a: Cresselia\n|-damage|p2a: Cresselia|85\/100\n|move|p2b: Iron Hands|Rock Slide|p1a: sorry bud :(|[spread] p1a,p1b\n|-supereffective|p1b: Ninetales\n|-damage|p1a: sorry bud :(|53\/100\n|-damage|p1b: Ninetales|0 fnt\n|faint|p1b: Ninetales\n|\n|-weather|Snow|[upkeep]\n|-heal|p2a: Cresselia|91\/100|[from] item: Leftovers\n|-heal|p1a: sorry bud :(|59\/100|[from] item: Leftovers\n|upkeep\n|\n|t:|1696563826\n|switch|p1b: Tapu Koko|Tapu Koko|100\/100\n|turn|11\n|\n|t:|1696563846\n|move|p1b: Tapu Koko|Brave Bird|p2b: Iron Hands\n|-damage|p2b: Iron Hands|57\/100\n|-damage|p1b: Tapu Koko|89\/100|[from] Recoil\n|move|p2a: Cresselia|Lunar Blessing|p2a: Cresselia|[spread] p2a,p2b\n|-heal|p2a: Cresselia|100\/100\n|-heal|p2b: Iron Hands|82\/100\n|move|p1a: sorry bud :(|Sludge Bomb|p2b: Iron Hands\n|-damage|p2b: Iron Hands|64\/100\n|move|p2b: Iron Hands|Wild Charge|p1a: sorry bud :(\n|-damage|p1a: sorry bud :(|34\/100\n|-damage|p2b: Iron Hands|60\/100|[from] Recoil\n|\n|-weather|none\n|-heal|p1a: sorry bud :(|40\/100|[from] item: Leftovers\n|upkeep\n|turn|12\n|inactive|L+raitof has 120 seconds left.\n|\n|t:|1696563881\n|-terastallize|p1a: sorry bud :(|Poison\n|move|p1b: Tapu Koko|Thunderbolt|p2a: Cresselia\n|-damage|p2a: Cresselia|78\/100\n|move|p2a: Cresselia|Lunar Blessing|p2a: Cresselia|[spread] p2a,p2b\n|-heal|p2a: Cresselia|100\/100\n|-heal|p2b: Iron Hands|85\/100\n|move|p1a: sorry bud :(|Sludge Bomb|p2a: Cresselia\n|-damage|p2a: Cresselia|81\/100\n|move|p2b: Iron Hands|Wild Charge|p1a: sorry bud :(\n|-damage|p1a: sorry bud :(|11\/100\n|-damage|p2b: Iron Hands|81\/100|[from] Recoil\n|\n|-heal|p2a: Cresselia|87\/100|[from] item: Leftovers\n|-heal|p1a: sorry bud :(|17\/100|[from] item: Leftovers\n|-fieldend|Misty Terrain\n|upkeep\n|turn|13\n|inactive|L+raitof has 120 seconds left.\n|inactive|BKDAFEARLESS1 has 120 seconds left.\n|\n|t:|1696563913\n|-end|p1a: sorry bud :(|ability: Neutralizing Gas\n|-fieldstart|move: Electric Terrain|[from] ability: Electric Surge|[of] p1b: Tapu Koko\n|-activate|p2b: Iron Hands|ability: Quark Drive\n|-start|p2b: Iron Hands|quarkdriveatk\n|switch|p1a: Gardevoir|Gardevoir-Mega, M|32\/100\n|move|p1b: Tapu Koko|Brave Bird|p2a: Cresselia\n|-damage|p2a: Cresselia|69\/100\n|-damage|p1b: Tapu Koko|80\/100|[from] Recoil\n|move|p2a: Cresselia|Lunar Blessing|p2a: Cresselia|[spread] p2a,p2b\n|-heal|p2a: Cresselia|94\/100\n|-heal|p2b: Iron Hands|100\/100\n|move|p2b: Iron Hands|Wild Charge|p1a: Gardevoir\n|-damage|p1a: Gardevoir|0 fnt\n|faint|p1a: Gardevoir\n|-damage|p2b: Iron Hands|96\/100|[from] Recoil\n|\n|-heal|p2a: Cresselia|99\/100|[from] item: Leftovers\n|upkeep\n|inactive|L+raitof has 120 seconds left.\n|\n|t:|1696563932\n|switch|p1a: Primarina|Primarina, M|5\/100\n|turn|14\n|\n|t:|1696563944\n|move|p1b: Tapu Koko|Brave Bird|p2b: Iron Hands\n|-damage|p2b: Iron Hands|80\/100\n|-damage|p1b: Tapu Koko|70\/100|[from] Recoil\n|move|p2a: Cresselia|Light Screen|p2a: Cresselia\n|-sidestart|p2: BKDAFEARLESS1|move: Light Screen\n|move|p1a: Primarina|Shadow Ball|p2a: Cresselia\n|-supereffective|p2a: Cresselia\n|-damage|p2a: Cresselia|82\/100\n|-unboost|p2a: Cresselia|spd|1\n|move|p2b: Iron Hands|Rock Slide|p1b: Tapu Koko|[spread] p1a,p1b\n|-crit|p1a: Primarina\n|-damage|p1a: Primarina|0 fnt\n|-damage|p1b: Tapu Koko|42\/100\n|faint|p1a: Primarina\n|\n|-heal|p2a: Cresselia|88\/100|[from] item: Leftovers\n|upkeep\n|inactive|L+raitof has 120 seconds left.\n|\n|t:|1696563960\n|switch|p1a: sorry bud :(|Weezing-Galar, M, tera:Poison|17\/100\n|-ability|p1a: sorry bud :(|Neutralizing Gas\n|turn|15\n|\n|t:|1696563975\n|switch|p2a: Kommo-o|Kommo-o, F|100\/100\n|move|p1b: Tapu Koko|Roost|p1b: Tapu Koko\n|-heal|p1b: Tapu Koko|93\/100\n|-singleturn|p1b: Tapu Koko|move: Roost\n|move|p1a: sorry bud :(|Sludge Bomb|p2b: Iron Hands\n|-damage|p2b: Iron Hands|66\/100\n|move|p2b: Iron Hands|Rock Slide|p1a: sorry bud :(|[spread] p1b\n|-miss|p2b: Iron Hands|p1a: sorry bud :(\n|-crit|p1b: Tapu Koko\n|-damage|p1b: Tapu Koko|35\/100\n|\n|-heal|p1a: sorry bud :(|23\/100|[from] item: Leftovers\n|upkeep\n|turn|16\n|\n|t:|1696563998\n|move|p1b: Tapu Koko|Thunderbolt|p2a: Kommo-o\n|-resisted|p2a: Kommo-o\n|-damage|p2a: Kommo-o|83\/100\n|-zpower|p2a: Kommo-o\n|move|p2a: Kommo-o|Clangorous Soulblaze|p1b: Tapu Koko|[zeffect]|[spread] p1a\n|-immune|p1b: Tapu Koko\n|-damage|p1a: sorry bud :(|0 fnt\n|faint|p1a: sorry bud :(\n|-end|p1a: sorry bud :(|ability: Neutralizing Gas\n|-boost|p2a: Kommo-o|atk|1\n|-boost|p2a: Kommo-o|def|1\n|-boost|p2a: Kommo-o|spa|1\n|-boost|p2a: Kommo-o|spd|1\n|-boost|p2a: Kommo-o|spe|1\n|move|p2b: Iron Hands|Wild Charge|p1b: Tapu Koko\n|-resisted|p1b: Tapu Koko\n|-damage|p1b: Tapu Koko|0 fnt\n|faint|p1b: Tapu Koko\n|-damage|p2b: Iron Hands|61\/100|[from] Recoil\n|\n|win|BKDAFEARLESS1\n|raw|L+raitof's rating: 1046 &rarr; <strong>1031<\/strong><br \/>(-15 for losing)\n|raw|BKDAFEARLESS1's rating: 1094 &rarr; <strong>1116<\/strong><br \/>(+22 for winning)\n|l|\u2606L+raitof\n|c|\u2606BKDAFEARLESS1|ggs\n","uploadtime":1696564029,"views":21,"p1id":"lraitof","p2id":"bkdafearless1","formatid":"gen9nationaldexdoubles","rating":1031,"private":0,"password":""}