{"id":"gen9nationaldexdoubles-1950634010","p1":"Ex0tic_s0da","p2":"Bluberry108","format":"[Gen 9] National Dex Doubles","log":"|j|\u2606Ex0tic_s0da\n|j|\u2606Bluberry108\n|t:|1695491775\n|gametype|doubles\n|player|p1|Ex0tic_s0da|silver|1077\n|player|p2|Bluberry108|gentleman-gen4|1073\n|teamsize|p1|6\n|teamsize|p2|6\n|gen|9\n|tier|[Gen 9] National Dex Doubles\n|rated|\n|rule|HP Percentage Mod: HP is shown in percentages\n|rule|Endless Battle Clause: Forcing endless battles is banned\n|rule|OHKO Clause: OHKO moves are banned\n|rule|Evasion Moves Clause: Evasion moves are banned\n|rule|Evasion Abilities Clause: Evasion abilities are banned\n|rule|Species Clause: Limit one of each Pok\u00e9mon\n|rule|Gravity Sleep Clause: The combination of sleep-inducing moves with imperfect accuracy and Gravity or Gigantamax Orbeetle are banned\n|clearpoke\n|poke|p1|Houndoom, M|\n|poke|p1|Dipplin, M|\n|poke|p1|Marshadow|\n|poke|p1|Iron Bundle|\n|poke|p1|Munkidori, M|\n|poke|p1|Dudunsparce-*, F|\n|poke|p2|Gengar, M|\n|poke|p2|Swoobat, M|\n|poke|p2|Dragapult, M|\n|poke|p2|Dugtrio, F|\n|poke|p2|Toxapex, M|\n|poke|p2|Armarouge, M|\n|teampreview\n|inactive|Battle timer is ON: inactive players will automatically lose when time's up. (requested by Ex0tic_s0da)\n|\n|t:|1695491784\n|start\n|switch|p1a: Houndoom|Houndoom, M|100\/100\n|switch|p1b: Dipplin|Dipplin, M|100\/100\n|switch|p2a: Gengar|Gengar, M|100\/100\n|switch|p2b: Swoobat|Swoobat, M|100\/100\n|-ability|p1b: Dipplin|Supersweet Syrup\n|-ability|p1b: Dipplin|Supersweet Syrup|boost\n|-unboost|p2a: Gengar|evasion|1\n|-unboost|p2b: Swoobat|evasion|2\n|turn|1\n|\n|t:|1695491802\n|detailschange|p1a: Houndoom|Houndoom-Mega, M\n|-mega|p1a: Houndoom|Houndoom|Houndoominite\n|move|p2a: Gengar|Poison Gas|p1b: Dipplin|[spread] p1a,p1b\n|-status|p1a: Houndoom|psn\n|-status|p1b: Dipplin|psn\n|move|p1a: Houndoom|Nasty Plot|p1a: Houndoom\n|-boost|p1a: Houndoom|spa|2\n|move|p2b: Swoobat|Venom Drench|p1a: Houndoom|[spread] p1a,p1b\n|-unboost|p1a: Houndoom|atk|1\n|-unboost|p1a: Houndoom|spa|1\n|-unboost|p1a: Houndoom|spe|1\n|-unboost|p1b: Dipplin|atk|1\n|-unboost|p1b: Dipplin|spa|1\n|-unboost|p1b: Dipplin|spe|1\n|move|p1b: Dipplin|Rollout|p2b: Swoobat\n|-supereffective|p2b: Swoobat\n|-crit|p2b: Swoobat\n|-damage|p2b: Swoobat|73\/100\n|\n|-damage|p1a: Houndoom|88\/100 psn|[from] psn\n|-damage|p1b: Dipplin|88\/100 psn|[from] psn\n|upkeep\n|turn|2\n|\n|t:|1695491832\n|switch|p2a: Dugtrio|Dugtrio, F|100\/100\n|move|p2b: Swoobat|Venom Drench|p1b: Dipplin|[spread] p1a,p1b\n|-unboost|p1a: Houndoom|atk|1\n|-unboost|p1a: Houndoom|spa|1\n|-unboost|p1a: Houndoom|spe|1\n|-unboost|p1b: Dipplin|atk|1\n|-unboost|p1b: Dipplin|spa|1\n|-unboost|p1b: Dipplin|spe|1\n|move|p1a: Houndoom|Nasty Plot|p1a: Houndoom\n|-boost|p1a: Houndoom|spa|2\n|move|p1b: Dipplin|Rollout|p2b: Swoobat|[from]lockedmove\n|-supereffective|p2b: Swoobat\n|-damage|p2b: Swoobat|55\/100\n|\n|-damage|p1a: Houndoom|76\/100 psn|[from] psn\n|-damage|p1b: Dipplin|76\/100 psn|[from] psn\n|upkeep\n|turn|3\n|\n|t:|1695491852\n|move|p2a: Dugtrio|High Horsepower|p1a: Houndoom\n|-supereffective|p1a: Houndoom\n|-damage|p1a: Houndoom|0 fnt\n|faint|p1a: Houndoom\n|move|p2b: Swoobat|Venom Drench|p1b: Dipplin\n|-unboost|p1b: Dipplin|atk|1\n|-unboost|p1b: Dipplin|spa|1\n|-unboost|p1b: Dipplin|spe|1\n|move|p1b: Dipplin|Rollout|p2b: Swoobat|[from]lockedmove\n|-supereffective|p2b: Swoobat\n|-damage|p2b: Swoobat|27\/100\n|-enditem|p2b: Swoobat|Sitrus Berry|[eat]\n|-heal|p2b: Swoobat|52\/100|[from] item: Sitrus Berry\n|\n|-damage|p1b: Dipplin|64\/100 psn|[from] psn\n|upkeep\n|\n|t:|1695491868\n|switch|p1a: Iron Bundle|Iron Bundle|100\/100\n|-enditem|p1a: Iron Bundle|Booster Energy\n|-activate|p1a: Iron Bundle|ability: Quark Drive|[fromitem]\n|-start|p1a: Iron Bundle|quarkdrivespe\n|turn|4\n|\n|t:|1695491880\n|move|p2a: Dugtrio|Protect|p2a: Dugtrio\n|-singleturn|p2a: Dugtrio|Protect\n|move|p1a: Iron Bundle|Freeze-Dry|p2a: Dugtrio\n|-activate|p2a: Dugtrio|move: Protect\n|move|p2b: Swoobat|Tailwind|p2b: Swoobat\n|-sidestart|p2: Bluberry108|move: Tailwind\n|move|p1b: Dipplin|Rollout|p2b: Swoobat|[from]lockedmove\n|-supereffective|p2b: Swoobat\n|-crit|p2b: Swoobat\n|-damage|p2b: Swoobat|0 fnt\n|faint|p2b: Swoobat\n|\n|-damage|p1b: Dipplin|51\/100 psn|[from] psn\n|upkeep\n|\n|t:|1695491900\n|switch|p2b: Armarouge|Armarouge, M|100\/100\n|turn|5\n|\n|t:|1695491909\n|move|p2a: Dugtrio|Rock Slide|p1a: Iron Bundle|[spread] p1a,p1b\n|-supereffective|p1a: Iron Bundle\n|-damage|p1a: Iron Bundle|68\/100\n|-damage|p1b: Dipplin|42\/100 psn\n|cant|p1a: Iron Bundle|flinch\n|move|p2b: Armarouge|Armor Cannon|p1a: Iron Bundle\n|-damage|p1a: Iron Bundle|0 fnt\n|-unboost|p2b: Armarouge|def|1\n|-unboost|p2b: Armarouge|spd|1\n|faint|p1a: Iron Bundle\n|-end|p1a: Iron Bundle|Quark Drive|[silent]\n|cant|p1b: Dipplin|flinch\n|\n|-damage|p1b: Dipplin|30\/100 psn|[from] psn\n|upkeep\n|\n|t:|1695491923\n|switch|p1a: Marshadow|Marshadow|100\/100\n|turn|6\n|\n|t:|1695491932\n|-terastallize|p2b: Armarouge|Fire\n|move|p2a: Dugtrio|Protect|p2a: Dugtrio\n|-singleturn|p2a: Dugtrio|Protect\n|move|p1a: Marshadow|Shadow Sneak|p2b: Armarouge\n|-damage|p2b: Armarouge|53\/100\n|-ability|p2b: Armarouge|Weak Armor|boost\n|-unboost|p2b: Armarouge|def|1\n|-boost|p2b: Armarouge|spe|2\n|move|p2b: Armarouge|Armor Cannon|p1a: Marshadow\n|-damage|p1a: Marshadow|0 fnt\n|-unboost|p2b: Armarouge|def|1\n|-unboost|p2b: Armarouge|spd|1\n|faint|p1a: Marshadow\n|move|p1b: Dipplin|Syrup Bomb|p2a: Dugtrio\n|-activate|p2a: Dugtrio|move: Protect\n|\n|-damage|p1b: Dipplin|17\/100 psn|[from] psn\n|upkeep\n|\n|t:|1695491948\n|switch|p1a: Munkidori|Munkidori, M|100\/100\n|turn|7\n|\n|t:|1695491966\n|move|p1a: Munkidori|Fake Out|p2b: Armarouge\n|-damage|p2b: Armarouge|31\/100\n|-ability|p2b: Armarouge|Weak Armor|boost\n|-unboost|p2b: Armarouge|def|1\n|-boost|p2b: Armarouge|spe|2\n|cant|p2b: Armarouge|flinch\n|move|p2a: Dugtrio|High Horsepower|p1a: Munkidori|[miss]\n|-miss|p2a: Dugtrio|p1a: Munkidori\n|move|p1b: Dipplin|Syrup Bomb|p2a: Dugtrio\n|-supereffective|p2a: Dugtrio\n|-damage|p2a: Dugtrio|66\/100\n|-start|p2a: Dugtrio|Syrup Bomb\n|\n|-damage|p1b: Dipplin|5\/100 psn|[from] psn\n|-unboost|p2a: Dugtrio|spe|1\n|-sideend|p2: Bluberry108|move: Tailwind\n|upkeep\n|turn|8\n|\n|t:|1695491987\n|move|p2b: Armarouge|Armor Cannon|p1a: Munkidori\n|-crit|p1a: Munkidori\n|-damage|p1a: Munkidori|0 fnt\n|-unboost|p2b: Armarouge|def|1\n|-unboost|p2b: Armarouge|spd|1\n|faint|p1a: Munkidori\n|move|p2a: Dugtrio|High Horsepower|p1b: Dipplin\n|-resisted|p1b: Dipplin\n|-damage|p1b: Dipplin|0 fnt\n|faint|p1b: Dipplin\n|\n|-unboost|p2a: Dugtrio|spe|1\n|upkeep\n|inactive|Ex0tic_s0da has 120 seconds left.\n|\n|t:|1695492003\n|switch|p1b: Dudunsparce|Dudunsparce-Three-Segment, F|100\/100\n|turn|9\n|\n|t:|1695492012\n|move|p2b: Armarouge|Armor Cannon|p1b: Dudunsparce\n|-crit|p1b: Dudunsparce\n|-damage|p1b: Dudunsparce|0 fnt\n|-unboost|p2b: Armarouge|def|1\n|-unboost|p2b: Armarouge|spd|1\n|faint|p1b: Dudunsparce\n|\n|win|Bluberry108\n|raw|Ex0tic_s0da's rating: 1077 &rarr; <strong>1055<\/strong><br \/>(-22 for losing)\n|raw|Bluberry108's rating: 1073 &rarr; <strong>1102<\/strong><br \/>(+29 for winning)\n|l|\u2606Ex0tic_s0da\n","uploadtime":1695492020,"views":7,"p1id":"ex0tics0da","p2id":"bluberry108","formatid":"gen9nationaldexdoubles","rating":1055,"private":0,"password":""}