{"id":"gen9nationaldexdoubles-1958829430","p1":"AutumnCookie","p2":"kpoc12","format":"[Gen 9] National Dex Doubles","log":"|j|\u2606AutumnCookie\n|j|\u2606kpoc12\n|t:|1696361110\n|gametype|doubles\n|player|p1|AutumnCookie|red|\n|player|p2|kpoc12|raihan|\n|teamsize|p1|6\n|teamsize|p2|6\n|gen|9\n|tier|[Gen 9] National Dex Doubles\n|rule|HP Percentage Mod: HP is shown in percentages\n|rule|Endless Battle Clause: Forcing endless battles is banned\n|rule|OHKO Clause: OHKO moves are banned\n|rule|Evasion Moves Clause: Evasion moves are banned\n|rule|Evasion Abilities Clause: Evasion abilities are banned\n|rule|Species Clause: Limit one of each Pok\u00e9mon\n|rule|Gravity Sleep Clause: The combination of sleep-inducing moves with imperfect accuracy and Gravity or Gigantamax Orbeetle are banned\n|clearpoke\n|poke|p1|Pikachu, F|\n|poke|p1|Charizard, M|\n|poke|p1|Venusaur, F|\n|poke|p1|Blastoise, M|\n|poke|p1|Lapras, F|\n|poke|p1|Snorlax, M|\n|poke|p2|Torkoal, M|\n|poke|p2|Goodra, M|\n|poke|p2|Turtonator, M|\n|poke|p2|Flygon, M|\n|poke|p2|Duraludon, F|\n|poke|p2|Gigalith, F|\n|teampreview\n|\n|t:|1696361130\n|start\n|switch|p1a: Pikachu|Pikachu, F|100\/100\n|switch|p1b: Blastoise|Blastoise, M|100\/100\n|switch|p2a: Flygon|Flygon, M|100\/100\n|switch|p2b: Gigalith|Gigalith, F|100\/100\n|-weather|Sandstorm|[from] ability: Sand Stream|[of] p2b: Gigalith\n|turn|1\n|\n|t:|1696361190\n|move|p1b: Blastoise|Fake Out|p2a: Flygon\n|-damage|p2a: Flygon|86\/100\n|cant|p2a: Flygon|flinch\n|move|p1a: Pikachu|Brick Break|p2b: Gigalith\n|-supereffective|p2b: Gigalith\n|-damage|p2b: Gigalith|57\/100\n|move|p2b: Gigalith|Stealth Rock|p1b: Blastoise\n|-sidestart|p1: AutumnCookie|move: Stealth Rock\n|\n|-weather|Sandstorm|[upkeep]\n|-damage|p1a: Pikachu|94\/100|[from] Sandstorm\n|-damage|p1b: Blastoise|94\/100|[from] Sandstorm\n|-heal|p1b: Blastoise|100\/100|[from] item: Leftovers\n|upkeep\n|turn|2\n|\n|t:|1696361225\n|switch|p2b: Goodra|Goodra, M|100\/100\n|move|p2a: Flygon|Earthquake|p1b: Blastoise|[spread] p2b,p1a,p1b\n|-supereffective|p1a: Pikachu\n|-damage|p2b: Goodra|63\/100\n|-damage|p1a: Pikachu|0 fnt\n|-damage|p1b: Blastoise|72\/100\n|faint|p1a: Pikachu\n|move|p1b: Blastoise|Rapid Spin|p2b: Goodra\n|-damage|p2b: Goodra|45\/100\n|-boost|p1b: Blastoise|spe|1\n|-sideend|p1: AutumnCookie|Stealth Rock|[from] move: Rapid Spin|[of] p1b: Blastoise\n|-enditem|p2b: Goodra|Sitrus Berry|[eat]\n|-heal|p2b: Goodra|70\/100|[from] item: Sitrus Berry\n|\n|-weather|Sandstorm|[upkeep]\n|-damage|p1b: Blastoise|66\/100|[from] Sandstorm\n|-damage|p2b: Goodra|64\/100|[from] Sandstorm\n|-heal|p1b: Blastoise|72\/100|[from] item: Leftovers\n|upkeep\n|l|\u2606AutumnCookie\n|player|p1|\n|j|\u2606AutumnCookie\n|player|p1|AutumnCookie|red\n|\n|t:|1696361270\n|switch|p1a: Lapras|Lapras, F|100\/100\n|turn|3\n|j| cassinidivision\n|c| cassinidivision|late..... sadge\n|\n|t:|1696361298\n|move|p2a: Flygon|Breaking Swipe|p1b: Blastoise|[spread] p1a,p1b\n|-damage|p1a: Lapras|83\/100\n|-damage|p1b: Blastoise|55\/100\n|-unboost|p1a: Lapras|atk|1\n|-unboost|p1b: Blastoise|atk|1\n|move|p1b: Blastoise|Rapid Spin|p2a: Flygon\n|-damage|p2a: Flygon|74\/100\n|-boost|p1b: Blastoise|spe|1\n|move|p2b: Goodra|Thunderbolt|p1a: Lapras\n|-supereffective|p1a: Lapras\n|-damage|p1a: Lapras|54\/100\n|move|p1a: Lapras|Ice Beam|p2a: Flygon\n|-supereffective|p2a: Flygon\n|-damage|p2a: Flygon|0 fnt\n|faint|p2a: Flygon\n|\n|-weather|Sandstorm|[upkeep]\n|-damage|p1b: Blastoise|49\/100|[from] Sandstorm\n|-damage|p2b: Goodra|58\/100|[from] Sandstorm\n|-damage|p1a: Lapras|48\/100|[from] Sandstorm\n|-heal|p1b: Blastoise|55\/100|[from] item: Leftovers\n|upkeep\n|c|\u2606kpoc12|overwatch has changed so much since ilast touched it\n|c|\u2606AutumnCookie|Sorry Flygon.\n|\n|t:|1696361342\n|switch|p2a: Duraludon|Duraludon, F|100\/100\n|turn|4\n|l|\u2606AutumnCookie\n|player|p1|\n|j|\u2606AutumnCookie\n|player|p1|AutumnCookie|red\n|c|\u2606AutumnCookie|Still trying to figure out what fuckin move made me have to change Pikachu to female\n|\n|t:|1696361398\n|move|p1b: Blastoise|Aqua Tail|p1a: Lapras\n|-heal|p1a: Lapras|73\/100|[from] ability: Water Absorb|[of] p1b: Blastoise\n|move|p2a: Duraludon|Stone Edge|p1a: Lapras\n|-supereffective|p1a: Lapras\n|-damage|p1a: Lapras|27\/100\n|move|p2b: Goodra|Thunderbolt|p1b: Blastoise\n|-supereffective|p1b: Blastoise\n|-damage|p1b: Blastoise|0 fnt\n|faint|p1b: Blastoise\n|move|p1a: Lapras|Ice Beam|p2b: Goodra\n|-supereffective|p2b: Goodra\n|-damage|p2b: Goodra|5\/100\n|\n|-weather|Sandstorm|[upkeep]\n|-damage|p2b: Goodra|0 fnt|[from] Sandstorm\n|-damage|p1a: Lapras|21\/100|[from] Sandstorm\n|faint|p2b: Goodra\n|upkeep\n|c| cassinidivision|trans\n|c| cassinidivision|oh that sand kill\n|c|\u2606kpoc12|killed her\n|c|\u2606kpoc12|sorry i am not paying attention at all\n|\n|t:|1696361433\n|switch|p2b: Gigalith|Gigalith, F|57\/100\n|switch|p1b: Charizard|Charizard, M|100\/100\n|turn|5\n|c| cassinidivision|autumn can we red vs leaf after this i just really wanna try her tea m\n|\n|t:|1696361473\n|detailschange|p1b: Charizard|Charizard-Mega-X, M\n|-mega|p1b: Charizard|Charizard|Charizardite X\n|move|p1b: Charizard|Dragon Claw|p2a: Duraludon\n|-damage|p2a: Duraludon|39\/100\n|move|p2a: Duraludon|Dragon Claw|p1b: Charizard\n|-supereffective|p1b: Charizard\n|-damage|p1b: Charizard|27\/100\n|move|p1a: Lapras|Ice Beam|p2b: Gigalith\n|-damage|p2b: Gigalith|29\/100\n|move|p2b: Gigalith|Rock Blast|p1a: Lapras\n|-supereffective|p1a: Lapras\n|-damage|p1a: Lapras|0 fnt\n|faint|p1a: Lapras\n|-hitcount|p1: Lapras|1\n|\n|-weather|Sandstorm|[upkeep]\n|-damage|p1b: Charizard|21\/100|[from] Sandstorm\n|upkeep\n|\n|t:|1696361493\n|switch|p1a: Venusaur|Venusaur, F|100\/100\n|turn|6\n|c|\u2606AutumnCookie|YES ABSOLUTELY\n|\n|t:|1696361518\n|switch|p2b: Turtonator|Turtonator, M|100\/100\n|move|p1b: Charizard|Dragon Claw|p2a: Duraludon\n|-damage|p2a: Duraludon|0 fnt\n|faint|p2a: Duraludon\n|move|p1a: Venusaur|Grass Knot|p2b: Turtonator\n|-resisted|p2b: Turtonator\n|-damage|p2b: Turtonator|86\/100\n|\n|-weather|Sandstorm|[upkeep]\n|-damage|p1b: Charizard|15\/100|[from] Sandstorm\n|-damage|p1a: Venusaur|95\/100|[from] Sandstorm\n|-damage|p2b: Turtonator|79\/100|[from] Sandstorm\n|upkeep\n|\n|t:|1696361529\n|switch|p2a: Torkoal|Torkoal, M|100\/100\n|-weather|SunnyDay|[from] ability: Drought|[of] p2a: Torkoal\n|turn|7\n|-activate|p2a: Torkoal|item: Quick Claw\n|\n|t:|1696361549\n|switch|p1a: Snorlax|Snorlax, M|100\/100\n|move|p2a: Torkoal|Lava Plume|p1b: Charizard|[spread] p2b,p1a,p1b\n|-resisted|p2b: Turtonator\n|-resisted|p1b: Charizard\n|-damage|p2b: Turtonator|68\/100\n|-damage|p1a: Snorlax|88\/100\n|-damage|p1b: Charizard|2\/100\n|-status|p1a: Snorlax|brn\n|move|p1b: Charizard|Dragon Claw|p2b: Turtonator\n|-supereffective|p2b: Turtonator\n|-damage|p2b: Turtonator|0 fnt\n|faint|p2b: Turtonator\n|\n|-weather|SunnyDay|[upkeep]\n|-damage|p1a: Snorlax|82\/100 brn|[from] brn\n|upkeep\n|\n|t:|1696361563\n|switch|p2b: Gigalith|Gigalith, F|29\/100\n|-weather|Sandstorm|[from] ability: Sand Stream|[of] p2b: Gigalith\n|turn|8\n|c|\u2606AutumnCookie|WOW CHARIZARD LIVED AND THAT CAME IN SO CLUTCH\n|\n|t:|1696361613\n|move|p1b: Charizard|Dragon Claw|p2b: Gigalith\n|-damage|p2b: Gigalith|0 fnt\n|faint|p2b: Gigalith\n|move|p1a: Snorlax|Double-Edge|p2a: Torkoal\n|-damage|p2a: Torkoal|73\/100\n|-damage|p1a: Snorlax|76\/100 brn|[from] Recoil\n|-damage|p1a: Snorlax|67\/100 brn|[from] item: Life Orb\n|move|p2a: Torkoal|Body Press|p1a: Snorlax\n|-supereffective|p1a: Snorlax\n|-damage|p1a: Snorlax|20\/100 brn\n|\n|-weather|Sandstorm|[upkeep]\n|-damage|p1b: Charizard|0 fnt|[from] Sandstorm\n|-damage|p1a: Snorlax|14\/100 brn|[from] Sandstorm\n|-damage|p2a: Torkoal|67\/100|[from] Sandstorm\n|faint|p1b: Charizard\n|-damage|p1a: Snorlax|8\/100 brn|[from] brn\n|upkeep\n|c| cassinidivision|ow\n|\n|t:|1696361632\n|switch|p1b: Venusaur|Venusaur, F|95\/100\n|turn|9\n|-activate|p2a: Torkoal|item: Quick Claw\n|\n|t:|1696361640\n|move|p1b: Venusaur|Protect|p1b: Venusaur\n|-singleturn|p1b: Venusaur|Protect\n|move|p2a: Torkoal|Lava Plume|p1a: Snorlax|[spread] p1a\n|-activate|p1b: Venusaur|move: Protect\n|-damage|p1a: Snorlax|1\/100 brn\n|move|p1a: Snorlax|Earthquake|p2a: Torkoal|[spread] p2a\n|-activate|p1b: Venusaur|move: Protect\n|-supereffective|p2a: Torkoal\n|-damage|p2a: Torkoal|41\/100\n|-damage|p1a: Snorlax|0 fnt|[from] item: Life Orb\n|faint|p1a: Snorlax\n|\n|-weather|Sandstorm|[upkeep]\n|-damage|p1b: Venusaur|89\/100|[from] Sandstorm\n|-damage|p2a: Torkoal|35\/100|[from] Sandstorm\n|upkeep\n|turn|10\n|-activate|p2a: Torkoal|item: Quick Claw\n|\n|t:|1696361661\n|move|p2a: Torkoal|Lava Plume|p1b: Venusaur\n|-supereffective|p1b: Venusaur\n|-damage|p1b: Venusaur|11\/100\n|-enditem|p1b: Venusaur|Salac Berry|[eat]\n|-boost|p1b: Venusaur|spe|1|[from] item: Salac Berry\n|move|p1b: Venusaur|Sludge Bomb|p2a: Torkoal\n|-damage|p2a: Torkoal|0 fnt\n|faint|p2a: Torkoal\n|\n|win|AutumnCookie\n|c|\u2606kpoc12|gg\n|c| cassinidivision|damn\n|c| cassinidivision|close\n|c|\u2606AutumnCookie|JUST LIKE LAST TIME IT CAME DOWN TO VENUSAUR\n|l|\u2606kpoc12\n","uploadtime":1696361704,"views":9,"p1id":"autumncookie","p2id":"kpoc12","formatid":"gen9nationaldexdoubles","rating":0,"private":0,"password":""}