{"id":"gen9nationaldexdoubles-1981376653","p1":"Van. Volcanucks","p2":"Mymomismymommy","format":"[Gen 9] National Dex Doubles","log":"|j|\u2606Van. Volcanucks\n|j|\u2606Mymomismymommy\n|t:|1698889112\n|gametype|doubles\n|player|p1|Van. Volcanucks|ghetsis|1163\n|player|p2|Mymomismymommy|101|1000\n|teamsize|p1|6\n|teamsize|p2|6\n|gen|9\n|tier|[Gen 9] National Dex Doubles\n|rated|\n|rule|HP Percentage Mod: HP is shown in percentages\n|rule|Endless Battle Clause: Forcing endless battles is banned\n|rule|OHKO Clause: OHKO moves are banned\n|rule|Evasion Moves Clause: Evasion moves are banned\n|rule|Evasion Abilities Clause: Evasion abilities are banned\n|rule|Species Clause: Limit one of each Pok\u00e9mon\n|rule|Gravity Sleep Clause: The combination of sleep-inducing moves with imperfect accuracy and Gravity or Gigantamax Orbeetle are banned\n|clearpoke\n|poke|p1|Ogerpon-Hearthflame, F|\n|poke|p1|Walking Wake|\n|poke|p1|Torkoal, M|\n|poke|p1|Cherrim, F|\n|poke|p1|Ursaluna, M|\n|poke|p1|Cresselia, F|\n|poke|p2|Cramorant, M|\n|poke|p2|Turtonator, F|\n|poke|p2|Keldeo-Resolute|\n|poke|p2|Ariados, M|\n|poke|p2|Bellibolt, M|\n|poke|p2|Celebi|\n|teampreview\n|inactive|Battle timer is ON: inactive players will automatically lose when time's up. (requested by Van. Volcanucks)\n|\n|t:|1698889140\n|start\n|switch|p1a: Ursaluna|Ursaluna, M|100\/100\n|switch|p1b: Opergon|Ogerpon-Hearthflame, F|100\/100\n|switch|p2a: Cramorant|Cramorant, M|100\/100\n|switch|p2b: Turtonator|Turtonator, F|100\/100\n|-ability|p1b: Opergon|Mold Breaker\n|turn|1\n|\n|t:|1698889164\n|switch|p1b: Walking Wake|Walking Wake|100\/100\n|move|p2a: Cramorant|Tailwind|p2a: Cramorant\n|-sidestart|p2: Mymomismymommy|move: Tailwind\n|move|p2b: Turtonator|Shell Smash|p2b: Turtonator\n|-unboost|p2b: Turtonator|def|1\n|-unboost|p2b: Turtonator|spd|1\n|-boost|p2b: Turtonator|atk|2\n|-boost|p2b: Turtonator|spa|2\n|-boost|p2b: Turtonator|spe|2\n|move|p1a: Ursaluna|Swords Dance|p1a: Ursaluna\n|-boost|p1a: Ursaluna|atk|2\n|\n|-status|p1a: Ursaluna|brn|[from] item: Flame Orb\n|upkeep\n|turn|2\n|inactive|Mymomismymommy has 120 seconds left.\n|\n|t:|1698889196\n|move|p1b: Walking Wake|Protect|p1b: Walking Wake\n|-singleturn|p1b: Walking Wake|Protect\n|move|p2a: Cramorant|Surf|p1a: Ursaluna|[spread] p2b,p1a\n|-activate|p1b: Walking Wake|move: Protect\n|-formechange|p2a: Cramorant|Cramorant-Gulping|\n|-supereffective|p1a: Ursaluna\n|-damage|p2b: Turtonator|44\/100\n|-damage|p1a: Ursaluna|60\/100 brn\n|move|p2b: Turtonator|Dragon Pulse|p1b: Walking Wake\n|-activate|p1b: Walking Wake|move: Protect\n|move|p1a: Ursaluna|Facade|p2a: Cramorant\n|-damage|p2a: Cramorant|0 fnt\n|-damage|p1a: Ursaluna|35\/100 brn|[from] ability: Gulp Missile|[of] p2a: Cramorant\n|-unboost|p1a: Ursaluna|def|1\n|-formechange|p2a: Cramorant|Cramorant|\n|faint|p2a: Cramorant\n|\n|-damage|p1a: Ursaluna|29\/100 brn|[from] brn\n|upkeep\n|inactive|Mymomismymommy has 120 seconds left.\n|\n|t:|1698889220\n|switch|p2a: Keldeo|Keldeo-Resolute|100\/100\n|turn|3\n|inactive|Mymomismymommy has 120 seconds left.\n|\n|t:|1698889254\n|-end|p1b: Walking Wake|Protosynthesis|[silent]\n|switch|p1b: Cresselia|Cresselia, F|100\/100\n|move|p1a: Ursaluna|Protect|p1a: Ursaluna\n|-singleturn|p1a: Ursaluna|Protect\n|move|p2a: Keldeo|Secret Sword|p1a: Ursaluna\n|-activate|p1a: Ursaluna|move: Protect\n|move|p2b: Turtonator|Dragon Pulse|p1b: Cresselia\n|-damage|p1b: Cresselia|51\/100\n|\n|-heal|p1b: Cresselia|57\/100|[from] item: Leftovers\n|-damage|p1a: Ursaluna|23\/100 brn|[from] brn\n|upkeep\n|turn|4\n|inactive|Mymomismymommy has 120 seconds left.\n|inactive|Mymomismymommy has 90 seconds left.\n|\n|t:|1698889294\n|switch|p1a: Torkoal|Torkoal, M|100\/100\n|-weather|SunnyDay|[from] ability: Drought|[of] p1a: Torkoal\n|move|p2a: Keldeo|Air Slash|p1b: Cresselia\n|-damage|p1b: Cresselia|39\/100\n|move|p2b: Turtonator|Hidden Power|p1a: Torkoal\n|-resisted|p1a: Torkoal\n|-damage|p1a: Torkoal|76\/100\n|move|p1b: Cresselia|Trick Room|p1b: Cresselia\n|-fieldstart|move: Trick Room|[of] p1b: Cresselia\n|\n|-weather|SunnyDay|[upkeep]\n|-heal|p1b: Cresselia|45\/100|[from] item: Leftovers\n|-sideend|p2: Mymomismymommy|move: Tailwind\n|upkeep\n|turn|5\n|inactive|Mymomismymommy has 90 seconds left.\n|\n|t:|1698889322\n|move|p1a: Torkoal|Earth Power|p2b: Turtonator\n|-supereffective|p2b: Turtonator\n|-damage|p2b: Turtonator|0 fnt\n|faint|p2b: Turtonator\n|move|p1b: Cresselia|Lunar Blessing|p1b: Cresselia|[spread] p1a,p1b\n|-heal|p1a: Torkoal|100\/100\n|-heal|p1b: Cresselia|70\/100\n|move|p2a: Keldeo|Scald|p1a: Torkoal\n|-supereffective|p1a: Torkoal\n|-damage|p1a: Torkoal|39\/100\n|\n|-weather|SunnyDay|[upkeep]\n|-heal|p1b: Cresselia|76\/100|[from] item: Leftovers\n|upkeep\n|\n|t:|1698889345\n|switch|p2b: Bellibolt|Bellibolt, M|100\/100\n|turn|6\n|inactive|Mymomismymommy has 90 seconds left.\n|\n|t:|1698889357\n|move|p1a: Torkoal|Solar Beam||[still]\n|-prepare|p1a: Torkoal|Solar Beam\n|-anim|p1a: Torkoal|Solar Beam|p2a: Keldeo\n|-supereffective|p2a: Keldeo\n|-damage|p2a: Keldeo|30\/100\n|move|p2b: Bellibolt|Discharge|p1b: Cresselia|[spread] p2a,p1a,p1b\n|-supereffective|p2a: Keldeo\n|-crit|p1b: Cresselia\n|-damage|p2a: Keldeo|0 fnt\n|-damage|p1a: Torkoal|12\/100\n|-damage|p1b: Cresselia|56\/100\n|faint|p2a: Keldeo\n|move|p1b: Cresselia|Lunar Blessing|p1b: Cresselia|[spread] p1a,p1b\n|-heal|p1a: Torkoal|37\/100\n|-heal|p1b: Cresselia|81\/100\n|\n|-weather|SunnyDay|[upkeep]\n|-heal|p1b: Cresselia|87\/100|[from] item: Leftovers\n|upkeep\n|\n|t:|1698889374\n|switch|p2a: Celebi|Celebi|100\/100\n|turn|7\n|\n|t:|1698889385\n|move|p2b: Bellibolt|Protect|p2b: Bellibolt\n|-singleturn|p2b: Bellibolt|Protect\n|move|p1a: Torkoal|Earth Power|p2b: Bellibolt\n|-activate|p2b: Bellibolt|move: Protect\n|move|p1b: Cresselia|Lunar Blessing|p1b: Cresselia|[spread] p1a,p1b\n|-heal|p1a: Torkoal|62\/100\n|-heal|p1b: Cresselia|100\/100\n|move|p2a: Celebi|Dazzling Gleam|p1b: Cresselia|[spread] p1a,p1b\n|-resisted|p1a: Torkoal\n|-damage|p1a: Torkoal|51\/100\n|-damage|p1b: Cresselia|90\/100\n|\n|-weather|SunnyDay|[upkeep]\n|-heal|p1b: Cresselia|96\/100|[from] item: Leftovers\n|upkeep\n|turn|8\n|\n|t:|1698889411\n|move|p1a: Torkoal|Earth Power|p2b: Bellibolt\n|-supereffective|p2b: Bellibolt\n|-damage|p2b: Bellibolt|49\/100\n|-start|p2b: Bellibolt|Charge|Earth Power|[from] ability: Electromorphosis\n|move|p2b: Bellibolt|Light Screen|p2b: Bellibolt\n|-sidestart|p2: Mymomismymommy|move: Light Screen\n|move|p1b: Cresselia|Lunar Blessing|p1b: Cresselia|[spread] p1a,p1b\n|-heal|p1a: Torkoal|76\/100\n|-heal|p1b: Cresselia|100\/100\n|move|p2a: Celebi|Nasty Plot|p2a: Celebi\n|-boost|p2a: Celebi|spa|2\n|\n|-weather|SunnyDay|[upkeep]\n|-heal|p2b: Bellibolt|55\/100|[from] item: Leftovers\n|-fieldend|move: Trick Room\n|upkeep\n|turn|9\n|\n|t:|1698889440\n|move|p2b: Bellibolt|Protect|p2b: Bellibolt\n|-singleturn|p2b: Bellibolt|Protect\n|move|p2a: Celebi|Dazzling Gleam|p1a: Torkoal|[spread] p1a,p1b\n|-resisted|p1a: Torkoal\n|-damage|p1a: Torkoal|55\/100\n|-damage|p1b: Cresselia|77\/100\n|move|p1b: Cresselia|Ice Beam|p2a: Celebi\n|-supereffective|p2a: Celebi\n|-damage|p2a: Celebi|70\/100\n|move|p1a: Torkoal|Earth Power|p2b: Bellibolt\n|-activate|p2b: Bellibolt|move: Protect\n|\n|-weather|SunnyDay|[upkeep]\n|-heal|p2a: Celebi|76\/100|[from] item: Leftovers\n|-heal|p1b: Cresselia|83\/100|[from] item: Leftovers\n|-heal|p2b: Bellibolt|61\/100|[from] item: Leftovers\n|upkeep\n|turn|10\n|inactive|Mymomismymommy has 90 seconds left.\n|\n|t:|1698889474\n|move|p2a: Celebi|Nasty Plot|p2a: Celebi\n|-boost|p2a: Celebi|spa|2\n|move|p1b: Cresselia|Ice Beam|p2a: Celebi\n|-supereffective|p2a: Celebi\n|-damage|p2a: Celebi|45\/100\n|move|p2b: Bellibolt|Slack Off|p2b: Bellibolt\n|-heal|p2b: Bellibolt|100\/100\n|move|p1a: Torkoal|Eruption|p2b: Bellibolt|[spread] p2a,p2b\n|-supereffective|p2a: Celebi\n|-damage|p2a: Celebi|0 fnt\n|-damage|p2b: Bellibolt|78\/100\n|-start|p2b: Bellibolt|Charge|Eruption|[from] ability: Electromorphosis\n|faint|p2a: Celebi\n|\n|-weather|SunnyDay|[upkeep]\n|-heal|p1b: Cresselia|89\/100|[from] item: Leftovers\n|-heal|p2b: Bellibolt|84\/100|[from] item: Leftovers\n|upkeep\n|inactive|Mymomismymommy has 90 seconds left.\n|\n|t:|1698889494\n|switch|p2a: Ariados|Ariados, M|100\/100\n|turn|11\n|\n|t:|1698889507\n|switch|p1a: Ursaluna|Ursaluna, M|23\/100 brn\n|move|p1b: Cresselia|Lunar Blessing|p1b: Cresselia|[spread] p1a,p1b\n|-heal|p1a: Ursaluna|48\/100 brn\n|-curestatus|p1a: Ursaluna|brn|[msg]\n|-heal|p1b: Cresselia|100\/100\n|move|p2a: Ariados|Toxic|p1b: Cresselia\n|-status|p1b: Cresselia|tox\n|move|p2b: Bellibolt|Discharge|p1b: Cresselia|[spread] p2a,p1b\n|-immune|p1a: Ursaluna\n|-damage|p2a: Ariados|61\/100\n|-damage|p1b: Cresselia|71\/100 tox\n|-end|p2b: Bellibolt|Charge|[silent]\n|\n|-weather|none\n|-heal|p1b: Cresselia|78\/100 tox|[from] item: Leftovers\n|-heal|p2a: Ariados|67\/100|[from] item: Leftovers\n|-heal|p2b: Bellibolt|90\/100|[from] item: Leftovers\n|-damage|p1b: Cresselia|71\/100 tox|[from] psn\n|-status|p1a: Ursaluna|brn|[from] item: Flame Orb\n|upkeep\n|turn|12\n|inactive|Mymomismymommy has 90 seconds left.\n|\n|t:|1698889539\n|move|p2b: Bellibolt|Protect|p2b: Bellibolt\n|-singleturn|p2b: Bellibolt|Protect\n|move|p1b: Cresselia|Ice Beam|p2a: Ariados\n|-damage|p2a: Ariados|44\/100\n|move|p2a: Ariados|Foul Play|p1a: Ursaluna\n|-damage|p1a: Ursaluna|15\/100 brn\n|move|p1a: Ursaluna|Earthquake|p2b: Bellibolt|[spread] p2a\n|-activate|p2b: Bellibolt|move: Protect\n|-immune|p1b: Cresselia|[from] ability: Levitate\n|-damage|p2a: Ariados|0 fnt\n|faint|p2a: Ariados\n|\n|-heal|p1b: Cresselia|78\/100 tox|[from] item: Leftovers\n|-heal|p2b: Bellibolt|96\/100|[from] item: Leftovers\n|-damage|p1b: Cresselia|65\/100 tox|[from] psn\n|-damage|p1a: Ursaluna|9\/100 brn|[from] brn\n|-sideend|p2: Mymomismymommy|move: Light Screen\n|upkeep\n|turn|13\n|inactive|Mymomismymommy has 90 seconds left.\n|\n|t:|1698889566\n|switch|p1b: Opergon|Ogerpon-Hearthflame, F|100\/100\n|-ability|p1b: Opergon|Mold Breaker\n|move|p2b: Bellibolt|Slack Off|p2b: Bellibolt\n|-heal|p2b: Bellibolt|100\/100\n|move|p1a: Ursaluna|Swords Dance|p1a: Ursaluna\n|-boost|p1a: Ursaluna|atk|2\n|\n|-damage|p1a: Ursaluna|3\/100 brn|[from] brn\n|upkeep\n|turn|14\n|\n|t:|1698889580\n|move|p1b: Opergon|Spiky Shield|p1b: Opergon\n|-singleturn|p1b: Opergon|move: Protect\n|move|p2b: Bellibolt|Protect|p2b: Bellibolt\n|-singleturn|p2b: Bellibolt|Protect\n|move|p1a: Ursaluna|Earthquake|p2b: Bellibolt|[spread] \n|-activate|p1b: Opergon|move: Protect\n|-activate|p2b: Bellibolt|move: Protect\n|\n|-damage|p1a: Ursaluna|0 fnt|[from] brn\n|faint|p1a: Ursaluna\n|upkeep\n|\n|t:|1698889588\n|switch|p1a: Torkoal|Torkoal, M|55\/100\n|-weather|SunnyDay|[from] ability: Drought|[of] p1a: Torkoal\n|turn|15\n|\n|t:|1698889598\n|move|p1a: Torkoal|Protect|p1a: Torkoal\n|-singleturn|p1a: Torkoal|Protect\n|move|p1b: Opergon|Swords Dance|p1b: Opergon\n|-boost|p1b: Opergon|atk|2\n|move|p2b: Bellibolt|Light Screen|p2b: Bellibolt\n|-sidestart|p2: Mymomismymommy|move: Light Screen\n|\n|-weather|SunnyDay|[upkeep]\n|upkeep\n|turn|16\n|\n|t:|1698889610\n|switch|p1a: Cherrim|Cherrim, F|100\/100\n|-formechange|p1a: Cherrim|Cherrim-Sunshine|[msg]|[from] ability: Flower Gift\n|move|p2b: Bellibolt|Protect|p2b: Bellibolt\n|-singleturn|p2b: Bellibolt|Protect\n|move|p1b: Opergon|Swords Dance|p1b: Opergon\n|-boost|p1b: Opergon|atk|2\n|\n|-weather|SunnyDay|[upkeep]\n|upkeep\n|turn|17\n|\n|t:|1698889622\n|-terastallize|p1b: Opergon|Fire\n|detailschange|p1b: Opergon|Ogerpon-Hearthflame-Tera, F, tera:Fire\n|-ability|p1b: Opergon|Embody Aspect (Hearthflame)|boost\n|-boost|p1b: Opergon|atk|1\n|move|p1a: Cherrim|Protect|p1a: Cherrim\n|-singleturn|p1a: Cherrim|Protect\n|move|p1b: Opergon|Ivy Cudgel|p2b: Bellibolt\n|-crit|p2b: Bellibolt\n|-damage|p2b: Bellibolt|0 fnt\n|faint|p2b: Bellibolt\n|\n|win|Van. Volcanucks\n|raw|Van. Volcanucks's rating: 1163 &rarr; <strong>1177<\/strong><br \/>(+14 for winning)\n|raw|Mymomismymommy's rating: 1000 &rarr; <strong>1000<\/strong><br \/>(+0 for losing)\n|l|\u2606Mymomismymommy\n","uploadtime":1698889632,"views":7,"p1id":"vanvolcanucks","p2id":"mymomismymommy","formatid":"gen9nationaldexdoubles","rating":1000,"private":0,"password":""}