{"id":"gen9nationaldexdoubles-1959188242","p1":"AdvancedDigit","p2":"dwesfdrghsrbfdgfhf","format":"[Gen 9] National Dex Doubles","log":"|j|\u2606AdvancedDigit\n|j|\u2606dwesfdrghsrbfdgfhf\n|t:|1696397740\n|gametype|doubles\n|player|p1|AdvancedDigit|hilbert|1173\n|player|p2|dwesfdrghsrbfdgfhf|2|1121\n|teamsize|p1|6\n|teamsize|p2|6\n|gen|9\n|tier|[Gen 9] National Dex Doubles\n|rated|\n|rule|HP Percentage Mod: HP is shown in percentages\n|rule|Endless Battle Clause: Forcing endless battles is banned\n|rule|OHKO Clause: OHKO moves are banned\n|rule|Evasion Moves Clause: Evasion moves are banned\n|rule|Evasion Abilities Clause: Evasion abilities are banned\n|rule|Species Clause: Limit one of each Pok\u00e9mon\n|rule|Gravity Sleep Clause: The combination of sleep-inducing moves with imperfect accuracy and Gravity or Gigantamax Orbeetle are banned\n|clearpoke\n|poke|p1|Lopunny, M|\n|poke|p1|Volbeat, M|\n|poke|p1|Ogerpon-Wellspring, F|\n|poke|p1|Greninja-*, M|\n|poke|p1|Maushold-Four|\n|poke|p1|Indeedee-F, F|\n|poke|p2|Vaporeon, M|\n|poke|p2|Umbreon, M|\n|poke|p2|Espeon, F|\n|poke|p2|Jolteon, F|\n|poke|p2|Flareon, F|\n|poke|p2|Leafeon, F|\n|teampreview\n|\n|t:|1696397754\n|start\n|switch|p1a: Volbeat|Volbeat, M|100\/100\n|switch|p1b: Maushold|Maushold-Four|100\/100\n|switch|p2a: Umbreon|Umbreon, M|100\/100\n|switch|p2b: Flareon|Flareon, F|100\/100\n|turn|1\n|\n|t:|1696397776\n|move|p1b: Maushold|Follow Me|p1b: Maushold\n|-singleturn|p1b: Maushold|move: Follow Me\n|move|p1a: Volbeat|Tail Glow|p1a: Volbeat\n|-boost|p1a: Volbeat|spa|3\n|move|p2b: Flareon|Flame Charge|p1b: Maushold\n|-damage|p1b: Maushold|61\/100\n|-boost|p2b: Flareon|spe|1\n|move|p2a: Umbreon|Foul Play|p1b: Maushold\n|-damage|p1b: Maushold|37\/100\n|\n|-heal|p1b: Maushold|43\/100|[from] item: Leftovers\n|upkeep\n|turn|2\n|\n|t:|1696397796\n|move|p1b: Maushold|Follow Me|p1b: Maushold\n|-singleturn|p1b: Maushold|move: Follow Me\n|move|p1a: Volbeat|Baton Pass|p1a: Volbeat\n|\n|t:|1696397800\n|switch|p1a: Greninja|Greninja, M|100\/100|[from] Baton Pass\n|move|p2b: Flareon|Flame Charge|p1b: Maushold\n|-damage|p1b: Maushold|5\/100\n|-boost|p2b: Flareon|spe|1\n|move|p2a: Umbreon|Foul Play|p1b: Maushold\n|-damage|p1b: Maushold|0 fnt\n|faint|p1b: Maushold\n|\n|upkeep\n|\n|t:|1696397812\n|switch|p1b: Ogerpon|Ogerpon-Wellspring, F|100\/100\n|turn|3\n|\n|t:|1696397824\n|switch|p2b: Vaporeon|Vaporeon, M|100\/100\n|move|p1a: Greninja|Surf|p2b: Vaporeon|[spread] p2a\n|-immune|p1b: Ogerpon|[from] ability: Water Absorb\n|-immune|p2b: Vaporeon|[from] ability: Water Absorb\n|-damage|p2a: Umbreon|52\/100\n|move|p1b: Ogerpon|Swords Dance|p1b: Ogerpon\n|-boost|p1b: Ogerpon|atk|2\n|move|p2a: Umbreon|Foul Play|p1a: Greninja\n|-resisted|p1a: Greninja\n|-damage|p1a: Greninja|79\/100\n|\n|-heal|p2a: Umbreon|58\/100|[from] item: Leftovers\n|upkeep\n|turn|4\n|\n|t:|1696397843\n|move|p1a: Greninja|Surf|p2b: Vaporeon|[spread] p2a\n|-immune|p1b: Ogerpon|[from] ability: Water Absorb\n|-immune|p2b: Vaporeon|[from] ability: Water Absorb\n|-damage|p2a: Umbreon|11\/100\n|move|p1b: Ogerpon|Horn Leech|p2b: Vaporeon\n|-supereffective|p2b: Vaporeon\n|-damage|p2b: Vaporeon|0 fnt\n|faint|p2b: Vaporeon\n|move|p2a: Umbreon|Foul Play|p1b: Ogerpon\n|-damage|p1b: Ogerpon|0 fnt\n|faint|p1b: Ogerpon\n|\n|-heal|p2a: Umbreon|17\/100|[from] item: Leftovers\n|upkeep\n|\n|t:|1696397859\n|switch|p1b: Indeedee|Indeedee-F, F|100\/100\n|switch|p2b: Leafeon|Leafeon, F|100\/100\n|-fieldstart|move: Psychic Terrain|[from] ability: Psychic Surge|[of] p1b: Indeedee\n|turn|5\n|\n|t:|1696397868\n|move|p2a: Umbreon|Protect|p2a: Umbreon\n|-singleturn|p2a: Umbreon|Protect\n|move|p1b: Indeedee|Follow Me|p1b: Indeedee\n|-singleturn|p1b: Indeedee|move: Follow Me\n|move|p1a: Greninja|Surf|p2b: Leafeon|[spread] p1b,p2b\n|-activate|p2a: Umbreon|move: Protect\n|-resisted|p2b: Leafeon\n|-damage|p1b: Indeedee|23\/100\n|-damage|p2b: Leafeon|69\/100\n|move|p2b: Leafeon|Leaf Blade|p1b: Indeedee\n|-crit|p1b: Indeedee\n|-damage|p1b: Indeedee|0 fnt\n|faint|p1b: Indeedee\n|\n|-heal|p2a: Umbreon|23\/100|[from] item: Leftovers\n|upkeep\n|\n|t:|1696397890\n|switch|p1b: Lopunny|Lopunny, M|100\/100\n|turn|6\n|\n|t:|1696397915\n|switch|p2a: Espeon|Espeon, F|100\/100\n|move|p1a: Greninja|Surf|p2b: Leafeon|[spread] p1b,p2a,p2b\n|-resisted|p2b: Leafeon\n|-damage|p1b: Lopunny|20\/100\n|-damage|p2a: Espeon|7\/100\n|-damage|p2b: Leafeon|39\/100\n|move|p1b: Lopunny|Thunder Wave|p2b: Leafeon\n|-status|p2b: Leafeon|par\n|cant|p2b: Leafeon|par\n|\n|upkeep\n|turn|7\n|\n|t:|1696397931\n|-terastallize|p1a: Greninja|Water\n|move|p1a: Greninja|Surf|p2b: Leafeon|[spread] p1b,p2a,p2b\n|-resisted|p2b: Leafeon\n|-damage|p1b: Lopunny|0 fnt\n|-damage|p2a: Espeon|0 fnt\n|-damage|p2b: Leafeon|0 fnt\n|faint|p1b: Lopunny\n|faint|p2a: Espeon\n|faint|p2b: Leafeon\n|-ability|p1a: Greninja|Battle Bond|boost\n|-boost|p1a: Greninja|atk|1\n|-boost|p1a: Greninja|spa|1\n|-boost|p1a: Greninja|spe|1\n|-activate|p1a: Greninja|ability: Battle Bond\n|\n|upkeep\n|c|\u2606AdvancedDigit|damn\n|-message|dwesfdrghsrbfdgfhf forfeited.\n|\n|win|AdvancedDigit\n|raw|AdvancedDigit's rating: 1173 &rarr; <strong>1194<\/strong><br \/>(+21 for winning)\n|raw|dwesfdrghsrbfdgfhf's rating: 1121 &rarr; <strong>1100<\/strong><br \/>(-21 for losing)\n|l|\u2606dwesfdrghsrbfdgfhf\n|c|\u2606AdvancedDigit|that para mattered\n","uploadtime":1696397966,"views":7,"p1id":"advanceddigit","p2id":"dwesfdrghsrbfdgfhf","formatid":"gen9nationaldexdoubles","rating":1100,"private":0,"password":""}