{"id":"gen9nationaldexdoubles-1952196566","p1":"MageDream\/UHE","p2":"BetosWessos","format":"[Gen 9] National Dex Doubles","log":"|j|\u2606MageDream\/UHE\n|j|\u2606BetosWessos\n|t:|1695664191\n|gametype|doubles\n|player|p1|MageDream\/UHE|chuck|1165\n|player|p2|BetosWessos|janitor|1195\n|teamsize|p1|6\n|teamsize|p2|6\n|gen|9\n|tier|[Gen 9] National Dex Doubles\n|rated|\n|rule|HP Percentage Mod: HP is shown in percentages\n|rule|Endless Battle Clause: Forcing endless battles is banned\n|rule|OHKO Clause: OHKO moves are banned\n|rule|Evasion Moves Clause: Evasion moves are banned\n|rule|Evasion Abilities Clause: Evasion abilities are banned\n|rule|Species Clause: Limit one of each Pok\u00e9mon\n|rule|Gravity Sleep Clause: The combination of sleep-inducing moves with imperfect accuracy and Gravity or Gigantamax Orbeetle are banned\n|clearpoke\n|poke|p1|Goodra-Hisui, M|\n|poke|p1|Dipplin, F|\n|poke|p1|Malamar, F|\n|poke|p1|Beedrill, F|\n|poke|p1|Ninetales-Alola, F|\n|poke|p1|Marowak-Alola, F|\n|poke|p2|Sandslash-Alola, F|\n|poke|p2|Abomasnow, F|\n|poke|p2|Chien-Pao|\n|poke|p2|Ninetales-Alola, M|\n|poke|p2|Cetitan, F|\n|poke|p2|Rotom-Frost|\n|teampreview\n|c|\u2606MageDream\/UHE|monoice\n|\n|t:|1695664213\n|start\n|switch|p1a: Goodra|Goodra-Hisui, M|100\/100\n|switch|p1b: Ninetales|Ninetales-Alola, F|100\/100\n|switch|p2a: Ninetales|Ninetales-Alola, M, shiny|100\/100\n|switch|p2b: Chien-Pao|Chien-Pao|100\/100\n|-ability|p2b: Chien-Pao|Sword of Ruin\n|-weather|Snow|[from] ability: Snow Warning|[of] p2a: Ninetales\n|turn|1\n|l|\u2606BetosWessos\n|player|p2|\n|j|\u2606BetosWessos\n|player|p2|BetosWessos|janitor\n|\n|t:|1695664321\n|move|p2b: Chien-Pao|Sacred Sword|p1a: Goodra\n|-supereffective|p1a: Goodra\n|-damage|p1a: Goodra|32\/100\n|move|p1b: Ninetales|Aurora Veil|p1b: Ninetales\n|-sidestart|p1: MageDream\/UHE|move: Aurora Veil\n|move|p2a: Ninetales|Aurora Veil|p2a: Ninetales\n|-sidestart|p2: BetosWessos|move: Aurora Veil\n|move|p1a: Goodra|Life Dew||[still]|[spread] p1a,p1b\n|-heal|p1a: Goodra|57\/100\n|-fail|p1b: Ninetales|heal\n|\n|-weather|Snow|[upkeep]\n|upkeep\n|turn|2\n|\n|t:|1695664351\n|move|p2b: Chien-Pao|Sacred Sword|p1a: Goodra\n|-supereffective|p1a: Goodra\n|-damage|p1a: Goodra|11\/100\n|move|p1b: Ninetales|Dazzling Gleam|p2b: Chien-Pao|[spread] p2a,p2b\n|-supereffective|p2b: Chien-Pao\n|-damage|p2a: Ninetales|81\/100\n|-damage|p2b: Chien-Pao|48\/100\n|-damage|p1b: Ninetales|90\/100|[from] item: Life Orb\n|move|p2a: Ninetales|Blizzard|p1a: Goodra|[spread] p1a,p1b\n|-resisted|p1b: Ninetales\n|-damage|p1a: Goodra|1\/100\n|-damage|p1b: Ninetales|78\/100\n|move|p1a: Goodra|Flash Cannon|p2b: Chien-Pao\n|-supereffective|p2b: Chien-Pao\n|-damage|p2b: Chien-Pao|0 fnt\n|faint|p2b: Chien-Pao\n|-damage|p1a: Goodra|0 fnt|[from] item: Life Orb\n|faint|p1a: Goodra\n|\n|-weather|Snow|[upkeep]\n|upkeep\n|c|\u2606BetosWessos|Yup\n|\n|t:|1695664376\n|switch|p2b: Cetitan|Cetitan, F, shiny|100\/100\n|switch|p1a: Marowak|Marowak-Alola, F|100\/100\n|turn|3\n|\n|t:|1695664396\n|switch|p2a: Rotom|Rotom-Frost|100\/100\n|-terastallize|p1a: Marowak|Water\n|move|p2b: Cetitan|Earthquake|p1a: Marowak|[spread] p1a,p1b\n|-immune|p2a: Rotom|[from] ability: Levitate\n|-damage|p1a: Marowak|78\/100\n|-damage|p1b: Ninetales|56\/100\n|-damage|p2b: Cetitan|91\/100|[from] item: Life Orb\n|move|p1b: Ninetales|Dazzling Gleam|p2a: Rotom|[spread] p2a,p2b\n|-damage|p2a: Rotom|76\/100\n|-damage|p2b: Cetitan|72\/100\n|-damage|p1b: Ninetales|46\/100|[from] item: Life Orb\n|move|p1a: Marowak|Rock Slide|p2a: Rotom|[spread] p2a,p2b\n|-supereffective|p2a: Rotom\n|-supereffective|p2b: Cetitan\n|-damage|p2a: Rotom|41\/100\n|-damage|p2b: Cetitan|44\/100\n|\n|-weather|Snow|[upkeep]\n|upkeep\n|turn|4\n|\n|t:|1695664435\n|switch|p1b: Dipplin|Dipplin, F, shiny|100\/100\n|move|p2b: Cetitan|Ice Spinner|p1a: Marowak\n|-resisted|p1a: Marowak\n|-damage|p1a: Marowak|62\/100\n|-damage|p2b: Cetitan|34\/100|[from] item: Life Orb\n|move|p2a: Rotom|Discharge|p1a: Marowak|[spread] p2b,p1b\n|-ability|p1a: Marowak|Lightning Rod|boost\n|-boost|p1a: Marowak|spa|1\n|-resisted|p1b: Dipplin\n|-damage|p2b: Cetitan|12\/100\n|-damage|p1b: Dipplin|97\/100\n|-status|p2b: Cetitan|par\n|move|p1a: Marowak|Flare Blitz|p2a: Rotom\n|-supereffective|p2a: Rotom\n|-damage|p2a: Rotom|0 fnt\n|faint|p2a: Rotom\n|-damage|p1a: Marowak|52\/100|[from] Recoil\n|\n|-weather|Snow|[upkeep]\n|upkeep\n|\n|t:|1695664455\n|switch|p2a: Abomasnow|Abomasnow, F, shiny|100\/100\n|turn|5\n|\n|t:|1695664476\n|switch|p1a: Beedrill|Beedrill, F|100\/100\n|detailschange|p2a: Abomasnow|Abomasnow-Mega, F, shiny\n|-mega|p2a: Abomasnow|Abomasnow|Abomasite\n|move|p2b: Cetitan|Ice Spinner|p1b: Dipplin\n|-supereffective|p1b: Dipplin\n|-damage|p1b: Dipplin|10\/100\n|-damage|p2b: Cetitan|2\/100 par|[from] item: Life Orb\n|move|p2a: Abomasnow|Giga Drain|p1a: Beedrill\n|-resisted|p1a: Beedrill\n|-damage|p1a: Beedrill|94\/100\n|move|p1b: Dipplin|Infestation|p2a: Abomasnow\n|-supereffective|p2a: Abomasnow\n|-damage|p2a: Abomasnow|93\/100\n|-activate|p2a: Abomasnow|move: Infestation|[of] p1b: Dipplin\n|\n|-weather|none\n|-damage|p2a: Abomasnow|81\/100|[from] move: Infestation|[partiallytrapped]\n|-sideend|p2: BetosWessos|move: Aurora Veil\n|-sideend|p1: MageDream\/UHE|move: Aurora Veil\n|upkeep\n|turn|6\n|\n|t:|1695664513\n|switch|p2b: Ninetales|Ninetales-Alola, M, shiny|81\/100\n|-weather|Snow|[from] ability: Snow Warning|[of] p2b: Ninetales\n|switch|p1b: Marowak|Marowak-Alola, F, tera:Water|52\/100\n|detailschange|p1a: Beedrill|Beedrill-Mega, F\n|-mega|p1a: Beedrill|Beedrill|Beedrillite\n|move|p1a: Beedrill|Poison Jab|p2a: Abomasnow\n|-supereffective|p2a: Abomasnow\n|-damage|p2a: Abomasnow|13\/100\n|move|p2a: Abomasnow|Blizzard|p1b: Marowak|[spread] p1a,p1b\n|-resisted|p1b: Marowak\n|-damage|p1a: Beedrill|52\/100\n|-damage|p1b: Marowak|28\/100\n|\n|-weather|Snow|[upkeep]\n|-end|p2a: Abomasnow|Infestation|[partiallytrapped]|[silent]\n|upkeep\n|turn|7\n|\n|t:|1695664542\n|switch|p2a: Cetitan|Cetitan, F, shiny|2\/100 par\n|move|p1a: Beedrill|Fell Stinger|p2a: Cetitan\n|-damage|p2a: Cetitan|0 fnt\n|faint|p2a: Cetitan\n|-boost|p1a: Beedrill|atk|3\n|move|p2b: Ninetales|Aurora Veil|p2b: Ninetales\n|-sidestart|p2: BetosWessos|move: Aurora Veil\n|move|p1b: Marowak|Flare Blitz|p2b: Ninetales\n|-supereffective|p2b: Ninetales\n|-damage|p2b: Ninetales|0 fnt\n|faint|p2b: Ninetales\n|-damage|p1b: Marowak|4\/100|[from] Recoil\n|\n|-weather|Snow|[upkeep]\n|upkeep\n|\n|t:|1695664560\n|switch|p2b: Abomasnow|Abomasnow-Mega, F, shiny|13\/100\n|switch|p2a: Sandslash|Sandslash-Alola, F|100\/100\n|turn|8\n|c|\u2606MageDream\/UHE|there's a gimmick you won't be able to see here where dipplin and marowak can help boost malamar's speed\n|\n|t:|1695664623\n|move|p2b: Abomasnow|Ice Shard|p1b: Marowak\n|-resisted|p1b: Marowak\n|-damage|p1b: Marowak|0 fnt\n|faint|p1b: Marowak\n|move|p1a: Beedrill|Pin Missile|p2b: Abomasnow\n|-supereffective|p2b: Abomasnow\n|-damage|p2b: Abomasnow|0 fnt\n|faint|p2b: Abomasnow\n|-hitcount|p2: Abomasnow|1\n|move|p2a: Sandslash|Ice Spinner|p1a: Beedrill\n|-damage|p1a: Beedrill|0 fnt\n|faint|p1a: Beedrill\n|\n|-weather|Snow|[upkeep]\n|upkeep\n|\n|t:|1695664637\n|switch|p1a: Malamar|Malamar, F|100\/100\n|switch|p1b: Ninetales|Ninetales-Alola, F|46\/100\n|turn|9\n|\n|t:|1695664648\n|-terastallize|p2a: Sandslash|Ghost\n|move|p1b: Ninetales|Aurora Veil|p1b: Ninetales\n|-sidestart|p1: MageDream\/UHE|move: Aurora Veil\n|move|p2a: Sandslash|Earthquake|p1a: Malamar|[spread] p1a,p1b\n|-damage|p1a: Malamar|85\/100\n|-damage|p1b: Ninetales|31\/100\n|move|p1a: Malamar|Superpower|p2a: Sandslash\n|-immune|p2a: Sandslash\n|\n|-weather|Snow|[upkeep]\n|upkeep\n|turn|10\n|\n|t:|1695664668\n|move|p1b: Ninetales|Moonblast|p2a: Sandslash\n|-damage|p2a: Sandslash|77\/100\n|-unboost|p2a: Sandslash|spa|1\n|-damage|p1b: Ninetales|21\/100|[from] item: Life Orb\n|move|p2a: Sandslash|Earthquake|p1b: Ninetales|[spread] p1a,p1b\n|-damage|p1a: Malamar|70\/100\n|-damage|p1b: Ninetales|6\/100\n|move|p1a: Malamar|Night Slash|p2a: Sandslash\n|-supereffective|p2a: Sandslash\n|-damage|p2a: Sandslash|43\/100\n|\n|-weather|none\n|upkeep\n|turn|11\n|\n|t:|1695664696\n|move|p1b: Ninetales|Moonblast|p2a: Sandslash\n|-damage|p2a: Sandslash|17\/100\n|-unboost|p2a: Sandslash|spa|1\n|-damage|p1b: Ninetales|0 fnt|[from] item: Life Orb\n|faint|p1b: Ninetales\n|move|p1a: Malamar|Night Slash|p2a: Sandslash\n|-supereffective|p2a: Sandslash\n|-damage|p2a: Sandslash|0 fnt\n|faint|p2a: Sandslash\n|\n|win|MageDream\/UHE\n|raw|MageDream&#x2f;UHE's rating: 1165 &rarr; <strong>1192<\/strong><br \/>(+27 for winning)\n|raw|BetosWessos's rating: 1195 &rarr; <strong>1168<\/strong><br \/>(-27 for losing)\n|c|\u2606BetosWessos|Cool team, GG\n|l|\u2606BetosWessos\n","uploadtime":1695666541,"views":8,"p1id":"magedreamuhe","p2id":"betoswessos","formatid":"gen9nationaldexdoubles","rating":1168,"private":0,"password":""}