{"id":"gen9nationaldexdoubles-1965207057","p1":"garyjgames","p2":"AlchemicalFool","format":"[Gen 9] National Dex Doubles","log":"|j|\u2606garyjgames\n|j|\u2606AlchemicalFool\n|t:|1697050930\n|gametype|doubles\n|player|p1|garyjgames|rancher|1170\n|player|p2|AlchemicalFool|scientist-gen4|1140\n|teamsize|p1|6\n|teamsize|p2|6\n|gen|9\n|tier|[Gen 9] National Dex Doubles\n|rated|\n|rule|HP Percentage Mod: HP is shown in percentages\n|rule|Endless Battle Clause: Forcing endless battles is banned\n|rule|OHKO Clause: OHKO moves are banned\n|rule|Evasion Moves Clause: Evasion moves are banned\n|rule|Evasion Abilities Clause: Evasion abilities are banned\n|rule|Species Clause: Limit one of each Pok\u00e9mon\n|rule|Gravity Sleep Clause: The combination of sleep-inducing moves with imperfect accuracy and Gravity or Gigantamax Orbeetle are banned\n|clearpoke\n|poke|p1|Okidogi, M|\n|poke|p1|Cresselia, F|\n|poke|p1|Ursaluna-Bloodmoon, M|\n|poke|p1|Torkoal, F|\n|poke|p1|Spiritomb, M|\n|poke|p1|Ribombee, M|\n|poke|p2|Corsola-Galar, F|\n|poke|p2|Camerupt, M|\n|poke|p2|Gastrodon, F|\n|poke|p2|Slowbro-Galar, M|\n|poke|p2|Chandelure, M|\n|poke|p2|Gengar, F|\n|teampreview\n|inactive|Battle timer is ON: inactive players will automatically lose when time's up. (requested by AlchemicalFool)\n|\n|t:|1697050940\n|start\n|switch|p1a: Okidogi|Okidogi, M|100\/100\n|switch|p1b: Spiritomb|Spiritomb, M|100\/100\n|switch|p2a: Gengar|Gengar, F|100\/100\n|switch|p2b: Corsola|Corsola-Galar, F|100\/100\n|turn|1\n|\n|t:|1697050953\n|move|p1b: Spiritomb|Helping Hand|p1a: Okidogi\n|-singleturn|p1a: Okidogi|Helping Hand|[of] p1b: Spiritomb\n|move|p1a: Okidogi|Knock Off|p2a: Gengar\n|-supereffective|p2a: Gengar\n|-damage|p2a: Gengar|0 fnt\n|-start|p1a: Okidogi|Disable|Knock Off|[from] ability: Cursed Body|[of] p2a: Gengar\n|-enditem|p2a: Gengar|Leftovers|[from] move: Knock Off|[of] p1a: Okidogi\n|faint|p2a: Gengar\n|move|p2b: Corsola|Stealth Rock|p1a: Okidogi\n|-sidestart|p1: garyjgames|move: Stealth Rock\n|\n|upkeep\n|\n|t:|1697050962\n|switch|p2a: Chandelure|Chandelure, M, shiny|100\/100\n|turn|2\n|\n|t:|1697050976\n|-terastallize|p2a: Chandelure|Grass\n|move|p1a: Okidogi|Poison Fang|p2b: Corsola\n|-resisted|p2b: Corsola\n|-damage|p2b: Corsola|92\/100\n|-status|p2b: Corsola|tox\n|move|p2b: Corsola|Surf|p1b: Spiritomb|[spread] p2a,p1a,p1b\n|-resisted|p2a: Chandelure\n|-damage|p2a: Chandelure|94\/100\n|-damage|p1a: Okidogi|91\/100\n|-damage|p1b: Spiritomb|87\/100\n|move|p2a: Chandelure|Trick Room|p2a: Chandelure\n|-fieldstart|move: Trick Room|[of] p2a: Chandelure\n|-enditem|p2a: Chandelure|Room Service\n|-unboost|p2a: Chandelure|spe|1|[from] item: Room Service\n|move|p1b: Spiritomb|Trick Room|p1b: Spiritomb\n|-fieldend|move: Trick Room\n|\n|-damage|p2b: Corsola|86\/100 tox|[from] psn\n|upkeep\n|turn|3\n|c|\u2606garyjgames|bruh\n|c|\u2606AlchemicalFool|LMAOOOO\n|inactive|AlchemicalFool has 120 seconds left.\n|\n|t:|1697051009\n|move|p1b: Spiritomb|Helping Hand|p1a: Okidogi\n|-singleturn|p1a: Okidogi|Helping Hand|[of] p1b: Spiritomb\n|move|p1a: Okidogi|Poison Fang|p2a: Chandelure\n|-supereffective|p2a: Chandelure\n|-damage|p2a: Chandelure|0 fnt\n|faint|p2a: Chandelure\n|move|p2b: Corsola|Surf|p1b: Spiritomb|[spread] p1a,p1b\n|-damage|p1a: Okidogi|81\/100\n|-damage|p1b: Spiritomb|75\/100\n|\n|-damage|p2b: Corsola|74\/100 tox|[from] psn\n|upkeep\n|inactive|AlchemicalFool has 120 seconds left.\n|\n|t:|1697051020\n|switch|p2a: Gastrodon|Gastrodon, F|100\/100\n|turn|4\n|c|\u2606AlchemicalFool|never had that happen before\n|c|\u2606garyjgames|fr lmao\n|inactive|garyjgames has 120 seconds left.\n|\n|t:|1697051055\n|move|p1a: Okidogi|Drain Punch|p2a: Gastrodon\n|-damage|p2a: Gastrodon|54\/100\n|-heal|p1a: Okidogi|100\/100|[from] drain|[of] p2a: Gastrodon\n|move|p1b: Spiritomb|Night Shade|p2b: Corsola\n|-damage|p2b: Corsola|43\/100 tox\n|move|p2a: Gastrodon|Scald|p1a: Okidogi\n|-damage|p1a: Okidogi|69\/100\n|move|p2b: Corsola|Surf|p1a: Okidogi|[spread] p1a,p1b\n|-ability|p2a: Gastrodon|Storm Drain|boost\n|-boost|p2a: Gastrodon|spa|1\n|-crit|p1b: Spiritomb\n|-damage|p1a: Okidogi|59\/100\n|-damage|p1b: Spiritomb|57\/100\n|\n|-heal|p2a: Gastrodon|61\/100|[from] item: Leftovers\n|-damage|p2b: Corsola|24\/100 tox|[from] psn\n|-end|p1a: Okidogi|Disable\n|upkeep\n|turn|5\n|\n|t:|1697051080\n|move|p1a: Okidogi|Knock Off|p2b: Corsola\n|-supereffective|p2b: Corsola\n|-crit|p2b: Corsola\n|-damage|p2b: Corsola|0 fnt\n|-enditem|p2b: Corsola|Eviolite|[from] move: Knock Off|[of] p1a: Okidogi\n|faint|p2b: Corsola\n|move|p1b: Spiritomb|Night Shade|p2a: Gastrodon\n|-damage|p2a: Gastrodon|37\/100\n|move|p2a: Gastrodon|Scald|p1a: Okidogi\n|-damage|p1a: Okidogi|12\/100\n|\n|-heal|p2a: Gastrodon|43\/100|[from] item: Leftovers\n|upkeep\n|inactive|AlchemicalFool has 120 seconds left.\n|\n|t:|1697051096\n|switch|p2b: Camerupt|Camerupt, M, shiny|100\/100\n|turn|6\n|\n|t:|1697051119\n|detailschange|p2b: Camerupt|Camerupt-Mega, M, shiny\n|-mega|p2b: Camerupt|Camerupt|Cameruptite\n|move|p1a: Okidogi|Ice Punch|p2a: Gastrodon\n|-damage|p2a: Gastrodon|12\/100\n|move|p1b: Spiritomb|Scary Face|p2b: Camerupt\n|-unboost|p2b: Camerupt|spe|2\n|move|p2a: Gastrodon|Earth Power|p1b: Spiritomb\n|-damage|p1b: Spiritomb|0 fnt\n|faint|p1b: Spiritomb\n|move|p2b: Camerupt|Eruption|p1a: Okidogi\n|-damage|p1a: Okidogi|0 fnt\n|faint|p1a: Okidogi\n|\n|-heal|p2a: Gastrodon|18\/100|[from] item: Leftovers\n|upkeep\n|\n|t:|1697051134\n|switch|p1a: Ursaluna|Ursaluna-Bloodmoon, M|100\/100\n|switch|p1b: Ribombee|Ribombee, M|100\/100\n|-damage|p1b: Ribombee|75\/100|[from] Stealth Rock\n|-damage|p1a: Ursaluna|94\/100|[from] Stealth Rock\n|turn|7\n|c|\u2606AlchemicalFool|haha\n|c|\u2606AlchemicalFool|im in danger\n|c|\u2606garyjgames|Lmaoooo\n|\n|t:|1697051157\n|move|p1b: Ribombee|Grass Knot|p2a: Gastrodon\n|-supereffective|p2a: Gastrodon\n|-damage|p2a: Gastrodon|0 fnt\n|faint|p2a: Gastrodon\n|move|p1a: Ursaluna|Blood Moon|p2b: Camerupt\n|-damage|p2b: Camerupt|24\/100\n|move|p2b: Camerupt|Eruption|p1b: Ribombee|[spread] p1a,p1b\n|-supereffective|p1b: Ribombee\n|-damage|p1a: Ursaluna|80\/100\n|-damage|p1b: Ribombee|33\/100\n|\n|-heal|p1b: Ribombee|39\/100|[from] item: Leftovers\n|upkeep\n|\n|t:|1697051169\n|switch|p2a: Slowbro|Slowbro-Galar, M, shiny|100\/100\n|turn|8\n|\n|t:|1697051186\n|-terastallize|p1a: Ursaluna|Normal\n|move|p1b: Ribombee|U-turn|p2a: Slowbro\n|-damage|p2a: Slowbro|88\/100\n|\n|t:|1697051189\n|switch|p1b: Cresselia|Cresselia, F|100\/100|[from] U-turn\n|-damage|p1b: Cresselia|88\/100|[from] Stealth Rock\n|move|p1a: Ursaluna|Hyper Voice|p2b: Camerupt|[spread] p2a,p2b\n|-damage|p2a: Slowbro|25\/100\n|-damage|p2b: Camerupt|0 fnt\n|faint|p2b: Camerupt\n|-enditem|p1a: Ursaluna|Throat Spray\n|-boost|p1a: Ursaluna|spa|1|[from] item: Throat Spray\n|move|p2a: Slowbro|Ice Beam|p1a: Ursaluna\n|-damage|p1a: Ursaluna|46\/100\n|\n|-heal|p1b: Cresselia|94\/100|[from] item: Leftovers\n|-heal|p2a: Slowbro|31\/100|[from] item: Black Sludge\n|upkeep\n|turn|9\n|\n|t:|1697051207\n|move|p1b: Cresselia|Moonblast|p2a: Slowbro\n|-resisted|p2a: Slowbro\n|-damage|p2a: Slowbro|21\/100\n|move|p1a: Ursaluna|Blood Moon|p2a: Slowbro\n|-damage|p2a: Slowbro|0 fnt\n|faint|p2a: Slowbro\n|\n|win|garyjgames\n|raw|garyjgames's rating: 1170 &rarr; <strong>1193<\/strong><br \/>(+23 for winning)\n|raw|AlchemicalFool's rating: 1140 &rarr; <strong>1117<\/strong><br \/>(-23 for losing)\n|c|\u2606AlchemicalFool|GG\n|c|\u2606garyjgames|gg\n","uploadtime":1697051216,"views":8,"p1id":"garyjgames","p2id":"alchemicalfool","formatid":"gen9nationaldexdoubles","rating":1117,"private":0,"password":""}