{"id":"gen9nationaldexdoubles-1990254624","p1":"FriedBeaver01","p2":"lachlan008","format":"[Gen 9] National Dex Doubles","log":"|j|\u2606FriedBeaver01\n|j|\u2606lachlan008\n|t:|1699945392\n|gametype|doubles\n|player|p1|FriedBeaver01|266|1167\n|player|p2|lachlan008|larry|1047\n|teamsize|p1|6\n|teamsize|p2|6\n|gen|9\n|tier|[Gen 9] National Dex Doubles\n|rated|\n|rule|HP Percentage Mod: HP is shown in percentages\n|rule|Endless Battle Clause: Forcing endless battles is banned\n|rule|OHKO Clause: OHKO moves are banned\n|rule|Evasion Moves Clause: Evasion moves are banned\n|rule|Evasion Abilities Clause: Evasion abilities are banned\n|rule|Species Clause: Limit one of each Pok\u00e9mon\n|rule|Gravity Sleep Clause: The combination of sleep-inducing moves with imperfect accuracy and Gravity or Gigantamax Orbeetle are banned\n|clearpoke\n|poke|p1|Blissey, F|\n|poke|p1|Avalugg, M|\n|poke|p1|Goodra-Hisui, M|\n|poke|p1|Sableye, M|\n|poke|p1|Grimmsnarl, M|\n|poke|p1|Indeedee, M|\n|poke|p2|Grapploct, M|\n|poke|p2|Lurantis, M|\n|poke|p2|Dusclops, M|\n|poke|p2|Sigilyph, F|\n|poke|p2|Clefable, F|\n|poke|p2|Metagross|\n|teampreview\n|\n|t:|1699945405\n|start\n|switch|p1a: Geology Rocks|Sableye, M, shiny|100\/100\n|switch|p1b: Trump\u2019s Dream|Blissey, F|100\/100\n|switch|p2a: Grapploct|Grapploct, M|100\/100\n|switch|p2b: Lurantis|Lurantis, M|100\/100\n|turn|1\n|\n|t:|1699945416\n|move|p1b: Trump\u2019s Dream|Protect|p1b: Trump\u2019s Dream\n|-singleturn|p1b: Trump\u2019s Dream|Protect\n|move|p1a: Geology Rocks|Taunt|p2a: Grapploct\n|-start|p2a: Grapploct|move: Taunt\n|move|p2b: Lurantis|Knock Off|p1b: Trump\u2019s Dream\n|-activate|p1b: Trump\u2019s Dream|move: Protect\n|cant|p2a: Grapploct|move: Taunt|Octolock\n|\n|upkeep\n|turn|2\n|inactive|Battle timer is ON: inactive players will automatically lose when time's up. (requested by lachlan008)\n|\n|t:|1699945455\n|switch|p1b: he flat|Avalugg, M, shiny|100\/100\n|switch|p2b: Metagross|Metagross|100\/100\n|switch|p2a: Clefable|Clefable, F|100\/100\n|move|p1a: Geology Rocks|Encore||[still]\n|-fail|p1a: Geology Rocks\n|\n|upkeep\n|turn|3\n|\n|t:|1699945470\n|move|p1a: Geology Rocks|Taunt|p2a: Clefable\n|-start|p2a: Clefable|move: Taunt\n|move|p2b: Metagross|Power-Up Punch|p1b: he flat\n|-supereffective|p1b: he flat\n|-damage|p1b: he flat|87\/100\n|-boost|p2b: Metagross|atk|1\n|move|p2a: Clefable|Moonblast|p1a: Geology Rocks\n|-supereffective|p1a: Geology Rocks\n|-enditem|p1a: Geology Rocks|Focus Sash\n|-damage|p1a: Geology Rocks|1\/100\n|-unboost|p1a: Geology Rocks|spa|1\n|move|p1b: he flat|Substitute|p1b: he flat\n|-start|p1b: he flat|Substitute\n|-damage|p1b: he flat|62\/100\n|\n|upkeep\n|turn|4\n|\n|t:|1699945495\n|move|p2b: Metagross|Bullet Punch|p1b: he flat\n|-supereffective|p1b: he flat\n|-end|p1b: he flat|Substitute\n|move|p1a: Geology Rocks|Sucker Punch||[still]\n|-fail|p1a: Geology Rocks\n|move|p2a: Clefable|Moonblast|p1a: Geology Rocks\n|-supereffective|p1a: Geology Rocks\n|-damage|p1a: Geology Rocks|0 fnt\n|faint|p1a: Geology Rocks\n|move|p1b: he flat|Body Press|p2b: Metagross\n|-damage|p2b: Metagross|64\/100\n|\n|upkeep\n|inactive|FriedBeaver01 has 120 seconds left.\n|\n|t:|1699945513\n|switch|p1a: Indeez Nuts|Indeedee, M, shiny|100\/100\n|-fieldstart|move: Psychic Terrain|[from] ability: Psychic Surge|[of] p1a: Indeez Nuts\n|turn|5\n|\n|t:|1699945527\n|move|p1a: Indeez Nuts|Encore|p2b: Metagross\n|-start|p2b: Metagross|Encore\n|move|p2b: Metagross|Bullet Punch|p1b: he flat\n|-activate|p1b: he flat|move: Psychic Terrain\n|move|p2a: Clefable|Moonblast|p1a: Indeez Nuts\n|-damage|p1a: Indeez Nuts|46\/100\n|-enditem|p1a: Indeez Nuts|Eject Button\n|\n|t:|1699945537\n|switch|p1a: Trump\u2019s Dream|Blissey, F|100\/100\n|move|p1b: he flat|Icicle Spear|p2a: Clefable\n|-damage|p2a: Clefable|89\/100\n|-damage|p2a: Clefable|77\/100\n|-damage|p2a: Clefable|66\/100\n|-damage|p2a: Clefable|56\/100\n|-damage|p2a: Clefable|45\/100\n|-hitcount|p2a: Clefable|5\n|\n|-heal|p2a: Clefable|51\/100|[from] item: Leftovers\n|-end|p2a: Clefable|move: Taunt\n|upkeep\n|turn|6\n|inactive|lachlan008 has 120 seconds left.\n|\n|t:|1699945570\n|switch|p2a: Grapploct|Grapploct, M|100\/100\n|move|p2b: Metagross|Bullet Punch|p1a: Trump\u2019s Dream\n|-activate|p1a: Trump\u2019s Dream|move: Psychic Terrain\n|move|p1a: Trump\u2019s Dream|Toxic|p2a: Grapploct\n|-status|p2a: Grapploct|tox\n|move|p1b: he flat|Body Press|p2b: Metagross\n|-damage|p2b: Metagross|27\/100\n|\n|-damage|p2a: Grapploct|95\/100 tox|[from] psn\n|upkeep\n|turn|7\n|\n|t:|1699945590\n|switch|p2b: Lurantis|Lurantis, M|100\/100\n|move|p1a: Trump\u2019s Dream|Protect|p1a: Trump\u2019s Dream\n|-singleturn|p1a: Trump\u2019s Dream|Protect\n|move|p2a: Grapploct|Octolock|p2b: Lurantis\n|-start|p2b: Lurantis|move: Octolock|[of] p2a: Grapploct\n|move|p1b: he flat|Body Press|p2b: Lurantis\n|-damage|p2b: Lurantis|62\/100\n|\n|-heal|p2b: Lurantis|68\/100|[from] item: Leftovers\n|-heal|p2a: Grapploct|100\/100 tox|[from] item: Leftovers\n|-damage|p2a: Grapploct|89\/100 tox|[from] psn\n|-boost|p2b: Lurantis|def|1\n|-boost|p2b: Lurantis|spd|1\n|upkeep\n|turn|8\n|\n|t:|1699945618\n|move|p2b: Lurantis|Protect|p2b: Lurantis\n|-singleturn|p2b: Lurantis|Protect\n|move|p2a: Grapploct|Protect|p2a: Grapploct\n|-singleturn|p2a: Grapploct|Protect\n|move|p1a: Trump\u2019s Dream|Toxic|p2b: Lurantis\n|-activate|p2b: Lurantis|move: Protect\n|move|p1b: he flat|Icicle Spear|p2b: Lurantis\n|-activate|p2b: Lurantis|move: Protect\n|\n|-heal|p2b: Lurantis|75\/100|[from] item: Leftovers\n|-heal|p2a: Grapploct|95\/100 tox|[from] item: Leftovers\n|-damage|p2a: Grapploct|77\/100 tox|[from] psn\n|-boost|p2b: Lurantis|def|1\n|-boost|p2b: Lurantis|spd|1\n|upkeep\n|turn|9\n|\n|t:|1699945635\n|move|p1a: Trump\u2019s Dream|Toxic|p2b: Lurantis\n|-status|p2b: Lurantis|tox\n|move|p2b: Lurantis|Brick Break|p1a: Trump\u2019s Dream\n|-supereffective|p1a: Trump\u2019s Dream\n|-damage|p1a: Trump\u2019s Dream|33\/100\n|move|p1b: he flat|Icicle Spear|p2b: Lurantis\n|-supereffective|p2b: Lurantis\n|-damage|p2b: Lurantis|65\/100 tox\n|-supereffective|p2b: Lurantis\n|-damage|p2b: Lurantis|54\/100 tox\n|-supereffective|p2b: Lurantis\n|-damage|p2b: Lurantis|43\/100 tox\n|-supereffective|p2b: Lurantis\n|-damage|p2b: Lurantis|32\/100 tox\n|-hitcount|p2b: Lurantis|4\n|move|p2a: Grapploct|Revenge|p1a: Trump\u2019s Dream\n|-supereffective|p1a: Trump\u2019s Dream\n|-damage|p1a: Trump\u2019s Dream|0 fnt\n|faint|p1a: Trump\u2019s Dream\n|\n|-heal|p2b: Lurantis|38\/100 tox|[from] item: Leftovers\n|-heal|p2a: Grapploct|83\/100 tox|[from] item: Leftovers\n|-damage|p2b: Lurantis|32\/100 tox|[from] psn\n|-damage|p2a: Grapploct|59\/100 tox|[from] psn\n|-boost|p2b: Lurantis|def|1\n|-boost|p2b: Lurantis|spd|1\n|-fieldend|move: Psychic Terrain\n|upkeep\n|\n|t:|1699945658\n|switch|p1a: Indeez Nuts|Indeedee, M, shiny|46\/100\n|-fieldstart|move: Psychic Terrain|[from] ability: Psychic Surge|[of] p1a: Indeez Nuts\n|turn|10\n|\n|t:|1699945668\n|move|p1a: Indeez Nuts|Expanding Force|p2a: Grapploct|[spread] p2a,p2b\n|-supereffective|p2a: Grapploct\n|-damage|p2a: Grapploct|0 fnt\n|-damage|p2b: Lurantis|9\/100 tox\n|faint|p2a: Grapploct\n|move|p2b: Lurantis|Knock Off|p1a: Indeez Nuts\n|-supereffective|p1a: Indeez Nuts\n|-damage|p1a: Indeez Nuts|0 fnt\n|faint|p1a: Indeez Nuts\n|move|p1b: he flat|Recover|p1b: he flat\n|-heal|p1b: he flat|100\/100\n|\n|-heal|p2b: Lurantis|15\/100 tox|[from] item: Leftovers\n|-damage|p2b: Lurantis|3\/100 tox|[from] psn\n|-end|p2b: Lurantis|Octolock|[partiallytrapped]|[silent]\n|upkeep\n|\n|t:|1699945682\n|switch|p1a: EXTRA THICC|Grimmsnarl, M, shiny|100\/100\n|switch|p2a: Dusclops|Dusclops, M|100\/100\n|-ability|p2a: Dusclops|Pressure\n|turn|11\n|\n|t:|1699945701\n|switch|p1a: \ud83d\udc0c|Goodra-Hisui, M|100\/100\n|move|p2b: Lurantis|Protect|p2b: Lurantis\n|-singleturn|p2b: Lurantis|Protect\n|move|p1b: he flat|Substitute|p1b: he flat\n|-start|p1b: he flat|Substitute\n|-damage|p1b: he flat|76\/100\n|move|p2a: Dusclops|Psych Up|p2b: Lurantis\n|-copyboost|p2a: Dusclops|p2b: Lurantis|[from] move: Psych Up\n|\n|-heal|p2b: Lurantis|9\/100 tox|[from] item: Leftovers\n|-damage|p2b: Lurantis|0 fnt|[from] psn\n|faint|p2b: Lurantis\n|upkeep\n|\n|t:|1699945720\n|switch|p2b: Clefable|Clefable, F|51\/100\n|turn|12\n|\n|t:|1699945732\n|move|p2b: Clefable|Psych Up|p2a: Dusclops\n|-copyboost|p2b: Clefable|p2a: Dusclops|[from] move: Psych Up\n|move|p1a: \ud83d\udc0c|Flash Cannon|p2b: Clefable\n|-supereffective|p2b: Clefable\n|-damage|p2b: Clefable|22\/100\n|move|p1b: he flat|Icicle Spear|p2a: Dusclops\n|-damage|p2a: Dusclops|97\/100\n|-damage|p2a: Dusclops|94\/100\n|-damage|p2a: Dusclops|91\/100\n|-damage|p2a: Dusclops|87\/100\n|-hitcount|p2a: Dusclops|4\n|move|p2a: Dusclops|Calm Mind|p2a: Dusclops\n|-boost|p2a: Dusclops|spa|1\n|-boost|p2a: Dusclops|spd|1\n|\n|-heal|p2b: Clefable|28\/100|[from] item: Leftovers\n|upkeep\n|turn|13\n|\n|t:|1699945752\n|move|p2b: Clefable|Ally Switch|p2b: Clefable\n|swap|p2b: Clefable|0|[from] move: Ally Switch\n|move|p1a: \ud83d\udc0c|Flash Cannon|p2b: Dusclops\n|-damage|p2b: Dusclops|77\/100\n|move|p1b: he flat|Icicle Spear|p2b: Dusclops\n|-damage|p2b: Dusclops|74\/100\n|-damage|p2b: Dusclops|71\/100\n|-damage|p2b: Dusclops|67\/100\n|-damage|p2b: Dusclops|64\/100\n|-damage|p2b: Dusclops|61\/100\n|-hitcount|p2b: Dusclops|5\n|move|p2b: Dusclops|Shadow Ball|p1a: \ud83d\udc0c\n|-damage|p1a: \ud83d\udc0c|75\/100\n|-unboost|p1a: \ud83d\udc0c|spd|1\n|\n|-heal|p2a: Clefable|34\/100|[from] item: Leftovers\n|upkeep\n|turn|14\n|\n|t:|1699945773\n|move|p1a: \ud83d\udc0c|Flash Cannon|p2b: Dusclops\n|-damage|p2b: Dusclops|50\/100\n|move|p2a: Clefable|Moonblast|p1a: \ud83d\udc0c\n|-damage|p1a: \ud83d\udc0c|38\/100\n|move|p1b: he flat|Icicle Spear|p2a: Clefable\n|-damage|p2a: Clefable|29\/100\n|-damage|p2a: Clefable|24\/100\n|-damage|p2a: Clefable|20\/100\n|-damage|p2a: Clefable|15\/100\n|-hitcount|p2a: Clefable|4\n|move|p2b: Dusclops|Shadow Ball|p1a: \ud83d\udc0c\n|-damage|p1a: \ud83d\udc0c|0 fnt\n|faint|p1a: \ud83d\udc0c\n|\n|-heal|p2a: Clefable|21\/100|[from] item: Leftovers\n|-fieldend|move: Psychic Terrain\n|upkeep\n|inactive|FriedBeaver01 has 120 seconds left.\n|\n|t:|1699945790\n|switch|p1a: EXTRA THICC|Grimmsnarl, M, shiny|100\/100\n|turn|15\n|c|\u2606FriedBeaver01|Dipshit\n|c|\u2606lachlan008|lmao\n|\n|t:|1699945813\n|move|p1a: EXTRA THICC|Sucker Punch|p2b: Dusclops\n|-supereffective|p2b: Dusclops\n|-damage|p2b: Dusclops|28\/100\n|move|p2a: Clefable|Moonblast|p1a: EXTRA THICC\n|-supereffective|p1a: EXTRA THICC\n|-damage|p1a: EXTRA THICC|20\/100\n|move|p1b: he flat|Icicle Spear|p2b: Dusclops\n|-damage|p2b: Dusclops|25\/100\n|-crit|p2b: Dusclops\n|-damage|p2b: Dusclops|14\/100\n|-damage|p2b: Dusclops|10\/100\n|-damage|p2b: Dusclops|7\/100\n|-hitcount|p2b: Dusclops|4\n|move|p2b: Dusclops|Shadow Ball|p1a: EXTRA THICC\n|-resisted|p1a: EXTRA THICC\n|-damage|p1a: EXTRA THICC|0 fnt\n|faint|p1a: EXTRA THICC\n|\n|-heal|p2a: Clefable|27\/100|[from] item: Leftovers\n|upkeep\n|turn|16\n|c|\u2606FriedBeaver01|Rematch or you are a coward\n|c|\u2606lachlan008|win or your a loser\n|j| wkx6v587\n|\n|t:|1699945842\n|move|p2a: Clefable|Moonblast|p1b: he flat\n|-end|p1b: he flat|Substitute\n|move|p1b: he flat|Icicle Spear|p2b: Dusclops\n|-damage|p2b: Dusclops|4\/100\n|-damage|p2b: Dusclops|0 fnt\n|faint|p2b: Dusclops\n|-hitcount|p2: Dusclops|2\n|\n|-heal|p2a: Clefable|33\/100|[from] item: Leftovers\n|upkeep\n|c|\u2606FriedBeaver01|Ironic\n|\n|t:|1699945852\n|switch|p2b: Sigilyph|Sigilyph, F|100\/100\n|turn|17\n|\n|t:|1699945858\n|move|p2b: Sigilyph|Psych Up|p2a: Clefable\n|-copyboost|p2b: Sigilyph|p2a: Clefable|[from] move: Psych Up\n|move|p2a: Clefable|Moonblast|p1b: he flat\n|-damage|p1b: he flat|11\/100\n|-unboost|p1b: he flat|spa|1\n|move|p1b: he flat|Icicle Spear|p2b: Sigilyph\n|-supereffective|p2b: Sigilyph\n|-damage|p2b: Sigilyph|88\/100\n|-supereffective|p2b: Sigilyph\n|-damage|p2b: Sigilyph|75\/100\n|-supereffective|p2b: Sigilyph\n|-damage|p2b: Sigilyph|64\/100\n|-supereffective|p2b: Sigilyph\n|-damage|p2b: Sigilyph|52\/100\n|-hitcount|p2b: Sigilyph|4\n|\n|-heal|p2a: Clefable|39\/100|[from] item: Leftovers\n|-status|p2b: Sigilyph|brn|[from] item: Flame Orb\n|upkeep\n|turn|18\n|l| wkx6v587\n|c|\u2606lachlan008|thanks for the YT content\n|inactive|lachlan008 has 120 seconds left.\n|\n|t:|1699945896\n|move|p2a: Clefable|Follow Me|p2a: Clefable\n|-singleturn|p2a: Clefable|move: Follow Me\n|move|p2b: Sigilyph|Stored Power|p1b: he flat\n|-crit|p1b: he flat\n|-damage|p1b: he flat|0 fnt\n|faint|p1b: he flat\n|\n|win|lachlan008\n|raw|FriedBeaver01's rating: 1167 &rarr; <strong>1134<\/strong><br \/>(-33 for losing)\n|raw|lachlan008's rating: 1047 &rarr; <strong>1091<\/strong><br \/>(+44 for winning)\n","uploadtime":1699945905,"views":12,"p1id":"friedbeaver01","p2id":"lachlan008","formatid":"gen9nationaldexdoubles","rating":1091,"private":0,"password":""}