{"id":"gen9nationaldexdoubles-1978560642","p1":"Flamebyte","p2":"limplight","format":"[Gen 9] National Dex Doubles","log":"|j|\u2606Flamebyte\n|j|\u2606limplight\n|t:|1698556135\n|gametype|doubles\n|player|p1|Flamebyte|1|\n|player|p2|limplight|101|\n|teamsize|p1|6\n|teamsize|p2|6\n|gen|9\n|tier|[Gen 9] National Dex Doubles\n|rule|HP Percentage Mod: HP is shown in percentages\n|rule|Endless Battle Clause: Forcing endless battles is banned\n|rule|OHKO Clause: OHKO moves are banned\n|rule|Evasion Moves Clause: Evasion moves are banned\n|rule|Evasion Abilities Clause: Evasion abilities are banned\n|rule|Species Clause: Limit one of each Pok\u00e9mon\n|rule|Gravity Sleep Clause: The combination of sleep-inducing moves with imperfect accuracy and Gravity or Gigantamax Orbeetle are banned\n|clearpoke\n|poke|p1|Vikavolt, M|\n|poke|p1|Lanturn, M|\n|poke|p1|Ludicolo, M|\n|poke|p1|Lurantis, M|\n|poke|p1|Throh, M|\n|poke|p1|Leafeon, F|\n|poke|p2|Boltund, F|\n|poke|p2|Greedent, M|\n|poke|p2|Thievul, F|\n|poke|p2|Silicobra, F|\n|poke|p2|Palpitoad, F|\n|poke|p2|Dottler, M|\n|teampreview\n|\n|t:|1698556143\n|start\n|switch|p1a: Vikavolt|Vikavolt, M|100\/100\n|switch|p1b: Lanturn|Lanturn, M|100\/100\n|switch|p2a: Boltund|Boltund, F|100\/100\n|switch|p2b: Greedent|Greedent, M|100\/100\n|turn|1\n|\n|t:|1698556253\n|move|p2a: Boltund|Thunder Fang|p1b: Lanturn\n|-immune|p1b: Lanturn|[from] ability: Volt Absorb\n|move|p1b: Lanturn|Scald|p2b: Greedent\n|-damage|p2b: Greedent|80\/100\n|move|p1a: Vikavolt|Thunderbolt|p2a: Boltund\n|-resisted|p2a: Boltund\n|-damage|p2a: Boltund|17\/100\n|move|p2b: Greedent|Seed Bomb|p1a: Vikavolt\n|-resisted|p1a: Vikavolt\n|-damage|p1a: Vikavolt|88\/100\n|\n|upkeep\n|turn|2\n|\n|t:|1698556375\n|switch|p2a: Palpitoad|Palpitoad, F|100\/100\n|switch|p1a: Lurantis|Lurantis, M|100\/100\n|move|p1b: Lanturn|Volt Switch|p2b: Greedent\n|-damage|p2b: Greedent|62\/100\n|\n|t:|1698556434\n|switch|p1b: Leafeon|Leafeon, F|100\/100|[from] Volt Switch\n|move|p2b: Greedent|Seed Bomb|p1a: Lurantis\n|-resisted|p1a: Lurantis\n|-damage|p1a: Lurantis|87\/100\n|\n|-heal|p1a: Lurantis|93\/100|[from] item: Leftovers\n|upkeep\n|turn|3\n|\n|t:|1698556627\n|switch|p2b: Dottler|Dottler, M|100\/100\n|move|p1b: Leafeon|Leaf Blade|p2a: Palpitoad\n|-supereffective|p2a: Palpitoad\n|-damage|p2a: Palpitoad|0 fnt\n|faint|p2a: Palpitoad\n|move|p1a: Lurantis|Knock Off|p2b: Dottler\n|-supereffective|p2b: Dottler\n|-damage|p2b: Dottler|57\/100\n|-enditem|p2b: Dottler|Eviolite|[from] move: Knock Off|[of] p1a: Lurantis\n|\n|-heal|p1a: Lurantis|99\/100|[from] item: Leftovers\n|upkeep\n|\n|t:|1698556729\n|switch|p2a: Greedent|Greedent, M|62\/100\n|turn|4\n|\n|t:|1698556873\n|switch|p2b: Silicobra|Silicobra, F|100\/100\n|move|p2a: Greedent|Protect|p2a: Greedent\n|-singleturn|p2a: Greedent|Protect\n|move|p1b: Leafeon|Knock Off|p2b: Silicobra\n|-damage|p2b: Silicobra|78\/100\n|-weather|Sandstorm|[from] ability: Sand Spit|[of] p2b: Silicobra\n|-enditem|p2b: Silicobra|Eviolite|[from] move: Knock Off|[of] p1b: Leafeon\n|move|p1a: Lurantis|Leaf Storm|p2b: Silicobra\n|-supereffective|p2b: Silicobra\n|-damage|p2b: Silicobra|0 fnt\n|-boost|p1a: Lurantis|spa|2\n|faint|p2b: Silicobra\n|\n|-weather|Sandstorm|[upkeep]\n|-damage|p1b: Leafeon|95\/100|[from] Sandstorm\n|-damage|p1a: Lurantis|93\/100|[from] Sandstorm\n|-damage|p2a: Greedent|56\/100|[from] Sandstorm\n|-heal|p1b: Leafeon|100\/100|[from] item: Leftovers\n|-heal|p1a: Lurantis|99\/100|[from] item: Leftovers\n|upkeep\n|\n|t:|1698556989\n|switch|p2b: Boltund|Boltund, F|17\/100\n|turn|5\n|\n|t:|1698557067\n|move|p2b: Boltund|Wild Charge|p1b: Leafeon\n|-resisted|p1b: Leafeon\n|-damage|p1b: Leafeon|86\/100\n|-damage|p2b: Boltund|13\/100|[from] Recoil\n|move|p1b: Leafeon|Synthesis|p1b: Leafeon\n|-heal|p1b: Leafeon|100\/100\n|move|p1a: Lurantis|Synthesis|p1a: Lurantis\n|-heal|p1a: Lurantis|100\/100\n|move|p2a: Greedent|Seed Bomb|p1b: Leafeon\n|-resisted|p1b: Leafeon\n|-damage|p1b: Leafeon|91\/100\n|\n|-weather|Sandstorm|[upkeep]\n|-damage|p2b: Boltund|7\/100|[from] Sandstorm\n|-damage|p1b: Leafeon|85\/100|[from] Sandstorm\n|-damage|p1a: Lurantis|94\/100|[from] Sandstorm\n|-damage|p2a: Greedent|50\/100|[from] Sandstorm\n|-enditem|p2a: Greedent|Sitrus Berry|[eat]\n|-heal|p2a: Greedent|75\/100|[from] item: Sitrus Berry\n|-heal|p2a: Greedent|100\/100|[from] ability: Cheek Pouch\n|-heal|p1b: Leafeon|91\/100|[from] item: Leftovers\n|-heal|p1a: Lurantis|100\/100|[from] item: Leftovers\n|upkeep\n|turn|6\n|\n|t:|1698557197\n|switch|p2b: Dottler|Dottler, M|57\/100\n|move|p1b: Leafeon|Leaf Blade|p2a: Greedent\n|-damage|p2a: Greedent|62\/100\n|move|p1a: Lurantis|Leaf Storm|p2b: Dottler\n|-resisted|p2b: Dottler\n|-crit|p2b: Dottler\n|-damage|p2b: Dottler|17\/100\n|-boost|p1a: Lurantis|spa|2\n|move|p2a: Greedent|Seed Bomb|p1b: Leafeon\n|-resisted|p1b: Leafeon\n|-damage|p1b: Leafeon|81\/100\n|\n|-weather|Sandstorm|[upkeep]\n|-damage|p1b: Leafeon|75\/100|[from] Sandstorm\n|-damage|p1a: Lurantis|94\/100|[from] Sandstorm\n|-damage|p2b: Dottler|10\/100|[from] Sandstorm\n|-damage|p2a: Greedent|56\/100|[from] Sandstorm\n|-heal|p1b: Leafeon|81\/100|[from] item: Leftovers\n|-heal|p1a: Lurantis|100\/100|[from] item: Leftovers\n|upkeep\n|turn|7\n|\n|t:|1698557361\n|move|p1b: Leafeon|Knock Off|p2a: Greedent\n|-damage|p2a: Greedent|37\/100\n|move|p1a: Lurantis|Leaf Storm|p2b: Dottler\n|-resisted|p2b: Dottler\n|-damage|p2b: Dottler|0 fnt\n|-boost|p1a: Lurantis|spa|2\n|faint|p2b: Dottler\n|move|p2a: Greedent|Seed Bomb|p1b: Leafeon\n|-resisted|p1b: Leafeon\n|-damage|p1b: Leafeon|72\/100\n|\n|-weather|Sandstorm|[upkeep]\n|-damage|p1b: Leafeon|66\/100|[from] Sandstorm\n|-damage|p1a: Lurantis|94\/100|[from] Sandstorm\n|-damage|p2a: Greedent|31\/100|[from] Sandstorm\n|-heal|p1b: Leafeon|72\/100|[from] item: Leftovers\n|-heal|p1a: Lurantis|100\/100|[from] item: Leftovers\n|upkeep\n|\n|t:|1698557477\n|switch|p2b: Boltund|Boltund, F|7\/100\n|turn|8\n|\n|t:|1698557528\n|move|p2b: Boltund|Crunch|p1a: Lurantis\n|-damage|p1a: Lurantis|68\/100\n|move|p1b: Leafeon|Leaf Blade|p2b: Boltund\n|-damage|p2b: Boltund|0 fnt\n|faint|p2b: Boltund\n|move|p1a: Lurantis|Knock Off|p2a: Greedent\n|-damage|p2a: Greedent|18\/100\n|move|p2a: Greedent|Seed Bomb|p1b: Leafeon\n|-resisted|p1b: Leafeon\n|-damage|p1b: Leafeon|61\/100\n|\n|-weather|none\n|-heal|p1b: Leafeon|67\/100|[from] item: Leftovers\n|-heal|p1a: Lurantis|74\/100|[from] item: Leftovers\n|upkeep\n|\n|t:|1698557573\n|switch|p2b: Thievul|Thievul, F|100\/100\n|turn|9\n|\n|t:|1698557642\n|move|p2b: Thievul|Dark Pulse|p1a: Lurantis\n|-damage|p1a: Lurantis|49\/100\n|move|p1b: Leafeon|Leaf Blade|p2b: Thievul\n|-damage|p2b: Thievul|15\/100\n|-enditem|p2b: Thievul|Petaya Berry|[eat]\n|-boost|p2b: Thievul|spa|1|[from] item: Petaya Berry\n|move|p1a: Lurantis|Leaf Storm|p2b: Thievul\n|-damage|p2b: Thievul|0 fnt\n|faint|p2b: Thievul\n|move|p2a: Greedent|Seed Bomb|p1b: Leafeon\n|-resisted|p1b: Leafeon\n|-damage|p1b: Leafeon|58\/100\n|\n|-heal|p1b: Leafeon|64\/100|[from] item: Leftovers\n|-heal|p1a: Lurantis|55\/100|[from] item: Leftovers\n|upkeep\n|turn|10\n|\n|t:|1698557711\n|move|p1b: Leafeon|Leaf Blade|p2a: Greedent\n|-damage|p2a: Greedent|0 fnt\n|faint|p2a: Greedent\n|\n|win|Flamebyte\n","uploadtime":1698557717,"views":9,"p1id":"flamebyte","p2id":"limplight","formatid":"gen9nationaldexdoubles","rating":0,"private":0,"password":""}