{"id":"gen9nationaldexdoubles-1981128406","p1":"aidobobaido","p2":"Fj hi j oh f","format":"[Gen 9] National Dex Doubles","log":"|j|\u2606aidobobaido\n|j|\u2606Fj hi j oh f\n|t:|1698865822\n|gametype|doubles\n|player|p1|aidobobaido|pokemaniac|1099\n|player|p2|Fj hi j oh f|dawn|1000\n|teamsize|p1|6\n|teamsize|p2|6\n|gen|9\n|tier|[Gen 9] National Dex Doubles\n|rated|\n|rule|HP Percentage Mod: HP is shown in percentages\n|rule|Endless Battle Clause: Forcing endless battles is banned\n|rule|OHKO Clause: OHKO moves are banned\n|rule|Evasion Moves Clause: Evasion moves are banned\n|rule|Evasion Abilities Clause: Evasion abilities are banned\n|rule|Species Clause: Limit one of each Pok\u00e9mon\n|rule|Gravity Sleep Clause: The combination of sleep-inducing moves with imperfect accuracy and Gravity or Gigantamax Orbeetle are banned\n|clearpoke\n|poke|p1|Torterra, M|\n|poke|p1|Torkoal, M|\n|poke|p1|Milotic, M|\n|poke|p1|Sinistcha-Masterpiece|\n|poke|p1|Landorus-Therian, M|\n|poke|p1|Bisharp, M|\n|poke|p2|Blastoise, M|\n|poke|p2|Clefable, F|\n|poke|p2|Indeedee-F, F|\n|poke|p2|Mr. Mime, M|\n|poke|p2|Glastrier|\n|poke|p2|Oranguru, F|\n|teampreview\n|inactive|Battle timer is ON: inactive players will automatically lose when time's up. (requested by aidobobaido)\n|\n|t:|1698865847\n|start\n|switch|p1a: Bisharp|Bisharp, M|100\/100\n|switch|p1b: Landorus|Landorus-Therian, M|100\/100\n|switch|p2a: Glastrier|Glastrier|100\/100\n|switch|p2b: Indeedee|Indeedee-F, F|100\/100\n|-ability|p1b: Landorus|Intimidate|boost\n|-unboost|p2a: Glastrier|atk|1\n|-unboost|p2b: Indeedee|atk|1\n|-fieldstart|move: Psychic Terrain|[from] ability: Psychic Surge|[of] p2b: Indeedee\n|turn|1\n|c|\u2606aidobobaido|this team looks annoying\n|c|\u2606aidobobaido|im excited\n|\n|t:|1698865866\n|move|p2a: Glastrier|Protect|p2a: Glastrier\n|-singleturn|p2a: Glastrier|Protect\n|move|p1b: Landorus|U-turn|p2b: Indeedee\n|-supereffective|p2b: Indeedee\n|-damage|p2b: Indeedee|50\/100\n|\n|t:|1698865874\n|switch|p1b: Milotic|Milotic, M|100\/100|[from] U-turn\n|move|p1a: Bisharp|Foul Play|p2a: Glastrier\n|-activate|p2a: Glastrier|move: Protect\n|move|p2b: Indeedee|Trick Room|p2b: Indeedee\n|-fieldstart|move: Trick Room|[of] p2b: Indeedee\n|\n|upkeep\n|turn|2\n|\n|t:|1698865892\n|move|p2b: Indeedee|Follow Me|p2b: Indeedee\n|-singleturn|p2b: Indeedee|move: Follow Me\n|move|p2a: Glastrier|Stomping Tantrum|p1a: Bisharp\n|-supereffective|p1a: Bisharp\n|-damage|p1a: Bisharp|81\/100\n|move|p1a: Bisharp|Foul Play|p2b: Indeedee\n|-supereffective|p2b: Indeedee\n|-damage|p2b: Indeedee|31\/100\n|move|p1b: Milotic|Coil|p1b: Milotic\n|-boost|p1b: Milotic|atk|1\n|-boost|p1b: Milotic|def|1\n|-boost|p1b: Milotic|accuracy|1\n|\n|upkeep\n|turn|3\n|\n|t:|1698865921\n|move|p2b: Indeedee|Follow Me|p2b: Indeedee\n|-singleturn|p2b: Indeedee|move: Follow Me\n|move|p2a: Glastrier|Stomping Tantrum|p1a: Bisharp\n|-supereffective|p1a: Bisharp\n|-crit|p1a: Bisharp\n|-damage|p1a: Bisharp|35\/100\n|move|p1a: Bisharp|Foul Play|p2b: Indeedee\n|-supereffective|p2b: Indeedee\n|-damage|p2b: Indeedee|11\/100\n|move|p1b: Milotic|Coil|p1b: Milotic\n|-boost|p1b: Milotic|atk|1\n|-boost|p1b: Milotic|def|1\n|-boost|p1b: Milotic|accuracy|1\n|\n|upkeep\n|turn|4\n|inactive|Fj hi j oh f has 120 seconds left.\n|\n|t:|1698865955\n|switch|p1a: Landorus|Landorus-Therian, M|100\/100\n|-ability|p1a: Landorus|Intimidate|boost\n|-unboost|p2a: Glastrier|atk|1\n|-unboost|p2b: Indeedee|atk|1\n|move|p2b: Indeedee|Follow Me|p2b: Indeedee\n|-singleturn|p2b: Indeedee|move: Follow Me\n|move|p2a: Glastrier|Stomping Tantrum|p1a: Landorus\n|-immune|p1a: Landorus\n|move|p1b: Milotic|Scald|p2b: Indeedee\n|-damage|p2b: Indeedee|0 fnt\n|faint|p2b: Indeedee\n|\n|upkeep\n|inactive|Fj hi j oh f has 120 seconds left.\n|\n|t:|1698865977\n|switch|p2b: Clefable|Clefable, F|100\/100\n|turn|5\n|\n|t:|1698865998\n|switch|p1a: Torkoal|Torkoal, M|100\/100\n|-weather|SunnyDay|[from] ability: Drought|[of] p1a: Torkoal\n|move|p2b: Clefable|Follow Me|p2b: Clefable\n|-singleturn|p2b: Clefable|move: Follow Me\n|move|p2a: Glastrier|Icicle Spear|p1a: Torkoal\n|-resisted|p1a: Torkoal\n|-damage|p1a: Torkoal|98\/100\n|-resisted|p1a: Torkoal\n|-damage|p1a: Torkoal|94\/100\n|-resisted|p1a: Torkoal\n|-damage|p1a: Torkoal|91\/100\n|-resisted|p1a: Torkoal\n|-damage|p1a: Torkoal|89\/100\n|-resisted|p1a: Torkoal\n|-damage|p1a: Torkoal|86\/100\n|-hitcount|p1a: Torkoal|5\n|move|p1b: Milotic|Weather Ball|p2b: Clefable\n|-damage|p2b: Clefable|58\/100\n|\n|-weather|SunnyDay|[upkeep]\n|-fieldend|move: Trick Room\n|-fieldend|move: Psychic Terrain\n|upkeep\n|turn|6\n|inactive|aidobobaido has 120 seconds left.\n|\n|t:|1698866030\n|switch|p2a: Blastoise|Blastoise, M|100\/100\n|move|p2b: Clefable|Follow Me|p2b: Clefable\n|-singleturn|p2b: Clefable|move: Follow Me\n|move|p1b: Milotic|Scald|p2b: Clefable\n|-damage|p2b: Clefable|41\/100\n|move|p1a: Torkoal|Iron Defense|p1a: Torkoal\n|-boost|p1a: Torkoal|def|2\n|\n|-weather|SunnyDay|[upkeep]\n|upkeep\n|turn|7\n|\n|t:|1698866055\n|switch|p1b: Sinistcha|Sinistcha-Masterpiece|100\/100\n|-heal|p1a: Torkoal|100\/100|[from] ability: Hospitality|[of] p1b: Sinistcha\n|-terastallize|p1a: Torkoal|Flying\n|move|p2b: Clefable|Follow Me|p2b: Clefable\n|-singleturn|p2b: Clefable|move: Follow Me\n|move|p1a: Torkoal|Iron Defense|p1a: Torkoal\n|-boost|p1a: Torkoal|def|2\n|move|p2a: Blastoise|Roar|p1b: Sinistcha\n|drag|p1b: Torterra|Torterra, M|100\/100\n|\n|-weather|SunnyDay|[upkeep]\n|upkeep\n|turn|8\n|\n|t:|1698866071\n|move|p2b: Clefable|Follow Me|p2b: Clefable\n|-singleturn|p2b: Clefable|move: Follow Me\n|move|p1b: Torterra|Shell Smash|p1b: Torterra\n|-unboost|p1b: Torterra|def|1\n|-unboost|p1b: Torterra|spd|1\n|-boost|p1b: Torterra|atk|2\n|-boost|p1b: Torterra|spa|2\n|-boost|p1b: Torterra|spe|2\n|move|p1a: Torkoal|Body Press|p2b: Clefable\n|-resisted|p2b: Clefable\n|-damage|p2b: Clefable|11\/100\n|move|p2a: Blastoise|Roar|p1a: Torkoal\n|drag|p1a: Landorus|Landorus-Therian, M|100\/100\n|-ability|p1a: Landorus|Intimidate|boost\n|-unboost|p2a: Blastoise|atk|1\n|-unboost|p2b: Clefable|atk|1\n|\n|-weather|SunnyDay|[upkeep]\n|upkeep\n|turn|9\n|\n|t:|1698866094\n|move|p2b: Clefable|Follow Me|p2b: Clefable\n|-singleturn|p2b: Clefable|move: Follow Me\n|move|p1a: Landorus|U-turn|p2b: Clefable\n|-resisted|p2b: Clefable\n|-damage|p2b: Clefable|0 fnt\n|faint|p2b: Clefable\n|\n|t:|1698866101\n|switch|p1a: Bisharp|Bisharp, M|35\/100|[from] U-turn\n|move|p1b: Torterra|Bullet Seed|p2a: Blastoise\n|-supereffective|p2a: Blastoise\n|-damage|p2a: Blastoise|61\/100\n|-supereffective|p2a: Blastoise\n|-damage|p2a: Blastoise|23\/100\n|-enditem|p2a: Blastoise|Iapapa Berry|[eat]\n|-heal|p2a: Blastoise|56\/100|[from] item: Iapapa Berry\n|-supereffective|p2a: Blastoise\n|-damage|p2a: Blastoise|18\/100\n|-supereffective|p2a: Blastoise\n|-damage|p2a: Blastoise|0 fnt\n|faint|p2a: Blastoise\n|-hitcount|p2: Blastoise|4\n|\n|-weather|none\n|upkeep\n|\n|t:|1698866126\n|switch|p2a: Oranguru|Oranguru, F|100\/100\n|switch|p2b: Glastrier|Glastrier|100\/100\n|turn|10\n|\n|t:|1698866139\n|move|p2b: Glastrier|Protect|p2b: Glastrier\n|-singleturn|p2b: Glastrier|Protect\n|move|p1b: Torterra|Rock Blast|p2a: Oranguru\n|-damage|p2a: Oranguru|86\/100\n|-damage|p2a: Oranguru|72\/100\n|-damage|p2a: Oranguru|59\/100\n|-damage|p2a: Oranguru|44\/100\n|-hitcount|p2a: Oranguru|4\n|move|p1a: Bisharp|Foul Play|p2b: Glastrier\n|-activate|p2b: Glastrier|move: Protect\n|move|p2a: Oranguru|Trick Room|p2a: Oranguru\n|-fieldstart|move: Trick Room|[of] p2a: Oranguru\n|\n|upkeep\n|turn|11\n|\n|t:|1698866155\n|-terastallize|p2b: Glastrier|Ice\n|move|p2b: Glastrier|Icicle Spear|p1b: Torterra\n|-supereffective|p1b: Torterra\n|-damage|p1b: Torterra|0 fnt\n|faint|p1b: Torterra\n|-ability|p2b: Glastrier|Chilling Neigh|boost\n|-boost|p2b: Glastrier|atk|1\n|-hitcount|p1: Torterra|1\n|move|p2a: Oranguru|Instruct|p2b: Glastrier\n|-singleturn|p2b: Glastrier|move: Instruct|[of] p2a: Oranguru\n|move|p2b: Glastrier|Icicle Spear|p1a: Bisharp\n|-resisted|p1a: Bisharp\n|-damage|p1a: Bisharp|27\/100\n|-resisted|p1a: Bisharp\n|-damage|p1a: Bisharp|19\/100\n|-resisted|p1a: Bisharp\n|-damage|p1a: Bisharp|12\/100\n|-resisted|p1a: Bisharp\n|-damage|p1a: Bisharp|3\/100\n|-resisted|p1a: Bisharp\n|-damage|p1a: Bisharp|0 fnt\n|faint|p1a: Bisharp\n|-ability|p2b: Glastrier|Chilling Neigh|boost\n|-boost|p2b: Glastrier|atk|1\n|-hitcount|p1: Bisharp|5\n|\n|upkeep\n|\n|t:|1698866178\n|switch|p1a: Torkoal|Torkoal, M, tera:Flying|100\/100\n|switch|p1b: Milotic|Milotic, M|100\/100\n|-weather|SunnyDay|[from] ability: Drought|[of] p1a: Torkoal\n|turn|12\n|\n|t:|1698866187\n|move|p1a: Torkoal|Eruption|p2b: Glastrier|[spread] p2a,p2b\n|-supereffective|p2b: Glastrier\n|-damage|p2a: Oranguru|5\/100\n|-damage|p2b: Glastrier|20\/100\n|move|p2b: Glastrier|Icicle Spear|p1a: Torkoal\n|-supereffective|p1a: Torkoal\n|-damage|p1a: Torkoal|35\/100\n|-supereffective|p1a: Torkoal\n|-damage|p1a: Torkoal|0 fnt\n|faint|p1a: Torkoal\n|-ability|p2b: Glastrier|Chilling Neigh|boost\n|-boost|p2b: Glastrier|atk|1\n|-hitcount|p1: Torkoal|2\n|move|p2a: Oranguru|Instruct|p2b: Glastrier\n|-singleturn|p2b: Glastrier|move: Instruct|[of] p2a: Oranguru\n|move|p2b: Glastrier|Icicle Spear|p1b: Milotic\n|-resisted|p1b: Milotic\n|-damage|p1b: Milotic|72\/100\n|-resisted|p1b: Milotic\n|-damage|p1b: Milotic|45\/100\n|-resisted|p1b: Milotic\n|-damage|p1b: Milotic|15\/100\n|-resisted|p1b: Milotic\n|-damage|p1b: Milotic|0 fnt\n|faint|p1b: Milotic\n|-ability|p2b: Glastrier|Chilling Neigh|boost\n|-boost|p2b: Glastrier|atk|1\n|-hitcount|p1: Milotic|4\n|\n|-weather|SunnyDay|[upkeep]\n|upkeep\n|\n|t:|1698866211\n|switch|p1a: Landorus|Landorus-Therian, M|100\/100\n|switch|p1b: Sinistcha|Sinistcha-Masterpiece|100\/100\n|-ability|p1a: Landorus|Intimidate|boost\n|-fail|p2a: Oranguru|unboost|Attack|[from] ability: Inner Focus|[of] p2a: Oranguru\n|-unboost|p2b: Glastrier|atk|1\n|turn|13\n|\n|t:|1698866222\n|move|p1b: Sinistcha|Rage Powder|p1b: Sinistcha\n|-singleturn|p1b: Sinistcha|move: Rage Powder\n|move|p2b: Glastrier|Icicle Spear|p1b: Sinistcha\n|-supereffective|p1b: Sinistcha\n|-damage|p1b: Sinistcha|29\/100\n|-supereffective|p1b: Sinistcha\n|-damage|p1b: Sinistcha|0 fnt\n|faint|p1b: Sinistcha\n|-ability|p2b: Glastrier|Chilling Neigh|boost\n|-boost|p2b: Glastrier|atk|1\n|-hitcount|p1: Sinistcha|2\n|move|p2a: Oranguru|Instruct|p2b: Glastrier\n|-singleturn|p2b: Glastrier|move: Instruct|[of] p2a: Oranguru\n|move|p2b: Glastrier|Icicle Spear|p1a: Landorus\n|-supereffective|p1a: Landorus\n|-damage|p1a: Landorus|0 fnt\n|faint|p1a: Landorus\n|-hitcount|p1: Landorus|1\n|\n|win|Fj hi j oh f\n|raw|aidobobaido's rating: 1099 &rarr; <strong>1067<\/strong><br \/>(-32 for losing)\n|raw|Fj hi j oh f's rating: 1000 &rarr; <strong>1051<\/strong><br \/>(+51 for winning)\n|l|\u2606aidobobaido\n","uploadtime":1698866243,"views":5,"p1id":"aidobobaido","p2id":"fjhijohf","formatid":"gen9nationaldexdoubles","rating":1051,"private":0,"password":""}