{"id":"gen9nationaldexdoubles-1994471232","p1":"Ryan1Baek","p2":"wammer18","format":"[Gen 9] National Dex Doubles","log":"|j|\u2606Ryan1Baek\n|j|\u2606wammer18\n|t:|1700447751\n|gametype|doubles\n|player|p1|Ryan1Baek|carmine|\n|player|p2|wammer18|266|\n|teamsize|p1|6\n|teamsize|p2|6\n|gen|9\n|tier|[Gen 9] National Dex Doubles\n|rule|HP Percentage Mod: HP is shown in percentages\n|rule|Endless Battle Clause: Forcing endless battles is banned\n|rule|OHKO Clause: OHKO moves are banned\n|rule|Evasion Moves Clause: Evasion moves are banned\n|rule|Evasion Abilities Clause: Evasion abilities are banned\n|rule|Species Clause: Limit one of each Pok\u00e9mon\n|rule|Gravity Sleep Clause: The combination of sleep-inducing moves with imperfect accuracy and Gravity or Gigantamax Orbeetle are banned\n|clearpoke\n|poke|p1|Blastoise, F|\n|poke|p1|Indeedee-F, F|\n|poke|p1|Sneasler, F|\n|poke|p1|Landorus-Therian, M|\n|poke|p1|Heatran, M|\n|poke|p1|Sinistcha-Masterpiece|\n|poke|p2|Charizard, F|\n|poke|p2|Chi-Yu|\n|poke|p2|Tornadus, M|\n|poke|p2|Tapu Fini|\n|poke|p2|Kingambit, F|\n|poke|p2|Ogerpon-Wellspring, F|\n|teampreview\n|\n|t:|1700447801\n|start\n|switch|p1a: Landorus|Landorus-Therian, M, shiny|100\/100\n|switch|p1b: Heatran|Heatran, M|100\/100\n|switch|p2a: Chi-Yu|Chi-Yu|100\/100\n|switch|p2b: Charizard|Charizard, F|100\/100\n|-ability|p1a: Landorus|Intimidate|boost\n|-unboost|p2a: Chi-Yu|atk|1\n|-unboost|p2b: Charizard|atk|1\n|-ability|p2a: Chi-Yu|Beads of Ruin\n|turn|1\n|\n|t:|1700447822\n|detailschange|p2b: Charizard|Charizard-Mega-Y, F\n|-mega|p2b: Charizard|Charizard|Charizardite Y\n|-weather|SunnyDay|[from] ability: Drought|[of] p2b: Charizard\n|-terastallize|p2a: Chi-Yu|Dark\n|move|p2b: Charizard|Helping Hand|p2a: Chi-Yu\n|-singleturn|p2a: Chi-Yu|Helping Hand|[of] p2b: Charizard\n|move|p1a: Landorus|Rock Slide|p2a: Chi-Yu|[spread] p2a,p2b\n|-supereffective|p2b: Charizard\n|-damage|p2a: Chi-Yu|68\/100\n|-damage|p2b: Charizard|12\/100\n|move|p2a: Chi-Yu|Dark Pulse|p1b: Heatran\n|-damage|p1b: Heatran|0 fnt\n|faint|p1b: Heatran\n|\n|-weather|SunnyDay|[upkeep]\n|upkeep\n|j| Eliminathan\n|\n|t:|1700447852\n|switch|p1b: Indeedee|Indeedee-F, F, shiny|100\/100\n|-fieldstart|move: Psychic Terrain|[from] ability: Psychic Surge|[of] p1b: Indeedee\n|turn|2\n|j| Shiny_Hero64\n|\n|t:|1700447895\n|switch|p2b: Tapu Fini|Tapu Fini|100\/100\n|-fieldstart|move: Misty Terrain|[from] ability: Misty Surge|[of] p2b: Tapu Fini\n|-terastallize|p1b: Indeedee|Dark\n|move|p1a: Landorus|Rock Slide|p2b: Tapu Fini|[spread] p2a,p2b\n|-damage|p2a: Chi-Yu|35\/100\n|-damage|p2b: Tapu Fini|85\/100\n|move|p2a: Chi-Yu|Dark Pulse|p1a: Landorus\n|-damage|p1a: Landorus|0 fnt\n|faint|p1a: Landorus\n|move|p1b: Indeedee|Expanding Force|p2b: Tapu Fini\n|-damage|p2b: Tapu Fini|66\/100\n|\n|-weather|SunnyDay|[upkeep]\n|upkeep\n|c|\u2606wammer18|charzasrd y is so coool\n|c|\u2606wammer18|holy shit\n|\n|t:|1700447916\n|switch|p1a: Blastoise|Blastoise, F|100\/100\n|turn|3\n|\n|t:|1700447924\n|detailschange|p1a: Blastoise|Blastoise-Mega, F\n|-mega|p1a: Blastoise|Blastoise|Blastoisinite\n|move|p1b: Indeedee|Follow Me|p1b: Indeedee\n|-singleturn|p1b: Indeedee|move: Follow Me\n|move|p2a: Chi-Yu|Dark Pulse|p1b: Indeedee\n|-resisted|p1b: Indeedee\n|-damage|p1b: Indeedee|49\/100\n|-enditem|p1b: Indeedee|Sitrus Berry|[eat]\n|-heal|p1b: Indeedee|74\/100|[from] item: Sitrus Berry\n|move|p1a: Blastoise|Shell Smash|p1a: Blastoise\n|-unboost|p1a: Blastoise|def|1\n|-unboost|p1a: Blastoise|spd|1\n|-boost|p1a: Blastoise|atk|2\n|-boost|p1a: Blastoise|spa|2\n|-boost|p1a: Blastoise|spe|2\n|move|p2b: Tapu Fini|Grass Knot|p1b: Indeedee\n|-damage|p1b: Indeedee|53\/100\n|\n|-weather|SunnyDay|[upkeep]\n|upkeep\n|turn|4\n|\n|t:|1700447945\n|switch|p2a: Charizard|Charizard-Mega-Y, F|12\/100\n|move|p1b: Indeedee|Follow Me|p1b: Indeedee\n|-singleturn|p1b: Indeedee|move: Follow Me\n|move|p1a: Blastoise|Water Spout|p2a: Charizard|[spread] p2a,p2b\n|-supereffective|p2a: Charizard\n|-resisted|p2b: Tapu Fini\n|-damage|p2a: Charizard|0 fnt\n|-damage|p2b: Tapu Fini|49\/100\n|faint|p2a: Charizard\n|move|p2b: Tapu Fini|Grass Knot|p1b: Indeedee\n|-damage|p1b: Indeedee|39\/100\n|\n|-weather|SunnyDay|[upkeep]\n|upkeep\n|\n|t:|1700447959\n|switch|p2a: Ogerpon|Ogerpon-Wellspring, F|100\/100\n|turn|5\n|\n|t:|1700447974\n|switch|p1a: Sneasler|Sneasler, F|100\/100\n|move|p1b: Indeedee|Follow Me|p1b: Indeedee\n|-singleturn|p1b: Indeedee|move: Follow Me\n|move|p2a: Ogerpon|Horn Leech|p1b: Indeedee\n|-damage|p1b: Indeedee|0 fnt\n|faint|p1b: Indeedee\n|move|p2b: Tapu Fini|Moonblast|p1a: Sneasler\n|-damage|p1a: Sneasler|46\/100\n|-unboost|p1a: Sneasler|spa|1\n|\n|-weather|none\n|upkeep\n|\n|t:|1700447983\n|switch|p1b: Sinistcha|Sinistcha-Masterpiece, shiny|100\/100\n|-heal|p1a: Sneasler|71\/100|[from] ability: Hospitality|[of] p1b: Sinistcha\n|turn|6\n|\n|t:|1700448003\n|move|p2a: Ogerpon|Spiky Shield|p2a: Ogerpon\n|-singleturn|p2a: Ogerpon|move: Protect\n|move|p1a: Sneasler|Dire Claw|p2a: Ogerpon\n|-activate|p2a: Ogerpon|move: Protect\n|-damage|p1a: Sneasler|58\/100|[from] Spiky Shield|[of] p2a: Ogerpon\n|move|p2b: Tapu Fini|Icy Wind|p1a: Sneasler|[spread] p1a,p1b\n|-supereffective|p1b: Sinistcha\n|-damage|p1a: Sneasler|44\/100\n|-damage|p1b: Sinistcha|78\/100\n|-unboost|p1a: Sneasler|spe|1\n|-unboost|p1b: Sinistcha|spe|1\n|move|p1b: Sinistcha|Life Dew|p1b: Sinistcha|[spread] p1a,p1b\n|-heal|p1a: Sneasler|69\/100\n|-heal|p1b: Sinistcha|100\/100\n|\n|-fieldend|Misty Terrain\n|upkeep\n|turn|7\n|\n|t:|1700448030\n|move|p1a: Sneasler|Protect|p1a: Sneasler\n|-singleturn|p1a: Sneasler|Protect\n|move|p2a: Ogerpon|Ivy Cudgel|p1a: Sneasler|[anim] Ivy Cudgel Water\n|-activate|p1a: Sneasler|move: Protect\n|move|p2b: Tapu Fini|Moonblast|p1a: Sneasler\n|-activate|p1a: Sneasler|move: Protect\n|move|p1b: Sinistcha|Matcha Gotcha|p2b: Tapu Fini|[spread] p2a,p2b\n|-supereffective|p2b: Tapu Fini\n|-damage|p2a: Ogerpon|78\/100\n|-damage|p2b: Tapu Fini|21\/100\n|\n|upkeep\n|turn|8\n|j| TestudoJK\n|\n|t:|1700448058\n|switch|p1a: Blastoise|Blastoise-Mega, F|100\/100\n|move|p2a: Ogerpon|Ivy Cudgel|p1a: Blastoise|[anim] Ivy Cudgel Water\n|-resisted|p1a: Blastoise\n|-damage|p1a: Blastoise|73\/100\n|move|p2b: Tapu Fini|Moonblast|p1a: Blastoise\n|-damage|p1a: Blastoise|35\/100\n|move|p1b: Sinistcha|Matcha Gotcha|p2a: Ogerpon|[spread] p2a,p2b\n|-crit|p2a: Ogerpon\n|-supereffective|p2b: Tapu Fini\n|-damage|p2a: Ogerpon|44\/100\n|-damage|p2b: Tapu Fini|0 fnt\n|-status|p2a: Ogerpon|brn\n|faint|p2b: Tapu Fini\n|\n|-damage|p2a: Ogerpon|38\/100 brn|[from] brn\n|upkeep\n|\n|t:|1700448075\n|switch|p2b: Chi-Yu|Chi-Yu, tera:Dark|35\/100\n|-ability|p2b: Chi-Yu|Beads of Ruin\n|turn|9\n|\n|t:|1700448087\n|switch|p1a: Sneasler|Sneasler, F|69\/100\n|move|p2a: Ogerpon|Follow Me|p2a: Ogerpon\n|-singleturn|p2a: Ogerpon|move: Follow Me\n|move|p2b: Chi-Yu|Dark Pulse|p1a: Sneasler\n|-resisted|p1a: Sneasler\n|-damage|p1a: Sneasler|0 fnt\n|faint|p1a: Sneasler\n|move|p1b: Sinistcha|Matcha Gotcha|p2b: Chi-Yu|[spread] p2a,p2b\n|-damage|p2a: Ogerpon|3\/100 brn\n|-damage|p2b: Chi-Yu|6\/100\n|-status|p2b: Chi-Yu|brn\n|\n|-damage|p2b: Chi-Yu|0 fnt|[from] brn\n|faint|p2b: Chi-Yu\n|-damage|p2a: Ogerpon|0 fnt|[from] brn\n|faint|p2a: Ogerpon\n|upkeep\n|c| Eliminathan|wait\n|c| Shiny_Hero64|Nah\n|\n|t:|1700448109\n|switch|p1a: Blastoise|Blastoise-Mega, F|35\/100\n|switch|p2b: Kingambit|Kingambit, F|100\/100\n|switch|p2a: Tornadus|Tornadus, M|100\/100\n|turn|10\n|c| Shiny_Hero64|he doesn\u2019t\n|c| Eliminathan|he could\n|\n|t:|1700448129\n|move|p1b: Sinistcha|Rage Powder|p1b: Sinistcha\n|-singleturn|p1b: Sinistcha|move: Rage Powder\n|move|p2a: Tornadus|Bleakwind Storm|p1b: Sinistcha|[spread] p1a,p1b\n|-supereffective|p1b: Sinistcha\n|-damage|p1a: Blastoise|0 fnt\n|-damage|p1b: Sinistcha|30\/100\n|-unboost|p1b: Sinistcha|spe|1\n|faint|p1a: Blastoise\n|move|p2b: Kingambit|Kowtow Cleave|p1b: Sinistcha\n|-supereffective|p1b: Sinistcha\n|-damage|p1b: Sinistcha|0 fnt\n|-damage|p2b: Kingambit|84\/100|[from] item: Rocky Helmet|[of] p1b: Sinistcha\n|faint|p1b: Sinistcha\n|\n|win|wammer18\n|c|\u2606Ryan1Baek|gg\n|c|\u2606wammer18|gg\n|l| Shiny_Hero64\n|c|\u2606wammer18|u ott repaly\n","uploadtime":1700448158,"views":4,"p1id":"ryan1baek","p2id":"wammer18","formatid":"gen9nationaldexdoubles","rating":0,"private":0,"password":""}