{"id":"gen9nationaldexdoubles-1991915154","p1":"dean44","p2":"Chiropt","format":"[Gen 9] National Dex Doubles","log":"|j|\u2606dean44\n|j|\u2606Chiropt\n|t:|1700137648\n|gametype|doubles\n|player|p1|dean44|169|1174\n|player|p2|Chiropt|norman|1069\n|teamsize|p1|6\n|teamsize|p2|6\n|gen|9\n|tier|[Gen 9] National Dex Doubles\n|rated|\n|rule|HP Percentage Mod: HP is shown in percentages\n|rule|Endless Battle Clause: Forcing endless battles is banned\n|rule|OHKO Clause: OHKO moves are banned\n|rule|Evasion Moves Clause: Evasion moves are banned\n|rule|Evasion Abilities Clause: Evasion abilities are banned\n|rule|Species Clause: Limit one of each Pok\u00e9mon\n|rule|Gravity Sleep Clause: The combination of sleep-inducing moves with imperfect accuracy and Gravity or Gigantamax Orbeetle are banned\n|clearpoke\n|poke|p1|Malamar, M|\n|poke|p1|Klefki, M|\n|poke|p1|Grapploct, M|\n|poke|p1|Hatterene, F|\n|poke|p1|Garganacl, M|\n|poke|p1|Tsareena, F|\n|poke|p2|Glimmora, F|\n|poke|p2|Grimmsnarl, M|\n|poke|p2|Cyclizar, M|\n|poke|p2|Wo-Chien|\n|poke|p2|Gyarados, F|\n|poke|p2|Chandelure, F|\n|teampreview\n|inactive|Battle timer is ON: inactive players will automatically lose when time's up. (requested by dean44)\n|\n|t:|1700137659\n|start\n|switch|p1a: Malamar|Malamar, M|100\/100\n|switch|p1b: Klefki|Klefki, M|100\/100\n|switch|p2a: Belladonna|Glimmora, F|100\/100\n|switch|p2b: Zombie|Cyclizar, M|100\/100\n|turn|1\n|\n|t:|1700137674\n|move|p2b: Zombie|U-turn|p1a: Malamar\n|-supereffective|p1a: Malamar\n|-damage|p1a: Malamar|44\/100\n|\n|t:|1700137678\n|switch|p2b: Shrek|Grimmsnarl, M|100\/100|[from] U-turn\n|move|p2a: Belladonna|Spikes|p1a: Malamar\n|-sidestart|p1: dean44|Spikes\n|move|p1a: Malamar|Superpower|p2b: Shrek\n|-damage|p2b: Shrek|66\/100\n|-boost|p1a: Malamar|atk|1\n|-boost|p1a: Malamar|def|1\n|move|p1b: Klefki|Trick Room|p1b: Klefki\n|-fieldstart|move: Trick Room|[of] p1b: Klefki\n|\n|-heal|p1a: Malamar|50\/100|[from] item: Leftovers\n|upkeep\n|turn|2\n|\n|t:|1700137697\n|move|p2b: Shrek|Reflect|p2b: Shrek\n|-sidestart|p2: Chiropt|Reflect\n|move|p1b: Klefki|Reflect|p1b: Klefki\n|-sidestart|p1: dean44|Reflect\n|move|p1a: Malamar|Superpower|p2b: Shrek\n|-damage|p2b: Shrek|37\/100\n|-boost|p1a: Malamar|atk|1\n|-boost|p1a: Malamar|def|1\n|move|p2a: Belladonna|Mortal Spin|p1a: Malamar|[spread] p1a\n|-immune|p1b: Klefki\n|-damage|p1a: Malamar|49\/100\n|-status|p1a: Malamar|psn\n|\n|-heal|p1a: Malamar|55\/100 psn|[from] item: Leftovers\n|-damage|p1a: Malamar|43\/100 psn|[from] psn\n|upkeep\n|turn|3\n|\n|t:|1700137720\n|move|p2b: Shrek|Light Screen|p2b: Shrek\n|-sidestart|p2: Chiropt|move: Light Screen\n|move|p1a: Malamar|Superpower|p2b: Shrek\n|-damage|p2b: Shrek|0 fnt\n|-boost|p1a: Malamar|atk|1\n|-boost|p1a: Malamar|def|1\n|faint|p2b: Shrek\n|move|p1b: Klefki|Foul Play|p2a: Belladonna\n|-damage|p2a: Belladonna|91\/100\n|-activate|p2a: Belladonna|ability: Toxic Debris\n|-sidestart|p1: dean44|move: Toxic Spikes\n|move|p2a: Belladonna|Stealth Rock|p1a: Malamar\n|-sidestart|p1: dean44|move: Stealth Rock\n|\n|-heal|p1a: Malamar|49\/100 psn|[from] item: Leftovers\n|-damage|p1a: Malamar|36\/100 psn|[from] psn\n|upkeep\n|inactive|Chiropt has 120 seconds left.\n|\n|t:|1700137740\n|switch|p2b: Wo-Chien|Wo-Chien|100\/100\n|-ability|p2b: Wo-Chien|Tablets of Ruin\n|turn|4\n|inactive|dean44 has 120 seconds left.\n|\n|t:|1700137776\n|switch|p1b: Tsareena|Tsareena, F|100\/100\n|-damage|p1b: Tsareena|88\/100|[from] Spikes\n|-status|p1b: Tsareena|psn\n|-damage|p1b: Tsareena|76\/100 psn|[from] Stealth Rock\n|-enditem|p1b: Tsareena|Room Service\n|-unboost|p1b: Tsareena|spe|1|[from] item: Room Service\n|move|p2a: Belladonna|Spiky Shield|p2a: Belladonna\n|-singleturn|p2a: Belladonna|move: Protect\n|move|p1a: Malamar|Superpower|p2b: Wo-Chien\n|-supereffective|p2b: Wo-Chien\n|-damage|p2b: Wo-Chien|43\/100\n|-boost|p1a: Malamar|atk|1\n|-boost|p1a: Malamar|def|1\n|move|p2b: Wo-Chien|Pollen Puff|p1a: Malamar\n|-supereffective|p1a: Malamar\n|-damage|p1a: Malamar|0 fnt\n|faint|p1a: Malamar\n|\n|-heal|p2b: Wo-Chien|49\/100|[from] item: Leftovers\n|-damage|p1b: Tsareena|63\/100 psn|[from] psn\n|upkeep\n|\n|t:|1700137786\n|switch|p1a: Hatterene|Hatterene, F|100\/100\n|-damage|p1a: Hatterene|88\/100|[from] Spikes\n|-status|p1a: Hatterene|psn\n|-damage|p1a: Hatterene|76\/100 psn|[from] Stealth Rock\n|turn|5\n|\n|t:|1700137809\n|move|p2b: Wo-Chien|Protect|p2b: Wo-Chien\n|-singleturn|p2b: Wo-Chien|Protect\n|move|p2a: Belladonna|Spiky Shield||[still]\n|-fail|p2a: Belladonna\n|move|p1a: Hatterene|Expanding Force|p2a: Belladonna\n|-supereffective|p2a: Belladonna\n|-crit|p2a: Belladonna\n|-damage|p2a: Belladonna|0 fnt\n|faint|p2a: Belladonna\n|move|p1b: Tsareena|Rapid Spin|p2b: Wo-Chien\n|-activate|p2b: Wo-Chien|move: Protect\n|\n|-heal|p1a: Hatterene|82\/100 psn|[from] item: Leftovers\n|-heal|p2b: Wo-Chien|55\/100|[from] item: Leftovers\n|-damage|p1a: Hatterene|70\/100 psn|[from] psn\n|-damage|p1b: Tsareena|51\/100 psn|[from] psn\n|-fieldend|move: Trick Room\n|upkeep\n|inactive|Chiropt has 120 seconds left.\n|\n|t:|1700137830\n|switch|p2a: Zombie|Cyclizar, M|100\/100\n|turn|6\n|\n|t:|1700137845\n|move|p2a: Zombie|U-turn|p1b: Tsareena\n|-supereffective|p1b: Tsareena\n|-damage|p1b: Tsareena|31\/100 psn\n|\n|t:|1700137848\n|switch|p2a: Chandelure|Chandelure, F|100\/100|[from] U-turn\n|move|p2b: Wo-Chien|Pollen Puff|p1a: Hatterene\n|-damage|p1a: Hatterene|48\/100 psn\n|move|p1b: Tsareena|Rapid Spin|p2b: Wo-Chien\n|-damage|p2b: Wo-Chien|48\/100\n|-boost|p1b: Tsareena|spe|1\n|-sideend|p1: dean44|Spikes|[from] move: Rapid Spin|[of] p1b: Tsareena\n|-sideend|p1: dean44|Toxic Spikes|[from] move: Rapid Spin|[of] p1b: Tsareena\n|-sideend|p1: dean44|Stealth Rock|[from] move: Rapid Spin|[of] p1b: Tsareena\n|move|p1a: Hatterene|Trick Room|p1a: Hatterene\n|-fieldstart|move: Trick Room|[of] p1a: Hatterene\n|\n|-heal|p1a: Hatterene|54\/100 psn|[from] item: Leftovers\n|-heal|p2b: Wo-Chien|54\/100|[from] item: Leftovers\n|-damage|p1a: Hatterene|42\/100 psn|[from] psn\n|-damage|p1b: Tsareena|18\/100 psn|[from] psn\n|upkeep\n|turn|7\n|\n|t:|1700137873\n|-terastallize|p1b: Tsareena|Water\n|move|p1a: Hatterene|Dazzling Gleam|p2a: Chandelure|[spread] p2a,p2b\n|-resisted|p2a: Chandelure\n|-supereffective|p2b: Wo-Chien\n|-damage|p2a: Chandelure|85\/100\n|-damage|p2b: Wo-Chien|30\/100\n|move|p1b: Tsareena|Tera Blast|p2a: Chandelure|[anim] Tera Blast Water\n|-supereffective|p2a: Chandelure\n|-damage|p2a: Chandelure|27\/100\n|move|p2b: Wo-Chien|Pollen Puff|p1b: Tsareena\n|-damage|p1b: Tsareena|0 fnt\n|faint|p1b: Tsareena\n|move|p2a: Chandelure|Shadow Ball|p1a: Hatterene\n|-supereffective|p1a: Hatterene\n|-damage|p1a: Hatterene|0 fnt\n|faint|p1a: Hatterene\n|\n|-heal|p2b: Wo-Chien|36\/100|[from] item: Leftovers\n|upkeep\n|\n|t:|1700137888\n|switch|p1a: Garganacl|Garganacl, M|100\/100\n|switch|p1b: Grapploct|Grapploct, M|100\/100\n|turn|8\n|\n|t:|1700137900\n|move|p1a: Garganacl|Salt Cure|p2a: Chandelure\n|-supereffective|p2a: Chandelure\n|-damage|p2a: Chandelure|0 fnt\n|faint|p2a: Chandelure\n|move|p1b: Grapploct|Drain Punch|p2b: Wo-Chien\n|-supereffective|p2b: Wo-Chien\n|-damage|p2b: Wo-Chien|10\/100\n|move|p2b: Wo-Chien|Leech Seed|p1a: Garganacl\n|-start|p1a: Garganacl|move: Leech Seed\n|\n|-heal|p2b: Wo-Chien|17\/100|[from] item: Leftovers\n|-damage|p1a: Garganacl|88\/100|[from] Leech Seed|[of] p2b: Wo-Chien\n|-heal|p2b: Wo-Chien|30\/100|[silent]\n|upkeep\n|\n|t:|1700137913\n|switch|p2a: Gyarados|Gyarados, F|100\/100\n|turn|9\n|\n|t:|1700137922\n|move|p1a: Garganacl|Salt Cure|p2a: Gyarados\n|-supereffective|p2a: Gyarados\n|-damage|p2a: Gyarados|75\/100\n|-start|p2a: Gyarados|Salt Cure\n|move|p1b: Grapploct|Octolock|p2b: Wo-Chien\n|-start|p2b: Wo-Chien|move: Octolock|[of] p1b: Grapploct\n|move|p2b: Wo-Chien|Leech Seed|p1b: Grapploct\n|-start|p1b: Grapploct|move: Leech Seed\n|move|p2a: Gyarados|Dragon Dance|p2a: Gyarados\n|-boost|p2a: Gyarados|atk|1\n|-boost|p2a: Gyarados|spe|1\n|\n|-heal|p1a: Garganacl|94\/100|[from] item: Leftovers\n|-heal|p2b: Wo-Chien|36\/100|[from] item: Leftovers\n|-heal|p2a: Gyarados|81\/100|[from] item: Leftovers\n|-damage|p1a: Garganacl|82\/100|[from] Leech Seed|[of] p2b: Wo-Chien\n|-heal|p2b: Wo-Chien|49\/100|[silent]\n|-damage|p1b: Grapploct|88\/100|[from] Leech Seed|[of] p2b: Wo-Chien\n|-heal|p2b: Wo-Chien|61\/100|[silent]\n|-damage|p2a: Gyarados|56\/100|[from] Salt Cure\n|-unboost|p2b: Wo-Chien|def|1\n|-unboost|p2b: Wo-Chien|spd|1\n|-sideend|p2: Chiropt|Reflect\n|-sideend|p1: dean44|Reflect\n|upkeep\n|turn|10\n|inactive|Chiropt has 120 seconds left.\n|\n|t:|1700137953\n|move|p1a: Garganacl|Salt Cure|p2a: Gyarados\n|-supereffective|p2a: Gyarados\n|-damage|p2a: Gyarados|17\/100\n|move|p1b: Grapploct|Drain Punch|p2b: Wo-Chien\n|-supereffective|p2b: Wo-Chien\n|-damage|p2b: Wo-Chien|0 fnt\n|-heal|p1b: Grapploct|100\/100|[from] drain|[of] p2b: Wo-Chien\n|faint|p2b: Wo-Chien\n|move|p2a: Gyarados|Waterfall|p1a: Garganacl\n|-supereffective|p1a: Garganacl\n|-damage|p1a: Garganacl|0 fnt\n|faint|p1a: Garganacl\n|-ability|p2a: Gyarados|Moxie|boost\n|-boost|p2a: Gyarados|atk|1\n|\n|-heal|p2a: Gyarados|23\/100|[from] item: Leftovers\n|-damage|p2a: Gyarados|0 fnt|[from] Salt Cure\n|faint|p2a: Gyarados\n|-sideend|p2: Chiropt|move: Light Screen\n|-fieldend|move: Trick Room\n|upkeep\n|\n|t:|1700137973\n|switch|p2b: Zombie|Cyclizar, M|100\/100\n|switch|p1a: Klefki|Klefki, M|100\/100\n|turn|11\n|\n|t:|1700137986\n|move|p1a: Klefki|Reflect|p1a: Klefki\n|-sidestart|p1: dean44|Reflect\n|move|p2b: Zombie|Shed Tail|p2b: Zombie\n|-fail|p2b: Zombie\n|move|p1b: Grapploct|Octolock|p2b: Zombie\n|-start|p2b: Zombie|move: Octolock|[of] p1b: Grapploct\n|\n|-damage|p1b: Grapploct|88\/100|[from] Leech Seed|[of] p2b: Zombie\n|-unboost|p2b: Zombie|def|1\n|-unboost|p2b: Zombie|spd|1\n|upkeep\n|turn|12\n|\n|t:|1700137997\n|move|p2b: Zombie|Shed Tail|p2b: Zombie\n|-fail|p2b: Zombie\n|move|p1b: Grapploct|Drain Punch|p2b: Zombie\n|-supereffective|p2b: Zombie\n|-damage|p2b: Zombie|0 fnt\n|-heal|p1b: Grapploct|100\/100|[from] drain|[of] p2b: Zombie\n|faint|p2b: Zombie\n|\n|win|dean44\n|raw|dean44's rating: 1174 &rarr; <strong>1192<\/strong><br \/>(+18 for winning)\n|raw|Chiropt's rating: 1069 &rarr; <strong>1055<\/strong><br \/>(-14 for losing)\n|c|\u2606dean44|gg\n|l|\u2606Chiropt\n","uploadtime":1700138008,"views":6,"p1id":"dean44","p2id":"chiropt","formatid":"gen9nationaldexdoubles","rating":1055,"private":0,"password":""}