{"id":"gen9nationaldexdoubles-1985452894","p1":"guerilladilemma","p2":"AkRAA22555","format":"[Gen 9] National Dex Doubles","log":"|j|\u2606guerilladilemma\n|j|\u2606AkRAA22555\n|t:|1699375908\n|gametype|doubles\n|player|p1|guerilladilemma|170|1214\n|player|p2|AkRAA22555|gambler|1043\n|teamsize|p1|6\n|teamsize|p2|6\n|gen|9\n|tier|[Gen 9] National Dex Doubles\n|rated|\n|rule|HP Percentage Mod: HP is shown in percentages\n|rule|Endless Battle Clause: Forcing endless battles is banned\n|rule|OHKO Clause: OHKO moves are banned\n|rule|Evasion Moves Clause: Evasion moves are banned\n|rule|Evasion Abilities Clause: Evasion abilities are banned\n|rule|Species Clause: Limit one of each Pok\u00e9mon\n|rule|Gravity Sleep Clause: The combination of sleep-inducing moves with imperfect accuracy and Gravity or Gigantamax Orbeetle are banned\n|clearpoke\n|poke|p1|Grimmsnarl, M|\n|poke|p1|Garganacl, M|\n|poke|p1|Lurantis, M|\n|poke|p1|Enamorus, F|\n|poke|p1|Thundurus, M|\n|poke|p1|Chien-Pao|\n|poke|p2|Chien-Pao|\n|poke|p2|Dragonite, M|\n|poke|p2|Ogerpon-Hearthflame, F|\n|poke|p2|Farigiraf, M|\n|poke|p2|Flutter Mane|\n|poke|p2|Clefairy, M|\n|teampreview\n|inactive|Battle timer is ON: inactive players will automatically lose when time's up. (requested by AkRAA22555)\n|\n|t:|1699375921\n|start\n|switch|p1a: Thundurus|Thundurus, M|100\/100\n|switch|p1b: Enamorus|Enamorus, F|100\/100\n|switch|p2a: Ogerpon|Ogerpon-Hearthflame, F|100\/100\n|switch|p2b: Clefairy|Clefairy, M|100\/100\n|-ability|p2a: Ogerpon|Mold Breaker\n|turn|1\n|\n|t:|1699375944\n|move|p2b: Clefairy|Follow Me|p2b: Clefairy\n|-singleturn|p2b: Clefairy|move: Follow Me\n|move|p1a: Thundurus|Eerie Impulse|p2b: Clefairy\n|-unboost|p2b: Clefairy|spa|2\n|move|p2a: Ogerpon|Swords Dance|p2a: Ogerpon\n|-boost|p2a: Ogerpon|atk|2\n|move|p1b: Enamorus|Dazzling Gleam|p2a: Ogerpon|[spread] p2a,p2b\n|-resisted|p2a: Ogerpon\n|-damage|p2a: Ogerpon|80\/100\n|-damage|p2b: Clefairy|74\/100\n|-damage|p1b: Enamorus|91\/100|[from] item: Life Orb\n|\n|upkeep\n|turn|2\n|\n|t:|1699375973\n|move|p2b: Clefairy|Follow Me|p2b: Clefairy\n|-singleturn|p2b: Clefairy|move: Follow Me\n|move|p1a: Thundurus|Eerie Impulse|p2b: Clefairy\n|-unboost|p2b: Clefairy|spa|2\n|move|p2a: Ogerpon|Ivy Cudgel|p1b: Enamorus\n|-damage|p1b: Enamorus|0 fnt\n|faint|p1b: Enamorus\n|\n|upkeep\n|\n|t:|1699375983\n|switch|p1b: Chien-Pao|Chien-Pao|100\/100\n|-ability|p1b: Chien-Pao|Sword of Ruin\n|turn|3\n|\n|t:|1699375998\n|move|p2b: Clefairy|Follow Me|p2b: Clefairy\n|-singleturn|p2b: Clefairy|move: Follow Me\n|move|p1a: Thundurus|Thunder Wave|p2b: Clefairy\n|-status|p2b: Clefairy|par\n|move|p1b: Chien-Pao|Icicle Crash|p2b: Clefairy|[miss]\n|-miss|p1b: Chien-Pao|p2b: Clefairy\n|move|p2a: Ogerpon|Ivy Cudgel|p1b: Chien-Pao\n|-supereffective|p1b: Chien-Pao\n|-damage|p1b: Chien-Pao|0 fnt\n|faint|p1b: Chien-Pao\n|\n|upkeep\n|\n|t:|1699376009\n|switch|p1b: Garganacl|Garganacl, M|100\/100\n|turn|4\n|\n|t:|1699376022\n|-terastallize|p1b: Garganacl|Dragon\n|move|p2b: Clefairy|Follow Me|p2b: Clefairy\n|-singleturn|p2b: Clefairy|move: Follow Me\n|move|p2a: Ogerpon|Trailblaze|p1b: Garganacl\n|-resisted|p1b: Garganacl\n|-damage|p1b: Garganacl|81\/100\n|-boost|p2a: Ogerpon|spe|1\n|move|p1a: Thundurus|Thunderbolt|p2b: Clefairy\n|-damage|p2b: Clefairy|49\/100 par\n|move|p1b: Garganacl|Substitute|p1b: Garganacl\n|-start|p1b: Garganacl|Substitute\n|-damage|p1b: Garganacl|56\/100\n|\n|-heal|p1b: Garganacl|62\/100|[from] item: Leftovers\n|upkeep\n|turn|5\n|\n|t:|1699376049\n|move|p2a: Ogerpon|Knock Off|p1b: Garganacl\n|-end|p1b: Garganacl|Substitute\n|move|p1a: Thundurus|Thunderbolt|p2b: Clefairy\n|-damage|p2b: Clefairy|26\/100 par\n|move|p1b: Garganacl|Salt Cure|p2a: Ogerpon\n|-supereffective|p2a: Ogerpon\n|-damage|p2a: Ogerpon|53\/100\n|-start|p2a: Ogerpon|Salt Cure\n|cant|p2b: Clefairy|par\n|\n|-heal|p1b: Garganacl|69\/100|[from] item: Leftovers\n|-damage|p2a: Ogerpon|41\/100|[from] Salt Cure\n|upkeep\n|turn|6\n|\n|t:|1699376071\n|move|p1a: Thundurus|Thunder Wave|p2a: Ogerpon\n|-status|p2a: Ogerpon|par\n|cant|p2a: Ogerpon|par\n|move|p1b: Garganacl|Substitute|p1b: Garganacl\n|-start|p1b: Garganacl|Substitute\n|-damage|p1b: Garganacl|44\/100\n|cant|p2b: Clefairy|par\n|\n|-heal|p1b: Garganacl|50\/100|[from] item: Leftovers\n|-damage|p2a: Ogerpon|29\/100 par|[from] Salt Cure\n|upkeep\n|turn|7\n|\n|t:|1699376092\n|move|p2b: Clefairy|Follow Me|p2b: Clefairy\n|-singleturn|p2b: Clefairy|move: Follow Me\n|move|p2a: Ogerpon|Knock Off|p1b: Garganacl\n|-end|p1b: Garganacl|Substitute\n|move|p1a: Thundurus|Thunderbolt|p2b: Clefairy\n|-damage|p2b: Clefairy|2\/100 par\n|move|p1b: Garganacl|Recover|p1b: Garganacl\n|-heal|p1b: Garganacl|99\/100\n|\n|-heal|p1b: Garganacl|100\/100|[from] item: Leftovers\n|-damage|p2a: Ogerpon|16\/100 par|[from] Salt Cure\n|upkeep\n|turn|8\n|\n|t:|1699376113\n|move|p2a: Ogerpon|Knock Off|p1b: Garganacl\n|-damage|p1b: Garganacl|46\/100\n|-enditem|p1b: Garganacl|Leftovers|[from] move: Knock Off|[of] p2a: Ogerpon\n|move|p1a: Thundurus|Thunderbolt|p2a: Ogerpon\n|-resisted|p2a: Ogerpon\n|-damage|p2a: Ogerpon|0 fnt\n|faint|p2a: Ogerpon\n|move|p1b: Garganacl|Substitute|p1b: Garganacl\n|-start|p1b: Garganacl|Substitute\n|-damage|p1b: Garganacl|21\/100\n|cant|p2b: Clefairy|par\n|\n|upkeep\n|inactive|AkRAA22555 has 120 seconds left.\n|\n|t:|1699376131\n|switch|p2a: Chien-Pao|Chien-Pao|100\/100\n|-ability|p2a: Chien-Pao|Sword of Ruin\n|turn|9\n|\n|t:|1699376153\n|move|p2a: Chien-Pao|Ice Shard|p1a: Thundurus\n|-supereffective|p1a: Thundurus\n|-damage|p1a: Thundurus|0 fnt\n|faint|p1a: Thundurus\n|move|p1b: Garganacl|Salt Cure|p2a: Chien-Pao\n|-supereffective|p2a: Chien-Pao\n|-damage|p2a: Chien-Pao|72\/100\n|-start|p2a: Chien-Pao|Salt Cure\n|move|p2b: Clefairy|Wish|p2b: Clefairy\n|\n|-damage|p2a: Chien-Pao|59\/100|[from] Salt Cure\n|upkeep\n|\n|t:|1699376164\n|switch|p1a: Grimmsnarl|Grimmsnarl, M|100\/100\n|turn|10\n|\n|t:|1699376174\n|switch|p2b: Dragonite|Dragonite, M|100\/100\n|move|p2a: Chien-Pao|Ice Shard|p1b: Garganacl\n|-supereffective|p1b: Garganacl\n|-end|p1b: Garganacl|Substitute\n|move|p1a: Grimmsnarl|Reflect|p1a: Grimmsnarl\n|-sidestart|p1: guerilladilemma|Reflect\n|move|p1b: Garganacl|Recover|p1b: Garganacl\n|-heal|p1b: Garganacl|71\/100\n|\n|-damage|p2a: Chien-Pao|47\/100|[from] Salt Cure\n|upkeep\n|turn|11\n|\n|t:|1699376197\n|-terastallize|p2b: Dragonite|Normal\n|move|p2a: Chien-Pao|Ice Shard|p1b: Garganacl\n|-supereffective|p1b: Garganacl\n|-damage|p1b: Garganacl|34\/100\n|move|p1a: Grimmsnarl|Parting Shot|p2b: Dragonite\n|-unboost|p2b: Dragonite|atk|1\n|-unboost|p2b: Dragonite|spa|1\n|\n|t:|1699376205\n|switch|p1a: Lurantis|Lurantis, M|100\/100|[from] Parting Shot\n|move|p2b: Dragonite|Dragon Dance|p2b: Dragonite\n|-boost|p2b: Dragonite|atk|1\n|-boost|p2b: Dragonite|spe|1\n|move|p1b: Garganacl|Salt Cure|p2b: Dragonite\n|-damage|p2b: Dragonite|91\/100\n|-start|p2b: Dragonite|Salt Cure\n|\n|-damage|p2a: Chien-Pao|35\/100|[from] Salt Cure\n|-damage|p2b: Dragonite|79\/100|[from] Salt Cure\n|upkeep\n|turn|12\n|\n|t:|1699376225\n|move|p1b: Garganacl|Protect|p1b: Garganacl\n|-singleturn|p1b: Garganacl|Protect\n|move|p2a: Chien-Pao|Ice Shard|p1b: Garganacl\n|-activate|p1b: Garganacl|move: Protect\n|move|p2b: Dragonite|Dragon Dance|p2b: Dragonite\n|-boost|p2b: Dragonite|atk|1\n|-boost|p2b: Dragonite|spe|1\n|move|p1a: Lurantis|Superpower|p2a: Chien-Pao\n|-supereffective|p2a: Chien-Pao\n|-damage|p2a: Chien-Pao|0 fnt\n|-boost|p1a: Lurantis|atk|1\n|-boost|p1a: Lurantis|def|1\n|faint|p2a: Chien-Pao\n|\n|-damage|p2b: Dragonite|66\/100|[from] Salt Cure\n|upkeep\n|inactive|AkRAA22555 has 120 seconds left.\n|\n|t:|1699376252\n|switch|p2a: Flutter Mane|Flutter Mane|100\/100\n|turn|13\n|\n|t:|1699376260\n|move|p2b: Dragonite|Extreme Speed|p1a: Lurantis\n|-damage|p1a: Lurantis|72\/100\n|move|p2a: Flutter Mane|Dazzling Gleam|p1a: Lurantis|[spread] p1a,p1b\n|-supereffective|p1b: Garganacl\n|-damage|p1a: Lurantis|19\/100\n|-damage|p1b: Garganacl|0 fnt\n|faint|p1b: Garganacl\n|move|p1a: Lurantis|Superpower|p2b: Dragonite\n|-supereffective|p2b: Dragonite\n|-damage|p2b: Dragonite|0 fnt\n|-boost|p1a: Lurantis|atk|1\n|-boost|p1a: Lurantis|def|1\n|faint|p2b: Dragonite\n|\n|-heal|p1a: Lurantis|25\/100|[from] item: Leftovers\n|upkeep\n|\n|t:|1699376282\n|switch|p2b: Farigiraf|Farigiraf, M|100\/100\n|switch|p1b: Grimmsnarl|Grimmsnarl, M|100\/100\n|turn|14\n|\n|t:|1699376291\n|move|p2b: Farigiraf|Helping Hand|p2a: Flutter Mane\n|-singleturn|p2a: Flutter Mane|Helping Hand|[of] p2b: Farigiraf\n|move|p1b: Grimmsnarl|Light Screen|p1b: Grimmsnarl\n|-sidestart|p1: guerilladilemma|move: Light Screen\n|move|p2a: Flutter Mane|Dazzling Gleam|p1a: Lurantis|[spread] p1a,p1b\n|-supereffective|p1b: Grimmsnarl\n|-damage|p1a: Lurantis|0 fnt\n|-damage|p1b: Grimmsnarl|29\/100\n|faint|p1a: Lurantis\n|\n|upkeep\n|turn|15\n|-message|guerilladilemma forfeited.\n|\n|win|AkRAA22555\n|raw|guerilladilemma's rating: 1214 &rarr; <strong>1178<\/strong><br \/>(-36 for losing)\n|raw|AkRAA22555's rating: 1043 &rarr; <strong>1092<\/strong><br \/>(+49 for winning)\n|l|\u2606guerilladilemma\n","uploadtime":1699376308,"views":8,"p1id":"guerilladilemma","p2id":"akraa22555","formatid":"gen9nationaldexdoubles","rating":1092,"private":0,"password":""}