{"id":"gen9nationaldexdoubles-1951244330","p1":"the maraculous","p2":"Genosse_Pflanze","format":"[Gen 9] National Dex Doubles","log":"|j|\u2606the maraculous\n|j|\u2606Genosse_Pflanze\n|t:|1695564218\n|gametype|doubles\n|player|p1|the maraculous|dragontamer|1452\n|player|p2|Genosse_Pflanze|n|1233\n|teamsize|p1|6\n|teamsize|p2|6\n|gen|9\n|tier|[Gen 9] National Dex Doubles\n|rated|\n|rule|HP Percentage Mod: HP is shown in percentages\n|rule|Endless Battle Clause: Forcing endless battles is banned\n|rule|OHKO Clause: OHKO moves are banned\n|rule|Evasion Moves Clause: Evasion moves are banned\n|rule|Evasion Abilities Clause: Evasion abilities are banned\n|rule|Species Clause: Limit one of each Pok\u00e9mon\n|rule|Gravity Sleep Clause: The combination of sleep-inducing moves with imperfect accuracy and Gravity or Gigantamax Orbeetle are banned\n|clearpoke\n|poke|p1|Xurkitree|\n|poke|p1|Iron Valiant|\n|poke|p1|Chandelure, M|\n|poke|p1|Landorus-Therian, M|\n|poke|p1|Kartana|\n|poke|p1|Farigiraf, F|\n|poke|p2|Banette, F|\n|poke|p2|Amoonguss, M|\n|poke|p2|Milotic, F|\n|poke|p2|Kommo-o, F|\n|poke|p2|Rillaboom, F|\n|poke|p2|Raikou|\n|teampreview\n|\n|t:|1695564247\n|start\n|switch|p1a: Xurkitree|Xurkitree|100\/100\n|switch|p1b: Iron Valiant|Iron Valiant|100\/100\n|switch|p2a: Banette|Banette, F|100\/100\n|switch|p2b: Amoonguss|Amoonguss, M|100\/100\n|turn|1\n|\n|t:|1695564270\n|detailschange|p2a: Banette|Banette-Mega, F\n|-mega|p2a: Banette|Banette|Banettite\n|move|p2a: Banette|Skill Swap|p2b: Amoonguss\n|-activate|p2a: Banette|move: Skill Swap|||[of] p2b: Amoonguss\n|move|p2b: Amoonguss|Spore|p1b: Iron Valiant\n|-status|p1b: Iron Valiant|slp|[from] move: Spore\n|cant|p1b: Iron Valiant|slp\n|-zpower|p1a: Xurkitree\n|move|p1a: Xurkitree|Z-Electric Terrain|p1a: Xurkitree|[anim]Electric Terrain\n|-boost|p1a: Xurkitree|spe|1|[zeffect]\n|-fieldstart|move: Electric Terrain\n|-activate|p1b: Iron Valiant|ability: Quark Drive\n|-start|p1b: Iron Valiant|quarkdrivespe\n|\n|upkeep\n|turn|2\n|\n|t:|1695564313\n|switch|p2a: Kommo-o|Kommo-o, F|100\/100\n|move|p2b: Amoonguss|Spore|p1a: Xurkitree\n|-activate|p1a: Xurkitree|move: Electric Terrain\n|-curestatus|p1b: Iron Valiant|slp|[msg]\n|move|p1b: Iron Valiant|Moonblast|p2a: Kommo-o\n|-supereffective|p2a: Kommo-o\n|-crit|p2a: Kommo-o\n|-damage|p2a: Kommo-o|0 fnt\n|faint|p2a: Kommo-o\n|-damage|p1b: Iron Valiant|91\/100|[from] item: Life Orb\n|move|p1a: Xurkitree|Electric Terrain||[still]\n|-fail|p1a: Xurkitree\n|\n|upkeep\n|\n|t:|1695564335\n|switch|p2a: Banette|Banette-Mega, F|100\/100\n|turn|3\n|\n|t:|1695564363\n|switch|p2b: Raikou|Raikou|100\/100\n|move|p2a: Banette|Encore|p1a: Xurkitree\n|-start|p1a: Xurkitree|Encore\n|move|p1b: Iron Valiant|Moonblast|p2a: Banette\n|-damage|p2a: Banette|18\/100\n|-damage|p1b: Iron Valiant|81\/100|[from] item: Life Orb\n|move|p1a: Xurkitree|Electric Terrain||[still]\n|-fail|p1a: Xurkitree\n|\n|upkeep\n|turn|4\n|\n|t:|1695564392\n|switch|p1a: Landorus|Landorus-Therian, M|100\/100\n|-ability|p1a: Landorus|Intimidate|boost\n|-unboost|p2a: Banette|atk|1\n|-fail|p2b: Raikou|unboost|Attack|[from] ability: Inner Focus|[of] p2b: Raikou\n|move|p2a: Banette|Disable|p1b: Iron Valiant\n|-start|p1b: Iron Valiant|Disable|Moonblast\n|move|p1b: Iron Valiant|Destiny Bond|p1b: Iron Valiant\n|-singlemove|p1b: Iron Valiant|Destiny Bond\n|move|p2b: Raikou|Thunderbolt|p1b: Iron Valiant\n|-damage|p1b: Iron Valiant|0 fnt\n|faint|p1b: Iron Valiant\n|-activate|p1b: Iron Valiant|move: Destiny Bond\n|-end|p1b: Iron Valiant|Quark Drive|[silent]\n|faint|p2b: Raikou\n|\n|upkeep\n|\n|t:|1695564413\n|switch|p1b: Chandelure|Chandelure, M|100\/100\n|switch|p2b: Rillaboom|Rillaboom, F|100\/100\n|-fieldstart|move: Grassy Terrain|[from] ability: Grassy Surge|[of] p2b: Rillaboom\n|-item|p1b: Chandelure|Air Balloon\n|turn|5\n|\n|t:|1695564432\n|switch|p1a: Farigiraf|Farigiraf, F|100\/100\n|move|p2b: Rillaboom|Fake Out||[still]\n|cant|p1a: Farigiraf|ability: Armor Tail|Fake Out|[of] p2b: Rillaboom\n|move|p1b: Chandelure|Shadow Ball|p2a: Banette\n|-supereffective|p2a: Banette\n|-damage|p2a: Banette|0 fnt\n|faint|p2a: Banette\n|\n|upkeep\n|\n|t:|1695564444\n|switch|p2a: Milotic|Milotic, F|100\/100\n|turn|6\n|\n|t:|1695564463\n|move|p2b: Rillaboom|Darkest Lariat|p1b: Chandelure\n|-supereffective|p1b: Chandelure\n|-damage|p1b: Chandelure|31\/100\n|-enditem|p1b: Chandelure|Air Balloon\n|move|p2a: Milotic|Coil|p2a: Milotic\n|-boost|p2a: Milotic|atk|1\n|-boost|p2a: Milotic|def|1\n|-boost|p2a: Milotic|accuracy|1\n|move|p1b: Chandelure|Flamethrower|p2b: Rillaboom\n|-supereffective|p2b: Rillaboom\n|-damage|p2b: Rillaboom|0 fnt\n|faint|p2b: Rillaboom\n|move|p1a: Farigiraf|Nasty Plot|p1a: Farigiraf\n|-boost|p1a: Farigiraf|spa|2\n|\n|-heal|p1b: Chandelure|37\/100|[from] Grassy Terrain\n|upkeep\n|\n|t:|1695564477\n|switch|p2b: Amoonguss|Amoonguss, M|100\/100\n|turn|7\n|\n|t:|1695564493\n|move|p2a: Milotic|Hypnosis|p1b: Chandelure\n|-status|p1b: Chandelure|slp|[from] move: Hypnosis\n|cant|p1b: Chandelure|slp\n|move|p1a: Farigiraf|Twin Beam|p2b: Amoonguss\n|-supereffective|p2b: Amoonguss\n|-damage|p2b: Amoonguss|34\/100\n|-supereffective|p2b: Amoonguss\n|-damage|p2b: Amoonguss|0 fnt\n|faint|p2b: Amoonguss\n|-hitcount|p2: Amoonguss|2\n|\n|-heal|p1b: Chandelure|43\/100 slp|[from] Grassy Terrain\n|upkeep\n|turn|8\n|inactive|Battle timer is ON: inactive players will automatically lose when time's up. (requested by the maraculous)\n|\n|t:|1695564562\n|move|p2a: Milotic|Hypnosis|p1a: Farigiraf|[miss]\n|-miss|p2a: Milotic|p1a: Farigiraf\n|cant|p1b: Chandelure|slp\n|move|p1a: Farigiraf|Hyper Voice|p2a: Milotic\n|-damage|p2a: Milotic|48\/100\n|\n|-heal|p2a: Milotic|55\/100|[from] Grassy Terrain\n|-heal|p1b: Chandelure|49\/100 slp|[from] Grassy Terrain\n|upkeep\n|turn|9\n|\n|t:|1695564572\n|move|p2a: Milotic|Hypnosis|p1a: Farigiraf\n|-status|p1a: Farigiraf|slp|[from] move: Hypnosis\n|-curestatus|p1b: Chandelure|slp|[msg]\n|move|p1b: Chandelure|Shadow Ball|p2a: Milotic\n|-damage|p2a: Milotic|27\/100\n|cant|p1a: Farigiraf|slp\n|\n|-heal|p2a: Milotic|33\/100|[from] Grassy Terrain\n|-heal|p1b: Chandelure|55\/100|[from] Grassy Terrain\n|upkeep\n|turn|10\n|\n|t:|1695564583\n|move|p2a: Milotic|Hypnosis|p1b: Chandelure\n|-status|p1b: Chandelure|slp|[from] move: Hypnosis\n|cant|p1b: Chandelure|slp\n|-curestatus|p1a: Farigiraf|slp|[msg]\n|move|p1a: Farigiraf|Hyper Voice|p2a: Milotic\n|-damage|p2a: Milotic|0 fnt\n|faint|p2a: Milotic\n|\n|win|the maraculous\n|raw|the maraculous's rating: 1452 &rarr; <strong>1461<\/strong><br \/>(+9 for winning)\n|raw|Genosse_Pflanze's rating: 1233 &rarr; <strong>1222<\/strong><br \/>(-11 for losing)\n","uploadtime":1695564590,"views":8,"p1id":"themaraculous","p2id":"genossepflanze","formatid":"gen9nationaldexdoubles","rating":1222,"private":0,"password":""}