{"id":"gen9nationaldexdoubles-1990963662","p1":"AceCoyoteNK","p2":"bindz123","format":"[Gen 9] National Dex Doubles","log":"|j|\u2606AceCoyoteNK\n|j|\u2606bindz123\n|t:|1700020504\n|gametype|doubles\n|player|p1|AceCoyoteNK|clair|1142\n|player|p2|bindz123|swimmer-gen4dp|1179\n|teamsize|p1|6\n|teamsize|p2|6\n|gen|9\n|tier|[Gen 9] National Dex Doubles\n|rated|\n|rule|HP Percentage Mod: HP is shown in percentages\n|rule|Endless Battle Clause: Forcing endless battles is banned\n|rule|OHKO Clause: OHKO moves are banned\n|rule|Evasion Moves Clause: Evasion moves are banned\n|rule|Evasion Abilities Clause: Evasion abilities are banned\n|rule|Species Clause: Limit one of each Pok\u00e9mon\n|rule|Gravity Sleep Clause: The combination of sleep-inducing moves with imperfect accuracy and Gravity or Gigantamax Orbeetle are banned\n|clearpoke\n|poke|p1|Rotom-Wash|\n|poke|p1|Tyranitar, M|\n|poke|p1|Goodra-Hisui, F|\n|poke|p1|Ninetales-Alola, M|\n|poke|p1|Iron Hands|\n|poke|p1|Amoonguss, F|\n|poke|p2|Enamorus, F|\n|poke|p2|Thundurus, M|\n|poke|p2|Flutter Mane|\n|poke|p2|Arcanine, F|\n|poke|p2|Palafin, F|\n|poke|p2|Chien-Pao|\n|teampreview\n|inactive|Battle timer is ON: inactive players will automatically lose when time's up. (requested by AceCoyoteNK)\n|inactive|bindz123 also wants the timer to be on.\n|\n|t:|1700020519\n|start\n|switch|p1a: Tyranitar|Tyranitar, M|100\/100\n|switch|p1b: Ninetales|Ninetales-Alola, M, shiny|100\/100\n|switch|p2a: Thundurus|Thundurus, M|100\/100\n|switch|p2b: Enamorus|Enamorus, F, shiny|100\/100\n|-ability|p1a: Tyranitar|Unnerve\n|-weather|Snow|[from] ability: Snow Warning|[of] p1b: Ninetales\n|turn|1\n|\n|t:|1700020540\n|-terastallize|p2b: Enamorus|Fairy\n|-terastallize|p1a: Tyranitar|Fairy\n|move|p2a: Thundurus|Eerie Impulse|p2b: Enamorus\n|-boost|p2b: Enamorus|spa|2\n|move|p1b: Ninetales|Blizzard|p2b: Enamorus|[spread] p2a,p2b\n|-supereffective|p2a: Thundurus\n|-damage|p2a: Thundurus|0 fnt\n|-damage|p2b: Enamorus|47\/100\n|faint|p2a: Thundurus\n|-damage|p1b: Ninetales|91\/100|[from] item: Life Orb\n|move|p2b: Enamorus|Dazzling Gleam|p1b: Ninetales|[spread] p1a,p1b\n|-damage|p1a: Tyranitar|32\/100\n|-damage|p1b: Ninetales|0 fnt\n|faint|p1b: Ninetales\n|-damage|p2b: Enamorus|37\/100|[from] item: Life Orb\n|move|p1a: Tyranitar|Knock Off|p2b: Enamorus\n|-resisted|p2b: Enamorus\n|-damage|p2b: Enamorus|0 fnt\n|-enditem|p2b: Enamorus|Life Orb|[from] move: Knock Off|[of] p1a: Tyranitar\n|faint|p2b: Enamorus\n|\n|-weather|Snow|[upkeep]\n|upkeep\n|inactive|AceCoyoteNK has 120 seconds left.\n|inactive|bindz123 has 120 seconds left.\n|inactive|bindz123 has 90 seconds left.\n|inactive|bindz123 has 60 seconds left.\n|inactive|bindz123 has 30 seconds left.\n|inactive|bindz123 has 20 seconds left.\n|\n|t:|1700020671\n|switch|p1b: Iron Hands|Iron Hands|100\/100\n|switch|p2b: Flutter Mane|Flutter Mane|100\/100\n|switch|p2a: Palafin|Palafin, F|100\/100\n|-enditem|p2b: Flutter Mane|Booster Energy\n|-activate|p2b: Flutter Mane|ability: Protosynthesis|[fromitem]\n|-start|p2b: Flutter Mane|protosynthesisspa\n|turn|2\n|\n|t:|1700020686\n|move|p1b: Iron Hands|Fake Out|p2a: Palafin\n|-damage|p2a: Palafin|80\/100\n|move|p2b: Flutter Mane|Dazzling Gleam|p1a: Tyranitar|[spread] p1a,p1b\n|-supereffective|p1b: Iron Hands\n|-damage|p1a: Tyranitar|4\/100\n|-damage|p1b: Iron Hands|46\/100\n|cant|p2a: Palafin|flinch\n|move|p1a: Tyranitar|Knock Off|p2b: Flutter Mane\n|-damage|p2b: Flutter Mane|25\/100\n|\n|-weather|Snow|[upkeep]\n|upkeep\n|turn|3\n|\n|t:|1700020705\n|move|p2b: Flutter Mane|Dazzling Gleam|p1a: Tyranitar|[spread] p1a,p1b\n|-supereffective|p1b: Iron Hands\n|-damage|p1a: Tyranitar|0 fnt\n|-damage|p1b: Iron Hands|0 fnt\n|faint|p1a: Tyranitar\n|faint|p1b: Iron Hands\n|-end|p1b: Iron Hands|Quark Drive|[silent]\n|move|p2a: Palafin|Flip Turn|p1: Tyranitar|[notarget]\n|-fail|p2a: Palafin\n|\n|-weather|Snow|[upkeep]\n|upkeep\n|\n|t:|1700020719\n|switch|p1a: Goodra|Goodra-Hisui, F|100\/100\n|switch|p1b: Amoonguss|Amoonguss, F|100\/100\n|turn|4\n|\n|t:|1700020727\n|move|p2b: Flutter Mane|Dazzling Gleam|p1b: Amoonguss|[spread] p1a,p1b\n|-resisted|p1b: Amoonguss\n|-damage|p1a: Goodra|72\/100\n|-damage|p1b: Amoonguss|80\/100\n|-enditem|p1b: Amoonguss|Red Card|[of] p2b: Flutter Mane\n|-end|p2b: Flutter Mane|Protosynthesis|[silent]\n|drag|p2b: Arcanine|Arcanine, F|100\/100\n|-ability|p2b: Arcanine|Intimidate|boost\n|-unboost|p1a: Goodra|atk|1\n|-unboost|p1b: Amoonguss|atk|1\n|move|p2a: Palafin|Flip Turn|p1a: Goodra\n|-resisted|p1a: Goodra\n|-damage|p1a: Goodra|61\/100\n|\n|t:|1700020738\n|detailschange|p2a: Palafin|Palafin-Hero, F\n|switch|p2a: Flutter Mane|Flutter Mane|25\/100|[from] Flip Turn\n|move|p1a: Goodra|Acid Armor|p1a: Goodra\n|-boost|p1a: Goodra|def|2\n|move|p1b: Amoonguss|Spore|p2a: Flutter Mane\n|-status|p2a: Flutter Mane|slp|[from] move: Spore\n|\n|-weather|Snow|[upkeep]\n|-heal|p1a: Goodra|67\/100|[from] item: Leftovers\n|upkeep\n|turn|5\n|\n|t:|1700020764\n|cant|p2a: Flutter Mane|slp\n|move|p2b: Arcanine|Flare Blitz|p1b: Amoonguss\n|-supereffective|p1b: Amoonguss\n|-damage|p1b: Amoonguss|0 fnt\n|faint|p1b: Amoonguss\n|-damage|p2b: Arcanine|65\/100|[from] Recoil\n|move|p1a: Goodra|Body Press|p2b: Arcanine\n|-damage|p2b: Arcanine|0 fnt\n|faint|p2b: Arcanine\n|\n|-weather|none\n|-heal|p1a: Goodra|74\/100|[from] item: Leftovers\n|upkeep\n|\n|t:|1700020780\n|switch|p2b: Palafin|Palafin-Hero, F|80\/100\n|switch|p1b: Rotom|Rotom-Wash|100\/100\n|-activate|p2b: Palafin|ability: Zero to Hero\n|turn|6\n|\n|t:|1700020805\n|move|p1a: Goodra|Protect|p1a: Goodra\n|-singleturn|p1a: Goodra|Protect\n|move|p2b: Palafin|Jet Punch|p1b: Rotom\n|-resisted|p1b: Rotom\n|-damage|p1b: Rotom|69\/100\n|cant|p2a: Flutter Mane|slp\n|move|p1b: Rotom|Will-O-Wisp|p2b: Palafin\n|-status|p2b: Palafin|brn\n|\n|-heal|p1b: Rotom|75\/100|[from] item: Leftovers\n|-heal|p1a: Goodra|80\/100|[from] item: Leftovers\n|-damage|p2b: Palafin|74\/100 brn|[from] brn\n|upkeep\n|turn|7\n|\n|t:|1700020827\n|move|p2b: Palafin|Jet Punch|p1b: Rotom\n|-resisted|p1b: Rotom\n|-damage|p1b: Rotom|59\/100\n|cant|p2a: Flutter Mane|slp\n|move|p1b: Rotom|Thunderbolt|p2b: Palafin\n|-supereffective|p2b: Palafin\n|-damage|p2b: Palafin|0 fnt\n|faint|p2b: Palafin\n|move|p1a: Goodra|Heavy Slam|p2a: Flutter Mane\n|-supereffective|p2a: Flutter Mane\n|-damage|p2a: Flutter Mane|0 fnt\n|faint|p2a: Flutter Mane\n|-end|p2a: Flutter Mane|Protosynthesis|[silent]\n|\n|-heal|p1b: Rotom|65\/100|[from] item: Leftovers\n|-heal|p1a: Goodra|86\/100|[from] item: Leftovers\n|upkeep\n|\n|t:|1700020836\n|switch|p2b: Chien-Pao|Chien-Pao|100\/100\n|-ability|p2b: Chien-Pao|Sword of Ruin\n|turn|8\n|-message|bindz123 forfeited.\n|\n|win|AceCoyoteNK\n|raw|AceCoyoteNK's rating: 1142 &rarr; <strong>1170<\/strong><br \/>(+28 for winning)\n|raw|bindz123's rating: 1179 &rarr; <strong>1151<\/strong><br \/>(-28 for losing)\n|l|\u2606bindz123\n","uploadtime":1700020849,"views":5,"p1id":"acecoyotenk","p2id":"bindz123","formatid":"gen9nationaldexdoubles","rating":1151,"private":0,"password":""}