{"id":"gen9nationaldexdoubles-1973789987","p1":"Sencopion","p2":"Okto481","format":"[Gen 9] National Dex Doubles","log":"|j|\u2606Sencopion\n|j|\u2606Okto481\n|t:|1698013695\n|gametype|doubles\n|player|p1|Sencopion|roxie|\n|player|p2|Okto481|dawn|\n|teamsize|p1|6\n|teamsize|p2|6\n|gen|9\n|tier|[Gen 9] National Dex Doubles\n|rule|HP Percentage Mod: HP is shown in percentages\n|rule|Endless Battle Clause: Forcing endless battles is banned\n|rule|OHKO Clause: OHKO moves are banned\n|rule|Evasion Moves Clause: Evasion moves are banned\n|rule|Evasion Abilities Clause: Evasion abilities are banned\n|rule|Species Clause: Limit one of each Pok\u00e9mon\n|rule|Gravity Sleep Clause: The combination of sleep-inducing moves with imperfect accuracy and Gravity or Gigantamax Orbeetle are banned\n|clearpoke\n|poke|p1|Tapu Koko|\n|poke|p1|Sneasler, F|\n|poke|p1|Lopunny, F|\n|poke|p1|Landorus-Therian, M|\n|poke|p1|Gholdengo|\n|poke|p1|Iron Jugulis|\n|poke|p2|Tapu Lele|\n|poke|p2|Gardevoir, M|\n|poke|p2|Gallade, M|\n|poke|p2|Indeedee-F, F|\n|poke|p2|Dottler, F|\n|poke|p2|Armarouge, M|\n|teampreview\n|inactive|Battle timer is ON: inactive players will automatically lose when time's up. (requested by Sencopion)\n|c|\u2606Sencopion|glhf\n|\n|t:|1698013711\n|start\n|switch|p1a: Lopunny|Lopunny, F|100\/100\n|switch|p1b: Iron Jugulis|Iron Jugulis|100\/100\n|switch|p2a: Indeedee|Indeedee-F, F|100\/100\n|switch|p2b: Dottler|Dottler, F|100\/100\n|-fieldstart|move: Psychic Terrain|[from] ability: Psychic Surge|[of] p2a: Indeedee\n|turn|1\n|\n|t:|1698013723\n|-end|p1b: Iron Jugulis|Quark Drive|[silent]\n|switch|p1b: Tapu Koko|Tapu Koko|100\/100\n|-fieldstart|move: Electric Terrain|[from] ability: Electric Surge|[of] p1b: Tapu Koko\n|detailschange|p1a: Lopunny|Lopunny-Mega, F\n|-mega|p1a: Lopunny|Lopunny|Lopunnite\n|move|p1a: Lopunny|Fake Out|p2a: Indeedee\n|-damage|p2a: Indeedee|65\/100\n|cant|p2a: Indeedee|flinch\n|move|p2b: Dottler|Sticky Web|p1a: Lopunny\n|-sidestart|p1: Sencopion|move: Sticky Web\n|\n|upkeep\n|turn|2\n|j| YaBoiCrim\n|\n|t:|1698013743\n|switch|p2a: Tapu Lele|Tapu Lele|100\/100\n|-fieldstart|move: Psychic Terrain|[from] ability: Psychic Surge|[of] p2a: Tapu Lele\n|move|p1a: Lopunny|Frustration|p2a: Tapu Lele\n|-damage|p2a: Tapu Lele|21\/100\n|move|p1b: Tapu Koko|Taunt|p2b: Dottler\n|-start|p2b: Dottler|move: Taunt\n|move|p2b: Dottler|Body Press|p1a: Lopunny\n|-supereffective|p1a: Lopunny\n|-damage|p1a: Lopunny|36\/100\n|\n|upkeep\n|turn|3\n|\n|t:|1698013770\n|switch|p1a: Gholdengo|Gholdengo|100\/100\n|-activate|p1a: Gholdengo|move: Sticky Web\n|-unboost|p1a: Gholdengo|spe|1\n|move|p1b: Tapu Koko|U-turn|p2a: Tapu Lele\n|-crit|p2a: Tapu Lele\n|-damage|p2a: Tapu Lele|0 fnt\n|faint|p2a: Tapu Lele\n|\n|t:|1698013780\n|switch|p1b: Iron Jugulis|Iron Jugulis|100\/100|[from] U-turn\n|move|p2b: Dottler|Body Press|p1a: Gholdengo\n|-immune|p1a: Gholdengo\n|\n|upkeep\n|\n|t:|1698013787\n|switch|p2a: Armarouge|Armarouge, M|100\/100\n|turn|4\n|c| YaBoiCrim|Can the Mind Anomaly Okto beat the Leader Annihilater Sencorpion?\n|\n|t:|1698013807\n|switch|p1a: Tapu Koko|Tapu Koko|100\/100\n|-activate|p1a: Tapu Koko|move: Sticky Web\n|-unboost|p1a: Tapu Koko|spe|1\n|-fieldstart|move: Electric Terrain|[from] ability: Electric Surge|[of] p1a: Tapu Koko\n|-activate|p1b: Iron Jugulis|ability: Quark Drive\n|-start|p1b: Iron Jugulis|quarkdrivespe\n|switch|p2b: Indeedee|Indeedee-F, F|65\/100\n|-fieldstart|move: Psychic Terrain|[from] ability: Psychic Surge|[of] p2b: Indeedee\n|-end|p1b: Iron Jugulis|Quark Drive\n|move|p1b: Iron Jugulis|Hurricane|p2b: Indeedee|[miss]\n|-miss|p1b: Iron Jugulis|p2b: Indeedee\n|move|p2a: Armarouge|Armor Cannon|p1a: Tapu Koko\n|-damage|p1a: Tapu Koko|20\/100\n|-unboost|p2a: Armarouge|def|1\n|-unboost|p2a: Armarouge|spd|1\n|\n|upkeep\n|turn|5\n|inactive|Okto481 has 270 seconds left.\n|inactive|Okto481 has 240 seconds left.\n|\n|t:|1698013874\n|switch|p1a: Landorus|Landorus-Therian, M|100\/100\n|-ability|p1a: Landorus|Intimidate|boost\n|-unboost|p2a: Armarouge|atk|1\n|-unboost|p2b: Indeedee|atk|1\n|move|p2a: Armarouge|Protect|p2a: Armarouge\n|-singleturn|p2a: Armarouge|Protect\n|move|p1b: Iron Jugulis|Hurricane|p2b: Indeedee|[miss]\n|-miss|p1b: Iron Jugulis|p2b: Indeedee\n|move|p2b: Indeedee|Psychic|p1b: Iron Jugulis\n|-immune|p1b: Iron Jugulis\n|\n|upkeep\n|turn|6\n|inactive|Okto481 has 240 seconds left.\n|\n|t:|1698013897\n|switch|p2a: Dottler|Dottler, F|100\/100\n|move|p1b: Iron Jugulis|Hurricane|p2a: Dottler\n|-supereffective|p2a: Dottler\n|-damage|p2a: Dottler|0 fnt\n|faint|p2a: Dottler\n|move|p2b: Indeedee|Expanding Force|p1a: Landorus|[spread] p1a\n|-immune|p1b: Iron Jugulis\n|-damage|p1a: Landorus|48\/100\n|move|p1a: Landorus|Earthquake|p2b: Indeedee|[spread] p2b\n|-immune|p1b: Iron Jugulis\n|-damage|p2b: Indeedee|1\/100\n|\n|upkeep\n|inactive|Okto481 has 240 seconds left.\n|\n|t:|1698013909\n|switch|p2a: Gallade|Gallade, M|100\/100\n|turn|7\n|c| YaBoiCrim|1 hp is crazy\n|\n|t:|1698013918\n|switch|p1a: Tapu Koko|Tapu Koko|20\/100\n|-activate|p1a: Tapu Koko|move: Sticky Web\n|-unboost|p1a: Tapu Koko|spe|1\n|-fieldstart|move: Electric Terrain|[from] ability: Electric Surge|[of] p1a: Tapu Koko\n|-activate|p1b: Iron Jugulis|ability: Quark Drive\n|-start|p1b: Iron Jugulis|quarkdrivespe\n|move|p2b: Indeedee|Follow Me|p2b: Indeedee\n|-singleturn|p2b: Indeedee|move: Follow Me\n|move|p1b: Iron Jugulis|Hurricane|p2b: Indeedee\n|-damage|p2b: Indeedee|0 fnt\n|faint|p2b: Indeedee\n|move|p2a: Gallade|Sacred Sword|p1b: Iron Jugulis\n|-crit|p1b: Iron Jugulis\n|-damage|p1b: Iron Jugulis|0 fnt\n|faint|p1b: Iron Jugulis\n|-end|p1b: Iron Jugulis|Quark Drive|[silent]\n|\n|upkeep\n|c|\u2606Okto481|the terrain war is such a problem\n|\n|t:|1698013942\n|switch|p1b: Sneasler|Sneasler, F|100\/100\n|switch|p2b: Gardevoir|Gardevoir, M|100\/100\n|-activate|p1b: Sneasler|move: Sticky Web\n|-unboost|p1b: Sneasler|spe|1\n|-enditem|p1b: Sneasler|Electric Seed\n|-boost|p1b: Sneasler|def|1|[from] item: Electric Seed\n|-ability|p2b: Gardevoir|Unburden|[from] ability: Trace|[of] p1b: Sneasler\n|turn|8\n|\n|t:|1698013965\n|switch|p2a: Armarouge|Armarouge, M|100\/100\n|switch|p1a: Gholdengo|Gholdengo|100\/100\n|-activate|p1a: Gholdengo|move: Sticky Web\n|-unboost|p1a: Gholdengo|spe|1\n|detailschange|p2b: Gardevoir|Gardevoir-Mega, M\n|-mega|p2b: Gardevoir|Gardevoir|Gardevoirite\n|-terastallize|p1b: Sneasler|Flying\n|move|p2b: Gardevoir|Protect|p2b: Gardevoir\n|-singleturn|p2b: Gardevoir|Protect\n|move|p1b: Sneasler|Acrobatics|p2a: Armarouge\n|-damage|p2a: Armarouge|34\/100\n|-ability|p2a: Armarouge|Weak Armor|boost\n|-unboost|p2a: Armarouge|def|1\n|-boost|p2a: Armarouge|spe|2\n|\n|upkeep\n|turn|9\n|\n|t:|1698013991\n|move|p2a: Armarouge|Armor Cannon|p1a: Gholdengo\n|-supereffective|p1a: Gholdengo\n|-damage|p1a: Gholdengo|6\/100\n|-unboost|p2a: Armarouge|def|1\n|-unboost|p2a: Armarouge|spd|1\n|move|p1b: Sneasler|Acrobatics|p2a: Armarouge\n|-damage|p2a: Armarouge|0 fnt\n|faint|p2a: Armarouge\n|move|p2b: Gardevoir|Hyper Voice|p1b: Sneasler|[spread] p1a,p1b\n|-resisted|p1a: Gholdengo\n|-damage|p1a: Gholdengo|0 fnt\n|-damage|p1b: Sneasler|27\/100\n|faint|p1a: Gholdengo\n|\n|upkeep\n|\n|t:|1698014008\n|switch|p2a: Gallade|Gallade, M|100\/100\n|switch|p1a: Lopunny|Lopunny-Mega, F|36\/100\n|-activate|p1a: Lopunny|move: Sticky Web\n|-unboost|p1a: Lopunny|spe|1\n|turn|10\n|\n|t:|1698014032\n|move|p1a: Lopunny|Fake Out|p2b: Gardevoir\n|-damage|p2b: Gardevoir|60\/100\n|move|p1b: Sneasler|Acrobatics|p2a: Gallade\n|-supereffective|p2a: Gallade\n|-damage|p2a: Gallade|0 fnt\n|faint|p2a: Gallade\n|cant|p2b: Gardevoir|flinch\n|\n|upkeep\n|turn|11\n|\n|t:|1698014041\n|move|p2b: Gardevoir|Protect|p2b: Gardevoir\n|-singleturn|p2b: Gardevoir|Protect\n|move|p1b: Sneasler|Dire Claw|p2b: Gardevoir\n|-activate|p2b: Gardevoir|move: Protect\n|move|p1a: Lopunny|Frustration|p2b: Gardevoir\n|-activate|p2b: Gardevoir|move: Protect\n|\n|-fieldend|move: Electric Terrain\n|upkeep\n|turn|12\n|c|\u2606Okto481|this is gg\n|c| YaBoiCrim|uh oh\n|c|\u2606Okto481|sneasler is always faster\n|\n|t:|1698014057\n|move|p1b: Sneasler|Dire Claw|p2b: Gardevoir\n|-supereffective|p2b: Gardevoir\n|-damage|p2b: Gardevoir|0 fnt\n|faint|p2b: Gardevoir\n|\n|win|Sencopion\n|c|\u2606Sencopion|gg wp\n|c|\u2606Okto481|gg\n|c|\u2606Okto481|wp\n","uploadtime":1698014066,"views":10,"p1id":"sencopion","p2id":"okto481","formatid":"gen9nationaldexdoubles","rating":0,"private":0,"password":""}