{"id":"gen9nationaldexdoubles-1947594508","p1":"EthanMenos10","p2":"El Ryuk456","format":"[Gen 9] National Dex Doubles","log":"|j|\u2606EthanMenos10\n|j|\u2606El Ryuk456\n|t:|1695175997\n|gametype|doubles\n|player|p1|EthanMenos10|cyclist-gen4|1168\n|player|p2|El Ryuk456|blaine|1316\n|teamsize|p1|6\n|teamsize|p2|6\n|gen|9\n|tier|[Gen 9] National Dex Doubles\n|rated|\n|rule|HP Percentage Mod: HP is shown in percentages\n|rule|Endless Battle Clause: Forcing endless battles is banned\n|rule|OHKO Clause: OHKO moves are banned\n|rule|Evasion Moves Clause: Evasion moves are banned\n|rule|Evasion Abilities Clause: Evasion abilities are banned\n|rule|Species Clause: Limit one of each Pok\u00e9mon\n|rule|Gravity Sleep Clause: The combination of sleep-inducing moves with imperfect accuracy and Gravity or Gigantamax Orbeetle are banned\n|clearpoke\n|poke|p1|Eevee, F|\n|poke|p1|Ogerpon-Cornerstone, F|\n|poke|p1|Sinistcha|\n|poke|p1|Great Tusk|\n|poke|p1|Espeon, F|\n|poke|p1|Lopunny, F|\n|poke|p2|Blastoise, M|\n|poke|p2|Sableye, M|\n|poke|p2|Corviknight, M|\n|poke|p2|Gardevoir, F|\n|poke|p2|Skeledirge, M|\n|poke|p2|Meowscarada, M|\n|teampreview\n|\n|t:|1695176020\n|start\n|switch|p1a: \"be yourself \"|Sinistcha, shiny|100\/100\n|switch|p1b: \" so get up \"|Great Tusk, shiny|100\/100\n|switch|p2a: Harbor|Blastoise, M|100\/100\n|switch|p2b: Yami|Sableye, M|100\/100\n|turn|1\n|\n|t:|1695176037\n|move|p2a: Harbor|Protect|p2a: Harbor\n|-singleturn|p2a: Harbor|Protect\n|move|p2b: Yami|Will-O-Wisp|p1b: \" so get up \"|[miss]\n|-miss|p2b: Yami|p1b: \" so get up \"\n|move|p1b: \" so get up \"|Ice Spinner|p2a: Harbor\n|-activate|p2a: Harbor|move: Protect\n|move|p1a: \"be yourself \"|Matcha Gotcha|p2a: Harbor|[spread] p2b\n|-activate|p2a: Harbor|move: Protect\n|-damage|p2b: Yami|59\/100\n|\n|-heal|p2b: Yami|65\/100|[from] item: Leftovers\n|upkeep\n|turn|2\n|\n|t:|1695176057\n|-end|p1b: \" so get up \"|Protosynthesis|[silent]\n|switch|p1b: \"its not over yet\"|Espeon, F, shiny|100\/100\n|switch|p2a: Silva|Corviknight, M, shiny|100\/100\n|move|p1a: \"be yourself \"|Matcha Gotcha|p2b: Yami|[spread] p2a,p2b\n|-resisted|p2a: Silva\n|-damage|p2a: Silva|94\/100\n|-damage|p2b: Yami|25\/100\n|move|p2b: Yami|Foul Play|p1a: \"be yourself \"\n|-supereffective|p1a: \"be yourself \"\n|-damage|p1a: \"be yourself \"|71\/100\n|\n|-heal|p1a: \"be yourself \"|77\/100|[from] item: Leftovers\n|-heal|p2b: Yami|31\/100|[from] item: Leftovers\n|upkeep\n|turn|3\n|\n|t:|1695176081\n|move|p1b: \"its not over yet\"|Draining Kiss|p2b: Yami\n|-supereffective|p2b: Yami\n|-damage|p2b: Yami|0 fnt\n|faint|p2b: Yami\n|-damage|p1b: \"its not over yet\"|91\/100|[from] item: Life Orb\n|move|p2a: Silva|Bulk Up|p2a: Silva\n|-boost|p2a: Silva|atk|1\n|-boost|p2a: Silva|def|1\n|move|p1a: \"be yourself \"|Matcha Gotcha|p2a: Silva\n|-resisted|p2a: Silva\n|-damage|p2a: Silva|85\/100\n|-heal|p1a: \"be yourself \"|82\/100|[from] drain|[of] p2a: Silva\n|\n|-heal|p1a: \"be yourself \"|88\/100|[from] item: Leftovers\n|upkeep\n|\n|t:|1695176089\n|switch|p2b: Belle|Gardevoir, F, shiny|100\/100\n|-ability|p2b: Belle|Magic Bounce|[from] ability: Trace|[of] p1b: \"its not over yet\"\n|turn|4\n|\n|t:|1695176109\n|switch|p1b: \"AND GO BEYOND!\"|Eevee, F|100\/100\n|move|p2b: Belle|Mystical Fire|p1a: \"be yourself \"\n|-supereffective|p1a: \"be yourself \"\n|-damage|p1a: \"be yourself \"|27\/100\n|-unboost|p1a: \"be yourself \"|spa|1\n|move|p2a: Silva|Brave Bird|p1a: \"be yourself \"\n|-supereffective|p1a: \"be yourself \"\n|-damage|p1a: \"be yourself \"|0 fnt\n|faint|p1a: \"be yourself \"\n|-damage|p2a: Silva|78\/100|[from] Recoil\n|\n|upkeep\n|\n|t:|1695176118\n|switch|p1a: \"Don't lose hope \"|Lopunny, F, shiny|100\/100\n|turn|5\n|\n|t:|1695176132\n|switch|p2b: Rookie|Skeledirge, M|100\/100\n|move|p1a: \"Don't lose hope \"|Fake Out|p2a: Silva\n|-resisted|p2a: Silva\n|-damage|p2a: Silva|74\/100\n|-damage|p1a: \"Don't lose hope \"|84\/100|[from] item: Rocky Helmet|[of] p2a: Silva\n|cant|p2a: Silva|flinch\n|-zpower|p1b: \"AND GO BEYOND!\"\n|move|p1b: \"AND GO BEYOND!\"|Extreme Evoboost|p1b: \"AND GO BEYOND!\"\n|-boost|p1b: \"AND GO BEYOND!\"|atk|2\n|-boost|p1b: \"AND GO BEYOND!\"|def|2\n|-boost|p1b: \"AND GO BEYOND!\"|spa|2\n|-boost|p1b: \"AND GO BEYOND!\"|spd|2\n|-boost|p1b: \"AND GO BEYOND!\"|spe|2\n|\n|upkeep\n|turn|6\n|\n|t:|1695176148\n|move|p1a: \"Don't lose hope \"|Close Combat|p2b: Rookie\n|-immune|p2b: Rookie\n|move|p1b: \"AND GO BEYOND!\"|Stored Power|p2b: Rookie\n|-damage|p2b: Rookie|67\/100\n|move|p2a: Silva|Bulk Up|p2a: Silva\n|-boost|p2a: Silva|atk|1\n|-boost|p2a: Silva|def|1\n|move|p2b: Rookie|Snarl|p1b: \"AND GO BEYOND!\"|[spread] p1a,p1b\n|-damage|p1a: \"Don't lose hope \"|67\/100\n|-damage|p1b: \"AND GO BEYOND!\"|80\/100\n|-unboost|p1a: \"Don't lose hope \"|spa|1\n|-unboost|p1b: \"AND GO BEYOND!\"|spa|1\n|\n|upkeep\n|turn|7\n|\n|t:|1695176164\n|detailschange|p1a: \"Don't lose hope \"|Lopunny-Mega, F, shiny\n|-mega|p1a: \"Don't lose hope \"|Lopunny|Lopunnite\n|move|p1b: \"AND GO BEYOND!\"|Protect|p1b: \"AND GO BEYOND!\"\n|-singleturn|p1b: \"AND GO BEYOND!\"|Protect\n|move|p1a: \"Don't lose hope \"|Close Combat|p2a: Silva\n|-damage|p2a: Silva|50\/100\n|-unboost|p1a: \"Don't lose hope \"|def|1\n|-unboost|p1a: \"Don't lose hope \"|spd|1\n|-damage|p1a: \"Don't lose hope \"|51\/100|[from] item: Rocky Helmet|[of] p2a: Silva\n|move|p2a: Silva|Body Press|p1b: \"AND GO BEYOND!\"\n|-activate|p1b: \"AND GO BEYOND!\"|move: Protect\n|move|p2b: Rookie|Slack Off|p2b: Rookie\n|-heal|p2b: Rookie|100\/100\n|\n|upkeep\n|turn|8\n|\n|t:|1695176184\n|move|p1a: \"Don't lose hope \"|Close Combat|p2a: Silva\n|-damage|p2a: Silva|28\/100\n|-unboost|p1a: \"Don't lose hope \"|def|1\n|-unboost|p1a: \"Don't lose hope \"|spd|1\n|-damage|p1a: \"Don't lose hope \"|34\/100|[from] item: Rocky Helmet|[of] p2a: Silva\n|move|p1b: \"AND GO BEYOND!\"|Stored Power|p2a: Silva\n|-resisted|p2a: Silva\n|-crit|p2a: Silva\n|-damage|p2a: Silva|1\/100\n|move|p2a: Silva|Roost|p2a: Silva\n|-heal|p2a: Silva|51\/100\n|-singleturn|p2a: Silva|move: Roost\n|move|p2b: Rookie|Torch Song|p1a: \"Don't lose hope \"\n|-damage|p1a: \"Don't lose hope \"|0 fnt\n|-boost|p2b: Rookie|spa|1\n|faint|p1a: \"Don't lose hope \"\n|\n|upkeep\n|\n|t:|1695176196\n|switch|p1a: \"GIVE YOUR BEST\"|Ogerpon-Cornerstone, F|100\/100\n|turn|9\n|\n|t:|1695176217\n|-terastallize|p2b: Rookie|Grass\n|move|p1a: \"GIVE YOUR BEST\"|Swords Dance|p1a: \"GIVE YOUR BEST\"\n|-boost|p1a: \"GIVE YOUR BEST\"|atk|2\n|move|p1b: \"AND GO BEYOND!\"|Stored Power|p2a: Silva\n|-resisted|p2a: Silva\n|-damage|p2a: Silva|31\/100\n|move|p2a: Silva|Body Press|p1b: \"AND GO BEYOND!\"\n|-supereffective|p1b: \"AND GO BEYOND!\"\n|-crit|p1b: \"AND GO BEYOND!\"\n|-damage|p1b: \"AND GO BEYOND!\"|0 fnt\n|faint|p1b: \"AND GO BEYOND!\"\n|move|p2b: Rookie|Snarl|p1a: \"GIVE YOUR BEST\"\n|-damage|p1a: \"GIVE YOUR BEST\"|73\/100\n|-unboost|p1a: \"GIVE YOUR BEST\"|spa|1\n|\n|upkeep\n|\n|t:|1695176228\n|switch|p1b: \" so get up \"|Great Tusk, shiny|100\/100\n|turn|10\n|\n|t:|1695176245\n|-terastallize|p1a: \"GIVE YOUR BEST\"|Rock\n|detailschange|p1a: \"GIVE YOUR BEST\"|Ogerpon-Cornerstone-Tera, F, tera:Rock\n|-ability|p1a: \"GIVE YOUR BEST\"|Embody Aspect (Cornerstone)|boost\n|-boost|p1a: \"GIVE YOUR BEST\"|def|1\n|move|p1a: \"GIVE YOUR BEST\"|Knock Off|p2a: Silva\n|-damage|p2a: Silva|2\/100\n|-damage|p1a: \"GIVE YOUR BEST\"|56\/100|[from] item: Rocky Helmet|[of] p2a: Silva\n|-enditem|p2a: Silva|Rocky Helmet|[from] move: Knock Off|[of] p1a: \"GIVE YOUR BEST\"\n|move|p1b: \" so get up \"|Ice Spinner|p2b: Rookie\n|-supereffective|p2b: Rookie\n|-damage|p2b: Rookie|53\/100\n|move|p2a: Silva|Roost|p2a: Silva\n|-heal|p2a: Silva|52\/100\n|-singleturn|p2a: Silva|move: Roost\n|move|p2b: Rookie|Torch Song|p1a: \"GIVE YOUR BEST\"\n|-resisted|p1a: \"GIVE YOUR BEST\"\n|-damage|p1a: \"GIVE YOUR BEST\"|23\/100\n|-boost|p2b: Rookie|spa|1\n|\n|upkeep\n|turn|11\n|\n|t:|1695176269\n|move|p2b: Rookie|Protect|p2b: Rookie\n|-singleturn|p2b: Rookie|Protect\n|move|p1a: \"GIVE YOUR BEST\"|Ivy Cudgel|p2a: Silva\n|-damage|p2a: Silva|0 fnt\n|faint|p2a: Silva\n|move|p1b: \" so get up \"|Rapid Spin|p2b: Rookie\n|-activate|p2b: Rookie|move: Protect\n|\n|upkeep\n|\n|t:|1695176280\n|switch|p2a: A.Banderas|Meowscarada, M|100\/100\n|turn|12\n|j| S1r.sweepsaLot\n|inactive|Battle timer is ON: inactive players will automatically lose when time's up. (requested by El Ryuk456)\n|\n|t:|1695176313\n|move|p2a: A.Banderas|Flower Trick|p1a: \"GIVE YOUR BEST\"\n|-start|p2a: A.Banderas|typechange|Grass|[from] ability: Protean\n|-supereffective|p1a: \"GIVE YOUR BEST\"\n|-crit|p1a: \"GIVE YOUR BEST\"\n|-damage|p1a: \"GIVE YOUR BEST\"|0 fnt\n|faint|p1a: \"GIVE YOUR BEST\"\n|move|p1b: \" so get up \"|Ice Spinner|p2b: Rookie\n|-supereffective|p2b: Rookie\n|-damage|p2b: Rookie|10\/100\n|-enditem|p2b: Rookie|Sitrus Berry|[eat]\n|-heal|p2b: Rookie|35\/100|[from] item: Sitrus Berry\n|move|p2b: Rookie|Torch Song|p1b: \" so get up \"\n|-damage|p1b: \" so get up \"|0 fnt\n|-boost|p2b: Rookie|spa|1\n|faint|p1b: \" so get up \"\n|-end|p1b: \" so get up \"|Protosynthesis|[silent]\n|\n|upkeep\n|\n|t:|1695176325\n|switch|p1b: \"its not over yet\"|Espeon, F, shiny|91\/100\n|turn|13\n|c|\u2606EthanMenos10|gg\n|\n|t:|1695176335\n|move|p2a: A.Banderas|Pollen Puff|p2b: Rookie\n|-heal|p2b: Rookie|85\/100\n|move|p1b: \"its not over yet\"|Psychic|p2b: Rookie\n|-damage|p2b: Rookie|22\/100\n|-damage|p1b: \"its not over yet\"|81\/100|[from] item: Life Orb\n|move|p2b: Rookie|Snarl|p1b: \"its not over yet\"\n|-supereffective|p1b: \"its not over yet\"\n|-damage|p1b: \"its not over yet\"|0 fnt\n|faint|p1b: \"its not over yet\"\n|\n|win|El Ryuk456\n|raw|EthanMenos10's rating: 1168 &rarr; <strong>1153<\/strong><br \/>(-15 for losing)\n|raw|El Ryuk456's rating: 1316 &rarr; <strong>1328<\/strong><br \/>(+12 for winning)\n|l|\u2606EthanMenos10\n","uploadtime":1695176352,"views":3,"p1id":"ethanmenos10","p2id":"elryuk456","formatid":"gen9nationaldexdoubles","rating":1153,"private":0,"password":""}