{"id":"gen9nationaldexdoubles-1970051551","p1":"Yu hung lo","p2":"Beyond Subzero","format":"[Gen 9] National Dex Doubles","log":"|j|\u2606Yu hung lo\n|j|\u2606Beyond Subzero\n|t:|1697589148\n|gametype|doubles\n|player|p1|Yu hung lo|janitor|1451\n|player|p2|Beyond Subzero|pokemaniac|1372\n|teamsize|p1|6\n|teamsize|p2|6\n|gen|9\n|tier|[Gen 9] National Dex Doubles\n|rated|\n|rule|HP Percentage Mod: HP is shown in percentages\n|rule|Endless Battle Clause: Forcing endless battles is banned\n|rule|OHKO Clause: OHKO moves are banned\n|rule|Evasion Moves Clause: Evasion moves are banned\n|rule|Evasion Abilities Clause: Evasion abilities are banned\n|rule|Species Clause: Limit one of each Pok\u00e9mon\n|rule|Gravity Sleep Clause: The combination of sleep-inducing moves with imperfect accuracy and Gravity or Gigantamax Orbeetle are banned\n|clearpoke\n|poke|p1|Lucario, F|\n|poke|p1|Grimmsnarl, M|\n|poke|p1|Incineroar, M|\n|poke|p1|Rillaboom, M|\n|poke|p1|Blastoise, M|\n|poke|p1|Dragapult, M|\n|poke|p2|Buzzwole|\n|poke|p2|Diancie|\n|poke|p2|Salamence, M|\n|poke|p2|Rillaboom, F|\n|poke|p2|Volcanion|\n|poke|p2|Landorus, M|\n|teampreview\n|inactive|Battle timer is ON: inactive players will automatically lose when time's up. (requested by Beyond Subzero)\n|\n|t:|1697589170\n|start\n|switch|p1a: Grimmsnarl|Grimmsnarl, M|100\/100\n|switch|p1b: Blastoise|Blastoise, M|100\/100\n|switch|p2a: Salamence|Salamence, M|100\/100\n|switch|p2b: Landorus|Landorus, M|100\/100\n|-ability|p2a: Salamence|Intimidate|boost\n|-unboost|p1a: Grimmsnarl|atk|1\n|-unboost|p1b: Blastoise|atk|1\n|turn|1\n|\n|t:|1697589186\n|switch|p2a: Volcanion|Volcanion|100\/100\n|move|p1a: Grimmsnarl|Light Screen|p1a: Grimmsnarl\n|-sidestart|p1: Yu hung lo|move: Light Screen\n|move|p2b: Landorus|Sludge Bomb|p1a: Grimmsnarl\n|-supereffective|p1a: Grimmsnarl\n|-damage|p1a: Grimmsnarl|35\/100\n|move|p1b: Blastoise|Muddy Water|p2a: Volcanion|[spread] \n|-immune|p2a: Volcanion|[from] ability: Water Absorb\n|-miss|p1b: Blastoise|p2b: Landorus\n|\n|upkeep\n|turn|2\n|\n|t:|1697589210\n|switch|p2b: Rillaboom|Rillaboom, F|100\/100\n|-fieldstart|move: Grassy Terrain|[from] ability: Grassy Surge|[of] p2b: Rillaboom\n|move|p1a: Grimmsnarl|Reflect|p1a: Grimmsnarl\n|-sidestart|p1: Yu hung lo|Reflect\n|move|p1b: Blastoise|Muddy Water|p2b: Rillaboom|[spread] p2b\n|-immune|p2a: Volcanion|[from] ability: Water Absorb\n|-resisted|p2b: Rillaboom\n|-damage|p2b: Rillaboom|93\/100\n|move|p2a: Volcanion|Substitute|p2a: Volcanion\n|-start|p2a: Volcanion|Substitute\n|-damage|p2a: Volcanion|75\/100\n|\n|-heal|p2b: Rillaboom|99\/100|[from] Grassy Terrain\n|-heal|p2a: Volcanion|82\/100|[from] Grassy Terrain\n|-heal|p1a: Grimmsnarl|41\/100|[from] Grassy Terrain\n|upkeep\n|turn|3\n|\n|t:|1697589238\n|switch|p1b: Incineroar|Incineroar, M|100\/100\n|-ability|p1b: Incineroar|Intimidate|boost\n|-immune|p2a: Volcanion\n|-unboost|p2b: Rillaboom|atk|1\n|move|p2b: Rillaboom|Fake Out|p1b: Incineroar\n|-crit|p1b: Incineroar\n|-damage|p1b: Incineroar|81\/100\n|move|p1a: Grimmsnarl|Parting Shot|p2b: Rillaboom\n|-unboost|p2b: Rillaboom|atk|1\n|-unboost|p2b: Rillaboom|spa|1\n|\n|t:|1697589245\n|switch|p1a: Dragapult|Dragapult, M|100\/100|[from] Parting Shot\n|move|p2a: Volcanion|Steam Eruption|p1a: Dragapult\n|-resisted|p1a: Dragapult\n|-damage|p1a: Dragapult|70\/100\n|\n|-heal|p1a: Dragapult|76\/100|[from] Grassy Terrain\n|-heal|p2b: Rillaboom|100\/100|[from] Grassy Terrain\n|-heal|p2a: Volcanion|88\/100|[from] Grassy Terrain\n|-heal|p1b: Incineroar|87\/100|[from] Grassy Terrain\n|upkeep\n|turn|4\n|\n|t:|1697589274\n|move|p1a: Dragapult|Dragon Darts|p2b: Rillaboom\n|-damage|p2b: Rillaboom|68\/100\n|-anim|p1a: Dragapult|Dragon Darts|p2a: Volcanion\n|-end|p2a: Volcanion|Substitute\n|move|p2b: Rillaboom|U-turn|p1b: Incineroar\n|-damage|p1b: Incineroar|79\/100\n|\n|t:|1697589281\n|switch|p2b: Diancie|Diancie|100\/100|[from] U-turn\n|-zpower|p2a: Volcanion\n|move|p2a: Volcanion|Hydro Vortex|p1a: Dragapult|[zeffect]\n|-resisted|p1a: Dragapult\n|-damage|p1a: Dragapult|30\/100\n|move|p1b: Incineroar|Parting Shot|p2a: Volcanion\n|-unboost|p2a: Volcanion|atk|1\n|-unboost|p2a: Volcanion|spa|1\n|\n|t:|1697589294\n|switch|p1b: Lucario|Lucario, F|100\/100|[from] Parting Shot\n|\n|-heal|p1a: Dragapult|36\/100|[from] Grassy Terrain\n|-heal|p2a: Volcanion|94\/100|[from] Grassy Terrain\n|upkeep\n|turn|5\n|\n|t:|1697589315\n|switch|p2b: Landorus|Landorus, M|100\/100\n|detailschange|p1b: Lucario|Lucario-Mega, F\n|-mega|p1b: Lucario|Lucario|Lucarionite\n|move|p1a: Dragapult|Dragon Darts|p2a: Volcanion\n|-damage|p2a: Volcanion|61\/100\n|-anim|p1a: Dragapult|Dragon Darts|p2b: Landorus\n|-damage|p2b: Landorus|54\/100\n|move|p1b: Lucario|Drain Punch|p2a: Volcanion\n|-damage|p2a: Volcanion|22\/100\n|move|p2a: Volcanion|Substitute|p2a: Volcanion\n|-fail|p2a: Volcanion|move: Substitute|[weak]\n|\n|-heal|p1a: Dragapult|42\/100|[from] Grassy Terrain\n|-heal|p2a: Volcanion|28\/100|[from] Grassy Terrain\n|upkeep\n|turn|6\n|inactive|Beyond Subzero has 120 seconds left.\n|\n|t:|1697589345\n|switch|p2a: Diancie|Diancie|100\/100\n|move|p1b: Lucario|Bullet Punch|p2b: Landorus\n|-damage|p2b: Landorus|25\/100\n|move|p1a: Dragapult|Dragon Darts|p2b: Landorus\n|-damage|p2b: Landorus|0 fnt\n|faint|p2b: Landorus\n|\n|-heal|p1a: Dragapult|48\/100|[from] Grassy Terrain\n|-fieldend|move: Grassy Terrain\n|upkeep\n|inactive|Beyond Subzero has 120 seconds left.\n|\n|t:|1697589360\n|switch|p2b: Rillaboom|Rillaboom, F|68\/100\n|-fieldstart|move: Grassy Terrain|[from] ability: Grassy Surge|[of] p2b: Rillaboom\n|turn|7\n|\n|t:|1697589379\n|switch|p1b: Incineroar|Incineroar, M|79\/100\n|-ability|p1b: Incineroar|Intimidate|boost\n|-fail|p2a: Diancie|unboost|[from] ability: Clear Body|[of] p2a: Diancie\n|-unboost|p2b: Rillaboom|atk|1\n|move|p2b: Rillaboom|Fake Out|p1b: Incineroar\n|-damage|p1b: Incineroar|73\/100\n|move|p1a: Dragapult|Dragon Darts|p2b: Rillaboom\n|-damage|p2b: Rillaboom|34\/100\n|-anim|p1a: Dragapult|Dragon Darts|p2b: Rillaboom\n|-damage|p2b: Rillaboom|0 fnt\n|faint|p2b: Rillaboom\n|move|p2a: Diancie|Trick Room|p2a: Diancie\n|-fieldstart|move: Trick Room|[of] p2a: Diancie\n|\n|-heal|p1b: Incineroar|79\/100|[from] Grassy Terrain\n|-heal|p1a: Dragapult|54\/100|[from] Grassy Terrain\n|upkeep\n|inactive|Beyond Subzero has 120 seconds left.\n|\n|t:|1697589395\n|switch|p2b: Buzzwole|Buzzwole|100\/100\n|turn|8\n|\n|t:|1697589419\n|switch|p1a: Blastoise|Blastoise, M|100\/100\n|move|p1b: Incineroar|Fake Out|p2a: Diancie\n|-resisted|p2a: Diancie\n|-damage|p2a: Diancie|97\/100\n|cant|p2a: Diancie|flinch\n|move|p2b: Buzzwole|Drain Punch|p1b: Incineroar\n|-supereffective|p1b: Incineroar\n|-damage|p1b: Incineroar|30\/100\n|\n|-heal|p2a: Diancie|100\/100|[from] Grassy Terrain\n|-heal|p1b: Incineroar|36\/100|[from] Grassy Terrain\n|-sideend|p1: Yu hung lo|move: Light Screen\n|upkeep\n|turn|9\n|\n|t:|1697589438\n|switch|p1b: Rillaboom|Rillaboom, M|100\/100\n|move|p1a: Blastoise|Fake Out|p2a: Diancie\n|-resisted|p2a: Diancie\n|-damage|p2a: Diancie|98\/100\n|cant|p2a: Diancie|flinch\n|move|p2b: Buzzwole|Coaching|p2a: Diancie\n|-boost|p2a: Diancie|atk|1\n|-boost|p2a: Diancie|def|1\n|\n|-heal|p2a: Diancie|100\/100|[from] Grassy Terrain\n|-sideend|p1: Yu hung lo|Reflect\n|upkeep\n|turn|10\n|inactive|Beyond Subzero has 120 seconds left.\n|\n|t:|1697589475\n|move|p2a: Diancie|Protect|p2a: Diancie\n|-singleturn|p2a: Diancie|Protect\n|move|p1b: Rillaboom|Fake Out|p2b: Buzzwole\n|-damage|p2b: Buzzwole|92\/100\n|move|p1a: Blastoise|Muddy Water|p2a: Diancie|[spread] p2b\n|-activate|p2a: Diancie|move: Protect\n|-damage|p2b: Buzzwole|72\/100\n|cant|p2b: Buzzwole|flinch\n|\n|-heal|p2b: Buzzwole|78\/100|[from] Grassy Terrain\n|-heal|p2b: Buzzwole|84\/100|[from] item: Leftovers\n|upkeep\n|turn|11\n|\n|t:|1697589492\n|move|p2a: Diancie|Body Press|p1b: Rillaboom\n|-damage|p1b: Rillaboom|62\/100\n|move|p1a: Blastoise|Muddy Water|p2a: Diancie|[spread] p2a,p2b\n|-supereffective|p2a: Diancie\n|-damage|p2a: Diancie|70\/100\n|-damage|p2b: Buzzwole|66\/100\n|-enditem|p2a: Diancie|Weakness Policy\n|-boost|p2a: Diancie|atk|2|[from] item: Weakness Policy\n|-boost|p2a: Diancie|spa|2|[from] item: Weakness Policy\n|move|p2b: Buzzwole|Drain Punch|p1b: Rillaboom\n|-damage|p1b: Rillaboom|26\/100\n|-heal|p2b: Buzzwole|83\/100|[from] drain|[of] p1b: Rillaboom\n|move|p1b: Rillaboom|Drum Beating|p2a: Diancie\n|-supereffective|p2a: Diancie\n|-crit|p2a: Diancie\n|-damage|p2a: Diancie|0 fnt\n|faint|p2a: Diancie\n|\n|-heal|p2b: Buzzwole|89\/100|[from] Grassy Terrain\n|-heal|p2b: Buzzwole|96\/100|[from] item: Leftovers\n|-heal|p1b: Rillaboom|32\/100|[from] Grassy Terrain\n|-fieldend|move: Trick Room\n|-fieldend|move: Grassy Terrain\n|upkeep\n|inactive|Beyond Subzero has 120 seconds left.\n|\n|t:|1697589515\n|switch|p2a: Salamence|Salamence, M|100\/100\n|-ability|p2a: Salamence|Intimidate|boost\n|-unboost|p1a: Blastoise|atk|1\n|-unboost|p1b: Rillaboom|atk|1\n|turn|12\n|\n|t:|1697589540\n|switch|p1b: Incineroar|Incineroar, M|36\/100\n|-ability|p1b: Incineroar|Intimidate|boost\n|-unboost|p2a: Salamence|atk|1\n|-unboost|p2b: Buzzwole|atk|1\n|detailschange|p2a: Salamence|Salamence-Mega, M\n|-mega|p2a: Salamence|Salamence|Salamencite\n|move|p2a: Salamence|Protect|p2a: Salamence\n|-singleturn|p2a: Salamence|Protect\n|move|p2b: Buzzwole|Leech Life|p1b: Incineroar\n|-damage|p1b: Incineroar|11\/100\n|-heal|p2b: Buzzwole|100\/100|[from] drain|[of] p1b: Incineroar\n|move|p1a: Blastoise|Flip Turn|p2a: Salamence\n|-activate|p2a: Salamence|move: Protect\n|\n|upkeep\n|turn|13\n|inactive|Yu hung lo has 120 seconds left.\n|inactive|Beyond Subzero has 120 seconds left.\n|l|\u2606Beyond Subzero\n|inactive|Beyond Subzero disconnected and has a minute to reconnect!\n|player|p2|\n|j|\u2606Beyond Subzero\n|inactive|Beyond Subzero reconnected and has 105 seconds left.\n|player|p2|Beyond Subzero|pokemaniac\n|\n|t:|1697589596\n|move|p1b: Incineroar|Fake Out|p2a: Salamence\n|-crit|p2a: Salamence\n|-damage|p2a: Salamence|89\/100\n|cant|p2a: Salamence|flinch\n|move|p2b: Buzzwole|Toxic|p1b: Incineroar\n|-status|p1b: Incineroar|tox\n|move|p1a: Blastoise|Flip Turn|p2a: Salamence\n|-resisted|p2a: Salamence\n|-damage|p2a: Salamence|86\/100\n|\n|t:|1697589609\n|switch|p1a: Grimmsnarl|Grimmsnarl, M|41\/100|[from] Flip Turn\n|\n|-damage|p1b: Incineroar|5\/100 tox|[from] psn\n|upkeep\n|turn|14\n|inactive|Beyond Subzero has 120 seconds left.\n|\n|t:|1697589622\n|switch|p1b: Rillaboom|Rillaboom, M|32\/100\n|-fieldstart|move: Grassy Terrain|[from] ability: Grassy Surge|[of] p1b: Rillaboom\n|move|p2a: Salamence|Protect|p2a: Salamence\n|-singleturn|p2a: Salamence|Protect\n|move|p1a: Grimmsnarl|Reflect|p1a: Grimmsnarl\n|-sidestart|p1: Yu hung lo|Reflect\n|move|p2b: Buzzwole|Coaching|p2a: Salamence\n|-boost|p2a: Salamence|atk|1\n|-boost|p2a: Salamence|def|1\n|\n|-heal|p1b: Rillaboom|39\/100|[from] Grassy Terrain\n|-heal|p1a: Grimmsnarl|47\/100|[from] Grassy Terrain\n|upkeep\n|turn|15\n|\n|t:|1697589646\n|move|p1b: Rillaboom|Fake Out|p2b: Buzzwole\n|-damage|p2b: Buzzwole|92\/100\n|move|p1a: Grimmsnarl|Parting Shot|p2a: Salamence\n|-unboost|p2a: Salamence|atk|1\n|-unboost|p2a: Salamence|spa|1\n|\n|t:|1697589654\n|switch|p1a: Dragapult|Dragapult, M|54\/100|[from] Parting Shot\n|move|p2a: Salamence|Dragon Dance|p2a: Salamence\n|-boost|p2a: Salamence|atk|1\n|-boost|p2a: Salamence|spe|1\n|cant|p2b: Buzzwole|flinch\n|\n|-heal|p1a: Dragapult|60\/100|[from] Grassy Terrain\n|-heal|p1b: Rillaboom|45\/100|[from] Grassy Terrain\n|-heal|p2b: Buzzwole|98\/100|[from] Grassy Terrain\n|-heal|p2b: Buzzwole|100\/100|[from] item: Leftovers\n|upkeep\n|turn|16\n|inactive|Yu hung lo has 120 seconds left.\n|\n|t:|1697589694\n|switch|p1b: Incineroar|Incineroar, M|5\/100 tox\n|-ability|p1b: Incineroar|Intimidate|boost\n|-unboost|p2a: Salamence|atk|1\n|-unboost|p2b: Buzzwole|atk|1\n|-terastallize|p1a: Dragapult|Ghost\n|move|p2a: Salamence|Return|p1a: Dragapult\n|-damage|p1a: Dragapult|23\/100\n|move|p1a: Dragapult|Dragon Darts|p2a: Salamence\n|-supereffective|p2a: Salamence\n|-damage|p2a: Salamence|54\/100\n|-anim|p1a: Dragapult|Dragon Darts|p2b: Buzzwole\n|-damage|p2b: Buzzwole|78\/100\n|move|p2b: Buzzwole|Coaching|p2a: Salamence\n|-boost|p2a: Salamence|atk|1\n|-boost|p2a: Salamence|def|1\n|\n|-heal|p1a: Dragapult|29\/100|[from] Grassy Terrain\n|-heal|p2b: Buzzwole|84\/100|[from] Grassy Terrain\n|-heal|p2b: Buzzwole|91\/100|[from] item: Leftovers\n|-heal|p1b: Incineroar|11\/100 tox|[from] Grassy Terrain\n|-damage|p1b: Incineroar|5\/100 tox|[from] psn\n|upkeep\n|turn|17\n|inactive|Yu hung lo has 120 seconds left.\n|\n|t:|1697589718\n|move|p2a: Salamence|Protect|p2a: Salamence\n|-singleturn|p2a: Salamence|Protect\n|move|p1b: Incineroar|Fake Out|p2a: Salamence\n|-activate|p2a: Salamence|move: Protect\n|move|p1a: Dragapult|Dragon Darts|p2b: Buzzwole\n|-damage|p2b: Buzzwole|68\/100\n|-anim|p1a: Dragapult|Dragon Darts|p2b: Buzzwole\n|-damage|p2b: Buzzwole|44\/100\n|move|p2b: Buzzwole|Drain Punch|p1b: Incineroar\n|-supereffective|p1b: Incineroar\n|-damage|p1b: Incineroar|0 fnt\n|-heal|p2b: Buzzwole|46\/100|[from] drain|[of] p1b: Incineroar\n|faint|p1b: Incineroar\n|-ability|p2b: Buzzwole|Beast Boost|boost\n|-boost|p2b: Buzzwole|atk|1\n|\n|-heal|p1a: Dragapult|35\/100|[from] Grassy Terrain\n|-heal|p2b: Buzzwole|52\/100|[from] Grassy Terrain\n|-heal|p2b: Buzzwole|58\/100|[from] item: Leftovers\n|upkeep\n|\n|t:|1697589728\n|switch|p1b: Lucario|Lucario-Mega, F|100\/100\n|turn|18\n|inactive|Yu hung lo has 120 seconds left.\n|\n|t:|1697589765\n|move|p2a: Salamence|Return|p1a: Dragapult\n|-damage|p1a: Dragapult|0 fnt\n|faint|p1a: Dragapult\n|move|p1b: Lucario|Swords Dance|p1b: Lucario\n|-boost|p1b: Lucario|atk|2\n|move|p2b: Buzzwole|Coaching|p2a: Salamence\n|-boost|p2a: Salamence|atk|1\n|-boost|p2a: Salamence|def|1\n|\n|-heal|p2b: Buzzwole|65\/100|[from] Grassy Terrain\n|-heal|p2b: Buzzwole|71\/100|[from] item: Leftovers\n|-fieldend|move: Grassy Terrain\n|upkeep\n|inactive|Yu hung lo has 120 seconds left.\n|\n|t:|1697589772\n|switch|p1a: Blastoise|Blastoise, M|100\/100\n|turn|19\n|\n|t:|1697589786\n|switch|p1a: Rillaboom|Rillaboom, M|45\/100\n|-fieldstart|move: Grassy Terrain|[from] ability: Grassy Surge|[of] p1a: Rillaboom\n|move|p2a: Salamence|Protect|p2a: Salamence\n|-singleturn|p2a: Salamence|Protect\n|move|p1b: Lucario|Swords Dance|p1b: Lucario\n|-boost|p1b: Lucario|atk|2\n|move|p2b: Buzzwole|Coaching|p2a: Salamence\n|-boost|p2a: Salamence|atk|1\n|-boost|p2a: Salamence|def|1\n|\n|-heal|p1a: Rillaboom|51\/100|[from] Grassy Terrain\n|-heal|p2b: Buzzwole|77\/100|[from] Grassy Terrain\n|-heal|p2b: Buzzwole|83\/100|[from] item: Leftovers\n|upkeep\n|turn|20\n|\n|t:|1697589805\n|move|p1a: Rillaboom|Fake Out|p2a: Salamence\n|-damage|p2a: Salamence|51\/100\n|move|p1b: Lucario|Bullet Punch|p2a: Salamence\n|-damage|p2a: Salamence|33\/100\n|cant|p2a: Salamence|flinch\n|move|p2b: Buzzwole|Leech Life|p1a: Rillaboom\n|-supereffective|p1a: Rillaboom\n|-damage|p1a: Rillaboom|16\/100\n|-heal|p2b: Buzzwole|99\/100|[from] drain|[of] p1a: Rillaboom\n|\n|-heal|p1a: Rillaboom|22\/100|[from] Grassy Terrain\n|-heal|p2b: Buzzwole|100\/100|[from] Grassy Terrain\n|upkeep\n|turn|21\n|inactive|Beyond Subzero has 120 seconds left.\n|\n|t:|1697589847\n|move|p1b: Lucario|Bullet Punch|p2a: Salamence\n|-damage|p2a: Salamence|16\/100\n|move|p1a: Rillaboom|Grassy Glide|p2a: Salamence\n|-resisted|p2a: Salamence\n|-damage|p2a: Salamence|14\/100\n|move|p2a: Salamence|Roost|p2a: Salamence\n|-heal|p2a: Salamence|64\/100\n|-singleturn|p2a: Salamence|move: Roost\n|move|p2b: Buzzwole|Drain Punch|p1a: Rillaboom\n|-damage|p1a: Rillaboom|8\/100\n|\n|-heal|p2a: Salamence|70\/100|[from] Grassy Terrain\n|-heal|p1a: Rillaboom|14\/100|[from] Grassy Terrain\n|-sideend|p1: Yu hung lo|Reflect\n|upkeep\n|turn|22\n|inactive|Beyond Subzero has 120 seconds left.\n|\n|t:|1697589865\n|switch|p1a: Grimmsnarl|Grimmsnarl, M|47\/100\n|move|p2a: Salamence|Return|p1b: Lucario\n|-damage|p1b: Lucario|0 fnt\n|faint|p1b: Lucario\n|move|p2b: Buzzwole|Leech Life|p1a: Grimmsnarl\n|-damage|p1a: Grimmsnarl|21\/100\n|\n|-heal|p1a: Grimmsnarl|27\/100|[from] Grassy Terrain\n|upkeep\n|-message|Yu hung lo forfeited.\n|\n|win|Beyond Subzero\n|raw|Yu hung lo's rating: 1451 &rarr; <strong>1427<\/strong><br \/>(-24 for losing)\n|raw|Beyond Subzero's rating: 1372 &rarr; <strong>1396<\/strong><br \/>(+24 for winning)\n|l|\u2606Yu hung lo\n","uploadtime":1697589928,"views":12,"p1id":"yuhunglo","p2id":"beyondsubzero","formatid":"gen9nationaldexdoubles","rating":1396,"private":0,"password":""}