{"id":"gen9nationaldexdoubles-1966994421","p1":"Lord Highkage","p2":"slow_riots_account","format":"[Gen 9] National Dex Doubles","log":"|j|\u2606Lord Highkage\n|j|\u2606slow_riots_account\n|t:|1697242029\n|gametype|doubles\n|player|p1|Lord Highkage|265|\n|player|p2|slow_riots_account|170|\n|teamsize|p1|6\n|teamsize|p2|6\n|gen|9\n|tier|[Gen 9] National Dex Doubles\n|rule|HP Percentage Mod: HP is shown in percentages\n|rule|Endless Battle Clause: Forcing endless battles is banned\n|rule|OHKO Clause: OHKO moves are banned\n|rule|Evasion Moves Clause: Evasion moves are banned\n|rule|Evasion Abilities Clause: Evasion abilities are banned\n|rule|Species Clause: Limit one of each Pok\u00e9mon\n|rule|Gravity Sleep Clause: The combination of sleep-inducing moves with imperfect accuracy and Gravity or Gigantamax Orbeetle are banned\n|clearpoke\n|poke|p1|Wyrdeer, M|\n|poke|p1|Milotic, F|\n|poke|p1|Electrode|\n|poke|p1|Weavile, F|\n|poke|p1|Pachirisu, F|\n|poke|p1|Salamence, M|\n|poke|p2|Volcarona, M|\n|poke|p2|Landorus-Therian, M|\n|poke|p2|Reuniclus, F|\n|poke|p2|Sableye, M|\n|poke|p2|Poliwrath, M|\n|poke|p2|Luxray, M|\n|teampreview\n|\n|t:|1697242050\n|start\n|switch|p1a: Wyrdeer|Wyrdeer, M|100\/100\n|switch|p1b: Salamence|Salamence, M|100\/100\n|switch|p2a: Volcarona|Volcarona, M|100\/100\n|switch|p2b: Landorus|Landorus-Therian, M|100\/100\n|-ability|p1b: Salamence|Intimidate|boost\n|-unboost|p2a: Volcarona|atk|1\n|-unboost|p2b: Landorus|atk|1\n|-ability|p2b: Landorus|Intimidate|boost\n|-unboost|p1a: Wyrdeer|atk|1\n|-unboost|p1b: Salamence|atk|1\n|-ability|p1a: Wyrdeer|Intimidate|boost\n|-unboost|p2a: Volcarona|atk|1\n|-unboost|p2b: Landorus|atk|1\n|turn|1\n|\n|t:|1697242111\n|switch|p1a: Milotic|Milotic, F|100\/100\n|move|p1b: Salamence|Tailwind|p1b: Salamence\n|-sidestart|p1: Lord Highkage|move: Tailwind\n|-zpower|p2a: Volcarona\n|move|p2a: Volcarona|Savage Spin-Out|p1a: Milotic|[zeffect]\n|-damage|p1a: Milotic|42\/100\n|move|p2b: Landorus|Toxic|p1b: Salamence\n|-status|p1b: Salamence|tox\n|\n|-damage|p1b: Salamence|94\/100 tox|[from] psn\n|upkeep\n|turn|2\n|\n|t:|1697242144\n|switch|p2a: Sableye|Sableye, M|100\/100\n|move|p1b: Salamence|Dragon Claw|p2a: Sableye\n|-damage|p2a: Sableye|50\/100\n|-damage|p1b: Salamence|84\/100 tox|[from] item: Life Orb\n|move|p1a: Milotic|Surf|p2b: Landorus|[spread] p1b,p2a,p2b\n|-resisted|p1b: Salamence\n|-supereffective|p2b: Landorus\n|-damage|p1b: Salamence|64\/100 tox\n|-damage|p2a: Sableye|18\/100\n|-damage|p2b: Landorus|52\/100\n|move|p2b: Landorus|U-turn|p1a: Milotic\n|-damage|p1a: Milotic|29\/100\n|\n|t:|1697242163\n|switch|p2b: Poliwrath|Poliwrath, M|100\/100|[from] U-turn\n|\n|-damage|p1b: Salamence|52\/100 tox|[from] psn\n|upkeep\n|turn|3\n|\n|t:|1697242174\n|detailschange|p2a: Sableye|Sableye-Mega, M\n|-mega|p2a: Sableye|Sableye|Sablenite\n|move|p2b: Poliwrath|Protect|p2b: Poliwrath\n|-singleturn|p2b: Poliwrath|Protect\n|move|p1b: Salamence|Dragon Claw|p2a: Sableye\n|-damage|p2a: Sableye|0 fnt\n|faint|p2a: Sableye\n|-damage|p1b: Salamence|42\/100 tox|[from] item: Life Orb\n|move|p1a: Milotic|Icy Wind|p2b: Poliwrath\n|-activate|p2b: Poliwrath|move: Protect\n|\n|-damage|p1b: Salamence|23\/100 tox|[from] psn\n|upkeep\n|\n|t:|1697242193\n|switch|p2a: Luxray|Luxray, M|100\/100\n|turn|4\n|\n|t:|1697242225\n|move|p1b: Salamence|Earthquake|p2b: Poliwrath|[spread] p1a,p2a,p2b\n|-supereffective|p2a: Luxray\n|-damage|p1a: Milotic|2\/100\n|-damage|p2a: Luxray|36\/100\n|-damage|p2b: Poliwrath|80\/100\n|-damage|p1b: Salamence|13\/100 tox|[from] item: Life Orb\n|move|p1a: Milotic|Icy Wind|p2b: Poliwrath|[spread] p2a,p2b\n|-resisted|p2b: Poliwrath\n|-damage|p2a: Luxray|17\/100\n|-damage|p2b: Poliwrath|74\/100\n|-unboost|p2a: Luxray|spe|1\n|-unboost|p2b: Poliwrath|spe|1\n|move|p2a: Luxray|Superpower|p1a: Milotic\n|-damage|p1a: Milotic|0 fnt\n|-unboost|p2a: Luxray|atk|1\n|-unboost|p2a: Luxray|def|1\n|faint|p1a: Milotic\n|move|p2b: Poliwrath|Scald|p1b: Salamence\n|-resisted|p1b: Salamence\n|-damage|p1b: Salamence|0 fnt\n|faint|p1b: Salamence\n|\n|-heal|p2b: Poliwrath|81\/100|[from] item: Leftovers\n|-sideend|p1: Lord Highkage|move: Tailwind\n|-status|p2a: Luxray|brn|[from] item: Flame Orb\n|upkeep\n|\n|t:|1697242268\n|switch|p1b: Weavile|Weavile, F|100\/100\n|switch|p1a: Wyrdeer|Wyrdeer, M|100\/100\n|-ability|p1b: Weavile|Pressure\n|-ability|p1a: Wyrdeer|Intimidate|boost\n|-unboost|p2a: Luxray|atk|1\n|-unboost|p2b: Poliwrath|atk|1\n|turn|5\n|\n|t:|1697242310\n|switch|p2a: Reuniclus|Reuniclus, F|100\/100\n|move|p1b: Weavile|Power-Up Punch|p2a: Reuniclus\n|-resisted|p2a: Reuniclus\n|-damage|p2a: Reuniclus|95\/100\n|-boost|p1b: Weavile|atk|1\n|-damage|p1b: Weavile|84\/100|[from] item: Rocky Helmet|[of] p2a: Reuniclus\n|move|p1a: Wyrdeer|Psyshield Bash|p2b: Poliwrath\n|-supereffective|p2b: Poliwrath\n|-damage|p2b: Poliwrath|30\/100\n|-boost|p1a: Wyrdeer|def|1\n|move|p2b: Poliwrath|Focus Blast|p1b: Weavile\n|-supereffective|p1b: Weavile\n|-crit|p1b: Weavile\n|-damage|p1b: Weavile|0 fnt\n|faint|p1b: Weavile\n|\n|-heal|p2b: Poliwrath|36\/100|[from] item: Leftovers\n|upkeep\n|\n|t:|1697242327\n|switch|p1b: Pachirisu|Pachirisu, F|100\/100\n|turn|6\n|\n|t:|1697242371\n|move|p2b: Poliwrath|Protect|p2b: Poliwrath\n|-singleturn|p2b: Poliwrath|Protect\n|move|p1b: Pachirisu|Nuzzle|p2a: Reuniclus\n|-damage|p2a: Reuniclus|92\/100\n|-status|p2a: Reuniclus|par\n|-damage|p1b: Pachirisu|84\/100|[from] item: Rocky Helmet|[of] p2a: Reuniclus\n|move|p1a: Wyrdeer|Psyshield Bash|p2b: Poliwrath\n|-activate|p2b: Poliwrath|move: Protect\n|move|p2a: Reuniclus|Calm Mind|p2a: Reuniclus\n|-boost|p2a: Reuniclus|spa|1\n|-boost|p2a: Reuniclus|spd|1\n|\n|-heal|p2b: Poliwrath|43\/100|[from] item: Leftovers\n|upkeep\n|turn|7\n|\n|t:|1697242444\n|move|p1b: Pachirisu|Encore|p2a: Reuniclus\n|-start|p2a: Reuniclus|Encore\n|move|p1a: Wyrdeer|Psyshield Bash|p2b: Poliwrath\n|-supereffective|p2b: Poliwrath\n|-damage|p2b: Poliwrath|0 fnt\n|-boost|p1a: Wyrdeer|def|1\n|faint|p2b: Poliwrath\n|move|p2a: Reuniclus|Calm Mind|p2a: Reuniclus\n|-boost|p2a: Reuniclus|spa|1\n|-boost|p2a: Reuniclus|spd|1\n|\n|upkeep\n|\n|t:|1697242459\n|switch|p2b: Landorus|Landorus-Therian, M|52\/100\n|-ability|p2b: Landorus|Intimidate|boost\n|-unboost|p1a: Wyrdeer|atk|1\n|-unboost|p1b: Pachirisu|atk|1\n|turn|8\n|\n|t:|1697242498\n|move|p1b: Pachirisu|Follow Me|p1b: Pachirisu\n|-singleturn|p1b: Pachirisu|move: Follow Me\n|move|p2b: Landorus|Earthquake|p1b: Pachirisu|[spread] p2a,p1a,p1b\n|-supereffective|p1b: Pachirisu\n|-damage|p2a: Reuniclus|68\/100 par\n|-damage|p1a: Wyrdeer|80\/100\n|-damage|p1b: Pachirisu|0 fnt\n|faint|p1b: Pachirisu\n|move|p1a: Wyrdeer|Body Slam|p2b: Landorus\n|-damage|p2b: Landorus|30\/100\n|move|p2a: Reuniclus|Calm Mind|p2a: Reuniclus\n|-boost|p2a: Reuniclus|spa|1\n|-boost|p2a: Reuniclus|spd|1\n|\n|-heal|p2b: Landorus|36\/100|[from] item: Leftovers\n|upkeep\n|c|\u2606Lord Highkage|gg\n|\n|t:|1697242513\n|switch|p1b: Electrode|Electrode|100\/100\n|turn|9\n|\n|t:|1697242530\n|switch|p2b: Luxray|Luxray, M|17\/100 brn\n|move|p1a: Wyrdeer|Protect|p1a: Wyrdeer\n|-singleturn|p1a: Wyrdeer|Protect\n|move|p1b: Electrode|Explosion|p2a: Reuniclus|[spread] p2a,p2b\n|-activate|p1a: Wyrdeer|move: Protect\n|-damage|p2a: Reuniclus|27\/100 par\n|-damage|p2b: Luxray|0 fnt\n|faint|p1b: Electrode\n|faint|p2b: Luxray\n|cant|p2a: Reuniclus|par\n|\n|-end|p2a: Reuniclus|Encore\n|upkeep\n|\n|t:|1697242543\n|switch|p2b: Volcarona|Volcarona, M|100\/100\n|turn|10\n|\n|t:|1697242567\n|move|p2b: Volcarona|Bug Buzz|p1a: Wyrdeer\n|-supereffective|p1a: Wyrdeer\n|-damage|p1a: Wyrdeer|20\/100\n|move|p1a: Wyrdeer|Body Slam|p2a: Reuniclus\n|-crit|p2a: Reuniclus\n|-damage|p2a: Reuniclus|0 fnt\n|-damage|p1a: Wyrdeer|3\/100|[from] item: Rocky Helmet|[of] p2a: Reuniclus\n|faint|p2a: Reuniclus\n|\n|upkeep\n|\n|t:|1697242579\n|switch|p2a: Landorus|Landorus-Therian, M|36\/100\n|-ability|p2a: Landorus|Intimidate|boost\n|-unboost|p1a: Wyrdeer|atk|1\n|turn|11\n|\n|t:|1697242588\n|move|p2b: Volcarona|Bug Buzz|p1a: Wyrdeer\n|-supereffective|p1a: Wyrdeer\n|-damage|p1a: Wyrdeer|0 fnt\n|faint|p1a: Wyrdeer\n|\n|win|slow_riots_account\n|l|\u2606Lord Highkage\n|j|\u2606Lord Highkage\n|player|p1|Lord Highkage|265\n","uploadtime":1697242595,"views":7,"p1id":"lordhighkage","p2id":"slowriotsaccount","formatid":"gen9nationaldexdoubles","rating":0,"private":0,"password":""}