{"id":"gen9nationaldexdoubles-1980658451","p1":"AsumaToki","p2":"darekv","format":"[Gen 9] National Dex Doubles","log":"|j|\u2606AsumaToki\n|j|\u2606darekv\n|t:|1698808867\n|gametype|doubles\n|player|p1|AsumaToki|caitlin|1177\n|player|p2|darekv|hilbert|1000\n|teamsize|p1|6\n|teamsize|p2|6\n|gen|9\n|tier|[Gen 9] National Dex Doubles\n|rated|\n|rule|HP Percentage Mod: HP is shown in percentages\n|rule|Endless Battle Clause: Forcing endless battles is banned\n|rule|OHKO Clause: OHKO moves are banned\n|rule|Evasion Moves Clause: Evasion moves are banned\n|rule|Evasion Abilities Clause: Evasion abilities are banned\n|rule|Species Clause: Limit one of each Pok\u00e9mon\n|rule|Gravity Sleep Clause: The combination of sleep-inducing moves with imperfect accuracy and Gravity or Gigantamax Orbeetle are banned\n|clearpoke\n|poke|p1|Dudunsparce-*, F|\n|poke|p1|Gardevoir, F|\n|poke|p1|Flamigo, F|\n|poke|p1|Maushold|\n|poke|p1|Gholdengo|\n|poke|p1|Grimmsnarl, M|\n|poke|p2|Iron Moth|\n|poke|p2|Corviknight, F|\n|poke|p2|Greninja-*, M|\n|poke|p2|Dragapult, F|\n|poke|p2|Gardevoir, F|\n|poke|p2|Scizor, M|\n|teampreview\n|\n|t:|1698808884\n|start\n|switch|p1a: Dudunsparce|Dudunsparce-Three-Segment, F, shiny|100\/100\n|switch|p1b: Maushold|Maushold, shiny|100\/100\n|switch|p2a: Iron Moth|Iron Moth|100\/100\n|switch|p2b: Scizor|Scizor, M|100\/100\n|turn|1\n|\n|t:|1698808901\n|-terastallize|p1a: Dudunsparce|Ghost\n|move|p1b: Maushold|Beat Up|p1a: Dudunsparce\n|-supereffective|p1a: Dudunsparce\n|-damage|p1a: Dudunsparce|98\/100\n|-ability|p1a: Dudunsparce|Rattled|boost\n|-boost|p1a: Dudunsparce|spe|1\n|-enditem|p1a: Dudunsparce|Weakness Policy\n|-boost|p1a: Dudunsparce|atk|2|[from] item: Weakness Policy\n|-boost|p1a: Dudunsparce|spa|2|[from] item: Weakness Policy\n|-supereffective|p1a: Dudunsparce\n|-damage|p1a: Dudunsparce|95\/100\n|-ability|p1a: Dudunsparce|Rattled|boost\n|-boost|p1a: Dudunsparce|spe|1\n|-supereffective|p1a: Dudunsparce\n|-damage|p1a: Dudunsparce|92\/100\n|-ability|p1a: Dudunsparce|Rattled|boost\n|-boost|p1a: Dudunsparce|spe|1\n|-supereffective|p1a: Dudunsparce\n|-damage|p1a: Dudunsparce|90\/100\n|-ability|p1a: Dudunsparce|Rattled|boost\n|-boost|p1a: Dudunsparce|spe|1\n|-supereffective|p1a: Dudunsparce\n|-damage|p1a: Dudunsparce|88\/100\n|-ability|p1a: Dudunsparce|Rattled|boost\n|-boost|p1a: Dudunsparce|spe|1\n|-supereffective|p1a: Dudunsparce\n|-damage|p1a: Dudunsparce|84\/100\n|-ability|p1a: Dudunsparce|Rattled|boost\n|-boost|p1a: Dudunsparce|spe|1\n|-hitcount|p1a: Dudunsparce|6\n|move|p1a: Dudunsparce|Coil|p1a: Dudunsparce\n|-boost|p1a: Dudunsparce|atk|1\n|-boost|p1a: Dudunsparce|def|1\n|-boost|p1a: Dudunsparce|accuracy|1\n|move|p2a: Iron Moth|Toxic Spikes|p1a: Dudunsparce\n|-sidestart|p1: AsumaToki|move: Toxic Spikes\n|move|p2b: Scizor|Air Slash|p1a: Dudunsparce\n|-damage|p1a: Dudunsparce|77\/100\n|\n|upkeep\n|turn|2\n|\n|t:|1698808944\n|move|p1a: Dudunsparce|Baton Pass|p1a: Dudunsparce\n|\n|t:|1698808947\n|switch|p1a: Gardevoir|Gardevoir, F, shiny|100\/100|[from] Baton Pass\n|-status|p1a: Gardevoir|psn\n|-ability|p1a: Gardevoir|Swarm|[from] ability: Trace|[of] p2b: Scizor\n|move|p1b: Maushold|Taunt|p2b: Scizor\n|-start|p2b: Scizor|move: Taunt\n|move|p2a: Iron Moth|Toxic Spikes|p1b: Maushold\n|-sidestart|p1: AsumaToki|move: Toxic Spikes\n|move|p2b: Scizor|Bug Buzz|p1b: Maushold\n|-damage|p1b: Maushold|74\/100\n|\n|-damage|p1a: Gardevoir|88\/100 psn|[from] psn\n|upkeep\n|turn|3\n|\n|t:|1698808969\n|detailschange|p1a: Gardevoir|Gardevoir-Mega, F, shiny\n|-mega|p1a: Gardevoir|Gardevoir|Gardevoirite\n|move|p1b: Maushold|Follow Me|p1b: Maushold\n|-singleturn|p1b: Maushold|move: Follow Me\n|move|p1a: Gardevoir|Mystical Fire|p2b: Scizor\n|-supereffective|p2b: Scizor\n|-damage|p2b: Scizor|0 fnt\n|faint|p2b: Scizor\n|move|p2a: Iron Moth|Toxic Spikes||[still]\n|-fail|p2a: Iron Moth\n|\n|-damage|p1a: Gardevoir|76\/100 psn|[from] psn\n|upkeep\n|\n|t:|1698808995\n|switch|p2b: Greninja|Greninja, M|100\/100\n|turn|4\n|\n|t:|1698809010\n|switch|p2b: Gardevoir|Gardevoir, F|100\/100\n|-end|p2a: Iron Moth|Quark Drive|[silent]\n|switch|p2a: Dragapult|Dragapult, F|100\/100\n|move|p1b: Maushold|Follow Me|p1b: Maushold\n|-singleturn|p1b: Maushold|move: Follow Me\n|move|p1a: Gardevoir|Hyper Voice|p2b: Gardevoir|[spread] p2a,p2b\n|-supereffective|p2a: Dragapult\n|-damage|p2a: Dragapult|0 fnt\n|-damage|p2b: Gardevoir|10\/100\n|faint|p2a: Dragapult\n|\n|-damage|p1a: Gardevoir|64\/100 psn|[from] psn\n|upkeep\n|\n|t:|1698809024\n|switch|p2a: Greninja|Greninja, M|100\/100\n|turn|5\n|\n|t:|1698809035\n|move|p1b: Maushold|Follow Me|p1b: Maushold\n|-singleturn|p1b: Maushold|move: Follow Me\n|move|p1a: Gardevoir|Hyper Voice|p2b: Gardevoir|[spread] p2a,p2b\n|-supereffective|p2a: Greninja\n|-damage|p2a: Greninja|0 fnt\n|-damage|p2b: Gardevoir|0 fnt\n|faint|p2a: Greninja\n|faint|p2b: Gardevoir\n|\n|-damage|p1a: Gardevoir|51\/100 psn|[from] psn\n|upkeep\n|\n|t:|1698809043\n|switch|p2a: Corviknight|Corviknight, F|100\/100\n|switch|p2b: Iron Moth|Iron Moth|100\/100\n|-ability|p2a: Corviknight|Pressure\n|turn|6\n|\n|t:|1698809058\n|move|p1b: Maushold|Follow Me|p1b: Maushold\n|-singleturn|p1b: Maushold|move: Follow Me\n|move|p1a: Gardevoir|Stored Power|p2b: Iron Moth\n|-supereffective|p2b: Iron Moth\n|-damage|p2b: Iron Moth|0 fnt\n|faint|p2b: Iron Moth\n|-end|p2b: Iron Moth|Quark Drive|[silent]\n|move|p2a: Corviknight|Iron Defense|p2a: Corviknight\n|-boost|p2a: Corviknight|def|2\n|\n|-damage|p1a: Gardevoir|39\/100 psn|[from] psn\n|upkeep\n|turn|7\n|\n|t:|1698809078\n|move|p1a: Gardevoir|Mystical Fire|p2a: Corviknight\n|-supereffective|p2a: Corviknight\n|-damage|p2a: Corviknight|0 fnt\n|faint|p2a: Corviknight\n|\n|win|AsumaToki\n|raw|AsumaToki's rating: 1177 &rarr; <strong>1190<\/strong><br \/>(+13 for winning)\n|raw|darekv's rating: 1000 &rarr; <strong>1000<\/strong><br \/>(+0 for losing)\n|l|\u2606darekv\n","uploadtime":1698809089,"views":8,"p1id":"asumatoki","p2id":"darekv","formatid":"gen9nationaldexdoubles","rating":1000,"private":0,"password":""}