{"id":"gen9nationaldexdoubles-1955087796","p1":"water10122246","p2":"4d4dff","format":"[Gen 9] National Dex Doubles","log":"|j|\u2606water10122246\n|j|\u26064d4dff\n|t:|1695954929\n|gametype|doubles\n|player|p1|water10122246|2|1315\n|player|p2|4d4dff|unknown|1061\n|teamsize|p1|6\n|teamsize|p2|6\n|gen|9\n|tier|[Gen 9] National Dex Doubles\n|rated|\n|rule|HP Percentage Mod: HP is shown in percentages\n|rule|Endless Battle Clause: Forcing endless battles is banned\n|rule|OHKO Clause: OHKO moves are banned\n|rule|Evasion Moves Clause: Evasion moves are banned\n|rule|Evasion Abilities Clause: Evasion abilities are banned\n|rule|Species Clause: Limit one of each Pok\u00e9mon\n|rule|Gravity Sleep Clause: The combination of sleep-inducing moves with imperfect accuracy and Gravity or Gigantamax Orbeetle are banned\n|clearpoke\n|poke|p1|Coalossal, F|\n|poke|p1|Smeargle, M|\n|poke|p1|Grimmsnarl, M|\n|poke|p1|Palossand, M|\n|poke|p1|Gastrodon, M|\n|poke|p1|Clefairy, F|\n|poke|p2|Archeops, M|\n|poke|p2|Grafaiai, M|\n|poke|p2|Eelektross, M|\n|poke|p2|Blissey, F|\n|poke|p2|Drifblim, M|\n|poke|p2|Weezing-Galar, M|\n|teampreview\n|c|\u26064d4dff|hey\n|\n|t:|1695954937\n|start\n|switch|p1a: Smeargle|Smeargle, M, shiny|100\/100\n|switch|p1b: Coalossal|Coalossal, F, shiny|100\/100\n|switch|p2a: Teenager|Grafaiai, M|100\/100\n|switch|p2b: Dewey|Archeops, M|100\/100\n|turn|1\n|inactive|Battle timer is ON: inactive players will automatically lose when time's up. (requested by water10122246)\n|c|\u2606water10122246|Hii\n|c|\u2606water10122246|I like your team\n|inactive|4d4dff has 120 seconds left.\n|\n|t:|1695954985\n|move|p1a: Smeargle|Aqua Jet|p1b: Coalossal\n|-supereffective|p1b: Coalossal\n|-damage|p1b: Coalossal|93\/100\n|-ability|p1b: Coalossal|Steam Engine|boost\n|-boost|p1b: Coalossal|spe|6\n|-enditem|p1b: Coalossal|Weakness Policy\n|-boost|p1b: Coalossal|atk|2|[from] item: Weakness Policy\n|-boost|p1b: Coalossal|spa|2|[from] item: Weakness Policy\n|move|p2a: Teenager|Doodle|p1a: Smeargle\n|-block|p2a: Teenager|item: Ability Shield\n|-endability|p2b: Dewey|Defeatist|[from] move: Doodle\n|-ability|p2b: Dewey|Own Tempo|[from] move: Doodle\n|move|p1b: Coalossal|Rock Slide|p2a: Teenager|[spread] p2a,p2b\n|-supereffective|p2b: Dewey\n|-damage|p2a: Teenager|42\/100\n|-damage|p2b: Dewey|0 fnt\n|faint|p2b: Dewey\n|\n|upkeep\n|c|\u26064d4dff|thank you\n|\n|t:|1695955000\n|switch|p2b: Weezing|Weezing-Galar, M|100\/100\n|-ability|p2b: Weezing|Neutralizing Gas\n|-block|p2a: Teenager|item: Ability Shield\n|turn|2\n|\n|t:|1695955024\n|move|p2a: Teenager|Toxic|p1b: Coalossal\n|-status|p1b: Coalossal|tox\n|move|p1b: Coalossal|Rock Slide|p2a: Teenager|[spread] p2a,p2b\n|-damage|p2a: Teenager|0 fnt\n|-damage|p2b: Weezing|56\/100\n|faint|p2a: Teenager\n|move|p1a: Smeargle|Spore|p2b: Weezing\n|-status|p2b: Weezing|slp|[from] move: Spore\n|cant|p2b: Weezing|slp\n|\n|-heal|p2b: Weezing|62\/100 slp|[from] item: Black Sludge\n|-damage|p1b: Coalossal|87\/100 tox|[from] psn\n|upkeep\n|\n|t:|1695955038\n|switch|p2a: Blissey|Blissey, F, shiny|100\/100\n|turn|3\n|\n|t:|1695955054\n|-terastallize|p1b: Coalossal|Fairy\n|move|p1b: Coalossal|Tera Blast|p2a: Blissey|[anim] Tera Blast Fairy\n|-damage|p2a: Blissey|42\/100\n|move|p1a: Smeargle|Spore|p2a: Blissey\n|-status|p2a: Blissey|slp|[from] move: Spore\n|-curestatus|p2b: Weezing|slp|[msg]\n|move|p2b: Weezing|Destiny Bond|p2b: Weezing\n|-singlemove|p2b: Weezing|Destiny Bond\n|cant|p2a: Blissey|slp\n|\n|-heal|p2b: Weezing|68\/100|[from] item: Black Sludge\n|-heal|p2a: Blissey|49\/100 slp|[from] item: Leftovers\n|-damage|p1b: Coalossal|74\/100 tox|[from] psn\n|upkeep\n|turn|4\n|\n|t:|1695955079\n|move|p1b: Coalossal|Flare Blitz|p2a: Blissey\n|-damage|p2a: Blissey|0 fnt\n|faint|p2a: Blissey\n|-damage|p1b: Coalossal|50\/100 tox|[from] Recoil\n|move|p1a: Smeargle|Spore|p2b: Weezing\n|-status|p2b: Weezing|slp|[from] move: Spore\n|cant|p2b: Weezing|slp\n|\n|-heal|p2b: Weezing|74\/100 slp|[from] item: Black Sludge\n|-damage|p1b: Coalossal|32\/100 tox|[from] psn\n|upkeep\n|inactive|4d4dff has 120 seconds left.\n|\n|t:|1695955092\n|switch|p2a: Drifblim|Drifblim, M|100\/100\n|turn|5\n|\n|t:|1695955112\n|move|p1b: Coalossal|Rock Slide|p2b: Weezing|[spread] p2a,p2b\n|-supereffective|p2a: Drifblim\n|-damage|p2a: Drifblim|1\/100\n|-damage|p2b: Weezing|30\/100 slp\n|move|p1a: Smeargle|Spore|p2a: Drifblim\n|-status|p2a: Drifblim|slp|[from] move: Spore\n|cant|p2a: Drifblim|slp\n|-curestatus|p2b: Weezing|slp|[msg]\n|move|p2b: Weezing|Sludge Bomb|p1b: Coalossal\n|-supereffective|p1b: Coalossal\n|-damage|p1b: Coalossal|0 fnt\n|faint|p1b: Coalossal\n|\n|-heal|p2b: Weezing|36\/100|[from] item: Black Sludge\n|upkeep\n|\n|t:|1695955129\n|switch|p1b: Palossand|Palossand, M, shiny|100\/100\n|turn|6\n|\n|t:|1695955142\n|move|p1a: Smeargle|Aqua Jet|p1b: Palossand\n|-supereffective|p1b: Palossand\n|-damage|p1b: Palossand|96\/100\n|-enditem|p1b: Palossand|Weakness Policy\n|-boost|p1b: Palossand|atk|2|[from] item: Weakness Policy\n|-boost|p1b: Palossand|spa|2|[from] item: Weakness Policy\n|cant|p2a: Drifblim|slp\n|move|p2b: Weezing|Toxic|p1b: Palossand\n|-status|p1b: Palossand|tox\n|move|p1b: Palossand|Shadow Ball|p2b: Weezing\n|-damage|p2b: Weezing|0 fnt\n|faint|p2b: Weezing\n|-end|p2b: Weezing|ability: Neutralizing Gas\n|\n|-damage|p1b: Palossand|90\/100 tox|[from] psn\n|upkeep\n|\n|t:|1695955156\n|switch|p2b: That mouth tho|Eelektross, M|100\/100\n|turn|7\n|\n|t:|1695955165\n|move|p1a: Smeargle|Spore|p2b: That mouth tho\n|-status|p2b: That mouth tho|slp|[from] move: Spore\n|-curestatus|p2a: Drifblim|slp|[msg]\n|move|p2a: Drifblim|Destiny Bond|p2a: Drifblim\n|-singlemove|p2a: Drifblim|Destiny Bond\n|cant|p2b: That mouth tho|slp\n|move|p1b: Palossand|Shadow Ball|p2a: Drifblim\n|-supereffective|p2a: Drifblim\n|-damage|p2a: Drifblim|0 fnt\n|faint|p2a: Drifblim\n|-activate|p2a: Drifblim|move: Destiny Bond\n|faint|p1b: Palossand\n|\n|upkeep\n|\n|t:|1695955169\n|switch|p1b: Gastrodon|Gastrodon, M|100\/100\n|turn|8\n|\n|t:|1695955183\n|move|p1a: Smeargle|Water Shuriken|p1b: Gastrodon\n|-ability|p1b: Gastrodon|Storm Drain|boost\n|-boost|p1b: Gastrodon|spa|1\n|cant|p2b: That mouth tho|slp\n|move|p1b: Gastrodon|Muddy Water|p2b: That mouth tho\n|-damage|p2b: That mouth tho|24\/100 slp\n|-unboost|p2b: That mouth tho|accuracy|1\n|\n|upkeep\n|turn|9\n|\n|t:|1695955202\n|move|p1a: Smeargle|Water Shuriken|p1b: Gastrodon\n|-ability|p1b: Gastrodon|Storm Drain|boost\n|-boost|p1b: Gastrodon|spa|1\n|-curestatus|p2b: That mouth tho|slp|[msg]\n|move|p2b: That mouth tho|Thunderbolt|p1a: Smeargle\n|-crit|p1a: Smeargle\n|-damage|p1a: Smeargle|0 fnt\n|faint|p1a: Smeargle\n|move|p1b: Gastrodon|Ice Beam|p2b: That mouth tho\n|-damage|p2b: That mouth tho|0 fnt\n|faint|p2b: That mouth tho\n|\n|win|water10122246\n|raw|water10122246's rating: 1315 &rarr; <strong>1323<\/strong><br \/>(+8 for winning)\n|raw|4d4dff's rating: 1061 &rarr; <strong>1054<\/strong><br \/>(-7 for losing)\n|c|\u2606water10122246|Gg\n|c|\u26064d4dff|gg\n|l|\u26064d4dff\n","uploadtime":1695955225,"views":18,"p1id":"water10122246","p2id":"4d4dff","formatid":"gen9nationaldexdoubles","rating":1054,"private":0,"password":""}