{"id":"gen9nationaldexdoubles-2000620929","p1":"McCraleb","p2":"Chroma_Prime","format":"[Gen 9] National Dex Doubles","log":"|j|\u2606McCraleb\n|j|\u2606Chroma_Prime\n|t:|1701211358\n|gametype|doubles\n|player|p1|McCraleb|janine|1121\n|player|p2|Chroma_Prime|kahili|1000\n|teamsize|p1|6\n|teamsize|p2|6\n|gen|9\n|tier|[Gen 9] National Dex Doubles\n|rated|\n|rule|HP Percentage Mod: HP is shown in percentages\n|rule|Endless Battle Clause: Forcing endless battles is banned\n|rule|OHKO Clause: OHKO moves are banned\n|rule|Evasion Moves Clause: Evasion moves are banned\n|rule|Evasion Abilities Clause: Evasion abilities are banned\n|rule|Species Clause: Limit one of each Pok\u00e9mon\n|rule|Gravity Sleep Clause: The combination of sleep-inducing moves with imperfect accuracy and Gravity or Gigantamax Orbeetle are banned\n|clearpoke\n|poke|p1|Empoleon, M|\n|poke|p1|Murkrow, M|\n|poke|p1|Kilowattrel, M|\n|poke|p1|Altaria, F|\n|poke|p1|Quaquaval, F|\n|poke|p1|Decidueye-Hisui, F|\n|poke|p2|Arboliva, M|\n|poke|p2|Florges-White, F|\n|poke|p2|Trevenant, F|\n|poke|p2|Pachirisu, M|\n|poke|p2|Ninetales, F|\n|poke|p2|Leafeon, F|\n|teampreview\n|inactive|Battle timer is ON: inactive players will automatically lose when time's up. (requested by Chroma_Prime)\n|c|\u2606McCraleb|Is this a Harvest team?\n|c|\u2606Chroma_Prime|idk what the fuck do you think?\n|c|\u2606McCraleb|ok\n|inactive|McCraleb has 120 seconds left.\n|\n|t:|1701211397\n|start\n|switch|p1a: Murkrow|Murkrow, M|100\/100\n|switch|p1b: Empoleon|Empoleon, M|100\/100\n|switch|p2a: The Farm|Arboliva, M|100\/100\n|switch|p2b: The Garden|Florges-White, F|100\/100\n|turn|1\n|c|\u2606Chroma_Prime|ive lost all care for this pathetic excuse for a community\n|c|\u2606McCraleb|ok dude\n|inactive|McCraleb has 120 seconds left.\n|\n|t:|1701211432\n|-terastallize|p1b: Empoleon|Dark\n|move|p1a: Murkrow|U-turn|p1b: Empoleon\n|-supereffective|p1b: Empoleon\n|-damage|p1b: Empoleon|78\/100\n|-enditem|p1b: Empoleon|Weakness Policy\n|-boost|p1b: Empoleon|atk|2|[from] item: Weakness Policy\n|-boost|p1b: Empoleon|spa|2|[from] item: Weakness Policy\n|\n|t:|1701211440\n|switch|p1a: Quaquaval|Quaquaval, F|100\/100|[from] U-turn\n|move|p1b: Empoleon|Flash Cannon|p2b: The Garden\n|-supereffective|p2b: The Garden\n|-damage|p2b: The Garden|39\/100\n|move|p2b: The Garden|Flower Shield|p2b: The Garden\n|-boost|p2a: The Farm|def|1\n|move|p2a: The Farm|Leech Seed|p1b: Empoleon\n|-start|p1b: Empoleon|move: Leech Seed\n|\n|-heal|p2b: The Garden|45\/100|[from] item: Leftovers\n|-damage|p1b: Empoleon|66\/100|[from] Leech Seed|[of] p2a: The Farm\n|upkeep\n|turn|2\n|c|\u2606Chroma_Prime|not a single person on this shithole of a site will ever be remotely good at the real game\n|inactive|McCraleb has 120 seconds left.\n|\n|t:|1701211462\n|move|p2b: The Garden|Helping Hand|p2a: The Farm\n|-singleturn|p2a: The Farm|Helping Hand|[of] p2b: The Garden\n|move|p1a: Quaquaval|Focus Energy|p1a: Quaquaval\n|-start|p1a: Quaquaval|move: Focus Energy\n|move|p1b: Empoleon|Flash Cannon|p2b: The Garden\n|-supereffective|p2b: The Garden\n|-damage|p2b: The Garden|0 fnt\n|faint|p2b: The Garden\n|move|p2a: The Farm|Giga Drain|p1a: Quaquaval\n|-supereffective|p1a: Quaquaval\n|-damage|p1a: Quaquaval|26\/100\n|\n|-heal|p1a: Quaquaval|32\/100|[from] item: Leftovers\n|-damage|p1b: Empoleon|54\/100|[from] Leech Seed|[of] p2a: The Farm\n|upkeep\n|\n|t:|1701211474\n|switch|p2b: The Savannah|Ninetales, F|100\/100\n|-weather|SunnyDay|[from] ability: Drought|[of] p2b: The Savannah\n|turn|3\n|\n|t:|1701211494\n|move|p1a: Quaquaval|Protect|p1a: Quaquaval\n|-singleturn|p1a: Quaquaval|Protect\n|move|p2b: The Savannah|Confuse Ray|p1b: Empoleon\n|-start|p1b: Empoleon|confusion\n|-activate|p1b: Empoleon|confusion\n|-damage|p1b: Empoleon|45\/100|[from] confusion\n|move|p2a: The Farm|Strength Sap|p1a: Quaquaval\n|-activate|p1a: Quaquaval|move: Protect\n|\n|-weather|SunnyDay|[upkeep]\n|-heal|p1a: Quaquaval|38\/100|[from] item: Leftovers\n|-damage|p1b: Empoleon|33\/100|[from] Leech Seed|[of] p2a: The Farm\n|upkeep\n|turn|4\n|inactive|McCraleb has 120 seconds left.\n|\n|t:|1701211550\n|move|p2b: The Savannah|Encore|p1b: Empoleon\n|-start|p1b: Empoleon|Encore\n|move|p1a: Quaquaval|Baton Pass|p1a: Quaquaval\n|inactive|McCraleb has 90 seconds left.\n|\n|t:|1701211562\n|switch|p1a: Kilowattrel|Kilowattrel, M|100\/100|[from] Baton Pass\n|-end|p1b: Empoleon|confusion\n|move|p1b: Empoleon|Flash Cannon|p2b: The Savannah\n|-resisted|p2b: The Savannah\n|-damage|p2b: The Savannah|70\/100\n|move|p2a: The Farm|Giga Drain|p1a: Kilowattrel\n|-resisted|p1a: Kilowattrel\n|-damage|p1a: Kilowattrel|73\/100\n|\n|-weather|SunnyDay|[upkeep]\n|-damage|p1b: Empoleon|21\/100|[from] Leech Seed|[of] p2a: The Farm\n|upkeep\n|turn|5\n|\n|t:|1701211587\n|move|p1a: Kilowattrel|Air Slash|p2a: The Farm\n|-supereffective|p2a: The Farm\n|-crit|p2a: The Farm\n|-damage|p2a: The Farm|29\/100\n|-fieldstart|move: Grassy Terrain|[from] ability: Seed Sower|[of] p2a: The Farm\n|-enditem|p2a: The Farm|Grassy Seed\n|-boost|p2a: The Farm|def|1|[from] item: Grassy Seed\n|move|p2b: The Savannah|Confuse Ray|p1a: Kilowattrel\n|-start|p1a: Kilowattrel|confusion\n|move|p1b: Empoleon|Flash Cannon|p2a: The Farm\n|-damage|p2a: The Farm|0 fnt\n|faint|p2a: The Farm\n|\n|-weather|SunnyDay|[upkeep]\n|-heal|p2b: The Savannah|76\/100|[from] Grassy Terrain\n|-heal|p1b: Empoleon|27\/100|[from] Grassy Terrain\n|upkeep\n|\n|t:|1701211598\n|switch|p2a: The Treetops|Leafeon, F|100\/100\n|turn|6\n|inactive|McCraleb has 120 seconds left.\n|\n|t:|1701211615\n|move|p2a: The Treetops|Knock Off|p1a: Kilowattrel\n|-damage|p1a: Kilowattrel|11\/100\n|-enditem|p1a: Kilowattrel|Magnet|[from] move: Knock Off|[of] p2a: The Treetops\n|-activate|p1a: Kilowattrel|confusion\n|-damage|p1a: Kilowattrel|1\/100|[from] confusion\n|move|p2b: The Savannah|Heat Wave|p1a: Kilowattrel|[spread] p1b\n|-miss|p2b: The Savannah|p1a: Kilowattrel\n|-damage|p1b: Empoleon|0 fnt\n|faint|p1b: Empoleon\n|\n|-weather|SunnyDay|[upkeep]\n|-heal|p2b: The Savannah|82\/100|[from] Grassy Terrain\n|upkeep\n|\n|t:|1701211629\n|switch|p1b: Murkrow|Murkrow, M|100\/100\n|turn|7\n|\n|t:|1701211637\n|move|p1b: Murkrow|Tailwind|p1b: Murkrow\n|-sidestart|p1: McCraleb|move: Tailwind\n|-start|p1a: Kilowattrel|Charge|Tailwind|[from] ability: Wind Power\n|-activate|p1a: Kilowattrel|confusion\n|move|p1a: Kilowattrel|Air Slash|p2a: The Treetops\n|-supereffective|p2a: The Treetops\n|-damage|p2a: The Treetops|8\/100\n|move|p2a: The Treetops|Solar Blade||[still]\n|-prepare|p2a: The Treetops|Solar Blade\n|-anim|p2a: The Treetops|Solar Blade|p1b: Murkrow\n|-resisted|p1b: Murkrow\n|-damage|p1b: Murkrow|15\/100\n|move|p2b: The Savannah|Heat Wave|p1b: Murkrow|[spread] p1a,p1b\n|-damage|p1a: Kilowattrel|0 fnt\n|-damage|p1b: Murkrow|0 fnt\n|faint|p1a: Kilowattrel\n|faint|p1b: Murkrow\n|\n|-weather|SunnyDay|[upkeep]\n|-heal|p2a: The Treetops|13\/100|[from] Grassy Terrain\n|-heal|p2b: The Savannah|88\/100|[from] Grassy Terrain\n|upkeep\n|inactive|McCraleb has 120 seconds left.\n|\n|t:|1701211672\n|switch|p1a: Altaria|Altaria, F|100\/100\n|switch|p1b: Quaquaval|Quaquaval, F|38\/100\n|-ability|p1a: Altaria|Cloud Nine\n|turn|8\n|inactive|McCraleb has 120 seconds left.\n|\n|t:|1701211689\n|move|p1a: Altaria|Protect|p1a: Altaria\n|-singleturn|p1a: Altaria|Protect\n|move|p1b: Quaquaval|Aqua Step|p2b: The Savannah\n|-supereffective|p2b: The Savannah\n|-damage|p2b: The Savannah|7\/100\n|-boost|p1b: Quaquaval|spe|1\n|move|p2b: The Savannah|Confuse Ray|p1b: Quaquaval\n|-start|p1b: Quaquaval|confusion\n|move|p2a: The Treetops|Aerial Ace|p1b: Quaquaval\n|-supereffective|p1b: Quaquaval\n|-damage|p1b: Quaquaval|0 fnt\n|faint|p1b: Quaquaval\n|\n|-weather|SunnyDay|[upkeep]\n|-heal|p2b: The Savannah|13\/100|[from] Grassy Terrain\n|-heal|p2a: The Treetops|19\/100|[from] Grassy Terrain\n|upkeep\n|\n|t:|1701211706\n|switch|p1b: Decidueye|Decidueye-Hisui, F|100\/100\n|turn|9\n|inactive|McCraleb has 120 seconds left.\n|\n|t:|1701211731\n|move|p1a: Altaria|Earthquake|p2a: The Treetops|[spread] p1b,p2a,p2b\n|-resisted|p1b: Decidueye\n|-resisted|p2a: The Treetops\n|-supereffective|p2b: The Savannah\n|-damage|p1b: Decidueye|97\/100\n|-damage|p2a: The Treetops|16\/100\n|-damage|p2b: The Savannah|0 fnt\n|faint|p2b: The Savannah\n|move|p1b: Decidueye|Dual Wingbeat|p2a: The Treetops\n|-supereffective|p2a: The Treetops\n|-damage|p2a: The Treetops|0 fnt\n|faint|p2a: The Treetops\n|-hitcount|p2: The Treetops|1\n|\n|-weather|SunnyDay|[upkeep]\n|-heal|p1b: Decidueye|100\/100|[from] Grassy Terrain\n|-fieldend|move: Grassy Terrain\n|upkeep\n|\n|t:|1701211743\n|switch|p2b: The Undergrowth|Pachirisu, M|100\/100\n|switch|p2a: The Forest|Trevenant, F|100\/100\n|turn|10\n|inactive|McCraleb has 120 seconds left.\n|\n|t:|1701211766\n|-terastallize|p2a: The Forest|Ghost\n|move|p1a: Altaria|Earthquake|p2a: The Forest|[spread] p1b,p2a,p2b\n|-resisted|p1b: Decidueye\n|-supereffective|p2b: The Undergrowth\n|-damage|p1b: Decidueye|94\/100\n|-damage|p2a: The Forest|87\/100\n|-damage|p2b: The Undergrowth|73\/100\n|move|p1b: Decidueye|Dual Wingbeat|p2a: The Forest\n|-damage|p2a: The Forest|70\/100\n|-damage|p2a: The Forest|54\/100\n|-hitcount|p2a: The Forest|2\n|move|p2b: The Undergrowth|Fling|p1a: Altaria\n|-damage|p1a: Altaria|97\/100\n|-status|p1a: Altaria|par\n|-enditem|p2b: The Undergrowth|Light Ball|[from] move: Fling\n|move|p2a: The Forest|Trick Room|p2a: The Forest\n|-fieldstart|move: Trick Room|[of] p2a: The Forest\n|\n|-weather|none\n|-sideend|p1: McCraleb|move: Tailwind\n|upkeep\n|turn|11\n|inactive|Chroma_Prime has 120 seconds left.\n|\n|t:|1701211801\n|move|p2b: The Undergrowth|Protect|p2b: The Undergrowth\n|-singleturn|p2b: The Undergrowth|Protect\n|move|p2a: The Forest|Drain Punch|p1b: Decidueye\n|-damage|p1b: Decidueye|74\/100\n|-heal|p2a: The Forest|64\/100|[from] drain|[of] p1b: Decidueye\n|move|p1a: Altaria|Heal Bell|p1a: Altaria\n|-activate|p1a: Altaria|move: Heal Bell\n|-curestatus|p1a: Altaria|par|[msg]\n|move|p1b: Decidueye|Shadow Claw|p2a: The Forest\n|-supereffective|p2a: The Forest\n|-crit|p2a: The Forest\n|-damage|p2a: The Forest|0 fnt\n|faint|p2a: The Forest\n|\n|upkeep\n|turn|12\n|inactive|Chroma_Prime has 120 seconds left.\n|c|\u2606Chroma_Prime|shit talk me all you want\n|c|\u2606Chroma_Prime|it changes nothing\n|-message|Chroma_Prime forfeited.\n|\n|win|McCraleb\n|raw|McCraleb's rating: 1121 &rarr; <strong>1138<\/strong><br \/>(+17 for winning)\n|raw|Chroma_Prime's rating: 1000 &rarr; <strong>1000<\/strong><br \/>(+0 for losing)\n|l|\u2606Chroma_Prime\n","uploadtime":1701211856,"views":0,"p1id":"mccraleb","p2id":"chromaprime","formatid":"gen9nationaldexdoubles","rating":1000,"private":0,"password":""}