{"id":"gen9nationaldexdoubles-1951257225","p1":"taoe","p2":"Mrcrabe","format":"[Gen 9] National Dex Doubles","log":"|j|\u2606taoe\n|j|\u2606Mrcrabe\n|t:|1695565595\n|gametype|doubles\n|player|p1|taoe|lucas|1038\n|player|p2|Mrcrabe|hiker-gen4|1138\n|teamsize|p1|6\n|teamsize|p2|6\n|gen|9\n|tier|[Gen 9] National Dex Doubles\n|rated|\n|rule|HP Percentage Mod: HP is shown in percentages\n|rule|Endless Battle Clause: Forcing endless battles is banned\n|rule|OHKO Clause: OHKO moves are banned\n|rule|Evasion Moves Clause: Evasion moves are banned\n|rule|Evasion Abilities Clause: Evasion abilities are banned\n|rule|Species Clause: Limit one of each Pok\u00e9mon\n|rule|Gravity Sleep Clause: The combination of sleep-inducing moves with imperfect accuracy and Gravity or Gigantamax Orbeetle are banned\n|clearpoke\n|poke|p1|Ampharos, M|\n|poke|p1|Rampardos, M|\n|poke|p1|Galvantula, M|\n|poke|p1|Abomasnow, M|\n|poke|p1|Aurorus, F|\n|poke|p1|Jigglypuff, F|\n|poke|p2|Amoonguss, M|\n|poke|p2|Chien-Pao|\n|poke|p2|Dipplin, M|\n|poke|p2|Fezandipiti, M|\n|poke|p2|Clefable, F|\n|poke|p2|Empoleon, M|\n|teampreview\n|inactive|Battle timer is ON: inactive players will automatically lose when time's up. (requested by Mrcrabe)\n|j| Sound haha\n|inactive|Mrcrabe has 120 seconds left.\n|\n|t:|1695565630\n|start\n|switch|p1a: Jigglypuff|Jigglypuff, F, shiny|100\/100\n|switch|p1b: Galvantula|Galvantula, M, shiny|100\/100\n|switch|p2a: Amoonguss|Amoonguss, M|100\/100\n|switch|p2b: Empoleon|Empoleon, M|100\/100\n|turn|1\n|\n|t:|1695565643\n|move|p2a: Amoonguss|Rage Powder|p2a: Amoonguss\n|-singleturn|p2a: Amoonguss|move: Rage Powder\n|move|p1b: Galvantula|Sticky Web|p2a: Amoonguss\n|-sidestart|p2: Mrcrabe|move: Sticky Web\n|move|p2b: Empoleon|Rock Slide|p1a: Jigglypuff|[spread] p1a,p1b\n|-supereffective|p1b: Galvantula\n|-damage|p1a: Jigglypuff|81\/100\n|-damage|p1b: Galvantula|63\/100\n|move|p1a: Jigglypuff|Taunt|p2a: Amoonguss\n|-start|p2a: Amoonguss|move: Taunt\n|\n|upkeep\n|turn|2\n|\n|t:|1695565664\n|move|p1b: Galvantula|Thunderbolt|p2b: Empoleon\n|-supereffective|p2b: Empoleon\n|-damage|p2b: Empoleon|36\/100\n|move|p2b: Empoleon|Rock Slide|p1b: Galvantula|[spread] p1a,p1b\n|-supereffective|p1b: Galvantula\n|-damage|p1a: Jigglypuff|62\/100\n|-damage|p1b: Galvantula|24\/100\n|move|p2a: Amoonguss|Pollen Puff|p1a: Jigglypuff\n|-resisted|p1a: Jigglypuff\n|-damage|p1a: Jigglypuff|55\/100\n|cant|p1a: Jigglypuff|flinch\n|\n|upkeep\n|turn|3\n|\n|t:|1695565689\n|move|p2b: Empoleon|Aqua Jet|p1b: Galvantula\n|-damage|p1b: Galvantula|5\/100\n|move|p1b: Galvantula|Thunderbolt|p2b: Empoleon\n|-supereffective|p2b: Empoleon\n|-damage|p2b: Empoleon|0 fnt\n|faint|p2b: Empoleon\n|move|p2a: Amoonguss|Pollen Puff|p2: Empoleon|[notarget]\n|-fail|p2a: Amoonguss\n|move|p1a: Jigglypuff|Sing|p2a: Amoonguss|[miss]\n|-miss|p1a: Jigglypuff|p2a: Amoonguss\n|\n|upkeep\n|inactive|Mrcrabe has 120 seconds left.\n|\n|t:|1695565704\n|switch|p2b: Chien-Pao|Chien-Pao|100\/100\n|-ability|p2b: Chien-Pao|Sword of Ruin\n|turn|4\n|\n|t:|1695565726\n|move|p1a: Jigglypuff|Ally Switch|p1a: Jigglypuff\n|swap|p1a: Jigglypuff|1|[from] move: Ally Switch\n|move|p2b: Chien-Pao|Icicle Crash|p1b: Jigglypuff\n|-crit|p1b: Jigglypuff\n|-damage|p1b: Jigglypuff|0 fnt\n|faint|p1b: Jigglypuff\n|move|p1a: Galvantula|Bug Buzz|p2b: Chien-Pao\n|-supereffective|p2b: Chien-Pao\n|-damage|p2b: Chien-Pao|0 fnt\n|faint|p2b: Chien-Pao\n|move|p2a: Amoonguss|Pollen Puff|p2: Chien-Pao|[notarget]\n|-fail|p2a: Amoonguss\n|\n|-end|p2a: Amoonguss|move: Taunt\n|upkeep\n|\n|t:|1695565742\n|switch|p2b: Fezandipiti|Fezandipiti, M|100\/100\n|switch|p1b: Abomasnow|Abomasnow, M, shiny|100\/100\n|-weather|Snow|[from] ability: Snow Warning|[of] p1b: Abomasnow\n|turn|5\n|\n|t:|1695565763\n|move|p1a: Galvantula|Bug Buzz|p2a: Amoonguss\n|-damage|p2a: Amoonguss|64\/100\n|move|p2b: Fezandipiti|Poison Jab|p1b: Abomasnow\n|-supereffective|p1b: Abomasnow\n|-damage|p1b: Abomasnow|47\/100\n|move|p1b: Abomasnow|Aurora Veil|p1b: Abomasnow\n|-sidestart|p1: taoe|move: Aurora Veil\n|move|p2a: Amoonguss|Pollen Puff|p1a: Galvantula\n|-damage|p1a: Galvantula|0 fnt\n|faint|p1a: Galvantula\n|\n|-weather|Snow|[upkeep]\n|upkeep\n|\n|t:|1695565773\n|switch|p1a: Ampharos|Ampharos, M, shiny|100\/100\n|turn|6\n|\n|t:|1695565788\n|move|p2b: Fezandipiti|Poison Jab|p1b: Abomasnow\n|-supereffective|p1b: Abomasnow\n|-damage|p1b: Abomasnow|11\/100\n|move|p1b: Abomasnow|Blizzard|p2b: Fezandipiti|[spread] p2a,p2b\n|-supereffective|p2a: Amoonguss\n|-crit|p2b: Fezandipiti\n|-damage|p2a: Amoonguss|26\/100\n|-damage|p2b: Fezandipiti|73\/100\n|move|p1a: Ampharos|Volt Switch|p2b: Fezandipiti\n|-damage|p2b: Fezandipiti|45\/100\n|\n|t:|1695565802\n|switch|p1a: Aurorus|Aurorus, F, shiny|100\/100|[from] Volt Switch\n|move|p2a: Amoonguss|Spore|p1a: Aurorus\n|-status|p1a: Aurorus|slp|[from] move: Spore\n|\n|-weather|Snow|[upkeep]\n|upkeep\n|turn|7\n|\n|t:|1695565818\n|move|p2b: Fezandipiti|Poison Jab|p1b: Abomasnow\n|-supereffective|p1b: Abomasnow\n|-damage|p1b: Abomasnow|0 fnt\n|faint|p1b: Abomasnow\n|cant|p1a: Aurorus|slp\n|move|p2a: Amoonguss|Pollen Puff|p2b: Fezandipiti\n|-heal|p2b: Fezandipiti|95\/100\n|\n|-weather|Snow|[upkeep]\n|upkeep\n|\n|t:|1695565826\n|switch|p1b: Ampharos|Ampharos, M, shiny|100\/100\n|turn|8\n|\n|t:|1695565841\n|move|p2a: Amoonguss|Rage Powder|p2a: Amoonguss\n|-singleturn|p2a: Amoonguss|move: Rage Powder\n|move|p2b: Fezandipiti|Play Rough|p1a: Aurorus\n|-damage|p1a: Aurorus|82\/100 slp\n|cant|p1a: Aurorus|slp\n|move|p1b: Ampharos|Volt Switch|p2a: Amoonguss\n|-resisted|p2a: Amoonguss\n|-damage|p2a: Amoonguss|13\/100\n|\n|t:|1695565850\n|switch|p1b: Rampardos|Rampardos, M, shiny|100\/100|[from] Volt Switch\n|\n|-weather|Snow|[upkeep]\n|-heal|p1a: Aurorus|88\/100 slp|[from] item: Leftovers\n|upkeep\n|turn|9\n|\n|t:|1695565875\n|move|p1b: Rampardos|Stone Edge|p2a: Amoonguss\n|-damage|p2a: Amoonguss|0 fnt\n|faint|p2a: Amoonguss\n|move|p2b: Fezandipiti|Play Rough|p1a: Aurorus\n|-damage|p1a: Aurorus|69\/100 slp\n|cant|p1a: Aurorus|slp\n|\n|-weather|Snow|[upkeep]\n|-heal|p1a: Aurorus|75\/100 slp|[from] item: Leftovers\n|-sideend|p1: taoe|move: Aurora Veil\n|upkeep\n|inactive|Mrcrabe has 120 seconds left.\n|\n|t:|1695565888\n|switch|p2a: Dipplin|Dipplin, M|100\/100\n|-activate|p2a: Dipplin|move: Sticky Web\n|-unboost|p2a: Dipplin|spe|1\n|turn|10\n|\n|t:|1695565906\n|move|p1b: Rampardos|Stone Edge|p2b: Fezandipiti\n|-crit|p2b: Fezandipiti\n|-damage|p2b: Fezandipiti|0 fnt\n|faint|p2b: Fezandipiti\n|-curestatus|p1a: Aurorus|slp|[msg]\n|move|p1a: Aurorus|Hyper Voice|p2a: Dipplin\n|-supereffective|p2a: Dipplin\n|-damage|p2a: Dipplin|0 fnt\n|faint|p2a: Dipplin\n|\n|-weather|Snow|[upkeep]\n|-heal|p1a: Aurorus|82\/100|[from] item: Leftovers\n|upkeep\n|-message|Mrcrabe forfeited.\n|\n|win|taoe\n|raw|taoe's rating: 1038 &rarr; <strong>1082<\/strong><br \/>(+44 for winning)\n|raw|Mrcrabe's rating: 1138 &rarr; <strong>1106<\/strong><br \/>(-32 for losing)\n|l|\u2606Mrcrabe\n","uploadtime":1695565921,"views":11,"p1id":"taoe","p2id":"mrcrabe","formatid":"gen9nationaldexdoubles","rating":1082,"private":0,"password":""}