{"id":"gen9nationaldexdoubles-1993177337","p1":"El Ryuk456","p2":"joaovictro","format":"[Gen 9] National Dex Doubles","log":"|j|\u2606El Ryuk456\n|j|\u2606joaovictro\n|t:|1700274243\n|gametype|doubles\n|player|p1|El Ryuk456|ingo|1346\n|player|p2|joaovictro|mira|1291\n|teamsize|p1|6\n|teamsize|p2|6\n|gen|9\n|tier|[Gen 9] National Dex Doubles\n|rated|\n|rule|HP Percentage Mod: HP is shown in percentages\n|rule|Endless Battle Clause: Forcing endless battles is banned\n|rule|OHKO Clause: OHKO moves are banned\n|rule|Evasion Moves Clause: Evasion moves are banned\n|rule|Evasion Abilities Clause: Evasion abilities are banned\n|rule|Species Clause: Limit one of each Pok\u00e9mon\n|rule|Gravity Sleep Clause: The combination of sleep-inducing moves with imperfect accuracy and Gravity or Gigantamax Orbeetle are banned\n|clearpoke\n|poke|p1|Corviknight, M|\n|poke|p1|Murkrow, M|\n|poke|p1|Kartana|\n|poke|p1|Absol, M|\n|poke|p1|Magmortar, M|\n|poke|p1|Espeon, F|\n|poke|p2|Clefairy, F|\n|poke|p2|Jirachi|\n|poke|p2|Blacephalon|\n|poke|p2|Noivern, M|\n|poke|p2|Rabsca, M|\n|poke|p2|Staraptor, M|\n|teampreview\n|\n|t:|1700274276\n|start\n|switch|p1a: Murkrow|Murkrow, M|100\/100\n|switch|p1b: Corviknight|Corviknight, M|100\/100\n|switch|p2a: Noivern|Noivern, M|100\/100\n|switch|p2b: Blacephalon|Blacephalon|100\/100\n|turn|1\n|\n|t:|1700274287\n|move|p1a: Murkrow|Tailwind|p1a: Murkrow\n|-sidestart|p1: El Ryuk456|move: Tailwind\n|move|p2b: Blacephalon|Mind Blown|p1a: Murkrow|[spread] p1a,p1b\n|-activate|p2a: Noivern|ability: Telepathy\n|-supereffective|p1b: Corviknight\n|-crit|p1b: Corviknight\n|-damage|p1a: Murkrow|29\/100\n|-damage|p1b: Corviknight|0 fnt\n|-damage|p2b: Blacephalon|50\/100|[from] mindblown\n|faint|p1b: Corviknight\n|-ability|p2b: Blacephalon|Beast Boost|boost\n|-boost|p2b: Blacephalon|spa|1\n|move|p2a: Noivern|Boomburst|p1a: Murkrow|[spread] p1a\n|-immune|p2b: Blacephalon\n|-damage|p1a: Murkrow|0 fnt\n|faint|p1a: Murkrow\n|\n|upkeep\n|\n|t:|1700274310\n|switch|p1a: Absol|Absol, M|100\/100\n|switch|p1b: Magmortar|Magmortar, M|100\/100\n|-ability|p1a: Absol|Pressure\n|turn|2\n|\n|t:|1700274330\n|switch|p2b: Clefairy|Clefairy, F|100\/100\n|detailschange|p1a: Absol|Absol-Mega, M\n|-mega|p1a: Absol|Absol|Absolite\n|move|p1a: Absol|Ice Beam|p2a: Noivern\n|-supereffective|p2a: Noivern\n|-damage|p2a: Noivern|0 fnt\n|faint|p2a: Noivern\n|move|p1b: Magmortar|Scorching Sands|p2b: Clefairy\n|-damage|p2b: Clefairy|84\/100\n|\n|upkeep\n|inactive|Battle timer is ON: inactive players will automatically lose when time's up. (requested by El Ryuk456)\n|\n|t:|1700274341\n|switch|p2a: Rabsca|Rabsca, M|100\/100\n|turn|3\n|\n|t:|1700274351\n|switch|p1a: Kartana|Kartana, shiny|100\/100\n|move|p2b: Clefairy|Follow Me|p2b: Clefairy\n|-singleturn|p2b: Clefairy|move: Follow Me\n|move|p1b: Magmortar|Heat Wave|p2a: Rabsca|[spread] p2a,p2b\n|-supereffective|p2a: Rabsca\n|-damage|p2a: Rabsca|41\/100\n|-damage|p2b: Clefairy|57\/100\n|move|p2a: Rabsca|Trick Room|p2a: Rabsca\n|-fieldstart|move: Trick Room|[of] p2a: Rabsca\n|\n|upkeep\n|turn|4\n|\n|t:|1700274369\n|switch|p2a: Jirachi|Jirachi|100\/100\n|move|p1b: Magmortar|Follow Me|p1b: Magmortar\n|-singleturn|p1b: Magmortar|move: Follow Me\n|move|p2b: Clefairy|Skill Swap|p1b: Magmortar\n|-activate|p2b: Clefairy|move: Skill Swap|Vital Spirit|Magic Guard|[of] p1b: Magmortar\n|move|p1a: Kartana|Leaf Blade|p2b: Clefairy\n|-damage|p2b: Clefairy|11\/100\n|\n|-sideend|p1: El Ryuk456|move: Tailwind\n|upkeep\n|turn|5\n|\n|t:|1700274391\n|move|p2b: Clefairy|Helping Hand|p2a: Jirachi\n|-singleturn|p2a: Jirachi|Helping Hand|[of] p2b: Clefairy\n|move|p1b: Magmortar|Follow Me|p1b: Magmortar\n|-singleturn|p1b: Magmortar|move: Follow Me\n|move|p2a: Jirachi|Steel Beam|p1b: Magmortar\n|-resisted|p1b: Magmortar\n|-damage|p1b: Magmortar|32\/100\n|-damage|p2a: Jirachi|50\/100|[from] steelbeam\n|-damage|p2a: Jirachi|41\/100|[from] item: Life Orb\n|move|p1a: Kartana|Leaf Blade|p2b: Clefairy\n|-damage|p2b: Clefairy|0 fnt\n|faint|p2b: Clefairy\n|-ability|p1a: Kartana|Beast Boost|boost\n|-boost|p1a: Kartana|atk|1\n|\n|upkeep\n|inactive|joaovictro has 120 seconds left.\n|\n|t:|1700274409\n|switch|p2b: Rabsca|Rabsca, M|41\/100\n|turn|6\n|\n|t:|1700274421\n|move|p1b: Magmortar|Protect|p1b: Magmortar\n|-singleturn|p1b: Magmortar|Protect\n|move|p1a: Kartana|Protect|p1a: Kartana\n|-singleturn|p1a: Kartana|Protect\n|move|p2b: Rabsca|Revival Blessing|p2b: Rabsca\n|-enditem|p2b: Rabsca|Leppa Berry|[eat]\n|-activate|p2b: Rabsca|item: Leppa Berry|Revival Blessing|[consumed]\n|\n|t:|1700274429\n|-heal|p2: Clefairy|50\/100|[from] move: Revival Blessing\n|move|p2a: Jirachi|Steel Beam|p1b: Magmortar\n|-activate|p1b: Magmortar|move: Protect\n|-damage|p2a: Jirachi|0 fnt|[from] steelbeam\n|faint|p2a: Jirachi\n|\n|upkeep\n|\n|t:|1700274443\n|switch|p2a: Staraptor|Staraptor, M|100\/100\n|-ability|p2a: Staraptor|Intimidate|boost\n|-unboost|p1a: Kartana|atk|1\n|-unboost|p1b: Magmortar|atk|1\n|turn|7\n|\n|t:|1700274455\n|move|p2a: Staraptor|Protect|p2a: Staraptor\n|-singleturn|p2a: Staraptor|Protect\n|move|p1b: Magmortar|Follow Me|p1b: Magmortar\n|-singleturn|p1b: Magmortar|move: Follow Me\n|move|p2b: Rabsca|Bug Buzz|p1b: Magmortar\n|-resisted|p1b: Magmortar\n|-damage|p1b: Magmortar|14\/100\n|-enditem|p1b: Magmortar|Figy Berry|[eat]\n|-heal|p1b: Magmortar|47\/100|[from] item: Figy Berry\n|-start|p1b: Magmortar|confusion\n|move|p1a: Kartana|Tailwind|p1a: Kartana\n|-sidestart|p1: El Ryuk456|move: Tailwind\n|\n|-fieldend|move: Trick Room\n|upkeep\n|turn|8\n|\n|t:|1700274474\n|-activate|p1b: Magmortar|confusion\n|move|p1b: Magmortar|Follow Me|p1b: Magmortar\n|-singleturn|p1b: Magmortar|move: Follow Me\n|-zpower|p1a: Kartana\n|move|p1a: Kartana|All-Out Pummeling|p2a: Staraptor|[zeffect]\n|-damage|p2a: Staraptor|0 fnt\n|faint|p2a: Staraptor\n|-ability|p1a: Kartana|Beast Boost|boost\n|-boost|p1a: Kartana|atk|1\n|move|p2b: Rabsca|Trick Room|p2b: Rabsca\n|-fieldstart|move: Trick Room|[of] p2b: Rabsca\n|\n|upkeep\n|\n|t:|1700274486\n|switch|p2a: Blacephalon|Blacephalon|50\/100\n|turn|9\n|\n|t:|1700274495\n|move|p1a: Kartana|Protect|p1a: Kartana\n|-singleturn|p1a: Kartana|Protect\n|move|p2b: Rabsca|Revival Blessing|p2b: Rabsca\n|\n|t:|1700274501\n|-heal|p2: Staraptor|50\/100|[from] move: Revival Blessing\n|-activate|p1b: Magmortar|confusion\n|-damage|p1b: Magmortar|42\/100|[from] confusion\n|move|p2a: Blacephalon|Heat Wave|p1a: Kartana|[spread] p1b\n|-activate|p1a: Kartana|move: Protect\n|-resisted|p1b: Magmortar\n|-damage|p1b: Magmortar|16\/100\n|\n|upkeep\n|turn|10\n|\n|t:|1700274513\n|switch|p2a: Staraptor|Staraptor, M|50\/100\n|-ability|p2a: Staraptor|Intimidate|boost\n|-unboost|p1a: Kartana|atk|1\n|-unboost|p1b: Magmortar|atk|1\n|switch|p1a: Espeon|Espeon, F|100\/100\n|move|p2b: Rabsca|Bug Buzz|p1b: Magmortar\n|-resisted|p1b: Magmortar\n|-damage|p1b: Magmortar|0 fnt\n|faint|p1b: Magmortar\n|\n|-sideend|p1: El Ryuk456|move: Tailwind\n|upkeep\n|\n|t:|1700274525\n|switch|p1b: Kartana|Kartana, shiny|100\/100\n|turn|11\n|\n|t:|1700274533\n|move|p1b: Kartana|Protect|p1b: Kartana\n|-singleturn|p1b: Kartana|Protect\n|move|p2b: Rabsca|Bug Buzz|p1b: Kartana\n|-activate|p1b: Kartana|move: Protect\n|move|p1a: Espeon|Psyshock|p2a: Staraptor\n|-damage|p2a: Staraptor|0 fnt\n|faint|p2a: Staraptor\n|\n|upkeep\n|\n|t:|1700274542\n|switch|p2a: Clefairy|Clefairy, F|50\/100\n|turn|12\n|\n|t:|1700274550\n|move|p2a: Clefairy|Follow Me|p2a: Clefairy\n|-singleturn|p2a: Clefairy|move: Follow Me\n|move|p2b: Rabsca|Bug Buzz|p1b: Kartana\n|-damage|p1b: Kartana|32\/100\n|move|p1a: Espeon|Imprison|p1a: Espeon\n|-start|p1a: Espeon|move: Imprison\n|move|p1b: Kartana|Tailwind|p1b: Kartana\n|-sidestart|p1: El Ryuk456|move: Tailwind\n|\n|-fieldend|move: Trick Room\n|upkeep\n|turn|13\n|\n|t:|1700274570\n|-terastallize|p1a: Espeon|Psychic\n|move|p2a: Clefairy|Follow Me|p2a: Clefairy\n|-singleturn|p2a: Clefairy|move: Follow Me\n|move|p1b: Kartana|Leaf Blade|p2a: Clefairy\n|-crit|p2a: Clefairy\n|-damage|p2a: Clefairy|0 fnt\n|faint|p2a: Clefairy\n|-ability|p1b: Kartana|Beast Boost|boost\n|-boost|p1b: Kartana|atk|1\n|move|p1a: Espeon|Psyshock|p2b: Rabsca\n|-resisted|p2b: Rabsca\n|-damage|p2b: Rabsca|17\/100\n|move|p2b: Rabsca|Bug Buzz|p1b: Kartana\n|-damage|p1b: Kartana|0 fnt\n|faint|p1b: Kartana\n|\n|upkeep\n|\n|t:|1700274584\n|switch|p1b: Absol|Absol-Mega, M|100\/100\n|switch|p2a: Blacephalon|Blacephalon|50\/100\n|turn|14\n|\n|t:|1700274592\n|move|p1b: Absol|Dark Pulse|p2a: Blacephalon\n|-supereffective|p2a: Blacephalon\n|-damage|p2a: Blacephalon|0 fnt\n|faint|p2a: Blacephalon\n|move|p1a: Espeon|Dazzling Gleam|p2b: Rabsca\n|-damage|p2b: Rabsca|0 fnt\n|faint|p2b: Rabsca\n|\n|win|El Ryuk456\n|raw|El Ryuk456's rating: 1346 &rarr; <strong>1363<\/strong><br \/>(+17 for winning)\n|raw|joaovictro's rating: 1291 &rarr; <strong>1270<\/strong><br \/>(-21 for losing)\n|l|\u2606joaovictro\n","uploadtime":1700274598,"views":11,"p1id":"elryuk456","p2id":"joaovictro","formatid":"gen9nationaldexdoubles","rating":1270,"private":0,"password":""}