{"id":"gen9nationaldexdoubles-1957005260","p1":"water10122246","p2":"pokeedro","format":"[Gen 9] National Dex Doubles","log":"|j|\u2606water10122246\n|j|\u2606pokeedro\n|t:|1696178027\n|gametype|doubles\n|player|p1|water10122246|101|1271\n|player|p2|pokeedro|cilan|1248\n|teamsize|p1|6\n|teamsize|p2|6\n|gen|9\n|tier|[Gen 9] National Dex Doubles\n|rated|\n|rule|HP Percentage Mod: HP is shown in percentages\n|rule|Endless Battle Clause: Forcing endless battles is banned\n|rule|OHKO Clause: OHKO moves are banned\n|rule|Evasion Moves Clause: Evasion moves are banned\n|rule|Evasion Abilities Clause: Evasion abilities are banned\n|rule|Species Clause: Limit one of each Pok\u00e9mon\n|rule|Gravity Sleep Clause: The combination of sleep-inducing moves with imperfect accuracy and Gravity or Gigantamax Orbeetle are banned\n|clearpoke\n|poke|p1|Incineroar, M|\n|poke|p1|Iron Hands|\n|poke|p1|Smeargle, M|\n|poke|p1|Urshifu-*, F|\n|poke|p1|Chien-Pao|\n|poke|p1|Whimsicott, F|\n|poke|p2|Weavile, F|\n|poke|p2|Houndstone, F|\n|poke|p2|Shiinotic, F|\n|poke|p2|Persian-Alola, F|\n|poke|p2|Golisopod, F|\n|poke|p2|Mudsdale, M|\n|teampreview\n|\n|t:|1696178041\n|start\n|switch|p1a: Whimsicott|Whimsicott, F, shiny|100\/100\n|switch|p1b: Smeargle|Smeargle, M|100\/100\n|switch|p2a: Persian|Persian-Alola, F, shiny|100\/100\n|switch|p2b: Shiinotic|Shiinotic, F, shiny|100\/100\n|turn|1\n|\n|t:|1696178065\n|move|p2a: Persian|Fake Out|p1a: Whimsicott\n|-damage|p1a: Whimsicott|93\/100\n|move|p1b: Smeargle|Fake Out|p2a: Persian\n|-damage|p2a: Persian|96\/100\n|move|p1a: Whimsicott|Taunt|p2b: Shiinotic\n|-start|p2b: Shiinotic|move: Taunt\n|cant|p2b: Shiinotic|move: Taunt|Leech Seed\n|\n|-ability|p1b: Smeargle|Moody|boost\n|-boost|p1b: Smeargle|spe|2\n|-unboost|p1b: Smeargle|def|1\n|upkeep\n|turn|2\n|\n|t:|1696178085\n|move|p1a: Whimsicott|Charm|p2a: Persian\n|-hint|Since gen 7, Dark is immune to Prankster moves.\n|-immune|p2a: Persian\n|move|p1b: Smeargle|Spore|p2a: Persian\n|-activate|p2a: Persian|item: Safety Goggles|Spore\n|move|p2a: Persian|Power Gem|p1a: Whimsicott\n|-damage|p1a: Whimsicott|63\/100\n|move|p2b: Shiinotic|Moonblast|p1b: Smeargle\n|-damage|p1b: Smeargle|40\/100\n|\n|-ability|p1b: Smeargle|Moody|boost\n|-boost|p1b: Smeargle|spe|2\n|-unboost|p1b: Smeargle|atk|1\n|upkeep\n|turn|3\n|\n|t:|1696178107\n|move|p1a: Whimsicott|Tailwind|p1a: Whimsicott\n|-sidestart|p1: water10122246|move: Tailwind\n|move|p1b: Smeargle|Ruination|p2a: Persian\n|-damage|p2a: Persian|48\/100\n|move|p2a: Persian|Power Gem|p1a: Whimsicott\n|-damage|p1a: Whimsicott|37\/100\n|move|p2b: Shiinotic|Moonblast|p1b: Smeargle\n|-damage|p1b: Smeargle|0 fnt\n|faint|p1b: Smeargle\n|\n|-end|p2b: Shiinotic|move: Taunt\n|upkeep\n|\n|t:|1696178130\n|switch|p1b: Chien-Pao|Chien-Pao|100\/100\n|-ability|p1b: Chien-Pao|Sword of Ruin\n|turn|4\n|\n|t:|1696178140\n|move|p1a: Whimsicott|Taunt|p2b: Shiinotic\n|-start|p2b: Shiinotic|move: Taunt\n|move|p1b: Chien-Pao|Ice Spinner|p2b: Shiinotic\n|-supereffective|p2b: Shiinotic\n|-damage|p2b: Shiinotic|0 fnt\n|-status|p1b: Chien-Pao|par|[from] ability: Effect Spore|[of] p2b: Shiinotic\n|faint|p2b: Shiinotic\n|move|p2a: Persian|Power Gem|p1b: Chien-Pao\n|-supereffective|p1b: Chien-Pao\n|-damage|p1b: Chien-Pao|43\/100 par\n|\n|upkeep\n|\n|t:|1696178152\n|switch|p2b: Golisopod|Golisopod, F, shiny|100\/100\n|turn|5\n|\n|t:|1696178160\n|move|p2b: Golisopod|First Impression|p1a: Whimsicott\n|-damage|p1a: Whimsicott|0 fnt\n|faint|p1a: Whimsicott\n|move|p1b: Chien-Pao|Ice Shard|p2a: Persian\n|-crit|p2a: Persian\n|-damage|p2a: Persian|13\/100\n|move|p2a: Persian|Power Gem|p1b: Chien-Pao\n|-supereffective|p1b: Chien-Pao\n|-damage|p1b: Chien-Pao|0 fnt\n|faint|p1b: Chien-Pao\n|\n|upkeep\n|\n|t:|1696178171\n|switch|p1b: Iron Hands|Iron Hands|100\/100\n|switch|p1a: Incineroar|Incineroar, M|100\/100\n|-ability|p1a: Incineroar|Intimidate|boost\n|-unboost|p2a: Persian|atk|1\n|-unboost|p2b: Golisopod|atk|1\n|turn|6\n|\n|t:|1696178183\n|move|p1a: Incineroar|Fake Out|p2a: Persian\n|-damage|p2a: Persian|1\/100\n|cant|p2a: Persian|flinch\n|move|p1b: Iron Hands|Wild Charge|p2b: Golisopod\n|-supereffective|p2b: Golisopod\n|-damage|p2b: Golisopod|34\/100\n|-damage|p1b: Iron Hands|89\/100|[from] Recoil\n|-activate|p2b: Golisopod|ability: Emergency Exit\n|\n|t:|1696178193\n|switch|p2b: Mudsdale|Mudsdale, M, shiny|100\/100\n|\n|-sideend|p1: water10122246|move: Tailwind\n|upkeep\n|turn|7\n|\n|t:|1696178223\n|move|p2a: Persian|Parting Shot|p1b: Iron Hands\n|-unboost|p1b: Iron Hands|atk|1\n|-unboost|p1b: Iron Hands|spa|1\n|\n|t:|1696178228\n|switch|p2a: Golisopod|Golisopod, F, shiny|34\/100|[from] Parting Shot\n|move|p1a: Incineroar|Parting Shot|p2b: Mudsdale\n|-unboost|p2b: Mudsdale|atk|1\n|-unboost|p2b: Mudsdale|spa|1\n|\n|t:|1696178234\n|switch|p1a: Urshifu|Urshifu-Rapid-Strike, F|100\/100|[from] Parting Shot\n|move|p1b: Iron Hands|Drain Punch|p2a: Golisopod\n|-resisted|p2a: Golisopod\n|-damage|p2a: Golisopod|24\/100\n|-heal|p1b: Iron Hands|92\/100|[from] drain|[of] p2a: Golisopod\n|move|p2b: Mudsdale|High Horsepower|p1a: Urshifu\n|-damage|p1a: Urshifu|68\/100\n|\n|upkeep\n|turn|8\n|\n|t:|1696178259\n|move|p2a: Golisopod|First Impression|p1a: Urshifu\n|-resisted|p1a: Urshifu\n|-damage|p1a: Urshifu|36\/100\n|move|p1a: Urshifu|Surging Strikes|p2b: Mudsdale\n|-supereffective|p2b: Mudsdale\n|-crit|p2b: Mudsdale\n|-damage|p2b: Mudsdale|62\/100\n|-ability|p2b: Mudsdale|Stamina|boost\n|-boost|p2b: Mudsdale|def|1\n|-supereffective|p2b: Mudsdale\n|-crit|p2b: Mudsdale\n|-damage|p2b: Mudsdale|25\/100\n|-ability|p2b: Mudsdale|Stamina|boost\n|-boost|p2b: Mudsdale|def|1\n|-supereffective|p2b: Mudsdale\n|-crit|p2b: Mudsdale\n|-damage|p2b: Mudsdale|0 fnt\n|faint|p2b: Mudsdale\n|-hitcount|p2: Mudsdale|3\n|move|p1b: Iron Hands|Wild Charge|p2a: Golisopod\n|-supereffective|p2a: Golisopod\n|-damage|p2a: Golisopod|0 fnt\n|faint|p2a: Golisopod\n|-damage|p1b: Iron Hands|88\/100|[from] Recoil\n|\n|upkeep\n|\n|t:|1696178280\n|switch|p2a: Persian|Persian-Alola, F, shiny|1\/100\n|switch|p2b: Weavile|Weavile, F|100\/100\n|-ability|p2b: Weavile|Pressure\n|turn|9\n|\n|t:|1696178294\n|switch|p1a: Incineroar|Incineroar, M|100\/100\n|-ability|p1a: Incineroar|Intimidate|boost\n|-unboost|p2a: Persian|atk|1\n|-unboost|p2b: Weavile|atk|1\n|move|p2a: Persian|Fake Out|p1b: Iron Hands\n|-damage|p1b: Iron Hands|86\/100\n|move|p2b: Weavile|Foul Play|p1a: Incineroar\n|-resisted|p1a: Incineroar\n|-damage|p1a: Incineroar|79\/100\n|cant|p1b: Iron Hands|flinch\n|\n|upkeep\n|turn|10\n|\n|t:|1696178311\n|move|p1a: Incineroar|Fake Out|p2a: Persian\n|-damage|p2a: Persian|0 fnt\n|faint|p2a: Persian\n|move|p2b: Weavile|Low Kick|p1a: Incineroar\n|-supereffective|p1a: Incineroar\n|-damage|p1a: Incineroar|47\/100\n|-enditem|p1a: Incineroar|Sitrus Berry|[eat]\n|-heal|p1a: Incineroar|72\/100|[from] item: Sitrus Berry\n|move|p1b: Iron Hands|Drain Punch|p2b: Weavile\n|-supereffective|p2b: Weavile\n|-enditem|p2b: Weavile|Focus Sash\n|-damage|p2b: Weavile|1\/100\n|-heal|p1b: Iron Hands|100\/100|[from] drain|[of] p2b: Weavile\n|\n|upkeep\n|\n|t:|1696178325\n|switch|p2a: Houndstone|Houndstone, F, shiny|100\/100\n|turn|11\n|\n|t:|1696178335\n|move|p2b: Weavile|Triple Axel|p1a: Incineroar\n|-resisted|p1a: Incineroar\n|-damage|p1a: Incineroar|69\/100\n|-resisted|p1a: Incineroar\n|-damage|p1a: Incineroar|63\/100\n|-resisted|p1a: Incineroar\n|-damage|p1a: Incineroar|55\/100\n|-hitcount|p1a: Incineroar|3\n|move|p2a: Houndstone|Last Respects|p1b: Iron Hands\n|-damage|p1b: Iron Hands|27\/100\n|move|p1a: Incineroar|Flare Blitz|p2a: Houndstone\n|-damage|p2a: Houndstone|45\/100\n|-status|p2a: Houndstone|brn\n|-damage|p1a: Incineroar|39\/100|[from] Recoil\n|move|p1b: Iron Hands|Wild Charge|p2a: Houndstone\n|-damage|p2a: Houndstone|15\/100 brn\n|-damage|p1b: Iron Hands|21\/100|[from] Recoil\n|\n|-heal|p2a: Houndstone|21\/100 brn|[from] item: Leftovers\n|-damage|p2a: Houndstone|15\/100 brn|[from] brn\n|upkeep\n|turn|12\n|\n|t:|1696178361\n|move|p2b: Weavile|Low Kick|p1a: Incineroar\n|-supereffective|p1a: Incineroar\n|-damage|p1a: Incineroar|8\/100\n|move|p2a: Houndstone|Rest|p2a: Houndstone\n|-status|p2a: Houndstone|slp|[from] move: Rest\n|-heal|p2a: Houndstone|100\/100 slp|[silent]\n|move|p1a: Incineroar|Snarl|p2b: Weavile|[spread] p2a,p2b\n|-supereffective|p2a: Houndstone\n|-resisted|p2b: Weavile\n|-damage|p2a: Houndstone|76\/100 slp\n|-damage|p2b: Weavile|0 fnt\n|-unboost|p2a: Houndstone|spa|1\n|faint|p2b: Weavile\n|move|p1b: Iron Hands|Wild Charge|p2a: Houndstone\n|-damage|p2a: Houndstone|42\/100 slp\n|-damage|p1b: Iron Hands|15\/100|[from] Recoil\n|\n|-heal|p2a: Houndstone|48\/100 slp|[from] item: Leftovers\n|upkeep\n|turn|13\n|inactive|Battle timer is ON: inactive players will automatically lose when time's up. (requested by pokeedro)\n|\n|t:|1696178380\n|-terastallize|p2a: Houndstone|Water\n|cant|p2a: Houndstone|slp\n|move|p2a: Houndstone|Sleep Talk|p2a: Houndstone\n|move|p2a: Houndstone|Rest||[from]move: Sleep Talk|[still]\n|-fail|p2a: Houndstone\n|move|p1a: Incineroar|Flare Blitz|p2a: Houndstone\n|-resisted|p2a: Houndstone\n|-damage|p2a: Houndstone|18\/100 slp\n|-damage|p1a: Incineroar|0 fnt|[from] Recoil\n|faint|p1a: Incineroar\n|move|p1b: Iron Hands|Wild Charge|p2a: Houndstone\n|-supereffective|p2a: Houndstone\n|-damage|p2a: Houndstone|0 fnt\n|faint|p2a: Houndstone\n|-damage|p1b: Iron Hands|12\/100|[from] Recoil\n|\n|win|water10122246\n|raw|water10122246's rating: 1271 &rarr; <strong>1294<\/strong><br \/>(+23 for winning)\n|raw|pokeedro's rating: 1248 &rarr; <strong>1225<\/strong><br \/>(-23 for losing)\n|c|\u2606water10122246|Gg\n","uploadtime":1696178406,"views":9,"p1id":"water10122246","p2id":"pokeedro","formatid":"gen9nationaldexdoubles","rating":1225,"private":0,"password":""}