{"id":"gen9nationaldexdoubles-1986499792","p1":"Iceandgold","p2":"The OG Trainer Red","format":"[Gen 9] National Dex Doubles","log":"|j|\u2606Iceandgold\n|j|\u2606The OG Trainer Red\n|t:|1699485338\n|gametype|doubles\n|player|p1|Iceandgold|swimmerf-gen4dp|1133\n|player|p2|The OG Trainer Red|fisherman-gen4|1369\n|teamsize|p1|6\n|teamsize|p2|6\n|gen|9\n|tier|[Gen 9] National Dex Doubles\n|rated|\n|rule|HP Percentage Mod: HP is shown in percentages\n|rule|Endless Battle Clause: Forcing endless battles is banned\n|rule|OHKO Clause: OHKO moves are banned\n|rule|Evasion Moves Clause: Evasion moves are banned\n|rule|Evasion Abilities Clause: Evasion abilities are banned\n|rule|Species Clause: Limit one of each Pok\u00e9mon\n|rule|Gravity Sleep Clause: The combination of sleep-inducing moves with imperfect accuracy and Gravity or Gigantamax Orbeetle are banned\n|clearpoke\n|poke|p1|Dragonite, F|\n|poke|p1|Ambipom, M|\n|poke|p1|Chandelure, M|\n|poke|p1|Sceptile, M|\n|poke|p1|Iron Valiant|\n|poke|p1|Empoleon, F|\n|poke|p2|Ninetales, F|\n|poke|p2|Leafeon, F|\n|poke|p2|Espeon, F|\n|poke|p2|Indeedee-F, F|\n|poke|p2|Vaporeon, F|\n|poke|p2|Pelipper, F|\n|teampreview\n|inactive|Battle timer is ON: inactive players will automatically lose when time's up. (requested by Iceandgold)\n|inactive|The OG Trainer Red has 120 seconds left.\n|\n|t:|1699485378\n|start\n|switch|p1a: Chandelure|Chandelure, M|100\/100\n|switch|p1b: Empoleon|Empoleon, F|100\/100\n|switch|p2a: Espeon|Espeon, F|100\/100\n|switch|p2b: Indeedee|Indeedee-F, F|100\/100\n|-fieldstart|move: Psychic Terrain|[from] ability: Psychic Surge|[of] p2b: Indeedee\n|turn|1\n|\n|t:|1699485394\n|move|p2a: Espeon|Expanding Force|p1a: Chandelure|[spread] p1a,p1b\n|-resisted|p1b: Empoleon\n|-damage|p1a: Chandelure|8\/100\n|-damage|p1b: Empoleon|69\/100\n|move|p1a: Chandelure|Night Shade|p2a: Espeon\n|-damage|p2a: Espeon|64\/100\n|move|p1b: Empoleon|Agility|p1b: Empoleon\n|-boost|p1b: Empoleon|spe|2\n|move|p2b: Indeedee|Expanding Force|p1a: Chandelure|[spread] p1a,p1b\n|-resisted|p1b: Empoleon\n|-damage|p1a: Chandelure|0 fnt\n|-damage|p1b: Empoleon|43\/100\n|faint|p1a: Chandelure\n|\n|upkeep\n|\n|t:|1699485412\n|switch|p1a: Ambipom|Ambipom, M|100\/100\n|turn|2\n|\n|t:|1699485436\n|move|p1a: Ambipom|Fake Out|p2b: Indeedee\n|-activate|p2b: Indeedee|move: Psychic Terrain\n|move|p1b: Empoleon|Scald|p2a: Espeon\n|-damage|p2a: Espeon|0 fnt\n|faint|p2a: Espeon\n|move|p2b: Indeedee|Expanding Force|p1a: Ambipom|[spread] p1a,p1b\n|-resisted|p1b: Empoleon\n|-damage|p1a: Ambipom|14\/100\n|-damage|p1b: Empoleon|17\/100\n|-enditem|p1a: Ambipom|Aguav Berry|[eat]\n|-heal|p1a: Ambipom|47\/100|[from] item: Aguav Berry\n|\n|upkeep\n|\n|t:|1699485446\n|switch|p2a: Pelipper|Pelipper, F|100\/100\n|-weather|RainDance|[from] ability: Drizzle|[of] p2a: Pelipper\n|turn|3\n|\n|t:|1699485458\n|switch|p2b: Vaporeon|Vaporeon, F|100\/100\n|move|p1b: Empoleon|Ice Beam|p2a: Pelipper\n|-damage|p2a: Pelipper|47\/100\n|move|p1a: Ambipom|U-turn|p2b: Vaporeon\n|-damage|p2b: Vaporeon|79\/100\n|\n|t:|1699485466\n|switch|p1a: Dragonite|Dragonite, F|100\/100|[from] U-turn\n|move|p2a: Pelipper|Surf|p1b: Empoleon|[spread] p1a,p1b\n|-heal|p2b: Vaporeon|100\/100|[from] ability: Water Absorb|[of] p2a: Pelipper\n|-resisted|p1a: Dragonite\n|-resisted|p1b: Empoleon\n|-damage|p1a: Dragonite|91\/100\n|-damage|p1b: Empoleon|0 fnt\n|faint|p1b: Empoleon\n|\n|-weather|RainDance|[upkeep]\n|upkeep\n|\n|t:|1699485477\n|switch|p1b: Ambipom|Ambipom, M|47\/100\n|turn|4\n|\n|t:|1699485493\n|-terastallize|p1a: Dragonite|Normal\n|move|p1a: Dragonite|Extreme Speed|p2a: Pelipper\n|-hint|Psychic Terrain doesn't affect Pok\u00e9mon immune to Ground.\n|-damage|p2a: Pelipper|0 fnt\n|faint|p2a: Pelipper\n|move|p1b: Ambipom|U-turn|p2b: Vaporeon\n|-damage|p2b: Vaporeon|77\/100\n|\n|t:|1699485503\n|switch|p1b: Sceptile|Sceptile, M|100\/100|[from] U-turn\n|move|p2b: Vaporeon|Blizzard|p1b: Sceptile|[spread] p1a,p1b\n|-supereffective|p1b: Sceptile\n|-damage|p1a: Dragonite|67\/100\n|-damage|p1b: Sceptile|26\/100\n|\n|-weather|RainDance|[upkeep]\n|-heal|p2b: Vaporeon|83\/100|[from] item: Leftovers\n|upkeep\n|inactive|The OG Trainer Red has 120 seconds left.\n|\n|t:|1699485538\n|switch|p2a: Indeedee|Indeedee-F, F|100\/100\n|turn|5\n|inactive|The OG Trainer Red has 120 seconds left.\n|\n|t:|1699485564\n|detailschange|p1b: Sceptile|Sceptile-Mega, M\n|-mega|p1b: Sceptile|Sceptile|Sceptilite\n|move|p1b: Sceptile|Giga Drain|p2b: Vaporeon\n|-supereffective|p2b: Vaporeon\n|-damage|p2b: Vaporeon|14\/100\n|-heal|p1b: Sceptile|83\/100|[from] drain|[of] p2b: Vaporeon\n|move|p1a: Dragonite|Dragon Claw|p2a: Indeedee\n|-damage|p2a: Indeedee|43\/100\n|move|p2b: Vaporeon|Acid Armor|p2b: Vaporeon\n|-boost|p2b: Vaporeon|def|2\n|move|p2a: Indeedee|Expanding Force|p1b: Sceptile|[spread] p1a,p1b\n|-damage|p1a: Dragonite|22\/100\n|-damage|p1b: Sceptile|11\/100\n|\n|-weather|RainDance|[upkeep]\n|-heal|p2b: Vaporeon|21\/100|[from] item: Leftovers\n|-fieldend|move: Psychic Terrain\n|upkeep\n|turn|6\n|inactive|The OG Trainer Red has 120 seconds left.\n|\n|t:|1699485590\n|move|p1a: Dragonite|Extreme Speed|p2b: Vaporeon\n|-damage|p2b: Vaporeon|0 fnt\n|faint|p2b: Vaporeon\n|move|p2a: Indeedee|Ally Switch||[still]\n|-fail|p2a: Indeedee\n|move|p1b: Sceptile|Giga Drain|p2a: Indeedee\n|-damage|p2a: Indeedee|2\/100\n|-heal|p1b: Sceptile|36\/100|[from] drain|[of] p2a: Indeedee\n|\n|-weather|RainDance|[upkeep]\n|upkeep\n|\n|t:|1699485601\n|switch|p2b: Leafeon|Leafeon, F|100\/100\n|turn|7\n|inactive|The OG Trainer Red has 120 seconds left.\n|\n|t:|1699485621\n|switch|p2a: Ninetales|Ninetales, F|100\/100\n|-weather|SunnyDay|[from] ability: Drought|[of] p2a: Ninetales\n|move|p1a: Dragonite|Extreme Speed|p2a: Ninetales\n|-damage|p2a: Ninetales|30\/100\n|move|p2b: Leafeon|Solar Blade||[still]\n|-prepare|p2b: Leafeon|Solar Blade\n|-anim|p2b: Leafeon|Solar Blade|p1a: Dragonite\n|-damage|p1a: Dragonite|0 fnt\n|faint|p1a: Dragonite\n|move|p1b: Sceptile|Dragon Pulse|p2b: Leafeon\n|-damage|p2b: Leafeon|52\/100\n|\n|-weather|SunnyDay|[upkeep]\n|upkeep\n|\n|t:|1699485636\n|switch|p1a: Ambipom|Ambipom, M|47\/100\n|turn|8\n|\n|t:|1699485654\n|-terastallize|p2b: Leafeon|Fire\n|move|p1a: Ambipom|Fake Out|p2a: Ninetales\n|-damage|p2a: Ninetales|0 fnt\n|faint|p2a: Ninetales\n|move|p2b: Leafeon|X-Scissor|p1b: Sceptile\n|-supereffective|p1b: Sceptile\n|-damage|p1b: Sceptile|0 fnt\n|faint|p1b: Sceptile\n|\n|-weather|SunnyDay|[upkeep]\n|upkeep\n|\n|t:|1699485663\n|switch|p1b: Iron Valiant|Iron Valiant|100\/100\n|switch|p2a: Indeedee|Indeedee-F, F|2\/100\n|-fieldstart|move: Psychic Terrain|[from] ability: Psychic Surge|[of] p2a: Indeedee\n|-enditem|p1b: Iron Valiant|Booster Energy\n|-activate|p1b: Iron Valiant|ability: Quark Drive|[fromitem]\n|-start|p1b: Iron Valiant|quarkdrivespe\n|turn|9\n|\n|t:|1699485689\n|move|p1b: Iron Valiant|Future Sight|p2b: Leafeon\n|-start|p1b: Iron Valiant|move: Future Sight\n|move|p2b: Leafeon|Solar Blade||[still]\n|-prepare|p2b: Leafeon|Solar Blade\n|-anim|p2b: Leafeon|Solar Blade|p1b: Iron Valiant\n|-damage|p1b: Iron Valiant|24\/100\n|move|p1a: Ambipom|Power-Up Punch|p2a: Indeedee\n|-damage|p2a: Indeedee|0 fnt\n|-boost|p1a: Ambipom|atk|1\n|faint|p2a: Indeedee\n|\n|-weather|SunnyDay|[upkeep]\n|upkeep\n|turn|10\n|\n|t:|1699485708\n|move|p1b: Iron Valiant|Focus Blast|p2b: Leafeon|[miss]\n|-miss|p1b: Iron Valiant|p2b: Leafeon\n|move|p2b: Leafeon|Solar Blade||[still]\n|-prepare|p2b: Leafeon|Solar Blade\n|-anim|p2b: Leafeon|Solar Blade|p1b: Iron Valiant\n|-damage|p1b: Iron Valiant|0 fnt\n|faint|p1b: Iron Valiant\n|-end|p1b: Iron Valiant|Quark Drive|[silent]\n|move|p1a: Ambipom|Power-Up Punch|p2b: Leafeon\n|-damage|p2b: Leafeon|30\/100\n|-boost|p1a: Ambipom|atk|1\n|\n|-weather|SunnyDay|[upkeep]\n|upkeep\n|turn|11\n|\n|t:|1699485732\n|move|p2b: Leafeon|Dig||[still]\n|-prepare|p2b: Leafeon|Dig\n|move|p1a: Ambipom|Shadow Claw|p2b: Leafeon|[miss]|[miss]\n|-miss|p1a: Ambipom|p2b: Leafeon\n|\n|-weather|none\n|-end|p2b: Leafeon|move: Future Sight\n|-miss|p1: Iron Valiant|p2b: Leafeon\n|upkeep\n|turn|12\n|\n|t:|1699485747\n|move|p1a: Ambipom|Shadow Claw|p2b: Leafeon|[miss]\n|-miss|p1a: Ambipom|p2b: Leafeon\n|move|p2b: Leafeon|Dig|p1a: Ambipom|[from]lockedmove\n|-damage|p1a: Ambipom|6\/100\n|\n|upkeep\n|turn|13\n|\n|t:|1699485762\n|move|p1a: Ambipom|Shadow Claw|p2b: Leafeon\n|-crit|p2b: Leafeon\n|-damage|p2b: Leafeon|0 fnt\n|faint|p2b: Leafeon\n|\n|win|Iceandgold\n|raw|Iceandgold's rating: 1133 &rarr; <strong>1173<\/strong><br \/>(+40 for winning)\n|raw|The OG Trainer Red's rating: 1369 &rarr; <strong>1337<\/strong><br \/>(-32 for losing)\n|l|\u2606Iceandgold\n","uploadtime":1699485771,"views":5,"p1id":"iceandgold","p2id":"theogtrainerred","formatid":"gen9nationaldexdoubles","rating":1173,"private":0,"password":""}