{"id":"gen9nationaldexdoubles-1971956026","p1":"IChangeMyNameAlot","p2":"popcorm_flower","format":"[Gen 9] National Dex Doubles","log":"|j|\u2606IChangeMyNameAlot\n|j|\u2606popcorm_flower\n|t:|1697797450\n|gametype|doubles\n|player|p1|IChangeMyNameAlot|rye|\n|player|p2|popcorm_flower|harlequin|\n|teamsize|p1|6\n|teamsize|p2|6\n|gen|9\n|tier|[Gen 9] National Dex Doubles\n|rule|HP Percentage Mod: HP is shown in percentages\n|rule|Endless Battle Clause: Forcing endless battles is banned\n|rule|OHKO Clause: OHKO moves are banned\n|rule|Evasion Moves Clause: Evasion moves are banned\n|rule|Evasion Abilities Clause: Evasion abilities are banned\n|rule|Species Clause: Limit one of each Pok\u00e9mon\n|rule|Gravity Sleep Clause: The combination of sleep-inducing moves with imperfect accuracy and Gravity or Gigantamax Orbeetle are banned\n|clearpoke\n|poke|p1|Pelipper, M|\n|poke|p1|Ludicolo, F|\n|poke|p1|Kilowattrel, M|\n|poke|p1|Mamoswine, M|\n|poke|p1|Swampert, M|\n|poke|p1|Rotom-Frost|\n|poke|p2|Indeedee-F, F|\n|poke|p2|Farigiraf, M|\n|poke|p2|Snorlax, M|\n|poke|p2|Zoroark-Hisui, F|\n|poke|p2|Ursaluna, M|\n|poke|p2|Dudunsparce-*, M|\n|teampreview\n|inactive|Battle timer is ON: inactive players will automatically lose when time's up. (requested by IChangeMyNameAlot)\n|c|\u2606IChangeMyNameAlot|Glhf!\n|c|\u2606popcorm_flower|Sorry again\n|c|\u2606IChangeMyNameAlot|Its fine x)\n|c|\u2606popcorm_flower|and u2!\n|inactive|IChangeMyNameAlot has 270 seconds left.\n|\n|t:|1697797509\n|start\n|switch|p1a: Mamoswine|Mamoswine, M|100\/100\n|switch|p1b: Swampert|Swampert, M|100\/100\n|switch|p2a: Dudunsparce|Dudunsparce-Three-Segment, M|100\/100\n|switch|p2b: Indeedee|Indeedee-F, F|100\/100\n|-fieldstart|move: Psychic Terrain|[from] ability: Psychic Surge|[of] p2b: Indeedee\n|-enditem|p2b: Indeedee|Psychic Seed\n|-boost|p2b: Indeedee|spd|1|[from] item: Psychic Seed\n|turn|1\n|inactive|IChangeMyNameAlot has 270 seconds left.\n|\n|t:|1697797542\n|detailschange|p1b: Swampert|Swampert-Mega, M\n|-mega|p1b: Swampert|Swampert|Swampertite\n|-terastallize|p1a: Mamoswine|Ice\n|move|p2b: Indeedee|Protect|p2b: Indeedee\n|-singleturn|p2b: Indeedee|Protect\n|move|p1a: Mamoswine|Icicle Crash|p2b: Indeedee\n|-activate|p2b: Indeedee|move: Protect\n|move|p1b: Swampert|Waterfall|p2b: Indeedee\n|-activate|p2b: Indeedee|move: Protect\n|move|p2a: Dudunsparce|Hyper Drill|p1b: Swampert\n|-enditem|p2a: Dudunsparce|Normal Gem|[from] gem\n|-damage|p1b: Swampert|47\/100\n|\n|upkeep\n|turn|2\n|\n|t:|1697797569\n|move|p1a: Mamoswine|Icicle Crash|p2b: Indeedee\n|-damage|p2b: Indeedee|0 fnt\n|faint|p2b: Indeedee\n|-damage|p1a: Mamoswine|91\/100|[from] item: Life Orb\n|move|p1b: Swampert|Waterfall|p2a: Dudunsparce\n|-damage|p2a: Dudunsparce|62\/100\n|move|p2a: Dudunsparce|Hyper Drill|p1b: Swampert\n|-damage|p1b: Swampert|2\/100\n|\n|upkeep\n|c|\u2606IChangeMyNameAlot|DAYUM\n|inactive|popcorm_flower has 270 seconds left.\n|\n|t:|1697797584\n|switch|p2b: Farigiraf|Farigiraf, M|100\/100\n|turn|3\n|\n|t:|1697797590\n|move|p1a: Mamoswine|Icicle Crash|p2b: Farigiraf\n|-damage|p2b: Farigiraf|17\/100\n|-damage|p1a: Mamoswine|81\/100|[from] item: Life Orb\n|move|p1b: Swampert|Brick Break|p2a: Dudunsparce\n|-supereffective|p2a: Dudunsparce\n|-damage|p2a: Dudunsparce|8\/100\n|move|p2a: Dudunsparce|Body Press|p1a: Mamoswine\n|-supereffective|p1a: Mamoswine\n|-damage|p1a: Mamoswine|48\/100\n|move|p2b: Farigiraf|Trick Room|p2b: Farigiraf\n|-fieldstart|move: Trick Room|[of] p2b: Farigiraf\n|\n|upkeep\n|turn|4\n|\n|t:|1697797609\n|move|p2b: Farigiraf|Twin Beam|p1b: Swampert\n|-crit|p1b: Swampert\n|-damage|p1b: Swampert|0 fnt\n|faint|p1b: Swampert\n|-hitcount|p1: Swampert|1\n|-damage|p2b: Farigiraf|7\/100|[from] item: Life Orb\n|move|p2a: Dudunsparce|Hyper Drill|p1a: Mamoswine\n|-damage|p1a: Mamoswine|0 fnt\n|faint|p1a: Mamoswine\n|\n|upkeep\n|c|\u2606IChangeMyNameAlot|ggs wp XD\n|\n|t:|1697797623\n|switch|p1b: Rotom|Rotom-Frost|100\/100\n|switch|p1a: Pelipper|Pelipper, M|100\/100\n|-weather|RainDance|[from] ability: Drizzle|[of] p1a: Pelipper\n|turn|5\n|\n|t:|1697797635\n|move|p2b: Farigiraf|Twin Beam|p1b: Rotom\n|-damage|p1b: Rotom|50\/100\n|-damage|p1b: Rotom|3\/100\n|-hitcount|p1b: Rotom|2\n|-damage|p2b: Farigiraf|0 fnt|[from] item: Life Orb\n|faint|p2b: Farigiraf\n|move|p2a: Dudunsparce|Hyper Drill|p1a: Pelipper\n|-damage|p1a: Pelipper|33\/100\n|move|p1a: Pelipper|Surf|p2a: Dudunsparce|[spread] p1b,p2a\n|-damage|p1b: Rotom|0 fnt\n|-damage|p2a: Dudunsparce|0 fnt\n|faint|p1b: Rotom\n|faint|p2a: Dudunsparce\n|\n|-weather|RainDance|[upkeep]\n|-fieldend|move: Psychic Terrain\n|upkeep\n|\n|t:|1697797651\n|switch|p2b: Ursaluna|Ursaluna, M|100\/100\n|switch|p2a: Snorlax|Snorlax, M|100\/100\n|switch|p1b: Ludicolo|Ludicolo, F|100\/100\n|turn|6\n|\n|t:|1697797674\n|-zpower|p2a: Snorlax\n|move|p2a: Snorlax|Pulverizing Pancake|p1a: Pelipper|[zeffect]\n|-damage|p1a: Pelipper|0 fnt\n|faint|p1a: Pelipper\n|move|p2b: Ursaluna|Gunk Shot|p1b: Ludicolo\n|-supereffective|p1b: Ludicolo\n|-damage|p1b: Ludicolo|0 fnt\n|faint|p1b: Ludicolo\n|\n|-weather|RainDance|[upkeep]\n|-status|p2b: Ursaluna|brn|[from] item: Flame Orb\n|upkeep\n|c|\u2606IChangeMyNameAlot|Ummm\n|c|\u2606IChangeMyNameAlot|Car\n|c|\u2606popcorm_flower|ye\n|inactive|IChangeMyNameAlot has 270 seconds left.\n|c|\u2606IChangeMyNameAlot|Your only gimick was tera x)\n|\n|t:|1697797711\n|switch|p1b: Kilowattrel|Kilowattrel, M|100\/100\n|turn|7\n|c|\u2606IChangeMyNameAlot|Well played tho!\n|c|\u2606popcorm_flower|wait i thought i put z move in tho ..\n|c|\u2606IChangeMyNameAlot|Nope\n|c|\u2606popcorm_flower|oh shoot right\n|c|\u2606IChangeMyNameAlot|Should prob do it lol\n|inactive|popcorm_flower has 270 seconds left.\n|c|\u2606IChangeMyNameAlot|Also totally not me accidentally bringing a mega to the game ; - ;\n|c|\u2606popcorm_flower|yeah i should put \"tera or z move\"\n|inactive|popcorm_flower has 240 seconds left.\n|\n|t:|1697797786\n|move|p2a: Snorlax|Giga Impact|p1b: Kilowattrel\n|-crit|p1b: Kilowattrel\n|-damage|p1b: Kilowattrel|0 fnt\n|-mustrecharge|p2a: Snorlax\n|faint|p1b: Kilowattrel\n|\n|win|popcorm_flower\n|c|\u2606IChangeMyNameAlot|WP!\n|c|\u2606popcorm_flower|u2! ig\n","uploadtime":1697797808,"views":15,"p1id":"ichangemynamealot","p2id":"popcormflower","formatid":"gen9nationaldexdoubles","rating":0,"private":0,"password":""}