{"id":"gen9nationaldexdoubles-1956991927","p1":"thundervoltss","p2":"EndoFlame13","format":"[Gen 9] National Dex Doubles","log":"|j|\u2606thundervoltss\n|j|\u2606EndoFlame13\n|t:|1696176820\n|gametype|doubles\n|player|p1|thundervoltss|volkner|1251\n|player|p2|EndoFlame13|steven|1149\n|teamsize|p1|6\n|teamsize|p2|6\n|gen|9\n|tier|[Gen 9] National Dex Doubles\n|rated|\n|rule|HP Percentage Mod: HP is shown in percentages\n|rule|Endless Battle Clause: Forcing endless battles is banned\n|rule|OHKO Clause: OHKO moves are banned\n|rule|Evasion Moves Clause: Evasion moves are banned\n|rule|Evasion Abilities Clause: Evasion abilities are banned\n|rule|Species Clause: Limit one of each Pok\u00e9mon\n|rule|Gravity Sleep Clause: The combination of sleep-inducing moves with imperfect accuracy and Gravity or Gigantamax Orbeetle are banned\n|clearpoke\n|poke|p1|Kommo-o, F|\n|poke|p1|Blacephalon|\n|poke|p1|Indeedee-F, F|\n|poke|p1|Incineroar, M|\n|poke|p1|Sneasler, F|\n|poke|p1|Rillaboom, M|\n|poke|p2|Palafin, M|\n|poke|p2|Azumarill, M|\n|poke|p2|Flamigo, M|\n|poke|p2|Kingambit, M|\n|poke|p2|Chi-Yu|\n|poke|p2|Iron Hands|\n|teampreview\n|inactive|Battle timer is ON: inactive players will automatically lose when time's up. (requested by EndoFlame13)\n|\n|t:|1696176842\n|start\n|switch|p1a: Kommo-o|Kommo-o, F|100\/100\n|switch|p1b: Indeedee|Indeedee-F, F|100\/100\n|switch|p2a: Palafin|Palafin, M|100\/100\n|switch|p2b: Azumarill|Azumarill, M, shiny|100\/100\n|-fieldstart|move: Psychic Terrain|[from] ability: Psychic Surge|[of] p1b: Indeedee\n|-enditem|p1b: Indeedee|Psychic Seed\n|-boost|p1b: Indeedee|spd|1|[from] item: Psychic Seed\n|turn|1\n|\n|t:|1696176856\n|-zpower|p1a: Kommo-o\n|move|p1a: Kommo-o|Clangorous Soulblaze|p2b: Azumarill|[zeffect]|[spread] p2a\n|-immune|p2b: Azumarill\n|-damage|p2a: Palafin|42\/100\n|-boost|p1a: Kommo-o|atk|1\n|-boost|p1a: Kommo-o|def|1\n|-boost|p1a: Kommo-o|spa|1\n|-boost|p1a: Kommo-o|spd|1\n|-boost|p1a: Kommo-o|spe|1\n|move|p2b: Azumarill|Belly Drum|p2b: Azumarill\n|-damage|p2b: Azumarill|51\/100\n|-setboost|p2b: Azumarill|atk|6|[from] move: Belly Drum\n|move|p2a: Palafin|Flip Turn|p1b: Indeedee\n|-damage|p1b: Indeedee|68\/100\n|-damage|p2a: Palafin|32\/100|[from] item: Life Orb\n|\n|t:|1696176865\n|detailschange|p2a: Palafin|Palafin-Hero, M\n|switch|p2a: Flamigo|Flamigo, M|100\/100|[from] Flip Turn\n|-copyboost|p2a: Flamigo|p2b: Azumarill|[from] ability: Costar\n|move|p1b: Indeedee|Dazzling Gleam|p2b: Azumarill|[spread] p2a,p2b\n|-supereffective|p2a: Flamigo\n|-damage|p2a: Flamigo|62\/100\n|-damage|p2b: Azumarill|37\/100\n|-enditem|p2b: Azumarill|Sitrus Berry|[eat]\n|-heal|p2b: Azumarill|62\/100|[from] item: Sitrus Berry\n|\n|-heal|p2a: Flamigo|68\/100|[from] item: Leftovers\n|upkeep\n|turn|2\n|\n|t:|1696176878\n|move|p2b: Azumarill|Aqua Jet|p1a: Kommo-o\n|-activate|p1a: Kommo-o|move: Psychic Terrain\n|move|p1a: Kommo-o|Iron Head|p2a: Flamigo\n|-damage|p2a: Flamigo|21\/100\n|cant|p2a: Flamigo|flinch\n|move|p1b: Indeedee|Dazzling Gleam|p2b: Azumarill|[spread] p2a,p2b\n|-supereffective|p2a: Flamigo\n|-damage|p2a: Flamigo|0 fnt\n|-damage|p2b: Azumarill|51\/100\n|faint|p2a: Flamigo\n|\n|upkeep\n|\n|t:|1696176886\n|switch|p2a: Palafin|Palafin-Hero, M|32\/100\n|-activate|p2a: Palafin|ability: Zero to Hero\n|turn|3\n|\n|t:|1696176910\n|move|p2b: Azumarill|Aqua Jet|p1a: Kommo-o\n|-activate|p1a: Kommo-o|move: Psychic Terrain\n|move|p1a: Kommo-o|Iron Head|p2b: Azumarill\n|-damage|p2b: Azumarill|14\/100\n|move|p2a: Palafin|Wave Crash|p1b: Indeedee\n|-damage|p1b: Indeedee|0 fnt\n|faint|p1b: Indeedee\n|-damage|p2a: Palafin|10\/100|[from] Recoil\n|-damage|p2a: Palafin|0 fnt|[from] item: Life Orb\n|faint|p2a: Palafin\n|\n|upkeep\n|\n|t:|1696176917\n|switch|p2a: Kingambit|Kingambit, M, shiny|100\/100\n|switch|p1b: Blacephalon|Blacephalon|100\/100\n|-activate|p2a: Kingambit|ability: Supreme Overlord\n|-start|p2a: Kingambit|fallen2|[silent]\n|turn|4\n|\n|t:|1696176925\n|move|p2b: Azumarill|Aqua Jet|p1a: Kommo-o\n|-activate|p1a: Kommo-o|move: Psychic Terrain\n|move|p1a: Kommo-o|Aura Sphere|p2a: Kingambit\n|-supereffective|p2a: Kingambit\n|-damage|p2a: Kingambit|0 fnt\n|faint|p2a: Kingambit\n|-end|p2a: Kingambit|fallen2|[silent]\n|move|p1b: Blacephalon|Heat Wave|p2b: Azumarill\n|-resisted|p2b: Azumarill\n|-damage|p2b: Azumarill|0 fnt\n|faint|p2b: Azumarill\n|-ability|p1b: Blacephalon|Beast Boost|boost\n|-boost|p1b: Blacephalon|spa|1\n|-damage|p1b: Blacephalon|91\/100|[from] item: Life Orb\n|\n|upkeep\n|c|\u2606thundervoltss|BRO\n|\n|t:|1696176931\n|switch|p2b: Chi-Yu|Chi-Yu|100\/100\n|switch|p2a: Iron Hands|Iron Hands|100\/100\n|-ability|p2b: Chi-Yu|Beads of Ruin\n|turn|5\n|c|\u2606thundervoltss|oh choice band\n|c|\u2606thundervoltss|wait what no\n|\n|t:|1696176949\n|move|p2a: Iron Hands|Fake Out|p1a: Kommo-o\n|-activate|p1a: Kommo-o|move: Psychic Terrain\n|move|p1a: Kommo-o|Aura Sphere|p2b: Chi-Yu\n|-supereffective|p2b: Chi-Yu\n|-damage|p2b: Chi-Yu|0 fnt\n|faint|p2b: Chi-Yu\n|move|p1b: Blacephalon|Expanding Force|p2a: Iron Hands\n|-supereffective|p2a: Iron Hands\n|-damage|p2a: Iron Hands|0 fnt\n|faint|p2a: Iron Hands\n|-end|p2a: Iron Hands|Quark Drive|[silent]\n|-damage|p1b: Blacephalon|81\/100|[from] item: Life Orb\n|\n|win|thundervoltss\n|raw|thundervoltss's rating: 1251 &rarr; <strong>1269<\/strong><br \/>(+18 for winning)\n|raw|EndoFlame13's rating: 1149 &rarr; <strong>1131<\/strong><br \/>(-18 for losing)\n|l|\u2606EndoFlame13\n|c|\u2606thundervoltss|PSYCHIC TERRAIN\n|l|\u2606thundervoltss\n|j|\u2606thundervoltss\n|player|p1|thundervoltss|volkner\n","uploadtime":1696176977,"views":7,"p1id":"thundervoltss","p2id":"endoflame13","formatid":"gen9nationaldexdoubles","rating":1131,"private":0,"password":""}