{"id":"gen9nationaldexdoubles-1984709998","p1":"msanal","p2":"fumbari 24","format":"[Gen 9] National Dex Doubles","log":"|j|\u2606msanal\n|j|\u2606fumbari 24\n|t:|1699292728\n|gametype|doubles\n|player|p1|msanal|lana|1200\n|player|p2|fumbari 24|hilbert|1433\n|teamsize|p1|6\n|teamsize|p2|6\n|gen|9\n|tier|[Gen 9] National Dex Doubles\n|rated|\n|rule|HP Percentage Mod: HP is shown in percentages\n|rule|Endless Battle Clause: Forcing endless battles is banned\n|rule|OHKO Clause: OHKO moves are banned\n|rule|Evasion Moves Clause: Evasion moves are banned\n|rule|Evasion Abilities Clause: Evasion abilities are banned\n|rule|Species Clause: Limit one of each Pok\u00e9mon\n|rule|Gravity Sleep Clause: The combination of sleep-inducing moves with imperfect accuracy and Gravity or Gigantamax Orbeetle are banned\n|clearpoke\n|poke|p1|Gardevoir, F|\n|poke|p1|Maushold|\n|poke|p1|Chi-Yu|\n|poke|p1|Slither Wing|\n|poke|p1|Tornadus, M|\n|poke|p1|Honchkrow, F|\n|poke|p2|Corviknight, M|\n|poke|p2|Tapu Koko|\n|poke|p2|Heracross, M|\n|poke|p2|Gastrodon, M|\n|poke|p2|Wyrdeer, M|\n|poke|p2|Sableye, M|\n|teampreview\n|inactive|Battle timer is ON: inactive players will automatically lose when time's up. (requested by msanal)\n|\n|t:|1699292758\n|start\n|switch|p1a: a man|Tornadus, M|100\/100\n|switch|p1b: nucular feesh|Chi-Yu|100\/100\n|switch|p2a: Raijin|Tapu Koko, shiny|100\/100\n|switch|p2b: Yami|Sableye, M|100\/100\n|-fieldstart|move: Electric Terrain|[from] ability: Electric Surge|[of] p2a: Raijin\n|-ability|p1b: nucular feesh|Beads of Ruin\n|turn|1\n|\n|t:|1699292786\n|move|p1a: a man|Tailwind|p1a: a man\n|-sidestart|p1: msanal|move: Tailwind\n|move|p2b: Yami|Quash||[still]\n|-fail|p2b: Yami\n|move|p1b: nucular feesh|Heat Wave|p2a: Raijin|[spread] p2a,p2b\n|-damage|p2a: Raijin|5\/100\n|-damage|p2b: Yami|2\/100\n|-status|p2b: Yami|brn\n|move|p2a: Raijin|Volt Switch|p1b: nucular feesh\n|-damage|p1b: nucular feesh|42\/100\n|inactive|fumbari 24 has 120 seconds left.\n|\n|t:|1699292800\n|switch|p2a: Shelldon|Gastrodon, M|100\/100|[from] Volt Switch\n|\n|-heal|p2b: Yami|9\/100 brn|[from] item: Leftovers\n|-damage|p2b: Yami|2\/100 brn|[from] brn\n|upkeep\n|turn|2\n|\n|t:|1699292810\n|move|p2b: Yami|Quash|p1a: a man\n|-activate|p1a: a man|move: Quash\n|move|p1b: nucular feesh|Heat Wave|p2a: Shelldon|[spread] p2a,p2b\n|-resisted|p2a: Shelldon\n|-damage|p2a: Shelldon|63\/100\n|-damage|p2b: Yami|0 fnt\n|faint|p2b: Yami\n|move|p2a: Shelldon|Earth Power|p1b: nucular feesh\n|-supereffective|p1b: nucular feesh\n|-damage|p1b: nucular feesh|0 fnt\n|faint|p1b: nucular feesh\n|move|p1a: a man|Bleakwind Storm|p2a: Shelldon\n|-damage|p2a: Shelldon|8\/100\n|-unboost|p2a: Shelldon|spe|1\n|\n|upkeep\n|\n|t:|1699292830\n|switch|p1b: Moonlight|Gardevoir, F, shiny|100\/100\n|switch|p2b: Silva|Corviknight, M, shiny|100\/100\n|-ability|p1b: Moonlight|Storm Drain|[from] ability: Trace|[of] p2a: Shelldon\n|turn|3\n|\n|t:|1699292844\n|detailschange|p1b: Moonlight|Gardevoir-Mega, F, shiny\n|-mega|p1b: Moonlight|Gardevoir|Gardevoirite\n|move|p1b: Moonlight|Hyper Voice|p2b: Silva|[spread] p2a,p2b\n|-resisted|p2b: Silva\n|-damage|p2a: Shelldon|0 fnt\n|-damage|p2b: Silva|74\/100\n|faint|p2a: Shelldon\n|move|p1a: a man|Bleakwind Storm|p2b: Silva\n|-resisted|p2b: Silva\n|-damage|p2b: Silva|45\/100\n|-ability|p2b: Silva|Mirror Armor\n|-unboost|p1a: a man|spe|1\n|move|p2b: Silva|Tailwind|p2b: Silva\n|-sidestart|p2: fumbari 24|move: Tailwind\n|\n|upkeep\n|\n|t:|1699292856\n|switch|p2a: Raijin|Tapu Koko, shiny|5\/100\n|turn|4\n|\n|t:|1699292872\n|move|p1a: a man|Taunt|p2a: Raijin\n|-start|p2a: Raijin|move: Taunt\n|move|p2a: Raijin|Volt Switch|p1a: a man\n|-supereffective|p1a: a man\n|-damage|p1a: a man|0 fnt\n|faint|p1a: a man\n|\n|t:|1699292881\n|switch|p2a: Stoick|Wyrdeer, M|100\/100|[from] Volt Switch\n|-ability|p2a: Stoick|Intimidate|boost\n|-unboost|p1b: Moonlight|atk|1\n|move|p1b: Moonlight|Hyper Voice|p2b: Silva|[spread] p2a,p2b\n|-resisted|p2b: Silva\n|-damage|p2a: Stoick|56\/100\n|-damage|p2b: Silva|17\/100\n|move|p2b: Silva|Iron Head|p1b: Moonlight\n|-supereffective|p1b: Moonlight\n|-damage|p1b: Moonlight|0 fnt\n|faint|p1b: Moonlight\n|\n|-sideend|p1: msanal|move: Tailwind\n|upkeep\n|\n|t:|1699292889\n|switch|p1b: CAAAAAAAAAAAAAAAAA|Honchkrow, F, shiny|100\/100\n|switch|p1a: a happy family|Maushold|100\/100\n|turn|5\n|\n|t:|1699292904\n|move|p1a: a happy family|Follow Me|p1a: a happy family\n|-singleturn|p1a: a happy family|move: Follow Me\n|move|p2b: Silva|Roost|p2b: Silva\n|-heal|p2b: Silva|67\/100\n|-singleturn|p2b: Silva|move: Roost\n|move|p2a: Stoick|Psyshield Bash|p1a: a happy family|[miss]\n|-miss|p2a: Stoick|p1a: a happy family\n|move|p1b: CAAAAAAAAAAAAAAAAA|Tailwind|p1b: CAAAAAAAAAAAAAAAAA\n|-sidestart|p1: msanal|move: Tailwind\n|\n|-fieldend|move: Electric Terrain\n|upkeep\n|turn|6\n|\n|t:|1699292924\n|move|p1a: a happy family|Helping Hand|p1b: CAAAAAAAAAAAAAAAAA\n|-singleturn|p1b: CAAAAAAAAAAAAAAAAA|Helping Hand|[of] p1a: a happy family\n|move|p2b: Silva|Iron Head|p1a: a happy family\n|-damage|p1a: a happy family|55\/100\n|move|p1b: CAAAAAAAAAAAAAAAAA|Night Slash|p2a: Stoick\n|-supereffective|p2a: Stoick\n|-crit|p2a: Stoick\n|-damage|p2a: Stoick|0 fnt\n|faint|p2a: Stoick\n|\n|-sideend|p2: fumbari 24|move: Tailwind\n|upkeep\n|\n|t:|1699292943\n|switch|p2a: Heracles|Heracross, M|100\/100\n|turn|7\n|\n|t:|1699292949\n|detailschange|p2a: Heracles|Heracross-Mega, M\n|-mega|p2a: Heracles|Heracross|Heracronite\n|move|p2a: Heracles|Protect|p2a: Heracles\n|-singleturn|p2a: Heracles|Protect\n|move|p1a: a happy family|Encore|p2b: Silva\n|-start|p2b: Silva|Encore\n|move|p1b: CAAAAAAAAAAAAAAAAA|Dual Wingbeat|p2a: Heracles\n|-activate|p2a: Heracles|move: Protect\n|move|p2b: Silva|Iron Head|p1b: CAAAAAAAAAAAAAAAAA\n|-damage|p1b: CAAAAAAAAAAAAAAAAA|65\/100\n|\n|upkeep\n|turn|8\n|\n|t:|1699292971\n|switch|p2a: Raijin|Tapu Koko, shiny|5\/100\n|-fieldstart|move: Electric Terrain|[from] ability: Electric Surge|[of] p2a: Raijin\n|move|p1a: a happy family|Helping Hand|p1b: CAAAAAAAAAAAAAAAAA\n|-singleturn|p1b: CAAAAAAAAAAAAAAAAA|Helping Hand|[of] p1a: a happy family\n|move|p1b: CAAAAAAAAAAAAAAAAA|Dual Wingbeat|p2a: Raijin\n|-resisted|p2a: Raijin\n|-crit|p2a: Raijin\n|-damage|p2a: Raijin|0 fnt\n|faint|p2a: Raijin\n|-hitcount|p2: Raijin|1\n|move|p2b: Silva|Iron Head|p1b: CAAAAAAAAAAAAAAAAA\n|-crit|p1b: CAAAAAAAAAAAAAAAAA\n|-damage|p1b: CAAAAAAAAAAAAAAAAA|9\/100\n|\n|-sideend|p1: msanal|move: Tailwind\n|upkeep\n|\n|t:|1699292985\n|switch|p2a: Heracles|Heracross-Mega, M|100\/100\n|turn|9\n|\n|t:|1699293002\n|move|p1a: a happy family|Follow Me|p1a: a happy family\n|-singleturn|p1a: a happy family|move: Follow Me\n|move|p2a: Heracles|Pin Missile|p1a: a happy family\n|-damage|p1a: a happy family|32\/100\n|-damage|p1a: a happy family|10\/100\n|-crit|p1a: a happy family\n|-damage|p1a: a happy family|0 fnt\n|faint|p1a: a happy family\n|-hitcount|p1: a happy family|3\n|move|p2b: Silva|Iron Head|p1b: CAAAAAAAAAAAAAAAAA\n|-damage|p1b: CAAAAAAAAAAAAAAAAA|0 fnt\n|faint|p1b: CAAAAAAAAAAAAAAAAA\n|\n|-end|p2b: Silva|Encore\n|upkeep\n|\n|t:|1699293012\n|switch|p1b: The Snatcher|Slither Wing, shiny|100\/100\n|-enditem|p1b: The Snatcher|Booster Energy\n|-activate|p1b: The Snatcher|ability: Protosynthesis|[fromitem]\n|-start|p1b: The Snatcher|protosynthesisatk\n|turn|10\n|\n|t:|1699293026\n|-terastallize|p2b: Silva|Fire\n|-terastallize|p1b: The Snatcher|Flying\n|move|p2a: Heracles|Protect|p2a: Heracles\n|-singleturn|p2a: Heracles|Protect\n|move|p2b: Silva|Brave Bird|p1b: The Snatcher\n|-damage|p1b: The Snatcher|34\/100\n|-damage|p2b: Silva|48\/100|[from] Recoil\n|move|p1b: The Snatcher|Bulk Up|p1b: The Snatcher\n|-boost|p1b: The Snatcher|atk|1\n|-boost|p1b: The Snatcher|def|1\n|\n|upkeep\n|turn|11\n|\n|t:|1699293043\n|move|p2a: Heracles|Close Combat|p1b: The Snatcher\n|-resisted|p1b: The Snatcher\n|-damage|p1b: The Snatcher|0 fnt\n|-unboost|p2a: Heracles|def|1\n|-unboost|p2a: Heracles|spd|1\n|faint|p1b: The Snatcher\n|-end|p1b: The Snatcher|Protosynthesis|[silent]\n|\n|win|fumbari 24\n|raw|msanal's rating: 1200 &rarr; <strong>1190<\/strong><br \/>(-10 for losing)\n|raw|fumbari 24's rating: 1433 &rarr; <strong>1441<\/strong><br \/>(+8 for winning)\n|l|\u2606msanal\n","uploadtime":1699293048,"views":9,"p1id":"msanal","p2id":"fumbari24","formatid":"gen9nationaldexdoubles","rating":1190,"private":0,"password":""}