{"id":"gen9nationaldexdoubles-1955062063","p1":"CynthiasDom","p2":"Skeliton Lord","format":"[Gen 9] National Dex Doubles","log":"|j|\u2606CynthiasDom\n|j|\u2606Skeliton Lord\n|t:|1695952080\n|gametype|doubles\n|player|p1|CynthiasDom|cynthia-gen4|1150\n|player|p2|Skeliton Lord|2|1212\n|teamsize|p1|6\n|teamsize|p2|6\n|gen|9\n|tier|[Gen 9] National Dex Doubles\n|rated|\n|rule|HP Percentage Mod: HP is shown in percentages\n|rule|Endless Battle Clause: Forcing endless battles is banned\n|rule|OHKO Clause: OHKO moves are banned\n|rule|Evasion Moves Clause: Evasion moves are banned\n|rule|Evasion Abilities Clause: Evasion abilities are banned\n|rule|Species Clause: Limit one of each Pok\u00e9mon\n|rule|Gravity Sleep Clause: The combination of sleep-inducing moves with imperfect accuracy and Gravity or Gigantamax Orbeetle are banned\n|clearpoke\n|poke|p1|Brambleghast, F|\n|poke|p1|Incineroar, M|\n|poke|p1|Urshifu-*, F|\n|poke|p1|Fezandipiti, M|\n|poke|p1|Goodra-Hisui, F|\n|poke|p1|Cresselia, F|\n|poke|p2|Venusaur, F|\n|poke|p2|Charizard, M|\n|poke|p2|Flutter Mane|\n|poke|p2|Grimmsnarl, M|\n|poke|p2|Gholdengo|\n|poke|p2|Great Tusk|\n|teampreview\n|inactive|Battle timer is ON: inactive players will automatically lose when time's up. (requested by Skeliton Lord)\n|inactive|CynthiasDom also wants the timer to be on.\n|\n|t:|1695952091\n|start\n|switch|p1a: Incineroar|Incineroar, M, shiny|100\/100\n|switch|p1b: Fezandipiti|Fezandipiti, M|100\/100\n|switch|p2a: Charizard|Charizard, M|100\/100\n|switch|p2b: Flutter Mane|Flutter Mane|100\/100\n|-ability|p1a: Incineroar|Intimidate|boost\n|-unboost|p2a: Charizard|atk|1\n|-unboost|p2b: Flutter Mane|atk|1\n|turn|1\n|\n|t:|1695952104\n|-end|p2b: Flutter Mane|Protosynthesis|[silent]\n|switch|p2b: Venusaur|Venusaur, F|100\/100\n|detailschange|p2a: Charizard|Charizard-Mega-Y, M\n|-mega|p2a: Charizard|Charizard|Charizardite Y\n|-weather|SunnyDay|[from] ability: Drought|[of] p2a: Charizard\n|move|p2a: Charizard|Protect|p2a: Charizard\n|-singleturn|p2a: Charizard|Protect\n|move|p1a: Incineroar|Fake Out|p2a: Charizard\n|-activate|p2a: Charizard|move: Protect\n|move|p1b: Fezandipiti|Tailwind|p1b: Fezandipiti\n|-sidestart|p1: CynthiasDom|move: Tailwind\n|\n|-weather|SunnyDay|[upkeep]\n|upkeep\n|turn|2\n|\n|t:|1695952129\n|move|p1b: Fezandipiti|Icy Wind|p2a: Charizard|[spread] p2a,p2b\n|-supereffective|p2b: Venusaur\n|-damage|p2a: Charizard|93\/100\n|-damage|p2b: Venusaur|86\/100\n|-unboost|p2a: Charizard|spe|1\n|-unboost|p2b: Venusaur|spe|1\n|move|p2b: Venusaur|Earth Power|p1b: Fezandipiti\n|-supereffective|p1b: Fezandipiti\n|-damage|p1b: Fezandipiti|54\/100\n|-damage|p2b: Venusaur|76\/100|[from] item: Life Orb\n|move|p1a: Incineroar|Parting Shot|p2b: Venusaur\n|-unboost|p2b: Venusaur|atk|1\n|-unboost|p2b: Venusaur|spa|1\n|inactive|CynthiasDom has 120 seconds left.\n|\n|t:|1695952146\n|switch|p1a: Goodra|Goodra-Hisui, F, shiny|100\/100|[from] Parting Shot\n|move|p2a: Charizard|Tailwind|p2a: Charizard\n|-sidestart|p2: Skeliton Lord|move: Tailwind\n|\n|-weather|SunnyDay|[upkeep]\n|upkeep\n|turn|3\n|inactive|CynthiasDom has 120 seconds left.\n|\n|t:|1695952169\n|switch|p2a: Gholdengo|Gholdengo|100\/100\n|move|p2b: Venusaur|Earth Power|p1a: Goodra\n|-supereffective|p1a: Goodra\n|-damage|p1a: Goodra|79\/100\n|-damage|p2b: Venusaur|66\/100|[from] item: Life Orb\n|move|p1b: Fezandipiti|Icy Wind|p2a: Gholdengo|[spread] p2a,p2b\n|-resisted|p2a: Gholdengo\n|-supereffective|p2b: Venusaur\n|-damage|p2a: Gholdengo|97\/100\n|-damage|p2b: Venusaur|54\/100\n|-unboost|p2a: Gholdengo|spe|1\n|-unboost|p2b: Venusaur|spe|1\n|move|p1a: Goodra|Shelter|p1a: Goodra\n|-boost|p1a: Goodra|def|2\n|\n|-weather|SunnyDay|[upkeep]\n|-heal|p1a: Goodra|85\/100|[from] item: Leftovers\n|upkeep\n|turn|4\n|inactive|CynthiasDom has 120 seconds left.\n|\n|t:|1695952196\n|switch|p1a: Incineroar|Incineroar, M, shiny|100\/100\n|-ability|p1a: Incineroar|Intimidate|boost\n|-unboost|p2a: Gholdengo|atk|1\n|-unboost|p2b: Venusaur|atk|1\n|move|p1b: Fezandipiti|Protect|p1b: Fezandipiti\n|-singleturn|p1b: Fezandipiti|Protect\n|move|p2a: Gholdengo|Trick|p1a: Incineroar\n|-activate|p2a: Gholdengo|move: Trick|[of] p1a: Incineroar\n|-item|p1a: Incineroar|Choice Scarf|[from] move: Trick\n|-item|p2a: Gholdengo|Safety Goggles|[from] move: Trick\n|move|p2b: Venusaur|Earth Power|p1b: Fezandipiti\n|-activate|p1b: Fezandipiti|move: Protect\n|\n|-weather|SunnyDay|[upkeep]\n|-sideend|p1: CynthiasDom|move: Tailwind\n|upkeep\n|turn|5\n|\n|t:|1695952217\n|switch|p2a: Great Tusk|Great Tusk|100\/100\n|-activate|p2a: Great Tusk|ability: Protosynthesis\n|-start|p2a: Great Tusk|protosynthesisatk\n|move|p2b: Venusaur|Leech Seed|p1b: Fezandipiti|[miss]\n|-miss|p2b: Venusaur|p1b: Fezandipiti\n|move|p1b: Fezandipiti|Tailwind|p1b: Fezandipiti\n|-sidestart|p1: CynthiasDom|move: Tailwind\n|move|p1a: Incineroar|Parting Shot|p2b: Venusaur\n|-unboost|p2b: Venusaur|atk|1\n|-unboost|p2b: Venusaur|spa|1\n|\n|t:|1695952228\n|switch|p1a: Brambleghast|Brambleghast, F, shiny|100\/100|[from] Parting Shot\n|-ability|p1a: Brambleghast|Wind Rider|boost\n|-boost|p1a: Brambleghast|atk|1\n|\n|-weather|none\n|-end|p2a: Great Tusk|Protosynthesis\n|-sideend|p2: Skeliton Lord|move: Tailwind\n|upkeep\n|turn|6\n|\n|t:|1695952243\n|switch|p2b: Charizard|Charizard-Mega-Y, M|93\/100\n|-weather|SunnyDay|[from] ability: Drought|[of] p2b: Charizard\n|-activate|p2a: Great Tusk|ability: Protosynthesis\n|-start|p2a: Great Tusk|protosynthesisatk\n|-terastallize|p2a: Great Tusk|Fairy\n|move|p1b: Fezandipiti|Dazzling Gleam|p2b: Charizard|[spread] p2a,p2b\n|-resisted|p2b: Charizard\n|-damage|p2a: Great Tusk|75\/100\n|-damage|p2b: Charizard|85\/100\n|-status|p2b: Charizard|tox|[from] ability: Toxic Chain|[of] p1b: Fezandipiti\n|move|p1a: Brambleghast|Poltergeist|p2b: Charizard|[miss]\n|-miss|p1a: Brambleghast|p2b: Charizard\n|move|p2a: Great Tusk|Ice Spinner|p1a: Brambleghast\n|-supereffective|p1a: Brambleghast\n|-damage|p1a: Brambleghast|0 fnt\n|faint|p1a: Brambleghast\n|\n|-weather|SunnyDay|[upkeep]\n|-damage|p2b: Charizard|79\/100 tox|[from] psn\n|upkeep\n|inactive|CynthiasDom has 120 seconds left.\n|\n|t:|1695952269\n|switch|p1a: Goodra|Goodra-Hisui, F, shiny|85\/100\n|turn|7\n|\n|t:|1695952281\n|move|p1b: Fezandipiti|Icy Wind|p2b: Charizard|[spread] p2a,p2b\n|-damage|p2a: Great Tusk|64\/100\n|-damage|p2b: Charizard|71\/100 tox\n|-unboost|p2a: Great Tusk|spe|1\n|-enditem|p2a: Great Tusk|Eject Pack\n|-unboost|p2b: Charizard|spe|1\n|\n|t:|1695952288\n|-end|p2a: Great Tusk|Protosynthesis|[silent]\n|switch|p2a: Grimmsnarl|Grimmsnarl, M|100\/100\n|move|p1a: Goodra|Shelter|p1a: Goodra\n|-boost|p1a: Goodra|def|2\n|move|p2b: Charizard|Flamethrower|p1a: Goodra\n|-damage|p1a: Goodra|40\/100\n|\n|-weather|SunnyDay|[upkeep]\n|-heal|p1a: Goodra|46\/100|[from] item: Leftovers\n|-damage|p2b: Charizard|59\/100 tox|[from] psn\n|upkeep\n|turn|8\n|\n|t:|1695952306\n|-terastallize|p1a: Goodra|Water\n|move|p2a: Grimmsnarl|Reflect|p2a: Grimmsnarl\n|-sidestart|p2: Skeliton Lord|Reflect\n|move|p1b: Fezandipiti|Icy Wind|p2b: Charizard|[spread] p2a,p2b\n|-damage|p2a: Grimmsnarl|95\/100\n|-damage|p2b: Charizard|51\/100 tox\n|-unboost|p2a: Grimmsnarl|spe|1\n|-unboost|p2b: Charizard|spe|1\n|-status|p2a: Grimmsnarl|tox|[from] ability: Toxic Chain|[of] p1b: Fezandipiti\n|move|p1a: Goodra|Life Dew|p1a: Goodra|[spread] p1a,p1b\n|-heal|p1a: Goodra|71\/100\n|-heal|p1b: Fezandipiti|79\/100\n|move|p2b: Charizard|Flamethrower|p1a: Goodra\n|-resisted|p1a: Goodra\n|-damage|p1a: Goodra|51\/100\n|\n|-weather|SunnyDay|[upkeep]\n|-heal|p1a: Goodra|58\/100|[from] item: Leftovers\n|-damage|p2b: Charizard|33\/100 tox|[from] psn\n|-damage|p2a: Grimmsnarl|89\/100 tox|[from] psn\n|-sideend|p1: CynthiasDom|move: Tailwind\n|upkeep\n|turn|9\n|\n|t:|1695952333\n|move|p1b: Fezandipiti|Tailwind|p1b: Fezandipiti\n|-sidestart|p1: CynthiasDom|move: Tailwind\n|move|p1a: Goodra|Life Dew|p1a: Goodra|[spread] p1a,p1b\n|-heal|p1a: Goodra|83\/100\n|-heal|p1b: Fezandipiti|100\/100\n|move|p2b: Charizard|Tailwind|p2b: Charizard\n|-sidestart|p2: Skeliton Lord|move: Tailwind\n|move|p2a: Grimmsnarl|Spirit Break|p1b: Fezandipiti\n|-resisted|p1b: Fezandipiti\n|-damage|p1b: Fezandipiti|87\/100\n|\n|-weather|SunnyDay|[upkeep]\n|-heal|p1a: Goodra|89\/100|[from] item: Leftovers\n|-damage|p2b: Charizard|9\/100 tox|[from] psn\n|-damage|p2a: Grimmsnarl|77\/100 tox|[from] psn\n|upkeep\n|turn|10\n|\n|t:|1695952345\n|move|p1b: Fezandipiti|Protect|p1b: Fezandipiti\n|-singleturn|p1b: Fezandipiti|Protect\n|move|p2b: Charizard|Ancient Power|p1b: Fezandipiti\n|-activate|p1b: Fezandipiti|move: Protect\n|move|p1a: Goodra|Shelter|p1a: Goodra\n|-boost|p1a: Goodra|def|2\n|move|p2a: Grimmsnarl|Spirit Break|p1b: Fezandipiti\n|-activate|p1b: Fezandipiti|move: Protect\n|\n|-weather|none\n|-heal|p1a: Goodra|95\/100|[from] item: Leftovers\n|-damage|p2b: Charizard|0 fnt|[from] psn\n|faint|p2b: Charizard\n|-damage|p2a: Grimmsnarl|59\/100 tox|[from] psn\n|upkeep\n|\n|t:|1695952353\n|switch|p2b: Flutter Mane|Flutter Mane|100\/100\n|turn|11\n|\n|t:|1695952362\n|move|p2b: Flutter Mane|Dazzling Gleam|p1a: Goodra|[spread] p1a,p1b\n|-resisted|p1b: Fezandipiti\n|-damage|p1a: Goodra|72\/100\n|-damage|p1b: Fezandipiti|69\/100\n|move|p1b: Fezandipiti|Icy Wind|p2a: Grimmsnarl|[spread] p2a,p2b\n|-damage|p2a: Grimmsnarl|52\/100 tox\n|-damage|p2b: Flutter Mane|94\/100\n|-unboost|p2a: Grimmsnarl|spe|1\n|-unboost|p2b: Flutter Mane|spe|1\n|-status|p2b: Flutter Mane|tox|[from] ability: Toxic Chain|[of] p1b: Fezandipiti\n|move|p1a: Goodra|Heavy Slam|p2b: Flutter Mane\n|-supereffective|p2b: Flutter Mane\n|-damage|p2b: Flutter Mane|0 fnt\n|faint|p2b: Flutter Mane\n|-end|p2b: Flutter Mane|Protosynthesis|[silent]\n|move|p2a: Grimmsnarl|Spirit Break|p1b: Fezandipiti\n|-resisted|p1b: Fezandipiti\n|-damage|p1b: Fezandipiti|55\/100\n|\n|-heal|p1a: Goodra|78\/100|[from] item: Leftovers\n|-damage|p2a: Grimmsnarl|28\/100 tox|[from] psn\n|upkeep\n|-message|Skeliton Lord forfeited.\n|\n|win|CynthiasDom\n|raw|CynthiasDom's rating: 1150 &rarr; <strong>1179<\/strong><br \/>(+29 for winning)\n|raw|Skeliton Lord's rating: 1212 &rarr; <strong>1183<\/strong><br \/>(-29 for losing)\n|l|\u2606Skeliton Lord\n","uploadtime":1695952379,"views":8,"p1id":"cynthiasdom","p2id":"skelitonlord","formatid":"gen9nationaldexdoubles","rating":1179,"private":0,"password":""}