{"id":"gen9nationaldexdoubles-1992865336","p1":"RoseWolf8","p2":"PBJK","format":"[Gen 9] National Dex Doubles","log":"|j|\u2606RoseWolf8\n|j|\u2606PBJK\n|t:|1700242154\n|gametype|doubles\n|player|p1|RoseWolf8|n|1092\n|player|p2|PBJK|brock|1043\n|teamsize|p1|6\n|teamsize|p2|6\n|gen|9\n|tier|[Gen 9] National Dex Doubles\n|rated|\n|rule|HP Percentage Mod: HP is shown in percentages\n|rule|Endless Battle Clause: Forcing endless battles is banned\n|rule|OHKO Clause: OHKO moves are banned\n|rule|Evasion Moves Clause: Evasion moves are banned\n|rule|Evasion Abilities Clause: Evasion abilities are banned\n|rule|Species Clause: Limit one of each Pok\u00e9mon\n|rule|Gravity Sleep Clause: The combination of sleep-inducing moves with imperfect accuracy and Gravity or Gigantamax Orbeetle are banned\n|clearpoke\n|poke|p1|Meowscarada, F|\n|poke|p1|Sylveon, F|\n|poke|p1|Iron Bundle|\n|poke|p1|Victini|\n|poke|p1|Ninetales-Alola, F|\n|poke|p1|Kingambit, M|\n|poke|p2|Garganacl, M|\n|poke|p2|Tyranitar, M|\n|poke|p2|Steelix, M|\n|poke|p2|Aerodactyl, M|\n|poke|p2|Avalugg-Hisui, M|\n|poke|p2|Golem-Alola, M|\n|teampreview\n|inactive|Battle timer is ON: inactive players will automatically lose when time's up. (requested by RoseWolf8)\n|\n|t:|1700242167\n|start\n|switch|p1a: Sylveon|Sylveon, F|100\/100\n|switch|p1b: Victini|Victini|100\/100\n|switch|p2a: Tyranitar|Tyranitar, M|100\/100\n|switch|p2b: Garganacl|Garganacl, M|100\/100\n|-weather|Sandstorm|[from] ability: Sand Stream|[of] p2a: Tyranitar\n|turn|1\n|c|\u2606PBJK|hi\n|\n|t:|1700242192\n|switch|p1b: Iron Bundle|Iron Bundle|100\/100\n|-enditem|p1b: Iron Bundle|Booster Energy\n|-activate|p1b: Iron Bundle|ability: Quark Drive|[fromitem]\n|-start|p1b: Iron Bundle|quarkdrivespe\n|move|p2a: Tyranitar|Knock Off|p1b: Iron Bundle\n|-damage|p1b: Iron Bundle|50\/100\n|move|p1a: Sylveon|Reflect|p1a: Sylveon\n|-sidestart|p1: RoseWolf8|Reflect\n|move|p2b: Garganacl|Stealth Rock|p1a: Sylveon\n|-sidestart|p1: RoseWolf8|move: Stealth Rock\n|\n|-weather|Sandstorm|[upkeep]\n|-damage|p1b: Iron Bundle|44\/100|[from] Sandstorm\n|-damage|p1a: Sylveon|94\/100|[from] Sandstorm\n|upkeep\n|turn|2\n|inactive|RoseWolf8 has 120 seconds left.\n|\n|t:|1700242231\n|move|p1b: Iron Bundle|Hydro Pump|p2a: Tyranitar\n|-supereffective|p2a: Tyranitar\n|-crit|p2a: Tyranitar\n|-enditem|p2a: Tyranitar|Focus Sash\n|-damage|p2a: Tyranitar|1\/100\n|move|p2a: Tyranitar|Power-Up Punch|p1b: Iron Bundle\n|-supereffective|p1b: Iron Bundle\n|-damage|p1b: Iron Bundle|19\/100\n|-boost|p2a: Tyranitar|atk|1\n|move|p1a: Sylveon|Light Screen|p1a: Sylveon\n|-sidestart|p1: RoseWolf8|move: Light Screen\n|move|p2b: Garganacl|Rock Tomb|p1a: Sylveon|[miss]\n|-miss|p2b: Garganacl|p1a: Sylveon\n|\n|-weather|Sandstorm|[upkeep]\n|-damage|p1b: Iron Bundle|13\/100|[from] Sandstorm\n|-damage|p1a: Sylveon|88\/100|[from] Sandstorm\n|upkeep\n|turn|3\n|inactive|RoseWolf8 has 120 seconds left.\n|\n|t:|1700242254\n|move|p2a: Tyranitar|Protect|p2a: Tyranitar\n|-singleturn|p2a: Tyranitar|Protect\n|move|p1b: Iron Bundle|Hydro Pump|p2b: Garganacl|[miss]\n|-miss|p1b: Iron Bundle|p2b: Garganacl\n|move|p1a: Sylveon|Hyper Voice|p2a: Tyranitar|[spread] p2b\n|-activate|p2a: Tyranitar|move: Protect\n|-damage|p2b: Garganacl|83\/100\n|move|p2b: Garganacl|Rock Tomb|p1b: Iron Bundle\n|-supereffective|p1b: Iron Bundle\n|-damage|p1b: Iron Bundle|0 fnt\n|faint|p1b: Iron Bundle\n|-end|p1b: Iron Bundle|Quark Drive|[silent]\n|\n|-weather|Sandstorm|[upkeep]\n|-damage|p1a: Sylveon|82\/100|[from] Sandstorm\n|-heal|p2b: Garganacl|89\/100|[from] item: Leftovers\n|upkeep\n|inactive|RoseWolf8 has 120 seconds left.\n|\n|t:|1700242272\n|switch|p1b: Ninetales|Ninetales-Alola, F|100\/100\n|-damage|p1b: Ninetales|76\/100|[from] Stealth Rock\n|-weather|Snow|[from] ability: Snow Warning|[of] p1b: Ninetales\n|turn|4\n|\n|t:|1700242291\n|switch|p2a: Avalugg|Avalugg-Hisui, M|100\/100\n|switch|p2b: Steelix|Steelix, M|100\/100\n|move|p1b: Ninetales|Aurora Veil|p1b: Ninetales\n|-sidestart|p1: RoseWolf8|move: Aurora Veil\n|move|p1a: Sylveon|Hyper Voice|p2a: Avalugg|[spread] p2a,p2b\n|-resisted|p2b: Steelix\n|-damage|p2a: Avalugg|43\/100\n|-damage|p2b: Steelix|86\/100\n|\n|-weather|Snow|[upkeep]\n|upkeep\n|turn|5\n|inactive|RoseWolf8 has 120 seconds left.\n|\n|t:|1700242336\n|switch|p1a: Meowscarada|Meowscarada, F|100\/100\n|-damage|p1a: Meowscarada|88\/100|[from] Stealth Rock\n|move|p1b: Ninetales|Blizzard|p2a: Avalugg|[spread] p2a,p2b\n|-resisted|p2a: Avalugg\n|-damage|p2a: Avalugg|13\/100\n|-damage|p2b: Steelix|55\/100\n|move|p2a: Avalugg|Stone Edge|p1b: Ninetales\n|-supereffective|p1b: Ninetales\n|-crit|p1b: Ninetales\n|-damage|p1b: Ninetales|0 fnt\n|faint|p1b: Ninetales\n|move|p2b: Steelix|Iron Tail|p1a: Meowscarada|[miss]\n|-miss|p2b: Steelix|p1a: Meowscarada\n|\n|-weather|Snow|[upkeep]\n|upkeep\n|\n|t:|1700242352\n|switch|p1b: Victini|Victini|100\/100\n|-damage|p1b: Victini|76\/100|[from] Stealth Rock\n|turn|6\n|inactive|RoseWolf8 has 120 seconds left.\n|\n|t:|1700242375\n|switch|p2b: Tyranitar|Tyranitar, M|1\/100\n|-weather|Sandstorm|[from] ability: Sand Stream|[of] p2b: Tyranitar\n|move|p1a: Meowscarada|Flower Trick|p2a: Avalugg\n|-start|p1a: Meowscarada|typechange|Grass|[from] ability: Protean\n|-supereffective|p2a: Avalugg\n|-crit|p2a: Avalugg\n|-damage|p2a: Avalugg|0 fnt\n|faint|p2a: Avalugg\n|-damage|p1a: Meowscarada|78\/100|[from] item: Life Orb\n|move|p1b: Victini|V-create|p2b: Tyranitar\n|-resisted|p2b: Tyranitar\n|-damage|p2b: Tyranitar|0 fnt\n|-unboost|p1b: Victini|spe|1\n|-unboost|p1b: Victini|def|1\n|-unboost|p1b: Victini|spd|1\n|faint|p2b: Tyranitar\n|\n|-weather|Sandstorm|[upkeep]\n|-damage|p1a: Meowscarada|72\/100|[from] Sandstorm\n|-damage|p1b: Victini|69\/100|[from] Sandstorm\n|upkeep\n|\n|t:|1700242399\n|switch|p2b: Garganacl|Garganacl, M|89\/100\n|switch|p2a: Aerodactyl|Aerodactyl, M|100\/100\n|-ability|p2a: Aerodactyl|Pressure\n|turn|7\n|inactive|RoseWolf8 has 120 seconds left.\n|\n|t:|1700242420\n|switch|p1b: Sylveon|Sylveon, F|82\/100\n|-damage|p1b: Sylveon|70\/100|[from] Stealth Rock\n|detailschange|p2a: Aerodactyl|Aerodactyl-Mega, M\n|-mega|p2a: Aerodactyl|Aerodactyl|Aerodactylite\n|move|p1a: Meowscarada|Flower Trick|p2b: Garganacl\n|-supereffective|p2b: Garganacl\n|-crit|p2b: Garganacl\n|-damage|p2b: Garganacl|27\/100\n|-damage|p1a: Meowscarada|62\/100|[from] item: Life Orb\n|move|p2a: Aerodactyl|Dual Wingbeat|p1a: Meowscarada|[miss]\n|-miss|p2a: Aerodactyl|p1a: Meowscarada\n|move|p2b: Garganacl|Rock Tomb|p1b: Sylveon\n|-damage|p1b: Sylveon|51\/100\n|-unboost|p1b: Sylveon|spe|1\n|\n|-weather|Sandstorm|[upkeep]\n|-damage|p1a: Meowscarada|56\/100|[from] Sandstorm\n|-damage|p1b: Sylveon|45\/100|[from] Sandstorm\n|-heal|p2b: Garganacl|34\/100|[from] item: Leftovers\n|upkeep\n|turn|8\n|inactive|RoseWolf8 has 120 seconds left.\n|inactive|PBJK has 120 seconds left.\n|\n|t:|1700242451\n|move|p1a: Meowscarada|Flower Trick|p2b: Garganacl\n|-supereffective|p2b: Garganacl\n|-crit|p2b: Garganacl\n|-damage|p2b: Garganacl|0 fnt\n|faint|p2b: Garganacl\n|-damage|p1a: Meowscarada|46\/100|[from] item: Life Orb\n|move|p2a: Aerodactyl|Dual Wingbeat|p1a: Meowscarada|[miss]\n|-miss|p2a: Aerodactyl|p1a: Meowscarada\n|move|p1b: Sylveon|Wish|p1b: Sylveon\n|\n|-weather|Sandstorm|[upkeep]\n|-damage|p1a: Meowscarada|40\/100|[from] Sandstorm\n|-damage|p1b: Sylveon|39\/100|[from] Sandstorm\n|-sideend|p1: RoseWolf8|Reflect\n|upkeep\n|inactive|PBJK has 120 seconds left.\n|\n|t:|1700242469\n|switch|p2b: Golem|Golem-Alola, M|100\/100\n|-item|p2b: Golem|Air Balloon\n|turn|9\n|inactive|PBJK has 120 seconds left.\n|\n|t:|1700242491\n|switch|p1b: Victini|Victini|69\/100\n|-damage|p1b: Victini|44\/100|[from] Stealth Rock\n|move|p1a: Meowscarada|Flower Trick|p2b: Golem\n|-supereffective|p2b: Golem\n|-crit|p2b: Golem\n|-damage|p2b: Golem|10\/100\n|-enditem|p2b: Golem|Air Balloon\n|-damage|p1a: Meowscarada|30\/100|[from] item: Life Orb\n|move|p2a: Aerodactyl|Dual Wingbeat|p1a: Meowscarada|[miss]\n|-miss|p2a: Aerodactyl|p1a: Meowscarada\n|move|p2b: Golem|Double-Edge|p1b: Victini\n|-damage|p1b: Victini|0 fnt\n|faint|p1b: Victini\n|-damage|p2b: Golem|0 fnt|[from] Recoil\n|faint|p2b: Golem\n|\n|-weather|Sandstorm|[upkeep]\n|-damage|p1a: Meowscarada|24\/100|[from] Sandstorm\n|-sideend|p1: RoseWolf8|move: Light Screen\n|upkeep\n|\n|t:|1700242515\n|switch|p1b: Sylveon|Sylveon, F|39\/100\n|switch|p2b: Steelix|Steelix, M|55\/100\n|-damage|p1b: Sylveon|27\/100|[from] Stealth Rock\n|turn|10\n|c|\u2606PBJK|bro\n|\n|t:|1700242532\n|move|p1a: Meowscarada|Knock Off|p2b: Steelix\n|-damage|p2b: Steelix|33\/100\n|-enditem|p2b: Steelix|Assault Vest|[from] move: Knock Off|[of] p1a: Meowscarada\n|-damage|p1a: Meowscarada|14\/100|[from] item: Life Orb\n|move|p2a: Aerodactyl|Dual Wingbeat|p1a: Meowscarada\n|-supereffective|p1a: Meowscarada\n|-damage|p1a: Meowscarada|0 fnt\n|faint|p1a: Meowscarada\n|-hitcount|p1: Meowscarada|1\n|move|p1b: Sylveon|Reflect|p1b: Sylveon\n|-sidestart|p1: RoseWolf8|Reflect\n|move|p2b: Steelix|Iron Tail|p1b: Sylveon|[miss]\n|-miss|p2b: Steelix|p1b: Sylveon\n|\n|-weather|none\n|upkeep\n|\n|t:|1700242548\n|switch|p1a: Kingambit|Kingambit, M|100\/100\n|-damage|p1a: Kingambit|94\/100|[from] Stealth Rock\n|-activate|p1a: Kingambit|ability: Supreme Overlord\n|-start|p1a: Kingambit|fallen4|[silent]\n|turn|11\n|c|\u2606PBJK|BRRRROOOOOOOOOOOOOOOOO\n|\n|t:|1700242569\n|move|p2a: Aerodactyl|Dual Wingbeat|p1b: Sylveon\n|-damage|p1b: Sylveon|4\/100\n|-damage|p1b: Sylveon|0 fnt\n|faint|p1b: Sylveon\n|-hitcount|p1: Sylveon|2\n|move|p1a: Kingambit|Kowtow Cleave|p2b: Steelix\n|-damage|p2b: Steelix|0 fnt\n|faint|p2b: Steelix\n|\n|-heal|p1a: Kingambit|100\/100|[from] item: Leftovers\n|-sideend|p1: RoseWolf8|move: Aurora Veil\n|upkeep\n|turn|12\n|\n|t:|1700242591\n|move|p2a: Aerodactyl|Rock Slide|p1a: Kingambit|[miss]\n|-miss|p2a: Aerodactyl|p1a: Kingambit\n|move|p1a: Kingambit|Iron Head|p2a: Aerodactyl\n|-supereffective|p2a: Aerodactyl\n|-damage|p2a: Aerodactyl|0 fnt\n|faint|p2a: Aerodactyl\n|\n|win|RoseWolf8\n|raw|RoseWolf8's rating: 1092 &rarr; <strong>1115<\/strong><br \/>(+23 for winning)\n|raw|PBJK's rating: 1043 &rarr; <strong>1029<\/strong><br \/>(-14 for losing)\n|c|\u2606PBJK|gg\n|l|\u2606PBJK\n|c|\u2606RoseWolf8|gg\n","uploadtime":1700242618,"views":5,"p1id":"rosewolf8","p2id":"pbjk","formatid":"gen9nationaldexdoubles","rating":1029,"private":0,"password":""}