{"id":"gen9nationaldexdoubles-1963040202","p1":"Brick_Enjoyer_144","p2":"froslass reign","format":"[Gen 9] National Dex Doubles","log":"|j|\u2606Brick_Enjoyer_144\n|j|\u2606froslass reign\n|t:|1696818568\n|gametype|doubles\n|player|p1|Brick_Enjoyer_144|shauntal|1135\n|player|p2|froslass reign|acetrainersnow|1401\n|teamsize|p1|6\n|teamsize|p2|6\n|gen|9\n|tier|[Gen 9] National Dex Doubles\n|rated|\n|rule|HP Percentage Mod: HP is shown in percentages\n|rule|Endless Battle Clause: Forcing endless battles is banned\n|rule|OHKO Clause: OHKO moves are banned\n|rule|Evasion Moves Clause: Evasion moves are banned\n|rule|Evasion Abilities Clause: Evasion abilities are banned\n|rule|Species Clause: Limit one of each Pok\u00e9mon\n|rule|Gravity Sleep Clause: The combination of sleep-inducing moves with imperfect accuracy and Gravity or Gigantamax Orbeetle are banned\n|clearpoke\n|poke|p1|Banette, M|\n|poke|p1|Iron Valiant|\n|poke|p1|Dragonite, F|\n|poke|p1|Palafin, M|\n|poke|p1|Electrode-Hisui|\n|poke|p1|Meowscarada, F|\n|poke|p2|Froslass, F|\n|poke|p2|Thundurus, M|\n|poke|p2|Iron Hands|\n|poke|p2|Chi-Yu|\n|poke|p2|Scizor, F|\n|poke|p2|Flutter Mane|\n|teampreview\n|inactive|Battle timer is ON: inactive players will automatically lose when time's up. (requested by Brick_Enjoyer_144)\n|\n|t:|1696818582\n|start\n|switch|p1a: Palafin|Palafin, M|100\/100\n|switch|p1b: Electrode|Electrode-Hisui|100\/100\n|switch|p2a: Love Crash Landing|Froslass, F|100\/100\n|switch|p2b: Judge vs Judge|Thundurus, M|100\/100\n|turn|1\n|inactive|Brick_Enjoyer_144 has 120 seconds left.\n|\n|t:|1696818613\n|detailschange|p1a: Palafin|Palafin-Hero, M\n|switch|p1a: Iron Valiant|Iron Valiant|100\/100\n|-enditem|p1a: Iron Valiant|Booster Energy\n|-activate|p1a: Iron Valiant|ability: Quark Drive|[fromitem]\n|-start|p1a: Iron Valiant|quarkdrivespe\n|move|p2b: Judge vs Judge|Thunder Wave|p1a: Iron Valiant\n|-status|p1a: Iron Valiant|par\n|move|p2a: Love Crash Landing|Trick|p1a: Iron Valiant\n|-activate|p2a: Love Crash Landing|move: Trick|[of] p1a: Iron Valiant\n|-item|p1a: Iron Valiant|Choice Scarf|[from] move: Trick\n|-enditem|p2a: Love Crash Landing|Choice Scarf|[silent]|[from] move: Trick\n|move|p1b: Electrode|Volt Switch|p2a: Love Crash Landing\n|-damage|p2a: Love Crash Landing|63\/100\n|inactive|Brick_Enjoyer_144 has 120 seconds left.\n|\n|t:|1696818635\n|switch|p1b: Meowscarada|Meowscarada, F|100\/100|[from] Volt Switch\n|\n|upkeep\n|turn|2\n|inactive|Brick_Enjoyer_144 has 120 seconds left.\n|\n|t:|1696818652\n|move|p2a: Love Crash Landing|Protect|p2a: Love Crash Landing\n|-singleturn|p2a: Love Crash Landing|Protect\n|move|p1a: Iron Valiant|Dazzling Gleam|p2b: Judge vs Judge|[spread] p2b\n|-activate|p2a: Love Crash Landing|move: Protect\n|-damage|p2b: Judge vs Judge|67\/100\n|move|p1b: Meowscarada|Knock Off|p2a: Love Crash Landing\n|-start|p1b: Meowscarada|typechange|Dark|[from] ability: Protean\n|-activate|p2a: Love Crash Landing|move: Protect\n|move|p2b: Judge vs Judge|Thunderbolt|p1a: Iron Valiant\n|-damage|p1a: Iron Valiant|36\/100 par\n|\n|upkeep\n|turn|3\n|inactive|froslass reign has 120 seconds left.\n|\n|t:|1696818685\n|-terastallize|p2a: Love Crash Landing|Fighting\n|cant|p1a: Iron Valiant|par\n|move|p1b: Meowscarada|Knock Off|p2a: Love Crash Landing\n|-resisted|p2a: Love Crash Landing\n|-damage|p2a: Love Crash Landing|34\/100\n|move|p2a: Love Crash Landing|Ice Beam|p1a: Iron Valiant\n|-damage|p1a: Iron Valiant|0 fnt\n|faint|p1a: Iron Valiant\n|-end|p1a: Iron Valiant|Quark Drive|[silent]\n|move|p2b: Judge vs Judge|Thunderbolt|p1b: Meowscarada\n|-damage|p1b: Meowscarada|44\/100\n|\n|upkeep\n|inactive|Brick_Enjoyer_144 has 120 seconds left.\n|\n|t:|1696818699\n|switch|p1a: Palafin|Palafin-Hero, M|100\/100\n|-activate|p1a: Palafin|ability: Zero to Hero\n|turn|4\n|\n|t:|1696818717\n|move|p2a: Love Crash Landing|Protect|p2a: Love Crash Landing\n|-singleturn|p2a: Love Crash Landing|Protect\n|move|p1a: Palafin|Jet Punch|p2b: Judge vs Judge\n|-damage|p2b: Judge vs Judge|22\/100\n|-damage|p1a: Palafin|91\/100|[from] item: Life Orb\n|move|p2b: Judge vs Judge|Thunder Wave|p1a: Palafin\n|-status|p1a: Palafin|par\n|move|p1b: Meowscarada|Knock Off|p2b: Judge vs Judge\n|-damage|p2b: Judge vs Judge|0 fnt\n|-enditem|p2b: Judge vs Judge|Covert Cloak|[from] move: Knock Off|[of] p1b: Meowscarada\n|faint|p2b: Judge vs Judge\n|\n|upkeep\n|\n|t:|1696818727\n|switch|p2b: Fight For My Way|Iron Hands|100\/100\n|turn|5\n|\n|t:|1696818740\n|switch|p2a: Moon Lovers|Scizor, F|100\/100\n|move|p1b: Meowscarada|Knock Off|p2a: Moon Lovers\n|-damage|p2a: Moon Lovers|57\/100\n|cant|p1a: Palafin|par\n|move|p2b: Fight For My Way|Wild Charge|p1a: Palafin\n|-supereffective|p1a: Palafin\n|-damage|p1a: Palafin|0 fnt\n|faint|p1a: Palafin\n|-damage|p2b: Fight For My Way|83\/100|[from] Recoil\n|\n|-heal|p2b: Fight For My Way|90\/100|[from] item: Leftovers\n|upkeep\n|\n|t:|1696818753\n|switch|p1a: Banette|Banette, M|100\/100\n|-item|p2a: Moon Lovers|Scizorite|[from] ability: Frisk|[of] p1a: Banette|[identify]\n|-item|p2b: Fight For My Way|Leftovers|[from] ability: Frisk|[of] p1a: Banette|[identify]\n|turn|6\n|\n|t:|1696818766\n|detailschange|p1a: Banette|Banette-Mega, M\n|-mega|p1a: Banette|Banette|Banettite\n|detailschange|p2a: Moon Lovers|Scizor-Mega, F\n|-mega|p2a: Moon Lovers|Scizor|Scizorite\n|move|p1a: Banette|Will-O-Wisp|p2a: Moon Lovers\n|-status|p2a: Moon Lovers|brn\n|move|p2a: Moon Lovers|Bullet Punch|p1b: Meowscarada\n|-damage|p1b: Meowscarada|14\/100\n|move|p1b: Meowscarada|Knock Off|p2b: Fight For My Way\n|-resisted|p2b: Fight For My Way\n|-damage|p2b: Fight For My Way|65\/100\n|-enditem|p2b: Fight For My Way|Leftovers|[from] move: Knock Off|[of] p1b: Meowscarada\n|move|p2b: Fight For My Way|Wild Charge|p1a: Banette\n|-damage|p1a: Banette|28\/100\n|-damage|p2b: Fight For My Way|51\/100|[from] Recoil\n|\n|-damage|p2a: Moon Lovers|51\/100 brn|[from] brn\n|upkeep\n|turn|7\n|\n|t:|1696818783\n|move|p2b: Fight For My Way|Protect|p2b: Fight For My Way\n|-singleturn|p2b: Fight For My Way|Protect\n|move|p2a: Moon Lovers|Bullet Punch|p1a: Banette\n|-damage|p1a: Banette|4\/100\n|move|p1a: Banette|Destiny Bond|p1a: Banette\n|-singlemove|p1a: Banette|Destiny Bond\n|move|p1b: Meowscarada|Knock Off|p2a: Moon Lovers\n|-crit|p2a: Moon Lovers\n|-damage|p2a: Moon Lovers|4\/100 brn\n|\n|-damage|p2a: Moon Lovers|0 fnt|[from] brn\n|faint|p2a: Moon Lovers\n|upkeep\n|\n|t:|1696818800\n|switch|p2a: I Hear Your Voice|Chi-Yu|100\/100\n|-ability|p2a: I Hear Your Voice|Beads of Ruin\n|turn|8\n|\n|t:|1696818811\n|move|p2b: Fight For My Way|Protect||[still]\n|-fail|p2b: Fight For My Way\n|move|p1b: Meowscarada|Knock Off|p2a: I Hear Your Voice\n|-resisted|p2a: I Hear Your Voice\n|-damage|p2a: I Hear Your Voice|56\/100\n|-enditem|p2a: I Hear Your Voice|Leftovers|[from] move: Knock Off|[of] p1b: Meowscarada\n|move|p2a: I Hear Your Voice|Flamethrower|p1b: Meowscarada\n|-damage|p1b: Meowscarada|0 fnt\n|faint|p1b: Meowscarada\n|move|p1a: Banette|Poltergeist||[still]\n|-fail|p1a: Banette\n|\n|upkeep\n|\n|t:|1696818823\n|switch|p1b: Electrode|Electrode-Hisui|100\/100\n|turn|9\n|\n|t:|1696818849\n|move|p1a: Banette|Disable|p2a: I Hear Your Voice\n|-hint|Since gen 7, Dark is immune to Prankster moves.\n|-immune|p2a: I Hear Your Voice\n|move|p1b: Electrode|Chloroblast|p2b: Fight For My Way\n|-damage|p2b: Fight For My Way|0 fnt\n|faint|p2b: Fight For My Way\n|-end|p2b: Fight For My Way|Quark Drive|[silent]\n|-damage|p1b: Electrode|50\/100|[from] Recoil\n|move|p2a: I Hear Your Voice|Flamethrower|p1b: Electrode\n|-supereffective|p1b: Electrode\n|-damage|p1b: Electrode|0 fnt\n|faint|p1b: Electrode\n|\n|upkeep\n|\n|t:|1696818861\n|switch|p1b: Dragonite|Dragonite, F|100\/100\n|switch|p2b: Love Crash Landing|Froslass, F, tera:Fighting|34\/100\n|turn|10\n|\n|t:|1696818874\n|move|p1a: Banette|Destiny Bond|p1a: Banette\n|-singlemove|p1a: Banette|Destiny Bond\n|move|p2b: Love Crash Landing|Ice Beam|p1b: Dragonite\n|-supereffective|p1b: Dragonite\n|-damage|p1b: Dragonite|22\/100\n|move|p2a: I Hear Your Voice|Flamethrower|p1a: Banette\n|-crit|p1a: Banette\n|-damage|p1a: Banette|0 fnt\n|faint|p1a: Banette\n|-activate|p1a: Banette|move: Destiny Bond\n|faint|p2a: I Hear Your Voice\n|move|p1b: Dragonite|Dragon Dance|p1b: Dragonite\n|-boost|p1b: Dragonite|atk|1\n|-boost|p1b: Dragonite|spe|1\n|\n|upkeep\n|\n|t:|1696818879\n|switch|p2a: Hotel Del Luna|Flutter Mane|100\/100\n|-enditem|p2a: Hotel Del Luna|Booster Energy\n|-activate|p2a: Hotel Del Luna|ability: Protosynthesis|[fromitem]\n|-start|p2a: Hotel Del Luna|protosynthesisspe\n|turn|11\n|\n|t:|1696818888\n|-terastallize|p1b: Dragonite|Normal\n|move|p2b: Love Crash Landing|Protect|p2b: Love Crash Landing\n|-singleturn|p2b: Love Crash Landing|Protect\n|move|p1b: Dragonite|Extreme Speed|p2b: Love Crash Landing\n|-activate|p2b: Love Crash Landing|move: Protect\n|move|p2a: Hotel Del Luna|Moonblast|p1b: Dragonite\n|-damage|p1b: Dragonite|0 fnt\n|faint|p1b: Dragonite\n|\n|win|froslass reign\n|raw|Brick_Enjoyer_144's rating: 1135 &rarr; <strong>1126<\/strong><br \/>(-9 for losing)\n|raw|froslass reign's rating: 1401 &rarr; <strong>1408<\/strong><br \/>(+7 for winning)\n|l|\u2606froslass reign\n","uploadtime":1696818897,"views":10,"p1id":"brickenjoyer144","p2id":"froslassreign","formatid":"gen9nationaldexdoubles","rating":1126,"private":0,"password":""}