{"id":"gen9nationaldexdoubles-1959072316","p1":"not temp9","p2":"joaxd","format":"[Gen 9] National Dex Doubles","log":"|j|\u2606not temp9\n|j|\u2606joaxd\n|t:|1696383811\n|gametype|doubles\n|player|p1|not temp9|preschooler|1154\n|player|p2|joaxd|265|1124\n|teamsize|p1|6\n|teamsize|p2|6\n|gen|9\n|tier|[Gen 9] National Dex Doubles\n|rated|\n|rule|HP Percentage Mod: HP is shown in percentages\n|rule|Endless Battle Clause: Forcing endless battles is banned\n|rule|OHKO Clause: OHKO moves are banned\n|rule|Evasion Moves Clause: Evasion moves are banned\n|rule|Evasion Abilities Clause: Evasion abilities are banned\n|rule|Species Clause: Limit one of each Pok\u00e9mon\n|rule|Gravity Sleep Clause: The combination of sleep-inducing moves with imperfect accuracy and Gravity or Gigantamax Orbeetle are banned\n|clearpoke\n|poke|p1|Chien-Pao|\n|poke|p1|Hatterene, F|\n|poke|p1|Grimmsnarl, M|\n|poke|p1|Iron Hands|\n|poke|p1|Volcarona, M|\n|poke|p1|Metagross|\n|poke|p2|Regieleki|\n|poke|p2|Gastrodon, F|\n|poke|p2|Scizor, M|\n|poke|p2|Marowak-Alola, M|\n|poke|p2|Tapu Fini|\n|poke|p2|Hitmontop, M|\n|teampreview\n|inactive|Battle timer is ON: inactive players will automatically lose when time's up. (requested by not temp9)\n|\n|t:|1696383824\n|start\n|switch|p1a: Farewell Trunks|Metagross, shiny|100\/100\n|switch|p1b: fancy carpet|Chien-Pao|100\/100\n|switch|p2a: Scizor|Scizor, M|100\/100\n|switch|p2b: Hitmontop|Hitmontop, M|100\/100\n|-ability|p1b: fancy carpet|Sword of Ruin\n|-ability|p2b: Hitmontop|Intimidate|boost\n|-fail|p1a: Farewell Trunks|unboost|[from] ability: Clear Body|[of] p1a: Farewell Trunks\n|-unboost|p1b: fancy carpet|atk|1\n|turn|1\n|\n|t:|1696383845\n|detailschange|p2a: Scizor|Scizor-Mega, M\n|-mega|p2a: Scizor|Scizor|Scizorite\n|detailschange|p1a: Farewell Trunks|Metagross-Mega, shiny\n|-mega|p1a: Farewell Trunks|Metagross|Metagrossite\n|move|p1b: fancy carpet|Protect|p1b: fancy carpet\n|-singleturn|p1b: fancy carpet|Protect\n|move|p2b: Hitmontop|Fake Out|p1a: Farewell Trunks\n|-resisted|p1a: Farewell Trunks\n|-damage|p1a: Farewell Trunks|94\/100\n|move|p2a: Scizor|Bullet Punch|p1b: fancy carpet\n|-activate|p1b: fancy carpet|move: Protect\n|cant|p1a: Farewell Trunks|flinch\n|\n|upkeep\n|turn|2\n|\n|t:|1696383861\n|move|p2b: Hitmontop|Wide Guard|p2b: Hitmontop\n|-singleturn|p2b: Hitmontop|Wide Guard\n|move|p2a: Scizor|Bullet Punch|p1b: fancy carpet\n|-supereffective|p1b: fancy carpet\n|-damage|p1b: fancy carpet|5\/100\n|move|p1b: fancy carpet|Sacred Sword|p2a: Scizor\n|-damage|p2a: Scizor|75\/100\n|move|p1a: Farewell Trunks|Explosion|p2a: Scizor|[spread] p1b\n|-activate|p2a: Scizor|move: Wide Guard\n|-activate|p2b: Hitmontop|move: Wide Guard\n|-damage|p1b: fancy carpet|0 fnt\n|faint|p1a: Farewell Trunks\n|faint|p1b: fancy carpet\n|\n|upkeep\n|c|\u2606not temp9|lol\n|\n|t:|1696383871\n|switch|p1b: mothra|Volcarona, M|100\/100\n|switch|p1a: the nitty gritty|Grimmsnarl, M|100\/100\n|turn|3\n|\n|t:|1696383888\n|move|p2b: Hitmontop|Feint|p1b: mothra\n|-damage|p1b: mothra|86\/100\n|move|p1a: the nitty gritty|Reflect|p1a: the nitty gritty\n|-sidestart|p1: not temp9|Reflect\n|move|p1b: mothra|Quiver Dance|p1b: mothra\n|-boost|p1b: mothra|spa|1\n|-boost|p1b: mothra|spd|1\n|-boost|p1b: mothra|spe|1\n|move|p2a: Scizor|Lunge|p1a: the nitty gritty\n|-damage|p1a: the nitty gritty|72\/100\n|-unboost|p1a: the nitty gritty|atk|1\n|\n|upkeep\n|turn|4\n|\n|t:|1696383913\n|switch|p1a: sand hands|Iron Hands|100\/100\n|move|p1b: mothra|Fiery Dance|p2b: Hitmontop\n|-damage|p2b: Hitmontop|23\/100\n|-boost|p1b: mothra|spa|1\n|-enditem|p2b: Hitmontop|Eject Button\n|\n|t:|1696383924\n|switch|p2b: Marowak|Marowak-Alola, M|100\/100\n|move|p2a: Scizor|Close Combat|p1b: mothra\n|-resisted|p1b: mothra\n|-damage|p1b: mothra|61\/100\n|-unboost|p2a: Scizor|def|1\n|-unboost|p2a: Scizor|spd|1\n|\n|upkeep\n|turn|5\n|\n|t:|1696383941\n|move|p1b: mothra|Protect|p1b: mothra\n|-singleturn|p1b: mothra|Protect\n|move|p2a: Scizor|Bullet Punch|p1b: mothra\n|-activate|p1b: mothra|move: Protect\n|move|p2b: Marowak|Bonemerang|p1b: mothra\n|-activate|p1b: mothra|move: Protect\n|move|p1a: sand hands|Wild Charge|p2b: Marowak\n|-ability|p2b: Marowak|Lightning Rod|boost\n|-boost|p2b: Marowak|spa|1\n|\n|upkeep\n|turn|6\n|\n|t:|1696383966\n|-end|p1a: sand hands|Quark Drive|[silent]\n|switch|p1a: Hatterene|Hatterene, F|100\/100\n|move|p2a: Scizor|Bullet Punch|p1b: mothra\n|-resisted|p1b: mothra\n|-damage|p1b: mothra|43\/100\n|move|p1b: mothra|Fiery Dance|p2a: Scizor\n|-supereffective|p2a: Scizor\n|-damage|p2a: Scizor|0 fnt\n|faint|p2a: Scizor\n|move|p2b: Marowak|Bonemerang|p1b: mothra\n|-damage|p1b: mothra|23\/100\n|-enditem|p1b: mothra|Mago Berry|[eat]\n|-heal|p1b: mothra|56\/100|[from] item: Mago Berry\n|-damage|p1b: mothra|37\/100\n|-hitcount|p1b: mothra|2\n|\n|upkeep\n|\n|t:|1696383980\n|switch|p2a: Regieleki|Regieleki|100\/100\n|turn|7\n|\n|t:|1696384009\n|move|p2a: Regieleki|Electroweb|p1a: Hatterene|[spread] p1a,p1b\n|-damage|p1a: Hatterene|75\/100\n|-damage|p1b: mothra|18\/100\n|-unboost|p1a: Hatterene|spe|1\n|-unboost|p1b: mothra|spe|1\n|move|p1b: mothra|Bug Buzz|p2a: Regieleki\n|-damage|p2a: Regieleki|0 fnt\n|faint|p2a: Regieleki\n|move|p2b: Marowak|Bonemerang|p1b: mothra\n|-damage|p1b: mothra|0 fnt\n|faint|p1b: mothra\n|-hitcount|p1: mothra|1\n|move|p1a: Hatterene|Psychic|p2b: Marowak\n|-damage|p2b: Marowak|52\/100\n|\n|upkeep\n|\n|t:|1696384023\n|switch|p2a: Hitmontop|Hitmontop, M|23\/100\n|switch|p1b: sand hands|Iron Hands|100\/100\n|-ability|p2a: Hitmontop|Intimidate|boost\n|-unboost|p1a: Hatterene|atk|1\n|-unboost|p1b: sand hands|atk|1\n|turn|8\n|\n|t:|1696384036\n|-end|p1b: sand hands|Quark Drive|[silent]\n|switch|p1b: the nitty gritty|Grimmsnarl, M|72\/100\n|move|p2a: Hitmontop|Fake Out|p1a: Hatterene\n|-damage|p1a: Hatterene|66\/100\n|move|p2b: Marowak|Flare Blitz|p1a: Hatterene\n|-damage|p1a: Hatterene|20\/100\n|-enditem|p1a: Hatterene|Wiki Berry|[eat]\n|-heal|p1a: Hatterene|54\/100|[from] item: Wiki Berry\n|-damage|p2b: Marowak|35\/100|[from] Recoil\n|cant|p1a: Hatterene|flinch\n|\n|upkeep\n|turn|9\n|\n|t:|1696384053\n|switch|p1a: sand hands|Iron Hands|100\/100\n|move|p2a: Hitmontop|Close Combat|p1b: the nitty gritty\n|-crit|p1b: the nitty gritty\n|-damage|p1b: the nitty gritty|0 fnt\n|-unboost|p2a: Hitmontop|def|1\n|-unboost|p2a: Hitmontop|spd|1\n|faint|p1b: the nitty gritty\n|move|p2b: Marowak|Brick Break|p1a: sand hands\n|-sideend|p1: not temp9|Reflect\n|-damage|p1a: sand hands|84\/100\n|\n|upkeep\n|\n|t:|1696384058\n|switch|p1b: Hatterene|Hatterene, F|54\/100\n|turn|10\n|\n|t:|1696384083\n|move|p2a: Hitmontop|Wide Guard|p2a: Hitmontop\n|-singleturn|p2a: Hitmontop|Wide Guard\n|move|p2b: Marowak|Bonemerang|p1b: Hatterene\n|-damage|p1b: Hatterene|33\/100\n|-damage|p1b: Hatterene|14\/100\n|-hitcount|p1b: Hatterene|2\n|move|p1a: sand hands|Wild Charge|p2b: Marowak\n|-activate|p2b: Marowak|ability: Lightning Rod\n|-ability|p2b: Marowak|Lightning Rod|boost\n|-boost|p2b: Marowak|spa|1\n|move|p1b: Hatterene|Psychic|p2b: Marowak\n|-damage|p2b: Marowak|0 fnt\n|faint|p2b: Marowak\n|\n|upkeep\n|\n|t:|1696384101\n|switch|p2b: Gastrodon|Gastrodon, F|100\/100\n|turn|11\n|\n|t:|1696384112\n|move|p2a: Hitmontop|Close Combat|p1b: Hatterene\n|-resisted|p1b: Hatterene\n|-damage|p1b: Hatterene|0 fnt\n|-unboost|p2a: Hitmontop|def|1\n|-unboost|p2a: Hitmontop|spd|1\n|faint|p1b: Hatterene\n|move|p1a: sand hands|Play Rough|p2a: Hitmontop\n|-supereffective|p2a: Hitmontop\n|-damage|p2a: Hitmontop|0 fnt\n|faint|p2a: Hitmontop\n|move|p2b: Gastrodon|Ice Beam|p1a: sand hands\n|-damage|p1a: sand hands|69\/100\n|-status|p1a: sand hands|frz\n|\n|upkeep\n|\n|t:|1696384119\n|switch|p2a: Tapu Fini|Tapu Fini|100\/100\n|-fieldstart|move: Misty Terrain|[from] ability: Misty Surge|[of] p2a: Tapu Fini\n|turn|12\n|\n|t:|1696384125\n|-terastallize|p1a: sand hands|Fire\n|move|p2a: Tapu Fini|Moonblast|p1a: sand hands\n|-resisted|p1a: sand hands\n|-damage|p1a: sand hands|57\/100 frz\n|-unboost|p1a: sand hands|spa|1\n|cant|p1a: sand hands|frz\n|-zpower|p2b: Gastrodon\n|move|p2b: Gastrodon|Tectonic Rage|p1a: sand hands|[zeffect]\n|-supereffective|p1a: sand hands\n|-damage|p1a: sand hands|5\/100 frz\n|\n|upkeep\n|turn|13\n|c|\u2606not temp9|gg\n|-message|not temp9 forfeited.\n|\n|win|joaxd\n|raw|not temp9's rating: 1154 &rarr; <strong>1127<\/strong><br \/>(-27 for losing)\n|raw|joaxd's rating: 1124 &rarr; <strong>1151<\/strong><br \/>(+27 for winning)\n|l|\u2606not temp9\n|c|\u2606joaxd|gg\n","uploadtime":1696384147,"views":7,"p1id":"nottemp9","p2id":"joaxd","formatid":"gen9nationaldexdoubles","rating":1127,"private":0,"password":""}