{"id":"gen9nationaldexdoubles-1985361416","p1":"chi yuh yuh","p2":"kitsu-aria","format":"[Gen 9] National Dex Doubles","log":"|j|\u2606chi yuh yuh\n|j|\u2606kitsu-aria\n|t:|1699368129\n|gametype|doubles\n|player|p1|chi yuh yuh|1|1370\n|player|p2|kitsu-aria|roxie|1535\n|teamsize|p1|6\n|teamsize|p2|6\n|gen|9\n|tier|[Gen 9] National Dex Doubles\n|rated|\n|rule|HP Percentage Mod: HP is shown in percentages\n|rule|Endless Battle Clause: Forcing endless battles is banned\n|rule|OHKO Clause: OHKO moves are banned\n|rule|Evasion Moves Clause: Evasion moves are banned\n|rule|Evasion Abilities Clause: Evasion abilities are banned\n|rule|Species Clause: Limit one of each Pok\u00e9mon\n|rule|Gravity Sleep Clause: The combination of sleep-inducing moves with imperfect accuracy and Gravity or Gigantamax Orbeetle are banned\n|clearpoke\n|poke|p1|Luxray, M|\n|poke|p1|Ribombee, M|\n|poke|p1|Zeraora|\n|poke|p1|Latias, F|\n|poke|p1|Tapu Koko|\n|poke|p1|Hitmontop, M|\n|poke|p2|Lucario, F|\n|poke|p2|Volbeat, M|\n|poke|p2|Heatran, M|\n|poke|p2|Chien-Pao|\n|poke|p2|Flutter Mane|\n|poke|p2|Rillaboom, M|\n|teampreview\n|inactive|Battle timer is ON: inactive players will automatically lose when time's up. (requested by chi yuh yuh)\n|\n|t:|1699368144\n|start\n|switch|p1a: Ribombee|Ribombee, M|100\/100\n|switch|p1b: Zeraora|Zeraora|100\/100\n|switch|p2a: Lucario|Lucario, F|100\/100\n|switch|p2b: Flutter Mane|Flutter Mane|100\/100\n|turn|1\n|\n|t:|1699368152\n|-terastallize|p1b: Zeraora|Electric\n|move|p2a: Lucario|Bullet Punch|p1a: Ribombee\n|-supereffective|p1a: Ribombee\n|-damage|p1a: Ribombee|22\/100\n|move|p1b: Zeraora|Plasma Fists|p2b: Flutter Mane\n|-damage|p2b: Flutter Mane|0 fnt\n|-fieldactivate|move: Ion Deluge\n|-hint|Normal-type moves become Electric-type after using Plasma Fists.\n|faint|p2b: Flutter Mane\n|-end|p2b: Flutter Mane|Protosynthesis|[silent]\n|move|p1a: Ribombee|Sticky Web|p2a: Lucario\n|-sidestart|p2: kitsu-aria|move: Sticky Web\n|\n|upkeep\n|\n|t:|1699368166\n|switch|p2b: Rillaboom|Rillaboom, M|100\/100\n|-activate|p2b: Rillaboom|move: Sticky Web\n|-unboost|p2b: Rillaboom|spe|1\n|-fieldstart|move: Grassy Terrain|[from] ability: Grassy Surge|[of] p2b: Rillaboom\n|turn|2\n|\n|t:|1699368175\n|switch|p1b: Hitmontop|Hitmontop, M|100\/100\n|-ability|p1b: Hitmontop|Intimidate|boost\n|-fail|p2a: Lucario|unboost|Attack|[from] ability: Inner Focus|[of] p2a: Lucario\n|-unboost|p2b: Rillaboom|atk|1\n|switch|p1a: Latias|Latias, F|100\/100\n|detailschange|p2a: Lucario|Lucario-Mega, F\n|-mega|p2a: Lucario|Lucario|Lucarionite\n|move|p2b: Rillaboom|Fake Out|p1b: Hitmontop\n|-damage|p1b: Hitmontop|90\/100\n|move|p2a: Lucario|Close Combat|p1b: Hitmontop\n|-damage|p1b: Hitmontop|0 fnt\n|-unboost|p2a: Lucario|def|1\n|-unboost|p2a: Lucario|spd|1\n|faint|p1b: Hitmontop\n|\n|upkeep\n|\n|t:|1699368189\n|switch|p1b: Tapu Koko|Tapu Koko|100\/100\n|-fieldstart|move: Electric Terrain|[from] ability: Electric Surge|[of] p1b: Tapu Koko\n|turn|3\n|\n|t:|1699368196\n|move|p2a: Lucario|Protect|p2a: Lucario\n|-singleturn|p2a: Lucario|Protect\n|move|p1b: Tapu Koko|Thunderbolt|p2a: Lucario\n|-activate|p2a: Lucario|move: Protect\n|move|p1a: Latias|Draco Meteor|p2b: Rillaboom|[miss]\n|-miss|p1a: Latias|p2b: Rillaboom\n|move|p2b: Rillaboom|U-turn|p1a: Latias\n|-supereffective|p1a: Latias\n|-damage|p1a: Latias|57\/100\n|\n|t:|1699368207\n|switch|p2b: Heatran|Heatran, M|100\/100|[from] U-turn\n|-activate|p2b: Heatran|move: Sticky Web\n|-unboost|p2b: Heatran|spe|1\n|\n|upkeep\n|turn|4\n|\n|t:|1699368229\n|switch|p2a: Volbeat|Volbeat, M|100\/100\n|-activate|p2a: Volbeat|move: Sticky Web\n|-unboost|p2a: Volbeat|spe|1\n|switch|p1a: Ribombee|Ribombee, M|22\/100\n|move|p1b: Tapu Koko|Thunderbolt|p2a: Volbeat\n|-crit|p2a: Volbeat\n|-damage|p2a: Volbeat|9\/100\n|move|p2b: Heatran|Flamethrower|p1b: Tapu Koko\n|-damage|p1b: Tapu Koko|17\/100\n|\n|upkeep\n|turn|5\n|\n|t:|1699368245\n|switch|p1b: Latias|Latias, F|57\/100\n|move|p2a: Volbeat|Tailwind|p2a: Volbeat\n|-sidestart|p2: kitsu-aria|move: Tailwind\n|move|p1a: Ribombee|Moonblast|p2a: Volbeat\n|-damage|p2a: Volbeat|0 fnt\n|faint|p2a: Volbeat\n|move|p2b: Heatran|Eruption|p1b: Latias|[spread] p1a,p1b\n|-supereffective|p1a: Ribombee\n|-resisted|p1b: Latias\n|-damage|p1a: Ribombee|0 fnt\n|-damage|p1b: Latias|29\/100\n|faint|p1a: Ribombee\n|\n|upkeep\n|inactive|chi yuh yuh has 120 seconds left.\n|\n|t:|1699368285\n|switch|p1a: Zeraora|Zeraora, tera:Electric|100\/100\n|switch|p2a: Rillaboom|Rillaboom, M|100\/100\n|-activate|p2a: Rillaboom|move: Sticky Web\n|-unboost|p2a: Rillaboom|spe|1\n|-fieldstart|move: Grassy Terrain|[from] ability: Grassy Surge|[of] p2a: Rillaboom\n|turn|6\n|\n|t:|1699368297\n|switch|p1a: Tapu Koko|Tapu Koko|17\/100\n|-fieldstart|move: Electric Terrain|[from] ability: Electric Surge|[of] p1a: Tapu Koko\n|move|p2a: Rillaboom|Fake Out|p1a: Tapu Koko\n|-damage|p1a: Tapu Koko|0 fnt\n|faint|p1a: Tapu Koko\n|move|p1b: Latias|Ice Beam|p2a: Rillaboom\n|-supereffective|p2a: Rillaboom\n|-damage|p2a: Rillaboom|59\/100\n|move|p2b: Heatran|Eruption|p1b: Latias\n|-resisted|p1b: Latias\n|-damage|p1b: Latias|0 fnt\n|faint|p1b: Latias\n|\n|upkeep\n|\n|t:|1699368308\n|switch|p1a: Luxray|Luxray, M|100\/100\n|switch|p1b: Zeraora|Zeraora, tera:Electric|100\/100\n|turn|7\n|\n|t:|1699368319\n|switch|p2a: Lucario|Lucario-Mega, F|100\/100\n|-activate|p2a: Lucario|move: Sticky Web\n|-unboost|p2a: Lucario|spe|1\n|move|p1b: Zeraora|Plasma Fists|p2b: Heatran\n|-damage|p2b: Heatran|0 fnt\n|-fieldactivate|move: Ion Deluge\n|-hint|Normal-type moves become Electric-type after using Plasma Fists.\n|faint|p2b: Heatran\n|move|p1a: Luxray|Facade|p2a: Lucario\n|-damage|p2a: Lucario|44\/100\n|\n|-status|p1a: Luxray|brn|[from] item: Flame Orb\n|upkeep\n|\n|t:|1699368334\n|switch|p2b: Rillaboom|Rillaboom, M|59\/100\n|-activate|p2b: Rillaboom|move: Sticky Web\n|-unboost|p2b: Rillaboom|spe|1\n|-fieldstart|move: Grassy Terrain|[from] ability: Grassy Surge|[of] p2b: Rillaboom\n|turn|8\n|\n|t:|1699368340\n|move|p2b: Rillaboom|Fake Out|p1a: Luxray\n|-damage|p1a: Luxray|80\/100 brn\n|move|p2a: Lucario|Close Combat|p1b: Zeraora\n|-damage|p1b: Zeraora|0 fnt\n|-unboost|p2a: Lucario|def|1\n|-unboost|p2a: Lucario|spd|1\n|faint|p1b: Zeraora\n|cant|p1a: Luxray|flinch\n|\n|-heal|p2a: Lucario|50\/100|[from] Grassy Terrain\n|-heal|p2b: Rillaboom|66\/100|[from] Grassy Terrain\n|-heal|p1a: Luxray|86\/100 brn|[from] Grassy Terrain\n|-damage|p1a: Luxray|80\/100 brn|[from] brn\n|-sideend|p2: kitsu-aria|move: Tailwind\n|upkeep\n|turn|9\n|c|\u2606chi yuh yuh|its crazy how i every game just forget about tailwind\n|inactive|chi yuh yuh has 120 seconds left.\n|c|\u2606kitsu-aria|You need to take notes mid match to remember\n|c|\u2606chi yuh yuh|ima write a script that puts wind on the screen in my browser\n|inactive|chi yuh yuh has 90 seconds left.\n|c|\u2606kitsu-aria|Lol\n|c|\u2606chi yuh yuh|bruh take notes\n|c|\u2606chi yuh yuh|its tuesday on the ladder\n|c|\u2606chi yuh yuh|not the world cup final\n|\n|t:|1699368423\n|move|p1a: Luxray|Facade|p2b: Rillaboom\n|-damage|p2b: Rillaboom|0 fnt\n|faint|p2b: Rillaboom\n|move|p2a: Lucario|Close Combat|p1a: Luxray\n|-crit|p1a: Luxray\n|-damage|p1a: Luxray|0 fnt\n|-unboost|p2a: Lucario|def|1\n|-unboost|p2a: Lucario|spd|1\n|faint|p1a: Luxray\n|\n|win|kitsu-aria\n|raw|chi yuh yuh's rating: 1370 &rarr; <strong>1359<\/strong><br \/>(-11 for losing)\n|raw|kitsu-aria's rating: 1535 &rarr; <strong>1546<\/strong><br \/>(+11 for winning)\n|l|\u2606chi yuh yuh\n","uploadtime":1699368437,"views":15,"p1id":"chiyuhyuh","p2id":"kitsuaria","formatid":"gen9nationaldexdoubles","rating":1359,"private":0,"password":""}