{"id":"gen9nationaldexdoubles-1953043549","p1":"walterwhitegaming","p2":"Wicklette","format":"[Gen 9] National Dex Doubles","log":"|j|\u2606walterwhitegaming\n|j|\u2606Wicklette\n|t:|1695749807\n|gametype|doubles\n|player|p1|walterwhitegaming|gentleman-gen4|1000\n|player|p2|Wicklette|aromalady|1055\n|teamsize|p1|6\n|teamsize|p2|6\n|gen|9\n|tier|[Gen 9] National Dex Doubles\n|rated|\n|rule|HP Percentage Mod: HP is shown in percentages\n|rule|Endless Battle Clause: Forcing endless battles is banned\n|rule|OHKO Clause: OHKO moves are banned\n|rule|Evasion Moves Clause: Evasion moves are banned\n|rule|Evasion Abilities Clause: Evasion abilities are banned\n|rule|Species Clause: Limit one of each Pok\u00e9mon\n|rule|Gravity Sleep Clause: The combination of sleep-inducing moves with imperfect accuracy and Gravity or Gigantamax Orbeetle are banned\n|clearpoke\n|poke|p1|Skiploom, F|\n|poke|p1|Furret, F|\n|poke|p1|Decidueye, F|\n|poke|p1|Ninetales-Alola, M|\n|poke|p1|Snorlax, F|\n|poke|p1|Sinistcha|\n|poke|p2|Shuckle, M|\n|poke|p2|Snorlax, M|\n|poke|p2|Florges, F|\n|poke|p2|Meowscarada, F|\n|poke|p2|Hatterene, F|\n|poke|p2|Clefairy, F|\n|teampreview\n|\n|t:|1695749820\n|start\n|switch|p1a: Chubs|Snorlax, F|100\/100\n|switch|p1b: Hail Moment|Ninetales-Alola, M|100\/100\n|switch|p2a: The Shuckster|Shuckle, M|100\/100\n|switch|p2b: The Witch|Hatterene, F|100\/100\n|-weather|Snow|[from] ability: Snow Warning|[of] p1b: Hail Moment\n|turn|1\n|\n|t:|1695749840\n|switch|p2b: The Punching Bag|Snorlax, M|100\/100\n|move|p1a: Chubs|Protect|p1a: Chubs\n|-singleturn|p1a: Chubs|Protect\n|move|p1b: Hail Moment|Aurora Veil|p1b: Hail Moment\n|-sidestart|p1: walterwhitegaming|move: Aurora Veil\n|move|p2a: The Shuckster|Guard Split|p2b: The Punching Bag\n|-activate|p2a: The Shuckster|move: Guard Split|[of] p2b: The Punching Bag\n|\n|-weather|Snow|[upkeep]\n|upkeep\n|turn|2\n|\n|t:|1695749866\n|move|p1b: Hail Moment|Encore|p2a: The Shuckster\n|-start|p2a: The Shuckster|Encore\n|-enditem|p2a: The Shuckster|Mental Herb\n|-end|p2a: The Shuckster|Encore\n|move|p2b: The Punching Bag|Curse|p2b: The Punching Bag\n|-unboost|p2b: The Punching Bag|spe|1\n|-boost|p2b: The Punching Bag|atk|1\n|-boost|p2b: The Punching Bag|def|1\n|move|p1a: Chubs|Belly Drum|p1a: Chubs\n|-damage|p1a: Chubs|50\/100\n|-setboost|p1a: Chubs|atk|6|[from] move: Belly Drum\n|-enditem|p1a: Chubs|Sitrus Berry|[eat]\n|-heal|p1a: Chubs|75\/100|[from] item: Sitrus Berry\n|move|p2a: The Shuckster|Infestation|p1b: Hail Moment\n|-resisted|p1b: Hail Moment\n|-damage|p1b: Hail Moment|99\/100\n|-activate|p1b: Hail Moment|move: Infestation|[of] p2a: The Shuckster\n|\n|-weather|Snow|[upkeep]\n|-damage|p1b: Hail Moment|88\/100|[from] move: Infestation|[partiallytrapped]\n|upkeep\n|turn|3\n|inactive|Battle timer is ON: inactive players will automatically lose when time's up. (requested by Wicklette)\n|\n|t:|1695749913\n|switch|p2a: The Fairy|Clefairy, F|100\/100\n|move|p1b: Hail Moment|Freeze-Dry|p2b: The Punching Bag\n|-damage|p2b: The Punching Bag|97\/100\n|move|p1a: Chubs|Body Slam|p2a: The Fairy\n|-damage|p2a: The Fairy|0 fnt\n|faint|p2a: The Fairy\n|move|p2b: The Punching Bag|Curse|p2b: The Punching Bag\n|-unboost|p2b: The Punching Bag|spe|1\n|-boost|p2b: The Punching Bag|atk|1\n|-boost|p2b: The Punching Bag|def|1\n|\n|-weather|Snow|[upkeep]\n|-end|p1b: Hail Moment|Infestation|[partiallytrapped]|[silent]\n|upkeep\n|\n|t:|1695749925\n|switch|p2a: The Witch|Hatterene, F|100\/100\n|turn|4\n|\n|t:|1695749948\n|switch|p1b: Tea time!|Sinistcha, shiny|100\/100\n|-heal|p1a: Chubs|99\/100|[from] ability: Hospitality|[of] p1b: Tea time!\n|move|p1a: Chubs|Body Slam|p2a: The Witch\n|-damage|p2a: The Witch|0 fnt\n|faint|p2a: The Witch\n|move|p2b: The Punching Bag|Curse|p2b: The Punching Bag\n|-unboost|p2b: The Punching Bag|spe|1\n|-boost|p2b: The Punching Bag|atk|1\n|-boost|p2b: The Punching Bag|def|1\n|\n|-weather|Snow|[upkeep]\n|upkeep\n|\n|t:|1695749958\n|switch|p2a: The Trickster|Meowscarada, F|100\/100\n|turn|5\n|\n|t:|1695749975\n|move|p2a: The Trickster|Leech Seed|p1a: Chubs\n|-start|p1a: Chubs|move: Leech Seed\n|move|p1b: Tea time!|Strength Sap|p2b: The Punching Bag\n|-unboost|p2b: The Punching Bag|atk|1\n|move|p1a: Chubs|Body Slam|p2b: The Punching Bag\n|-damage|p2b: The Punching Bag|78\/100\n|move|p2b: The Punching Bag|Curse|p2b: The Punching Bag\n|-unboost|p2b: The Punching Bag|spe|1\n|-boost|p2b: The Punching Bag|atk|1\n|-boost|p2b: The Punching Bag|def|1\n|\n|-weather|Snow|[upkeep]\n|-damage|p1a: Chubs|88\/100|[from] Leech Seed|[of] p2a: The Trickster\n|-sideend|p1: walterwhitegaming|move: Aurora Veil\n|upkeep\n|turn|6\n|inactive|Wicklette has 120 seconds left.\n|\n|t:|1695750011\n|move|p2a: The Trickster|Taunt|p1a: Chubs\n|-start|p1a: Chubs|move: Taunt\n|move|p1b: Tea time!|Matcha Gotcha|p2b: The Punching Bag|[spread] p2b\n|-miss|p1b: Tea time!|p2a: The Trickster\n|-damage|p2b: The Punching Bag|68\/100\n|-status|p2b: The Punching Bag|brn\n|move|p1a: Chubs|Body Slam|p2a: The Trickster\n|-enditem|p2a: The Trickster|Focus Sash\n|-damage|p2a: The Trickster|1\/100\n|move|p2b: The Punching Bag|Curse|p2b: The Punching Bag\n|-unboost|p2b: The Punching Bag|spe|1\n|-boost|p2b: The Punching Bag|atk|1\n|-boost|p2b: The Punching Bag|def|1\n|\n|-weather|Snow|[upkeep]\n|-damage|p1a: Chubs|76\/100|[from] Leech Seed|[of] p2a: The Trickster\n|-heal|p2a: The Trickster|20\/100|[silent]\n|-damage|p2b: The Punching Bag|61\/100 brn|[from] brn\n|upkeep\n|turn|7\n|inactive|Wicklette has 120 seconds left.\n|\n|t:|1695750040\n|move|p2a: The Trickster|Flower Trick|p1a: Chubs\n|-crit|p1a: Chubs\n|-damage|p1a: Chubs|20\/100\n|move|p1b: Tea time!|Shadow Ball|p2b: The Punching Bag\n|-immune|p2b: The Punching Bag\n|move|p1a: Chubs|Earthquake|p2b: The Punching Bag|[spread] p1b,p2a,p2b\n|-resisted|p1b: Tea time!\n|-resisted|p2a: The Trickster\n|-damage|p1b: Tea time!|74\/100\n|-damage|p2a: The Trickster|0 fnt\n|-damage|p2b: The Punching Bag|53\/100 brn\n|faint|p2a: The Trickster\n|move|p2b: The Punching Bag|Curse|p2b: The Punching Bag\n|-unboost|p2b: The Punching Bag|spe|1\n|-boost|p2b: The Punching Bag|atk|1\n|-boost|p2b: The Punching Bag|def|1\n|\n|-weather|Snow|[upkeep]\n|-heal|p1b: Tea time!|80\/100|[from] item: Leftovers\n|-damage|p2b: The Punching Bag|46\/100 brn|[from] brn\n|upkeep\n|inactive|Wicklette has 120 seconds left.\n|\n|t:|1695750055\n|switch|p2a: The Bouquet|Florges, F|100\/100\n|turn|8\n|\n|t:|1695750063\n|move|p2a: The Bouquet|Pollen Puff|p2b: The Punching Bag\n|-heal|p2b: The Punching Bag|96\/100 brn\n|move|p1b: Tea time!|Matcha Gotcha|p2a: The Bouquet|[spread] p2a,p2b\n|-damage|p2a: The Bouquet|80\/100\n|-heal|p1b: Tea time!|88\/100|[from] drain|[of] p2a: The Bouquet\n|-damage|p2b: The Punching Bag|86\/100 brn\n|-heal|p1b: Tea time!|95\/100|[from] drain|[of] p2b: The Punching Bag\n|move|p1a: Chubs|Body Slam|p2b: The Punching Bag\n|-damage|p2b: The Punching Bag|73\/100 brn\n|move|p2b: The Punching Bag|Rest|p2b: The Punching Bag\n|-status|p2b: The Punching Bag|slp|[from] move: Rest\n|-heal|p2b: The Punching Bag|100\/100 slp|[silent]\n|-enditem|p2b: The Punching Bag|Chesto Berry|[eat]\n|-curestatus|p2b: The Punching Bag|slp|[msg]\n|-activate|p2a: The Bouquet|ability: Symbiosis|Rocky Helmet|[of] p2b: The Punching Bag\n|\n|-weather|none\n|-heal|p1b: Tea time!|100\/100|[from] item: Leftovers\n|-damage|p1a: Chubs|7\/100|[from] Leech Seed|[of] p2a: The Bouquet\n|-heal|p2a: The Bouquet|99\/100|[silent]\n|-end|p1a: Chubs|move: Taunt\n|upkeep\n|turn|9\n|inactive|walterwhitegaming has 120 seconds left.\n|\n|t:|1695750103\n|move|p2a: The Bouquet|Pollen Puff|p1b: Tea time!\n|-damage|p1b: Tea time!|68\/100\n|move|p1b: Tea time!|Matcha Gotcha|p2b: The Punching Bag|[spread] p2a,p2b\n|-damage|p2a: The Bouquet|81\/100\n|-heal|p1b: Tea time!|76\/100|[from] drain|[of] p2a: The Bouquet\n|-damage|p2b: The Punching Bag|91\/100\n|-heal|p1b: Tea time!|82\/100|[from] drain|[of] p2b: The Punching Bag\n|move|p1a: Chubs|Body Slam|p2a: The Bouquet\n|-damage|p2a: The Bouquet|0 fnt\n|faint|p2a: The Bouquet\n|move|p2b: The Punching Bag|Amnesia|p2b: The Punching Bag\n|-boost|p2b: The Punching Bag|spd|2\n|\n|-heal|p1b: Tea time!|88\/100|[from] item: Leftovers\n|upkeep\n|inactive|Wicklette has 120 seconds left.\n|\n|t:|1695750116\n|switch|p2a: The Shuckster|Shuckle, M|100\/100\n|turn|10\n|\n|t:|1695750129\n|move|p1a: Chubs|Protect|p1a: Chubs\n|-singleturn|p1a: Chubs|Protect\n|move|p1b: Tea time!|Strength Sap|p2b: The Punching Bag\n|-unboost|p2b: The Punching Bag|atk|1\n|-heal|p1b: Tea time!|100\/100\n|move|p2a: The Shuckster|Infestation|p1a: Chubs\n|-activate|p1a: Chubs|move: Protect\n|move|p2b: The Punching Bag|Rollout|p1b: Tea time!\n|-damage|p1b: Tea time!|84\/100\n|\n|-heal|p1b: Tea time!|90\/100|[from] item: Leftovers\n|-damage|p1a: Chubs|0 fnt|[from] Leech Seed|[of] p2a: The Shuckster\n|faint|p1a: Chubs\n|upkeep\n|\n|t:|1695750148\n|switch|p1a: Hail Moment|Ninetales-Alola, M|88\/100\n|-weather|Snow|[from] ability: Snow Warning|[of] p1a: Hail Moment\n|turn|11\n|\n|t:|1695750157\n|move|p1a: Hail Moment|Aurora Veil|p1a: Hail Moment\n|-sidestart|p1: walterwhitegaming|move: Aurora Veil\n|move|p1b: Tea time!|Strength Sap|p2b: The Punching Bag\n|-unboost|p2b: The Punching Bag|atk|1\n|-heal|p1b: Tea time!|100\/100\n|move|p2a: The Shuckster|Infestation|p1b: Tea time!\n|-damage|p1b: Tea time!|99\/100\n|-activate|p1b: Tea time!|move: Infestation|[of] p2a: The Shuckster\n|move|p2b: The Punching Bag|Rollout|p1b: Tea time!|[from]lockedmove\n|-crit|p1b: Tea time!\n|-damage|p1b: Tea time!|61\/100\n|\n|-weather|Snow|[upkeep]\n|-heal|p1b: Tea time!|67\/100|[from] item: Leftovers\n|-damage|p1b: Tea time!|54\/100|[from] move: Infestation|[partiallytrapped]\n|upkeep\n|turn|12\n|\n|t:|1695750175\n|move|p2a: The Shuckster|Protect|p2a: The Shuckster\n|-singleturn|p2a: The Shuckster|Protect\n|move|p1a: Hail Moment|Encore|p2a: The Shuckster\n|-activate|p2a: The Shuckster|move: Protect\n|move|p1b: Tea time!|Strength Sap|p2b: The Punching Bag\n|-unboost|p2b: The Punching Bag|atk|1\n|-heal|p1b: Tea time!|100\/100\n|move|p2b: The Punching Bag|Rollout|p1b: Tea time!|[from]lockedmove\n|-damage|p1b: Tea time!|72\/100\n|\n|-weather|Snow|[upkeep]\n|-heal|p1b: Tea time!|78\/100|[from] item: Leftovers\n|-damage|p1b: Tea time!|66\/100|[from] move: Infestation|[partiallytrapped]\n|upkeep\n|turn|13\n|\n|t:|1695750202\n|move|p1a: Hail Moment|Freeze-Dry|p2a: The Shuckster\n|-damage|p2a: The Shuckster|85\/100\n|move|p1b: Tea time!|Strength Sap|p2b: The Punching Bag\n|-unboost|p2b: The Punching Bag|atk|1\n|-heal|p1b: Tea time!|100\/100\n|move|p2a: The Shuckster|Gastro Acid|p1b: Tea time!\n|-endability|p1b: Tea time!\n|move|p2b: The Punching Bag|Rollout|p1b: Tea time!|[from]lockedmove\n|-damage|p1b: Tea time!|59\/100\n|\n|-weather|Snow|[upkeep]\n|-heal|p1b: Tea time!|65\/100|[from] item: Leftovers\n|-damage|p1b: Tea time!|52\/100|[from] move: Infestation|[partiallytrapped]\n|upkeep\n|turn|14\n|inactive|walterwhitegaming has 120 seconds left.\n|\n|t:|1695750244\n|move|p1a: Hail Moment|Freeze-Dry|p2a: The Shuckster\n|-damage|p2a: The Shuckster|67\/100\n|move|p1b: Tea time!|Strength Sap|p2b: The Punching Bag\n|-unboost|p2b: The Punching Bag|atk|1\n|-heal|p1b: Tea time!|100\/100\n|move|p2a: The Shuckster|Infestation|p1b: Tea time!\n|-damage|p1b: Tea time!|99\/100\n|move|p2b: The Punching Bag|Rollout|p1b: Tea time!|[from]lockedmove\n|-damage|p1b: Tea time!|42\/100\n|\n|-weather|Snow|[upkeep]\n|-heal|p1b: Tea time!|48\/100|[from] item: Leftovers\n|-damage|p1b: Tea time!|35\/100|[from] move: Infestation|[partiallytrapped]\n|upkeep\n|turn|15\n|inactive|walterwhitegaming has 120 seconds left.\n|\n|t:|1695750260\n|move|p1a: Hail Moment|Encore|p2b: The Punching Bag\n|-start|p2b: The Punching Bag|Encore\n|move|p1b: Tea time!|Strength Sap|p2b: The Punching Bag\n|-unboost|p2b: The Punching Bag|atk|1\n|-heal|p1b: Tea time!|100\/100\n|move|p2a: The Shuckster|Infestation|p1b: Tea time!\n|-damage|p1b: Tea time!|99\/100\n|move|p2b: The Punching Bag|Rollout|p1b: Tea time!\n|-damage|p1b: Tea time!|97\/100\n|\n|-weather|Snow|[upkeep]\n|-heal|p1b: Tea time!|100\/100|[from] item: Leftovers\n|-damage|p1b: Tea time!|88\/100|[from] move: Infestation|[partiallytrapped]\n|-sideend|p1: walterwhitegaming|move: Aurora Veil\n|upkeep\n|turn|16\n|\n|t:|1695750283\n|move|p1a: Hail Moment|Aurora Veil|p1a: Hail Moment\n|-sidestart|p1: walterwhitegaming|move: Aurora Veil\n|move|p1b: Tea time!|Matcha Gotcha|p2b: The Punching Bag|[spread] p2a,p2b\n|-damage|p2a: The Shuckster|49\/100\n|-heal|p1b: Tea time!|93\/100|[from] drain|[of] p2a: The Shuckster\n|-damage|p2b: The Punching Bag|86\/100\n|-heal|p1b: Tea time!|96\/100|[from] drain|[of] p2b: The Punching Bag\n|-status|p2b: The Punching Bag|brn\n|move|p2a: The Shuckster|Infestation|p1b: Tea time!\n|-damage|p1b: Tea time!|95\/100\n|move|p2b: The Punching Bag|Rollout|p1b: Tea time!|[from]lockedmove\n|-damage|p1b: Tea time!|92\/100\n|\n|-weather|Snow|[upkeep]\n|-heal|p1b: Tea time!|98\/100|[from] item: Leftovers\n|-damage|p2b: The Punching Bag|80\/100 brn|[from] brn\n|-end|p1b: Tea time!|Infestation|[partiallytrapped]\n|upkeep\n|turn|17\n|\n|t:|1695750310\n|move|p1a: Hail Moment|Freeze-Dry|p2a: The Shuckster\n|-damage|p2a: The Shuckster|32\/100\n|move|p1b: Tea time!|Matcha Gotcha|p2b: The Punching Bag|[spread] p2a,p2b\n|-damage|p2a: The Shuckster|13\/100\n|-heal|p1b: Tea time!|100\/100|[from] drain|[of] p2a: The Shuckster\n|-damage|p2b: The Punching Bag|76\/100 brn\n|move|p2a: The Shuckster|Infestation|p1b: Tea time!\n|-damage|p1b: Tea time!|99\/100\n|-activate|p1b: Tea time!|move: Infestation|[of] p2a: The Shuckster\n|move|p2b: The Punching Bag|Rollout|p1b: Tea time!|[from]lockedmove\n|-damage|p1b: Tea time!|94\/100\n|\n|-weather|Snow|[upkeep]\n|-heal|p1b: Tea time!|99\/100|[from] item: Leftovers\n|-damage|p2b: The Punching Bag|69\/100 brn|[from] brn\n|-damage|p1b: Tea time!|88\/100|[from] move: Infestation|[partiallytrapped]\n|-end|p2b: The Punching Bag|Encore\n|upkeep\n|turn|18\n|\n|t:|1695750332\n|move|p2a: The Shuckster|Protect|p2a: The Shuckster\n|-singleturn|p2a: The Shuckster|Protect\n|move|p1a: Hail Moment|Freeze-Dry|p2a: The Shuckster\n|-activate|p2a: The Shuckster|move: Protect\n|move|p1b: Tea time!|Matcha Gotcha|p2b: The Punching Bag|[spread] p2b\n|-activate|p2a: The Shuckster|move: Protect\n|-damage|p2b: The Punching Bag|64\/100 brn\n|-heal|p1b: Tea time!|91\/100|[from] drain|[of] p2b: The Punching Bag\n|move|p2b: The Punching Bag|Rollout|p1b: Tea time!|[from]lockedmove\n|-damage|p1b: Tea time!|82\/100\n|\n|-weather|none\n|-heal|p1b: Tea time!|88\/100|[from] item: Leftovers\n|-damage|p2b: The Punching Bag|58\/100 brn|[from] brn\n|-damage|p1b: Tea time!|76\/100|[from] move: Infestation|[partiallytrapped]\n|upkeep\n|turn|19\n|\n|t:|1695750360\n|move|p1a: Hail Moment|Freeze-Dry|p2a: The Shuckster\n|-damage|p2a: The Shuckster|0 fnt\n|faint|p2a: The Shuckster\n|move|p1b: Tea time!|Strength Sap|p2b: The Punching Bag\n|-unboost|p2b: The Punching Bag|atk|1\n|-heal|p1b: Tea time!|100\/100\n|move|p2b: The Punching Bag|Rollout|p1b: Tea time!|[from]lockedmove\n|-damage|p1b: Tea time!|87\/100\n|\n|-heal|p1b: Tea time!|93\/100|[from] item: Leftovers\n|-damage|p2b: The Punching Bag|52\/100 brn|[from] brn\n|-end|p1b: Tea time!|Infestation|[partiallytrapped]|[silent]\n|upkeep\n|turn|20\n|\n|t:|1695750381\n|-terastallize|p2b: The Punching Bag|Normal\n|move|p1a: Hail Moment|Freeze-Dry|p2b: The Punching Bag\n|-damage|p2b: The Punching Bag|50\/100 brn\n|move|p1b: Tea time!|Strength Sap|p2b: The Punching Bag\n|-unboost|p2b: The Punching Bag|atk|1\n|-heal|p1b: Tea time!|100\/100\n|move|p2b: The Punching Bag|Rest|p2b: The Punching Bag\n|-status|p2b: The Punching Bag|slp|[from] move: Rest\n|-heal|p2b: The Punching Bag|100\/100 slp|[silent]\n|\n|-sideend|p1: walterwhitegaming|move: Aurora Veil\n|upkeep\n|turn|21\n|\n|t:|1695750406\n|switch|p1a: :3|Furret, F, shiny|100\/100\n|-item|p2b: The Punching Bag|Rocky Helmet|[from] ability: Frisk|[of] p1a: :3|[identify]\n|move|p1b: Tea time!|Strength Sap|p2b: The Punching Bag\n|-unboost|p2b: The Punching Bag|atk|1\n|cant|p2b: The Punching Bag|slp\n|\n|upkeep\n|turn|22\n|\n|t:|1695750427\n|-terastallize|p1a: :3|Normal\n|move|p1a: :3|Giga Impact|p2b: The Punching Bag|[miss]\n|-miss|p1a: :3|p2b: The Punching Bag\n|move|p1b: Tea time!|Matcha Gotcha|p2b: The Punching Bag|[miss]\n|-miss|p1b: Tea time!|p2b: The Punching Bag\n|cant|p2b: The Punching Bag|slp\n|\n|upkeep\n|turn|23\n|\n|t:|1695750445\n|move|p1a: :3|Giga Impact|p2b: The Punching Bag\n|-damage|p2b: The Punching Bag|92\/100 slp\n|-mustrecharge|p1a: :3\n|-damage|p1a: :3|84\/100|[from] item: Rocky Helmet|[of] p2b: The Punching Bag\n|move|p1b: Tea time!|Matcha Gotcha|p2b: The Punching Bag\n|-damage|p2b: The Punching Bag|85\/100 slp\n|-curestatus|p2b: The Punching Bag|slp|[msg]\n|move|p2b: The Punching Bag|Amnesia|p2b: The Punching Bag\n|-boost|p2b: The Punching Bag|spd|2\n|\n|upkeep\n|turn|24\n|\n|t:|1695750457\n|cant|p1a: :3|recharge\n|move|p1b: Tea time!|Matcha Gotcha|p2b: The Punching Bag\n|-damage|p2b: The Punching Bag|81\/100\n|move|p2b: The Punching Bag|Amnesia|p2b: The Punching Bag\n|-boost|p2b: The Punching Bag|spd|2\n|\n|upkeep\n|turn|25\n|\n|t:|1695750482\n|move|p1a: :3|Giga Impact|p2b: The Punching Bag\n|-damage|p2b: The Punching Bag|73\/100\n|-mustrecharge|p1a: :3\n|-damage|p1a: :3|68\/100|[from] item: Rocky Helmet|[of] p2b: The Punching Bag\n|move|p1b: Tea time!|Matcha Gotcha|p2b: The Punching Bag\n|-damage|p2b: The Punching Bag|69\/100\n|move|p2b: The Punching Bag|Curse|p2b: The Punching Bag\n|-boost|p2b: The Punching Bag|atk|1\n|\n|upkeep\n|turn|26\n|c|\u2606walterwhitegaming|he really is a punching bag\n|\n|t:|1695750502\n|cant|p1a: :3|recharge\n|move|p1b: Tea time!|Calm Mind|p1b: Tea time!\n|-boost|p1b: Tea time!|spa|1\n|-boost|p1b: Tea time!|spd|1\n|move|p2b: The Punching Bag|Curse|p2b: The Punching Bag\n|-boost|p2b: The Punching Bag|atk|1\n|\n|upkeep\n|turn|27\n|\n|t:|1695750519\n|move|p1a: :3|Knock Off|p2b: The Punching Bag\n|-damage|p2b: The Punching Bag|66\/100\n|-damage|p1a: :3|51\/100|[from] item: Rocky Helmet|[of] p2b: The Punching Bag\n|-enditem|p2b: The Punching Bag|Rocky Helmet|[from] move: Knock Off|[of] p1a: :3\n|move|p1b: Tea time!|Calm Mind|p1b: Tea time!\n|-boost|p1b: Tea time!|spa|1\n|-boost|p1b: Tea time!|spd|1\n|move|p2b: The Punching Bag|Curse|p2b: The Punching Bag\n|-boost|p2b: The Punching Bag|atk|1\n|\n|upkeep\n|turn|28\n|\n|t:|1695750545\n|move|p1a: :3|Play Rough|p2b: The Punching Bag\n|-damage|p2b: The Punching Bag|64\/100\n|move|p1b: Tea time!|Calm Mind|p1b: Tea time!\n|-boost|p1b: Tea time!|spa|1\n|-boost|p1b: Tea time!|spd|1\n|move|p2b: The Punching Bag|Curse|p2b: The Punching Bag\n|-boost|p2b: The Punching Bag|atk|1\n|\n|upkeep\n|turn|29\n|\n|t:|1695750555\n|move|p1a: :3|Play Rough|p2b: The Punching Bag\n|-damage|p2b: The Punching Bag|62\/100\n|move|p1b: Tea time!|Strength Sap|p2b: The Punching Bag\n|-unboost|p2b: The Punching Bag|atk|1\n|move|p2b: The Punching Bag|Curse|p2b: The Punching Bag\n|-boost|p2b: The Punching Bag|atk|1\n|\n|upkeep\n|turn|30\n|\n|t:|1695750570\n|move|p1a: :3|Play Rough|p2b: The Punching Bag\n|-damage|p2b: The Punching Bag|60\/100\n|move|p1b: Tea time!|Strength Sap|p2b: The Punching Bag\n|-unboost|p2b: The Punching Bag|atk|1\n|move|p2b: The Punching Bag|Curse|p2b: The Punching Bag\n|-boost|p2b: The Punching Bag|atk|1\n|\n|upkeep\n|turn|31\n|c|\u2606Wicklette|he's the best punching bag lol\n|\n|t:|1695750593\n|move|p1a: :3|Play Rough|p2b: The Punching Bag\n|-damage|p2b: The Punching Bag|57\/100\n|move|p1b: Tea time!|Matcha Gotcha|p2b: The Punching Bag\n|-damage|p2b: The Punching Bag|49\/100\n|move|p2b: The Punching Bag|Curse|p2b: The Punching Bag\n|-boost|p2b: The Punching Bag|atk|1\n|\n|upkeep\n|turn|32\n|\n|t:|1695750608\n|move|p1a: :3|Play Rough|p2b: The Punching Bag\n|-damage|p2b: The Punching Bag|46\/100\n|move|p1b: Tea time!|Matcha Gotcha|p2b: The Punching Bag\n|-damage|p2b: The Punching Bag|38\/100\n|move|p2b: The Punching Bag|Curse|p2b: The Punching Bag\n|-boost|p2b: The Punching Bag|atk|1\n|\n|upkeep\n|turn|33\n|\n|t:|1695750618\n|move|p1a: :3|Play Rough|p2b: The Punching Bag\n|-damage|p2b: The Punching Bag|36\/100\n|move|p1b: Tea time!|Matcha Gotcha|p2b: The Punching Bag\n|-damage|p2b: The Punching Bag|28\/100\n|move|p2b: The Punching Bag|Rest|p2b: The Punching Bag\n|-status|p2b: The Punching Bag|slp|[from] move: Rest\n|-heal|p2b: The Punching Bag|100\/100 slp|[silent]\n|\n|upkeep\n|turn|34\n|c|\u2606walterwhitegaming|man pls\n|c|\u2606walterwhitegaming|i have a wife and kids\n|inactive|walterwhitegaming has 120 seconds left.\n|c|\u2606walterwhitegaming|thats a lie im gay\n|c|\u2606Wicklette|let him cook\n|\n|t:|1695750660\n|move|p1a: :3|Play Rough|p2b: The Punching Bag\n|-damage|p2b: The Punching Bag|98\/100 slp\n|move|p1b: Tea time!|Matcha Gotcha|p2b: The Punching Bag\n|-damage|p2b: The Punching Bag|91\/100 slp\n|cant|p2b: The Punching Bag|slp\n|\n|upkeep\n|turn|35\n|\n|t:|1695750672\n|move|p1a: :3|Play Rough|p2b: The Punching Bag\n|-damage|p2b: The Punching Bag|89\/100 slp\n|move|p1b: Tea time!|Calm Mind|p1b: Tea time!\n|-boost|p1b: Tea time!|spa|1\n|-boost|p1b: Tea time!|spd|1\n|cant|p2b: The Punching Bag|slp\n|\n|upkeep\n|turn|36\n|\n|t:|1695750691\n|move|p1a: :3|Giga Impact|p2b: The Punching Bag\n|-damage|p2b: The Punching Bag|81\/100 slp\n|-mustrecharge|p1a: :3\n|move|p1b: Tea time!|Calm Mind|p1b: Tea time!\n|-boost|p1b: Tea time!|spa|1\n|-boost|p1b: Tea time!|spd|1\n|-curestatus|p2b: The Punching Bag|slp|[msg]\n|move|p2b: The Punching Bag|Curse|p2b: The Punching Bag\n|-boost|p2b: The Punching Bag|atk|1\n|\n|upkeep\n|turn|37\n|\n|t:|1695750707\n|cant|p1a: :3|recharge\n|move|p1b: Tea time!|Matcha Gotcha|p2b: The Punching Bag\n|-damage|p2b: The Punching Bag|68\/100\n|move|p2b: The Punching Bag|Rollout|p1b: Tea time!\n|-damage|p1b: Tea time!|87\/100\n|\n|-heal|p1b: Tea time!|94\/100|[from] item: Leftovers\n|upkeep\n|turn|38\n|\n|t:|1695750722\n|move|p1a: :3|U-turn|p2b: The Punching Bag\n|-damage|p2b: The Punching Bag|66\/100\n|\n|t:|1695750727\n|switch|p1a: lil floater|Skiploom, F|100\/100|[from] U-turn\n|move|p1b: Tea time!|Strength Sap|p2b: The Punching Bag\n|-unboost|p2b: The Punching Bag|atk|1\n|-heal|p1b: Tea time!|100\/100\n|move|p2b: The Punching Bag|Rollout|p1b: Tea time!|[from]lockedmove\n|-damage|p1b: Tea time!|80\/100\n|\n|-heal|p1b: Tea time!|86\/100|[from] item: Leftovers\n|upkeep\n|turn|39\n|\n|t:|1695750756\n|move|p1a: lil floater|Rage Powder|p1a: lil floater\n|-singleturn|p1a: lil floater|move: Rage Powder\n|move|p1b: Tea time!|Matcha Gotcha|p2b: The Punching Bag\n|-damage|p2b: The Punching Bag|55\/100\n|-heal|p1b: Tea time!|94\/100|[from] drain|[of] p2b: The Punching Bag\n|move|p2b: The Punching Bag|Rollout|p1a: lil floater|[from]lockedmove\n|-supereffective|p1a: lil floater\n|-damage|p1a: lil floater|0 fnt\n|faint|p1a: lil floater\n|\n|-heal|p1b: Tea time!|99\/100|[from] item: Leftovers\n|upkeep\n|c|\u2606Wicklette|time to rock n roll\n|inactive|walterwhitegaming has 120 seconds left.\n|\n|t:|1695750770\n|switch|p1a: Hoodini|Decidueye, F, shiny|100\/100\n|turn|40\n|\n|t:|1695750777\n|move|p1a: Hoodini|Leaf Storm|p2b: The Punching Bag|[miss]\n|-miss|p1a: Hoodini|p2b: The Punching Bag\n|move|p1b: Tea time!|Matcha Gotcha|p2b: The Punching Bag\n|-damage|p2b: The Punching Bag|43\/100\n|-heal|p1b: Tea time!|100\/100|[from] drain|[of] p2b: The Punching Bag\n|move|p2b: The Punching Bag|Rollout|p1b: Tea time!|[from]lockedmove\n|-damage|p1b: Tea time!|15\/100\n|\n|-heal|p1b: Tea time!|21\/100|[from] item: Leftovers\n|upkeep\n|turn|41\n|\n|t:|1695750789\n|move|p1a: Hoodini|Leaf Storm|p2b: The Punching Bag\n|-damage|p2b: The Punching Bag|37\/100\n|-unboost|p1a: Hoodini|spa|2\n|move|p1b: Tea time!|Matcha Gotcha|p2b: The Punching Bag\n|-damage|p2b: The Punching Bag|27\/100\n|-heal|p1b: Tea time!|28\/100|[from] drain|[of] p2b: The Punching Bag\n|move|p2b: The Punching Bag|Rollout|p1b: Tea time!|[from]lockedmove|[miss]\n|-miss|p2b: The Punching Bag|p1b: Tea time!\n|\n|-heal|p1b: Tea time!|34\/100|[from] item: Leftovers\n|upkeep\n|turn|42\n|\n|t:|1695750803\n|move|p1a: Hoodini|Leaf Storm|p2b: The Punching Bag\n|-damage|p2b: The Punching Bag|23\/100\n|-unboost|p1a: Hoodini|spa|2\n|move|p1b: Tea time!|Matcha Gotcha|p2b: The Punching Bag\n|-damage|p2b: The Punching Bag|13\/100\n|-heal|p1b: Tea time!|42\/100|[from] drain|[of] p2b: The Punching Bag\n|move|p2b: The Punching Bag|Rest|p2b: The Punching Bag\n|-status|p2b: The Punching Bag|slp|[from] move: Rest\n|-heal|p2b: The Punching Bag|100\/100 slp|[silent]\n|\n|-heal|p1b: Tea time!|48\/100|[from] item: Leftovers\n|upkeep\n|turn|43\n|c|\u2606Wicklette|that was close\n|c|\u2606walterwhitegaming|man.\n|inactive|walterwhitegaming has 120 seconds left.\n|\n|t:|1695750836\n|move|p1a: Hoodini|Nasty Plot|p1a: Hoodini\n|-boost|p1a: Hoodini|spa|2\n|move|p1b: Tea time!|Calm Mind|p1b: Tea time!\n|-boost|p1b: Tea time!|spa|1\n|-boost|p1b: Tea time!|spd|1\n|cant|p2b: The Punching Bag|slp\n|\n|-heal|p1b: Tea time!|54\/100|[from] item: Leftovers\n|upkeep\n|turn|44\n|\n|t:|1695750844\n|move|p1a: Hoodini|Nasty Plot|p1a: Hoodini\n|-boost|p1a: Hoodini|spa|2\n|move|p1b: Tea time!|Strength Sap|p2b: The Punching Bag\n|-unboost|p2b: The Punching Bag|atk|1\n|-heal|p1b: Tea time!|100\/100\n|cant|p2b: The Punching Bag|slp\n|\n|upkeep\n|turn|45\n|\n|t:|1695750865\n|move|p1a: Hoodini|Nasty Plot|p1a: Hoodini\n|-boost|p1a: Hoodini|spa|2\n|move|p1b: Tea time!|Matcha Gotcha|p2b: The Punching Bag|[miss]\n|-miss|p1b: Tea time!|p2b: The Punching Bag\n|-curestatus|p2b: The Punching Bag|slp|[msg]\n|move|p2b: The Punching Bag|Curse|p2b: The Punching Bag\n|-boost|p2b: The Punching Bag|atk|1\n|\n|upkeep\n|turn|46\n|\n|t:|1695750874\n|move|p1a: Hoodini|Nasty Plot|p1a: Hoodini\n|-boost|p1a: Hoodini|spa|2\n|move|p1b: Tea time!|Matcha Gotcha|p2b: The Punching Bag\n|-damage|p2b: The Punching Bag|87\/100\n|-status|p2b: The Punching Bag|brn\n|move|p2b: The Punching Bag|Rollout|p1b: Tea time!\n|-damage|p1b: Tea time!|95\/100\n|\n|-heal|p1b: Tea time!|100\/100|[from] item: Leftovers\n|-damage|p2b: The Punching Bag|81\/100 brn|[from] brn\n|upkeep\n|turn|47\n|\n|t:|1695750888\n|move|p1a: Hoodini|Nasty Plot|p1a: Hoodini\n|-boost|p1a: Hoodini|spa|2\n|move|p1b: Tea time!|Matcha Gotcha|p2b: The Punching Bag\n|-crit|p2b: The Punching Bag\n|-damage|p2b: The Punching Bag|10\/100 brn\n|move|p2b: The Punching Bag|Rollout|p1b: Tea time!|[from]lockedmove\n|-damage|p1b: Tea time!|90\/100\n|\n|-heal|p1b: Tea time!|96\/100|[from] item: Leftovers\n|-damage|p2b: The Punching Bag|4\/100 brn|[from] brn\n|upkeep\n|turn|48\n|c|\u2606Wicklette|jesus\n|\n|t:|1695750899\n|move|p1a: Hoodini|Leaf Storm|p2b: The Punching Bag\n|-damage|p2b: The Punching Bag|0 fnt\n|-unboost|p1a: Hoodini|spa|2\n|faint|p2b: The Punching Bag\n|\n|win|walterwhitegaming\n|raw|walterwhitegaming's rating: 1000 &rarr; <strong>1046<\/strong><br \/>(+46 for winning)\n|raw|Wicklette's rating: 1055 &rarr; <strong>1034<\/strong><br \/>(-21 for losing)\n|c|\u2606walterwhitegaming|gg\n|c|\u2606Wicklette|gg\n|c|\u2606walterwhitegaming|whew\n|c|\u2606Wicklette|what a workout\n","uploadtime":1695750941,"views":8,"p1id":"walterwhitegaming","p2id":"wicklette","formatid":"gen9nationaldexdoubles","rating":1034,"private":0,"password":""}