{"id":"gen9nationaldexdoubles-1973174564","p1":"The OG Trainer Red","p2":"MathHacker","format":"[Gen 9] National Dex Doubles","log":"|j|\u2606The OG Trainer Red\n|j|\u2606MathHacker\n|t:|1697935875\n|gametype|doubles\n|player|p1|The OG Trainer Red|fisherman-gen4|1297\n|player|p2|MathHacker|richboy-gen4|1379\n|teamsize|p1|6\n|teamsize|p2|6\n|gen|9\n|tier|[Gen 9] National Dex Doubles\n|rated|\n|rule|HP Percentage Mod: HP is shown in percentages\n|rule|Endless Battle Clause: Forcing endless battles is banned\n|rule|OHKO Clause: OHKO moves are banned\n|rule|Evasion Moves Clause: Evasion moves are banned\n|rule|Evasion Abilities Clause: Evasion abilities are banned\n|rule|Species Clause: Limit one of each Pok\u00e9mon\n|rule|Gravity Sleep Clause: The combination of sleep-inducing moves with imperfect accuracy and Gravity or Gigantamax Orbeetle are banned\n|clearpoke\n|poke|p1|Ninetales, F|\n|poke|p1|Leafeon, F|\n|poke|p1|Espeon, F|\n|poke|p1|Indeedee-F, F|\n|poke|p1|Ursaluna-Bloodmoon, M|\n|poke|p1|Iron Hands|\n|poke|p2|Shuckle, M|\n|poke|p2|Pelipper, F|\n|poke|p2|Cresselia, F|\n|poke|p2|Torkoal, F|\n|poke|p2|Oranguru, F|\n|poke|p2|Ursaluna, M|\n|teampreview\n|\n|t:|1697935884\n|start\n|switch|p1a: Espeon|Espeon, F|100\/100\n|switch|p1b: Indeedee|Indeedee-F, F|100\/100\n|switch|p2a: Shucky|Shuckle, M, shiny|100\/100\n|switch|p2b: munke|Oranguru, F|100\/100\n|-fieldstart|move: Psychic Terrain|[from] ability: Psychic Surge|[of] p1b: Indeedee\n|turn|1\n|c|\u2606The OG Trainer Red|hmm\n|\n|t:|1697935916\n|move|p1a: Espeon|Calm Mind|p1a: Espeon\n|-boost|p1a: Espeon|spa|1\n|-boost|p1a: Espeon|spd|1\n|move|p1b: Indeedee|Expanding Force|p2a: Shucky|[spread] p2a,p2b\n|-resisted|p2b: munke\n|-damage|p2a: Shucky|67\/100\n|-damage|p2b: munke|82\/100\n|move|p2a: Shucky|Power Trick|p2a: Shucky\n|-start|p2a: Shucky|Power Trick\n|move|p2b: munke|Trick Room|p2b: munke\n|-fieldstart|move: Trick Room|[of] p2b: munke\n|\n|upkeep\n|turn|2\n|\n|t:|1697935929\n|move|p2a: Shucky|Rock Slide|p1b: Indeedee|[spread] p1b\n|-miss|p2a: Shucky|p1a: Espeon\n|-damage|p1b: Indeedee|23\/100\n|move|p2b: munke|Instruct|p2a: Shucky\n|-singleturn|p2a: Shucky|move: Instruct|[of] p2b: munke\n|move|p2a: Shucky|Rock Slide|p1b: Indeedee|[spread] p1a,p1b\n|-enditem|p1a: Espeon|Focus Sash\n|-damage|p1a: Espeon|1\/100\n|-damage|p1b: Indeedee|0 fnt\n|faint|p1b: Indeedee\n|cant|p1a: Espeon|flinch\n|\n|upkeep\n|\n|t:|1697935957\n|switch|p1b: Iron Hands|Iron Hands|100\/100\n|-enditem|p1b: Iron Hands|Booster Energy\n|-activate|p1b: Iron Hands|ability: Quark Drive|[fromitem]\n|-start|p1b: Iron Hands|quarkdriveatk\n|turn|3\n|\n|t:|1697935977\n|switch|p1a: Ursaluna|Ursaluna-Bloodmoon, M|100\/100\n|move|p2a: Shucky|Rock Slide|p1b: Iron Hands|[spread] p1a,p1b\n|-resisted|p1a: Ursaluna\n|-resisted|p1b: Iron Hands\n|-damage|p1a: Ursaluna|80\/100\n|-damage|p1b: Iron Hands|82\/100\n|move|p1b: Iron Hands|Rock Slide|p2a: Shucky|[spread] p2a,p2b\n|-supereffective|p2a: Shucky\n|-damage|p2a: Shucky|0 fnt\n|-damage|p2b: munke|62\/100\n|faint|p2a: Shucky\n|move|p2b: munke|Instruct|p2: Shucky|[notarget]\n|-fail|p2b: munke\n|\n|upkeep\n|\n|t:|1697935996\n|switch|p2a: Bird|Pelipper, F|100\/100\n|-weather|RainDance|[from] ability: Drizzle|[of] p2a: Bird\n|turn|4\n|\n|t:|1697936030\n|-terastallize|p1a: Ursaluna|Normal\n|move|p1b: Iron Hands|Thunder Punch|p2a: Bird\n|-supereffective|p2a: Bird\n|-enditem|p2a: Bird|Focus Sash\n|-damage|p2a: Bird|1\/100\n|move|p1a: Ursaluna|Blood Moon|p2b: munke\n|-damage|p2b: munke|0 fnt\n|faint|p2b: munke\n|move|p2a: Bird|Surf|p1b: Iron Hands|[spread] p1a,p1b\n|-damage|p1a: Ursaluna|45\/100\n|-damage|p1b: Iron Hands|50\/100\n|\n|-weather|RainDance|[upkeep]\n|upkeep\n|inactive|Battle timer is ON: inactive players will automatically lose when time's up. (requested by The OG Trainer Red)\n|\n|t:|1697936056\n|switch|p2b: Cresselia|Cresselia, F, shiny|100\/100\n|turn|5\n|\n|t:|1697936083\n|switch|p2a: ber|Ursaluna, M|100\/100\n|move|p1b: Iron Hands|Rock Slide|p2a: ber|[spread] p2b\n|-miss|p1b: Iron Hands|p2a: ber\n|-damage|p2b: Cresselia|85\/100\n|move|p1a: Ursaluna|Hyper Voice|p2a: ber|[spread] p2a,p2b\n|-damage|p2a: ber|65\/100\n|-damage|p2b: Cresselia|58\/100\n|move|p2b: Cresselia|Lunar Blessing|p2b: Cresselia|[spread] p2a,p2b\n|-heal|p2a: ber|90\/100\n|-heal|p2b: Cresselia|83\/100\n|\n|-weather|RainDance|[upkeep]\n|-heal|p2b: Cresselia|89\/100|[from] item: Leftovers\n|-fieldend|move: Trick Room\n|-fieldend|move: Psychic Terrain\n|-status|p2a: ber|brn|[from] item: Flame Orb\n|upkeep\n|turn|6\n|\n|t:|1697936109\n|move|p2a: ber|Protect|p2a: ber\n|-singleturn|p2a: ber|Protect\n|move|p1a: Ursaluna|Blood Moon|p2a: ber\n|-activate|p2a: ber|move: Protect\n|move|p1b: Iron Hands|Drain Punch|p2a: ber\n|-activate|p2a: ber|move: Protect\n|move|p2b: Cresselia|Trick Room|p2b: Cresselia\n|-fieldstart|move: Trick Room|[of] p2b: Cresselia\n|\n|-weather|RainDance|[upkeep]\n|-heal|p2b: Cresselia|95\/100|[from] item: Leftovers\n|-damage|p2a: ber|83\/100 brn|[from] brn\n|upkeep\n|turn|7\n|inactive|The OG Trainer Red has 120 seconds left.\n|\n|t:|1697936140\n|move|p2b: Cresselia|Helping Hand|p2a: ber\n|-singleturn|p2a: ber|Helping Hand|[of] p2b: Cresselia\n|move|p2a: ber|Earthquake|p1b: Iron Hands|[spread] p1a,p1b\n|-immune|p2b: Cresselia|[from] ability: Levitate\n|-supereffective|p1b: Iron Hands\n|-damage|p1a: Ursaluna|0 fnt\n|-damage|p1b: Iron Hands|0 fnt\n|faint|p1a: Ursaluna\n|faint|p1b: Iron Hands\n|-end|p1b: Iron Hands|Quark Drive|[silent]\n|\n|-weather|RainDance|[upkeep]\n|-heal|p2b: Cresselia|100\/100|[from] item: Leftovers\n|-damage|p2a: ber|77\/100 brn|[from] brn\n|upkeep\n|inactive|The OG Trainer Red has 120 seconds left.\n|-message|The OG Trainer Red forfeited.\n|\n|win|MathHacker\n|raw|The OG Trainer Red's rating: 1297 &rarr; <strong>1278<\/strong><br \/>(-19 for losing)\n|raw|MathHacker's rating: 1379 &rarr; <strong>1394<\/strong><br \/>(+15 for winning)\n|l|\u2606The OG Trainer Red\n","uploadtime":1697936172,"views":6,"p1id":"theogtrainerred","p2id":"mathhacker","formatid":"gen9nationaldexdoubles","rating":1278,"private":0,"password":""}