{"id":"gen9nationaldexdoubles-1960644843","p1":"Chumpette","p2":"DaveTheDino","format":"[Gen 9] National Dex Doubles","log":"|j|\u2606Chumpette\n|j|\u2606DaveTheDino\n|t:|1696541918\n|gametype|doubles\n|player|p1|Chumpette|169|\n|player|p2|DaveTheDino|265|\n|teamsize|p1|6\n|teamsize|p2|6\n|gen|9\n|tier|[Gen 9] National Dex Doubles\n|rule|HP Percentage Mod: HP is shown in percentages\n|rule|Endless Battle Clause: Forcing endless battles is banned\n|rule|OHKO Clause: OHKO moves are banned\n|rule|Evasion Moves Clause: Evasion moves are banned\n|rule|Evasion Abilities Clause: Evasion abilities are banned\n|rule|Species Clause: Limit one of each Pok\u00e9mon\n|rule|Gravity Sleep Clause: The combination of sleep-inducing moves with imperfect accuracy and Gravity or Gigantamax Orbeetle are banned\n|clearpoke\n|poke|p1|Ninetales-Alola, F|\n|poke|p1|Togekiss, F|\n|poke|p1|Vanilluxe, F|\n|poke|p1|Cloyster, M|\n|poke|p1|Jolteon, M|\n|poke|p1|Sandslash-Alola, F|\n|poke|p2|Spiritomb, F|\n|poke|p2|Lucario, F|\n|poke|p2|Garchomp, M|\n|poke|p2|Togekiss, M|\n|poke|p2|Roserade, M|\n|poke|p2|Milotic, M|\n|teampreview\n|\n|t:|1696541948\n|start\n|switch|p1a: Sycophant|Togekiss, F|100\/100\n|switch|p1b: The Messiah|Sandslash-Alola, F|100\/100\n|switch|p2a: Garchomp|Garchomp, M|100\/100\n|switch|p2b: Lucario|Lucario, F|100\/100\n|turn|1\n|\n|t:|1696541975\n|switch|p2b: Togekiss|Togekiss, M|100\/100\n|move|p1a: Sycophant|Follow Me|p1a: Sycophant\n|-singleturn|p1a: Sycophant|move: Follow Me\n|move|p2a: Garchomp|Earthquake|p1b: The Messiah|[spread] p1b\n|-immune|p2b: Togekiss\n|-immune|p1a: Sycophant\n|-supereffective|p1b: The Messiah\n|-damage|p1b: The Messiah|0 fnt\n|faint|p1b: The Messiah\n|\n|upkeep\n|\n|t:|1696541993\n|switch|p1b: Winter|Ninetales-Alola, F|100\/100\n|-weather|Snow|[from] ability: Snow Warning|[of] p1b: Winter\n|turn|2\n|\n|t:|1696542056\n|switch|p2a: Milotic|Milotic, M|100\/100\n|move|p1a: Sycophant|Helping Hand|p1b: Winter\n|-singleturn|p1b: Winter|Helping Hand|[of] p1a: Sycophant\n|move|p2b: Togekiss|Air Slash|p1b: Winter\n|-damage|p1b: Winter|60\/100\n|cant|p1b: Winter|flinch\n|\n|-weather|Snow|[upkeep]\n|upkeep\n|turn|3\n|\n|t:|1696542087\n|move|p2b: Togekiss|Air Slash|p1b: Winter\n|-damage|p1b: Winter|17\/100\n|cant|p1b: Winter|flinch\n|move|p2a: Milotic|Ice Beam|p1a: Sycophant\n|-supereffective|p1a: Sycophant\n|-damage|p1a: Sycophant|68\/100\n|move|p1a: Sycophant|Air Slash|p2b: Togekiss\n|-damage|p2b: Togekiss|69\/100\n|\n|-weather|Snow|[upkeep]\n|upkeep\n|turn|4\n|\n|t:|1696542104\n|move|p1a: Sycophant|Follow Me|p1a: Sycophant\n|-singleturn|p1a: Sycophant|move: Follow Me\n|move|p2b: Togekiss|Air Slash|p1a: Sycophant\n|-damage|p1a: Sycophant|46\/100\n|move|p1b: Winter|Blizzard|p2b: Togekiss|[spread] p2a,p2b\n|-resisted|p2a: Milotic\n|-supereffective|p2b: Togekiss\n|-damage|p2a: Milotic|88\/100\n|-damage|p2b: Togekiss|4\/100\n|move|p2a: Milotic|Ice Beam|p1a: Sycophant\n|-supereffective|p1a: Sycophant\n|-damage|p1a: Sycophant|14\/100\n|\n|-weather|Snow|[upkeep]\n|-heal|p2a: Milotic|94\/100|[from] item: Leftovers\n|upkeep\n|turn|5\n|\n|t:|1696542123\n|move|p1b: Winter|Protect|p1b: Winter\n|-singleturn|p1b: Winter|Protect\n|move|p2b: Togekiss|Air Slash|p1b: Winter\n|-activate|p1b: Winter|move: Protect\n|move|p2a: Milotic|Ice Beam|p1a: Sycophant\n|-supereffective|p1a: Sycophant\n|-damage|p1a: Sycophant|0 fnt\n|faint|p1a: Sycophant\n|\n|-weather|Snow|[upkeep]\n|-heal|p2a: Milotic|99\/100|[from] item: Leftovers\n|upkeep\n|\n|t:|1696542133\n|switch|p1a: MC Hammer|Jolteon, M|100\/100\n|turn|6\n|\n|t:|1696542146\n|switch|p2a: Garchomp|Garchomp, M|100\/100\n|move|p2b: Togekiss|Air Slash|p1b: Winter\n|-damage|p1b: Winter|0 fnt\n|faint|p1b: Winter\n|move|p1a: MC Hammer|Thunderbolt|p2b: Togekiss\n|-supereffective|p2b: Togekiss\n|-damage|p2b: Togekiss|0 fnt\n|faint|p2b: Togekiss\n|\n|-weather|Snow|[upkeep]\n|upkeep\n|\n|t:|1696542185\n|switch|p1b: Vanilla Ice|Vanilluxe, F|100\/100\n|switch|p2b: Spiritomb|Spiritomb, F|100\/100\n|-ability|p2b: Spiritomb|Pressure\n|turn|7\n|\n|t:|1696542206\n|move|p1a: MC Hammer|Volt Switch|p2b: Spiritomb\n|-damage|p2b: Spiritomb|77\/100\n|\n|t:|1696542210\n|switch|p1a: Judas|Cloyster, M|100\/100|[from] Volt Switch\n|move|p2a: Garchomp|Earthquake|p1a: Judas|[spread] p2b,p1a,p1b\n|-damage|p2b: Spiritomb|20\/100\n|-damage|p1a: Judas|69\/100\n|-damage|p1b: Vanilla Ice|53\/100\n|move|p1b: Vanilla Ice|Blizzard|p2b: Spiritomb|[spread] p2a,p2b\n|-supereffective|p2a: Garchomp\n|-damage|p2a: Garchomp|0 fnt\n|-damage|p2b: Spiritomb|0 fnt\n|faint|p2a: Garchomp\n|faint|p2b: Spiritomb\n|\n|-weather|Snow|[upkeep]\n|upkeep\n|\n|t:|1696542242\n|switch|p2a: Milotic|Milotic, M|99\/100\n|switch|p2b: Lucario|Lucario, F|100\/100\n|turn|8\n|\n|t:|1696542318\n|move|p2b: Lucario|Aura Sphere|p1b: Vanilla Ice\n|-supereffective|p1b: Vanilla Ice\n|-damage|p1b: Vanilla Ice|2\/100\n|move|p1a: Judas|Shell Smash|p1a: Judas\n|-unboost|p1a: Judas|def|1\n|-unboost|p1a: Judas|spd|1\n|-boost|p1a: Judas|atk|2\n|-boost|p1a: Judas|spa|2\n|-boost|p1a: Judas|spe|2\n|-enditem|p1a: Judas|White Herb\n|-clearnegativeboost|p1a: Judas|[silent]\n|move|p1b: Vanilla Ice|Blizzard|p2a: Milotic|[spread] p2a,p2b\n|-resisted|p2a: Milotic\n|-resisted|p2b: Lucario\n|-damage|p2a: Milotic|84\/100\n|-damage|p2b: Lucario|67\/100\n|move|p2a: Milotic|Mirror Coat|p1b: Vanilla Ice\n|-damage|p1b: Vanilla Ice|0 fnt\n|faint|p1b: Vanilla Ice\n|\n|-weather|Snow|[upkeep]\n|-heal|p2a: Milotic|90\/100|[from] item: Leftovers\n|upkeep\n|\n|t:|1696542335\n|switch|p1b: MC Hammer|Jolteon, M|100\/100\n|turn|9\n|\n|t:|1696542375\n|move|p1a: Judas|Icicle Spear|p2b: Lucario\n|-resisted|p2b: Lucario\n|-damage|p2b: Lucario|47\/100\n|-resisted|p2b: Lucario\n|-damage|p2b: Lucario|28\/100\n|-resisted|p2b: Lucario\n|-damage|p2b: Lucario|5\/100\n|-resisted|p2b: Lucario\n|-damage|p2b: Lucario|0 fnt\n|faint|p2b: Lucario\n|-hitcount|p2: Lucario|4\n|move|p1b: MC Hammer|Thunderbolt|p2a: Milotic\n|-supereffective|p2a: Milotic\n|-damage|p2a: Milotic|19\/100\n|-status|p2a: Milotic|par\n|move|p2a: Milotic|Mirror Coat|p1b: MC Hammer\n|-damage|p1b: MC Hammer|0 fnt\n|faint|p1b: MC Hammer\n|\n|-weather|none\n|-heal|p2a: Milotic|25\/100 par|[from] item: Leftovers\n|upkeep\n|\n|t:|1696542392\n|switch|p2b: Roserade|Roserade, M|100\/100\n|turn|10\n|\n|t:|1696542410\n|move|p1a: Judas|Icicle Spear|p2b: Roserade\n|-supereffective|p2b: Roserade\n|-damage|p2b: Roserade|20\/100\n|-supereffective|p2b: Roserade\n|-damage|p2b: Roserade|0 fnt\n|faint|p2b: Roserade\n|-hitcount|p2: Roserade|2\n|move|p2a: Milotic|Scald|p1a: Judas\n|-resisted|p1a: Judas\n|-damage|p1a: Judas|20\/100\n|\n|-heal|p2a: Milotic|31\/100 par|[from] item: Leftovers\n|upkeep\n|turn|11\n|\n|t:|1696542430\n|move|p1a: Judas|Rock Blast|p2a: Milotic\n|-damage|p2a: Milotic|19\/100 par\n|-damage|p2a: Milotic|6\/100 par\n|-damage|p2a: Milotic|0 fnt\n|faint|p2a: Milotic\n|-hitcount|p2: Milotic|3\n|\n|win|Chumpette\n|l|\u2606DaveTheDino\n|l|\u2606Chumpette\n|j|\u2606DaveTheDino\n|player|p2|DaveTheDino|265\n","uploadtime":1696543130,"views":15,"p1id":"chumpette","p2id":"davethedino","formatid":"gen9nationaldexdoubles","rating":0,"private":0,"password":""}