{"id":"gen9nationaldexdoubles-1962218908","p1":"parkle","p2":"cassinidivision","format":"[Gen 9] National Dex Doubles","log":"|j|\u2606parkle\n|j|\u2606cassinidivision\n|t:|1696719278\n|gametype|doubles\n|player|p1|parkle|bugcatcher-gen4dp|\n|player|p2|cassinidivision|giacomo|\n|teamsize|p1|6\n|teamsize|p2|6\n|gen|9\n|tier|[Gen 9] National Dex Doubles\n|rule|HP Percentage Mod: HP is shown in percentages\n|rule|Endless Battle Clause: Forcing endless battles is banned\n|rule|OHKO Clause: OHKO moves are banned\n|rule|Evasion Moves Clause: Evasion moves are banned\n|rule|Evasion Abilities Clause: Evasion abilities are banned\n|rule|Species Clause: Limit one of each Pok\u00e9mon\n|rule|Gravity Sleep Clause: The combination of sleep-inducing moves with imperfect accuracy and Gravity or Gigantamax Orbeetle are banned\n|clearpoke\n|poke|p1|Dragonite, F|\n|poke|p1|Salamence, M|\n|poke|p1|Haxorus, M|\n|poke|p1|Drampa, F|\n|poke|p1|Arboliva, F|\n|poke|p1|Plusle, F|\n|poke|p2|Kingambit, M|\n|poke|p2|Honchkrow, M|\n|poke|p2|Weavile, M|\n|poke|p2|Krookodile, F|\n|poke|p2|Muk-Alola, F|\n|poke|p2|Umbreon, F|\n|teampreview\n|c|\u2606cassinidivision|almost used evelyns team\n|\n|t:|1696719400\n|start\n|switch|p1a: Luci|Drampa, F|100\/100\n|switch|p1b: Pellie|Plusle, F|100\/100\n|switch|p2a: MOONWITCH|Umbreon, F, shiny|100\/100\n|switch|p2b: BIG BIRD|Honchkrow, M|100\/100\n|turn|1\n|\n|t:|1696719460\n|move|p1b: Pellie|Nasty Plot|p1b: Pellie\n|-boost|p1b: Pellie|spa|2\n|move|p2b: BIG BIRD|U-turn|p1b: Pellie\n|-damage|p1b: Pellie|41\/100\n|\n|t:|1696719469\n|switch|p2b: PASTRAMI|Krookodile, F|100\/100|[from] U-turn\n|move|p2a: MOONWITCH|Curse|p2a: MOONWITCH\n|-unboost|p2a: MOONWITCH|spe|1\n|-boost|p2a: MOONWITCH|atk|1\n|-boost|p2a: MOONWITCH|def|1\n|move|p1a: Luci|Calm Mind|p1a: Luci\n|-boost|p1a: Luci|spa|1\n|-boost|p1a: Luci|spd|1\n|\n|upkeep\n|turn|2\n|\n|t:|1696719516\n|move|p1b: Pellie|Thunderbolt|p2a: MOONWITCH\n|-damage|p2a: MOONWITCH|51\/100\n|-status|p2a: MOONWITCH|par\n|-activate|p2a: MOONWITCH|ability: Synchronize\n|-immune|p1b: Pellie\n|-damage|p1b: Pellie|32\/100|[from] item: Life Orb\n|move|p2b: PASTRAMI|Bulk Up|p2b: PASTRAMI\n|-boost|p2b: PASTRAMI|atk|1\n|-boost|p2b: PASTRAMI|def|1\n|move|p1a: Luci|Hyper Voice|p2b: PASTRAMI|[spread] p2a,p2b\n|-damage|p2a: MOONWITCH|17\/100 par\n|-damage|p2b: PASTRAMI|17\/100\n|move|p2a: MOONWITCH|Toxic|p1a: Luci\n|-status|p1a: Luci|tox\n|\n|-heal|p2a: MOONWITCH|23\/100 par|[from] item: Leftovers\n|-damage|p1a: Luci|94\/100 tox|[from] psn\n|upkeep\n|turn|3\n|c|\u2606parkle|LETS GOOO\n|c|\u2606parkle|PARALYZE CLUTCH\n|c|\u2606cassinidivision|ZAMN\n|\n|t:|1696719562\n|move|p1b: Pellie|Grass Knot|p2b: PASTRAMI\n|-supereffective|p2b: PASTRAMI\n|-damage|p2b: PASTRAMI|0 fnt\n|faint|p2b: PASTRAMI\n|-damage|p1b: Pellie|22\/100|[from] item: Life Orb\n|move|p1a: Luci|Hyper Voice|p2a: MOONWITCH\n|-damage|p2a: MOONWITCH|0 fnt\n|faint|p2a: MOONWITCH\n|\n|-heal|p1a: Luci|100\/100 tox|[from] item: Leftovers\n|-damage|p1a: Luci|88\/100 tox|[from] psn\n|upkeep\n|c|\u2606parkle|OHHH MY GOODNESS :)\n|c|\u2606cassinidivision|OH SHIT!\n|j| AutumnCookie\n|\n|t:|1696719580\n|switch|p2b: SAUCE|Muk-Alola, F|100\/100\n|switch|p2a: SLASHER|Weavile, M|100\/100\n|turn|4\n|c|\u2606parkle|now i just gotta deal with fucking\n|c|\u2606parkle|weavile and kingambit\n|c|\u2606cassinidivision|kingambit.\n|\n|t:|1696719672\n|switch|p1b: Silver|Salamence, M|100\/100\n|-ability|p1b: Silver|Intimidate|boost\n|-unboost|p2a: SLASHER|atk|1\n|-unboost|p2b: SAUCE|atk|1\n|move|p2a: SLASHER|Fake Out|p1a: Luci\n|-damage|p1a: Luci|78\/100 tox\n|cant|p1a: Luci|flinch\n|move|p2b: SAUCE|Acid Armor|p2b: SAUCE\n|-boost|p2b: SAUCE|def|2\n|\n|-heal|p1a: Luci|84\/100 tox|[from] item: Leftovers\n|-damage|p1a: Luci|66\/100 tox|[from] psn\n|upkeep\n|turn|5\n|c|\u2606parkle|oh fuck theres another one\n|c|\u2606cassinidivision|DHIAFHAFHA\n|c| AutumnCookie|LMAO\n|\n|t:|1696719704\n|move|p2a: SLASHER|Icicle Crash|p1b: Silver\n|-supereffective|p1b: Silver\n|-damage|p1b: Silver|0 fnt\n|faint|p1b: Silver\n|move|p1a: Luci|Hyper Voice|p2b: SAUCE|[spread] p2a,p2b\n|-damage|p2a: SLASHER|25\/100\n|-damage|p2b: SAUCE|63\/100\n|move|p2b: SAUCE|Acid Armor|p2b: SAUCE\n|-boost|p2b: SAUCE|def|2\n|\n|-heal|p1a: Luci|72\/100 tox|[from] item: Leftovers\n|-heal|p2b: SAUCE|69\/100|[from] item: Leftovers\n|-damage|p1a: Luci|47\/100 tox|[from] psn\n|upkeep\n|c|\u2606parkle|FUCK\n|\n|t:|1696719728\n|switch|p1b: Lillie|Arboliva, F|100\/100\n|turn|6\n|c| AutumnCookie|Weavile and Kingambit are both 4x weak to fighting\n|c| AutumnCookie|Does that help at all Parker\n|c|\u2606parkle|i know that\n|\n|t:|1696719750\n|move|p2a: SLASHER|Icicle Crash|p1a: Luci|[miss]\n|-miss|p2a: SLASHER|p1a: Luci\n|move|p1a: Luci|Roost|p1a: Luci\n|-heal|p1a: Luci|97\/100 tox\n|-singleturn|p1a: Luci|move: Roost\n|move|p2b: SAUCE|Gunk Shot|p1b: Lillie\n|-supereffective|p1b: Lillie\n|-damage|p1b: Lillie|59\/100\n|move|p1b: Lillie|Earth Power|p2b: SAUCE\n|-supereffective|p2b: SAUCE\n|-damage|p2b: SAUCE|39\/100\n|\n|-heal|p1a: Luci|100\/100 tox|[from] item: Leftovers\n|-heal|p2b: SAUCE|45\/100|[from] item: Leftovers\n|-damage|p1a: Luci|70\/100 tox|[from] psn\n|upkeep\n|turn|7\n|c|\u2606parkle|but all the fighting moves i have fuck up my own stats\n|c| AutumnCookie|Luci is gonna die to Toxic very quickly\n|c| AutumnCookie|OH FAIR\n|c|\u2606parkle|im aware she is i do know what im doing\n|c| AutumnCookie|WASN'T SURE CONSIDERING.\n|c|\u2606parkle|i know. what im doing\n|c|\u2606parkle|ground doesnt affect flying so i use my ground moves when the other pokemon is dragon\/flying\n|\n|t:|1696719854\n|move|p2a: SLASHER|Icicle Crash|p1a: Luci\n|-supereffective|p1a: Luci\n|-damage|p1a: Luci|1\/100 tox\n|-ability|p1a: Luci|Berserk|boost\n|-boost|p1a: Luci|spa|1\n|move|p1a: Luci|Hyper Voice|p2b: SAUCE|[spread] p2a,p2b\n|-damage|p2a: SLASHER|0 fnt\n|-damage|p2b: SAUCE|2\/100\n|faint|p2a: SLASHER\n|move|p2b: SAUCE|Gunk Shot|p1b: Lillie|[miss]\n|-miss|p2b: SAUCE|p1b: Lillie\n|move|p1b: Lillie|Leech Seed|p2b: SAUCE\n|-start|p2b: SAUCE|move: Leech Seed\n|\n|-heal|p1a: Luci|8\/100 tox|[from] item: Leftovers\n|-heal|p2b: SAUCE|8\/100|[from] item: Leftovers\n|-damage|p2b: SAUCE|0 fnt|[from] Leech Seed|[of] p1b: Lillie\n|-heal|p1b: Lillie|68\/100|[silent]\n|faint|p2b: SAUCE\n|-damage|p1a: Luci|0 fnt|[from] psn\n|faint|p1a: Luci\n|upkeep\n|c| AutumnCookie|Good job Parker\n|c|\u2606parkle|:3\n|\n|t:|1696719879\n|switch|p2a: BIG BIRD|Honchkrow, M|100\/100\n|switch|p1a: Pellie|Plusle, F|22\/100\n|switch|p2b: BOZZMAN|Kingambit, M|100\/100\n|-activate|p2b: BOZZMAN|ability: Supreme Overlord\n|-start|p2b: BOZZMAN|fallen4|[silent]\n|turn|8\n|l| AutumnCookie\n|j| AutumnCookie\n|\n|t:|1696719911\n|-terastallize|p2b: BOZZMAN|Fire\n|move|p2b: BOZZMAN|Sucker Punch|p1a: Pellie\n|-damage|p1a: Pellie|0 fnt\n|faint|p1a: Pellie\n|move|p2a: BIG BIRD|Air Slash|p1b: Lillie\n|-supereffective|p1b: Lillie\n|-damage|p1b: Lillie|6\/100\n|-enditem|p1b: Lillie|Sitrus Berry|[eat]\n|-heal|p1b: Lillie|31\/100|[from] item: Sitrus Berry\n|move|p1b: Lillie|Leech Seed|p2b: BOZZMAN\n|-start|p2b: BOZZMAN|move: Leech Seed\n|\n|-damage|p2b: BOZZMAN|88\/100|[from] Leech Seed|[of] p1b: Lillie\n|-heal|p1b: Lillie|45\/100|[silent]\n|-item|p1b: Lillie|Sitrus Berry|[from] ability: Harvest\n|upkeep\n|-enditem|p1b: Lillie|Sitrus Berry|[eat]\n|-heal|p1b: Lillie|70\/100|[from] item: Sitrus Berry\n|c|\u2606parkle|oh wow that thing's fast\n|\n|t:|1696719931\n|switch|p1a: Alexander|Haxorus, M|100\/100\n|-ability|p1a: Alexander|Unnerve\n|turn|9\n|c|\u2606parkle|does supreme overlord boost its speed too\n|c| AutumnCookie|If you mean the Kingambit no Sucker Punch is just priority\n|c|\u2606parkle|i dont have a kingambit in scvi so ive never seen it\n|c|\u2606parkle|oh okay\n|c|\u2606parkle|i hope you know cassini i was planning that since i swapped the plusle out earlier\n|c|\u2606parkle|and it didnt work because you sucker punched\n|c|\u2606cassinidivision|evilssini\n|c| AutumnCookie|Yeah Sucker Punch is priority and hits when you use a non status move\n|c| AutumnCookie|It fails if you aren't attacking\n|c|\u2606parkle|pellie was gonna use an electric move on the honchkrow\n|c|\u2606parkle|to either ohko or try to paralue\n|c|\u2606parkle|paralyze\n|c| AutumnCookie|RUINED IT THOUGH...\n|c|\u2606cassinidivision|revenge for moonwitch death\n|\n|t:|1696720056\n|move|p1a: Alexander|Close Combat|p2b: BOZZMAN\n|-damage|p2b: BOZZMAN|53\/100\n|-unboost|p1a: Alexander|def|1\n|-unboost|p1a: Alexander|spd|1\n|move|p2a: BIG BIRD|Air Slash|p1b: Lillie\n|-supereffective|p1b: Lillie\n|-damage|p1b: Lillie|9\/100\n|move|p2b: BOZZMAN|Kowtow Cleave|p1a: Alexander\n|-enditem|p1a: Alexander|Focus Sash\n|-damage|p1a: Alexander|1\/100\n|move|p1b: Lillie|Earth Power|p2b: BOZZMAN\n|-supereffective|p2b: BOZZMAN\n|-damage|p2b: BOZZMAN|2\/100\n|\n|-damage|p2b: BOZZMAN|0 fnt|[from] Leech Seed|[of] p1b: Lillie\n|-heal|p1b: Lillie|11\/100|[silent]\n|faint|p2b: BOZZMAN\n|-end|p2b: BOZZMAN|fallen4|[silent]\n|-item|p1b: Lillie|Sitrus Berry|[from] ability: Harvest\n|upkeep\n|-enditem|p1b: Lillie|Sitrus Berry|[eat]\n|-heal|p1b: Lillie|36\/100|[from] item: Sitrus Berry\n|turn|10\n|\n|t:|1696720092\n|move|p2a: BIG BIRD|Sucker Punch|p1a: Alexander\n|-damage|p1a: Alexander|0 fnt\n|faint|p1a: Alexander\n|-ability|p2a: BIG BIRD|Moxie|boost\n|-boost|p2a: BIG BIRD|atk|1\n|move|p1b: Lillie|Giga Drain|p2a: BIG BIRD\n|-resisted|p2a: BIG BIRD\n|-damage|p2a: BIG BIRD|76\/100\n|-heal|p1b: Lillie|50\/100|[from] drain|[of] p2a: BIG BIRD\n|\n|-heal|p2a: BIG BIRD|83\/100|[from] item: Leftovers\n|upkeep\n|c| AutumnCookie|GOOD JOB PARKER\n|c|\u2606cassinidivision|earth power fucked me\n|\n|t:|1696720102\n|switch|p1a: Haneul|Dragonite, F|100\/100\n|turn|11\n|c|\u2606cassinidivision|good one parkle\n|c|\u2606parkle|thank fuck\n|c|\u2606parkle|i wanted that to work SO bad\n|\n|t:|1696720139\n|move|p2a: BIG BIRD|Sucker Punch|p1b: Lillie\n|-damage|p1b: Lillie|14\/100\n|move|p1a: Haneul|Dragon Dance|p1a: Haneul\n|-boost|p1a: Haneul|atk|1\n|-boost|p1a: Haneul|spe|1\n|move|p1b: Lillie|Giga Drain|p2a: BIG BIRD\n|-resisted|p2a: BIG BIRD\n|-damage|p2a: BIG BIRD|60\/100\n|-heal|p1b: Lillie|26\/100|[from] drain|[of] p2a: BIG BIRD\n|\n|-heal|p2a: BIG BIRD|67\/100|[from] item: Leftovers\n|upkeep\n|turn|12\n|c| AutumnCookie|I'm impressed by just HOW physicallytanky Kingambit is though that close combat did like nothing\n|\n|t:|1696720167\n|move|p2a: BIG BIRD|Sucker Punch||[still]\n|-fail|p2a: BIG BIRD\n|move|p1a: Haneul|Outrage|p2a: BIG BIRD\n|-damage|p2a: BIG BIRD|0 fnt\n|faint|p2a: BIG BIRD\n|\n|win|parkle\n|c|\u2606cassinidivision|tera fire\n|c|\u2606cassinidivision|hooo that was close\n|c|\u2606cassinidivision|good one parker\n|c| AutumnCookie|Oh yeah duh I forgot\n|c| AutumnCookie|GOOD JOB PARKER\n|c|\u2606parkle|:3\n|c|\u2606parkle|just gotta do all that. Again\n","uploadtime":1696720209,"views":11,"p1id":"parkle","p2id":"cassinidivision","formatid":"gen9nationaldexdoubles","rating":0,"private":0,"password":""}