{"id":"gen9nationaldexdoubles-1973707452","p1":"Davichu7","p2":"zanguitu","format":"[Gen 9] National Dex Doubles","log":"|j|\u2606Davichu7\n|j|\u2606zanguitu\n|t:|1698005404\n|gametype|doubles\n|player|p1|Davichu7|pokemaniac|\n|player|p2|zanguitu|101|\n|teamsize|p1|6\n|teamsize|p2|6\n|gen|9\n|tier|[Gen 9] National Dex Doubles\n|rule|HP Percentage Mod: HP is shown in percentages\n|rule|Endless Battle Clause: Forcing endless battles is banned\n|rule|OHKO Clause: OHKO moves are banned\n|rule|Evasion Moves Clause: Evasion moves are banned\n|rule|Evasion Abilities Clause: Evasion abilities are banned\n|rule|Species Clause: Limit one of each Pok\u00e9mon\n|rule|Gravity Sleep Clause: The combination of sleep-inducing moves with imperfect accuracy and Gravity or Gigantamax Orbeetle are banned\n|clearpoke\n|poke|p1|Flutter Mane|\n|poke|p1|Gholdengo|\n|poke|p1|Sableye, F|\n|poke|p1|Dragapult, F|\n|poke|p1|Typhlosion-Hisui, M|\n|poke|p1|Palossand, M|\n|poke|p2|Greninja-*, M|\n|poke|p2|Tyranitar, F|\n|poke|p2|Umbreon, M|\n|poke|p2|Grimmsnarl, M|\n|poke|p2|Houndoom, F|\n|poke|p2|Meowscarada, M|\n|teampreview\n|\n|t:|1698005439\n|start\n|switch|p1a: Dragapult|Dragapult, F, shiny|100\/100\n|switch|p1b: Gholdengo|Gholdengo, shiny|100\/100\n|switch|p2a: Grimmsnarl|Grimmsnarl, M, shiny|100\/100\n|switch|p2b: Tyranitar|Tyranitar, F, shiny|100\/100\n|-weather|Sandstorm|[from] ability: Sand Stream|[of] p2b: Tyranitar\n|turn|1\n|\n|t:|1698005463\n|move|p2a: Grimmsnarl|Thunder Wave|p1a: Dragapult\n|-status|p1a: Dragapult|par\n|cant|p1a: Dragapult|par\n|move|p1b: Gholdengo|Make It Rain|p2a: Grimmsnarl|[spread] p2a,p2b\n|-supereffective|p2a: Grimmsnarl\n|-supereffective|p2b: Tyranitar\n|-damage|p2a: Grimmsnarl|9\/100\n|-damage|p2b: Tyranitar|81\/100\n|-unboost|p1b: Gholdengo|spa|1\n|move|p2b: Tyranitar|Earthquake|p1b: Gholdengo|[spread] p2a,p1a,p1b\n|-supereffective|p1b: Gholdengo\n|-damage|p2a: Grimmsnarl|0 fnt\n|-damage|p1a: Dragapult|74\/100 par\n|-damage|p1b: Gholdengo|56\/100\n|-start|p2b: Tyranitar|Disable|Earthquake|[from] ability: Cursed Body|[of] p1a: Dragapult\n|faint|p2a: Grimmsnarl\n|\n|-weather|Sandstorm|[upkeep]\n|-damage|p1a: Dragapult|68\/100 par|[from] Sandstorm\n|-heal|p1b: Gholdengo|62\/100|[from] item: Leftovers\n|upkeep\n|\n|t:|1698005477\n|switch|p2a: Meowscarada|Meowscarada, M, shiny|100\/100\n|turn|2\n|\n|t:|1698005504\n|move|p2a: Meowscarada|Knock Off|p1b: Gholdengo\n|-start|p2a: Meowscarada|typechange|Dark|[from] ability: Protean\n|-supereffective|p1b: Gholdengo\n|-damage|p1b: Gholdengo|0 fnt\n|-enditem|p1b: Gholdengo|Leftovers|[from] move: Knock Off|[of] p2a: Meowscarada\n|faint|p1b: Gholdengo\n|cant|p1a: Dragapult|par\n|move|p2b: Tyranitar|Rock Slide|p1a: Dragapult\n|-damage|p1a: Dragapult|33\/100 par\n|\n|-weather|Sandstorm|[upkeep]\n|-damage|p2a: Meowscarada|94\/100|[from] Sandstorm\n|-damage|p1a: Dragapult|27\/100 par|[from] Sandstorm\n|upkeep\n|\n|t:|1698005521\n|switch|p1b: Sableye|Sableye, F, shiny|100\/100\n|turn|3\n|\n|t:|1698005542\n|detailschange|p1b: Sableye|Sableye-Mega, F, shiny\n|-mega|p1b: Sableye|Sableye|Sablenite\n|move|p2a: Meowscarada|Knock Off|p1b: Sableye\n|-damage|p1b: Sableye|55\/100\n|move|p1a: Dragapult|Reflect|p1a: Dragapult\n|-sidestart|p1: Davichu7|Reflect\n|move|p2b: Tyranitar|Rock Slide|p1a: Dragapult|[spread] p1a\n|-miss|p2b: Tyranitar|p1b: Sableye\n|-damage|p1a: Dragapult|8\/100 par\n|move|p1b: Sableye|Will-O-Wisp|p2b: Tyranitar\n|-status|p2b: Tyranitar|brn\n|\n|-weather|Sandstorm|[upkeep]\n|-damage|p2a: Meowscarada|88\/100|[from] Sandstorm\n|-damage|p1a: Dragapult|2\/100 par|[from] Sandstorm\n|-damage|p1b: Sableye|49\/100|[from] Sandstorm\n|-damage|p2b: Tyranitar|75\/100 brn|[from] brn\n|upkeep\n|turn|4\n|\n|t:|1698005563\n|move|p2a: Meowscarada|Knock Off|p1b: Sableye\n|-crit|p1b: Sableye\n|-damage|p1b: Sableye|0 fnt\n|faint|p1b: Sableye\n|move|p1a: Dragapult|Dragon Darts|p2a: Meowscarada\n|-damage|p2a: Meowscarada|59\/100\n|-anim|p1a: Dragapult|Dragon Darts|p2b: Tyranitar\n|-damage|p2b: Tyranitar|60\/100 brn\n|move|p2b: Tyranitar|Rock Slide|p1a: Dragapult\n|-damage|p1a: Dragapult|0 fnt\n|faint|p1a: Dragapult\n|\n|-weather|Sandstorm|[upkeep]\n|-damage|p2a: Meowscarada|52\/100|[from] Sandstorm\n|-damage|p2b: Tyranitar|53\/100 brn|[from] brn\n|-end|p2b: Tyranitar|Disable\n|upkeep\n|\n|t:|1698005590\n|switch|p1a: Flutter Mane|Flutter Mane, shiny|100\/100\n|switch|p1b: Typhlosion|Typhlosion-Hisui, M, shiny|100\/100\n|-item|p2a: Meowscarada|Choice Band|[from] ability: Frisk|[of] p1b: Typhlosion|[identify]\n|-item|p2b: Tyranitar|Assault Vest|[from] ability: Frisk|[of] p1b: Typhlosion|[identify]\n|-enditem|p1a: Flutter Mane|Booster Energy\n|-activate|p1a: Flutter Mane|ability: Protosynthesis|[fromitem]\n|-start|p1a: Flutter Mane|protosynthesisspe\n|turn|5\n|\n|t:|1698005610\n|move|p1a: Flutter Mane|Dazzling Gleam|p2a: Meowscarada|[spread] p2a,p2b\n|-supereffective|p2a: Meowscarada\n|-supereffective|p2b: Tyranitar\n|-damage|p2a: Meowscarada|0 fnt\n|-damage|p2b: Tyranitar|36\/100 brn\n|faint|p2a: Meowscarada\n|move|p1b: Typhlosion|Flamethrower|p2b: Tyranitar\n|-resisted|p2b: Tyranitar\n|-damage|p2b: Tyranitar|29\/100 brn\n|move|p2b: Tyranitar|Rock Slide|p1b: Typhlosion|[spread] p1a,p1b\n|-supereffective|p1b: Typhlosion\n|-damage|p1a: Flutter Mane|83\/100\n|-damage|p1b: Typhlosion|74\/100\n|\n|-weather|none\n|-damage|p2b: Tyranitar|23\/100 brn|[from] brn\n|upkeep\n|\n|t:|1698005615\n|switch|p2a: Greninja|Greninja, M|100\/100\n|turn|6\n|\n|t:|1698005649\n|switch|p1b: Palossand|Palossand, M, shiny|100\/100\n|move|p2a: Greninja|Water Shuriken|p1b: Palossand\n|-supereffective|p1b: Palossand\n|-damage|p1b: Palossand|79\/100\n|-ability|p1b: Palossand|Water Compaction|boost\n|-boost|p1b: Palossand|def|2\n|-supereffective|p1b: Palossand\n|-damage|p1b: Palossand|55\/100\n|-ability|p1b: Palossand|Water Compaction|boost\n|-boost|p1b: Palossand|def|2\n|-supereffective|p1b: Palossand\n|-damage|p1b: Palossand|32\/100\n|-ability|p1b: Palossand|Water Compaction|boost\n|-boost|p1b: Palossand|def|2\n|-supereffective|p1b: Palossand\n|-damage|p1b: Palossand|7\/100\n|-hitcount|p1b: Palossand|4\n|move|p1a: Flutter Mane|Dazzling Gleam|p2b: Tyranitar|[spread] p2a,p2b\n|-supereffective|p2a: Greninja\n|-supereffective|p2b: Tyranitar\n|-damage|p2a: Greninja|5\/100\n|-damage|p2b: Tyranitar|0 fnt\n|faint|p2b: Tyranitar\n|\n|-heal|p1b: Palossand|14\/100|[from] item: Leftovers\n|upkeep\n|\n|t:|1698005659\n|switch|p2b: Umbreon|Umbreon, M, shiny|100\/100\n|turn|7\n|\n|t:|1698005709\n|move|p2b: Umbreon|Protect|p2b: Umbreon\n|-singleturn|p2b: Umbreon|Protect\n|move|p2a: Greninja|Water Shuriken|p1b: Palossand\n|-supereffective|p1b: Palossand\n|-damage|p1b: Palossand|0 fnt\n|faint|p1b: Palossand\n|-ability|p2a: Greninja|Battle Bond|boost\n|-boost|p2a: Greninja|atk|1\n|-boost|p2a: Greninja|spa|1\n|-boost|p2a: Greninja|spe|1\n|-activate|p2a: Greninja|ability: Battle Bond\n|-hitcount|p1: Palossand|1\n|move|p1a: Flutter Mane|Dazzling Gleam|p2a: Greninja|[spread] p2a\n|-activate|p2b: Umbreon|move: Protect\n|-supereffective|p2a: Greninja\n|-damage|p2a: Greninja|0 fnt\n|faint|p2a: Greninja\n|\n|upkeep\n|\n|t:|1698005725\n|switch|p2a: Houndoom|Houndoom, F, shiny|100\/100\n|switch|p1b: Typhlosion|Typhlosion-Hisui, M, shiny|74\/100\n|-item|p2a: Houndoom|Houndoominite|[from] ability: Frisk|[of] p1b: Typhlosion|[identify]\n|-item|p2b: Umbreon|Leftovers|[from] ability: Frisk|[of] p1b: Typhlosion|[identify]\n|turn|8\n|\n|t:|1698005767\n|detailschange|p2a: Houndoom|Houndoom-Mega, F, shiny\n|-mega|p2a: Houndoom|Houndoom|Houndoominite\n|move|p1a: Flutter Mane|Dazzling Gleam|p2a: Houndoom|[spread] p2a,p2b\n|-supereffective|p2b: Umbreon\n|-damage|p2a: Houndoom|56\/100\n|-damage|p2b: Umbreon|68\/100\n|move|p1b: Typhlosion|Focus Blast|p2a: Houndoom|[miss]\n|-miss|p1b: Typhlosion|p2a: Houndoom\n|move|p2a: Houndoom|Dark Pulse|p1b: Typhlosion\n|-supereffective|p1b: Typhlosion\n|-damage|p1b: Typhlosion|0 fnt\n|faint|p1b: Typhlosion\n|move|p2b: Umbreon|Foul Play|p1a: Flutter Mane\n|-damage|p1a: Flutter Mane|63\/100\n|\n|-heal|p2b: Umbreon|74\/100|[from] item: Leftovers\n|upkeep\n|turn|9\n|\n|t:|1698005785\n|move|p1a: Flutter Mane|Dazzling Gleam|p2a: Houndoom|[spread] p2a,p2b\n|-supereffective|p2b: Umbreon\n|-damage|p2a: Houndoom|13\/100\n|-damage|p2b: Umbreon|39\/100\n|move|p2a: Houndoom|Dark Pulse|p1a: Flutter Mane\n|-damage|p1a: Flutter Mane|20\/100\n|move|p2b: Umbreon|Foul Play|p1a: Flutter Mane\n|-damage|p1a: Flutter Mane|0 fnt\n|faint|p1a: Flutter Mane\n|-end|p1a: Flutter Mane|Protosynthesis|[silent]\n|\n|win|zanguitu\n","uploadtime":1698005801,"views":14,"p1id":"davichu7","p2id":"zanguitu","formatid":"gen9nationaldexdoubles","rating":0,"private":0,"password":""}