{"id":"gen9nationaldexdoubles-1993425250","p1":"DoomedTaurus","p2":"Jam35_Name","format":"[Gen 9] National Dex Doubles","log":"|j|\u2606DoomedTaurus\n|j|\u2606Jam35_Name\n|t:|1700316230\n|gametype|doubles\n|player|p1|DoomedTaurus|bruno|\n|player|p2|Jam35_Name|policeman|\n|teamsize|p1|6\n|teamsize|p2|6\n|gen|9\n|tier|[Gen 9] National Dex Doubles\n|rule|HP Percentage Mod: HP is shown in percentages\n|rule|Endless Battle Clause: Forcing endless battles is banned\n|rule|OHKO Clause: OHKO moves are banned\n|rule|Evasion Moves Clause: Evasion moves are banned\n|rule|Evasion Abilities Clause: Evasion abilities are banned\n|rule|Species Clause: Limit one of each Pok\u00e9mon\n|rule|Gravity Sleep Clause: The combination of sleep-inducing moves with imperfect accuracy and Gravity or Gigantamax Orbeetle are banned\n|clearpoke\n|poke|p1|Florges-Blue, F|\n|poke|p1|Chesnaught, M|\n|poke|p1|Aegislash, M|\n|poke|p1|Klefki, M|\n|poke|p1|Trevenant, M|\n|poke|p1|Dragalge, F|\n|poke|p2|Blastoise, M|\n|poke|p2|Ditto|\n|poke|p2|Cloyster, M|\n|poke|p2|Magneton|\n|poke|p2|Mew|\n|poke|p2|Chansey, F|\n|teampreview\n|\n|t:|1700316236\n|start\n|switch|p1a: Merlin|Klefki, M|100\/100\n|switch|p1b: Arthur|Aegislash, M|100\/100\n|switch|p2a: Tutel :)|Blastoise, M|100\/100\n|switch|p2b: Cat|Mew, shiny|100\/100\n|turn|1\n|\n|t:|1700316250\n|detailschange|p2a: Tutel :)|Blastoise-Mega, M\n|-mega|p2a: Tutel :)|Blastoise|Blastoisinite\n|move|p2a: Tutel :)|Protect|p2a: Tutel :)\n|-singleturn|p2a: Tutel :)|Protect\n|move|p1a: Merlin|Thunder Wave|p2a: Tutel :)\n|-activate|p2a: Tutel :)|move: Protect\n|move|p2b: Cat|Cosmic Power|p2b: Cat\n|-boost|p2b: Cat|def|1\n|-boost|p2b: Cat|spd|1\n|-formechange|p1b: Arthur|Aegislash-Blade||[from] ability: Stance Change\n|move|p1b: Arthur|Shadow Ball|p2b: Cat\n|-supereffective|p2b: Cat\n|-damage|p2b: Cat|63\/100\n|-unboost|p2b: Cat|spd|1\n|\n|-heal|p2b: Cat|70\/100|[from] item: Leftovers\n|upkeep\n|turn|2\n|\n|t:|1700316271\n|move|p2b: Cat|Ally Switch|p2b: Cat\n|swap|p2b: Cat|0|[from] move: Ally Switch\n|move|p1a: Merlin|Thunder Wave|p2a: Cat\n|-status|p2a: Cat|par\n|-activate|p2a: Cat|ability: Synchronize\n|-status|p1a: Merlin|par\n|move|p2b: Tutel :)|Shell Smash|p2b: Tutel :)\n|-unboost|p2b: Tutel :)|def|1\n|-unboost|p2b: Tutel :)|spd|1\n|-boost|p2b: Tutel :)|atk|2\n|-boost|p2b: Tutel :)|spa|2\n|-boost|p2b: Tutel :)|spe|2\n|move|p1b: Arthur|Shadow Ball|p2b: Tutel :)\n|-damage|p2b: Tutel :)|22\/100\n|\n|-heal|p2a: Cat|76\/100 par|[from] item: Leftovers\n|upkeep\n|turn|3\n|\n|t:|1700316303\n|move|p1a: Merlin|Light Screen|p1a: Merlin\n|-sidestart|p1: DoomedTaurus|move: Light Screen\n|move|p2b: Tutel :)|Dragon Pulse|p1a: Merlin\n|-immune|p1a: Merlin\n|move|p1b: Arthur|Shadow Ball|p2b: Tutel :)\n|-damage|p2b: Tutel :)|0 fnt\n|faint|p2b: Tutel :)\n|move|p2a: Cat|Life Dew|p2a: Cat\n|-heal|p2a: Cat|100\/100 par\n|\n|upkeep\n|\n|t:|1700316321\n|switch|p2b: The Dittler|Ditto, shiny|100\/100\n|-transform|p2b: The Dittler|p1a: Merlin|[from] ability: Imposter\n|turn|4\n|\n|t:|1700316346\n|move|p2b: The Dittler|Light Screen|p2b: The Dittler\n|-sidestart|p2: Jam35_Name|move: Light Screen\n|move|p1a: Merlin|Thunder Wave|p2b: The Dittler\n|-status|p2b: The Dittler|par\n|move|p1b: Arthur|Substitute|p1b: Arthur\n|-start|p1b: Arthur|Substitute\n|-damage|p1b: Arthur|75\/100\n|move|p2a: Cat|Cosmic Power|p2a: Cat\n|-boost|p2a: Cat|def|1\n|-boost|p2a: Cat|spd|1\n|\n|-heal|p1b: Arthur|82\/100|[from] item: Leftovers\n|upkeep\n|turn|5\n|\n|t:|1700316370\n|switch|p2b: Oeuf|Chansey, F|100\/100\n|switch|p1a: Lancelot|Trevenant, M|100\/100\n|move|p1b: Arthur|Shadow Ball|p2a: Cat\n|-supereffective|p2a: Cat\n|-damage|p2a: Cat|75\/100 par\n|move|p2a: Cat|Cosmic Power|p2a: Cat\n|-boost|p2a: Cat|def|1\n|-boost|p2a: Cat|spd|1\n|\n|-heal|p1b: Arthur|88\/100|[from] item: Leftovers\n|-heal|p2a: Cat|81\/100 par|[from] item: Leftovers\n|upkeep\n|turn|6\n|\n|t:|1700316399\n|move|p1a: Lancelot|Shadow Claw|p2a: Cat\n|-supereffective|p2a: Cat\n|-crit|p2a: Cat\n|-damage|p2a: Cat|0 fnt\n|faint|p2a: Cat\n|move|p1b: Arthur|Shadow Ball|p2b: Oeuf\n|-immune|p2b: Oeuf\n|move|p2b: Oeuf|Reflect|p2b: Oeuf\n|-sidestart|p2: Jam35_Name|Reflect\n|\n|-heal|p1b: Arthur|94\/100|[from] item: Leftovers\n|upkeep\n|\n|t:|1700316413\n|switch|p2a: Kinda Sus|Cloyster, M, shiny|100\/100\n|turn|7\n|\n|t:|1700316432\n|-terastallize|p2a: Kinda Sus|Electric\n|move|p2b: Oeuf|Ally Switch|p2b: Oeuf\n|swap|p2b: Oeuf|0|[from] move: Ally Switch\n|move|p2b: Kinda Sus|Shell Smash|p2b: Kinda Sus\n|-unboost|p2b: Kinda Sus|def|1\n|-unboost|p2b: Kinda Sus|spd|1\n|-boost|p2b: Kinda Sus|atk|2\n|-boost|p2b: Kinda Sus|spa|2\n|-boost|p2b: Kinda Sus|spe|2\n|move|p1a: Lancelot|Shadow Claw|p2a: Oeuf\n|-immune|p2a: Oeuf\n|move|p1b: Arthur|Shadow Ball|p2a: Oeuf\n|-immune|p2a: Oeuf\n|\n|-heal|p1b: Arthur|99\/100|[from] item: Leftovers\n|upkeep\n|turn|8\n|\n|t:|1700316464\n|switch|p1a: Merlin|Klefki, M|100\/100 par\n|move|p2a: Oeuf|Ally Switch||[still]\n|-fail|p2a: Oeuf\n|move|p2b: Kinda Sus|Icicle Spear|p1b: Arthur\n|-resisted|p1b: Arthur\n|-activate|p1b: Arthur|move: Substitute|[damage]\n|-resisted|p1b: Arthur\n|-end|p1b: Arthur|Substitute\n|-resisted|p1b: Arthur\n|-damage|p1b: Arthur|80\/100\n|-resisted|p1b: Arthur\n|-damage|p1b: Arthur|61\/100\n|-resisted|p1b: Arthur\n|-damage|p1b: Arthur|42\/100\n|-hitcount|p1b: Arthur|5\n|move|p1b: Arthur|Toxic|p2b: Kinda Sus\n|-status|p2b: Kinda Sus|tox\n|\n|-heal|p1b: Arthur|49\/100|[from] item: Leftovers\n|-damage|p2b: Kinda Sus|94\/100 tox|[from] psn\n|-sideend|p2: Jam35_Name|move: Light Screen\n|upkeep\n|turn|9\n|\n|t:|1700316499\n|move|p2a: Oeuf|Ally Switch|p2a: Oeuf\n|swap|p2a: Oeuf|1|[from] move: Ally Switch\n|move|p1a: Merlin|Light Screen||[still]\n|-fail|p1a: Merlin\n|move|p2a: Kinda Sus|Liquidation|p1a: Merlin\n|-damage|p1a: Merlin|38\/100 par\n|move|p1b: Arthur|Shadow Ball|p2b: Oeuf\n|-immune|p2b: Oeuf\n|\n|-heal|p1b: Arthur|55\/100|[from] item: Leftovers\n|-damage|p2a: Kinda Sus|82\/100 tox|[from] psn\n|upkeep\n|turn|10\n|\n|t:|1700316528\n|move|p1a: Merlin|Reflect|p1a: Merlin\n|-sidestart|p1: DoomedTaurus|Reflect\n|move|p2a: Kinda Sus|Liquidation|p1b: Arthur\n|-damage|p1b: Arthur|0 fnt\n|faint|p1b: Arthur\n|move|p2b: Oeuf|Brick Break|p1a: Merlin\n|-sideend|p1: DoomedTaurus|Reflect\n|-sideend|p1: DoomedTaurus|move: Light Screen\n|-damage|p1a: Merlin|35\/100 par\n|\n|-activate|p2b: Oeuf|ability: Healer\n|-curestatus|p2a: Kinda Sus|tox|[msg]\n|-sideend|p2: Jam35_Name|Reflect\n|upkeep\n|\n|t:|1700316546\n|switch|p1b: Percival|Chesnaught, M|100\/100\n|turn|11\n|\n|t:|1700316568\n|move|p2b: Oeuf|Ally Switch|p2b: Oeuf\n|swap|p2b: Oeuf|0|[from] move: Ally Switch\n|move|p1a: Merlin|Thunder Wave|p2b: Kinda Sus\n|-immune|p2b: Kinda Sus\n|move|p2b: Kinda Sus|Liquidation|p1a: Merlin\n|-damage|p1a: Merlin|0 fnt\n|faint|p1a: Merlin\n|move|p1b: Percival|Body Press|p2b: Kinda Sus\n|-damage|p2b: Kinda Sus|27\/100\n|\n|upkeep\n|\n|t:|1700316581\n|switch|p1a: Viviane|Dragalge, F|100\/100\n|turn|12\n|\n|t:|1700316597\n|move|p1b: Percival|Spiky Shield|p1b: Percival\n|-singleturn|p1b: Percival|move: Protect\n|move|p2b: Kinda Sus|Icicle Spear|p1a: Viviane\n|-supereffective|p1a: Viviane\n|-damage|p1a: Viviane|53\/100\n|-supereffective|p1a: Viviane\n|-damage|p1a: Viviane|6\/100\n|-supereffective|p1a: Viviane\n|-damage|p1a: Viviane|0 fnt\n|faint|p1a: Viviane\n|-hitcount|p1: Viviane|3\n|move|p2a: Oeuf|Heal Pulse|p2b: Kinda Sus\n|-heal|p2b: Kinda Sus|77\/100\n|\n|upkeep\n|\n|t:|1700316609\n|switch|p1a: Morgana|Florges-Blue, F|100\/100\n|turn|13\n|\n|t:|1700316621\n|move|p2b: Kinda Sus|Icicle Spear|p1b: Percival\n|-supereffective|p1b: Percival\n|-damage|p1b: Percival|77\/100\n|-supereffective|p1b: Percival\n|-damage|p1b: Percival|51\/100\n|-supereffective|p1b: Percival\n|-damage|p1b: Percival|27\/100\n|-supereffective|p1b: Percival\n|-damage|p1b: Percival|4\/100\n|-supereffective|p1b: Percival\n|-damage|p1b: Percival|0 fnt\n|faint|p1b: Percival\n|-hitcount|p1: Percival|5\n|move|p1a: Morgana|Moonblast|p2b: Kinda Sus\n|-damage|p2b: Kinda Sus|0 fnt\n|faint|p2b: Kinda Sus\n|move|p2a: Oeuf|Reflect|p2a: Oeuf\n|-sidestart|p2: Jam35_Name|Reflect\n|\n|upkeep\n|\n|t:|1700316646\n|switch|p2b: Balls|Magneton|100\/100\n|switch|p1b: Lancelot|Trevenant, M|100\/100\n|turn|14\n|\n|t:|1700316674\n|move|p2a: Oeuf|Ally Switch|p2a: Oeuf\n|swap|p2a: Oeuf|1|[from] move: Ally Switch\n|move|p1b: Lancelot|Rock Slide|p2a: Balls|[spread] p2b\n|-miss|p1b: Lancelot|p2a: Balls\n|-damage|p2b: Oeuf|87\/100\n|move|p1a: Morgana|Moonblast|p2a: Balls\n|-resisted|p2a: Balls\n|-damage|p2a: Balls|88\/100\n|-unboost|p2a: Balls|spa|1\n|move|p2a: Balls|Thunder Wave|p1a: Morgana\n|-status|p1a: Morgana|par\n|\n|upkeep\n|turn|15\n|\n|t:|1700316706\n|switch|p2a: The Dittler|Ditto, shiny|100\/100 par\n|-transform|p2a: The Dittler|p1b: Lancelot|[from] ability: Imposter\n|move|p1b: Lancelot|Rock Slide|p2a: The Dittler|[spread] p2b\n|-miss|p1b: Lancelot|p2a: The Dittler\n|-crit|p2b: Oeuf\n|-damage|p2b: Oeuf|59\/100\n|cant|p2b: Oeuf|flinch\n|move|p1a: Morgana|Moonblast|p2b: Oeuf\n|-damage|p2b: Oeuf|49\/100\n|\n|upkeep\n|turn|16\n|\n|t:|1700316748\n|move|p2b: Oeuf|Ally Switch|p2b: Oeuf\n|swap|p2b: Oeuf|0|[from] move: Ally Switch\n|move|p1b: Lancelot|Rock Slide|p2b: The Dittler|[spread] p2a,p2b\n|-damage|p2a: Oeuf|34\/100\n|-damage|p2b: The Dittler|75\/100 par\n|move|p2b: The Dittler|Shadow Claw|p1b: Lancelot\n|-supereffective|p1b: Lancelot\n|-damage|p1b: Lancelot|11\/100\n|-zpower|p1a: Morgana\n|move|p1a: Morgana|Twinkle Tackle|p2a: Oeuf|[zeffect]\n|-damage|p2a: Oeuf|17\/100\n|\n|upkeep\n|turn|17\n|\n|t:|1700316786\n|move|p1b: Lancelot|Rock Slide|p2a: Oeuf|[spread] p2a,p2b\n|-damage|p2a: Oeuf|5\/100\n|-damage|p2b: The Dittler|46\/100 par\n|cant|p2b: The Dittler|flinch\n|move|p2a: Oeuf|Brick Break|p1a: Morgana\n|-resisted|p1a: Morgana\n|-damage|p1a: Morgana|99\/100 par\n|move|p1a: Morgana|Moonblast|p2a: Oeuf\n|-damage|p2a: Oeuf|0 fnt\n|faint|p2a: Oeuf\n|\n|-sideend|p2: Jam35_Name|Reflect\n|upkeep\n|\n|t:|1700316802\n|switch|p2a: Balls|Magneton|88\/100\n|turn|18\n|\n|t:|1700316822\n|move|p1b: Lancelot|Rock Slide|p2b: The Dittler|[spread] p2a,p2b\n|-resisted|p2a: Balls\n|-damage|p2a: Balls|77\/100\n|-damage|p2b: The Dittler|7\/100 par\n|cant|p2a: Balls|flinch\n|move|p2b: The Dittler|Shadow Claw|p1b: Lancelot\n|-supereffective|p1b: Lancelot\n|-damage|p1b: Lancelot|0 fnt\n|faint|p1b: Lancelot\n|move|p1a: Morgana|Moonblast|p2b: The Dittler\n|-damage|p2b: The Dittler|0 fnt\n|faint|p2b: The Dittler\n|\n|upkeep\n|turn|19\n|\n|t:|1700316838\n|move|p2a: Balls|Light Screen|p2a: Balls\n|-sidestart|p2: Jam35_Name|move: Light Screen\n|cant|p1a: Morgana|par\n|\n|upkeep\n|turn|20\n|\n|t:|1700316881\n|move|p2a: Balls|Thunderbolt|p1a: Morgana\n|-damage|p1a: Morgana|75\/100 par\n|cant|p1a: Morgana|par\n|\n|upkeep\n|turn|21\n|\n|t:|1700316893\n|move|p2a: Balls|Thunderbolt|p1a: Morgana\n|-damage|p1a: Morgana|54\/100 par\n|move|p1a: Morgana|Calm Mind|p1a: Morgana\n|-boost|p1a: Morgana|spa|1\n|-boost|p1a: Morgana|spd|1\n|\n|upkeep\n|turn|22\n|\n|t:|1700316901\n|move|p2a: Balls|Thunderbolt|p1a: Morgana\n|-damage|p1a: Morgana|38\/100 par\n|cant|p1a: Morgana|par\n|\n|upkeep\n|turn|23\n|\n|t:|1700316906\n|move|p2a: Balls|Thunderbolt|p1a: Morgana\n|-damage|p1a: Morgana|21\/100 par\n|move|p1a: Morgana|Synthesis|p1a: Morgana\n|-heal|p1a: Morgana|71\/100 par\n|\n|-sideend|p2: Jam35_Name|move: Light Screen\n|upkeep\n|turn|24\n|\n|t:|1700316914\n|move|p2a: Balls|Light Screen|p2a: Balls\n|-sidestart|p2: Jam35_Name|move: Light Screen\n|move|p1a: Morgana|Calm Mind|p1a: Morgana\n|-boost|p1a: Morgana|spa|1\n|-boost|p1a: Morgana|spd|1\n|\n|upkeep\n|turn|25\n|\n|t:|1700316922\n|move|p2a: Balls|Thunderbolt|p1a: Morgana\n|-damage|p1a: Morgana|60\/100 par\n|move|p1a: Morgana|Calm Mind|p1a: Morgana\n|-boost|p1a: Morgana|spa|1\n|-boost|p1a: Morgana|spd|1\n|\n|upkeep\n|turn|26\n|\n|t:|1700316930\n|move|p2a: Balls|Thunderbolt|p1a: Morgana\n|-damage|p1a: Morgana|50\/100 par\n|move|p1a: Morgana|Tera Blast|p2a: Balls\n|-resisted|p2a: Balls\n|-damage|p2a: Balls|65\/100\n|\n|upkeep\n|turn|27\n|\n|t:|1700316953\n|move|p2a: Balls|Thunderbolt|p1a: Morgana\n|-damage|p1a: Morgana|41\/100 par\n|cant|p1a: Morgana|par\n|\n|upkeep\n|turn|28\n|\n|t:|1700316958\n|move|p2a: Balls|Thunderbolt|p1a: Morgana\n|-damage|p1a: Morgana|30\/100 par\n|move|p1a: Morgana|Synthesis|p1a: Morgana\n|-heal|p1a: Morgana|80\/100 par\n|\n|-sideend|p2: Jam35_Name|move: Light Screen\n|upkeep\n|turn|29\n|\n|t:|1700316972\n|move|p2a: Balls|Light Screen|p2a: Balls\n|-sidestart|p2: Jam35_Name|move: Light Screen\n|cant|p1a: Morgana|par\n|\n|upkeep\n|turn|30\n|\n|t:|1700316977\n|move|p2a: Balls|Thunderbolt|p1a: Morgana\n|-damage|p1a: Morgana|70\/100 par\n|move|p1a: Morgana|Moonblast|p2a: Balls\n|-resisted|p2a: Balls\n|-damage|p2a: Balls|42\/100\n|\n|upkeep\n|turn|31\n|\n|t:|1700316984\n|move|p2a: Balls|Thunderbolt|p1a: Morgana\n|-damage|p1a: Morgana|61\/100 par\n|move|p1a: Morgana|Moonblast|p2a: Balls\n|-resisted|p2a: Balls\n|-damage|p2a: Balls|20\/100\n|-unboost|p2a: Balls|spa|1\n|\n|upkeep\n|turn|32\n|\n|t:|1700316992\n|move|p2a: Balls|Thunderbolt|p1a: Morgana\n|-damage|p1a: Morgana|54\/100 par\n|cant|p1a: Morgana|par\n|\n|upkeep\n|turn|33\n|\n|t:|1700316999\n|move|p2a: Balls|Thunderbolt|p1a: Morgana\n|-damage|p1a: Morgana|47\/100 par\n|move|p1a: Morgana|Moonblast|p2a: Balls\n|-resisted|p2a: Balls\n|-damage|p2a: Balls|0 fnt\n|faint|p2a: Balls\n|\n|win|DoomedTaurus\n","uploadtime":1700317008,"views":12,"p1id":"doomedtaurus","p2id":"jam35name","formatid":"gen9nationaldexdoubles","rating":0,"private":0,"password":""}