{"id":"gen9nationaldexdoubles-1980411902","p1":"ButterDeButtery","p2":"floofyshaymin5010","format":"[Gen 9] National Dex Doubles","log":"|j|\u2606ButterDeButtery\n|j|\u2606floofyshaymin5010\n|t:|1698782615\n|gametype|doubles\n|player|p1|ButterDeButtery|waitress|\n|player|p2|floofyshaymin5010|ghetsis|\n|teamsize|p1|6\n|teamsize|p2|6\n|gen|9\n|tier|[Gen 9] National Dex Doubles\n|rule|HP Percentage Mod: HP is shown in percentages\n|rule|Endless Battle Clause: Forcing endless battles is banned\n|rule|OHKO Clause: OHKO moves are banned\n|rule|Evasion Moves Clause: Evasion moves are banned\n|rule|Evasion Abilities Clause: Evasion abilities are banned\n|rule|Species Clause: Limit one of each Pok\u00e9mon\n|rule|Gravity Sleep Clause: The combination of sleep-inducing moves with imperfect accuracy and Gravity or Gigantamax Orbeetle are banned\n|clearpoke\n|poke|p1|Amoonguss, F|\n|poke|p1|Dragonite, F|\n|poke|p1|Flutter Mane|\n|poke|p1|Palafin, M|\n|poke|p1|Indeedee-F, F|\n|poke|p1|Darkrai|\n|poke|p2|Dipplin, F|\n|poke|p2|Basculegion, M|\n|poke|p2|Clefable, F|\n|poke|p2|Dudunsparce-*, M|\n|poke|p2|Glimmora, F|\n|poke|p2|Cresselia, F|\n|teampreview\n|\n|t:|1698782634\n|start\n|switch|p1a: Palafin|Palafin, M|100\/100\n|switch|p1b: Darkrai|Darkrai|100\/100\n|switch|p2a: Glimmora|Glimmora, F|100\/100\n|switch|p2b: Clefable|Clefable, F|100\/100\n|turn|1\n|\n|t:|1698782646\n|move|p1b: Darkrai|Hypnosis|p2b: Clefable\n|-status|p2b: Clefable|slp|[from] move: Hypnosis\n|move|p1a: Palafin|Flip Turn|p2a: Glimmora\n|-supereffective|p2a: Glimmora\n|-damage|p2a: Glimmora|41\/100\n|-activate|p2a: Glimmora|ability: Toxic Debris\n|-sidestart|p1: ButterDeButtery|move: Toxic Spikes\n|-damage|p1a: Palafin|91\/100|[from] item: Life Orb\n|\n|t:|1698782655\n|detailschange|p1a: Palafin|Palafin-Hero, M\n|switch|p1a: Amoonguss|Amoonguss, F|100\/100|[from] Flip Turn\n|-sideend|p1: ButterDeButtery|move: Toxic Spikes|[of] p1a: Amoonguss\n|move|p2a: Glimmora|Stealth Rock|p1b: Darkrai\n|-sidestart|p1: ButterDeButtery|move: Stealth Rock\n|cant|p2b: Clefable|slp\n|\n|-activate|p1b: Darkrai|ability: Bad Dreams\n|upkeep\n|turn|2\n|\n|t:|1698782674\n|move|p2a: Glimmora|Spiky Shield|p2a: Glimmora\n|-singleturn|p2a: Glimmora|move: Protect\n|move|p1b: Darkrai|Focus Blast|p2a: Glimmora\n|-activate|p2a: Glimmora|move: Protect\n|cant|p2b: Clefable|slp\n|move|p1a: Amoonguss|Hex|p2b: Clefable\n|-damage|p2b: Clefable|58\/100 slp\n|\n|-heal|p2b: Clefable|65\/100 slp|[from] item: Leftovers\n|-activate|p1b: Darkrai|ability: Bad Dreams\n|upkeep\n|turn|3\n|\n|t:|1698782706\n|move|p1b: Darkrai|Focus Blast|p2a: Glimmora\n|-damage|p2a: Glimmora|0 fnt\n|faint|p2a: Glimmora\n|-curestatus|p2b: Clefable|slp|[msg]\n|move|p2b: Clefable|Cosmic Power|p2b: Clefable\n|-boost|p2b: Clefable|def|1\n|-boost|p2b: Clefable|spd|1\n|move|p1a: Amoonguss|Hex|p2b: Clefable\n|-damage|p2b: Clefable|51\/100\n|\n|-heal|p2b: Clefable|58\/100|[from] item: Leftovers\n|upkeep\n|\n|t:|1698782722\n|switch|p2a: Dudunsparce|Dudunsparce-Three-Segment, M|100\/100\n|turn|4\n|\n|t:|1698782730\n|move|p1b: Darkrai|Hypnosis|p2b: Clefable\n|-status|p2b: Clefable|slp|[from] move: Hypnosis\n|cant|p2b: Clefable|slp\n|move|p2a: Dudunsparce|Agility|p2a: Dudunsparce\n|-boost|p2a: Dudunsparce|spe|2\n|move|p1a: Amoonguss|Toxic|p2a: Dudunsparce\n|-status|p2a: Dudunsparce|tox\n|\n|-heal|p2b: Clefable|64\/100 slp|[from] item: Leftovers\n|-damage|p2a: Dudunsparce|94\/100 tox|[from] psn\n|-activate|p1b: Darkrai|ability: Bad Dreams\n|upkeep\n|turn|5\n|\n|t:|1698782749\n|move|p1b: Darkrai|Focus Blast|p2a: Dudunsparce\n|-supereffective|p2a: Dudunsparce\n|-damage|p2a: Dudunsparce|8\/100 tox\n|-enditem|p2a: Dudunsparce|Iapapa Berry|[eat]\n|-heal|p2a: Dudunsparce|41\/100 tox|[from] item: Iapapa Berry\n|move|p2a: Dudunsparce|Agility|p2a: Dudunsparce\n|-boost|p2a: Dudunsparce|spe|2\n|cant|p2b: Clefable|slp\n|move|p1a: Amoonguss|Hex|p2b: Clefable\n|-damage|p2b: Clefable|39\/100 slp\n|\n|-heal|p2b: Clefable|45\/100 slp|[from] item: Leftovers\n|-damage|p2a: Dudunsparce|29\/100 tox|[from] psn\n|-activate|p1b: Darkrai|ability: Bad Dreams\n|upkeep\n|turn|6\n|\n|t:|1698782775\n|move|p2a: Dudunsparce|Baton Pass|p2a: Dudunsparce\n|\n|t:|1698782781\n|switch|p2a: Basculegion|Basculegion, M|100\/100|[from] Baton Pass\n|move|p1b: Darkrai|Dark Pulse|p2a: Basculegion\n|-supereffective|p2a: Basculegion\n|-damage|p2a: Basculegion|4\/100\n|cant|p2b: Clefable|slp\n|move|p1a: Amoonguss|Hex|p2b: Clefable\n|-damage|p2b: Clefable|18\/100 slp\n|\n|-heal|p2b: Clefable|24\/100 slp|[from] item: Leftovers\n|-activate|p1b: Darkrai|ability: Bad Dreams\n|upkeep\n|turn|7\n|\n|t:|1698782803\n|move|p2a: Basculegion|Aqua Jet|p1b: Darkrai\n|-damage|p1b: Darkrai|67\/100\n|-damage|p2a: Basculegion|0 fnt|[from] item: Life Orb\n|faint|p2a: Basculegion\n|move|p1b: Darkrai|Blizzard|p2b: Clefable\n|-damage|p2b: Clefable|0 fnt\n|faint|p2b: Clefable\n|move|p1a: Amoonguss|Hex|p2: Basculegion|[notarget]\n|-fail|p1a: Amoonguss\n|\n|upkeep\n|\n|t:|1698782819\n|switch|p2a: Dipplin|Dipplin, F|100\/100\n|switch|p2b: Dudunsparce|Dudunsparce-Three-Segment, M|29\/100 tox\n|-ability|p2a: Dipplin|Supersweet Syrup\n|-ability|p2a: Dipplin|Supersweet Syrup|boost\n|-unboost|p1a: Amoonguss|evasion|1\n|-unboost|p1b: Darkrai|evasion|1\n|turn|8\n|\n|t:|1698782849\n|move|p1b: Darkrai|Dark Pulse|p2b: Dudunsparce\n|-damage|p2b: Dudunsparce|0 fnt\n|faint|p2b: Dudunsparce\n|move|p2a: Dipplin|Pollen Puff|p2: Dudunsparce|[notarget]\n|-fail|p2a: Dipplin\n|move|p1a: Amoonguss|Toxic|p2a: Dipplin\n|-status|p2a: Dipplin|tox\n|\n|-damage|p2a: Dipplin|94\/100 tox|[from] psn\n|upkeep\n|-message|floofyshaymin5010 forfeited.\n|\n|win|ButterDeButtery\n|l|\u2606floofyshaymin5010\n|l|\u2606ButterDeButtery\n|j|\u2606ButterDeButtery\n|player|p1|ButterDeButtery|waitress\n|l|\u2606ButterDeButtery\n|player|p1|\n|j|\u2606ButterDeButtery\n|player|p1|ButterDeButtery|waitress\n","uploadtime":1698783414,"views":10,"p1id":"butterdebuttery","p2id":"floofyshaymin5010","formatid":"gen9nationaldexdoubles","rating":0,"private":0,"password":""}