{"id":"gen9nationaldexdoubles-1983296525","p1":"The OG Trainer Red","p2":"oreorc16","format":"[Gen 9] National Dex Doubles","log":"|j|\u2606The OG Trainer Red\n|j|\u2606oreorc16\n|t:|1699115362\n|gametype|doubles\n|player|p1|The OG Trainer Red|fisherman-gen4|1384\n|player|p2|oreorc16|169|1432\n|teamsize|p1|6\n|teamsize|p2|6\n|gen|9\n|tier|[Gen 9] National Dex Doubles\n|rated|\n|rule|HP Percentage Mod: HP is shown in percentages\n|rule|Endless Battle Clause: Forcing endless battles is banned\n|rule|OHKO Clause: OHKO moves are banned\n|rule|Evasion Moves Clause: Evasion moves are banned\n|rule|Evasion Abilities Clause: Evasion abilities are banned\n|rule|Species Clause: Limit one of each Pok\u00e9mon\n|rule|Gravity Sleep Clause: The combination of sleep-inducing moves with imperfect accuracy and Gravity or Gigantamax Orbeetle are banned\n|clearpoke\n|poke|p1|Ninetales, F|\n|poke|p1|Leafeon, F|\n|poke|p1|Espeon, F|\n|poke|p1|Indeedee-F, F|\n|poke|p1|Politoed, F|\n|poke|p1|Lapras, F|\n|poke|p2|Donphan, L1, F|\n|poke|p2|Farigiraf, M|\n|poke|p2|Malamar, M|\n|poke|p2|Dhelmise|\n|poke|p2|Scizor, M|\n|poke|p2|Bombirdier, F|\n|teampreview\n|inactive|Battle timer is ON: inactive players will automatically lose when time's up. (requested by The OG Trainer Red)\n|\n|t:|1699115407\n|start\n|switch|p1a: Ninetales|Ninetales, F|100\/100\n|switch|p1b: Leafeon|Leafeon, F|100\/100\n|switch|p2a: Donphan|Donphan, L1, F|100\/100\n|switch|p2b: Farigiraf|Farigiraf, M|100\/100\n|-weather|SunnyDay|[from] ability: Drought|[of] p1a: Ninetales\n|turn|1\n|\n|t:|1699115430\n|-terastallize|p2b: Farigiraf|Fire\n|move|p2a: Donphan|Protect|p2a: Donphan\n|-singleturn|p2a: Donphan|Protect\n|move|p1b: Leafeon|Solar Blade||[still]\n|-prepare|p1b: Leafeon|Solar Blade\n|-anim|p1b: Leafeon|Solar Blade|p2a: Donphan\n|-activate|p2a: Donphan|move: Protect\n|move|p1a: Ninetales|Flamethrower|p2a: Donphan\n|-activate|p2a: Donphan|move: Protect\n|move|p2b: Farigiraf|Trick Room|p2b: Farigiraf\n|-fieldstart|move: Trick Room|[of] p2b: Farigiraf\n|\n|-weather|SunnyDay|[upkeep]\n|upkeep\n|turn|2\n|\n|t:|1699115452\n|switch|p1a: Indeedee|Indeedee-F, F|100\/100\n|-fieldstart|move: Psychic Terrain|[from] ability: Psychic Surge|[of] p1a: Indeedee\n|switch|p1b: Politoed|Politoed, F|100\/100\n|-weather|RainDance|[from] ability: Drizzle|[of] p1b: Politoed\n|move|p2a: Donphan|Endeavor|p1a: Indeedee\n|-damage|p1a: Indeedee|4\/100\n|move|p2b: Farigiraf|Hyper Voice|p1b: Politoed|[spread] p1a,p1b\n|-damage|p1a: Indeedee|0 fnt\n|-damage|p1b: Politoed|75\/100\n|faint|p1a: Indeedee\n|\n|-weather|RainDance|[upkeep]\n|upkeep\n|\n|t:|1699115469\n|switch|p1a: Lapras|Lapras, F|100\/100\n|turn|3\n|\n|t:|1699115474\n|move|p2a: Donphan|Endeavor|p1a: Lapras\n|-damage|p1a: Lapras|3\/100\n|move|p2b: Farigiraf|Hyper Voice|p1a: Lapras|[spread] p1a,p1b\n|-damage|p1a: Lapras|0 fnt\n|-damage|p1b: Politoed|51\/100\n|faint|p1a: Lapras\n|move|p1b: Politoed|Surf|p2a: Donphan|[spread] p2a,p2b\n|-supereffective|p2a: Donphan\n|-supereffective|p2b: Farigiraf\n|-ability|p2a: Donphan|Sturdy\n|-damage|p2a: Donphan|8\/100\n|-damage|p2b: Farigiraf|0 fnt\n|faint|p2b: Farigiraf\n|\n|-weather|RainDance|[upkeep]\n|upkeep\n|\n|t:|1699115494\n|switch|p2b: Malamar|Malamar, M|100\/100\n|switch|p1a: Leafeon|Leafeon, F|100\/100\n|turn|4\n|inactive|oreorc16 has 120 seconds left.\n|\n|t:|1699115543\n|move|p2a: Donphan|Endeavor|p1b: Politoed\n|-damage|p1b: Politoed|1\/100\n|-heal|p2a: Donphan|100\/100|[from] item: Shell Bell|[of] p1b: Politoed\n|move|p1b: Politoed|Surf|p2a: Donphan|[spread] p1a,p2a,p2b\n|-resisted|p1a: Leafeon\n|-supereffective|p2a: Donphan\n|-damage|p1a: Leafeon|72\/100\n|-ability|p2a: Donphan|Sturdy\n|-damage|p2a: Donphan|8\/100\n|-damage|p2b: Malamar|51\/100\n|move|p2b: Malamar|Superpower|p1b: Politoed\n|-damage|p1b: Politoed|0 fnt\n|-boost|p2b: Malamar|atk|1\n|-boost|p2b: Malamar|def|1\n|faint|p1b: Politoed\n|move|p1a: Leafeon|X-Scissor|p2b: Malamar\n|-supereffective|p2b: Malamar\n|-damage|p2b: Malamar|0 fnt\n|faint|p2b: Malamar\n|\n|-weather|RainDance|[upkeep]\n|upkeep\n|inactive|oreorc16 has 120 seconds left.\n|\n|t:|1699115564\n|switch|p1b: Espeon|Espeon, F|100\/100\n|switch|p2b: Dhelmise|Dhelmise|100\/100\n|turn|5\n|\n|t:|1699115580\n|move|p2a: Donphan|Endeavor|p1b: Espeon\n|-damage|p1b: Espeon|1\/100\n|-heal|p2a: Donphan|100\/100|[from] item: Shell Bell|[of] p1b: Espeon\n|move|p2b: Dhelmise|Gyro Ball|p1a: Leafeon\n|-damage|p1a: Leafeon|5\/100\n|move|p1a: Leafeon|Knock Off|p2b: Dhelmise\n|-supereffective|p2b: Dhelmise\n|-damage|p2b: Dhelmise|42\/100\n|-enditem|p2b: Dhelmise|Iron Ball|[from] move: Knock Off|[of] p1a: Leafeon\n|move|p1b: Espeon|Expanding Force|p2b: Dhelmise|[spread] p2a,p2b\n|-ability|p2a: Donphan|Sturdy\n|-damage|p2a: Donphan|8\/100\n|-damage|p2b: Dhelmise|0 fnt\n|faint|p2b: Dhelmise\n|\n|-weather|RainDance|[upkeep]\n|-fieldend|move: Trick Room\n|upkeep\n|\n|t:|1699115592\n|switch|p2b: Bombirdier|Bombirdier, F|100\/100\n|turn|6\n|\n|t:|1699115612\n|switch|p1b: Ninetales|Ninetales, F|100\/100\n|-weather|SunnyDay|[from] ability: Drought|[of] p1b: Ninetales\n|move|p1a: Leafeon|Solar Blade||[still]\n|-prepare|p1a: Leafeon|Solar Blade\n|-anim|p1a: Leafeon|Solar Blade|p2a: Donphan\n|-supereffective|p2a: Donphan\n|-damage|p2a: Donphan|0 fnt\n|faint|p2a: Donphan\n|move|p2b: Bombirdier|Rock Slide|p1a: Leafeon|[spread] p1a,p1b\n|-supereffective|p1b: Ninetales\n|-damage|p1a: Leafeon|0 fnt\n|-damage|p1b: Ninetales|31\/100\n|faint|p1a: Leafeon\n|\n|-weather|SunnyDay|[upkeep]\n|-fieldend|move: Psychic Terrain\n|upkeep\n|\n|t:|1699115626\n|switch|p1a: Espeon|Espeon, F|1\/100\n|switch|p2a: Scizor|Scizor, M|100\/100\n|turn|7\n|\n|t:|1699115638\n|detailschange|p2a: Scizor|Scizor-Mega, M\n|-mega|p2a: Scizor|Scizor|Scizorite\n|-terastallize|p1a: Espeon|Fairy\n|move|p2a: Scizor|Bullet Punch|p1b: Ninetales\n|-resisted|p1b: Ninetales\n|-damage|p1b: Ninetales|3\/100\n|move|p2b: Bombirdier|Rock Slide|p1b: Ninetales|[spread] p1a\n|-miss|p2b: Bombirdier|p1b: Ninetales\n|-damage|p1a: Espeon|0 fnt\n|faint|p1a: Espeon\n|move|p1b: Ninetales|Flamethrower|p2a: Scizor\n|-supereffective|p2a: Scizor\n|-damage|p2a: Scizor|0 fnt\n|faint|p2a: Scizor\n|\n|-weather|SunnyDay|[upkeep]\n|upkeep\n|turn|8\n|\n|t:|1699115653\n|move|p2b: Bombirdier|Rock Slide|p1b: Ninetales|[miss]\n|-miss|p2b: Bombirdier|p1b: Ninetales\n|move|p1b: Ninetales|Flamethrower|p2b: Bombirdier\n|-damage|p2b: Bombirdier|0 fnt\n|faint|p2b: Bombirdier\n|\n|win|The OG Trainer Red\n|raw|The OG Trainer Red's rating: 1384 &rarr; <strong>1405<\/strong><br \/>(+21 for winning)\n|raw|oreorc16's rating: 1399 &rarr; <strong>1378<\/strong><br \/>(-21 for losing)\n|l|\u2606oreorc16\n","uploadtime":1699115669,"views":7,"p1id":"theogtrainerred","p2id":"oreorc16","formatid":"gen9nationaldexdoubles","rating":1378,"private":0,"password":""}