{"id":"gen9nationaldexdoubles-1987954903","p1":"GG noob u LOSE","p2":"Brick_Enjoyer_144","format":"[Gen 9] National Dex Doubles","log":"|j|\u2606GG noob u LOSE\n|j|\u2606Brick_Enjoyer_144\n|t:|1699652786\n|gametype|doubles\n|player|p1|GG noob u LOSE|jogger|1000\n|player|p2|Brick_Enjoyer_144|shauntal|1139\n|teamsize|p1|6\n|teamsize|p2|6\n|gen|9\n|tier|[Gen 9] National Dex Doubles\n|rated|\n|rule|HP Percentage Mod: HP is shown in percentages\n|rule|Endless Battle Clause: Forcing endless battles is banned\n|rule|OHKO Clause: OHKO moves are banned\n|rule|Evasion Moves Clause: Evasion moves are banned\n|rule|Evasion Abilities Clause: Evasion abilities are banned\n|rule|Species Clause: Limit one of each Pok\u00e9mon\n|rule|Gravity Sleep Clause: The combination of sleep-inducing moves with imperfect accuracy and Gravity or Gigantamax Orbeetle are banned\n|clearpoke\n|poke|p1|Indeedee-F, F|\n|poke|p1|Oranguru, F|\n|poke|p1|Glastrier|\n|poke|p1|Hoopa-Unbound|\n|poke|p1|Ursaluna, M|\n|poke|p1|Zygarde|\n|poke|p2|Avalugg-Hisui, F|\n|poke|p2|Ribombee, F|\n|poke|p2|Murkrow, M|\n|poke|p2|Ninetales-Alola, F|\n|poke|p2|Gholdengo|\n|poke|p2|Heracross, M|\n|teampreview\n|inactive|Battle timer is ON: inactive players will automatically lose when time's up. (requested by Brick_Enjoyer_144)\n|\n|t:|1699652793\n|start\n|switch|p1a: Hoopa|Hoopa-Unbound|100\/100\n|switch|p1b: Zygarde|Zygarde|100\/100\n|switch|p2a: Ribombee|Ribombee, F|100\/100\n|switch|p2b: Ninetales|Ninetales-Alola, F|100\/100\n|-weather|Snow|[from] ability: Snow Warning|[of] p2b: Ninetales\n|-ability|p1b: Zygarde|Aura Break\n|turn|1\n|\n|t:|1699652808\n|move|p2a: Ribombee|Sticky Web|p1a: Hoopa\n|-sidestart|p1: GG noob u LOSE|move: Sticky Web\n|move|p2b: Ninetales|Aurora Veil|p2b: Ninetales\n|-sidestart|p2: Brick_Enjoyer_144|move: Aurora Veil\n|move|p1b: Zygarde|Coil|p1b: Zygarde\n|-boost|p1b: Zygarde|atk|1\n|-boost|p1b: Zygarde|def|1\n|-boost|p1b: Zygarde|accuracy|1\n|move|p1a: Hoopa|Trick Room|p1a: Hoopa\n|-fieldstart|move: Trick Room|[of] p1a: Hoopa\n|-enditem|p1b: Zygarde|Room Service\n|-unboost|p1b: Zygarde|spe|1|[from] item: Room Service\n|-enditem|p1a: Hoopa|Room Service\n|-unboost|p1a: Hoopa|spe|1|[from] item: Room Service\n|\n|-weather|Snow|[upkeep]\n|upkeep\n|turn|2\n|inactive|GG noob u LOSE has 120 seconds left.\n|inactive|Brick_Enjoyer_144 has 120 seconds left.\n|\n|t:|1699652847\n|-terastallize|p1b: Zygarde|Steel\n|move|p1a: Hoopa|Shadow Ball|p2b: Ninetales\n|-damage|p2b: Ninetales|72\/100\n|-item|p1a: Hoopa|Icy Rock|[from] ability: Magician|[of] p2b: Ninetales\n|move|p1b: Zygarde|Coil|p1b: Zygarde\n|-boost|p1b: Zygarde|atk|1\n|-boost|p1b: Zygarde|def|1\n|-boost|p1b: Zygarde|accuracy|1\n|move|p2b: Ninetales|Dazzling Gleam|p1a: Hoopa|[spread] p1a,p1b\n|-supereffective|p1a: Hoopa\n|-resisted|p1b: Zygarde\n|-damage|p1a: Hoopa|64\/100\n|-damage|p1b: Zygarde|93\/100\n|move|p2a: Ribombee|Speed Swap|p1a: Hoopa\n|-activate|p2a: Ribombee|move: Speed Swap|[of] p1a: Hoopa\n|\n|-weather|Snow|[upkeep]\n|upkeep\n|turn|3\n|inactive|Brick_Enjoyer_144 has 120 seconds left.\n|\n|t:|1699652877\n|move|p1b: Zygarde|Coil|p1b: Zygarde\n|-boost|p1b: Zygarde|atk|1\n|-boost|p1b: Zygarde|def|1\n|-boost|p1b: Zygarde|accuracy|1\n|move|p2a: Ribombee|Dazzling Gleam|p1a: Hoopa|[spread] p1a,p1b\n|-supereffective|p1a: Hoopa\n|-resisted|p1b: Zygarde\n|-damage|p1a: Hoopa|35\/100\n|-damage|p1b: Zygarde|88\/100\n|move|p1a: Hoopa|Shadow Ball|p2b: Ninetales\n|-damage|p2b: Ninetales|40\/100\n|move|p2b: Ninetales|Dazzling Gleam|p1a: Hoopa|[spread] p1a,p1b\n|-supereffective|p1a: Hoopa\n|-resisted|p1b: Zygarde\n|-damage|p1a: Hoopa|0 fnt\n|-damage|p1b: Zygarde|81\/100\n|faint|p1a: Hoopa\n|\n|-weather|Snow|[upkeep]\n|upkeep\n|inactive|GG noob u LOSE has 120 seconds left.\n|inactive|GG noob u LOSE has 90 seconds left.\n|\n|t:|1699652922\n|switch|p1a: Indeedee|Indeedee-F, F|100\/100\n|-activate|p1a: Indeedee|move: Sticky Web\n|-unboost|p1a: Indeedee|spe|1\n|-fieldstart|move: Psychic Terrain|[from] ability: Psychic Surge|[of] p1a: Indeedee\n|turn|4\n|\n|t:|1699652938\n|move|p1a: Indeedee|Heal Pulse|p1b: Zygarde\n|-heal|p1b: Zygarde|100\/100\n|move|p1b: Zygarde|Coil|p1b: Zygarde\n|-boost|p1b: Zygarde|atk|1\n|-boost|p1b: Zygarde|def|1\n|-boost|p1b: Zygarde|accuracy|1\n|move|p2a: Ribombee|Dazzling Gleam|p1a: Indeedee|[spread] p1a,p1b\n|-resisted|p1b: Zygarde\n|-damage|p1a: Indeedee|82\/100\n|-damage|p1b: Zygarde|95\/100\n|move|p2b: Ninetales|Dazzling Gleam|p1a: Indeedee|[spread] p1a,p1b\n|-resisted|p1b: Zygarde\n|-damage|p1a: Indeedee|62\/100\n|-damage|p1b: Zygarde|88\/100\n|\n|-weather|Snow|[upkeep]\n|upkeep\n|turn|5\n|inactive|GG noob u LOSE has 120 seconds left.\n|inactive|GG noob u LOSE has 90 seconds left.\n|\n|t:|1699652987\n|move|p1a: Indeedee|Heal Pulse|p1b: Zygarde\n|-heal|p1b: Zygarde|100\/100\n|move|p1b: Zygarde|Coil|p1b: Zygarde\n|-boost|p1b: Zygarde|atk|1\n|-boost|p1b: Zygarde|def|1\n|-boost|p1b: Zygarde|accuracy|1\n|move|p2a: Ribombee|Dazzling Gleam|p1a: Indeedee|[spread] p1a,p1b\n|-resisted|p1b: Zygarde\n|-damage|p1a: Indeedee|44\/100\n|-damage|p1b: Zygarde|94\/100\n|move|p2b: Ninetales|Blizzard|p1a: Indeedee|[spread] p1a,p1b\n|-resisted|p1b: Zygarde\n|-crit|p1b: Zygarde\n|-damage|p1a: Indeedee|18\/100\n|-damage|p1b: Zygarde|80\/100\n|\n|-weather|Snow|[upkeep]\n|-sideend|p2: Brick_Enjoyer_144|move: Aurora Veil\n|-fieldend|move: Trick Room\n|upkeep\n|turn|6\n|inactive|GG noob u LOSE has 90 seconds left.\n|\n|t:|1699653019\n|move|p2b: Ninetales|Blizzard|p1b: Zygarde|[spread] p1a,p1b\n|-resisted|p1b: Zygarde\n|-damage|p1a: Indeedee|0 fnt\n|-damage|p1b: Zygarde|70\/100\n|-status|p1b: Zygarde|frz\n|faint|p1a: Indeedee\n|move|p2a: Ribombee|Dazzling Gleam|p1b: Zygarde\n|-resisted|p1b: Zygarde\n|-damage|p1b: Zygarde|62\/100 frz\n|-curestatus|p1b: Zygarde|frz|[msg]\n|move|p1b: Zygarde|Coil|p1b: Zygarde\n|-boost|p1b: Zygarde|atk|1\n|-boost|p1b: Zygarde|def|1\n|-boost|p1b: Zygarde|accuracy|1\n|\n|-weather|Snow|[upkeep]\n|upkeep\n|\n|t:|1699653029\n|switch|p1a: Oranguru|Oranguru, F|100\/100\n|-activate|p1a: Oranguru|move: Sticky Web\n|-unboost|p1a: Oranguru|spe|1\n|turn|7\n|\n|t:|1699653038\n|move|p2b: Ninetales|Blizzard|p1a: Oranguru|[spread] p1a,p1b\n|-resisted|p1b: Zygarde\n|-damage|p1a: Oranguru|75\/100\n|-damage|p1b: Zygarde|52\/100\n|move|p2a: Ribombee|Dazzling Gleam|p1b: Zygarde|[spread] p1a,p1b\n|-resisted|p1b: Zygarde\n|-damage|p1a: Oranguru|60\/100\n|-damage|p1b: Zygarde|46\/100\n|move|p1b: Zygarde|Thousand Arrows|p2b: Ninetales|[spread] p2a,p2b\n|-resisted|p2a: Ribombee\n|-damage|p2a: Ribombee|26\/100\n|-damage|p2b: Ninetales|0 fnt\n|faint|p2b: Ninetales\n|move|p1a: Oranguru|Trick Room|p1a: Oranguru\n|-fieldstart|move: Trick Room|[of] p1a: Oranguru\n|\n|-weather|Snow|[upkeep]\n|upkeep\n|\n|t:|1699653057\n|switch|p2b: Avalugg|Avalugg-Hisui, F|100\/100\n|turn|8\n|inactive|GG noob u LOSE has 120 seconds left.\n|\n|t:|1699653097\n|move|p1a: Oranguru|Instruct|p1b: Zygarde\n|-singleturn|p1b: Zygarde|move: Instruct|[of] p1a: Oranguru\n|move|p1b: Zygarde|Thousand Arrows|p2b: Avalugg|[spread] p2a,p2b\n|-resisted|p2a: Ribombee\n|-supereffective|p2b: Avalugg\n|-damage|p2a: Ribombee|0 fnt\n|-damage|p2b: Avalugg|35\/100\n|-enditem|p2b: Avalugg|Weakness Policy\n|-boost|p2b: Avalugg|atk|2|[from] item: Weakness Policy\n|-boost|p2b: Avalugg|spa|2|[from] item: Weakness Policy\n|faint|p2a: Ribombee\n|move|p2b: Avalugg|Crunch|p1b: Zygarde\n|-damage|p1b: Zygarde|37\/100\n|-unboost|p1b: Zygarde|def|1\n|move|p1b: Zygarde|Thousand Arrows|p2b: Avalugg\n|-supereffective|p2b: Avalugg\n|-damage|p2b: Avalugg|0 fnt\n|faint|p2b: Avalugg\n|\n|-weather|none\n|-fieldend|move: Psychic Terrain\n|upkeep\n|inactive|Brick_Enjoyer_144 has 120 seconds left.\n|\n|t:|1699653119\n|switch|p2b: Gholdengo|Gholdengo|100\/100\n|switch|p2a: Murkrow|Murkrow, M|100\/100\n|turn|9\n|j| Commentator voice\n|inactive|GG noob u LOSE has 120 seconds left.\n|\n|t:|1699653153\n|move|p1a: Oranguru|Instruct|p1b: Zygarde\n|-singleturn|p1b: Zygarde|move: Instruct|[of] p1a: Oranguru\n|move|p1b: Zygarde|Thousand Arrows|p2b: Gholdengo|[spread] p2a,p2b\n|-supereffective|p2b: Gholdengo\n|-damage|p2a: Murkrow|0 fnt\n|-damage|p2b: Gholdengo|0 fnt\n|faint|p2a: Murkrow\n|faint|p2b: Gholdengo\n|move|p1b: Zygarde|Thousand Arrows|p2: Murkrow|[notarget]\n|-fail|p1b: Zygarde\n|\n|upkeep\n|\n|t:|1699653165\n|switch|p2b: Heracross|Heracross, M|100\/100\n|turn|10\n|inactive|GG noob u LOSE has 120 seconds left.\n|inactive|GG noob u LOSE has 90 seconds left.\n|\n|t:|1699653218\n|move|p1a: Oranguru|Instruct|p1b: Zygarde\n|-singleturn|p1b: Zygarde|move: Instruct|[of] p1a: Oranguru\n|move|p1b: Zygarde|Thousand Arrows|p2b: Heracross\n|-resisted|p2b: Heracross\n|-damage|p2b: Heracross|6\/100\n|move|p1b: Zygarde|Thousand Arrows|p2b: Heracross\n|-resisted|p2b: Heracross\n|-damage|p2b: Heracross|0 fnt\n|faint|p2b: Heracross\n|\n|win|GG noob u LOSE\n|raw|GG noob u LOSE's rating: 1045 &rarr; <strong>1087<\/strong><br \/>(+42 for winning)\n|raw|Brick_Enjoyer_144's rating: 1139 &rarr; <strong>1107<\/strong><br \/>(-32 for losing)\n|l|\u2606GG noob u LOSE\n","uploadtime":1699653223,"views":10,"p1id":"ggnoobulose","p2id":"brickenjoyer144","formatid":"gen9nationaldexdoubles","rating":1087,"private":0,"password":""}