{"id":"gen9nationaldexdoubles-1964305238","p1":"988989889timothy","p2":"988989889tim","format":"[Gen 9] National Dex Doubles","log":"|j|\u2606988989889timothy\n|j|\u2606988989889tim\n|t:|1696958261\n|gametype|doubles\n|player|p1|988989889timothy|lucas|\n|player|p2|988989889tim|265|\n|teamsize|p1|6\n|teamsize|p2|6\n|gen|9\n|tier|[Gen 9] National Dex Doubles\n|rule|HP Percentage Mod: HP is shown in percentages\n|rule|Endless Battle Clause: Forcing endless battles is banned\n|rule|OHKO Clause: OHKO moves are banned\n|rule|Evasion Moves Clause: Evasion moves are banned\n|rule|Evasion Abilities Clause: Evasion abilities are banned\n|rule|Species Clause: Limit one of each Pok\u00e9mon\n|rule|Gravity Sleep Clause: The combination of sleep-inducing moves with imperfect accuracy and Gravity or Gigantamax Orbeetle are banned\n|clearpoke\n|poke|p1|Flygon, M|\n|poke|p1|Umbreon, M|\n|poke|p1|Espeon, F|\n|poke|p1|Raikou|\n|poke|p1|Suicune|\n|poke|p1|Meganium, F|\n|poke|p2|Empoleon, F|\n|poke|p2|Garchomp, F|\n|poke|p2|Magnezone|\n|poke|p2|Cofagrigus, M|\n|poke|p2|Lucario, F|\n|poke|p2|Claydol|\n|teampreview\n|\n|t:|1696958281\n|start\n|switch|p1a: Umbreon|Umbreon, M|100\/100\n|switch|p1b: Flygon|Flygon, M|100\/100\n|switch|p2a: Omega|Garchomp, F|100\/100\n|switch|p2b: Magnezone|Magnezone|100\/100\n|-item|p2b: Magnezone|Air Balloon\n|turn|1\n|\n|t:|1696958314\n|move|p1b: Flygon|Earthquake|p2a: Omega|[spread] p1a,p2a\n|-immune|p2b: Magnezone\n|-damage|p1a: Umbreon|77\/100\n|-damage|p2a: Omega|67\/100\n|move|p2a: Omega|Sandstorm|p2a: Omega\n|-weather|Sandstorm\n|move|p1a: Umbreon|Confuse Ray|p2a: Omega\n|-start|p2a: Omega|confusion\n|move|p2b: Magnezone|Magnet Rise|p2b: Magnezone\n|-start|p2b: Magnezone|Magnet Rise\n|\n|-weather|Sandstorm|[upkeep]\n|-damage|p1a: Umbreon|71\/100|[from] Sandstorm\n|upkeep\n|turn|2\n|\n|t:|1696958344\n|move|p1b: Flygon|Dragon Breath|p2a: Omega\n|-supereffective|p2a: Omega\n|-damage|p2a: Omega|21\/100\n|-activate|p2a: Omega|confusion\n|move|p2a: Omega|Earthquake|p1a: Umbreon|[spread] p1a\n|-immune|p2b: Magnezone\n|-immune|p1b: Flygon|[from] ability: Levitate\n|-damage|p1a: Umbreon|39\/100\n|move|p1a: Umbreon|Bite|p2b: Magnezone\n|-damage|p2b: Magnezone|85\/100\n|-enditem|p2b: Magnezone|Air Balloon\n|move|p2b: Magnezone|Flash Cannon|p1b: Flygon\n|-damage|p1b: Flygon|45\/100\n|\n|-weather|Sandstorm|[upkeep]\n|-damage|p1a: Umbreon|33\/100|[from] Sandstorm\n|upkeep\n|turn|3\n|\n|t:|1696958386\n|switch|p1b: Mega|Meganium, F|100\/100\n|-activate|p2a: Omega|confusion\n|move|p2a: Omega|Earthquake|p1a: Umbreon|[spread] p1a,p1b\n|-immune|p2b: Magnezone\n|-resisted|p1b: Mega\n|-damage|p1a: Umbreon|2\/100\n|-damage|p1b: Mega|80\/100\n|move|p1a: Umbreon|Bite|p2a: Omega\n|-damage|p2a: Omega|2\/100\n|-damage|p1a: Umbreon|0 fnt|[from] ability: Rough Skin|[of] p2a: Omega\n|faint|p1a: Umbreon\n|move|p2b: Magnezone|Flash Cannon|p1b: Mega\n|-damage|p1b: Mega|40\/100\n|\n|-weather|Sandstorm|[upkeep]\n|-damage|p1b: Mega|34\/100|[from] Sandstorm\n|upkeep\n|\n|t:|1696958410\n|switch|p1a: Sparks|Raikou|100\/100\n|-ability|p1a: Sparks|Pressure\n|turn|4\n|\n|t:|1696958438\n|move|p1a: Sparks|Quick Attack|p2a: Omega\n|-crit|p2a: Omega\n|-damage|p2a: Omega|0 fnt\n|-damage|p1a: Sparks|88\/100|[from] ability: Rough Skin|[of] p2a: Omega\n|-damage|p1a: Sparks|72\/100|[from] item: Rocky Helmet|[of] p2a: Omega\n|faint|p2a: Omega\n|move|p1b: Mega|Light Screen|p1b: Mega\n|-sidestart|p1: 988989889timothy|move: Light Screen\n|move|p2b: Magnezone|Flash Cannon|p1b: Mega\n|-damage|p1b: Mega|9\/100\n|\n|-weather|Sandstorm|[upkeep]\n|-damage|p1a: Sparks|66\/100|[from] Sandstorm\n|-damage|p1b: Mega|3\/100|[from] Sandstorm\n|upkeep\n|\n|t:|1696958458\n|switch|p2a: Claydol|Claydol|100\/100\n|turn|5\n|\n|t:|1696958482\n|move|p1a: Sparks|Rain Dance|p1a: Sparks\n|-weather|RainDance\n|move|p2a: Claydol|Psychic|p1a: Sparks\n|-damage|p1a: Sparks|50\/100\n|-unboost|p1a: Sparks|spd|1\n|move|p1b: Mega|Light Screen||[still]\n|-fail|p1b: Mega\n|move|p2b: Magnezone|Discharge|p1a: Sparks|[spread] p1a,p1b\n|-immune|p2a: Claydol\n|-resisted|p1a: Sparks\n|-resisted|p1b: Mega\n|-damage|p1a: Sparks|36\/100\n|-damage|p1b: Mega|0 fnt\n|faint|p1b: Mega\n|\n|-weather|RainDance|[upkeep]\n|-end|p2b: Magnezone|Magnet Rise\n|upkeep\n|\n|t:|1696958499\n|switch|p1b: Suicune|Suicune|100\/100\n|-ability|p1b: Suicune|Pressure\n|turn|6\n|\n|t:|1696958523\n|switch|p2a: Cofagrigus|Cofagrigus, M|100\/100\n|move|p1a: Sparks|Thunder|p2b: Magnezone\n|-resisted|p2b: Magnezone\n|-damage|p2b: Magnezone|57\/100\n|move|p1b: Suicune|Surf|p2b: Magnezone|[spread] p1a,p2a,p2b\n|-damage|p1a: Sparks|0 fnt\n|-damage|p2a: Cofagrigus|51\/100\n|-damage|p2b: Magnezone|10\/100\n|faint|p1a: Sparks\n|move|p2b: Magnezone|Thunderbolt|p1b: Suicune\n|-supereffective|p1b: Suicune\n|-damage|p1b: Suicune|58\/100\n|\n|-weather|RainDance|[upkeep]\n|upkeep\n|\n|t:|1696958539\n|switch|p1a: Espeon|Espeon, F|100\/100\n|turn|7\n|\n|t:|1696958561\n|move|p1a: Espeon|Psychic|p2a: Cofagrigus\n|-damage|p2a: Cofagrigus|0 fnt\n|faint|p2a: Cofagrigus\n|move|p1b: Suicune|Aurora Beam|p2b: Magnezone\n|-resisted|p2b: Magnezone\n|-damage|p2b: Magnezone|1\/100\n|move|p2b: Magnezone|Thunderbolt|p1b: Suicune\n|-supereffective|p1b: Suicune\n|-damage|p1b: Suicune|9\/100\n|\n|-weather|RainDance|[upkeep]\n|upkeep\n|\n|t:|1696958579\n|switch|p2a: Empoleon|Empoleon, F|100\/100\n|turn|8\n|\n|t:|1696958618\n|move|p1a: Espeon|Psychic|p2a: Empoleon\n|-resisted|p2a: Empoleon\n|-damage|p2a: Empoleon|76\/100\n|move|p1b: Suicune|Leer|p2a: Empoleon|[spread] p2a,p2b\n|-unboost|p2a: Empoleon|def|1\n|-unboost|p2b: Magnezone|def|1\n|move|p2b: Magnezone|Discharge|p1b: Suicune|[spread] p2a,p1a,p1b\n|-supereffective|p2a: Empoleon\n|-supereffective|p1b: Suicune\n|-damage|p2a: Empoleon|29\/100\n|-damage|p1a: Espeon|74\/100\n|-damage|p1b: Suicune|0 fnt\n|faint|p1b: Suicune\n|move|p2a: Empoleon|Surf|p1a: Espeon|[spread] p2b,p1a\n|-damage|p2b: Magnezone|0 fnt\n|-damage|p1a: Espeon|3\/100\n|faint|p2b: Magnezone\n|\n|-weather|RainDance|[upkeep]\n|-sideend|p1: 988989889timothy|move: Light Screen\n|upkeep\n|\n|t:|1696958636\n|switch|p1b: Flygon|Flygon, M|45\/100\n|switch|p2b: Lucario|Lucario, F|100\/100\n|turn|9\n|\n|t:|1696958677\n|detailschange|p2b: Lucario|Lucario-Mega, F\n|-mega|p2b: Lucario|Lucario|Lucarionite\n|-terastallize|p1b: Flygon|Ground\n|move|p1a: Espeon|Psychic|p2b: Lucario\n|-damage|p2b: Lucario|5\/100\n|move|p1b: Flygon|Earthquake|p2b: Lucario|[spread] p1a,p2a,p2b\n|-supereffective|p2a: Empoleon\n|-supereffective|p2b: Lucario\n|-crit|p2b: Lucario\n|-damage|p1a: Espeon|0 fnt\n|-damage|p2a: Empoleon|0 fnt\n|-damage|p2b: Lucario|0 fnt\n|faint|p1a: Espeon\n|faint|p2a: Empoleon\n|faint|p2b: Lucario\n|\n|-weather|none\n|upkeep\n|\n|t:|1696958702\n|switch|p2a: Claydol|Claydol|100\/100\n|turn|10\n|\n|t:|1696958732\n|-terastallize|p2a: Claydol|Ground\n|move|p1b: Flygon|Crunch|p2a: Claydol\n|-damage|p2a: Claydol|78\/100\n|-unboost|p2a: Claydol|def|1\n|move|p2a: Claydol|Ice Beam|p1b: Flygon\n|-supereffective|p1b: Flygon\n|-damage|p1b: Flygon|0 fnt\n|faint|p1b: Flygon\n|\n|win|988989889tim\n","uploadtime":1696958750,"views":3,"p1id":"988989889timothy","p2id":"988989889tim","formatid":"gen9nationaldexdoubles","rating":0,"private":0,"password":""}