{"id":"gen9nationaldexdoubles-1983041530","p1":"LilyLopears","p2":"pootesting","format":"[Gen 9] National Dex Doubles","log":"|j|\u2606LilyLopears\n|j|\u2606pootesting\n|t:|1699074149\n|gametype|doubles\n|player|p1|LilyLopears|acetrainersnowf|1121\n|player|p2|pootesting|266|1000\n|teamsize|p1|6\n|teamsize|p2|6\n|gen|9\n|tier|[Gen 9] National Dex Doubles\n|rated|\n|rule|HP Percentage Mod: HP is shown in percentages\n|rule|Endless Battle Clause: Forcing endless battles is banned\n|rule|OHKO Clause: OHKO moves are banned\n|rule|Evasion Moves Clause: Evasion moves are banned\n|rule|Evasion Abilities Clause: Evasion abilities are banned\n|rule|Species Clause: Limit one of each Pok\u00e9mon\n|rule|Gravity Sleep Clause: The combination of sleep-inducing moves with imperfect accuracy and Gravity or Gigantamax Orbeetle are banned\n|clearpoke\n|poke|p1|Ninetales-Alola, F|\n|poke|p1|Sandslash-Alola, M|\n|poke|p1|Ursaluna-Bloodmoon, M|\n|poke|p1|Kommo-o, F|\n|poke|p1|Latios, M|\n|poke|p1|Incineroar, M|\n|poke|p2|Arcanine, M|\n|poke|p2|Ursaluna, F|\n|poke|p2|Iron Hands|\n|poke|p2|Hydreigon, F|\n|poke|p2|Sinistcha-Masterpiece|\n|poke|p2|Maushold-Four|\n|teampreview\n|inactive|Battle timer is ON: inactive players will automatically lose when time's up. (requested by pootesting)\n|inactive|LilyLopears has 120 seconds left.\n|\n|t:|1699074183\n|start\n|switch|p1a: Meow :3|Incineroar, M|100\/100\n|switch|p1b: Latios|Latios, M|100\/100\n|switch|p2a: Ursaluna|Ursaluna, F|100\/100\n|switch|p2b: Hydreigon|Hydreigon, F|100\/100\n|-ability|p1a: Meow :3|Intimidate|boost\n|-unboost|p2a: Ursaluna|atk|1\n|-unboost|p2b: Hydreigon|atk|1\n|turn|1\n|inactive|LilyLopears has 120 seconds left.\n|\n|t:|1699074243\n|switch|p1a: Kommo-o|Kommo-o, F|100\/100\n|detailschange|p1b: Latios|Latios-Mega, M\n|-mega|p1b: Latios|Latios|Latiosite\n|move|p2b: Hydreigon|Protect|p2b: Hydreigon\n|-singleturn|p2b: Hydreigon|Protect\n|move|p1b: Latios|Draco Meteor|p2b: Hydreigon\n|-activate|p2b: Hydreigon|move: Protect\n|move|p2a: Ursaluna|Earthquake|p1a: Kommo-o|[spread] p1a\n|-activate|p2b: Hydreigon|move: Protect\n|-immune|p1b: Latios|[from] ability: Levitate\n|-damage|p1a: Kommo-o|77\/100\n|\n|-status|p2a: Ursaluna|brn|[from] item: Flame Orb\n|upkeep\n|turn|2\n|inactive|LilyLopears has 90 seconds left.\n|inactive|pootesting has 120 seconds left.\n|\n|t:|1699074283\n|switch|p2b: Iron Hands|Iron Hands|100\/100\n|switch|p2a: Sinistcha|Sinistcha-Masterpiece|100\/100\n|move|p1b: Latios|Draco Meteor|p2b: Iron Hands\n|-damage|p2b: Iron Hands|43\/100\n|-unboost|p1b: Latios|spa|2\n|move|p1a: Kommo-o|Aura Sphere|p2a: Sinistcha\n|-immune|p2a: Sinistcha\n|\n|upkeep\n|turn|3\n|inactive|LilyLopears has 90 seconds left.\n|\n|t:|1699074314\n|move|p1b: Latios|Protect|p1b: Latios\n|-singleturn|p1b: Latios|Protect\n|move|p2a: Sinistcha|Rage Powder|p2a: Sinistcha\n|-singleturn|p2a: Sinistcha|move: Rage Powder\n|move|p1a: Kommo-o|Flamethrower|p2a: Sinistcha\n|-supereffective|p2a: Sinistcha\n|-damage|p2a: Sinistcha|57\/100\n|move|p2b: Iron Hands|Drain Punch|p1a: Kommo-o\n|-damage|p1a: Kommo-o|33\/100\n|-heal|p2b: Iron Hands|55\/100|[from] drain|[of] p1a: Kommo-o\n|\n|upkeep\n|turn|4\n|inactive|LilyLopears has 90 seconds left.\n|\n|t:|1699074335\n|move|p1b: Latios|Draco Meteor|p2b: Iron Hands\n|-damage|p2b: Iron Hands|29\/100\n|-unboost|p1b: Latios|spa|2\n|-zpower|p1a: Kommo-o\n|move|p1a: Kommo-o|Clangorous Soulblaze|p2b: Iron Hands|[zeffect]|[spread] p2a,p2b\n|-damage|p2a: Sinistcha|5\/100\n|-damage|p2b: Iron Hands|0 fnt\n|faint|p2b: Iron Hands\n|-end|p2b: Iron Hands|Quark Drive|[silent]\n|-boost|p1a: Kommo-o|atk|1\n|-boost|p1a: Kommo-o|def|1\n|-boost|p1a: Kommo-o|spa|1\n|-boost|p1a: Kommo-o|spd|1\n|-boost|p1a: Kommo-o|spe|1\n|move|p2a: Sinistcha|Life Dew|p2a: Sinistcha\n|-heal|p2a: Sinistcha|31\/100\n|\n|upkeep\n|inactive|pootesting has 120 seconds left.\n|\n|t:|1699074356\n|switch|p2b: Hydreigon|Hydreigon, F|100\/100\n|turn|5\n|\n|t:|1699074372\n|move|p1b: Latios|Protect|p1b: Latios\n|-singleturn|p1b: Latios|Protect\n|move|p2a: Sinistcha|Rage Powder|p2a: Sinistcha\n|-singleturn|p2a: Sinistcha|move: Rage Powder\n|move|p1a: Kommo-o|Draco Meteor|p2a: Sinistcha\n|-damage|p2a: Sinistcha|0 fnt\n|-unboost|p1a: Kommo-o|spa|2\n|faint|p2a: Sinistcha\n|move|p2b: Hydreigon|Dragon Pulse|p1a: Kommo-o\n|-supereffective|p1a: Kommo-o\n|-damage|p1a: Kommo-o|0 fnt\n|faint|p1a: Kommo-o\n|-damage|p2b: Hydreigon|90\/100|[from] item: Life Orb\n|\n|upkeep\n|inactive|LilyLopears has 120 seconds left.\n|\n|t:|1699074404\n|switch|p1a: Ninetales|Ninetales-Alola, F|100\/100\n|switch|p2a: Ursaluna|Ursaluna, F|100\/100 brn\n|-weather|Snow|[from] ability: Snow Warning|[of] p1a: Ninetales\n|turn|6\n|\n|t:|1699074433\n|move|p2a: Ursaluna|Protect|p2a: Ursaluna\n|-singleturn|p2a: Ursaluna|Protect\n|move|p1b: Latios|Draco Meteor|p2a: Ursaluna\n|-activate|p2a: Ursaluna|move: Protect\n|move|p1a: Ninetales|Blizzard|p2a: Ursaluna|[spread] p2b\n|-activate|p2a: Ursaluna|move: Protect\n|-supereffective|p2b: Hydreigon\n|-damage|p2b: Hydreigon|9\/100\n|move|p2b: Hydreigon|Flash Cannon|p1a: Ninetales\n|-supereffective|p1a: Ninetales\n|-damage|p1a: Ninetales|0 fnt\n|faint|p1a: Ninetales\n|-damage|p2b: Hydreigon|0 fnt|[from] item: Life Orb\n|faint|p2b: Hydreigon\n|\n|-weather|Snow|[upkeep]\n|-damage|p2a: Ursaluna|94\/100 brn|[from] brn\n|upkeep\n|\n|t:|1699074453\n|switch|p1a: Sandslash|Sandslash-Alola, M|100\/100\n|switch|p2b: Arcanine|Arcanine, M|100\/100\n|turn|7\n|inactive|LilyLopears has 120 seconds left.\n|\n|t:|1699074480\n|-terastallize|p1a: Sandslash|Ice\n|move|p1b: Latios|Protect|p1b: Latios\n|-singleturn|p1b: Latios|Protect\n|move|p2b: Arcanine|Protect|p2b: Arcanine\n|-singleturn|p2b: Arcanine|Protect\n|move|p1a: Sandslash|Ice Shard|p2a: Ursaluna\n|-supereffective|p2a: Ursaluna\n|-damage|p2a: Ursaluna|44\/100 brn\n|-damage|p1a: Sandslash|91\/100|[from] item: Life Orb\n|move|p2a: Ursaluna|Facade|p1b: Latios\n|-activate|p1b: Latios|move: Protect\n|\n|-weather|Snow|[upkeep]\n|-damage|p2a: Ursaluna|38\/100 brn|[from] brn\n|upkeep\n|turn|8\n|inactive|LilyLopears has 120 seconds left.\n|\n|t:|1699074510\n|switch|p1b: Meow :3|Incineroar, M|100\/100\n|-ability|p1b: Meow :3|Intimidate|boost\n|-unboost|p2a: Ursaluna|atk|1\n|-unboost|p2b: Arcanine|atk|1\n|move|p2a: Ursaluna|Protect|p2a: Ursaluna\n|-singleturn|p2a: Ursaluna|Protect\n|move|p1a: Sandslash|Ice Shard|p2a: Ursaluna\n|-activate|p2a: Ursaluna|move: Protect\n|move|p2b: Arcanine|Flame Charge|p1a: Sandslash\n|-supereffective|p1a: Sandslash\n|-damage|p1a: Sandslash|73\/100\n|-boost|p2b: Arcanine|spe|1\n|\n|-weather|Snow|[upkeep]\n|-damage|p2a: Ursaluna|31\/100 brn|[from] brn\n|upkeep\n|turn|9\n|inactive|LilyLopears has 120 seconds left.\n|\n|t:|1699074536\n|move|p2b: Arcanine|Protect|p2b: Arcanine\n|-singleturn|p2b: Arcanine|Protect\n|move|p1a: Sandslash|Ice Shard|p2a: Ursaluna\n|-supereffective|p2a: Ursaluna\n|-damage|p2a: Ursaluna|0 fnt\n|faint|p2a: Ursaluna\n|-damage|p1a: Sandslash|63\/100|[from] item: Life Orb\n|move|p1b: Meow :3|Darkest Lariat|p2b: Arcanine\n|-activate|p2b: Arcanine|move: Protect\n|\n|-weather|Snow|[upkeep]\n|upkeep\n|\n|t:|1699074547\n|switch|p2a: Maushold|Maushold-Four|100\/100\n|turn|10\n|inactive|LilyLopears has 120 seconds left.\n|\n|t:|1699074566\n|move|p1a: Sandslash|Ice Shard|p2a: Maushold\n|-damage|p2a: Maushold|53\/100\n|-damage|p1a: Sandslash|53\/100|[from] item: Life Orb\n|move|p2a: Maushold|Beat Up|p2b: Arcanine\n|-damage|p2b: Arcanine|99\/100\n|-ability|p2b: Arcanine|Justified|boost\n|-boost|p2b: Arcanine|atk|1\n|-damage|p2b: Arcanine|96\/100\n|-ability|p2b: Arcanine|Justified|boost\n|-boost|p2b: Arcanine|atk|1\n|-hitcount|p2b: Arcanine|2\n|move|p2b: Arcanine|Flame Charge|p1a: Sandslash\n|-supereffective|p1a: Sandslash\n|-damage|p1a: Sandslash|18\/100\n|-boost|p2b: Arcanine|spe|1\n|move|p1b: Meow :3|Drain Punch|p2a: Maushold\n|-supereffective|p2a: Maushold\n|-damage|p2a: Maushold|0 fnt\n|faint|p2a: Maushold\n|\n|-weather|none\n|-heal|p2b: Arcanine|100\/100|[from] item: Leftovers\n|upkeep\n|turn|11\n|inactive|LilyLopears has 120 seconds left.\n|\n|t:|1699074598\n|move|p2b: Arcanine|Extreme Speed|p1a: Sandslash\n|-damage|p1a: Sandslash|0 fnt\n|faint|p1a: Sandslash\n|move|p1b: Meow :3|Darkest Lariat|p2b: Arcanine\n|-crit|p2b: Arcanine\n|-damage|p2b: Arcanine|38\/100\n|-ability|p2b: Arcanine|Justified|boost\n|-boost|p2b: Arcanine|atk|1\n|\n|-heal|p2b: Arcanine|44\/100|[from] item: Leftovers\n|upkeep\n|\n|t:|1699074610\n|switch|p1a: Latios|Latios-Mega, M|100\/100\n|turn|12\n|\n|t:|1699074617\n|move|p2b: Arcanine|Protect|p2b: Arcanine\n|-singleturn|p2b: Arcanine|Protect\n|move|p1a: Latios|Protect|p1a: Latios\n|-singleturn|p1a: Latios|Protect\n|move|p1b: Meow :3|Earthquake|p2b: Arcanine|[spread] \n|-activate|p1a: Latios|move: Protect\n|-activate|p2b: Arcanine|move: Protect\n|\n|-heal|p2b: Arcanine|50\/100|[from] item: Leftovers\n|upkeep\n|turn|13\n|\n|t:|1699074631\n|move|p2b: Arcanine|Extreme Speed|p1b: Meow :3\n|-damage|p1b: Meow :3|59\/100\n|move|p1a: Latios|Draco Meteor|p2b: Arcanine\n|-damage|p2b: Arcanine|0 fnt\n|-unboost|p1a: Latios|spa|2\n|faint|p2b: Arcanine\n|\n|win|LilyLopears\n|raw|LilyLopears's rating: 1121 &rarr; <strong>1138<\/strong><br \/>(+17 for winning)\n|raw|pootesting's rating: 1000 &rarr; <strong>1000<\/strong><br \/>(+0 for losing)\n","uploadtime":1699074642,"views":22,"p1id":"lilylopears","p2id":"pootesting","formatid":"gen9nationaldexdoubles","rating":1000,"private":0,"password":""}