{"id":"gen9nationaldexdoubles-1979777462","p1":"davidnwa","p2":"kingspeed51","format":"[Gen 9] National Dex Doubles","log":"|j|\u2606davidnwa\n|j|\u2606kingspeed51\n|t:|1698712212\n|gametype|doubles\n|player|p1|davidnwa|102|1211\n|player|p2|kingspeed51|265|1130\n|teamsize|p1|6\n|teamsize|p2|6\n|gen|9\n|tier|[Gen 9] National Dex Doubles\n|rated|\n|rule|HP Percentage Mod: HP is shown in percentages\n|rule|Endless Battle Clause: Forcing endless battles is banned\n|rule|OHKO Clause: OHKO moves are banned\n|rule|Evasion Moves Clause: Evasion moves are banned\n|rule|Evasion Abilities Clause: Evasion abilities are banned\n|rule|Species Clause: Limit one of each Pok\u00e9mon\n|rule|Gravity Sleep Clause: The combination of sleep-inducing moves with imperfect accuracy and Gravity or Gigantamax Orbeetle are banned\n|clearpoke\n|poke|p1|Indeedee-F, F|\n|poke|p1|Marshadow|\n|poke|p1|Kommo-o, F|\n|poke|p1|Alakazam, M|\n|poke|p1|Comfey, M|\n|poke|p1|Flamigo, F|\n|poke|p2|Metagross|\n|poke|p2|Salamence, F|\n|poke|p2|Iron Moth|\n|poke|p2|Greninja-*, M|\n|poke|p2|Whimsicott, M|\n|poke|p2|Chansey, F|\n|teampreview\n|inactive|Battle timer is ON: inactive players will automatically lose when time's up. (requested by davidnwa)\n|\n|t:|1698712226\n|start\n|switch|p1a: Marshadow|Marshadow|100\/100\n|switch|p1b: Kommo-o|Kommo-o, F|100\/100\n|switch|p2a: Whimsicott|Whimsicott, M|100\/100\n|switch|p2b: Chansey|Chansey, F|100\/100\n|turn|1\n|\n|t:|1698712243\n|move|p1a: Marshadow|Spectral Thief|p2a: Whimsicott\n|-damage|p2a: Whimsicott|44\/100\n|move|p2a: Whimsicott|Moonblast|p1b: Kommo-o\n|-supereffective|p1b: Kommo-o\n|-damage|p1b: Kommo-o|0 fnt\n|faint|p1b: Kommo-o\n|move|p2b: Chansey|Toxic|p1a: Marshadow\n|-status|p1a: Marshadow|tox\n|\n|-damage|p1a: Marshadow|94\/100 tox|[from] psn\n|upkeep\n|inactive|davidnwa has 120 seconds left.\n|\n|t:|1698712283\n|switch|p1b: Flamigo|Flamigo, F|100\/100\n|-copyboost|p1b: Flamigo|p1a: Marshadow|[from] ability: Costar\n|turn|2\n|\n|t:|1698712292\n|-terastallize|p1b: Flamigo|Flying\n|move|p2a: Whimsicott|Tailwind|p2a: Whimsicott\n|-sidestart|p2: kingspeed51|move: Tailwind\n|move|p1a: Marshadow|Spectral Thief|p2a: Whimsicott\n|-damage|p2a: Whimsicott|0 fnt\n|faint|p2a: Whimsicott\n|move|p1b: Flamigo|Close Combat|p2b: Chansey\n|-supereffective|p2b: Chansey\n|-damage|p2b: Chansey|11\/100\n|-unboost|p1b: Flamigo|def|1\n|-unboost|p1b: Flamigo|spd|1\n|move|p2b: Chansey|Toxic|p1b: Flamigo\n|-status|p1b: Flamigo|tox\n|\n|-damage|p1a: Marshadow|82\/100 tox|[from] psn\n|-damage|p1b: Flamigo|94\/100 tox|[from] psn\n|upkeep\n|\n|t:|1698712309\n|switch|p2a: Greninja|Greninja, M|100\/100\n|turn|3\n|\n|t:|1698712331\n|move|p2a: Greninja|Ice Beam|p1b: Flamigo\n|-start|p2a: Greninja|typechange|Ice|[from] ability: Protean\n|-supereffective|p1b: Flamigo\n|-damage|p1b: Flamigo|0 fnt\n|faint|p1b: Flamigo\n|move|p1a: Marshadow|Drain Punch|p2a: Greninja\n|-supereffective|p2a: Greninja\n|-damage|p2a: Greninja|0 fnt\n|-heal|p1a: Marshadow|100\/100 tox|[from] drain|[of] p2a: Greninja\n|faint|p2a: Greninja\n|move|p2b: Chansey|Soft-Boiled|p2b: Chansey\n|-heal|p2b: Chansey|61\/100\n|\n|-damage|p1a: Marshadow|82\/100 tox|[from] psn\n|upkeep\n|\n|t:|1698712351\n|switch|p2a: Metagross|Metagross|100\/100\n|switch|p1b: Comfey|Comfey, M|100\/100\n|turn|4\n|inactive|davidnwa has 120 seconds left.\n|inactive|davidnwa has 90 seconds left.\n|\n|t:|1698712420\n|-terastallize|p2a: Metagross|Ground\n|move|p2a: Metagross|Meteor Mash|p1b: Comfey\n|-supereffective|p1b: Comfey\n|-damage|p1b: Comfey|0 fnt\n|faint|p1b: Comfey\n|move|p1a: Marshadow|Drain Punch|p2a: Metagross\n|-damage|p2a: Metagross|64\/100\n|-heal|p1a: Marshadow|99\/100 tox|[from] drain|[of] p2a: Metagross\n|move|p2b: Chansey|Soft-Boiled|p2b: Chansey\n|-heal|p2b: Chansey|100\/100\n|\n|-damage|p1a: Marshadow|74\/100 tox|[from] psn\n|upkeep\n|\n|t:|1698712434\n|switch|p1b: Indeedee|Indeedee-F, F|100\/100\n|-fieldstart|move: Psychic Terrain|[from] ability: Psychic Surge|[of] p1b: Indeedee\n|turn|5\n|\n|t:|1698712445\n|move|p2a: Metagross|Earthquake|p1a: Marshadow|[spread] p2b,p1a,p1b\n|-damage|p2b: Chansey|75\/100\n|-damage|p1a: Marshadow|25\/100 tox\n|-damage|p1b: Indeedee|25\/100\n|move|p1a: Marshadow|Drain Punch|p2b: Chansey\n|-supereffective|p2b: Chansey\n|-damage|p2b: Chansey|15\/100\n|-heal|p1a: Marshadow|91\/100 tox|[from] drain|[of] p2b: Chansey\n|move|p1b: Indeedee|Expanding Force|p2b: Chansey|[spread] p2a,p2b\n|-damage|p2a: Metagross|0 fnt\n|-damage|p2b: Chansey|0 fnt\n|faint|p2a: Metagross\n|faint|p2b: Chansey\n|\n|-damage|p1a: Marshadow|60\/100 tox|[from] psn\n|-sideend|p2: kingspeed51|move: Tailwind\n|upkeep\n|\n|t:|1698712460\n|switch|p2a: Salamence|Salamence, F|100\/100\n|switch|p2b: Iron Moth|Iron Moth|100\/100\n|-ability|p2a: Salamence|Intimidate|boost\n|-unboost|p1a: Marshadow|atk|1\n|-unboost|p1b: Indeedee|atk|1\n|-enditem|p2b: Iron Moth|Booster Energy\n|-activate|p2b: Iron Moth|ability: Quark Drive|[fromitem]\n|-start|p2b: Iron Moth|quarkdrivespa\n|turn|6\n|inactive|davidnwa has 120 seconds left.\n|\n|t:|1698712476\n|move|p2b: Iron Moth|Protect|p2b: Iron Moth\n|-singleturn|p2b: Iron Moth|Protect\n|move|p2a: Salamence|Protect|p2a: Salamence\n|-singleturn|p2a: Salamence|Protect\n|move|p1b: Indeedee|Follow Me|p1b: Indeedee\n|-singleturn|p1b: Indeedee|move: Follow Me\n|move|p1a: Marshadow|Rock Tomb|p2b: Iron Moth\n|-activate|p2b: Iron Moth|move: Protect\n|\n|-damage|p1a: Marshadow|22\/100 tox|[from] psn\n|upkeep\n|turn|7\n|\n|t:|1698712497\n|move|p1b: Indeedee|Follow Me|p1b: Indeedee\n|-singleturn|p1b: Indeedee|move: Follow Me\n|move|p1a: Marshadow|Rock Tomb|p2b: Iron Moth\n|-supereffective|p2b: Iron Moth\n|-damage|p2b: Iron Moth|20\/100\n|-unboost|p2b: Iron Moth|spe|1\n|move|p2a: Salamence|Outrage|p1b: Indeedee\n|-damage|p1b: Indeedee|0 fnt\n|faint|p1b: Indeedee\n|-damage|p2a: Salamence|91\/100|[from] item: Life Orb\n|move|p2b: Iron Moth|Fiery Dance|p1a: Marshadow\n|-damage|p1a: Marshadow|0 fnt\n|-boost|p2b: Iron Moth|spa|1\n|faint|p1a: Marshadow\n|\n|upkeep\n|\n|t:|1698712507\n|switch|p1b: Alakazam|Alakazam, M|100\/100\n|turn|8\n|\n|t:|1698712515\n|detailschange|p1b: Alakazam|Alakazam-Mega, M\n|-mega|p1b: Alakazam|Alakazam|Alakazite\n|-ability|p1b: Alakazam|Intimidate|boost\n|-unboost|p2a: Salamence|atk|1\n|-unboost|p2b: Iron Moth|atk|1\n|-ability|p1b: Alakazam|Intimidate|[from] ability: Trace|[of] p2a: Salamence\n|move|p2b: Iron Moth|Protect|p2b: Iron Moth\n|-singleturn|p2b: Iron Moth|Protect\n|move|p1b: Alakazam|Expanding Force|p2b: Iron Moth|[spread] p2a\n|-activate|p2b: Iron Moth|move: Protect\n|-damage|p2a: Salamence|1\/100\n|move|p2a: Salamence|Outrage|p1b: Alakazam|[from]lockedmove\n|-damage|p1b: Alakazam|0 fnt\n|faint|p1b: Alakazam\n|-damage|p2a: Salamence|0 fnt|[from] item: Life Orb\n|faint|p2a: Salamence\n|\n|win|kingspeed51\n|raw|davidnwa's rating: 1211 &rarr; <strong>1180<\/strong><br \/>(-31 for losing)\n|raw|kingspeed51's rating: 1130 &rarr; <strong>1161<\/strong><br \/>(+31 for winning)\n|l|\u2606davidnwa\n|c|\u2606kingspeed51|gg\n","uploadtime":1698712534,"views":8,"p1id":"davidnwa","p2id":"kingspeed51","formatid":"gen9nationaldexdoubles","rating":1161,"private":0,"password":""}