{"id":"gen9nationaldexdoubles-1993857186","p1":"TheMoistFetus","p2":"0spr3y","format":"[Gen 9] National Dex Doubles","log":"|j|\u2606TheMoistFetus\n|j|\u26060spr3y\n|t:|1700366044\n|gametype|doubles\n|player|p1|TheMoistFetus|bianca-pwt|\n|player|p2|0spr3y|colress|\n|teamsize|p1|6\n|teamsize|p2|6\n|gen|9\n|tier|[Gen 9] National Dex Doubles\n|rule|HP Percentage Mod: HP is shown in percentages\n|rule|Endless Battle Clause: Forcing endless battles is banned\n|rule|OHKO Clause: OHKO moves are banned\n|rule|Evasion Moves Clause: Evasion moves are banned\n|rule|Evasion Abilities Clause: Evasion abilities are banned\n|rule|Species Clause: Limit one of each Pok\u00e9mon\n|rule|Gravity Sleep Clause: The combination of sleep-inducing moves with imperfect accuracy and Gravity or Gigantamax Orbeetle are banned\n|clearpoke\n|poke|p1|Chien-Pao|\n|poke|p1|Iron Bundle|\n|poke|p1|Ninetales-Alola, F|\n|poke|p1|Ogerpon-Cornerstone, F|\n|poke|p1|Tornadus, M|\n|poke|p1|Chi-Yu|\n|poke|p2|Volcanion|\n|poke|p2|Urshifu-*, F|\n|poke|p2|Kommo-o, M|\n|poke|p2|Indeedee-F, F|\n|poke|p2|Alakazam, M|\n|poke|p2|Chien-Pao|\n|teampreview\n|j| Eliminathan\n|j| Shiny_Hero64\n|c|\u26060spr3y|Nate were you mashing the button or something?\n|j| NickNoName\n|c| Shiny_Hero64|He was probably just refreshing kind of like me\n|\n|t:|1700366079\n|start\n|switch|p1a: Darwin|Chi-Yu|100\/100\n|switch|p1b: Mr Small|Tornadus, M, shiny|100\/100\n|switch|p2a: Indeedee|Indeedee-F, F|100\/100\n|switch|p2b: Kommo-o|Kommo-o, M|100\/100\n|-ability|p1a: Darwin|Beads of Ruin\n|-fieldstart|move: Psychic Terrain|[from] ability: Psychic Surge|[of] p2a: Indeedee\n|turn|1\n|c| Eliminathan|yup\n|c| Eliminathan|i always come first\n|j| Ryan1Baek\n|c|\u26060spr3y|That one goes in my Out Of Context folder.\n|c| Eliminathan|not the folder\n|c|\u26060spr3y|Indeed the folder.\n|\n|t:|1700366154\n|move|p2a: Indeedee|Follow Me|p2a: Indeedee\n|-singleturn|p2a: Indeedee|move: Follow Me\n|move|p1b: Mr Small|Tailwind|p1b: Mr Small\n|-sidestart|p1: TheMoistFetus|move: Tailwind\n|move|p1a: Darwin|Dark Pulse|p2a: Indeedee\n|-supereffective|p2a: Indeedee\n|-enditem|p2a: Indeedee|Focus Sash\n|-damage|p2a: Indeedee|1\/100\n|-zpower|p2b: Kommo-o\n|move|p2b: Kommo-o|Clangorous Soulblaze|p1a: Darwin|[zeffect]|[spread] p1a,p1b\n|-damage|p1a: Darwin|31\/100\n|-damage|p1b: Mr Small|41\/100\n|-boost|p2b: Kommo-o|atk|1\n|-boost|p2b: Kommo-o|def|1\n|-boost|p2b: Kommo-o|spa|1\n|-boost|p2b: Kommo-o|spd|1\n|-boost|p2b: Kommo-o|spe|1\n|\n|upkeep\n|turn|2\n|c| Shiny_Hero64|Indeedee the folder\n|\n|t:|1700366180\n|switch|p1a: Penny|Ogerpon-Cornerstone, F|100\/100\n|move|p2b: Kommo-o|Protect|p2b: Kommo-o\n|-singleturn|p2b: Kommo-o|Protect\n|move|p2a: Indeedee|Protect|p2a: Indeedee\n|-singleturn|p2a: Indeedee|Protect\n|move|p1b: Mr Small|Bleakwind Storm|p2a: Indeedee|[spread] \n|-activate|p2a: Indeedee|move: Protect\n|-activate|p2b: Kommo-o|move: Protect\n|\n|upkeep\n|turn|3\n|\n|t:|1700366208\n|switch|p2a: Alakazam|Alakazam, M|100\/100\n|move|p1a: Penny|Ivy Cudgel|p2b: Kommo-o|[anim] Ivy Cudgel Rock\n|-resisted|p2b: Kommo-o\n|-damage|p2b: Kommo-o|81\/100\n|move|p1b: Mr Small|Bleakwind Storm|p2b: Kommo-o|[spread] p2b\n|-miss|p1b: Mr Small|p2a: Alakazam\n|-supereffective|p2b: Kommo-o\n|-damage|p2b: Kommo-o|39\/100\n|move|p2b: Kommo-o|Clanging Scales|p1a: Penny|[spread] p1a,p1b\n|-damage|p1a: Penny|36\/100\n|-damage|p1b: Mr Small|1\/100\n|-unboost|p2b: Kommo-o|def|1\n|\n|upkeep\n|turn|4\n|\n|t:|1700366234\n|detailschange|p2a: Alakazam|Alakazam-Mega, M\n|-mega|p2a: Alakazam|Alakazam|Alakazite\n|-ability|p2a: Alakazam|Sturdy|[from] ability: Trace|[of] p1a: Penny\n|move|p2b: Kommo-o|Protect|p2b: Kommo-o\n|-singleturn|p2b: Kommo-o|Protect\n|move|p1a: Penny|Horn Leech|p2a: Alakazam\n|-damage|p2a: Alakazam|15\/100\n|-heal|p1a: Penny|72\/100|[from] drain|[of] p2a: Alakazam\n|move|p1b: Mr Small|Bleakwind Storm|p2a: Alakazam|[spread] p2a\n|-activate|p2b: Kommo-o|move: Protect\n|-damage|p2a: Alakazam|0 fnt\n|faint|p2a: Alakazam\n|\n|-sideend|p1: TheMoistFetus|move: Tailwind\n|upkeep\n|\n|t:|1700366266\n|switch|p2a: Chien-Pao|Chien-Pao|100\/100\n|-ability|p2a: Chien-Pao|Sword of Ruin\n|turn|5\n|\n|t:|1700366280\n|move|p1a: Penny|Spiky Shield|p1a: Penny\n|-singleturn|p1a: Penny|move: Protect\n|move|p1b: Mr Small|Tailwind|p1b: Mr Small\n|-sidestart|p1: TheMoistFetus|move: Tailwind\n|move|p2b: Kommo-o|Aura Sphere|p1a: Penny\n|-activate|p1a: Penny|move: Protect\n|move|p2a: Chien-Pao|Icy Wind|p1b: Mr Small|[spread] p1b\n|-activate|p1a: Penny|move: Protect\n|-supereffective|p1b: Mr Small\n|-damage|p1b: Mr Small|0 fnt\n|faint|p1b: Mr Small\n|\n|-fieldend|move: Psychic Terrain\n|upkeep\n|\n|t:|1700366301\n|switch|p1b: Gumball|Ninetales-Alola, F|100\/100\n|-weather|Snow|[from] ability: Snow Warning|[of] p1b: Gumball\n|turn|6\n|\n|t:|1700366318\n|move|p2b: Kommo-o|Protect|p2b: Kommo-o\n|-singleturn|p2b: Kommo-o|Protect\n|move|p1a: Penny|Ivy Cudgel|p2a: Chien-Pao|[anim] Ivy Cudgel Rock\n|-supereffective|p2a: Chien-Pao\n|-enditem|p2a: Chien-Pao|Focus Sash\n|-damage|p2a: Chien-Pao|1\/100\n|move|p1b: Gumball|Dazzling Gleam|p2b: Kommo-o|[spread] p2a\n|-activate|p2b: Kommo-o|move: Protect\n|-supereffective|p2a: Chien-Pao\n|-damage|p2a: Chien-Pao|0 fnt\n|faint|p2a: Chien-Pao\n|\n|-weather|Snow|[upkeep]\n|upkeep\n|\n|t:|1700366336\n|switch|p2a: Urshifu|Urshifu-Rapid-Strike, F|100\/100\n|turn|7\n|\n|t:|1700366371\n|-terastallize|p2a: Urshifu|Water\n|move|p1a: Penny|Horn Leech|p2a: Urshifu\n|-supereffective|p2a: Urshifu\n|-damage|p2a: Urshifu|4\/100\n|-heal|p1a: Penny|100\/100|[from] drain|[of] p2a: Urshifu\n|move|p1b: Gumball|Dazzling Gleam|p2a: Urshifu|[spread] p2a,p2b\n|-supereffective|p2b: Kommo-o\n|-damage|p2a: Urshifu|0 fnt\n|-damage|p2b: Kommo-o|0 fnt\n|faint|p2a: Urshifu\n|faint|p2b: Kommo-o\n|\n|-weather|Snow|[upkeep]\n|upkeep\n|j| chongwang12345\n|l| chongwang12345\n|c| Ryan1Baek|damn\n|\n|t:|1700366391\n|switch|p2a: Indeedee|Indeedee-F, F|1\/100\n|switch|p2b: Volcanion|Volcanion|100\/100\n|-fieldstart|move: Psychic Terrain|[from] ability: Psychic Surge|[of] p2a: Indeedee\n|turn|8\n|c| NickNoName|The tailwind was too much\n|c| Shiny_Hero64|This honestly is looking like a gg right here\n|c|\u26060spr3y|Yeah.\n|\n|t:|1700366410\n|move|p1a: Penny|Spiky Shield|p1a: Penny\n|-singleturn|p1a: Penny|move: Protect\n|move|p2a: Indeedee|Protect|p2a: Indeedee\n|-singleturn|p2a: Indeedee|Protect\n|move|p2b: Volcanion|Protect|p2b: Volcanion\n|-singleturn|p2b: Volcanion|Protect\n|move|p1b: Gumball|Dazzling Gleam|p2a: Indeedee|[spread] \n|-activate|p2a: Indeedee|move: Protect\n|-activate|p2b: Volcanion|move: Protect\n|\n|-weather|Snow|[upkeep]\n|-sideend|p1: TheMoistFetus|move: Tailwind\n|upkeep\n|turn|9\n|\n|t:|1700366440\n|switch|p1a: Darwin|Chi-Yu|31\/100\n|-ability|p1a: Darwin|Beads of Ruin\n|move|p2a: Indeedee|Follow Me|p2a: Indeedee\n|-singleturn|p2a: Indeedee|move: Follow Me\n|move|p1b: Gumball|Blizzard|p2b: Volcanion|[spread] p2a,p2b\n|-resisted|p2b: Volcanion\n|-damage|p2a: Indeedee|0 fnt\n|-damage|p2b: Volcanion|93\/100\n|faint|p2a: Indeedee\n|move|p2b: Volcanion|Heat Wave|p1b: Gumball|[spread] p1a\n|-miss|p2b: Volcanion|p1b: Gumball\n|-resisted|p1a: Darwin\n|-damage|p1a: Darwin|14\/100\n|\n|-weather|Snow|[upkeep]\n|upkeep\n|turn|10\n|\n|t:|1700366458\n|move|p1a: Darwin|Dark Pulse|p2b: Volcanion\n|-damage|p2b: Volcanion|27\/100\n|-enditem|p2b: Volcanion|Sitrus Berry|[eat]\n|-heal|p2b: Volcanion|52\/100|[from] item: Sitrus Berry\n|move|p1b: Gumball|Aurora Veil|p1b: Gumball\n|-sidestart|p1: TheMoistFetus|move: Aurora Veil\n|move|p2b: Volcanion|Heat Wave|p1b: Gumball|[spread] p1a\n|-miss|p2b: Volcanion|p1b: Gumball\n|-resisted|p1a: Darwin\n|-damage|p1a: Darwin|3\/100\n|\n|-weather|none\n|upkeep\n|turn|11\n|c|\u26060spr3y|Super rough miss there.\n|c|\u26060spr3y|WHY?\n|c|\u2606TheMoistFetus|goddamn\n|c| Shiny_Hero64|wow\n|c| Ryan1Baek|been there\n|\n|t:|1700366475\n|move|p1a: Darwin|Dark Pulse|p2b: Volcanion\n|-damage|p2b: Volcanion|0 fnt\n|faint|p2b: Volcanion\n|\n|win|TheMoistFetus\n","uploadtime":1700366482,"views":29,"p1id":"themoistfetus","p2id":"0spr3y","formatid":"gen9nationaldexdoubles","rating":0,"private":0,"password":""}