{"id":"gen9nationaldexdoubles-1961631734","p1":"by gy hi hi hi ty","p2":"Numa no Kage","format":"[Gen 9] National Dex Doubles","log":"|j|\u2606by gy hi hi hi ty\n|j|\u2606Numa no Kage\n|t:|1696645883\n|gametype|doubles\n|player|p1|by gy hi hi hi ty|cress|1000\n|player|p2|Numa no Kage|acetrainer|1127\n|teamsize|p1|6\n|teamsize|p2|6\n|gen|9\n|tier|[Gen 9] National Dex Doubles\n|rated|\n|rule|HP Percentage Mod: HP is shown in percentages\n|rule|Endless Battle Clause: Forcing endless battles is banned\n|rule|OHKO Clause: OHKO moves are banned\n|rule|Evasion Moves Clause: Evasion moves are banned\n|rule|Evasion Abilities Clause: Evasion abilities are banned\n|rule|Species Clause: Limit one of each Pok\u00e9mon\n|rule|Gravity Sleep Clause: The combination of sleep-inducing moves with imperfect accuracy and Gravity or Gigantamax Orbeetle are banned\n|clearpoke\n|poke|p1|Arbok, F|\n|poke|p1|Thundurus, M|\n|poke|p1|Medicham, F|\n|poke|p1|Ogerpon-Wellspring, F|\n|poke|p1|Enamorus, F|\n|poke|p1|Delphox, M|\n|poke|p2|Chansey, F|\n|poke|p2|Okidogi, M|\n|poke|p2|Grimmsnarl, M|\n|poke|p2|Landorus-Therian, M|\n|poke|p2|Walking Wake|\n|poke|p2|Flutter Mane|\n|teampreview\n|inactive|Battle timer is ON: inactive players will automatically lose when time's up. (requested by Numa no Kage)\n|\n|t:|1696645908\n|start\n|switch|p1a: Thundurus|Thundurus, M|100\/100\n|switch|p1b: Arbok|Arbok, F|100\/100\n|switch|p2a: Chansey|Chansey, F|100\/100\n|switch|p2b: Grimmsnarl|Grimmsnarl, M, shiny|100\/100\n|-ability|p1b: Arbok|Intimidate|boost\n|-unboost|p2a: Chansey|atk|1\n|-unboost|p2b: Grimmsnarl|atk|1\n|turn|1\n|\n|t:|1696645934\n|move|p2b: Grimmsnarl|Reflect|p2b: Grimmsnarl\n|-sidestart|p2: Numa no Kage|Reflect\n|move|p1a: Thundurus|Focus Blast|p2a: Chansey|[miss]\n|-miss|p1a: Thundurus|p2a: Chansey\n|move|p1b: Arbok|Glare|p2b: Grimmsnarl\n|-status|p2b: Grimmsnarl|par\n|move|p2a: Chansey|Stealth Rock|p1a: Thundurus\n|-sidestart|p1: by gy hi hi hi ty|move: Stealth Rock\n|\n|upkeep\n|turn|2\n|\n|t:|1696645959\n|switch|p1a: Medicham|Medicham, F|100\/100\n|-damage|p1a: Medicham|94\/100|[from] Stealth Rock\n|-terastallize|p1b: Arbok|Rock\n|move|p2b: Grimmsnarl|Light Screen|p2b: Grimmsnarl\n|-sidestart|p2: Numa no Kage|move: Light Screen\n|move|p1b: Arbok|Rock Slide|p2a: Chansey|[spread] p2a,p2b\n|-damage|p2a: Chansey|88\/100\n|-damage|p2b: Grimmsnarl|76\/100 par\n|-damage|p1b: Arbok|91\/100|[from] item: Life Orb\n|move|p2a: Chansey|Thunder Wave|p1b: Arbok\n|-status|p1b: Arbok|par\n|\n|upkeep\n|turn|3\n|\n|t:|1696645979\n|move|p2b: Grimmsnarl|Parting Shot|p1a: Medicham\n|-unboost|p1a: Medicham|atk|1\n|-unboost|p1a: Medicham|spa|1\n|\n|t:|1696645983\n|switch|p2b: Landorus|Landorus-Therian, M|100\/100|[from] Parting Shot\n|-ability|p2b: Landorus|Intimidate|boost\n|-unboost|p1a: Medicham|atk|1\n|-unboost|p1b: Arbok|atk|1\n|move|p1a: Medicham|Skill Swap|p1b: Arbok\n|-activate|p1a: Medicham|move: Skill Swap|||[of] p1b: Arbok\n|-ability|p1a: Medicham|Intimidate|boost\n|-unboost|p2a: Chansey|atk|1\n|-unboost|p2b: Landorus|atk|1\n|move|p1b: Arbok|Rock Slide|p2a: Chansey|[spread] p2a,p2b\n|-damage|p2a: Chansey|70\/100\n|-damage|p2b: Landorus|66\/100\n|-damage|p1b: Arbok|81\/100 par|[from] item: Life Orb\n|move|p2a: Chansey|Thunder Wave|p1a: Medicham\n|-status|p1a: Medicham|par\n|\n|-heal|p2b: Landorus|72\/100|[from] item: Leftovers\n|upkeep\n|turn|4\n|\n|t:|1696646005\n|switch|p1b: Enamorus|Enamorus, F|100\/100\n|-damage|p1b: Enamorus|76\/100|[from] Stealth Rock\n|move|p2b: Landorus|Earthquake|p1b: Enamorus|[spread] p2a,p1a\n|-immune|p1b: Enamorus\n|-crit|p1a: Medicham\n|-damage|p2a: Chansey|58\/100\n|-damage|p1a: Medicham|34\/100 par\n|move|p2a: Chansey|Soft-Boiled|p2a: Chansey\n|-heal|p2a: Chansey|100\/100\n|move|p1a: Medicham|Trick Room|p1a: Medicham\n|-fieldstart|move: Trick Room|[of] p1a: Medicham\n|\n|-heal|p2b: Landorus|78\/100|[from] item: Leftovers\n|upkeep\n|turn|5\n|inactive|Numa no Kage has 120 seconds left.\n|\n|t:|1696646038\n|move|p2a: Chansey|Seismic Toss|p1a: Medicham\n|-damage|p1a: Medicham|3\/100 par\n|move|p1a: Medicham|Close Combat|p2b: Landorus\n|-resisted|p2b: Landorus\n|-damage|p2b: Landorus|73\/100\n|-unboost|p1a: Medicham|def|1\n|-unboost|p1a: Medicham|spd|1\n|move|p1b: Enamorus|Dazzling Gleam|p2a: Chansey|[spread] p2a,p2b\n|-damage|p2a: Chansey|94\/100\n|-damage|p2b: Landorus|44\/100\n|move|p2b: Landorus|Stone Edge|p1b: Enamorus|[miss]\n|-miss|p2b: Landorus|p1b: Enamorus\n|\n|-heal|p2b: Landorus|50\/100|[from] item: Leftovers\n|upkeep\n|turn|6\n|inactive|Numa no Kage has 120 seconds left.\n|\n|t:|1696646067\n|switch|p2a: Mega Misdreavus|Flutter Mane, shiny|100\/100\n|switch|p1a: Ogerpon|Ogerpon-Wellspring, F|100\/100\n|-damage|p1a: Ogerpon|88\/100|[from] Stealth Rock\n|move|p1b: Enamorus|Draining Kiss|p2b: Landorus\n|-damage|p2b: Landorus|28\/100\n|-heal|p1b: Enamorus|94\/100|[from] drain|[of] p2b: Landorus\n|move|p2b: Landorus|Explosion|p1a: Ogerpon|[spread] p1a,p1b\n|-immune|p2a: Mega Misdreavus\n|-damage|p1a: Ogerpon|22\/100\n|-damage|p1b: Enamorus|22\/100\n|faint|p2b: Landorus\n|\n|upkeep\n|inactive|Numa no Kage has 120 seconds left.\n|\n|t:|1696646088\n|switch|p2b: Chansey|Chansey, F|94\/100\n|turn|7\n|\n|t:|1696646102\n|switch|p1b: Arbok|Arbok, F, tera:Rock|81\/100 par\n|-damage|p1b: Arbok|69\/100 par|[from] Stealth Rock\n|-ability|p1b: Arbok|Intimidate|boost\n|-unboost|p2a: Mega Misdreavus|atk|1\n|-unboost|p2b: Chansey|atk|1\n|-end|p2a: Mega Misdreavus|Protosynthesis|[silent]\n|switch|p2a: Walking Wake|Walking Wake|100\/100\n|move|p2b: Chansey|Seismic Toss|p1b: Arbok\n|-damage|p1b: Arbok|37\/100 par\n|move|p1a: Ogerpon|Horn Leech|p2a: Walking Wake\n|-damage|p2a: Walking Wake|69\/100\n|-heal|p1a: Ogerpon|40\/100|[from] drain|[of] p2a: Walking Wake\n|\n|upkeep\n|turn|8\n|\n|t:|1696646128\n|-end|p2a: Walking Wake|Protosynthesis|[silent]\n|switch|p2a: Okidogi|Okidogi, M|100\/100\n|move|p2b: Chansey|Seismic Toss|p1b: Arbok\n|-damage|p1b: Arbok|6\/100 par\n|cant|p1b: Arbok|par\n|move|p1a: Ogerpon|Horn Leech|p2a: Okidogi\n|-resisted|p2a: Okidogi\n|-damage|p2a: Okidogi|88\/100\n|-heal|p1a: Ogerpon|48\/100|[from] drain|[of] p2a: Okidogi\n|\n|-sideend|p2: Numa no Kage|Reflect\n|-fieldend|move: Trick Room\n|upkeep\n|turn|9\n|\n|t:|1696646151\n|switch|p1b: Thundurus|Thundurus, M|100\/100\n|-damage|p1b: Thundurus|76\/100|[from] Stealth Rock\n|move|p1a: Ogerpon|Stomping Tantrum|p2a: Okidogi\n|-supereffective|p2a: Okidogi\n|-damage|p2a: Okidogi|40\/100\n|move|p2a: Okidogi|Poison Fang|p1a: Ogerpon\n|-supereffective|p1a: Ogerpon\n|-damage|p1a: Ogerpon|0 fnt\n|faint|p1a: Ogerpon\n|move|p2b: Chansey|Seismic Toss|p1b: Thundurus\n|-damage|p1b: Thundurus|48\/100\n|\n|-sideend|p2: Numa no Kage|move: Light Screen\n|upkeep\n|\n|t:|1696646166\n|switch|p1a: Delphox|Delphox, M|100\/100\n|-damage|p1a: Delphox|76\/100|[from] Stealth Rock\n|turn|10\n|\n|t:|1696646179\n|switch|p2a: Grimmsnarl|Grimmsnarl, M, shiny|76\/100 par\n|move|p1b: Thundurus|Wildbolt Storm|p2b: Chansey|[spread] p2a,p2b\n|-damage|p2a: Grimmsnarl|45\/100 par\n|-damage|p2b: Chansey|82\/100\n|move|p1a: Delphox|Skill Swap|p2a: Grimmsnarl\n|-activate|p1a: Delphox|move: Skill Swap|Prankster|Magician|[of] p2a: Grimmsnarl\n|move|p2b: Chansey|Thunder Wave|p1a: Delphox\n|-status|p1a: Delphox|par\n|\n|upkeep\n|turn|11\n|\n|t:|1696646201\n|move|p1b: Thundurus|Focus Blast|p2b: Chansey\n|-supereffective|p2b: Chansey\n|-damage|p2b: Chansey|59\/100\n|move|p1a: Delphox|Blast Burn|p2a: Grimmsnarl\n|-damage|p2a: Grimmsnarl|0 fnt\n|-mustrecharge|p1a: Delphox\n|faint|p2a: Grimmsnarl\n|move|p2b: Chansey|Seismic Toss|p1b: Thundurus\n|-damage|p1b: Thundurus|20\/100\n|\n|upkeep\n|inactive|Numa no Kage has 120 seconds left.\n|\n|t:|1696646218\n|switch|p2a: Mega Misdreavus|Flutter Mane, shiny|100\/100\n|turn|12\n|\n|t:|1696646231\n|move|p1b: Thundurus|Eerie Impulse|p2a: Mega Misdreavus\n|-unboost|p2a: Mega Misdreavus|spa|2\n|move|p2a: Mega Misdreavus|Shadow Ball|p1b: Thundurus\n|-damage|p1b: Thundurus|0 fnt\n|faint|p1b: Thundurus\n|cant|p1a: Delphox|recharge\n|move|p2b: Chansey|Seismic Toss|p1a: Delphox\n|-damage|p1a: Delphox|47\/100 par\n|-enditem|p1a: Delphox|Sitrus Berry|[eat]\n|-heal|p1a: Delphox|72\/100 par|[from] item: Sitrus Berry\n|\n|upkeep\n|\n|t:|1696646246\n|switch|p1b: Enamorus|Enamorus, F|22\/100\n|-damage|p1b: Enamorus|0 fnt|[from] Stealth Rock\n|faint|p1b: Enamorus\n|\n|t:|1696646250\n|switch|p1b: Arbok|Arbok, F, tera:Rock|6\/100 par\n|-damage|p1b: Arbok|0 fnt|[from] Stealth Rock\n|faint|p1b: Arbok\n|\n|t:|1696646255\n|switch|p1b: Medicham|Medicham, F|3\/100 par\n|-damage|p1b: Medicham|0 fnt|[from] Stealth Rock\n|faint|p1b: Medicham\n|turn|13\n|c|\u2606Numa no Kage|Stealth Hat Trick\n|\n|t:|1696646274\n|move|p2a: Mega Misdreavus|Shadow Ball|p1a: Delphox\n|-supereffective|p1a: Delphox\n|-damage|p1a: Delphox|23\/100 par\n|cant|p1a: Delphox|par\n|move|p2b: Chansey|Seismic Toss|p1a: Delphox\n|-damage|p1a: Delphox|0 fnt\n|faint|p1a: Delphox\n|\n|win|Numa no Kage\n|raw|by gy hi hi hi ty's rating: 1000 &rarr; <strong>1000<\/strong><br \/>(+0 for losing)\n|raw|Numa no Kage's rating: 1127 &rarr; <strong>1143<\/strong><br \/>(+16 for winning)\n","uploadtime":1696646291,"views":10,"p1id":"bygyhihihity","p2id":"numanokage","formatid":"gen9nationaldexdoubles","rating":1000,"private":0,"password":""}