{"id":"gen9nationaldexdoubles-1980225390","p1":"Silent Cosmos","p2":"JulioDeJuan","format":"[Gen 9] National Dex Doubles","log":"|j|\u2606Silent Cosmos\n|j|\u2606JulioDeJuan\n|t:|1698767709\n|gametype|doubles\n|player|p1|Silent Cosmos|piers|1464\n|player|p2|JulioDeJuan|marlon|1352\n|teamsize|p1|6\n|teamsize|p2|6\n|gen|9\n|tier|[Gen 9] National Dex Doubles\n|rated|\n|rule|HP Percentage Mod: HP is shown in percentages\n|rule|Endless Battle Clause: Forcing endless battles is banned\n|rule|OHKO Clause: OHKO moves are banned\n|rule|Evasion Moves Clause: Evasion moves are banned\n|rule|Evasion Abilities Clause: Evasion abilities are banned\n|rule|Species Clause: Limit one of each Pok\u00e9mon\n|rule|Gravity Sleep Clause: The combination of sleep-inducing moves with imperfect accuracy and Gravity or Gigantamax Orbeetle are banned\n|clearpoke\n|poke|p1|Tyrantrum, M|\n|poke|p1|Stakataka|\n|poke|p1|Volcanion|\n|poke|p1|Salamence, F|\n|poke|p1|Marshadow|\n|poke|p1|Rillaboom, M|\n|poke|p2|Urshifu-*, M|\n|poke|p2|Tornadus, M|\n|poke|p2|Vivillon, F|\n|poke|p2|Chien-Pao|\n|poke|p2|Chi-Yu|\n|poke|p2|Ursaluna-Bloodmoon, M|\n|teampreview\n|inactive|Battle timer is ON: inactive players will automatically lose when time's up. (requested by Silent Cosmos)\n|inactive|JulioDeJuan has 120 seconds left.\n|\n|t:|1698767755\n|start\n|switch|p1a: Stakataka|Stakataka|100\/100\n|switch|p1b: Tyrantrum|Tyrantrum, M, shiny|100\/100\n|switch|p2a: Tornadus|Tornadus, M|100\/100\n|switch|p2b: Vivillon|Vivillon, F|100\/100\n|turn|1\n|c|\u2606Silent Cosmos|Glhf\n|\n|t:|1698767767\n|move|p1a: Stakataka|Protect|p1a: Stakataka\n|-singleturn|p1a: Stakataka|Protect\n|move|p2a: Tornadus|Tailwind|p2a: Tornadus\n|-sidestart|p2: JulioDeJuan|move: Tailwind\n|move|p2b: Vivillon|Sleep Powder|p1b: Tyrantrum\n|-status|p1b: Tyrantrum|slp|[from] move: Sleep Powder\n|cant|p1b: Tyrantrum|slp\n|\n|upkeep\n|turn|2\n|c|\u2606JulioDeJuan|GL\n|inactive|Silent Cosmos has 120 seconds left.\n|\n|t:|1698767803\n|switch|p1b: Rillaboom|Rillaboom, M|100\/100\n|-fieldstart|move: Grassy Terrain|[from] ability: Grassy Surge|[of] p1b: Rillaboom\n|move|p2a: Tornadus|Taunt|p1a: Stakataka\n|-start|p1a: Stakataka|move: Taunt\n|move|p2b: Vivillon|Sleep Powder|p1a: Stakataka\n|-status|p1a: Stakataka|slp|[from] move: Sleep Powder\n|cant|p1a: Stakataka|slp\n|\n|upkeep\n|turn|3\n|\n|t:|1698767830\n|move|p1b: Rillaboom|Fake Out|p2b: Vivillon\n|-damage|p2b: Vivillon|71\/100\n|move|p2a: Tornadus|Bleakwind Storm|p1b: Rillaboom|[spread] p1b\n|-miss|p2a: Tornadus|p1a: Stakataka\n|-supereffective|p1b: Rillaboom\n|-damage|p1b: Rillaboom|46\/100\n|-unboost|p1b: Rillaboom|spe|1\n|cant|p2b: Vivillon|flinch\n|cant|p1a: Stakataka|slp\n|\n|-heal|p1b: Rillaboom|52\/100|[from] Grassy Terrain\n|upkeep\n|turn|4\n|\n|t:|1698767851\n|switch|p1b: Volcanion|Volcanion|100\/100\n|move|p2a: Tornadus|Bleakwind Storm|p1b: Volcanion|[spread] p1b\n|-miss|p2a: Tornadus|p1a: Stakataka\n|-damage|p1b: Volcanion|81\/100\n|move|p2b: Vivillon|Hurricane|p1b: Volcanion|[miss]\n|-miss|p2b: Vivillon|p1b: Volcanion\n|cant|p1a: Stakataka|slp\n|\n|-heal|p1b: Volcanion|87\/100|[from] Grassy Terrain\n|-end|p1a: Stakataka|move: Taunt\n|-sideend|p2: JulioDeJuan|move: Tailwind\n|upkeep\n|turn|5\n|\n|t:|1698767865\n|move|p2a: Tornadus|Tailwind|p2a: Tornadus\n|-sidestart|p2: JulioDeJuan|move: Tailwind\n|move|p2b: Vivillon|Sleep Powder|p1b: Volcanion\n|-status|p1b: Volcanion|slp|[from] move: Sleep Powder\n|cant|p1b: Volcanion|slp\n|-curestatus|p1a: Stakataka|slp|[msg]\n|move|p1a: Stakataka|Stone Edge|p2a: Tornadus|[miss]\n|-miss|p1a: Stakataka|p2a: Tornadus\n|\n|-heal|p1b: Volcanion|93\/100 slp|[from] Grassy Terrain\n|upkeep\n|turn|6\n|\n|t:|1698767888\n|switch|p1a: Rillaboom|Rillaboom, M|52\/100\n|move|p2a: Tornadus|Taunt|p1a: Rillaboom\n|-start|p1a: Rillaboom|move: Taunt\n|move|p2b: Vivillon|Sleep Powder|p1a: Rillaboom\n|-immune|p1a: Rillaboom\n|cant|p1b: Volcanion|slp\n|\n|-heal|p1a: Rillaboom|58\/100|[from] Grassy Terrain\n|-heal|p1b: Volcanion|99\/100 slp|[from] Grassy Terrain\n|-fieldend|move: Grassy Terrain\n|upkeep\n|turn|7\n|\n|t:|1698767907\n|move|p1a: Rillaboom|Fake Out|p2b: Vivillon\n|-damage|p2b: Vivillon|41\/100\n|move|p2a: Tornadus|Bleakwind Storm|p1a: Rillaboom|[spread] p1a,p1b\n|-supereffective|p1a: Rillaboom\n|-damage|p1a: Rillaboom|0 fnt\n|-damage|p1b: Volcanion|80\/100 slp\n|-unboost|p1b: Volcanion|spe|1\n|faint|p1a: Rillaboom\n|cant|p2b: Vivillon|flinch\n|-curestatus|p1b: Volcanion|slp|[msg]\n|move|p1b: Volcanion|Heat Wave|p2a: Tornadus|[spread] p2a,p2b\n|-supereffective|p2b: Vivillon\n|-damage|p2a: Tornadus|55\/100\n|-damage|p2b: Vivillon|0 fnt\n|faint|p2b: Vivillon\n|\n|upkeep\n|\n|t:|1698767924\n|switch|p2b: Ursaluna|Ursaluna-Bloodmoon, M|100\/100\n|switch|p1a: Stakataka|Stakataka|100\/100\n|turn|8\n|\n|t:|1698767942\n|-terastallize|p1b: Volcanion|Ground\n|move|p1a: Stakataka|Protect|p1a: Stakataka\n|-singleturn|p1a: Stakataka|Protect\n|move|p2a: Tornadus|Taunt|p1a: Stakataka\n|-activate|p1a: Stakataka|move: Protect\n|move|p2b: Ursaluna|Earth Power|p1a: Stakataka\n|-activate|p1a: Stakataka|move: Protect\n|move|p1b: Volcanion|Steam Eruption|p2b: Ursaluna\n|-supereffective|p2b: Ursaluna\n|-damage|p2b: Ursaluna|0 fnt\n|faint|p2b: Ursaluna\n|\n|-sideend|p2: JulioDeJuan|move: Tailwind\n|upkeep\n|\n|t:|1698767949\n|switch|p2b: Chi-Yu|Chi-Yu|100\/100\n|-ability|p2b: Chi-Yu|Beads of Ruin\n|turn|9\n|\n|t:|1698767969\n|-terastallize|p2b: Chi-Yu|Dark\n|move|p2a: Tornadus|Tailwind|p2a: Tornadus\n|-sidestart|p2: JulioDeJuan|move: Tailwind\n|move|p2b: Chi-Yu|Dark Pulse|p1a: Stakataka\n|-damage|p1a: Stakataka|0 fnt\n|faint|p1a: Stakataka\n|move|p1b: Volcanion|Earth Power|p2b: Chi-Yu\n|-damage|p2b: Chi-Yu|50\/100\n|\n|upkeep\n|\n|t:|1698767985\n|switch|p1a: Salamence|Salamence, F|100\/100\n|-ability|p1a: Salamence|Intimidate|boost\n|-unboost|p2a: Tornadus|atk|1\n|-unboost|p2b: Chi-Yu|atk|1\n|turn|10\n|\n|t:|1698767994\n|detailschange|p1a: Salamence|Salamence-Mega, F\n|-mega|p1a: Salamence|Salamence|Salamencite\n|move|p2a: Tornadus|Bleakwind Storm|p1a: Salamence|[spread] p1a,p1b\n|-damage|p1a: Salamence|47\/100\n|-damage|p1b: Volcanion|50\/100\n|-unboost|p1b: Volcanion|spe|1\n|move|p2b: Chi-Yu|Dark Pulse|p1a: Salamence\n|-damage|p1a: Salamence|0 fnt\n|faint|p1a: Salamence\n|move|p1b: Volcanion|Heat Wave|p2a: Tornadus|[spread] p2a,p2b\n|-crit|p2a: Tornadus\n|-damage|p2a: Tornadus|0 fnt\n|-damage|p2b: Chi-Yu|13\/100\n|faint|p2a: Tornadus\n|\n|upkeep\n|\n|t:|1698768014\n|switch|p1a: Marshadow|Marshadow|100\/100\n|switch|p2a: Urshifu|Urshifu-Rapid-Strike, M|100\/100\n|turn|11\n|\n|t:|1698768028\n|move|p1a: Marshadow|Shadow Sneak|p2b: Chi-Yu\n|-resisted|p2b: Chi-Yu\n|-damage|p2b: Chi-Yu|0 fnt\n|faint|p2b: Chi-Yu\n|move|p2a: Urshifu|Surging Strikes|p1a: Marshadow\n|-crit|p1a: Marshadow\n|-damage|p1a: Marshadow|60\/100\n|-crit|p1a: Marshadow\n|-damage|p1a: Marshadow|16\/100\n|-crit|p1a: Marshadow\n|-damage|p1a: Marshadow|0 fnt\n|faint|p1a: Marshadow\n|-hitcount|p1: Marshadow|3\n|move|p1b: Volcanion|Steam Eruption|p2a: Urshifu\n|-resisted|p2a: Urshifu\n|-damage|p2a: Urshifu|63\/100\n|\n|upkeep\n|\n|t:|1698768040\n|switch|p1a: Tyrantrum|Tyrantrum, M, shiny|100\/100 slp\n|switch|p2b: Chien-Pao|Chien-Pao|100\/100\n|-ability|p2b: Chien-Pao|Sword of Ruin\n|turn|12\n|\n|t:|1698768060\n|move|p2b: Chien-Pao|Ice Spinner|p1a: Tyrantrum\n|-supereffective|p1a: Tyrantrum\n|-damage|p1a: Tyrantrum|0 fnt\n|faint|p1a: Tyrantrum\n|move|p2a: Urshifu|Surging Strikes|p1b: Volcanion\n|-heal|p1b: Volcanion|75\/100|[from] ability: Water Absorb|[of] p2a: Urshifu\n|move|p1b: Volcanion|Steam Eruption|p2a: Urshifu\n|-resisted|p2a: Urshifu\n|-damage|p2a: Urshifu|26\/100\n|\n|-sideend|p2: JulioDeJuan|move: Tailwind\n|upkeep\n|turn|13\n|\n|t:|1698768072\n|move|p2b: Chien-Pao|Ice Spinner|p1b: Volcanion\n|-supereffective|p1b: Volcanion\n|-damage|p1b: Volcanion|0 fnt\n|faint|p1b: Volcanion\n|\n|win|JulioDeJuan\n|raw|Silent Cosmos's rating: 1464 &rarr; <strong>1438<\/strong><br \/>(-26 for losing)\n|raw|JulioDeJuan's rating: 1352 &rarr; <strong>1378<\/strong><br \/>(+26 for winning)\n","uploadtime":1698768094,"views":6,"p1id":"silentcosmos","p2id":"juliodejuan","formatid":"gen9nationaldexdoubles","rating":1378,"private":0,"password":""}