{"id":"gen9nationaldexdoubles-1998439664","p1":"ImGoodATM","p2":"Trainer Lore","format":"[Gen 9] National Dex Doubles","log":"|j|\u2606ImGoodATM\n|j|\u2606Trainer Lore\n|t:|1700942489\n|gametype|doubles\n|player|p1|ImGoodATM|will|\n|player|p2|Trainer Lore|veteranf|\n|teamsize|p1|6\n|teamsize|p2|6\n|gen|9\n|tier|[Gen 9] National Dex Doubles\n|rule|HP Percentage Mod: HP is shown in percentages\n|rule|Endless Battle Clause: Forcing endless battles is banned\n|rule|OHKO Clause: OHKO moves are banned\n|rule|Evasion Moves Clause: Evasion moves are banned\n|rule|Evasion Abilities Clause: Evasion abilities are banned\n|rule|Species Clause: Limit one of each Pok\u00e9mon\n|rule|Gravity Sleep Clause: The combination of sleep-inducing moves with imperfect accuracy and Gravity or Gigantamax Orbeetle are banned\n|clearpoke\n|poke|p1|Sinistcha-Masterpiece|\n|poke|p1|Kartana|\n|poke|p1|Brambleghast, F|\n|poke|p1|Exeggutor-Alola, F|\n|poke|p1|Lilligant-Hisui, F|\n|poke|p1|Arboliva, F|\n|poke|p2|Palafin, F|\n|poke|p2|Basculegion, M|\n|poke|p2|Toxapex, F|\n|poke|p2|Iron Bundle|\n|poke|p2|Greninja-*, F|\n|poke|p2|Rotom-Wash|\n|teampreview\n|inactive|Battle timer is ON: inactive players will automatically lose when time's up. (requested by ImGoodATM)\n|inactive|Trainer Lore also wants the timer to be on.\n|\n|t:|1700942503\n|start\n|switch|p1a: Kartana|Kartana|100\/100\n|switch|p1b: Brambleghast|Brambleghast, F|100\/100\n|switch|p2a: Tsunami|Palafin, F|100\/100\n|switch|p2b: Sentakuki|Rotom-Wash|100\/100\n|turn|1\n|\n|t:|1700942525\n|detailschange|p2a: Tsunami|Palafin-Hero, F\n|switch|p2a: Ophiure|Toxapex, F, shiny|100\/100\n|move|p1a: Kartana|Tailwind|p1a: Kartana\n|-sidestart|p1: ImGoodATM|move: Tailwind\n|-ability|p1b: Brambleghast|Wind Rider|boost\n|-boost|p1b: Brambleghast|atk|1\n|move|p1b: Brambleghast|Power Whip|p2b: Sentakuki|[miss]\n|-miss|p1b: Brambleghast|p2b: Sentakuki\n|move|p2b: Sentakuki|Rain Dance|p2b: Sentakuki\n|-weather|RainDance\n|\n|-weather|RainDance|[upkeep]\n|upkeep\n|turn|2\n|\n|t:|1700942544\n|move|p1a: Kartana|Psycho Cut|p2a: Ophiure\n|-supereffective|p2a: Ophiure\n|-damage|p2a: Ophiure|66\/100\n|move|p1b: Brambleghast|Power Whip|p2b: Sentakuki\n|-supereffective|p2b: Sentakuki\n|-damage|p2b: Sentakuki|0 fnt\n|faint|p2b: Sentakuki\n|move|p2a: Ophiure|Toxic|p1b: Brambleghast\n|-status|p1b: Brambleghast|tox\n|\n|-weather|RainDance|[upkeep]\n|-heal|p2a: Ophiure|72\/100|[from] item: Leftovers\n|-damage|p1b: Brambleghast|95\/100 tox|[from] psn\n|upkeep\n|\n|t:|1700942562\n|switch|p2b: Clause|Iron Bundle|100\/100\n|turn|3\n|\n|t:|1700942579\n|move|p1a: Kartana|Leaf Blade|p2b: Clause\n|-supereffective|p2b: Clause\n|-damage|p2b: Clause|0 fnt\n|faint|p2b: Clause\n|-end|p2b: Clause|Quark Drive|[silent]\n|-ability|p1a: Kartana|Beast Boost|boost\n|-boost|p1a: Kartana|atk|1\n|move|p1b: Brambleghast|Poltergeist|p2a: Ophiure\n|-activate|p2a: Ophiure|move: Poltergeist|Leftovers\n|-damage|p2a: Ophiure|23\/100\n|move|p2a: Ophiure|Recover|p2a: Ophiure\n|-heal|p2a: Ophiure|73\/100\n|\n|-weather|RainDance|[upkeep]\n|-heal|p2a: Ophiure|79\/100|[from] item: Leftovers\n|-damage|p1b: Brambleghast|83\/100 tox|[from] psn\n|upkeep\n|\n|t:|1700942588\n|switch|p2b: Tsunami|Palafin-Hero, F|100\/100\n|-activate|p2b: Tsunami|ability: Zero to Hero\n|turn|4\n|\n|t:|1700942605\n|move|p2b: Tsunami|Jet Punch|p1b: Brambleghast\n|-resisted|p1b: Brambleghast\n|-damage|p1b: Brambleghast|0 fnt\n|faint|p1b: Brambleghast\n|move|p1a: Kartana|Leaf Blade|p2b: Tsunami\n|-supereffective|p2b: Tsunami\n|-damage|p2b: Tsunami|0 fnt\n|faint|p2b: Tsunami\n|-ability|p1a: Kartana|Beast Boost|boost\n|-boost|p1a: Kartana|atk|1\n|move|p2a: Ophiure|Haze|p2a: Ophiure\n|-clearallboost\n|\n|-weather|RainDance|[upkeep]\n|-heal|p2a: Ophiure|85\/100|[from] item: Leftovers\n|-sideend|p1: ImGoodATM|move: Tailwind\n|upkeep\n|\n|t:|1700942620\n|switch|p1b: Exeggutor|Exeggutor-Alola, F|100\/100\n|switch|p2b: Swashbuckler|Greninja, F|100\/100\n|turn|5\n|\n|t:|1700942645\n|move|p2b: Swashbuckler|Ice Beam|p1b: Exeggutor\n|-start|p2b: Swashbuckler|typechange|Ice|[from] ability: Protean\n|-supereffective|p1b: Exeggutor\n|-damage|p1b: Exeggutor|0 fnt\n|faint|p1b: Exeggutor\n|move|p1a: Kartana|Tailwind|p1a: Kartana\n|-sidestart|p1: ImGoodATM|move: Tailwind\n|move|p2a: Ophiure|Scald|p1a: Kartana\n|-resisted|p1a: Kartana\n|-damage|p1a: Kartana|64\/100\n|\n|-weather|none\n|-heal|p2a: Ophiure|91\/100|[from] item: Leftovers\n|upkeep\n|\n|t:|1700942654\n|switch|p1b: Lilligant|Lilligant-Hisui, F|100\/100\n|turn|6\n|\n|t:|1700942663\n|move|p1a: Kartana|Psycho Cut|p2a: Ophiure\n|-supereffective|p2a: Ophiure\n|-damage|p2a: Ophiure|54\/100\n|move|p1b: Lilligant|Axe Kick|p2b: Swashbuckler\n|-supereffective|p2b: Swashbuckler\n|-enditem|p2b: Swashbuckler|Focus Sash\n|-damage|p2b: Swashbuckler|1\/100\n|move|p2b: Swashbuckler|Hidden Power|p1a: Kartana\n|-supereffective|p1a: Kartana\n|-damage|p1a: Kartana|0 fnt\n|faint|p1a: Kartana\n|move|p2a: Ophiure|Toxic|p1b: Lilligant\n|-status|p1b: Lilligant|tox\n|\n|-heal|p2a: Ophiure|61\/100|[from] item: Leftovers\n|-damage|p1b: Lilligant|94\/100 tox|[from] psn\n|upkeep\n|\n|t:|1700942672\n|switch|p1a: Arboliva|Arboliva, F|100\/100\n|turn|7\n|\n|t:|1700942700\n|move|p1b: Lilligant|Sunny Day|p1b: Lilligant\n|-weather|SunnyDay\n|move|p2b: Swashbuckler|Ice Beam|p1b: Lilligant\n|-supereffective|p1b: Lilligant\n|-damage|p1b: Lilligant|0 fnt\n|faint|p1b: Lilligant\n|move|p1a: Arboliva|Dazzling Gleam|p2b: Swashbuckler|[spread] p2a,p2b\n|-resisted|p2a: Ophiure\n|-damage|p2a: Ophiure|51\/100\n|-damage|p2b: Swashbuckler|0 fnt\n|faint|p2b: Swashbuckler\n|move|p2a: Ophiure|Toxic|p1a: Arboliva\n|-status|p1a: Arboliva|tox\n|\n|-weather|SunnyDay|[upkeep]\n|-heal|p2a: Ophiure|57\/100|[from] item: Leftovers\n|-damage|p1a: Arboliva|94\/100 tox|[from] psn\n|upkeep\n|\n|t:|1700942713\n|switch|p2b: Riptide|Basculegion, M, shiny|100\/100\n|switch|p1b: Sinistcha|Sinistcha-Masterpiece|100\/100\n|-heal|p1a: Arboliva|100\/100 tox|[from] ability: Hospitality|[of] p1b: Sinistcha\n|turn|8\n|c|\u2606ImGoodATM|Missclick\ud83d\ude2d\n|c|\u2606Trainer Lore|sadge\n|\n|t:|1700942738\n|move|p2b: Riptide|Last Respects|p1b: Sinistcha\n|-supereffective|p1b: Sinistcha\n|-damage|p1b: Sinistcha|0 fnt\n|faint|p1b: Sinistcha\n|move|p1a: Arboliva|Giga Drain|p2b: Riptide\n|-supereffective|p2b: Riptide\n|-damage|p2b: Riptide|12\/100\n|move|p2a: Ophiure|Toxic|p1a: Arboliva\n|-fail|p1a: Arboliva|tox\n|\n|-weather|SunnyDay|[upkeep]\n|-heal|p2a: Ophiure|63\/100|[from] item: Leftovers\n|-damage|p1a: Arboliva|88\/100 tox|[from] psn\n|-sideend|p1: ImGoodATM|move: Tailwind\n|upkeep\n|turn|9\n|\n|t:|1700942749\n|move|p2b: Riptide|Last Respects|p1a: Arboliva\n|-immune|p1a: Arboliva\n|move|p1a: Arboliva|Giga Drain|p2b: Riptide\n|-supereffective|p2b: Riptide\n|-damage|p2b: Riptide|0 fnt\n|-heal|p1a: Arboliva|95\/100 tox|[from] drain|[of] p2b: Riptide\n|faint|p2b: Riptide\n|move|p2a: Ophiure|Recover|p2a: Ophiure\n|-heal|p2a: Ophiure|100\/100\n|\n|-weather|SunnyDay|[upkeep]\n|-damage|p1a: Arboliva|76\/100 tox|[from] psn\n|upkeep\n|turn|10\n|\n|t:|1700942758\n|move|p1a: Arboliva|Earth Power|p2a: Ophiure\n|-supereffective|p2a: Ophiure\n|-damage|p2a: Ophiure|41\/100\n|move|p2a: Ophiure|Recover|p2a: Ophiure\n|-heal|p2a: Ophiure|91\/100\n|\n|-weather|SunnyDay|[upkeep]\n|-heal|p2a: Ophiure|98\/100|[from] item: Leftovers\n|-damage|p1a: Arboliva|52\/100 tox|[from] psn\n|upkeep\n|turn|11\n|\n|t:|1700942767\n|move|p1a: Arboliva|Earth Power|p2a: Ophiure\n|-supereffective|p2a: Ophiure\n|-damage|p2a: Ophiure|40\/100\n|move|p2a: Ophiure|Recover|p2a: Ophiure\n|-heal|p2a: Ophiure|90\/100\n|\n|-weather|none\n|-heal|p2a: Ophiure|96\/100|[from] item: Leftovers\n|-damage|p1a: Arboliva|21\/100 tox|[from] psn\n|upkeep\n|turn|12\n|\n|t:|1700942775\n|move|p1a: Arboliva|Earth Power|p2a: Ophiure\n|-supereffective|p2a: Ophiure\n|-damage|p2a: Ophiure|44\/100\n|-unboost|p2a: Ophiure|spd|1\n|move|p2a: Ophiure|Recover|p2a: Ophiure\n|-heal|p2a: Ophiure|94\/100\n|\n|-heal|p2a: Ophiure|99\/100|[from] item: Leftovers\n|-damage|p1a: Arboliva|0 fnt|[from] psn\n|faint|p1a: Arboliva\n|\n|win|Trainer Lore\n|upkeep\n|c|\u2606Trainer Lore|gee gee\n|l|\u2606ImGoodATM\n","uploadtime":1700942781,"views":7,"p1id":"imgoodatm","p2id":"trainerlore","formatid":"gen9nationaldexdoubles","rating":0,"private":0,"password":""}