{"id":"gen9nationaldexdoubles-2000041061","p1":"Richard Draco","p2":"ItzMystttv","format":"[Gen 9] National Dex Doubles","log":"|j|\u2606Richard Draco\n|j|\u2606ItzMystttv\n|t:|1701144863\n|gametype|doubles\n|player|p1|Richard Draco|juggler|1019\n|player|p2|ItzMystttv|juggler|1019\n|teamsize|p1|6\n|teamsize|p2|6\n|gen|9\n|tier|[Gen 9] National Dex Doubles\n|rated|\n|rule|HP Percentage Mod: HP is shown in percentages\n|rule|Endless Battle Clause: Forcing endless battles is banned\n|rule|OHKO Clause: OHKO moves are banned\n|rule|Evasion Moves Clause: Evasion moves are banned\n|rule|Evasion Abilities Clause: Evasion abilities are banned\n|rule|Species Clause: Limit one of each Pok\u00e9mon\n|rule|Gravity Sleep Clause: The combination of sleep-inducing moves with imperfect accuracy and Gravity or Gigantamax Orbeetle are banned\n|clearpoke\n|poke|p1|Cresselia, F|\n|poke|p1|Iron Hands|\n|poke|p1|Ursaluna-Bloodmoon, M|\n|poke|p1|Brute Bonnet|\n|poke|p1|Flutter Mane|\n|poke|p1|Iron Moth|\n|poke|p2|Palafin, F|\n|poke|p2|Garganacl, M|\n|poke|p2|Aegislash, F|\n|poke|p2|Iron Hands|\n|poke|p2|Metagross|\n|poke|p2|Dragapult, F|\n|teampreview\n|\n|t:|1701144883\n|start\n|switch|p1a: Cresselia|Cresselia, F|100\/100\n|switch|p1b: Ursaluna|Ursaluna-Bloodmoon, M|100\/100\n|switch|p2a: Palafin|Palafin, F|100\/100\n|switch|p2b: Garganacl|Garganacl, M|100\/100\n|turn|1\n|\n|t:|1701144912\n|-terastallize|p1b: Ursaluna|Normal\n|move|p2a: Palafin|Flip Turn|p1b: Ursaluna\n|-damage|p1b: Ursaluna|84\/100\n|\n|t:|1701144941\n|detailschange|p2a: Palafin|Palafin-Hero, F\n|switch|p2a: Aegislash|Aegislash, F|100\/100|[from] Flip Turn\n|move|p2b: Garganacl|Stealth Rock|p1a: Cresselia\n|-sidestart|p1: Richard Draco|move: Stealth Rock\n|move|p1b: Ursaluna|Hyper Voice|p2a: Aegislash|[spread] p2a,p2b\n|-resisted|p2a: Aegislash\n|-resisted|p2b: Garganacl\n|-damage|p2a: Aegislash|64\/100\n|-damage|p2b: Garganacl|64\/100\n|move|p1a: Cresselia|Trick Room|p1a: Cresselia\n|-fieldstart|move: Trick Room|[of] p1a: Cresselia\n|\n|-heal|p2a: Aegislash|70\/100|[from] item: Leftovers\n|upkeep\n|turn|2\n|\n|t:|1701144976\n|switch|p1a: Brute Bonnet|Brute Bonnet|100\/100\n|-damage|p1a: Brute Bonnet|88\/100|[from] Stealth Rock\n|move|p2a: Aegislash|King's Shield|p2a: Aegislash\n|-singleturn|p2a: Aegislash|Protect\n|move|p1b: Ursaluna|Hyper Voice|p2b: Garganacl|[spread] p2b\n|-activate|p2a: Aegislash|move: Protect\n|-resisted|p2b: Garganacl\n|-damage|p2b: Garganacl|29\/100\n|move|p2b: Garganacl|Stone Edge|p1b: Ursaluna|[miss]\n|-miss|p2b: Garganacl|p1b: Ursaluna\n|\n|-heal|p2a: Aegislash|76\/100|[from] item: Leftovers\n|upkeep\n|turn|3\n|\n|t:|1701145012\n|move|p1b: Ursaluna|Hyper Voice|p2b: Garganacl|[spread] p2a,p2b\n|-resisted|p2a: Aegislash\n|-resisted|p2b: Garganacl\n|-damage|p2a: Aegislash|41\/100\n|-damage|p2b: Garganacl|0 fnt\n|faint|p2b: Garganacl\n|move|p1a: Brute Bonnet|Spore|p2a: Aegislash\n|-status|p2a: Aegislash|slp|[from] move: Spore\n|cant|p2a: Aegislash|slp\n|\n|-heal|p2a: Aegislash|47\/100 slp|[from] item: Leftovers\n|upkeep\n|\n|t:|1701145038\n|switch|p2b: Palafin|Palafin-Hero, F|100\/100\n|-activate|p2b: Palafin|ability: Zero to Hero\n|turn|4\n|\n|t:|1701145068\n|move|p1b: Ursaluna|Hyper Voice|p2a: Aegislash|[spread] p2a,p2b\n|-resisted|p2a: Aegislash\n|-damage|p2a: Aegislash|10\/100 slp\n|-damage|p2b: Palafin|11\/100\n|move|p1a: Brute Bonnet|Spore|p2b: Palafin\n|-status|p2b: Palafin|slp|[from] move: Spore\n|cant|p2a: Aegislash|slp\n|cant|p2b: Palafin|slp\n|\n|-heal|p2a: Aegislash|17\/100 slp|[from] item: Leftovers\n|-heal|p2b: Palafin|17\/100 slp|[from] item: Leftovers\n|upkeep\n|turn|5\n|\n|t:|1701145092\n|-end|p1a: Brute Bonnet|Protosynthesis|[silent]\n|switch|p1a: Cresselia|Cresselia, F|100\/100\n|-damage|p1a: Cresselia|88\/100|[from] Stealth Rock\n|cant|p2a: Aegislash|slp\n|cant|p2b: Palafin|slp\n|move|p1b: Ursaluna|Hyper Voice|p2a: Aegislash|[spread] p2a,p2b\n|-resisted|p2a: Aegislash\n|-damage|p2a: Aegislash|0 fnt\n|-damage|p2b: Palafin|0 fnt\n|faint|p2a: Aegislash\n|faint|p2b: Palafin\n|\n|-fieldend|move: Trick Room\n|upkeep\n|\n|t:|1701145109\n|switch|p2b: Dragapult|Dragapult, F|100\/100\n|switch|p2a: Metagross|Metagross|100\/100\n|turn|6\n|\n|t:|1701145155\n|switch|p1b: Flutter Mane|Flutter Mane|100\/100\n|-damage|p1b: Flutter Mane|88\/100|[from] Stealth Rock\n|-enditem|p1b: Flutter Mane|Booster Energy\n|-activate|p1b: Flutter Mane|ability: Protosynthesis|[fromitem]\n|-start|p1b: Flutter Mane|protosynthesisspa\n|detailschange|p2a: Metagross|Metagross-Mega\n|-mega|p2a: Metagross|Metagross|Metagrossite\n|move|p1a: Cresselia|Protect|p1a: Cresselia\n|-singleturn|p1a: Cresselia|Protect\n|move|p2b: Dragapult|Dragon Dance|p2b: Dragapult\n|-boost|p2b: Dragapult|atk|1\n|-boost|p2b: Dragapult|spe|1\n|move|p2a: Metagross|Meteor Mash|p1a: Cresselia\n|-activate|p1a: Cresselia|move: Protect\n|\n|upkeep\n|turn|7\n|\n|t:|1701145200\n|move|p1b: Flutter Mane|Protect|p1b: Flutter Mane\n|-singleturn|p1b: Flutter Mane|Protect\n|move|p2b: Dragapult|Phantom Force||[still]\n|-prepare|p2b: Dragapult|Phantom Force\n|move|p2a: Metagross|Meteor Mash|p1b: Flutter Mane\n|-activate|p1b: Flutter Mane|move: Protect\n|move|p1a: Cresselia|Trick Room|p1a: Cresselia\n|-fieldstart|move: Trick Room|[of] p1a: Cresselia\n|\n|upkeep\n|turn|8\n|\n|t:|1701145229\n|switch|p1a: Brute Bonnet|Brute Bonnet|88\/100\n|-damage|p1a: Brute Bonnet|75\/100|[from] Stealth Rock\n|move|p2a: Metagross|Meteor Mash|p1b: Flutter Mane\n|-supereffective|p1b: Flutter Mane\n|-damage|p1b: Flutter Mane|0 fnt\n|-boost|p2a: Metagross|atk|1\n|faint|p1b: Flutter Mane\n|-end|p1b: Flutter Mane|Protosynthesis|[silent]\n|move|p2b: Dragapult|Phantom Force|p1a: Brute Bonnet|[from]lockedmove\n|-resisted|p1a: Brute Bonnet\n|-damage|p1a: Brute Bonnet|50\/100\n|\n|upkeep\n|\n|t:|1701145250\n|switch|p1b: Ursaluna|Ursaluna-Bloodmoon, M, tera:Normal|84\/100\n|-damage|p1b: Ursaluna|72\/100|[from] Stealth Rock\n|turn|9\n|\n|t:|1701145266\n|move|p1b: Ursaluna|Earth Power|p2a: Metagross\n|-supereffective|p2a: Metagross\n|-damage|p2a: Metagross|0 fnt\n|faint|p2a: Metagross\n|move|p1a: Brute Bonnet|Spore|p2b: Dragapult\n|-status|p2b: Dragapult|slp|[from] move: Spore\n|cant|p2b: Dragapult|slp\n|\n|upkeep\n|\n|t:|1701145283\n|switch|p2a: Iron Hands|Iron Hands|100\/100\n|turn|10\n|\n|t:|1701145313\n|move|p1b: Ursaluna|Earth Power|p2a: Iron Hands\n|-supereffective|p2a: Iron Hands\n|-damage|p2a: Iron Hands|0 fnt\n|faint|p2a: Iron Hands\n|-end|p2a: Iron Hands|Quark Drive|[silent]\n|move|p1a: Brute Bonnet|Spore|p2b: Dragapult\n|-fail|p2b: Dragapult|slp\n|cant|p2b: Dragapult|slp\n|\n|upkeep\n|turn|11\n|\n|t:|1701145335\n|-terastallize|p2b: Dragapult|Dragon\n|move|p1b: Ursaluna|Earth Power|p2b: Dragapult\n|-damage|p2b: Dragapult|0 fnt\n|faint|p2b: Dragapult\n|\n|win|Richard Draco\n|raw|Richard Draco's rating: 1019 &rarr; <strong>1056<\/strong><br \/>(+37 for winning)\n|raw|ItzMystttv's rating: 1019 &rarr; <strong>1006<\/strong><br \/>(-13 for losing)\n|l|\u2606ItzMystttv\n","uploadtime":1701145346,"views":4,"p1id":"richarddraco","p2id":"itzmystttv","formatid":"gen9nationaldexdoubles","rating":1006,"private":0,"password":""}