{"id":"gen9nationaldexdoubles-1967045493","p1":"user58342485","p2":"kitsu-aria","format":"[Gen 9] National Dex Doubles","log":"|j|\u2606user58342485\n|j|\u2606kitsu-aria\n|t:|1697247908\n|gametype|doubles\n|player|p1|user58342485|pokemaniac|1551\n|player|p2|kitsu-aria|rocketgruntf|1679\n|teamsize|p1|6\n|teamsize|p2|6\n|gen|9\n|tier|[Gen 9] National Dex Doubles\n|rated|\n|rule|HP Percentage Mod: HP is shown in percentages\n|rule|Endless Battle Clause: Forcing endless battles is banned\n|rule|OHKO Clause: OHKO moves are banned\n|rule|Evasion Moves Clause: Evasion moves are banned\n|rule|Evasion Abilities Clause: Evasion abilities are banned\n|rule|Species Clause: Limit one of each Pok\u00e9mon\n|rule|Gravity Sleep Clause: The combination of sleep-inducing moves with imperfect accuracy and Gravity or Gigantamax Orbeetle are banned\n|clearpoke\n|poke|p1|Salamence, M|\n|poke|p1|Rillaboom, M|\n|poke|p1|Iron Hands|\n|poke|p1|Zygarde|\n|poke|p1|Jirachi|\n|poke|p1|Tapu Fini|\n|poke|p2|Gothorita, F|\n|poke|p2|Urshifu-*, F|\n|poke|p2|Tornadus, M|\n|poke|p2|Zamazenta-*|\n|poke|p2|Landorus, M|\n|poke|p2|Kingambit, F|\n|teampreview\n|inactive|Battle timer is ON: inactive players will automatically lose when time's up. (requested by user58342485)\n|c|\u2606user58342485|oh hello lol\n|inactive|user58342485 has 120 seconds left.\n|inactive|kitsu-aria has 120 seconds left.\n|c|\u2606kitsu-aria|Hihi\n|c|\u2606kitsu-aria|Last game of the night for me\n|inactive|user58342485 has 90 seconds left.\n|\n|t:|1697247971\n|start\n|switch|p1a: Tapu Fini|Tapu Fini|100\/100\n|switch|p1b: Iron Hands|Iron Hands|100\/100\n|switch|p2a: Tornadus|Tornadus, M|100\/100\n|switch|p2b: Kingambit|Kingambit, F|100\/100\n|-fieldstart|move: Misty Terrain|[from] ability: Misty Surge|[of] p1a: Tapu Fini\n|turn|1\n|inactive|user58342485 has 120 seconds left.\n|\n|t:|1697248002\n|switch|p2b: Gothorita|Gothorita, F|100\/100\n|move|p1a: Tapu Fini|Moonblast|p2a: Tornadus\n|-damage|p2a: Tornadus|41\/100\n|-zpower|p2a: Tornadus\n|move|p2a: Tornadus|Supersonic Skystrike|p1b: Iron Hands|[zeffect]\n|-damage|p1b: Iron Hands|55\/100\n|move|p1b: Iron Hands|Heavy Slam|p2a: Tornadus\n|-damage|p2a: Tornadus|0 fnt\n|faint|p2a: Tornadus\n|\n|upkeep\n|\n|t:|1697248013\n|switch|p2a: Landorus|Landorus, M|100\/100\n|turn|2\n|inactive|user58342485 has 120 seconds left.\n|\n|t:|1697248048\n|move|p2b: Gothorita|Ally Switch|p2b: Gothorita\n|swap|p2b: Gothorita|0|[from] move: Ally Switch\n|move|p1a: Tapu Fini|Moonblast|p2a: Gothorita\n|-damage|p2a: Gothorita|78\/100\n|move|p2b: Landorus|Sandsear Storm|p1b: Iron Hands|[spread] p1a\n|-miss|p2b: Landorus|p1b: Iron Hands\n|-damage|p1a: Tapu Fini|43\/100\n|move|p1b: Iron Hands|Heavy Slam|p2a: Gothorita\n|-crit|p2a: Gothorita\n|-damage|p2a: Gothorita|9\/100\n|\n|upkeep\n|turn|3\n|\n|t:|1697248071\n|switch|p2a: Zamazenta|Zamazenta|100\/100\n|-ability|p2a: Zamazenta|Dauntless Shield|boost\n|-boost|p2a: Zamazenta|def|1\n|move|p1a: Tapu Fini|Moonblast|p2a: Zamazenta\n|-supereffective|p2a: Zamazenta\n|-damage|p2a: Zamazenta|27\/100\n|move|p2b: Landorus|Sandsear Storm|p1b: Iron Hands|[spread] p1b\n|-miss|p2b: Landorus|p1a: Tapu Fini\n|-supereffective|p1b: Iron Hands\n|-damage|p1b: Iron Hands|0 fnt\n|faint|p1b: Iron Hands\n|-end|p1b: Iron Hands|Quark Drive|[silent]\n|\n|-heal|p2a: Zamazenta|33\/100|[from] item: Leftovers\n|upkeep\n|inactive|user58342485 has 120 seconds left.\n|\n|t:|1697248106\n|switch|p1b: Salamence|Salamence, M|100\/100\n|-ability|p1b: Salamence|Intimidate|boost\n|-unboost|p2a: Zamazenta|atk|1\n|-unboost|p2b: Landorus|atk|1\n|turn|4\n|inactive|user58342485 has 120 seconds left.\n|\n|t:|1697248127\n|detailschange|p1b: Salamence|Salamence-Mega, M\n|-mega|p1b: Salamence|Salamence|Salamencite\n|move|p1a: Tapu Fini|Moonblast|p2b: Landorus\n|-damage|p2b: Landorus|41\/100\n|move|p2a: Zamazenta|Coaching|p2b: Landorus\n|-boost|p2b: Landorus|atk|1\n|-boost|p2b: Landorus|def|1\n|move|p1b: Salamence|Frustration|p2b: Landorus\n|-damage|p2b: Landorus|0 fnt\n|faint|p2b: Landorus\n|\n|-heal|p2a: Zamazenta|39\/100|[from] item: Leftovers\n|upkeep\n|\n|t:|1697248138\n|switch|p2b: Urshifu|Urshifu-Rapid-Strike, F|100\/100\n|turn|5\n|\n|t:|1697248147\n|move|p2b: Urshifu|Protect|p2b: Urshifu\n|-singleturn|p2b: Urshifu|Protect\n|move|p1a: Tapu Fini|Moonblast|p2b: Urshifu\n|-activate|p2b: Urshifu|move: Protect\n|move|p2a: Zamazenta|Coaching|p2b: Urshifu\n|-boost|p2b: Urshifu|atk|1\n|-boost|p2b: Urshifu|def|1\n|move|p1b: Salamence|Hyper Voice|p2b: Urshifu|[spread] p2a\n|-activate|p2b: Urshifu|move: Protect\n|-supereffective|p2a: Zamazenta\n|-damage|p2a: Zamazenta|0 fnt\n|faint|p2a: Zamazenta\n|\n|-fieldend|Misty Terrain\n|upkeep\n|\n|t:|1697248156\n|switch|p2a: Gothorita|Gothorita, F|9\/100\n|turn|6\n|\n|t:|1697248170\n|-terastallize|p2b: Urshifu|Water\n|move|p2a: Gothorita|Fake Out|p1a: Tapu Fini\n|-crit|p1a: Tapu Fini\n|-damage|p1a: Tapu Fini|35\/100\n|cant|p1a: Tapu Fini|flinch\n|move|p1b: Salamence|Hyper Voice|p2a: Gothorita|[spread] p2a,p2b\n|-damage|p2a: Gothorita|0 fnt\n|-damage|p2b: Urshifu|48\/100\n|faint|p2a: Gothorita\n|move|p2b: Urshifu|Surging Strikes|p1b: Salamence\n|-resisted|p1b: Salamence\n|-crit|p1b: Salamence\n|-damage|p1b: Salamence|83\/100\n|-resisted|p1b: Salamence\n|-crit|p1b: Salamence\n|-damage|p1b: Salamence|67\/100\n|-resisted|p1b: Salamence\n|-crit|p1b: Salamence\n|-damage|p1b: Salamence|50\/100\n|-hitcount|p1b: Salamence|3\n|\n|upkeep\n|-message|kitsu-aria forfeited.\n|\n|win|user58342485\n|raw|user58342485's rating: 1551 &rarr; <strong>1578<\/strong><br \/>(+27 for winning)\n|raw|kitsu-aria's rating: 1679 &rarr; <strong>1652<\/strong><br \/>(-27 for losing)\n|c|\u2606user58342485|gg\n|c|\u2606kitsu-aria|Gg\n|l|\u2606kitsu-aria\n","uploadtime":1697248202,"views":14,"p1id":"user58342485","p2id":"kitsuaria","formatid":"gen9nationaldexdoubles","rating":1578,"private":0,"password":""}