{"id":"gen9nationaldexdoubles-1972540643","p1":"The OG Trainer Red","p2":"Brick_Enjoyer_144","format":"[Gen 9] National Dex Doubles","log":"|j|\u2606The OG Trainer Red\n|j|\u2606Brick_Enjoyer_144\n|t:|1697854720\n|gametype|doubles\n|player|p1|The OG Trainer Red|fisherman-gen4|1134\n|player|p2|Brick_Enjoyer_144|shauntal|1180\n|teamsize|p1|6\n|teamsize|p2|6\n|gen|9\n|tier|[Gen 9] National Dex Doubles\n|rated|\n|rule|HP Percentage Mod: HP is shown in percentages\n|rule|Endless Battle Clause: Forcing endless battles is banned\n|rule|OHKO Clause: OHKO moves are banned\n|rule|Evasion Moves Clause: Evasion moves are banned\n|rule|Evasion Abilities Clause: Evasion abilities are banned\n|rule|Species Clause: Limit one of each Pok\u00e9mon\n|rule|Gravity Sleep Clause: The combination of sleep-inducing moves with imperfect accuracy and Gravity or Gigantamax Orbeetle are banned\n|clearpoke\n|poke|p1|Lapras, F|\n|poke|p1|Pelipper, F|\n|poke|p1|Dracovish|\n|poke|p1|Walking Wake|\n|poke|p1|Torkoal, F|\n|poke|p1|Leafeon, F|\n|poke|p2|Espeon, M|\n|poke|p2|Gallade, M|\n|poke|p2|Illumise, F|\n|poke|p2|Urshifu-*, M|\n|poke|p2|Ogerpon-Hearthflame, F|\n|poke|p2|Heatran, F|\n|teampreview\n|inactive|Battle timer is ON: inactive players will automatically lose when time's up. (requested by Brick_Enjoyer_144)\n|\n|t:|1697854730\n|start\n|switch|p1a: Dracovish|Dracovish|100\/100\n|switch|p1b: Pelipper|Pelipper, F|100\/100\n|switch|p2a: Illumise|Illumise, F|100\/100\n|switch|p2b: Heatran|Heatran, F|100\/100\n|-weather|RainDance|[from] ability: Drizzle|[of] p1b: Pelipper\n|turn|1\n|\n|t:|1697854748\n|-terastallize|p1a: Dracovish|Ground\n|move|p2a: Illumise|Trick|p1a: Dracovish\n|-activate|p2a: Illumise|move: Trick|[of] p1a: Dracovish\n|-item|p1a: Dracovish|Sticky Barb|[from] move: Trick\n|-item|p2a: Illumise|Choice Scarf|[from] move: Trick\n|move|p1a: Dracovish|Earthquake|p2a: Illumise|[spread] p2a,p2b\n|-immune|p1b: Pelipper\n|-resisted|p2a: Illumise\n|-supereffective|p2b: Heatran\n|-damage|p2a: Illumise|82\/100\n|-damage|p2b: Heatran|6\/100\n|move|p2b: Heatran|Stealth Rock|p1b: Pelipper\n|-sidestart|p1: The OG Trainer Red|move: Stealth Rock\n|move|p1b: Pelipper|Surf|p2a: Illumise|[spread] p2a,p2b\n|-immune|p1a: Dracovish|[from] ability: Water Absorb\n|-supereffective|p2b: Heatran\n|-damage|p2a: Illumise|30\/100\n|-damage|p2b: Heatran|0 fnt\n|faint|p2b: Heatran\n|\n|-weather|RainDance|[upkeep]\n|-damage|p1a: Dracovish|88\/100|[from] item: Sticky Barb\n|upkeep\n|inactive|Brick_Enjoyer_144 has 120 seconds left.\n|\n|t:|1697854772\n|switch|p2b: Urshifu|Urshifu-Rapid-Strike, M|100\/100\n|turn|2\n|\n|t:|1697854790\n|move|p2a: Illumise|Seismic Toss|p1a: Dracovish\n|-damage|p1a: Dracovish|57\/100\n|move|p2b: Urshifu|Ice Spinner|p1a: Dracovish\n|-supereffective|p1a: Dracovish\n|-damage|p1a: Dracovish|0 fnt\n|faint|p1a: Dracovish\n|move|p1b: Pelipper|Surf|p2b: Urshifu|[spread] p2a,p2b\n|-resisted|p2b: Urshifu\n|-damage|p2a: Illumise|0 fnt\n|-damage|p2b: Urshifu|67\/100\n|faint|p2a: Illumise\n|\n|-weather|RainDance|[upkeep]\n|upkeep\n|\n|t:|1697854805\n|switch|p2a: Espeon|Espeon, M|100\/100\n|switch|p1a: Lapras|Lapras, F|100\/100\n|-damage|p1a: Lapras|75\/100|[from] Stealth Rock\n|turn|3\n|\n|t:|1697854821\n|move|p2a: Espeon|Dazzling Gleam|p1b: Pelipper|[spread] p1a,p1b\n|-damage|p1a: Lapras|51\/100\n|-damage|p1b: Pelipper|57\/100\n|move|p2b: Urshifu|Ice Spinner|p1b: Pelipper\n|-damage|p1b: Pelipper|11\/100\n|move|p1b: Pelipper|Hurricane|p2a: Espeon\n|-damage|p2a: Espeon|36\/100\n|move|p1a: Lapras|Thunder|p2b: Urshifu\n|-supereffective|p2b: Urshifu\n|-damage|p2b: Urshifu|0 fnt\n|faint|p2b: Urshifu\n|\n|-weather|RainDance|[upkeep]\n|-heal|p1a: Lapras|57\/100|[from] item: Leftovers\n|upkeep\n|\n|t:|1697854834\n|switch|p2b: Ogerpon|Ogerpon-Hearthflame, F|100\/100\n|-ability|p2b: Ogerpon|Mold Breaker\n|turn|4\n|\n|t:|1697854852\n|-terastallize|p2b: Ogerpon|Fire\n|detailschange|p2b: Ogerpon|Ogerpon-Hearthflame-Tera, F, tera:Fire\n|-ability|p2b: Ogerpon|Embody Aspect (Hearthflame)|boost\n|-boost|p2b: Ogerpon|atk|1\n|move|p1b: Pelipper|Protect|p1b: Pelipper\n|-singleturn|p1b: Pelipper|Protect\n|move|p2a: Espeon|Dazzling Gleam|p1a: Lapras|[spread] p1a\n|-activate|p1b: Pelipper|move: Protect\n|-damage|p1a: Lapras|36\/100\n|move|p2b: Ogerpon|Horn Leech|p1a: Lapras\n|-supereffective|p1a: Lapras\n|-damage|p1a: Lapras|0 fnt\n|faint|p1a: Lapras\n|\n|-weather|RainDance|[upkeep]\n|upkeep\n|\n|t:|1697854868\n|switch|p1a: Walking Wake|Walking Wake|100\/100\n|-damage|p1a: Walking Wake|88\/100|[from] Stealth Rock\n|turn|5\n|\n|t:|1697854877\n|move|p2a: Espeon|Dazzling Gleam|p1a: Walking Wake|[spread] p1a,p1b\n|-supereffective|p1a: Walking Wake\n|-damage|p1a: Walking Wake|37\/100\n|-damage|p1b: Pelipper|0 fnt\n|faint|p1b: Pelipper\n|move|p2b: Ogerpon|Play Rough|p1a: Walking Wake\n|-supereffective|p1a: Walking Wake\n|-damage|p1a: Walking Wake|0 fnt\n|faint|p1a: Walking Wake\n|-end|p1a: Walking Wake|Protosynthesis|[silent]\n|\n|-weather|none\n|upkeep\n|\n|t:|1697854886\n|switch|p1a: Torkoal|Torkoal, F|100\/100\n|switch|p1b: Leafeon|Leafeon, F, shiny|100\/100\n|-damage|p1b: Leafeon|88\/100|[from] Stealth Rock\n|-damage|p1a: Torkoal|75\/100|[from] Stealth Rock\n|-weather|SunnyDay|[from] ability: Drought|[of] p1a: Torkoal\n|turn|6\n|\n|t:|1697854899\n|move|p1b: Leafeon|Dig||[still]\n|-prepare|p1b: Leafeon|Dig\n|move|p2a: Espeon|Dazzling Gleam|p1a: Torkoal|[spread] p1a\n|-miss|p2a: Espeon|p1b: Leafeon\n|-resisted|p1a: Torkoal\n|-damage|p1a: Torkoal|57\/100\n|move|p2b: Ogerpon|Ivy Cudgel|p1b: Leafeon|[miss]\n|-miss|p2b: Ogerpon|p1b: Leafeon\n|move|p1a: Torkoal|Rock Slide|p2a: Espeon|[spread] p2a,p2b\n|-supereffective|p2b: Ogerpon\n|-damage|p2a: Espeon|16\/100\n|-damage|p2b: Ogerpon|69\/100\n|\n|-weather|SunnyDay|[upkeep]\n|-heal|p1a: Torkoal|63\/100|[from] item: Leftovers\n|upkeep\n|turn|7\n|\n|t:|1697854920\n|move|p1b: Leafeon|Dig|p2b: Ogerpon|[from]lockedmove\n|-supereffective|p2b: Ogerpon\n|-damage|p2b: Ogerpon|5\/100\n|move|p2a: Espeon|Dazzling Gleam|p1b: Leafeon|[spread] p1a,p1b\n|-resisted|p1a: Torkoal\n|-damage|p1a: Torkoal|44\/100\n|-damage|p1b: Leafeon|59\/100\n|move|p2b: Ogerpon|Ivy Cudgel|p1b: Leafeon\n|-supereffective|p1b: Leafeon\n|-damage|p1b: Leafeon|0 fnt\n|faint|p1b: Leafeon\n|move|p1a: Torkoal|Iron Defense|p1a: Torkoal\n|-boost|p1a: Torkoal|def|2\n|\n|-weather|SunnyDay|[upkeep]\n|-heal|p1a: Torkoal|50\/100|[from] item: Leftovers\n|upkeep\n|turn|8\n|\n|t:|1697854941\n|move|p2a: Espeon|Dazzling Gleam|p1a: Torkoal\n|-resisted|p1a: Torkoal\n|-damage|p1a: Torkoal|23\/100\n|move|p2b: Ogerpon|Ivy Cudgel|p1a: Torkoal\n|-resisted|p1a: Torkoal\n|-damage|p1a: Torkoal|0 fnt\n|faint|p1a: Torkoal\n|\n|win|Brick_Enjoyer_144\n|raw|The OG Trainer Red's rating: 1134 &rarr; <strong>1112<\/strong><br \/>(-22 for losing)\n|raw|Brick_Enjoyer_144's rating: 1180 &rarr; <strong>1202<\/strong><br \/>(+22 for winning)\n|l|\u2606The OG Trainer Red\n","uploadtime":1697854952,"views":11,"p1id":"theogtrainerred","p2id":"brickenjoyer144","formatid":"gen9nationaldexdoubles","rating":1112,"private":0,"password":""}