{"id":"gen9nationaldexdoubles-1968144117","p1":"Elin Baecil","p2":"s.daninja","format":"[Gen 9] National Dex Doubles","log":"|j|\u2606Elin Baecil\n|j|\u2606s.daninja\n|t:|1697388712\n|gametype|doubles\n|player|p1|Elin Baecil|leon-masters|\n|player|p2|s.daninja|leon|\n|teamsize|p1|6\n|teamsize|p2|6\n|gen|9\n|tier|[Gen 9] National Dex Doubles\n|rule|HP Percentage Mod: HP is shown in percentages\n|rule|Endless Battle Clause: Forcing endless battles is banned\n|rule|OHKO Clause: OHKO moves are banned\n|rule|Evasion Moves Clause: Evasion moves are banned\n|rule|Evasion Abilities Clause: Evasion abilities are banned\n|rule|Species Clause: Limit one of each Pok\u00e9mon\n|rule|Gravity Sleep Clause: The combination of sleep-inducing moves with imperfect accuracy and Gravity or Gigantamax Orbeetle are banned\n|clearpoke\n|poke|p1|Manectric, M|\n|poke|p1|Iron Hands|\n|poke|p1|Thundurus, M|\n|poke|p1|Sandy Shocks|\n|poke|p1|Iron Thorns|\n|poke|p1|Pachirisu, M|\n|poke|p2|Iron Hands|\n|poke|p2|Zapdos|\n|poke|p2|Thundurus-Therian, M|\n|poke|p2|Tapu Koko|\n|poke|p2|Sandy Shocks|\n|poke|p2|Golem-Alola, F|\n|teampreview\n|c|\u2606Elin Baecil|Bien asexuados tus pokes\n|\n|t:|1697388761\n|start\n|switch|p1a: Iron Hands|Iron Hands|100\/100\n|switch|p1b: Sandy Shocks|Sandy Shocks|100\/100\n|switch|p2a: Golem|Golem-Alola, F|100\/100\n|switch|p2b: Iron Hands|Iron Hands|100\/100\n|-item|p2a: Golem|Air Balloon\n|turn|1\n|\n|t:|1697388775\n|move|p2b: Iron Hands|Fake Out|p1b: Sandy Shocks\n|-damage|p1b: Sandy Shocks|86\/100\n|move|p1a: Iron Hands|Fake Out|p2a: Golem\n|-resisted|p2a: Golem\n|-damage|p2a: Golem|94\/100\n|-enditem|p2a: Golem|Air Balloon\n|cant|p1b: Sandy Shocks|flinch\n|cant|p2a: Golem|flinch\n|\n|upkeep\n|turn|2\n|\n|t:|1697388793\n|move|p2a: Golem|Protect|p2a: Golem\n|-singleturn|p2a: Golem|Protect\n|move|p1b: Sandy Shocks|Earth Power|p2b: Iron Hands\n|-supereffective|p2b: Iron Hands\n|-damage|p2b: Iron Hands|41\/100\n|-damage|p1b: Sandy Shocks|76\/100|[from] item: Life Orb\n|move|p2b: Iron Hands|Earthquake|p1a: Iron Hands|[spread] p1a,p1b\n|-activate|p2a: Golem|move: Protect\n|-supereffective|p1a: Iron Hands\n|-supereffective|p1b: Sandy Shocks\n|-damage|p1a: Iron Hands|69\/100\n|-damage|p1b: Sandy Shocks|22\/100\n|move|p1a: Iron Hands|Drain Punch|p2b: Iron Hands\n|-damage|p2b: Iron Hands|15\/100\n|-heal|p1a: Iron Hands|82\/100|[from] drain|[of] p2b: Iron Hands\n|\n|-heal|p1a: Iron Hands|88\/100|[from] item: Leftovers\n|upkeep\n|turn|3\n|\n|t:|1697388837\n|-end|p2b: Iron Hands|Quark Drive|[silent]\n|switch|p2b: Zapdos|Zapdos|100\/100\n|switch|p2a: Thundurus|Thundurus-Therian, M|100\/100\n|move|p1b: Sandy Shocks|Power Gem|p2b: Zapdos\n|-supereffective|p2b: Zapdos\n|-damage|p2b: Zapdos|29\/100\n|-damage|p1b: Sandy Shocks|12\/100|[from] item: Life Orb\n|move|p1a: Iron Hands|Drain Punch|p2a: Thundurus\n|-resisted|p2a: Thundurus\n|-damage|p2a: Thundurus|64\/100\n|-heal|p1a: Iron Hands|99\/100|[from] drain|[of] p2a: Thundurus\n|\n|-heal|p1a: Iron Hands|100\/100|[from] item: Leftovers\n|upkeep\n|turn|4\n|\n|t:|1697388854\n|move|p1b: Sandy Shocks|Protect|p1b: Sandy Shocks\n|-singleturn|p1b: Sandy Shocks|Protect\n|move|p2a: Thundurus|Hidden Power|p1b: Sandy Shocks\n|-activate|p1b: Sandy Shocks|move: Protect\n|move|p2b: Zapdos|Toxic|p1a: Iron Hands\n|-status|p1a: Iron Hands|tox\n|move|p1a: Iron Hands|Drain Punch|p2b: Zapdos\n|-resisted|p2b: Zapdos\n|-crit|p2b: Zapdos\n|-damage|p2b: Zapdos|6\/100\n|\n|-damage|p1a: Iron Hands|94\/100 tox|[from] psn\n|upkeep\n|turn|5\n|\n|t:|1697388870\n|move|p1b: Sandy Shocks|Power Gem|p2a: Thundurus\n|-supereffective|p2a: Thundurus\n|-damage|p2a: Thundurus|0 fnt\n|faint|p2a: Thundurus\n|-damage|p1b: Sandy Shocks|2\/100|[from] item: Life Orb\n|move|p2b: Zapdos|Roost|p2b: Zapdos\n|-heal|p2b: Zapdos|56\/100\n|-singleturn|p2b: Zapdos|move: Roost\n|move|p1a: Iron Hands|Drain Punch|p2b: Zapdos\n|-damage|p2b: Zapdos|24\/100\n|-heal|p1a: Iron Hands|100\/100 tox|[from] drain|[of] p2b: Zapdos\n|\n|-damage|p1a: Iron Hands|88\/100 tox|[from] psn\n|upkeep\n|\n|t:|1697388882\n|switch|p2a: Iron Hands|Iron Hands|15\/100\n|turn|6\n|\n|t:|1697388903\n|move|p2a: Iron Hands|Fake Out|p1a: Iron Hands\n|-damage|p1a: Iron Hands|79\/100 tox\n|move|p1b: Sandy Shocks|Power Gem|p2b: Zapdos\n|-supereffective|p2b: Zapdos\n|-damage|p2b: Zapdos|0 fnt\n|faint|p2b: Zapdos\n|-damage|p1b: Sandy Shocks|0 fnt|[from] item: Life Orb\n|faint|p1b: Sandy Shocks\n|-end|p1b: Sandy Shocks|Protosynthesis|[silent]\n|cant|p1a: Iron Hands|flinch\n|\n|-heal|p1a: Iron Hands|85\/100 tox|[from] item: Leftovers\n|-damage|p1a: Iron Hands|66\/100 tox|[from] psn\n|upkeep\n|\n|t:|1697388914\n|switch|p1b: Manectric|Manectric, M|100\/100\n|switch|p2b: Sandy Shocks|Sandy Shocks|100\/100\n|turn|7\n|\n|t:|1697388921\n|-end|p2a: Iron Hands|Quark Drive|[silent]\n|switch|p2a: Golem|Golem-Alola, F|94\/100\n|detailschange|p1b: Manectric|Manectric-Mega, M\n|-mega|p1b: Manectric|Manectric|Manectite\n|-ability|p1b: Manectric|Intimidate|boost\n|-unboost|p2a: Golem|atk|1\n|-unboost|p2b: Sandy Shocks|atk|1\n|move|p1b: Manectric|Protect|p1b: Manectric\n|-singleturn|p1b: Manectric|Protect\n|move|p2b: Sandy Shocks|Protect|p2b: Sandy Shocks\n|-singleturn|p2b: Sandy Shocks|Protect\n|move|p1a: Iron Hands|Earthquake|p2b: Sandy Shocks|[spread] p2a\n|-activate|p1b: Manectric|move: Protect\n|-activate|p2b: Sandy Shocks|move: Protect\n|-supereffective|p2a: Golem\n|-damage|p2a: Golem|0 fnt\n|faint|p2a: Golem\n|\n|-heal|p1a: Iron Hands|72\/100 tox|[from] item: Leftovers\n|-damage|p1a: Iron Hands|48\/100 tox|[from] psn\n|upkeep\n|\n|t:|1697388924\n|switch|p2a: Iron Hands|Iron Hands|15\/100\n|turn|8\n|\n|t:|1697388953\n|move|p2a: Iron Hands|Fake Out|p1a: Iron Hands\n|-damage|p1a: Iron Hands|39\/100 tox\n|move|p1b: Manectric|Hyper Voice|p2a: Iron Hands|[spread] p2a,p2b\n|-crit|p2b: Sandy Shocks\n|-damage|p2a: Iron Hands|2\/100\n|-damage|p2b: Sandy Shocks|57\/100\n|move|p2b: Sandy Shocks|Earth Power|p1b: Manectric\n|-supereffective|p1b: Manectric\n|-damage|p1b: Manectric|0 fnt\n|faint|p1b: Manectric\n|-damage|p2b: Sandy Shocks|47\/100|[from] item: Life Orb\n|cant|p1a: Iron Hands|flinch\n|\n|-heal|p1a: Iron Hands|46\/100 tox|[from] item: Leftovers\n|-damage|p1a: Iron Hands|14\/100 tox|[from] psn\n|upkeep\n|\n|t:|1697388966\n|switch|p1b: Thundurus|Thundurus, M|100\/100\n|turn|9\n|\n|t:|1697388970\n|-end|p2a: Iron Hands|Quark Drive|[silent]\n|switch|p2a: Tapu Koko|Tapu Koko|100\/100\n|-fieldstart|move: Electric Terrain|[from] ability: Electric Surge|[of] p2a: Tapu Koko\n|-activate|p1a: Iron Hands|ability: Quark Drive\n|-start|p1a: Iron Hands|quarkdriveatk\n|-end|p1a: Iron Hands|Quark Drive|[silent]\n|switch|p1a: Pachirisu|Pachirisu, M|100\/100\n|move|p2b: Sandy Shocks|Protect|p2b: Sandy Shocks\n|-singleturn|p2b: Sandy Shocks|Protect\n|move|p1b: Thundurus|Snarl|p2b: Sandy Shocks|[spread] p2a\n|-activate|p2b: Sandy Shocks|move: Protect\n|-resisted|p2a: Tapu Koko\n|-damage|p2a: Tapu Koko|91\/100\n|-unboost|p2a: Tapu Koko|spa|1\n|\n|upkeep\n|turn|10\n|\n|t:|1697388989\n|move|p1a: Pachirisu|Follow Me|p1a: Pachirisu\n|-singleturn|p1a: Pachirisu|move: Follow Me\n|move|p2a: Tapu Koko|Light Screen|p2a: Tapu Koko\n|-sidestart|p2: s.daninja|move: Light Screen\n|move|p2b: Sandy Shocks|Power Gem|p1a: Pachirisu\n|-damage|p1a: Pachirisu|60\/100\n|-damage|p2b: Sandy Shocks|37\/100|[from] item: Life Orb\n|move|p1b: Thundurus|Snarl|p2a: Tapu Koko|[spread] p2a,p2b\n|-resisted|p2a: Tapu Koko\n|-damage|p2a: Tapu Koko|85\/100\n|-damage|p2b: Sandy Shocks|24\/100\n|-unboost|p2a: Tapu Koko|spa|1\n|-unboost|p2b: Sandy Shocks|spa|1\n|\n|upkeep\n|turn|11\n|\n|t:|1697389041\n|switch|p2a: Iron Hands|Iron Hands|2\/100\n|-activate|p2a: Iron Hands|ability: Quark Drive\n|-start|p2a: Iron Hands|quarkdriveatk\n|move|p2b: Sandy Shocks|Protect|p2b: Sandy Shocks\n|-singleturn|p2b: Sandy Shocks|Protect\n|move|p1a: Pachirisu|Follow Me|p1a: Pachirisu\n|-singleturn|p1a: Pachirisu|move: Follow Me\n|move|p1b: Thundurus|Snarl|p2a: Iron Hands|[spread] p2a\n|-activate|p2b: Sandy Shocks|move: Protect\n|-resisted|p2a: Iron Hands\n|-damage|p2a: Iron Hands|0 fnt\n|faint|p2a: Iron Hands\n|-end|p2a: Iron Hands|Quark Drive|[silent]\n|\n|upkeep\n|\n|t:|1697389043\n|switch|p2a: Tapu Koko|Tapu Koko|85\/100\n|turn|12\n|\n|t:|1697389056\n|move|p1a: Pachirisu|Follow Me|p1a: Pachirisu\n|-singleturn|p1a: Pachirisu|move: Follow Me\n|move|p2a: Tapu Koko|Nature's Madness|p1a: Pachirisu\n|-damage|p1a: Pachirisu|30\/100\n|-enditem|p1a: Pachirisu|Sitrus Berry|[eat]\n|-heal|p1a: Pachirisu|55\/100|[from] item: Sitrus Berry\n|move|p2b: Sandy Shocks|Earth Power|p1a: Pachirisu\n|-supereffective|p1a: Pachirisu\n|-damage|p1a: Pachirisu|0 fnt\n|faint|p1a: Pachirisu\n|-damage|p2b: Sandy Shocks|14\/100|[from] item: Life Orb\n|move|p1b: Thundurus|Snarl|p2a: Tapu Koko|[spread] p2a,p2b\n|-resisted|p2a: Tapu Koko\n|-damage|p2a: Tapu Koko|80\/100\n|-damage|p2b: Sandy Shocks|3\/100\n|-unboost|p2a: Tapu Koko|spa|1\n|-unboost|p2b: Sandy Shocks|spa|1\n|\n|upkeep\n|c|\u2606s.daninja|Pues bieb ya te sabias todo xd\n|\n|t:|1697389066\n|switch|p1a: Iron Hands|Iron Hands|14\/100 tox\n|-activate|p1a: Iron Hands|ability: Quark Drive\n|-start|p1a: Iron Hands|quarkdriveatk\n|turn|13\n|c|\u2606Elin Baecil|La clave estaba en en p\u00e1jaro ese\n|c|\u2606s.daninja|Mas o menos podriamos decir que si\n|c|\u2606Elin Baecil|No pod\u00eda hacer mucho, solo bajar el ataque y aumentar la velocidad\n|\n|t:|1697389118\n|move|p2b: Sandy Shocks|Protect|p2b: Sandy Shocks\n|-singleturn|p2b: Sandy Shocks|Protect\n|move|p1a: Iron Hands|Fake Out|p2a: Tapu Koko\n|-damage|p2a: Tapu Koko|55\/100\n|cant|p2a: Tapu Koko|flinch\n|move|p1b: Thundurus|Snarl|p2a: Tapu Koko|[spread] p2a\n|-activate|p2b: Sandy Shocks|move: Protect\n|-resisted|p2a: Tapu Koko\n|-damage|p2a: Tapu Koko|49\/100\n|-unboost|p2a: Tapu Koko|spa|1\n|\n|-heal|p1a: Iron Hands|21\/100 tox|[from] item: Leftovers\n|-damage|p1a: Iron Hands|14\/100 tox|[from] psn\n|-fieldend|move: Electric Terrain\n|-end|p1a: Iron Hands|Quark Drive\n|upkeep\n|turn|14\n|c|\u2606s.daninja|En fin ya esta perdida bien hecho elin baecil\n|\n|t:|1697389136\n|move|p2a: Tapu Koko|Nature's Madness|p1b: Thundurus\n|-damage|p1b: Thundurus|50\/100\n|move|p2b: Sandy Shocks|Power Gem|p1b: Thundurus\n|-supereffective|p1b: Thundurus\n|-damage|p1b: Thundurus|6\/100\n|-damage|p2b: Sandy Shocks|0 fnt|[from] item: Life Orb\n|faint|p2b: Sandy Shocks\n|-end|p2b: Sandy Shocks|Protosynthesis|[silent]\n|move|p1b: Thundurus|Snarl|p2a: Tapu Koko\n|-resisted|p2a: Tapu Koko\n|-damage|p2a: Tapu Koko|41\/100\n|-unboost|p2a: Tapu Koko|spa|1\n|move|p1a: Iron Hands|Earthquake|p2a: Tapu Koko|[spread] p2a\n|-immune|p1b: Thundurus\n|-supereffective|p2a: Tapu Koko\n|-damage|p2a: Tapu Koko|0 fnt\n|faint|p2a: Tapu Koko\n|\n|win|Elin Baecil\n|c|\u2606Elin Baecil|Pepepe\n|c|\u2606Elin Baecil|Entonces cambio al p\u00e1jaro\u00a1\n|l|\u2606s.daninja\n|l|\u2606Elin Baecil\n|j|\u2606Elin Baecil\n|player|p1|Elin Baecil|leon-masters\n","uploadtime":1697389261,"views":9,"p1id":"elinbaecil","p2id":"sdaninja","formatid":"gen9nationaldexdoubles","rating":0,"private":0,"password":""}