{"id":"gen9nationaldexdoubles-1950879378","p1":"Vixen 4 Life","p2":"MathHacker","format":"[Gen 9] National Dex Doubles","log":"|j|\u2606Vixen 4 Life\n|j|\u2606MathHacker\n|t:|1695515343\n|gametype|doubles\n|player|p1|Vixen 4 Life|penny|1364\n|player|p2|MathHacker|richboy-gen4|1395\n|teamsize|p1|6\n|teamsize|p2|6\n|gen|9\n|tier|[Gen 9] National Dex Doubles\n|rated|\n|rule|HP Percentage Mod: HP is shown in percentages\n|rule|Endless Battle Clause: Forcing endless battles is banned\n|rule|OHKO Clause: OHKO moves are banned\n|rule|Evasion Moves Clause: Evasion moves are banned\n|rule|Evasion Abilities Clause: Evasion abilities are banned\n|rule|Species Clause: Limit one of each Pok\u00e9mon\n|rule|Gravity Sleep Clause: The combination of sleep-inducing moves with imperfect accuracy and Gravity or Gigantamax Orbeetle are banned\n|clearpoke\n|poke|p1|Okidogi, M|\n|poke|p1|Roaring Moon|\n|poke|p1|Rillaboom, F|\n|poke|p1|Chien-Pao|\n|poke|p1|Gholdengo|\n|poke|p1|Gyarados, M|\n|poke|p2|Shuckle, F|\n|poke|p2|Pelipper, M|\n|poke|p2|Cresselia, F|\n|poke|p2|Torkoal, F|\n|poke|p2|Oranguru, M|\n|poke|p2|Ursaluna, F|\n|teampreview\n|c|\u2606Vixen 4 Life|We meet again\n|\n|t:|1695515372\n|start\n|switch|p1a: Roaring Moon|Roaring Moon|100\/100\n|switch|p1b: Rillaboom|Rillaboom, F|100\/100\n|switch|p2a: Shucky|Shuckle, F, shiny|100\/100\n|switch|p2b: munke|Oranguru, M|100\/100\n|-fieldstart|move: Grassy Terrain|[from] ability: Grassy Surge|[of] p1b: Rillaboom\n|-enditem|p1a: Roaring Moon|Booster Energy\n|-activate|p1a: Roaring Moon|ability: Protosynthesis|[fromitem]\n|-start|p1a: Roaring Moon|protosynthesisspe\n|turn|1\n|c|\u2606MathHacker|apparently\n|\n|t:|1695515415\n|move|p2a: Shucky|Protect|p2a: Shucky\n|-singleturn|p2a: Shucky|Protect\n|move|p1a: Roaring Moon|Knock Off|p2b: munke\n|-supereffective|p2b: munke\n|-damage|p2b: munke|13\/100\n|-enditem|p2b: munke|Mental Herb|[from] move: Knock Off|[of] p1a: Roaring Moon\n|move|p1b: Rillaboom|U-turn|p2b: munke\n|-supereffective|p2b: munke\n|-damage|p2b: munke|0 fnt\n|faint|p2b: munke\n|\n|t:|1695515426\n|switch|p1b: Okidogi|Okidogi, M|100\/100|[from] U-turn\n|\n|upkeep\n|\n|t:|1695515436\n|switch|p2b: Cresselia|Cresselia, F|100\/100\n|turn|2\n|\n|t:|1695515447\n|move|p1a: Roaring Moon|Knock Off|p2b: Cresselia\n|-supereffective|p2b: Cresselia\n|-damage|p2b: Cresselia|37\/100\n|-enditem|p2b: Cresselia|Leftovers|[from] move: Knock Off|[of] p1a: Roaring Moon\n|move|p1b: Okidogi|Bulk Up|p1b: Okidogi\n|-boost|p1b: Okidogi|atk|1\n|-boost|p1b: Okidogi|def|1\n|move|p2a: Shucky|Power Trick|p2a: Shucky\n|-start|p2a: Shucky|Power Trick\n|move|p2b: Cresselia|Trick Room|p2b: Cresselia\n|-fieldstart|move: Trick Room|[of] p2b: Cresselia\n|\n|upkeep\n|turn|3\n|\n|t:|1695515466\n|move|p2b: Cresselia|Helping Hand|p2a: Shucky\n|-singleturn|p2a: Shucky|Helping Hand|[of] p2b: Cresselia\n|move|p2a: Shucky|Gyro Ball|p1b: Okidogi\n|-damage|p1b: Okidogi|31\/100\n|move|p1b: Okidogi|Drain Punch|p2a: Shucky\n|-ability|p2a: Shucky|Sturdy\n|-damage|p2a: Shucky|1\/100\n|-heal|p1b: Okidogi|63\/100|[from] drain|[of] p2a: Shucky\n|move|p1a: Roaring Moon|Knock Off|p2b: Cresselia\n|-supereffective|p2b: Cresselia\n|-damage|p2b: Cresselia|0 fnt\n|faint|p2b: Cresselia\n|\n|-heal|p2a: Shucky|7\/100|[from] Grassy Terrain\n|-heal|p1b: Okidogi|69\/100|[from] Grassy Terrain\n|-heal|p1b: Okidogi|75\/100|[from] item: Leftovers\n|upkeep\n|\n|t:|1695515499\n|switch|p2b: Yertle|Torkoal, F|100\/100\n|-weather|SunnyDay|[from] ability: Drought|[of] p2b: Yertle\n|turn|4\n|\n|t:|1695515507\n|move|p1b: Okidogi|Protect|p1b: Okidogi\n|-singleturn|p1b: Okidogi|Protect\n|move|p2a: Shucky|Rock Slide|p1a: Roaring Moon|[spread] p1a\n|-activate|p1b: Okidogi|move: Protect\n|-damage|p1a: Roaring Moon|37\/100\n|-heal|p2a: Shucky|19\/100|[from] item: Shell Bell|[of] p1b: Okidogi\n|move|p2b: Yertle|Eruption|p1b: Okidogi|[spread] p1a\n|-activate|p1b: Okidogi|move: Protect\n|-resisted|p1a: Roaring Moon\n|-crit|p1a: Roaring Moon\n|-damage|p1a: Roaring Moon|0 fnt\n|faint|p1a: Roaring Moon\n|-end|p1a: Roaring Moon|Protosynthesis|[silent]\n|\n|-weather|SunnyDay|[upkeep]\n|-heal|p2a: Shucky|25\/100|[from] Grassy Terrain\n|-heal|p1b: Okidogi|81\/100|[from] Grassy Terrain\n|-heal|p1b: Okidogi|87\/100|[from] item: Leftovers\n|upkeep\n|\n|t:|1695515524\n|switch|p1a: Rillaboom|Rillaboom, F|100\/100\n|turn|5\n|\n|t:|1695515542\n|-terastallize|p2b: Yertle|Fire\n|move|p2a: Shucky|Protect|p2a: Shucky\n|-singleturn|p2a: Shucky|Protect\n|move|p1a: Rillaboom|Fake Out|p2b: Yertle\n|-damage|p2b: Yertle|86\/100\n|cant|p2b: Yertle|flinch\n|move|p1b: Okidogi|Drain Punch|p2a: Shucky\n|-activate|p2a: Shucky|move: Protect\n|\n|-weather|SunnyDay|[upkeep]\n|-heal|p2a: Shucky|31\/100|[from] Grassy Terrain\n|-heal|p2b: Yertle|92\/100|[from] Grassy Terrain\n|-heal|p1b: Okidogi|93\/100|[from] Grassy Terrain\n|-heal|p1b: Okidogi|99\/100|[from] item: Leftovers\n|-fieldend|move: Grassy Terrain\n|upkeep\n|turn|6\n|\n|t:|1695515588\n|-terastallize|p1a: Rillaboom|Water\n|move|p1b: Okidogi|Protect|p1b: Okidogi\n|-singleturn|p1b: Okidogi|Protect\n|move|p2a: Shucky|Gyro Ball|p1b: Okidogi\n|-activate|p1b: Okidogi|move: Protect\n|move|p2b: Yertle|Eruption|p1a: Rillaboom|[spread] p1a\n|-activate|p1b: Okidogi|move: Protect\n|-resisted|p1a: Rillaboom\n|-damage|p1a: Rillaboom|66\/100\n|move|p1a: Rillaboom|U-turn|p2b: Yertle\n|-resisted|p2b: Yertle\n|-damage|p2b: Yertle|81\/100\n|\n|t:|1695515602\n|switch|p1a: Gyarados|Gyarados, M|100\/100|[from] U-turn\n|-ability|p1a: Gyarados|Intimidate|boost\n|-unboost|p2a: Shucky|atk|1\n|-unboost|p2b: Yertle|atk|1\n|\n|-weather|SunnyDay|[upkeep]\n|-heal|p1b: Okidogi|100\/100|[from] item: Leftovers\n|-fieldend|move: Trick Room\n|upkeep\n|turn|7\n|\n|t:|1695515624\n|move|p1a: Gyarados|Waterfall|p2b: Yertle\n|-supereffective|p2b: Yertle\n|-damage|p2b: Yertle|47\/100\n|move|p1b: Okidogi|Bulk Up|p1b: Okidogi\n|-boost|p1b: Okidogi|atk|1\n|-boost|p1b: Okidogi|def|1\n|move|p2b: Yertle|Eruption|p1b: Okidogi|[spread] p1a,p1b\n|-resisted|p1a: Gyarados\n|-damage|p1a: Gyarados|82\/100\n|-damage|p1b: Okidogi|57\/100\n|move|p2a: Shucky|Rock Slide|p1a: Gyarados|[spread] p1b\n|-miss|p2a: Shucky|p1a: Gyarados\n|-resisted|p1b: Okidogi\n|-damage|p1b: Okidogi|51\/100\n|-heal|p2a: Shucky|32\/100|[from] item: Shell Bell|[of] p1b: Okidogi\n|\n|-weather|SunnyDay|[upkeep]\n|-heal|p1b: Okidogi|57\/100|[from] item: Leftovers\n|upkeep\n|turn|8\n|\n|t:|1695515654\n|move|p1a: Gyarados|Waterfall|p2a: Shucky\n|-supereffective|p2a: Shucky\n|-crit|p2a: Shucky\n|-damage|p2a: Shucky|0 fnt\n|faint|p2a: Shucky\n|move|p1b: Okidogi|Drain Punch|p2b: Yertle\n|-damage|p2b: Yertle|0 fnt\n|-heal|p1b: Okidogi|74\/100|[from] drain|[of] p2b: Yertle\n|faint|p2b: Yertle\n|\n|-weather|none\n|-heal|p1b: Okidogi|80\/100|[from] item: Leftovers\n|upkeep\n|\n|t:|1695515665\n|switch|p2b: Pelipper|Pelipper, M|100\/100\n|switch|p2a: ber|Ursaluna, F|100\/100\n|-weather|RainDance|[from] ability: Drizzle|[of] p2b: Pelipper\n|turn|9\n|\n|t:|1695515685\n|move|p1b: Okidogi|Protect|p1b: Okidogi\n|-singleturn|p1b: Okidogi|Protect\n|move|p2a: ber|Protect|p2a: ber\n|-singleturn|p2a: ber|Protect\n|move|p1a: Gyarados|Thunder Wave|p2b: Pelipper\n|-status|p2b: Pelipper|par\n|move|p2b: Pelipper|Surf|p1b: Okidogi|[spread] p1a\n|-activate|p2a: ber|move: Protect\n|-activate|p1b: Okidogi|move: Protect\n|-resisted|p1a: Gyarados\n|-damage|p1a: Gyarados|63\/100\n|\n|-weather|RainDance|[upkeep]\n|-heal|p1b: Okidogi|86\/100|[from] item: Leftovers\n|-status|p2a: ber|brn|[from] item: Flame Orb\n|upkeep\n|turn|10\n|j| Mirrza\n|\n|t:|1695515705\n|move|p1a: Gyarados|Waterfall|p2a: ber\n|-supereffective|p2a: ber\n|-damage|p2a: ber|0 fnt\n|faint|p2a: ber\n|move|p1b: Okidogi|Drain Punch|p2b: Pelipper\n|-resisted|p2b: Pelipper\n|-damage|p2b: Pelipper|61\/100 par\n|-heal|p1b: Okidogi|100\/100|[from] drain|[of] p2b: Pelipper\n|move|p2b: Pelipper|Hurricane|p1b: Okidogi\n|-supereffective|p1b: Okidogi\n|-damage|p1b: Okidogi|4\/100\n|-start|p1b: Okidogi|confusion\n|\n|-weather|RainDance|[upkeep]\n|-heal|p1b: Okidogi|10\/100|[from] item: Leftovers\n|upkeep\n|turn|11\n|\n|t:|1695515722\n|-activate|p1b: Okidogi|confusion\n|move|p1b: Okidogi|Protect|p1b: Okidogi\n|-singleturn|p1b: Okidogi|Protect\n|move|p1a: Gyarados|Waterfall|p2b: Pelipper\n|-resisted|p2b: Pelipper\n|-damage|p2b: Pelipper|27\/100 par\n|move|p2b: Pelipper|Surf|p1a: Gyarados|[spread] p1a\n|-activate|p1b: Okidogi|move: Protect\n|-resisted|p1a: Gyarados\n|-damage|p1a: Gyarados|45\/100\n|\n|-weather|RainDance|[upkeep]\n|-heal|p1b: Okidogi|16\/100|[from] item: Leftovers\n|upkeep\n|turn|12\n|c|\u2606MathHacker|I believe in peliper\n|c|\u2606Vixen 4 Life|Gg\n|\n|t:|1695515735\n|move|p1a: Gyarados|Waterfall|p2b: Pelipper\n|-resisted|p2b: Pelipper\n|-damage|p2b: Pelipper|0 fnt\n|faint|p2b: Pelipper\n|\n|win|Vixen 4 Life\n|raw|Vixen 4 Life's rating: 1364 &rarr; <strong>1386<\/strong><br \/>(+22 for winning)\n|raw|MathHacker's rating: 1395 &rarr; <strong>1373<\/strong><br \/>(-22 for losing)\n|c|\u2606MathHacker|gg\n|l|\u2606MathHacker\n|c|\u2606Vixen 4 Life|You have a pretty cool trick room team\n","uploadtime":1695515767,"views":16,"p1id":"vixen4life","p2id":"mathhacker","formatid":"gen9nationaldexdoubles","rating":1373,"private":0,"password":""}