{"id":"gen9nationaldexdoubles-1980667741","p1":"AsumaToki","p2":"James is suipid","format":"[Gen 9] National Dex Doubles","log":"|j|\u2606AsumaToki\n|j|\u2606James is suipid\n|t:|1698810146\n|gametype|doubles\n|player|p1|AsumaToki|caitlin|1161\n|player|p2|James is suipid|unknown|1378\n|teamsize|p1|6\n|teamsize|p2|6\n|gen|9\n|tier|[Gen 9] National Dex Doubles\n|rated|\n|rule|HP Percentage Mod: HP is shown in percentages\n|rule|Endless Battle Clause: Forcing endless battles is banned\n|rule|OHKO Clause: OHKO moves are banned\n|rule|Evasion Moves Clause: Evasion moves are banned\n|rule|Evasion Abilities Clause: Evasion abilities are banned\n|rule|Species Clause: Limit one of each Pok\u00e9mon\n|rule|Gravity Sleep Clause: The combination of sleep-inducing moves with imperfect accuracy and Gravity or Gigantamax Orbeetle are banned\n|clearpoke\n|poke|p1|Dudunsparce-*, F|\n|poke|p1|Gardevoir, F|\n|poke|p1|Flamigo, F|\n|poke|p1|Maushold|\n|poke|p1|Gholdengo|\n|poke|p1|Grimmsnarl, M|\n|poke|p2|Zygarde|\n|poke|p2|Zamazenta-*|\n|poke|p2|Kangaskhan, F|\n|poke|p2|Flutter Mane|\n|poke|p2|Jirachi|\n|poke|p2|Glimmora, M|\n|teampreview\n|inactive|Battle timer is ON: inactive players will automatically lose when time's up. (requested by James is suipid)\n|inactive|AsumaToki has 120 seconds left.\n|\n|t:|1698810201\n|start\n|switch|p1a: Dudunsparce|Dudunsparce-Three-Segment, F, shiny|100\/100\n|switch|p1b: Maushold|Maushold, shiny|100\/100\n|switch|p2a: Kangaskhan|Kangaskhan, F|100\/100\n|switch|p2b: Glimmora|Glimmora, M|100\/100\n|turn|1\n|\n|t:|1698810221\n|detailschange|p2a: Kangaskhan|Kangaskhan-Mega, F\n|-mega|p2a: Kangaskhan|Kangaskhan|Kangaskhanite\n|-terastallize|p1a: Dudunsparce|Ghost\n|move|p2a: Kangaskhan|Fake Out|p1b: Maushold\n|-damage|p1b: Maushold|75\/100\n|-damage|p1b: Maushold|68\/100\n|-hitcount|p1b: Maushold|2\n|cant|p1b: Maushold|flinch\n|move|p2b: Glimmora|Mortal Spin|p1b: Maushold|[spread] p1a,p1b\n|-resisted|p1a: Dudunsparce\n|-damage|p1a: Dudunsparce|99\/100\n|-damage|p1b: Maushold|62\/100\n|-status|p1a: Dudunsparce|psn\n|-status|p1b: Maushold|psn\n|move|p1a: Dudunsparce|Coil|p1a: Dudunsparce\n|-boost|p1a: Dudunsparce|atk|1\n|-boost|p1a: Dudunsparce|def|1\n|-boost|p1a: Dudunsparce|accuracy|1\n|\n|-damage|p1b: Maushold|49\/100 psn|[from] psn\n|-damage|p1a: Dudunsparce|87\/100 psn|[from] psn\n|upkeep\n|turn|2\n|\n|t:|1698810247\n|move|p1b: Maushold|Beat Up|p1a: Dudunsparce\n|-supereffective|p1a: Dudunsparce\n|-damage|p1a: Dudunsparce|85\/100 psn\n|-ability|p1a: Dudunsparce|Rattled|boost\n|-boost|p1a: Dudunsparce|spe|1\n|-enditem|p1a: Dudunsparce|Weakness Policy\n|-boost|p1a: Dudunsparce|atk|2|[from] item: Weakness Policy\n|-boost|p1a: Dudunsparce|spa|2|[from] item: Weakness Policy\n|-supereffective|p1a: Dudunsparce\n|-damage|p1a: Dudunsparce|83\/100 psn\n|-ability|p1a: Dudunsparce|Rattled|boost\n|-boost|p1a: Dudunsparce|spe|1\n|-supereffective|p1a: Dudunsparce\n|-damage|p1a: Dudunsparce|82\/100 psn\n|-ability|p1a: Dudunsparce|Rattled|boost\n|-boost|p1a: Dudunsparce|spe|1\n|-supereffective|p1a: Dudunsparce\n|-damage|p1a: Dudunsparce|80\/100 psn\n|-ability|p1a: Dudunsparce|Rattled|boost\n|-boost|p1a: Dudunsparce|spe|1\n|-supereffective|p1a: Dudunsparce\n|-damage|p1a: Dudunsparce|78\/100 psn\n|-ability|p1a: Dudunsparce|Rattled|boost\n|-boost|p1a: Dudunsparce|spe|1\n|-hitcount|p1a: Dudunsparce|5\n|move|p1a: Dudunsparce|Coil|p1a: Dudunsparce\n|-boost|p1a: Dudunsparce|atk|1\n|-boost|p1a: Dudunsparce|def|1\n|-boost|p1a: Dudunsparce|accuracy|1\n|move|p2a: Kangaskhan|Power-Up Punch|p1b: Maushold\n|-supereffective|p1b: Maushold\n|-damage|p1b: Maushold|14\/100 psn\n|-boost|p2a: Kangaskhan|atk|1\n|-supereffective|p1b: Maushold\n|-damage|p1b: Maushold|0 fnt\n|-boost|p2a: Kangaskhan|atk|1\n|faint|p1b: Maushold\n|-hitcount|p1: Maushold|2\n|move|p2b: Glimmora|Stealth Rock|p1a: Dudunsparce\n|-sidestart|p1: AsumaToki|move: Stealth Rock\n|\n|-damage|p1a: Dudunsparce|65\/100 psn|[from] psn\n|upkeep\n|\n|t:|1698810255\n|switch|p1b: Grimmsnarl|Grimmsnarl, M, shiny|100\/100\n|-damage|p1b: Grimmsnarl|88\/100|[from] Stealth Rock\n|turn|3\n|inactive|James is suipid has 120 seconds left.\n|\n|t:|1698810285\n|move|p1b: Grimmsnarl|Reflect|p1b: Grimmsnarl\n|-sidestart|p1: AsumaToki|Reflect\n|move|p1a: Dudunsparce|Baton Pass|p1a: Dudunsparce\n|\n|t:|1698810289\n|switch|p1a: Gardevoir|Gardevoir, F, shiny|100\/100|[from] Baton Pass\n|-damage|p1a: Gardevoir|88\/100|[from] Stealth Rock\n|-ability|p1a: Gardevoir|Parental Bond|[from] ability: Trace|[of] p2a: Kangaskhan\n|move|p2a: Kangaskhan|Power-Up Punch|p1b: Grimmsnarl\n|-damage|p1b: Grimmsnarl|67\/100\n|-boost|p2a: Kangaskhan|atk|1\n|-damage|p1b: Grimmsnarl|61\/100\n|-boost|p2a: Kangaskhan|atk|1\n|-hitcount|p1b: Grimmsnarl|2\n|move|p2b: Glimmora|Power Gem|p1a: Gardevoir\n|-damage|p1a: Gardevoir|46\/100\n|\n|upkeep\n|turn|4\n|c|\u2606James is suipid|dear god\n|\n|t:|1698810321\n|detailschange|p1a: Gardevoir|Gardevoir-Mega, F, shiny\n|-mega|p1a: Gardevoir|Gardevoir|Gardevoirite\n|move|p1b: Grimmsnarl|Light Screen|p1b: Grimmsnarl\n|-sidestart|p1: AsumaToki|move: Light Screen\n|move|p1a: Gardevoir|Hyper Voice|p2a: Kangaskhan|[spread] p2a,p2b\n|-resisted|p2b: Glimmora\n|-damage|p2a: Kangaskhan|11\/100\n|-damage|p2b: Glimmora|28\/100\n|move|p2a: Kangaskhan|Power-Up Punch|p1b: Grimmsnarl\n|-damage|p1b: Grimmsnarl|30\/100\n|-boost|p2a: Kangaskhan|atk|1\n|-damage|p1b: Grimmsnarl|20\/100\n|-boost|p2a: Kangaskhan|atk|1\n|-hitcount|p1b: Grimmsnarl|2\n|move|p2b: Glimmora|Power Gem|p1a: Gardevoir\n|-damage|p1a: Gardevoir|20\/100\n|\n|upkeep\n|turn|5\n|\n|t:|1698810346\n|switch|p1b: Flamigo|Flamigo, F, shiny|100\/100\n|-copyboost|p1b: Flamigo|p1a: Gardevoir|[from] ability: Costar\n|move|p1a: Gardevoir|Hyper Voice|p2b: Glimmora|[spread] p2a,p2b\n|-resisted|p2b: Glimmora\n|-damage|p2a: Kangaskhan|0 fnt\n|-damage|p2b: Glimmora|0 fnt\n|faint|p2a: Kangaskhan\n|faint|p2b: Glimmora\n|\n|upkeep\n|\n|t:|1698810355\n|switch|p2a: Zygarde|Zygarde|100\/100\n|switch|p2b: Zamazenta|Zamazenta|100\/100\n|-ability|p2b: Zamazenta|Dauntless Shield|boost\n|-boost|p2b: Zamazenta|def|1\n|-ability|p2a: Zygarde|Aura Break\n|turn|6\n|\n|t:|1698810365\n|move|p2b: Zamazenta|Wide Guard|p2b: Zamazenta\n|-singleturn|p2b: Zamazenta|Wide Guard\n|move|p1a: Gardevoir|Hyper Voice|p2a: Zygarde|[spread] \n|-activate|p2a: Zygarde|move: Wide Guard\n|-activate|p2b: Zamazenta|move: Wide Guard\n|move|p1b: Flamigo|Substitute|p1b: Flamigo\n|-start|p1b: Flamigo|Substitute\n|-damage|p1b: Flamigo|76\/100\n|move|p2a: Zygarde|Dragon Dance|p2a: Zygarde\n|-boost|p2a: Zygarde|atk|1\n|-boost|p2a: Zygarde|spe|1\n|\n|upkeep\n|turn|7\n|\n|t:|1698810388\n|move|p2b: Zamazenta|Wide Guard|p2b: Zamazenta\n|-singleturn|p2b: Zamazenta|Wide Guard\n|move|p1a: Gardevoir|Stored Power|p2b: Zamazenta\n|-supereffective|p2b: Zamazenta\n|-damage|p2b: Zamazenta|0 fnt\n|faint|p2b: Zamazenta\n|move|p1b: Flamigo|Brave Bird|p2a: Zygarde\n|-damage|p2a: Zygarde|0 fnt\n|faint|p2a: Zygarde\n|-damage|p1b: Flamigo|35\/100|[from] Recoil\n|\n|upkeep\n|\n|t:|1698810397\n|switch|p2b: Jirachi|Jirachi|100\/100\n|switch|p2a: Flutter Mane|Flutter Mane|100\/100\n|-enditem|p2a: Flutter Mane|Booster Energy\n|-activate|p2a: Flutter Mane|ability: Protosynthesis|[fromitem]\n|-start|p2a: Flutter Mane|protosynthesisspe\n|turn|8\n|\n|t:|1698810422\n|move|p1a: Gardevoir|Stored Power|p2a: Flutter Mane\n|-damage|p2a: Flutter Mane|0 fnt\n|faint|p2a: Flutter Mane\n|-end|p2a: Flutter Mane|Protosynthesis|[silent]\n|move|p1b: Flamigo|Close Combat|p2b: Jirachi\n|-damage|p2b: Jirachi|0 fnt\n|-unboost|p1b: Flamigo|def|1\n|-unboost|p1b: Flamigo|spd|1\n|faint|p2b: Jirachi\n|\n|win|AsumaToki\n|raw|AsumaToki's rating: 1161 &rarr; <strong>1200<\/strong><br \/>(+39 for winning)\n|raw|James is suipid's rating: 1378 &rarr; <strong>1347<\/strong><br \/>(-31 for losing)\n|l|\u2606James is suipid\n","uploadtime":1698810437,"views":7,"p1id":"asumatoki","p2id":"jamesissuipid","formatid":"gen9nationaldexdoubles","rating":1200,"private":0,"password":""}