{"id":"gen9nationaldexdoubles-1985743598","p1":"ClawsStratz","p2":"Sharpiepen","format":"[Gen 9] National Dex Doubles","log":"|j|\u203dClawsStratz\n|j|\u2606Sharpiepen\n|t:|1699401559\n|gametype|doubles\n|player|p1|ClawsStratz|169|1000\n|player|p2|Sharpiepen|265|1212\n|teamsize|p1|6\n|teamsize|p2|6\n|gen|9\n|tier|[Gen 9] National Dex Doubles\n|rated|\n|rule|HP Percentage Mod: HP is shown in percentages\n|rule|Endless Battle Clause: Forcing endless battles is banned\n|rule|OHKO Clause: OHKO moves are banned\n|rule|Evasion Moves Clause: Evasion moves are banned\n|rule|Evasion Abilities Clause: Evasion abilities are banned\n|rule|Species Clause: Limit one of each Pok\u00e9mon\n|rule|Gravity Sleep Clause: The combination of sleep-inducing moves with imperfect accuracy and Gravity or Gigantamax Orbeetle are banned\n|clearpoke\n|poke|p1|Decidueye, M|\n|poke|p1|Sunflora, M|\n|poke|p1|Armarouge, M|\n|poke|p1|Ceruledge, F|\n|poke|p1|Palafin, F|\n|poke|p1|Alomomola, F|\n|poke|p2|Hippowdon, F|\n|poke|p2|Diancie|\n|poke|p2|Corviknight, M|\n|poke|p2|Tyranitar, F|\n|poke|p2|Camerupt, M|\n|poke|p2|Landorus, M|\n|teampreview\n|\n|t:|1699401572\n|start\n|switch|p1a: Palafin|Palafin, F|100\/100\n|switch|p1b: Alomomola|Alomomola, F, shiny|100\/100\n|switch|p2a: Tyranitar|Tyranitar, F|100\/100\n|switch|p2b: Diancie|Diancie|100\/100\n|-weather|Sandstorm|[from] ability: Sand Stream|[of] p2a: Tyranitar\n|turn|1\n|\n|t:|1699401583\n|detailschange|p2a: Tyranitar|Tyranitar-Mega, F\n|-mega|p2a: Tyranitar|Tyranitar|Tyranitarite\n|move|p1a: Palafin|Flip Turn|p2a: Tyranitar\n|-supereffective|p2a: Tyranitar\n|-damage|p2a: Tyranitar|71\/100\n|\n|t:|1699401589\n|detailschange|p1a: Palafin|Palafin-Hero, F\n|switch|p1a: Decidueye|Decidueye, M|100\/100|[from] Flip Turn\n|move|p1b: Alomomola|Flip Turn|p2b: Diancie\n|-supereffective|p2b: Diancie\n|-damage|p2b: Diancie|60\/100\n|\n|t:|1699401595\n|switch|p1b: Sunflora|Sunflora, M|100\/100|[from] Flip Turn\n|move|p2a: Tyranitar|Thunder Punch|p1b: Sunflora\n|-resisted|p1b: Sunflora\n|-damage|p1b: Sunflora|75\/100\n|move|p2b: Diancie|Trick Room|p2b: Diancie\n|-fieldstart|move: Trick Room|[of] p2b: Diancie\n|\n|-weather|Sandstorm|[upkeep]\n|-damage|p1b: Sunflora|68\/100|[from] Sandstorm\n|-damage|p1a: Decidueye|94\/100|[from] Sandstorm\n|upkeep\n|turn|2\n|\n|t:|1699401616\n|move|p2b: Diancie|Stealth Rock|p1b: Sunflora\n|-sidestart|p1: ClawsStratz|move: Stealth Rock\n|move|p2a: Tyranitar|Crunch|p1b: Sunflora\n|-damage|p1b: Sunflora|0 fnt\n|faint|p1b: Sunflora\n|-zpower|p1a: Decidueye\n|move|p1a: Decidueye|Sinister Arrow Raid|p2b: Diancie|[zeffect]\n|-damage|p2b: Diancie|0 fnt\n|faint|p2b: Diancie\n|\n|-weather|Sandstorm|[upkeep]\n|-damage|p1a: Decidueye|88\/100|[from] Sandstorm\n|upkeep\n|\n|t:|1699401637\n|switch|p2b: Corviknight|Corviknight, M|100\/100\n|switch|p1b: Ceruledge|Ceruledge, F, shiny|100\/100\n|-damage|p1b: Ceruledge|76\/100|[from] Stealth Rock\n|turn|3\n|\n|t:|1699401650\n|move|p2a: Tyranitar|Stone Edge|p1b: Ceruledge|[miss]\n|-miss|p2a: Tyranitar|p1b: Ceruledge\n|move|p2b: Corviknight|Brave Bird|p1a: Decidueye\n|-supereffective|p1a: Decidueye\n|-damage|p1a: Decidueye|0 fnt\n|faint|p1a: Decidueye\n|-damage|p2b: Corviknight|70\/100|[from] Recoil\n|move|p1b: Ceruledge|Bitter Blade|p2b: Corviknight\n|-supereffective|p2b: Corviknight\n|-damage|p2b: Corviknight|0 fnt\n|-heal|p1b: Ceruledge|100\/100|[from] drain|[of] p2b: Corviknight\n|faint|p2b: Corviknight\n|\n|-weather|Sandstorm|[upkeep]\n|-damage|p1b: Ceruledge|94\/100|[from] Sandstorm\n|upkeep\n|\n|t:|1699401667\n|switch|p2b: Landorus|Landorus, M|100\/100\n|switch|p1a: Armarouge|Armarouge, M, shiny|100\/100\n|-damage|p1a: Armarouge|76\/100|[from] Stealth Rock\n|turn|4\n|\n|t:|1699401684\n|move|p2a: Tyranitar|Crunch|p1b: Ceruledge\n|-supereffective|p1b: Ceruledge\n|-damage|p1b: Ceruledge|0 fnt\n|faint|p1b: Ceruledge\n|move|p1a: Armarouge|Aura Sphere|p2a: Tyranitar\n|-supereffective|p2a: Tyranitar\n|-damage|p2a: Tyranitar|0 fnt\n|faint|p2a: Tyranitar\n|move|p2b: Landorus|Earth Power|p1a: Armarouge\n|-supereffective|p1a: Armarouge\n|-damage|p1a: Armarouge|0 fnt\n|faint|p1a: Armarouge\n|\n|-weather|Sandstorm|[upkeep]\n|upkeep\n|\n|t:|1699401700\n|switch|p2a: Hippowdon|Hippowdon, F|100\/100\n|switch|p1a: Palafin|Palafin-Hero, F|100\/100\n|switch|p1b: Alomomola|Alomomola, F, shiny|100\/100\n|-damage|p1b: Alomomola|88\/100|[from] Stealth Rock\n|-damage|p1a: Palafin|88\/100|[from] Stealth Rock\n|-activate|p1a: Palafin|ability: Zero to Hero\n|turn|5\n|\n|t:|1699401714\n|move|p1a: Palafin|Jet Punch|p2b: Landorus\n|-supereffective|p2b: Landorus\n|-damage|p2b: Landorus|10\/100\n|move|p2a: Hippowdon|Body Press|p1a: Palafin\n|-damage|p1a: Palafin|62\/100\n|move|p1b: Alomomola|Heal Pulse|p1a: Palafin\n|-heal|p1a: Palafin|100\/100\n|move|p2b: Landorus|Earth Power|p1a: Palafin\n|-damage|p1a: Palafin|32\/100\n|\n|-weather|none\n|-fieldend|move: Trick Room\n|upkeep\n|turn|6\n|\n|t:|1699401736\n|move|p1a: Palafin|Jet Punch|p2a: Hippowdon\n|-supereffective|p2a: Hippowdon\n|-damage|p2a: Hippowdon|42\/100\n|move|p1b: Alomomola|Aqua Jet|p2b: Landorus\n|-supereffective|p2b: Landorus\n|-damage|p2b: Landorus|0 fnt\n|faint|p2b: Landorus\n|move|p2a: Hippowdon|Body Press|p1a: Palafin\n|-damage|p1a: Palafin|4\/100\n|\n|-heal|p2a: Hippowdon|48\/100|[from] item: Leftovers\n|upkeep\n|\n|t:|1699401744\n|switch|p2b: Camerupt|Camerupt, M|100\/100\n|turn|7\n|inactive|Battle timer is ON: inactive players will automatically lose when time's up. (requested by ClawsStratz)\n|l|\u2606Sharpiepen\n|inactive|Sharpiepen disconnected and has a minute to reconnect!\n|player|p2|\n|inactive|Sharpiepen has 30 seconds to reconnect!\n|inactive|Sharpiepen has 20 seconds to reconnect!\n|inactive|Sharpiepen has 15 seconds to reconnect!\n|inactive|Sharpiepen has 10 seconds to reconnect!\n|inactive|Sharpiepen has 5 seconds to reconnect!\n|-message|Sharpiepen lost due to inactivity.\n|\n|win|ClawsStratz\n|raw|ClawsStratz's rating: 1000 &rarr; <strong>1062<\/strong><br \/>(+62 for winning)\n|raw|Sharpiepen's rating: 1212 &rarr; <strong>1173<\/strong><br \/>(-39 for losing)\n","uploadtime":1699401896,"views":7,"p1id":"clawsstratz","p2id":"sharpiepen","formatid":"gen9nationaldexdoubles","rating":1062,"private":0,"password":""}