{"id":"gen9nationaldexdoubles-1987181744","p1":"cassndra","p2":"flairous2","format":"[Gen 9] National Dex Doubles","log":"|j|\u2606cassndra\n|j|\u2606flairous2\n|t:|1699562984\n|gametype|doubles\n|player|p1|cassndra|lisia|1005\n|player|p2|flairous2|169|1000\n|teamsize|p1|6\n|teamsize|p2|6\n|gen|9\n|tier|[Gen 9] National Dex Doubles\n|rated|\n|rule|HP Percentage Mod: HP is shown in percentages\n|rule|Endless Battle Clause: Forcing endless battles is banned\n|rule|OHKO Clause: OHKO moves are banned\n|rule|Evasion Moves Clause: Evasion moves are banned\n|rule|Evasion Abilities Clause: Evasion abilities are banned\n|rule|Species Clause: Limit one of each Pok\u00e9mon\n|rule|Gravity Sleep Clause: The combination of sleep-inducing moves with imperfect accuracy and Gravity or Gigantamax Orbeetle are banned\n|clearpoke\n|poke|p1|Pelipper, M|\n|poke|p1|Basculegion-F, F|\n|poke|p1|Volcanion|\n|poke|p1|Zapdos|\n|poke|p1|Gastrodon, M|\n|poke|p1|Floatzel, F|\n|poke|p2|Tauros, M|\n|poke|p2|Froslass, F|\n|poke|p2|Primeape, M|\n|poke|p2|Smeargle, M|\n|poke|p2|Krookodile, M|\n|poke|p2|Unfezant, F|\n|teampreview\n|\n|t:|1699563012\n|start\n|switch|p1a: Pelipper|Pelipper, M|100\/100\n|switch|p1b: Zapdos|Zapdos|100\/100\n|switch|p2a: Tauros|Tauros, M|100\/100\n|switch|p2b: Froslass|Froslass, F|100\/100\n|-weather|RainDance|[from] ability: Drizzle|[of] p1a: Pelipper\n|turn|1\n|c|\u2606cassndra|glhf\n|\n|t:|1699563042\n|move|p2b: Froslass|Taunt|p1a: Pelipper\n|-start|p1a: Pelipper|move: Taunt\n|move|p2a: Tauros|Earthquake|p1b: Zapdos|[spread] p2b\n|-immune|p1a: Pelipper\n|-immune|p1b: Zapdos\n|-damage|p2b: Froslass|70\/100\n|move|p1b: Zapdos|Thunder|p2b: Froslass\n|-damage|p2b: Froslass|0 fnt\n|faint|p2b: Froslass\n|move|p1a: Pelipper|Hurricane|p2a: Tauros\n|-damage|p2a: Tauros|40\/100\n|-start|p2a: Tauros|confusion\n|\n|-weather|RainDance|[upkeep]\n|-heal|p2a: Tauros|46\/100|[from] item: Leftovers\n|upkeep\n|\n|t:|1699563059\n|switch|p2b: Smeargle|Smeargle, M|100\/100\n|turn|2\n|\n|t:|1699563075\n|-activate|p2a: Tauros|confusion\n|move|p2a: Tauros|Protect|p2a: Tauros\n|-singleturn|p2a: Tauros|Protect\n|move|p2b: Smeargle|Follow Me|p2b: Smeargle\n|-singleturn|p2b: Smeargle|move: Follow Me\n|move|p1b: Zapdos|Thunder|p2b: Smeargle\n|-enditem|p2b: Smeargle|Focus Sash\n|-damage|p2b: Smeargle|1\/100\n|move|p1a: Pelipper|Surf|p2b: Smeargle|[spread] p1b,p2b\n|-activate|p2a: Tauros|move: Protect\n|-damage|p1b: Zapdos|68\/100\n|-damage|p2b: Smeargle|0 fnt\n|faint|p2b: Smeargle\n|\n|-weather|RainDance|[upkeep]\n|-heal|p2a: Tauros|52\/100|[from] item: Leftovers\n|upkeep\n|\n|t:|1699563091\n|switch|p2b: Unfezant|Unfezant, F|100\/100\n|turn|3\n|\n|t:|1699563116\n|-activate|p2a: Tauros|confusion\n|move|p2a: Tauros|Return|p1b: Zapdos\n|-damage|p1b: Zapdos|23\/100\n|move|p2b: Unfezant|Hypnosis|p1a: Pelipper|[miss]\n|-miss|p2b: Unfezant|p1a: Pelipper\n|move|p1b: Zapdos|Thunder|p2b: Unfezant\n|-supereffective|p2b: Unfezant\n|-damage|p2b: Unfezant|0 fnt\n|faint|p2b: Unfezant\n|move|p1a: Pelipper|Hurricane|p2a: Tauros\n|-damage|p2a: Tauros|0 fnt\n|faint|p2a: Tauros\n|\n|-weather|RainDance|[upkeep]\n|-end|p1a: Pelipper|move: Taunt\n|upkeep\n|\n|t:|1699563131\n|switch|p2a: Primeape|Primeape, M|100\/100\n|switch|p2b: Krookodile|Krookodile, M|100\/100\n|turn|4\n|\n|t:|1699563156\n|move|p2a: Primeape|Rock Slide|p1a: Pelipper|[spread] p1a,p1b\n|-supereffective|p1a: Pelipper\n|-supereffective|p1b: Zapdos\n|-crit|p1b: Zapdos\n|-damage|p1a: Pelipper|74\/100\n|-damage|p1b: Zapdos|0 fnt\n|faint|p1b: Zapdos\n|move|p2b: Krookodile|Rock Slide|p1a: Pelipper\n|-supereffective|p1a: Pelipper\n|-damage|p1a: Pelipper|37\/100\n|move|p1a: Pelipper|Surf|p2a: Primeape|[spread] p2a,p2b\n|-supereffective|p2b: Krookodile\n|-damage|p2a: Primeape|45\/100\n|-damage|p2b: Krookodile|14\/100\n|\n|-weather|RainDance|[upkeep]\n|upkeep\n|\n|t:|1699563181\n|switch|p1b: Basculegion|Basculegion-F, F|100\/100\n|turn|5\n|\n|t:|1699563195\n|move|p2a: Primeape|Endure|p2a: Primeape\n|-singleturn|p2a: Primeape|move: Endure\n|move|p1b: Basculegion|Ice Beam|p2b: Krookodile\n|-supereffective|p2b: Krookodile\n|-damage|p2b: Krookodile|0 fnt\n|faint|p2b: Krookodile\n|-damage|p1b: Basculegion|91\/100|[from] item: Life Orb\n|move|p1a: Pelipper|Hurricane|p2a: Primeape\n|-supereffective|p2a: Primeape\n|-activate|p2a: Primeape|move: Endure\n|-damage|p2a: Primeape|1\/100\n|-enditem|p2a: Primeape|Salac Berry|[eat]\n|-boost|p2a: Primeape|spe|1|[from] item: Salac Berry\n|\n|-weather|RainDance|[upkeep]\n|upkeep\n|turn|6\n|-message|flairous2 forfeited.\n|\n|win|cassndra\n|raw|cassndra's rating: 1005 &rarr; <strong>1044<\/strong><br \/>(+39 for winning)\n|raw|flairous2's rating: 1000 &rarr; <strong>1000<\/strong><br \/>(+0 for losing)\n|l|\u2606flairous2\n|c|\u2606cassndra|ggs\n","uploadtime":1699563244,"views":9,"p1id":"cassndra","p2id":"flairous2","formatid":"gen9nationaldexdoubles","rating":1000,"private":0,"password":""}