{"id":"gen9nationaldexdoubles-1990959499","p1":"AceCoyoteNK","p2":"blu88","format":"[Gen 9] National Dex Doubles","log":"|j|\u2606AceCoyoteNK\n|j|\u2606blu88\n|t:|1700019951\n|gametype|doubles\n|player|p1|AceCoyoteNK|clair|1119\n|player|p2|blu88|backpacker|1095\n|teamsize|p1|6\n|teamsize|p2|6\n|gen|9\n|tier|[Gen 9] National Dex Doubles\n|rated|\n|rule|HP Percentage Mod: HP is shown in percentages\n|rule|Endless Battle Clause: Forcing endless battles is banned\n|rule|OHKO Clause: OHKO moves are banned\n|rule|Evasion Moves Clause: Evasion moves are banned\n|rule|Evasion Abilities Clause: Evasion abilities are banned\n|rule|Species Clause: Limit one of each Pok\u00e9mon\n|rule|Gravity Sleep Clause: The combination of sleep-inducing moves with imperfect accuracy and Gravity or Gigantamax Orbeetle are banned\n|clearpoke\n|poke|p1|Kilowattrel, F|\n|poke|p1|Pelipper, M|\n|poke|p1|Goodra-Hisui, M|\n|poke|p1|Ninetales-Alola, M|\n|poke|p1|Iron Hands|\n|poke|p1|Amoonguss, F|\n|poke|p2|Swampert, M|\n|poke|p2|Lucario, F|\n|poke|p2|Salamence, M|\n|poke|p2|Aggron, M|\n|poke|p2|Amoonguss, M|\n|poke|p2|Dragapult, M|\n|teampreview\n|inactive|Battle timer is ON: inactive players will automatically lose when time's up. (requested by blu88)\n|inactive|AceCoyoteNK also wants the timer to be on.\n|\n|t:|1700019974\n|start\n|switch|p1a: Kilowattrel|Kilowattrel, F|100\/100\n|switch|p1b: Pelipper|Pelipper, M|100\/100\n|switch|p2a: Swampert|Swampert, M|100\/100\n|switch|p2b: Salamence|Salamence, M|100\/100\n|-weather|RainDance|[from] ability: Drizzle|[of] p1b: Pelipper\n|turn|1\n|\n|t:|1700019998\n|move|p2b: Salamence|Outrage|p1a: Kilowattrel\n|-damage|p1a: Kilowattrel|0 fnt\n|faint|p1a: Kilowattrel\n|-ability|p2b: Salamence|Moxie|boost\n|-boost|p2b: Salamence|atk|1\n|move|p1b: Pelipper|U-turn|p2a: Swampert\n|-damage|p2a: Swampert|92\/100\n|\n|t:|1700020007\n|switch|p1b: Amoonguss|Amoonguss, F|100\/100|[from] U-turn\n|move|p2a: Swampert|Stealth Rock|p1b: Amoonguss\n|-sidestart|p1: AceCoyoteNK|move: Stealth Rock\n|\n|-weather|RainDance|[upkeep]\n|-heal|p2a: Swampert|98\/100|[from] item: Leftovers\n|upkeep\n|\n|t:|1700020017\n|switch|p1a: Ninetales|Ninetales-Alola, M, shiny|100\/100\n|-damage|p1a: Ninetales|76\/100|[from] Stealth Rock\n|-weather|Snow|[from] ability: Snow Warning|[of] p1a: Ninetales\n|turn|2\n|\n|t:|1700020036\n|move|p2b: Salamence|Outrage|p1a: Ninetales|[from]lockedmove\n|-immune|p1a: Ninetales\n|-start|p2b: Salamence|confusion|[fatigue]\n|move|p1a: Ninetales|Blizzard|p2b: Salamence|[spread] p2a,p2b\n|-supereffective|p2b: Salamence\n|-damage|p2a: Swampert|63\/100\n|-damage|p2b: Salamence|0 fnt\n|-status|p2a: Swampert|frz\n|faint|p2b: Salamence\n|-damage|p1a: Ninetales|66\/100|[from] item: Life Orb\n|-curestatus|p2a: Swampert|frz|[msg]\n|move|p2a: Swampert|Earthquake|p1a: Ninetales|[spread] p1a,p1b\n|-damage|p1a: Ninetales|25\/100\n|-damage|p1b: Amoonguss|72\/100\n|-enditem|p1b: Amoonguss|Red Card|[of] p2a: Swampert\n|drag|p2a: Aggron|Aggron, M|100\/100\n|-item|p2a: Aggron|Air Balloon\n|move|p1b: Amoonguss|Pollen Puff|p1a: Ninetales\n|-heal|p1a: Ninetales|75\/100\n|\n|-weather|Snow|[upkeep]\n|upkeep\n|inactive|blu88 has 120 seconds left.\n|inactive|blu88 has 90 seconds left.\n|inactive|blu88 has 60 seconds left.\n|\n|t:|1700020128\n|switch|p2b: Lucario|Lucario, F|100\/100\n|turn|3\n|\n|t:|1700020140\n|detailschange|p2b: Lucario|Lucario-Mega, F\n|-mega|p2b: Lucario|Lucario|Lucarionite\n|-terastallize|p1a: Ninetales|Fire\n|-terastallize|p2a: Aggron|Steel\n|move|p1b: Amoonguss|Rage Powder|p1b: Amoonguss\n|-singleturn|p1b: Amoonguss|move: Rage Powder\n|move|p2b: Lucario|Meteor Mash|p1b: Amoonguss|[miss]\n|-miss|p2b: Lucario|p1b: Amoonguss\n|move|p1a: Ninetales|Tera Blast|p2b: Lucario|[anim] Tera Blast Fire\n|-supereffective|p2b: Lucario\n|-damage|p2b: Lucario|0 fnt\n|faint|p2b: Lucario\n|-damage|p1a: Ninetales|65\/100|[from] item: Life Orb\n|move|p2a: Aggron|Iron Defense|p2a: Aggron\n|-boost|p2a: Aggron|def|2\n|\n|-weather|Snow|[upkeep]\n|upkeep\n|inactive|blu88 has 60 seconds left.\n|\n|t:|1700020167\n|switch|p2b: Dragapult|Dragapult, M|100\/100\n|turn|4\n|\n|t:|1700020181\n|move|p1b: Amoonguss|Rage Powder|p1b: Amoonguss\n|-singleturn|p1b: Amoonguss|move: Rage Powder\n|move|p2b: Dragapult|Dragon Darts|p1b: Amoonguss\n|-damage|p1b: Amoonguss|52\/100\n|-anim|p2b: Dragapult|Dragon Darts|p1b: Amoonguss\n|-damage|p1b: Amoonguss|31\/100\n|move|p1a: Ninetales|Tera Blast|p2a: Aggron|[anim] Tera Blast Fire\n|-supereffective|p2a: Aggron\n|-ability|p2a: Aggron|Sturdy\n|-damage|p2a: Aggron|1\/100\n|-enditem|p2a: Aggron|Air Balloon\n|-damage|p1a: Ninetales|56\/100|[from] item: Life Orb\n|move|p2a: Aggron|Iron Defense|p2a: Aggron\n|-boost|p2a: Aggron|def|2\n|\n|-weather|Snow|[upkeep]\n|upkeep\n|turn|5\n|inactive|blu88 has 90 seconds left.\n|\n|t:|1700020199\n|move|p1b: Amoonguss|Rage Powder|p1b: Amoonguss\n|-singleturn|p1b: Amoonguss|move: Rage Powder\n|move|p2b: Dragapult|Dragon Darts|p1b: Amoonguss\n|-damage|p1b: Amoonguss|12\/100\n|-anim|p2b: Dragapult|Dragon Darts|p1b: Amoonguss\n|-damage|p1b: Amoonguss|0 fnt\n|faint|p1b: Amoonguss\n|move|p1a: Ninetales|Blizzard|p2b: Dragapult|[spread] p2a,p2b\n|-resisted|p2a: Aggron\n|-supereffective|p2b: Dragapult\n|-damage|p2a: Aggron|0 fnt\n|-damage|p2b: Dragapult|0 fnt\n|faint|p2a: Aggron\n|faint|p2b: Dragapult\n|-damage|p1a: Ninetales|46\/100|[from] item: Life Orb\n|\n|-weather|Snow|[upkeep]\n|upkeep\n|\n|t:|1700020218\n|switch|p2b: Amoonguss|Amoonguss, M|100\/100\n|switch|p2a: Swampert|Swampert, M|63\/100\n|switch|p1b: Iron Hands|Iron Hands|100\/100\n|-damage|p1b: Iron Hands|94\/100|[from] Stealth Rock\n|turn|6\n|\n|t:|1700020233\n|move|p1b: Iron Hands|Fake Out|p2b: Amoonguss\n|-damage|p2b: Amoonguss|83\/100\n|-damage|p1b: Iron Hands|78\/100|[from] item: Rocky Helmet|[of] p2b: Amoonguss\n|move|p1a: Ninetales|Freeze-Dry|p2a: Swampert\n|-supereffective|p2a: Swampert\n|-damage|p2a: Swampert|0 fnt\n|faint|p2a: Swampert\n|-damage|p1a: Ninetales|36\/100|[from] item: Life Orb\n|cant|p2b: Amoonguss|flinch\n|\n|-weather|none\n|upkeep\n|turn|7\n|inactive|blu88 has 120 seconds left.\n|\n|t:|1700020249\n|move|p1a: Ninetales|Freeze-Dry|p2b: Amoonguss\n|-supereffective|p2b: Amoonguss\n|-damage|p2b: Amoonguss|16\/100\n|-damage|p1a: Ninetales|26\/100|[from] item: Life Orb\n|move|p1b: Iron Hands|Ice Punch|p2b: Amoonguss\n|-supereffective|p2b: Amoonguss\n|-damage|p2b: Amoonguss|0 fnt\n|-damage|p1b: Iron Hands|61\/100|[from] item: Rocky Helmet|[of] p2b: Amoonguss\n|faint|p2b: Amoonguss\n|\n|win|AceCoyoteNK\n|raw|AceCoyoteNK's rating: 1119 &rarr; <strong>1142<\/strong><br \/>(+23 for winning)\n|raw|blu88's rating: 1095 &rarr; <strong>1072<\/strong><br \/>(-23 for losing)\n","uploadtime":1700020264,"views":5,"p1id":"acecoyotenk","p2id":"blu88","formatid":"gen9nationaldexdoubles","rating":1072,"private":0,"password":""}