{"id":"gen9nationaldexdoubles-1972059762","p1":"SuperZachattacka","p2":"Zingk","format":"[Gen 9] National Dex Doubles","log":"|j|\u2606SuperZachattacka\n|j|\u2606Zingk\n|t:|1697809381\n|gametype|doubles\n|player|p1|SuperZachattacka|swimmer-gen4|1324\n|player|p2|Zingk|swimmerf-gen4|1610\n|teamsize|p1|6\n|teamsize|p2|6\n|gen|9\n|tier|[Gen 9] National Dex Doubles\n|rated|\n|rule|HP Percentage Mod: HP is shown in percentages\n|rule|Endless Battle Clause: Forcing endless battles is banned\n|rule|OHKO Clause: OHKO moves are banned\n|rule|Evasion Moves Clause: Evasion moves are banned\n|rule|Evasion Abilities Clause: Evasion abilities are banned\n|rule|Species Clause: Limit one of each Pok\u00e9mon\n|rule|Gravity Sleep Clause: The combination of sleep-inducing moves with imperfect accuracy and Gravity or Gigantamax Orbeetle are banned\n|clearpoke\n|poke|p1|Bronzong|\n|poke|p1|Marowak-Alola, M|\n|poke|p1|Oranguru, F|\n|poke|p1|Dragalge, F|\n|poke|p1|Conkeldurr, F|\n|poke|p1|Dusknoir, M|\n|poke|p2|Sinistcha-Masterpiece|\n|poke|p2|Stakataka|\n|poke|p2|Okidogi, M|\n|poke|p2|Incineroar, F|\n|poke|p2|Palafin, M|\n|poke|p2|Ampharos, M|\n|teampreview\n|inactive|Battle timer is ON: inactive players will automatically lose when time's up. (requested by SuperZachattacka)\n|inactive|Zingk also wants the timer to be on.\n|\n|t:|1697809406\n|start\n|switch|p1a: Oranguru|Oranguru, F|100\/100\n|switch|p1b: Marowak|Marowak-Alola, M|100\/100\n|switch|p2a: Incineroar|Incineroar, F|100\/100\n|switch|p2b: Okidogi|Okidogi, M|100\/100\n|-ability|p2a: Incineroar|Intimidate|boost\n|-unboost|p1a: Oranguru|atk|1\n|-unboost|p1b: Marowak|atk|1\n|turn|1\n|\n|t:|1697809425\n|-terastallize|p2b: Okidogi|Dark\n|move|p1b: Marowak|Protect|p1b: Marowak\n|-singleturn|p1b: Marowak|Protect\n|move|p2b: Okidogi|Knock Off|p1a: Oranguru\n|-supereffective|p1a: Oranguru\n|-damage|p1a: Oranguru|0 fnt\n|-enditem|p1a: Oranguru|Thick Club|[from] move: Knock Off|[of] p2b: Okidogi\n|faint|p1a: Oranguru\n|move|p2a: Incineroar|Flare Blitz|p1b: Marowak\n|-activate|p1b: Marowak|move: Protect\n|\n|upkeep\n|\n|t:|1697809442\n|switch|p1a: Conkeldurr|Conkeldurr, F|100\/100\n|turn|2\n|\n|t:|1697809454\n|switch|p2b: Sinistcha|Sinistcha-Masterpiece|100\/100\n|move|p2a: Incineroar|Parting Shot|p1a: Conkeldurr\n|-unboost|p1a: Conkeldurr|atk|1\n|-unboost|p1a: Conkeldurr|spa|1\n|\n|t:|1697809460\n|switch|p2a: Palafin|Palafin, M|100\/100|[from] Parting Shot\n|move|p1a: Conkeldurr|Drain Punch|p2b: Sinistcha\n|-immune|p2b: Sinistcha\n|move|p1b: Marowak|Earthquake|p2b: Sinistcha|[spread] p1a,p2a,p2b\n|-resisted|p2b: Sinistcha\n|-damage|p1a: Conkeldurr|88\/100\n|-damage|p2a: Palafin|86\/100\n|-damage|p2b: Sinistcha|94\/100\n|\n|-heal|p2a: Palafin|92\/100|[from] item: Leftovers\n|upkeep\n|turn|3\n|\n|t:|1697809481\n|detailschange|p2a: Palafin|Palafin-Hero, M\n|switch|p2a: Incineroar|Incineroar, F|100\/100\n|-ability|p2a: Incineroar|Intimidate|boost\n|-unboost|p1a: Conkeldurr|atk|1\n|-unboost|p1b: Marowak|atk|1\n|switch|p1a: Dusknoir|Dusknoir, M|100\/100\n|-item|p2a: Incineroar|Figy Berry|[from] ability: Frisk|[of] p1a: Dusknoir|[identify]\n|-item|p2b: Sinistcha|Sitrus Berry|[from] ability: Frisk|[of] p1a: Dusknoir|[identify]\n|move|p1b: Marowak|Protect|p1b: Marowak\n|-singleturn|p1b: Marowak|Protect\n|move|p2b: Sinistcha|Shadow Ball|p1b: Marowak\n|-activate|p1b: Marowak|move: Protect\n|\n|upkeep\n|turn|4\n|inactive|SuperZachattacka has 120 seconds left.\n|\n|t:|1697809516\n|switch|p1b: Conkeldurr|Conkeldurr, F|88\/100\n|move|p2b: Sinistcha|Shadow Ball|p1b: Conkeldurr\n|-damage|p1b: Conkeldurr|57\/100\n|-unboost|p1b: Conkeldurr|spd|1\n|move|p2a: Incineroar|Roar|p1a: Dusknoir\n|drag|p1a: Marowak|Marowak-Alola, M|100\/100\n|\n|upkeep\n|turn|5\n|\n|t:|1697809532\n|switch|p2b: Okidogi|Okidogi, M, tera:Dark|100\/100\n|move|p2a: Incineroar|Parting Shot|p1b: Conkeldurr\n|-unboost|p1b: Conkeldurr|atk|1\n|-unboost|p1b: Conkeldurr|spa|1\n|\n|t:|1697809537\n|switch|p2a: Sinistcha|Sinistcha-Masterpiece|94\/100|[from] Parting Shot\n|move|p1b: Conkeldurr|Drain Punch|p2a: Sinistcha\n|-immune|p2a: Sinistcha\n|move|p1a: Marowak|Flare Blitz|p2b: Okidogi\n|-damage|p2b: Okidogi|59\/100\n|\n|upkeep\n|turn|6\n|\n|t:|1697809556\n|switch|p2a: Incineroar|Incineroar, F|100\/100\n|-ability|p2a: Incineroar|Intimidate|boost\n|-unboost|p1a: Marowak|atk|1\n|-unboost|p1b: Conkeldurr|atk|1\n|switch|p1b: Bronzong|Bronzong|100\/100\n|switch|p1a: Dusknoir|Dusknoir, M|100\/100\n|-item|p2a: Incineroar|Figy Berry|[from] ability: Frisk|[of] p1a: Dusknoir|[identify]\n|-item|p2b: Okidogi|Assault Vest|[from] ability: Frisk|[of] p1a: Dusknoir|[identify]\n|move|p2b: Okidogi|Knock Off|p1a: Dusknoir\n|-supereffective|p1a: Dusknoir\n|-damage|p1a: Dusknoir|5\/100\n|-enditem|p1a: Dusknoir|Leftovers|[from] move: Knock Off|[of] p2b: Okidogi\n|\n|upkeep\n|turn|7\n|\n|t:|1697809570\n|move|p2b: Okidogi|Knock Off|p1a: Dusknoir\n|-supereffective|p1a: Dusknoir\n|-damage|p1a: Dusknoir|0 fnt\n|faint|p1a: Dusknoir\n|move|p1b: Bronzong|Body Press|p2b: Okidogi\n|-supereffective|p2b: Okidogi\n|-damage|p2b: Okidogi|23\/100\n|move|p2a: Incineroar|Roar|p1b: Bronzong\n|drag|p1b: Marowak|Marowak-Alola, M|100\/100\n|\n|upkeep\n|\n|t:|1697809577\n|switch|p1a: Bronzong|Bronzong|100\/100\n|turn|8\n|\n|t:|1697809592\n|move|p2b: Okidogi|Knock Off|p1a: Bronzong\n|-supereffective|p1a: Bronzong\n|-damage|p1a: Bronzong|24\/100\n|-enditem|p1a: Bronzong|Occa Berry|[from] move: Knock Off|[of] p2b: Okidogi\n|move|p2a: Incineroar|Parting Shot|p1b: Marowak\n|-unboost|p1b: Marowak|atk|1\n|-unboost|p1b: Marowak|spa|1\n|\n|t:|1697809599\n|switch|p2a: Sinistcha|Sinistcha-Masterpiece|94\/100|[from] Parting Shot\n|-heal|p2b: Okidogi|48\/100|[from] ability: Hospitality|[of] p2a: Sinistcha\n|move|p1b: Marowak|Earthquake|p2a: Sinistcha|[spread] p2a,p2b\n|-immune|p1a: Bronzong|[from] ability: Levitate\n|-resisted|p2a: Sinistcha\n|-damage|p2a: Sinistcha|88\/100\n|-damage|p2b: Okidogi|36\/100\n|move|p1a: Bronzong|Trick Room|p1a: Bronzong\n|-fieldstart|move: Trick Room|[of] p1a: Bronzong\n|\n|upkeep\n|turn|9\n|\n|t:|1697809607\n|switch|p2b: Incineroar|Incineroar, F|100\/100\n|-ability|p2b: Incineroar|Intimidate|boost\n|-unboost|p1a: Bronzong|atk|1\n|-unboost|p1b: Marowak|atk|1\n|move|p1a: Bronzong|Bulldoze|p2b: Incineroar|[spread] p1b,p2a,p2b\n|-supereffective|p1b: Marowak\n|-resisted|p2a: Sinistcha\n|-crit|p2a: Sinistcha\n|-supereffective|p2b: Incineroar\n|-damage|p1b: Marowak|88\/100\n|-damage|p2a: Sinistcha|81\/100\n|-damage|p2b: Incineroar|91\/100\n|-unboost|p1b: Marowak|spe|1\n|-unboost|p2a: Sinistcha|spe|1\n|-unboost|p2b: Incineroar|spe|1\n|-enditem|p1b: Marowak|Weakness Policy\n|-boost|p1b: Marowak|atk|2|[from] item: Weakness Policy\n|-boost|p1b: Marowak|spa|2|[from] item: Weakness Policy\n|move|p1b: Marowak|Flare Blitz|p2a: Sinistcha\n|-supereffective|p2a: Sinistcha\n|-damage|p2a: Sinistcha|0 fnt\n|faint|p2a: Sinistcha\n|\n|upkeep\n|\n|t:|1697809617\n|switch|p2a: Stakataka|Stakataka|100\/100\n|turn|10\n|\n|t:|1697809631\n|move|p1b: Marowak|Protect|p1b: Marowak\n|-singleturn|p1b: Marowak|Protect\n|move|p2a: Stakataka|Rock Slide|p1a: Bronzong|[spread] p1a\n|-activate|p1b: Marowak|move: Protect\n|-resisted|p1a: Bronzong\n|-damage|p1a: Bronzong|12\/100\n|move|p1a: Bronzong|Body Press|p2a: Stakataka\n|-supereffective|p2a: Stakataka\n|-damage|p2a: Stakataka|35\/100\n|move|p2b: Incineroar|Parting Shot|p1b: Marowak\n|-activate|p1b: Marowak|move: Protect\n|\n|upkeep\n|turn|11\n|\n|t:|1697809649\n|switch|p1a: Conkeldurr|Conkeldurr, F|57\/100\n|move|p2a: Stakataka|Rock Slide|p1a: Conkeldurr|[spread] p1a,p1b\n|-resisted|p1a: Conkeldurr\n|-supereffective|p1b: Marowak\n|-damage|p1a: Conkeldurr|43\/100\n|-damage|p1b: Marowak|27\/100\n|move|p1b: Marowak|Earthquake|p2a: Stakataka|[spread] p1a,p2a,p2b\n|-supereffective|p2a: Stakataka\n|-supereffective|p2b: Incineroar\n|-damage|p1a: Conkeldurr|27\/100\n|-damage|p2a: Stakataka|0 fnt\n|-damage|p2b: Incineroar|54\/100\n|faint|p2a: Stakataka\n|move|p2b: Incineroar|Parting Shot|p1b: Marowak\n|-unboost|p1b: Marowak|atk|1\n|-unboost|p1b: Marowak|spa|1\n|\n|t:|1697809658\n|switch|p2b: Okidogi|Okidogi, M, tera:Dark|36\/100|[from] Parting Shot\n|\n|upkeep\n|\n|t:|1697809660\n|switch|p2a: Incineroar|Incineroar, F|54\/100\n|-ability|p2a: Incineroar|Intimidate|boost\n|-unboost|p1a: Conkeldurr|atk|1\n|-unboost|p1b: Marowak|atk|1\n|turn|12\n|inactive|SuperZachattacka has 120 seconds left.\n|c|\u2606Zingk|Mistouched\n|\n|t:|1697809701\n|switch|p2b: Palafin|Palafin-Hero, M|92\/100\n|-activate|p2b: Palafin|ability: Zero to Hero\n|move|p2a: Incineroar|Fake Out|p1a: Conkeldurr\n|-damage|p1a: Conkeldurr|17\/100\n|move|p1b: Marowak|Shadow Bone|p2a: Incineroar\n|-resisted|p2a: Incineroar\n|-damage|p2a: Incineroar|47\/100\n|-unboost|p2a: Incineroar|def|1\n|cant|p1a: Conkeldurr|flinch\n|\n|-heal|p2b: Palafin|98\/100|[from] item: Leftovers\n|-fieldend|move: Trick Room\n|upkeep\n|turn|13\n|inactive|SuperZachattacka has 120 seconds left.\n|\n|t:|1697809730\n|switch|p1a: Dragalge|Dragalge, F|100\/100\n|move|p2b: Palafin|Bulk Up|p2b: Palafin\n|-boost|p2b: Palafin|atk|1\n|-boost|p2b: Palafin|def|1\n|move|p2a: Incineroar|Parting Shot|p1b: Marowak\n|-unboost|p1b: Marowak|atk|1\n|-unboost|p1b: Marowak|spa|1\n|\n|t:|1697809740\n|switch|p2a: Okidogi|Okidogi, M, tera:Dark|36\/100|[from] Parting Shot\n|move|p1b: Marowak|Earthquake|p2a: Okidogi|[spread] p1a,p2a,p2b\n|-supereffective|p1a: Dragalge\n|-damage|p1a: Dragalge|82\/100\n|-damage|p2a: Okidogi|30\/100\n|-damage|p2b: Palafin|93\/100\n|-enditem|p1a: Dragalge|Weakness Policy\n|-boost|p1a: Dragalge|atk|2|[from] item: Weakness Policy\n|-boost|p1a: Dragalge|spa|2|[from] item: Weakness Policy\n|\n|-heal|p2b: Palafin|99\/100|[from] item: Leftovers\n|upkeep\n|turn|14\n|\n|t:|1697809751\n|move|p2b: Palafin|Ice Punch|p1a: Dragalge\n|-supereffective|p1a: Dragalge\n|-damage|p1a: Dragalge|0 fnt\n|faint|p1a: Dragalge\n|move|p2a: Okidogi|High Horsepower|p1b: Marowak\n|-supereffective|p1b: Marowak\n|-damage|p1b: Marowak|0 fnt\n|faint|p1b: Marowak\n|\n|-heal|p2b: Palafin|100\/100|[from] item: Leftovers\n|upkeep\n|\n|t:|1697809758\n|switch|p1a: Conkeldurr|Conkeldurr, F|17\/100\n|switch|p1b: Bronzong|Bronzong|12\/100\n|turn|15\n|\n|t:|1697809765\n|move|p2b: Palafin|Jet Punch|p1a: Conkeldurr\n|-damage|p1a: Conkeldurr|0 fnt\n|faint|p1a: Conkeldurr\n|move|p2a: Okidogi|Knock Off|p1b: Bronzong\n|-supereffective|p1b: Bronzong\n|-damage|p1b: Bronzong|0 fnt\n|faint|p1b: Bronzong\n|\n|win|Zingk\n|raw|SuperZachattacka's rating: 1324 &rarr; <strong>1318<\/strong><br \/>(-6 for losing)\n|raw|Zingk's rating: 1610 &rarr; <strong>1616<\/strong><br \/>(+6 for winning)\n|c|\u2606SuperZachattacka|Gg\n|c|\u2606SuperZachattacka|Wp\n|l|\u2606SuperZachattacka\n","uploadtime":1697809784,"views":9,"p1id":"superzachattacka","p2id":"zingk","formatid":"gen9nationaldexdoubles","rating":1318,"private":0,"password":""}