{"id":"gen9nationaldexdoubles-1985144155","p1":"Honk Minecraft","p2":"zonibu_","format":"[Gen 9] National Dex Doubles","log":"|j|\u2606Honk Minecraft\n|j|\u2606zonibu_\n|t:|1699337665\n|gametype|doubles\n|player|p1|Honk Minecraft|pryce|1090\n|player|p2|zonibu_|1|1000\n|teamsize|p1|6\n|teamsize|p2|6\n|gen|9\n|tier|[Gen 9] National Dex Doubles\n|rated|\n|rule|HP Percentage Mod: HP is shown in percentages\n|rule|Endless Battle Clause: Forcing endless battles is banned\n|rule|OHKO Clause: OHKO moves are banned\n|rule|Evasion Moves Clause: Evasion moves are banned\n|rule|Evasion Abilities Clause: Evasion abilities are banned\n|rule|Species Clause: Limit one of each Pok\u00e9mon\n|rule|Gravity Sleep Clause: The combination of sleep-inducing moves with imperfect accuracy and Gravity or Gigantamax Orbeetle are banned\n|clearpoke\n|poke|p1|Medicham, M|\n|poke|p1|Greedent, F|\n|poke|p1|Bewear, M|\n|poke|p1|Maractus, M|\n|poke|p1|Clefairy, F|\n|poke|p1|Goodra-Hisui, F|\n|poke|p2|Mismagius, M|\n|poke|p2|Gardevoir, F|\n|poke|p2|Tapu Fini|\n|poke|p2|Grimmsnarl, M|\n|poke|p2|Tapu Bulu|\n|poke|p2|Tinkaton, F|\n|teampreview\n|\n|t:|1699337691\n|start\n|switch|p1a: Medicham|Medicham, M|100\/100\n|switch|p1b: Greedent|Greedent, F|100\/100\n|switch|p2a: Grimmsnarl|Grimmsnarl, M, shiny|100\/100\n|switch|p2b: Tinkaton|Tinkaton, F, shiny|100\/100\n|-ability|p2b: Tinkaton|Mold Breaker\n|-item|p2b: Tinkaton|Air Balloon\n|turn|1\n|\n|t:|1699337718\n|-terastallize|p2b: Tinkaton|Ghost\n|move|p2a: Grimmsnarl|Light Screen|p2a: Grimmsnarl\n|-sidestart|p2: zonibu_|move: Light Screen\n|move|p2b: Tinkaton|Thunder Wave|p1a: Medicham\n|-status|p1a: Medicham|par\n|move|p1b: Greedent|Belly Drum|p1b: Greedent\n|-damage|p1b: Greedent|50\/100\n|-setboost|p1b: Greedent|atk|6|[from] move: Belly Drum\n|-enditem|p1b: Greedent|Sitrus Berry|[eat]\n|-heal|p1b: Greedent|75\/100|[from] item: Sitrus Berry\n|-heal|p1b: Greedent|100\/100|[from] ability: Cheek Pouch\n|move|p1a: Medicham|Trick Room|p1a: Medicham\n|-fieldstart|move: Trick Room|[of] p1a: Medicham\n|\n|upkeep\n|turn|2\n|\n|t:|1699337806\n|move|p2a: Grimmsnarl|Misty Terrain|p2a: Grimmsnarl\n|-fieldstart|move: Misty Terrain\n|move|p1b: Greedent|Crunch|p2b: Tinkaton\n|-supereffective|p2b: Tinkaton\n|-damage|p2b: Tinkaton|0 fnt\n|-enditem|p2b: Tinkaton|Air Balloon\n|faint|p2b: Tinkaton\n|move|p1a: Medicham|Skill Swap|p1b: Greedent\n|-activate|p1a: Medicham|move: Skill Swap|||[of] p1b: Greedent\n|\n|upkeep\n|\n|t:|1699337819\n|switch|p2b: Tapu Bulu|Tapu Bulu|100\/100\n|-fieldstart|move: Grassy Terrain|[from] ability: Grassy Surge|[of] p2b: Tapu Bulu\n|turn|3\n|\n|t:|1699337887\n|switch|p1a: Clefairy|Clefairy, F|100\/100\n|move|p2a: Grimmsnarl|Parting Shot|p1b: Greedent\n|-unboost|p1b: Greedent|atk|1\n|-unboost|p1b: Greedent|spa|1\n|\n|t:|1699337896\n|switch|p2a: Tapu Fini|Tapu Fini, shiny|100\/100|[from] Parting Shot\n|-fieldstart|move: Misty Terrain|[from] ability: Misty Surge|[of] p2a: Tapu Fini\n|move|p1b: Greedent|Belch|p2b: Tapu Bulu\n|-supereffective|p2b: Tapu Bulu\n|-damage|p2b: Tapu Bulu|71\/100\n|-zpower|p2b: Tapu Bulu\n|move|p2b: Tapu Bulu|All-Out Pummeling|p1b: Greedent|[zeffect]\n|-supereffective|p1b: Greedent\n|-damage|p1b: Greedent|0 fnt\n|faint|p1b: Greedent\n|\n|upkeep\n|\n|t:|1699337931\n|switch|p1b: Maractus|Maractus, M|100\/100\n|turn|4\n|\n|t:|1699337955\n|-terastallize|p1b: Maractus|Rock\n|move|p1a: Clefairy|Stealth Rock|p2a: Tapu Fini\n|-sidestart|p2: zonibu_|move: Stealth Rock\n|move|p1b: Maractus|Giga Drain|p2a: Tapu Fini\n|-supereffective|p2a: Tapu Fini\n|-damage|p2a: Tapu Fini|76\/100\n|move|p2b: Tapu Bulu|Swords Dance|p2b: Tapu Bulu\n|-boost|p2b: Tapu Bulu|atk|2\n|move|p2a: Tapu Fini|Taunt|p1b: Maractus\n|-start|p1b: Maractus|move: Taunt\n|\n|-heal|p2a: Tapu Fini|82\/100|[from] item: Leftovers\n|upkeep\n|turn|5\n|\n|t:|1699337984\n|move|p1a: Clefairy|Heal Bell|p1a: Clefairy\n|-activate|p1a: Clefairy|move: Heal Bell\n|-curestatus|p1: Medicham|par|[msg]\n|move|p1b: Maractus|Hyper Voice|p2b: Tapu Bulu|[spread] p2a,p2b\n|-damage|p2a: Tapu Fini|75\/100\n|-damage|p2b: Tapu Bulu|61\/100\n|move|p2b: Tapu Bulu|Horn Leech|p1b: Maractus\n|-supereffective|p1b: Maractus\n|-damage|p1b: Maractus|0 fnt\n|-heal|p2b: Tapu Bulu|100\/100|[from] drain|[of] p1b: Maractus\n|faint|p1b: Maractus\n|move|p2a: Tapu Fini|Nature's Madness|p1a: Clefairy\n|-damage|p1a: Clefairy|50\/100\n|\n|-heal|p2a: Tapu Fini|81\/100|[from] item: Leftovers\n|-fieldend|move: Trick Room\n|upkeep\n|\n|t:|1699338004\n|switch|p1b: Medicham|Medicham, M|100\/100\n|turn|6\n|\n|t:|1699338033\n|move|p2a: Tapu Fini|Nature's Madness|p1b: Medicham\n|-damage|p1b: Medicham|50\/100\n|-enditem|p1b: Medicham|Sitrus Berry|[eat]\n|-heal|p1b: Medicham|75\/100|[from] item: Sitrus Berry\n|move|p2b: Tapu Bulu|Stone Edge|p1b: Medicham|[miss]\n|-miss|p2b: Tapu Bulu|p1b: Medicham\n|move|p1a: Clefairy|Soft-Boiled|p1a: Clefairy\n|-heal|p1a: Clefairy|100\/100\n|move|p1b: Medicham|Trick Room|p1b: Medicham\n|-fieldstart|move: Trick Room|[of] p1b: Medicham\n|\n|-heal|p2a: Tapu Fini|87\/100|[from] item: Leftovers\n|upkeep\n|turn|7\n|\n|t:|1699338075\n|move|p1a: Clefairy|Soft-Boiled||[still]\n|-fail|p1a: Clefairy|heal\n|move|p1b: Medicham|Pain Split|p2b: Tapu Bulu\n|-sethp|p2b: Tapu Bulu|86\/100|[from] move: Pain Split|[silent]\n|-sethp|p1b: Medicham|91\/100|[from] move: Pain Split\n|move|p2b: Tapu Bulu|Stone Edge|p1b: Medicham\n|-resisted|p1b: Medicham\n|-damage|p1b: Medicham|39\/100\n|move|p2a: Tapu Fini|Moonblast|p1b: Medicham\n|-supereffective|p1b: Medicham\n|-damage|p1b: Medicham|0 fnt\n|faint|p1b: Medicham\n|\n|-heal|p2a: Tapu Fini|93\/100|[from] item: Leftovers\n|-fieldend|Misty Terrain\n|upkeep\n|\n|t:|1699338095\n|switch|p1b: Bewear|Bewear, M|100\/100\n|-ability|p1b: Bewear|Unnerve\n|turn|8\n|\n|t:|1699338109\n|move|p1a: Clefairy|Follow Me|p1a: Clefairy\n|-singleturn|p1a: Clefairy|move: Follow Me\n|move|p2b: Tapu Bulu|Close Combat|p1a: Clefairy\n|-resisted|p1a: Clefairy\n|-damage|p1a: Clefairy|42\/100\n|-unboost|p2b: Tapu Bulu|def|1\n|-unboost|p2b: Tapu Bulu|spd|1\n|move|p1b: Bewear|Mega Kick|p2b: Tapu Bulu|[miss]\n|-miss|p1b: Bewear|p2b: Tapu Bulu\n|-enditem|p1b: Bewear|Blunder Policy\n|-boost|p1b: Bewear|spe|2\n|move|p2a: Tapu Fini|Taunt|p1a: Clefairy\n|-start|p1a: Clefairy|move: Taunt\n|\n|-heal|p2a: Tapu Fini|99\/100|[from] item: Leftovers\n|-sideend|p2: zonibu_|move: Light Screen\n|upkeep\n|turn|9\n|\n|t:|1699338152\n|-activate|p1a: Clefairy|move: Struggle\n|move|p1a: Clefairy|Struggle|p2a: Tapu Fini\n|-damage|p2a: Tapu Fini|96\/100\n|-damage|p1a: Clefairy|17\/100|[from] recoil\n|move|p2b: Tapu Bulu|Close Combat|p1b: Bewear\n|-supereffective|p1b: Bewear\n|-damage|p1b: Bewear|0 fnt\n|-unboost|p2b: Tapu Bulu|def|1\n|-unboost|p2b: Tapu Bulu|spd|1\n|faint|p1b: Bewear\n|move|p2a: Tapu Fini|Moonblast|p1a: Clefairy\n|-damage|p1a: Clefairy|0 fnt\n|faint|p1a: Clefairy\n|\n|-heal|p2a: Tapu Fini|100\/100|[from] item: Leftovers\n|upkeep\n|inactive|Battle timer is ON: inactive players will automatically lose when time's up. (requested by zonibu_)\n|\n|t:|1699338171\n|switch|p1b: Goodra|Goodra-Hisui, F|100\/100\n|turn|10\n|\n|t:|1699338184\n|move|p1b: Goodra|Iron Head|p2b: Tapu Bulu\n|-supereffective|p2b: Tapu Bulu\n|-damage|p2b: Tapu Bulu|0 fnt\n|faint|p2b: Tapu Bulu\n|move|p2a: Tapu Fini|Moonblast|p1b: Goodra\n|-damage|p1b: Goodra|78\/100\n|-unboost|p1b: Goodra|spa|1\n|\n|-fieldend|move: Trick Room\n|upkeep\n|\n|t:|1699338194\n|switch|p2b: Mismagius|Mismagius, M|100\/100\n|-damage|p2b: Mismagius|88\/100|[from] Stealth Rock\n|turn|11\n|\n|t:|1699338212\n|move|p2b: Mismagius|Substitute|p2b: Mismagius\n|-start|p2b: Mismagius|Substitute\n|-damage|p2b: Mismagius|63\/100\n|move|p2a: Tapu Fini|Nature's Madness|p1b: Goodra\n|-damage|p1b: Goodra|40\/100\n|move|p1b: Goodra|Iron Head|p2b: Mismagius\n|-end|p2b: Mismagius|Substitute\n|\n|-heal|p2b: Mismagius|69\/100|[from] item: Leftovers\n|upkeep\n|turn|12\n|\n|t:|1699338232\n|move|p2b: Mismagius|Shadow Ball|p1b: Goodra\n|-damage|p1b: Goodra|15\/100\n|-enditem|p1b: Goodra|Figy Berry|[eat]\n|-heal|p1b: Goodra|48\/100|[from] item: Figy Berry\n|move|p2a: Tapu Fini|Moonblast|p1b: Goodra\n|-damage|p1b: Goodra|29\/100\n|move|p1b: Goodra|Life Dew|p1b: Goodra\n|-heal|p1b: Goodra|54\/100\n|\n|-heal|p2b: Mismagius|76\/100|[from] item: Leftovers\n|upkeep\n|turn|13\n|\n|t:|1699338253\n|move|p2b: Mismagius|Nasty Plot|p2b: Mismagius\n|-boost|p2b: Mismagius|spa|2\n|move|p2a: Tapu Fini|Defog|p1b: Goodra\n|-unboost|p1b: Goodra|evasion|1\n|-sideend|p2: zonibu_|Stealth Rock|[from] move: Defog|[of] p2a: Tapu Fini\n|move|p1b: Goodra|Surf|p2b: Mismagius|[spread] p2a,p2b\n|-resisted|p2a: Tapu Fini\n|-damage|p2a: Tapu Fini|96\/100\n|-damage|p2b: Mismagius|62\/100\n|\n|-heal|p2b: Mismagius|68\/100|[from] item: Leftovers\n|-heal|p2a: Tapu Fini|100\/100|[from] item: Leftovers\n|upkeep\n|turn|14\n|\n|t:|1699338273\n|move|p2b: Mismagius|Shadow Ball|p1b: Goodra\n|-damage|p1b: Goodra|10\/100\n|move|p2a: Tapu Fini|Moonblast|p1b: Goodra\n|-crit|p1b: Goodra\n|-damage|p1b: Goodra|0 fnt\n|faint|p1b: Goodra\n|\n|win|zonibu_\n|raw|Honk Minecraft's rating: 1090 &rarr; <strong>1061<\/strong><br \/>(-29 for losing)\n|raw|zonibu_'s rating: 1000 &rarr; <strong>1050<\/strong><br \/>(+50 for winning)\n|l|\u2606Honk Minecraft\n","uploadtime":1699338289,"views":8,"p1id":"honkminecraft","p2id":"zonibu","formatid":"gen9nationaldexdoubles","rating":1050,"private":0,"password":""}