{"id":"gen9nationaldexdoubles-1948989387","p1":"qlozu","p2":"BillCactus","format":"[Gen 9] National Dex Doubles","log":"|j|\u2606qlozu\n|j|\u2606BillCactus\n|t:|1695317558\n|gametype|doubles\n|player|p1|qlozu|waiter-gen4|1168\n|player|p2|BillCactus|1|1044\n|teamsize|p1|6\n|teamsize|p2|6\n|gen|9\n|tier|[Gen 9] National Dex Doubles\n|rated|\n|rule|HP Percentage Mod: HP is shown in percentages\n|rule|Endless Battle Clause: Forcing endless battles is banned\n|rule|OHKO Clause: OHKO moves are banned\n|rule|Evasion Moves Clause: Evasion moves are banned\n|rule|Evasion Abilities Clause: Evasion abilities are banned\n|rule|Species Clause: Limit one of each Pok\u00e9mon\n|rule|Gravity Sleep Clause: The combination of sleep-inducing moves with imperfect accuracy and Gravity or Gigantamax Orbeetle are banned\n|clearpoke\n|poke|p1|Tyranitar, F|\n|poke|p1|Zygarde|\n|poke|p1|Tornadus, M|\n|poke|p1|Jirachi|\n|poke|p1|Volcanion|\n|poke|p1|Rillaboom, F|\n|poke|p2|Grafaiai, F|\n|poke|p2|Regigigas|\n|poke|p2|Ambipom, M|\n|poke|p2|Maushold-Four|\n|poke|p2|Tyranitar, M|\n|poke|p2|Garchomp, M|\n|teampreview\n|c|\u2606BillCactus|good luck have fun !\n|\n|t:|1695317574\n|start\n|switch|p1a: Tyranitar|Tyranitar, F|100\/100\n|switch|p1b: Tornadus|Tornadus, M|100\/100\n|switch|p2a: Grafaiai|Grafaiai, F|100\/100\n|switch|p2b: Regigigas|Regigigas|100\/100\n|-start|p2b: Regigigas|ability: Slow Start\n|-weather|Sandstorm|[from] ability: Sand Stream|[of] p1a: Tyranitar\n|turn|1\n|c|\u2606qlozu|you too\n|\n|t:|1695317604\n|detailschange|p1a: Tyranitar|Tyranitar-Mega, F\n|-mega|p1a: Tyranitar|Tyranitar|Tyranitarite\n|move|p1b: Tornadus|Tailwind|p1b: Tornadus\n|-sidestart|p1: qlozu|move: Tailwind\n|move|p1a: Tyranitar|Stealth Rock|p2b: Regigigas\n|-sidestart|p2: BillCactus|move: Stealth Rock\n|move|p2a: Grafaiai|Doodle|p1a: Tyranitar\n|-endability|p2a: Grafaiai|Unburden|[from] move: Doodle\n|-ability|p2a: Grafaiai|Sand Stream|[from] move: Doodle\n|-end|p2b: Regigigas|Slow Start|[silent]\n|-endability|p2b: Regigigas|Slow Start|[from] move: Doodle\n|-ability|p2b: Regigigas|Sand Stream|[from] move: Doodle\n|move|p2b: Regigigas|Rock Slide|p1a: Tyranitar|[spread] p1a\n|-miss|p2b: Regigigas|p1b: Tornadus\n|-damage|p1a: Tyranitar|85\/100\n|\n|-weather|Sandstorm|[upkeep]\n|-damage|p1b: Tornadus|94\/100|[from] Sandstorm\n|-damage|p2a: Grafaiai|94\/100|[from] Sandstorm\n|-damage|p2b: Regigigas|94\/100|[from] Sandstorm\n|-heal|p2a: Grafaiai|100\/100|[from] item: Leftovers\n|-heal|p2b: Regigigas|100\/100|[from] item: Leftovers\n|upkeep\n|turn|2\n|\n|t:|1695317627\n|move|p1b: Tornadus|Bleakwind Storm|p2b: Regigigas|[spread] p2a,p2b\n|-crit|p2a: Grafaiai\n|-damage|p2a: Grafaiai|18\/100\n|-damage|p2b: Regigigas|72\/100\n|move|p1a: Tyranitar|Stone Edge|p2b: Regigigas\n|-damage|p2b: Regigigas|30\/100\n|move|p2a: Grafaiai|Toxic|p1a: Tyranitar\n|-status|p1a: Tyranitar|tox\n|move|p2b: Regigigas|Rock Slide|p1a: Tyranitar|[spread] p1a,p1b\n|-crit|p1a: Tyranitar\n|-supereffective|p1b: Tornadus\n|-damage|p1a: Tyranitar|62\/100 tox\n|-damage|p1b: Tornadus|13\/100\n|\n|-weather|Sandstorm|[upkeep]\n|-damage|p1b: Tornadus|7\/100|[from] Sandstorm\n|-damage|p2a: Grafaiai|12\/100|[from] Sandstorm\n|-damage|p2b: Regigigas|24\/100|[from] Sandstorm\n|-heal|p2a: Grafaiai|18\/100|[from] item: Leftovers\n|-heal|p2b: Regigigas|30\/100|[from] item: Leftovers\n|-damage|p1a: Tyranitar|55\/100 tox|[from] psn\n|upkeep\n|turn|3\n|\n|t:|1695317645\n|move|p1a: Tyranitar|Protect|p1a: Tyranitar\n|-singleturn|p1a: Tyranitar|Protect\n|move|p1b: Tornadus|Bleakwind Storm|p2a: Grafaiai|[spread] p2b\n|-miss|p1b: Tornadus|p2a: Grafaiai\n|-damage|p2b: Regigigas|3\/100\n|move|p2a: Grafaiai|Toxic|p1b: Tornadus\n|-status|p1b: Tornadus|tox\n|move|p2b: Regigigas|Rock Slide|p1a: Tyranitar|[spread] p1b\n|-activate|p1a: Tyranitar|move: Protect\n|-supereffective|p1b: Tornadus\n|-damage|p1b: Tornadus|0 fnt\n|faint|p1b: Tornadus\n|\n|-weather|Sandstorm|[upkeep]\n|-damage|p2a: Grafaiai|12\/100|[from] Sandstorm\n|-damage|p2b: Regigigas|0 fnt|[from] Sandstorm\n|faint|p2b: Regigigas\n|-heal|p2a: Grafaiai|18\/100|[from] item: Leftovers\n|-damage|p1a: Tyranitar|43\/100 tox|[from] psn\n|upkeep\n|\n|t:|1695317670\n|switch|p1b: Zygarde|Zygarde|100\/100\n|switch|p2b: Ambipom|Ambipom, M|100\/100\n|-ability|p1b: Zygarde|Aura Break\n|-damage|p2b: Ambipom|88\/100|[from] Stealth Rock\n|turn|4\n|\n|t:|1695317680\n|move|p2b: Ambipom|Fake Out|p1b: Zygarde\n|-damage|p1b: Zygarde|89\/100\n|cant|p1b: Zygarde|flinch\n|move|p1a: Tyranitar|Stone Edge|p2b: Ambipom\n|-damage|p2b: Ambipom|9\/100\n|move|p2a: Grafaiai|Parting Shot|p1a: Tyranitar\n|-unboost|p1a: Tyranitar|atk|1\n|-unboost|p1a: Tyranitar|spa|1\n|\n|t:|1695317683\n|switch|p2a: Maushold|Maushold-Four|100\/100|[from] Parting Shot\n|-damage|p2a: Maushold|88\/100|[from] Stealth Rock\n|\n|-weather|Sandstorm|[upkeep]\n|-damage|p2b: Ambipom|3\/100|[from] Sandstorm\n|-damage|p2a: Maushold|82\/100|[from] Sandstorm\n|-damage|p1a: Tyranitar|25\/100 tox|[from] psn\n|-sideend|p1: qlozu|move: Tailwind\n|upkeep\n|turn|5\n|\n|t:|1695317689\n|move|p2b: Ambipom|Tail Slap|p1a: Tyranitar|[miss]\n|-miss|p2b: Ambipom|p1a: Tyranitar\n|move|p2a: Maushold|Population Bomb|p1b: Zygarde\n|-damage|p1b: Zygarde|79\/100\n|-damage|p1b: Zygarde|70\/100\n|-hitcount|p1b: Zygarde|2\n|move|p1b: Zygarde|Dragon Dance|p1b: Zygarde\n|-boost|p1b: Zygarde|atk|1\n|-boost|p1b: Zygarde|spe|1\n|move|p1a: Tyranitar|Stone Edge|p2b: Ambipom\n|-damage|p2b: Ambipom|0 fnt\n|faint|p2b: Ambipom\n|\n|-weather|none\n|-damage|p1a: Tyranitar|0 fnt|[from] psn\n|faint|p1a: Tyranitar\n|upkeep\n|\n|t:|1695317700\n|switch|p2b: Grafaiai|Grafaiai, F|18\/100\n|switch|p1a: Jirachi|Jirachi|100\/100\n|-damage|p2b: Grafaiai|6\/100|[from] Stealth Rock\n|turn|6\n|inactive|Battle timer is ON: inactive players will automatically lose when time's up. (requested by qlozu)\n|inactive|BillCactus has 120 seconds left.\n|inactive|BillCactus has 90 seconds left.\n|\n|t:|1695317833\n|move|p1a: Jirachi|Follow Me|p1a: Jirachi\n|-singleturn|p1a: Jirachi|move: Follow Me\n|move|p1b: Zygarde|Thousand Arrows|p2a: Maushold|[spread] p2a,p2b\n|-supereffective|p2b: Grafaiai\n|-damage|p2a: Maushold|17\/100\n|-damage|p2b: Grafaiai|0 fnt\n|faint|p2b: Grafaiai\n|move|p2a: Maushold|Population Bomb|p1a: Jirachi\n|-resisted|p1a: Jirachi\n|-damage|p1a: Jirachi|95\/100\n|-resisted|p1a: Jirachi\n|-damage|p1a: Jirachi|90\/100\n|-resisted|p1a: Jirachi\n|-damage|p1a: Jirachi|85\/100\n|-hitcount|p1a: Jirachi|3\n|\n|upkeep\n|\n|t:|1695317838\n|switch|p2b: Tyranitar|Tyranitar, M|100\/100\n|-damage|p2b: Tyranitar|88\/100|[from] Stealth Rock\n|-weather|Sandstorm|[from] ability: Sand Stream|[of] p2b: Tyranitar\n|turn|7\n|inactive|qlozu has 120 seconds left.\n|\n|t:|1695317890\n|move|p1a: Jirachi|Follow Me|p1a: Jirachi\n|-singleturn|p1a: Jirachi|move: Follow Me\n|move|p1b: Zygarde|Thousand Arrows|p2a: Maushold|[spread] p2a,p2b\n|-supereffective|p2b: Tyranitar\n|-damage|p2a: Maushold|0 fnt\n|-damage|p2b: Tyranitar|24\/100\n|faint|p2a: Maushold\n|move|p2b: Tyranitar|Blizzard|p1a: Jirachi|[spread] p1a\n|-miss|p2b: Tyranitar|p1b: Zygarde\n|-resisted|p1a: Jirachi\n|-damage|p1a: Jirachi|79\/100\n|\n|-weather|Sandstorm|[upkeep]\n|-heal|p2b: Tyranitar|30\/100|[from] item: Leftovers\n|upkeep\n|\n|t:|1695317899\n|switch|p2a: Garchomp|Garchomp, M|100\/100\n|-damage|p2a: Garchomp|94\/100|[from] Stealth Rock\n|turn|8\n|\n|t:|1695317906\n|move|p1a: Jirachi|Follow Me|p1a: Jirachi\n|-singleturn|p1a: Jirachi|move: Follow Me\n|move|p1b: Zygarde|Thousand Arrows|p2b: Tyranitar|[spread] p2a,p2b\n|-supereffective|p2b: Tyranitar\n|-damage|p2a: Garchomp|48\/100\n|-damage|p2b: Tyranitar|0 fnt\n|faint|p2b: Tyranitar\n|move|p2a: Garchomp|Substitute|p2a: Garchomp\n|-start|p2a: Garchomp|Substitute\n|-damage|p2a: Garchomp|23\/100\n|\n|-weather|Sandstorm|[upkeep]\n|upkeep\n|turn|9\n|\n|t:|1695317921\n|move|p1b: Zygarde|Thousand Arrows|p2a: Garchomp\n|-end|p2a: Garchomp|Substitute\n|move|p2a: Garchomp|Swords Dance|p2a: Garchomp\n|-boost|p2a: Garchomp|atk|2\n|move|p1a: Jirachi|Encore|p2a: Garchomp\n|-start|p2a: Garchomp|Encore\n|\n|-weather|Sandstorm|[upkeep]\n|upkeep\n|turn|10\n|\n|t:|1695317933\n|detailschange|p2a: Garchomp|Garchomp-Mega, M\n|-mega|p2a: Garchomp|Garchomp|Garchompite\n|move|p1a: Jirachi|Follow Me|p1a: Jirachi\n|-singleturn|p1a: Jirachi|move: Follow Me\n|move|p1b: Zygarde|Thousand Arrows|p2a: Garchomp\n|-damage|p2a: Garchomp|0 fnt\n|faint|p2a: Garchomp\n|\n|win|qlozu\n|raw|qlozu's rating: 1168 &rarr; <strong>1184<\/strong><br \/>(+16 for winning)\n|raw|BillCactus's rating: 1044 &rarr; <strong>1033<\/strong><br \/>(-11 for losing)\n|c|\u2606qlozu|ggs!\n|c|\u2606BillCactus|gg\n","uploadtime":1695317945,"views":7,"p1id":"qlozu","p2id":"billcactus","formatid":"gen9nationaldexdoubles","rating":1033,"private":0,"password":""}