{"id":"gen9nationaldexdoubles-1958751505","p1":"ItzzEh\u2605","p2":"Koyaki","format":"[Gen 9] National Dex Doubles","log":"|j|\u2606ItzzEh\u2605\n|j|\u2606Koyaki\n|t:|1696355233\n|gametype|doubles\n|player|p1|ItzzEh\u2605|1|\n|player|p2|Koyaki|169|\n|teamsize|p1|6\n|teamsize|p2|6\n|gen|9\n|tier|[Gen 9] National Dex Doubles\n|rule|HP Percentage Mod: HP is shown in percentages\n|rule|Endless Battle Clause: Forcing endless battles is banned\n|rule|OHKO Clause: OHKO moves are banned\n|rule|Evasion Moves Clause: Evasion moves are banned\n|rule|Evasion Abilities Clause: Evasion abilities are banned\n|rule|Species Clause: Limit one of each Pok\u00e9mon\n|rule|Gravity Sleep Clause: The combination of sleep-inducing moves with imperfect accuracy and Gravity or Gigantamax Orbeetle are banned\n|clearpoke\n|poke|p1|Zoroark-Hisui, F|\n|poke|p1|Chesnaught, F|\n|poke|p1|Cyclizar, F|\n|poke|p1|Indeedee-F, F|\n|poke|p1|Ditto|\n|poke|p1|Ribombee, M|\n|poke|p2|Krookodile, M|\n|poke|p2|Meowscarada, M|\n|poke|p2|Goodra-Hisui, F|\n|poke|p2|Sableye, F|\n|poke|p2|Indeedee-F, F|\n|poke|p2|Hatterene, F|\n|teampreview\n|\n|t:|1696355273\n|start\n|switch|p1a: Indeedee|Indeedee-F, F|100\/100\n|switch|p1b: Dragen|Cyclizar, F|100\/100\n|switch|p2a: Goodra|Goodra-Hisui, F|100\/100\n|switch|p2b: Hatterene|Hatterene, F, shiny|100\/100\n|turn|1\n|\n|t:|1696355295\n|move|p1a: Indeedee|Follow Me|p1a: Indeedee\n|-singleturn|p1a: Indeedee|move: Follow Me\n|move|p1b: Dragen|Shed Tail|p1b: Dragen\n|-start|p1b: Dragen|Substitute|[from] move: Shed Tail\n|-damage|p1b: Dragen|50\/100\n|\n|t:|1696355304\n|switch|p1b: Chesnaught|Chesnaught, F|100\/100|[from] Shed Tail\n|move|p2a: Goodra|Acid Armor|p2a: Goodra\n|-boost|p2a: Goodra|def|2\n|move|p2b: Hatterene|Dazzling Gleam|p1a: Indeedee|[spread] p1a,p1b\n|-end|p1b: Chesnaught|Substitute\n|-damage|p1a: Indeedee|68\/100\n|\n|-heal|p1a: Indeedee|74\/100|[from] item: Leftovers\n|upkeep\n|turn|2\n|\n|t:|1696355322\n|switch|p1b: Mr Steal ur girl|Ditto, shiny|100\/100\n|-transform|p1b: Mr Steal ur girl|p2a: Goodra|[from] ability: Imposter\n|move|p1a: Indeedee|Light Screen|p1a: Indeedee\n|-sidestart|p1: ItzzEh\u2605|move: Light Screen\n|move|p2a: Goodra|Acid Armor|p2a: Goodra\n|-boost|p2a: Goodra|def|2\n|move|p2b: Hatterene|Dazzling Gleam|p1a: Indeedee|[spread] p1a,p1b\n|-damage|p1a: Indeedee|50\/100\n|-damage|p1b: Mr Steal ur girl|84\/100\n|\n|-heal|p1a: Indeedee|56\/100|[from] item: Leftovers\n|upkeep\n|turn|3\n|\n|t:|1696355404\n|switch|p2a: Krookodile|Krookodile, M|100\/100\n|-terastallize|p1b: Mr Steal ur girl|Fairy\n|move|p1a: Indeedee|Reflect|p1a: Indeedee\n|-sidestart|p1: ItzzEh\u2605|Reflect\n|move|p1b: Mr Steal ur girl|Dragon Pulse|p2a: Krookodile\n|-damage|p2a: Krookodile|55\/100\n|move|p2b: Hatterene|Dazzling Gleam|p1b: Mr Steal ur girl|[spread] p1a,p1b\n|-damage|p1a: Indeedee|35\/100\n|-damage|p1b: Mr Steal ur girl|67\/100\n|\n|-heal|p1a: Indeedee|41\/100|[from] item: Leftovers\n|upkeep\n|turn|4\n|\n|t:|1696355432\n|switch|p1a: Ribombee|Ribombee, M|100\/100\n|move|p2a: Krookodile|Rock Slide|p1a: Ribombee|[spread] p1b\n|-miss|p2a: Krookodile|p1a: Ribombee\n|-damage|p1b: Mr Steal ur girl|60\/100\n|cant|p1b: Mr Steal ur girl|flinch\n|move|p2b: Hatterene|Dazzling Gleam|p1b: Mr Steal ur girl|[spread] p1a,p1b\n|-damage|p1a: Ribombee|57\/100\n|-damage|p1b: Mr Steal ur girl|45\/100\n|\n|upkeep\n|turn|5\n|\n|t:|1696355467\n|move|p1a: Ribombee|Sticky Web|p2a: Krookodile\n|move|p2b: Hatterene|Sticky Web|p1a: Ribombee|[from]ability: Magic Bounce\n|-sidestart|p1: ItzzEh\u2605|move: Sticky Web\n|move|p2a: Krookodile|Rock Slide|p1b: Mr Steal ur girl|[spread] p1a,p1b\n|-supereffective|p1a: Ribombee\n|-damage|p1a: Ribombee|7\/100\n|-damage|p1b: Mr Steal ur girl|38\/100\n|move|p1b: Mr Steal ur girl|Dragon Pulse|p2a: Krookodile\n|-damage|p2a: Krookodile|11\/100\n|-enditem|p2a: Krookodile|Salac Berry|[eat]\n|-boost|p2a: Krookodile|spe|1|[from] item: Salac Berry\n|move|p2b: Hatterene|Dazzling Gleam|p1b: Mr Steal ur girl|[spread] p1a,p1b\n|-damage|p1a: Ribombee|0 fnt\n|-damage|p1b: Mr Steal ur girl|23\/100\n|faint|p1a: Ribombee\n|\n|upkeep\n|\n|t:|1696355489\n|switch|p1a: Dragen|Cyclizar, F|83\/100\n|-activate|p1a: Dragen|move: Sticky Web\n|-unboost|p1a: Dragen|spe|1\n|turn|6\n|\n|t:|1696355504\n|move|p2a: Krookodile|Rock Slide|p1a: Dragen|[spread] p1a,p1b\n|-damage|p1a: Dragen|61\/100\n|-damage|p1b: Mr Steal ur girl|16\/100\n|move|p1a: Dragen|Shed Tail|p1a: Dragen\n|-start|p1a: Dragen|Substitute|[from] move: Shed Tail\n|-damage|p1a: Dragen|11\/100\n|\n|t:|1696355513\n|switch|p1a: Chesnaught|Chesnaught, F|100\/100|[from] Shed Tail\n|-activate|p1a: Chesnaught|move: Sticky Web\n|-unboost|p1a: Chesnaught|spe|1\n|move|p1b: Mr Steal ur girl|Dragon Pulse|p2a: Krookodile\n|-damage|p2a: Krookodile|0 fnt\n|faint|p2a: Krookodile\n|move|p2b: Hatterene|Heal Pulse|p2: Krookodile|[notarget]\n|-fail|p2b: Hatterene\n|\n|-sideend|p1: ItzzEh\u2605|move: Light Screen\n|upkeep\n|\n|t:|1696355562\n|switch|p2a: Indeedee|Indeedee-F, F|100\/100\n|-fieldstart|move: Psychic Terrain|[from] ability: Psychic Surge|[of] p2a: Indeedee\n|-enditem|p2b: Hatterene|Psychic Seed\n|-boost|p2b: Hatterene|spd|1|[from] item: Psychic Seed\n|turn|7\n|\n|t:|1696355586\n|move|p2a: Indeedee|Follow Me|p2a: Indeedee\n|-singleturn|p2a: Indeedee|move: Follow Me\n|move|p1a: Chesnaught|Flamethrower|p2a: Indeedee\n|-damage|p2a: Indeedee|65\/100\n|move|p1b: Mr Steal ur girl|Thunderbolt|p2a: Indeedee\n|-damage|p2a: Indeedee|40\/100\n|move|p2b: Hatterene|Dazzling Gleam|p1a: Chesnaught|[spread] p1a,p1b\n|-end|p1a: Chesnaught|Substitute\n|-damage|p1b: Mr Steal ur girl|0 fnt\n|faint|p1b: Mr Steal ur girl\n|\n|-sideend|p1: ItzzEh\u2605|Reflect\n|upkeep\n|\n|t:|1696355598\n|switch|p1b: Dragen|Cyclizar, F|44\/100\n|-activate|p1b: Dragen|move: Sticky Web\n|-unboost|p1b: Dragen|spe|1\n|turn|8\n|\n|t:|1696355629\n|move|p1b: Dragen|Shed Tail|p1b: Dragen\n|-fail|p1b: Dragen|move: Shed Tail|[weak]\n|move|p2a: Indeedee|Dazzling Gleam|p1b: Dragen|[spread] p1a,p1b\n|-supereffective|p1b: Dragen\n|-damage|p1a: Chesnaught|68\/100\n|-damage|p1b: Dragen|0 fnt\n|replace|p1a: The Spy|Zoroark-Hisui, F\n|-end|p1a: The Spy|Illusion\n|faint|p1b: Dragen\n|move|p1a: The Spy|Flamethrower|p2a: Indeedee\n|-damage|p2a: Indeedee|6\/100\n|move|p2b: Hatterene|Dazzling Gleam|p1a: The Spy\n|-damage|p1a: The Spy|0 fnt\n|faint|p1a: The Spy\n|\n|upkeep\n|\n|t:|1696355636\n|switch|p1b: Indeedee|Indeedee-F, F|41\/100\n|switch|p1a: Chesnaught|Chesnaught, F|100\/100\n|-activate|p1b: Indeedee|move: Sticky Web\n|-unboost|p1b: Indeedee|spe|1\n|-activate|p1a: Chesnaught|move: Sticky Web\n|-unboost|p1a: Chesnaught|spe|1\n|turn|9\n|\n|t:|1696355665\n|move|p1b: Indeedee|Follow Me|p1b: Indeedee\n|-singleturn|p1b: Indeedee|move: Follow Me\n|move|p2a: Indeedee|Dazzling Gleam|p1b: Indeedee|[spread] p1a,p1b\n|-supereffective|p1a: Chesnaught\n|-crit|p1a: Chesnaught\n|-damage|p1a: Chesnaught|44\/100\n|-damage|p1b: Indeedee|24\/100\n|move|p1a: Chesnaught|Wood Hammer|p2a: Indeedee\n|-damage|p2a: Indeedee|0 fnt\n|faint|p2a: Indeedee\n|-damage|p1a: Chesnaught|42\/100|[from] Recoil\n|move|p2b: Hatterene|Dazzling Gleam|p1a: Chesnaught|[spread] p1a,p1b\n|-supereffective|p1a: Chesnaught\n|-damage|p1a: Chesnaught|0 fnt\n|-damage|p1b: Indeedee|0 fnt\n|faint|p1a: Chesnaught\n|faint|p1b: Indeedee\n|\n|win|Koyaki\n|l|\u2606ItzzEh\u2605\n","uploadtime":1696355834,"views":13,"p1id":"itzzeh","p2id":"koyaki","formatid":"gen9nationaldexdoubles","rating":0,"private":0,"password":""}