{"id":"gen9nationaldexdoubles-1978151609","p1":"MakyuraDestroyer","p2":"thundervoltss","format":"[Gen 9] National Dex Doubles","log":"|j|\u2606MakyuraDestroyer\n|j|\u2606thundervoltss\n|t:|1698505629\n|gametype|doubles\n|player|p1|MakyuraDestroyer|170|1319\n|player|p2|thundervoltss|elesa-masters|1371\n|teamsize|p1|6\n|teamsize|p2|6\n|gen|9\n|tier|[Gen 9] National Dex Doubles\n|rated|\n|rule|HP Percentage Mod: HP is shown in percentages\n|rule|Endless Battle Clause: Forcing endless battles is banned\n|rule|OHKO Clause: OHKO moves are banned\n|rule|Evasion Moves Clause: Evasion moves are banned\n|rule|Evasion Abilities Clause: Evasion abilities are banned\n|rule|Species Clause: Limit one of each Pok\u00e9mon\n|rule|Gravity Sleep Clause: The combination of sleep-inducing moves with imperfect accuracy and Gravity or Gigantamax Orbeetle are banned\n|clearpoke\n|poke|p1|Whimsicott, F|\n|poke|p1|Mienshao, M|\n|poke|p1|Indeedee-F, F|\n|poke|p1|Scolipede, F|\n|poke|p1|Krookodile, F|\n|poke|p1|Buzzwole|\n|poke|p2|Grimmsnarl, M|\n|poke|p2|Spectrier|\n|poke|p2|Urshifu-*, F|\n|poke|p2|Rillaboom, F|\n|poke|p2|Incineroar, F|\n|poke|p2|Primarina, M|\n|teampreview\n|\n|t:|1698505664\n|start\n|switch|p1a: Mienshao|Mienshao, M|100\/100\n|switch|p1b: Scolipede|Scolipede, F|100\/100\n|switch|p2a: Pop fizz|Grimmsnarl, M|100\/100\n|switch|p2b: Trap shadow|Spectrier|100\/100\n|turn|1\n|\n|t:|1698505679\n|switch|p2a: Wildfire|Incineroar, F|100\/100\n|-ability|p2a: Wildfire|Intimidate|boost\n|-fail|p1a: Mienshao|unboost|Attack|[from] ability: Inner Focus|[of] p1a: Mienshao\n|-unboost|p1b: Scolipede|atk|1\n|move|p1a: Mienshao|Fake Out|p2a: Wildfire\n|-damage|p2a: Wildfire|90\/100\n|move|p2b: Trap shadow|Will-O-Wisp|p1a: Mienshao\n|-status|p1a: Mienshao|brn\n|move|p1b: Scolipede|Swords Dance|p1b: Scolipede\n|-boost|p1b: Scolipede|atk|2\n|\n|-damage|p1a: Mienshao|95\/100 brn|[from] brn\n|-ability|p1b: Scolipede|Speed Boost|boost\n|-boost|p1b: Scolipede|spe|1\n|upkeep\n|turn|2\n|\n|t:|1698505699\n|move|p1b: Scolipede|Protect|p1b: Scolipede\n|-singleturn|p1b: Scolipede|Protect\n|move|p2b: Trap shadow|Shadow Ball|p1a: Mienshao\n|-damage|p1a: Mienshao|26\/100 brn\n|-unboost|p1a: Mienshao|spd|1\n|move|p1a: Mienshao|Drain Punch|p2a: Wildfire\n|-supereffective|p2a: Wildfire\n|-damage|p2a: Wildfire|63\/100\n|-heal|p1a: Mienshao|46\/100 brn|[from] drain|[of] p2a: Wildfire\n|move|p2a: Wildfire|Flare Blitz|p1b: Scolipede\n|-activate|p1b: Scolipede|move: Protect\n|\n|-damage|p1a: Mienshao|40\/100 brn|[from] brn\n|-ability|p1b: Scolipede|Speed Boost|boost\n|-boost|p1b: Scolipede|spe|1\n|upkeep\n|turn|3\n|\n|t:|1698505709\n|move|p1b: Scolipede|Poison Jab|p2a: Wildfire\n|-damage|p2a: Wildfire|23\/100\n|-enditem|p2a: Wildfire|Sitrus Berry|[eat]\n|-heal|p2a: Wildfire|48\/100|[from] item: Sitrus Berry\n|move|p2b: Trap shadow|Shadow Ball|p1a: Mienshao\n|-damage|p1a: Mienshao|0 fnt\n|faint|p1a: Mienshao\n|-ability|p2b: Trap shadow|Grim Neigh|boost\n|-boost|p2b: Trap shadow|spa|1\n|move|p2a: Wildfire|Flare Blitz|p1b: Scolipede\n|-supereffective|p1b: Scolipede\n|-enditem|p1b: Scolipede|Focus Sash\n|-damage|p1b: Scolipede|1\/100\n|-damage|p2a: Wildfire|26\/100|[from] Recoil\n|\n|-ability|p1b: Scolipede|Speed Boost|boost\n|-boost|p1b: Scolipede|spe|1\n|upkeep\n|\n|t:|1698505718\n|switch|p1a: Indeedee|Indeedee-F, F|100\/100\n|-fieldstart|move: Psychic Terrain|[from] ability: Psychic Surge|[of] p1a: Indeedee\n|turn|4\n|\n|t:|1698505734\n|move|p1a: Indeedee|Follow Me|p1a: Indeedee\n|-singleturn|p1a: Indeedee|move: Follow Me\n|move|p1b: Scolipede|Poison Jab|p2a: Wildfire\n|-damage|p2a: Wildfire|0 fnt\n|faint|p2a: Wildfire\n|move|p2b: Trap shadow|Snarl|p1a: Indeedee|[spread] p1a,p1b\n|-supereffective|p1a: Indeedee\n|-damage|p1a: Indeedee|66\/100\n|-damage|p1b: Scolipede|0 fnt\n|-unboost|p1a: Indeedee|spa|1\n|faint|p1b: Scolipede\n|-ability|p2b: Trap shadow|Grim Neigh|boost\n|-boost|p2b: Trap shadow|spa|1\n|\n|upkeep\n|\n|t:|1698505740\n|switch|p1b: Whimsicott|Whimsicott, F, shiny|100\/100\n|switch|p2a: Turbo charge DK|Rillaboom, F|100\/100\n|-fieldstart|move: Grassy Terrain|[from] ability: Grassy Surge|[of] p2a: Turbo charge DK\n|turn|5\n|-message|MakyuraDestroyer forfeited.\n|\n|win|thundervoltss\n|raw|MakyuraDestroyer's rating: 1319 &rarr; <strong>1302<\/strong><br \/>(-17 for losing)\n|raw|thundervoltss's rating: 1371 &rarr; <strong>1388<\/strong><br \/>(+17 for winning)\n|l|\u2606MakyuraDestroyer\n","uploadtime":1698505763,"views":6,"p1id":"makyuradestroyer","p2id":"thundervoltss","formatid":"gen9nationaldexdoubles","rating":1302,"private":0,"password":""}