{"id":"gen9nationaldexdoubles-1992766120","p1":"psng","p2":"ooobertThaGoobert","format":"[Gen 9] National Dex Doubles","log":"|j|\u2606psng\n|j|\u2606ooobertThaGoobert\n|t:|1700233540\n|gametype|doubles\n|player|p1|psng|wallace|1236\n|player|p2|ooobertThaGoobert|clown|1431\n|teamsize|p1|6\n|teamsize|p2|6\n|gen|9\n|tier|[Gen 9] National Dex Doubles\n|rated|\n|rule|HP Percentage Mod: HP is shown in percentages\n|rule|Endless Battle Clause: Forcing endless battles is banned\n|rule|OHKO Clause: OHKO moves are banned\n|rule|Evasion Moves Clause: Evasion moves are banned\n|rule|Evasion Abilities Clause: Evasion abilities are banned\n|rule|Species Clause: Limit one of each Pok\u00e9mon\n|rule|Gravity Sleep Clause: The combination of sleep-inducing moves with imperfect accuracy and Gravity or Gigantamax Orbeetle are banned\n|clearpoke\n|poke|p1|Hatterene, F|\n|poke|p1|Incineroar, F|\n|poke|p1|Gastrodon-East, M|\n|poke|p1|Mawile, M|\n|poke|p1|Porygon2|\n|poke|p1|Rillaboom, F|\n|poke|p2|Vanilluxe, M|\n|poke|p2|Sandslash-Alola, M|\n|poke|p2|Arctozolt|\n|poke|p2|Abomasnow, M|\n|poke|p2|Walrein, M|\n|poke|p2|Glaceon, M|\n|teampreview\n|inactive|Battle timer is ON: inactive players will automatically lose when time's up. (requested by ooobertThaGoobert)\n|inactive|psng also wants the timer to be on.\n|\n|t:|1700233565\n|start\n|switch|p1a: Porygon2|Porygon2, shiny|100\/100\n|switch|p1b: Incineroar|Incineroar, F, shiny|100\/100\n|switch|p2a: Sno Bamba|Abomasnow, M, shiny|100\/100\n|switch|p2b: Skater Boy|Sandslash-Alola, M, shiny|100\/100\n|-weather|Snow|[from] ability: Snow Warning|[of] p2a: Sno Bamba\n|-ability|p1b: Incineroar|Intimidate|boost\n|-unboost|p2a: Sno Bamba|atk|1\n|-unboost|p2b: Skater Boy|atk|1\n|-ability|p1a: Porygon2|Download|boost\n|-boost|p1a: Porygon2|spa|1\n|turn|1\n|\n|t:|1700233577\n|-terastallize|p2b: Skater Boy|Ghost\n|move|p1b: Incineroar|Fake Out|p2b: Skater Boy\n|-immune|p2b: Skater Boy\n|move|p2b: Skater Boy|Drill Run|p1b: Incineroar\n|-supereffective|p1b: Incineroar\n|-damage|p1b: Incineroar|65\/100\n|move|p2a: Sno Bamba|Earth Power|p1b: Incineroar\n|-supereffective|p1b: Incineroar\n|-damage|p1b: Incineroar|26\/100\n|-unboost|p1b: Incineroar|spd|1\n|move|p1a: Porygon2|Trick Room|p1a: Porygon2\n|-fieldstart|move: Trick Room|[of] p1a: Porygon2\n|\n|-weather|Snow|[upkeep]\n|-heal|p1b: Incineroar|32\/100|[from] item: Leftovers\n|upkeep\n|turn|2\n|inactive|psng has 120 seconds left.\n|\n|t:|1700233612\n|switch|p1a: Mawile|Mawile, M, shiny|100\/100\n|-ability|p1a: Mawile|Intimidate|boost\n|-unboost|p2a: Sno Bamba|atk|1\n|-unboost|p2b: Skater Boy|atk|1\n|move|p1b: Incineroar|Parting Shot|p2b: Skater Boy\n|-unboost|p2b: Skater Boy|atk|1\n|-unboost|p2b: Skater Boy|spa|1\n|inactive|psng has 120 seconds left.\n|inactive|psng has 90 seconds left.\n|\n|t:|1700233652\n|switch|p1b: Gastrodon|Gastrodon-East, M, shiny|100\/100|[from] Parting Shot\n|move|p2a: Sno Bamba|Blizzard|p1b: Gastrodon|[spread] p1a,p1b\n|-resisted|p1a: Mawile\n|-damage|p1a: Mawile|68\/100\n|-damage|p1b: Gastrodon|66\/100\n|move|p2b: Skater Boy|Drill Run|p1b: Gastrodon\n|-damage|p1b: Gastrodon|53\/100\n|\n|-weather|Snow|[upkeep]\n|upkeep\n|turn|3\n|\n|t:|1700233662\n|detailschange|p1a: Mawile|Mawile-Mega, M, shiny\n|-mega|p1a: Mawile|Mawile|Mawilite\n|move|p1b: Gastrodon|Protect|p1b: Gastrodon\n|-singleturn|p1b: Gastrodon|Protect\n|move|p1a: Mawile|Swords Dance|p1a: Mawile\n|-boost|p1a: Mawile|atk|2\n|move|p2a: Sno Bamba|Giga Drain|p1b: Gastrodon\n|-activate|p1b: Gastrodon|move: Protect\n|move|p2b: Skater Boy|Drill Run|p1a: Mawile|[miss]\n|-miss|p2b: Skater Boy|p1a: Mawile\n|\n|-weather|Snow|[upkeep]\n|upkeep\n|turn|4\n|inactive|psng has 120 seconds left.\n|inactive|psng has 90 seconds left.\n|\n|t:|1700233709\n|switch|p1b: Rillaboom|Rillaboom, F, shiny|100\/100\n|-fieldstart|move: Grassy Terrain|[from] ability: Grassy Surge|[of] p1b: Rillaboom\n|move|p1a: Mawile|Iron Head|p2b: Skater Boy\n|-damage|p2b: Skater Boy|0 fnt\n|faint|p2b: Skater Boy\n|move|p2a: Sno Bamba|Giga Drain|p1b: Rillaboom\n|-resisted|p1b: Rillaboom\n|-damage|p1b: Rillaboom|85\/100\n|\n|-weather|Snow|[upkeep]\n|-heal|p1a: Mawile|74\/100|[from] Grassy Terrain\n|-heal|p1b: Rillaboom|91\/100|[from] Grassy Terrain\n|upkeep\n|\n|t:|1700233718\n|switch|p2b: President Walrus|Walrein, M, shiny|100\/100\n|turn|5\n|\n|t:|1700233734\n|switch|p1b: Porygon2|Porygon2, shiny|100\/100\n|-ability|p1b: Porygon2|Download|boost\n|-boost|p1b: Porygon2|atk|1\n|move|p1a: Mawile|Iron Head|p2b: President Walrus\n|-damage|p2b: President Walrus|0 fnt\n|faint|p2b: President Walrus\n|move|p2a: Sno Bamba|Earth Power|p1a: Mawile\n|-supereffective|p1a: Mawile\n|-damage|p1a: Mawile|13\/100\n|\n|-weather|Snow|[upkeep]\n|-heal|p1a: Mawile|19\/100|[from] Grassy Terrain\n|-fieldend|move: Trick Room\n|upkeep\n|\n|t:|1700233742\n|switch|p2b: Retro|Arctozolt, shiny|100\/100\n|turn|6\n|\n|t:|1700233754\n|move|p2b: Retro|Bolt Beak|p1a: Mawile\n|-damage|p1a: Mawile|0 fnt\n|faint|p1a: Mawile\n|move|p2a: Sno Bamba|Blizzard|p1b: Porygon2\n|-damage|p1b: Porygon2|71\/100\n|move|p1b: Porygon2|Trick Room|p1b: Porygon2\n|-fieldstart|move: Trick Room|[of] p1b: Porygon2\n|\n|-weather|Snow|[upkeep]\n|-heal|p1b: Porygon2|77\/100|[from] Grassy Terrain\n|upkeep\n|inactive|psng has 120 seconds left.\n|\n|t:|1700233768\n|switch|p1a: Gastrodon|Gastrodon-East, M, shiny|53\/100\n|turn|7\n|\n|t:|1700233773\n|switch|p1b: Incineroar|Incineroar, F, shiny|32\/100\n|-ability|p1b: Incineroar|Intimidate|boost\n|-unboost|p2a: Sno Bamba|atk|1\n|-unboost|p2b: Retro|atk|1\n|-zpower|p1a: Gastrodon\n|move|p1a: Gastrodon|Tectonic Rage|p2b: Retro|[zeffect]\n|-supereffective|p2b: Retro\n|-damage|p2b: Retro|0 fnt\n|faint|p2b: Retro\n|move|p2a: Sno Bamba|Blizzard|p1b: Incineroar|[spread] p1a,p1b\n|-resisted|p1b: Incineroar\n|-damage|p1a: Gastrodon|18\/100\n|-damage|p1b: Incineroar|19\/100\n|-status|p1a: Gastrodon|frz\n|\n|-weather|Snow|[upkeep]\n|-heal|p1a: Gastrodon|24\/100 frz|[from] Grassy Terrain\n|-heal|p1b: Incineroar|25\/100|[from] Grassy Terrain\n|-heal|p1b: Incineroar|31\/100|[from] item: Leftovers\n|upkeep\n|\n|t:|1700233782\n|switch|p2b: Chilly|Glaceon, M, shiny|100\/100\n|turn|8\n|\n|t:|1700233789\n|move|p1b: Incineroar|Fake Out|p2a: Sno Bamba\n|-damage|p2a: Sno Bamba|93\/100\n|cant|p1a: Gastrodon|frz\n|cant|p2a: Sno Bamba|flinch\n|move|p2b: Chilly|Chilling Water|p1a: Gastrodon\n|-activate|p1a: Gastrodon|ability: Storm Drain\n|-ability|p1a: Gastrodon|Storm Drain|boost\n|-boost|p1a: Gastrodon|spa|1\n|\n|-weather|none\n|-heal|p1a: Gastrodon|31\/100 frz|[from] Grassy Terrain\n|-heal|p1b: Incineroar|37\/100|[from] Grassy Terrain\n|-heal|p2a: Sno Bamba|99\/100|[from] Grassy Terrain\n|-heal|p1b: Incineroar|43\/100|[from] item: Leftovers\n|-fieldend|move: Grassy Terrain\n|upkeep\n|turn|9\n|\n|t:|1700233801\n|-curestatus|p1a: Gastrodon|frz|[msg]\n|move|p1a: Gastrodon|Muddy Water|p2b: Chilly|[spread] p2a,p2b\n|-resisted|p2a: Sno Bamba\n|-damage|p2a: Sno Bamba|75\/100\n|-damage|p2b: Chilly|50\/100\n|move|p1b: Incineroar|Parting Shot|p2b: Chilly\n|-unboost|p2b: Chilly|atk|1\n|-unboost|p2b: Chilly|spa|1\n|\n|t:|1700233811\n|switch|p1b: Hatterene|Hatterene, F, shiny|100\/100|[from] Parting Shot\n|move|p2a: Sno Bamba|Blizzard|p1a: Gastrodon|[spread] p1b\n|-miss|p2a: Sno Bamba|p1a: Gastrodon\n|-damage|p1b: Hatterene|71\/100\n|move|p2b: Chilly|Aurora Veil||[still]\n|-fail|p2b: Chilly\n|\n|upkeep\n|turn|10\n|\n|t:|1700233832\n|switch|p1b: Rillaboom|Rillaboom, F, shiny|91\/100\n|-fieldstart|move: Grassy Terrain|[from] ability: Grassy Surge|[of] p1b: Rillaboom\n|move|p1a: Gastrodon|Muddy Water|p2a: Sno Bamba|[spread] p2a,p2b\n|-resisted|p2a: Sno Bamba\n|-crit|p2b: Chilly\n|-damage|p2a: Sno Bamba|54\/100\n|-damage|p2b: Chilly|0 fnt\n|-unboost|p2a: Sno Bamba|accuracy|1\n|faint|p2b: Chilly\n|move|p2a: Sno Bamba|Blizzard|p1a: Gastrodon|[spread] \n|-miss|p2a: Sno Bamba|p1a: Gastrodon\n|-miss|p2a: Sno Bamba|p1b: Rillaboom\n|\n|-heal|p1a: Gastrodon|37\/100|[from] Grassy Terrain\n|-heal|p2a: Sno Bamba|60\/100|[from] Grassy Terrain\n|-heal|p1b: Rillaboom|97\/100|[from] Grassy Terrain\n|-fieldend|move: Trick Room\n|upkeep\n|\n|t:|1700233835\n|switch|p2b: The Scooper|Vanilluxe, M, shiny|100\/100\n|-weather|Snow|[from] ability: Snow Warning|[of] p2b: The Scooper\n|turn|11\n|\n|t:|1700233861\n|move|p1a: Gastrodon|Protect|p1a: Gastrodon\n|-singleturn|p1a: Gastrodon|Protect\n|move|p2b: The Scooper|Freeze-Dry|p1a: Gastrodon\n|-activate|p1a: Gastrodon|move: Protect\n|move|p1b: Rillaboom|Hammer Arm|p2b: The Scooper\n|-supereffective|p2b: The Scooper\n|-damage|p2b: The Scooper|44\/100\n|-unboost|p1b: Rillaboom|spe|1\n|move|p2a: Sno Bamba|Blizzard|p1a: Gastrodon|[spread] p1b\n|-activate|p1a: Gastrodon|move: Protect\n|-supereffective|p1b: Rillaboom\n|-damage|p1b: Rillaboom|44\/100\n|\n|-weather|Snow|[upkeep]\n|-heal|p2b: The Scooper|50\/100|[from] Grassy Terrain\n|-heal|p2a: Sno Bamba|66\/100|[from] Grassy Terrain\n|-heal|p1b: Rillaboom|50\/100|[from] Grassy Terrain\n|-heal|p1a: Gastrodon|43\/100|[from] Grassy Terrain\n|upkeep\n|turn|12\n|\n|t:|1700233880\n|switch|p1a: Incineroar|Incineroar, F, shiny|43\/100\n|-ability|p1a: Incineroar|Intimidate|boost\n|-unboost|p2a: Sno Bamba|atk|1\n|-unboost|p2b: The Scooper|atk|1\n|move|p2b: The Scooper|Freeze-Dry|p1a: Incineroar\n|-resisted|p1a: Incineroar\n|-damage|p1a: Incineroar|32\/100\n|move|p2a: Sno Bamba|Blizzard|p1b: Rillaboom|[spread] p1a,p1b\n|-resisted|p1a: Incineroar\n|-crit|p1a: Incineroar\n|-supereffective|p1b: Rillaboom\n|-damage|p1a: Incineroar|13\/100\n|-damage|p1b: Rillaboom|0 fnt\n|faint|p1b: Rillaboom\n|\n|-weather|Snow|[upkeep]\n|-heal|p2b: The Scooper|56\/100|[from] Grassy Terrain\n|-heal|p2a: Sno Bamba|72\/100|[from] Grassy Terrain\n|-heal|p1a: Incineroar|19\/100|[from] Grassy Terrain\n|-heal|p1a: Incineroar|25\/100|[from] item: Leftovers\n|upkeep\n|\n|t:|1700233899\n|switch|p1b: Porygon2|Porygon2, shiny|77\/100\n|-ability|p1b: Porygon2|Download|boost\n|-boost|p1b: Porygon2|atk|1\n|turn|13\n|\n|t:|1700233906\n|move|p1a: Incineroar|Fake Out|p2a: Sno Bamba\n|-damage|p2a: Sno Bamba|64\/100\n|move|p2b: The Scooper|Freeze-Dry|p1a: Incineroar\n|-resisted|p1a: Incineroar\n|-damage|p1a: Incineroar|12\/100\n|-status|p1a: Incineroar|frz\n|cant|p2a: Sno Bamba|flinch\n|move|p1b: Porygon2|Trick Room|p1b: Porygon2\n|-fieldstart|move: Trick Room|[of] p1b: Porygon2\n|\n|-weather|Snow|[upkeep]\n|-heal|p1b: Porygon2|84\/100|[from] Grassy Terrain\n|-heal|p2a: Sno Bamba|70\/100|[from] Grassy Terrain\n|-heal|p1a: Incineroar|19\/100 frz|[from] Grassy Terrain\n|-heal|p1a: Incineroar|25\/100 frz|[from] item: Leftovers\n|-heal|p2b: The Scooper|62\/100|[from] Grassy Terrain\n|upkeep\n|turn|14\n|\n|t:|1700233926\n|switch|p1b: Hatterene|Hatterene, F, shiny|71\/100\n|move|p2a: Sno Bamba|Blizzard|p1a: Incineroar|[spread] p1a,p1b\n|-resisted|p1a: Incineroar\n|-damage|p1a: Incineroar|12\/100 frz\n|-damage|p1b: Hatterene|42\/100\n|-curestatus|p1a: Incineroar|frz|[from] move: Flare Blitz\n|move|p1a: Incineroar|Flare Blitz|p2b: The Scooper\n|-supereffective|p2b: The Scooper\n|-damage|p2b: The Scooper|0 fnt\n|faint|p2b: The Scooper\n|-damage|p1a: Incineroar|0 fnt|[from] Recoil\n|faint|p1a: Incineroar\n|\n|-weather|Snow|[upkeep]\n|-heal|p1b: Hatterene|48\/100|[from] Grassy Terrain\n|-heal|p2a: Sno Bamba|76\/100|[from] Grassy Terrain\n|-fieldend|move: Grassy Terrain\n|upkeep\n|\n|t:|1700233943\n|switch|p1a: Gastrodon|Gastrodon-East, M, shiny|43\/100\n|turn|15\n|\n|t:|1700233955\n|move|p1b: Hatterene|Psyshock|p2a: Sno Bamba\n|-damage|p2a: Sno Bamba|40\/100\n|-damage|p1b: Hatterene|38\/100|[from] item: Life Orb\n|move|p1a: Gastrodon|Earth Power|p2a: Sno Bamba\n|-resisted|p2a: Sno Bamba\n|-damage|p2a: Sno Bamba|20\/100\n|move|p2a: Sno Bamba|Giga Drain|p1a: Gastrodon\n|-supereffective|p1a: Gastrodon\n|-damage|p1a: Gastrodon|0 fnt\n|-heal|p2a: Sno Bamba|44\/100|[from] drain|[of] p1a: Gastrodon\n|faint|p1a: Gastrodon\n|\n|-weather|none\n|upkeep\n|\n|t:|1700233964\n|switch|p1a: Porygon2|Porygon2, shiny|84\/100\n|-ability|p1a: Porygon2|Download|boost\n|-boost|p1a: Porygon2|atk|1\n|turn|16\n|\n|t:|1700233972\n|move|p1b: Hatterene|Psyshock|p2a: Sno Bamba\n|-damage|p2a: Sno Bamba|0 fnt\n|faint|p2a: Sno Bamba\n|-damage|p1b: Hatterene|28\/100|[from] item: Life Orb\n|\n|win|psng\n|raw|psng's rating: 1236 &rarr; <strong>1274<\/strong><br \/>(+38 for winning)\n|raw|ooobertThaGoobert's rating: 1431 &rarr; <strong>1401<\/strong><br \/>(-30 for losing)\n|l|\u2606ooobertThaGoobert\n","uploadtime":1700233986,"views":12,"p1id":"psng","p2id":"ooobertthagoobert","formatid":"gen9nationaldexdoubles","rating":1274,"private":0,"password":""}