{"id":"gen9nationaldexdoubles-1954214764","p1":"coooooomer","p2":"pot rocks","format":"[Gen 9] National Dex Doubles","log":"|j|\u2606coooooomer\n|j|\u2606pot rocks\n|t:|1695865780\n|gametype|doubles\n|player|p1|coooooomer|101|1230\n|player|p2|pot rocks|fisherman-gen4|1162\n|teamsize|p1|6\n|teamsize|p2|6\n|gen|9\n|tier|[Gen 9] National Dex Doubles\n|rated|\n|rule|HP Percentage Mod: HP is shown in percentages\n|rule|Endless Battle Clause: Forcing endless battles is banned\n|rule|OHKO Clause: OHKO moves are banned\n|rule|Evasion Moves Clause: Evasion moves are banned\n|rule|Evasion Abilities Clause: Evasion abilities are banned\n|rule|Species Clause: Limit one of each Pok\u00e9mon\n|rule|Gravity Sleep Clause: The combination of sleep-inducing moves with imperfect accuracy and Gravity or Gigantamax Orbeetle are banned\n|clearpoke\n|poke|p1|Kommo-o, F|\n|poke|p1|Amoonguss, F|\n|poke|p1|Zangoose, M|\n|poke|p1|Ribombee, M|\n|poke|p1|Toxapex, F|\n|poke|p1|Clefable, M|\n|poke|p2|Ambipom, M|\n|poke|p2|Jolteon, F|\n|poke|p2|Absol, F|\n|poke|p2|Tauros, M|\n|poke|p2|Pidove, F|\n|poke|p2|Weezing-Galar, M|\n|teampreview\n|inactive|Battle timer is ON: inactive players will automatically lose when time's up. (requested by pot rocks)\n|\n|t:|1695865798\n|start\n|switch|p1a: Kommo-o|Kommo-o, F|100\/100\n|switch|p1b: Clefable|Clefable, M|100\/100\n|switch|p2a: Tauros|Tauros, M|100\/100\n|switch|p2b: Pidove|Pidove, F|100\/100\n|turn|1\n|\n|t:|1695865810\n|move|p1b: Clefable|Follow Me|p1b: Clefable\n|-singleturn|p1b: Clefable|move: Follow Me\n|move|p2b: Pidove|Quick Attack|p1b: Clefable\n|-crit|p1b: Clefable\n|-damage|p1b: Clefable|85\/100\n|-enditem|p1b: Clefable|Jaboca Berry|[eat]\n|-damage|p2b: Pidove|88\/100|[from] item: Jaboca Berry|[of] p1b: Clefable\n|move|p2a: Tauros|Earthquake|p1b: Clefable|[spread] p1a,p1b\n|-immune|p2b: Pidove\n|-damage|p1a: Kommo-o|78\/100\n|-damage|p1b: Clefable|60\/100\n|move|p1a: Kommo-o|Belly Drum|p1a: Kommo-o\n|-damage|p1a: Kommo-o|28\/100\n|-setboost|p1a: Kommo-o|atk|6|[from] move: Belly Drum\n|\n|upkeep\n|turn|2\n|\n|t:|1695865828\n|move|p1b: Clefable|Follow Me|p1b: Clefable\n|-singleturn|p1b: Clefable|move: Follow Me\n|move|p2b: Pidove|Quick Attack|p1b: Clefable\n|-crit|p1b: Clefable\n|-damage|p1b: Clefable|45\/100\n|move|p2a: Tauros|Earthquake|p1b: Clefable|[spread] p1a,p1b\n|-immune|p2b: Pidove\n|-damage|p1a: Kommo-o|7\/100\n|-damage|p1b: Clefable|20\/100\n|-enditem|p1a: Kommo-o|Salac Berry|[eat]\n|-boost|p1a: Kommo-o|spe|1|[from] item: Salac Berry\n|move|p1a: Kommo-o|Autotomize|p1a: Kommo-o\n|-boost|p1a: Kommo-o|spe|2\n|-start|p1a: Kommo-o|Autotomize\n|\n|upkeep\n|turn|3\n|\n|t:|1695865843\n|move|p2b: Pidove|Detect|p2b: Pidove\n|-singleturn|p2b: Pidove|Protect\n|move|p1b: Clefable|Follow Me|p1b: Clefable\n|-singleturn|p1b: Clefable|move: Follow Me\n|move|p1a: Kommo-o|Reversal|p2a: Tauros\n|-supereffective|p2a: Tauros\n|-damage|p2a: Tauros|0 fnt\n|faint|p2a: Tauros\n|\n|upkeep\n|\n|t:|1695865854\n|switch|p2a: Ambipom|Ambipom, M|100\/100\n|turn|4\n|\n|t:|1695865860\n|move|p2a: Ambipom|Fake Out|p1b: Clefable\n|-damage|p1b: Clefable|0 fnt\n|faint|p1b: Clefable\n|move|p2b: Pidove|Quick Attack|p1a: Kommo-o\n|-damage|p1a: Kommo-o|0 fnt\n|faint|p1a: Kommo-o\n|\n|upkeep\n|\n|t:|1695865867\n|switch|p1a: Zangoose|Zangoose, M|100\/100\n|switch|p1b: Amoonguss|Amoonguss, F|100\/100\n|turn|5\n|\n|t:|1695865883\n|move|p1b: Amoonguss|Rage Powder|p1b: Amoonguss\n|-singleturn|p1b: Amoonguss|move: Rage Powder\n|move|p2a: Ambipom|Aerial Ace|p1b: Amoonguss\n|-supereffective|p1b: Amoonguss\n|-damage|p1b: Amoonguss|44\/100\n|move|p1a: Zangoose|Belly Drum|p1a: Zangoose\n|-damage|p1a: Zangoose|51\/100\n|-setboost|p1a: Zangoose|atk|6|[from] move: Belly Drum\n|move|p2b: Pidove|Taunt|p1b: Amoonguss\n|-start|p1b: Amoonguss|move: Taunt\n|\n|-heal|p1b: Amoonguss|51\/100|[from] item: Black Sludge\n|-status|p1a: Zangoose|tox|[from] item: Toxic Orb\n|upkeep\n|turn|6\n|\n|t:|1695865905\n|move|p2a: Ambipom|Double Hit|p1a: Zangoose|[miss]\n|-miss|p2a: Ambipom|p1a: Zangoose\n|move|p1a: Zangoose|Facade|p2a: Ambipom\n|-damage|p2a: Ambipom|0 fnt\n|faint|p2a: Ambipom\n|move|p2b: Pidove|Tailwind|p2b: Pidove\n|-sidestart|p2: pot rocks|move: Tailwind\n|move|p1b: Amoonguss|Giga Drain|p2b: Pidove\n|-resisted|p2b: Pidove\n|-damage|p2b: Pidove|57\/100\n|-heal|p1b: Amoonguss|62\/100|[from] drain|[of] p2b: Pidove\n|\n|-heal|p1b: Amoonguss|68\/100|[from] item: Black Sludge\n|-damage|p1a: Zangoose|45\/100 tox|[from] psn\n|upkeep\n|\n|t:|1695865914\n|switch|p2a: Jolteon|Jolteon, F|100\/100\n|turn|7\n|\n|t:|1695865925\n|-terastallize|p1a: Zangoose|Normal\n|move|p2b: Pidove|Quick Attack|p1a: Zangoose\n|-crit|p1a: Zangoose\n|-damage|p1a: Zangoose|20\/100 tox\n|move|p2a: Jolteon|Thunderbolt|p1a: Zangoose\n|-damage|p1a: Zangoose|0 fnt\n|faint|p1a: Zangoose\n|move|p1b: Amoonguss|Giga Drain|p2a: Jolteon\n|-damage|p2a: Jolteon|72\/100\n|-heal|p1b: Amoonguss|77\/100|[from] drain|[of] p2a: Jolteon\n|\n|-heal|p1b: Amoonguss|83\/100|[from] item: Black Sludge\n|upkeep\n|\n|t:|1695865933\n|switch|p1a: Ribombee|Ribombee, M|100\/100\n|turn|8\n|\n|t:|1695865944\n|switch|p1b: Toxapex|Toxapex, F|100\/100\n|move|p2b: Pidove|Quick Attack|p1a: Ribombee\n|-crit|p1a: Ribombee\n|-damage|p1a: Ribombee|76\/100\n|move|p2a: Jolteon|Thunderbolt|p1a: Ribombee\n|-damage|p1a: Ribombee|0 fnt\n|faint|p1a: Ribombee\n|\n|upkeep\n|-message|coooooomer forfeited.\n|\n|win|pot rocks\n|raw|coooooomer's rating: 1230 &rarr; <strong>1200<\/strong><br \/>(-30 for losing)\n|raw|pot rocks's rating: 1162 &rarr; <strong>1192<\/strong><br \/>(+30 for winning)\n|l|\u2606coooooomer\n","uploadtime":1695865958,"views":12,"p1id":"coooooomer","p2id":"potrocks","formatid":"gen9nationaldexdoubles","rating":1192,"private":0,"password":""}