{"id":"gen9nationaldexdoubles-1997234763","p1":"dommiemommie","p2":"Palden64","format":"[Gen 9] National Dex Doubles","log":"|j|\u2606dommiemommie\n|j|\u2606Palden64\n|t:|1700778637\n|gametype|doubles\n|player|p1|dommiemommie|266|\n|player|p2|Palden64|iris|\n|teamsize|p1|6\n|teamsize|p2|6\n|gen|9\n|tier|[Gen 9] National Dex Doubles\n|rule|HP Percentage Mod: HP is shown in percentages\n|rule|Endless Battle Clause: Forcing endless battles is banned\n|rule|OHKO Clause: OHKO moves are banned\n|rule|Evasion Moves Clause: Evasion moves are banned\n|rule|Evasion Abilities Clause: Evasion abilities are banned\n|rule|Species Clause: Limit one of each Pok\u00e9mon\n|rule|Gravity Sleep Clause: The combination of sleep-inducing moves with imperfect accuracy and Gravity or Gigantamax Orbeetle are banned\n|clearpoke\n|poke|p1|Grimmsnarl, M|\n|poke|p1|Brute Bonnet|\n|poke|p1|Gholdengo|\n|poke|p1|Forretress, F|\n|poke|p1|Torkoal, M|\n|poke|p1|Lilligant-Hisui, F|\n|poke|p2|Porygon2|\n|poke|p2|Lapras, F|\n|poke|p2|Farigiraf, F|\n|poke|p2|Reuniclus, M|\n|poke|p2|Amoonguss, F|\n|poke|p2|Kingambit, M|\n|teampreview\n|\n|t:|1700778657\n|start\n|switch|p1a: Brute Bonnet|Brute Bonnet|100\/100\n|switch|p1b: Torkoal|Torkoal, M|100\/100\n|switch|p2a: AMOGUS|Amoonguss, F|100\/100\n|switch|p2b: Porygon2|Porygon2|100\/100\n|-ability|p2b: Porygon2|Download|boost\n|-boost|p2b: Porygon2|spa|1\n|-weather|SunnyDay|[from] ability: Drought|[of] p1b: Torkoal\n|-activate|p1a: Brute Bonnet|ability: Protosynthesis\n|-start|p1a: Brute Bonnet|protosynthesisatk\n|turn|1\n|\n|t:|1700778670\n|switch|p1b: Forretress|Forretress, F|100\/100\n|move|p1a: Brute Bonnet|Spore|p2b: Porygon2\n|-status|p2b: Porygon2|slp|[from] move: Spore\n|cant|p2b: Porygon2|slp\n|move|p2a: AMOGUS|Spore|p1b: Forretress\n|-status|p1b: Forretress|slp|[from] move: Spore\n|\n|-weather|SunnyDay|[upkeep]\n|upkeep\n|turn|2\n|\n|t:|1700778688\n|move|p1a: Brute Bonnet|Close Combat|p2b: Porygon2\n|-supereffective|p2b: Porygon2\n|-damage|p2b: Porygon2|27\/100 slp\n|-unboost|p1a: Brute Bonnet|def|1\n|-unboost|p1a: Brute Bonnet|spd|1\n|cant|p2b: Porygon2|slp\n|cant|p1b: Forretress|slp\n|move|p2a: AMOGUS|Pollen Puff|p1a: Brute Bonnet\n|-supereffective|p1a: Brute Bonnet\n|-damage|p1a: Brute Bonnet|0 fnt\n|faint|p1a: Brute Bonnet\n|-end|p1a: Brute Bonnet|Protosynthesis|[silent]\n|\n|-weather|SunnyDay|[upkeep]\n|upkeep\n|\n|t:|1700778709\n|switch|p1a: Gholdengo|Gholdengo, shiny|100\/100\n|turn|3\n|\n|t:|1700778726\n|switch|p2b: Farigiraf|Farigiraf, F|100\/100\n|switch|p2a: Reuniclus|Reuniclus, M|100\/100\n|move|p1a: Gholdengo|Make It Rain|p2b: Farigiraf|[spread] p2a,p2b\n|-damage|p2a: Reuniclus|66\/100\n|-damage|p2b: Farigiraf|65\/100\n|-unboost|p1a: Gholdengo|spa|1\n|-curestatus|p1b: Forretress|slp|[msg]\n|move|p1b: Forretress|Gyro Ball|p2b: Farigiraf\n|-damage|p2b: Farigiraf|52\/100\n|\n|-weather|SunnyDay|[upkeep]\n|upkeep\n|turn|4\n|\n|t:|1700778761\n|switch|p1b: Grimmsnarl|Grimmsnarl, M|100\/100\n|move|p1a: Gholdengo|Substitute|p1a: Gholdengo\n|-start|p1a: Gholdengo|Substitute\n|-damage|p1a: Gholdengo|76\/100\n|move|p2a: Reuniclus|Shadow Ball|p1a: Gholdengo\n|-supereffective|p1a: Gholdengo\n|-end|p1a: Gholdengo|Substitute\n|move|p2b: Farigiraf|Trick Room|p2b: Farigiraf\n|-fieldstart|move: Trick Room|[of] p2b: Farigiraf\n|\n|-weather|SunnyDay|[upkeep]\n|-heal|p1a: Gholdengo|82\/100|[from] item: Leftovers\n|upkeep\n|turn|5\n|\n|t:|1700778787\n|switch|p2b: AMOGUS|Amoonguss, F|100\/100\n|-terastallize|p2a: Reuniclus|Fighting\n|move|p1b: Grimmsnarl|Light Screen|p1b: Grimmsnarl\n|-sidestart|p1: dommiemommie|move: Light Screen\n|move|p2a: Reuniclus|Shadow Ball|p1a: Gholdengo\n|-supereffective|p1a: Gholdengo\n|-damage|p1a: Gholdengo|42\/100\n|move|p1a: Gholdengo|Shadow Ball|p2a: Reuniclus\n|-damage|p2a: Reuniclus|47\/100\n|\n|-weather|none\n|-heal|p1a: Gholdengo|48\/100|[from] item: Leftovers\n|upkeep\n|turn|6\n|\n|t:|1700778808\n|move|p2b: AMOGUS|Pollen Puff|p2a: Reuniclus\n|-heal|p2a: Reuniclus|97\/100\n|move|p2a: Reuniclus|Shadow Ball|p1a: Gholdengo\n|-supereffective|p1a: Gholdengo\n|-damage|p1a: Gholdengo|9\/100\n|move|p1b: Grimmsnarl|Fling|p2b: AMOGUS\n|-damage|p2b: AMOGUS|51\/100\n|-enditem|p1b: Grimmsnarl|Big Nugget|[from] move: Fling\n|move|p1a: Gholdengo|Substitute|p1a: Gholdengo\n|-fail|p1a: Gholdengo|move: Substitute|[weak]\n|\n|-heal|p1a: Gholdengo|15\/100|[from] item: Leftovers\n|upkeep\n|turn|7\n|\n|t:|1700778832\n|switch|p1b: Forretress|Forretress, F|100\/100\n|move|p2b: AMOGUS|Spore|p1b: Forretress\n|-status|p1b: Forretress|slp|[from] move: Spore\n|move|p2a: Reuniclus|Shadow Ball|p1a: Gholdengo\n|-supereffective|p1a: Gholdengo\n|-damage|p1a: Gholdengo|0 fnt\n|faint|p1a: Gholdengo\n|\n|upkeep\n|\n|t:|1700778844\n|switch|p1a: Grimmsnarl|Grimmsnarl, M|100\/100\n|turn|8\n|\n|t:|1700778867\n|switch|p2b: Porygon2|Porygon2|27\/100 slp\n|-ability|p2b: Porygon2|Download|boost\n|-boost|p2b: Porygon2|spa|1\n|switch|p2a: Kingambit|Kingambit, M|100\/100\n|move|p1a: Grimmsnarl|Sucker Punch||[still]\n|-fail|p1a: Grimmsnarl\n|cant|p1b: Forretress|slp\n|\n|-fieldend|move: Trick Room\n|upkeep\n|turn|9\n|\n|t:|1700778884\n|switch|p1a: Torkoal|Torkoal, M|100\/100\n|-weather|SunnyDay|[from] ability: Drought|[of] p1a: Torkoal\n|-curestatus|p2b: Porygon2|slp|[msg]\n|move|p2b: Porygon2|Recover|p2b: Porygon2\n|-heal|p2b: Porygon2|77\/100\n|move|p2a: Kingambit|Iron Head|p1a: Torkoal\n|-resisted|p1a: Torkoal\n|-damage|p1a: Torkoal|86\/100\n|cant|p1b: Forretress|slp\n|\n|-weather|SunnyDay|[upkeep]\n|-sideend|p1: dommiemommie|move: Light Screen\n|upkeep\n|turn|10\n|\n|t:|1700778901\n|move|p2b: Porygon2|Tri Attack|p1a: Torkoal\n|-damage|p1a: Torkoal|17\/100\n|move|p2a: Kingambit|Knock Off|p1a: Torkoal\n|-damage|p1a: Torkoal|0 fnt\n|-enditem|p1a: Torkoal|Choice Specs|[from] move: Knock Off|[of] p2a: Kingambit\n|faint|p1a: Torkoal\n|cant|p1b: Forretress|slp\n|\n|-weather|SunnyDay|[upkeep]\n|upkeep\n|\n|t:|1700778912\n|switch|p1a: Lilligant|Lilligant-Hisui, F|100\/100\n|turn|11\n|\n|t:|1700778931\n|switch|p2a: Reuniclus|Reuniclus, M, tera:Fighting|97\/100\n|move|p1a: Lilligant|Close Combat|p2b: Porygon2\n|-supereffective|p2b: Porygon2\n|-damage|p2b: Porygon2|17\/100\n|-unboost|p1a: Lilligant|def|1\n|-unboost|p1a: Lilligant|spd|1\n|-curestatus|p1b: Forretress|slp|[msg]\n|move|p1b: Forretress|Body Press|p2a: Reuniclus\n|-damage|p2a: Reuniclus|72\/100\n|move|p2b: Porygon2|Trick Room|p2b: Porygon2\n|-fieldstart|move: Trick Room|[of] p2b: Porygon2\n|\n|-weather|SunnyDay|[upkeep]\n|upkeep\n|turn|12\n|\n|t:|1700778953\n|switch|p1a: Grimmsnarl|Grimmsnarl, M|100\/100\n|move|p1b: Forretress|Body Press|p2b: Porygon2\n|-supereffective|p2b: Porygon2\n|-damage|p2b: Porygon2|0 fnt\n|faint|p2b: Porygon2\n|move|p2a: Reuniclus|Focus Blast|p1a: Grimmsnarl\n|-damage|p1a: Grimmsnarl|21\/100\n|-unboost|p1a: Grimmsnarl|spd|1\n|\n|-weather|SunnyDay|[upkeep]\n|upkeep\n|\n|t:|1700778967\n|switch|p2b: Lapras|Lapras, F|100\/100\n|turn|13\n|\n|t:|1700778975\n|move|p1a: Grimmsnarl|Light Screen|p1a: Grimmsnarl\n|-sidestart|p1: dommiemommie|move: Light Screen\n|move|p1b: Forretress|Body Press|p2b: Lapras\n|-supereffective|p2b: Lapras\n|-damage|p2b: Lapras|53\/100\n|move|p2a: Reuniclus|Focus Blast|p1b: Forretress|[miss]\n|-miss|p2a: Reuniclus|p1b: Forretress\n|move|p2b: Lapras|Freeze-Dry|p1a: Grimmsnarl\n|-damage|p1a: Grimmsnarl|0 fnt\n|faint|p1a: Grimmsnarl\n|\n|-weather|none\n|-heal|p2b: Lapras|59\/100|[from] item: Leftovers\n|upkeep\n|\n|t:|1700778984\n|switch|p1a: Lilligant|Lilligant-Hisui, F|100\/100\n|turn|14\n|\n|t:|1700779004\n|move|p1b: Forretress|Body Press|p2b: Lapras\n|-supereffective|p2b: Lapras\n|-damage|p2b: Lapras|17\/100\n|move|p2a: Reuniclus|Focus Blast|p1b: Forretress\n|-damage|p1b: Forretress|32\/100\n|move|p2b: Lapras|Perish Song|p2b: Lapras\n|-start|p1a: Lilligant|perish3|[silent]\n|-start|p1b: Forretress|perish3|[silent]\n|-start|p2a: Reuniclus|perish3|[silent]\n|-start|p2b: Lapras|perish3|[silent]\n|-fieldactivate|move: Perish Song\n|move|p1a: Lilligant|After You||[still]\n|-fail|p1a: Lilligant\n|\n|-heal|p2b: Lapras|23\/100|[from] item: Leftovers\n|-start|p1b: Forretress|perish3\n|-start|p2a: Reuniclus|perish3\n|-start|p2b: Lapras|perish3\n|-start|p1a: Lilligant|perish3\n|upkeep\n|turn|15\n|\n|t:|1700779024\n|move|p2b: Lapras|Protect|p2b: Lapras\n|-singleturn|p2b: Lapras|Protect\n|move|p1b: Forretress|Body Press|p2b: Lapras\n|-activate|p2b: Lapras|move: Protect\n|move|p2a: Reuniclus|Focus Blast|p1a: Lilligant\n|-damage|p1a: Lilligant|32\/100\n|move|p1a: Lilligant|Close Combat|p2a: Reuniclus\n|-damage|p2a: Reuniclus|25\/100\n|-unboost|p1a: Lilligant|def|1\n|-unboost|p1a: Lilligant|spd|1\n|\n|-heal|p2b: Lapras|30\/100|[from] item: Leftovers\n|-start|p1b: Forretress|perish2\n|-start|p2a: Reuniclus|perish2\n|-start|p2b: Lapras|perish2\n|-start|p1a: Lilligant|perish2\n|-fieldend|move: Trick Room\n|upkeep\n|turn|16\n|\n|t:|1700779047\n|move|p2b: Lapras|Protect|p2b: Lapras\n|-singleturn|p2b: Lapras|Protect\n|move|p1a: Lilligant|Close Combat|p2a: Reuniclus\n|-damage|p2a: Reuniclus|0 fnt\n|-unboost|p1a: Lilligant|def|1\n|-unboost|p1a: Lilligant|spd|1\n|faint|p2a: Reuniclus\n|move|p1b: Forretress|Body Press|p2b: Lapras\n|-activate|p2b: Lapras|move: Protect\n|\n|-heal|p2b: Lapras|36\/100|[from] item: Leftovers\n|-start|p1a: Lilligant|perish1\n|-start|p2b: Lapras|perish1\n|-start|p1b: Forretress|perish1\n|upkeep\n|\n|t:|1700779063\n|switch|p2a: Kingambit|Kingambit, M|100\/100\n|turn|17\n|\n|t:|1700779071\n|move|p2b: Lapras|Protect||[still]\n|-fail|p2b: Lapras\n|move|p1a: Lilligant|After You|p1b: Forretress\n|-activate|p1b: Forretress|move: After You\n|move|p1b: Forretress|Body Press|p2a: Kingambit\n|-supereffective|p2a: Kingambit\n|-damage|p2a: Kingambit|17\/100\n|move|p2a: Kingambit|Swords Dance|p2a: Kingambit\n|-boost|p2a: Kingambit|atk|2\n|\n|-heal|p2b: Lapras|42\/100|[from] item: Leftovers\n|-start|p1a: Lilligant|perish0\n|-start|p2b: Lapras|perish0\n|-start|p1b: Forretress|perish0\n|-sideend|p1: dommiemommie|move: Light Screen\n|upkeep\n|faint|p1a: Lilligant\n|faint|p2b: Lapras\n|faint|p1b: Forretress\n|\n|win|Palden64\n|l|\u2606dommiemommie\n","uploadtime":1700779088,"views":0,"p1id":"dommiemommie","p2id":"palden64","formatid":"gen9nationaldexdoubles","rating":0,"private":0,"password":""}