{"id":"gen9nationaldexdoubles-1956133856","p1":"Mollymauk678","p2":"gocks","format":"[Gen 9] National Dex Doubles","log":"|j|\u2606Mollymauk678\n|j|\u2606gocks\n|t:|1696076969\n|gametype|doubles\n|player|p1|Mollymauk678|guitarist-gen4|1000\n|player|p2|gocks|102|1000\n|teamsize|p1|6\n|teamsize|p2|6\n|gen|9\n|tier|[Gen 9] National Dex Doubles\n|rated|\n|rule|HP Percentage Mod: HP is shown in percentages\n|rule|Endless Battle Clause: Forcing endless battles is banned\n|rule|OHKO Clause: OHKO moves are banned\n|rule|Evasion Moves Clause: Evasion moves are banned\n|rule|Evasion Abilities Clause: Evasion abilities are banned\n|rule|Species Clause: Limit one of each Pok\u00e9mon\n|rule|Gravity Sleep Clause: The combination of sleep-inducing moves with imperfect accuracy and Gravity or Gigantamax Orbeetle are banned\n|clearpoke\n|poke|p1|Mawile, M|\n|poke|p1|Haxorus, M|\n|poke|p1|Goodra, M|\n|poke|p1|Sceptile, M|\n|poke|p1|Ninetales, F|\n|poke|p1|Quagsire, M|\n|poke|p2|Espeon, F|\n|poke|p2|Indeedee-F, F|\n|poke|p2|Armarouge, M|\n|poke|p2|Scream Tail|\n|poke|p2|Hattrem, F|\n|poke|p2|Bruxish, M|\n|teampreview\n|\n|t:|1696076994\n|start\n|switch|p1a: Sunny|Sceptile, M|100\/100\n|switch|p1b: Hestia|Ninetales, F|100\/100\n|switch|p2a: Scream Tail|Scream Tail|100\/100\n|switch|p2b: Hattrem|Hattrem, F|100\/100\n|-weather|SunnyDay|[from] ability: Drought|[of] p1b: Hestia\n|-activate|p2a: Scream Tail|ability: Protosynthesis\n|-start|p2a: Scream Tail|protosynthesisspe\n|turn|1\n|\n|t:|1696077023\n|move|p2a: Scream Tail|Thunder Wave|p1a: Sunny\n|-status|p1a: Sunny|par\n|move|p1b: Hestia|Fire Blast|p2a: Scream Tail\n|-damage|p2a: Scream Tail|60\/100\n|move|p1a: Sunny|Rock Slide|p2b: Hattrem|[spread] p2a\n|-miss|p1a: Sunny|p2b: Hattrem\n|-damage|p2a: Scream Tail|47\/100\n|move|p2b: Hattrem|Mystical Fire|p1b: Hestia\n|-resisted|p1b: Hestia\n|-damage|p1b: Hestia|91\/100\n|-unboost|p1b: Hestia|spa|1\n|\n|-weather|SunnyDay|[upkeep]\n|upkeep\n|turn|2\n|\n|t:|1696077049\n|move|p2a: Scream Tail|Stealth Rock|p1a: Sunny\n|-sidestart|p1: Mollymauk678|move: Stealth Rock\n|move|p1b: Hestia|Reflect|p1b: Hestia\n|-sidestart|p1: Mollymauk678|Reflect\n|cant|p1a: Sunny|par\n|move|p2b: Hattrem|Nuzzle|p1b: Hestia\n|-crit|p1b: Hestia\n|-damage|p1b: Hestia|87\/100\n|-status|p1b: Hestia|par\n|\n|-weather|SunnyDay|[upkeep]\n|upkeep\n|turn|3\n|\n|t:|1696077078\n|-end|p2a: Scream Tail|Protosynthesis|[silent]\n|switch|p2a: Armarouge|Armarouge, M|100\/100\n|move|p1a: Sunny|Solar Blade||[still]\n|-prepare|p1a: Sunny|Solar Blade\n|-anim|p1a: Sunny|Solar Blade|p2b: Hattrem\n|-damage|p2b: Hattrem|65\/100\n|move|p2b: Hattrem|Mystical Fire|p1a: Sunny\n|-supereffective|p1a: Sunny\n|-damage|p1a: Sunny|39\/100 par\n|-unboost|p1a: Sunny|spa|1\n|cant|p1b: Hestia|par\n|\n|-weather|SunnyDay|[upkeep]\n|upkeep\n|turn|4\n|\n|t:|1696077101\n|move|p2a: Armarouge|Expanding Force|p1b: Hestia\n|-damage|p1b: Hestia|50\/100 par\n|cant|p1a: Sunny|par\n|move|p2b: Hattrem|Mystical Fire|p1a: Sunny\n|-supereffective|p1a: Sunny\n|-damage|p1a: Sunny|0 fnt\n|faint|p1a: Sunny\n|move|p1b: Hestia|Fire Blast|p2b: Hattrem|[miss]\n|-miss|p1b: Hestia|p2b: Hattrem\n|\n|-weather|SunnyDay|[upkeep]\n|upkeep\n|\n|t:|1696077114\n|switch|p1a: Sir Woops|Quagsire, M|100\/100\n|-damage|p1a: Sir Woops|94\/100|[from] Stealth Rock\n|turn|5\n|\n|t:|1696077128\n|move|p2a: Armarouge|Energy Ball|p1a: Sir Woops\n|-supereffective|p1a: Sir Woops\n|-damage|p1a: Sir Woops|0 fnt\n|faint|p1a: Sir Woops\n|move|p2b: Hattrem|Mystical Fire|p1b: Hestia\n|-resisted|p1b: Hestia\n|-damage|p1b: Hestia|42\/100 par\n|-unboost|p1b: Hestia|spa|1\n|move|p1b: Hestia|Fire Blast|p2b: Hattrem\n|-damage|p2b: Hattrem|38\/100\n|\n|-weather|SunnyDay|[upkeep]\n|upkeep\n|\n|t:|1696077139\n|switch|p1a: Goodra|Goodra, M|100\/100\n|-damage|p1a: Goodra|88\/100|[from] Stealth Rock\n|turn|6\n|\n|t:|1696077165\n|move|p2a: Armarouge|Expanding Force|p1b: Hestia\n|-damage|p1b: Hestia|5\/100 par\n|move|p1a: Goodra|Hydro Pump|p2a: Armarouge\n|-supereffective|p2a: Armarouge\n|-damage|p2a: Armarouge|59\/100\n|-enditem|p2a: Armarouge|Weakness Policy\n|-boost|p2a: Armarouge|atk|2|[from] item: Weakness Policy\n|-boost|p2a: Armarouge|spa|2|[from] item: Weakness Policy\n|move|p2b: Hattrem|Nuzzle|p1a: Goodra\n|-resisted|p1a: Goodra\n|-damage|p1a: Goodra|87\/100\n|-status|p1a: Goodra|par\n|cant|p1b: Hestia|par\n|\n|-weather|SunnyDay|[upkeep]\n|-heal|p1a: Goodra|93\/100 par|[from] item: Leftovers\n|-sideend|p1: Mollymauk678|Reflect\n|upkeep\n|turn|7\n|\n|t:|1696077207\n|switch|p2b: Indeedee|Indeedee-F, F|100\/100\n|-fieldstart|move: Psychic Terrain|[from] ability: Psychic Surge|[of] p2b: Indeedee\n|move|p2a: Armarouge|Expanding Force|p1b: Hestia|[spread] p1a,p1b\n|-damage|p1a: Goodra|24\/100 par\n|-damage|p1b: Hestia|0 fnt\n|faint|p1b: Hestia\n|move|p1a: Goodra|Hydro Pump|p2a: Armarouge|[miss]\n|-miss|p1a: Goodra|p2a: Armarouge\n|\n|-weather|SunnyDay|[upkeep]\n|-heal|p1a: Goodra|30\/100 par|[from] item: Leftovers\n|upkeep\n|\n|t:|1696077220\n|switch|p1b: Mawile|Mawile, M|100\/100\n|-damage|p1b: Mawile|94\/100|[from] Stealth Rock\n|-ability|p1b: Mawile|Intimidate|boost\n|-unboost|p2a: Armarouge|atk|1\n|-unboost|p2b: Indeedee|atk|1\n|turn|8\n|-message|Mollymauk678 forfeited.\n|\n|win|gocks\n|raw|Mollymauk678's rating: 1000 &rarr; <strong>1000<\/strong><br \/>(+0 for losing)\n|raw|gocks's rating: 1000 &rarr; <strong>1040<\/strong><br \/>(+40 for winning)\n|l|\u2606Mollymauk678\n","uploadtime":1696077230,"views":8,"p1id":"mollymauk678","p2id":"gocks","formatid":"gen9nationaldexdoubles","rating":1000,"private":0,"password":""}