{"id":"gen9nationaldexdoubles-1970206069","p1":"NotSlayerz","p2":"Chuuugs","format":"[Gen 9] National Dex Doubles","log":"|j|\u2606NotSlayerz\n|j|\u2606Chuuugs\n|t:|1697610273\n|gametype|doubles\n|player|p1|NotSlayerz|parasollady|1092\n|player|p2|Chuuugs|hilda|1090\n|teamsize|p1|6\n|teamsize|p2|6\n|gen|9\n|tier|[Gen 9] National Dex Doubles\n|rated|\n|rule|HP Percentage Mod: HP is shown in percentages\n|rule|Endless Battle Clause: Forcing endless battles is banned\n|rule|OHKO Clause: OHKO moves are banned\n|rule|Evasion Moves Clause: Evasion moves are banned\n|rule|Evasion Abilities Clause: Evasion abilities are banned\n|rule|Species Clause: Limit one of each Pok\u00e9mon\n|rule|Gravity Sleep Clause: The combination of sleep-inducing moves with imperfect accuracy and Gravity or Gigantamax Orbeetle are banned\n|clearpoke\n|poke|p1|Tsareena, F|\n|poke|p1|Pinsir, F|\n|poke|p1|Florges-Yellow, F|\n|poke|p1|Vaporeon, F|\n|poke|p1|Mienshao, M|\n|poke|p1|Illumise, F|\n|poke|p2|Scream Tail|\n|poke|p2|Ursaluna, F|\n|poke|p2|Torkoal, F|\n|poke|p2|Klefki, M|\n|poke|p2|Amoonguss, M|\n|poke|p2|Clodsire, M|\n|teampreview\n|\n|t:|1697610290\n|start\n|switch|p1a: Illumise|Illumise, F|100\/100\n|switch|p1b: Pinsir|Pinsir, F, shiny|100\/100\n|switch|p2a: Mambo|Scream Tail|100\/100\n|switch|p2b: Toad|Amoonguss, M, shiny|100\/100\n|-ability|p1b: Pinsir|Mold Breaker\n|turn|1\n|inactive|Battle timer is ON: inactive players will automatically lose when time's up. (requested by NotSlayerz)\n|\n|t:|1697610303\n|detailschange|p1b: Pinsir|Pinsir-Mega, F, shiny\n|-mega|p1b: Pinsir|Pinsir|Pinsirite\n|move|p2b: Toad|Rage Powder|p2b: Toad\n|-singleturn|p2b: Toad|move: Rage Powder\n|move|p1b: Pinsir|Frustration|p2b: Toad\n|-supereffective|p2b: Toad\n|-damage|p2b: Toad|0 fnt\n|faint|p2b: Toad\n|move|p1a: Illumise|Tailwind|p1a: Illumise\n|-sidestart|p1: NotSlayerz|move: Tailwind\n|move|p2a: Mambo|Trick Room|p2a: Mambo\n|-fieldstart|move: Trick Room|[of] p2a: Mambo\n|\n|upkeep\n|\n|t:|1697610322\n|switch|p2b: Brick|Torkoal, F|100\/100\n|-weather|SunnyDay|[from] ability: Drought|[of] p2b: Brick\n|-activate|p2a: Mambo|ability: Protosynthesis\n|-start|p2a: Mambo|protosynthesisspd\n|turn|2\n|inactive|Chuuugs has 120 seconds left.\n|\n|t:|1697610352\n|-terastallize|p2b: Brick|Water\n|move|p2b: Brick|Eruption|p1a: Illumise|[spread] p1a,p1b\n|-supereffective|p1a: Illumise\n|-supereffective|p1b: Pinsir\n|-damage|p1a: Illumise|0 fnt\n|-damage|p1b: Pinsir|0 fnt\n|faint|p1a: Illumise\n|faint|p1b: Pinsir\n|move|p2a: Mambo|Roar|p1: Illumise|[notarget]\n|-fail|p2a: Mambo\n|\n|-weather|SunnyDay|[upkeep]\n|upkeep\n|\n|t:|1697610367\n|switch|p1a: Tsareena|Tsareena, F, shiny|100\/100\n|switch|p1b: Mienshao|Mienshao, M|100\/100\n|turn|3\n|\n|t:|1697610383\n|move|p1b: Mienshao|Fake Out|p2b: Brick\n|-damage|p2b: Brick|92\/100\n|cant|p2b: Brick|flinch\n|move|p2a: Mambo|Psychic Fangs|p1b: Mienshao\n|-supereffective|p1b: Mienshao\n|-damage|p1b: Mienshao|27\/100\n|move|p1a: Tsareena|Trop Kick|p2b: Brick\n|-supereffective|p2b: Brick\n|-damage|p2b: Brick|45\/100\n|-unboost|p2b: Brick|atk|1\n|\n|-weather|SunnyDay|[upkeep]\n|upkeep\n|turn|4\n|\n|t:|1697610402\n|move|p2b: Brick|Eruption|p1a: Tsareena|[spread] p1a,p1b\n|-supereffective|p1a: Tsareena\n|-damage|p1a: Tsareena|43\/100\n|-damage|p1b: Mienshao|0 fnt\n|faint|p1b: Mienshao\n|move|p2a: Mambo|Psychic Fangs|p1a: Tsareena\n|-damage|p1a: Tsareena|15\/100\n|move|p1a: Tsareena|Trop Kick|p2b: Brick\n|-supereffective|p2b: Brick\n|-damage|p2b: Brick|0 fnt\n|faint|p2b: Brick\n|\n|-weather|SunnyDay|[upkeep]\n|-sideend|p1: NotSlayerz|move: Tailwind\n|upkeep\n|\n|t:|1697610420\n|switch|p2b: Bernstein|Ursaluna, F|100\/100\n|switch|p1b: Florges|Florges-Yellow, F, shiny|100\/100\n|turn|5\n|\n|t:|1697610433\n|move|p2b: Bernstein|Bulk Up|p2b: Bernstein\n|-boost|p2b: Bernstein|atk|1\n|-boost|p2b: Bernstein|def|1\n|move|p1b: Florges|Calm Mind|p1b: Florges\n|-boost|p1b: Florges|spa|1\n|-boost|p1b: Florges|spd|1\n|move|p2a: Mambo|Psychic Fangs|p1a: Tsareena\n|-damage|p1a: Tsareena|0 fnt\n|faint|p1a: Tsareena\n|\n|-weather|SunnyDay|[upkeep]\n|-fieldend|move: Trick Room\n|-status|p2b: Bernstein|brn|[from] item: Flame Orb\n|upkeep\n|\n|t:|1697610444\n|switch|p1a: Vaporeon|Vaporeon, F, shiny|100\/100\n|turn|6\n|\n|t:|1697610460\n|move|p1b: Florges|Calm Mind|p1b: Florges\n|-boost|p1b: Florges|spa|1\n|-boost|p1b: Florges|spd|1\n|move|p1a: Vaporeon|Calm Mind|p1a: Vaporeon\n|-boost|p1a: Vaporeon|spa|1\n|-boost|p1a: Vaporeon|spd|1\n|move|p2b: Bernstein|Facade|p1a: Vaporeon\n|-damage|p1a: Vaporeon|0 fnt\n|faint|p1a: Vaporeon\n|move|p2a: Mambo|Trick Room|p2a: Mambo\n|-fieldstart|move: Trick Room|[of] p2a: Mambo\n|\n|-weather|SunnyDay|[upkeep]\n|-damage|p2b: Bernstein|94\/100 brn|[from] brn\n|upkeep\n|turn|7\n|\n|t:|1697610477\n|move|p2b: Bernstein|Facade|p1b: Florges\n|-damage|p1b: Florges|0 fnt\n|faint|p1b: Florges\n|\n|win|Chuuugs\n|raw|NotSlayerz's rating: 1092 &rarr; <strong>1068<\/strong><br \/>(-24 for losing)\n|raw|Chuuugs's rating: 1090 &rarr; <strong>1117<\/strong><br \/>(+27 for winning)\n|l|\u2606NotSlayerz\n|c|\u2606Chuuugs|gg\n","uploadtime":1697610489,"views":14,"p1id":"notslayerz","p2id":"chuuugs","formatid":"gen9nationaldexdoubles","rating":1068,"private":0,"password":""}