{"id":"gen9nationaldexdoubles-1985319887","p1":"OhiosBestTrainer","p2":"swayfan2","format":"[Gen 9] National Dex Doubles","log":"|j|\u2606OhiosBestTrainer\n|j|\u2606swayfan2\n|t:|1699364100\n|gametype|doubles\n|player|p1|OhiosBestTrainer|psychic-gen4|1000\n|player|p2|swayfan2|266|1127\n|teamsize|p1|6\n|teamsize|p2|6\n|gen|9\n|tier|[Gen 9] National Dex Doubles\n|rated|\n|rule|HP Percentage Mod: HP is shown in percentages\n|rule|Endless Battle Clause: Forcing endless battles is banned\n|rule|OHKO Clause: OHKO moves are banned\n|rule|Evasion Moves Clause: Evasion moves are banned\n|rule|Evasion Abilities Clause: Evasion abilities are banned\n|rule|Species Clause: Limit one of each Pok\u00e9mon\n|rule|Gravity Sleep Clause: The combination of sleep-inducing moves with imperfect accuracy and Gravity or Gigantamax Orbeetle are banned\n|clearpoke\n|poke|p1|Eiscue, M|\n|poke|p1|Abomasnow, M|\n|poke|p1|Azumarill, M|\n|poke|p1|Froslass, F|\n|poke|p1|Baxcalibur, M|\n|poke|p1|Delibird, F|\n|poke|p2|Heatran, M|\n|poke|p2|Amoonguss, F|\n|poke|p2|Tornadus, M|\n|poke|p2|Urshifu-*, F|\n|poke|p2|Meowscarada, M|\n|poke|p2|Umbreon, M|\n|teampreview\n|inactive|Battle timer is ON: inactive players will automatically lose when time's up. (requested by swayfan2)\n|\n|t:|1699364105\n|start\n|switch|p1a: You|Eiscue, M, shiny|100\/100\n|switch|p1b: Have|Abomasnow, M, shiny|100\/100\n|switch|p2a: Tornadus|Tornadus, M|100\/100\n|switch|p2b: Urshifu|Urshifu-Rapid-Strike, F|100\/100\n|-weather|Snow|[from] ability: Snow Warning|[of] p1b: Have\n|turn|1\n|\n|t:|1699364121\n|detailschange|p1b: Have|Abomasnow-Mega, M, shiny\n|-mega|p1b: Have|Abomasnow|Abomasite\n|-terastallize|p2b: Urshifu|Fighting\n|move|p2a: Tornadus|Tailwind|p2a: Tornadus\n|-sidestart|p2: swayfan2|move: Tailwind\n|move|p2b: Urshifu|Surging Strikes|p1a: You\n|-activate|p1a: You|ability: Ice Face\n|-damage|p1a: You|100\/100\n|detailschange|p1a: You|Eiscue-Noice, M, shiny\n|-crit|p1a: You\n|-damage|p1a: You|77\/100\n|-crit|p1a: You\n|-damage|p1a: You|54\/100\n|-hitcount|p1a: You|3\n|move|p1a: You|Belly Drum|p1a: You\n|-damage|p1a: You|4\/100\n|-setboost|p1a: You|atk|6|[from] move: Belly Drum\n|-enditem|p1a: You|Sitrus Berry|[eat]\n|-heal|p1a: You|29\/100|[from] item: Sitrus Berry\n|move|p1b: Have|Energy Ball|p2b: Urshifu\n|-damage|p2b: Urshifu|21\/100\n|\n|-weather|Snow|[upkeep]\n|upkeep\n|turn|2\n|inactive|OhiosBestTrainer has 120 seconds left.\n|inactive|swayfan2 has 120 seconds left.\n|\n|t:|1699364160\n|move|p2a: Tornadus|Rain Dance|p2a: Tornadus\n|-weather|RainDance\n|move|p2b: Urshifu|Close Combat|p1b: Have\n|-supereffective|p1b: Have\n|-damage|p1b: Have|0 fnt\n|-unboost|p2b: Urshifu|def|1\n|-unboost|p2b: Urshifu|spd|1\n|faint|p1b: Have\n|move|p1a: You|Ice Spinner|p2a: Tornadus\n|-supereffective|p2a: Tornadus\n|-damage|p2a: Tornadus|0 fnt\n|faint|p2a: Tornadus\n|\n|-weather|RainDance|[upkeep]\n|upkeep\n|\n|t:|1699364171\n|switch|p2a: Meowscarada|Meowscarada, M|100\/100\n|switch|p1b: Just|Azumarill, M, shiny|100\/100\n|turn|3\n|\n|t:|1699364197\n|move|p1b: Just|Aqua Jet|p2b: Urshifu\n|-damage|p2b: Urshifu|0 fnt\n|faint|p2b: Urshifu\n|move|p2a: Meowscarada|Flower Trick|p1b: Just\n|-start|p2a: Meowscarada|typechange|Grass|[from] ability: Protean\n|-supereffective|p1b: Just\n|-crit|p1b: Just\n|-damage|p1b: Just|0 fnt\n|faint|p1b: Just\n|move|p1a: You|Ice Spinner|p2a: Meowscarada\n|-supereffective|p2a: Meowscarada\n|-damage|p2a: Meowscarada|0 fnt\n|faint|p2a: Meowscarada\n|\n|-weather|RainDance|[upkeep]\n|upkeep\n|\n|t:|1699364222\n|switch|p2a: Amoonguss|Amoonguss, F|100\/100\n|switch|p2b: Umbreon|Umbreon, M, shiny|100\/100\n|switch|p1b: Rickrolled|Baxcalibur, M, shiny|100\/100\n|turn|4\n|\n|t:|1699364243\n|move|p2a: Amoonguss|Rage Powder|p2a: Amoonguss\n|-singleturn|p2a: Amoonguss|move: Rage Powder\n|move|p1a: You|Ice Spinner|p2a: Amoonguss\n|-supereffective|p2a: Amoonguss\n|-damage|p2a: Amoonguss|0 fnt\n|faint|p2a: Amoonguss\n|move|p2b: Umbreon|Foul Play|p1a: You\n|-damage|p1a: You|0 fnt\n|faint|p1a: You\n|-zpower|p1b: Rickrolled\n|move|p1b: Rickrolled|Subzero Slammer|p2b: Umbreon|[zeffect]\n|-damage|p2b: Umbreon|26\/100\n|\n|-weather|RainDance|[upkeep]\n|-heal|p2b: Umbreon|32\/100|[from] item: Leftovers\n|-sideend|p2: swayfan2|move: Tailwind\n|upkeep\n|\n|t:|1699364259\n|switch|p1a: Been|Froslass, F, shiny|100\/100\n|switch|p2a: Heatran|Heatran, M|100\/100\n|turn|5\n|\n|t:|1699364275\n|-terastallize|p1a: Been|Ground\n|move|p2a: Heatran|Flash Cannon|p1b: Rickrolled\n|-supereffective|p1b: Rickrolled\n|-damage|p1b: Rickrolled|8\/100\n|move|p1a: Been|Tera Blast|p2a: Heatran|[anim] Tera Blast Ground\n|-supereffective|p2a: Heatran\n|-damage|p2a: Heatran|0 fnt\n|faint|p2a: Heatran\n|-damage|p1a: Been|91\/100|[from] item: Life Orb\n|move|p1b: Rickrolled|Glaive Rush|p2b: Umbreon\n|-damage|p2b: Umbreon|0 fnt\n|-singlemove|p1b: Rickrolled|Glaive Rush|[silent]\n|faint|p2b: Umbreon\n|\n|win|OhiosBestTrainer\n|raw|OhiosBestTrainer's rating: 1000 &rarr; <strong>1054<\/strong><br \/>(+54 for winning)\n|raw|swayfan2's rating: 1127 &rarr; <strong>1093<\/strong><br \/>(-34 for losing)\n|l|\u2606swayfan2\n|c|\u2606OhiosBestTrainer|gg\n","uploadtime":1699364291,"views":5,"p1id":"ohiosbesttrainer","p2id":"swayfan2","formatid":"gen9nationaldexdoubles","rating":1054,"private":0,"password":""}