{"id":"gen9nationaldexdoubles-1955961812","p1":"magicgril","p2":"lamebagels","format":"[Gen 9] National Dex Doubles","log":"|j|\u2606magicgril\n|j|\u2606lamebagels\n|t:|1696047602\n|gametype|doubles\n|player|p1|magicgril|iono|1322\n|player|p2|lamebagels|molayne|1297\n|teamsize|p1|6\n|teamsize|p2|6\n|gen|9\n|tier|[Gen 9] National Dex Doubles\n|rated|\n|rule|HP Percentage Mod: HP is shown in percentages\n|rule|Endless Battle Clause: Forcing endless battles is banned\n|rule|OHKO Clause: OHKO moves are banned\n|rule|Evasion Moves Clause: Evasion moves are banned\n|rule|Evasion Abilities Clause: Evasion abilities are banned\n|rule|Species Clause: Limit one of each Pok\u00e9mon\n|rule|Gravity Sleep Clause: The combination of sleep-inducing moves with imperfect accuracy and Gravity or Gigantamax Orbeetle are banned\n|clearpoke\n|poke|p1|Tapu Lele|\n|poke|p1|Deoxys-Attack|\n|poke|p1|Alakazam, F|\n|poke|p1|Flutter Mane|\n|poke|p1|Ogerpon-Hearthflame, F|\n|poke|p1|Chien-Pao|\n|poke|p2|Torracat, F|\n|poke|p2|Slowbro-Galar, F|\n|poke|p2|Arboliva, M|\n|poke|p2|Goodra-Hisui, F|\n|poke|p2|Zapdos-Galar|\n|poke|p2|Jirachi|\n|teampreview\n|\n|t:|1696047638\n|start\n|switch|p1a: Tapu Lele|Tapu Lele|100\/100\n|switch|p1b: Deoxys|Deoxys-Attack|100\/100\n|switch|p2a: Smokey|Torracat, F|100\/100\n|switch|p2b: Goodra|Goodra-Hisui, F, shiny|100\/100\n|-ability|p1b: Deoxys|Pressure\n|-fieldstart|move: Psychic Terrain|[from] ability: Psychic Surge|[of] p1a: Tapu Lele\n|-ability|p2a: Smokey|Intimidate|boost\n|-unboost|p1a: Tapu Lele|atk|1\n|-unboost|p1b: Deoxys|atk|1\n|turn|1\n|inactive|Battle timer is ON: inactive players will automatically lose when time's up. (requested by magicgril)\n|\n|t:|1696047682\n|switch|p2a: Jirachi|Jirachi, shiny|100\/100\n|-terastallize|p1b: Deoxys|Psychic\n|move|p1b: Deoxys|Psycho Boost|p2b: Goodra\n|-resisted|p2b: Goodra\n|-crit|p2b: Goodra\n|-damage|p2b: Goodra|26\/100\n|-unboost|p1b: Deoxys|spa|2\n|move|p1a: Tapu Lele|Psychic|p2a: Jirachi\n|-resisted|p2a: Jirachi\n|-damage|p2a: Jirachi|83\/100\n|-damage|p1a: Tapu Lele|91\/100|[from] item: Life Orb\n|move|p2b: Goodra|Flash Cannon|p1a: Tapu Lele\n|-supereffective|p1a: Tapu Lele\n|-damage|p1a: Tapu Lele|0 fnt\n|faint|p1a: Tapu Lele\n|\n|-heal|p2a: Jirachi|89\/100|[from] item: Leftovers\n|-heal|p2b: Goodra|32\/100|[from] item: Leftovers\n|upkeep\n|inactive|magicgril has 120 seconds left.\n|\n|t:|1696047724\n|switch|p1a: Alakazam|Alakazam, F|100\/100\n|turn|2\n|inactive|magicgril has 120 seconds left.\n|\n|t:|1696047742\n|switch|p1b: Ogerpon|Ogerpon-Hearthflame, F|100\/100\n|-ability|p1b: Ogerpon|Mold Breaker\n|move|p1a: Alakazam|Expanding Force|p2a: Jirachi|[spread] p2a,p2b\n|-resisted|p2a: Jirachi\n|-resisted|p2b: Goodra\n|-damage|p2a: Jirachi|73\/100\n|-damage|p2b: Goodra|5\/100\n|move|p2a: Jirachi|Thunder Wave|p1b: Ogerpon\n|-status|p1b: Ogerpon|par\n|move|p2b: Goodra|Flash Cannon|p1a: Alakazam\n|-damage|p1a: Alakazam|48\/100\n|-unboost|p1a: Alakazam|spd|1\n|\n|-heal|p2a: Jirachi|79\/100|[from] item: Leftovers\n|-heal|p2b: Goodra|11\/100|[from] item: Leftovers\n|upkeep\n|turn|3\n|\n|t:|1696047757\n|switch|p2a: Smokey|Torracat, F|100\/100\n|-ability|p2a: Smokey|Intimidate|boost\n|-unboost|p1a: Alakazam|atk|1\n|-unboost|p1b: Ogerpon|atk|1\n|move|p1a: Alakazam|Expanding Force|p2a: Smokey|[spread] p2a,p2b\n|-crit|p2a: Smokey\n|-resisted|p2b: Goodra\n|-damage|p2a: Smokey|0 fnt\n|-damage|p2b: Goodra|0 fnt\n|faint|p2a: Smokey\n|faint|p2b: Goodra\n|move|p1b: Ogerpon|Ivy Cudgel|p2: Smokey|[notarget]\n|-fail|p1b: Ogerpon\n|\n|upkeep\n|\n|t:|1696047767\n|switch|p2a: inal|Arboliva, M, shiny|100\/100\n|switch|p2b: Jirachi|Jirachi, shiny|79\/100\n|turn|4\n|\n|t:|1696047779\n|-terastallize|p2a: inal|Ghost\n|move|p1a: Alakazam|Expanding Force|p2b: Jirachi|[spread] p2a,p2b\n|-resisted|p2b: Jirachi\n|-damage|p2a: inal|49\/100\n|-damage|p2b: Jirachi|62\/100\n|-fieldstart|move: Grassy Terrain|[from] ability: Seed Sower|[of] p2a: inal\n|move|p2b: Jirachi|Meteor Mash|p1a: Alakazam\n|-damage|p1a: Alakazam|0 fnt\n|faint|p1a: Alakazam\n|move|p1b: Ogerpon|Ivy Cudgel|p2a: inal\n|-damage|p2a: inal|12\/100\n|move|p2a: inal|Earth Power|p1b: Ogerpon\n|-crit|p1b: Ogerpon\n|-damage|p1b: Ogerpon|41\/100 par\n|\n|-heal|p2b: Jirachi|68\/100|[from] Grassy Terrain\n|-heal|p2b: Jirachi|74\/100|[from] item: Leftovers\n|-heal|p1b: Ogerpon|47\/100 par|[from] Grassy Terrain\n|-heal|p2a: inal|18\/100|[from] Grassy Terrain\n|upkeep\n|\n|t:|1696047793\n|switch|p1a: Flutter Mane|Flutter Mane|100\/100\n|turn|5\n|\n|t:|1696047803\n|move|p1a: Flutter Mane|Shadow Ball|p2b: Jirachi\n|-supereffective|p2b: Jirachi\n|-damage|p2b: Jirachi|0 fnt\n|faint|p2b: Jirachi\n|move|p1b: Ogerpon|Ivy Cudgel|p2a: inal\n|-damage|p2a: inal|0 fnt\n|faint|p2a: inal\n|\n|-heal|p1b: Ogerpon|53\/100 par|[from] Grassy Terrain\n|upkeep\n|\n|t:|1696047810\n|switch|p2b: \u201csorrybro!\u201d|Slowbro-Galar, F, shiny|100\/100\n|switch|p2a: daffodil|Zapdos-Galar, shiny|100\/100\n|turn|6\n|\n|t:|1696047819\n|move|p1a: Flutter Mane|Shadow Ball|p2b: \u201csorrybro!\u201d\n|-supereffective|p2b: \u201csorrybro!\u201d\n|-damage|p2b: \u201csorrybro!\u201d|0 fnt\n|faint|p2b: \u201csorrybro!\u201d\n|move|p2a: daffodil|Brave Bird|p1a: Flutter Mane\n|-damage|p1a: Flutter Mane|0 fnt\n|faint|p1a: Flutter Mane\n|-end|p1a: Flutter Mane|Protosynthesis|[silent]\n|-damage|p2a: daffodil|75\/100|[from] Recoil\n|move|p1b: Ogerpon|Ivy Cudgel|p2a: daffodil\n|-crit|p2a: daffodil\n|-damage|p2a: daffodil|0 fnt\n|faint|p2a: daffodil\n|\n|win|magicgril\n|raw|magicgril's rating: 1322 &rarr; <strong>1341<\/strong><br \/>(+19 for winning)\n|raw|lamebagels's rating: 1297 &rarr; <strong>1274<\/strong><br \/>(-23 for losing)\n|l|\u2606lamebagels\n","uploadtime":1696047833,"views":8,"p1id":"magicgril","p2id":"lamebagels","formatid":"gen9nationaldexdoubles","rating":1274,"private":0,"password":""}