{"id":"gen9nationaldexdoubles-1977613895","p1":"NassBug","p2":"hoodiichi","format":"[Gen 9] National Dex Doubles","log":"|j|\u2606NassBug\n|j|\u2606hoodiichi\n|t:|1698431946\n|gametype|doubles\n|player|p1|NassBug|may-masters3|1045\n|player|p2|hoodiichi|lucas|1070\n|teamsize|p1|6\n|teamsize|p2|6\n|gen|9\n|tier|[Gen 9] National Dex Doubles\n|rated|\n|rule|HP Percentage Mod: HP is shown in percentages\n|rule|Endless Battle Clause: Forcing endless battles is banned\n|rule|OHKO Clause: OHKO moves are banned\n|rule|Evasion Moves Clause: Evasion moves are banned\n|rule|Evasion Abilities Clause: Evasion abilities are banned\n|rule|Species Clause: Limit one of each Pok\u00e9mon\n|rule|Gravity Sleep Clause: The combination of sleep-inducing moves with imperfect accuracy and Gravity or Gigantamax Orbeetle are banned\n|clearpoke\n|poke|p1|Camerupt, M|\n|poke|p1|Slowking, M|\n|poke|p1|Aegislash, M|\n|poke|p1|Grimmsnarl, M|\n|poke|p1|Drampa, F|\n|poke|p1|Hariyama, F|\n|poke|p2|Muk-Alola, M|\n|poke|p2|Oricorio, F|\n|poke|p2|Dragonite, F|\n|poke|p2|Latios, M|\n|poke|p2|Comfey, F|\n|poke|p2|Gardevoir, M|\n|teampreview\n|inactive|Battle timer is ON: inactive players will automatically lose when time's up. (requested by hoodiichi)\n|\n|t:|1698431952\n|start\n|switch|p1a: Camerupt|Camerupt, M, shiny|100\/100\n|switch|p1b: Slowking|Slowking, M, shiny|100\/100\n|switch|p2a: Muk|Muk-Alola, M|100\/100\n|switch|p2b: don\u2019t kill me|Oricorio, F|100\/100\n|turn|1\n|\n|t:|1698431963\n|detailschange|p1a: Camerupt|Camerupt-Mega, M, shiny\n|-mega|p1a: Camerupt|Camerupt|Cameruptite\n|move|p2b: don\u2019t kill me|Icy Wind|p1a: Camerupt|[spread] p1a,p1b\n|-resisted|p1b: Slowking\n|-damage|p1a: Camerupt|86\/100\n|-damage|p1b: Slowking|95\/100\n|-unboost|p1a: Camerupt|spe|1\n|-unboost|p1b: Slowking|spe|1\n|-damage|p2b: don\u2019t kill me|91\/100|[from] item: Life Orb\n|move|p2a: Muk|Substitute|p2a: Muk\n|-start|p2a: Muk|Substitute\n|-damage|p2a: Muk|75\/100\n|move|p1a: Camerupt|Earth Power|p2a: Muk\n|-supereffective|p2a: Muk\n|-end|p2a: Muk|Substitute\n|move|p1b: Slowking|Trick Room|p1b: Slowking\n|-fieldstart|move: Trick Room|[of] p1b: Slowking\n|\n|-heal|p1b: Slowking|100\/100|[from] item: Leftovers\n|-heal|p2a: Muk|82\/100|[from] item: Black Sludge\n|upkeep\n|turn|2\n|\n|t:|1698431990\n|move|p2a: Muk|Protect|p2a: Muk\n|-singleturn|p2a: Muk|Protect\n|move|p1a: Camerupt|Earth Power|p2a: Muk\n|-activate|p2a: Muk|move: Protect\n|move|p1b: Slowking|Scald|p2b: don\u2019t kill me\n|-supereffective|p2b: don\u2019t kill me\n|-damage|p2b: don\u2019t kill me|0 fnt\n|faint|p2b: don\u2019t kill me\n|-ability|p2a: Muk|Dancer|[from] ability: Power of Alchemy|[of] p2b: don\u2019t kill me\n|\n|-heal|p2a: Muk|88\/100|[from] item: Black Sludge\n|upkeep\n|inactive|hoodiichi has 120 seconds left.\n|\n|t:|1698432019\n|switch|p2b: Gross|Gardevoir, M|100\/100\n|-ability|p2b: Gross|Regenerator|[from] ability: Trace|[of] p1b: Slowking\n|turn|3\n|inactive|hoodiichi has 120 seconds left.\n|\n|t:|1698432036\n|move|p2b: Gross|Ally Switch|p2b: Gross\n|swap|p2b: Gross|0|[from] move: Ally Switch\n|move|p1a: Camerupt|Flamethrower|p2b: Muk\n|-damage|p2b: Muk|20\/100\n|move|p1b: Slowking|Scald|p2b: Muk\n|-damage|p2b: Muk|0 fnt\n|faint|p2b: Muk\n|\n|upkeep\n|inactive|hoodiichi has 120 seconds left.\n|\n|t:|1698432044\n|switch|p2b: pickle rickkk|Dragonite, F, shiny|100\/100\n|turn|4\n|\n|t:|1698432067\n|move|p1a: Camerupt|Flamethrower|p2a: Gross\n|-damage|p2a: Gross|28\/100\n|move|p1b: Slowking|Scald|p2a: Gross\n|-damage|p2a: Gross|0 fnt\n|faint|p2a: Gross\n|move|p2b: pickle rickkk|Rock Slide|p1b: Slowking|[spread] p1a\n|-miss|p2b: pickle rickkk|p1b: Slowking\n|-damage|p1a: Camerupt|63\/100\n|\n|upkeep\n|inactive|hoodiichi has 120 seconds left.\n|\n|t:|1698432079\n|switch|p2a: Aloha!|Comfey, F|100\/100\n|turn|5\n|\n|t:|1698432091\n|move|p1a: Camerupt|Flamethrower|p2a: Aloha!\n|-damage|p2a: Aloha!|14\/100\n|move|p1b: Slowking|Scald|p2a: Aloha!\n|-damage|p2a: Aloha!|0 fnt\n|faint|p2a: Aloha!\n|move|p2b: pickle rickkk|Dragon Dance|p2b: pickle rickkk\n|-boost|p2b: pickle rickkk|atk|1\n|-boost|p2b: pickle rickkk|spe|1\n|\n|-fieldend|move: Trick Room\n|upkeep\n|\n|t:|1698432097\n|switch|p2a: Latios|Latios, M, shiny|100\/100\n|turn|6\n|\n|t:|1698432126\n|detailschange|p2a: Latios|Latios-Mega, M, shiny\n|-mega|p2a: Latios|Latios|Latiosite\n|-terastallize|p2b: pickle rickkk|Dragon\n|move|p2b: pickle rickkk|Outrage|p1b: Slowking\n|-damage|p1b: Slowking|0 fnt\n|faint|p1b: Slowking\n|move|p2a: Latios|Earthquake|p1a: Camerupt|[spread] p2b,p1a\n|-supereffective|p1a: Camerupt\n|-damage|p2b: pickle rickkk|85\/100\n|-damage|p1a: Camerupt|5\/100\n|move|p1a: Camerupt|Flamethrower|p2b: pickle rickkk\n|-resisted|p2b: pickle rickkk\n|-damage|p2b: pickle rickkk|46\/100\n|\n|-heal|p2b: pickle rickkk|53\/100|[from] item: Leftovers\n|upkeep\n|\n|t:|1698432144\n|switch|p1b: Aegislash|Aegislash, M, shiny|100\/100\n|turn|7\n|\n|t:|1698432154\n|move|p1b: Aegislash|King's Shield|p1b: Aegislash\n|-singleturn|p1b: Aegislash|Protect\n|move|p2b: pickle rickkk|Outrage|p1b: Aegislash|[from]lockedmove\n|-activate|p1b: Aegislash|move: Protect\n|-unboost|p2b: pickle rickkk|atk|1\n|-start|p2b: pickle rickkk|confusion|[fatigue]\n|move|p2a: Latios|Earthquake|p1a: Camerupt|[spread] p2b,p1a\n|-activate|p1b: Aegislash|move: Protect\n|-supereffective|p1a: Camerupt\n|-damage|p2b: pickle rickkk|21\/100\n|-damage|p1a: Camerupt|0 fnt\n|faint|p1a: Camerupt\n|\n|-heal|p2b: pickle rickkk|27\/100|[from] item: Leftovers\n|upkeep\n|\n|t:|1698432165\n|switch|p1a: Grimmsnarl|Grimmsnarl, M, shiny|100\/100\n|turn|8\n|\n|t:|1698432173\n|move|p1a: Grimmsnarl|Reflect|p1a: Grimmsnarl\n|-sidestart|p1: NassBug|Reflect\n|-activate|p2b: pickle rickkk|confusion\n|move|p2b: pickle rickkk|Dragon Dance|p2b: pickle rickkk\n|-boost|p2b: pickle rickkk|atk|1\n|-boost|p2b: pickle rickkk|spe|1\n|move|p2a: Latios|Dragon Dance|p2a: Latios\n|-boost|p2a: Latios|atk|1\n|-boost|p2a: Latios|spe|1\n|-formechange|p1b: Aegislash|Aegislash-Blade||[from] ability: Stance Change\n|move|p1b: Aegislash|Shadow Ball|p2a: Latios\n|-supereffective|p2a: Latios\n|-crit|p2a: Latios\n|-damage|p2a: Latios|0 fnt\n|faint|p2a: Latios\n|-damage|p1b: Aegislash|91\/100|[from] item: Life Orb\n|\n|-heal|p2b: pickle rickkk|34\/100|[from] item: Leftovers\n|upkeep\n|turn|9\n|-message|hoodiichi forfeited.\n|\n|win|NassBug\n|raw|NassBug's rating: 1045 &rarr; <strong>1081<\/strong><br \/>(+36 for winning)\n|raw|hoodiichi's rating: 1070 &rarr; <strong>1048<\/strong><br \/>(-22 for losing)\n|l|\u2606hoodiichi\n","uploadtime":1698432206,"views":8,"p1id":"nassbug","p2id":"hoodiichi","formatid":"gen9nationaldexdoubles","rating":1048,"private":0,"password":""}