{"id":"gen9nationaldexdoubles-1953616272","p1":"El Ryuk456","p2":"LAIDEN22","format":"[Gen 9] National Dex Doubles","log":"|j|\u2606El Ryuk456\n|j|\u2606LAIDEN22\n|t:|1695812951\n|gametype|doubles\n|player|p1|El Ryuk456|blaine|1293\n|player|p2|LAIDEN22|265|1450\n|teamsize|p1|6\n|teamsize|p2|6\n|gen|9\n|tier|[Gen 9] National Dex Doubles\n|rated|\n|rule|HP Percentage Mod: HP is shown in percentages\n|rule|Endless Battle Clause: Forcing endless battles is banned\n|rule|OHKO Clause: OHKO moves are banned\n|rule|Evasion Moves Clause: Evasion moves are banned\n|rule|Evasion Abilities Clause: Evasion abilities are banned\n|rule|Species Clause: Limit one of each Pok\u00e9mon\n|rule|Gravity Sleep Clause: The combination of sleep-inducing moves with imperfect accuracy and Gravity or Gigantamax Orbeetle are banned\n|clearpoke\n|poke|p1|Gengar, M|\n|poke|p1|Gothitelle, F|\n|poke|p1|Cyclizar, M|\n|poke|p1|Gholdengo|\n|poke|p1|Amoonguss, M|\n|poke|p1|Azumarill, F|\n|poke|p2|Palafin, F|\n|poke|p2|Heatran, F|\n|poke|p2|Landorus-Therian, M|\n|poke|p2|Cetitan, F|\n|poke|p2|Sinistcha-Masterpiece|\n|poke|p2|Abomasnow, F|\n|teampreview\n|inactive|Battle timer is ON: inactive players will automatically lose when time's up. (requested by LAIDEN22)\n|\n|t:|1695812967\n|start\n|switch|p1a: Cyclizar|Cyclizar, M|100\/100\n|switch|p1b: Jack|Gengar, M, shiny|100\/100\n|switch|p2a: ?|Abomasnow, F|100\/100\n|switch|p2b: JETPIN|Palafin, F|100\/100\n|-weather|Snow|[from] ability: Snow Warning|[of] p2a: ?\n|turn|1\n|\n|t:|1695812981\n|detailschange|p2b: JETPIN|Palafin-Hero, F\n|switch|p2b: Unfair|Landorus-Therian, M|100\/100\n|-ability|p2b: Unfair|Intimidate|boost\n|-unboost|p1a: Cyclizar|atk|1\n|-unboost|p1b: Jack|atk|1\n|detailschange|p2a: ?|Abomasnow-Mega, F\n|-mega|p2a: ?|Abomasnow|Abomasite\n|move|p1b: Jack|Sludge Bomb|p2a: ?\n|-supereffective|p2a: ?\n|-damage|p2a: ?|30\/100\n|move|p1a: Cyclizar|Shed Tail|p1a: Cyclizar\n|-start|p1a: Cyclizar|Substitute|[from] move: Shed Tail\n|-damage|p1a: Cyclizar|50\/100\n|\n|t:|1695812997\n|switch|p1a: Azumarill|Azumarill, F, shiny|100\/100|[from] Shed Tail\n|move|p2a: ?|Aurora Veil|p2a: ?\n|-sidestart|p2: LAIDEN22|move: Aurora Veil\n|\n|-weather|Snow|[upkeep]\n|upkeep\n|turn|2\n|\n|t:|1695813017\n|switch|p2a: Try|Heatran, F|100\/100\n|move|p1b: Jack|Shadow Ball|p2b: Unfair\n|-damage|p2b: Unfair|79\/100\n|move|p2b: Unfair|Earthquake|p1a: Azumarill|[spread] p2a,p1a,p1b\n|-end|p1a: Azumarill|Substitute\n|-supereffective|p2a: Try\n|-crit|p2a: Try\n|-supereffective|p1b: Jack\n|-damage|p2a: Try|0 fnt\n|-enditem|p1b: Jack|Focus Sash\n|-damage|p1b: Jack|1\/100\n|-start|p2b: Unfair|Disable|Earthquake|[from] ability: Cursed Body|[of] p1b: Jack\n|faint|p2a: Try\n|move|p1a: Azumarill|Encore|p2b: Unfair\n|-start|p2b: Unfair|Encore\n|\n|-weather|Snow|[upkeep]\n|upkeep\n|\n|t:|1695813023\n|switch|p2a: Whaleeee|Cetitan, F|100\/100\n|turn|3\n|\n|t:|1695813040\n|switch|p2b: TEA|Sinistcha-Masterpiece|100\/100\n|move|p2a: Whaleeee|Belly Drum|p2a: Whaleeee\n|-damage|p2a: Whaleeee|50\/100\n|-setboost|p2a: Whaleeee|atk|6|[from] move: Belly Drum\n|-enditem|p2a: Whaleeee|Sitrus Berry|[eat]\n|-heal|p2a: Whaleeee|75\/100|[from] item: Sitrus Berry\n|move|p1b: Jack|Perish Song|p1b: Jack\n|-start|p1a: Azumarill|perish3|[silent]\n|-start|p1b: Jack|perish3|[silent]\n|-start|p2a: Whaleeee|perish3|[silent]\n|-start|p2b: TEA|perish3|[silent]\n|-fieldactivate|move: Perish Song\n|move|p1a: Azumarill|Perish Song||[still]\n|-fail|p1a: Azumarill\n|\n|-weather|Snow|[upkeep]\n|-start|p2a: Whaleeee|perish3\n|-start|p1b: Jack|perish3\n|-start|p2b: TEA|perish3\n|-start|p1a: Azumarill|perish3\n|upkeep\n|turn|4\n|\n|t:|1695813065\n|move|p1a: Azumarill|Protect|p1a: Azumarill\n|-singleturn|p1a: Azumarill|Protect\n|move|p2a: Whaleeee|Ice Spinner|p1b: Jack\n|-damage|p1b: Jack|0 fnt\n|faint|p1b: Jack\n|move|p2b: TEA|Matcha Gotcha|p1a: Azumarill\n|-activate|p1a: Azumarill|move: Protect\n|\n|-weather|Snow|[upkeep]\n|-start|p2a: Whaleeee|perish2\n|-start|p2b: TEA|perish2\n|-start|p1a: Azumarill|perish2\n|upkeep\n|\n|t:|1695813070\n|switch|p1b: Harley|Gothitelle, F, shiny|100\/100\n|turn|5\n|\n|t:|1695813093\n|-terastallize|p2a: Whaleeee|Water\n|move|p1b: Harley|Fake Out|p2a: Whaleeee\n|-damage|p2a: Whaleeee|72\/100\n|cant|p2a: Whaleeee|flinch\n|move|p2b: TEA|Matcha Gotcha|p1a: Azumarill|[spread] p1b\n|-ability|p1a: Azumarill|Sap Sipper|boost\n|-boost|p1a: Azumarill|atk|1\n|-damage|p1b: Harley|79\/100\n|-status|p1b: Harley|brn\n|move|p1a: Azumarill|Encore|p2b: TEA\n|-start|p2b: TEA|Encore\n|\n|-weather|none\n|-damage|p1b: Harley|73\/100 brn|[from] brn\n|-start|p2a: Whaleeee|perish1\n|-start|p2b: TEA|perish1\n|-start|p1a: Azumarill|perish1\n|-sideend|p2: LAIDEN22|move: Aurora Veil\n|upkeep\n|turn|6\n|\n|t:|1695813113\n|switch|p1a: Cyclizar|Cyclizar, M|84\/100\n|move|p1b: Harley|Protect|p1b: Harley\n|-singleturn|p1b: Harley|Protect\n|move|p2a: Whaleeee|Liquidation|p1a: Cyclizar\n|-resisted|p1a: Cyclizar\n|-damage|p1a: Cyclizar|0 fnt\n|faint|p1a: Cyclizar\n|move|p2b: TEA|Matcha Gotcha|p1b: Harley\n|-activate|p1b: Harley|move: Protect\n|\n|-damage|p1b: Harley|66\/100 brn|[from] brn\n|-start|p2a: Whaleeee|perish0\n|-start|p2b: TEA|perish0\n|faint|p2a: Whaleeee\n|faint|p2b: TEA\n|upkeep\n|\n|t:|1695813132\n|switch|p1a: Amoonguss|Amoonguss, M, shiny|100\/100\n|switch|p2a: Unfair|Landorus-Therian, M|79\/100\n|switch|p2b: JETPIN|Palafin-Hero, F|100\/100\n|-ability|p2a: Unfair|Intimidate|boost\n|-unboost|p1a: Amoonguss|atk|1\n|-unboost|p1b: Harley|atk|1\n|-activate|p2b: JETPIN|ability: Zero to Hero\n|turn|7\n|\n|t:|1695813145\n|move|p2b: JETPIN|Protect|p2b: JETPIN\n|-singleturn|p2b: JETPIN|Protect\n|move|p2a: Unfair|Knock Off|p1b: Harley\n|-supereffective|p1b: Harley\n|-damage|p1b: Harley|8\/100 brn\n|-enditem|p1b: Harley|Sitrus Berry|[from] move: Knock Off|[of] p2a: Unfair\n|move|p1a: Amoonguss|Spore|p2b: JETPIN\n|-activate|p2b: JETPIN|move: Protect\n|move|p1b: Harley|Trick Room|p1b: Harley\n|-fieldstart|move: Trick Room|[of] p1b: Harley\n|\n|-damage|p1b: Harley|2\/100 brn|[from] brn\n|upkeep\n|turn|8\n|\n|t:|1695813169\n|switch|p1b: Azumarill|Azumarill, F, shiny|100\/100\n|move|p1a: Amoonguss|Spore|p2a: Unfair\n|-status|p2a: Unfair|slp|[from] move: Spore\n|move|p2b: JETPIN|Wave Crash|p1a: Amoonguss\n|-resisted|p1a: Amoonguss\n|-damage|p1a: Amoonguss|63\/100\n|-damage|p2b: JETPIN|86\/100|[from] Recoil\n|-enditem|p1a: Amoonguss|Eject Button\n|\n|t:|1695813179\n|switch|p1a: Gholdengo|Gholdengo, shiny|100\/100\n|cant|p2a: Unfair|slp\n|\n|upkeep\n|turn|9\n|\n|t:|1695813188\n|switch|p2b: ?|Abomasnow-Mega, F|30\/100\n|-weather|Snow|[from] ability: Snow Warning|[of] p2b: ?\n|move|p1b: Azumarill|Play Rough|p2b: ?\n|-damage|p2b: ?|21\/100\n|move|p1a: Gholdengo|Substitute|p1a: Gholdengo\n|-start|p1a: Gholdengo|Substitute\n|-damage|p1a: Gholdengo|76\/100\n|cant|p2a: Unfair|slp\n|\n|-weather|Snow|[upkeep]\n|-heal|p1a: Gholdengo|82\/100|[from] item: Leftovers\n|upkeep\n|turn|10\n|\n|t:|1695813203\n|move|p2b: ?|Aurora Veil|p2b: ?\n|-sidestart|p2: LAIDEN22|move: Aurora Veil\n|move|p1b: Azumarill|Play Rough|p2a: Unfair\n|-damage|p2a: Unfair|64\/100 slp\n|move|p1a: Gholdengo|Make It Rain|p2b: ?|[spread] p2a,p2b\n|-supereffective|p2b: ?\n|-damage|p2a: Unfair|45\/100 slp\n|-damage|p2b: ?|0 fnt\n|-unboost|p1a: Gholdengo|spa|1\n|faint|p2b: ?\n|-curestatus|p2a: Unfair|slp|[msg]\n|move|p2a: Unfair|Earthquake|p1b: Azumarill|[spread] p1a,p1b\n|-supereffective|p1a: Gholdengo\n|-end|p1a: Gholdengo|Substitute\n|-damage|p1b: Azumarill|51\/100\n|\n|-weather|Snow|[upkeep]\n|-heal|p1a: Gholdengo|88\/100|[from] item: Leftovers\n|upkeep\n|\n|t:|1695813221\n|switch|p2b: JETPIN|Palafin-Hero, F|86\/100\n|turn|11\n|\n|t:|1695813233\n|-terastallize|p1a: Gholdengo|Water\n|move|p2b: JETPIN|Protect|p2b: JETPIN\n|-singleturn|p2b: JETPIN|Protect\n|move|p1b: Azumarill|Perish Song|p1b: Azumarill\n|-immune|p1a: Gholdengo|[from] ability: Good as Gold\n|-start|p1b: Azumarill|perish3|[silent]\n|-start|p2a: Unfair|perish3|[silent]\n|-start|p2b: JETPIN|perish3|[silent]\n|-fieldactivate|move: Perish Song\n|move|p1a: Gholdengo|Substitute|p1a: Gholdengo\n|-start|p1a: Gholdengo|Substitute\n|-damage|p1a: Gholdengo|63\/100\n|move|p2a: Unfair|Earthquake|p1b: Azumarill|[spread] p1a,p1b\n|-activate|p2b: JETPIN|move: Protect\n|-end|p1a: Gholdengo|Substitute\n|-damage|p1b: Azumarill|8\/100\n|-enditem|p1b: Azumarill|Mago Berry|[eat]\n|-heal|p1b: Azumarill|42\/100|[from] item: Mago Berry\n|\n|-weather|Snow|[upkeep]\n|-heal|p1a: Gholdengo|69\/100|[from] item: Leftovers\n|-start|p1b: Azumarill|perish3\n|-start|p2b: JETPIN|perish3\n|-start|p2a: Unfair|perish3\n|-fieldend|move: Trick Room\n|upkeep\n|turn|12\n|-message|LAIDEN22 forfeited.\n|\n|win|El Ryuk456\n|raw|El Ryuk456's rating: 1293 &rarr; <strong>1329<\/strong><br \/>(+36 for winning)\n|raw|LAIDEN22's rating: 1450 &rarr; <strong>1422<\/strong><br \/>(-28 for losing)\n|l|\u2606LAIDEN22\n","uploadtime":1695813255,"views":16,"p1id":"elryuk456","p2id":"laiden22","formatid":"gen9nationaldexdoubles","rating":1329,"private":0,"password":""}