{"id":"gen9nationaldexdoubles-1991372755","p1":"lxvliiz","p2":"13KStephen","format":"[Gen 9] National Dex Doubles","log":"|j|\u2606lxvliiz\n|j|\u260613KStephen\n|t:|1700071678\n|gametype|doubles\n|player|p1|lxvliiz|firebreather|1272\n|player|p2|13KStephen|lucas|1225\n|teamsize|p1|6\n|teamsize|p2|6\n|gen|9\n|tier|[Gen 9] National Dex Doubles\n|rated|\n|rule|HP Percentage Mod: HP is shown in percentages\n|rule|Endless Battle Clause: Forcing endless battles is banned\n|rule|OHKO Clause: OHKO moves are banned\n|rule|Evasion Moves Clause: Evasion moves are banned\n|rule|Evasion Abilities Clause: Evasion abilities are banned\n|rule|Species Clause: Limit one of each Pok\u00e9mon\n|rule|Gravity Sleep Clause: The combination of sleep-inducing moves with imperfect accuracy and Gravity or Gigantamax Orbeetle are banned\n|clearpoke\n|poke|p1|Torkoal, F|\n|poke|p1|Charizard, F|\n|poke|p1|Iron Moth|\n|poke|p1|Typhlosion, F|\n|poke|p1|Heatran, M|\n|poke|p1|Rotom-Heat|\n|poke|p2|Absol, F|\n|poke|p2|Suicune|\n|poke|p2|Conkeldurr, F|\n|poke|p2|Magcargo, F|\n|poke|p2|Murkrow, M|\n|poke|p2|Serperior, M|\n|teampreview\n|c|\u2606lxvliiz|hi\n|\n|t:|1700071697\n|start\n|switch|p1a: lighter|Typhlosion, F|100\/100\n|switch|p1b: hot hot hot|Heatran, M|100\/100\n|switch|p2a: Suicune|Suicune, shiny|100\/100\n|switch|p2b: Pebble|Magcargo, F|100\/100\n|-ability|p2a: Suicune|Pressure\n|turn|1\n|\n|t:|1700071718\n|move|p1a: lighter|Hidden Power|p2a: Suicune\n|-supereffective|p2a: Suicune\n|-damage|p2a: Suicune|73\/100\n|move|p2a: Suicune|Tailwind|p2a: Suicune\n|-sidestart|p2: 13KStephen|move: Tailwind\n|move|p1b: hot hot hot|Lava Plume|p2a: Suicune|[spread] p2a,p2b\n|-start|p1a: lighter|ability: Flash Fire\n|-resisted|p2a: Suicune\n|-resisted|p2b: Pebble\n|-damage|p2a: Suicune|58\/100\n|-damage|p2b: Pebble|88\/100\n|move|p2b: Pebble|Power Gem|p1a: lighter\n|-supereffective|p1a: lighter\n|-damage|p1a: lighter|11\/100\n|\n|-heal|p2a: Suicune|64\/100|[from] item: Leftovers\n|upkeep\n|turn|2\n|c|\u2606lxvliiz|damn\n|\n|t:|1700071755\n|-end|p1a: lighter|ability: Flash Fire|[silent]\n|switch|p1a: burning|Torkoal, F|100\/100\n|-weather|SunnyDay|[from] ability: Drought|[of] p1a: burning\n|move|p2a: Suicune|Scald|p1a: burning\n|-supereffective|p1a: burning\n|-damage|p1a: burning|60\/100\n|move|p1b: hot hot hot|Eruption|p2b: Pebble|[spread] p2a,p2b\n|-resisted|p2a: Suicune\n|-resisted|p2b: Pebble\n|-damage|p2a: Suicune|21\/100\n|-damage|p2b: Pebble|53\/100\n|move|p2b: Pebble|Power Gem|p1b: hot hot hot\n|-damage|p1b: hot hot hot|75\/100\n|\n|-weather|SunnyDay|[upkeep]\n|-heal|p2a: Suicune|27\/100|[from] item: Leftovers\n|upkeep\n|turn|3\n|\n|t:|1700071776\n|switch|p1a: lighter|Typhlosion, F|11\/100\n|move|p2a: Suicune|Scald|p1b: hot hot hot\n|-supereffective|p1b: hot hot hot\n|-damage|p1b: hot hot hot|48\/100\n|move|p1b: hot hot hot|Eruption|p2a: Suicune|[spread] p2a,p2b\n|-resisted|p2a: Suicune\n|-resisted|p2b: Pebble\n|-damage|p2a: Suicune|6\/100\n|-damage|p2b: Pebble|37\/100\n|move|p2b: Pebble|Stealth Rock|p1b: hot hot hot\n|-sidestart|p1: lxvliiz|move: Stealth Rock\n|\n|-weather|SunnyDay|[upkeep]\n|-heal|p2a: Suicune|12\/100|[from] item: Leftovers\n|upkeep\n|turn|4\n|\n|t:|1700071803\n|move|p1a: lighter|Lava Plume|p2a: Suicune|[spread] p2a,p2b\n|-start|p1b: hot hot hot|ability: Flash Fire\n|-resisted|p2a: Suicune\n|-resisted|p2b: Pebble\n|-damage|p2a: Suicune|0 fnt\n|-damage|p2b: Pebble|24\/100\n|faint|p2a: Suicune\n|move|p1b: hot hot hot|Lava Plume|p2b: Pebble|[spread] p2b\n|-start|p1a: lighter|ability: Flash Fire\n|-resisted|p2b: Pebble\n|-damage|p2b: Pebble|0 fnt\n|faint|p2b: Pebble\n|\n|-weather|SunnyDay|[upkeep]\n|-sideend|p2: 13KStephen|move: Tailwind\n|upkeep\n|\n|t:|1700071826\n|switch|p2a: The Violence|Conkeldurr, F|100\/100\n|switch|p2b: Chloe|Absol, F|100\/100\n|turn|5\n|\n|t:|1700071840\n|detailschange|p2b: Chloe|Absol-Mega, F\n|-mega|p2b: Chloe|Absol|Absolite\n|move|p2b: Chloe|Sucker Punch|p1b: hot hot hot\n|-damage|p1b: hot hot hot|17\/100\n|move|p1a: lighter|Lava Plume|p2a: The Violence|[spread] p2a,p2b\n|-immune|p1b: hot hot hot|[from] ability: Flash Fire\n|-damage|p2a: The Violence|33\/100\n|-damage|p2b: Chloe|0 fnt\n|faint|p2b: Chloe\n|move|p1b: hot hot hot|Lava Plume|p2a: The Violence|[spread] p2a\n|-immune|p1a: lighter|[from] ability: Flash Fire\n|-damage|p2a: The Violence|0 fnt\n|faint|p2a: The Violence\n|\n|-weather|SunnyDay|[upkeep]\n|upkeep\n|\n|t:|1700071856\n|switch|p2b: Lucky|Murkrow, M|100\/100\n|switch|p2a: Serperior|Serperior, M|100\/100\n|turn|6\n|\n|t:|1700071870\n|-terastallize|p2b: Lucky|Dark\n|move|p2b: Lucky|Sucker Punch|p1b: hot hot hot\n|-damage|p1b: hot hot hot|0 fnt\n|faint|p1b: hot hot hot\n|move|p1a: lighter|Lava Plume|p2b: Lucky|[spread] p2a,p2b\n|-supereffective|p2a: Serperior\n|-damage|p2a: Serperior|12\/100\n|-enditem|p2b: Lucky|Focus Sash\n|-damage|p2b: Lucky|1\/100\n|move|p2a: Serperior|Leaf Storm|p1a: lighter\n|-resisted|p1a: lighter\n|-damage|p1a: lighter|0 fnt\n|-boost|p2a: Serperior|spa|2\n|faint|p1a: lighter\n|\n|-weather|none\n|upkeep\n|c|\u2606lxvliiz|shits cooking\n|\n|t:|1700071878\n|switch|p1a: burning|Torkoal, F|60\/100\n|switch|p1b: \ud83d\udd25\ud83d\udd25|Iron Moth|100\/100\n|-damage|p1b: \ud83d\udd25\ud83d\udd25|76\/100|[from] Stealth Rock\n|-damage|p1a: burning|35\/100|[from] Stealth Rock\n|-weather|SunnyDay|[from] ability: Drought|[of] p1a: burning\n|-enditem|p1b: \ud83d\udd25\ud83d\udd25|Booster Energy\n|-activate|p1b: \ud83d\udd25\ud83d\udd25|ability: Quark Drive|[fromitem]\n|-start|p1b: \ud83d\udd25\ud83d\udd25|quarkdrivespa\n|turn|7\n|\n|t:|1700071922\n|move|p2b: Lucky|Sucker Punch|p1b: \ud83d\udd25\ud83d\udd25\n|-damage|p1b: \ud83d\udd25\ud83d\udd25|10\/100\n|move|p2a: Serperior|Dragon Pulse|p1b: \ud83d\udd25\ud83d\udd25\n|-damage|p1b: \ud83d\udd25\ud83d\udd25|0 fnt\n|faint|p1b: \ud83d\udd25\ud83d\udd25\n|-end|p1b: \ud83d\udd25\ud83d\udd25|Quark Drive|[silent]\n|move|p1a: burning|Eruption|p2a: Serperior|[spread] p2a,p2b\n|-supereffective|p2a: Serperior\n|-damage|p2a: Serperior|0 fnt\n|-damage|p2b: Lucky|0 fnt\n|faint|p2a: Serperior\n|faint|p2b: Lucky\n|\n|win|lxvliiz\n|raw|lxvliiz's rating: 1272 &rarr; <strong>1294<\/strong><br \/>(+22 for winning)\n|raw|13KStephen's rating: 1225 &rarr; <strong>1203<\/strong><br \/>(-22 for losing)\n|c|\u2606lxvliiz|gg\n","uploadtime":1700071935,"views":10,"p1id":"lxvliiz","p2id":"13kstephen","formatid":"gen9nationaldexdoubles","rating":1203,"private":0,"password":""}