{"id":"gen9nationaldexdoubles-1994306282","p1":"usagi the weeb","p2":"Autumn kings","format":"[Gen 9] National Dex Doubles","log":"|j|\u2606usagi the weeb\n|j|\u2606Autumn kings\n|t:|1700429261\n|gametype|doubles\n|player|p1|usagi the weeb|juggler|\n|player|p2|Autumn kings|169|\n|teamsize|p1|6\n|teamsize|p2|6\n|gen|9\n|tier|[Gen 9] National Dex Doubles\n|rule|HP Percentage Mod: HP is shown in percentages\n|rule|Endless Battle Clause: Forcing endless battles is banned\n|rule|OHKO Clause: OHKO moves are banned\n|rule|Evasion Moves Clause: Evasion moves are banned\n|rule|Evasion Abilities Clause: Evasion abilities are banned\n|rule|Species Clause: Limit one of each Pok\u00e9mon\n|rule|Gravity Sleep Clause: The combination of sleep-inducing moves with imperfect accuracy and Gravity or Gigantamax Orbeetle are banned\n|clearpoke\n|poke|p1|Moltres-Galar|\n|poke|p1|Salazzle, F|\n|poke|p1|Torterra, F|\n|poke|p1|Snorlax, M|\n|poke|p1|Ursaluna, F|\n|poke|p1|Gardevoir, F|\n|poke|p2|Kilowattrel, F|\n|poke|p2|Dragalge, F|\n|poke|p2|Klawf, M|\n|poke|p2|Gogoat, M|\n|poke|p2|Ting-Lu|\n|poke|p2|Toxicroak, M|\n|teampreview\n|\n|t:|1700429285\n|start\n|switch|p1a: sizzle|Salazzle, F, shiny|100\/100\n|switch|p1b: Papa Bear|Ursaluna, F|100\/100\n|switch|p2a: Kilowattrel|Kilowattrel, F|100\/100\n|switch|p2b: Ting-Lu|Ting-Lu|100\/100\n|-ability|p2b: Ting-Lu|Vessel of Ruin\n|turn|1\n|\n|t:|1700429313\n|move|p2a: Kilowattrel|Tailwind|p2a: Kilowattrel\n|-sidestart|p2: Autumn kings|move: Tailwind\n|-start|p2a: Kilowattrel|Charge|Tailwind|[from] ability: Wind Power\n|move|p1b: Papa Bear|Stone Edge|p2a: Kilowattrel\n|-supereffective|p2a: Kilowattrel\n|-damage|p2a: Kilowattrel|0 fnt\n|faint|p2a: Kilowattrel\n|-damage|p1b: Papa Bear|91\/100|[from] item: Life Orb\n|move|p1a: sizzle|Dragon Tail|p2b: Ting-Lu\n|-damage|p2b: Ting-Lu|95\/100\n|drag|p2b: Klawf|Klawf, M|100\/100\n|\n|upkeep\n|\n|t:|1700429329\n|switch|p2a: Ting-Lu|Ting-Lu|95\/100\n|-ability|p2a: Ting-Lu|Vessel of Ruin\n|turn|2\n|\n|t:|1700429374\n|move|p2b: Klawf|Swords Dance|p2b: Klawf\n|-boost|p2b: Klawf|atk|2\n|move|p1b: Papa Bear|Earthquake|p2a: Ting-Lu|[spread] p1a,p2a,p2b\n|-supereffective|p1a: sizzle\n|-supereffective|p2b: Klawf\n|-damage|p1a: sizzle|0 fnt\n|-damage|p2a: Ting-Lu|62\/100\n|-enditem|p2b: Klawf|Focus Sash\n|-damage|p2b: Klawf|1\/100\n|faint|p1a: sizzle\n|-ability|p2b: Klawf|Anger Shell|boost\n|-boost|p2b: Klawf|atk|1\n|-boost|p2b: Klawf|spa|1\n|-boost|p2b: Klawf|spe|1\n|-unboost|p2b: Klawf|def|1\n|-unboost|p2b: Klawf|spd|1\n|-damage|p1b: Papa Bear|81\/100|[from] item: Life Orb\n|move|p2a: Ting-Lu|Whirlwind|p1b: Papa Bear\n|drag|p1b: The World|Torterra, F|100\/100\n|\n|-heal|p2a: Ting-Lu|68\/100|[from] item: Leftovers\n|upkeep\n|\n|t:|1700429393\n|switch|p1a: Phoenix|Moltres-Galar, shiny|100\/100\n|turn|3\n|\n|t:|1700429419\n|move|p2b: Klawf|Rock Slide|p1a: Phoenix|[spread] p1a,p1b\n|-supereffective|p1a: Phoenix\n|-resisted|p1b: The World\n|-damage|p1a: Phoenix|0 fnt\n|-damage|p1b: The World|78\/100\n|faint|p1a: Phoenix\n|move|p1b: The World|Shell Smash|p1b: The World\n|-unboost|p1b: The World|def|1\n|-unboost|p1b: The World|spd|1\n|-boost|p1b: The World|atk|2\n|-boost|p1b: The World|spa|2\n|-boost|p1b: The World|spe|2\n|-enditem|p1b: The World|White Herb\n|-clearnegativeboost|p1b: The World|[silent]\n|move|p2a: Ting-Lu|Whirlwind|p1b: The World\n|drag|p1b: Papa Bear|Ursaluna, F|81\/100\n|\n|-heal|p2a: Ting-Lu|74\/100|[from] item: Leftovers\n|upkeep\n|\n|t:|1700429434\n|switch|p1a: Rem|Gardevoir, F, shiny|100\/100\n|turn|4\n|\n|t:|1700429451\n|detailschange|p1a: Rem|Gardevoir-Mega, F, shiny\n|-mega|p1a: Rem|Gardevoir|Gardevoirite\n|move|p2b: Klawf|Crabhammer|p1b: Papa Bear\n|-supereffective|p1b: Papa Bear\n|-damage|p1b: Papa Bear|1\/100\n|move|p1a: Rem|Aura Sphere|p2b: Klawf\n|-supereffective|p2b: Klawf\n|-damage|p2b: Klawf|0 fnt\n|faint|p2b: Klawf\n|move|p1b: Papa Bear|Earthquake|p2a: Ting-Lu|[spread] p1a,p2a\n|-damage|p1a: Rem|0 fnt\n|-damage|p2a: Ting-Lu|44\/100\n|faint|p1a: Rem\n|-damage|p1b: Papa Bear|0 fnt|[from] item: Life Orb\n|faint|p1b: Papa Bear\n|move|p2a: Ting-Lu|Whirlwind|p1: Rem|[notarget]\n|-fail|p2a: Ting-Lu\n|\n|-heal|p2a: Ting-Lu|50\/100|[from] item: Leftovers\n|-sideend|p2: Autumn kings|move: Tailwind\n|upkeep\n|\n|t:|1700429470\n|switch|p1a: Mr.Chef|Snorlax, M|100\/100\n|switch|p2b: Dragalge|Dragalge, F, shiny|100\/100\n|switch|p1b: The World|Torterra, F|78\/100\n|turn|5\n|\n|t:|1700429496\n|move|p1b: The World|Earthquake|p2b: Dragalge|[spread] p1a,p2a,p2b\n|-crit|p2a: Ting-Lu\n|-supereffective|p2b: Dragalge\n|-damage|p1a: Mr.Chef|63\/100\n|-damage|p2a: Ting-Lu|21\/100\n|-damage|p2b: Dragalge|20\/100\n|move|p2b: Dragalge|Outrage|p1b: The World\n|-damage|p1b: The World|43\/100\n|move|p2a: Ting-Lu|Ruination|p1a: Mr.Chef\n|-damage|p1a: Mr.Chef|32\/100\n|move|p1a: Mr.Chef|Darkest Lariat|p2b: Dragalge\n|-damage|p2b: Dragalge|0 fnt\n|faint|p2b: Dragalge\n|\n|-heal|p2a: Ting-Lu|27\/100|[from] item: Leftovers\n|-heal|p1a: Mr.Chef|38\/100|[from] item: Leftovers\n|upkeep\n|\n|t:|1700429512\n|switch|p2b: Gogoat|Gogoat, M|100\/100\n|turn|6\n|\n|t:|1700429532\n|move|p2b: Gogoat|Play Rough|p1a: Mr.Chef\n|-crit|p1a: Mr.Chef\n|-damage|p1a: Mr.Chef|0 fnt\n|faint|p1a: Mr.Chef\n|-damage|p2b: Gogoat|91\/100|[from] item: Life Orb\n|move|p1b: The World|Energy Ball|p2a: Ting-Lu\n|-supereffective|p2a: Ting-Lu\n|-damage|p2a: Ting-Lu|0 fnt\n|faint|p2a: Ting-Lu\n|\n|upkeep\n|\n|t:|1700429542\n|switch|p2a: Toxicroak|Toxicroak, M|100\/100\n|turn|7\n|\n|t:|1700429551\n|move|p2a: Toxicroak|Cross Chop|p1b: The World\n|-damage|p1b: The World|2\/100\n|move|p2b: Gogoat|Play Rough|p1b: The World\n|-damage|p1b: The World|0 fnt\n|faint|p1b: The World\n|-damage|p2b: Gogoat|81\/100|[from] item: Life Orb\n|\n|win|Autumn kings\n|j| Maybebetterthanu\n|l| Maybebetterthanu\n|j| Maybebetterthanu\n","uploadtime":1700429643,"views":10,"p1id":"usagitheweeb","p2id":"autumnkings","formatid":"gen9nationaldexdoubles","rating":0,"private":0,"password":""}