{"id":"gen9nationaldexdoubles-1968302972","p1":"medichamfan18","p2":"sadf adsf","format":"[Gen 9] National Dex Doubles","log":"|j|\u2606medichamfan18\n|j|\u2606sadf adsf\n|t:|1697404079\n|gametype|doubles\n|player|p1|medichamfan18|boarder|1156\n|player|p2|sadf adsf|lucas|1057\n|teamsize|p1|6\n|teamsize|p2|6\n|gen|9\n|tier|[Gen 9] National Dex Doubles\n|rated|\n|rule|HP Percentage Mod: HP is shown in percentages\n|rule|Endless Battle Clause: Forcing endless battles is banned\n|rule|OHKO Clause: OHKO moves are banned\n|rule|Evasion Moves Clause: Evasion moves are banned\n|rule|Evasion Abilities Clause: Evasion abilities are banned\n|rule|Species Clause: Limit one of each Pok\u00e9mon\n|rule|Gravity Sleep Clause: The combination of sleep-inducing moves with imperfect accuracy and Gravity or Gigantamax Orbeetle are banned\n|clearpoke\n|poke|p1|Medicham, F|\n|poke|p1|Rillaboom, M|\n|poke|p1|Jirachi|\n|poke|p1|Grimmsnarl, M|\n|poke|p1|Urshifu-*, M|\n|poke|p1|Tornadus, M|\n|poke|p2|Indeedee-F, F|\n|poke|p2|Oranguru, F|\n|poke|p2|Glastrier|\n|poke|p2|Hoopa-Unbound|\n|poke|p2|Ursaluna, M|\n|poke|p2|Zygarde|\n|teampreview\n|inactive|Battle timer is ON: inactive players will automatically lose when time's up. (requested by sadf adsf)\n|\n|t:|1697404095\n|start\n|switch|p1a: Medicham|Medicham, F, shiny|100\/100\n|switch|p1b: Urshifu|Urshifu-Rapid-Strike, M|100\/100\n|switch|p2a: Hoopa|Hoopa-Unbound|100\/100\n|switch|p2b: Zygarde|Zygarde|100\/100\n|-ability|p2b: Zygarde|Aura Break\n|turn|1\n|\n|t:|1697404104\n|detailschange|p1a: Medicham|Medicham-Mega, F, shiny\n|-mega|p1a: Medicham|Medicham|Medichamite\n|move|p1b: Urshifu|U-turn|p2a: Hoopa\n|-supereffective|p2a: Hoopa\n|-damage|p2a: Hoopa|0 fnt\n|faint|p2a: Hoopa\n|\n|t:|1697404111\n|switch|p1b: Rillaboom|Rillaboom, M|100\/100|[from] U-turn\n|-fieldstart|move: Grassy Terrain|[from] ability: Grassy Surge|[of] p1b: Rillaboom\n|move|p1a: Medicham|Ice Punch|p2b: Zygarde\n|-supereffective|p2b: Zygarde\n|-damage|p2b: Zygarde|0 fnt\n|faint|p2b: Zygarde\n|\n|upkeep\n|\n|t:|1697404120\n|switch|p2b: Ursaluna|Ursaluna, M|100\/100\n|switch|p2a: Indeedee|Indeedee-F, F|100\/100\n|-fieldstart|move: Psychic Terrain|[from] ability: Psychic Surge|[of] p2a: Indeedee\n|turn|2\n|\n|t:|1697404130\n|move|p2b: Ursaluna|Protect|p2b: Ursaluna\n|-singleturn|p2b: Ursaluna|Protect\n|move|p1a: Medicham|Close Combat|p2b: Ursaluna\n|-activate|p2b: Ursaluna|move: Protect\n|move|p1b: Rillaboom|Wood Hammer|p2a: Indeedee\n|-crit|p2a: Indeedee\n|-damage|p2a: Indeedee|13\/100\n|-damage|p1b: Rillaboom|76\/100|[from] Recoil\n|move|p2a: Indeedee|Trick Room|p2a: Indeedee\n|-fieldstart|move: Trick Room|[of] p2a: Indeedee\n|\n|-status|p2b: Ursaluna|brn|[from] item: Flame Orb\n|upkeep\n|turn|3\n|\n|t:|1697404151\n|move|p2a: Indeedee|Follow Me|p2a: Indeedee\n|-singleturn|p2a: Indeedee|move: Follow Me\n|move|p2b: Ursaluna|Facade|p1b: Rillaboom\n|-damage|p1b: Rillaboom|0 fnt\n|faint|p1b: Rillaboom\n|move|p1a: Medicham|Close Combat|p2a: Indeedee\n|-damage|p2a: Indeedee|0 fnt\n|-unboost|p1a: Medicham|def|1\n|-unboost|p1a: Medicham|spd|1\n|faint|p2a: Indeedee\n|\n|-damage|p2b: Ursaluna|94\/100 brn|[from] brn\n|upkeep\n|\n|t:|1697404172\n|switch|p2a: Glastrier|Glastrier|100\/100\n|switch|p1b: Jirachi|Jirachi|100\/100\n|turn|4\n|\n|t:|1697404200\n|-terastallize|p2a: Glastrier|Ice\n|-terastallize|p1b: Jirachi|Fairy\n|move|p1b: Jirachi|Follow Me|p1b: Jirachi\n|-singleturn|p1b: Jirachi|move: Follow Me\n|move|p2a: Glastrier|Icicle Spear|p1b: Jirachi\n|-damage|p1b: Jirachi|84\/100\n|-damage|p1b: Jirachi|69\/100\n|-damage|p1b: Jirachi|52\/100\n|-crit|p1b: Jirachi\n|-damage|p1b: Jirachi|30\/100\n|-enditem|p1b: Jirachi|Sitrus Berry|[eat]\n|-heal|p1b: Jirachi|55\/100|[from] item: Sitrus Berry\n|-hitcount|p1b: Jirachi|4\n|move|p2b: Ursaluna|Headlong Rush|p1b: Jirachi\n|-damage|p1b: Jirachi|0 fnt\n|-unboost|p2b: Ursaluna|def|1\n|-unboost|p2b: Ursaluna|spd|1\n|faint|p1b: Jirachi\n|move|p1a: Medicham|Close Combat|p2b: Ursaluna\n|-supereffective|p2b: Ursaluna\n|-damage|p2b: Ursaluna|0 fnt\n|-unboost|p1a: Medicham|def|1\n|-unboost|p1a: Medicham|spd|1\n|faint|p2b: Ursaluna\n|\n|upkeep\n|\n|t:|1697404218\n|switch|p2b: Oranguru|Oranguru, F|100\/100\n|switch|p1b: Grimmsnarl|Grimmsnarl, M|100\/100\n|turn|5\n|\n|t:|1697404229\n|move|p1b: Grimmsnarl|Reflect|p1b: Grimmsnarl\n|-sidestart|p1: medichamfan18|Reflect\n|move|p2a: Glastrier|Icicle Spear|p1a: Medicham\n|-damage|p1a: Medicham|60\/100\n|-damage|p1a: Medicham|19\/100\n|-damage|p1a: Medicham|0 fnt\n|faint|p1a: Medicham\n|-ability|p2a: Glastrier|Chilling Neigh|boost\n|-boost|p2a: Glastrier|atk|1\n|-hitcount|p1: Medicham|3\n|move|p2b: Oranguru|Instruct|p2a: Glastrier\n|-singleturn|p2a: Glastrier|move: Instruct|[of] p2b: Oranguru\n|move|p2a: Glastrier|Icicle Spear|p1b: Grimmsnarl\n|-damage|p1b: Grimmsnarl|81\/100\n|-damage|p1b: Grimmsnarl|62\/100\n|-damage|p1b: Grimmsnarl|43\/100\n|-damage|p1b: Grimmsnarl|22\/100\n|-damage|p1b: Grimmsnarl|2\/100\n|-hitcount|p1b: Grimmsnarl|5\n|\n|upkeep\n|\n|t:|1697404234\n|switch|p1a: Urshifu|Urshifu-Rapid-Strike, M|100\/100\n|turn|6\n|\n|t:|1697404252\n|move|p1b: Grimmsnarl|Parting Shot|p2a: Glastrier\n|-activate|p2a: Glastrier|move: Psychic Terrain\n|move|p2a: Glastrier|Icicle Spear|p1b: Grimmsnarl\n|-damage|p1b: Grimmsnarl|0 fnt\n|faint|p1b: Grimmsnarl\n|-ability|p2a: Glastrier|Chilling Neigh|boost\n|-boost|p2a: Glastrier|atk|1\n|-hitcount|p1: Grimmsnarl|1\n|move|p2b: Oranguru|Instruct|p2a: Glastrier\n|-singleturn|p2a: Glastrier|move: Instruct|[of] p2b: Oranguru\n|move|p2a: Glastrier|Icicle Spear|p1a: Urshifu\n|-resisted|p1a: Urshifu\n|-damage|p1a: Urshifu|86\/100\n|-resisted|p1a: Urshifu\n|-damage|p1a: Urshifu|71\/100\n|-resisted|p1a: Urshifu\n|-damage|p1a: Urshifu|59\/100\n|-resisted|p1a: Urshifu\n|-damage|p1a: Urshifu|46\/100\n|-hitcount|p1a: Urshifu|4\n|move|p1a: Urshifu|Surging Strikes|p2b: Oranguru\n|-crit|p2b: Oranguru\n|-damage|p2b: Oranguru|87\/100\n|-crit|p2b: Oranguru\n|-damage|p2b: Oranguru|73\/100\n|-crit|p2b: Oranguru\n|-damage|p2b: Oranguru|58\/100\n|-hitcount|p2b: Oranguru|3\n|\n|-fieldend|move: Trick Room\n|-fieldend|move: Psychic Terrain\n|upkeep\n|\n|t:|1697404258\n|switch|p1b: Tornadus|Tornadus, M|100\/100\n|turn|7\n|\n|t:|1697404271\n|move|p2a: Glastrier|Protect|p2a: Glastrier\n|-singleturn|p2a: Glastrier|Protect\n|move|p1b: Tornadus|Taunt|p2b: Oranguru\n|-start|p2b: Oranguru|move: Taunt\n|-enditem|p2b: Oranguru|Mental Herb\n|-end|p2b: Oranguru|move: Taunt\n|move|p1a: Urshifu|Surging Strikes|p2b: Oranguru\n|-crit|p2b: Oranguru\n|-damage|p2b: Oranguru|44\/100\n|-crit|p2b: Oranguru\n|-damage|p2b: Oranguru|29\/100\n|-crit|p2b: Oranguru\n|-damage|p2b: Oranguru|15\/100\n|-hitcount|p2b: Oranguru|3\n|move|p2b: Oranguru|Trick Room|p2b: Oranguru\n|-fieldstart|move: Trick Room|[of] p2b: Oranguru\n|\n|upkeep\n|turn|8\n|\n|t:|1697404289\n|move|p2a: Glastrier|Icicle Spear|p1b: Tornadus\n|-supereffective|p1b: Tornadus\n|-damage|p1b: Tornadus|17\/100\n|-supereffective|p1b: Tornadus\n|-damage|p1b: Tornadus|0 fnt\n|faint|p1b: Tornadus\n|-ability|p2a: Glastrier|Chilling Neigh|boost\n|-boost|p2a: Glastrier|atk|1\n|-hitcount|p1: Tornadus|2\n|move|p2b: Oranguru|Instruct|p2a: Glastrier\n|-singleturn|p2a: Glastrier|move: Instruct|[of] p2b: Oranguru\n|move|p2a: Glastrier|Icicle Spear|p1a: Urshifu\n|-resisted|p1a: Urshifu\n|-damage|p1a: Urshifu|30\/100\n|-resisted|p1a: Urshifu\n|-damage|p1a: Urshifu|11\/100\n|-resisted|p1a: Urshifu\n|-damage|p1a: Urshifu|0 fnt\n|faint|p1a: Urshifu\n|-hitcount|p1: Urshifu|3\n|\n|win|sadf adsf\n|raw|medichamfan18's rating: 1156 &rarr; <strong>1124<\/strong><br \/>(-32 for losing)\n|raw|sadf adsf's rating: 1057 &rarr; <strong>1097<\/strong><br \/>(+40 for winning)\n|l|\u2606medichamfan18\n","uploadtime":1697404308,"views":3,"p1id":"medichamfan18","p2id":"sadfadsf","formatid":"gen9nationaldexdoubles","rating":1097,"private":0,"password":""}