{"id":"gen9nationaldexdoubles-1977114711","p1":"JacintoElGrande","p2":"Elnutriajp","format":"[Gen 9] National Dex Doubles","log":"|j|\u2606JacintoElGrande\n|j|\u2606Elnutriajp\n|t:|1698373190\n|gametype|doubles\n|player|p1|JacintoElGrande|doctor-gen8|\n|player|p2|Elnutriajp|lucas|\n|teamsize|p1|6\n|teamsize|p2|6\n|gen|9\n|tier|[Gen 9] National Dex Doubles\n|rule|HP Percentage Mod: HP is shown in percentages\n|rule|Endless Battle Clause: Forcing endless battles is banned\n|rule|OHKO Clause: OHKO moves are banned\n|rule|Evasion Moves Clause: Evasion moves are banned\n|rule|Evasion Abilities Clause: Evasion abilities are banned\n|rule|Species Clause: Limit one of each Pok\u00e9mon\n|rule|Gravity Sleep Clause: The combination of sleep-inducing moves with imperfect accuracy and Gravity or Gigantamax Orbeetle are banned\n|clearpoke\n|poke|p1|Clefairy, M|\n|poke|p1|Ditto|\n|poke|p1|Indeedee-F, F|\n|poke|p1|Farigiraf, F|\n|poke|p1|Ursaluna, M|\n|poke|p1|Maushold|\n|poke|p2|Rotom-Wash|\n|poke|p2|Dracovish|\n|poke|p2|Pelipper, M|\n|poke|p2|Milotic, F|\n|poke|p2|Swampert, F|\n|poke|p2|Toxapex, F|\n|teampreview\n|c|\u2606JacintoElGrande|gl hf\n|\n|t:|1698373206\n|start\n|switch|p1a: Maushold|Maushold|100\/100\n|switch|p1b: Indeedee|Indeedee-F, F|100\/100\n|switch|p2a: OwO|Dracovish, shiny|100\/100\n|switch|p2b: Dex|Rotom-Wash|100\/100\n|-fieldstart|move: Psychic Terrain|[from] ability: Psychic Surge|[of] p1b: Indeedee\n|-enditem|p1b: Indeedee|Psychic Seed\n|-boost|p1b: Indeedee|spd|1|[from] item: Psychic Seed\n|turn|1\n|c|\u2606Elnutriajp|temo lo peor XD\n|c|\u2606JacintoElGrande|por?\n|\n|t:|1698373274\n|move|p1a: Maushold|Protect|p1a: Maushold\n|-singleturn|p1a: Maushold|Protect\n|move|p1b: Indeedee|Protect|p1b: Indeedee\n|-singleturn|p1b: Indeedee|Protect\n|move|p2b: Dex|Ally Switch|p2b: Dex\n|swap|p2b: Dex|0|[from] move: Ally Switch\n|move|p2b: OwO|Fishious Rend|p1a: Maushold\n|-activate|p1a: Maushold|move: Protect\n|\n|upkeep\n|turn|2\n|c|\u2606Elnutriajp|por eso XDD\n|\n|t:|1698373292\n|switch|p2a: Pippe|Pelipper, M|100\/100\n|-weather|RainDance|[from] ability: Drizzle|[of] p2a: Pippe\n|switch|p2b: Toxapex|Toxapex, F|100\/100\n|move|p1b: Indeedee|Follow Me|p1b: Indeedee\n|-singleturn|p1b: Indeedee|move: Follow Me\n|move|p1a: Maushold|Population Bomb|p2b: Toxapex\n|-damage|p2b: Toxapex|94\/100\n|-damage|p1a: Maushold|84\/100|[from] item: Rocky Helmet|[of] p2b: Toxapex\n|-damage|p2b: Toxapex|87\/100\n|-damage|p1a: Maushold|67\/100|[from] item: Rocky Helmet|[of] p2b: Toxapex\n|-damage|p2b: Toxapex|80\/100\n|-damage|p1a: Maushold|51\/100|[from] item: Rocky Helmet|[of] p2b: Toxapex\n|-damage|p2b: Toxapex|73\/100\n|-damage|p1a: Maushold|34\/100|[from] item: Rocky Helmet|[of] p2b: Toxapex\n|-damage|p2b: Toxapex|66\/100\n|-damage|p1a: Maushold|17\/100|[from] item: Rocky Helmet|[of] p2b: Toxapex\n|-damage|p2b: Toxapex|59\/100\n|-damage|p1a: Maushold|1\/100|[from] item: Rocky Helmet|[of] p2b: Toxapex\n|-damage|p2b: Toxapex|52\/100\n|-damage|p1a: Maushold|0 fnt|[from] item: Rocky Helmet|[of] p2b: Toxapex\n|faint|p1a: Maushold\n|-hitcount|p2b: Toxapex|7\n|\n|-weather|RainDance|[upkeep]\n|upkeep\n|c|\u2606JacintoElGrande|f por mi maushold xd\n|c|\u2606JacintoElGrande|desapareci\u00f3\n|c|\u2606Elnutriajp|eso doli\u00f3\n|\n|t:|1698373334\n|switch|p1a: Farigiraf|Farigiraf, F|100\/100\n|turn|3\n|\n|t:|1698373361\n|switch|p2b: Mylo|Milotic, F|100\/100\n|move|p2a: Pippe|U-turn|p1a: Farigiraf\n|-supereffective|p1a: Farigiraf\n|-damage|p1a: Farigiraf|82\/100\n|c|\u2606JacintoElGrande|maushold se rompi\u00f3 las manos pegandole a los pinchos del toxapex\n|\n|t:|1698373371\n|switch|p2a: Dex|Rotom-Wash|100\/100|[from] U-turn\n|move|p1b: Indeedee|Psychic|p2b: Mylo\n|-damage|p2b: Mylo|80\/100\n|move|p1a: Farigiraf|Trick Room|p1a: Farigiraf\n|-fieldstart|move: Trick Room|[of] p1a: Farigiraf\n|\n|-weather|RainDance|[upkeep]\n|-status|p2b: Mylo|brn|[from] item: Flame Orb\n|upkeep\n|turn|4\n|\n|t:|1698373389\n|move|p1b: Indeedee|Follow Me|p1b: Indeedee\n|-singleturn|p1b: Indeedee|move: Follow Me\n|move|p1a: Farigiraf|Nasty Plot|p1a: Farigiraf\n|-boost|p1a: Farigiraf|spa|2\n|move|p2b: Mylo|Scald|p1b: Indeedee\n|-damage|p1b: Indeedee|80\/100\n|move|p2a: Dex|Trick|p1b: Indeedee\n|-activate|p2a: Dex|move: Trick|[of] p1b: Indeedee\n|-item|p1b: Indeedee|Choice Scarf|[from] move: Trick\n|-enditem|p2a: Dex|Choice Scarf|[silent]|[from] move: Trick\n|\n|-weather|RainDance|[upkeep]\n|-damage|p2b: Mylo|74\/100 brn|[from] brn\n|upkeep\n|turn|5\n|\n|t:|1698373417\n|move|p1b: Indeedee|Follow Me|p1b: Indeedee\n|-singleturn|p1b: Indeedee|move: Follow Me\n|move|p1a: Farigiraf|Psychic|p2b: Mylo\n|-damage|p2b: Mylo|5\/100 brn\n|move|p2b: Mylo|Scald|p1b: Indeedee\n|-damage|p1b: Indeedee|60\/100\n|-status|p1b: Indeedee|brn\n|move|p2a: Dex|Volt Switch|p1b: Indeedee\n|-damage|p1b: Indeedee|45\/100 brn\n|\n|t:|1698373438\n|switch|p2a: OwO|Dracovish, shiny|100\/100|[from] Volt Switch\n|\n|-weather|RainDance|[upkeep]\n|-damage|p2b: Mylo|0 fnt|[from] brn\n|faint|p2b: Mylo\n|-damage|p1b: Indeedee|39\/100 brn|[from] brn\n|-fieldend|move: Psychic Terrain\n|upkeep\n|\n|t:|1698373448\n|switch|p2b: coshita|Swampert, F|100\/100\n|turn|6\n|\n|t:|1698373481\n|detailschange|p2b: coshita|Swampert-Mega, F\n|-mega|p2b: coshita|Swampert|Swampertite\n|move|p1b: Indeedee|Follow Me|p1b: Indeedee\n|-singleturn|p1b: Indeedee|move: Follow Me\n|move|p1a: Farigiraf|Psychic|p2a: OwO\n|-crit|p2a: OwO\n|-damage|p2a: OwO|0 fnt\n|faint|p2a: OwO\n|move|p2b: coshita|Flip Turn|p1b: Indeedee\n|-damage|p1b: Indeedee|0 fnt\n|faint|p1b: Indeedee\n|c|\u2606JacintoElGrande|naaaaa que mal el critico\n|\n|t:|1698373493\n|switch|p2b: Dex|Rotom-Wash|100\/100|[from] Flip Turn\n|\n|-weather|RainDance|[upkeep]\n|upkeep\n|c|\u2606JacintoElGrande|sorry :c\n|\n|t:|1698373503\n|switch|p1b: Ursaluna|Ursaluna, M|100\/100\n|switch|p2a: coshita|Swampert-Mega, F|100\/100\n|turn|7\n|\n|t:|1698373531\n|move|p2b: Dex|Ally Switch|p2b: Dex\n|swap|p2b: Dex|0|[from] move: Ally Switch\n|move|p1b: Ursaluna|Close Combat|p2b: coshita\n|-damage|p2b: coshita|54\/100\n|-unboost|p1b: Ursaluna|def|1\n|-unboost|p1b: Ursaluna|spd|1\n|move|p1a: Farigiraf|Psychic|p2b: coshita\n|-damage|p2b: coshita|0 fnt\n|faint|p2b: coshita\n|\n|-weather|RainDance|[upkeep]\n|-fieldend|move: Trick Room\n|-status|p1b: Ursaluna|brn|[from] item: Flame Orb\n|upkeep\n|\n|t:|1698373547\n|switch|p2b: Toxapex|Toxapex, F|85\/100\n|turn|8\n|\n|t:|1698373572\n|switch|p1b: Clefairy|Clefairy, M|100\/100\n|move|p2a: Dex|Volt Switch|p1b: Clefairy\n|-damage|p1b: Clefairy|81\/100\n|c|\u2606Elnutriajp|el ally switch es algo que solo funciona la primera vez XD\n|\n|t:|1698373606\n|switch|p2a: Pippe|Pelipper, M|100\/100|[from] Volt Switch\n|move|p1a: Farigiraf|Psychic|p2b: Toxapex\n|-supereffective|p2b: Toxapex\n|-damage|p2b: Toxapex|0 fnt\n|faint|p2b: Toxapex\n|\n|-weather|RainDance|[upkeep]\n|upkeep\n|\n|t:|1698373616\n|switch|p2b: Dex|Rotom-Wash|100\/100\n|turn|9\n|c|\u2606Elnutriajp|es gracioso porque tengo team con pokes con buenos stats pero quiero hacer funcionar a los clasicos XDD\n|c|\u2606JacintoElGrande|solo funciona cuando el oponente no sabe que lo tienes xd\n|\n|t:|1698373716\n|move|p1b: Clefairy|Follow Me|p1b: Clefairy\n|-singleturn|p1b: Clefairy|move: Follow Me\n|move|p2b: Dex|Volt Switch|p1b: Clefairy\n|-damage|p1b: Clefairy|60\/100\n|move|p2a: Pippe|Hurricane|p1b: Clefairy\n|-damage|p1b: Clefairy|32\/100\n|-start|p1b: Clefairy|confusion\n|move|p1a: Farigiraf|Psychic|p2b: Dex\n|-damage|p2b: Dex|0 fnt\n|faint|p2b: Dex\n|\n|-weather|none\n|upkeep\n|turn|10\n|c|\u2606Elnutriajp|ya, es complicado pero  vs random es gracioso xdd\n|\n|t:|1698373762\n|-activate|p1b: Clefairy|confusion\n|move|p1b: Clefairy|Follow Me|p1b: Clefairy\n|-singleturn|p1b: Clefairy|move: Follow Me\n|move|p2a: Pippe|Surf|p1b: Clefairy|[spread] p1a,p1b\n|-damage|p1a: Farigiraf|61\/100\n|-damage|p1b: Clefairy|15\/100\n|move|p1a: Farigiraf|Psychic|p2a: Pippe\n|-damage|p2a: Pippe|0 fnt\n|faint|p2a: Pippe\n|\n|win|JacintoElGrande\n|l|\u2606Elnutriajp\n","uploadtime":1698373944,"views":13,"p1id":"jacintoelgrande","p2id":"elnutriajp","formatid":"gen9nationaldexdoubles","rating":0,"private":0,"password":""}