{"id":"gen9nationaldexdoubles-1972989457","p1":"Love and Ashes","p2":"neroche","format":"[Gen 9] National Dex Doubles","log":"|j|\u2606Love and Ashes\n|j|\u2606neroche\n|t:|1697915947\n|gametype|doubles\n|player|p1|Love and Ashes|rosa|1040\n|player|p2|neroche|102|1091\n|teamsize|p1|6\n|teamsize|p2|6\n|gen|9\n|tier|[Gen 9] National Dex Doubles\n|rated|\n|rule|HP Percentage Mod: HP is shown in percentages\n|rule|Endless Battle Clause: Forcing endless battles is banned\n|rule|OHKO Clause: OHKO moves are banned\n|rule|Evasion Moves Clause: Evasion moves are banned\n|rule|Evasion Abilities Clause: Evasion abilities are banned\n|rule|Species Clause: Limit one of each Pok\u00e9mon\n|rule|Gravity Sleep Clause: The combination of sleep-inducing moves with imperfect accuracy and Gravity or Gigantamax Orbeetle are banned\n|clearpoke\n|poke|p1|Serperior, M|\n|poke|p1|Donphan, M|\n|poke|p1|Blaziken, F|\n|poke|p1|Volcarona, F|\n|poke|p1|Gyarados, F|\n|poke|p1|Manectric, F|\n|poke|p2|Rotom-Mow|\n|poke|p2|Amoonguss, M|\n|poke|p2|Ogerpon-Hearthflame, F|\n|poke|p2|Rillaboom, F|\n|poke|p2|Sinistcha-Masterpiece|\n|poke|p2|Iron Leaves|\n|teampreview\n|\n|t:|1697915972\n|start\n|switch|p1a: Blaziken|Blaziken, F|100\/100\n|switch|p1b: Volcarona|Volcarona, F|100\/100\n|switch|p2a: Zhander K-chero|Ogerpon-Hearthflame, F|100\/100\n|switch|p2b: Sodimac|Rotom-Mow|100\/100\n|-ability|p2a: Zhander K-chero|Mold Breaker\n|turn|1\n|\n|t:|1697916005\n|move|p2a: Zhander K-chero|Spiky Shield|p2a: Zhander K-chero\n|-singleturn|p2a: Zhander K-chero|move: Protect\n|move|p1b: Volcarona|Fiery Dance|p2b: Sodimac\n|-supereffective|p2b: Sodimac\n|-damage|p2b: Sodimac|27\/100\n|-enditem|p2b: Sodimac|Sitrus Berry|[eat]\n|-heal|p2b: Sodimac|52\/100|[from] item: Sitrus Berry\n|move|p1a: Blaziken|Overheat|p2a: Zhander K-chero\n|-activate|p2a: Zhander K-chero|move: Protect\n|move|p2b: Sodimac|Electroweb|p1a: Blaziken|[spread] p1a,p1b\n|-damage|p1a: Blaziken|77\/100\n|-damage|p1b: Volcarona|85\/100\n|-unboost|p1a: Blaziken|spe|1\n|-unboost|p1b: Volcarona|spe|1\n|\n|-ability|p1a: Blaziken|Speed Boost|boost\n|-boost|p1a: Blaziken|spe|1\n|upkeep\n|turn|2\n|\n|t:|1697916042\n|switch|p1b: Donphan|Donphan, M|100\/100\n|-terastallize|p2a: Zhander K-chero|Fire\n|detailschange|p2a: Zhander K-chero|Ogerpon-Hearthflame-Tera, F, tera:Fire\n|-ability|p2a: Zhander K-chero|Embody Aspect (Hearthflame)|boost\n|-boost|p2a: Zhander K-chero|atk|1\n|move|p2a: Zhander K-chero|Ivy Cudgel|p1b: Donphan\n|-crit|p1b: Donphan\n|-ability|p1b: Donphan|Sturdy\n|-damage|p1b: Donphan|1\/100\n|-enditem|p1b: Donphan|Aguav Berry|[eat]\n|-heal|p1b: Donphan|34\/100|[from] item: Aguav Berry\n|move|p1a: Blaziken|Overheat|p2b: Sodimac\n|-supereffective|p2b: Sodimac\n|-crit|p2b: Sodimac\n|-damage|p2b: Sodimac|0 fnt\n|-unboost|p1a: Blaziken|spa|2\n|faint|p2b: Sodimac\n|\n|-ability|p1a: Blaziken|Speed Boost|boost\n|-boost|p1a: Blaziken|spe|1\n|upkeep\n|\n|t:|1697916064\n|switch|p2b: Hincha de R.F.|Rillaboom, F|100\/100\n|-fieldstart|move: Grassy Terrain|[from] ability: Grassy Surge|[of] p2b: Hincha de R.F.\n|turn|3\n|\n|t:|1697916084\n|move|p2a: Zhander K-chero|Spiky Shield|p2a: Zhander K-chero\n|-singleturn|p2a: Zhander K-chero|move: Protect\n|move|p1b: Donphan|Ice Shard|p2b: Hincha de R.F.\n|-supereffective|p2b: Hincha de R.F.\n|-damage|p2b: Hincha de R.F.|73\/100\n|move|p1a: Blaziken|Close Combat|p2a: Zhander K-chero\n|-activate|p2a: Zhander K-chero|move: Protect\n|-damage|p1a: Blaziken|65\/100|[from] Spiky Shield|[of] p2a: Zhander K-chero\n|move|p2b: Hincha de R.F.|Earthquake|p1b: Donphan|[spread] p1a,p1b\n|-activate|p2a: Zhander K-chero|move: Protect\n|-supereffective|p1a: Blaziken\n|-damage|p1a: Blaziken|0 fnt\n|-damage|p1b: Donphan|18\/100\n|faint|p1a: Blaziken\n|\n|-heal|p2b: Hincha de R.F.|79\/100|[from] Grassy Terrain\n|-heal|p1b: Donphan|24\/100|[from] Grassy Terrain\n|upkeep\n|\n|t:|1697916108\n|switch|p1a: Manectric|Manectric, F|100\/100\n|turn|4\n|\n|t:|1697916131\n|switch|p2b: Sus|Amoonguss, M|100\/100\n|detailschange|p1a: Manectric|Manectric-Mega, F\n|-mega|p1a: Manectric|Manectric|Manectite\n|-ability|p1a: Manectric|Intimidate|boost\n|-unboost|p2a: Zhander K-chero|atk|1\n|-unboost|p2b: Sus|atk|1\n|move|p1a: Manectric|Flamethrower|p2b: Sus\n|-supereffective|p2b: Sus\n|-damage|p2b: Sus|57\/100\n|move|p2a: Zhander K-chero|Horn Leech|p1a: Manectric\n|-damage|p1a: Manectric|8\/100\n|move|p1b: Donphan|Rock Slide|p2b: Sus|[spread] p2a,p2b\n|-supereffective|p2a: Zhander K-chero\n|-damage|p2a: Zhander K-chero|55\/100\n|-damage|p2b: Sus|38\/100\n|\n|-heal|p1a: Manectric|14\/100|[from] Grassy Terrain\n|-heal|p2a: Zhander K-chero|61\/100|[from] Grassy Terrain\n|-heal|p1b: Donphan|30\/100|[from] Grassy Terrain\n|-heal|p2b: Sus|44\/100|[from] Grassy Terrain\n|-heal|p2b: Sus|50\/100|[from] item: Leftovers\n|upkeep\n|turn|5\n|\n|t:|1697916171\n|move|p2b: Sus|Rage Powder|p2b: Sus\n|-singleturn|p2b: Sus|move: Rage Powder\n|move|p1a: Manectric|Flamethrower|p2b: Sus\n|-supereffective|p2b: Sus\n|-damage|p2b: Sus|7\/100\n|move|p2a: Zhander K-chero|Horn Leech|p1a: Manectric\n|-damage|p1a: Manectric|0 fnt\n|-heal|p2a: Zhander K-chero|66\/100|[from] drain|[of] p1a: Manectric\n|faint|p1a: Manectric\n|move|p1b: Donphan|Rock Slide|p2b: Sus|[spread] p2a,p2b\n|-supereffective|p2a: Zhander K-chero\n|-damage|p2a: Zhander K-chero|23\/100\n|-damage|p2b: Sus|0 fnt\n|faint|p2b: Sus\n|\n|-heal|p2a: Zhander K-chero|29\/100|[from] Grassy Terrain\n|-heal|p1b: Donphan|36\/100|[from] Grassy Terrain\n|upkeep\n|\n|t:|1697916191\n|switch|p1a: Volcarona|Volcarona, F|85\/100\n|switch|p2b: Sonic verde|Iron Leaves|100\/100\n|-enditem|p2b: Sonic verde|Booster Energy\n|-activate|p2b: Sonic verde|ability: Quark Drive|[fromitem]\n|-start|p2b: Sonic verde|quarkdriveatk\n|turn|6\n|\n|t:|1697916208\n|move|p1a: Volcarona|Fiery Dance|p2b: Sonic verde\n|-supereffective|p2b: Sonic verde\n|-damage|p2b: Sonic verde|11\/100\n|move|p2b: Sonic verde|Leaf Blade|p1b: Donphan\n|-supereffective|p1b: Donphan\n|-damage|p1b: Donphan|0 fnt\n|faint|p1b: Donphan\n|move|p2a: Zhander K-chero|Ivy Cudgel|p1a: Volcarona\n|-damage|p1a: Volcarona|0 fnt\n|faint|p1a: Volcarona\n|\n|-heal|p2b: Sonic verde|17\/100|[from] Grassy Terrain\n|-heal|p2a: Zhander K-chero|35\/100|[from] Grassy Terrain\n|upkeep\n|\n|t:|1697916225\n|switch|p1a: Serperior|Serperior, M|100\/100\n|switch|p1b: Gyarados|Gyarados, F|100\/100\n|-ability|p1b: Gyarados|Intimidate|boost\n|-unboost|p2a: Zhander K-chero|atk|1\n|-unboost|p2b: Sonic verde|atk|1\n|turn|7\n|\n|t:|1697916263\n|move|p1a: Serperior|Protect|p1a: Serperior\n|-singleturn|p1a: Serperior|Protect\n|move|p2a: Zhander K-chero|Spiky Shield|p2a: Zhander K-chero\n|-singleturn|p2a: Zhander K-chero|move: Protect\n|move|p2b: Sonic verde|Psyblade|p1b: Gyarados\n|-damage|p1b: Gyarados|55\/100\n|move|p1b: Gyarados|Thunder Wave|p2a: Zhander K-chero\n|-activate|p2a: Zhander K-chero|move: Protect\n|\n|-heal|p2b: Sonic verde|23\/100|[from] Grassy Terrain\n|-heal|p2a: Zhander K-chero|41\/100|[from] Grassy Terrain\n|-fieldend|move: Grassy Terrain\n|upkeep\n|turn|8\n|\n|t:|1697916287\n|move|p1a: Serperior|Leaf Storm|p2b: Sonic verde\n|-resisted|p2b: Sonic verde\n|-damage|p2b: Sonic verde|0 fnt\n|-boost|p1a: Serperior|spa|2\n|faint|p2b: Sonic verde\n|-end|p2b: Sonic verde|Quark Drive|[silent]\n|move|p1b: Gyarados|Waterfall|p2a: Zhander K-chero\n|-supereffective|p2a: Zhander K-chero\n|-damage|p2a: Zhander K-chero|0 fnt\n|faint|p2a: Zhander K-chero\n|\n|upkeep\n|\n|t:|1697916299\n|switch|p2b: Hincha de R.F.|Rillaboom, F|79\/100\n|switch|p2a: Toy re duro|Sinistcha-Masterpiece|100\/100\n|-fieldstart|move: Grassy Terrain|[from] ability: Grassy Surge|[of] p2b: Hincha de R.F.\n|turn|9\n|\n|t:|1697916325\n|move|p2b: Hincha de R.F.|Grassy Glide|p1b: Gyarados\n|-damage|p1b: Gyarados|0 fnt\n|faint|p1b: Gyarados\n|move|p1a: Serperior|Leaf Storm|p2b: Hincha de R.F.\n|-resisted|p2b: Hincha de R.F.\n|-damage|p2b: Hincha de R.F.|10\/100\n|-boost|p1a: Serperior|spa|2\n|move|p2a: Toy re duro|Calm Mind|p2a: Toy re duro\n|-boost|p2a: Toy re duro|spa|1\n|-boost|p2a: Toy re duro|spd|1\n|\n|-heal|p2b: Hincha de R.F.|16\/100|[from] Grassy Terrain\n|upkeep\n|turn|10\n|\n|t:|1697916341\n|move|p2b: Hincha de R.F.|Grassy Glide|p1a: Serperior\n|-resisted|p1a: Serperior\n|-crit|p1a: Serperior\n|-damage|p1a: Serperior|45\/100\n|move|p1a: Serperior|Leaf Storm|p2b: Hincha de R.F.\n|-resisted|p2b: Hincha de R.F.\n|-crit|p2b: Hincha de R.F.\n|-damage|p2b: Hincha de R.F.|0 fnt\n|-boost|p1a: Serperior|spa|2\n|faint|p2b: Hincha de R.F.\n|move|p2a: Toy re duro|Shadow Ball|p1a: Serperior\n|-crit|p1a: Serperior\n|-damage|p1a: Serperior|0 fnt\n|faint|p1a: Serperior\n|\n|win|neroche\n|raw|Love and Ashes's rating: 1040 &rarr; <strong>1026<\/strong><br \/>(-14 for losing)\n|raw|neroche's rating: 1091 &rarr; <strong>1114<\/strong><br \/>(+23 for winning)\n|l|\u2606Love and Ashes\n","uploadtime":1697916366,"views":9,"p1id":"loveandashes","p2id":"neroche","formatid":"gen9nationaldexdoubles","rating":1026,"private":0,"password":""}