{"id":"gen9nationaldexdoubles-1973896450","p1":"jamsvgc","p2":"LDP333","format":"[Gen 9] National Dex Doubles","log":"|j|\u2606jamsvgc\n|j|\u2606LDP333\n|t:|1698025513\n|gametype|doubles\n|player|p1|jamsvgc|266|1480\n|player|p2|LDP333|riley|1549\n|teamsize|p1|6\n|teamsize|p2|6\n|gen|9\n|tier|[Gen 9] National Dex Doubles\n|rated|\n|rule|HP Percentage Mod: HP is shown in percentages\n|rule|Endless Battle Clause: Forcing endless battles is banned\n|rule|OHKO Clause: OHKO moves are banned\n|rule|Evasion Moves Clause: Evasion moves are banned\n|rule|Evasion Abilities Clause: Evasion abilities are banned\n|rule|Species Clause: Limit one of each Pok\u00e9mon\n|rule|Gravity Sleep Clause: The combination of sleep-inducing moves with imperfect accuracy and Gravity or Gigantamax Orbeetle are banned\n|clearpoke\n|poke|p1|Alakazam, M|\n|poke|p1|Tapu Lele|\n|poke|p1|Kartana|\n|poke|p1|Tornadus, M|\n|poke|p1|Arcanine-Hisui, F|\n|poke|p1|Urshifu-*, F|\n|poke|p2|Kommo-o, F|\n|poke|p2|Iron Bundle|\n|poke|p2|Manectric, F|\n|poke|p2|Flutter Mane|\n|poke|p2|Incineroar, F|\n|poke|p2|Rillaboom, F|\n|teampreview\n|\n|t:|1698025548\n|start\n|switch|p1a: Kartana|Kartana|100\/100\n|switch|p1b: Tornadus|Tornadus, M|100\/100\n|switch|p2a: EleDog|Manectric, F|100\/100\n|switch|p2b: NO.1|Incineroar, F|100\/100\n|-ability|p2b: NO.1|Intimidate|boost\n|-unboost|p1a: Kartana|atk|1\n|-unboost|p1b: Tornadus|atk|1\n|turn|1\n|\n|t:|1698025574\n|detailschange|p2a: EleDog|Manectric-Mega, F\n|-mega|p2a: EleDog|Manectric|Manectite\n|-ability|p2a: EleDog|Intimidate|boost\n|-unboost|p1a: Kartana|atk|1\n|-unboost|p1b: Tornadus|atk|1\n|move|p2b: NO.1|Fake Out|p1a: Kartana\n|-resisted|p1a: Kartana\n|-damage|p1a: Kartana|95\/100\n|move|p1b: Tornadus|Rain Dance|p1b: Tornadus\n|-weather|RainDance\n|move|p2a: EleDog|Volt Switch|p1b: Tornadus\n|-supereffective|p1b: Tornadus\n|-damage|p1b: Tornadus|21\/100\n|\n|t:|1698025594\n|switch|p2a: Yuanshen|Rillaboom, F|100\/100|[from] Volt Switch\n|-fieldstart|move: Grassy Terrain|[from] ability: Grassy Surge|[of] p2a: Yuanshen\n|cant|p1a: Kartana|flinch\n|\n|-weather|RainDance|[upkeep]\n|-heal|p1a: Kartana|100\/100|[from] Grassy Terrain\n|upkeep\n|turn|2\n|\n|t:|1698025605\n|switch|p1a: Arcanine|Arcanine-Hisui, F|100\/100\n|-ability|p1a: Arcanine|Intimidate|boost\n|-unboost|p2a: Yuanshen|atk|1\n|-unboost|p2b: NO.1|atk|1\n|switch|p2a: EleDog|Manectric-Mega, F|100\/100\n|-ability|p2a: EleDog|Intimidate|boost\n|-unboost|p1a: Arcanine|atk|1\n|-unboost|p1b: Tornadus|atk|1\n|move|p1b: Tornadus|Bleakwind Storm|p2b: NO.1|[spread] p2a,p2b\n|-resisted|p2a: EleDog\n|-damage|p2a: EleDog|79\/100\n|-damage|p2b: NO.1|79\/100\n|move|p2b: NO.1|Knock Off|p1b: Tornadus\n|-damage|p1b: Tornadus|0 fnt\n|-damage|p2b: NO.1|62\/100|[from] item: Rocky Helmet|[of] p1b: Tornadus\n|-enditem|p1b: Tornadus|Rocky Helmet|[from] move: Knock Off|[of] p2b: NO.1\n|faint|p1b: Tornadus\n|\n|-weather|RainDance|[upkeep]\n|-heal|p2a: EleDog|85\/100|[from] Grassy Terrain\n|-heal|p2b: NO.1|69\/100|[from] Grassy Terrain\n|upkeep\n|j| XDGravemindDX\n|\n|t:|1698025638\n|switch|p1b: Urshifu|Urshifu-Rapid-Strike, F|100\/100\n|turn|3\n|\n|t:|1698025657\n|-terastallize|p2b: NO.1|Grass\n|move|p1b: Urshifu|Surging Strikes|p2a: EleDog\n|-crit|p2a: EleDog\n|-damage|p2a: EleDog|37\/100\n|-crit|p2a: EleDog\n|-damage|p2a: EleDog|0 fnt\n|faint|p2a: EleDog\n|-hitcount|p2: EleDog|2\n|move|p1a: Arcanine|Rock Slide|p2b: NO.1\n|-damage|p2b: NO.1|33\/100\n|-enditem|p2b: NO.1|Sitrus Berry|[eat]\n|-heal|p2b: NO.1|58\/100|[from] item: Sitrus Berry\n|move|p2b: NO.1|Knock Off|p1a: Arcanine\n|-damage|p1a: Arcanine|73\/100\n|-enditem|p1a: Arcanine|Choice Band|[from] move: Knock Off|[of] p2b: NO.1\n|\n|-weather|RainDance|[upkeep]\n|-heal|p1a: Arcanine|79\/100|[from] Grassy Terrain\n|-heal|p2b: NO.1|64\/100|[from] Grassy Terrain\n|upkeep\n|\n|t:|1698025680\n|switch|p2a: Yuanshen|Rillaboom, F|100\/100\n|turn|4\n|\n|t:|1698025706\n|switch|p1b: Tapu Lele|Tapu Lele|100\/100\n|-fieldstart|move: Psychic Terrain|[from] ability: Psychic Surge|[of] p1b: Tapu Lele\n|move|p1a: Arcanine|Rock Slide|p2a: Yuanshen|[spread] p2a,p2b\n|-damage|p2a: Yuanshen|84\/100\n|-damage|p2b: NO.1|48\/100\n|move|p2a: Yuanshen|Grassy Glide|p1b: Tapu Lele\n|-damage|p1b: Tapu Lele|68\/100\n|cant|p2b: NO.1|flinch\n|\n|-weather|RainDance|[upkeep]\n|upkeep\n|turn|5\n|\n|t:|1698025733\n|move|p1a: Arcanine|Rock Slide|p2b: NO.1|[spread] p2a,p2b\n|-damage|p2a: Yuanshen|66\/100\n|-damage|p2b: NO.1|29\/100\n|move|p1b: Tapu Lele|Psyshock|p2b: NO.1\n|-damage|p2b: NO.1|0 fnt\n|faint|p2b: NO.1\n|move|p2a: Yuanshen|Wood Hammer|p1b: Tapu Lele\n|-damage|p1b: Tapu Lele|0 fnt\n|faint|p1b: Tapu Lele\n|-damage|p2a: Yuanshen|48\/100|[from] Recoil\n|\n|-weather|none\n|upkeep\n|\n|t:|1698025764\n|switch|p1b: Alakazam|Alakazam, M|100\/100\n|switch|p2b: Komm-susser-Tod|Kommo-o, F, shiny|100\/100\n|turn|6\n|\n|t:|1698025784\n|switch|p2a: Flutter Mane|Flutter Mane|100\/100\n|-terastallize|p1b: Alakazam|Psychic\n|move|p2b: Komm-susser-Tod|Protect|p2b: Komm-susser-Tod\n|-singleturn|p2b: Komm-susser-Tod|Protect\n|move|p1b: Alakazam|Expanding Force|p2b: Komm-susser-Tod|[spread] p2a\n|-activate|p2b: Komm-susser-Tod|move: Protect\n|-damage|p2a: Flutter Mane|17\/100\n|move|p1a: Arcanine|Rock Slide|p2b: Komm-susser-Tod|[spread] p2a\n|-activate|p2b: Komm-susser-Tod|move: Protect\n|-damage|p2a: Flutter Mane|0 fnt\n|faint|p2a: Flutter Mane\n|-end|p2a: Flutter Mane|Protosynthesis|[silent]\n|\n|upkeep\n|\n|t:|1698025791\n|switch|p2a: Yuanshen|Rillaboom, F|48\/100\n|-fieldstart|move: Grassy Terrain|[from] ability: Grassy Surge|[of] p2a: Yuanshen\n|turn|7\n|\n|t:|1698025816\n|move|p1b: Alakazam|Protect|p1b: Alakazam\n|-singleturn|p1b: Alakazam|Protect\n|move|p2a: Yuanshen|Fake Out|p1b: Alakazam\n|-activate|p1b: Alakazam|move: Protect\n|-zpower|p2b: Komm-susser-Tod\n|move|p2b: Komm-susser-Tod|Clangorous Soulblaze|p1b: Alakazam|[zeffect]|[spread] p1a,p1b\n|-zbroken|p1b: Alakazam\n|-damage|p1a: Arcanine|19\/100\n|-damage|p1b: Alakazam|78\/100\n|-boost|p2b: Komm-susser-Tod|atk|1\n|-boost|p2b: Komm-susser-Tod|def|1\n|-boost|p2b: Komm-susser-Tod|spa|1\n|-boost|p2b: Komm-susser-Tod|spd|1\n|-boost|p2b: Komm-susser-Tod|spe|1\n|move|p1a: Arcanine|Rock Slide|p2b: Komm-susser-Tod|[spread] p2a,p2b\n|-resisted|p2b: Komm-susser-Tod\n|-damage|p2a: Yuanshen|30\/100\n|-damage|p2b: Komm-susser-Tod|95\/100\n|\n|-heal|p2b: Komm-susser-Tod|100\/100|[from] Grassy Terrain\n|-heal|p1b: Alakazam|84\/100|[from] Grassy Terrain\n|-heal|p1a: Arcanine|25\/100|[from] Grassy Terrain\n|-heal|p2a: Yuanshen|36\/100|[from] Grassy Terrain\n|upkeep\n|turn|8\n|\n|t:|1698025847\n|move|p2a: Yuanshen|Grassy Glide|p1b: Alakazam\n|-damage|p1b: Alakazam|0 fnt\n|faint|p1b: Alakazam\n|move|p2b: Komm-susser-Tod|Clanging Scales|p1a: Arcanine\n|-damage|p1a: Arcanine|0 fnt\n|faint|p1a: Arcanine\n|-unboost|p2b: Komm-susser-Tod|def|1\n|\n|-heal|p2a: Yuanshen|42\/100|[from] Grassy Terrain\n|upkeep\n|\n|t:|1698025853\n|switch|p1b: Kartana|Kartana|100\/100\n|switch|p1a: Urshifu|Urshifu-Rapid-Strike, F|100\/100\n|turn|9\n|\n|t:|1698025886\n|move|p2a: Yuanshen|Grassy Glide|p1a: Urshifu\n|-supereffective|p1a: Urshifu\n|-damage|p1a: Urshifu|5\/100\n|move|p2b: Komm-susser-Tod|Flamethrower|p1b: Kartana\n|-supereffective|p1b: Kartana\n|-damage|p1b: Kartana|0 fnt\n|faint|p1b: Kartana\n|move|p1a: Urshifu|Close Combat|p2a: Yuanshen\n|-damage|p2a: Yuanshen|0 fnt\n|-unboost|p1a: Urshifu|def|1\n|-unboost|p1a: Urshifu|spd|1\n|faint|p2a: Yuanshen\n|\n|-heal|p1a: Urshifu|12\/100|[from] Grassy Terrain\n|upkeep\n|-message|jamsvgc forfeited.\n|\n|win|LDP333\n|raw|jamsvgc's rating: 1480 &rarr; <strong>1464<\/strong><br \/>(-16 for losing)\n|raw|LDP333's rating: 1549 &rarr; <strong>1565<\/strong><br \/>(+16 for winning)\n|l|\u2606jamsvgc\n","uploadtime":1698025906,"views":12,"p1id":"jamsvgc","p2id":"ldp333","formatid":"gen9nationaldexdoubles","rating":1464,"private":0,"password":""}