{"id":"gen9nationaldexdoubles-1979065761","p1":"lumptious","p2":"jcarp4318j","format":"[Gen 9] National Dex Doubles","log":"|j|\u2606lumptious\n|j|\u2606jcarp4318j\n|t:|1698627784\n|gametype|doubles\n|player|p1|lumptious|worker-gen4|\n|player|p2|jcarp4318j|2|\n|teamsize|p1|4\n|teamsize|p2|4\n|gen|9\n|tier|[Gen 9] National Dex Doubles\n|rule|HP Percentage Mod: HP is shown in percentages\n|rule|Endless Battle Clause: Forcing endless battles is banned\n|rule|OHKO Clause: OHKO moves are banned\n|rule|Evasion Moves Clause: Evasion moves are banned\n|rule|Evasion Abilities Clause: Evasion abilities are banned\n|rule|Species Clause: Limit one of each Pok\u00e9mon\n|rule|Gravity Sleep Clause: The combination of sleep-inducing moves with imperfect accuracy and Gravity or Gigantamax Orbeetle are banned\n|clearpoke\n|poke|p1|Zapdos|\n|poke|p1|Landorus, M|\n|poke|p1|Lycanroc, F|\n|poke|p1|Tyranitar, M|\n|poke|p2|Gholdengo|\n|poke|p2|Kingambit, F|\n|poke|p2|Primarina, F|\n|poke|p2|Mimikyu, M|\n|teampreview\n|\n|t:|1698627814\n|start\n|switch|p1a: Friatch|Tyranitar, M|100\/100\n|switch|p1b: Vweefen|Zapdos|100\/100\n|switch|p2a: Mimikyu|Mimikyu, M|100\/100\n|switch|p2b: Primarina|Primarina, F|100\/100\n|-weather|Sandstorm|[from] ability: Sand Stream|[of] p1a: Friatch\n|turn|1\n|\n|t:|1698627880\n|-terastallize|p1a: Friatch|Steel\n|move|p1b: Vweefen|Thunderbolt|p2b: Primarina\n|-supereffective|p2b: Primarina\n|-damage|p2b: Primarina|13\/100\n|move|p1a: Friatch|Iron Head|p2a: Mimikyu\n|-activate|p2a: Mimikyu|ability: Disguise\n|-damage|p2a: Mimikyu|100\/100\n|detailschange|p2a: Mimikyu|Mimikyu-Busted, M\n|-damage|p2a: Mimikyu|88\/100|[from] pokemon: Mimikyu-Busted\n|move|p2b: Primarina|Hydro Pump|p1a: Friatch\n|-damage|p1a: Friatch|66\/100\n|move|p2a: Mimikyu|Trick Room|p2a: Mimikyu\n|-fieldstart|move: Trick Room|[of] p2a: Mimikyu\n|\n|-weather|Sandstorm|[upkeep]\n|-damage|p2b: Primarina|7\/100|[from] Sandstorm\n|-damage|p2a: Mimikyu|82\/100|[from] Sandstorm\n|upkeep\n|turn|2\n|j| GangstaRob\n|j| ErducatorVGC\n|\n|t:|1698627907\n|move|p2b: Primarina|Dazzling Gleam|p1a: Friatch|[spread] p1a,p1b\n|-resisted|p1a: Friatch\n|-damage|p1a: Friatch|57\/100\n|-damage|p1b: Vweefen|70\/100\n|move|p1a: Friatch|Rock Slide|p2b: Primarina|[spread] p2a,p2b\n|-damage|p2a: Mimikyu|36\/100\n|-damage|p2b: Primarina|0 fnt\n|faint|p2b: Primarina\n|move|p2a: Mimikyu|Will-O-Wisp|p1a: Friatch\n|-status|p1a: Friatch|brn\n|move|p1b: Vweefen|Heat Wave|p2a: Mimikyu\n|-damage|p2a: Mimikyu|9\/100\n|\n|-weather|Sandstorm|[upkeep]\n|-damage|p2a: Mimikyu|3\/100|[from] Sandstorm\n|-damage|p1a: Friatch|50\/100 brn|[from] brn\n|upkeep\n|\n|t:|1698627953\n|switch|p2b: Kingambit|Kingambit, F|100\/100\n|-activate|p2b: Kingambit|ability: Supreme Overlord\n|-start|p2b: Kingambit|fallen1|[silent]\n|-item|p2b: Kingambit|Air Balloon\n|turn|3\n|j| D0rkrai\n|\n|t:|1698627974\n|move|p2b: Kingambit|Kowtow Cleave|p1a: Friatch\n|-crit|p1a: Friatch\n|-damage|p1a: Friatch|0 fnt\n|faint|p1a: Friatch\n|move|p2a: Mimikyu|Will-O-Wisp|p1b: Vweefen|[miss]\n|-miss|p2a: Mimikyu|p1b: Vweefen\n|move|p1b: Vweefen|Roost|p1b: Vweefen\n|-heal|p1b: Vweefen|100\/100\n|-singleturn|p1b: Vweefen|move: Roost\n|\n|-weather|Sandstorm|[upkeep]\n|-damage|p2a: Mimikyu|0 fnt|[from] Sandstorm\n|faint|p2a: Mimikyu\n|upkeep\n|\n|t:|1698627988\n|switch|p1a: Bididongus|Landorus, M|100\/100\n|switch|p2a: Gholdengo|Gholdengo, shiny|100\/100\n|turn|4\n|j| Mini Lynx\n|\n|t:|1698628035\n|move|p1a: Bididongus|Protect|p1a: Bididongus\n|-singleturn|p1a: Bididongus|Protect\n|move|p2b: Kingambit|Kowtow Cleave|p1a: Bididongus\n|-activate|p1a: Bididongus|move: Protect\n|move|p2a: Gholdengo|Make It Rain|p1b: Vweefen|[spread] p1b\n|-activate|p1a: Bididongus|move: Protect\n|-resisted|p1b: Vweefen\n|-damage|p1b: Vweefen|63\/100\n|-unboost|p2a: Gholdengo|spa|1\n|move|p1b: Vweefen|Heat Wave|p2a: Gholdengo|[spread] p2a,p2b\n|-supereffective|p2a: Gholdengo\n|-supereffective|p2b: Kingambit\n|-damage|p2a: Gholdengo|46\/100\n|-damage|p2b: Kingambit|47\/100\n|-enditem|p2b: Kingambit|Air Balloon\n|\n|-weather|Sandstorm|[upkeep]\n|upkeep\n|turn|5\n|\n|t:|1698628066\n|-terastallize|p2b: Kingambit|Dark\n|move|p2b: Kingambit|Kowtow Cleave|p1b: Vweefen\n|-crit|p1b: Vweefen\n|-damage|p1b: Vweefen|0 fnt\n|faint|p1b: Vweefen\n|move|p2a: Gholdengo|Make It Rain|p1a: Bididongus\n|-damage|p1a: Bididongus|18\/100\n|-unboost|p2a: Gholdengo|spa|1\n|move|p1a: Bididongus|Earth Power|p2b: Kingambit\n|-crit|p2b: Kingambit\n|-damage|p2b: Kingambit|0 fnt\n|faint|p2b: Kingambit\n|-end|p2b: Kingambit|fallen1|[silent]\n|\n|-weather|none\n|-fieldend|move: Trick Room\n|upkeep\n|\n|t:|1698628080\n|switch|p1b: Stangly|Lycanroc, F|100\/100\n|turn|6\n|\n|t:|1698628087\n|move|p1a: Bididongus|Earth Power|p2a: Gholdengo\n|-supereffective|p2a: Gholdengo\n|-damage|p2a: Gholdengo|0 fnt\n|faint|p2a: Gholdengo\n|\n|win|lumptious\n|l| Mini Lynx\n|l|\u2606lumptious\n","uploadtime":1698628098,"views":13,"p1id":"lumptious","p2id":"jcarp4318j","formatid":"gen9nationaldexdoubles","rating":0,"private":0,"password":""}