{"id":"gen9nationaldexdoubles-1989563039","p1":"TREC117","p2":"FriedBeaver01","format":"[Gen 9] National Dex Doubles","log":"|j|\u2606TREC117\n|j|\u2606FriedBeaver01\n|t:|1699871811\n|gametype|doubles\n|player|p1|TREC117|hugh|1379\n|player|p2|FriedBeaver01|266|1169\n|teamsize|p1|6\n|teamsize|p2|6\n|gen|9\n|tier|[Gen 9] National Dex Doubles\n|rated|\n|rule|HP Percentage Mod: HP is shown in percentages\n|rule|Endless Battle Clause: Forcing endless battles is banned\n|rule|OHKO Clause: OHKO moves are banned\n|rule|Evasion Moves Clause: Evasion moves are banned\n|rule|Evasion Abilities Clause: Evasion abilities are banned\n|rule|Species Clause: Limit one of each Pok\u00e9mon\n|rule|Gravity Sleep Clause: The combination of sleep-inducing moves with imperfect accuracy and Gravity or Gigantamax Orbeetle are banned\n|clearpoke\n|poke|p1|Incineroar, F|\n|poke|p1|Mawile, M|\n|poke|p1|Rillaboom, F|\n|poke|p1|Milotic, M|\n|poke|p1|Ting-Lu|\n|poke|p1|Thundurus, M|\n|poke|p2|Blissey, F|\n|poke|p2|Avalugg, M|\n|poke|p2|Goodra-Hisui, M|\n|poke|p2|Sableye, M|\n|poke|p2|Grimmsnarl, M|\n|poke|p2|Indeedee, M|\n|teampreview\n|inactive|Battle timer is ON: inactive players will automatically lose when time's up. (requested by FriedBeaver01)\n|\n|t:|1699871846\n|start\n|switch|p1a: Incineroar|Incineroar, F|100\/100\n|switch|p1b: Ting-Lu|Ting-Lu|100\/100\n|switch|p2a: Geology Rocks|Sableye, M, shiny|100\/100\n|switch|p2b: \ud83d\udc0c|Goodra-Hisui, M|100\/100\n|-ability|p1a: Incineroar|Intimidate|boost\n|-unboost|p2a: Geology Rocks|atk|1\n|-unboost|p2b: \ud83d\udc0c|atk|1\n|-ability|p1b: Ting-Lu|Vessel of Ruin\n|turn|1\n|inactive|TREC117 has 120 seconds left.\n|inactive|TREC117 has 90 seconds left.\n|\n|t:|1699871907\n|switch|p2b: Trump\u2019s Dream|Blissey, F|100\/100\n|move|p2a: Geology Rocks|Wonder Room|p2a: Geology Rocks\n|-fieldstart|move: Wonder Room|[of] p2a: Geology Rocks\n|move|p1a: Incineroar|Knock Off|p2a: Geology Rocks\n|-damage|p2a: Geology Rocks|29\/100\n|-enditem|p2a: Geology Rocks|Focus Sash|[from] move: Knock Off|[of] p1a: Incineroar\n|move|p1b: Ting-Lu|Stomping Tantrum|p2b: Trump\u2019s Dream\n|-damage|p2b: Trump\u2019s Dream|90\/100\n|\n|upkeep\n|turn|2\n|\n|t:|1699871932\n|switch|p2a: \ud83d\udc0c|Goodra-Hisui, M|100\/100\n|-terastallize|p1b: Ting-Lu|Poison\n|move|p1a: Incineroar|U-turn|p2a: \ud83d\udc0c\n|-resisted|p2a: \ud83d\udc0c\n|-damage|p2a: \ud83d\udc0c|94\/100\n|-damage|p1a: Incineroar|84\/100|[from] item: Rocky Helmet|[of] p2a: \ud83d\udc0c\n|-ability|p2a: \ud83d\udc0c|Gooey\n|-unboost|p1a: Incineroar|spe|1\n|inactive|TREC117 has 90 seconds left.\n|\n|t:|1699871944\n|switch|p1a: Mawile|Mawile, M|100\/100|[from] U-turn\n|-ability|p1a: Mawile|Intimidate|boost\n|-unboost|p2a: \ud83d\udc0c|atk|1\n|-unboost|p2b: Trump\u2019s Dream|atk|1\n|move|p2b: Trump\u2019s Dream|Toxic|p1b: Ting-Lu\n|-immune|p1b: Ting-Lu\n|move|p1b: Ting-Lu|Stomping Tantrum|p2b: Trump\u2019s Dream\n|-damage|p2b: Trump\u2019s Dream|80\/100\n|\n|upkeep\n|turn|3\n|inactive|TREC117 has 90 seconds left.\n|\n|t:|1699871972\n|detailschange|p1a: Mawile|Mawile-Mega, M\n|-mega|p1a: Mawile|Mawile|Mawilite\n|move|p2a: \ud83d\udc0c|Flash Cannon|p1a: Mawile\n|-damage|p1a: Mawile|75\/100\n|move|p2b: Trump\u2019s Dream|Seismic Toss|p1b: Ting-Lu\n|-damage|p1b: Ting-Lu|79\/100\n|move|p1b: Ting-Lu|Stomping Tantrum|p2a: \ud83d\udc0c\n|-supereffective|p2a: \ud83d\udc0c\n|-damage|p2a: \ud83d\udc0c|51\/100\n|-damage|p1b: Ting-Lu|63\/100|[from] item: Rocky Helmet|[of] p2a: \ud83d\udc0c\n|-ability|p2a: \ud83d\udc0c|Gooey\n|-unboost|p1b: Ting-Lu|spe|1\n|move|p1a: Mawile|Play Rough|p2a: \ud83d\udc0c\n|-damage|p2a: \ud83d\udc0c|0 fnt\n|-damage|p1a: Mawile|58\/100|[from] item: Rocky Helmet|[of] p2a: \ud83d\udc0c\n|-ability|p2a: \ud83d\udc0c|Gooey\n|-unboost|p1a: Mawile|spe|1\n|faint|p2a: \ud83d\udc0c\n|\n|upkeep\n|inactive|FriedBeaver01 has 120 seconds left.\n|\n|t:|1699872004\n|switch|p2a: EXTRA THICC|Grimmsnarl, M, shiny|100\/100\n|turn|4\n|\n|t:|1699872025\n|move|p1a: Mawile|Protect|p1a: Mawile\n|-singleturn|p1a: Mawile|Protect\n|move|p2a: EXTRA THICC|Sucker Punch||[still]\n|-fail|p2a: EXTRA THICC\n|move|p2b: Trump\u2019s Dream|Seismic Toss|p1b: Ting-Lu\n|-damage|p1b: Ting-Lu|41\/100\n|move|p1b: Ting-Lu|Heavy Slam|p2a: EXTRA THICC\n|-supereffective|p2a: EXTRA THICC\n|-damage|p2a: EXTRA THICC|9\/100\n|\n|-heal|p2a: EXTRA THICC|15\/100|[from] item: Leftovers\n|upkeep\n|turn|5\n|inactive|TREC117 has 120 seconds left.\n|\n|t:|1699872049\n|move|p2a: EXTRA THICC|Sucker Punch|p1a: Mawile\n|-resisted|p1a: Mawile\n|-damage|p1a: Mawile|35\/100\n|move|p1a: Mawile|Sucker Punch||[still]\n|-fail|p1a: Mawile\n|move|p2b: Trump\u2019s Dream|Seismic Toss|p1b: Ting-Lu\n|-damage|p1b: Ting-Lu|20\/100\n|move|p1b: Ting-Lu|Lash Out|p2a: EXTRA THICC\n|-resisted|p2a: EXTRA THICC\n|-damage|p2a: EXTRA THICC|6\/100\n|\n|-heal|p2a: EXTRA THICC|12\/100|[from] item: Leftovers\n|-fieldend|move: Wonder Room\n|upkeep\n|turn|6\n|inactive|TREC117 has 120 seconds left.\n|\n|t:|1699872071\n|move|p1a: Mawile|Protect|p1a: Mawile\n|-singleturn|p1a: Mawile|Protect\n|move|p2a: EXTRA THICC|Wonder Room|p2a: EXTRA THICC\n|-fieldstart|move: Wonder Room|[of] p2a: EXTRA THICC\n|move|p2b: Trump\u2019s Dream|Seismic Toss|p1a: Mawile\n|-activate|p1a: Mawile|move: Protect\n|move|p1b: Ting-Lu|Heavy Slam|p2a: EXTRA THICC\n|-supereffective|p2a: EXTRA THICC\n|-damage|p2a: EXTRA THICC|0 fnt\n|faint|p2a: EXTRA THICC\n|\n|upkeep\n|\n|t:|1699872085\n|switch|p2a: Indeez Nuts|Indeedee, M, shiny|100\/100\n|-fieldstart|move: Psychic Terrain|[from] ability: Psychic Surge|[of] p2a: Indeez Nuts\n|turn|7\n|\n|t:|1699872094\n|switch|p1a: Rillaboom|Rillaboom, F|100\/100\n|-fieldstart|move: Grassy Terrain|[from] ability: Grassy Surge|[of] p1a: Rillaboom\n|move|p1b: Ting-Lu|Protect|p1b: Ting-Lu\n|-singleturn|p1b: Ting-Lu|Protect\n|move|p2a: Indeez Nuts|Expanding Force|p1b: Ting-Lu\n|-activate|p1b: Ting-Lu|move: Protect\n|move|p2b: Trump\u2019s Dream|Seismic Toss|p1a: Rillaboom\n|-damage|p1a: Rillaboom|76\/100\n|\n|-heal|p1a: Rillaboom|82\/100|[from] Grassy Terrain\n|-heal|p1a: Rillaboom|88\/100|[from] item: Leftovers\n|-heal|p2b: Trump\u2019s Dream|86\/100|[from] Grassy Terrain\n|-heal|p1b: Ting-Lu|26\/100|[from] Grassy Terrain\n|upkeep\n|turn|8\n|\n|t:|1699872119\n|move|p1a: Rillaboom|Fake Out|p2a: Indeez Nuts\n|-damage|p2a: Indeez Nuts|84\/100\n|-enditem|p2a: Indeez Nuts|Eject Button\n|\n|t:|1699872126\n|switch|p2a: he flat|Avalugg, M, shiny|100\/100\n|move|p2b: Trump\u2019s Dream|Toxic|p1a: Rillaboom\n|-status|p1a: Rillaboom|tox\n|move|p1b: Ting-Lu|Lash Out|p2a: he flat\n|-damage|p2a: he flat|48\/100\n|\n|-heal|p1a: Rillaboom|94\/100 tox|[from] Grassy Terrain\n|-heal|p1a: Rillaboom|100\/100 tox|[from] item: Leftovers\n|-heal|p2b: Trump\u2019s Dream|92\/100|[from] Grassy Terrain\n|-heal|p2a: he flat|54\/100|[from] Grassy Terrain\n|-heal|p1b: Ting-Lu|33\/100|[from] Grassy Terrain\n|-damage|p1a: Rillaboom|94\/100 tox|[from] psn\n|upkeep\n|turn|9\n|\n|t:|1699872155\n|switch|p2a: Indeez Nuts|Indeedee, M, shiny|84\/100\n|-fieldstart|move: Psychic Terrain|[from] ability: Psychic Surge|[of] p2a: Indeez Nuts\n|move|p1a: Rillaboom|Drum Beating|p2a: Indeez Nuts\n|-damage|p2a: Indeez Nuts|36\/100\n|-unboost|p2a: Indeez Nuts|spe|1\n|move|p2b: Trump\u2019s Dream|Seismic Toss|p1b: Ting-Lu\n|-damage|p1b: Ting-Lu|11\/100\n|move|p1b: Ting-Lu|Heavy Slam|p2a: Indeez Nuts\n|-damage|p2a: Indeez Nuts|0 fnt\n|faint|p2a: Indeez Nuts\n|\n|-heal|p1a: Rillaboom|100\/100 tox|[from] item: Leftovers\n|-damage|p1a: Rillaboom|88\/100 tox|[from] psn\n|upkeep\n|\n|t:|1699872171\n|switch|p2a: Geology Rocks|Sableye, M, shiny|29\/100\n|turn|10\n|inactive|FriedBeaver01 has 120 seconds left.\n|inactive|FriedBeaver01 has 90 seconds left.\n|\n|t:|1699872256\n|move|p1b: Ting-Lu|Protect|p1b: Ting-Lu\n|-singleturn|p1b: Ting-Lu|Protect\n|move|p2a: Geology Rocks|Sucker Punch||[still]\n|-fail|p2a: Geology Rocks\n|move|p1a: Rillaboom|U-turn|p2a: Geology Rocks\n|-damage|p2a: Geology Rocks|0 fnt\n|faint|p2a: Geology Rocks\n|inactive|TREC117 has 120 seconds left.\n|\n|t:|1699872276\n|switch|p1a: Incineroar|Incineroar, F|84\/100|[from] U-turn\n|-ability|p1a: Incineroar|Intimidate|boost\n|-unboost|p2b: Trump\u2019s Dream|atk|1\n|move|p2b: Trump\u2019s Dream|Seismic Toss|p1a: Incineroar\n|-damage|p1a: Incineroar|58\/100\n|\n|-fieldend|move: Wonder Room\n|upkeep\n|\n|t:|1699872279\n|switch|p2a: he flat|Avalugg, M, shiny|54\/100\n|turn|11\n|\n|t:|1699872294\n|switch|p1b: Rillaboom|Rillaboom, F|88\/100 tox\n|-fieldstart|move: Grassy Terrain|[from] ability: Grassy Surge|[of] p1b: Rillaboom\n|move|p1a: Incineroar|Flare Blitz|p2a: he flat\n|-supereffective|p2a: he flat\n|-damage|p2a: he flat|11\/100\n|-damage|p1a: Incineroar|44\/100|[from] Recoil\n|move|p2b: Trump\u2019s Dream|Seismic Toss|p1b: Rillaboom\n|-damage|p1b: Rillaboom|63\/100 tox\n|move|p2a: he flat|Body Press|p1a: Incineroar\n|-supereffective|p1a: Incineroar\n|-damage|p1a: Incineroar|0 fnt\n|faint|p1a: Incineroar\n|\n|-heal|p1b: Rillaboom|70\/100 tox|[from] Grassy Terrain\n|-heal|p1b: Rillaboom|76\/100 tox|[from] item: Leftovers\n|-heal|p2b: Trump\u2019s Dream|98\/100|[from] Grassy Terrain\n|-heal|p2a: he flat|17\/100|[from] Grassy Terrain\n|-damage|p1b: Rillaboom|70\/100 tox|[from] psn\n|upkeep\n|inactive|TREC117 has 120 seconds left.\n|inactive|TREC117 has 90 seconds left.\n|\n|t:|1699872366\n|switch|p1a: Ting-Lu|Ting-Lu, tera:Poison|11\/100\n|-ability|p1a: Ting-Lu|Vessel of Ruin\n|turn|12\n|inactive|FriedBeaver01 has 120 seconds left.\n|inactive|TREC117 has 90 seconds left.\n|\n|t:|1699872377\n|move|p1b: Rillaboom|Fake Out|p2b: Trump\u2019s Dream\n|-damage|p2b: Trump\u2019s Dream|76\/100\n|cant|p2b: Trump\u2019s Dream|flinch\n|move|p1a: Ting-Lu|Heavy Slam|p2a: he flat\n|-supereffective|p2a: he flat\n|-damage|p2a: he flat|7\/100\n|move|p2a: he flat|Icicle Spear|p1b: Rillaboom\n|-supereffective|p1b: Rillaboom\n|-damage|p1b: Rillaboom|53\/100 tox\n|-supereffective|p1b: Rillaboom\n|-damage|p1b: Rillaboom|38\/100 tox\n|-supereffective|p1b: Rillaboom\n|-damage|p1b: Rillaboom|23\/100 tox\n|-supereffective|p1b: Rillaboom\n|-damage|p1b: Rillaboom|7\/100 tox\n|-supereffective|p1b: Rillaboom\n|-damage|p1b: Rillaboom|0 fnt\n|faint|p1b: Rillaboom\n|-hitcount|p1: Rillaboom|5\n|\n|-heal|p2b: Trump\u2019s Dream|82\/100|[from] Grassy Terrain\n|-heal|p1a: Ting-Lu|17\/100|[from] Grassy Terrain\n|-heal|p2a: he flat|13\/100|[from] Grassy Terrain\n|upkeep\n|inactive|TREC117 has 90 seconds left.\n|inactive|TREC117 has 60 seconds left.\n|\n|t:|1699872418\n|switch|p1b: Mawile|Mawile-Mega, M|35\/100\n|turn|13\n|\n|t:|1699872431\n|move|p1b: Mawile|Sucker Punch||[still]\n|-fail|p1b: Mawile\n|move|p2b: Trump\u2019s Dream|Seismic Toss|p1a: Ting-Lu\n|-damage|p1a: Ting-Lu|0 fnt\n|faint|p1a: Ting-Lu\n|move|p2a: he flat|Recover|p2a: he flat\n|-heal|p2a: he flat|63\/100\n|\n|-heal|p2b: Trump\u2019s Dream|89\/100|[from] Grassy Terrain\n|-heal|p1b: Mawile|41\/100|[from] Grassy Terrain\n|-heal|p2a: he flat|69\/100|[from] Grassy Terrain\n|upkeep\n|inactive|TREC117 has 60 seconds left.\n|\n|t:|1699872448\n|switch|p1a: Thundurus|Thundurus, M|100\/100\n|turn|14\n|\n|t:|1699872464\n|move|p1a: Thundurus|Thunder Wave|p2b: Trump\u2019s Dream\n|-status|p2b: Trump\u2019s Dream|par\n|move|p1b: Mawile|Iron Head|p2a: he flat\n|-supereffective|p2a: he flat\n|-damage|p2a: he flat|8\/100\n|move|p2a: he flat|Icicle Spear|p1a: Thundurus\n|-supereffective|p1a: Thundurus\n|-damage|p1a: Thundurus|72\/100\n|-supereffective|p1a: Thundurus\n|-damage|p1a: Thundurus|42\/100\n|-supereffective|p1a: Thundurus\n|-damage|p1a: Thundurus|12\/100\n|-supereffective|p1a: Thundurus\n|-damage|p1a: Thundurus|0 fnt\n|faint|p1a: Thundurus\n|-hitcount|p1: Thundurus|4\n|move|p2b: Trump\u2019s Dream|Seismic Toss|p1b: Mawile\n|-damage|p1b: Mawile|8\/100\n|\n|-heal|p1b: Mawile|14\/100|[from] Grassy Terrain\n|-heal|p2a: he flat|14\/100|[from] Grassy Terrain\n|-heal|p2b: Trump\u2019s Dream|95\/100 par|[from] Grassy Terrain\n|upkeep\n|inactive|TREC117 has 60 seconds left.\n|\n|t:|1699872487\n|switch|p1a: Milotic|Milotic, M|100\/100\n|turn|15\n|\n|t:|1699872498\n|move|p1a: Milotic|Scald|p2b: Trump\u2019s Dream\n|-damage|p2b: Trump\u2019s Dream|85\/100 par\n|move|p1b: Mawile|Iron Head|p2a: he flat\n|-supereffective|p2a: he flat\n|-damage|p2a: he flat|0 fnt\n|faint|p2a: he flat\n|move|p2b: Trump\u2019s Dream|Seismic Toss|p1b: Mawile\n|-damage|p1b: Mawile|0 fnt\n|faint|p1b: Mawile\n|\n|-heal|p2b: Trump\u2019s Dream|91\/100 par|[from] Grassy Terrain\n|-fieldend|move: Grassy Terrain\n|upkeep\n|turn|16\n|inactive|TREC117 has 90 seconds left.\n|\n|t:|1699872515\n|move|p1a: Milotic|Scald|p2b: Trump\u2019s Dream\n|-crit|p2b: Trump\u2019s Dream\n|-damage|p2b: Trump\u2019s Dream|78\/100 par\n|move|p2b: Trump\u2019s Dream|Toxic|p1a: Milotic\n|-status|p1a: Milotic|tox\n|\n|-damage|p1a: Milotic|94\/100 tox|[from] psn\n|upkeep\n|turn|17\n|\n|t:|1699872527\n|move|p1a: Milotic|Scald|p2b: Trump\u2019s Dream\n|-damage|p2b: Trump\u2019s Dream|69\/100 par\n|move|p2b: Trump\u2019s Dream|Seismic Toss|p1a: Milotic\n|-damage|p1a: Milotic|67\/100 tox\n|\n|-damage|p1a: Milotic|55\/100 tox|[from] psn\n|upkeep\n|turn|18\n|c|\u2606FriedBeaver01|GG\n|-message|TREC117 forfeited.\n|\n|win|FriedBeaver01\n|raw|TREC117's rating: 1379 &rarr; <strong>1348<\/strong><br \/>(-31 for losing)\n|raw|FriedBeaver01's rating: 1169 &rarr; <strong>1208<\/strong><br \/>(+39 for winning)\n|l|\u2606TREC117\n","uploadtime":1699872578,"views":8,"p1id":"trec117","p2id":"friedbeaver01","formatid":"gen9nationaldexdoubles","rating":1208,"private":0,"password":""}