{"id":"gen9nationaldexdoubles-1963858628","p1":"cornpopbad","p2":"YoBuddyTheBaker","format":"[Gen 9] National Dex Doubles","log":"|j|\u2606cornpopbad\n|j|\u2606YoBuddyTheBaker\n|t:|1696907587\n|gametype|doubles\n|player|p1|cornpopbad|nate|\n|player|p2|YoBuddyTheBaker|baker|\n|teamsize|p1|6\n|teamsize|p2|6\n|gen|9\n|tier|[Gen 9] National Dex Doubles\n|rated|Tournament battle\n|rule|HP Percentage Mod: HP is shown in percentages\n|rule|Endless Battle Clause: Forcing endless battles is banned\n|rule|OHKO Clause: OHKO moves are banned\n|rule|Evasion Moves Clause: Evasion moves are banned\n|rule|Evasion Abilities Clause: Evasion abilities are banned\n|rule|Species Clause: Limit one of each Pok\u00e9mon\n|rule|Gravity Sleep Clause: The combination of sleep-inducing moves with imperfect accuracy and Gravity or Gigantamax Orbeetle are banned\n|clearpoke\n|poke|p1|Metagross|\n|poke|p1|Flutter Mane|\n|poke|p1|Rillaboom, F|\n|poke|p1|Volcanion|\n|poke|p1|Kingambit, F|\n|poke|p1|Tornadus, M|\n|poke|p2|Smeargle, F|\n|poke|p2|Flutter Mane|\n|poke|p2|Zygarde|\n|poke|p2|Salamence, M|\n|poke|p2|Volcanion|\n|poke|p2|Rillaboom, M|\n|teampreview\n|inactive|Battle timer is ON: inactive players will automatically lose when time's up. (requested by cornpopbad)\n|j| fetal11\n|j| Test Bot #25\n|inactive|cornpopbad has 120 seconds left.\n|inactive|YoBuddyTheBaker has 120 seconds left.\n|\n|t:|1696907633\n|start\n|switch|p1a: Kingambit|Kingambit, F|100\/100\n|switch|p1b: Tornadus|Tornadus, M|100\/100\n|switch|p2a: Zygarde|Zygarde|100\/100\n|switch|p2b: Rillaboom|Rillaboom, M|100\/100\n|-ability|p2a: Zygarde|Aura Break\n|-fieldstart|move: Grassy Terrain|[from] ability: Grassy Surge|[of] p2b: Rillaboom\n|turn|1\n|l| Test Bot #25\n|\n|t:|1696907660\n|-zpower|p1b: Tornadus\n|move|p1b: Tornadus|Supersonic Skystrike|p2b: Rillaboom|[zeffect]\n|-supereffective|p2b: Rillaboom\n|-crit|p2b: Rillaboom\n|-damage|p2b: Rillaboom|0 fnt\n|faint|p2b: Rillaboom\n|move|p2a: Zygarde|Dragon Dance|p2a: Zygarde\n|-boost|p2a: Zygarde|atk|1\n|-boost|p2a: Zygarde|spe|1\n|move|p1a: Kingambit|Swords Dance|p1a: Kingambit\n|-boost|p1a: Kingambit|atk|2\n|\n|upkeep\n|inactive|YoBuddyTheBaker has 120 seconds left.\n|\n|t:|1696907693\n|switch|p2b: Volcanion|Volcanion|100\/100\n|turn|2\n|inactive|YoBuddyTheBaker has 120 seconds left.\n|\n|t:|1696907702\n|move|p1a: Kingambit|Protect|p1a: Kingambit\n|-singleturn|p1a: Kingambit|Protect\n|move|p1b: Tornadus|Taunt|p2a: Zygarde\n|-start|p2a: Zygarde|move: Taunt\n|move|p2a: Zygarde|Thousand Arrows|p1b: Tornadus|[spread] p1b\n|-activate|p1a: Kingambit|move: Protect\n|-damage|p1b: Tornadus|37\/100\n|-start|p1b: Tornadus|Smack Down\n|move|p2b: Volcanion|Heat Wave|p1a: Kingambit|[spread] p1b\n|-activate|p1a: Kingambit|move: Protect\n|-damage|p1b: Tornadus|0 fnt\n|faint|p1b: Tornadus\n|\n|upkeep\n|\n|t:|1696907730\n|switch|p1b: Rillaboom|Rillaboom, F|100\/100\n|turn|3\n|\n|t:|1696907757\n|-terastallize|p1a: Kingambit|Dark\n|move|p1b: Rillaboom|Fake Out|p2a: Zygarde\n|-damage|p2a: Zygarde|91\/100\n|move|p1a: Kingambit|Sucker Punch|p2b: Volcanion\n|-damage|p2b: Volcanion|20\/100\n|cant|p2a: Zygarde|flinch\n|move|p2b: Volcanion|Heat Wave|p1b: Rillaboom|[spread] p1a\n|-miss|p2b: Volcanion|p1b: Rillaboom\n|-damage|p1a: Kingambit|57\/100\n|\n|-heal|p2a: Zygarde|97\/100|[from] Grassy Terrain\n|-heal|p2b: Volcanion|26\/100|[from] Grassy Terrain\n|-heal|p1a: Kingambit|63\/100|[from] Grassy Terrain\n|upkeep\n|turn|4\n|inactive|YoBuddyTheBaker has 120 seconds left.\n|\n|t:|1696907797\n|-terastallize|p2a: Zygarde|Normal\n|move|p2a: Zygarde|Extreme Speed|p1a: Kingambit\n|-damage|p1a: Kingambit|21\/100\n|move|p1b: Rillaboom|Grassy Glide|p2b: Volcanion\n|-damage|p2b: Volcanion|0 fnt\n|faint|p2b: Volcanion\n|move|p1a: Kingambit|Sucker Punch||[still]\n|-fail|p1a: Kingambit\n|\n|-heal|p2a: Zygarde|100\/100|[from] Grassy Terrain\n|-heal|p1a: Kingambit|27\/100|[from] Grassy Terrain\n|-end|p2a: Zygarde|move: Taunt\n|upkeep\n|inactive|YoBuddyTheBaker has 90 seconds left.\n|\n|t:|1696907834\n|switch|p2b: Salamence|Salamence, M|100\/100\n|-ability|p2b: Salamence|Intimidate|boost\n|-unboost|p1a: Kingambit|atk|1\n|-ability|p1a: Kingambit|Defiant|boost\n|-boost|p1a: Kingambit|atk|2\n|-unboost|p1b: Rillaboom|atk|1\n|turn|5\n|inactive|cornpopbad has 120 seconds left.\n|\n|t:|1696907866\n|switch|p1b: Flutter Mane|Flutter Mane|100\/100\n|detailschange|p2b: Salamence|Salamence-Mega, M\n|-mega|p2b: Salamence|Salamence|Salamencite\n|move|p2a: Zygarde|Extreme Speed|p1a: Kingambit\n|-damage|p1a: Kingambit|0 fnt\n|faint|p1a: Kingambit\n|move|p2b: Salamence|Tailwind|p2b: Salamence\n|-sidestart|p2: YoBuddyTheBaker|move: Tailwind\n|\n|-fieldend|move: Grassy Terrain\n|upkeep\n|inactive|cornpopbad has 120 seconds left.\n|\n|t:|1696907876\n|switch|p1a: Rillaboom|Rillaboom, F|100\/100\n|-fieldstart|move: Grassy Terrain|[from] ability: Grassy Surge|[of] p1a: Rillaboom\n|turn|6\n|\n|t:|1696907893\n|move|p2a: Zygarde|Protect|p2a: Zygarde\n|-singleturn|p2a: Zygarde|Protect\n|move|p2b: Salamence|Protect|p2b: Salamence\n|-singleturn|p2b: Salamence|Protect\n|move|p1a: Rillaboom|Fake Out|p2b: Salamence\n|-activate|p2b: Salamence|move: Protect\n|move|p1b: Flutter Mane|Icy Wind|p2a: Zygarde|[spread] \n|-activate|p2a: Zygarde|move: Protect\n|-activate|p2b: Salamence|move: Protect\n|\n|upkeep\n|turn|7\n|\n|t:|1696907912\n|-end|p1b: Flutter Mane|Protosynthesis|[silent]\n|switch|p1b: Metagross|Metagross|100\/100\n|move|p2a: Zygarde|Thousand Arrows|p1a: Rillaboom|[spread] p1a,p1b\n|-resisted|p1a: Rillaboom\n|-supereffective|p1b: Metagross\n|-crit|p1b: Metagross\n|-damage|p1a: Rillaboom|82\/100\n|-damage|p1b: Metagross|0 fnt\n|faint|p1b: Metagross\n|move|p2b: Salamence|Return|p1a: Rillaboom\n|-supereffective|p1a: Rillaboom\n|-damage|p1a: Rillaboom|0 fnt\n|faint|p1a: Rillaboom\n|\n|upkeep\n|c|\u2606cornpopbad|gg\n|-message|cornpopbad forfeited.\n|\n|win|YoBuddyTheBaker\n|n|\u2606cornpopbad|cornpopbad\n|n|\u2606YoBuddyTheBaker|yobuddythebaker\n|n| fetal11|fetal11\n|c|\u2606YoBuddyTheBaker|gg\n","uploadtime":1696907936,"views":8,"p1id":"cornpopbad","p2id":"yobuddythebaker","formatid":"gen9nationaldexdoubles","rating":0,"private":0,"password":""}