{"id":"gen9nationaldexdoubles-1977969379","p1":"Cnuyyyy","p2":"Levelup_yaman","format":"[Gen 9] National Dex Doubles","log":"|j|\u2606Cnuyyyy\n|j|\u2606Levelup_yaman\n|t:|1698475343\n|gametype|doubles\n|player|p1|Cnuyyyy|backersf|1131\n|player|p2|Levelup_yaman|2|1063\n|teamsize|p1|6\n|teamsize|p2|6\n|gen|9\n|tier|[Gen 9] National Dex Doubles\n|rated|\n|rule|HP Percentage Mod: HP is shown in percentages\n|rule|Endless Battle Clause: Forcing endless battles is banned\n|rule|OHKO Clause: OHKO moves are banned\n|rule|Evasion Moves Clause: Evasion moves are banned\n|rule|Evasion Abilities Clause: Evasion abilities are banned\n|rule|Species Clause: Limit one of each Pok\u00e9mon\n|rule|Gravity Sleep Clause: The combination of sleep-inducing moves with imperfect accuracy and Gravity or Gigantamax Orbeetle are banned\n|clearpoke\n|poke|p1|Weavile, M|\n|poke|p1|Zoroark, F|\n|poke|p1|Gholdengo|\n|poke|p1|Hypno, M|\n|poke|p1|Baxcalibur, F|\n|poke|p1|Mew|\n|poke|p2|Garchomp, M|\n|poke|p2|Urshifu-*, M|\n|poke|p2|Decidueye, F|\n|poke|p2|Armarouge, M|\n|poke|p2|Avalugg-Hisui, M|\n|poke|p2|Scizor, M|\n|teampreview\n|inactive|Battle timer is ON: inactive players will automatically lose when time's up. (requested by Levelup_yaman)\n|inactive|Cnuyyyy also wants the timer to be on.\n|\n|t:|1698475365\n|start\n|switch|p1a: Weavile|Weavile, M, shiny|100\/100\n|switch|p1b: Hypno|Hypno, M|100\/100\n|switch|p2a: Sir Armarouge|Armarouge, M|100\/100\n|switch|p2b: BEEG BUG|Scizor, M|100\/100\n|turn|1\n|\n|t:|1698475387\n|switch|p2a: The Wave Master|Urshifu-Rapid-Strike, M|100\/100\n|-terastallize|p2b: BEEG BUG|Dark\n|move|p1a: Weavile|Swords Dance|p1a: Weavile\n|-boost|p1a: Weavile|atk|2\n|move|p1b: Hypno|Belly Drum|p1b: Hypno\n|-damage|p1b: Hypno|50\/100\n|-setboost|p1b: Hypno|atk|6|[from] move: Belly Drum\n|-enditem|p1b: Hypno|Sitrus Berry|[eat]\n|-heal|p1b: Hypno|75\/100|[from] item: Sitrus Berry\n|move|p2b: BEEG BUG|Night Slash|p1b: Hypno\n|-supereffective|p1b: Hypno\n|-damage|p1b: Hypno|0 fnt\n|faint|p1b: Hypno\n|\n|upkeep\n|\n|t:|1698475409\n|switch|p1b: Baxcalibur|Baxcalibur, F|100\/100\n|turn|2\n|\n|t:|1698475422\n|move|p1a: Weavile|Protect|p1a: Weavile\n|-singleturn|p1a: Weavile|Protect\n|move|p2b: BEEG BUG|Bullet Punch|p1b: Baxcalibur\n|-supereffective|p1b: Baxcalibur\n|-damage|p1b: Baxcalibur|32\/100\n|move|p2a: The Wave Master|Close Combat|p1a: Weavile\n|-supereffective|p1a: Weavile\n|-enditem|p1a: Weavile|Focus Sash\n|-damage|p1a: Weavile|1\/100\n|-unboost|p2a: The Wave Master|def|1\n|-unboost|p2a: The Wave Master|spd|1\n|-enditem|p2a: The Wave Master|Mystic Water|[silent]|[from] ability: Pickpocket|[of] p2a: The Wave Master\n|-item|p1a: Weavile|Mystic Water|[from] ability: Pickpocket|[of] p2a: The Wave Master\n|move|p1b: Baxcalibur|Glaive Rush|p2a: The Wave Master\n|-damage|p2a: The Wave Master|0 fnt\n|-singlemove|p1b: Baxcalibur|Glaive Rush|[silent]\n|faint|p2a: The Wave Master\n|\n|-heal|p1b: Baxcalibur|38\/100|[from] item: Leftovers\n|upkeep\n|\n|t:|1698475441\n|switch|p2a: Chomppy|Garchomp, M|100\/100\n|turn|3\n|\n|t:|1698475449\n|move|p2b: BEEG BUG|Bullet Punch|p1b: Baxcalibur\n|-supereffective|p1b: Baxcalibur\n|-damage|p1b: Baxcalibur|0 fnt\n|faint|p1b: Baxcalibur\n|move|p1a: Weavile|Beat Up|p2a: Chomppy\n|-damage|p2a: Chomppy|83\/100\n|-damage|p2a: Chomppy|67\/100\n|-crit|p2a: Chomppy\n|-damage|p2a: Chomppy|47\/100\n|-damage|p2a: Chomppy|30\/100\n|-hitcount|p2a: Chomppy|4\n|move|p2a: Chomppy|Fire Fang|p1a: Weavile\n|-supereffective|p1a: Weavile\n|-damage|p1a: Weavile|0 fnt\n|faint|p1a: Weavile\n|\n|upkeep\n|\n|t:|1698475466\n|switch|p1a: Mew|Mew|100\/100\n|switch|p1b: Gholdengo|Gholdengo|100\/100\n|turn|4\n|\n|t:|1698475488\n|-terastallize|p1b: Gholdengo|Normal\n|move|p1a: Mew|Brick Break|p2b: BEEG BUG\n|-supereffective|p2b: BEEG BUG\n|-damage|p2b: BEEG BUG|52\/100\n|move|p2a: Chomppy|Fire Fang|p1b: Gholdengo\n|-damage|p1b: Gholdengo|76\/100\n|move|p1b: Gholdengo|Nasty Plot|p1b: Gholdengo\n|-boost|p1b: Gholdengo|spa|2\n|move|p2b: BEEG BUG|Night Slash|p1a: Mew\n|-resisted|p1a: Mew\n|-damage|p1a: Mew|53\/100\n|replace|p1a: Zoroark|Zoroark, F\n|-end|p1a: Zoroark|Illusion\n|\n|-heal|p1b: Gholdengo|82\/100|[from] item: Leftovers\n|upkeep\n|turn|5\n|\n|t:|1698475514\n|move|p2b: BEEG BUG|Bullet Punch|p1a: Zoroark\n|-damage|p1a: Zoroark|0 fnt\n|faint|p1a: Zoroark\n|move|p2a: Chomppy|Dragon Claw|p1b: Gholdengo\n|-damage|p1b: Gholdengo|33\/100\n|move|p1b: Gholdengo|Dazzling Gleam|p2a: Chomppy|[spread] p2a,p2b\n|-supereffective|p2a: Chomppy\n|-supereffective|p2b: BEEG BUG\n|-damage|p2a: Chomppy|0 fnt\n|-damage|p2b: BEEG BUG|0 fnt\n|faint|p2a: Chomppy\n|faint|p2b: BEEG BUG\n|\n|-heal|p1b: Gholdengo|39\/100|[from] item: Leftovers\n|upkeep\n|\n|t:|1698475530\n|switch|p1a: Mew|Mew|100\/100\n|switch|p2a: Snow-mover|Avalugg-Hisui, M|100\/100\n|switch|p2b: Sir Armarouge|Armarouge, M|100\/100\n|turn|6\n|\n|t:|1698475551\n|move|p1a: Mew|Aurora Veil||[still]\n|-fail|p1a: Mew\n|move|p1b: Gholdengo|Make It Rain|p2b: Sir Armarouge|[spread] p2a,p2b\n|-supereffective|p2a: Snow-mover\n|-resisted|p2b: Sir Armarouge\n|-ability|p2a: Snow-mover|Sturdy\n|-damage|p2a: Snow-mover|1\/100\n|-damage|p2b: Sir Armarouge|52\/100\n|-unboost|p1b: Gholdengo|spa|1\n|-enditem|p2a: Snow-mover|Weakness Policy\n|-boost|p2a: Snow-mover|atk|2|[from] item: Weakness Policy\n|-boost|p2a: Snow-mover|spa|2|[from] item: Weakness Policy\n|move|p2b: Sir Armarouge|Armor Cannon|p1a: Mew\n|-damage|p1a: Mew|12\/100\n|-unboost|p2b: Sir Armarouge|def|1\n|-unboost|p2b: Sir Armarouge|spd|1\n|-damage|p2b: Sir Armarouge|42\/100|[from] item: Life Orb\n|move|p2a: Snow-mover|Body Press|p1b: Gholdengo\n|-supereffective|p1b: Gholdengo\n|-damage|p1b: Gholdengo|0 fnt\n|faint|p1b: Gholdengo\n|\n|upkeep\n|turn|7\n|\n|t:|1698475576\n|move|p1a: Mew|Protect|p1a: Mew\n|-singleturn|p1a: Mew|Protect\n|move|p2b: Sir Armarouge|Psychic|p1a: Mew\n|-activate|p1a: Mew|move: Protect\n|move|p2a: Snow-mover|Rock Slide|p1a: Mew\n|-activate|p1a: Mew|move: Protect\n|\n|upkeep\n|turn|8\n|\n|t:|1698475591\n|-zpower|p1a: Mew\n|move|p1a: Mew|Genesis Supernova|p2b: Sir Armarouge|[zeffect]\n|-resisted|p2b: Sir Armarouge\n|-crit|p2b: Sir Armarouge\n|-damage|p2b: Sir Armarouge|0 fnt\n|-fieldstart|move: Psychic Terrain\n|faint|p2b: Sir Armarouge\n|move|p2a: Snow-mover|Rock Slide|p1a: Mew\n|-damage|p1a: Mew|0 fnt\n|faint|p1a: Mew\n|\n|win|Levelup_yaman\n|raw|Cnuyyyy's rating: 1131 &rarr; <strong>1101<\/strong><br \/>(-30 for losing)\n|raw|Levelup_yaman's rating: 1063 &rarr; <strong>1099<\/strong><br \/>(+36 for winning)\n|l|\u2606Cnuyyyy\n","uploadtime":1698475632,"views":9,"p1id":"cnuyyyy","p2id":"levelupyaman","formatid":"gen9nationaldexdoubles","rating":1099,"private":0,"password":""}