{"id":"gen9nationaldexdoubles-1950480660","p1":"HAHAHA noob.","p2":"Forever1507","format":"[Gen 9] National Dex Doubles","log":"|j|\u2606HAHAHA noob.\n|j|\u2606Forever1507\n|t:|1695477551\n|gametype|doubles\n|player|p1|HAHAHA noob.|youngster-gen4dp|1000\n|player|p2|Forever1507|1|1163\n|teamsize|p1|6\n|teamsize|p2|6\n|gen|9\n|tier|[Gen 9] National Dex Doubles\n|rated|\n|rule|HP Percentage Mod: HP is shown in percentages\n|rule|Endless Battle Clause: Forcing endless battles is banned\n|rule|OHKO Clause: OHKO moves are banned\n|rule|Evasion Moves Clause: Evasion moves are banned\n|rule|Evasion Abilities Clause: Evasion abilities are banned\n|rule|Species Clause: Limit one of each Pok\u00e9mon\n|rule|Gravity Sleep Clause: The combination of sleep-inducing moves with imperfect accuracy and Gravity or Gigantamax Orbeetle are banned\n|clearpoke\n|poke|p1|Blastoise, M|\n|poke|p1|Clefable, F|\n|poke|p1|Indeedee-F, F|\n|poke|p1|Mr. Mime, F|\n|poke|p1|Glastrier|\n|poke|p1|Oranguru, F|\n|poke|p2|Tornadus, M|\n|poke|p2|Torkoal, M|\n|poke|p2|Pelipper, M|\n|poke|p2|Walking Wake|\n|poke|p2|Swampert, M|\n|poke|p2|Flutter Mane|\n|teampreview\n|inactive|Battle timer is ON: inactive players will automatically lose when time's up. (requested by HAHAHA noob.)\n|\n|t:|1695477569\n|start\n|switch|p1a: Glastrier|Glastrier|100\/100\n|switch|p1b: Indeedee|Indeedee-F, F|100\/100\n|switch|p2a: Pelipper|Pelipper, M|100\/100\n|switch|p2b: Walking Wake|Walking Wake|100\/100\n|-weather|RainDance|[from] ability: Drizzle|[of] p2a: Pelipper\n|-fieldstart|move: Psychic Terrain|[from] ability: Psychic Surge|[of] p1b: Indeedee\n|-enditem|p2b: Walking Wake|Booster Energy\n|-activate|p2b: Walking Wake|ability: Protosynthesis|[fromitem]\n|-start|p2b: Walking Wake|protosynthesisspe\n|turn|1\n|\n|t:|1695477586\n|-terastallize|p2b: Walking Wake|Water\n|move|p1a: Glastrier|Protect|p1a: Glastrier\n|-singleturn|p1a: Glastrier|Protect\n|move|p2b: Walking Wake|Hydro Steam|p1a: Glastrier\n|-activate|p1a: Glastrier|move: Protect\n|move|p2a: Pelipper|Weather Ball|p1b: Indeedee\n|-enditem|p1b: Indeedee|Focus Sash\n|-damage|p1b: Indeedee|1\/100\n|move|p1b: Indeedee|Trick Room|p1b: Indeedee\n|-fieldstart|move: Trick Room|[of] p1b: Indeedee\n|\n|-weather|RainDance|[upkeep]\n|upkeep\n|turn|2\n|\n|t:|1695477606\n|-terastallize|p1a: Glastrier|Ice\n|move|p1b: Indeedee|Follow Me|p1b: Indeedee\n|-singleturn|p1b: Indeedee|move: Follow Me\n|move|p1a: Glastrier|Icicle Spear|p2a: Pelipper\n|-damage|p2a: Pelipper|71\/100\n|-damage|p2a: Pelipper|42\/100\n|-damage|p2a: Pelipper|14\/100\n|-damage|p2a: Pelipper|0 fnt\n|faint|p2a: Pelipper\n|-ability|p1a: Glastrier|Chilling Neigh|boost\n|-boost|p1a: Glastrier|atk|1\n|-hitcount|p2: Pelipper|4\n|move|p2b: Walking Wake|Hydro Steam|p1b: Indeedee\n|-damage|p1b: Indeedee|0 fnt\n|faint|p1b: Indeedee\n|\n|-weather|RainDance|[upkeep]\n|upkeep\n|inactive|HAHAHA noob. has 120 seconds left.\n|\n|t:|1695477648\n|switch|p1b: Blastoise|Blastoise, M|100\/100\n|switch|p2a: Torkoal|Torkoal, M|100\/100\n|-weather|SunnyDay|[from] ability: Drought|[of] p2a: Torkoal\n|turn|3\n|\n|t:|1695477666\n|move|p1a: Glastrier|Protect|p1a: Glastrier\n|-singleturn|p1a: Glastrier|Protect\n|move|p2a: Torkoal|Eruption|p1b: Blastoise|[spread] p1b\n|-activate|p1a: Glastrier|move: Protect\n|-resisted|p1b: Blastoise\n|-damage|p1b: Blastoise|64\/100\n|move|p2b: Walking Wake|Hydro Steam|p1a: Glastrier\n|-activate|p1a: Glastrier|move: Protect\n|move|p1b: Blastoise|Roar|p2a: Torkoal\n|drag|p2a: Tornadus|Tornadus, M|100\/100\n|\n|-weather|SunnyDay|[upkeep]\n|upkeep\n|turn|4\n|\n|t:|1695477682\n|move|p1b: Blastoise|Follow Me|p1b: Blastoise\n|-singleturn|p1b: Blastoise|move: Follow Me\n|move|p1a: Glastrier|Icicle Spear|p2a: Tornadus\n|-supereffective|p2a: Tornadus\n|-damage|p2a: Tornadus|40\/100\n|-supereffective|p2a: Tornadus\n|-damage|p2a: Tornadus|0 fnt\n|faint|p2a: Tornadus\n|-ability|p1a: Glastrier|Chilling Neigh|boost\n|-boost|p1a: Glastrier|atk|1\n|-hitcount|p2: Tornadus|2\n|move|p2b: Walking Wake|Hydro Steam|p1b: Blastoise\n|-resisted|p1b: Blastoise\n|-damage|p1b: Blastoise|30\/100\n|\n|-weather|SunnyDay|[upkeep]\n|upkeep\n|\n|t:|1695477688\n|switch|p2a: Torkoal|Torkoal, M|100\/100\n|turn|5\n|inactive|HAHAHA noob. has 120 seconds left.\n|\n|t:|1695477736\n|move|p1a: Glastrier|Protect|p1a: Glastrier\n|-singleturn|p1a: Glastrier|Protect\n|move|p1b: Blastoise|Follow Me|p1b: Blastoise\n|-singleturn|p1b: Blastoise|move: Follow Me\n|move|p2a: Torkoal|Eruption|p1a: Glastrier|[spread] p1b\n|-activate|p1a: Glastrier|move: Protect\n|-resisted|p1b: Blastoise\n|-damage|p1b: Blastoise|0 fnt\n|faint|p1b: Blastoise\n|move|p2b: Walking Wake|Hydro Steam|p1a: Glastrier\n|-activate|p1a: Glastrier|move: Protect\n|\n|-weather|SunnyDay|[upkeep]\n|-fieldend|move: Trick Room\n|-fieldend|move: Psychic Terrain\n|upkeep\n|\n|t:|1695477753\n|switch|p1b: Clefable|Clefable, F|100\/100\n|turn|6\n|inactive|Forever1507 has 120 seconds left.\n|\n|t:|1695477797\n|move|p1b: Clefable|Follow Me|p1b: Clefable\n|-singleturn|p1b: Clefable|move: Follow Me\n|move|p2b: Walking Wake|Hydro Steam|p1b: Clefable\n|-damage|p1b: Clefable|28\/100\n|move|p1a: Glastrier|Stomping Tantrum|p2a: Torkoal\n|-supereffective|p2a: Torkoal\n|-damage|p2a: Torkoal|0 fnt\n|faint|p2a: Torkoal\n|-ability|p1a: Glastrier|Chilling Neigh|boost\n|-boost|p1a: Glastrier|atk|1\n|\n|-weather|SunnyDay|[upkeep]\n|upkeep\n|\n|t:|1695477805\n|switch|p2a: Flutter Mane|Flutter Mane|100\/100\n|-activate|p2a: Flutter Mane|ability: Protosynthesis\n|-start|p2a: Flutter Mane|protosynthesisspa\n|turn|7\n|inactive|HAHAHA noob. has 120 seconds left.\n|\n|t:|1695477859\n|move|p1b: Clefable|Follow Me|p1b: Clefable\n|-singleturn|p1b: Clefable|move: Follow Me\n|move|p2b: Walking Wake|Hydro Steam|p1b: Clefable\n|-damage|p1b: Clefable|0 fnt\n|faint|p1b: Clefable\n|move|p2a: Flutter Mane|Dazzling Gleam|p1a: Glastrier\n|-damage|p1a: Glastrier|49\/100\n|move|p1a: Glastrier|Icicle Spear|p2a: Flutter Mane\n|-damage|p2a: Flutter Mane|0 fnt\n|faint|p2a: Flutter Mane\n|-end|p2a: Flutter Mane|Protosynthesis|[silent]\n|-ability|p1a: Glastrier|Chilling Neigh|boost\n|-boost|p1a: Glastrier|atk|1\n|-hitcount|p2: Flutter Mane|1\n|\n|-weather|none\n|upkeep\n|inactive|Forever1507 has 120 seconds left.\n|\n|t:|1695477896\n|switch|p2a: Swampert|Swampert, M|100\/100\n|switch|p1b: Mr. Mime|Mr. Mime, F|100\/100\n|turn|8\n|inactive|HAHAHA noob. has 120 seconds left.\n|\n|t:|1695477919\n|detailschange|p2a: Swampert|Swampert-Mega, M\n|-mega|p2a: Swampert|Swampert|Swampertite\n|move|p1b: Mr. Mime|Follow Me|p1b: Mr. Mime\n|-singleturn|p1b: Mr. Mime|move: Follow Me\n|move|p2b: Walking Wake|Hydro Steam|p1b: Mr. Mime\n|-damage|p1b: Mr. Mime|40\/100\n|move|p2a: Swampert|Earthquake|p1a: Glastrier|[spread] p2b,p1a,p1b\n|-damage|p2b: Walking Wake|52\/100\n|-damage|p1a: Glastrier|18\/100\n|-damage|p1b: Mr. Mime|0 fnt\n|faint|p1b: Mr. Mime\n|move|p1a: Glastrier|Icicle Spear|p2a: Swampert\n|-damage|p2a: Swampert|47\/100\n|-damage|p2a: Swampert|0 fnt\n|faint|p2a: Swampert\n|-ability|p1a: Glastrier|Chilling Neigh|boost\n|-boost|p1a: Glastrier|atk|1\n|-hitcount|p2: Swampert|2\n|\n|upkeep\n|\n|t:|1695477937\n|switch|p1b: Oranguru|Oranguru, F|100\/100\n|turn|9\n|\n|t:|1695477947\n|move|p1a: Glastrier|Protect|p1a: Glastrier\n|-singleturn|p1a: Glastrier|Protect\n|move|p2b: Walking Wake|Hydro Steam|p1b: Oranguru\n|-damage|p1b: Oranguru|60\/100\n|move|p1b: Oranguru|Trick Room|p1b: Oranguru\n|-fieldstart|move: Trick Room|[of] p1b: Oranguru\n|\n|upkeep\n|turn|10\n|-message|Forever1507 forfeited.\n|\n|win|HAHAHA noob.\n|raw|HAHAHA noob.'s rating: 1000 &rarr; <strong>1058<\/strong><br \/>(+58 for winning)\n|raw|Forever1507's rating: 1163 &rarr; <strong>1127<\/strong><br \/>(-36 for losing)\n|l|\u2606Forever1507\n","uploadtime":1695477970,"views":5,"p1id":"hahahanoob","p2id":"forever1507","formatid":"gen9nationaldexdoubles","rating":1058,"private":0,"password":""}