{"id":"gen9nationaldexdoubles-1951667602","p1":"Koge Takashii","p2":"FiredChickINNN","format":"[Gen 9] National Dex Doubles","log":"|j|\u2606Koge Takashii\n|j|\u2606FiredChickINNN\n|t:|1695604750\n|gametype|doubles\n|player|p1|Koge Takashii|jupiter|1076\n|player|p2|FiredChickINNN|2|1074\n|teamsize|p1|6\n|teamsize|p2|6\n|gen|9\n|tier|[Gen 9] National Dex Doubles\n|rated|\n|rule|HP Percentage Mod: HP is shown in percentages\n|rule|Endless Battle Clause: Forcing endless battles is banned\n|rule|OHKO Clause: OHKO moves are banned\n|rule|Evasion Moves Clause: Evasion moves are banned\n|rule|Evasion Abilities Clause: Evasion abilities are banned\n|rule|Species Clause: Limit one of each Pok\u00e9mon\n|rule|Gravity Sleep Clause: The combination of sleep-inducing moves with imperfect accuracy and Gravity or Gigantamax Orbeetle are banned\n|clearpoke\n|poke|p1|Empoleon, M|\n|poke|p1|Feraligatr, M|\n|poke|p1|Iron Bundle|\n|poke|p1|Froslass, F|\n|poke|p1|Gyarados, F|\n|poke|p1|Regieleki|\n|poke|p2|Raticate, F|\n|poke|p2|Sinistcha|\n|poke|p2|Dragonite, F|\n|poke|p2|Amoonguss, M|\n|poke|p2|Crawdaunt, M|\n|poke|p2|Indeedee-F, F|\n|teampreview\n|inactive|Battle timer is ON: inactive players will automatically lose when time's up. (requested by FiredChickINNN)\n|\n|t:|1695604755\n|start\n|switch|p1a: \ud83d\uddef\ufe0fExtra Dex\u2757\u2757|Iron Bundle, shiny|100\/100\n|switch|p1b: \ud83d\uddef\ufe0fBattle Phase 2\u2757|Regieleki, shiny|100\/100\n|switch|p2a: Raticate|Raticate, F|100\/100\n|switch|p2b: Amoonguss|Amoonguss, M|100\/100\n|-enditem|p1a: \ud83d\uddef\ufe0fExtra Dex\u2757\u2757|Booster Energy\n|-activate|p1a: \ud83d\uddef\ufe0fExtra Dex\u2757\u2757|ability: Quark Drive|[fromitem]\n|-start|p1a: \ud83d\uddef\ufe0fExtra Dex\u2757\u2757|quarkdrivespe\n|turn|1\n|\n|t:|1695604773\n|-terastallize|p1a: \ud83d\uddef\ufe0fExtra Dex\u2757\u2757|Electric\n|move|p1a: \ud83d\uddef\ufe0fExtra Dex\u2757\u2757|Electric Terrain|p1a: \ud83d\uddef\ufe0fExtra Dex\u2757\u2757\n|-fieldstart|move: Electric Terrain\n|move|p1b: \ud83d\uddef\ufe0fBattle Phase 2\u2757|Reflect|p1b: \ud83d\uddef\ufe0fBattle Phase 2\u2757\n|-sidestart|p1: Koge Takashii|Reflect\n|move|p2a: Raticate|Endeavor|p1b: \ud83d\uddef\ufe0fBattle Phase 2\u2757\n|-damage|p1b: \ud83d\uddef\ufe0fBattle Phase 2\u2757|84\/100\n|move|p2b: Amoonguss|Spore|p1a: \ud83d\uddef\ufe0fExtra Dex\u2757\u2757\n|-activate|p1a: \ud83d\uddef\ufe0fExtra Dex\u2757\u2757|move: Electric Terrain\n|\n|upkeep\n|turn|2\n|\n|t:|1695604792\n|switch|p1b: \ud83d\uddef\ufe0fWind-Up Action\u2757|Froslass, F, shiny|100\/100\n|move|p2b: Amoonguss|Rage Powder|p2b: Amoonguss\n|-singleturn|p2b: Amoonguss|move: Rage Powder\n|move|p1a: \ud83d\uddef\ufe0fExtra Dex\u2757\u2757|Icy Wind|p2a: Raticate|[spread] p2a,p2b\n|-supereffective|p2b: Amoonguss\n|-damage|p2a: Raticate|77\/100\n|-damage|p2b: Amoonguss|74\/100\n|-unboost|p2a: Raticate|spe|1\n|-unboost|p2b: Amoonguss|spe|1\n|move|p2a: Raticate|Swords Dance|p2a: Raticate\n|-boost|p2a: Raticate|atk|2\n|\n|upkeep\n|turn|3\n|\n|t:|1695604811\n|-activate|p1a: \ud83d\uddef\ufe0fExtra Dex\u2757\u2757|move: Pursuit\n|move|p2a: Raticate|Pursuit|p1a: \ud83d\uddef\ufe0fExtra Dex\u2757\u2757|[from]Pursuit\n|-crit|p1a: \ud83d\uddef\ufe0fExtra Dex\u2757\u2757\n|-damage|p1a: \ud83d\uddef\ufe0fExtra Dex\u2757\u2757|31\/100\n|-end|p1a: \ud83d\uddef\ufe0fExtra Dex\u2757\u2757|Quark Drive|[silent]\n|switch|p1a: \ud83d\uddef\ufe0fProxy\u2122|Gyarados, F, shiny|100\/100\n|-ability|p1a: \ud83d\uddef\ufe0fProxy\u2122|Intimidate|boost\n|-unboost|p2a: Raticate|atk|1\n|-unboost|p2b: Amoonguss|atk|1\n|move|p1b: \ud83d\uddef\ufe0fWind-Up Action\u2757|Spikes|p2b: Amoonguss\n|-sidestart|p2: FiredChickINNN|Spikes\n|move|p2b: Amoonguss|Spore|p1b: \ud83d\uddef\ufe0fWind-Up Action\u2757\n|-activate|p1b: \ud83d\uddef\ufe0fWind-Up Action\u2757|move: Electric Terrain\n|\n|upkeep\n|turn|4\n|inactive|Koge Takashii has 120 seconds left.\n|\n|t:|1695604843\n|detailschange|p1a: \ud83d\uddef\ufe0fProxy\u2122|Gyarados-Mega, F, shiny\n|-mega|p1a: \ud83d\uddef\ufe0fProxy\u2122|Gyarados|Gyaradosite\n|-ability|p1a: \ud83d\uddef\ufe0fProxy\u2122|Mold Breaker\n|move|p1b: \ud83d\uddef\ufe0fWind-Up Action\u2757|Spikes|p2a: Raticate\n|-sidestart|p2: FiredChickINNN|Spikes\n|move|p2a: Raticate|Pursuit|p1b: \ud83d\uddef\ufe0fWind-Up Action\u2757\n|-supereffective|p1b: \ud83d\uddef\ufe0fWind-Up Action\u2757\n|-damage|p1b: \ud83d\uddef\ufe0fWind-Up Action\u2757|73\/100\n|move|p2b: Amoonguss|Spore|p1a: \ud83d\uddef\ufe0fProxy\u2122\n|-activate|p1a: \ud83d\uddef\ufe0fProxy\u2122|move: Electric Terrain\n|move|p1a: \ud83d\uddef\ufe0fProxy\u2122|Dragon Tail|p2b: Amoonguss|[miss]\n|-miss|p1a: \ud83d\uddef\ufe0fProxy\u2122|p2b: Amoonguss\n|\n|upkeep\n|turn|5\n|\n|t:|1695604867\n|switch|p1b: \ud83d\uddef\ufe0fBattle Phase 2\u2757|Regieleki, shiny|84\/100\n|move|p2a: Raticate|Endeavor|p1a: \ud83d\uddef\ufe0fProxy\u2122\n|-damage|p1a: \ud83d\uddef\ufe0fProxy\u2122|58\/100\n|move|p2b: Amoonguss|Pollen Puff|p2a: Raticate\n|-heal|p2a: Raticate|100\/100\n|move|p1a: \ud83d\uddef\ufe0fProxy\u2122|Dragon Tail|p2b: Amoonguss|[miss]\n|-miss|p1a: \ud83d\uddef\ufe0fProxy\u2122|p2b: Amoonguss\n|\n|-sideend|p1: Koge Takashii|Reflect\n|-fieldend|move: Electric Terrain\n|upkeep\n|turn|6\n|\n|t:|1695604887\n|move|p1a: \ud83d\uddef\ufe0fProxy\u2122|Protect|p1a: \ud83d\uddef\ufe0fProxy\u2122\n|-singleturn|p1a: \ud83d\uddef\ufe0fProxy\u2122|Protect\n|move|p1b: \ud83d\uddef\ufe0fBattle Phase 2\u2757|Explosion|p2b: Amoonguss|[spread] p2a,p2b\n|-activate|p1a: \ud83d\uddef\ufe0fProxy\u2122|move: Protect\n|-crit|p2a: Raticate\n|-enditem|p2a: Raticate|Focus Sash\n|-damage|p2a: Raticate|1\/100\n|-damage|p2b: Amoonguss|0 fnt\n|faint|p1b: \ud83d\uddef\ufe0fBattle Phase 2\u2757\n|faint|p2b: Amoonguss\n|move|p2a: Raticate|Swords Dance|p2a: Raticate\n|-boost|p2a: Raticate|atk|2\n|\n|upkeep\n|\n|t:|1695604916\n|switch|p1b: \ud83d\uddef\ufe0fWind-Up Action\u2757|Froslass, F, shiny|73\/100\n|switch|p2b: Sinistcha|Sinistcha|100\/100\n|-damage|p2b: Sinistcha|84\/100|[from] Spikes\n|-heal|p2a: Raticate|26\/100|[from] ability: Hospitality|[of] p2b: Sinistcha\n|turn|7\n|\n|t:|1695604925\n|move|p1b: \ud83d\uddef\ufe0fWind-Up Action\u2757|Icy Wind|p2b: Sinistcha|[spread] p2a,p2b\n|-supereffective|p2b: Sinistcha\n|-damage|p2a: Raticate|4\/100\n|-damage|p2b: Sinistcha|47\/100\n|-unboost|p2a: Raticate|spe|1\n|-unboost|p2b: Sinistcha|spe|1\n|move|p1a: \ud83d\uddef\ufe0fProxy\u2122|Crunch|p2b: Sinistcha\n|-supereffective|p2b: Sinistcha\n|-damage|p2b: Sinistcha|0 fnt\n|faint|p2b: Sinistcha\n|move|p2a: Raticate|Endeavor|p1a: \ud83d\uddef\ufe0fProxy\u2122\n|-damage|p1a: \ud83d\uddef\ufe0fProxy\u2122|3\/100\n|\n|upkeep\n|\n|t:|1695604944\n|switch|p2b: Dragonite|Dragonite, F|100\/100\n|turn|8\n|\n|t:|1695604951\n|move|p1a: \ud83d\uddef\ufe0fProxy\u2122|Protect|p1a: \ud83d\uddef\ufe0fProxy\u2122\n|-singleturn|p1a: \ud83d\uddef\ufe0fProxy\u2122|Protect\n|move|p2a: Raticate|Sucker Punch|p1b: \ud83d\uddef\ufe0fWind-Up Action\u2757\n|-supereffective|p1b: \ud83d\uddef\ufe0fWind-Up Action\u2757\n|-damage|p1b: \ud83d\uddef\ufe0fWind-Up Action\u2757|0 fnt\n|faint|p1b: \ud83d\uddef\ufe0fWind-Up Action\u2757\n|move|p2b: Dragonite|Dragon Dance|p2b: Dragonite\n|-boost|p2b: Dragonite|atk|1\n|-boost|p2b: Dragonite|spe|1\n|\n|upkeep\n|\n|t:|1695604961\n|switch|p1b: \ud83d\uddef\ufe0fExtra Dex\u2757\u2757|Iron Bundle, shiny, tera:Electric|31\/100\n|turn|9\n|\n|t:|1695604969\n|move|p2a: Raticate|Sucker Punch|p1a: \ud83d\uddef\ufe0fProxy\u2122\n|-resisted|p1a: \ud83d\uddef\ufe0fProxy\u2122\n|-damage|p1a: \ud83d\uddef\ufe0fProxy\u2122|0 fnt\n|faint|p1a: \ud83d\uddef\ufe0fProxy\u2122\n|move|p1b: \ud83d\uddef\ufe0fExtra Dex\u2757\u2757|Icy Wind|p2b: Dragonite|[spread] p2a,p2b\n|-supereffective|p2b: Dragonite\n|-damage|p2a: Raticate|0 fnt\n|-damage|p2b: Dragonite|61\/100\n|-unboost|p2b: Dragonite|spe|1\n|faint|p2a: Raticate\n|move|p2b: Dragonite|Earthquake|p1b: \ud83d\uddef\ufe0fExtra Dex\u2757\u2757\n|-supereffective|p1b: \ud83d\uddef\ufe0fExtra Dex\u2757\u2757\n|-damage|p1b: \ud83d\uddef\ufe0fExtra Dex\u2757\u2757|0 fnt\n|faint|p1b: \ud83d\uddef\ufe0fExtra Dex\u2757\u2757\n|-end|p1b: \ud83d\uddef\ufe0fExtra Dex\u2757\u2757|Quark Drive|[silent]\n|\n|upkeep\n|\n|t:|1695604981\n|switch|p1b: \ud83d\uddef\ufe0fDragoons\u2757\u2757|Feraligatr, M, shiny|100\/100\n|switch|p2a: Indeedee|Indeedee-F, F|100\/100\n|switch|p1a: \ud83d\uddef\ufe0fDrident\u2757\u2757|Empoleon, M, shiny|100\/100\n|-damage|p2a: Indeedee|84\/100|[from] Spikes\n|turn|10\n|\n|t:|1695605005\n|move|p2a: Indeedee|Fake Out|p1b: \ud83d\uddef\ufe0fDragoons\u2757\u2757\n|-damage|p1b: \ud83d\uddef\ufe0fDragoons\u2757\u2757|92\/100\n|move|p2b: Dragonite|Earthquake|p1b: \ud83d\uddef\ufe0fDragoons\u2757\u2757|[spread] p2a,p1a,p1b\n|-supereffective|p1a: \ud83d\uddef\ufe0fDrident\u2757\u2757\n|-crit|p1b: \ud83d\uddef\ufe0fDragoons\u2757\u2757\n|-damage|p2a: Indeedee|17\/100\n|-damage|p1a: \ud83d\uddef\ufe0fDrident\u2757\u2757|7\/100\n|-damage|p1b: \ud83d\uddef\ufe0fDragoons\u2757\u2757|29\/100\n|cant|p1b: \ud83d\uddef\ufe0fDragoons\u2757\u2757|flinch\n|-zpower|p1a: \ud83d\uddef\ufe0fDrident\u2757\u2757\n|move|p1a: \ud83d\uddef\ufe0fDrident\u2757\u2757|Corkscrew Crash|p2b: Dragonite|[zeffect]\n|-damage|p2b: Dragonite|0 fnt\n|faint|p2b: Dragonite\n|\n|upkeep\n|\n|t:|1695605014\n|switch|p2b: Crawdaunt|Crawdaunt, M|100\/100\n|-damage|p2b: Crawdaunt|84\/100|[from] Spikes\n|turn|11\n|\n|t:|1695605042\n|move|p2b: Crawdaunt|Aqua Jet|p1b: \ud83d\uddef\ufe0fDragoons\u2757\u2757\n|-resisted|p1b: \ud83d\uddef\ufe0fDragoons\u2757\u2757\n|-damage|p1b: \ud83d\uddef\ufe0fDragoons\u2757\u2757|12\/100\n|-damage|p2b: Crawdaunt|74\/100|[from] item: Life Orb\n|move|p2a: Indeedee|Mystical Fire|p1a: \ud83d\uddef\ufe0fDrident\u2757\u2757\n|-damage|p1a: \ud83d\uddef\ufe0fDrident\u2757\u2757|0 fnt\n|faint|p1a: \ud83d\uddef\ufe0fDrident\u2757\u2757\n|move|p1b: \ud83d\uddef\ufe0fDragoons\u2757\u2757|Waterfall|p2b: Crawdaunt\n|-resisted|p2b: Crawdaunt\n|-damage|p2b: Crawdaunt|45\/100\n|\n|upkeep\n|turn|12\n|-message|Koge Takashii forfeited.\n|\n|win|FiredChickINNN\n|raw|Koge Takashii's rating: 1055 &rarr; <strong>1038<\/strong><br \/>(-17 for losing)\n|raw|FiredChickINNN's rating: 1074 &rarr; <strong>1101<\/strong><br \/>(+27 for winning)\n|l|\u2606Koge Takashii\n","uploadtime":1695605067,"views":9,"p1id":"kogetakashii","p2id":"firedchickinnn","formatid":"gen9nationaldexdoubles","rating":1038,"private":0,"password":""}