{"id":"gen9nationaldexdoubles-1967078592","p1":"JackieNut","p2":"slow_riots_account","format":"[Gen 9] National Dex Doubles","log":"|j|\u2606JackieNut\n|j|\u2606slow_riots_account\n|t:|1697251719\n|gametype|doubles\n|player|p1|JackieNut|flannery|\n|player|p2|slow_riots_account|170|\n|teamsize|p1|6\n|teamsize|p2|6\n|gen|9\n|tier|[Gen 9] National Dex Doubles\n|rule|HP Percentage Mod: HP is shown in percentages\n|rule|Endless Battle Clause: Forcing endless battles is banned\n|rule|OHKO Clause: OHKO moves are banned\n|rule|Evasion Moves Clause: Evasion moves are banned\n|rule|Evasion Abilities Clause: Evasion abilities are banned\n|rule|Species Clause: Limit one of each Pok\u00e9mon\n|rule|Gravity Sleep Clause: The combination of sleep-inducing moves with imperfect accuracy and Gravity or Gigantamax Orbeetle are banned\n|clearpoke\n|poke|p1|Zamazenta-*|\n|poke|p1|Lycanroc-Midnight, F|\n|poke|p1|Shaymin-Sky|\n|poke|p1|Sylveon, F|\n|poke|p1|Arcanine, F|\n|poke|p1|Houndoom, F|\n|poke|p2|Volcarona, M|\n|poke|p2|Landorus-Therian, M|\n|poke|p2|Reuniclus, M|\n|poke|p2|Sableye, F|\n|poke|p2|Poliwrath, M|\n|poke|p2|Luxray, M|\n|teampreview\n|\n|t:|1697251728\n|start\n|switch|p1a: doggie|Shaymin-Sky|100\/100\n|switch|p1b: gay dog|Sylveon, F|100\/100\n|switch|p2a: Volcarona|Volcarona, M|100\/100\n|switch|p2b: Landorus|Landorus-Therian, M|100\/100\n|-ability|p2b: Landorus|Intimidate|boost\n|-unboost|p1a: doggie|atk|1\n|-unboost|p1b: gay dog|atk|1\n|turn|1\n|\n|t:|1697251753\n|switch|p2a: Poliwrath|Poliwrath, M|100\/100\n|move|p1a: doggie|Air Slash|p2a: Poliwrath\n|-supereffective|p2a: Poliwrath\n|-damage|p2a: Poliwrath|33\/100\n|move|p2b: Landorus|Earthquake|p1b: gay dog|[spread] p2a,p1b\n|-immune|p1a: doggie\n|-damage|p2a: Poliwrath|3\/100\n|-damage|p1b: gay dog|53\/100\n|move|p1b: gay dog|Substitute|p1b: gay dog\n|-start|p1b: gay dog|Substitute\n|-damage|p1b: gay dog|28\/100\n|\n|-heal|p2a: Poliwrath|9\/100|[from] item: Leftovers\n|-heal|p1b: gay dog|35\/100|[from] item: Leftovers\n|upkeep\n|turn|2\n|\n|t:|1697251776\n|switch|p2b: Volcarona|Volcarona, M|100\/100\n|move|p2a: Poliwrath|Protect|p2a: Poliwrath\n|-singleturn|p2a: Poliwrath|Protect\n|move|p1a: doggie|Air Slash|p2a: Poliwrath\n|-activate|p2a: Poliwrath|move: Protect\n|move|p1b: gay dog|Hyper Voice|p2b: Volcarona|[spread] p2b\n|-activate|p2a: Poliwrath|move: Protect\n|-resisted|p2b: Volcarona\n|-damage|p2b: Volcarona|84\/100\n|\n|-heal|p2a: Poliwrath|15\/100|[from] item: Leftovers\n|-heal|p1b: gay dog|41\/100|[from] item: Leftovers\n|upkeep\n|turn|3\n|\n|t:|1697251808\n|move|p1a: doggie|Air Slash|p2b: Volcarona\n|-supereffective|p2b: Volcarona\n|-damage|p2b: Volcarona|14\/100\n|move|p2b: Volcarona|Flamethrower|p1a: doggie\n|-supereffective|p1a: doggie\n|-damage|p1a: doggie|0 fnt\n|faint|p1a: doggie\n|move|p2a: Poliwrath|Toxic||[still]\n|-fail|p2a: Poliwrath\n|move|p1b: gay dog|Hyper Voice|p2b: Volcarona|[spread] p2a,p2b\n|-supereffective|p2a: Poliwrath\n|-resisted|p2b: Volcarona\n|-damage|p2a: Poliwrath|0 fnt\n|-damage|p2b: Volcarona|0 fnt\n|faint|p2a: Poliwrath\n|faint|p2b: Volcarona\n|\n|-heal|p1b: gay dog|47\/100|[from] item: Leftovers\n|upkeep\n|\n|t:|1697251836\n|switch|p1a: pupie|Zamazenta|100\/100\n|switch|p2b: Landorus|Landorus-Therian, M|100\/100\n|switch|p2a: Reuniclus|Reuniclus, M|100\/100\n|-ability|p1a: pupie|Dauntless Shield|boost\n|-boost|p1a: pupie|def|1\n|-ability|p2b: Landorus|Intimidate|boost\n|-unboost|p1a: pupie|atk|1\n|-immune|p1b: gay dog\n|turn|4\n|\n|t:|1697251875\n|move|p1a: pupie|Crunch|p2a: Reuniclus\n|-supereffective|p2a: Reuniclus\n|-damage|p2a: Reuniclus|76\/100\n|-damage|p1a: pupie|84\/100|[from] item: Rocky Helmet|[of] p2a: Reuniclus\n|move|p2b: Landorus|Toxic|p1a: pupie\n|-status|p1a: pupie|tox\n|move|p1b: gay dog|Hyper Voice|p2b: Landorus|[spread] p2a,p2b\n|-damage|p2a: Reuniclus|38\/100\n|-damage|p2b: Landorus|71\/100\n|move|p2a: Reuniclus|Psyshock|p1b: gay dog\n|-end|p1b: gay dog|Substitute\n|\n|-heal|p2b: Landorus|77\/100|[from] item: Leftovers\n|-heal|p1b: gay dog|53\/100|[from] item: Leftovers\n|-damage|p1a: pupie|78\/100 tox|[from] psn\n|upkeep\n|turn|5\n|\n|t:|1697251908\n|switch|p1a: wolfie|Lycanroc-Midnight, F|100\/100\n|switch|p2b: Luxray|Luxray, M|100\/100\n|move|p1b: gay dog|Substitute|p1b: gay dog\n|-start|p1b: gay dog|Substitute\n|-damage|p1b: gay dog|28\/100\n|move|p2a: Reuniclus|Recover|p2a: Reuniclus\n|-heal|p2a: Reuniclus|88\/100\n|\n|-heal|p1b: gay dog|34\/100|[from] item: Leftovers\n|-status|p2b: Luxray|brn|[from] item: Flame Orb\n|upkeep\n|turn|6\n|\n|t:|1697251960\n|move|p1a: wolfie|Sucker Punch|p2a: Reuniclus\n|-supereffective|p2a: Reuniclus\n|-damage|p2a: Reuniclus|54\/100\n|-damage|p1a: wolfie|84\/100|[from] item: Rocky Helmet|[of] p2a: Reuniclus\n|move|p2b: Luxray|Superpower|p1a: wolfie\n|-supereffective|p1a: wolfie\n|-damage|p1a: wolfie|0 fnt\n|-unboost|p2b: Luxray|atk|1\n|-unboost|p2b: Luxray|def|1\n|faint|p1a: wolfie\n|move|p1b: gay dog|Hyper Voice|p2a: Reuniclus|[spread] p2a,p2b\n|-damage|p2a: Reuniclus|17\/100\n|-damage|p2b: Luxray|46\/100 brn\n|move|p2a: Reuniclus|Psyshock|p1b: gay dog\n|-end|p1b: gay dog|Substitute\n|\n|-heal|p1b: gay dog|40\/100|[from] item: Leftovers\n|-damage|p2b: Luxray|40\/100 brn|[from] brn\n|upkeep\n|\n|t:|1697251991\n|switch|p1a: mutt|Arcanine, F|100\/100\n|-ability|p1a: mutt|Intimidate|boost\n|-unboost|p2a: Reuniclus|atk|1\n|-unboost|p2b: Luxray|atk|1\n|turn|7\n|\n|t:|1697252017\n|move|p1a: mutt|Extreme Speed|p2a: Reuniclus\n|-damage|p2a: Reuniclus|0 fnt\n|-damage|p1a: mutt|84\/100|[from] item: Rocky Helmet|[of] p2a: Reuniclus\n|faint|p2a: Reuniclus\n|move|p2b: Luxray|Wild Charge|p1b: gay dog\n|-damage|p1b: gay dog|3\/100\n|-damage|p2b: Luxray|28\/100 brn|[from] Recoil\n|move|p1b: gay dog|Hyper Voice|p2b: Luxray\n|-damage|p2b: Luxray|0 fnt\n|faint|p2b: Luxray\n|\n|-heal|p1b: gay dog|9\/100|[from] item: Leftovers\n|upkeep\n|\n|t:|1697252031\n|switch|p2b: Sableye|Sableye, F|100\/100\n|switch|p2a: Landorus|Landorus-Therian, M|77\/100\n|-ability|p2a: Landorus|Intimidate|boost\n|-unboost|p1a: mutt|atk|1\n|-unboost|p1b: gay dog|atk|1\n|turn|8\n|\n|t:|1697252093\n|detailschange|p2b: Sableye|Sableye-Mega, F\n|-mega|p2b: Sableye|Sableye|Sablenite\n|move|p2b: Sableye|Protect|p2b: Sableye\n|-singleturn|p2b: Sableye|Protect\n|move|p1a: mutt|Will-O-Wisp|p2a: Landorus|[miss]\n|-miss|p1a: mutt|p2a: Landorus\n|move|p2a: Landorus|Earthquake|p1b: gay dog|[spread] p1a,p1b\n|-activate|p2b: Sableye|move: Protect\n|-supereffective|p1a: mutt\n|-damage|p1a: mutt|0 fnt\n|-damage|p1b: gay dog|0 fnt\n|faint|p1a: mutt\n|faint|p1b: gay dog\n|\n|-heal|p2a: Landorus|83\/100|[from] item: Leftovers\n|upkeep\n|\n|t:|1697252121\n|switch|p1a: pupie|Zamazenta|78\/100 tox\n|switch|p1b: big pupie|Houndoom, F|100\/100\n|turn|9\n|\n|t:|1697252180\n|detailschange|p1b: big pupie|Houndoom-Mega, F\n|-mega|p1b: big pupie|Houndoom|Houndoominite\n|move|p1a: pupie|Crunch|p2b: Sableye\n|-damage|p2b: Sableye|77\/100\n|move|p1b: big pupie|Dark Pulse|p2b: Sableye\n|-crit|p2b: Sableye\n|-damage|p2b: Sableye|26\/100\n|move|p2a: Landorus|Earthquake|p1b: big pupie|[spread] p2b,p1a,p1b\n|-supereffective|p1b: big pupie\n|-damage|p2b: Sableye|0 fnt\n|-damage|p1a: pupie|46\/100 tox\n|-damage|p1b: big pupie|14\/100\n|faint|p2b: Sableye\n|\n|-heal|p2a: Landorus|89\/100|[from] item: Leftovers\n|-damage|p1a: pupie|40\/100 tox|[from] psn\n|upkeep\n|turn|10\n|\n|t:|1697252252\n|move|p1a: pupie|Crunch|p2a: Landorus\n|-damage|p2a: Landorus|65\/100\n|-unboost|p2a: Landorus|def|1\n|move|p1b: big pupie|Dark Pulse|p2a: Landorus\n|-crit|p2a: Landorus\n|-damage|p2a: Landorus|18\/100\n|move|p2a: Landorus|Earthquake|p1b: big pupie|[spread] p1a,p1b\n|-supereffective|p1b: big pupie\n|-damage|p1a: pupie|5\/100 tox\n|-damage|p1b: big pupie|0 fnt\n|faint|p1b: big pupie\n|\n|-heal|p2a: Landorus|24\/100|[from] item: Leftovers\n|-damage|p1a: pupie|0 fnt|[from] psn\n|faint|p1a: pupie\n|\n|win|slow_riots_account\n|upkeep\n","uploadtime":1697252270,"views":13,"p1id":"jackienut","p2id":"slowriotsaccount","formatid":"gen9nationaldexdoubles","rating":0,"private":0,"password":""}