{"id":"gen9nationaldexdoubles-1954642441","p1":"kylieminogueate","p2":"crush2827","format":"[Gen 9] National Dex Doubles","log":"|j|\u2606kylieminogueate\n|j|\u2606crush2827\n|t:|1695915055\n|gametype|doubles\n|player|p1|kylieminogueate|winona|1152\n|player|p2|crush2827|marlon|1020\n|teamsize|p1|6\n|teamsize|p2|6\n|gen|9\n|tier|[Gen 9] National Dex Doubles\n|rated|\n|rule|HP Percentage Mod: HP is shown in percentages\n|rule|Endless Battle Clause: Forcing endless battles is banned\n|rule|OHKO Clause: OHKO moves are banned\n|rule|Evasion Moves Clause: Evasion moves are banned\n|rule|Evasion Abilities Clause: Evasion abilities are banned\n|rule|Species Clause: Limit one of each Pok\u00e9mon\n|rule|Gravity Sleep Clause: The combination of sleep-inducing moves with imperfect accuracy and Gravity or Gigantamax Orbeetle are banned\n|clearpoke\n|poke|p1|Alakazam, M|\n|poke|p1|Indeedee, M|\n|poke|p1|Tauros-Paldea-Aqua, M|\n|poke|p1|Meowscarada, F|\n|poke|p1|Noivern, M|\n|poke|p1|Toxtricity, F|\n|poke|p2|Dipplin, F|\n|poke|p2|Breloom, F|\n|poke|p2|Rillaboom, F|\n|poke|p2|Ogerpon-Hearthflame, F|\n|poke|p2|Sinistcha-Masterpiece|\n|poke|p2|Meowscarada, F|\n|teampreview\n|inactive|Battle timer is ON: inactive players will automatically lose when time's up. (requested by kylieminogueate)\n|\n|t:|1695915070\n|start\n|switch|p1a: Tauros|Tauros-Paldea-Aqua, M|100\/100\n|switch|p1b: Meowscarada|Meowscarada, F|100\/100\n|switch|p2a: Breloom|Breloom, F, shiny|100\/100\n|switch|p2b: Rillaboom|Rillaboom, F, shiny|100\/100\n|-fieldstart|move: Grassy Terrain|[from] ability: Grassy Surge|[of] p2b: Rillaboom\n|turn|1\n|\n|t:|1695915078\n|-terastallize|p1a: Tauros|Poison\n|move|p2b: Rillaboom|Fake Out|p1b: Meowscarada\n|-crit|p1b: Meowscarada\n|-damage|p1b: Meowscarada|68\/100\n|move|p1b: Meowscarada|Flower Trick|p1a: Tauros\n|-resisted|p1a: Tauros\n|-crit|p1a: Tauros\n|-damage|p1a: Tauros|78\/100\n|-setboost|p1a: Tauros|atk|6|[from] ability: Anger Point\n|move|p2a: Breloom|Spore|p1a: Tauros\n|-status|p1a: Tauros|slp|[from] move: Spore\n|cant|p1a: Tauros|slp\n|\n|-heal|p1b: Meowscarada|75\/100|[from] Grassy Terrain\n|-heal|p1a: Tauros|85\/100 slp|[from] Grassy Terrain\n|-status|p2a: Breloom|tox|[from] item: Toxic Orb\n|upkeep\n|turn|2\n|inactive|crush2827 has 120 seconds left.\n|\n|t:|1695915123\n|switch|p2a: Dipplin|Dipplin, F, shiny|100\/100\n|move|p1b: Meowscarada|Sucker Punch||[still]\n|-fail|p1b: Meowscarada\n|move|p2b: Rillaboom|Knock Off|p1b: Meowscarada\n|-resisted|p1b: Meowscarada\n|-damage|p1b: Meowscarada|47\/100\n|-enditem|p1b: Meowscarada|Covert Cloak|[from] move: Knock Off|[of] p2b: Rillaboom\n|cant|p1a: Tauros|slp\n|\n|-heal|p1b: Meowscarada|53\/100|[from] Grassy Terrain\n|-heal|p1a: Tauros|91\/100 slp|[from] Grassy Terrain\n|upkeep\n|turn|3\n|inactive|crush2827 has 120 seconds left.\n|\n|t:|1695915157\n|move|p1b: Meowscarada|Sucker Punch|p2b: Rillaboom\n|-damage|p2b: Rillaboom|62\/100\n|move|p2b: Rillaboom|Knock Off|p1a: Tauros\n|-damage|p1a: Tauros|67\/100 slp\n|-enditem|p1a: Tauros|Sitrus Berry|[from] move: Knock Off|[of] p2b: Rillaboom\n|-curestatus|p1a: Tauros|slp|[msg]\n|move|p1a: Tauros|Tera Blast|p2b: Rillaboom|[anim] Tera Blast Poison\n|-supereffective|p2b: Rillaboom\n|-damage|p2b: Rillaboom|0 fnt\n|faint|p2b: Rillaboom\n|move|p2a: Dipplin|Substitute|p2a: Dipplin\n|-start|p2a: Dipplin|Substitute\n|-damage|p2a: Dipplin|76\/100\n|\n|-heal|p1b: Meowscarada|59\/100|[from] Grassy Terrain\n|-heal|p1a: Tauros|74\/100|[from] Grassy Terrain\n|-heal|p2a: Dipplin|82\/100|[from] Grassy Terrain\n|upkeep\n|\n|t:|1695915177\n|switch|p2b: Meowscarada|Meowscarada, F, shiny|100\/100\n|turn|4\n|\n|t:|1695915194\n|move|p1b: Meowscarada|U-turn|p2a: Dipplin\n|-supereffective|p2a: Dipplin\n|-end|p2a: Dipplin|Substitute\n|\n|t:|1695915197\n|switch|p1b: Noivern|Noivern, M|100\/100|[from] U-turn\n|move|p2b: Meowscarada|Spikes|p1b: Noivern\n|-sidestart|p1: kylieminogueate|Spikes\n|move|p1a: Tauros|Tera Blast|p2b: Meowscarada|[anim] Tera Blast Poison\n|-supereffective|p2b: Meowscarada\n|-enditem|p2b: Meowscarada|Focus Sash\n|-damage|p2b: Meowscarada|1\/100\n|move|p2a: Dipplin|Dragon Pulse|p1b: Noivern\n|-supereffective|p1b: Noivern\n|-damage|p1b: Noivern|6\/100\n|\n|-heal|p2b: Meowscarada|7\/100|[from] Grassy Terrain\n|-heal|p1a: Tauros|80\/100|[from] Grassy Terrain\n|-heal|p2a: Dipplin|88\/100|[from] Grassy Terrain\n|upkeep\n|turn|5\n|inactive|crush2827 has 120 seconds left.\n|\n|t:|1695915215\n|move|p2b: Meowscarada|Leaf Storm|p1a: Tauros\n|-resisted|p1a: Tauros\n|-damage|p1a: Tauros|22\/100\n|-unboost|p2b: Meowscarada|spa|2\n|move|p1b: Noivern|Tailwind|p1b: Noivern\n|-sidestart|p1: kylieminogueate|move: Tailwind\n|move|p1a: Tauros|Tera Blast|p2a: Dipplin|[anim] Tera Blast Poison\n|-supereffective|p2a: Dipplin\n|-damage|p2a: Dipplin|0 fnt\n|faint|p2a: Dipplin\n|\n|-heal|p1a: Tauros|28\/100|[from] Grassy Terrain\n|-heal|p2b: Meowscarada|13\/100|[from] Grassy Terrain\n|-fieldend|move: Grassy Terrain\n|upkeep\n|inactive|crush2827 has 120 seconds left.\n|\n|t:|1695915221\n|switch|p2a: Breloom|Breloom, F, shiny|100\/100 tox\n|turn|6\n|\n|t:|1695915233\n|move|p2a: Breloom|Mach Punch|p1b: Noivern\n|-resisted|p1b: Noivern\n|-damage|p1b: Noivern|0 fnt\n|faint|p1b: Noivern\n|move|p1a: Tauros|Tera Blast|p2a: Breloom|[anim] Tera Blast Poison\n|-supereffective|p2a: Breloom\n|-damage|p2a: Breloom|0 fnt\n|faint|p2a: Breloom\n|move|p2b: Meowscarada|Leaf Storm|p1a: Tauros\n|-resisted|p1a: Tauros\n|-damage|p1a: Tauros|3\/100\n|-unboost|p2b: Meowscarada|spa|2\n|\n|upkeep\n|\n|t:|1695915244\n|switch|p1b: Meowscarada|Meowscarada, F|59\/100\n|switch|p2a: Ogerpon|Ogerpon-Hearthflame, F|100\/100\n|-damage|p1b: Meowscarada|47\/100|[from] Spikes\n|-ability|p2a: Ogerpon|Mold Breaker\n|turn|7\n|\n|t:|1695915265\n|move|p1b: Meowscarada|Sucker Punch|p2b: Meowscarada\n|-resisted|p2b: Meowscarada\n|-damage|p2b: Meowscarada|0 fnt\n|faint|p2b: Meowscarada\n|move|p1a: Tauros|Aqua Jet|p2a: Ogerpon\n|-damage|p2a: Ogerpon|17\/100\n|move|p2a: Ogerpon|U-turn|p1b: Meowscarada\n|-supereffective|p1b: Meowscarada\n|-damage|p1b: Meowscarada|0 fnt\n|faint|p1b: Meowscarada\n|\n|t:|1695915268\n|switch|p2a: Sinistcha|Sinistcha-Masterpiece, shiny|100\/100|[from] U-turn\n|\n|upkeep\n|\n|t:|1695915277\n|switch|p1b: Toxtricity|Toxtricity, F|100\/100\n|switch|p2b: Ogerpon|Ogerpon-Hearthflame, F|17\/100\n|-damage|p1b: Toxtricity|88\/100|[from] Spikes\n|-ability|p2b: Ogerpon|Mold Breaker\n|turn|8\n|\n|t:|1695915289\n|move|p1a: Tauros|Aqua Jet|p2b: Ogerpon\n|-damage|p2b: Ogerpon|0 fnt\n|faint|p2b: Ogerpon\n|move|p1b: Toxtricity|Hex|p2a: Sinistcha\n|-supereffective|p2a: Sinistcha\n|-damage|p2a: Sinistcha|51\/100\n|move|p2a: Sinistcha|Matcha Gotcha|p1b: Toxtricity|[spread] p1b\n|-miss|p2a: Sinistcha|p1a: Tauros\n|-resisted|p1b: Toxtricity\n|-damage|p1b: Toxtricity|72\/100\n|-heal|p2a: Sinistcha|60\/100|[from] drain|[of] p1b: Toxtricity\n|\n|-heal|p2a: Sinistcha|66\/100|[from] item: Leftovers\n|-sideend|p1: kylieminogueate|move: Tailwind\n|upkeep\n|turn|9\n|\n|t:|1695915311\n|move|p1a: Tauros|Tera Blast|p2a: Sinistcha|[anim] Tera Blast Poison\n|-damage|p2a: Sinistcha|0 fnt\n|faint|p2a: Sinistcha\n|\n|win|kylieminogueate\n|raw|kylieminogueate's rating: 1152 &rarr; <strong>1168<\/strong><br \/>(+16 for winning)\n|raw|crush2827's rating: 1020 &rarr; <strong>1012<\/strong><br \/>(-8 for losing)\n|l|\u2606crush2827\n","uploadtime":1695915322,"views":12,"p1id":"kylieminogueate","p2id":"crush2827","formatid":"gen9nationaldexdoubles","rating":1012,"private":0,"password":""}