{"id":"gen9nationaldexdoubles-1987630626","p1":"Zzinstertea","p2":"jfucca","format":"[Gen 9] National Dex Doubles","log":"|j|\u2606Zzinstertea\n|j|\u2606jfucca\n|t:|1699621777\n|gametype|doubles\n|player|p1|Zzinstertea|cynthia-gen4|\n|player|p2|jfucca|lance|\n|teamsize|p1|6\n|teamsize|p2|6\n|gen|9\n|tier|[Gen 9] National Dex Doubles\n|rule|HP Percentage Mod: HP is shown in percentages\n|rule|Endless Battle Clause: Forcing endless battles is banned\n|rule|OHKO Clause: OHKO moves are banned\n|rule|Evasion Moves Clause: Evasion moves are banned\n|rule|Evasion Abilities Clause: Evasion abilities are banned\n|rule|Species Clause: Limit one of each Pok\u00e9mon\n|rule|Gravity Sleep Clause: The combination of sleep-inducing moves with imperfect accuracy and Gravity or Gigantamax Orbeetle are banned\n|clearpoke\n|poke|p1|Urshifu-*, M|\n|poke|p1|Amoonguss, F|\n|poke|p1|Tornadus, M|\n|poke|p1|Clefable, F|\n|poke|p1|Gholdengo|\n|poke|p1|Krookodile, F|\n|poke|p2|Chien-Pao|\n|poke|p2|Metagross|\n|poke|p2|Hitmontop, M|\n|poke|p2|Flygon, M|\n|poke|p2|Rotom-Wash|\n|poke|p2|Munkidori, M|\n|teampreview\n|inactive|Battle timer is ON: inactive players will automatically lose when time's up. (requested by Zzinstertea)\n|c|\u2606jfucca|glhf\n|inactiveoff|Battle timer is now OFF.\n|c|\u2606Zzinstertea|uhh\n|c|\u2606Zzinstertea|ill take tim\n|c|\u2606Zzinstertea|to move\n|c|\u2606jfucca|all g\n|c|\u2606jfucca|im not in a rush we good\n|c|\u2606Zzinstertea|oki\n|\n|t:|1699621879\n|start\n|switch|p1a: in the morning|Urshifu-Rapid-Strike, M|100\/100\n|switch|p1b: the bag|Tornadus, M|100\/100\n|switch|p2a: Hitmontop|Hitmontop, M|100\/100\n|switch|p2b: Metagross|Metagross|100\/100\n|-ability|p2a: Hitmontop|Intimidate|boost\n|-unboost|p1a: in the morning|atk|1\n|-unboost|p1b: the bag|atk|1\n|turn|1\n|\n|t:|1699621916\n|detailschange|p2b: Metagross|Metagross-Mega\n|-mega|p2b: Metagross|Metagross|Metagrossite\n|move|p2a: Hitmontop|Fake Out|p1b: the bag\n|-damage|p1b: the bag|92\/100\n|move|p2b: Metagross|Zen Headbutt|p1a: in the morning\n|-supereffective|p1a: in the morning\n|-damage|p1a: in the morning|0 fnt\n|faint|p1a: in the morning\n|cant|p1b: the bag|flinch\n|\n|upkeep\n|\n|t:|1699621923\n|switch|p1a: funny|Gholdengo|100\/100\n|turn|2\n|\n|t:|1699621947\n|switch|p2b: Rotom|Rotom-Wash|100\/100\n|-terastallize|p1a: funny|Ghost\n|move|p1b: the bag|Tailwind|p1b: the bag\n|-sidestart|p1: Zzinstertea|move: Tailwind\n|move|p1a: funny|Shadow Ball|p2b: Rotom\n|-damage|p2b: Rotom|22\/100\n|-damage|p1a: funny|91\/100|[from] item: Life Orb\n|move|p2a: Hitmontop|Toxic|p1b: the bag\n|-status|p1b: the bag|tox\n|\n|-damage|p1b: the bag|86\/100 tox|[from] psn\n|upkeep\n|turn|3\n|\n|t:|1699621965\n|move|p1b: the bag|Taunt|p2a: Hitmontop\n|-start|p2a: Hitmontop|move: Taunt\n|move|p1a: funny|Shadow Ball|p2b: Rotom\n|-damage|p2b: Rotom|0 fnt\n|faint|p2b: Rotom\n|-damage|p1a: funny|81\/100|[from] item: Life Orb\n|cant|p2a: Hitmontop|move: Taunt|Toxic\n|\n|-damage|p1b: the bag|74\/100 tox|[from] psn\n|upkeep\n|\n|t:|1699621983\n|switch|p2b: Metagross|Metagross-Mega|100\/100\n|turn|4\n|\n|t:|1699621991\n|switch|p2a: Chien-Pao|Chien-Pao|100\/100\n|-ability|p2a: Chien-Pao|Sword of Ruin\n|move|p1b: the bag|Protect|p1b: the bag\n|-singleturn|p1b: the bag|Protect\n|move|p1a: funny|Shadow Ball|p2b: Metagross\n|-supereffective|p2b: Metagross\n|-damage|p2b: Metagross|0 fnt\n|faint|p2b: Metagross\n|-damage|p1a: funny|71\/100|[from] item: Life Orb\n|\n|-damage|p1b: the bag|56\/100 tox|[from] psn\n|upkeep\n|\n|t:|1699622005\n|switch|p2b: Hitmontop|Hitmontop, M|100\/100\n|-ability|p2b: Hitmontop|Intimidate|boost\n|-unboost|p1a: funny|atk|1\n|-unboost|p1b: the bag|atk|1\n|turn|5\n|\n|t:|1699622020\n|switch|p1b: answered|Clefable, F|100\/100\n|move|p2a: Chien-Pao|Ice Shard|p1b: answered\n|-damage|p1b: answered|56\/100\n|-damage|p2a: Chien-Pao|91\/100|[from] item: Life Orb\n|move|p1a: funny|Make It Rain|p2a: Chien-Pao|[spread] p2a,p2b\n|-supereffective|p2a: Chien-Pao\n|-damage|p2a: Chien-Pao|0 fnt\n|-damage|p2b: Hitmontop|31\/100\n|-unboost|p1a: funny|spa|1\n|faint|p2a: Chien-Pao\n|-damage|p1a: funny|61\/100|[from] item: Life Orb\n|move|p2b: Hitmontop|Coaching|p2: Chien-Pao|[notarget]\n|-fail|p2b: Hitmontop\n|\n|-heal|p1b: answered|62\/100|[from] item: Leftovers\n|-heal|p2b: Hitmontop|37\/100|[from] item: Leftovers\n|-sideend|p1: Zzinstertea|move: Tailwind\n|upkeep\n|\n|t:|1699622041\n|switch|p2a: Munkidori|Munkidori, M|100\/100\n|turn|6\n|\n|t:|1699622068\n|switch|p1a: in particular|Krookodile, F|100\/100\n|-ability|p1a: in particular|Intimidate|boost\n|-unboost|p2a: Munkidori|atk|1\n|-unboost|p2b: Hitmontop|atk|1\n|switch|p1b: he complained|Amoonguss, F|100\/100\n|move|p2a: Munkidori|Sludge Wave|p1b: he complained|[spread] p2b,p1a,p1b\n|-resisted|p1a: in particular\n|-damage|p2b: Hitmontop|0 fnt\n|-damage|p1a: in particular|77\/100\n|-damage|p1b: he complained|67\/100\n|faint|p2b: Hitmontop\n|\n|upkeep\n|\n|t:|1699622079\n|switch|p2b: Flygon|Flygon, M|100\/100\n|turn|7\n|\n|t:|1699622088\n|move|p1b: he complained|Rage Powder|p1b: he complained\n|-singleturn|p1b: he complained|move: Rage Powder\n|move|p1a: in particular|High Horsepower|p2a: Munkidori\n|-supereffective|p2a: Munkidori\n|-damage|p2a: Munkidori|0 fnt\n|faint|p2a: Munkidori\n|move|p2b: Flygon|Dragon Dance|p2b: Flygon\n|-boost|p2b: Flygon|atk|1\n|-boost|p2b: Flygon|spe|1\n|\n|upkeep\n|turn|8\n|\n|t:|1699622109\n|switch|p1a: answered|Clefable, F|62\/100\n|move|p2b: Flygon|Earthquake|p1b: he complained|[spread] p1a,p1b\n|-damage|p1a: answered|10\/100\n|-damage|p1b: he complained|33\/100\n|move|p1b: he complained|Spore|p2b: Flygon\n|-status|p2b: Flygon|slp|[from] move: Spore\n|\n|-heal|p1a: answered|16\/100|[from] item: Leftovers\n|upkeep\n|turn|9\n|\n|t:|1699622122\n|-terastallize|p2b: Flygon|Steel\n|cant|p2b: Flygon|slp\n|move|p1a: answered|Dazzling Gleam|p2b: Flygon\n|-resisted|p2b: Flygon\n|-crit|p2b: Flygon\n|-damage|p2b: Flygon|74\/100 slp\n|move|p1b: he complained|Energy Ball|p2b: Flygon\n|-resisted|p2b: Flygon\n|-crit|p2b: Flygon\n|-damage|p2b: Flygon|47\/100 slp\n|\n|-heal|p1a: answered|22\/100|[from] item: Leftovers\n|upkeep\n|turn|10\n|\n|t:|1699622129\n|cant|p2b: Flygon|slp\n|move|p1a: answered|Dazzling Gleam|p2b: Flygon\n|-resisted|p2b: Flygon\n|-damage|p2b: Flygon|30\/100 slp\n|move|p1b: he complained|Energy Ball|p2b: Flygon\n|-resisted|p2b: Flygon\n|-damage|p2b: Flygon|11\/100 slp\n|\n|-heal|p1a: answered|28\/100|[from] item: Leftovers\n|upkeep\n|turn|11\n|\n|t:|1699622140\n|switch|p1a: the bag|Tornadus, M|56\/100 tox\n|-curestatus|p2b: Flygon|slp|[msg]\n|move|p2b: Flygon|Earthquake|p1b: he complained|[spread] p1b\n|-immune|p1a: the bag\n|-damage|p1b: he complained|0 fnt\n|faint|p1b: he complained\n|\n|-damage|p1a: the bag|50\/100 tox|[from] psn\n|upkeep\n|\n|t:|1699622149\n|switch|p1b: in particular|Krookodile, F|77\/100\n|-ability|p1b: in particular|Intimidate|boost\n|-fail|p2b: Flygon|unboost|[from] item: Clear Amulet|[of] p2b: Flygon\n|turn|12\n|\n|t:|1699622154\n|move|p1a: the bag|Tailwind|p1a: the bag\n|-sidestart|p1: Zzinstertea|move: Tailwind\n|move|p1b: in particular|High Horsepower|p2b: Flygon\n|-immune|p2b: Flygon|[from] ability: Levitate\n|move|p2b: Flygon|Rock Slide|p1b: in particular|[spread] p1a,p1b\n|-supereffective|p1a: the bag\n|-resisted|p1b: in particular\n|-damage|p1a: the bag|9\/100 tox\n|-damage|p1b: in particular|62\/100\n|\n|-damage|p1a: the bag|0 fnt|[from] psn\n|faint|p1a: the bag\n|upkeep\n|\n|t:|1699622160\n|switch|p1a: funny|Gholdengo, tera:Ghost|61\/100\n|turn|13\n|\n|t:|1699622167\n|switch|p1b: answered|Clefable, F|28\/100\n|move|p1a: funny|Shadow Ball|p2b: Flygon\n|-damage|p2b: Flygon|0 fnt\n|faint|p2b: Flygon\n|-damage|p1a: funny|51\/100|[from] item: Life Orb\n|\n|win|Zzinstertea\n|c|\u2606Zzinstertea|gg\n|c|\u2606jfucca|gg\n","uploadtime":1699622176,"views":26,"p1id":"zzinstertea","p2id":"jfucca","formatid":"gen9nationaldexdoubles","rating":0,"private":0,"password":""}