{"id":"gen9nationaldexdoubles-1974809776","p1":"lemonjohn","p2":"Ascension700","format":"[Gen 9] National Dex Doubles","log":"|j|\u2606lemonjohn\n|j|\u2606Ascension700\n|t:|1698128113\n|gametype|doubles\n|player|p1|lemonjohn|caitlin|1362\n|player|p2|Ascension700|grimsley|1222\n|teamsize|p1|6\n|teamsize|p2|6\n|gen|9\n|tier|[Gen 9] National Dex Doubles\n|rated|\n|rule|HP Percentage Mod: HP is shown in percentages\n|rule|Endless Battle Clause: Forcing endless battles is banned\n|rule|OHKO Clause: OHKO moves are banned\n|rule|Evasion Moves Clause: Evasion moves are banned\n|rule|Evasion Abilities Clause: Evasion abilities are banned\n|rule|Species Clause: Limit one of each Pok\u00e9mon\n|rule|Gravity Sleep Clause: The combination of sleep-inducing moves with imperfect accuracy and Gravity or Gigantamax Orbeetle are banned\n|clearpoke\n|poke|p1|Venusaur, F|\n|poke|p1|Torkoal, M|\n|poke|p1|Walking Wake|\n|poke|p1|Whimsicott, F|\n|poke|p1|Hitmontop, M|\n|poke|p1|Flygon, M|\n|poke|p2|Greninja-*, M|\n|poke|p2|Malamar, F|\n|poke|p2|Incineroar, M|\n|poke|p2|Shiftry, F|\n|poke|p2|Murkrow, F|\n|poke|p2|Grimmsnarl, M|\n|teampreview\n|inactive|Battle timer is ON: inactive players will automatically lose when time's up. (requested by lemonjohn)\n|\n|t:|1698128132\n|start\n|switch|p1a: Torkoal|Torkoal, M, shiny|100\/100\n|switch|p1b: Venusaur|Venusaur, F, shiny|100\/100\n|switch|p2a: Malamar|Malamar, F|100\/100\n|switch|p2b: Grimmsnarl|Grimmsnarl, M|100\/100\n|-weather|SunnyDay|[from] ability: Drought|[of] p1a: Torkoal\n|turn|1\n|\n|t:|1698128154\n|move|p2a: Malamar|Protect|p2a: Malamar\n|-singleturn|p2a: Malamar|Protect\n|move|p2b: Grimmsnarl|Light Screen|p2b: Grimmsnarl\n|-sidestart|p2: Ascension700|move: Light Screen\n|move|p1b: Venusaur|Sleep Powder|p2a: Malamar\n|-activate|p2a: Malamar|move: Protect\n|move|p1a: Torkoal|Eruption|p2b: Grimmsnarl|[spread] p2b\n|-activate|p2a: Malamar|move: Protect\n|-damage|p2b: Grimmsnarl|57\/100\n|\n|-weather|SunnyDay|[upkeep]\n|upkeep\n|turn|2\n|\n|t:|1698128173\n|move|p2b: Grimmsnarl|Fake Tears|p2a: Malamar\n|-boost|p2a: Malamar|spd|2\n|move|p1b: Venusaur|Sleep Powder|p2a: Malamar\n|-status|p2a: Malamar|slp|[from] move: Sleep Powder\n|cant|p2a: Malamar|slp\n|move|p1a: Torkoal|Eruption|p2b: Grimmsnarl|[spread] p2a,p2b\n|-damage|p2a: Malamar|68\/100 slp\n|-damage|p2b: Grimmsnarl|12\/100\n|\n|-weather|SunnyDay|[upkeep]\n|-heal|p2a: Malamar|74\/100 slp|[from] item: Leftovers\n|upkeep\n|turn|3\n|inactive|lemonjohn has 120 seconds left.\n|inactive|lemonjohn has 90 seconds left.\n|\n|t:|1698128234\n|move|p2b: Grimmsnarl|Fake Tears|p2a: Malamar\n|-boost|p2a: Malamar|spd|2\n|move|p1b: Venusaur|Sludge Bomb|p2b: Grimmsnarl\n|-supereffective|p2b: Grimmsnarl\n|-damage|p2b: Grimmsnarl|0 fnt\n|faint|p2b: Grimmsnarl\n|-damage|p1b: Venusaur|91\/100|[from] item: Life Orb\n|cant|p2a: Malamar|slp\n|move|p1a: Torkoal|Eruption|p2a: Malamar\n|-damage|p2a: Malamar|47\/100 slp\n|\n|-weather|SunnyDay|[upkeep]\n|-heal|p2a: Malamar|53\/100 slp|[from] item: Leftovers\n|upkeep\n|\n|t:|1698128246\n|switch|p2b: Incineroar|Incineroar, M|100\/100\n|-ability|p2b: Incineroar|Intimidate|boost\n|-unboost|p1a: Torkoal|atk|1\n|-unboost|p1b: Venusaur|atk|1\n|turn|4\n|\n|t:|1698128261\n|move|p2b: Incineroar|Fake Out|p1a: Torkoal\n|-damage|p1a: Torkoal|90\/100\n|move|p1b: Venusaur|Sleep Powder|p2b: Incineroar\n|-status|p2b: Incineroar|slp|[from] move: Sleep Powder\n|cant|p2a: Malamar|slp\n|cant|p1a: Torkoal|flinch\n|\n|-weather|SunnyDay|[upkeep]\n|-heal|p2a: Malamar|59\/100 slp|[from] item: Leftovers\n|upkeep\n|turn|5\n|inactive|lemonjohn has 120 seconds left.\n|inactive|lemonjohn has 90 seconds left.\n|\n|t:|1698128307\n|switch|p2b: Murkrow|Murkrow, F|100\/100\n|-curestatus|p2a: Malamar|slp|[msg]\n|move|p2a: Malamar|Protect|p2a: Malamar\n|-singleturn|p2a: Malamar|Protect\n|move|p1b: Venusaur|Sludge Bomb|p2a: Malamar\n|-activate|p2a: Malamar|move: Protect\n|move|p1a: Torkoal|Earth Power|p2b: Murkrow\n|-immune|p2b: Murkrow\n|\n|-weather|none\n|-heal|p2a: Malamar|65\/100|[from] item: Leftovers\n|upkeep\n|turn|6\n|\n|t:|1698128332\n|move|p2b: Murkrow|Scary Face|p2a: Malamar\n|-boost|p2a: Malamar|spe|2\n|move|p2a: Malamar|Knock Off|p1b: Venusaur\n|-damage|p1b: Venusaur|48\/100\n|-enditem|p1b: Venusaur|Life Orb|[from] move: Knock Off|[of] p2a: Malamar\n|move|p1b: Venusaur|Sleep Powder|p2a: Malamar\n|-status|p2a: Malamar|slp|[from] move: Sleep Powder\n|move|p1a: Torkoal|Eruption|p2a: Malamar|[spread] p2a,p2b\n|-damage|p2a: Malamar|52\/100 slp\n|-damage|p2b: Murkrow|70\/100\n|\n|-heal|p2a: Malamar|58\/100 slp|[from] item: Leftovers\n|upkeep\n|turn|7\n|inactive|lemonjohn has 120 seconds left.\n|\n|t:|1698128345\n|switch|p1a: Whimsicott|Whimsicott, F, shiny|100\/100\n|cant|p2a: Malamar|slp\n|move|p2b: Murkrow|Feather Dance|p2a: Malamar\n|-boost|p2a: Malamar|atk|2\n|move|p1b: Venusaur|Sludge Bomb|p2a: Malamar\n|-damage|p2a: Malamar|47\/100 slp\n|\n|-heal|p2a: Malamar|53\/100 slp|[from] item: Leftovers\n|upkeep\n|turn|8\n|j| andretsai0706\n|\n|t:|1698128365\n|switch|p1a: Torkoal|Torkoal, M, shiny|90\/100\n|-weather|SunnyDay|[from] ability: Drought|[of] p1a: Torkoal\n|-terastallize|p2a: Malamar|Poison\n|move|p2b: Murkrow|Tailwind|p2b: Murkrow\n|-sidestart|p2: Ascension700|move: Tailwind\n|-curestatus|p2a: Malamar|slp|[msg]\n|move|p2a: Malamar|Superpower|p1b: Venusaur\n|-resisted|p1b: Venusaur\n|-damage|p1b: Venusaur|16\/100\n|-boost|p2a: Malamar|atk|1\n|-boost|p2a: Malamar|def|1\n|move|p1b: Venusaur|Sludge Bomb|p2a: Malamar\n|-resisted|p2a: Malamar\n|-damage|p2a: Malamar|47\/100\n|\n|-weather|SunnyDay|[upkeep]\n|-heal|p2a: Malamar|53\/100|[from] item: Leftovers\n|-sideend|p2: Ascension700|move: Light Screen\n|upkeep\n|turn|9\n|\n|t:|1698128386\n|move|p2b: Murkrow|Scary Face|p2a: Malamar\n|-boost|p2a: Malamar|spe|2\n|move|p2a: Malamar|Superpower|p1b: Venusaur\n|-resisted|p1b: Venusaur\n|-damage|p1b: Venusaur|0 fnt\n|-boost|p2a: Malamar|atk|1\n|-boost|p2a: Malamar|def|1\n|faint|p1b: Venusaur\n|move|p1a: Torkoal|Eruption|p2b: Murkrow|[spread] p2a,p2b\n|-damage|p2a: Malamar|25\/100\n|-damage|p2b: Murkrow|2\/100\n|\n|-weather|SunnyDay|[upkeep]\n|-heal|p2a: Malamar|31\/100|[from] item: Leftovers\n|upkeep\n|\n|t:|1698128392\n|switch|p1b: Hitmontop|Hitmontop, M, shiny|100\/100\n|-ability|p1b: Hitmontop|Intimidate|boost\n|-boost|p2a: Malamar|atk|1\n|-unboost|p2b: Murkrow|atk|1\n|turn|10\n|\n|t:|1698128399\n|switch|p2b: Incineroar|Incineroar, M|100\/100 slp\n|-ability|p2b: Incineroar|Intimidate|boost\n|-unboost|p1a: Torkoal|atk|1\n|-unboost|p1b: Hitmontop|atk|1\n|move|p1b: Hitmontop|Fake Out|p2a: Malamar\n|-damage|p2a: Malamar|29\/100\n|cant|p2a: Malamar|flinch\n|move|p1a: Torkoal|Eruption|p2b: Incineroar|[spread] p2a,p2b\n|-resisted|p2b: Incineroar\n|-damage|p2a: Malamar|0 fnt\n|-damage|p2b: Incineroar|67\/100 slp\n|faint|p2a: Malamar\n|\n|-weather|SunnyDay|[upkeep]\n|upkeep\n|\n|t:|1698128408\n|switch|p2a: Shiftry|Shiftry, F|100\/100\n|-ability|p2a: Shiftry|Wind Rider|boost\n|-boost|p2a: Shiftry|atk|1\n|turn|11\n|\n|t:|1698128421\n|switch|p2b: Murkrow|Murkrow, F|2\/100\n|move|p2a: Shiftry|Explosion|p1a: Torkoal|[spread] p2b,p1a,p1b\n|-damage|p2b: Murkrow|0 fnt\n|-damage|p1a: Torkoal|11\/100\n|-damage|p1b: Hitmontop|0 fnt\n|faint|p2a: Shiftry\n|faint|p2b: Murkrow\n|faint|p1b: Hitmontop\n|move|p1a: Torkoal|Eruption|p2: Shiftry|[notarget]\n|-fail|p1a: Torkoal\n|\n|-weather|SunnyDay|[upkeep]\n|-sideend|p2: Ascension700|move: Tailwind\n|upkeep\n|\n|t:|1698128429\n|switch|p2a: Incineroar|Incineroar, M|67\/100 slp\n|switch|p2b: Greninja|Greninja, M|100\/100\n|switch|p1b: Walking Wake|Walking Wake|100\/100\n|-activate|p1b: Walking Wake|ability: Protosynthesis\n|-start|p1b: Walking Wake|protosynthesisspa\n|-ability|p2a: Incineroar|Intimidate|boost\n|-unboost|p1a: Torkoal|atk|1\n|-unboost|p1b: Walking Wake|atk|1\n|-enditem|p1b: Walking Wake|White Herb\n|-clearnegativeboost|p1b: Walking Wake|[silent]\n|turn|12\n|-message|Ascension700 forfeited.\n|\n|win|lemonjohn\n|raw|lemonjohn's rating: 1362 &rarr; <strong>1374<\/strong><br \/>(+12 for winning)\n|raw|Ascension700's rating: 1222 &rarr; <strong>1207<\/strong><br \/>(-15 for losing)\n|l|\u2606Ascension700\n","uploadtime":1698128436,"views":13,"p1id":"lemonjohn","p2id":"ascension700","formatid":"gen9nationaldexdoubles","rating":1207,"private":0,"password":""}