{"id":"gen9nationaldexdoubles-1978841477","p1":"Pint Sized Kiwi","p2":"FuniPlagueMan","format":"[Gen 9] National Dex Doubles","log":"|j|\u2606Pint Sized Kiwi\n|j|\u2606FuniPlagueMan\n|t:|1698601559\n|gametype|doubles\n|player|p1|Pint Sized Kiwi|fisherman|1000\n|player|p2|FuniPlagueMan|roxie|1037\n|teamsize|p1|6\n|teamsize|p2|6\n|gen|9\n|tier|[Gen 9] National Dex Doubles\n|rated|\n|rule|HP Percentage Mod: HP is shown in percentages\n|rule|Endless Battle Clause: Forcing endless battles is banned\n|rule|OHKO Clause: OHKO moves are banned\n|rule|Evasion Moves Clause: Evasion moves are banned\n|rule|Evasion Abilities Clause: Evasion abilities are banned\n|rule|Species Clause: Limit one of each Pok\u00e9mon\n|rule|Gravity Sleep Clause: The combination of sleep-inducing moves with imperfect accuracy and Gravity or Gigantamax Orbeetle are banned\n|clearpoke\n|poke|p1|Goodra, M|\n|poke|p1|Porygon-Z|\n|poke|p1|Sudowoodo, M|\n|poke|p1|Umbreon, F|\n|poke|p1|Carnivine, F|\n|poke|p1|Lycanroc, F|\n|poke|p2|Smeargle, F|\n|poke|p2|Clefable, M|\n|poke|p2|Lilligant-Hisui, F|\n|poke|p2|Volcarona, M|\n|poke|p2|Oricorio-Sensu, M|\n|poke|p2|Iron Moth|\n|teampreview\n|inactive|Battle timer is ON: inactive players will automatically lose when time's up. (requested by FuniPlagueMan)\n|\n|t:|1698601584\n|start\n|switch|p1a: Drake|Goodra, M|100\/100\n|switch|p1b: Mathew|Sudowoodo, M|100\/100\n|switch|p2a: Oricorio|Oricorio-Sensu, M, shiny|100\/100\n|switch|p2b: Volcarona|Volcarona, M|100\/100\n|turn|1\n|\n|t:|1698601604\n|-terastallize|p2a: Oricorio|Ground\n|move|p2b: Volcarona|Quiver Dance|p2b: Volcarona\n|-boost|p2b: Volcarona|spa|1\n|-boost|p2b: Volcarona|spd|1\n|-boost|p2b: Volcarona|spe|1\n|-activate|p2a: Oricorio|ability: Dancer\n|move|p2a: Oricorio|Quiver Dance|p2a: Oricorio|[from]ability: Dancer\n|-boost|p2a: Oricorio|spa|1\n|-boost|p2a: Oricorio|spd|1\n|-boost|p2a: Oricorio|spe|1\n|move|p2a: Oricorio|Revelation Dance|p1b: Mathew\n|-supereffective|p1b: Mathew\n|-damage|p1b: Mathew|0 fnt\n|faint|p1b: Mathew\n|move|p1a: Drake|Rain Dance|p1a: Drake\n|-weather|RainDance\n|\n|-weather|RainDance|[upkeep]\n|upkeep\n|\n|t:|1698601621\n|switch|p1b: Opal|Lycanroc, F|100\/100\n|turn|2\n|\n|t:|1698601630\n|move|p2b: Volcarona|Quiver Dance|p2b: Volcarona\n|-boost|p2b: Volcarona|spa|1\n|-boost|p2b: Volcarona|spd|1\n|-boost|p2b: Volcarona|spe|1\n|-activate|p2a: Oricorio|ability: Dancer\n|move|p2a: Oricorio|Quiver Dance|p2a: Oricorio|[from]ability: Dancer\n|-boost|p2a: Oricorio|spa|1\n|-boost|p2a: Oricorio|spd|1\n|-boost|p2a: Oricorio|spe|1\n|move|p2a: Oricorio|Revelation Dance|p1b: Opal\n|-supereffective|p1b: Opal\n|-damage|p1b: Opal|0 fnt\n|faint|p1b: Opal\n|move|p1a: Drake|Hydro Pump|p2b: Volcarona|[miss]\n|-miss|p1a: Drake|p2b: Volcarona\n|\n|-weather|RainDance|[upkeep]\n|upkeep\n|\n|t:|1698601643\n|switch|p1b: Vari|Porygon-Z|100\/100\n|turn|3\n|\n|t:|1698601654\n|move|p2b: Volcarona|Fiery Dance|p1b: Vari\n|-damage|p1b: Vari|47\/100\n|-activate|p2a: Oricorio|ability: Dancer\n|move|p2a: Oricorio|Fiery Dance|p1b: Vari|[from]ability: Dancer\n|-damage|p1b: Vari|21\/100\n|move|p2a: Oricorio|Revelation Dance|p1b: Vari\n|-damage|p1b: Vari|0 fnt\n|faint|p1b: Vari\n|move|p1a: Drake|Hydro Pump|p2b: Volcarona\n|-supereffective|p2b: Volcarona\n|-crit|p2b: Volcarona\n|-damage|p2b: Volcarona|0 fnt\n|faint|p2b: Volcarona\n|\n|-weather|RainDance|[upkeep]\n|upkeep\n|\n|t:|1698601676\n|switch|p2b: Iron Moth|Iron Moth|100\/100\n|switch|p1b: Seymour|Carnivine, F|100\/100\n|-enditem|p2b: Iron Moth|Booster Energy\n|-activate|p2b: Iron Moth|ability: Quark Drive|[fromitem]\n|-start|p2b: Iron Moth|quarkdrivespa\n|turn|4\n|\n|t:|1698601695\n|move|p2a: Oricorio|Revelation Dance|p1a: Drake\n|-damage|p1a: Drake|46\/100\n|move|p2b: Iron Moth|Fiery Dance|p1b: Seymour\n|-supereffective|p1b: Seymour\n|-damage|p1b: Seymour|24\/100\n|-activate|p2a: Oricorio|ability: Dancer\n|move|p2a: Oricorio|Fiery Dance|p1b: Seymour|[from]ability: Dancer\n|-supereffective|p1b: Seymour\n|-damage|p1b: Seymour|0 fnt\n|-boost|p2a: Oricorio|spa|1\n|faint|p1b: Seymour\n|move|p1a: Drake|Hydro Pump|p2b: Iron Moth\n|-supereffective|p2b: Iron Moth\n|-damage|p2b: Iron Moth|1\/100\n|\n|-weather|RainDance|[upkeep]\n|-heal|p1a: Drake|53\/100|[from] item: Leftovers\n|upkeep\n|\n|t:|1698601712\n|switch|p1b: Casper|Umbreon, F, shiny|100\/100\n|turn|5\n|\n|t:|1698601728\n|move|p2a: Oricorio|Revelation Dance|p1b: Casper\n|-damage|p1b: Casper|10\/100\n|move|p2b: Iron Moth|Fiery Dance|p1b: Casper\n|-damage|p1b: Casper|0 fnt\n|faint|p1b: Casper\n|-activate|p2a: Oricorio|ability: Dancer\n|move|p2a: Oricorio|Fiery Dance|p1a: Drake|[from]ability: Dancer\n|-resisted|p1a: Drake\n|-damage|p1a: Drake|42\/100\n|-boost|p2a: Oricorio|spa|1\n|move|p1a: Drake|Weather Ball|p2b: Iron Moth\n|-supereffective|p2b: Iron Moth\n|-damage|p2b: Iron Moth|0 fnt\n|faint|p2b: Iron Moth\n|-end|p2b: Iron Moth|Quark Drive|[silent]\n|\n|-weather|none\n|-heal|p1a: Drake|48\/100|[from] item: Leftovers\n|upkeep\n|inactive|FuniPlagueMan has 120 seconds left.\n|\n|t:|1698601760\n|switch|p2b: Smeargle|Smeargle, F, shiny|100\/100\n|turn|6\n|\n|t:|1698601786\n|-terastallize|p1a: Drake|Dragon\n|move|p2a: Oricorio|Revelation Dance|p1a: Drake\n|-damage|p1a: Drake|0 fnt\n|faint|p1a: Drake\n|\n|win|FuniPlagueMan\n|raw|Pint Sized Kiwi's rating: 1000 &rarr; <strong>1000<\/strong><br \/>(+0 for losing)\n|raw|FuniPlagueMan's rating: 1037 &rarr; <strong>1068<\/strong><br \/>(+31 for winning)\n|l|\u2606Pint Sized Kiwi\n","uploadtime":1698601794,"views":9,"p1id":"pintsizedkiwi","p2id":"funiplagueman","formatid":"gen9nationaldexdoubles","rating":1000,"private":0,"password":""}