{"id":"gen9nationaldexdoubles-1991729125","p1":"Drakelipse","p2":"hami2003","format":"[Gen 9] National Dex Doubles","log":"|j|\u2606Drakelipse\n|j|\u2606hami2003\n|t:|1700107874\n|gametype|doubles\n|player|p1|Drakelipse|medium|1232\n|player|p2|hami2003|170|1049\n|teamsize|p1|6\n|teamsize|p2|6\n|gen|9\n|tier|[Gen 9] National Dex Doubles\n|rated|\n|rule|HP Percentage Mod: HP is shown in percentages\n|rule|Endless Battle Clause: Forcing endless battles is banned\n|rule|OHKO Clause: OHKO moves are banned\n|rule|Evasion Moves Clause: Evasion moves are banned\n|rule|Evasion Abilities Clause: Evasion abilities are banned\n|rule|Species Clause: Limit one of each Pok\u00e9mon\n|rule|Gravity Sleep Clause: The combination of sleep-inducing moves with imperfect accuracy and Gravity or Gigantamax Orbeetle are banned\n|clearpoke\n|poke|p1|Chi-Yu|\n|poke|p1|Chien-Pao|\n|poke|p1|Sinistcha-Masterpiece|\n|poke|p1|Salamence, F|\n|poke|p1|Iron Moth|\n|poke|p1|Tornadus, M|\n|poke|p2|Mamoswine, M|\n|poke|p2|Beedrill, M|\n|poke|p2|Tapu Koko|\n|poke|p2|Kommo-o, M|\n|poke|p2|Arctovish|\n|poke|p2|Quagsire, M|\n|teampreview\n|inactive|Battle timer is ON: inactive players will automatically lose when time's up. (requested by Drakelipse)\n|\n|t:|1700107904\n|start\n|switch|p1a: Tornadus|Tornadus, M|100\/100\n|switch|p1b: Iron Moth|Iron Moth|100\/100\n|switch|p2a: Mamoswine|Mamoswine, M, shiny|100\/100\n|switch|p2b: Arctovish|Arctovish, shiny|100\/100\n|-enditem|p1b: Iron Moth|Booster Energy\n|-activate|p1b: Iron Moth|ability: Quark Drive|[fromitem]\n|-start|p1b: Iron Moth|quarkdrivespa\n|turn|1\n|\n|t:|1700107933\n|move|p1a: Tornadus|Sunny Day|p1a: Tornadus\n|-weather|SunnyDay\n|move|p1b: Iron Moth|Heat Wave|p2b: Arctovish|[spread] p2a,p2b\n|-supereffective|p2a: Mamoswine\n|-enditem|p2a: Mamoswine|Focus Sash\n|-damage|p2a: Mamoswine|1\/100\n|-damage|p2b: Arctovish|17\/100\n|move|p2b: Arctovish|Fishious Rend|p1b: Iron Moth\n|-supereffective|p1b: Iron Moth\n|-damage|p1b: Iron Moth|41\/100\n|move|p2a: Mamoswine|Stealth Rock|p1a: Tornadus\n|-sidestart|p1: Drakelipse|move: Stealth Rock\n|\n|-weather|SunnyDay|[upkeep]\n|upkeep\n|turn|2\n|\n|t:|1700107952\n|move|p2a: Mamoswine|Ice Shard|p1a: Tornadus\n|-supereffective|p1a: Tornadus\n|-damage|p1a: Tornadus|39\/100\n|move|p1b: Iron Moth|Fiery Dance|p2a: Mamoswine\n|-supereffective|p2a: Mamoswine\n|-damage|p2a: Mamoswine|0 fnt\n|faint|p2a: Mamoswine\n|move|p2b: Arctovish|Fishious Rend|p1b: Iron Moth\n|-supereffective|p1b: Iron Moth\n|-damage|p1b: Iron Moth|0 fnt\n|faint|p1b: Iron Moth\n|-end|p1b: Iron Moth|Quark Drive|[silent]\n|move|p1a: Tornadus|Knock Off|p2b: Arctovish\n|-damage|p2b: Arctovish|0 fnt\n|-enditem|p2b: Arctovish|Choice Scarf|[from] move: Knock Off|[of] p1a: Tornadus\n|faint|p2b: Arctovish\n|\n|-weather|SunnyDay|[upkeep]\n|upkeep\n|\n|t:|1700107976\n|switch|p1b: Sinistcha|Sinistcha-Masterpiece, shiny|100\/100\n|switch|p2a: Beedrill|Beedrill, M, shiny|100\/100\n|switch|p2b: Tapu Koko|Tapu Koko, shiny|100\/100\n|-fieldstart|move: Electric Terrain|[from] ability: Electric Surge|[of] p2b: Tapu Koko\n|-damage|p1b: Sinistcha|88\/100|[from] Stealth Rock\n|-heal|p1a: Tornadus|64\/100|[from] ability: Hospitality|[of] p1b: Sinistcha\n|turn|3\n|\n|t:|1700108000\n|detailschange|p2a: Beedrill|Beedrill-Mega, M, shiny\n|-mega|p2a: Beedrill|Beedrill|Beedrillite\n|move|p1b: Sinistcha|Rage Powder|p1b: Sinistcha\n|-singleturn|p1b: Sinistcha|move: Rage Powder\n|move|p1a: Tornadus|Tailwind|p1a: Tornadus\n|-sidestart|p1: Drakelipse|move: Tailwind\n|move|p2a: Beedrill|Poison Jab|p1b: Sinistcha\n|-damage|p1b: Sinistcha|26\/100\n|move|p2b: Tapu Koko|Hidden Power|p1b: Sinistcha\n|-supereffective|p1b: Sinistcha\n|-damage|p1b: Sinistcha|0 fnt\n|faint|p1b: Sinistcha\n|\n|-weather|SunnyDay|[upkeep]\n|upkeep\n|inactive|Drakelipse has 120 seconds left.\n|\n|t:|1700108016\n|switch|p1b: Chi-Yu|Chi-Yu|100\/100\n|-damage|p1b: Chi-Yu|76\/100|[from] Stealth Rock\n|-ability|p1b: Chi-Yu|Beads of Ruin\n|turn|4\n|\n|t:|1700108031\n|-terastallize|p1b: Chi-Yu|Fire\n|move|p1b: Chi-Yu|Heat Wave|p2b: Tapu Koko|[spread] p2a,p2b\n|-supereffective|p2a: Beedrill\n|-crit|p2a: Beedrill\n|-damage|p2a: Beedrill|0 fnt\n|-damage|p2b: Tapu Koko|0 fnt\n|faint|p2a: Beedrill\n|faint|p2b: Tapu Koko\n|move|p1a: Tornadus|Icy Wind|p2: Beedrill|[notarget]\n|-fail|p1a: Tornadus\n|\n|-weather|SunnyDay|[upkeep]\n|upkeep\n|\n|t:|1700108048\n|switch|p2a: Kommo-o|Kommo-o, M|100\/100\n|switch|p2b: Quagsire|Quagsire, M, shiny|100\/100\n|turn|5\n|\n|t:|1700108065\n|move|p1b: Chi-Yu|Heat Wave|p2b: Quagsire|[spread] p2a,p2b\n|-resisted|p2a: Kommo-o\n|-resisted|p2b: Quagsire\n|-damage|p2a: Kommo-o|21\/100\n|-damage|p2b: Quagsire|0 fnt\n|faint|p2b: Quagsire\n|move|p1a: Tornadus|Icy Wind|p2a: Kommo-o\n|-supereffective|p2a: Kommo-o\n|-damage|p2a: Kommo-o|0 fnt\n|faint|p2a: Kommo-o\n|\n|win|Drakelipse\n|raw|Drakelipse's rating: 1232 &rarr; <strong>1245<\/strong><br \/>(+13 for winning)\n|raw|hami2003's rating: 1049 &rarr; <strong>1040<\/strong><br \/>(-9 for losing)\n|l|\u2606hami2003\n","uploadtime":1700108082,"views":22,"p1id":"drakelipse","p2id":"hami2003","formatid":"gen9nationaldexdoubles","rating":1040,"private":0,"password":""}