{"id":"gen9nationaldexdoubles-1980075278","p1":"shadowrexxar","p2":"JoaKingDexDO","format":"[Gen 9] National Dex Doubles","log":"|j|\u2606shadowrexxar\n|j|\u2606JoaKingDexDO\n|t:|1698754635\n|gametype|doubles\n|player|p1|shadowrexxar|170|1122\n|player|p2|JoaKingDexDO|red-masters|1131\n|teamsize|p1|6\n|teamsize|p2|6\n|gen|9\n|tier|[Gen 9] National Dex Doubles\n|rated|\n|rule|HP Percentage Mod: HP is shown in percentages\n|rule|Endless Battle Clause: Forcing endless battles is banned\n|rule|OHKO Clause: OHKO moves are banned\n|rule|Evasion Moves Clause: Evasion moves are banned\n|rule|Evasion Abilities Clause: Evasion abilities are banned\n|rule|Species Clause: Limit one of each Pok\u00e9mon\n|rule|Gravity Sleep Clause: The combination of sleep-inducing moves with imperfect accuracy and Gravity or Gigantamax Orbeetle are banned\n|clearpoke\n|poke|p1|Deoxys-Attack|\n|poke|p1|Indeedee-F, F|\n|poke|p1|Serperior, M|\n|poke|p1|Enamorus, F|\n|poke|p1|Toxapex, F|\n|poke|p1|Dragapult, F|\n|poke|p2|Charizard, M|\n|poke|p2|Walking Wake|\n|poke|p2|Rillaboom, F|\n|poke|p2|Great Tusk|\n|poke|p2|Regieleki|\n|poke|p2|Gholdengo|\n|teampreview\n|inactive|Battle timer is ON: inactive players will automatically lose when time's up. (requested by shadowrexxar)\n|\n|t:|1698754649\n|start\n|switch|p1a: Deoxys|Deoxys-Attack, shiny|100\/100\n|switch|p1b: Serperior|Serperior, M, shiny|100\/100\n|switch|p2a: Charizard|Charizard, M|100\/100\n|switch|p2b: Regieleki|Regieleki|100\/100\n|-ability|p1a: Deoxys|Pressure\n|turn|1\n|\n|t:|1698754663\n|detailschange|p2a: Charizard|Charizard-Mega-Y, M\n|-mega|p2a: Charizard|Charizard|Charizardite Y\n|-weather|SunnyDay|[from] ability: Drought|[of] p2a: Charizard\n|move|p1a: Deoxys|Protect|p1a: Deoxys\n|-singleturn|p1a: Deoxys|Protect\n|move|p2b: Regieleki|Volt Switch|p1a: Deoxys\n|-activate|p1a: Deoxys|move: Protect\n|move|p1b: Serperior|Leech Seed|p2b: Regieleki\n|-start|p2b: Regieleki|move: Leech Seed\n|move|p2a: Charizard|Heat Wave|p1a: Deoxys|[spread] p1b\n|-activate|p1a: Deoxys|move: Protect\n|-supereffective|p1b: Serperior\n|-damage|p1b: Serperior|0 fnt\n|faint|p1b: Serperior\n|\n|-weather|SunnyDay|[upkeep]\n|upkeep\n|\n|t:|1698754680\n|switch|p1b: Enamorus|Enamorus, F, shiny|100\/100\n|turn|2\n|\n|t:|1698754694\n|move|p2b: Regieleki|Volt Switch|p1a: Deoxys\n|-enditem|p1a: Deoxys|Focus Sash\n|-damage|p1a: Deoxys|1\/100\n|-damage|p2b: Regieleki|91\/100|[from] item: Life Orb\n|\n|t:|1698754708\n|switch|p2b: Gholdengo|Gholdengo|100\/100|[from] Volt Switch\n|move|p1a: Deoxys|Thunderbolt|p2a: Charizard\n|-supereffective|p2a: Charizard\n|-damage|p2a: Charizard|22\/100\n|move|p1b: Enamorus|Springtide Storm|p2b: Gholdengo|[spread] p2a,p2b\n|-resisted|p2a: Charizard\n|-resisted|p2b: Gholdengo\n|-damage|p2a: Charizard|0 fnt\n|-damage|p2b: Gholdengo|68\/100\n|-unboost|p2b: Gholdengo|atk|1\n|faint|p2a: Charizard\n|-damage|p1b: Enamorus|91\/100|[from] item: Life Orb\n|\n|-weather|SunnyDay|[upkeep]\n|upkeep\n|\n|t:|1698754720\n|switch|p2a: Regieleki|Regieleki|91\/100\n|turn|3\n|\n|t:|1698754729\n|-terastallize|p1b: Enamorus|Fairy\n|move|p1a: Deoxys|Protect|p1a: Deoxys\n|-singleturn|p1a: Deoxys|Protect\n|move|p2a: Regieleki|Volt Switch|p1b: Enamorus\n|-damage|p1b: Enamorus|15\/100\n|-damage|p2a: Regieleki|81\/100|[from] item: Life Orb\n|\n|t:|1698754739\n|switch|p2a: Great Tusk|Great Tusk|100\/100|[from] Volt Switch\n|-activate|p2a: Great Tusk|ability: Protosynthesis\n|-start|p2a: Great Tusk|protosynthesisatk\n|move|p1b: Enamorus|Springtide Storm|p2b: Gholdengo|[spread] p2b\n|-miss|p1b: Enamorus|p2a: Great Tusk\n|-resisted|p2b: Gholdengo\n|-damage|p2b: Gholdengo|29\/100\n|-unboost|p2b: Gholdengo|atk|1\n|-damage|p1b: Enamorus|6\/100|[from] item: Life Orb\n|move|p2b: Gholdengo|Make It Rain|p1a: Deoxys|[spread] p1b\n|-activate|p1a: Deoxys|move: Protect\n|-supereffective|p1b: Enamorus\n|-damage|p1b: Enamorus|0 fnt\n|-unboost|p2b: Gholdengo|spa|1\n|faint|p1b: Enamorus\n|\n|-weather|SunnyDay|[upkeep]\n|upkeep\n|\n|t:|1698754756\n|switch|p1b: Toxapex|Toxapex, F, shiny|100\/100\n|turn|4\n|\n|t:|1698754762\n|move|p1b: Toxapex|Wide Guard|p1b: Toxapex\n|-singleturn|p1b: Toxapex|Wide Guard\n|move|p1a: Deoxys|Psycho Boost|p2a: Great Tusk\n|-supereffective|p2a: Great Tusk\n|-damage|p2a: Great Tusk|0 fnt\n|-unboost|p1a: Deoxys|spa|2\n|faint|p2a: Great Tusk\n|-end|p2a: Great Tusk|Protosynthesis|[silent]\n|move|p2b: Gholdengo|Make It Rain|p1b: Toxapex|[spread] \n|-activate|p1a: Deoxys|move: Wide Guard\n|-activate|p1b: Toxapex|move: Wide Guard\n|\n|-weather|SunnyDay|[upkeep]\n|upkeep\n|\n|t:|1698754778\n|switch|p2a: Rillaboom|Rillaboom, F|100\/100\n|-fieldstart|move: Grassy Terrain|[from] ability: Grassy Surge|[of] p2a: Rillaboom\n|turn|5\n|\n|t:|1698754791\n|switch|p1a: Indeedee|Indeedee-F, F, shiny|100\/100\n|-fieldstart|move: Psychic Terrain|[from] ability: Psychic Surge|[of] p1a: Indeedee\n|move|p2b: Gholdengo|Make It Rain|p1b: Toxapex|[spread] p1a,p1b\n|-resisted|p1b: Toxapex\n|-damage|p1a: Indeedee|57\/100\n|-damage|p1b: Toxapex|81\/100\n|-unboost|p2b: Gholdengo|spa|1\n|move|p2a: Rillaboom|U-turn|p1a: Indeedee\n|-supereffective|p1a: Indeedee\n|-damage|p1a: Indeedee|6\/100\n|\n|t:|1698754805\n|switch|p2a: Regieleki|Regieleki|81\/100|[from] U-turn\n|move|p1b: Toxapex|Icy Wind|p2a: Regieleki|[spread] p2a,p2b\n|-resisted|p2b: Gholdengo\n|-damage|p2a: Regieleki|70\/100\n|-damage|p2b: Gholdengo|25\/100\n|-unboost|p2a: Regieleki|spe|1\n|-unboost|p2b: Gholdengo|spe|1\n|\n|-weather|none\n|upkeep\n|turn|6\n|\n|t:|1698754817\n|move|p2a: Regieleki|Volt Switch|p1a: Indeedee\n|-damage|p1a: Indeedee|0 fnt\n|faint|p1a: Indeedee\n|-damage|p2a: Regieleki|60\/100|[from] item: Life Orb\n|\n|t:|1698754827\n|switch|p2a: Rillaboom|Rillaboom, F|100\/100|[from] Volt Switch\n|-fieldstart|move: Grassy Terrain|[from] ability: Grassy Surge|[of] p2a: Rillaboom\n|move|p2b: Gholdengo|Make It Rain|p1b: Toxapex\n|-resisted|p1b: Toxapex\n|-damage|p1b: Toxapex|59\/100\n|-unboost|p2b: Gholdengo|spa|1\n|move|p1b: Toxapex|Icy Wind|p2b: Gholdengo|[spread] p2a,p2b\n|-supereffective|p2a: Rillaboom\n|-resisted|p2b: Gholdengo\n|-damage|p2a: Rillaboom|94\/100\n|-damage|p2b: Gholdengo|22\/100\n|-unboost|p2a: Rillaboom|spe|1\n|-unboost|p2b: Gholdengo|spe|1\n|\n|-heal|p2b: Gholdengo|28\/100|[from] Grassy Terrain\n|-heal|p2a: Rillaboom|99\/100|[from] Grassy Terrain\n|-heal|p1b: Toxapex|65\/100|[from] Grassy Terrain\n|upkeep\n|\n|t:|1698754841\n|switch|p1a: Deoxys|Deoxys-Attack, shiny|1\/100\n|-ability|p1a: Deoxys|Pressure\n|turn|7\n|\n|t:|1698754853\n|move|p2a: Rillaboom|Fake Out|p1a: Deoxys\n|-damage|p1a: Deoxys|0 fnt\n|faint|p1a: Deoxys\n|move|p1b: Toxapex|Wide Guard|p1b: Toxapex\n|-singleturn|p1b: Toxapex|Wide Guard\n|move|p2b: Gholdengo|Make It Rain|p1b: Toxapex\n|-activate|p1b: Toxapex|move: Wide Guard\n|\n|-heal|p2b: Gholdengo|34\/100|[from] Grassy Terrain\n|-heal|p2a: Rillaboom|100\/100|[from] Grassy Terrain\n|-heal|p1b: Toxapex|71\/100|[from] Grassy Terrain\n|upkeep\n|\n|t:|1698754860\n|switch|p1a: Dragapult|Dragapult, F, shiny|100\/100\n|turn|8\n|\n|t:|1698754871\n|-terastallize|p2a: Rillaboom|Grass\n|move|p1b: Toxapex|Wide Guard|p1b: Toxapex\n|-singleturn|p1b: Toxapex|Wide Guard\n|move|p1a: Dragapult|Dragon Darts|p2a: Rillaboom\n|-damage|p2a: Rillaboom|63\/100\n|-anim|p1a: Dragapult|Dragon Darts|p2b: Gholdengo\n|-resisted|p2b: Gholdengo\n|-damage|p2b: Gholdengo|12\/100\n|move|p2b: Gholdengo|Make It Rain|p1b: Toxapex|[spread] \n|-activate|p1a: Dragapult|move: Wide Guard\n|-activate|p1b: Toxapex|move: Wide Guard\n|move|p2a: Rillaboom|Wood Hammer|p1b: Toxapex\n|-damage|p1b: Toxapex|0 fnt\n|-damage|p2a: Rillaboom|47\/100|[from] item: Rocky Helmet|[of] p1b: Toxapex\n|faint|p1b: Toxapex\n|-damage|p2a: Rillaboom|33\/100|[from] Recoil\n|\n|-heal|p2b: Gholdengo|18\/100|[from] Grassy Terrain\n|-heal|p2a: Rillaboom|39\/100|[from] Grassy Terrain\n|upkeep\n|turn|9\n|\n|t:|1698754894\n|move|p2a: Rillaboom|Grassy Glide|p1a: Dragapult\n|-resisted|p1a: Dragapult\n|-damage|p1a: Dragapult|66\/100\n|move|p1a: Dragapult|Dragon Darts|p2a: Rillaboom\n|-crit|p2a: Rillaboom\n|-damage|p2a: Rillaboom|0 fnt\n|-anim|p1a: Dragapult|Dragon Darts|p2b: Gholdengo\n|-resisted|p2b: Gholdengo\n|-damage|p2b: Gholdengo|0 fnt\n|faint|p2a: Rillaboom\n|faint|p2b: Gholdengo\n|\n|-heal|p1a: Dragapult|72\/100|[from] Grassy Terrain\n|upkeep\n|\n|t:|1698754903\n|switch|p2b: Walking Wake|Walking Wake|100\/100\n|switch|p2a: Regieleki|Regieleki|60\/100\n|turn|10\n|\n|t:|1698754909\n|move|p2a: Regieleki|Thunderbolt|p1a: Dragapult\n|-resisted|p1a: Dragapult\n|-damage|p1a: Dragapult|22\/100\n|-damage|p2a: Regieleki|50\/100|[from] item: Life Orb\n|move|p1a: Dragapult|Dragon Darts|p2a: Regieleki\n|-damage|p2a: Regieleki|0 fnt\n|-anim|p1a: Dragapult|Dragon Darts|p2b: Walking Wake\n|-supereffective|p2b: Walking Wake\n|-damage|p2b: Walking Wake|16\/100\n|faint|p2a: Regieleki\n|move|p2b: Walking Wake|Draco Meteor|p1a: Dragapult\n|-supereffective|p1a: Dragapult\n|-damage|p1a: Dragapult|0 fnt\n|-unboost|p2b: Walking Wake|spa|2\n|faint|p1a: Dragapult\n|\n|win|JoaKingDexDO\n|raw|shadowrexxar's rating: 1122 &rarr; <strong>1098<\/strong><br \/>(-24 for losing)\n|raw|JoaKingDexDO's rating: 1131 &rarr; <strong>1155<\/strong><br \/>(+24 for winning)\n|l|\u2606shadowrexxar\n","uploadtime":1698754936,"views":6,"p1id":"shadowrexxar","p2id":"joakingdexdo","formatid":"gen9nationaldexdoubles","rating":1098,"private":0,"password":""}