{"id":"gen9nationaldexdoubles-1961962341","p1":"cediedesu","p2":"Gumbus wumbus","format":"[Gen 9] National Dex Doubles","log":"|j|\u2606cediedesu\n|j|\u2606Gumbus wumbus\n|t:|1696693419\n|gametype|doubles\n|player|p1|cediedesu|veteran|\n|player|p2|Gumbus wumbus|clown|\n|teamsize|p1|6\n|teamsize|p2|6\n|gen|9\n|tier|[Gen 9] National Dex Doubles\n|rule|HP Percentage Mod: HP is shown in percentages\n|rule|Endless Battle Clause: Forcing endless battles is banned\n|rule|OHKO Clause: OHKO moves are banned\n|rule|Evasion Moves Clause: Evasion moves are banned\n|rule|Evasion Abilities Clause: Evasion abilities are banned\n|rule|Species Clause: Limit one of each Pok\u00e9mon\n|rule|Gravity Sleep Clause: The combination of sleep-inducing moves with imperfect accuracy and Gravity or Gigantamax Orbeetle are banned\n|clearpoke\n|poke|p1|Scizor, M|\n|poke|p1|Crustle, M|\n|poke|p1|Flygon, F|\n|poke|p1|Heracross, F|\n|poke|p1|Iron Moth|\n|poke|p1|Galvantula, M|\n|poke|p2|Obstagoon, F|\n|poke|p2|Grafaiai, F|\n|poke|p2|Farigiraf, M|\n|poke|p2|Exploud, M|\n|poke|p2|Furfrou-Kabuki, M|\n|poke|p2|Ursaluna, M|\n|teampreview\n|inactive|Battle timer is ON: inactive players will automatically lose when time's up. (requested by cediedesu)\n|inactive|cediedesu has 270 seconds left.\n|\n|t:|1696693461\n|start\n|switch|p1a: Galvantula|Galvantula, M|100\/100\n|switch|p1b: Iron Moth|Iron Moth|100\/100\n|switch|p2a: Y2k|Ursaluna, M, shiny|100\/100\n|switch|p2b: Street Punk|Grafaiai, F, shiny|100\/100\n|-ability|p2a: Y2k|Unnerve\n|-enditem|p1b: Iron Moth|Booster Energy\n|-activate|p1b: Iron Moth|ability: Quark Drive|[fromitem]\n|-start|p1b: Iron Moth|quarkdrivespa\n|turn|1\n|\n|t:|1696693490\n|move|p2b: Street Punk|Toxic|p1a: Galvantula\n|-status|p1a: Galvantula|tox\n|move|p1b: Iron Moth|Fiery Dance|p2b: Street Punk\n|-damage|p2b: Street Punk|18\/100\n|move|p1a: Galvantula|Sticky Web|p2b: Street Punk\n|-sidestart|p2: Gumbus wumbus|move: Sticky Web\n|move|p2a: Y2k|Stomping Tantrum|p1b: Iron Moth\n|-supereffective|p1b: Iron Moth\n|-damage|p1b: Iron Moth|0 fnt\n|faint|p1b: Iron Moth\n|-end|p1b: Iron Moth|Quark Drive|[silent]\n|\n|-heal|p2b: Street Punk|24\/100|[from] item: Black Sludge\n|-damage|p1a: Galvantula|94\/100 tox|[from] psn\n|upkeep\n|inactive|cediedesu has 270 seconds left.\n|\n|t:|1696693513\n|switch|p1b: Heracross|Heracross, F|100\/100\n|turn|2\n|\n|t:|1696693520\n|move|p2b: Street Punk|Protect|p2b: Street Punk\n|-singleturn|p2b: Street Punk|Protect\n|move|p2a: Y2k|Protect|p2a: Y2k\n|-singleturn|p2a: Y2k|Protect\n|move|p1a: Galvantula|Electroweb|p2b: Street Punk|[spread] \n|-activate|p2a: Y2k|move: Protect\n|-activate|p2b: Street Punk|move: Protect\n|move|p1b: Heracross|Close Combat|p2a: Y2k\n|-activate|p2a: Y2k|move: Protect\n|\n|-heal|p2b: Street Punk|30\/100|[from] item: Black Sludge\n|-damage|p1a: Galvantula|82\/100 tox|[from] psn\n|-status|p1b: Heracross|tox|[from] item: Toxic Orb\n|upkeep\n|turn|3\n|\n|t:|1696693550\n|switch|p2a: Scene|Farigiraf, M, shiny|100\/100\n|move|p1a: Galvantula|Electroweb|p2b: Street Punk|[spread] p2a,p2b\n|-damage|p2a: Scene|87\/100\n|-damage|p2b: Street Punk|10\/100\n|-unboost|p2a: Scene|spe|1\n|-unboost|p2b: Street Punk|spe|1\n|move|p1b: Heracross|Close Combat|p2a: Scene\n|-damage|p2a: Scene|1\/100\n|-unboost|p1b: Heracross|def|1\n|-unboost|p1b: Heracross|spd|1\n|move|p2b: Street Punk|Foul Play|p1b: Heracross\n|-resisted|p1b: Heracross\n|-damage|p1b: Heracross|63\/100 tox\n|\n|-heal|p2b: Street Punk|16\/100|[from] item: Black Sludge\n|-damage|p1a: Galvantula|64\/100 tox|[from] psn\n|-damage|p1b: Heracross|57\/100 tox|[from] psn\n|upkeep\n|turn|4\n|\n|t:|1696693573\n|move|p2b: Street Punk|Protect|p2b: Street Punk\n|-singleturn|p2b: Street Punk|Protect\n|move|p2a: Scene|Protect|p2a: Scene\n|-singleturn|p2a: Scene|Protect\n|move|p1a: Galvantula|Electroweb|p2a: Scene|[spread] \n|-activate|p2a: Scene|move: Protect\n|-activate|p2b: Street Punk|move: Protect\n|move|p1b: Heracross|Close Combat|p2a: Scene\n|-activate|p2a: Scene|move: Protect\n|\n|-heal|p2b: Street Punk|22\/100|[from] item: Black Sludge\n|-damage|p1a: Galvantula|39\/100 tox|[from] psn\n|-damage|p1b: Heracross|45\/100 tox|[from] psn\n|upkeep\n|-enditem|p1a: Galvantula|Sitrus Berry|[eat]\n|-heal|p1a: Galvantula|64\/100 tox|[from] item: Sitrus Berry\n|turn|5\n|\n|t:|1696693598\n|move|p1a: Galvantula|Electroweb|p2b: Street Punk|[spread] p2a,p2b\n|-damage|p2a: Scene|0 fnt\n|-damage|p2b: Street Punk|4\/100\n|-unboost|p2b: Street Punk|spe|1\n|faint|p2a: Scene\n|move|p1b: Heracross|Facade|p2b: Street Punk\n|-damage|p2b: Street Punk|0 fnt\n|faint|p2b: Street Punk\n|\n|-damage|p1a: Galvantula|34\/100 tox|[from] psn\n|-damage|p1b: Heracross|27\/100 tox|[from] psn\n|upkeep\n|inactive|Gumbus wumbus has 270 seconds left.\n|\n|t:|1696693620\n|switch|p2b: Y2k|Ursaluna, M, shiny|100\/100\n|switch|p2a: Glamrock|Obstagoon, F, shiny|100\/100\n|-ability|p2b: Y2k|Unnerve\n|-activate|p2a: Glamrock|move: Sticky Web\n|-unboost|p2a: Glamrock|spe|1\n|-activate|p2b: Y2k|move: Sticky Web\n|-unboost|p2b: Y2k|spe|1\n|turn|6\n|\n|t:|1696693637\n|move|p2a: Glamrock|Obstruct|p2a: Glamrock\n|-singleturn|p2a: Glamrock|Protect\n|move|p2b: Y2k|Protect|p2b: Y2k\n|-singleturn|p2b: Y2k|Protect\n|move|p1a: Galvantula|Electroweb|p2b: Y2k|[spread] \n|-activate|p2a: Glamrock|move: Protect\n|-activate|p2b: Y2k|move: Protect\n|move|p1b: Heracross|Close Combat|p2b: Y2k\n|-activate|p2b: Y2k|move: Protect\n|\n|-damage|p1a: Galvantula|0 fnt|[from] psn\n|faint|p1a: Galvantula\n|-damage|p1b: Heracross|3\/100 tox|[from] psn\n|-status|p2a: Glamrock|brn|[from] item: Flame Orb\n|upkeep\n|inactive|cediedesu has 270 seconds left.\n|\n|t:|1696693661\n|switch|p1a: Scizor|Scizor, M|100\/100\n|turn|7\n|\n|t:|1696693669\n|switch|p2b: Vogue|Furfrou-Kabuki, M, shiny|100\/100\n|-activate|p2b: Vogue|move: Sticky Web\n|-unboost|p2b: Vogue|spe|1\n|move|p1b: Heracross|Close Combat|p2b: Vogue\n|-supereffective|p2b: Vogue\n|-damage|p2b: Vogue|0 fnt\n|-unboost|p1b: Heracross|def|1\n|-unboost|p1b: Heracross|spd|1\n|faint|p2b: Vogue\n|move|p1a: Scizor|U-turn|p2a: Glamrock\n|-supereffective|p2a: Glamrock\n|-damage|p2a: Glamrock|51\/100 brn\n|\n|t:|1696693686\n|switch|p1a: Crustle|Crustle, M|100\/100|[from] U-turn\n|move|p2a: Glamrock|Body Press|p1a: Crustle\n|-damage|p1a: Crustle|66\/100\n|-ability|p1a: Crustle|Weak Armor|boost\n|-unboost|p1a: Crustle|def|1\n|-boost|p1a: Crustle|spe|2\n|\n|-damage|p1b: Heracross|0 fnt|[from] psn\n|faint|p1b: Heracross\n|-damage|p2a: Glamrock|45\/100 brn|[from] brn\n|upkeep\n|\n|t:|1696693704\n|switch|p1b: Flygon|Flygon, F|100\/100\n|switch|p2b: Y2k|Ursaluna, M, shiny|100\/100\n|-ability|p2b: Y2k|Unnerve\n|-activate|p2b: Y2k|move: Sticky Web\n|-unboost|p2b: Y2k|spe|1\n|turn|8\n|inactive|Gumbus wumbus has 270 seconds left.\n|\n|t:|1696693747\n|move|p1b: Flygon|First Impression|p2a: Glamrock\n|-supereffective|p2a: Glamrock\n|-damage|p2a: Glamrock|0 fnt\n|faint|p2a: Glamrock\n|-damage|p1b: Flygon|91\/100|[from] item: Life Orb\n|move|p1a: Crustle|Shell Smash|p1a: Crustle\n|-unboost|p1a: Crustle|def|1\n|-unboost|p1a: Crustle|spd|1\n|-boost|p1a: Crustle|atk|2\n|-boost|p1a: Crustle|spa|2\n|-boost|p1a: Crustle|spe|2\n|move|p2b: Y2k|Stomping Tantrum|p1a: Crustle\n|-damage|p1a: Crustle|0 fnt\n|faint|p1a: Crustle\n|\n|upkeep\n|\n|t:|1696693761\n|switch|p2a: Metalhead|Exploud, M, shiny|100\/100\n|switch|p1a: Scizor|Scizor, M|100\/100\n|-activate|p2a: Metalhead|move: Sticky Web\n|-unboost|p2a: Metalhead|spe|1\n|turn|9\n|\n|t:|1696693774\n|move|p1b: Flygon|Superpower|p2b: Y2k\n|-supereffective|p2b: Y2k\n|-damage|p2b: Y2k|38\/100\n|-unboost|p1b: Flygon|atk|1\n|-unboost|p1b: Flygon|def|1\n|-damage|p1b: Flygon|81\/100|[from] item: Life Orb\n|move|p1a: Scizor|Knock Off|p2a: Metalhead\n|-damage|p2a: Metalhead|68\/100\n|-damage|p1a: Scizor|84\/100|[from] item: Rocky Helmet|[of] p2a: Metalhead\n|-enditem|p2a: Metalhead|Rocky Helmet|[from] move: Knock Off|[of] p1a: Scizor\n|move|p2a: Metalhead|Power-Up Punch|p1a: Scizor\n|-damage|p1a: Scizor|75\/100\n|-boost|p2a: Metalhead|atk|1\n|move|p2b: Y2k|Stomping Tantrum|p1a: Scizor\n|-damage|p1a: Scizor|42\/100\n|\n|-heal|p1a: Scizor|48\/100|[from] item: Leftovers\n|-heal|p2b: Y2k|44\/100|[from] item: Leftovers\n|upkeep\n|turn|10\n|inactive|cediedesu has 270 seconds left.\n|\n|t:|1696693805\n|move|p2a: Metalhead|Protect|p2a: Metalhead\n|-singleturn|p2a: Metalhead|Protect\n|move|p2b: Y2k|Protect|p2b: Y2k\n|-singleturn|p2b: Y2k|Protect\n|move|p1b: Flygon|Superpower|p2b: Y2k\n|-activate|p2b: Y2k|move: Protect\n|move|p1a: Scizor|U-turn|p2a: Metalhead\n|-activate|p2a: Metalhead|move: Protect\n|\n|-heal|p1a: Scizor|54\/100|[from] item: Leftovers\n|-heal|p2b: Y2k|50\/100|[from] item: Leftovers\n|upkeep\n|turn|11\n|\n|t:|1696693835\n|move|p1b: Flygon|Superpower|p2b: Y2k\n|-supereffective|p2b: Y2k\n|-damage|p2b: Y2k|9\/100\n|-unboost|p1b: Flygon|atk|1\n|-unboost|p1b: Flygon|def|1\n|-damage|p1b: Flygon|71\/100|[from] item: Life Orb\n|move|p1a: Scizor|U-turn|p2a: Metalhead\n|-damage|p2a: Metalhead|29\/100\n|move|p2a: Metalhead|Brick Break|p1a: Scizor\n|-damage|p1a: Scizor|30\/100\n|move|p2b: Y2k|Body Slam|p1b: Flygon\n|-damage|p1b: Flygon|0 fnt\n|faint|p1b: Flygon\n|\n|-heal|p1a: Scizor|36\/100|[from] item: Leftovers\n|-heal|p2b: Y2k|15\/100|[from] item: Leftovers\n|upkeep\n|turn|12\n|\n|t:|1696693855\n|move|p1a: Scizor|Protect|p1a: Scizor\n|-singleturn|p1a: Scizor|Protect\n|move|p2a: Metalhead|Protect|p2a: Metalhead\n|-singleturn|p2a: Metalhead|Protect\n|move|p2b: Y2k|Protect||[still]\n|-fail|p2b: Y2k\n|\n|-heal|p1a: Scizor|42\/100|[from] item: Leftovers\n|-heal|p2b: Y2k|21\/100|[from] item: Leftovers\n|upkeep\n|turn|13\n|\n|t:|1696693870\n|-terastallize|p1a: Scizor|Bug\n|move|p1a: Scizor|U-turn|p2b: Y2k\n|-damage|p2b: Y2k|0 fnt\n|faint|p2b: Y2k\n|move|p2a: Metalhead|Brick Break|p1a: Scizor\n|-resisted|p1a: Scizor\n|-damage|p1a: Scizor|30\/100\n|\n|-heal|p1a: Scizor|37\/100|[from] item: Leftovers\n|upkeep\n|turn|14\n|\n|t:|1696693882\n|move|p1a: Scizor|U-turn|p2a: Metalhead\n|-damage|p2a: Metalhead|0 fnt\n|faint|p2a: Metalhead\n|\n|win|cediedesu\n","uploadtime":1696693890,"views":6,"p1id":"cediedesu","p2id":"gumbuswumbus","formatid":"gen9nationaldexdoubles","rating":0,"private":0,"password":""}