{"id":"gen9nationaldexdoubles-1997207703","p1":"Theadonia","p2":"mcjuanito","format":"[Gen 9] National Dex Doubles","log":"|j|\u2606Theadonia\n|j|\u2606mcjuanito\n|t:|1700775647\n|gametype|doubles\n|player|p1|Theadonia|roxie|1107\n|player|p2|mcjuanito|265|1083\n|teamsize|p1|6\n|teamsize|p2|6\n|gen|9\n|tier|[Gen 9] National Dex Doubles\n|rated|\n|rule|HP Percentage Mod: HP is shown in percentages\n|rule|Endless Battle Clause: Forcing endless battles is banned\n|rule|OHKO Clause: OHKO moves are banned\n|rule|Evasion Moves Clause: Evasion moves are banned\n|rule|Evasion Abilities Clause: Evasion abilities are banned\n|rule|Species Clause: Limit one of each Pok\u00e9mon\n|rule|Gravity Sleep Clause: The combination of sleep-inducing moves with imperfect accuracy and Gravity or Gigantamax Orbeetle are banned\n|clearpoke\n|poke|p1|Delphox, F|\n|poke|p1|Oricorio-Sensu, F|\n|poke|p1|Kommo-o, M|\n|poke|p1|Wailord, F|\n|poke|p1|Cresselia, F|\n|poke|p1|Ribombee, F|\n|poke|p2|Roaring Moon|\n|poke|p2|Oricorio-Sensu, F|\n|poke|p2|Iron Moth|\n|poke|p2|Spinda, M|\n|poke|p2|Gyarados, M|\n|poke|p2|Scizor, M|\n|teampreview\n|\n|t:|1700775666\n|start\n|switch|p1a: Delphox|Delphox, F, shiny|100\/100\n|switch|p1b: Oricorio|Oricorio-Sensu, F, shiny|100\/100\n|switch|p2a: Ferropolilla|Iron Moth|100\/100\n|switch|p2b: Spinda|Spinda, M|100\/100\n|turn|1\n|\n|t:|1700775677\n|move|p2a: Ferropolilla|Protect|p2a: Ferropolilla\n|-singleturn|p2a: Ferropolilla|Protect\n|move|p1a: Delphox|Role Play|p1b: Oricorio\n|-endability|p1a: Delphox|Magician|[from] move: Role Play\n|-ability|p1a: Delphox|Dancer|[from] move: Role Play|[of] p1b: Oricorio\n|move|p2b: Spinda|Teeter Dance|p1a: Delphox|[spread] p1a,p1b\n|-activate|p2a: Ferropolilla|move: Protect\n|-start|p1a: Delphox|confusion\n|-start|p1b: Oricorio|confusion\n|-activate|p1b: Oricorio|ability: Dancer\n|-activate|p1b: Oricorio|confusion\n|-damage|p1b: Oricorio|96\/100|[from] confusion\n|-activate|p1a: Delphox|ability: Dancer\n|-activate|p1a: Delphox|confusion\n|move|p1a: Delphox|Teeter Dance||[from]ability: Dancer|[still]|[spread] \n|-activate|p2a: Ferropolilla|move: Protect\n|-immune|p2b: Spinda|confusion|[from] ability: Own Tempo\n|-fail|p1a: Delphox\n|-activate|p1b: Oricorio|confusion\n|move|p1b: Oricorio|Quiver Dance|p1b: Oricorio\n|-boost|p1b: Oricorio|spa|1\n|-boost|p1b: Oricorio|spd|1\n|-boost|p1b: Oricorio|spe|1\n|-activate|p1a: Delphox|ability: Dancer\n|-activate|p1a: Delphox|confusion\n|move|p1a: Delphox|Quiver Dance|p1a: Delphox|[from]ability: Dancer\n|-boost|p1a: Delphox|spa|1\n|-boost|p1a: Delphox|spd|1\n|-boost|p1a: Delphox|spe|1\n|\n|upkeep\n|turn|2\n|\n|t:|1700775709\n|-activate|p1a: Delphox|confusion\n|-damage|p1a: Delphox|91\/100|[from] confusion\n|move|p2a: Ferropolilla|Toxic Spikes|p1b: Oricorio\n|-sidestart|p1: Theadonia|move: Toxic Spikes\n|-activate|p1b: Oricorio|confusion\n|move|p1b: Oricorio|Quiver Dance|p1b: Oricorio\n|-boost|p1b: Oricorio|spa|1\n|-boost|p1b: Oricorio|spd|1\n|-boost|p1b: Oricorio|spe|1\n|-activate|p1a: Delphox|ability: Dancer\n|-end|p1a: Delphox|confusion\n|move|p1a: Delphox|Quiver Dance|p1a: Delphox|[from]ability: Dancer\n|-boost|p1a: Delphox|spa|1\n|-boost|p1a: Delphox|spd|1\n|-boost|p1a: Delphox|spe|1\n|move|p2b: Spinda|Last Resort|p1a: Delphox\n|-damage|p1a: Delphox|28\/100\n|\n|upkeep\n|turn|3\n|\n|t:|1700775741\n|move|p2a: Ferropolilla|Protect|p2a: Ferropolilla\n|-singleturn|p2a: Ferropolilla|Protect\n|move|p1a: Delphox|Stored Power|p2b: Spinda\n|-damage|p2b: Spinda|0 fnt\n|faint|p2b: Spinda\n|-end|p1b: Oricorio|confusion\n|move|p1b: Oricorio|Substitute|p1b: Oricorio\n|-start|p1b: Oricorio|Substitute\n|-damage|p1b: Oricorio|71\/100\n|\n|upkeep\n|\n|t:|1700775767\n|switch|p2b: Roaring Moon|Roaring Moon|100\/100\n|-enditem|p2b: Roaring Moon|Booster Energy\n|-activate|p2b: Roaring Moon|ability: Protosynthesis|[fromitem]\n|-start|p2b: Roaring Moon|protosynthesisatk\n|turn|4\n|\n|t:|1700775812\n|move|p1a: Delphox|Heat Wave|p2b: Roaring Moon|[spread] p2a,p2b\n|-resisted|p2a: Ferropolilla\n|-resisted|p2b: Roaring Moon\n|-damage|p2a: Ferropolilla|67\/100\n|-damage|p2b: Roaring Moon|67\/100\n|move|p1b: Oricorio|Revelation Dance|p2a: Ferropolilla\n|-damage|p2a: Ferropolilla|0 fnt\n|faint|p2a: Ferropolilla\n|-end|p2a: Ferropolilla|Quark Drive|[silent]\n|-activate|p1a: Delphox|ability: Dancer\n|move|p1a: Delphox|Revelation Dance|p2b: Roaring Moon|[from]ability: Dancer\n|-resisted|p2b: Roaring Moon\n|-damage|p2b: Roaring Moon|24\/100\n|move|p2b: Roaring Moon|Acrobatics|p1a: Delphox\n|-damage|p1a: Delphox|0 fnt\n|faint|p1a: Delphox\n|\n|upkeep\n|\n|t:|1700775846\n|switch|p2a: Scizor|Scizor, M|100\/100\n|switch|p1a: Kommo-o|Kommo-o, M, shiny|100\/100\n|-status|p1a: Kommo-o|psn\n|turn|5\n|\n|t:|1700775869\n|detailschange|p2a: Scizor|Scizor-Mega, M\n|-mega|p2a: Scizor|Scizor|Scizorite\n|-terastallize|p2b: Roaring Moon|Flying\n|move|p2a: Scizor|Bullet Punch|p1b: Oricorio\n|-end|p1b: Oricorio|Substitute\n|move|p1b: Oricorio|Revelation Dance|p2a: Scizor\n|-damage|p2a: Scizor|24\/100\n|move|p2b: Roaring Moon|Acrobatics|p1a: Kommo-o\n|-supereffective|p1a: Kommo-o\n|-damage|p1a: Kommo-o|0 fnt\n|faint|p1a: Kommo-o\n|\n|upkeep\n|\n|t:|1700775882\n|switch|p1a: Ribombee|Ribombee, F|100\/100\n|-status|p1a: Ribombee|psn\n|turn|6\n|\n|t:|1700775890\n|move|p1b: Oricorio|Revelation Dance|p2a: Scizor\n|-damage|p2a: Scizor|0 fnt\n|faint|p2a: Scizor\n|move|p1a: Ribombee|Quiver Dance|p1a: Ribombee\n|-boost|p1a: Ribombee|spa|1\n|-boost|p1a: Ribombee|spd|1\n|-boost|p1a: Ribombee|spe|1\n|-activate|p1b: Oricorio|ability: Dancer\n|move|p1b: Oricorio|Quiver Dance|p1b: Oricorio|[from]ability: Dancer\n|-boost|p1b: Oricorio|spa|1\n|-boost|p1b: Oricorio|spd|1\n|-boost|p1b: Oricorio|spe|1\n|move|p2b: Roaring Moon|Dragon Tail|p1b: Oricorio\n|-damage|p1b: Oricorio|31\/100\n|drag|p1b: Cresselia|Cresselia, F|100\/100\n|\n|-damage|p1a: Ribombee|88\/100 psn|[from] psn\n|upkeep\n|\n|t:|1700775899\n|switch|p2a: Gyarados|Gyarados, M|100\/100\n|turn|7\n|\n|t:|1700775912\n|move|p1a: Ribombee|Dazzling Gleam|p2a: Gyarados|[spread] p2a,p2b\n|-damage|p2a: Gyarados|60\/100\n|-damage|p2b: Roaring Moon|0 fnt\n|faint|p2b: Roaring Moon\n|-end|p2b: Roaring Moon|Protosynthesis|[silent]\n|move|p2a: Gyarados|Dragon Dance|p2a: Gyarados\n|-boost|p2a: Gyarados|atk|1\n|-boost|p2a: Gyarados|spe|1\n|move|p1b: Cresselia|Psych Up|p1a: Ribombee\n|-copyboost|p1b: Cresselia|p1a: Ribombee|[from] move: Psych Up\n|\n|-heal|p2a: Gyarados|66\/100|[from] item: Leftovers\n|-damage|p1a: Ribombee|76\/100 psn|[from] psn\n|upkeep\n|\n|t:|1700775923\n|switch|p2b: Oricorio|Oricorio-Sensu, F|100\/100\n|turn|8\n|\n|t:|1700775934\n|move|p1a: Ribombee|Speed Swap|p1b: Cresselia\n|-activate|p1a: Ribombee|move: Speed Swap|[of] p1b: Cresselia\n|move|p1b: Cresselia|Stored Power|p2a: Gyarados\n|-damage|p2a: Gyarados|19\/100\n|move|p2a: Gyarados|Earthquake|p1b: Cresselia|[spread] p1a\n|-immune|p2b: Oricorio\n|-immune|p1b: Cresselia|[from] ability: Levitate\n|-resisted|p1a: Ribombee\n|-damage|p1a: Ribombee|37\/100 psn\n|move|p2b: Oricorio|Tailwind|p2b: Oricorio\n|-sidestart|p2: mcjuanito|move: Tailwind\n|\n|-heal|p2a: Gyarados|25\/100|[from] item: Leftovers\n|-damage|p1a: Ribombee|25\/100 psn|[from] psn\n|upkeep\n|turn|9\n|\n|t:|1700775955\n|move|p2a: Gyarados|Aqua Tail|p1a: Ribombee\n|-damage|p1a: Ribombee|0 fnt\n|faint|p1a: Ribombee\n|-ability|p2a: Gyarados|Moxie|boost\n|-boost|p2a: Gyarados|atk|1\n|move|p2b: Oricorio|Revelation Dance|p1b: Cresselia\n|-supereffective|p1b: Cresselia\n|-damage|p1b: Cresselia|76\/100\n|move|p1b: Cresselia|Stored Power|p2a: Gyarados\n|-damage|p2a: Gyarados|0 fnt\n|faint|p2a: Gyarados\n|\n|-heal|p1b: Cresselia|82\/100|[from] item: Leftovers\n|upkeep\n|\n|t:|1700775968\n|switch|p1a: Wailord|Wailord, F, shiny|100\/100\n|-status|p1a: Wailord|psn\n|-ability|p1a: Wailord|Pressure\n|turn|10\n|\n|t:|1700775973\n|-terastallize|p1a: Wailord|Water\n|move|p2b: Oricorio|Teeter Dance|p1b: Cresselia|[spread] p1a,p1b\n|-start|p1a: Wailord|confusion\n|-start|p1b: Cresselia|confusion\n|-activate|p1b: Cresselia|confusion\n|move|p1b: Cresselia|Lunar Blessing|p1b: Cresselia|[spread] p1a,p1b\n|-curestatus|p1a: Wailord|psn|[msg]\n|-heal|p1b: Cresselia|100\/100\n|-activate|p1a: Wailord|confusion\n|move|p1a: Wailord|Water Spout|p2b: Oricorio\n|-damage|p2b: Oricorio|0 fnt\n|faint|p2b: Oricorio\n|\n|win|Theadonia\n|raw|Theadonia's rating: 1107 &rarr; <strong>1130<\/strong><br \/>(+23 for winning)\n|raw|mcjuanito's rating: 1083 &rarr; <strong>1062<\/strong><br \/>(-21 for losing)\n","uploadtime":1700775988,"views":0,"p1id":"theadonia","p2id":"mcjuanito","formatid":"gen9nationaldexdoubles","rating":1062,"private":0,"password":""}