{"id":"gen9nationaldexdoubles-1984933724","p1":"BirbOnFire","p2":"TheBosses27","format":"[Gen 9] National Dex Doubles","log":"|j|\u2606BirbOnFire\n|j|\u2606TheBosses27\n|t:|1699312264\n|gametype|doubles\n|player|p1|BirbOnFire|rollerskaterf|1248\n|player|p2|TheBosses27|bruno|1285\n|teamsize|p1|6\n|teamsize|p2|6\n|gen|9\n|tier|[Gen 9] National Dex Doubles\n|rated|\n|rule|HP Percentage Mod: HP is shown in percentages\n|rule|Endless Battle Clause: Forcing endless battles is banned\n|rule|OHKO Clause: OHKO moves are banned\n|rule|Evasion Moves Clause: Evasion moves are banned\n|rule|Evasion Abilities Clause: Evasion abilities are banned\n|rule|Species Clause: Limit one of each Pok\u00e9mon\n|rule|Gravity Sleep Clause: The combination of sleep-inducing moves with imperfect accuracy and Gravity or Gigantamax Orbeetle are banned\n|clearpoke\n|poke|p1|Beheeyem, F|\n|poke|p1|Gourgeist-*, F|\n|poke|p1|Indeedee-F, F|\n|poke|p1|Ambipom, F|\n|poke|p1|Nihilego|\n|poke|p1|Tsareena, F|\n|poke|p2|Jolteon, F|\n|poke|p2|Tapu Koko|\n|poke|p2|Pawmot, M|\n|poke|p2|Ribombee, F|\n|poke|p2|Raichu-Alola, M|\n|poke|p2|Iron Leaves|\n|teampreview\n|inactive|Battle timer is ON: inactive players will automatically lose when time's up. (requested by TheBosses27)\n|\n|t:|1699312278\n|start\n|switch|p1a: Beheeyem|Beheeyem, F, shiny|100\/100\n|switch|p1b: Gourgeist|Gourgeist-Super, F|100\/100\n|switch|p2a: Ribombee|Ribombee, F|100\/100\n|switch|p2b: Pawmot|Pawmot, M|100\/100\n|turn|1\n|\n|t:|1699312292\n|move|p1a: Beheeyem|Protect|p1a: Beheeyem\n|-singleturn|p1a: Beheeyem|Protect\n|move|p2a: Ribombee|Sticky Web|p1b: Gourgeist\n|-sidestart|p1: BirbOnFire|move: Sticky Web\n|move|p2b: Pawmot|Knock Off|p1b: Gourgeist\n|-supereffective|p1b: Gourgeist\n|-damage|p1b: Gourgeist|65\/100\n|-enditem|p1b: Gourgeist|Room Service|[from] move: Knock Off|[of] p2b: Pawmot\n|move|p1b: Gourgeist|Trick Room|p1b: Gourgeist\n|-fieldstart|move: Trick Room|[of] p1b: Gourgeist\n|\n|upkeep\n|turn|2\n|\n|t:|1699312310\n|move|p1a: Beheeyem|Meteor Beam||[still]\n|-prepare|p1a: Beheeyem|Meteor Beam\n|-boost|p1a: Beheeyem|spa|1\n|-enditem|p1a: Beheeyem|Power Herb\n|-anim|p1a: Beheeyem|Meteor Beam|p2a: Ribombee|[miss]\n|-miss|p1a: Beheeyem|p2a: Ribombee\n|move|p1b: Gourgeist|Poltergeist|p2b: Pawmot\n|-activate|p2b: Pawmot|move: Poltergeist|Assault Vest\n|-damage|p2b: Pawmot|38\/100\n|move|p2b: Pawmot|Knock Off|p1a: Beheeyem\n|-supereffective|p1a: Beheeyem\n|-damage|p1a: Beheeyem|50\/100\n|move|p2a: Ribombee|Fake Tears|p1b: Gourgeist\n|-unboost|p1b: Gourgeist|spd|2\n|\n|-item|p1b: Gourgeist|Power Herb|[from] ability: Pickup\n|upkeep\n|turn|3\n|inactive|TheBosses27 has 120 seconds left.\n|\n|t:|1699312341\n|move|p1a: Beheeyem|Expanding Force|p2b: Pawmot\n|-supereffective|p2b: Pawmot\n|-damage|p2b: Pawmot|0 fnt\n|faint|p2b: Pawmot\n|move|p1b: Gourgeist|Poltergeist|p2a: Ribombee\n|-activate|p2a: Ribombee|move: Poltergeist|Focus Sash\n|-damage|p2a: Ribombee|41\/100\n|move|p2a: Ribombee|Fake Tears|p1a: Beheeyem\n|-unboost|p1a: Beheeyem|spd|2\n|\n|upkeep\n|inactive|TheBosses27 has 120 seconds left.\n|\n|t:|1699312354\n|switch|p2b: Jolteon|Jolteon, F|100\/100\n|turn|4\n|inactive|BirbOnFire has 120 seconds left.\n|\n|t:|1699312387\n|switch|p1b: Indeedee|Indeedee-F, F|100\/100\n|-activate|p1b: Indeedee|move: Sticky Web\n|-unboost|p1b: Indeedee|spe|1\n|-fieldstart|move: Psychic Terrain|[from] ability: Psychic Surge|[of] p1b: Indeedee\n|-terastallize|p2b: Jolteon|Ice\n|move|p1a: Beheeyem|Expanding Force|p2a: Ribombee|[spread] p2a,p2b\n|-damage|p2a: Ribombee|0 fnt\n|-damage|p2b: Jolteon|0 fnt\n|faint|p2a: Ribombee\n|faint|p2b: Jolteon\n|\n|upkeep\n|\n|t:|1699312393\n|switch|p2b: Raichu|Raichu-Alola, M|100\/100\n|switch|p2a: Tapu Koko|Tapu Koko|100\/100\n|-fieldstart|move: Electric Terrain|[from] ability: Electric Surge|[of] p2a: Tapu Koko\n|turn|5\n|\n|t:|1699312418\n|switch|p1a: Tsareena|Tsareena, F|100\/100\n|-activate|p1a: Tsareena|move: Sticky Web\n|-unboost|p1a: Tsareena|spe|1\n|switch|p1b: Ambipom|Ambipom, F|100\/100\n|-activate|p1b: Ambipom|move: Sticky Web\n|-unboost|p1b: Ambipom|spe|1\n|move|p2a: Tapu Koko|Discharge|p1b: Ambipom|[spread] p2b,p1a,p1b\n|-resisted|p2b: Raichu\n|-resisted|p1a: Tsareena\n|-damage|p2b: Raichu|75\/100\n|-damage|p1a: Tsareena|88\/100\n|-damage|p1b: Ambipom|49\/100\n|-status|p1a: Tsareena|par\n|move|p2b: Raichu|Discharge|p1b: Ambipom|[spread] p2a,p1a,p1b\n|-resisted|p2a: Tapu Koko\n|-resisted|p1a: Tsareena\n|-damage|p2a: Tapu Koko|59\/100\n|-damage|p1a: Tsareena|70\/100 par\n|-damage|p1b: Ambipom|0 fnt\n|faint|p1b: Ambipom\n|\n|-fieldend|move: Trick Room\n|upkeep\n|\n|t:|1699312423\n|switch|p1b: Gourgeist|Gourgeist-Super, F|65\/100\n|-activate|p1b: Gourgeist|move: Sticky Web\n|-unboost|p1b: Gourgeist|spe|1\n|turn|6\n|\n|t:|1699312431\n|move|p2b: Raichu|Discharge|p1a: Tsareena|[spread] p2a,p1a,p1b\n|-resisted|p2a: Tapu Koko\n|-resisted|p1a: Tsareena\n|-resisted|p1b: Gourgeist\n|-damage|p2a: Tapu Koko|20\/100\n|-damage|p1a: Tsareena|52\/100 par\n|-damage|p1b: Gourgeist|36\/100\n|move|p2a: Tapu Koko|Taunt|p1b: Gourgeist\n|-start|p1b: Gourgeist|move: Taunt\n|move|p1a: Tsareena|U-turn|p2b: Raichu\n|-supereffective|p2b: Raichu\n|-damage|p2b: Raichu|0 fnt\n|faint|p2b: Raichu\n|\n|t:|1699312437\n|switch|p1a: Indeedee|Indeedee-F, F|100\/100|[from] U-turn\n|-activate|p1a: Indeedee|move: Sticky Web\n|-unboost|p1a: Indeedee|spe|1\n|-fieldstart|move: Psychic Terrain|[from] ability: Psychic Surge|[of] p1a: Indeedee\n|cant|p1b: Gourgeist|move: Taunt|Trick Room\n|\n|upkeep\n|\n|t:|1699312439\n|switch|p2b: Iron Leaves|Iron Leaves|100\/100\n|turn|7\n|-message|TheBosses27 forfeited.\n|\n|win|BirbOnFire\n|raw|BirbOnFire's rating: 1248 &rarr; <strong>1276<\/strong><br \/>(+28 for winning)\n|raw|TheBosses27's rating: 1285 &rarr; <strong>1257<\/strong><br \/>(-28 for losing)\n|l|\u2606TheBosses27\n","uploadtime":1699312456,"views":5,"p1id":"birbonfire","p2id":"thebosses27","formatid":"gen9nationaldexdoubles","rating":1257,"private":0,"password":""}