{"id":"gen9nationaldexdoubles-1977876388","p1":"lachlan008","p2":"Epilepsy Espeon","format":"[Gen 9] National Dex Doubles","log":"|j|\u2606lachlan008\n|j|\u2606Epilepsy Espeon\n|t:|1698460568\n|gametype|doubles\n|player|p1|lachlan008|larry|1000\n|player|p2|Epilepsy Espeon|psychic-gen4|1092\n|teamsize|p1|6\n|teamsize|p2|6\n|gen|9\n|tier|[Gen 9] National Dex Doubles\n|rated|\n|rule|HP Percentage Mod: HP is shown in percentages\n|rule|Endless Battle Clause: Forcing endless battles is banned\n|rule|OHKO Clause: OHKO moves are banned\n|rule|Evasion Moves Clause: Evasion moves are banned\n|rule|Evasion Abilities Clause: Evasion abilities are banned\n|rule|Species Clause: Limit one of each Pok\u00e9mon\n|rule|Gravity Sleep Clause: The combination of sleep-inducing moves with imperfect accuracy and Gravity or Gigantamax Orbeetle are banned\n|clearpoke\n|poke|p1|Regigigas|\n|poke|p1|Whimsicott, F|\n|poke|p1|Thundurus, M|\n|poke|p1|Seismitoad, M|\n|poke|p1|Lucario, M|\n|poke|p1|Kingler, M|\n|poke|p2|Espeon, F|\n|poke|p2|Lucario, M|\n|poke|p2|Corsola-Galar, F|\n|poke|p2|Sableye, M|\n|poke|p2|Chimecho, M|\n|poke|p2|Muk-Alola, M|\n|teampreview\n|\n|t:|1698460580\n|start\n|switch|p1a: Thundurus|Thundurus, M|100\/100\n|switch|p1b: Seismitoad|Seismitoad, M|100\/100\n|switch|p2a: Chimecho|Chimecho, M|100\/100\n|switch|p2b: Muk|Muk-Alola, M|100\/100\n|turn|1\n|\n|t:|1698460616\n|move|p1a: Thundurus|Thunder Wave|p2a: Chimecho\n|-status|p2a: Chimecho|par\n|move|p1b: Seismitoad|Earthquake|p2a: Chimecho|[spread] p2b\n|-immune|p1a: Thundurus\n|-immune|p2a: Chimecho|[from] ability: Levitate\n|-supereffective|p2b: Muk\n|-damage|p2b: Muk|0 fnt\n|faint|p2b: Muk\n|move|p2a: Chimecho|Skill Swap|p2: Muk|[notarget]\n|-fail|p2a: Chimecho\n|\n|upkeep\n|\n|t:|1698460624\n|switch|p2b: Sableye|Sableye, M|100\/100\n|turn|2\n|\n|t:|1698460640\n|move|p2b: Sableye|Confuse Ray|p1a: Thundurus\n|-start|p1a: Thundurus|confusion\n|-activate|p1a: Thundurus|confusion\n|move|p1a: Thundurus|Brutal Swing|p2a: Chimecho|[spread] p1b,p2a,p2b\n|-supereffective|p2a: Chimecho\n|-damage|p1b: Seismitoad|88\/100\n|-damage|p2a: Chimecho|80\/100 par\n|-damage|p2b: Sableye|90\/100\n|move|p1b: Seismitoad|Earthquake|p2a: Chimecho|[spread] p2b\n|-immune|p1a: Thundurus\n|-immune|p2a: Chimecho|[from] ability: Levitate\n|-damage|p2b: Sableye|37\/100\n|move|p2a: Chimecho|Skill Swap|p1a: Thundurus\n|-activate|p2a: Chimecho|move: Skill Swap|Prankster|Levitate|[of] p1a: Thundurus\n|\n|-heal|p2a: Chimecho|86\/100 par|[from] item: Leftovers\n|upkeep\n|turn|3\n|\n|t:|1698460661\n|move|p2b: Sableye|Encore|p1a: Thundurus\n|-start|p1a: Thundurus|Encore\n|-enditem|p1a: Thundurus|Mental Herb\n|-end|p1a: Thundurus|Encore\n|move|p2a: Chimecho|Heal Pulse|p2b: Sableye\n|-heal|p2b: Sableye|87\/100\n|-end|p1a: Thundurus|confusion\n|move|p1a: Thundurus|Taunt|p2a: Chimecho\n|-start|p2a: Chimecho|move: Taunt\n|move|p1b: Seismitoad|Earthquake|p2b: Sableye|[spread] p2a,p2b\n|-immune|p1a: Thundurus\n|-damage|p2a: Chimecho|42\/100 par\n|-damage|p2b: Sableye|38\/100\n|\n|-heal|p2a: Chimecho|48\/100 par|[from] item: Leftovers\n|upkeep\n|turn|4\n|\n|t:|1698460710\n|move|p2b: Sableye|Confuse Ray|p1b: Seismitoad\n|-start|p1b: Seismitoad|confusion\n|move|p1a: Thundurus|Electroweb|p2b: Sableye|[spread] p2a,p2b\n|-damage|p2a: Chimecho|26\/100 par\n|-damage|p2b: Sableye|2\/100\n|-unboost|p2a: Chimecho|spe|1\n|-unboost|p2b: Sableye|spe|1\n|-activate|p1b: Seismitoad|confusion\n|move|p1b: Seismitoad|Earthquake|p2a: Chimecho|[spread] p2a,p2b\n|-immune|p1a: Thundurus\n|-damage|p2a: Chimecho|0 fnt\n|-damage|p2b: Sableye|0 fnt\n|faint|p2a: Chimecho\n|faint|p2b: Sableye\n|\n|upkeep\n|\n|t:|1698460773\n|switch|p2a: Corsola|Corsola-Galar, F|100\/100\n|switch|p2b: Lucario|Lucario, M|100\/100\n|turn|5\n|\n|t:|1698460783\n|move|p1a: Thundurus|Taunt|p2a: Corsola\n|-start|p2a: Corsola|move: Taunt\n|move|p2b: Lucario|Power-Up Punch|p1b: Seismitoad\n|-damage|p1b: Seismitoad|66\/100\n|-boost|p2b: Lucario|atk|1\n|-activate|p1b: Seismitoad|confusion\n|move|p1b: Seismitoad|Earthquake|p2b: Lucario|[spread] p2a,p2b\n|-immune|p1a: Thundurus\n|-supereffective|p2b: Lucario\n|-damage|p2a: Corsola|64\/100\n|-damage|p2b: Lucario|0 fnt\n|-start|p1b: Seismitoad|Disable|Earthquake|[from] ability: Cursed Body|[of] p2a: Corsola\n|faint|p2b: Lucario\n|cant|p2a: Corsola|move: Taunt|Strength Sap\n|\n|upkeep\n|\n|t:|1698460796\n|switch|p2b: Espeon|Espeon, F|100\/100\n|turn|6\n|\n|t:|1698460806\n|move|p2b: Espeon|Psychic|p1a: Thundurus\n|-damage|p1a: Thundurus|34\/100\n|move|p1a: Thundurus|Brutal Swing|p2a: Corsola|[spread] p1b,p2a,p2b\n|-supereffective|p2a: Corsola\n|-supereffective|p2b: Espeon\n|-damage|p1b: Seismitoad|54\/100\n|-damage|p2a: Corsola|48\/100\n|-damage|p2b: Espeon|63\/100\n|-end|p1b: Seismitoad|confusion\n|-activate|p1b: Seismitoad|move: Struggle\n|move|p1b: Seismitoad|Struggle|p2b: Espeon\n|-damage|p2b: Espeon|20\/100\n|-damage|p1b: Seismitoad|29\/100|[from] recoil\n|move|p2a: Corsola|Night Shade|p1a: Thundurus\n|-damage|p1a: Thundurus|1\/100\n|\n|upkeep\n|turn|7\n|\n|t:|1698460824\n|move|p2b: Espeon|Dazzling Gleam|p1a: Thundurus|[spread] p1a,p1b\n|-damage|p1a: Thundurus|0 fnt\n|-damage|p1b: Seismitoad|2\/100\n|faint|p1a: Thundurus\n|-activate|p1b: Seismitoad|move: Struggle\n|move|p1b: Seismitoad|Struggle|p2a: Corsola\n|-damage|p2a: Corsola|31\/100\n|-damage|p1b: Seismitoad|0 fnt|[from] recoil\n|faint|p1b: Seismitoad\n|move|p2a: Corsola|Night Shade|p1: Thundurus|[notarget]\n|-fail|p2a: Corsola\n|\n|-end|p2a: Corsola|move: Taunt\n|upkeep\n|\n|t:|1698460836\n|switch|p1a: Regigigas|Regigigas|100\/100\n|switch|p1b: Whimsicott|Whimsicott, F|100\/100\n|-start|p1a: Regigigas|ability: Slow Start\n|turn|8\n|\n|t:|1698460847\n|move|p1b: Whimsicott|Worry Seed|p1a: Regigigas\n|-end|p1a: Regigigas|Slow Start|[silent]\n|-endability|p1a: Regigigas|Slow Start|[from] move: Worry Seed\n|-ability|p1a: Regigigas|Insomnia|[from] move: Worry Seed\n|move|p2b: Espeon|Psychic|p1a: Regigigas\n|-damage|p1a: Regigigas|62\/100\n|move|p1a: Regigigas|Darkest Lariat|p2a: Corsola\n|-supereffective|p2a: Corsola\n|-damage|p2a: Corsola|0 fnt\n|-start|p1a: Regigigas|Disable|Darkest Lariat|[from] ability: Cursed Body|[of] p2a: Corsola\n|faint|p2a: Corsola\n|\n|upkeep\n|turn|9\n|\n|t:|1698460861\n|move|p1b: Whimsicott|Tailwind|p1b: Whimsicott\n|-sidestart|p1: lachlan008|move: Tailwind\n|-activate|p1a: Regigigas|move: Struggle\n|move|p1a: Regigigas|Struggle|p2b: Espeon\n|-damage|p2b: Espeon|0 fnt\n|faint|p2b: Espeon\n|-damage|p1a: Regigigas|37\/100|[from] recoil\n|\n|win|lachlan008\n|raw|lachlan008's rating: 1000 &rarr; <strong>1050<\/strong><br \/>(+50 for winning)\n|raw|Epilepsy Espeon's rating: 1092 &rarr; <strong>1062<\/strong><br \/>(-30 for losing)\n|l|\u2606Epilepsy Espeon\n","uploadtime":1698460874,"views":9,"p1id":"lachlan008","p2id":"epilepsyespeon","formatid":"gen9nationaldexdoubles","rating":1050,"private":0,"password":""}