{"id":"gen9nationaldexdoubles-1997538562","p1":"seanthsheep","p2":"Amarutheone","format":"[Gen 9] National Dex Doubles","log":"|j|\u2606seanthsheep\n|j|\u2606Amarutheone\n|t:|1700822255\n|gametype|doubles\n|player|p1|seanthsheep|bugsy|1157\n|player|p2|Amarutheone|hilbert|1063\n|teamsize|p1|6\n|teamsize|p2|6\n|gen|9\n|tier|[Gen 9] National Dex Doubles\n|rated|\n|rule|HP Percentage Mod: HP is shown in percentages\n|rule|Endless Battle Clause: Forcing endless battles is banned\n|rule|OHKO Clause: OHKO moves are banned\n|rule|Evasion Moves Clause: Evasion moves are banned\n|rule|Evasion Abilities Clause: Evasion abilities are banned\n|rule|Species Clause: Limit one of each Pok\u00e9mon\n|rule|Gravity Sleep Clause: The combination of sleep-inducing moves with imperfect accuracy and Gravity or Gigantamax Orbeetle are banned\n|clearpoke\n|poke|p1|Reuniclus, F|\n|poke|p1|Primarina, F|\n|poke|p1|Goodra-Hisui, M|\n|poke|p1|Incineroar, F|\n|poke|p1|Gastrodon-East, F|\n|poke|p1|Carbink|\n|poke|p2|Sceptile, M|\n|poke|p2|Meowstic, M|\n|poke|p2|Seismitoad, M|\n|poke|p2|Lucario, M|\n|poke|p2|Decidueye, M|\n|poke|p2|Tapu Koko|\n|teampreview\n|\n|t:|1700822274\n|start\n|switch|p1a: Carbink|Carbink|100\/100\n|switch|p1b: Gastrodon|Gastrodon-East, F|100\/100\n|switch|p2a: Leonidas|Seismitoad, M|100\/100\n|switch|p2b: Jake|Meowstic, M|100\/100\n|turn|1\n|\n|t:|1700822305\n|move|p2b: Jake|Reflect|p2b: Jake\n|-sidestart|p2: Amarutheone|Reflect\n|move|p2a: Leonidas|Earthquake|p1b: Gastrodon|[spread] p2b,p1a,p1b\n|-supereffective|p1a: Carbink\n|-damage|p2b: Jake|76\/100\n|-damage|p1a: Carbink|55\/100\n|-damage|p1b: Gastrodon|81\/100\n|move|p1b: Gastrodon|Yawn|p2a: Leonidas\n|-start|p2a: Leonidas|move: Yawn|[of] p1b: Gastrodon\n|move|p1a: Carbink|Trick Room|p1a: Carbink\n|-fieldstart|move: Trick Room|[of] p1a: Carbink\n|\n|upkeep\n|turn|2\n|\n|t:|1700822337\n|switch|p2b: Phantom|Sceptile, M|100\/100\n|move|p1b: Gastrodon|Scald|p2b: Phantom\n|-resisted|p2b: Phantom\n|-damage|p2b: Phantom|83\/100\n|-status|p2b: Phantom|brn\n|move|p1a: Carbink|Stealth Rock|p2b: Phantom\n|-sidestart|p2: Amarutheone|move: Stealth Rock\n|move|p2a: Leonidas|Earthquake|p1a: Carbink|[spread] p2b,p1a,p1b\n|-resisted|p2b: Phantom\n|-supereffective|p1a: Carbink\n|-damage|p2b: Phantom|69\/100 brn\n|-damage|p1a: Carbink|15\/100\n|-damage|p1b: Gastrodon|61\/100\n|\n|-damage|p2b: Phantom|63\/100 brn|[from] brn\n|-end|p2a: Leonidas|move: Yawn|[silent]\n|-status|p2a: Leonidas|slp\n|upkeep\n|turn|3\n|\n|t:|1700822363\n|switch|p1b: Reuniclus|Reuniclus, F, shiny|100\/100\n|switch|p1a: Incineroar|Incineroar, F|100\/100\n|-ability|p1a: Incineroar|Intimidate|boost\n|-unboost|p2a: Leonidas|atk|1\n|-unboost|p2b: Phantom|atk|1\n|switch|p2a: Decidueye|Decidueye, M|100\/100\n|-damage|p2a: Decidueye|88\/100|[from] Stealth Rock\n|move|p2b: Phantom|Energy Ball|p1a: Incineroar\n|-resisted|p1a: Incineroar\n|-damage|p1a: Incineroar|79\/100\n|\n|-damage|p2b: Phantom|57\/100 brn|[from] brn\n|upkeep\n|turn|4\n|\n|t:|1700822382\n|detailschange|p2b: Phantom|Sceptile-Mega, M\n|-mega|p2b: Phantom|Sceptile|Sceptilite\n|move|p1b: Reuniclus|Shadow Ball|p2a: Decidueye\n|-supereffective|p2a: Decidueye\n|-damage|p2a: Decidueye|29\/100\n|-enditem|p2a: Decidueye|Weakness Policy\n|-boost|p2a: Decidueye|atk|2|[from] item: Weakness Policy\n|-boost|p2a: Decidueye|spa|2|[from] item: Weakness Policy\n|move|p2a: Decidueye|Spirit Shackle|p1b: Reuniclus\n|-supereffective|p1b: Reuniclus\n|-damage|p1b: Reuniclus|0 fnt\n|faint|p1b: Reuniclus\n|move|p1a: Incineroar|Darkest Lariat|p2b: Phantom\n|-damage|p2b: Phantom|10\/100 brn\n|move|p2b: Phantom|Earthquake|p1a: Incineroar|[spread] p2a,p1a\n|-resisted|p2a: Decidueye\n|-supereffective|p1a: Incineroar\n|-damage|p2a: Decidueye|27\/100\n|-damage|p1a: Incineroar|67\/100\n|\n|-damage|p2b: Phantom|4\/100 brn|[from] brn\n|upkeep\n|\n|t:|1700822400\n|switch|p1b: Goodra|Goodra-Hisui, M|100\/100\n|turn|5\n|\n|t:|1700822415\n|move|p2a: Decidueye|Shadow Sneak|p1a: Incineroar\n|-resisted|p1a: Incineroar\n|-damage|p1a: Incineroar|45\/100\n|move|p1b: Goodra|Dragon Pulse|p2a: Decidueye\n|-damage|p2a: Decidueye|0 fnt\n|faint|p2a: Decidueye\n|move|p1a: Incineroar|Parting Shot|p2b: Phantom\n|-unboost|p2b: Phantom|atk|1\n|-unboost|p2b: Phantom|spa|1\n|\n|t:|1700822428\n|switch|p1a: Primarina|Primarina, F|100\/100|[from] Parting Shot\n|move|p2b: Phantom|Dragon Pulse|p1b: Goodra\n|-damage|p1b: Goodra|79\/100\n|\n|-heal|p1b: Goodra|85\/100|[from] item: Leftovers\n|-damage|p2b: Phantom|0 fnt|[from] brn\n|faint|p2b: Phantom\n|-fieldend|move: Trick Room\n|upkeep\n|\n|t:|1700822439\n|switch|p2b: Nikola Tesla|Tapu Koko|100\/100\n|switch|p2a: Satoshi|Lucario, M|100\/100\n|-damage|p2b: Nikola Tesla|88\/100|[from] Stealth Rock\n|-fieldstart|move: Electric Terrain|[from] ability: Electric Surge|[of] p2b: Nikola Tesla\n|-damage|p2a: Satoshi|98\/100|[from] Stealth Rock\n|turn|6\n|\n|t:|1700822464\n|switch|p1a: Gastrodon|Gastrodon-East, F|61\/100\n|move|p2b: Nikola Tesla|Thunderbolt|p1a: Gastrodon\n|-immune|p1a: Gastrodon\n|move|p2a: Satoshi|Close Combat|p1b: Goodra\n|-supereffective|p1b: Goodra\n|-damage|p1b: Goodra|0 fnt\n|-unboost|p2a: Satoshi|def|1\n|-unboost|p2a: Satoshi|spd|1\n|faint|p1b: Goodra\n|-damage|p2a: Satoshi|88\/100|[from] item: Life Orb\n|\n|upkeep\n|\n|t:|1700822477\n|switch|p1b: Incineroar|Incineroar, F|45\/100\n|-ability|p1b: Incineroar|Intimidate|boost\n|-unboost|p2a: Satoshi|atk|1\n|-unboost|p2b: Nikola Tesla|atk|1\n|turn|7\n|\n|t:|1700822495\n|move|p1b: Incineroar|Fake Out|p2a: Satoshi\n|-resisted|p2a: Satoshi\n|-damage|p2a: Satoshi|75\/100\n|move|p2b: Nikola Tesla|U-turn|p1a: Gastrodon\n|-damage|p1a: Gastrodon|50\/100\n|\n|t:|1700822500\n|switch|p2b: Leonidas|Seismitoad, M|100\/100 slp|[from] U-turn\n|-damage|p2b: Leonidas|94\/100 slp|[from] Stealth Rock\n|cant|p2a: Satoshi|flinch\n|move|p1a: Gastrodon|Earth Power|p2b: Leonidas\n|-damage|p2b: Leonidas|69\/100 slp\n|\n|-heal|p2b: Leonidas|75\/100 slp|[from] item: Leftovers\n|upkeep\n|turn|8\n|\n|t:|1700822515\n|move|p2a: Satoshi|Close Combat|p1b: Incineroar\n|-supereffective|p1b: Incineroar\n|-damage|p1b: Incineroar|0 fnt\n|-unboost|p2a: Satoshi|def|1\n|-unboost|p2a: Satoshi|spd|1\n|faint|p1b: Incineroar\n|-damage|p2a: Satoshi|65\/100|[from] item: Life Orb\n|cant|p2b: Leonidas|slp\n|move|p1a: Gastrodon|Recover|p1a: Gastrodon\n|-heal|p1a: Gastrodon|99\/100\n|\n|-heal|p2b: Leonidas|82\/100 slp|[from] item: Leftovers\n|-sideend|p2: Amarutheone|Reflect\n|upkeep\n|\n|t:|1700822527\n|switch|p1b: Primarina|Primarina, F|100\/100\n|turn|9\n|\n|t:|1700822543\n|move|p2a: Satoshi|Bullet Punch|p1b: Primarina\n|-damage|p1b: Primarina|80\/100\n|-damage|p2a: Satoshi|55\/100|[from] item: Life Orb\n|-curestatus|p2b: Leonidas|slp|[msg]\n|move|p2b: Leonidas|Rock Slide|p1a: Gastrodon|[spread] p1a,p1b\n|-resisted|p1a: Gastrodon\n|-damage|p1a: Gastrodon|95\/100\n|-damage|p1b: Primarina|64\/100\n|move|p1b: Primarina|Moonblast|p2a: Satoshi\n|-damage|p2a: Satoshi|0 fnt\n|faint|p2a: Satoshi\n|cant|p1a: Gastrodon|flinch\n|\n|-heal|p2b: Leonidas|88\/100|[from] item: Leftovers\n|upkeep\n|\n|t:|1700822552\n|switch|p2a: Nikola Tesla|Tapu Koko|88\/100\n|-damage|p2a: Nikola Tesla|76\/100|[from] Stealth Rock\n|turn|10\n|\n|t:|1700822571\n|move|p2a: Nikola Tesla|Thunderbolt|p1b: Primarina\n|-supereffective|p1b: Primarina\n|-damage|p1b: Primarina|3\/100\n|move|p2b: Leonidas|Poison Jab|p1a: Gastrodon\n|-resisted|p1a: Gastrodon\n|-damage|p1a: Gastrodon|89\/100\n|-status|p1a: Gastrodon|psn\n|move|p1b: Primarina|Icy Wind|p2b: Leonidas|[spread] p2a,p2b\n|-damage|p2a: Nikola Tesla|49\/100\n|-damage|p2b: Leonidas|74\/100\n|-unboost|p2a: Nikola Tesla|spe|1\n|-unboost|p2b: Leonidas|spe|1\n|move|p1a: Gastrodon|Earth Power|p2a: Nikola Tesla\n|-supereffective|p2a: Nikola Tesla\n|-damage|p2a: Nikola Tesla|0 fnt\n|faint|p2a: Nikola Tesla\n|\n|-heal|p2b: Leonidas|80\/100|[from] item: Leftovers\n|-damage|p1a: Gastrodon|77\/100 psn|[from] psn\n|-fieldend|move: Electric Terrain\n|upkeep\n|\n|t:|1700822582\n|switch|p2a: Jake|Meowstic, M|76\/100\n|-damage|p2a: Jake|63\/100|[from] Stealth Rock\n|turn|11\n|\n|t:|1700822604\n|move|p2a: Jake|Light Screen|p2a: Jake\n|-sidestart|p2: Amarutheone|move: Light Screen\n|-zpower|p1b: Primarina\n|move|p1b: Primarina|Oceanic Operetta|p1a: Gastrodon|[zeffect]\n|-activate|p1a: Gastrodon|ability: Storm Drain\n|-ability|p1a: Gastrodon|Storm Drain|boost\n|-boost|p1a: Gastrodon|spa|1\n|move|p1a: Gastrodon|Earth Power|p2b: Leonidas\n|-damage|p2b: Leonidas|54\/100\n|move|p2b: Leonidas|Rock Slide|p1b: Primarina|[spread] p1a,p1b\n|-resisted|p1a: Gastrodon\n|-damage|p1a: Gastrodon|72\/100 psn\n|-damage|p1b: Primarina|0 fnt\n|faint|p1b: Primarina\n|\n|-heal|p2b: Leonidas|61\/100|[from] item: Leftovers\n|-damage|p1a: Gastrodon|59\/100 psn|[from] psn\n|upkeep\n|\n|t:|1700822622\n|switch|p1b: Carbink|Carbink|15\/100\n|turn|12\n|\n|t:|1700822631\n|move|p2a: Jake|Psychic|p1b: Carbink\n|-damage|p1b: Carbink|0 fnt\n|faint|p1b: Carbink\n|move|p1a: Gastrodon|Recover|p1a: Gastrodon\n|-heal|p1a: Gastrodon|100\/100 psn\n|move|p2b: Leonidas|Knock Off|p1a: Gastrodon\n|-damage|p1a: Gastrodon|83\/100 psn\n|-enditem|p1a: Gastrodon|Heavy-Duty Boots|[from] move: Knock Off|[of] p2b: Leonidas\n|\n|-heal|p2b: Leonidas|67\/100|[from] item: Leftovers\n|-damage|p1a: Gastrodon|70\/100 psn|[from] psn\n|upkeep\n|turn|13\n|\n|t:|1700822657\n|move|p2a: Jake|Psychic|p1a: Gastrodon\n|-damage|p1a: Gastrodon|39\/100 psn\n|move|p1a: Gastrodon|Yawn|p2a: Jake\n|-start|p2a: Jake|move: Yawn|[of] p1a: Gastrodon\n|move|p2b: Leonidas|Knock Off|p1a: Gastrodon\n|-damage|p1a: Gastrodon|28\/100 psn\n|\n|-heal|p2b: Leonidas|73\/100|[from] item: Leftovers\n|-damage|p1a: Gastrodon|16\/100 psn|[from] psn\n|upkeep\n|turn|14\n|\n|t:|1700822671\n|move|p2a: Jake|Psychic|p1a: Gastrodon\n|-damage|p1a: Gastrodon|0 fnt\n|faint|p1a: Gastrodon\n|\n|win|Amarutheone\n|raw|seanthsheep's rating: 1157 &rarr; <strong>1125<\/strong><br \/>(-32 for losing)\n|raw|Amarutheone's rating: 1063 &rarr; <strong>1102<\/strong><br \/>(+39 for winning)\n|l|\u2606seanthsheep\n","uploadtime":1700822680,"views":2,"p1id":"seanthsheep","p2id":"amarutheone","formatid":"gen9nationaldexdoubles","rating":1102,"private":0,"password":""}