{"id":"gen9nationaldexdoubles-1994447086","p1":"MAF1001","p2":"NoVainilla","format":"[Gen 9] National Dex Doubles","log":"|j|\u2606MAF1001\n|j|\u2606NoVainilla\n|t:|1700444958\n|gametype|doubles\n|player|p1|MAF1001|unknown|\n|player|p2|NoVainilla|cynthia|\n|teamsize|p1|6\n|teamsize|p2|6\n|gen|9\n|tier|[Gen 9] National Dex Doubles\n|rule|HP Percentage Mod: HP is shown in percentages\n|rule|Endless Battle Clause: Forcing endless battles is banned\n|rule|OHKO Clause: OHKO moves are banned\n|rule|Evasion Moves Clause: Evasion moves are banned\n|rule|Evasion Abilities Clause: Evasion abilities are banned\n|rule|Species Clause: Limit one of each Pok\u00e9mon\n|rule|Gravity Sleep Clause: The combination of sleep-inducing moves with imperfect accuracy and Gravity or Gigantamax Orbeetle are banned\n|clearpoke\n|poke|p1|Grookey, F|\n|poke|p1|Froakie, M|\n|poke|p1|Rowlet, F|\n|poke|p1|Riolu, M|\n|poke|p1|Pichu, M|\n|poke|p1|Litten, M|\n|poke|p2|Squirtle, F|\n|poke|p2|Chikorita, F|\n|poke|p2|Litten, M|\n|poke|p2|Scorbunny, M|\n|poke|p2|Larvitar, M|\n|poke|p2|Pichu, M|\n|teampreview\n|\n|t:|1700444997\n|start\n|switch|p1a: Litten|Litten, M|100\/100\n|switch|p1b: Froakie|Froakie, M|100\/100\n|switch|p2a: Litten|Litten, M|100\/100\n|switch|p2b: Larvitar|Larvitar, M|100\/100\n|-ability|p2a: Litten|Intimidate|boost\n|-unboost|p1a: Litten|atk|1\n|-unboost|p1b: Froakie|atk|1\n|-ability|p1a: Litten|Intimidate|boost\n|-unboost|p2a: Litten|atk|1\n|-unboost|p2b: Larvitar|atk|1\n|-item|p1a: Litten|Air Balloon\n|turn|1\n|l|\u2606MAF1001\n|player|p1|\n|\n|t:|1700445074\n|move|p2a: Litten|Protect|p2a: Litten\n|-singleturn|p2a: Litten|Protect\n|move|p1b: Froakie|Scald|p2a: Litten\n|-activate|p2a: Litten|move: Protect\n|move|p1a: Litten|Parting Shot|p2b: Larvitar\n|-unboost|p2b: Larvitar|atk|1\n|-unboost|p2b: Larvitar|spa|1\n|j|\u2606MAF1001\n|player|p1|MAF1001|unknown\n|\n|t:|1700445121\n|switch|p1a: Grookey|Grookey, F|100\/100|[from] Parting Shot\n|-fieldstart|move: Grassy Terrain|[from] ability: Grassy Surge|[of] p1a: Grookey\n|move|p2b: Larvitar|Crunch|p1b: Froakie\n|-damage|p1b: Froakie|86\/100\n|\n|-heal|p1b: Froakie|92\/100|[from] Grassy Terrain\n|-status|p2b: Larvitar|brn|[from] item: Flame Orb\n|upkeep\n|turn|2\n|\n|t:|1700445156\n|switch|p2a: Squirtle|Squirtle, F|100\/100\n|switch|p2b: Scorbunny|Scorbunny, M|100\/100\n|move|p1a: Grookey|Fake Out|p2a: Squirtle\n|-damage|p2a: Squirtle|85\/100\n|-damage|p1a: Grookey|91\/100|[from] item: Life Orb\n|move|p1b: Froakie|Scald|p2b: Scorbunny\n|-supereffective|p2b: Scorbunny\n|-damage|p2b: Scorbunny|0 fnt\n|faint|p2b: Scorbunny\n|\n|-heal|p1b: Froakie|98\/100|[from] Grassy Terrain\n|-heal|p1a: Grookey|97\/100|[from] Grassy Terrain\n|-heal|p2a: Squirtle|91\/100|[from] Grassy Terrain\n|upkeep\n|\n|t:|1700445181\n|switch|p2b: Litten|Litten, M|100\/100\n|-ability|p2b: Litten|Intimidate|boost\n|-unboost|p1a: Grookey|atk|1\n|-unboost|p1b: Froakie|atk|1\n|turn|3\n|\n|t:|1700445214\n|switch|p1a: Litten|Litten, M|100\/100\n|-ability|p1a: Litten|Intimidate|boost\n|-unboost|p2a: Squirtle|atk|1\n|-unboost|p2b: Litten|atk|1\n|-item|p1a: Litten|Air Balloon\n|move|p2b: Litten|U-turn|p1a: Litten\n|-resisted|p1a: Litten\n|-damage|p1a: Litten|79\/100\n|-enditem|p1a: Litten|Air Balloon\n|-damage|p2b: Litten|91\/100|[from] item: Life Orb\n|\n|t:|1700445237\n|switch|p2b: Pichu|Pichu, M|100\/100|[from] U-turn\n|move|p1b: Froakie|Grass Knot|p2a: Squirtle\n|-start|p1b: Froakie|typechange|Grass|[from] ability: Protean\n|-supereffective|p2a: Squirtle\n|-damage|p2a: Squirtle|68\/100\n|move|p2a: Squirtle|Ice Beam|p1a: Litten\n|-resisted|p1a: Litten\n|-damage|p1a: Litten|51\/100\n|\n|-heal|p1b: Froakie|100\/100|[from] Grassy Terrain\n|-heal|p1a: Litten|57\/100|[from] Grassy Terrain\n|-heal|p2a: Squirtle|74\/100|[from] Grassy Terrain\n|upkeep\n|turn|4\n|\n|t:|1700445285\n|switch|p1a: Pichu|Pichu, M|100\/100\n|move|p1b: Froakie|Round|p2b: Pichu\n|-damage|p2b: Pichu|37\/100\n|move|p2b: Pichu|Nuzzle|p1a: Pichu\n|-ability|p1a: Pichu|Lightning Rod|boost\n|-boost|p1a: Pichu|spa|1\n|move|p2a: Squirtle|Ice Beam|p1b: Froakie\n|-supereffective|p1b: Froakie\n|-damage|p1b: Froakie|34\/100\n|\n|-heal|p1b: Froakie|40\/100|[from] Grassy Terrain\n|-heal|p2b: Pichu|43\/100|[from] Grassy Terrain\n|-heal|p2a: Squirtle|80\/100|[from] Grassy Terrain\n|upkeep\n|turn|5\n|\n|t:|1700445317\n|switch|p2b: Litten|Litten, M|91\/100\n|-ability|p2b: Litten|Intimidate|boost\n|-unboost|p1a: Pichu|atk|1\n|-unboost|p1b: Froakie|atk|1\n|switch|p2a: Larvitar|Larvitar, M|100\/100 brn\n|move|p1b: Froakie|Round|p2b: Litten\n|-damage|p2b: Litten|47\/100\n|move|p1a: Pichu|Round|p2a: Larvitar|[from]move: Round\n|-resisted|p2a: Larvitar\n|-damage|p2a: Larvitar|77\/100 brn\n|-enditem|p1a: Pichu|Throat Spray\n|-boost|p1a: Pichu|spa|1|[from] item: Throat Spray\n|\n|-heal|p2b: Litten|54\/100|[from] Grassy Terrain\n|-heal|p1b: Froakie|46\/100|[from] Grassy Terrain\n|-heal|p2a: Larvitar|83\/100 brn|[from] Grassy Terrain\n|-damage|p2a: Larvitar|77\/100 brn|[from] brn\n|-fieldend|move: Grassy Terrain\n|upkeep\n|turn|6\n|\n|t:|1700445392\n|move|p2b: Litten|Flare Blitz|p1b: Froakie\n|-supereffective|p1b: Froakie\n|-crit|p1b: Froakie\n|-damage|p1b: Froakie|0 fnt\n|faint|p1b: Froakie\n|-damage|p2b: Litten|39\/100|[from] Recoil\n|-damage|p2b: Litten|29\/100|[from] item: Life Orb\n|move|p1a: Pichu|Round|p2b: Litten\n|-damage|p2b: Litten|0 fnt\n|faint|p2b: Litten\n|move|p2a: Larvitar|Rock Slide|p1a: Pichu\n|-damage|p1a: Pichu|0 fnt\n|faint|p1a: Pichu\n|\n|-damage|p2a: Larvitar|71\/100 brn|[from] brn\n|upkeep\n|\n|t:|1700445421\n|switch|p2b: Squirtle|Squirtle, F|80\/100\n|switch|p1b: Litten|Litten, M|57\/100\n|switch|p1a: Grookey|Grookey, F|97\/100\n|-ability|p1b: Litten|Intimidate|boost\n|-unboost|p2a: Larvitar|atk|1\n|-unboost|p2b: Squirtle|atk|1\n|-fieldstart|move: Grassy Terrain|[from] ability: Grassy Surge|[of] p1a: Grookey\n|turn|7\n|\n|t:|1700445457\n|move|p1a: Grookey|Fake Out|p2b: Squirtle\n|-damage|p2b: Squirtle|67\/100\n|-damage|p1a: Grookey|87\/100|[from] item: Life Orb\n|move|p1b: Litten|Hidden Power|p2b: Squirtle\n|-supereffective|p2b: Squirtle\n|-damage|p2b: Squirtle|33\/100\n|cant|p2b: Squirtle|flinch\n|move|p2a: Larvitar|Rock Slide|p1b: Litten|[spread] p1a,p1b\n|-supereffective|p1b: Litten\n|-damage|p1a: Grookey|50\/100\n|-damage|p1b: Litten|0 fnt\n|faint|p1b: Litten\n|\n|-heal|p1a: Grookey|57\/100|[from] Grassy Terrain\n|-heal|p2b: Squirtle|38\/100|[from] Grassy Terrain\n|-heal|p2a: Larvitar|77\/100 brn|[from] Grassy Terrain\n|-damage|p2a: Larvitar|71\/100 brn|[from] brn\n|upkeep\n|\n|t:|1700445476\n|switch|p1b: Riolu|Riolu, M|100\/100\n|turn|8\n|\n|t:|1700445553\n|switch|p2a: Pichu|Pichu, M|43\/100\n|move|p1a: Grookey|Grassy Glide|p2a: Pichu\n|-damage|p2a: Pichu|0 fnt\n|faint|p2a: Pichu\n|-damage|p1a: Grookey|47\/100|[from] item: Life Orb\n|move|p1b: Riolu|Howl|p1b: Riolu|[spread] p1a,p1b\n|-boost|p1a: Grookey|atk|1\n|-boost|p1b: Riolu|atk|1\n|move|p2b: Squirtle|Ice Beam|p1a: Grookey\n|-supereffective|p1a: Grookey\n|-damage|p1a: Grookey|0 fnt\n|faint|p1a: Grookey\n|\n|-heal|p2b: Squirtle|44\/100|[from] Grassy Terrain\n|upkeep\n|\n|t:|1700445572\n|switch|p2a: Chikorita|Chikorita, F|100\/100\n|switch|p1a: Rowlet|Rowlet, F|100\/100\n|turn|9\n|\n|t:|1700445610\n|move|p2b: Squirtle|Protect|p2b: Squirtle\n|-singleturn|p2b: Squirtle|Protect\n|move|p1b: Riolu|Coaching|p1a: Rowlet\n|-boost|p1a: Rowlet|atk|1\n|-boost|p1a: Rowlet|def|1\n|move|p1a: Rowlet|Shadow Sneak|p2b: Squirtle\n|-activate|p2b: Squirtle|move: Protect\n|move|p2a: Chikorita|Seed Bomb|p1b: Riolu\n|-damage|p1b: Riolu|48\/100\n|\n|-heal|p1b: Riolu|53\/100|[from] Grassy Terrain\n|-heal|p2b: Squirtle|50\/100|[from] Grassy Terrain\n|upkeep\n|turn|10\n|\n|t:|1700445643\n|switch|p2b: Larvitar|Larvitar, M|71\/100 brn\n|move|p1b: Riolu|Drain Punch|p2a: Chikorita\n|-damage|p2a: Chikorita|54\/100\n|-heal|p1b: Riolu|85\/100|[from] drain|[of] p2a: Chikorita\n|move|p2a: Chikorita|Seed Bomb|p1b: Riolu\n|-damage|p1b: Riolu|29\/100\n|move|p1a: Rowlet|Grassy Glide|p2b: Larvitar\n|-supereffective|p2b: Larvitar\n|-damage|p2b: Larvitar|0 fnt\n|faint|p2b: Larvitar\n|\n|-heal|p1b: Riolu|34\/100|[from] Grassy Terrain\n|-heal|p2a: Chikorita|60\/100|[from] Grassy Terrain\n|upkeep\n|\n|t:|1700445658\n|switch|p2b: Squirtle|Squirtle, F|50\/100\n|turn|11\n|\n|t:|1700445673\n|move|p1b: Riolu|Bullet Punch|p2b: Squirtle\n|-resisted|p2b: Squirtle\n|-damage|p2b: Squirtle|42\/100\n|move|p2b: Squirtle|Scald|p1a: Rowlet\n|-resisted|p1a: Rowlet\n|-damage|p1a: Rowlet|82\/100\n|move|p2a: Chikorita|Seed Bomb|p1b: Riolu\n|-damage|p1b: Riolu|0 fnt\n|faint|p1b: Riolu\n|move|p1a: Rowlet|Brave Bird|p2a: Chikorita\n|-supereffective|p2a: Chikorita\n|-damage|p2a: Chikorita|0 fnt\n|faint|p2a: Chikorita\n|-damage|p1a: Rowlet|62\/100|[from] Recoil\n|\n|-heal|p2b: Squirtle|48\/100|[from] Grassy Terrain\n|-fieldend|move: Grassy Terrain\n|upkeep\n|turn|12\n|\n|t:|1700445705\n|move|p1a: Rowlet|Shadow Sneak|p2b: Squirtle\n|-damage|p2b: Squirtle|31\/100\n|move|p2b: Squirtle|Ice Beam|p1a: Rowlet\n|-supereffective|p1a: Rowlet\n|-damage|p1a: Rowlet|0 fnt\n|faint|p1a: Rowlet\n|\n|win|NoVainilla\n|c|\u2606MAF1001|gg\n|c|\u2606NoVainilla|xd\n|c|\u2606MAF1001|falta 1\n|l|\u2606NoVainilla\n","uploadtime":1700445714,"views":8,"p1id":"maf1001","p2id":"novainilla","formatid":"gen9nationaldexdoubles","rating":0,"private":0,"password":""}