{"id":"gen9nationaldexdoubles-1977601254","p1":"Watertown","p2":"Elite Four Spiffy","format":"[Gen 9] National Dex Doubles","log":"|j|\u2606Watertown\n|j|\u2606Elite Four Spiffy\n|t:|1698430848\n|gametype|doubles\n|player|p1|Watertown|marlon|1162\n|player|p2|Elite Four Spiffy|ethan-masters|1218\n|teamsize|p1|6\n|teamsize|p2|6\n|gen|9\n|tier|[Gen 9] National Dex Doubles\n|rated|\n|rule|HP Percentage Mod: HP is shown in percentages\n|rule|Endless Battle Clause: Forcing endless battles is banned\n|rule|OHKO Clause: OHKO moves are banned\n|rule|Evasion Moves Clause: Evasion moves are banned\n|rule|Evasion Abilities Clause: Evasion abilities are banned\n|rule|Species Clause: Limit one of each Pok\u00e9mon\n|rule|Gravity Sleep Clause: The combination of sleep-inducing moves with imperfect accuracy and Gravity or Gigantamax Orbeetle are banned\n|clearpoke\n|poke|p1|Camerupt, M|\n|poke|p1|Sandshrew-Alola, M|\n|poke|p1|Flamigo, M|\n|poke|p1|Mew|\n|poke|p1|Crabominable, M|\n|poke|p1|Regigigas|\n|poke|p2|Charizard, F|\n|poke|p2|Darmanitan, F|\n|poke|p2|Turtonator, F|\n|poke|p2|Ceruledge, F|\n|poke|p2|Armarouge, F|\n|poke|p2|Cinderace, F|\n|teampreview\n|inactive|Battle timer is ON: inactive players will automatically lose when time's up. (requested by Elite Four Spiffy)\n|\n|t:|1698430867\n|start\n|switch|p1a: Sandshrew|Sandshrew-Alola, M|100\/100\n|switch|p1b: Camerupt|Camerupt, M|100\/100\n|switch|p2a: Sol|Charizard, F|100\/100\n|switch|p2b: Shelly|Turtonator, F|100\/100\n|turn|1\n|inactive|Elite Four Spiffy has 120 seconds left.\n|\n|t:|1698430898\n|detailschange|p2a: Sol|Charizard-Mega-Y, F\n|-mega|p2a: Sol|Charizard|Charizardite Y\n|-weather|SunnyDay|[from] ability: Drought|[of] p2a: Sol\n|-terastallize|p2b: Shelly|Dragon\n|-terastallize|p1a: Sandshrew|Water\n|move|p2a: Sol|Air Slash|p1b: Camerupt\n|-damage|p1b: Camerupt|37\/100\n|move|p2b: Shelly|Flamethrower|p1a: Sandshrew\n|-resisted|p1a: Sandshrew\n|-damage|p1a: Sandshrew|54\/100\n|move|p1a: Sandshrew|Frost Breath|p1b: Camerupt\n|-crit|p1b: Camerupt\n|-damage|p1b: Camerupt|27\/100\n|-setboost|p1b: Camerupt|atk|6|[from] ability: Anger Point\n|move|p1b: Camerupt|Stone Edge|p2a: Sol\n|-supereffective|p2a: Sol\n|-damage|p2a: Sol|0 fnt\n|faint|p2a: Sol\n|\n|-weather|SunnyDay|[upkeep]\n|upkeep\n|inactive|Elite Four Spiffy has 120 seconds left.\n|\n|t:|1698430916\n|switch|p2a: Lola|Cinderace, F|100\/100\n|turn|2\n|\n|t:|1698430927\n|switch|p1a: Flamigo|Flamigo, M|100\/100\n|-copyboost|p1a: Flamigo|p1b: Camerupt|[from] ability: Costar\n|detailschange|p1b: Camerupt|Camerupt-Mega, M\n|-mega|p1b: Camerupt|Camerupt|Cameruptite\n|move|p2a: Lola|Trailblaze|p1a: Flamigo\n|-start|p2a: Lola|typechange|Grass|[from] ability: Libero\n|-resisted|p1a: Flamigo\n|-damage|p1a: Flamigo|84\/100\n|-boost|p2a: Lola|spe|1\n|move|p2b: Shelly|Dragon Pulse|p1b: Camerupt\n|-damage|p1b: Camerupt|0 fnt\n|faint|p1b: Camerupt\n|\n|-weather|SunnyDay|[upkeep]\n|upkeep\n|\n|t:|1698430939\n|switch|p1b: Mew|Mew|100\/100\n|turn|3\n|\n|t:|1698430959\n|move|p1b: Mew|Fake Out|p2a: Lola\n|-damage|p2a: Lola|88\/100\n|cant|p2a: Lola|flinch\n|move|p1a: Flamigo|Close Combat|p2b: Shelly\n|-damage|p2b: Shelly|0 fnt\n|-unboost|p1a: Flamigo|def|1\n|-unboost|p1a: Flamigo|spd|1\n|faint|p2b: Shelly\n|\n|-weather|SunnyDay|[upkeep]\n|upkeep\n|\n|t:|1698430970\n|switch|p2b: Janai|Ceruledge, F|100\/100\n|turn|4\n|\n|t:|1698430979\n|move|p2a: Lola|Pyro Ball|p1a: Flamigo\n|-damage|p1a: Flamigo|0 fnt\n|faint|p1a: Flamigo\n|move|p1b: Mew|Skill Swap|p2a: Lola\n|-activate|p1b: Mew|move: Skill Swap|Libero|Synchronize|[of] p2a: Lola\n|move|p2b: Janai|Swords Dance|p2b: Janai\n|-boost|p2b: Janai|atk|2\n|\n|-weather|SunnyDay|[upkeep]\n|upkeep\n|\n|t:|1698430982\n|switch|p1a: Regigigas|Regigigas|100\/100\n|-start|p1a: Regigigas|ability: Slow Start\n|turn|5\n|\n|t:|1698430998\n|move|p2a: Lola|Pyro Ball|p1a: Regigigas\n|-damage|p1a: Regigigas|50\/100\n|move|p1b: Mew|Encore|p2b: Janai\n|-start|p1b: Mew|typechange|Normal|[from] ability: Libero\n|-start|p2b: Janai|Encore\n|move|p2b: Janai|Swords Dance|p2b: Janai\n|-boost|p2b: Janai|atk|2\n|move|p1a: Regigigas|Psych Up|p2b: Janai\n|-copyboost|p1a: Regigigas|p2b: Janai|[from] move: Psych Up\n|\n|-weather|none\n|-heal|p1a: Regigigas|56\/100|[from] item: Leftovers\n|upkeep\n|turn|6\n|\n|t:|1698431013\n|switch|p2b: Scarlett|Darmanitan, F|100\/100\n|move|p2a: Lola|Pyro Ball|p1a: Regigigas\n|-damage|p1a: Regigigas|21\/100\n|move|p1b: Mew|Skill Swap|p1a: Regigigas\n|-activate|p1b: Mew|move: Skill Swap|||[of] p1a: Regigigas\n|-end|p1a: Regigigas|Slow Start|[silent]\n|-start|p1b: Mew|ability: Slow Start\n|move|p1a: Regigigas|Return|p2a: Lola\n|-damage|p2a: Lola|0 fnt\n|faint|p2a: Lola\n|\n|-heal|p1a: Regigigas|27\/100|[from] item: Leftovers\n|upkeep\n|\n|t:|1698431028\n|switch|p2a: Janai|Ceruledge, F|100\/100\n|turn|7\n|\n|t:|1698431038\n|move|p1a: Regigigas|Return|p2b: Scarlett\n|-damage|p2b: Scarlett|0 fnt\n|faint|p2b: Scarlett\n|move|p2a: Janai|Bitter Blade|p1a: Regigigas\n|-damage|p1a: Regigigas|0 fnt\n|faint|p1a: Regigigas\n|move|p1b: Mew|Transform|p1: Regigigas|[notarget]\n|-fail|p1b: Mew\n|\n|upkeep\n|\n|t:|1698431048\n|switch|p1a: Crabominable|Crabominable, M|100\/100\n|switch|p2b: Apollonia|Armarouge, F|100\/100\n|turn|8\n|\n|t:|1698431058\n|switch|p1a: Sandshrew|Sandshrew-Alola, M, tera:Water|54\/100\n|move|p2a: Janai|Close Combat|p1b: Mew\n|-supereffective|p1b: Mew\n|-damage|p1b: Mew|30\/100\n|-unboost|p2a: Janai|def|1\n|-unboost|p2a: Janai|spd|1\n|move|p2b: Apollonia|Armor Cannon|p1a: Sandshrew\n|-resisted|p1a: Sandshrew\n|-damage|p1a: Sandshrew|3\/100\n|-unboost|p2b: Apollonia|def|1\n|-unboost|p2b: Apollonia|spd|1\n|move|p1b: Mew|Skill Swap|p2a: Janai\n|-activate|p1b: Mew|move: Skill Swap|Weak Armor|Slow Start|[of] p2a: Janai\n|-end|p1b: Mew|Slow Start|[silent]\n|-start|p2a: Janai|ability: Slow Start\n|\n|-heal|p1b: Mew|36\/100|[from] item: Leftovers\n|upkeep\n|turn|9\n|\n|t:|1698431081\n|move|p1b: Mew|Transform|p2b: Apollonia\n|-transform|p1b: Mew|p2b: Apollonia\n|move|p2b: Apollonia|Psychic|p1b: Mew\n|-resisted|p1b: Mew\n|-damage|p1b: Mew|0 fnt\n|faint|p1b: Mew\n|move|p2a: Janai|Bitter Blade|p1a: Sandshrew\n|-resisted|p1a: Sandshrew\n|-damage|p1a: Sandshrew|0 fnt\n|faint|p1a: Sandshrew\n|\n|upkeep\n|\n|t:|1698431088\n|switch|p1b: Crabominable|Crabominable, M|100\/100\n|turn|10\n|\n|t:|1698431099\n|-zpower|p2b: Apollonia\n|move|p2b: Apollonia|Inferno Overdrive|p1b: Crabominable|[zeffect]\n|-supereffective|p1b: Crabominable\n|-damage|p1b: Crabominable|0 fnt\n|faint|p1b: Crabominable\n|\n|win|Elite Four Spiffy\n|raw|Watertown's rating: 1162 &rarr; <strong>1141<\/strong><br \/>(-21 for losing)\n|raw|Elite Four Spiffy's rating: 1218 &rarr; <strong>1239<\/strong><br \/>(+21 for winning)\n|l|\u2606Watertown\n","uploadtime":1698431108,"views":14,"p1id":"watertown","p2id":"elitefourspiffy","formatid":"gen9nationaldexdoubles","rating":1141,"private":0,"password":""}