{"id":"gen9nationaldexdoubles-1999352981","p1":"DazzlingBrilliance","p2":"lonelydumbass","format":"[Gen 9] National Dex Doubles","log":"|j|\u2606DazzlingBrilliance\n|j|\u2606lonelydumbass\n|t:|1701065253\n|gametype|doubles\n|player|p1|DazzlingBrilliance|striker|1062\n|player|p2|lonelydumbass|guitarist-gen4|1315\n|teamsize|p1|6\n|teamsize|p2|6\n|gen|9\n|tier|[Gen 9] National Dex Doubles\n|rated|\n|rule|HP Percentage Mod: HP is shown in percentages\n|rule|Endless Battle Clause: Forcing endless battles is banned\n|rule|OHKO Clause: OHKO moves are banned\n|rule|Evasion Moves Clause: Evasion moves are banned\n|rule|Evasion Abilities Clause: Evasion abilities are banned\n|rule|Species Clause: Limit one of each Pok\u00e9mon\n|rule|Gravity Sleep Clause: The combination of sleep-inducing moves with imperfect accuracy and Gravity or Gigantamax Orbeetle are banned\n|clearpoke\n|poke|p1|Jumpluff, M|\n|poke|p1|Qwilfish, M|\n|poke|p1|Chandelure, M|\n|poke|p1|Muk-Alola, M|\n|poke|p1|Blissey, F|\n|poke|p1|Altaria, M|\n|poke|p2|Cresselia, F|\n|poke|p2|Amoonguss, F|\n|poke|p2|Incineroar, M|\n|poke|p2|Indeedee-F, F|\n|poke|p2|Alakazam, F|\n|poke|p2|Ursaluna, M|\n|teampreview\n|\n|t:|1701065304\n|start\n|switch|p1a: Jumpluff|Jumpluff, M, shiny|100\/100\n|switch|p1b: Qweefish|Qwilfish, M, shiny|100\/100\n|switch|p2a: my terrain|Indeedee-F, F|100\/100\n|switch|p2b: Alakazam|Alakazam, F|100\/100\n|-ability|p1b: Qweefish|Intimidate|boost\n|-unboost|p2a: my terrain|atk|1\n|-unboost|p2b: Alakazam|atk|1\n|-fieldstart|move: Psychic Terrain|[from] ability: Psychic Surge|[of] p2a: my terrain\n|-enditem|p2a: my terrain|Psychic Seed\n|-boost|p2a: my terrain|spd|1|[from] item: Psychic Seed\n|turn|1\n|\n|t:|1701065337\n|switch|p1b: Muk|Muk-Alola, M, shiny|100\/100\n|switch|p1a: Blissey|Blissey, F, shiny|100\/100\n|detailschange|p2b: Alakazam|Alakazam-Mega, F\n|-mega|p2b: Alakazam|Alakazam|Alakazite\n|-ability|p2b: Alakazam|Poison Touch|[from] ability: Trace|[of] p1b: Muk\n|move|p2a: my terrain|Follow Me|p2a: my terrain\n|-singleturn|p2a: my terrain|move: Follow Me\n|move|p2b: Alakazam|Expanding Force|p1b: Muk|[spread] p1a\n|-immune|p1b: Muk\n|-damage|p1a: Blissey|70\/100\n|\n|-heal|p1a: Blissey|77\/100|[from] item: Leftovers\n|upkeep\n|turn|2\n|\n|t:|1701065374\n|switch|p2b: MILI|Incineroar, M|100\/100\n|-ability|p2b: MILI|Intimidate|boost\n|-unboost|p1a: Blissey|atk|1\n|-unboost|p1b: Muk|atk|1\n|move|p1a: Blissey|Mud-Slap|p2b: MILI\n|-supereffective|p2b: MILI\n|-damage|p2b: MILI|93\/100\n|-unboost|p2b: MILI|accuracy|1\n|move|p1b: Muk|Power-Up Punch|p2a: my terrain\n|-damage|p2a: my terrain|93\/100\n|-boost|p1b: Muk|atk|1\n|move|p2a: my terrain|Trick Room|p2a: my terrain\n|-fieldstart|move: Trick Room|[of] p2a: my terrain\n|\n|-heal|p1a: Blissey|83\/100|[from] item: Leftovers\n|upkeep\n|turn|3\n|\n|t:|1701065401\n|move|p1b: Muk|Power-Up Punch|p2a: my terrain\n|-damage|p2a: my terrain|84\/100\n|-boost|p1b: Muk|atk|1\n|-status|p2a: my terrain|psn|[from] ability: Poison Touch|[of] p1b: Muk\n|move|p2b: MILI|Knock Off|p1a: Blissey\n|-damage|p1a: Blissey|48\/100\n|-enditem|p1a: Blissey|Leftovers|[from] move: Knock Off|[of] p2b: MILI\n|move|p2a: my terrain|Dazzling Gleam|p1a: Blissey|[spread] p1a,p1b\n|-damage|p1a: Blissey|43\/100\n|-damage|p1b: Muk|90\/100\n|move|p1a: Blissey|Charge Beam|p2b: MILI\n|-damage|p2b: MILI|86\/100\n|-boost|p1a: Blissey|spa|1\n|\n|-heal|p1b: Muk|96\/100|[from] item: Leftovers\n|-damage|p2a: my terrain|71\/100 psn|[from] psn\n|upkeep\n|turn|4\n|\n|t:|1701065429\n|move|p2a: my terrain|Follow Me|p2a: my terrain\n|-singleturn|p2a: my terrain|move: Follow Me\n|move|p1b: Muk|Power-Up Punch|p2a: my terrain\n|-damage|p2a: my terrain|55\/100 psn\n|-boost|p1b: Muk|atk|1\n|move|p2b: MILI|Parting Shot|p1b: Muk\n|-unboost|p1b: Muk|atk|1\n|-unboost|p1b: Muk|spa|1\n|\n|t:|1701065440\n|switch|p2b: Amoonguss|Amoonguss, F|100\/100|[from] Parting Shot\n|move|p1a: Blissey|Mud-Slap|p2a: my terrain\n|-damage|p2a: my terrain|51\/100 psn\n|-unboost|p2a: my terrain|accuracy|1\n|\n|-heal|p1b: Muk|100\/100|[from] item: Leftovers\n|-damage|p2a: my terrain|39\/100 psn|[from] psn\n|upkeep\n|turn|5\n|\n|t:|1701065474\n|switch|p2a: 5turnsInTrickRoom|Ursaluna, M|100\/100\n|move|p2b: Amoonguss|Spore|p1b: Muk\n|-status|p1b: Muk|slp|[from] move: Spore\n|cant|p1b: Muk|slp\n|move|p1a: Blissey|Mud-Slap|p2b: Amoonguss\n|-damage|p2b: Amoonguss|96\/100\n|-unboost|p2b: Amoonguss|accuracy|1\n|\n|-heal|p2b: Amoonguss|100\/100|[from] item: Black Sludge\n|-fieldend|move: Psychic Terrain\n|-status|p2a: 5turnsInTrickRoom|brn|[from] item: Flame Orb\n|upkeep\n|turn|6\n|\n|t:|1701065523\n|switch|p2b: Healbot #1|Cresselia, F, shiny|100\/100\n|switch|p1b: Jumpluff|Jumpluff, M, shiny|100\/100\n|switch|p1a: Qweefish|Qwilfish, M, shiny|100\/100\n|-ability|p1a: Qweefish|Intimidate|boost\n|-unboost|p2a: 5turnsInTrickRoom|atk|1\n|-unboost|p2b: Healbot #1|atk|1\n|move|p2a: 5turnsInTrickRoom|Earthquake|p1b: Jumpluff|[spread] p1a\n|-immune|p2b: Healbot #1|[from] ability: Levitate\n|-immune|p1b: Jumpluff\n|-supereffective|p1a: Qweefish\n|-damage|p1a: Qweefish|0 fnt\n|faint|p1a: Qweefish\n|\n|-damage|p2a: 5turnsInTrickRoom|94\/100 brn|[from] brn\n|-fieldend|move: Trick Room\n|upkeep\n|\n|t:|1701065547\n|switch|p1a: Blissey|Blissey, F, shiny|43\/100\n|turn|7\n|\n|t:|1701065559\n|switch|p2a: my terrain|Indeedee-F, F|39\/100 psn\n|-fieldstart|move: Psychic Terrain|[from] ability: Psychic Surge|[of] p2a: my terrain\n|move|p1b: Jumpluff|Pollen Puff|p1a: Blissey\n|-heal|p1a: Blissey|93\/100\n|move|p1a: Blissey|Heal Bell|p1a: Blissey\n|-activate|p1a: Blissey|move: Heal Bell\n|-curestatus|p1: Muk|slp|[msg]\n|move|p2b: Healbot #1|Trick Room|p2b: Healbot #1\n|-fieldstart|move: Trick Room|[of] p2b: Healbot #1\n|\n|-damage|p2a: my terrain|26\/100 psn|[from] psn\n|upkeep\n|turn|8\n|\n|t:|1701065603\n|switch|p2a: 5turnsInTrickRoom|Ursaluna, M|94\/100 brn\n|move|p2b: Healbot #1|Lunar Blessing|p2b: Healbot #1|[spread] p2a,p2b\n|-heal|p2a: 5turnsInTrickRoom|100\/100 brn\n|-curestatus|p2a: 5turnsInTrickRoom|brn|[msg]\n|move|p1a: Blissey|Charge Beam|p2a: 5turnsInTrickRoom\n|-immune|p2a: 5turnsInTrickRoom\n|move|p1b: Jumpluff|Sleep Powder|p2b: Healbot #1\n|-status|p2b: Healbot #1|slp|[from] move: Sleep Powder\n|\n|-status|p2a: 5turnsInTrickRoom|brn|[from] item: Flame Orb\n|upkeep\n|turn|9\n|\n|t:|1701065643\n|switch|p2b: my terrain|Indeedee-F, F|26\/100 psn\n|switch|p1a: Altaria|Altaria, M, shiny|100\/100\n|-ability|p1a: Altaria|Cloud Nine\n|move|p2a: 5turnsInTrickRoom|Facade|p1a: Altaria\n|-damage|p1a: Altaria|0 fnt\n|faint|p1a: Altaria\n|move|p1b: Jumpluff|Leech Seed|p2a: 5turnsInTrickRoom\n|-start|p2a: 5turnsInTrickRoom|move: Leech Seed\n|\n|-damage|p2a: 5turnsInTrickRoom|88\/100 brn|[from] Leech Seed|[of] p1b: Jumpluff\n|-damage|p2b: my terrain|14\/100 psn|[from] psn\n|-damage|p2a: 5turnsInTrickRoom|82\/100 brn|[from] brn\n|upkeep\n|\n|t:|1701065662\n|switch|p1a: Blissey|Blissey, F, shiny|93\/100\n|turn|10\n|\n|t:|1701065681\n|move|p2b: my terrain|Follow Me|p2b: my terrain\n|-singleturn|p2b: my terrain|move: Follow Me\n|move|p2a: 5turnsInTrickRoom|Facade|p1b: Jumpluff\n|-damage|p1b: Jumpluff|0 fnt\n|faint|p1b: Jumpluff\n|move|p1a: Blissey|Mud-Slap|p2b: my terrain\n|-damage|p2b: my terrain|10\/100 psn\n|-unboost|p2b: my terrain|accuracy|1\n|\n|-damage|p2b: my terrain|0 fnt|[from] psn\n|faint|p2b: my terrain\n|-damage|p2a: 5turnsInTrickRoom|76\/100 brn|[from] brn\n|upkeep\n|\n|t:|1701065698\n|switch|p2b: Amoonguss|Amoonguss, F|100\/100\n|switch|p1b: Muk|Muk-Alola, M, shiny|100\/100\n|turn|11\n|\n|t:|1701065709\n|-terastallize|p1b: Muk|Grass\n|move|p2b: Amoonguss|Spore|p1a: Blissey\n|-status|p1a: Blissey|slp|[from] move: Spore\n|move|p2a: 5turnsInTrickRoom|Facade|p1b: Muk\n|-damage|p1b: Muk|4\/100\n|move|p1b: Muk|Power-Up Punch|p2a: 5turnsInTrickRoom\n|-supereffective|p2a: 5turnsInTrickRoom\n|-damage|p2a: 5turnsInTrickRoom|62\/100 brn\n|-boost|p1b: Muk|atk|1\n|cant|p1a: Blissey|slp\n|\n|-heal|p1b: Muk|10\/100|[from] item: Leftovers\n|-damage|p2a: 5turnsInTrickRoom|50\/100 brn|[from] Leech Seed|[of] p1b: Muk\n|-heal|p1b: Muk|26\/100|[silent]\n|-damage|p2a: 5turnsInTrickRoom|43\/100 brn|[from] brn\n|-fieldend|move: Trick Room\n|-fieldend|move: Psychic Terrain\n|upkeep\n|turn|12\n|\n|t:|1701065748\n|-terastallize|p2a: 5turnsInTrickRoom|Ghost\n|-curestatus|p1a: Blissey|slp|[msg]\n|move|p1a: Blissey|Mud-Slap|p2b: Amoonguss\n|-damage|p2b: Amoonguss|97\/100\n|-unboost|p2b: Amoonguss|accuracy|1\n|move|p1b: Muk|Knock Off|p2a: 5turnsInTrickRoom\n|-supereffective|p2a: 5turnsInTrickRoom\n|-damage|p2a: 5turnsInTrickRoom|0 fnt\n|-enditem|p2a: 5turnsInTrickRoom|Flame Orb|[from] move: Knock Off|[of] p1b: Muk\n|faint|p2a: 5turnsInTrickRoom\n|move|p2b: Amoonguss|Pollen Puff|p2: 5turnsInTrickRoom|[notarget]\n|-fail|p2b: Amoonguss\n|\n|-heal|p1b: Muk|32\/100|[from] item: Leftovers\n|-heal|p2b: Amoonguss|100\/100|[from] item: Black Sludge\n|upkeep\n|\n|t:|1701065764\n|switch|p2a: MILI|Incineroar, M|86\/100\n|-ability|p2a: MILI|Intimidate|boost\n|-unboost|p1a: Blissey|atk|1\n|-unboost|p1b: Muk|atk|1\n|turn|13\n|\n|t:|1701065793\n|switch|p2b: Alakazam|Alakazam-Mega, F|100\/100\n|-ability|p2b: Alakazam|Poison Touch|[from] ability: Trace|[of] p1b: Muk\n|move|p2a: MILI|Fake Out|p1a: Blissey\n|-damage|p1a: Blissey|82\/100\n|cant|p1a: Blissey|flinch\n|move|p1b: Muk|Power-Up Punch|p2a: MILI\n|-supereffective|p2a: MILI\n|-damage|p2a: MILI|69\/100\n|-boost|p1b: Muk|atk|1\n|\n|-heal|p1b: Muk|38\/100|[from] item: Leftovers\n|upkeep\n|turn|14\n|\n|t:|1701065832\n|move|p1b: Muk|Shadow Sneak|p2b: Alakazam\n|-supereffective|p2b: Alakazam\n|-damage|p2b: Alakazam|46\/100\n|-status|p2b: Alakazam|psn|[from] ability: Poison Touch|[of] p1b: Muk\n|move|p2b: Alakazam|Expanding Force|p1b: Muk\n|-damage|p1b: Muk|0 fnt\n|faint|p1b: Muk\n|move|p1a: Blissey|Mud-Slap|p2b: Alakazam\n|-damage|p2b: Alakazam|40\/100 psn\n|-unboost|p2b: Alakazam|accuracy|1\n|move|p2a: MILI|Flare Blitz|p1a: Blissey\n|-damage|p1a: Blissey|40\/100\n|-damage|p2a: MILI|45\/100|[from] Recoil\n|-enditem|p2a: MILI|Sitrus Berry|[eat]\n|-heal|p2a: MILI|70\/100|[from] item: Sitrus Berry\n|\n|-damage|p2b: Alakazam|27\/100 psn|[from] psn\n|upkeep\n|\n|t:|1701065850\n|switch|p1b: Chandelure|Chandelure, M, shiny|100\/100\n|turn|15\n|\n|t:|1701065864\n|switch|p2b: Amoonguss|Amoonguss, F|100\/100\n|move|p1b: Chandelure|Calm Mind|p1b: Chandelure\n|-boost|p1b: Chandelure|spa|1\n|-boost|p1b: Chandelure|spd|1\n|move|p1a: Blissey|Mud-Slap|p2a: MILI\n|-supereffective|p2a: MILI\n|-damage|p2a: MILI|63\/100\n|-unboost|p2a: MILI|accuracy|1\n|move|p2a: MILI|Parting Shot|p1b: Chandelure\n|-unboost|p1b: Chandelure|atk|1\n|-unboost|p1b: Chandelure|spa|1\n|\n|t:|1701065876\n|switch|p2a: Alakazam|Alakazam-Mega, F|27\/100 psn|[from] Parting Shot\n|-ability|p2a: Alakazam|Serene Grace|[from] ability: Trace|[of] p1a: Blissey\n|\n|-damage|p2a: Alakazam|15\/100 psn|[from] psn\n|upkeep\n|turn|16\n|\n|t:|1701065893\n|move|p2a: Alakazam|Expanding Force|p1b: Chandelure\n|-damage|p1b: Chandelure|60\/100\n|move|p1b: Chandelure|Calm Mind|p1b: Chandelure\n|-boost|p1b: Chandelure|spa|1\n|-boost|p1b: Chandelure|spd|1\n|move|p1a: Blissey|Charge Beam|p2a: Alakazam\n|-damage|p2a: Alakazam|2\/100 psn\n|-boost|p1a: Blissey|spa|1\n|move|p2b: Amoonguss|Pollen Puff|p2a: Alakazam\n|-heal|p2a: Alakazam|51\/100 psn\n|\n|-heal|p1b: Chandelure|66\/100|[from] item: Leftovers\n|-damage|p2a: Alakazam|39\/100 psn|[from] psn\n|upkeep\n|turn|17\n|\n|t:|1701065932\n|move|p2a: Alakazam|Expanding Force|p1b: Chandelure\n|-damage|p1b: Chandelure|38\/100\n|move|p1b: Chandelure|Calm Mind|p1b: Chandelure\n|-boost|p1b: Chandelure|spa|1\n|-boost|p1b: Chandelure|spd|1\n|move|p1a: Blissey|Charge Beam|p2a: Alakazam\n|-damage|p2a: Alakazam|20\/100 psn\n|-boost|p1a: Blissey|spa|1\n|move|p2b: Amoonguss|Spore|p1b: Chandelure\n|-status|p1b: Chandelure|slp|[from] move: Spore\n|\n|-heal|p1b: Chandelure|44\/100 slp|[from] item: Leftovers\n|-damage|p2a: Alakazam|8\/100 psn|[from] psn\n|upkeep\n|turn|18\n|\n|t:|1701065963\n|move|p2a: Alakazam|Expanding Force|p1a: Blissey\n|-damage|p1a: Blissey|19\/100\n|cant|p1b: Chandelure|slp\n|move|p1a: Blissey|Psychic|p2b: Amoonguss\n|-supereffective|p2b: Amoonguss\n|-crit|p2b: Amoonguss\n|-damage|p2b: Amoonguss|24\/100\n|move|p2b: Amoonguss|Pollen Puff|p2a: Alakazam\n|-heal|p2a: Alakazam|57\/100 psn\n|\n|-heal|p1b: Chandelure|50\/100 slp|[from] item: Leftovers\n|-heal|p2b: Amoonguss|30\/100|[from] item: Black Sludge\n|-damage|p2a: Alakazam|45\/100 psn|[from] psn\n|upkeep\n|turn|19\n|\n|t:|1701066053\n|move|p2a: Alakazam|Expanding Force|p1b: Chandelure\n|-damage|p1b: Chandelure|25\/100 slp\n|cant|p1b: Chandelure|slp\n|move|p1a: Blissey|Mud-Slap|p2a: Alakazam\n|-damage|p2a: Alakazam|34\/100 psn\n|-unboost|p2a: Alakazam|accuracy|1\n|move|p2b: Amoonguss|Pollen Puff|p2a: Alakazam\n|-heal|p2a: Alakazam|84\/100 psn\n|\n|-heal|p1b: Chandelure|31\/100 slp|[from] item: Leftovers\n|-heal|p2b: Amoonguss|36\/100|[from] item: Black Sludge\n|-damage|p2a: Alakazam|72\/100 psn|[from] psn\n|upkeep\n|turn|20\n|\n|t:|1701066092\n|switch|p2a: MILI|Incineroar, M|63\/100\n|-ability|p2a: MILI|Intimidate|boost\n|-unboost|p1a: Blissey|atk|1\n|-unboost|p1b: Chandelure|atk|1\n|-curestatus|p1b: Chandelure|slp|[msg]\n|move|p1b: Chandelure|Heat Wave|p2a: MILI|[spread] p2a\n|-miss|p1b: Chandelure|p2b: Amoonguss\n|-resisted|p2a: MILI\n|-damage|p2a: MILI|36\/100\n|move|p1a: Blissey|Mud-Slap|p2b: Amoonguss\n|-damage|p2b: Amoonguss|30\/100\n|-unboost|p2b: Amoonguss|accuracy|1\n|move|p2b: Amoonguss|Leaf Storm|p1a: Blissey|[miss]\n|-miss|p2b: Amoonguss|p1a: Blissey\n|\n|-heal|p1b: Chandelure|37\/100|[from] item: Leftovers\n|-heal|p2b: Amoonguss|36\/100|[from] item: Black Sludge\n|upkeep\n|turn|21\n|\n|t:|1701066127\n|move|p2b: Amoonguss|Rage Powder|p2b: Amoonguss\n|-singleturn|p2b: Amoonguss|move: Rage Powder\n|move|p1b: Chandelure|Heat Wave|p2a: MILI|[spread] p2a,p2b\n|-resisted|p2a: MILI\n|-supereffective|p2b: Amoonguss\n|-damage|p2a: MILI|8\/100\n|-damage|p2b: Amoonguss|0 fnt\n|faint|p2b: Amoonguss\n|move|p1a: Blissey|Mud-Slap|p2a: MILI\n|-supereffective|p2a: MILI\n|-damage|p2a: MILI|0 fnt\n|faint|p2a: MILI\n|\n|-heal|p1b: Chandelure|43\/100|[from] item: Leftovers\n|upkeep\n|\n|t:|1701066136\n|switch|p2a: Healbot #1|Cresselia, F, shiny|100\/100 slp\n|switch|p2b: Alakazam|Alakazam-Mega, F|72\/100 psn\n|-ability|p2b: Alakazam|Serene Grace|[from] ability: Trace|[of] p1a: Blissey\n|turn|22\n|\n|t:|1701066156\n|cant|p2a: Healbot #1|slp\n|move|p2b: Alakazam|Expanding Force|p1b: Chandelure\n|-damage|p1b: Chandelure|16\/100\n|move|p1b: Chandelure|Heat Wave|p2a: Healbot #1|[spread] p2a,p2b\n|-damage|p2a: Healbot #1|60\/100 slp\n|-damage|p2b: Alakazam|0 fnt\n|faint|p2b: Alakazam\n|move|p1a: Blissey|Mud-Slap|p2a: Healbot #1\n|-immune|p2a: Healbot #1|[from] ability: Levitate\n|\n|-heal|p1b: Chandelure|22\/100|[from] item: Leftovers\n|-heal|p2a: Healbot #1|66\/100 slp|[from] item: Leftovers\n|upkeep\n|turn|23\n|\n|t:|1701066209\n|move|p1b: Chandelure|Heat Wave|p2a: Healbot #1\n|-damage|p2a: Healbot #1|16\/100 slp\n|move|p1a: Blissey|Psychic|p2a: Healbot #1\n|-resisted|p2a: Healbot #1\n|-damage|p2a: Healbot #1|6\/100 slp\n|cant|p2a: Healbot #1|slp\n|\n|-heal|p1b: Chandelure|28\/100|[from] item: Leftovers\n|-heal|p2a: Healbot #1|12\/100 slp|[from] item: Leftovers\n|upkeep\n|turn|24\n|\n|t:|1701066239\n|move|p1b: Chandelure|Heat Wave|p2a: Healbot #1\n|-damage|p2a: Healbot #1|0 fnt\n|faint|p2a: Healbot #1\n|\n|win|DazzlingBrilliance\n|raw|DazzlingBrilliance's rating: 1062 &rarr; <strong>1112<\/strong><br \/>(+50 for winning)\n|raw|lonelydumbass's rating: 1315 &rarr; <strong>1283<\/strong><br \/>(-32 for losing)\n|l|\u2606DazzlingBrilliance\n|j|\u2606DazzlingBrilliance\n|player|p1|DazzlingBrilliance|striker\n|l|\u2606DazzlingBrilliance\n|player|p1|\n|j|\u2606DazzlingBrilliance\n|player|p1|DazzlingBrilliance|striker\n","uploadtime":1701066258,"views":0,"p1id":"dazzlingbrilliance","p2id":"lonelydumbass","formatid":"gen9nationaldexdoubles","rating":1112,"private":0,"password":""}