{"id":"gen9nationaldexdoubles-1998562065","p1":"JonnSalchichon","p2":"Kazutoxo","format":"[Gen 9] National Dex Doubles","log":"|j|\u2606JonnSalchichon\n|j|\u2606Kazutoxo\n|t:|1700956631\n|gametype|doubles\n|player|p1|JonnSalchichon|leon-masters|1155\n|player|p2|Kazutoxo|ingo|1451\n|teamsize|p1|6\n|teamsize|p2|6\n|gen|9\n|tier|[Gen 9] National Dex Doubles\n|rated|\n|rule|HP Percentage Mod: HP is shown in percentages\n|rule|Endless Battle Clause: Forcing endless battles is banned\n|rule|OHKO Clause: OHKO moves are banned\n|rule|Evasion Moves Clause: Evasion moves are banned\n|rule|Evasion Abilities Clause: Evasion abilities are banned\n|rule|Species Clause: Limit one of each Pok\u00e9mon\n|rule|Gravity Sleep Clause: The combination of sleep-inducing moves with imperfect accuracy and Gravity or Gigantamax Orbeetle are banned\n|clearpoke\n|poke|p1|Armarouge, F|\n|poke|p1|Indeedee-F, F|\n|poke|p1|Mew|\n|poke|p1|Gardevoir, M|\n|poke|p1|Maushold-Four|\n|poke|p1|Hatterene, F|\n|poke|p2|Charizard, M|\n|poke|p2|Ogerpon-Hearthflame, F|\n|poke|p2|Incineroar, F|\n|poke|p2|Arcanine-Hisui, F|\n|poke|p2|Gastrodon, M|\n|poke|p2|Torkoal, M|\n|teampreview\n|\n|t:|1700956643\n|start\n|switch|p1a: Armarouge|Armarouge, F|100\/100\n|switch|p1b: Mew|Mew|100\/100\n|switch|p2a: Incineroar|Incineroar, F|100\/100\n|switch|p2b: Ogerpon|Ogerpon-Hearthflame, F|100\/100\n|-ability|p2b: Ogerpon|Mold Breaker\n|-ability|p2a: Incineroar|Intimidate|boost\n|-unboost|p1a: Armarouge|atk|1\n|-unboost|p1b: Mew|atk|1\n|turn|1\n|\n|t:|1700956686\n|switch|p1b: Indeedee|Indeedee-F, F|100\/100\n|-fieldstart|move: Psychic Terrain|[from] ability: Psychic Surge|[of] p1b: Indeedee\n|move|p2b: Ogerpon|Ivy Cudgel|p1b: Indeedee|[anim] Ivy Cudgel Fire\n|-damage|p1b: Indeedee|14\/100\n|move|p1a: Armarouge|Expanding Force|p2b: Ogerpon|[spread] p2b\n|-immune|p2a: Incineroar\n|-damage|p2b: Ogerpon|37\/100\n|move|p2a: Incineroar|Knock Off|p1a: Armarouge\n|-supereffective|p1a: Armarouge\n|-damage|p1a: Armarouge|7\/100\n|-ability|p1a: Armarouge|Weak Armor|boost\n|-unboost|p1a: Armarouge|def|1\n|-boost|p1a: Armarouge|spe|2\n|-enditem|p1a: Armarouge|Weakness Policy\n|-boost|p1a: Armarouge|atk|2|[from] item: Weakness Policy\n|-boost|p1a: Armarouge|spa|2|[from] item: Weakness Policy\n|\n|upkeep\n|turn|2\n|\n|t:|1700956709\n|move|p2b: Ogerpon|Spiky Shield|p2b: Ogerpon\n|-singleturn|p2b: Ogerpon|move: Protect\n|move|p1b: Indeedee|Follow Me|p1b: Indeedee\n|-singleturn|p1b: Indeedee|move: Follow Me\n|move|p1a: Armarouge|Heat Wave|p2b: Ogerpon|[spread] p2a\n|-activate|p2b: Ogerpon|move: Protect\n|-resisted|p2a: Incineroar\n|-damage|p2a: Incineroar|68\/100\n|move|p2a: Incineroar|Knock Off|p1b: Indeedee\n|-supereffective|p1b: Indeedee\n|-damage|p1b: Indeedee|0 fnt\n|-enditem|p1b: Indeedee|Terrain Extender|[from] move: Knock Off|[of] p2a: Incineroar\n|faint|p1b: Indeedee\n|\n|upkeep\n|\n|t:|1700956731\n|switch|p1b: Maushold|Maushold-Four|100\/100\n|turn|3\n|\n|t:|1700956764\n|move|p2b: Ogerpon|Spiky Shield||[still]\n|-fail|p2b: Ogerpon\n|move|p1b: Maushold|Follow Me|p1b: Maushold\n|-singleturn|p1b: Maushold|move: Follow Me\n|move|p1a: Armarouge|Heat Wave|p2a: Incineroar|[spread] p2b\n|-miss|p1a: Armarouge|p2a: Incineroar\n|-damage|p2b: Ogerpon|0 fnt\n|faint|p2b: Ogerpon\n|move|p2a: Incineroar|Parting Shot|p1b: Maushold\n|-unboost|p1b: Maushold|atk|1\n|-unboost|p1b: Maushold|spa|1\n|\n|t:|1700956788\n|switch|p2a: Charizard|Charizard, M|100\/100|[from] Parting Shot\n|\n|upkeep\n|\n|t:|1700956794\n|switch|p2b: Incineroar|Incineroar, F|68\/100\n|-ability|p2b: Incineroar|Intimidate|boost\n|-unboost|p1a: Armarouge|atk|1\n|-unboost|p1b: Maushold|atk|1\n|turn|4\n|\n|t:|1700956806\n|detailschange|p2a: Charizard|Charizard-Mega-Y, M\n|-mega|p2a: Charizard|Charizard|Charizardite Y\n|-weather|SunnyDay|[from] ability: Drought|[of] p2a: Charizard\n|move|p2a: Charizard|Protect|p2a: Charizard\n|-singleturn|p2a: Charizard|Protect\n|move|p1b: Maushold|Follow Me|p1b: Maushold\n|-singleturn|p1b: Maushold|move: Follow Me\n|move|p1a: Armarouge|Expanding Force|p2a: Charizard|[spread] \n|-activate|p2a: Charizard|move: Protect\n|-immune|p2b: Incineroar\n|move|p2b: Incineroar|Knock Off|p1b: Maushold\n|-damage|p1b: Maushold|42\/100\n|-enditem|p1b: Maushold|Focus Sash|[from] move: Knock Off|[of] p2b: Incineroar\n|\n|-weather|SunnyDay|[upkeep]\n|upkeep\n|turn|5\n|\n|t:|1700956833\n|move|p1b: Maushold|Follow Me|p1b: Maushold\n|-singleturn|p1b: Maushold|move: Follow Me\n|move|p1a: Armarouge|Expanding Force|p2a: Charizard|[spread] p2a\n|-immune|p2b: Incineroar\n|-damage|p2a: Charizard|0 fnt\n|faint|p2a: Charizard\n|move|p2b: Incineroar|Knock Off|p1b: Maushold\n|-damage|p1b: Maushold|3\/100\n|\n|-weather|SunnyDay|[upkeep]\n|upkeep\n|\n|t:|1700956848\n|switch|p2a: Torkoal|Torkoal, M|100\/100\n|turn|6\n|\n|t:|1700956859\n|move|p2a: Torkoal|Protect|p2a: Torkoal\n|-singleturn|p2a: Torkoal|Protect\n|move|p1b: Maushold|Follow Me|p1b: Maushold\n|-singleturn|p1b: Maushold|move: Follow Me\n|move|p1a: Armarouge|Expanding Force|p2b: Incineroar|[spread] \n|-activate|p2a: Torkoal|move: Protect\n|-immune|p2b: Incineroar\n|move|p2b: Incineroar|Knock Off|p1b: Maushold\n|-damage|p1b: Maushold|0 fnt\n|faint|p1b: Maushold\n|\n|-weather|SunnyDay|[upkeep]\n|upkeep\n|\n|t:|1700956865\n|switch|p1b: Mew|Mew|100\/100\n|turn|7\n|\n|t:|1700956878\n|move|p2a: Torkoal|Helping Hand|p2b: Incineroar\n|-singleturn|p2b: Incineroar|Helping Hand|[of] p2a: Torkoal\n|move|p1a: Armarouge|Expanding Force|p2a: Torkoal|[spread] p2a\n|-immune|p2b: Incineroar\n|-damage|p2a: Torkoal|0 fnt\n|faint|p2a: Torkoal\n|move|p1b: Mew|Trick|p2b: Incineroar\n|-activate|p1b: Mew|move: Trick|[of] p2b: Incineroar\n|-item|p2b: Incineroar|Choice Scarf|[from] move: Trick\n|-item|p1b: Mew|Safety Goggles|[from] move: Trick\n|move|p2b: Incineroar|Knock Off|p1b: Mew\n|-supereffective|p1b: Mew\n|-damage|p1b: Mew|0 fnt\n|-enditem|p1b: Mew|Safety Goggles|[from] move: Knock Off|[of] p2b: Incineroar\n|faint|p1b: Mew\n|\n|-weather|SunnyDay|[upkeep]\n|upkeep\n|\n|t:|1700956899\n|switch|p1b: Gardevoir|Gardevoir, M|100\/100\n|switch|p2a: Gastrodon|Gastrodon, M|100\/100\n|turn|8\n|\n|t:|1700956909\n|detailschange|p1b: Gardevoir|Gardevoir-Mega, M\n|-mega|p1b: Gardevoir|Gardevoir|Gardevoirite\n|move|p1a: Armarouge|Endure|p1a: Armarouge\n|-singleturn|p1a: Armarouge|move: Endure\n|move|p2a: Gastrodon|Protect|p2a: Gastrodon\n|-singleturn|p2a: Gastrodon|Protect\n|move|p1b: Gardevoir|Expanding Force|p2b: Incineroar|[spread] \n|-activate|p2a: Gastrodon|move: Protect\n|-immune|p2b: Incineroar\n|move|p2b: Incineroar|Knock Off|p1a: Armarouge\n|-supereffective|p1a: Armarouge\n|-crit|p1a: Armarouge\n|-activate|p1a: Armarouge|move: Endure\n|-damage|p1a: Armarouge|1\/100\n|-ability|p1a: Armarouge|Weak Armor|boost\n|-unboost|p1a: Armarouge|def|1\n|-boost|p1a: Armarouge|spe|2\n|\n|-weather|none\n|-fieldend|move: Psychic Terrain\n|upkeep\n|turn|9\n|\n|t:|1700956933\n|-terastallize|p2a: Gastrodon|Fire\n|move|p1a: Armarouge|Heat Wave|p2b: Incineroar|[spread] p2a,p2b\n|-resisted|p2a: Gastrodon\n|-resisted|p2b: Incineroar\n|-damage|p2a: Gastrodon|70\/100\n|-damage|p2b: Incineroar|35\/100\n|move|p1b: Gardevoir|Hyper Voice|p2a: Gastrodon|[spread] p2a,p2b\n|-resisted|p2a: Gastrodon\n|-damage|p2a: Gastrodon|52\/100\n|-damage|p2b: Incineroar|0 fnt\n|faint|p2b: Incineroar\n|move|p2a: Gastrodon|Muddy Water|p1a: Armarouge|[spread] p1a,p1b\n|-supereffective|p1a: Armarouge\n|-damage|p1a: Armarouge|0 fnt\n|-damage|p1b: Gardevoir|79\/100\n|faint|p1a: Armarouge\n|\n|-heal|p2a: Gastrodon|58\/100|[from] item: Leftovers\n|upkeep\n|\n|t:|1700956950\n|switch|p1a: Hatterene|Hatterene, F|100\/100\n|switch|p2b: Arcanine|Arcanine-Hisui, F|100\/100\n|-ability|p2b: Arcanine|Intimidate|boost\n|-unboost|p1a: Hatterene|atk|1\n|-unboost|p1b: Gardevoir|atk|1\n|turn|10\n|\n|t:|1700957000\n|move|p1b: Gardevoir|Protect|p1b: Gardevoir\n|-singleturn|p1b: Gardevoir|Protect\n|move|p2a: Gastrodon|Protect|p2a: Gastrodon\n|-singleturn|p2a: Gastrodon|Protect\n|move|p2b: Arcanine|Flare Blitz|p1b: Gardevoir\n|-activate|p1b: Gardevoir|move: Protect\n|move|p1a: Hatterene|Psychic|p2a: Gastrodon\n|-activate|p2a: Gastrodon|move: Protect\n|\n|-heal|p2a: Gastrodon|64\/100|[from] item: Leftovers\n|upkeep\n|turn|11\n|\n|t:|1700957031\n|move|p1b: Gardevoir|Expanding Force|p2b: Arcanine\n|-damage|p2b: Arcanine|45\/100\n|move|p2b: Arcanine|Flare Blitz|p1b: Gardevoir\n|-damage|p1b: Gardevoir|0 fnt\n|faint|p1b: Gardevoir\n|-damage|p2b: Arcanine|23\/100|[from] Recoil\n|move|p2a: Gastrodon|Muddy Water|p1a: Hatterene\n|-damage|p1a: Hatterene|71\/100\n|move|p1a: Hatterene|Psychic|p2b: Arcanine\n|-damage|p2b: Arcanine|0 fnt\n|faint|p2b: Arcanine\n|-damage|p1a: Hatterene|61\/100|[from] item: Life Orb\n|\n|-heal|p2a: Gastrodon|70\/100|[from] item: Leftovers\n|upkeep\n|turn|12\n|\n|t:|1700957052\n|-terastallize|p1a: Hatterene|Psychic\n|move|p2a: Gastrodon|Muddy Water|p1a: Hatterene|[miss]\n|-miss|p2a: Gastrodon|p1a: Hatterene\n|move|p1a: Hatterene|Psychic|p2a: Gastrodon\n|-damage|p2a: Gastrodon|0 fnt\n|faint|p2a: Gastrodon\n|-damage|p1a: Hatterene|51\/100|[from] item: Life Orb\n|\n|win|JonnSalchichon\n|raw|JonnSalchichon's rating: 1155 &rarr; <strong>1197<\/strong><br \/>(+42 for winning)\n|raw|Kazutoxo's rating: 1451 &rarr; <strong>1417<\/strong><br \/>(-34 for losing)\n|c|\u2606Kazutoxo|Gg\n|c|\u2606JonnSalchichon|gg\n|c|\u2606Kazutoxo|El campo psiquico\n|c|\u2606Kazutoxo|Me molesto toda la partida\n|l|\u2606Kazutoxo\n|c|\u2606JonnSalchichon|Sip, jaja\n|j|\u2606Kazutoxo\n|player|p2|Kazutoxo|ingo\n|l|\u2606Kazutoxo\n|player|p2|\n","uploadtime":1700957331,"views":8,"p1id":"jonnsalchichon","p2id":"kazutoxo","formatid":"gen9nationaldexdoubles","rating":1197,"private":0,"password":""}