{"id":"gen9nationaldexdoubles-1971708859","p1":"LDP333","p2":"thundervoltss","format":"[Gen 9] National Dex Doubles","log":"|j|\u2606LDP333\n|j|\u2606thundervoltss\n|t:|1697763479\n|gametype|doubles\n|player|p1|LDP333|riley|1544\n|player|p2|thundervoltss|elesa-masters|1485\n|teamsize|p1|6\n|teamsize|p2|6\n|gen|9\n|tier|[Gen 9] National Dex Doubles\n|rated|\n|rule|HP Percentage Mod: HP is shown in percentages\n|rule|Endless Battle Clause: Forcing endless battles is banned\n|rule|OHKO Clause: OHKO moves are banned\n|rule|Evasion Moves Clause: Evasion moves are banned\n|rule|Evasion Abilities Clause: Evasion abilities are banned\n|rule|Species Clause: Limit one of each Pok\u00e9mon\n|rule|Gravity Sleep Clause: The combination of sleep-inducing moves with imperfect accuracy and Gravity or Gigantamax Orbeetle are banned\n|clearpoke\n|poke|p1|Kommo-o, F|\n|poke|p1|Iron Bundle|\n|poke|p1|Manectric, F|\n|poke|p1|Landorus, M|\n|poke|p1|Incineroar, F|\n|poke|p1|Rillaboom, F|\n|poke|p2|Grimmsnarl, M|\n|poke|p2|Spectrier|\n|poke|p2|Urshifu-*, M|\n|poke|p2|Rillaboom, F|\n|poke|p2|Incineroar, M|\n|poke|p2|Primarina, F|\n|teampreview\n|\n|t:|1697763489\n|start\n|switch|p1a: Landorus|Landorus, M|100\/100\n|switch|p1b: Manectric|Manectric, F|100\/100\n|switch|p2a: Pop fizz|Grimmsnarl, M|100\/100\n|switch|p2b: Trap shadow|Spectrier|100\/100\n|turn|1\n|\n|t:|1697763499\n|detailschange|p1b: Manectric|Manectric-Mega, F\n|-mega|p1b: Manectric|Manectric|Manectite\n|-ability|p1b: Manectric|Intimidate|boost\n|-unboost|p2a: Pop fizz|atk|1\n|-unboost|p2b: Trap shadow|atk|1\n|move|p2a: Pop fizz|Light Screen|p2a: Pop fizz\n|-sidestart|p2: thundervoltss|move: Light Screen\n|move|p1b: Manectric|Volt Switch|p2b: Trap shadow\n|-damage|p2b: Trap shadow|75\/100\n|\n|t:|1697763513\n|switch|p1b: Incineroar|Incineroar, F|100\/100|[from] Volt Switch\n|-ability|p1b: Incineroar|Intimidate|boost\n|-unboost|p2a: Pop fizz|atk|1\n|-unboost|p2b: Trap shadow|atk|1\n|move|p2b: Trap shadow|Snarl|p1a: Landorus|[spread] p1a,p1b\n|-resisted|p1b: Incineroar\n|-damage|p1a: Landorus|83\/100\n|-damage|p1b: Incineroar|96\/100\n|-unboost|p1a: Landorus|spa|1\n|-unboost|p1b: Incineroar|spa|1\n|move|p1a: Landorus|Sludge Bomb|p2a: Pop fizz\n|-supereffective|p2a: Pop fizz\n|-damage|p2a: Pop fizz|64\/100\n|\n|upkeep\n|turn|2\n|\n|t:|1697763532\n|switch|p1a: Rillaboom|Rillaboom, F|100\/100\n|-fieldstart|move: Grassy Terrain|[from] ability: Grassy Surge|[of] p1a: Rillaboom\n|move|p2a: Pop fizz|Reflect|p2a: Pop fizz\n|-sidestart|p2: thundervoltss|Reflect\n|move|p2b: Trap shadow|Shadow Ball|p1a: Rillaboom\n|-damage|p1a: Rillaboom|56\/100\n|move|p1b: Incineroar|Knock Off|p2b: Trap shadow\n|-supereffective|p2b: Trap shadow\n|-damage|p2b: Trap shadow|24\/100\n|-enditem|p2b: Trap shadow|Sitrus Berry|[from] move: Knock Off|[of] p1b: Incineroar\n|\n|-heal|p2b: Trap shadow|30\/100|[from] Grassy Terrain\n|-heal|p1a: Rillaboom|63\/100|[from] Grassy Terrain\n|-heal|p2a: Pop fizz|70\/100|[from] Grassy Terrain\n|-heal|p1b: Incineroar|100\/100|[from] Grassy Terrain\n|upkeep\n|turn|3\n|\n|t:|1697763563\n|switch|p2a: Wildfire|Incineroar, M|100\/100\n|-ability|p2a: Wildfire|Intimidate|boost\n|-unboost|p1a: Rillaboom|atk|1\n|-unboost|p1b: Incineroar|atk|1\n|move|p1a: Rillaboom|Grassy Glide|p2b: Trap shadow\n|-damage|p2b: Trap shadow|7\/100\n|move|p2b: Trap shadow|Shadow Ball|p1a: Rillaboom\n|-damage|p1a: Rillaboom|22\/100\n|move|p1b: Incineroar|Parting Shot|p2a: Wildfire\n|-unboost|p2a: Wildfire|atk|1\n|-unboost|p2a: Wildfire|spa|1\n|\n|t:|1697763584\n|switch|p1b: Manectric|Manectric-Mega, F|100\/100|[from] Parting Shot\n|-ability|p1b: Manectric|Intimidate|boost\n|-unboost|p2a: Wildfire|atk|1\n|-unboost|p2b: Trap shadow|atk|1\n|\n|-heal|p2b: Trap shadow|13\/100|[from] Grassy Terrain\n|-heal|p1a: Rillaboom|28\/100|[from] Grassy Terrain\n|upkeep\n|turn|4\n|\n|t:|1697763598\n|switch|p1a: Kommo-o|Kommo-o, F, shiny|100\/100\n|move|p2a: Wildfire|Fake Out|p1a: Kommo-o\n|-damage|p1a: Kommo-o|95\/100\n|move|p1b: Manectric|Volt Switch|p2b: Trap shadow\n|-damage|p2b: Trap shadow|0 fnt\n|faint|p2b: Trap shadow\n|\n|t:|1697763608\n|switch|p1b: Iron Bundle|Iron Bundle|100\/100|[from] Volt Switch\n|-enditem|p1b: Iron Bundle|Booster Energy\n|-activate|p1b: Iron Bundle|ability: Quark Drive|[fromitem]\n|-start|p1b: Iron Bundle|quarkdrivespe\n|\n|-heal|p1a: Kommo-o|100\/100|[from] Grassy Terrain\n|upkeep\n|\n|t:|1697763614\n|switch|p2b: Pop fizz|Grimmsnarl, M|70\/100\n|turn|5\n|\n|t:|1697763632\n|switch|p1a: Landorus|Landorus, M|83\/100\n|move|p2b: Pop fizz|Thunder Wave|p1b: Iron Bundle\n|-status|p1b: Iron Bundle|par\n|cant|p1b: Iron Bundle|par\n|move|p2a: Wildfire|Parting Shot|p1b: Iron Bundle\n|-unboost|p1b: Iron Bundle|atk|1\n|-unboost|p1b: Iron Bundle|spa|1\n|\n|t:|1697763646\n|switch|p2a: Grave clobber|Urshifu-Rapid-Strike, M|100\/100|[from] Parting Shot\n|\n|-heal|p2b: Pop fizz|76\/100|[from] Grassy Terrain\n|upkeep\n|turn|6\n|\n|t:|1697763659\n|switch|p1a: Manectric|Manectric-Mega, F|100\/100\n|-ability|p1a: Manectric|Intimidate|boost\n|-unboost|p2a: Grave clobber|atk|1\n|-unboost|p2b: Pop fizz|atk|1\n|cant|p1b: Iron Bundle|par\n|move|p2a: Grave clobber|Surging Strikes|p1a: Manectric\n|-crit|p1a: Manectric\n|-damage|p1a: Manectric|73\/100\n|-crit|p1a: Manectric\n|-damage|p1a: Manectric|46\/100\n|-crit|p1a: Manectric\n|-damage|p1a: Manectric|17\/100\n|-hitcount|p1a: Manectric|3\n|move|p2b: Pop fizz|Spirit Break|p1a: Manectric\n|-damage|p1a: Manectric|0 fnt\n|faint|p1a: Manectric\n|\n|-heal|p2b: Pop fizz|82\/100|[from] Grassy Terrain\n|-fieldend|move: Grassy Terrain\n|upkeep\n|\n|t:|1697763677\n|switch|p1a: Rillaboom|Rillaboom, F|28\/100\n|-fieldstart|move: Grassy Terrain|[from] ability: Grassy Surge|[of] p1a: Rillaboom\n|turn|7\n|\n|t:|1697763690\n|move|p2a: Grave clobber|Detect|p2a: Grave clobber\n|-singleturn|p2a: Grave clobber|Protect\n|move|p1a: Rillaboom|Fake Out|p2a: Grave clobber\n|-activate|p2a: Grave clobber|move: Protect\n|move|p1b: Iron Bundle|Icy Wind|p2b: Pop fizz|[spread] p2b\n|-activate|p2a: Grave clobber|move: Protect\n|-damage|p2b: Pop fizz|73\/100\n|-unboost|p2b: Pop fizz|spe|1\n|move|p2b: Pop fizz|Spirit Break|p1a: Rillaboom\n|-damage|p1a: Rillaboom|8\/100\n|-unboost|p1a: Rillaboom|spa|1\n|\n|-heal|p1a: Rillaboom|14\/100|[from] Grassy Terrain\n|-heal|p2b: Pop fizz|79\/100|[from] Grassy Terrain\n|upkeep\n|turn|8\n|l|\u2606LDP333\n|player|p1|\n|inactive|Battle timer is ON: inactive players will automatically lose when time's up. (requested by thundervoltss)\n|inactive|LDP333 has 30 seconds to reconnect!\n|inactive|LDP333 has 20 seconds to reconnect!\n|inactive|LDP333 has 15 seconds to reconnect!\n|inactive|LDP333 has 10 seconds to reconnect!\n|j|\u2606LDP333\n|inactive|LDP333 reconnected and has 100 seconds left.\n|player|p1|LDP333|riley\n|\n|t:|1697763764\n|switch|p2a: Wildfire|Incineroar, M|100\/100\n|-ability|p2a: Wildfire|Intimidate|boost\n|-unboost|p1a: Rillaboom|atk|1\n|-unboost|p1b: Iron Bundle|atk|1\n|cant|p1b: Iron Bundle|par\n|move|p1a: Rillaboom|Wood Hammer|p2a: Wildfire\n|-resisted|p2a: Wildfire\n|-damage|p2a: Wildfire|83\/100\n|-damage|p1a: Rillaboom|8\/100|[from] Recoil\n|move|p2b: Pop fizz|Spirit Break|p1b: Iron Bundle\n|-damage|p1b: Iron Bundle|76\/100 par\n|-unboost|p1b: Iron Bundle|spa|1\n|\n|-heal|p1b: Iron Bundle|82\/100 par|[from] Grassy Terrain\n|-heal|p1a: Rillaboom|14\/100|[from] Grassy Terrain\n|-heal|p2a: Wildfire|89\/100|[from] Grassy Terrain\n|-heal|p2b: Pop fizz|86\/100|[from] Grassy Terrain\n|-sideend|p2: thundervoltss|move: Light Screen\n|upkeep\n|turn|9\n|l|\u2606LDP333\n|inactive|LDP333 disconnected and has a minute to reconnect!\n|player|p1|\n|inactive|thundervoltss has 120 seconds left.\n|\n|t:|1697763799\n|move|p2a: Wildfire|Fake Out|p1b: Iron Bundle\n|-damage|p1b: Iron Bundle|70\/100 par\n|cant|p1b: Iron Bundle|flinch\n|move|p1a: Rillaboom|Wood Hammer|p2b: Pop fizz\n|-damage|p2b: Pop fizz|38\/100\n|-damage|p1a: Rillaboom|0 fnt|[from] Recoil\n|faint|p1a: Rillaboom\n|move|p2b: Pop fizz|Spirit Break|p1b: Iron Bundle\n|-damage|p1b: Iron Bundle|46\/100 par\n|-unboost|p1b: Iron Bundle|spa|1\n|\n|-heal|p1b: Iron Bundle|52\/100 par|[from] Grassy Terrain\n|-heal|p2a: Wildfire|95\/100|[from] Grassy Terrain\n|-heal|p2b: Pop fizz|44\/100|[from] Grassy Terrain\n|-sideend|p2: thundervoltss|Reflect\n|upkeep\n|inactive|LDP333 has 30 seconds to reconnect!\n|inactive|LDP333 has 20 seconds to reconnect!\n|j|\u2606LDP333\n|inactive|LDP333 reconnected and has 105 seconds left.\n|player|p1|LDP333|riley\n|\n|t:|1697763844\n|switch|p1a: Landorus|Landorus, M|83\/100\n|turn|10\n|inactive|LDP333 has 120 seconds left.\n|\n|t:|1697763860\n|-terastallize|p2a: Wildfire|Grass\n|move|p2b: Pop fizz|Light Screen|p2b: Pop fizz\n|-sidestart|p2: thundervoltss|move: Light Screen\n|move|p1a: Landorus|Earth Power|p2b: Pop fizz\n|-damage|p2b: Pop fizz|0 fnt\n|faint|p2b: Pop fizz\n|move|p1b: Iron Bundle|Hydro Pump|p2a: Wildfire|[miss]\n|-miss|p1b: Iron Bundle|p2a: Wildfire\n|move|p2a: Wildfire|Parting Shot|p1a: Landorus\n|-unboost|p1a: Landorus|atk|1\n|-unboost|p1a: Landorus|spa|1\n|\n|t:|1697763873\n|switch|p2a: Grave clobber|Urshifu-Rapid-Strike, M|100\/100|[from] Parting Shot\n|\n|-heal|p1b: Iron Bundle|58\/100 par|[from] Grassy Terrain\n|upkeep\n|\n|t:|1697763880\n|switch|p2b: Punk Shock|Primarina, F|100\/100\n|turn|11\n|\n|t:|1697763895\n|switch|p2b: Wildfire|Incineroar, M, tera:Grass|95\/100\n|-ability|p2b: Wildfire|Intimidate|boost\n|-unboost|p1a: Landorus|atk|1\n|-unboost|p1b: Iron Bundle|atk|1\n|move|p1a: Landorus|Sludge Bomb|p2b: Wildfire\n|-supereffective|p2b: Wildfire\n|-damage|p2b: Wildfire|61\/100\n|cant|p1b: Iron Bundle|par\n|move|p2a: Grave clobber|Surging Strikes|p1a: Landorus\n|-supereffective|p1a: Landorus\n|-crit|p1a: Landorus\n|-damage|p1a: Landorus|37\/100\n|-supereffective|p1a: Landorus\n|-crit|p1a: Landorus\n|-damage|p1a: Landorus|0 fnt\n|faint|p1a: Landorus\n|-hitcount|p1: Landorus|2\n|\n|-heal|p1b: Iron Bundle|64\/100 par|[from] Grassy Terrain\n|-heal|p2b: Wildfire|67\/100|[from] Grassy Terrain\n|-fieldend|move: Grassy Terrain\n|upkeep\n|\n|t:|1697763905\n|switch|p1a: Kommo-o|Kommo-o, F, shiny|100\/100\n|turn|12\n|\n|t:|1697763929\n|move|p1b: Iron Bundle|Icy Wind|p2b: Wildfire|[spread] p2a,p2b\n|-resisted|p2a: Grave clobber\n|-crit|p2a: Grave clobber\n|-supereffective|p2b: Wildfire\n|-damage|p2a: Grave clobber|81\/100\n|-damage|p2b: Wildfire|58\/100\n|-unboost|p2a: Grave clobber|spe|1\n|-unboost|p2b: Wildfire|spe|1\n|-zpower|p1a: Kommo-o\n|move|p1a: Kommo-o|Clangorous Soulblaze|p2b: Wildfire|[zeffect]|[spread] p2a,p2b\n|-damage|p2a: Grave clobber|33\/100\n|-damage|p2b: Wildfire|27\/100\n|-enditem|p2b: Wildfire|Sitrus Berry|[eat]\n|-heal|p2b: Wildfire|52\/100|[from] item: Sitrus Berry\n|-boost|p1a: Kommo-o|atk|1\n|-boost|p1a: Kommo-o|def|1\n|-boost|p1a: Kommo-o|spa|1\n|-boost|p1a: Kommo-o|spd|1\n|-boost|p1a: Kommo-o|spe|1\n|move|p2a: Grave clobber|Swords Dance|p2a: Grave clobber\n|-boost|p2a: Grave clobber|atk|2\n|move|p2b: Wildfire|Parting Shot|p1a: Kommo-o\n|-immune|p1a: Kommo-o|[from] ability: Soundproof\n|\n|upkeep\n|turn|13\n|l|\u2606LDP333\n|inactive|LDP333 disconnected and has a minute to reconnect!\n|player|p1|\n|c|\u2606thundervoltss|its sound move???\n|j|\u2606LDP333\n|inactive|LDP333 reconnected and has 135 seconds left.\n|player|p1|LDP333|riley\n|inactive|LDP333 has 120 seconds left.\n|\n|t:|1697763973\n|switch|p2b: Punk Shock|Primarina, F|100\/100\n|move|p2a: Grave clobber|Detect|p2a: Grave clobber\n|-singleturn|p2a: Grave clobber|Protect\n|move|p1a: Kommo-o|Clanging Scales|p2a: Grave clobber|[spread] \n|-activate|p2a: Grave clobber|move: Protect\n|-immune|p2b: Punk Shock\n|cant|p1b: Iron Bundle|par\n|\n|upkeep\n|turn|14\n|inactive|LDP333 has 120 seconds left.\n|inactive|thundervoltss has 120 seconds left.\n|\n|t:|1697764003\n|-end|p1b: Iron Bundle|Quark Drive|[silent]\n|switch|p1b: Incineroar|Incineroar, F|100\/100\n|-ability|p1b: Incineroar|Intimidate|boost\n|-unboost|p2a: Grave clobber|atk|1\n|-unboost|p2b: Punk Shock|atk|1\n|move|p2a: Grave clobber|Aqua Jet|p1b: Incineroar\n|-supereffective|p1b: Incineroar\n|-damage|p1b: Incineroar|47\/100\n|-enditem|p1b: Incineroar|Sitrus Berry|[eat]\n|-heal|p1b: Incineroar|72\/100|[from] item: Sitrus Berry\n|move|p1a: Kommo-o|Aura Sphere|p2a: Grave clobber\n|-damage|p2a: Grave clobber|0 fnt\n|faint|p2a: Grave clobber\n|move|p2b: Punk Shock|Dazzling Gleam|p1b: Incineroar|[spread] p1a,p1b\n|-supereffective|p1a: Kommo-o\n|-damage|p1a: Kommo-o|6\/100\n|-damage|p1b: Incineroar|49\/100\n|\n|upkeep\n|\n|t:|1697764007\n|switch|p2a: Wildfire|Incineroar, M, tera:Grass|52\/100\n|-ability|p2a: Wildfire|Intimidate|boost\n|-unboost|p1a: Kommo-o|atk|1\n|-unboost|p1b: Incineroar|atk|1\n|turn|15\n|\n|t:|1697764025\n|move|p1a: Kommo-o|Protect|p1a: Kommo-o\n|-singleturn|p1a: Kommo-o|Protect\n|move|p2a: Wildfire|Fake Out|p1a: Kommo-o\n|-activate|p1a: Kommo-o|move: Protect\n|move|p1b: Incineroar|Knock Off|p2b: Punk Shock\n|-resisted|p2b: Punk Shock\n|-damage|p2b: Punk Shock|85\/100\n|-enditem|p2b: Punk Shock|Throat Spray|[from] move: Knock Off|[of] p1b: Incineroar\n|move|p2b: Punk Shock|Hyper Voice|p1b: Incineroar|[spread] p1b\n|-activate|p1a: Kommo-o|move: Protect\n|-supereffective|p1b: Incineroar\n|-damage|p1b: Incineroar|0 fnt\n|faint|p1b: Incineroar\n|\n|upkeep\n|c|\u2606thundervoltss|gg\n|\n|t:|1697764037\n|switch|p1b: Iron Bundle|Iron Bundle|64\/100 par\n|turn|16\n|\n|t:|1697764051\n|move|p1a: Kommo-o|Flamethrower|p2a: Wildfire\n|-supereffective|p2a: Wildfire\n|-damage|p2a: Wildfire|10\/100\n|move|p1b: Iron Bundle|Freeze-Dry|p2b: Punk Shock\n|-supereffective|p2b: Punk Shock\n|-damage|p2b: Punk Shock|45\/100\n|move|p2b: Punk Shock|Dazzling Gleam|p1a: Kommo-o|[spread] p1a,p1b\n|-supereffective|p1a: Kommo-o\n|-damage|p1a: Kommo-o|0 fnt\n|-damage|p1b: Iron Bundle|0 fnt\n|faint|p1a: Kommo-o\n|faint|p1b: Iron Bundle\n|-end|p1b: Iron Bundle|Quark Drive|[silent]\n|\n|win|thundervoltss\n|raw|LDP333's rating: 1544 &rarr; <strong>1521<\/strong><br \/>(-23 for losing)\n|raw|thundervoltss's rating: 1485 &rarr; <strong>1508<\/strong><br \/>(+23 for winning)\n|l|\u2606thundervoltss\n","uploadtime":1697764067,"views":17,"p1id":"ldp333","p2id":"thundervoltss","formatid":"gen9nationaldexdoubles","rating":1508,"private":0,"password":""}