{"id":"gen9nationaldexdoubles-1958602554","p1":"El Ryuk456","p2":"tanghuo","format":"[Gen 9] National Dex Doubles","log":"|j|\u2606El Ryuk456\n|j|\u2606tanghuo\n|t:|1696344309\n|gametype|doubles\n|player|p1|El Ryuk456|blaine|1301\n|player|p2|tanghuo|hooligans|1232\n|teamsize|p1|6\n|teamsize|p2|6\n|gen|9\n|tier|[Gen 9] National Dex Doubles\n|rated|\n|rule|HP Percentage Mod: HP is shown in percentages\n|rule|Endless Battle Clause: Forcing endless battles is banned\n|rule|OHKO Clause: OHKO moves are banned\n|rule|Evasion Moves Clause: Evasion moves are banned\n|rule|Evasion Abilities Clause: Evasion abilities are banned\n|rule|Species Clause: Limit one of each Pok\u00e9mon\n|rule|Gravity Sleep Clause: The combination of sleep-inducing moves with imperfect accuracy and Gravity or Gigantamax Orbeetle are banned\n|clearpoke\n|poke|p1|Sableye, M|\n|poke|p1|Mandibuzz, F|\n|poke|p1|Kleavor, M|\n|poke|p1|Samurott-Hisui, M|\n|poke|p1|Armarouge, M|\n|poke|p1|Skeledirge, M|\n|poke|p2|Oranguru, M|\n|poke|p2|Exploud, M|\n|poke|p2|Snorlax, F|\n|poke|p2|Toxtricity, F|\n|poke|p2|Regieleki|\n|poke|p2|Chi-Yu|\n|teampreview\n|inactive|Battle timer is ON: inactive players will automatically lose when time's up. (requested by El Ryuk456)\n|\n|t:|1696344328\n|start\n|switch|p1a: Wildfire|Armarouge, M|100\/100\n|switch|p1b: Rookie|Skeledirge, M|100\/100\n|switch|p2a: Oranguru|Oranguru, M|100\/100\n|switch|p2b: Snorlax|Snorlax, F|100\/100\n|turn|1\n|inactive|tanghuo has 120 seconds left.\n|\n|t:|1696344370\n|move|p1b: Rookie|Torch Song|p2b: Snorlax\n|-damage|p2b: Snorlax|88\/100\n|-boost|p1b: Rookie|spa|1\n|move|p2b: Snorlax|Self-Destruct|p1b: Rookie|[spread] p1a\n|-activate|p2a: Oranguru|ability: Telepathy\n|-immune|p1b: Rookie\n|-damage|p1a: Wildfire|0 fnt\n|faint|p2b: Snorlax\n|faint|p1a: Wildfire\n|move|p2a: Oranguru|Trick Room|p2a: Oranguru\n|-fieldstart|move: Trick Room|[of] p2a: Oranguru\n|\n|upkeep\n|\n|t:|1696344383\n|switch|p2b: Exploud|Exploud, M|100\/100\n|switch|p1a: Yami|Sableye, M|100\/100\n|turn|2\n|\n|t:|1696344391\n|-terastallize|p2b: Exploud|Normal\n|move|p1a: Yami|Light Screen|p1a: Yami\n|-sidestart|p1: El Ryuk456|move: Light Screen\n|move|p2b: Exploud|Boomburst|p1b: Rookie|[spread] p1a,p1b\n|-activate|p2a: Oranguru|ability: Telepathy\n|-damage|p1a: Yami|49\/100\n|-damage|p1b: Rookie|59\/100\n|-enditem|p2b: Exploud|Throat Spray\n|-boost|p2b: Exploud|spa|1|[from] item: Throat Spray\n|move|p2a: Oranguru|Instruct|p2b: Exploud\n|-singleturn|p2b: Exploud|move: Instruct|[of] p2a: Oranguru\n|move|p2b: Exploud|Boomburst|p1b: Rookie|[spread] p1a,p1b\n|-activate|p2a: Oranguru|ability: Telepathy\n|-damage|p1a: Yami|0 fnt\n|-damage|p1b: Rookie|15\/100\n|-enditem|p1b: Rookie|Sitrus Berry|[eat]\n|-heal|p1b: Rookie|40\/100|[from] item: Sitrus Berry\n|faint|p1a: Yami\n|move|p1b: Rookie|Snarl|p2b: Exploud|[spread] p2a,p2b\n|-supereffective|p2a: Oranguru\n|-damage|p2a: Oranguru|78\/100\n|-damage|p2b: Exploud|81\/100\n|-unboost|p2b: Exploud|spa|1\n|\n|upkeep\n|\n|t:|1696344415\n|switch|p1a: Bushii|Samurott-Hisui, M|100\/100\n|turn|3\n|\n|t:|1696344421\n|move|p2b: Exploud|Boomburst|p1a: Bushii|[spread] p1a,p1b\n|-activate|p2a: Oranguru|ability: Telepathy\n|-damage|p1a: Bushii|67\/100\n|-damage|p1b: Rookie|0 fnt\n|faint|p1b: Rookie\n|move|p2a: Oranguru|Instruct|p2b: Exploud\n|-singleturn|p2b: Exploud|move: Instruct|[of] p2a: Oranguru\n|move|p2b: Exploud|Boomburst|p1a: Bushii|[spread] p1a\n|-activate|p2a: Oranguru|ability: Telepathy\n|-damage|p1a: Bushii|37\/100\n|move|p1a: Bushii|Sacred Sword|p2b: Exploud\n|-supereffective|p2b: Exploud\n|-damage|p2b: Exploud|0 fnt\n|faint|p2b: Exploud\n|\n|upkeep\n|\n|t:|1696344439\n|switch|p2b: Regieleki|Regieleki|100\/100\n|switch|p1b: Kaido|Kleavor, M|100\/100\n|turn|4\n|\n|t:|1696344449\n|move|p2a: Oranguru|Protect|p2a: Oranguru\n|-singleturn|p2a: Oranguru|Protect\n|move|p1a: Bushii|Ceaseless Edge|p2a: Oranguru\n|-activate|p2a: Oranguru|move: Protect\n|move|p1b: Kaido|Stone Axe|p2b: Regieleki\n|-damage|p2b: Regieleki|0 fnt\n|-sidestart|p2: tanghuo|move: Stealth Rock\n|faint|p2b: Regieleki\n|\n|upkeep\n|\n|t:|1696344460\n|switch|p2b: Chi-Yu|Chi-Yu|100\/100\n|-damage|p2b: Chi-Yu|76\/100|[from] Stealth Rock\n|-ability|p2b: Chi-Yu|Beads of Ruin\n|turn|5\n|\n|t:|1696344479\n|move|p1b: Kaido|Feint|p2b: Chi-Yu\n|-damage|p2b: Chi-Yu|57\/100\n|move|p2a: Oranguru|Instruct||[still]\n|-fail|p2a: Oranguru\n|move|p1a: Bushii|Sacred Sword|p2b: Chi-Yu\n|-supereffective|p2b: Chi-Yu\n|-damage|p2b: Chi-Yu|0 fnt\n|faint|p2b: Chi-Yu\n|\n|-fieldend|move: Trick Room\n|upkeep\n|inactive|tanghuo has 120 seconds left.\n|l|\u2606tanghuo\n|inactive|tanghuo disconnected and has a minute to reconnect!\n|player|p2|\n|inactive|tanghuo has 30 seconds to reconnect!\n|inactive|tanghuo has 20 seconds to reconnect!\n|inactive|tanghuo has 15 seconds to reconnect!\n|inactive|tanghuo has 10 seconds to reconnect!\n|inactive|tanghuo has 5 seconds to reconnect!\n|-message|tanghuo lost due to inactivity.\n|\n|win|El Ryuk456\n|raw|El Ryuk456's rating: 1301 &rarr; <strong>1317<\/strong><br \/>(+16 for winning)\n|raw|tanghuo's rating: 1232 &rarr; <strong>1212<\/strong><br \/>(-20 for losing)\n","uploadtime":1696344565,"views":11,"p1id":"elryuk456","p2id":"tanghuo","formatid":"gen9nationaldexdoubles","rating":1212,"private":0,"password":""}