{"id":"gen9nationaldexdoubles-1950292283","p1":"Ooobi","p2":"Arkrabbe","format":"[Gen 9] National Dex Doubles","log":"|j|\u2606Ooobi\n|j|\u2606Arkrabbe\n|t:|1695450566\n|gametype|doubles\n|player|p1|Ooobi|pokekid|\n|player|p2|Arkrabbe|ghetsis-gen5bw|\n|teamsize|p1|6\n|teamsize|p2|6\n|gen|9\n|tier|[Gen 9] National Dex Doubles\n|rule|HP Percentage Mod: HP is shown in percentages\n|rule|Endless Battle Clause: Forcing endless battles is banned\n|rule|OHKO Clause: OHKO moves are banned\n|rule|Evasion Moves Clause: Evasion moves are banned\n|rule|Evasion Abilities Clause: Evasion abilities are banned\n|rule|Species Clause: Limit one of each Pok\u00e9mon\n|rule|Gravity Sleep Clause: The combination of sleep-inducing moves with imperfect accuracy and Gravity or Gigantamax Orbeetle are banned\n|clearpoke\n|poke|p1|Dipplin, M|\n|poke|p1|Torterra, M|\n|poke|p1|Flamigo, F|\n|poke|p1|Tinkaton, F|\n|poke|p1|Snorlax, M|\n|poke|p1|Grafaiai, F|\n|poke|p2|Grafaiai, M|\n|poke|p2|Regigigas|\n|poke|p2|Oranguru, M|\n|poke|p2|Kingambit, M|\n|poke|p2|Flutter Mane|\n|poke|p2|Amoonguss, F|\n|teampreview\n|c|\u2606Ooobi|i see we both chose funy monkey :)\\\n|\n|t:|1695450613\n|start\n|switch|p1a: Tinkaton|Tinkaton, F|100\/100\n|switch|p1b: Snorlax|Snorlax, M|100\/100\n|switch|p2a: Grafaiai|Grafaiai, M|100\/100\n|switch|p2b: Regigigas|Regigigas|100\/100\n|-start|p2b: Regigigas|ability: Slow Start\n|-ability|p1a: Tinkaton|Mold Breaker\n|turn|1\n|c|\u2606Arkrabbe|i9 may have fucked up\n|\n|t:|1695450639\n|move|p2b: Regigigas|Protect|p2b: Regigigas\n|-singleturn|p2b: Regigigas|Protect\n|move|p2a: Grafaiai|Doodle|p1b: Snorlax\n|-endability|p2a: Grafaiai|Prankster|[from] move: Doodle\n|-ability|p2a: Grafaiai|Immunity|[from] move: Doodle\n|-end|p2b: Regigigas|Slow Start|[silent]\n|-endability|p2b: Regigigas|Slow Start|[from] move: Doodle\n|-ability|p2b: Regigigas|Immunity|[from] move: Doodle\n|move|p1a: Tinkaton|Gigaton Hammer|p2b: Regigigas\n|-activate|p2b: Regigigas|move: Protect\n|move|p1b: Snorlax|Earthquake|p2a: Grafaiai|[spread] p1a,p2a\n|-activate|p2b: Regigigas|move: Protect\n|-supereffective|p1a: Tinkaton\n|-crit|p1a: Tinkaton\n|-supereffective|p2a: Grafaiai\n|-damage|p1a: Tinkaton|17\/100\n|-damage|p2a: Grafaiai|32\/100\n|\n|-heal|p2a: Grafaiai|38\/100|[from] item: Leftovers\n|-damage|p2b: Regigigas|88\/100|[from] item: Black Sludge\n|upkeep\n|turn|2\n|\n|t:|1695450676\n|switch|p1a: Grafaiai|Grafaiai, F|100\/100\n|move|p1b: Snorlax|Protect|p1b: Snorlax\n|-singleturn|p1b: Snorlax|Protect\n|move|p2a: Grafaiai|Knock Off|p1a: Grafaiai\n|-damage|p1a: Grafaiai|64\/100\n|-enditem|p1a: Grafaiai|Mirror Herb|[from] move: Knock Off|[of] p2a: Grafaiai\n|move|p2b: Regigigas|Drain Punch|p1b: Snorlax\n|-activate|p1b: Snorlax|move: Protect\n|\n|-heal|p2a: Grafaiai|44\/100|[from] item: Leftovers\n|-damage|p2b: Regigigas|75\/100|[from] item: Black Sludge\n|upkeep\n|turn|3\n|\n|t:|1695450709\n|move|p2a: Grafaiai|Encore|p1b: Snorlax\n|-start|p1b: Snorlax|Encore\n|move|p1a: Grafaiai|Parting Shot|p2b: Regigigas\n|-unboost|p2b: Regigigas|atk|1\n|-unboost|p2b: Regigigas|spa|1\n|\n|t:|1695450721\n|switch|p1a: Tinkaton|Tinkaton, F|17\/100|[from] Parting Shot\n|-ability|p1a: Tinkaton|Mold Breaker\n|move|p2b: Regigigas|Drain Punch|p1b: Snorlax\n|-supereffective|p1b: Snorlax\n|-damage|p1b: Snorlax|59\/100\n|-heal|p2b: Regigigas|100\/100|[from] drain|[of] p1b: Snorlax\n|move|p1b: Snorlax|Protect||[still]\n|-fail|p1b: Snorlax\n|\n|-heal|p2a: Grafaiai|50\/100|[from] item: Leftovers\n|-damage|p2b: Regigigas|88\/100|[from] item: Black Sludge\n|-heal|p1b: Snorlax|65\/100|[from] item: Leftovers\n|upkeep\n|turn|4\n|\n|t:|1695450758\n|move|p1b: Snorlax|Protect|p1b: Snorlax\n|-singleturn|p1b: Snorlax|Protect\n|move|p2a: Grafaiai|Knock Off|p1a: Tinkaton\n|-resisted|p1a: Tinkaton\n|-damage|p1a: Tinkaton|1\/100\n|-enditem|p1a: Tinkaton|Choice Band|[from] move: Knock Off|[of] p2a: Grafaiai\n|move|p2b: Regigigas|Drain Punch|p1b: Snorlax\n|-activate|p1b: Snorlax|move: Protect\n|move|p1a: Tinkaton|Stone Edge|p2a: Grafaiai\n|-damage|p2a: Grafaiai|6\/100\n|\n|-heal|p2a: Grafaiai|12\/100|[from] item: Leftovers\n|-damage|p2b: Regigigas|75\/100|[from] item: Black Sludge\n|-heal|p1b: Snorlax|71\/100|[from] item: Leftovers\n|upkeep\n|turn|5\n|\n|t:|1695450800\n|switch|p1a: Grafaiai|Grafaiai, F|64\/100\n|move|p1b: Snorlax|Protect||[still]\n|-fail|p1b: Snorlax\n|move|p2a: Grafaiai|Knock Off|p1b: Snorlax\n|-damage|p1b: Snorlax|52\/100\n|-enditem|p1b: Snorlax|Leftovers|[from] move: Knock Off|[of] p2a: Grafaiai\n|move|p2b: Regigigas|Drain Punch|p1b: Snorlax\n|-supereffective|p1b: Snorlax\n|-damage|p1b: Snorlax|11\/100\n|-heal|p2b: Regigigas|100\/100|[from] drain|[of] p1b: Snorlax\n|\n|-heal|p2a: Grafaiai|18\/100|[from] item: Leftovers\n|-damage|p2b: Regigigas|88\/100|[from] item: Black Sludge\n|-end|p1b: Snorlax|Encore\n|upkeep\n|turn|6\n|\n|t:|1695450833\n|move|p1b: Snorlax|Protect|p1b: Snorlax\n|-singleturn|p1b: Snorlax|Protect\n|move|p2a: Grafaiai|Knock Off|p1b: Snorlax\n|-activate|p1b: Snorlax|move: Protect\n|move|p1a: Grafaiai|Copycat|p1a: Grafaiai\n|move|p1a: Grafaiai|Knock Off|p2b: Regigigas|[from]move: Copycat\n|-damage|p2b: Regigigas|71\/100\n|-enditem|p2b: Regigigas|Black Sludge|[from] move: Knock Off|[of] p1a: Grafaiai\n|move|p2b: Regigigas|Drain Punch|p1a: Grafaiai\n|-damage|p1a: Grafaiai|22\/100\n|-heal|p2b: Regigigas|86\/100|[from] drain|[of] p1a: Grafaiai\n|\n|-heal|p2a: Grafaiai|24\/100|[from] item: Leftovers\n|upkeep\n|turn|7\n|\n|t:|1695450864\n|move|p2a: Grafaiai|Knock Off|p1b: Snorlax\n|-damage|p1b: Snorlax|0 fnt\n|faint|p1b: Snorlax\n|move|p1a: Grafaiai|Parting Shot|p2b: Regigigas\n|-unboost|p2b: Regigigas|atk|1\n|-unboost|p2b: Regigigas|spa|1\n|\n|t:|1695450870\n|switch|p1a: Torterra|Torterra, M|100\/100|[from] Parting Shot\n|move|p2b: Regigigas|Drain Punch|p1a: Torterra\n|-damage|p1a: Torterra|85\/100\n|-heal|p2b: Regigigas|92\/100|[from] drain|[of] p1a: Torterra\n|\n|-heal|p2a: Grafaiai|30\/100|[from] item: Leftovers\n|upkeep\n|\n|t:|1695450881\n|switch|p1b: Dipplin|Dipplin, M|100\/100\n|-ability|p1b: Dipplin|Supersweet Syrup\n|-ability|p1b: Dipplin|Supersweet Syrup|boost\n|-unboost|p2a: Grafaiai|evasion|1\n|-unboost|p2b: Regigigas|evasion|1\n|turn|8\n|\n|t:|1695450908\n|switch|p2b: Amoonguss|Amoonguss, F|100\/100\n|move|p2a: Grafaiai|Poison Jab|p1b: Dipplin\n|-supereffective|p1b: Dipplin\n|-damage|p1b: Dipplin|55\/100\n|move|p1a: Torterra|Shell Smash|p1a: Torterra\n|-unboost|p1a: Torterra|def|1\n|-unboost|p1a: Torterra|spd|1\n|-boost|p1a: Torterra|atk|2\n|-boost|p1a: Torterra|spa|2\n|-boost|p1a: Torterra|spe|2\n|move|p1b: Dipplin|Pollen Puff|p1a: Torterra\n|-heal|p1a: Torterra|100\/100\n|\n|-heal|p2a: Grafaiai|36\/100|[from] item: Leftovers\n|upkeep\n|turn|9\n|\n|t:|1695450934\n|move|p1a: Torterra|Protect|p1a: Torterra\n|-singleturn|p1a: Torterra|Protect\n|move|p2a: Grafaiai|Poison Jab|p1b: Dipplin\n|-supereffective|p1b: Dipplin\n|-crit|p1b: Dipplin\n|-damage|p1b: Dipplin|0 fnt\n|faint|p1b: Dipplin\n|move|p2b: Amoonguss|Clear Smog|p1a: Torterra\n|-activate|p1a: Torterra|move: Protect\n|\n|-heal|p2a: Grafaiai|42\/100|[from] item: Leftovers\n|upkeep\n|\n|t:|1695450946\n|switch|p1b: Flamigo|Flamigo, F|100\/100\n|-copyboost|p1b: Flamigo|p1a: Torterra|[from] ability: Costar\n|turn|10\n|\n|t:|1695451012\n|move|p1b: Flamigo|Dual Wingbeat|p2b: Amoonguss\n|-supereffective|p2b: Amoonguss\n|-damage|p2b: Amoonguss|36\/100\n|-damage|p1b: Flamigo|84\/100|[from] item: Rocky Helmet|[of] p2b: Amoonguss\n|-supereffective|p2b: Amoonguss\n|-damage|p2b: Amoonguss|0 fnt\n|-damage|p1b: Flamigo|67\/100|[from] item: Rocky Helmet|[of] p2b: Amoonguss\n|-status|p1b: Flamigo|slp|[from] ability: Effect Spore|[of] p2b: Amoonguss\n|faint|p2b: Amoonguss\n|-hitcount|p2: Amoonguss|2\n|move|p1a: Torterra|Headlong Rush|p2a: Grafaiai\n|-supereffective|p2a: Grafaiai\n|-damage|p2a: Grafaiai|0 fnt\n|-unboost|p1a: Torterra|def|1\n|-unboost|p1a: Torterra|spd|1\n|faint|p2a: Grafaiai\n|\n|upkeep\n|\n|t:|1695451043\n|switch|p2a: Flutter Mane|Flutter Mane|100\/100\n|switch|p2b: Oranguru|Oranguru, M|100\/100\n|turn|11\n|\n|t:|1695451070\n|cant|p1b: Flamigo|slp\n|move|p1a: Torterra|Stone Edge|p2a: Flutter Mane\n|-enditem|p2a: Flutter Mane|Focus Sash\n|-damage|p2a: Flutter Mane|1\/100\n|move|p2a: Flutter Mane|Dazzling Gleam|p1b: Flamigo|[spread] p1a,p1b\n|-supereffective|p1b: Flamigo\n|-damage|p1a: Torterra|19\/100\n|-damage|p1b: Flamigo|0 fnt\n|faint|p1b: Flamigo\n|move|p2b: Oranguru|Instruct|p2a: Flutter Mane\n|-singleturn|p2a: Flutter Mane|move: Instruct|[of] p2b: Oranguru\n|move|p2a: Flutter Mane|Dazzling Gleam|p1a: Torterra\n|-damage|p1a: Torterra|0 fnt\n|faint|p1a: Torterra\n|\n|upkeep\n|\n|t:|1695451088\n|switch|p1b: Tinkaton|Tinkaton, F|1\/100\n|switch|p1a: Grafaiai|Grafaiai, F|22\/100\n|-ability|p1b: Tinkaton|Mold Breaker\n|turn|12\n|\n|t:|1695451109\n|move|p2a: Flutter Mane|Dazzling Gleam|p1b: Tinkaton|[spread] p1a,p1b\n|-resisted|p1a: Grafaiai\n|-resisted|p1b: Tinkaton\n|-damage|p1a: Grafaiai|0 fnt\n|-damage|p1b: Tinkaton|0 fnt\n|faint|p1a: Grafaiai\n|faint|p1b: Tinkaton\n|\n|win|Arkrabbe\n|c|\u2606Arkrabbe|gg\n","uploadtime":1695451120,"views":12,"p1id":"ooobi","p2id":"arkrabbe","formatid":"gen9nationaldexdoubles","rating":0,"private":0,"password":""}