{"id":"gen9nationaldexdoubles-1972406048","p1":"cassinidivision","p2":"kpoc12","format":"[Gen 9] National Dex Doubles","log":"|j|\u2606cassinidivision\n|j|\u2606kpoc12\n|t:|1697839344\n|gametype|doubles\n|player|p1|cassinidivision|leaf-masters|\n|player|p2|kpoc12|giovanni-masters|\n|teamsize|p1|6\n|teamsize|p2|6\n|gen|9\n|tier|[Gen 9] National Dex Doubles\n|rule|HP Percentage Mod: HP is shown in percentages\n|rule|Endless Battle Clause: Forcing endless battles is banned\n|rule|OHKO Clause: OHKO moves are banned\n|rule|Evasion Moves Clause: Evasion moves are banned\n|rule|Evasion Abilities Clause: Evasion abilities are banned\n|rule|Species Clause: Limit one of each Pok\u00e9mon\n|rule|Gravity Sleep Clause: The combination of sleep-inducing moves with imperfect accuracy and Gravity or Gigantamax Orbeetle are banned\n|clearpoke\n|poke|p1|Venusaur, F|\n|poke|p1|Nidoqueen, F|\n|poke|p1|Starmie|\n|poke|p1|Milotic, F|\n|poke|p1|Kabutops, M|\n|poke|p1|Dedenne, M|\n|poke|p2|Garchomp, F|\n|poke|p2|Gliscor, M|\n|poke|p2|Salamence, F|\n|poke|p2|Arcanine, F|\n|poke|p2|Torterra, F|\n|poke|p2|Rhyperior, F|\n|teampreview\n|c|\u2606cassinidivision|why isnt dedenne shiny.\n|j| AutumnCookie\n|\n|t:|1697839387\n|start\n|switch|p1a: Kabutops|Kabutops, M|100\/100\n|switch|p1b: Nidoqueen|Nidoqueen, F|100\/100\n|switch|p2a: Torterra|Torterra, F|100\/100\n|switch|p2b: Gliscor|Gliscor, M|100\/100\n|turn|1\n|\n|t:|1697839410\n|move|p1a: Kabutops|Aqua Jet|p2b: Gliscor\n|-supereffective|p2b: Gliscor\n|-damage|p2b: Gliscor|57\/100\n|move|p2b: Gliscor|Tailwind|p2b: Gliscor\n|-sidestart|p2: kpoc12|move: Tailwind\n|move|p2a: Torterra|Shell Smash|p2a: Torterra\n|-unboost|p2a: Torterra|def|1\n|-unboost|p2a: Torterra|spd|1\n|-boost|p2a: Torterra|atk|2\n|-boost|p2a: Torterra|spa|2\n|-boost|p2a: Torterra|spe|2\n|move|p1b: Nidoqueen|Toxic Spikes|p2a: Torterra\n|-sidestart|p2: kpoc12|move: Toxic Spikes\n|\n|upkeep\n|turn|2\n|c|\u2606kpoc12|stripped of her shine\n|\n|t:|1697839443\n|move|p1a: Kabutops|Aqua Jet|p2b: Gliscor\n|-supereffective|p2b: Gliscor\n|-damage|p2b: Gliscor|13\/100\n|move|p2a: Torterra|Wood Hammer|p1a: Kabutops\n|-supereffective|p1a: Kabutops\n|-damage|p1a: Kabutops|0 fnt\n|faint|p1a: Kabutops\n|-damage|p2a: Torterra|75\/100|[from] Recoil\n|move|p2b: Gliscor|Acrobatics|p1b: Nidoqueen\n|-damage|p1b: Nidoqueen|65\/100\n|move|p1b: Nidoqueen|Toxic Spikes|p2b: Gliscor\n|-sidestart|p2: kpoc12|move: Toxic Spikes\n|\n|-heal|p2a: Torterra|81\/100|[from] item: Leftovers\n|-heal|p1b: Nidoqueen|71\/100|[from] item: Leftovers\n|upkeep\n|\n|t:|1697839455\n|switch|p1a: Starmie|Starmie|100\/100\n|turn|3\n|\n|t:|1697839472\n|move|p2a: Torterra|Wood Hammer|p1a: Starmie\n|-supereffective|p1a: Starmie\n|-damage|p1a: Starmie|0 fnt\n|faint|p1a: Starmie\n|-damage|p2a: Torterra|48\/100|[from] Recoil\n|move|p2b: Gliscor|Acrobatics|p1b: Nidoqueen\n|-damage|p1b: Nidoqueen|37\/100\n|move|p1b: Nidoqueen|Body Slam|p2a: Torterra\n|-damage|p2a: Torterra|0 fnt\n|faint|p2a: Torterra\n|\n|-heal|p1b: Nidoqueen|43\/100|[from] item: Leftovers\n|upkeep\n|\n|t:|1697839535\n|switch|p1a: Milotic|Milotic, F|100\/100\n|switch|p2a: Garchomp|Garchomp, F|100\/100\n|-status|p2a: Garchomp|tox\n|turn|4\n|\n|t:|1697839555\n|move|p2b: Gliscor|Acrobatics|p1b: Nidoqueen\n|-damage|p1b: Nidoqueen|10\/100\n|move|p2a: Garchomp|Earthquake|p1a: Milotic|[spread] p1a,p1b\n|-immune|p2b: Gliscor\n|-supereffective|p1b: Nidoqueen\n|-damage|p1a: Milotic|58\/100\n|-damage|p1b: Nidoqueen|0 fnt\n|faint|p1b: Nidoqueen\n|move|p1a: Milotic|Aqua Ring|p1a: Milotic\n|-start|p1a: Milotic|Aqua Ring\n|\n|-heal|p1a: Milotic|64\/100|[from] item: Leftovers\n|-heal|p1a: Milotic|70\/100|[from] Aqua Ring\n|-damage|p2a: Garchomp|94\/100 tox|[from] psn\n|-sideend|p2: kpoc12|move: Tailwind\n|upkeep\n|\n|t:|1697839566\n|switch|p1b: Venusaur|Venusaur, F|100\/100\n|turn|5\n|\n|t:|1697839578\n|detailschange|p1b: Venusaur|Venusaur-Mega, F\n|-mega|p1b: Venusaur|Venusaur|Venusaurite\n|move|p2b: Gliscor|Acrobatics|p1b: Venusaur\n|-supereffective|p1b: Venusaur\n|-damage|p1b: Venusaur|35\/100\n|move|p1b: Venusaur|Giga Drain|p2b: Gliscor\n|-damage|p2b: Gliscor|0 fnt\n|-heal|p1b: Venusaur|41\/100|[from] drain|[of] p2b: Gliscor\n|faint|p2b: Gliscor\n|move|p2a: Garchomp|Earthquake|p1a: Milotic|[spread] p1a,p1b\n|-damage|p1a: Milotic|29\/100\n|-damage|p1b: Venusaur|4\/100\n|move|p1a: Milotic|Dragon Pulse|p2a: Garchomp\n|-supereffective|p2a: Garchomp\n|-damage|p2a: Garchomp|60\/100 tox\n|\n|-heal|p1a: Milotic|35\/100|[from] item: Leftovers\n|-heal|p1a: Milotic|41\/100|[from] Aqua Ring\n|-damage|p2a: Garchomp|48\/100 tox|[from] psn\n|upkeep\n|\n|t:|1697839595\n|switch|p2b: Salamence|Salamence, F, shiny|100\/100\n|-ability|p2b: Salamence|Intimidate|boost\n|-unboost|p1a: Milotic|atk|1\n|-unboost|p1b: Venusaur|atk|1\n|turn|6\n|\n|t:|1697839616\n|detailschange|p2b: Salamence|Salamence-Mega, F, shiny\n|-mega|p2b: Salamence|Salamence|Salamencite\n|move|p2b: Salamence|Return|p1a: Milotic\n|-damage|p1a: Milotic|0 fnt\n|faint|p1a: Milotic\n|move|p1b: Venusaur|Giga Drain|p2a: Garchomp\n|-damage|p2a: Garchomp|8\/100 tox\n|-heal|p1b: Venusaur|32\/100|[from] drain|[of] p2a: Garchomp\n|move|p2a: Garchomp|Earthquake|p1b: Venusaur|[spread] p1b\n|-immune|p2b: Salamence\n|-damage|p1b: Venusaur|0 fnt\n|faint|p1b: Venusaur\n|\n|-damage|p2a: Garchomp|0 fnt|[from] psn\n|faint|p2a: Garchomp\n|upkeep\n|\n|t:|1697839634\n|switch|p2a: Rhyperior|Rhyperior, F|100\/100\n|switch|p1a: Dedenne|Dedenne, M, shiny|100\/100\n|-status|p2a: Rhyperior|tox\n|turn|7\n|\n|t:|1697839647\n|move|p2b: Salamence|Return|p1a: Dedenne\n|-resisted|p1a: Dedenne\n|-damage|p1a: Dedenne|31\/100\n|-enditem|p1a: Dedenne|Sitrus Berry|[eat]\n|-heal|p1a: Dedenne|56\/100|[from] item: Sitrus Berry\n|-heal|p1a: Dedenne|89\/100|[from] ability: Cheek Pouch\n|move|p1a: Dedenne|Dazzling Gleam|p2a: Rhyperior|[spread] p2a,p2b\n|-supereffective|p2b: Salamence\n|-damage|p2a: Rhyperior|73\/100 tox\n|-damage|p2b: Salamence|49\/100\n|move|p2a: Rhyperior|Earthquake|p1a: Dedenne|[spread] p1a\n|-immune|p2b: Salamence\n|-supereffective|p1a: Dedenne\n|-damage|p1a: Dedenne|0 fnt\n|faint|p1a: Dedenne\n|\n|win|kpoc12\n|c|\u2606cassinidivision|better\n|c|\u2606kpoc12|ggs :]\n|c|\u2606cassinidivision|im getting somewhere\n|c|\u2606cassinidivision|ggs\n|c|\u2606cassinidivision|i have an idea now\n","uploadtime":1697839666,"views":12,"p1id":"cassinidivision","p2id":"kpoc12","formatid":"gen9nationaldexdoubles","rating":0,"private":0,"password":""}