{"id":"gen9nationaldexdoubles-1981331272","p1":"gabbybabbyishawt","p2":"octolockr","format":"[Gen 9] National Dex Doubles","log":"|j|\u2606gabbybabbyishawt\n|j|\u2606octolockr\n|t:|1698884416\n|gametype|doubles\n|player|p1|gabbybabbyishawt|1|1000\n|player|p2|octolockr|ghetsis-gen5bw|1119\n|teamsize|p1|2\n|teamsize|p2|6\n|gen|9\n|tier|[Gen 9] National Dex Doubles\n|rated|\n|rule|HP Percentage Mod: HP is shown in percentages\n|rule|Endless Battle Clause: Forcing endless battles is banned\n|rule|OHKO Clause: OHKO moves are banned\n|rule|Evasion Moves Clause: Evasion moves are banned\n|rule|Evasion Abilities Clause: Evasion abilities are banned\n|rule|Species Clause: Limit one of each Pok\u00e9mon\n|rule|Gravity Sleep Clause: The combination of sleep-inducing moves with imperfect accuracy and Gravity or Gigantamax Orbeetle are banned\n|clearpoke\n|poke|p1|Tatsugiri, F|\n|poke|p1|Dondozo, M|\n|poke|p2|Excadrill, M|\n|poke|p2|Togekiss, F|\n|poke|p2|Quaquaval, M|\n|poke|p2|Lopunny, F|\n|poke|p2|Ninetales-Alola, F|\n|poke|p2|Zangoose, M|\n|teampreview\n|\n|t:|1698884432\n|start\n|switch|p1a: Dondozo|Dondozo, M|100\/100\n|switch|p1b: Tatsugiri|Tatsugiri, F|100\/100\n|switch|p2a: Lopunny|Lopunny, F|100\/100\n|switch|p2b: Togekiss|Togekiss, F|100\/100\n|turn|1\n|c|\u2606gabbybabbyishawt|GYATT\n|inactive|Battle timer is ON: inactive players will automatically lose when time's up. (requested by octolockr)\n|\n|t:|1698884457\n|detailschange|p2a: Lopunny|Lopunny-Mega, F\n|-mega|p2a: Lopunny|Lopunny|Lopunnite\n|move|p2a: Lopunny|Fake Out|p1a: Dondozo\n|-damage|p1a: Dondozo|88\/100\n|move|p1b: Tatsugiri|Hydro Pump|p2a: Lopunny\n|-damage|p2a: Lopunny|34\/100\n|move|p2b: Togekiss|Tailwind|p2b: Togekiss\n|-sidestart|p2: octolockr|move: Tailwind\n|cant|p1a: Dondozo|flinch\n|\n|-heal|p1a: Dondozo|95\/100|[from] item: Leftovers\n|upkeep\n|turn|2\n|\n|t:|1698884472\n|move|p1b: Tatsugiri|Endure|p1b: Tatsugiri\n|-singleturn|p1b: Tatsugiri|move: Endure\n|move|p2a: Lopunny|Return|p1a: Dondozo\n|-damage|p1a: Dondozo|63\/100\n|move|p2b: Togekiss|Air Slash|p1a: Dondozo\n|-crit|p1a: Dondozo\n|-damage|p1a: Dondozo|14\/100\n|cant|p1a: Dondozo|flinch\n|\n|-heal|p1a: Dondozo|21\/100|[from] item: Leftovers\n|upkeep\n|turn|3\n|\n|t:|1698884488\n|move|p2a: Lopunny|Quick Attack|p1a: Dondozo\n|-damage|p1a: Dondozo|8\/100\n|move|p2b: Togekiss|Dazzling Gleam|p1a: Dondozo|[spread] p1a,p1b\n|-crit|p1a: Dondozo\n|-supereffective|p1b: Tatsugiri\n|-damage|p1a: Dondozo|0 fnt\n|-damage|p1b: Tatsugiri|27\/100\n|faint|p1a: Dondozo\n|move|p1b: Tatsugiri|Hydro Pump|p2b: Togekiss\n|-damage|p2b: Togekiss|58\/100\n|\n|-heal|p2b: Togekiss|64\/100|[from] item: Leftovers\n|upkeep\n|turn|4\n|\n|t:|1698884502\n|move|p1b: Tatsugiri|Endure|p1b: Tatsugiri\n|-singleturn|p1b: Tatsugiri|move: Endure\n|move|p2a: Lopunny|Quick Attack|p1b: Tatsugiri\n|-activate|p1b: Tatsugiri|move: Endure\n|-damage|p1b: Tatsugiri|1\/100\n|move|p2b: Togekiss|Air Slash|p1b: Tatsugiri\n|-activate|p1b: Tatsugiri|move: Endure\n|-damage|p1b: Tatsugiri|1\/100\n|\n|-heal|p2b: Togekiss|70\/100|[from] item: Leftovers\n|-sideend|p2: octolockr|move: Tailwind\n|upkeep\n|turn|5\n|\n|t:|1698884518\n|-terastallize|p1b: Tatsugiri|Dragon\n|move|p2b: Togekiss|Follow Me|p2b: Togekiss\n|-singleturn|p2b: Togekiss|move: Follow Me\n|move|p2a: Lopunny|Quick Attack|p1b: Tatsugiri\n|-damage|p1b: Tatsugiri|0 fnt\n|faint|p1b: Tatsugiri\n|\n|win|octolockr\n|raw|gabbybabbyishawt's rating: 1000 &rarr; <strong>1000<\/strong><br \/>(+0 for losing)\n|raw|octolockr's rating: 1119 &rarr; <strong>1136<\/strong><br \/>(+17 for winning)\n|l|\u2606gabbybabbyishawt\n","uploadtime":1698884532,"views":17,"p1id":"gabbybabbyishawt","p2id":"octolockr","formatid":"gen9nationaldexdoubles","rating":1000,"private":0,"password":""}