{"id":"gen9nationaldexdoubles-1984450760","p1":"bindz123","p2":"Aqua21","format":"[Gen 9] National Dex Doubles","log":"|j|\u2606bindz123\n|j|\u2606Aqua21\n|t:|1699265794\n|gametype|doubles\n|player|p1|bindz123|swimmer-gen4dp|1170\n|player|p2|Aqua21|volkner|1189\n|teamsize|p1|6\n|teamsize|p2|6\n|gen|9\n|tier|[Gen 9] National Dex Doubles\n|rated|\n|rule|HP Percentage Mod: HP is shown in percentages\n|rule|Endless Battle Clause: Forcing endless battles is banned\n|rule|OHKO Clause: OHKO moves are banned\n|rule|Evasion Moves Clause: Evasion moves are banned\n|rule|Evasion Abilities Clause: Evasion abilities are banned\n|rule|Species Clause: Limit one of each Pok\u00e9mon\n|rule|Gravity Sleep Clause: The combination of sleep-inducing moves with imperfect accuracy and Gravity or Gigantamax Orbeetle are banned\n|clearpoke\n|poke|p1|Zebstrika, M|\n|poke|p1|Manectric, M|\n|poke|p1|Emolga, F|\n|poke|p1|Gastrodon, F|\n|poke|p1|Tatsugiri, F|\n|poke|p1|Dondozo, M|\n|poke|p2|Gastrodon, M|\n|poke|p2|Vaporeon, F|\n|poke|p2|Pelipper, M|\n|poke|p2|Ogerpon-Wellspring, F|\n|poke|p2|Scizor, M|\n|poke|p2|Sinistcha|\n|teampreview\n|inactive|Battle timer is ON: inactive players will automatically lose when time's up. (requested by Aqua21)\n|inactive|bindz123 also wants the timer to be on.\n|\n|t:|1699265801\n|start\n|switch|p1a: Manectric|Manectric, M|100\/100\n|switch|p1b: Zebstrika|Zebstrika, M|100\/100\n|switch|p2a: cabezayunque|Pelipper, M|100\/100\n|switch|p2b: Young lassie|Ogerpon-Wellspring, F|100\/100\n|-weather|RainDance|[from] ability: Drizzle|[of] p2a: cabezayunque\n|turn|1\n|\n|t:|1699265820\n|switch|p2a: The monkeeeee|Gastrodon, M|100\/100\n|move|p1b: Zebstrika|Discharge|p2a: The monkeeeee|[spread] p2b\n|-ability|p1a: Manectric|Lightning Rod|boost\n|-boost|p1a: Manectric|spa|1\n|-immune|p2a: The monkeeeee\n|-damage|p2b: Young lassie|71\/100\n|move|p1a: Manectric|Discharge|p2b: Young lassie|[spread] p2b\n|-ability|p1b: Zebstrika|Lightning Rod|boost\n|-boost|p1b: Zebstrika|spa|1\n|-immune|p2a: The monkeeeee\n|-damage|p2b: Young lassie|20\/100\n|-status|p2b: Young lassie|par\n|move|p2b: Young lassie|U-turn|p1a: Manectric\n|-damage|p1a: Manectric|54\/100\n|\n|t:|1699265827\n|switch|p2b: Party timeeeeeee|Sinistcha|100\/100|[from] U-turn\n|\n|-weather|RainDance|[upkeep]\n|upkeep\n|turn|2\n|inactive|bindz123 has 120 seconds left.\n|\n|t:|1699265858\n|switch|p1b: Tatsugiri|Tatsugiri, F|100\/100\n|switch|p1a: Emolga|Emolga, F|100\/100\n|move|p2b: Party timeeeeeee|Matcha Gotcha|p1a: Emolga|[spread] p1a,p1b\n|-resisted|p1a: Emolga\n|-damage|p1a: Emolga|69\/100\n|-damage|p1b: Tatsugiri|59\/100\n|move|p2a: The monkeeeee|Earth Power|p1a: Emolga\n|-immune|p1a: Emolga\n|\n|-weather|RainDance|[upkeep]\n|-heal|p1b: Tatsugiri|66\/100|[from] item: Leftovers\n|upkeep\n|turn|3\n|\n|t:|1699265874\n|move|p1a: Emolga|Air Slash|p2b: Party timeeeeeee\n|-supereffective|p2b: Party timeeeeeee\n|-damage|p2b: Party timeeeeeee|5\/100\n|-damage|p1a: Emolga|59\/100|[from] item: Life Orb\n|move|p1b: Tatsugiri|Nasty Plot|p1b: Tatsugiri\n|-boost|p1b: Tatsugiri|spa|2\n|move|p2b: Party timeeeeeee|Matcha Gotcha|p1a: Emolga|[spread] p1a,p1b\n|-resisted|p1a: Emolga\n|-damage|p1a: Emolga|24\/100\n|-heal|p2b: Party timeeeeeee|18\/100|[from] drain|[of] p1a: Emolga\n|-damage|p1b: Tatsugiri|21\/100\n|-heal|p2b: Party timeeeeeee|36\/100|[from] drain|[of] p1b: Tatsugiri\n|move|p2a: The monkeeeee|Earth Power|p1b: Tatsugiri\n|-damage|p1b: Tatsugiri|0 fnt\n|faint|p1b: Tatsugiri\n|\n|-weather|RainDance|[upkeep]\n|-heal|p2b: Party timeeeeeee|42\/100|[from] item: Leftovers\n|upkeep\n|inactive|bindz123 has 120 seconds left.\n|\n|t:|1699265889\n|switch|p1b: Gastrodon|Gastrodon, F|100\/100\n|turn|4\n|\n|t:|1699265899\n|move|p1a: Emolga|Air Slash|p2b: Party timeeeeeee\n|-supereffective|p2b: Party timeeeeeee\n|-damage|p2b: Party timeeeeeee|0 fnt\n|faint|p2b: Party timeeeeeee\n|-damage|p1a: Emolga|14\/100|[from] item: Life Orb\n|move|p1b: Gastrodon|Earthquake|p2a: The monkeeeee|[spread] p2a\n|-immune|p1a: Emolga\n|-damage|p2a: The monkeeeee|64\/100\n|move|p2a: The monkeeeee|Earth Power|p1b: Gastrodon\n|-damage|p1b: Gastrodon|72\/100\n|\n|-weather|RainDance|[upkeep]\n|-heal|p2a: The monkeeeee|70\/100|[from] item: Leftovers\n|upkeep\n|\n|t:|1699265909\n|switch|p2b: Young lassie|Ogerpon-Wellspring, F|20\/100 par\n|turn|5\n|\n|t:|1699265923\n|move|p1a: Emolga|Air Slash|p2b: Young lassie\n|-supereffective|p2b: Young lassie\n|-damage|p2b: Young lassie|0 fnt\n|faint|p2b: Young lassie\n|-damage|p1a: Emolga|4\/100|[from] item: Life Orb\n|move|p1b: Gastrodon|Earthquake|p2a: The monkeeeee|[spread] p2a\n|-immune|p1a: Emolga\n|-damage|p2a: The monkeeeee|33\/100\n|move|p2a: The monkeeeee|Earth Power|p1b: Gastrodon\n|-damage|p1b: Gastrodon|46\/100\n|-enditem|p1b: Gastrodon|Sitrus Berry|[eat]\n|-heal|p1b: Gastrodon|71\/100|[from] item: Sitrus Berry\n|\n|-weather|none\n|-heal|p2a: The monkeeeee|39\/100|[from] item: Leftovers\n|upkeep\n|\n|t:|1699265932\n|switch|p2b: did you know?|Vaporeon, F|100\/100\n|turn|6\n|\n|t:|1699265945\n|move|p1a: Emolga|Volt Switch|p2b: did you know?\n|-supereffective|p2b: did you know?\n|-damage|p2b: did you know?|44\/100\n|-damage|p1a: Emolga|0 fnt|[from] item: Life Orb\n|faint|p1a: Emolga\n|move|p2b: did you know?|Flip Turn|p2a: The monkeeeee\n|-ability|p2a: The monkeeeee|Storm Drain|boost\n|-boost|p2a: The monkeeeee|spa|1\n|move|p1b: Gastrodon|Earthquake|p2b: did you know?|[spread] p2a,p2b\n|-damage|p2a: The monkeeeee|4\/100\n|-damage|p2b: did you know?|12\/100\n|move|p2a: The monkeeeee|Earth Power|p1b: Gastrodon\n|-damage|p1b: Gastrodon|27\/100\n|\n|-heal|p2a: The monkeeeee|10\/100|[from] item: Leftovers\n|upkeep\n|\n|t:|1699265960\n|switch|p1a: Dondozo|Dondozo, M|100\/100\n|turn|7\n|\n|t:|1699265966\n|move|p2b: did you know?|Ice Beam|p1b: Gastrodon\n|-damage|p1b: Gastrodon|0 fnt\n|faint|p1b: Gastrodon\n|-damage|p2b: did you know?|2\/100|[from] item: Life Orb\n|move|p1a: Dondozo|Curse|p1a: Dondozo\n|-unboost|p1a: Dondozo|spe|1\n|-boost|p1a: Dondozo|atk|1\n|-boost|p1a: Dondozo|def|1\n|move|p2a: The monkeeeee|Surf|p1a: Dondozo|[spread] p1a\n|-heal|p2b: did you know?|27\/100|[from] ability: Water Absorb|[of] p2a: The monkeeeee\n|-resisted|p1a: Dondozo\n|-damage|p1a: Dondozo|84\/100\n|\n|-heal|p2a: The monkeeeee|16\/100|[from] item: Leftovers\n|upkeep\n|\n|t:|1699265983\n|switch|p1b: Manectric|Manectric, M|54\/100\n|turn|8\n|\n|t:|1699265990\n|move|p1b: Manectric|Hidden Power|p2a: The monkeeeee\n|-damage|p2a: The monkeeeee|2\/100\n|move|p2b: did you know?|Surf|p1a: Dondozo|[spread] p1a,p1b\n|-ability|p2a: The monkeeeee|Storm Drain|boost\n|-boost|p2a: The monkeeeee|spa|1\n|-resisted|p1a: Dondozo\n|-damage|p1a: Dondozo|61\/100\n|-damage|p1b: Manectric|0 fnt\n|faint|p1b: Manectric\n|-damage|p2b: did you know?|17\/100|[from] item: Life Orb\n|move|p2a: The monkeeeee|Surf|p1a: Dondozo|[spread] p1a\n|-heal|p2b: did you know?|42\/100|[from] ability: Water Absorb|[of] p2a: The monkeeeee\n|-resisted|p1a: Dondozo\n|-damage|p1a: Dondozo|42\/100\n|move|p1a: Dondozo|Wave Crash|p2a: The monkeeeee\n|-activate|p2a: The monkeeeee|ability: Storm Drain\n|-ability|p2a: The monkeeeee|Storm Drain|boost\n|-boost|p2a: The monkeeeee|spa|1\n|\n|-heal|p2a: The monkeeeee|8\/100|[from] item: Leftovers\n|upkeep\n|\n|t:|1699266005\n|switch|p1b: Zebstrika|Zebstrika, M|100\/100\n|turn|9\n|\n|t:|1699266018\n|-terastallize|p2b: did you know?|Dragon\n|move|p1b: Zebstrika|Overheat|p2b: did you know?\n|-resisted|p2b: did you know?\n|-damage|p2b: did you know?|29\/100\n|-unboost|p1b: Zebstrika|spa|2\n|move|p2b: did you know?|Surf|p1a: Dondozo|[spread] p1a,p1b\n|-ability|p2a: The monkeeeee|Storm Drain|boost\n|-boost|p2a: The monkeeeee|spa|1\n|-resisted|p1a: Dondozo\n|-damage|p1a: Dondozo|20\/100\n|-damage|p1b: Zebstrika|27\/100\n|-damage|p2b: did you know?|19\/100|[from] item: Life Orb\n|move|p2a: The monkeeeee|Surf|p1b: Zebstrika|[spread] p1a,p1b\n|-heal|p2b: did you know?|44\/100|[from] ability: Water Absorb|[of] p2a: The monkeeeee\n|-resisted|p1a: Dondozo\n|-damage|p1a: Dondozo|0 fnt\n|-damage|p1b: Zebstrika|0 fnt\n|faint|p1a: Dondozo\n|faint|p1b: Zebstrika\n|\n|win|Aqua21\n|raw|bindz123's rating: 1170 &rarr; <strong>1146<\/strong><br \/>(-24 for losing)\n|raw|Aqua21's rating: 1189 &rarr; <strong>1213<\/strong><br \/>(+24 for winning)\n|l|\u2606bindz123\n","uploadtime":1699266037,"views":18,"p1id":"bindz123","p2id":"aqua21","formatid":"gen9nationaldexdoubles","rating":1146,"private":0,"password":""}