{"id":"gen9nationaldexdoubles-1979871662","p1":"Aquiley","p2":"St0mi","format":"[Gen 9] National Dex Doubles","log":"|j|\u2606Aquiley\n|j|\u2606St0mi\n|t:|1698722471\n|gametype|doubles\n|player|p1|Aquiley|pokemonranger-gen4|1121\n|player|p2|St0mi|roxie|1045\n|teamsize|p1|6\n|teamsize|p2|6\n|gen|9\n|tier|[Gen 9] National Dex Doubles\n|rated|\n|rule|HP Percentage Mod: HP is shown in percentages\n|rule|Endless Battle Clause: Forcing endless battles is banned\n|rule|OHKO Clause: OHKO moves are banned\n|rule|Evasion Moves Clause: Evasion moves are banned\n|rule|Evasion Abilities Clause: Evasion abilities are banned\n|rule|Species Clause: Limit one of each Pok\u00e9mon\n|rule|Gravity Sleep Clause: The combination of sleep-inducing moves with imperfect accuracy and Gravity or Gigantamax Orbeetle are banned\n|clearpoke\n|poke|p1|Aegislash, F|\n|poke|p1|Tyranitar, F|\n|poke|p1|Garchomp, F|\n|poke|p1|Zapdos|\n|poke|p1|Basculegion-F, F|\n|poke|p1|Scizor, M|\n|poke|p2|Cinderace, M|\n|poke|p2|Galvantula, M|\n|poke|p2|Serperior, F|\n|poke|p2|Cresselia, F|\n|poke|p2|Azumarill, M|\n|poke|p2|Indeedee-F, F|\n|teampreview\n|inactive|Battle timer is ON: inactive players will automatically lose when time's up. (requested by St0mi)\n|\n|t:|1698722485\n|start\n|switch|p1a: Tyranitar|Tyranitar, F|100\/100\n|switch|p1b: Scizor|Scizor, M|100\/100\n|switch|p2a: Galvantula|Galvantula, M|100\/100\n|switch|p2b: Cinderace|Cinderace, M|100\/100\n|-weather|Sandstorm|[from] ability: Sand Stream|[of] p1a: Tyranitar\n|turn|1\n|inactive|Aquiley has 120 seconds left.\n|\n|t:|1698722539\n|detailschange|p1a: Tyranitar|Tyranitar-Mega, F\n|-mega|p1a: Tyranitar|Tyranitar|Tyranitarite\n|move|p2a: Galvantula|Sticky Web|p1b: Scizor\n|-sidestart|p1: Aquiley|move: Sticky Web\n|move|p2b: Cinderace|Court Change|p2b: Cinderace\n|-start|p2b: Cinderace|typechange|Normal|[from] ability: Libero\n|-swapsideconditions\n|-activate|p2b: Cinderace|move: Court Change\n|move|p1a: Tyranitar|Earthquake|p2b: Cinderace|[spread] p1b,p2a,p2b\n|-damage|p1b: Scizor|69\/100\n|-damage|p2a: Galvantula|42\/100\n|-damage|p2b: Cinderace|53\/100\n|move|p1b: Scizor|Swords Dance|p1b: Scizor\n|-boost|p1b: Scizor|atk|2\n|\n|-weather|Sandstorm|[upkeep]\n|-damage|p2a: Galvantula|36\/100|[from] Sandstorm\n|-damage|p2b: Cinderace|47\/100|[from] Sandstorm\n|upkeep\n|turn|2\n|inactive|Aquiley has 120 seconds left.\n|\n|t:|1698722563\n|move|p2a: Galvantula|Thunder|p1b: Scizor\n|-damage|p1b: Scizor|10\/100\n|-status|p1b: Scizor|par\n|move|p2b: Cinderace|Pyro Ball|p1b: Scizor\n|-supereffective|p1b: Scizor\n|-damage|p1b: Scizor|0 fnt\n|faint|p1b: Scizor\n|move|p1a: Tyranitar|Earthquake|p2b: Cinderace|[spread] p2a,p2b\n|-crit|p2a: Galvantula\n|-damage|p2a: Galvantula|0 fnt\n|-damage|p2b: Cinderace|0 fnt\n|faint|p2a: Galvantula\n|faint|p2b: Cinderace\n|\n|-weather|Sandstorm|[upkeep]\n|upkeep\n|inactive|Aquiley has 120 seconds left.\n|inactive|Aquiley has 90 seconds left.\n|\n|t:|1698722622\n|switch|p2a: Serperior|Serperior, F|100\/100\n|switch|p2b: Indeedee|Indeedee-F, F|100\/100\n|switch|p1b: Aegislash|Aegislash, F|100\/100\n|-activate|p2a: Serperior|move: Sticky Web\n|-boost|p2a: Serperior|spe|1\n|-activate|p2b: Indeedee|move: Sticky Web\n|-unboost|p2b: Indeedee|spe|1\n|turn|3\n|\n|t:|1698722636\n|-terastallize|p2a: Serperior|Grass\n|move|p2b: Indeedee|Follow Me|p2b: Indeedee\n|-singleturn|p2b: Indeedee|move: Follow Me\n|-formechange|p1b: Aegislash|Aegislash-Blade||[from] ability: Stance Change\n|move|p1b: Aegislash|Shadow Sneak|p2b: Indeedee\n|-immune|p2b: Indeedee\n|move|p2a: Serperior|Leaf Storm|p1a: Tyranitar\n|-supereffective|p1a: Tyranitar\n|-damage|p1a: Tyranitar|2\/100\n|-boost|p2a: Serperior|spa|2\n|move|p1a: Tyranitar|Ice Fang|p2b: Indeedee\n|-damage|p2b: Indeedee|69\/100\n|\n|-weather|Sandstorm|[upkeep]\n|-damage|p2a: Serperior|94\/100|[from] Sandstorm\n|-damage|p2b: Indeedee|63\/100|[from] Sandstorm\n|-heal|p2b: Indeedee|69\/100|[from] item: Leftovers\n|upkeep\n|turn|4\n|\n|t:|1698722657\n|-formechange|p1b: Aegislash|Aegislash||[from] ability: Stance Change\n|move|p1b: Aegislash|King's Shield|p1b: Aegislash\n|-singleturn|p1b: Aegislash|Protect\n|move|p2b: Indeedee|Follow Me|p2b: Indeedee\n|-singleturn|p2b: Indeedee|move: Follow Me\n|move|p2a: Serperior|Leaf Storm|p1b: Aegislash\n|-activate|p1b: Aegislash|move: Protect\n|move|p1a: Tyranitar|Earthquake|p2b: Indeedee|[spread] p2a,p2b\n|-activate|p1b: Aegislash|move: Protect\n|-resisted|p2a: Serperior\n|-damage|p2a: Serperior|70\/100\n|-damage|p2b: Indeedee|33\/100\n|\n|-weather|Sandstorm|[upkeep]\n|-damage|p2a: Serperior|64\/100|[from] Sandstorm\n|-damage|p2b: Indeedee|27\/100|[from] Sandstorm\n|-heal|p2b: Indeedee|33\/100|[from] item: Leftovers\n|upkeep\n|turn|5\n|inactive|Aquiley has 120 seconds left.\n|inactive|Aquiley has 90 seconds left.\n|\n|t:|1698722724\n|move|p2b: Indeedee|Follow Me|p2b: Indeedee\n|-singleturn|p2b: Indeedee|move: Follow Me\n|-formechange|p1b: Aegislash|Aegislash-Blade||[from] ability: Stance Change\n|move|p1b: Aegislash|Shadow Sneak|p2b: Indeedee\n|-immune|p2b: Indeedee\n|move|p2a: Serperior|Leaf Storm|p1a: Tyranitar\n|-supereffective|p1a: Tyranitar\n|-damage|p1a: Tyranitar|0 fnt\n|-boost|p2a: Serperior|spa|2\n|faint|p1a: Tyranitar\n|\n|-weather|none\n|-heal|p2b: Indeedee|39\/100|[from] item: Leftovers\n|upkeep\n|\n|t:|1698722733\n|switch|p1a: rayito|Zapdos|100\/100\n|turn|6\n|\n|t:|1698722742\n|-formechange|p1b: Aegislash|Aegislash||[from] ability: Stance Change\n|move|p1b: Aegislash|King's Shield|p1b: Aegislash\n|-singleturn|p1b: Aegislash|Protect\n|move|p2b: Indeedee|Follow Me|p2b: Indeedee\n|-singleturn|p2b: Indeedee|move: Follow Me\n|move|p2a: Serperior|Leaf Storm|p1a: rayito\n|-resisted|p1a: rayito\n|-damage|p1a: rayito|0 fnt\n|-boost|p2a: Serperior|spa|2\n|faint|p1a: rayito\n|\n|-heal|p2b: Indeedee|46\/100|[from] item: Leftovers\n|upkeep\n|\n|t:|1698722751\n|switch|p1a: Garchomp|Garchomp, F|100\/100\n|turn|7\n|inactive|Aquiley has 120 seconds left.\n|\n|t:|1698722764\n|-terastallize|p1a: Garchomp|Steel\n|move|p2b: Indeedee|Follow Me|p2b: Indeedee\n|-singleturn|p2b: Indeedee|move: Follow Me\n|move|p2a: Serperior|Leaf Storm|p1a: Garchomp\n|-resisted|p1a: Garchomp\n|-damage|p1a: Garchomp|0 fnt\n|faint|p1a: Garchomp\n|-formechange|p1b: Aegislash|Aegislash-Blade||[from] ability: Stance Change\n|move|p1b: Aegislash|Flash Cannon|p2b: Indeedee\n|-damage|p2b: Indeedee|10\/100\n|\n|-heal|p2b: Indeedee|16\/100|[from] item: Leftovers\n|upkeep\n|inactive|Aquiley has 120 seconds left.\n|\n|t:|1698722771\n|switch|p1a: Basculegion|Basculegion-F, F|100\/100\n|-ability|p1a: Basculegion|Mold Breaker\n|turn|8\n|\n|t:|1698722783\n|move|p2b: Indeedee|Follow Me|p2b: Indeedee\n|-singleturn|p2b: Indeedee|move: Follow Me\n|move|p2a: Serperior|Leaf Storm|p1a: Basculegion\n|-supereffective|p1a: Basculegion\n|-damage|p1a: Basculegion|0 fnt\n|faint|p1a: Basculegion\n|move|p1b: Aegislash|Sacred Sword|p2b: Indeedee\n|-damage|p2b: Indeedee|0 fnt\n|faint|p2b: Indeedee\n|\n|upkeep\n|\n|t:|1698722794\n|switch|p2b: Azumarill|Azumarill, M|100\/100\n|-activate|p2b: Azumarill|move: Sticky Web\n|-unboost|p2b: Azumarill|spe|1\n|turn|9\n|\n|t:|1698722803\n|move|p2a: Serperior|Leaf Storm|p1b: Aegislash|[miss]\n|-miss|p2a: Serperior|p1b: Aegislash\n|move|p1b: Aegislash|Flash Cannon|p2b: Azumarill\n|-damage|p2b: Azumarill|64\/100\n|move|p2b: Azumarill|Belly Drum|p2b: Azumarill\n|-damage|p2b: Azumarill|14\/100\n|-setboost|p2b: Azumarill|atk|6|[from] move: Belly Drum\n|-enditem|p2b: Azumarill|Sitrus Berry|[eat]\n|-heal|p2b: Azumarill|39\/100|[from] item: Sitrus Berry\n|\n|upkeep\n|turn|10\n|c|\u2606St0mi|Gg\n|\n|t:|1698722819\n|move|p2b: Azumarill|Aqua Jet|p1b: Aegislash\n|-damage|p1b: Aegislash|0 fnt\n|faint|p1b: Aegislash\n|\n|win|St0mi\n|raw|Aquiley's rating: 1121 &rarr; <strong>1091<\/strong><br \/>(-30 for losing)\n|raw|St0mi's rating: 1045 &rarr; <strong>1085<\/strong><br \/>(+40 for winning)\n","uploadtime":1698722828,"views":15,"p1id":"aquiley","p2id":"st0mi","formatid":"gen9nationaldexdoubles","rating":1085,"private":0,"password":""}