{"id":"gen9nationaldexdoubles-1976651873","p1":"ryan682","p2":"AdvancedDigit","format":"[Gen 9] National Dex Doubles","log":"|j|\u2606ryan682\n|j|\u2606AdvancedDigit\n|t:|1698330598\n|gametype|doubles\n|player|p1|ryan682|265|1168\n|player|p2|AdvancedDigit|1|1215\n|teamsize|p1|6\n|teamsize|p2|6\n|gen|9\n|tier|[Gen 9] National Dex Doubles\n|rated|\n|rule|HP Percentage Mod: HP is shown in percentages\n|rule|Endless Battle Clause: Forcing endless battles is banned\n|rule|OHKO Clause: OHKO moves are banned\n|rule|Evasion Moves Clause: Evasion moves are banned\n|rule|Evasion Abilities Clause: Evasion abilities are banned\n|rule|Species Clause: Limit one of each Pok\u00e9mon\n|rule|Gravity Sleep Clause: The combination of sleep-inducing moves with imperfect accuracy and Gravity or Gigantamax Orbeetle are banned\n|clearpoke\n|poke|p1|Milotic, M|\n|poke|p1|Gyarados, M|\n|poke|p1|Barraskewda, M|\n|poke|p1|Pelipper, M|\n|poke|p1|Politoed, M|\n|poke|p1|Swampert, M|\n|poke|p2|Lilligant-Hisui, F|\n|poke|p2|Tornadus, M|\n|poke|p2|Malamar, F|\n|poke|p2|Gothitelle, M|\n|poke|p2|Charizard, F|\n|poke|p2|Garchomp, F|\n|teampreview\n|\n|t:|1698330614\n|start\n|switch|p1a: Gyarados|Gyarados, M|100\/100\n|switch|p1b: Pelipper|Pelipper, M|100\/100\n|switch|p2a: Lilligant|Lilligant-Hisui, F|100\/100\n|switch|p2b: Charizard|Charizard, F|100\/100\n|-weather|RainDance|[from] ability: Drizzle|[of] p1b: Pelipper\n|turn|1\n|\n|t:|1698330632\n|detailschange|p2b: Charizard|Charizard-Mega-Y, F\n|-mega|p2b: Charizard|Charizard|Charizardite Y\n|-weather|SunnyDay|[from] ability: Drought|[of] p2b: Charizard\n|move|p2a: Lilligant|Entrainment|p2b: Charizard\n|-endability|p2b: Charizard|Drought|[from] move: Entrainment\n|-ability|p2b: Charizard|Chlorophyll|[from] move: Entrainment\n|move|p2b: Charizard|Hidden Power|p1a: Gyarados\n|-damage|p1a: Gyarados|73\/100\n|move|p1a: Gyarados|Earthquake|p2a: Lilligant|[spread] p2a\n|-immune|p1b: Pelipper\n|-immune|p2b: Charizard\n|-resisted|p2a: Lilligant\n|-damage|p2a: Lilligant|81\/100\n|move|p1b: Pelipper|Hurricane|p2a: Lilligant\n|-supereffective|p2a: Lilligant\n|-damage|p2a: Lilligant|0 fnt\n|faint|p2a: Lilligant\n|\n|-weather|SunnyDay|[upkeep]\n|upkeep\n|\n|t:|1698330643\n|switch|p2a: Gothitelle|Gothitelle, M|100\/100\n|turn|2\n|\n|t:|1698330680\n|move|p2a: Gothitelle|Fake Out|p1a: Gyarados\n|-damage|p1a: Gyarados|65\/100\n|move|p2b: Charizard|Heat Wave|p1a: Gyarados|[spread] p1a,p1b\n|-resisted|p1a: Gyarados\n|-resisted|p1b: Pelipper\n|-crit|p1b: Pelipper\n|-damage|p1a: Gyarados|30\/100\n|-damage|p1b: Pelipper|29\/100\n|cant|p1a: Gyarados|flinch\n|move|p1b: Pelipper|Hurricane|p2b: Charizard\n|-damage|p2b: Charizard|66\/100\n|-start|p2b: Charizard|confusion\n|\n|-weather|SunnyDay|[upkeep]\n|upkeep\n|turn|3\n|c|\u2606AdvancedDigit|fuck\n|\n|t:|1698330705\n|-activate|p2b: Charizard|confusion\n|move|p2b: Charizard|Heat Wave|p1b: Pelipper|[spread] p1a,p1b\n|-resisted|p1a: Gyarados\n|-resisted|p1b: Pelipper\n|-damage|p1a: Gyarados|0 fnt\n|-damage|p1b: Pelipper|0 fnt\n|faint|p1a: Gyarados\n|faint|p1b: Pelipper\n|move|p2a: Gothitelle|Shadow Ball|p1: Gyarados|[notarget]\n|-fail|p2a: Gothitelle\n|\n|-weather|SunnyDay|[upkeep]\n|upkeep\n|c|\u2606AdvancedDigit|o thank god\n|c|\u2606ryan682|what\n|c|\u2606AdvancedDigit|confusion\n|\n|t:|1698330722\n|switch|p1a: Politoed|Politoed, M|100\/100\n|switch|p1b: Swampert|Swampert, M|100\/100\n|-weather|RainDance|[from] ability: Drizzle|[of] p1a: Politoed\n|turn|4\n|c|\u2606ryan682|O lol\n|\n|t:|1698330753\n|switch|p2b: Malamar|Malamar, F|100\/100\n|detailschange|p1b: Swampert|Swampert-Mega, M\n|-mega|p1b: Swampert|Swampert|Swampertite\n|-terastallize|p1a: Politoed|Water\n|move|p1b: Swampert|Waterfall|p2a: Gothitelle\n|-damage|p2a: Gothitelle|29\/100\n|move|p1a: Politoed|Scald|p2b: Malamar\n|-damage|p2b: Malamar|44\/100\n|-status|p2b: Malamar|brn\n|move|p2a: Gothitelle|Toxic|p1b: Swampert\n|-status|p1b: Swampert|tox\n|\n|-weather|RainDance|[upkeep]\n|-heal|p2b: Malamar|50\/100 brn|[from] item: Leftovers\n|-heal|p2a: Gothitelle|35\/100|[from] item: Leftovers\n|-damage|p1b: Swampert|94\/100 tox|[from] psn\n|-damage|p2b: Malamar|44\/100 brn|[from] brn\n|upkeep\n|turn|5\n|\n|t:|1698330777\n|move|p1a: Politoed|Protect|p1a: Politoed\n|-singleturn|p1a: Politoed|Protect\n|move|p1b: Swampert|Earthquake|p2a: Gothitelle|[spread] p2a,p2b\n|-activate|p1a: Politoed|move: Protect\n|-crit|p2b: Malamar\n|-damage|p2a: Gothitelle|0 fnt\n|-damage|p2b: Malamar|0 fnt\n|faint|p2a: Gothitelle\n|faint|p2b: Malamar\n|\n|-weather|RainDance|[upkeep]\n|-damage|p1b: Swampert|82\/100 tox|[from] psn\n|upkeep\n|\n|t:|1698330783\n|switch|p2b: Tornadus|Tornadus, M|100\/100\n|switch|p2a: Charizard|Charizard-Mega-Y, F|66\/100\n|-weather|SunnyDay|[from] ability: Drought|[of] p2a: Charizard\n|turn|6\n|\n|t:|1698330804\n|switch|p1a: Milotic|Milotic, M|100\/100\n|move|p2b: Tornadus|Tailwind|p2b: Tornadus\n|-sidestart|p2: AdvancedDigit|move: Tailwind\n|move|p2a: Charizard|Hidden Power|p1b: Swampert\n|-supereffective|p1b: Swampert\n|-damage|p1b: Swampert|0 fnt\n|faint|p1b: Swampert\n|\n|-weather|SunnyDay|[upkeep]\n|-status|p1a: Milotic|brn|[from] item: Flame Orb\n|upkeep\n|\n|t:|1698330813\n|switch|p1b: Politoed|Politoed, M, tera:Water|100\/100\n|-weather|RainDance|[from] ability: Drizzle|[of] p1b: Politoed\n|turn|7\n|\n|t:|1698330826\n|move|p2b: Tornadus|Bleakwind Storm|p1a: Milotic|[spread] p1a,p1b\n|-damage|p1a: Milotic|79\/100 brn\n|-damage|p1b: Politoed|74\/100\n|-unboost|p1b: Politoed|spe|1\n|move|p2a: Charizard|Hidden Power|p1b: Politoed\n|-supereffective|p1b: Politoed\n|-damage|p1b: Politoed|40\/100\n|move|p1a: Milotic|Scald|p2a: Charizard\n|-supereffective|p2a: Charizard\n|-damage|p2a: Charizard|0 fnt\n|faint|p2a: Charizard\n|move|p1b: Politoed|Scald|p2b: Tornadus\n|-damage|p2b: Tornadus|34\/100\n|\n|-weather|RainDance|[upkeep]\n|-heal|p2b: Tornadus|40\/100|[from] item: Leftovers\n|-damage|p1a: Milotic|73\/100 brn|[from] brn\n|upkeep\n|\n|t:|1698330834\n|switch|p2a: Garchomp|Garchomp, F|100\/100\n|turn|8\n|\n|t:|1698330846\n|-terastallize|p2a: Garchomp|Steel\n|move|p1b: Politoed|Protect|p1b: Politoed\n|-singleturn|p1b: Politoed|Protect\n|move|p2b: Tornadus|Tailwind||[still]\n|-fail|p2b: Tornadus\n|move|p2a: Garchomp|Earthquake|p1a: Milotic|[spread] p1a\n|-activate|p1b: Politoed|move: Protect\n|-immune|p2b: Tornadus\n|-damage|p1a: Milotic|47\/100 brn\n|move|p1a: Milotic|Scald|p2a: Garchomp\n|-damage|p2a: Garchomp|58\/100\n|\n|-weather|RainDance|[upkeep]\n|-heal|p2b: Tornadus|46\/100|[from] item: Leftovers\n|-damage|p1a: Milotic|41\/100 brn|[from] brn\n|upkeep\n|turn|9\n|\n|t:|1698330865\n|move|p2b: Tornadus|Bleakwind Storm|p1b: Politoed|[spread] p1a,p1b\n|-damage|p1a: Milotic|19\/100 brn\n|-damage|p1b: Politoed|15\/100\n|-unboost|p1b: Politoed|spe|1\n|move|p2a: Garchomp|Earthquake|p1b: Politoed|[spread] p1a,p1b\n|-immune|p2b: Tornadus\n|-damage|p1a: Milotic|0 fnt\n|-damage|p1b: Politoed|0 fnt\n|faint|p1a: Milotic\n|faint|p1b: Politoed\n|\n|-weather|RainDance|[upkeep]\n|-heal|p2b: Tornadus|52\/100|[from] item: Leftovers\n|-sideend|p2: AdvancedDigit|move: Tailwind\n|upkeep\n|c|\u2606ryan682|gg\n|\n|t:|1698330880\n|switch|p1b: Barraskewda|Barraskewda, M|100\/100\n|turn|10\n|\n|t:|1698330888\n|move|p1b: Barraskewda|Liquidation|p2b: Tornadus\n|-damage|p2b: Tornadus|0 fnt\n|faint|p2b: Tornadus\n|move|p2a: Garchomp|Earthquake|p1b: Barraskewda\n|-damage|p1b: Barraskewda|0 fnt\n|faint|p1b: Barraskewda\n|\n|win|AdvancedDigit\n|raw|ryan682's rating: 1168 &rarr; <strong>1144<\/strong><br \/>(-24 for losing)\n|raw|AdvancedDigit's rating: 1182 &rarr; <strong>1206<\/strong><br \/>(+24 for winning)\n|c|\u2606AdvancedDigit|gg\n","uploadtime":1698330895,"views":7,"p1id":"ryan682","p2id":"advanceddigit","formatid":"gen9nationaldexdoubles","rating":1144,"private":0,"password":""}