{"id":"gen9nationaldexdoubles-1983850953","p1":"Datagne","p2":"Leonarth5","format":"[Gen 9] National Dex Doubles","log":"|j|\u2606Datagne\n|j|\u2606Leonarth5\n|t:|1699191659\n|gametype|doubles\n|player|p1|Datagne|will|\n|player|p2|Leonarth5|acetrainersnowf|\n|teamsize|p1|6\n|teamsize|p2|6\n|gen|9\n|tier|[Gen 9] National Dex Doubles\n|rule|HP Percentage Mod: HP is shown in percentages\n|rule|Endless Battle Clause: Forcing endless battles is banned\n|rule|OHKO Clause: OHKO moves are banned\n|rule|Evasion Moves Clause: Evasion moves are banned\n|rule|Evasion Abilities Clause: Evasion abilities are banned\n|rule|Species Clause: Limit one of each Pok\u00e9mon\n|rule|Gravity Sleep Clause: The combination of sleep-inducing moves with imperfect accuracy and Gravity or Gigantamax Orbeetle are banned\n|clearpoke\n|poke|p1|Kingambit, M|\n|poke|p1|Clodsire, F|\n|poke|p1|Basculegion-F, F|\n|poke|p1|Great Tusk|\n|poke|p1|Overqwil, F|\n|poke|p1|Klefki, F|\n|poke|p2|Muk-Alola, M|\n|poke|p2|Scizor, M|\n|poke|p2|Toedscruel, F|\n|poke|p2|Meowscarada, F|\n|poke|p2|Azumarill, F|\n|poke|p2|Landorus, M|\n|teampreview\n|j| SgtSmilies\n|\n|t:|1699191690\n|start\n|switch|p1a: Jingles|Klefki, F|100\/100\n|switch|p1b: Rusty Knife|Basculegion-F, F|100\/100\n|switch|p2a: Landorus|Landorus, M|100\/100\n|switch|p2b: Meowscarada|Meowscarada, F, shiny|100\/100\n|turn|1\n|\n|t:|1699191718\n|switch|p2a: Azumarill|Azumarill, F|100\/100\n|move|p1b: Rusty Knife|Protect|p1b: Rusty Knife\n|-singleturn|p1b: Rusty Knife|Protect\n|move|p1a: Jingles|Reflect|p1a: Jingles\n|-sidestart|p1: Datagne|Reflect\n|move|p2b: Meowscarada|Flower Trick|p1b: Rusty Knife\n|-start|p2b: Meowscarada|typechange|Grass|[from] ability: Protean\n|-activate|p1b: Rusty Knife|move: Protect\n|\n|upkeep\n|turn|2\n|\n|t:|1699191747\n|switch|p1b: Sticky|Overqwil, F|100\/100\n|move|p1a: Jingles|Rain Dance|p1a: Jingles\n|-weather|RainDance\n|move|p2b: Meowscarada|Flower Trick|p1b: Sticky\n|-resisted|p1b: Sticky\n|-crit|p1b: Sticky\n|-damage|p1b: Sticky|75\/100\n|move|p2a: Azumarill|Brick Break|p1a: Jingles\n|-sideend|p1: Datagne|Reflect\n|-damage|p1a: Jingles|64\/100\n|\n|-weather|RainDance|[upkeep]\n|upkeep\n|turn|3\n|j| Jolly stranger\n|\n|t:|1699191838\n|switch|p2b: Muk|Muk-Alola, M, shiny|100\/100\n|switch|p2a: Scizor|Scizor, M|100\/100\n|move|p1a: Jingles|Reflect|p1a: Jingles\n|-sidestart|p1: Datagne|Reflect\n|move|p1b: Sticky|Crunch|p2b: Muk\n|-resisted|p2b: Muk\n|-damage|p2b: Muk|68\/100\n|-unboost|p2b: Muk|def|1\n|\n|-weather|RainDance|[upkeep]\n|-heal|p2b: Muk|74\/100|[from] item: Leftovers\n|upkeep\n|turn|4\n|c| Jolly stranger|THE DRUMS OF WAR ARE BEATING\n|c| Jolly stranger|NO BELLIES CAN BE TRUSTED\n|\n|t:|1699191873\n|switch|p1b: Rusty Knife|Basculegion-F, F|100\/100\n|move|p2a: Scizor|Bullet Punch|p1b: Rusty Knife\n|-resisted|p1b: Rusty Knife\n|-damage|p1b: Rusty Knife|80\/100\n|move|p1a: Jingles|Torment|p2a: Scizor\n|-start|p2a: Scizor|Torment\n|move|p2b: Muk|Crunch|p1b: Rusty Knife\n|-supereffective|p1b: Rusty Knife\n|-damage|p1b: Rusty Knife|14\/100\n|\n|-weather|RainDance|[upkeep]\n|-heal|p2b: Muk|80\/100|[from] item: Leftovers\n|upkeep\n|turn|5\n|\n|t:|1699191911\n|switch|p2a: Azumarill|Azumarill, F|100\/100\n|move|p1b: Rusty Knife|Surf|p2a: Azumarill|[spread] p1a,p2a,p2b\n|-resisted|p2a: Azumarill\n|-damage|p1a: Jingles|14\/100\n|-damage|p2a: Azumarill|66\/100\n|-damage|p2b: Muk|28\/100\n|-damage|p1b: Rusty Knife|4\/100|[from] item: Life Orb\n|move|p1a: Jingles|Foul Play|p2a: Azumarill\n|-resisted|p2a: Azumarill\n|-damage|p2a: Azumarill|56\/100\n|move|p2b: Muk|Crunch|p1b: Rusty Knife\n|-supereffective|p1b: Rusty Knife\n|-damage|p1b: Rusty Knife|0 fnt\n|faint|p1b: Rusty Knife\n|\n|-weather|RainDance|[upkeep]\n|-heal|p2b: Muk|34\/100|[from] item: Leftovers\n|upkeep\n|\n|t:|1699191926\n|switch|p1b: Sticky|Overqwil, F|75\/100\n|turn|6\n|\n|t:|1699191961\n|-terastallize|p2a: Azumarill|Water\n|move|p1a: Jingles|Torment|p2a: Azumarill\n|-start|p2a: Azumarill|Torment\n|move|p1b: Sticky|Crunch|p2b: Muk\n|-resisted|p2b: Muk\n|-damage|p2b: Muk|0 fnt\n|faint|p2b: Muk\n|move|p2a: Azumarill|Brick Break|p1b: Sticky\n|-sideend|p1: Datagne|Reflect\n|-damage|p1b: Sticky|46\/100\n|\n|-weather|none\n|upkeep\n|\n|t:|1699191974\n|switch|p2b: Landorus|Landorus, M|100\/100\n|turn|7\n|\n|t:|1699192001\n|move|p1a: Jingles|Rain Dance|p1a: Jingles\n|-weather|RainDance\n|move|p1b: Sticky|Crunch|p2b: Landorus\n|-damage|p2b: Landorus|24\/100\n|move|p2b: Landorus|Earth Power|p1b: Sticky\n|-supereffective|p1b: Sticky\n|-damage|p1b: Sticky|0 fnt\n|faint|p1b: Sticky\n|move|p2a: Azumarill|Ice Spinner|p1a: Jingles\n|-resisted|p1a: Jingles\n|-damage|p1a: Jingles|0 fnt\n|faint|p1a: Jingles\n|\n|-weather|RainDance|[upkeep]\n|upkeep\n|\n|t:|1699192017\n|switch|p1b: Horny|Great Tusk|100\/100\n|switch|p1a: Aun|Kingambit, M|100\/100\n|-activate|p1a: Aun|ability: Supreme Overlord\n|-start|p1a: Aun|fallen3|[silent]\n|turn|8\n|\n|t:|1699192031\n|-end|p1b: Horny|Protosynthesis|[silent]\n|switch|p1b: Fren|Clodsire, F|100\/100\n|move|p2a: Azumarill|Aqua Jet|p1b: Fren\n|-immune|p1b: Fren|[from] ability: Water Absorb\n|move|p2b: Landorus|Focus Blast|p1a: Aun\n|-supereffective|p1a: Aun\n|-damage|p1a: Aun|0 fnt\n|faint|p1a: Aun\n|-end|p1a: Aun|fallen3|[silent]\n|\n|-weather|RainDance|[upkeep]\n|upkeep\n|\n|t:|1699192040\n|switch|p1a: Horny|Great Tusk|100\/100\n|turn|9\n|\n|t:|1699192072\n|move|p1b: Fren|Helping Hand|p1a: Horny\n|-singleturn|p1a: Horny|Helping Hand|[of] p1b: Fren\n|move|p1a: Horny|Rock Slide|p2b: Landorus|[spread] p2a,p2b\n|-damage|p2a: Azumarill|26\/100\n|-damage|p2b: Landorus|0 fnt\n|faint|p2b: Landorus\n|move|p2a: Azumarill|Ice Spinner|p1a: Horny\n|-supereffective|p1a: Horny\n|-damage|p1a: Horny|54\/100\n|\n|-weather|RainDance|[upkeep]\n|upkeep\n|\n|t:|1699192082\n|switch|p2b: Meowscarada|Meowscarada, F, shiny|100\/100\n|turn|10\n|\n|t:|1699192095\n|move|p1b: Fren|Helping Hand|p1a: Horny\n|-singleturn|p1a: Horny|Helping Hand|[of] p1b: Fren\n|move|p2a: Azumarill|Aqua Jet|p1a: Horny\n|-supereffective|p1a: Horny\n|-damage|p1a: Horny|0 fnt\n|faint|p1a: Horny\n|-end|p1a: Horny|Protosynthesis|[silent]\n|move|p2b: Meowscarada|Flower Trick|p1b: Fren\n|-start|p2b: Meowscarada|typechange|Grass|[from] ability: Protean\n|-crit|p1b: Fren\n|-damage|p1b: Fren|43\/100\n|\n|-weather|RainDance|[upkeep]\n|-heal|p1b: Fren|50\/100|[from] item: Leftovers\n|upkeep\n|turn|11\n|\n|t:|1699192114\n|move|p2b: Meowscarada|Knock Off|p1b: Fren\n|-damage|p1b: Fren|15\/100\n|-enditem|p1b: Fren|Leftovers|[from] move: Knock Off|[of] p2b: Meowscarada\n|move|p2a: Azumarill|Ice Spinner|p1b: Fren\n|-supereffective|p1b: Fren\n|-damage|p1b: Fren|0 fnt\n|faint|p1b: Fren\n|\n|win|Leonarth5\n","uploadtime":1699192128,"views":11,"p1id":"datagne","p2id":"leonarth5","formatid":"gen9nationaldexdoubles","rating":0,"private":0,"password":""}