{"id":"gen9nationaldexdoubles-1968463498","p1":"agcilck","p2":"loch2009","format":"[Gen 9] National Dex Doubles","log":"|j|\u2606agcilck\n|j|\u2606loch2009\n|t:|1697421282\n|gametype|doubles\n|player|p1|agcilck|169|1203\n|player|p2|loch2009|cynthia-gen4|1112\n|teamsize|p1|6\n|teamsize|p2|6\n|gen|9\n|tier|[Gen 9] National Dex Doubles\n|rated|\n|rule|HP Percentage Mod: HP is shown in percentages\n|rule|Endless Battle Clause: Forcing endless battles is banned\n|rule|OHKO Clause: OHKO moves are banned\n|rule|Evasion Moves Clause: Evasion moves are banned\n|rule|Evasion Abilities Clause: Evasion abilities are banned\n|rule|Species Clause: Limit one of each Pok\u00e9mon\n|rule|Gravity Sleep Clause: The combination of sleep-inducing moves with imperfect accuracy and Gravity or Gigantamax Orbeetle are banned\n|clearpoke\n|poke|p1|Fezandipiti, M|\n|poke|p1|Salamence, F|\n|poke|p1|Kingambit, F|\n|poke|p1|Tornadus, M|\n|poke|p1|Regieleki|\n|poke|p1|Skeledirge, M|\n|poke|p2|Flutter Mane|\n|poke|p2|Braviary-Hisui, M|\n|poke|p2|Indeedee-F, F|\n|poke|p2|Chi-Yu|\n|poke|p2|Tornadus, M|\n|poke|p2|Gardevoir, M|\n|teampreview\n|inactive|Battle timer is ON: inactive players will automatically lose when time's up. (requested by agcilck)\n|\n|t:|1697421292\n|start\n|switch|p1a: Tornadus|Tornadus, M|100\/100\n|switch|p1b: Fezandipiti|Fezandipiti, M|100\/100\n|switch|p2a: Braviary|Braviary-Hisui, M|100\/100\n|switch|p2b: Indeedee|Indeedee-F, F|100\/100\n|-fieldstart|move: Psychic Terrain|[from] ability: Psychic Surge|[of] p2b: Indeedee\n|turn|1\n|\n|t:|1697421304\n|move|p2b: Indeedee|Follow Me|p2b: Indeedee\n|-singleturn|p2b: Indeedee|move: Follow Me\n|move|p1a: Tornadus|Tailwind|p1a: Tornadus\n|-sidestart|p1: agcilck|move: Tailwind\n|move|p1b: Fezandipiti|Icy Wind|p2a: Braviary|[spread] p2a\n|-miss|p1b: Fezandipiti|p2b: Indeedee\n|-supereffective|p2a: Braviary\n|-damage|p2a: Braviary|79\/100\n|-unboost|p2a: Braviary|spe|1\n|move|p2a: Braviary|Calm Mind|p2a: Braviary\n|-boost|p2a: Braviary|spa|1\n|-boost|p2a: Braviary|spd|1\n|\n|upkeep\n|turn|2\n|\n|t:|1697421322\n|move|p1a: Tornadus|Dark Pulse|p2a: Braviary\n|-supereffective|p2a: Braviary\n|-damage|p2a: Braviary|38\/100\n|move|p1b: Fezandipiti|Icy Wind|p2b: Indeedee|[spread] p2a,p2b\n|-supereffective|p2a: Braviary\n|-damage|p2a: Braviary|23\/100\n|-damage|p2b: Indeedee|90\/100\n|-unboost|p2a: Braviary|spe|1\n|-unboost|p2b: Indeedee|spe|1\n|-status|p2a: Braviary|tox|[from] ability: Toxic Chain|[of] p1b: Fezandipiti\n|move|p2b: Indeedee|Expanding Force|p1b: Fezandipiti|[spread] p1a,p1b\n|-supereffective|p1b: Fezandipiti\n|-damage|p1a: Tornadus|27\/100\n|-damage|p1b: Fezandipiti|20\/100\n|move|p2a: Braviary|Esper Wing|p1b: Fezandipiti\n|-supereffective|p1b: Fezandipiti\n|-damage|p1b: Fezandipiti|0 fnt\n|-boost|p2a: Braviary|spe|1\n|faint|p1b: Fezandipiti\n|\n|-damage|p2a: Braviary|17\/100 tox|[from] psn\n|upkeep\n|\n|t:|1697421329\n|switch|p1b: Kingambit|Kingambit, F|100\/100\n|turn|3\n|\n|t:|1697421340\n|move|p1a: Tornadus|Dark Pulse|p2b: Indeedee\n|-supereffective|p2b: Indeedee\n|-damage|p2b: Indeedee|42\/100\n|move|p1b: Kingambit|Iron Head|p2a: Braviary\n|-damage|p2a: Braviary|0 fnt\n|faint|p2a: Braviary\n|move|p2b: Indeedee|Dazzling Gleam|p1b: Kingambit|[spread] p1a,p1b\n|-damage|p1a: Tornadus|4\/100\n|-damage|p1b: Kingambit|91\/100\n|\n|upkeep\n|\n|t:|1697421356\n|switch|p2a: Chi-Yu|Chi-Yu|100\/100\n|-ability|p2a: Chi-Yu|Beads of Ruin\n|turn|4\n|\n|t:|1697421371\n|move|p2b: Indeedee|Follow Me|p2b: Indeedee\n|-singleturn|p2b: Indeedee|move: Follow Me\n|move|p1a: Tornadus|Tailwind||[still]\n|-fail|p1a: Tornadus\n|move|p2a: Chi-Yu|Heat Wave|p1a: Tornadus|[spread] p1a,p1b\n|-supereffective|p1b: Kingambit\n|-damage|p1a: Tornadus|0 fnt\n|-damage|p1b: Kingambit|25\/100\n|faint|p1a: Tornadus\n|move|p1b: Kingambit|Iron Head|p2b: Indeedee\n|-damage|p2b: Indeedee|0 fnt\n|faint|p2b: Indeedee\n|\n|-sideend|p1: agcilck|move: Tailwind\n|upkeep\n|\n|t:|1697421383\n|switch|p1a: Salamence|Salamence, F|100\/100\n|switch|p2b: Tornadus|Tornadus, M|100\/100\n|-ability|p1a: Salamence|Intimidate|boost\n|-unboost|p2a: Chi-Yu|atk|1\n|-unboost|p2b: Tornadus|atk|1\n|turn|5\n|\n|t:|1697421406\n|detailschange|p1a: Salamence|Salamence-Mega, F\n|-mega|p1a: Salamence|Salamence|Salamencite\n|move|p2b: Tornadus|Sunny Day|p2b: Tornadus\n|-weather|SunnyDay\n|move|p1a: Salamence|Return|p2a: Chi-Yu\n|-damage|p2a: Chi-Yu|0 fnt\n|faint|p2a: Chi-Yu\n|move|p1b: Kingambit|Iron Head|p2b: Tornadus\n|-damage|p2b: Tornadus|52\/100\n|\n|-weather|SunnyDay|[upkeep]\n|upkeep\n|\n|t:|1697421418\n|switch|p2a: Gardevoir|Gardevoir, M|100\/100\n|turn|6\n|\n|t:|1697421430\n|detailschange|p2a: Gardevoir|Gardevoir-Mega, M\n|-mega|p2a: Gardevoir|Gardevoir|Gardevoirite\n|move|p2b: Tornadus|Tailwind|p2b: Tornadus\n|-sidestart|p2: loch2009|move: Tailwind\n|move|p2a: Gardevoir|Hyper Voice|p1b: Kingambit|[spread] p1a,p1b\n|-supereffective|p1a: Salamence\n|-crit|p1b: Kingambit\n|-damage|p1a: Salamence|0 fnt\n|-damage|p1b: Kingambit|0 fnt\n|faint|p1a: Salamence\n|faint|p1b: Kingambit\n|\n|-weather|SunnyDay|[upkeep]\n|upkeep\n|\n|t:|1697421433\n|switch|p1a: Regieleki|Regieleki|100\/100\n|switch|p1b: Skeledirge|Skeledirge, M|100\/100\n|turn|7\n|\n|t:|1697421452\n|-terastallize|p1a: Regieleki|Ice\n|move|p2a: Gardevoir|Hypnosis|p1b: Skeledirge\n|-status|p1b: Skeledirge|slp|[from] move: Hypnosis\n|move|p1a: Regieleki|Tera Blast|p2b: Tornadus|[anim] Tera Blast Ice\n|-supereffective|p2b: Tornadus\n|-damage|p2b: Tornadus|0 fnt\n|faint|p2b: Tornadus\n|cant|p1b: Skeledirge|slp\n|\n|-weather|SunnyDay|[upkeep]\n|upkeep\n|\n|t:|1697421459\n|switch|p2b: Flutter Mane|Flutter Mane|100\/100\n|-activate|p2b: Flutter Mane|ability: Protosynthesis\n|-start|p2b: Flutter Mane|protosynthesisspe\n|turn|8\n|inactive|agcilck has 120 seconds left.\n|\n|t:|1697421492\n|move|p2b: Flutter Mane|Shadow Ball|p1b: Skeledirge\n|-supereffective|p1b: Skeledirge\n|-damage|p1b: Skeledirge|0 fnt\n|faint|p1b: Skeledirge\n|move|p2a: Gardevoir|Aura Sphere|p1a: Regieleki\n|-supereffective|p1a: Regieleki\n|-enditem|p1a: Regieleki|Focus Sash\n|-damage|p1a: Regieleki|1\/100\n|move|p1a: Regieleki|Thunderbolt|p2b: Flutter Mane\n|-damage|p2b: Flutter Mane|44\/100\n|\n|-weather|SunnyDay|[upkeep]\n|-fieldend|move: Psychic Terrain\n|upkeep\n|turn|9\n|c|\u2606loch2009|ggwp\n|\n|t:|1697421510\n|move|p2b: Flutter Mane|Shadow Ball|p1a: Regieleki\n|-damage|p1a: Regieleki|0 fnt\n|faint|p1a: Regieleki\n|\n|win|loch2009\n|raw|agcilck's rating: 1203 &rarr; <strong>1172<\/strong><br \/>(-31 for losing)\n|raw|loch2009's rating: 1112 &rarr; <strong>1143<\/strong><br \/>(+31 for winning)\n|l|\u2606agcilck\n","uploadtime":1697421516,"views":5,"p1id":"agcilck","p2id":"loch2009","formatid":"gen9nationaldexdoubles","rating":1143,"private":0,"password":""}