{"id":"gen9nationaldexdoubles-1978058477","p1":"thehan13","p2":"chunkroamer","format":"[Gen 9] National Dex Doubles","log":"|j|\u2606thehan13\n|j|\u2606chunkroamer\n|t:|1698492832\n|gametype|doubles\n|player|p1|thehan13|brycenman|1116\n|player|p2|chunkroamer|koga|1227\n|teamsize|p1|6\n|teamsize|p2|6\n|gen|9\n|tier|[Gen 9] National Dex Doubles\n|rated|\n|rule|HP Percentage Mod: HP is shown in percentages\n|rule|Endless Battle Clause: Forcing endless battles is banned\n|rule|OHKO Clause: OHKO moves are banned\n|rule|Evasion Moves Clause: Evasion moves are banned\n|rule|Evasion Abilities Clause: Evasion abilities are banned\n|rule|Species Clause: Limit one of each Pok\u00e9mon\n|rule|Gravity Sleep Clause: The combination of sleep-inducing moves with imperfect accuracy and Gravity or Gigantamax Orbeetle are banned\n|clearpoke\n|poke|p1|Zoroark-Hisui, M|\n|poke|p1|Pikachu, F|\n|poke|p1|Zeraora|\n|poke|p1|Arboliva, F|\n|poke|p1|Sinistcha|\n|poke|p1|Dusclops, F|\n|poke|p2|Typhlosion-Hisui, F|\n|poke|p2|Mew|\n|poke|p2|Samurott-Hisui, F|\n|poke|p2|Gardevoir, F|\n|poke|p2|Landorus-Therian, M|\n|poke|p2|Maushold-Four|\n|teampreview\n|inactive|Battle timer is ON: inactive players will automatically lose when time's up. (requested by thehan13)\n|\n|t:|1698492852\n|start\n|switch|p1a: Pikachu|Pikachu, F|100\/100\n|switch|p1b: Zeraora|Zeraora|100\/100\n|switch|p2a: Mew|Mew, shiny|100\/100\n|switch|p2b: Samurott|Samurott-Hisui, F, shiny|100\/100\n|-item|p1b: Zeraora|Air Balloon\n|turn|1\n|\n|t:|1698492866\n|move|p1b: Zeraora|Fake Out|p2b: Samurott\n|-damage|p2b: Samurott|84\/100\n|move|p1a: Pikachu|Fake Out|p2a: Mew\n|-damage|p2a: Mew|83\/100\n|cant|p2a: Mew|flinch\n|cant|p2b: Samurott|flinch\n|\n|upkeep\n|turn|2\n|\n|t:|1698492886\n|move|p1b: Zeraora|Plasma Fists|p2a: Mew\n|-damage|p2a: Mew|37\/100\n|-fieldactivate|move: Ion Deluge\n|-hint|Normal-type moves become Electric-type after using Plasma Fists.\n|-zpower|p2a: Mew\n|move|p2a: Mew|Genesis Supernova|p1b: Zeraora|[zeffect]\n|-damage|p1b: Zeraora|0 fnt\n|-fieldstart|move: Psychic Terrain\n|-enditem|p1b: Zeraora|Air Balloon\n|faint|p1b: Zeraora\n|move|p1a: Pikachu|Frustration|p2b: Samurott\n|-supereffective|p2b: Samurott\n|-damage|p2b: Samurott|0 fnt\n|faint|p2b: Samurott\n|\n|upkeep\n|\n|t:|1698492908\n|switch|p1b: Arboliva|Arboliva, F|100\/100\n|switch|p2b: Gardevoir|Gardevoir, F, shiny|100\/100\n|turn|3\n|\n|t:|1698492921\n|move|p1a: Pikachu|Extreme Speed|p1b: Arboliva\n|-damage|p1b: Arboliva|65\/100\n|-fieldstart|move: Grassy Terrain|[from] ability: Seed Sower|[of] p1b: Arboliva\n|-enditem|p1b: Arboliva|Grassy Seed\n|-boost|p1b: Arboliva|def|1|[from] item: Grassy Seed\n|move|p2a: Mew|Tailwind|p2a: Mew\n|-sidestart|p2: chunkroamer|move: Tailwind\n|move|p2b: Gardevoir|Expanding Force|p1b: Arboliva\n|-damage|p1b: Arboliva|36\/100\n|move|p1b: Arboliva|Leech Seed|p2b: Gardevoir\n|-start|p2b: Gardevoir|move: Leech Seed\n|\n|-heal|p2a: Mew|44\/100|[from] Grassy Terrain\n|-heal|p1b: Arboliva|43\/100|[from] Grassy Terrain\n|-damage|p2b: Gardevoir|88\/100|[from] Leech Seed|[of] p1b: Arboliva\n|-heal|p1b: Arboliva|52\/100|[silent]\n|upkeep\n|turn|4\n|\n|t:|1698492941\n|move|p1b: Arboliva|Protect|p1b: Arboliva\n|-singleturn|p1b: Arboliva|Protect\n|move|p2a: Mew|Psychic|p1a: Pikachu\n|-damage|p1a: Pikachu|0 fnt\n|faint|p1a: Pikachu\n|move|p2b: Gardevoir|Moonblast|p1b: Arboliva\n|-activate|p1b: Arboliva|move: Protect\n|\n|-heal|p2a: Mew|50\/100|[from] Grassy Terrain\n|-heal|p2b: Gardevoir|94\/100|[from] Grassy Terrain\n|-heal|p1b: Arboliva|58\/100|[from] Grassy Terrain\n|-damage|p2b: Gardevoir|82\/100|[from] Leech Seed|[of] p1b: Arboliva\n|-heal|p1b: Arboliva|68\/100|[silent]\n|upkeep\n|inactive|thehan13 has 120 seconds left.\n|\n|t:|1698492966\n|switch|p1a: Dusclops|Dusclops, F|100\/100\n|-item|p2a: Mew|Mewnium Z|[from] ability: Frisk|[of] p1a: Dusclops|[identify]\n|-item|p2b: Gardevoir|Pixie Plate|[from] ability: Frisk|[of] p1a: Dusclops|[identify]\n|turn|5\n|\n|t:|1698492977\n|switch|p2b: Typhlosion|Typhlosion-Hisui, F, shiny|100\/100\n|move|p1a: Dusclops|Shadow Sneak|p2a: Mew\n|-supereffective|p2a: Mew\n|-damage|p2a: Mew|18\/100\n|move|p2a: Mew|Psychic|p1a: Dusclops\n|-damage|p1a: Dusclops|76\/100\n|move|p1b: Arboliva|Substitute|p1b: Arboliva\n|-start|p1b: Arboliva|Substitute\n|-damage|p1b: Arboliva|43\/100\n|\n|-heal|p2a: Mew|24\/100|[from] Grassy Terrain\n|-heal|p1b: Arboliva|49\/100|[from] Grassy Terrain\n|-heal|p1a: Dusclops|82\/100|[from] Grassy Terrain\n|upkeep\n|turn|6\n|\n|t:|1698493000\n|move|p2b: Typhlosion|Eruption|p1a: Dusclops|[spread] p1a,p1b\n|-supereffective|p1b: Arboliva\n|-end|p1b: Arboliva|Substitute\n|-damage|p1a: Dusclops|46\/100\n|move|p2a: Mew|Psychic|p1b: Arboliva\n|-damage|p1b: Arboliva|24\/100\n|-unboost|p1b: Arboliva|spd|1\n|move|p1b: Arboliva|Leech Seed|p2b: Typhlosion\n|-start|p2b: Typhlosion|move: Leech Seed\n|move|p1a: Dusclops|Earthquake|p2b: Typhlosion|[spread] p1b,p2a,p2b\n|-resisted|p1b: Arboliva\n|-supereffective|p2b: Typhlosion\n|-damage|p1b: Arboliva|21\/100\n|-damage|p2a: Mew|14\/100\n|-damage|p2b: Typhlosion|72\/100\n|\n|-heal|p2b: Typhlosion|78\/100|[from] Grassy Terrain\n|-heal|p2a: Mew|20\/100|[from] Grassy Terrain\n|-heal|p1b: Arboliva|27\/100|[from] Grassy Terrain\n|-heal|p1a: Dusclops|52\/100|[from] Grassy Terrain\n|-damage|p2b: Typhlosion|66\/100|[from] Leech Seed|[of] p1b: Arboliva\n|-heal|p1b: Arboliva|36\/100|[silent]\n|-sideend|p2: chunkroamer|move: Tailwind\n|upkeep\n|turn|7\n|\n|t:|1698493022\n|move|p1b: Arboliva|Protect|p1b: Arboliva\n|-singleturn|p1b: Arboliva|Protect\n|move|p1a: Dusclops|Shadow Sneak|p2a: Mew\n|-supereffective|p2a: Mew\n|-damage|p2a: Mew|0 fnt\n|faint|p2a: Mew\n|move|p2b: Typhlosion|Eruption|p1b: Arboliva|[spread] p1a\n|-activate|p1b: Arboliva|move: Protect\n|-crit|p1a: Dusclops\n|-damage|p1a: Dusclops|18\/100\n|\n|-heal|p2b: Typhlosion|72\/100|[from] Grassy Terrain\n|-heal|p1b: Arboliva|43\/100|[from] Grassy Terrain\n|-heal|p1a: Dusclops|24\/100|[from] Grassy Terrain\n|-damage|p2b: Typhlosion|59\/100|[from] Leech Seed|[of] p1b: Arboliva\n|-heal|p1b: Arboliva|52\/100|[silent]\n|-fieldend|move: Grassy Terrain\n|upkeep\n|inactive|chunkroamer has 120 seconds left.\n|\n|t:|1698493041\n|switch|p2a: Maushold|Maushold-Four|100\/100\n|turn|8\n|\n|t:|1698493051\n|move|p1b: Arboliva|Protect||[still]\n|-fail|p1b: Arboliva\n|move|p1a: Dusclops|Shadow Sneak|p2b: Typhlosion\n|-supereffective|p2b: Typhlosion\n|-damage|p2b: Typhlosion|26\/100\n|move|p2b: Typhlosion|Eruption|p1a: Dusclops|[spread] p1a,p1b\n|-supereffective|p1b: Arboliva\n|-damage|p1a: Dusclops|11\/100\n|-damage|p1b: Arboliva|12\/100\n|-fieldstart|move: Grassy Terrain|[from] ability: Seed Sower|[of] p1b: Arboliva\n|move|p2a: Maushold|Tidy Up|p2a: Maushold\n|-boost|p2a: Maushold|atk|1\n|-boost|p2a: Maushold|spe|1\n|\n|-heal|p2b: Typhlosion|32\/100|[from] Grassy Terrain\n|-heal|p1b: Arboliva|18\/100|[from] Grassy Terrain\n|-heal|p1a: Dusclops|17\/100|[from] Grassy Terrain\n|-damage|p2b: Typhlosion|20\/100|[from] Leech Seed|[of] p1b: Arboliva\n|-heal|p1b: Arboliva|28\/100|[silent]\n|upkeep\n|turn|9\n|\n|t:|1698493079\n|switch|p2a: Gardevoir|Gardevoir, F, shiny|82\/100\n|switch|p2b: Landorus|Landorus-Therian, M, shiny|100\/100\n|-ability|p2b: Landorus|Intimidate|boost\n|-unboost|p1a: Dusclops|atk|1\n|-unboost|p1b: Arboliva|atk|1\n|move|p1a: Dusclops|Shadow Sneak|p2b: Landorus\n|-damage|p2b: Landorus|89\/100\n|move|p1b: Arboliva|Giga Drain|p2a: Gardevoir\n|-damage|p2a: Gardevoir|38\/100\n|-heal|p1b: Arboliva|45\/100|[from] drain|[of] p2a: Gardevoir\n|\n|-heal|p2a: Gardevoir|44\/100|[from] Grassy Terrain\n|-heal|p1b: Arboliva|51\/100|[from] Grassy Terrain\n|-heal|p1a: Dusclops|23\/100|[from] Grassy Terrain\n|upkeep\n|turn|10\n|\n|t:|1698493099\n|move|p1b: Arboliva|Protect|p1b: Arboliva\n|-singleturn|p1b: Arboliva|Protect\n|move|p1a: Dusclops|Shadow Sneak|p2a: Gardevoir\n|-supereffective|p2a: Gardevoir\n|-damage|p2a: Gardevoir|8\/100\n|move|p2b: Landorus|Earthquake|p1b: Arboliva|[spread] p1a\n|-activate|p1b: Arboliva|move: Protect\n|-activate|p2a: Gardevoir|ability: Telepathy\n|-damage|p1a: Dusclops|11\/100\n|move|p2a: Gardevoir|Moonblast|p1b: Arboliva\n|-activate|p1b: Arboliva|move: Protect\n|\n|-heal|p2a: Gardevoir|15\/100|[from] Grassy Terrain\n|-heal|p1b: Arboliva|57\/100|[from] Grassy Terrain\n|-heal|p1a: Dusclops|17\/100|[from] Grassy Terrain\n|upkeep\n|turn|11\n|-message|chunkroamer forfeited.\n|\n|win|thehan13\n|raw|thehan13's rating: 1116 &rarr; <strong>1149<\/strong><br \/>(+33 for winning)\n|raw|chunkroamer's rating: 1227 &rarr; <strong>1194<\/strong><br \/>(-33 for losing)\n|l|\u2606chunkroamer\n","uploadtime":1698493118,"views":14,"p1id":"thehan13","p2id":"chunkroamer","formatid":"gen9nationaldexdoubles","rating":1149,"private":0,"password":""}