{"id":"gen9nationaldexdoubles-1991442158","p1":"Theadonia","p2":"sofiene","format":"[Gen 9] National Dex Doubles","log":"|j|\u2606Theadonia\n|j|\u2606sofiene\n|t:|1700077438\n|gametype|doubles\n|player|p1|Theadonia|roxie|1094\n|player|p2|sofiene|lucas|1166\n|teamsize|p1|6\n|teamsize|p2|6\n|gen|9\n|tier|[Gen 9] National Dex Doubles\n|rated|\n|rule|HP Percentage Mod: HP is shown in percentages\n|rule|Endless Battle Clause: Forcing endless battles is banned\n|rule|OHKO Clause: OHKO moves are banned\n|rule|Evasion Moves Clause: Evasion moves are banned\n|rule|Evasion Abilities Clause: Evasion abilities are banned\n|rule|Species Clause: Limit one of each Pok\u00e9mon\n|rule|Gravity Sleep Clause: The combination of sleep-inducing moves with imperfect accuracy and Gravity or Gigantamax Orbeetle are banned\n|clearpoke\n|poke|p1|Slaking, F|\n|poke|p1|Swoobat, F|\n|poke|p1|Latias, F|\n|poke|p1|Enamorus, F|\n|poke|p1|Serperior, M|\n|poke|p1|Victini|\n|poke|p2|Feraligatr, M|\n|poke|p2|Togekiss, M|\n|poke|p2|Miltank, F|\n|poke|p2|Espeon, M|\n|poke|p2|Houndoom, F|\n|poke|p2|Suicune|\n|teampreview\n|inactive|Battle timer is ON: inactive players will automatically lose when time's up. (requested by sofiene)\n|\n|t:|1700077454\n|start\n|switch|p1a: Enamorus|Enamorus, F|100\/100\n|switch|p1b: Victini|Victini|100\/100\n|switch|p2a: Espeon|Espeon, M|100\/100\n|switch|p2b: Togekiss|Togekiss, M|100\/100\n|turn|1\n|\n|t:|1700077471\n|move|p2a: Espeon|Expanding Force|p1a: Enamorus\n|-damage|p1a: Enamorus|41\/100\n|move|p1a: Enamorus|Tailwind|p1a: Enamorus\n|-sidestart|p1: Theadonia|move: Tailwind\n|move|p1b: Victini|Role Play|p1a: Enamorus\n|-endability|p1b: Victini|Victory Star|[from] move: Role Play\n|-ability|p1b: Victini|Contrary|[from] move: Role Play|[of] p1a: Enamorus\n|move|p2b: Togekiss|Wish|p2b: Togekiss\n|\n|-heal|p1a: Enamorus|47\/100|[from] item: Leftovers\n|upkeep\n|turn|2\n|\n|t:|1700077485\n|move|p1a: Enamorus|Scary Face|p1b: Victini\n|-boost|p1b: Victini|spe|2\n|move|p1b: Victini|V-create|p2a: Espeon\n|-damage|p2a: Espeon|0 fnt\n|-boost|p1b: Victini|spe|1\n|-boost|p1b: Victini|def|1\n|-boost|p1b: Victini|spd|1\n|faint|p2a: Espeon\n|move|p2b: Togekiss|Air Slash|p1a: Enamorus\n|-damage|p1a: Enamorus|0 fnt\n|faint|p1a: Enamorus\n|\n|upkeep\n|\n|t:|1700077504\n|switch|p2a: Houndoom|Houndoom, F|100\/100\n|switch|p1a: Latias|Latias, F|100\/100\n|turn|3\n|\n|t:|1700077518\n|move|p1b: Victini|V-create|p2b: Togekiss\n|-damage|p2b: Togekiss|41\/100\n|-boost|p1b: Victini|spe|1\n|-boost|p1b: Victini|def|1\n|-boost|p1b: Victini|spd|1\n|move|p1a: Latias|Role Play|p1b: Victini\n|-endability|p1a: Latias|Levitate|[from] move: Role Play\n|-ability|p1a: Latias|Contrary|[from] move: Role Play|[of] p1b: Victini\n|move|p2a: Houndoom|Hyper Voice|p1a: Latias|[spread] p1a,p1b\n|-damage|p1a: Latias|82\/100\n|-damage|p1b: Victini|90\/100\n|move|p2b: Togekiss|Draining Kiss|p1a: Latias\n|-supereffective|p1a: Latias\n|-damage|p1a: Latias|32\/100\n|-heal|p2b: Togekiss|73\/100|[from] drain|[of] p1a: Latias\n|\n|-heal|p1b: Victini|96\/100|[from] item: Leftovers\n|-heal|p2b: Togekiss|79\/100|[from] item: Leftovers\n|upkeep\n|turn|4\n|\n|t:|1700077545\n|move|p1b: Victini|Stored Power|p2b: Togekiss\n|-damage|p2b: Togekiss|18\/100\n|move|p1a: Latias|Draco Meteor|p2a: Houndoom\n|-damage|p2a: Houndoom|6\/100\n|-boost|p1a: Latias|spa|2\n|move|p2a: Houndoom|Dark Pulse|p1b: Victini\n|-supereffective|p1b: Victini\n|-damage|p1b: Victini|56\/100\n|move|p2b: Togekiss|Draining Kiss|p1a: Latias\n|-supereffective|p1a: Latias\n|-damage|p1a: Latias|0 fnt\n|-heal|p2b: Togekiss|37\/100|[from] drain|[of] p1a: Latias\n|faint|p1a: Latias\n|\n|-heal|p1b: Victini|62\/100|[from] item: Leftovers\n|-heal|p2b: Togekiss|44\/100|[from] item: Leftovers\n|-sideend|p1: Theadonia|move: Tailwind\n|upkeep\n|inactive|Theadonia has 120 seconds left.\n|\n|t:|1700077561\n|switch|p1a: Serperior|Serperior, M|100\/100\n|turn|5\n|\n|t:|1700077579\n|detailschange|p2a: Houndoom|Houndoom-Mega, F\n|-mega|p2a: Houndoom|Houndoom|Houndoominite\n|move|p1b: Victini|V-create|p2b: Togekiss\n|-damage|p2b: Togekiss|0 fnt\n|-boost|p1b: Victini|spe|1\n|-boost|p1b: Victini|def|1\n|-boost|p1b: Victini|spd|1\n|faint|p2b: Togekiss\n|move|p2a: Houndoom|Flamethrower|p1a: Serperior\n|-supereffective|p1a: Serperior\n|-damage|p1a: Serperior|0 fnt\n|faint|p1a: Serperior\n|\n|-heal|p1b: Victini|68\/100|[from] item: Leftovers\n|upkeep\n|\n|t:|1700077605\n|switch|p1a: Swoobat|Swoobat, F|100\/100\n|switch|p2b: Suicune|Suicune|100\/100\n|-ability|p2b: Suicune|Pressure\n|turn|6\n|\n|t:|1700077627\n|-terastallize|p1b: Victini|Psychic\n|move|p1b: Victini|V-create|p2a: Houndoom\n|-resisted|p2a: Houndoom\n|-damage|p2a: Houndoom|0 fnt\n|-boost|p1b: Victini|spe|1\n|-boost|p1b: Victini|def|1\n|-boost|p1b: Victini|spd|1\n|faint|p2a: Houndoom\n|move|p1a: Swoobat|Light Screen|p1a: Swoobat\n|-sidestart|p1: Theadonia|move: Light Screen\n|move|p2b: Suicune|Scald|p1b: Victini\n|-damage|p1b: Victini|59\/100\n|\n|-heal|p1b: Victini|65\/100|[from] item: Leftovers\n|upkeep\n|\n|t:|1700077639\n|switch|p2a: Feraligatr|Feraligatr, M|100\/100\n|turn|7\n|\n|t:|1700077651\n|move|p1b: Victini|Stored Power|p2a: Feraligatr\n|-damage|p2a: Feraligatr|0 fnt\n|faint|p2a: Feraligatr\n|move|p1a: Swoobat|Reflect|p1a: Swoobat\n|-sidestart|p1: Theadonia|Reflect\n|move|p2b: Suicune|Ice Beam|p1a: Swoobat\n|-supereffective|p1a: Swoobat\n|-damage|p1a: Swoobat|40\/100\n|\n|-heal|p1b: Victini|71\/100|[from] item: Leftovers\n|upkeep\n|\n|t:|1700077660\n|switch|p2a: Miltank|Miltank, F|100\/100\n|turn|8\n|\n|t:|1700077666\n|switch|p1a: Slaking|Slaking, F|100\/100\n|move|p1b: Victini|Stored Power|p2b: Suicune\n|-damage|p2b: Suicune|0 fnt\n|faint|p2b: Suicune\n|move|p2a: Miltank|Rollout|p1b: Victini\n|-damage|p1b: Victini|69\/100\n|\n|-heal|p1b: Victini|75\/100|[from] item: Leftovers\n|upkeep\n|turn|9\n|c|\u2606sofiene|gg\n|c|\u2606Theadonia|Ggwp\n|\n|t:|1700077685\n|move|p1b: Victini|Stored Power|p2a: Miltank\n|-damage|p2a: Miltank|0 fnt\n|faint|p2a: Miltank\n|\n|win|Theadonia\n|raw|Theadonia's rating: 1094 &rarr; <strong>1125<\/strong><br \/>(+31 for winning)\n|raw|sofiene's rating: 1166 &rarr; <strong>1136<\/strong><br \/>(-30 for losing)\n|l|\u2606sofiene\n","uploadtime":1700077694,"views":11,"p1id":"theadonia","p2id":"sofiene","formatid":"gen9nationaldexdoubles","rating":1125,"private":0,"password":""}