{"id":"gen9nationaldexdoubles-1967122825","p1":"MathHacker","p2":"Not McBruh","format":"[Gen 9] National Dex Doubles","log":"|j|\u2606MathHacker\n|j|\u2606Not McBruh\n|t:|1697257338\n|gametype|doubles\n|player|p1|MathHacker|richboy-gen4|1434\n|player|p2|Not McBruh|colress|1405\n|teamsize|p1|6\n|teamsize|p2|6\n|gen|9\n|tier|[Gen 9] National Dex Doubles\n|rated|\n|rule|HP Percentage Mod: HP is shown in percentages\n|rule|Endless Battle Clause: Forcing endless battles is banned\n|rule|OHKO Clause: OHKO moves are banned\n|rule|Evasion Moves Clause: Evasion moves are banned\n|rule|Evasion Abilities Clause: Evasion abilities are banned\n|rule|Species Clause: Limit one of each Pok\u00e9mon\n|rule|Gravity Sleep Clause: The combination of sleep-inducing moves with imperfect accuracy and Gravity or Gigantamax Orbeetle are banned\n|clearpoke\n|poke|p1|Shuckle, M|\n|poke|p1|Pelipper, M|\n|poke|p1|Cresselia, F|\n|poke|p1|Torkoal, F|\n|poke|p1|Oranguru, M|\n|poke|p1|Ursaluna, F|\n|poke|p2|Ogerpon-Hearthflame, F|\n|poke|p2|Naganadel|\n|poke|p2|Marshadow|\n|poke|p2|Rillaboom, M|\n|poke|p2|Tornadus, M|\n|poke|p2|Kingambit, M|\n|teampreview\n|\n|t:|1697257353\n|start\n|switch|p1a: Shucky|Shuckle, M, shiny|100\/100\n|switch|p1b: munke|Oranguru, M|100\/100\n|switch|p2a: SQUIDWARDS HOUSE|Ogerpon-Hearthflame, F|100\/100\n|switch|p2b: BA DUM TISS|Rillaboom, M|100\/100\n|-ability|p2a: SQUIDWARDS HOUSE|Mold Breaker\n|-fieldstart|move: Grassy Terrain|[from] ability: Grassy Surge|[of] p2b: BA DUM TISS\n|turn|1\n|\n|t:|1697257373\n|-terastallize|p1a: Shucky|Ghost\n|move|p2b: BA DUM TISS|Fake Out|p1b: munke\n|-damage|p1b: munke|89\/100\n|move|p2a: SQUIDWARDS HOUSE|Swords Dance|p2a: SQUIDWARDS HOUSE\n|-boost|p2a: SQUIDWARDS HOUSE|atk|2\n|move|p1a: Shucky|Power Trick|p1a: Shucky\n|-start|p1a: Shucky|Power Trick\n|cant|p1b: munke|flinch\n|\n|-heal|p1b: munke|95\/100|[from] Grassy Terrain\n|upkeep\n|turn|2\n|\n|t:|1697257404\n|-terastallize|p2a: SQUIDWARDS HOUSE|Fire\n|detailschange|p2a: SQUIDWARDS HOUSE|Ogerpon-Hearthflame-Tera, F, tera:Fire\n|-ability|p2a: SQUIDWARDS HOUSE|Embody Aspect (Hearthflame)|boost\n|-boost|p2a: SQUIDWARDS HOUSE|atk|1\n|move|p1a: Shucky|Protect|p1a: Shucky\n|-singleturn|p1a: Shucky|Protect\n|move|p2a: SQUIDWARDS HOUSE|Ivy Cudgel|p1b: munke\n|-damage|p1b: munke|0 fnt\n|faint|p1b: munke\n|move|p2b: BA DUM TISS|U-turn|p1a: Shucky\n|-activate|p1a: Shucky|move: Protect\n|\n|upkeep\n|\n|t:|1697257460\n|switch|p1b: Pelipper|Pelipper, M|100\/100\n|-weather|RainDance|[from] ability: Drizzle|[of] p1b: Pelipper\n|turn|3\n|\n|t:|1697257494\n|move|p2a: SQUIDWARDS HOUSE|Spiky Shield|p2a: SQUIDWARDS HOUSE\n|-singleturn|p2a: SQUIDWARDS HOUSE|move: Protect\n|move|p2b: BA DUM TISS|U-turn|p1a: Shucky\n|-resisted|p1a: Shucky\n|-damage|p1a: Shucky|26\/100\n|\n|t:|1697257506\n|switch|p2b: CANT SEE|Tornadus, M|100\/100|[from] U-turn\n|move|p1b: Pelipper|Surf|p2b: CANT SEE|[spread] p1a,p2b\n|-activate|p2a: SQUIDWARDS HOUSE|move: Protect\n|-damage|p1a: Shucky|0 fnt\n|-damage|p2b: CANT SEE|37\/100\n|faint|p1a: Shucky\n|\n|-weather|RainDance|[upkeep]\n|upkeep\n|\n|t:|1697257547\n|switch|p1a: ber|Ursaluna, F|100\/100\n|turn|4\n|\n|t:|1697257553\n|move|p1a: ber|Protect|p1a: ber\n|-singleturn|p1a: ber|Protect\n|move|p2b: CANT SEE|Tailwind|p2b: CANT SEE\n|-sidestart|p2: Not McBruh|move: Tailwind\n|move|p2a: SQUIDWARDS HOUSE|Ivy Cudgel|p1a: ber\n|-activate|p1a: ber|move: Protect\n|move|p1b: Pelipper|Surf|p2a: SQUIDWARDS HOUSE|[spread] p2a,p2b\n|-activate|p1a: ber|move: Protect\n|-supereffective|p2a: SQUIDWARDS HOUSE\n|-damage|p2a: SQUIDWARDS HOUSE|0 fnt\n|-damage|p2b: CANT SEE|0 fnt\n|faint|p2a: SQUIDWARDS HOUSE\n|faint|p2b: CANT SEE\n|\n|-weather|RainDance|[upkeep]\n|-status|p1a: ber|brn|[from] item: Flame Orb\n|upkeep\n|\n|t:|1697257561\n|switch|p2b: BA DUM TISS|Rillaboom, M|100\/100\n|switch|p2a: STARSCREAM|Naganadel, shiny|100\/100\n|turn|5\n|inactive|Battle timer is ON: inactive players will automatically lose when time's up. (requested by Not McBruh)\n|\n|t:|1697257648\n|move|p2b: BA DUM TISS|Fake Out|p1b: Pelipper\n|-damage|p1b: Pelipper|86\/100\n|move|p2a: STARSCREAM|Draco Meteor|p1a: ber\n|-damage|p1a: ber|28\/100 brn\n|-unboost|p2a: STARSCREAM|spa|2\n|-damage|p2a: STARSCREAM|91\/100|[from] item: Life Orb\n|cant|p1b: Pelipper|flinch\n|move|p1a: ber|Headlong Rush|p2a: STARSCREAM\n|-supereffective|p2a: STARSCREAM\n|-damage|p2a: STARSCREAM|0 fnt\n|-unboost|p1a: ber|def|1\n|-unboost|p1a: ber|spd|1\n|faint|p2a: STARSCREAM\n|\n|-weather|RainDance|[upkeep]\n|-heal|p1a: ber|35\/100 brn|[from] Grassy Terrain\n|-damage|p1a: ber|28\/100 brn|[from] brn\n|-fieldend|move: Grassy Terrain\n|upkeep\n|\n|t:|1697257670\n|switch|p2a: PAPA SMURF|Kingambit, M, shiny|100\/100\n|turn|6\n|\n|t:|1697257688\n|move|p1a: ber|Protect|p1a: ber\n|-singleturn|p1a: ber|Protect\n|move|p2b: BA DUM TISS|Grassy Glide|p1b: Pelipper\n|-damage|p1b: Pelipper|50\/100\n|move|p2a: PAPA SMURF|Knock Off|p1b: Pelipper\n|-damage|p1b: Pelipper|12\/100\n|-zpower|p1b: Pelipper\n|move|p1b: Pelipper|Supersonic Skystrike|p2b: BA DUM TISS|[zeffect]\n|-supereffective|p2b: BA DUM TISS\n|-damage|p2b: BA DUM TISS|0 fnt\n|faint|p2b: BA DUM TISS\n|\n|-weather|RainDance|[upkeep]\n|-damage|p1a: ber|22\/100 brn|[from] brn\n|upkeep\n|\n|t:|1697257700\n|switch|p2b: THE SMOKE|Marshadow|100\/100\n|turn|7\n|\n|t:|1697257715\n|move|p2b: THE SMOKE|Close Combat|p1a: ber\n|-supereffective|p1a: ber\n|-damage|p1a: ber|0 fnt\n|-unboost|p2b: THE SMOKE|def|1\n|-unboost|p2b: THE SMOKE|spd|1\n|faint|p1a: ber\n|-damage|p2b: THE SMOKE|91\/100|[from] item: Life Orb\n|move|p2a: PAPA SMURF|Knock Off|p1b: Pelipper\n|-damage|p1b: Pelipper|0 fnt\n|faint|p1b: Pelipper\n|\n|-weather|none\n|-sideend|p2: Not McBruh|move: Tailwind\n|upkeep\n|\n|t:|1697257731\n|switch|p1b: Cresselia|Cresselia, F|100\/100\n|switch|p1a: Yertle|Torkoal, F|100\/100\n|-weather|SunnyDay|[from] ability: Drought|[of] p1a: Yertle\n|turn|8\n|\n|t:|1697257746\n|move|p1a: Yertle|Protect|p1a: Yertle\n|-singleturn|p1a: Yertle|Protect\n|move|p2b: THE SMOKE|Spectral Thief|p1a: Yertle\n|-activate|p1a: Yertle|move: Protect\n|move|p2a: PAPA SMURF|Knock Off|p1a: Yertle\n|-activate|p1a: Yertle|move: Protect\n|move|p1b: Cresselia|Trick Room|p1b: Cresselia\n|-fieldstart|move: Trick Room|[of] p1b: Cresselia\n|\n|-weather|SunnyDay|[upkeep]\n|upkeep\n|turn|9\n|-message|Not McBruh forfeited.\n|\n|win|MathHacker\n|raw|MathHacker's rating: 1434 &rarr; <strong>1452<\/strong><br \/>(+18 for winning)\n|raw|Not McBruh's rating: 1405 &rarr; <strong>1387<\/strong><br \/>(-18 for losing)\n|l|\u2606Not McBruh\n","uploadtime":1697257779,"views":10,"p1id":"mathhacker","p2id":"notmcbruh","formatid":"gen9nationaldexdoubles","rating":1387,"private":0,"password":""}