{"id":"gen9nationaldexdoubles-1962508349","p1":"Kaxxxx","p2":"fifier","format":"[Gen 9] National Dex Doubles","log":"|j|\u2606Kaxxxx\n|j|\u2606fifier\n|t:|1696759436\n|gametype|doubles\n|player|p1|Kaxxxx|steven|\n|player|p2|fifier|101|\n|teamsize|p1|6\n|teamsize|p2|6\n|gen|9\n|tier|[Gen 9] National Dex Doubles\n|rule|HP Percentage Mod: HP is shown in percentages\n|rule|Endless Battle Clause: Forcing endless battles is banned\n|rule|OHKO Clause: OHKO moves are banned\n|rule|Evasion Moves Clause: Evasion moves are banned\n|rule|Evasion Abilities Clause: Evasion abilities are banned\n|rule|Species Clause: Limit one of each Pok\u00e9mon\n|rule|Gravity Sleep Clause: The combination of sleep-inducing moves with imperfect accuracy and Gravity or Gigantamax Orbeetle are banned\n|clearpoke\n|poke|p1|Glimmora, M|\n|poke|p1|Toxapex, F|\n|poke|p1|Iron Moth|\n|poke|p1|Weezing-Galar, M|\n|poke|p1|Overqwil, M|\n|poke|p1|Venusaur, M|\n|poke|p2|Chien-Pao|\n|poke|p2|Iron Bundle|\n|poke|p2|Ninetales-Alola, F|\n|poke|p2|Baxcalibur, M|\n|poke|p2|Mamoswine, M|\n|poke|p2|Abomasnow, F|\n|teampreview\n|\n|t:|1696759461\n|start\n|switch|p1a: Weezing|Weezing-Galar, M|100\/100\n|switch|p1b: Overqwil|Overqwil, M|100\/100\n|switch|p2a: Ninetales|Ninetales-Alola, F, shiny|100\/100\n|switch|p2b: Chien-Pao|Chien-Pao|100\/100\n|-ability|p1a: Weezing|Neutralizing Gas\n|turn|1\n|j| XMarcosPr710\n|c|\u2606Kaxxxx|Suerte\n|c| XMarcosPr710|Uh neutralizing gas anula hasta Snow Warning\n|c|\u2606fifier|ps si\n|c|\u2606fifier|xd\n|\n|t:|1696759507\n|move|p2a: Ninetales|Protect|p2a: Ninetales\n|-singleturn|p2a: Ninetales|Protect\n|move|p2b: Chien-Pao|Psychic Fangs|p1a: Weezing\n|-supereffective|p1a: Weezing\n|-damage|p1a: Weezing|54\/100\n|move|p1b: Overqwil|Poison Jab|p2a: Ninetales\n|-activate|p2a: Ninetales|move: Protect\n|move|p1a: Weezing|Will-O-Wisp|p2b: Chien-Pao\n|-status|p2b: Chien-Pao|brn\n|\n|-heal|p1a: Weezing|60\/100|[from] item: Black Sludge\n|-damage|p2b: Chien-Pao|95\/100 brn|[from] brn\n|upkeep\n|turn|2\n|c| XMarcosPr710|Ni sab\u00eda, pensaba que ser\u00eda como mold breaker\n|\n|t:|1696759536\n|switch|p2a: Baxcalibur|Baxcalibur, M|100\/100\n|move|p2b: Chien-Pao|Protect|p2b: Chien-Pao\n|-singleturn|p2b: Chien-Pao|Protect\n|move|p1b: Overqwil|Poison Jab|p2a: Baxcalibur\n|-damage|p2a: Baxcalibur|53\/100\n|move|p1a: Weezing|Heat Wave|p2a: Baxcalibur|[spread] p2a\n|-activate|p2b: Chien-Pao|move: Protect\n|-damage|p2a: Baxcalibur|41\/100\n|\n|-heal|p1a: Weezing|66\/100|[from] item: Black Sludge\n|-damage|p2b: Chien-Pao|89\/100 brn|[from] brn\n|upkeep\n|turn|3\n|\n|t:|1696759565\n|switch|p2b: Iron Bundle|Iron Bundle|100\/100\n|-enditem|p2b: Iron Bundle|Booster Energy\n|-activate|p2b: Iron Bundle|ability: Quark Drive|[fromitem]\n|-start|p2b: Iron Bundle|quarkdrivespe\n|-end|p1a: Weezing|ability: Neutralizing Gas\n|-ability|p1b: Overqwil|Intimidate|boost\n|-unboost|p2a: Baxcalibur|atk|1\n|-unboost|p2b: Iron Bundle|atk|1\n|switch|p1a: Glimmora|Glimmora, M|100\/100\n|move|p2a: Baxcalibur|Protect|p2a: Baxcalibur\n|-singleturn|p2a: Baxcalibur|Protect\n|move|p1b: Overqwil|Poison Jab|p2a: Baxcalibur\n|-activate|p2a: Baxcalibur|move: Protect\n|\n|upkeep\n|turn|4\n|c|\u2606Kaxxxx|Mmm\n|\n|t:|1696759617\n|switch|p1b: Weezing|Weezing-Galar, M|66\/100\n|-ability|p1b: Weezing|Neutralizing Gas\n|-terastallize|p2a: Baxcalibur|Ground\n|move|p2b: Iron Bundle|Hydro Pump|p1b: Weezing\n|-damage|p1b: Weezing|14\/100\n|move|p1a: Glimmora|Stealth Rock|p2a: Baxcalibur\n|-sidestart|p2: fifier|move: Stealth Rock\n|move|p2a: Baxcalibur|Dragon Dance|p2a: Baxcalibur\n|-boost|p2a: Baxcalibur|atk|1\n|-boost|p2a: Baxcalibur|spe|1\n|\n|-heal|p1b: Weezing|20\/100|[from] item: Black Sludge\n|upkeep\n|turn|5\n|c| XMarcosPr710|Uh\n|\n|t:|1696759637\n|-end|p1b: Weezing|ability: Neutralizing Gas\n|switch|p1b: Overqwil|Overqwil, M|100\/100\n|-ability|p1b: Overqwil|Intimidate|boost\n|-unboost|p2a: Baxcalibur|atk|1\n|-unboost|p2b: Iron Bundle|atk|1\n|move|p2b: Iron Bundle|Icy Wind|p1a: Glimmora|[spread] p1a,p1b\n|-damage|p1a: Glimmora|72\/100\n|-damage|p1b: Overqwil|71\/100\n|-unboost|p1a: Glimmora|spe|1\n|-unboost|p1b: Overqwil|spe|1\n|move|p2a: Baxcalibur|High Horsepower|p1a: Glimmora\n|-supereffective|p1a: Glimmora\n|-damage|p1a: Glimmora|0 fnt\n|-activate|p1a: Glimmora|ability: Toxic Debris\n|-sidestart|p2: fifier|move: Toxic Spikes\n|faint|p1a: Glimmora\n|\n|upkeep\n|\n|t:|1696759649\n|switch|p1a: Venusaur|Venusaur, M|100\/100\n|turn|6\n|c| XMarcosPr710|Mi cara \ud83d\ude03 mi alma \u2620\ufe0f\u2620\ufe0f\n|\n|t:|1696759664\n|detailschange|p1a: Venusaur|Venusaur-Mega, M\n|-mega|p1a: Venusaur|Venusaur|Venusaurite\n|move|p2a: Baxcalibur|Protect|p2a: Baxcalibur\n|-singleturn|p2a: Baxcalibur|Protect\n|move|p2b: Iron Bundle|Hydro Pump|p1b: Overqwil\n|-damage|p1b: Overqwil|0 fnt\n|faint|p1b: Overqwil\n|move|p1a: Venusaur|Giga Drain|p2a: Baxcalibur\n|-activate|p2a: Baxcalibur|move: Protect\n|\n|upkeep\n|c|\u2606fifier|XD?\n|\n|t:|1696759670\n|switch|p1b: Toxapex|Toxapex, F|100\/100\n|turn|7\n|c| XMarcosPr710|No se lo vi de tik tok\n|\n|t:|1696759689\n|switch|p2a: Abomasnow|Abomasnow, F|100\/100\n|-damage|p2a: Abomasnow|76\/100|[from] Stealth Rock\n|-status|p2a: Abomasnow|psn\n|-weather|Snow|[from] ability: Snow Warning|[of] p2a: Abomasnow\n|move|p1b: Toxapex|Baneful Bunker|p1b: Toxapex\n|-singleturn|p1b: Toxapex|move: Protect\n|move|p2b: Iron Bundle|Blizzard|p1a: Venusaur|[spread] p1a\n|-activate|p1b: Toxapex|move: Protect\n|-supereffective|p1a: Venusaur\n|-damage|p1a: Venusaur|69\/100\n|-status|p1a: Venusaur|frz\n|cant|p1a: Venusaur|frz\n|\n|-weather|Snow|[upkeep]\n|-damage|p2a: Abomasnow|63\/100 psn|[from] psn\n|upkeep\n|turn|8\n|c|\u2606fifier|ala\n|c| XMarcosPr710|Si hombre\n|c| XMarcosPr710|Tongo\n|\n|t:|1696759717\n|detailschange|p2a: Abomasnow|Abomasnow-Mega, F\n|-mega|p2a: Abomasnow|Abomasnow|Abomasite\n|move|p2b: Iron Bundle|Blizzard|p1a: Venusaur|[spread] p1a,p1b\n|-supereffective|p1a: Venusaur\n|-crit|p1a: Venusaur\n|-resisted|p1b: Toxapex\n|-damage|p1a: Venusaur|24\/100 frz\n|-damage|p1b: Toxapex|83\/100\n|cant|p1a: Venusaur|frz\n|move|p1b: Toxapex|Recover|p1b: Toxapex\n|-heal|p1b: Toxapex|100\/100\n|move|p2a: Abomasnow|Aurora Veil|p2a: Abomasnow\n|-sidestart|p2: fifier|move: Aurora Veil\n|\n|-weather|Snow|[upkeep]\n|-damage|p2a: Abomasnow|51\/100 psn|[from] psn\n|upkeep\n|turn|9\n|\n|t:|1696759732\n|move|p2b: Iron Bundle|Blizzard|p1a: Venusaur|[spread] p1a,p1b\n|-supereffective|p1a: Venusaur\n|-crit|p1a: Venusaur\n|-resisted|p1b: Toxapex\n|-damage|p1a: Venusaur|0 fnt\n|-damage|p1b: Toxapex|85\/100\n|faint|p1a: Venusaur\n|move|p1b: Toxapex|Scald|p2a: Abomasnow\n|-resisted|p2a: Abomasnow\n|-damage|p2a: Abomasnow|48\/100 psn\n|move|p2a: Abomasnow|Earth Power|p1b: Toxapex\n|-supereffective|p1b: Toxapex\n|-crit|p1b: Toxapex\n|-damage|p1b: Toxapex|25\/100\n|\n|-weather|Snow|[upkeep]\n|-heal|p1b: Toxapex|31\/100|[from] item: Black Sludge\n|-damage|p2a: Abomasnow|35\/100 psn|[from] psn\n|upkeep\n|\n|t:|1696759738\n|switch|p1a: Iron Moth|Iron Moth|100\/100\n|turn|10\n|c| XMarcosPr710|SI HOMBRE\n|j| El_Gran_Wigglytuff\n|\n|t:|1696759755\n|move|p2a: Abomasnow|Protect|p2a: Abomasnow\n|-singleturn|p2a: Abomasnow|Protect\n|move|p2b: Iron Bundle|Hydro Pump|p1a: Iron Moth\n|-supereffective|p1a: Iron Moth\n|-damage|p1a: Iron Moth|0 fnt\n|faint|p1a: Iron Moth\n|-end|p1a: Iron Moth|Quark Drive|[silent]\n|move|p1b: Toxapex|Recover|p1b: Toxapex\n|-heal|p1b: Toxapex|81\/100\n|\n|-weather|Snow|[upkeep]\n|-heal|p1b: Toxapex|87\/100|[from] item: Black Sludge\n|-damage|p2a: Abomasnow|23\/100 psn|[from] psn\n|upkeep\n|c| XMarcosPr710|Dids les ha dado 3 cr\u00edticos seguidos? \u2620\ufe0f\u2620\ufe0f\n|\n|t:|1696759761\n|switch|p1a: Weezing|Weezing-Galar, M|20\/100\n|-ability|p1a: Weezing|Neutralizing Gas\n|turn|11\n|\n|t:|1696759768\n|move|p2b: Iron Bundle|Blizzard|p1a: Weezing|[spread] p1a,p1b\n|-resisted|p1b: Toxapex\n|-damage|p1a: Weezing|0 fnt\n|-damage|p1b: Toxapex|72\/100\n|faint|p1a: Weezing\n|-end|p1a: Weezing|ability: Neutralizing Gas\n|move|p1b: Toxapex|Scald|p2b: Iron Bundle\n|-resisted|p2b: Iron Bundle\n|-damage|p2b: Iron Bundle|89\/100\n|-status|p2b: Iron Bundle|brn\n|move|p2a: Abomasnow|Earth Power|p1b: Toxapex\n|-supereffective|p1b: Toxapex\n|-damage|p1b: Toxapex|32\/100\n|-unboost|p1b: Toxapex|spd|1\n|\n|-weather|none\n|-heal|p1b: Toxapex|39\/100|[from] item: Black Sludge\n|-damage|p2a: Abomasnow|11\/100 psn|[from] psn\n|-damage|p2b: Iron Bundle|84\/100 brn|[from] brn\n|upkeep\n|turn|12\n|c|\u2606Kaxxxx|Bruh\n|c|\u2606Kaxxxx|Tongo\n|c|\u2606fifier|epico\n|c| El_Gran_Wigglytuff|Tongo\n|\n|t:|1696759783\n|move|p2b: Iron Bundle|Hydro Pump|p1b: Toxapex|[miss]\n|-miss|p2b: Iron Bundle|p1b: Toxapex\n|move|p1b: Toxapex|Recover|p1b: Toxapex\n|-heal|p1b: Toxapex|89\/100\n|move|p2a: Abomasnow|Earth Power|p1b: Toxapex\n|-supereffective|p1b: Toxapex\n|-damage|p1b: Toxapex|28\/100\n|\n|-heal|p1b: Toxapex|34\/100|[from] item: Black Sludge\n|-damage|p2a: Abomasnow|0 fnt|[from] psn\n|faint|p2a: Abomasnow\n|-damage|p2b: Iron Bundle|78\/100 brn|[from] brn\n|-sideend|p2: fifier|move: Aurora Veil\n|upkeep\n|c| XMarcosPr710|Tongo\n|c|\u2606fifier|epico\n|c| El_Gran_Wigglytuff|Se han dado a ellos mejores tipos\n|\n|t:|1696759791\n|switch|p2a: Baxcalibur|Baxcalibur, M, tera:Ground|41\/100\n|-damage|p2a: Baxcalibur|34\/100|[from] Stealth Rock\n|-status|p2a: Baxcalibur|psn\n|turn|13\n|l|\u2606Kaxxxx\n|player|p1|\n|j|\u2606Kaxxxx\n|player|p1|Kaxxxx|steven\n|c| XMarcosPr710|De hecho si, ten\u00eda como 7 Pok\u00e9mon para elegir en tipo el\u00e9ctrico \u2620\ufe0f\u2620\ufe0f\n|\n|t:|1696759819\n|move|p2b: Iron Bundle|Hydro Pump|p1b: Toxapex|[miss]\n|-miss|p2b: Iron Bundle|p1b: Toxapex\n|move|p2a: Baxcalibur|High Horsepower|p1b: Toxapex\n|-supereffective|p1b: Toxapex\n|-damage|p1b: Toxapex|0 fnt\n|faint|p1b: Toxapex\n|\n|win|fifier\n|l|\u2606Kaxxxx\n|l|\u2606fifier\n","uploadtime":1696759828,"views":18,"p1id":"kaxxxx","p2id":"fifier","formatid":"gen9nationaldexdoubles","rating":0,"private":0,"password":""}