{"id":"gen9nationaldexdoubles-1970035253","p1":"thundervoltss","p2":"Junky Dummy","format":"[Gen 9] National Dex Doubles","log":"|j|\u2606thundervoltss\n|j|\u2606Junky Dummy\n|t:|1697587412\n|gametype|doubles\n|player|p1|thundervoltss|elesa-masters|1465\n|player|p2|Junky Dummy|170|1353\n|teamsize|p1|6\n|teamsize|p2|6\n|gen|9\n|tier|[Gen 9] National Dex Doubles\n|rated|\n|rule|HP Percentage Mod: HP is shown in percentages\n|rule|Endless Battle Clause: Forcing endless battles is banned\n|rule|OHKO Clause: OHKO moves are banned\n|rule|Evasion Moves Clause: Evasion moves are banned\n|rule|Evasion Abilities Clause: Evasion abilities are banned\n|rule|Species Clause: Limit one of each Pok\u00e9mon\n|rule|Gravity Sleep Clause: The combination of sleep-inducing moves with imperfect accuracy and Gravity or Gigantamax Orbeetle are banned\n|clearpoke\n|poke|p1|Grimmsnarl, M|\n|poke|p1|Spectrier|\n|poke|p1|Urshifu-*, M|\n|poke|p1|Rillaboom, F|\n|poke|p1|Incineroar, M|\n|poke|p1|Primarina, F|\n|poke|p2|Gothitelle, F|\n|poke|p2|Salamence, F|\n|poke|p2|Amoonguss, F|\n|poke|p2|Diancie|\n|poke|p2|Incineroar, F|\n|poke|p2|Ursaluna-Bloodmoon, M|\n|teampreview\n|inactive|Battle timer is ON: inactive players will automatically lose when time's up. (requested by thundervoltss)\n|inactive|Junky Dummy has 120 seconds left.\n|inactive|Junky Dummy has 90 seconds left.\n|\n|t:|1697587525\n|start\n|switch|p1a: Pop fizz|Grimmsnarl, M|100\/100\n|switch|p1b: Trap shadow|Spectrier|100\/100\n|switch|p2a: Diancie|Diancie, shiny|100\/100\n|switch|p2b: Incineroar|Incineroar, F|100\/100\n|-ability|p2b: Incineroar|Intimidate|boost\n|-unboost|p1a: Pop fizz|atk|1\n|-unboost|p1b: Trap shadow|atk|1\n|turn|1\n|inactive|thundervoltss has 120 seconds left.\n|\n|t:|1697587557\n|move|p2b: Incineroar|Fake Out|p1a: Pop fizz\n|-damage|p1a: Pop fizz|88\/100\n|cant|p1a: Pop fizz|flinch\n|move|p1b: Trap shadow|Taunt|p2a: Diancie\n|-start|p2a: Diancie|move: Taunt\n|cant|p2a: Diancie|move: Taunt|Trick Room\n|\n|upkeep\n|turn|2\n|inactive|thundervoltss has 120 seconds left.\n|\n|t:|1697587585\n|move|p1a: Pop fizz|Reflect|p1a: Pop fizz\n|-sidestart|p1: thundervoltss|Reflect\n|move|p1b: Trap shadow|Shadow Ball|p2a: Diancie\n|-damage|p2a: Diancie|73\/100\n|move|p2b: Incineroar|Knock Off|p1b: Trap shadow\n|-supereffective|p1b: Trap shadow\n|-damage|p1b: Trap shadow|44\/100\n|-enditem|p1b: Trap shadow|Sitrus Berry|[from] move: Knock Off|[of] p2b: Incineroar\n|move|p2a: Diancie|Diamond Storm|p1b: Trap shadow|[spread] p1a,p1b\n|-crit|p1b: Trap shadow\n|-damage|p1a: Pop fizz|63\/100\n|-damage|p1b: Trap shadow|0 fnt\n|faint|p1b: Trap shadow\n|\n|upkeep\n|inactive|thundervoltss has 120 seconds left.\n|\n|t:|1697587596\n|switch|p1b: Grave clobber|Urshifu-Rapid-Strike, M|100\/100\n|turn|3\n|\n|t:|1697587625\n|switch|p2a: Amoonguss|Amoonguss, F|100\/100\n|-terastallize|p1b: Grave clobber|Water\n|move|p1a: Pop fizz|Light Screen|p1a: Pop fizz\n|-sidestart|p1: thundervoltss|move: Light Screen\n|move|p1b: Grave clobber|Swords Dance|p1b: Grave clobber\n|-boost|p1b: Grave clobber|atk|2\n|move|p2b: Incineroar|Parting Shot|p1b: Grave clobber\n|-unboost|p1b: Grave clobber|atk|1\n|-unboost|p1b: Grave clobber|spa|1\n|inactive|Junky Dummy has 120 seconds left.\n|\n|t:|1697587639\n|switch|p2b: Salamence|Salamence, F|100\/100|[from] Parting Shot\n|-ability|p2b: Salamence|Intimidate|boost\n|-unboost|p1a: Pop fizz|atk|1\n|-unboost|p1b: Grave clobber|atk|1\n|\n|upkeep\n|turn|4\n|inactive|Junky Dummy has 120 seconds left.\n|\n|t:|1697587683\n|detailschange|p2b: Salamence|Salamence-Mega, F\n|-mega|p2b: Salamence|Salamence|Salamencite\n|move|p2a: Amoonguss|Rage Powder|p2a: Amoonguss\n|-singleturn|p2a: Amoonguss|move: Rage Powder\n|move|p2b: Salamence|Breaking Swipe|p1a: Pop fizz|[spread] p1b\n|-immune|p1a: Pop fizz\n|-damage|p1b: Grave clobber|88\/100\n|-unboost|p1b: Grave clobber|atk|1\n|move|p1b: Grave clobber|Swords Dance|p1b: Grave clobber\n|-boost|p1b: Grave clobber|atk|2\n|move|p1a: Pop fizz|Spirit Break|p2a: Amoonguss\n|-resisted|p2a: Amoonguss\n|-damage|p2a: Amoonguss|95\/100\n|-unboost|p2a: Amoonguss|spa|1\n|-damage|p1a: Pop fizz|47\/100|[from] item: Rocky Helmet|[of] p2a: Amoonguss\n|\n|upkeep\n|turn|5\n|inactive|Junky Dummy has 120 seconds left.\n|\n|t:|1697587712\n|switch|p1b: Punk Shock|Primarina, F|100\/100\n|switch|p1a: Turbo charge DK|Rillaboom, F|100\/100\n|-fieldstart|move: Grassy Terrain|[from] ability: Grassy Surge|[of] p1a: Turbo charge DK\n|move|p2b: Salamence|Hyper Voice|p1a: Turbo charge DK|[spread] p1a,p1b\n|-supereffective|p1a: Turbo charge DK\n|-damage|p1a: Turbo charge DK|68\/100\n|-damage|p1b: Punk Shock|81\/100\n|move|p2a: Amoonguss|Spore|p1b: Punk Shock\n|-status|p1b: Punk Shock|slp|[from] move: Spore\n|\n|-heal|p1a: Turbo charge DK|74\/100|[from] Grassy Terrain\n|-heal|p1b: Punk Shock|87\/100 slp|[from] Grassy Terrain\n|-heal|p2a: Amoonguss|100\/100|[from] Grassy Terrain\n|upkeep\n|turn|6\n|inactive|Junky Dummy has 120 seconds left.\n|\n|t:|1697587746\n|move|p2a: Amoonguss|Rage Powder|p2a: Amoonguss\n|-singleturn|p2a: Amoonguss|move: Rage Powder\n|move|p2b: Salamence|Breaking Swipe|p1a: Turbo charge DK|[spread] p1a\n|-immune|p1b: Punk Shock\n|-crit|p1a: Turbo charge DK\n|-damage|p1a: Turbo charge DK|45\/100\n|-unboost|p1a: Turbo charge DK|atk|1\n|move|p1a: Turbo charge DK|Knock Off|p2a: Amoonguss\n|-damage|p2a: Amoonguss|85\/100\n|-damage|p1a: Turbo charge DK|28\/100|[from] item: Rocky Helmet|[of] p2a: Amoonguss\n|-enditem|p2a: Amoonguss|Rocky Helmet|[from] move: Knock Off|[of] p1a: Turbo charge DK\n|cant|p1b: Punk Shock|slp\n|\n|-heal|p1a: Turbo charge DK|34\/100|[from] Grassy Terrain\n|-heal|p1b: Punk Shock|93\/100 slp|[from] Grassy Terrain\n|-heal|p2a: Amoonguss|91\/100|[from] Grassy Terrain\n|upkeep\n|turn|7\n|inactive|Junky Dummy has 120 seconds left.\n|inactive|Junky Dummy has 90 seconds left.\n|\n|t:|1697587785\n|switch|p1a: Wildfire|Incineroar, M|100\/100\n|-ability|p1a: Wildfire|Intimidate|boost\n|-unboost|p2a: Amoonguss|atk|1\n|-unboost|p2b: Salamence|atk|1\n|move|p2b: Salamence|Double-Edge|p1a: Wildfire\n|-damage|p1a: Wildfire|78\/100\n|-damage|p2b: Salamence|92\/100|[from] Recoil\n|cant|p1b: Punk Shock|slp\n|move|p2a: Amoonguss|Pollen Puff|p2b: Salamence\n|-heal|p2b: Salamence|100\/100\n|\n|-heal|p1b: Punk Shock|99\/100 slp|[from] Grassy Terrain\n|-heal|p1a: Wildfire|85\/100|[from] Grassy Terrain\n|-heal|p2a: Amoonguss|97\/100|[from] Grassy Terrain\n|upkeep\n|turn|8\n|\n|t:|1697587807\n|move|p2b: Salamence|Protect|p2b: Salamence\n|-singleturn|p2b: Salamence|Protect\n|move|p1a: Wildfire|Flare Blitz|p2a: Amoonguss\n|-supereffective|p2a: Amoonguss\n|-damage|p2a: Amoonguss|28\/100\n|-damage|p1a: Wildfire|59\/100|[from] Recoil\n|-curestatus|p1b: Punk Shock|slp|[msg]\n|move|p1b: Punk Shock|Ice Beam|p2b: Salamence\n|-activate|p2b: Salamence|move: Protect\n|move|p2a: Amoonguss|Clear Smog|p2b: Salamence\n|-activate|p2b: Salamence|move: Protect\n|\n|-heal|p1a: Wildfire|65\/100|[from] Grassy Terrain\n|-heal|p1b: Punk Shock|100\/100|[from] Grassy Terrain\n|-heal|p2a: Amoonguss|34\/100|[from] Grassy Terrain\n|upkeep\n|turn|9\n|\n|t:|1697587833\n|-terastallize|p2a: Amoonguss|Water\n|move|p2b: Salamence|Hyper Voice|p1a: Wildfire|[spread] p1a,p1b\n|-damage|p1a: Wildfire|45\/100\n|-damage|p1b: Punk Shock|80\/100\n|-enditem|p1a: Wildfire|Sitrus Berry|[eat]\n|-heal|p1a: Wildfire|70\/100|[from] item: Sitrus Berry\n|move|p1a: Wildfire|Flare Blitz|p2a: Amoonguss\n|-resisted|p2a: Amoonguss\n|-damage|p2a: Amoonguss|16\/100\n|-damage|p1a: Wildfire|63\/100|[from] Recoil\n|move|p1b: Punk Shock|Ice Beam|p2b: Salamence\n|-supereffective|p2b: Salamence\n|-damage|p2b: Salamence|0 fnt\n|faint|p2b: Salamence\n|move|p2a: Amoonguss|Spore|p1b: Punk Shock\n|-status|p1b: Punk Shock|slp|[from] move: Spore\n|\n|-heal|p1a: Wildfire|70\/100|[from] Grassy Terrain\n|-heal|p1b: Punk Shock|86\/100 slp|[from] Grassy Terrain\n|-heal|p2a: Amoonguss|22\/100|[from] Grassy Terrain\n|-sideend|p1: thundervoltss|Reflect\n|-fieldend|move: Grassy Terrain\n|upkeep\n|inactive|Junky Dummy has 90 seconds left.\n|\n|t:|1697587859\n|switch|p2b: Gothitelle|Gothitelle, F|100\/100\n|turn|10\n|inactive|Junky Dummy has 90 seconds left.\n|\n|t:|1697587880\n|switch|p2a: Ursaluna|Ursaluna-Bloodmoon, M|100\/100\n|move|p1a: Wildfire|Parting Shot|p2b: Gothitelle\n|-unboost|p2b: Gothitelle|atk|1\n|-unboost|p2b: Gothitelle|spa|1\n|\n|t:|1697587888\n|switch|p1a: Grave clobber|Urshifu-Rapid-Strike, M, tera:Water|88\/100|[from] Parting Shot\n|cant|p1b: Punk Shock|slp\n|move|p2b: Gothitelle|Trick Room|p2b: Gothitelle\n|-fieldstart|move: Trick Room|[of] p2b: Gothitelle\n|\n|-sideend|p1: thundervoltss|move: Light Screen\n|upkeep\n|turn|11\n|\n|t:|1697587908\n|move|p1a: Grave clobber|Detect|p1a: Grave clobber\n|-singleturn|p1a: Grave clobber|Protect\n|move|p2a: Ursaluna|Blood Moon|p1a: Grave clobber\n|-activate|p1a: Grave clobber|move: Protect\n|cant|p1b: Punk Shock|slp\n|move|p2b: Gothitelle|Psychic|p1b: Punk Shock\n|-damage|p1b: Punk Shock|70\/100 slp\n|\n|upkeep\n|turn|12\n|\n|t:|1697587932\n|move|p2a: Ursaluna|Earth Power|p1a: Grave clobber\n|-damage|p1a: Grave clobber|22\/100\n|cant|p1b: Punk Shock|slp\n|move|p2b: Gothitelle|Psychic|p1a: Grave clobber\n|-damage|p1a: Grave clobber|0 fnt\n|faint|p1a: Grave clobber\n|\n|upkeep\n|\n|t:|1697587942\n|switch|p1a: Turbo charge DK|Rillaboom, F|34\/100\n|-fieldstart|move: Grassy Terrain|[from] ability: Grassy Surge|[of] p1a: Turbo charge DK\n|turn|13\n|inactive|Junky Dummy has 120 seconds left.\n|\n|t:|1697587960\n|move|p2a: Ursaluna|Vacuum Wave|p1a: Turbo charge DK\n|-damage|p1a: Turbo charge DK|25\/100\n|move|p1a: Turbo charge DK|Grassy Glide|p2a: Ursaluna\n|-supereffective|p2a: Ursaluna\n|-damage|p2a: Ursaluna|55\/100\n|-curestatus|p1b: Punk Shock|slp|[msg]\n|move|p1b: Punk Shock|Hyper Voice|p2a: Ursaluna|[spread] p2a,p2b\n|-supereffective|p2a: Ursaluna\n|-damage|p2a: Ursaluna|0 fnt\n|-damage|p2b: Gothitelle|70\/100\n|faint|p2a: Ursaluna\n|-enditem|p1b: Punk Shock|Throat Spray\n|-boost|p1b: Punk Shock|spa|1|[from] item: Throat Spray\n|move|p2b: Gothitelle|Psychic|p1a: Turbo charge DK\n|-damage|p1a: Turbo charge DK|13\/100\n|\n|-heal|p1b: Punk Shock|76\/100|[from] Grassy Terrain\n|-heal|p2b: Gothitelle|76\/100|[from] Grassy Terrain\n|-heal|p1a: Turbo charge DK|19\/100|[from] Grassy Terrain\n|upkeep\n|\n|t:|1697587978\n|switch|p2a: Incineroar|Incineroar, F|100\/100\n|-ability|p2a: Incineroar|Intimidate|boost\n|-unboost|p1a: Turbo charge DK|atk|1\n|-unboost|p1b: Punk Shock|atk|1\n|turn|14\n|inactive|Junky Dummy has 120 seconds left.\n|\n|t:|1697587992\n|move|p2b: Gothitelle|Protect|p2b: Gothitelle\n|-singleturn|p2b: Gothitelle|Protect\n|move|p1b: Punk Shock|Hyper Voice|p2a: Incineroar|[spread] p2a\n|-activate|p2b: Gothitelle|move: Protect\n|-supereffective|p2a: Incineroar\n|-damage|p2a: Incineroar|14\/100\n|move|p2a: Incineroar|Knock Off|p1a: Turbo charge DK\n|-damage|p1a: Turbo charge DK|0 fnt\n|-enditem|p1a: Turbo charge DK|Assault Vest|[from] move: Knock Off|[of] p2a: Incineroar\n|faint|p1a: Turbo charge DK\n|\n|-heal|p2a: Incineroar|20\/100|[from] Grassy Terrain\n|-heal|p1b: Punk Shock|82\/100|[from] Grassy Terrain\n|-heal|p2b: Gothitelle|82\/100|[from] Grassy Terrain\n|-fieldend|move: Trick Room\n|upkeep\n|\n|t:|1697587999\n|switch|p1a: Pop fizz|Grimmsnarl, M|47\/100\n|turn|15\n|\n|t:|1697588015\n|move|p1a: Pop fizz|Light Screen|p1a: Pop fizz\n|-sidestart|p1: thundervoltss|move: Light Screen\n|move|p2a: Incineroar|Knock Off|p1a: Pop fizz\n|-resisted|p1a: Pop fizz\n|-damage|p1a: Pop fizz|37\/100\n|-enditem|p1a: Pop fizz|Light Clay|[from] move: Knock Off|[of] p2a: Incineroar\n|move|p1b: Punk Shock|Hyper Voice|p2b: Gothitelle|[spread] p2a,p2b\n|-supereffective|p2a: Incineroar\n|-damage|p2a: Incineroar|0 fnt\n|-damage|p2b: Gothitelle|38\/100\n|-enditem|p2b: Gothitelle|Sitrus Berry|[eat]\n|-heal|p2b: Gothitelle|63\/100|[from] item: Sitrus Berry\n|faint|p2a: Incineroar\n|move|p2b: Gothitelle|Trick Room|p2b: Gothitelle\n|-fieldstart|move: Trick Room|[of] p2b: Gothitelle\n|\n|-heal|p1b: Punk Shock|88\/100|[from] Grassy Terrain\n|-heal|p1a: Pop fizz|43\/100|[from] Grassy Terrain\n|-heal|p2b: Gothitelle|69\/100|[from] Grassy Terrain\n|upkeep\n|\n|t:|1697588030\n|switch|p2a: Amoonguss|Amoonguss, F, tera:Water|55\/100\n|turn|16\n|\n|t:|1697588055\n|move|p2b: Gothitelle|Protect|p2b: Gothitelle\n|-singleturn|p2b: Gothitelle|Protect\n|move|p1a: Pop fizz|Thunder Wave|p1b: Punk Shock\n|-status|p1b: Punk Shock|par\n|move|p2a: Amoonguss|Spore||[still]\n|-fail|p2a: Amoonguss\n|move|p1b: Punk Shock|Dazzling Gleam|p2a: Amoonguss|[spread] p2a\n|-activate|p2b: Gothitelle|move: Protect\n|-damage|p2a: Amoonguss|8\/100\n|\n|-heal|p2a: Amoonguss|14\/100|[from] Grassy Terrain\n|-heal|p1b: Punk Shock|94\/100 par|[from] Grassy Terrain\n|-heal|p1a: Pop fizz|49\/100|[from] Grassy Terrain\n|-heal|p2b: Gothitelle|75\/100|[from] Grassy Terrain\n|upkeep\n|turn|17\n|c|\u2606thundervoltss|IM THE SMARTEST PLAYER ALIIIIIIVE\n|inactive|Junky Dummy has 120 seconds left.\n|\n|t:|1697588087\n|switch|p2a: Diancie|Diancie, shiny|73\/100\n|move|p1b: Punk Shock|Dazzling Gleam|p2a: Diancie|[spread] p2a,p2b\n|-damage|p2a: Diancie|35\/100\n|-damage|p2b: Gothitelle|35\/100\n|move|p1a: Pop fizz|Spirit Break|p2b: Gothitelle\n|-damage|p2b: Gothitelle|12\/100\n|-unboost|p2b: Gothitelle|spa|1\n|move|p2b: Gothitelle|Psychic|p1b: Punk Shock\n|-damage|p1b: Punk Shock|86\/100 par\n|\n|-heal|p1b: Punk Shock|93\/100 par|[from] Grassy Terrain\n|-heal|p2a: Diancie|41\/100|[from] Grassy Terrain\n|-heal|p1a: Pop fizz|56\/100|[from] Grassy Terrain\n|-heal|p2b: Gothitelle|18\/100|[from] Grassy Terrain\n|-fieldend|move: Grassy Terrain\n|upkeep\n|turn|18\n|\n|t:|1697588106\n|switch|p2b: Amoonguss|Amoonguss, F, tera:Water|47\/100\n|cant|p1b: Punk Shock|par\n|move|p2a: Diancie|Diamond Storm|p1a: Pop fizz|[spread] p1a,p1b\n|-damage|p1a: Pop fizz|18\/100\n|-damage|p1b: Punk Shock|49\/100 par\n|-boost|p2a: Diancie|def|2\n|move|p1a: Pop fizz|Spirit Break|p2a: Diancie\n|-damage|p2a: Diancie|29\/100\n|\n|upkeep\n|turn|19\n|c|\u2606thundervoltss|ok well\n|\n|t:|1697588133\n|move|p1a: Pop fizz|Reflect|p1a: Pop fizz\n|-sidestart|p1: thundervoltss|Reflect\n|move|p2b: Amoonguss|Pollen Puff|p2a: Diancie\n|-heal|p2a: Diancie|79\/100\n|cant|p1b: Punk Shock|par\n|move|p2a: Diancie|Diamond Storm|p1a: Pop fizz|[spread] p1a,p1b\n|-damage|p1a: Pop fizz|0 fnt\n|-damage|p1b: Punk Shock|21\/100 par\n|-boost|p2a: Diancie|def|2\n|faint|p1a: Pop fizz\n|\n|-fieldend|move: Trick Room\n|upkeep\n|c|\u2606thundervoltss|TWICE?\n|\n|t:|1697588143\n|switch|p1a: Wildfire|Incineroar, M|70\/100\n|-ability|p1a: Wildfire|Intimidate|boost\n|-fail|p2a: Diancie|unboost|[from] ability: Clear Body|[of] p2a: Diancie\n|-unboost|p2b: Amoonguss|atk|1\n|turn|20\n|c|\u2606thundervoltss|being punished for outplaying\n|\n|t:|1697588163\n|switch|p2b: Gothitelle|Gothitelle, F|18\/100\n|move|p1a: Wildfire|Parting Shot|p2a: Diancie\n|-fail|p2a: Diancie|unboost|[from] ability: Clear Body|[of] p2a: Diancie\n|cant|p1b: Punk Shock|par\n|move|p2a: Diancie|Trick Room|p2a: Diancie\n|-fieldstart|move: Trick Room|[of] p2a: Diancie\n|\n|upkeep\n|turn|21\n|c|\u2606thundervoltss|CMON\n|\n|t:|1697588182\n|move|p2b: Gothitelle|Fake Out|p1a: Wildfire\n|-damage|p1a: Wildfire|67\/100\n|move|p1b: Punk Shock|Hyper Voice|p2a: Diancie|[spread] p2a,p2b\n|-supereffective|p2a: Diancie\n|-damage|p2a: Diancie|0 fnt\n|-damage|p2b: Gothitelle|0 fnt\n|faint|p2a: Diancie\n|faint|p2b: Gothitelle\n|cant|p1a: Wildfire|flinch\n|\n|upkeep\n|c|\u2606thundervoltss|gg\n|\n|t:|1697588192\n|switch|p2b: Amoonguss|Amoonguss, F, tera:Water|81\/100\n|turn|22\n|\n|t:|1697588203\n|move|p2b: Amoonguss|Spore|p1a: Wildfire\n|-status|p1a: Wildfire|slp|[from] move: Spore\n|cant|p1b: Punk Shock|par\n|cant|p1a: Wildfire|slp\n|\n|-sideend|p1: thundervoltss|move: Light Screen\n|upkeep\n|turn|23\n|c|\u2606thundervoltss|4 TIMES\n|\n|t:|1697588222\n|move|p2b: Amoonguss|Pollen Puff|p1b: Punk Shock\n|-resisted|p1b: Punk Shock\n|-damage|p1b: Punk Shock|14\/100 par\n|cant|p1b: Punk Shock|par\n|-curestatus|p1a: Wildfire|slp|[msg]\n|move|p1a: Wildfire|Parting Shot|p2b: Amoonguss\n|-unboost|p2b: Amoonguss|atk|1\n|-unboost|p2b: Amoonguss|spa|1\n|\n|-sideend|p1: thundervoltss|Reflect\n|upkeep\n|turn|24\n|c|\u2606thundervoltss|BRO\n|\n|t:|1697588237\n|move|p2b: Amoonguss|Spore|p1a: Wildfire\n|-status|p1a: Wildfire|slp|[from] move: Spore\n|move|p1b: Punk Shock|Dazzling Gleam|p2b: Amoonguss\n|-damage|p2b: Amoonguss|21\/100\n|cant|p1a: Wildfire|slp\n|\n|-fieldend|move: Trick Room\n|upkeep\n|turn|25\n|\n|t:|1697588248\n|cant|p1a: Wildfire|slp\n|move|p1b: Punk Shock|Dazzling Gleam|p2b: Amoonguss\n|-damage|p2b: Amoonguss|0 fnt\n|faint|p2b: Amoonguss\n|\n|win|thundervoltss\n|raw|thundervoltss's rating: 1465 &rarr; <strong>1479<\/strong><br \/>(+14 for winning)\n|raw|Junky Dummy's rating: 1353 &rarr; <strong>1339<\/strong><br \/>(-14 for losing)\n|l|\u2606Junky Dummy\n|c|\u2606thundervoltss|FINALLY\n","uploadtime":1697588258,"views":18,"p1id":"thundervoltss","p2id":"junkydummy","formatid":"gen9nationaldexdoubles","rating":1339,"private":0,"password":""}