{"id":"gen9nationaldexdoubles-1971402723","p1":"AdvancedDigit","p2":"ceruledge999","format":"[Gen 9] National Dex Doubles","log":"|j|\u2606AdvancedDigit\n|j|\u2606ceruledge999\n|t:|1697735727\n|gametype|doubles\n|player|p1|AdvancedDigit|hilbert|1210\n|player|p2|ceruledge999|169|1250\n|teamsize|p1|6\n|teamsize|p2|6\n|gen|9\n|tier|[Gen 9] National Dex Doubles\n|rated|\n|rule|HP Percentage Mod: HP is shown in percentages\n|rule|Endless Battle Clause: Forcing endless battles is banned\n|rule|OHKO Clause: OHKO moves are banned\n|rule|Evasion Moves Clause: Evasion moves are banned\n|rule|Evasion Abilities Clause: Evasion abilities are banned\n|rule|Species Clause: Limit one of each Pok\u00e9mon\n|rule|Gravity Sleep Clause: The combination of sleep-inducing moves with imperfect accuracy and Gravity or Gigantamax Orbeetle are banned\n|clearpoke\n|poke|p1|Malamar, M|\n|poke|p1|Tornadus, M|\n|poke|p1|Maushold|\n|poke|p1|Ambipom, M|\n|poke|p1|Mr. Mime, M|\n|poke|p1|Amoonguss, F|\n|poke|p2|Ceruledge, F|\n|poke|p2|Torkoal, F|\n|poke|p2|Azelf|\n|poke|p2|Walking Wake|\n|poke|p2|Zoroark-Hisui, M|\n|poke|p2|Conkeldurr, M|\n|teampreview\n|inactive|Battle timer is ON: inactive players will automatically lose when time's up. (requested by AdvancedDigit)\n|\n|t:|1697735792\n|start\n|switch|p1a: Malamar|Malamar, M|100\/100\n|switch|p1b: Tornadus|Tornadus, M|100\/100\n|switch|p2a: Ancient One|Azelf, shiny|100\/100\n|switch|p2b: conqueror|Conkeldurr, M, shiny|100\/100\n|turn|1\n|\n|t:|1697735813\n|move|p1b: Tornadus|Defog|p1a: Malamar\n|-boost|p1a: Malamar|evasion|1\n|move|p2a: Ancient One|Encore|p1b: Tornadus\n|-start|p1b: Tornadus|Encore\n|move|p2b: conqueror|Substitute|p2b: conqueror\n|-start|p2b: conqueror|Substitute\n|-damage|p2b: conqueror|75\/100\n|move|p1a: Malamar|Superpower|p2b: conqueror\n|-immune|p2b: conqueror\n|\n|-heal|p2b: conqueror|81\/100|[from] item: Leftovers\n|upkeep\n|turn|2\n|c|\u2606AdvancedDigit|huh\n|c|\u2606AdvancedDigit|oh\n|inactive|AdvancedDigit has 120 seconds left.\n|inactive|ceruledge999 has 120 seconds left.\n|\n|t:|1697735851\n|move|p1b: Tornadus|Defog|p1a: Malamar\n|-boost|p1a: Malamar|evasion|1\n|move|p2a: Ancient One|Stealth Rock|p1b: Tornadus\n|-sidestart|p1: AdvancedDigit|move: Stealth Rock\n|move|p2b: conqueror|Nasty Plot|p2b: conqueror\n|-boost|p2b: conqueror|spa|2\n|move|p1a: Malamar|Knock Off|p2b: conqueror\n|-supereffective|p2b: conqueror\n|-end|p2b: conqueror|Substitute\n|\n|-heal|p2b: conqueror|87\/100|[from] item: Leftovers\n|upkeep\n|turn|3\n|\n|t:|1697735870\n|move|p1b: Tornadus|Defog|p1a: Malamar\n|-boost|p1a: Malamar|evasion|1\n|-sideend|p1: AdvancedDigit|Stealth Rock|[from] move: Defog|[of] p1b: Tornadus\n|move|p2a: Ancient One|Taunt|p1b: Tornadus\n|-start|p1b: Tornadus|move: Taunt\n|move|p2b: conqueror|Substitute|p2b: conqueror\n|-start|p2b: conqueror|Substitute\n|-damage|p2b: conqueror|62\/100\n|move|p1a: Malamar|Knock Off|p2b: conqueror\n|-supereffective|p2b: conqueror\n|-end|p2b: conqueror|Substitute\n|\n|-heal|p2b: conqueror|68\/100|[from] item: Leftovers\n|upkeep\n|turn|4\n|\n|t:|1697735890\n|switch|p1b: Mr. Mime|Mr. Mime, M|100\/100\n|move|p2a: Ancient One|Explosion|p1a: Malamar|[spread] p1a,p1b\n|-immune|p2b: conqueror\n|-damage|p1a: Malamar|40\/100\n|-damage|p1b: Mr. Mime|0 fnt\n|faint|p2a: Ancient One\n|faint|p1b: Mr. Mime\n|move|p2b: conqueror|Substitute|p2b: conqueror\n|-start|p2b: conqueror|Substitute\n|-damage|p2b: conqueror|43\/100\n|move|p1a: Malamar|Knock Off|p2b: conqueror\n|-supereffective|p2b: conqueror\n|-end|p2b: conqueror|Substitute\n|\n|-heal|p2b: conqueror|49\/100|[from] item: Leftovers\n|-heal|p1a: Malamar|47\/100|[from] item: Leftovers\n|upkeep\n|\n|t:|1697735916\n|switch|p2a: conqueror|Conkeldurr, M, shiny|100\/100\n|switch|p1b: Tornadus|Tornadus, M|100\/100\n|turn|5\n|\n|t:|1697735937\n|move|p1b: Tornadus|Bleakwind Storm|p2b: conqueror|[spread] p2a,p2b\n|-supereffective|p2a: conqueror\n|-damage|p2a: conqueror|16\/100\n|-damage|p2b: conqueror|0 fnt\n|replace|p2b: arkorzo|Zoroark-Hisui, M, shiny\n|-end|p2b: arkorzo|Illusion\n|faint|p2b: arkorzo\n|move|p1a: Malamar|Superpower|p2a: conqueror\n|-damage|p2a: conqueror|0 fnt\n|-boost|p1a: Malamar|atk|1\n|-boost|p1a: Malamar|def|1\n|faint|p2a: conqueror\n|\n|-heal|p1a: Malamar|53\/100|[from] item: Leftovers\n|upkeep\n|-message|ceruledge999 forfeited.\n|\n|win|AdvancedDigit\n|raw|AdvancedDigit's rating: 1210 &rarr; <strong>1238<\/strong><br \/>(+28 for winning)\n|raw|ceruledge999's rating: 1250 &rarr; <strong>1222<\/strong><br \/>(-28 for losing)\n|l|\u2606ceruledge999\n","uploadtime":1697735952,"views":10,"p1id":"advanceddigit","p2id":"ceruledge999","formatid":"gen9nationaldexdoubles","rating":1222,"private":0,"password":""}