{"id":"gen9nationaldexdoubles-1954194499","p1":"trainerredtheog_17","p2":"thundervoltss","format":"[Gen 9] National Dex Doubles","log":"|j|\u2606trainerredtheog_17\n|j|\u2606thundervoltss\n|t:|1695863690\n|gametype|doubles\n|player|p1|trainerredtheog_17|fisherman-gen4|1308\n|player|p2|thundervoltss|volkner|1424\n|teamsize|p1|6\n|teamsize|p2|6\n|gen|9\n|tier|[Gen 9] National Dex Doubles\n|rated|\n|rule|HP Percentage Mod: HP is shown in percentages\n|rule|Endless Battle Clause: Forcing endless battles is banned\n|rule|OHKO Clause: OHKO moves are banned\n|rule|Evasion Moves Clause: Evasion moves are banned\n|rule|Evasion Abilities Clause: Evasion abilities are banned\n|rule|Species Clause: Limit one of each Pok\u00e9mon\n|rule|Gravity Sleep Clause: The combination of sleep-inducing moves with imperfect accuracy and Gravity or Gigantamax Orbeetle are banned\n|clearpoke\n|poke|p1|Espeon, F|\n|poke|p1|Indeedee-F, F|\n|poke|p1|Ninetales, F|\n|poke|p1|Leafeon, F|\n|poke|p1|Umbreon, F|\n|poke|p1|Ursaluna-Bloodmoon, M|\n|poke|p2|Dracovish|\n|poke|p2|Illumise, F|\n|poke|p2|Rillaboom, F|\n|poke|p2|Gholdengo|\n|poke|p2|Glimmora, F|\n|poke|p2|Basculegion, M|\n|teampreview\n|inactive|Battle timer is ON: inactive players will automatically lose when time's up. (requested by trainerredtheog_17)\n|\n|t:|1695863724\n|start\n|switch|p1a: Espeon|Espeon, F|100\/100\n|switch|p1b: Indeedee|Indeedee-F, F|100\/100\n|switch|p2a: Dracovish|Dracovish|100\/100\n|switch|p2b: Illumise|Illumise, F|100\/100\n|-fieldstart|move: Psychic Terrain|[from] ability: Psychic Surge|[of] p1b: Indeedee\n|turn|1\n|j| sdoihjdroijgds\n|\n|t:|1695863754\n|move|p2b: Illumise|Rain Dance|p2b: Illumise\n|-weather|RainDance\n|move|p1a: Espeon|Expanding Force|p2a: Dracovish|[spread] p2a,p2b\n|-damage|p2a: Dracovish|21\/100\n|-damage|p2b: Illumise|34\/100\n|move|p2a: Dracovish|Fishious Rend|p1b: Indeedee\n|-crit|p1b: Indeedee\n|-enditem|p1b: Indeedee|Focus Sash\n|-damage|p1b: Indeedee|1\/100\n|move|p1b: Indeedee|Expanding Force|p2b: Illumise|[spread] p2a,p2b\n|-crit|p2a: Dracovish\n|-damage|p2a: Dracovish|0 fnt\n|-damage|p2b: Illumise|0 fnt\n|faint|p2a: Dracovish\n|faint|p2b: Illumise\n|\n|-weather|RainDance|[upkeep]\n|upkeep\n|l|sdoihjdroijgds\n|inactive|thundervoltss has 120 seconds left.\n|\n|t:|1695863779\n|switch|p2a: Gholdengo|Gholdengo|100\/100\n|switch|p2b: Basculegion|Basculegion, M|100\/100\n|turn|2\n|j| S1r.sweepsaLot\n|c| S1r.sweepsaLot|hey\n|inactive|trainerredtheog_17 has 120 seconds left.\n|c| S1r.sweepsaLot|losing another match thundervolt\n|c| S1r.sweepsaLot|?\n|c|\u2606thundervoltss|bro shut up its lowk being annoying now\n|\n|t:|1695863837\n|move|p1b: Indeedee|Ally Switch|p1b: Indeedee\n|swap|p1b: Indeedee|0|[from] move: Ally Switch\n|move|p1b: Espeon|Expanding Force|p2b: Basculegion|[spread] p2a,p2b\n|-resisted|p2a: Gholdengo\n|-damage|p2a: Gholdengo|71\/100\n|-damage|p2b: Basculegion|55\/100\n|move|p2a: Gholdengo|Make It Rain|p1b: Espeon|[spread] p1a,p1b\n|-damage|p1a: Indeedee|0 fnt\n|-damage|p1b: Espeon|16\/100\n|-unboost|p2a: Gholdengo|spa|1\n|faint|p1a: Indeedee\n|-damage|p2a: Gholdengo|61\/100|[from] item: Life Orb\n|move|p2b: Basculegion|Wave Crash|p1b: Espeon\n|-damage|p1b: Espeon|0 fnt\n|faint|p1b: Espeon\n|-damage|p2b: Basculegion|51\/100|[from] Recoil\n|\n|-weather|RainDance|[upkeep]\n|upkeep\n|c| S1r.sweepsaLot|sure\n|inactive|trainerredtheog_17 has 90 seconds left.\n|\n|t:|1695863868\n|switch|p1b: Leafeon|Leafeon, F|100\/100\n|switch|p1a: Ninetales|Ninetales, F|100\/100\n|-weather|SunnyDay|[from] ability: Drought|[of] p1a: Ninetales\n|turn|3\n|inactive|trainerredtheog_17 has 90 seconds left.\n|inactive|thundervoltss has 120 seconds left.\n|\n|t:|1695863899\n|-terastallize|p2b: Basculegion|Grass\n|move|p2a: Gholdengo|Protect|p2a: Gholdengo\n|-singleturn|p2a: Gholdengo|Protect\n|move|p1b: Leafeon|Solar Blade||[still]\n|-prepare|p1b: Leafeon|Solar Blade\n|-anim|p1b: Leafeon|Solar Blade|p2b: Basculegion\n|-resisted|p2b: Basculegion\n|-damage|p2b: Basculegion|25\/100\n|move|p1a: Ninetales|Flamethrower|p2a: Gholdengo\n|-activate|p2a: Gholdengo|move: Protect\n|move|p2b: Basculegion|Last Respects|p1a: Ninetales\n|-damage|p1a: Ninetales|0 fnt\n|faint|p1a: Ninetales\n|\n|-weather|SunnyDay|[upkeep]\n|upkeep\n|\n|t:|1695863921\n|switch|p1a: Umbreon|Umbreon, F|100\/100\n|turn|4\n|inactive|trainerredtheog_17 has 90 seconds left.\n|\n|t:|1695863939\n|switch|p2b: Rillaboom|Rillaboom, F|100\/100\n|-fieldstart|move: Grassy Terrain|[from] ability: Grassy Surge|[of] p2b: Rillaboom\n|move|p1b: Leafeon|X-Scissor|p2b: Rillaboom\n|-supereffective|p2b: Rillaboom\n|-damage|p2b: Rillaboom|58\/100\n|move|p2a: Gholdengo|Make It Rain|p1a: Umbreon|[spread] p1a,p1b\n|-crit|p1b: Leafeon\n|-damage|p1a: Umbreon|73\/100\n|-damage|p1b: Leafeon|0 fnt\n|-unboost|p2a: Gholdengo|spa|1\n|faint|p1b: Leafeon\n|-damage|p2a: Gholdengo|51\/100|[from] item: Life Orb\n|move|p1a: Umbreon|Calm Mind|p1a: Umbreon\n|-boost|p1a: Umbreon|spa|1\n|-boost|p1a: Umbreon|spd|1\n|\n|-weather|SunnyDay|[upkeep]\n|-heal|p2a: Gholdengo|57\/100|[from] Grassy Terrain\n|-heal|p2b: Rillaboom|65\/100|[from] Grassy Terrain\n|-heal|p1a: Umbreon|79\/100|[from] Grassy Terrain\n|-heal|p1a: Umbreon|86\/100|[from] item: Leftovers\n|upkeep\n|\n|t:|1695863965\n|switch|p1b: Ursaluna|Ursaluna-Bloodmoon, M|100\/100\n|turn|5\n|\n|t:|1695863989\n|switch|p2a: Glimmora|Glimmora, F|100\/100\n|-terastallize|p1b: Ursaluna|Normal\n|move|p2b: Rillaboom|Grassy Glide|p1b: Ursaluna\n|-damage|p1b: Ursaluna|77\/100\n|move|p1a: Umbreon|Calm Mind|p1a: Umbreon\n|-boost|p1a: Umbreon|spa|1\n|-boost|p1a: Umbreon|spd|1\n|move|p1b: Ursaluna|Earth Power|p2a: Glimmora\n|-supereffective|p2a: Glimmora\n|-damage|p2a: Glimmora|0 fnt\n|faint|p2a: Glimmora\n|\n|-weather|SunnyDay|[upkeep]\n|-heal|p2b: Rillaboom|71\/100|[from] Grassy Terrain\n|-heal|p1a: Umbreon|92\/100|[from] Grassy Terrain\n|-heal|p1a: Umbreon|98\/100|[from] item: Leftovers\n|-heal|p1b: Ursaluna|83\/100|[from] Grassy Terrain\n|upkeep\n|\n|t:|1695864002\n|switch|p2a: Gholdengo|Gholdengo|57\/100\n|turn|6\n|inactive|trainerredtheog_17 has 90 seconds left.\n|\n|t:|1695864035\n|switch|p2a: Basculegion|Basculegion, M, tera:Grass|25\/100\n|move|p2b: Rillaboom|U-turn|p1a: Umbreon\n|-supereffective|p1a: Umbreon\n|-damage|p1a: Umbreon|69\/100\n|\n|t:|1695864040\n|switch|p2b: Gholdengo|Gholdengo|57\/100|[from] U-turn\n|move|p1a: Umbreon|Calm Mind|p1a: Umbreon\n|-boost|p1a: Umbreon|spa|1\n|-boost|p1a: Umbreon|spd|1\n|move|p1b: Ursaluna|Hyper Voice|p2a: Basculegion|[spread] p2a,p2b\n|-resisted|p2b: Gholdengo\n|-damage|p2a: Basculegion|0 fnt\n|-damage|p2b: Gholdengo|32\/100\n|faint|p2a: Basculegion\n|\n|-weather|SunnyDay|[upkeep]\n|-heal|p2b: Gholdengo|38\/100|[from] Grassy Terrain\n|-heal|p1a: Umbreon|75\/100|[from] Grassy Terrain\n|-heal|p1a: Umbreon|81\/100|[from] item: Leftovers\n|-heal|p1b: Ursaluna|89\/100|[from] Grassy Terrain\n|upkeep\n|\n|t:|1695864046\n|switch|p2a: Rillaboom|Rillaboom, F|71\/100\n|turn|7\n|inactive|trainerredtheog_17 has 90 seconds left.\n|\n|t:|1695864066\n|move|p2a: Rillaboom|Fake Out|p1b: Ursaluna\n|-damage|p1b: Ursaluna|80\/100\n|move|p2b: Gholdengo|Make It Rain|p1a: Umbreon|[spread] p1a,p1b\n|-crit|p1b: Ursaluna\n|-damage|p1a: Umbreon|64\/100\n|-damage|p1b: Ursaluna|17\/100\n|-unboost|p2b: Gholdengo|spa|1\n|-damage|p2b: Gholdengo|28\/100|[from] item: Life Orb\n|move|p1a: Umbreon|Calm Mind|p1a: Umbreon\n|-boost|p1a: Umbreon|spa|1\n|-boost|p1a: Umbreon|spd|1\n|cant|p1b: Ursaluna|flinch\n|\n|-weather|none\n|-heal|p2b: Gholdengo|34\/100|[from] Grassy Terrain\n|-heal|p2a: Rillaboom|77\/100|[from] Grassy Terrain\n|-heal|p1a: Umbreon|70\/100|[from] Grassy Terrain\n|-heal|p1a: Umbreon|76\/100|[from] item: Leftovers\n|-heal|p1b: Ursaluna|24\/100|[from] Grassy Terrain\n|upkeep\n|turn|8\n|l|\u2606trainerredtheog_17\n|inactive|trainerredtheog_17 disconnected and has a minute to reconnect!\n|player|p1|\n|j|\u2606trainerredtheog_17\n|inactive|trainerredtheog_17 reconnected and has 75 seconds left.\n|player|p1|trainerredtheog_17|fisherman-gen4\n|\n|t:|1695864120\n|move|p2a: Rillaboom|Grassy Glide|p1b: Ursaluna\n|-damage|p1b: Ursaluna|3\/100\n|move|p2b: Gholdengo|Make It Rain|p1b: Ursaluna|[spread] p1a,p1b\n|-damage|p1a: Umbreon|68\/100\n|-damage|p1b: Ursaluna|0 fnt\n|-unboost|p2b: Gholdengo|spa|1\n|faint|p1b: Ursaluna\n|-damage|p2b: Gholdengo|24\/100|[from] item: Life Orb\n|move|p1a: Umbreon|Calm Mind|p1a: Umbreon\n|-boost|p1a: Umbreon|spa|1\n|-boost|p1a: Umbreon|spd|1\n|\n|-heal|p2b: Gholdengo|30\/100|[from] Grassy Terrain\n|-heal|p2a: Rillaboom|83\/100|[from] Grassy Terrain\n|-heal|p1a: Umbreon|74\/100|[from] Grassy Terrain\n|-heal|p1a: Umbreon|80\/100|[from] item: Leftovers\n|-fieldend|move: Grassy Terrain\n|upkeep\n|turn|9\n|\n|t:|1695864142\n|move|p2b: Gholdengo|Thunder|p1a: Umbreon\n|-damage|p1a: Umbreon|76\/100\n|-damage|p2b: Gholdengo|21\/100|[from] item: Life Orb\n|move|p2a: Rillaboom|U-turn|p1a: Umbreon\n|-supereffective|p1a: Umbreon\n|-damage|p1a: Umbreon|47\/100\n|move|p1a: Umbreon|Dark Pulse|p2b: Gholdengo\n|-supereffective|p2b: Gholdengo\n|-damage|p2b: Gholdengo|0 fnt\n|faint|p2b: Gholdengo\n|\n|-heal|p1a: Umbreon|53\/100|[from] item: Leftovers\n|upkeep\n|turn|10\n|inactive|trainerredtheog_17 has 90 seconds left.\n|\n|t:|1695864157\n|move|p2a: Rillaboom|U-turn|p1a: Umbreon\n|-supereffective|p1a: Umbreon\n|-damage|p1a: Umbreon|22\/100\n|move|p1a: Umbreon|Moonlight|p1a: Umbreon\n|-heal|p1a: Umbreon|72\/100\n|\n|-heal|p1a: Umbreon|78\/100|[from] item: Leftovers\n|upkeep\n|turn|11\n|\n|t:|1695864168\n|move|p2a: Rillaboom|U-turn|p1a: Umbreon\n|-supereffective|p1a: Umbreon\n|-damage|p1a: Umbreon|49\/100\n|move|p1a: Umbreon|Toxic|p2a: Rillaboom\n|-status|p2a: Rillaboom|tox\n|\n|-heal|p1a: Umbreon|55\/100|[from] item: Leftovers\n|-damage|p2a: Rillaboom|77\/100 tox|[from] psn\n|upkeep\n|turn|12\n|inactive|trainerredtheog_17 has 120 seconds left.\n|\n|t:|1695864177\n|move|p2a: Rillaboom|Protect|p2a: Rillaboom\n|-singleturn|p2a: Rillaboom|Protect\n|move|p1a: Umbreon|Moonlight|p1a: Umbreon\n|-heal|p1a: Umbreon|100\/100\n|\n|-damage|p2a: Rillaboom|65\/100 tox|[from] psn\n|upkeep\n|turn|13\n|\n|t:|1695864188\n|move|p2a: Rillaboom|U-turn|p1a: Umbreon\n|-supereffective|p1a: Umbreon\n|-damage|p1a: Umbreon|72\/100\n|move|p1a: Umbreon|Dark Pulse|p2a: Rillaboom\n|-damage|p2a: Rillaboom|7\/100 tox\n|-enditem|p2a: Rillaboom|Sitrus Berry|[eat]\n|-heal|p2a: Rillaboom|32\/100 tox|[from] item: Sitrus Berry\n|\n|-heal|p1a: Umbreon|78\/100|[from] item: Leftovers\n|-damage|p2a: Rillaboom|14\/100 tox|[from] psn\n|upkeep\n|turn|14\n|c|\u2606thundervoltss|oof gg\n|\n|t:|1695864202\n|move|p2a: Rillaboom|U-turn|p1a: Umbreon\n|-supereffective|p1a: Umbreon\n|-crit|p1a: Umbreon\n|-damage|p1a: Umbreon|38\/100\n|move|p1a: Umbreon|Dark Pulse|p2a: Rillaboom\n|-damage|p2a: Rillaboom|0 fnt\n|faint|p2a: Rillaboom\n|\n|win|trainerredtheog_17\n|raw|trainerredtheog_17's rating: 1308 &rarr; <strong>1334<\/strong><br \/>(+26 for winning)\n|raw|thundervoltss's rating: 1424 &rarr; <strong>1398<\/strong><br \/>(-26 for losing)\n|l|\u2606thundervoltss\n","uploadtime":1695864296,"views":9,"p1id":"trainerredtheog17","p2id":"thundervoltss","formatid":"gen9nationaldexdoubles","rating":1334,"private":0,"password":""}