{"id":"gen9nationaldexdoubles-1972586753","p1":"Qapi","p2":"ToastSlayer","format":"[Gen 9] National Dex Doubles","log":"|j|\u2606Qapi\n|j|\u2606ToastSlayer\n|t:|1697860546\n|gametype|doubles\n|player|p1|Qapi|hiker-gen4|\n|player|p2|ToastSlayer|plasmagruntf|\n|teamsize|p1|6\n|teamsize|p2|6\n|gen|9\n|tier|[Gen 9] National Dex Doubles\n|rule|HP Percentage Mod: HP is shown in percentages\n|rule|Endless Battle Clause: Forcing endless battles is banned\n|rule|OHKO Clause: OHKO moves are banned\n|rule|Evasion Moves Clause: Evasion moves are banned\n|rule|Evasion Abilities Clause: Evasion abilities are banned\n|rule|Species Clause: Limit one of each Pok\u00e9mon\n|rule|Gravity Sleep Clause: The combination of sleep-inducing moves with imperfect accuracy and Gravity or Gigantamax Orbeetle are banned\n|clearpoke\n|poke|p1|Farigiraf, F|\n|poke|p1|Talonflame, F|\n|poke|p1|Brambleghast, M|\n|poke|p1|Regigigas|\n|poke|p1|Conkeldurr, F|\n|poke|p1|Weezing-Galar, M|\n|poke|p2|Pheromosa|\n|poke|p2|Mew|\n|poke|p2|Quagsire, F|\n|poke|p2|Leafeon, F|\n|poke|p2|Ninetales, M|\n|poke|p2|Scovillain, M|\n|teampreview\n|inactive|Battle timer is ON: inactive players will automatically lose when time's up. (requested by ToastSlayer)\n|j| JustADude10\n|c| JustADude10|hi\n|inactive|ToastSlayer has 270 seconds left.\n|\n|t:|1697860578\n|start\n|switch|p1a: Talonflame|Talonflame, F|100\/100\n|switch|p1b: Brambleghast|Brambleghast, M|100\/100\n|switch|p2a: Pheromosa|Pheromosa|100\/100\n|switch|p2b: Mew|Mew, shiny|100\/100\n|turn|1\n|\n|t:|1697860603\n|move|p2a: Pheromosa|Protect|p2a: Pheromosa\n|-singleturn|p2a: Pheromosa|Protect\n|move|p1a: Talonflame|Tailwind|p1a: Talonflame\n|-sidestart|p1: Qapi|move: Tailwind\n|-ability|p1b: Brambleghast|Wind Rider|boost\n|-boost|p1b: Brambleghast|atk|1\n|move|p1b: Brambleghast|Poltergeist|p2a: Pheromosa\n|-activate|p2a: Pheromosa|move: Protect\n|move|p2b: Mew|Dark Pulse|p1b: Brambleghast\n|-supereffective|p1b: Brambleghast\n|-enditem|p1b: Brambleghast|Focus Sash\n|-damage|p1b: Brambleghast|1\/100\n|\n|upkeep\n|turn|2\n|\n|t:|1697860621\n|switch|p2a: Quagsire|Quagsire, F, shiny|100\/100\n|move|p1a: Talonflame|Dual Wingbeat|p2a: Quagsire\n|-crit|p2a: Quagsire\n|-damage|p2a: Quagsire|76\/100\n|-damage|p2a: Quagsire|61\/100\n|-hitcount|p2a: Quagsire|2\n|move|p1b: Brambleghast|Shadow Sneak|p2b: Mew\n|-supereffective|p2b: Mew\n|-damage|p2b: Mew|42\/100\n|move|p2b: Mew|Tailwind|p2b: Mew\n|-sidestart|p2: ToastSlayer|move: Tailwind\n|\n|upkeep\n|turn|3\n|c| JustADude10|Bramblesash lmao\n|\n|t:|1697860640\n|switch|p2b: Ninetales|Ninetales, M|100\/100\n|move|p1b: Brambleghast|Shadow Sneak|p2b: Ninetales\n|-damage|p2b: Ninetales|61\/100\n|move|p1a: Talonflame|Will-O-Wisp|p2a: Quagsire\n|-status|p2a: Quagsire|brn\n|move|p2a: Quagsire|Rock Slide|p1b: Brambleghast|[spread] p1a\n|-miss|p2a: Quagsire|p1b: Brambleghast\n|-supereffective|p1a: Talonflame\n|-damage|p1a: Talonflame|24\/100\n|\n|-damage|p2a: Quagsire|55\/100 brn|[from] brn\n|upkeep\n|turn|4\n|c|\u2606ToastSlayer|I FORGOT DROUGHT.\n|inactive|ToastSlayer has 270 seconds left.\n|c|\u2606ToastSlayer|For the love of god, I am the dumbest person to walk this planet.\n|c|\u2606ToastSlayer|Welp, there goes the match. XD\n|c| JustADude10|the dumbest person is the one who uses 6 arceus\n|inactive|ToastSlayer has 240 seconds left.\n|inactive|Qapi has 270 seconds left.\n|\n|t:|1697860710\n|move|p2b: Ninetales|Protect|p2b: Ninetales\n|-singleturn|p2b: Ninetales|Protect\n|move|p1a: Talonflame|Dual Wingbeat|p2b: Ninetales\n|-activate|p2b: Ninetales|move: Protect\n|move|p1b: Brambleghast|Poltergeist|p2a: Quagsire\n|-activate|p2a: Quagsire|move: Poltergeist|Choice Band\n|-damage|p2a: Quagsire|6\/100 brn\n|move|p2a: Quagsire|Rock Slide|p1b: Brambleghast|[spread] p1a,p1b\n|-supereffective|p1a: Talonflame\n|-damage|p1a: Talonflame|0 fnt\n|-damage|p1b: Brambleghast|0 fnt\n|faint|p1a: Talonflame\n|faint|p1b: Brambleghast\n|\n|-damage|p2a: Quagsire|0 fnt|[from] brn\n|faint|p2a: Quagsire\n|-sideend|p1: Qapi|move: Tailwind\n|upkeep\n|c| JustADude10|info !quagsire\n|c| JustADude10|info! quagsire\n|\n|t:|1697860725\n|switch|p1a: Farigiraf|Farigiraf, F|100\/100\n|switch|p1b: Conkeldurr|Conkeldurr, F|100\/100\n|switch|p2a: Pheromosa|Pheromosa|100\/100\n|turn|5\n|inactive|Qapi has 270 seconds left.\n|\n|t:|1697860768\n|move|p2a: Pheromosa|Bug Buzz|p1a: Farigiraf\n|-supereffective|p1a: Farigiraf\n|-damage|p1a: Farigiraf|0 fnt\n|faint|p1a: Farigiraf\n|-ability|p2a: Pheromosa|Beast Boost|boost\n|-boost|p2a: Pheromosa|spe|1\n|move|p2b: Ninetales|Weather Ball|p1b: Conkeldurr\n|-damage|p1b: Conkeldurr|87\/100\n|move|p1b: Conkeldurr|Drain Punch|p2b: Ninetales\n|-damage|p2b: Ninetales|0 fnt\n|-heal|p1b: Conkeldurr|100\/100|[from] drain|[of] p2b: Ninetales\n|faint|p2b: Ninetales\n|\n|-sideend|p2: ToastSlayer|move: Tailwind\n|-status|p1b: Conkeldurr|brn|[from] item: Flame Orb\n|upkeep\n|inactive|ToastSlayer has 270 seconds left.\n|\n|t:|1697860784\n|switch|p2b: Mew|Mew, shiny|42\/100\n|switch|p1a: Weezing|Weezing-Galar, M|100\/100\n|-ability|p1a: Weezing|Neutralizing Gas\n|turn|6\n|c| JustADude10|it works\n|inactive|Qapi has 270 seconds left.\n|\n|t:|1697860817\n|move|p2a: Pheromosa|Protect|p2a: Pheromosa\n|-singleturn|p2a: Pheromosa|Protect\n|move|p1a: Weezing|Protect|p1a: Weezing\n|-singleturn|p1a: Weezing|Protect\n|move|p2b: Mew|Psychic|p1a: Weezing\n|-activate|p1a: Weezing|move: Protect\n|move|p1b: Conkeldurr|Knock Off|p2b: Mew\n|-supereffective|p2b: Mew\n|-damage|p2b: Mew|3\/100\n|-enditem|p2b: Mew|Expert Belt|[from] move: Knock Off|[of] p1b: Conkeldurr\n|\n|-damage|p1b: Conkeldurr|94\/100 brn|[from] brn\n|upkeep\n|turn|7\n|\n|t:|1697860844\n|move|p1b: Conkeldurr|Mach Punch|p2b: Mew\n|-resisted|p2b: Mew\n|-damage|p2b: Mew|0 fnt\n|faint|p2b: Mew\n|move|p2a: Pheromosa|Bug Buzz|p1b: Conkeldurr\n|-resisted|p1b: Conkeldurr\n|-damage|p1b: Conkeldurr|66\/100 brn\n|move|p1a: Weezing|Strange Steam|p2a: Pheromosa\n|-supereffective|p2a: Pheromosa\n|-crit|p2a: Pheromosa\n|-enditem|p2a: Pheromosa|Focus Sash\n|-damage|p2a: Pheromosa|1\/100\n|-start|p2a: Pheromosa|confusion\n|\n|-damage|p1b: Conkeldurr|60\/100 brn|[from] brn\n|upkeep\n|\n|t:|1697860852\n|switch|p2b: Scovillain|Scovillain, M|100\/100\n|turn|8\n|\n|t:|1697860880\n|switch|p2a: Leafeon|Leafeon, F|100\/100\n|move|p2b: Scovillain|Overheat|p1a: Weezing\n|-damage|p1a: Weezing|0 fnt\n|-unboost|p2b: Scovillain|spa|2\n|faint|p1a: Weezing\n|-end|p1a: Weezing|ability: Neutralizing Gas\n|-damage|p2b: Scovillain|91\/100|[from] item: Life Orb\n|move|p1b: Conkeldurr|Drain Punch|p2b: Scovillain\n|-damage|p2b: Scovillain|0 fnt\n|-heal|p1b: Conkeldurr|89\/100 brn|[from] drain|[of] p2b: Scovillain\n|faint|p2b: Scovillain\n|\n|-damage|p1b: Conkeldurr|83\/100 brn|[from] brn\n|upkeep\n|\n|t:|1697860896\n|switch|p2b: Pheromosa|Pheromosa|1\/100\n|switch|p1a: Regigigas|Regigigas|100\/100\n|-start|p1a: Regigigas|ability: Slow Start\n|turn|9\n|\n|t:|1697860915\n|move|p2b: Pheromosa|Protect|p2b: Pheromosa\n|-singleturn|p2b: Pheromosa|Protect\n|move|p1a: Regigigas|Protect|p1a: Regigigas\n|-singleturn|p1a: Regigigas|Protect\n|move|p2a: Leafeon|Solar Blade||[still]\n|-prepare|p2a: Leafeon|Solar Blade\n|move|p1b: Conkeldurr|Drain Punch|p2a: Leafeon\n|-damage|p2a: Leafeon|45\/100\n|-heal|p1b: Conkeldurr|100\/100 brn|[from] drain|[of] p2a: Leafeon\n|\n|-damage|p1b: Conkeldurr|94\/100 brn|[from] brn\n|upkeep\n|turn|10\n|\n|t:|1697860930\n|move|p1b: Conkeldurr|Mach Punch|p2b: Pheromosa\n|-resisted|p2b: Pheromosa\n|-damage|p2b: Pheromosa|0 fnt\n|faint|p2b: Pheromosa\n|move|p2a: Leafeon|Solar Blade|p1b: Conkeldurr|[from]lockedmove\n|-damage|p1b: Conkeldurr|23\/100 brn\n|move|p1a: Regigigas|Return|p2a: Leafeon\n|-damage|p2a: Leafeon|12\/100\n|-damage|p1a: Regigigas|91\/100|[from] item: Life Orb\n|\n|-damage|p1b: Conkeldurr|17\/100 brn|[from] brn\n|upkeep\n|turn|11\n|inactive|ToastSlayer has 270 seconds left.\n|c|\u2606ToastSlayer|ALL I HAD TO DO WAS PUT DROUGHT ON THE NINETALES.\n|c|\u2606ToastSlayer|Ugh, I'm a bit pissed off. What a stupid mistake after planning everything. ^^'\n|c|\u2606Qapi|I thought it was strange\n|inactive|ToastSlayer has 240 seconds left.\n|\n|t:|1697860993\n|move|p1a: Regigigas|Protect|p1a: Regigigas\n|-singleturn|p1a: Regigigas|Protect\n|move|p2a: Leafeon|Quick Attack|p1b: Conkeldurr\n|-damage|p1b: Conkeldurr|5\/100 brn\n|move|p1b: Conkeldurr|Mach Punch|p2a: Leafeon\n|-damage|p2a: Leafeon|0 fnt\n|faint|p2a: Leafeon\n|\n|win|Qapi\n|c|\u2606ToastSlayer|Good game!\n","uploadtime":1697861007,"views":15,"p1id":"qapi","p2id":"toastslayer","formatid":"gen9nationaldexdoubles","rating":0,"private":0,"password":""}