{"id":"gen9nationaldexdoubles-1993766977","p1":"0spr3y","p2":"wammer18","format":"[Gen 9] National Dex Doubles","log":"|j|\u26060spr3y\n|j|\u2606wammer18\n|t:|1700354805\n|gametype|doubles\n|player|p1|0spr3y|colress|\n|player|p2|wammer18|266|\n|teamsize|p1|6\n|teamsize|p2|6\n|gen|9\n|tier|[Gen 9] National Dex Doubles\n|rule|HP Percentage Mod: HP is shown in percentages\n|rule|Endless Battle Clause: Forcing endless battles is banned\n|rule|OHKO Clause: OHKO moves are banned\n|rule|Evasion Moves Clause: Evasion moves are banned\n|rule|Evasion Abilities Clause: Evasion abilities are banned\n|rule|Species Clause: Limit one of each Pok\u00e9mon\n|rule|Gravity Sleep Clause: The combination of sleep-inducing moves with imperfect accuracy and Gravity or Gigantamax Orbeetle are banned\n|clearpoke\n|poke|p1|Regieleki|\n|poke|p1|Regidrago|\n|poke|p1|Tornadus, M|\n|poke|p1|Meloetta|\n|poke|p1|Kangaskhan, F|\n|poke|p1|Jirachi|\n|poke|p2|Charizard, F|\n|poke|p2|Chi-Yu|\n|poke|p2|Tornadus, M|\n|poke|p2|Tapu Fini|\n|poke|p2|Kingambit, F|\n|poke|p2|Ogerpon-Wellspring, F|\n|teampreview\n|\n|t:|1700354853\n|start\n|switch|p1a: Tornadus|Tornadus, M|100\/100\n|switch|p1b: Meloetta|Meloetta|100\/100\n|switch|p2a: Chi-Yu|Chi-Yu|100\/100\n|switch|p2b: Tornadus|Tornadus, M|100\/100\n|-ability|p2a: Chi-Yu|Beads of Ruin\n|turn|1\n|\n|t:|1700354869\n|move|p2b: Tornadus|Tailwind|p2b: Tornadus\n|-sidestart|p2: wammer18|move: Tailwind\n|move|p1a: Tornadus|Taunt|p2b: Tornadus\n|-start|p2b: Tornadus|move: Taunt\n|move|p2a: Chi-Yu|Heat Wave|p1a: Tornadus|[spread] p1a,p1b\n|-damage|p1a: Tornadus|39\/100\n|-damage|p1b: Meloetta|40\/100\n|move|p1b: Meloetta|Focus Blast|p2a: Chi-Yu|[miss]\n|-miss|p1b: Meloetta|p2a: Chi-Yu\n|\n|upkeep\n|turn|2\n|\n|t:|1700354890\n|move|p1a: Tornadus|Tailwind|p1a: Tornadus\n|-sidestart|p1: 0spr3y|move: Tailwind\n|move|p2b: Tornadus|Bleakwind Storm|p1a: Tornadus|[spread] p1b\n|-miss|p2b: Tornadus|p1a: Tornadus\n|-damage|p1b: Meloetta|0 fnt\n|faint|p1b: Meloetta\n|move|p2a: Chi-Yu|Heat Wave|p1a: Tornadus\n|-damage|p1a: Tornadus|0 fnt\n|faint|p1a: Tornadus\n|\n|upkeep\n|\n|t:|1700354908\n|switch|p1b: Regidrago|Regidrago|100\/100\n|switch|p1a: Kangaskhan|Kangaskhan, F|100\/100\n|turn|3\n|\n|t:|1700354938\n|switch|p2b: Ogerpon|Ogerpon-Wellspring, F|100\/100\n|switch|p2a: Tapu Fini|Tapu Fini|100\/100\n|-fieldstart|move: Misty Terrain|[from] ability: Misty Surge|[of] p2a: Tapu Fini\n|detailschange|p1a: Kangaskhan|Kangaskhan-Mega, F\n|-mega|p1a: Kangaskhan|Kangaskhan|Kangaskhanite\n|-terastallize|p1b: Regidrago|Dragon\n|move|p1a: Kangaskhan|Fake Out|p2a: Tapu Fini\n|-damage|p2a: Tapu Fini|84\/100\n|-damage|p2a: Tapu Fini|80\/100\n|-hitcount|p2a: Tapu Fini|2\n|move|p1b: Regidrago|Dragon Energy|p2b: Ogerpon|[spread] p2b\n|-immune|p2a: Tapu Fini\n|-damage|p2b: Ogerpon|52\/100\n|\n|upkeep\n|turn|4\n|\n|t:|1700354961\n|switch|p1b: Jirachi|Jirachi|100\/100\n|move|p2b: Ogerpon|Horn Leech|p1a: Kangaskhan\n|-damage|p1a: Kangaskhan|69\/100\n|-heal|p2b: Ogerpon|70\/100|[from] drain|[of] p1a: Kangaskhan\n|move|p1a: Kangaskhan|Seismic Toss|p2a: Tapu Fini\n|-damage|p2a: Tapu Fini|48\/100\n|-damage|p2a: Tapu Fini|15\/100\n|-hitcount|p2a: Tapu Fini|2\n|move|p2a: Tapu Fini|Icy Wind|p1b: Jirachi|[spread] p1a,p1b\n|-resisted|p1b: Jirachi\n|-damage|p1a: Kangaskhan|59\/100\n|-damage|p1b: Jirachi|96\/100\n|-unboost|p1a: Kangaskhan|spe|1\n|-unboost|p1b: Jirachi|spe|1\n|\n|-sideend|p2: wammer18|move: Tailwind\n|upkeep\n|turn|5\n|\n|t:|1700355002\n|move|p2b: Ogerpon|Follow Me|p2b: Ogerpon\n|-singleturn|p2b: Ogerpon|move: Follow Me\n|move|p1b: Jirachi|Iron Head|p2b: Ogerpon\n|-resisted|p2b: Ogerpon\n|-damage|p2b: Ogerpon|55\/100\n|move|p1a: Kangaskhan|Seismic Toss|p2b: Ogerpon\n|-damage|p2b: Ogerpon|27\/100\n|-damage|p2b: Ogerpon|0 fnt\n|faint|p2b: Ogerpon\n|-hitcount|p2: Ogerpon|2\n|move|p2a: Tapu Fini|Muddy Water|p1a: Kangaskhan|[spread] p1a,p1b\n|-damage|p1a: Kangaskhan|34\/100\n|-damage|p1b: Jirachi|75\/100\n|\n|-sideend|p1: 0spr3y|move: Tailwind\n|upkeep\n|\n|t:|1700355019\n|switch|p2b: Charizard|Charizard, F|100\/100\n|turn|6\n|\n|t:|1700355040\n|switch|p2a: Chi-Yu|Chi-Yu|100\/100\n|-ability|p2a: Chi-Yu|Beads of Ruin\n|detailschange|p2b: Charizard|Charizard-Mega-Y, F\n|-mega|p2b: Charizard|Charizard|Charizardite Y\n|-weather|SunnyDay|[from] ability: Drought|[of] p2b: Charizard\n|move|p1b: Jirachi|Follow Me|p1b: Jirachi\n|-singleturn|p1b: Jirachi|move: Follow Me\n|move|p2b: Charizard|Heat Wave|p1a: Kangaskhan|[spread] p1a,p1b\n|-supereffective|p1b: Jirachi\n|-damage|p1a: Kangaskhan|0 fnt\n|-damage|p1b: Jirachi|0 fnt\n|faint|p1a: Kangaskhan\n|faint|p1b: Jirachi\n|\n|-weather|SunnyDay|[upkeep]\n|upkeep\n|\n|t:|1700355052\n|switch|p1b: Regidrago|Regidrago, tera:Dragon|100\/100\n|switch|p1a: Regieleki|Regieleki|100\/100\n|turn|7\n|\n|t:|1700355075\n|move|p1a: Regieleki|Electroweb|p2a: Chi-Yu|[spread] p2a,p2b\n|-supereffective|p2b: Charizard\n|-damage|p2a: Chi-Yu|73\/100\n|-damage|p2b: Charizard|45\/100\n|-unboost|p2a: Chi-Yu|spe|1\n|-unboost|p2b: Charizard|spe|1\n|move|p1b: Regidrago|Dragon Energy|p2b: Charizard|[spread] p2a,p2b\n|-damage|p2a: Chi-Yu|15\/100\n|-damage|p2b: Charizard|0 fnt\n|faint|p2b: Charizard\n|move|p2a: Chi-Yu|Dark Pulse|p1b: Regidrago\n|-damage|p1b: Regidrago|9\/100\n|\n|-weather|SunnyDay|[upkeep]\n|-fieldend|Misty Terrain\n|upkeep\n|\n|t:|1700355091\n|switch|p2b: Tornadus|Tornadus, M|100\/100\n|turn|8\n|\n|t:|1700355113\n|move|p2b: Tornadus|Tailwind|p2b: Tornadus\n|-sidestart|p2: wammer18|move: Tailwind\n|move|p1a: Regieleki|Electroweb|p2b: Tornadus|[spread] p2a,p2b\n|-supereffective|p2b: Tornadus\n|-damage|p2a: Chi-Yu|0 fnt\n|-damage|p2b: Tornadus|12\/100\n|-unboost|p2b: Tornadus|spe|1\n|faint|p2a: Chi-Yu\n|move|p1b: Regidrago|Dragon Energy|p2b: Tornadus\n|-damage|p2b: Tornadus|0 fnt\n|faint|p2b: Tornadus\n|\n|-weather|SunnyDay|[upkeep]\n|upkeep\n|\n|t:|1700355127\n|switch|p2b: Kingambit|Kingambit, F|100\/100\n|switch|p2a: Tapu Fini|Tapu Fini|15\/100\n|-fieldstart|move: Misty Terrain|[from] ability: Misty Surge|[of] p2a: Tapu Fini\n|turn|9\n|\n|t:|1700355142\n|-terastallize|p2b: Kingambit|Dark\n|move|p2b: Kingambit|Sucker Punch|p1a: Regieleki\n|-enditem|p1a: Regieleki|Focus Sash\n|-damage|p1a: Regieleki|1\/100\n|move|p1a: Regieleki|Electroweb|p2a: Tapu Fini|[spread] p2a,p2b\n|-supereffective|p2a: Tapu Fini\n|-damage|p2a: Tapu Fini|0 fnt\n|-damage|p2b: Kingambit|80\/100\n|-unboost|p2b: Kingambit|spe|1\n|-ability|p2b: Kingambit|Defiant|boost\n|-boost|p2b: Kingambit|atk|2\n|faint|p2a: Tapu Fini\n|move|p1b: Regidrago|Dragon Energy|p2b: Kingambit\n|-damage|p2b: Kingambit|74\/100\n|\n|-weather|SunnyDay|[upkeep]\n|upkeep\n|turn|10\n|\n|t:|1700355158\n|move|p2b: Kingambit|Sucker Punch|p1a: Regieleki\n|-damage|p1a: Regieleki|0 fnt\n|faint|p1a: Regieleki\n|move|p1b: Regidrago|Dragon Energy|p2b: Kingambit\n|-damage|p2b: Kingambit|69\/100\n|\n|-weather|none\n|upkeep\n|turn|11\n|c|\u26060spr3y|ggs\n|\n|t:|1700355170\n|move|p1b: Regidrago|Dragon Energy|p2b: Kingambit\n|-damage|p2b: Kingambit|64\/100\n|move|p2b: Kingambit|Kowtow Cleave|p1b: Regidrago\n|-damage|p1b: Regidrago|0 fnt\n|faint|p1b: Regidrago\n|\n|win|wammer18\n","uploadtime":1700355174,"views":17,"p1id":"0spr3y","p2id":"wammer18","formatid":"gen9nationaldexdoubles","rating":0,"private":0,"password":""}