{"id":"gen9nationaldexdoubles-1951620060","p1":"Ancientguirus","p2":"S1r.sweepsaLot","format":"[Gen 9] National Dex Doubles","log":"|j|\u2606Ancientguirus\n|j|\u2606S1r.sweepsaLot\n|t:|1695599913\n|gametype|doubles\n|player|p1|Ancientguirus|raihan|1178\n|player|p2|S1r.sweepsaLot|guzma|1567\n|teamsize|p1|6\n|teamsize|p2|6\n|gen|9\n|tier|[Gen 9] National Dex Doubles\n|rated|\n|rule|HP Percentage Mod: HP is shown in percentages\n|rule|Endless Battle Clause: Forcing endless battles is banned\n|rule|OHKO Clause: OHKO moves are banned\n|rule|Evasion Moves Clause: Evasion moves are banned\n|rule|Evasion Abilities Clause: Evasion abilities are banned\n|rule|Species Clause: Limit one of each Pok\u00e9mon\n|rule|Gravity Sleep Clause: The combination of sleep-inducing moves with imperfect accuracy and Gravity or Gigantamax Orbeetle are banned\n|clearpoke\n|poke|p1|Zeraora|\n|poke|p1|Mudsdale, M|\n|poke|p1|Arcanine-Hisui, M|\n|poke|p1|Serperior, M|\n|poke|p1|Marshadow|\n|poke|p1|Grimmsnarl, M|\n|poke|p2|Tyranitar, M|\n|poke|p2|Excadrill, M|\n|poke|p2|Togekiss, M|\n|poke|p2|Kommo-o, M|\n|poke|p2|Gholdengo|\n|poke|p2|Incineroar, M|\n|teampreview\n|c|\u2606S1r.sweepsaLot|glhf\n|c|\u2606Ancientguirus|you too\n|\n|t:|1695599932\n|start\n|switch|p1a: Serperior|Serperior, M|100\/100\n|switch|p1b: Marshadow|Marshadow|100\/100\n|switch|p2a: Godzilla|Tyranitar, M|100\/100\n|switch|p2b: Home Depot|Excadrill, M|100\/100\n|-weather|Sandstorm|[from] ability: Sand Stream|[of] p2a: Godzilla\n|turn|1\n|j| Mirrza\n|j| kitty teve\n|\n|t:|1695599958\n|switch|p2a: Look at Me|Togekiss, M|100\/100\n|move|p2b: Home Depot|Protect|p2b: Home Depot\n|-singleturn|p2b: Home Depot|Protect\n|move|p1b: Marshadow|Drain Punch|p2a: Look at Me\n|-resisted|p2a: Look at Me\n|-damage|p2a: Look at Me|94\/100\n|move|p1a: Serperior|Leaf Storm|p2a: Look at Me\n|-resisted|p2a: Look at Me\n|-damage|p2a: Look at Me|78\/100\n|-boost|p1a: Serperior|spa|2\n|\n|-weather|Sandstorm|[upkeep]\n|-damage|p1b: Marshadow|94\/100|[from] Sandstorm\n|-damage|p1a: Serperior|94\/100|[from] Sandstorm\n|upkeep\n|turn|2\n|\n|t:|1695599977\n|-terastallize|p2b: Home Depot|Ground\n|move|p2a: Look at Me|Follow Me|p2a: Look at Me\n|-singleturn|p2a: Look at Me|move: Follow Me\n|move|p2b: Home Depot|Earthquake|p1a: Serperior|[spread] p1a,p1b\n|-immune|p2a: Look at Me\n|-resisted|p1a: Serperior\n|-damage|p1a: Serperior|48\/100\n|-damage|p1b: Marshadow|0 fnt\n|faint|p1b: Marshadow\n|-damage|p2b: Home Depot|91\/100|[from] item: Life Orb\n|move|p1a: Serperior|Leaf Storm|p2a: Look at Me\n|-resisted|p2a: Look at Me\n|-damage|p2a: Look at Me|42\/100\n|-boost|p1a: Serperior|spa|2\n|\n|-weather|Sandstorm|[upkeep]\n|-damage|p1a: Serperior|42\/100|[from] Sandstorm\n|upkeep\n|c| Mirrza|sir, i hate your team. sincerely, Mirza\n|c|\u2606S1r.sweepsaLot|you too pookie bear\n|\n|t:|1695600000\n|switch|p1b: Zeraora|Zeraora, shiny|100\/100\n|turn|3\n|\n|t:|1695600010\n|move|p2a: Look at Me|Helping Hand|p2b: Home Depot\n|-singleturn|p2b: Home Depot|Helping Hand|[of] p2a: Look at Me\n|move|p2b: Home Depot|Earthquake|p1b: Zeraora|[spread] p1a,p1b\n|-immune|p2a: Look at Me\n|-resisted|p1a: Serperior\n|-supereffective|p1b: Zeraora\n|-damage|p1a: Serperior|0 fnt\n|-damage|p1b: Zeraora|0 fnt\n|faint|p1a: Serperior\n|faint|p1b: Zeraora\n|-damage|p2b: Home Depot|81\/100|[from] item: Life Orb\n|\n|-weather|Sandstorm|[upkeep]\n|upkeep\n|c|\u2606Ancientguirus|i\n|\n|t:|1695600023\n|switch|p1b: Grimmsnarl|Grimmsnarl, M|100\/100\n|switch|p1a: Mudsdale|Mudsdale, M|100\/100\n|turn|4\n|\n|t:|1695600037\n|move|p1b: Grimmsnarl|Sucker Punch|p2b: Home Depot\n|-damage|p2b: Home Depot|27\/100\n|move|p2b: Home Depot|High Horsepower|p1b: Grimmsnarl\n|-damage|p1b: Grimmsnarl|0 fnt\n|faint|p1b: Grimmsnarl\n|-damage|p2b: Home Depot|17\/100|[from] item: Life Orb\n|move|p2a: Look at Me|Yawn|p1a: Mudsdale\n|-start|p1a: Mudsdale|move: Yawn|[of] p2a: Look at Me\n|move|p1a: Mudsdale|Heavy Slam|p2a: Look at Me\n|-supereffective|p2a: Look at Me\n|-damage|p2a: Look at Me|0 fnt\n|faint|p2a: Look at Me\n|\n|-weather|Sandstorm|[upkeep]\n|upkeep\n|\n|t:|1695600051\n|switch|p2a: Nala|Incineroar, M|100\/100\n|switch|p1b: Arcanine|Arcanine-Hisui, M|100\/100\n|-ability|p2a: Nala|Intimidate|boost\n|-unboost|p1a: Mudsdale|atk|1\n|-unboost|p1b: Arcanine|atk|1\n|turn|5\n|\n|t:|1695600062\n|move|p2a: Nala|Fake Out|p1b: Arcanine\n|-resisted|p1b: Arcanine\n|-damage|p1b: Arcanine|94\/100\n|cant|p1b: Arcanine|flinch\n|move|p2b: Home Depot|High Horsepower|p1b: Arcanine\n|-supereffective|p1b: Arcanine\n|-damage|p1b: Arcanine|0 fnt\n|faint|p1b: Arcanine\n|-damage|p2b: Home Depot|7\/100|[from] item: Life Orb\n|move|p1a: Mudsdale|High Horsepower|p2a: Nala\n|-supereffective|p2a: Nala\n|-damage|p2a: Nala|24\/100\n|-enditem|p2a: Nala|Figy Berry|[eat]\n|-heal|p2a: Nala|57\/100|[from] item: Figy Berry\n|\n|-weather|none\n|-end|p1a: Mudsdale|move: Yawn|[silent]\n|-status|p1a: Mudsdale|slp\n|upkeep\n|turn|6\n|\n|t:|1695600081\n|move|p2b: Home Depot|High Horsepower|p1a: Mudsdale\n|-damage|p1a: Mudsdale|19\/100 slp\n|-ability|p1a: Mudsdale|Stamina|boost\n|-boost|p1a: Mudsdale|def|1\n|-damage|p2b: Home Depot|0 fnt|[from] item: Life Orb\n|faint|p2b: Home Depot\n|move|p2a: Nala|Parting Shot|p1a: Mudsdale\n|-unboost|p1a: Mudsdale|atk|1\n|-unboost|p1a: Mudsdale|spa|1\n|\n|t:|1695600088\n|switch|p2a: Concert Speaker|Kommo-o, M|100\/100|[from] Parting Shot\n|cant|p1a: Mudsdale|slp\n|\n|upkeep\n|\n|t:|1695600091\n|switch|p2b: Nala|Incineroar, M|57\/100\n|-ability|p2b: Nala|Intimidate|boost\n|-unboost|p1a: Mudsdale|atk|1\n|turn|7\n|\n|t:|1695600097\n|move|p2b: Nala|Fake Out|p1a: Mudsdale\n|-damage|p1a: Mudsdale|13\/100 slp\n|-ability|p1a: Mudsdale|Stamina|boost\n|-boost|p1a: Mudsdale|def|1\n|move|p2a: Concert Speaker|Flamethrower|p1a: Mudsdale\n|-crit|p1a: Mudsdale\n|-damage|p1a: Mudsdale|0 fnt\n|faint|p1a: Mudsdale\n|\n|win|S1r.sweepsaLot\n|raw|Ancientguirus's rating: 1178 &rarr; <strong>1173<\/strong><br \/>(-5 for losing)\n|raw|S1r.sweepsaLot's rating: 1567 &rarr; <strong>1571<\/strong><br \/>(+4 for winning)\n|c|\u2606S1r.sweepsaLot|gg\n|c|\u2606Ancientguirus|gg\n|c|\u2606S1r.sweepsaLot|hey\n|c| Mirrza|your team is seriously annoyingggg lol @sir\n|c|\u2606S1r.sweepsaLot|how did you get your avatar\/\n|c|\u2606S1r.sweepsaLot|?\n|c|\u2606Ancientguirus|huh\n|l| kitty teve\n|c|\u2606S1r.sweepsaLot|@Mirrza 1 haze > your whole team\n|c| Mirrza|lmao tru\n|c|\u2606Ancientguirus|yk the avatar command right\n|c|\u2606S1r.sweepsaLot|yeah thats how i got guzma\n|c|\u2606S1r.sweepsaLot|how do you find yours\n|c|\u2606Ancientguirus|just use the command and type the character's name\n|c|\u2606Ancientguirus|professor turo\/sada\n|c|\u2606Ancientguirus|milo\n|c|\u2606Ancientguirus|adaman\n|c|\u2606Ancientguirus|irida\n|c|\u2606Ancientguirus|iono\n|c|\u2606S1r.sweepsaLot|nice thanks\n|l| Mirrza\n|c|\u2606Ancientguirus|np\n","uploadtime":1695600269,"views":11,"p1id":"ancientguirus","p2id":"s1rsweepsalot","formatid":"gen9nationaldexdoubles","rating":1173,"private":0,"password":""}