{"id":"gen9nationaldexdoubles-1993738018","p1":"Sorry noob gg","p2":"Solarbutnotbeaming","format":"[Gen 9] National Dex Doubles","log":"|j|\u2606Sorry noob gg\n|j|\u2606Solarbutnotbeaming\n|t:|1700351351\n|gametype|doubles\n|player|p1|Sorry noob gg|bugcatcher-gen4dp|1000\n|player|p2|Solarbutnotbeaming|rocketgrunt|1028\n|teamsize|p1|6\n|teamsize|p2|6\n|gen|9\n|tier|[Gen 9] National Dex Doubles\n|rated|\n|rule|HP Percentage Mod: HP is shown in percentages\n|rule|Endless Battle Clause: Forcing endless battles is banned\n|rule|OHKO Clause: OHKO moves are banned\n|rule|Evasion Moves Clause: Evasion moves are banned\n|rule|Evasion Abilities Clause: Evasion abilities are banned\n|rule|Species Clause: Limit one of each Pok\u00e9mon\n|rule|Gravity Sleep Clause: The combination of sleep-inducing moves with imperfect accuracy and Gravity or Gigantamax Orbeetle are banned\n|clearpoke\n|poke|p1|Zygarde|\n|poke|p1|Blastoise, M|\n|poke|p1|Clefable, F|\n|poke|p1|Banette, M|\n|poke|p1|Venomoth, M|\n|poke|p1|Mr. Mime, F|\n|poke|p2|Venusaur, F|\n|poke|p2|Slowbro, M|\n|poke|p2|Dragonite, M|\n|poke|p2|Graveler, F|\n|poke|p2|Magneton|\n|poke|p2|Wigglytuff, M|\n|teampreview\n|\n|t:|1700351361\n|start\n|switch|p1a: Zygarde|Zygarde|100\/100\n|switch|p1b: Blastoise|Blastoise, M|100\/100\n|switch|p2a: Wigglytuff|Wigglytuff, M, shiny|100\/100\n|switch|p2b: Slowbro|Slowbro, M|100\/100\n|-ability|p1a: Zygarde|Aura Break\n|turn|1\n|inactive|Battle timer is ON: inactive players will automatically lose when time's up. (requested by Sorry noob gg)\n|\n|t:|1700351381\n|move|p1b: Blastoise|Follow Me|p1b: Blastoise\n|-singleturn|p1b: Blastoise|move: Follow Me\n|move|p1a: Zygarde|Dragon Dance|p1a: Zygarde\n|-boost|p1a: Zygarde|atk|1\n|-boost|p1a: Zygarde|spe|1\n|move|p2a: Wigglytuff|Taunt|p1b: Blastoise\n|-start|p1b: Blastoise|move: Taunt\n|move|p2b: Slowbro|Sunny Day|p2b: Slowbro\n|-weather|SunnyDay\n|\n|-weather|SunnyDay|[upkeep]\n|upkeep\n|turn|2\n|inactive|Sorry noob gg has 120 seconds left.\n|inactive|Sorry noob gg has 90 seconds left.\n|inactive|Sorry noob gg has 60 seconds left.\n|c|\u2606Solarbutnotbeaming|Its just pokemon. please pick a move\n|inactive|Sorry noob gg has 30 seconds left.\n|inactive|Sorry noob gg has 20 seconds left.\n|inactive|Sorry noob gg has 15 seconds left.\n|inactive|Sorry noob gg has 10 seconds left.\n|inactive|Sorry noob gg has 5 seconds left.\n|\n|t:|1700351530\n|switch|p2b: Venusaur|Venusaur, F|100\/100\n|move|p1a: Zygarde|Dragon Dance|p1a: Zygarde\n|-boost|p1a: Zygarde|atk|1\n|-boost|p1a: Zygarde|spe|1\n|move|p1b: Blastoise|Scald|p2a: Wigglytuff\n|-damage|p2a: Wigglytuff|89\/100\n|move|p2a: Wigglytuff|Hyper Voice|p1b: Blastoise|[spread] p1a,p1b\n|-damage|p1a: Zygarde|77\/100\n|-damage|p1b: Blastoise|81\/100\n|-enditem|p2a: Wigglytuff|Throat Spray\n|-boost|p2a: Wigglytuff|spa|1|[from] item: Throat Spray\n|\n|-weather|SunnyDay|[upkeep]\n|upkeep\n|turn|3\n|inactive|Sorry noob gg has 30 seconds left this turn.\n|inactive|Sorry noob gg has 20 seconds left.\n|c|\u2606Solarbutnotbeaming|why you gotta play like an ass?\n|inactive|Sorry noob gg has 15 seconds left.\n|inactive|Sorry noob gg has 10 seconds left.\n|\n|t:|1700351551\n|switch|p1b: Clefable|Clefable, F|100\/100\n|move|p1a: Zygarde|Protect|p1a: Zygarde\n|-singleturn|p1a: Zygarde|Protect\n|move|p2b: Venusaur|Solar Beam||[still]\n|-prepare|p2b: Venusaur|Solar Beam\n|-anim|p2b: Venusaur|Solar Beam|p1a: Zygarde\n|-activate|p1a: Zygarde|move: Protect\n|move|p2a: Wigglytuff|Dazzling Gleam|p1b: Clefable|[spread] p1b\n|-activate|p1a: Zygarde|move: Protect\n|-damage|p1b: Clefable|74\/100\n|\n|-weather|SunnyDay|[upkeep]\n|upkeep\n|turn|4\n|\n|t:|1700351571\n|move|p1b: Clefable|Follow Me|p1b: Clefable\n|-singleturn|p1b: Clefable|move: Follow Me\n|move|p1a: Zygarde|Dragon Dance|p1a: Zygarde\n|-boost|p1a: Zygarde|atk|1\n|-boost|p1a: Zygarde|spe|1\n|move|p2b: Venusaur|Solar Beam||[still]\n|-prepare|p2b: Venusaur|Solar Beam\n|-anim|p2b: Venusaur|Solar Beam|p1b: Clefable\n|-damage|p1b: Clefable|24\/100\n|move|p2a: Wigglytuff|Hyper Voice|p1b: Clefable|[spread] p1a,p1b\n|-damage|p1a: Zygarde|46\/100\n|-damage|p1b: Clefable|0 fnt\n|faint|p1b: Clefable\n|\n|-weather|SunnyDay|[upkeep]\n|upkeep\n|inactive|Sorry noob gg has 30 seconds left.\n|inactive|Sorry noob gg has 20 seconds left.\n|\n|t:|1700351594\n|switch|p1b: Mr. Mime|Mr. Mime, F|100\/100\n|turn|5\n|\n|t:|1700351606\n|-terastallize|p1a: Zygarde|Steel\n|move|p1b: Mr. Mime|Follow Me|p1b: Mr. Mime\n|-singleturn|p1b: Mr. Mime|move: Follow Me\n|move|p1a: Zygarde|Dragon Dance|p1a: Zygarde\n|-boost|p1a: Zygarde|atk|1\n|-boost|p1a: Zygarde|spe|1\n|move|p2b: Venusaur|Solar Beam||[still]\n|-prepare|p2b: Venusaur|Solar Beam\n|-anim|p2b: Venusaur|Solar Beam|p1b: Mr. Mime\n|-damage|p1b: Mr. Mime|39\/100\n|move|p2a: Wigglytuff|Hyper Voice|p1b: Mr. Mime|[spread] p1a\n|-immune|p1b: Mr. Mime|[from] ability: Soundproof\n|-resisted|p1a: Zygarde\n|-damage|p1a: Zygarde|29\/100\n|\n|-weather|none\n|upkeep\n|turn|6\n|inactive|Sorry noob gg has 30 seconds left.\n|\n|t:|1700351640\n|move|p1b: Mr. Mime|Wide Guard|p1b: Mr. Mime\n|-singleturn|p1b: Mr. Mime|Wide Guard\n|move|p1a: Zygarde|Thousand Arrows|p2a: Wigglytuff|[spread] p2a,p2b\n|-damage|p2a: Wigglytuff|0 fnt\n|-damage|p2b: Venusaur|0 fnt\n|faint|p2a: Wigglytuff\n|faint|p2b: Venusaur\n|\n|upkeep\n|\n|t:|1700351654\n|switch|p2b: Slowbro|Slowbro, M|100\/100\n|switch|p2a: Dragonite|Dragonite, M|100\/100\n|turn|7\n|inactive|Solarbutnotbeaming has 120 seconds left.\n|\n|t:|1700351686\n|-terastallize|p2a: Dragonite|Normal\n|move|p1b: Mr. Mime|Follow Me|p1b: Mr. Mime\n|-singleturn|p1b: Mr. Mime|move: Follow Me\n|move|p2a: Dragonite|Extreme Speed|p1b: Mr. Mime\n|-damage|p1b: Mr. Mime|0 fnt\n|faint|p1b: Mr. Mime\n|move|p1a: Zygarde|Thousand Arrows|p2b: Slowbro|[spread] p2a,p2b\n|-damage|p2a: Dragonite|54\/100\n|-damage|p2b: Slowbro|21\/100\n|move|p2b: Slowbro|Blizzard|p1a: Zygarde\n|-resisted|p1a: Zygarde\n|-damage|p1a: Zygarde|16\/100\n|-status|p1a: Zygarde|frz\n|\n|upkeep\n|c|\u2606Solarbutnotbeaming|L\n|inactive|Sorry noob gg has 30 seconds left.\n|inactive|Sorry noob gg has 20 seconds left.\n|\n|t:|1700351731\n|switch|p1b: Blastoise|Blastoise, M|81\/100\n|turn|8\n|\n|t:|1700351739\n|move|p1b: Blastoise|Follow Me|p1b: Blastoise\n|-singleturn|p1b: Blastoise|move: Follow Me\n|cant|p1a: Zygarde|frz\n|move|p2a: Dragonite|Tailwind|p2a: Dragonite\n|-sidestart|p2: Solarbutnotbeaming|move: Tailwind\n|move|p2b: Slowbro|Psychic|p1b: Blastoise\n|-damage|p1b: Blastoise|48\/100\n|\n|upkeep\n|turn|9\n|inactive|Sorry noob gg has 60 seconds left.\n|\n|t:|1700351753\n|move|p1b: Blastoise|Follow Me|p1b: Blastoise\n|-singleturn|p1b: Blastoise|move: Follow Me\n|cant|p1a: Zygarde|frz\n|move|p2a: Dragonite|Breaking Swipe|p1b: Blastoise|[spread] p1a,p1b\n|-resisted|p1a: Zygarde\n|-damage|p1a: Zygarde|7\/100 frz\n|-damage|p1b: Blastoise|30\/100\n|-unboost|p1a: Zygarde|atk|1\n|-unboost|p1b: Blastoise|atk|1\n|move|p2b: Slowbro|Psychic|p1b: Blastoise\n|-damage|p1b: Blastoise|0 fnt\n|faint|p1b: Blastoise\n|\n|upkeep\n|\n|t:|1700351778\n|switch|p1b: Banette|Banette, M|100\/100\n|turn|10\n|inactive|Sorry noob gg has 60 seconds left.\n|\n|t:|1700351786\n|detailschange|p1b: Banette|Banette-Mega, M\n|-mega|p1b: Banette|Banette|Banettite\n|move|p1b: Banette|Disable|p2a: Dragonite\n|-start|p2a: Dragonite|Disable|Breaking Swipe\n|cant|p1a: Zygarde|frz\n|cant|p2a: Dragonite|Disable|Breaking Swipe\n|move|p2b: Slowbro|Blizzard|p1a: Zygarde|[spread] p1a,p1b\n|-resisted|p1a: Zygarde\n|-damage|p1a: Zygarde|0 fnt\n|-damage|p1b: Banette|65\/100\n|faint|p1a: Zygarde\n|\n|upkeep\n|inactive|Sorry noob gg has 60 seconds left.\n|\n|t:|1700351797\n|switch|p1a: Venomoth|Venomoth, M|100\/100\n|turn|11\n|\n|t:|1700351814\n|move|p2a: Dragonite|Dual Wingbeat|p1a: Venomoth\n|-supereffective|p1a: Venomoth\n|-damage|p1a: Venomoth|34\/100\n|-supereffective|p1a: Venomoth\n|-damage|p1a: Venomoth|0 fnt\n|faint|p1a: Venomoth\n|-hitcount|p1: Venomoth|2\n|move|p1b: Banette|Shadow Claw|p2b: Slowbro\n|-supereffective|p2b: Slowbro\n|-damage|p2b: Slowbro|0 fnt\n|faint|p2b: Slowbro\n|\n|-sideend|p2: Solarbutnotbeaming|move: Tailwind\n|upkeep\n|l|\u2606Sorry noob gg\n|inactive|Sorry noob gg disconnected and has a minute to reconnect!\n|player|p1|\n|\n|t:|1700351828\n|switch|p2b: Magneton|Magneton|100\/100\n|turn|12\n|n|!Solarbutnotbeaming|solarbutnotbeaming\n|inactive|Sorry noob gg has 30 seconds to reconnect!\n|inactive|Sorry noob gg has 20 seconds to reconnect!\n|inactive|Sorry noob gg has 15 seconds to reconnect!\n|inactive|Sorry noob gg has 10 seconds to reconnect!\n|inactive|Sorry noob gg has 5 seconds to reconnect!\n|-message|Sorry noob gg lost due to inactivity.\n|\n|win|Solarbutnotbeaming\n|raw|Sorry noob gg's rating: 1058 &rarr; <strong>1038<\/strong><br \/>(-20 for losing)\n|raw|Solarbutnotbeaming's rating: 1028 &rarr; <strong>1067<\/strong><br \/>(+39 for winning)\n","uploadtime":1700351836,"views":4,"p1id":"sorrynoobgg","p2id":"solarbutnotbeaming","formatid":"gen9nationaldexdoubles","rating":1038,"private":0,"password":""}