{"id":"gen9nationaldexdoubles-1950044935","p1":"S1r.sweepsaLot","p2":"Mmiirrzzaa","format":"[Gen 9] National Dex Doubles","log":"|j|\u2606S1r.sweepsaLot\n|j|\u2606Mmiirrzzaa\n|t:|1695420324\n|gametype|doubles\n|player|p1|S1r.sweepsaLot|guzma|1538\n|player|p2|Mmiirrzzaa|102|1582\n|teamsize|p1|6\n|teamsize|p2|6\n|gen|9\n|tier|[Gen 9] National Dex Doubles\n|rated|\n|rule|HP Percentage Mod: HP is shown in percentages\n|rule|Endless Battle Clause: Forcing endless battles is banned\n|rule|OHKO Clause: OHKO moves are banned\n|rule|Evasion Moves Clause: Evasion moves are banned\n|rule|Evasion Abilities Clause: Evasion abilities are banned\n|rule|Species Clause: Limit one of each Pok\u00e9mon\n|rule|Gravity Sleep Clause: The combination of sleep-inducing moves with imperfect accuracy and Gravity or Gigantamax Orbeetle are banned\n|clearpoke\n|poke|p1|Tyranitar, M|\n|poke|p1|Excadrill, M|\n|poke|p1|Togekiss, M|\n|poke|p1|Kommo-o, F|\n|poke|p1|Gholdengo|\n|poke|p1|Incineroar, M|\n|poke|p2|Volcarona, F|\n|poke|p2|Smeargle, F|\n|poke|p2|Tapu Lele|\n|poke|p2|Tapu Fini|\n|poke|p2|Suicune|\n|poke|p2|Chien-Pao|\n|teampreview\n|inactive|Battle timer is ON: inactive players will automatically lose when time's up. (requested by Mmiirrzzaa)\n|c|\u2606S1r.sweepsaLot|well hi\n|c|\u2606Mmiirrzzaa|hi\n|c|\u2606Mmiirrzzaa|omg\n|c|\u2606Mmiirrzzaa|its you\n|c|\u2606Mmiirrzzaa|oh no\n|\n|t:|1695420342\n|start\n|switch|p1a: Nala|Incineroar, M|100\/100\n|switch|p1b: Please Flinch|Togekiss, M|100\/100\n|switch|p2a: Miami Terror|Volcarona, F|100\/100\n|switch|p2b: Bobby Lee|Smeargle, F|100\/100\n|-ability|p1a: Nala|Intimidate|boost\n|-unboost|p2a: Miami Terror|atk|1\n|-unboost|p2b: Bobby Lee|atk|1\n|turn|1\n|\n|t:|1695420356\n|-terastallize|p2b: Bobby Lee|Ghost\n|move|p1a: Nala|Fake Out|p2b: Bobby Lee\n|-immune|p2b: Bobby Lee\n|move|p2b: Bobby Lee|Spore|p1b: Please Flinch\n|-activate|p1b: Please Flinch|item: Safety Goggles|Spore\n|move|p2a: Miami Terror|Quiver Dance|p2a: Miami Terror\n|-boost|p2a: Miami Terror|spa|1\n|-boost|p2a: Miami Terror|spd|1\n|-boost|p2a: Miami Terror|spe|1\n|move|p1b: Please Flinch|Tailwind|p1b: Please Flinch\n|-sidestart|p1: S1r.sweepsaLot|move: Tailwind\n|\n|-ability|p2b: Bobby Lee|Moody|boost\n|-boost|p2b: Bobby Lee|spd|2\n|-unboost|p2b: Bobby Lee|spe|1\n|upkeep\n|turn|2\n|inactive|S1r.sweepsaLot has 120 seconds left.\n|\n|t:|1695420388\n|switch|p1b: Godzilla|Tyranitar, M|100\/100\n|-weather|Sandstorm|[from] ability: Sand Stream|[of] p1b: Godzilla\n|move|p2b: Bobby Lee|King's Shield|p2b: Bobby Lee\n|-singleturn|p2b: Bobby Lee|Protect\n|move|p2a: Miami Terror|Quiver Dance|p2a: Miami Terror\n|-boost|p2a: Miami Terror|spa|1\n|-boost|p2a: Miami Terror|spd|1\n|-boost|p2a: Miami Terror|spe|1\n|move|p1a: Nala|Parting Shot|p2a: Miami Terror\n|-unboost|p2a: Miami Terror|atk|1\n|-unboost|p2a: Miami Terror|spa|1\n|\n|t:|1695420391\n|switch|p1a: Home Depot|Excadrill, M|100\/100|[from] Parting Shot\n|\n|-weather|Sandstorm|[upkeep]\n|-damage|p2a: Miami Terror|94\/100|[from] Sandstorm\n|-damage|p2b: Bobby Lee|94\/100|[from] Sandstorm\n|-heal|p2a: Miami Terror|100\/100|[from] item: Leftovers\n|-ability|p2b: Bobby Lee|Moody|boost\n|-boost|p2b: Bobby Lee|def|2\n|-unboost|p2b: Bobby Lee|spa|1\n|upkeep\n|turn|3\n|c|\u2606S1r.sweepsaLot|you got wide gurad\n|c|\u2606S1r.sweepsaLot|be honest\n|c|\u2606Mmiirrzzaa|yes\n|\n|t:|1695420417\n|move|p2b: Bobby Lee|Wide Guard|p2b: Bobby Lee\n|-singleturn|p2b: Bobby Lee|Wide Guard\n|move|p1a: Home Depot|Rock Slide|p2b: Bobby Lee|[spread] \n|-activate|p2a: Miami Terror|move: Wide Guard\n|-activate|p2b: Bobby Lee|move: Wide Guard\n|move|p2a: Miami Terror|Quiver Dance|p2a: Miami Terror\n|-boost|p2a: Miami Terror|spa|1\n|-boost|p2a: Miami Terror|spd|1\n|-boost|p2a: Miami Terror|spe|1\n|-zpower|p1b: Godzilla\n|move|p1b: Godzilla|Continental Crush|p2a: Miami Terror|[zeffect]\n|-supereffective|p2a: Miami Terror\n|-damage|p2a: Miami Terror|0 fnt\n|faint|p2a: Miami Terror\n|\n|-weather|Sandstorm|[upkeep]\n|-damage|p2b: Bobby Lee|88\/100|[from] Sandstorm\n|-ability|p2b: Bobby Lee|Moody|boost\n|-boost|p2b: Bobby Lee|def|2\n|-unboost|p2b: Bobby Lee|spe|1\n|upkeep\n|inactive|Mmiirrzzaa has 120 seconds left.\n|c|\u2606Mmiirrzzaa|oh right nat dex has z moves\n|\n|t:|1695420439\n|switch|p2a: Lana|Tapu Fini|100\/100\n|-fieldstart|move: Misty Terrain|[from] ability: Misty Surge|[of] p2a: Lana\n|turn|4\n|c|\u2606S1r.sweepsaLot|yep just for you bro\n|\n|t:|1695420454\n|switch|p2b: Azura|Suicune|100\/100\n|move|p1a: Home Depot|Protect|p1a: Home Depot\n|-singleturn|p1a: Home Depot|Protect\n|move|p1b: Godzilla|Knock Off|p2b: Azura\n|-damage|p2b: Azura|61\/100\n|-enditem|p2b: Azura|Aguav Berry|[from] move: Knock Off|[of] p1b: Godzilla\n|move|p2a: Lana|Muddy Water|p1a: Home Depot|[spread] p1b\n|-activate|p1a: Home Depot|move: Protect\n|-supereffective|p1b: Godzilla\n|-damage|p1b: Godzilla|74\/100\n|\n|-weather|Sandstorm|[upkeep]\n|-damage|p2b: Azura|55\/100|[from] Sandstorm\n|-damage|p2a: Lana|94\/100|[from] Sandstorm\n|-sideend|p1: S1r.sweepsaLot|move: Tailwind\n|upkeep\n|turn|5\n|c|\u2606Mmiirrzzaa|i think its gg already nothing i can do lol\n|\n|t:|1695420471\n|switch|p1b: Please Flinch|Togekiss, M|100\/100\n|-terastallize|p1a: Home Depot|Ground\n|move|p1a: Home Depot|Earthquake|p2b: Azura|[spread] p2a,p2b\n|-immune|p1b: Please Flinch\n|-damage|p2a: Lana|41\/100\n|-damage|p2b: Azura|0 fnt\n|faint|p2b: Azura\n|-damage|p1a: Home Depot|91\/100|[from] item: Life Orb\n|move|p2a: Lana|Muddy Water|p1a: Home Depot|[spread] p1a,p1b\n|-supereffective|p1a: Home Depot\n|-damage|p1a: Home Depot|30\/100\n|-damage|p1b: Please Flinch|81\/100\n|\n|-weather|Sandstorm|[upkeep]\n|-damage|p2a: Lana|35\/100|[from] Sandstorm\n|upkeep\n|\n|t:|1695420485\n|switch|p2b: Mi-Aow|Chien-Pao|100\/100\n|-ability|p2b: Mi-Aow|Sword of Ruin\n|turn|6\n|\n|t:|1695420493\n|move|p1b: Please Flinch|Follow Me|p1b: Please Flinch\n|-singleturn|p1b: Please Flinch|move: Follow Me\n|move|p1a: Home Depot|Earthquake|p2a: Lana|[spread] p2a,p2b\n|-immune|p1b: Please Flinch\n|-damage|p2a: Lana|0 fnt\n|-enditem|p2b: Mi-Aow|Focus Sash\n|-damage|p2b: Mi-Aow|1\/100\n|faint|p2a: Lana\n|-damage|p1a: Home Depot|20\/100|[from] item: Life Orb\n|move|p2b: Mi-Aow|Ice Spinner|p1b: Please Flinch\n|-supereffective|p1b: Please Flinch\n|-damage|p1b: Please Flinch|8\/100\n|-fieldend|Misty Terrain\n|\n|-weather|none\n|upkeep\n|\n|t:|1695420506\n|switch|p2a: Bobby Lee|Smeargle, F, tera:Ghost|88\/100\n|turn|7\n|\n|t:|1695420518\n|switch|p1b: Godzilla|Tyranitar, M|74\/100\n|-weather|Sandstorm|[from] ability: Sand Stream|[of] p1b: Godzilla\n|move|p1a: Home Depot|Protect|p1a: Home Depot\n|-singleturn|p1a: Home Depot|Protect\n|move|p2a: Bobby Lee|Wide Guard|p2a: Bobby Lee\n|-singleturn|p2a: Bobby Lee|Wide Guard\n|move|p2b: Mi-Aow|Ice Spinner|p1b: Godzilla\n|-damage|p1b: Godzilla|33\/100\n|\n|-weather|Sandstorm|[upkeep]\n|-damage|p2b: Mi-Aow|0 fnt|[from] Sandstorm\n|-damage|p2a: Bobby Lee|82\/100|[from] Sandstorm\n|faint|p2b: Mi-Aow\n|-ability|p2a: Bobby Lee|Moody|boost\n|-boost|p2a: Bobby Lee|atk|2\n|-unboost|p2a: Bobby Lee|spa|1\n|upkeep\n|\n|t:|1695420533\n|switch|p2b: Phoebe|Tapu Lele|100\/100\n|-fieldstart|move: Psychic Terrain|[from] ability: Psychic Surge|[of] p2b: Phoebe\n|turn|8\n|\n|t:|1695420541\n|move|p2a: Bobby Lee|Follow Me|p2a: Bobby Lee\n|-singleturn|p2a: Bobby Lee|move: Follow Me\n|move|p1a: Home Depot|High Horsepower|p2a: Bobby Lee\n|-damage|p2a: Bobby Lee|0 fnt\n|faint|p2a: Bobby Lee\n|-damage|p1a: Home Depot|10\/100|[from] item: Life Orb\n|move|p2b: Phoebe|Dazzling Gleam|p1a: Home Depot|[spread] p1a,p1b\n|-supereffective|p1b: Godzilla\n|-damage|p1a: Home Depot|0 fnt\n|-damage|p1b: Godzilla|2\/100\n|faint|p1a: Home Depot\n|move|p1b: Godzilla|Knock Off|p2b: Phoebe\n|-damage|p2b: Phoebe|50\/100\n|-enditem|p2b: Phoebe|Wiki Berry|[from] move: Knock Off|[of] p1b: Godzilla\n|\n|-weather|Sandstorm|[upkeep]\n|-damage|p2b: Phoebe|44\/100|[from] Sandstorm\n|upkeep\n|\n|t:|1695420553\n|switch|p1a: Money Bags|Gholdengo, shiny|100\/100\n|turn|9\n|c|\u2606S1r.sweepsaLot|gg\n|c|\u2606Mmiirrzzaa|gg\n|\n|t:|1695420568\n|move|p1a: Money Bags|Shadow Ball|p2b: Phoebe\n|-supereffective|p2b: Phoebe\n|-damage|p2b: Phoebe|0 fnt\n|faint|p2b: Phoebe\n|\n|win|S1r.sweepsaLot\n|raw|S1r.sweepsaLot's rating: 1538 &rarr; <strong>1561<\/strong><br \/>(+23 for winning)\n|raw|Mmiirrzzaa's rating: 1582 &rarr; <strong>1559<\/strong><br \/>(-23 for losing)\n","uploadtime":1695420575,"views":20,"p1id":"s1rsweepsalot","p2id":"mmiirrzzaa","formatid":"gen9nationaldexdoubles","rating":1559,"private":0,"password":""}