{"id":"gen9nationaldexdoubles-1984900951","p1":"Obsidrugon","p2":"BirbOnFire","format":"[Gen 9] National Dex Doubles","log":"|j|\u2606Obsidrugon\n|j|\u2606BirbOnFire\n|t:|1699309012\n|gametype|doubles\n|player|p1|Obsidrugon|erika-gen1|1104\n|player|p2|BirbOnFire|rollerskaterf|1193\n|teamsize|p1|6\n|teamsize|p2|6\n|gen|9\n|tier|[Gen 9] National Dex Doubles\n|rated|\n|rule|HP Percentage Mod: HP is shown in percentages\n|rule|Endless Battle Clause: Forcing endless battles is banned\n|rule|OHKO Clause: OHKO moves are banned\n|rule|Evasion Moves Clause: Evasion moves are banned\n|rule|Evasion Abilities Clause: Evasion abilities are banned\n|rule|Species Clause: Limit one of each Pok\u00e9mon\n|rule|Gravity Sleep Clause: The combination of sleep-inducing moves with imperfect accuracy and Gravity or Gigantamax Orbeetle are banned\n|clearpoke\n|poke|p1|Liepard, F|\n|poke|p1|Oricorio-Pom-Pom, F|\n|poke|p1|Espeon, F|\n|poke|p1|Iron Moth|\n|poke|p1|Indeedee, M|\n|poke|p1|Rabsca, M|\n|poke|p2|Blastoise, F|\n|poke|p2|Pelipper, M|\n|poke|p2|Sableye, M|\n|poke|p2|Jirachi|\n|poke|p2|Comfey, F|\n|poke|p2|Dracovish|\n|teampreview\n|c|\u2606Obsidrugon|glhf\n|c|\u2606BirbOnFire|thanks you 2\n|\n|t:|1699309024\n|start\n|switch|p1a: Oricorio|Oricorio-Pom-Pom, F, shiny|100\/100\n|switch|p1b: Iron Moth|Iron Moth, shiny|100\/100\n|switch|p2a: Blastoise|Blastoise, F|100\/100\n|switch|p2b: Jirachi|Jirachi|100\/100\n|-enditem|p1b: Iron Moth|Booster Energy\n|-activate|p1b: Iron Moth|ability: Quark Drive|[fromitem]\n|-start|p1b: Iron Moth|quarkdrivespe\n|turn|1\n|\n|t:|1699309037\n|detailschange|p2a: Blastoise|Blastoise-Mega, F\n|-mega|p2a: Blastoise|Blastoise|Blastoisinite\n|-terastallize|p1b: Iron Moth|Poison\n|move|p2b: Jirachi|Follow Me|p2b: Jirachi\n|-singleturn|p2b: Jirachi|move: Follow Me\n|move|p1b: Iron Moth|Fiery Dance|p2b: Jirachi\n|-supereffective|p2b: Jirachi\n|-damage|p2b: Jirachi|50\/100\n|-enditem|p2b: Jirachi|Eject Button\n|-activate|p1a: Oricorio|ability: Dancer\n|move|p1a: Oricorio|Fiery Dance|p2b: Jirachi|[from]ability: Dancer\n|-supereffective|p2b: Jirachi\n|-damage|p2b: Jirachi|19\/100\n|-boost|p1a: Oricorio|spa|1\n|\n|t:|1699309051\n|switch|p2b: Sableye|Sableye, M|100\/100\n|move|p1a: Oricorio|Quiver Dance|p1a: Oricorio\n|-boost|p1a: Oricorio|spa|1\n|-boost|p1a: Oricorio|spd|1\n|-boost|p1a: Oricorio|spe|1\n|move|p2a: Blastoise|Water Spout|p1a: Oricorio|[spread] p1a,p1b\n|-damage|p1a: Oricorio|41\/100\n|-damage|p1b: Iron Moth|40\/100\n|\n|upkeep\n|turn|2\n|\n|t:|1699309064\n|move|p2b: Sableye|Encore|p2a: Blastoise\n|-start|p2a: Blastoise|Encore\n|move|p2a: Blastoise|Water Spout|p1b: Iron Moth|[spread] p1a,p1b\n|-damage|p1a: Oricorio|0 fnt\n|-damage|p1b: Iron Moth|0 fnt\n|faint|p1a: Oricorio\n|faint|p1b: Iron Moth\n|-end|p1b: Iron Moth|Quark Drive|[silent]\n|\n|upkeep\n|\n|t:|1699309081\n|switch|p1b: Indeedee|Indeedee, M, shiny|100\/100\n|switch|p1a: Liepard|Liepard, F, shiny|100\/100\n|-fieldstart|move: Psychic Terrain|[from] ability: Psychic Surge|[of] p1b: Indeedee\n|turn|3\n|j| Walccer\n|\n|t:|1699309118\n|switch|p2a: Jirachi|Jirachi|19\/100\n|move|p1a: Liepard|Copycat|p1a: Liepard\n|move|p1a: Liepard|Water Spout|p2a: Jirachi|[from]move: Copycat|[spread] \n|-activate|p2a: Jirachi|move: Psychic Terrain\n|-activate|p2b: Sableye|move: Psychic Terrain\n|move|p2b: Sableye|Will-O-Wisp|p1a: Liepard\n|-activate|p1a: Liepard|move: Psychic Terrain\n|move|p1b: Indeedee|Shadow Ball|p2b: Sableye\n|-damage|p2b: Sableye|69\/100\n|-unboost|p2b: Sableye|spd|1\n|\n|upkeep\n|turn|4\n|\n|t:|1699309136\n|move|p2b: Sableye|Ally Switch|p2b: Sableye\n|swap|p2b: Sableye|0|[from] move: Ally Switch\n|move|p1a: Liepard|Copycat|p1a: Liepard\n|move|p1a: Liepard|Ally Switch|p1a: Liepard|[from]move: Copycat\n|swap|p1a: Liepard|1|[from] move: Ally Switch\n|move|p1a: Indeedee|Dazzling Gleam|p2b: Jirachi|[spread] p2a,p2b\n|-supereffective|p2a: Sableye\n|-resisted|p2b: Jirachi\n|-damage|p2a: Sableye|0 fnt\n|-damage|p2b: Jirachi|13\/100\n|faint|p2a: Sableye\n|move|p2b: Jirachi|Trick Room|p2b: Jirachi\n|-fieldstart|move: Trick Room|[of] p2b: Jirachi\n|\n|upkeep\n|\n|t:|1699309157\n|switch|p2a: Comfey|Comfey, F|100\/100\n|turn|5\n|\n|t:|1699309201\n|move|p1b: Liepard|Copycat|p1b: Liepard\n|move|p1b: Liepard|Trick Room|p1b: Liepard|[from]move: Copycat\n|-fieldend|move: Trick Room\n|move|p1a: Indeedee|Mystical Fire|p2a: Comfey\n|-damage|p2a: Comfey|83\/100\n|-unboost|p2a: Comfey|spa|1\n|move|p2b: Jirachi|Iron Head|p1b: Liepard\n|-damage|p1b: Liepard|34\/100\n|move|p2a: Comfey|Trick Room|p2a: Comfey\n|-fieldstart|move: Trick Room|[of] p2a: Comfey\n|\n|upkeep\n|turn|6\n|\n|t:|1699309218\n|move|p2a: Comfey|Floral Healing|p2b: Jirachi\n|-heal|p2b: Jirachi|63\/100\n|move|p1b: Liepard|Copycat|p1b: Liepard\n|move|p1b: Liepard|Floral Healing|p2b: Jirachi|[from]move: Copycat\n|-activate|p2b: Jirachi|move: Psychic Terrain\n|move|p2b: Jirachi|Iron Head|p1b: Liepard\n|-damage|p1b: Liepard|0 fnt\n|faint|p1b: Liepard\n|move|p1a: Indeedee|Mystical Fire|p2b: Jirachi\n|-supereffective|p2b: Jirachi\n|-damage|p2b: Jirachi|38\/100\n|-unboost|p2b: Jirachi|spa|1\n|\n|upkeep\n|\n|t:|1699309230\n|switch|p1b: Rabsca|Rabsca, M, shiny|100\/100\n|turn|7\n|l| Walccer\n|\n|t:|1699309256\n|move|p2a: Comfey|Floral Healing|p2b: Jirachi\n|-heal|p2b: Jirachi|88\/100\n|move|p1b: Rabsca|Revival Blessing|p1b: Rabsca\n|\n|t:|1699309263\n|-heal|p1: Liepard|50\/100|[from] move: Revival Blessing\n|move|p2b: Jirachi|Iron Head|p1b: Rabsca\n|-damage|p1b: Rabsca|72\/100\n|move|p1a: Indeedee|Expanding Force|p2b: Jirachi|[spread] p2a,p2b\n|-resisted|p2b: Jirachi\n|-damage|p2a: Comfey|40\/100\n|-damage|p2b: Jirachi|79\/100\n|\n|upkeep\n|turn|8\n|\n|t:|1699309295\n|move|p2a: Comfey|Helping Hand|p2b: Jirachi\n|-singleturn|p2b: Jirachi|Helping Hand|[of] p2a: Comfey\n|move|p2b: Jirachi|Iron Head|p1a: Indeedee\n|-damage|p1a: Indeedee|15\/100\n|cant|p1a: Indeedee|flinch\n|move|p1b: Rabsca|Trick Room|p1b: Rabsca\n|-fieldend|move: Trick Room\n|\n|upkeep\n|turn|9\n|\n|t:|1699309317\n|move|p2a: Comfey|Floral Healing|p2b: Jirachi\n|-heal|p2b: Jirachi|100\/100\n|move|p1a: Indeedee|Shadow Ball|p2b: Jirachi\n|-supereffective|p2b: Jirachi\n|-damage|p2b: Jirachi|73\/100\n|move|p2b: Jirachi|Iron Head|p1a: Indeedee\n|-damage|p1a: Indeedee|0 fnt\n|faint|p1a: Indeedee\n|move|p1b: Rabsca|Psychic|p2a: Comfey\n|-damage|p2a: Comfey|0 fnt\n|faint|p2a: Comfey\n|\n|upkeep\n|\n|t:|1699309331\n|switch|p1a: Espeon|Espeon, F|100\/100\n|switch|p2a: Pelipper|Pelipper, M|100\/100\n|-weather|RainDance|[from] ability: Drizzle|[of] p2a: Pelipper\n|turn|10\n|\n|t:|1699309341\n|move|p2a: Pelipper|Wide Guard|p2a: Pelipper\n|-singleturn|p2a: Pelipper|Wide Guard\n|move|p1a: Espeon|Shadow Ball|p2b: Jirachi\n|-supereffective|p2b: Jirachi\n|-damage|p2b: Jirachi|26\/100\n|-damage|p1a: Espeon|91\/100|[from] item: Life Orb\n|move|p1b: Rabsca|Psychic|p2b: Jirachi\n|-resisted|p2b: Jirachi\n|-damage|p2b: Jirachi|15\/100\n|move|p2b: Jirachi|Trick Room|p2b: Jirachi\n|-fieldstart|move: Trick Room|[of] p2b: Jirachi\n|\n|-weather|RainDance|[upkeep]\n|-fieldend|move: Psychic Terrain\n|upkeep\n|turn|11\n|\n|t:|1699309368\n|move|p2a: Pelipper|Helping Hand|p2b: Jirachi\n|-singleturn|p2b: Jirachi|Helping Hand|[of] p2a: Pelipper\n|move|p1b: Rabsca|Bug Buzz|p2b: Jirachi\n|-damage|p2b: Jirachi|0 fnt\n|faint|p2b: Jirachi\n|move|p1a: Espeon|Copycat|p1a: Espeon\n|move|p1a: Espeon|Bug Buzz|p2a: Pelipper|[from]move: Copycat\n|-resisted|p2a: Pelipper\n|-damage|p2a: Pelipper|74\/100\n|-damage|p1a: Espeon|81\/100|[from] item: Life Orb\n|\n|-weather|RainDance|[upkeep]\n|upkeep\n|\n|t:|1699309378\n|switch|p2b: Blastoise|Blastoise-Mega, F|100\/100\n|turn|12\n|\n|t:|1699309393\n|move|p2a: Pelipper|Helping Hand|p2b: Blastoise\n|-singleturn|p2b: Blastoise|Helping Hand|[of] p2a: Pelipper\n|move|p2b: Blastoise|Water Spout|p1a: Espeon|[spread] p1a,p1b\n|-damage|p1a: Espeon|0 fnt\n|-damage|p1b: Rabsca|0 fnt\n|faint|p1a: Espeon\n|faint|p1b: Rabsca\n|\n|-weather|RainDance|[upkeep]\n|upkeep\n|\n|t:|1699309399\n|switch|p1b: Liepard|Liepard, F, shiny|50\/100\n|turn|13\n|\n|t:|1699309413\n|move|p2a: Pelipper|Wide Guard|p2a: Pelipper\n|-singleturn|p2a: Pelipper|Wide Guard\n|move|p1b: Liepard|Thunder Wave|p2b: Blastoise|[miss]\n|-miss|p1b: Liepard|p2b: Blastoise\n|move|p2b: Blastoise|Water Spout|p1b: Liepard\n|-damage|p1b: Liepard|0 fnt\n|faint|p1b: Liepard\n|\n|win|BirbOnFire\n|raw|Obsidrugon's rating: 1104 &rarr; <strong>1085<\/strong><br \/>(-19 for losing)\n|raw|BirbOnFire's rating: 1193 &rarr; <strong>1212<\/strong><br \/>(+19 for winning)\n|c|\u2606Obsidrugon|gg\n","uploadtime":1699309418,"views":5,"p1id":"obsidrugon","p2id":"birbonfire","formatid":"gen9nationaldexdoubles","rating":1085,"private":0,"password":""}