{"id":"gen9nationaldexdoubles-1953250861","p1":"trianglesphere","p2":"Smashpuff","format":"[Gen 9] National Dex Doubles","log":"|j|\u2606trianglesphere\n|j|\u2606Smashpuff\n|t:|1695767032\n|gametype|doubles\n|player|p1|trianglesphere|ninjaboy|1132\n|player|p2|Smashpuff|101|1043\n|teamsize|p1|6\n|teamsize|p2|6\n|gen|9\n|tier|[Gen 9] National Dex Doubles\n|rated|\n|rule|HP Percentage Mod: HP is shown in percentages\n|rule|Endless Battle Clause: Forcing endless battles is banned\n|rule|OHKO Clause: OHKO moves are banned\n|rule|Evasion Moves Clause: Evasion moves are banned\n|rule|Evasion Abilities Clause: Evasion abilities are banned\n|rule|Species Clause: Limit one of each Pok\u00e9mon\n|rule|Gravity Sleep Clause: The combination of sleep-inducing moves with imperfect accuracy and Gravity or Gigantamax Orbeetle are banned\n|clearpoke\n|poke|p1|Glimmora, M|\n|poke|p1|Dipplin, F|\n|poke|p1|Magcargo, M|\n|poke|p1|Lucario, F|\n|poke|p1|Ogerpon-Hearthflame, F|\n|poke|p1|Skeledirge, F|\n|poke|p2|Parasect, F|\n|poke|p2|Breloom, F|\n|poke|p2|Amoonguss, M|\n|poke|p2|Shiinotic, F|\n|poke|p2|Toedscruel, M|\n|poke|p2|Brute Bonnet|\n|teampreview\n|\n|t:|1695767046\n|start\n|switch|p1a: Glimmer|Glimmora, M|100\/100\n|switch|p1b: Dipper|Dipplin, F|100\/100\n|switch|p2a: Amoonguss|Amoonguss, M|100\/100\n|switch|p2b: Toedscruel|Toedscruel, M|100\/100\n|-ability|p1b: Dipper|Supersweet Syrup\n|-ability|p1b: Dipper|Supersweet Syrup|boost\n|-unboost|p2a: Amoonguss|evasion|1\n|-unboost|p2b: Toedscruel|evasion|1\n|turn|1\n|\n|t:|1695767063\n|move|p2b: Toedscruel|Earth Power|p1a: Glimmer\n|-supereffective|p1a: Glimmer\n|-damage|p1a: Glimmer|0 fnt\n|faint|p1a: Glimmer\n|move|p1b: Dipper|Syrup Bomb|p2b: Toedscruel\n|-damage|p2b: Toedscruel|90\/100\n|-start|p2b: Toedscruel|Syrup Bomb\n|move|p2a: Amoonguss|Toxic|p1b: Dipper\n|-status|p1b: Dipper|tox\n|\n|-damage|p1b: Dipper|95\/100 tox|[from] psn\n|-unboost|p2b: Toedscruel|spe|1\n|upkeep\n|\n|t:|1695767093\n|switch|p1a: Onigiri|Ogerpon-Hearthflame, F|100\/100\n|-ability|p1a: Onigiri|Mold Breaker\n|turn|2\n|c|\u2606trianglesphere|Seems you like grass types\n|c|\u2606trianglesphere|and mushrooms\n|c|\u2606trianglesphere|I like ghost types but I like a little burning of some plants!!!\n|\n|t:|1695767124\n|move|p1a: Onigiri|Ivy Cudgel|p2a: Amoonguss\n|-supereffective|p2a: Amoonguss\n|-crit|p2a: Amoonguss\n|-damage|p2a: Amoonguss|0 fnt\n|faint|p2a: Amoonguss\n|move|p1b: Dipper|Syrup Bomb|p2b: Toedscruel\n|-damage|p2b: Toedscruel|79\/100\n|move|p2b: Toedscruel|Sludge Bomb|p1a: Onigiri\n|-supereffective|p1a: Onigiri\n|-damage|p1a: Onigiri|47\/100\n|\n|-heal|p1b: Dipper|100\/100 tox|[from] item: Leftovers\n|-damage|p1b: Dipper|89\/100 tox|[from] psn\n|-unboost|p2b: Toedscruel|spe|1\n|upkeep\n|\n|t:|1695767139\n|switch|p2a: Breloom|Breloom, F|100\/100\n|turn|3\n|\n|t:|1695767154\n|switch|p2b: Parasect|Parasect, F|100\/100\n|move|p2a: Breloom|Mach Punch|p1a: Onigiri\n|-damage|p1a: Onigiri|13\/100\n|move|p1a: Onigiri|Ivy Cudgel|p2a: Breloom\n|-supereffective|p2a: Breloom\n|-damage|p2a: Breloom|0 fnt\n|faint|p2a: Breloom\n|move|p1b: Dipper|Syrup Bomb|p2b: Parasect\n|-resisted|p2b: Parasect\n|-damage|p2b: Parasect|95\/100\n|-start|p2b: Parasect|Syrup Bomb\n|\n|-heal|p1b: Dipper|95\/100 tox|[from] item: Leftovers\n|-damage|p1b: Dipper|77\/100 tox|[from] psn\n|-unboost|p2b: Parasect|spe|1\n|upkeep\n|\n|t:|1695767159\n|switch|p2a: Brute Bonnet|Brute Bonnet|100\/100\n|turn|4\n|\n|t:|1695767173\n|move|p2a: Brute Bonnet|Sucker Punch|p1a: Onigiri\n|-damage|p1a: Onigiri|0 fnt\n|faint|p1a: Onigiri\n|move|p2b: Parasect|Leech Life|p1b: Dipper\n|-supereffective|p1b: Dipper\n|-damage|p1b: Dipper|12\/100 tox\n|-heal|p2b: Parasect|100\/100|[from] drain|[of] p1b: Dipper\n|move|p1b: Dipper|Dragon Tail|p2a: Brute Bonnet\n|-damage|p2a: Brute Bonnet|84\/100\n|-end|p2a: Brute Bonnet|Protosynthesis|[silent]\n|drag|p2a: Toedscruel|Toedscruel, M|79\/100\n|\n|-heal|p1b: Dipper|18\/100 tox|[from] item: Leftovers\n|-damage|p1b: Dipper|0 fnt|[from] psn\n|faint|p1b: Dipper\n|-unboost|p2b: Parasect|spe|1\n|upkeep\n|\n|t:|1695767180\n|switch|p1a: Slugma BAAH!!!|Magcargo, M|100\/100\n|switch|p1b: Luca|Lucario, F|100\/100\n|turn|5\n|\n|t:|1695767190\n|move|p1b: Luca|Heal Pulse|p1a: Slugma BAAH!!!\n|-fail|p1a: Slugma BAAH!!!|heal\n|move|p2a: Toedscruel|Earth Power|p1a: Slugma BAAH!!!\n|-supereffective|p1a: Slugma BAAH!!!\n|-enditem|p1a: Slugma BAAH!!!|Focus Sash\n|-damage|p1a: Slugma BAAH!!!|1\/100\n|move|p1a: Slugma BAAH!!!|Iron Defense|p1a: Slugma BAAH!!!\n|-boost|p1a: Slugma BAAH!!!|def|2\n|move|p2b: Parasect|Spore|p1b: Luca\n|-status|p1b: Luca|slp|[from] move: Spore\n|\n|-end|p2b: Parasect|Syrup Bomb\n|upkeep\n|turn|6\n|\n|t:|1695767200\n|cant|p1b: Luca|slp\n|move|p2a: Toedscruel|Dazzling Gleam|p1a: Slugma BAAH!!!|[spread] p1a,p1b\n|-resisted|p1a: Slugma BAAH!!!\n|-damage|p1a: Slugma BAAH!!!|0 fnt\n|-damage|p1b: Luca|77\/100 slp\n|faint|p1a: Slugma BAAH!!!\n|move|p2b: Parasect|Leech Life|p1b: Luca\n|-resisted|p1b: Luca\n|-damage|p1b: Luca|66\/100 slp\n|-damage|p2b: Parasect|84\/100|[from] item: Rocky Helmet|[of] p1b: Luca\n|\n|upkeep\n|\n|t:|1695767204\n|switch|p1a: Skeleton|Skeledirge, F|100\/100\n|turn|7\n|\n|t:|1695767217\n|-terastallize|p1a: Skeleton|Fire\n|-curestatus|p1b: Luca|slp|[msg]\n|move|p1b: Luca|Blaze Kick|p2a: Toedscruel\n|-supereffective|p2a: Toedscruel\n|-damage|p2a: Toedscruel|22\/100\n|move|p2a: Toedscruel|Earth Power|p1a: Skeleton\n|-supereffective|p1a: Skeleton\n|-damage|p1a: Skeleton|17\/100\n|move|p1a: Skeleton|Torch Song|p2b: Parasect\n|-supereffective|p2b: Parasect\n|-damage|p2b: Parasect|0 fnt\n|-boost|p1a: Skeleton|spa|1\n|faint|p2b: Parasect\n|\n|upkeep\n|\n|t:|1695767220\n|switch|p2b: Brute Bonnet|Brute Bonnet|84\/100\n|turn|8\n|\n|t:|1695767229\n|move|p2b: Brute Bonnet|Sucker Punch|p1a: Skeleton\n|-damage|p1a: Skeleton|0 fnt\n|faint|p1a: Skeleton\n|move|p1b: Luca|Blaze Kick|p2b: Brute Bonnet|[miss]\n|-miss|p1b: Luca|p2b: Brute Bonnet\n|move|p2a: Toedscruel|Earth Power|p1b: Luca\n|-supereffective|p1b: Luca\n|-damage|p1b: Luca|0 fnt\n|faint|p1b: Luca\n|\n|win|Smashpuff\n|raw|trianglesphere's rating: 1132 &rarr; <strong>1101<\/strong><br \/>(-31 for losing)\n|raw|Smashpuff's rating: 1043 &rarr; <strong>1085<\/strong><br \/>(+42 for winning)\n","uploadtime":1695767235,"views":12,"p1id":"trianglesphere","p2id":"smashpuff","formatid":"gen9nationaldexdoubles","rating":1085,"private":0,"password":""}