{"id":"gen9nationaldexdoubles-1981431685","p1":"NeoBlade104","p2":"Tritus ELITE 4","format":"[Gen 9] National Dex Doubles","log":"|j|\u2606NeoBlade104\n|j|\u2606Tritus ELITE 4\n|t:|1698895214\n|gametype|doubles\n|player|p1|NeoBlade104|cheren|1173\n|player|p2|Tritus ELITE 4|wulfric|1199\n|teamsize|p1|6\n|teamsize|p2|6\n|gen|9\n|tier|[Gen 9] National Dex Doubles\n|rated|\n|rule|HP Percentage Mod: HP is shown in percentages\n|rule|Endless Battle Clause: Forcing endless battles is banned\n|rule|OHKO Clause: OHKO moves are banned\n|rule|Evasion Moves Clause: Evasion moves are banned\n|rule|Evasion Abilities Clause: Evasion abilities are banned\n|rule|Species Clause: Limit one of each Pok\u00e9mon\n|rule|Gravity Sleep Clause: The combination of sleep-inducing moves with imperfect accuracy and Gravity or Gigantamax Orbeetle are banned\n|clearpoke\n|poke|p1|Mantine, F|\n|poke|p1|Rhydon, M|\n|poke|p1|Gyarados, M|\n|poke|p1|Crobat, M|\n|poke|p1|Manectric, F|\n|poke|p1|Raikou|\n|poke|p2|Basculegion-F, F|\n|poke|p2|Swampert, M|\n|poke|p2|Pelipper, F|\n|poke|p2|Araquanid, M|\n|poke|p2|Milotic, F|\n|poke|p2|Ludicolo, M|\n|teampreview\n|inactive|Battle timer is ON: inactive players will automatically lose when time's up. (requested by Tritus ELITE 4)\n|\n|t:|1698895241\n|start\n|switch|p1a: Manectric|Manectric, F|100\/100\n|switch|p1b: Mantine|Mantine, F|100\/100\n|switch|p2a: Pelipper|Pelipper, F|100\/100\n|switch|p2b: Milotic|Milotic, F|100\/100\n|-weather|RainDance|[from] ability: Drizzle|[of] p2a: Pelipper\n|turn|1\n|inactive|Tritus ELITE 4 has 120 seconds left.\n|\n|t:|1698895275\n|switch|p2a: Swampert|Swampert, M|100\/100\n|move|p1b: Mantine|Toxic|p2a: Swampert\n|-status|p2a: Swampert|tox\n|move|p1a: Manectric|Thunder|p2b: Milotic\n|-supereffective|p2b: Milotic\n|-damage|p2b: Milotic|49\/100\n|move|p2b: Milotic|Light Screen|p2b: Milotic\n|-sidestart|p2: Tritus ELITE 4|move: Light Screen\n|\n|-weather|RainDance|[upkeep]\n|-heal|p2b: Milotic|55\/100|[from] item: Leftovers\n|-damage|p2a: Swampert|94\/100 tox|[from] psn\n|upkeep\n|turn|2\n|\n|t:|1698895299\n|switch|p1a: Gyarados|Gyarados, M|100\/100\n|-ability|p1a: Gyarados|Intimidate|boost\n|-unboost|p2a: Swampert|atk|1\n|-unboost|p2b: Milotic|atk|1\n|-ability|p2b: Milotic|Competitive|boost\n|-boost|p2b: Milotic|spa|2\n|detailschange|p2a: Swampert|Swampert-Mega, M\n|-mega|p2a: Swampert|Swampert|Swampertite\n|move|p1b: Mantine|Toxic|p2b: Milotic\n|-status|p2b: Milotic|tox\n|move|p2a: Swampert|Earthquake|p1b: Mantine|[spread] p2b\n|-immune|p1a: Gyarados\n|-immune|p1b: Mantine\n|-damage|p2b: Milotic|15\/100 tox\n|move|p2b: Milotic|Life Dew|p2b: Milotic|[spread] p2a,p2b\n|-heal|p2a: Swampert|100\/100 tox\n|-heal|p2b: Milotic|40\/100 tox\n|\n|-weather|RainDance|[upkeep]\n|-heal|p2b: Milotic|46\/100 tox|[from] item: Leftovers\n|-damage|p2a: Swampert|88\/100 tox|[from] psn\n|-damage|p2b: Milotic|40\/100 tox|[from] psn\n|upkeep\n|turn|3\n|inactive|NeoBlade104 has 120 seconds left.\n|\n|t:|1698895332\n|move|p1b: Mantine|Confuse Ray|p2a: Swampert\n|-start|p2a: Swampert|confusion\n|-activate|p2a: Swampert|confusion\n|-damage|p2a: Swampert|78\/100 tox|[from] confusion\n|move|p1a: Gyarados|Thunder|p2b: Milotic\n|-supereffective|p2b: Milotic\n|-damage|p2b: Milotic|22\/100 tox\n|move|p2b: Milotic|Icy Wind|p1a: Gyarados|[spread] p1a,p1b\n|-damage|p1a: Gyarados|83\/100\n|-damage|p1b: Mantine|87\/100\n|-unboost|p1a: Gyarados|spe|1\n|-unboost|p1b: Mantine|spe|1\n|\n|-weather|RainDance|[upkeep]\n|-heal|p2b: Milotic|28\/100 tox|[from] item: Leftovers\n|-damage|p2a: Swampert|59\/100 tox|[from] psn\n|-damage|p2b: Milotic|16\/100 tox|[from] psn\n|upkeep\n|turn|4\n|inactive|NeoBlade104 has 120 seconds left.\n|\n|t:|1698895370\n|-activate|p2a: Swampert|confusion\n|-damage|p2a: Swampert|48\/100 tox|[from] confusion\n|move|p1b: Mantine|Confuse Ray|p2b: Milotic\n|-start|p2b: Milotic|confusion\n|move|p1a: Gyarados|Earthquake|p2a: Swampert|[spread] p2a,p2b\n|-immune|p1b: Mantine\n|-damage|p2a: Swampert|30\/100 tox\n|-damage|p2b: Milotic|0 fnt\n|faint|p2b: Milotic\n|\n|-weather|RainDance|[upkeep]\n|-damage|p2a: Swampert|5\/100 tox|[from] psn\n|upkeep\n|\n|t:|1698895377\n|switch|p2b: Ludicolo|Ludicolo, M|100\/100\n|turn|5\n|inactive|NeoBlade104 has 120 seconds left.\n|\n|t:|1698895404\n|switch|p1a: Crobat|Crobat, M|100\/100\n|move|p2b: Ludicolo|Swords Dance|p2b: Ludicolo\n|-boost|p2b: Ludicolo|atk|2\n|-end|p2a: Swampert|confusion\n|move|p2a: Swampert|Rock Slide|p1a: Crobat|[spread] p1a,p1b\n|-supereffective|p1a: Crobat\n|-supereffective|p1b: Mantine\n|-damage|p1a: Crobat|67\/100\n|-damage|p1b: Mantine|47\/100\n|move|p1b: Mantine|Toxic|p2b: Ludicolo|[miss]\n|-miss|p1b: Mantine|p2b: Ludicolo\n|\n|-weather|none\n|-damage|p2a: Swampert|0 fnt|[from] psn\n|faint|p2a: Swampert\n|-sideend|p2: Tritus ELITE 4|move: Light Screen\n|upkeep\n|\n|t:|1698895420\n|switch|p2a: Pelipper|Pelipper, F|100\/100\n|-weather|RainDance|[from] ability: Drizzle|[of] p2a: Pelipper\n|turn|6\n|\n|t:|1698895430\n|move|p1a: Crobat|Confuse Ray|p2b: Ludicolo\n|-start|p2b: Ludicolo|confusion\n|-activate|p2b: Ludicolo|confusion\n|move|p2b: Ludicolo|Waterfall|p1b: Mantine\n|-resisted|p1b: Mantine\n|-damage|p1b: Mantine|0 fnt\n|faint|p1b: Mantine\n|-damage|p2b: Ludicolo|91\/100|[from] item: Life Orb\n|move|p2a: Pelipper|Tailwind|p2a: Pelipper\n|-sidestart|p2: Tritus ELITE 4|move: Tailwind\n|\n|-weather|RainDance|[upkeep]\n|upkeep\n|inactive|NeoBlade104 has 120 seconds left.\n|\n|t:|1698895454\n|switch|p1b: Manectric|Manectric, F|100\/100\n|turn|7\n|\n|t:|1698895469\n|switch|p1a: Gyarados|Gyarados, M|83\/100\n|-ability|p1a: Gyarados|Intimidate|boost\n|-unboost|p2a: Pelipper|atk|1\n|-unboost|p2b: Ludicolo|atk|1\n|-activate|p2b: Ludicolo|confusion\n|-damage|p2b: Ludicolo|68\/100|[from] confusion\n|move|p1b: Manectric|Thunder|p2b: Ludicolo\n|-damage|p2b: Ludicolo|21\/100\n|-status|p2b: Ludicolo|par\n|move|p2a: Pelipper|Scald|p1a: Gyarados\n|-resisted|p1a: Gyarados\n|-damage|p1a: Gyarados|62\/100\n|\n|-weather|RainDance|[upkeep]\n|upkeep\n|turn|8\n|inactive|NeoBlade104 has 120 seconds left.\n|\n|t:|1698895502\n|switch|p1a: Raikou|Raikou|100\/100\n|-ability|p1a: Raikou|Pressure\n|-activate|p2b: Ludicolo|confusion\n|-damage|p2b: Ludicolo|0 fnt|[from] confusion\n|faint|p2b: Ludicolo\n|move|p1b: Manectric|Thunder|p2a: Pelipper\n|-supereffective|p2a: Pelipper\n|-damage|p2a: Pelipper|0 fnt\n|faint|p2a: Pelipper\n|\n|-weather|RainDance|[upkeep]\n|upkeep\n|\n|t:|1698895525\n|switch|p2b: Basculegion|Basculegion-F, F|100\/100\n|switch|p2a: Araquanid|Araquanid, M|100\/100\n|turn|9\n|inactive|NeoBlade104 has 120 seconds left.\n|inactive|Tritus ELITE 4 has 120 seconds left.\n|\n|t:|1698895559\n|move|p2b: Basculegion|Last Respects|p1b: Manectric\n|-damage|p1b: Manectric|0 fnt\n|faint|p1b: Manectric\n|-damage|p2b: Basculegion|91\/100|[from] item: Life Orb\n|move|p1a: Raikou|Thunder|p2b: Basculegion\n|-supereffective|p2b: Basculegion\n|-damage|p2b: Basculegion|0 fnt\n|faint|p2b: Basculegion\n|move|p2a: Araquanid|Liquidation|p1a: Raikou\n|-damage|p1a: Raikou|0 fnt\n|faint|p1a: Raikou\n|-damage|p2a: Araquanid|91\/100|[from] item: Life Orb\n|\n|-weather|RainDance|[upkeep]\n|-sideend|p2: Tritus ELITE 4|move: Tailwind\n|upkeep\n|inactive|NeoBlade104 has 120 seconds left.\n|-message|Tritus ELITE 4 forfeited.\n|\n|win|NeoBlade104\n|raw|NeoBlade104's rating: 1173 &rarr; <strong>1200<\/strong><br \/>(+27 for winning)\n|raw|Tritus ELITE 4's rating: 1199 &rarr; <strong>1172<\/strong><br \/>(-27 for losing)\n|l|\u2606Tritus ELITE 4\n|player|p1|NeoBlade104|cheren\n","uploadtime":1698895771,"views":19,"p1id":"neoblade104","p2id":"trituselite4","formatid":"gen9nationaldexdoubles","rating":1172,"private":0,"password":""}