{"id":"gen9nationaldexdoubles-1993675703","p1":"OhNoSulphur","p2":"Shashterpiece","format":"[Gen 9] National Dex Doubles","log":"|j|\u2606OhNoSulphur\n|j|\u2606Shashterpiece\n|t:|1700344335\n|gametype|doubles\n|player|p1|OhNoSulphur|schoolkid-gen4|1120\n|player|p2|Shashterpiece|blue|1137\n|teamsize|p1|6\n|teamsize|p2|6\n|gen|9\n|tier|[Gen 9] National Dex Doubles\n|rated|\n|rule|HP Percentage Mod: HP is shown in percentages\n|rule|Endless Battle Clause: Forcing endless battles is banned\n|rule|OHKO Clause: OHKO moves are banned\n|rule|Evasion Moves Clause: Evasion moves are banned\n|rule|Evasion Abilities Clause: Evasion abilities are banned\n|rule|Species Clause: Limit one of each Pok\u00e9mon\n|rule|Gravity Sleep Clause: The combination of sleep-inducing moves with imperfect accuracy and Gravity or Gigantamax Orbeetle are banned\n|clearpoke\n|poke|p1|Smeargle, F|\n|poke|p1|Clefable, M|\n|poke|p1|Drapion, F|\n|poke|p1|Mr. Mime, F|\n|poke|p1|Quagsire, F|\n|poke|p1|Chi-Yu|\n|poke|p2|Flutter Mane|\n|poke|p2|Dragonite, F|\n|poke|p2|Chien-Pao|\n|poke|p2|Amoonguss, F|\n|poke|p2|Arcanine-Hisui, F|\n|poke|p2|Iron Bundle|\n|teampreview\n|inactive|Battle timer is ON: inactive players will automatically lose when time's up. (requested by Shashterpiece)\n|inactive|OhNoSulphur also wants the timer to be on.\n|c|\u2606OhNoSulphur|Glhf\n|c|\u2606Shashterpiece|you too !\n|\n|t:|1700344352\n|start\n|switch|p1a: It's So Joever|Smeargle, F, shiny|100\/100\n|switch|p1b: :3|Clefable, M|100\/100\n|switch|p2a: Iron Bundle|Iron Bundle, shiny|100\/100\n|switch|p2b: Amoonguss|Amoonguss, F, shiny|100\/100\n|-enditem|p2a: Iron Bundle|Booster Energy\n|-activate|p2a: Iron Bundle|ability: Quark Drive|[fromitem]\n|-start|p2a: Iron Bundle|quarkdrivespe\n|turn|1\n|\n|t:|1700344365\n|move|p2a: Iron Bundle|Freeze-Dry|p1a: It's So Joever\n|-damage|p1a: It's So Joever|31\/100\n|-status|p1a: It's So Joever|frz\n|-curestatus|p1a: It's So Joever|frz|[msg]\n|move|p1a: It's So Joever|Skill Swap|p1b: :3\n|-activate|p1a: It's So Joever|move: Skill Swap|||[of] p1b: :3\n|move|p1b: :3|Moonblast|p2a: Iron Bundle\n|-damage|p2a: Iron Bundle|41\/100\n|move|p2b: Amoonguss|Spore|p1b: :3\n|-status|p1b: :3|slp|[from] move: Spore\n|\n|-ability|p1b: :3|Moody|boost\n|-boost|p1b: :3|spa|2\n|-unboost|p1b: :3|def|1\n|upkeep\n|turn|2\n|\n|t:|1700344391\n|move|p2a: Iron Bundle|Freeze-Dry|p1a: It's So Joever\n|-damage|p1a: It's So Joever|0 fnt\n|faint|p1a: It's So Joever\n|cant|p1b: :3|slp\n|move|p2b: Amoonguss|Pollen Puff|p2a: Iron Bundle\n|-heal|p2a: Iron Bundle|91\/100\n|\n|-ability|p1b: :3|Moody|boost\n|-boost|p1b: :3|spe|2\n|-unboost|p1b: :3|atk|1\n|upkeep\n|\n|t:|1700344400\n|switch|p1a: Mime And Dash|Mr. Mime, F|100\/100\n|turn|3\n|\n|t:|1700344416\n|move|p1a: Mime And Dash|Fake Out|p2b: Amoonguss\n|-damage|p2b: Amoonguss|97\/100\n|-damage|p1a: Mime And Dash|84\/100|[from] item: Rocky Helmet|[of] p2b: Amoonguss\n|move|p2a: Iron Bundle|Hydro Pump|p1b: :3\n|-damage|p1b: :3|59\/100 slp\n|-curestatus|p1b: :3|slp|[msg]\n|move|p1b: :3|Moonblast|p2a: Iron Bundle\n|-damage|p2a: Iron Bundle|0 fnt\n|faint|p2a: Iron Bundle\n|-end|p2a: Iron Bundle|Quark Drive|[silent]\n|cant|p2b: Amoonguss|flinch\n|\n|-heal|p1b: :3|65\/100|[from] item: Leftovers\n|-ability|p1b: :3|Moody|boost\n|-boost|p1b: :3|def|2\n|-unboost|p1b: :3|spe|1\n|upkeep\n|\n|t:|1700344426\n|switch|p2a: Chien-Pao|Chien-Pao|100\/100\n|-ability|p2a: Chien-Pao|Sword of Ruin\n|turn|4\n|\n|t:|1700344439\n|move|p1a: Mime And Dash|Ally Switch|p1a: Mime And Dash\n|swap|p1a: Mime And Dash|1|[from] move: Ally Switch\n|move|p2a: Chien-Pao|Sucker Punch|p1a: :3\n|-resisted|p1a: :3\n|-damage|p1a: :3|50\/100\n|move|p1a: :3|Moonblast|p2a: Chien-Pao\n|-supereffective|p2a: Chien-Pao\n|-enditem|p2a: Chien-Pao|Focus Sash\n|-damage|p2a: Chien-Pao|1\/100\n|move|p2b: Amoonguss|Clear Smog|p1b: Mime And Dash\n|-supereffective|p1b: Mime And Dash\n|-damage|p1b: Mime And Dash|54\/100\n|-clearboost|p1b: Mime And Dash\n|\n|-heal|p1a: :3|57\/100|[from] item: Leftovers\n|-ability|p1a: :3|Moody|boost\n|-boost|p1a: :3|atk|2\n|-unboost|p1a: :3|spa|1\n|upkeep\n|turn|5\n|\n|t:|1700344456\n|move|p2a: Chien-Pao|Ice Spinner|p1b: Mime And Dash\n|-damage|p1b: Mime And Dash|0 fnt\n|faint|p1b: Mime And Dash\n|move|p1a: :3|Stored Power|p2b: Amoonguss\n|-supereffective|p2b: Amoonguss\n|-damage|p2b: Amoonguss|38\/100\n|move|p2b: Amoonguss|Clear Smog|p1a: :3\n|-supereffective|p1a: :3\n|-damage|p1a: :3|33\/100\n|-clearboost|p1a: :3\n|\n|-heal|p1a: :3|39\/100|[from] item: Leftovers\n|-ability|p1a: :3|Moody|boost\n|-boost|p1a: :3|def|2\n|-unboost|p1a: :3|spe|1\n|upkeep\n|\n|t:|1700344464\n|switch|p1b: Pure Skill|Chi-Yu|100\/100\n|-ability|p1b: Pure Skill|Beads of Ruin\n|turn|6\n|\n|t:|1700344476\n|move|p2a: Chien-Pao|Sacred Sword|p1b: Pure Skill\n|-supereffective|p1b: Pure Skill\n|-damage|p1b: Pure Skill|0 fnt\n|faint|p1b: Pure Skill\n|move|p1a: :3|Soft-Boiled|p1a: :3\n|-heal|p1a: :3|89\/100\n|move|p2b: Amoonguss|Clear Smog|p1a: :3\n|-supereffective|p1a: :3\n|-crit|p1a: :3\n|-damage|p1a: :3|52\/100\n|-clearboost|p1a: :3\n|\n|-heal|p1a: :3|58\/100|[from] item: Leftovers\n|-ability|p1a: :3|Moody|boost\n|-boost|p1a: :3|atk|2\n|-unboost|p1a: :3|spa|1\n|upkeep\n|\n|t:|1700344487\n|switch|p1b: Glenn Quagsire|Quagsire, F, shiny|100\/100\n|turn|7\n|\n|t:|1700344517\n|move|p2a: Chien-Pao|Sacred Sword|p1b: Glenn Quagsire\n|-damage|p1b: Glenn Quagsire|65\/100\n|move|p1a: :3|Stored Power|p2b: Amoonguss\n|-supereffective|p2b: Amoonguss\n|-damage|p2b: Amoonguss|23\/100\n|move|p1b: Glenn Quagsire|Liquidation|p2b: Amoonguss\n|-resisted|p2b: Amoonguss\n|-damage|p2b: Amoonguss|9\/100\n|-damage|p1b: Glenn Quagsire|48\/100|[from] item: Rocky Helmet|[of] p2b: Amoonguss\n|move|p2b: Amoonguss|Clear Smog|p1a: :3\n|-supereffective|p1a: :3\n|-damage|p1a: :3|32\/100\n|-clearboost|p1a: :3\n|\n|-heal|p1a: :3|39\/100|[from] item: Leftovers\n|-heal|p1b: Glenn Quagsire|54\/100|[from] item: Leftovers\n|-ability|p1a: :3|Moody|boost\n|-boost|p1a: :3|spa|2\n|-unboost|p1a: :3|spd|1\n|upkeep\n|turn|8\n|\n|t:|1700344528\n|-terastallize|p1a: :3|Steel\n|move|p2a: Chien-Pao|Ice Spinner|p1b: Glenn Quagsire\n|-damage|p1b: Glenn Quagsire|6\/100\n|move|p1a: :3|Soft-Boiled|p1a: :3\n|-heal|p1a: :3|89\/100\n|move|p1b: Glenn Quagsire|Liquidation|p2a: Chien-Pao\n|-damage|p2a: Chien-Pao|0 fnt\n|faint|p2a: Chien-Pao\n|move|p2b: Amoonguss|Clear Smog|p1a: :3\n|-immune|p1a: :3\n|\n|-heal|p1a: :3|95\/100|[from] item: Leftovers\n|-heal|p1b: Glenn Quagsire|12\/100|[from] item: Leftovers\n|-ability|p1a: :3|Moody|boost\n|-boost|p1a: :3|spa|2\n|-unboost|p1a: :3|spd|1\n|upkeep\n|\n|t:|1700344535\n|switch|p2a: Arcanine|Arcanine-Hisui, F, shiny|100\/100\n|-ability|p2a: Arcanine|Intimidate|boost\n|-unboost|p1a: :3|atk|1\n|-unboost|p1b: Glenn Quagsire|atk|1\n|turn|9\n|\n|t:|1700344545\n|move|p2b: Amoonguss|Rage Powder|p2b: Amoonguss\n|-singleturn|p2b: Amoonguss|move: Rage Powder\n|move|p2a: Arcanine|Flare Blitz|p1a: :3\n|-supereffective|p1a: :3\n|-crit|p1a: :3\n|-damage|p1a: :3|0 fnt\n|faint|p1a: :3\n|-damage|p2a: Arcanine|68\/100|[from] Recoil\n|move|p1b: Glenn Quagsire|Liquidation|p2b: Amoonguss\n|-resisted|p2b: Amoonguss\n|-damage|p2b: Amoonguss|2\/100\n|-damage|p1b: Glenn Quagsire|0 fnt|[from] item: Rocky Helmet|[of] p2b: Amoonguss\n|faint|p1b: Glenn Quagsire\n|\n|upkeep\n|c|\u2606OhNoSulphur|Oh no\n|\n|t:|1700344554\n|switch|p1b: Paint It Red|Drapion, F, shiny|100\/100\n|turn|10\n|c|\u2606OhNoSulphur|GET EM LOBTER\n|c|\u2606Shashterpiece|I BELIEVE IN LOBTER\n|\n|t:|1700344570\n|-terastallize|p2a: Arcanine|Fairy\n|move|p2b: Amoonguss|Rage Powder|p2b: Amoonguss\n|-singleturn|p2b: Amoonguss|move: Rage Powder\n|move|p1b: Paint It Red|Knock Off|p2b: Amoonguss\n|-damage|p2b: Amoonguss|0 fnt\n|-damage|p1b: Paint It Red|84\/100|[from] item: Rocky Helmet|[of] p2b: Amoonguss\n|-enditem|p2b: Amoonguss|Rocky Helmet|[from] move: Knock Off|[of] p1b: Paint It Red\n|faint|p2b: Amoonguss\n|move|p2a: Arcanine|Tera Blast|p1b: Paint It Red|[anim] Tera Blast Fairy\n|-damage|p1b: Paint It Red|52\/100\n|\n|-heal|p1b: Paint It Red|58\/100|[from] item: Black Sludge\n|upkeep\n|\n|t:|1700344584\n|switch|p2b: Flutter Mane|Flutter Mane|100\/100\n|-enditem|p2b: Flutter Mane|Booster Energy\n|-activate|p2b: Flutter Mane|ability: Protosynthesis|[fromitem]\n|-start|p2b: Flutter Mane|protosynthesisspe\n|turn|11\n|\n|t:|1700344589\n|move|p2b: Flutter Mane|Shadow Ball|p1b: Paint It Red\n|-resisted|p1b: Paint It Red\n|-damage|p1b: Paint It Red|38\/100\n|move|p1b: Paint It Red|Poison Jab|p2b: Flutter Mane\n|-damage|p2b: Flutter Mane|58\/100\n|-status|p2b: Flutter Mane|psn\n|move|p2a: Arcanine|Flare Blitz|p1b: Paint It Red\n|-damage|p1b: Paint It Red|0 fnt\n|faint|p1b: Paint It Red\n|-damage|p2a: Arcanine|56\/100|[from] Recoil\n|\n|win|Shashterpiece\n|raw|OhNoSulphur's rating: 1120 &rarr; <strong>1096<\/strong><br \/>(-24 for losing)\n|raw|Shashterpiece's rating: 1137 &rarr; <strong>1161<\/strong><br \/>(+24 for winning)\n|c|\u2606OhNoSulphur|LOBTER NO\n|c|\u2606Shashterpiece|gg\n|c|\u2606OhNoSulphur|GG lol\n|c|\u2606Shashterpiece|rip klobter\n","uploadtime":1700344606,"views":5,"p1id":"ohnosulphur","p2id":"shashterpiece","formatid":"gen9nationaldexdoubles","rating":1096,"private":0,"password":""}