{"id":"gen9nationaldexdoubles-1999220299","p1":"Kazutoxo","p2":"Gatita golosa 123","format":"[Gen 9] National Dex Doubles","log":"|j|\u2606Kazutoxo\n|j|\u2606Gatita golosa 123\n|t:|1701047076\n|gametype|doubles\n|player|p1|Kazutoxo|ingo|\n|player|p2|Gatita golosa 123|pokekid|\n|teamsize|p1|6\n|teamsize|p2|6\n|gen|9\n|tier|[Gen 9] National Dex Doubles\n|rule|HP Percentage Mod: HP is shown in percentages\n|rule|Endless Battle Clause: Forcing endless battles is banned\n|rule|OHKO Clause: OHKO moves are banned\n|rule|Evasion Moves Clause: Evasion moves are banned\n|rule|Evasion Abilities Clause: Evasion abilities are banned\n|rule|Species Clause: Limit one of each Pok\u00e9mon\n|rule|Gravity Sleep Clause: The combination of sleep-inducing moves with imperfect accuracy and Gravity or Gigantamax Orbeetle are banned\n|clearpoke\n|poke|p1|Charizard, M|\n|poke|p1|Ogerpon-Hearthflame, F|\n|poke|p1|Incineroar, F|\n|poke|p1|Arcanine-Hisui, M|\n|poke|p1|Gastrodon, F|\n|poke|p1|Torkoal, M|\n|poke|p2|Chien-Pao|\n|poke|p2|Palafin, F|\n|poke|p2|Pelipper, F|\n|poke|p2|Bruxish, F|\n|poke|p2|Tauros-Paldea-Aqua, M|\n|poke|p2|Basculegion, M|\n|teampreview\n|\n|t:|1701047097\n|start\n|switch|p1a: Torkoal|Torkoal, M|100\/100\n|switch|p1b: Incineroar|Incineroar, F|100\/100\n|switch|p2a: Chien-Pao|Chien-Pao|100\/100\n|switch|p2b: Palafin|Palafin, F|100\/100\n|-ability|p2a: Chien-Pao|Sword of Ruin\n|-ability|p1b: Incineroar|Intimidate|boost\n|-unboost|p2a: Chien-Pao|atk|1\n|-unboost|p2b: Palafin|atk|1\n|-weather|SunnyDay|[from] ability: Drought|[of] p1a: Torkoal\n|turn|1\n|\n|t:|1701047116\n|-terastallize|p2a: Chien-Pao|Water\n|move|p1b: Incineroar|Fake Out|p2b: Palafin\n|-damage|p2b: Palafin|78\/100\n|move|p2a: Chien-Pao|Sacred Sword|p1b: Incineroar\n|-supereffective|p1b: Incineroar\n|-damage|p1b: Incineroar|42\/100\n|-damage|p2a: Chien-Pao|91\/100|[from] item: Life Orb\n|move|p2b: Palafin|Flip Turn|p1b: Incineroar\n|-supereffective|p1b: Incineroar\n|-damage|p1b: Incineroar|25\/100\n|\n|t:|1701047127\n|detailschange|p2b: Palafin|Palafin-Hero, F\n|switch|p2b: Pelipper|Pelipper, F|100\/100|[from] Flip Turn\n|-weather|RainDance|[from] ability: Drizzle|[of] p2b: Pelipper\n|move|p1a: Torkoal|Burning Jealousy|p2b: Pelipper|[spread] p2a,p2b\n|-resisted|p2a: Chien-Pao\n|-resisted|p2b: Pelipper\n|-damage|p2a: Chien-Pao|84\/100\n|-damage|p2b: Pelipper|95\/100\n|\n|-weather|RainDance|[upkeep]\n|upkeep\n|turn|2\n|\n|t:|1701047159\n|switch|p1b: Charizard|Charizard, M|100\/100\n|switch|p1a: Gastrodon|Gastrodon, F|100\/100\n|move|p2a: Chien-Pao|Icicle Crash|p1b: Charizard\n|-damage|p1b: Charizard|29\/100\n|-damage|p2a: Chien-Pao|74\/100|[from] item: Life Orb\n|move|p2b: Pelipper|Tailwind|p2b: Pelipper\n|-sidestart|p2: Gatita golosa 123|move: Tailwind\n|\n|-weather|RainDance|[upkeep]\n|upkeep\n|turn|3\n|\n|t:|1701047186\n|detailschange|p1b: Charizard|Charizard-Mega-Y, M\n|-mega|p1b: Charizard|Charizard|Charizardite Y\n|-weather|SunnyDay|[from] ability: Drought|[of] p1b: Charizard\n|-terastallize|p1a: Gastrodon|Fire\n|move|p2a: Chien-Pao|Icicle Crash|p1a: Gastrodon\n|-resisted|p1a: Gastrodon\n|-damage|p1a: Gastrodon|78\/100\n|-damage|p2a: Chien-Pao|64\/100|[from] item: Life Orb\n|move|p2b: Pelipper|U-turn|p1b: Charizard\n|-resisted|p1b: Charizard\n|-damage|p1b: Charizard|26\/100\n|\n|t:|1701047203\n|switch|p2b: Bruxish|Bruxish, F|100\/100|[from] U-turn\n|move|p1b: Charizard|Tailwind|p1b: Charizard\n|-sidestart|p1: Kazutoxo|move: Tailwind\n|move|p1a: Gastrodon|Yawn|p2a: Chien-Pao\n|-start|p2a: Chien-Pao|move: Yawn|[of] p1a: Gastrodon\n|\n|-weather|SunnyDay|[upkeep]\n|-heal|p1a: Gastrodon|84\/100|[from] item: Leftovers\n|upkeep\n|turn|4\n|\n|t:|1701047226\n|move|p2b: Bruxish|Protect|p2b: Bruxish\n|-singleturn|p2b: Bruxish|Protect\n|move|p2a: Chien-Pao|Ice Shard|p1b: Charizard\n|-damage|p1b: Charizard|0 fnt\n|faint|p1b: Charizard\n|-damage|p2a: Chien-Pao|54\/100|[from] item: Life Orb\n|move|p1a: Gastrodon|Yawn|p2b: Bruxish\n|-activate|p2b: Bruxish|move: Protect\n|\n|-weather|SunnyDay|[upkeep]\n|-heal|p1a: Gastrodon|91\/100|[from] item: Leftovers\n|-end|p2a: Chien-Pao|move: Yawn|[silent]\n|-status|p2a: Chien-Pao|slp\n|upkeep\n|\n|t:|1701047240\n|switch|p1b: Ogerpon|Ogerpon-Hearthflame, F|100\/100\n|-ability|p1b: Ogerpon|Mold Breaker\n|turn|5\n|\n|t:|1701047262\n|move|p2b: Bruxish|Ally Switch|p2b: Bruxish\n|swap|p2b: Bruxish|0|[from] move: Ally Switch\n|cant|p2b: Chien-Pao|slp\n|move|p1b: Ogerpon|Horn Leech|p2b: Chien-Pao\n|-supereffective|p2b: Chien-Pao\n|-damage|p2b: Chien-Pao|0 fnt\n|faint|p2b: Chien-Pao\n|move|p1a: Gastrodon|Earth Power|p2a: Bruxish\n|-damage|p2a: Bruxish|51\/100\n|\n|-weather|SunnyDay|[upkeep]\n|-heal|p2a: Bruxish|57\/100|[from] item: Leftovers\n|-heal|p1a: Gastrodon|97\/100|[from] item: Leftovers\n|-sideend|p2: Gatita golosa 123|move: Tailwind\n|upkeep\n|\n|t:|1701047270\n|switch|p2b: Pelipper|Pelipper, F|95\/100\n|-weather|RainDance|[from] ability: Drizzle|[of] p2b: Pelipper\n|turn|6\n|\n|t:|1701047298\n|move|p2a: Bruxish|Protect||[still]\n|-fail|p2a: Bruxish\n|move|p1b: Ogerpon|Horn Leech|p2b: Pelipper\n|-damage|p2b: Pelipper|59\/100\n|move|p1a: Gastrodon|Yawn|p2a: Bruxish\n|-start|p2a: Bruxish|move: Yawn|[of] p1a: Gastrodon\n|move|p2b: Pelipper|Tailwind|p2b: Pelipper\n|-sidestart|p2: Gatita golosa 123|move: Tailwind\n|\n|-weather|RainDance|[upkeep]\n|-heal|p2a: Bruxish|63\/100|[from] item: Leftovers\n|-heal|p1a: Gastrodon|100\/100|[from] item: Leftovers\n|-sideend|p1: Kazutoxo|move: Tailwind\n|upkeep\n|turn|7\n|\n|t:|1701047323\n|switch|p2a: Palafin|Palafin-Hero, F|78\/100\n|-activate|p2a: Palafin|ability: Zero to Hero\n|move|p1b: Ogerpon|Horn Leech|p2a: Palafin\n|-supereffective|p2a: Palafin\n|-damage|p2a: Palafin|0 fnt\n|faint|p2a: Palafin\n|move|p2b: Pelipper|Hurricane|p1b: Ogerpon\n|-supereffective|p1b: Ogerpon\n|-damage|p1b: Ogerpon|11\/100\n|move|p1a: Gastrodon|Yawn|p2b: Pelipper\n|-start|p2b: Pelipper|move: Yawn|[of] p1a: Gastrodon\n|\n|-weather|RainDance|[upkeep]\n|upkeep\n|\n|t:|1701047331\n|switch|p2a: Tauros|Tauros-Paldea-Aqua, M|100\/100\n|turn|8\n|\n|t:|1701047346\n|move|p1b: Ogerpon|Spiky Shield|p1b: Ogerpon\n|-singleturn|p1b: Ogerpon|move: Protect\n|move|p2a: Tauros|Earthquake|p1b: Ogerpon|[spread] p1a\n|-activate|p1b: Ogerpon|move: Protect\n|-immune|p2b: Pelipper\n|-supereffective|p1a: Gastrodon\n|-damage|p1a: Gastrodon|64\/100\n|move|p2b: Pelipper|U-turn|p1a: Gastrodon\n|-resisted|p1a: Gastrodon\n|-damage|p1a: Gastrodon|61\/100\n|\n|t:|1701047356\n|switch|p2b: Bruxish|Bruxish, F|63\/100|[from] U-turn\n|move|p1a: Gastrodon|Yawn|p2a: Tauros\n|-start|p2a: Tauros|move: Yawn|[of] p1a: Gastrodon\n|\n|-weather|RainDance|[upkeep]\n|-heal|p2b: Bruxish|69\/100|[from] item: Leftovers\n|-heal|p1a: Gastrodon|67\/100|[from] item: Leftovers\n|upkeep\n|turn|9\n|\n|t:|1701047380\n|switch|p1b: Torkoal|Torkoal, M|100\/100\n|-weather|SunnyDay|[from] ability: Drought|[of] p1b: Torkoal\n|move|p1a: Gastrodon|Protect|p1a: Gastrodon\n|-singleturn|p1a: Gastrodon|Protect\n|move|p2a: Tauros|Earthquake|p1b: Torkoal|[spread] p2b,p1b\n|-activate|p1a: Gastrodon|move: Protect\n|-supereffective|p1b: Torkoal\n|-damage|p2b: Bruxish|39\/100\n|-damage|p1b: Torkoal|64\/100\n|move|p2b: Bruxish|Frost Breath|p2a: Tauros|[miss]\n|-miss|p2b: Bruxish|p2a: Tauros\n|\n|-weather|SunnyDay|[upkeep]\n|-heal|p2b: Bruxish|45\/100|[from] item: Leftovers\n|-heal|p1a: Gastrodon|73\/100|[from] item: Leftovers\n|-heal|p1b: Torkoal|70\/100|[from] item: Leftovers\n|-end|p2a: Tauros|move: Yawn|[silent]\n|-status|p2a: Tauros|slp\n|-sideend|p2: Gatita golosa 123|move: Tailwind\n|upkeep\n|turn|10\n|\n|t:|1701047410\n|cant|p2a: Tauros|slp\n|move|p2b: Bruxish|Frost Breath|p2a: Tauros\n|-resisted|p2a: Tauros\n|-crit|p2a: Tauros\n|-damage|p2a: Tauros|94\/100 slp\n|-setboost|p2a: Tauros|atk|6|[from] ability: Anger Point\n|move|p1a: Gastrodon|Yawn|p2b: Bruxish\n|-start|p2b: Bruxish|move: Yawn|[of] p1a: Gastrodon\n|move|p1b: Torkoal|Earth Power|p2a: Tauros\n|-damage|p2a: Tauros|74\/100 slp\n|\n|-weather|SunnyDay|[upkeep]\n|-heal|p2b: Bruxish|51\/100|[from] item: Leftovers\n|-heal|p1a: Gastrodon|79\/100|[from] item: Leftovers\n|-heal|p1b: Torkoal|77\/100|[from] item: Leftovers\n|upkeep\n|turn|11\n|\n|t:|1701047449\n|switch|p1a: Ogerpon|Ogerpon-Hearthflame, F|11\/100\n|-ability|p1a: Ogerpon|Mold Breaker\n|move|p2b: Bruxish|Ally Switch|p2b: Bruxish\n|swap|p2b: Bruxish|0|[from] move: Ally Switch\n|cant|p2b: Tauros|slp\n|move|p1b: Torkoal|Earth Power|p2a: Bruxish\n|-damage|p2a: Bruxish|21\/100\n|\n|-weather|SunnyDay|[upkeep]\n|-heal|p2a: Bruxish|27\/100|[from] item: Leftovers\n|-heal|p1b: Torkoal|83\/100|[from] item: Leftovers\n|-end|p2a: Bruxish|move: Yawn|[silent]\n|-status|p2a: Bruxish|slp\n|upkeep\n|turn|12\n|\n|t:|1701047472\n|cant|p2a: Bruxish|slp\n|move|p1a: Ogerpon|Horn Leech|p2b: Tauros\n|-supereffective|p2b: Tauros\n|-damage|p2b: Tauros|0 fnt\n|-heal|p1a: Ogerpon|46\/100|[from] drain|[of] p2b: Tauros\n|faint|p2b: Tauros\n|move|p1b: Torkoal|Earth Power|p2a: Bruxish\n|-damage|p2a: Bruxish|0 fnt\n|faint|p2a: Bruxish\n|\n|-weather|SunnyDay|[upkeep]\n|-heal|p1b: Torkoal|89\/100|[from] item: Leftovers\n|upkeep\n|\n|t:|1701047478\n|switch|p2b: Basculegion|Basculegion, M|100\/100\n|switch|p2a: Pelipper|Pelipper, F|59\/100\n|-weather|RainDance|[from] ability: Drizzle|[of] p2a: Pelipper\n|turn|13\n|\n|t:|1701047497\n|switch|p1b: Incineroar|Incineroar, F|25\/100\n|-ability|p1b: Incineroar|Intimidate|boost\n|-unboost|p2a: Pelipper|atk|1\n|-unboost|p2b: Basculegion|atk|1\n|move|p1a: Ogerpon|Spiky Shield|p1a: Ogerpon\n|-singleturn|p1a: Ogerpon|move: Protect\n|move|p2b: Basculegion|Last Respects|p1b: Incineroar\n|-resisted|p1b: Incineroar\n|-damage|p1b: Incineroar|0 fnt\n|faint|p1b: Incineroar\n|move|p2a: Pelipper|Hurricane|p1a: Ogerpon\n|-activate|p1a: Ogerpon|move: Protect\n|\n|-weather|RainDance|[upkeep]\n|upkeep\n|\n|t:|1701047517\n|switch|p1b: Torkoal|Torkoal, M|89\/100\n|-weather|SunnyDay|[from] ability: Drought|[of] p1b: Torkoal\n|turn|14\n|\n|t:|1701047528\n|move|p1b: Torkoal|Helping Hand|p1a: Ogerpon\n|-singleturn|p1a: Ogerpon|Helping Hand|[of] p1b: Torkoal\n|move|p2b: Basculegion|Aqua Jet|p1a: Ogerpon\n|-damage|p1a: Ogerpon|39\/100\n|move|p1a: Ogerpon|Horn Leech|p2b: Basculegion\n|-supereffective|p2b: Basculegion\n|-damage|p2b: Basculegion|0 fnt\n|-heal|p1a: Ogerpon|100\/100|[from] drain|[of] p2b: Basculegion\n|faint|p2b: Basculegion\n|move|p2a: Pelipper|Tailwind|p2a: Pelipper\n|-sidestart|p2: Gatita golosa 123|move: Tailwind\n|\n|-weather|SunnyDay|[upkeep]\n|-heal|p1b: Torkoal|95\/100|[from] item: Leftovers\n|upkeep\n|turn|15\n|\n|t:|1701047586\n|move|p1b: Torkoal|Helping Hand|p1a: Ogerpon\n|-singleturn|p1a: Ogerpon|Helping Hand|[of] p1b: Torkoal\n|move|p1a: Ogerpon|Horn Leech|p2a: Pelipper\n|-damage|p2a: Pelipper|10\/100\n|move|p2a: Pelipper|Hurricane|p1a: Ogerpon|[miss]\n|-miss|p2a: Pelipper|p1a: Ogerpon\n|\n|-weather|SunnyDay|[upkeep]\n|-heal|p1b: Torkoal|100\/100|[from] item: Leftovers\n|upkeep\n|turn|16\n|\n|t:|1701047619\n|move|p1b: Torkoal|Helping Hand|p1a: Ogerpon\n|-singleturn|p1a: Ogerpon|Helping Hand|[of] p1b: Torkoal\n|move|p1a: Ogerpon|Ivy Cudgel|p2a: Pelipper|[anim] Ivy Cudgel Fire\n|-resisted|p2a: Pelipper\n|-damage|p2a: Pelipper|0 fnt\n|faint|p2a: Pelipper\n|\n|win|Kazutoxo\n","uploadtime":1701047629,"views":17,"p1id":"kazutoxo","p2id":"gatitagolosa123","formatid":"gen9nationaldexdoubles","rating":0,"private":0,"password":""}