{"id":"gen9nationaldexdoubles-1995268740","p1":"Felis Regalis","p2":"specner4","format":"[Gen 9] National Dex Doubles","log":"|j|\u2606Felis Regalis\n|j|\u2606specner4\n|t:|1700544139\n|gametype|doubles\n|player|p1|Felis Regalis|hilbert|\n|player|p2|specner4|265|\n|teamsize|p1|6\n|teamsize|p2|6\n|gen|9\n|tier|[Gen 9] National Dex Doubles\n|rule|HP Percentage Mod: HP is shown in percentages\n|rule|Endless Battle Clause: Forcing endless battles is banned\n|rule|OHKO Clause: OHKO moves are banned\n|rule|Evasion Moves Clause: Evasion moves are banned\n|rule|Evasion Abilities Clause: Evasion abilities are banned\n|rule|Species Clause: Limit one of each Pok\u00e9mon\n|rule|Gravity Sleep Clause: The combination of sleep-inducing moves with imperfect accuracy and Gravity or Gigantamax Orbeetle are banned\n|clearpoke\n|poke|p1|Incineroar, L50, F|\n|poke|p1|Xatu, L50, F|\n|poke|p1|Brambleghast, L50, F|\n|poke|p1|Camerupt, L50, F|\n|poke|p1|Grafaiai, L50, M|\n|poke|p1|Lycanroc-Dusk, L50, M|\n|poke|p2|Barraskewda, L50, F|\n|poke|p2|Trevenant, L50, M|\n|poke|p2|Polteageist, L50|\n|poke|p2|Slither Wing, L50|\n|poke|p2|Ferrothorn, L50, M|\n|poke|p2|Abomasnow, L50, M|\n|teampreview|4\n|j| Whaleu\n|\n|t:|1700544183\n|start\n|switch|p1a: Incineroar|Incineroar, L50, F|100\/100\n|switch|p1b: Xatu|Xatu, L50, F|100\/100\n|switch|p2a: Trevenant|Trevenant, L50, M|100\/100\n|switch|p2b: Ferrothorn|Ferrothorn, L50, M|100\/100\n|-ability|p1a: Incineroar|Intimidate|boost\n|-unboost|p2a: Trevenant|atk|1\n|-unboost|p2b: Ferrothorn|atk|1\n|-item|p1a: Incineroar|Safety Goggles|[from] ability: Frisk|[of] p2a: Trevenant|[identify]\n|-item|p1b: Xatu|Yache Berry|[from] ability: Frisk|[of] p2a: Trevenant|[identify]\n|turn|1\n|j| BROCKISAROCK\n|\n|t:|1700544269\n|switch|p1b: Grafaiai|Grafaiai, L50, M|100\/100\n|move|p2b: Ferrothorn|Protect|p2b: Ferrothorn\n|-singleturn|p2b: Ferrothorn|Protect\n|move|p1a: Incineroar|Flare Blitz|p2a: Trevenant\n|-supereffective|p2a: Trevenant\n|-damage|p2a: Trevenant|0 fnt\n|faint|p2a: Trevenant\n|-damage|p1a: Incineroar|69\/100|[from] Recoil\n|\n|upkeep\n|\n|t:|1700544302\n|switch|p2a: Abomasnow|Abomasnow, L50, M|100\/100\n|-weather|Snow|[from] ability: Snow Warning|[of] p2a: Abomasnow\n|turn|2\n|\n|t:|1700544312\n|detailschange|p2a: Abomasnow|Abomasnow-Mega, L50, M\n|-mega|p2a: Abomasnow|Abomasnow|Abomasite\n|move|p1b: Grafaiai|Encore|p2b: Ferrothorn\n|-start|p2b: Ferrothorn|Encore\n|move|p1a: Incineroar|Flare Blitz|p2a: Abomasnow\n|-supereffective|p2a: Abomasnow\n|-damage|p2a: Abomasnow|0 fnt\n|faint|p2a: Abomasnow\n|-damage|p1a: Incineroar|37\/100|[from] Recoil\n|move|p2b: Ferrothorn|Protect|p2b: Ferrothorn\n|-singleturn|p2b: Ferrothorn|Protect\n|\n|-weather|Snow|[upkeep]\n|upkeep\n|\n|t:|1700544323\n|switch|p2a: Slither Wing|Slither Wing, L50|100\/100\n|-enditem|p2a: Slither Wing|Booster Energy\n|-activate|p2a: Slither Wing|ability: Protosynthesis|[fromitem]\n|-start|p2a: Slither Wing|protosynthesisatk\n|turn|3\n|\n|t:|1700544347\n|switch|p1a: Xatu|Xatu, L50, F|100\/100\n|move|p2b: Ferrothorn|Protect||[still]\n|-fail|p2b: Ferrothorn\n|move|p1b: Grafaiai|Parting Shot|p2a: Slither Wing\n|-unboost|p2a: Slither Wing|atk|1\n|-unboost|p2a: Slither Wing|spa|1\n|\n|t:|1700544354\n|switch|p1b: Incineroar|Incineroar, L50, F|37\/100|[from] Parting Shot\n|-ability|p1b: Incineroar|Intimidate|boost\n|-unboost|p2a: Slither Wing|atk|1\n|-unboost|p2b: Ferrothorn|atk|1\n|move|p2a: Slither Wing|Close Combat|p1a: Xatu\n|-resisted|p1a: Xatu\n|-damage|p1a: Xatu|86\/100\n|-unboost|p2a: Slither Wing|def|1\n|-unboost|p2a: Slither Wing|spd|1\n|\n|-weather|Snow|[upkeep]\n|upkeep\n|turn|4\n|\n|t:|1700544369\n|move|p2b: Ferrothorn|Protect|p2b: Ferrothorn\n|-singleturn|p2b: Ferrothorn|Protect\n|move|p1a: Xatu|Air Slash|p2a: Slither Wing\n|-supereffective|p2a: Slither Wing\n|-damage|p2a: Slither Wing|0 fnt\n|faint|p2a: Slither Wing\n|-end|p2a: Slither Wing|Protosynthesis|[silent]\n|move|p1b: Incineroar|Flare Blitz|p2b: Ferrothorn\n|-activate|p2b: Ferrothorn|move: Protect\n|\n|-weather|Snow|[upkeep]\n|-end|p2b: Ferrothorn|Encore\n|upkeep\n|turn|5\n|\n|t:|1700544385\n|move|p1a: Xatu|Air Slash|p2b: Ferrothorn\n|-damage|p2b: Ferrothorn|78\/100\n|move|p1b: Incineroar|Flare Blitz|p2b: Ferrothorn\n|-supereffective|p2b: Ferrothorn\n|-damage|p2b: Ferrothorn|0 fnt\n|-damage|p1b: Incineroar|25\/100|[from] ability: Iron Barbs|[of] p2b: Ferrothorn\n|faint|p2b: Ferrothorn\n|-damage|p1b: Incineroar|1\/100|[from] Recoil\n|\n|win|Felis Regalis\n|l| BROCKISAROCK\n","uploadtime":1700544422,"views":15,"p1id":"felisregalis","p2id":"specner4","formatid":"gen9nationaldexdoubles","rating":0,"private":0,"password":""}