{"id":"gen9nationaldexdoubles-1955754584","p1":"zeref203","p2":"bibbler111","format":"[Gen 9] National Dex Doubles","log":"|j|\u2606zeref203\n|j|\u2606bibbler111\n|t:|1696024723\n|gametype|doubles\n|player|p1|zeref203|265|1144\n|player|p2|bibbler111|1|1417\n|teamsize|p1|6\n|teamsize|p2|6\n|gen|9\n|tier|[Gen 9] National Dex Doubles\n|rated|\n|rule|HP Percentage Mod: HP is shown in percentages\n|rule|Endless Battle Clause: Forcing endless battles is banned\n|rule|OHKO Clause: OHKO moves are banned\n|rule|Evasion Moves Clause: Evasion moves are banned\n|rule|Evasion Abilities Clause: Evasion abilities are banned\n|rule|Species Clause: Limit one of each Pok\u00e9mon\n|rule|Gravity Sleep Clause: The combination of sleep-inducing moves with imperfect accuracy and Gravity or Gigantamax Orbeetle are banned\n|clearpoke\n|poke|p1|Altaria, F|\n|poke|p1|Golem-Alola, M|\n|poke|p1|Pawmot, F|\n|poke|p1|Great Tusk|\n|poke|p1|Ninetales, M|\n|poke|p1|Sableye, M|\n|poke|p2|Primarina, F|\n|poke|p2|Pelipper, M|\n|poke|p2|Marshadow|\n|poke|p2|Cresselia, F|\n|poke|p2|Ribombee, F|\n|poke|p2|Togekiss, F|\n|teampreview\n|inactive|Battle timer is ON: inactive players will automatically lose when time's up. (requested by zeref203)\n|inactive|bibbler111 has 120 seconds left.\n|c|\u2606bibbler111|glhf\n|\n|t:|1696024772\n|start\n|switch|p1a: Pawmot|Pawmot, F|100\/100\n|switch|p1b: Golem|Golem-Alola, M|100\/100\n|switch|p2a: Primarina|Primarina, F|100\/100\n|switch|p2b: Togekiss|Togekiss, F|100\/100\n|-item|p1b: Golem|Air Balloon\n|turn|1\n|\n|t:|1696024795\n|move|p2b: Togekiss|Follow Me|p2b: Togekiss\n|-singleturn|p2b: Togekiss|move: Follow Me\n|move|p1a: Pawmot|Double Shock|p2b: Togekiss\n|-supereffective|p2b: Togekiss\n|-damage|p2b: Togekiss|21\/100\n|-start|p1a: Pawmot|typechange|???\/Fighting|[from] move: Double Shock\n|-damage|p1a: Pawmot|84\/100|[from] item: Rocky Helmet|[of] p2b: Togekiss\n|move|p1b: Golem|Self-Destruct|p2a: Primarina|[spread] p2a,p2b\n|-heal|p1a: Pawmot|100\/100|[from] ability: Volt Absorb|[of] p1b: Golem\n|-supereffective|p2a: Primarina\n|-supereffective|p2b: Togekiss\n|-damage|p2a: Primarina|0 fnt\n|-damage|p2b: Togekiss|0 fnt\n|faint|p1b: Golem\n|faint|p2a: Primarina\n|faint|p2b: Togekiss\n|\n|upkeep\n|c|\u2606bibbler111|oh right\n|c|\u2606bibbler111|galvanize exists\n|inactive|bibbler111 has 120 seconds left.\n|\n|t:|1696024827\n|switch|p2b: Marshadow|Marshadow|100\/100\n|switch|p1b: Altaria|Altaria, F, shiny|100\/100\n|switch|p2a: Ribombee|Ribombee, F|100\/100\n|-ability|p1b: Altaria|Cloud Nine\n|turn|2\n|c|\u2606zeref203|Makes golem more fun\n|\n|t:|1696024852\n|detailschange|p1b: Altaria|Altaria-Mega, F, shiny\n|-mega|p1b: Altaria|Altaria|Altarianite\n|-terastallize|p2b: Marshadow|Ghost\n|move|p2b: Marshadow|Spectral Thief|p1a: Pawmot\n|-damage|p1a: Pawmot|7\/100\n|move|p2a: Ribombee|Moonblast|p1a: Pawmot\n|-supereffective|p1a: Pawmot\n|-damage|p1a: Pawmot|0 fnt\n|faint|p1a: Pawmot\n|move|p1b: Altaria|Hyper Voice|p2a: Ribombee|[spread] p2a,p2b\n|-damage|p2a: Ribombee|38\/100\n|-damage|p2b: Marshadow|50\/100\n|\n|upkeep\n|\n|t:|1696024866\n|switch|p1a: Sableye|Sableye, M|100\/100\n|turn|3\n|\n|t:|1696024876\n|move|p2a: Ribombee|Protect|p2a: Ribombee\n|-singleturn|p2a: Ribombee|Protect\n|move|p1a: Sableye|Will-O-Wisp|p2b: Marshadow\n|-status|p2b: Marshadow|brn\n|move|p2b: Marshadow|Spectral Thief|p1b: Altaria\n|-damage|p1b: Altaria|73\/100\n|move|p1b: Altaria|Hyper Voice|p2b: Marshadow|[spread] p2b\n|-activate|p2a: Ribombee|move: Protect\n|-damage|p2b: Marshadow|2\/100 brn\n|\n|-damage|p2b: Marshadow|0 fnt|[from] brn\n|faint|p2b: Marshadow\n|upkeep\n|\n|t:|1696024898\n|switch|p2b: Pelipper|Pelipper, M|100\/100\n|-weather|RainDance|[from] ability: Drizzle|[of] p2b: Pelipper\n|turn|4\n|\n|t:|1696024907\n|move|p2b: Pelipper|Wide Guard|p2b: Pelipper\n|-singleturn|p2b: Pelipper|Wide Guard\n|move|p1a: Sableye|Encore|p2a: Ribombee\n|-start|p2a: Ribombee|Encore\n|move|p2a: Ribombee|Protect|p2a: Ribombee\n|-singleturn|p2a: Ribombee|Protect\n|move|p1b: Altaria|Hyper Voice|p2a: Ribombee|[spread] \n|-activate|p2a: Ribombee|move: Wide Guard\n|-activate|p2b: Pelipper|move: Wide Guard\n|\n|-weather|RainDance|[upkeep]\n|upkeep\n|turn|5\n|\n|t:|1696024916\n|switch|p2a: Cresselia|Cresselia, F|100\/100\n|switch|p1b: Ninetales|Ninetales, M|100\/100\n|-weather|SunnyDay|[from] ability: Drought|[of] p1b: Ninetales\n|move|p2b: Pelipper|Wide Guard|p2b: Pelipper\n|-singleturn|p2b: Pelipper|Wide Guard\n|move|p1a: Sableye|Encore|p2b: Pelipper\n|-start|p2b: Pelipper|Encore\n|\n|-weather|SunnyDay|[upkeep]\n|upkeep\n|turn|6\n|\n|t:|1696024933\n|move|p2b: Pelipper|Wide Guard|p2b: Pelipper\n|-singleturn|p2b: Pelipper|Wide Guard\n|move|p1a: Sableye|Will-O-Wisp|p2a: Cresselia\n|-status|p2a: Cresselia|brn\n|move|p1b: Ninetales|Dark Pulse|p2a: Cresselia\n|-supereffective|p2a: Cresselia\n|-damage|p2a: Cresselia|78\/100 brn\n|move|p2a: Cresselia|Psychic|p1b: Ninetales\n|-damage|p1b: Ninetales|71\/100\n|\n|-weather|SunnyDay|[upkeep]\n|-damage|p2a: Cresselia|72\/100 brn|[from] brn\n|upkeep\n|turn|7\n|\n|t:|1696024954\n|switch|p2b: Ribombee|Ribombee, F|38\/100\n|move|p1a: Sableye|Will-O-Wisp|p2b: Ribombee\n|-status|p2b: Ribombee|brn\n|move|p1b: Ninetales|Solar Beam||[still]\n|-prepare|p1b: Ninetales|Solar Beam\n|-anim|p1b: Ninetales|Solar Beam|p2b: Ribombee\n|-resisted|p2b: Ribombee\n|-damage|p2b: Ribombee|17\/100 brn\n|-enditem|p2b: Ribombee|Iapapa Berry|[eat]\n|-heal|p2b: Ribombee|50\/100 brn|[from] item: Iapapa Berry\n|move|p2a: Cresselia|Psychic|p1b: Ninetales\n|-damage|p1b: Ninetales|42\/100\n|\n|-weather|SunnyDay|[upkeep]\n|-damage|p2b: Ribombee|44\/100 brn|[from] brn\n|-damage|p2a: Cresselia|66\/100 brn|[from] brn\n|upkeep\n|turn|8\n|\n|t:|1696024979\n|switch|p1a: Great Tusk|Great Tusk|100\/100\n|-activate|p1a: Great Tusk|ability: Protosynthesis\n|-start|p1a: Great Tusk|protosynthesisatk\n|move|p2a: Cresselia|Helping Hand|p2b: Ribombee\n|-singleturn|p2b: Ribombee|Helping Hand|[of] p2a: Cresselia\n|move|p2b: Ribombee|Moonblast|p1a: Great Tusk\n|-supereffective|p1a: Great Tusk\n|-damage|p1a: Great Tusk|0 fnt\n|faint|p1a: Great Tusk\n|-end|p1a: Great Tusk|Protosynthesis|[silent]\n|move|p1b: Ninetales|Heat Wave|p2a: Cresselia|[spread] p2a,p2b\n|-supereffective|p2b: Ribombee\n|-damage|p2a: Cresselia|44\/100 brn\n|-damage|p2b: Ribombee|0 fnt\n|faint|p2b: Ribombee\n|\n|-weather|SunnyDay|[upkeep]\n|-damage|p2a: Cresselia|37\/100 brn|[from] brn\n|upkeep\n|\n|t:|1696024990\n|switch|p2b: Pelipper|Pelipper, M|100\/100\n|switch|p1a: Altaria|Altaria-Mega, F, shiny|73\/100\n|-weather|RainDance|[from] ability: Drizzle|[of] p2b: Pelipper\n|turn|9\n|\n|t:|1696025010\n|switch|p1b: Sableye|Sableye, M|100\/100\n|move|p2b: Pelipper|Hurricane|p1a: Altaria\n|-damage|p1a: Altaria|39\/100\n|move|p1a: Altaria|Ice Beam|p2a: Cresselia\n|-damage|p2a: Cresselia|20\/100 brn\n|move|p2a: Cresselia|Lunar Blessing|p2a: Cresselia|[spread] p2a,p2b\n|-heal|p2a: Cresselia|45\/100 brn\n|-curestatus|p2a: Cresselia|brn|[msg]\n|\n|-weather|RainDance|[upkeep]\n|upkeep\n|turn|10\n|\n|t:|1696025036\n|switch|p1b: Ninetales|Ninetales, M|42\/100\n|-weather|SunnyDay|[from] ability: Drought|[of] p1b: Ninetales\n|move|p2b: Pelipper|Hydro Pump|p1a: Altaria|[miss]\n|-miss|p2b: Pelipper|p1a: Altaria\n|move|p1a: Altaria|Ice Beam|p2a: Cresselia\n|-damage|p2a: Cresselia|30\/100\n|move|p2a: Cresselia|Psychic|p1a: Altaria\n|-damage|p1a: Altaria|15\/100\n|\n|-weather|SunnyDay|[upkeep]\n|upkeep\n|turn|11\n|\n|t:|1696025054\n|move|p1b: Ninetales|Dark Pulse|p2a: Cresselia\n|-supereffective|p2a: Cresselia\n|-damage|p2a: Cresselia|7\/100\n|move|p2b: Pelipper|Hydro Pump|p1a: Altaria\n|-resisted|p1a: Altaria\n|-damage|p1a: Altaria|7\/100\n|move|p1a: Altaria|Roost|p1a: Altaria\n|-heal|p1a: Altaria|57\/100\n|-singleturn|p1a: Altaria|move: Roost\n|move|p2a: Cresselia|Lunar Blessing|p2a: Cresselia|[spread] p2a,p2b\n|-heal|p2a: Cresselia|32\/100\n|\n|-weather|SunnyDay|[upkeep]\n|upkeep\n|turn|12\n|\n|t:|1696025073\n|move|p1b: Ninetales|Dark Pulse|p2a: Cresselia\n|-supereffective|p2a: Cresselia\n|-damage|p2a: Cresselia|10\/100\n|move|p2b: Pelipper|Hydro Pump|p1b: Ninetales\n|-supereffective|p1b: Ninetales\n|-damage|p1b: Ninetales|0 fnt\n|faint|p1b: Ninetales\n|move|p1a: Altaria|Hyper Voice|p2a: Cresselia|[spread] p2a,p2b\n|-damage|p2a: Cresselia|0 fnt\n|-damage|p2b: Pelipper|47\/100\n|faint|p2a: Cresselia\n|\n|-weather|SunnyDay|[upkeep]\n|upkeep\n|\n|t:|1696025086\n|switch|p1b: Sableye|Sableye, M|100\/100\n|turn|13\n|\n|t:|1696025095\n|move|p2b: Pelipper|Wide Guard|p2b: Pelipper\n|-singleturn|p2b: Pelipper|Wide Guard\n|move|p1b: Sableye|Encore|p2b: Pelipper\n|-start|p2b: Pelipper|Encore\n|move|p1a: Altaria|Roost|p1a: Altaria\n|-heal|p1a: Altaria|100\/100\n|-singleturn|p1a: Altaria|move: Roost\n|\n|-weather|SunnyDay|[upkeep]\n|upkeep\n|turn|14\n|c|\u2606bibbler111|gg\n|\n|t:|1696025105\n|move|p2b: Pelipper|Wide Guard|p2b: Pelipper\n|-singleturn|p2b: Pelipper|Wide Guard\n|move|p1a: Altaria|Ice Beam|p2b: Pelipper\n|-damage|p2b: Pelipper|4\/100\n|move|p1b: Sableye|Foul Play|p2b: Pelipper\n|-damage|p2b: Pelipper|0 fnt\n|faint|p2b: Pelipper\n|\n|win|zeref203\n|raw|zeref203's rating: 1144 &rarr; <strong>1185<\/strong><br \/>(+41 for winning)\n|raw|bibbler111's rating: 1417 &rarr; <strong>1384<\/strong><br \/>(-33 for losing)\n|c|\u2606zeref203|Gg\n","uploadtime":1696025122,"views":9,"p1id":"zeref203","p2id":"bibbler111","formatid":"gen9nationaldexdoubles","rating":1185,"private":0,"password":""}