{"id":"gen9nationaldexdoubles-1976145646","p1":"PipimiDaro","p2":"harshuaz","format":"[Gen 9] National Dex Doubles","log":"|j|\u203dPipimiDaro\n|j|\u2606harshuaz\n|t:|1698267703\n|gametype|doubles\n|player|p1|PipimiDaro|pokekid|1126\n|player|p2|harshuaz|266|1116\n|teamsize|p1|6\n|teamsize|p2|6\n|gen|9\n|tier|[Gen 9] National Dex Doubles\n|rated|\n|rule|HP Percentage Mod: HP is shown in percentages\n|rule|Endless Battle Clause: Forcing endless battles is banned\n|rule|OHKO Clause: OHKO moves are banned\n|rule|Evasion Moves Clause: Evasion moves are banned\n|rule|Evasion Abilities Clause: Evasion abilities are banned\n|rule|Species Clause: Limit one of each Pok\u00e9mon\n|rule|Gravity Sleep Clause: The combination of sleep-inducing moves with imperfect accuracy and Gravity or Gigantamax Orbeetle are banned\n|clearpoke\n|poke|p1|Sableye, M|\n|poke|p1|Flamigo, F|\n|poke|p1|Meowscarada, M|\n|poke|p1|Indeedee-F, F|\n|poke|p1|Hatterene, F|\n|poke|p1|Krookodile, M|\n|poke|p2|Meowscarada, F|\n|poke|p2|Krookodile, F|\n|poke|p2|Flamigo, M|\n|poke|p2|Sableye, M|\n|poke|p2|Indeedee-F, F|\n|poke|p2|Hatterene, F|\n|teampreview\n|inactive|Battle timer is ON: inactive players will automatically lose when time's up. (requested by PipimiDaro)\n|\n|t:|1698267723\n|start\n|switch|p1a: Hatterene|Hatterene, F, shiny|100\/100\n|switch|p1b: Indeedee|Indeedee-F, F, shiny|100\/100\n|switch|p2a: cat|Meowscarada, F, shiny|100\/100\n|switch|p2b: Croccy|Krookodile, F, shiny|100\/100\n|-fieldstart|move: Psychic Terrain|[from] ability: Psychic Surge|[of] p1b: Indeedee\n|-enditem|p1a: Hatterene|Psychic Seed\n|-boost|p1a: Hatterene|spd|1|[from] item: Psychic Seed\n|turn|1\n|c|\u2606harshuaz|that\u2019s crazy\n|\n|t:|1698267743\n|move|p1b: Indeedee|Follow Me|p1b: Indeedee\n|-singleturn|p1b: Indeedee|move: Follow Me\n|move|p2a: cat|Flower Trick|p1b: Indeedee\n|-crit|p1b: Indeedee\n|-damage|p1b: Indeedee|41\/100\n|move|p2b: Croccy|Earthquake|p1b: Indeedee|[spread] p2a,p1a,p1b\n|-resisted|p2a: cat\n|-damage|p2a: cat|79\/100\n|-damage|p1a: Hatterene|60\/100\n|-damage|p1b: Indeedee|0 fnt\n|faint|p1b: Indeedee\n|move|p1a: Hatterene|Trick Room|p1a: Hatterene\n|-fieldstart|move: Trick Room|[of] p1a: Hatterene\n|\n|upkeep\n|inactive|PipimiDaro has 120 seconds left.\n|\n|t:|1698267777\n|switch|p1b: Sableye|Sableye, M|100\/100\n|turn|2\n|\n|t:|1698267796\n|move|p1a: Hatterene|Dazzling Gleam|p2b: Croccy|[spread] p2a,p2b\n|-supereffective|p2a: cat\n|-supereffective|p2b: Croccy\n|-damage|p2a: cat|0 fnt\n|-damage|p2b: Croccy|8\/100\n|-enditem|p2b: Croccy|Salac Berry|[eat]\n|-boost|p2b: Croccy|spe|1|[from] item: Salac Berry\n|faint|p2a: cat\n|move|p1b: Sableye|Drain Punch|p2b: Croccy\n|-supereffective|p2b: Croccy\n|-damage|p2b: Croccy|0 fnt\n|faint|p2b: Croccy\n|\n|upkeep\n|\n|t:|1698267812\n|switch|p2b: pink|Flamigo, M, shiny|100\/100\n|switch|p2a: Gem|Sableye, M, shiny|100\/100\n|-copyboost|p2b: pink|p2a: Gem|[from] ability: Costar\n|turn|3\n|\n|t:|1698267824\n|move|p2a: Gem|Fake Out|p1a: Hatterene\n|-activate|p1a: Hatterene|move: Psychic Terrain\n|move|p1a: Hatterene|Dazzling Gleam|p2a: Gem|[spread] p2a,p2b\n|-supereffective|p2a: Gem\n|-supereffective|p2b: pink\n|-damage|p2a: Gem|0 fnt\n|-enditem|p2b: pink|Focus Sash\n|-damage|p2b: pink|1\/100\n|faint|p2a: Gem\n|move|p1b: Sableye|Foul Play|p2b: pink\n|-resisted|p2b: pink\n|-damage|p2b: pink|0 fnt\n|faint|p2b: pink\n|\n|upkeep\n|\n|t:|1698267837\n|switch|p2a: Idk|Indeedee-F, F, shiny|100\/100\n|switch|p2b: coat|Hatterene, F, shiny|100\/100\n|-enditem|p2b: coat|Psychic Seed\n|-boost|p2b: coat|spd|1|[from] item: Psychic Seed\n|turn|4\n|\n|t:|1698267861\n|move|p2a: Idk|Follow Me|p2a: Idk\n|-singleturn|p2a: Idk|move: Follow Me\n|move|p1a: Hatterene|Mystical Fire|p2a: Idk\n|-damage|p2a: Idk|67\/100\n|-unboost|p2a: Idk|spa|1\n|move|p2b: coat|Dazzling Gleam|p1a: Hatterene|[spread] p1a,p1b\n|-supereffective|p1b: Sableye\n|-damage|p1a: Hatterene|34\/100\n|-damage|p1b: Sableye|0 fnt\n|faint|p1b: Sableye\n|\n|upkeep\n|\n|t:|1698267874\n|switch|p1b: Krookodile|Krookodile, M|100\/100\n|turn|5\n|\n|t:|1698267884\n|move|p1b: Krookodile|Protect|p1b: Krookodile\n|-singleturn|p1b: Krookodile|Protect\n|move|p2a: Idk|Follow Me|p2a: Idk\n|-singleturn|p2a: Idk|move: Follow Me\n|move|p2b: coat|Dazzling Gleam|p1a: Hatterene|[spread] p1a\n|-activate|p1b: Krookodile|move: Protect\n|-damage|p1a: Hatterene|8\/100\n|move|p1a: Hatterene|Mystical Fire|p2a: Idk\n|-damage|p2a: Idk|34\/100\n|-unboost|p2a: Idk|spa|1\n|\n|-fieldend|move: Trick Room\n|-fieldend|move: Psychic Terrain\n|upkeep\n|turn|6\n|\n|t:|1698267909\n|-terastallize|p1b: Krookodile|Fire\n|move|p2a: Idk|Follow Me|p2a: Idk\n|-singleturn|p2a: Idk|move: Follow Me\n|move|p1b: Krookodile|Earthquake|p2b: coat|[spread] p1a,p2a,p2b\n|-damage|p1a: Hatterene|0 fnt\n|-damage|p2a: Idk|0 fnt\n|-damage|p2b: coat|58\/100\n|faint|p1a: Hatterene\n|faint|p2a: Idk\n|move|p2b: coat|Dazzling Gleam|p1b: Krookodile\n|-resisted|p1b: Krookodile\n|-crit|p1b: Krookodile\n|-damage|p1b: Krookodile|53\/100\n|-setboost|p1b: Krookodile|atk|6|[from] ability: Anger Point\n|\n|upkeep\n|\n|t:|1698267912\n|switch|p1a: Meowscarada|Meowscarada, M|100\/100\n|turn|7\n|\n|t:|1698267928\n|move|p1a: Meowscarada|Flower Trick|p2b: coat\n|-crit|p2b: coat\n|-damage|p2b: coat|19\/100\n|move|p1b: Krookodile|Power Trip|p2b: coat\n|-damage|p2b: coat|0 fnt\n|faint|p2b: coat\n|\n|win|PipimiDaro\n|raw|PipimiDaro's rating: 1126 &rarr; <strong>1153<\/strong><br \/>(+27 for winning)\n|raw|harshuaz's rating: 1147 &rarr; <strong>1120<\/strong><br \/>(-27 for losing)\n","uploadtime":1698267934,"views":11,"p1id":"pipimidaro","p2id":"harshuaz","formatid":"gen9nationaldexdoubles","rating":1120,"private":0,"password":""}