{"id":"gen9nationaldexdoubles-1968712079","p1":"Miiirza","p2":"xiaoqing three","format":"[Gen 9] National Dex Doubles","log":"|j|\u2606Miiirza\n|j|\u2606xiaoqing three\n|t:|1697456871\n|gametype|doubles\n|player|p1|Miiirza|saturn|1593\n|player|p2|xiaoqing three|juliana-s|1699\n|teamsize|p1|6\n|teamsize|p2|6\n|gen|9\n|tier|[Gen 9] National Dex Doubles\n|rated|\n|rule|HP Percentage Mod: HP is shown in percentages\n|rule|Endless Battle Clause: Forcing endless battles is banned\n|rule|OHKO Clause: OHKO moves are banned\n|rule|Evasion Moves Clause: Evasion moves are banned\n|rule|Evasion Abilities Clause: Evasion abilities are banned\n|rule|Species Clause: Limit one of each Pok\u00e9mon\n|rule|Gravity Sleep Clause: The combination of sleep-inducing moves with imperfect accuracy and Gravity or Gigantamax Orbeetle are banned\n|clearpoke\n|poke|p1|Incineroar, M|\n|poke|p1|Gastrodon-East, M|\n|poke|p1|Rillaboom, M|\n|poke|p1|Zygarde|\n|poke|p1|Amoonguss, M|\n|poke|p1|Chien-Pao|\n|poke|p2|Marshadow|\n|poke|p2|Rillaboom, F|\n|poke|p2|Diancie|\n|poke|p2|Palafin, F|\n|poke|p2|Salamence, M|\n|poke|p2|Heatran, M|\n|teampreview\n|inactive|Battle timer is ON: inactive players will automatically lose when time's up. (requested by Miiirza)\n|\n|t:|1697456890\n|start\n|switch|p1a: Chien-Pao|Chien-Pao|100\/100\n|switch|p1b: Incineroar|Incineroar, M, shiny|100\/100\n|switch|p2a: Rillaboom|Rillaboom, F, shiny|100\/100\n|switch|p2b: Palafin|Palafin, F, shiny|100\/100\n|-ability|p1a: Chien-Pao|Sword of Ruin\n|-fieldstart|move: Grassy Terrain|[from] ability: Grassy Surge|[of] p2a: Rillaboom\n|-ability|p1b: Incineroar|Intimidate|boost\n|-unboost|p2a: Rillaboom|atk|1\n|-unboost|p2b: Palafin|atk|1\n|turn|1\n|\n|t:|1697456909\n|detailschange|p2b: Palafin|Palafin-Hero, F, shiny\n|switch|p2b: Diancie|Diancie, shiny|100\/100\n|move|p2a: Rillaboom|Fake Out|p1a: Chien-Pao\n|-crit|p1a: Chien-Pao\n|-damage|p1a: Chien-Pao|70\/100\n|move|p1b: Incineroar|Fake Out|p2b: Diancie\n|-resisted|p2b: Diancie\n|-damage|p2b: Diancie|93\/100\n|cant|p1a: Chien-Pao|flinch\n|\n|-heal|p1a: Chien-Pao|76\/100|[from] Grassy Terrain\n|-heal|p2b: Diancie|99\/100|[from] Grassy Terrain\n|upkeep\n|turn|2\n|\n|t:|1697456924\n|move|p1a: Chien-Pao|Protect|p1a: Chien-Pao\n|-singleturn|p1a: Chien-Pao|Protect\n|move|p2a: Rillaboom|U-turn|p1a: Chien-Pao\n|-activate|p1a: Chien-Pao|move: Protect\n|move|p1b: Incineroar|Parting Shot|p2a: Rillaboom\n|-unboost|p2a: Rillaboom|atk|1\n|-unboost|p2a: Rillaboom|spa|1\n|\n|t:|1697456931\n|switch|p1b: Amoonguss|Amoonguss, M|100\/100|[from] Parting Shot\n|move|p2b: Diancie|Trick Room|p2b: Diancie\n|-fieldstart|move: Trick Room|[of] p2b: Diancie\n|\n|-heal|p2b: Diancie|100\/100|[from] Grassy Terrain\n|-heal|p1a: Chien-Pao|82\/100|[from] Grassy Terrain\n|upkeep\n|turn|3\n|\n|t:|1697456944\n|switch|p1a: Zygarde|Zygarde, shiny|100\/100\n|-ability|p1a: Zygarde|Aura Break\n|move|p1b: Amoonguss|Spore|p2b: Diancie\n|-status|p2b: Diancie|slp|[from] move: Spore\n|cant|p2b: Diancie|slp\n|move|p2a: Rillaboom|U-turn|p1a: Zygarde\n|-damage|p1a: Zygarde|92\/100\n|\n|t:|1697456952\n|switch|p2a: Palafin|Palafin-Hero, F, shiny|100\/100|[from] U-turn\n|-activate|p2a: Palafin|ability: Zero to Hero\n|\n|-heal|p1a: Zygarde|98\/100|[from] Grassy Terrain\n|-heal|p1a: Zygarde|100\/100|[from] item: Leftovers\n|upkeep\n|turn|4\n|\n|t:|1697456962\n|switch|p2b: Salamence|Salamence, M|100\/100\n|-ability|p2b: Salamence|Intimidate|boost\n|-unboost|p1a: Zygarde|atk|1\n|-unboost|p1b: Amoonguss|atk|1\n|move|p1b: Amoonguss|Spore|p2a: Palafin\n|-activate|p2a: Palafin|item: Safety Goggles|Spore\n|move|p2a: Palafin|Bulk Up|p2a: Palafin\n|-boost|p2a: Palafin|atk|1\n|-boost|p2a: Palafin|def|1\n|move|p1a: Zygarde|Dragon Dance|p1a: Zygarde\n|-boost|p1a: Zygarde|atk|1\n|-boost|p1a: Zygarde|spe|1\n|\n|upkeep\n|turn|5\n|\n|t:|1697456977\n|switch|p2b: Rillaboom|Rillaboom, F, shiny|100\/100\n|move|p1a: Zygarde|Protect|p1a: Zygarde\n|-singleturn|p1a: Zygarde|Protect\n|move|p1b: Amoonguss|Spore|p2b: Rillaboom\n|-immune|p2b: Rillaboom\n|move|p2a: Palafin|Bulk Up|p2a: Palafin\n|-boost|p2a: Palafin|atk|1\n|-boost|p2a: Palafin|def|1\n|\n|-fieldend|move: Grassy Terrain\n|upkeep\n|turn|6\n|\n|t:|1697456996\n|move|p2b: Rillaboom|Fake Out|p1b: Amoonguss\n|-damage|p1b: Amoonguss|89\/100\n|cant|p1b: Amoonguss|flinch\n|move|p2a: Palafin|Bulk Up|p2a: Palafin\n|-boost|p2a: Palafin|atk|1\n|-boost|p2a: Palafin|def|1\n|move|p1a: Zygarde|Dragon Dance|p1a: Zygarde\n|-boost|p1a: Zygarde|atk|1\n|-boost|p1a: Zygarde|spe|1\n|\n|-heal|p1b: Amoonguss|95\/100|[from] item: Leftovers\n|-fieldend|move: Trick Room\n|upkeep\n|turn|7\n|\n|t:|1697457011\n|switch|p2b: Salamence|Salamence, M|100\/100\n|-ability|p2b: Salamence|Intimidate|boost\n|-unboost|p1a: Zygarde|atk|1\n|-unboost|p1b: Amoonguss|atk|1\n|move|p1a: Zygarde|Protect|p1a: Zygarde\n|-singleturn|p1a: Zygarde|Protect\n|move|p2a: Palafin|Drain Punch|p1a: Zygarde\n|-activate|p1a: Zygarde|move: Protect\n|move|p1b: Amoonguss|Clear Smog|p2a: Palafin\n|-damage|p2a: Palafin|88\/100\n|-clearboost|p2a: Palafin\n|\n|-heal|p1b: Amoonguss|100\/100|[from] item: Leftovers\n|upkeep\n|turn|8\n|\n|t:|1697457026\n|switch|p1b: Incineroar|Incineroar, M, shiny|100\/100\n|-ability|p1b: Incineroar|Intimidate|boost\n|-unboost|p2a: Palafin|atk|1\n|-unboost|p2b: Salamence|atk|1\n|detailschange|p2b: Salamence|Salamence-Mega, M\n|-mega|p2b: Salamence|Salamence|Salamencite\n|move|p1a: Zygarde|Thousand Arrows|p2a: Palafin|[spread] p2a,p2b\n|-damage|p2a: Palafin|65\/100\n|-damage|p2b: Salamence|84\/100\n|-start|p2b: Salamence|Smack Down\n|move|p2b: Salamence|Double-Edge|p1b: Incineroar\n|-damage|p1b: Incineroar|56\/100\n|-damage|p2b: Salamence|70\/100|[from] Recoil\n|move|p2a: Palafin|Bulk Up|p2a: Palafin\n|-boost|p2a: Palafin|atk|1\n|-boost|p2a: Palafin|def|1\n|\n|upkeep\n|turn|9\n|\n|t:|1697457052\n|switch|p2b: Rillaboom|Rillaboom, F, shiny|100\/100\n|-fieldstart|move: Grassy Terrain|[from] ability: Grassy Surge|[of] p2b: Rillaboom\n|switch|p1b: Amoonguss|Amoonguss, M|100\/100\n|move|p1a: Zygarde|Dragon Dance|p1a: Zygarde\n|-boost|p1a: Zygarde|atk|1\n|-boost|p1a: Zygarde|spe|1\n|move|p2a: Palafin|Bulk Up|p2a: Palafin\n|-boost|p2a: Palafin|atk|1\n|-boost|p2a: Palafin|def|1\n|\n|-heal|p2a: Palafin|72\/100|[from] Grassy Terrain\n|upkeep\n|turn|10\n|\n|t:|1697457067\n|move|p2b: Rillaboom|Fake Out|p1b: Amoonguss\n|-damage|p1b: Amoonguss|89\/100\n|move|p1a: Zygarde|Thousand Arrows|p2b: Rillaboom|[spread] p2a,p2b\n|-resisted|p2b: Rillaboom\n|-damage|p2a: Palafin|55\/100\n|-damage|p2b: Rillaboom|83\/100\n|move|p2a: Palafin|Drain Punch|p1a: Zygarde\n|-damage|p1a: Zygarde|69\/100\n|-heal|p2a: Palafin|71\/100|[from] drain|[of] p1a: Zygarde\n|cant|p1b: Amoonguss|flinch\n|\n|-heal|p1a: Zygarde|75\/100|[from] Grassy Terrain\n|-heal|p1a: Zygarde|81\/100|[from] item: Leftovers\n|-heal|p2a: Palafin|77\/100|[from] Grassy Terrain\n|-heal|p2b: Rillaboom|89\/100|[from] Grassy Terrain\n|-heal|p1b: Amoonguss|95\/100|[from] Grassy Terrain\n|-heal|p1b: Amoonguss|100\/100|[from] item: Leftovers\n|upkeep\n|turn|11\n|\n|t:|1697457088\n|move|p2a: Palafin|Jet Punch|p1a: Zygarde\n|-crit|p1a: Zygarde\n|-damage|p1a: Zygarde|25\/100\n|move|p1a: Zygarde|Thousand Arrows|p2a: Palafin|[spread] p2a,p2b\n|-resisted|p2b: Rillaboom\n|-damage|p2a: Palafin|60\/100\n|-damage|p2b: Rillaboom|72\/100\n|move|p2b: Rillaboom|U-turn|p1b: Amoonguss\n|-damage|p1b: Amoonguss|82\/100\n|\n|t:|1697457099\n|switch|p2b: Heatran|Heatran, M|100\/100|[from] U-turn\n|move|p1b: Amoonguss|Spore|p2b: Heatran\n|-status|p2b: Heatran|slp|[from] move: Spore\n|\n|-heal|p1a: Zygarde|32\/100|[from] Grassy Terrain\n|-heal|p1a: Zygarde|38\/100|[from] item: Leftovers\n|-heal|p2a: Palafin|66\/100|[from] Grassy Terrain\n|-heal|p1b: Amoonguss|88\/100|[from] Grassy Terrain\n|-heal|p1b: Amoonguss|94\/100|[from] item: Leftovers\n|upkeep\n|turn|12\n|\n|t:|1697457113\n|move|p1a: Zygarde|Protect|p1a: Zygarde\n|-singleturn|p1a: Zygarde|Protect\n|move|p2a: Palafin|Jet Punch|p1a: Zygarde\n|-activate|p1a: Zygarde|move: Protect\n|cant|p2b: Heatran|slp\n|move|p1b: Amoonguss|Clear Smog|p2a: Palafin\n|-damage|p2a: Palafin|53\/100\n|-clearboost|p2a: Palafin\n|\n|-heal|p1a: Zygarde|44\/100|[from] Grassy Terrain\n|-heal|p1a: Zygarde|50\/100|[from] item: Leftovers\n|-heal|p2a: Palafin|59\/100|[from] Grassy Terrain\n|-heal|p1b: Amoonguss|100\/100|[from] Grassy Terrain\n|upkeep\n|turn|13\n|\n|t:|1697457129\n|switch|p2b: Rillaboom|Rillaboom, F, shiny|72\/100\n|switch|p1b: Gastrodon|Gastrodon-East, M, shiny|100\/100\n|move|p2a: Palafin|Jet Punch|p1b: Gastrodon\n|-activate|p1b: Gastrodon|ability: Storm Drain\n|-ability|p1b: Gastrodon|Storm Drain|boost\n|-boost|p1b: Gastrodon|spa|1\n|move|p1a: Zygarde|Thousand Arrows|p2b: Rillaboom|[spread] p2a,p2b\n|-resisted|p2b: Rillaboom\n|-damage|p2a: Palafin|25\/100\n|-damage|p2b: Rillaboom|54\/100\n|\n|-heal|p1a: Zygarde|56\/100|[from] Grassy Terrain\n|-heal|p1a: Zygarde|63\/100|[from] item: Leftovers\n|-heal|p2a: Palafin|32\/100|[from] Grassy Terrain\n|-heal|p2b: Rillaboom|60\/100|[from] Grassy Terrain\n|-fieldend|move: Grassy Terrain\n|upkeep\n|turn|14\n|\n|t:|1697457153\n|move|p1b: Gastrodon|Protect|p1b: Gastrodon\n|-singleturn|p1b: Gastrodon|Protect\n|move|p1a: Zygarde|Thousand Arrows|p2a: Palafin|[spread] p2a,p2b\n|-resisted|p2b: Rillaboom\n|-crit|p2b: Rillaboom\n|-damage|p2a: Palafin|1\/100\n|-damage|p2b: Rillaboom|35\/100\n|move|p2a: Palafin|Bulk Up|p2a: Palafin\n|-boost|p2a: Palafin|atk|1\n|-boost|p2a: Palafin|def|1\n|move|p2b: Rillaboom|U-turn|p1b: Gastrodon\n|-activate|p1b: Gastrodon|move: Protect\n|\n|-heal|p1a: Zygarde|69\/100|[from] item: Leftovers\n|upkeep\n|turn|15\n|\n|t:|1697457169\n|-terastallize|p1b: Gastrodon|Fire\n|move|p2a: Palafin|Jet Punch|p1b: Gastrodon\n|-activate|p1b: Gastrodon|ability: Storm Drain\n|-ability|p1b: Gastrodon|Storm Drain|boost\n|-boost|p1b: Gastrodon|spa|1\n|move|p1a: Zygarde|Thousand Arrows|p2b: Rillaboom|[spread] p2a,p2b\n|-resisted|p2b: Rillaboom\n|-damage|p2a: Palafin|0 fnt\n|-damage|p2b: Rillaboom|19\/100\n|faint|p2a: Palafin\n|move|p2b: Rillaboom|Grassy Glide|p1b: Gastrodon\n|-resisted|p1b: Gastrodon\n|-crit|p1b: Gastrodon\n|-damage|p1b: Gastrodon|81\/100\n|move|p1b: Gastrodon|Ice Beam|p2b: Rillaboom\n|-supereffective|p2b: Rillaboom\n|-damage|p2b: Rillaboom|0 fnt\n|faint|p2b: Rillaboom\n|\n|-heal|p1a: Zygarde|75\/100|[from] item: Leftovers\n|-heal|p1b: Gastrodon|88\/100|[from] item: Leftovers\n|upkeep\n|\n|t:|1697457179\n|switch|p2a: Marshadow|Marshadow|100\/100\n|switch|p2b: Salamence|Salamence-Mega, M|70\/100\n|turn|16\n|\n|t:|1697457196\n|switch|p1a: Amoonguss|Amoonguss, M|100\/100\n|move|p2a: Marshadow|Spectral Thief|p1a: Amoonguss\n|-damage|p1a: Amoonguss|62\/100\n|move|p2b: Salamence|Double-Edge|p1b: Gastrodon\n|-damage|p1b: Gastrodon|24\/100\n|-damage|p2b: Salamence|48\/100|[from] Recoil\n|move|p1b: Gastrodon|Ice Beam|p2b: Salamence\n|-supereffective|p2b: Salamence\n|-damage|p2b: Salamence|0 fnt\n|faint|p2b: Salamence\n|\n|-heal|p1b: Gastrodon|30\/100|[from] item: Leftovers\n|-heal|p1a: Amoonguss|68\/100|[from] item: Leftovers\n|upkeep\n|\n|t:|1697457206\n|switch|p2b: Diancie|Diancie, shiny|100\/100 slp\n|turn|17\n|\n|t:|1697457215\n|move|p1a: Amoonguss|Rage Powder|p1a: Amoonguss\n|-singleturn|p1a: Amoonguss|move: Rage Powder\n|-zpower|p2a: Marshadow\n|move|p2a: Marshadow|Soul-Stealing 7-Star Strike|p1a: Amoonguss|[zeffect]\n|-damage|p1a: Amoonguss|0 fnt\n|faint|p1a: Amoonguss\n|cant|p2b: Diancie|slp\n|move|p1b: Gastrodon|Muddy Water|p2b: Diancie|[spread] p2a,p2b\n|-supereffective|p2b: Diancie\n|-damage|p2a: Marshadow|38\/100\n|-damage|p2b: Diancie|25\/100 slp\n|-enditem|p2b: Diancie|Weakness Policy\n|-boost|p2b: Diancie|atk|2|[from] item: Weakness Policy\n|-boost|p2b: Diancie|spa|2|[from] item: Weakness Policy\n|\n|-heal|p1b: Gastrodon|36\/100|[from] item: Leftovers\n|upkeep\n|\n|t:|1697457234\n|switch|p1a: Rillaboom|Rillaboom, M|100\/100\n|-fieldstart|move: Grassy Terrain|[from] ability: Grassy Surge|[of] p1a: Rillaboom\n|turn|18\n|\n|t:|1697457246\n|-terastallize|p2b: Diancie|Grass\n|move|p1a: Rillaboom|Grassy Glide|p2a: Marshadow\n|-damage|p2a: Marshadow|0 fnt\n|faint|p2a: Marshadow\n|move|p1b: Gastrodon|Earth Power|p2b: Diancie\n|-resisted|p2b: Diancie\n|-damage|p2b: Diancie|0 fnt\n|faint|p2b: Diancie\n|\n|-heal|p1b: Gastrodon|43\/100|[from] Grassy Terrain\n|-heal|p1b: Gastrodon|49\/100|[from] item: Leftovers\n|upkeep\n|c|\u2606xiaoqing three|gg\n|\n|t:|1697457259\n|switch|p2b: Heatran|Heatran, M|100\/100 slp\n|turn|19\n|c|\u2606Miiirza|gg\n|\n|t:|1697457264\n|move|p1a: Rillaboom|Superpower|p2b: Heatran\n|-supereffective|p2b: Heatran\n|-damage|p2b: Heatran|38\/100 slp\n|-unboost|p1a: Rillaboom|atk|1\n|-unboost|p1a: Rillaboom|def|1\n|-curestatus|p2b: Heatran|slp|[msg]\n|move|p2b: Heatran|Eruption|p1a: Rillaboom|[spread] p1a,p1b\n|-supereffective|p1a: Rillaboom\n|-resisted|p1b: Gastrodon\n|-damage|p1a: Rillaboom|60\/100\n|-damage|p1b: Gastrodon|38\/100\n|move|p1b: Gastrodon|Earth Power|p2b: Heatran\n|-supereffective|p2b: Heatran\n|-damage|p2b: Heatran|0 fnt\n|faint|p2b: Heatran\n|\n|win|Miiirza\n|raw|Miiirza's rating: 1593 &rarr; <strong>1619<\/strong><br \/>(+26 for winning)\n|raw|xiaoqing three's rating: 1699 &rarr; <strong>1673<\/strong><br \/>(-26 for losing)\n|l|\u2606xiaoqing three\n","uploadtime":1697457281,"views":36,"p1id":"miiirza","p2id":"xiaoqingthree","formatid":"gen9nationaldexdoubles","rating":1619,"private":0,"password":""}