{"id":"gen9nationaldexdoubles-1948298325","p1":"CometCaster","p2":"TDScott8","format":"[Gen 9] National Dex Doubles","log":"|j|\u2606CometCaster\n|j|\u2606TDScott8\n|t:|1695246276\n|gametype|doubles\n|player|p1|CometCaster|pokemonbreeder-gen4|\n|player|p2|TDScott8|artist|\n|teamsize|p1|6\n|teamsize|p2|6\n|gen|9\n|tier|[Gen 9] National Dex Doubles\n|rule|HP Percentage Mod: HP is shown in percentages\n|rule|Endless Battle Clause: Forcing endless battles is banned\n|rule|OHKO Clause: OHKO moves are banned\n|rule|Evasion Moves Clause: Evasion moves are banned\n|rule|Evasion Abilities Clause: Evasion abilities are banned\n|rule|Species Clause: Limit one of each Pok\u00e9mon\n|rule|Gravity Sleep Clause: The combination of sleep-inducing moves with imperfect accuracy and Gravity or Gigantamax Orbeetle are banned\n|clearpoke\n|poke|p1|Pawniard, M|\n|poke|p1|Gimmighoul|\n|poke|p1|Foongus, M|\n|poke|p1|Sentret, F|\n|poke|p1|Cacnea, M|\n|poke|p1|Froakie, M|\n|poke|p2|Mudbray, M|\n|poke|p2|Trubbish, F|\n|poke|p2|Impidimp, M|\n|poke|p2|Dreepy, M|\n|poke|p2|Porygon|\n|poke|p2|Chinchou, F|\n|teampreview\n|\n|t:|1695246291\n|start\n|switch|p1a: Sentret|Sentret, F|100\/100\n|switch|p1b: Cacnea|Cacnea, M|100\/100\n|switch|p2a: The Scraps|Trubbish, F|100\/100\n|switch|p2b: >:P|Impidimp, M|100\/100\n|-item|p2a: The Scraps|Air Balloon\n|-item|p2a: The Scraps|Air Balloon|[from] ability: Frisk|[of] p1a: Sentret|[identify]\n|-item|p2b: >:P|Red Card|[from] ability: Frisk|[of] p1a: Sentret|[identify]\n|turn|1\n|\n|t:|1695246339\n|move|p2b: >:P|Fake Out|p1b: Cacnea\n|-damage|p1b: Cacnea|86\/100\n|move|p2a: The Scraps|Toxic Spikes|p1b: Cacnea\n|-sidestart|p1: CometCaster|move: Toxic Spikes\n|cant|p1b: Cacnea|flinch\n|move|p1a: Sentret|Surf|p2a: The Scraps|[spread] p2a,p2b\n|-heal|p1b: Cacnea|100\/100|[from] ability: Water Absorb|[of] p1a: Sentret\n|-damage|p2a: The Scraps|89\/100\n|-damage|p2b: >:P|85\/100\n|-enditem|p2a: The Scraps|Air Balloon\n|-enditem|p2b: >:P|Red Card|[of] p1a: Sentret\n|drag|p1a: Pawniard|Pawniard, M|100\/100\n|\n|upkeep\n|turn|2\n|\n|t:|1695246393\n|move|p2b: >:P|Parting Shot|p1b: Cacnea\n|-unboost|p1b: Cacnea|atk|1\n|-unboost|p1b: Cacnea|spa|1\n|\n|t:|1695246408\n|switch|p2b: Birdo 2|Porygon, shiny|100\/100|[from] Parting Shot\n|move|p2a: The Scraps|Toxic Spikes|p1b: Cacnea\n|-sidestart|p1: CometCaster|move: Toxic Spikes\n|move|p1b: Cacnea|Poison Jab|p2b: Birdo 2\n|-damage|p2b: Birdo 2|68\/100\n|-damage|p1b: Cacnea|91\/100|[from] item: Life Orb\n|move|p1a: Pawniard|Night Slash|p2a: The Scraps\n|-damage|p2a: The Scraps|45\/100\n|\n|upkeep\n|turn|3\n|\n|t:|1695246435\n|switch|p1b: Foongus|Foongus, M, shiny|100\/100\n|-sideend|p1: CometCaster|move: Toxic Spikes|[of] p1b: Foongus\n|move|p2b: Birdo 2|Protect|p2b: Birdo 2\n|-singleturn|p2b: Birdo 2|Protect\n|move|p2a: The Scraps|Explosion|p1b: Foongus|[spread] p1a,p1b\n|-activate|p2b: Birdo 2|move: Protect\n|-resisted|p1a: Pawniard\n|-damage|p1a: Pawniard|80\/100\n|-damage|p1b: Foongus|66\/100\n|faint|p2a: The Scraps\n|move|p1a: Pawniard|Night Slash|p2b: Birdo 2\n|-activate|p2b: Birdo 2|move: Protect\n|\n|upkeep\n|\n|t:|1695246497\n|switch|p2a: >:P|Impidimp, M|85\/100\n|turn|4\n|\n|t:|1695246554\n|move|p2a: >:P|Fake Out|p1b: Foongus\n|-damage|p1b: Foongus|58\/100\n|move|p1a: Pawniard|Iron Head|p2a: >:P\n|-supereffective|p2a: >:P\n|-damage|p2a: >:P|0 fnt\n|faint|p2a: >:P\n|cant|p1b: Foongus|flinch\n|move|p2b: Birdo 2|Ice Beam|p1b: Foongus\n|-supereffective|p1b: Foongus\n|-damage|p1b: Foongus|0 fnt\n|faint|p1b: Foongus\n|\n|upkeep\n|\n|t:|1695246593\n|switch|p2a: Denim Gucci|Mudbray, M, shiny|100\/100\n|switch|p1b: Gimmighoul|Gimmighoul|100\/100\n|turn|5\n|\n|t:|1695246619\n|move|p2b: Birdo 2|Protect|p2b: Birdo 2\n|-singleturn|p2b: Birdo 2|Protect\n|move|p1a: Pawniard|Night Slash|p2b: Birdo 2\n|-activate|p2b: Birdo 2|move: Protect\n|move|p2a: Denim Gucci|Earthquake|p1b: Gimmighoul|[spread] p1a,p1b\n|-activate|p2b: Birdo 2|move: Protect\n|-supereffective|p1a: Pawniard\n|-damage|p1a: Pawniard|0 fnt\n|-damage|p1b: Gimmighoul|66\/100\n|faint|p1a: Pawniard\n|move|p1b: Gimmighoul|Nasty Plot|p1b: Gimmighoul\n|-boost|p1b: Gimmighoul|spa|2\n|\n|upkeep\n|\n|t:|1695246637\n|switch|p1a: Froakie|Froakie, M|100\/100\n|turn|6\n|\n|t:|1695246655\n|move|p1a: Froakie|Ice Beam|p2a: Denim Gucci\n|-start|p1a: Froakie|typechange|Ice|[from] ability: Protean\n|-supereffective|p2a: Denim Gucci\n|-damage|p2a: Denim Gucci|46\/100\n|-ability|p2a: Denim Gucci|Stamina|boost\n|-boost|p2a: Denim Gucci|def|1\n|move|p1b: Gimmighoul|Shadow Ball|p2a: Denim Gucci\n|-damage|p2a: Denim Gucci|2\/100\n|-ability|p2a: Denim Gucci|Stamina|boost\n|-boost|p2a: Denim Gucci|def|1\n|move|p2b: Birdo 2|Discharge|p1a: Froakie|[spread] p1a,p1b\n|-immune|p2a: Denim Gucci\n|-damage|p1a: Froakie|49\/100\n|-damage|p1b: Gimmighoul|48\/100\n|move|p2a: Denim Gucci|Roar|p1b: Gimmighoul\n|drag|p1b: Sentret|Sentret, F|100\/100\n|-item|p2a: Denim Gucci|Eviolite|[from] ability: Frisk|[of] p1b: Sentret|[identify]\n|-item|p2b: Birdo 2|Lagging Tail|[from] ability: Frisk|[of] p1b: Sentret|[identify]\n|\n|-heal|p1a: Froakie|55\/100|[from] item: Leftovers\n|upkeep\n|turn|7\n|\n|t:|1695246724\n|move|p1b: Sentret|Follow Me|p1b: Sentret\n|-singleturn|p1b: Sentret|move: Follow Me\n|move|p1a: Froakie|Ice Beam|p2a: Denim Gucci\n|-supereffective|p2a: Denim Gucci\n|-damage|p2a: Denim Gucci|0 fnt\n|faint|p2a: Denim Gucci\n|move|p2b: Birdo 2|Discharge|p1b: Sentret|[spread] p1a,p1b\n|-damage|p1a: Froakie|0 fnt\n|-damage|p1b: Sentret|61\/100\n|faint|p1a: Froakie\n|\n|upkeep\n|\n|t:|1695246747\n|switch|p1a: Cacnea|Cacnea, M|91\/100\n|switch|p2a: Dr. Eepy|Dreepy, M, shiny|100\/100\n|turn|8\n|\n|t:|1695246791\n|-terastallize|p2a: Dr. Eepy|Dragon\n|move|p2a: Dr. Eepy|Tera Blast|p1b: Sentret\n|-damage|p1b: Sentret|0 fnt\n|faint|p1b: Sentret\n|move|p1a: Cacnea|Drain Punch|p2b: Birdo 2\n|-supereffective|p2b: Birdo 2\n|-damage|p2b: Birdo 2|0 fnt\n|-heal|p1a: Cacnea|100\/100|[from] drain|[of] p2b: Birdo 2\n|faint|p2b: Birdo 2\n|-damage|p1a: Cacnea|91\/100|[from] item: Life Orb\n|\n|upkeep\n|\n|t:|1695246804\n|switch|p2b: Hooky|Chinchou, F, shiny|100\/100\n|switch|p1b: Gimmighoul|Gimmighoul|48\/100\n|turn|9\n|\n|t:|1695246831\n|move|p2a: Dr. Eepy|Tera Blast|p1b: Gimmighoul\n|-damage|p1b: Gimmighoul|0 fnt\n|faint|p1b: Gimmighoul\n|move|p1a: Cacnea|Seed Bomb|p2b: Hooky\n|-supereffective|p2b: Hooky\n|-damage|p2b: Hooky|0 fnt\n|faint|p2b: Hooky\n|-damage|p1a: Cacnea|81\/100|[from] item: Life Orb\n|\n|upkeep\n|turn|10\n|\n|t:|1695246848\n|-terastallize|p1a: Cacnea|Ground\n|move|p2a: Dr. Eepy|Tera Blast|p1a: Cacnea\n|-damage|p1a: Cacnea|0 fnt\n|faint|p1a: Cacnea\n|\n|win|TDScott8\n|l|\u2606TDScott8\n|j|\u2606TDScott8\n|player|p2|TDScott8|artist\n","uploadtime":1695246988,"views":11,"p1id":"cometcaster","p2id":"tdscott8","formatid":"gen9nationaldexdoubles","rating":0,"private":0,"password":""}