{"id":"gen9nationaldexdoubles-1993496633","p1":"TeddyWarlock","p2":"kitsuaria","format":"[Gen 9] National Dex Doubles","log":"|j|\u2606TeddyWarlock\n|j|\u2606kitsuaria\n|t:|1700324834\n|gametype|doubles\n|player|p1|TeddyWarlock|rood|1557\n|player|p2|kitsuaria|roxie|1544\n|teamsize|p1|6\n|teamsize|p2|6\n|gen|9\n|tier|[Gen 9] National Dex Doubles\n|rated|\n|rule|HP Percentage Mod: HP is shown in percentages\n|rule|Endless Battle Clause: Forcing endless battles is banned\n|rule|OHKO Clause: OHKO moves are banned\n|rule|Evasion Moves Clause: Evasion moves are banned\n|rule|Evasion Abilities Clause: Evasion abilities are banned\n|rule|Species Clause: Limit one of each Pok\u00e9mon\n|rule|Gravity Sleep Clause: The combination of sleep-inducing moves with imperfect accuracy and Gravity or Gigantamax Orbeetle are banned\n|clearpoke\n|poke|p1|Tyranitar, M|\n|poke|p1|Glimmora, M|\n|poke|p1|Garganacl, M|\n|poke|p1|Iron Hands|\n|poke|p1|Excadrill, F|\n|poke|p1|Landorus-Therian, M|\n|poke|p2|Gothitelle, F|\n|poke|p2|Sinistcha|\n|poke|p2|Eevee, M|\n|poke|p2|Urshifu-*, F|\n|poke|p2|Salamence, F|\n|poke|p2|Kingambit, F|\n|teampreview\n|inactive|Battle timer is ON: inactive players will automatically lose when time's up. (requested by TeddyWarlock)\n|inactive|kitsuaria has 120 seconds left.\n|inactive|kitsuaria has 90 seconds left.\n|inactive|kitsuaria has 60 seconds left.\n|\n|t:|1700324936\n|start\n|switch|p1a: Glimmora|Glimmora, M, shiny|100\/100\n|switch|p1b: Garganacl|Garganacl, M|100\/100\n|switch|p2a: Kingambit|Kingambit, F|100\/100\n|switch|p2b: Gothitelle|Gothitelle, F|100\/100\n|turn|1\n|\n|t:|1700324958\n|-terastallize|p1b: Garganacl|Ghost\n|move|p2b: Gothitelle|Fake Out|p1b: Garganacl\n|-immune|p1b: Garganacl\n|move|p1a: Glimmora|Mortal Spin|p2a: Kingambit|[spread] p2b\n|-immune|p2a: Kingambit\n|-damage|p2b: Gothitelle|96\/100\n|-status|p2b: Gothitelle|psn\n|move|p2a: Kingambit|Swords Dance|p2a: Kingambit\n|-boost|p2a: Kingambit|atk|2\n|move|p1b: Garganacl|Salt Cure|p2a: Kingambit\n|-resisted|p2a: Kingambit\n|-damage|p2a: Kingambit|95\/100\n|-start|p2a: Kingambit|Salt Cure\n|\n|-damage|p2b: Gothitelle|84\/100 psn|[from] psn\n|-damage|p2a: Kingambit|70\/100|[from] Salt Cure\n|upkeep\n|turn|2\n|\n|t:|1700324983\n|switch|p1b: Iron Hands|Iron Hands, shiny|100\/100\n|move|p1a: Glimmora|Energy Ball|p2a: Kingambit\n|-resisted|p2a: Kingambit\n|-damage|p2a: Kingambit|52\/100\n|move|p2b: Gothitelle|Psychic|p1a: Glimmora\n|-supereffective|p1a: Glimmora\n|-damage|p1a: Glimmora|23\/100\n|move|p2a: Kingambit|Knock Off|p1b: Iron Hands\n|-resisted|p1b: Iron Hands\n|-damage|p1b: Iron Hands|60\/100\n|-enditem|p1b: Iron Hands|Assault Vest|[from] move: Knock Off|[of] p2a: Kingambit\n|\n|-damage|p2b: Gothitelle|71\/100 psn|[from] psn\n|-damage|p2a: Kingambit|27\/100|[from] Salt Cure\n|upkeep\n|turn|3\n|\n|t:|1700325001\n|switch|p2a: Sinistcha|Sinistcha|100\/100\n|-heal|p2b: Gothitelle|96\/100 psn|[from] ability: Hospitality|[of] p2a: Sinistcha\n|move|p1b: Iron Hands|Fake Out|p2a: Sinistcha\n|-immune|p2a: Sinistcha\n|move|p1a: Glimmora|Sludge Bomb|p2b: Gothitelle\n|-damage|p2b: Gothitelle|61\/100 psn\n|move|p2b: Gothitelle|Psychic|p1a: Glimmora\n|-supereffective|p1a: Glimmora\n|-damage|p1a: Glimmora|0 fnt\n|faint|p1a: Glimmora\n|\n|-damage|p2b: Gothitelle|49\/100 psn|[from] psn\n|upkeep\n|-enditem|p2b: Gothitelle|Sitrus Berry|[eat]\n|-heal|p2b: Gothitelle|74\/100 psn|[from] item: Sitrus Berry\n|\n|t:|1700325020\n|switch|p1a: Tyranitar|Tyranitar, M|100\/100\n|-weather|Sandstorm|[from] ability: Sand Stream|[of] p1a: Tyranitar\n|turn|4\n|\n|t:|1700325034\n|detailschange|p1a: Tyranitar|Tyranitar-Mega, M\n|-mega|p1a: Tyranitar|Tyranitar|Tyranitarite\n|move|p2b: Gothitelle|Protect|p2b: Gothitelle\n|-singleturn|p2b: Gothitelle|Protect\n|move|p1a: Tyranitar|Knock Off|p2a: Sinistcha\n|-supereffective|p2a: Sinistcha\n|-damage|p2a: Sinistcha|11\/100\n|-enditem|p2a: Sinistcha|Sitrus Berry|[from] move: Knock Off|[of] p1a: Tyranitar\n|move|p2a: Sinistcha|Matcha Gotcha|p1a: Tyranitar|[spread] p1a,p1b\n|-supereffective|p1a: Tyranitar\n|-damage|p1a: Tyranitar|78\/100\n|-heal|p2a: Sinistcha|25\/100|[from] drain|[of] p1a: Tyranitar\n|-damage|p1b: Iron Hands|45\/100\n|-heal|p2a: Sinistcha|36\/100|[from] drain|[of] p1b: Iron Hands\n|-status|p1b: Iron Hands|brn\n|move|p1b: Iron Hands|Wild Charge|p2b: Gothitelle\n|-activate|p2b: Gothitelle|move: Protect\n|\n|-weather|Sandstorm|[upkeep]\n|-damage|p2a: Sinistcha|30\/100|[from] Sandstorm\n|-damage|p2b: Gothitelle|68\/100 psn|[from] Sandstorm\n|-damage|p1b: Iron Hands|38\/100 brn|[from] Sandstorm\n|-damage|p2b: Gothitelle|55\/100 psn|[from] psn\n|-damage|p1b: Iron Hands|32\/100 brn|[from] brn\n|upkeep\n|turn|5\n|inactive|TeddyWarlock has 120 seconds left.\n|\n|t:|1700325071\n|switch|p2a: Salamence|Salamence, F|100\/100\n|-ability|p2a: Salamence|Intimidate|boost\n|-unboost|p1a: Tyranitar|atk|1\n|-unboost|p1b: Iron Hands|atk|1\n|move|p1a: Tyranitar|Knock Off|p2b: Gothitelle\n|-supereffective|p2b: Gothitelle\n|-damage|p2b: Gothitelle|0 fnt\n|faint|p2b: Gothitelle\n|move|p1b: Iron Hands|Ice Punch|p2a: Salamence\n|-supereffective|p2a: Salamence\n|-damage|p2a: Salamence|58\/100\n|\n|-weather|Sandstorm|[upkeep]\n|-damage|p2a: Salamence|52\/100|[from] Sandstorm\n|-damage|p1b: Iron Hands|26\/100 brn|[from] Sandstorm\n|-damage|p1b: Iron Hands|20\/100 brn|[from] brn\n|upkeep\n|\n|t:|1700325081\n|switch|p2b: Eevee|Eevee, M|100\/100\n|-ability|p2b: Eevee|Anticipation\n|turn|6\n|\n|t:|1700325095\n|switch|p2a: Kingambit|Kingambit, F|27\/100\n|-end|p1b: Iron Hands|Quark Drive|[silent]\n|switch|p1b: Landorus|Landorus-Therian, M|100\/100\n|-ability|p1b: Landorus|Intimidate|boost\n|-unboost|p2a: Kingambit|atk|1\n|-ability|p2a: Kingambit|Defiant|boost\n|-boost|p2a: Kingambit|atk|2\n|-unboost|p2b: Eevee|atk|1\n|move|p1a: Tyranitar|Rock Slide|p2b: Eevee|[spread] p2b\n|-miss|p1a: Tyranitar|p2a: Kingambit\n|-damage|p2b: Eevee|55\/100\n|-zpower|p2b: Eevee\n|move|p2b: Eevee|Extreme Evoboost|p2b: Eevee\n|-boost|p2b: Eevee|atk|2\n|-boost|p2b: Eevee|def|2\n|-boost|p2b: Eevee|spa|2\n|-boost|p2b: Eevee|spd|2\n|-boost|p2b: Eevee|spe|2\n|\n|-weather|Sandstorm|[upkeep]\n|-damage|p2b: Eevee|49\/100|[from] Sandstorm\n|upkeep\n|turn|7\n|\n|t:|1700325124\n|move|p2b: Eevee|Protect|p2b: Eevee\n|-singleturn|p2b: Eevee|Protect\n|move|p2a: Kingambit|Sucker Punch|p1b: Landorus\n|-damage|p1b: Landorus|12\/100\n|move|p1b: Landorus|Stomping Tantrum|p2b: Eevee\n|-activate|p2b: Eevee|move: Protect\n|move|p1a: Tyranitar|Low Kick|p2a: Kingambit\n|-supereffective|p2a: Kingambit\n|-damage|p2a: Kingambit|0 fnt\n|faint|p2a: Kingambit\n|\n|-weather|Sandstorm|[upkeep]\n|-damage|p2b: Eevee|43\/100|[from] Sandstorm\n|upkeep\n|\n|t:|1700325135\n|switch|p2a: Salamence|Salamence, F|52\/100\n|-ability|p2a: Salamence|Intimidate|boost\n|-unboost|p1a: Tyranitar|atk|1\n|-unboost|p1b: Landorus|atk|1\n|turn|8\n|\n|t:|1700325144\n|detailschange|p2a: Salamence|Salamence-Mega, F\n|-mega|p2a: Salamence|Salamence|Salamencite\n|move|p1b: Landorus|Stomping Tantrum|p2b: Eevee\n|-damage|p2b: Eevee|11\/100\n|move|p2a: Salamence|Hyper Voice|p1b: Landorus|[spread] p1a,p1b\n|-resisted|p1a: Tyranitar\n|-damage|p1a: Tyranitar|68\/100\n|-damage|p1b: Landorus|0 fnt\n|faint|p1b: Landorus\n|move|p2b: Eevee|Baton Pass|p2b: Eevee\n|\n|t:|1700325151\n|switch|p2b: Urshifu|Urshifu-Rapid-Strike, F|100\/100|[from] Baton Pass\n|move|p1a: Tyranitar|Rock Slide|p2a: Salamence|[spread] p2a\n|-miss|p1a: Tyranitar|p2b: Urshifu\n|-supereffective|p2a: Salamence\n|-damage|p2a: Salamence|23\/100\n|\n|-weather|none\n|upkeep\n|\n|t:|1700325166\n|switch|p1b: Iron Hands|Iron Hands, shiny|20\/100 brn\n|turn|9\n|\n|t:|1700325175\n|switch|p2a: Eevee|Eevee, M|11\/100\n|-ability|p2a: Eevee|Anticipation\n|move|p2b: Urshifu|Protect|p2b: Urshifu\n|-singleturn|p2b: Urshifu|Protect\n|move|p1b: Iron Hands|Fake Out|p2b: Urshifu\n|-activate|p2b: Urshifu|move: Protect\n|move|p1a: Tyranitar|Knock Off|p2b: Urshifu\n|-activate|p2b: Urshifu|move: Protect\n|\n|-damage|p1b: Iron Hands|13\/100 brn|[from] brn\n|upkeep\n|turn|10\n|\n|t:|1700325202\n|move|p2a: Eevee|Helping Hand|p2b: Urshifu\n|-singleturn|p2b: Urshifu|Helping Hand|[of] p2a: Eevee\n|move|p2b: Urshifu|Surging Strikes|p1a: Tyranitar\n|-supereffective|p1a: Tyranitar\n|-crit|p1a: Tyranitar\n|-damage|p1a: Tyranitar|0 fnt\n|faint|p1a: Tyranitar\n|-hitcount|p1: Tyranitar|1\n|move|p1b: Iron Hands|Wild Charge|p2b: Urshifu\n|-supereffective|p2b: Urshifu\n|-damage|p2b: Urshifu|78\/100\n|-damage|p1b: Iron Hands|10\/100 brn|[from] Recoil\n|\n|-damage|p1b: Iron Hands|3\/100 brn|[from] brn\n|upkeep\n|inactive|TeddyWarlock has 120 seconds left.\n|\n|t:|1700325216\n|switch|p1a: Garganacl|Garganacl, M, tera:Ghost|100\/100\n|turn|11\n|\n|t:|1700325224\n|move|p2a: Eevee|Helping Hand|p2b: Urshifu\n|-singleturn|p2b: Urshifu|Helping Hand|[of] p2a: Eevee\n|move|p2b: Urshifu|Surging Strikes|p1a: Garganacl\n|-crit|p1a: Garganacl\n|-damage|p1a: Garganacl|70\/100\n|-crit|p1a: Garganacl\n|-damage|p1a: Garganacl|35\/100\n|-crit|p1a: Garganacl\n|-damage|p1a: Garganacl|2\/100\n|-hitcount|p1a: Garganacl|3\n|move|p1b: Iron Hands|Wild Charge|p2b: Urshifu\n|-supereffective|p2b: Urshifu\n|-damage|p2b: Urshifu|57\/100\n|-damage|p1b: Iron Hands|0 fnt|[from] Recoil\n|faint|p1b: Iron Hands\n|-end|p1b: Iron Hands|Quark Drive|[silent]\n|move|p1a: Garganacl|Salt Cure|p2b: Urshifu\n|-resisted|p2b: Urshifu\n|-damage|p2b: Urshifu|53\/100\n|-start|p2b: Urshifu|Salt Cure\n|\n|-heal|p1a: Garganacl|8\/100|[from] item: Leftovers\n|-damage|p2b: Urshifu|28\/100|[from] Salt Cure\n|upkeep\n|\n|t:|1700325244\n|switch|p1b: Excadrill|Excadrill, F|100\/100\n|turn|12\n|\n|t:|1700325252\n|switch|p2a: Sinistcha|Sinistcha|30\/100\n|-heal|p2b: Urshifu|53\/100|[from] ability: Hospitality|[of] p2a: Sinistcha\n|move|p2b: Urshifu|Surging Strikes|p1a: Garganacl\n|-crit|p1a: Garganacl\n|-damage|p1a: Garganacl|0 fnt\n|faint|p1a: Garganacl\n|-hitcount|p1: Garganacl|1\n|move|p1b: Excadrill|Rock Slide|p2b: Urshifu|[spread] p2a,p2b\n|-resisted|p2b: Urshifu\n|-damage|p2a: Sinistcha|8\/100\n|-damage|p2b: Urshifu|45\/100\n|\n|-damage|p2b: Urshifu|20\/100|[from] Salt Cure\n|upkeep\n|turn|13\n|c|\u2606TeddyWarlock|cringe\n|\n|t:|1700325272\n|move|p2a: Sinistcha|Rage Powder|p2a: Sinistcha\n|-singleturn|p2a: Sinistcha|move: Rage Powder\n|move|p2b: Urshifu|Surging Strikes|p1b: Excadrill\n|-supereffective|p1b: Excadrill\n|-crit|p1b: Excadrill\n|-damage|p1b: Excadrill|3\/100\n|-supereffective|p1b: Excadrill\n|-crit|p1b: Excadrill\n|-damage|p1b: Excadrill|0 fnt\n|faint|p1b: Excadrill\n|-hitcount|p1: Excadrill|2\n|\n|win|kitsuaria\n|raw|TeddyWarlock's rating: 1557 &rarr; <strong>1536<\/strong><br \/>(-21 for losing)\n|raw|kitsuaria's rating: 1544 &rarr; <strong>1565<\/strong><br \/>(+21 for winning)\n|l|\u2606TeddyWarlock\n|c|\u2606kitsuaria|Winning is cringe?\n","uploadtime":1700325287,"views":13,"p1id":"teddywarlock","p2id":"kitsuaria","formatid":"gen9nationaldexdoubles","rating":1536,"private":0,"password":""}