{"id":"gen9nationaldexdoubles-1989380548","p1":"MarcusTalks","p2":"decidoustree","format":"[Gen 9] National Dex Doubles","log":"|j|\u2606MarcusTalks\n|j|\u2606decidoustree\n|t:|1699843000\n|gametype|doubles\n|player|p1|MarcusTalks|steven|\n|player|p2|decidoustree|cheren-gen5bw2|\n|teamsize|p1|6\n|teamsize|p2|6\n|gen|9\n|tier|[Gen 9] National Dex Doubles\n|rule|HP Percentage Mod: HP is shown in percentages\n|rule|Endless Battle Clause: Forcing endless battles is banned\n|rule|OHKO Clause: OHKO moves are banned\n|rule|Evasion Moves Clause: Evasion moves are banned\n|rule|Evasion Abilities Clause: Evasion abilities are banned\n|rule|Species Clause: Limit one of each Pok\u00e9mon\n|rule|Gravity Sleep Clause: The combination of sleep-inducing moves with imperfect accuracy and Gravity or Gigantamax Orbeetle are banned\n|clearpoke\n|poke|p1|Oricorio-Pom-Pom, F|\n|poke|p1|Iron Moth|\n|poke|p1|Pincurchin, M|\n|poke|p1|Ribombee, F|\n|poke|p1|Iron Bundle|\n|poke|p1|Iron Hands|\n|poke|p2|Indeedee-F, F|\n|poke|p2|Scolipede, M|\n|poke|p2|Audino, F|\n|poke|p2|Garbodor, M|\n|poke|p2|Aegislash, M|\n|poke|p2|Krookodile, M|\n|teampreview\n|\n|t:|1699843009\n|start\n|switch|p1a: Pincurchin|Pincurchin, M, shiny|100\/100\n|switch|p1b: Iron Moth|Iron Moth|100\/100\n|switch|p2a: Eye Sword|Aegislash, M|100\/100\n|switch|p2b: Amine|Audino, F|100\/100\n|-item|p1b: Iron Moth|Air Balloon\n|-fieldstart|move: Electric Terrain|[from] ability: Electric Surge|[of] p1a: Pincurchin\n|-activate|p1b: Iron Moth|ability: Quark Drive\n|-start|p1b: Iron Moth|quarkdrivespa\n|turn|1\n|\n|t:|1699843027\n|switch|p1a: Oricorio|Oricorio-Pom-Pom, F, shiny|100\/100\n|move|p2a: Eye Sword|King's Shield|p2a: Eye Sword\n|-singleturn|p2a: Eye Sword|Protect\n|move|p1b: Iron Moth|Fiery Dance|p2a: Eye Sword\n|-activate|p2a: Eye Sword|move: Protect\n|move|p2b: Amine|Yawn|p1b: Iron Moth\n|-start|p1b: Iron Moth|move: Yawn|[of] p2b: Amine\n|\n|upkeep\n|turn|2\n|\n|t:|1699843059\n|-end|p1b: Iron Moth|Quark Drive|[silent]\n|switch|p1b: Iron Hands|Iron Hands|100\/100\n|-activate|p1b: Iron Hands|ability: Quark Drive\n|-start|p1b: Iron Hands|quarkdriveatk\n|switch|p2a: Kroko|Krookodile, M|100\/100\n|move|p1a: Oricorio|Air Slash|p2b: Amine\n|-damage|p2b: Amine|73\/100\n|move|p2b: Amine|Yawn|p1a: Oricorio\n|-start|p1a: Oricorio|move: Yawn|[of] p2b: Amine\n|\n|upkeep\n|turn|3\n|\n|t:|1699843124\n|switch|p1a: Ribombee|Ribombee, F, shiny|100\/100\n|move|p2b: Amine|Helping Hand|p2a: Kroko\n|-singleturn|p2a: Kroko|Helping Hand|[of] p2b: Amine\n|move|p1b: Iron Hands|Fake Out|p2a: Kroko\n|-damage|p2a: Kroko|75\/100\n|cant|p2a: Kroko|flinch\n|\n|upkeep\n|turn|4\n|\n|t:|1699843149\n|-end|p1b: Iron Hands|Quark Drive|[silent]\n|switch|p1b: Oricorio|Oricorio-Pom-Pom, F, shiny|100\/100\n|move|p2b: Amine|Helping Hand|p2a: Kroko\n|-singleturn|p2a: Kroko|Helping Hand|[of] p2b: Amine\n|move|p2a: Kroko|Earthquake|p1a: Ribombee|[spread] p2b,p1a\n|-immune|p1b: Oricorio\n|-resisted|p1a: Ribombee\n|-damage|p2b: Amine|19\/100\n|-damage|p1a: Ribombee|42\/100\n|move|p1a: Ribombee|Quiver Dance|p1a: Ribombee\n|-boost|p1a: Ribombee|spa|1\n|-boost|p1a: Ribombee|spd|1\n|-boost|p1a: Ribombee|spe|1\n|-activate|p1b: Oricorio|ability: Dancer\n|move|p1b: Oricorio|Quiver Dance|p1b: Oricorio|[from]ability: Dancer\n|-boost|p1b: Oricorio|spa|1\n|-boost|p1b: Oricorio|spd|1\n|-boost|p1b: Oricorio|spe|1\n|\n|upkeep\n|turn|5\n|\n|t:|1699843197\n|move|p1a: Ribombee|Dazzling Gleam|p2a: Kroko|[spread] p2a,p2b\n|-supereffective|p2a: Kroko\n|-damage|p2a: Kroko|0 fnt\n|-damage|p2b: Amine|0 fnt\n|faint|p2a: Kroko\n|faint|p2b: Amine\n|move|p1b: Oricorio|Revelation Dance|p2: Kroko|[notarget]\n|-fail|p1b: Oricorio\n|\n|upkeep\n|\n|t:|1699843207\n|switch|p2a: Eye Sword|Aegislash, M|100\/100\n|switch|p2b: Amide|Indeedee-F, F|100\/100\n|-fieldstart|move: Psychic Terrain|[from] ability: Psychic Surge|[of] p2b: Amide\n|turn|6\n|\n|t:|1699843272\n|-terastallize|p2b: Amide|Psychic\n|move|p1a: Ribombee|Pollen Puff|p2b: Amide\n|-supereffective|p2b: Amide\n|-damage|p2b: Amide|12\/100\n|move|p1b: Oricorio|Quiver Dance|p1b: Oricorio\n|-boost|p1b: Oricorio|spa|1\n|-boost|p1b: Oricorio|spd|1\n|-boost|p1b: Oricorio|spe|1\n|move|p2b: Amide|Expanding Force|p1a: Ribombee|[spread] p1a,p1b\n|-damage|p1a: Ribombee|0 fnt\n|-damage|p1b: Oricorio|41\/100\n|faint|p1a: Ribombee\n|move|p2a: Eye Sword|Swords Dance|p2a: Eye Sword\n|-boost|p2a: Eye Sword|atk|2\n|-activate|p1b: Oricorio|ability: Dancer\n|move|p1b: Oricorio|Swords Dance|p1b: Oricorio|[from]ability: Dancer\n|-boost|p1b: Oricorio|atk|2\n|\n|-heal|p1b: Oricorio|47\/100|[from] item: Leftovers\n|upkeep\n|\n|t:|1699843291\n|switch|p1a: Pincurchin|Pincurchin, M, shiny|100\/100\n|-fieldstart|move: Electric Terrain|[from] ability: Electric Surge|[of] p1a: Pincurchin\n|turn|7\n|j| realspades\n|\n|t:|1699843312\n|switch|p2b: Starbucks\ud83e\udd2e\ud83e\udd2e|Garbodor, M|100\/100\n|move|p1b: Oricorio|Revelation Dance|p2b: Starbucks\ud83e\udd2e\ud83e\udd2e\n|-crit|p2b: Starbucks\ud83e\udd2e\ud83e\udd2e\n|-damage|p2b: Starbucks\ud83e\udd2e\ud83e\udd2e|0 fnt\n|faint|p2b: Starbucks\ud83e\udd2e\ud83e\udd2e\n|-formechange|p2a: Eye Sword|Aegislash-Blade||[from] ability: Stance Change\n|move|p2a: Eye Sword|Iron Head|p1b: Oricorio\n|-resisted|p1b: Oricorio\n|-damage|p1b: Oricorio|0 fnt\n|faint|p1b: Oricorio\n|move|p1a: Pincurchin|Thunder Wave|p2a: Eye Sword\n|-status|p2a: Eye Sword|par\n|\n|upkeep\n|\n|t:|1699843329\n|switch|p1b: Iron Moth|Iron Moth|100\/100\n|switch|p2b: Amide|Indeedee-F, F, tera:Psychic|12\/100\n|-activate|p1b: Iron Moth|ability: Quark Drive\n|-start|p1b: Iron Moth|quarkdrivespa\n|-item|p1b: Iron Moth|Air Balloon\n|-fieldstart|move: Psychic Terrain|[from] ability: Psychic Surge|[of] p2b: Amide\n|-end|p1b: Iron Moth|Quark Drive\n|turn|8\n|c|\u2606decidoustree|it wont be enough\n|c| realspades|whats the score rn\n|\n|t:|1699843360\n|-formechange|p2a: Eye Sword|Aegislash||[from] ability: Stance Change\n|move|p2a: Eye Sword|King's Shield|p2a: Eye Sword\n|-singleturn|p2a: Eye Sword|Protect\n|move|p1a: Pincurchin|Protect|p1a: Pincurchin\n|-singleturn|p1a: Pincurchin|Protect\n|move|p1b: Iron Moth|Fiery Dance|p2b: Amide\n|-damage|p2b: Amide|0 fnt\n|-boost|p1b: Iron Moth|spa|1\n|faint|p2b: Amide\n|\n|upkeep\n|c|\u2606MarcusTalks|2-1\n|\n|t:|1699843371\n|switch|p2b: Acidic Chloride|Scolipede, M|100\/100\n|turn|9\n|\n|t:|1699843412\n|move|p1b: Iron Moth|Fiery Dance|p2a: Eye Sword\n|-supereffective|p2a: Eye Sword\n|-damage|p2a: Eye Sword|0 fnt\n|faint|p2a: Eye Sword\n|move|p2b: Acidic Chloride|Swords Dance|p2b: Acidic Chloride\n|-boost|p2b: Acidic Chloride|atk|2\n|move|p1a: Pincurchin|Thunder Wave|p2b: Acidic Chloride\n|-status|p2b: Acidic Chloride|par\n|\n|-ability|p2b: Acidic Chloride|Speed Boost|boost\n|-boost|p2b: Acidic Chloride|spe|1\n|upkeep\n|turn|10\n|c|\u2606MarcusTalks|gg\n|\n|t:|1699843428\n|move|p1b: Iron Moth|Fiery Dance|p2b: Acidic Chloride\n|-supereffective|p2b: Acidic Chloride\n|-enditem|p2b: Acidic Chloride|Focus Sash\n|-damage|p2b: Acidic Chloride|1\/100 par\n|-boost|p1b: Iron Moth|spa|1\n|move|p2b: Acidic Chloride|Earthquake|p1b: Iron Moth|[spread] p1a\n|-immune|p1b: Iron Moth\n|-supereffective|p1a: Pincurchin\n|-damage|p1a: Pincurchin|26\/100\n|move|p1a: Pincurchin|Zing Zap|p2b: Acidic Chloride\n|-damage|p2b: Acidic Chloride|0 fnt\n|faint|p2b: Acidic Chloride\n|\n|win|MarcusTalks\n|c|\u2606decidoustree|gg!\n|c|\u2606MarcusTalks|way closer than you thought huh\n|c|\u2606decidoustree|uhmm no\n|c|\u2606MarcusTalks|if I didn't have a terrain setter on one team, I lost every time\n|c|\u2606MarcusTalks|somehow my gimmick team saved me\n|c|\u2606decidoustree|hmm..\n|c| realspades|interesting\n|c|\u2606decidoustree|well congrats!!!\n|c|\u2606decidoustree|you are legendary\n|c| realspades|ggs wp 2 both\n|c|\u2606MarcusTalks|thanks\n|c|\u2606MarcusTalks|your team was amazing as well\n|l|\u2606MarcusTalks\n|c|\u2606decidoustree|ty!!\n|c| realspades|u will get em next time!!\n|c|\u2606decidoustree|maybe\n|c|\u2606decidoustree|IDK !\n|c| realspades|i believe!\n|c| realspades|u r improving\n|c|\u2606decidoustree|true...\n|c|\u2606decidoustree|i went through the path of my idol in this tournament\n|c|\u2606decidoustree|my idol being og\n|c|\u2606decidoustree|i lied\n|c| realspades|og is my idol too\n|c|\u2606decidoustree|:p\n|c| realspades|but he banned no\n|c|\u2606decidoustree|yes\n|c| realspades|killed server tbh\n|c|\u2606decidoustree|he needs to be freed\n|c|\u2606decidoustree|#freeog\n|c| realspades|truer words have never been spoken\n|c| realspades|#freeog\n|c| realspades|gl on ur next tour tho\n|c| realspades|i have faith in u\n|c|\u2606decidoustree|=D\n|c| realspades|byeeeeee\n|c|\u2606decidoustree|ty!\n|c|\u2606decidoustree|ye1!\n|c| realspades|ywyw\n|c|\u2606decidoustree|bye!\n|l| realspades\n","uploadtime":1699843442,"views":31,"p1id":"marcustalks","p2id":"decidoustree","formatid":"gen9nationaldexdoubles","rating":0,"private":0,"password":""}