{"id":"gen9nationaldexdoubles-1970848380","p1":"guzmfran","p2":"Flames98765","format":"[Gen 9] National Dex Doubles","log":"|j|\u2606guzmfran\n|j|\u2606Flames98765\n|t:|1697673401\n|gametype|doubles\n|player|p1|guzmfran|101|\n|player|p2|Flames98765|jasmine|\n|teamsize|p1|6\n|teamsize|p2|6\n|gen|9\n|tier|[Gen 9] National Dex Doubles\n|rule|HP Percentage Mod: HP is shown in percentages\n|rule|Endless Battle Clause: Forcing endless battles is banned\n|rule|OHKO Clause: OHKO moves are banned\n|rule|Evasion Moves Clause: Evasion moves are banned\n|rule|Evasion Abilities Clause: Evasion abilities are banned\n|rule|Species Clause: Limit one of each Pok\u00e9mon\n|rule|Gravity Sleep Clause: The combination of sleep-inducing moves with imperfect accuracy and Gravity or Gigantamax Orbeetle are banned\n|clearpoke\n|poke|p1|Rillaboom, F|\n|poke|p1|Gholdengo|\n|poke|p1|Palafin, F|\n|poke|p1|Pelipper, F|\n|poke|p1|Landorus, M|\n|poke|p1|Iron Hands|\n|poke|p2|Camerupt, F|\n|poke|p2|Cresselia, F|\n|poke|p2|Ursaluna, F|\n|poke|p2|Walking Wake|\n|poke|p2|Tornadus, M|\n|poke|p2|Armarouge, F|\n|teampreview\n|inactive|Battle timer is ON: inactive players will automatically lose when time's up. (requested by guzmfran)\n|inactive|Flames98765 has 270 seconds left.\n|\n|t:|1697673449\n|start\n|switch|p1a: Monkey Hairy|Rillaboom, F|100\/100\n|switch|p1b: Pechotes|Palafin, F|100\/100\n|switch|p2a: Tornadus|Tornadus, M|100\/100\n|switch|p2b: Walking Wake|Walking Wake|100\/100\n|-fieldstart|move: Grassy Terrain|[from] ability: Grassy Surge|[of] p1a: Monkey Hairy\n|turn|1\n|\n|t:|1697673469\n|move|p2a: Tornadus|Protect|p2a: Tornadus\n|-singleturn|p2a: Tornadus|Protect\n|move|p1a: Monkey Hairy|Fake Out|p2b: Walking Wake\n|-damage|p2b: Walking Wake|88\/100\n|cant|p2b: Walking Wake|flinch\n|move|p1b: Pechotes|Flip Turn|p2a: Tornadus\n|-activate|p2a: Tornadus|move: Protect\n|\n|-heal|p2b: Walking Wake|94\/100|[from] Grassy Terrain\n|upkeep\n|turn|2\n|\n|t:|1697673498\n|detailschange|p1b: Pechotes|Palafin-Hero, F\n|switch|p1b: DrinkingMilk|Pelipper, F|100\/100\n|-weather|RainDance|[from] ability: Drizzle|[of] p1b: DrinkingMilk\n|move|p2a: Tornadus|Sunny Day|p2a: Tornadus\n|-weather|SunnyDay\n|-activate|p2b: Walking Wake|ability: Protosynthesis\n|-start|p2b: Walking Wake|protosynthesisspe\n|move|p2b: Walking Wake|Flamethrower|p1a: Monkey Hairy\n|-supereffective|p1a: Monkey Hairy\n|-damage|p1a: Monkey Hairy|0 fnt\n|faint|p1a: Monkey Hairy\n|\n|-weather|SunnyDay|[upkeep]\n|-heal|p2b: Walking Wake|99\/100|[from] Grassy Terrain\n|upkeep\n|inactive|guzmfran has 270 seconds left.\n|\n|t:|1697673514\n|switch|p1a: MyHusband|Iron Hands|100\/100\n|turn|3\n|\n|t:|1697673531\n|switch|p2a: Cresselia|Cresselia, F|100\/100\n|move|p1a: MyHusband|Fake Out|p2b: Walking Wake\n|-crit|p2b: Walking Wake\n|-damage|p2b: Walking Wake|77\/100\n|cant|p2b: Walking Wake|flinch\n|move|p1b: DrinkingMilk|Tailwind|p1b: DrinkingMilk\n|-sidestart|p1: guzmfran|move: Tailwind\n|\n|-weather|SunnyDay|[upkeep]\n|-heal|p2b: Walking Wake|83\/100|[from] Grassy Terrain\n|upkeep\n|turn|4\n|\n|t:|1697673549\n|move|p1b: DrinkingMilk|Helping Hand|p1a: MyHusband\n|-singleturn|p1a: MyHusband|Helping Hand|[of] p1b: DrinkingMilk\n|move|p2b: Walking Wake|Flamethrower|p1a: MyHusband\n|-damage|p1a: MyHusband|68\/100\n|move|p1a: MyHusband|Wild Charge|p2b: Walking Wake\n|-damage|p2b: Walking Wake|0 fnt\n|faint|p2b: Walking Wake\n|-end|p2b: Walking Wake|Protosynthesis|[silent]\n|-damage|p1a: MyHusband|53\/100|[from] Recoil\n|move|p2a: Cresselia|Trick Room|p2a: Cresselia\n|-fieldstart|move: Trick Room|[of] p2a: Cresselia\n|\n|-weather|SunnyDay|[upkeep]\n|-heal|p1a: MyHusband|59\/100|[from] Grassy Terrain\n|upkeep\n|inactive|Flames98765 has 270 seconds left.\n|\n|t:|1697673574\n|switch|p2b: Camerupt|Camerupt, F|100\/100\n|turn|5\n|inactive|Flames98765 has 270 seconds left.\n|\n|t:|1697673605\n|detailschange|p2b: Camerupt|Camerupt-Mega, F\n|-mega|p2b: Camerupt|Camerupt|Cameruptite\n|move|p2a: Cresselia|Helping Hand|p2b: Camerupt\n|-singleturn|p2b: Camerupt|Helping Hand|[of] p2a: Cresselia\n|move|p1b: DrinkingMilk|Helping Hand|p1a: MyHusband\n|-singleturn|p1a: MyHusband|Helping Hand|[of] p1b: DrinkingMilk\n|move|p2b: Camerupt|Earth Power|p1a: MyHusband\n|-supereffective|p1a: MyHusband\n|-damage|p1a: MyHusband|0 fnt\n|faint|p1a: MyHusband\n|-end|p1a: MyHusband|Quark Drive|[silent]\n|\n|-weather|SunnyDay|[upkeep]\n|-fieldend|move: Grassy Terrain\n|upkeep\n|\n|t:|1697673622\n|switch|p1a: DickGold|Gholdengo|100\/100\n|turn|6\n|\n|t:|1697673632\n|move|p2a: Cresselia|Helping Hand|p2b: Camerupt\n|-singleturn|p2b: Camerupt|Helping Hand|[of] p2a: Cresselia\n|move|p1a: DickGold|Protect|p1a: DickGold\n|-singleturn|p1a: DickGold|Protect\n|move|p2b: Camerupt|Heat Wave|p1b: DrinkingMilk|[spread] p1b\n|-activate|p1a: DickGold|move: Protect\n|-resisted|p1b: DrinkingMilk\n|-damage|p1b: DrinkingMilk|40\/100\n|move|p1b: DrinkingMilk|Hurricane|p2b: Camerupt|[miss]\n|-miss|p1b: DrinkingMilk|p2b: Camerupt\n|\n|-weather|SunnyDay|[upkeep]\n|-sideend|p1: guzmfran|move: Tailwind\n|upkeep\n|turn|7\n|inactive|guzmfran has 270 seconds left.\n|\n|t:|1697673662\n|switch|p1b: My hammer|Landorus, M|100\/100\n|-terastallize|p1a: DickGold|Water\n|move|p2b: Camerupt|Earth Power|p1a: DickGold\n|-damage|p1a: DickGold|26\/100\n|move|p2a: Cresselia|Moonblast|p1b: My hammer\n|-damage|p1b: My hammer|77\/100\n|-unboost|p1b: My hammer|spa|1\n|move|p1a: DickGold|Nasty Plot|p1a: DickGold\n|-boost|p1a: DickGold|spa|2\n|\n|-weather|SunnyDay|[upkeep]\n|-heal|p1a: DickGold|33\/100|[from] item: Leftovers\n|upkeep\n|turn|8\n|inactive|Flames98765 has 270 seconds left.\n|\n|t:|1697673696\n|switch|p1b: DrinkingMilk|Pelipper, F|40\/100\n|-weather|RainDance|[from] ability: Drizzle|[of] p1b: DrinkingMilk\n|move|p2a: Cresselia|Helping Hand|p2b: Camerupt\n|-singleturn|p2b: Camerupt|Helping Hand|[of] p2a: Cresselia\n|move|p1a: DickGold|Protect|p1a: DickGold\n|-singleturn|p1a: DickGold|Protect\n|move|p2b: Camerupt|Heat Wave|p1a: DickGold|[spread] p1b\n|-activate|p1a: DickGold|move: Protect\n|-resisted|p1b: DrinkingMilk\n|-damage|p1b: DrinkingMilk|20\/100\n|\n|-weather|RainDance|[upkeep]\n|-heal|p1a: DickGold|39\/100|[from] item: Leftovers\n|-fieldend|move: Trick Room\n|upkeep\n|turn|9\n|inactive|Flames98765 has 270 seconds left.\n|\n|t:|1697673728\n|switch|p2a: Ursaluna|Ursaluna, F|100\/100\n|switch|p2b: Armarouge|Armarouge, F|100\/100\n|move|p1a: DickGold|Make It Rain|p2a: Ursaluna|[spread] p2a,p2b\n|-resisted|p2b: Armarouge\n|-damage|p2a: Ursaluna|5\/100\n|-damage|p2b: Armarouge|42\/100\n|-unboost|p1a: DickGold|spa|1\n|move|p1b: DrinkingMilk|Hurricane|p2a: Ursaluna\n|-damage|p2a: Ursaluna|0 fnt\n|faint|p2a: Ursaluna\n|\n|-weather|RainDance|[upkeep]\n|-heal|p1a: DickGold|45\/100|[from] item: Leftovers\n|upkeep\n|inactive|Flames98765 has 240 seconds left.\n|\n|t:|1697673763\n|switch|p2a: Cresselia|Cresselia, F|100\/100\n|turn|10\n|\n|t:|1697673783\n|-terastallize|p2a: Cresselia|Steel\n|move|p2b: Armarouge|Wide Guard|p2b: Armarouge\n|-singleturn|p2b: Armarouge|Wide Guard\n|move|p1a: DickGold|Make It Rain|p2a: Cresselia|[spread] \n|-activate|p2a: Cresselia|move: Wide Guard\n|-activate|p2b: Armarouge|move: Wide Guard\n|move|p1b: DrinkingMilk|Hurricane|p2b: Armarouge\n|-damage|p2b: Armarouge|6\/100\n|move|p2a: Cresselia|Trick Room|p2a: Cresselia\n|-fieldstart|move: Trick Room|[of] p2a: Cresselia\n|\n|-weather|RainDance|[upkeep]\n|-heal|p1a: DickGold|51\/100|[from] item: Leftovers\n|upkeep\n|turn|11\n|inactive|guzmfran has 270 seconds left.\n|\n|t:|1697673823\n|switch|p1b: My hammer|Landorus, M|77\/100\n|move|p2b: Armarouge|Sunny Day|p2b: Armarouge\n|-weather|SunnyDay\n|move|p2a: Cresselia|Moonblast|p1b: My hammer\n|-damage|p1b: My hammer|53\/100\n|move|p1a: DickGold|Thunder|p2b: Armarouge|[miss]\n|-miss|p1a: DickGold|p2b: Armarouge\n|\n|-weather|SunnyDay|[upkeep]\n|-heal|p1a: DickGold|58\/100|[from] item: Leftovers\n|upkeep\n|turn|12\n|inactive|guzmfran has 270 seconds left.\n|\n|t:|1697673857\n|move|p2a: Cresselia|Helping Hand|p2b: Armarouge\n|-singleturn|p2b: Armarouge|Helping Hand|[of] p2a: Cresselia\n|move|p1a: DickGold|Protect|p1a: DickGold\n|-singleturn|p1a: DickGold|Protect\n|move|p2b: Armarouge|Armor Cannon|p1b: My hammer\n|-damage|p1b: My hammer|0 fnt\n|-unboost|p2b: Armarouge|def|1\n|-unboost|p2b: Armarouge|spd|1\n|faint|p1b: My hammer\n|-damage|p2b: Armarouge|0 fnt|[from] item: Life Orb\n|faint|p2b: Armarouge\n|\n|-weather|SunnyDay|[upkeep]\n|-heal|p1a: DickGold|64\/100|[from] item: Leftovers\n|upkeep\n|inactive|guzmfran has 270 seconds left.\n|inactive|Flames98765 has 270 seconds left.\n|\n|t:|1697673887\n|switch|p2b: Tornadus|Tornadus, M|100\/100\n|switch|p1b: DrinkingMilk|Pelipper, F|20\/100\n|-weather|RainDance|[from] ability: Drizzle|[of] p1b: DrinkingMilk\n|turn|13\n|inactive|Flames98765 has 270 seconds left.\n|inactive|guzmfran has 270 seconds left.\n|\n|t:|1697673913\n|switch|p1b: Pechotes|Palafin-Hero, F|100\/100\n|-activate|p1b: Pechotes|ability: Zero to Hero\n|move|p2b: Tornadus|Sunny Day|p2b: Tornadus\n|-weather|SunnyDay\n|move|p2a: Cresselia|Moonblast|p1b: Pechotes\n|-damage|p1b: Pechotes|84\/100\n|move|p1a: DickGold|Thunder|p2b: Tornadus\n|-supereffective|p2b: Tornadus\n|-damage|p2b: Tornadus|0 fnt\n|faint|p2b: Tornadus\n|\n|-weather|SunnyDay|[upkeep]\n|-heal|p1a: DickGold|70\/100|[from] item: Leftovers\n|upkeep\n|\n|t:|1697673926\n|switch|p2b: Camerupt|Camerupt-Mega, F|100\/100\n|turn|14\n|\n|t:|1697673942\n|switch|p1a: DrinkingMilk|Pelipper, F|20\/100\n|-weather|RainDance|[from] ability: Drizzle|[of] p1a: DrinkingMilk\n|move|p2a: Cresselia|Helping Hand|p2b: Camerupt\n|-singleturn|p2b: Camerupt|Helping Hand|[of] p2a: Cresselia\n|move|p1b: Pechotes|Jet Punch|p2b: Camerupt\n|-supereffective|p2b: Camerupt\n|-crit|p2b: Camerupt\n|-damage|p2b: Camerupt|0 fnt\n|faint|p2b: Camerupt\n|\n|-weather|RainDance|[upkeep]\n|-fieldend|move: Trick Room\n|upkeep\n|turn|15\n|inactive|Flames98765 has 270 seconds left.\n|\n|t:|1697673956\n|move|p1a: DrinkingMilk|Helping Hand|p1b: Pechotes\n|-singleturn|p1b: Pechotes|Helping Hand|[of] p1a: DrinkingMilk\n|move|p1b: Pechotes|Jet Punch|p2a: Cresselia\n|-damage|p2a: Cresselia|24\/100\n|move|p2a: Cresselia|Moonblast|p1a: DrinkingMilk\n|-damage|p1a: DrinkingMilk|3\/100\n|-enditem|p1a: DrinkingMilk|Eject Button\n|\n|t:|1697673964\n|switch|p1a: DickGold|Gholdengo, tera:Water|70\/100\n|\n|-weather|RainDance|[upkeep]\n|-heal|p1a: DickGold|76\/100|[from] item: Leftovers\n|upkeep\n|turn|16\n|\n|t:|1697673972\n|move|p1b: Pechotes|Jet Punch|p2a: Cresselia\n|-damage|p2a: Cresselia|0 fnt\n|faint|p2a: Cresselia\n|\n|win|guzmfran\n|c|\u2606Flames98765|gg\n","uploadtime":1697673978,"views":7,"p1id":"guzmfran","p2id":"flames98765","formatid":"gen9nationaldexdoubles","rating":0,"private":0,"password":""}