{"id":"gen9nationaldexdoubles-1962771259","p1":"Tritus ELITE 4","p2":"georgexiii","format":"[Gen 9] National Dex Doubles","log":"|j|\u2606Tritus ELITE 4\n|j|\u2606georgexiii\n|t:|1696790667\n|gametype|doubles\n|player|p1|Tritus ELITE 4|wulfric|1047\n|player|p2|georgexiii|schoolgirl|1142\n|teamsize|p1|6\n|teamsize|p2|6\n|gen|9\n|tier|[Gen 9] National Dex Doubles\n|rated|\n|rule|HP Percentage Mod: HP is shown in percentages\n|rule|Endless Battle Clause: Forcing endless battles is banned\n|rule|OHKO Clause: OHKO moves are banned\n|rule|Evasion Moves Clause: Evasion moves are banned\n|rule|Evasion Abilities Clause: Evasion abilities are banned\n|rule|Species Clause: Limit one of each Pok\u00e9mon\n|rule|Gravity Sleep Clause: The combination of sleep-inducing moves with imperfect accuracy and Gravity or Gigantamax Orbeetle are banned\n|clearpoke\n|poke|p1|Basculegion-F, F|\n|poke|p1|Swampert, M|\n|poke|p1|Pelipper, F|\n|poke|p1|Araquanid, F|\n|poke|p1|Milotic, F|\n|poke|p1|Ludicolo, M|\n|poke|p2|Ribombee, F|\n|poke|p2|Oricorio-Pom-Pom, F|\n|poke|p2|Clefable, F|\n|poke|p2|Primarina, M|\n|poke|p2|Chandelure, F|\n|poke|p2|Lopunny, F|\n|teampreview\n|inactive|Battle timer is ON: inactive players will automatically lose when time's up. (requested by Tritus ELITE 4)\n|\n|t:|1696790686\n|start\n|switch|p1a: Pelipper|Pelipper, F|100\/100\n|switch|p1b: Araquanid|Araquanid, F|100\/100\n|switch|p2a: Oricorio|Oricorio-Pom-Pom, F, shiny|100\/100\n|switch|p2b: Ribombee|Ribombee, F, shiny|100\/100\n|-weather|RainDance|[from] ability: Drizzle|[of] p1a: Pelipper\n|turn|1\n|j| Mestudond\n|\n|t:|1696790708\n|move|p2b: Ribombee|Protect|p2b: Ribombee\n|-singleturn|p2b: Ribombee|Protect\n|move|p2a: Oricorio|Substitute|p2a: Oricorio\n|-start|p2a: Oricorio|Substitute\n|-damage|p2a: Oricorio|76\/100\n|move|p1a: Pelipper|Hurricane|p2b: Ribombee\n|-activate|p2b: Ribombee|move: Protect\n|move|p1b: Araquanid|Poison Jab|p2b: Ribombee\n|-activate|p2b: Ribombee|move: Protect\n|\n|-weather|RainDance|[upkeep]\n|-heal|p2a: Oricorio|82\/100|[from] item: Leftovers\n|upkeep\n|turn|2\n|inactive|georgexiii has 120 seconds left.\n|\n|t:|1696790767\n|move|p2b: Ribombee|Moonblast|p1a: Pelipper\n|-damage|p1a: Pelipper|28\/100\n|-unboost|p1a: Pelipper|spa|1\n|-damage|p2b: Ribombee|91\/100|[from] item: Life Orb\n|move|p2a: Oricorio|Revelation Dance|p1a: Pelipper\n|-supereffective|p1a: Pelipper\n|-crit|p1a: Pelipper\n|-damage|p1a: Pelipper|0 fnt\n|faint|p1a: Pelipper\n|move|p1b: Araquanid|Poison Jab|p2b: Ribombee\n|-supereffective|p2b: Ribombee\n|-damage|p2b: Ribombee|0 fnt\n|faint|p2b: Ribombee\n|-damage|p1b: Araquanid|91\/100|[from] item: Life Orb\n|\n|-weather|RainDance|[upkeep]\n|-heal|p2a: Oricorio|88\/100|[from] item: Leftovers\n|upkeep\n|\n|t:|1696790787\n|switch|p2b: Clefable|Clefable, F|100\/100\n|switch|p1a: Ludicolo|Ludicolo, M|100\/100\n|turn|3\n|inactive|georgexiii has 120 seconds left.\n|\n|t:|1696790818\n|move|p1a: Ludicolo|Waterfall|p2a: Oricorio\n|-end|p2a: Oricorio|Substitute\n|-damage|p1a: Ludicolo|91\/100|[from] item: Life Orb\n|move|p2a: Oricorio|Revelation Dance|p1b: Araquanid\n|-supereffective|p1b: Araquanid\n|-damage|p1b: Araquanid|32\/100\n|move|p2b: Clefable|Wish|p2b: Clefable\n|move|p1b: Araquanid|Liquidation|p2a: Oricorio\n|-damage|p2a: Oricorio|0 fnt\n|faint|p2a: Oricorio\n|-damage|p1b: Araquanid|22\/100|[from] item: Life Orb\n|\n|-weather|RainDance|[upkeep]\n|upkeep\n|\n|t:|1696790832\n|switch|p2a: Lopunny|Lopunny, F, shiny|100\/100\n|turn|4\n|inactive|georgexiii has 120 seconds left.\n|\n|t:|1696790860\n|switch|p2b: Primarina|Primarina, M, shiny|100\/100\n|detailschange|p2a: Lopunny|Lopunny-Mega, F, shiny\n|-mega|p2a: Lopunny|Lopunny|Lopunnite\n|move|p2a: Lopunny|Fake Out|p1a: Ludicolo\n|-damage|p1a: Ludicolo|60\/100\n|cant|p1a: Ludicolo|flinch\n|move|p1b: Araquanid|Liquidation|p2b: Primarina\n|-resisted|p2b: Primarina\n|-damage|p2b: Primarina|23\/100\n|-damage|p1b: Araquanid|12\/100|[from] item: Life Orb\n|\n|-weather|RainDance|[upkeep]\n|-heal|p2b: Primarina|82\/100|[from] move: Wish|[wisher] Clefable\n|upkeep\n|turn|5\n|inactive|georgexiii has 120 seconds left.\n|inactive|Tritus ELITE 4 has 120 seconds left.\n|\n|t:|1696790891\n|move|p2a: Lopunny|Power-Up Punch|p1b: Araquanid\n|-resisted|p1b: Araquanid\n|-crit|p1b: Araquanid\n|-damage|p1b: Araquanid|0 fnt\n|-boost|p2a: Lopunny|atk|1\n|faint|p1b: Araquanid\n|move|p1a: Ludicolo|Waterfall|p2a: Lopunny\n|-damage|p2a: Lopunny|14\/100\n|-damage|p1a: Ludicolo|50\/100|[from] item: Life Orb\n|move|p2b: Primarina|Sing|p1a: Ludicolo\n|-status|p1a: Ludicolo|slp|[from] move: Sing\n|\n|-weather|none\n|upkeep\n|inactive|Tritus ELITE 4 has 120 seconds left.\n|\n|t:|1696790907\n|switch|p1b: Basculegion|Basculegion-F, F|100\/100\n|turn|6\n|inactive|georgexiii has 120 seconds left.\n|inactive|Tritus ELITE 4 has 120 seconds left.\n|\n|t:|1696790934\n|move|p1b: Basculegion|Aqua Jet|p2a: Lopunny\n|-damage|p2a: Lopunny|0 fnt\n|faint|p2a: Lopunny\n|-damage|p1b: Basculegion|91\/100|[from] item: Life Orb\n|move|p2b: Primarina|Draining Kiss|p1b: Basculegion\n|-damage|p1b: Basculegion|62\/100\n|-heal|p2b: Primarina|100\/100|[from] drain|[of] p1b: Basculegion\n|cant|p1a: Ludicolo|slp\n|\n|upkeep\n|inactive|georgexiii has 120 seconds left.\n|\n|t:|1696790946\n|switch|p2a: Clefable|Clefable, F|100\/100\n|turn|7\n|inactive|Tritus ELITE 4 has 120 seconds left.\n|inactive|georgexiii has 120 seconds left.\n|\n|t:|1696790980\n|move|p2a: Clefable|Follow Me|p2a: Clefable\n|-singleturn|p2a: Clefable|move: Follow Me\n|move|p2b: Primarina|Scald|p1b: Basculegion\n|-resisted|p1b: Basculegion\n|-damage|p1b: Basculegion|40\/100\n|move|p1b: Basculegion|Last Respects|p2a: Clefable\n|-damage|p2a: Clefable|23\/100\n|-damage|p1b: Basculegion|30\/100|[from] item: Life Orb\n|cant|p1a: Ludicolo|slp\n|\n|upkeep\n|turn|8\n|inactive|georgexiii has 120 seconds left.\n|\n|t:|1696791001\n|-terastallize|p2b: Primarina|Steel\n|move|p2b: Primarina|Draining Kiss|p1b: Basculegion\n|-damage|p1b: Basculegion|0 fnt\n|faint|p1b: Basculegion\n|cant|p1a: Ludicolo|slp\n|move|p2a: Clefable|Wish|p2a: Clefable\n|\n|upkeep\n|\n|t:|1696791009\n|switch|p1b: Milotic|Milotic, F|100\/100\n|turn|9\n|c|\u2606georgexiii|This sleep omg\n|inactive|georgexiii has 120 seconds left.\n|\n|t:|1696791039\n|move|p2b: Primarina|Draining Kiss|p1a: Ludicolo\n|-damage|p1a: Ludicolo|21\/100 slp\n|-curestatus|p1a: Ludicolo|slp|[msg]\n|move|p1a: Ludicolo|Giga Drain|p2b: Primarina\n|-resisted|p2b: Primarina\n|-damage|p2b: Primarina|83\/100\n|-heal|p1a: Ludicolo|30\/100|[from] drain|[of] p2b: Primarina\n|-damage|p1a: Ludicolo|20\/100|[from] item: Life Orb\n|move|p1b: Milotic|Life Dew||[still]|[spread] p1a,p1b\n|-heal|p1a: Ludicolo|46\/100\n|-fail|p1b: Milotic|heal\n|move|p2a: Clefable|Skill Swap|p1b: Milotic\n|-activate|p2a: Clefable|move: Skill Swap|Competitive|Magic Guard|[of] p1b: Milotic\n|\n|-heal|p2a: Clefable|73\/100|[from] move: Wish|[wisher] Clefable\n|upkeep\n|turn|10\n|l| Mestudond\n|inactive|georgexiii has 120 seconds left.\n|inactive|Tritus ELITE 4 has 120 seconds left.\n|inactive|Tritus ELITE 4 has 90 seconds left.\n|inactive|Tritus ELITE 4 has 60 seconds left.\n|inactive|Tritus ELITE 4 has 30 seconds left.\n|inactive|Tritus ELITE 4 has 20 seconds left.\n|\n|t:|1696791171\n|move|p2b: Primarina|Sing|p1a: Ludicolo\n|-status|p1a: Ludicolo|slp|[from] move: Sing\n|cant|p1a: Ludicolo|slp\n|move|p1b: Milotic|Chilling Water|p2b: Primarina\n|-damage|p2b: Primarina|67\/100\n|-unboost|p2b: Primarina|atk|1\n|move|p2a: Clefable|Wish|p2a: Clefable\n|\n|upkeep\n|turn|11\n|l|\u2606georgexiii\n|inactive|georgexiii disconnected and has a minute to reconnect!\n|player|p2|\n|inactive|Tritus ELITE 4 has 30 seconds left.\n|j|\u2606georgexiii\n|inactive|georgexiii reconnected and has 115 seconds left.\n|player|p2|georgexiii|schoolgirl\n|inactive|georgexiii has 90 seconds left.\n|\n|t:|1696791222\n|move|p2a: Clefable|Follow Me|p2a: Clefable\n|-singleturn|p2a: Clefable|move: Follow Me\n|move|p2b: Primarina|Scald|p1b: Milotic\n|-resisted|p1b: Milotic\n|-damage|p1b: Milotic|87\/100\n|-status|p1b: Milotic|brn\n|-curestatus|p1a: Ludicolo|slp|[msg]\n|move|p1a: Ludicolo|Drain Punch|p2a: Clefable\n|-resisted|p2a: Clefable\n|-damage|p2a: Clefable|61\/100\n|-heal|p1a: Ludicolo|53\/100|[from] drain|[of] p2a: Clefable\n|-damage|p1a: Ludicolo|44\/100|[from] item: Life Orb\n|move|p1b: Milotic|Chilling Water|p2a: Clefable\n|-damage|p2a: Clefable|48\/100\n|\n|-heal|p2a: Clefable|98\/100|[from] move: Wish|[wisher] Clefable\n|-heal|p1b: Milotic|93\/100 brn|[from] item: Leftovers\n|upkeep\n|turn|12\n|inactive|Tritus ELITE 4 has 30 seconds left.\n|\n|t:|1696791250\n|move|p2b: Primarina|Draining Kiss|p1a: Ludicolo\n|-damage|p1a: Ludicolo|13\/100\n|-heal|p2b: Primarina|87\/100|[from] drain|[of] p1a: Ludicolo\n|move|p1a: Ludicolo|Swords Dance|p1a: Ludicolo\n|-boost|p1a: Ludicolo|atk|2\n|move|p1b: Milotic|Life Dew|p1b: Milotic|[spread] p1a,p1b\n|-heal|p1a: Ludicolo|39\/100\n|-heal|p1b: Milotic|100\/100 brn\n|move|p2a: Clefable|Skill Swap|p1b: Milotic\n|-activate|p2a: Clefable|move: Skill Swap|Magic Guard|Competitive|[of] p1b: Milotic\n|\n|-damage|p1b: Milotic|94\/100 brn|[from] brn\n|upkeep\n|turn|13\n|inactive|georgexiii has 120 seconds left.\n|\n|t:|1696791270\n|move|p2b: Primarina|Draining Kiss|p1a: Ludicolo\n|-damage|p1a: Ludicolo|9\/100\n|-heal|p2b: Primarina|100\/100|[from] drain|[of] p1a: Ludicolo\n|move|p1a: Ludicolo|Waterfall|p2a: Clefable\n|-damage|p2a: Clefable|22\/100\n|-damage|p1a: Ludicolo|0 fnt|[from] item: Life Orb\n|faint|p1a: Ludicolo\n|move|p1b: Milotic|Life Dew|p1b: Milotic\n|-heal|p1b: Milotic|100\/100 brn\n|move|p2a: Clefable|Wish|p2a: Clefable\n|\n|-damage|p1b: Milotic|94\/100 brn|[from] brn\n|upkeep\n|\n|t:|1696791278\n|switch|p1a: Swampert|Swampert, M|100\/100\n|turn|14\n|inactive|Tritus ELITE 4 has 60 seconds left.\n|\n|t:|1696791292\n|detailschange|p1a: Swampert|Swampert-Mega, M\n|-mega|p1a: Swampert|Swampert|Swampertite\n|move|p2b: Primarina|Scald|p1a: Swampert\n|-damage|p1a: Swampert|63\/100\n|-status|p1a: Swampert|brn\n|move|p1a: Swampert|Bulk Up|p1a: Swampert\n|-boost|p1a: Swampert|atk|1\n|-boost|p1a: Swampert|def|1\n|move|p1b: Milotic|Chilling Water|p2a: Clefable\n|-crit|p2a: Clefable\n|-damage|p2a: Clefable|2\/100\n|move|p2a: Clefable|Wish||[still]\n|-fail|p2a: Clefable\n|\n|-heal|p2a: Clefable|52\/100|[from] move: Wish|[wisher] Clefable\n|-heal|p1b: Milotic|100\/100 brn|[from] item: Leftovers\n|-damage|p1a: Swampert|57\/100 brn|[from] brn\n|-damage|p1b: Milotic|94\/100 brn|[from] brn\n|upkeep\n|turn|15\n|inactive|Tritus ELITE 4 has 60 seconds left.\n|inactive|georgexiii has 120 seconds left.\n|l|\u2606georgexiii\n|inactive|georgexiii disconnected and has a minute to reconnect!\n|player|p2|\n|\n|t:|1696791339\n|move|p2b: Primarina|Draining Kiss|p1a: Swampert\n|-crit|p1a: Swampert\n|-damage|p1a: Swampert|20\/100 brn\n|move|p1a: Swampert|Waterfall|p2a: Clefable\n|-damage|p2a: Clefable|11\/100\n|move|p1b: Milotic|Chilling Water|p2a: Clefable\n|-damage|p2a: Clefable|0 fnt\n|faint|p2a: Clefable\n|\n|-heal|p1b: Milotic|100\/100 brn|[from] item: Leftovers\n|-damage|p1a: Swampert|14\/100 brn|[from] brn\n|-damage|p1b: Milotic|94\/100 brn|[from] brn\n|upkeep\n|inactive|georgexiii has 30 seconds to reconnect!\n|inactive|georgexiii has 20 seconds to reconnect!\n|inactive|georgexiii has 15 seconds to reconnect!\n|j|\u2606georgexiii\n|inactive|georgexiii reconnected and has 75 seconds left.\n|player|p2|georgexiii|schoolgirl\n|\n|t:|1696791394\n|switch|p2a: Chandelure|Chandelure, F|100\/100\n|turn|16\n|inactive|Tritus ELITE 4 has 60 seconds left.\n|inactive|georgexiii has 90 seconds left.\n|\n|t:|1696791420\n|move|p2a: Chandelure|Shadow Ball|p1a: Swampert\n|-damage|p1a: Swampert|0 fnt\n|faint|p1a: Swampert\n|move|p2b: Primarina|Draining Kiss|p1b: Milotic\n|-damage|p1b: Milotic|77\/100 brn\n|move|p1b: Milotic|Chilling Water|p2a: Chandelure\n|-supereffective|p2a: Chandelure\n|-damage|p2a: Chandelure|55\/100\n|-unboost|p2a: Chandelure|atk|1\n|\n|-heal|p1b: Milotic|83\/100 brn|[from] item: Leftovers\n|-damage|p1b: Milotic|77\/100 brn|[from] brn\n|upkeep\n|turn|17\n|inactive|georgexiii has 90 seconds left.\n|-message|Tritus ELITE 4 forfeited.\n|\n|win|georgexiii\n|raw|Tritus ELITE 4's rating: 1047 &rarr; <strong>1034<\/strong><br \/>(-13 for losing)\n|raw|georgexiii's rating: 1142 &rarr; <strong>1160<\/strong><br \/>(+18 for winning)\n|l|\u2606Tritus ELITE 4\n","uploadtime":1696791453,"views":10,"p1id":"trituselite4","p2id":"georgexiii","formatid":"gen9nationaldexdoubles","rating":1034,"private":0,"password":""}