{"id":"gen9nationaldexdoubles-1973068156","p1":"SAM-DA-NAN","p2":"AdvancedDigit","format":"[Gen 9] National Dex Doubles","log":"|j|\u2606SAM-DA-NAN\n|j|\u2606AdvancedDigit\n|t:|1697924114\n|gametype|doubles\n|player|p1|SAM-DA-NAN|265|1371\n|player|p2|AdvancedDigit|hilbert|1328\n|teamsize|p1|6\n|teamsize|p2|6\n|gen|9\n|tier|[Gen 9] National Dex Doubles\n|rated|\n|rule|HP Percentage Mod: HP is shown in percentages\n|rule|Endless Battle Clause: Forcing endless battles is banned\n|rule|OHKO Clause: OHKO moves are banned\n|rule|Evasion Moves Clause: Evasion moves are banned\n|rule|Evasion Abilities Clause: Evasion abilities are banned\n|rule|Species Clause: Limit one of each Pok\u00e9mon\n|rule|Gravity Sleep Clause: The combination of sleep-inducing moves with imperfect accuracy and Gravity or Gigantamax Orbeetle are banned\n|clearpoke\n|poke|p1|Charizard, F|\n|poke|p1|Chi-Yu|\n|poke|p1|Ogerpon, F|\n|poke|p1|Tornadus, M|\n|poke|p1|Ursaluna, M|\n|poke|p1|Dragonite, F|\n|poke|p2|Lilligant-Hisui, F|\n|poke|p2|Tornadus, M|\n|poke|p2|Malamar, M|\n|poke|p2|Gothitelle, F|\n|poke|p2|Charizard, F|\n|poke|p2|Garchomp, F|\n|teampreview\n|\n|t:|1697924126\n|start\n|switch|p1a: Ursaluna|Ursaluna, M|100\/100\n|switch|p1b: Dragonite|Dragonite, F|100\/100\n|switch|p2a: Lilligant|Lilligant-Hisui, F|100\/100\n|switch|p2b: Charizard|Charizard, F|100\/100\n|turn|1\n|\n|t:|1697924153\n|detailschange|p2b: Charizard|Charizard-Mega-Y, F\n|-mega|p2b: Charizard|Charizard|Charizardite Y\n|-weather|SunnyDay|[from] ability: Drought|[of] p2b: Charizard\n|move|p2a: Lilligant|Entrainment|p2b: Charizard\n|-endability|p2b: Charizard|Drought|[from] move: Entrainment\n|-ability|p2b: Charizard|Chlorophyll|[from] move: Entrainment\n|move|p2b: Charizard|Hidden Power|p1a: Ursaluna\n|-supereffective|p1a: Ursaluna\n|-damage|p1a: Ursaluna|57\/100\n|move|p1b: Dragonite|Dragon Dance|p1b: Dragonite\n|-boost|p1b: Dragonite|atk|1\n|-boost|p1b: Dragonite|spe|1\n|move|p1a: Ursaluna|Facade|p2b: Charizard\n|-damage|p2b: Charizard|39\/100\n|\n|-weather|SunnyDay|[upkeep]\n|-status|p1a: Ursaluna|brn|[from] item: Flame Orb\n|upkeep\n|turn|2\n|\n|t:|1697924178\n|move|p1b: Dragonite|Extreme Speed|p2b: Charizard\n|-enditem|p1b: Dragonite|Normal Gem|[from] gem\n|-damage|p2b: Charizard|0 fnt\n|faint|p2b: Charizard\n|move|p2a: Lilligant|Leaf Blade|p1a: Ursaluna\n|-supereffective|p1a: Ursaluna\n|-damage|p1a: Ursaluna|0 fnt\n|faint|p1a: Ursaluna\n|\n|-weather|SunnyDay|[upkeep]\n|upkeep\n|\n|t:|1697924197\n|switch|p2b: Garchomp|Garchomp, F|100\/100\n|switch|p1a: Charizard|Charizard, F|100\/100\n|turn|3\n|\n|t:|1697924208\n|move|p2a: Lilligant|Entrainment|p2b: Garchomp\n|-endability|p2b: Garchomp|Rough Skin|[from] move: Entrainment\n|-ability|p2b: Garchomp|Chlorophyll|[from] move: Entrainment\n|move|p2b: Garchomp|Dragon Claw|p1b: Dragonite\n|-supereffective|p1b: Dragonite\n|-damage|p1b: Dragonite|0 fnt\n|faint|p1b: Dragonite\n|move|p1a: Charizard|Flamethrower|p2a: Lilligant\n|-supereffective|p2a: Lilligant\n|-damage|p2a: Lilligant|0 fnt\n|faint|p2a: Lilligant\n|\n|-weather|SunnyDay|[upkeep]\n|-damage|p1a: Charizard|88\/100|[from] ability: Solar Power|[of] p1a: Charizard\n|upkeep\n|c|\u2606AdvancedDigit|200 iq\n|\n|t:|1697924238\n|switch|p2a: Gothitelle|Gothitelle, F|100\/100\n|switch|p1b: Chi-Yu|Chi-Yu|100\/100\n|-ability|p1b: Chi-Yu|Beads of Ruin\n|turn|4\n|\n|t:|1697924253\n|detailschange|p1a: Charizard|Charizard-Mega-Y, F\n|-mega|p1a: Charizard|Charizard|Charizardite Y\n|move|p2a: Gothitelle|Fake Out|p1a: Charizard\n|-damage|p1a: Charizard|81\/100\n|move|p2b: Garchomp|Earthquake|p1b: Chi-Yu|[spread] p2a,p1b\n|-immune|p1a: Charizard\n|-supereffective|p1b: Chi-Yu\n|-damage|p2a: Gothitelle|52\/100\n|-damage|p1b: Chi-Yu|0 fnt\n|faint|p1b: Chi-Yu\n|cant|p1a: Charizard|flinch\n|\n|-weather|SunnyDay|[upkeep]\n|-heal|p2a: Gothitelle|58\/100|[from] item: Leftovers\n|upkeep\n|\n|t:|1697924268\n|switch|p1b: Tornadus|Tornadus, M|100\/100\n|turn|5\n|\n|t:|1697924292\n|move|p1b: Tornadus|Tailwind|p1b: Tornadus\n|-sidestart|p1: SAM-DA-NAN|move: Tailwind\n|move|p2b: Garchomp|Dragon Claw|p1a: Charizard\n|-crit|p1a: Charizard\n|-damage|p1a: Charizard|3\/100\n|move|p1a: Charizard|Heat Wave|p2a: Gothitelle|[spread] p2a,p2b\n|-resisted|p2b: Garchomp\n|-damage|p2a: Gothitelle|7\/100\n|-damage|p2b: Garchomp|59\/100\n|move|p2a: Gothitelle|Toxic|p1b: Tornadus\n|-status|p1b: Tornadus|tox\n|\n|-weather|none\n|-heal|p2a: Gothitelle|13\/100|[from] item: Leftovers\n|-damage|p1b: Tornadus|94\/100 tox|[from] psn\n|upkeep\n|turn|6\n|c|\u2606AdvancedDigit|nooooo my sun\n|\n|t:|1697924312\n|move|p1a: Charizard|Protect|p1a: Charizard\n|-singleturn|p1a: Charizard|Protect\n|move|p1b: Tornadus|Knock Off|p2a: Gothitelle\n|-supereffective|p2a: Gothitelle\n|-damage|p2a: Gothitelle|0 fnt\n|-enditem|p2a: Gothitelle|Leftovers|[from] move: Knock Off|[of] p1b: Tornadus\n|faint|p2a: Gothitelle\n|move|p2b: Garchomp|Dragon Claw|p1a: Charizard\n|-activate|p1a: Charizard|move: Protect\n|\n|-heal|p1b: Tornadus|100\/100 tox|[from] item: Leftovers\n|-damage|p1b: Tornadus|88\/100 tox|[from] psn\n|upkeep\n|\n|t:|1697924328\n|switch|p2a: Malamar|Malamar, M|100\/100\n|turn|7\n|\n|t:|1697924342\n|move|p1b: Tornadus|Bleakwind Storm|p2a: Malamar|[spread] p2a,p2b\n|-damage|p2a: Malamar|57\/100\n|-damage|p2b: Garchomp|17\/100\n|move|p1a: Charizard|Flamethrower|p2a: Malamar\n|-damage|p2a: Malamar|0 fnt\n|faint|p2a: Malamar\n|move|p2b: Garchomp|Dragon Claw|p1a: Charizard\n|-damage|p1a: Charizard|0 fnt\n|faint|p1a: Charizard\n|\n|-heal|p1b: Tornadus|94\/100 tox|[from] item: Leftovers\n|-damage|p1b: Tornadus|76\/100 tox|[from] psn\n|upkeep\n|\n|t:|1697924357\n|switch|p1a: Ogerpon|Ogerpon, F|100\/100\n|switch|p2a: Tornadus|Tornadus, M|100\/100\n|turn|8\n|\n|t:|1697924373\n|-terastallize|p1a: Ogerpon|Grass\n|detailschange|p1a: Ogerpon|Ogerpon-Teal-Tera, F, tera:Grass\n|-ability|p1a: Ogerpon|Embody Aspect (Teal)|boost\n|-boost|p1a: Ogerpon|spe|1\n|move|p1a: Ogerpon|Spiky Shield|p1a: Ogerpon\n|-singleturn|p1a: Ogerpon|move: Protect\n|move|p1b: Tornadus|Knock Off|p2b: Garchomp\n|-damage|p2b: Garchomp|0 fnt\n|-enditem|p2b: Garchomp|Expert Belt|[from] move: Knock Off|[of] p1b: Tornadus\n|faint|p2b: Garchomp\n|move|p2a: Tornadus|Icy Wind|p1b: Tornadus|[spread] p1b\n|-activate|p1a: Ogerpon|move: Protect\n|-supereffective|p1b: Tornadus\n|-damage|p1b: Tornadus|36\/100 tox\n|-unboost|p1b: Tornadus|spe|1\n|\n|-heal|p1b: Tornadus|42\/100 tox|[from] item: Leftovers\n|-damage|p1b: Tornadus|18\/100 tox|[from] psn\n|-sideend|p1: SAM-DA-NAN|move: Tailwind\n|upkeep\n|turn|9\n|\n|t:|1697924402\n|move|p1a: Ogerpon|Wood Hammer|p2a: Tornadus\n|-resisted|p2a: Tornadus\n|-damage|p2a: Tornadus|18\/100\n|-damage|p1a: Ogerpon|77\/100|[from] Recoil\n|-damage|p1a: Ogerpon|67\/100|[from] item: Life Orb\n|move|p2a: Tornadus|Bleakwind Storm|p1a: Ogerpon|[spread] p1a,p1b\n|-supereffective|p1a: Ogerpon\n|-damage|p1a: Ogerpon|0 fnt\n|-damage|p1b: Tornadus|0 fnt\n|faint|p1a: Ogerpon\n|faint|p1b: Tornadus\n|\n|win|AdvancedDigit\n|raw|SAM-DA-NAN's rating: 1371 &rarr; <strong>1349<\/strong><br \/>(-22 for losing)\n|raw|AdvancedDigit's rating: 1328 &rarr; <strong>1350<\/strong><br \/>(+22 for winning)\n|c|\u2606AdvancedDigit|gg\n","uploadtime":1697924415,"views":6,"p1id":"samdanan","p2id":"advanceddigit","formatid":"gen9nationaldexdoubles","rating":1349,"private":0,"password":""}