{"id":"gen9nationaldexdoubles-1968279170","p1":"Skyhero752","p2":"LightNovas","format":"[Gen 9] National Dex Doubles","log":"|j|\u2606Skyhero752\n|j|\u2606LightNovas\n|t:|1697401761\n|gametype|doubles\n|player|p1|Skyhero752|sightseer|1199\n|player|p2|LightNovas|cynthia|1216\n|teamsize|p1|6\n|teamsize|p2|6\n|gen|9\n|tier|[Gen 9] National Dex Doubles\n|rated|\n|rule|HP Percentage Mod: HP is shown in percentages\n|rule|Endless Battle Clause: Forcing endless battles is banned\n|rule|OHKO Clause: OHKO moves are banned\n|rule|Evasion Moves Clause: Evasion moves are banned\n|rule|Evasion Abilities Clause: Evasion abilities are banned\n|rule|Species Clause: Limit one of each Pok\u00e9mon\n|rule|Gravity Sleep Clause: The combination of sleep-inducing moves with imperfect accuracy and Gravity or Gigantamax Orbeetle are banned\n|clearpoke\n|poke|p1|Mimikyu, M|\n|poke|p1|Dedenne, F|\n|poke|p1|Grimmsnarl, M|\n|poke|p1|Ninetales-Alola, M|\n|poke|p1|Clefable, F|\n|poke|p1|Slurpuff, M|\n|poke|p2|Torkoal, M|\n|poke|p2|Ninetales-Alola, F|\n|poke|p2|Slowking, F|\n|poke|p2|Pelipper, M|\n|poke|p2|Dragonite, F|\n|poke|p2|Ogerpon-Wellspring, F|\n|teampreview\n|c|\u2606LightNovas|AAAAAAAAAAAAAAAAAAAAAAAAAAAAAAAAAAAAAAAAAAAAAAAAAAAAAAAAAAAAAAAA\n|\n|t:|1697401804\n|start\n|switch|p1a: Dedenne|Dedenne, F|100\/100\n|switch|p1b: Ninetales|Ninetales-Alola, M|100\/100\n|switch|p2a: Nami|Ninetales-Alola, F|100\/100\n|switch|p2b: Sanji|Slowking, F|100\/100\n|-weather|Snow|[from] ability: Snow Warning|[of] p2a: Nami\n|turn|1\n|\n|t:|1697401819\n|-terastallize|p1b: Ninetales|Ghost\n|move|p2b: Sanji|Protect|p2b: Sanji\n|-singleturn|p2b: Sanji|Protect\n|move|p2a: Nami|Aurora Veil|p2a: Nami\n|-sidestart|p2: LightNovas|move: Aurora Veil\n|move|p1a: Dedenne|Fling|p1b: Ninetales\n|-supereffective|p1b: Ninetales\n|-damage|p1b: Ninetales|96\/100\n|-boost|p1b: Ninetales|spe|1|[from] item: Salac Berry\n|-enditem|p1b: Ninetales|Weakness Policy\n|-boost|p1b: Ninetales|atk|2|[from] item: Weakness Policy\n|-boost|p1b: Ninetales|spa|2|[from] item: Weakness Policy\n|-enditem|p1a: Dedenne|Salac Berry|[from] move: Fling\n|move|p1b: Ninetales|Tera Blast|p2b: Sanji|[anim] Tera Blast Ghost\n|-activate|p2b: Sanji|move: Protect\n|\n|-weather|Snow|[upkeep]\n|-item|p1a: Dedenne|Weakness Policy|[from] ability: Pickup\n|upkeep\n|turn|2\n|c|\u2606LightNovas|oh fuck me\n|\n|t:|1697401835\n|switch|p2a: Cinna|Ogerpon-Wellspring, F|100\/100\n|switch|p2b: toliet bird|Pelipper, M|100\/100\n|-weather|RainDance|[from] ability: Drizzle|[of] p2b: toliet bird\n|move|p1b: Ninetales|Tera Blast|p2b: toliet bird|[anim] Tera Blast Ghost\n|-damage|p2b: toliet bird|36\/100\n|move|p1a: Dedenne|Nuzzle|p2a: Cinna\n|-damage|p2a: Cinna|97\/100\n|-status|p2a: Cinna|par\n|\n|-weather|RainDance|[upkeep]\n|upkeep\n|turn|3\n|\n|t:|1697401863\n|-terastallize|p2a: Cinna|Water\n|detailschange|p2a: Cinna|Ogerpon-Wellspring-Tera, F, tera:Water\n|-ability|p2a: Cinna|Embody Aspect (Wellspring)|boost\n|-boost|p2a: Cinna|spd|1\n|move|p1b: Ninetales|Moonblast|p2a: Cinna\n|-damage|p2a: Cinna|61\/100 par\n|move|p1a: Dedenne|Thunderbolt|p2a: Cinna\n|-supereffective|p2a: Cinna\n|-damage|p2a: Cinna|39\/100 par\n|move|p2b: toliet bird|Weather Ball|p1b: Ninetales\n|-damage|p1b: Ninetales|14\/100\n|move|p2a: Cinna|Ivy Cudgel|p1b: Ninetales\n|-damage|p1b: Ninetales|0 fnt\n|faint|p1b: Ninetales\n|\n|-weather|RainDance|[upkeep]\n|upkeep\n|c|\u2606LightNovas|thank god for wellspring mask\n|\n|t:|1697401879\n|switch|p1b: Slurpuff|Slurpuff, M|100\/100\n|turn|4\n|\n|t:|1697401887\n|move|p1a: Dedenne|Ally Switch|p1a: Dedenne\n|swap|p1a: Dedenne|1|[from] move: Ally Switch\n|move|p1a: Slurpuff|Belly Drum|p1a: Slurpuff\n|-damage|p1a: Slurpuff|50\/100\n|-setboost|p1a: Slurpuff|atk|6|[from] move: Belly Drum\n|-enditem|p1a: Slurpuff|Sitrus Berry|[eat]\n|-heal|p1a: Slurpuff|75\/100|[from] item: Sitrus Berry\n|move|p2b: toliet bird|Weather Ball|p1a: Slurpuff\n|-damage|p1a: Slurpuff|0 fnt\n|faint|p1a: Slurpuff\n|cant|p2a: Cinna|par\n|\n|-weather|RainDance|[upkeep]\n|upkeep\n|c|\u2606LightNovas|damn thats crazy\n|\n|t:|1697401900\n|switch|p1a: Mimikyu|Mimikyu, M|100\/100\n|turn|5\n|\n|t:|1697401915\n|move|p1b: Dedenne|Thunderbolt|p2b: toliet bird\n|-supereffective|p2b: toliet bird\n|-damage|p2b: toliet bird|0 fnt\n|faint|p2b: toliet bird\n|move|p1a: Mimikyu|Play Rough|p2a: Cinna\n|-damage|p2a: Cinna|9\/100 par\n|move|p2a: Cinna|Horn Leech|p1b: Dedenne\n|-damage|p1b: Dedenne|42\/100\n|-heal|p2a: Cinna|37\/100 par|[from] drain|[of] p1b: Dedenne\n|\n|-weather|RainDance|[upkeep]\n|upkeep\n|\n|t:|1697401924\n|switch|p2b: Wildcard|Dragonite, F|100\/100\n|turn|6\n|\n|t:|1697401933\n|switch|p2a: Sanji|Slowking, F|100\/100\n|move|p1b: Dedenne|Thunderbolt|p2b: Wildcard\n|-damage|p2b: Wildcard|92\/100\n|-zpower|p1a: Mimikyu\n|move|p1a: Mimikyu|Let's Snuggle Forever|p2b: Wildcard|[zeffect]\n|-supereffective|p2b: Wildcard\n|-damage|p2b: Wildcard|0 fnt\n|faint|p2b: Wildcard\n|\n|-weather|none\n|upkeep\n|\n|t:|1697401943\n|switch|p2b: Fast|Torkoal, M|100\/100\n|-weather|SunnyDay|[from] ability: Drought|[of] p2b: Fast\n|turn|7\n|c|\u2606LightNovas|die gdi\n|\n|t:|1697401972\n|switch|p1a: Clefable|Clefable, F|100\/100\n|move|p1b: Dedenne|Thunderbolt|p2b: Fast\n|-damage|p2b: Fast|76\/100\n|move|p2a: Sanji|Weather Ball|p1a: Clefable\n|-damage|p1a: Clefable|67\/100\n|move|p2b: Fast|Weather Ball|p1a: Clefable\n|-damage|p1a: Clefable|35\/100\n|\n|-weather|SunnyDay|[upkeep]\n|-heal|p1a: Clefable|41\/100|[from] item: Leftovers\n|upkeep\n|turn|8\n|\n|t:|1697401984\n|move|p1b: Dedenne|Thunderbolt|p2b: Fast\n|-damage|p2b: Fast|53\/100\n|move|p1a: Clefable|Seismic Toss|p2b: Fast\n|-damage|p2b: Fast|24\/100\n|move|p2a: Sanji|Weather Ball|p1a: Clefable\n|-damage|p1a: Clefable|6\/100\n|move|p2b: Fast|Weather Ball|p1a: Clefable\n|-damage|p1a: Clefable|0 fnt\n|faint|p1a: Clefable\n|\n|-weather|SunnyDay|[upkeep]\n|-sideend|p2: LightNovas|move: Aurora Veil\n|upkeep\n|c|\u2606LightNovas|die ye bastard\n|\n|t:|1697401995\n|switch|p1a: Mimikyu|Mimikyu, M|100\/100\n|turn|9\n|\n|t:|1697401999\n|move|p1a: Mimikyu|Shadow Sneak|p2a: Sanji\n|-supereffective|p2a: Sanji\n|-damage|p2a: Sanji|66\/100\n|move|p1b: Dedenne|Thunderbolt|p2b: Fast\n|-damage|p2b: Fast|0 fnt\n|faint|p2b: Fast\n|move|p2a: Sanji|Weather Ball|p1a: Mimikyu\n|-activate|p1a: Mimikyu|ability: Disguise\n|-damage|p1a: Mimikyu|100\/100\n|detailschange|p1a: Mimikyu|Mimikyu-Busted, M\n|-damage|p1a: Mimikyu|88\/100|[from] pokemon: Mimikyu-Busted\n|\n|-weather|SunnyDay|[upkeep]\n|upkeep\n|\n|t:|1697402005\n|switch|p2b: Nami|Ninetales-Alola, F|100\/100\n|-weather|Snow|[from] ability: Snow Warning|[of] p2b: Nami\n|turn|10\n|\n|t:|1697402023\n|move|p2b: Nami|Aurora Veil|p2b: Nami\n|-sidestart|p2: LightNovas|move: Aurora Veil\n|move|p1b: Dedenne|Fling|p1a: Mimikyu\n|-damage|p1a: Mimikyu|71\/100\n|-enditem|p1b: Dedenne|Weakness Policy|[from] move: Fling\n|move|p1a: Mimikyu|Play Rough|p2b: Nami|[miss]\n|-miss|p1a: Mimikyu|p2b: Nami\n|move|p2a: Sanji|Weather Ball|p1a: Mimikyu\n|-damage|p1a: Mimikyu|32\/100\n|\n|-weather|Snow|[upkeep]\n|upkeep\n|turn|11\n|\n|t:|1697402037\n|move|p2b: Nami|Weather Ball|p1a: Mimikyu\n|-damage|p1a: Mimikyu|0 fnt\n|faint|p1a: Mimikyu\n|move|p1b: Dedenne|Thunderbolt|p2b: Nami\n|-damage|p2b: Nami|81\/100\n|move|p2a: Sanji|Weather Ball|p1b: Dedenne\n|-damage|p1b: Dedenne|0 fnt\n|faint|p1b: Dedenne\n|\n|-weather|Snow|[upkeep]\n|upkeep\n|-message|Skyhero752 forfeited.\n|\n|win|LightNovas\n|raw|Skyhero752's rating: 1199 &rarr; <strong>1175<\/strong><br \/>(-24 for losing)\n|raw|LightNovas's rating: 1216 &rarr; <strong>1240<\/strong><br \/>(+24 for winning)\n","uploadtime":1697401989,"views":5,"p1id":"skyhero752","p2id":"lightnovas","formatid":"gen9nationaldexdoubles","rating":1175,"private":0,"password":""}