{"id":"gen9nationaldexdoubles-1993741260","p1":"baller9001","p2":"Edelgard1162","format":"[Gen 9] National Dex Doubles","log":"|j|\u2606baller9001\n|j|\u2606Edelgard1162\n|t:|1700351731\n|gametype|doubles\n|player|p1|baller9001|pokemaniac|1047\n|player|p2|Edelgard1162|rika|1323\n|teamsize|p1|6\n|teamsize|p2|6\n|gen|9\n|tier|[Gen 9] National Dex Doubles\n|rated|\n|rule|HP Percentage Mod: HP is shown in percentages\n|rule|Endless Battle Clause: Forcing endless battles is banned\n|rule|OHKO Clause: OHKO moves are banned\n|rule|Evasion Moves Clause: Evasion moves are banned\n|rule|Evasion Abilities Clause: Evasion abilities are banned\n|rule|Species Clause: Limit one of each Pok\u00e9mon\n|rule|Gravity Sleep Clause: The combination of sleep-inducing moves with imperfect accuracy and Gravity or Gigantamax Orbeetle are banned\n|clearpoke\n|poke|p1|Pelipper, M|\n|poke|p1|Wishiwashi, F|\n|poke|p1|Drednaw, F|\n|poke|p1|Urshifu-*, M|\n|poke|p1|Floatzel, F|\n|poke|p1|Rotom-Wash|\n|poke|p2|Togedemaru, L1, F|\n|poke|p2|Liepard, F|\n|poke|p2|Rillaboom, F|\n|poke|p2|Tyranitar, M|\n|poke|p2|Diancie|\n|poke|p2|Gastrodon, M|\n|teampreview\n|inactive|Battle timer is ON: inactive players will automatically lose when time's up. (requested by Edelgard1162)\n|inactive|baller9001 also wants the timer to be on.\n|\n|t:|1700351752\n|start\n|switch|p1a: Pelipper|Pelipper, M, shiny|100\/100\n|switch|p1b: Wishiwashi|Wishiwashi, F, shiny|100\/100\n|switch|p2a: Togedemaru|Togedemaru, L1, F|100\/100\n|switch|p2b: Liepard|Liepard, F|100\/100\n|-weather|RainDance|[from] ability: Drizzle|[of] p1a: Pelipper\n|-formechange|p1b: Wishiwashi|Wishiwashi-School||[from] ability: Schooling\n|turn|1\n|\n|t:|1700351773\n|move|p2b: Liepard|Fake Out|p1a: Pelipper\n|-damage|p1a: Pelipper|89\/100\n|cant|p1a: Pelipper|flinch\n|move|p1b: Wishiwashi|Earthquake|p2b: Liepard|[spread] p2a,p2b\n|-immune|p1a: Pelipper\n|-supereffective|p2a: Togedemaru\n|-ability|p2a: Togedemaru|Sturdy\n|-damage|p2a: Togedemaru|9\/100\n|-damage|p2b: Liepard|53\/100\n|move|p2a: Togedemaru|Endeavor|p1a: Pelipper\n|-damage|p1a: Pelipper|1\/100\n|-heal|p2a: Togedemaru|100\/100|[from] item: Shell Bell|[of] p1a: Pelipper\n|\n|-weather|RainDance|[upkeep]\n|upkeep\n|turn|2\n|\n|t:|1700351796\n|move|p2b: Liepard|Sucker Punch|p1a: Pelipper\n|-damage|p1a: Pelipper|0 fnt\n|faint|p1a: Pelipper\n|move|p1b: Wishiwashi|Earthquake|p2b: Liepard|[spread] p2a,p2b\n|-supereffective|p2a: Togedemaru\n|-ability|p2a: Togedemaru|Sturdy\n|-damage|p2a: Togedemaru|9\/100\n|-damage|p2b: Liepard|3\/100\n|move|p2a: Togedemaru|Endeavor|p1b: Wishiwashi\n|-damage|p1b: Wishiwashi|1\/100\n|-heal|p2a: Togedemaru|100\/100|[from] item: Shell Bell|[of] p1b: Wishiwashi\n|\n|-weather|RainDance|[upkeep]\n|-formechange|p1b: Wishiwashi|Wishiwashi||[from] ability: Schooling\n|upkeep\n|inactive|baller9001 has 120 seconds left.\n|\n|t:|1700351815\n|switch|p1a: Drednaw|Drednaw, F, shiny|100\/100\n|turn|3\n|\n|t:|1700351831\n|switch|p1b: Urshifu|Urshifu-Rapid-Strike, M|100\/100\n|move|p2b: Liepard|Sucker Punch||[still]\n|-fail|p2b: Liepard\n|move|p1a: Drednaw|Earthquake|p2a: Togedemaru|[spread] p1b,p2a,p2b\n|-supereffective|p2a: Togedemaru\n|-damage|p1b: Urshifu|58\/100\n|-ability|p2a: Togedemaru|Sturdy\n|-damage|p2a: Togedemaru|9\/100\n|-damage|p2b: Liepard|0 fnt\n|faint|p2b: Liepard\n|move|p2a: Togedemaru|Endeavor|p1a: Drednaw\n|-damage|p1a: Drednaw|1\/100\n|-heal|p2a: Togedemaru|100\/100|[from] item: Shell Bell|[of] p1a: Drednaw\n|\n|-weather|RainDance|[upkeep]\n|upkeep\n|\n|t:|1700351854\n|switch|p2b: Rillaboom|Rillaboom, F|100\/100\n|-fieldstart|move: Grassy Terrain|[from] ability: Grassy Surge|[of] p2b: Rillaboom\n|turn|4\n|inactive|Edelgard1162 has 120 seconds left.\n|\n|t:|1700351886\n|move|p2a: Togedemaru|Spiky Shield|p2a: Togedemaru\n|-singleturn|p2a: Togedemaru|move: Protect\n|move|p2b: Rillaboom|Grassy Glide|p1b: Urshifu\n|-supereffective|p1b: Urshifu\n|-damage|p1b: Urshifu|0 fnt\n|faint|p1b: Urshifu\n|move|p1a: Drednaw|Earthquake|p2a: Togedemaru|[spread] p2b\n|-activate|p2a: Togedemaru|move: Protect\n|-resisted|p2b: Rillaboom\n|-damage|p2b: Rillaboom|91\/100\n|\n|-weather|RainDance|[upkeep]\n|-heal|p1a: Drednaw|7\/100|[from] Grassy Terrain\n|-heal|p2b: Rillaboom|98\/100|[from] Grassy Terrain\n|-heal|p2b: Rillaboom|100\/100|[from] item: Leftovers\n|upkeep\n|\n|t:|1700351906\n|switch|p1b: Rotom|Rotom-Wash, shiny|100\/100\n|turn|5\n|-message|baller9001 forfeited.\n|\n|win|Edelgard1162\n|raw|baller9001's rating: 1047 &rarr; <strong>1041<\/strong><br \/>(-6 for losing)\n|raw|Edelgard1162's rating: 1323 &rarr; <strong>1330<\/strong><br \/>(+7 for winning)\n|l|\u2606baller9001\n","uploadtime":1700351917,"views":5,"p1id":"baller9001","p2id":"edelgard1162","formatid":"gen9nationaldexdoubles","rating":1041,"private":0,"password":""}