{"id":"gen9nationaldexdoubles-1954112599","p1":"harteteam","p2":"Uncle Kars","format":"[Gen 9] National Dex Doubles","log":"|j|\u2606harteteam\n|j|\u2606Uncle Kars\n|t:|1695854983\n|gametype|doubles\n|player|p1|harteteam|silver|\n|player|p2|Uncle Kars|silver|\n|teamsize|p1|5\n|teamsize|p2|6\n|gen|9\n|tier|[Gen 9] National Dex Doubles\n|rule|HP Percentage Mod: HP is shown in percentages\n|rule|Endless Battle Clause: Forcing endless battles is banned\n|rule|OHKO Clause: OHKO moves are banned\n|rule|Evasion Moves Clause: Evasion moves are banned\n|rule|Evasion Abilities Clause: Evasion abilities are banned\n|rule|Species Clause: Limit one of each Pok\u00e9mon\n|rule|Gravity Sleep Clause: The combination of sleep-inducing moves with imperfect accuracy and Gravity or Gigantamax Orbeetle are banned\n|clearpoke\n|poke|p1|Flygon, M|\n|poke|p1|Palossand, F|\n|poke|p1|Quagsire, M|\n|poke|p1|Crobat, F|\n|poke|p1|Camerupt, F|\n|poke|p2|Camerupt, F|\n|poke|p2|Torkoal, M|\n|poke|p2|Houndoom, M|\n|poke|p2|Vileplume, M|\n|poke|p2|Chandelure, F|\n|poke|p2|Venusaur, F|\n|teampreview\n|\n|t:|1695855001\n|start\n|switch|p1a: Quagsire|Quagsire, M, shiny|100\/100\n|switch|p1b: Palossand|Palossand, F|100\/100\n|switch|p2a: Torkoal|Torkoal, M|100\/100\n|switch|p2b: Chandelure|Chandelure, F|100\/100\n|-weather|SunnyDay|[from] ability: Drought|[of] p2a: Torkoal\n|turn|1\n|\n|t:|1695855044\n|switch|p2a: Venusaur|Venusaur, F|100\/100\n|move|p2b: Chandelure|Energy Ball|p1b: Palossand|[miss]\n|-miss|p2b: Chandelure|p1b: Palossand\n|move|p1b: Palossand|Shadow Ball|p2b: Chandelure\n|-supereffective|p2b: Chandelure\n|-damage|p2b: Chandelure|0 fnt\n|faint|p2b: Chandelure\n|move|p1a: Quagsire|Muddy Water|p2a: Venusaur\n|-resisted|p2a: Venusaur\n|-crit|p2a: Venusaur\n|-damage|p2a: Venusaur|92\/100\n|\n|-weather|SunnyDay|[upkeep]\n|upkeep\n|\n|t:|1695855057\n|switch|p2b: Vileplume|Vileplume, M|100\/100\n|turn|2\n|\n|t:|1695855084\n|move|p2a: Venusaur|Petal Blizzard|p1a: Quagsire|[spread] p2b,p1a,p1b\n|-resisted|p2b: Vileplume\n|-supereffective|p1a: Quagsire\n|-supereffective|p1b: Palossand\n|-damage|p2b: Vileplume|93\/100\n|-damage|p1a: Quagsire|24\/100\n|-damage|p1b: Palossand|68\/100\n|move|p2b: Vileplume|Solar Beam||[still]\n|-prepare|p2b: Vileplume|Solar Beam\n|-anim|p2b: Vileplume|Solar Beam|p1a: Quagsire\n|-supereffective|p1a: Quagsire\n|-damage|p1a: Quagsire|0 fnt\n|faint|p1a: Quagsire\n|move|p1b: Palossand|Shadow Ball|p2a: Venusaur\n|-damage|p2a: Venusaur|51\/100\n|-unboost|p2a: Venusaur|spd|1\n|\n|-weather|SunnyDay|[upkeep]\n|upkeep\n|j| Ryoko7\n|l| Ryoko7\n|\n|t:|1695855100\n|switch|p1a: Camerupt|Camerupt, F|100\/100\n|turn|3\n|\n|t:|1695855130\n|move|p2a: Venusaur|Petal Blizzard|p1a: Camerupt|[spread] p2b,p1a,p1b\n|-resisted|p2b: Vileplume\n|-supereffective|p1b: Palossand\n|-damage|p2b: Vileplume|87\/100\n|-damage|p1a: Camerupt|72\/100\n|-damage|p1b: Palossand|32\/100\n|move|p2b: Vileplume|Solar Beam||[still]\n|-prepare|p2b: Vileplume|Solar Beam\n|-anim|p2b: Vileplume|Solar Beam|p1a: Camerupt\n|-damage|p1a: Camerupt|0 fnt\n|faint|p1a: Camerupt\n|move|p1b: Palossand|Shore Up|p1b: Palossand\n|-heal|p1b: Palossand|82\/100\n|\n|-weather|SunnyDay|[upkeep]\n|upkeep\n|\n|t:|1695855143\n|switch|p1a: Crobat|Crobat, F|100\/100\n|turn|4\n|\n|t:|1695855163\n|move|p2a: Venusaur|Petal Blizzard|p1a: Crobat|[spread] p2b,p1a,p1b\n|-resisted|p2b: Vileplume\n|-resisted|p1a: Crobat\n|-supereffective|p1b: Palossand\n|-damage|p2b: Vileplume|81\/100\n|-damage|p1a: Crobat|95\/100\n|-damage|p1b: Palossand|47\/100\n|move|p2b: Vileplume|Solar Beam||[still]\n|-prepare|p2b: Vileplume|Solar Beam\n|-anim|p2b: Vileplume|Solar Beam|p1b: Palossand\n|-supereffective|p1b: Palossand\n|-damage|p1b: Palossand|0 fnt\n|faint|p1b: Palossand\n|move|p1a: Crobat|Brave Bird|p2a: Venusaur\n|-supereffective|p2a: Venusaur\n|-damage|p2a: Venusaur|0 fnt\n|faint|p2a: Venusaur\n|-damage|p1a: Crobat|81\/100|[from] Recoil\n|\n|-weather|SunnyDay|[upkeep]\n|-heal|p1a: Crobat|87\/100|[from] item: Black Sludge\n|upkeep\n|\n|t:|1695855188\n|switch|p2a: Camerupt|Camerupt, F|100\/100\n|switch|p1b: Flygon|Flygon, M|100\/100\n|turn|5\n|\n|t:|1695855221\n|move|p1b: Flygon|First Impression|p2b: Vileplume\n|-damage|p2b: Vileplume|36\/100\n|move|p2b: Vileplume|Solar Beam||[still]\n|-prepare|p2b: Vileplume|Solar Beam\n|-anim|p2b: Vileplume|Solar Beam|p1b: Flygon\n|-damage|p1b: Flygon|11\/100\n|move|p1a: Crobat|Brave Bird|p2b: Vileplume\n|-supereffective|p2b: Vileplume\n|-damage|p2b: Vileplume|0 fnt\n|faint|p2b: Vileplume\n|-damage|p1a: Crobat|78\/100|[from] Recoil\n|move|p2a: Camerupt|Rock Slide|p1a: Crobat|[spread] p1a,p1b\n|-supereffective|p1a: Crobat\n|-resisted|p1b: Flygon\n|-damage|p1a: Crobat|50\/100\n|-damage|p1b: Flygon|2\/100\n|\n|-weather|none\n|-heal|p1a: Crobat|57\/100|[from] item: Black Sludge\n|upkeep\n|\n|t:|1695855240\n|switch|p2b: Torkoal|Torkoal, M|100\/100\n|-weather|SunnyDay|[from] ability: Drought|[of] p2b: Torkoal\n|turn|6\n|\n|t:|1695855274\n|move|p1b: Flygon|Earthquake|p2b: Torkoal|[spread] p2a,p2b\n|-immune|p1a: Crobat\n|-supereffective|p2a: Camerupt\n|-supereffective|p2b: Torkoal\n|-damage|p2a: Camerupt|24\/100\n|-damage|p2b: Torkoal|53\/100\n|move|p1a: Crobat|Brave Bird|p2b: Torkoal\n|-damage|p2b: Torkoal|21\/100\n|-damage|p1a: Crobat|47\/100|[from] Recoil\n|move|p2a: Camerupt|Rock Slide|p1a: Crobat|[spread] p1a,p1b\n|-supereffective|p1a: Crobat\n|-resisted|p1b: Flygon\n|-damage|p1a: Crobat|19\/100\n|-damage|p1b: Flygon|0 fnt\n|faint|p1b: Flygon\n|move|p2b: Torkoal|Overheat|p1a: Crobat|[miss]\n|-miss|p2b: Torkoal|p1a: Crobat\n|\n|-weather|SunnyDay|[upkeep]\n|-heal|p1a: Crobat|25\/100|[from] item: Black Sludge\n|-heal|p2b: Torkoal|28\/100|[from] item: Leftovers\n|upkeep\n|turn|7\n|\n|t:|1695855306\n|move|p1a: Crobat|Poison Fang|p2b: Torkoal\n|-damage|p2b: Torkoal|14\/100\n|-status|p2b: Torkoal|tox\n|move|p2a: Camerupt|Heat Crash|p1a: Crobat\n|-damage|p1a: Crobat|0 fnt\n|faint|p1a: Crobat\n|\n|win|Uncle Kars\n|l|\u2606harteteam\n","uploadtime":1695855316,"views":16,"p1id":"harteteam","p2id":"unclekars","formatid":"gen9nationaldexdoubles","rating":0,"private":0,"password":""}