{"id":"gen9nationaldexdoubles-1979324641","p1":"DuskLivingBeing","p2":"lunaireeeee","format":"[Gen 9] National Dex Doubles","log":"|j|\u2606DuskLivingBeing\n|j|\u2606lunaireeeee\n|t:|1698671377\n|gametype|doubles\n|player|p1|DuskLivingBeing|waiter|\n|player|p2|lunaireeeee|swimmerf-gen4|\n|teamsize|p1|6\n|teamsize|p2|6\n|gen|9\n|tier|[Gen 9] National Dex Doubles\n|rule|HP Percentage Mod: HP is shown in percentages\n|rule|Endless Battle Clause: Forcing endless battles is banned\n|rule|OHKO Clause: OHKO moves are banned\n|rule|Evasion Moves Clause: Evasion moves are banned\n|rule|Evasion Abilities Clause: Evasion abilities are banned\n|rule|Species Clause: Limit one of each Pok\u00e9mon\n|rule|Gravity Sleep Clause: The combination of sleep-inducing moves with imperfect accuracy and Gravity or Gigantamax Orbeetle are banned\n|clearpoke\n|poke|p1|Cryogonal|\n|poke|p1|Ninetales-Alola, F|\n|poke|p1|Frosmoth, M|\n|poke|p1|Cetitan, M|\n|poke|p1|Cloyster, F|\n|poke|p1|Baxcalibur, F|\n|poke|p2|Milotic, F|\n|poke|p2|Ninetales-Alola, F|\n|poke|p2|Froslass, F|\n|poke|p2|Cloyster, F|\n|poke|p2|Rotom-Frost|\n|poke|p2|Abomasnow, F|\n|teampreview\n|inactive|Battle timer is ON: inactive players will automatically lose when time's up. (requested by lunaireeeee)\n|\n|t:|1698671402\n|start\n|switch|p1a: Ninetales|Ninetales-Alola, F|100\/100\n|switch|p1b: Frosmoth|Frosmoth, M|100\/100\n|switch|p2a: Ice to meet yo|Ninetales-Alola, F|100\/100\n|switch|p2b: Ice to meet|Cloyster, F|100\/100\n|-weather|Snow|[from] ability: Snow Warning|[of] p1a: Ninetales\n|turn|1\n|\n|t:|1698671417\n|move|p2a: Ice to meet yo|Aurora Veil|p2a: Ice to meet yo\n|-sidestart|p2: lunaireeeee|move: Aurora Veil\n|move|p1a: Ninetales|Aurora Veil|p1a: Ninetales\n|-sidestart|p1: DuskLivingBeing|move: Aurora Veil\n|move|p2b: Ice to meet|Shell Smash|p2b: Ice to meet\n|-unboost|p2b: Ice to meet|def|1\n|-unboost|p2b: Ice to meet|spd|1\n|-boost|p2b: Ice to meet|atk|2\n|-boost|p2b: Ice to meet|spa|2\n|-boost|p2b: Ice to meet|spe|2\n|-enditem|p2b: Ice to meet|White Herb\n|-clearnegativeboost|p2b: Ice to meet|[silent]\n|move|p1b: Frosmoth|Quiver Dance|p1b: Frosmoth\n|-boost|p1b: Frosmoth|spa|1\n|-boost|p1b: Frosmoth|spd|1\n|-boost|p1b: Frosmoth|spe|1\n|\n|-weather|Snow|[upkeep]\n|upkeep\n|turn|2\n|\n|t:|1698671447\n|move|p2b: Ice to meet|Blizzard|p1b: Frosmoth|[spread] p1a,p1b\n|-resisted|p1a: Ninetales\n|-resisted|p1b: Frosmoth\n|-damage|p1a: Ninetales|72\/100\n|-damage|p1b: Frosmoth|90\/100\n|move|p2a: Ice to meet yo|Calm Mind|p2a: Ice to meet yo\n|-boost|p2a: Ice to meet yo|spa|1\n|-boost|p2a: Ice to meet yo|spd|1\n|move|p1a: Ninetales|Moonblast|p2b: Ice to meet\n|-damage|p2b: Ice to meet|34\/100\n|move|p1b: Frosmoth|Giga Drain|p2b: Ice to meet\n|-supereffective|p2b: Ice to meet\n|-damage|p2b: Ice to meet|0 fnt\n|-heal|p1b: Frosmoth|100\/100|[from] drain|[of] p2b: Ice to meet\n|faint|p2b: Ice to meet\n|\n|-weather|Snow|[upkeep]\n|upkeep\n|inactive|lunaireeeee has 270 seconds left.\n|\n|t:|1698671469\n|switch|p2b: Ice to mee|Rotom-Frost|100\/100\n|turn|3\n|\n|t:|1698671495\n|move|p1a: Ninetales|Calm Mind|p1a: Ninetales\n|-boost|p1a: Ninetales|spa|1\n|-boost|p1a: Ninetales|spd|1\n|move|p2a: Ice to meet yo|Calm Mind|p2a: Ice to meet yo\n|-boost|p2a: Ice to meet yo|spa|1\n|-boost|p2a: Ice to meet yo|spd|1\n|move|p1b: Frosmoth|Quiver Dance|p1b: Frosmoth\n|-boost|p1b: Frosmoth|spa|1\n|-boost|p1b: Frosmoth|spd|1\n|-boost|p1b: Frosmoth|spe|1\n|move|p2b: Ice to mee|Nasty Plot|p2b: Ice to mee\n|-boost|p2b: Ice to mee|spa|2\n|\n|-weather|Snow|[upkeep]\n|upkeep\n|turn|4\n|\n|t:|1698671521\n|move|p1b: Frosmoth|Bug Buzz|p2b: Ice to mee\n|-damage|p2b: Ice to mee|17\/100\n|move|p2a: Ice to meet yo|Calm Mind|p2a: Ice to meet yo\n|-boost|p2a: Ice to meet yo|spa|1\n|-boost|p2a: Ice to meet yo|spd|1\n|move|p1a: Ninetales|Moonblast|p2b: Ice to mee\n|-damage|p2b: Ice to mee|0 fnt\n|faint|p2b: Ice to mee\n|\n|-weather|Snow|[upkeep]\n|upkeep\n|inactive|lunaireeeee has 270 seconds left.\n|\n|t:|1698671536\n|switch|p2b: Ice to meet y|Froslass, F|100\/100\n|turn|5\n|\n|t:|1698671561\n|move|p1b: Frosmoth|Blizzard|p2a: Ice to meet yo|[spread] p2a,p2b\n|-resisted|p2a: Ice to meet yo\n|-resisted|p2b: Ice to meet y\n|-damage|p2a: Ice to meet yo|85\/100\n|-damage|p2b: Ice to meet y|59\/100\n|move|p2b: Ice to meet y|Destiny Bond|p2b: Ice to meet y\n|-singlemove|p2b: Ice to meet y|Destiny Bond\n|move|p2a: Ice to meet yo|Calm Mind|p2a: Ice to meet yo\n|-boost|p2a: Ice to meet yo|spa|1\n|-boost|p2a: Ice to meet yo|spd|1\n|move|p1a: Ninetales|Tera Blast|p2a: Ice to meet yo\n|-damage|p2a: Ice to meet yo|76\/100\n|\n|-weather|none\n|upkeep\n|turn|6\n|\n|t:|1698671588\n|move|p1b: Frosmoth|Bug Buzz|p2b: Ice to meet y\n|-resisted|p2b: Ice to meet y\n|-damage|p2b: Ice to meet y|18\/100\n|move|p2b: Ice to meet y|Snowscape|p2b: Ice to meet y\n|-weather|Snow\n|move|p1a: Ninetales|Moonblast|p2b: Ice to meet y\n|-damage|p2b: Ice to meet y|0 fnt\n|-start|p1a: Ninetales|Disable|Moonblast|[from] ability: Cursed Body|[of] p2b: Ice to meet y\n|faint|p2b: Ice to meet y\n|move|p2a: Ice to meet yo|Calm Mind|p2a: Ice to meet yo\n|-boost|p2a: Ice to meet yo|spa|1\n|-boost|p2a: Ice to meet yo|spd|1\n|\n|-weather|Snow|[upkeep]\n|upkeep\n|\n|t:|1698671596\n|switch|p2b: Ice to me|Abomasnow, F|100\/100\n|turn|7\n|\n|t:|1698671607\n|switch|p1a: Cetitan|Cetitan, M|100\/100\n|move|p1b: Frosmoth|Bug Buzz|p2b: Ice to me\n|-supereffective|p2b: Ice to me\n|-damage|p2b: Ice to me|0 fnt\n|faint|p2b: Ice to me\n|move|p2a: Ice to meet yo|Baton Pass|p2a: Ice to meet yo\n|\n|t:|1698671614\n|switch|p2a: Ice to meet you|Milotic, F, shiny|100\/100|[from] Baton Pass\n|\n|-weather|Snow|[upkeep]\n|upkeep\n|\n|t:|1698671619\n|switch|p2b: Ice to meet yo|Ninetales-Alola, F|76\/100\n|turn|8\n|\n|t:|1698671639\n|-terastallize|p2a: Ice to meet you|Ice\n|move|p1b: Frosmoth|Giga Drain|p2a: Ice to meet you\n|-damage|p2a: Ice to meet you|94\/100\n|move|p1a: Cetitan|Body Press|p2a: Ice to meet you\n|-supereffective|p2a: Ice to meet you\n|-damage|p2a: Ice to meet you|75\/100\n|move|p2b: Ice to meet yo|Aurora Veil||[still]\n|-fail|p2b: Ice to meet yo\n|move|p2a: Ice to meet you|Coil|p2a: Ice to meet you\n|-boost|p2a: Ice to meet you|atk|1\n|-boost|p2a: Ice to meet you|def|1\n|-boost|p2a: Ice to meet you|accuracy|1\n|\n|-weather|Snow|[upkeep]\n|-heal|p2a: Ice to meet you|81\/100|[from] item: Leftovers\n|-sideend|p2: lunaireeeee|move: Aurora Veil\n|-sideend|p1: DuskLivingBeing|move: Aurora Veil\n|upkeep\n|turn|9\n|\n|t:|1698671667\n|move|p1b: Frosmoth|Bug Buzz|p2b: Ice to meet yo\n|-resisted|p2b: Ice to meet yo\n|-damage|p2b: Ice to meet yo|14\/100\n|move|p1a: Cetitan|Body Press|p2a: Ice to meet you\n|-supereffective|p2a: Ice to meet you\n|-damage|p2a: Ice to meet you|63\/100\n|move|p2b: Ice to meet yo|Aurora Veil|p2b: Ice to meet yo\n|-sidestart|p2: lunaireeeee|move: Aurora Veil\n|move|p2a: Ice to meet you|Coil|p2a: Ice to meet you\n|-boost|p2a: Ice to meet you|atk|1\n|-boost|p2a: Ice to meet you|def|1\n|-boost|p2a: Ice to meet you|accuracy|1\n|\n|-weather|Snow|[upkeep]\n|-heal|p2a: Ice to meet you|69\/100|[from] item: Leftovers\n|upkeep\n|turn|10\n|\n|t:|1698671688\n|move|p1b: Frosmoth|Blizzard|p2a: Ice to meet you|[spread] p2a,p2b\n|-resisted|p2a: Ice to meet you\n|-resisted|p2b: Ice to meet yo\n|-damage|p2a: Ice to meet you|64\/100\n|-damage|p2b: Ice to meet yo|0 fnt\n|faint|p2b: Ice to meet yo\n|move|p1a: Cetitan|Body Press|p2a: Ice to meet you\n|-supereffective|p2a: Ice to meet you\n|-damage|p2a: Ice to meet you|56\/100\n|move|p2a: Ice to meet you|Coil|p2a: Ice to meet you\n|-boost|p2a: Ice to meet you|atk|1\n|-boost|p2a: Ice to meet you|def|1\n|-boost|p2a: Ice to meet you|accuracy|1\n|\n|-weather|none\n|-heal|p2a: Ice to meet you|62\/100|[from] item: Leftovers\n|upkeep\n|turn|11\n|\n|t:|1698671705\n|move|p1b: Frosmoth|Bug Buzz|p2a: Ice to meet you\n|-damage|p2a: Ice to meet you|52\/100\n|move|p2a: Ice to meet you|Coil|p2a: Ice to meet you\n|-boost|p2a: Ice to meet you|atk|1\n|-boost|p2a: Ice to meet you|def|1\n|-boost|p2a: Ice to meet you|accuracy|1\n|move|p1a: Cetitan|Body Press|p2a: Ice to meet you\n|-supereffective|p2a: Ice to meet you\n|-damage|p2a: Ice to meet you|42\/100\n|\n|-heal|p2a: Ice to meet you|48\/100|[from] item: Leftovers\n|upkeep\n|turn|12\n|\n|t:|1698671720\n|switch|p1b: Ninetales|Ninetales-Alola, F|72\/100\n|-weather|Snow|[from] ability: Snow Warning|[of] p1b: Ninetales\n|move|p1a: Cetitan|Body Press|p2a: Ice to meet you\n|-supereffective|p2a: Ice to meet you\n|-damage|p2a: Ice to meet you|42\/100\n|move|p2a: Ice to meet you|Recover|p2a: Ice to meet you\n|-heal|p2a: Ice to meet you|92\/100\n|\n|-weather|Snow|[upkeep]\n|-heal|p2a: Ice to meet you|98\/100|[from] item: Leftovers\n|upkeep\n|turn|13\n|\n|t:|1698671739\n|move|p1a: Cetitan|Body Press|p2a: Ice to meet you\n|-supereffective|p2a: Ice to meet you\n|-damage|p2a: Ice to meet you|92\/100\n|move|p1b: Ninetales|Moonblast|p2a: Ice to meet you\n|-damage|p2a: Ice to meet you|88\/100\n|move|p2a: Ice to meet you|Muddy Water|p1b: Ninetales|[spread] p1a,p1b\n|-damage|p1a: Cetitan|18\/100\n|-damage|p1b: Ninetales|0 fnt\n|-unboost|p1a: Cetitan|accuracy|1\n|faint|p1b: Ninetales\n|\n|-weather|Snow|[upkeep]\n|-heal|p2a: Ice to meet you|94\/100|[from] item: Leftovers\n|upkeep\n|\n|t:|1698671753\n|switch|p1b: Baxcalibur|Baxcalibur, F|100\/100\n|turn|14\n|\n|t:|1698671765\n|move|p1a: Cetitan|Body Press|p2a: Ice to meet you|[miss]\n|-miss|p1a: Cetitan|p2a: Ice to meet you\n|move|p1b: Baxcalibur|Scale Shot|p2a: Ice to meet you\n|-damage|p2a: Ice to meet you|92\/100\n|-damage|p2a: Ice to meet you|90\/100\n|-damage|p2a: Ice to meet you|87\/100\n|-damage|p2a: Ice to meet you|85\/100\n|-damage|p2a: Ice to meet you|82\/100\n|-hitcount|p2a: Ice to meet you|5\n|-unboost|p1b: Baxcalibur|def|1\n|-boost|p1b: Baxcalibur|spe|1\n|move|p2a: Ice to meet you|Blizzard|p1b: Baxcalibur|[spread] p1a,p1b\n|-resisted|p1a: Cetitan\n|-damage|p1a: Cetitan|0 fnt\n|-damage|p1b: Baxcalibur|0 fnt\n|faint|p1a: Cetitan\n|faint|p1b: Baxcalibur\n|\n|-weather|Snow|[upkeep]\n|-heal|p2a: Ice to meet you|89\/100|[from] item: Leftovers\n|upkeep\n|\n|t:|1698671775\n|switch|p1b: Cryogonal|Cryogonal|100\/100\n|switch|p1a: Cloyster|Cloyster, F|100\/100\n|turn|15\n|\n|t:|1698671792\n|-terastallize|p1b: Cryogonal|Electric\n|move|p1b: Cryogonal|Substitute|p1b: Cryogonal\n|-start|p1b: Cryogonal|Substitute\n|-damage|p1b: Cryogonal|75\/100\n|move|p1a: Cloyster|Shell Smash|p1a: Cloyster\n|-unboost|p1a: Cloyster|def|1\n|-unboost|p1a: Cloyster|spd|1\n|-boost|p1a: Cloyster|atk|2\n|-boost|p1a: Cloyster|spa|2\n|-boost|p1a: Cloyster|spe|2\n|-enditem|p1a: Cloyster|White Herb\n|-clearnegativeboost|p1a: Cloyster|[silent]\n|move|p2a: Ice to meet you|Muddy Water|p1b: Cryogonal|[spread] p1a,p1b\n|-end|p1b: Cryogonal|Substitute\n|-resisted|p1a: Cloyster\n|-damage|p1a: Cloyster|0 fnt\n|faint|p1a: Cloyster\n|\n|-weather|Snow|[upkeep]\n|-heal|p1b: Cryogonal|82\/100|[from] item: Leftovers\n|-heal|p2a: Ice to meet you|95\/100|[from] item: Leftovers\n|upkeep\n|\n|t:|1698671799\n|switch|p1a: Frosmoth|Frosmoth, M|100\/100\n|turn|16\n|\n|t:|1698671821\n|move|p1b: Cryogonal|Substitute|p1b: Cryogonal\n|-start|p1b: Cryogonal|Substitute\n|-damage|p1b: Cryogonal|57\/100\n|move|p1a: Frosmoth|Bug Buzz|p2a: Ice to meet you\n|-damage|p2a: Ice to meet you|90\/100\n|move|p2a: Ice to meet you|Muddy Water|p1b: Cryogonal|[spread] p1a,p1b\n|-end|p1b: Cryogonal|Substitute\n|-damage|p1a: Frosmoth|46\/100\n|\n|-weather|none\n|-heal|p1b: Cryogonal|63\/100|[from] item: Leftovers\n|-heal|p2a: Ice to meet you|96\/100|[from] item: Leftovers\n|-sideend|p2: lunaireeeee|move: Aurora Veil\n|upkeep\n|turn|17\n|inactive|DuskLivingBeing has 270 seconds left.\n|\n|t:|1698671855\n|move|p1b: Cryogonal|Recover|p1b: Cryogonal\n|-heal|p1b: Cryogonal|100\/100\n|move|p1a: Frosmoth|Quiver Dance|p1a: Frosmoth\n|-boost|p1a: Frosmoth|spa|1\n|-boost|p1a: Frosmoth|spd|1\n|-boost|p1a: Frosmoth|spe|1\n|move|p2a: Ice to meet you|Muddy Water|p1a: Frosmoth|[spread] p1a,p1b\n|-damage|p1a: Frosmoth|9\/100\n|-damage|p1b: Cryogonal|43\/100\n|-unboost|p1a: Frosmoth|accuracy|1\n|-unboost|p1b: Cryogonal|accuracy|1\n|\n|-heal|p1b: Cryogonal|49\/100|[from] item: Leftovers\n|-heal|p2a: Ice to meet you|100\/100|[from] item: Leftovers\n|upkeep\n|turn|18\n|\n|t:|1698671871\n|move|p1a: Frosmoth|Giga Drain|p2a: Ice to meet you|[miss]\n|-miss|p1a: Frosmoth|p2a: Ice to meet you\n|move|p1b: Cryogonal|Substitute|p1b: Cryogonal\n|-start|p1b: Cryogonal|Substitute\n|-damage|p1b: Cryogonal|24\/100\n|move|p2a: Ice to meet you|Muddy Water|p1a: Frosmoth|[spread] p1a,p1b\n|-end|p1b: Cryogonal|Substitute\n|-damage|p1a: Frosmoth|0 fnt\n|faint|p1a: Frosmoth\n|\n|-heal|p1b: Cryogonal|30\/100|[from] item: Leftovers\n|upkeep\n|turn|19\n|\n|t:|1698671887\n|move|p1b: Cryogonal|Recover|p1b: Cryogonal\n|-heal|p1b: Cryogonal|80\/100\n|move|p2a: Ice to meet you|Blizzard|p1b: Cryogonal\n|-damage|p1b: Cryogonal|0 fnt\n|faint|p1b: Cryogonal\n|\n|win|lunaireeeee\n","uploadtime":1698671896,"views":15,"p1id":"dusklivingbeing","p2id":"lunaireeeee","formatid":"gen9nationaldexdoubles","rating":0,"private":0,"password":""}