{"id":"gen9nationaldexdoubles-1993744354","p1":"VivaLaResistance","p2":"dean44","format":"[Gen 9] National Dex Doubles","log":"|j|\u2606VivaLaResistance\n|j|\u2606dean44\n|t:|1700352092\n|gametype|doubles\n|player|p1|VivaLaResistance|valerie|1125\n|player|p2|dean44|101|1225\n|teamsize|p1|6\n|teamsize|p2|6\n|gen|9\n|tier|[Gen 9] National Dex Doubles\n|rated|\n|rule|HP Percentage Mod: HP is shown in percentages\n|rule|Endless Battle Clause: Forcing endless battles is banned\n|rule|OHKO Clause: OHKO moves are banned\n|rule|Evasion Moves Clause: Evasion moves are banned\n|rule|Evasion Abilities Clause: Evasion abilities are banned\n|rule|Species Clause: Limit one of each Pok\u00e9mon\n|rule|Gravity Sleep Clause: The combination of sleep-inducing moves with imperfect accuracy and Gravity or Gigantamax Orbeetle are banned\n|clearpoke\n|poke|p1|Mawile, F|\n|poke|p1|Jirachi|\n|poke|p1|Flamigo, M|\n|poke|p1|Ribombee, F|\n|poke|p1|Indeedee-F, F|\n|poke|p1|Chien-Pao|\n|poke|p2|Malamar, M|\n|poke|p2|Klefki, F|\n|poke|p2|Grapploct, M|\n|poke|p2|Hatterene, F|\n|poke|p2|Garganacl, M|\n|poke|p2|Tsareena, F|\n|teampreview\n|\n|t:|1700352099\n|start\n|switch|p1a: Terezi|Mawile, F, shiny|100\/100\n|switch|p1b: Feferi|Ribombee, F|100\/100\n|switch|p2a: Malamar|Malamar, M|100\/100\n|switch|p2b: Klefki|Klefki, F|100\/100\n|-ability|p1a: Terezi|Intimidate|boost\n|-boost|p2a: Malamar|atk|1\n|-unboost|p2b: Klefki|atk|1\n|turn|1\n|\n|t:|1700352111\n|detailschange|p1a: Terezi|Mawile-Mega, F, shiny\n|-mega|p1a: Terezi|Mawile|Mawilite\n|move|p2b: Klefki|Light Screen|p2b: Klefki\n|-sidestart|p2: dean44|move: Light Screen\n|move|p1a: Terezi|Sucker Punch||[still]\n|-fail|p1a: Terezi\n|move|p1b: Feferi|Speed Swap|p1a: Terezi\n|-activate|p1b: Feferi|move: Speed Swap|[of] p1a: Terezi\n|move|p2a: Malamar|Trick Room|p2a: Malamar\n|-fieldstart|move: Trick Room|[of] p2a: Malamar\n|\n|upkeep\n|turn|2\n|inactive|Battle timer is ON: inactive players will automatically lose when time's up. (requested by dean44)\n|\n|t:|1700352132\n|switch|p1b: Gamzee|Chien-Pao|100\/100\n|-ability|p1b: Gamzee|Sword of Ruin\n|move|p2b: Klefki|Reflect|p2b: Klefki\n|-sidestart|p2: dean44|Reflect\n|move|p2a: Malamar|Superpower|p1a: Terezi\n|-damage|p1a: Terezi|54\/100\n|-boost|p2a: Malamar|atk|1\n|-boost|p2a: Malamar|def|1\n|move|p1a: Terezi|Play Rough|p2a: Malamar\n|-supereffective|p2a: Malamar\n|-damage|p2a: Malamar|30\/100\n|\n|-heal|p2a: Malamar|36\/100|[from] item: Leftovers\n|upkeep\n|turn|3\n|\n|t:|1700352156\n|move|p1a: Terezi|Sucker Punch|p2a: Malamar\n|-damage|p2a: Malamar|16\/100\n|move|p2a: Malamar|Superpower|p1b: Gamzee\n|-supereffective|p1b: Gamzee\n|-damage|p1b: Gamzee|0 fnt\n|-boost|p2a: Malamar|atk|1\n|-boost|p2a: Malamar|def|1\n|faint|p1b: Gamzee\n|move|p2b: Klefki|Foul Play|p1a: Terezi\n|-resisted|p1a: Terezi\n|-damage|p1a: Terezi|38\/100\n|\n|-heal|p2a: Malamar|22\/100|[from] item: Leftovers\n|upkeep\n|\n|t:|1700352164\n|switch|p1b: Aradia|Jirachi, shiny|100\/100\n|turn|4\n|\n|t:|1700352171\n|move|p2a: Malamar|Knock Off|p1b: Aradia\n|-supereffective|p1b: Aradia\n|-damage|p1b: Aradia|5\/100\n|move|p2b: Klefki|Foul Play|p1a: Terezi\n|-resisted|p1a: Terezi\n|-damage|p1a: Terezi|23\/100\n|-zpower|p1b: Aradia\n|move|p1b: Aradia|Z-Happy Hour|p1b: Aradia|[anim]Happy Hour\n|-boost|p1b: Aradia|atk|1|[zeffect]\n|-boost|p1b: Aradia|def|1|[zeffect]\n|-boost|p1b: Aradia|spa|1|[zeffect]\n|-boost|p1b: Aradia|spd|1|[zeffect]\n|-boost|p1b: Aradia|spe|1|[zeffect]\n|move|p1a: Terezi|Play Rough|p2a: Malamar\n|-supereffective|p2a: Malamar\n|-damage|p2a: Malamar|0 fnt\n|faint|p2a: Malamar\n|\n|upkeep\n|\n|t:|1700352197\n|switch|p2a: Grapploct|Grapploct, M|100\/100\n|turn|5\n|\n|t:|1700352204\n|switch|p1a: Karkat|Flamigo, M|100\/100\n|-copyboost|p1a: Karkat|p1b: Aradia|[from] ability: Costar\n|move|p2a: Grapploct|Drain Punch|p1a: Karkat\n|-resisted|p1a: Karkat\n|-damage|p1a: Karkat|87\/100\n|move|p2b: Klefki|Foul Play|p1b: Aradia\n|-supereffective|p1b: Aradia\n|-crit|p1b: Aradia\n|-damage|p1b: Aradia|0 fnt\n|faint|p1b: Aradia\n|\n|-fieldend|move: Trick Room\n|upkeep\n|\n|t:|1700352216\n|switch|p1b: Terezi|Mawile-Mega, F, shiny|23\/100\n|turn|6\n|\n|t:|1700352233\n|move|p2a: Grapploct|Protect|p2a: Grapploct\n|-singleturn|p2a: Grapploct|Protect\n|move|p1a: Karkat|Brave Bird|p2a: Grapploct\n|-activate|p2a: Grapploct|move: Protect\n|move|p1b: Terezi|Iron Head|p2b: Klefki\n|-crit|p2b: Klefki\n|-damage|p2b: Klefki|0 fnt\n|faint|p2b: Klefki\n|\n|upkeep\n|\n|t:|1700352238\n|switch|p2b: Tsareena|Tsareena, F|100\/100\n|turn|7\n|\n|t:|1700352251\n|-terastallize|p2b: Tsareena|Water\n|move|p1a: Karkat|Brave Bird|p2b: Tsareena\n|-damage|p2b: Tsareena|44\/100\n|-damage|p1a: Karkat|66\/100|[from] Recoil\n|move|p2b: Tsareena|Tera Blast|p1b: Terezi|[anim] Tera Blast Water\n|-damage|p1b: Terezi|0 fnt\n|faint|p1b: Terezi\n|move|p2a: Grapploct|Ice Punch|p1a: Karkat\n|-supereffective|p1a: Karkat\n|-damage|p1a: Karkat|25\/100\n|\n|upkeep\n|\n|t:|1700352261\n|switch|p1b: Nepeta|Indeedee-F, F|100\/100\n|-fieldstart|move: Psychic Terrain|[from] ability: Psychic Surge|[of] p1b: Nepeta\n|turn|8\n|\n|t:|1700352269\n|move|p1b: Nepeta|Follow Me|p1b: Nepeta\n|-singleturn|p1b: Nepeta|move: Follow Me\n|move|p1a: Karkat|Brave Bird|p2a: Grapploct\n|-supereffective|p2a: Grapploct\n|-damage|p2a: Grapploct|16\/100\n|-damage|p1a: Karkat|0 fnt|[from] Recoil\n|faint|p1a: Karkat\n|move|p2b: Tsareena|Tera Blast|p1b: Nepeta|[anim] Tera Blast Water\n|-damage|p1b: Nepeta|43\/100\n|move|p2a: Grapploct|Octolock|p1b: Nepeta\n|-start|p1b: Nepeta|move: Octolock|[of] p2a: Grapploct\n|\n|-heal|p2a: Grapploct|22\/100|[from] item: Leftovers\n|-unboost|p1b: Nepeta|def|1\n|-unboost|p1b: Nepeta|spd|1\n|-sideend|p2: dean44|move: Light Screen\n|upkeep\n|\n|t:|1700352273\n|switch|p1a: Feferi|Ribombee, F|100\/100\n|turn|9\n|\n|t:|1700352282\n|move|p1a: Feferi|Pollen Puff|p2b: Tsareena\n|-damage|p2b: Tsareena|17\/100\n|move|p1b: Nepeta|Expanding Force|p2b: Tsareena|[spread] p2a,p2b\n|-supereffective|p2a: Grapploct\n|-damage|p2a: Grapploct|0 fnt\n|-damage|p2b: Tsareena|0 fnt\n|faint|p2a: Grapploct\n|faint|p2b: Tsareena\n|\n|-end|p1b: Nepeta|Octolock|[partiallytrapped]|[silent]\n|-sideend|p2: dean44|Reflect\n|upkeep\n|\n|t:|1700352289\n|switch|p2b: Garganacl|Garganacl, M|100\/100\n|switch|p2a: Hatterene|Hatterene, F|100\/100\n|turn|10\n|\n|t:|1700352301\n|move|p1a: Feferi|Pollen Puff|p2a: Hatterene\n|-damage|p2a: Hatterene|71\/100\n|move|p1b: Nepeta|Expanding Force|p2b: Garganacl|[spread] p2a,p2b\n|-resisted|p2a: Hatterene\n|-damage|p2a: Hatterene|52\/100\n|-damage|p2b: Garganacl|63\/100\n|move|p2b: Garganacl|Heavy Slam|p1a: Feferi\n|-supereffective|p1a: Feferi\n|-enditem|p1a: Feferi|Focus Sash\n|-damage|p1a: Feferi|1\/100\n|move|p2a: Hatterene|Trick Room|p2a: Hatterene\n|-fieldstart|move: Trick Room|[of] p2a: Hatterene\n|\n|-heal|p2a: Hatterene|58\/100|[from] item: Leftovers\n|-heal|p2b: Garganacl|69\/100|[from] item: Leftovers\n|upkeep\n|turn|11\n|-message|VivaLaResistance forfeited.\n|\n|win|dean44\n|raw|VivaLaResistance's rating: 1125 &rarr; <strong>1107<\/strong><br \/>(-18 for losing)\n|raw|dean44's rating: 1225 &rarr; <strong>1243<\/strong><br \/>(+18 for winning)\n|l|\u2606VivaLaResistance\n","uploadtime":1700352310,"views":4,"p1id":"vivalaresistance","p2id":"dean44","formatid":"gen9nationaldexdoubles","rating":1107,"private":0,"password":""}