{"id":"gen9nationaldexdoubles-1950692801","p1":"SlimeGuy98712","p2":"Pastel Fantasma","format":"[Gen 9] National Dex Doubles","log":"|j|\u2606SlimeGuy98712\n|j|\u2606Pastel Fantasma\n|t:|1695497171\n|gametype|doubles\n|player|p1|SlimeGuy98712|erika|1040\n|player|p2|Pastel Fantasma|170|1160\n|teamsize|p1|4\n|teamsize|p2|6\n|gen|9\n|tier|[Gen 9] National Dex Doubles\n|rated|\n|rule|HP Percentage Mod: HP is shown in percentages\n|rule|Endless Battle Clause: Forcing endless battles is banned\n|rule|OHKO Clause: OHKO moves are banned\n|rule|Evasion Moves Clause: Evasion moves are banned\n|rule|Evasion Abilities Clause: Evasion abilities are banned\n|rule|Species Clause: Limit one of each Pok\u00e9mon\n|rule|Gravity Sleep Clause: The combination of sleep-inducing moves with imperfect accuracy and Gravity or Gigantamax Orbeetle are banned\n|clearpoke\n|poke|p1|Dipplin, F|\n|poke|p1|Darkrai|\n|poke|p1|Espathra, M|\n|poke|p1|Ninetales-Alola, F|\n|poke|p2|Torterra, M|\n|poke|p2|Amoonguss, F|\n|poke|p2|Luxray, M|\n|poke|p2|Talonflame, F|\n|poke|p2|Tauros, M|\n|poke|p2|Krookodile, M|\n|teampreview\n|inactive|Battle timer is ON: inactive players will automatically lose when time's up. (requested by Pastel Fantasma)\n|\n|t:|1695497184\n|start\n|switch|p1a: Dipplin|Dipplin, F|100\/100\n|switch|p1b: Ninetales|Ninetales-Alola, F|100\/100\n|switch|p2a: Luxray|Luxray, M|100\/100\n|switch|p2b: Tauros|Tauros, M|100\/100\n|-weather|Snow|[from] ability: Snow Warning|[of] p1b: Ninetales\n|-ability|p2a: Luxray|Intimidate|boost\n|-unboost|p1a: Dipplin|atk|1\n|-unboost|p1b: Ninetales|atk|1\n|-ability|p1a: Dipplin|Supersweet Syrup\n|-ability|p1a: Dipplin|Supersweet Syrup|boost\n|-unboost|p2a: Luxray|evasion|1\n|-unboost|p2b: Tauros|evasion|1\n|turn|1\n|\n|t:|1695497195\n|move|p1b: Ninetales|Hypnosis|p2b: Tauros\n|-status|p2b: Tauros|slp|[from] move: Hypnosis\n|move|p2a: Luxray|Night Slash|p2b: Tauros\n|-damage|p2b: Tauros|83\/100 slp\n|cant|p2b: Tauros|slp\n|move|p1a: Dipplin|Syrup Bomb|p2b: Tauros\n|-damage|p2b: Tauros|66\/100 slp\n|-start|p2b: Tauros|Syrup Bomb\n|\n|-weather|Snow|[upkeep]\n|-unboost|p2b: Tauros|spe|1\n|upkeep\n|turn|2\n|\n|t:|1695497207\n|move|p1b: Ninetales|Aurora Veil|p1b: Ninetales\n|-sidestart|p1: SlimeGuy98712|move: Aurora Veil\n|move|p2a: Luxray|Night Slash|p2b: Tauros\n|-damage|p2b: Tauros|50\/100 slp\n|cant|p2b: Tauros|slp\n|move|p1a: Dipplin|Syrup Bomb|p2a: Luxray\n|-damage|p2a: Luxray|76\/100\n|-start|p2a: Luxray|Syrup Bomb\n|\n|-weather|Snow|[upkeep]\n|-unboost|p2a: Luxray|spe|1\n|-unboost|p2b: Tauros|spe|1\n|upkeep\n|turn|3\n|\n|t:|1695497221\n|move|p1b: Ninetales|Hypnosis|p2a: Luxray|[miss]\n|-miss|p1b: Ninetales|p2a: Luxray\n|move|p2a: Luxray|Night Slash|p2b: Tauros\n|-damage|p2b: Tauros|33\/100 slp\n|-curestatus|p2b: Tauros|slp|[msg]\n|move|p2b: Tauros|Rock Slide|p1b: Ninetales|[spread] p1b\n|-miss|p2b: Tauros|p1a: Dipplin\n|-supereffective|p1b: Ninetales\n|-damage|p1b: Ninetales|80\/100\n|move|p1a: Dipplin|Pollen Puff|p2a: Luxray\n|-damage|p2a: Luxray|53\/100\n|\n|-weather|Snow|[upkeep]\n|-unboost|p2a: Luxray|spe|1\n|-end|p2b: Tauros|Syrup Bomb\n|upkeep\n|turn|4\n|\n|t:|1695497237\n|switch|p1a: Espathra|Espathra, M|100\/100\n|move|p1b: Ninetales|Hypnosis|p2b: Tauros\n|-status|p2b: Tauros|slp|[from] move: Hypnosis\n|move|p2a: Luxray|Night Slash|p2b: Tauros\n|-crit|p2b: Tauros\n|-damage|p2b: Tauros|5\/100 slp\n|-setboost|p2b: Tauros|atk|6|[from] ability: Anger Point\n|cant|p2b: Tauros|slp\n|\n|-weather|Snow|[upkeep]\n|-end|p2a: Luxray|Syrup Bomb\n|upkeep\n|turn|5\n|\n|t:|1695497261\n|move|p1b: Ninetales|Icy Wind|p2b: Tauros|[spread] p2a,p2b\n|-damage|p2a: Luxray|40\/100\n|-damage|p2b: Tauros|0 fnt\n|-unboost|p2a: Luxray|spe|1\n|faint|p2b: Tauros\n|move|p1a: Espathra|Lumina Crash|p2a: Luxray\n|-damage|p2a: Luxray|9\/100\n|-unboost|p2a: Luxray|spd|2\n|move|p2a: Luxray|Volt Switch|p1b: Ninetales\n|-crit|p1b: Ninetales\n|-damage|p1b: Ninetales|48\/100\n|\n|t:|1695497269\n|switch|p2a: Krookodile|Krookodile, M|100\/100|[from] Volt Switch\n|\n|-weather|none\n|-ability|p1a: Espathra|Speed Boost|boost\n|-boost|p1a: Espathra|spe|1\n|upkeep\n|\n|t:|1695497271\n|switch|p2b: Luxray|Luxray, M|9\/100\n|-ability|p2b: Luxray|Intimidate|boost\n|-unboost|p1a: Espathra|atk|1\n|-unboost|p1b: Ninetales|atk|1\n|turn|6\n|\n|t:|1695497284\n|-terastallize|p1a: Espathra|Fairy\n|move|p1a: Espathra|Dazzling Gleam|p2a: Krookodile|[spread] p2a,p2b\n|-supereffective|p2a: Krookodile\n|-damage|p2a: Krookodile|63\/100\n|-damage|p2b: Luxray|0 fnt\n|faint|p2b: Luxray\n|move|p1b: Ninetales|Icy Wind|p2a: Krookodile\n|-supereffective|p2a: Krookodile\n|-damage|p2a: Krookodile|34\/100\n|-unboost|p2a: Krookodile|spe|1\n|move|p2a: Krookodile|Earthquake|p1a: Espathra|[spread] p1a,p1b\n|-damage|p1a: Espathra|79\/100\n|-damage|p1b: Ninetales|15\/100\n|\n|-heal|p1a: Espathra|85\/100|[from] item: Leftovers\n|-ability|p1a: Espathra|Speed Boost|boost\n|-boost|p1a: Espathra|spe|1\n|upkeep\n|\n|t:|1695497293\n|switch|p2b: Talonflame|Talonflame, F|100\/100\n|turn|7\n|\n|t:|1695497307\n|move|p1a: Espathra|Protect|p1a: Espathra\n|-singleturn|p1a: Espathra|Protect\n|move|p1b: Ninetales|Protect|p1b: Ninetales\n|-singleturn|p1b: Ninetales|Protect\n|move|p2b: Talonflame|Tailwind|p2b: Talonflame\n|-sidestart|p2: Pastel Fantasma|move: Tailwind\n|move|p2a: Krookodile|Earthquake|p1b: Ninetales|[spread] \n|-activate|p1a: Espathra|move: Protect\n|-activate|p1b: Ninetales|move: Protect\n|-immune|p2b: Talonflame\n|\n|-heal|p1a: Espathra|91\/100|[from] item: Leftovers\n|-ability|p1a: Espathra|Speed Boost|boost\n|-boost|p1a: Espathra|spe|1\n|upkeep\n|turn|8\n|\n|t:|1695497324\n|move|p2b: Talonflame|Dual Wingbeat|p1a: Espathra\n|-damage|p1a: Espathra|80\/100\n|-damage|p1a: Espathra|70\/100\n|-hitcount|p1a: Espathra|2\n|move|p1a: Espathra|Lumina Crash|p2b: Talonflame\n|-damage|p2b: Talonflame|57\/100\n|-unboost|p2b: Talonflame|spd|2\n|move|p1b: Ninetales|Hypnosis|p2a: Krookodile|[miss]\n|-miss|p1b: Ninetales|p2a: Krookodile\n|move|p2a: Krookodile|Earthquake|p1a: Espathra|[spread] p1a,p1b\n|-immune|p2b: Talonflame\n|-damage|p1a: Espathra|49\/100\n|-damage|p1b: Ninetales|0 fnt\n|faint|p1b: Ninetales\n|\n|-heal|p1a: Espathra|55\/100|[from] item: Leftovers\n|-ability|p1a: Espathra|Speed Boost|boost\n|-boost|p1a: Espathra|spe|1\n|upkeep\n|\n|t:|1695497335\n|switch|p1b: Dipplin|Dipplin, F|100\/100\n|turn|9\n|\n|t:|1695497360\n|move|p1a: Espathra|Lumina Crash|p2b: Talonflame\n|-damage|p2b: Talonflame|0 fnt\n|faint|p2b: Talonflame\n|move|p2a: Krookodile|Earthquake|p1a: Espathra|[spread] p1a,p1b\n|-resisted|p1b: Dipplin\n|-damage|p1a: Espathra|34\/100\n|-damage|p1b: Dipplin|95\/100\n|move|p1b: Dipplin|Pollen Puff|p1a: Espathra\n|-heal|p1a: Espathra|84\/100\n|\n|-heal|p1a: Espathra|90\/100|[from] item: Leftovers\n|-sideend|p1: SlimeGuy98712|move: Aurora Veil\n|-ability|p1a: Espathra|Speed Boost|boost\n|-boost|p1a: Espathra|spe|1\n|upkeep\n|\n|t:|1695497367\n|switch|p2b: Torterra|Torterra, M|100\/100\n|turn|10\n|\n|t:|1695497379\n|move|p1a: Espathra|Lumina Crash|p2b: Torterra\n|-damage|p2b: Torterra|67\/100\n|-unboost|p2b: Torterra|spd|2\n|move|p2b: Torterra|Shell Smash|p2b: Torterra\n|-unboost|p2b: Torterra|def|1\n|-unboost|p2b: Torterra|spd|1\n|-boost|p2b: Torterra|atk|2\n|-boost|p2b: Torterra|spa|2\n|-boost|p2b: Torterra|spe|2\n|move|p2a: Krookodile|Darkest Lariat|p1b: Dipplin\n|-damage|p1b: Dipplin|76\/100\n|move|p1b: Dipplin|Pollen Puff|p2a: Krookodile\n|-supereffective|p2a: Krookodile\n|-damage|p2a: Krookodile|1\/100\n|\n|-heal|p1a: Espathra|96\/100|[from] item: Leftovers\n|-sideend|p2: Pastel Fantasma|move: Tailwind\n|-ability|p1a: Espathra|Speed Boost|boost\n|-boost|p1a: Espathra|spe|1\n|upkeep\n|turn|11\n|\n|t:|1695497407\n|move|p1a: Espathra|Protect|p1a: Espathra\n|-singleturn|p1a: Espathra|Protect\n|move|p2b: Torterra|Headlong Rush|p1a: Espathra\n|-activate|p1a: Espathra|move: Protect\n|move|p2a: Krookodile|Close Combat|p1b: Dipplin\n|-damage|p1b: Dipplin|57\/100\n|-unboost|p2a: Krookodile|def|1\n|-unboost|p2a: Krookodile|spd|1\n|move|p1b: Dipplin|Syrup Bomb|p2b: Torterra\n|-damage|p2b: Torterra|7\/100\n|-start|p2b: Torterra|Syrup Bomb\n|\n|-heal|p1a: Espathra|100\/100|[from] item: Leftovers\n|-unboost|p2b: Torterra|spe|1\n|upkeep\n|turn|12\n|\n|t:|1695497432\n|move|p1a: Espathra|Dazzling Gleam|p2a: Krookodile|[spread] p2a,p2b\n|-supereffective|p2a: Krookodile\n|-damage|p2a: Krookodile|0 fnt\n|-damage|p2b: Torterra|0 fnt\n|faint|p2a: Krookodile\n|faint|p2b: Torterra\n|move|p1b: Dipplin|Recover|p1b: Dipplin\n|-heal|p1b: Dipplin|100\/100\n|\n|upkeep\n|\n|t:|1695497445\n|switch|p2b: Amoonguss|Amoonguss, F|100\/100\n|turn|13\n|\n|t:|1695497454\n|move|p1a: Espathra|Protect|p1a: Espathra\n|-singleturn|p1a: Espathra|Protect\n|move|p1b: Dipplin|Syrup Bomb|p2b: Amoonguss\n|-resisted|p2b: Amoonguss\n|-damage|p2b: Amoonguss|96\/100\n|-start|p2b: Amoonguss|Syrup Bomb\n|move|p2b: Amoonguss|Spore|p1a: Espathra\n|-activate|p1a: Espathra|move: Protect\n|\n|-unboost|p2b: Amoonguss|spe|1\n|upkeep\n|turn|14\n|\n|t:|1695497465\n|move|p1a: Espathra|Lumina Crash|p2b: Amoonguss\n|-supereffective|p2b: Amoonguss\n|-damage|p2b: Amoonguss|47\/100\n|-unboost|p2b: Amoonguss|spd|2\n|move|p1b: Dipplin|Pollen Puff|p2b: Amoonguss\n|-damage|p2b: Amoonguss|14\/100\n|move|p2b: Amoonguss|Spore|p1a: Espathra\n|-status|p1a: Espathra|slp|[from] move: Spore\n|\n|-unboost|p2b: Amoonguss|spe|1\n|upkeep\n|turn|15\n|\n|t:|1695497472\n|cant|p1a: Espathra|slp\n|move|p1b: Dipplin|Pollen Puff|p2b: Amoonguss\n|-damage|p2b: Amoonguss|0 fnt\n|faint|p2b: Amoonguss\n|\n|win|SlimeGuy98712\n|raw|SlimeGuy98712's rating: 1040 &rarr; <strong>1085<\/strong><br \/>(+45 for winning)\n|raw|Pastel Fantasma's rating: 1160 &rarr; <strong>1127<\/strong><br \/>(-33 for losing)\n|l|\u2606Pastel Fantasma\n","uploadtime":1695497479,"views":15,"p1id":"slimeguy98712","p2id":"pastelfantasma","formatid":"gen9nationaldexdoubles","rating":1085,"private":0,"password":""}