{"id":"gen9nationaldexdoubles-1975041412","p1":"magicgril","p2":"Escavaknight","format":"[Gen 9] National Dex Doubles","log":"|j|\u2606magicgril\n|j|\u2606Escavaknight\n|t:|1698157274\n|gametype|doubles\n|player|p1|magicgril|rosa-masters|1390\n|player|p2|Escavaknight|plasmagrunt-gen5bw|1343\n|teamsize|p1|6\n|teamsize|p2|6\n|gen|9\n|tier|[Gen 9] National Dex Doubles\n|rated|\n|rule|HP Percentage Mod: HP is shown in percentages\n|rule|Endless Battle Clause: Forcing endless battles is banned\n|rule|OHKO Clause: OHKO moves are banned\n|rule|Evasion Moves Clause: Evasion moves are banned\n|rule|Evasion Abilities Clause: Evasion abilities are banned\n|rule|Species Clause: Limit one of each Pok\u00e9mon\n|rule|Gravity Sleep Clause: The combination of sleep-inducing moves with imperfect accuracy and Gravity or Gigantamax Orbeetle are banned\n|clearpoke\n|poke|p1|Tapu Lele|\n|poke|p1|Deoxys-Attack|\n|poke|p1|Alakazam, F|\n|poke|p1|Flutter Mane|\n|poke|p1|Ogerpon-Hearthflame, F|\n|poke|p1|Chien-Pao|\n|poke|p2|Palafin, M|\n|poke|p2|Rillaboom, M|\n|poke|p2|Regidrago|\n|poke|p2|Gholdengo|\n|poke|p2|Tornadus, M|\n|poke|p2|Farigiraf, F|\n|teampreview\n|j| ChainlessJoe\n|\n|t:|1698157297\n|start\n|switch|p1a: Tapu Lele|Tapu Lele|100\/100\n|switch|p1b: Alakazam|Alakazam, F|100\/100\n|switch|p2a: Tornadus|Tornadus, M, shiny|100\/100\n|switch|p2b: Rillaboom|Rillaboom, M, shiny|100\/100\n|-fieldstart|move: Psychic Terrain|[from] ability: Psychic Surge|[of] p1a: Tapu Lele\n|-fieldstart|move: Grassy Terrain|[from] ability: Grassy Surge|[of] p2b: Rillaboom\n|turn|1\n|inactive|Battle timer is ON: inactive players will automatically lose when time's up. (requested by magicgril)\n|\n|t:|1698157330\n|switch|p1b: Chien-Pao|Chien-Pao|100\/100\n|-ability|p1b: Chien-Pao|Sword of Ruin\n|switch|p1a: Ogerpon|Ogerpon-Hearthflame, F|100\/100\n|-ability|p1a: Ogerpon|Mold Breaker\n|move|p2b: Rillaboom|Fake Out|p1b: Chien-Pao\n|-damage|p1b: Chien-Pao|82\/100\n|move|p2a: Tornadus|Tailwind|p2a: Tornadus\n|-sidestart|p2: Escavaknight|move: Tailwind\n|\n|-heal|p1b: Chien-Pao|88\/100|[from] Grassy Terrain\n|upkeep\n|turn|2\n|\n|t:|1698157352\n|-terastallize|p1a: Ogerpon|Fire\n|detailschange|p1a: Ogerpon|Ogerpon-Hearthflame-Tera, F, tera:Fire\n|-ability|p1a: Ogerpon|Embody Aspect (Hearthflame)|boost\n|-boost|p1a: Ogerpon|atk|1\n|move|p2a: Tornadus|Bleakwind Storm|p1a: Ogerpon|[spread] p1a,p1b\n|-damage|p1a: Ogerpon|65\/100\n|-damage|p1b: Chien-Pao|37\/100\n|-unboost|p1a: Ogerpon|spe|1\n|move|p2b: Rillaboom|High Horsepower|p1a: Ogerpon\n|-supereffective|p1a: Ogerpon\n|-damage|p1a: Ogerpon|0 fnt\n|faint|p1a: Ogerpon\n|move|p1b: Chien-Pao|Ice Spinner|p2a: Tornadus\n|-supereffective|p2a: Tornadus\n|-damage|p2a: Tornadus|0 fnt\n|-fieldend|move: Grassy Terrain\n|faint|p2a: Tornadus\n|\n|upkeep\n|inactive|Escavaknight has 120 seconds left.\n|\n|t:|1698157384\n|switch|p1a: Deoxys|Deoxys-Attack|100\/100\n|switch|p2a: Gholdengo|Gholdengo|100\/100\n|-ability|p1a: Deoxys|Pressure\n|turn|3\n|j| xiaoqing three\n|\n|t:|1698157402\n|move|p2b: Rillaboom|U-turn|p1b: Chien-Pao\n|-supereffective|p1b: Chien-Pao\n|-damage|p1b: Chien-Pao|0 fnt\n|faint|p1b: Chien-Pao\n|\n|t:|1698157411\n|switch|p2b: Palafin|Palafin, M|100\/100|[from] U-turn\n|move|p2a: Gholdengo|Make It Rain|p1a: Deoxys\n|-enditem|p1a: Deoxys|Focus Sash\n|-damage|p1a: Deoxys|1\/100\n|-unboost|p2a: Gholdengo|spa|1\n|move|p1a: Deoxys|Ice Beam|p2b: Palafin\n|-resisted|p2b: Palafin\n|-damage|p2b: Palafin|73\/100\n|-status|p2b: Palafin|frz\n|\n|upkeep\n|\n|t:|1698157420\n|switch|p1b: Flutter Mane|Flutter Mane|100\/100\n|turn|4\n|l| xiaoqing three\n|j| xiaoqing three\n|inactive|Escavaknight has 120 seconds left.\n|\n|t:|1698157466\n|-terastallize|p2a: Gholdengo|Water\n|cant|p2b: Palafin|frz\n|move|p2a: Gholdengo|Make It Rain|p1b: Flutter Mane|[spread] p1a,p1b\n|-supereffective|p1b: Flutter Mane\n|-damage|p1a: Deoxys|0 fnt\n|-damage|p1b: Flutter Mane|0 fnt\n|-unboost|p2a: Gholdengo|spa|1\n|faint|p1a: Deoxys\n|faint|p1b: Flutter Mane\n|-end|p1b: Flutter Mane|Protosynthesis|[silent]\n|\n|-sideend|p2: Escavaknight|move: Tailwind\n|upkeep\n|\n|t:|1698157478\n|switch|p1a: Tapu Lele|Tapu Lele|100\/100\n|switch|p1b: Alakazam|Alakazam, F|100\/100\n|-fieldstart|move: Psychic Terrain|[from] ability: Psychic Surge|[of] p1a: Tapu Lele\n|turn|5\n|inactive|Escavaknight has 120 seconds left.\n|\n|t:|1698157494\n|switch|p2a: Rillaboom|Rillaboom, M, shiny|100\/100\n|-fieldstart|move: Grassy Terrain|[from] ability: Grassy Surge|[of] p2a: Rillaboom\n|detailschange|p1b: Alakazam|Alakazam-Mega, F\n|-mega|p1b: Alakazam|Alakazam|Alakazite\n|-ability|p1b: Alakazam|Grassy Surge|[from] ability: Trace|[of] p2a: Rillaboom\n|cant|p2b: Palafin|frz\n|move|p1b: Alakazam|Expanding Force|p2a: Rillaboom\n|-damage|p2a: Rillaboom|67\/100\n|move|p1a: Tapu Lele|Psychic|p2a: Rillaboom\n|-damage|p2a: Rillaboom|27\/100\n|-damage|p1a: Tapu Lele|91\/100|[from] item: Life Orb\n|\n|-heal|p1a: Tapu Lele|97\/100|[from] Grassy Terrain\n|-heal|p2b: Palafin|79\/100 frz|[from] Grassy Terrain\n|-heal|p2a: Rillaboom|33\/100|[from] Grassy Terrain\n|upkeep\n|turn|6\n|l| ChainlessJoe\n|\n|t:|1698157515\n|move|p2a: Rillaboom|Fake Out|p1b: Alakazam\n|-damage|p1b: Alakazam|77\/100\n|cant|p1b: Alakazam|flinch\n|move|p1a: Tapu Lele|Moonblast|p2a: Rillaboom\n|-damage|p2a: Rillaboom|0 fnt\n|faint|p2a: Rillaboom\n|-damage|p1a: Tapu Lele|87\/100|[from] item: Life Orb\n|cant|p2b: Palafin|frz\n|\n|-heal|p1b: Alakazam|83\/100|[from] Grassy Terrain\n|-heal|p1a: Tapu Lele|93\/100|[from] Grassy Terrain\n|-heal|p2b: Palafin|85\/100 frz|[from] Grassy Terrain\n|upkeep\n|inactive|Escavaknight has 120 seconds left.\n|\n|t:|1698157534\n|switch|p2a: Gholdengo|Gholdengo, tera:Water|100\/100\n|turn|7\n|\n|t:|1698157548\n|move|p1b: Alakazam|Expanding Force|p2a: Gholdengo\n|-damage|p2a: Gholdengo|46\/100\n|move|p1a: Tapu Lele|Moonblast|p2a: Gholdengo\n|-damage|p2a: Gholdengo|0 fnt\n|faint|p2a: Gholdengo\n|-damage|p1a: Tapu Lele|83\/100|[from] item: Life Orb\n|cant|p2b: Palafin|frz\n|\n|-heal|p1b: Alakazam|89\/100|[from] Grassy Terrain\n|-heal|p1a: Tapu Lele|89\/100|[from] Grassy Terrain\n|-heal|p2b: Palafin|91\/100 frz|[from] Grassy Terrain\n|upkeep\n|\n|t:|1698157554\n|switch|p2a: Regidrago|Regidrago, shiny|100\/100\n|turn|8\n|\n|t:|1698157561\n|detailschange|p2b: Palafin|Palafin-Hero, M\n|switch|p2b: Farigiraf|Farigiraf, F|100\/100\n|move|p2a: Regidrago|Protect|p2a: Regidrago\n|-singleturn|p2a: Regidrago|Protect\n|move|p1b: Alakazam|Expanding Force|p2a: Regidrago\n|-activate|p2a: Regidrago|move: Protect\n|move|p1a: Tapu Lele|Moonblast|p2a: Regidrago\n|-activate|p2a: Regidrago|move: Protect\n|\n|-heal|p1b: Alakazam|95\/100|[from] Grassy Terrain\n|-heal|p1a: Tapu Lele|95\/100|[from] Grassy Terrain\n|upkeep\n|turn|9\n|\n|t:|1698157573\n|switch|p2a: Palafin|Palafin-Hero, M|91\/100 frz\n|-activate|p2a: Palafin|ability: Zero to Hero\n|move|p1b: Alakazam|Dazzling Gleam|p2a: Palafin|[spread] p2a,p2b\n|-damage|p2a: Palafin|62\/100 frz\n|-damage|p2b: Farigiraf|74\/100\n|move|p1a: Tapu Lele|Moonblast|p2a: Palafin\n|-damage|p2a: Palafin|0 fnt\n|faint|p2a: Palafin\n|-damage|p1a: Tapu Lele|85\/100|[from] item: Life Orb\n|move|p2b: Farigiraf|Psychic|p1b: Alakazam\n|-resisted|p1b: Alakazam\n|-damage|p1b: Alakazam|69\/100\n|\n|-heal|p1b: Alakazam|75\/100|[from] Grassy Terrain\n|-heal|p1a: Tapu Lele|91\/100|[from] Grassy Terrain\n|-heal|p2b: Farigiraf|80\/100|[from] Grassy Terrain\n|-fieldend|move: Grassy Terrain\n|upkeep\n|\n|t:|1698157577\n|switch|p2a: Regidrago|Regidrago, shiny|100\/100\n|turn|10\n|l| xiaoqing three\n|\n|t:|1698157602\n|move|p2a: Regidrago|Protect|p2a: Regidrago\n|-singleturn|p2a: Regidrago|Protect\n|move|p1b: Alakazam|Dazzling Gleam|p2b: Farigiraf|[spread] p2b\n|-activate|p2a: Regidrago|move: Protect\n|-damage|p2b: Farigiraf|50\/100\n|move|p1a: Tapu Lele|Moonblast|p2b: Farigiraf\n|-damage|p2b: Farigiraf|0 fnt\n|faint|p2b: Farigiraf\n|-damage|p1a: Tapu Lele|81\/100|[from] item: Life Orb\n|\n|upkeep\n|turn|11\n|-message|Escavaknight forfeited.\n|\n|win|magicgril\n|raw|magicgril's rating: 1390 &rarr; <strong>1407<\/strong><br \/>(+17 for winning)\n|raw|Escavaknight's rating: 1343 &rarr; <strong>1326<\/strong><br \/>(-17 for losing)\n|l|\u2606Escavaknight\n","uploadtime":1698157678,"views":7,"p1id":"magicgril","p2id":"escavaknight","formatid":"gen9nationaldexdoubles","rating":1326,"private":0,"password":""}