{"id":"gen9nationaldexdoubles-1970036599","p1":"retro assassin","p2":"Specs Hex Pex","format":"[Gen 9] National Dex Doubles","log":"|j|\u2606retro assassin\n|j|\u2606Specs Hex Pex\n|t:|1697587558\n|gametype|doubles\n|player|p1|retro assassin|iris-gen5bw2|\n|player|p2|Specs Hex Pex|lady|\n|teamsize|p1|6\n|teamsize|p2|6\n|gen|9\n|tier|[Gen 9] National Dex Doubles\n|rule|HP Percentage Mod: HP is shown in percentages\n|rule|Endless Battle Clause: Forcing endless battles is banned\n|rule|OHKO Clause: OHKO moves are banned\n|rule|Evasion Moves Clause: Evasion moves are banned\n|rule|Evasion Abilities Clause: Evasion abilities are banned\n|rule|Species Clause: Limit one of each Pok\u00e9mon\n|rule|Gravity Sleep Clause: The combination of sleep-inducing moves with imperfect accuracy and Gravity or Gigantamax Orbeetle are banned\n|clearpoke\n|poke|p1|Tyranitar, M|\n|poke|p1|Sandslash, F|\n|poke|p1|Cresselia, F|\n|poke|p1|Ursaluna, M|\n|poke|p1|Hippowdon, M|\n|poke|p1|Goodra-Hisui, F|\n|poke|p2|Heatran, M|\n|poke|p2|Blacephalon|\n|poke|p2|Arcanine, F|\n|poke|p2|Reuniclus, M|\n|poke|p2|Torkoal, F|\n|poke|p2|Scovillain, M|\n|teampreview\n|c|\u2606Specs Hex Pex|gl hf\n|c|\u2606retro assassin|u2\n|\n|t:|1697587581\n|start\n|switch|p1a: Sandslash|Sandslash, F|100\/100\n|switch|p1b: Tyranitar|Tyranitar, M|100\/100\n|switch|p2a: Heatran|Heatran, M|100\/100\n|switch|p2b: Arcanine|Arcanine, F|100\/100\n|-ability|p2b: Arcanine|Intimidate|boost\n|-unboost|p1a: Sandslash|atk|1\n|-unboost|p1b: Tyranitar|atk|1\n|-weather|Sandstorm|[from] ability: Sand Stream|[of] p1b: Tyranitar\n|turn|1\n|\n|t:|1697587605\n|switch|p2b: Torkoal|Torkoal, F|100\/100\n|-weather|SunnyDay|[from] ability: Drought|[of] p2b: Torkoal\n|move|p2a: Heatran|Earth Power|p1b: Tyranitar\n|-supereffective|p1b: Tyranitar\n|-damage|p1b: Tyranitar|48\/100\n|-enditem|p1b: Tyranitar|Weakness Policy\n|-boost|p1b: Tyranitar|atk|2|[from] item: Weakness Policy\n|-boost|p1b: Tyranitar|spa|2|[from] item: Weakness Policy\n|move|p1a: Sandslash|Earthquake|p2a: Heatran|[spread] p1b,p2a,p2b\n|-supereffective|p1b: Tyranitar\n|-crit|p1b: Tyranitar\n|-supereffective|p2a: Heatran\n|-supereffective|p2b: Torkoal\n|-damage|p1b: Tyranitar|0 fnt\n|-damage|p2a: Heatran|44\/100\n|-damage|p2b: Torkoal|78\/100\n|faint|p1b: Tyranitar\n|\n|-weather|SunnyDay|[upkeep]\n|upkeep\n|c|\u2606retro assassin|oh fuck\n|\n|t:|1697587638\n|switch|p1b: Cresselia|Cresselia, F|100\/100\n|turn|2\n|c|\u2606Specs Hex Pex|I'm sorry about that\n|\n|t:|1697587659\n|switch|p2a: Reuniclus|Reuniclus, M|100\/100\n|move|p1a: Sandslash|Brick Break|p2a: Reuniclus\n|-resisted|p2a: Reuniclus\n|-damage|p2a: Reuniclus|96\/100\n|move|p2b: Torkoal|Solar Beam||[still]\n|-prepare|p2b: Torkoal|Solar Beam\n|-anim|p2b: Torkoal|Solar Beam|p1b: Cresselia\n|-damage|p1b: Cresselia|79\/100\n|move|p1b: Cresselia|Trick Room|p1b: Cresselia\n|-fieldstart|move: Trick Room|[of] p1b: Cresselia\n|\n|-weather|SunnyDay|[upkeep]\n|-heal|p1b: Cresselia|85\/100|[from] item: Leftovers\n|upkeep\n|turn|3\n|\n|t:|1697587683\n|-terastallize|p2a: Reuniclus|Fire\n|move|p2b: Torkoal|Solar Beam||[still]\n|-prepare|p2b: Torkoal|Solar Beam\n|-anim|p2b: Torkoal|Solar Beam|p1a: Sandslash\n|-supereffective|p1a: Sandslash\n|-enditem|p1a: Sandslash|Focus Sash\n|-damage|p1a: Sandslash|1\/100\n|move|p2a: Reuniclus|Skill Swap|p2b: Torkoal\n|-activate|p2a: Reuniclus|move: Skill Swap|||[of] p2b: Torkoal\n|move|p1b: Cresselia|Power Gem|p2b: Torkoal\n|-supereffective|p2b: Torkoal\n|-damage|p2b: Torkoal|21\/100\n|move|p1a: Sandslash|Earthquake|p2a: Reuniclus|[spread] p2a,p2b\n|-immune|p1b: Cresselia|[from] ability: Levitate\n|-supereffective|p2a: Reuniclus\n|-supereffective|p2b: Torkoal\n|-damage|p2a: Reuniclus|64\/100\n|-damage|p2b: Torkoal|0 fnt\n|faint|p2b: Torkoal\n|\n|-weather|SunnyDay|[upkeep]\n|-heal|p1b: Cresselia|91\/100|[from] item: Leftovers\n|upkeep\n|\n|t:|1697587703\n|switch|p2b: Arcanine|Arcanine, F|100\/100\n|-ability|p2b: Arcanine|Intimidate|boost\n|-unboost|p1a: Sandslash|atk|1\n|-unboost|p1b: Cresselia|atk|1\n|turn|4\n|\n|t:|1697587727\n|move|p2a: Reuniclus|Hidden Power|p1b: Cresselia\n|-damage|p1b: Cresselia|44\/100\n|-damage|p2a: Reuniclus|55\/100|[from] item: Life Orb\n|move|p1b: Cresselia|Power Gem|p2a: Reuniclus\n|-supereffective|p2a: Reuniclus\n|-damage|p2a: Reuniclus|16\/100\n|move|p1a: Sandslash|Earthquake|p2b: Arcanine|[spread] p2a,p2b\n|-immune|p1b: Cresselia|[from] ability: Levitate\n|-supereffective|p2a: Reuniclus\n|-supereffective|p2b: Arcanine\n|-damage|p2a: Reuniclus|0 fnt\n|-damage|p2b: Arcanine|75\/100\n|faint|p2a: Reuniclus\n|-enditem|p2b: Arcanine|Eject Button\n|\n|t:|1697587744\n|switch|p2b: Scovillain|Scovillain, M|100\/100\n|\n|-weather|SunnyDay|[upkeep]\n|-heal|p1b: Cresselia|50\/100|[from] item: Leftovers\n|upkeep\n|\n|t:|1697587751\n|switch|p2a: Heatran|Heatran, M|44\/100\n|turn|5\n|\n|t:|1697587770\n|move|p2a: Heatran|Protect|p2a: Heatran\n|-singleturn|p2a: Heatran|Protect\n|move|p1b: Cresselia|Moonlight|p1b: Cresselia\n|-heal|p1b: Cresselia|100\/100\n|move|p1a: Sandslash|Earthquake|p2b: Scovillain|[spread] p2b\n|-activate|p2a: Heatran|move: Protect\n|-immune|p1b: Cresselia|[from] ability: Levitate\n|-damage|p2b: Scovillain|87\/100\n|move|p2b: Scovillain|Flamethrower|p1b: Cresselia\n|-damage|p1b: Cresselia|65\/100\n|\n|-weather|none\n|-heal|p1b: Cresselia|71\/100|[from] item: Leftovers\n|-heal|p2b: Scovillain|94\/100|[from] item: Leftovers\n|upkeep\n|turn|6\n|\n|t:|1697587800\n|switch|p2a: Arcanine|Arcanine, F|75\/100\n|-ability|p2a: Arcanine|Intimidate|boost\n|-unboost|p1a: Sandslash|atk|1\n|-unboost|p1b: Cresselia|atk|1\n|move|p1b: Cresselia|Power Gem|p2b: Scovillain\n|-supereffective|p2b: Scovillain\n|-damage|p2b: Scovillain|30\/100\n|move|p2b: Scovillain|Giga Drain|p1b: Cresselia\n|-damage|p1b: Cresselia|53\/100\n|-heal|p2b: Scovillain|43\/100|[from] drain|[of] p1b: Cresselia\n|move|p1a: Sandslash|Earthquake|p2a: Arcanine|[spread] p2a,p2b\n|-immune|p1b: Cresselia|[from] ability: Levitate\n|-supereffective|p2a: Arcanine\n|-damage|p2a: Arcanine|57\/100\n|-damage|p2b: Scovillain|34\/100\n|\n|-heal|p1b: Cresselia|59\/100|[from] item: Leftovers\n|-heal|p2b: Scovillain|40\/100|[from] item: Leftovers\n|-fieldend|move: Trick Room\n|upkeep\n|turn|7\n|\n|t:|1697587823\n|move|p2a: Arcanine|Flare Blitz|p1b: Cresselia\n|-damage|p1b: Cresselia|26\/100\n|-damage|p2a: Arcanine|45\/100|[from] Recoil\n|move|p1a: Sandslash|Earthquake|p2a: Arcanine|[spread] p2a,p2b\n|-immune|p1b: Cresselia|[from] ability: Levitate\n|-supereffective|p2a: Arcanine\n|-damage|p2a: Arcanine|24\/100\n|-damage|p2b: Scovillain|32\/100\n|move|p2b: Scovillain|Giga Drain|p1a: Sandslash\n|-supereffective|p1a: Sandslash\n|-damage|p1a: Sandslash|0 fnt\n|-heal|p2b: Scovillain|32\/100|[from] drain|[of] p1a: Sandslash\n|faint|p1a: Sandslash\n|move|p1b: Cresselia|Moonlight|p1b: Cresselia\n|-heal|p1b: Cresselia|76\/100\n|\n|-heal|p2b: Scovillain|38\/100|[from] item: Leftovers\n|-heal|p1b: Cresselia|82\/100|[from] item: Leftovers\n|upkeep\n|\n|t:|1697587842\n|switch|p1a: Goodra|Goodra-Hisui, F|100\/100\n|turn|8\n|\n|t:|1697587852\n|move|p2a: Arcanine|Morning Sun|p2a: Arcanine\n|-heal|p2a: Arcanine|74\/100\n|move|p2b: Scovillain|Flamethrower|p1b: Cresselia\n|-damage|p1b: Cresselia|60\/100\n|move|p1a: Goodra|Chilling Water|p2a: Arcanine\n|-supereffective|p2a: Arcanine\n|-damage|p2a: Arcanine|34\/100\n|-unboost|p2a: Arcanine|atk|1\n|move|p1b: Cresselia|Trick Room|p1b: Cresselia\n|-fieldstart|move: Trick Room|[of] p1b: Cresselia\n|\n|-heal|p1b: Cresselia|66\/100|[from] item: Leftovers\n|-heal|p2b: Scovillain|45\/100|[from] item: Leftovers\n|upkeep\n|turn|9\n|\n|t:|1697587870\n|move|p2b: Scovillain|Rage Powder|p2b: Scovillain\n|-singleturn|p2b: Scovillain|move: Rage Powder\n|move|p1b: Cresselia|Power Gem|p2b: Scovillain\n|-supereffective|p2b: Scovillain\n|-damage|p2b: Scovillain|0 fnt\n|faint|p2b: Scovillain\n|move|p2a: Arcanine|Snarl|p1a: Goodra|[spread] p1a,p1b\n|-supereffective|p1b: Cresselia\n|-damage|p1a: Goodra|96\/100\n|-damage|p1b: Cresselia|55\/100\n|-unboost|p1a: Goodra|spa|1\n|-unboost|p1b: Cresselia|spa|1\n|move|p1a: Goodra|Dragon Tail|p2a: Arcanine\n|-damage|p2a: Arcanine|14\/100\n|drag|p2a: Blacephalon|Blacephalon|100\/100\n|\n|-heal|p1b: Cresselia|61\/100|[from] item: Leftovers\n|upkeep\n|\n|t:|1697587886\n|switch|p2b: Heatran|Heatran, M|44\/100\n|turn|10\n|\n|t:|1697587897\n|move|p1a: Goodra|Body Press|p2b: Heatran\n|-supereffective|p2b: Heatran\n|-damage|p2b: Heatran|6\/100\n|move|p1b: Cresselia|Power Gem|p2a: Blacephalon\n|-supereffective|p2a: Blacephalon\n|-damage|p2a: Blacephalon|50\/100\n|move|p2b: Heatran|Earth Power|p1a: Goodra\n|-supereffective|p1a: Goodra\n|-damage|p1a: Goodra|71\/100\n|move|p2a: Blacephalon|Shadow Ball|p1b: Cresselia\n|-supereffective|p1b: Cresselia\n|-damage|p1b: Cresselia|4\/100\n|\n|-heal|p1b: Cresselia|10\/100|[from] item: Leftovers\n|upkeep\n|turn|11\n|\n|t:|1697587934\n|move|p2b: Heatran|Protect|p2b: Heatran\n|-singleturn|p2b: Heatran|Protect\n|move|p1a: Goodra|Body Press|p2b: Heatran\n|-activate|p2b: Heatran|move: Protect\n|move|p1b: Cresselia|Power Gem|p2a: Blacephalon\n|-supereffective|p2a: Blacephalon\n|-damage|p2a: Blacephalon|3\/100\n|move|p2a: Blacephalon|Flamethrower|p1b: Cresselia\n|-damage|p1b: Cresselia|0 fnt\n|faint|p1b: Cresselia\n|-ability|p2a: Blacephalon|Beast Boost|boost\n|-boost|p2a: Blacephalon|spa|1\n|\n|upkeep\n|\n|t:|1697587948\n|switch|p1b: Ursaluna|Ursaluna, M|100\/100\n|turn|12\n|\n|t:|1697587961\n|switch|p2b: Arcanine|Arcanine, F|14\/100\n|-ability|p2b: Arcanine|Intimidate|boost\n|-unboost|p1a: Goodra|atk|1\n|-unboost|p1b: Ursaluna|atk|1\n|move|p1b: Ursaluna|Crunch|p2a: Blacephalon\n|-supereffective|p2a: Blacephalon\n|-damage|p2a: Blacephalon|0 fnt\n|faint|p2a: Blacephalon\n|move|p1a: Goodra|Body Press|p2b: Arcanine\n|-damage|p2b: Arcanine|0 fnt\n|faint|p2b: Arcanine\n|\n|-fieldend|move: Trick Room\n|-status|p1b: Ursaluna|brn|[from] item: Flame Orb\n|upkeep\n|\n|t:|1697587973\n|switch|p2b: Heatran|Heatran, M|6\/100\n|turn|13\n|\n|t:|1697587984\n|move|p2b: Heatran|Heat Wave|p1b: Ursaluna|[spread] p1a,p1b\n|-damage|p1a: Goodra|55\/100\n|-damage|p1b: Ursaluna|71\/100 brn\n|move|p1a: Goodra|Chilling Water|p2b: Heatran\n|-supereffective|p2b: Heatran\n|-damage|p2b: Heatran|0 fnt\n|faint|p2b: Heatran\n|\n|win|retro assassin\n|c|\u2606retro assassin|gg\n|c|\u2606Specs Hex Pex|gg\n","uploadtime":1697587997,"views":13,"p1id":"retroassassin","p2id":"specshexpex","formatid":"gen9nationaldexdoubles","rating":0,"private":0,"password":""}