{"id":"gen9nationaldexdoubles-1975292953","p1":"Ancientguirus","p2":"UltraVapor","format":"[Gen 9] National Dex Doubles","log":"|j|\u2606Ancientguirus\n|j|\u2606UltraVapor\n|t:|1698177186\n|gametype|doubles\n|player|p1|Ancientguirus|raihan|1053\n|player|p2|UltraVapor|shelly|1054\n|teamsize|p1|6\n|teamsize|p2|6\n|gen|9\n|tier|[Gen 9] National Dex Doubles\n|rated|\n|rule|HP Percentage Mod: HP is shown in percentages\n|rule|Endless Battle Clause: Forcing endless battles is banned\n|rule|OHKO Clause: OHKO moves are banned\n|rule|Evasion Moves Clause: Evasion moves are banned\n|rule|Evasion Abilities Clause: Evasion abilities are banned\n|rule|Species Clause: Limit one of each Pok\u00e9mon\n|rule|Gravity Sleep Clause: The combination of sleep-inducing moves with imperfect accuracy and Gravity or Gigantamax Orbeetle are banned\n|clearpoke\n|poke|p1|Grimmsnarl, M|\n|poke|p1|Skeledirge, M|\n|poke|p1|Serperior, M|\n|poke|p1|Feraligatr, M|\n|poke|p1|Okidogi, M|\n|poke|p1|Baxcalibur, M|\n|poke|p2|Ninetales-Alola, F|\n|poke|p2|Baxcalibur, M|\n|poke|p2|Chien-Pao|\n|poke|p2|Iron Bundle|\n|poke|p2|Avalugg-Hisui, M|\n|poke|p2|Glaceon, F|\n|teampreview\n|\n|t:|1698177199\n|start\n|switch|p1a: Baxcalibur|Baxcalibur, M|100\/100\n|switch|p1b: florida man|Feraligatr, M|100\/100\n|switch|p2a: Ninetales|Ninetales-Alola, F|100\/100\n|switch|p2b: Avalugg|Avalugg-Hisui, M, shiny|100\/100\n|-weather|Snow|[from] ability: Snow Warning|[of] p2a: Ninetales\n|turn|1\n|\n|t:|1698177214\n|move|p2a: Ninetales|Freeze-Dry|p1b: florida man\n|-supereffective|p1b: florida man\n|-damage|p1b: florida man|23\/100\n|move|p1a: Baxcalibur|Scale Shot|p2b: Avalugg\n|-damage|p2b: Avalugg|96\/100\n|-damage|p2b: Avalugg|91\/100\n|-damage|p2b: Avalugg|87\/100\n|-damage|p2b: Avalugg|82\/100\n|-hitcount|p2b: Avalugg|4\n|-unboost|p1a: Baxcalibur|def|1\n|-boost|p1a: Baxcalibur|spe|1\n|move|p1b: florida man|Dragon Dance|p1b: florida man\n|-boost|p1b: florida man|atk|1\n|-boost|p1b: florida man|spe|1\n|move|p2b: Avalugg|Aurora Veil|p2b: Avalugg\n|-sidestart|p2: UltraVapor|move: Aurora Veil\n|\n|-weather|Snow|[upkeep]\n|upkeep\n|turn|2\n|\n|t:|1698177239\n|move|p1a: Baxcalibur|Iron Head|p2a: Ninetales\n|-supereffective|p2a: Ninetales\n|-damage|p2a: Ninetales|13\/100\n|move|p1b: florida man|Liquidation|p2b: Avalugg\n|-supereffective|p2b: Avalugg\n|-damage|p2b: Avalugg|36\/100\n|-enditem|p2b: Avalugg|Sitrus Berry|[eat]\n|-heal|p2b: Avalugg|61\/100|[from] item: Sitrus Berry\n|move|p2a: Ninetales|Freeze-Dry|p1b: florida man\n|-supereffective|p1b: florida man\n|-damage|p1b: florida man|0 fnt\n|faint|p1b: florida man\n|move|p2b: Avalugg|Rock Slide|p1a: Baxcalibur\n|-supereffective|p1a: Baxcalibur\n|-damage|p1a: Baxcalibur|28\/100\n|\n|-weather|Snow|[upkeep]\n|upkeep\n|\n|t:|1698177255\n|switch|p1b: el cocodrilo|Skeledirge, M|100\/100\n|turn|3\n|\n|t:|1698177270\n|switch|p2a: Baxcalibur|Baxcalibur, M|100\/100\n|move|p1a: Baxcalibur|Iron Head|p2b: Avalugg\n|-supereffective|p2b: Avalugg\n|-damage|p2b: Avalugg|37\/100\n|move|p1b: el cocodrilo|Torch Song|p2a: Baxcalibur\n|-damage|p2a: Baxcalibur|73\/100\n|-boost|p1b: el cocodrilo|spa|1\n|-ability|p2a: Baxcalibur|Thermal Exchange|boost\n|-boost|p2a: Baxcalibur|atk|1\n|move|p2b: Avalugg|Rock Slide|p1a: Baxcalibur|[spread] \n|-miss|p2b: Avalugg|p1a: Baxcalibur\n|-miss|p2b: Avalugg|p1b: el cocodrilo\n|\n|-weather|Snow|[upkeep]\n|upkeep\n|turn|4\n|\n|t:|1698177308\n|move|p2a: Baxcalibur|Ice Shard|p1a: Baxcalibur\n|-damage|p1a: Baxcalibur|0 fnt\n|faint|p1a: Baxcalibur\n|move|p1b: el cocodrilo|Earth Power|p2b: Avalugg\n|-supereffective|p2b: Avalugg\n|-damage|p2b: Avalugg|0 fnt\n|faint|p2b: Avalugg\n|\n|-weather|Snow|[upkeep]\n|upkeep\n|\n|t:|1698177322\n|switch|p1a: Ruff Days|Okidogi, M|100\/100\n|switch|p2b: Chien-Pao|Chien-Pao|100\/100\n|-ability|p2b: Chien-Pao|Sword of Ruin\n|turn|5\n|\n|t:|1698177336\n|-terastallize|p1b: el cocodrilo|Grass\n|move|p2b: Chien-Pao|Psychic Fangs|p1a: Ruff Days\n|-supereffective|p1a: Ruff Days\n|-damage|p1a: Ruff Days|0 fnt\n|faint|p1a: Ruff Days\n|move|p2a: Baxcalibur|Dragon Dance|p2a: Baxcalibur\n|-boost|p2a: Baxcalibur|atk|1\n|-boost|p2a: Baxcalibur|spe|1\n|move|p1b: el cocodrilo|Torch Song|p2b: Chien-Pao\n|-supereffective|p2b: Chien-Pao\n|-damage|p2b: Chien-Pao|0 fnt\n|-boost|p1b: el cocodrilo|spa|1\n|faint|p2b: Chien-Pao\n|\n|-weather|Snow|[upkeep]\n|-sideend|p2: UltraVapor|move: Aurora Veil\n|upkeep\n|\n|t:|1698177353\n|switch|p2b: Iron Bundle|Iron Bundle, shiny|100\/100\n|switch|p1a: Mephisto|Grimmsnarl, M, shiny|100\/100\n|-enditem|p2b: Iron Bundle|Booster Energy\n|-activate|p2b: Iron Bundle|ability: Quark Drive|[fromitem]\n|-start|p2b: Iron Bundle|quarkdrivespa\n|turn|6\n|\n|t:|1698177371\n|move|p2b: Iron Bundle|Ice Beam|p1b: el cocodrilo\n|-supereffective|p1b: el cocodrilo\n|-damage|p1b: el cocodrilo|16\/100\n|move|p2a: Baxcalibur|Glaive Rush|p1a: Mephisto\n|-immune|p1a: Mephisto\n|move|p1b: el cocodrilo|Tera Blast|p2b: Iron Bundle|[anim] Tera Blast Grass\n|-supereffective|p2b: Iron Bundle\n|-damage|p2b: Iron Bundle|0 fnt\n|faint|p2b: Iron Bundle\n|-end|p2b: Iron Bundle|Quark Drive|[silent]\n|move|p1a: Mephisto|Spirit Break|p2a: Baxcalibur\n|-supereffective|p2a: Baxcalibur\n|-damage|p2a: Baxcalibur|35\/100\n|-unboost|p2a: Baxcalibur|spa|1\n|\n|-weather|Snow|[upkeep]\n|upkeep\n|c|\u2606UltraVapor|I FORGOT\n|\n|t:|1698177391\n|switch|p2b: Glaceon|Glaceon, F, shiny|100\/100\n|turn|7\n|c|\u2606Ancientguirus|anyways so\n|c|\u2606UltraVapor|lmao\n|\n|t:|1698177407\n|move|p2a: Baxcalibur|Ice Shard|p1b: el cocodrilo\n|-supereffective|p1b: el cocodrilo\n|-damage|p1b: el cocodrilo|0 fnt\n|faint|p1b: el cocodrilo\n|move|p2b: Glaceon|Calm Mind|p2b: Glaceon\n|-boost|p2b: Glaceon|spa|1\n|-boost|p2b: Glaceon|spd|1\n|move|p1a: Mephisto|Drain Punch|p2a: Baxcalibur\n|-supereffective|p2a: Baxcalibur\n|-damage|p2a: Baxcalibur|11\/100\n|\n|-weather|Snow|[upkeep]\n|upkeep\n|c|\u2606Ancientguirus|if skel wasnt slower than my brain in math itd be easier\n|\n|t:|1698177423\n|switch|p1b: weed snake|Serperior, M|100\/100\n|turn|8\n|\n|t:|1698177438\n|-terastallize|p2b: Glaceon|Electric\n|move|p1b: weed snake|Leaf Storm|p2a: Baxcalibur\n|-resisted|p2a: Baxcalibur\n|-damage|p2a: Baxcalibur|0 fnt\n|-boost|p1b: weed snake|spa|2\n|faint|p2a: Baxcalibur\n|move|p2b: Glaceon|Tera Blast|p1a: Mephisto|[anim] Tera Blast Electric\n|-damage|p1a: Mephisto|12\/100\n|-damage|p2b: Glaceon|91\/100|[from] item: Life Orb\n|move|p1a: Mephisto|Drain Punch|p2b: Glaceon\n|-damage|p2b: Glaceon|67\/100\n|-heal|p1a: Mephisto|21\/100|[from] drain|[of] p2b: Glaceon\n|\n|-weather|none\n|upkeep\n|\n|t:|1698177451\n|switch|p2a: Ninetales|Ninetales-Alola, F|13\/100\n|-weather|Snow|[from] ability: Snow Warning|[of] p2a: Ninetales\n|turn|9\n|\n|t:|1698177469\n|move|p1b: weed snake|Energy Ball|p2a: Ninetales\n|-damage|p2a: Ninetales|0 fnt\n|faint|p2a: Ninetales\n|move|p2b: Glaceon|Ice Beam|p1a: Mephisto\n|-damage|p1a: Mephisto|0 fnt\n|faint|p1a: Mephisto\n|-damage|p2b: Glaceon|57\/100|[from] item: Life Orb\n|\n|-weather|Snow|[upkeep]\n|-heal|p2b: Glaceon|64\/100|[from] ability: Ice Body\n|upkeep\n|turn|10\n|c|\u2606UltraVapor|oh shit 1v1\n|\n|t:|1698177490\n|move|p1b: weed snake|Leaf Storm|p2b: Glaceon\n|-damage|p2b: Glaceon|0 fnt\n|-boost|p1b: weed snake|spa|2\n|faint|p2b: Glaceon\n|\n|win|Ancientguirus\n|raw|Ancientguirus's rating: 1053 &rarr; <strong>1085<\/strong><br \/>(+32 for winning)\n|raw|UltraVapor's rating: 1054 &rarr; <strong>1036<\/strong><br \/>(-18 for losing)\n|c|\u2606UltraVapor|gg\n|c|\u2606Ancientguirus|you have a type advantage\n|c|\u2606Ancientguirus|but gg\n|l|\u2606Ancientguirus\n|c|\u2606UltraVapor|and u had a speed advantage lol\n","uploadtime":1698177514,"views":13,"p1id":"ancientguirus","p2id":"ultravapor","formatid":"gen9nationaldexdoubles","rating":1036,"private":0,"password":""}