{"id":"gen9nationaldexdoubles-1968398722","p1":"jvkx","p2":"ChopChop98","format":"[Gen 9] National Dex Doubles","log":"|j|\u2606jvkx\n|j|\u2606ChopChop98\n|t:|1697414324\n|gametype|doubles\n|player|p1|jvkx|acetrainer-gen4dp|1033\n|player|p2|ChopChop98|hilbert|1155\n|teamsize|p1|6\n|teamsize|p2|6\n|gen|9\n|tier|[Gen 9] National Dex Doubles\n|rated|\n|rule|HP Percentage Mod: HP is shown in percentages\n|rule|Endless Battle Clause: Forcing endless battles is banned\n|rule|OHKO Clause: OHKO moves are banned\n|rule|Evasion Moves Clause: Evasion moves are banned\n|rule|Evasion Abilities Clause: Evasion abilities are banned\n|rule|Species Clause: Limit one of each Pok\u00e9mon\n|rule|Gravity Sleep Clause: The combination of sleep-inducing moves with imperfect accuracy and Gravity or Gigantamax Orbeetle are banned\n|clearpoke\n|poke|p1|Enamorus, F|\n|poke|p1|Thundurus, M|\n|poke|p1|Mew|\n|poke|p1|Tornadus, M|\n|poke|p1|Amoonguss, M|\n|poke|p1|Grimmsnarl, M|\n|poke|p2|Tornadus, M|\n|poke|p2|Armarouge, M|\n|poke|p2|Kommo-o, M|\n|poke|p2|Glimmora, F|\n|poke|p2|Indeedee-F, F|\n|poke|p2|Flutter Mane|\n|teampreview\n|inactive|Battle timer is ON: inactive players will automatically lose when time's up. (requested by ChopChop98)\n|\n|t:|1697414334\n|start\n|switch|p1a: Enamorus|Enamorus, F|100\/100\n|switch|p1b: Thundurus|Thundurus, M|100\/100\n|switch|p2a: Indeedee|Indeedee-F, F|100\/100\n|switch|p2b: Armarouge|Armarouge, M|100\/100\n|-fieldstart|move: Psychic Terrain|[from] ability: Psychic Surge|[of] p2a: Indeedee\n|turn|1\n|\n|t:|1697414352\n|move|p1b: Thundurus|Defog|p1a: Enamorus\n|-boost|p1a: Enamorus|evasion|1\n|-fieldend|move: Psychic Terrain\n|move|p1a: Enamorus|Springtide Storm|p2a: Indeedee|[spread] p2a,p2b\n|-resisted|p2b: Armarouge\n|-damage|p2a: Indeedee|59\/100\n|-damage|p2b: Armarouge|77\/100\n|-unboost|p2a: Indeedee|atk|1\n|move|p2a: Indeedee|Light Screen|p2a: Indeedee\n|-sidestart|p2: ChopChop98|move: Light Screen\n|move|p2b: Armarouge|Expanding Force|p1a: Enamorus\n|-damage|p1a: Enamorus|2\/100\n|\n|-heal|p1a: Enamorus|8\/100|[from] item: Leftovers\n|upkeep\n|turn|2\n|\n|t:|1697414370\n|switch|p2b: Glimmora|Glimmora, F|100\/100\n|move|p1b: Thundurus|Defog|p1a: Enamorus\n|-boost|p1a: Enamorus|evasion|1\n|move|p1a: Enamorus|Springtide Storm|p2a: Indeedee|[spread] p2a\n|-miss|p1a: Enamorus|p2b: Glimmora\n|-damage|p2a: Indeedee|33\/100\n|move|p2a: Indeedee|Reflect|p2a: Indeedee\n|-sidestart|p2: ChopChop98|Reflect\n|\n|-heal|p1a: Enamorus|14\/100|[from] item: Leftovers\n|upkeep\n|turn|3\n|\n|t:|1697414389\n|move|p2a: Indeedee|Follow Me|p2a: Indeedee\n|-singleturn|p2a: Indeedee|move: Follow Me\n|move|p1b: Thundurus|Defog|p2a: Indeedee\n|-unboost|p2a: Indeedee|evasion|1\n|-sideend|p2: ChopChop98|Reflect\n|-sideend|p2: ChopChop98|move: Light Screen\n|move|p1a: Enamorus|Draining Kiss|p2a: Indeedee\n|-damage|p2a: Indeedee|8\/100\n|-heal|p1a: Enamorus|36\/100|[from] drain|[of] p2a: Indeedee\n|move|p2b: Glimmora|Stealth Rock|p1b: Thundurus\n|-sidestart|p1: jvkx|move: Stealth Rock\n|\n|-heal|p1a: Enamorus|42\/100|[from] item: Leftovers\n|upkeep\n|turn|4\n|\n|t:|1697414409\n|switch|p2a: Flutter Mane|Flutter Mane|100\/100\n|-enditem|p2a: Flutter Mane|Booster Energy\n|-activate|p2a: Flutter Mane|ability: Protosynthesis|[fromitem]\n|-start|p2a: Flutter Mane|protosynthesisspa\n|move|p1b: Thundurus|Taunt|p2a: Flutter Mane\n|-start|p2a: Flutter Mane|move: Taunt\n|move|p1a: Enamorus|Springtide Storm|p2a: Flutter Mane|[spread] p2a,p2b\n|-resisted|p2b: Glimmora\n|-damage|p2a: Flutter Mane|57\/100\n|-damage|p2b: Glimmora|77\/100\n|move|p2b: Glimmora|Mortal Spin|p1b: Thundurus|[spread] p1b\n|-miss|p2b: Glimmora|p1a: Enamorus\n|-damage|p1b: Thundurus|92\/100\n|-status|p1b: Thundurus|psn\n|\n|-heal|p1a: Enamorus|48\/100|[from] item: Leftovers\n|-damage|p1b: Thundurus|80\/100 psn|[from] psn\n|upkeep\n|turn|5\n|\n|t:|1697414432\n|move|p1b: Thundurus|Defog|p1a: Enamorus\n|-boost|p1a: Enamorus|evasion|1\n|-sideend|p1: jvkx|Stealth Rock|[from] move: Defog|[of] p1b: Thundurus\n|move|p2a: Flutter Mane|Dazzling Gleam|p1a: Enamorus|[spread] p1a,p1b\n|-damage|p1a: Enamorus|0 fnt\n|-damage|p1b: Thundurus|14\/100 psn\n|faint|p1a: Enamorus\n|move|p2b: Glimmora|Mortal Spin|p1b: Thundurus\n|-damage|p1b: Thundurus|4\/100 psn\n|\n|-damage|p1b: Thundurus|0 fnt|[from] psn\n|faint|p1b: Thundurus\n|upkeep\n|inactive|jvkx has 120 seconds left.\n|\n|t:|1697414447\n|switch|p1b: Amoonguss|Amoonguss, M|100\/100\n|switch|p1a: Grimmsnarl|Grimmsnarl, M|100\/100\n|turn|6\n|\n|t:|1697414461\n|move|p1a: Grimmsnarl|Parting Shot|p2a: Flutter Mane\n|-unboost|p2a: Flutter Mane|atk|1\n|-unboost|p2a: Flutter Mane|spa|1\n|\n|t:|1697414466\n|switch|p1a: Mew|Mew, shiny|100\/100|[from] Parting Shot\n|move|p2a: Flutter Mane|Mystical Fire|p1b: Amoonguss\n|-supereffective|p1b: Amoonguss\n|-damage|p1b: Amoonguss|65\/100\n|-unboost|p1b: Amoonguss|spa|1\n|move|p2b: Glimmora|Stealth Rock|p1a: Mew\n|-sidestart|p1: jvkx|move: Stealth Rock\n|move|p1b: Amoonguss|Spore|p2b: Glimmora\n|-status|p2b: Glimmora|slp|[from] move: Spore\n|\n|-heal|p1b: Amoonguss|71\/100|[from] item: Black Sludge\n|-end|p2a: Flutter Mane|move: Taunt\n|upkeep\n|turn|7\n|\n|t:|1697414491\n|-end|p2a: Flutter Mane|Protosynthesis|[silent]\n|switch|p2a: Indeedee|Indeedee-F, F|8\/100\n|-fieldstart|move: Psychic Terrain|[from] ability: Psychic Surge|[of] p2a: Indeedee\n|switch|p2b: Kommo-o|Kommo-o, M|100\/100\n|move|p1b: Amoonguss|Rage Powder|p1b: Amoonguss\n|-singleturn|p1b: Amoonguss|move: Rage Powder\n|move|p1a: Mew|Stealth Rock|p2b: Kommo-o\n|-sidestart|p2: ChopChop98|move: Stealth Rock\n|\n|-heal|p1b: Amoonguss|77\/100|[from] item: Black Sludge\n|upkeep\n|turn|8\n|\n|t:|1697414517\n|move|p2a: Indeedee|Follow Me|p2a: Indeedee\n|-singleturn|p2a: Indeedee|move: Follow Me\n|move|p1a: Mew|Psychic|p2a: Indeedee\n|-resisted|p2a: Indeedee\n|-damage|p2a: Indeedee|0 fnt\n|faint|p2a: Indeedee\n|move|p2b: Kommo-o|Clangorous Soul|p2b: Kommo-o\n|-boost|p2b: Kommo-o|atk|1\n|-boost|p2b: Kommo-o|def|1\n|-boost|p2b: Kommo-o|spa|1\n|-boost|p2b: Kommo-o|spd|1\n|-boost|p2b: Kommo-o|spe|1\n|-damage|p2b: Kommo-o|68\/100\n|move|p1b: Amoonguss|Clear Smog|p2b: Kommo-o\n|-damage|p2b: Kommo-o|59\/100\n|-clearboost|p2b: Kommo-o\n|\n|-heal|p2b: Kommo-o|65\/100|[from] item: Leftovers\n|-heal|p1b: Amoonguss|84\/100|[from] item: Black Sludge\n|upkeep\n|inactive|ChopChop98 has 120 seconds left.\n|n|!ChopChop98|chopchop98\n|\n|t:|1697414542\n|switch|p2a: Tornadus|Tornadus, M|100\/100\n|-damage|p2a: Tornadus|76\/100|[from] Stealth Rock\n|turn|9\n|\n|t:|1697414571\n|move|p2a: Tornadus|Bleakwind Storm|p1a: Mew|[spread] p1a\n|-miss|p2a: Tornadus|p1b: Amoonguss\n|-enditem|p2a: Tornadus|Blunder Policy\n|-boost|p2a: Tornadus|spe|2\n|-damage|p1a: Mew|59\/100\n|move|p1a: Mew|Psychic|p2b: Kommo-o\n|-supereffective|p2b: Kommo-o\n|-damage|p2b: Kommo-o|0 fnt\n|faint|p2b: Kommo-o\n|move|p1b: Amoonguss|Clear Smog|p2a: Tornadus\n|-damage|p2a: Tornadus|62\/100\n|-clearboost|p2a: Tornadus\n|\n|-heal|p1b: Amoonguss|90\/100|[from] item: Black Sludge\n|upkeep\n|-message|ChopChop98 forfeited.\n|\n|win|jvkx\n|raw|jvkx's rating: 1033 &rarr; <strong>1080<\/strong><br \/>(+47 for winning)\n|raw|ChopChop98's rating: 1155 &rarr; <strong>1122<\/strong><br \/>(-33 for losing)\n|l|!ChopChop98\n","uploadtime":1697414539,"views":8,"p1id":"jvkx","p2id":"chopchop98","formatid":"gen9nationaldexdoubles","rating":1080,"private":0,"password":""}