{"id":"gen9nationaldexdoubles-1979514743","p1":"Tankbuster627","p2":"Mikralas","format":"[Gen 9] National Dex Doubles","log":"|j|\u2606Tankbuster627\n|j|\u2606Mikralas\n|t:|1698688719\n|gametype|doubles\n|player|p1|Tankbuster627|1|1045\n|player|p2|Mikralas|jasmine-masters2|1104\n|teamsize|p1|6\n|teamsize|p2|6\n|gen|9\n|tier|[Gen 9] National Dex Doubles\n|rated|\n|rule|HP Percentage Mod: HP is shown in percentages\n|rule|Endless Battle Clause: Forcing endless battles is banned\n|rule|OHKO Clause: OHKO moves are banned\n|rule|Evasion Moves Clause: Evasion moves are banned\n|rule|Evasion Abilities Clause: Evasion abilities are banned\n|rule|Species Clause: Limit one of each Pok\u00e9mon\n|rule|Gravity Sleep Clause: The combination of sleep-inducing moves with imperfect accuracy and Gravity or Gigantamax Orbeetle are banned\n|clearpoke\n|poke|p1|Regigigas|\n|poke|p1|Regice|\n|poke|p1|Registeel|\n|poke|p1|Regirock|\n|poke|p1|Regidrago|\n|poke|p1|Gliscor, M|\n|poke|p2|Ampharos, F|\n|poke|p2|Cresselia, F|\n|poke|p2|Golduck, F|\n|poke|p2|Oranguru, M|\n|poke|p2|Mew|\n|poke|p2|Eevee, M|\n|teampreview\n|c|\u2606Mikralas|Yo just letting you know that i love your team already\n|\n|t:|1698688749\n|start\n|switch|p1a: Regirock|Regirock|100\/100\n|switch|p1b: Registeel|Registeel, shiny|100\/100\n|switch|p2a: Golduck|Golduck, F|100\/100\n|switch|p2b: Eevee|Eevee, M|100\/100\n|turn|1\n|\n|t:|1698688759\n|move|p1b: Registeel|Protect|p1b: Registeel\n|-singleturn|p1b: Registeel|Protect\n|move|p2a: Golduck|Simple Beam|p2b: Eevee\n|-endability|p2b: Eevee|Run Away|[from] move: Simple Beam\n|-ability|p2b: Eevee|Simple|[from] move: Simple Beam\n|-zpower|p2b: Eevee\n|move|p2b: Eevee|Extreme Evoboost|p2b: Eevee\n|-boost|p2b: Eevee|atk|4\n|-boost|p2b: Eevee|def|4\n|-boost|p2b: Eevee|spa|4\n|-boost|p2b: Eevee|spd|4\n|-boost|p2b: Eevee|spe|4\n|move|p1a: Regirock|Explosion||[still]\n|cant|p2a: Golduck|ability: Damp|Explosion|[of] p1a: Regirock\n|\n|upkeep\n|turn|2\n|c|\u2606Tankbuster627|Thanks...\n|\n|t:|1698688807\n|switch|p1a: Regice|Regice|100\/100\n|move|p2b: Eevee|Baton Pass|p2b: Eevee\n|\n|t:|1698688812\n|switch|p2b: Ampharos|Ampharos, F|100\/100|[from] Baton Pass\n|move|p2a: Golduck|Simple Beam|p2b: Ampharos\n|-endability|p2b: Ampharos|Static|[from] move: Simple Beam\n|-ability|p2b: Ampharos|Simple|[from] move: Simple Beam\n|move|p1b: Registeel|Toxic|p2b: Ampharos\n|-status|p2b: Ampharos|tox\n|\n|-damage|p2b: Ampharos|94\/100 tox|[from] psn\n|upkeep\n|turn|3\n|\n|t:|1698688835\n|switch|p2a: Oranguru|Oranguru, M|100\/100\n|move|p2b: Ampharos|Discharge|p1b: Registeel|[spread] p2a,p1a,p1b\n|-damage|p2a: Oranguru|26\/100\n|-damage|p1a: Regice|52\/100\n|-damage|p1b: Registeel|38\/100\n|move|p1a: Regice|Ice Beam|p2b: Ampharos\n|-damage|p2b: Ampharos|77\/100 tox\n|move|p1b: Registeel|Toxic|p2a: Oranguru|[miss]\n|-miss|p1b: Registeel|p2a: Oranguru\n|\n|-heal|p2a: Oranguru|33\/100|[from] item: Leftovers\n|-heal|p1b: Registeel|44\/100|[from] item: Leftovers\n|-damage|p2b: Ampharos|64\/100 tox|[from] psn\n|upkeep\n|turn|4\n|\n|t:|1698688855\n|detailschange|p2b: Ampharos|Ampharos-Mega, F\n|-mega|p2b: Ampharos|Ampharos|Ampharosite\n|-ability|p2b: Ampharos|Mold Breaker\n|-terastallize|p2a: Oranguru|Ground\n|move|p2b: Ampharos|Discharge|p1b: Registeel|[spread] p1a,p1b\n|-immune|p2a: Oranguru\n|-damage|p1a: Regice|0 fnt\n|-damage|p1b: Registeel|0 fnt\n|faint|p1a: Regice\n|faint|p1b: Registeel\n|move|p2a: Oranguru|Instruct|p2b: Ampharos\n|-singleturn|p2b: Ampharos|move: Instruct|[of] p2a: Oranguru\n|move|p2b: Ampharos|Discharge|p2a: Oranguru\n|-immune|p2a: Oranguru\n|\n|-heal|p2a: Oranguru|39\/100|[from] item: Leftovers\n|-damage|p2b: Ampharos|46\/100 tox|[from] psn\n|upkeep\n|\n|t:|1698688872\n|switch|p1b: Regigigas|Regigigas|100\/100\n|switch|p1a: Gliscor|Gliscor, M|100\/100\n|-start|p1b: Regigigas|ability: Slow Start\n|turn|5\n|\n|t:|1698688882\n|move|p1a: Gliscor|Protect|p1a: Gliscor\n|-singleturn|p1a: Gliscor|Protect\n|move|p1b: Regigigas|Protect|p1b: Regigigas\n|-singleturn|p1b: Regigigas|Protect\n|move|p2b: Ampharos|Dragon Pulse|p1a: Gliscor\n|-activate|p1a: Gliscor|move: Protect\n|move|p2a: Oranguru|Instruct|p2b: Ampharos\n|-singleturn|p2b: Ampharos|move: Instruct|[of] p2a: Oranguru\n|move|p2b: Ampharos|Dragon Pulse|p1a: Gliscor\n|-activate|p1a: Gliscor|move: Protect\n|\n|-heal|p2a: Oranguru|45\/100|[from] item: Leftovers\n|-damage|p2b: Ampharos|21\/100 tox|[from] psn\n|-status|p1a: Gliscor|tox|[from] item: Toxic Orb\n|upkeep\n|turn|6\n|\n|t:|1698688907\n|switch|p1a: Regirock|Regirock|100\/100\n|move|p2b: Ampharos|Dazzling Gleam|p1b: Regigigas|[spread] p1a,p1b\n|-damage|p1a: Regirock|19\/100\n|-damage|p1b: Regigigas|25\/100\n|move|p2a: Oranguru|Instruct|p2b: Ampharos\n|-singleturn|p2b: Ampharos|move: Instruct|[of] p2a: Oranguru\n|move|p2b: Ampharos|Dazzling Gleam|p1a: Regirock|[spread] p1a,p1b\n|-crit|p1b: Regigigas\n|-damage|p1a: Regirock|0 fnt\n|-damage|p1b: Regigigas|0 fnt\n|faint|p1a: Regirock\n|faint|p1b: Regigigas\n|-end|p1b: Regigigas|Slow Start|[silent]\n|\n|-heal|p2a: Oranguru|51\/100|[from] item: Leftovers\n|-damage|p2b: Ampharos|0 fnt|[from] psn\n|faint|p2b: Ampharos\n|upkeep\n|\n|t:|1698688919\n|switch|p1b: Gliscor|Gliscor, M|100\/100 tox\n|switch|p2b: Cresselia|Cresselia, F|100\/100\n|switch|p1a: Regidrago|Regidrago|100\/100\n|turn|7\n|\n|t:|1698688935\n|switch|p2a: Mew|Mew|100\/100\n|move|p1a: Regidrago|Dragon Pulse|p2b: Cresselia\n|-damage|p2b: Cresselia|49\/100\n|move|p1b: Gliscor|Facade|p2b: Cresselia\n|-damage|p2b: Cresselia|25\/100\n|move|p2b: Cresselia|Skill Swap|p1b: Gliscor\n|-activate|p2b: Cresselia|move: Skill Swap|Poison Heal|Levitate|[of] p1b: Gliscor\n|\n|-heal|p2b: Cresselia|31\/100|[from] item: Leftovers\n|-damage|p1b: Gliscor|94\/100 tox|[from] psn\n|upkeep\n|turn|8\n|\n|t:|1698688965\n|move|p2a: Mew|Pollen Puff|p1a: Regidrago\n|-damage|p1a: Regidrago|79\/100\n|move|p1a: Regidrago|Dragon Pulse|p2b: Cresselia\n|-damage|p2b: Cresselia|0 fnt\n|faint|p2b: Cresselia\n|move|p1b: Gliscor|Facade|p2a: Mew\n|-damage|p2a: Mew|67\/100\n|\n|-heal|p2a: Mew|73\/100|[from] item: Leftovers\n|-damage|p1b: Gliscor|82\/100 tox|[from] psn\n|upkeep\n|\n|t:|1698688973\n|switch|p2b: Eevee|Eevee, M|100\/100\n|turn|9\n|\n|t:|1698688984\n|move|p2b: Eevee|Protect|p2b: Eevee\n|-singleturn|p2b: Eevee|Protect\n|move|p2a: Mew|Scary Face|p1b: Gliscor\n|-unboost|p1b: Gliscor|spe|2\n|move|p1a: Regidrago|Dragon Pulse|p2b: Eevee\n|-activate|p2b: Eevee|move: Protect\n|move|p1b: Gliscor|Earthquake|p2b: Eevee|[spread] p1a,p2a\n|-activate|p2b: Eevee|move: Protect\n|-crit|p1a: Regidrago\n|-damage|p1a: Regidrago|26\/100\n|-damage|p2a: Mew|44\/100\n|\n|-heal|p2a: Mew|50\/100|[from] item: Leftovers\n|-damage|p1b: Gliscor|63\/100 tox|[from] psn\n|upkeep\n|turn|10\n|\n|t:|1698689003\n|move|p2a: Mew|Pollen Puff|p1a: Regidrago\n|-damage|p1a: Regidrago|5\/100\n|move|p1a: Regidrago|Dragon Pulse|p2b: Eevee\n|-damage|p2b: Eevee|0 fnt\n|faint|p2b: Eevee\n|move|p1b: Gliscor|Roost|p1b: Gliscor\n|-heal|p1b: Gliscor|100\/100 tox\n|-singleturn|p1b: Gliscor|move: Roost\n|\n|-heal|p2a: Mew|56\/100|[from] item: Leftovers\n|-damage|p1b: Gliscor|76\/100 tox|[from] psn\n|upkeep\n|\n|t:|1698689015\n|switch|p2b: Oranguru|Oranguru, M, tera:Ground|51\/100\n|turn|11\n|\n|t:|1698689024\n|move|p2a: Mew|Pollen Puff|p1a: Regidrago\n|-damage|p1a: Regidrago|0 fnt\n|faint|p1a: Regidrago\n|move|p2b: Oranguru|Instruct|p2a: Mew\n|-singleturn|p2a: Mew|move: Instruct|[of] p2b: Oranguru\n|move|p2a: Mew|Pollen Puff|p1b: Gliscor\n|-resisted|p1b: Gliscor\n|-damage|p1b: Gliscor|61\/100 tox\n|move|p1b: Gliscor|Facade|p2a: Mew\n|-damage|p2a: Mew|22\/100\n|\n|-heal|p2a: Mew|28\/100|[from] item: Leftovers\n|-heal|p2b: Oranguru|58\/100|[from] item: Leftovers\n|-damage|p1b: Gliscor|30\/100 tox|[from] psn\n|upkeep\n|turn|12\n|\n|t:|1698689045\n|move|p2a: Mew|Pollen Puff|p1b: Gliscor\n|-resisted|p1b: Gliscor\n|-damage|p1b: Gliscor|15\/100 tox\n|move|p2b: Oranguru|Instruct|p2a: Mew\n|-singleturn|p2a: Mew|move: Instruct|[of] p2b: Oranguru\n|move|p2a: Mew|Pollen Puff|p1b: Gliscor\n|-resisted|p1b: Gliscor\n|-damage|p1b: Gliscor|0 fnt\n|faint|p1b: Gliscor\n|\n|win|Mikralas\n|raw|Tankbuster627's rating: 1045 &rarr; <strong>1031<\/strong><br \/>(-14 for losing)\n|raw|Mikralas's rating: 1104 &rarr; <strong>1125<\/strong><br \/>(+21 for winning)\n","uploadtime":1698689061,"views":10,"p1id":"tankbuster627","p2id":"mikralas","formatid":"gen9nationaldexdoubles","rating":1031,"private":0,"password":""}