{"id":"gen9nationaldexdoubles-1972485189","p1":"AdvancedDigit","p2":"Ax0lol","format":"[Gen 9] National Dex Doubles","log":"|j|\u2606AdvancedDigit\n|j|\u2606Ax0lol\n|t:|1697848177\n|gametype|doubles\n|player|p1|AdvancedDigit|hilbert|1265\n|player|p2|Ax0lol|lady|1261\n|teamsize|p1|6\n|teamsize|p2|6\n|gen|9\n|tier|[Gen 9] National Dex Doubles\n|rated|\n|rule|HP Percentage Mod: HP is shown in percentages\n|rule|Endless Battle Clause: Forcing endless battles is banned\n|rule|OHKO Clause: OHKO moves are banned\n|rule|Evasion Moves Clause: Evasion moves are banned\n|rule|Evasion Abilities Clause: Evasion abilities are banned\n|rule|Species Clause: Limit one of each Pok\u00e9mon\n|rule|Gravity Sleep Clause: The combination of sleep-inducing moves with imperfect accuracy and Gravity or Gigantamax Orbeetle are banned\n|clearpoke\n|poke|p1|Lilligant-Hisui, F|\n|poke|p1|Tornadus, M|\n|poke|p1|Malamar, M|\n|poke|p1|Gothitelle, M|\n|poke|p1|Charizard, M|\n|poke|p1|Garchomp, M|\n|poke|p2|Scream Tail|\n|poke|p2|Flutter Mane|\n|poke|p2|Gothitelle, F|\n|poke|p2|Palafin, M|\n|poke|p2|Arcanine, M|\n|poke|p2|Amoonguss, M|\n|teampreview\n|\n|t:|1697848189\n|start\n|switch|p1a: Charizard|Charizard, M|100\/100\n|switch|p1b: Lilligant|Lilligant-Hisui, F|100\/100\n|switch|p2a: Flutter Mane|Flutter Mane|100\/100\n|switch|p2b: Gothitelle|Gothitelle, F|100\/100\n|-enditem|p2a: Flutter Mane|Booster Energy\n|-activate|p2a: Flutter Mane|ability: Protosynthesis|[fromitem]\n|-start|p2a: Flutter Mane|protosynthesisspe\n|turn|1\n|\n|t:|1697848211\n|detailschange|p1a: Charizard|Charizard-Mega-Y, M\n|-mega|p1a: Charizard|Charizard|Charizardite Y\n|-weather|SunnyDay|[from] ability: Drought|[of] p1a: Charizard\n|move|p2b: Gothitelle|Fake Out|p1b: Lilligant\n|-damage|p1b: Lilligant|91\/100\n|cant|p1b: Lilligant|flinch\n|move|p2a: Flutter Mane|Perish Song|p2a: Flutter Mane\n|-start|p1a: Charizard|perish3|[silent]\n|-start|p1b: Lilligant|perish3|[silent]\n|-start|p2a: Flutter Mane|perish3|[silent]\n|-start|p2b: Gothitelle|perish3|[silent]\n|-fieldactivate|move: Perish Song\n|move|p1a: Charizard|Heat Wave|p2a: Flutter Mane|[spread] p2a,p2b\n|-damage|p2a: Flutter Mane|46\/100\n|-damage|p2b: Gothitelle|37\/100\n|\n|-weather|SunnyDay|[upkeep]\n|-start|p1b: Lilligant|perish3\n|-start|p2a: Flutter Mane|perish3\n|-start|p1a: Charizard|perish3\n|-start|p2b: Gothitelle|perish3\n|upkeep\n|turn|2\n|\n|t:|1697848239\n|move|p2a: Flutter Mane|Protect|p2a: Flutter Mane\n|-singleturn|p2a: Flutter Mane|Protect\n|move|p2b: Gothitelle|Protect|p2b: Gothitelle\n|-singleturn|p2b: Gothitelle|Protect\n|move|p1b: Lilligant|Entrainment|p1a: Charizard\n|-endability|p1a: Charizard|Drought|[from] move: Entrainment\n|-ability|p1a: Charizard|Chlorophyll|[from] move: Entrainment\n|move|p1a: Charizard|Heat Wave|p2a: Flutter Mane|[spread] \n|-activate|p2a: Flutter Mane|move: Protect\n|-activate|p2b: Gothitelle|move: Protect\n|\n|-weather|SunnyDay|[upkeep]\n|-start|p1b: Lilligant|perish2\n|-start|p2a: Flutter Mane|perish2\n|-start|p1a: Charizard|perish2\n|-start|p2b: Gothitelle|perish2\n|upkeep\n|turn|3\n|inactive|Battle timer is ON: inactive players will automatically lose when time's up. (requested by AdvancedDigit)\n|\n|t:|1697848291\n|move|p1b: Lilligant|Acrobatics|p2a: Flutter Mane\n|-damage|p2a: Flutter Mane|0 fnt\n|faint|p2a: Flutter Mane\n|-end|p2a: Flutter Mane|Protosynthesis|[silent]\n|move|p1a: Charizard|Heat Wave|p2b: Gothitelle\n|-damage|p2b: Gothitelle|0 fnt\n|faint|p2b: Gothitelle\n|\n|-weather|SunnyDay|[upkeep]\n|-start|p1b: Lilligant|perish1\n|-start|p1a: Charizard|perish1\n|upkeep\n|\n|t:|1697848306\n|switch|p2a: Arcanine|Arcanine, M|100\/100\n|switch|p2b: Palafin|Palafin, M|100\/100\n|-ability|p2a: Arcanine|Intimidate|boost\n|-unboost|p1a: Charizard|atk|1\n|-unboost|p1b: Lilligant|atk|1\n|turn|4\n|\n|t:|1697848325\n|switch|p1b: Tornadus|Tornadus, M|100\/100\n|switch|p1a: Gothitelle|Gothitelle, M|100\/100\n|-terastallize|p2b: Palafin|Water\n|move|p2b: Palafin|Jet Punch|p1a: Gothitelle\n|-damage|p1a: Gothitelle|84\/100\n|move|p2a: Arcanine|Flare Blitz|p1b: Tornadus\n|-damage|p1b: Tornadus|0 fnt\n|faint|p1b: Tornadus\n|-damage|p2a: Arcanine|75\/100|[from] Recoil\n|\n|-weather|SunnyDay|[upkeep]\n|-heal|p1a: Gothitelle|90\/100|[from] item: Leftovers\n|upkeep\n|\n|t:|1697848341\n|switch|p1b: Malamar|Malamar, M|100\/100\n|turn|5\n|inactive|Ax0lol has 120 seconds left.\n|\n|t:|1697848373\n|move|p2b: Palafin|Protect|p2b: Palafin\n|-singleturn|p2b: Palafin|Protect\n|move|p1a: Gothitelle|Fake Out|p2b: Palafin\n|-activate|p2b: Palafin|move: Protect\n|move|p2a: Arcanine|Flare Blitz|p1b: Malamar\n|-damage|p1b: Malamar|32\/100\n|-damage|p2a: Arcanine|52\/100|[from] Recoil\n|move|p1b: Malamar|Superpower|p2a: Arcanine\n|-damage|p2a: Arcanine|14\/100\n|-boost|p1b: Malamar|atk|1\n|-boost|p1b: Malamar|def|1\n|\n|-weather|none\n|-heal|p1b: Malamar|38\/100|[from] item: Leftovers\n|-heal|p1a: Gothitelle|96\/100|[from] item: Leftovers\n|upkeep\n|turn|6\n|inactive|Ax0lol has 120 seconds left.\n|\n|t:|1697848407\n|move|p2b: Palafin|Jet Punch|p1a: Gothitelle\n|-damage|p1a: Gothitelle|63\/100\n|move|p2a: Arcanine|Flare Blitz|p1a: Gothitelle\n|-damage|p1a: Gothitelle|19\/100\n|-damage|p2a: Arcanine|1\/100|[from] Recoil\n|move|p1b: Malamar|Rock Slide|p2b: Palafin|[spread] p2a,p2b\n|-supereffective|p2a: Arcanine\n|-damage|p2a: Arcanine|0 fnt\n|-damage|p2b: Palafin|67\/100\n|faint|p2a: Arcanine\n|move|p1a: Gothitelle|Toxic|p2b: Palafin\n|-status|p2b: Palafin|tox\n|\n|-heal|p1b: Malamar|44\/100|[from] item: Leftovers\n|-heal|p1a: Gothitelle|25\/100|[from] item: Leftovers\n|-damage|p2b: Palafin|61\/100 tox|[from] psn\n|upkeep\n|\n|t:|1697848426\n|switch|p2a: Amoonguss|Amoonguss, M|100\/100\n|turn|7\n|\n|t:|1697848438\n|move|p2a: Amoonguss|Rage Powder|p2a: Amoonguss\n|-singleturn|p2a: Amoonguss|move: Rage Powder\n|move|p2b: Palafin|Jet Punch|p1a: Gothitelle\n|-damage|p1a: Gothitelle|0 fnt\n|faint|p1a: Gothitelle\n|move|p1b: Malamar|Knock Off|p2a: Amoonguss\n|-damage|p2a: Amoonguss|31\/100\n|-enditem|p2a: Amoonguss|Mental Herb|[from] move: Knock Off|[of] p1b: Malamar\n|\n|-heal|p1b: Malamar|50\/100|[from] item: Leftovers\n|-damage|p2b: Palafin|49\/100 tox|[from] psn\n|upkeep\n|\n|t:|1697848453\n|switch|p1a: Charizard|Charizard-Mega-Y, M|100\/100\n|-weather|SunnyDay|[from] ability: Drought|[of] p1a: Charizard\n|turn|8\n|\n|t:|1697848469\n|detailschange|p2b: Palafin|Palafin-Hero, M, tera:Water\n|switch|p2b: Scream Tail|Scream Tail|100\/100\n|-activate|p2b: Scream Tail|ability: Protosynthesis\n|-start|p2b: Scream Tail|protosynthesisspe\n|move|p2a: Amoonguss|Protect|p2a: Amoonguss\n|-singleturn|p2a: Amoonguss|Protect\n|move|p1a: Charizard|Heat Wave|p2a: Amoonguss|[spread] p2b\n|-activate|p2a: Amoonguss|move: Protect\n|-damage|p2b: Scream Tail|52\/100\n|move|p1b: Malamar|Superpower|p2b: Scream Tail\n|-resisted|p2b: Scream Tail\n|-damage|p2b: Scream Tail|40\/100\n|-boost|p1b: Malamar|atk|1\n|-boost|p1b: Malamar|def|1\n|\n|-weather|SunnyDay|[upkeep]\n|-heal|p1b: Malamar|56\/100|[from] item: Leftovers\n|upkeep\n|turn|9\n|\n|t:|1697848499\n|move|p2b: Scream Tail|Play Rough|p1a: Charizard|[miss]\n|-miss|p2b: Scream Tail|p1a: Charizard\n|move|p1a: Charizard|Heat Wave|p2b: Scream Tail|[spread] p2a,p2b\n|-supereffective|p2a: Amoonguss\n|-damage|p2a: Amoonguss|0 fnt\n|-damage|p2b: Scream Tail|0 fnt\n|faint|p2a: Amoonguss\n|faint|p2b: Scream Tail\n|-end|p2b: Scream Tail|Protosynthesis|[silent]\n|move|p1b: Malamar|Rock Slide|p2: Amoonguss|[notarget]\n|-fail|p1b: Malamar\n|\n|-weather|SunnyDay|[upkeep]\n|-heal|p1b: Malamar|62\/100|[from] item: Leftovers\n|upkeep\n|inactive|Ax0lol has 120 seconds left.\n|c|\u2606AdvancedDigit|gg\n|\n|t:|1697848515\n|switch|p2b: Palafin|Palafin-Hero, M, tera:Water|49\/100 tox\n|-activate|p2b: Palafin|ability: Zero to Hero\n|turn|10\n|\n|t:|1697848524\n|move|p2b: Palafin|Jet Punch|p1a: Charizard\n|-supereffective|p1a: Charizard\n|-damage|p1a: Charizard|14\/100\n|move|p1a: Charizard|Hidden Power|p2b: Palafin\n|-supereffective|p2b: Palafin\n|-damage|p2b: Palafin|0 fnt\n|faint|p2b: Palafin\n|\n|win|AdvancedDigit\n|raw|AdvancedDigit's rating: 1265 &rarr; <strong>1290<\/strong><br \/>(+25 for winning)\n|raw|Ax0lol's rating: 1261 &rarr; <strong>1236<\/strong><br \/>(-25 for losing)\n","uploadtime":1697848531,"views":9,"p1id":"advanceddigit","p2id":"ax0lol","formatid":"gen9nationaldexdoubles","rating":1236,"private":0,"password":""}