{"id":"gen9nationaldexdoubles-1956240539","p1":"PJewe","p2":"harvestmarc","format":"[Gen 9] National Dex Doubles","log":"|j|\u2606PJewe\n|j|\u2606harvestmarc\n|t:|1696088762\n|gametype|doubles\n|player|p1|PJewe|wallace|\n|player|p2|harvestmarc|caitlin|\n|teamsize|p1|6\n|teamsize|p2|6\n|gen|9\n|tier|[Gen 9] National Dex Doubles\n|rule|HP Percentage Mod: HP is shown in percentages\n|rule|Endless Battle Clause: Forcing endless battles is banned\n|rule|OHKO Clause: OHKO moves are banned\n|rule|Evasion Moves Clause: Evasion moves are banned\n|rule|Evasion Abilities Clause: Evasion abilities are banned\n|rule|Species Clause: Limit one of each Pok\u00e9mon\n|rule|Gravity Sleep Clause: The combination of sleep-inducing moves with imperfect accuracy and Gravity or Gigantamax Orbeetle are banned\n|clearpoke\n|poke|p1|Ambipom, F|\n|poke|p1|Pelipper, F|\n|poke|p1|Gastrodon, F|\n|poke|p1|Overqwil, M|\n|poke|p1|Amoonguss, F|\n|poke|p1|Gholdengo|\n|poke|p2|Lilligant-Hisui, F|\n|poke|p2|Indeedee-F, F|\n|poke|p2|Torkoal, M|\n|poke|p2|Hatterene, F|\n|poke|p2|Armarouge, M|\n|poke|p2|Ursaluna, F|\n|teampreview\n|j| german_mg53\n|c| german_mg53|ya estamos\n|c| german_mg53|venustatas\n|\n|t:|1696088793\n|start\n|switch|p1a: dula pelippa|Pelipper, F|100\/100\n|switch|p1b: pringosa|Gastrodon, F|100\/100\n|switch|p2a: Manierista|Indeedee-F, F, shiny|100\/100\n|switch|p2b: Expresionismo|Armarouge, M|100\/100\n|-fieldstart|move: Psychic Terrain|[from] ability: Psychic Surge|[of] p2a: Manierista\n|-weather|RainDance|[from] ability: Drizzle|[of] p1a: dula pelippa\n|turn|1\n|c| german_mg53|venustatas\n|\n|t:|1696088819\n|-terastallize|p2b: Expresionismo|Grass\n|move|p2b: Expresionismo|Expanding Force|p1a: dula pelippa|[spread] p1a,p1b\n|-damage|p1a: dula pelippa|10\/100\n|-damage|p1b: pringosa|38\/100\n|-enditem|p1b: pringosa|Sitrus Berry|[eat]\n|-heal|p1b: pringosa|63\/100|[from] item: Sitrus Berry\n|move|p1a: dula pelippa|Surf|p2b: Expresionismo|[spread] p2a,p2b\n|-ability|p1b: pringosa|Storm Drain|boost\n|-boost|p1b: pringosa|spa|1\n|-resisted|p2b: Expresionismo\n|-damage|p2a: Manierista|79\/100\n|-damage|p2b: Expresionismo|82\/100\n|move|p1b: pringosa|Earth Power|p2b: Expresionismo\n|-resisted|p2b: Expresionismo\n|-damage|p2b: Expresionismo|54\/100\n|move|p2a: Manierista|Trick Room|p2a: Manierista\n|-fieldstart|move: Trick Room|[of] p2a: Manierista\n|\n|-weather|RainDance|[upkeep]\n|upkeep\n|turn|2\n|\n|t:|1696088840\n|-terastallize|p1b: pringosa|Fire\n|move|p2a: Manierista|Helping Hand|p2b: Expresionismo\n|-singleturn|p2b: Expresionismo|Helping Hand|[of] p2a: Manierista\n|move|p1b: pringosa|Hidden Power|p2b: Expresionismo\n|-start|p2b: Expresionismo|ability: Flash Fire\n|move|p1a: dula pelippa|Hurricane|p2b: Expresionismo\n|-supereffective|p2b: Expresionismo\n|-damage|p2b: Expresionismo|0 fnt\n|faint|p2b: Expresionismo\n|\n|-weather|RainDance|[upkeep]\n|upkeep\n|\n|t:|1696088860\n|switch|p2b: Rom\u00e1nico|Ursaluna, F|100\/100\n|turn|3\n|\n|t:|1696088889\n|move|p2b: Rom\u00e1nico|Protect|p2b: Rom\u00e1nico\n|-singleturn|p2b: Rom\u00e1nico|Protect\n|move|p1b: pringosa|Ice Beam|p2b: Rom\u00e1nico\n|-activate|p2b: Rom\u00e1nico|move: Protect\n|move|p1a: dula pelippa|Surf|p2a: Manierista|[spread] p2a\n|-activate|p2b: Rom\u00e1nico|move: Protect\n|-ability|p1b: pringosa|Storm Drain|boost\n|-boost|p1b: pringosa|spa|1\n|-damage|p2a: Manierista|56\/100\n|move|p2a: Manierista|Dazzling Gleam|p1a: dula pelippa|[spread] p1a,p1b\n|-resisted|p1b: pringosa\n|-damage|p1a: dula pelippa|0 fnt\n|-damage|p1b: pringosa|58\/100\n|faint|p1a: dula pelippa\n|\n|-weather|RainDance|[upkeep]\n|-status|p2b: Rom\u00e1nico|brn|[from] item: Flame Orb\n|upkeep\n|\n|t:|1696088921\n|switch|p1a: k11l the rich|Gholdengo|100\/100\n|turn|4\n|\n|t:|1696088955\n|move|p2a: Manierista|Helping Hand|p2b: Rom\u00e1nico\n|-singleturn|p2b: Rom\u00e1nico|Helping Hand|[of] p2a: Manierista\n|move|p1b: pringosa|Ice Beam|p2b: Rom\u00e1nico\n|-supereffective|p2b: Rom\u00e1nico\n|-damage|p2b: Rom\u00e1nico|26\/100 brn\n|move|p2b: Rom\u00e1nico|Earthquake|p1a: k11l the rich|[spread] p2a,p1a,p1b\n|-supereffective|p1a: k11l the rich\n|-supereffective|p1b: pringosa\n|-damage|p2a: Manierista|0 fnt\n|-damage|p1a: k11l the rich|0 fnt\n|-damage|p1b: pringosa|0 fnt\n|faint|p2a: Manierista\n|faint|p1a: k11l the rich\n|faint|p1b: pringosa\n|\n|-weather|RainDance|[upkeep]\n|-damage|p2b: Rom\u00e1nico|20\/100 brn|[from] brn\n|upkeep\n|\n|t:|1696088976\n|switch|p1b: pim pam|Ambipom, F|100\/100\n|switch|p2a: Rococ\u00f3|Hatterene, F, shiny|100\/100\n|switch|p1a: sus|Amoonguss, F|100\/100\n|turn|5\n|\n|t:|1696088990\n|move|p2a: Rococ\u00f3|Psychic|p1a: sus\n|-supereffective|p1a: sus\n|-damage|p1a: sus|0 fnt\n|faint|p1a: sus\n|-damage|p2a: Rococ\u00f3|91\/100|[from] item: Life Orb\n|move|p2b: Rom\u00e1nico|Facade|p1b: pim pam\n|-crit|p1b: pim pam\n|-damage|p1b: pim pam|0 fnt\n|faint|p1b: pim pam\n|\n|-weather|RainDance|[upkeep]\n|-damage|p2b: Rom\u00e1nico|14\/100 brn|[from] brn\n|-fieldend|move: Trick Room\n|-fieldend|move: Psychic Terrain\n|upkeep\n|\n|t:|1696089021\n|switch|p1b: man ipulate|Overqwil, M|100\/100\n|-ability|p1b: man ipulate|Intimidate|boost\n|-unboost|p2a: Rococ\u00f3|atk|1\n|-unboost|p2b: Rom\u00e1nico|atk|1\n|turn|6\n|\n|t:|1696089034\n|move|p1b: man ipulate|Crunch|p2b: Rom\u00e1nico\n|-damage|p2b: Rom\u00e1nico|0 fnt\n|faint|p2b: Rom\u00e1nico\n|move|p2a: Rococ\u00f3|Tera Blast|p1b: man ipulate\n|-damage|p1b: man ipulate|42\/100\n|-damage|p2a: Rococ\u00f3|81\/100|[from] item: Life Orb\n|\n|-weather|RainDance|[upkeep]\n|-heal|p1b: man ipulate|48\/100|[from] item: Leftovers\n|upkeep\n|\n|t:|1696089044\n|switch|p2b: Barroca|Lilligant-Hisui, F|100\/100\n|turn|7\n|\n|t:|1696089067\n|move|p2b: Barroca|After You|p2a: Rococ\u00f3\n|-activate|p2a: Rococ\u00f3|move: After You\n|move|p2a: Rococ\u00f3|Tera Blast|p1b: man ipulate\n|-damage|p1b: man ipulate|0 fnt\n|faint|p1b: man ipulate\n|-damage|p2a: Rococ\u00f3|71\/100|[from] item: Life Orb\n|\n|win|harvestmarc\n","uploadtime":1696089092,"views":8,"p1id":"pjewe","p2id":"harvestmarc","formatid":"gen9nationaldexdoubles","rating":0,"private":0,"password":""}