{"id":"gen9nationaldexdoubles-1988638467","p1":"Slash Death","p2":"Pancake Tuesday","format":"[Gen 9] National Dex Doubles","log":"|j|\u2606Slash Death\n|j|\u2606Pancake Tuesday\n|t:|1699744881\n|gametype|doubles\n|player|p1|Slash Death|unknown|\n|player|p2|Pancake Tuesday|pokemaniac|\n|teamsize|p1|6\n|teamsize|p2|6\n|gen|9\n|tier|[Gen 9] National Dex Doubles\n|rule|HP Percentage Mod: HP is shown in percentages\n|rule|Endless Battle Clause: Forcing endless battles is banned\n|rule|OHKO Clause: OHKO moves are banned\n|rule|Evasion Moves Clause: Evasion moves are banned\n|rule|Evasion Abilities Clause: Evasion abilities are banned\n|rule|Species Clause: Limit one of each Pok\u00e9mon\n|rule|Gravity Sleep Clause: The combination of sleep-inducing moves with imperfect accuracy and Gravity or Gigantamax Orbeetle are banned\n|clearpoke\n|poke|p1|Ting-Lu|\n|poke|p1|Iron Hands|\n|poke|p1|Palafin, F|\n|poke|p1|Rillaboom, M|\n|poke|p1|Jirachi|\n|poke|p1|Diancie|\n|poke|p2|Lucario, M|\n|poke|p2|Chien-Pao|\n|poke|p2|Tapu Fini|\n|poke|p2|Cresselia, F|\n|poke|p2|Zamazenta-*|\n|poke|p2|Zygarde|\n|teampreview\n|\n|t:|1699744924\n|start\n|switch|p1a: Super Dumbass|Palafin, F|100\/100\n|switch|p1b: To a T|Iron Hands|100\/100\n|switch|p2a: Cresselia|Cresselia, F, shiny|100\/100\n|switch|p2b: Zamazenta|Zamazenta, shiny|100\/100\n|-ability|p2b: Zamazenta|Dauntless Shield|boost\n|-boost|p2b: Zamazenta|def|1\n|turn|1\n|\n|t:|1699744935\n|detailschange|p1a: Super Dumbass|Palafin-Hero, F\n|switch|p1a: Minerals|Diancie|100\/100\n|move|p1b: To a T|Fake Out|p2b: Zamazenta\n|-damage|p2b: Zamazenta|92\/100\n|cant|p2b: Zamazenta|flinch\n|move|p2a: Cresselia|Calm Mind|p2a: Cresselia\n|-boost|p2a: Cresselia|spa|1\n|-boost|p2a: Cresselia|spd|1\n|\n|upkeep\n|turn|2\n|\n|t:|1699744949\n|-end|p1b: To a T|Quark Drive|[silent]\n|switch|p1b: Wishes coming true|Jirachi|100\/100\n|move|p2b: Zamazenta|Coaching|p2a: Cresselia\n|-boost|p2a: Cresselia|atk|1\n|-boost|p2a: Cresselia|def|1\n|move|p2a: Cresselia|Calm Mind|p2a: Cresselia\n|-boost|p2a: Cresselia|spa|1\n|-boost|p2a: Cresselia|spd|1\n|move|p1a: Minerals|Trick Room|p1a: Minerals\n|-fieldstart|move: Trick Room|[of] p1a: Minerals\n|\n|upkeep\n|turn|3\n|\n|t:|1699744976\n|move|p1a: Minerals|Moonblast|p2b: Zamazenta\n|-supereffective|p2b: Zamazenta\n|-damage|p2b: Zamazenta|35\/100\n|-unboost|p2b: Zamazenta|spa|1\n|move|p2a: Cresselia|Stored Power|p1a: Minerals\n|-damage|p1a: Minerals|46\/100\n|-enditem|p1a: Minerals|Sitrus Berry|[eat]\n|-heal|p1a: Minerals|71\/100|[from] item: Sitrus Berry\n|move|p1b: Wishes coming true|Toxic|p2a: Cresselia|[miss]\n|-miss|p1b: Wishes coming true|p2a: Cresselia\n|move|p2b: Zamazenta|Body Press|p1b: Wishes coming true\n|-damage|p1b: Wishes coming true|72\/100\n|\n|upkeep\n|turn|4\n|\n|t:|1699745012\n|switch|p2b: Tapu Fini|Tapu Fini, shiny|100\/100\n|-fieldstart|move: Misty Terrain|[from] ability: Misty Surge|[of] p2b: Tapu Fini\n|move|p1b: Wishes coming true|Follow Me|p1b: Wishes coming true\n|-singleturn|p1b: Wishes coming true|move: Follow Me\n|move|p1a: Minerals|Moonblast|p2b: Tapu Fini\n|-damage|p2b: Tapu Fini|75\/100\n|-unboost|p2b: Tapu Fini|spa|1\n|move|p2a: Cresselia|Calm Mind|p2a: Cresselia\n|-boost|p2a: Cresselia|spa|1\n|-boost|p2a: Cresselia|spd|1\n|\n|-heal|p2b: Tapu Fini|81\/100|[from] item: Leftovers\n|upkeep\n|turn|5\n|\n|t:|1699745051\n|move|p1a: Minerals|Protect|p1a: Minerals\n|-singleturn|p1a: Minerals|Protect\n|move|p2a: Cresselia|Stored Power|p1b: Wishes coming true\n|-resisted|p1b: Wishes coming true\n|-damage|p1b: Wishes coming true|48\/100\n|move|p2b: Tapu Fini|Moonblast|p1a: Minerals\n|-activate|p1a: Minerals|move: Protect\n|move|p1b: Wishes coming true|Stealth Rock|p2b: Tapu Fini\n|-sidestart|p2: Pancake Tuesday|move: Stealth Rock\n|\n|-heal|p2b: Tapu Fini|87\/100|[from] item: Leftovers\n|upkeep\n|turn|6\n|\n|t:|1699745070\n|switch|p1a: Bowl of Cereal|Ting-Lu|100\/100\n|-ability|p1a: Bowl of Cereal|Vessel of Ruin\n|move|p2b: Tapu Fini|Moonblast|p1a: Bowl of Cereal\n|-supereffective|p1a: Bowl of Cereal\n|-damage|p1a: Bowl of Cereal|80\/100\n|-unboost|p1a: Bowl of Cereal|spa|1\n|move|p2a: Cresselia|Stored Power|p1a: Bowl of Cereal\n|-immune|p1a: Bowl of Cereal\n|move|p1b: Wishes coming true|Toxic|p2a: Cresselia\n|-status|p2a: Cresselia|tox\n|\n|-heal|p1a: Bowl of Cereal|86\/100|[from] item: Leftovers\n|-heal|p2b: Tapu Fini|94\/100|[from] item: Leftovers\n|-damage|p2a: Cresselia|94\/100 tox|[from] psn\n|-fieldend|move: Trick Room\n|upkeep\n|turn|7\n|\n|t:|1699745103\n|move|p1b: Wishes coming true|Iron Head|p2b: Tapu Fini\n|-damage|p2b: Tapu Fini|74\/100\n|cant|p2b: Tapu Fini|flinch\n|move|p2a: Cresselia|Stored Power|p1b: Wishes coming true\n|-resisted|p1b: Wishes coming true\n|-damage|p1b: Wishes coming true|27\/100\n|move|p1a: Bowl of Cereal|Ruination|p2a: Cresselia|[miss]\n|-miss|p1a: Bowl of Cereal|p2a: Cresselia\n|\n|-heal|p2b: Tapu Fini|80\/100|[from] item: Leftovers\n|-heal|p1a: Bowl of Cereal|93\/100|[from] item: Leftovers\n|-damage|p2a: Cresselia|82\/100 tox|[from] psn\n|upkeep\n|turn|8\n|\n|t:|1699745121\n|move|p1b: Wishes coming true|Follow Me|p1b: Wishes coming true\n|-singleturn|p1b: Wishes coming true|move: Follow Me\n|move|p2a: Cresselia|Lunar Blessing|p2a: Cresselia|[spread] p2a,p2b\n|-heal|p2a: Cresselia|100\/100 tox\n|-curestatus|p2a: Cresselia|tox|[msg]\n|-heal|p2b: Tapu Fini|100\/100\n|move|p2b: Tapu Fini|Muddy Water|p1a: Bowl of Cereal|[spread] p1a,p1b\n|-supereffective|p1a: Bowl of Cereal\n|-damage|p1a: Bowl of Cereal|78\/100\n|-damage|p1b: Wishes coming true|17\/100\n|move|p1a: Bowl of Cereal|Ruination|p2a: Cresselia\n|-damage|p2a: Cresselia|50\/100\n|\n|-heal|p1a: Bowl of Cereal|85\/100|[from] item: Leftovers\n|-fieldend|Misty Terrain\n|upkeep\n|turn|9\n|\n|t:|1699745140\n|move|p1b: Wishes coming true|Toxic|p2a: Cresselia\n|-status|p2a: Cresselia|tox\n|move|p2b: Tapu Fini|Muddy Water|p1b: Wishes coming true|[spread] p1a,p1b\n|-supereffective|p1a: Bowl of Cereal\n|-damage|p1a: Bowl of Cereal|71\/100\n|-damage|p1b: Wishes coming true|5\/100\n|move|p2a: Cresselia|Lunar Blessing|p2a: Cresselia|[spread] p2a,p2b\n|-heal|p2a: Cresselia|75\/100 tox\n|-curestatus|p2a: Cresselia|tox|[msg]\n|move|p1a: Bowl of Cereal|Ruination|p2a: Cresselia\n|-damage|p2a: Cresselia|38\/100\n|\n|-heal|p1a: Bowl of Cereal|77\/100|[from] item: Leftovers\n|upkeep\n|turn|10\n|\n|t:|1699745158\n|move|p1b: Wishes coming true|Iron Head|p2a: Cresselia\n|-damage|p2a: Cresselia|29\/100\n|cant|p2a: Cresselia|flinch\n|move|p2b: Tapu Fini|Calm Mind|p2b: Tapu Fini\n|-boost|p2b: Tapu Fini|spa|1\n|-boost|p2b: Tapu Fini|spd|1\n|move|p1a: Bowl of Cereal|Ruination|p2a: Cresselia\n|-damage|p2a: Cresselia|15\/100\n|\n|-heal|p1a: Bowl of Cereal|83\/100|[from] item: Leftovers\n|upkeep\n|turn|11\n|\n|t:|1699745187\n|switch|p1b: King Dunk|Rillaboom, M|100\/100\n|-fieldstart|move: Grassy Terrain|[from] ability: Grassy Surge|[of] p1b: King Dunk\n|move|p2a: Cresselia|Lunar Blessing|p2a: Cresselia|[spread] p2a,p2b\n|-heal|p2a: Cresselia|40\/100\n|move|p2b: Tapu Fini|Calm Mind|p2b: Tapu Fini\n|-boost|p2b: Tapu Fini|spa|1\n|-boost|p2b: Tapu Fini|spd|1\n|move|p1a: Bowl of Cereal|Ruination|p2a: Cresselia\n|-damage|p2a: Cresselia|20\/100\n|\n|-heal|p1a: Bowl of Cereal|89\/100|[from] Grassy Terrain\n|-heal|p1a: Bowl of Cereal|95\/100|[from] item: Leftovers\n|upkeep\n|turn|12\n|\n|t:|1699745216\n|move|p2b: Tapu Fini|Protect|p2b: Tapu Fini\n|-singleturn|p2b: Tapu Fini|Protect\n|move|p2a: Cresselia|Protect|p2a: Cresselia\n|-singleturn|p2a: Cresselia|Protect\n|move|p1b: King Dunk|U-turn|p2a: Cresselia\n|-activate|p2a: Cresselia|move: Protect\n|move|p1a: Bowl of Cereal|Ruination|p2b: Tapu Fini\n|-activate|p2b: Tapu Fini|move: Protect\n|\n|-heal|p1a: Bowl of Cereal|100\/100|[from] Grassy Terrain\n|upkeep\n|turn|13\n|\n|t:|1699745235\n|move|p2a: Cresselia|Lunar Blessing|p2a: Cresselia|[spread] p2a,p2b\n|-heal|p2a: Cresselia|45\/100\n|move|p2b: Tapu Fini|Moonblast|p1b: King Dunk\n|-damage|p1b: King Dunk|71\/100\n|-unboost|p1b: King Dunk|spa|1\n|move|p1b: King Dunk|U-turn|p2a: Cresselia\n|-supereffective|p2a: Cresselia\n|-damage|p2a: Cresselia|27\/100\n|\n|t:|1699745248\n|switch|p1b: Wishes coming true|Jirachi|5\/100|[from] U-turn\n|move|p1a: Bowl of Cereal|Ruination|p2b: Tapu Fini\n|-damage|p2b: Tapu Fini|50\/100\n|\n|-heal|p1b: Wishes coming true|11\/100|[from] Grassy Terrain\n|-heal|p2b: Tapu Fini|57\/100|[from] Grassy Terrain\n|-heal|p2b: Tapu Fini|63\/100|[from] item: Leftovers\n|upkeep\n|turn|14\n|\n|t:|1699745278\n|move|p1b: Wishes coming true|Iron Head|p2a: Cresselia\n|-crit|p2a: Cresselia\n|-damage|p2a: Cresselia|4\/100\n|move|p2a: Cresselia|Stored Power|p1b: Wishes coming true\n|-resisted|p1b: Wishes coming true\n|-damage|p1b: Wishes coming true|0 fnt\n|faint|p1b: Wishes coming true\n|move|p2b: Tapu Fini|Muddy Water|p1a: Bowl of Cereal|[miss]\n|-miss|p2b: Tapu Fini|p1a: Bowl of Cereal\n|move|p1a: Bowl of Cereal|Ruination|p2a: Cresselia\n|-damage|p2a: Cresselia|2\/100\n|\n|-heal|p2b: Tapu Fini|69\/100|[from] Grassy Terrain\n|-heal|p2b: Tapu Fini|75\/100|[from] item: Leftovers\n|upkeep\n|\n|t:|1699745287\n|switch|p1b: King Dunk|Rillaboom, M|71\/100\n|turn|15\n|\n|t:|1699745307\n|move|p1b: King Dunk|Fake Out|p2a: Cresselia\n|-damage|p2a: Cresselia|0 fnt\n|faint|p2a: Cresselia\n|move|p2b: Tapu Fini|Muddy Water|p1a: Bowl of Cereal|[spread] p1a\n|-miss|p2b: Tapu Fini|p1b: King Dunk\n|-supereffective|p1a: Bowl of Cereal\n|-damage|p1a: Bowl of Cereal|70\/100\n|move|p1a: Bowl of Cereal|Spikes|p2b: Tapu Fini\n|-sidestart|p2: Pancake Tuesday|Spikes\n|\n|-heal|p1b: King Dunk|77\/100|[from] Grassy Terrain\n|-heal|p2b: Tapu Fini|81\/100|[from] Grassy Terrain\n|-heal|p2b: Tapu Fini|87\/100|[from] item: Leftovers\n|-heal|p1a: Bowl of Cereal|76\/100|[from] Grassy Terrain\n|-heal|p1a: Bowl of Cereal|83\/100|[from] item: Leftovers\n|-fieldend|move: Grassy Terrain\n|upkeep\n|\n|t:|1699745328\n|switch|p2a: Chien-Pao|Chien-Pao|100\/100\n|-damage|p2a: Chien-Pao|76\/100|[from] Stealth Rock\n|-damage|p2a: Chien-Pao|63\/100|[from] Spikes\n|-ability|p2a: Chien-Pao|Sword of Ruin\n|turn|16\n|\n|t:|1699745353\n|switch|p1b: Super Dumbass|Palafin-Hero, F|100\/100\n|-activate|p1b: Super Dumbass|ability: Zero to Hero\n|switch|p1a: To a T|Iron Hands|100\/100\n|move|p2a: Chien-Pao|Icicle Crash|p1a: To a T|[miss]\n|-miss|p2a: Chien-Pao|p1a: To a T\n|move|p2b: Tapu Fini|Moonblast|p1b: Super Dumbass\n|-damage|p1b: Super Dumbass|53\/100\n|\n|-heal|p2b: Tapu Fini|93\/100|[from] item: Leftovers\n|upkeep\n|turn|17\n|\n|t:|1699745385\n|-terastallize|p2b: Tapu Fini|Steel\n|move|p2a: Chien-Pao|Protect|p2a: Chien-Pao\n|-singleturn|p2a: Chien-Pao|Protect\n|move|p1a: To a T|Fake Out|p2b: Tapu Fini\n|-resisted|p2b: Tapu Fini\n|-damage|p2b: Tapu Fini|86\/100\n|move|p1b: Super Dumbass|Bulk Up|p1b: Super Dumbass\n|-boost|p1b: Super Dumbass|atk|1\n|-boost|p1b: Super Dumbass|def|1\n|cant|p2b: Tapu Fini|flinch\n|\n|-heal|p2b: Tapu Fini|92\/100|[from] item: Leftovers\n|upkeep\n|turn|18\n|\n|t:|1699745411\n|-terastallize|p1a: To a T|Grass\n|move|p2a: Chien-Pao|Sucker Punch|p1b: Super Dumbass\n|-damage|p1b: Super Dumbass|25\/100\n|move|p1b: Super Dumbass|Jet Punch|p2a: Chien-Pao\n|-damage|p2a: Chien-Pao|0 fnt\n|faint|p2a: Chien-Pao\n|move|p2b: Tapu Fini|Moonblast|p1b: Super Dumbass\n|-damage|p1b: Super Dumbass|0 fnt\n|faint|p1b: Super Dumbass\n|move|p1a: To a T|Drain Punch|p2b: Tapu Fini\n|-supereffective|p2b: Tapu Fini\n|-damage|p2b: Tapu Fini|29\/100\n|\n|-heal|p2b: Tapu Fini|35\/100|[from] item: Leftovers\n|upkeep\n|\n|t:|1699745446\n|switch|p2a: Zamazenta|Zamazenta, shiny|35\/100\n|switch|p1b: Bowl of Cereal|Ting-Lu|83\/100\n|-damage|p2a: Zamazenta|29\/100|[from] Stealth Rock\n|-damage|p2a: Zamazenta|17\/100|[from] Spikes\n|-enditem|p2a: Zamazenta|Aguav Berry|[eat]\n|-heal|p2a: Zamazenta|50\/100|[from] item: Aguav Berry\n|-ability|p1b: Bowl of Cereal|Vessel of Ruin\n|turn|19\n|\n|t:|1699745474\n|move|p2a: Zamazenta|Body Press|p1b: Bowl of Cereal\n|-supereffective|p1b: Bowl of Cereal\n|-damage|p1b: Bowl of Cereal|48\/100\n|move|p2b: Tapu Fini|Moonblast|p1a: To a T\n|-damage|p1a: To a T|79\/100\n|move|p1a: To a T|Drain Punch|p2b: Tapu Fini\n|-supereffective|p2b: Tapu Fini\n|-damage|p2b: Tapu Fini|0 fnt\n|-heal|p1a: To a T|92\/100|[from] drain|[of] p2b: Tapu Fini\n|faint|p2b: Tapu Fini\n|move|p1b: Bowl of Cereal|Spikes|p2a: Zamazenta\n|-sidestart|p2: Pancake Tuesday|Spikes\n|\n|-heal|p1b: Bowl of Cereal|54\/100|[from] item: Leftovers\n|upkeep\n|\n|t:|1699745489\n|switch|p2b: Zygarde|Zygarde, shiny|100\/100\n|-damage|p2b: Zygarde|94\/100|[from] Stealth Rock\n|-damage|p2b: Zygarde|78\/100|[from] Spikes\n|-ability|p2b: Zygarde|Aura Break\n|turn|20\n|\n|t:|1699745500\n|move|p2b: Zygarde|Protect|p2b: Zygarde\n|-singleturn|p2b: Zygarde|Protect\n|move|p2a: Zamazenta|Coaching|p2b: Zygarde\n|-boost|p2b: Zygarde|atk|1\n|-boost|p2b: Zygarde|def|1\n|move|p1a: To a T|Ice Punch|p2b: Zygarde\n|-activate|p2b: Zygarde|move: Protect\n|move|p1b: Bowl of Cereal|Stomping Tantrum|p2b: Zygarde\n|-activate|p2b: Zygarde|move: Protect\n|\n|-heal|p1b: Bowl of Cereal|60\/100|[from] item: Leftovers\n|upkeep\n|turn|21\n|\n|t:|1699745526\n|move|p2b: Zygarde|Extreme Speed|p1a: To a T\n|-damage|p1a: To a T|64\/100\n|move|p2a: Zamazenta|Coaching|p2b: Zygarde\n|-boost|p2b: Zygarde|atk|1\n|-boost|p2b: Zygarde|def|1\n|move|p1a: To a T|Ice Punch|p2b: Zygarde\n|-supereffective|p2b: Zygarde\n|-damage|p2b: Zygarde|31\/100\n|move|p1b: Bowl of Cereal|Ruination|p2b: Zygarde\n|-damage|p2b: Zygarde|16\/100\n|\n|-heal|p1b: Bowl of Cereal|66\/100|[from] item: Leftovers\n|upkeep\n|turn|22\n|\n|t:|1699745555\n|move|p2a: Zamazenta|Play Rough|p1b: Bowl of Cereal\n|-supereffective|p1b: Bowl of Cereal\n|-damage|p1b: Bowl of Cereal|39\/100\n|move|p2b: Zygarde|Thousand Arrows|p1a: To a T|[spread] p1a,p1b\n|-resisted|p1a: To a T\n|-damage|p1a: To a T|44\/100\n|-damage|p1b: Bowl of Cereal|4\/100\n|move|p1a: To a T|Ice Punch|p2b: Zygarde\n|-supereffective|p2b: Zygarde\n|-damage|p2b: Zygarde|0 fnt\n|faint|p2b: Zygarde\n|move|p1b: Bowl of Cereal|Stomping Tantrum|p2a: Zamazenta\n|-damage|p2a: Zamazenta|28\/100\n|\n|-heal|p1b: Bowl of Cereal|10\/100|[from] item: Leftovers\n|upkeep\n|\n|t:|1699745570\n|switch|p2b: Lucario|Lucario, M|100\/100\n|-damage|p2b: Lucario|98\/100|[from] Stealth Rock\n|-damage|p2b: Lucario|81\/100|[from] Spikes\n|turn|23\n|\n|t:|1699745590\n|-end|p1a: To a T|Quark Drive|[silent]\n|switch|p1a: King Dunk|Rillaboom, M|77\/100\n|-fieldstart|move: Grassy Terrain|[from] ability: Grassy Surge|[of] p1a: King Dunk\n|detailschange|p2b: Lucario|Lucario-Mega, M\n|-mega|p2b: Lucario|Lucario|Lucarionite\n|move|p2a: Zamazenta|Body Press|p1a: King Dunk\n|-damage|p1a: King Dunk|46\/100\n|move|p2b: Lucario|Meteor Mash|p1b: Bowl of Cereal\n|-damage|p1b: Bowl of Cereal|0 fnt\n|faint|p1b: Bowl of Cereal\n|\n|-heal|p2a: Zamazenta|34\/100|[from] Grassy Terrain\n|-heal|p2b: Lucario|87\/100|[from] Grassy Terrain\n|-heal|p1a: King Dunk|52\/100|[from] Grassy Terrain\n|upkeep\n|\n|t:|1699745598\n|switch|p1b: Minerals|Diancie|71\/100\n|turn|24\n|\n|t:|1699745621\n|move|p2b: Lucario|Protect|p2b: Lucario\n|-singleturn|p2b: Lucario|Protect\n|move|p1a: King Dunk|Fake Out|p2b: Lucario\n|-activate|p2b: Lucario|move: Protect\n|move|p2a: Zamazenta|Body Press|p1a: King Dunk\n|-damage|p1a: King Dunk|19\/100\n|move|p1b: Minerals|Trick Room|p1b: Minerals\n|-fieldstart|move: Trick Room|[of] p1b: Minerals\n|\n|-heal|p1b: Minerals|77\/100|[from] Grassy Terrain\n|-heal|p1a: King Dunk|25\/100|[from] Grassy Terrain\n|-heal|p2b: Lucario|93\/100|[from] Grassy Terrain\n|-heal|p2a: Zamazenta|40\/100|[from] Grassy Terrain\n|upkeep\n|turn|25\n|\n|t:|1699745639\n|move|p1b: Minerals|Protect|p1b: Minerals\n|-singleturn|p1b: Minerals|Protect\n|move|p2b: Lucario|Bullet Punch|p1b: Minerals\n|-activate|p1b: Minerals|move: Protect\n|move|p1a: King Dunk|Wood Hammer|p2a: Zamazenta\n|-damage|p2a: Zamazenta|0 fnt\n|faint|p2a: Zamazenta\n|-damage|p1a: King Dunk|13\/100|[from] Recoil\n|\n|-heal|p1b: Minerals|83\/100|[from] Grassy Terrain\n|-heal|p1a: King Dunk|19\/100|[from] Grassy Terrain\n|-heal|p2b: Lucario|99\/100|[from] Grassy Terrain\n|upkeep\n|turn|26\n|\n|t:|1699745654\n|move|p2b: Lucario|Bullet Punch|p1b: Minerals\n|-supereffective|p1b: Minerals\n|-damage|p1b: Minerals|0 fnt\n|faint|p1b: Minerals\n|move|p1a: King Dunk|Wood Hammer|p2b: Lucario\n|-resisted|p2b: Lucario\n|-damage|p2b: Lucario|39\/100\n|-damage|p1a: King Dunk|5\/100|[from] Recoil\n|\n|-heal|p1a: King Dunk|12\/100|[from] Grassy Terrain\n|-heal|p2b: Lucario|45\/100|[from] Grassy Terrain\n|upkeep\n|\n|t:|1699745657\n|switch|p1b: To a T|Iron Hands, tera:Grass|44\/100\n|turn|27\n|c|\u2606Pancake Tuesday|ggs\n|\n|t:|1699745678\n|move|p2b: Lucario|Protect|p2b: Lucario\n|-singleturn|p2b: Lucario|Protect\n|move|p1b: To a T|Fake Out|p2b: Lucario\n|-activate|p2b: Lucario|move: Protect\n|move|p1a: King Dunk|Wood Hammer|p2b: Lucario\n|-activate|p2b: Lucario|move: Protect\n|\n|-heal|p1b: To a T|50\/100|[from] Grassy Terrain\n|-heal|p1a: King Dunk|18\/100|[from] Grassy Terrain\n|-heal|p2b: Lucario|51\/100|[from] Grassy Terrain\n|-fieldend|move: Grassy Terrain\n|upkeep\n|turn|28\n|\n|t:|1699745691\n|move|p2b: Lucario|Protect||[still]\n|-fail|p2b: Lucario\n|move|p1b: To a T|Drain Punch|p2b: Lucario\n|-supereffective|p2b: Lucario\n|-damage|p2b: Lucario|0 fnt\n|-heal|p1b: To a T|66\/100|[from] drain|[of] p2b: Lucario\n|faint|p2b: Lucario\n|\n|win|Slash Death\n|c|\u2606Slash Death|Gg\n|c|\u2606Pancake Tuesday|ggs\n|player|p1|Slash Death|unknown\n","uploadtime":1699745720,"views":45,"p1id":"slashdeath","p2id":"pancaketuesday","formatid":"gen9nationaldexdoubles","rating":0,"private":0,"password":""}