{"id":"gen9nationaldexdoubles-1965159030","p1":"MarCoFalco","p2":"The OG Trainer Red","format":"[Gen 9] National Dex Doubles","log":"|j|\u2606MarCoFalco\n|j|\u2606The OG Trainer Red\n|t:|1697047121\n|gametype|doubles\n|player|p1|MarCoFalco|blackbelt-gen4|1293\n|player|p2|The OG Trainer Red|fisherman-gen4|1196\n|teamsize|p1|6\n|teamsize|p2|6\n|gen|9\n|tier|[Gen 9] National Dex Doubles\n|rated|\n|rule|HP Percentage Mod: HP is shown in percentages\n|rule|Endless Battle Clause: Forcing endless battles is banned\n|rule|OHKO Clause: OHKO moves are banned\n|rule|Evasion Moves Clause: Evasion moves are banned\n|rule|Evasion Abilities Clause: Evasion abilities are banned\n|rule|Species Clause: Limit one of each Pok\u00e9mon\n|rule|Gravity Sleep Clause: The combination of sleep-inducing moves with imperfect accuracy and Gravity or Gigantamax Orbeetle are banned\n|clearpoke\n|poke|p1|Steelix, M|\n|poke|p1|Rillaboom, M|\n|poke|p1|Rhydon, F|\n|poke|p1|Baxcalibur, F|\n|poke|p1|Delphox, M|\n|poke|p1|Raikou|\n|poke|p2|Ninetales, F|\n|poke|p2|Leafeon, F|\n|poke|p2|Espeon, F|\n|poke|p2|Indeedee-F, F|\n|poke|p2|Ursaluna-Bloodmoon, M|\n|poke|p2|Umbreon, F|\n|teampreview\n|inactive|Battle timer is ON: inactive players will automatically lose when time's up. (requested by MarCoFalco)\n|\n|t:|1697047145\n|start\n|switch|p1a: Steelix|Steelix, M|100\/100\n|switch|p1b: Delphox|Delphox, M|100\/100\n|switch|p2a: Leafeon|Leafeon, F|100\/100\n|switch|p2b: Indeedee|Indeedee-F, F|100\/100\n|-fieldstart|move: Psychic Terrain|[from] ability: Psychic Surge|[of] p2b: Indeedee\n|turn|1\n|\n|t:|1697047171\n|switch|p2b: Ninetales|Ninetales, F|100\/100\n|-weather|SunnyDay|[from] ability: Drought|[of] p2b: Ninetales\n|-terastallize|p2a: Leafeon|Fire\n|move|p2a: Leafeon|Knock Off|p1b: Delphox\n|-supereffective|p1b: Delphox\n|-damage|p1b: Delphox|21\/100\n|-enditem|p1b: Delphox|Sitrus Berry|[from] move: Knock Off|[of] p2a: Leafeon\n|move|p1b: Delphox|Howl|p1b: Delphox|[spread] p1a,p1b\n|-boost|p1a: Steelix|atk|1\n|-boost|p1b: Delphox|atk|1\n|move|p1a: Steelix|Iron Head|p2a: Leafeon\n|-resisted|p2a: Leafeon\n|-damage|p2a: Leafeon|62\/100\n|\n|-weather|SunnyDay|[upkeep]\n|upkeep\n|turn|2\n|inactive|The OG Trainer Red has 120 seconds left.\n|\n|t:|1697047203\n|move|p1a: Steelix|Protect|p1a: Steelix\n|-singleturn|p1a: Steelix|Protect\n|move|p2a: Leafeon|Knock Off|p1b: Delphox\n|-supereffective|p1b: Delphox\n|-damage|p1b: Delphox|0 fnt\n|faint|p1b: Delphox\n|move|p2b: Ninetales|Flamethrower|p1a: Steelix\n|-activate|p1a: Steelix|move: Protect\n|\n|-weather|SunnyDay|[upkeep]\n|upkeep\n|inactive|MarCoFalco has 120 seconds left.\n|\n|t:|1697047230\n|switch|p1b: Raikou|Raikou|100\/100\n|turn|3\n|\n|t:|1697047239\n|switch|p1a: Baxcalibur|Baxcalibur, F|100\/100\n|move|p2a: Leafeon|Solar Blade||[still]\n|-prepare|p2a: Leafeon|Solar Blade\n|-anim|p2a: Leafeon|Solar Blade|p1b: Raikou\n|-damage|p1b: Raikou|21\/100\n|move|p1b: Raikou|Light Screen|p1b: Raikou\n|-sidestart|p1: MarCoFalco|move: Light Screen\n|move|p2b: Ninetales|Flamethrower|p1a: Baxcalibur\n|-damage|p1a: Baxcalibur|49\/100\n|-ability|p1a: Baxcalibur|Thermal Exchange|boost\n|-boost|p1a: Baxcalibur|atk|1\n|\n|-weather|SunnyDay|[upkeep]\n|upkeep\n|turn|4\n|inactive|The OG Trainer Red has 120 seconds left.\n|inactive|MarCoFalco has 120 seconds left.\n|c|\u2606The OG Trainer Red|do not mess with my eevees\n|inactive|MarCoFalco has 90 seconds left.\n|\n|t:|1697047313\n|switch|p1b: Rillaboom|Rillaboom, M|100\/100\n|-fieldstart|move: Grassy Terrain|[from] ability: Grassy Surge|[of] p1b: Rillaboom\n|move|p1a: Baxcalibur|Protect|p1a: Baxcalibur\n|-singleturn|p1a: Baxcalibur|Protect\n|move|p2a: Leafeon|Knock Off|p1b: Rillaboom\n|-damage|p1b: Rillaboom|80\/100\n|-enditem|p1b: Rillaboom|Covert Cloak|[from] move: Knock Off|[of] p2a: Leafeon\n|move|p2b: Ninetales|Flamethrower|p1a: Baxcalibur\n|-activate|p1a: Baxcalibur|move: Protect\n|\n|-weather|SunnyDay|[upkeep]\n|-heal|p2a: Leafeon|68\/100|[from] Grassy Terrain\n|-heal|p1a: Baxcalibur|55\/100|[from] Grassy Terrain\n|-heal|p1b: Rillaboom|86\/100|[from] Grassy Terrain\n|upkeep\n|turn|5\n|inactive|MarCoFalco has 90 seconds left.\n|inactive|The OG Trainer Red has 120 seconds left.\n|\n|t:|1697047344\n|move|p1b: Rillaboom|Fake Out|p2a: Leafeon\n|-damage|p2a: Leafeon|59\/100\n|cant|p2a: Leafeon|flinch\n|move|p1a: Baxcalibur|Glaive Rush|p2b: Ninetales\n|-damage|p2b: Ninetales|0 fnt\n|-singlemove|p1a: Baxcalibur|Glaive Rush|[silent]\n|faint|p2b: Ninetales\n|\n|-weather|none\n|-heal|p2a: Leafeon|65\/100|[from] Grassy Terrain\n|-heal|p1a: Baxcalibur|61\/100|[from] Grassy Terrain\n|-heal|p1b: Rillaboom|93\/100|[from] Grassy Terrain\n|upkeep\n|inactive|The OG Trainer Red has 120 seconds left.\n|\n|t:|1697047356\n|switch|p2b: Espeon|Espeon, F|100\/100\n|turn|6\n|inactive|MarCoFalco has 90 seconds left.\n|\n|t:|1697047385\n|switch|p2a: Indeedee|Indeedee-F, F|100\/100\n|-fieldstart|move: Psychic Terrain|[from] ability: Psychic Surge|[of] p2a: Indeedee\n|move|p1a: Baxcalibur|Protect|p1a: Baxcalibur\n|-singleturn|p1a: Baxcalibur|Protect\n|move|p2b: Espeon|Expanding Force|p1b: Rillaboom|[spread] p1b\n|-activate|p1a: Baxcalibur|move: Protect\n|-damage|p1b: Rillaboom|46\/100\n|move|p1b: Rillaboom|Drum Beating|p2b: Espeon\n|-damage|p2b: Espeon|32\/100\n|-unboost|p2b: Espeon|spe|1\n|\n|upkeep\n|turn|7\n|inactive|MarCoFalco has 90 seconds left.\n|\n|t:|1697047414\n|switch|p1b: Steelix|Steelix, M|100\/100\n|move|p1a: Baxcalibur|Icicle Spear|p2b: Espeon\n|-damage|p2b: Espeon|0 fnt\n|faint|p2b: Espeon\n|-hitcount|p2: Espeon|1\n|move|p2a: Indeedee|Expanding Force|p1b: Steelix|[spread] p1a,p1b\n|-resisted|p1b: Steelix\n|-damage|p1a: Baxcalibur|26\/100\n|-damage|p1b: Steelix|78\/100\n|\n|upkeep\n|\n|t:|1697047425\n|switch|p2b: Ursaluna|Ursaluna-Bloodmoon, M|100\/100\n|turn|8\n|\n|t:|1697047438\n|move|p1a: Baxcalibur|Protect|p1a: Baxcalibur\n|-singleturn|p1a: Baxcalibur|Protect\n|move|p2b: Ursaluna|Earth Power|p1b: Steelix\n|-supereffective|p1b: Steelix\n|-damage|p1b: Steelix|0 fnt\n|faint|p1b: Steelix\n|move|p2a: Indeedee|Trick Room|p2a: Indeedee\n|-fieldstart|move: Trick Room|[of] p2a: Indeedee\n|\n|upkeep\n|inactive|MarCoFalco has 90 seconds left.\n|\n|t:|1697047462\n|switch|p1b: Rhydon|Rhydon, F|100\/100\n|turn|9\n|c|\u2606The OG Trainer Red|The sun has set, but the moon is with us\n|\n|t:|1697047479\n|switch|p1a: Rillaboom|Rillaboom, M|46\/100\n|-fieldstart|move: Grassy Terrain|[from] ability: Grassy Surge|[of] p1a: Rillaboom\n|move|p2b: Ursaluna|Earth Power|p1b: Rhydon\n|-supereffective|p1b: Rhydon\n|-damage|p1b: Rhydon|64\/100\n|move|p2a: Indeedee|Expanding Force|p1b: Rhydon\n|-damage|p1b: Rhydon|49\/100\n|move|p1b: Rhydon|Roar|p2b: Ursaluna\n|drag|p2b: Umbreon|Umbreon, F|100\/100\n|\n|-heal|p1b: Rhydon|55\/100|[from] Grassy Terrain\n|-heal|p1a: Rillaboom|52\/100|[from] Grassy Terrain\n|upkeep\n|turn|10\n|inactive|MarCoFalco has 120 seconds left.\n|\n|t:|1697047502\n|switch|p2a: Ursaluna|Ursaluna-Bloodmoon, M|100\/100\n|move|p1b: Rhydon|Rock Slide|p2b: Umbreon|[spread] p2a,p2b\n|-resisted|p2a: Ursaluna\n|-damage|p2a: Ursaluna|92\/100\n|-damage|p2b: Umbreon|85\/100\n|move|p2b: Umbreon|Calm Mind|p2b: Umbreon\n|-boost|p2b: Umbreon|spa|1\n|-boost|p2b: Umbreon|spd|1\n|move|p1a: Rillaboom|Bulk Up|p1a: Rillaboom\n|-boost|p1a: Rillaboom|atk|1\n|-boost|p1a: Rillaboom|def|1\n|\n|-heal|p2a: Ursaluna|98\/100|[from] Grassy Terrain\n|-heal|p1b: Rhydon|61\/100|[from] Grassy Terrain\n|-heal|p2b: Umbreon|91\/100|[from] Grassy Terrain\n|-heal|p2b: Umbreon|97\/100|[from] item: Leftovers\n|-heal|p1a: Rillaboom|58\/100|[from] Grassy Terrain\n|-sideend|p1: MarCoFalco|move: Light Screen\n|upkeep\n|turn|11\n|inactive|MarCoFalco has 120 seconds left.\n|inactive|The OG Trainer Red has 120 seconds left.\n|\n|t:|1697047533\n|move|p2a: Ursaluna|Blood Moon|p1a: Rillaboom\n|-damage|p1a: Rillaboom|0 fnt\n|faint|p1a: Rillaboom\n|move|p2b: Umbreon|Calm Mind|p2b: Umbreon\n|-boost|p2b: Umbreon|spa|1\n|-boost|p2b: Umbreon|spd|1\n|move|p1b: Rhydon|Roar|p2a: Ursaluna\n|drag|p2a: Leafeon|Leafeon, F, tera:Fire|65\/100\n|\n|-heal|p1b: Rhydon|67\/100|[from] Grassy Terrain\n|-heal|p2b: Umbreon|100\/100|[from] Grassy Terrain\n|-heal|p2a: Leafeon|71\/100|[from] Grassy Terrain\n|upkeep\n|\n|t:|1697047553\n|switch|p1a: Raikou|Raikou|21\/100\n|turn|12\n|\n|t:|1697047564\n|move|p1a: Raikou|Protect|p1a: Raikou\n|-singleturn|p1a: Raikou|Protect\n|move|p1b: Rhydon|Earthquake|p2a: Leafeon|[spread] p2a,p2b\n|-activate|p1a: Raikou|move: Protect\n|-supereffective|p2a: Leafeon\n|-damage|p2a: Leafeon|43\/100\n|-damage|p2b: Umbreon|90\/100\n|move|p2b: Umbreon|Dark Pulse|p1a: Raikou\n|-activate|p1a: Raikou|move: Protect\n|move|p2a: Leafeon|Solar Blade||[still]\n|-prepare|p2a: Leafeon|Solar Blade\n|\n|-heal|p1b: Rhydon|73\/100|[from] Grassy Terrain\n|-heal|p2b: Umbreon|96\/100|[from] Grassy Terrain\n|-heal|p2b: Umbreon|100\/100|[from] item: Leftovers\n|-heal|p2a: Leafeon|50\/100|[from] Grassy Terrain\n|-heal|p1a: Raikou|27\/100|[from] Grassy Terrain\n|-fieldend|move: Trick Room\n|upkeep\n|turn|13\n|inactive|MarCoFalco has 120 seconds left.\n|inactive|MarCoFalco has 90 seconds left.\n|\n|t:|1697047621\n|-terastallize|p1b: Rhydon|Water\n|move|p1a: Raikou|Discharge|p2a: Leafeon|[spread] p2a,p2b\n|-ability|p1b: Rhydon|Lightning Rod|boost\n|-boost|p1b: Rhydon|spa|1\n|-damage|p2a: Leafeon|22\/100\n|-damage|p2b: Umbreon|92\/100\n|move|p2a: Leafeon|Solar Blade|p1b: Rhydon|[from]lockedmove\n|-supereffective|p1b: Rhydon\n|-damage|p1b: Rhydon|0 fnt\n|faint|p1b: Rhydon\n|move|p2b: Umbreon|Dark Pulse|p1a: Raikou\n|-damage|p1a: Raikou|0 fnt\n|faint|p1a: Raikou\n|\n|-heal|p2a: Leafeon|28\/100|[from] Grassy Terrain\n|-heal|p2b: Umbreon|98\/100|[from] Grassy Terrain\n|-heal|p2b: Umbreon|100\/100|[from] item: Leftovers\n|-fieldend|move: Grassy Terrain\n|upkeep\n|c|\u2606The OG Trainer Red|Eevees!\n|\n|t:|1697047638\n|switch|p1b: Baxcalibur|Baxcalibur, F|26\/100\n|turn|14\n|inactive|MarCoFalco has 90 seconds left.\n|\n|t:|1697047648\n|move|p1b: Baxcalibur|Icicle Spear|p2a: Leafeon\n|-resisted|p2a: Leafeon\n|-damage|p2a: Leafeon|22\/100\n|-resisted|p2a: Leafeon\n|-damage|p2a: Leafeon|17\/100\n|-hitcount|p2a: Leafeon|2\n|move|p2a: Leafeon|Knock Off|p1b: Baxcalibur\n|-damage|p1b: Baxcalibur|0 fnt\n|-enditem|p1b: Baxcalibur|Clear Amulet|[from] move: Knock Off|[of] p2a: Leafeon\n|faint|p1b: Baxcalibur\n|\n|win|The OG Trainer Red\n|raw|MarCoFalco's rating: 1293 &rarr; <strong>1261<\/strong><br \/>(-32 for losing)\n|raw|The OG Trainer Red's rating: 1196 &rarr; <strong>1228<\/strong><br \/>(+32 for winning)\n|l|\u2606MarCoFalco\n|c|\u2606The OG Trainer Red|Eevees!\n","uploadtime":1697047673,"views":13,"p1id":"marcofalco","p2id":"theogtrainerred","formatid":"gen9nationaldexdoubles","rating":1228,"private":0,"password":""}