{"id":"gen9nationaldexdoubles-1947959509","p1":"Comett7778","p2":"MunchVGC","format":"[Gen 9] National Dex Doubles","log":"|j|\u2606Comett7778\n|j|\u2606MunchVGC\n|t:|1695220052\n|gametype|doubles\n|player|p1|Comett7778|hero2-conquest|\n|player|p2|MunchVGC|ingo|\n|teamsize|p1|6\n|teamsize|p2|6\n|gen|9\n|tier|[Gen 9] National Dex Doubles\n|rule|HP Percentage Mod: HP is shown in percentages\n|rule|Endless Battle Clause: Forcing endless battles is banned\n|rule|OHKO Clause: OHKO moves are banned\n|rule|Evasion Moves Clause: Evasion moves are banned\n|rule|Evasion Abilities Clause: Evasion abilities are banned\n|rule|Species Clause: Limit one of each Pok\u00e9mon\n|rule|Gravity Sleep Clause: The combination of sleep-inducing moves with imperfect accuracy and Gravity or Gigantamax Orbeetle are banned\n|clearpoke\n|poke|p1|Indeedee-F, F|\n|poke|p1|Sylveon, M|\n|poke|p1|Ursaluna-Bloodmoon, M|\n|poke|p1|Cresselia, F|\n|poke|p1|Armarouge, M|\n|poke|p1|Crabominable, M|\n|poke|p2|Staraptor, M|\n|poke|p2|Snorlax, M|\n|poke|p2|Farigiraf, M|\n|poke|p2|Cresselia, F|\n|poke|p2|Rillaboom, F|\n|poke|p2|Mawile, F|\n|teampreview\n|inactive|Battle timer is ON: inactive players will automatically lose when time's up. (requested by Comett7778)\n|inactive|MunchVGC also wants the timer to be on.\n|c|\u2606MunchVGC|glhf\n|c|\u2606Comett7778|U2\n|\n|t:|1695220070\n|start\n|switch|p1a: Moon thing|Cresselia, F, shiny|100\/100\n|switch|p1b: Ugly|Crabominable, M, shiny|100\/100\n|switch|p2a: AAAAAAHHHHH|Staraptor, M, shiny|100\/100\n|switch|p2b: Raging Bolt|Farigiraf, M|100\/100\n|-ability|p2a: AAAAAAHHHHH|Intimidate|boost\n|-unboost|p1a: Moon thing|atk|1\n|-unboost|p1b: Ugly|atk|1\n|turn|1\n|inactive|MunchVGC has 270 seconds left.\n|\n|t:|1695220124\n|move|p2a: AAAAAAHHHHH|U-turn|p1b: Ugly\n|-resisted|p1b: Ugly\n|-damage|p1b: Ugly|90\/100\n|\n|t:|1695220129\n|switch|p2a: No Head?|Mawile, F, shiny|100\/100|[from] U-turn\n|-ability|p2a: No Head?|Intimidate|boost\n|-unboost|p1a: Moon thing|atk|1\n|-unboost|p1b: Ugly|atk|1\n|move|p1b: Ugly|Ice Hammer|p2b: Raging Bolt\n|-damage|p2b: Raging Bolt|59\/100\n|-unboost|p1b: Ugly|spe|1\n|move|p2b: Raging Bolt|Dazzling Gleam|p1b: Ugly|[spread] p1a,p1b\n|-supereffective|p1b: Ugly\n|-damage|p1a: Moon thing|91\/100\n|-damage|p1b: Ugly|43\/100\n|move|p1a: Moon thing|Trick Room|p1a: Moon thing\n|-fieldstart|move: Trick Room|[of] p1a: Moon thing\n|\n|upkeep\n|turn|2\n|inactive|MunchVGC has 270 seconds left.\n|inactive|MunchVGC has 240 seconds left.\n|inactive|MunchVGC has 210 seconds left.\n|\n|t:|1695220215\n|detailschange|p2a: No Head?|Mawile-Mega, F, shiny\n|-mega|p2a: No Head?|Mawile|Mawilite\n|move|p1b: Ugly|Ice Hammer|p2b: Raging Bolt\n|-damage|p2b: Raging Bolt|22\/100\n|-unboost|p1b: Ugly|spe|1\n|move|p2a: No Head?|Iron Head|p1b: Ugly\n|-supereffective|p1b: Ugly\n|-damage|p1b: Ugly|0 fnt\n|faint|p1b: Ugly\n|move|p2b: Raging Bolt|Hyper Voice|p1a: Moon thing\n|-damage|p1a: Moon thing|67\/100\n|move|p1a: Moon thing|Lunar Blessing|p1a: Moon thing\n|-heal|p1a: Moon thing|92\/100\n|\n|upkeep\n|\n|t:|1695220224\n|switch|p1b: Cool beans|Ursaluna-Bloodmoon, M|100\/100\n|turn|3\n|inactive|MunchVGC has 210 seconds left.\n|\n|t:|1695220250\n|move|p1a: Moon thing|Helping Hand|p1b: Cool beans\n|-singleturn|p1b: Cool beans|Helping Hand|[of] p1a: Moon thing\n|move|p2a: No Head?|Protect|p2a: No Head?\n|-singleturn|p2a: No Head?|Protect\n|move|p2b: Raging Bolt|Hyper Voice|p1b: Cool beans|[spread] p1a,p1b\n|-damage|p1a: Moon thing|77\/100\n|-damage|p1b: Cool beans|64\/100\n|move|p1b: Cool beans|Hyper Voice|p2a: No Head?|[spread] p2b\n|-activate|p2a: No Head?|move: Protect\n|-damage|p2b: Raging Bolt|0 fnt\n|faint|p2b: Raging Bolt\n|-enditem|p1b: Cool beans|Throat Spray\n|-boost|p1b: Cool beans|spa|1|[from] item: Throat Spray\n|\n|upkeep\n|\n|t:|1695220267\n|switch|p2b: Cadbury|Rillaboom, F|100\/100\n|-fieldstart|move: Grassy Terrain|[from] ability: Grassy Surge|[of] p2b: Cadbury\n|turn|4\n|inactive|MunchVGC has 210 seconds left.\n|\n|t:|1695220301\n|switch|p1a: Damagie|Indeedee-F, F, shiny|100\/100\n|-fieldstart|move: Psychic Terrain|[from] ability: Psychic Surge|[of] p1a: Damagie\n|move|p1b: Cool beans|Protect|p1b: Cool beans\n|-singleturn|p1b: Cool beans|Protect\n|move|p2b: Cadbury|Fake Out|p1b: Cool beans\n|-activate|p1b: Cool beans|move: Psychic Terrain\n|move|p2a: No Head?|Brick Break|p1b: Cool beans\n|-activate|p1b: Cool beans|move: Protect\n|\n|upkeep\n|turn|5\n|inactive|MunchVGC has 180 seconds left.\n|\n|t:|1695220333\n|switch|p2b: Lunalight|Cresselia, F, shiny|100\/100\n|move|p2a: No Head?|Protect|p2a: No Head?\n|-singleturn|p2a: No Head?|Protect\n|move|p1a: Damagie|Follow Me|p1a: Damagie\n|-singleturn|p1a: Damagie|move: Follow Me\n|move|p1b: Cool beans|Earth Power|p2a: No Head?\n|-activate|p2a: No Head?|move: Protect\n|\n|-fieldend|move: Trick Room\n|upkeep\n|turn|6\n|inactive|MunchVGC has 180 seconds left.\n|inactive|MunchVGC has 150 seconds left.\n|\n|t:|1695220395\n|switch|p2a: Cadbury|Rillaboom, F|100\/100\n|-fieldstart|move: Grassy Terrain|[from] ability: Grassy Surge|[of] p2a: Cadbury\n|move|p1a: Damagie|Follow Me|p1a: Damagie\n|-singleturn|p1a: Damagie|move: Follow Me\n|move|p1b: Cool beans|Earth Power|p2a: Cadbury\n|-resisted|p2a: Cadbury\n|-damage|p2a: Cadbury|70\/100\n|move|p2b: Lunalight|Trick Room|p2b: Lunalight\n|-fieldstart|move: Trick Room|[of] p2b: Lunalight\n|\n|-heal|p1b: Cool beans|70\/100|[from] Grassy Terrain\n|-heal|p2a: Cadbury|76\/100|[from] Grassy Terrain\n|upkeep\n|turn|7\n|inactive|MunchVGC has 150 seconds left.\n|\n|t:|1695220417\n|move|p1a: Damagie|Follow Me|p1a: Damagie\n|-singleturn|p1a: Damagie|move: Follow Me\n|move|p1b: Cool beans|Blood Moon|p2a: Cadbury\n|-damage|p2a: Cadbury|0 fnt\n|faint|p2a: Cadbury\n|move|p2b: Lunalight|Ice Beam|p1a: Damagie\n|-damage|p1a: Damagie|84\/100\n|\n|-heal|p1b: Cool beans|76\/100|[from] Grassy Terrain\n|-heal|p1a: Damagie|90\/100|[from] Grassy Terrain\n|upkeep\n|inactive|MunchVGC has 150 seconds left.\n|\n|t:|1695220426\n|switch|p2a: Bob|Snorlax, M, shiny|100\/100\n|turn|8\n|\n|t:|1695220437\n|switch|p1a: Moon thing|Cresselia, F, shiny|77\/100\n|move|p1b: Cool beans|Protect|p1b: Cool beans\n|-singleturn|p1b: Cool beans|Protect\n|move|p2b: Lunalight|Ally Switch|p2b: Lunalight\n|swap|p2b: Lunalight|0|[from] move: Ally Switch\n|move|p2b: Bob|Belly Drum|p2b: Bob\n|-damage|p2b: Bob|50\/100\n|-setboost|p2b: Bob|atk|6|[from] move: Belly Drum\n|-enditem|p2b: Bob|Sitrus Berry|[eat]\n|-heal|p2b: Bob|75\/100|[from] item: Sitrus Berry\n|\n|-heal|p2b: Bob|82\/100|[from] Grassy Terrain\n|-heal|p1b: Cool beans|82\/100|[from] Grassy Terrain\n|upkeep\n|turn|9\n|inactive|MunchVGC has 180 seconds left.\n|\n|t:|1695220453\n|move|p2b: Bob|Facade|p1b: Cool beans\n|-damage|p1b: Cool beans|8\/100\n|move|p1b: Cool beans|Hyper Voice|p2a: Lunalight|[spread] p2a,p2b\n|-damage|p2a: Lunalight|65\/100\n|-damage|p2b: Bob|44\/100\n|move|p2a: Lunalight|Lunar Blessing|p2a: Lunalight|[spread] p2a,p2b\n|-heal|p2a: Lunalight|90\/100\n|-heal|p2b: Bob|69\/100\n|move|p1a: Moon thing|Trick Room|p1a: Moon thing\n|-fieldend|move: Trick Room\n|\n|-heal|p1b: Cool beans|14\/100|[from] Grassy Terrain\n|-heal|p2b: Bob|75\/100|[from] Grassy Terrain\n|upkeep\n|turn|10\n|\n|t:|1695220472\n|move|p1a: Moon thing|Lunar Blessing|p1a: Moon thing|[spread] p1a,p1b\n|-heal|p1a: Moon thing|100\/100\n|-heal|p1b: Cool beans|39\/100\n|move|p1b: Cool beans|Blood Moon|p2b: Bob\n|-damage|p2b: Bob|0 fnt\n|faint|p2b: Bob\n|move|p2a: Lunalight|Trick Room|p2a: Lunalight\n|-fieldstart|move: Trick Room|[of] p2a: Lunalight\n|\n|-heal|p1b: Cool beans|45\/100|[from] Grassy Terrain\n|-fieldend|move: Grassy Terrain\n|upkeep\n|\n|t:|1695220479\n|switch|p2b: No Head?|Mawile-Mega, F, shiny|100\/100\n|turn|11\n|inactive|MunchVGC has 210 seconds left.\n|c|\u2606MunchVGC|gg\n|\n|t:|1695220495\n|move|p2b: No Head?|Iron Head|p1a: Moon thing\n|-damage|p1a: Moon thing|44\/100\n|move|p1b: Cool beans|Earth Power|p2b: No Head?\n|-supereffective|p2b: No Head?\n|-damage|p2b: No Head?|0 fnt\n|faint|p2b: No Head?\n|move|p2a: Lunalight|Ice Beam|p1b: Cool beans\n|-supereffective|p1b: Cool beans\n|-damage|p1b: Cool beans|11\/100\n|move|p1a: Moon thing|Trick Room|p1a: Moon thing\n|-fieldend|move: Trick Room\n|\n|upkeep\n|\n|t:|1695220498\n|switch|p2b: AAAAAAHHHHH|Staraptor, M, shiny|100\/100\n|-ability|p2b: AAAAAAHHHHH|Intimidate|boost\n|-unboost|p1a: Moon thing|atk|1\n|-unboost|p1b: Cool beans|atk|1\n|turn|12\n|\n|t:|1695220511\n|-terastallize|p2b: AAAAAAHHHHH|Ghost\n|move|p1b: Cool beans|Protect|p1b: Cool beans\n|-singleturn|p1b: Cool beans|Protect\n|move|p2b: AAAAAAHHHHH|Double-Edge|p1b: Cool beans\n|-activate|p1b: Cool beans|move: Protect\n|move|p2a: Lunalight|Ice Beam|p1b: Cool beans\n|-activate|p1b: Cool beans|move: Protect\n|move|p1a: Moon thing|Trick Room|p1a: Moon thing\n|-fieldstart|move: Trick Room|[of] p1a: Moon thing\n|\n|upkeep\n|turn|13\n|c|\u2606Comett7778|Gg\n|inactive|MunchVGC has 240 seconds left.\n|\n|t:|1695220521\n|move|p2a: Lunalight|Ally Switch|p2a: Lunalight\n|swap|p2a: Lunalight|1|[from] move: Ally Switch\n|move|p1b: Cool beans|Hyper Voice|p2b: Lunalight|[spread] p2a,p2b\n|-damage|p2a: AAAAAAHHHHH|17\/100\n|-damage|p2b: Lunalight|53\/100\n|move|p1a: Moon thing|Lunar Blessing|p1a: Moon thing|[spread] p1a,p1b\n|-heal|p1a: Moon thing|69\/100\n|-heal|p1b: Cool beans|36\/100\n|move|p2a: AAAAAAHHHHH|Double-Edge|p1b: Cool beans\n|-damage|p1b: Cool beans|4\/100\n|-damage|p2a: AAAAAAHHHHH|5\/100|[from] Recoil\n|\n|upkeep\n|turn|14\n|\n|t:|1695220529\n|move|p1b: Cool beans|Hyper Voice|p2a: AAAAAAHHHHH|[spread] p2a,p2b\n|-damage|p2a: AAAAAAHHHHH|0 fnt\n|-damage|p2b: Lunalight|17\/100\n|faint|p2a: AAAAAAHHHHH\n|move|p1a: Moon thing|Lunar Blessing|p1a: Moon thing|[spread] p1a,p1b\n|-heal|p1a: Moon thing|94\/100\n|-heal|p1b: Cool beans|29\/100\n|move|p2b: Lunalight|Ice Beam|p1b: Cool beans\n|-supereffective|p1b: Cool beans\n|-damage|p1b: Cool beans|0 fnt\n|faint|p1b: Cool beans\n|\n|upkeep\n|\n|t:|1695220534\n|switch|p1b: Damager|Armarouge, M, shiny|100\/100\n|turn|15\n|\n|t:|1695220544\n|switch|p1a: Damagie|Indeedee-F, F, shiny|90\/100\n|-fieldstart|move: Psychic Terrain|[from] ability: Psychic Surge|[of] p1a: Damagie\n|-terastallize|p1b: Damager|Psychic\n|move|p1b: Damager|Expanding Force|p2b: Lunalight\n|-resisted|p2b: Lunalight\n|-damage|p2b: Lunalight|0 fnt\n|faint|p2b: Lunalight\n|-damage|p1b: Damager|91\/100|[from] item: Life Orb\n|\n|win|Comett7778\n|l|\u2606MunchVGC\n","uploadtime":1695220552,"views":14,"p1id":"comett7778","p2id":"munchvgc","formatid":"gen9nationaldexdoubles","rating":0,"private":0,"password":""}