{"id":"gen9nationaldexdoubles-1988634239","p1":"Slash Death","p2":"Pancake Tuesday","format":"[Gen 9] National Dex Doubles","log":"|j|\u2606Slash Death\n|j|\u2606Pancake Tuesday\n|t:|1699744402\n|gametype|doubles\n|player|p1|Slash Death|unknown|\n|player|p2|Pancake Tuesday|pokemaniac|\n|teamsize|p1|6\n|teamsize|p2|6\n|gen|9\n|tier|[Gen 9] National Dex Doubles\n|rule|HP Percentage Mod: HP is shown in percentages\n|rule|Endless Battle Clause: Forcing endless battles is banned\n|rule|OHKO Clause: OHKO moves are banned\n|rule|Evasion Moves Clause: Evasion moves are banned\n|rule|Evasion Abilities Clause: Evasion abilities are banned\n|rule|Species Clause: Limit one of each Pok\u00e9mon\n|rule|Gravity Sleep Clause: The combination of sleep-inducing moves with imperfect accuracy and Gravity or Gigantamax Orbeetle are banned\n|clearpoke\n|poke|p1|Cresselia, F|\n|poke|p1|Ursaluna, M|\n|poke|p1|Diancie|\n|poke|p1|Kingambit, M|\n|poke|p1|Iron Hands|\n|poke|p1|Camerupt, M|\n|poke|p2|Politoed, M|\n|poke|p2|Stakataka|\n|poke|p2|Nihilego|\n|poke|p2|Swampert, F|\n|poke|p2|Zapdos|\n|poke|p2|Basculegion, M|\n|teampreview\n|\n|t:|1699744440\n|start\n|switch|p1a: Cresselia|Cresselia, F|100\/100\n|switch|p1b: Iron Hands|Iron Hands|100\/100\n|switch|p2a: Politoed|Politoed, M, shiny|100\/100\n|switch|p2b: Stakataka|Stakataka, shiny|100\/100\n|-weather|RainDance|[from] ability: Drizzle|[of] p2a: Politoed\n|-enditem|p1b: Iron Hands|Booster Energy\n|-activate|p1b: Iron Hands|ability: Quark Drive|[fromitem]\n|-start|p1b: Iron Hands|quarkdriveatk\n|turn|1\n|\n|t:|1699744472\n|switch|p2a: Zapdos|Zapdos, shiny|100\/100\n|move|p2b: Stakataka|Protect|p2b: Stakataka\n|-singleturn|p2b: Stakataka|Protect\n|move|p1b: Iron Hands|Fake Out|p2b: Stakataka\n|-activate|p2b: Stakataka|move: Protect\n|move|p1a: Cresselia|Trick Room|p1a: Cresselia\n|-fieldstart|move: Trick Room|[of] p1a: Cresselia\n|\n|-weather|RainDance|[upkeep]\n|upkeep\n|turn|2\n|\n|t:|1699744491\n|-terastallize|p2b: Stakataka|Ghost\n|move|p1a: Cresselia|Ally Switch|p1a: Cresselia\n|swap|p1a: Cresselia|1|[from] move: Ally Switch\n|move|p2b: Stakataka|Gyro Ball|p1a: Iron Hands\n|-resisted|p1a: Iron Hands\n|-damage|p1a: Iron Hands|87\/100\n|move|p1a: Iron Hands|Drain Punch|p2b: Stakataka\n|-immune|p2b: Stakataka\n|move|p2a: Zapdos|Hurricane|p1b: Cresselia\n|-damage|p1b: Cresselia|69\/100\n|\n|-weather|RainDance|[upkeep]\n|upkeep\n|turn|3\n|\n|t:|1699744512\n|move|p2b: Stakataka|Gyro Ball|p1a: Iron Hands\n|-resisted|p1a: Iron Hands\n|-damage|p1a: Iron Hands|74\/100\n|move|p1a: Iron Hands|Wild Charge|p2b: Stakataka\n|-crit|p2b: Stakataka\n|-damage|p2b: Stakataka|32\/100\n|-damage|p1a: Iron Hands|63\/100|[from] Recoil\n|move|p1b: Cresselia|Lunar Blessing|p1b: Cresselia|[spread] p1a,p1b\n|-heal|p1a: Iron Hands|88\/100\n|-heal|p1b: Cresselia|94\/100\n|move|p2a: Zapdos|Thunder|p1b: Cresselia\n|-damage|p1b: Cresselia|60\/100\n|\n|-weather|RainDance|[upkeep]\n|upkeep\n|turn|4\n|\n|t:|1699744543\n|move|p2b: Stakataka|Gyro Ball|p1b: Cresselia\n|-damage|p1b: Cresselia|21\/100\n|move|p1a: Iron Hands|Ice Punch|p2b: Stakataka\n|-damage|p2b: Stakataka|9\/100\n|move|p1b: Cresselia|Lunar Blessing|p1b: Cresselia|[spread] p1a,p1b\n|-heal|p1a: Iron Hands|100\/100\n|-heal|p1b: Cresselia|46\/100\n|move|p2a: Zapdos|Hurricane|p1a: Iron Hands\n|-damage|p1a: Iron Hands|54\/100\n|\n|-weather|RainDance|[upkeep]\n|upkeep\n|turn|5\n|\n|t:|1699744561\n|move|p2b: Stakataka|Gyro Ball|p1a: Iron Hands\n|-resisted|p1a: Iron Hands\n|-damage|p1a: Iron Hands|40\/100\n|move|p1a: Iron Hands|Ice Punch|p2b: Stakataka\n|-damage|p2b: Stakataka|0 fnt\n|faint|p2b: Stakataka\n|move|p1b: Cresselia|Lunar Blessing|p1b: Cresselia|[spread] p1a,p1b\n|-heal|p1a: Iron Hands|65\/100\n|-heal|p1b: Cresselia|71\/100\n|move|p2a: Zapdos|Hurricane|p1a: Iron Hands\n|-damage|p1a: Iron Hands|20\/100\n|\n|-weather|none\n|-fieldend|move: Trick Room\n|upkeep\n|\n|t:|1699744589\n|switch|p2b: Nihilego|Nihilego, shiny|100\/100\n|turn|6\n|\n|t:|1699744603\n|-end|p1a: Iron Hands|Quark Drive|[silent]\n|switch|p1a: Kingambit|Kingambit, M|100\/100\n|move|p2b: Nihilego|Sludge Bomb|p1a: Kingambit\n|-immune|p1a: Kingambit\n|move|p2a: Zapdos|Hurricane|p1b: Cresselia\n|-damage|p1b: Cresselia|37\/100\n|move|p1b: Cresselia|Trick Room|p1b: Cresselia\n|-fieldstart|move: Trick Room|[of] p1b: Cresselia\n|\n|upkeep\n|turn|7\n|\n|t:|1699744627\n|switch|p2b: Politoed|Politoed, M, shiny|100\/100\n|-weather|RainDance|[from] ability: Drizzle|[of] p2b: Politoed\n|move|p1b: Cresselia|Ally Switch|p1b: Cresselia\n|swap|p1b: Cresselia|0|[from] move: Ally Switch\n|move|p1b: Kingambit|Swords Dance|p1b: Kingambit\n|-boost|p1b: Kingambit|atk|2\n|move|p2a: Zapdos|Thunder|p1a: Cresselia\n|-damage|p1a: Cresselia|0 fnt\n|faint|p1a: Cresselia\n|\n|-weather|RainDance|[upkeep]\n|upkeep\n|\n|t:|1699744643\n|switch|p1a: Diancie|Diancie|100\/100\n|turn|8\n|\n|t:|1699744663\n|move|p2b: Politoed|Helping Hand|p2a: Zapdos\n|-singleturn|p2a: Zapdos|Helping Hand|[of] p2b: Politoed\n|move|p1b: Kingambit|Sucker Punch||[still]\n|-fail|p1b: Kingambit\n|move|p1a: Diancie|Diamond Storm|p2b: Politoed|[spread] p2a,p2b\n|-supereffective|p2a: Zapdos\n|-damage|p2a: Zapdos|49\/100\n|-damage|p2b: Politoed|76\/100\n|-enditem|p2b: Politoed|Eject Button\n|\n|t:|1699744674\n|switch|p2b: Swampert|Swampert, F, shiny|100\/100\n|move|p2a: Zapdos|Thunder|p1b: Kingambit\n|-damage|p1b: Kingambit|25\/100\n|\n|-weather|RainDance|[upkeep]\n|-heal|p1b: Kingambit|31\/100|[from] item: Leftovers\n|upkeep\n|turn|9\n|\n|t:|1699744696\n|detailschange|p2b: Swampert|Swampert-Mega, F, shiny\n|-mega|p2b: Swampert|Swampert|Swampertite\n|-terastallize|p1a: Diancie|Grass\n|move|p1b: Kingambit|Sucker Punch|p2b: Swampert\n|-damage|p2b: Swampert|21\/100\n|move|p1a: Diancie|Diamond Storm|p2a: Zapdos|[spread] p2a,p2b\n|-supereffective|p2a: Zapdos\n|-resisted|p2b: Swampert\n|-damage|p2a: Zapdos|0 fnt\n|-damage|p2b: Swampert|6\/100\n|faint|p2a: Zapdos\n|move|p2b: Swampert|High Horsepower|p1a: Diancie\n|-resisted|p1a: Diancie\n|-damage|p1a: Diancie|75\/100\n|\n|-weather|RainDance|[upkeep]\n|-heal|p1b: Kingambit|37\/100|[from] item: Leftovers\n|upkeep\n|\n|t:|1699744720\n|switch|p2a: Nihilego|Nihilego, shiny|100\/100\n|turn|10\n|\n|t:|1699744730\n|move|p2a: Nihilego|Protect|p2a: Nihilego\n|-singleturn|p2a: Nihilego|Protect\n|move|p2b: Swampert|Protect|p2b: Swampert\n|-singleturn|p2b: Swampert|Protect\n|move|p1b: Kingambit|Iron Head|p2a: Nihilego\n|-activate|p2a: Nihilego|move: Protect\n|move|p1a: Diancie|Moonblast|p2b: Swampert\n|-activate|p2b: Swampert|move: Protect\n|\n|-weather|RainDance|[upkeep]\n|-heal|p1b: Kingambit|43\/100|[from] item: Leftovers\n|-fieldend|move: Trick Room\n|upkeep\n|turn|11\n|\n|t:|1699744750\n|move|p1b: Kingambit|Sucker Punch|p2a: Nihilego\n|-damage|p2a: Nihilego|0 fnt\n|faint|p2a: Nihilego\n|move|p2b: Swampert|High Horsepower|p1b: Kingambit\n|-supereffective|p1b: Kingambit\n|-damage|p1b: Kingambit|0 fnt\n|faint|p1b: Kingambit\n|move|p1a: Diancie|Trick Room|p1a: Diancie\n|-fieldstart|move: Trick Room|[of] p1a: Diancie\n|\n|-weather|none\n|upkeep\n|\n|t:|1699744760\n|switch|p1b: Ursaluna|Ursaluna, M|100\/100\n|switch|p2a: Politoed|Politoed, M, shiny|76\/100\n|-weather|RainDance|[from] ability: Drizzle|[of] p2a: Politoed\n|turn|12\n|\n|t:|1699744780\n|move|p1b: Ursaluna|Protect|p1b: Ursaluna\n|-singleturn|p1b: Ursaluna|Protect\n|move|p1a: Diancie|Diamond Storm|p2b: Swampert|[spread] p2b\n|-miss|p1a: Diancie|p2a: Politoed\n|-resisted|p2b: Swampert\n|-damage|p2b: Swampert|0 fnt\n|-boost|p1a: Diancie|def|2\n|faint|p2b: Swampert\n|move|p2a: Politoed|Scald|p1b: Ursaluna\n|-activate|p1b: Ursaluna|move: Protect\n|\n|-weather|RainDance|[upkeep]\n|-status|p1b: Ursaluna|brn|[from] item: Flame Orb\n|upkeep\n|\n|t:|1699744785\n|switch|p2b: Basculegion|Basculegion, M, shiny|100\/100\n|turn|13\n|\n|t:|1699744798\n|move|p1b: Ursaluna|Stomping Tantrum|p2b: Basculegion\n|-damage|p2b: Basculegion|11\/100\n|move|p1a: Diancie|Moonblast|p2b: Basculegion\n|-damage|p2b: Basculegion|0 fnt\n|faint|p2b: Basculegion\n|move|p2a: Politoed|Scald|p1b: Ursaluna\n|-supereffective|p1b: Ursaluna\n|-damage|p1b: Ursaluna|30\/100 brn\n|\n|-weather|RainDance|[upkeep]\n|-damage|p1b: Ursaluna|24\/100 brn|[from] brn\n|upkeep\n|turn|14\n|c|\u2606Pancake Tuesday|ggs\n|\n|t:|1699744814\n|move|p1b: Ursaluna|Facade|p2a: Politoed\n|-damage|p2a: Politoed|0 fnt\n|faint|p2a: Politoed\n|\n|win|Slash Death\n|c|\u2606Slash Death|Gg\n|l|\u2606Pancake Tuesday\n|c|\u2606Slash Death|its a best of 3 if you didnt know\n|l|\u2606Slash Death\n|j|\u2606Pancake Tuesday\n|player|p2|Pancake Tuesday|pokemaniac\n|j|\u2606Slash Death\n|player|p1|Slash Death|unknown\n","uploadtime":1699744866,"views":62,"p1id":"slashdeath","p2id":"pancaketuesday","formatid":"gen9nationaldexdoubles","rating":0,"private":0,"password":""}