{"id":"gen9nationaldexdoubles-1998551935","p1":"Nakoto Ris","p2":"CHARMANDITOABM","format":"[Gen 9] National Dex Doubles","log":"|j|\u2606Nakoto Ris\n|j|\u2606CHARMANDITOABM\n|t:|1700955396\n|gametype|doubles\n|player|p1|Nakoto Ris|169|\n|player|p2|CHARMANDITOABM|hiker-gen4|\n|teamsize|p1|6\n|teamsize|p2|6\n|gen|9\n|tier|[Gen 9] National Dex Doubles\n|rule|HP Percentage Mod: HP is shown in percentages\n|rule|Endless Battle Clause: Forcing endless battles is banned\n|rule|OHKO Clause: OHKO moves are banned\n|rule|Evasion Moves Clause: Evasion moves are banned\n|rule|Evasion Abilities Clause: Evasion abilities are banned\n|rule|Species Clause: Limit one of each Pok\u00e9mon\n|rule|Gravity Sleep Clause: The combination of sleep-inducing moves with imperfect accuracy and Gravity or Gigantamax Orbeetle are banned\n|clearpoke\n|poke|p1|Murkrow, M|\n|poke|p1|Oricorio-Sensu, F|\n|poke|p1|Volcarona, F|\n|poke|p1|Lilligant, F|\n|poke|p1|Quaquaval, M|\n|poke|p1|Kommo-o, M|\n|poke|p2|Oricorio, M|\n|poke|p2|Lilligant-Hisui, F|\n|poke|p2|Ogerpon-Wellspring, F|\n|poke|p2|Murkrow, M|\n|poke|p2|Florges, F|\n|poke|p2|Iron Thorns|\n|teampreview\n|c|\u2606CHARMANDITOABM|De hecho\n|c|\u2606CHARMANDITOABM|\ud83d\ude09\n|c|\u2606Nakoto Ris|Q\n|\n|t:|1700955421\n|start\n|switch|p1a: Magalenha|Oricorio-Sensu, F, shiny|100\/100\n|switch|p1b: Anitta|Lilligant, F, shiny|100\/100\n|switch|p2a: Iron Thorns|Iron Thorns|100\/100\n|switch|p2b: Murkrow|Murkrow, M|100\/100\n|turn|1\n|\n|t:|1700955430\n|move|p2b: Murkrow|Tailwind|p2b: Murkrow\n|-sidestart|p2: CHARMANDITOABM|move: Tailwind\n|move|p2a: Iron Thorns|Ice Punch|p1b: Anitta\n|-supereffective|p1b: Anitta\n|-damage|p1b: Anitta|9\/100\n|move|p1a: Magalenha|Teeter Dance|p2a: Iron Thorns|[spread] p1b,p2a,p2b\n|-immune|p1b: Anitta|confusion|[from] ability: Own Tempo\n|-start|p2a: Iron Thorns|confusion\n|-start|p2b: Murkrow|confusion\n|move|p1b: Anitta|Role Play|p1a: Magalenha\n|-endability|p1b: Anitta|Own Tempo|[from] move: Role Play\n|-ability|p1b: Anitta|Dancer|[from] move: Role Play|[of] p1a: Magalenha\n|\n|-heal|p1b: Anitta|15\/100|[from] item: Leftovers\n|upkeep\n|turn|2\n|\n|t:|1700955457\n|move|p1b: Anitta|Protect|p1b: Anitta\n|-singleturn|p1b: Anitta|Protect\n|-activate|p2a: Iron Thorns|confusion\n|move|p2a: Iron Thorns|Rock Slide|p1b: Anitta|[spread] p1a\n|-activate|p1b: Anitta|move: Protect\n|-supereffective|p1a: Magalenha\n|-damage|p1a: Magalenha|4\/100\n|-activate|p2b: Murkrow|confusion\n|move|p2b: Murkrow|Foul Play|p1a: Magalenha\n|-supereffective|p1a: Magalenha\n|-damage|p1a: Magalenha|0 fnt\n|faint|p1a: Magalenha\n|\n|-heal|p1b: Anitta|21\/100|[from] item: Leftovers\n|upkeep\n|\n|t:|1700955463\n|switch|p1a: Khakkhara|Kommo-o, M, shiny|100\/100\n|turn|3\n|\n|t:|1700955487\n|-terastallize|p1a: Khakkhara|Steel\n|-end|p2a: Iron Thorns|confusion\n|move|p2a: Iron Thorns|Dragon Dance|p2a: Iron Thorns\n|-boost|p2a: Iron Thorns|atk|1\n|-boost|p2a: Iron Thorns|spe|1\n|-activate|p1b: Anitta|ability: Dancer\n|move|p1b: Anitta|Dragon Dance|p1b: Anitta|[from]ability: Dancer\n|-boost|p1b: Anitta|atk|1\n|-boost|p1b: Anitta|spe|1\n|move|p1b: Anitta|Petal Dance|p2b: Murkrow\n|-resisted|p2b: Murkrow\n|-damage|p2b: Murkrow|76\/100\n|-end|p2b: Murkrow|confusion\n|move|p2b: Murkrow|Foul Play|p1b: Anitta\n|-crit|p1b: Anitta\n|-damage|p1b: Anitta|0 fnt\n|faint|p1b: Anitta\n|move|p1a: Khakkhara|Clangorous Soul|p1a: Khakkhara\n|-boost|p1a: Khakkhara|atk|1\n|-boost|p1a: Khakkhara|def|1\n|-boost|p1a: Khakkhara|spa|1\n|-boost|p1a: Khakkhara|spd|1\n|-boost|p1a: Khakkhara|spe|1\n|-damage|p1a: Khakkhara|68\/100\n|-enditem|p1a: Khakkhara|Throat Spray\n|-boost|p1a: Khakkhara|spa|1|[from] item: Throat Spray\n|\n|upkeep\n|\n|t:|1700955510\n|switch|p1b: Paranahue|Quaquaval, M, shiny|100\/100\n|turn|4\n|\n|t:|1700955521\n|move|p2a: Iron Thorns|Thunder Punch|p1b: Paranahue\n|-supereffective|p1b: Paranahue\n|-damage|p1b: Paranahue|0 fnt\n|faint|p1b: Paranahue\n|move|p2b: Murkrow|Foul Play|p1a: Khakkhara\n|-damage|p1a: Khakkhara|40\/100\n|move|p1a: Khakkhara|Flash Cannon|p2b: Murkrow\n|-damage|p2b: Murkrow|16\/100\n|\n|-sideend|p2: CHARMANDITOABM|move: Tailwind\n|upkeep\n|\n|t:|1700955526\n|switch|p1b: Chap\u00e9u|Murkrow, M, shiny|100\/100\n|turn|5\n|\n|t:|1700955542\n|move|p1b: Chap\u00e9u|Tailwind|p1b: Chap\u00e9u\n|-sidestart|p1: Nakoto Ris|move: Tailwind\n|move|p2b: Murkrow|Tailwind|p2b: Murkrow\n|-sidestart|p2: CHARMANDITOABM|move: Tailwind\n|move|p1a: Khakkhara|Flash Cannon|p2a: Iron Thorns\n|-damage|p2a: Iron Thorns|19\/100\n|-unboost|p2a: Iron Thorns|spd|1\n|move|p2a: Iron Thorns|Rock Slide|p1a: Khakkhara|[spread] p1a,p1b\n|-resisted|p1a: Khakkhara\n|-supereffective|p1b: Chap\u00e9u\n|-damage|p1a: Khakkhara|25\/100\n|-damage|p1b: Chap\u00e9u|0 fnt\n|faint|p1b: Chap\u00e9u\n|\n|upkeep\n|\n|t:|1700955545\n|switch|p1b: Zum Zum Zum|Volcarona, F, shiny|100\/100\n|turn|6\n|\n|t:|1700955566\n|move|p1a: Khakkhara|Clanging Scales|p2a: Iron Thorns|[spread] p2a,p2b\n|-damage|p2a: Iron Thorns|0 fnt\n|-damage|p2b: Murkrow|0 fnt\n|faint|p2a: Iron Thorns\n|-end|p2a: Iron Thorns|Quark Drive|[silent]\n|faint|p2b: Murkrow\n|-unboost|p1a: Khakkhara|def|1\n|move|p1b: Zum Zum Zum|Quiver Dance|p1b: Zum Zum Zum\n|-boost|p1b: Zum Zum Zum|spa|1\n|-boost|p1b: Zum Zum Zum|spd|1\n|-boost|p1b: Zum Zum Zum|spe|1\n|\n|upkeep\n|\n|t:|1700955583\n|switch|p2a: Ogerpon|Ogerpon-Wellspring, F|100\/100\n|switch|p2b: Florges|Florges, F|100\/100\n|turn|7\n|\n|t:|1700955599\n|switch|p2b: Oricorio|Oricorio, M|100\/100\n|-terastallize|p2a: Ogerpon|Water\n|detailschange|p2a: Ogerpon|Ogerpon-Wellspring-Tera, F, tera:Water\n|-ability|p2a: Ogerpon|Embody Aspect (Wellspring)|boost\n|-boost|p2a: Ogerpon|spd|1\n|move|p1b: Zum Zum Zum|Bug Buzz|p2a: Ogerpon\n|-damage|p2a: Ogerpon|47\/100\n|-unboost|p2a: Ogerpon|spd|1\n|move|p1a: Khakkhara|Flash Cannon|p2b: Oricorio\n|-resisted|p2b: Oricorio\n|-damage|p2b: Oricorio|44\/100\n|move|p2a: Ogerpon|Ivy Cudgel|p1a: Khakkhara|[anim] Ivy Cudgel Water\n|-damage|p1a: Khakkhara|0 fnt\n|faint|p1a: Khakkhara\n|\n|upkeep\n|turn|8\n|-message|Nakoto Ris forfeited.\n|\n|win|CHARMANDITOABM\n|l|\u2606Nakoto Ris\n","uploadtime":1700955616,"views":4,"p1id":"nakotoris","p2id":"charmanditoabm","formatid":"gen9nationaldexdoubles","rating":0,"private":0,"password":""}