{"id":"gen9nationaldexdoubles-1973171106","p1":"MathHacker","p2":"Pastrami-on-rye","format":"[Gen 9] National Dex Doubles","log":"|j|\u2606MathHacker\n|j|\u2606Pastrami-on-rye\n|t:|1697935499\n|gametype|doubles\n|player|p1|MathHacker|richboy-gen4|1407\n|player|p2|Pastrami-on-rye|2|1256\n|teamsize|p1|6\n|teamsize|p2|6\n|gen|9\n|tier|[Gen 9] National Dex Doubles\n|rated|\n|rule|HP Percentage Mod: HP is shown in percentages\n|rule|Endless Battle Clause: Forcing endless battles is banned\n|rule|OHKO Clause: OHKO moves are banned\n|rule|Evasion Moves Clause: Evasion moves are banned\n|rule|Evasion Abilities Clause: Evasion abilities are banned\n|rule|Species Clause: Limit one of each Pok\u00e9mon\n|rule|Gravity Sleep Clause: The combination of sleep-inducing moves with imperfect accuracy and Gravity or Gigantamax Orbeetle are banned\n|clearpoke\n|poke|p1|Shuckle, F|\n|poke|p1|Pelipper, F|\n|poke|p1|Cresselia, F|\n|poke|p1|Torkoal, M|\n|poke|p1|Oranguru, M|\n|poke|p1|Ursaluna, F|\n|poke|p2|Politoed, F|\n|poke|p2|Seismitoad, F|\n|poke|p2|Drednaw, F|\n|poke|p2|Toxicroak, M|\n|poke|p2|Pelipper, F|\n|poke|p2|Thundurus-Therian, M|\n|teampreview\n|inactive|Battle timer is ON: inactive players will automatically lose when time's up. (requested by Pastrami-on-rye)\n|\n|t:|1697935538\n|start\n|switch|p1a: Shucky|Shuckle, F, shiny|100\/100\n|switch|p1b: munke|Oranguru, M|100\/100\n|switch|p2a: Toxicroak|Toxicroak, M|100\/100\n|switch|p2b: Seismitoad|Seismitoad, F|100\/100\n|turn|1\n|\n|t:|1697935556\n|move|p2a: Toxicroak|Fake Out|p1b: munke\n|-damage|p1b: munke|92\/100\n|move|p2b: Seismitoad|Liquidation|p1a: Shucky\n|-supereffective|p1a: Shucky\n|-damage|p1a: Shucky|34\/100\n|move|p1a: Shucky|Power Trick|p1a: Shucky\n|-start|p1a: Shucky|Power Trick\n|cant|p1b: munke|flinch\n|\n|upkeep\n|turn|2\n|\n|t:|1697935570\n|move|p1a: Shucky|Protect|p1a: Shucky\n|-singleturn|p1a: Shucky|Protect\n|move|p2b: Seismitoad|Liquidation|p1a: Shucky\n|-activate|p1a: Shucky|move: Protect\n|move|p2a: Toxicroak|Gunk Shot|p1b: munke\n|-damage|p1b: munke|47\/100\n|-status|p1b: munke|psn\n|move|p1b: munke|Trick Room|p1b: munke\n|-fieldstart|move: Trick Room|[of] p1b: munke\n|\n|-damage|p1b: munke|35\/100 psn|[from] psn\n|upkeep\n|turn|3\n|\n|t:|1697935593\n|move|p2a: Toxicroak|Sucker Punch|p1a: Shucky\n|-damage|p1a: Shucky|0 fnt\n|faint|p1a: Shucky\n|move|p1b: munke|Instruct|p1: Shucky|[notarget]\n|-fail|p1b: munke\n|move|p2b: Seismitoad|Liquidation|p1b: munke\n|-damage|p1b: munke|0 fnt\n|faint|p1b: munke\n|\n|upkeep\n|inactive|MathHacker has 120 seconds left.\n|\n|t:|1697935617\n|switch|p1a: ber|Ursaluna, F|100\/100\n|switch|p1b: Yertle|Torkoal, M|100\/100\n|-weather|SunnyDay|[from] ability: Drought|[of] p1b: Yertle\n|turn|4\n|inactive|MathHacker has 120 seconds left.\n|\n|t:|1697935653\n|switch|p2a: Politoed|Politoed, F, shiny|100\/100\n|-weather|RainDance|[from] ability: Drizzle|[of] p2a: Politoed\n|move|p1b: Yertle|Protect|p1b: Yertle\n|-singleturn|p1b: Yertle|Protect\n|move|p1a: ber|Protect|p1a: ber\n|-singleturn|p1a: ber|Protect\n|move|p2b: Seismitoad|Liquidation|p1b: Yertle\n|-activate|p1b: Yertle|move: Protect\n|\n|-weather|RainDance|[upkeep]\n|-status|p1a: ber|brn|[from] item: Flame Orb\n|upkeep\n|turn|5\n|inactive|MathHacker has 120 seconds left.\n|\n|t:|1697935688\n|switch|p1b: Bird|Pelipper, F|100\/100\n|-terastallize|p1a: ber|Poison\n|move|p2a: Politoed|Helping Hand|p2b: Seismitoad\n|-singleturn|p2b: Seismitoad|Helping Hand|[of] p2a: Politoed\n|move|p1a: ber|Facade|p2a: Politoed\n|-damage|p2a: Politoed|0 fnt\n|faint|p2a: Politoed\n|move|p2b: Seismitoad|Liquidation|p1a: ber\n|-damage|p1a: ber|0 fnt\n|faint|p1a: ber\n|\n|-weather|RainDance|[upkeep]\n|upkeep\n|inactive|MathHacker has 90 seconds left.\n|\n|t:|1697935726\n|switch|p1a: Yertle|Torkoal, M|100\/100\n|switch|p2a: Drednaw|Drednaw, F|100\/100\n|-weather|SunnyDay|[from] ability: Drought|[of] p1a: Yertle\n|turn|6\n|\n|t:|1697935741\n|switch|p2b: Pelipper|Pelipper, F|100\/100\n|-weather|RainDance|[from] ability: Drizzle|[of] p2b: Pelipper\n|move|p1b: Bird|Wide Guard|p1b: Bird\n|-singleturn|p1b: Bird|Wide Guard\n|move|p1a: Yertle|Solar Beam||[still]\n|-prepare|p1a: Yertle|Solar Beam\n|move|p2a: Drednaw|Swords Dance|p2a: Drednaw\n|-boost|p2a: Drednaw|atk|2\n|\n|-weather|RainDance|[upkeep]\n|-fieldend|move: Trick Room\n|upkeep\n|turn|7\n|inactive|MathHacker has 90 seconds left.\n|\n|t:|1697935779\n|move|p2a: Drednaw|Liquidation|p1a: Yertle\n|-supereffective|p1a: Yertle\n|-damage|p1a: Yertle|0 fnt\n|faint|p1a: Yertle\n|move|p2b: Pelipper|U-turn|p1b: Bird\n|-resisted|p1b: Bird\n|-crit|p1b: Bird\n|-damage|p1b: Bird|93\/100\n|\n|t:|1697935791\n|switch|p2b: Thundurus|Thundurus-Therian, M|100\/100|[from] U-turn\n|move|p1b: Bird|Hurricane|p2b: Thundurus\n|-resisted|p2b: Thundurus\n|-damage|p2b: Thundurus|63\/100\n|\n|-weather|RainDance|[upkeep]\n|upkeep\n|inactive|MathHacker has 90 seconds left.\n|\n|t:|1697935798\n|switch|p1a: Cresselia|Cresselia, F, shiny|100\/100\n|turn|8\n|inactive|MathHacker has 90 seconds left.\n|\n|t:|1697935823\n|move|p1a: Cresselia|Helping Hand|p1b: Bird\n|-singleturn|p1b: Bird|Helping Hand|[of] p1a: Cresselia\n|move|p2a: Drednaw|Liquidation|p1a: Cresselia\n|-damage|p1a: Cresselia|34\/100\n|-unboost|p1a: Cresselia|def|1\n|move|p2b: Thundurus|Wildbolt Storm|p1b: Bird|[spread] p1a,p1b\n|-supereffective|p1b: Bird\n|-damage|p1a: Cresselia|6\/100\n|-damage|p1b: Bird|0 fnt\n|faint|p1b: Bird\n|\n|-weather|RainDance|[upkeep]\n|-heal|p1a: Cresselia|12\/100|[from] item: Leftovers\n|upkeep\n|turn|9\n|-message|MathHacker forfeited.\n|\n|win|Pastrami-on-rye\n|raw|MathHacker's rating: 1407 &rarr; <strong>1379<\/strong><br \/>(-28 for losing)\n|raw|Pastrami-on-rye's rating: 1256 &rarr; <strong>1291<\/strong><br \/>(+35 for winning)\n|l|\u2606Pastrami-on-rye\n","uploadtime":1697935848,"views":15,"p1id":"mathhacker","p2id":"pastramionrye","formatid":"gen9nationaldexdoubles","rating":1291,"private":0,"password":""}