{"id":"gen9nationaldexdoubles-1959747971","p1":"lokeyos","p2":"HarukaSlowpoke","format":"[Gen 9] National Dex Doubles","log":"|j|\u2606lokeyos\n|j|\u2606HarukaSlowpoke\n|t:|1696451915\n|gametype|doubles\n|player|p1|lokeyos|n|\n|player|p2|HarukaSlowpoke|veteran|\n|teamsize|p1|6\n|teamsize|p2|6\n|gen|9\n|tier|[Gen 9] National Dex Doubles\n|rule|HP Percentage Mod: HP is shown in percentages\n|rule|Endless Battle Clause: Forcing endless battles is banned\n|rule|OHKO Clause: OHKO moves are banned\n|rule|Evasion Moves Clause: Evasion moves are banned\n|rule|Evasion Abilities Clause: Evasion abilities are banned\n|rule|Species Clause: Limit one of each Pok\u00e9mon\n|rule|Gravity Sleep Clause: The combination of sleep-inducing moves with imperfect accuracy and Gravity or Gigantamax Orbeetle are banned\n|clearpoke\n|poke|p1|Amoonguss, F|\n|poke|p1|Flutter Mane|\n|poke|p1|Thundurus, M|\n|poke|p1|Walking Wake|\n|poke|p1|Rillaboom, M|\n|poke|p1|Chi-Yu|\n|poke|p2|Slowbro, M|\n|poke|p2|Chi-Yu|\n|poke|p2|Iron Hands|\n|poke|p2|Rillaboom, M|\n|poke|p2|Ursaluna-Bloodmoon, M|\n|poke|p2|Sylveon, M|\n|teampreview\n|inactive|Battle timer is ON: inactive players will automatically lose when time's up. (requested by HarukaSlowpoke)\n|inactive|HarukaSlowpoke has 270 seconds left.\n|\n|t:|1696451962\n|start\n|switch|p1a: Flutter Mane|Flutter Mane|100\/100\n|switch|p1b: Thundurus|Thundurus, M|100\/100\n|switch|p2a: Chi-Yu|Chi-Yu|100\/100\n|switch|p2b: Iron Hands|Iron Hands|100\/100\n|-ability|p2a: Chi-Yu|Beads of Ruin\n|-enditem|p2b: Iron Hands|Booster Energy\n|-activate|p2b: Iron Hands|ability: Quark Drive|[fromitem]\n|-start|p2b: Iron Hands|quarkdriveatk\n|turn|1\n|\n|t:|1696451988\n|-terastallize|p1a: Flutter Mane|Fairy\n|move|p1b: Thundurus|Sunny Day|p1b: Thundurus\n|-weather|SunnyDay\n|-activate|p1a: Flutter Mane|ability: Protosynthesis\n|-start|p1a: Flutter Mane|protosynthesisspe\n|move|p1a: Flutter Mane|Dazzling Gleam|p2a: Chi-Yu|[spread] p2a,p2b\n|-supereffective|p2b: Iron Hands\n|-damage|p2a: Chi-Yu|37\/100\n|-damage|p2b: Iron Hands|0 fnt\n|faint|p2b: Iron Hands\n|-end|p2b: Iron Hands|Quark Drive|[silent]\n|move|p2a: Chi-Yu|Snarl|p1a: Flutter Mane|[spread] p1a,p1b\n|-resisted|p1a: Flutter Mane\n|-damage|p1a: Flutter Mane|82\/100\n|-damage|p1b: Thundurus|69\/100\n|-unboost|p1a: Flutter Mane|spa|1\n|-enditem|p2a: Chi-Yu|Throat Spray\n|-boost|p2a: Chi-Yu|spa|1|[from] item: Throat Spray\n|\n|-weather|SunnyDay|[upkeep]\n|upkeep\n|inactive|HarukaSlowpoke has 270 seconds left.\n|\n|t:|1696452009\n|switch|p2b: Rillaboom|Rillaboom, M|100\/100\n|-fieldstart|move: Grassy Terrain|[from] ability: Grassy Surge|[of] p2b: Rillaboom\n|turn|2\n|inactive|HarukaSlowpoke has 270 seconds left.\n|\n|t:|1696452030\n|-end|p1a: Flutter Mane|Protosynthesis|[silent]\n|switch|p1a: Rillaboom|Rillaboom, M|100\/100\n|move|p2b: Rillaboom|Fake Out|p1b: Thundurus\n|-damage|p1b: Thundurus|54\/100\n|move|p1b: Thundurus|Wildbolt Storm|p2b: Rillaboom|[spread] p2b\n|-miss|p1b: Thundurus|p2a: Chi-Yu\n|-resisted|p2b: Rillaboom\n|-damage|p2b: Rillaboom|75\/100\n|move|p2a: Chi-Yu|Heat Wave|p1a: Rillaboom|[spread] p1a,p1b\n|-supereffective|p1a: Rillaboom\n|-crit|p1a: Rillaboom\n|-damage|p1a: Rillaboom|0 fnt\n|-damage|p1b: Thundurus|0 fnt\n|faint|p1a: Rillaboom\n|faint|p1b: Thundurus\n|\n|-weather|SunnyDay|[upkeep]\n|-heal|p2a: Chi-Yu|43\/100|[from] Grassy Terrain\n|-heal|p2b: Rillaboom|81\/100|[from] Grassy Terrain\n|upkeep\n|inactive|lokeyos has 270 seconds left.\n|\n|t:|1696452077\n|switch|p1b: Flutter Mane|Flutter Mane, tera:Fairy|82\/100\n|switch|p1a: Amoonguss|Amoonguss, F, shiny|100\/100\n|-activate|p1b: Flutter Mane|ability: Protosynthesis\n|-start|p1b: Flutter Mane|protosynthesisspe\n|turn|3\n|\n|t:|1696452088\n|move|p2a: Chi-Yu|Protect|p2a: Chi-Yu\n|-singleturn|p2a: Chi-Yu|Protect\n|move|p1a: Amoonguss|Rage Powder|p1a: Amoonguss\n|-singleturn|p1a: Amoonguss|move: Rage Powder\n|move|p1b: Flutter Mane|Dazzling Gleam|p2b: Rillaboom|[spread] p2b\n|-activate|p2a: Chi-Yu|move: Protect\n|-damage|p2b: Rillaboom|0 fnt\n|faint|p2b: Rillaboom\n|\n|-weather|SunnyDay|[upkeep]\n|-heal|p1b: Flutter Mane|88\/100|[from] Grassy Terrain\n|-heal|p2a: Chi-Yu|49\/100|[from] Grassy Terrain\n|upkeep\n|inactive|HarukaSlowpoke has 270 seconds left.\n|\n|t:|1696452110\n|switch|p2b: Ursaluna|Ursaluna-Bloodmoon, M|100\/100\n|turn|4\n|inactive|HarukaSlowpoke has 270 seconds left.\n|\n|t:|1696452139\n|-terastallize|p2b: Ursaluna|Poison\n|move|p2a: Chi-Yu|Protect||[still]\n|-fail|p2a: Chi-Yu\n|move|p1a: Amoonguss|Rage Powder|p1a: Amoonguss\n|-singleturn|p1a: Amoonguss|move: Rage Powder\n|move|p1b: Flutter Mane|Dazzling Gleam|p2b: Ursaluna|[spread] p2a,p2b\n|-resisted|p2b: Ursaluna\n|-damage|p2a: Chi-Yu|0 fnt\n|-damage|p2b: Ursaluna|70\/100\n|faint|p2a: Chi-Yu\n|move|p2b: Ursaluna|Snarl|p1b: Flutter Mane|[spread] p1a,p1b\n|-resisted|p1b: Flutter Mane\n|-damage|p1a: Amoonguss|88\/100\n|-damage|p1b: Flutter Mane|80\/100\n|-unboost|p1a: Amoonguss|spa|1\n|-unboost|p1b: Flutter Mane|spa|1\n|\n|-weather|SunnyDay|[upkeep]\n|-heal|p1b: Flutter Mane|86\/100|[from] Grassy Terrain\n|-heal|p2b: Ursaluna|76\/100|[from] Grassy Terrain\n|-heal|p1a: Amoonguss|94\/100|[from] Grassy Terrain\n|upkeep\n|inactive|HarukaSlowpoke has 270 seconds left.\n|\n|t:|1696452161\n|switch|p2a: Slowbro|Slowbro, M|100\/100\n|turn|5\n|inactive|HarukaSlowpoke has 270 seconds left.\n|inactive|lokeyos has 270 seconds left.\n|\n|t:|1696452193\n|-end|p1b: Flutter Mane|Protosynthesis|[silent]\n|switch|p1b: Walking Wake|Walking Wake|100\/100\n|-activate|p1b: Walking Wake|ability: Protosynthesis\n|-start|p1b: Walking Wake|protosynthesisspe\n|move|p2b: Ursaluna|Snarl|p1a: Amoonguss|[spread] p1a,p1b\n|-damage|p1a: Amoonguss|81\/100\n|-damage|p1b: Walking Wake|83\/100\n|-unboost|p1a: Amoonguss|spa|1\n|-unboost|p1b: Walking Wake|spa|1\n|move|p1a: Amoonguss|Spore|p2a: Slowbro\n|-status|p2a: Slowbro|slp|[from] move: Spore\n|cant|p2a: Slowbro|slp\n|\n|-weather|none\n|-end|p1b: Walking Wake|Protosynthesis\n|-heal|p1b: Walking Wake|89\/100|[from] Grassy Terrain\n|-heal|p2b: Ursaluna|82\/100|[from] Grassy Terrain\n|-heal|p1a: Amoonguss|87\/100|[from] Grassy Terrain\n|upkeep\n|turn|6\n|inactive|HarukaSlowpoke has 270 seconds left.\n|inactive|lokeyos has 270 seconds left.\n|\n|t:|1696452222\n|move|p1b: Walking Wake|Hydro Steam|p2b: Ursaluna\n|-crit|p2b: Ursaluna\n|-damage|p2b: Ursaluna|14\/100\n|move|p2b: Ursaluna|Snarl|p1b: Walking Wake|[spread] p1a,p1b\n|-damage|p1a: Amoonguss|74\/100\n|-damage|p1b: Walking Wake|73\/100\n|-unboost|p1a: Amoonguss|spa|1\n|-unboost|p1b: Walking Wake|spa|1\n|move|p1a: Amoonguss|Spore|p2b: Ursaluna\n|-status|p2b: Ursaluna|slp|[from] move: Spore\n|cant|p2a: Slowbro|slp\n|\n|-heal|p1b: Walking Wake|79\/100|[from] Grassy Terrain\n|-heal|p2b: Ursaluna|20\/100 slp|[from] Grassy Terrain\n|-heal|p1a: Amoonguss|80\/100|[from] Grassy Terrain\n|-fieldend|move: Grassy Terrain\n|upkeep\n|turn|7\n|inactive|HarukaSlowpoke has 270 seconds left.\n|\n|t:|1696452248\n|-end|p1b: Walking Wake|Protosynthesis|[silent]\n|switch|p1b: Flutter Mane|Flutter Mane, tera:Fairy|86\/100\n|switch|p1a: Chi-Yu|Chi-Yu|100\/100\n|-ability|p1a: Chi-Yu|Beads of Ruin\n|cant|p2b: Ursaluna|slp\n|cant|p2a: Slowbro|slp\n|\n|upkeep\n|turn|8\n|\n|t:|1696452275\n|move|p1a: Chi-Yu|Dark Pulse|p2a: Slowbro\n|-supereffective|p2a: Slowbro\n|-damage|p2a: Slowbro|0 fnt\n|faint|p2a: Slowbro\n|move|p1b: Flutter Mane|Dazzling Gleam|p2b: Ursaluna\n|-resisted|p2b: Ursaluna\n|-damage|p2b: Ursaluna|0 fnt\n|faint|p2b: Ursaluna\n|\n|upkeep\n|inactive|HarukaSlowpoke has 270 seconds left.\n|\n|t:|1696452285\n|switch|p2a: Sylveon|Sylveon, M|100\/100\n|turn|9\n|inactive|lokeyos has 270 seconds left.\n|\n|t:|1696452319\n|move|p1a: Chi-Yu|Dark Pulse|p2a: Sylveon\n|-resisted|p2a: Sylveon\n|-damage|p2a: Sylveon|76\/100\n|move|p1b: Flutter Mane|Dazzling Gleam|p2a: Sylveon\n|-damage|p2a: Sylveon|0 fnt\n|faint|p2a: Sylveon\n|\n|win|lokeyos\n","uploadtime":1696452324,"views":11,"p1id":"lokeyos","p2id":"harukaslowpoke","formatid":"gen9nationaldexdoubles","rating":0,"private":0,"password":""}