{"id":"gen9nationaldexdoubles-1963778765","p1":"cyndaquilrockz","p2":"kingspeed51","format":"[Gen 9] National Dex Doubles","log":"|j|\u2606cyndaquilrockz\n|j|\u2606kingspeed51\n|t:|1696899222\n|gametype|doubles\n|player|p1|cyndaquilrockz|pokemonranger-gen4|1056\n|player|p2|kingspeed51|169|1092\n|teamsize|p1|6\n|teamsize|p2|6\n|gen|9\n|tier|[Gen 9] National Dex Doubles\n|rated|\n|rule|HP Percentage Mod: HP is shown in percentages\n|rule|Endless Battle Clause: Forcing endless battles is banned\n|rule|OHKO Clause: OHKO moves are banned\n|rule|Evasion Moves Clause: Evasion moves are banned\n|rule|Evasion Abilities Clause: Evasion abilities are banned\n|rule|Species Clause: Limit one of each Pok\u00e9mon\n|rule|Gravity Sleep Clause: The combination of sleep-inducing moves with imperfect accuracy and Gravity or Gigantamax Orbeetle are banned\n|clearpoke\n|poke|p1|Shiftry, M|\n|poke|p1|Clefable, M|\n|poke|p1|Braviary-Hisui, M|\n|poke|p1|Ribombee, F|\n|poke|p1|Slowking-Galar, F|\n|poke|p1|Iron Bundle|\n|poke|p2|Metagross|\n|poke|p2|Salamence, M|\n|poke|p2|Iron Moth|\n|poke|p2|Greninja-*, F|\n|poke|p2|Whimsicott, F|\n|poke|p2|Chansey, F|\n|teampreview\n|\n|t:|1696899243\n|start\n|switch|p1a: Shiftry|Shiftry, M|100\/100\n|switch|p1b: Clefable|Clefable, M|100\/100\n|switch|p2a: Whimsicott|Whimsicott, F|100\/100\n|switch|p2b: Greninja|Greninja, F|100\/100\n|turn|1\n|\n|t:|1696899260\n|move|p2a: Whimsicott|Tailwind|p2a: Whimsicott\n|-sidestart|p2: kingspeed51|move: Tailwind\n|move|p2b: Greninja|Ice Beam|p1a: Shiftry\n|-start|p2b: Greninja|typechange|Ice|[from] ability: Protean\n|-supereffective|p1a: Shiftry\n|-damage|p1a: Shiftry|0 fnt\n|faint|p1a: Shiftry\n|move|p1b: Clefable|Knock Off|p2a: Whimsicott\n|-resisted|p2a: Whimsicott\n|-damage|p2a: Whimsicott|92\/100\n|-enditem|p2a: Whimsicott|Focus Sash|[from] move: Knock Off|[of] p1b: Clefable\n|\n|upkeep\n|\n|t:|1696899277\n|switch|p1a: Iron Bundle|Iron Bundle|100\/100\n|turn|2\n|\n|t:|1696899293\n|move|p2a: Whimsicott|Protect|p2a: Whimsicott\n|-singleturn|p2a: Whimsicott|Protect\n|move|p2b: Greninja|Ice Beam|p1a: Iron Bundle\n|-resisted|p1a: Iron Bundle\n|-damage|p1a: Iron Bundle|79\/100\n|move|p1a: Iron Bundle|Ice Beam|p2a: Whimsicott\n|-activate|p2a: Whimsicott|move: Protect\n|move|p1b: Clefable|Knock Off|p2b: Greninja\n|-damage|p2b: Greninja|77\/100\n|-enditem|p2b: Greninja|Wide Lens|[from] move: Knock Off|[of] p1b: Clefable\n|\n|upkeep\n|turn|3\n|\n|t:|1696899317\n|switch|p2a: Chansey|Chansey, F|100\/100\n|move|p2b: Greninja|Ice Beam|p1b: Clefable\n|-damage|p1b: Clefable|72\/100\n|move|p1a: Iron Bundle|Ice Beam|p2a: Chansey\n|-damage|p2a: Chansey|85\/100\n|move|p1b: Clefable|Moonblast|p2b: Greninja\n|-damage|p2b: Greninja|23\/100\n|\n|upkeep\n|turn|4\n|\n|t:|1696899346\n|move|p1b: Clefable|Follow Me|p1b: Clefable\n|-singleturn|p1b: Clefable|move: Follow Me\n|move|p2b: Greninja|Ice Beam|p1b: Clefable\n|-damage|p1b: Clefable|40\/100\n|move|p1a: Iron Bundle|Flip Turn|p2a: Chansey\n|-damage|p2a: Chansey|75\/100\n|\n|t:|1696899355\n|-end|p1a: Iron Bundle|Quark Drive|[silent]\n|switch|p1a: Ribombee|Ribombee, F|100\/100|[from] Flip Turn\n|move|p2a: Chansey|Toxic|p1b: Clefable\n|-status|p1b: Clefable|tox\n|\n|-sideend|p2: kingspeed51|move: Tailwind\n|upkeep\n|turn|5\n|\n|t:|1696899375\n|move|p1a: Ribombee|Sticky Web|p2b: Greninja\n|-sidestart|p2: kingspeed51|move: Sticky Web\n|move|p2b: Greninja|Ice Beam|p1a: Ribombee\n|-damage|p1a: Ribombee|36\/100\n|move|p1b: Clefable|Soft-Boiled|p1b: Clefable\n|-heal|p1b: Clefable|90\/100 tox\n|move|p2a: Chansey|Seismic Toss|p1b: Clefable\n|-damage|p1b: Clefable|65\/100 tox\n|-damage|p2a: Chansey|59\/100|[from] item: Rocky Helmet|[of] p1b: Clefable\n|\n|upkeep\n|turn|6\n|\n|t:|1696899391\n|move|p1a: Ribombee|Pollen Puff|p2b: Greninja\n|-damage|p2b: Greninja|0 fnt\n|faint|p2b: Greninja\n|move|p1b: Clefable|Knock Off|p2a: Chansey\n|-damage|p2a: Chansey|49\/100\n|-enditem|p2a: Chansey|Eviolite|[from] move: Knock Off|[of] p1b: Clefable\n|move|p2a: Chansey|Soft-Boiled|p2a: Chansey\n|-heal|p2a: Chansey|99\/100\n|\n|upkeep\n|\n|t:|1696899403\n|switch|p2b: Metagross|Metagross|100\/100\n|-activate|p2b: Metagross|move: Sticky Web\n|-fail|p2b: Metagross|unboost|[from] ability: Clear Body|[of] p2b: Metagross\n|turn|7\n|\n|t:|1696899423\n|move|p1a: Ribombee|Stun Spore|p2b: Metagross|[miss]\n|-miss|p1a: Ribombee|p2b: Metagross\n|move|p2b: Metagross|Meteor Mash|p1b: Clefable\n|-supereffective|p1b: Clefable\n|-damage|p1b: Clefable|0 fnt\n|-damage|p2b: Metagross|84\/100|[from] item: Rocky Helmet|[of] p1b: Clefable\n|faint|p1b: Clefable\n|move|p2a: Chansey|Seismic Toss|p1a: Ribombee\n|-damage|p1a: Ribombee|5\/100\n|\n|upkeep\n|\n|t:|1696899430\n|switch|p1b: Braviary|Braviary-Hisui, M, shiny|100\/100\n|turn|8\n|\n|t:|1696899443\n|move|p1a: Ribombee|Stun Spore|p2b: Metagross|[miss]\n|-miss|p1a: Ribombee|p2b: Metagross\n|move|p2b: Metagross|Ice Punch|p1b: Braviary\n|-supereffective|p1b: Braviary\n|-crit|p1b: Braviary\n|-damage|p1b: Braviary|14\/100\n|move|p1b: Braviary|Calm Mind|p1b: Braviary\n|-boost|p1b: Braviary|spa|1\n|-boost|p1b: Braviary|spd|1\n|move|p2a: Chansey|Seismic Toss|p1a: Ribombee\n|-damage|p1a: Ribombee|0 fnt\n|faint|p1a: Ribombee\n|\n|upkeep\n|\n|t:|1696899448\n|switch|p1a: Slowking|Slowking-Galar, F|100\/100\n|turn|9\n|\n|t:|1696899461\n|switch|p2b: Whimsicott|Whimsicott, F|92\/100\n|-activate|p2b: Whimsicott|move: Sticky Web\n|-unboost|p2b: Whimsicott|spe|1\n|move|p1b: Braviary|Hurricane|p2a: Chansey|[miss]\n|-miss|p1b: Braviary|p2a: Chansey\n|-enditem|p1b: Braviary|Blunder Policy\n|-boost|p1b: Braviary|spe|2\n|move|p2a: Chansey|Toxic|p1b: Braviary|[miss]\n|-miss|p2a: Chansey|p1b: Braviary\n|move|p1a: Slowking|Sludge Bomb|p2b: Whimsicott\n|-supereffective|p2b: Whimsicott\n|-damage|p2b: Whimsicott|0 fnt\n|faint|p2b: Whimsicott\n|\n|upkeep\n|\n|t:|1696899475\n|switch|p2b: Salamence|Salamence, M|100\/100\n|-ability|p2b: Salamence|Intimidate|boost\n|-unboost|p1a: Slowking|atk|1\n|-unboost|p1b: Braviary|atk|1\n|turn|10\n|\n|t:|1696899504\n|-terastallize|p1b: Braviary|Psychic\n|move|p2b: Salamence|Protect|p2b: Salamence\n|-singleturn|p2b: Salamence|Protect\n|move|p1b: Braviary|Stored Power|p2b: Salamence\n|-activate|p2b: Salamence|move: Protect\n|move|p2a: Chansey|Seismic Toss|p1b: Braviary\n|-damage|p1b: Braviary|0 fnt\n|faint|p1b: Braviary\n|move|p1a: Slowking|Heal Pulse|p1: Braviary|[notarget]\n|-fail|p1a: Slowking\n|\n|upkeep\n|\n|t:|1696899509\n|switch|p1b: Iron Bundle|Iron Bundle|79\/100\n|turn|11\n|\n|t:|1696899525\n|move|p2b: Salamence|Protect||[still]\n|-fail|p2b: Salamence\n|move|p1b: Iron Bundle|Ice Beam|p2b: Salamence\n|-supereffective|p2b: Salamence\n|-damage|p2b: Salamence|0 fnt\n|faint|p2b: Salamence\n|move|p2a: Chansey|Toxic|p1b: Iron Bundle\n|-status|p1b: Iron Bundle|tox\n|move|p1a: Slowking|Sludge Bomb|p2a: Chansey\n|-crit|p2a: Chansey\n|-damage|p2a: Chansey|77\/100\n|-status|p2a: Chansey|psn\n|\n|-damage|p1b: Iron Bundle|73\/100 tox|[from] psn\n|-damage|p2a: Chansey|64\/100 psn|[from] psn\n|upkeep\n|\n|t:|1696899539\n|switch|p2b: Iron Moth|Iron Moth|100\/100\n|-activate|p2b: Iron Moth|move: Sticky Web\n|-unboost|p2b: Iron Moth|spe|1\n|-enditem|p2b: Iron Moth|Booster Energy\n|-activate|p2b: Iron Moth|ability: Quark Drive|[fromitem]\n|-start|p2b: Iron Moth|quarkdrivespa\n|turn|12\n|\n|t:|1696899550\n|-terastallize|p2b: Iron Moth|Grass\n|move|p1b: Iron Bundle|Hydro Pump|p2b: Iron Moth\n|-resisted|p2b: Iron Moth\n|-damage|p2b: Iron Moth|71\/100\n|move|p2b: Iron Moth|Energy Ball|p1b: Iron Bundle\n|-supereffective|p1b: Iron Bundle\n|-damage|p1b: Iron Bundle|0 fnt\n|faint|p1b: Iron Bundle\n|-end|p1b: Iron Bundle|Quark Drive|[silent]\n|move|p2a: Chansey|Soft-Boiled|p2a: Chansey\n|-heal|p2a: Chansey|100\/100 psn\n|move|p1a: Slowking|Heal Pulse|p1: Iron Bundle|[notarget]\n|-fail|p1a: Slowking\n|\n|-damage|p2a: Chansey|88\/100 psn|[from] psn\n|upkeep\n|turn|13\n|\n|t:|1696899568\n|move|p2b: Iron Moth|Fiery Dance|p1a: Slowking\n|-damage|p1a: Slowking|69\/100\n|-boost|p2b: Iron Moth|spa|1\n|move|p2a: Chansey|Seismic Toss|p1a: Slowking\n|-damage|p1a: Slowking|44\/100\n|move|p1a: Slowking|Sludge Bomb|p2b: Iron Moth\n|-supereffective|p2b: Iron Moth\n|-damage|p2b: Iron Moth|3\/100\n|-status|p2b: Iron Moth|psn\n|\n|-heal|p1a: Slowking|50\/100|[from] item: Leftovers\n|-damage|p2b: Iron Moth|0 fnt|[from] psn\n|faint|p2b: Iron Moth\n|-end|p2b: Iron Moth|Quark Drive|[silent]\n|-damage|p2a: Chansey|75\/100 psn|[from] psn\n|upkeep\n|\n|t:|1696899583\n|switch|p2b: Metagross|Metagross|84\/100\n|-activate|p2b: Metagross|move: Sticky Web\n|-fail|p2b: Metagross|unboost|[from] ability: Clear Body|[of] p2b: Metagross\n|turn|14\n|\n|t:|1696899590\n|move|p2b: Metagross|Earthquake|p1a: Slowking|[spread] p2a,p1a\n|-supereffective|p1a: Slowking\n|-damage|p2a: Chansey|51\/100 psn\n|-damage|p1a: Slowking|0 fnt\n|faint|p1a: Slowking\n|\n|win|kingspeed51\n|raw|cyndaquilrockz's rating: 1056 &rarr; <strong>1039<\/strong><br \/>(-17 for losing)\n|raw|kingspeed51's rating: 1092 &rarr; <strong>1115<\/strong><br \/>(+23 for winning)\n|l|\u2606cyndaquilrockz\n","uploadtime":1696899599,"views":4,"p1id":"cyndaquilrockz","p2id":"kingspeed51","formatid":"gen9nationaldexdoubles","rating":1039,"private":0,"password":""}