{"id":"gen9nationaldexdoubles-1996414969","p1":"KRONEL2426","p2":"sadboigaming","format":"[Gen 9] National Dex Doubles","log":"|j|\u2606KRONEL2426\n|j|\u2606sadboigaming\n|t:|1700679790\n|gametype|doubles\n|player|p1|KRONEL2426|hugh|1061\n|player|p2|sadboigaming|unknown|1089\n|teamsize|p1|6\n|teamsize|p2|6\n|gen|9\n|tier|[Gen 9] National Dex Doubles\n|rated|\n|rule|HP Percentage Mod: HP is shown in percentages\n|rule|Endless Battle Clause: Forcing endless battles is banned\n|rule|OHKO Clause: OHKO moves are banned\n|rule|Evasion Moves Clause: Evasion moves are banned\n|rule|Evasion Abilities Clause: Evasion abilities are banned\n|rule|Species Clause: Limit one of each Pok\u00e9mon\n|rule|Gravity Sleep Clause: The combination of sleep-inducing moves with imperfect accuracy and Gravity or Gigantamax Orbeetle are banned\n|clearpoke\n|poke|p1|Toxapex, F|\n|poke|p1|Amoonguss, F|\n|poke|p1|Corviknight, F|\n|poke|p1|Kommo-o, F|\n|poke|p1|Grimmsnarl, M|\n|poke|p1|Volcarona, F|\n|poke|p2|Froslass, F|\n|poke|p2|Torkoal, M|\n|poke|p2|Roaring Moon|\n|poke|p2|Urshifu-*, M|\n|poke|p2|Thundurus-Therian, M|\n|poke|p2|Gardevoir, F|\n|teampreview\n|\n|t:|1700679811\n|start\n|switch|p1a: Toxapex|Toxapex, F|100\/100\n|switch|p1b: Grimmsnarl|Grimmsnarl, M|100\/100\n|switch|p2a: Torkoal|Torkoal, M, shiny|100\/100\n|switch|p2b: Roaring Moon|Roaring Moon|100\/100\n|-weather|SunnyDay|[from] ability: Drought|[of] p2a: Torkoal\n|-activate|p2b: Roaring Moon|ability: Protosynthesis\n|-start|p2b: Roaring Moon|protosynthesisatk\n|turn|1\n|inactive|Battle timer is ON: inactive players will automatically lose when time's up. (requested by KRONEL2426)\n|\n|t:|1700679861\n|-terastallize|p2a: Torkoal|Flying\n|move|p1b: Grimmsnarl|Fake Out|p2a: Torkoal\n|-damage|p2a: Torkoal|94\/100\n|-damage|p1b: Grimmsnarl|84\/100|[from] item: Rocky Helmet|[of] p2a: Torkoal\n|move|p2b: Roaring Moon|Earthquake|p1a: Toxapex|[spread] p1a,p1b\n|-immune|p2a: Torkoal\n|-supereffective|p1a: Toxapex\n|-damage|p1a: Toxapex|54\/100\n|-damage|p1b: Grimmsnarl|32\/100\n|move|p1a: Toxapex|Icy Wind|p2b: Roaring Moon|[spread] p2a\n|-miss|p1a: Toxapex|p2b: Roaring Moon\n|-supereffective|p2a: Torkoal\n|-damage|p2a: Torkoal|78\/100\n|-unboost|p2a: Torkoal|spe|1\n|cant|p2a: Torkoal|flinch\n|\n|-weather|SunnyDay|[upkeep]\n|-heal|p1a: Toxapex|61\/100|[from] item: Leftovers\n|upkeep\n|turn|2\n|\n|t:|1700679888\n|move|p1a: Toxapex|Baneful Bunker|p1a: Toxapex\n|-singleturn|p1a: Toxapex|move: Protect\n|move|p1b: Grimmsnarl|Parting Shot|p2b: Roaring Moon\n|-hint|Since gen 7, Dark is immune to Prankster moves.\n|-immune|p2b: Roaring Moon\n|move|p2b: Roaring Moon|Earthquake|p1b: Grimmsnarl|[spread] p1b\n|-activate|p1a: Toxapex|move: Protect\n|-immune|p2a: Torkoal\n|-damage|p1b: Grimmsnarl|0 fnt\n|faint|p1b: Grimmsnarl\n|move|p2a: Torkoal|Yawn|p1a: Toxapex\n|-activate|p1a: Toxapex|move: Protect\n|\n|-weather|SunnyDay|[upkeep]\n|-heal|p1a: Toxapex|67\/100|[from] item: Leftovers\n|upkeep\n|inactive|KRONEL2426 has 120 seconds left.\n|\n|t:|1700679910\n|switch|p1b: Kommo-o|Kommo-o, F|100\/100\n|turn|3\n|\n|t:|1700679921\n|move|p2b: Roaring Moon|Scale Shot|p1b: Kommo-o\n|-supereffective|p1b: Kommo-o\n|-damage|p1b: Kommo-o|63\/100\n|-supereffective|p1b: Kommo-o\n|-damage|p1b: Kommo-o|28\/100\n|-hitcount|p1b: Kommo-o|2\n|-unboost|p2b: Roaring Moon|def|1\n|-boost|p2b: Roaring Moon|spe|1\n|move|p1b: Kommo-o|Clangorous Soul||[still]\n|-fail|p1b: Kommo-o\n|move|p1a: Toxapex|Icy Wind|p2a: Torkoal|[spread] p2a,p2b\n|-supereffective|p2a: Torkoal\n|-supereffective|p2b: Roaring Moon\n|-damage|p2a: Torkoal|63\/100\n|-damage|p2b: Roaring Moon|89\/100\n|-unboost|p2a: Torkoal|spe|1\n|-unboost|p2b: Roaring Moon|spe|1\n|move|p2a: Torkoal|Yawn|p1a: Toxapex\n|-start|p1a: Toxapex|move: Yawn|[of] p2a: Torkoal\n|\n|-weather|SunnyDay|[upkeep]\n|-heal|p1a: Toxapex|73\/100|[from] item: Leftovers\n|upkeep\n|turn|4\n|inactive|sadboigaming has 120 seconds left.\n|\n|t:|1700679962\n|switch|p2a: Gardevoir|Gardevoir, F, shiny|100\/100\n|move|p2b: Roaring Moon|Earthquake|p1a: Toxapex|[spread] p1a,p1b\n|-activate|p2a: Gardevoir|ability: Telepathy\n|-supereffective|p1a: Toxapex\n|-damage|p1a: Toxapex|26\/100\n|-damage|p1b: Kommo-o|0 fnt\n|faint|p1b: Kommo-o\n|move|p1a: Toxapex|Icy Wind|p2b: Roaring Moon|[spread] p2a,p2b\n|-supereffective|p2b: Roaring Moon\n|-damage|p2a: Gardevoir|94\/100\n|-damage|p2b: Roaring Moon|77\/100\n|-unboost|p2a: Gardevoir|spe|1\n|-unboost|p2b: Roaring Moon|spe|1\n|\n|-weather|SunnyDay|[upkeep]\n|-heal|p1a: Toxapex|33\/100|[from] item: Leftovers\n|-end|p1a: Toxapex|move: Yawn|[silent]\n|-status|p1a: Toxapex|slp\n|upkeep\n|inactive|KRONEL2426 has 120 seconds left.\n|\n|t:|1700679980\n|switch|p1b: Volcarona|Volcarona, F|100\/100\n|turn|5\n|\n|t:|1700679997\n|switch|p1a: Corviknight|Corviknight, F|100\/100\n|-ability|p1a: Corviknight|Pressure\n|move|p1b: Volcarona|Quiver Dance|p1b: Volcarona\n|-boost|p1b: Volcarona|spa|1\n|-boost|p1b: Volcarona|spd|1\n|-boost|p1b: Volcarona|spe|1\n|move|p2a: Gardevoir|Psyshock|p1a: Corviknight\n|-resisted|p1a: Corviknight\n|-damage|p1a: Corviknight|85\/100\n|move|p2b: Roaring Moon|Dragon Dance|p2b: Roaring Moon\n|-boost|p2b: Roaring Moon|atk|1\n|-boost|p2b: Roaring Moon|spe|1\n|\n|-weather|none\n|-end|p2b: Roaring Moon|Protosynthesis\n|-heal|p1a: Corviknight|91\/100|[from] item: Leftovers\n|upkeep\n|turn|6\n|inactive|sadboigaming has 120 seconds left.\n|inactive|sadboigaming has 90 seconds left.\n|\n|t:|1700680059\n|move|p1b: Volcarona|Fiery Dance|p2b: Roaring Moon\n|-resisted|p2b: Roaring Moon\n|-damage|p2b: Roaring Moon|43\/100\n|-boost|p1b: Volcarona|spa|1\n|move|p2b: Roaring Moon|Scale Shot|p1b: Volcarona\n|-damage|p1b: Volcarona|63\/100\n|-damage|p1b: Volcarona|30\/100\n|-hitcount|p1b: Volcarona|2\n|-unboost|p2b: Roaring Moon|def|1\n|-boost|p2b: Roaring Moon|spe|1\n|move|p2a: Gardevoir|Psyshock|p1b: Volcarona\n|-damage|p1b: Volcarona|0 fnt\n|faint|p1b: Volcarona\n|move|p1a: Corviknight|Brave Bird|p2b: Roaring Moon\n|-damage|p2b: Roaring Moon|0 fnt\n|faint|p2b: Roaring Moon\n|-end|p2b: Roaring Moon|Protosynthesis|[silent]\n|-damage|p1a: Corviknight|79\/100|[from] Recoil\n|\n|-heal|p1a: Corviknight|85\/100|[from] item: Leftovers\n|upkeep\n|-message|KRONEL2426 forfeited.\n|\n|win|sadboigaming\n|raw|KRONEL2426's rating: 1061 &rarr; <strong>1043<\/strong><br \/>(-18 for losing)\n|raw|sadboigaming's rating: 1089 &rarr; <strong>1114<\/strong><br \/>(+25 for winning)\n|l|\u2606KRONEL2426\n","uploadtime":1700680182,"views":16,"p1id":"kronel2426","p2id":"sadboigaming","formatid":"gen9nationaldexdoubles","rating":1043,"private":0,"password":""}