{"id":"gen9nationaldexdoubles-1957222757","p1":"CynthiasDom","p2":"Paldea Athens 420","format":"[Gen 9] National Dex Doubles","log":"|j|\u2606CynthiasDom\n|j|\u2606Paldea Athens 420\n|t:|1696197062\n|gametype|doubles\n|player|p1|CynthiasDom|cynthia|1293\n|player|p2|Paldea Athens 420|volo|1600\n|teamsize|p1|6\n|teamsize|p2|6\n|gen|9\n|tier|[Gen 9] National Dex Doubles\n|rated|\n|rule|HP Percentage Mod: HP is shown in percentages\n|rule|Endless Battle Clause: Forcing endless battles is banned\n|rule|OHKO Clause: OHKO moves are banned\n|rule|Evasion Moves Clause: Evasion moves are banned\n|rule|Evasion Abilities Clause: Evasion abilities are banned\n|rule|Species Clause: Limit one of each Pok\u00e9mon\n|rule|Gravity Sleep Clause: The combination of sleep-inducing moves with imperfect accuracy and Gravity or Gigantamax Orbeetle are banned\n|clearpoke\n|poke|p1|Brambleghast, F|\n|poke|p1|Incineroar, M|\n|poke|p1|Urshifu-*, M|\n|poke|p1|Fezandipiti, M|\n|poke|p1|Goodra-Hisui, M|\n|poke|p1|Cresselia, F|\n|poke|p2|Kingambit, M|\n|poke|p2|Flutter Mane|\n|poke|p2|Charizard, M|\n|poke|p2|Tornadus, M|\n|poke|p2|Ogerpon-Hearthflame, F|\n|poke|p2|Chien-Pao|\n|teampreview\n|inactive|Battle timer is ON: inactive players will automatically lose when time's up. (requested by CynthiasDom)\n|c|\u2606Paldea Athens 420|!data Wind Rider\n|raw|<ul class=\"utilichart\"><li class=\"result\"><span class=\"col namecol\"><a href=\"https:\/\/dex.pokemonshowdown.com\/abilities\/windrider\">Wind Rider<\/a><\/span> <span class=\"col abilitydesccol\">Attack raised by 1 if hit by a wind move or Tailwind begins. Wind move immunity.<\/span> <\/li><li style=\"clear:both\"><\/li><\/ul>\n\n|c|\u2606CynthiasDom|:0\n|inactive|Paldea Athens 420 has 120 seconds left.\n|\n|t:|1696197098\n|start\n|switch|p1a: Incineroar|Incineroar, M, shiny|100\/100\n|switch|p1b: Fezandipiti|Fezandipiti, M|100\/100\n|switch|p2a: Tornadus|Tornadus, M|100\/100\n|switch|p2b: Chien-Pao|Chien-Pao|100\/100\n|-ability|p2b: Chien-Pao|Sword of Ruin\n|-ability|p1a: Incineroar|Intimidate|boost\n|-unboost|p2a: Tornadus|atk|1\n|-unboost|p2b: Chien-Pao|atk|1\n|turn|1\n|\n|t:|1696197112\n|move|p1a: Incineroar|Fake Out|p2b: Chien-Pao\n|-damage|p2b: Chien-Pao|84\/100\n|move|p2a: Tornadus|Tailwind|p2a: Tornadus\n|-sidestart|p2: Paldea Athens 420|move: Tailwind\n|cant|p2b: Chien-Pao|flinch\n|move|p1b: Fezandipiti|Tailwind|p1b: Fezandipiti\n|-sidestart|p1: CynthiasDom|move: Tailwind\n|\n|upkeep\n|turn|2\n|\n|t:|1696197126\n|move|p2b: Chien-Pao|Sacred Sword|p1a: Incineroar\n|-supereffective|p1a: Incineroar\n|-damage|p1a: Incineroar|54\/100\n|move|p1b: Fezandipiti|Icy Wind|p2a: Tornadus|[spread] p2a,p2b\n|-supereffective|p2a: Tornadus\n|-resisted|p2b: Chien-Pao\n|-damage|p2a: Tornadus|89\/100\n|-damage|p2b: Chien-Pao|78\/100\n|-unboost|p2a: Tornadus|spe|1\n|-unboost|p2b: Chien-Pao|spe|1\n|-status|p2a: Tornadus|tox|[from] ability: Toxic Chain|[of] p1b: Fezandipiti\n|-zpower|p2a: Tornadus\n|move|p2a: Tornadus|Supersonic Skystrike|p1b: Fezandipiti|[zeffect]\n|-crit|p1b: Fezandipiti\n|-damage|p1b: Fezandipiti|18\/100\n|move|p1a: Incineroar|Parting Shot|p2b: Chien-Pao\n|-unboost|p2b: Chien-Pao|atk|1\n|-unboost|p2b: Chien-Pao|spa|1\n|\n|t:|1696197142\n|switch|p1a: Cresselia|Cresselia, F|100\/100|[from] Parting Shot\n|\n|-damage|p2a: Tornadus|83\/100 tox|[from] psn\n|upkeep\n|turn|3\n|\n|t:|1696197165\n|move|p1b: Fezandipiti|Protect|p1b: Fezandipiti\n|-singleturn|p1b: Fezandipiti|Protect\n|move|p2a: Tornadus|Taunt|p1a: Cresselia\n|-start|p1a: Cresselia|move: Taunt\n|-enditem|p1a: Cresselia|Mental Herb\n|-end|p1a: Cresselia|move: Taunt\n|move|p2b: Chien-Pao|Ice Spinner|p1b: Fezandipiti\n|-activate|p1b: Fezandipiti|move: Protect\n|move|p1a: Cresselia|Lunar Blessing|p1a: Cresselia|[spread] p1a,p1b\n|-heal|p1b: Fezandipiti|43\/100\n|\n|-damage|p2a: Tornadus|71\/100 tox|[from] psn\n|upkeep\n|turn|4\n|\n|t:|1696197192\n|switch|p1b: Goodra|Goodra-Hisui, M, shiny|100\/100\n|switch|p2b: Kingambit|Kingambit, M, shiny|100\/100\n|move|p2a: Tornadus|Taunt|p1a: Cresselia\n|-start|p1a: Cresselia|move: Taunt\n|move|p1a: Cresselia|Dazzling Gleam|p2b: Kingambit|[spread] p2a,p2b\n|-damage|p2a: Tornadus|63\/100 tox\n|-damage|p2b: Kingambit|94\/100\n|\n|-damage|p2a: Tornadus|44\/100 tox|[from] psn\n|-sideend|p2: Paldea Athens 420|move: Tailwind\n|-sideend|p1: CynthiasDom|move: Tailwind\n|upkeep\n|turn|5\n|\n|t:|1696197213\n|switch|p2a: Chien-Pao|Chien-Pao|78\/100\n|-ability|p2a: Chien-Pao|Sword of Ruin\n|move|p1a: Cresselia|Dazzling Gleam|p2b: Kingambit|[spread] p2a,p2b\n|-supereffective|p2a: Chien-Pao\n|-damage|p2a: Chien-Pao|41\/100\n|-damage|p2b: Kingambit|87\/100\n|move|p2b: Kingambit|Kowtow Cleave|p1a: Cresselia\n|-supereffective|p1a: Cresselia\n|-damage|p1a: Cresselia|23\/100\n|move|p1b: Goodra|Shelter|p1b: Goodra\n|-boost|p1b: Goodra|def|2\n|\n|upkeep\n|turn|6\n|\n|t:|1696197227\n|move|p2a: Chien-Pao|Sacred Sword|p1b: Goodra\n|-supereffective|p1b: Goodra\n|-damage|p1b: Goodra|22\/100\n|move|p1a: Cresselia|Dazzling Gleam|p2a: Chien-Pao|[spread] p2a,p2b\n|-supereffective|p2a: Chien-Pao\n|-damage|p2a: Chien-Pao|6\/100\n|-damage|p2b: Kingambit|79\/100\n|move|p2b: Kingambit|Kowtow Cleave|p1a: Cresselia\n|-supereffective|p1a: Cresselia\n|-damage|p1a: Cresselia|0 fnt\n|faint|p1a: Cresselia\n|move|p1b: Goodra|Body Press|p2b: Kingambit\n|-supereffective|p2b: Kingambit\n|-damage|p2b: Kingambit|0 fnt\n|faint|p2b: Kingambit\n|-end|p2b: Kingambit|fallenundefined|[silent]\n|\n|-heal|p1b: Goodra|28\/100|[from] item: Leftovers\n|upkeep\n|\n|t:|1696197244\n|switch|p1a: Incineroar|Incineroar, M, shiny|54\/100\n|switch|p2b: Flutter Mane|Flutter Mane|100\/100\n|-ability|p1a: Incineroar|Intimidate|boost\n|-unboost|p2a: Chien-Pao|atk|1\n|-unboost|p2b: Flutter Mane|atk|1\n|turn|7\n|\n|t:|1696197253\n|move|p2a: Chien-Pao|Protect|p2a: Chien-Pao\n|-singleturn|p2a: Chien-Pao|Protect\n|move|p1a: Incineroar|Fake Out|p2a: Chien-Pao\n|-activate|p2a: Chien-Pao|move: Protect\n|move|p2b: Flutter Mane|Moonblast|p1b: Goodra\n|-damage|p1b: Goodra|2\/100\n|move|p1b: Goodra|Life Dew|p1b: Goodra|[spread] p1a,p1b\n|-heal|p1a: Incineroar|79\/100\n|-heal|p1b: Goodra|27\/100\n|\n|-heal|p1b: Goodra|33\/100|[from] item: Leftovers\n|upkeep\n|turn|8\n|\n|t:|1696197269\n|move|p2a: Chien-Pao|Sacred Sword|p1b: Goodra\n|-supereffective|p1b: Goodra\n|-damage|p1b: Goodra|0 fnt\n|faint|p1b: Goodra\n|move|p2b: Flutter Mane|Moonblast|p1a: Incineroar\n|-damage|p1a: Incineroar|38\/100\n|move|p1a: Incineroar|Flare Blitz|p2b: Flutter Mane\n|-enditem|p2b: Flutter Mane|Focus Sash\n|-damage|p2b: Flutter Mane|1\/100\n|-damage|p1a: Incineroar|17\/100|[from] Recoil\n|\n|upkeep\n|\n|t:|1696197277\n|switch|p1b: Urshifu|Urshifu-Rapid-Strike, M|100\/100\n|turn|9\n|\n|t:|1696197287\n|move|p1b: Urshifu|Aqua Jet|p2b: Flutter Mane\n|-damage|p2b: Flutter Mane|0 fnt\n|faint|p2b: Flutter Mane\n|-end|p2b: Flutter Mane|Protosynthesis|[silent]\n|move|p2a: Chien-Pao|Sacred Sword|p1a: Incineroar\n|-supereffective|p1a: Incineroar\n|-damage|p1a: Incineroar|0 fnt\n|faint|p1a: Incineroar\n|\n|upkeep\n|\n|t:|1696197301\n|switch|p2b: Tornadus|Tornadus, M|44\/100 tox\n|switch|p1a: Fezandipiti|Fezandipiti, M|43\/100\n|turn|10\n|\n|t:|1696197316\n|move|p1a: Fezandipiti|Protect|p1a: Fezandipiti\n|-singleturn|p1a: Fezandipiti|Protect\n|move|p2a: Chien-Pao|Ice Spinner|p1a: Fezandipiti\n|-activate|p1a: Fezandipiti|move: Protect\n|move|p1b: Urshifu|Surging Strikes|p2b: Tornadus\n|-crit|p2b: Tornadus\n|-damage|p2b: Tornadus|0 fnt\n|faint|p2b: Tornadus\n|-hitcount|p2: Tornadus|1\n|\n|upkeep\n|\n|t:|1696197330\n|switch|p2b: Charizard|Charizard, M|100\/100\n|turn|11\n|\n|t:|1696197341\n|detailschange|p2b: Charizard|Charizard-Mega-Y, M\n|-mega|p2b: Charizard|Charizard|Charizardite Y\n|-weather|SunnyDay|[from] ability: Drought|[of] p2b: Charizard\n|move|p1b: Urshifu|Aqua Jet|p2a: Chien-Pao\n|-damage|p2a: Chien-Pao|0 fnt\n|faint|p2a: Chien-Pao\n|move|p2b: Charizard|Solar Beam||[still]\n|-prepare|p2b: Charizard|Solar Beam\n|-anim|p2b: Charizard|Solar Beam|p1b: Urshifu\n|-supereffective|p1b: Urshifu\n|-damage|p1b: Urshifu|0 fnt\n|faint|p1b: Urshifu\n|move|p1a: Fezandipiti|Tailwind|p1a: Fezandipiti\n|-sidestart|p1: CynthiasDom|move: Tailwind\n|\n|-weather|SunnyDay|[upkeep]\n|upkeep\n|\n|t:|1696197347\n|switch|p2a: Ogerpon|Ogerpon-Hearthflame, F|100\/100\n|switch|p1b: Brambleghast|Brambleghast, F, shiny|100\/100\n|-ability|p1b: Brambleghast|Wind Rider|boost\n|-boost|p1b: Brambleghast|atk|1\n|-ability|p2a: Ogerpon|Mold Breaker\n|turn|12\n|\n|t:|1696197355\n|-terastallize|p2a: Ogerpon|Fire\n|detailschange|p2a: Ogerpon|Ogerpon-Hearthflame-Tera, F, tera:Fire\n|-ability|p2a: Ogerpon|Embody Aspect (Hearthflame)|boost\n|-boost|p2a: Ogerpon|atk|1\n|move|p1a: Fezandipiti|Icy Wind|p2a: Ogerpon|[spread] p2a,p2b\n|-resisted|p2a: Ogerpon\n|-damage|p2a: Ogerpon|96\/100\n|-damage|p2b: Charizard|93\/100\n|-unboost|p2a: Ogerpon|spe|1\n|-unboost|p2b: Charizard|spe|1\n|-status|p2a: Ogerpon|tox|[from] ability: Toxic Chain|[of] p1a: Fezandipiti\n|-zpower|p1b: Brambleghast\n|move|p1b: Brambleghast|Never-Ending Nightmare|p2a: Ogerpon|[zeffect]\n|-damage|p2a: Ogerpon|0 fnt\n|faint|p2a: Ogerpon\n|move|p2b: Charizard|Heat Wave|p1b: Brambleghast|[spread] p1a\n|-ability|p1b: Brambleghast|Wind Rider|boost\n|-boost|p1b: Brambleghast|atk|1\n|-damage|p1a: Fezandipiti|0 fnt\n|faint|p1a: Fezandipiti\n|\n|-weather|SunnyDay|[upkeep]\n|upkeep\n|turn|13\n|\n|t:|1696197379\n|move|p1b: Brambleghast|Poltergeist|p2b: Charizard\n|-activate|p2b: Charizard|move: Poltergeist|Charizardite Y\n|-damage|p2b: Charizard|0 fnt\n|faint|p2b: Charizard\n|\n|win|CynthiasDom\n|raw|CynthiasDom's rating: 1293 &rarr; <strong>1336<\/strong><br \/>(+43 for winning)\n|raw|Paldea Athens 420's rating: 1600 &rarr; <strong>1566<\/strong><br \/>(-34 for losing)\n|c|\u2606CynthiasDom|ggs\n|l|\u2606Paldea Athens 420\n","uploadtime":1696197391,"views":13,"p1id":"cynthiasdom","p2id":"paldeaathens420","formatid":"gen9nationaldexdoubles","rating":1336,"private":0,"password":""}