{"id":"gen9nationaldexdoubles-1988769731","p1":"Denvah_17","p2":"Pegas04forever","format":"[Gen 9] National Dex Doubles","log":"|j|\u2606Denvah_17\n|j|\u2606Pegas04forever\n|t:|1699760812\n|gametype|doubles\n|player|p1|Denvah_17|alder|1357\n|player|p2|Pegas04forever|backersf|1332\n|teamsize|p1|6\n|teamsize|p2|6\n|gen|9\n|tier|[Gen 9] National Dex Doubles\n|rated|\n|rule|HP Percentage Mod: HP is shown in percentages\n|rule|Endless Battle Clause: Forcing endless battles is banned\n|rule|OHKO Clause: OHKO moves are banned\n|rule|Evasion Moves Clause: Evasion moves are banned\n|rule|Evasion Abilities Clause: Evasion abilities are banned\n|rule|Species Clause: Limit one of each Pok\u00e9mon\n|rule|Gravity Sleep Clause: The combination of sleep-inducing moves with imperfect accuracy and Gravity or Gigantamax Orbeetle are banned\n|clearpoke\n|poke|p1|Porygon2|\n|poke|p1|Marowak-Alola, F|\n|poke|p1|Snorlax, F|\n|poke|p1|Slowbro-Galar, M|\n|poke|p1|Rhyperior, M|\n|poke|p1|Zapdos|\n|poke|p2|Espathra, F|\n|poke|p2|Flamigo, F|\n|poke|p2|Oricorio-Pom-Pom, F|\n|poke|p2|Lilligant, F|\n|poke|p2|Quaquaval, F|\n|poke|p2|Volcarona, F|\n|teampreview\n|c|\u2606Pegas04forever|Hi again\n|inactive|Battle timer is ON: inactive players will automatically lose when time's up. (requested by Pegas04forever)\n|\n|t:|1699760845\n|start\n|switch|p1a: Amnesiac|Slowbro-Galar, M, shiny|100\/100\n|switch|p1b: silph_sys.exe|Porygon2|100\/100\n|switch|p2a: Anna Pavlova|Lilligant, F, shiny|100\/100\n|switch|p2b: Cheerleader|Oricorio-Pom-Pom, F, shiny|100\/100\n|-ability|p1b: silph_sys.exe|Download|boost\n|-boost|p1b: silph_sys.exe|atk|1\n|turn|1\n|\n|t:|1699760864\n|-terastallize|p2a: Anna Pavlova|Water\n|move|p2b: Cheerleader|Teeter Dance|p1b: silph_sys.exe|[spread] p2a,p1a,p1b\n|-immune|p2a: Anna Pavlova|confusion|[from] ability: Own Tempo\n|-start|p1a: Amnesiac|confusion\n|-start|p1b: silph_sys.exe|confusion\n|move|p2a: Anna Pavlova|Quiver Dance|p2a: Anna Pavlova\n|-boost|p2a: Anna Pavlova|spa|1\n|-boost|p2a: Anna Pavlova|spd|1\n|-boost|p2a: Anna Pavlova|spe|1\n|-activate|p2b: Cheerleader|ability: Dancer\n|move|p2b: Cheerleader|Quiver Dance|p2b: Cheerleader|[from]ability: Dancer\n|-boost|p2b: Cheerleader|spa|1\n|-boost|p2b: Cheerleader|spd|1\n|-boost|p2b: Cheerleader|spe|1\n|-activate|p1a: Amnesiac|confusion\n|move|p1a: Amnesiac|Shell Side Arm|p2a: Anna Pavlova|[anim] Shell Side Arm Physical\n|-damage|p2a: Anna Pavlova|55\/100\n|-hint|Physical Shell Side Arm\n|-status|p2a: Anna Pavlova|psn\n|-activate|p1b: silph_sys.exe|confusion\n|-damage|p1b: silph_sys.exe|91\/100|[from] confusion\n|\n|-damage|p2a: Anna Pavlova|42\/100 psn|[from] psn\n|upkeep\n|turn|2\n|inactive|Denvah_17 has 120 seconds left.\n|\n|t:|1699760897\n|move|p2b: Cheerleader|Revelation Dance|p1a: Amnesiac\n|-damage|p1a: Amnesiac|45\/100\n|move|p2a: Anna Pavlova|Petal Dance|p1b: silph_sys.exe\n|-damage|p1b: silph_sys.exe|19\/100\n|-damage|p2a: Anna Pavlova|32\/100 psn|[from] item: Life Orb\n|-activate|p2b: Cheerleader|ability: Dancer\n|move|p2b: Cheerleader|Petal Dance|p1b: silph_sys.exe|[from]ability: Dancer\n|-damage|p1b: silph_sys.exe|0 fnt\n|faint|p1b: silph_sys.exe\n|-activate|p1a: Amnesiac|confusion\n|-damage|p1a: Amnesiac|37\/100|[from] confusion\n|\n|-damage|p2a: Anna Pavlova|20\/100 psn|[from] psn\n|upkeep\n|inactive|Denvah_17 has 120 seconds left.\n|\n|t:|1699760913\n|switch|p1b: Giovanni|Rhyperior, M, shiny|100\/100\n|turn|3\n|-activate|p1a: Amnesiac|ability: Quick Draw\n|\n|t:|1699760923\n|detailschange|p1a: Amnesiac|Slowbro-Mega, M, shiny\n|-mega|p1a: Amnesiac|Slowbro|Slowbronite\n|-terastallize|p1b: Giovanni|Grass\n|-activate|p1a: Amnesiac|confusion\n|move|p1a: Amnesiac|Ice Beam|p2b: Cheerleader\n|-supereffective|p2b: Cheerleader\n|-damage|p2b: Cheerleader|37\/100\n|move|p2b: Cheerleader|Revelation Dance|p1a: Amnesiac\n|-supereffective|p1a: Amnesiac\n|-damage|p1a: Amnesiac|0 fnt\n|faint|p1a: Amnesiac\n|move|p2a: Anna Pavlova|Petal Dance|p1b: Giovanni|[from]lockedmove\n|-resisted|p1b: Giovanni\n|-damage|p1b: Giovanni|60\/100\n|-damage|p2a: Anna Pavlova|10\/100 psn|[from] item: Life Orb\n|-activate|p2b: Cheerleader|ability: Dancer\n|move|p2b: Cheerleader|Petal Dance|p1b: Giovanni|[from]ability: Dancer\n|-resisted|p1b: Giovanni\n|-damage|p1b: Giovanni|46\/100\n|move|p1b: Giovanni|Rock Slide|p2b: Cheerleader|[spread] p2a,p2b\n|-supereffective|p2b: Cheerleader\n|-damage|p2a: Anna Pavlova|0 fnt\n|-damage|p2b: Cheerleader|0 fnt\n|faint|p2a: Anna Pavlova\n|faint|p2b: Cheerleader\n|\n|upkeep\n|\n|t:|1699760950\n|switch|p2b: Lady gaga|Espathra, F|100\/100\n|switch|p2a: El cumbias|Quaquaval, F|100\/100\n|switch|p1a: Power Plant Prince|Zapdos, shiny|100\/100\n|turn|4\n|\n|t:|1699760961\n|move|p2b: Lady gaga|Stored Power|p1a: Power Plant Prince\n|-damage|p1a: Power Plant Prince|91\/100\n|move|p2a: El cumbias|Ice Spinner|p1a: Power Plant Prince\n|-supereffective|p1a: Power Plant Prince\n|-damage|p1a: Power Plant Prince|34\/100\n|-damage|p2a: El cumbias|84\/100|[from] item: Rocky Helmet|[of] p1a: Power Plant Prince\n|-status|p2a: El cumbias|par|[from] ability: Static|[of] p1a: Power Plant Prince\n|move|p1a: Power Plant Prince|Discharge|p2a: El cumbias|[spread] p1b,p2a,p2b\n|-resisted|p1b: Giovanni\n|-supereffective|p2a: El cumbias\n|-damage|p1b: Giovanni|35\/100\n|-damage|p2a: El cumbias|0 fnt\n|-damage|p2b: Lady gaga|50\/100\n|faint|p2a: El cumbias\n|move|p1b: Giovanni|Earthquake|p2b: Lady gaga|[spread] p2b\n|-immune|p1a: Power Plant Prince\n|-damage|p2b: Lady gaga|0 fnt\n|faint|p2b: Lady gaga\n|\n|upkeep\n|\n|t:|1699760970\n|switch|p2b: Flamenco|Flamigo, F|100\/100\n|switch|p2a: Dancing queen|Volcarona, F|100\/100\n|-copyboost|p2b: Flamenco|p2a: Dancing queen|[from] ability: Costar\n|turn|5\n|\n|t:|1699760988\n|move|p2b: Flamenco|Close Combat|p1b: Giovanni\n|-damage|p1b: Giovanni|0 fnt\n|-unboost|p2b: Flamenco|def|1\n|-unboost|p2b: Flamenco|spd|1\n|faint|p1b: Giovanni\n|move|p2a: Dancing queen|Fiery Dance|p1a: Power Plant Prince\n|-damage|p1a: Power Plant Prince|0 fnt\n|-boost|p2a: Dancing queen|spa|1\n|faint|p1a: Power Plant Prince\n|\n|upkeep\n|\n|t:|1699760996\n|switch|p1a: Lavender Townie|Marowak-Alola, F, shiny|100\/100\n|switch|p1b: Road Block|Snorlax, F, shiny|100\/100\n|turn|6\n|\n|t:|1699761006\n|move|p2b: Flamenco|Tailwind|p2b: Flamenco\n|-sidestart|p2: Pegas04forever|move: Tailwind\n|move|p2a: Dancing queen|Quiver Dance|p2a: Dancing queen\n|-boost|p2a: Dancing queen|spa|1\n|-boost|p2a: Dancing queen|spd|1\n|-boost|p2a: Dancing queen|spe|1\n|move|p1a: Lavender Townie|Flare Blitz|p2b: Flamenco\n|-enditem|p2b: Flamenco|Focus Sash\n|-damage|p2b: Flamenco|1\/100\n|move|p1b: Road Block|Double-Edge|p2a: Dancing queen\n|-damage|p2a: Dancing queen|4\/100\n|-status|p1b: Road Block|brn|[from] ability: Flame Body|[of] p2a: Dancing queen\n|-damage|p1b: Road Block|79\/100 brn|[from] Recoil\n|\n|-damage|p1b: Road Block|73\/100 brn|[from] brn\n|upkeep\n|turn|7\n|\n|t:|1699761026\n|move|p2a: Dancing queen|Giga Drain|p1b: Road Block\n|-damage|p1b: Road Block|33\/100 brn\n|-heal|p2a: Dancing queen|33\/100|[from] drain|[of] p1b: Road Block\n|-enditem|p1b: Road Block|Figy Berry|[eat]\n|-heal|p1b: Road Block|67\/100 brn|[from] item: Figy Berry\n|move|p2b: Flamenco|Close Combat|p1b: Road Block\n|-supereffective|p1b: Road Block\n|-damage|p1b: Road Block|0 fnt\n|-unboost|p2b: Flamenco|def|1\n|-unboost|p2b: Flamenco|spd|1\n|faint|p1b: Road Block\n|move|p1a: Lavender Townie|Flare Blitz|p2b: Flamenco\n|-damage|p2b: Flamenco|0 fnt\n|faint|p2b: Flamenco\n|\n|upkeep\n|turn|8\n|c|\u2606Denvah_17|gg\n|\n|t:|1699761046\n|move|p2a: Dancing queen|Fiery Dance|p1a: Lavender Townie\n|-resisted|p1a: Lavender Townie\n|-damage|p1a: Lavender Townie|40\/100\n|move|p1a: Lavender Townie|Flare Blitz|p2a: Dancing queen\n|-damage|p2a: Dancing queen|0 fnt\n|faint|p2a: Dancing queen\n|\n|win|Denvah_17\n|raw|Denvah_17's rating: 1357 &rarr; <strong>1376<\/strong><br \/>(+19 for winning)\n|raw|Pegas04forever's rating: 1332 &rarr; <strong>1313<\/strong><br \/>(-19 for losing)\n|l|\u2606Pegas04forever\n","uploadtime":1699761059,"views":5,"p1id":"denvah17","p2id":"pegas04forever","formatid":"gen9nationaldexdoubles","rating":1313,"private":0,"password":""}