{"id":"gen9nationaldexdoubles-1984722108","p1":"djman346688","p2":"fumbari 24","format":"[Gen 9] National Dex Doubles","log":"|j|\u2606djman346688\n|j|\u2606fumbari 24\n|t:|1699293709\n|gametype|doubles\n|player|p1|djman346688|lucy|1350\n|player|p2|fumbari 24|hilbert|1493\n|teamsize|p1|6\n|teamsize|p2|6\n|gen|9\n|tier|[Gen 9] National Dex Doubles\n|rated|\n|rule|HP Percentage Mod: HP is shown in percentages\n|rule|Endless Battle Clause: Forcing endless battles is banned\n|rule|OHKO Clause: OHKO moves are banned\n|rule|Evasion Moves Clause: Evasion moves are banned\n|rule|Evasion Abilities Clause: Evasion abilities are banned\n|rule|Species Clause: Limit one of each Pok\u00e9mon\n|rule|Gravity Sleep Clause: The combination of sleep-inducing moves with imperfect accuracy and Gravity or Gigantamax Orbeetle are banned\n|clearpoke\n|poke|p1|Reuniclus, F|\n|poke|p1|Metagross|\n|poke|p1|Dusclops, F|\n|poke|p1|Mienshao, F|\n|poke|p1|Milotic, F|\n|poke|p1|Chandelure, F|\n|poke|p2|Corviknight, M|\n|poke|p2|Tapu Koko|\n|poke|p2|Heracross, M|\n|poke|p2|Gastrodon, M|\n|poke|p2|Wyrdeer, M|\n|poke|p2|Sableye, M|\n|teampreview\n|inactive|Battle timer is ON: inactive players will automatically lose when time's up. (requested by djman346688)\n|\n|t:|1699293720\n|start\n|switch|p1a: Lil Child|Reuniclus, F|100\/100\n|switch|p1b: MechaZoid|Metagross, shiny|100\/100\n|switch|p2a: Stoick|Wyrdeer, M|100\/100\n|switch|p2b: Raijin|Tapu Koko, shiny|100\/100\n|-fieldstart|move: Electric Terrain|[from] ability: Electric Surge|[of] p2b: Raijin\n|-ability|p2a: Stoick|Intimidate|boost\n|-unboost|p1a: Lil Child|atk|1\n|-fail|p1b: MechaZoid|unboost|[from] ability: Clear Body|[of] p1b: MechaZoid\n|turn|1\n|inactive|djman346688 has 120 seconds left.\n|\n|t:|1699293751\n|move|p2b: Raijin|Volt Switch|p1b: MechaZoid\n|-damage|p1b: MechaZoid|63\/100\n|\n|t:|1699293761\n|switch|p2b: Silva|Corviknight, M, shiny|100\/100|[from] Volt Switch\n|move|p1b: MechaZoid|Iron Head|p2b: Silva\n|-resisted|p2b: Silva\n|-damage|p2b: Silva|80\/100\n|move|p2a: Stoick|Imprison|p2a: Stoick\n|-start|p2a: Stoick|move: Imprison\n|cant|p1a: Lil Child|move: Imprison|Trick Room\n|\n|upkeep\n|turn|2\n|inactive|fumbari 24 has 120 seconds left.\n|\n|t:|1699293799\n|move|p2a: Stoick|Protect|p2a: Stoick\n|-singleturn|p2a: Stoick|Protect\n|move|p2b: Silva|Iron Head|p1a: Lil Child\n|-damage|p1a: Lil Child|69\/100\n|move|p1b: MechaZoid|Iron Head|p2a: Stoick\n|-activate|p2a: Stoick|move: Protect\n|move|p1a: Lil Child|Expanding Force|p2b: Silva\n|-resisted|p2b: Silva\n|-damage|p2b: Silva|52\/100\n|\n|upkeep\n|turn|3\n|\n|t:|1699293820\n|-terastallize|p2a: Stoick|Fire\n|move|p2b: Silva|Roost|p2b: Silva\n|-heal|p2b: Silva|100\/100\n|-singleturn|p2b: Silva|move: Roost\n|move|p1b: MechaZoid|Iron Head|p2a: Stoick\n|-resisted|p2a: Stoick\n|-damage|p2a: Stoick|78\/100\n|move|p2a: Stoick|Tera Blast|p1b: MechaZoid|[anim] Tera Blast Fire\n|-supereffective|p1b: MechaZoid\n|-damage|p1b: MechaZoid|19\/100\n|move|p1a: Lil Child|Expanding Force|p2b: Silva\n|-resisted|p2b: Silva\n|-damage|p2b: Silva|72\/100\n|\n|upkeep\n|turn|4\n|inactive|djman346688 has 120 seconds left.\n|\n|t:|1699293858\n|move|p2a: Stoick|Protect|p2a: Stoick\n|-singleturn|p2a: Stoick|Protect\n|move|p2b: Silva|Tailwind|p2b: Silva\n|-sidestart|p2: fumbari 24|move: Tailwind\n|move|p1b: MechaZoid|Iron Head|p2b: Silva\n|-resisted|p2b: Silva\n|-damage|p2b: Silva|49\/100\n|move|p1a: Lil Child|Shadow Ball|p2b: Silva\n|-damage|p2b: Silva|8\/100\n|\n|upkeep\n|turn|5\n|inactive|djman346688 has 120 seconds left.\n|\n|t:|1699293880\n|move|p2b: Silva|Roost|p2b: Silva\n|-heal|p2b: Silva|58\/100\n|-singleturn|p2b: Silva|move: Roost\n|move|p2a: Stoick|Tera Blast|p1b: MechaZoid|[anim] Tera Blast Fire\n|-supereffective|p1b: MechaZoid\n|-damage|p1b: MechaZoid|0 fnt\n|faint|p1b: MechaZoid\n|move|p1a: Lil Child|Expanding Force|p2a: Stoick\n|-damage|p2a: Stoick|25\/100\n|-enditem|p2a: Stoick|Sitrus Berry|[eat]\n|-heal|p2a: Stoick|50\/100|[from] item: Sitrus Berry\n|\n|-fieldend|move: Electric Terrain\n|upkeep\n|inactive|djman346688 has 120 seconds left.\n|\n|t:|1699293911\n|switch|p1b: Shockwave|Dusclops, F, shiny|100\/100\n|-item|p2b: Silva|Lum Berry|[from] ability: Frisk|[of] p1b: Shockwave|[identify]\n|turn|6\n|\n|t:|1699293924\n|switch|p2b: Yami|Sableye, M|100\/100\n|move|p1b: Shockwave|Helping Hand|p1a: Lil Child\n|-singleturn|p1a: Lil Child|Helping Hand|[of] p1b: Shockwave\n|move|p2a: Stoick|Protect|p2a: Stoick\n|-singleturn|p2a: Stoick|Protect\n|move|p1a: Lil Child|Expanding Force|p2a: Stoick\n|-activate|p2a: Stoick|move: Protect\n|\n|upkeep\n|turn|7\n|inactive|djman346688 has 120 seconds left.\n|\n|t:|1699293952\n|move|p1b: Shockwave|Helping Hand|p1a: Lil Child\n|-singleturn|p1a: Lil Child|Helping Hand|[of] p1b: Shockwave\n|move|p2a: Stoick|Tera Blast|p1a: Lil Child|[anim] Tera Blast Fire\n|-damage|p1a: Lil Child|40\/100\n|move|p2b: Yami|Knock Off|p1a: Lil Child\n|-supereffective|p1a: Lil Child\n|-damage|p1a: Lil Child|0 fnt\n|-enditem|p1a: Lil Child|Life Orb|[from] move: Knock Off|[of] p2b: Yami\n|faint|p1a: Lil Child\n|\n|-sideend|p2: fumbari 24|move: Tailwind\n|upkeep\n|inactive|djman346688 has 120 seconds left.\n|-message|djman346688 forfeited.\n|\n|win|fumbari 24\n|raw|djman346688's rating: 1350 &rarr; <strong>1338<\/strong><br \/>(-12 for losing)\n|raw|fumbari 24's rating: 1493 &rarr; <strong>1505<\/strong><br \/>(+12 for winning)\n|l|\u2606djman346688\n","uploadtime":1699293965,"views":7,"p1id":"djman346688","p2id":"fumbari24","formatid":"gen9nationaldexdoubles","rating":1338,"private":0,"password":""}