{"id":"gen9nationaldexdoubles-1995177063","p1":"Where's your Fang","p2":"Penter","format":"[Gen 9] National Dex Doubles","log":"|j|\u2606Where's your Fang\n|j|\u2606Penter\n|t:|1700531221\n|gametype|doubles\n|player|p1|Where's your Fang|emmet|\n|player|p2|Penter|n|\n|teamsize|p1|6\n|teamsize|p2|6\n|gen|9\n|tier|[Gen 9] National Dex Doubles\n|rated|Tournament battle\n|rule|HP Percentage Mod: HP is shown in percentages\n|rule|Endless Battle Clause: Forcing endless battles is banned\n|rule|OHKO Clause: OHKO moves are banned\n|rule|Evasion Moves Clause: Evasion moves are banned\n|rule|Evasion Abilities Clause: Evasion abilities are banned\n|rule|Species Clause: Limit one of each Pok\u00e9mon\n|rule|Gravity Sleep Clause: The combination of sleep-inducing moves with imperfect accuracy and Gravity or Gigantamax Orbeetle are banned\n|clearpoke\n|poke|p1|Iron Bundle|\n|poke|p1|Iron Treads|\n|poke|p1|Zamazenta-*|\n|poke|p1|Tapu Fini|\n|poke|p1|Venusaur, F|\n|poke|p1|Iron Hands|\n|poke|p2|Zygarde|\n|poke|p2|Urshifu-*, F|\n|poke|p2|Politoed, F|\n|poke|p2|Kingdra, M|\n|poke|p2|Rillaboom, M|\n|poke|p2|Tornadus, M|\n|teampreview\n|inactive|Battle timer is ON: inactive players will automatically lose when time's up. (requested by Where's your Fang)\n|c|\u2606Where's your Fang|Glhf\n|j| Daepiquejt\n|j| galaxystudios370\n|inactive|Where's your Fang has 120 seconds left.\n|inactive|Penter has 120 seconds left.\n|c|\u2606Where's your Fang|Also Penter I have to ask what is darkest lariat Rila cooking\n|c|\u2606Penter|its bad lol\n|\n|t:|1700531277\n|start\n|switch|p1a: Venusaur|Venusaur, F|100\/100\n|switch|p1b: Iron Treads|Iron Treads|100\/100\n|switch|p2a: Urshifu|Urshifu-Rapid-Strike, F|100\/100\n|switch|p2b: Tornadus|Tornadus, M|100\/100\n|-enditem|p1b: Iron Treads|Booster Energy\n|-activate|p1b: Iron Treads|ability: Quark Drive|[fromitem]\n|-start|p1b: Iron Treads|quarkdrivespe\n|turn|1\n|inactive|Penter has 120 seconds left.\n|\n|t:|1700531329\n|detailschange|p1a: Venusaur|Venusaur-Mega, F\n|-mega|p1a: Venusaur|Venusaur|Venusaurite\n|move|p1b: Iron Treads|Ice Spinner|p2b: Tornadus\n|-supereffective|p2b: Tornadus\n|-damage|p2b: Tornadus|23\/100\n|move|p2a: Urshifu|U-turn|p1a: Venusaur\n|-damage|p1a: Venusaur|81\/100\n|\n|t:|1700531333\n|switch|p2a: Politoed|Politoed, F|100\/100|[from] U-turn\n|-weather|RainDance|[from] ability: Drizzle|[of] p2a: Politoed\n|move|p2b: Tornadus|Bleakwind Storm|p1b: Iron Treads|[spread] p1a,p1b\n|-supereffective|p1a: Venusaur\n|-resisted|p1b: Iron Treads\n|-crit|p1b: Iron Treads\n|-damage|p1a: Venusaur|22\/100\n|-damage|p1b: Iron Treads|59\/100\n|-unboost|p1b: Iron Treads|spe|1\n|move|p1a: Venusaur|Giga Drain|p2a: Politoed\n|-supereffective|p2a: Politoed\n|-damage|p2a: Politoed|58\/100\n|-heal|p1a: Venusaur|45\/100|[from] drain|[of] p2a: Politoed\n|-enditem|p2a: Politoed|Eject Button\n|j| Test Bots\n|inactive|Penter has 90 seconds left.\n|\n|t:|1700531356\n|switch|p2a: Kingdra|Kingdra, M|100\/100\n|\n|-weather|RainDance|[upkeep]\n|upkeep\n|turn|2\n|\n|t:|1700531364\n|move|p1a: Venusaur|Protect|p1a: Venusaur\n|-singleturn|p1a: Venusaur|Protect\n|move|p2a: Kingdra|Hydro Pump|p1b: Iron Treads\n|-supereffective|p1b: Iron Treads\n|-damage|p1b: Iron Treads|0 fnt\n|faint|p1b: Iron Treads\n|-end|p1b: Iron Treads|Quark Drive|[silent]\n|move|p2b: Tornadus|Bleakwind Storm|p1a: Venusaur\n|-activate|p1a: Venusaur|move: Protect\n|\n|-weather|RainDance|[upkeep]\n|upkeep\n|\n|t:|1700531366\n|switch|p1b: Iron Bundle|Iron Bundle|100\/100\n|-enditem|p1b: Iron Bundle|Booster Energy\n|-activate|p1b: Iron Bundle|ability: Quark Drive|[fromitem]\n|-start|p1b: Iron Bundle|quarkdrivespe\n|turn|3\n|inactive|Penter has 120 seconds left.\n|inactive|Where's your Fang has 120 seconds left.\n|inactive|Penter has 90 seconds left.\n|\n|t:|1700531420\n|-terastallize|p1b: Iron Bundle|Grass\n|move|p2b: Tornadus|Tailwind|p2b: Tornadus\n|-sidestart|p2: Penter|move: Tailwind\n|move|p2a: Kingdra|Hydro Pump|p1b: Iron Bundle|[miss]\n|-miss|p2a: Kingdra|p1b: Iron Bundle\n|move|p1b: Iron Bundle|Icy Wind|p2a: Kingdra|[spread] p2a,p2b\n|-crit|p2a: Kingdra\n|-supereffective|p2b: Tornadus\n|-damage|p2a: Kingdra|63\/100\n|-damage|p2b: Tornadus|0 fnt\n|-unboost|p2a: Kingdra|spe|1\n|faint|p2b: Tornadus\n|move|p1a: Venusaur|Giga Drain|p2a: Kingdra\n|-damage|p2a: Kingdra|24\/100\n|-heal|p1a: Venusaur|61\/100|[from] drain|[of] p2a: Kingdra\n|\n|-weather|RainDance|[upkeep]\n|upkeep\n|inactive|Penter has 90 seconds left.\n|\n|t:|1700531432\n|switch|p2b: Urshifu|Urshifu-Rapid-Strike, F|100\/100\n|turn|4\n|inactive|Where's your Fang has 120 seconds left.\n|\n|t:|1700531459\n|switch|p2a: Rillaboom|Rillaboom, M|100\/100\n|-fieldstart|move: Grassy Terrain|[from] ability: Grassy Surge|[of] p2a: Rillaboom\n|move|p2b: Urshifu|U-turn|p1b: Iron Bundle\n|-supereffective|p1b: Iron Bundle\n|-damage|p1b: Iron Bundle|33\/100\n|inactive|Penter has 90 seconds left.\n|\n|t:|1700531492\n|switch|p2b: Zygarde|Zygarde|100\/100|[from] U-turn\n|-ability|p2b: Zygarde|Aura Break\n|move|p1b: Iron Bundle|Icy Wind|p2b: Zygarde|[spread] p2a,p2b\n|-supereffective|p2a: Rillaboom\n|-supereffective|p2b: Zygarde\n|-damage|p2a: Rillaboom|72\/100\n|-damage|p2b: Zygarde|12\/100\n|-unboost|p2a: Rillaboom|spe|1\n|-unboost|p2b: Zygarde|spe|1\n|move|p1a: Venusaur|Giga Drain|p2a: Rillaboom\n|-resisted|p2a: Rillaboom\n|-damage|p2a: Rillaboom|57\/100\n|-heal|p1a: Venusaur|69\/100|[from] drain|[of] p2a: Rillaboom\n|\n|-weather|RainDance|[upkeep]\n|-heal|p1b: Iron Bundle|39\/100|[from] Grassy Terrain\n|-heal|p2b: Zygarde|18\/100|[from] Grassy Terrain\n|-heal|p2a: Rillaboom|63\/100|[from] Grassy Terrain\n|-heal|p1a: Venusaur|75\/100|[from] Grassy Terrain\n|upkeep\n|turn|5\n|inactive|Penter has 90 seconds left.\n|\n|t:|1700531528\n|switch|p1a: Zamazenta|Zamazenta|100\/100\n|-ability|p1a: Zamazenta|Dauntless Shield|boost\n|-boost|p1a: Zamazenta|def|1\n|move|p1b: Iron Bundle|Protect|p1b: Iron Bundle\n|-singleturn|p1b: Iron Bundle|Protect\n|move|p2a: Rillaboom|Fake Out|p1a: Zamazenta\n|-damage|p1a: Zamazenta|92\/100\n|move|p2b: Zygarde|Extreme Speed|p1b: Iron Bundle\n|-activate|p1b: Iron Bundle|move: Protect\n|\n|-weather|none\n|-heal|p1b: Iron Bundle|45\/100|[from] Grassy Terrain\n|-heal|p1a: Zamazenta|98\/100|[from] Grassy Terrain\n|-heal|p2b: Zygarde|24\/100|[from] Grassy Terrain\n|-heal|p2a: Rillaboom|69\/100|[from] Grassy Terrain\n|upkeep\n|turn|6\n|inactive|Penter has 90 seconds left.\n|\n|t:|1700531556\n|move|p2b: Zygarde|Extreme Speed|p1b: Iron Bundle\n|-damage|p1b: Iron Bundle|0 fnt\n|faint|p1b: Iron Bundle\n|-end|p1b: Iron Bundle|Quark Drive|[silent]\n|move|p1a: Zamazenta|Body Press|p2b: Zygarde\n|-damage|p2b: Zygarde|0 fnt\n|faint|p2b: Zygarde\n|move|p2a: Rillaboom|Wood Hammer|p1a: Zamazenta\n|-damage|p1a: Zamazenta|55\/100\n|-damage|p2a: Rillaboom|57\/100|[from] Recoil\n|\n|-heal|p1a: Zamazenta|61\/100|[from] Grassy Terrain\n|-heal|p2a: Rillaboom|63\/100|[from] Grassy Terrain\n|-sideend|p2: Penter|move: Tailwind\n|upkeep\n|inactive|Penter has 90 seconds left.\n|\n|t:|1700531595\n|switch|p1b: Venusaur|Venusaur-Mega, F|75\/100\n|switch|p2b: Urshifu|Urshifu-Rapid-Strike, F|100\/100\n|turn|7\n|inactive|Penter has 60 seconds left.\n|\n|t:|1700531635\n|switch|p2a: Politoed|Politoed, F|58\/100\n|-weather|RainDance|[from] ability: Drizzle|[of] p2a: Politoed\n|move|p2b: Urshifu|U-turn|p1b: Venusaur\n|-damage|p1b: Venusaur|56\/100\n|\n|t:|1700531640\n|switch|p2b: Rillaboom|Rillaboom, M|63\/100|[from] U-turn\n|move|p1a: Zamazenta|Body Press|p2a: Politoed\n|-damage|p2a: Politoed|6\/100\n|move|p1b: Venusaur|Giga Drain|p2b: Rillaboom\n|-resisted|p2b: Rillaboom\n|-damage|p2b: Rillaboom|49\/100\n|-heal|p1b: Venusaur|63\/100|[from] drain|[of] p2b: Rillaboom\n|\n|-weather|RainDance|[upkeep]\n|-heal|p1a: Zamazenta|67\/100|[from] Grassy Terrain\n|-heal|p2b: Rillaboom|55\/100|[from] Grassy Terrain\n|-heal|p1b: Venusaur|69\/100|[from] Grassy Terrain\n|-heal|p2a: Politoed|12\/100|[from] Grassy Terrain\n|upkeep\n|turn|8\n|inactive|Penter has 60 seconds left.\n|\n|t:|1700531661\n|switch|p2a: Urshifu|Urshifu-Rapid-Strike, F|100\/100\n|move|p2b: Rillaboom|Fake Out|p1b: Venusaur\n|-damage|p1b: Venusaur|59\/100\n|move|p1a: Zamazenta|Body Press|p2a: Urshifu\n|-damage|p2a: Urshifu|49\/100\n|cant|p1b: Venusaur|flinch\n|\n|-weather|RainDance|[upkeep]\n|-heal|p2a: Urshifu|56\/100|[from] Grassy Terrain\n|-heal|p1a: Zamazenta|73\/100|[from] Grassy Terrain\n|-heal|p2b: Rillaboom|61\/100|[from] Grassy Terrain\n|-heal|p1b: Venusaur|65\/100|[from] Grassy Terrain\n|-fieldend|move: Grassy Terrain\n|upkeep\n|turn|9\n|inactive|Penter has 60 seconds left.\n|\n|t:|1700531708\n|-terastallize|p2a: Urshifu|Water\n|move|p2a: Urshifu|Surging Strikes|p1b: Venusaur\n|-resisted|p1b: Venusaur\n|-crit|p1b: Venusaur\n|-damage|p1b: Venusaur|50\/100\n|-resisted|p1b: Venusaur\n|-crit|p1b: Venusaur\n|-damage|p1b: Venusaur|35\/100\n|-resisted|p1b: Venusaur\n|-crit|p1b: Venusaur\n|-damage|p1b: Venusaur|21\/100\n|-hitcount|p1b: Venusaur|3\n|move|p1a: Zamazenta|Body Press|p2a: Urshifu\n|-damage|p2a: Urshifu|7\/100\n|move|p2b: Rillaboom|Knock Off|p1b: Venusaur\n|-damage|p1b: Venusaur|4\/100\n|move|p1b: Venusaur|Sludge Bomb|p2b: Rillaboom\n|-supereffective|p2b: Rillaboom\n|-damage|p2b: Rillaboom|6\/100\n|\n|-weather|RainDance|[upkeep]\n|upkeep\n|turn|10\n|l| Test Bots\n|inactive|Penter has 60 seconds left.\n|inactive|Where's your Fang has 120 seconds left.\n|\n|t:|1700531740\n|move|p2a: Urshifu|Surging Strikes|p1a: Zamazenta\n|-crit|p1a: Zamazenta\n|-damage|p1a: Zamazenta|39\/100\n|-enditem|p1a: Zamazenta|Sitrus Berry|[eat]\n|-heal|p1a: Zamazenta|64\/100|[from] item: Sitrus Berry\n|-crit|p1a: Zamazenta\n|-damage|p1a: Zamazenta|25\/100\n|-crit|p1a: Zamazenta\n|-damage|p1a: Zamazenta|0 fnt\n|faint|p1a: Zamazenta\n|-hitcount|p1: Zamazenta|3\n|move|p2b: Rillaboom|Knock Off|p1b: Venusaur\n|-damage|p1b: Venusaur|0 fnt\n|faint|p1b: Venusaur\n|\n|-weather|RainDance|[upkeep]\n|upkeep\n|\n|t:|1700531743\n|switch|p1a: Tapu Fini|Tapu Fini|100\/100\n|switch|p1b: Iron Hands|Iron Hands|100\/100\n|-fieldstart|move: Misty Terrain|[from] ability: Misty Surge|[of] p1a: Tapu Fini\n|turn|11\n|\n|t:|1700531757\n|move|p1b: Iron Hands|Fake Out|p2b: Rillaboom\n|-damage|p2b: Rillaboom|0 fnt\n|faint|p2b: Rillaboom\n|move|p2a: Urshifu|Surging Strikes|p1b: Iron Hands\n|-crit|p1b: Iron Hands\n|-damage|p1b: Iron Hands|73\/100\n|-crit|p1b: Iron Hands\n|-damage|p1b: Iron Hands|46\/100\n|-crit|p1b: Iron Hands\n|-damage|p1b: Iron Hands|20\/100\n|-hitcount|p1b: Iron Hands|3\n|move|p1a: Tapu Fini|Moonblast|p2a: Urshifu\n|-damage|p2a: Urshifu|0 fnt\n|faint|p2a: Urshifu\n|\n|-weather|none\n|upkeep\n|\n|t:|1700531760\n|switch|p2a: Politoed|Politoed, F|12\/100\n|switch|p2b: Kingdra|Kingdra, M|24\/100\n|-weather|RainDance|[from] ability: Drizzle|[of] p2a: Politoed\n|turn|12\n|c|\u2606Where's your Fang|gg\n|inactive|Penter has 90 seconds left.\n|l| galaxystudios370\n|\n|t:|1700531792\n|move|p2b: Kingdra|Hurricane|p1a: Tapu Fini\n|-damage|p1a: Tapu Fini|57\/100\n|move|p1a: Tapu Fini|Moonblast|p2b: Kingdra\n|-supereffective|p2b: Kingdra\n|-damage|p2b: Kingdra|0 fnt\n|faint|p2b: Kingdra\n|move|p2a: Politoed|Scald|p1b: Iron Hands\n|-damage|p1b: Iron Hands|0 fnt\n|faint|p1b: Iron Hands\n|-end|p1b: Iron Hands|Quark Drive|[silent]\n|\n|-weather|RainDance|[upkeep]\n|-heal|p1a: Tapu Fini|63\/100|[from] item: Leftovers\n|upkeep\n|turn|13\n|\n|t:|1700531806\n|move|p1a: Tapu Fini|Moonblast|p2a: Politoed\n|-damage|p2a: Politoed|0 fnt\n|faint|p2a: Politoed\n|\n|win|Where's your Fang\n|n|\u2606Where's your Fang|wheresyourfang\n|n|\u2606Penter|penter\n|n| Daepiquejt|daepiquejt\n","uploadtime":1700531807,"views":1,"p1id":"wheresyourfang","p2id":"penter","formatid":"gen9nationaldexdoubles","rating":0,"private":0,"password":""}