{"id":"gen9nationaldexdoubles-1974700390","p1":"Retsuna","p2":"coreanadopix","format":"[Gen 9] National Dex Doubles","log":"|j|\u2606Retsuna\n|j|\u2606coreanadopix\n|t:|1698111901\n|gametype|doubles\n|player|p1|Retsuna|adaman|1070\n|player|p2|coreanadopix|iris-gen5bw2|1000\n|teamsize|p1|6\n|teamsize|p2|6\n|gen|9\n|tier|[Gen 9] National Dex Doubles\n|rated|\n|rule|HP Percentage Mod: HP is shown in percentages\n|rule|Endless Battle Clause: Forcing endless battles is banned\n|rule|OHKO Clause: OHKO moves are banned\n|rule|Evasion Moves Clause: Evasion moves are banned\n|rule|Evasion Abilities Clause: Evasion abilities are banned\n|rule|Species Clause: Limit one of each Pok\u00e9mon\n|rule|Gravity Sleep Clause: The combination of sleep-inducing moves with imperfect accuracy and Gravity or Gigantamax Orbeetle are banned\n|clearpoke\n|poke|p1|Decidueye, M|\n|poke|p1|Pidgeot, F|\n|poke|p1|Volcarona, M|\n|poke|p1|Lycanroc-Dusk, F|\n|poke|p1|Kommo-o, M|\n|poke|p1|Goodra, F|\n|poke|p2|Gardevoir, F|\n|poke|p2|Delphox, F|\n|poke|p2|Glaceon, F|\n|poke|p2|Lucario, F|\n|poke|p2|Sprigatito, F|\n|poke|p2|Mismagius, F|\n|teampreview\n|\n|t:|1698111937\n|start\n|switch|p1a: Ku'u|Decidueye, M, shiny|100\/100\n|switch|p1b: Dei|Kommo-o, M|100\/100\n|switch|p2a: Gardevoir|Gardevoir, F|100\/100\n|switch|p2b: Delphox|Delphox, F|100\/100\n|turn|1\n|\n|t:|1698111966\n|switch|p1b: Sol|Volcarona, M|100\/100\n|detailschange|p2a: Gardevoir|Gardevoir-Mega, F\n|-mega|p2a: Gardevoir|Gardevoir|Gardevoirite\n|-terastallize|p2b: Delphox|Fire\n|move|p2b: Delphox|Fire Blast|p1a: Ku'u\n|-supereffective|p1a: Ku'u\n|-damage|p1a: Ku'u|0 fnt\n|faint|p1a: Ku'u\n|move|p2a: Gardevoir|Draining Kiss|p1b: Sol\n|-resisted|p1b: Sol\n|-damage|p1b: Sol|84\/100\n|-status|p2a: Gardevoir|brn|[from] ability: Flame Body|[of] p1b: Sol\n|\n|-damage|p2a: Gardevoir|94\/100 brn|[from] brn\n|upkeep\n|\n|t:|1698111982\n|switch|p1a: Sky|Pidgeot, F|100\/100\n|turn|2\n|\n|t:|1698111995\n|detailschange|p1a: Sky|Pidgeot-Mega, F\n|-mega|p1a: Sky|Pidgeot|Pidgeotite\n|move|p1a: Sky|Hurricane|p2a: Gardevoir\n|-damage|p2a: Gardevoir|48\/100 brn\n|-start|p2a: Gardevoir|confusion\n|move|p2b: Delphox|Psychic Terrain|p2b: Delphox\n|-fieldstart|move: Psychic Terrain\n|move|p1b: Sol|Bug Buzz|p2a: Gardevoir\n|-damage|p2a: Gardevoir|17\/100 brn\n|-activate|p2a: Gardevoir|confusion\n|-damage|p2a: Gardevoir|9\/100 brn|[from] confusion\n|\n|-damage|p2a: Gardevoir|3\/100 brn|[from] brn\n|upkeep\n|turn|3\n|\n|t:|1698112027\n|move|p1a: Sky|Hurricane|p2b: Delphox\n|-damage|p2b: Delphox|33\/100\n|move|p2b: Delphox|Hypnosis|p1a: Sky\n|-status|p1a: Sky|slp|[from] move: Hypnosis\n|move|p1b: Sol|Quiver Dance|p1b: Sol\n|-boost|p1b: Sol|spa|1\n|-boost|p1b: Sol|spd|1\n|-boost|p1b: Sol|spe|1\n|-activate|p2a: Gardevoir|confusion\n|-damage|p2a: Gardevoir|0 fnt|[from] confusion\n|faint|p2a: Gardevoir\n|\n|upkeep\n|\n|t:|1698112044\n|switch|p2a: Mismagius|Mismagius, F|100\/100\n|turn|4\n|\n|t:|1698112064\n|switch|p1a: Hai|Goodra, F|100\/100\n|move|p1b: Sol|Bug Buzz|p2b: Delphox\n|-resisted|p2b: Delphox\n|-damage|p2b: Delphox|0 fnt\n|faint|p2b: Delphox\n|move|p2a: Mismagius|Calm Mind|p2a: Mismagius\n|-boost|p2a: Mismagius|spa|1\n|-boost|p2a: Mismagius|spd|1\n|\n|upkeep\n|\n|t:|1698112074\n|switch|p2b: Lucario|Lucario, F|100\/100\n|turn|5\n|\n|t:|1698112096\n|move|p1b: Sol|Fiery Dance|p2b: Lucario\n|-supereffective|p2b: Lucario\n|-damage|p2b: Lucario|0 fnt\n|-boost|p1b: Sol|spa|1\n|faint|p2b: Lucario\n|move|p2a: Mismagius|Calm Mind|p2a: Mismagius\n|-boost|p2a: Mismagius|spa|1\n|-boost|p2a: Mismagius|spd|1\n|move|p1a: Hai|Toxic|p2a: Mismagius\n|-status|p2a: Mismagius|tox\n|\n|-damage|p2a: Mismagius|94\/100 tox|[from] psn\n|upkeep\n|\n|t:|1698112107\n|switch|p2b: Glaceon|Glaceon, F|100\/100\n|turn|6\n|\n|t:|1698112126\n|move|p1b: Sol|Fiery Dance|p2b: Glaceon\n|-supereffective|p2b: Glaceon\n|-damage|p2b: Glaceon|5\/100\n|-boost|p1b: Sol|spa|1\n|move|p2a: Mismagius|Heal Bell|p2a: Mismagius\n|-activate|p2a: Mismagius|move: Heal Bell\n|-curestatus|p2a: Mismagius|tox|[msg]\n|move|p2b: Glaceon|Chilling Water|p1b: Sol\n|-supereffective|p1b: Sol\n|-crit|p1b: Sol\n|-damage|p1b: Sol|43\/100\n|-unboost|p1b: Sol|atk|1\n|move|p1a: Hai|Rain Dance|p1a: Hai\n|-weather|RainDance\n|\n|-weather|RainDance|[upkeep]\n|-fieldend|move: Psychic Terrain\n|upkeep\n|turn|7\n|\n|t:|1698112159\n|move|p1b: Sol|Giga Drain|p2a: Mismagius\n|-crit|p2a: Mismagius\n|-damage|p2a: Mismagius|0 fnt\n|-heal|p1b: Sol|76\/100|[from] drain|[of] p2a: Mismagius\n|faint|p2a: Mismagius\n|move|p2b: Glaceon|Chilling Water|p1b: Sol\n|-supereffective|p1b: Sol\n|-damage|p1b: Sol|53\/100\n|-unboost|p1b: Sol|atk|1\n|move|p1a: Hai|Toxic|p2b: Glaceon\n|-status|p2b: Glaceon|tox\n|\n|-weather|RainDance|[upkeep]\n|-damage|p2b: Glaceon|0 fnt|[from] psn\n|faint|p2b: Glaceon\n|upkeep\n|\n|t:|1698112176\n|switch|p2b: Sprigatito|Sprigatito, F, shiny|100\/100\n|turn|8\n|\n|t:|1698112182\n|move|p1b: Sol|Fiery Dance|p2b: Sprigatito\n|-supereffective|p2b: Sprigatito\n|-damage|p2b: Sprigatito|0 fnt\n|-boost|p1b: Sol|spa|1\n|faint|p2b: Sprigatito\n|\n|win|Retsuna\n|raw|Retsuna's rating: 1070 &rarr; <strong>1094<\/strong><br \/>(+24 for winning)\n|raw|coreanadopix's rating: 1000 &rarr; <strong>1000<\/strong><br \/>(+0 for losing)\n","uploadtime":1698112189,"views":9,"p1id":"retsuna","p2id":"coreanadopix","formatid":"gen9nationaldexdoubles","rating":1000,"private":0,"password":""}