{"id":"gen9nationaldexdoubles-1973613584","p1":"nombre epico.jpg","p2":"UrBlastingOffAgain","format":"[Gen 9] National Dex Doubles","log":"|j|\u2606nombre epico.jpg\n|j|\u2606UrBlastingOffAgain\n|t:|1697996226\n|gametype|doubles\n|player|p1|nombre epico.jpg|may-masters2|1323\n|player|p2|UrBlastingOffAgain|2|1201\n|teamsize|p1|6\n|teamsize|p2|6\n|gen|9\n|tier|[Gen 9] National Dex Doubles\n|rated|\n|rule|HP Percentage Mod: HP is shown in percentages\n|rule|Endless Battle Clause: Forcing endless battles is banned\n|rule|OHKO Clause: OHKO moves are banned\n|rule|Evasion Moves Clause: Evasion moves are banned\n|rule|Evasion Abilities Clause: Evasion abilities are banned\n|rule|Species Clause: Limit one of each Pok\u00e9mon\n|rule|Gravity Sleep Clause: The combination of sleep-inducing moves with imperfect accuracy and Gravity or Gigantamax Orbeetle are banned\n|clearpoke\n|poke|p1|Iron Bundle|\n|poke|p1|Blaziken, M|\n|poke|p1|Ninetales-Alola, F|\n|poke|p1|Whimsicott, F|\n|poke|p1|Marshadow|\n|poke|p1|Zeraora|\n|poke|p2|Regidrago|\n|poke|p2|Shuckle, M|\n|poke|p2|Cresselia, F|\n|poke|p2|Tapu Bulu|\n|poke|p2|Rillaboom, M|\n|poke|p2|Gholdengo|\n|teampreview\n|inactive|Battle timer is ON: inactive players will automatically lose when time's up. (requested by UrBlastingOffAgain)\n|\n|t:|1697996234\n|start\n|switch|p1a: Whimsicott|Whimsicott, F, shiny|100\/100\n|switch|p1b: Ninetales|Ninetales-Alola, F, shiny|100\/100\n|switch|p2a: Shuckle|Shuckle, M|100\/100\n|switch|p2b: Cresselia|Cresselia, F|100\/100\n|-weather|Snow|[from] ability: Snow Warning|[of] p1b: Ninetales\n|turn|1\n|\n|t:|1697996248\n|move|p2a: Shuckle|Protect|p2a: Shuckle\n|-singleturn|p2a: Shuckle|Protect\n|move|p1a: Whimsicott|Taunt|p2b: Cresselia\n|-start|p2b: Cresselia|move: Taunt\n|-enditem|p2b: Cresselia|Mental Herb\n|-end|p2b: Cresselia|move: Taunt\n|move|p1b: Ninetales|Aurora Veil|p1b: Ninetales\n|-sidestart|p1: nombre epico.jpg|move: Aurora Veil\n|move|p2b: Cresselia|Trick Room|p2b: Cresselia\n|-fieldstart|move: Trick Room|[of] p2b: Cresselia\n|\n|-weather|Snow|[upkeep]\n|upkeep\n|turn|2\n|\n|t:|1697996264\n|switch|p2b: Regidrago|Regidrago|100\/100\n|move|p1a: Whimsicott|Encore||[still]\n|-fail|p1a: Whimsicott\n|move|p2a: Shuckle|Guard Split|p2b: Regidrago\n|-activate|p2a: Shuckle|move: Guard Split|[of] p2b: Regidrago\n|move|p1b: Ninetales|Blizzard|p2b: Regidrago|[spread] p2a,p2b\n|-supereffective|p2b: Regidrago\n|-damage|p2a: Shuckle|65\/100\n|-damage|p2b: Regidrago|78\/100\n|-enditem|p2b: Regidrago|Weakness Policy\n|-boost|p2b: Regidrago|atk|2|[from] item: Weakness Policy\n|-boost|p2b: Regidrago|spa|2|[from] item: Weakness Policy\n|\n|-weather|Snow|[upkeep]\n|upkeep\n|turn|3\n|inactive|UrBlastingOffAgain has 120 seconds left.\n|\n|t:|1697996305\n|switch|p2a: Tapu Bulu|Tapu Bulu|100\/100\n|-fieldstart|move: Grassy Terrain|[from] ability: Grassy Surge|[of] p2a: Tapu Bulu\n|-terastallize|p2b: Regidrago|Steel\n|move|p1a: Whimsicott|Encore||[still]\n|-fail|p1a: Whimsicott\n|move|p2b: Regidrago|Tera Blast|p1b: Ninetales|[anim] Tera Blast Steel\n|-supereffective|p1b: Ninetales\n|-damage|p1b: Ninetales|0 fnt\n|faint|p1b: Ninetales\n|\n|-weather|Snow|[upkeep]\n|-heal|p2b: Regidrago|84\/100|[from] Grassy Terrain\n|upkeep\n|inactive|nombre epico.jpg has 120 seconds left.\n|\n|t:|1697996323\n|switch|p1b: Blaziken|Blaziken, M, shiny|100\/100\n|turn|4\n|\n|t:|1697996340\n|detailschange|p1b: Blaziken|Blaziken-Mega, M, shiny\n|-mega|p1b: Blaziken|Blaziken|Blazikenite\n|move|p1b: Blaziken|Protect|p1b: Blaziken\n|-singleturn|p1b: Blaziken|Protect\n|move|p1a: Whimsicott|Tailwind|p1a: Whimsicott\n|-sidestart|p1: nombre epico.jpg|move: Tailwind\n|move|p2b: Regidrago|Dragon Energy|p1a: Whimsicott|[spread] \n|-activate|p1b: Blaziken|move: Protect\n|-immune|p1a: Whimsicott\n|move|p2a: Tapu Bulu|Rock Slide|p1b: Blaziken|[spread] p1a\n|-activate|p1b: Blaziken|move: Protect\n|-damage|p1a: Whimsicott|87\/100\n|\n|-weather|Snow|[upkeep]\n|-heal|p2b: Regidrago|90\/100|[from] Grassy Terrain\n|-heal|p1a: Whimsicott|93\/100|[from] Grassy Terrain\n|-ability|p1b: Blaziken|Speed Boost|boost\n|-boost|p1b: Blaziken|spe|1\n|upkeep\n|turn|5\n|\n|t:|1697996369\n|switch|p1b: Zeraora|Zeraora|100\/100\n|move|p2b: Regidrago|Dragon Energy|p1b: Zeraora|[spread] p1b\n|-immune|p1a: Whimsicott\n|-damage|p1b: Zeraora|0 fnt\n|faint|p1b: Zeraora\n|move|p2a: Tapu Bulu|Rock Slide|p1a: Whimsicott\n|-damage|p1a: Whimsicott|73\/100\n|move|p1a: Whimsicott|Dazzling Gleam|p2b: Regidrago|[spread] p2a,p2b\n|-resisted|p2b: Regidrago\n|-damage|p2a: Tapu Bulu|84\/100\n|-damage|p2b: Regidrago|87\/100\n|\n|-weather|none\n|-heal|p2b: Regidrago|93\/100|[from] Grassy Terrain\n|-heal|p2a: Tapu Bulu|90\/100|[from] Grassy Terrain\n|-heal|p2a: Tapu Bulu|96\/100|[from] item: Leftovers\n|-heal|p1a: Whimsicott|79\/100|[from] Grassy Terrain\n|-fieldend|move: Trick Room\n|upkeep\n|inactive|nombre epico.jpg has 120 seconds left.\n|\n|t:|1697996390\n|switch|p1b: Blaziken|Blaziken-Mega, M, shiny|100\/100\n|turn|6\n|\n|t:|1697996398\n|move|p1a: Whimsicott|Encore|p2a: Tapu Bulu\n|-start|p2a: Tapu Bulu|Encore\n|move|p1b: Blaziken|Flare Blitz|p2b: Regidrago\n|-supereffective|p2b: Regidrago\n|-damage|p2b: Regidrago|42\/100\n|-damage|p1b: Blaziken|67\/100|[from] Recoil\n|move|p2a: Tapu Bulu|Rock Slide|p1b: Blaziken|[spread] p1a,p1b\n|-damage|p1a: Whimsicott|64\/100\n|-damage|p1b: Blaziken|50\/100\n|move|p2b: Regidrago|Tera Blast|p1a: Whimsicott|[anim] Tera Blast Steel\n|-supereffective|p1a: Whimsicott\n|-damage|p1a: Whimsicott|0 fnt\n|faint|p1a: Whimsicott\n|\n|-heal|p1b: Blaziken|56\/100|[from] Grassy Terrain\n|-heal|p2a: Tapu Bulu|100\/100|[from] Grassy Terrain\n|-heal|p2b: Regidrago|48\/100|[from] Grassy Terrain\n|-ability|p1b: Blaziken|Speed Boost|boost\n|-boost|p1b: Blaziken|spe|1\n|upkeep\n|inactive|nombre epico.jpg has 120 seconds left.\n|\n|t:|1697996428\n|switch|p1a: Marshadow|Marshadow|100\/100\n|turn|7\n|\n|t:|1697996438\n|move|p1b: Blaziken|Flare Blitz|p2a: Tapu Bulu\n|-supereffective|p2a: Tapu Bulu\n|-crit|p2a: Tapu Bulu\n|-damage|p2a: Tapu Bulu|0 fnt\n|faint|p2a: Tapu Bulu\n|-damage|p1b: Blaziken|18\/100|[from] Recoil\n|move|p1a: Marshadow|Spectral Thief||[still]\n|-clearpositiveboost|p2b: Regidrago|p1a: Marshadow|move: Spectral Thief\n|-boost|p1a: Marshadow|atk|2\n|-boost|p1a: Marshadow|spa|2\n|-anim|p1a: Marshadow|Spectral Thief|p2b: Regidrago\n|-damage|p2b: Regidrago|10\/100\n|move|p2b: Regidrago|Rest|p2b: Regidrago\n|-status|p2b: Regidrago|slp|[from] move: Rest\n|-heal|p2b: Regidrago|100\/100 slp|[silent]\n|\n|-heal|p1b: Blaziken|24\/100|[from] Grassy Terrain\n|-sideend|p1: nombre epico.jpg|move: Tailwind\n|-fieldend|move: Grassy Terrain\n|-ability|p1b: Blaziken|Speed Boost|boost\n|-boost|p1b: Blaziken|spe|1\n|upkeep\n|\n|t:|1697996461\n|switch|p2a: Cresselia|Cresselia, F|100\/100\n|turn|8\n|\n|t:|1697996472\n|move|p1b: Blaziken|Close Combat|p2b: Regidrago\n|-supereffective|p2b: Regidrago\n|-damage|p2b: Regidrago|50\/100 slp\n|-unboost|p1b: Blaziken|def|1\n|-unboost|p1b: Blaziken|spd|1\n|-zpower|p1a: Marshadow\n|move|p1a: Marshadow|Soul-Stealing 7-Star Strike|p2a: Cresselia|[zeffect]\n|-supereffective|p2a: Cresselia\n|-damage|p2a: Cresselia|0 fnt\n|faint|p2a: Cresselia\n|cant|p2b: Regidrago|slp\n|\n|-sideend|p1: nombre epico.jpg|move: Aurora Veil\n|-ability|p1b: Blaziken|Speed Boost|boost\n|-boost|p1b: Blaziken|spe|1\n|upkeep\n|inactive|UrBlastingOffAgain has 120 seconds left.\n|\n|t:|1697996497\n|switch|p2a: Rillaboom|Rillaboom, M|100\/100\n|-fieldstart|move: Grassy Terrain|[from] ability: Grassy Surge|[of] p2a: Rillaboom\n|turn|9\n|\n|t:|1697996517\n|move|p2a: Rillaboom|Grassy Glide|p1b: Blaziken\n|-resisted|p1b: Blaziken\n|-damage|p1b: Blaziken|0 fnt\n|faint|p1b: Blaziken\n|move|p1a: Marshadow|Close Combat|p2a: Rillaboom\n|-damage|p2a: Rillaboom|0 fnt\n|-unboost|p1a: Marshadow|def|1\n|-unboost|p1a: Marshadow|spd|1\n|faint|p2a: Rillaboom\n|cant|p2b: Regidrago|slp\n|move|p2b: Regidrago|Sleep Talk|p2b: Regidrago\n|move|p2b: Regidrago|Tera Blast|p1a: Marshadow|[from]move: Sleep Talk|[anim] Tera Blast Steel\n|-crit|p1a: Marshadow\n|-damage|p1a: Marshadow|7\/100\n|\n|-heal|p1a: Marshadow|13\/100|[from] Grassy Terrain\n|-heal|p2b: Regidrago|56\/100 slp|[from] Grassy Terrain\n|upkeep\n|\n|t:|1697996536\n|switch|p1b: Iron Bundle|Iron Bundle, shiny|100\/100\n|switch|p2a: Shuckle|Shuckle, M|65\/100\n|-enditem|p1b: Iron Bundle|Booster Energy\n|-activate|p1b: Iron Bundle|ability: Quark Drive|[fromitem]\n|-start|p1b: Iron Bundle|quarkdrivespe\n|turn|10\n|inactive|UrBlastingOffAgain has 120 seconds left.\n|\n|t:|1697996569\n|move|p1b: Iron Bundle|Hydro Pump|p2a: Shuckle\n|-supereffective|p2a: Shuckle\n|-damage|p2a: Shuckle|0 fnt\n|faint|p2a: Shuckle\n|move|p1a: Marshadow|Close Combat|p2b: Regidrago\n|-supereffective|p2b: Regidrago\n|-damage|p2b: Regidrago|0 fnt\n|-unboost|p1a: Marshadow|def|1\n|-unboost|p1a: Marshadow|spd|1\n|faint|p2b: Regidrago\n|\n|-heal|p1a: Marshadow|19\/100|[from] Grassy Terrain\n|upkeep\n|inactive|UrBlastingOffAgain has 120 seconds left.\n|\n|t:|1697996579\n|switch|p2b: Gholdengo|Gholdengo|100\/100\n|turn|11\n|\n|t:|1697996587\n|move|p1a: Marshadow|Shadow Sneak|p2b: Gholdengo\n|-supereffective|p2b: Gholdengo\n|-damage|p2b: Gholdengo|0 fnt\n|faint|p2b: Gholdengo\n|\n|win|nombre epico.jpg\n|raw|nombre epico.jpg's rating: 1323 &rarr; <strong>1336<\/strong><br \/>(+13 for winning)\n|raw|UrBlastingOffAgain's rating: 1201 &rarr; <strong>1184<\/strong><br \/>(-17 for losing)\n|l|\u2606UrBlastingOffAgain\n","uploadtime":1697996593,"views":13,"p1id":"nombreepicojpg","p2id":"urblastingoffagain","formatid":"gen9nationaldexdoubles","rating":1184,"private":0,"password":""}