{"id":"gen9nationaldexdoubles-1967685075","p1":"flutteringfairryyy","p2":"Ancientguirus","format":"[Gen 9] National Dex Doubles","log":"|j|\u2606flutteringfairryyy\n|j|\u2606Ancientguirus\n|t:|1697326927\n|gametype|doubles\n|player|p1|flutteringfairryyy|skierf|\n|player|p2|Ancientguirus|raihan|\n|teamsize|p1|6\n|teamsize|p2|6\n|gen|9\n|tier|[Gen 9] National Dex Doubles\n|rule|HP Percentage Mod: HP is shown in percentages\n|rule|Endless Battle Clause: Forcing endless battles is banned\n|rule|OHKO Clause: OHKO moves are banned\n|rule|Evasion Moves Clause: Evasion moves are banned\n|rule|Evasion Abilities Clause: Evasion abilities are banned\n|rule|Species Clause: Limit one of each Pok\u00e9mon\n|rule|Gravity Sleep Clause: The combination of sleep-inducing moves with imperfect accuracy and Gravity or Gigantamax Orbeetle are banned\n|clearpoke\n|poke|p1|Skiploom, M|\n|poke|p1|Primarina, F|\n|poke|p1|Cresselia, F|\n|poke|p1|Maushold-Four|\n|poke|p1|Tauros-Paldea-Blaze, M|\n|poke|p1|Dragapult, M|\n|poke|p2|Walking Wake|\n|poke|p2|Espathra, F|\n|poke|p2|Darkrai|\n|poke|p2|Spectrier|\n|poke|p2|Ogerpon-Hearthflame, F|\n|poke|p2|Marshadow|\n|teampreview\n|\n|t:|1697326960\n|start\n|switch|p1a: hoppscotch2911|Skiploom, M, shiny|100\/100\n|switch|p1b: girlkisser|Primarina, F|100\/100\n|switch|p2a: Spectrier|Spectrier|100\/100\n|switch|p2b: Marshadow|Marshadow|100\/100\n|turn|1\n|\n|t:|1697326978\n|move|p2a: Spectrier|Will-O-Wisp|p1b: girlkisser\n|-status|p1b: girlkisser|brn\n|-zpower|p2b: Marshadow\n|move|p2b: Marshadow|Soul-Stealing 7-Star Strike|p1a: hoppscotch2911|[zeffect]\n|-crit|p1a: hoppscotch2911\n|-damage|p1a: hoppscotch2911|0 fnt\n|faint|p1a: hoppscotch2911\n|move|p1b: girlkisser|Moonblast|p2b: Marshadow\n|-supereffective|p2b: Marshadow\n|-damage|p2b: Marshadow|0 fnt\n|faint|p2b: Marshadow\n|-damage|p1b: girlkisser|91\/100 brn|[from] item: Life Orb\n|\n|-damage|p1b: girlkisser|85\/100 brn|[from] brn\n|upkeep\n|\n|t:|1697327008\n|switch|p2b: Darkrai|Darkrai|100\/100\n|switch|p1a: death|Cresselia, F, shiny|100\/100\n|turn|2\n|\n|t:|1697327046\n|-terastallize|p1a: death|Electric\n|move|p2a: Spectrier|Hex|p1b: girlkisser\n|-damage|p1b: girlkisser|8\/100 brn\n|-damage|p2a: Spectrier|91\/100|[from] item: Life Orb\n|move|p2b: Darkrai|Dark Pulse|p1a: death\n|-damage|p1a: death|70\/100\n|cant|p1a: death|flinch\n|move|p1b: girlkisser|Moonblast|p2b: Darkrai\n|-supereffective|p2b: Darkrai\n|-crit|p2b: Darkrai\n|-damage|p2b: Darkrai|0 fnt\n|faint|p2b: Darkrai\n|-damage|p1b: girlkisser|0 fnt|[from] item: Life Orb\n|faint|p1b: girlkisser\n|\n|upkeep\n|\n|t:|1697327095\n|switch|p2b: Walking Wake|Walking Wake|100\/100\n|switch|p1b: squeak|Maushold-Four|100\/100\n|turn|3\n|\n|t:|1697327113\n|move|p2a: Spectrier|Draining Kiss|p1a: death\n|-damage|p1a: death|55\/100\n|-heal|p2a: Spectrier|100\/100|[from] drain|[of] p1a: death\n|-damage|p2a: Spectrier|91\/100|[from] item: Life Orb\n|move|p2b: Walking Wake|Draco Meteor|p1a: death\n|-damage|p1a: death|0 fnt\n|-unboost|p2b: Walking Wake|spa|2\n|faint|p1a: death\n|move|p1b: squeak|Population Bomb|p2b: Walking Wake\n|-damage|p2b: Walking Wake|88\/100\n|-damage|p2b: Walking Wake|75\/100\n|-damage|p2b: Walking Wake|62\/100\n|-damage|p2b: Walking Wake|49\/100\n|-damage|p2b: Walking Wake|37\/100\n|-damage|p2b: Walking Wake|23\/100\n|-damage|p2b: Walking Wake|10\/100\n|-damage|p2b: Walking Wake|0 fnt\n|faint|p2b: Walking Wake\n|-end|p2b: Walking Wake|Protosynthesis|[silent]\n|-hitcount|p2: Walking Wake|8\n|\n|upkeep\n|\n|t:|1697327141\n|switch|p2b: Espathra|Espathra, F|100\/100\n|switch|p1a: a|Dragapult, M|100\/100\n|turn|4\n|\n|t:|1697327159\n|move|p2a: Spectrier|Will-O-Wisp|p1a: a\n|-status|p1a: a|brn\n|move|p1a: a|Phantom Force||[still]\n|-prepare|p1a: a|Phantom Force\n|move|p1b: squeak|Population Bomb|p2b: Espathra\n|-crit|p2b: Espathra\n|-damage|p2b: Espathra|70\/100\n|-crit|p2b: Espathra\n|-damage|p2b: Espathra|41\/100\n|-damage|p2b: Espathra|22\/100\n|-damage|p2b: Espathra|4\/100\n|-damage|p2b: Espathra|0 fnt\n|faint|p2b: Espathra\n|-hitcount|p2: Espathra|5\n|\n|-damage|p1a: a|95\/100 brn|[from] brn\n|upkeep\n|\n|t:|1697327174\n|switch|p2b: Ogerpon|Ogerpon-Hearthflame, F|100\/100\n|-ability|p2b: Ogerpon|Mold Breaker\n|turn|5\n|\n|t:|1697327193\n|-terastallize|p2a: Spectrier|Fighting\n|move|p2a: Spectrier|Draining Kiss|p1b: squeak\n|-damage|p1b: squeak|63\/100\n|-heal|p2a: Spectrier|100\/100|[from] drain|[of] p1b: squeak\n|-damage|p2a: Spectrier|91\/100|[from] item: Life Orb\n|move|p1a: a|Phantom Force|p2a: Spectrier|[from]lockedmove\n|-damage|p2a: Spectrier|37\/100\n|-damage|p1a: a|85\/100 brn|[from] item: Life Orb\n|move|p2b: Ogerpon|Swords Dance|p2b: Ogerpon\n|-boost|p2b: Ogerpon|atk|2\n|move|p1b: squeak|Population Bomb|p2b: Ogerpon\n|-damage|p2b: Ogerpon|84\/100\n|-damage|p2b: Ogerpon|69\/100\n|-damage|p2b: Ogerpon|53\/100\n|-damage|p2b: Ogerpon|38\/100\n|-damage|p2b: Ogerpon|23\/100\n|-hitcount|p2b: Ogerpon|5\n|\n|-damage|p1a: a|79\/100 brn|[from] brn\n|upkeep\n|turn|6\n|\n|t:|1697327236\n|move|p2a: Spectrier|Hex|p1a: a\n|-supereffective|p1a: a\n|-damage|p1a: a|0 fnt\n|faint|p1a: a\n|-ability|p2a: Spectrier|Grim Neigh|boost\n|-boost|p2a: Spectrier|spa|1\n|-damage|p2a: Spectrier|27\/100|[from] item: Life Orb\n|move|p2b: Ogerpon|Horn Leech|p1b: squeak\n|-damage|p1b: squeak|0 fnt\n|-heal|p2b: Ogerpon|53\/100|[from] drain|[of] p1b: squeak\n|faint|p1b: squeak\n|\n|upkeep\n|\n|t:|1697327266\n|switch|p1b: meowa|Tauros-Paldea-Blaze, M|100\/100\n|-ability|p1b: meowa|Intimidate|boost\n|-unboost|p2a: Spectrier|atk|1\n|-unboost|p2b: Ogerpon|atk|1\n|turn|7\n|\n|t:|1697327332\n|move|p2a: Spectrier|Psychic|p1b: meowa\n|-supereffective|p1b: meowa\n|-damage|p1b: meowa|0 fnt\n|faint|p1b: meowa\n|-damage|p2a: Spectrier|17\/100|[from] item: Life Orb\n|\n|win|Ancientguirus\n|l|\u2606flutteringfairryyy\n","uploadtime":1697327535,"views":7,"p1id":"flutteringfairryyy","p2id":"ancientguirus","formatid":"gen9nationaldexdoubles","rating":0,"private":0,"password":""}