{"id":"gen9nationaldexdoubles-1949362696","p1":"PuddLPud","p2":"goshia25","format":"[Gen 9] National Dex Doubles","log":"|j|\u2606PuddLPud\n|j|\u2606goshia25\n|t:|1695351301\n|gametype|doubles\n|player|p1|PuddLPud|harlequin|1154\n|player|p2|goshia25|265|1053\n|teamsize|p1|6\n|teamsize|p2|6\n|gen|9\n|tier|[Gen 9] National Dex Doubles\n|rated|\n|rule|HP Percentage Mod: HP is shown in percentages\n|rule|Endless Battle Clause: Forcing endless battles is banned\n|rule|OHKO Clause: OHKO moves are banned\n|rule|Evasion Moves Clause: Evasion moves are banned\n|rule|Evasion Abilities Clause: Evasion abilities are banned\n|rule|Species Clause: Limit one of each Pok\u00e9mon\n|rule|Gravity Sleep Clause: The combination of sleep-inducing moves with imperfect accuracy and Gravity or Gigantamax Orbeetle are banned\n|clearpoke\n|poke|p1|Meowstic, M|\n|poke|p1|Flapple, F|\n|poke|p1|Maushold|\n|poke|p1|Sandy Shocks|\n|poke|p1|Tapu Koko|\n|poke|p1|Iron Bundle|\n|poke|p2|Mandibuzz, F|\n|poke|p2|Blacephalon|\n|poke|p2|Aegislash, F|\n|poke|p2|Scrafty, F|\n|poke|p2|Flutter Mane|\n|poke|p2|Gliscor, F|\n|teampreview\n|\n|t:|1695351337\n|start\n|switch|p1a: Meowstic|Meowstic, M|100\/100\n|switch|p1b: Iron Bundle|Iron Bundle|100\/100\n|switch|p2a: Flutter Mane|Flutter Mane|100\/100\n|switch|p2b: Aegislash|Aegislash, F|100\/100\n|-enditem|p2a: Flutter Mane|Booster Energy\n|-activate|p2a: Flutter Mane|ability: Protosynthesis|[fromitem]\n|-start|p2a: Flutter Mane|protosynthesisspe\n|turn|1\n|\n|t:|1695351362\n|-terastallize|p2a: Flutter Mane|Ghost\n|move|p1a: Meowstic|Thunder Wave|p2a: Flutter Mane\n|-status|p2a: Flutter Mane|par\n|move|p1b: Iron Bundle|Flip Turn|p2a: Flutter Mane\n|-damage|p2a: Flutter Mane|67\/100 par\n|\n|t:|1695351379\n|-end|p1b: Iron Bundle|Quark Drive|[silent]\n|switch|p1b: Tapu Koko|Tapu Koko|100\/100|[from] Flip Turn\n|-fieldstart|move: Electric Terrain|[from] ability: Electric Surge|[of] p1b: Tapu Koko\n|move|p2a: Flutter Mane|Energy Ball|p1b: Tapu Koko\n|-damage|p1b: Tapu Koko|53\/100\n|-formechange|p2b: Aegislash|Aegislash-Blade||[from] ability: Stance Change\n|move|p2b: Aegislash|Iron Head|p1b: Tapu Koko\n|-damage|p1b: Tapu Koko|0 fnt\n|faint|p1b: Tapu Koko\n|\n|upkeep\n|\n|t:|1695351400\n|switch|p1b: Sandy Shocks|Sandy Shocks|100\/100\n|-enditem|p1b: Sandy Shocks|Booster Energy\n|-activate|p1b: Sandy Shocks|ability: Protosynthesis|[fromitem]\n|-start|p1b: Sandy Shocks|protosynthesisspe\n|turn|2\n|\n|t:|1695351411\n|move|p1a: Meowstic|Gravity|p1a: Meowstic\n|-fieldstart|move: Gravity\n|move|p1b: Sandy Shocks|Thunder|p2a: Flutter Mane\n|-damage|p2a: Flutter Mane|0 fnt\n|faint|p2a: Flutter Mane\n|-end|p2a: Flutter Mane|Protosynthesis|[silent]\n|move|p2b: Aegislash|Shadow Ball|p1a: Meowstic\n|-supereffective|p1a: Meowstic\n|-crit|p1a: Meowstic\n|-damage|p1a: Meowstic|0 fnt\n|faint|p1a: Meowstic\n|\n|upkeep\n|\n|t:|1695351428\n|switch|p2a: Gliscor|Gliscor, F|100\/100\n|switch|p1a: Maushold|Maushold|100\/100\n|turn|3\n|\n|t:|1695351444\n|-formechange|p2b: Aegislash|Aegislash||[from] ability: Stance Change\n|move|p2b: Aegislash|King's Shield|p2b: Aegislash\n|-singleturn|p2b: Aegislash|Protect\n|move|p1a: Maushold|Follow Me|p1a: Maushold\n|-singleturn|p1a: Maushold|move: Follow Me\n|move|p1b: Sandy Shocks|Volt Switch|p2b: Aegislash\n|-activate|p2b: Aegislash|move: Protect\n|move|p2a: Gliscor|Earthquake|p1a: Maushold|[spread] p1a,p1b\n|-activate|p2b: Aegislash|move: Protect\n|-supereffective|p1b: Sandy Shocks\n|-damage|p1a: Maushold|53\/100\n|-damage|p1b: Sandy Shocks|34\/100\n|\n|-status|p2a: Gliscor|tox|[from] item: Toxic Orb\n|upkeep\n|turn|4\n|\n|t:|1695351466\n|-end|p1b: Sandy Shocks|Protosynthesis|[silent]\n|switch|p1b: Flapple|Flapple, F|100\/100\n|switch|p2b: Mandibuzz|Mandibuzz, F|100\/100\n|move|p1a: Maushold|Protect|p1a: Maushold\n|-singleturn|p1a: Maushold|Protect\n|move|p2a: Gliscor|Earthquake|p1b: Flapple|[spread] p2b,p1b\n|-activate|p1a: Maushold|move: Protect\n|-resisted|p1b: Flapple\n|-damage|p2b: Mandibuzz|83\/100\n|-damage|p1b: Flapple|79\/100\n|\n|upkeep\n|turn|5\n|\n|t:|1695351490\n|move|p1a: Maushold|Population Bomb|p2b: Mandibuzz\n|-damage|p2b: Mandibuzz|77\/100\n|-damage|p1a: Maushold|36\/100|[from] item: Rocky Helmet|[of] p2b: Mandibuzz\n|-damage|p2b: Mandibuzz|70\/100\n|-damage|p1a: Maushold|20\/100|[from] item: Rocky Helmet|[of] p2b: Mandibuzz\n|-damage|p2b: Mandibuzz|64\/100\n|-damage|p1a: Maushold|3\/100|[from] item: Rocky Helmet|[of] p2b: Mandibuzz\n|-damage|p2b: Mandibuzz|57\/100\n|-damage|p1a: Maushold|0 fnt|[from] item: Rocky Helmet|[of] p2b: Mandibuzz\n|faint|p1a: Maushold\n|-hitcount|p2b: Mandibuzz|4\n|move|p2a: Gliscor|Facade|p1b: Flapple\n|-damage|p1b: Flapple|23\/100\n|move|p1b: Flapple|Grav Apple|p2a: Gliscor\n|-damage|p2a: Gliscor|2\/100 tox\n|-unboost|p2a: Gliscor|def|1\n|move|p2b: Mandibuzz|Tailwind|p2b: Mandibuzz\n|-sidestart|p2: goshia25|move: Tailwind\n|\n|-heal|p2a: Gliscor|14\/100 tox|[from] ability: Poison Heal\n|-fieldend|move: Electric Terrain\n|upkeep\n|-message|PuddLPud forfeited.\n|\n|win|goshia25\n|raw|PuddLPud's rating: 1154 &rarr; <strong>1122<\/strong><br \/>(-32 for losing)\n|raw|goshia25's rating: 1053 &rarr; <strong>1094<\/strong><br \/>(+41 for winning)\n|l|\u2606PuddLPud\n","uploadtime":1695351521,"views":15,"p1id":"puddlpud","p2id":"goshia25","formatid":"gen9nationaldexdoubles","rating":1094,"private":0,"password":""}