{"id":"gen9nationaldexdoubles-1993007448","p1":"aWildTito","p2":"MtyMiltanks","format":"[Gen 9] National Dex Doubles","log":"|j|\u2606aWildTito\n|j|\u2606MtyMiltanks\n|t:|1700254912\n|gametype|doubles\n|player|p1|aWildTito|benga|\n|player|p2|MtyMiltanks|lillie|\n|teamsize|p1|6\n|teamsize|p2|6\n|gen|9\n|tier|[Gen 9] National Dex Doubles\n|rule|HP Percentage Mod: HP is shown in percentages\n|rule|Endless Battle Clause: Forcing endless battles is banned\n|rule|OHKO Clause: OHKO moves are banned\n|rule|Evasion Moves Clause: Evasion moves are banned\n|rule|Evasion Abilities Clause: Evasion abilities are banned\n|rule|Species Clause: Limit one of each Pok\u00e9mon\n|rule|Gravity Sleep Clause: The combination of sleep-inducing moves with imperfect accuracy and Gravity or Gigantamax Orbeetle are banned\n|clearpoke\n|poke|p1|Sneasler, M|\n|poke|p1|Tapu Koko|\n|poke|p1|Grimmsnarl, M|\n|poke|p1|Cresselia, F|\n|poke|p1|Heatran, M|\n|poke|p1|Murkrow, M|\n|poke|p2|Heatran, F|\n|poke|p2|Rillaboom, F|\n|poke|p2|Fezandipiti, M|\n|poke|p2|Volbeat, M|\n|poke|p2|Ogerpon-Wellspring, F|\n|poke|p2|Mamoswine, M|\n|teampreview\n|inactive|Battle timer is ON: inactive players will automatically lose when time's up. (requested by aWildTito)\n|l|\u2606MtyMiltanks\n|inactive|MtyMiltanks disconnected and has 300 seconds to reconnect!\n|player|p2|\n|c|\u2606aWildTito|Glhf\n|inactive|aWildTito has 270 seconds left.\n|inactive|MtyMiltanks has 270 seconds to reconnect!\n|j|\u2606MtyMiltanks\n|inactive|MtyMiltanks reconnected and has 280 seconds left.\n|player|p2|MtyMiltanks|lillie\n|inactive|MtyMiltanks has 270 seconds left.\n|l|\u2606aWildTito\n|inactive|aWildTito disconnected and has 300 seconds to reconnect!\n|player|p1|\n|j|\u2606aWildTito\n|inactive|aWildTito reconnected.\n|player|p1|aWildTito|benga\n|\n|t:|1700254995\n|start\n|switch|p1a: Tapu Koko|Tapu Koko|100\/100\n|switch|p1b: Grimmsnarl|Grimmsnarl, M|100\/100\n|switch|p2a: Rillaboom|Rillaboom, F|100\/100\n|switch|p2b: Ogerpon|Ogerpon-Wellspring, F|100\/100\n|-fieldstart|move: Electric Terrain|[from] ability: Electric Surge|[of] p1a: Tapu Koko\n|-fieldstart|move: Grassy Terrain|[from] ability: Grassy Surge|[of] p2a: Rillaboom\n|turn|1\n|\n|t:|1700255017\n|move|p2b: Ogerpon|Protect|p2b: Ogerpon\n|-singleturn|p2b: Ogerpon|Protect\n|move|p1b: Grimmsnarl|Reflect|p1b: Grimmsnarl\n|-sidestart|p1: aWildTito|Reflect\n|move|p1a: Tapu Koko|U-turn|p2a: Rillaboom\n|-supereffective|p2a: Rillaboom\n|-damage|p2a: Rillaboom|65\/100\n|\n|t:|1700255027\n|switch|p1a: Cresselia|Cresselia, F|100\/100|[from] U-turn\n|move|p2a: Rillaboom|Wood Hammer|p1a: Cresselia\n|-damage|p1a: Cresselia|67\/100\n|-damage|p2a: Rillaboom|51\/100|[from] Recoil\n|\n|-heal|p2a: Rillaboom|57\/100|[from] Grassy Terrain\n|-heal|p1a: Cresselia|73\/100|[from] item: Leftovers\n|upkeep\n|turn|2\n|inactive|aWildTito has 270 seconds left.\n|\n|t:|1700255062\n|move|p1b: Grimmsnarl|Parting Shot|p2b: Ogerpon\n|-unboost|p2b: Ogerpon|atk|1\n|-unboost|p2b: Ogerpon|spa|1\n|\n|t:|1700255066\n|switch|p1b: Tapu Koko|Tapu Koko|100\/100|[from] Parting Shot\n|-fieldstart|move: Electric Terrain|[from] ability: Electric Surge|[of] p1b: Tapu Koko\n|move|p2b: Ogerpon|Play Rough|p1b: Tapu Koko\n|-damage|p1b: Tapu Koko|78\/100\n|move|p2a: Rillaboom|U-turn|p1b: Tapu Koko\n|-resisted|p1b: Tapu Koko\n|-damage|p1b: Tapu Koko|68\/100\n|\n|t:|1700255077\n|switch|p2a: Mamoswine|Mamoswine, M|100\/100|[from] U-turn\n|move|p1a: Cresselia|Calm Mind|p1a: Cresselia\n|-boost|p1a: Cresselia|spa|1\n|-boost|p1a: Cresselia|spd|1\n|\n|-heal|p1a: Cresselia|79\/100|[from] item: Leftovers\n|upkeep\n|turn|3\n|inactive|aWildTito has 270 seconds left.\n|\n|t:|1700255108\n|switch|p2b: Rillaboom|Rillaboom, F|57\/100\n|-fieldstart|move: Grassy Terrain|[from] ability: Grassy Surge|[of] p2b: Rillaboom\n|move|p1b: Tapu Koko|U-turn|p2a: Mamoswine\n|-crit|p2a: Mamoswine\n|-damage|p2a: Mamoswine|74\/100\n|inactive|aWildTito has 270 seconds left.\n|\n|t:|1700255122\n|switch|p1b: Grimmsnarl|Grimmsnarl, M|100\/100|[from] U-turn\n|move|p2a: Mamoswine|Rock Slide|p1a: Cresselia|[spread] p1a,p1b\n|-damage|p1a: Cresselia|70\/100\n|-damage|p1b: Grimmsnarl|87\/100\n|move|p1a: Cresselia|Calm Mind|p1a: Cresselia\n|-boost|p1a: Cresselia|spa|1\n|-boost|p1a: Cresselia|spd|1\n|\n|-heal|p2b: Rillaboom|63\/100|[from] Grassy Terrain\n|-heal|p2a: Mamoswine|81\/100|[from] Grassy Terrain\n|-heal|p1a: Cresselia|76\/100|[from] item: Leftovers\n|-heal|p1b: Grimmsnarl|93\/100|[from] Grassy Terrain\n|upkeep\n|turn|4\n|inactive|aWildTito has 270 seconds left.\n|\n|t:|1700255147\n|move|p2b: Rillaboom|Fake Out|p1b: Grimmsnarl\n|-damage|p1b: Grimmsnarl|85\/100\n|cant|p1b: Grimmsnarl|flinch\n|move|p2a: Mamoswine|Icicle Crash|p1a: Cresselia\n|-damage|p1a: Cresselia|55\/100\n|cant|p1a: Cresselia|flinch\n|\n|-heal|p2b: Rillaboom|69\/100|[from] Grassy Terrain\n|-heal|p2a: Mamoswine|87\/100|[from] Grassy Terrain\n|-heal|p1a: Cresselia|61\/100|[from] item: Leftovers\n|-heal|p1b: Grimmsnarl|91\/100|[from] Grassy Terrain\n|upkeep\n|turn|5\n|inactive|aWildTito has 270 seconds left.\n|\n|t:|1700255173\n|move|p2b: Rillaboom|Knock Off|p1a: Cresselia\n|-supereffective|p1a: Cresselia\n|-damage|p1a: Cresselia|33\/100\n|-enditem|p1a: Cresselia|Leftovers|[from] move: Knock Off|[of] p2b: Rillaboom\n|move|p2a: Mamoswine|Icicle Crash|p1a: Cresselia\n|-damage|p1a: Cresselia|12\/100\n|cant|p1a: Cresselia|flinch\n|move|p1b: Grimmsnarl|Spirit Break|p2a: Mamoswine\n|-damage|p2a: Mamoswine|54\/100\n|-unboost|p2a: Mamoswine|spa|1\n|\n|-heal|p2b: Rillaboom|76\/100|[from] Grassy Terrain\n|-heal|p2a: Mamoswine|60\/100|[from] Grassy Terrain\n|-heal|p1b: Grimmsnarl|97\/100|[from] Grassy Terrain\n|upkeep\n|turn|6\n|inactive|aWildTito has 270 seconds left.\n|\n|t:|1700255220\n|move|p1b: Grimmsnarl|Parting Shot|p2a: Mamoswine\n|-unboost|p2a: Mamoswine|atk|1\n|-unboost|p2a: Mamoswine|spa|1\n|\n|t:|1700255226\n|switch|p1b: Tapu Koko|Tapu Koko|68\/100|[from] Parting Shot\n|-fieldstart|move: Electric Terrain|[from] ability: Electric Surge|[of] p1b: Tapu Koko\n|move|p2b: Rillaboom|Wood Hammer|p1a: Cresselia\n|-damage|p1a: Cresselia|0 fnt\n|faint|p1a: Cresselia\n|-damage|p2b: Rillaboom|71\/100|[from] Recoil\n|move|p2a: Mamoswine|Icicle Crash|p1b: Tapu Koko\n|-damage|p1b: Tapu Koko|34\/100\n|\n|upkeep\n|inactive|aWildTito has 240 seconds left.\n|\n|t:|1700255242\n|switch|p1a: Sneasler|Sneasler, M|100\/100\n|-enditem|p1a: Sneasler|Electric Seed\n|-boost|p1a: Sneasler|def|1|[from] item: Electric Seed\n|turn|7\n|inactive|aWildTito has 240 seconds left.\n|\n|t:|1700255265\n|switch|p2b: Volbeat|Volbeat, M|100\/100\n|-terastallize|p1a: Sneasler|Flying\n|move|p1a: Sneasler|Swords Dance|p1a: Sneasler\n|-boost|p1a: Sneasler|atk|2\n|move|p1b: Tapu Koko|U-turn|p2b: Volbeat\n|-damage|p2b: Volbeat|81\/100\n|inactive|aWildTito has 240 seconds left.\n|\n|t:|1700255275\n|switch|p1b: Grimmsnarl|Grimmsnarl, M|97\/100|[from] U-turn\n|move|p2a: Mamoswine|Earthquake|p1a: Sneasler|[spread] p2b,p1b\n|-immune|p1a: Sneasler\n|-resisted|p2b: Volbeat\n|-damage|p2b: Volbeat|64\/100\n|-damage|p1b: Grimmsnarl|80\/100\n|\n|upkeep\n|turn|8\n|\n|t:|1700255295\n|move|p2b: Volbeat|Encore|p1a: Sneasler\n|-start|p1a: Sneasler|Encore\n|move|p1b: Grimmsnarl|Light Screen|p1b: Grimmsnarl\n|-sidestart|p1: aWildTito|move: Light Screen\n|move|p1a: Sneasler|Swords Dance|p1a: Sneasler\n|-boost|p1a: Sneasler|atk|2\n|move|p2a: Mamoswine|Icicle Crash|p1a: Sneasler\n|-supereffective|p1a: Sneasler\n|-damage|p1a: Sneasler|50\/100\n|\n|-sideend|p1: aWildTito|Reflect\n|upkeep\n|turn|9\n|\n|t:|1700255321\n|move|p2b: Volbeat|Tailwind|p2b: Volbeat\n|-sidestart|p2: MtyMiltanks|move: Tailwind\n|move|p1b: Grimmsnarl|Reflect|p1b: Grimmsnarl\n|-sidestart|p1: aWildTito|Reflect\n|move|p1a: Sneasler|Swords Dance|p1a: Sneasler\n|-boost|p1a: Sneasler|atk|2\n|move|p2a: Mamoswine|Icicle Crash|p1a: Sneasler\n|-supereffective|p1a: Sneasler\n|-damage|p1a: Sneasler|0 fnt\n|faint|p1a: Sneasler\n|\n|upkeep\n|inactive|aWildTito has 240 seconds left.\n|\n|t:|1700255337\n|switch|p1a: Heatran|Heatran, M|100\/100\n|turn|10\n|j| guzmfran\n|\n|t:|1700255360\n|switch|p2a: Rillaboom|Rillaboom, F|71\/100\n|-fieldstart|move: Grassy Terrain|[from] ability: Grassy Surge|[of] p2a: Rillaboom\n|move|p1b: Grimmsnarl|Parting Shot|p2a: Rillaboom\n|-unboost|p2a: Rillaboom|atk|1\n|-unboost|p2a: Rillaboom|spa|1\n|\n|t:|1700255369\n|switch|p1b: Murkrow|Murkrow, M|100\/100|[from] Parting Shot\n|move|p2b: Volbeat|Lunge|p1b: Murkrow\n|-damage|p1b: Murkrow|85\/100\n|-unboost|p1b: Murkrow|atk|1\n|move|p1a: Heatran|Flash Cannon|p2a: Rillaboom\n|-damage|p2a: Rillaboom|31\/100\n|\n|-heal|p2a: Rillaboom|37\/100|[from] Grassy Terrain\n|-heal|p2b: Volbeat|70\/100|[from] Grassy Terrain\n|upkeep\n|turn|11\n|inactive|aWildTito has 270 seconds left.\n|\n|t:|1700255388\n|switch|p2b: Heatran|Heatran, F|100\/100\n|move|p2a: Rillaboom|Fake Out|p1a: Heatran\n|-resisted|p1a: Heatran\n|-damage|p1a: Heatran|98\/100\n|move|p1b: Murkrow|Tailwind|p1b: Murkrow\n|-sidestart|p1: aWildTito|move: Tailwind\n|cant|p1a: Heatran|flinch\n|\n|-heal|p2a: Rillaboom|43\/100|[from] Grassy Terrain\n|-heal|p1a: Heatran|100\/100|[from] Grassy Terrain\n|upkeep\n|turn|12\n|inactive|aWildTito has 270 seconds left.\n|\n|t:|1700255414\n|switch|p1b: Tapu Koko|Tapu Koko|34\/100\n|-fieldstart|move: Electric Terrain|[from] ability: Electric Surge|[of] p1b: Tapu Koko\n|-terastallize|p2b: Heatran|Grass\n|move|p2a: Rillaboom|U-turn|p1b: Tapu Koko\n|-resisted|p1b: Tapu Koko\n|-damage|p1b: Tapu Koko|27\/100\n|\n|t:|1700255426\n|switch|p2a: Mamoswine|Mamoswine, M|60\/100|[from] U-turn\n|move|p2b: Heatran|Earth Power|p1a: Heatran\n|-supereffective|p1a: Heatran\n|-damage|p1a: Heatran|46\/100\n|move|p1a: Heatran|Earth Power|p2b: Heatran\n|-resisted|p2b: Heatran\n|-damage|p2b: Heatran|87\/100\n|\n|-heal|p2b: Heatran|93\/100|[from] item: Leftovers\n|-sideend|p2: MtyMiltanks|move: Tailwind\n|upkeep\n|turn|13\n|j| aceman2798\n|\n|t:|1700255445\n|move|p2b: Heatran|Protect|p2b: Heatran\n|-singleturn|p2b: Heatran|Protect\n|move|p1b: Tapu Koko|U-turn|p2b: Heatran\n|-activate|p2b: Heatran|move: Protect\n|move|p1a: Heatran|Flash Cannon|p2a: Mamoswine\n|-supereffective|p2a: Mamoswine\n|-damage|p2a: Mamoswine|0 fnt\n|faint|p2a: Mamoswine\n|\n|-heal|p2b: Heatran|99\/100|[from] item: Leftovers\n|upkeep\n|\n|t:|1700255459\n|switch|p2a: Fezandipiti|Fezandipiti, M|100\/100\n|turn|14\n|l|\u2606aWildTito\n|inactive|aWildTito disconnected and has 300 seconds to reconnect!\n|player|p1|\n|j|\u2606aWildTito\n|inactive|aWildTito reconnected and has 280 seconds left.\n|player|p1|aWildTito|benga\n|\n|t:|1700255496\n|move|p1b: Tapu Koko|U-turn|p2b: Heatran\n|-supereffective|p2b: Heatran\n|-damage|p2b: Heatran|71\/100\n|\n|t:|1700255501\n|switch|p1b: Grimmsnarl|Grimmsnarl, M|80\/100|[from] U-turn\n|move|p1a: Heatran|Flash Cannon|p2a: Fezandipiti\n|-supereffective|p2a: Fezandipiti\n|-damage|p2a: Fezandipiti|18\/100\n|move|p2a: Fezandipiti|Icy Wind|p1a: Heatran|[spread] p1a,p1b\n|-resisted|p1a: Heatran\n|-damage|p1a: Heatran|45\/100\n|-damage|p1b: Grimmsnarl|74\/100\n|-unboost|p1a: Heatran|spe|1\n|-unboost|p1b: Grimmsnarl|spe|1\n|move|p2b: Heatran|Earth Power|p1a: Heatran\n|-supereffective|p1a: Heatran\n|-damage|p1a: Heatran|0 fnt\n|faint|p1a: Heatran\n|\n|-heal|p2b: Heatran|77\/100|[from] item: Leftovers\n|-sideend|p1: aWildTito|move: Tailwind\n|upkeep\n|inactive|aWildTito has 270 seconds left.\n|\n|t:|1700255520\n|switch|p1a: Tapu Koko|Tapu Koko|27\/100\n|turn|15\n|\n|t:|1700255533\n|move|p2a: Fezandipiti|Protect|p2a: Fezandipiti\n|-singleturn|p2a: Fezandipiti|Protect\n|move|p1a: Tapu Koko|Roost|p1a: Tapu Koko\n|-heal|p1a: Tapu Koko|77\/100\n|-singleturn|p1a: Tapu Koko|move: Roost\n|move|p2b: Heatran|Heat Wave|p1b: Grimmsnarl|[spread] p1a,p1b\n|-damage|p1a: Tapu Koko|34\/100\n|-damage|p1b: Grimmsnarl|50\/100\n|move|p1b: Grimmsnarl|Spirit Break|p2a: Fezandipiti\n|-activate|p2a: Fezandipiti|move: Protect\n|\n|-heal|p2b: Heatran|83\/100|[from] item: Leftovers\n|-sideend|p1: aWildTito|move: Light Screen\n|upkeep\n|turn|16\n|l| aceman2798\n|\n|t:|1700255555\n|move|p1b: Grimmsnarl|Parting Shot|p2b: Heatran\n|-unboost|p2b: Heatran|atk|1\n|-unboost|p2b: Heatran|spa|1\n|\n|t:|1700255559\n|switch|p1b: Murkrow|Murkrow, M|85\/100|[from] Parting Shot\n|move|p1a: Tapu Koko|U-turn|p2b: Heatran\n|-supereffective|p2b: Heatran\n|-damage|p2b: Heatran|55\/100\n|\n|t:|1700255569\n|switch|p1a: Grimmsnarl|Grimmsnarl, M|50\/100|[from] U-turn\n|move|p2a: Fezandipiti|Tailwind|p2a: Fezandipiti\n|-sidestart|p2: MtyMiltanks|move: Tailwind\n|move|p2b: Heatran|Heat Wave|p1a: Grimmsnarl|[spread] p1a,p1b\n|-damage|p1a: Grimmsnarl|24\/100\n|-damage|p1b: Murkrow|55\/100\n|\n|-heal|p2b: Heatran|62\/100|[from] item: Leftovers\n|-sideend|p1: aWildTito|Reflect\n|-fieldend|move: Electric Terrain\n|upkeep\n|turn|17\n|\n|t:|1700255587\n|move|p1b: Murkrow|Tailwind|p1b: Murkrow\n|-sidestart|p1: aWildTito|move: Tailwind\n|move|p1a: Grimmsnarl|Parting Shot|p2b: Heatran\n|-unboost|p2b: Heatran|atk|1\n|-unboost|p2b: Heatran|spa|1\n|\n|t:|1700255593\n|switch|p1a: Tapu Koko|Tapu Koko|34\/100|[from] Parting Shot\n|-fieldstart|move: Electric Terrain|[from] ability: Electric Surge|[of] p1a: Tapu Koko\n|move|p2a: Fezandipiti|Icy Wind|p1b: Murkrow|[spread] p1a,p1b\n|-supereffective|p1b: Murkrow\n|-damage|p1a: Tapu Koko|19\/100\n|-damage|p1b: Murkrow|34\/100\n|-unboost|p1a: Tapu Koko|spe|1\n|-unboost|p1b: Murkrow|spe|1\n|move|p2b: Heatran|Heat Wave|p1a: Tapu Koko|[spread] p1a,p1b\n|-damage|p1a: Tapu Koko|0 fnt\n|-damage|p1b: Murkrow|11\/100\n|-status|p1b: Murkrow|brn\n|faint|p1a: Tapu Koko\n|\n|-heal|p2b: Heatran|68\/100|[from] item: Leftovers\n|-damage|p1b: Murkrow|5\/100 brn|[from] brn\n|upkeep\n|\n|t:|1700255612\n|switch|p1a: Grimmsnarl|Grimmsnarl, M|24\/100\n|turn|18\n|\n|t:|1700255625\n|move|p2a: Fezandipiti|Protect|p2a: Fezandipiti\n|-singleturn|p2a: Fezandipiti|Protect\n|move|p2b: Heatran|Flamethrower|p1a: Grimmsnarl\n|-damage|p1a: Grimmsnarl|0 fnt\n|faint|p1a: Grimmsnarl\n|move|p1b: Murkrow|Foul Play|p2a: Fezandipiti\n|-activate|p2a: Fezandipiti|move: Protect\n|\n|-heal|p2b: Heatran|74\/100|[from] item: Leftovers\n|-damage|p1b: Murkrow|0 fnt|[from] brn\n|faint|p1b: Murkrow\n|\n|win|MtyMiltanks\n|upkeep\n|c|\u2606MtyMiltanks|gg\n|c|\u2606aWildTito|Gg\n","uploadtime":1700255640,"views":34,"p1id":"awildtito","p2id":"mtymiltanks","formatid":"gen9nationaldexdoubles","rating":0,"private":0,"password":""}