{"id":"gen9nationaldexdoubles-1978250994","p1":"fumbari 24","p2":"ramen muncher","format":"[Gen 9] National Dex Doubles","log":"|j|\u2606fumbari 24\n|j|\u2606ramen muncher\n|t:|1698517185\n|gametype|doubles\n|player|p1|fumbari 24|hilbert|1497\n|player|p2|ramen muncher|brycen|1371\n|teamsize|p1|6\n|teamsize|p2|6\n|gen|9\n|tier|[Gen 9] National Dex Doubles\n|rated|\n|rule|HP Percentage Mod: HP is shown in percentages\n|rule|Endless Battle Clause: Forcing endless battles is banned\n|rule|OHKO Clause: OHKO moves are banned\n|rule|Evasion Moves Clause: Evasion moves are banned\n|rule|Evasion Abilities Clause: Evasion abilities are banned\n|rule|Species Clause: Limit one of each Pok\u00e9mon\n|rule|Gravity Sleep Clause: The combination of sleep-inducing moves with imperfect accuracy and Gravity or Gigantamax Orbeetle are banned\n|clearpoke\n|poke|p1|Sableye, M|\n|poke|p1|Corviknight, M|\n|poke|p1|Zamazenta-*|\n|poke|p1|Enamorus-Therian, F|\n|poke|p1|Mawile, F|\n|poke|p1|Gastrodon, M|\n|poke|p2|Steelix, F|\n|poke|p2|Hatterene, F|\n|poke|p2|Indeedee-F, F|\n|poke|p2|Slowbro, F|\n|poke|p2|Cofagrigus, F|\n|poke|p2|Camerupt, F|\n|teampreview\n|\n|t:|1698517193\n|start\n|switch|p1a: Sk\u00f6ll|Zamazenta|100\/100\n|switch|p1b: Genbu|Enamorus-Therian, F|100\/100\n|switch|p2a: Lady Cody|Indeedee-F, F|100\/100\n|switch|p2b: Lady Terry|Hatterene, F|100\/100\n|-ability|p1a: Sk\u00f6ll|Dauntless Shield|boost\n|-boost|p1a: Sk\u00f6ll|def|1\n|-fieldstart|move: Psychic Terrain|[from] ability: Psychic Surge|[of] p2a: Lady Cody\n|turn|1\n|inactive|Battle timer is ON: inactive players will automatically lose when time's up. (requested by fumbari 24)\n|\n|t:|1698517214\n|move|p1a: Sk\u00f6ll|Snarl|p2a: Lady Cody|[spread] p2a,p2b\n|-supereffective|p2a: Lady Cody\n|-damage|p2a: Lady Cody|88\/100\n|-damage|p2b: Lady Terry|92\/100\n|-unboost|p2a: Lady Cody|spa|1\n|-unboost|p2b: Lady Terry|spa|1\n|move|p2a: Lady Cody|Expanding Force|p1b: Genbu|[spread] p1a,p1b\n|-supereffective|p1a: Sk\u00f6ll\n|-damage|p1a: Sk\u00f6ll|63\/100\n|-damage|p1b: Genbu|76\/100\n|move|p1b: Genbu|Calm Mind|p1b: Genbu\n|-boost|p1b: Genbu|spa|1\n|-boost|p1b: Genbu|spd|1\n|move|p2b: Lady Terry|Trick Room|p2b: Lady Terry\n|-fieldstart|move: Trick Room|[of] p2b: Lady Terry\n|\n|-heal|p1b: Genbu|82\/100|[from] item: Leftovers\n|-heal|p2b: Lady Terry|98\/100|[from] item: Leftovers\n|upkeep\n|turn|2\n|inactive|ramen muncher has 120 seconds left.\n|\n|t:|1698517245\n|move|p2a: Lady Cody|Helping Hand|p2b: Lady Terry\n|-singleturn|p2b: Lady Terry|Helping Hand|[of] p2a: Lady Cody\n|move|p1a: Sk\u00f6ll|Wide Guard|p1a: Sk\u00f6ll\n|-singleturn|p1a: Sk\u00f6ll|Wide Guard\n|move|p1b: Genbu|Springtide Storm|p2b: Lady Terry|[spread] p2b\n|-miss|p1b: Genbu|p2a: Lady Cody\n|-damage|p2b: Lady Terry|28\/100\n|-unboost|p2b: Lady Terry|atk|1\n|move|p2b: Lady Terry|Expanding Force|p1b: Genbu|[spread] \n|-activate|p1a: Sk\u00f6ll|move: Wide Guard\n|-activate|p1b: Genbu|move: Wide Guard\n|\n|-heal|p1b: Genbu|88\/100|[from] item: Leftovers\n|-heal|p2b: Lady Terry|34\/100|[from] item: Leftovers\n|upkeep\n|turn|3\n|\n|t:|1698517268\n|switch|p2b: Sir Bennington|Steelix, F|100\/100\n|move|p1a: Sk\u00f6ll|Wide Guard|p1a: Sk\u00f6ll\n|-singleturn|p1a: Sk\u00f6ll|Wide Guard\n|move|p1b: Genbu|Springtide Storm|p2a: Lady Cody|[spread] p2a,p2b\n|-resisted|p2b: Sir Bennington\n|-damage|p2a: Lady Cody|35\/100\n|-damage|p2b: Sir Bennington|65\/100\n|move|p2a: Lady Cody|Expanding Force|p1b: Genbu|[spread] \n|-activate|p1a: Sk\u00f6ll|move: Wide Guard\n|-activate|p1b: Genbu|move: Wide Guard\n|\n|-heal|p1b: Genbu|94\/100|[from] item: Leftovers\n|-heal|p2b: Sir Bennington|71\/100|[from] item: Leftovers\n|upkeep\n|turn|4\n|\n|t:|1698517295\n|-terastallize|p1b: Genbu|Poison\n|move|p2a: Lady Cody|Helping Hand|p2b: Sir Bennington\n|-singleturn|p2b: Sir Bennington|Helping Hand|[of] p2a: Lady Cody\n|move|p1a: Sk\u00f6ll|Wide Guard|p1a: Sk\u00f6ll\n|-singleturn|p1a: Sk\u00f6ll|Wide Guard\n|move|p1b: Genbu|Springtide Storm|p2b: Sir Bennington|[spread] p2a,p2b\n|-resisted|p2b: Sir Bennington\n|-damage|p2a: Lady Cody|0 fnt\n|-damage|p2b: Sir Bennington|36\/100\n|-unboost|p2b: Sir Bennington|atk|1\n|faint|p2a: Lady Cody\n|move|p2b: Sir Bennington|Heavy Slam|p1b: Genbu\n|-damage|p1b: Genbu|54\/100\n|\n|-heal|p1b: Genbu|60\/100|[from] item: Leftovers\n|-heal|p2b: Sir Bennington|42\/100|[from] item: Leftovers\n|upkeep\n|inactive|ramen muncher has 120 seconds left.\n|\n|t:|1698517317\n|switch|p2a: Sir Arthur|Camerupt, F, shiny|100\/100\n|turn|5\n|\n|t:|1698517324\n|switch|p1b: Scracth|Gastrodon, M|100\/100\n|detailschange|p2a: Sir Arthur|Camerupt-Mega, F, shiny\n|-mega|p2a: Sir Arthur|Camerupt|Cameruptite\n|move|p2a: Sir Arthur|Earth Power|p1b: Scracth\n|-damage|p1b: Scracth|27\/100\n|move|p2b: Sir Bennington|Rest|p2b: Sir Bennington\n|-status|p2b: Sir Bennington|slp|[from] move: Rest\n|-heal|p2b: Sir Bennington|100\/100 slp|[silent]\n|move|p1a: Sk\u00f6ll|Snarl|p2b: Sir Bennington|[spread] p2a,p2b\n|-damage|p2a: Sir Arthur|94\/100\n|-damage|p2b: Sir Bennington|90\/100 slp\n|-unboost|p2a: Sir Arthur|spa|1\n|-unboost|p2b: Sir Bennington|spa|1\n|\n|-heal|p2b: Sir Bennington|96\/100 slp|[from] item: Leftovers\n|-fieldend|move: Trick Room\n|upkeep\n|turn|6\n|inactive|ramen muncher has 120 seconds left.\n|\n|t:|1698517357\n|move|p1a: Sk\u00f6ll|Snarl|p2b: Sir Bennington|[spread] p2a,p2b\n|-damage|p2a: Sir Arthur|88\/100\n|-damage|p2b: Sir Bennington|86\/100 slp\n|-unboost|p2a: Sir Arthur|spa|1\n|-unboost|p2b: Sir Bennington|spa|1\n|-zpower|p1b: Scracth\n|move|p1b: Scracth|Tectonic Rage|p2a: Sir Arthur|[zeffect]\n|-supereffective|p2a: Sir Arthur\n|-damage|p2a: Sir Arthur|0 fnt\n|faint|p2a: Sir Arthur\n|cant|p2b: Sir Bennington|slp\n|move|p2b: Sir Bennington|Sleep Talk|p2b: Sir Bennington\n|move|p2b: Sir Bennington|Rest||[from]move: Sleep Talk|[still]\n|-fail|p2b: Sir Bennington\n|\n|-heal|p2b: Sir Bennington|93\/100 slp|[from] item: Leftovers\n|upkeep\n|inactive|ramen muncher has 120 seconds left.\n|\n|t:|1698517375\n|switch|p2a: Sir Mummy|Cofagrigus, F|100\/100\n|turn|7\n|\n|t:|1698517386\n|move|p1a: Sk\u00f6ll|Snarl|p2a: Sir Mummy|[spread] p2a,p2b\n|-supereffective|p2a: Sir Mummy\n|-damage|p2a: Sir Mummy|86\/100\n|-damage|p2b: Sir Bennington|84\/100 slp\n|-unboost|p2a: Sir Mummy|spa|1\n|-unboost|p2b: Sir Bennington|spa|1\n|move|p1b: Scracth|Earth Power|p2b: Sir Bennington\n|-supereffective|p2b: Sir Bennington\n|-damage|p2b: Sir Bennington|0 fnt\n|faint|p2b: Sir Bennington\n|move|p2a: Sir Mummy|Trick Room|p2a: Sir Mummy\n|-fieldstart|move: Trick Room|[of] p2a: Sir Mummy\n|\n|upkeep\n|inactive|ramen muncher has 120 seconds left.\n|\n|t:|1698517402\n|switch|p2b: Lady Terry|Hatterene, F|34\/100\n|turn|8\n|\n|t:|1698517420\n|move|p2a: Sir Mummy|Energy Ball|p1b: Scracth\n|-supereffective|p1b: Scracth\n|-damage|p1b: Scracth|0 fnt\n|faint|p1b: Scracth\n|move|p2b: Lady Terry|Expanding Force|p1a: Sk\u00f6ll\n|-supereffective|p1a: Sk\u00f6ll\n|-damage|p1a: Sk\u00f6ll|0 fnt\n|faint|p1a: Sk\u00f6ll\n|\n|-heal|p2b: Lady Terry|41\/100|[from] item: Leftovers\n|-fieldend|move: Psychic Terrain\n|upkeep\n|\n|t:|1698517434\n|switch|p1b: Yami|Sableye, M|100\/100\n|switch|p1a: Silva|Corviknight, M, shiny|100\/100\n|turn|9\n|\n|t:|1698517454\n|move|p1b: Yami|Fake Out|p2b: Lady Terry\n|-damage|p2b: Lady Terry|34\/100\n|move|p2a: Sir Mummy|Shadow Ball|p1a: Silva\n|-damage|p1a: Silva|84\/100\n|cant|p2b: Lady Terry|flinch\n|move|p1a: Silva|Brave Bird|p2b: Lady Terry\n|-damage|p2b: Lady Terry|0 fnt\n|faint|p2b: Lady Terry\n|-damage|p1a: Silva|77\/100|[from] Recoil\n|\n|upkeep\n|\n|t:|1698517468\n|switch|p2b: Sir Shelly|Slowbro, F|100\/100\n|turn|10\n|\n|t:|1698517476\n|move|p1b: Yami|Taunt|p2b: Sir Shelly\n|-start|p2b: Sir Shelly|move: Taunt\n|cant|p2b: Sir Shelly|move: Taunt|Calm Mind\n|move|p2a: Sir Mummy|Shadow Ball|p1b: Yami\n|-damage|p1b: Yami|75\/100\n|move|p1a: Silva|Bulk Up|p1a: Silva\n|-boost|p1a: Silva|atk|1\n|-boost|p1a: Silva|def|1\n|\n|upkeep\n|turn|11\n|-message|ramen muncher forfeited.\n|\n|win|fumbari 24\n|raw|fumbari 24's rating: 1497 &rarr; <strong>1510<\/strong><br \/>(+13 for winning)\n|raw|ramen muncher's rating: 1371 &rarr; <strong>1358<\/strong><br \/>(-13 for losing)\n|l|\u2606ramen muncher\n","uploadtime":1698517505,"views":11,"p1id":"fumbari24","p2id":"ramenmuncher","formatid":"gen9nationaldexdoubles","rating":1358,"private":0,"password":""}