{"id":"gen9nationaldexdoubles-1948763195","p1":"El Ryuk456","p2":"the maraculous","format":"[Gen 9] National Dex Doubles","log":"|j|\u2606El Ryuk456\n|j|\u2606the maraculous\n|t:|1695300669\n|gametype|doubles\n|player|p1|El Ryuk456|blaine|1294\n|player|p2|the maraculous|dragontamer|1351\n|teamsize|p1|6\n|teamsize|p2|6\n|gen|9\n|tier|[Gen 9] National Dex Doubles\n|rated|\n|rule|HP Percentage Mod: HP is shown in percentages\n|rule|Endless Battle Clause: Forcing endless battles is banned\n|rule|OHKO Clause: OHKO moves are banned\n|rule|Evasion Moves Clause: Evasion moves are banned\n|rule|Evasion Abilities Clause: Evasion abilities are banned\n|rule|Species Clause: Limit one of each Pok\u00e9mon\n|rule|Gravity Sleep Clause: The combination of sleep-inducing moves with imperfect accuracy and Gravity or Gigantamax Orbeetle are banned\n|clearpoke\n|poke|p1|Charizard, M|\n|poke|p1|Blastoise, M|\n|poke|p1|Pikachu, M|\n|poke|p1|Meowscarada, M|\n|poke|p1|Ursaluna-Bloodmoon, M|\n|poke|p1|Gardevoir, F|\n|poke|p2|Xurkitree|\n|poke|p2|Iron Valiant|\n|poke|p2|Chandelure, F|\n|poke|p2|Landorus-Therian, M|\n|poke|p2|Kartana|\n|poke|p2|Farigiraf, M|\n|teampreview\n|inactive|Battle timer is ON: inactive players will automatically lose when time's up. (requested by El Ryuk456)\n|\n|t:|1695300696\n|start\n|switch|p1a: Charizard|Charizard, M|100\/100\n|switch|p1b: Harbor|Blastoise, M|100\/100\n|switch|p2a: Chandelure|Chandelure, F|100\/100\n|switch|p2b: Iron Valiant|Iron Valiant|100\/100\n|-item|p2a: Chandelure|Air Balloon\n|turn|1\n|\n|t:|1695300718\n|switch|p2a: Farigiraf|Farigiraf, M|100\/100\n|detailschange|p1a: Charizard|Charizard-Mega-X, M\n|-mega|p1a: Charizard|Charizard|Charizardite X\n|move|p2b: Iron Valiant|Destiny Bond|p2b: Iron Valiant\n|-singlemove|p2b: Iron Valiant|Destiny Bond\n|move|p1a: Charizard|Flare Blitz|p2b: Iron Valiant\n|-damage|p2b: Iron Valiant|4\/100\n|-damage|p1a: Charizard|75\/100|[from] Recoil\n|move|p1b: Harbor|Icy Wind|p2a: Farigiraf|[spread] p2a,p2b\n|-damage|p2a: Farigiraf|92\/100\n|-damage|p2b: Iron Valiant|0 fnt\n|-unboost|p2a: Farigiraf|spe|1\n|faint|p2b: Iron Valiant\n|-activate|p2b: Iron Valiant|move: Destiny Bond\n|-end|p2b: Iron Valiant|Quark Drive|[silent]\n|faint|p1b: Harbor\n|\n|-heal|p2a: Farigiraf|98\/100|[from] item: Leftovers\n|upkeep\n|\n|t:|1695300740\n|switch|p2b: Kartana|Kartana|100\/100\n|switch|p1b: A.Banderas|Meowscarada, M|100\/100\n|turn|2\n|\n|t:|1695300754\n|switch|p2b: Chandelure|Chandelure, F|100\/100\n|-item|p2b: Chandelure|Air Balloon\n|-terastallize|p2a: Farigiraf|Normal\n|move|p1b: A.Banderas|Taunt|p2a: Farigiraf\n|-start|p1b: A.Banderas|typechange|Dark|[from] ability: Protean\n|-start|p2a: Farigiraf|move: Taunt\n|move|p1a: Charizard|Flare Blitz|p2b: Chandelure\n|-start|p2b: Chandelure|ability: Flash Fire\n|move|p2a: Farigiraf|Hyper Voice|p1a: Charizard|[spread] p1a,p1b\n|-damage|p1a: Charizard|28\/100\n|-damage|p1b: A.Banderas|34\/100\n|\n|-heal|p2a: Farigiraf|100\/100|[from] item: Leftovers\n|upkeep\n|turn|3\n|\n|t:|1695300772\n|move|p1b: A.Banderas|Knock Off|p2b: Chandelure\n|-supereffective|p2b: Chandelure\n|-damage|p2b: Chandelure|0 fnt\n|-enditem|p2b: Chandelure|Air Balloon\n|faint|p2b: Chandelure\n|move|p1a: Charizard|Thunder Punch|p2a: Farigiraf\n|-damage|p2a: Farigiraf|72\/100\n|move|p2a: Farigiraf|Hyper Voice|p1b: A.Banderas|[spread] p1a,p1b\n|-damage|p1a: Charizard|0 fnt\n|-damage|p1b: A.Banderas|0 fnt\n|faint|p1a: Charizard\n|faint|p1b: A.Banderas\n|\n|-heal|p2a: Farigiraf|78\/100|[from] item: Leftovers\n|upkeep\n|\n|t:|1695300790\n|switch|p1b: Ursaluna|Ursaluna-Bloodmoon, M|100\/100\n|switch|p1a: Belle|Gardevoir, F, shiny|100\/100\n|switch|p2b: Kartana|Kartana|100\/100\n|-ability|p1a: Belle|Beast Boost|[from] ability: Trace|[of] p2b: Kartana\n|turn|4\n|\n|t:|1695300805\n|-terastallize|p1a: Belle|Steel\n|move|p2b: Kartana|Smart Strike|p1a: Belle\n|-resisted|p1a: Belle\n|-crit|p1a: Belle\n|-damage|p1a: Belle|70\/100\n|move|p2a: Farigiraf|Hyper Voice|p1a: Belle|[spread] p1a,p1b\n|-resisted|p1a: Belle\n|-crit|p1a: Belle\n|-damage|p1a: Belle|38\/100\n|-damage|p1b: Ursaluna|59\/100\n|-enditem|p1a: Belle|Sitrus Berry|[eat]\n|-heal|p1a: Belle|63\/100|[from] item: Sitrus Berry\n|move|p1b: Ursaluna|Hyper Voice|p2b: Kartana|[spread] p2a,p2b\n|-resisted|p2b: Kartana\n|-damage|p2a: Farigiraf|39\/100\n|-damage|p2b: Kartana|34\/100\n|-enditem|p1b: Ursaluna|Throat Spray\n|-boost|p1b: Ursaluna|spa|1|[from] item: Throat Spray\n|move|p1a: Belle|Trick Room|p1a: Belle\n|-fieldstart|move: Trick Room|[of] p1a: Belle\n|\n|-heal|p2a: Farigiraf|45\/100|[from] item: Leftovers\n|-end|p2a: Farigiraf|move: Taunt\n|upkeep\n|turn|5\n|\n|t:|1695300826\n|move|p1b: Ursaluna|Protect|p1b: Ursaluna\n|-singleturn|p1b: Ursaluna|Protect\n|move|p2a: Farigiraf|Hyper Voice|p1b: Ursaluna|[spread] p1a\n|-activate|p1b: Ursaluna|move: Protect\n|-resisted|p1a: Belle\n|-damage|p1a: Belle|42\/100\n|move|p1a: Belle|Will-O-Wisp|p2b: Kartana\n|-status|p2b: Kartana|brn\n|move|p2b: Kartana|Leaf Blade|p1b: Ursaluna\n|-activate|p1b: Ursaluna|move: Protect\n|\n|-heal|p2a: Farigiraf|51\/100|[from] item: Leftovers\n|-damage|p2b: Kartana|28\/100 brn|[from] brn\n|upkeep\n|turn|6\n|\n|t:|1695300843\n|move|p1b: Ursaluna|Blood Moon|p2a: Farigiraf\n|-damage|p2a: Farigiraf|0 fnt\n|faint|p2a: Farigiraf\n|move|p1a: Belle|Moonblast|p2b: Kartana\n|-resisted|p2b: Kartana\n|-damage|p2b: Kartana|0 fnt\n|faint|p2b: Kartana\n|-ability|p1a: Belle|Beast Boost|boost\n|-boost|p1a: Belle|spa|1\n|\n|upkeep\n|\n|t:|1695300855\n|switch|p2a: Landorus|Landorus-Therian, M|100\/100\n|switch|p2b: Xurkitree|Xurkitree|100\/100\n|-ability|p2a: Landorus|Intimidate|boost\n|-unboost|p1a: Belle|atk|1\n|-unboost|p1b: Ursaluna|atk|1\n|turn|7\n|\n|t:|1695300865\n|move|p1b: Ursaluna|Hyper Voice|p2a: Landorus|[spread] p2a,p2b\n|-damage|p2a: Landorus|64\/100\n|-damage|p2b: Xurkitree|9\/100\n|move|p1a: Belle|Will-O-Wisp|p2a: Landorus\n|-status|p2a: Landorus|brn\n|move|p2a: Landorus|Stomping Tantrum|p1a: Belle\n|-supereffective|p1a: Belle\n|-damage|p1a: Belle|0 fnt\n|faint|p1a: Belle\n|move|p2b: Xurkitree|Energy Ball|p1b: Ursaluna\n|-supereffective|p1b: Ursaluna\n|-damage|p1b: Ursaluna|0 fnt\n|faint|p1b: Ursaluna\n|-ability|p2b: Xurkitree|Beast Boost|boost\n|-boost|p2b: Xurkitree|spa|1\n|\n|-damage|p2a: Landorus|57\/100 brn|[from] brn\n|upkeep\n|\n|t:|1695300878\n|switch|p1b: Pikachu|Pikachu, M|100\/100\n|turn|8\n|\n|t:|1695300887\n|move|p2a: Landorus|Stomping Tantrum|p1b: Pikachu\n|-supereffective|p1b: Pikachu\n|-damage|p1b: Pikachu|0 fnt\n|faint|p1b: Pikachu\n|\n|win|the maraculous\n|raw|El Ryuk456's rating: 1294 &rarr; <strong>1273<\/strong><br \/>(-21 for losing)\n|raw|the maraculous's rating: 1351 &rarr; <strong>1368<\/strong><br \/>(+17 for winning)\n|l|\u2606El Ryuk456\n","uploadtime":1695300895,"views":14,"p1id":"elryuk456","p2id":"themaraculous","formatid":"gen9nationaldexdoubles","rating":1273,"private":0,"password":""}