{"id":"gen9nationaldexdoubles-1983972416","p1":"fumbari 24","p2":"White Q","format":"[Gen 9] National Dex Doubles","log":"|j|\u2606fumbari 24\n|j|\u2606White Q\n|t:|1699205596\n|gametype|doubles\n|player|p1|fumbari 24|hilbert|1541\n|player|p2|White Q|ethan|1317\n|teamsize|p1|6\n|teamsize|p2|6\n|gen|9\n|tier|[Gen 9] National Dex Doubles\n|rated|\n|rule|HP Percentage Mod: HP is shown in percentages\n|rule|Endless Battle Clause: Forcing endless battles is banned\n|rule|OHKO Clause: OHKO moves are banned\n|rule|Evasion Moves Clause: Evasion moves are banned\n|rule|Evasion Abilities Clause: Evasion abilities are banned\n|rule|Species Clause: Limit one of each Pok\u00e9mon\n|rule|Gravity Sleep Clause: The combination of sleep-inducing moves with imperfect accuracy and Gravity or Gigantamax Orbeetle are banned\n|clearpoke\n|poke|p1|Thundurus-Therian, M|\n|poke|p1|Latias, F|\n|poke|p1|Blastoise, M|\n|poke|p1|Pelipper, M|\n|poke|p1|Gardevoir, F|\n|poke|p1|Meowscarada, M|\n|poke|p2|Golisopod, M|\n|poke|p2|Audino, F|\n|poke|p2|Incineroar, F|\n|poke|p2|Naganadel|\n|poke|p2|Chesnaught, F|\n|poke|p2|Kommo-o, F|\n|teampreview\n|inactive|Battle timer is ON: inactive players will automatically lose when time's up. (requested by White Q)\n|\n|t:|1699205608\n|start\n|switch|p1a: Strike|Thundurus-Therian, M|100\/100\n|switch|p1b: Harbor|Blastoise, M|100\/100\n|switch|p2a: Incineroar|Incineroar, F|100\/100\n|switch|p2b: Kommo-o|Kommo-o, F|100\/100\n|-ability|p2a: Incineroar|Intimidate|boost\n|-unboost|p1a: Strike|atk|1\n|-unboost|p1b: Harbor|atk|1\n|turn|1\n|\n|t:|1699205625\n|move|p1b: Harbor|Fake Out|p2b: Kommo-o\n|-damage|p2b: Kommo-o|96\/100\n|move|p2a: Incineroar|Fake Out|p1b: Harbor\n|-damage|p1b: Harbor|92\/100\n|move|p1a: Strike|Volt Switch|p2a: Incineroar\n|-damage|p2a: Incineroar|74\/100\n|\n|t:|1699205638\n|switch|p1a: Mirage|Latias, F|100\/100|[from] Volt Switch\n|cant|p2b: Kommo-o|flinch\n|\n|-heal|p1b: Harbor|99\/100|[from] item: Leftovers\n|upkeep\n|turn|2\n|\n|t:|1699205653\n|switch|p1b: Belle|Gardevoir, F, shiny|100\/100\n|-ability|p1b: Belle|Bulletproof|[from] ability: Trace|[of] p2b: Kommo-o\n|move|p2b: Kommo-o|Protect|p2b: Kommo-o\n|-singleturn|p2b: Kommo-o|Protect\n|-zpower|p1a: Mirage\n|move|p1a: Mirage|Shattered Psyche|p2b: Kommo-o|[zeffect]\n|-supereffective|p2b: Kommo-o\n|-zbroken|p2b: Kommo-o\n|-damage|p2b: Kommo-o|59\/100\n|move|p2a: Incineroar|Parting Shot|p1a: Mirage\n|-unboost|p1a: Mirage|atk|1\n|-unboost|p1a: Mirage|spa|1\n|\n|t:|1699205669\n|switch|p2a: Naganadel|Naganadel|100\/100|[from] Parting Shot\n|\n|upkeep\n|turn|3\n|\n|t:|1699205677\n|switch|p2b: Audino|Audino, F|100\/100\n|detailschange|p1b: Belle|Gardevoir-Mega, F, shiny\n|-mega|p1b: Belle|Gardevoir|Gardevoirite\n|move|p1b: Belle|Protect|p1b: Belle\n|-singleturn|p1b: Belle|Protect\n|move|p2a: Naganadel|Snarl|p1b: Belle|[spread] p1a\n|-activate|p1b: Belle|move: Protect\n|-supereffective|p1a: Mirage\n|-damage|p1a: Mirage|80\/100\n|-unboost|p1a: Mirage|spa|1\n|move|p1a: Mirage|Icy Wind|p2b: Audino|[spread] p2a,p2b\n|-supereffective|p2a: Naganadel\n|-damage|p2a: Naganadel|79\/100\n|-damage|p2b: Audino|95\/100\n|-unboost|p2a: Naganadel|spe|1\n|-unboost|p2b: Audino|spe|1\n|\n|upkeep\n|turn|4\n|\n|t:|1699205698\n|detailschange|p2b: Audino|Audino-Mega, F\n|-mega|p2b: Audino|Audino|Audinite\n|move|p1a: Mirage|Icy Wind|p2a: Naganadel|[spread] p2a,p2b\n|-supereffective|p2a: Naganadel\n|-damage|p2a: Naganadel|60\/100\n|-damage|p2b: Audino|91\/100\n|-unboost|p2a: Naganadel|spe|1\n|-unboost|p2b: Audino|spe|1\n|move|p1b: Belle|Psyshock|p2a: Naganadel\n|-supereffective|p2a: Naganadel\n|-damage|p2a: Naganadel|0 fnt\n|faint|p2a: Naganadel\n|move|p2b: Audino|Trick Room|p2b: Audino\n|-fieldstart|move: Trick Room|[of] p2b: Audino\n|\n|upkeep\n|inactive|White Q has 120 seconds left.\n|\n|t:|1699205715\n|switch|p2a: Golisopod|Golisopod, M|100\/100\n|turn|5\n|\n|t:|1699205723\n|switch|p1a: Mine Mine|Pelipper, M|100\/100\n|-weather|RainDance|[from] ability: Drizzle|[of] p1a: Mine Mine\n|move|p1b: Belle|Protect|p1b: Belle\n|-singleturn|p1b: Belle|Protect\n|move|p2a: Golisopod|First Impression|p1b: Belle\n|-activate|p1b: Belle|move: Protect\n|move|p2b: Audino|Dazzling Gleam|p1a: Mine Mine|[spread] p1a\n|-activate|p1b: Belle|move: Protect\n|-damage|p1a: Mine Mine|79\/100\n|\n|-weather|RainDance|[upkeep]\n|upkeep\n|turn|6\n|\n|t:|1699205746\n|switch|p1b: Harbor|Blastoise, M|99\/100\n|move|p2a: Golisopod|Sucker Punch|p1a: Mine Mine\n|-damage|p1a: Mine Mine|45\/100\n|-damage|p2a: Golisopod|91\/100|[from] item: Life Orb\n|move|p2b: Audino|Encore||[still]\n|-fail|p2b: Audino\n|move|p1a: Mine Mine|Hurricane|p2a: Golisopod\n|-supereffective|p2a: Golisopod\n|-damage|p2a: Golisopod|4\/100\n|-activate|p2a: Golisopod|ability: Emergency Exit\n|\n|t:|1699205759\n|switch|p2a: Chesnaught|Chesnaught, F|100\/100\n|\n|-weather|RainDance|[upkeep]\n|-heal|p1b: Harbor|100\/100|[from] ability: Rain Dish\n|upkeep\n|turn|7\n|\n|t:|1699205769\n|switch|p1a: Mirage|Latias, F|80\/100\n|-terastallize|p1b: Harbor|Poison\n|move|p2a: Chesnaught|Spiky Shield|p2a: Chesnaught\n|-singleturn|p2a: Chesnaught|move: Protect\n|move|p2b: Audino|Dazzling Gleam|p1b: Harbor|[spread] p1a,p1b\n|-supereffective|p1a: Mirage\n|-crit|p1a: Mirage\n|-resisted|p1b: Harbor\n|-damage|p1a: Mirage|35\/100\n|-damage|p1b: Harbor|94\/100\n|move|p1b: Harbor|Scald|p2a: Chesnaught\n|-activate|p2a: Chesnaught|move: Protect\n|\n|-weather|RainDance|[upkeep]\n|-heal|p1b: Harbor|99\/100|[from] ability: Rain Dish\n|-heal|p1b: Harbor|100\/100|[from] item: Leftovers\n|upkeep\n|turn|8\n|\n|t:|1699205791\n|move|p2b: Audino|Dazzling Gleam|p1a: Mirage|[spread] p1a,p1b\n|-supereffective|p1a: Mirage\n|-resisted|p1b: Harbor\n|-damage|p1a: Mirage|7\/100\n|-damage|p1b: Harbor|93\/100\n|move|p2a: Chesnaught|High Horsepower|p1b: Harbor\n|-supereffective|p1b: Harbor\n|-damage|p1b: Harbor|43\/100\n|move|p1b: Harbor|Scald|p2a: Chesnaught\n|-resisted|p2a: Chesnaught\n|-damage|p2a: Chesnaught|79\/100\n|-status|p2a: Chesnaught|brn\n|move|p1a: Mirage|Psychic|p2a: Chesnaught\n|-supereffective|p2a: Chesnaught\n|-damage|p2a: Chesnaught|0 fnt\n|faint|p2a: Chesnaught\n|\n|-weather|RainDance|[upkeep]\n|-heal|p1b: Harbor|49\/100|[from] ability: Rain Dish\n|-heal|p1b: Harbor|55\/100|[from] item: Leftovers\n|-fieldend|move: Trick Room\n|upkeep\n|inactive|White Q has 120 seconds left.\n|\n|t:|1699205813\n|switch|p2a: Golisopod|Golisopod, M|4\/100\n|turn|9\n|\n|t:|1699205819\n|move|p2a: Golisopod|First Impression|p1b: Harbor\n|-resisted|p1b: Harbor\n|-damage|p1b: Harbor|31\/100\n|-damage|p2a: Golisopod|0 fnt|[from] item: Life Orb\n|faint|p2a: Golisopod\n|move|p1a: Mirage|Light Screen|p1a: Mirage\n|-sidestart|p1: fumbari 24|move: Light Screen\n|move|p1b: Harbor|Scald|p2b: Audino\n|-damage|p2b: Audino|70\/100\n|move|p2b: Audino|Trick Room|p2b: Audino\n|-fieldstart|move: Trick Room|[of] p2b: Audino\n|\n|-weather|RainDance|[upkeep]\n|-heal|p1b: Harbor|38\/100|[from] ability: Rain Dish\n|-heal|p1b: Harbor|44\/100|[from] item: Leftovers\n|upkeep\n|\n|t:|1699205835\n|switch|p2a: Kommo-o|Kommo-o, F|59\/100\n|turn|10\n|\n|t:|1699205845\n|move|p2b: Audino|Dazzling Gleam|p1b: Harbor|[spread] p1a,p1b\n|-supereffective|p1a: Mirage\n|-resisted|p1b: Harbor\n|-damage|p1a: Mirage|0 fnt\n|-damage|p1b: Harbor|39\/100\n|faint|p1a: Mirage\n|move|p1b: Harbor|Scald|p2a: Kommo-o\n|-resisted|p2a: Kommo-o\n|-damage|p2a: Kommo-o|43\/100\n|-status|p2a: Kommo-o|brn\n|-zpower|p2a: Kommo-o\n|move|p2a: Kommo-o|Clangorous Soulblaze|p1b: Harbor|[zeffect]\n|-damage|p1b: Harbor|0 fnt\n|faint|p1b: Harbor\n|-boost|p2a: Kommo-o|atk|1\n|-boost|p2a: Kommo-o|def|1\n|-boost|p2a: Kommo-o|spa|1\n|-boost|p2a: Kommo-o|spd|1\n|-boost|p2a: Kommo-o|spe|1\n|\n|-weather|RainDance|[upkeep]\n|-damage|p2a: Kommo-o|37\/100 brn|[from] brn\n|upkeep\n|\n|t:|1699205867\n|switch|p1b: Mine Mine|Pelipper, M|45\/100\n|switch|p1a: Belle|Gardevoir-Mega, F, shiny|100\/100\n|turn|11\n|\n|t:|1699205877\n|switch|p2b: Incineroar|Incineroar, F|74\/100\n|-ability|p2b: Incineroar|Intimidate|boost\n|-unboost|p1a: Belle|atk|1\n|-unboost|p1b: Mine Mine|atk|1\n|move|p2a: Kommo-o|Protect|p2a: Kommo-o\n|-singleturn|p2a: Kommo-o|Protect\n|move|p1b: Mine Mine|Wide Guard|p1b: Mine Mine\n|-singleturn|p1b: Mine Mine|Wide Guard\n|move|p1a: Belle|Hyper Voice|p2b: Incineroar|[spread] p2b\n|-activate|p2a: Kommo-o|move: Protect\n|-damage|p2b: Incineroar|37\/100\n|\n|-weather|RainDance|[upkeep]\n|-damage|p2a: Kommo-o|31\/100 brn|[from] brn\n|upkeep\n|turn|12\n|\n|t:|1699205904\n|move|p1a: Belle|Protect|p1a: Belle\n|-singleturn|p1a: Belle|Protect\n|move|p2b: Incineroar|Fake Out|p1a: Belle\n|-activate|p1a: Belle|move: Protect\n|move|p1b: Mine Mine|Hurricane|p2a: Kommo-o\n|-supereffective|p2a: Kommo-o\n|-damage|p2a: Kommo-o|0 fnt\n|faint|p2a: Kommo-o\n|\n|-weather|none\n|upkeep\n|inactive|White Q has 120 seconds left.\n|\n|t:|1699205916\n|switch|p2a: Audino|Audino-Mega, F|70\/100\n|turn|13\n|\n|t:|1699205922\n|move|p1b: Mine Mine|Wide Guard|p1b: Mine Mine\n|-singleturn|p1b: Mine Mine|Wide Guard\n|move|p2b: Incineroar|Darkest Lariat|p1b: Mine Mine\n|-damage|p1b: Mine Mine|9\/100\n|move|p2a: Audino|Dazzling Gleam|p1a: Belle|[spread] \n|-activate|p1a: Belle|move: Wide Guard\n|-activate|p1b: Mine Mine|move: Wide Guard\n|move|p1a: Belle|Hyper Voice|p2b: Incineroar|[spread] p2a,p2b\n|-damage|p2a: Audino|36\/100\n|-damage|p2b: Incineroar|0 fnt\n|faint|p2b: Incineroar\n|\n|-sideend|p1: fumbari 24|move: Light Screen\n|-fieldend|move: Trick Room\n|upkeep\n|turn|14\n|-message|White Q forfeited.\n|\n|win|fumbari 24\n|raw|fumbari 24's rating: 1541 &rarr; <strong>1550<\/strong><br \/>(+9 for winning)\n|raw|White Q's rating: 1317 &rarr; <strong>1308<\/strong><br \/>(-9 for losing)\n|l|\u2606White Q\n","uploadtime":1699205942,"views":6,"p1id":"fumbari24","p2id":"whiteq","formatid":"gen9nationaldexdoubles","rating":1308,"private":0,"password":""}