{"id":"gen9nationaldexdoubles-1947493708","p1":"Isi d djdh","p2":"br_xton_alt","format":"[Gen 9] National Dex Doubles","log":"|j|\u2606Isi d djdh\n|j|\u2606br_xton_alt\n|t:|1695166084\n|gametype|doubles\n|player|p1|Isi d djdh|youngster-gen4dp|1000\n|player|p2|br_xton_alt|ethan|1000\n|teamsize|p1|6\n|teamsize|p2|6\n|gen|9\n|tier|[Gen 9] National Dex Doubles\n|rated|\n|rule|HP Percentage Mod: HP is shown in percentages\n|rule|Endless Battle Clause: Forcing endless battles is banned\n|rule|OHKO Clause: OHKO moves are banned\n|rule|Evasion Moves Clause: Evasion moves are banned\n|rule|Evasion Abilities Clause: Evasion abilities are banned\n|rule|Species Clause: Limit one of each Pok\u00e9mon\n|rule|Gravity Sleep Clause: The combination of sleep-inducing moves with imperfect accuracy and Gravity or Gigantamax Orbeetle are banned\n|clearpoke\n|poke|p1|Indeedee, M|\n|poke|p1|Deoxys-Attack|\n|poke|p1|Typhlosion, M|\n|poke|p1|Kartana|\n|poke|p1|Murkrow, F|\n|poke|p1|Shuckle, F|\n|poke|p2|Dipplin, F|\n|poke|p2|Xurkitree|\n|poke|p2|Sinistcha-Masterpiece|\n|poke|p2|Arcanine-Hisui, M|\n|poke|p2|Gholdengo|\n|poke|p2|Ursaluna-Bloodmoon, M|\n|teampreview\n|inactive|Battle timer is ON: inactive players will automatically lose when time's up. (requested by Isi d djdh)\n|\n|t:|1695166103\n|start\n|switch|p1a: Murkrow|Murkrow, F|100\/100\n|switch|p1b: Shuckle|Shuckle, F|100\/100\n|switch|p2a: Dip|Dipplin, F, shiny|100\/100\n|switch|p2b: Sinistcha|Sinistcha-Masterpiece|100\/100\n|-ability|p2a: Dip|Supersweet Syrup\n|-ability|p2a: Dip|Supersweet Syrup|boost\n|-unboost|p1a: Murkrow|evasion|1\n|-unboost|p1b: Shuckle|evasion|1\n|turn|1\n|inactive|Isi d djdh has 120 seconds left.\n|\n|t:|1695166138\n|move|p1a: Murkrow|Taunt|p2a: Dip\n|-start|p2a: Dip|move: Taunt\n|move|p2b: Sinistcha|Matcha Gotcha|p1a: Murkrow|[spread] p1a,p1b\n|-resisted|p1a: Murkrow\n|-damage|p1a: Murkrow|75\/100\n|-damage|p1b: Shuckle|87\/100\n|-status|p1b: Shuckle|brn\n|cant|p2a: Dip|move: Taunt|Grassy Terrain\n|move|p1b: Shuckle|Sticky Web|p2a: Dip\n|-sidestart|p2: br_xton_alt|move: Sticky Web\n|\n|-damage|p1b: Shuckle|80\/100 brn|[from] brn\n|upkeep\n|turn|2\n|inactive|Isi d djdh has 120 seconds left.\n|inactive|br_xton_alt has 120 seconds left.\n|\n|t:|1695166183\n|move|p1a: Murkrow|Perish Song|p1a: Murkrow\n|-start|p1a: Murkrow|perish3|[silent]\n|-start|p1b: Shuckle|perish3|[silent]\n|-start|p2a: Dip|perish3|[silent]\n|-start|p2b: Sinistcha|perish3|[silent]\n|-fieldactivate|move: Perish Song\n|move|p2b: Sinistcha|Matcha Gotcha|p1b: Shuckle|[spread] p1a,p1b\n|-resisted|p1a: Murkrow\n|-damage|p1a: Murkrow|51\/100\n|-damage|p1b: Shuckle|67\/100 brn\n|-status|p1a: Murkrow|brn\n|move|p2a: Dip|Energy Ball|p1a: Murkrow\n|-resisted|p1a: Murkrow\n|-damage|p1a: Murkrow|7\/100 brn\n|move|p1b: Shuckle|Stealth Rock|p2a: Dip\n|-sidestart|p2: br_xton_alt|move: Stealth Rock\n|\n|-damage|p1a: Murkrow|1\/100 brn|[from] brn\n|-damage|p1b: Shuckle|61\/100 brn|[from] brn\n|-start|p1a: Murkrow|perish3\n|-start|p2b: Sinistcha|perish3\n|-start|p2a: Dip|perish3\n|-start|p1b: Shuckle|perish3\n|upkeep\n|turn|3\n|inactive|Isi d djdh has 120 seconds left.\n|inactive|br_xton_alt has 120 seconds left.\n|\n|t:|1695166208\n|move|p1a: Murkrow|Tailwind|p1a: Murkrow\n|-sidestart|p1: Isi d djdh|move: Tailwind\n|move|p2b: Sinistcha|Poltergeist|p1a: Murkrow\n|-activate|p1a: Murkrow|move: Poltergeist|Focus Sash\n|-resisted|p1a: Murkrow\n|-damage|p1a: Murkrow|0 fnt\n|faint|p1a: Murkrow\n|move|p2a: Dip|Energy Ball|p1b: Shuckle\n|-damage|p1b: Shuckle|36\/100 brn\n|move|p1b: Shuckle|Toxic|p2a: Dip\n|-status|p2a: Dip|tox\n|\n|-damage|p2a: Dip|94\/100 tox|[from] psn\n|-damage|p1b: Shuckle|30\/100 brn|[from] brn\n|-end|p2a: Dip|move: Taunt\n|-start|p2b: Sinistcha|perish2\n|-start|p2a: Dip|perish2\n|-start|p1b: Shuckle|perish2\n|upkeep\n|inactive|Isi d djdh has 90 seconds left.\n|\n|t:|1695166242\n|switch|p1a: Kartana|Kartana|100\/100\n|turn|4\n|inactive|Isi d djdh has 90 seconds left.\n|\n|t:|1695166268\n|switch|p1b: Indeedee|Indeedee, M|100\/100\n|-fieldstart|move: Psychic Terrain|[from] ability: Psychic Surge|[of] p1b: Indeedee\n|move|p1a: Kartana|Smart Strike|p2b: Sinistcha\n|-damage|p2b: Sinistcha|48\/100\n|move|p2b: Sinistcha|Matcha Gotcha|p1b: Indeedee|[spread] p1a,p1b\n|-resisted|p1a: Kartana\n|-damage|p1a: Kartana|82\/100\n|-heal|p2b: Sinistcha|56\/100|[from] drain|[of] p1a: Kartana\n|-damage|p1b: Indeedee|70\/100\n|-heal|p2b: Sinistcha|67\/100|[from] drain|[of] p1b: Indeedee\n|-status|p1b: Indeedee|brn\n|move|p2a: Dip|Draco Meteor|p1a: Kartana\n|-resisted|p1a: Kartana\n|-damage|p1a: Kartana|0 fnt\n|-unboost|p2a: Dip|spa|2\n|faint|p1a: Kartana\n|\n|-damage|p2a: Dip|82\/100 tox|[from] psn\n|-damage|p1b: Indeedee|64\/100 brn|[from] brn\n|-start|p2b: Sinistcha|perish1\n|-start|p2a: Dip|perish1\n|upkeep\n|\n|t:|1695166290\n|switch|p1a: Typhlosion|Typhlosion, M|100\/100\n|turn|5\n|\n|t:|1695166303\n|move|p1a: Typhlosion|Eruption|p2b: Sinistcha|[spread] p2a,p2b\n|-supereffective|p2b: Sinistcha\n|-damage|p2a: Dip|26\/100 tox\n|-damage|p2b: Sinistcha|0 fnt\n|faint|p2b: Sinistcha\n|move|p1b: Indeedee|Expanding Force|p2a: Dip\n|-damage|p2a: Dip|0 fnt\n|faint|p2a: Dip\n|\n|-damage|p1b: Indeedee|58\/100 brn|[from] brn\n|upkeep\n|\n|t:|1695166317\n|switch|p2b: Gholdengo|Gholdengo|100\/100\n|switch|p2a: Xurkitree|Xurkitree|100\/100\n|-activate|p2b: Gholdengo|move: Sticky Web\n|-unboost|p2b: Gholdengo|spe|1\n|-damage|p2b: Gholdengo|94\/100|[from] Stealth Rock\n|-activate|p2a: Xurkitree|move: Sticky Web\n|-unboost|p2a: Xurkitree|spe|1\n|-damage|p2a: Xurkitree|88\/100|[from] Stealth Rock\n|turn|6\n|\n|t:|1695166340\n|-terastallize|p1b: Indeedee|Psychic\n|move|p1a: Typhlosion|Eruption|p2a: Xurkitree|[spread] p2a,p2b\n|-supereffective|p2b: Gholdengo\n|-damage|p2a: Xurkitree|7\/100\n|-damage|p2b: Gholdengo|0 fnt\n|faint|p2b: Gholdengo\n|move|p1b: Indeedee|Expanding Force|p2a: Xurkitree\n|-damage|p2a: Xurkitree|0 fnt\n|faint|p2a: Xurkitree\n|\n|-damage|p1b: Indeedee|52\/100 brn|[from] brn\n|-sideend|p1: Isi d djdh|move: Tailwind\n|upkeep\n|\n|t:|1695166353\n|switch|p2b: Ursaluna|Ursaluna-Bloodmoon, M|100\/100\n|switch|p2a: Arcanine|Arcanine-Hisui, M, shiny|100\/100\n|-activate|p2a: Arcanine|move: Sticky Web\n|-unboost|p2a: Arcanine|spe|1\n|-damage|p2a: Arcanine|76\/100|[from] Stealth Rock\n|-activate|p2b: Ursaluna|move: Sticky Web\n|-unboost|p2b: Ursaluna|spe|1\n|-damage|p2b: Ursaluna|94\/100|[from] Stealth Rock\n|turn|7\n|\n|t:|1695166370\n|move|p1a: Typhlosion|Eruption|p2b: Ursaluna|[spread] p2b\n|-start|p2a: Arcanine|ability: Flash Fire\n|-damage|p2b: Ursaluna|35\/100\n|move|p1b: Indeedee|Expanding Force|p2a: Arcanine|[spread] p2a,p2b\n|-damage|p2a: Arcanine|0 fnt\n|-damage|p2b: Ursaluna|0 fnt\n|faint|p2a: Arcanine\n|faint|p2b: Ursaluna\n|\n|win|Isi d djdh\n|raw|Isi d djdh's rating: 1000 &rarr; <strong>1040<\/strong><br \/>(+40 for winning)\n|raw|br_xton_alt's rating: 1000 &rarr; <strong>1000<\/strong><br \/>(+0 for losing)\n|l|\u2606br_xton_alt\n","uploadtime":1695166381,"views":7,"p1id":"isiddjdh","p2id":"brxtonalt","formatid":"gen9nationaldexdoubles","rating":1000,"private":0,"password":""}