{"id":"gen9nationaldexdoubles-1967084547","p1":"JackieNut","p2":"slow_riots_account","format":"[Gen 9] National Dex Doubles","log":"|j|\u2606JackieNut\n|j|\u2606slow_riots_account\n|t:|1697252421\n|gametype|doubles\n|player|p1|JackieNut|flannery|\n|player|p2|slow_riots_account|170|\n|teamsize|p1|6\n|teamsize|p2|6\n|gen|9\n|tier|[Gen 9] National Dex Doubles\n|rule|HP Percentage Mod: HP is shown in percentages\n|rule|Endless Battle Clause: Forcing endless battles is banned\n|rule|OHKO Clause: OHKO moves are banned\n|rule|Evasion Moves Clause: Evasion moves are banned\n|rule|Evasion Abilities Clause: Evasion abilities are banned\n|rule|Species Clause: Limit one of each Pok\u00e9mon\n|rule|Gravity Sleep Clause: The combination of sleep-inducing moves with imperfect accuracy and Gravity or Gigantamax Orbeetle are banned\n|clearpoke\n|poke|p1|Zamazenta-*|\n|poke|p1|Lycanroc-Midnight, M|\n|poke|p1|Shaymin-Sky|\n|poke|p1|Sylveon, F|\n|poke|p1|Arcanine, F|\n|poke|p1|Houndoom, M|\n|poke|p2|Volcarona, M|\n|poke|p2|Landorus-Therian, M|\n|poke|p2|Reuniclus, F|\n|poke|p2|Sableye, F|\n|poke|p2|Poliwrath, F|\n|poke|p2|Luxray, M|\n|teampreview\n|\n|t:|1697252503\n|start\n|switch|p1a: doggie|Shaymin-Sky|100\/100\n|switch|p1b: gay dog|Sylveon, F|100\/100\n|switch|p2a: Sableye|Sableye, F|100\/100\n|switch|p2b: Luxray|Luxray, M|100\/100\n|turn|1\n|\n|t:|1697252538\n|switch|p1a: pupie|Zamazenta|100\/100\n|-ability|p1a: pupie|Dauntless Shield|boost\n|-boost|p1a: pupie|def|1\n|move|p2a: Sableye|Will-O-Wisp|p1a: pupie\n|-status|p1a: pupie|brn\n|move|p2b: Luxray|Volt Switch|p1b: gay dog\n|-damage|p1b: gay dog|87\/100\n|\n|t:|1697252552\n|switch|p2b: Landorus|Landorus-Therian, M|100\/100|[from] Volt Switch\n|-ability|p2b: Landorus|Intimidate|boost\n|-unboost|p1a: pupie|atk|1\n|-unboost|p1b: gay dog|atk|1\n|move|p1b: gay dog|Substitute|p1b: gay dog\n|-start|p1b: gay dog|Substitute\n|-damage|p1b: gay dog|62\/100\n|\n|-heal|p1b: gay dog|68\/100|[from] item: Leftovers\n|-damage|p1a: pupie|94\/100 brn|[from] brn\n|upkeep\n|turn|2\n|\n|t:|1697252608\n|detailschange|p2a: Sableye|Sableye-Mega, F\n|-mega|p2a: Sableye|Sableye|Sablenite\n|move|p2a: Sableye|Protect|p2a: Sableye\n|-singleturn|p2a: Sableye|Protect\n|move|p1a: pupie|Crunch|p2b: Landorus\n|-crit|p2b: Landorus\n|-damage|p2b: Landorus|82\/100\n|move|p2b: Landorus|Earthquake|p1b: gay dog|[spread] p1a,p1b\n|-activate|p2a: Sableye|move: Protect\n|-end|p1b: gay dog|Substitute\n|-damage|p1a: pupie|72\/100 brn\n|move|p1b: gay dog|Hyper Voice|p2a: Sableye|[spread] p2b\n|-activate|p2a: Sableye|move: Protect\n|-damage|p2b: Landorus|53\/100\n|\n|-heal|p2b: Landorus|59\/100|[from] item: Leftovers\n|-heal|p1b: gay dog|74\/100|[from] item: Leftovers\n|-damage|p1a: pupie|66\/100 brn|[from] brn\n|upkeep\n|turn|3\n|\n|t:|1697252633\n|switch|p2a: Reuniclus|Reuniclus, F|100\/100\n|move|p1a: pupie|Crunch|p2b: Landorus\n|-damage|p2b: Landorus|50\/100\n|-unboost|p2b: Landorus|def|1\n|move|p2b: Landorus|Earthquake|p1b: gay dog|[spread] p2a,p1a,p1b\n|-damage|p2a: Reuniclus|76\/100\n|-damage|p1a: pupie|46\/100 brn\n|-damage|p1b: gay dog|31\/100\n|move|p1b: gay dog|Substitute|p1b: gay dog\n|-start|p1b: gay dog|Substitute\n|-damage|p1b: gay dog|6\/100\n|\n|-heal|p2b: Landorus|56\/100|[from] item: Leftovers\n|-heal|p1b: gay dog|12\/100|[from] item: Leftovers\n|-damage|p1a: pupie|40\/100 brn|[from] brn\n|upkeep\n|turn|4\n|\n|t:|1697252662\n|switch|p1a: big pupie|Houndoom, M|100\/100\n|switch|p2a: Poliwrath|Poliwrath, F|100\/100\n|move|p2b: Landorus|Earthquake|p1b: gay dog|[spread] p2a,p1a,p1b\n|-end|p1b: gay dog|Substitute\n|-supereffective|p1a: big pupie\n|-damage|p2a: Poliwrath|67\/100\n|-damage|p1a: big pupie|0 fnt\n|faint|p1a: big pupie\n|move|p1b: gay dog|Hyper Voice|p2a: Poliwrath|[spread] p2a,p2b\n|-supereffective|p2a: Poliwrath\n|-damage|p2a: Poliwrath|0 fnt\n|-damage|p2b: Landorus|26\/100\n|faint|p2a: Poliwrath\n|\n|-heal|p2b: Landorus|32\/100|[from] item: Leftovers\n|-heal|p1b: gay dog|18\/100|[from] item: Leftovers\n|upkeep\n|\n|t:|1697252700\n|switch|p1a: pupie|Zamazenta|40\/100 brn\n|switch|p2a: Volcarona|Volcarona, M|100\/100\n|turn|5\n|\n|t:|1697252738\n|switch|p2b: Reuniclus|Reuniclus, F|76\/100\n|move|p1a: pupie|Stone Edge|p2a: Volcarona\n|-supereffective|p2a: Volcarona\n|-damage|p2a: Volcarona|31\/100\n|move|p2a: Volcarona|Flamethrower|p1a: pupie\n|-damage|p1a: pupie|4\/100 brn\n|move|p1b: gay dog|Hyper Voice|p2a: Volcarona|[spread] p2a,p2b\n|-resisted|p2a: Volcarona\n|-damage|p2a: Volcarona|11\/100\n|-damage|p2b: Reuniclus|38\/100\n|\n|-heal|p1b: gay dog|24\/100|[from] item: Leftovers\n|-damage|p1a: pupie|0 fnt|[from] brn\n|faint|p1a: pupie\n|upkeep\n|\n|t:|1697252775\n|switch|p1a: wolfie|Lycanroc-Midnight, M|100\/100\n|turn|6\n|\n|t:|1697252798\n|switch|p2a: Sableye|Sableye-Mega, F|100\/100\n|move|p1a: wolfie|Sucker Punch||[still]\n|-fail|p1a: wolfie\n|move|p1b: gay dog|Hyper Voice|p2b: Reuniclus|[spread] p2a,p2b\n|-supereffective|p2a: Sableye\n|-crit|p2b: Reuniclus\n|-damage|p2a: Sableye|37\/100\n|-damage|p2b: Reuniclus|0 fnt\n|faint|p2b: Reuniclus\n|\n|-heal|p1b: gay dog|30\/100|[from] item: Leftovers\n|upkeep\n|\n|t:|1697252819\n|switch|p2b: Luxray|Luxray, M|100\/100\n|turn|7\n|\n|t:|1697252850\n|move|p1a: wolfie|Sucker Punch||[still]\n|-fail|p1a: wolfie\n|move|p2b: Luxray|Wild Charge|p1b: gay dog\n|-damage|p1b: gay dog|0 fnt\n|faint|p1b: gay dog\n|-damage|p2b: Luxray|91\/100|[from] Recoil\n|move|p2a: Sableye|Recover|p2a: Sableye\n|-heal|p2a: Sableye|87\/100\n|\n|-status|p2b: Luxray|brn|[from] item: Flame Orb\n|upkeep\n|\n|t:|1697252867\n|switch|p1b: mutt|Arcanine, F|100\/100\n|-ability|p1b: mutt|Intimidate|boost\n|-unboost|p2a: Sableye|atk|1\n|-unboost|p2b: Luxray|atk|1\n|turn|8\n|\n|t:|1697252928\n|move|p1b: mutt|Extreme Speed|p2b: Luxray\n|-damage|p2b: Luxray|55\/100 brn\n|move|p1a: wolfie|Close Combat|p2a: Sableye\n|-immune|p2a: Sableye\n|move|p2b: Luxray|Facade|p1b: mutt\n|-damage|p1b: mutt|46\/100\n|move|p2a: Sableye|Will-O-Wisp|p1a: wolfie\n|-status|p1a: wolfie|brn\n|\n|-damage|p1a: wolfie|94\/100 brn|[from] brn\n|-damage|p2b: Luxray|49\/100 brn|[from] brn\n|upkeep\n|turn|9\n|\n|t:|1697252960\n|move|p1b: mutt|Flare Blitz|p2a: Sableye\n|-damage|p2a: Sableye|34\/100\n|-damage|p1b: mutt|29\/100|[from] Recoil\n|move|p1a: wolfie|Close Combat|p2b: Luxray\n|-damage|p2b: Luxray|22\/100 brn\n|-unboost|p1a: wolfie|def|1\n|-unboost|p1a: wolfie|spd|1\n|move|p2b: Luxray|Facade|p1b: mutt\n|-damage|p1b: mutt|0 fnt\n|faint|p1b: mutt\n|move|p2a: Sableye|Knock Off|p1a: wolfie\n|-damage|p1a: wolfie|55\/100 brn\n|-enditem|p1a: wolfie|Shuca Berry|[from] move: Knock Off|[of] p2a: Sableye\n|\n|-damage|p1a: wolfie|49\/100 brn|[from] brn\n|-damage|p2b: Luxray|16\/100 brn|[from] brn\n|upkeep\n|\n|t:|1697252978\n|switch|p1b: doggie|Shaymin-Sky|100\/100\n|turn|10\n|\n|t:|1697253026\n|move|p1b: doggie|Air Slash|p2a: Sableye\n|-damage|p2a: Sableye|8\/100\n|move|p1a: wolfie|Stone Edge|p2b: Luxray\n|-damage|p2b: Luxray|0 fnt\n|faint|p2b: Luxray\n|cant|p2a: Sableye|flinch\n|\n|-damage|p1a: wolfie|43\/100 brn|[from] brn\n|upkeep\n|\n|t:|1697253060\n|switch|p2b: Volcarona|Volcarona, M|11\/100\n|turn|11\n|\n|t:|1697253073\n|move|p2a: Sableye|Protect|p2a: Sableye\n|-singleturn|p2a: Sableye|Protect\n|move|p1b: doggie|Air Slash|p2a: Sableye\n|-activate|p2a: Sableye|move: Protect\n|move|p2b: Volcarona|Roost|p2b: Volcarona\n|-heal|p2b: Volcarona|62\/100\n|-singleturn|p2b: Volcarona|move: Roost\n|move|p1a: wolfie|Stone Edge|p2b: Volcarona\n|-supereffective|p2b: Volcarona\n|-damage|p2b: Volcarona|0 fnt\n|faint|p2b: Volcarona\n|\n|-damage|p1a: wolfie|37\/100 brn|[from] brn\n|upkeep\n|\n|t:|1697253086\n|switch|p2b: Landorus|Landorus-Therian, M|32\/100\n|-ability|p2b: Landorus|Intimidate|boost\n|-unboost|p1a: wolfie|atk|1\n|-unboost|p1b: doggie|atk|1\n|turn|12\n|\n|t:|1697253159\n|move|p1b: doggie|Air Slash|p2a: Sableye\n|-crit|p2a: Sableye\n|-damage|p2a: Sableye|0 fnt\n|faint|p2a: Sableye\n|move|p1a: wolfie|Stone Edge|p2b: Landorus\n|-crit|p2b: Landorus\n|-damage|p2b: Landorus|0 fnt\n|faint|p2b: Landorus\n|\n|win|JackieNut\n","uploadtime":1697253169,"views":15,"p1id":"jackienut","p2id":"slowriotsaccount","formatid":"gen9nationaldexdoubles","rating":0,"private":0,"password":""}