{"id":"gen9nationaldexdoubles-1956271783","p1":"blackbocha203","p2":"pantostadooficial","format":"[Gen 9] National Dex Doubles","log":"|j|\u2606blackbocha203\n|j|\u2606pantostadooficial\n|t:|1696091789\n|gametype|doubles\n|player|p1|blackbocha203|leon|\n|player|p2|pantostadooficial|benga|\n|teamsize|p1|6\n|teamsize|p2|6\n|gen|9\n|tier|[Gen 9] National Dex Doubles\n|rule|HP Percentage Mod: HP is shown in percentages\n|rule|Endless Battle Clause: Forcing endless battles is banned\n|rule|OHKO Clause: OHKO moves are banned\n|rule|Evasion Moves Clause: Evasion moves are banned\n|rule|Evasion Abilities Clause: Evasion abilities are banned\n|rule|Species Clause: Limit one of each Pok\u00e9mon\n|rule|Gravity Sleep Clause: The combination of sleep-inducing moves with imperfect accuracy and Gravity or Gigantamax Orbeetle are banned\n|clearpoke\n|poke|p1|Gyarados, F|\n|poke|p1|Galvantula, M|\n|poke|p1|Pelipper, M|\n|poke|p1|Ferrothorn, M|\n|poke|p1|Clefable, F|\n|poke|p1|Greninja-*, M|\n|poke|p2|Tauros, M|\n|poke|p2|Cryogonal|\n|poke|p2|Incineroar, M|\n|poke|p2|Gardevoir, M|\n|poke|p2|Landorus-Therian, M|\n|poke|p2|Greninja-*, M|\n|teampreview\n|\n|t:|1696091827\n|start\n|switch|p1a: Ferrothorn|Ferrothorn, M, shiny|100\/100\n|switch|p1b: Poseidon|Greninja, M, shiny|100\/100\n|switch|p2a: Tauros|Tauros, M|100\/100\n|switch|p2b: Cryogonal|Cryogonal|100\/100\n|turn|1\n|\n|t:|1696091845\n|move|p1b: Poseidon|Hydro Pump|p2a: Tauros\n|-start|p1b: Poseidon|typechange|Water|[from] ability: Protean\n|-damage|p2a: Tauros|34\/100\n|move|p2b: Cryogonal|Freeze-Dry|p1b: Poseidon\n|-supereffective|p1b: Poseidon\n|-damage|p1b: Poseidon|43\/100\n|move|p2a: Tauros|Double-Edge|p1b: Poseidon\n|-damage|p1b: Poseidon|0 fnt\n|faint|p1b: Poseidon\n|-damage|p2a: Tauros|21\/100|[from] Recoil\n|move|p1a: Ferrothorn|Gyro Ball|p2b: Cryogonal\n|-supereffective|p2b: Cryogonal\n|-damage|p2b: Cryogonal|0 fnt\n|faint|p2b: Cryogonal\n|\n|upkeep\n|\n|t:|1696091864\n|switch|p1b: Zeus|Galvantula, M, shiny|100\/100\n|switch|p2b: Incineroar|Incineroar, M|100\/100\n|-ability|p2b: Incineroar|Intimidate|boost\n|-unboost|p1a: Ferrothorn|atk|1\n|-unboost|p1b: Zeus|atk|1\n|turn|2\n|\n|t:|1696091877\n|switch|p1a: Pelipper|Pelipper, M, shiny|100\/100\n|-weather|RainDance|[from] ability: Drizzle|[of] p1a: Pelipper\n|move|p2b: Incineroar|Fake Out|p1b: Zeus\n|-damage|p1b: Zeus|83\/100\n|move|p2a: Tauros|Double-Edge|p1b: Zeus\n|-damage|p1b: Zeus|0 fnt\n|faint|p1b: Zeus\n|-damage|p2a: Tauros|0 fnt|[from] Recoil\n|faint|p2a: Tauros\n|\n|-weather|RainDance|[upkeep]\n|upkeep\n|\n|t:|1696091891\n|switch|p1b: Karpa|Gyarados, F, shiny|100\/100\n|switch|p2a: Gardevoir|Gardevoir, M|100\/100\n|turn|3\n|j| Monje-44\n|\n|t:|1696091904\n|switch|p2b: Landorus|Landorus-Therian, M|100\/100\n|-ability|p2b: Landorus|Intimidate|boost\n|-unboost|p1a: Pelipper|atk|1\n|-unboost|p1b: Karpa|atk|1\n|detailschange|p2a: Gardevoir|Gardevoir-Mega, M\n|-mega|p2a: Gardevoir|Gardevoir|Gardevoirite\n|-zpower|p1b: Karpa\n|move|p1b: Karpa|Hydro Vortex|p2a: Gardevoir|[zeffect]\n|-damage|p2a: Gardevoir|0 fnt\n|faint|p2a: Gardevoir\n|-ability|p1b: Karpa|Moxie|boost\n|-boost|p1b: Karpa|atk|1\n|move|p1a: Pelipper|Scald|p2b: Landorus\n|-supereffective|p2b: Landorus\n|-damage|p2b: Landorus|17\/100\n|\n|-weather|RainDance|[upkeep]\n|upkeep\n|c| Monje-44|vamos\n|j| alexiusb\n|\n|t:|1696091920\n|switch|p2a: Incineroar|Incineroar, M|100\/100\n|-ability|p2a: Incineroar|Intimidate|boost\n|-unboost|p1a: Pelipper|atk|1\n|-unboost|p1b: Karpa|atk|1\n|turn|4\n|\n|t:|1696091938\n|move|p2a: Incineroar|Fake Out|p1b: Karpa\n|-damage|p1b: Karpa|87\/100\n|cant|p1b: Karpa|flinch\n|move|p2b: Landorus|Explosion|p1a: Pelipper|[spread] p2a,p1a,p1b\n|-damage|p2a: Incineroar|49\/100\n|-damage|p1a: Pelipper|35\/100\n|-damage|p1b: Karpa|10\/100\n|faint|p2b: Landorus\n|move|p1a: Pelipper|Scald|p2a: Incineroar\n|-supereffective|p2a: Incineroar\n|-damage|p2a: Incineroar|0 fnt\n|faint|p2a: Incineroar\n|\n|-weather|RainDance|[upkeep]\n|upkeep\n|\n|t:|1696091949\n|switch|p2b: Greninja|Greninja, M|100\/100\n|turn|5\n|\n|t:|1696091956\n|move|p2b: Greninja|Surf|p1a: Pelipper|[spread] p1a,p1b\n|-resisted|p1a: Pelipper\n|-resisted|p1b: Karpa\n|-damage|p1a: Pelipper|3\/100\n|-damage|p1b: Karpa|0 fnt\n|faint|p1b: Karpa\n|-ability|p2b: Greninja|Battle Bond|boost\n|-boost|p2b: Greninja|atk|1\n|-boost|p2b: Greninja|spa|1\n|-boost|p2b: Greninja|spe|1\n|-activate|p2b: Greninja|ability: Battle Bond\n|move|p1a: Pelipper|Hurricane|p2b: Greninja\n|-damage|p2b: Greninja|25\/100\n|\n|-weather|RainDance|[upkeep]\n|upkeep\n|c| alexiusb|que hiciste JAJAJAJ\n|\n|t:|1696091963\n|switch|p1b: Ferrothorn|Ferrothorn, M, shiny|100\/100\n|turn|6\n|\n|t:|1696091972\n|move|p2b: Greninja|Surf|p1a: Pelipper|[spread] p1a,p1b\n|-resisted|p1a: Pelipper\n|-resisted|p1b: Ferrothorn\n|-damage|p1a: Pelipper|0 fnt\n|-damage|p1b: Ferrothorn|70\/100\n|faint|p1a: Pelipper\n|move|p1b: Ferrothorn|Power Whip|p2b: Greninja\n|-supereffective|p2b: Greninja\n|-damage|p2b: Greninja|0 fnt\n|faint|p2b: Greninja\n|\n|win|blackbocha203\n|c|\u2606blackbocha203|Gg\n|l|\u2606pantostadooficial\n|l|\u2606blackbocha203\n|c| Monje-44|gg\n|j|\u2606pantostadooficial\n|player|p2|pantostadooficial|benga\n","uploadtime":1696092002,"views":8,"p1id":"blackbocha203","p2id":"pantostadooficial","formatid":"gen9nationaldexdoubles","rating":0,"private":0,"password":""}