{"id":"gen9nationaldexdoubles-1995451473","p1":"spcplayzz","p2":"ImperatorNugator","format":"[Gen 9] National Dex Doubles","log":"|j|\u2606spcplayzz\n|j|\u2606ImperatorNugator\n|t:|1700572347\n|gametype|doubles\n|player|p1|spcplayzz|fantina|\n|player|p2|ImperatorNugator|ghetsis|\n|teamsize|p1|6\n|teamsize|p2|6\n|gen|9\n|tier|[Gen 9] National Dex Doubles\n|rule|HP Percentage Mod: HP is shown in percentages\n|rule|Endless Battle Clause: Forcing endless battles is banned\n|rule|OHKO Clause: OHKO moves are banned\n|rule|Evasion Moves Clause: Evasion moves are banned\n|rule|Evasion Abilities Clause: Evasion abilities are banned\n|rule|Species Clause: Limit one of each Pok\u00e9mon\n|rule|Gravity Sleep Clause: The combination of sleep-inducing moves with imperfect accuracy and Gravity or Gigantamax Orbeetle are banned\n|clearpoke\n|poke|p1|Charizard, F|\n|poke|p1|Ogerpon-Hearthflame, F|\n|poke|p1|Whimsicott, M|\n|poke|p1|Tapu Fini|\n|poke|p1|Chien-Pao|\n|poke|p1|Marshadow|\n|poke|p2|Glimmora, M|\n|poke|p2|Salamence, F|\n|poke|p2|Heatran, M|\n|poke|p2|Chien-Pao|\n|poke|p2|Landorus-Therian, M|\n|poke|p2|Iron Hands|\n|teampreview\n|inactive|Battle timer is ON: inactive players will automatically lose when time's up. (requested by spcplayzz)\n|inactive|ImperatorNugator also wants the timer to be on.\n|inactive|spcplayzz has 270 seconds left.\n|\n|t:|1700572402\n|start\n|switch|p1a: Marshadow|Marshadow|100\/100\n|switch|p1b: Chien-Pao|Chien-Pao|100\/100\n|switch|p2a: Iron Hands|Iron Hands|100\/100\n|switch|p2b: Glimmora|Glimmora, M|100\/100\n|-ability|p1b: Chien-Pao|Sword of Ruin\n|turn|1\n|inactive|spcplayzz has 270 seconds left.\n|\n|t:|1700572436\n|move|p1b: Chien-Pao|Sacred Sword|p2b: Glimmora\n|-damage|p2b: Glimmora|58\/100\n|-activate|p2b: Glimmora|ability: Toxic Debris\n|-sidestart|p1: spcplayzz|move: Toxic Spikes\n|move|p1a: Marshadow|Spectral Thief|p2b: Glimmora\n|-damage|p2b: Glimmora|0 fnt\n|-activate|p2b: Glimmora|ability: Toxic Debris\n|-sidestart|p1: spcplayzz|move: Toxic Spikes\n|faint|p2b: Glimmora\n|-damage|p1a: Marshadow|91\/100|[from] item: Life Orb\n|move|p2a: Iron Hands|Drain Punch|p1b: Chien-Pao\n|-supereffective|p1b: Chien-Pao\n|-damage|p1b: Chien-Pao|0 fnt\n|faint|p1b: Chien-Pao\n|\n|upkeep\n|\n|t:|1700572457\n|switch|p1b: Tapu Fini|Tapu Fini|100\/100\n|switch|p2b: Salamence|Salamence, F|100\/100\n|-status|p1b: Tapu Fini|tox\n|-fieldstart|move: Misty Terrain|[from] ability: Misty Surge|[of] p1b: Tapu Fini\n|-ability|p2b: Salamence|Intimidate|boost\n|-unboost|p1a: Marshadow|atk|1\n|-unboost|p1b: Tapu Fini|atk|1\n|turn|2\n|inactive|spcplayzz has 270 seconds left.\n|\n|t:|1700572493\n|detailschange|p2b: Salamence|Salamence-Mega, F\n|-mega|p2b: Salamence|Salamence|Salamencite\n|move|p1b: Tapu Fini|Ice Beam|p2b: Salamence\n|-supereffective|p2b: Salamence\n|-damage|p2b: Salamence|0 fnt\n|faint|p2b: Salamence\n|move|p1a: Marshadow|Close Combat|p2a: Iron Hands\n|-damage|p2a: Iron Hands|65\/100\n|-unboost|p1a: Marshadow|def|1\n|-unboost|p1a: Marshadow|spd|1\n|-damage|p1a: Marshadow|81\/100|[from] item: Life Orb\n|move|p2a: Iron Hands|Wild Charge|p1b: Tapu Fini\n|-supereffective|p1b: Tapu Fini\n|-damage|p1b: Tapu Fini|0 fnt\n|faint|p1b: Tapu Fini\n|-damage|p2a: Iron Hands|51\/100|[from] Recoil\n|\n|upkeep\n|inactive|spcplayzz has 270 seconds left.\n|\n|t:|1700572516\n|switch|p2b: Chien-Pao|Chien-Pao|100\/100\n|switch|p1b: Whimsicott|Whimsicott, M|100\/100\n|-ability|p2b: Chien-Pao|Sword of Ruin\n|turn|3\n|inactive|ImperatorNugator has 270 seconds left.\n|\n|t:|1700572553\n|switch|p1a: Charizard|Charizard, F|100\/100\n|-end|p2a: Iron Hands|Quark Drive|[silent]\n|switch|p2a: Heatran|Heatran, M|100\/100\n|move|p1b: Whimsicott|Tailwind|p1b: Whimsicott\n|-sidestart|p1: spcplayzz|move: Tailwind\n|move|p2b: Chien-Pao|Ice Spinner|p1a: Charizard\n|-damage|p1a: Charizard|35\/100\n|-fieldend|Misty Terrain\n|\n|upkeep\n|turn|4\n|inactive|ImperatorNugator has 270 seconds left.\n|\n|t:|1700572580\n|switch|p2b: Landorus|Landorus-Therian, M|100\/100\n|-ability|p2b: Landorus|Intimidate|boost\n|-unboost|p1a: Charizard|atk|1\n|-unboost|p1b: Whimsicott|atk|1\n|detailschange|p1a: Charizard|Charizard-Mega-Y, F\n|-mega|p1a: Charizard|Charizard|Charizardite Y\n|-weather|SunnyDay|[from] ability: Drought|[of] p1a: Charizard\n|move|p1a: Charizard|Helping Hand|p1b: Whimsicott\n|-singleturn|p1b: Whimsicott|Helping Hand|[of] p1a: Charizard\n|move|p1b: Whimsicott|Moonblast|p2b: Landorus\n|-damage|p2b: Landorus|33\/100\n|move|p2a: Heatran|Flamethrower|p1b: Whimsicott\n|-supereffective|p1b: Whimsicott\n|-enditem|p1b: Whimsicott|Focus Sash\n|-damage|p1b: Whimsicott|1\/100\n|\n|-weather|SunnyDay|[upkeep]\n|upkeep\n|turn|5\n|inactive|ImperatorNugator has 270 seconds left.\n|inactive|spcplayzz has 270 seconds left.\n|\n|t:|1700572625\n|move|p1a: Charizard|Overheat|p2b: Landorus\n|-damage|p2b: Landorus|0 fnt\n|-unboost|p1a: Charizard|spa|2\n|faint|p2b: Landorus\n|move|p1b: Whimsicott|Moonblast|p2a: Heatran\n|-resisted|p2a: Heatran\n|-damage|p2a: Heatran|92\/100\n|-unboost|p2a: Heatran|spa|1\n|move|p2a: Heatran|Flamethrower|p1b: Whimsicott\n|-supereffective|p1b: Whimsicott\n|-damage|p1b: Whimsicott|0 fnt\n|faint|p1b: Whimsicott\n|\n|-weather|SunnyDay|[upkeep]\n|-heal|p2a: Heatran|99\/100|[from] item: Leftovers\n|upkeep\n|inactive|spcplayzz has 270 seconds left.\n|\n|t:|1700572642\n|switch|p1b: Marshadow|Marshadow|81\/100\n|switch|p2b: Chien-Pao|Chien-Pao|100\/100\n|-status|p1b: Marshadow|tox\n|-ability|p2b: Chien-Pao|Sword of Ruin\n|turn|6\n|inactive|spcplayzz has 270 seconds left.\n|\n|t:|1700572668\n|switch|p2a: Iron Hands|Iron Hands|51\/100\n|move|p1a: Charizard|Protect|p1a: Charizard\n|-singleturn|p1a: Charizard|Protect\n|move|p2b: Chien-Pao|Sucker Punch|p1b: Marshadow\n|-damage|p1b: Marshadow|26\/100 tox\n|move|p1b: Marshadow|Close Combat|p2a: Iron Hands\n|-damage|p2a: Iron Hands|0 fnt\n|-unboost|p1b: Marshadow|def|1\n|-unboost|p1b: Marshadow|spd|1\n|faint|p2a: Iron Hands\n|-end|p2a: Iron Hands|Quark Drive|[silent]\n|-damage|p1b: Marshadow|16\/100 tox|[from] item: Life Orb\n|\n|-weather|SunnyDay|[upkeep]\n|-damage|p1b: Marshadow|10\/100 tox|[from] psn\n|-sideend|p1: spcplayzz|move: Tailwind\n|upkeep\n|\n|t:|1700572683\n|switch|p2a: Heatran|Heatran, M|99\/100\n|turn|7\n|inactive|spcplayzz has 270 seconds left.\n|\n|t:|1700572719\n|-terastallize|p2a: Heatran|Grass\n|move|p2b: Chien-Pao|Sucker Punch|p1b: Marshadow\n|-damage|p1b: Marshadow|0 fnt\n|faint|p1b: Marshadow\n|move|p1a: Charizard|Overheat|p2b: Chien-Pao\n|-supereffective|p2b: Chien-Pao\n|-enditem|p2b: Chien-Pao|Focus Sash\n|-damage|p2b: Chien-Pao|1\/100\n|-unboost|p1a: Charizard|spa|2\n|move|p2a: Heatran|Flash Cannon|p1a: Charizard\n|-resisted|p1a: Charizard\n|-damage|p1a: Charizard|15\/100\n|-unboost|p1a: Charizard|spd|1\n|\n|-weather|SunnyDay|[upkeep]\n|-heal|p2a: Heatran|100\/100|[from] item: Leftovers\n|upkeep\n|\n|t:|1700572732\n|switch|p1b: Ogerpon|Ogerpon-Hearthflame, F|100\/100\n|-status|p1b: Ogerpon|tox\n|-ability|p1b: Ogerpon|Mold Breaker\n|turn|8\n|inactive|spcplayzz has 270 seconds left.\n|\n|t:|1700572758\n|move|p1b: Ogerpon|Protect|p1b: Ogerpon\n|-singleturn|p1b: Ogerpon|Protect\n|move|p2b: Chien-Pao|Ice Spinner|p1a: Charizard\n|-damage|p1a: Charizard|0 fnt\n|faint|p1a: Charizard\n|move|p2a: Heatran|Earth Power|p1b: Ogerpon\n|-activate|p1b: Ogerpon|move: Protect\n|\n|-weather|none\n|-damage|p1b: Ogerpon|95\/100 tox|[from] psn\n|upkeep\n|turn|9\n|\n|t:|1700572784\n|move|p2b: Chien-Pao|Ice Spinner|p1b: Ogerpon\n|-damage|p1b: Ogerpon|31\/100 tox\n|move|p1b: Ogerpon|Ivy Cudgel|p2b: Chien-Pao|[anim] Ivy Cudgel Fire\n|-supereffective|p2b: Chien-Pao\n|-damage|p2b: Chien-Pao|0 fnt\n|faint|p2b: Chien-Pao\n|move|p2a: Heatran|Flamethrower|p1b: Ogerpon\n|-damage|p1b: Ogerpon|0 fnt\n|faint|p1b: Ogerpon\n|\n|win|ImperatorNugator\n|c|\u2606ImperatorNugator|gg\n|c|\u2606spcplayzz|gg\n|l|\u2606spcplayzz\n|l|\u2606ImperatorNugator\n|j|\u2606ImperatorNugator\n|player|p2|ImperatorNugator|ghetsis\n","uploadtime":1700573161,"views":27,"p1id":"spcplayzz","p2id":"imperatornugator","formatid":"gen9nationaldexdoubles","rating":0,"private":0,"password":""}