{"id":"gen9nationaldexdoubles-1974436306","p1":"fumbari 24","p2":"xdtrainer","format":"[Gen 9] National Dex Doubles","log":"|j|\u2606fumbari 24\n|j|\u2606xdtrainer\n|t:|1698086835\n|gametype|doubles\n|player|p1|fumbari 24|hilbert|1405\n|player|p2|xdtrainer|266|1252\n|teamsize|p1|6\n|teamsize|p2|6\n|gen|9\n|tier|[Gen 9] National Dex Doubles\n|rated|\n|rule|HP Percentage Mod: HP is shown in percentages\n|rule|Endless Battle Clause: Forcing endless battles is banned\n|rule|OHKO Clause: OHKO moves are banned\n|rule|Evasion Moves Clause: Evasion moves are banned\n|rule|Evasion Abilities Clause: Evasion abilities are banned\n|rule|Species Clause: Limit one of each Pok\u00e9mon\n|rule|Gravity Sleep Clause: The combination of sleep-inducing moves with imperfect accuracy and Gravity or Gigantamax Orbeetle are banned\n|clearpoke\n|poke|p1|Lucario, M|\n|poke|p1|Whimsicott, F|\n|poke|p1|Ninetales, F|\n|poke|p1|Blastoise, M|\n|poke|p1|Excadrill, M|\n|poke|p1|Roserade, F|\n|poke|p2|Flutter Mane|\n|poke|p2|Slaking, F|\n|poke|p2|Weezing-Galar, M|\n|poke|p2|Tornadus, M|\n|poke|p2|Ogerpon-Hearthflame, F|\n|poke|p2|Toedscruel, M|\n|teampreview\n|inactive|Battle timer is ON: inactive players will automatically lose when time's up. (requested by xdtrainer)\n|\n|t:|1698086865\n|start\n|switch|p1a: Speckles|Excadrill, M|100\/100\n|switch|p1b: Harbor|Blastoise, M|100\/100\n|switch|p2a: Weezing|Weezing-Galar, M|100\/100\n|switch|p2b: Slaking|Slaking, F|100\/100\n|-ability|p2a: Weezing|Neutralizing Gas\n|turn|1\n|\n|t:|1698086880\n|move|p2a: Weezing|Protect|p2a: Weezing\n|-singleturn|p2a: Weezing|Protect\n|move|p1b: Harbor|Fake Out|p2b: Slaking\n|-damage|p2b: Slaking|95\/100\n|-zpower|p1a: Speckles\n|move|p1a: Speckles|Tectonic Rage|p2a: Weezing|[zeffect]\n|-supereffective|p2a: Weezing\n|-zbroken|p2a: Weezing\n|-damage|p2a: Weezing|62\/100\n|cant|p2b: Slaking|flinch\n|\n|upkeep\n|turn|2\n|\n|t:|1698086896\n|-terastallize|p2a: Weezing|Water\n|move|p1a: Speckles|Protect|p1a: Speckles\n|-singleturn|p1a: Speckles|Protect\n|move|p2b: Slaking|Drain Punch|p1a: Speckles\n|-activate|p1a: Speckles|move: Protect\n|move|p1b: Harbor|Icy Wind|p2a: Weezing|[spread] p2a,p2b\n|-resisted|p2a: Weezing\n|-damage|p2a: Weezing|58\/100\n|-damage|p2b: Slaking|90\/100\n|-unboost|p2a: Weezing|spe|1\n|-unboost|p2b: Slaking|spe|1\n|move|p2a: Weezing|Will-O-Wisp|p1a: Speckles\n|-activate|p1a: Speckles|move: Protect\n|\n|upkeep\n|turn|3\n|\n|t:|1698086922\n|move|p2a: Weezing|Protect|p2a: Weezing\n|-singleturn|p2a: Weezing|Protect\n|move|p1a: Speckles|Rock Slide|p2b: Slaking|[spread] p2b\n|-activate|p2a: Weezing|move: Protect\n|-damage|p2b: Slaking|78\/100\n|move|p1b: Harbor|Scald|p2a: Weezing\n|-activate|p2a: Weezing|move: Protect\n|move|p2b: Slaking|Drain Punch|p1a: Speckles\n|-supereffective|p1a: Speckles\n|-damage|p1a: Speckles|12\/100\n|-heal|p2b: Slaking|100\/100|[from] drain|[of] p1a: Speckles\n|\n|upkeep\n|turn|4\n|\n|t:|1698086947\n|move|p1a: Speckles|Earthquake|p2a: Weezing|[spread] p1b,p2a,p2b\n|-damage|p1b: Harbor|67\/100\n|-damage|p2a: Weezing|21\/100\n|-damage|p2b: Slaking|73\/100\n|move|p1b: Harbor|Scald|p2a: Weezing\n|-resisted|p2a: Weezing\n|-damage|p2a: Weezing|9\/100\n|move|p2b: Slaking|Body Slam|p1b: Harbor\n|-damage|p1b: Harbor|18\/100\n|move|p2a: Weezing|Dazzling Gleam|p1a: Speckles|[spread] p1a,p1b\n|-resisted|p1a: Speckles\n|-damage|p1a: Speckles|1\/100\n|-damage|p1b: Harbor|5\/100\n|\n|-heal|p1b: Harbor|11\/100|[from] item: Leftovers\n|upkeep\n|turn|5\n|\n|t:|1698086966\n|move|p2a: Weezing|Protect|p2a: Weezing\n|-singleturn|p2a: Weezing|Protect\n|move|p1a: Speckles|Rock Slide|p2a: Weezing|[spread] p2b\n|-activate|p2a: Weezing|move: Protect\n|-damage|p2b: Slaking|59\/100\n|move|p1b: Harbor|Scald|p2b: Slaking\n|-damage|p2b: Slaking|43\/100\n|move|p2b: Slaking|Body Slam|p1a: Speckles\n|-resisted|p1a: Speckles\n|-damage|p1a: Speckles|0 fnt\n|faint|p1a: Speckles\n|\n|-heal|p1b: Harbor|17\/100|[from] item: Leftovers\n|upkeep\n|\n|t:|1698086985\n|switch|p1a: Corruption|Ninetales, F, shiny|100\/100\n|turn|6\n|\n|t:|1698086994\n|move|p1a: Corruption|Will-O-Wisp|p2b: Slaking\n|-status|p2b: Slaking|brn\n|move|p1b: Harbor|Scald|p2a: Weezing\n|-resisted|p2a: Weezing\n|-damage|p2a: Weezing|0 fnt\n|faint|p2a: Weezing\n|-end|p2a: Weezing|ability: Neutralizing Gas\n|-weather|SunnyDay|[from] ability: Drought|[of] p1a: Corruption\n|move|p2b: Slaking|Body Slam|p1a: Corruption\n|-damage|p1a: Corruption|75\/100\n|\n|-weather|SunnyDay|[upkeep]\n|-heal|p1b: Harbor|24\/100|[from] item: Leftovers\n|-damage|p2b: Slaking|37\/100 brn|[from] brn\n|upkeep\n|\n|t:|1698087011\n|switch|p2a: Ogerpon|Ogerpon-Hearthflame, F|100\/100\n|-ability|p2a: Ogerpon|Mold Breaker\n|turn|7\n|\n|t:|1698087021\n|switch|p2b: Tornadus|Tornadus, M|100\/100\n|move|p2a: Ogerpon|Wood Hammer|p1b: Harbor\n|-supereffective|p1b: Harbor\n|-damage|p1b: Harbor|0 fnt\n|faint|p1b: Harbor\n|-damage|p2a: Ogerpon|92\/100|[from] Recoil\n|move|p1a: Corruption|Scorching Sands|p2a: Ogerpon\n|-damage|p2a: Ogerpon|75\/100\n|\n|-weather|SunnyDay|[upkeep]\n|upkeep\n|\n|t:|1698087036\n|switch|p1b: Beso de Mosa|Whimsicott, F, shiny|100\/100\n|turn|8\n|\n|t:|1698087045\n|-terastallize|p1a: Corruption|Fire\n|move|p1b: Beso de Mosa|Tailwind|p1b: Beso de Mosa\n|-sidestart|p1: fumbari 24|move: Tailwind\n|move|p1a: Corruption|Heat Wave|p2b: Tornadus|[spread] p2a,p2b\n|-damage|p2a: Ogerpon|26\/100\n|-damage|p2b: Tornadus|70\/100\n|move|p2a: Ogerpon|Ivy Cudgel|p1b: Beso de Mosa\n|-supereffective|p1b: Beso de Mosa\n|-enditem|p1b: Beso de Mosa|Focus Sash\n|-damage|p1b: Beso de Mosa|1\/100\n|move|p2b: Tornadus|Bleakwind Storm|p1b: Beso de Mosa|[spread] p1a\n|-miss|p2b: Tornadus|p1b: Beso de Mosa\n|-damage|p1a: Corruption|46\/100\n|\n|-weather|SunnyDay|[upkeep]\n|upkeep\n|turn|9\n|\n|t:|1698087072\n|switch|p1a: Champ|Lucario, M|100\/100\n|move|p2a: Ogerpon|Spiky Shield|p2a: Ogerpon\n|-singleturn|p2a: Ogerpon|move: Protect\n|move|p2b: Tornadus|Tailwind|p2b: Tornadus\n|-sidestart|p2: xdtrainer|move: Tailwind\n|move|p1b: Beso de Mosa|Beat Up|p1a: Champ\n|-resisted|p1a: Champ\n|-damage|p1a: Champ|99\/100\n|-ability|p1a: Champ|Justified|boost\n|-boost|p1a: Champ|atk|1\n|-resisted|p1a: Champ\n|-damage|p1a: Champ|98\/100\n|-ability|p1a: Champ|Justified|boost\n|-boost|p1a: Champ|atk|1\n|-resisted|p1a: Champ\n|-damage|p1a: Champ|97\/100\n|-ability|p1a: Champ|Justified|boost\n|-boost|p1a: Champ|atk|1\n|-resisted|p1a: Champ\n|-damage|p1a: Champ|96\/100\n|-ability|p1a: Champ|Justified|boost\n|-boost|p1a: Champ|atk|1\n|-hitcount|p1a: Champ|4\n|\n|-weather|SunnyDay|[upkeep]\n|upkeep\n|turn|10\n|inactive|fumbari 24 has 120 seconds left.\n|\n|t:|1698087103\n|detailschange|p1a: Champ|Lucario-Mega, M\n|-mega|p1a: Champ|Lucario|Lucarionite\n|move|p1a: Champ|Bullet Punch|p2a: Ogerpon\n|-resisted|p2a: Ogerpon\n|-damage|p2a: Ogerpon|0 fnt\n|faint|p2a: Ogerpon\n|move|p1b: Beso de Mosa|Moonblast|p2b: Tornadus\n|-damage|p2b: Tornadus|40\/100\n|move|p2b: Tornadus|Bleakwind Storm|p1a: Champ|[spread] p1b\n|-miss|p2b: Tornadus|p1a: Champ\n|-supereffective|p1b: Beso de Mosa\n|-damage|p1b: Beso de Mosa|0 fnt\n|faint|p1b: Beso de Mosa\n|\n|-weather|none\n|upkeep\n|\n|t:|1698087120\n|switch|p1b: Corruption|Ninetales, F, shiny, tera:Fire|46\/100\n|switch|p2a: Flutter Mane|Flutter Mane|100\/100\n|-weather|SunnyDay|[from] ability: Drought|[of] p1b: Corruption\n|-activate|p2a: Flutter Mane|ability: Protosynthesis\n|-start|p2a: Flutter Mane|protosynthesisspe\n|turn|11\n|\n|t:|1698087134\n|move|p1a: Champ|Bullet Punch|p2a: Flutter Mane\n|-supereffective|p2a: Flutter Mane\n|-damage|p2a: Flutter Mane|0 fnt\n|faint|p2a: Flutter Mane\n|-end|p2a: Flutter Mane|Protosynthesis|[silent]\n|move|p2b: Tornadus|Bleakwind Storm|p1b: Corruption|[spread] p1a,p1b\n|-damage|p1a: Champ|53\/100\n|-damage|p1b: Corruption|19\/100\n|-unboost|p1b: Corruption|spe|1\n|move|p1b: Corruption|Heat Wave|p2b: Tornadus\n|-crit|p2b: Tornadus\n|-damage|p2b: Tornadus|0 fnt\n|faint|p2b: Tornadus\n|\n|-weather|SunnyDay|[upkeep]\n|-sideend|p1: fumbari 24|move: Tailwind\n|upkeep\n|-message|xdtrainer forfeited.\n|\n|win|fumbari 24\n|raw|fumbari 24's rating: 1405 &rarr; <strong>1417<\/strong><br \/>(+12 for winning)\n|raw|xdtrainer's rating: 1252 &rarr; <strong>1237<\/strong><br \/>(-15 for losing)\n|l|\u2606xdtrainer\n","uploadtime":1698087154,"views":12,"p1id":"fumbari24","p2id":"xdtrainer","formatid":"gen9nationaldexdoubles","rating":1237,"private":0,"password":""}