{"id":"gen9nationaldexdoubles-1962287411","p1":"MeloettaMadness","p2":"MathHacker","format":"[Gen 9] National Dex Doubles","log":"|j|\u2606MeloettaMadness\n|j|\u2606MathHacker\n|t:|1696727115\n|gametype|doubles\n|player|p1|MeloettaMadness|clown|1101\n|player|p2|MathHacker|richboy-gen4|1371\n|teamsize|p1|6\n|teamsize|p2|6\n|gen|9\n|tier|[Gen 9] National Dex Doubles\n|rated|\n|rule|HP Percentage Mod: HP is shown in percentages\n|rule|Endless Battle Clause: Forcing endless battles is banned\n|rule|OHKO Clause: OHKO moves are banned\n|rule|Evasion Moves Clause: Evasion moves are banned\n|rule|Evasion Abilities Clause: Evasion abilities are banned\n|rule|Species Clause: Limit one of each Pok\u00e9mon\n|rule|Gravity Sleep Clause: The combination of sleep-inducing moves with imperfect accuracy and Gravity or Gigantamax Orbeetle are banned\n|clearpoke\n|poke|p1|Whimsicott, M|\n|poke|p1|Banette, M|\n|poke|p1|Smeargle, M|\n|poke|p1|Ursaluna-Bloodmoon, M|\n|poke|p1|Necrozma|\n|poke|p1|Oricorio-Sensu, M|\n|poke|p2|Shuckle, M|\n|poke|p2|Pelipper, M|\n|poke|p2|Cresselia, F|\n|poke|p2|Torkoal, M|\n|poke|p2|Oranguru, M|\n|poke|p2|Ursaluna, M|\n|teampreview\n|\n|t:|1696727143\n|start\n|switch|p1a: Banette|Banette, M, shiny|100\/100\n|switch|p1b: Smeargle|Smeargle, M, shiny|100\/100\n|switch|p2a: Shucky|Shuckle, M, shiny|100\/100\n|switch|p2b: munke|Oranguru, M|100\/100\n|turn|1\n|\n|t:|1696727166\n|detailschange|p1a: Banette|Banette-Mega, M, shiny\n|-mega|p1a: Banette|Banette|Banettite\n|-terastallize|p2b: munke|Grass\n|move|p2a: Shucky|Protect|p2a: Shucky\n|-singleturn|p2a: Shucky|Protect\n|move|p1a: Banette|Skill Swap|p1b: Smeargle\n|-activate|p1a: Banette|move: Skill Swap|||[of] p1b: Smeargle\n|move|p1b: Smeargle|Spore|p2b: munke\n|-immune|p2b: munke\n|move|p2b: munke|Trick Room|p2b: munke\n|-fieldstart|move: Trick Room|[of] p2b: munke\n|\n|-ability|p1a: Banette|Moody|boost\n|-boost|p1a: Banette|spd|2\n|-unboost|p1a: Banette|atk|1\n|upkeep\n|turn|2\n|inactive|Battle timer is ON: inactive players will automatically lose when time's up. (requested by MeloettaMadness)\n|\n|t:|1696727219\n|move|p1b: Smeargle|Spore|p2a: Shucky\n|-status|p2a: Shucky|slp|[from] move: Spore\n|cant|p2a: Shucky|slp\n|move|p2b: munke|Knock Off|p1a: Banette\n|-supereffective|p1a: Banette\n|-damage|p1a: Banette|68\/100\n|move|p1a: Banette|Phantom Force||[still]\n|-prepare|p1a: Banette|Phantom Force\n|\n|-ability|p1a: Banette|Moody|boost\n|-boost|p1a: Banette|spa|2\n|-unboost|p1a: Banette|def|1\n|upkeep\n|turn|3\n|inactive|MathHacker has 120 seconds left.\n|\n|t:|1696727249\n|-curestatus|p2a: Shucky|slp|[msg]\n|move|p2a: Shucky|Rock Slide|p1a: Banette|[spread] p1b\n|-miss|p2a: Shucky|p1a: Banette\n|-damage|p1b: Smeargle|89\/100\n|move|p2b: munke|Instruct|p2a: Shucky\n|-singleturn|p2a: Shucky|move: Instruct|[of] p2b: munke\n|move|p2a: Shucky|Rock Slide|p1b: Smeargle|[spread] \n|-miss|p2a: Shucky|p1a: Banette\n|-miss|p2a: Shucky|p1b: Smeargle\n|move|p1a: Banette|Phantom Force|p2b: munke|[from]lockedmove\n|-damage|p2b: munke|68\/100\n|move|p1b: Smeargle|Salt Cure|p2b: munke\n|-damage|p2b: munke|65\/100\n|-start|p2b: munke|Salt Cure\n|\n|-damage|p2b: munke|53\/100|[from] Salt Cure\n|-ability|p1a: Banette|Moody|boost\n|-boost|p1a: Banette|spe|2\n|-unboost|p1a: Banette|spd|1\n|upkeep\n|turn|4\n|inactive|MathHacker has 120 seconds left.\n|inactive|MeloettaMadness has 120 seconds left.\n|\n|t:|1696727296\n|move|p2b: munke|Protect|p2b: munke\n|-singleturn|p2b: munke|Protect\n|move|p1b: Smeargle|Spore|p2a: Shucky\n|-status|p2a: Shucky|slp|[from] move: Spore\n|cant|p2a: Shucky|slp\n|move|p1a: Banette|Metronome|p1a: Banette\n|move|p1a: Banette|Petal Dance|p2a: Shucky|[from]move: Metronome\n|-damage|p2a: Shucky|71\/100 slp\n|\n|-damage|p2b: munke|41\/100|[from] Salt Cure\n|-ability|p1a: Banette|Moody|boost\n|-boost|p1a: Banette|spa|2\n|-unboost|p1a: Banette|def|1\n|upkeep\n|turn|5\n|inactive|MathHacker has 120 seconds left.\n|inactive|MeloettaMadness has 120 seconds left.\n|inactive|MathHacker has 90 seconds left.\n|inactive|MathHacker has 60 seconds left.\n|\n|t:|1696727376\n|move|p1b: Smeargle|Lunar Blessing|p1b: Smeargle|[spread] p1a,p1b\n|-heal|p1a: Banette|93\/100\n|-heal|p1b: Smeargle|100\/100\n|cant|p2a: Shucky|slp\n|move|p2b: munke|Knock Off|p1b: Smeargle\n|-damage|p1b: Smeargle|66\/100\n|-enditem|p1b: Smeargle|Focus Sash|[from] move: Knock Off|[of] p2b: munke\n|move|p1a: Banette|Petal Dance|p2b: munke|[from]lockedmove\n|-resisted|p2b: munke\n|-damage|p2b: munke|12\/100\n|\n|-damage|p2b: munke|0 fnt|[from] Salt Cure\n|faint|p2b: munke\n|-fieldend|move: Trick Room\n|-ability|p1a: Banette|Moody|boost\n|-boost|p1a: Banette|def|2\n|-unboost|p1a: Banette|spe|1\n|upkeep\n|inactive|MathHacker has 30 seconds left.\n|inactive|MathHacker has 20 seconds left.\n|\n|t:|1696727407\n|switch|p2b: Yertle|Torkoal, M|100\/100\n|-weather|SunnyDay|[from] ability: Drought|[of] p2b: Yertle\n|turn|6\n|\n|t:|1696727417\n|move|p1b: Smeargle|Spore|p2b: Yertle\n|-status|p2b: Yertle|slp|[from] move: Spore\n|move|p1a: Banette|Petal Dance|p2a: Shucky|[from]lockedmove\n|-damage|p2a: Shucky|28\/100 slp\n|-start|p1a: Banette|confusion|[fatigue]\n|cant|p2b: Yertle|slp\n|cant|p2a: Shucky|slp\n|\n|-weather|SunnyDay|[upkeep]\n|-ability|p1a: Banette|Moody|boost\n|-boost|p1a: Banette|spd|2\n|-unboost|p1a: Banette|spa|1\n|upkeep\n|turn|7\n|inactive|MathHacker has 60 seconds left.\n|\n|t:|1696727434\n|move|p1b: Smeargle|Lunar Blessing|p1b: Smeargle|[spread] p1a,p1b\n|-heal|p1a: Banette|100\/100\n|-heal|p1b: Smeargle|91\/100\n|-activate|p1a: Banette|confusion\n|-damage|p1a: Banette|81\/100|[from] confusion\n|cant|p2b: Yertle|slp\n|-curestatus|p2a: Shucky|slp|[msg]\n|move|p2a: Shucky|Power Trick|p2a: Shucky\n|-start|p2a: Shucky|Power Trick\n|\n|-weather|SunnyDay|[upkeep]\n|-ability|p1a: Banette|Moody|boost\n|-boost|p1a: Banette|atk|2\n|-unboost|p1a: Banette|spa|1\n|upkeep\n|turn|8\n|inactive|MathHacker has 60 seconds left.\n|inactive|MeloettaMadness has 120 seconds left.\n|\n|t:|1696727469\n|move|p1b: Smeargle|Decorate|p1a: Banette\n|-boost|p1a: Banette|atk|2\n|-boost|p1a: Banette|spa|2\n|-activate|p1a: Banette|confusion\n|move|p1a: Banette|Dazzling Gleam|p2b: Yertle|[spread] p2a,p2b\n|-resisted|p2b: Yertle\n|-damage|p2a: Shucky|7\/100\n|-damage|p2b: Yertle|78\/100 slp\n|-curestatus|p2b: Yertle|slp|[msg]\n|move|p2b: Yertle|Eruption|p1a: Banette|[spread] p1a,p1b\n|-damage|p1a: Banette|47\/100\n|-damage|p1b: Smeargle|0 fnt\n|faint|p1b: Smeargle\n|move|p2a: Shucky|Rock Slide|p1a: Banette\n|-damage|p1a: Banette|0 fnt\n|faint|p1a: Banette\n|-heal|p2a: Shucky|14\/100|[from] item: Shell Bell|[of] p1: Banette\n|\n|-weather|SunnyDay|[upkeep]\n|upkeep\n|inactive|MeloettaMadness has 120 seconds left.\n|\n|t:|1696727485\n|switch|p1b: Necrozma|Necrozma, shiny|100\/100\n|switch|p1a: Ursaluna|Ursaluna-Bloodmoon, M|100\/100\n|turn|9\n|inactive|MathHacker has 60 seconds left.\n|\n|t:|1696727522\n|-terastallize|p1a: Ursaluna|Normal\n|move|p1b: Necrozma|Heat Wave|p2a: Shucky|[spread] p2a,p2b\n|-resisted|p2b: Yertle\n|-damage|p2a: Shucky|0 fnt\n|-damage|p2b: Yertle|46\/100\n|faint|p2a: Shucky\n|-damage|p1b: Necrozma|91\/100|[from] item: Life Orb\n|move|p1a: Ursaluna|Hyper Voice|p2b: Yertle\n|-damage|p2b: Yertle|0 fnt\n|faint|p2b: Yertle\n|\n|-weather|SunnyDay|[upkeep]\n|upkeep\n|\n|t:|1696727541\n|switch|p2b: Cresselia|Cresselia, F|100\/100\n|switch|p2a: ber|Ursaluna, M|100\/100\n|turn|10\n|inactive|MathHacker has 60 seconds left.\n|\n|t:|1696727553\n|move|p2a: ber|Protect|p2a: ber\n|-singleturn|p2a: ber|Protect\n|move|p1b: Necrozma|Heat Wave|p2b: Cresselia|[spread] p2b\n|-activate|p2a: ber|move: Protect\n|-damage|p2b: Cresselia|70\/100\n|-damage|p1b: Necrozma|81\/100|[from] item: Life Orb\n|move|p1a: Ursaluna|Blood Moon|p2b: Cresselia\n|-damage|p2b: Cresselia|0 fnt\n|faint|p2b: Cresselia\n|\n|-weather|none\n|-status|p2a: ber|brn|[from] item: Flame Orb\n|upkeep\n|inactive|MathHacker has 60 seconds left.\n|\n|t:|1696727566\n|switch|p2b: Pelipper|Pelipper, M|100\/100\n|-weather|RainDance|[from] ability: Drizzle|[of] p2b: Pelipper\n|turn|11\n|inactive|MathHacker has 60 seconds left.\n|\n|t:|1696727604\n|move|p2b: Pelipper|Wide Guard|p2b: Pelipper\n|-singleturn|p2b: Pelipper|Wide Guard\n|move|p1b: Necrozma|Photon Geyser|p2a: ber\n|-damage|p2a: ber|40\/100 brn\n|-damage|p1b: Necrozma|71\/100|[from] item: Life Orb\n|move|p1a: Ursaluna|Hyper Voice|p2a: ber|[spread] \n|-activate|p2a: ber|move: Wide Guard\n|-activate|p2b: Pelipper|move: Wide Guard\n|move|p2a: ber|Earthquake|p1a: Ursaluna|[spread] p1a,p1b\n|-activate|p2b: Pelipper|move: Wide Guard\n|-damage|p1a: Ursaluna|48\/100\n|-damage|p1b: Necrozma|0 fnt\n|faint|p1b: Necrozma\n|\n|-weather|RainDance|[upkeep]\n|-damage|p2a: ber|34\/100 brn|[from] brn\n|upkeep\n|\n|t:|1696727620\n|switch|p1b: Oricorio|Oricorio-Sensu, M, shiny|100\/100\n|turn|12\n|\n|t:|1696727635\n|move|p2a: ber|Protect|p2a: ber\n|-singleturn|p2a: ber|Protect\n|move|p1b: Oricorio|Hurricane|p2a: ber\n|-activate|p2a: ber|move: Protect\n|move|p1a: Ursaluna|Blood Moon|p2b: Pelipper\n|-enditem|p2b: Pelipper|Focus Sash\n|-damage|p2b: Pelipper|1\/100\n|move|p2b: Pelipper|Surf|p1a: Ursaluna|[spread] p1a,p1b\n|-activate|p2a: ber|move: Protect\n|-damage|p1a: Ursaluna|0 fnt\n|-damage|p1b: Oricorio|29\/100\n|faint|p1a: Ursaluna\n|\n|-weather|RainDance|[upkeep]\n|-damage|p2a: ber|28\/100 brn|[from] brn\n|upkeep\n|\n|t:|1696727640\n|switch|p1a: Whimsicott|Whimsicott, M, shiny|100\/100\n|turn|13\n|inactive|MathHacker has 90 seconds left.\n|\n|t:|1696727669\n|move|p1a: Whimsicott|Moonblast|p2b: Pelipper\n|-damage|p2b: Pelipper|0 fnt\n|faint|p2b: Pelipper\n|move|p1b: Oricorio|Hurricane|p2a: ber\n|-damage|p2a: ber|0 fnt\n|faint|p2a: ber\n|\n|win|MeloettaMadness\n|raw|MeloettaMadness's rating: 1101 &rarr; <strong>1142<\/strong><br \/>(+41 for winning)\n|raw|MathHacker's rating: 1371 &rarr; <strong>1338<\/strong><br \/>(-33 for losing)\n|l|\u2606MeloettaMadness\n|c|\u2606MathHacker|nice lead\n","uploadtime":1696727699,"views":11,"p1id":"meloettamadness","p2id":"mathhacker","formatid":"gen9nationaldexdoubles","rating":1142,"private":0,"password":""}