{"id":"gen9nationaldexdoubles-1981384259","p1":"the maraculous","p2":"Retsuna","format":"[Gen 9] National Dex Doubles","log":"|j|\u2606the maraculous\n|j|\u2606Retsuna\n|t:|1698889906\n|gametype|doubles\n|player|p1|the maraculous|dragontamer|1452\n|player|p2|Retsuna|adaman|1188\n|teamsize|p1|6\n|teamsize|p2|6\n|gen|9\n|tier|[Gen 9] National Dex Doubles\n|rated|\n|rule|HP Percentage Mod: HP is shown in percentages\n|rule|Endless Battle Clause: Forcing endless battles is banned\n|rule|OHKO Clause: OHKO moves are banned\n|rule|Evasion Moves Clause: Evasion moves are banned\n|rule|Evasion Abilities Clause: Evasion abilities are banned\n|rule|Species Clause: Limit one of each Pok\u00e9mon\n|rule|Gravity Sleep Clause: The combination of sleep-inducing moves with imperfect accuracy and Gravity or Gigantamax Orbeetle are banned\n|clearpoke\n|poke|p1|Gallade, M|\n|poke|p1|Moltres-Galar|\n|poke|p1|Charizard, M|\n|poke|p1|Comfey, M|\n|poke|p1|Goodra-Hisui, F|\n|poke|p1|Espathra, M|\n|poke|p2|Decidueye, M|\n|poke|p2|Pidgeot, F|\n|poke|p2|Volcarona, M|\n|poke|p2|Lycanroc-Dusk, F|\n|poke|p2|Kommo-o, M|\n|poke|p2|Goodra, F|\n|teampreview\n|\n|t:|1698889920\n|start\n|switch|p1a: Comfey|Comfey, M|100\/100\n|switch|p1b: Goodra|Goodra-Hisui, F|100\/100\n|switch|p2a: Decidueye|Decidueye, M, shiny|100\/100\n|switch|p2b: Goodra|Goodra, F|100\/100\n|turn|1\n|\n|t:|1698889931\n|move|p1a: Comfey|Calm Mind|p1a: Comfey\n|-boost|p1a: Comfey|spa|1\n|-boost|p1a: Comfey|spd|1\n|move|p2b: Goodra|Rain Dance|p2b: Goodra\n|-weather|RainDance\n|move|p2a: Decidueye|Poltergeist|p1a: Comfey\n|-activate|p1a: Comfey|move: Poltergeist|Big Root\n|-damage|p1a: Comfey|4\/100\n|move|p1b: Goodra|Dragon Pulse|p2b: Goodra\n|-supereffective|p2b: Goodra\n|-damage|p2b: Goodra|57\/100\n|\n|-weather|RainDance|[upkeep]\n|upkeep\n|turn|2\n|\n|t:|1698889962\n|move|p1a: Comfey|Draining Kiss|p2b: Goodra\n|-supereffective|p2b: Goodra\n|-damage|p2b: Goodra|28\/100\n|-heal|p1a: Comfey|46\/100|[from] drain|[of] p2b: Goodra\n|move|p2b: Goodra|Rest|p2b: Goodra\n|-status|p2b: Goodra|slp|[from] move: Rest\n|-heal|p2b: Goodra|100\/100 slp|[silent]\n|move|p2a: Decidueye|Poltergeist|p1a: Comfey\n|-activate|p1a: Comfey|move: Poltergeist|Big Root\n|-damage|p1a: Comfey|0 fnt\n|faint|p1a: Comfey\n|move|p1b: Goodra|Ice Beam|p2a: Decidueye\n|-supereffective|p2a: Decidueye\n|-damage|p2a: Decidueye|43\/100\n|\n|-weather|RainDance|[upkeep]\n|-activate|p2b: Goodra|ability: Hydration\n|-curestatus|p2b: Goodra|slp|[msg]\n|upkeep\n|\n|t:|1698889974\n|switch|p1a: Moltres|Moltres-Galar|100\/100\n|turn|3\n|\n|t:|1698889989\n|-terastallize|p2a: Decidueye|Dark\n|move|p1a: Moltres|Nasty Plot|p1a: Moltres\n|-boost|p1a: Moltres|spa|2\n|move|p2b: Goodra|Toxic|p1a: Moltres\n|-status|p1a: Moltres|tox\n|move|p2a: Decidueye|Poltergeist|p1b: Goodra\n|-activate|p1b: Goodra|move: Poltergeist|Assault Vest\n|-damage|p1b: Goodra|28\/100\n|move|p1b: Goodra|Ice Beam|p2a: Decidueye\n|-damage|p2a: Decidueye|14\/100\n|\n|-weather|RainDance|[upkeep]\n|-damage|p1a: Moltres|94\/100 tox|[from] psn\n|upkeep\n|turn|4\n|\n|t:|1698890015\n|move|p1a: Moltres|Fiery Wrath|p2a: Decidueye|[spread] p2a,p2b\n|-resisted|p2a: Decidueye\n|-damage|p2a: Decidueye|0 fnt\n|-damage|p2b: Goodra|71\/100\n|faint|p2a: Decidueye\n|move|p2b: Goodra|Earthquake|p1a: Moltres|[spread] p1b\n|-immune|p1a: Moltres\n|-supereffective|p1b: Goodra\n|-damage|p1b: Goodra|0 fnt\n|faint|p1b: Goodra\n|\n|-weather|RainDance|[upkeep]\n|-damage|p1a: Moltres|82\/100 tox|[from] psn\n|upkeep\n|\n|t:|1698890028\n|switch|p2a: Lycanroc|Lycanroc-Dusk, F|100\/100\n|switch|p1b: Gallade|Gallade, M|100\/100\n|turn|5\n|\n|t:|1698890041\n|-terastallize|p1a: Moltres|Dark\n|move|p2a: Lycanroc|Accelerock|p1a: Moltres\n|-damage|p1a: Moltres|54\/100 tox\n|move|p1a: Moltres|Fiery Wrath|p2a: Lycanroc|[spread] p2a,p2b\n|-enditem|p2a: Lycanroc|Focus Sash\n|-damage|p2a: Lycanroc|1\/100\n|-damage|p2b: Goodra|32\/100\n|move|p2b: Goodra|Toxic|p1b: Gallade\n|-status|p1b: Gallade|tox\n|move|p1b: Gallade|Sacred Sword|p2b: Goodra\n|-damage|p2b: Goodra|0 fnt\n|faint|p2b: Goodra\n|\n|-weather|RainDance|[upkeep]\n|-damage|p1a: Moltres|36\/100 tox|[from] psn\n|-damage|p1b: Gallade|94\/100 tox|[from] psn\n|upkeep\n|-enditem|p1a: Moltres|Sitrus Berry|[eat]\n|-heal|p1a: Moltres|61\/100 tox|[from] item: Sitrus Berry\n|\n|t:|1698890053\n|switch|p2b: Pidgeot|Pidgeot, F|100\/100\n|turn|6\n|\n|t:|1698890066\n|detailschange|p2b: Pidgeot|Pidgeot-Mega, F\n|-mega|p2b: Pidgeot|Pidgeot|Pidgeotite\n|move|p1b: Gallade|Shadow Sneak|p2a: Lycanroc\n|-damage|p2a: Lycanroc|0 fnt\n|faint|p2a: Lycanroc\n|move|p2b: Pidgeot|Hurricane|p1b: Gallade\n|-supereffective|p1b: Gallade\n|-damage|p1b: Gallade|0 fnt\n|faint|p1b: Gallade\n|move|p1a: Moltres|Agility|p1a: Moltres\n|-boost|p1a: Moltres|spe|2\n|\n|-weather|RainDance|[upkeep]\n|-damage|p1a: Moltres|36\/100 tox|[from] psn\n|upkeep\n|\n|t:|1698890079\n|switch|p2a: Volcarona|Volcarona, M|100\/100\n|switch|p1b: Espathra|Espathra, M|100\/100\n|turn|7\n|\n|t:|1698890089\n|move|p1a: Moltres|Fiery Wrath|p2a: Volcarona|[spread] p2a,p2b\n|-damage|p2a: Volcarona|32\/100\n|-damage|p2b: Pidgeot|0 fnt\n|faint|p2b: Pidgeot\n|move|p1b: Espathra|Calm Mind|p1b: Espathra\n|-boost|p1b: Espathra|spa|1\n|-boost|p1b: Espathra|spd|1\n|cant|p2a: Volcarona|flinch\n|\n|-weather|RainDance|[upkeep]\n|-damage|p1a: Moltres|6\/100 tox|[from] psn\n|-ability|p1b: Espathra|Speed Boost|boost\n|-boost|p1b: Espathra|spe|1\n|upkeep\n|\n|t:|1698890095\n|switch|p2b: Kommo-o|Kommo-o, M|100\/100\n|turn|8\n|\n|t:|1698890102\n|move|p1b: Espathra|Protect|p1b: Espathra\n|-singleturn|p1b: Espathra|Protect\n|move|p1a: Moltres|Air Slash|p2a: Volcarona|[miss]\n|-miss|p1a: Moltres|p2a: Volcarona\n|-zpower|p2b: Kommo-o\n|move|p2b: Kommo-o|Clangorous Soulblaze|p1a: Moltres|[zeffect]|[spread] p1a,p1b\n|-zbroken|p1b: Espathra\n|-damage|p1a: Moltres|0 fnt\n|-damage|p1b: Espathra|88\/100\n|faint|p1a: Moltres\n|-boost|p2b: Kommo-o|atk|1\n|-boost|p2b: Kommo-o|def|1\n|-boost|p2b: Kommo-o|spa|1\n|-boost|p2b: Kommo-o|spd|1\n|-boost|p2b: Kommo-o|spe|1\n|move|p2a: Volcarona|Fiery Dance|p1b: Espathra\n|-activate|p1b: Espathra|move: Protect\n|\n|-weather|none\n|-ability|p1b: Espathra|Speed Boost|boost\n|-boost|p1b: Espathra|spe|1\n|upkeep\n|\n|t:|1698890109\n|switch|p1a: Charizard|Charizard, M|100\/100\n|turn|9\n|\n|t:|1698890128\n|move|p1b: Espathra|Dazzling Gleam|p2b: Kommo-o|[spread] p2a,p2b\n|-resisted|p2a: Volcarona\n|-supereffective|p2b: Kommo-o\n|-damage|p2a: Volcarona|20\/100\n|-damage|p2b: Kommo-o|7\/100\n|move|p2b: Kommo-o|Aqua Tail|p1a: Charizard\n|-supereffective|p1a: Charizard\n|-damage|p1a: Charizard|2\/100\n|move|p1a: Charizard|Dragon Dance|p1a: Charizard\n|-boost|p1a: Charizard|atk|1\n|-boost|p1a: Charizard|spe|1\n|move|p2a: Volcarona|Fiery Dance|p1b: Espathra\n|-damage|p1b: Espathra|48\/100\n|\n|-ability|p1b: Espathra|Speed Boost|boost\n|-boost|p1b: Espathra|spe|1\n|upkeep\n|turn|10\n|\n|t:|1698890144\n|move|p1b: Espathra|Dazzling Gleam|p2a: Volcarona|[spread] p2a,p2b\n|-resisted|p2a: Volcarona\n|-crit|p2a: Volcarona\n|-supereffective|p2b: Kommo-o\n|-damage|p2a: Volcarona|3\/100\n|-damage|p2b: Kommo-o|0 fnt\n|faint|p2b: Kommo-o\n|move|p1a: Charizard|Fire Punch|p2a: Volcarona\n|-damage|p2a: Volcarona|0 fnt\n|faint|p2a: Volcarona\n|\n|win|the maraculous\n|raw|the maraculous's rating: 1452 &rarr; <strong>1459<\/strong><br \/>(+7 for winning)\n|raw|Retsuna's rating: 1188 &rarr; <strong>1179<\/strong><br \/>(-9 for losing)\n","uploadtime":1698890151,"views":13,"p1id":"themaraculous","p2id":"retsuna","formatid":"gen9nationaldexdoubles","rating":1179,"private":0,"password":""}