{"id":"gen9nationaldexdoubles-1976333726","p1":"JKogut","p2":"BugCatcherJameson","format":"[Gen 9] National Dex Doubles","log":"|j|\u2606JKogut\n|j|\u2606BugCatcherJameson\n|t:|1698287841\n|gametype|doubles\n|player|p1|JKogut|workerice|\n|player|p2|BugCatcherJameson|bugsy|\n|teamsize|p1|6\n|teamsize|p2|6\n|gen|9\n|tier|[Gen 9] National Dex Doubles\n|rule|HP Percentage Mod: HP is shown in percentages\n|rule|Endless Battle Clause: Forcing endless battles is banned\n|rule|OHKO Clause: OHKO moves are banned\n|rule|Evasion Moves Clause: Evasion moves are banned\n|rule|Evasion Abilities Clause: Evasion abilities are banned\n|rule|Species Clause: Limit one of each Pok\u00e9mon\n|rule|Gravity Sleep Clause: The combination of sleep-inducing moves with imperfect accuracy and Gravity or Gigantamax Orbeetle are banned\n|clearpoke\n|poke|p1|Lickilicky, F|\n|poke|p1|Skeledirge, F|\n|poke|p1|Kommo-o, F|\n|poke|p1|Kilowattrel, F|\n|poke|p1|Cresselia, F|\n|poke|p1|Grimmsnarl, M|\n|poke|p2|Volcarona, F|\n|poke|p2|Oricorio-Pom-Pom, F|\n|poke|p2|Bellossom, F|\n|poke|p2|Quaquaval, F|\n|poke|p2|Maushold-Four|\n|poke|p2|Kommo-o, M|\n|teampreview\n|inactive|Battle timer is ON: inactive players will automatically lose when time's up. (requested by BugCatcherJameson)\n|inactiveoff|Battle timer is now OFF.\n|j| Specific360\n|\n|t:|1698287882\n|start\n|switch|p1a: Groovy Barbie|Grimmsnarl, M, shiny|100\/100\n|switch|p1b: Alopecia Barbie|Skeledirge, F, shiny|100\/100\n|switch|p2a: Takes 2 to Tango|Maushold-Four|100\/100\n|switch|p2b: L\u016b\u02bbau|Kommo-o, M, shiny|100\/100\n|turn|1\n|j| ChronoTrigonometry\n|j| AustralianJesus\n|\n|t:|1698287918\n|-terastallize|p2b: L\u016b\u02bbau|Rock\n|-terastallize|p1b: Alopecia Barbie|Water\n|move|p1a: Groovy Barbie|Reflect|p1a: Groovy Barbie\n|-sidestart|p1: JKogut|Reflect\n|move|p2a: Takes 2 to Tango|Encore|p1a: Groovy Barbie\n|-start|p1a: Groovy Barbie|Encore\n|move|p2b: L\u016b\u02bbau|Rock Slide|p1b: Alopecia Barbie|[spread] p1a,p1b\n|-damage|p1a: Groovy Barbie|88\/100\n|-damage|p1b: Alopecia Barbie|89\/100\n|move|p1b: Alopecia Barbie|Torch Song|p2a: Takes 2 to Tango\n|-damage|p2a: Takes 2 to Tango|57\/100\n|-boost|p1b: Alopecia Barbie|spa|1\n|\n|-heal|p1b: Alopecia Barbie|95\/100|[from] item: Leftovers\n|upkeep\n|turn|2\n|\n|t:|1698287966\n|switch|p1b: Curvy Barbie|Lickilicky, F|100\/100\n|-ability|p1b: Curvy Barbie|Cloud Nine\n|switch|p1a: Pop Star Barbie|Kommo-o, F, shiny|100\/100\n|move|p2a: Takes 2 to Tango|Population Bomb|p1b: Curvy Barbie\n|-damage|p1b: Curvy Barbie|97\/100\n|-damage|p2a: Takes 2 to Tango|40\/100|[from] item: Rocky Helmet|[of] p1b: Curvy Barbie\n|-damage|p1b: Curvy Barbie|94\/100\n|-damage|p2a: Takes 2 to Tango|24\/100|[from] item: Rocky Helmet|[of] p1b: Curvy Barbie\n|-damage|p1b: Curvy Barbie|90\/100\n|-damage|p2a: Takes 2 to Tango|7\/100|[from] item: Rocky Helmet|[of] p1b: Curvy Barbie\n|-damage|p1b: Curvy Barbie|87\/100\n|-damage|p2a: Takes 2 to Tango|0 fnt|[from] item: Rocky Helmet|[of] p1b: Curvy Barbie\n|faint|p2a: Takes 2 to Tango\n|-hitcount|p1b: Curvy Barbie|4\n|move|p2b: L\u016b\u02bbau|Rock Slide|p1b: Curvy Barbie|[spread] p1a,p1b\n|-resisted|p1a: Pop Star Barbie\n|-damage|p1a: Pop Star Barbie|96\/100\n|-damage|p1b: Curvy Barbie|77\/100\n|\n|upkeep\n|\n|t:|1698287996\n|switch|p2a: \u30c1\u30a2\u30ea\u30fc\u30c0\u30fc|Oricorio-Pom-Pom, F|100\/100\n|turn|3\n|\n|t:|1698288041\n|move|p1b: Curvy Barbie|Helping Hand|p1a: Pop Star Barbie\n|-singleturn|p1a: Pop Star Barbie|Helping Hand|[of] p1b: Curvy Barbie\n|move|p2b: L\u016b\u02bbau|Clangorous Soul|p2b: L\u016b\u02bbau\n|-boost|p2b: L\u016b\u02bbau|atk|1\n|-boost|p2b: L\u016b\u02bbau|def|1\n|-boost|p2b: L\u016b\u02bbau|spa|1\n|-boost|p2b: L\u016b\u02bbau|spd|1\n|-boost|p2b: L\u016b\u02bbau|spe|1\n|-damage|p2b: L\u016b\u02bbau|68\/100\n|-activate|p2a: \u30c1\u30a2\u30ea\u30fc\u30c0\u30fc|ability: Dancer\n|move|p2a: \u30c1\u30a2\u30ea\u30fc\u30c0\u30fc|Clangorous Soul|p2a: \u30c1\u30a2\u30ea\u30fc\u30c0\u30fc|[from]ability: Dancer\n|-boost|p2a: \u30c1\u30a2\u30ea\u30fc\u30c0\u30fc|atk|1\n|-boost|p2a: \u30c1\u30a2\u30ea\u30fc\u30c0\u30fc|def|1\n|-boost|p2a: \u30c1\u30a2\u30ea\u30fc\u30c0\u30fc|spa|1\n|-boost|p2a: \u30c1\u30a2\u30ea\u30fc\u30c0\u30fc|spd|1\n|-boost|p2a: \u30c1\u30a2\u30ea\u30fc\u30c0\u30fc|spe|1\n|-damage|p2a: \u30c1\u30a2\u30ea\u30fc\u30c0\u30fc|68\/100\n|move|p2a: \u30c1\u30a2\u30ea\u30fc\u30c0\u30fc|Air Cutter|p1b: Curvy Barbie|[spread] p1a,p1b\n|-supereffective|p1a: Pop Star Barbie\n|-damage|p1a: Pop Star Barbie|55\/100\n|-damage|p1b: Curvy Barbie|55\/100\n|move|p1a: Pop Star Barbie|Brick Break|p2b: L\u016b\u02bbau\n|-supereffective|p2b: L\u016b\u02bbau\n|-damage|p2b: L\u016b\u02bbau|13\/100\n|\n|-heal|p2b: L\u016b\u02bbau|19\/100|[from] item: Leftovers\n|upkeep\n|turn|4\n|\n|t:|1698288072\n|move|p2b: L\u016b\u02bbau|Drain Punch|p1a: Pop Star Barbie\n|-damage|p1a: Pop Star Barbie|38\/100\n|-heal|p2b: L\u016b\u02bbau|30\/100|[from] drain|[of] p1a: Pop Star Barbie\n|move|p2a: \u30c1\u30a2\u30ea\u30fc\u30c0\u30fc|Air Cutter|p1b: Curvy Barbie|[spread] p1a,p1b\n|-supereffective|p1a: Pop Star Barbie\n|-damage|p1a: Pop Star Barbie|0 fnt\n|-damage|p1b: Curvy Barbie|34\/100\n|faint|p1a: Pop Star Barbie\n|move|p1b: Curvy Barbie|Dragon Tail|p2a: \u30c1\u30a2\u30ea\u30fc\u30c0\u30fc\n|-damage|p2a: \u30c1\u30a2\u30ea\u30fc\u30c0\u30fc|58\/100\n|drag|p2a: Hula|Bellossom, F, shiny|100\/100\n|\n|-heal|p2b: L\u016b\u02bbau|36\/100|[from] item: Leftovers\n|upkeep\n|\n|t:|1698288145\n|switch|p1a: Moon God Barbie|Cresselia, F|100\/100\n|turn|5\n|\n|t:|1698288161\n|move|p2b: L\u016b\u02bbau|Rock Slide|p1a: Moon God Barbie|[spread] p1a,p1b\n|-damage|p1a: Moon God Barbie|89\/100\n|-damage|p1b: Curvy Barbie|21\/100\n|move|p1a: Moon God Barbie|Psych Up|p2b: L\u016b\u02bbau\n|-copyboost|p1a: Moon God Barbie|p2b: L\u016b\u02bbau|[from] move: Psych Up\n|move|p2a: Hula|Dazzling Gleam|p1a: Moon God Barbie|[spread] p1a,p1b\n|-damage|p1a: Moon God Barbie|84\/100\n|-damage|p1b: Curvy Barbie|12\/100\n|cant|p1b: Curvy Barbie|flinch\n|\n|-heal|p2b: L\u016b\u02bbau|42\/100|[from] item: Leftovers\n|upkeep\n|turn|6\n|\n|t:|1698288180\n|move|p2b: L\u016b\u02bbau|Rock Slide|p1b: Curvy Barbie|[spread] \n|-miss|p2b: L\u016b\u02bbau|p1a: Moon God Barbie\n|-miss|p2b: L\u016b\u02bbau|p1b: Curvy Barbie\n|move|p1a: Moon God Barbie|Lunar Blessing|p1a: Moon God Barbie|[spread] p1a,p1b\n|-heal|p1a: Moon God Barbie|100\/100\n|-heal|p1b: Curvy Barbie|37\/100\n|move|p2a: Hula|Dazzling Gleam|p1a: Moon God Barbie|[spread] p1a,p1b\n|-damage|p1a: Moon God Barbie|96\/100\n|-damage|p1b: Curvy Barbie|29\/100\n|move|p1b: Curvy Barbie|Dragon Tail|p2b: L\u016b\u02bbau\n|-damage|p2b: L\u016b\u02bbau|34\/100\n|drag|p2b: \u30c1\u30a2\u30ea\u30fc\u30c0\u30fc|Oricorio-Pom-Pom, F|58\/100\n|\n|upkeep\n|turn|7\n|\n|t:|1698288211\n|move|p1a: Moon God Barbie|Lunar Blessing|p1a: Moon God Barbie|[spread] p1a,p1b\n|-heal|p1a: Moon God Barbie|100\/100\n|-heal|p1b: Curvy Barbie|54\/100\n|move|p2b: \u30c1\u30a2\u30ea\u30fc\u30c0\u30fc|Roost|p2b: \u30c1\u30a2\u30ea\u30fc\u30c0\u30fc\n|-heal|p2b: \u30c1\u30a2\u30ea\u30fc\u30c0\u30fc|100\/100\n|-singleturn|p2b: \u30c1\u30a2\u30ea\u30fc\u30c0\u30fc|move: Roost\n|move|p2a: Hula|Petal Dance|p1b: Curvy Barbie\n|-damage|p1b: Curvy Barbie|28\/100\n|-damage|p2a: Hula|84\/100|[from] item: Rocky Helmet|[of] p1b: Curvy Barbie\n|-activate|p2b: \u30c1\u30a2\u30ea\u30fc\u30c0\u30fc|ability: Dancer\n|move|p2b: \u30c1\u30a2\u30ea\u30fc\u30c0\u30fc|Petal Dance|p1b: Curvy Barbie|[from]ability: Dancer\n|-damage|p1b: Curvy Barbie|3\/100\n|-damage|p2b: \u30c1\u30a2\u30ea\u30fc\u30c0\u30fc|84\/100|[from] item: Rocky Helmet|[of] p1b: Curvy Barbie\n|move|p1b: Curvy Barbie|Icy Wind|p2a: Hula|[spread] p2a,p2b\n|-supereffective|p2a: Hula\n|-damage|p2a: Hula|71\/100\n|-damage|p2b: \u30c1\u30a2\u30ea\u30fc\u30c0\u30fc|73\/100\n|-unboost|p2a: Hula|spe|1\n|-unboost|p2b: \u30c1\u30a2\u30ea\u30fc\u30c0\u30fc|spe|1\n|\n|upkeep\n|turn|8\n|\n|t:|1698288273\n|move|p1b: Curvy Barbie|Helping Hand|p1a: Moon God Barbie\n|-singleturn|p1a: Moon God Barbie|Helping Hand|[of] p1b: Curvy Barbie\n|move|p1a: Moon God Barbie|Dazzling Gleam|p2a: Hula|[spread] p2a,p2b\n|-damage|p2a: Hula|50\/100\n|-damage|p2b: \u30c1\u30a2\u30ea\u30fc\u30c0\u30fc|32\/100\n|move|p2b: \u30c1\u30a2\u30ea\u30fc\u30c0\u30fc|Air Cutter|p1a: Moon God Barbie|[spread] p1a,p1b\n|-damage|p1a: Moon God Barbie|93\/100\n|-damage|p1b: Curvy Barbie|0 fnt\n|faint|p1b: Curvy Barbie\n|move|p2a: Hula|Petal Dance|p1a: Moon God Barbie|[from]lockedmove\n|-damage|p1a: Moon God Barbie|78\/100\n|-activate|p2b: \u30c1\u30a2\u30ea\u30fc\u30c0\u30fc|ability: Dancer\n|move|p2b: \u30c1\u30a2\u30ea\u30fc\u30c0\u30fc|Petal Dance|p1a: Moon God Barbie|[from]ability: Dancer\n|-damage|p1a: Moon God Barbie|64\/100\n|\n|-sideend|p1: JKogut|Reflect\n|upkeep\n|c| Specific360|Roost, it didnt have flying type\n|\n|t:|1698288290\n|switch|p1b: \"The Birds\" Barbie|Kilowattrel, F, shiny|100\/100\n|turn|9\n|\n|t:|1698288308\n|move|p2b: \u30c1\u30a2\u30ea\u30fc\u30c0\u30fc|Protect|p2b: \u30c1\u30a2\u30ea\u30fc\u30c0\u30fc\n|-singleturn|p2b: \u30c1\u30a2\u30ea\u30fc\u30c0\u30fc|Protect\n|move|p1b: \"The Birds\" Barbie|Air Cutter|p2a: Hula|[spread] p2a\n|-activate|p2b: \u30c1\u30a2\u30ea\u30fc\u30c0\u30fc|move: Protect\n|-supereffective|p2a: Hula\n|-crit|p2a: Hula\n|-damage|p2a: Hula|0 fnt\n|faint|p2a: Hula\n|move|p1a: Moon God Barbie|Dazzling Gleam|p2b: \u30c1\u30a2\u30ea\u30fc\u30c0\u30fc\n|-activate|p2b: \u30c1\u30a2\u30ea\u30fc\u30c0\u30fc|move: Protect\n|\n|upkeep\n|c| Specific360|No you used roost on that turn\n|c| Specific360|Np :)\n|c| Specific360|Quaquaval\n|\n|t:|1698288385\n|switch|p2a: Carnival|Quaquaval, F|100\/100\n|turn|10\n|\n|t:|1698288408\n|move|p1b: \"The Birds\" Barbie|Air Cutter|p2a: Carnival|[spread] p2a,p2b\n|-supereffective|p2a: Carnival\n|-resisted|p2b: \u30c1\u30a2\u30ea\u30fc\u30c0\u30fc\n|-damage|p2a: Carnival|48\/100\n|-damage|p2b: \u30c1\u30a2\u30ea\u30fc\u30c0\u30fc|17\/100\n|move|p1a: Moon God Barbie|Dazzling Gleam|p2a: Carnival|[spread] p2a,p2b\n|-supereffective|p2a: Carnival\n|-damage|p2a: Carnival|3\/100\n|-damage|p2b: \u30c1\u30a2\u30ea\u30fc\u30c0\u30fc|0 fnt\n|faint|p2b: \u30c1\u30a2\u30ea\u30fc\u30c0\u30fc\n|move|p2a: Carnival|Ice Spinner|p1b: \"The Birds\" Barbie\n|-supereffective|p1b: \"The Birds\" Barbie\n|-damage|p1b: \"The Birds\" Barbie|4\/100\n|\n|upkeep\n|\n|t:|1698288426\n|switch|p2b: L\u016b\u02bbau|Kommo-o, M, shiny, tera:Rock|34\/100\n|turn|11\n|c| Specific360|Yeah i was not serious about the duck\n|\n|t:|1698288452\n|move|p1b: \"The Birds\" Barbie|Air Cutter|p2b: L\u016b\u02bbau|[spread] p2a,p2b\n|-supereffective|p2a: Carnival\n|-resisted|p2b: L\u016b\u02bbau\n|-crit|p2b: L\u016b\u02bbau\n|-damage|p2a: Carnival|0 fnt\n|-damage|p2b: L\u016b\u02bbau|20\/100\n|faint|p2a: Carnival\n|move|p1a: Moon God Barbie|Dazzling Gleam|p2b: L\u016b\u02bbau\n|-damage|p2b: L\u016b\u02bbau|2\/100\n|move|p2b: L\u016b\u02bbau|Dragon Dance|p2b: L\u016b\u02bbau\n|-boost|p2b: L\u016b\u02bbau|atk|1\n|-boost|p2b: L\u016b\u02bbau|spe|1\n|\n|-heal|p2b: L\u016b\u02bbau|8\/100|[from] item: Leftovers\n|upkeep\n|\n|t:|1698288463\n|switch|p2a: My Bologna|Volcarona, F|100\/100\n|turn|12\n|\n|t:|1698288500\n|move|p1b: \"The Birds\" Barbie|Protect|p1b: \"The Birds\" Barbie\n|-singleturn|p1b: \"The Birds\" Barbie|Protect\n|move|p2b: L\u016b\u02bbau|Rock Slide|p1b: \"The Birds\" Barbie|[spread] p1a\n|-activate|p1b: \"The Birds\" Barbie|move: Protect\n|-damage|p1a: Moon God Barbie|51\/100\n|move|p2a: My Bologna|Quiver Dance|p2a: My Bologna\n|-boost|p2a: My Bologna|spa|1\n|-boost|p2a: My Bologna|spd|1\n|-boost|p2a: My Bologna|spe|1\n|move|p1a: Moon God Barbie|Trick Room|p1a: Moon God Barbie\n|-fieldstart|move: Trick Room|[of] p1a: Moon God Barbie\n|\n|-heal|p2b: L\u016b\u02bbau|14\/100|[from] item: Leftovers\n|upkeep\n|turn|13\n|\n|t:|1698288533\n|move|p1a: Moon God Barbie|Dazzling Gleam|p2b: L\u016b\u02bbau|[spread] p2a,p2b\n|-resisted|p2a: My Bologna\n|-damage|p2a: My Bologna|94\/100\n|-damage|p2b: L\u016b\u02bbau|0 fnt\n|faint|p2b: L\u016b\u02bbau\n|move|p1b: \"The Birds\" Barbie|Air Cutter|p2a: My Bologna\n|-supereffective|p2a: My Bologna\n|-damage|p2a: My Bologna|56\/100\n|move|p2a: My Bologna|Fiery Dance|p1b: \"The Birds\" Barbie\n|-damage|p1b: \"The Birds\" Barbie|0 fnt\n|-boost|p2a: My Bologna|spa|1\n|faint|p1b: \"The Birds\" Barbie\n|\n|-heal|p2a: My Bologna|62\/100|[from] item: Leftovers\n|upkeep\n|\n|t:|1698288547\n|switch|p1b: Groovy Barbie|Grimmsnarl, M, shiny|88\/100\n|turn|14\n|\n|t:|1698288564\n|move|p1b: Groovy Barbie|Light Screen|p1b: Groovy Barbie\n|-sidestart|p1: JKogut|move: Light Screen\n|move|p1a: Moon God Barbie|Lunar Blessing|p1a: Moon God Barbie|[spread] p1a,p1b\n|-heal|p1a: Moon God Barbie|76\/100\n|-heal|p1b: Groovy Barbie|100\/100\n|move|p2a: My Bologna|Roost|p2a: My Bologna\n|-heal|p2a: My Bologna|100\/100\n|-singleturn|p2a: My Bologna|move: Roost\n|\n|upkeep\n|turn|15\n|c| Specific360|Yeah i could see it\n|\n|t:|1698288605\n|move|p1b: Groovy Barbie|Taunt|p2a: My Bologna\n|-start|p2a: My Bologna|move: Taunt\n|move|p1a: Moon God Barbie|Dazzling Gleam|p2a: My Bologna\n|-resisted|p2a: My Bologna\n|-damage|p2a: My Bologna|92\/100\n|move|p2a: My Bologna|Fiery Dance|p1a: Moon God Barbie\n|-damage|p1a: Moon God Barbie|53\/100\n|-boost|p2a: My Bologna|spa|1\n|\n|-heal|p2a: My Bologna|99\/100|[from] item: Leftovers\n|upkeep\n|turn|16\n|\n|t:|1698288619\n|switch|p1b: Alopecia Barbie|Skeledirge, F, shiny, tera:Water|95\/100\n|move|p1a: Moon God Barbie|Lunar Blessing|p1a: Moon God Barbie|[spread] p1a,p1b\n|-heal|p1a: Moon God Barbie|78\/100\n|-heal|p1b: Alopecia Barbie|100\/100\n|move|p2a: My Bologna|Fiery Dance|p1a: Moon God Barbie\n|-damage|p1a: Moon God Barbie|51\/100\n|-boost|p2a: My Bologna|spa|1\n|\n|-heal|p2a: My Bologna|100\/100|[from] item: Leftovers\n|-fieldend|move: Trick Room\n|upkeep\n|turn|17\n|\n|t:|1698288646\n|move|p2a: My Bologna|Air Slash|p1b: Alopecia Barbie\n|-crit|p1b: Alopecia Barbie\n|-damage|p1b: Alopecia Barbie|71\/100\n|move|p1b: Alopecia Barbie|Torch Song|p2a: My Bologna\n|-damage|p2a: My Bologna|68\/100\n|-boost|p1b: Alopecia Barbie|spa|1\n|move|p1a: Moon God Barbie|Trick Room|p1a: Moon God Barbie\n|-fieldstart|move: Trick Room|[of] p1a: Moon God Barbie\n|\n|-heal|p1b: Alopecia Barbie|77\/100|[from] item: Leftovers\n|-heal|p2a: My Bologna|74\/100|[from] item: Leftovers\n|-end|p2a: My Bologna|move: Taunt\n|upkeep\n|turn|18\n|\n|t:|1698288663\n|move|p1b: Alopecia Barbie|Torch Song|p2a: My Bologna\n|-damage|p2a: My Bologna|28\/100\n|-boost|p1b: Alopecia Barbie|spa|1\n|move|p1a: Moon God Barbie|Lunar Blessing|p1a: Moon God Barbie|[spread] p1a,p1b\n|-heal|p1a: Moon God Barbie|76\/100\n|-heal|p1b: Alopecia Barbie|100\/100\n|move|p2a: My Bologna|Roost|p2a: My Bologna\n|-heal|p2a: My Bologna|79\/100\n|-singleturn|p2a: My Bologna|move: Roost\n|\n|-heal|p2a: My Bologna|85\/100|[from] item: Leftovers\n|upkeep\n|turn|19\n|\n|t:|1698288678\n|move|p1b: Alopecia Barbie|Torch Song|p2a: My Bologna\n|-damage|p2a: My Bologna|23\/100\n|-boost|p1b: Alopecia Barbie|spa|1\n|move|p1a: Moon God Barbie|Lunar Blessing|p1a: Moon God Barbie|[spread] p1a,p1b\n|-heal|p1a: Moon God Barbie|100\/100\n|move|p2a: My Bologna|Roost|p2a: My Bologna\n|-heal|p2a: My Bologna|73\/100\n|-singleturn|p2a: My Bologna|move: Roost\n|\n|-heal|p2a: My Bologna|79\/100|[from] item: Leftovers\n|upkeep\n|turn|20\n|\n|t:|1698288694\n|move|p1b: Alopecia Barbie|Torch Song|p2a: My Bologna\n|-damage|p2a: My Bologna|5\/100\n|-boost|p1b: Alopecia Barbie|spa|1\n|move|p1a: Moon God Barbie|Dazzling Gleam|p2a: My Bologna\n|-resisted|p2a: My Bologna\n|-damage|p2a: My Bologna|0 fnt\n|faint|p2a: My Bologna\n|\n|win|JKogut\n","uploadtime":1698288707,"views":20,"p1id":"jkogut","p2id":"bugcatcherjameson","formatid":"gen9nationaldexdoubles","rating":0,"private":0,"password":""}