{"id":"gen9nationaldexdoubles-1984335831","p1":"yaya_x3","p2":"realspades","format":"[Gen 9] National Dex Doubles","log":"|j|\u2606yaya_x3\n|j|\u2606realspades\n|t:|1699245488\n|gametype|doubles\n|player|p1|yaya_x3|clerkf|\n|player|p2|realspades|gambler|\n|teamsize|p1|6\n|teamsize|p2|6\n|gen|9\n|tier|[Gen 9] National Dex Doubles\n|rule|HP Percentage Mod: HP is shown in percentages\n|rule|Endless Battle Clause: Forcing endless battles is banned\n|rule|OHKO Clause: OHKO moves are banned\n|rule|Evasion Moves Clause: Evasion moves are banned\n|rule|Evasion Abilities Clause: Evasion abilities are banned\n|rule|Species Clause: Limit one of each Pok\u00e9mon\n|rule|Gravity Sleep Clause: The combination of sleep-inducing moves with imperfect accuracy and Gravity or Gigantamax Orbeetle are banned\n|clearpoke\n|poke|p1|Garbodor, M|\n|poke|p1|Landorus-Therian, M|\n|poke|p1|Audino, M|\n|poke|p1|Krookodile, F|\n|poke|p1|Indeedee-F, F|\n|poke|p1|Aegislash, M|\n|poke|p2|Rillaboom, F|\n|poke|p2|Ursaluna-Bloodmoon, M|\n|poke|p2|Meowscarada, F|\n|poke|p2|Kleavor, F|\n|poke|p2|Roaring Moon|\n|poke|p2|Basculegion, M|\n|teampreview\n|j| decidoustree\n|c|\u2606realspades|kk\n|c|\u2606yaya_x3|lol\n|c|\u2606realspades|hmm\n|\n|t:|1699245538\n|start\n|switch|p1a: Garbodor|Garbodor, M|100\/100\n|switch|p1b: Landorus|Landorus-Therian, M|100\/100\n|switch|p2a: Meowscarada|Meowscarada, F|100\/100\n|switch|p2b: Roaring Moon|Roaring Moon|100\/100\n|-ability|p1b: Landorus|Intimidate|boost\n|-unboost|p2a: Meowscarada|atk|1\n|-unboost|p2b: Roaring Moon|atk|1\n|-item|p1a: Garbodor|Air Balloon\n|-enditem|p2b: Roaring Moon|Booster Energy\n|-activate|p2b: Roaring Moon|ability: Protosynthesis|[fromitem]\n|-start|p2b: Roaring Moon|protosynthesisspe\n|turn|1\n|c|\u2606yaya_x3|air balloon for earthquake\n|c|\u2606yaya_x3|and\n|c|\u2606yaya_x3|yeah\n|c| decidoustree|ohh\n|\n|t:|1699245600\n|move|p2b: Roaring Moon|Protect|p2b: Roaring Moon\n|-singleturn|p2b: Roaring Moon|Protect\n|move|p2a: Meowscarada|Protect|p2a: Meowscarada\n|-start|p2a: Meowscarada|typechange|Normal|[from] ability: Protean\n|-singleturn|p2a: Meowscarada|Protect\n|move|p1b: Landorus|U-turn|p2a: Meowscarada\n|-activate|p2a: Meowscarada|move: Protect\n|move|p1a: Garbodor|Toxic Spikes|p2b: Roaring Moon\n|-sidestart|p2: realspades|move: Toxic Spikes\n|\n|upkeep\n|turn|2\n|\n|t:|1699245625\n|move|p2b: Roaring Moon|Breaking Swipe|p1b: Landorus|[spread] p1a,p1b\n|-damage|p1a: Garbodor|85\/100\n|-damage|p1b: Landorus|83\/100\n|-unboost|p1a: Garbodor|atk|1\n|-unboost|p1b: Landorus|atk|1\n|-ability|p1a: Garbodor|Weak Armor|boost\n|-unboost|p1a: Garbodor|def|1\n|-boost|p1a: Garbodor|spe|2\n|-enditem|p1a: Garbodor|Air Balloon\n|move|p1b: Landorus|U-turn|p2b: Roaring Moon\n|-supereffective|p2b: Roaring Moon\n|-damage|p2b: Roaring Moon|60\/100\n|\n|t:|1699245641\n|switch|p1b: Krookodile|Krookodile, F|100\/100|[from] U-turn\n|-ability|p1b: Krookodile|Intimidate|boost\n|-unboost|p2a: Meowscarada|atk|1\n|-unboost|p2b: Roaring Moon|atk|1\n|move|p1a: Garbodor|Toxic Spikes|p2b: Roaring Moon\n|-sidestart|p2: realspades|move: Toxic Spikes\n|move|p2a: Meowscarada|Toxic Spikes|p1a: Garbodor\n|-sidestart|p1: yaya_x3|move: Toxic Spikes\n|\n|upkeep\n|turn|3\n|\n|t:|1699245688\n|switch|p2a: Basculegion|Basculegion, M|100\/100\n|-status|p2a: Basculegion|tox\n|move|p1b: Krookodile|Protect|p1b: Krookodile\n|-singleturn|p1b: Krookodile|Protect\n|move|p2b: Roaring Moon|Acrobatics|p1b: Krookodile\n|-activate|p1b: Krookodile|move: Protect\n|move|p1a: Garbodor|Spikes|p2b: Roaring Moon\n|-sidestart|p2: realspades|Spikes\n|\n|-damage|p2a: Basculegion|94\/100 tox|[from] psn\n|upkeep\n|turn|4\n|c|\u2606yaya_x3|hmm\n|c|\u2606yaya_x3|while we battle i gotta adjust items\n|\n|t:|1699245732\n|switch|p1b: Landorus|Landorus-Therian, M|83\/100\n|-ability|p1b: Landorus|Intimidate|boost\n|-unboost|p2a: Basculegion|atk|1\n|-unboost|p2b: Roaring Moon|atk|1\n|move|p2b: Roaring Moon|Tailwind|p2b: Roaring Moon\n|-sidestart|p2: realspades|move: Tailwind\n|move|p1a: Garbodor|Spikes|p2b: Roaring Moon\n|-sidestart|p2: realspades|Spikes\n|move|p2a: Basculegion|Wave Crash|p1b: Landorus\n|-supereffective|p1b: Landorus\n|-damage|p1b: Landorus|0 fnt\n|faint|p1b: Landorus\n|-damage|p2a: Basculegion|75\/100 tox|[from] Recoil\n|\n|-damage|p2a: Basculegion|63\/100 tox|[from] psn\n|upkeep\n|c|\u2606yaya_x3|yeah i saw that\n|c|\u2606yaya_x3|gotta lower attack\n|\n|t:|1699245765\n|switch|p1b: Indeedee|Indeedee-F, F|100\/100\n|-status|p1b: Indeedee|psn\n|-fieldstart|move: Psychic Terrain|[from] ability: Psychic Surge|[of] p1b: Indeedee\n|turn|5\n|c|\u2606yaya_x3|hmmmm\n|\n|t:|1699245796\n|-end|p2b: Roaring Moon|Protosynthesis|[silent]\n|switch|p2b: Meowscarada|Meowscarada, F|100\/100\n|switch|p1a: Krookodile|Krookodile, F|100\/100\n|-status|p1a: Krookodile|psn\n|-ability|p1a: Krookodile|Intimidate|boost\n|-unboost|p2a: Basculegion|atk|1\n|-unboost|p2b: Meowscarada|atk|1\n|move|p2a: Basculegion|Psychic Fangs|p1a: Krookodile\n|-immune|p1a: Krookodile\n|move|p1b: Indeedee|Calm Mind|p1b: Indeedee\n|-boost|p1b: Indeedee|spa|1\n|-boost|p1b: Indeedee|spd|1\n|\n|-damage|p2a: Basculegion|44\/100 tox|[from] psn\n|-damage|p1b: Indeedee|88\/100 psn|[from] psn\n|-damage|p1a: Krookodile|88\/100 psn|[from] psn\n|upkeep\n|turn|6\n|c|\u2606realspades|mhmhm\n|\n|t:|1699245828\n|move|p1a: Krookodile|Protect|p1a: Krookodile\n|-singleturn|p1a: Krookodile|Protect\n|move|p2b: Meowscarada|Flower Trick|p1a: Krookodile\n|-start|p2b: Meowscarada|typechange|Grass|[from] ability: Protean\n|-activate|p1a: Krookodile|move: Protect\n|move|p2a: Basculegion|Last Respects|p1b: Indeedee\n|-immune|p1b: Indeedee\n|move|p1b: Indeedee|Baton Pass|p1b: Indeedee\n|\n|t:|1699245840\n|switch|p1b: Aegislash|Aegislash, M|100\/100|[from] Baton Pass\n|\n|-heal|p1a: Krookodile|94\/100 psn|[from] item: Leftovers\n|-damage|p2a: Basculegion|20\/100 tox|[from] psn\n|-damage|p1a: Krookodile|82\/100 psn|[from] psn\n|upkeep\n|turn|7\n|c|\u2606realspades|oh yea normal\n|c|\u2606yaya_x3|yeah\n|c|\u2606yaya_x3|u can\n|c|\u2606realspades|im the best player alive tbh\n|c|\u2606yaya_x3|hold their pic right?\n|c|\u2606realspades|yea i can\n|c| decidoustree|so true spades tru\n|\n|t:|1699245892\n|move|p1b: Aegislash|King's Shield|p1b: Aegislash\n|-singleturn|p1b: Aegislash|Protect\n|move|p2b: Meowscarada|Toxic Spikes|p1a: Krookodile\n|-sidestart|p1: yaya_x3|move: Toxic Spikes\n|move|p2a: Basculegion|Wave Crash|p1a: Krookodile\n|-supereffective|p1a: Krookodile\n|-damage|p1a: Krookodile|4\/100 psn\n|-damage|p2a: Basculegion|1\/100 tox|[from] Recoil\n|move|p1a: Krookodile|Earthquake|p2a: Basculegion|[spread] p2a,p2b\n|-activate|p1b: Aegislash|move: Protect\n|-resisted|p2b: Meowscarada\n|-damage|p2a: Basculegion|0 fnt\n|-damage|p2b: Meowscarada|67\/100\n|faint|p2a: Basculegion\n|\n|-heal|p1a: Krookodile|10\/100 psn|[from] item: Leftovers\n|-damage|p1a: Krookodile|0 fnt|[from] psn\n|faint|p1a: Krookodile\n|-sideend|p2: realspades|move: Tailwind\n|upkeep\n|\n|t:|1699245927\n|switch|p1a: Garbodor|Garbodor, M|85\/100\n|switch|p2a: Ursaluna|Ursaluna-Bloodmoon, M|100\/100\n|-sideend|p1: yaya_x3|move: Toxic Spikes|[of] p1a: Garbodor\n|-status|p2a: Ursaluna|tox\n|-damage|p2a: Ursaluna|84\/100 tox|[from] Spikes\n|turn|8\n|\n|t:|1699245947\n|switch|p1a: Audino|Audino, M|100\/100\n|move|p2b: Meowscarada|Knock Off|p1b: Aegislash\n|-supereffective|p1b: Aegislash\n|-damage|p1b: Aegislash|60\/100\n|-enditem|p1b: Aegislash|Life Orb|[from] move: Knock Off|[of] p2b: Meowscarada\n|move|p1b: Aegislash|Autotomize|p1b: Aegislash\n|-boost|p1b: Aegislash|spe|2\n|-start|p1b: Aegislash|Autotomize\n|move|p2a: Ursaluna|Blood Moon|p1a: Audino\n|-damage|p1a: Audino|49\/100\n|\n|-heal|p2a: Ursaluna|90\/100 tox|[from] item: Leftovers\n|-damage|p2a: Ursaluna|84\/100 tox|[from] psn\n|upkeep\n|turn|9\n|\n|t:|1699245990\n|detailschange|p1a: Audino|Audino-Mega, M\n|-mega|p1a: Audino|Audino|Audinite\n|move|p2b: Meowscarada|Protect|p2b: Meowscarada\n|-singleturn|p2b: Meowscarada|Protect\n|-formechange|p1b: Aegislash|Aegislash-Blade||[from] ability: Stance Change\n|move|p1b: Aegislash|Shadow Ball|p2b: Meowscarada\n|-activate|p2b: Meowscarada|move: Protect\n|move|p2a: Ursaluna|Hyper Voice|p1b: Aegislash|[spread] p1a,p1b\n|-resisted|p1b: Aegislash\n|-damage|p1a: Audino|27\/100\n|-damage|p1b: Aegislash|28\/100\n|move|p1a: Audino|Wish|p1a: Audino\n|\n|-heal|p2a: Ursaluna|90\/100 tox|[from] item: Leftovers\n|-damage|p2a: Ursaluna|78\/100 tox|[from] psn\n|-fieldend|move: Psychic Terrain\n|upkeep\n|turn|10\n|c|\u2606yaya_x3|im not doing great\n|c|\u2606yaya_x3|sed\n|\n|t:|1699246029\n|switch|p2b: Rillaboom|Rillaboom, F|100\/100\n|-status|p2b: Rillaboom|tox\n|-damage|p2b: Rillaboom|84\/100 tox|[from] Spikes\n|-fieldstart|move: Grassy Terrain|[from] ability: Grassy Surge|[of] p2b: Rillaboom\n|-formechange|p1b: Aegislash|Aegislash||[from] ability: Stance Change\n|move|p1b: Aegislash|King's Shield|p1b: Aegislash\n|-singleturn|p1b: Aegislash|Protect\n|move|p1a: Audino|Protect|p1a: Audino\n|-singleturn|p1a: Audino|Protect\n|move|p2a: Ursaluna|Hyper Voice|p1a: Audino|[spread] \n|-activate|p1a: Audino|move: Protect\n|-activate|p1b: Aegislash|move: Protect\n|\n|-heal|p1a: Audino|77\/100|[from] move: Wish|[wisher] Audino\n|-heal|p1b: Aegislash|34\/100|[from] Grassy Terrain\n|-heal|p2b: Rillaboom|90\/100 tox|[from] Grassy Terrain\n|-heal|p2a: Ursaluna|84\/100 tox|[from] Grassy Terrain\n|-heal|p2a: Ursaluna|90\/100 tox|[from] item: Leftovers\n|-heal|p1a: Audino|83\/100|[from] Grassy Terrain\n|-damage|p2b: Rillaboom|84\/100 tox|[from] psn\n|-damage|p2a: Ursaluna|72\/100 tox|[from] psn\n|upkeep\n|turn|11\n|c| decidoustree|i believe in u\n|\n|t:|1699246062\n|move|p2b: Rillaboom|Fake Out|p1a: Audino\n|-damage|p1a: Audino|74\/100\n|-formechange|p1b: Aegislash|Aegislash-Blade||[from] ability: Stance Change\n|move|p1b: Aegislash|Flash Cannon|p2a: Ursaluna\n|-damage|p2a: Ursaluna|0 fnt\n|faint|p2a: Ursaluna\n|cant|p1a: Audino|flinch\n|\n|-heal|p1b: Aegislash|40\/100|[from] Grassy Terrain\n|-heal|p2b: Rillaboom|90\/100 tox|[from] Grassy Terrain\n|-heal|p1a: Audino|80\/100|[from] Grassy Terrain\n|-damage|p2b: Rillaboom|78\/100 tox|[from] psn\n|upkeep\n|c|\u2606realspades|oh\n|c|\u2606realspades|was p obv tbh\n|c|\u2606yaya_x3|yeah\n|\n|t:|1699246100\n|switch|p2a: Meowscarada|Meowscarada, F|67\/100\n|turn|12\n|\n|t:|1699246139\n|switch|p1a: Indeedee|Indeedee-F, F|88\/100 psn\n|-fieldstart|move: Psychic Terrain|[from] ability: Psychic Surge|[of] p1a: Indeedee\n|move|p2a: Meowscarada|Protect|p2a: Meowscarada\n|-start|p2a: Meowscarada|typechange|Normal|[from] ability: Protean\n|-singleturn|p2a: Meowscarada|Protect\n|move|p1b: Aegislash|Flash Cannon|p2a: Meowscarada\n|-activate|p2a: Meowscarada|move: Protect\n|move|p2b: Rillaboom|U-turn|p1a: Indeedee\n|-supereffective|p1a: Indeedee\n|-damage|p1a: Indeedee|22\/100 psn\n|\n|t:|1699246165\n|switch|p2b: Kleavor|Kleavor, F|100\/100|[from] U-turn\n|-status|p2b: Kleavor|tox\n|-damage|p2b: Kleavor|84\/100 tox|[from] Spikes\n|\n|-heal|p1a: Indeedee|28\/100 psn|[from] item: Leftovers\n|-damage|p1a: Indeedee|16\/100 psn|[from] psn\n|-damage|p2b: Kleavor|78\/100 tox|[from] psn\n|upkeep\n|turn|13\n|\n|t:|1699246194\n|switch|p2a: Roaring Moon|Roaring Moon|60\/100\n|-status|p2a: Roaring Moon|tox\n|-damage|p2a: Roaring Moon|43\/100 tox|[from] Spikes\n|switch|p1a: Garbodor|Garbodor, M|85\/100\n|move|p1b: Aegislash|Flash Cannon|p2b: Kleavor\n|-supereffective|p2b: Kleavor\n|-damage|p2b: Kleavor|0 fnt\n|faint|p2b: Kleavor\n|\n|-damage|p2a: Roaring Moon|37\/100 tox|[from] psn\n|upkeep\n|\n|t:|1699246217\n|switch|p2b: Rillaboom|Rillaboom, F|78\/100 tox\n|-damage|p2b: Rillaboom|61\/100 tox|[from] Spikes\n|-fieldstart|move: Grassy Terrain|[from] ability: Grassy Surge|[of] p2b: Rillaboom\n|turn|14\n|c|\u2606yaya_x3|honestly\n|\n|t:|1699246262\n|switch|p1a: Indeedee|Indeedee-F, F|16\/100 psn\n|-fieldstart|move: Psychic Terrain|[from] ability: Psychic Surge|[of] p1a: Indeedee\n|move|p2b: Rillaboom|Fake Out|p1b: Aegislash\n|-activate|p1b: Aegislash|move: Psychic Terrain\n|move|p1b: Aegislash|Flash Cannon|p2a: Roaring Moon\n|-damage|p2a: Roaring Moon|0 fnt\n|faint|p2a: Roaring Moon\n|-end|p2a: Roaring Moon|Protosynthesis|[silent]\n|\n|-heal|p1a: Indeedee|22\/100 psn|[from] item: Leftovers\n|-damage|p1a: Indeedee|10\/100 psn|[from] psn\n|-damage|p2b: Rillaboom|55\/100 tox|[from] psn\n|upkeep\n|c|\u2606yaya_x3|aeigslash is gamble\n|c|\u2606realspades|i forgot\n|c|\u2606realspades|i knew about it\n|c|\u2606realspades|but still did it\n|\n|t:|1699246283\n|switch|p2a: Meowscarada|Meowscarada, F|67\/100\n|turn|15\n|c| decidoustree|i do that a lot\n|\n|t:|1699246313\n|-formechange|p1b: Aegislash|Aegislash||[from] ability: Stance Change\n|move|p1b: Aegislash|King's Shield|p1b: Aegislash\n|-singleturn|p1b: Aegislash|Protect\n|move|p2a: Meowscarada|Knock Off|p1b: Aegislash\n|-start|p2a: Meowscarada|typechange|Dark|[from] ability: Protean\n|-activate|p1b: Aegislash|move: Protect\n|-unboost|p2a: Meowscarada|atk|1\n|move|p1a: Indeedee|Dazzling Gleam|p2b: Rillaboom|[spread] p2a,p2b\n|-supereffective|p2a: Meowscarada\n|-crit|p2b: Rillaboom\n|-damage|p2a: Meowscarada|24\/100\n|-damage|p2b: Rillaboom|41\/100 tox\n|move|p2b: Rillaboom|U-turn|p1a: Indeedee\n|-supereffective|p1a: Indeedee\n|-damage|p1a: Indeedee|0 fnt\n|faint|p1a: Indeedee\n|\n|-damage|p2b: Rillaboom|29\/100 tox|[from] psn\n|upkeep\n|\n|t:|1699246341\n|switch|p1a: Garbodor|Garbodor, M|85\/100\n|turn|16\n|\n|t:|1699246374\n|-formechange|p1b: Aegislash|Aegislash-Blade||[from] ability: Stance Change\n|move|p1b: Aegislash|Flash Cannon|p2a: Meowscarada\n|-damage|p2a: Meowscarada|0 fnt\n|faint|p2a: Meowscarada\n|move|p1a: Garbodor|Acid Spray|p2b: Rillaboom\n|-supereffective|p2b: Rillaboom\n|-damage|p2b: Rillaboom|17\/100 tox\n|-unboost|p2b: Rillaboom|spd|2\n|move|p2b: Rillaboom|U-turn|p1b: Aegislash\n|-resisted|p1b: Aegislash\n|-damage|p1b: Aegislash|28\/100\n|\n|-damage|p2b: Rillaboom|0 fnt|[from] psn\n|faint|p2b: Rillaboom\n|\n|win|yaya_x3\n|upkeep\n|c|\u2606yaya_x3|automize was crucial\n|c|\u2606realspades|gg\n|c|\u2606realspades|yeaa\n|c|\u2606realspades|it was\n|c|\u2606yaya_x3|and like\n|c| decidoustree|ggs\n|c|\u2606yaya_x3|you attacking aeig is mega gamble\n|c|\u2606yaya_x3|it coulda go either ways\n|c|\u2606yaya_x3|i don't feel confident with this team yet\n|c|\u2606realspades|wpwp\n|c|\u2606yaya_x3|needs adjusting more\n|c|\u2606yaya_x3|u have more team?\n|c|\u2606realspades|yea\n|c|\u2606realspades|one more\n|c|\u2606yaya_x3|give me one min to adjust i ping in discorx\n|c|\u2606yaya_x3|discord\n|c|\u2606realspades|kk\n|l|\u2606yaya_x3\n|l|\u2606realspades\n|l| decidoustree\n|j| decidoustree\n","uploadtime":1699246466,"views":17,"p1id":"yayax3","p2id":"realspades","formatid":"gen9nationaldexdoubles","rating":0,"private":0,"password":""}