{"id":"gen9nationaldexdoubles-1998600217","p1":"Zane_Zeek4213","p2":"Inkubone","format":"[Gen 9] National Dex Doubles","log":"|j|\u2606Zane_Zeek4213\n|j|\u2606Inkubone\n|t:|1700961390\n|gametype|doubles\n|player|p1|Zane_Zeek4213|101|1086\n|player|p2|Inkubone|yellow|1088\n|teamsize|p1|6\n|teamsize|p2|6\n|gen|9\n|tier|[Gen 9] National Dex Doubles\n|rated|\n|rule|HP Percentage Mod: HP is shown in percentages\n|rule|Endless Battle Clause: Forcing endless battles is banned\n|rule|OHKO Clause: OHKO moves are banned\n|rule|Evasion Moves Clause: Evasion moves are banned\n|rule|Evasion Abilities Clause: Evasion abilities are banned\n|rule|Species Clause: Limit one of each Pok\u00e9mon\n|rule|Gravity Sleep Clause: The combination of sleep-inducing moves with imperfect accuracy and Gravity or Gigantamax Orbeetle are banned\n|clearpoke\n|poke|p1|Alakazam, F|\n|poke|p1|Indeedee-F, F|\n|poke|p1|Gholdengo|\n|poke|p1|Gyarados, F|\n|poke|p1|Hydreigon, M|\n|poke|p1|Tornadus, M|\n|poke|p2|Greninja-*, M|\n|poke|p2|Politoed, M|\n|poke|p2|Seismitoad, M|\n|poke|p2|Bellibolt, F|\n|poke|p2|Venusaur, F|\n|poke|p2|Toxicroak, M|\n|teampreview\n|\n|t:|1700961412\n|start\n|switch|p1a: Alakazam|Alakazam, F, shiny|100\/100\n|switch|p1b: Indeedee|Indeedee-F, F|100\/100\n|switch|p2a: ninja|Greninja, M|100\/100\n|switch|p2b: Seismi|Seismitoad, M|100\/100\n|-fieldstart|move: Psychic Terrain|[from] ability: Psychic Surge|[of] p1b: Indeedee\n|turn|1\n|\n|t:|1700961436\n|move|p1a: Alakazam|Protect|p1a: Alakazam\n|-singleturn|p1a: Alakazam|Protect\n|move|p2a: ninja|U-turn|p1a: Alakazam\n|-start|p2a: ninja|typechange|Bug|[from] ability: Protean\n|-activate|p1a: Alakazam|move: Protect\n|move|p2b: Seismi|Knock Off|p1b: Indeedee\n|-supereffective|p1b: Indeedee\n|-damage|p1b: Indeedee|22\/100\n|-damage|p2b: Seismi|84\/100|[from] item: Rocky Helmet|[of] p1b: Indeedee\n|-enditem|p1b: Indeedee|Rocky Helmet|[from] move: Knock Off|[of] p2b: Seismi\n|move|p1b: Indeedee|Dazzling Gleam|p2a: ninja|[spread] p2a,p2b\n|-damage|p2a: ninja|80\/100\n|-damage|p2b: Seismi|67\/100\n|\n|upkeep\n|turn|2\n|\n|t:|1700961469\n|move|p1b: Indeedee|Follow Me|p1b: Indeedee\n|-singleturn|p1b: Indeedee|move: Follow Me\n|move|p2a: ninja|U-turn|p1b: Indeedee\n|-supereffective|p1b: Indeedee\n|-damage|p1b: Indeedee|0 fnt\n|faint|p1b: Indeedee\n|\n|t:|1700961477\n|switch|p2a: Poli|Politoed, M|100\/100|[from] U-turn\n|-weather|RainDance|[from] ability: Drizzle|[of] p2a: Poli\n|move|p2b: Seismi|Knock Off|p1a: Alakazam\n|-supereffective|p1a: Alakazam\n|-enditem|p1a: Alakazam|Focus Sash\n|-damage|p1a: Alakazam|1\/100\n|move|p1a: Alakazam|Expanding Force|p2b: Seismi|[spread] p2a,p2b\n|-damage|p2a: Poli|45\/100\n|-damage|p2b: Seismi|0 fnt\n|faint|p2b: Seismi\n|\n|-weather|RainDance|[upkeep]\n|upkeep\n|\n|t:|1700961491\n|switch|p2b: ninja|Greninja, M|80\/100\n|switch|p1b: Tornadus|Tornadus, M|100\/100\n|turn|3\n|\n|t:|1700961512\n|move|p1a: Alakazam|Protect|p1a: Alakazam\n|-singleturn|p1a: Alakazam|Protect\n|move|p1b: Tornadus|Tailwind|p1b: Tornadus\n|-sidestart|p1: Zane_Zeek4213|move: Tailwind\n|move|p2b: ninja|Liquidation|p1a: Alakazam\n|-start|p2b: ninja|typechange|Water|[from] ability: Protean\n|-activate|p1a: Alakazam|move: Protect\n|move|p2a: Poli|Ice Beam|p1b: Tornadus\n|-supereffective|p1b: Tornadus\n|-damage|p1b: Tornadus|41\/100\n|\n|-weather|RainDance|[upkeep]\n|upkeep\n|turn|4\n|\n|t:|1700961542\n|switch|p1b: Gholdengo|Gholdengo|100\/100\n|switch|p2b: bolt|Bellibolt, F|100\/100\n|move|p1a: Alakazam|Expanding Force|p2b: bolt|[spread] p2a,p2b\n|-damage|p2a: Poli|0 fnt\n|-damage|p2b: bolt|39\/100\n|-start|p2b: bolt|Charge|Expanding Force|[from] ability: Electromorphosis\n|faint|p2a: Poli\n|\n|-weather|RainDance|[upkeep]\n|-heal|p2b: bolt|46\/100|[from] item: Leftovers\n|upkeep\n|\n|t:|1700961551\n|switch|p2a: ninja|Greninja, M|80\/100\n|turn|5\n|\n|t:|1700961577\n|move|p1a: Alakazam|Protect|p1a: Alakazam\n|-singleturn|p1a: Alakazam|Protect\n|move|p1b: Gholdengo|Make It Rain|p2b: bolt|[spread] p2a,p2b\n|-resisted|p2a: ninja\n|-resisted|p2b: bolt\n|-damage|p2a: ninja|33\/100\n|-damage|p2b: bolt|13\/100\n|-unboost|p1b: Gholdengo|spa|1\n|-start|p2b: bolt|Charge|Make It Rain|[from] ability: Electromorphosis\n|-enditem|p2a: ninja|Sitrus Berry|[eat]\n|-heal|p2a: ninja|58\/100|[from] item: Sitrus Berry\n|move|p2a: ninja|Liquidation|p1b: Gholdengo\n|-start|p2a: ninja|typechange|Water|[from] ability: Protean\n|-damage|p1b: Gholdengo|52\/100\n|-unboost|p1b: Gholdengo|def|1\n|move|p2b: bolt|Thunder|p1b: Gholdengo\n|-damage|p1b: Gholdengo|0 fnt\n|faint|p1b: Gholdengo\n|-end|p2b: bolt|Charge|[silent]\n|\n|-weather|RainDance|[upkeep]\n|-heal|p2b: bolt|19\/100|[from] item: Leftovers\n|-fieldend|move: Psychic Terrain\n|upkeep\n|\n|t:|1700961601\n|switch|p1b: Tornadus|Tornadus, M|41\/100\n|turn|6\n|\n|t:|1700961623\n|move|p2a: ninja|Shadow Sneak|p1a: Alakazam\n|-supereffective|p1a: Alakazam\n|-damage|p1a: Alakazam|0 fnt\n|faint|p1a: Alakazam\n|move|p1b: Tornadus|Icy Wind|p2b: bolt|[spread] p2a,p2b\n|-resisted|p2a: ninja\n|-damage|p2a: ninja|48\/100\n|-damage|p2b: bolt|8\/100\n|-unboost|p2a: ninja|spe|1\n|-unboost|p2b: bolt|spe|1\n|-start|p2b: bolt|Charge|Icy Wind|[from] ability: Electromorphosis\n|move|p2b: bolt|Slack Off|p2b: bolt\n|-heal|p2b: bolt|58\/100\n|\n|-weather|RainDance|[upkeep]\n|-heal|p2b: bolt|64\/100|[from] item: Leftovers\n|-sideend|p1: Zane_Zeek4213|move: Tailwind\n|upkeep\n|\n|t:|1700961633\n|switch|p1a: Gyarados|Gyarados, F, shiny|100\/100\n|-ability|p1a: Gyarados|Intimidate|boost\n|-unboost|p2a: ninja|atk|1\n|-unboost|p2b: bolt|atk|1\n|turn|7\n|\n|t:|1700961646\n|switch|p2a: Venu|Venusaur, F|100\/100\n|move|p1b: Tornadus|Icy Wind|p2b: bolt|[spread] p2a,p2b\n|-supereffective|p2a: Venu\n|-damage|p2a: Venu|79\/100\n|-damage|p2b: bolt|54\/100\n|-unboost|p2a: Venu|spe|1\n|-unboost|p2b: bolt|spe|1\n|-start|p2b: bolt|Charge|Icy Wind|[from] ability: Electromorphosis\n|move|p1a: Gyarados|Waterfall|p2b: bolt\n|-damage|p2b: bolt|11\/100\n|-start|p2b: bolt|Charge|Waterfall|[from] ability: Electromorphosis\n|move|p2b: bolt|Parabolic Charge|p1a: Gyarados|[spread] p2a,p1a,p1b\n|-resisted|p2a: Venu\n|-crit|p2a: Venu\n|-supereffective|p1a: Gyarados\n|-supereffective|p1b: Tornadus\n|-damage|p2a: Venu|49\/100\n|-heal|p2b: bolt|24\/100|[from] drain|[of] p2a: Venu\n|-damage|p1a: Gyarados|0 fnt\n|-heal|p2b: bolt|71\/100|[from] drain|[of] p1a: Gyarados\n|-damage|p1b: Tornadus|0 fnt\n|-heal|p2b: bolt|87\/100|[from] drain|[of] p1b: Tornadus\n|faint|p1a: Gyarados\n|faint|p1b: Tornadus\n|-end|p2b: bolt|Charge|[silent]\n|\n|-weather|RainDance|[upkeep]\n|-heal|p2b: bolt|93\/100|[from] item: Leftovers\n|upkeep\n|\n|t:|1700961666\n|switch|p1b: Hydreigon|Hydreigon, M|100\/100\n|turn|8\n|\n|t:|1700961685\n|detailschange|p2a: Venu|Venusaur-Mega, F\n|-mega|p2a: Venu|Venusaur|Venusaurite\n|-terastallize|p1b: Hydreigon|Steel\n|move|p1b: Hydreigon|Focus Energy|p1b: Hydreigon\n|-start|p1b: Hydreigon|move: Focus Energy\n|move|p2a: Venu|Leech Seed|p1b: Hydreigon|[miss]\n|-miss|p2a: Venu|p1b: Hydreigon\n|move|p2b: bolt|Thunder|p1b: Hydreigon\n|-damage|p1b: Hydreigon|52\/100\n|\n|-weather|RainDance|[upkeep]\n|-heal|p2b: bolt|99\/100|[from] item: Leftovers\n|upkeep\n|turn|9\n|\n|t:|1700961704\n|move|p2a: Venu|Protect|p2a: Venu\n|-singleturn|p2a: Venu|Protect\n|move|p1b: Hydreigon|Heat Wave|p2a: Venu|[spread] p2b\n|-activate|p2a: Venu|move: Protect\n|-crit|p2b: bolt\n|-damage|p2b: bolt|82\/100\n|-start|p2b: bolt|Charge|Heat Wave|[from] ability: Electromorphosis\n|move|p2b: bolt|Thunder|p1b: Hydreigon\n|-damage|p1b: Hydreigon|0 fnt\n|faint|p1b: Hydreigon\n|-end|p2b: bolt|Charge|[silent]\n|\n|win|Inkubone\n|raw|Zane_Zeek4213's rating: 1086 &rarr; <strong>1063<\/strong><br \/>(-23 for losing)\n|raw|Inkubone's rating: 1088 &rarr; <strong>1115<\/strong><br \/>(+27 for winning)\n|l|\u2606Zane_Zeek4213\n","uploadtime":1700961719,"views":0,"p1id":"zanezeek4213","p2id":"inkubone","formatid":"gen9nationaldexdoubles","rating":1063,"private":0,"password":""}