{"id":"gen9nationaldexdoubles-1959909836","p1":"impastabot4000","p2":"winlike","format":"[Gen 9] National Dex Doubles","log":"|j|\u2606impastabot4000\n|j|\u2606winlike\n|t:|1696467636\n|gametype|doubles\n|player|p1|impastabot4000|nate|1372\n|player|p2|winlike|red|1361\n|teamsize|p1|6\n|teamsize|p2|6\n|gen|9\n|tier|[Gen 9] National Dex Doubles\n|rated|\n|rule|HP Percentage Mod: HP is shown in percentages\n|rule|Endless Battle Clause: Forcing endless battles is banned\n|rule|OHKO Clause: OHKO moves are banned\n|rule|Evasion Moves Clause: Evasion moves are banned\n|rule|Evasion Abilities Clause: Evasion abilities are banned\n|rule|Species Clause: Limit one of each Pok\u00e9mon\n|rule|Gravity Sleep Clause: The combination of sleep-inducing moves with imperfect accuracy and Gravity or Gigantamax Orbeetle are banned\n|clearpoke\n|poke|p1|Salamence, F|\n|poke|p1|Flutter Mane|\n|poke|p1|Rillaboom, F|\n|poke|p1|Volcanion|\n|poke|p1|Chien-Pao|\n|poke|p1|Ogerpon-Cornerstone, F|\n|poke|p2|Charizard, F|\n|poke|p2|Flutter Mane|\n|poke|p2|Tornadus, M|\n|poke|p2|Ogerpon-Hearthflame, F|\n|poke|p2|Rillaboom, F|\n|poke|p2|Incineroar, F|\n|teampreview\n|inactive|Battle timer is ON: inactive players will automatically lose when time's up. (requested by impastabot4000)\n|inactive|impastabot4000 has 120 seconds left.\n|inactive|winlike has 120 seconds left.\n|\n|t:|1696467677\n|start\n|switch|p1a: Volcanion|Volcanion|100\/100\n|switch|p1b: Salamence|Salamence, F|100\/100\n|switch|p2a: \u5b87\u5b99\u7b2c\u4e00|Incineroar, F|100\/100\n|switch|p2b: \u4f60\u731c\u6211\u662f\u4e0d\u662f\u6c14\u8170|Tornadus, M, shiny|100\/100\n|-ability|p1b: Salamence|Intimidate|boost\n|-unboost|p2a: \u5b87\u5b99\u7b2c\u4e00|atk|1\n|-unboost|p2b: \u4f60\u731c\u6211\u662f\u4e0d\u662f\u6c14\u8170|atk|1\n|-ability|p2a: \u5b87\u5b99\u7b2c\u4e00|Intimidate|boost\n|-unboost|p1a: Volcanion|atk|1\n|-unboost|p1b: Salamence|atk|1\n|turn|1\n|inactive|impastabot4000 has 120 seconds left.\n|\n|t:|1696467716\n|move|p2a: \u5b87\u5b99\u7b2c\u4e00|Fake Out|p1a: Volcanion\n|-damage|p1a: Volcanion|93\/100\n|move|p2b: \u4f60\u731c\u6211\u662f\u4e0d\u662f\u6c14\u8170|Tailwind|p2b: \u4f60\u731c\u6211\u662f\u4e0d\u662f\u6c14\u8170\n|-sidestart|p2: winlike|move: Tailwind\n|move|p1b: Salamence|Tailwind|p1b: Salamence\n|-sidestart|p1: impastabot4000|move: Tailwind\n|cant|p1a: Volcanion|flinch\n|\n|upkeep\n|turn|2\n|inactive|impastabot4000 has 120 seconds left.\n|inactive|winlike has 120 seconds left.\n|\n|t:|1696467757\n|detailschange|p1b: Salamence|Salamence-Mega, F\n|-mega|p1b: Salamence|Salamence|Salamencite\n|move|p1b: Salamence|Frustration|p2a: \u5b87\u5b99\u7b2c\u4e00\n|-damage|p2a: \u5b87\u5b99\u7b2c\u4e00|52\/100\n|move|p2b: \u4f60\u731c\u6211\u662f\u4e0d\u662f\u6c14\u8170|Bleakwind Storm|p1a: Volcanion|[spread] p1a,p1b\n|-damage|p1a: Volcanion|73\/100\n|-damage|p1b: Salamence|70\/100\n|-unboost|p1a: Volcanion|spe|1\n|move|p2a: \u5b87\u5b99\u7b2c\u4e00|Parting Shot|p1a: Volcanion\n|-unboost|p1a: Volcanion|atk|1\n|-unboost|p1a: Volcanion|spa|1\n|\n|t:|1696467771\n|switch|p2a: \u997f\u554a\u5403\u6211\u9752\u8349\u6ed1\u68af|Rillaboom, F|100\/100|[from] Parting Shot\n|-fieldstart|move: Grassy Terrain|[from] ability: Grassy Surge|[of] p2a: \u997f\u554a\u5403\u6211\u9752\u8349\u6ed1\u68af\n|move|p1a: Volcanion|Steam Eruption|p2a: \u997f\u554a\u5403\u6211\u9752\u8349\u6ed1\u68af\n|-resisted|p2a: \u997f\u554a\u5403\u6211\u9752\u8349\u6ed1\u68af\n|-damage|p2a: \u997f\u554a\u5403\u6211\u9752\u8349\u6ed1\u68af|81\/100\n|\n|-heal|p2a: \u997f\u554a\u5403\u6211\u9752\u8349\u6ed1\u68af|88\/100|[from] Grassy Terrain\n|-heal|p1a: Volcanion|79\/100|[from] Grassy Terrain\n|upkeep\n|turn|3\n|inactive|winlike has 120 seconds left.\n|\n|t:|1696467791\n|switch|p1a: Rillaboom|Rillaboom, F|100\/100\n|move|p2a: \u997f\u554a\u5403\u6211\u9752\u8349\u6ed1\u68af|Fake Out|p1a: Rillaboom\n|-crit|p1a: Rillaboom\n|-damage|p1a: Rillaboom|81\/100\n|move|p1b: Salamence|Dragon Dance|p1b: Salamence\n|-boost|p1b: Salamence|atk|1\n|-boost|p1b: Salamence|spe|1\n|move|p2b: \u4f60\u731c\u6211\u662f\u4e0d\u662f\u6c14\u8170|Bleakwind Storm|p1a: Rillaboom|[spread] p1a,p1b\n|-supereffective|p1a: Rillaboom\n|-damage|p1a: Rillaboom|39\/100\n|-damage|p1b: Salamence|39\/100\n|\n|-heal|p1a: Rillaboom|45\/100|[from] Grassy Terrain\n|-heal|p2a: \u997f\u554a\u5403\u6211\u9752\u8349\u6ed1\u68af|94\/100|[from] Grassy Terrain\n|upkeep\n|turn|4\n|\n|t:|1696467809\n|switch|p2a: \u5b87\u5b99\u7b2c\u4e00|Incineroar, F|52\/100\n|-ability|p2a: \u5b87\u5b99\u7b2c\u4e00|Intimidate|boost\n|-unboost|p1a: Rillaboom|atk|1\n|-unboost|p1b: Salamence|atk|1\n|move|p1a: Rillaboom|Fake Out|p2b: \u4f60\u731c\u6211\u662f\u4e0d\u662f\u6c14\u8170\n|-damage|p2b: \u4f60\u731c\u6211\u662f\u4e0d\u662f\u6c14\u8170|91\/100\n|move|p1b: Salamence|Dragon Dance|p1b: Salamence\n|-boost|p1b: Salamence|atk|1\n|-boost|p1b: Salamence|spe|1\n|move|p2b: \u4f60\u731c\u6211\u662f\u4e0d\u662f\u6c14\u8170|Bleakwind Storm|p1b: Salamence|[spread] p1a,p1b\n|-supereffective|p1a: Rillaboom\n|-damage|p1a: Rillaboom|6\/100\n|-damage|p1b: Salamence|8\/100\n|\n|-heal|p1a: Rillaboom|12\/100|[from] Grassy Terrain\n|-heal|p2a: \u5b87\u5b99\u7b2c\u4e00|58\/100|[from] Grassy Terrain\n|-sideend|p2: winlike|move: Tailwind\n|-sideend|p1: impastabot4000|move: Tailwind\n|upkeep\n|turn|5\n|inactive|winlike has 120 seconds left.\n|inactive|winlike has 90 seconds left.\n|\n|t:|1696467871\n|switch|p1a: Flutter Mane|Flutter Mane|100\/100\n|move|p1b: Salamence|Protect|p1b: Salamence\n|-singleturn|p1b: Salamence|Protect\n|move|p2a: \u5b87\u5b99\u7b2c\u4e00|Fake Out|p1b: Salamence\n|-activate|p1b: Salamence|move: Protect\n|move|p2b: \u4f60\u731c\u6211\u662f\u4e0d\u662f\u6c14\u8170|Bleakwind Storm|p1b: Salamence|[spread] \n|-activate|p1b: Salamence|move: Protect\n|-miss|p2b: \u4f60\u731c\u6211\u662f\u4e0d\u662f\u6c14\u8170|p1a: Flutter Mane\n|\n|-heal|p2a: \u5b87\u5b99\u7b2c\u4e00|64\/100|[from] Grassy Terrain\n|upkeep\n|turn|6\n|inactive|impastabot4000 has 120 seconds left.\n|\n|t:|1696467918\n|-terastallize|p1a: Flutter Mane|Fairy\n|move|p2b: \u4f60\u731c\u6211\u662f\u4e0d\u662f\u6c14\u8170|Tailwind|p2b: \u4f60\u731c\u6211\u662f\u4e0d\u662f\u6c14\u8170\n|-sidestart|p2: winlike|move: Tailwind\n|move|p1b: Salamence|Frustration|p2b: \u4f60\u731c\u6211\u662f\u4e0d\u662f\u6c14\u8170\n|-damage|p2b: \u4f60\u731c\u6211\u662f\u4e0d\u662f\u6c14\u8170|30\/100\n|move|p1a: Flutter Mane|Moonblast|p2a: \u5b87\u5b99\u7b2c\u4e00\n|-damage|p2a: \u5b87\u5b99\u7b2c\u4e00|0 fnt\n|faint|p2a: \u5b87\u5b99\u7b2c\u4e00\n|\n|-fieldend|move: Grassy Terrain\n|upkeep\n|inactive|winlike has 90 seconds left.\n|\n|t:|1696467953\n|switch|p2a: \u997f\u554a\u5403\u6211\u9752\u8349\u6ed1\u68af|Rillaboom, F|94\/100\n|-fieldstart|move: Grassy Terrain|[from] ability: Grassy Surge|[of] p2a: \u997f\u554a\u5403\u6211\u9752\u8349\u6ed1\u68af\n|turn|7\n|inactive|winlike has 90 seconds left.\n|\n|t:|1696467964\n|move|p1b: Salamence|Protect|p1b: Salamence\n|-singleturn|p1b: Salamence|Protect\n|move|p2a: \u997f\u554a\u5403\u6211\u9752\u8349\u6ed1\u68af|Fake Out|p1a: Flutter Mane\n|-damage|p1a: Flutter Mane|68\/100\n|move|p2b: \u4f60\u731c\u6211\u662f\u4e0d\u662f\u6c14\u8170|Bleakwind Storm|p1a: Flutter Mane|[spread] \n|-activate|p1b: Salamence|move: Protect\n|-miss|p2b: \u4f60\u731c\u6211\u662f\u4e0d\u662f\u6c14\u8170|p1a: Flutter Mane\n|cant|p1a: Flutter Mane|flinch\n|\n|-heal|p2a: \u997f\u554a\u5403\u6211\u9752\u8349\u6ed1\u68af|99\/100|[from] Grassy Terrain\n|-heal|p1a: Flutter Mane|74\/100|[from] Grassy Terrain\n|upkeep\n|turn|8\n|\n|t:|1696467991\n|switch|p1b: Ogerpon|Ogerpon-Cornerstone, F|100\/100\n|move|p2a: \u997f\u554a\u5403\u6211\u9752\u8349\u6ed1\u68af|Grassy Glide|p1b: Ogerpon\n|-damage|p1b: Ogerpon|47\/100\n|move|p2b: \u4f60\u731c\u6211\u662f\u4e0d\u662f\u6c14\u8170|Bleakwind Storm|p1b: Ogerpon|[spread] p1a,p1b\n|-damage|p1a: Flutter Mane|42\/100\n|-damage|p1b: Ogerpon|13\/100\n|-unboost|p1a: Flutter Mane|spe|1\n|move|p1a: Flutter Mane|Moonblast|p2b: \u4f60\u731c\u6211\u662f\u4e0d\u662f\u6c14\u8170\n|-damage|p2b: \u4f60\u731c\u6211\u662f\u4e0d\u662f\u6c14\u8170|0 fnt\n|faint|p2b: \u4f60\u731c\u6211\u662f\u4e0d\u662f\u6c14\u8170\n|\n|-heal|p2a: \u997f\u554a\u5403\u6211\u9752\u8349\u6ed1\u68af|100\/100|[from] Grassy Terrain\n|-heal|p1b: Ogerpon|19\/100|[from] Grassy Terrain\n|-heal|p1a: Flutter Mane|48\/100|[from] Grassy Terrain\n|upkeep\n|\n|t:|1696468006\n|switch|p2b: \u600e\u4e48\u4f1a\u6709\u8fd9\u4e48\u5e05\u7684\u5b9d\u53ef\u68a6|Ogerpon-Hearthflame, F|100\/100\n|-ability|p2b: \u600e\u4e48\u4f1a\u6709\u8fd9\u4e48\u5e05\u7684\u5b9d\u53ef\u68a6|Mold Breaker\n|turn|9\n|inactive|winlike has 120 seconds left.\n|\n|t:|1696468019\n|-terastallize|p2b: \u600e\u4e48\u4f1a\u6709\u8fd9\u4e48\u5e05\u7684\u5b9d\u53ef\u68a6|Fire\n|detailschange|p2b: \u600e\u4e48\u4f1a\u6709\u8fd9\u4e48\u5e05\u7684\u5b9d\u53ef\u68a6|Ogerpon-Hearthflame-Tera, F, tera:Fire\n|-ability|p2b: \u600e\u4e48\u4f1a\u6709\u8fd9\u4e48\u5e05\u7684\u5b9d\u53ef\u68a6|Embody Aspect (Hearthflame)|boost\n|-boost|p2b: \u600e\u4e48\u4f1a\u6709\u8fd9\u4e48\u5e05\u7684\u5b9d\u53ef\u68a6|atk|1\n|move|p1b: Ogerpon|Protect|p1b: Ogerpon\n|-singleturn|p1b: Ogerpon|Protect\n|move|p2b: \u600e\u4e48\u4f1a\u6709\u8fd9\u4e48\u5e05\u7684\u5b9d\u53ef\u68a6|Grassy Glide|p1a: Flutter Mane\n|-damage|p1a: Flutter Mane|0 fnt\n|faint|p1a: Flutter Mane\n|-end|p1a: Flutter Mane|Protosynthesis|[silent]\n|move|p2a: \u997f\u554a\u5403\u6211\u9752\u8349\u6ed1\u68af|Grassy Glide|p1b: Ogerpon\n|-activate|p1b: Ogerpon|move: Protect\n|\n|-heal|p1b: Ogerpon|25\/100|[from] Grassy Terrain\n|-sideend|p2: winlike|move: Tailwind\n|upkeep\n|\n|t:|1696468042\n|switch|p1a: Volcanion|Volcanion|79\/100\n|turn|10\n|inactive|winlike has 120 seconds left.\n|inactive|winlike has 90 seconds left.\n|\n|t:|1696468102\n|switch|p2b: \u62a2\u5230\u5929\u6c14\u5c31\u7b97\u6210\u529f|Charizard, F, shiny|100\/100\n|move|p2a: \u997f\u554a\u5403\u6211\u9752\u8349\u6ed1\u68af|Grassy Glide|p1b: Ogerpon\n|-damage|p1b: Ogerpon|0 fnt\n|faint|p1b: Ogerpon\n|move|p1a: Volcanion|Steam Eruption|p2b: \u62a2\u5230\u5929\u6c14\u5c31\u7b97\u6210\u529f\n|-supereffective|p2b: \u62a2\u5230\u5929\u6c14\u5c31\u7b97\u6210\u529f\n|-damage|p2b: \u62a2\u5230\u5929\u6c14\u5c31\u7b97\u6210\u529f|0 fnt\n|faint|p2b: \u62a2\u5230\u5929\u6c14\u5c31\u7b97\u6210\u529f\n|\n|-heal|p1a: Volcanion|86\/100|[from] Grassy Terrain\n|upkeep\n|\n|t:|1696468119\n|switch|p1b: Rillaboom|Rillaboom, F|12\/100\n|switch|p2b: \u4ed9\u5e03\u949b\u6676|Flutter Mane|100\/100\n|-enditem|p2b: \u4ed9\u5e03\u949b\u6676|Booster Energy\n|-activate|p2b: \u4ed9\u5e03\u949b\u6676|ability: Protosynthesis|[fromitem]\n|-start|p2b: \u4ed9\u5e03\u949b\u6676|protosynthesisspa\n|turn|11\n|inactive|winlike has 120 seconds left.\n|\n|t:|1696468137\n|move|p1b: Rillaboom|Fake Out|p2a: \u997f\u554a\u5403\u6211\u9752\u8349\u6ed1\u68af\n|-damage|p2a: \u997f\u554a\u5403\u6211\u9752\u8349\u6ed1\u68af|90\/100\n|move|p2b: \u4ed9\u5e03\u949b\u6676|Shadow Ball|p1a: Volcanion\n|-damage|p1a: Volcanion|44\/100\n|cant|p2a: \u997f\u554a\u5403\u6211\u9752\u8349\u6ed1\u68af|flinch\n|move|p1a: Volcanion|Heat Wave|p2a: \u997f\u554a\u5403\u6211\u9752\u8349\u6ed1\u68af|[spread] p2a,p2b\n|-supereffective|p2a: \u997f\u554a\u5403\u6211\u9752\u8349\u6ed1\u68af\n|-damage|p2a: \u997f\u554a\u5403\u6211\u9752\u8349\u6ed1\u68af|19\/100\n|-damage|p2b: \u4ed9\u5e03\u949b\u6676|56\/100\n|\n|-heal|p2b: \u4ed9\u5e03\u949b\u6676|62\/100|[from] Grassy Terrain\n|-heal|p1b: Rillaboom|18\/100|[from] Grassy Terrain\n|-heal|p2a: \u997f\u554a\u5403\u6211\u9752\u8349\u6ed1\u68af|25\/100|[from] Grassy Terrain\n|-heal|p1a: Volcanion|50\/100|[from] Grassy Terrain\n|-fieldend|move: Grassy Terrain\n|upkeep\n|turn|12\n|inactive|winlike has 120 seconds left.\n|\n|t:|1696468166\n|move|p2b: \u4ed9\u5e03\u949b\u6676|Shadow Ball|p1a: Volcanion\n|-damage|p1a: Volcanion|13\/100\n|move|p1b: Rillaboom|U-turn|p2b: \u4ed9\u5e03\u949b\u6676\n|-resisted|p2b: \u4ed9\u5e03\u949b\u6676\n|-damage|p2b: \u4ed9\u5e03\u949b\u6676|49\/100\n|\n|t:|1696468174\n|switch|p1b: Salamence|Salamence-Mega, F|8\/100|[from] U-turn\n|move|p2a: \u997f\u554a\u5403\u6211\u9752\u8349\u6ed1\u68af|Knock Off|p1a: Volcanion\n|-damage|p1a: Volcanion|0 fnt\n|-enditem|p1a: Volcanion|Assault Vest|[from] move: Knock Off|[of] p2a: \u997f\u554a\u5403\u6211\u9752\u8349\u6ed1\u68af\n|faint|p1a: Volcanion\n|\n|upkeep\n|\n|t:|1696468182\n|switch|p1a: Chien-Pao|Chien-Pao|100\/100\n|-ability|p1a: Chien-Pao|Sword of Ruin\n|turn|13\n|\n|t:|1696468191\n|switch|p2a: \u600e\u4e48\u4f1a\u6709\u8fd9\u4e48\u5e05\u7684\u5b9d\u53ef\u68a6|Ogerpon-Hearthflame-Tera, F, tera:Fire|100\/100\n|-ability|p2a: \u600e\u4e48\u4f1a\u6709\u8fd9\u4e48\u5e05\u7684\u5b9d\u53ef\u68a6|Embody Aspect (Hearthflame)|boost\n|-boost|p2a: \u600e\u4e48\u4f1a\u6709\u8fd9\u4e48\u5e05\u7684\u5b9d\u53ef\u68a6|atk|1\n|move|p2b: \u4ed9\u5e03\u949b\u6676|Protect|p2b: \u4ed9\u5e03\u949b\u6676\n|-singleturn|p2b: \u4ed9\u5e03\u949b\u6676|Protect\n|move|p1a: Chien-Pao|Sucker Punch||[still]\n|-fail|p1a: Chien-Pao\n|move|p1b: Salamence|Frustration|p2a: \u600e\u4e48\u4f1a\u6709\u8fd9\u4e48\u5e05\u7684\u5b9d\u53ef\u68a6\n|-damage|p2a: \u600e\u4e48\u4f1a\u6709\u8fd9\u4e48\u5e05\u7684\u5b9d\u53ef\u68a6|0 fnt\n|faint|p2a: \u600e\u4e48\u4f1a\u6709\u8fd9\u4e48\u5e05\u7684\u5b9d\u53ef\u68a6\n|\n|upkeep\n|\n|t:|1696468202\n|switch|p2a: \u997f\u554a\u5403\u6211\u9752\u8349\u6ed1\u68af|Rillaboom, F|25\/100\n|-fieldstart|move: Grassy Terrain|[from] ability: Grassy Surge|[of] p2a: \u997f\u554a\u5403\u6211\u9752\u8349\u6ed1\u68af\n|turn|14\n|\n|t:|1696468220\n|move|p1a: Chien-Pao|Protect|p1a: Chien-Pao\n|-singleturn|p1a: Chien-Pao|Protect\n|move|p1b: Salamence|Protect|p1b: Salamence\n|-singleturn|p1b: Salamence|Protect\n|move|p2a: \u997f\u554a\u5403\u6211\u9752\u8349\u6ed1\u68af|Fake Out|p1b: Salamence\n|-activate|p1b: Salamence|move: Protect\n|move|p2b: \u4ed9\u5e03\u949b\u6676|Moonblast|p1a: Chien-Pao\n|-activate|p1a: Chien-Pao|move: Protect\n|\n|-heal|p2b: \u4ed9\u5e03\u949b\u6676|55\/100|[from] Grassy Terrain\n|-heal|p2a: \u997f\u554a\u5403\u6211\u9752\u8349\u6ed1\u68af|31\/100|[from] Grassy Terrain\n|upkeep\n|turn|15\n|inactive|winlike has 120 seconds left.\n|inactive|impastabot4000 has 120 seconds left.\n|inactive|winlike has 90 seconds left.\n|inactive|winlike has 60 seconds left.\n|inactive|winlike has 30 seconds left.\n|inactive|winlike has 20 seconds left.\n|\n|t:|1696468354\n|move|p2b: \u4ed9\u5e03\u949b\u6676|Protect|p2b: \u4ed9\u5e03\u949b\u6676\n|-singleturn|p2b: \u4ed9\u5e03\u949b\u6676|Protect\n|move|p2a: \u997f\u554a\u5403\u6211\u9752\u8349\u6ed1\u68af|Grassy Glide|p1b: Salamence\n|-resisted|p1b: Salamence\n|-damage|p1b: Salamence|0 fnt\n|faint|p1b: Salamence\n|move|p1a: Chien-Pao|Ice Spinner|p2a: \u997f\u554a\u5403\u6211\u9752\u8349\u6ed1\u68af\n|-supereffective|p2a: \u997f\u554a\u5403\u6211\u9752\u8349\u6ed1\u68af\n|-crit|p2a: \u997f\u554a\u5403\u6211\u9752\u8349\u6ed1\u68af\n|-damage|p2a: \u997f\u554a\u5403\u6211\u9752\u8349\u6ed1\u68af|0 fnt\n|-fieldend|move: Grassy Terrain\n|faint|p2a: \u997f\u554a\u5403\u6211\u9752\u8349\u6ed1\u68af\n|\n|upkeep\n|inactive|winlike has 25 seconds left this turn.\n|\n|t:|1696468366\n|switch|p1b: Rillaboom|Rillaboom, F|18\/100\n|-fieldstart|move: Grassy Terrain|[from] ability: Grassy Surge|[of] p1b: Rillaboom\n|turn|16\n|\n|t:|1696468378\n|move|p1b: Rillaboom|Grassy Glide|p2b: \u4ed9\u5e03\u949b\u6676\n|-damage|p2b: \u4ed9\u5e03\u949b\u6676|0 fnt\n|faint|p2b: \u4ed9\u5e03\u949b\u6676\n|-end|p2b: \u4ed9\u5e03\u949b\u6676|Protosynthesis|[silent]\n|\n|win|impastabot4000\n|raw|impastabot4000's rating: 1372 &rarr; <strong>1391<\/strong><br \/>(+19 for winning)\n|raw|winlike's rating: 1361 &rarr; <strong>1342<\/strong><br \/>(-19 for losing)\n|c|\u2606impastabot4000|gg very well played!\n|l|\u2606winlike\n","uploadtime":1696468393,"views":11,"p1id":"impastabot4000","p2id":"winlike","formatid":"gen9nationaldexdoubles","rating":1342,"private":0,"password":""}