{"id":"gen9nationaldexdoubles-1949290386","p1":"Xavier1250","p2":"MathHacker","format":"[Gen 9] National Dex Doubles","log":"|j|\u2606Xavier1250\n|j|\u2606MathHacker\n|t:|1695343843\n|gametype|doubles\n|player|p1|Xavier1250|silver|1143\n|player|p2|MathHacker|richboy-gen4|1416\n|teamsize|p1|6\n|teamsize|p2|6\n|gen|9\n|tier|[Gen 9] National Dex Doubles\n|rated|\n|rule|HP Percentage Mod: HP is shown in percentages\n|rule|Endless Battle Clause: Forcing endless battles is banned\n|rule|OHKO Clause: OHKO moves are banned\n|rule|Evasion Moves Clause: Evasion moves are banned\n|rule|Evasion Abilities Clause: Evasion abilities are banned\n|rule|Species Clause: Limit one of each Pok\u00e9mon\n|rule|Gravity Sleep Clause: The combination of sleep-inducing moves with imperfect accuracy and Gravity or Gigantamax Orbeetle are banned\n|clearpoke\n|poke|p1|Farigiraf, M|\n|poke|p1|Flutter Mane|\n|poke|p1|Garganacl, F|\n|poke|p1|Clefable, F|\n|poke|p1|Chien-Pao|\n|poke|p1|Ursaluna, M|\n|poke|p2|Shuckle, F|\n|poke|p2|Pelipper, M|\n|poke|p2|Cresselia, F|\n|poke|p2|Torkoal, F|\n|poke|p2|Oranguru, M|\n|poke|p2|Ursaluna, F|\n|teampreview\n|\n|t:|1695343847\n|start\n|switch|p1a: Farigiraf|Farigiraf, M|100\/100\n|switch|p1b: Flutter Mane|Flutter Mane|100\/100\n|switch|p2a: Shucky|Shuckle, F, shiny|100\/100\n|switch|p2b: munke|Oranguru, M|100\/100\n|-enditem|p1b: Flutter Mane|Booster Energy\n|-activate|p1b: Flutter Mane|ability: Protosynthesis|[fromitem]\n|-start|p1b: Flutter Mane|protosynthesisspa\n|turn|1\n|\n|t:|1695343874\n|move|p2a: Shucky|Protect|p2a: Shucky\n|-singleturn|p2a: Shucky|Protect\n|move|p1b: Flutter Mane|Moonblast|p2b: munke\n|-damage|p2b: munke|50\/100\n|move|p1a: Farigiraf|Imprison|p1a: Farigiraf\n|-start|p1a: Farigiraf|move: Imprison\n|move|p2b: munke|Taunt|p1a: Farigiraf\n|-start|p1a: Farigiraf|move: Taunt\n|\n|upkeep\n|turn|2\n|inactive|Battle timer is ON: inactive players will automatically lose when time's up. (requested by Xavier1250)\n|inactive|MathHacker has 120 seconds left.\n|\n|t:|1695343955\n|switch|p2b: Cresselia|Cresselia, F|100\/100\n|switch|p2a: Yertle|Torkoal, F|100\/100\n|-weather|SunnyDay|[from] ability: Drought|[of] p2a: Yertle\n|move|p1b: Flutter Mane|Moonblast|p2b: Cresselia\n|-damage|p2b: Cresselia|61\/100\n|move|p1a: Farigiraf|Psychic|p2a: Yertle\n|-damage|p2a: Yertle|66\/100\n|\n|-weather|SunnyDay|[upkeep]\n|-heal|p2b: Cresselia|67\/100|[from] item: Leftovers\n|upkeep\n|turn|3\n|inactive|MathHacker has 120 seconds left.\n|\n|t:|1695343986\n|move|p1b: Flutter Mane|Moonblast|p2b: Cresselia\n|-damage|p2b: Cresselia|27\/100\n|move|p2b: Cresselia|Lunar Blessing|p2b: Cresselia|[spread] p2a,p2b\n|-heal|p2a: Yertle|91\/100\n|-heal|p2b: Cresselia|52\/100\n|move|p1a: Farigiraf|Dazzling Gleam|p2a: Yertle|[spread] p2a,p2b\n|-resisted|p2a: Yertle\n|-damage|p2a: Yertle|83\/100\n|-damage|p2b: Cresselia|41\/100\n|move|p2a: Yertle|Eruption|p1b: Flutter Mane|[spread] p1a,p1b\n|-damage|p1a: Farigiraf|36\/100\n|-damage|p1b: Flutter Mane|40\/100\n|\n|-weather|SunnyDay|[upkeep]\n|-heal|p2b: Cresselia|47\/100|[from] item: Leftovers\n|upkeep\n|turn|4\n|\n|t:|1695344008\n|move|p1b: Flutter Mane|Moonblast|p2b: Cresselia\n|-damage|p2b: Cresselia|7\/100\n|-unboost|p2b: Cresselia|spa|1\n|move|p2b: Cresselia|Lunar Blessing|p2b: Cresselia|[spread] p2a,p2b\n|-heal|p2a: Yertle|100\/100\n|-heal|p2b: Cresselia|32\/100\n|move|p1a: Farigiraf|Psychic|p2b: Cresselia\n|-resisted|p2b: Cresselia\n|-damage|p2b: Cresselia|20\/100\n|move|p2a: Yertle|Eruption|p1b: Flutter Mane|[spread] p1a,p1b\n|-damage|p1a: Farigiraf|0 fnt\n|-damage|p1b: Flutter Mane|0 fnt\n|faint|p1a: Farigiraf\n|faint|p1b: Flutter Mane\n|-end|p1b: Flutter Mane|Protosynthesis|[silent]\n|\n|-weather|SunnyDay|[upkeep]\n|-heal|p2b: Cresselia|26\/100|[from] item: Leftovers\n|upkeep\n|inactive|Xavier1250 has 120 seconds left.\n|\n|t:|1695344037\n|switch|p1b: Garganacl|Garganacl, F|100\/100\n|switch|p1a: Chien-Pao|Chien-Pao|100\/100\n|-ability|p1a: Chien-Pao|Sword of Ruin\n|turn|5\n|\n|t:|1695344066\n|move|p1a: Chien-Pao|Sucker Punch|p2a: Yertle\n|-damage|p2a: Yertle|59\/100\n|move|p1b: Garganacl|Salt Cure|p2b: Cresselia\n|-damage|p2b: Cresselia|11\/100\n|-start|p2b: Cresselia|Salt Cure\n|move|p2a: Yertle|Heat Wave|p1b: Garganacl|[spread] p1a,p1b\n|-supereffective|p1a: Chien-Pao\n|-resisted|p1b: Garganacl\n|-enditem|p1a: Chien-Pao|Focus Sash\n|-damage|p1a: Chien-Pao|1\/100\n|-damage|p1b: Garganacl|81\/100\n|move|p2b: Cresselia|Trick Room|p2b: Cresselia\n|-fieldstart|move: Trick Room|[of] p2b: Cresselia\n|\n|-weather|SunnyDay|[upkeep]\n|-heal|p2b: Cresselia|17\/100|[from] item: Leftovers\n|-damage|p2b: Cresselia|4\/100|[from] Salt Cure\n|upkeep\n|turn|6\n|\n|t:|1695344096\n|move|p2a: Yertle|Eruption|p1b: Garganacl|[spread] p1a,p1b\n|-supereffective|p1a: Chien-Pao\n|-resisted|p1b: Garganacl\n|-damage|p1a: Chien-Pao|0 fnt\n|-damage|p1b: Garganacl|63\/100\n|faint|p1a: Chien-Pao\n|move|p1b: Garganacl|Salt Cure|p2a: Yertle\n|-supereffective|p2a: Yertle\n|-damage|p2a: Yertle|24\/100\n|-start|p2a: Yertle|Salt Cure\n|move|p2b: Cresselia|Lunar Blessing|p2b: Cresselia|[spread] p2a,p2b\n|-heal|p2a: Yertle|49\/100\n|-heal|p2b: Cresselia|29\/100\n|\n|-weather|none\n|-heal|p2b: Cresselia|35\/100|[from] item: Leftovers\n|-damage|p2a: Yertle|37\/100|[from] Salt Cure\n|-damage|p2b: Cresselia|23\/100|[from] Salt Cure\n|upkeep\n|inactive|Xavier1250 has 120 seconds left.\n|\n|t:|1695344111\n|switch|p1a: Ursaluna|Ursaluna, M|100\/100\n|turn|7\n|\n|t:|1695344135\n|switch|p2a: Pelipper|Pelipper, M|100\/100\n|-weather|RainDance|[from] ability: Drizzle|[of] p2a: Pelipper\n|move|p1b: Garganacl|Curse|p1b: Garganacl\n|-unboost|p1b: Garganacl|spe|1\n|-boost|p1b: Garganacl|atk|1\n|-boost|p1b: Garganacl|def|1\n|move|p1a: Ursaluna|Swords Dance|p1a: Ursaluna\n|-boost|p1a: Ursaluna|atk|2\n|move|p2b: Cresselia|Lunar Blessing|p2b: Cresselia|[spread] p2a,p2b\n|-heal|p2b: Cresselia|48\/100\n|\n|-weather|RainDance|[upkeep]\n|-heal|p2b: Cresselia|54\/100|[from] item: Leftovers\n|-damage|p2b: Cresselia|42\/100|[from] Salt Cure\n|-status|p1a: Ursaluna|brn|[from] item: Flame Orb\n|upkeep\n|turn|8\n|inactive|MathHacker has 120 seconds left.\n|inactive|MathHacker has 90 seconds left.\n|\n|t:|1695344199\n|move|p1b: Garganacl|Salt Cure|p2a: Pelipper\n|-supereffective|p2a: Pelipper\n|-damage|p2a: Pelipper|37\/100\n|-start|p2a: Pelipper|Salt Cure\n|move|p2a: Pelipper|Surf|p1a: Ursaluna|[spread] p2b,p1a,p1b\n|-supereffective|p1a: Ursaluna\n|-supereffective|p1b: Garganacl\n|-damage|p2b: Cresselia|15\/100\n|-damage|p1a: Ursaluna|24\/100 brn\n|-damage|p1b: Garganacl|0 fnt\n|faint|p1b: Garganacl\n|move|p1a: Ursaluna|Facade|p2a: Pelipper\n|-damage|p2a: Pelipper|0 fnt\n|faint|p2a: Pelipper\n|move|p2b: Cresselia|Lunar Blessing|p2b: Cresselia\n|-heal|p2b: Cresselia|40\/100\n|\n|-weather|RainDance|[upkeep]\n|-heal|p2b: Cresselia|46\/100|[from] item: Leftovers\n|-damage|p1a: Ursaluna|18\/100 brn|[from] brn\n|-damage|p2b: Cresselia|34\/100|[from] Salt Cure\n|upkeep\n|inactive|MathHacker has 90 seconds left.\n|\n|t:|1695344236\n|switch|p1b: Clefable|Clefable, F|100\/100\n|switch|p2a: Yertle|Torkoal, F|37\/100\n|-weather|SunnyDay|[from] ability: Drought|[of] p2a: Yertle\n|turn|9\n|\n|t:|1695344248\n|move|p2a: Yertle|Heat Wave|p1a: Ursaluna|[spread] p1b\n|-miss|p2a: Yertle|p1a: Ursaluna\n|-damage|p1b: Clefable|56\/100\n|move|p1a: Ursaluna|Facade|p2b: Cresselia\n|-damage|p2b: Cresselia|0 fnt\n|faint|p2b: Cresselia\n|move|p1b: Clefable|Cosmic Power|p1b: Clefable\n|-boost|p1b: Clefable|def|1\n|-boost|p1b: Clefable|spd|1\n|\n|-weather|SunnyDay|[upkeep]\n|-heal|p1b: Clefable|62\/100|[from] item: Leftovers\n|-damage|p1a: Ursaluna|12\/100 brn|[from] brn\n|-fieldend|move: Trick Room\n|upkeep\n|inactive|MathHacker has 90 seconds left.\n|\n|t:|1695344286\n|switch|p2b: ber|Ursaluna, F|100\/100\n|turn|10\n|\n|t:|1695344301\n|switch|p2a: Shucky|Shuckle, F, shiny|100\/100\n|move|p1b: Clefable|Cosmic Power|p1b: Clefable\n|-boost|p1b: Clefable|def|1\n|-boost|p1b: Clefable|spd|1\n|move|p1a: Ursaluna|Drain Punch|p2b: ber\n|-supereffective|p2b: ber\n|-damage|p2b: ber|0 fnt\n|-heal|p1a: Ursaluna|55\/100 brn|[from] drain|[of] p2b: ber\n|faint|p2b: ber\n|\n|-weather|SunnyDay|[upkeep]\n|-heal|p1b: Clefable|68\/100|[from] item: Leftovers\n|-damage|p1a: Ursaluna|49\/100 brn|[from] brn\n|upkeep\n|\n|t:|1695344323\n|switch|p2b: munke|Oranguru, M|50\/100\n|turn|11\n|inactive|MathHacker has 60 seconds left.\n|\n|t:|1695344362\n|-terastallize|p2a: Shucky|Ghost\n|move|p1b: Clefable|Cosmic Power|p1b: Clefable\n|-boost|p1b: Clefable|def|1\n|-boost|p1b: Clefable|spd|1\n|move|p1a: Ursaluna|Drain Punch|p2a: Shucky\n|-immune|p2a: Shucky\n|move|p2a: Shucky|Power Trick|p2a: Shucky\n|-start|p2a: Shucky|Power Trick\n|move|p2b: munke|Trick Room|p2b: munke\n|-fieldstart|move: Trick Room|[of] p2b: munke\n|\n|-weather|SunnyDay|[upkeep]\n|-heal|p1b: Clefable|74\/100|[from] item: Leftovers\n|-damage|p1a: Ursaluna|43\/100 brn|[from] brn\n|upkeep\n|turn|12\n|\n|t:|1695344386\n|move|p2a: Shucky|Gyro Ball|p1a: Ursaluna\n|-damage|p1a: Ursaluna|0 fnt\n|faint|p1a: Ursaluna\n|move|p2b: munke|Instruct|p2a: Shucky\n|-singleturn|p2a: Shucky|move: Instruct|[of] p2b: munke\n|move|p2a: Shucky|Gyro Ball|p1b: Clefable\n|-supereffective|p1b: Clefable\n|-damage|p1b: Clefable|0 fnt\n|faint|p1b: Clefable\n|\n|win|MathHacker\n|raw|Xavier1250's rating: 1143 &rarr; <strong>1134<\/strong><br \/>(-9 for losing)\n|raw|MathHacker's rating: 1416 &rarr; <strong>1423<\/strong><br \/>(+7 for winning)\n|l|\u2606Xavier1250\n|c|\u2606MathHacker|wow I definitely did not expect drain punch ursaluna\n|c|\u2606MathHacker|Maybe that's a common thing idk\n","uploadtime":1695344498,"views":8,"p1id":"xavier1250","p2id":"mathhacker","formatid":"gen9nationaldexdoubles","rating":1134,"private":0,"password":""}