{"id":"gen9nationaldexdoubles-1965926737","p1":"AdvancedDigit","p2":"Milotic010","format":"[Gen 9] National Dex Doubles","log":"|j|\u2606AdvancedDigit\n|j|\u2606Milotic010\n|t:|1697130528\n|gametype|doubles\n|player|p1|AdvancedDigit|169|1142\n|player|p2|Milotic010|dahlia|1000\n|teamsize|p1|6\n|teamsize|p2|6\n|gen|9\n|tier|[Gen 9] National Dex Doubles\n|rated|\n|rule|HP Percentage Mod: HP is shown in percentages\n|rule|Endless Battle Clause: Forcing endless battles is banned\n|rule|OHKO Clause: OHKO moves are banned\n|rule|Evasion Moves Clause: Evasion moves are banned\n|rule|Evasion Abilities Clause: Evasion abilities are banned\n|rule|Species Clause: Limit one of each Pok\u00e9mon\n|rule|Gravity Sleep Clause: The combination of sleep-inducing moves with imperfect accuracy and Gravity or Gigantamax Orbeetle are banned\n|clearpoke\n|poke|p1|Scizor, F|\n|poke|p1|Mr. Mime, F|\n|poke|p1|Clefairy, M|\n|poke|p1|Amoonguss, F|\n|poke|p1|Chi-Yu|\n|poke|p1|Murkrow, F|\n|poke|p2|Shaymin-Sky|\n|poke|p2|Greninja-*, M|\n|poke|p2|Cinderace, F|\n|poke|p2|Jirachi|\n|poke|p2|Meloetta|\n|poke|p2|Goodra-Hisui, M|\n|teampreview\n|inactive|Battle timer is ON: inactive players will automatically lose when time's up. (requested by Milotic010)\n|\n|t:|1697130543\n|start\n|switch|p1a: Scizor|Scizor, F|100\/100\n|switch|p1b: Mr. Mime|Mr. Mime, F|100\/100\n|switch|p2a: Greninja|Greninja, M|100\/100\n|switch|p2b: Cinderace|Cinderace, F, shiny|100\/100\n|turn|1\n|\n|t:|1697130565\n|move|p1b: Mr. Mime|Fake Out|p2b: Cinderace\n|-damage|p2b: Cinderace|92\/100\n|move|p2a: Greninja|Water Pledge|p1b: Mr. Mime\n|-waiting|p2a: Greninja|p2b: Cinderace\n|cant|p2b: Cinderace|flinch\n|move|p1a: Scizor|Swords Dance|p1a: Scizor\n|-boost|p1a: Scizor|atk|2\n|\n|upkeep\n|turn|2\n|c|\u2606AdvancedDigit|rainbow\n|inactive|AdvancedDigit has 120 seconds left.\n|n|\u2606Milotic010|milotic010\n|inactive|AdvancedDigit has 90 seconds left.\n|c|\u2606Milotic010|Yea. Jsut want to see what happens\n|\n|t:|1697130632\n|move|p1b: Mr. Mime|Follow Me|p1b: Mr. Mime\n|-singleturn|p1b: Mr. Mime|move: Follow Me\n|move|p2a: Greninja|Water Pledge|p1b: Mr. Mime\n|-waiting|p2a: Greninja|p2b: Cinderace\n|move|p2b: Cinderace|Fire Pledge|p1b: Mr. Mime|[from]move: Water Pledge\n|-start|p2b: Cinderace|typechange|Water|[from] ability: Libero\n|-combine\n|-damage|p1b: Mr. Mime|64\/100\n|-sidestart|p2: Milotic010|Water Pledge\n|move|p1a: Scizor|Trailblaze|p2a: Greninja\n|-supereffective|p2a: Greninja\n|-damage|p2a: Greninja|0 fnt\n|-boost|p1a: Scizor|spe|1\n|faint|p2a: Greninja\n|\n|-heal|p1b: Mr. Mime|70\/100|[from] item: Leftovers\n|upkeep\n|\n|t:|1697130650\n|switch|p2a: Jirachi|Jirachi|100\/100\n|turn|3\n|\n|t:|1697130659\n|-terastallize|p1a: Scizor|Steel\n|move|p1b: Mr. Mime|Follow Me|p1b: Mr. Mime\n|-singleturn|p1b: Mr. Mime|move: Follow Me\n|move|p1a: Scizor|Bullet Punch|p2a: Jirachi\n|-resisted|p2a: Jirachi\n|-damage|p2a: Jirachi|45\/100\n|move|p2b: Cinderace|Acrobatics|p1b: Mr. Mime\n|-damage|p1b: Mr. Mime|7\/100\n|move|p2a: Jirachi|Ancient Power|p1b: Mr. Mime\n|-damage|p1b: Mr. Mime|0 fnt\n|-boost|p2a: Jirachi|atk|1\n|-boost|p2a: Jirachi|def|1\n|-boost|p2a: Jirachi|spa|1\n|-boost|p2a: Jirachi|spd|1\n|-boost|p2a: Jirachi|spe|1\n|faint|p1b: Mr. Mime\n|\n|-heal|p2a: Jirachi|51\/100|[from] item: Leftovers\n|upkeep\n|\n|t:|1697130675\n|switch|p1b: Amoonguss|Amoonguss, F|100\/100\n|turn|4\n|\n|t:|1697130685\n|move|p1b: Amoonguss|Rage Powder|p1b: Amoonguss\n|-singleturn|p1b: Amoonguss|move: Rage Powder\n|move|p1a: Scizor|Bullet Punch|p2a: Jirachi\n|-resisted|p2a: Jirachi\n|-damage|p2a: Jirachi|15\/100\n|move|p2b: Cinderace|Acrobatics|p1b: Amoonguss\n|-supereffective|p1b: Amoonguss\n|-damage|p1b: Amoonguss|31\/100\n|move|p2a: Jirachi|Drain Punch|p1b: Amoonguss\n|-resisted|p1b: Amoonguss\n|-damage|p1b: Amoonguss|13\/100\n|-heal|p2a: Jirachi|25\/100|[from] drain|[of] p1b: Amoonguss\n|\n|-heal|p2a: Jirachi|31\/100|[from] item: Leftovers\n|-heal|p1b: Amoonguss|19\/100|[from] item: Leftovers\n|upkeep\n|turn|5\n|\n|t:|1697130702\n|move|p1a: Scizor|Bullet Punch|p2a: Jirachi\n|-resisted|p2a: Jirachi\n|-damage|p2a: Jirachi|0 fnt\n|faint|p2a: Jirachi\n|move|p2b: Cinderace|U-turn|p1b: Amoonguss\n|-damage|p1b: Amoonguss|0 fnt\n|faint|p1b: Amoonguss\n|\n|t:|1697130708\n|switch|p2b: Goodra|Goodra-Hisui, M, shiny|100\/100|[from] U-turn\n|\n|-sideend|p2: Milotic010|Water Pledge\n|upkeep\n|\n|t:|1697130717\n|switch|p2a: Shaymin|Shaymin-Sky|100\/100\n|switch|p1b: Murkrow|Murkrow, F|100\/100\n|turn|6\n|\n|t:|1697130734\n|-terastallize|p2a: Shaymin|Fire\n|move|p1a: Scizor|Bullet Punch|p2a: Shaymin\n|-resisted|p2a: Shaymin\n|-damage|p2a: Shaymin|26\/100\n|move|p1b: Murkrow|Thunder Wave|p2b: Goodra\n|-status|p2b: Goodra|par\n|move|p2a: Shaymin|Tera Blast|p1a: Scizor|[anim] Tera Blast Fire\n|-supereffective|p1a: Scizor\n|-damage|p1a: Scizor|1\/100\n|cant|p2b: Goodra|par\n|\n|upkeep\n|turn|7\n|c|\u2606AdvancedDigit|holy shit\n|c|\u2606Milotic010|Theres no way!\n|c|\u2606AdvancedDigit|LMAO\n|c|\u2606Milotic010|1 hp\n|inactive|Milotic010 has 120 seconds left.\n|c|\u2606Milotic010|No sash?\n|c|\u2606AdvancedDigit|.3 hp\n|c|\u2606AdvancedDigit|no\n|c|\u2606AdvancedDigit|metal coat\n|c|\u2606Milotic010|Oof\n|\n|t:|1697130783\n|move|p1a: Scizor|Bullet Punch|p2a: Shaymin\n|-resisted|p2a: Shaymin\n|-damage|p2a: Shaymin|0 fnt\n|faint|p2a: Shaymin\n|move|p1b: Murkrow|Taunt|p2b: Goodra\n|-start|p2b: Goodra|move: Taunt\n|cant|p2b: Goodra|move: Taunt|Curse\n|\n|upkeep\n|c|\u2606AdvancedDigit|whats ur nature\n|\n|t:|1697130791\n|switch|p2a: Cinderace|Cinderace, F, shiny|92\/100\n|turn|8\n|c|\u2606AdvancedDigit|and evs\n|c|\u2606AdvancedDigit|and item\n|c|\u2606AdvancedDigit|i wanna see the chance of that killing\n|\n|t:|1697130815\n|move|p1a: Scizor|Quick Attack|p2a: Cinderace\n|-damage|p2a: Cinderace|19\/100\n|move|p1b: Murkrow|Thunder Wave|p2a: Cinderace|[miss]\n|-miss|p1b: Murkrow|p2a: Cinderace\n|move|p2a: Cinderace|Acrobatics|p1b: Murkrow\n|-start|p2a: Cinderace|typechange|Flying|[from] ability: Libero\n|-damage|p1b: Murkrow|25\/100\n|move|p2b: Goodra|Iron Head|p1a: Scizor\n|-resisted|p1a: Scizor\n|-damage|p1a: Scizor|0 fnt\n|faint|p1a: Scizor\n|\n|upkeep\n|\n|t:|1697130822\n|switch|p1a: Chi-Yu|Chi-Yu|100\/100\n|-ability|p1a: Chi-Yu|Beads of Ruin\n|turn|9\n|c|\u2606Milotic010|Wide lens timid shaymin\n|inactive|AdvancedDigit has 120 seconds left.\n|inactive|AdvancedDigit has 90 seconds left.\n|\n|t:|1697130909\n|move|p1b: Murkrow|Thunder Wave|p2a: Cinderace\n|-status|p2a: Cinderace|par\n|move|p1a: Chi-Yu|Heat Wave|p2a: Cinderace|[spread] \n|-miss|p1a: Chi-Yu|p2a: Cinderace\n|-miss|p1a: Chi-Yu|p2b: Goodra\n|cant|p2a: Cinderace|par\n|move|p2b: Goodra|Body Press|p1a: Chi-Yu\n|-supereffective|p1a: Chi-Yu\n|-damage|p1a: Chi-Yu|40\/100\n|\n|-end|p2b: Goodra|move: Taunt\n|upkeep\n|turn|10\n|c|\u2606AdvancedDigit|damn double miss\n|\n|t:|1697130926\n|move|p1b: Murkrow|Thunder Wave|p2a: Cinderace|[miss]\n|-miss|p1b: Murkrow|p2a: Cinderace\n|move|p1a: Chi-Yu|Heat Wave|p2b: Goodra|[spread] p2a,p2b\n|-damage|p2a: Cinderace|0 fnt\n|-damage|p2b: Goodra|58\/100 par\n|faint|p2a: Cinderace\n|cant|p2b: Goodra|par\n|\n|-heal|p2b: Goodra|65\/100 par|[from] item: Leftovers\n|upkeep\n|\n|t:|1697130933\n|switch|p2a: Meloetta|Meloetta|100\/100\n|turn|11\n|inactive|AdvancedDigit has 90 seconds left.\n|c|\u2606Milotic010|Surprising\n|c|\u2606Milotic010|Imma guess clefairy follow me?\n|inactive|AdvancedDigit has 60 seconds left.\n|c|\u2606Milotic010|With evolite?\n|c|\u2606AdvancedDigit|yeth lol\n|c|\u2606AdvancedDigit|maybe im gettign the stats wrong but tera shouldnt have done 99\n|c|\u2606AdvancedDigit|i think i oout somethign in wrong\n|c|\u2606AdvancedDigit|oops\n|inactive|AdvancedDigit has 30 seconds left.\n|\n|t:|1697131019\n|move|p1b: Murkrow|Thunder Wave|p2a: Meloetta\n|-status|p2a: Meloetta|par\n|move|p1a: Chi-Yu|Heat Wave|p2a: Meloetta|[spread] p2a,p2b\n|-damage|p2a: Meloetta|42\/100 par\n|-damage|p2b: Goodra|27\/100 par\n|move|p2a: Meloetta|Hyper Voice|p1a: Chi-Yu|[spread] p1a,p1b\n|-damage|p1a: Chi-Yu|2\/100\n|-damage|p1b: Murkrow|0 fnt\n|faint|p1b: Murkrow\n|move|p2b: Goodra|Acid Armor|p2b: Goodra\n|-boost|p2b: Goodra|def|2\n|\n|-heal|p2a: Meloetta|49\/100 par|[from] item: Leftovers\n|-heal|p2b: Goodra|33\/100 par|[from] item: Leftovers\n|upkeep\n|\n|t:|1697131021\n|switch|p1b: Clefairy|Clefairy, M|100\/100\n|turn|12\n|c|\u2606AdvancedDigit|i lose if i miss\n|\n|t:|1697131043\n|move|p1b: Clefairy|Helping Hand|p1a: Chi-Yu\n|-singleturn|p1a: Chi-Yu|Helping Hand|[of] p1b: Clefairy\n|move|p1a: Chi-Yu|Heat Wave|p2a: Meloetta|[spread] p2a,p2b\n|-damage|p2a: Meloetta|0 fnt\n|-damage|p2b: Goodra|0 fnt\n|faint|p2a: Meloetta\n|faint|p2b: Goodra\n|\n|win|AdvancedDigit\n|raw|AdvancedDigit's rating: 1142 &rarr; <strong>1157<\/strong><br \/>(+15 for winning)\n|raw|Milotic010's rating: 1000 &rarr; <strong>1000<\/strong><br \/>(+0 for losing)\n|c|\u2606Milotic010|Gg\n|c|\u2606AdvancedDigit|gg\n|c|\u2606Milotic010|Cya around?\n","uploadtime":1697131116,"views":6,"p1id":"advanceddigit","p2id":"milotic010","formatid":"gen9nationaldexdoubles","rating":1000,"private":0,"password":""}