{"id":"gen9nationaldexdoubles-1973694292","p1":"Davichu7","p2":"cynda3","format":"[Gen 9] National Dex Doubles","log":"|j|\u2606Davichu7\n|j|\u2606cynda3\n|t:|1698004108\n|gametype|doubles\n|player|p1|Davichu7|pokemaniac|\n|player|p2|cynda3|lyra|\n|teamsize|p1|6\n|teamsize|p2|6\n|gen|9\n|tier|[Gen 9] National Dex Doubles\n|rule|HP Percentage Mod: HP is shown in percentages\n|rule|Endless Battle Clause: Forcing endless battles is banned\n|rule|OHKO Clause: OHKO moves are banned\n|rule|Evasion Moves Clause: Evasion moves are banned\n|rule|Evasion Abilities Clause: Evasion abilities are banned\n|rule|Species Clause: Limit one of each Pok\u00e9mon\n|rule|Gravity Sleep Clause: The combination of sleep-inducing moves with imperfect accuracy and Gravity or Gigantamax Orbeetle are banned\n|clearpoke\n|poke|p1|Flutter Mane|\n|poke|p1|Gholdengo|\n|poke|p1|Sableye, M|\n|poke|p1|Dragapult, M|\n|poke|p1|Typhlosion-Hisui, M|\n|poke|p1|Palossand, F|\n|poke|p2|Volcarona, F|\n|poke|p2|Araquanid, M|\n|poke|p2|Illumise, F|\n|poke|p2|Shuckle, F|\n|poke|p2|Pinsir, M|\n|poke|p2|Slither Wing|\n|teampreview\n|\n|t:|1698004134\n|start\n|switch|p1a: Dragapult|Dragapult, M, shiny|100\/100\n|switch|p1b: Palossand|Palossand, F, shiny|100\/100\n|switch|p2a: Thrickster|Illumise, F, shiny|100\/100\n|switch|p2b: FIUMMMMMM|Pinsir, M|100\/100\n|turn|1\n|\n|t:|1698004155\n|detailschange|p2b: FIUMMMMMM|Pinsir-Mega, M\n|-mega|p2b: FIUMMMMMM|Pinsir|Pinsirite\n|move|p2a: Thrickster|Thunder Wave|p1a: Dragapult\n|-status|p1a: Dragapult|par\n|move|p2b: FIUMMMMMM|Knock Off|p1a: Dragapult\n|-supereffective|p1a: Dragapult\n|-damage|p1a: Dragapult|16\/100 par\n|-enditem|p1a: Dragapult|Light Clay|[from] move: Knock Off|[of] p2b: FIUMMMMMM\n|move|p1a: Dragapult|Reflect|p1a: Dragapult\n|-sidestart|p1: Davichu7|Reflect\n|move|p1b: Palossand|Stealth Rock|p2a: Thrickster\n|-sidestart|p2: cynda3|move: Stealth Rock\n|\n|upkeep\n|turn|2\n|\n|t:|1698004187\n|switch|p2a: Ara\u00f1ita|Araquanid, M, shiny|100\/100\n|-damage|p2a: Ara\u00f1ita|75\/100|[from] Stealth Rock\n|move|p2b: FIUMMMMMM|Quick Attack|p1a: Dragapult\n|-damage|p1a: Dragapult|0 fnt\n|faint|p1a: Dragapult\n|move|p1b: Palossand|Earth Power|p2a: Ara\u00f1ita\n|-resisted|p2a: Ara\u00f1ita\n|-damage|p2a: Ara\u00f1ita|66\/100\n|\n|-heal|p2a: Ara\u00f1ita|72\/100|[from] item: Leftovers\n|upkeep\n|\n|t:|1698004204\n|switch|p1a: Flutter Mane|Flutter Mane, shiny|100\/100\n|-enditem|p1a: Flutter Mane|Booster Energy\n|-activate|p1a: Flutter Mane|ability: Protosynthesis|[fromitem]\n|-start|p1a: Flutter Mane|protosynthesisspe\n|turn|3\n|\n|t:|1698004231\n|switch|p1b: Gholdengo|Gholdengo, shiny|100\/100\n|move|p2a: Ara\u00f1ita|Wide Guard|p2a: Ara\u00f1ita\n|-singleturn|p2a: Ara\u00f1ita|Wide Guard\n|move|p1a: Flutter Mane|Thunderbolt|p2a: Ara\u00f1ita\n|-supereffective|p2a: Ara\u00f1ita\n|-damage|p2a: Ara\u00f1ita|32\/100\n|move|p2b: FIUMMMMMM|Return|p1a: Flutter Mane\n|-damage|p1a: Flutter Mane|0 fnt\n|faint|p1a: Flutter Mane\n|-end|p1a: Flutter Mane|Protosynthesis|[silent]\n|\n|-heal|p2a: Ara\u00f1ita|38\/100|[from] item: Leftovers\n|upkeep\n|\n|t:|1698004251\n|switch|p1a: Sableye|Sableye, M, shiny|100\/100\n|turn|4\n|\n|t:|1698004276\n|detailschange|p1a: Sableye|Sableye-Mega, M, shiny\n|-mega|p1a: Sableye|Sableye|Sablenite\n|move|p2a: Ara\u00f1ita|Wide Guard|p2a: Ara\u00f1ita\n|-singleturn|p2a: Ara\u00f1ita|Wide Guard\n|move|p2b: FIUMMMMMM|Knock Off|p1b: Gholdengo\n|-supereffective|p1b: Gholdengo\n|-damage|p1b: Gholdengo|49\/100\n|-enditem|p1b: Gholdengo|Leftovers|[from] move: Knock Off|[of] p2b: FIUMMMMMM\n|move|p1b: Gholdengo|Nasty Plot|p1b: Gholdengo\n|-boost|p1b: Gholdengo|spa|2\n|move|p1a: Sableye|Knock Off|p2a: Ara\u00f1ita\n|-damage|p2a: Ara\u00f1ita|4\/100\n|-enditem|p2a: Ara\u00f1ita|Leftovers|[from] move: Knock Off|[of] p1a: Sableye\n|\n|upkeep\n|turn|5\n|\n|t:|1698004307\n|move|p2a: Ara\u00f1ita|Wide Guard|p2a: Ara\u00f1ita\n|-singleturn|p2a: Ara\u00f1ita|Wide Guard\n|move|p2b: FIUMMMMMM|Return|p1b: Gholdengo\n|-resisted|p1b: Gholdengo\n|-crit|p1b: Gholdengo\n|-damage|p1b: Gholdengo|0 fnt\n|faint|p1b: Gholdengo\n|move|p1a: Sableye|Knock Off|p2a: Ara\u00f1ita\n|-damage|p2a: Ara\u00f1ita|0 fnt\n|faint|p2a: Ara\u00f1ita\n|\n|-sideend|p1: Davichu7|Reflect\n|upkeep\n|\n|t:|1698004322\n|switch|p1b: Typhlosion|Typhlosion-Hisui, M, shiny|100\/100\n|switch|p2a: Caracol|Shuckle, F, shiny|100\/100\n|-item|p2a: Caracol|Leftovers|[from] ability: Frisk|[of] p1b: Typhlosion|[identify]\n|-item|p2b: FIUMMMMMM|Pinsirite|[from] ability: Frisk|[of] p1b: Typhlosion|[identify]\n|-damage|p2a: Caracol|75\/100|[from] Stealth Rock\n|turn|6\n|\n|t:|1698004343\n|move|p1b: Typhlosion|Flamethrower|p2b: FIUMMMMMM\n|-supereffective|p2b: FIUMMMMMM\n|-damage|p2b: FIUMMMMMM|0 fnt\n|faint|p2b: FIUMMMMMM\n|move|p1a: Sableye|Will-O-Wisp|p2a: Caracol\n|-status|p2a: Caracol|brn\n|move|p2a: Caracol|Infestation|p1a: Sableye\n|-damage|p1a: Sableye|99\/100\n|-activate|p1a: Sableye|move: Infestation|[of] p2a: Caracol\n|\n|-heal|p2a: Caracol|82\/100 brn|[from] item: Leftovers\n|-damage|p2a: Caracol|75\/100 brn|[from] brn\n|-damage|p1a: Sableye|87\/100|[from] move: Infestation|[partiallytrapped]\n|upkeep\n|\n|t:|1698004348\n|switch|p2b: Thrickster|Illumise, F, shiny|100\/100\n|-damage|p2b: Thrickster|76\/100|[from] Stealth Rock\n|turn|7\n|\n|t:|1698004368\n|move|p2b: Thrickster|Thunder Wave|p1b: Typhlosion\n|-status|p1b: Typhlosion|par\n|move|p1b: Typhlosion|Flamethrower|p2b: Thrickster\n|-supereffective|p2b: Thrickster\n|-damage|p2b: Thrickster|9\/100\n|move|p1a: Sableye|Knock Off|p2a: Caracol\n|-damage|p2a: Caracol|55\/100 brn\n|-enditem|p2a: Caracol|Leftovers|[from] move: Knock Off|[of] p1a: Sableye\n|move|p2a: Caracol|Infestation|p1b: Typhlosion\n|-resisted|p1b: Typhlosion\n|-damage|p1b: Typhlosion|99\/100 par\n|-activate|p1b: Typhlosion|move: Infestation|[of] p2a: Caracol\n|\n|-damage|p2a: Caracol|49\/100 brn|[from] brn\n|-damage|p1b: Typhlosion|88\/100 par|[from] move: Infestation|[partiallytrapped]\n|-damage|p1a: Sableye|75\/100|[from] move: Infestation|[partiallytrapped]\n|upkeep\n|turn|8\n|\n|t:|1698004396\n|move|p2b: Thrickster|Thunder Wave|p1a: Sableye\n|move|p1a: Sableye|Thunder Wave|p2b: Thrickster|[from]ability: Magic Bounce\n|-status|p2b: Thrickster|par\n|cant|p1b: Typhlosion|par\n|move|p1a: Sableye|Knock Off|p2b: Thrickster\n|-damage|p2b: Thrickster|0 fnt\n|-enditem|p2b: Thrickster|Choice Band|[from] move: Knock Off|[of] p1a: Sableye\n|faint|p2b: Thrickster\n|move|p2a: Caracol|Stealth Rock|p1a: Sableye\n|move|p1a: Sableye|Stealth Rock||[from]ability: Magic Bounce|[still]\n|-fail|p1a: Sableye\n|\n|-damage|p2a: Caracol|43\/100 brn|[from] brn\n|-damage|p1b: Typhlosion|76\/100 par|[from] move: Infestation|[partiallytrapped]\n|-damage|p1a: Sableye|63\/100|[from] move: Infestation|[partiallytrapped]\n|upkeep\n|\n|t:|1698004403\n|switch|p2b: Hey hola|Slither Wing|100\/100\n|-damage|p2b: Hey hola|88\/100|[from] Stealth Rock\n|turn|9\n|\n|t:|1698004440\n|switch|p2a: Mvp|Volcarona, F, shiny|100\/100\n|move|p2b: Hey hola|Wild Charge|p1b: Typhlosion\n|-damage|p1b: Typhlosion|0 fnt\n|faint|p1b: Typhlosion\n|-damage|p2b: Hey hola|71\/100|[from] Recoil\n|move|p1a: Sableye|Recover|p1a: Sableye\n|-heal|p1a: Sableye|100\/100\n|\n|-end|p1a: Sableye|Infestation|[partiallytrapped]|[silent]\n|upkeep\n|\n|t:|1698004449\n|switch|p1b: Palossand|Palossand, F, shiny|100\/100\n|turn|10\n|\n|t:|1698004460\n|move|p2a: Mvp|Quiver Dance|p2a: Mvp\n|-boost|p2a: Mvp|spa|1\n|-boost|p2a: Mvp|spd|1\n|-boost|p2a: Mvp|spe|1\n|move|p2b: Hey hola|Wild Charge|p1a: Sableye\n|-damage|p1a: Sableye|52\/100\n|-damage|p2b: Hey hola|59\/100|[from] Recoil\n|move|p1b: Palossand|Earth Power|p2a: Mvp\n|-damage|p2a: Mvp|77\/100\n|move|p1a: Sableye|Knock Off|p2a: Mvp\n|-damage|p2a: Mvp|34\/100\n|-enditem|p2a: Mvp|Heavy-Duty Boots|[from] move: Knock Off|[of] p1a: Sableye\n|\n|upkeep\n|turn|11\n|\n|t:|1698004477\n|move|p2a: Mvp|Giga Drain|p1b: Palossand\n|-supereffective|p1b: Palossand\n|-damage|p1b: Palossand|4\/100\n|-heal|p2a: Mvp|91\/100|[from] drain|[of] p1b: Palossand\n|move|p2b: Hey hola|Wild Charge|p1a: Sableye\n|-damage|p1a: Sableye|6\/100\n|-damage|p2b: Hey hola|48\/100|[from] Recoil\n|move|p1b: Palossand|Earth Power|p2a: Mvp\n|-damage|p2a: Mvp|67\/100\n|move|p1a: Sableye|Recover|p1a: Sableye\n|-heal|p1a: Sableye|56\/100\n|\n|-heal|p1b: Palossand|10\/100|[from] item: Leftovers\n|upkeep\n|turn|12\n|\n|t:|1698004495\n|move|p2a: Mvp|Giga Drain|p1b: Palossand\n|-supereffective|p1b: Palossand\n|-damage|p1b: Palossand|0 fnt\n|-heal|p2a: Mvp|73\/100|[from] drain|[of] p1b: Palossand\n|faint|p1b: Palossand\n|move|p2b: Hey hola|Wild Charge|p1a: Sableye\n|-damage|p1a: Sableye|11\/100\n|-damage|p2b: Hey hola|37\/100|[from] Recoil\n|move|p1a: Sableye|Knock Off|p2a: Mvp\n|-damage|p2a: Mvp|43\/100\n|\n|upkeep\n|turn|13\n|\n|t:|1698004506\n|move|p1a: Sableye|Protect|p1a: Sableye\n|-singleturn|p1a: Sableye|Protect\n|move|p2a: Mvp|Bug Buzz|p1a: Sableye\n|-activate|p1a: Sableye|move: Protect\n|move|p2b: Hey hola|Wild Charge|p1a: Sableye\n|-activate|p1a: Sableye|move: Protect\n|\n|upkeep\n|turn|14\n|\n|t:|1698004524\n|move|p2a: Mvp|Heat Wave|p1a: Sableye\n|-damage|p1a: Sableye|0 fnt\n|faint|p1a: Sableye\n|\n|win|cynda3\n|l|\u2606Davichu7\n","uploadtime":1698004540,"views":12,"p1id":"davichu7","p2id":"cynda3","formatid":"gen9nationaldexdoubles","rating":0,"private":0,"password":""}