{"id":"gen9nationaldexdoubles-1982786305","p1":"Qapi","p2":"InkyGoBoo!","format":"[Gen 9] National Dex Doubles","log":"|j|\u2606Qapi\n|j|\u2606InkyGoBoo!\n|t:|1699044760\n|gametype|doubles\n|player|p1|Qapi|hiker-gen4|\n|player|p2|InkyGoBoo!|nemona-s|\n|teamsize|p1|6\n|teamsize|p2|6\n|gen|9\n|tier|[Gen 9] National Dex Doubles\n|rule|HP Percentage Mod: HP is shown in percentages\n|rule|Endless Battle Clause: Forcing endless battles is banned\n|rule|OHKO Clause: OHKO moves are banned\n|rule|Evasion Moves Clause: Evasion moves are banned\n|rule|Evasion Abilities Clause: Evasion abilities are banned\n|rule|Species Clause: Limit one of each Pok\u00e9mon\n|rule|Gravity Sleep Clause: The combination of sleep-inducing moves with imperfect accuracy and Gravity or Gigantamax Orbeetle are banned\n|clearpoke\n|poke|p1|Maushold|\n|poke|p1|Urshifu-*, F|\n|poke|p1|Grimmsnarl, M|\n|poke|p1|Garganacl, M|\n|poke|p1|Sinistcha|\n|poke|p1|Volcarona, F|\n|poke|p2|Tapu Koko|\n|poke|p2|Ampharos, M|\n|poke|p2|Raichu-Alola, F|\n|poke|p2|Iron Hands|\n|poke|p2|Iron Valiant|\n|poke|p2|Hawlucha, M|\n|teampreview\n|inactive|Battle timer is ON: inactive players will automatically lose when time's up. (requested by InkyGoBoo!)\n|inactive|Qapi has 270 seconds left.\n|\n|t:|1699044802\n|start\n|switch|p1a: Urshifu|Urshifu-Rapid-Strike, F|100\/100\n|switch|p1b: Sinistcha|Sinistcha|100\/100\n|switch|p2a: Guardian Of W's|Tapu Koko, shiny|100\/100\n|switch|p2b: Beeg Boi|Iron Hands, shiny|100\/100\n|-fieldstart|move: Electric Terrain|[from] ability: Electric Surge|[of] p2a: Guardian Of W's\n|-activate|p2b: Beeg Boi|ability: Quark Drive\n|-start|p2b: Beeg Boi|quarkdriveatk\n|turn|1\n|j| AhiruChan\n|c| AhiruChan|He beggg\n|\n|t:|1699044824\n|move|p1a: Urshifu|Protect|p1a: Urshifu\n|-singleturn|p1a: Urshifu|Protect\n|move|p2b: Beeg Boi|Fake Out|p1a: Urshifu\n|-activate|p1a: Urshifu|move: Protect\n|move|p2a: Guardian Of W's|Dazzling Gleam|p1b: Sinistcha|[spread] p1b\n|-activate|p1a: Urshifu|move: Protect\n|-damage|p1b: Sinistcha|73\/100\n|move|p1b: Sinistcha|Matcha Gotcha|p2b: Beeg Boi|[spread] p2a,p2b\n|-damage|p2a: Guardian Of W's|54\/100\n|-heal|p1b: Sinistcha|92\/100|[from] drain|[of] p2a: Guardian Of W's\n|-damage|p2b: Beeg Boi|74\/100\n|-heal|p1b: Sinistcha|100\/100|[from] drain|[of] p2b: Beeg Boi\n|-status|p2a: Guardian Of W's|brn\n|\n|-heal|p2b: Beeg Boi|80\/100|[from] item: Leftovers\n|-damage|p2a: Guardian Of W's|47\/100 brn|[from] brn\n|upkeep\n|turn|2\n|j| Jeery112\n|\n|t:|1699044846\n|switch|p1a: Volcarona|Volcarona, F|100\/100\n|move|p2a: Guardian Of W's|Volt Switch|p1a: Volcarona\n|-damage|p1a: Volcarona|58\/100\n|\n|t:|1699044855\n|switch|p2a: Hawlucha|Hawlucha, M, shiny|100\/100|[from] Volt Switch\n|-enditem|p2a: Hawlucha|Electric Seed\n|-boost|p2a: Hawlucha|def|1|[from] item: Electric Seed\n|move|p1b: Sinistcha|Matcha Gotcha|p2a: Hawlucha|[spread] p2a,p2b\n|-resisted|p2a: Hawlucha\n|-damage|p2a: Hawlucha|76\/100\n|-damage|p2b: Beeg Boi|55\/100\n|-status|p2b: Beeg Boi|brn\n|move|p2b: Beeg Boi|Ice Punch|p1b: Sinistcha\n|-supereffective|p1b: Sinistcha\n|-damage|p1b: Sinistcha|66\/100\n|\n|-heal|p1b: Sinistcha|72\/100|[from] item: Leftovers\n|-heal|p2b: Beeg Boi|61\/100 brn|[from] item: Leftovers\n|-damage|p2b: Beeg Boi|55\/100 brn|[from] brn\n|upkeep\n|turn|3\n|\n|t:|1699044882\n|-terastallize|p1a: Volcarona|Psychic\n|move|p1b: Sinistcha|Protect|p1b: Sinistcha\n|-singleturn|p1b: Sinistcha|Protect\n|move|p2a: Hawlucha|Acrobatics|p1b: Sinistcha\n|-activate|p1b: Sinistcha|move: Protect\n|move|p1a: Volcarona|Psychic|p2a: Hawlucha\n|-supereffective|p2a: Hawlucha\n|-damage|p2a: Hawlucha|0 fnt\n|faint|p2a: Hawlucha\n|move|p2b: Beeg Boi|Thunder Punch|p1a: Volcarona\n|-damage|p1a: Volcarona|2\/100\n|\n|-heal|p1b: Sinistcha|78\/100|[from] item: Leftovers\n|-heal|p2b: Beeg Boi|61\/100 brn|[from] item: Leftovers\n|-damage|p2b: Beeg Boi|55\/100 brn|[from] brn\n|upkeep\n|\n|t:|1699044894\n|switch|p2a: ZAP!|Raichu-Alola, F, shiny|100\/100\n|turn|4\n|\n|t:|1699044905\n|-end|p2b: Beeg Boi|Quark Drive|[silent]\n|switch|p2b: L'Or\u00e8al|Ampharos, M, shiny|100\/100\n|move|p1b: Sinistcha|Rage Powder|p1b: Sinistcha\n|-singleturn|p1b: Sinistcha|move: Rage Powder\n|-zpower|p2a: ZAP!\n|move|p2a: ZAP!|Stoked Sparksurfer|p1b: Sinistcha|[zeffect]\n|-resisted|p1b: Sinistcha\n|-damage|p1b: Sinistcha|26\/100\n|-status|p1b: Sinistcha|par\n|move|p1a: Volcarona|Bug Buzz|p2a: ZAP!\n|-supereffective|p2a: ZAP!\n|-damage|p2a: ZAP!|0 fnt\n|faint|p2a: ZAP!\n|\n|-heal|p1b: Sinistcha|32\/100 par|[from] item: Leftovers\n|upkeep\n|\n|t:|1699044923\n|switch|p2a: Iron Valiant|Iron Valiant, shiny|100\/100\n|-activate|p2a: Iron Valiant|ability: Quark Drive\n|-start|p2a: Iron Valiant|quarkdrivespe\n|turn|5\n|c| AhiruChan|Oofie-\n|\n|t:|1699044931\n|detailschange|p2b: L'Or\u00e8al|Ampharos-Mega, M, shiny\n|-mega|p2b: L'Or\u00e8al|Ampharos|Ampharosite\n|-ability|p2b: L'Or\u00e8al|Mold Breaker\n|cant|p1b: Sinistcha|par\n|move|p2a: Iron Valiant|Moonblast|p1a: Volcarona\n|-damage|p1a: Volcarona|0 fnt\n|faint|p1a: Volcarona\n|-damage|p2a: Iron Valiant|91\/100|[from] item: Life Orb\n|move|p2b: L'Or\u00e8al|Dragon Pulse|p1b: Sinistcha\n|-damage|p1b: Sinistcha|0 fnt\n|faint|p1b: Sinistcha\n|\n|upkeep\n|\n|t:|1699044958\n|switch|p1a: Maushold|Maushold|100\/100\n|switch|p1b: Urshifu|Urshifu-Rapid-Strike, F|100\/100\n|turn|6\n|\n|t:|1699044968\n|move|p1a: Maushold|Follow Me|p1a: Maushold\n|-singleturn|p1a: Maushold|move: Follow Me\n|move|p2a: Iron Valiant|Aura Sphere|p1a: Maushold\n|-supereffective|p1a: Maushold\n|-enditem|p1a: Maushold|Focus Sash\n|-damage|p1a: Maushold|1\/100\n|-damage|p2a: Iron Valiant|81\/100|[from] item: Life Orb\n|move|p1b: Urshifu|Surging Strikes|p2a: Iron Valiant\n|-crit|p2a: Iron Valiant\n|-damage|p2a: Iron Valiant|57\/100\n|-crit|p2a: Iron Valiant\n|-damage|p2a: Iron Valiant|30\/100\n|-crit|p2a: Iron Valiant\n|-damage|p2a: Iron Valiant|3\/100\n|-hitcount|p2a: Iron Valiant|3\n|move|p2b: L'Or\u00e8al|Thunderbolt|p1a: Maushold\n|-damage|p1a: Maushold|0 fnt\n|faint|p1a: Maushold\n|\n|upkeep\n|\n|t:|1699044991\n|switch|p1a: Garganacl|Garganacl, M|100\/100\n|turn|7\n|j| Sencopion\n|\n|t:|1699044997\n|move|p1b: Urshifu|Aqua Jet|p2a: Iron Valiant\n|-crit|p2a: Iron Valiant\n|-damage|p2a: Iron Valiant|0 fnt\n|faint|p2a: Iron Valiant\n|-end|p2a: Iron Valiant|Quark Drive|[silent]\n|move|p2b: L'Or\u00e8al|Focus Blast|p1a: Garganacl\n|-supereffective|p1a: Garganacl\n|-damage|p1a: Garganacl|35\/100\n|move|p1a: Garganacl|Iron Defense|p1a: Garganacl\n|-boost|p1a: Garganacl|def|2\n|\n|-heal|p1a: Garganacl|41\/100|[from] item: Leftovers\n|upkeep\n|c| AhiruChan|The valiant doesnt die easily\n|\n|t:|1699045006\n|switch|p2a: Guardian Of W's|Tapu Koko, shiny|47\/100 brn\n|turn|8\n|\n|t:|1699045021\n|-terastallize|p2a: Guardian Of W's|Fairy\n|move|p2a: Guardian Of W's|Dazzling Gleam|p1a: Garganacl|[spread] p1a,p1b\n|-supereffective|p1b: Urshifu\n|-damage|p1a: Garganacl|17\/100\n|-damage|p1b: Urshifu|7\/100\n|move|p1b: Urshifu|Surging Strikes|p2a: Guardian Of W's\n|-crit|p2a: Guardian Of W's\n|-damage|p2a: Guardian Of W's|18\/100 brn\n|-crit|p2a: Guardian Of W's\n|-damage|p2a: Guardian Of W's|0 fnt\n|faint|p2a: Guardian Of W's\n|-hitcount|p2: Guardian Of W's|2\n|move|p2b: L'Or\u00e8al|Focus Blast|p1a: Garganacl|[miss]\n|-miss|p2b: L'Or\u00e8al|p1a: Garganacl\n|move|p1a: Garganacl|Recover|p1a: Garganacl\n|-heal|p1a: Garganacl|67\/100\n|\n|-heal|p1a: Garganacl|73\/100|[from] item: Leftovers\n|-fieldend|move: Electric Terrain\n|upkeep\n|c|\u2606InkyGoBoo!|...really?\n|\n|t:|1699045035\n|switch|p2a: Beeg Boi|Iron Hands, shiny|55\/100 brn\n|turn|9\n|\n|t:|1699045054\n|move|p1b: Urshifu|Protect|p1b: Urshifu\n|-singleturn|p1b: Urshifu|Protect\n|move|p2a: Beeg Boi|Fake Out|p1b: Urshifu\n|-activate|p1b: Urshifu|move: Protect\n|move|p2b: L'Or\u00e8al|Focus Blast|p1a: Garganacl|[miss]\n|-miss|p2b: L'Or\u00e8al|p1a: Garganacl\n|move|p1a: Garganacl|Body Press|p2a: Beeg Boi\n|-damage|p2a: Beeg Boi|25\/100 brn\n|\n|-heal|p2a: Beeg Boi|31\/100 brn|[from] item: Leftovers\n|-heal|p1a: Garganacl|79\/100|[from] item: Leftovers\n|-damage|p2a: Beeg Boi|25\/100 brn|[from] brn\n|upkeep\n|turn|10\n|c|\u2606InkyGoBoo!|BRUH\n|\n|t:|1699045073\n|move|p1b: Urshifu|Close Combat|p2b: L'Or\u00e8al\n|-damage|p2b: L'Or\u00e8al|49\/100\n|-unboost|p1b: Urshifu|def|1\n|-unboost|p1b: Urshifu|spd|1\n|move|p2a: Beeg Boi|Thunder Punch|p1b: Urshifu\n|-supereffective|p1b: Urshifu\n|-damage|p1b: Urshifu|0 fnt\n|faint|p1b: Urshifu\n|move|p2b: L'Or\u00e8al|Focus Blast|p1a: Garganacl\n|-supereffective|p1a: Garganacl\n|-damage|p1a: Garganacl|12\/100\n|move|p1a: Garganacl|Body Press|p2a: Beeg Boi\n|-damage|p2a: Beeg Boi|0 fnt\n|faint|p2a: Beeg Boi\n|-end|p2a: Beeg Boi|Quark Drive|[silent]\n|\n|-heal|p1a: Garganacl|18\/100|[from] item: Leftovers\n|upkeep\n|c| AhiruChan|The game isnt being wholesome rn\n|c| Sencopion|Focus miss\n|\n|t:|1699045081\n|switch|p1b: Grimmsnarl|Grimmsnarl, M|100\/100\n|turn|11\n|\n|t:|1699045089\n|move|p1b: Grimmsnarl|Spirit Break|p2b: L'Or\u00e8al\n|-supereffective|p2b: L'Or\u00e8al\n|-damage|p2b: L'Or\u00e8al|0 fnt\n|faint|p2b: L'Or\u00e8al\n|\n|win|Qapi\n|c|\u2606InkyGoBoo!|Welp, gg...\n|c|\u2606Qapi|gg\n|l| Sencopion\n|c| AhiruChan|Inky got robbed damn-\n|c|\u2606Qapi|Focus Miss, am I right?\n|l| AhiruChan\n|l| Jeery112\n|l|\u2606Qapi\n","uploadtime":1699045114,"views":17,"p1id":"qapi","p2id":"inkygoboo","formatid":"gen9nationaldexdoubles","rating":0,"private":0,"password":""}