{"id":"gen9nationaldexdoubles-1987898689","p1":"Jam35_Name","p2":"Vican259","format":"[Gen 9] National Dex Doubles","log":"|j|\u2606Jam35_Name\n|j|\u2606Vican259\n|t:|1699647144\n|gametype|doubles\n|player|p1|Jam35_Name|policeman|\n|player|p2|Vican259|bellelba|\n|teamsize|p1|6\n|teamsize|p2|6\n|gen|9\n|tier|[Gen 9] National Dex Doubles\n|rule|HP Percentage Mod: HP is shown in percentages\n|rule|Endless Battle Clause: Forcing endless battles is banned\n|rule|OHKO Clause: OHKO moves are banned\n|rule|Evasion Moves Clause: Evasion moves are banned\n|rule|Evasion Abilities Clause: Evasion abilities are banned\n|rule|Species Clause: Limit one of each Pok\u00e9mon\n|rule|Gravity Sleep Clause: The combination of sleep-inducing moves with imperfect accuracy and Gravity or Gigantamax Orbeetle are banned\n|clearpoke\n|poke|p1|Ogerpon-Cornerstone, F|\n|poke|p1|Stakataka|\n|poke|p1|Shuckle, M|\n|poke|p1|Tyranitar, M|\n|poke|p1|Cradily, F|\n|poke|p1|Coalossal, M|\n|poke|p2|Ting-Lu|\n|poke|p2|Crawdaunt, M|\n|poke|p2|Honchkrow, F|\n|poke|p2|Wo-Chien|\n|poke|p2|Houndoom, F|\n|poke|p2|Hydreigon, M|\n|teampreview\n|\n|t:|1699647188\n|start\n|switch|p1a: Stacko|Stakataka, shiny|100\/100\n|switch|p1b: The Shuckler|Shuckle, M, shiny|100\/100\n|switch|p2a: No sp atac|Ting-Lu|100\/100\n|switch|p2b: Honchkrow|Honchkrow, F|100\/100\n|-ability|p2a: No sp atac|Vessel of Ruin\n|turn|1\n|\n|t:|1699647266\n|-terastallize|p1a: Stacko|Flying\n|move|p2b: Honchkrow|Night Slash|p1b: The Shuckler\n|-damage|p1b: The Shuckler|82\/100\n|move|p2a: No sp atac|Earthquake|p1b: The Shuckler|[spread] p1b\n|-immune|p2b: Honchkrow\n|-immune|p1a: Stacko\n|-damage|p1b: The Shuckler|63\/100\n|move|p1b: The Shuckler|Sticky Web|p2b: Honchkrow\n|-sidestart|p2: Vican259|move: Sticky Web\n|move|p1a: Stacko|Trick Room|p1a: Stacko\n|-fieldstart|move: Trick Room|[of] p1a: Stacko\n|\n|upkeep\n|turn|2\n|\n|t:|1699647310\n|move|p1b: The Shuckler|Stealth Rock|p2b: Honchkrow\n|-sidestart|p2: Vican259|move: Stealth Rock\n|move|p1a: Stacko|Gyro Ball|p2b: Honchkrow\n|-crit|p2b: Honchkrow\n|-damage|p2b: Honchkrow|0 fnt\n|faint|p2b: Honchkrow\n|-ability|p1a: Stacko|Beast Boost|boost\n|-boost|p1a: Stacko|atk|1\n|move|p2a: No sp atac|Stealth Rock|p1a: Stacko\n|-sidestart|p1: Jam35_Name|move: Stealth Rock\n|\n|upkeep\n|\n|t:|1699647330\n|switch|p2b: Hydreigon|Hydreigon, M|100\/100\n|-damage|p2b: Hydreigon|88\/100|[from] Stealth Rock\n|turn|3\n|\n|t:|1699647349\n|switch|p2a: No atac|Wo-Chien|100\/100\n|-activate|p2a: No atac|move: Sticky Web\n|-unboost|p2a: No atac|spe|1\n|-damage|p2a: No atac|88\/100|[from] Stealth Rock\n|-ability|p2a: No atac|Tablets of Ruin\n|-terastallize|p2b: Hydreigon|Steel\n|move|p1b: The Shuckler|Sunny Day|p1b: The Shuckler\n|-weather|SunnyDay\n|move|p1a: Stacko|Gyro Ball|p2b: Hydreigon\n|-resisted|p2b: Hydreigon\n|-damage|p2b: Hydreigon|28\/100\n|move|p2b: Hydreigon|Flash Cannon|p1b: The Shuckler\n|-supereffective|p1b: The Shuckler\n|-damage|p1b: The Shuckler|0 fnt\n|faint|p1b: The Shuckler\n|\n|-weather|SunnyDay|[upkeep]\n|-heal|p2a: No atac|94\/100|[from] item: Leftovers\n|upkeep\n|\n|t:|1699647372\n|switch|p1b: Kinda hot ngl|Coalossal, M|100\/100\n|-damage|p1b: Kinda hot ngl|76\/100|[from] Stealth Rock\n|turn|4\n|\n|t:|1699647406\n|move|p1a: Stacko|Heat Crash|p2a: No atac\n|-supereffective|p2a: No atac\n|-crit|p2a: No atac\n|-damage|p2a: No atac|0 fnt\n|faint|p2a: No atac\n|-ability|p1a: Stacko|Beast Boost|boost\n|-boost|p1a: Stacko|atk|1\n|move|p1b: Kinda hot ngl|Burn Up|p2b: Hydreigon\n|-supereffective|p2b: Hydreigon\n|-damage|p2b: Hydreigon|0 fnt\n|-start|p1b: Kinda hot ngl|typechange|Rock\/???|[from] move: Burn Up\n|faint|p2b: Hydreigon\n|\n|-weather|SunnyDay|[upkeep]\n|upkeep\n|\n|t:|1699647435\n|switch|p2a: Crawdaunt|Crawdaunt, M|100\/100\n|switch|p2b: Houndoom|Houndoom, F|100\/100\n|-activate|p2a: Crawdaunt|move: Sticky Web\n|-unboost|p2a: Crawdaunt|spe|1\n|-damage|p2a: Crawdaunt|88\/100|[from] Stealth Rock\n|-activate|p2b: Houndoom|move: Sticky Web\n|-unboost|p2b: Houndoom|spe|1\n|-damage|p2b: Houndoom|76\/100|[from] Stealth Rock\n|turn|5\n|\n|t:|1699647474\n|detailschange|p2b: Houndoom|Houndoom-Mega, F\n|-mega|p2b: Houndoom|Houndoom|Houndoominite\n|move|p2a: Crawdaunt|Aqua Jet|p1b: Kinda hot ngl\n|-supereffective|p1b: Kinda hot ngl\n|-damage|p1b: Kinda hot ngl|40\/100\n|-ability|p1b: Kinda hot ngl|Steam Engine|boost\n|-boost|p1b: Kinda hot ngl|spe|6\n|-enditem|p1b: Kinda hot ngl|Weakness Policy\n|-boost|p1b: Kinda hot ngl|atk|2|[from] item: Weakness Policy\n|-boost|p1b: Kinda hot ngl|spa|2|[from] item: Weakness Policy\n|move|p1a: Stacko|Earthquake|p2b: Houndoom|[spread] p1b,p2a,p2b\n|-supereffective|p1b: Kinda hot ngl\n|-supereffective|p2b: Houndoom\n|-damage|p1b: Kinda hot ngl|0 fnt\n|-damage|p2a: Crawdaunt|6\/100\n|-damage|p2b: Houndoom|0 fnt\n|faint|p1b: Kinda hot ngl\n|faint|p2b: Houndoom\n|-ability|p1a: Stacko|Beast Boost|boost\n|-boost|p1a: Stacko|atk|2\n|\n|-weather|SunnyDay|[upkeep]\n|-fieldend|move: Trick Room\n|upkeep\n|\n|t:|1699647495\n|switch|p2b: No sp atac|Ting-Lu|100\/100\n|switch|p1b: Phallic|Cradily, F|100\/100\n|-damage|p1b: Phallic|88\/100|[from] Stealth Rock\n|-activate|p2b: No sp atac|move: Sticky Web\n|-unboost|p2b: No sp atac|spe|1\n|-damage|p2b: No sp atac|94\/100|[from] Stealth Rock\n|-ability|p2b: No sp atac|Vessel of Ruin\n|turn|6\n|\n|t:|1699647517\n|move|p2b: No sp atac|Protect|p2b: No sp atac\n|-singleturn|p2b: No sp atac|Protect\n|move|p2a: Crawdaunt|Aqua Jet|p1b: Phallic\n|-activate|p1b: Phallic|ability: Storm Drain\n|-ability|p1b: Phallic|Storm Drain|boost\n|-boost|p1b: Phallic|spa|1\n|move|p1b: Phallic|Recover|p1b: Phallic\n|-heal|p1b: Phallic|100\/100\n|move|p1a: Stacko|Earthquake|p2a: Crawdaunt|[spread] p1b,p2a\n|-activate|p2b: No sp atac|move: Protect\n|-damage|p1b: Phallic|40\/100\n|-damage|p2a: Crawdaunt|0 fnt\n|faint|p2a: Crawdaunt\n|-ability|p1a: Stacko|Beast Boost|boost\n|-boost|p1a: Stacko|atk|1\n|\n|-weather|SunnyDay|[upkeep]\n|-heal|p1b: Phallic|46\/100|[from] item: Leftovers\n|-heal|p2b: No sp atac|100\/100|[from] item: Leftovers\n|upkeep\n|turn|7\n|\n|t:|1699647577\n|move|p1b: Phallic|Recover|p1b: Phallic\n|-heal|p1b: Phallic|96\/100\n|move|p2b: No sp atac|Throat Chop|p1b: Phallic\n|-damage|p1b: Phallic|70\/100\n|-start|p1b: Phallic|Throat Chop|[silent]\n|move|p1a: Stacko|Earthquake|p2b: No sp atac|[spread] p1b,p2b\n|-damage|p1b: Phallic|4\/100\n|-damage|p2b: No sp atac|38\/100\n|\n|-weather|none\n|-heal|p1b: Phallic|10\/100|[from] item: Leftovers\n|-heal|p2b: No sp atac|44\/100|[from] item: Leftovers\n|upkeep\n|turn|8\n|\n|t:|1699647603\n|move|p2b: No sp atac|Protect|p2b: No sp atac\n|-singleturn|p2b: No sp atac|Protect\n|move|p1b: Phallic|Giga Drain|p2b: No sp atac\n|-activate|p2b: No sp atac|move: Protect\n|move|p1a: Stacko|Earthquake|p2b: No sp atac|[spread] p1b\n|-activate|p2b: No sp atac|move: Protect\n|-damage|p1b: Phallic|0 fnt\n|faint|p1b: Phallic\n|-ability|p1a: Stacko|Beast Boost|boost\n|-boost|p1a: Stacko|atk|1\n|\n|-heal|p2b: No sp atac|50\/100|[from] item: Leftovers\n|upkeep\n|\n|t:|1699647615\n|switch|p1b: Bonkoi|Ogerpon-Cornerstone, F|100\/100\n|-damage|p1b: Bonkoi|88\/100|[from] Stealth Rock\n|turn|9\n|\n|t:|1699647628\n|move|p1b: Bonkoi|Horn Leech|p2b: No sp atac\n|-supereffective|p2b: No sp atac\n|-damage|p2b: No sp atac|2\/100\n|-heal|p1b: Bonkoi|100\/100|[from] drain|[of] p2b: No sp atac\n|move|p2b: No sp atac|Throat Chop|p1b: Bonkoi\n|-crit|p1b: Bonkoi\n|-damage|p1b: Bonkoi|28\/100\n|-start|p1b: Bonkoi|Throat Chop|[silent]\n|move|p1a: Stacko|Earthquake|p2b: No sp atac|[spread] p1b,p2b\n|-damage|p1b: Bonkoi|0 fnt\n|-damage|p2b: No sp atac|0 fnt\n|faint|p1b: Bonkoi\n|faint|p2b: No sp atac\n|\n|win|Jam35_Name\n|l|\u2606Jam35_Name\n","uploadtime":1699647657,"views":7,"p1id":"jam35name","p2id":"vican259","formatid":"gen9nationaldexdoubles","rating":0,"private":0,"password":""}