{"id":"gen9nationaldexdoubles-1981375580","p1":"Jg t du k jf","p2":"Ribbodile","format":"[Gen 9] National Dex Doubles","log":"|j|\u2606Jg t du k jf\n|j|\u2606Ribbodile\n|t:|1698889000\n|gametype|doubles\n|player|p1|Jg t du k jf|dawn|1000\n|player|p2|Ribbodile|waitress|1000\n|teamsize|p1|6\n|teamsize|p2|6\n|gen|9\n|tier|[Gen 9] National Dex Doubles\n|rated|\n|rule|HP Percentage Mod: HP is shown in percentages\n|rule|Endless Battle Clause: Forcing endless battles is banned\n|rule|OHKO Clause: OHKO moves are banned\n|rule|Evasion Moves Clause: Evasion moves are banned\n|rule|Evasion Abilities Clause: Evasion abilities are banned\n|rule|Species Clause: Limit one of each Pok\u00e9mon\n|rule|Gravity Sleep Clause: The combination of sleep-inducing moves with imperfect accuracy and Gravity or Gigantamax Orbeetle are banned\n|clearpoke\n|poke|p1|Blastoise, F|\n|poke|p1|Clefable, M|\n|poke|p1|Indeedee-F, F|\n|poke|p1|Mr. Mime, F|\n|poke|p1|Glastrier|\n|poke|p1|Oranguru, M|\n|poke|p2|Delphox, F|\n|poke|p2|Gliscor, F|\n|poke|p2|Tyranitar, F|\n|poke|p2|Dunsparce, M|\n|poke|p2|Eevee, F|\n|poke|p2|Blacephalon|\n|teampreview\n|\n|t:|1698889015\n|start\n|switch|p1a: Glastrier|Glastrier|100\/100\n|switch|p1b: Indeedee|Indeedee-F, F|100\/100\n|switch|p2a: Happy|Gliscor, F|100\/100\n|switch|p2b: Mystery|Delphox, F|100\/100\n|-fieldstart|move: Psychic Terrain|[from] ability: Psychic Surge|[of] p1b: Indeedee\n|turn|1\n|\n|t:|1698889028\n|move|p1a: Glastrier|Protect|p1a: Glastrier\n|-singleturn|p1a: Glastrier|Protect\n|move|p2b: Mystery|Calm Mind|p2b: Mystery\n|-boost|p2b: Mystery|spa|1\n|-boost|p2b: Mystery|spd|1\n|move|p2a: Happy|Tailwind|p2a: Happy\n|-sidestart|p2: Ribbodile|move: Tailwind\n|move|p1b: Indeedee|Trick Room|p1b: Indeedee\n|-fieldstart|move: Trick Room|[of] p1b: Indeedee\n|\n|-status|p2a: Happy|tox|[from] item: Toxic Orb\n|upkeep\n|turn|2\n|inactive|Battle timer is ON: inactive players will automatically lose when time's up. (requested by Jg t du k jf)\n|\n|t:|1698889050\n|move|p1b: Indeedee|Follow Me|p1b: Indeedee\n|-singleturn|p1b: Indeedee|move: Follow Me\n|move|p1a: Glastrier|Icicle Spear|p2a: Happy\n|-supereffective|p2a: Happy\n|-damage|p2a: Happy|35\/100 tox\n|-supereffective|p2a: Happy\n|-damage|p2a: Happy|0 fnt\n|faint|p2a: Happy\n|-ability|p1a: Glastrier|Chilling Neigh|boost\n|-boost|p1a: Glastrier|atk|1\n|-hitcount|p2: Happy|2\n|move|p2b: Mystery|Calm Mind|p2b: Mystery\n|-boost|p2b: Mystery|spa|1\n|-boost|p2b: Mystery|spd|1\n|\n|upkeep\n|\n|t:|1698889068\n|switch|p2a: Mr.Troll|Dunsparce, M|100\/100\n|turn|3\n|\n|t:|1698889085\n|move|p1b: Indeedee|Helping Hand|p1a: Glastrier\n|-singleturn|p1a: Glastrier|Helping Hand|[of] p1b: Indeedee\n|move|p1a: Glastrier|Stomping Tantrum|p2b: Mystery\n|-supereffective|p2b: Mystery\n|-damage|p2b: Mystery|0 fnt\n|faint|p2b: Mystery\n|-ability|p1a: Glastrier|Chilling Neigh|boost\n|-boost|p1a: Glastrier|atk|1\n|move|p2a: Mr.Troll|Stealth Rock|p1a: Glastrier\n|-sidestart|p1: Jg t du k jf|move: Stealth Rock\n|\n|upkeep\n|\n|t:|1698889107\n|switch|p2b: Lilly|Eevee, F|100\/100\n|turn|4\n|\n|t:|1698889132\n|move|p1b: Indeedee|Follow Me|p1b: Indeedee\n|-singleturn|p1b: Indeedee|move: Follow Me\n|move|p1a: Glastrier|Icicle Spear|p2b: Lilly\n|-damage|p2b: Lilly|43\/100\n|-damage|p2b: Lilly|0 fnt\n|faint|p2b: Lilly\n|-ability|p1a: Glastrier|Chilling Neigh|boost\n|-boost|p1a: Glastrier|atk|1\n|-hitcount|p2: Lilly|2\n|move|p2a: Mr.Troll|Gyro Ball|p1b: Indeedee\n|-damage|p1b: Indeedee|96\/100\n|\n|-sideend|p2: Ribbodile|move: Tailwind\n|upkeep\n|\n|t:|1698889147\n|switch|p2b: Crystal|Tyranitar, F|100\/100\n|-weather|Sandstorm|[from] ability: Sand Stream|[of] p2b: Crystal\n|turn|5\n|\n|t:|1698889164\n|move|p1b: Indeedee|Follow Me|p1b: Indeedee\n|-singleturn|p1b: Indeedee|move: Follow Me\n|move|p1a: Glastrier|Icicle Spear|p2b: Crystal\n|-damage|p2b: Crystal|63\/100\n|-damage|p2b: Crystal|29\/100\n|-enditem|p2b: Crystal|Sitrus Berry|[eat]\n|-heal|p2b: Crystal|54\/100|[from] item: Sitrus Berry\n|-damage|p2b: Crystal|18\/100\n|-damage|p2b: Crystal|0 fnt\n|faint|p2b: Crystal\n|-ability|p1a: Glastrier|Chilling Neigh|boost\n|-boost|p1a: Glastrier|atk|1\n|-hitcount|p2: Crystal|4\n|move|p2a: Mr.Troll|Return|p1b: Indeedee\n|-damage|p1b: Indeedee|73\/100\n|\n|-weather|Sandstorm|[upkeep]\n|-damage|p1a: Glastrier|94\/100|[from] Sandstorm\n|-damage|p2a: Mr.Troll|94\/100|[from] Sandstorm\n|-damage|p1b: Indeedee|66\/100|[from] Sandstorm\n|-fieldend|move: Trick Room\n|-fieldend|move: Psychic Terrain\n|upkeep\n|\n|t:|1698889184\n|switch|p2b: Fireworks|Blacephalon|100\/100\n|turn|6\n|\n|t:|1698889202\n|move|p1a: Glastrier|Protect|p1a: Glastrier\n|-singleturn|p1a: Glastrier|Protect\n|move|p2b: Fireworks|Mind Blown|p1a: Glastrier|[spread] p2a,p1b\n|-activate|p1a: Glastrier|move: Protect\n|-damage|p2a: Mr.Troll|45\/100\n|-damage|p1b: Indeedee|18\/100\n|-damage|p2b: Fireworks|50\/100|[from] mindblown\n|move|p2a: Mr.Troll|Gyro Ball|p1a: Glastrier\n|-activate|p1a: Glastrier|move: Protect\n|move|p1b: Indeedee|Trick Room|p1b: Indeedee\n|-fieldstart|move: Trick Room|[of] p1b: Indeedee\n|\n|-weather|Sandstorm|[upkeep]\n|-damage|p1a: Glastrier|88\/100|[from] Sandstorm\n|-damage|p2a: Mr.Troll|39\/100|[from] Sandstorm\n|-damage|p1b: Indeedee|12\/100|[from] Sandstorm\n|-damage|p2b: Fireworks|44\/100|[from] Sandstorm\n|-heal|p2b: Fireworks|50\/100|[from] item: Leftovers\n|upkeep\n|turn|7\n|\n|t:|1698889227\n|move|p1a: Glastrier|Stomping Tantrum|p2b: Fireworks\n|-supereffective|p2b: Fireworks\n|-damage|p2b: Fireworks|0 fnt\n|faint|p2b: Fireworks\n|-ability|p1a: Glastrier|Chilling Neigh|boost\n|-boost|p1a: Glastrier|atk|1\n|move|p2a: Mr.Troll|Roost|p2a: Mr.Troll\n|-heal|p2a: Mr.Troll|89\/100\n|-singleturn|p2a: Mr.Troll|move: Roost\n|move|p1b: Indeedee|Heal Pulse|p1a: Glastrier\n|-heal|p1a: Glastrier|100\/100\n|\n|-weather|Sandstorm|[upkeep]\n|-damage|p1a: Glastrier|94\/100|[from] Sandstorm\n|-damage|p2a: Mr.Troll|83\/100|[from] Sandstorm\n|-damage|p1b: Indeedee|5\/100|[from] Sandstorm\n|upkeep\n|turn|8\n|\n|t:|1698889242\n|move|p1b: Indeedee|Helping Hand|p1a: Glastrier\n|-singleturn|p1a: Glastrier|Helping Hand|[of] p1b: Indeedee\n|move|p1a: Glastrier|Icicle Spear|p2a: Mr.Troll\n|-damage|p2a: Mr.Troll|7\/100\n|-crit|p2a: Mr.Troll\n|-damage|p2a: Mr.Troll|0 fnt\n|faint|p2a: Mr.Troll\n|-hitcount|p2: Mr.Troll|2\n|\n|win|Jg t du k jf\n|raw|Jg t du k jf's rating: 1000 &rarr; <strong>1040<\/strong><br \/>(+40 for winning)\n|raw|Ribbodile's rating: 1000 &rarr; <strong>1000<\/strong><br \/>(+0 for losing)\n|c|\u2606Ribbodile|Gg\n","uploadtime":1698889257,"views":5,"p1id":"jgtdukjf","p2id":"ribbodile","formatid":"gen9nationaldexdoubles","rating":1000,"private":0,"password":""}