{"id":"gen9nationaldexdoubles-1983599792","p1":"KingoftheTitans","p2":"fumbari 24","format":"[Gen 9] National Dex Doubles","log":"|j|\u2606KingoftheTitans\n|j|\u2606fumbari 24\n|t:|1699147931\n|gametype|doubles\n|player|p1|KingoftheTitans|102|1268\n|player|p2|fumbari 24|hilbert|1420\n|teamsize|p1|6\n|teamsize|p2|6\n|gen|9\n|tier|[Gen 9] National Dex Doubles\n|rated|\n|rule|HP Percentage Mod: HP is shown in percentages\n|rule|Endless Battle Clause: Forcing endless battles is banned\n|rule|OHKO Clause: OHKO moves are banned\n|rule|Evasion Moves Clause: Evasion moves are banned\n|rule|Evasion Abilities Clause: Evasion abilities are banned\n|rule|Species Clause: Limit one of each Pok\u00e9mon\n|rule|Gravity Sleep Clause: The combination of sleep-inducing moves with imperfect accuracy and Gravity or Gigantamax Orbeetle are banned\n|clearpoke\n|poke|p1|Azumarill, F|\n|poke|p1|Charizard, F|\n|poke|p1|Decidueye-Hisui, M|\n|poke|p1|Heracross, F|\n|poke|p1|Goodra-Hisui, F|\n|poke|p1|Togekiss, F|\n|poke|p2|Landorus-Therian, M|\n|poke|p2|Chien-Pao|\n|poke|p2|Braviary, M|\n|poke|p2|Blastoise, M|\n|poke|p2|Armarouge, M|\n|poke|p2|Arboliva, F|\n|teampreview\n|\n|t:|1699147956\n|start\n|switch|p1a: Azumarill|Azumarill, F|100\/100\n|switch|p1b: Heracross|Heracross, F|100\/100\n|switch|p2a: Huayco|Landorus-Therian, M|100\/100\n|switch|p2b: Frossbit|Chien-Pao|100\/100\n|-ability|p2a: Huayco|Intimidate|boost\n|-unboost|p1a: Azumarill|atk|1\n|-unboost|p1b: Heracross|atk|1\n|-ability|p2b: Frossbit|Sword of Ruin\n|turn|1\n|\n|t:|1699147971\n|move|p2b: Frossbit|Protect|p2b: Frossbit\n|-singleturn|p2b: Frossbit|Protect\n|move|p1b: Heracross|Close Combat|p2b: Frossbit\n|-activate|p2b: Frossbit|move: Protect\n|move|p2a: Huayco|U-turn|p1a: Azumarill\n|-resisted|p1a: Azumarill\n|-damage|p1a: Azumarill|80\/100\n|inactive|Battle timer is ON: inactive players will automatically lose when time's up. (requested by fumbari 24)\n|\n|t:|1699147981\n|switch|p2a: D.K|Braviary, M|100\/100|[from] U-turn\n|move|p1a: Azumarill|Ice Spinner|p2a: D.K\n|-supereffective|p2a: D.K\n|-damage|p2a: D.K|31\/100\n|\n|upkeep\n|turn|2\n|\n|t:|1699148007\n|switch|p1b: Goodra|Goodra-Hisui, F|100\/100\n|switch|p2b: Wildfire|Armarouge, M|100\/100\n|move|p1a: Azumarill|Protect|p1a: Azumarill\n|-singleturn|p1a: Azumarill|Protect\n|move|p2a: D.K|Tailwind|p2a: D.K\n|-sidestart|p2: fumbari 24|move: Tailwind\n|\n|upkeep\n|turn|3\n|\n|t:|1699148030\n|switch|p1a: Togekiss|Togekiss, F|100\/100\n|-zpower|p2a: D.K\n|move|p2a: D.K|Supersonic Skystrike|p1a: Togekiss|[zeffect]\n|-damage|p1a: Togekiss|35\/100\n|move|p2b: Wildfire|Heat Wave|p1b: Goodra|[spread] p1a,p1b\n|-damage|p1a: Togekiss|10\/100\n|-damage|p1b: Goodra|76\/100\n|move|p1b: Goodra|Flash Cannon|p2a: D.K\n|-damage|p2a: D.K|0 fnt\n|faint|p2a: D.K\n|\n|-heal|p1b: Goodra|82\/100|[from] item: Leftovers\n|upkeep\n|inactive|fumbari 24 has 120 seconds left.\n|\n|t:|1699148077\n|switch|p2a: Huayco|Landorus-Therian, M|100\/100\n|-ability|p2a: Huayco|Intimidate|boost\n|-unboost|p1a: Togekiss|atk|1\n|-unboost|p1b: Goodra|atk|1\n|turn|4\n|inactive|fumbari 24 has 120 seconds left.\n|\n|t:|1699148095\n|move|p2a: Huayco|Brick Break|p1b: Goodra\n|-supereffective|p1b: Goodra\n|-damage|p1b: Goodra|25\/100\n|-ability|p1b: Goodra|Gooey\n|-unboost|p2a: Huayco|spe|1\n|move|p2b: Wildfire|Heat Wave|p1b: Goodra|[spread] p1a,p1b\n|-damage|p1a: Togekiss|0 fnt\n|-damage|p1b: Goodra|5\/100\n|faint|p1a: Togekiss\n|move|p1b: Goodra|Ice Beam|p2a: Huayco\n|-supereffective|p2a: Huayco\n|-damage|p2a: Huayco|0 fnt\n|faint|p2a: Huayco\n|\n|-heal|p1b: Goodra|11\/100|[from] item: Leftovers\n|upkeep\n|\n|t:|1699148109\n|switch|p2a: Bastion|Blastoise, M|100\/100\n|switch|p1a: Azumarill|Azumarill, F|80\/100\n|turn|5\n|\n|t:|1699148117\n|switch|p2b: Olivia|Arboliva, F|100\/100\n|detailschange|p2a: Bastion|Blastoise-Mega, M\n|-mega|p2a: Bastion|Blastoise|Blastoisinite\n|move|p1a: Azumarill|Aqua Jet|p2b: Olivia\n|-resisted|p2b: Olivia\n|-damage|p2b: Olivia|90\/100\n|-fieldstart|move: Grassy Terrain|[from] ability: Seed Sower|[of] p2b: Olivia\n|move|p2a: Bastion|Water Spout|p1a: Azumarill|[spread] p1a,p1b\n|-resisted|p1a: Azumarill\n|-resisted|p1b: Goodra\n|-damage|p1a: Azumarill|47\/100\n|-damage|p1b: Goodra|0 fnt\n|faint|p1b: Goodra\n|\n|-heal|p2b: Olivia|96\/100|[from] Grassy Terrain\n|-heal|p2b: Olivia|100\/100|[from] item: Leftovers\n|-heal|p1a: Azumarill|53\/100|[from] Grassy Terrain\n|-sideend|p2: fumbari 24|move: Tailwind\n|upkeep\n|\n|t:|1699148134\n|switch|p1b: Decidueye|Decidueye-Hisui, M|100\/100\n|turn|6\n|\n|t:|1699148149\n|switch|p2a: Wildfire|Armarouge, M|100\/100\n|move|p1b: Decidueye|Leaf Blade|p2a: Wildfire\n|-resisted|p2a: Wildfire\n|-damage|p2a: Wildfire|78\/100\n|move|p1a: Azumarill|Ice Spinner|p2b: Olivia\n|-supereffective|p2b: Olivia\n|-damage|p2b: Olivia|40\/100\n|-fieldend|move: Grassy Terrain\n|move|p2b: Olivia|Giga Drain|p1a: Azumarill\n|-supereffective|p1a: Azumarill\n|-damage|p1a: Azumarill|0 fnt\n|-heal|p2b: Olivia|69\/100|[from] drain|[of] p1a: Azumarill\n|faint|p1a: Azumarill\n|\n|-heal|p2b: Olivia|75\/100|[from] item: Leftovers\n|upkeep\n|\n|t:|1699148168\n|switch|p1a: Heracross|Heracross, F|100\/100\n|turn|7\n|\n|t:|1699148180\n|move|p1a: Heracross|Megahorn|p2b: Olivia\n|-supereffective|p2b: Olivia\n|-damage|p2b: Olivia|0 fnt\n|-fieldstart|move: Grassy Terrain|[from] ability: Seed Sower|[of] p2b: Olivia\n|faint|p2b: Olivia\n|-ability|p1a: Heracross|Moxie|boost\n|-boost|p1a: Heracross|atk|1\n|move|p1b: Decidueye|Leaf Blade|p2a: Wildfire\n|-resisted|p2a: Wildfire\n|-damage|p2a: Wildfire|52\/100\n|move|p2a: Wildfire|Trick Room|p2a: Wildfire\n|-fieldstart|move: Trick Room|[of] p2a: Wildfire\n|\n|-heal|p2a: Wildfire|58\/100|[from] Grassy Terrain\n|upkeep\n|\n|t:|1699148191\n|switch|p2b: Bastion|Blastoise-Mega, M|100\/100\n|turn|8\n|\n|t:|1699148202\n|-terastallize|p1a: Heracross|Dark\n|move|p2a: Wildfire|Heat Wave|p1a: Heracross|[spread] p1a\n|-miss|p2a: Wildfire|p1b: Decidueye\n|-damage|p1a: Heracross|60\/100\n|move|p2b: Bastion|Water Spout|p1b: Decidueye|[spread] p1a,p1b\n|-resisted|p1b: Decidueye\n|-damage|p1a: Heracross|0 fnt\n|-damage|p1b: Decidueye|65\/100\n|faint|p1a: Heracross\n|move|p1b: Decidueye|Leaf Blade|p2b: Bastion\n|-supereffective|p2b: Bastion\n|-damage|p2b: Bastion|8\/100\n|\n|-heal|p2a: Wildfire|64\/100|[from] Grassy Terrain\n|-heal|p2b: Bastion|14\/100|[from] Grassy Terrain\n|-heal|p1b: Decidueye|71\/100|[from] Grassy Terrain\n|upkeep\n|\n|t:|1699148217\n|switch|p1a: Charizard|Charizard, F|100\/100\n|turn|9\n|\n|t:|1699148226\n|detailschange|p1a: Charizard|Charizard-Mega-X, F\n|-mega|p1a: Charizard|Charizard|Charizardite X\n|move|p2a: Wildfire|Heat Wave|p1a: Charizard|[spread] p1a,p1b\n|-resisted|p1a: Charizard\n|-supereffective|p1b: Decidueye\n|-damage|p1a: Charizard|91\/100\n|-damage|p1b: Decidueye|0 fnt\n|faint|p1b: Decidueye\n|move|p2b: Bastion|Dark Pulse|p1a: Charizard\n|-damage|p1a: Charizard|33\/100\n|move|p1a: Charizard|Flare Blitz|p2a: Wildfire\n|-start|p2a: Wildfire|ability: Flash Fire\n|\n|-heal|p2a: Wildfire|70\/100|[from] Grassy Terrain\n|-heal|p2b: Bastion|20\/100|[from] Grassy Terrain\n|-heal|p1a: Charizard|39\/100|[from] Grassy Terrain\n|upkeep\n|turn|10\n|\n|t:|1699148243\n|move|p2a: Wildfire|Psyshock|p1a: Charizard\n|-damage|p1a: Charizard|0 fnt\n|faint|p1a: Charizard\n|\n|win|fumbari 24\n|raw|KingoftheTitans's rating: 1268 &rarr; <strong>1253<\/strong><br \/>(-15 for losing)\n|raw|fumbari 24's rating: 1420 &rarr; <strong>1432<\/strong><br \/>(+12 for winning)\n","uploadtime":1699148248,"views":10,"p1id":"kingofthetitans","p2id":"fumbari24","formatid":"gen9nationaldexdoubles","rating":1253,"private":0,"password":""}