{"id":"gen9nationaldexdoubles-1948283015","p1":"JKogut","p2":"avocado_lord","format":"[Gen 9] National Dex Doubles","log":"|j|\u2606JKogut\n|j|\u2606avocado_lord\n|t:|1695244954\n|gametype|doubles\n|player|p1|JKogut|workerice|\n|player|p2|avocado_lord|ghetsis-gen5bw|\n|teamsize|p1|6\n|teamsize|p2|6\n|gen|9\n|tier|[Gen 9] National Dex Doubles\n|rule|HP Percentage Mod: HP is shown in percentages\n|rule|Endless Battle Clause: Forcing endless battles is banned\n|rule|OHKO Clause: OHKO moves are banned\n|rule|Evasion Moves Clause: Evasion moves are banned\n|rule|Evasion Abilities Clause: Evasion abilities are banned\n|rule|Species Clause: Limit one of each Pok\u00e9mon\n|rule|Gravity Sleep Clause: The combination of sleep-inducing moves with imperfect accuracy and Gravity or Gigantamax Orbeetle are banned\n|clearpoke\n|poke|p1|Lickilicky, F|\n|poke|p1|Skeledirge, M|\n|poke|p1|Kommo-o, F|\n|poke|p1|Kilowattrel, M|\n|poke|p1|Cresselia, F|\n|poke|p1|Grimmsnarl, M|\n|poke|p2|Orthworm, M|\n|poke|p2|Torkoal, F|\n|poke|p2|Dachsbun, F|\n|poke|p2|Baxcalibur, F|\n|poke|p2|Mimikyu, F|\n|poke|p2|Walking Wake|\n|teampreview\n|j| ChronoTrigonometry\n|j| Green133\n|j| Specific360\n|\n|t:|1695244998\n|start\n|switch|p1a: Alopecia Barbie|Skeledirge, M, shiny|100\/100\n|switch|p1b: Groovy Barbie|Grimmsnarl, M, shiny|100\/100\n|switch|p2a: Pikachoo|Mimikyu, F, shiny|100\/100\n|switch|p2b: Earthworm Jim|Orthworm, M, shiny|100\/100\n|turn|1\n|\n|t:|1695245018\n|move|p1b: Groovy Barbie|Taunt|p2a: Pikachoo\n|-start|p2a: Pikachoo|move: Taunt\n|move|p1a: Alopecia Barbie|Torch Song|p2a: Pikachoo\n|-activate|p2a: Pikachoo|ability: Disguise\n|-damage|p2a: Pikachoo|100\/100\n|-boost|p1a: Alopecia Barbie|spa|1\n|detailschange|p2a: Pikachoo|Mimikyu-Busted, F, shiny\n|-damage|p2a: Pikachoo|88\/100|[from] pokemon: Mimikyu-Busted\n|move|p2b: Earthworm Jim|Shed Tail|p2b: Earthworm Jim\n|-start|p2b: Earthworm Jim|Substitute|[from] move: Shed Tail\n|-damage|p2b: Earthworm Jim|50\/100\n|\n|t:|1695245039\n|switch|p2b: Chartoise|Torkoal, F, shiny|100\/100|[from] Shed Tail\n|-weather|SunnyDay|[from] ability: Drought|[of] p2b: Chartoise\n|-item|p2b: Chartoise|Air Balloon\n|cant|p2a: Pikachoo|move: Taunt|Trick Room\n|\n|-weather|SunnyDay|[upkeep]\n|upkeep\n|turn|2\n|\n|t:|1695245072\n|switch|p2a: Suicoon|Walking Wake|100\/100\n|-activate|p2a: Suicoon|ability: Protosynthesis\n|-start|p2a: Suicoon|protosynthesisspa\n|move|p1b: Groovy Barbie|Light Screen|p1b: Groovy Barbie\n|-sidestart|p1: JKogut|move: Light Screen\n|move|p1a: Alopecia Barbie|Torch Song|p2b: Chartoise\n|-resisted|p2b: Chartoise\n|-damage|p2b: Chartoise|58\/100\n|-boost|p1a: Alopecia Barbie|spa|1\n|-enditem|p2b: Chartoise|Air Balloon\n|move|p2b: Chartoise|Eruption|p1a: Alopecia Barbie|[spread] p1a,p1b\n|-resisted|p1a: Alopecia Barbie\n|-damage|p1a: Alopecia Barbie|90\/100\n|-damage|p1b: Groovy Barbie|77\/100\n|\n|-weather|SunnyDay|[upkeep]\n|-heal|p1a: Alopecia Barbie|96\/100|[from] item: Leftovers\n|upkeep\n|turn|3\n|\n|t:|1695245120\n|switch|p1b: Pop Star Barbie|Kommo-o, F, shiny|100\/100\n|switch|p2b: Mandatory Psuedo|Baxcalibur, F, shiny|100\/100\n|-terastallize|p1a: Alopecia Barbie|Water\n|move|p2a: Suicoon|Hydro Steam|p1a: Alopecia Barbie\n|-resisted|p1a: Alopecia Barbie\n|-damage|p1a: Alopecia Barbie|74\/100\n|move|p1a: Alopecia Barbie|Torch Song|p2b: Mandatory Psuedo\n|-damage|p2b: Mandatory Psuedo|44\/100\n|-boost|p1a: Alopecia Barbie|spa|1\n|-ability|p2b: Mandatory Psuedo|Thermal Exchange|boost\n|-boost|p2b: Mandatory Psuedo|atk|1\n|\n|-weather|SunnyDay|[upkeep]\n|-heal|p1a: Alopecia Barbie|80\/100|[from] item: Leftovers\n|upkeep\n|turn|4\n|\n|t:|1695245159\n|-terastallize|p2b: Mandatory Psuedo|Ground\n|move|p2a: Suicoon|Hydro Steam|p1b: Pop Star Barbie\n|-resisted|p1b: Pop Star Barbie\n|-damage|p1b: Pop Star Barbie|84\/100\n|move|p1b: Pop Star Barbie|Breaking Swipe|p2a: Suicoon|[spread] p2a,p2b\n|-supereffective|p2a: Suicoon\n|-damage|p2a: Suicoon|65\/100\n|-damage|p2b: Mandatory Psuedo|29\/100\n|-unboost|p2a: Suicoon|atk|1\n|-unboost|p2b: Mandatory Psuedo|atk|1\n|move|p2b: Mandatory Psuedo|Earthquake|p1a: Alopecia Barbie|[spread] p2a,p1a,p1b\n|-damage|p2a: Suicoon|11\/100\n|-damage|p1a: Alopecia Barbie|46\/100\n|-damage|p1b: Pop Star Barbie|55\/100\n|move|p1a: Alopecia Barbie|Torch Song|p2b: Mandatory Psuedo\n|-damage|p2b: Mandatory Psuedo|0 fnt\n|-boost|p1a: Alopecia Barbie|spa|1\n|faint|p2b: Mandatory Psuedo\n|\n|-weather|SunnyDay|[upkeep]\n|-heal|p1a: Alopecia Barbie|52\/100|[from] item: Leftovers\n|upkeep\n|\n|t:|1695245179\n|switch|p2b: Hotdog|Dachsbun, F, shiny|100\/100\n|turn|5\n|\n|t:|1695245221\n|move|p2a: Suicoon|Hydro Steam|p1a: Alopecia Barbie\n|-resisted|p1a: Alopecia Barbie\n|-damage|p1a: Alopecia Barbie|31\/100\n|move|p2b: Hotdog|Yawn|p1b: Pop Star Barbie\n|-start|p1b: Pop Star Barbie|move: Yawn|[of] p2b: Hotdog\n|move|p1b: Pop Star Barbie|Breaking Swipe|p2a: Suicoon|[spread] p2a\n|-immune|p2b: Hotdog\n|-supereffective|p2a: Suicoon\n|-damage|p2a: Suicoon|0 fnt\n|faint|p2a: Suicoon\n|-end|p2a: Suicoon|Protosynthesis|[silent]\n|move|p1a: Alopecia Barbie|Slack Off|p1a: Alopecia Barbie\n|-heal|p1a: Alopecia Barbie|81\/100\n|\n|-weather|none\n|-heal|p1a: Alopecia Barbie|87\/100|[from] item: Leftovers\n|upkeep\n|\n|t:|1695245242\n|switch|p2a: Pikachoo|Mimikyu-Busted, F, shiny|88\/100\n|turn|6\n|\n|t:|1695245265\n|switch|p1b: Moon God Barbie|Cresselia, F|100\/100\n|move|p2b: Hotdog|Yawn|p1a: Alopecia Barbie\n|-start|p1a: Alopecia Barbie|move: Yawn|[of] p2b: Hotdog\n|move|p2a: Pikachoo|Light Screen|p2a: Pikachoo\n|-sidestart|p2: avocado_lord|move: Light Screen\n|move|p1a: Alopecia Barbie|Torch Song|p2a: Pikachoo\n|-crit|p2a: Pikachoo\n|-damage|p2a: Pikachoo|0 fnt\n|-boost|p1a: Alopecia Barbie|spa|1\n|faint|p2a: Pikachoo\n|\n|-heal|p1a: Alopecia Barbie|93\/100|[from] item: Leftovers\n|upkeep\n|\n|t:|1695245282\n|switch|p2a: Chartoise|Torkoal, F, shiny|58\/100\n|-weather|SunnyDay|[from] ability: Drought|[of] p2a: Chartoise\n|turn|7\n|\n|t:|1695245301\n|move|p2b: Hotdog|Yawn|p1b: Moon God Barbie\n|-start|p1b: Moon God Barbie|move: Yawn|[of] p2b: Hotdog\n|move|p1b: Moon God Barbie|Dazzling Gleam|p2b: Hotdog|[spread] p2a,p2b\n|-resisted|p2a: Chartoise\n|-damage|p2a: Chartoise|53\/100\n|-damage|p2b: Hotdog|91\/100\n|move|p1a: Alopecia Barbie|Torch Song|p2a: Chartoise\n|-resisted|p2a: Chartoise\n|-damage|p2a: Chartoise|0 fnt\n|-boost|p1a: Alopecia Barbie|spa|1\n|faint|p2a: Chartoise\n|\n|-weather|SunnyDay|[upkeep]\n|-heal|p2b: Hotdog|97\/100|[from] item: Leftovers\n|-heal|p1a: Alopecia Barbie|99\/100|[from] item: Leftovers\n|-end|p1a: Alopecia Barbie|move: Yawn|[silent]\n|-status|p1a: Alopecia Barbie|slp\n|upkeep\n|\n|t:|1695245315\n|switch|p2a: Earthworm Jim|Orthworm, M, shiny|50\/100\n|turn|8\n|\n|t:|1695245327\n|move|p2b: Hotdog|Body Press|p1a: Alopecia Barbie\n|-damage|p1a: Alopecia Barbie|77\/100 slp\n|move|p1b: Moon God Barbie|Lunar Blessing|p1b: Moon God Barbie|[spread] p1a,p1b\n|-heal|p1a: Alopecia Barbie|100\/100 slp\n|-curestatus|p1a: Alopecia Barbie|slp|[msg]\n|move|p1a: Alopecia Barbie|Torch Song|p2a: Earthworm Jim\n|-supereffective|p2a: Earthworm Jim\n|-damage|p2a: Earthworm Jim|0 fnt\n|faint|p2a: Earthworm Jim\n|\n|-weather|SunnyDay|[upkeep]\n|-heal|p2b: Hotdog|100\/100|[from] item: Leftovers\n|-end|p1b: Moon God Barbie|move: Yawn|[silent]\n|-status|p1b: Moon God Barbie|slp\n|upkeep\n|turn|9\n|\n|t:|1695245350\n|switch|p1b: Curvy Barbie|Lickilicky, F|100\/100\n|-ability|p1b: Curvy Barbie|Cloud Nine\n|move|p2b: Hotdog|Body Press|p1b: Curvy Barbie\n|-supereffective|p1b: Curvy Barbie\n|-damage|p1b: Curvy Barbie|67\/100\n|-damage|p2b: Hotdog|84\/100|[from] item: Rocky Helmet|[of] p1b: Curvy Barbie\n|move|p1a: Alopecia Barbie|Snarl|p2b: Hotdog\n|-resisted|p2b: Hotdog\n|-damage|p2b: Hotdog|60\/100\n|-unboost|p2b: Hotdog|spa|1\n|\n|-weather|SunnyDay|[upkeep]\n|-heal|p2b: Hotdog|66\/100|[from] item: Leftovers\n|-sideend|p1: JKogut|move: Light Screen\n|upkeep\n|turn|10\n|\n|t:|1695245369\n|move|p1b: Curvy Barbie|Helping Hand|p1a: Alopecia Barbie\n|-singleturn|p1a: Alopecia Barbie|Helping Hand|[of] p1b: Curvy Barbie\n|move|p2b: Hotdog|Yawn|p1b: Curvy Barbie\n|-start|p1b: Curvy Barbie|move: Yawn|[of] p2b: Hotdog\n|move|p1a: Alopecia Barbie|Snarl|p2b: Hotdog\n|-resisted|p2b: Hotdog\n|-crit|p2b: Hotdog\n|-damage|p2b: Hotdog|0 fnt\n|faint|p2b: Hotdog\n|\n|win|JKogut\n","uploadtime":1695245381,"views":19,"p1id":"jkogut","p2id":"avocadolord","formatid":"gen9nationaldexdoubles","rating":0,"private":0,"password":""}