{"id":"gen9nationaldexdoubles-1998948416","p1":"Salmon_key","p2":"fumbari 24","format":"[Gen 9] National Dex Doubles","log":"|j|\u2606Salmon_key\n|j|\u2606fumbari 24\n|t:|1701016609\n|gametype|doubles\n|player|p1|Salmon_key|1|1107\n|player|p2|fumbari 24|hilbert|1210\n|teamsize|p1|6\n|teamsize|p2|6\n|gen|9\n|tier|[Gen 9] National Dex Doubles\n|rated|\n|rule|HP Percentage Mod: HP is shown in percentages\n|rule|Endless Battle Clause: Forcing endless battles is banned\n|rule|OHKO Clause: OHKO moves are banned\n|rule|Evasion Moves Clause: Evasion moves are banned\n|rule|Evasion Abilities Clause: Evasion abilities are banned\n|rule|Species Clause: Limit one of each Pok\u00e9mon\n|rule|Gravity Sleep Clause: The combination of sleep-inducing moves with imperfect accuracy and Gravity or Gigantamax Orbeetle are banned\n|clearpoke\n|poke|p1|Regigigas|\n|poke|p1|Weezing-Galar, F|\n|poke|p1|Drifblim, F|\n|poke|p1|Uxie|\n|poke|p1|Ribombee, M|\n|poke|p1|Landorus-Therian, M|\n|poke|p2|Altaria, F|\n|poke|p2|Togekiss, F|\n|poke|p2|Celebi|\n|poke|p2|Medicham, F|\n|poke|p2|Iron Bundle|\n|poke|p2|Indeedee-F, F|\n|teampreview\n|inactive|Battle timer is ON: inactive players will automatically lose when time's up. (requested by Salmon_key)\n|\n|t:|1701016625\n|start\n|switch|p1a: Ribombee|Ribombee, M|100\/100\n|switch|p1b: Uxie|Uxie|100\/100\n|switch|p2a: Medicham|Medicham, F, shiny|100\/100\n|switch|p2b: Altaria|Altaria, F|100\/100\n|-ability|p2b: Altaria|Cloud Nine\n|turn|1\n|\n|t:|1701016637\n|detailschange|p2b: Altaria|Altaria-Mega, F\n|-mega|p2b: Altaria|Altaria|Altarianite\n|move|p2a: Medicham|Fake Out|p1a: Ribombee\n|-damage|p1a: Ribombee|75\/100\n|move|p1a: Ribombee|Sticky Web|p2b: Altaria\n|-sidestart|p2: fumbari 24|move: Sticky Web\n|move|p1b: Uxie|Stealth Rock|p2b: Altaria\n|-sidestart|p2: fumbari 24|move: Stealth Rock\n|move|p2b: Altaria|Fire Blast|p1a: Ribombee\n|-supereffective|p1a: Ribombee\n|-damage|p1a: Ribombee|0 fnt\n|faint|p1a: Ribombee\n|\n|upkeep\n|\n|t:|1701016656\n|switch|p1a: Regigigas|Regigigas|100\/100\n|-start|p1a: Regigigas|ability: Slow Start\n|turn|2\n|\n|t:|1701016668\n|switch|p1b: Weezing|Weezing-Galar, F|100\/100\n|-ability|p1b: Weezing|Neutralizing Gas\n|-end|p1a: Regigigas|Slow Start|[silent]\n|move|p1a: Regigigas|Body Slam|p2b: Altaria\n|-damage|p2b: Altaria|54\/100\n|move|p2b: Altaria|Cotton Guard|p2b: Altaria\n|-boost|p2b: Altaria|def|3\n|move|p2a: Medicham|Drain Punch|p1a: Regigigas\n|-supereffective|p1a: Regigigas\n|-damage|p1a: Regigigas|76\/100\n|\n|upkeep\n|turn|3\n|\n|t:|1701016684\n|move|p1a: Regigigas|Body Slam|p2b: Altaria\n|-damage|p2b: Altaria|36\/100\n|-status|p2b: Altaria|par\n|move|p1b: Weezing|Dazzling Gleam|p2a: Medicham|[spread] p2a,p2b\n|-supereffective|p2a: Medicham\n|-supereffective|p2b: Altaria\n|-damage|p2a: Medicham|65\/100\n|-damage|p2b: Altaria|5\/100 par\n|cant|p2b: Altaria|par\n|move|p2a: Medicham|Trick Room|p2a: Medicham\n|-fieldstart|move: Trick Room|[of] p2a: Medicham\n|\n|upkeep\n|turn|4\n|\n|t:|1701016704\n|move|p2b: Altaria|Roost|p2b: Altaria\n|-heal|p2b: Altaria|55\/100 par\n|-singleturn|p2b: Altaria|move: Roost\n|move|p2a: Medicham|Drain Punch|p1a: Regigigas\n|-supereffective|p1a: Regigigas\n|-damage|p1a: Regigigas|51\/100\n|-heal|p2a: Medicham|82\/100|[from] drain|[of] p1a: Regigigas\n|move|p1b: Weezing|Dazzling Gleam|p2a: Medicham|[spread] p2a,p2b\n|-supereffective|p2a: Medicham\n|-supereffective|p2b: Altaria\n|-damage|p2a: Medicham|49\/100\n|-damage|p2b: Altaria|29\/100 par\n|-enditem|p2a: Medicham|Sitrus Berry|[eat]\n|-heal|p2a: Medicham|74\/100|[from] item: Sitrus Berry\n|move|p1a: Regigigas|Body Slam|p2a: Medicham\n|-damage|p2a: Medicham|7\/100\n|\n|upkeep\n|turn|5\n|\n|t:|1701016723\n|move|p2b: Altaria|Fire Blast|p1a: Regigigas\n|-damage|p1a: Regigigas|36\/100\n|-status|p1a: Regigigas|brn\n|move|p2a: Medicham|Drain Punch|p1a: Regigigas\n|-supereffective|p1a: Regigigas\n|-damage|p1a: Regigigas|9\/100 brn\n|-heal|p2a: Medicham|24\/100|[from] drain|[of] p1a: Regigigas\n|move|p1b: Weezing|Dazzling Gleam|p2b: Altaria|[spread] p2a,p2b\n|-supereffective|p2a: Medicham\n|-supereffective|p2b: Altaria\n|-damage|p2a: Medicham|0 fnt\n|-damage|p2b: Altaria|0 fnt\n|faint|p2a: Medicham\n|faint|p2b: Altaria\n|move|p1a: Regigigas|Body Slam|p2: Medicham|[notarget]\n|-fail|p1a: Regigigas\n|\n|-damage|p1a: Regigigas|3\/100 brn|[from] brn\n|upkeep\n|\n|t:|1701016740\n|switch|p2a: Celebi|Celebi|100\/100\n|switch|p2b: Indeedee|Indeedee-F, F|100\/100\n|-activate|p2b: Indeedee|move: Sticky Web\n|-unboost|p2b: Indeedee|spe|1\n|-damage|p2b: Indeedee|88\/100|[from] Stealth Rock\n|-activate|p2a: Celebi|move: Sticky Web\n|-unboost|p2a: Celebi|spe|1\n|-damage|p2a: Celebi|88\/100|[from] Stealth Rock\n|turn|6\n|\n|t:|1701016755\n|move|p2b: Indeedee|Expanding Force|p1b: Weezing\n|-supereffective|p1b: Weezing\n|-damage|p1b: Weezing|51\/100\n|move|p1b: Weezing|Will-O-Wisp|p2b: Indeedee\n|-status|p2b: Indeedee|brn\n|move|p2a: Celebi|Expanding Force|p1b: Weezing\n|-supereffective|p1b: Weezing\n|-damage|p1b: Weezing|0 fnt\n|faint|p1b: Weezing\n|-end|p1b: Weezing|ability: Neutralizing Gas\n|-fieldstart|move: Psychic Terrain|[from] ability: Psychic Surge|[of] p2b: Indeedee\n|-enditem|p2b: Indeedee|Psychic Seed\n|-boost|p2b: Indeedee|spd|1|[from] item: Psychic Seed\n|-start|p1a: Regigigas|ability: Slow Start\n|move|p1a: Regigigas|Body Slam|p2b: Indeedee\n|-damage|p2b: Indeedee|73\/100 brn\n|\n|-damage|p1a: Regigigas|0 fnt|[from] brn\n|faint|p1a: Regigigas\n|-end|p1a: Regigigas|Slow Start|[silent]\n|-damage|p2b: Indeedee|67\/100 brn|[from] brn\n|upkeep\n|\n|t:|1701016766\n|switch|p1b: Uxie|Uxie|100\/100\n|switch|p1a: Drifblim|Drifblim, F|100\/100\n|turn|7\n|\n|t:|1701016778\n|move|p2b: Indeedee|Expanding Force|p1a: Drifblim|[spread] p1a,p1b\n|-resisted|p1b: Uxie\n|-damage|p1a: Drifblim|51\/100\n|-damage|p1b: Uxie|89\/100\n|move|p2a: Celebi|Expanding Force|p1b: Uxie|[spread] p1a,p1b\n|-resisted|p1b: Uxie\n|-damage|p1a: Drifblim|0 fnt\n|-damage|p1b: Uxie|75\/100\n|faint|p1a: Drifblim\n|move|p1b: Uxie|Knock Off|p2a: Celebi\n|-supereffective|p2a: Celebi\n|-damage|p2a: Celebi|61\/100\n|-enditem|p2a: Celebi|Aguav Berry|[from] move: Knock Off|[of] p1b: Uxie\n|\n|-heal|p1b: Uxie|82\/100|[from] item: Leftovers\n|-damage|p2b: Indeedee|61\/100 brn|[from] brn\n|-fieldend|move: Trick Room\n|upkeep\n|\n|t:|1701016791\n|switch|p1a: Landorus|Landorus-Therian, M|100\/100\n|-ability|p1a: Landorus|Intimidate|boost\n|-unboost|p2a: Celebi|atk|1\n|-unboost|p2b: Indeedee|atk|1\n|turn|8\n|\n|t:|1701016802\n|-terastallize|p2a: Celebi|Psychic\n|move|p1a: Landorus|Swords Dance|p1a: Landorus\n|-boost|p1a: Landorus|atk|2\n|move|p1b: Uxie|Knock Off|p2a: Celebi\n|-supereffective|p2a: Celebi\n|-damage|p2a: Celebi|42\/100\n|move|p2a: Celebi|Expanding Force|p1b: Uxie|[spread] p1a,p1b\n|-resisted|p1b: Uxie\n|-damage|p1a: Landorus|20\/100\n|-damage|p1b: Uxie|63\/100\n|move|p2b: Indeedee|Expanding Force|p1b: Uxie|[spread] p1a,p1b\n|-resisted|p1b: Uxie\n|-damage|p1a: Landorus|0 fnt\n|-damage|p1b: Uxie|51\/100\n|faint|p1a: Landorus\n|\n|-heal|p1b: Uxie|57\/100|[from] item: Leftovers\n|-damage|p2b: Indeedee|55\/100 brn|[from] brn\n|upkeep\n|turn|9\n|\n|t:|1701016818\n|move|p1b: Uxie|Knock Off|p2a: Celebi\n|-supereffective|p2a: Celebi\n|-damage|p2a: Celebi|23\/100\n|move|p2a: Celebi|Reflect|p2a: Celebi\n|-sidestart|p2: fumbari 24|Reflect\n|move|p2b: Indeedee|Expanding Force|p1b: Uxie\n|-resisted|p1b: Uxie\n|-damage|p1b: Uxie|42\/100\n|\n|-heal|p1b: Uxie|48\/100|[from] item: Leftovers\n|-damage|p2b: Indeedee|48\/100 brn|[from] brn\n|upkeep\n|turn|10\n|\n|t:|1701016829\n|move|p1b: Uxie|Knock Off|p2a: Celebi\n|-supereffective|p2a: Celebi\n|-damage|p2a: Celebi|11\/100\n|move|p2a: Celebi|Giga Drain|p1b: Uxie\n|-damage|p1b: Uxie|29\/100\n|-heal|p2a: Celebi|20\/100|[from] drain|[of] p1b: Uxie\n|move|p2b: Indeedee|Expanding Force|p1b: Uxie\n|-resisted|p1b: Uxie\n|-damage|p1b: Uxie|13\/100\n|\n|-heal|p1b: Uxie|19\/100|[from] item: Leftovers\n|-damage|p2b: Indeedee|42\/100 brn|[from] brn\n|-fieldend|move: Psychic Terrain\n|upkeep\n|turn|11\n|\n|t:|1701016838\n|move|p2b: Indeedee|Follow Me|p2b: Indeedee\n|-singleturn|p2b: Indeedee|move: Follow Me\n|move|p1b: Uxie|Knock Off|p2b: Indeedee\n|-supereffective|p2b: Indeedee\n|-damage|p2b: Indeedee|26\/100 brn\n|move|p2a: Celebi|Giga Drain|p1b: Uxie\n|-damage|p1b: Uxie|2\/100\n|-heal|p2a: Celebi|27\/100|[from] drain|[of] p1b: Uxie\n|\n|-heal|p1b: Uxie|8\/100|[from] item: Leftovers\n|-damage|p2b: Indeedee|20\/100 brn|[from] brn\n|upkeep\n|turn|12\n|\n|t:|1701016844\n|move|p2b: Indeedee|Follow Me|p2b: Indeedee\n|-singleturn|p2b: Indeedee|move: Follow Me\n|move|p1b: Uxie|Knock Off|p2b: Indeedee\n|-supereffective|p2b: Indeedee\n|-damage|p2b: Indeedee|3\/100 brn\n|move|p2a: Celebi|Giga Drain|p1b: Uxie\n|-damage|p1b: Uxie|0 fnt\n|-heal|p2a: Celebi|31\/100|[from] drain|[of] p1b: Uxie\n|faint|p1b: Uxie\n|\n|win|fumbari 24\n|raw|Salmon_key's rating: 1107 &rarr; <strong>1089<\/strong><br \/>(-18 for losing)\n|raw|fumbari 24's rating: 1210 &rarr; <strong>1228<\/strong><br \/>(+18 for winning)\n|l|\u2606Salmon_key\n","uploadtime":1701016865,"views":0,"p1id":"salmonkey","p2id":"fumbari24","formatid":"gen9nationaldexdoubles","rating":1089,"private":0,"password":""}