{"id":"gen9nationaldexdoubles-1954212775","p1":"S1r.sweepsaLot","p2":"peewee McGee xxx","format":"[Gen 9] National Dex Doubles","log":"|j|\u2606S1r.sweepsaLot\n|j|\u2606peewee McGee xxx\n|t:|1695865576\n|gametype|doubles\n|player|p1|S1r.sweepsaLot|marshal|1613\n|player|p2|peewee McGee xxx|1|1649\n|teamsize|p1|6\n|teamsize|p2|6\n|gen|9\n|tier|[Gen 9] National Dex Doubles\n|rated|\n|rule|HP Percentage Mod: HP is shown in percentages\n|rule|Endless Battle Clause: Forcing endless battles is banned\n|rule|OHKO Clause: OHKO moves are banned\n|rule|Evasion Moves Clause: Evasion moves are banned\n|rule|Evasion Abilities Clause: Evasion abilities are banned\n|rule|Species Clause: Limit one of each Pok\u00e9mon\n|rule|Gravity Sleep Clause: The combination of sleep-inducing moves with imperfect accuracy and Gravity or Gigantamax Orbeetle are banned\n|clearpoke\n|poke|p1|Tyranitar, M|\n|poke|p1|Excadrill, M|\n|poke|p1|Togekiss, F|\n|poke|p1|Kommo-o, F|\n|poke|p1|Gholdengo|\n|poke|p1|Incineroar, M|\n|poke|p2|Tapu Koko|\n|poke|p2|Raichu-Alola, M|\n|poke|p2|Celesteela|\n|poke|p2|Landorus-Therian, M|\n|poke|p2|Incineroar, F|\n|poke|p2|Kommo-o, F|\n|teampreview\n|c|\u2606S1r.sweepsaLot|glhf\n|inactive|Battle timer is ON: inactive players will automatically lose when time's up. (requested by peewee McGee xxx)\n|inactive|S1r.sweepsaLot has 120 seconds left.\n|\n|t:|1695865616\n|start\n|switch|p1a: Money Bags|Gholdengo, shiny|100\/100\n|switch|p1b: Look at Me|Togekiss, F|100\/100\n|switch|p2a: Landorus|Landorus-Therian, M|100\/100\n|switch|p2b: Incineroar|Incineroar, F|100\/100\n|-ability|p2a: Landorus|Intimidate|boost\n|-unboost|p1a: Money Bags|atk|1\n|-unboost|p1b: Look at Me|atk|1\n|-ability|p2b: Incineroar|Intimidate|boost\n|-unboost|p1a: Money Bags|atk|1\n|-unboost|p1b: Look at Me|atk|1\n|turn|1\n|\n|t:|1695865651\n|switch|p1b: Nala|Incineroar, M|100\/100\n|-ability|p1b: Nala|Intimidate|boost\n|-unboost|p2a: Landorus|atk|1\n|-unboost|p2b: Incineroar|atk|1\n|move|p1a: Money Bags|Protect|p1a: Money Bags\n|-singleturn|p1a: Money Bags|Protect\n|move|p2a: Landorus|U-turn|p1b: Nala\n|-damage|p1b: Nala|85\/100\n|\n|t:|1695865657\n|switch|p2a: Celesteela|Celesteela|100\/100|[from] U-turn\n|move|p2b: Incineroar|Knock Off|p1a: Money Bags\n|-activate|p1a: Money Bags|move: Protect\n|\n|upkeep\n|turn|2\n|\n|t:|1695865669\n|move|p2a: Celesteela|Protect|p2a: Celesteela\n|-singleturn|p2a: Celesteela|Protect\n|move|p1b: Nala|Fake Out|p2b: Incineroar\n|-damage|p2b: Incineroar|91\/100\n|move|p1a: Money Bags|Nasty Plot|p1a: Money Bags\n|-boost|p1a: Money Bags|spa|2\n|cant|p2b: Incineroar|flinch\n|\n|upkeep\n|turn|3\n|\n|t:|1695865686\n|move|p1a: Money Bags|Protect|p1a: Money Bags\n|-singleturn|p1a: Money Bags|Protect\n|move|p1b: Nala|Parting Shot|p2a: Celesteela\n|-unboost|p2a: Celesteela|atk|1\n|-unboost|p2a: Celesteela|spa|1\n|\n|t:|1695865693\n|switch|p1b: Godzilla|Tyranitar, M|100\/100|[from] Parting Shot\n|-weather|Sandstorm|[from] ability: Sand Stream|[of] p1b: Godzilla\n|move|p2b: Incineroar|Knock Off|p1a: Money Bags\n|-activate|p1a: Money Bags|move: Protect\n|move|p2a: Celesteela|Leech Seed|p1b: Godzilla\n|-start|p1b: Godzilla|move: Leech Seed\n|\n|-weather|Sandstorm|[upkeep]\n|-damage|p2b: Incineroar|85\/100|[from] Sandstorm\n|-damage|p1b: Godzilla|88\/100|[from] Leech Seed|[of] p2a: Celesteela\n|upkeep\n|turn|4\n|\n|t:|1695865707\n|move|p1a: Money Bags|Shadow Ball|p2a: Celesteela\n|-damage|p2a: Celesteela|46\/100\n|-unboost|p2a: Celesteela|spd|1\n|-zpower|p1b: Godzilla\n|move|p1b: Godzilla|Continental Crush|p2b: Incineroar|[zeffect]\n|-supereffective|p2b: Incineroar\n|-damage|p2b: Incineroar|0 fnt\n|faint|p2b: Incineroar\n|move|p2a: Celesteela|Flamethrower|p1a: Money Bags\n|-supereffective|p1a: Money Bags\n|-damage|p1a: Money Bags|70\/100\n|\n|-weather|Sandstorm|[upkeep]\n|-heal|p1a: Money Bags|76\/100|[from] item: Leftovers\n|-heal|p2a: Celesteela|52\/100|[from] item: Leftovers\n|-damage|p1b: Godzilla|76\/100|[from] Leech Seed|[of] p2a: Celesteela\n|-heal|p2a: Celesteela|65\/100|[silent]\n|upkeep\n|\n|t:|1695865718\n|switch|p2b: Landorus|Landorus-Therian, M|100\/100\n|-ability|p2b: Landorus|Intimidate|boost\n|-unboost|p1a: Money Bags|atk|1\n|-unboost|p1b: Godzilla|atk|1\n|turn|5\n|\n|t:|1695865744\n|switch|p1b: Look at Me|Togekiss, F|100\/100\n|move|p1a: Money Bags|Protect|p1a: Money Bags\n|-singleturn|p1a: Money Bags|Protect\n|move|p2b: Landorus|Earthquake|p1a: Money Bags|[spread] \n|-activate|p1a: Money Bags|move: Protect\n|-immune|p2a: Celesteela\n|-immune|p1b: Look at Me\n|move|p2a: Celesteela|Flamethrower|p1a: Money Bags\n|-activate|p1a: Money Bags|move: Protect\n|\n|-weather|Sandstorm|[upkeep]\n|-heal|p1a: Money Bags|82\/100|[from] item: Leftovers\n|-heal|p2a: Celesteela|71\/100|[from] item: Leftovers\n|upkeep\n|turn|6\n|\n|t:|1695865763\n|-terastallize|p1a: Money Bags|Flying\n|move|p2b: Landorus|Earthquake|p1b: Look at Me|[spread] \n|-immune|p2a: Celesteela\n|-immune|p1a: Money Bags\n|-immune|p1b: Look at Me\n|move|p1a: Money Bags|Shadow Ball|p2a: Celesteela\n|-damage|p2a: Celesteela|0 fnt\n|faint|p2a: Celesteela\n|move|p1b: Look at Me|Tailwind|p1b: Look at Me\n|-sidestart|p1: S1r.sweepsaLot|move: Tailwind\n|\n|-weather|Sandstorm|[upkeep]\n|-damage|p1a: Money Bags|76\/100|[from] Sandstorm\n|-heal|p1a: Money Bags|82\/100|[from] item: Leftovers\n|upkeep\n|\n|t:|1695865782\n|switch|p2a: Raichu|Raichu-Alola, M|100\/100\n|turn|7\n|\n|t:|1695865793\n|switch|p2b: Tapu Koko|Tapu Koko|100\/100\n|-fieldstart|move: Electric Terrain|[from] ability: Electric Surge|[of] p2b: Tapu Koko\n|switch|p1b: Nala|Incineroar, M|85\/100\n|-ability|p1b: Nala|Intimidate|boost\n|-unboost|p2a: Raichu|atk|1\n|-unboost|p2b: Tapu Koko|atk|1\n|-terastallize|p2a: Raichu|Electric\n|move|p1a: Money Bags|Protect|p1a: Money Bags\n|-singleturn|p1a: Money Bags|Protect\n|move|p2a: Raichu|Volt Switch|p1a: Money Bags\n|-activate|p1a: Money Bags|move: Protect\n|\n|-weather|none\n|-heal|p1a: Money Bags|88\/100|[from] item: Leftovers\n|upkeep\n|turn|8\n|inactive|peewee McGee xxx has 120 seconds left.\n|\n|t:|1695865834\n|move|p1b: Nala|Fake Out|p2a: Raichu\n|-damage|p2a: Raichu|78\/100\n|cant|p2a: Raichu|flinch\n|move|p1a: Money Bags|Shadow Ball|p2a: Raichu\n|-damage|p2a: Raichu|0 fnt\n|faint|p2a: Raichu\n|move|p2b: Tapu Koko|Volt Switch|p1a: Money Bags\n|-supereffective|p1a: Money Bags\n|-damage|p1a: Money Bags|0 fnt\n|faint|p1a: Money Bags\n|\n|t:|1695865844\n|switch|p2b: Landorus|Landorus-Therian, M|100\/100|[from] Volt Switch\n|-ability|p2b: Landorus|Intimidate|boost\n|-unboost|p1b: Nala|atk|1\n|\n|upkeep\n|\n|t:|1695865854\n|switch|p2a: Tapu Koko|Tapu Koko|100\/100\n|switch|p1a: Home Depot|Excadrill, M|100\/100\n|turn|9\n|inactive|S1r.sweepsaLot has 120 seconds left.\n|\n|t:|1695865903\n|move|p1a: Home Depot|High Horsepower|p2a: Tapu Koko\n|-supereffective|p2a: Tapu Koko\n|-damage|p2a: Tapu Koko|0 fnt\n|faint|p2a: Tapu Koko\n|-damage|p1a: Home Depot|91\/100|[from] item: Life Orb\n|move|p2b: Landorus|U-turn|p1b: Nala\n|-damage|p1b: Nala|61\/100\n|\n|t:|1695865907\n|switch|p2b: Kommo-o|Kommo-o, F|100\/100|[from] U-turn\n|move|p1b: Nala|Parting Shot|p2b: Kommo-o\n|-immune|p2b: Kommo-o|[from] ability: Soundproof\n|\n|-sideend|p1: S1r.sweepsaLot|move: Tailwind\n|upkeep\n|\n|t:|1695865909\n|switch|p2a: Landorus|Landorus-Therian, M|100\/100\n|-ability|p2a: Landorus|Intimidate|boost\n|-unboost|p1a: Home Depot|atk|1\n|-unboost|p1b: Nala|atk|1\n|turn|10\n|\n|t:|1695865925\n|switch|p1a: Godzilla|Tyranitar, M|76\/100\n|-weather|Sandstorm|[from] ability: Sand Stream|[of] p1a: Godzilla\n|move|p1b: Nala|Snatch|p1b: Nala\n|-singleturn|p1b: Nala|Snatch\n|move|p2a: Landorus|Rock Slide|p1b: Nala|[spread] p1a,p1b\n|-supereffective|p1b: Nala\n|-damage|p1a: Godzilla|58\/100\n|-damage|p1b: Nala|23\/100\n|-enditem|p1b: Nala|Figy Berry|[eat]\n|-heal|p1b: Nala|57\/100|[from] item: Figy Berry\n|move|p2b: Kommo-o|Flamethrower|p1a: Godzilla\n|-resisted|p1a: Godzilla\n|-damage|p1a: Godzilla|50\/100\n|\n|-weather|Sandstorm|[upkeep]\n|-damage|p2b: Kommo-o|94\/100|[from] Sandstorm\n|-damage|p1b: Nala|50\/100|[from] Sandstorm\n|upkeep\n|turn|11\n|\n|t:|1695865945\n|move|p1a: Godzilla|Protect|p1a: Godzilla\n|-singleturn|p1a: Godzilla|Protect\n|move|p2a: Landorus|Rock Slide|p1b: Nala|[spread] p1b\n|-activate|p1a: Godzilla|move: Protect\n|-supereffective|p1b: Nala\n|-damage|p1b: Nala|13\/100\n|-zpower|p2b: Kommo-o\n|move|p2b: Kommo-o|Clangorous Soulblaze|p1b: Nala|[zeffect]|[spread] p1a,p1b\n|-zbroken|p1a: Godzilla\n|-damage|p1a: Godzilla|42\/100\n|-damage|p1b: Nala|0 fnt\n|faint|p1b: Nala\n|-boost|p2b: Kommo-o|atk|1\n|-boost|p2b: Kommo-o|def|1\n|-boost|p2b: Kommo-o|spa|1\n|-boost|p2b: Kommo-o|spd|1\n|-boost|p2b: Kommo-o|spe|1\n|\n|-weather|Sandstorm|[upkeep]\n|-damage|p2b: Kommo-o|88\/100|[from] Sandstorm\n|-fieldend|move: Electric Terrain\n|upkeep\n|\n|t:|1695865949\n|switch|p1b: Home Depot|Excadrill, M|91\/100\n|turn|12\n|\n|t:|1695865974\n|move|p1b: Home Depot|Protect|p1b: Home Depot\n|-singleturn|p1b: Home Depot|Protect\n|move|p2a: Landorus|Rock Slide|p1a: Godzilla|[spread] p1a\n|-activate|p1b: Home Depot|move: Protect\n|-damage|p1a: Godzilla|25\/100\n|move|p2b: Kommo-o|Flamethrower|p1b: Home Depot\n|-activate|p1b: Home Depot|move: Protect\n|move|p1a: Godzilla|Knock Off|p2a: Landorus\n|-damage|p2a: Landorus|34\/100\n|-enditem|p2a: Landorus|Choice Scarf|[from] move: Knock Off|[of] p1a: Godzilla\n|\n|-weather|Sandstorm|[upkeep]\n|-damage|p2b: Kommo-o|82\/100|[from] Sandstorm\n|upkeep\n|turn|13\n|inactive|S1r.sweepsaLot has 120 seconds left.\n|\n|t:|1695866008\n|switch|p1b: Concert Speaker|Kommo-o, F|100\/100\n|switch|p1a: Look at Me|Togekiss, F|100\/100\n|move|p2b: Kommo-o|Flamethrower|p1b: Concert Speaker\n|-resisted|p1b: Concert Speaker\n|-damage|p1b: Concert Speaker|80\/100\n|move|p2a: Landorus|U-turn|p1a: Look at Me\n|-resisted|p1a: Look at Me\n|-damage|p1a: Look at Me|96\/100\n|\n|-weather|Sandstorm|[upkeep]\n|-damage|p2b: Kommo-o|76\/100|[from] Sandstorm\n|upkeep\n|turn|14\n|\n|t:|1695866024\n|move|p1b: Concert Speaker|Protect|p1b: Concert Speaker\n|-singleturn|p1b: Concert Speaker|Protect\n|move|p2b: Kommo-o|Flash Cannon|p1a: Look at Me\n|-supereffective|p1a: Look at Me\n|-damage|p1a: Look at Me|46\/100\n|move|p2a: Landorus|Rock Slide|p1a: Look at Me|[spread] p1a\n|-activate|p1b: Concert Speaker|move: Protect\n|-supereffective|p1a: Look at Me\n|-damage|p1a: Look at Me|13\/100\n|move|p1a: Look at Me|Yawn|p2b: Kommo-o\n|-start|p2b: Kommo-o|move: Yawn|[of] p1a: Look at Me\n|\n|-weather|none\n|upkeep\n|turn|15\n|\n|t:|1695866050\n|move|p2b: Kommo-o|Flash Cannon|p1b: Concert Speaker\n|-damage|p1b: Concert Speaker|43\/100\n|move|p2a: Landorus|Rock Slide|p1a: Look at Me|[spread] p1a,p1b\n|-supereffective|p1a: Look at Me\n|-resisted|p1b: Concert Speaker\n|-damage|p1a: Look at Me|0 fnt\n|-damage|p1b: Concert Speaker|34\/100\n|faint|p1a: Look at Me\n|cant|p1b: Concert Speaker|flinch\n|\n|-end|p2b: Kommo-o|move: Yawn|[silent]\n|-status|p2b: Kommo-o|slp\n|upkeep\n|\n|t:|1695866059\n|switch|p1a: Godzilla|Tyranitar, M|25\/100\n|-weather|Sandstorm|[from] ability: Sand Stream|[of] p1a: Godzilla\n|turn|16\n|\n|t:|1695866074\n|cant|p2b: Kommo-o|slp\n|move|p2a: Landorus|Rock Slide|p1a: Godzilla|[spread] p1a\n|-miss|p2a: Landorus|p1b: Concert Speaker\n|-damage|p1a: Godzilla|10\/100\n|move|p1b: Concert Speaker|Clanging Scales|p2a: Landorus|[spread] p2a\n|-immune|p2b: Kommo-o|[from] ability: Soundproof\n|-damage|p2a: Landorus|0 fnt\n|faint|p2a: Landorus\n|-unboost|p1b: Concert Speaker|def|1\n|-enditem|p1b: Concert Speaker|Throat Spray\n|-boost|p1b: Concert Speaker|spa|1|[from] item: Throat Spray\n|move|p1a: Godzilla|Rock Slide|p2b: Kommo-o\n|-resisted|p2b: Kommo-o\n|-damage|p2b: Kommo-o|63\/100 slp\n|\n|-weather|Sandstorm|[upkeep]\n|-damage|p2b: Kommo-o|57\/100 slp|[from] Sandstorm\n|upkeep\n|turn|17\n|\n|t:|1695866093\n|-curestatus|p2b: Kommo-o|slp|[msg]\n|move|p2b: Kommo-o|Protect|p2b: Kommo-o\n|-singleturn|p2b: Kommo-o|Protect\n|move|p1b: Concert Speaker|Flamethrower|p2b: Kommo-o\n|-activate|p2b: Kommo-o|move: Protect\n|move|p1a: Godzilla|Knock Off|p2b: Kommo-o\n|-activate|p2b: Kommo-o|move: Protect\n|\n|-weather|Sandstorm|[upkeep]\n|-damage|p2b: Kommo-o|50\/100|[from] Sandstorm\n|upkeep\n|turn|18\n|\n|t:|1695866102\n|move|p2b: Kommo-o|Flash Cannon|p1b: Concert Speaker\n|-damage|p1b: Concert Speaker|0 fnt\n|faint|p1b: Concert Speaker\n|move|p1a: Godzilla|Knock Off|p2b: Kommo-o\n|-resisted|p2b: Kommo-o\n|-damage|p2b: Kommo-o|38\/100\n|\n|-weather|Sandstorm|[upkeep]\n|-damage|p2b: Kommo-o|32\/100|[from] Sandstorm\n|upkeep\n|\n|t:|1695866106\n|switch|p1b: Home Depot|Excadrill, M|91\/100\n|turn|19\n|\n|t:|1695866115\n|move|p2b: Kommo-o|Protect|p2b: Kommo-o\n|-singleturn|p2b: Kommo-o|Protect\n|move|p1b: Home Depot|High Horsepower|p2b: Kommo-o\n|-activate|p2b: Kommo-o|move: Protect\n|move|p1a: Godzilla|Rock Slide|p2b: Kommo-o\n|-activate|p2b: Kommo-o|move: Protect\n|\n|-weather|Sandstorm|[upkeep]\n|-damage|p2b: Kommo-o|26\/100|[from] Sandstorm\n|upkeep\n|turn|20\n|\n|t:|1695866120\n|move|p2b: Kommo-o|Protect|p2b: Kommo-o\n|-singleturn|p2b: Kommo-o|Protect\n|move|p1b: Home Depot|High Horsepower|p2b: Kommo-o\n|-activate|p2b: Kommo-o|move: Protect\n|move|p1a: Godzilla|Rock Slide|p2b: Kommo-o\n|-activate|p2b: Kommo-o|move: Protect\n|\n|-weather|none\n|upkeep\n|turn|21\n|\n|t:|1695866129\n|move|p2b: Kommo-o|Flamethrower|p1b: Home Depot\n|-supereffective|p1b: Home Depot\n|-damage|p1b: Home Depot|0 fnt\n|faint|p1b: Home Depot\n|move|p1a: Godzilla|Rock Slide|p2b: Kommo-o\n|-resisted|p2b: Kommo-o\n|-damage|p2b: Kommo-o|13\/100\n|\n|upkeep\n|turn|22\n|c|\u2606S1r.sweepsaLot|omg\n|c|\u2606peewee McGee xxx|Lol\n|c|\u2606S1r.sweepsaLot|that double protect\n|c|\u2606S1r.sweepsaLot|gg man\n|c|\u2606S1r.sweepsaLot|i swear i had that\n|\n|t:|1695866155\n|move|p2b: Kommo-o|Flash Cannon|p1a: Godzilla\n|-supereffective|p1a: Godzilla\n|-damage|p1a: Godzilla|0 fnt\n|faint|p1a: Godzilla\n|\n|win|peewee McGee xxx\n|raw|S1r.sweepsaLot's rating: 1613 &rarr; <strong>1595<\/strong><br \/>(-18 for losing)\n|raw|peewee McGee xxx's rating: 1649 &rarr; <strong>1667<\/strong><br \/>(+18 for winning)\n|l|\u2606S1r.sweepsaLot\n|l|\u2606peewee McGee xxx\n|j|\u2606S1r.sweepsaLot\n|player|p1|S1r.sweepsaLot|marshal\n","uploadtime":1695866233,"views":36,"p1id":"s1rsweepsalot","p2id":"peeweemcgeexxx","formatid":"gen9nationaldexdoubles","rating":1595,"private":0,"password":""}