{"id":"gen9nationaldexdoubles-1948420808","p1":"alext8059","p2":"Tourettediccoes","format":"[Gen 9] National Dex Doubles","log":"|j|\u2606alext8059\n|j|\u2606Tourettediccoes\n|t:|1695258212\n|gametype|doubles\n|player|p1|alext8059|serena|1094\n|player|p2|Tourettediccoes|firebreather|1156\n|teamsize|p1|6\n|teamsize|p2|6\n|gen|9\n|tier|[Gen 9] National Dex Doubles\n|rated|\n|rule|HP Percentage Mod: HP is shown in percentages\n|rule|Endless Battle Clause: Forcing endless battles is banned\n|rule|OHKO Clause: OHKO moves are banned\n|rule|Evasion Moves Clause: Evasion moves are banned\n|rule|Evasion Abilities Clause: Evasion abilities are banned\n|rule|Species Clause: Limit one of each Pok\u00e9mon\n|rule|Gravity Sleep Clause: The combination of sleep-inducing moves with imperfect accuracy and Gravity or Gigantamax Orbeetle are banned\n|clearpoke\n|poke|p1|Mawile, M|\n|poke|p1|Shaymin-Sky|\n|poke|p1|Victini|\n|poke|p1|Gastrodon-East, M|\n|poke|p1|Iron Hands|\n|poke|p1|Chien-Pao|\n|poke|p2|Wishiwashi, F|\n|poke|p2|Cresselia, F|\n|poke|p2|Oranguru, F|\n|poke|p2|Ursaluna-Bloodmoon, M|\n|poke|p2|Glastrier|\n|poke|p2|Rabsca, M|\n|teampreview\n|inactive|Battle timer is ON: inactive players will automatically lose when time's up. (requested by alext8059)\n|\n|t:|1695258231\n|start\n|switch|p1a: Chien-Pao|Chien-Pao|100\/100\n|switch|p1b: Mawile|Mawile, M|100\/100\n|switch|p2a: Ursaluna|Ursaluna-Bloodmoon, M|100\/100\n|switch|p2b: Cresselia|Cresselia, F|100\/100\n|-ability|p1a: Chien-Pao|Sword of Ruin\n|-ability|p1b: Mawile|Intimidate|boost\n|-unboost|p2a: Ursaluna|atk|1\n|-unboost|p2b: Cresselia|atk|1\n|turn|1\n|\n|t:|1695258250\n|switch|p1b: Shaymin|Shaymin-Sky|100\/100\n|move|p1a: Chien-Pao|Crunch|p2b: Cresselia\n|-supereffective|p2b: Cresselia\n|-damage|p2b: Cresselia|30\/100\n|-unboost|p2b: Cresselia|def|1\n|move|p2a: Ursaluna|Calm Mind|p2a: Ursaluna\n|-boost|p2a: Ursaluna|spa|1\n|-boost|p2a: Ursaluna|spd|1\n|move|p2b: Cresselia|Trick Room|p2b: Cresselia\n|-fieldstart|move: Trick Room|[of] p2b: Cresselia\n|\n|upkeep\n|turn|2\n|\n|t:|1695258268\n|-terastallize|p2a: Ursaluna|Ghost\n|-terastallize|p1b: Shaymin|Grass\n|move|p2a: Ursaluna|Blood Moon|p1a: Chien-Pao\n|-enditem|p1a: Chien-Pao|Focus Sash\n|-damage|p1a: Chien-Pao|1\/100\n|-damage|p2a: Ursaluna|91\/100|[from] item: Life Orb\n|move|p2b: Cresselia|Lunar Blessing|p2b: Cresselia|[spread] p2a,p2b\n|-heal|p2a: Ursaluna|100\/100\n|-heal|p2b: Cresselia|55\/100\n|move|p1b: Shaymin|Seed Flare|p2a: Ursaluna\n|-damage|p2a: Ursaluna|43\/100\n|-unboost|p2a: Ursaluna|spd|2\n|move|p1a: Chien-Pao|Crunch|p2b: Cresselia\n|-supereffective|p2b: Cresselia\n|-damage|p2b: Cresselia|0 fnt\n|faint|p2b: Cresselia\n|\n|upkeep\n|\n|t:|1695258276\n|switch|p2b: Oranguru|Oranguru, F|100\/100\n|turn|3\n|\n|t:|1695258291\n|move|p2b: Oranguru|Instruct|p2a: Ursaluna\n|-singleturn|p2a: Ursaluna|move: Instruct|[of] p2b: Oranguru\n|move|p2a: Ursaluna|Blood Moon|p1a: Chien-Pao\n|-damage|p1a: Chien-Pao|0 fnt\n|faint|p1a: Chien-Pao\n|-damage|p2a: Ursaluna|33\/100|[from] item: Life Orb\n|-hint|Some effects can force a Pokemon to use Blood Moon again in a row.\n|move|p2a: Ursaluna|Hyper Voice|p1b: Shaymin\n|-enditem|p1b: Shaymin|Focus Sash\n|-damage|p1b: Shaymin|1\/100\n|-damage|p2a: Ursaluna|24\/100|[from] item: Life Orb\n|move|p1b: Shaymin|Seed Flare|p2a: Ursaluna\n|-damage|p2a: Ursaluna|0 fnt\n|faint|p2a: Ursaluna\n|\n|upkeep\n|c|\u2606Tourettediccoes|suck my balls\n|c|\u2606alext8059|no u\n|inactive|alext8059 has 120 seconds left.\n|\n|t:|1695258322\n|switch|p2a: Glastrier|Glastrier|100\/100\n|switch|p1a: Iron Hands|Iron Hands|100\/100\n|turn|4\n|c|\u2606alext8059|suck mine\n|\n|t:|1695258340\n|move|p2a: Glastrier|Zen Headbutt|p1a: Iron Hands\n|-supereffective|p1a: Iron Hands\n|-crit|p1a: Iron Hands\n|-damage|p1a: Iron Hands|30\/100\n|move|p2b: Oranguru|Instruct|p2a: Glastrier\n|-singleturn|p2a: Glastrier|move: Instruct|[of] p2b: Oranguru\n|move|p2a: Glastrier|Zen Headbutt|p1a: Iron Hands\n|-supereffective|p1a: Iron Hands\n|-damage|p1a: Iron Hands|0 fnt\n|faint|p1a: Iron Hands\n|-end|p1a: Iron Hands|Quark Drive|[silent]\n|-ability|p2a: Glastrier|Chilling Neigh|boost\n|-boost|p2a: Glastrier|atk|1\n|move|p1b: Shaymin|Air Slash|p2b: Oranguru\n|-damage|p2b: Oranguru|70\/100\n|\n|upkeep\n|c|\u2606Tourettediccoes|ur balls is so small\n|\n|t:|1695258354\n|switch|p1a: Mawile|Mawile, M|100\/100\n|-ability|p1a: Mawile|Intimidate|boost\n|-unboost|p2a: Glastrier|atk|1\n|-unboost|p2b: Oranguru|atk|1\n|turn|5\n|\n|t:|1695258361\n|move|p1a: Mawile|Protect|p1a: Mawile\n|-singleturn|p1a: Mawile|Protect\n|move|p1b: Shaymin|Protect|p1b: Shaymin\n|-singleturn|p1b: Shaymin|Protect\n|move|p2a: Glastrier|High Horsepower|p1a: Mawile\n|-activate|p1a: Mawile|move: Protect\n|move|p2b: Oranguru|Instruct|p2a: Glastrier\n|-singleturn|p2a: Glastrier|move: Instruct|[of] p2b: Oranguru\n|move|p2a: Glastrier|High Horsepower|p1a: Mawile\n|-activate|p1a: Mawile|move: Protect\n|\n|-fieldend|move: Trick Room\n|upkeep\n|turn|6\n|c|\u2606alext8059|that sucks\n|\n|t:|1695258386\n|detailschange|p1a: Mawile|Mawile-Mega, M\n|-mega|p1a: Mawile|Mawile|Mawilite\n|move|p1b: Shaymin|Air Slash|p2a: Glastrier\n|-damage|p2a: Glastrier|71\/100\n|move|p1a: Mawile|Play Rough|p2b: Oranguru\n|-damage|p2b: Oranguru|0 fnt\n|faint|p2b: Oranguru\n|move|p2a: Glastrier|Icicle Spear|p1b: Shaymin\n|-supereffective|p1b: Shaymin\n|-crit|p1b: Shaymin\n|-damage|p1b: Shaymin|0 fnt\n|faint|p1b: Shaymin\n|-ability|p2a: Glastrier|Chilling Neigh|boost\n|-boost|p2a: Glastrier|atk|1\n|-hitcount|p1: Shaymin|1\n|\n|upkeep\n|\n|t:|1695258395\n|switch|p1b: Victini|Victini|100\/100\n|switch|p2b: Rabsca|Rabsca, M|100\/100\n|turn|7\n|\n|t:|1695258408\n|move|p1b: Victini|V-create|p2b: Rabsca\n|-supereffective|p2b: Rabsca\n|-damage|p2b: Rabsca|0 fnt\n|-unboost|p1b: Victini|spe|1\n|-unboost|p1b: Victini|def|1\n|-unboost|p1b: Victini|spd|1\n|faint|p2b: Rabsca\n|move|p1a: Mawile|Iron Head|p2a: Glastrier\n|-supereffective|p2a: Glastrier\n|-damage|p2a: Glastrier|0 fnt\n|faint|p2a: Glastrier\n|\n|upkeep\n|\n|t:|1695258415\n|switch|p2b: A TIL\u00c1PIA|Wishiwashi, F, shiny|100\/100\n|-formechange|p2b: A TIL\u00c1PIA|Wishiwashi-School||[from] ability: Schooling\n|turn|8\n|\n|t:|1695258427\n|move|p1b: Victini|Fusion Bolt|p2b: A TIL\u00c1PIA\n|-supereffective|p2b: A TIL\u00c1PIA\n|-damage|p2b: A TIL\u00c1PIA|42\/100\n|-enditem|p2b: A TIL\u00c1PIA|Weakness Policy\n|-boost|p2b: A TIL\u00c1PIA|atk|2|[from] item: Weakness Policy\n|-boost|p2b: A TIL\u00c1PIA|spa|2|[from] item: Weakness Policy\n|move|p1a: Mawile|Play Rough|p2b: A TIL\u00c1PIA\n|-damage|p2b: A TIL\u00c1PIA|0 fnt\n|faint|p2b: A TIL\u00c1PIA\n|\n|win|alext8059\n|raw|alext8059's rating: 1094 &rarr; <strong>1124<\/strong><br \/>(+30 for winning)\n|raw|Tourettediccoes's rating: 1156 &rarr; <strong>1127<\/strong><br \/>(-29 for losing)\n","uploadtime":1695258309,"views":6,"p1id":"alext8059","p2id":"tourettediccoes","formatid":"gen9nationaldexdoubles","rating":1124,"private":0,"password":""}