{"id":"gen9nationaldexdoubles-1987065819","p1":"LL-Kid","p2":"looy1","format":"[Gen 9] National Dex Doubles","log":"|j|\u2606LL-Kid\n|j|\u2606looy1\n|t:|1699553276\n|gametype|doubles\n|player|p1|LL-Kid|crasherwake|\n|player|p2|looy1|266|\n|teamsize|p1|4\n|teamsize|p2|4\n|gen|9\n|tier|[Gen 9] National Dex Doubles\n|rule|HP Percentage Mod: HP is shown in percentages\n|rule|Endless Battle Clause: Forcing endless battles is banned\n|rule|OHKO Clause: OHKO moves are banned\n|rule|Evasion Moves Clause: Evasion moves are banned\n|rule|Evasion Abilities Clause: Evasion abilities are banned\n|rule|Species Clause: Limit one of each Pok\u00e9mon\n|rule|Gravity Sleep Clause: The combination of sleep-inducing moves with imperfect accuracy and Gravity or Gigantamax Orbeetle are banned\n|clearpoke\n|poke|p1|Lanturn, M|\n|poke|p1|Hitmonlee, M|\n|poke|p1|Parasect, M|\n|poke|p1|Girafarig, F|\n|poke|p2|Hypno, M|\n|poke|p2|Granbull, M|\n|poke|p2|Camerupt, M|\n|poke|p2|Rotom|\n|teampreview\n|\n|t:|1699553509\n|start\n|switch|p1a: Lou|Parasect, M, shiny|100\/100\n|switch|p1b: Pigger Blue|Girafarig, F, shiny|100\/100\n|switch|p2a: Camerupt|Camerupt, M, shiny|100\/100\n|switch|p2b: Rotom|Rotom, shiny|100\/100\n|turn|1\n|\n|t:|1699553560\n|-terastallize|p1b: Pigger Blue|Water\n|move|p1a: Lou|Rage Powder|p1a: Lou\n|-singleturn|p1a: Lou|move: Rage Powder\n|move|p2b: Rotom|Reflect|p2b: Rotom\n|-sidestart|p2: looy1|Reflect\n|move|p1b: Pigger Blue|Tera Blast|p2a: Camerupt|[anim] Tera Blast Water\n|-supereffective|p2a: Camerupt\n|-damage|p2a: Camerupt|8\/100\n|move|p2a: Camerupt|Eruption|p1a: Lou|[spread] p1a,p1b\n|-supereffective|p1a: Lou\n|-resisted|p1b: Pigger Blue\n|-damage|p1a: Lou|85\/100\n|-damage|p1b: Pigger Blue|99\/100\n|\n|-heal|p2a: Camerupt|14\/100|[from] item: Leftovers\n|-heal|p1a: Lou|91\/100|[from] item: Leftovers\n|upkeep\n|turn|2\n|\n|t:|1699553607\n|move|p2b: Rotom|Volt Switch|p1b: Pigger Blue\n|-supereffective|p1b: Pigger Blue\n|-damage|p1b: Pigger Blue|15\/100\n|-enditem|p1b: Pigger Blue|Sitrus Berry|[eat]\n|-heal|p1b: Pigger Blue|40\/100|[from] item: Sitrus Berry\n|\n|t:|1699553619\n|switch|p2b: Granbull|Granbull, M, shiny|100\/100|[from] Volt Switch\n|-ability|p2b: Granbull|Intimidate|boost\n|-unboost|p1a: Lou|atk|1\n|-unboost|p1b: Pigger Blue|atk|1\n|move|p1b: Pigger Blue|Tera Blast|p2a: Camerupt|[anim] Tera Blast Water\n|-supereffective|p2a: Camerupt\n|-damage|p2a: Camerupt|0 fnt\n|faint|p2a: Camerupt\n|move|p1a: Lou|Spore|p2b: Granbull\n|-status|p2b: Granbull|slp|[from] move: Spore\n|\n|-heal|p1a: Lou|97\/100|[from] item: Leftovers\n|upkeep\n|\n|t:|1699553631\n|switch|p2a: Hypno|Hypno, M, shiny|100\/100\n|turn|3\n|\n|t:|1699553703\n|move|p1b: Pigger Blue|Ally Switch|p1b: Pigger Blue\n|swap|p1b: Pigger Blue|0|[from] move: Ally Switch\n|move|p2a: Hypno|Hypnosis|p1a: Pigger Blue\n|-status|p1a: Pigger Blue|slp|[from] move: Hypnosis\n|cant|p2b: Granbull|slp\n|move|p1b: Lou|Leech Life|p2a: Hypno\n|-supereffective|p2a: Hypno\n|-damage|p2a: Hypno|65\/100\n|-heal|p1b: Lou|100\/100|[from] drain|[of] p2a: Hypno\n|\n|upkeep\n|turn|4\n|\n|t:|1699553793\n|switch|p2a: Rotom|Rotom, shiny|100\/100\n|move|p1b: Lou|Protect|p1b: Lou\n|-singleturn|p1b: Lou|Protect\n|cant|p1a: Pigger Blue|slp\n|cant|p2b: Granbull|slp\n|\n|upkeep\n|turn|5\n|\n|t:|1699554003\n|switch|p1a: Poob|Lanturn, M|100\/100\n|-item|p1a: Poob|Air Balloon\n|-terastallize|p2a: Rotom|Bug\n|move|p1b: Lou|Protect|p1b: Lou\n|-singleturn|p1b: Lou|Protect\n|move|p2a: Rotom|Signal Beam|p1b: Lou\n|-activate|p1b: Lou|move: Protect\n|-curestatus|p2b: Granbull|slp|[msg]\n|move|p2b: Granbull|Rock Slide|p1b: Lou|[spread] p1a\n|-activate|p1b: Lou|move: Protect\n|-damage|p1a: Poob|75\/100\n|-enditem|p1a: Poob|Air Balloon\n|-damage|p2b: Granbull|91\/100|[from] item: Life Orb\n|\n|-sideend|p2: looy1|Reflect\n|upkeep\n|turn|6\n|\n|t:|1699554050\n|move|p2a: Rotom|Reflect|p2a: Rotom\n|-sidestart|p2: looy1|Reflect\n|move|p1a: Poob|Surf|p2b: Granbull|[spread] p2a,p2b\n|-immune|p1b: Lou|[from] ability: Dry Skin\n|-damage|p2a: Rotom|54\/100\n|-damage|p2b: Granbull|47\/100\n|move|p2b: Granbull|Earthquake|p1a: Poob|[spread] p1a,p1b\n|-immune|p2a: Rotom|[from] ability: Levitate\n|-supereffective|p1a: Poob\n|-crit|p1a: Poob\n|-resisted|p1b: Lou\n|-damage|p1a: Poob|0 fnt\n|-damage|p1b: Lou|90\/100\n|faint|p1a: Poob\n|-damage|p2b: Granbull|37\/100|[from] item: Life Orb\n|move|p1b: Lou|Spore|p2b: Granbull\n|-status|p2b: Granbull|slp|[from] move: Spore\n|\n|-heal|p1b: Lou|96\/100|[from] item: Leftovers\n|upkeep\n|\n|t:|1699554085\n|switch|p1a: Pigger Blue|Girafarig, F, shiny, tera:Water|40\/100 slp\n|turn|7\n|\n|t:|1699554177\n|move|p1b: Lou|Protect|p1b: Lou\n|-singleturn|p1b: Lou|Protect\n|move|p2a: Rotom|Volt Switch|p1a: Pigger Blue\n|-supereffective|p1a: Pigger Blue\n|-damage|p1a: Pigger Blue|0 fnt\n|faint|p1a: Pigger Blue\n|\n|t:|1699554185\n|switch|p2a: Hypno|Hypno, M, shiny|65\/100|[from] Volt Switch\n|cant|p2b: Granbull|slp\n|\n|-heal|p1b: Lou|100\/100|[from] item: Leftovers\n|upkeep\n|\n|t:|1699554192\n|switch|p1a: Bruise Lee|Hitmonlee, M|100\/100\n|turn|8\n|\n|t:|1699554253\n|move|p1b: Lou|Rage Powder|p1b: Lou\n|-singleturn|p1b: Lou|move: Rage Powder\n|move|p1a: Bruise Lee|Poison Jab|p2b: Granbull\n|-supereffective|p2b: Granbull\n|-damage|p2b: Granbull|0 fnt\n|faint|p2b: Granbull\n|-damage|p1a: Bruise Lee|91\/100|[from] item: Life Orb\n|move|p2a: Hypno|Psychic|p1b: Lou\n|-damage|p1b: Lou|60\/100\n|\n|-heal|p1b: Lou|66\/100|[from] item: Leftovers\n|upkeep\n|\n|t:|1699554267\n|switch|p2b: Rotom|Rotom, shiny, tera:Bug|54\/100\n|turn|9\n|\n|t:|1699554431\n|move|p1b: Lou|Protect|p1b: Lou\n|-singleturn|p1b: Lou|Protect\n|move|p2b: Rotom|Signal Beam|p1b: Lou\n|-activate|p1b: Lou|move: Protect\n|move|p1a: Bruise Lee|Close Combat|p2b: Rotom\n|-resisted|p2b: Rotom\n|-damage|p2b: Rotom|7\/100\n|-unboost|p1a: Bruise Lee|def|1\n|-unboost|p1a: Bruise Lee|spd|1\n|-damage|p1a: Bruise Lee|81\/100|[from] item: Life Orb\n|move|p2a: Hypno|Psychic|p1a: Bruise Lee\n|-supereffective|p1a: Bruise Lee\n|-damage|p1a: Bruise Lee|0 fnt\n|faint|p1a: Bruise Lee\n|\n|-heal|p1b: Lou|72\/100|[from] item: Leftovers\n|upkeep\n|turn|10\n|\n|t:|1699554571\n|move|p2a: Hypno|Helping Hand|p2b: Rotom\n|-singleturn|p2b: Rotom|Helping Hand|[of] p2a: Hypno\n|move|p2b: Rotom|Signal Beam|p1b: Lou\n|-supereffective|p1b: Lou\n|-damage|p1b: Lou|0 fnt\n|faint|p1b: Lou\n|\n|win|looy1\n","uploadtime":1699554580,"views":22,"p1id":"llkid","p2id":"looy1","formatid":"gen9nationaldexdoubles","rating":0,"private":0,"password":""}