{"id":"gen9nationaldexdoubles-1990752359","p1":"kooflah","p2":"El Ryuk456","format":"[Gen 9] National Dex Doubles","log":"|j|\u2606kooflah\n|j|\u2606El Ryuk456\n|t:|1699997517\n|gametype|doubles\n|player|p1|kooflah|170|1308\n|player|p2|El Ryuk456|ingo|1390\n|teamsize|p1|6\n|teamsize|p2|6\n|gen|9\n|tier|[Gen 9] National Dex Doubles\n|rated|\n|rule|HP Percentage Mod: HP is shown in percentages\n|rule|Endless Battle Clause: Forcing endless battles is banned\n|rule|OHKO Clause: OHKO moves are banned\n|rule|Evasion Moves Clause: Evasion moves are banned\n|rule|Evasion Abilities Clause: Evasion abilities are banned\n|rule|Species Clause: Limit one of each Pok\u00e9mon\n|rule|Gravity Sleep Clause: The combination of sleep-inducing moves with imperfect accuracy and Gravity or Gigantamax Orbeetle are banned\n|clearpoke\n|poke|p1|Gardevoir, F|\n|poke|p1|Sinistcha-Masterpiece|\n|poke|p1|Landorus-Therian, M|\n|poke|p1|Thundurus, M|\n|poke|p1|Chi-Yu|\n|poke|p1|Aegislash, F|\n|poke|p2|Tsareena, F|\n|poke|p2|Talonflame, M|\n|poke|p2|Lapras, F|\n|poke|p2|Eldegoss, F|\n|poke|p2|Cinderace, F|\n|poke|p2|Goodra, M|\n|teampreview\n|inactive|Battle timer is ON: inactive players will automatically lose when time's up. (requested by kooflah)\n|\n|t:|1699997528\n|start\n|switch|p1a: Landorus|Landorus-Therian, M, shiny|100\/100\n|switch|p1b: Thundurus|Thundurus, M, shiny|100\/100\n|switch|p2a: Beyonce|Tsareena, F|100\/100\n|switch|p2b: Gale|Talonflame, M|100\/100\n|-ability|p1a: Landorus|Intimidate|boost\n|-unboost|p2a: Beyonce|atk|1\n|-unboost|p2b: Gale|atk|1\n|turn|1\n|\n|t:|1699997548\n|move|p1b: Thundurus|Thunder Wave||[still]\n|cant|p2a: Beyonce|ability: Queenly Majesty|Thunder Wave|[of] p1b: Thundurus\n|move|p2b: Gale|Tailwind|p2b: Gale\n|-sidestart|p2: El Ryuk456|move: Tailwind\n|move|p1a: Landorus|Stone Edge|p2b: Gale|[miss]\n|-miss|p1a: Landorus|p2b: Gale\n|move|p2a: Beyonce|Trop Kick|p1a: Landorus\n|-damage|p1a: Landorus|75\/100\n|-unboost|p1a: Landorus|atk|1\n|\n|upkeep\n|turn|2\n|\n|t:|1699997561\n|switch|p2b: Eldegoss|Eldegoss, F|100\/100\n|move|p1a: Landorus|Stone Edge|p2b: Eldegoss|[miss]\n|-miss|p1a: Landorus|p2b: Eldegoss\n|move|p2a: Beyonce|Trop Kick|p1a: Landorus\n|-damage|p1a: Landorus|47\/100\n|-unboost|p1a: Landorus|atk|1\n|move|p1b: Thundurus|Thunderbolt|p2b: Eldegoss\n|-resisted|p2b: Eldegoss\n|-damage|p2b: Eldegoss|80\/100\n|-ability|p2b: Eldegoss|Cotton Down\n|-unboost|p1a: Landorus|spe|1\n|-unboost|p1b: Thundurus|spe|1\n|-unboost|p2a: Beyonce|spe|1\n|\n|upkeep\n|turn|3\n|\n|t:|1699997587\n|switch|p1a: Aegislash|Aegislash, F, shiny|100\/100\n|move|p1b: Thundurus|Taunt||[still]\n|cant|p2a: Beyonce|ability: Queenly Majesty|Taunt|[of] p1b: Thundurus\n|move|p2b: Eldegoss|Leech Seed|p1b: Thundurus|[miss]\n|-miss|p2b: Eldegoss|p1b: Thundurus\n|move|p2a: Beyonce|Trop Kick|p1a: Aegislash\n|-resisted|p1a: Aegislash\n|-damage|p1a: Aegislash|92\/100\n|-unboost|p1a: Aegislash|atk|1\n|\n|-heal|p1a: Aegislash|98\/100|[from] item: Leftovers\n|upkeep\n|turn|4\n|\n|t:|1699997603\n|move|p2b: Eldegoss|Leech Seed|p1a: Aegislash\n|-start|p1a: Aegislash|move: Leech Seed\n|move|p2a: Beyonce|Taunt|p1a: Aegislash\n|-start|p1a: Aegislash|move: Taunt\n|move|p1b: Thundurus|Knock Off|p2b: Eldegoss\n|-damage|p2b: Eldegoss|58\/100\n|-ability|p2b: Eldegoss|Cotton Down\n|-unboost|p1a: Aegislash|spe|1\n|-unboost|p1b: Thundurus|spe|1\n|-unboost|p2a: Beyonce|spe|1\n|-enditem|p2b: Eldegoss|Aguav Berry|[from] move: Knock Off|[of] p1b: Thundurus\n|cant|p1a: Aegislash|move: Taunt|Substitute\n|\n|-heal|p1a: Aegislash|100\/100|[from] item: Leftovers\n|-damage|p1a: Aegislash|88\/100|[from] Leech Seed|[of] p2b: Eldegoss\n|-heal|p2b: Eldegoss|71\/100|[silent]\n|-sideend|p2: El Ryuk456|move: Tailwind\n|upkeep\n|turn|5\n|\n|t:|1699997623\n|switch|p1a: Chi-Yu|Chi-Yu|100\/100\n|-ability|p1a: Chi-Yu|Beads of Ruin\n|move|p2a: Beyonce|Protect|p2a: Beyonce\n|-singleturn|p2a: Beyonce|Protect\n|move|p1b: Thundurus|Knock Off|p2a: Beyonce\n|-activate|p2a: Beyonce|move: Protect\n|move|p2b: Eldegoss|Leech Seed|p1b: Thundurus\n|-start|p1b: Thundurus|move: Leech Seed\n|\n|-damage|p1b: Thundurus|88\/100|[from] Leech Seed|[of] p2b: Eldegoss\n|-heal|p2b: Eldegoss|82\/100|[silent]\n|upkeep\n|turn|6\n|\n|t:|1699997651\n|switch|p1b: Aegislash|Aegislash, F, shiny|88\/100\n|switch|p2a: Goodra|Goodra, M|100\/100\n|-terastallize|p1a: Chi-Yu|Grass\n|move|p2b: Eldegoss|Protect|p2b: Eldegoss\n|-singleturn|p2b: Eldegoss|Protect\n|move|p1a: Chi-Yu|Heat Wave|p2b: Eldegoss|[spread] p2a\n|-activate|p2b: Eldegoss|move: Protect\n|-resisted|p2a: Goodra\n|-damage|p2a: Goodra|86\/100\n|-damage|p1a: Chi-Yu|91\/100|[from] item: Life Orb\n|\n|-heal|p1b: Aegislash|94\/100|[from] item: Leftovers\n|upkeep\n|turn|7\n|\n|t:|1699997673\n|switch|p2b: Lapras|Lapras, F|100\/100\n|move|p1a: Chi-Yu|Protect|p1a: Chi-Yu\n|-singleturn|p1a: Chi-Yu|Protect\n|move|p1b: Aegislash|King's Shield|p1b: Aegislash\n|-singleturn|p1b: Aegislash|Protect\n|move|p2a: Goodra|Flamethrower|p1a: Chi-Yu\n|-activate|p1a: Chi-Yu|move: Protect\n|\n|-heal|p1b: Aegislash|100\/100|[from] item: Leftovers\n|upkeep\n|turn|8\n|-message|kooflah forfeited.\n|\n|win|El Ryuk456\n|raw|kooflah's rating: 1308 &rarr; <strong>1293<\/strong><br \/>(-15 for losing)\n|raw|El Ryuk456's rating: 1390 &rarr; <strong>1405<\/strong><br \/>(+15 for winning)\n|l|\u2606kooflah\n","uploadtime":1699997694,"views":9,"p1id":"kooflah","p2id":"elryuk456","formatid":"gen9nationaldexdoubles","rating":1293,"private":0,"password":""}