{"id":"gen9nationaldexdoubles-1996685449","p1":"Snorkle Porkle","p2":"TheOfficialSlade","format":"[Gen 9] National Dex Doubles","log":"|j|\u2606Snorkle Porkle\n|j|\u2606TheOfficialSlade\n|t:|1700709537\n|gametype|doubles\n|player|p1|Snorkle Porkle|170|\n|player|p2|TheOfficialSlade|shadowtriad|\n|teamsize|p1|6\n|teamsize|p2|6\n|gen|9\n|tier|[Gen 9] National Dex Doubles\n|rule|HP Percentage Mod: HP is shown in percentages\n|rule|Endless Battle Clause: Forcing endless battles is banned\n|rule|OHKO Clause: OHKO moves are banned\n|rule|Evasion Moves Clause: Evasion moves are banned\n|rule|Evasion Abilities Clause: Evasion abilities are banned\n|rule|Species Clause: Limit one of each Pok\u00e9mon\n|rule|Gravity Sleep Clause: The combination of sleep-inducing moves with imperfect accuracy and Gravity or Gigantamax Orbeetle are banned\n|clearpoke\n|poke|p1|Drapion, M|\n|poke|p1|Talonflame, F|\n|poke|p1|Tapu Koko|\n|poke|p1|Metagross|\n|poke|p1|Dragapult, M|\n|poke|p1|Raichu-Alola, M|\n|poke|p2|Espeon, M|\n|poke|p2|Rhyperior, F|\n|poke|p2|Dusclops, M|\n|poke|p2|Ferrothorn, F|\n|poke|p2|Ampharos, F|\n|poke|p2|Gothitelle, F|\n|teampreview\n|\n|t:|1700709585\n|start\n|switch|p1a: Danny Phantom|Dragapult, M|100\/100\n|switch|p1b: The Claaawwwww|Drapion, M|100\/100\n|switch|p2a: Dusclops|Dusclops, M|100\/100\n|switch|p2b: Rhyperior|Rhyperior, F|100\/100\n|-item|p1a: Danny Phantom|Life Orb|[from] ability: Frisk|[of] p2a: Dusclops|[identify]\n|-item|p1b: The Claaawwwww|Assault Vest|[from] ability: Frisk|[of] p2a: Dusclops|[identify]\n|turn|1\n|j| landlord79\n|j| usagi the weeb\n|\n|t:|1700709654\n|switch|p2a: Ferrothorn|Ferrothorn, F|100\/100\n|move|p1a: Danny Phantom|Hydro Pump|p2b: Rhyperior\n|-supereffective|p2b: Rhyperior\n|-damage|p2b: Rhyperior|0 fnt\n|faint|p2b: Rhyperior\n|-damage|p1a: Danny Phantom|91\/100|[from] item: Life Orb\n|move|p1b: The Claaawwwww|Knock Off|p2a: Ferrothorn\n|-damage|p2a: Ferrothorn|83\/100\n|-damage|p1b: The Claaawwwww|88\/100|[from] ability: Iron Barbs|[of] p2a: Ferrothorn\n|-enditem|p2a: Ferrothorn|Leftovers|[from] move: Knock Off|[of] p1b: The Claaawwwww\n|\n|upkeep\n|\n|t:|1700709670\n|switch|p2b: Gothitelle|Gothitelle, F|100\/100\n|turn|2\n|\n|t:|1700709735\n|move|p1a: Danny Phantom|Fire Blast|p2a: Ferrothorn\n|-supereffective|p2a: Ferrothorn\n|-damage|p2a: Ferrothorn|0 fnt\n|faint|p2a: Ferrothorn\n|-damage|p1a: Danny Phantom|81\/100|[from] item: Life Orb\n|move|p1b: The Claaawwwww|Knock Off|p2b: Gothitelle\n|-supereffective|p2b: Gothitelle\n|-damage|p2b: Gothitelle|53\/100\n|-enditem|p2b: Gothitelle|Leftovers|[from] move: Knock Off|[of] p1b: The Claaawwwww\n|move|p2b: Gothitelle|Psychic|p1a: Danny Phantom\n|-damage|p1a: Danny Phantom|43\/100\n|\n|upkeep\n|\n|t:|1700709746\n|switch|p2a: Dusclops|Dusclops, M|100\/100\n|-item|p1a: Danny Phantom|Life Orb|[from] ability: Frisk|[of] p2a: Dusclops|[identify]\n|-item|p1b: The Claaawwwww|Assault Vest|[from] ability: Frisk|[of] p2a: Dusclops|[identify]\n|turn|3\n|\n|t:|1700709772\n|switch|p2b: Ampharos|Ampharos, F|100\/100\n|move|p1a: Danny Phantom|Shadow Ball|p2a: Dusclops\n|-supereffective|p2a: Dusclops\n|-damage|p2a: Dusclops|42\/100\n|-damage|p1a: Danny Phantom|33\/100|[from] item: Life Orb\n|move|p1b: The Claaawwwww|Knock Off|p2a: Dusclops\n|-supereffective|p2a: Dusclops\n|-damage|p2a: Dusclops|12\/100\n|-enditem|p2a: Dusclops|Eviolite|[from] move: Knock Off|[of] p1b: The Claaawwwww\n|move|p2a: Dusclops|Trick Room|p2a: Dusclops\n|-fieldstart|move: Trick Room|[of] p2a: Dusclops\n|\n|upkeep\n|turn|4\n|\n|t:|1700709804\n|switch|p1a: 4 And 10|Tapu Koko, shiny|100\/100\n|-fieldstart|move: Electric Terrain|[from] ability: Electric Surge|[of] p1a: 4 And 10\n|move|p2a: Dusclops|Will-O-Wisp|p1b: The Claaawwwww\n|-status|p1b: The Claaawwwww|brn\n|move|p2b: Ampharos|Dragon Pulse|p1a: 4 And 10\n|-immune|p1a: 4 And 10\n|move|p1b: The Claaawwwww|Crunch|p2a: Dusclops\n|-supereffective|p2a: Dusclops\n|-damage|p2a: Dusclops|0 fnt\n|faint|p2a: Dusclops\n|\n|-damage|p1b: The Claaawwwww|82\/100 brn|[from] brn\n|upkeep\n|\n|t:|1700709818\n|switch|p2a: Espeon|Espeon, M|100\/100\n|turn|5\n|\n|t:|1700709840\n|-terastallize|p2a: Espeon|Fire\n|move|p2b: Ampharos|Volt Switch|p1b: The Claaawwwww\n|-damage|p1b: The Claaawwwww|55\/100 brn\n|\n|t:|1700709845\n|switch|p2b: Gothitelle|Gothitelle, F|53\/100|[from] Volt Switch\n|move|p1b: The Claaawwwww|Knock Off|p2a: Espeon\n|-damage|p2a: Espeon|73\/100\n|-enditem|p2a: Espeon|Heavy-Duty Boots|[from] move: Knock Off|[of] p1b: The Claaawwwww\n|move|p2a: Espeon|Calm Mind|p2a: Espeon\n|-boost|p2a: Espeon|spa|1\n|-boost|p2a: Espeon|spd|1\n|move|p1a: 4 And 10|Light Screen|p1a: 4 And 10\n|-sidestart|p1: Snorkle Porkle|move: Light Screen\n|\n|-damage|p1b: The Claaawwwww|49\/100 brn|[from] brn\n|upkeep\n|turn|6\n|\n|t:|1700709906\n|move|p2b: Gothitelle|Taunt|p1a: 4 And 10\n|-start|p1a: 4 And 10|move: Taunt\n|move|p1b: The Claaawwwww|Crunch|p2a: Espeon\n|-damage|p2a: Espeon|47\/100\n|-unboost|p2a: Espeon|def|1\n|move|p2a: Espeon|Tera Blast|p1b: The Claaawwwww|[anim] Tera Blast Fire\n|-damage|p1b: The Claaawwwww|26\/100 brn\n|move|p1a: 4 And 10|U-turn|p2a: Espeon\n|-resisted|p2a: Espeon\n|-damage|p2a: Espeon|22\/100\n|\n|t:|1700709934\n|switch|p1a: Minato|Raichu-Alola, M|100\/100|[from] U-turn\n|\n|-damage|p1b: The Claaawwwww|20\/100 brn|[from] brn\n|upkeep\n|turn|7\n|\n|t:|1700709952\n|switch|p2a: Ampharos|Ampharos, F|100\/100\n|move|p2b: Gothitelle|Cosmic Power|p2b: Gothitelle\n|-boost|p2b: Gothitelle|def|1\n|-boost|p2b: Gothitelle|spd|1\n|move|p1b: The Claaawwwww|Crunch|p2a: Ampharos\n|-damage|p2a: Ampharos|87\/100\n|move|p1a: Minato|Rising Voltage|p2b: Gothitelle\n|-hint|Rising Voltage's BP doubled on grounded target.\n|-damage|p2b: Gothitelle|0 fnt\n|faint|p2b: Gothitelle\n|\n|-damage|p1b: The Claaawwwww|14\/100 brn|[from] brn\n|-fieldend|move: Trick Room\n|upkeep\n|\n|t:|1700709965\n|switch|p2b: Espeon|Espeon, M, tera:Fire|22\/100\n|turn|8\n|\n|t:|1700709982\n|move|p1a: Minato|Rising Voltage|p2a: Ampharos\n|-hint|Rising Voltage's BP doubled on grounded target.\n|-resisted|p2a: Ampharos\n|-damage|p2a: Ampharos|24\/100\n|move|p2b: Espeon|Psyshock|p1a: Minato\n|-resisted|p1a: Minato\n|-damage|p1a: Minato|77\/100\n|move|p1b: The Claaawwwww|Crunch|p2b: Espeon\n|-damage|p2b: Espeon|0 fnt\n|faint|p2b: Espeon\n|move|p2a: Ampharos|Focus Blast|p1b: The Claaawwwww\n|-damage|p1b: The Claaawwwww|0 fnt\n|faint|p1b: The Claaawwwww\n|\n|-fieldend|move: Electric Terrain\n|upkeep\n|\n|t:|1700709999\n|switch|p1b: 4 And 10|Tapu Koko, shiny|100\/100\n|-fieldstart|move: Electric Terrain|[from] ability: Electric Surge|[of] p1b: 4 And 10\n|turn|9\n|\n|t:|1700710014\n|move|p1a: Minato|Rising Voltage|p2a: Ampharos\n|-hint|Rising Voltage's BP doubled on grounded target.\n|-resisted|p2a: Ampharos\n|-damage|p2a: Ampharos|0 fnt\n|faint|p2a: Ampharos\n|\n|win|Snorkle Porkle\n","uploadtime":1700710022,"views":18,"p1id":"snorkleporkle","p2id":"theofficialslade","formatid":"gen9nationaldexdoubles","rating":0,"private":0,"password":""}