{"id":"gen9nationaldexdoubles-1978898601","p1":"Jack the Ripper21","p2":"JaxHook1","format":"[Gen 9] National Dex Doubles","log":"|j|\u2606Jack the Ripper21\n|j|\u2606JaxHook1\n|t:|1698607930\n|gametype|doubles\n|player|p1|Jack the Ripper21|gentleman-gen4dp|\n|player|p2|JaxHook1|acetrainer-gen4dp|\n|teamsize|p1|6\n|teamsize|p2|6\n|gen|9\n|tier|[Gen 9] National Dex Doubles\n|rule|HP Percentage Mod: HP is shown in percentages\n|rule|Endless Battle Clause: Forcing endless battles is banned\n|rule|OHKO Clause: OHKO moves are banned\n|rule|Evasion Moves Clause: Evasion moves are banned\n|rule|Evasion Abilities Clause: Evasion abilities are banned\n|rule|Species Clause: Limit one of each Pok\u00e9mon\n|rule|Gravity Sleep Clause: The combination of sleep-inducing moves with imperfect accuracy and Gravity or Gigantamax Orbeetle are banned\n|clearpoke\n|poke|p1|Venusaur, F|\n|poke|p1|Toxapex, M|\n|poke|p1|Iron Moth|\n|poke|p1|Sneasler, M|\n|poke|p1|Glimmora, F|\n|poke|p1|Slowking-Galar, F|\n|poke|p2|Maushold-Four|\n|poke|p2|Glimmora, F|\n|poke|p2|Eelektross, F|\n|poke|p2|Talonflame, M|\n|poke|p2|Hydreigon, F|\n|poke|p2|Meowscarada, M|\n|teampreview\n|c|\u2606Jack the Ripper21|lets do this\n|\n|t:|1698607959\n|start\n|switch|p1a: Mutated Ballsack|Glimmora, F|100\/100\n|switch|p1b: Sazae|Slowking-Galar, F|100\/100\n|switch|p2a: Glimmora|Glimmora, F|100\/100\n|switch|p2b: Hydreigon|Hydreigon, F|100\/100\n|turn|1\n|\n|t:|1698607972\n|move|p1a: Mutated Ballsack|Stealth Rock|p2b: Hydreigon\n|-sidestart|p2: JaxHook1|move: Stealth Rock\n|move|p2b: Hydreigon|Nasty Plot|p2b: Hydreigon\n|-boost|p2b: Hydreigon|spa|2\n|move|p2a: Glimmora|Stealth Rock|p1b: Sazae\n|-sidestart|p1: Jack the Ripper21|move: Stealth Rock\n|move|p1b: Sazae|Thunder Wave|p2b: Hydreigon|[miss]\n|-miss|p1b: Sazae|p2b: Hydreigon\n|\n|upkeep\n|turn|2\n|\n|t:|1698607992\n|switch|p1b: tanky|Toxapex, M|100\/100\n|-damage|p1b: tanky|88\/100|[from] Stealth Rock\n|move|p1a: Mutated Ballsack|Mortal Spin|p2b: Hydreigon|[spread] p2a,p2b\n|-resisted|p2a: Glimmora\n|-damage|p2a: Glimmora|99\/100\n|-damage|p2b: Hydreigon|97\/100\n|-status|p2b: Hydreigon|psn\n|-activate|p2a: Glimmora|ability: Toxic Debris\n|-sidestart|p1: Jack the Ripper21|move: Toxic Spikes\n|-sideend|p1: Jack the Ripper21|Toxic Spikes|[from] move: Mortal Spin|[of] p1a: Mutated Ballsack\n|-sideend|p1: Jack the Ripper21|Stealth Rock|[from] move: Mortal Spin|[of] p1a: Mutated Ballsack\n|move|p2b: Hydreigon|Dark Pulse|p1b: tanky\n|-damage|p1b: tanky|33\/100\n|move|p2a: Glimmora|Earth Power|p1a: Mutated Ballsack\n|-supereffective|p1a: Mutated Ballsack\n|-enditem|p1a: Mutated Ballsack|Focus Sash\n|-damage|p1a: Mutated Ballsack|1\/100\n|\n|-heal|p2b: Hydreigon|100\/100 psn|[from] item: Leftovers\n|-heal|p2a: Glimmora|100\/100|[from] item: Leftovers\n|-heal|p1b: tanky|38\/100|[from] item: Black Sludge\n|-damage|p2b: Hydreigon|88\/100 psn|[from] psn\n|upkeep\n|turn|3\n|\n|t:|1698608026\n|switch|p1b: Ripper|Sneasler, M|100\/100\n|-item|p1b: Ripper|Air Balloon\n|move|p1a: Mutated Ballsack|Sludge Bomb|p2b: Hydreigon\n|-damage|p2b: Hydreigon|46\/100 psn\n|move|p2b: Hydreigon|Dragon Pulse|p1a: Mutated Ballsack\n|-damage|p1a: Mutated Ballsack|0 fnt\n|faint|p1a: Mutated Ballsack\n|move|p2a: Glimmora|Earth Power|p1b: Ripper\n|-immune|p1b: Ripper\n|\n|-heal|p2b: Hydreigon|52\/100 psn|[from] item: Leftovers\n|-damage|p2b: Hydreigon|40\/100 psn|[from] psn\n|upkeep\n|\n|t:|1698608044\n|switch|p1a: hello|Venusaur, F|100\/100\n|turn|4\n|\n|t:|1698608079\n|detailschange|p1a: hello|Venusaur-Mega, F\n|-mega|p1a: hello|Venusaur|Venusaurite\n|-terastallize|p1b: Ripper|Flying\n|move|p1b: Ripper|Close Combat|p2b: Hydreigon\n|-supereffective|p2b: Hydreigon\n|-damage|p2b: Hydreigon|0 fnt\n|-unboost|p1b: Ripper|def|1\n|-unboost|p1b: Ripper|spd|1\n|faint|p2b: Hydreigon\n|move|p2a: Glimmora|Power Gem|p1b: Ripper\n|-supereffective|p1b: Ripper\n|-damage|p1b: Ripper|0 fnt\n|-enditem|p1b: Ripper|Air Balloon\n|faint|p1b: Ripper\n|move|p1a: hello|Leech Seed|p2a: Glimmora\n|-start|p2a: Glimmora|move: Leech Seed\n|\n|-damage|p2a: Glimmora|88\/100|[from] Leech Seed|[of] p1a: hello\n|upkeep\n|c|\u2606Jack the Ripper21|aw shit\n|\n|t:|1698608099\n|switch|p1b: tanky|Toxapex, M|72\/100\n|switch|p2b: Talonflame|Talonflame, M|100\/100\n|-damage|p2b: Talonflame|51\/100|[from] Stealth Rock\n|turn|5\n|\n|t:|1698608113\n|move|p2b: Talonflame|Brave Bird|p1a: hello\n|-supereffective|p1a: hello\n|-damage|p1a: hello|41\/100\n|-damage|p2b: Talonflame|29\/100|[from] Recoil\n|move|p2a: Glimmora|Earth Power|p1b: tanky\n|-supereffective|p1b: tanky\n|-damage|p1b: tanky|26\/100\n|move|p1a: hello|Leech Seed|p2b: Talonflame|[miss]\n|-miss|p1a: hello|p2b: Talonflame\n|move|p1b: tanky|Scald|p2b: Talonflame\n|-supereffective|p2b: Talonflame\n|-damage|p2b: Talonflame|0 fnt\n|faint|p2b: Talonflame\n|\n|-heal|p2a: Glimmora|94\/100|[from] item: Leftovers\n|-heal|p1b: tanky|32\/100|[from] item: Black Sludge\n|-damage|p2a: Glimmora|82\/100|[from] Leech Seed|[of] p1a: hello\n|-heal|p1a: hello|54\/100|[silent]\n|upkeep\n|\n|t:|1698608127\n|switch|p2b: Maushold|Maushold-Four|100\/100\n|-damage|p2b: Maushold|88\/100|[from] Stealth Rock\n|turn|6\n|\n|t:|1698608138\n|switch|p1b: Sazae|Slowking-Galar, F|100\/100\n|-terastallize|p2b: Maushold|Normal\n|move|p2b: Maushold|Population Bomb|p1a: hello\n|-damage|p1a: hello|43\/100\n|-damage|p1a: hello|33\/100\n|-damage|p1a: hello|22\/100\n|-damage|p1a: hello|12\/100\n|-damage|p1a: hello|1\/100\n|-damage|p1a: hello|0 fnt\n|faint|p1a: hello\n|-hitcount|p1: hello|6\n|-damage|p2b: Maushold|78\/100|[from] item: Life Orb\n|move|p2a: Glimmora|Earth Power|p1b: Sazae\n|-supereffective|p1b: Sazae\n|-damage|p1b: Sazae|55\/100\n|\n|-heal|p2a: Glimmora|88\/100|[from] item: Leftovers\n|upkeep\n|c|\u2606Jack the Ripper21|this aint going good for me\n|c|\u2606JaxHook1|its pretty even for us\n|\n|t:|1698608165\n|switch|p1a: tanky|Toxapex, M|65\/100\n|turn|7\n|\n|t:|1698608177\n|move|p2b: Maushold|Population Bomb|p1b: Sazae\n|-damage|p1b: Sazae|42\/100\n|-damage|p1b: Sazae|31\/100\n|-damage|p1b: Sazae|19\/100\n|-damage|p1b: Sazae|6\/100\n|-damage|p1b: Sazae|0 fnt\n|faint|p1b: Sazae\n|-hitcount|p1: Sazae|5\n|-damage|p2b: Maushold|68\/100|[from] item: Life Orb\n|move|p2a: Glimmora|Earth Power|p1a: tanky\n|-supereffective|p1a: tanky\n|-damage|p1a: tanky|21\/100\n|-unboost|p1a: tanky|spd|1\n|move|p1a: tanky|Scald|p2b: Maushold\n|-damage|p2b: Maushold|50\/100\n|\n|-heal|p2a: Glimmora|94\/100|[from] item: Leftovers\n|-heal|p1a: tanky|27\/100|[from] item: Black Sludge\n|-damage|p2a: Glimmora|82\/100|[from] Leech Seed|[of] p1a: tanky\n|-heal|p1a: tanky|42\/100|[silent]\n|upkeep\n|c|\u2606Jack the Ripper21|i need the burn\n|c|\u2606Jack the Ripper21|i just have nothing for maushold and the predict you did on the sneasler screwed me\n|\n|t:|1698608217\n|switch|p1b: Its a moth|Iron Moth|100\/100\n|-enditem|p1b: Its a moth|Booster Energy\n|-activate|p1b: Its a moth|ability: Quark Drive|[fromitem]\n|-start|p1b: Its a moth|quarkdrivespa\n|turn|8\n|\n|t:|1698608235\n|move|p1b: Its a moth|Fiery Dance|p2b: Maushold\n|-damage|p2b: Maushold|0 fnt\n|-boost|p1b: Its a moth|spa|1\n|faint|p2b: Maushold\n|move|p2a: Glimmora|Power Gem|p1b: Its a moth\n|-supereffective|p1b: Its a moth\n|-damage|p1b: Its a moth|30\/100\n|move|p1a: tanky|Scald|p2a: Glimmora\n|-supereffective|p2a: Glimmora\n|-damage|p2a: Glimmora|49\/100\n|-status|p2a: Glimmora|brn\n|\n|-heal|p2a: Glimmora|55\/100 brn|[from] item: Leftovers\n|-heal|p1a: tanky|48\/100|[from] item: Black Sludge\n|-damage|p2a: Glimmora|43\/100 brn|[from] Leech Seed|[of] p1a: tanky\n|-heal|p1a: tanky|64\/100|[silent]\n|-damage|p2a: Glimmora|36\/100 brn|[from] brn\n|upkeep\n|\n|t:|1698608246\n|switch|p2b: Meowscarada|Meowscarada, M|100\/100\n|-damage|p2b: Meowscarada|88\/100|[from] Stealth Rock\n|turn|9\n|\n|t:|1698608258\n|move|p1b: Its a moth|Sludge Wave|p2b: Meowscarada|[spread] p1a,p2a,p2b\n|-resisted|p1a: tanky\n|-resisted|p2a: Glimmora\n|-supereffective|p2b: Meowscarada\n|-damage|p1a: tanky|14\/100\n|-damage|p2a: Glimmora|19\/100 brn\n|-damage|p2b: Meowscarada|0 fnt\n|faint|p2b: Meowscarada\n|move|p2a: Glimmora|Power Gem|p1b: Its a moth\n|-supereffective|p1b: Its a moth\n|-damage|p1b: Its a moth|0 fnt\n|faint|p1b: Its a moth\n|-end|p1b: Its a moth|Quark Drive|[silent]\n|move|p1a: tanky|Scald|p2a: Glimmora\n|-supereffective|p2a: Glimmora\n|-damage|p2a: Glimmora|0 fnt\n|faint|p2a: Glimmora\n|\n|-heal|p1a: tanky|20\/100|[from] item: Black Sludge\n|upkeep\n|\n|t:|1698608269\n|switch|p2b: Eelektross|Eelektross, F|100\/100\n|-damage|p2b: Eelektross|88\/100|[from] Stealth Rock\n|turn|10\n|c|\u2606Jack the Ripper21|yeah im dead gg\n|\n|t:|1698608276\n|move|p2b: Eelektross|Thunder Punch|p1a: tanky\n|-supereffective|p1a: tanky\n|-damage|p1a: tanky|0 fnt\n|faint|p1a: tanky\n|\n|win|JaxHook1\n|c|\u2606JaxHook1|gg\n|l|\u2606JaxHook1\n|c|\u2606Jack the Ripper21|i was playing real bad\n","uploadtime":1698608370,"views":5,"p1id":"jacktheripper21","p2id":"jaxhook1","formatid":"gen9nationaldexdoubles","rating":0,"private":0,"password":""}