{"id":"gen9nationaldexdoubles-1977987619","p1":"tired & eepy","p2":"C0ST3652","format":"[Gen 9] National Dex Doubles","log":"|j|\u2606tired & eepy\n|j|\u2606C0ST3652\n|t:|1698479172\n|gametype|doubles\n|player|p1|tired & eepy|169|1145\n|player|p2|C0ST3652|brycenman|1062\n|teamsize|p1|6\n|teamsize|p2|6\n|gen|9\n|tier|[Gen 9] National Dex Doubles\n|rated|\n|rule|HP Percentage Mod: HP is shown in percentages\n|rule|Endless Battle Clause: Forcing endless battles is banned\n|rule|OHKO Clause: OHKO moves are banned\n|rule|Evasion Moves Clause: Evasion moves are banned\n|rule|Evasion Abilities Clause: Evasion abilities are banned\n|rule|Species Clause: Limit one of each Pok\u00e9mon\n|rule|Gravity Sleep Clause: The combination of sleep-inducing moves with imperfect accuracy and Gravity or Gigantamax Orbeetle are banned\n|clearpoke\n|poke|p1|Amoonguss, M|\n|poke|p1|Dragonite, F|\n|poke|p1|Heatran, M|\n|poke|p1|Gliscor, M|\n|poke|p1|Clefable, M|\n|poke|p1|Glimmora, M|\n|poke|p2|Incineroar, M|\n|poke|p2|Charizard, M|\n|poke|p2|Venusaur, F|\n|poke|p2|Greninja-*, F|\n|poke|p2|Torterra, M|\n|poke|p2|Quaquaval, F|\n|teampreview\n|inactive|Battle timer is ON: inactive players will automatically lose when time's up. (requested by tired & eepy)\n|\n|t:|1698479189\n|start\n|switch|p1a: Glimmora|Glimmora, M|100\/100\n|switch|p1b: Heatran|Heatran, M|100\/100\n|switch|p2a: Charizard|Charizard, M|100\/100\n|switch|p2b: Venusaur|Venusaur, F|100\/100\n|turn|1\n|\n|t:|1698479210\n|detailschange|p2a: Charizard|Charizard-Mega-Y, M\n|-mega|p2a: Charizard|Charizard|Charizardite Y\n|-weather|SunnyDay|[from] ability: Drought|[of] p2a: Charizard\n|move|p2b: Venusaur|Sleep Powder|p1a: Glimmora\n|-status|p1a: Glimmora|slp|[from] move: Sleep Powder\n|move|p2a: Charizard|Tailwind|p2a: Charizard\n|-sidestart|p2: C0ST3652|move: Tailwind\n|cant|p1a: Glimmora|slp\n|move|p1b: Heatran|Stealth Rock|p2b: Venusaur\n|-sidestart|p2: C0ST3652|move: Stealth Rock\n|\n|-weather|SunnyDay|[upkeep]\n|upkeep\n|turn|2\n|inactive|C0ST3652 has 120 seconds left.\n|\n|t:|1698479243\n|move|p2b: Venusaur|Earth Power|p1a: Glimmora\n|-supereffective|p1a: Glimmora\n|-crit|p1a: Glimmora\n|-damage|p1a: Glimmora|0 fnt\n|faint|p1a: Glimmora\n|move|p2a: Charizard|Scorching Sands|p1b: Heatran\n|-supereffective|p1b: Heatran\n|-damage|p1b: Heatran|36\/100\n|move|p1b: Heatran|Eruption|p2b: Venusaur|[spread] p2a,p2b\n|-resisted|p2a: Charizard\n|-supereffective|p2b: Venusaur\n|-damage|p2a: Charizard|88\/100\n|-damage|p2b: Venusaur|50\/100\n|\n|-weather|SunnyDay|[upkeep]\n|upkeep\n|\n|t:|1698479258\n|switch|p1a: Gliscor|Gliscor, M|100\/100\n|turn|3\n|\n|t:|1698479272\n|switch|p1b: Dragonite|Dragonite, F|100\/100\n|move|p2b: Venusaur|Sleep Powder|p1a: Gliscor\n|-status|p1a: Gliscor|slp|[from] move: Sleep Powder\n|move|p2a: Charizard|Scorching Sands|p1b: Dragonite\n|-immune|p1b: Dragonite\n|cant|p1a: Gliscor|slp\n|\n|-weather|SunnyDay|[upkeep]\n|upkeep\n|turn|4\n|\n|t:|1698479299\n|switch|p2a: Incineroar|Incineroar, M|100\/100\n|-damage|p2a: Incineroar|76\/100|[from] Stealth Rock\n|-ability|p2a: Incineroar|Intimidate|boost\n|-unboost|p1a: Gliscor|atk|1\n|-unboost|p1b: Dragonite|atk|1\n|move|p2b: Venusaur|Sludge Bomb|p1b: Dragonite\n|-damage|p1b: Dragonite|87\/100\n|cant|p1a: Gliscor|slp\n|move|p1b: Dragonite|Roar|p2b: Venusaur\n|drag|p2b: Quaquaval|Quaquaval, F|100\/100\n|-damage|p2b: Quaquaval|94\/100|[from] Stealth Rock\n|\n|-weather|SunnyDay|[upkeep]\n|-sideend|p2: C0ST3652|move: Tailwind\n|upkeep\n|turn|5\n|\n|t:|1698479325\n|-terastallize|p2b: Quaquaval|Flying\n|move|p2a: Incineroar|Fake Out|p1b: Dragonite\n|-damage|p1b: Dragonite|74\/100\n|cant|p1a: Gliscor|slp\n|move|p2b: Quaquaval|Aqua Step|p1a: Gliscor\n|-supereffective|p1a: Gliscor\n|-damage|p1a: Gliscor|49\/100 slp\n|-boost|p2b: Quaquaval|spe|1\n|-damage|p2b: Quaquaval|84\/100|[from] item: Life Orb\n|cant|p1b: Dragonite|flinch\n|\n|-weather|none\n|upkeep\n|turn|6\n|\n|t:|1698479347\n|switch|p1a: Amoonguss|Amoonguss, M|100\/100\n|move|p2b: Quaquaval|Aqua Step|p1a: Amoonguss\n|-resisted|p1a: Amoonguss\n|-damage|p1a: Amoonguss|75\/100\n|-boost|p2b: Quaquaval|spe|1\n|-damage|p2b: Quaquaval|74\/100|[from] item: Life Orb\n|move|p2a: Incineroar|Flare Blitz|p1b: Dragonite\n|-resisted|p1b: Dragonite\n|-damage|p1b: Dragonite|48\/100\n|-damage|p2a: Incineroar|67\/100|[from] Recoil\n|move|p1b: Dragonite|Roar|p2b: Quaquaval\n|drag|p2b: Greninja|Greninja, F|100\/100\n|-damage|p2b: Greninja|88\/100|[from] Stealth Rock\n|\n|-heal|p1a: Amoonguss|82\/100|[from] item: Leftovers\n|upkeep\n|turn|7\n|\n|t:|1698479373\n|switch|p1b: Clefable|Clefable, M|100\/100\n|move|p2b: Greninja|Icy Wind|p1a: Amoonguss|[spread] p1a,p1b\n|-start|p2b: Greninja|typechange|Ice|[from] ability: Protean\n|-supereffective|p1a: Amoonguss\n|-damage|p1a: Amoonguss|55\/100\n|-damage|p1b: Clefable|88\/100\n|-unboost|p1a: Amoonguss|spe|1\n|-unboost|p1b: Clefable|spe|1\n|move|p2a: Incineroar|Flare Blitz|p1a: Amoonguss\n|-supereffective|p1a: Amoonguss\n|-damage|p1a: Amoonguss|0 fnt\n|faint|p1a: Amoonguss\n|-damage|p2a: Incineroar|47\/100|[from] Recoil\n|-enditem|p2a: Incineroar|Sitrus Berry|[eat]\n|-heal|p2a: Incineroar|72\/100|[from] item: Sitrus Berry\n|\n|-heal|p1b: Clefable|94\/100|[from] item: Leftovers\n|upkeep\n|inactive|tired & eepy has 120 seconds left.\n|\n|t:|1698479394\n|switch|p1a: Heatran|Heatran, M|36\/100\n|turn|8\n|\n|t:|1698479416\n|move|p1b: Clefable|Follow Me|p1b: Clefable\n|-singleturn|p1b: Clefable|move: Follow Me\n|move|p2b: Greninja|Taunt|p1b: Clefable\n|-start|p1b: Clefable|move: Taunt\n|move|p1a: Heatran|Will-O-Wisp|p2b: Greninja\n|-status|p2b: Greninja|brn\n|move|p2a: Incineroar|U-turn|p1b: Clefable\n|-resisted|p1b: Clefable\n|-damage|p1b: Clefable|81\/100\n|\n|t:|1698479429\n|switch|p2a: Quaquaval|Quaquaval, F, tera:Flying|74\/100|[from] U-turn\n|-damage|p2a: Quaquaval|50\/100|[from] Stealth Rock\n|\n|-heal|p1b: Clefable|87\/100|[from] item: Leftovers\n|-damage|p2b: Greninja|82\/100 brn|[from] brn\n|upkeep\n|turn|9\n|\n|t:|1698479444\n|move|p2b: Greninja|Icy Wind|p1b: Clefable|[spread] p1a,p1b\n|-resisted|p1a: Heatran\n|-damage|p1a: Heatran|34\/100\n|-damage|p1b: Clefable|74\/100\n|-unboost|p1a: Heatran|spe|1\n|-unboost|p1b: Clefable|spe|1\n|move|p2a: Quaquaval|Aqua Step|p1a: Heatran\n|-supereffective|p1a: Heatran\n|-damage|p1a: Heatran|0 fnt\n|-boost|p2a: Quaquaval|spe|1\n|faint|p1a: Heatran\n|-ability|p2a: Quaquaval|Moxie|boost\n|-boost|p2a: Quaquaval|atk|1\n|-damage|p2a: Quaquaval|40\/100|[from] item: Life Orb\n|move|p1b: Clefable|Dazzling Gleam|p2a: Quaquaval|[spread] p2a,p2b\n|-damage|p2a: Quaquaval|12\/100\n|-damage|p2b: Greninja|50\/100 brn\n|\n|-heal|p1b: Clefable|80\/100|[from] item: Leftovers\n|-damage|p2b: Greninja|44\/100 brn|[from] brn\n|upkeep\n|\n|t:|1698479465\n|switch|p1a: Dragonite|Dragonite, F|48\/100\n|turn|10\n|\n|t:|1698479472\n|move|p2a: Quaquaval|Detect|p2a: Quaquaval\n|-singleturn|p2a: Quaquaval|Protect\n|move|p2b: Greninja|Icy Wind|p1b: Clefable|[spread] p1a,p1b\n|-supereffective|p1a: Dragonite\n|-enditem|p1a: Dragonite|Yache Berry|[eat]\n|-enditem|p1a: Dragonite|Yache Berry|[weaken]\n|-damage|p1a: Dragonite|21\/100\n|-damage|p1b: Clefable|67\/100\n|-unboost|p1a: Dragonite|spe|1\n|-unboost|p1b: Clefable|spe|1\n|move|p1a: Dragonite|Roost|p1a: Dragonite\n|-heal|p1a: Dragonite|71\/100\n|-singleturn|p1a: Dragonite|move: Roost\n|move|p1b: Clefable|Dazzling Gleam|p2a: Quaquaval|[spread] p2b\n|-activate|p2a: Quaquaval|move: Protect\n|-damage|p2b: Greninja|11\/100 brn\n|\n|-heal|p1b: Clefable|73\/100|[from] item: Leftovers\n|-damage|p2b: Greninja|5\/100 brn|[from] brn\n|upkeep\n|turn|11\n|\n|t:|1698479495\n|move|p2a: Quaquaval|Aqua Step|p1a: Dragonite\n|-resisted|p1a: Dragonite\n|-damage|p1a: Dragonite|39\/100\n|-boost|p2a: Quaquaval|spe|1\n|-damage|p2a: Quaquaval|2\/100|[from] item: Life Orb\n|move|p2b: Greninja|Icy Wind|p1b: Clefable|[spread] p1a\n|-miss|p2b: Greninja|p1b: Clefable\n|-supereffective|p1a: Dragonite\n|-damage|p1a: Dragonite|0 fnt\n|faint|p1a: Dragonite\n|move|p1b: Clefable|Dazzling Gleam|p2b: Greninja|[spread] p2a,p2b\n|-damage|p2a: Quaquaval|0 fnt\n|-damage|p2b: Greninja|0 fnt\n|faint|p2a: Quaquaval\n|faint|p2b: Greninja\n|\n|-heal|p1b: Clefable|79\/100|[from] item: Leftovers\n|-end|p1b: Clefable|move: Taunt\n|upkeep\n|\n|t:|1698479513\n|switch|p2b: Incineroar|Incineroar, M|72\/100\n|switch|p2a: Torterra|Torterra, M|100\/100\n|switch|p1a: Gliscor|Gliscor, M|49\/100 slp\n|-damage|p2b: Incineroar|47\/100|[from] Stealth Rock\n|-ability|p2b: Incineroar|Intimidate|boost\n|-unboost|p1a: Gliscor|atk|1\n|-unboost|p1b: Clefable|atk|1\n|-damage|p2a: Torterra|94\/100|[from] Stealth Rock\n|turn|12\n|\n|t:|1698479538\n|move|p2b: Incineroar|Fake Out|p1a: Gliscor\n|-damage|p1a: Gliscor|36\/100 slp\n|-curestatus|p1a: Gliscor|slp|[msg]\n|cant|p1a: Gliscor|flinch\n|move|p2a: Torterra|Bullet Seed|p1b: Clefable\n|-damage|p1b: Clefable|65\/100\n|-damage|p1b: Clefable|50\/100\n|-crit|p1b: Clefable\n|-damage|p1b: Clefable|30\/100\n|-damage|p1b: Clefable|15\/100\n|-crit|p1b: Clefable\n|-damage|p1b: Clefable|0 fnt\n|faint|p1b: Clefable\n|-hitcount|p1: Clefable|5\n|\n|-status|p1a: Gliscor|tox|[from] item: Toxic Orb\n|upkeep\n|turn|13\n|inactive|tired & eepy has 120 seconds left.\n|\n|t:|1698479570\n|move|p1a: Gliscor|Rock Slide|p2a: Torterra|[spread] p2a,p2b\n|-resisted|p2a: Torterra\n|-supereffective|p2b: Incineroar\n|-damage|p2a: Torterra|90\/100\n|-damage|p2b: Incineroar|28\/100\n|move|p2b: Incineroar|U-turn|p1a: Gliscor\n|-resisted|p1a: Gliscor\n|-damage|p1a: Gliscor|24\/100 tox\n|\n|t:|1698479580\n|switch|p2b: Charizard|Charizard-Mega-Y, M|88\/100|[from] U-turn\n|-damage|p2b: Charizard|38\/100|[from] Stealth Rock\n|-weather|SunnyDay|[from] ability: Drought|[of] p2b: Charizard\n|move|p2a: Torterra|Bullet Seed|p1a: Gliscor\n|-damage|p1a: Gliscor|10\/100 tox\n|-damage|p1a: Gliscor|0 fnt\n|faint|p1a: Gliscor\n|-hitcount|p1: Gliscor|2\n|\n|win|C0ST3652\n|raw|tired &amp; eepy's rating: 1145 &rarr; <strong>1114<\/strong><br \/>(-31 for losing)\n|raw|C0ST3652's rating: 1062 &rarr; <strong>1100<\/strong><br \/>(+38 for winning)\n","uploadtime":1698479584,"views":10,"p1id":"tiredeepy","p2id":"c0st3652","formatid":"gen9nationaldexdoubles","rating":1100,"private":0,"password":""}