{"id":"gen9nationaldexdoubles-1980141880","p1":"Samgard\u3150\u3134\u3150\u315c\u315b\u3150\u3134","p2":"Inkubone","format":"[Gen 9] National Dex Doubles","log":"|j|\u203dSamgard\u3150\u3134\u3150\u315c\u315b\u3150\u3134\n|j|\u2606Inkubone\n|t:|1698761010\n|gametype|doubles\n|player|p1|Samgard\u3150\u3134\u3150\u315c\u315b\u3150\u3134|caitlin-masters|1093\n|player|p2|Inkubone|yellow|1241\n|teamsize|p1|6\n|teamsize|p2|6\n|gen|9\n|tier|[Gen 9] National Dex Doubles\n|rated|\n|rule|HP Percentage Mod: HP is shown in percentages\n|rule|Endless Battle Clause: Forcing endless battles is banned\n|rule|OHKO Clause: OHKO moves are banned\n|rule|Evasion Moves Clause: Evasion moves are banned\n|rule|Evasion Abilities Clause: Evasion abilities are banned\n|rule|Species Clause: Limit one of each Pok\u00e9mon\n|rule|Gravity Sleep Clause: The combination of sleep-inducing moves with imperfect accuracy and Gravity or Gigantamax Orbeetle are banned\n|clearpoke\n|poke|p1|Torkoal, F|\n|poke|p1|Lilligant, F|\n|poke|p1|Iron Moth|\n|poke|p1|Wugtrio, M|\n|poke|p1|Swellow, M|\n|poke|p1|Exploud, F|\n|poke|p2|Victini|\n|poke|p2|Audino, F|\n|poke|p2|Slowbro, M|\n|poke|p2|Clefairy, F|\n|poke|p2|Ursaluna, M|\n|poke|p2|Enamorus-Therian, F|\n|teampreview\n|inactive|Battle timer is ON: inactive players will automatically lose when time's up. (requested by Samgard\u3150\u3134\u3150\u315c\u315b\u3150\u3134)\n|\n|t:|1698761015\n|start\n|switch|p1a: Iron Moth|Iron Moth|100\/100\n|switch|p1b: Wugtrio|Wugtrio, M|100\/100\n|switch|p2a: Slowbro|Slowbro, M|100\/100\n|switch|p2b: Enamorus|Enamorus-Therian, F|100\/100\n|turn|1\n|\n|t:|1698761039\n|-terastallize|p1b: Wugtrio|Steel\n|move|p1b: Wugtrio|Water Gun|p1a: Iron Moth\n|-supereffective|p1a: Iron Moth\n|-damage|p1a: Iron Moth|85\/100\n|-enditem|p1a: Iron Moth|Weakness Policy\n|-boost|p1a: Iron Moth|atk|2|[from] item: Weakness Policy\n|-boost|p1a: Iron Moth|spa|2|[from] item: Weakness Policy\n|move|p1a: Iron Moth|Sludge Wave|p2b: Enamorus|[spread] p2a,p2b\n|-immune|p1b: Wugtrio\n|-supereffective|p2b: Enamorus\n|-damage|p2a: Slowbro|13\/100\n|-damage|p2b: Enamorus|0 fnt\n|-status|p2a: Slowbro|psn\n|-enditem|p2a: Slowbro|Wiki Berry|[eat]\n|-heal|p2a: Slowbro|47\/100 psn|[from] item: Wiki Berry\n|faint|p2b: Enamorus\n|move|p2a: Slowbro|Trick Room|p2a: Slowbro\n|-fieldstart|move: Trick Room|[of] p2a: Slowbro\n|\n|-damage|p2a: Slowbro|34\/100 psn|[from] psn\n|upkeep\n|inactive|Inkubone has 120 seconds left.\n|\n|t:|1698761055\n|switch|p2b: Ursaluna|Ursaluna, M|100\/100\n|turn|2\n|\n|t:|1698761073\n|-end|p1a: Iron Moth|Quark Drive|[silent]\n|switch|p1a: Swellow|Swellow, M|100\/100\n|move|p2a: Slowbro|Flamethrower|p1b: Wugtrio\n|-supereffective|p1b: Wugtrio\n|-damage|p1b: Wugtrio|0 fnt\n|faint|p1b: Wugtrio\n|move|p2b: Ursaluna|Rock Slide|p1a: Swellow\n|-supereffective|p1a: Swellow\n|-damage|p1a: Swellow|0 fnt\n|faint|p1a: Swellow\n|\n|-damage|p2a: Slowbro|22\/100 psn|[from] psn\n|-status|p2b: Ursaluna|brn|[from] item: Flame Orb\n|upkeep\n|\n|t:|1698761084\n|switch|p1b: Lilligant|Lilligant, F|100\/100\n|switch|p1a: Torkoal|Torkoal, F|100\/100\n|-weather|SunnyDay|[from] ability: Drought|[of] p1a: Torkoal\n|turn|3\n|c|\u2606Inkubone|Daaaam\n|\n|t:|1698761111\n|move|p1a: Torkoal|Eruption|p2b: Ursaluna|[spread] p2a,p2b\n|-resisted|p2a: Slowbro\n|-damage|p2a: Slowbro|0 fnt\n|-damage|p2b: Ursaluna|5\/100 brn\n|faint|p2a: Slowbro\n|move|p2b: Ursaluna|Rock Slide|p1a: Torkoal|[spread] p1a,p1b\n|-supereffective|p1a: Torkoal\n|-damage|p1a: Torkoal|47\/100\n|-damage|p1b: Lilligant|37\/100\n|cant|p1b: Lilligant|flinch\n|\n|-weather|SunnyDay|[upkeep]\n|-damage|p2b: Ursaluna|0 fnt|[from] brn\n|faint|p2b: Ursaluna\n|upkeep\n|inactive|Inkubone has 120 seconds left.\n|\n|t:|1698761132\n|switch|p2a: Victini|Victini|100\/100\n|switch|p2b: Clefairy|Clefairy, F|100\/100\n|turn|4\n|\n|t:|1698761144\n|move|p1a: Torkoal|Eruption|p2b: Clefairy|[spread] p2a,p2b\n|-resisted|p2a: Victini\n|-damage|p2a: Victini|82\/100\n|-damage|p2b: Clefairy|60\/100\n|move|p2b: Clefairy|Chilling Water|p1a: Torkoal\n|-supereffective|p1a: Torkoal\n|-damage|p1a: Torkoal|37\/100\n|-unboost|p1a: Torkoal|atk|1\n|move|p2a: Victini|V-create|p1b: Lilligant\n|-supereffective|p1b: Lilligant\n|-damage|p1b: Lilligant|0 fnt\n|-unboost|p2a: Victini|spe|1\n|-unboost|p2a: Victini|def|1\n|-unboost|p2a: Victini|spd|1\n|faint|p1b: Lilligant\n|\n|-weather|SunnyDay|[upkeep]\n|-heal|p2a: Victini|88\/100|[from] item: Leftovers\n|upkeep\n|\n|t:|1698761149\n|switch|p1b: Iron Moth|Iron Moth|85\/100\n|turn|5\n|\n|t:|1698761157\n|-end|p1b: Iron Moth|Quark Drive|[silent]\n|switch|p1b: Exploud|Exploud, F|100\/100\n|move|p1a: Torkoal|Eruption|p2a: Victini|[spread] p2a,p2b\n|-resisted|p2a: Victini\n|-crit|p2b: Clefairy\n|-damage|p2a: Victini|66\/100\n|-damage|p2b: Clefairy|15\/100\n|move|p2b: Clefairy|Life Dew|p2b: Clefairy|[spread] p2a,p2b\n|-heal|p2a: Victini|91\/100\n|-heal|p2b: Clefairy|40\/100\n|move|p2a: Victini|Substitute|p2a: Victini\n|-start|p2a: Victini|Substitute\n|-damage|p2a: Victini|66\/100\n|\n|-weather|SunnyDay|[upkeep]\n|-heal|p2a: Victini|72\/100|[from] item: Leftovers\n|-fieldend|move: Trick Room\n|upkeep\n|turn|6\n|\n|t:|1698761175\n|switch|p1b: Iron Moth|Iron Moth|85\/100\n|move|p2a: Victini|V-create|p1b: Iron Moth\n|-resisted|p1b: Iron Moth\n|-damage|p1b: Iron Moth|0 fnt\n|-unboost|p2a: Victini|spe|1\n|-unboost|p2a: Victini|def|1\n|-unboost|p2a: Victini|spd|1\n|faint|p1b: Iron Moth\n|-end|p1b: Iron Moth|Quark Drive|[silent]\n|move|p2b: Clefairy|Life Dew|p2b: Clefairy|[spread] p2a,p2b\n|-heal|p2a: Victini|97\/100\n|-heal|p2b: Clefairy|65\/100\n|move|p1a: Torkoal|Eruption|p2b: Clefairy|[spread] p2a,p2b\n|-resisted|p2a: Victini\n|-end|p2a: Victini|Substitute\n|-damage|p2b: Clefairy|35\/100\n|\n|-weather|SunnyDay|[upkeep]\n|-heal|p2a: Victini|100\/100|[from] item: Leftovers\n|upkeep\n|\n|t:|1698761182\n|switch|p1b: Exploud|Exploud, F|100\/100\n|turn|7\n|\n|t:|1698761194\n|move|p2b: Clefairy|Follow Me|p2b: Clefairy\n|-singleturn|p2b: Clefairy|move: Follow Me\n|move|p1b: Exploud|Hydro Pump|p2b: Clefairy\n|-damage|p2b: Clefairy|22\/100\n|move|p2a: Victini|V-create|p1b: Exploud\n|-damage|p1b: Exploud|0 fnt\n|-unboost|p2a: Victini|spe|1\n|-unboost|p2a: Victini|def|1\n|-unboost|p2a: Victini|spd|1\n|faint|p1b: Exploud\n|move|p1a: Torkoal|Eruption|p2a: Victini|[spread] p2a,p2b\n|-resisted|p2a: Victini\n|-damage|p2a: Victini|68\/100\n|-damage|p2b: Clefairy|0 fnt\n|faint|p2b: Clefairy\n|\n|-weather|none\n|-heal|p2a: Victini|74\/100|[from] item: Leftovers\n|upkeep\n|\n|t:|1698761207\n|switch|p2b: Audino|Audino, F|100\/100\n|turn|8\n|\n|t:|1698761217\n|move|p2b: Audino|Hyper Voice|p1a: Torkoal\n|-damage|p1a: Torkoal|0 fnt\n|faint|p1a: Torkoal\n|\n|win|Inkubone\n|raw|Samgard\u3150\u3134\u3150\u315c\u315b\u3150\u3134's rating: 1093 &rarr; <strong>1079<\/strong><br \/>(-14 for losing)\n|raw|Inkubone's rating: 1241 &rarr; <strong>1256<\/strong><br \/>(+15 for winning)\n|c|\u2606Inkubone|Gg\n","uploadtime":1698761247,"views":6,"p1id":"samgard","p2id":"inkubone","formatid":"gen9nationaldexdoubles","rating":1079,"private":0,"password":""}