{"id":"gen9nationaldexdoubles-1967787658","p1":"mrshirogunae","p2":"luijoroma","format":"[Gen 9] National Dex Doubles","log":"|j|\u2606mrshirogunae\n|j|\u2606luijoroma\n|t:|1697338487\n|gametype|doubles\n|player|p1|mrshirogunae|170|1079\n|player|p2|luijoroma|lucas-gen4pt|1096\n|teamsize|p1|6\n|teamsize|p2|6\n|gen|9\n|tier|[Gen 9] National Dex Doubles\n|rated|\n|rule|HP Percentage Mod: HP is shown in percentages\n|rule|Endless Battle Clause: Forcing endless battles is banned\n|rule|OHKO Clause: OHKO moves are banned\n|rule|Evasion Moves Clause: Evasion moves are banned\n|rule|Evasion Abilities Clause: Evasion abilities are banned\n|rule|Species Clause: Limit one of each Pok\u00e9mon\n|rule|Gravity Sleep Clause: The combination of sleep-inducing moves with imperfect accuracy and Gravity or Gigantamax Orbeetle are banned\n|clearpoke\n|poke|p1|Vaporeon, F|\n|poke|p1|Umbreon, M|\n|poke|p1|Espeon, M|\n|poke|p1|Jolteon, M|\n|poke|p1|Flareon, F|\n|poke|p1|Leafeon, M|\n|poke|p2|Garchomp, M|\n|poke|p2|Togekiss, M|\n|poke|p2|Milotic, F|\n|poke|p2|Typhlosion, M|\n|poke|p2|Tinkaton, F|\n|poke|p2|Gardevoir, F|\n|teampreview\n|inactive|Battle timer is ON: inactive players will automatically lose when time's up. (requested by mrshirogunae)\n|\n|t:|1697338497\n|start\n|switch|p1a: Espeon|Espeon, M|100\/100\n|switch|p1b: Umbreon|Umbreon, M|100\/100\n|switch|p2a: Togekiss|Togekiss, M|100\/100\n|switch|p2b: Tinkaton|Tinkaton, F|100\/100\n|-ability|p2b: Tinkaton|Mold Breaker\n|turn|1\n|\n|t:|1697338524\n|move|p1a: Espeon|Trick|p2b: Tinkaton\n|-activate|p1a: Espeon|move: Trick|[of] p2b: Tinkaton\n|-item|p2b: Tinkaton|Choice Specs|[from] move: Trick\n|-item|p1a: Espeon|Focus Band|[from] move: Trick\n|move|p2b: Tinkaton|Gigaton Hammer|p1a: Espeon\n|-damage|p1a: Espeon|0 fnt\n|faint|p1a: Espeon\n|move|p2a: Togekiss|Dazzling Gleam|p1b: Umbreon\n|-supereffective|p1b: Umbreon\n|-damage|p1b: Umbreon|50\/100\n|move|p1b: Umbreon|Toxic|p2a: Togekiss\n|-status|p2a: Togekiss|tox\n|\n|-heal|p1b: Umbreon|56\/100|[from] item: Leftovers\n|-damage|p2a: Togekiss|94\/100 tox|[from] psn\n|upkeep\n|inactive|mrshirogunae has 120 seconds left.\n|\n|t:|1697338542\n|switch|p1a: Flareon|Flareon, F|100\/100\n|turn|2\n|inactive|mrshirogunae has 120 seconds left.\n|\n|t:|1697338565\n|move|p1a: Flareon|Flare Blitz|p2a: Togekiss\n|-damage|p2a: Togekiss|25\/100 tox\n|-damage|p1a: Flareon|71\/100|[from] Recoil\n|-activate|p2b: Tinkaton|move: Struggle\n|move|p2b: Tinkaton|Struggle|p1b: Umbreon\n|-damage|p1b: Umbreon|45\/100\n|-damage|p2b: Tinkaton|75\/100|[from] recoil\n|move|p2a: Togekiss|Dazzling Gleam|p1b: Umbreon|[spread] p1a,p1b\n|-resisted|p1a: Flareon\n|-supereffective|p1b: Umbreon\n|-damage|p1a: Flareon|57\/100\n|-damage|p1b: Umbreon|8\/100\n|move|p1b: Umbreon|Foul Play|p2b: Tinkaton\n|-resisted|p2b: Tinkaton\n|-damage|p2b: Tinkaton|50\/100\n|\n|-heal|p2a: Togekiss|31\/100 tox|[from] item: Leftovers\n|-heal|p1b: Umbreon|14\/100|[from] item: Leftovers\n|-damage|p2a: Togekiss|19\/100 tox|[from] psn\n|upkeep\n|turn|3\n|\n|t:|1697338591\n|switch|p1a: Leafeon|Leafeon, M|100\/100\n|move|p1b: Umbreon|Protect|p1b: Umbreon\n|-singleturn|p1b: Umbreon|Protect\n|move|p2b: Tinkaton|Gigaton Hammer|p1a: Leafeon\n|-damage|p1a: Leafeon|41\/100\n|move|p2a: Togekiss|Dazzling Gleam|p1a: Leafeon|[spread] p1a\n|-activate|p1b: Umbreon|move: Protect\n|-damage|p1a: Leafeon|18\/100\n|\n|-heal|p2a: Togekiss|25\/100 tox|[from] item: Leftovers\n|-heal|p1b: Umbreon|20\/100|[from] item: Leftovers\n|-damage|p2a: Togekiss|6\/100 tox|[from] psn\n|upkeep\n|turn|4\n|inactive|mrshirogunae has 120 seconds left.\n|\n|t:|1697338624\n|switch|p1b: Vaporeon|Vaporeon, F|100\/100\n|-activate|p2b: Tinkaton|move: Struggle\n|move|p2b: Tinkaton|Struggle|p1a: Leafeon\n|-damage|p1a: Leafeon|5\/100\n|-damage|p2b: Tinkaton|25\/100|[from] recoil\n|move|p2a: Togekiss|Dazzling Gleam|p1b: Vaporeon|[spread] p1a,p1b\n|-damage|p1a: Leafeon|0 fnt\n|-damage|p1b: Vaporeon|82\/100\n|faint|p1a: Leafeon\n|\n|-heal|p2a: Togekiss|13\/100 tox|[from] item: Leftovers\n|-damage|p2a: Togekiss|0 fnt|[from] psn\n|faint|p2a: Togekiss\n|upkeep\n|\n|t:|1697338640\n|switch|p2a: Milotic|Milotic, F, shiny|100\/100\n|switch|p1a: Umbreon|Umbreon, M|20\/100\n|turn|5\n|\n|t:|1697338650\n|move|p2b: Tinkaton|Gigaton Hammer|p1a: Umbreon\n|-damage|p1a: Umbreon|0 fnt\n|faint|p1a: Umbreon\n|move|p2a: Milotic|Hypnosis|p1b: Vaporeon\n|-status|p1b: Vaporeon|slp|[from] move: Hypnosis\n|cant|p1b: Vaporeon|slp\n|\n|upkeep\n|-message|mrshirogunae forfeited.\n|\n|win|luijoroma\n|raw|mrshirogunae's rating: 1079 &rarr; <strong>1058<\/strong><br \/>(-21 for losing)\n|raw|luijoroma's rating: 1096 &rarr; <strong>1120<\/strong><br \/>(+24 for winning)\n|l|\u2606mrshirogunae\n","uploadtime":1697338665,"views":5,"p1id":"mrshirogunae","p2id":"luijoroma","formatid":"gen9nationaldexdoubles","rating":1058,"private":0,"password":""}