{"id":"gen9nationaldexdoubles-1953964116","p1":"ChefSpooder","p2":"JoyBoy37","format":"[Gen 9] National Dex Doubles","log":"|j|\u2606ChefSpooder\n|j|\u2606JoyBoy37\n|t:|1695841698\n|gametype|doubles\n|player|p1|ChefSpooder|101|\n|player|p2|JoyBoy37|1|\n|teamsize|p1|6\n|teamsize|p2|6\n|gen|9\n|tier|[Gen 9] National Dex Doubles\n|rule|HP Percentage Mod: HP is shown in percentages\n|rule|Endless Battle Clause: Forcing endless battles is banned\n|rule|OHKO Clause: OHKO moves are banned\n|rule|Evasion Moves Clause: Evasion moves are banned\n|rule|Evasion Abilities Clause: Evasion abilities are banned\n|rule|Species Clause: Limit one of each Pok\u00e9mon\n|rule|Gravity Sleep Clause: The combination of sleep-inducing moves with imperfect accuracy and Gravity or Gigantamax Orbeetle are banned\n|clearpoke\n|poke|p1|Amoonguss, M|\n|poke|p1|Flutter Mane|\n|poke|p1|Indeedee-F, F|\n|poke|p1|Ogerpon-Hearthflame, F|\n|poke|p1|Kingambit, F|\n|poke|p1|Dragonite, F|\n|poke|p2|Gardevoir, F|\n|poke|p2|Garchomp, F|\n|poke|p2|Blastoise, F|\n|poke|p2|Muk-Alola, M|\n|poke|p2|Typhlosion-Hisui, F|\n|poke|p2|Tornadus-Therian, M|\n|teampreview\n|\n|t:|1695841712\n|start\n|switch|p1a: Maid|Indeedee-F, F|100\/100\n|switch|p1b: Janitor|Flutter Mane|100\/100\n|switch|p2a: Anego|Gardevoir, F|100\/100\n|switch|p2b: Mako EX|Garchomp, F|100\/100\n|-enditem|p1b: Janitor|Booster Energy\n|-activate|p1b: Janitor|ability: Protosynthesis|[fromitem]\n|-start|p1b: Janitor|protosynthesisspa\n|turn|1\n|inactive|Battle timer is ON: inactive players will automatically lose when time's up. (requested by ChefSpooder)\n|inactive|JoyBoy37 has 270 seconds left.\n|\n|t:|1695841754\n|switch|p2b: Muk|Muk-Alola, M|100\/100\n|move|p1a: Maid|Fake Out|p2b: Muk\n|-damage|p2b: Muk|92\/100\n|move|p1b: Janitor|Dazzling Gleam|p2a: Anego|[spread] p2a,p2b\n|-damage|p2a: Anego|62\/100\n|-damage|p2b: Muk|59\/100\n|move|p2a: Anego|Light Screen|p2a: Anego\n|-sidestart|p2: JoyBoy37|move: Light Screen\n|\n|upkeep\n|turn|2\n|\n|t:|1695841780\n|move|p1a: Maid|Follow Me|p1a: Maid\n|-singleturn|p1a: Maid|move: Follow Me\n|move|p1b: Janitor|Shadow Ball|p2a: Anego\n|-supereffective|p2a: Anego\n|-damage|p2a: Anego|0 fnt\n|faint|p2a: Anego\n|move|p2b: Muk|Poison Jab|p1a: Maid\n|-damage|p1a: Maid|57\/100\n|\n|upkeep\n|inactive|JoyBoy37 has 270 seconds left.\n|\n|t:|1695841802\n|switch|p2a: Sumi|Blastoise, F|100\/100\n|turn|3\n|inactive|JoyBoy37 has 270 seconds left.\n|\n|t:|1695841823\n|move|p1a: Maid|Helping Hand|p1b: Janitor\n|-singleturn|p1b: Janitor|Helping Hand|[of] p1a: Maid\n|move|p1b: Janitor|Dazzling Gleam|p2a: Sumi|[spread] p2a,p2b\n|-damage|p2a: Sumi|57\/100\n|-damage|p2b: Muk|22\/100\n|move|p2a: Sumi|Blizzard|p1a: Maid|[spread] p1b\n|-miss|p2a: Sumi|p1a: Maid\n|-damage|p1b: Janitor|69\/100\n|-damage|p2a: Sumi|47\/100|[from] item: Life Orb\n|move|p2b: Muk|Ice Punch|p1b: Janitor\n|-damage|p1b: Janitor|21\/100\n|-status|p1b: Janitor|psn|[from] ability: Poison Touch|[of] p2b: Muk\n|\n|-damage|p1b: Janitor|8\/100 psn|[from] psn\n|upkeep\n|turn|4\n|inactive|JoyBoy37 has 270 seconds left.\n|\n|t:|1695841851\n|move|p1a: Maid|Helping Hand|p1b: Janitor\n|-singleturn|p1b: Janitor|Helping Hand|[of] p1a: Maid\n|move|p1b: Janitor|Dazzling Gleam|p2b: Muk|[spread] p2a,p2b\n|-damage|p2a: Sumi|6\/100\n|-damage|p2b: Muk|0 fnt\n|faint|p2b: Muk\n|move|p2a: Sumi|Blizzard|p1a: Maid|[spread] p1a\n|-miss|p2a: Sumi|p1b: Janitor\n|-damage|p1a: Maid|34\/100\n|-damage|p2a: Sumi|0 fnt|[from] item: Life Orb\n|faint|p2a: Sumi\n|\n|-damage|p1b: Janitor|0 fnt|[from] psn\n|faint|p1b: Janitor\n|-end|p1b: Janitor|Protosynthesis|[silent]\n|upkeep\n|\n|t:|1695841870\n|switch|p1b: Armageddon|Dragonite, F|100\/100\n|switch|p2a: Tornadus|Tornadus-Therian, M|100\/100\n|switch|p2b: Mako EX|Garchomp, F|100\/100\n|turn|5\n|inactive|ChefSpooder has 270 seconds left.\n|inactive|JoyBoy37 has 270 seconds left.\n|\n|t:|1695841901\n|move|p2a: Tornadus|Snowscape|p2a: Tornadus\n|-weather|Snow\n|move|p2b: Mako EX|Fire Fang|p1a: Maid\n|-damage|p1a: Maid|2\/100\n|move|p1b: Armageddon|Dragon Dance|p1b: Armageddon\n|-boost|p1b: Armageddon|atk|1\n|-boost|p1b: Armageddon|spe|1\n|move|p1a: Maid|Trick|p2a: Tornadus\n|-activate|p1a: Maid|move: Trick|[of] p2a: Tornadus\n|-item|p2a: Tornadus|Lagging Tail|[from] move: Trick\n|-item|p1a: Maid|Sitrus Berry|[from] move: Trick\n|-enditem|p1a: Maid|Sitrus Berry|[eat]\n|-heal|p1a: Maid|27\/100|[from] item: Sitrus Berry\n|\n|-weather|Snow|[upkeep]\n|upkeep\n|turn|6\n|inactive|JoyBoy37 has 270 seconds left.\n|\n|t:|1695841946\n|move|p1a: Maid|Follow Me|p1a: Maid\n|-singleturn|p1a: Maid|move: Follow Me\n|move|p2b: Mako EX|Earthquake|p1b: Armageddon|[spread] p1a\n|-immune|p2a: Tornadus\n|-immune|p1b: Armageddon\n|-damage|p1a: Maid|0 fnt\n|faint|p1a: Maid\n|move|p1b: Armageddon|Dragon Dance|p1b: Armageddon\n|-boost|p1b: Armageddon|atk|1\n|-boost|p1b: Armageddon|spe|1\n|move|p2a: Tornadus|Weather Ball|p1b: Armageddon\n|-supereffective|p1b: Armageddon\n|-damage|p1b: Armageddon|59\/100\n|\n|-weather|Snow|[upkeep]\n|upkeep\n|inactive|ChefSpooder has 270 seconds left.\n|\n|t:|1695841966\n|switch|p1a: 2020|Amoonguss, M|100\/100\n|turn|7\n|inactive|JoyBoy37 has 270 seconds left.\n|inactive|ChefSpooder has 270 seconds left.\n|\n|t:|1695842003\n|move|p1b: Armageddon|Earthquake|p2a: Tornadus|[spread] p1a,p2b\n|-immune|p2a: Tornadus\n|-damage|p1a: 2020|32\/100\n|-damage|p2b: Mako EX|29\/100\n|-enditem|p1a: 2020|Sitrus Berry|[eat]\n|-heal|p1a: 2020|57\/100|[from] item: Sitrus Berry\n|-damage|p1b: Armageddon|49\/100|[from] item: Life Orb\n|move|p2b: Mako EX|Dragon Claw|p1b: Armageddon\n|-supereffective|p1b: Armageddon\n|-damage|p1b: Armageddon|0 fnt\n|faint|p1b: Armageddon\n|move|p1a: 2020|Spore|p2a: Tornadus\n|-status|p2a: Tornadus|slp|[from] move: Spore\n|cant|p2a: Tornadus|slp\n|\n|-weather|Snow|[upkeep]\n|upkeep\n|\n|t:|1695842019\n|switch|p1b: Ping pong|Ogerpon-Hearthflame, F|100\/100\n|-ability|p1b: Ping pong|Mold Breaker\n|turn|8\n|inactive|JoyBoy37 has 270 seconds left.\n|inactive|ChefSpooder has 270 seconds left.\n|\n|t:|1695842072\n|move|p1a: 2020|Protect|p1a: 2020\n|-singleturn|p1a: 2020|Protect\n|move|p1b: Ping pong|Knock Off|p2b: Mako EX\n|-damage|p2b: Mako EX|0 fnt\n|-damage|p1b: Ping pong|88\/100|[from] ability: Rough Skin|[of] p2b: Mako EX\n|-damage|p1b: Ping pong|72\/100|[from] item: Rocky Helmet|[of] p2b: Mako EX\n|-enditem|p2b: Mako EX|Rocky Helmet|[from] move: Knock Off|[of] p1b: Ping pong\n|faint|p2b: Mako EX\n|-curestatus|p2a: Tornadus|slp|[msg]\n|move|p2a: Tornadus|Weather Ball|p1a: 2020\n|-activate|p1a: 2020|move: Protect\n|\n|-weather|Snow|[upkeep]\n|-sideend|p2: JoyBoy37|move: Light Screen\n|upkeep\n|inactive|JoyBoy37 has 240 seconds left.\n|\n|t:|1695842097\n|switch|p2b: Typhlosion|Typhlosion-Hisui, F|100\/100\n|turn|9\n|inactive|JoyBoy37 has 240 seconds left.\n|\n|t:|1695842115\n|move|p1a: 2020|Rage Powder|p1a: 2020\n|-singleturn|p1a: 2020|move: Rage Powder\n|move|p1b: Ping pong|Swords Dance|p1b: Ping pong\n|-boost|p1b: Ping pong|atk|2\n|move|p2b: Typhlosion|Earthquake|p1a: 2020|[spread] p1a,p1b\n|-immune|p2a: Tornadus\n|-damage|p1a: 2020|42\/100\n|-damage|p1b: Ping pong|51\/100\n|move|p2a: Tornadus|Rain Dance|p2a: Tornadus\n|-weather|RainDance\n|\n|-weather|RainDance|[upkeep]\n|upkeep\n|turn|10\n|inactive|JoyBoy37 has 240 seconds left.\n|inactive|ChefSpooder has 270 seconds left.\n|inactive|JoyBoy37 has 210 seconds left.\n|inactive|JoyBoy37 has 180 seconds left.\n|inactive|JoyBoy37 has 150 seconds left.\n|inactive|JoyBoy37 has 120 seconds left.\n|inactive|JoyBoy37 has 90 seconds left.\n|\n|t:|1695842305\n|-terastallize|p2a: Tornadus|Water\n|move|p1a: 2020|Protect|p1a: 2020\n|-singleturn|p1a: 2020|Protect\n|move|p1b: Ping pong|Knock Off|p2b: Typhlosion\n|-supereffective|p2b: Typhlosion\n|-damage|p2b: Typhlosion|0 fnt\n|-enditem|p2b: Typhlosion|Choice Specs|[from] move: Knock Off|[of] p1b: Ping pong\n|faint|p2b: Typhlosion\n|move|p2a: Tornadus|Weather Ball|p1b: Ping pong\n|-damage|p1b: Ping pong|0 fnt\n|faint|p1b: Ping pong\n|\n|-weather|RainDance|[upkeep]\n|upkeep\n|inactive|ChefSpooder has 270 seconds left.\n|\n|t:|1695842317\n|switch|p1b: The Ancient King|Kingambit, F|100\/100\n|-activate|p1b: The Ancient King|ability: Supreme Overlord\n|-start|p1b: The Ancient King|fallen4|[silent]\n|turn|11\n|inactive|JoyBoy37 has 90 seconds left.\n|\n|t:|1695842334\n|-terastallize|p1b: The Ancient King|Dark\n|move|p1b: The Ancient King|Sucker Punch||[still]\n|-fail|p1b: The Ancient King\n|move|p1a: 2020|Spore|p2a: Tornadus\n|-status|p2a: Tornadus|slp|[from] move: Spore\n|cant|p2a: Tornadus|slp\n|\n|-weather|RainDance|[upkeep]\n|upkeep\n|turn|12\n|\n|t:|1695842349\n|move|p1b: The Ancient King|Kowtow Cleave|p2a: Tornadus\n|-damage|p2a: Tornadus|0 fnt\n|faint|p2a: Tornadus\n|-damage|p1b: The Ancient King|91\/100|[from] item: Life Orb\n|\n|win|ChefSpooder\n|l|\u2606ChefSpooder\n","uploadtime":1695842388,"views":7,"p1id":"chefspooder","p2id":"joyboy37","formatid":"gen9nationaldexdoubles","rating":0,"private":0,"password":""}