{"id":"gen9nationaldexdoubles-1962252230","p1":"JoshyJoshyC","p2":"Turtlesaur","format":"[Gen 9] National Dex Doubles","log":"|j|\u2606JoshyJoshyC\n|j|\u2606Turtlesaur\n|t:|1696723010\n|gametype|doubles\n|player|p1|JoshyJoshyC|lucas|1125\n|player|p2|Turtlesaur|pokemaniac|1080\n|teamsize|p1|6\n|teamsize|p2|6\n|gen|9\n|tier|[Gen 9] National Dex Doubles\n|rated|\n|rule|HP Percentage Mod: HP is shown in percentages\n|rule|Endless Battle Clause: Forcing endless battles is banned\n|rule|OHKO Clause: OHKO moves are banned\n|rule|Evasion Moves Clause: Evasion moves are banned\n|rule|Evasion Abilities Clause: Evasion abilities are banned\n|rule|Species Clause: Limit one of each Pok\u00e9mon\n|rule|Gravity Sleep Clause: The combination of sleep-inducing moves with imperfect accuracy and Gravity or Gigantamax Orbeetle are banned\n|clearpoke\n|poke|p1|Garchomp, M|\n|poke|p1|Tyranitar, M|\n|poke|p1|Gastrodon-East, M|\n|poke|p1|Scizor, F|\n|poke|p1|Skarmory, F|\n|poke|p1|Gliscor, M|\n|poke|p2|Blacephalon|\n|poke|p2|Arcanine, F|\n|poke|p2|Ninetales, M|\n|poke|p2|Shiftry, F|\n|poke|p2|Amoonguss, M|\n|poke|p2|Indeedee-F, F|\n|teampreview\n|\n|t:|1696723030\n|start\n|switch|p1a: Tyranitar|Tyranitar, M|100\/100\n|switch|p1b: Skarmory|Skarmory, F|100\/100\n|switch|p2a: Shiftry|Shiftry, F|100\/100\n|switch|p2b: Ninetales|Ninetales, M|100\/100\n|-weather|SunnyDay|[from] ability: Drought|[of] p2b: Ninetales\n|-weather|Sandstorm|[from] ability: Sand Stream|[of] p1a: Tyranitar\n|turn|1\n|\n|t:|1696723066\n|switch|p2b: Amoonguss|Amoonguss, M|100\/100\n|move|p2a: Shiftry|Tailwind|p2a: Shiftry\n|-sidestart|p2: Turtlesaur|move: Tailwind\n|-ability|p2a: Shiftry|Wind Rider|boost\n|-boost|p2a: Shiftry|atk|1\n|move|p1b: Skarmory|Spikes|p2b: Amoonguss\n|-sidestart|p2: Turtlesaur|Spikes\n|move|p1a: Tyranitar|Stealth Rock|p2b: Amoonguss\n|-sidestart|p2: Turtlesaur|move: Stealth Rock\n|\n|-weather|Sandstorm|[upkeep]\n|-damage|p2a: Shiftry|94\/100|[from] Sandstorm\n|-damage|p2b: Amoonguss|94\/100|[from] Sandstorm\n|-heal|p2b: Amoonguss|100\/100|[from] item: Leftovers\n|upkeep\n|turn|2\n|\n|t:|1696723089\n|switch|p2b: Ninetales|Ninetales, M|100\/100\n|-damage|p2b: Ninetales|88\/100|[from] Spikes\n|-damage|p2b: Ninetales|63\/100|[from] Stealth Rock\n|-weather|SunnyDay|[from] ability: Drought|[of] p2b: Ninetales\n|switch|p1a: Scizor|Scizor, F|100\/100\n|move|p2a: Shiftry|Solar Blade||[still]\n|-prepare|p2a: Shiftry|Solar Blade\n|-anim|p2a: Shiftry|Solar Blade|p1a: Scizor\n|-resisted|p1a: Scizor\n|-damage|p1a: Scizor|80\/100\n|move|p1b: Skarmory|Whirlwind|p2a: Shiftry\n|-ability|p2a: Shiftry|Wind Rider|boost\n|-boost|p2a: Shiftry|atk|1\n|\n|-weather|SunnyDay|[upkeep]\n|upkeep\n|turn|3\n|\n|t:|1696723130\n|switch|p1a: Tyranitar|Tyranitar, M|100\/100\n|-weather|Sandstorm|[from] ability: Sand Stream|[of] p1a: Tyranitar\n|move|p2b: Ninetales|Protect|p2b: Ninetales\n|-singleturn|p2b: Ninetales|Protect\n|move|p2a: Shiftry|Explosion|p1b: Skarmory|[spread] p1a,p1b\n|-activate|p2b: Ninetales|move: Protect\n|-resisted|p1a: Tyranitar\n|-resisted|p1b: Skarmory\n|-damage|p1a: Tyranitar|62\/100\n|-damage|p1b: Skarmory|63\/100\n|faint|p2a: Shiftry\n|move|p1b: Skarmory|Spikes|p2b: Ninetales\n|-sidestart|p2: Turtlesaur|Spikes\n|\n|-weather|Sandstorm|[upkeep]\n|-damage|p2b: Ninetales|57\/100|[from] Sandstorm\n|-heal|p1b: Skarmory|69\/100|[from] item: Leftovers\n|upkeep\n|\n|t:|1696723142\n|switch|p2a: Amoonguss|Amoonguss, M|100\/100\n|-damage|p2a: Amoonguss|84\/100|[from] Spikes\n|-damage|p2a: Amoonguss|71\/100|[from] Stealth Rock\n|turn|4\n|\n|t:|1696723167\n|switch|p2b: Indeedee|Indeedee-F, F|100\/100\n|-damage|p2b: Indeedee|84\/100|[from] Spikes\n|-damage|p2b: Indeedee|71\/100|[from] Stealth Rock\n|-fieldstart|move: Psychic Terrain|[from] ability: Psychic Surge|[of] p2b: Indeedee\n|move|p1b: Skarmory|Spikes|p2b: Indeedee\n|-sidestart|p2: Turtlesaur|Spikes\n|move|p2a: Amoonguss|Spore|p1a: Tyranitar\n|-status|p1a: Tyranitar|slp|[from] move: Spore\n|cant|p1a: Tyranitar|slp\n|\n|-weather|Sandstorm|[upkeep]\n|-damage|p2b: Indeedee|65\/100|[from] Sandstorm\n|-damage|p2a: Amoonguss|65\/100|[from] Sandstorm\n|-heal|p2b: Indeedee|71\/100|[from] item: Leftovers\n|-heal|p1b: Skarmory|75\/100|[from] item: Leftovers\n|-heal|p2a: Amoonguss|71\/100|[from] item: Leftovers\n|-sideend|p2: Turtlesaur|move: Tailwind\n|upkeep\n|turn|5\n|\n|t:|1696723239\n|switch|p2b: Ninetales|Ninetales, M|57\/100\n|-damage|p2b: Ninetales|32\/100|[from] Spikes\n|-damage|p2b: Ninetales|8\/100|[from] Stealth Rock\n|-weather|SunnyDay|[from] ability: Drought|[of] p2b: Ninetales\n|switch|p1a: Scizor|Scizor, F|80\/100\n|move|p2a: Amoonguss|Rage Powder|p2a: Amoonguss\n|-singleturn|p2a: Amoonguss|move: Rage Powder\n|move|p1b: Skarmory|Whirlwind|p2a: Amoonguss\n|drag|p2a: Arcanine|Arcanine, F|100\/100\n|-damage|p2a: Arcanine|75\/100|[from] Spikes\n|-damage|p2a: Arcanine|50\/100|[from] Stealth Rock\n|\n|-weather|SunnyDay|[upkeep]\n|-heal|p2a: Arcanine|57\/100|[from] item: Leftovers\n|-heal|p1b: Skarmory|81\/100|[from] item: Leftovers\n|upkeep\n|turn|6\n|inactive|Battle timer is ON: inactive players will automatically lose when time's up. (requested by JoshyJoshyC)\n|inactive|Turtlesaur has 120 seconds left.\n|inactive|Turtlesaur has 90 seconds left.\n|inactive|Turtlesaur has 60 seconds left.\n|inactive|Turtlesaur has 30 seconds left.\n|inactive|Turtlesaur has 20 seconds left.\n|inactive|Turtlesaur has 15 seconds left.\n|inactive|Turtlesaur has 10 seconds left.\n|\n|t:|1696723615\n|switch|p2b: Indeedee|Indeedee-F, F|71\/100\n|-damage|p2b: Indeedee|46\/100|[from] Spikes\n|-damage|p2b: Indeedee|34\/100|[from] Stealth Rock\n|switch|p2a: Amoonguss|Amoonguss, M|100\/100\n|-damage|p2a: Amoonguss|75\/100|[from] Spikes\n|-damage|p2a: Amoonguss|63\/100|[from] Stealth Rock\n|move|p1a: Scizor|Bullet Punch|p2b: Indeedee\n|-activate|p2b: Indeedee|move: Psychic Terrain\n|move|p1b: Skarmory|Whirlwind|p2a: Amoonguss\n|drag|p2a: Blacephalon|Blacephalon|100\/100\n|-damage|p2a: Blacephalon|75\/100|[from] Spikes\n|-damage|p2a: Blacephalon|50\/100|[from] Stealth Rock\n|\n|-weather|SunnyDay|[upkeep]\n|-heal|p2b: Indeedee|40\/100|[from] item: Leftovers\n|-heal|p1b: Skarmory|87\/100|[from] item: Leftovers\n|upkeep\n|turn|7\n|inactive|Turtlesaur has 90 seconds left.\n|inactive|JoshyJoshyC has 120 seconds left.\n|\n|t:|1696723661\n|switch|p2b: Ninetales|Ninetales, M|8\/100\n|-damage|p2b: Ninetales|0 fnt|[from] Spikes\n|faint|p2b: Ninetales\n|move|p2a: Blacephalon|Protect|p2a: Blacephalon\n|-singleturn|p2a: Blacephalon|Protect\n|move|p1a: Scizor|Bullet Punch|p2a: Blacephalon\n|-activate|p2a: Blacephalon|move: Psychic Terrain\n|move|p1b: Skarmory|Whirlwind|p2a: Blacephalon\n|drag|p2a: Amoonguss|Amoonguss, M|96\/100\n|-damage|p2a: Amoonguss|71\/100|[from] Spikes\n|-damage|p2a: Amoonguss|59\/100|[from] Stealth Rock\n|\n|-weather|SunnyDay|[upkeep]\n|-heal|p1b: Skarmory|93\/100|[from] item: Leftovers\n|-heal|p2a: Amoonguss|65\/100|[from] item: Leftovers\n|upkeep\n|\n|t:|1696723679\n|switch|p2b: Indeedee|Indeedee-F, F|40\/100\n|-damage|p2b: Indeedee|15\/100|[from] Spikes\n|-damage|p2b: Indeedee|3\/100|[from] Stealth Rock\n|turn|8\n|inactive|JoshyJoshyC has 120 seconds left.\n|\n|t:|1696723700\n|move|p2a: Amoonguss|Protect|p2a: Amoonguss\n|-singleturn|p2a: Amoonguss|Protect\n|move|p2b: Indeedee|Safeguard|p2b: Indeedee\n|-sidestart|p2: Turtlesaur|Safeguard\n|move|p1a: Scizor|U-turn|p2a: Amoonguss\n|-activate|p2a: Amoonguss|move: Protect\n|move|p1b: Skarmory|Whirlwind|p2b: Indeedee\n|drag|p2b: Blacephalon|Blacephalon|50\/100\n|-damage|p2b: Blacephalon|25\/100|[from] Spikes\n|-damage|p2b: Blacephalon|0 fnt|[from] Stealth Rock\n|faint|p2b: Blacephalon\n|\n|-weather|SunnyDay|[upkeep]\n|-heal|p1b: Skarmory|99\/100|[from] item: Leftovers\n|-heal|p2a: Amoonguss|71\/100|[from] item: Leftovers\n|-fieldend|move: Psychic Terrain\n|upkeep\n|inactive|Turtlesaur has 60 seconds left.\n|inactive|Turtlesaur has 30 seconds left.\n|inactive|Turtlesaur has 20 seconds left.\n|inactive|Turtlesaur has 15 seconds left.\n|inactive|Turtlesaur has 10 seconds left.\n|inactive|Turtlesaur has 5 seconds left.\n|-message|Turtlesaur lost due to inactivity.\n|\n|win|JoshyJoshyC\n|raw|JoshyJoshyC's rating: 1125 &rarr; <strong>1147<\/strong><br \/>(+22 for winning)\n|raw|Turtlesaur's rating: 1080 &rarr; <strong>1061<\/strong><br \/>(-19 for losing)\n|l|\u2606JoshyJoshyC\n","uploadtime":1696725138,"views":12,"p1id":"joshyjoshyc","p2id":"turtlesaur","formatid":"gen9nationaldexdoubles","rating":1061,"private":0,"password":""}