{"id":"gen9nationaldexdoubles-1975851038","p1":"monkoson","p2":"Old McBruh","format":"[Gen 9] National Dex Doubles","log":"|j|\u2606monkoson\n|j|\u203dOld McBruh\n|t:|1698243761\n|gametype|doubles\n|player|p1|monkoson|carmine-festival|1401\n|player|p2|Old McBruh|colress|1571\n|teamsize|p1|6\n|teamsize|p2|6\n|gen|9\n|tier|[Gen 9] National Dex Doubles\n|rated|\n|rule|HP Percentage Mod: HP is shown in percentages\n|rule|Endless Battle Clause: Forcing endless battles is banned\n|rule|OHKO Clause: OHKO moves are banned\n|rule|Evasion Moves Clause: Evasion moves are banned\n|rule|Evasion Abilities Clause: Evasion abilities are banned\n|rule|Species Clause: Limit one of each Pok\u00e9mon\n|rule|Gravity Sleep Clause: The combination of sleep-inducing moves with imperfect accuracy and Gravity or Gigantamax Orbeetle are banned\n|clearpoke\n|poke|p1|Zygarde|\n|poke|p1|Tornadus, M|\n|poke|p1|Urshifu-*, F|\n|poke|p1|Salamence, F|\n|poke|p1|Jirachi|\n|poke|p1|Incineroar, F|\n|poke|p2|Zygarde|\n|poke|p2|Ninetales-Alola, F|\n|poke|p2|Cresselia, F|\n|poke|p2|Whimsicott, M|\n|poke|p2|Chien-Pao|\n|poke|p2|Rillaboom, F|\n|teampreview\n|inactive|Battle timer is ON: inactive players will automatically lose when time's up. (requested by monkoson)\n|\n|t:|1698243778\n|start\n|switch|p1a: Tornadus|Tornadus, M|100\/100\n|switch|p1b: Incineroar|Incineroar, F|100\/100\n|switch|p2a: Whimsicott|Whimsicott, M|100\/100\n|switch|p2b: Ninetales|Ninetales-Alola, F|100\/100\n|-weather|Snow|[from] ability: Snow Warning|[of] p2b: Ninetales\n|-ability|p1b: Incineroar|Intimidate|boost\n|-unboost|p2a: Whimsicott|atk|1\n|-unboost|p2b: Ninetales|atk|1\n|turn|1\n|\n|t:|1698243787\n|move|p2b: Ninetales|Protect|p2b: Ninetales\n|-singleturn|p2b: Ninetales|Protect\n|move|p1b: Incineroar|Fake Out|p2b: Ninetales\n|-activate|p2b: Ninetales|move: Protect\n|move|p2a: Whimsicott|Taunt|p1a: Tornadus\n|-start|p1a: Tornadus|move: Taunt\n|move|p1a: Tornadus|Bleakwind Storm|p2b: Ninetales|[spread] p2a\n|-activate|p2b: Ninetales|move: Protect\n|-supereffective|p2a: Whimsicott\n|-damage|p2a: Whimsicott|0 fnt\n|faint|p2a: Whimsicott\n|\n|-weather|Snow|[upkeep]\n|upkeep\n|\n|t:|1698243803\n|switch|p2a: Zygarde|Zygarde|100\/100\n|-ability|p2a: Zygarde|Aura Break\n|turn|2\n|j| FizzyEnzo\n|inactive|monkoson has 120 seconds left.\n|l| FizzyEnzo\n|\n|t:|1698243839\n|-zpower|p1a: Tornadus\n|move|p1a: Tornadus|Supersonic Skystrike|p2a: Zygarde|[zeffect]\n|-damage|p2a: Zygarde|45\/100\n|move|p2b: Ninetales|Aurora Veil|p2b: Ninetales\n|-sidestart|p2: Old McBruh|move: Aurora Veil\n|move|p2a: Zygarde|Coil|p2a: Zygarde\n|-boost|p2a: Zygarde|atk|1\n|-boost|p2a: Zygarde|def|1\n|-boost|p2a: Zygarde|accuracy|1\n|move|p1b: Incineroar|Knock Off|p2a: Zygarde\n|-damage|p2a: Zygarde|32\/100\n|-enditem|p2a: Zygarde|Clear Amulet|[from] move: Knock Off|[of] p1b: Incineroar\n|\n|-weather|Snow|[upkeep]\n|upkeep\n|turn|3\n|inactive|monkoson has 120 seconds left.\n|\n|t:|1698243870\n|move|p1a: Tornadus|Bleakwind Storm|p2a: Zygarde|[spread] p2a\n|-miss|p1a: Tornadus|p2b: Ninetales\n|-damage|p2a: Zygarde|15\/100\n|move|p2b: Ninetales|Blizzard|p1a: Tornadus|[spread] p1a,p1b\n|-supereffective|p1a: Tornadus\n|-resisted|p1b: Incineroar\n|-damage|p1a: Tornadus|16\/100\n|-damage|p1b: Incineroar|92\/100\n|move|p2a: Zygarde|Coil|p2a: Zygarde\n|-boost|p2a: Zygarde|atk|1\n|-boost|p2a: Zygarde|def|1\n|-boost|p2a: Zygarde|accuracy|1\n|move|p1b: Incineroar|U-turn|p2a: Zygarde\n|-damage|p2a: Zygarde|10\/100\n|\n|t:|1698243886\n|switch|p1b: Salamence|Salamence, F|100\/100|[from] U-turn\n|-ability|p1b: Salamence|Intimidate|boost\n|-unboost|p2a: Zygarde|atk|1\n|-unboost|p2b: Ninetales|atk|1\n|\n|-weather|Snow|[upkeep]\n|-end|p1a: Tornadus|move: Taunt\n|upkeep\n|turn|4\n|inactive|monkoson has 120 seconds left.\n|\n|t:|1698243914\n|move|p1b: Salamence|Protect|p1b: Salamence\n|-singleturn|p1b: Salamence|Protect\n|move|p2a: Zygarde|Extreme Speed|p1a: Tornadus\n|-damage|p1a: Tornadus|0 fnt\n|faint|p1a: Tornadus\n|move|p2b: Ninetales|Blizzard|p1b: Salamence\n|-activate|p1b: Salamence|move: Protect\n|\n|-weather|Snow|[upkeep]\n|upkeep\n|\n|t:|1698243924\n|switch|p1a: Incineroar|Incineroar, F|92\/100\n|-ability|p1a: Incineroar|Intimidate|boost\n|-unboost|p2a: Zygarde|atk|1\n|-unboost|p2b: Ninetales|atk|1\n|turn|5\n|\n|t:|1698243936\n|switch|p2b: Chien-Pao|Chien-Pao|100\/100\n|-ability|p2b: Chien-Pao|Sword of Ruin\n|detailschange|p1b: Salamence|Salamence-Mega, F\n|-mega|p1b: Salamence|Salamence|Salamencite\n|move|p2a: Zygarde|Protect|p2a: Zygarde\n|-singleturn|p2a: Zygarde|Protect\n|move|p1a: Incineroar|Fake Out|p2b: Chien-Pao\n|-damage|p2b: Chien-Pao|94\/100\n|move|p1b: Salamence|Hyper Voice|p2a: Zygarde|[spread] p2b\n|-activate|p2a: Zygarde|move: Protect\n|-crit|p2b: Chien-Pao\n|-damage|p2b: Chien-Pao|15\/100\n|\n|-weather|none\n|upkeep\n|turn|6\n|\n|t:|1698243955\n|move|p1b: Salamence|Protect|p1b: Salamence\n|-singleturn|p1b: Salamence|Protect\n|move|p2b: Chien-Pao|Sacred Sword|p1a: Incineroar\n|-supereffective|p1a: Incineroar\n|-damage|p1a: Incineroar|31\/100\n|move|p2a: Zygarde|Thousand Arrows|p1a: Incineroar|[spread] p1a\n|-activate|p1b: Salamence|move: Protect\n|-supereffective|p1a: Incineroar\n|-damage|p1a: Incineroar|0 fnt\n|faint|p1a: Incineroar\n|\n|upkeep\n|inactive|monkoson has 120 seconds left.\n|\n|t:|1698243975\n|switch|p1a: Jirachi|Jirachi|100\/100\n|turn|7\n|\n|t:|1698243987\n|-terastallize|p1a: Jirachi|Water\n|move|p2b: Chien-Pao|Protect|p2b: Chien-Pao\n|-singleturn|p2b: Chien-Pao|Protect\n|move|p1a: Jirachi|Follow Me|p1a: Jirachi\n|-singleturn|p1a: Jirachi|move: Follow Me\n|move|p1b: Salamence|Hyper Voice|p2a: Zygarde|[spread] p2a\n|-activate|p2b: Chien-Pao|move: Protect\n|-damage|p2a: Zygarde|0 fnt\n|faint|p2a: Zygarde\n|\n|upkeep\n|\n|t:|1698243990\n|switch|p2a: Rillaboom|Rillaboom, F|100\/100\n|-fieldstart|move: Grassy Terrain|[from] ability: Grassy Surge|[of] p2a: Rillaboom\n|turn|8\n|inactive|monkoson has 120 seconds left.\n|\n|t:|1698244025\n|move|p1a: Jirachi|Follow Me|p1a: Jirachi\n|-singleturn|p1a: Jirachi|move: Follow Me\n|move|p2a: Rillaboom|Grassy Glide|p1a: Jirachi\n|-supereffective|p1a: Jirachi\n|-damage|p1a: Jirachi|17\/100\n|-enditem|p1a: Jirachi|Sitrus Berry|[eat]\n|-heal|p1a: Jirachi|42\/100|[from] item: Sitrus Berry\n|move|p2b: Chien-Pao|Sacred Sword|p1a: Jirachi\n|-damage|p1a: Jirachi|10\/100\n|move|p1b: Salamence|Hyper Voice|p2a: Rillaboom|[spread] p2a,p2b\n|-supereffective|p2a: Rillaboom\n|-damage|p2a: Rillaboom|67\/100\n|-damage|p2b: Chien-Pao|0 fnt\n|faint|p2b: Chien-Pao\n|\n|-heal|p1a: Jirachi|16\/100|[from] Grassy Terrain\n|-heal|p2a: Rillaboom|74\/100|[from] Grassy Terrain\n|upkeep\n|\n|t:|1698244029\n|switch|p2b: Ninetales|Ninetales-Alola, F|100\/100\n|-weather|Snow|[from] ability: Snow Warning|[of] p2b: Ninetales\n|turn|9\n|inactive|monkoson has 120 seconds left.\n|\n|t:|1698244064\n|move|p2a: Rillaboom|Grassy Glide|p1a: Jirachi\n|-supereffective|p1a: Jirachi\n|-damage|p1a: Jirachi|0 fnt\n|faint|p1a: Jirachi\n|move|p1b: Salamence|Double-Edge|p2a: Rillaboom\n|-supereffective|p2a: Rillaboom\n|-damage|p2a: Rillaboom|0 fnt\n|faint|p2a: Rillaboom\n|-damage|p1b: Salamence|76\/100|[from] Recoil\n|move|p2b: Ninetales|Blizzard|p1b: Salamence\n|-supereffective|p1b: Salamence\n|-damage|p1b: Salamence|0 fnt\n|faint|p1b: Salamence\n|\n|-weather|Snow|[upkeep]\n|-sideend|p2: Old McBruh|move: Aurora Veil\n|upkeep\n|inactive|monkoson has 120 seconds left.\n|\n|t:|1698244088\n|switch|p1b: Urshifu|Urshifu-Rapid-Strike, F|100\/100\n|switch|p1a: Zygarde|Zygarde|100\/100\n|switch|p2a: Cresselia|Cresselia, F|100\/100\n|-ability|p1a: Zygarde|Aura Break\n|turn|10\n|inactive|monkoson has 120 seconds left.\n|\n|t:|1698244114\n|move|p2b: Ninetales|Blizzard|p1b: Urshifu|[spread] p1a,p1b\n|-supereffective|p1a: Zygarde\n|-resisted|p1b: Urshifu\n|-damage|p1a: Zygarde|0 fnt\n|-damage|p1b: Urshifu|76\/100\n|faint|p1a: Zygarde\n|move|p1b: Urshifu|Surging Strikes|p2b: Ninetales\n|-crit|p2b: Ninetales\n|-damage|p2b: Ninetales|76\/100\n|-crit|p2b: Ninetales\n|-damage|p2b: Ninetales|55\/100\n|-crit|p2b: Ninetales\n|-damage|p2b: Ninetales|30\/100\n|-hitcount|p2b: Ninetales|3\n|move|p2a: Cresselia|Moonblast|p1b: Urshifu\n|-supereffective|p1b: Urshifu\n|-damage|p1b: Urshifu|28\/100\n|\n|-weather|Snow|[upkeep]\n|-heal|p2b: Ninetales|37\/100|[from] Grassy Terrain\n|-heal|p1b: Urshifu|35\/100|[from] Grassy Terrain\n|upkeep\n|turn|11\n|\n|t:|1698244134\n|move|p2b: Ninetales|Blizzard|p1b: Urshifu\n|-resisted|p1b: Urshifu\n|-damage|p1b: Urshifu|3\/100\n|move|p1b: Urshifu|Surging Strikes|p2b: Ninetales\n|-crit|p2b: Ninetales\n|-damage|p2b: Ninetales|14\/100\n|-crit|p2b: Ninetales\n|-damage|p2b: Ninetales|0 fnt\n|faint|p2b: Ninetales\n|-hitcount|p2: Ninetales|2\n|move|p2a: Cresselia|Moonblast|p1b: Urshifu\n|-supereffective|p1b: Urshifu\n|-damage|p1b: Urshifu|0 fnt\n|faint|p1b: Urshifu\n|\n|win|Old McBruh\n|raw|monkoson's rating: 1401 &rarr; <strong>1390<\/strong><br \/>(-11 for losing)\n|raw|Old McBruh's rating: 1571 &rarr; <strong>1582<\/strong><br \/>(+11 for winning)\n|l|\u2606monkoson\n","uploadtime":1698244146,"views":17,"p1id":"monkoson","p2id":"oldmcbruh","formatid":"gen9nationaldexdoubles","rating":1390,"private":0,"password":""}