{"id":"gen9nationaldexdoubles-1983987219","p1":"Edenpotato","p2":"gfsgesgsegesrtg","format":"[Gen 9] National Dex Doubles","log":"|j|\u2606Edenpotato\n|j|\u2606gfsgesgsegesrtg\n|t:|1699207131\n|gametype|doubles\n|player|p1|Edenpotato|pokemonrangerf|1045\n|player|p2|gfsgesgsegesrtg|2|1129\n|teamsize|p1|6\n|teamsize|p2|6\n|gen|9\n|tier|[Gen 9] National Dex Doubles\n|rated|\n|rule|HP Percentage Mod: HP is shown in percentages\n|rule|Endless Battle Clause: Forcing endless battles is banned\n|rule|OHKO Clause: OHKO moves are banned\n|rule|Evasion Moves Clause: Evasion moves are banned\n|rule|Evasion Abilities Clause: Evasion abilities are banned\n|rule|Species Clause: Limit one of each Pok\u00e9mon\n|rule|Gravity Sleep Clause: The combination of sleep-inducing moves with imperfect accuracy and Gravity or Gigantamax Orbeetle are banned\n|clearpoke\n|poke|p1|Golduck, F|\n|poke|p1|Grimmsnarl, M|\n|poke|p1|Kommo-o, F|\n|poke|p1|Garganacl, F|\n|poke|p1|Chien-Pao|\n|poke|p1|Landorus-Therian, M|\n|poke|p2|Metagross|\n|poke|p2|Incineroar, F|\n|poke|p2|Rillaboom, F|\n|poke|p2|Palafin, F|\n|poke|p2|Grimmsnarl, M|\n|poke|p2|Amoonguss, F|\n|teampreview\n|\n|t:|1699207140\n|start\n|switch|p1a: Kommo-o|Kommo-o, F|100\/100\n|switch|p1b: Golduck|Golduck, F|100\/100\n|switch|p2a: Palafin|Palafin, F|100\/100\n|switch|p2b: Incineroar|Incineroar, F|100\/100\n|-ability|p1b: Golduck|Cloud Nine\n|-ability|p2b: Incineroar|Intimidate|boost\n|-unboost|p1a: Kommo-o|atk|1\n|-unboost|p1b: Golduck|atk|1\n|turn|1\n|\n|t:|1699207174\n|switch|p1a: Garganacl|Garganacl, F|100\/100\n|move|p2b: Incineroar|Fake Out|p1a: Garganacl\n|-resisted|p1a: Garganacl\n|-damage|p1a: Garganacl|97\/100\n|move|p2a: Palafin|Flip Turn|p1b: Golduck\n|-resisted|p1b: Golduck\n|-damage|p1b: Golduck|89\/100\n|\n|t:|1699207186\n|detailschange|p2a: Palafin|Palafin-Hero, F\n|switch|p2a: Amoonguss|Amoonguss, F|100\/100|[from] Flip Turn\n|move|p1b: Golduck|Simple Beam|p2a: Amoonguss\n|-endability|p2a: Amoonguss|Effect Spore|[from] move: Simple Beam\n|-ability|p2a: Amoonguss|Simple|[from] move: Simple Beam\n|\n|-heal|p1b: Golduck|95\/100|[from] item: Leftovers\n|-heal|p1a: Garganacl|100\/100|[from] item: Leftovers\n|upkeep\n|turn|2\n|\n|t:|1699207234\n|switch|p2b: Rillaboom|Rillaboom, F|100\/100\n|-fieldstart|move: Grassy Terrain|[from] ability: Grassy Surge|[of] p2b: Rillaboom\n|move|p1b: Golduck|Taunt|p2a: Amoonguss\n|-start|p2a: Amoonguss|move: Taunt\n|move|p1a: Garganacl|Salt Cure|p2b: Rillaboom\n|-damage|p2b: Rillaboom|86\/100\n|-start|p2b: Rillaboom|Salt Cure\n|cant|p2a: Amoonguss|move: Taunt|Spore\n|\n|-heal|p2b: Rillaboom|92\/100|[from] Grassy Terrain\n|-heal|p1b: Golduck|100\/100|[from] Grassy Terrain\n|-damage|p2b: Rillaboom|79\/100|[from] Salt Cure\n|upkeep\n|turn|3\n|inactive|Battle timer is ON: inactive players will automatically lose when time's up. (requested by Edenpotato)\n|\n|t:|1699207294\n|switch|p1b: Chien-Pao|Chien-Pao|100\/100\n|-ability|p1b: Chien-Pao|Sword of Ruin\n|move|p2b: Rillaboom|Grassy Glide|p1a: Garganacl\n|-supereffective|p1a: Garganacl\n|-damage|p1a: Garganacl|37\/100\n|move|p1a: Garganacl|Stealth Rock|p2b: Rillaboom\n|-sidestart|p2: gfsgesgsegesrtg|move: Stealth Rock\n|move|p2a: Amoonguss|Energy Ball|p1a: Garganacl\n|-supereffective|p1a: Garganacl\n|-damage|p1a: Garganacl|0 fnt\n|faint|p1a: Garganacl\n|\n|-heal|p2b: Rillaboom|86\/100|[from] Grassy Terrain\n|-damage|p2b: Rillaboom|73\/100|[from] Salt Cure\n|upkeep\n|\n|t:|1699207309\n|switch|p1a: Grimmsnarl|Grimmsnarl, M|100\/100\n|turn|4\n|\n|t:|1699207329\n|switch|p2b: Palafin|Palafin-Hero, F|100\/100\n|-damage|p2b: Palafin|88\/100|[from] Stealth Rock\n|-activate|p2b: Palafin|ability: Zero to Hero\n|switch|p2a: Incineroar|Incineroar, F|100\/100\n|-damage|p2a: Incineroar|76\/100|[from] Stealth Rock\n|-ability|p2a: Incineroar|Intimidate|boost\n|-unboost|p1a: Grimmsnarl|atk|1\n|-unboost|p1b: Chien-Pao|atk|1\n|move|p1a: Grimmsnarl|Reflect|p1a: Grimmsnarl\n|-sidestart|p1: Edenpotato|Reflect\n|move|p1b: Chien-Pao|Ice Spinner|p2a: Incineroar\n|-resisted|p2a: Incineroar\n|-damage|p2a: Incineroar|50\/100\n|-fieldend|move: Grassy Terrain\n|\n|upkeep\n|turn|5\n|inactive|gfsgesgsegesrtg has 120 seconds left.\n|\n|t:|1699207374\n|switch|p1b: Golduck|Golduck, F|100\/100\n|-ability|p1b: Golduck|Cloud Nine\n|switch|p1a: Kommo-o|Kommo-o, F|100\/100\n|move|p2a: Incineroar|Fake Out|p1a: Kommo-o\n|-damage|p1a: Kommo-o|94\/100\n|move|p2b: Palafin|Drain Punch|p1b: Golduck\n|-damage|p1b: Golduck|77\/100\n|-heal|p2b: Palafin|100\/100|[from] drain|[of] p1b: Golduck\n|\n|-heal|p1b: Golduck|83\/100|[from] item: Leftovers\n|upkeep\n|turn|6\n|inactive|gfsgesgsegesrtg has 120 seconds left.\n|\n|t:|1699207398\n|switch|p2b: Metagross|Metagross, shiny|100\/100\n|-damage|p2b: Metagross|95\/100|[from] Stealth Rock\n|switch|p2a: Amoonguss|Amoonguss, F|100\/100\n|-damage|p2a: Amoonguss|88\/100|[from] Stealth Rock\n|move|p1b: Golduck|Simple Beam|p1a: Kommo-o\n|-endability|p1a: Kommo-o|Overcoat|[from] move: Simple Beam\n|-ability|p1a: Kommo-o|Simple|[from] move: Simple Beam\n|move|p1a: Kommo-o|Clangorous Soul|p1a: Kommo-o\n|-boost|p1a: Kommo-o|atk|2\n|-boost|p1a: Kommo-o|def|2\n|-boost|p1a: Kommo-o|spa|2\n|-boost|p1a: Kommo-o|spd|2\n|-boost|p1a: Kommo-o|spe|2\n|-damage|p1a: Kommo-o|61\/100\n|\n|-heal|p1b: Golduck|89\/100|[from] item: Leftovers\n|upkeep\n|turn|7\n|inactive|gfsgesgsegesrtg has 120 seconds left.\n|inactive|gfsgesgsegesrtg has 90 seconds left.\n|\n|t:|1699207455\n|detailschange|p2b: Metagross|Metagross-Mega, shiny\n|-mega|p2b: Metagross|Metagross|Metagrossite\n|-zpower|p1a: Kommo-o\n|move|p1a: Kommo-o|Clangorous Soulblaze|p2b: Metagross|[zeffect]|[spread] p2a,p2b\n|-resisted|p2b: Metagross\n|-damage|p2a: Amoonguss|14\/100\n|-damage|p2b: Metagross|32\/100\n|-boost|p1a: Kommo-o|atk|2\n|-boost|p1a: Kommo-o|def|2\n|-boost|p1a: Kommo-o|spa|2\n|-boost|p1a: Kommo-o|spd|2\n|-boost|p1a: Kommo-o|spe|2\n|move|p2b: Metagross|Psycho Cut|p1a: Kommo-o\n|-supereffective|p1a: Kommo-o\n|-crit|p1a: Kommo-o\n|-damage|p1a: Kommo-o|0 fnt\n|faint|p1a: Kommo-o\n|move|p1b: Golduck|Taunt|p2a: Amoonguss\n|-start|p2a: Amoonguss|move: Taunt\n|cant|p2a: Amoonguss|move: Taunt|Toxic\n|\n|-heal|p1b: Golduck|95\/100|[from] item: Leftovers\n|upkeep\n|inactive|Edenpotato has 120 seconds left.\n|c|\u2606Edenpotato|that crit\n|c|\u2606Edenpotato|god dammit\n|\n|t:|1699207487\n|switch|p1a: Chien-Pao|Chien-Pao|100\/100\n|-ability|p1a: Chien-Pao|Sword of Ruin\n|turn|8\n|c|\u2606gfsgesgsegesrtg|i looked away ONE second\n|c|\u2606gfsgesgsegesrtg|what happened\n|inactive|Edenpotato has 120 seconds left.\n|inactive|gfsgesgsegesrtg has 90 seconds left.\n|\n|t:|1699207527\n|switch|p2b: Palafin|Palafin-Hero, F|100\/100\n|-damage|p2b: Palafin|88\/100|[from] Stealth Rock\n|switch|p1b: Landorus|Landorus-Therian, M|100\/100\n|-ability|p1b: Landorus|Intimidate|boost\n|-unboost|p2a: Amoonguss|atk|1\n|-unboost|p2b: Palafin|atk|1\n|-terastallize|p1a: Chien-Pao|Dark\n|move|p1a: Chien-Pao|Throat Chop|p2b: Palafin\n|-damage|p2b: Palafin|0 fnt\n|faint|p2b: Palafin\n|move|p2a: Amoonguss|Energy Ball|p1b: Landorus\n|-damage|p1b: Landorus|82\/100\n|\n|upkeep\n|c|\u2606Edenpotato|psycco cut critted\n|inactive|gfsgesgsegesrtg has 60 seconds left.\n|c|\u2606gfsgesgsegesrtg|jesus\n|c|\u2606Edenpotato|and killed the 4 stage omni boost kommo-o\n|\n|t:|1699207563\n|switch|p2b: Grimmsnarl|Grimmsnarl, M|100\/100\n|-damage|p2b: Grimmsnarl|88\/100|[from] Stealth Rock\n|turn|9\n|inactive|Edenpotato has 120 seconds left.\n|\n|t:|1699207584\n|move|p2b: Grimmsnarl|Parting Shot|p1b: Landorus\n|-unboost|p1b: Landorus|atk|1\n|-unboost|p1b: Landorus|spa|1\n|\n|t:|1699207589\n|switch|p2b: Rillaboom|Rillaboom, F|73\/100|[from] Parting Shot\n|-damage|p2b: Rillaboom|61\/100|[from] Stealth Rock\n|-fieldstart|move: Grassy Terrain|[from] ability: Grassy Surge|[of] p2b: Rillaboom\n|move|p1a: Chien-Pao|Throat Chop|p2a: Amoonguss\n|-damage|p2a: Amoonguss|0 fnt\n|faint|p2a: Amoonguss\n|move|p1b: Landorus|Stomping Tantrum|p2b: Rillaboom\n|-resisted|p2b: Rillaboom\n|-damage|p2b: Rillaboom|38\/100\n|-enditem|p2b: Rillaboom|Sitrus Berry|[eat]\n|-heal|p2b: Rillaboom|63\/100|[from] item: Sitrus Berry\n|\n|-heal|p2b: Rillaboom|69\/100|[from] Grassy Terrain\n|upkeep\n|inactive|gfsgesgsegesrtg has 60 seconds left.\n|\n|t:|1699207608\n|switch|p2a: Grimmsnarl|Grimmsnarl, M|88\/100\n|-damage|p2a: Grimmsnarl|76\/100|[from] Stealth Rock\n|turn|10\n|\n|t:|1699207628\n|switch|p1a: Grimmsnarl|Grimmsnarl, M|100\/100\n|switch|p1b: Golduck|Golduck, F|95\/100\n|-ability|p1b: Golduck|Cloud Nine\n|move|p2a: Grimmsnarl|Fake Out|p1a: Grimmsnarl\n|-damage|p1a: Grimmsnarl|88\/100\n|move|p2b: Rillaboom|U-turn|p1b: Golduck\n|-damage|p1b: Golduck|77\/100\n|inactive|gfsgesgsegesrtg has 60 seconds left.\n|\n|t:|1699207648\n|switch|p2b: Metagross|Metagross-Mega, shiny|32\/100|[from] U-turn\n|-damage|p2b: Metagross|26\/100|[from] Stealth Rock\n|\n|-heal|p2b: Metagross|32\/100|[from] Grassy Terrain\n|-heal|p1b: Golduck|83\/100|[from] Grassy Terrain\n|-heal|p1b: Golduck|89\/100|[from] item: Leftovers\n|-heal|p1a: Grimmsnarl|94\/100|[from] Grassy Terrain\n|-heal|p2a: Grimmsnarl|82\/100|[from] Grassy Terrain\n|upkeep\n|turn|11\n|inactive|gfsgesgsegesrtg has 60 seconds left.\n|\n|t:|1699207681\n|switch|p2b: Rillaboom|Rillaboom, F|69\/100\n|-damage|p2b: Rillaboom|57\/100|[from] Stealth Rock\n|move|p1a: Grimmsnarl|Taunt|p2a: Grimmsnarl\n|-hint|Since gen 7, Dark is immune to Prankster moves.\n|-immune|p2a: Grimmsnarl\n|move|p1b: Golduck|Aqua Tail|p2b: Rillaboom\n|-resisted|p2b: Rillaboom\n|-damage|p2b: Rillaboom|42\/100\n|move|p2a: Grimmsnarl|Spirit Break|p1a: Grimmsnarl\n|-supereffective|p1a: Grimmsnarl\n|-damage|p1a: Grimmsnarl|23\/100\n|-unboost|p1a: Grimmsnarl|spa|1\n|\n|-heal|p2b: Rillaboom|48\/100|[from] Grassy Terrain\n|-heal|p1b: Golduck|95\/100|[from] Grassy Terrain\n|-heal|p1b: Golduck|100\/100|[from] item: Leftovers\n|-heal|p1a: Grimmsnarl|29\/100|[from] Grassy Terrain\n|-heal|p2a: Grimmsnarl|88\/100|[from] Grassy Terrain\n|-sideend|p1: Edenpotato|Reflect\n|upkeep\n|turn|12\n|inactive|gfsgesgsegesrtg has 60 seconds left.\n|\n|t:|1699207705\n|switch|p1b: Chien-Pao|Chien-Pao, tera:Dark|100\/100\n|-ability|p1b: Chien-Pao|Sword of Ruin\n|move|p2b: Rillaboom|Grassy Glide|p1b: Chien-Pao\n|-damage|p1b: Chien-Pao|48\/100\n|move|p1a: Grimmsnarl|Parting Shot|p2b: Rillaboom\n|-unboost|p2b: Rillaboom|atk|1\n|-unboost|p2b: Rillaboom|spa|1\n|\n|t:|1699207715\n|switch|p1a: Landorus|Landorus-Therian, M|82\/100|[from] Parting Shot\n|-ability|p1a: Landorus|Intimidate|boost\n|-unboost|p2a: Grimmsnarl|atk|1\n|-unboost|p2b: Rillaboom|atk|1\n|move|p2a: Grimmsnarl|Spirit Break|p1a: Landorus\n|-damage|p1a: Landorus|49\/100\n|-unboost|p1a: Landorus|spa|1\n|\n|-heal|p1b: Chien-Pao|54\/100|[from] Grassy Terrain\n|-heal|p2b: Rillaboom|54\/100|[from] Grassy Terrain\n|-heal|p2a: Grimmsnarl|94\/100|[from] Grassy Terrain\n|upkeep\n|turn|13\n|\n|t:|1699207732\n|move|p2b: Rillaboom|Grassy Glide|p1b: Chien-Pao\n|-damage|p1b: Chien-Pao|27\/100\n|move|p1b: Chien-Pao|Ice Spinner|p2b: Rillaboom\n|-supereffective|p2b: Rillaboom\n|-damage|p2b: Rillaboom|0 fnt\n|-fieldend|move: Grassy Terrain\n|faint|p2b: Rillaboom\n|move|p1a: Landorus|U-turn|p2a: Grimmsnarl\n|-damage|p2a: Grimmsnarl|44\/100\n|\n|t:|1699207742\n|switch|p1a: Grimmsnarl|Grimmsnarl, M|29\/100|[from] U-turn\n|move|p2a: Grimmsnarl|Spirit Break|p1b: Chien-Pao\n|-supereffective|p1b: Chien-Pao\n|-damage|p1b: Chien-Pao|0 fnt\n|faint|p1b: Chien-Pao\n|\n|upkeep\n|inactive|gfsgesgsegesrtg has 90 seconds left.\n|\n|t:|1699207759\n|switch|p1b: Landorus|Landorus-Therian, M|49\/100\n|switch|p2b: Metagross|Metagross-Mega, shiny|32\/100\n|-damage|p2b: Metagross|26\/100|[from] Stealth Rock\n|-ability|p1b: Landorus|Intimidate|boost\n|-unboost|p2a: Grimmsnarl|atk|1\n|-unboost|p2b: Metagross|atk|1\n|turn|14\n|inactive|gfsgesgsegesrtg has 90 seconds left.\n|\n|t:|1699207790\n|move|p1a: Grimmsnarl|Reflect|p1a: Grimmsnarl\n|-sidestart|p1: Edenpotato|Reflect\n|move|p2a: Grimmsnarl|Parting Shot|p1b: Landorus\n|-unboost|p1b: Landorus|atk|1\n|-unboost|p1b: Landorus|spa|1\n|\n|t:|1699207794\n|switch|p2a: Incineroar|Incineroar, F|50\/100|[from] Parting Shot\n|-damage|p2a: Incineroar|25\/100|[from] Stealth Rock\n|-ability|p2a: Incineroar|Intimidate|boost\n|-unboost|p1a: Grimmsnarl|atk|1\n|-unboost|p1b: Landorus|atk|1\n|move|p2b: Metagross|Rock Slide|p1a: Grimmsnarl|[spread] p1a,p1b\n|-damage|p1a: Grimmsnarl|18\/100\n|-damage|p1b: Landorus|40\/100\n|move|p1b: Landorus|Stomping Tantrum|p2b: Metagross\n|-supereffective|p2b: Metagross\n|-damage|p2b: Metagross|0 fnt\n|faint|p2b: Metagross\n|\n|upkeep\n|\n|t:|1699207807\n|switch|p2b: Grimmsnarl|Grimmsnarl, M|44\/100\n|-damage|p2b: Grimmsnarl|32\/100|[from] Stealth Rock\n|turn|15\n|\n|t:|1699207817\n|switch|p1b: Golduck|Golduck, F|100\/100\n|-ability|p1b: Golduck|Cloud Nine\n|move|p2a: Incineroar|Fake Out|p1b: Golduck\n|-damage|p1b: Golduck|93\/100\n|move|p2b: Grimmsnarl|Fake Out|p1a: Grimmsnarl\n|-damage|p1a: Grimmsnarl|6\/100\n|cant|p1a: Grimmsnarl|flinch\n|\n|-heal|p1b: Golduck|99\/100|[from] item: Leftovers\n|upkeep\n|turn|16\n|inactive|gfsgesgsegesrtg has 120 seconds left.\n|\n|t:|1699207845\n|-terastallize|p2b: Grimmsnarl|Steel\n|move|p1a: Grimmsnarl|Parting Shot|p2a: Incineroar\n|-hint|Since gen 7, Dark is immune to Prankster moves.\n|-immune|p2a: Incineroar\n|move|p1b: Golduck|Yawn|p2b: Grimmsnarl\n|-start|p2b: Grimmsnarl|move: Yawn|[of] p1b: Golduck\n|move|p2b: Grimmsnarl|Thunder Punch|p1b: Golduck\n|-supereffective|p1b: Golduck\n|-damage|p1b: Golduck|60\/100\n|-status|p1b: Golduck|par\n|-zpower|p2a: Incineroar\n|move|p2a: Incineroar|Malicious Moonsault|p1b: Golduck|[zeffect]\n|-damage|p1b: Golduck|7\/100 par\n|\n|-heal|p1b: Golduck|13\/100 par|[from] item: Leftovers\n|upkeep\n|turn|17\n|inactive|gfsgesgsegesrtg has 120 seconds left.\n|\n|t:|1699207872\n|move|p1a: Grimmsnarl|Light Screen|p1a: Grimmsnarl\n|-sidestart|p1: Edenpotato|move: Light Screen\n|move|p2a: Incineroar|Darkest Lariat|p1b: Golduck\n|-damage|p1b: Golduck|0 fnt\n|faint|p1b: Golduck\n|move|p2b: Grimmsnarl|Spirit Break|p1a: Grimmsnarl\n|-supereffective|p1a: Grimmsnarl\n|-crit|p1a: Grimmsnarl\n|-damage|p1a: Grimmsnarl|0 fnt\n|faint|p1a: Grimmsnarl\n|\n|-end|p2b: Grimmsnarl|move: Yawn|[silent]\n|-status|p2b: Grimmsnarl|slp\n|upkeep\n|inactive|Edenpotato has 120 seconds left.\n|\n|t:|1699207884\n|switch|p1b: Landorus|Landorus-Therian, M|40\/100\n|-ability|p1b: Landorus|Intimidate|boost\n|-unboost|p2a: Incineroar|atk|1\n|-unboost|p2b: Grimmsnarl|atk|1\n|turn|18\n|c|\u2606gfsgesgsegesrtg|well damn\n|inactive|gfsgesgsegesrtg has 120 seconds left.\n|\n|t:|1699207901\n|move|p1b: Landorus|Stomping Tantrum|p2a: Incineroar\n|-supereffective|p2a: Incineroar\n|-damage|p2a: Incineroar|0 fnt\n|faint|p2a: Incineroar\n|cant|p2b: Grimmsnarl|slp\n|\n|upkeep\n|turn|19\n|c|\u2606Edenpotato|idk how i pulled this one out\n|c|\u2606gfsgesgsegesrtg|that was something\n|\n|t:|1699207909\n|move|p1b: Landorus|Stomping Tantrum|p2b: Grimmsnarl\n|-supereffective|p2b: Grimmsnarl\n|-damage|p2b: Grimmsnarl|0 fnt\n|faint|p2b: Grimmsnarl\n|\n|win|Edenpotato\n|raw|Edenpotato's rating: 1045 &rarr; <strong>1086<\/strong><br \/>(+41 for winning)\n|raw|gfsgesgsegesrtg's rating: 1129 &rarr; <strong>1098<\/strong><br \/>(-31 for losing)\n|c|\u2606gfsgesgsegesrtg|gg\n|c|\u2606Edenpotato|gg\n","uploadtime":1699207987,"views":8,"p1id":"edenpotato","p2id":"gfsgesgsegesrtg","formatid":"gen9nationaldexdoubles","rating":1086,"private":0,"password":""}