{"id":"gen9nationaldexdoubles-1951609790","p1":"neweternal84","p2":"AceofJades39","format":"[Gen 9] National Dex Doubles","log":"|j|\u2606neweternal84\n|j|\u2606AceofJades39\n|t:|1695598853\n|gametype|doubles\n|player|p1|neweternal84|palmer|1278\n|player|p2|AceofJades39|cheryl|1185\n|teamsize|p1|6\n|teamsize|p2|6\n|gen|9\n|tier|[Gen 9] National Dex Doubles\n|rated|\n|rule|HP Percentage Mod: HP is shown in percentages\n|rule|Endless Battle Clause: Forcing endless battles is banned\n|rule|OHKO Clause: OHKO moves are banned\n|rule|Evasion Moves Clause: Evasion moves are banned\n|rule|Evasion Abilities Clause: Evasion abilities are banned\n|rule|Species Clause: Limit one of each Pok\u00e9mon\n|rule|Gravity Sleep Clause: The combination of sleep-inducing moves with imperfect accuracy and Gravity or Gigantamax Orbeetle are banned\n|clearpoke\n|poke|p1|Indeedee-F, F|\n|poke|p1|Ursaluna-Bloodmoon, M|\n|poke|p1|Armarouge, M|\n|poke|p1|Dusclops, F|\n|poke|p1|Conkeldurr, F|\n|poke|p1|Amoonguss, F|\n|poke|p2|Weezing-Galar, M|\n|poke|p2|Regigigas|\n|poke|p2|Iron Hands|\n|poke|p2|Sinistcha-Masterpiece|\n|poke|p2|Ninetales-Alola, F|\n|poke|p2|Landorus-Therian, M|\n|teampreview\n|\n|t:|1695598878\n|start\n|switch|p1a: Dusclops|Dusclops, F|100\/100\n|switch|p1b: Armarouge|Armarouge, M|100\/100\n|switch|p2a: Hugo|Iron Hands|100\/100\n|switch|p2b: Harm|Landorus-Therian, M|100\/100\n|-ability|p2b: Harm|Intimidate|boost\n|-unboost|p1a: Dusclops|atk|1\n|-unboost|p1b: Armarouge|atk|1\n|-item|p2a: Hugo|Assault Vest|[from] ability: Frisk|[of] p1a: Dusclops|[identify]\n|-item|p2b: Harm|Choice Scarf|[from] ability: Frisk|[of] p1a: Dusclops|[identify]\n|turn|1\n|\n|t:|1695598892\n|switch|p1a: Indeedee|Indeedee-F, F|100\/100\n|-fieldstart|move: Psychic Terrain|[from] ability: Psychic Surge|[of] p1a: Indeedee\n|move|p2a: Hugo|Fake Out|p1b: Armarouge\n|-activate|p1b: Armarouge|move: Psychic Terrain\n|move|p2b: Harm|Rock Slide|p1b: Armarouge|[spread] p1a,p1b\n|-supereffective|p1b: Armarouge\n|-damage|p1a: Indeedee|69\/100\n|-damage|p1b: Armarouge|60\/100\n|move|p1b: Armarouge|Trick Room|p1b: Armarouge\n|-fieldstart|move: Trick Room|[of] p1b: Armarouge\n|\n|-heal|p1a: Indeedee|75\/100|[from] item: Leftovers\n|upkeep\n|turn|2\n|\n|t:|1695598931\n|switch|p2b: Blizz|Ninetales-Alola, F|100\/100\n|-weather|Snow|[from] ability: Snow Warning|[of] p2b: Blizz\n|move|p2a: Hugo|Wild Charge|p1b: Armarouge\n|-damage|p1b: Armarouge|19\/100\n|-damage|p2a: Hugo|93\/100|[from] Recoil\n|move|p1a: Indeedee|Expanding Force|p2b: Blizz|[spread] p2a,p2b\n|-supereffective|p2a: Hugo\n|-damage|p2a: Hugo|56\/100\n|-damage|p2b: Blizz|58\/100\n|move|p1b: Armarouge|Expanding Force|p2b: Blizz|[spread] p2a,p2b\n|-supereffective|p2a: Hugo\n|-damage|p2a: Hugo|0 fnt\n|-damage|p2b: Blizz|0 fnt\n|faint|p2a: Hugo\n|-end|p2a: Hugo|Quark Drive|[silent]\n|faint|p2b: Blizz\n|\n|-weather|Snow|[upkeep]\n|-heal|p1a: Indeedee|81\/100|[from] item: Leftovers\n|upkeep\n|\n|t:|1695598946\n|switch|p2a: Chug Jug|Sinistcha-Masterpiece|100\/100\n|switch|p2b: Harm|Landorus-Therian, M|100\/100\n|-ability|p2b: Harm|Intimidate|boost\n|-unboost|p1a: Indeedee|atk|1\n|-unboost|p1b: Armarouge|atk|1\n|turn|3\n|\n|t:|1695598965\n|move|p2a: Chug Jug|Scald|p1b: Armarouge\n|-supereffective|p1b: Armarouge\n|-damage|p1b: Armarouge|0 fnt\n|faint|p1b: Armarouge\n|move|p1a: Indeedee|Heal Pulse|p1: Armarouge|[notarget]\n|-fail|p1a: Indeedee\n|move|p2b: Harm|U-turn|p1a: Indeedee\n|-supereffective|p1a: Indeedee\n|-damage|p1a: Indeedee|3\/100\n|\n|t:|1695598973\n|switch|p2b: The Woah|Regigigas, shiny|100\/100|[from] U-turn\n|-start|p2b: The Woah|ability: Slow Start\n|\n|-weather|Snow|[upkeep]\n|-heal|p1a: Indeedee|9\/100|[from] item: Leftovers\n|upkeep\n|\n|t:|1695598979\n|switch|p1b: Ursaluna|Ursaluna-Bloodmoon, M|100\/100\n|turn|4\n|\n|t:|1695598985\n|move|p2b: The Woah|Protect|p2b: The Woah\n|-singleturn|p2b: The Woah|Protect\n|move|p1a: Indeedee|Follow Me|p1a: Indeedee\n|-singleturn|p1a: Indeedee|move: Follow Me\n|move|p1b: Ursaluna|Hyper Voice|p2a: Chug Jug|[spread] p2a\n|-activate|p2b: The Woah|move: Protect\n|-damage|p2a: Chug Jug|66\/100\n|-enditem|p1b: Ursaluna|Throat Spray\n|-boost|p1b: Ursaluna|spa|1|[from] item: Throat Spray\n|move|p2a: Chug Jug|Strength Sap|p1a: Indeedee\n|-unboost|p1a: Indeedee|atk|1\n|-heal|p2a: Chug Jug|87\/100\n|\n|-weather|Snow|[upkeep]\n|-heal|p1a: Indeedee|15\/100|[from] item: Leftovers\n|upkeep\n|turn|5\n|j| kitty teve\n|\n|t:|1695599005\n|-end|p2b: The Woah|Slow Start|[silent]\n|switch|p2b: Harm|Landorus-Therian, M|100\/100\n|-ability|p2b: Harm|Intimidate|boost\n|-unboost|p1a: Indeedee|atk|1\n|-unboost|p1b: Ursaluna|atk|1\n|move|p1a: Indeedee|Follow Me|p1a: Indeedee\n|-singleturn|p1a: Indeedee|move: Follow Me\n|move|p1b: Ursaluna|Blood Moon|p2b: Harm\n|-damage|p2b: Harm|0 fnt\n|faint|p2b: Harm\n|move|p2a: Chug Jug|Matcha Gotcha|p1b: Ursaluna|[spread] p1a,p1b\n|-supereffective|p1b: Ursaluna\n|-damage|p1a: Indeedee|0 fnt\n|-heal|p2a: Chug Jug|95\/100|[from] drain|[of] p1a: Indeedee\n|-damage|p1b: Ursaluna|45\/100\n|-heal|p2a: Chug Jug|100\/100|[from] drain|[of] p1b: Ursaluna\n|-status|p1b: Ursaluna|brn\n|faint|p1a: Indeedee\n|\n|-weather|Snow|[upkeep]\n|-damage|p1b: Ursaluna|39\/100 brn|[from] brn\n|-fieldend|move: Trick Room\n|-fieldend|move: Psychic Terrain\n|upkeep\n|\n|t:|1695599023\n|switch|p2b: The Woah|Regigigas, shiny|100\/100\n|switch|p1a: Amoonguss|Amoonguss, F|100\/100\n|-start|p2b: The Woah|ability: Slow Start\n|turn|6\n|\n|t:|1695599033\n|move|p2b: The Woah|Protect|p2b: The Woah\n|-singleturn|p2b: The Woah|Protect\n|move|p1a: Amoonguss|Rage Powder|p1a: Amoonguss\n|-singleturn|p1a: Amoonguss|move: Rage Powder\n|move|p2a: Chug Jug|Matcha Gotcha|p1b: Ursaluna|[spread] \n|-miss|p2a: Chug Jug|p1a: Amoonguss\n|-miss|p2a: Chug Jug|p1b: Ursaluna\n|move|p1b: Ursaluna|Focus Blast|p2b: The Woah\n|-activate|p2b: The Woah|move: Protect\n|\n|-weather|none\n|-damage|p1b: Ursaluna|33\/100 brn|[from] brn\n|upkeep\n|turn|7\n|\n|t:|1695599052\n|move|p1a: Amoonguss|Rage Powder|p1a: Amoonguss\n|-singleturn|p1a: Amoonguss|move: Rage Powder\n|move|p2a: Chug Jug|Matcha Gotcha|p1b: Ursaluna|[spread] p1a,p1b\n|-resisted|p1a: Amoonguss\n|-supereffective|p1b: Ursaluna\n|-damage|p1a: Amoonguss|95\/100\n|-damage|p1b: Ursaluna|0 fnt\n|faint|p1b: Ursaluna\n|move|p2b: The Woah|Return|p1a: Amoonguss\n|-damage|p1a: Amoonguss|61\/100\n|\n|-heal|p1a: Amoonguss|67\/100|[from] item: Leftovers\n|upkeep\n|\n|t:|1695599062\n|switch|p1b: Dusclops|Dusclops, F|100\/100\n|-item|p2a: Chug Jug|Rocky Helmet|[from] ability: Frisk|[of] p1b: Dusclops|[identify]\n|-item|p2b: The Woah|Leftovers|[from] ability: Frisk|[of] p1b: Dusclops|[identify]\n|turn|8\n|\n|t:|1695599074\n|switch|p2a: Doug|Weezing-Galar, M|100\/100\n|-ability|p2a: Doug|Neutralizing Gas\n|-end|p2b: The Woah|Slow Start|[silent]\n|move|p2b: The Woah|Protect|p2b: The Woah\n|-singleturn|p2b: The Woah|Protect\n|move|p1a: Amoonguss|Rage Powder|p1a: Amoonguss\n|-singleturn|p1a: Amoonguss|move: Rage Powder\n|move|p1b: Dusclops|Trick Room|p1b: Dusclops\n|-fieldstart|move: Trick Room|[of] p1b: Dusclops\n|\n|-heal|p1a: Amoonguss|73\/100|[from] item: Leftovers\n|upkeep\n|turn|9\n|\n|t:|1695599089\n|move|p1b: Dusclops|Night Shade|p2a: Doug\n|-damage|p2a: Doug|71\/100\n|move|p1a: Amoonguss|Spore|p2b: The Woah\n|-status|p2b: The Woah|slp|[from] move: Spore\n|move|p2a: Doug|Strange Steam|p1b: Dusclops\n|-damage|p1b: Dusclops|88\/100\n|cant|p2b: The Woah|slp\n|\n|-heal|p1a: Amoonguss|79\/100|[from] item: Leftovers\n|upkeep\n|turn|10\n|l| kitty teve\n|\n|t:|1695599108\n|move|p1b: Dusclops|Will-O-Wisp|p2a: Doug|[miss]\n|-miss|p1b: Dusclops|p2a: Doug\n|move|p1a: Amoonguss|Giga Drain|p2b: The Woah\n|-damage|p2b: The Woah|79\/100 slp\n|-heal|p1a: Amoonguss|90\/100|[from] drain|[of] p2b: The Woah\n|move|p2a: Doug|Will-O-Wisp|p1b: Dusclops\n|-status|p1b: Dusclops|brn\n|cant|p2b: The Woah|slp\n|\n|-heal|p1a: Amoonguss|96\/100|[from] item: Leftovers\n|-heal|p2b: The Woah|85\/100 slp|[from] item: Leftovers\n|-damage|p1b: Dusclops|82\/100 brn|[from] brn\n|upkeep\n|turn|11\n|\n|t:|1695599130\n|move|p1b: Dusclops|Will-O-Wisp|p2a: Doug\n|-status|p2a: Doug|brn\n|move|p1a: Amoonguss|Giga Drain|p2b: The Woah\n|-damage|p2b: The Woah|62\/100 slp\n|-heal|p1a: Amoonguss|100\/100|[from] drain|[of] p2b: The Woah\n|move|p2a: Doug|Will-O-Wisp|p1a: Amoonguss\n|-status|p1a: Amoonguss|brn\n|cant|p2b: The Woah|slp\n|\n|-heal|p2b: The Woah|68\/100 slp|[from] item: Leftovers\n|-damage|p1b: Dusclops|76\/100 brn|[from] brn\n|-damage|p1a: Amoonguss|94\/100 brn|[from] brn\n|-damage|p2a: Doug|65\/100 brn|[from] brn\n|upkeep\n|turn|12\n|\n|t:|1695599149\n|move|p2a: Doug|Protect|p2a: Doug\n|-singleturn|p2a: Doug|Protect\n|-curestatus|p2b: The Woah|slp|[msg]\n|move|p2b: The Woah|Protect|p2b: The Woah\n|-singleturn|p2b: The Woah|Protect\n|move|p1b: Dusclops|Night Shade|p2a: Doug\n|-activate|p2a: Doug|move: Protect\n|move|p1a: Amoonguss|Giga Drain|p2b: The Woah\n|-activate|p2b: The Woah|move: Protect\n|\n|-heal|p1a: Amoonguss|100\/100 brn|[from] item: Leftovers\n|-heal|p2b: The Woah|74\/100|[from] item: Leftovers\n|-damage|p1b: Dusclops|70\/100 brn|[from] brn\n|-damage|p1a: Amoonguss|94\/100 brn|[from] brn\n|-damage|p2a: Doug|59\/100 brn|[from] brn\n|-fieldend|move: Trick Room\n|upkeep\n|turn|13\n|\n|t:|1695599164\n|move|p1a: Amoonguss|Rage Powder|p1a: Amoonguss\n|-singleturn|p1a: Amoonguss|move: Rage Powder\n|move|p2b: The Woah|Knock Off|p1a: Amoonguss\n|-damage|p1a: Amoonguss|52\/100 brn\n|-enditem|p1a: Amoonguss|Leftovers|[from] move: Knock Off|[of] p2b: The Woah\n|move|p2a: Doug|Strange Steam|p1a: Amoonguss\n|-resisted|p1a: Amoonguss\n|-damage|p1a: Amoonguss|38\/100 brn\n|move|p1b: Dusclops|Trick Room|p1b: Dusclops\n|-fieldstart|move: Trick Room|[of] p1b: Dusclops\n|\n|-heal|p2b: The Woah|80\/100|[from] item: Leftovers\n|-damage|p1b: Dusclops|64\/100 brn|[from] brn\n|-damage|p1a: Amoonguss|32\/100 brn|[from] brn\n|-damage|p2a: Doug|53\/100 brn|[from] brn\n|upkeep\n|turn|14\n|j| kitty teve\n|\n|t:|1695599184\n|move|p2b: The Woah|Protect|p2b: The Woah\n|-singleturn|p2b: The Woah|Protect\n|move|p1b: Dusclops|Night Shade|p2a: Doug\n|-damage|p2a: Doug|23\/100 brn\n|move|p1a: Amoonguss|Spore|p2b: The Woah\n|-activate|p2b: The Woah|move: Protect\n|move|p2a: Doug|Strange Steam|p1b: Dusclops\n|-damage|p1b: Dusclops|50\/100 brn\n|\n|-heal|p2b: The Woah|86\/100|[from] item: Leftovers\n|-damage|p1b: Dusclops|44\/100 brn|[from] brn\n|-damage|p1a: Amoonguss|26\/100 brn|[from] brn\n|-damage|p2a: Doug|17\/100 brn|[from] brn\n|upkeep\n|turn|15\n|\n|t:|1695599202\n|-end|p2a: Doug|ability: Neutralizing Gas\n|-item|p2a: Doug|Rocky Helmet|[from] ability: Frisk|[of] p1b: Dusclops|[identify]\n|-item|p2b: The Woah|Leftovers|[from] ability: Frisk|[of] p1b: Dusclops|[identify]\n|-start|p2b: The Woah|ability: Slow Start\n|switch|p2a: Chug Jug|Sinistcha-Masterpiece|100\/100\n|-heal|p2b: The Woah|100\/100|[from] ability: Hospitality|[of] p2a: Chug Jug\n|move|p1b: Dusclops|Night Shade|p2a: Chug Jug\n|-damage|p2a: Chug Jug|72\/100\n|move|p1a: Amoonguss|Giga Drain|p2b: The Woah\n|-damage|p2b: The Woah|78\/100\n|-heal|p1a: Amoonguss|36\/100 brn|[from] drain|[of] p2b: The Woah\n|move|p2b: The Woah|Knock Off|p1b: Dusclops\n|-supereffective|p1b: Dusclops\n|-damage|p1b: Dusclops|18\/100 brn\n|-enditem|p1b: Dusclops|Eviolite|[from] move: Knock Off|[of] p2b: The Woah\n|\n|-heal|p2b: The Woah|84\/100|[from] item: Leftovers\n|-damage|p1b: Dusclops|12\/100 brn|[from] brn\n|-damage|p1a: Amoonguss|30\/100 brn|[from] brn\n|upkeep\n|turn|16\n|l| kitty teve\n|\n|t:|1695599230\n|move|p2b: The Woah|Protect|p2b: The Woah\n|-singleturn|p2b: The Woah|Protect\n|move|p1b: Dusclops|Pain Split|p2a: Chug Jug\n|-sethp|p2a: Chug Jug|41\/100|[from] move: Pain Split|[silent]\n|-sethp|p1b: Dusclops|49\/100 brn|[from] move: Pain Split\n|move|p1a: Amoonguss|Spore|p2b: The Woah\n|-activate|p2b: The Woah|move: Protect\n|move|p2a: Chug Jug|Matcha Gotcha|p1a: Amoonguss|[spread] p1a,p1b\n|-resisted|p1a: Amoonguss\n|-damage|p1a: Amoonguss|25\/100 brn\n|-heal|p2a: Chug Jug|44\/100|[from] drain|[of] p1a: Amoonguss\n|-damage|p1b: Dusclops|32\/100 brn\n|-heal|p2a: Chug Jug|52\/100|[from] drain|[of] p1b: Dusclops\n|\n|-heal|p2b: The Woah|91\/100|[from] item: Leftovers\n|-damage|p1b: Dusclops|26\/100 brn|[from] brn\n|-damage|p1a: Amoonguss|19\/100 brn|[from] brn\n|upkeep\n|turn|17\n|\n|t:|1695599252\n|-end|p2b: The Woah|Slow Start|[silent]\n|switch|p2b: Doug|Weezing-Galar, M|17\/100 brn\n|-ability|p2b: Doug|Neutralizing Gas\n|move|p1b: Dusclops|Pain Split|p2b: Doug\n|-sethp|p2b: Doug|19\/100 brn|[from] move: Pain Split|[silent]\n|-sethp|p1b: Dusclops|23\/100 brn|[from] move: Pain Split\n|move|p1a: Amoonguss|Spore||[still]\n|-fail|p1a: Amoonguss\n|move|p2a: Chug Jug|Strength Sap|p1a: Amoonguss\n|-unboost|p1a: Amoonguss|atk|1\n|-heal|p2a: Chug Jug|97\/100\n|\n|-damage|p1b: Dusclops|17\/100 brn|[from] brn\n|-damage|p1a: Amoonguss|13\/100 brn|[from] brn\n|-damage|p2b: Doug|13\/100 brn|[from] brn\n|-fieldend|move: Trick Room\n|upkeep\n|turn|18\n|\n|t:|1695599272\n|move|p1a: Amoonguss|Rage Powder|p1a: Amoonguss\n|-singleturn|p1a: Amoonguss|move: Rage Powder\n|move|p2a: Chug Jug|Matcha Gotcha|p1a: Amoonguss|[spread] p1a,p1b\n|-resisted|p1a: Amoonguss\n|-damage|p1a: Amoonguss|7\/100 brn\n|-heal|p2a: Chug Jug|100\/100|[from] drain|[of] p1a: Amoonguss\n|-damage|p1b: Dusclops|0 fnt\n|faint|p1b: Dusclops\n|move|p2b: Doug|Strange Steam|p1a: Amoonguss\n|-resisted|p1a: Amoonguss\n|-damage|p1a: Amoonguss|0 fnt\n|faint|p1a: Amoonguss\n|\n|-damage|p2b: Doug|7\/100 brn|[from] brn\n|upkeep\n|\n|t:|1695599278\n|switch|p1b: Conkeldurr|Conkeldurr, F|100\/100\n|turn|19\n|\n|t:|1695599293\n|move|p1b: Conkeldurr|Protect|p1b: Conkeldurr\n|-singleturn|p1b: Conkeldurr|Protect\n|move|p2a: Chug Jug|Strength Sap|p1b: Conkeldurr\n|-activate|p1b: Conkeldurr|move: Protect\n|move|p2b: Doug|Strange Steam|p1b: Conkeldurr\n|-activate|p1b: Conkeldurr|move: Protect\n|\n|-damage|p2b: Doug|1\/100 brn|[from] brn\n|-status|p1b: Conkeldurr|brn|[from] item: Flame Orb\n|upkeep\n|turn|20\n|\n|t:|1695599306\n|move|p1b: Conkeldurr|Protect||[still]\n|-fail|p1b: Conkeldurr\n|move|p2a: Chug Jug|Strength Sap|p1b: Conkeldurr\n|-unboost|p1b: Conkeldurr|atk|1\n|move|p2b: Doug|Strange Steam|p1b: Conkeldurr|[miss]\n|-miss|p2b: Doug|p1b: Conkeldurr\n|\n|-damage|p2b: Doug|0 fnt|[from] brn\n|faint|p2b: Doug\n|-end|p2b: Doug|ability: Neutralizing Gas\n|-damage|p1b: Conkeldurr|94\/100 brn|[from] brn\n|upkeep\n|\n|t:|1695599314\n|switch|p2b: The Woah|Regigigas, shiny|91\/100\n|-start|p2b: The Woah|ability: Slow Start\n|turn|21\n|\n|t:|1695599326\n|-terastallize|p1b: Conkeldurr|Fighting\n|-terastallize|p2b: The Woah|Ghost\n|move|p2a: Chug Jug|Strength Sap|p1b: Conkeldurr\n|-unboost|p1b: Conkeldurr|atk|1\n|move|p1b: Conkeldurr|Drain Punch|p2b: The Woah\n|-immune|p2b: The Woah\n|move|p2b: The Woah|Return|p1b: Conkeldurr\n|-damage|p1b: Conkeldurr|69\/100 brn\n|\n|-heal|p2b: The Woah|97\/100|[from] item: Leftovers\n|-damage|p1b: Conkeldurr|63\/100 brn|[from] brn\n|upkeep\n|turn|22\n|\n|t:|1695599341\n|move|p2b: The Woah|Protect|p2b: The Woah\n|-singleturn|p2b: The Woah|Protect\n|move|p2a: Chug Jug|Matcha Gotcha|p1b: Conkeldurr\n|-damage|p1b: Conkeldurr|22\/100 brn\n|move|p1b: Conkeldurr|Rock Slide|p2a: Chug Jug|[spread] p2a\n|-activate|p2b: The Woah|move: Protect\n|-damage|p2a: Chug Jug|83\/100\n|\n|-heal|p2b: The Woah|100\/100|[from] item: Leftovers\n|-damage|p1b: Conkeldurr|15\/100 brn|[from] brn\n|upkeep\n|turn|23\n|-message|neweternal84 forfeited.\n|\n|win|AceofJades39\n|raw|neweternal84's rating: 1278 &rarr; <strong>1246<\/strong><br \/>(-32 for losing)\n|raw|AceofJades39's rating: 1185 &rarr; <strong>1217<\/strong><br \/>(+32 for winning)\n|l|\u2606neweternal84\n","uploadtime":1695599359,"views":15,"p1id":"neweternal84","p2id":"aceofjades39","formatid":"gen9nationaldexdoubles","rating":1217,"private":0,"password":""}