{"id":"gen9nationaldexdoubles-1989667198","p1":"kngofducks123","p2":"aomega1","format":"[Gen 9] National Dex Doubles","log":"|j|\u2606kngofducks123\n|j|\u2606aomega1\n|t:|1699884965\n|gametype|doubles\n|player|p1|kngofducks123|2|1000\n|player|p2|aomega1|170|1000\n|teamsize|p1|6\n|teamsize|p2|6\n|gen|9\n|tier|[Gen 9] National Dex Doubles\n|rated|\n|rule|HP Percentage Mod: HP is shown in percentages\n|rule|Endless Battle Clause: Forcing endless battles is banned\n|rule|OHKO Clause: OHKO moves are banned\n|rule|Evasion Moves Clause: Evasion moves are banned\n|rule|Evasion Abilities Clause: Evasion abilities are banned\n|rule|Species Clause: Limit one of each Pok\u00e9mon\n|rule|Gravity Sleep Clause: The combination of sleep-inducing moves with imperfect accuracy and Gravity or Gigantamax Orbeetle are banned\n|clearpoke\n|poke|p1|Zapdos|\n|poke|p1|Garchomp, M|\n|poke|p1|Iron Bundle|\n|poke|p1|Tornadus, M|\n|poke|p1|Heatran, M|\n|poke|p1|Iron Hands|\n|poke|p2|Reuniclus, M|\n|poke|p2|Heatran, M|\n|poke|p2|Camerupt, F|\n|poke|p2|Clefable, M|\n|poke|p2|Avalugg, M|\n|poke|p2|Escavalier, M|\n|teampreview\n|inactive|Battle timer is ON: inactive players will automatically lose when time's up. (requested by kngofducks123)\n|\n|t:|1699884972\n|start\n|switch|p1a: Iron Bundle|Iron Bundle|100\/100\n|switch|p1b: Tornadus|Tornadus, M|100\/100\n|switch|p2a: Clefable|Clefable, M|100\/100\n|switch|p2b: Reuniclus|Reuniclus, M|100\/100\n|turn|1\n|\n|t:|1699884987\n|move|p2a: Clefable|Follow Me|p2a: Clefable\n|-singleturn|p2a: Clefable|move: Follow Me\n|move|p1b: Tornadus|Tailwind|p1b: Tornadus\n|-sidestart|p1: kngofducks123|move: Tailwind\n|move|p1a: Iron Bundle|Flip Turn|p2a: Clefable\n|-damage|p2a: Clefable|80\/100\n|\n|t:|1699884995\n|-end|p1a: Iron Bundle|Quark Drive|[silent]\n|switch|p1a: Zapdos|Zapdos|100\/100|[from] Flip Turn\n|move|p2b: Reuniclus|Trick Room|p2b: Reuniclus\n|-fieldstart|move: Trick Room|[of] p2b: Reuniclus\n|\n|-heal|p2a: Clefable|87\/100|[from] item: Leftovers\n|upkeep\n|turn|2\n|\n|t:|1699885015\n|-terastallize|p2b: Reuniclus|Psychic\n|move|p2b: Reuniclus|Psyshock|p1a: Zapdos\n|-damage|p1a: Zapdos|4\/100\n|move|p2a: Clefable|Encore|p1b: Tornadus\n|-start|p1b: Tornadus|Encore\n|move|p1a: Zapdos|Thunderbolt|p2b: Reuniclus\n|-damage|p2b: Reuniclus|40\/100\n|-damage|p1a: Zapdos|0 fnt|[from] item: Life Orb\n|faint|p1a: Zapdos\n|move|p1b: Tornadus|Tailwind||[still]\n|-fail|p1b: Tornadus\n|\n|-heal|p2a: Clefable|93\/100|[from] item: Leftovers\n|upkeep\n|\n|t:|1699885030\n|switch|p1a: Garchomp|Garchomp, M|100\/100\n|turn|3\n|\n|t:|1699885048\n|switch|p1a: Heatran|Heatran, M|100\/100\n|switch|p1b: Iron Bundle|Iron Bundle|100\/100\n|move|p2b: Reuniclus|Psyshock|p1a: Heatran\n|-resisted|p1a: Heatran\n|-damage|p1a: Heatran|67\/100\n|move|p2a: Clefable|Moonblast|p1a: Heatran\n|-resisted|p1a: Heatran\n|-damage|p1a: Heatran|61\/100\n|\n|-heal|p2a: Clefable|99\/100|[from] item: Leftovers\n|-heal|p1a: Heatran|67\/100|[from] item: Leftovers\n|upkeep\n|turn|4\n|inactive|aomega1 has 120 seconds left.\n|\n|t:|1699885083\n|switch|p2a: Heatran|Heatran, M|100\/100\n|-item|p2a: Heatran|Air Balloon\n|move|p2b: Reuniclus|Focus Blast|p1b: Iron Bundle|[miss]\n|-miss|p2b: Reuniclus|p1b: Iron Bundle\n|move|p1a: Heatran|Stealth Rock|p2b: Reuniclus\n|-sidestart|p2: aomega1|move: Stealth Rock\n|move|p1b: Iron Bundle|Hydro Pump|p2b: Reuniclus\n|-damage|p2b: Reuniclus|0 fnt\n|faint|p2b: Reuniclus\n|\n|-heal|p1a: Heatran|73\/100|[from] item: Leftovers\n|-sideend|p1: kngofducks123|move: Tailwind\n|upkeep\n|inactive|aomega1 has 120 seconds left.\n|\n|t:|1699885094\n|switch|p2b: Camerupt|Camerupt, F|100\/100\n|-damage|p2b: Camerupt|88\/100|[from] Stealth Rock\n|turn|5\n|\n|t:|1699885109\n|switch|p1a: Tornadus|Tornadus, M|100\/100\n|detailschange|p2b: Camerupt|Camerupt-Mega, F\n|-mega|p2b: Camerupt|Camerupt|Cameruptite\n|move|p2b: Camerupt|Earth Power|p1a: Tornadus\n|-immune|p1a: Tornadus\n|move|p2a: Heatran|Flash Cannon|p1b: Iron Bundle\n|-damage|p1b: Iron Bundle|8\/100\n|move|p1b: Iron Bundle|Hydro Pump|p2b: Camerupt\n|-supereffective|p2b: Camerupt\n|-damage|p2b: Camerupt|0 fnt\n|faint|p2b: Camerupt\n|\n|-heal|p1b: Iron Bundle|14\/100|[from] item: Leftovers\n|-fieldend|move: Trick Room\n|upkeep\n|\n|t:|1699885122\n|switch|p2b: Avalugg|Avalugg, M|100\/100\n|-damage|p2b: Avalugg|76\/100|[from] Stealth Rock\n|turn|6\n|\n|t:|1699885133\n|move|p1a: Tornadus|Tailwind|p1a: Tornadus\n|-sidestart|p1: kngofducks123|move: Tailwind\n|move|p1b: Iron Bundle|Flip Turn|p2a: Heatran\n|-supereffective|p2a: Heatran\n|-damage|p2a: Heatran|69\/100\n|-enditem|p2a: Heatran|Air Balloon\n|\n|t:|1699885142\n|-end|p1b: Iron Bundle|Quark Drive|[silent]\n|switch|p1b: Iron Hands|Iron Hands|100\/100|[from] Flip Turn\n|move|p2a: Heatran|Magma Storm|p1a: Tornadus|[miss]\n|-miss|p2a: Heatran|p1a: Tornadus\n|move|p2b: Avalugg|Rapid Spin|p1b: Iron Hands\n|-damage|p1b: Iron Hands|90\/100\n|-boost|p2b: Avalugg|spe|1\n|-sideend|p2: aomega1|Stealth Rock|[from] move: Rapid Spin|[of] p2b: Avalugg\n|\n|-heal|p2b: Avalugg|82\/100|[from] item: Leftovers\n|upkeep\n|turn|7\n|inactive|kngofducks123 has 120 seconds left.\n|\n|t:|1699885179\n|switch|p2a: Clefable|Clefable, M|99\/100\n|move|p1a: Tornadus|Knock Off|p2b: Avalugg\n|-damage|p2b: Avalugg|70\/100\n|-enditem|p2b: Avalugg|Leftovers|[from] move: Knock Off|[of] p1a: Tornadus\n|move|p1b: Iron Hands|Close Combat|p2a: Clefable\n|-resisted|p2a: Clefable\n|-damage|p2a: Clefable|56\/100\n|-unboost|p1b: Iron Hands|def|1\n|-unboost|p1b: Iron Hands|spd|1\n|move|p2b: Avalugg|Iron Defense|p2b: Avalugg\n|-boost|p2b: Avalugg|def|2\n|\n|-heal|p2a: Clefable|62\/100|[from] item: Leftovers\n|upkeep\n|turn|8\n|inactive|kngofducks123 has 120 seconds left.\n|inactive|aomega1 has 120 seconds left.\n|\n|t:|1699885224\n|switch|p2a: Heatran|Heatran, M|69\/100\n|move|p1a: Tornadus|U-turn|p2a: Heatran\n|-resisted|p2a: Heatran\n|-damage|p2a: Heatran|65\/100\n|\n|t:|1699885231\n|switch|p1a: Iron Bundle|Iron Bundle|14\/100|[from] U-turn\n|move|p1b: Iron Hands|Close Combat|p2b: Avalugg\n|-supereffective|p2b: Avalugg\n|-damage|p2b: Avalugg|42\/100\n|-unboost|p1b: Iron Hands|def|1\n|-unboost|p1b: Iron Hands|spd|1\n|move|p2b: Avalugg|Avalanche|p1a: Iron Bundle\n|-resisted|p1a: Iron Bundle\n|-damage|p1a: Iron Bundle|5\/100\n|\n|-heal|p1a: Iron Bundle|11\/100|[from] item: Leftovers\n|upkeep\n|turn|9\n|inactive|kngofducks123 has 120 seconds left.\n|\n|t:|1699885255\n|switch|p2a: Clefable|Clefable, M|62\/100\n|move|p1a: Iron Bundle|Hydro Pump|p2b: Avalugg|[miss]\n|-miss|p1a: Iron Bundle|p2b: Avalugg\n|move|p1b: Iron Hands|Close Combat|p2a: Clefable\n|-resisted|p2a: Clefable\n|-damage|p2a: Clefable|20\/100\n|-unboost|p1b: Iron Hands|def|1\n|-unboost|p1b: Iron Hands|spd|1\n|move|p2b: Avalugg|Body Press|p1b: Iron Hands\n|-damage|p1b: Iron Hands|0 fnt\n|faint|p1b: Iron Hands\n|-end|p1b: Iron Hands|Quark Drive|[silent]\n|\n|-heal|p1a: Iron Bundle|17\/100|[from] item: Leftovers\n|-heal|p2a: Clefable|26\/100|[from] item: Leftovers\n|-sideend|p1: kngofducks123|move: Tailwind\n|upkeep\n|\n|t:|1699885274\n|switch|p1b: Garchomp|Garchomp, M|100\/100\n|turn|10\n|inactive|kngofducks123 has 120 seconds left.\n|\n|t:|1699885283\n|move|p2a: Clefable|Follow Me|p2a: Clefable\n|-singleturn|p2a: Clefable|move: Follow Me\n|move|p1a: Iron Bundle|Hydro Pump|p2a: Clefable\n|-damage|p2a: Clefable|0 fnt\n|faint|p2a: Clefable\n|move|p1b: Garchomp|Iron Head|p2b: Avalugg\n|-supereffective|p2b: Avalugg\n|-damage|p2b: Avalugg|30\/100\n|cant|p2b: Avalugg|flinch\n|\n|-heal|p1a: Iron Bundle|23\/100|[from] item: Leftovers\n|upkeep\n|\n|t:|1699885294\n|switch|p2a: Escavalier|Escavalier, M|100\/100\n|turn|11\n|\n|t:|1699885310\n|-terastallize|p1b: Garchomp|Dragon\n|move|p1a: Iron Bundle|Hydro Pump|p2b: Avalugg\n|-damage|p2b: Avalugg|0 fnt\n|faint|p2b: Avalugg\n|move|p1b: Garchomp|Dragon Claw|p2a: Escavalier\n|-resisted|p2a: Escavalier\n|-damage|p2a: Escavalier|75\/100\n|move|p2a: Escavalier|Close Combat|p1b: Garchomp\n|-damage|p1b: Garchomp|26\/100\n|-unboost|p2a: Escavalier|def|1\n|-unboost|p2a: Escavalier|spd|1\n|-damage|p2a: Escavalier|63\/100|[from] ability: Rough Skin|[of] p1b: Garchomp\n|\n|-heal|p1a: Iron Bundle|29\/100|[from] item: Leftovers\n|-heal|p1b: Garchomp|32\/100|[from] item: Leftovers\n|upkeep\n|\n|t:|1699885320\n|switch|p2b: Heatran|Heatran, M|65\/100\n|turn|12\n|\n|t:|1699885330\n|move|p1a: Iron Bundle|Hydro Pump|p2a: Escavalier\n|-damage|p2a: Escavalier|0 fnt\n|faint|p2a: Escavalier\n|move|p1b: Garchomp|Earthquake|p2b: Heatran|[spread] p1a,p2b\n|-supereffective|p2b: Heatran\n|-damage|p1a: Iron Bundle|0 fnt\n|-damage|p2b: Heatran|0 fnt\n|faint|p1a: Iron Bundle\n|-end|p1a: Iron Bundle|Quark Drive|[silent]\n|faint|p2b: Heatran\n|\n|win|kngofducks123\n|raw|kngofducks123's rating: 1000 &rarr; <strong>1040<\/strong><br \/>(+40 for winning)\n|raw|aomega1's rating: 1000 &rarr; <strong>1000<\/strong><br \/>(+0 for losing)\n|l|\u2606aomega1\n","uploadtime":1699885342,"views":6,"p1id":"kngofducks123","p2id":"aomega1","formatid":"gen9nationaldexdoubles","rating":1000,"private":0,"password":""}