{"id":"gen9nationaldexdoubles-1978291237","p1":"TheRealQuaxlyYT","p2":"Careytheicon","format":"[Gen 9] National Dex Doubles","log":"|j|\u2606TheRealQuaxlyYT\n|j|\u2606Careytheicon\n|t:|1698521554\n|gametype|doubles\n|player|p1|TheRealQuaxlyYT|clown|1000\n|player|p2|Careytheicon|lucy|1077\n|teamsize|p1|3\n|teamsize|p2|6\n|gen|9\n|tier|[Gen 9] National Dex Doubles\n|rated|\n|rule|HP Percentage Mod: HP is shown in percentages\n|rule|Endless Battle Clause: Forcing endless battles is banned\n|rule|OHKO Clause: OHKO moves are banned\n|rule|Evasion Moves Clause: Evasion moves are banned\n|rule|Evasion Abilities Clause: Evasion abilities are banned\n|rule|Species Clause: Limit one of each Pok\u00e9mon\n|rule|Gravity Sleep Clause: The combination of sleep-inducing moves with imperfect accuracy and Gravity or Gigantamax Orbeetle are banned\n|clearpoke\n|poke|p1|Ceruledge, M|\n|poke|p1|Grimmsnarl, M|\n|poke|p1|Blacephalon|\n|poke|p2|Shuckle, M|\n|poke|p2|Runerigus, M|\n|poke|p2|Malamar, M|\n|poke|p2|Victini|\n|poke|p2|Comfey, F|\n|poke|p2|Jirachi|\n|teampreview\n|inactive|Battle timer is ON: inactive players will automatically lose when time's up. (requested by Careytheicon)\n|\n|t:|1698521570\n|start\n|switch|p1a: Ceruledge|Ceruledge, M|100\/100\n|switch|p1b: Grimmsnarl|Grimmsnarl, M|100\/100\n|switch|p2a: Shuckle|Shuckle, M|100\/100\n|switch|p2b: Roxxx|Runerigus, M, shiny|100\/100\n|-item|p2a: Shuckle|Sitrus Berry|[from] ability: Frisk|[of] p1b: Grimmsnarl|[identify]\n|-item|p2b: Roxxx|Sitrus Berry|[from] ability: Frisk|[of] p1b: Grimmsnarl|[identify]\n|turn|1\n|inactive|TheRealQuaxlyYT has 120 seconds left.\n|\n|t:|1698521604\n|move|p1a: Ceruledge|Poltergeist|p2b: Roxxx\n|-activate|p2b: Roxxx|move: Poltergeist|Sitrus Berry\n|-supereffective|p2b: Roxxx\n|-damage|p2b: Roxxx|0 fnt\n|faint|p2b: Roxxx\n|-damage|p1a: Ceruledge|91\/100|[from] item: Life Orb\n|move|p1b: Grimmsnarl|Light Screen|p1b: Grimmsnarl\n|-sidestart|p1: TheRealQuaxlyYT|move: Light Screen\n|move|p2a: Shuckle|Sticky Web|p1a: Ceruledge\n|-sidestart|p1: TheRealQuaxlyYT|move: Sticky Web\n|\n|upkeep\n|inactive|Careytheicon has 120 seconds left.\n|\n|t:|1698521628\n|switch|p2b: Jirachi|Jirachi|100\/100\n|turn|2\n|\n|t:|1698521655\n|move|p1a: Ceruledge|Protect|p1a: Ceruledge\n|-singleturn|p1a: Ceruledge|Protect\n|move|p2b: Jirachi|Ancient Power|p1a: Ceruledge\n|-activate|p1a: Ceruledge|move: Protect\n|move|p1b: Grimmsnarl|Reflect|p1b: Grimmsnarl\n|-sidestart|p1: TheRealQuaxlyYT|Reflect\n|move|p2a: Shuckle|Toxic|p1b: Grimmsnarl\n|-status|p1b: Grimmsnarl|tox\n|\n|-damage|p1b: Grimmsnarl|94\/100 tox|[from] psn\n|upkeep\n|turn|3\n|inactive|TheRealQuaxlyYT has 120 seconds left.\n|\n|t:|1698521712\n|move|p2b: Jirachi|Ancient Power|p1a: Ceruledge\n|-supereffective|p1a: Ceruledge\n|-damage|p1a: Ceruledge|67\/100\n|move|p1a: Ceruledge|Poltergeist|p2b: Jirachi\n|-activate|p2b: Jirachi|move: Poltergeist|Sitrus Berry\n|-supereffective|p2b: Jirachi\n|-damage|p2b: Jirachi|0 fnt\n|faint|p2b: Jirachi\n|-damage|p1a: Ceruledge|57\/100|[from] item: Life Orb\n|move|p1b: Grimmsnarl|Parting Shot|p2a: Shuckle\n|-boost|p2a: Shuckle|atk|1\n|-boost|p2a: Shuckle|spa|1\n|inactive|TheRealQuaxlyYT has 90 seconds left.\n|\n|t:|1698521730\n|switch|p1b: Blacephalon|Blacephalon|100\/100|[from] Parting Shot\n|-activate|p1b: Blacephalon|move: Sticky Web\n|-unboost|p1b: Blacephalon|spe|1\n|move|p2a: Shuckle|Toxic|p1a: Ceruledge\n|-status|p1a: Ceruledge|tox\n|\n|-damage|p1a: Ceruledge|51\/100 tox|[from] psn\n|upkeep\n|\n|t:|1698521749\n|switch|p2b: Victini|Victini|100\/100\n|turn|4\n|inactive|TheRealQuaxlyYT has 90 seconds left.\n|\n|t:|1698521775\n|-terastallize|p2b: Victini|Dark\n|move|p1a: Ceruledge|Protect|p1a: Ceruledge\n|-singleturn|p1a: Ceruledge|Protect\n|move|p2b: Victini|Skill Swap|p1b: Blacephalon\n|-activate|p2b: Victini|move: Skill Swap|Beast Boost|Victory Star|[of] p1b: Blacephalon\n|move|p1b: Blacephalon|Taunt|p2a: Shuckle\n|-start|p2a: Shuckle|move: Taunt\n|move|p2a: Shuckle|Infestation|p1b: Blacephalon\n|-resisted|p1b: Blacephalon\n|-damage|p1b: Blacephalon|99\/100\n|-activate|p1b: Blacephalon|move: Infestation|[of] p2a: Shuckle\n|\n|-damage|p1a: Ceruledge|38\/100 tox|[from] psn\n|-damage|p1b: Blacephalon|88\/100|[from] move: Infestation|[partiallytrapped]\n|upkeep\n|turn|5\n|inactive|Careytheicon has 120 seconds left.\n|\n|t:|1698521810\n|move|p2b: Victini|Skill Swap|p2a: Shuckle\n|-activate|p2b: Victini|move: Skill Swap|||[of] p2a: Shuckle\n|move|p1a: Ceruledge|Poltergeist|p2b: Victini\n|-activate|p2b: Victini|move: Poltergeist|Red Card\n|-resisted|p2b: Victini\n|-damage|p2b: Victini|67\/100\n|-enditem|p2b: Victini|Red Card|[of] p1a: Ceruledge\n|drag|p1a: Grimmsnarl|Grimmsnarl, M|94\/100 tox\n|-activate|p1a: Grimmsnarl|move: Sticky Web\n|-unboost|p1a: Grimmsnarl|spe|1\n|-item|p2a: Shuckle|Sitrus Berry|[from] ability: Frisk|[of] p1a: Grimmsnarl|[identify]\n|move|p1b: Blacephalon|Mind Blown|p2a: Shuckle|[spread] p1a,p2a,p2b\n|-damage|p1a: Grimmsnarl|68\/100 tox\n|-damage|p2a: Shuckle|49\/100\n|-damage|p2b: Victini|14\/100\n|-damage|p1b: Blacephalon|37\/100|[from] mindblown\n|-enditem|p2a: Shuckle|Sitrus Berry|[eat]\n|-heal|p2a: Shuckle|74\/100|[from] item: Sitrus Berry\n|move|p2a: Shuckle|Infestation|p1a: Grimmsnarl\n|-damage|p1a: Grimmsnarl|66\/100 tox\n|-activate|p1a: Grimmsnarl|move: Infestation|[of] p2a: Shuckle\n|\n|-damage|p1a: Grimmsnarl|60\/100 tox|[from] psn\n|-damage|p1b: Blacephalon|25\/100|[from] move: Infestation|[partiallytrapped]\n|-damage|p1a: Grimmsnarl|47\/100 tox|[from] move: Infestation|[partiallytrapped]\n|upkeep\n|turn|6\n|inactive|Careytheicon has 120 seconds left.\n|inactive|TheRealQuaxlyYT has 90 seconds left.\n|\n|t:|1698521858\n|move|p2b: Victini|V-create|p1b: Blacephalon\n|-resisted|p1b: Blacephalon\n|-damage|p1b: Blacephalon|0 fnt\n|-boost|p2b: Victini|spe|1\n|-boost|p2b: Victini|def|1\n|-boost|p2b: Victini|spd|1\n|faint|p1b: Blacephalon\n|move|p2a: Shuckle|Infestation|p1a: Grimmsnarl\n|-damage|p1a: Grimmsnarl|46\/100 tox\n|move|p1a: Grimmsnarl|Parting Shot|p2b: Victini\n|-boost|p2b: Victini|atk|1\n|-boost|p2b: Victini|spa|1\n|c|\u2606Careytheicon|lol\n|\n|t:|1698521870\n|switch|p1a: Ceruledge|Ceruledge, M|38\/100 tox|[from] Parting Shot\n|-activate|p1a: Ceruledge|move: Sticky Web\n|-unboost|p1a: Ceruledge|spe|1\n|\n|-damage|p1a: Ceruledge|32\/100 tox|[from] psn\n|-end|p2a: Shuckle|move: Taunt\n|upkeep\n|c|\u2606Careytheicon|thx\n|\n|t:|1698521880\n|switch|p1b: Grimmsnarl|Grimmsnarl, M|46\/100 tox\n|-activate|p1b: Grimmsnarl|move: Sticky Web\n|-unboost|p1b: Grimmsnarl|spe|1\n|turn|7\n|inactive|TheRealQuaxlyYT has 90 seconds left.\n|inactive|TheRealQuaxlyYT has 60 seconds left.\n|\n|t:|1698521929\n|move|p2b: Victini|Bolt Strike|p1a: Ceruledge\n|-damage|p1a: Ceruledge|0 fnt\n|faint|p1a: Ceruledge\n|move|p2a: Shuckle|Infestation|p1b: Grimmsnarl\n|-damage|p1b: Grimmsnarl|44\/100 tox\n|-activate|p1b: Grimmsnarl|move: Infestation|[of] p2a: Shuckle\n|move|p1b: Grimmsnarl|Fling|p2b: Victini\n|-resisted|p2b: Victini\n|-damage|p2b: Victini|10\/100\n|-enditem|p1b: Grimmsnarl|Light Clay|[from] move: Fling\n|\n|-damage|p1b: Grimmsnarl|38\/100 tox|[from] psn\n|-damage|p1b: Grimmsnarl|26\/100 tox|[from] move: Infestation|[partiallytrapped]\n|upkeep\n|turn|8\n|inactive|TheRealQuaxlyYT has 60 seconds left.\n|-message|TheRealQuaxlyYT forfeited.\n|\n|win|Careytheicon\n|raw|TheRealQuaxlyYT's rating: 1000 &rarr; <strong>1000<\/strong><br \/>(+0 for losing)\n|raw|Careytheicon's rating: 1077 &rarr; <strong>1099<\/strong><br \/>(+22 for winning)\n|l|\u2606TheRealQuaxlyYT\n","uploadtime":1698521959,"views":6,"p1id":"therealquaxlyyt","p2id":"careytheicon","formatid":"gen9nationaldexdoubles","rating":1000,"private":0,"password":""}