{"id":"gen9nationaldexdoubles-1959680686","p1":"dsrgsdfg dfgf","p2":"Missignozero","format":"[Gen 9] National Dex Doubles","log":"|j|\u2606dsrgsdfg dfgf\n|j|\u2606Missignozero\n|t:|1696446480\n|gametype|doubles\n|player|p1|dsrgsdfg dfgf|lucas|1000\n|player|p2|Missignozero|veteran|1125\n|teamsize|p1|6\n|teamsize|p2|6\n|gen|9\n|tier|[Gen 9] National Dex Doubles\n|rated|\n|rule|HP Percentage Mod: HP is shown in percentages\n|rule|Endless Battle Clause: Forcing endless battles is banned\n|rule|OHKO Clause: OHKO moves are banned\n|rule|Evasion Moves Clause: Evasion moves are banned\n|rule|Evasion Abilities Clause: Evasion abilities are banned\n|rule|Species Clause: Limit one of each Pok\u00e9mon\n|rule|Gravity Sleep Clause: The combination of sleep-inducing moves with imperfect accuracy and Gravity or Gigantamax Orbeetle are banned\n|clearpoke\n|poke|p1|Indeedee-F, F|\n|poke|p1|Oranguru, F|\n|poke|p1|Glastrier|\n|poke|p1|Hoopa-Unbound|\n|poke|p1|Ursaluna, M|\n|poke|p1|Zygarde|\n|poke|p2|Shiftry, M|\n|poke|p2|Grimmsnarl, M|\n|poke|p2|Regigigas|\n|poke|p2|Eevee, M|\n|poke|p2|Medicham, F|\n|poke|p2|Murkrow, M|\n|teampreview\n|\n|t:|1696446488\n|start\n|switch|p1a: Hoopa|Hoopa-Unbound|100\/100\n|switch|p1b: Zygarde|Zygarde|100\/100\n|switch|p2a: Regigigas|Regigigas|100\/100\n|switch|p2b: Medicham|Medicham, F|100\/100\n|-start|p2a: Regigigas|ability: Slow Start\n|-ability|p1b: Zygarde|Aura Break\n|turn|1\n|inactive|Battle timer is ON: inactive players will automatically lose when time's up. (requested by dsrgsdfg dfgf)\n|\n|t:|1696446511\n|-terastallize|p2a: Regigigas|Normal\n|move|p2b: Medicham|Skill Swap|p2a: Regigigas\n|-activate|p2b: Medicham|move: Skill Swap|||[of] p2a: Regigigas\n|-end|p2a: Regigigas|Slow Start|[silent]\n|-start|p2b: Medicham|ability: Slow Start\n|move|p2a: Regigigas|Return|p1b: Zygarde\n|-damage|p1b: Zygarde|0 fnt\n|faint|p1b: Zygarde\n|move|p1a: Hoopa|Trick Room|p1a: Hoopa\n|-fieldstart|move: Trick Room|[of] p1a: Hoopa\n|-enditem|p1a: Hoopa|Room Service\n|-unboost|p1a: Hoopa|spe|1|[from] item: Room Service\n|\n|upkeep\n|\n|t:|1696446535\n|switch|p1b: Ursaluna|Ursaluna, M|100\/100\n|turn|2\n|\n|t:|1696446559\n|-end|p2b: Medicham|Slow Start|[silent]\n|switch|p2b: Grimmsnarl|Grimmsnarl, M|100\/100\n|move|p1b: Ursaluna|Close Combat|p2a: Regigigas\n|-supereffective|p2a: Regigigas\n|-damage|p2a: Regigigas|19\/100\n|-unboost|p1b: Ursaluna|def|1\n|-unboost|p1b: Ursaluna|spd|1\n|move|p1a: Hoopa|Dark Pulse|p2a: Regigigas\n|-damage|p2a: Regigigas|0 fnt\n|faint|p2a: Regigigas\n|\n|-status|p1b: Ursaluna|brn|[from] item: Flame Orb\n|upkeep\n|inactive|Missignozero has 120 seconds left.\n|\n|t:|1696446579\n|switch|p2a: Medicham|Medicham, F|100\/100\n|turn|3\n|\n|t:|1696446593\n|move|p2a: Medicham|Fake Out|p1a: Hoopa\n|-damage|p1a: Hoopa|84\/100\n|move|p2b: Grimmsnarl|Parting Shot|p1b: Ursaluna\n|-unboost|p1b: Ursaluna|atk|1\n|-unboost|p1b: Ursaluna|spa|1\n|\n|t:|1696446603\n|switch|p2b: Murkrow|Murkrow, M|100\/100|[from] Parting Shot\n|move|p1b: Ursaluna|Facade|p2b: Murkrow\n|-damage|p2b: Murkrow|0 fnt\n|faint|p2b: Murkrow\n|cant|p1a: Hoopa|flinch\n|\n|-damage|p1b: Ursaluna|94\/100 brn|[from] brn\n|upkeep\n|\n|t:|1696446616\n|switch|p2b: Shiftry|Shiftry, M|100\/100\n|turn|4\n|\n|t:|1696446633\n|switch|p2a: Grimmsnarl|Grimmsnarl, M|100\/100\n|move|p1b: Ursaluna|Close Combat|p2b: Shiftry\n|-supereffective|p2b: Shiftry\n|-damage|p2b: Shiftry|0 fnt\n|-unboost|p1b: Ursaluna|def|1\n|-unboost|p1b: Ursaluna|spd|1\n|faint|p2b: Shiftry\n|move|p1a: Hoopa|Dark Pulse|p2a: Grimmsnarl\n|-resisted|p2a: Grimmsnarl\n|-damage|p2a: Grimmsnarl|88\/100\n|-item|p1a: Hoopa|Leftovers|[from] ability: Magician|[of] p2a: Grimmsnarl\n|\n|-heal|p1a: Hoopa|90\/100|[from] item: Leftovers\n|-damage|p1b: Ursaluna|88\/100 brn|[from] brn\n|upkeep\n|inactive|Missignozero has 120 seconds left.\n|\n|t:|1696446656\n|switch|p2b: Medicham|Medicham, F|100\/100\n|turn|5\n|\n|t:|1696446682\n|switch|p1b: Indeedee|Indeedee-F, F|100\/100\n|-fieldstart|move: Psychic Terrain|[from] ability: Psychic Surge|[of] p1b: Indeedee\n|move|p2a: Grimmsnarl|Fake Out|p1b: Indeedee\n|-activate|p1b: Indeedee|move: Psychic Terrain\n|move|p1a: Hoopa|Dark Pulse|p2b: Medicham\n|-damage|p2b: Medicham|15\/100\n|move|p2b: Medicham|Aura Sphere|p1b: Indeedee\n|-damage|p1b: Indeedee|80\/100\n|\n|-heal|p1a: Hoopa|96\/100|[from] item: Leftovers\n|-fieldend|move: Trick Room\n|upkeep\n|turn|6\n|-message|Missignozero forfeited.\n|\n|win|dsrgsdfg dfgf\n|raw|dsrgsdfg dfgf's rating: 1000 &rarr; <strong>1054<\/strong><br \/>(+54 for winning)\n|raw|Missignozero's rating: 1125 &rarr; <strong>1091<\/strong><br \/>(-34 for losing)\n|l|\u2606Missignozero\n","uploadtime":1696446705,"views":6,"p1id":"dsrgsdfgdfgf","p2id":"missignozero","formatid":"gen9nationaldexdoubles","rating":1054,"private":0,"password":""}