{"id":"gen9nationaldexdoubles-2000674203","p1":"DazzlingBrilliance","p2":"Nickalip","format":"[Gen 9] National Dex Doubles","log":"|j|\u2606DazzlingBrilliance\n|j|\u2606Nickalip\n|t:|1701217327\n|gametype|doubles\n|player|p1|DazzlingBrilliance|striker|1153\n|player|p2|Nickalip|steven|1080\n|teamsize|p1|6\n|teamsize|p2|6\n|gen|9\n|tier|[Gen 9] National Dex Doubles\n|rated|\n|rule|HP Percentage Mod: HP is shown in percentages\n|rule|Endless Battle Clause: Forcing endless battles is banned\n|rule|OHKO Clause: OHKO moves are banned\n|rule|Evasion Moves Clause: Evasion moves are banned\n|rule|Evasion Abilities Clause: Evasion abilities are banned\n|rule|Species Clause: Limit one of each Pok\u00e9mon\n|rule|Gravity Sleep Clause: The combination of sleep-inducing moves with imperfect accuracy and Gravity or Gigantamax Orbeetle are banned\n|clearpoke\n|poke|p1|Jumpluff, M|\n|poke|p1|Qwilfish, M|\n|poke|p1|Chandelure, M|\n|poke|p1|Muk-Alola, M|\n|poke|p1|Blissey, F|\n|poke|p1|Altaria, M|\n|poke|p2|Scizor, M|\n|poke|p2|Swampert, F|\n|poke|p2|Iron Valiant|\n|poke|p2|Roaring Moon|\n|poke|p2|Ninetales-Alola, F|\n|poke|p2|Volcarona, M|\n|teampreview\n|\n|t:|1701217347\n|start\n|switch|p1a: Altaria|Altaria, M, shiny|100\/100\n|switch|p1b: Qweefish|Qwilfish, M, shiny|100\/100\n|switch|p2a: Ola|Ninetales-Alola, F|100\/100\n|switch|p2b: El rocin|Swampert, F, shiny|100\/100\n|-weather|Snow|[from] ability: Snow Warning|[of] p2a: Ola\n|-ability|p1a: Altaria|Cloud Nine\n|-ability|p1b: Qweefish|Intimidate|boost\n|-unboost|p2a: Ola|atk|1\n|-unboost|p2b: El rocin|atk|1\n|turn|1\n|inactive|Battle timer is ON: inactive players will automatically lose when time's up. (requested by Nickalip)\n|\n|t:|1701217395\n|-terastallize|p1a: Altaria|Steel\n|move|p2a: Ola|Ice Beam|p1a: Altaria\n|-resisted|p1a: Altaria\n|-damage|p1a: Altaria|81\/100\n|move|p1a: Altaria|Tailwind|p1a: Altaria\n|-sidestart|p1: DazzlingBrilliance|move: Tailwind\n|move|p1b: Qweefish|Acupressure|p1a: Altaria\n|-boost|p1a: Altaria|accuracy|2\n|move|p2b: El rocin|Earthquake|p1a: Altaria|[spread] p2a,p1a,p1b\n|-supereffective|p1a: Altaria\n|-supereffective|p1b: Qweefish\n|-damage|p2a: Ola|59\/100\n|-damage|p1a: Altaria|31\/100\n|-damage|p1b: Qweefish|38\/100\n|-enditem|p1a: Altaria|Weakness Policy\n|-boost|p1a: Altaria|atk|2|[from] item: Weakness Policy\n|-boost|p1a: Altaria|spa|2|[from] item: Weakness Policy\n|\n|-weather|Snow|[upkeep]\n|-heal|p1b: Qweefish|44\/100|[from] item: Leftovers\n|upkeep\n|turn|2\n|inactive|DazzlingBrilliance has 120 seconds left.\n|\n|t:|1701217431\n|switch|p1b: Jumpluff|Jumpluff, M, shiny|100\/100\n|move|p1a: Altaria|Steel Wing|p2a: Ola\n|-supereffective|p2a: Ola\n|-damage|p2a: Ola|0 fnt\n|faint|p2a: Ola\n|move|p2b: El rocin|Earthquake|p1a: Altaria|[spread] p1a\n|-immune|p1b: Jumpluff\n|-supereffective|p1a: Altaria\n|-damage|p1a: Altaria|0 fnt\n|faint|p1a: Altaria\n|\n|-weather|Snow|[upkeep]\n|upkeep\n|\n|t:|1701217453\n|switch|p2a: Meka-Nick|Iron Valiant, shiny|100\/100\n|switch|p1a: Qweefish|Qwilfish, M, shiny|44\/100\n|-ability|p1a: Qweefish|Intimidate|boost\n|-unboost|p2a: Meka-Nick|atk|1\n|-unboost|p2b: El rocin|atk|1\n|-enditem|p2a: Meka-Nick|Booster Energy\n|-activate|p2a: Meka-Nick|ability: Quark Drive|[fromitem]\n|-start|p2a: Meka-Nick|quarkdrivespe\n|turn|3\n|inactive|DazzlingBrilliance has 120 seconds left.\n|\n|t:|1701217489\n|move|p2a: Meka-Nick|Ice Punch|p1b: Jumpluff\n|-supereffective|p1b: Jumpluff\n|-damage|p1b: Jumpluff|31\/100\n|-enditem|p1b: Jumpluff|Weakness Policy\n|-boost|p1b: Jumpluff|atk|2|[from] item: Weakness Policy\n|-boost|p1b: Jumpluff|spa|2|[from] item: Weakness Policy\n|move|p1a: Qweefish|Thunder Wave|p2a: Meka-Nick\n|-status|p2a: Meka-Nick|par\n|move|p1b: Jumpluff|Sleep Powder|p2b: El rocin\n|-status|p2b: El rocin|slp|[from] move: Sleep Powder\n|cant|p2b: El rocin|slp\n|\n|-weather|Snow|[upkeep]\n|-heal|p1a: Qweefish|50\/100|[from] item: Leftovers\n|upkeep\n|turn|4\n|inactive|DazzlingBrilliance has 120 seconds left.\n|inactive|DazzlingBrilliance has 90 seconds left.\n|\n|t:|1701217549\n|move|p1a: Qweefish|Acupressure|p1b: Jumpluff\n|-boost|p1b: Jumpluff|def|2\n|move|p1b: Jumpluff|Acrobatics|p2a: Meka-Nick\n|-supereffective|p2a: Meka-Nick\n|-damage|p2a: Meka-Nick|0 fnt\n|faint|p2a: Meka-Nick\n|-end|p2a: Meka-Nick|Quark Drive|[silent]\n|cant|p2b: El rocin|slp\n|\n|-weather|Snow|[upkeep]\n|-heal|p1a: Qweefish|56\/100|[from] item: Leftovers\n|-sideend|p1: DazzlingBrilliance|move: Tailwind\n|upkeep\n|inactive|Nickalip has 120 seconds left.\n|\n|t:|1701217569\n|switch|p2a: Choro-Y|Scizor, M, shiny|100\/100\n|turn|5\n|\n|t:|1701217590\n|detailschange|p2a: Choro-Y|Scizor-Mega, M, shiny\n|-mega|p2a: Choro-Y|Scizor|Scizorite\n|move|p1a: Qweefish|Thunder Wave|p2a: Choro-Y|[miss]\n|-miss|p1a: Qweefish|p2a: Choro-Y\n|move|p1b: Jumpluff|Leech Seed|p2b: El rocin\n|-start|p2b: El rocin|move: Leech Seed\n|cant|p2b: El rocin|slp\n|move|p2a: Choro-Y|U-turn|p1b: Jumpluff\n|-crit|p1b: Jumpluff\n|-damage|p1b: Jumpluff|0 fnt\n|faint|p1b: Jumpluff\n|\n|t:|1701217603\n|switch|p2a: Wishosauro|Roaring Moon|100\/100|[from] U-turn\n|-enditem|p2a: Wishosauro|Booster Energy\n|-activate|p2a: Wishosauro|ability: Protosynthesis|[fromitem]\n|-start|p2a: Wishosauro|protosynthesisatk\n|\n|-weather|none\n|-heal|p1a: Qweefish|63\/100|[from] item: Leftovers\n|upkeep\n|inactive|DazzlingBrilliance has 90 seconds left.\n|\n|t:|1701217622\n|switch|p1b: Blissey|Blissey, F, shiny|100\/100\n|turn|6\n|\n|t:|1701217644\n|switch|p2b: Choro-Y|Scizor-Mega, M, shiny|100\/100\n|move|p2a: Wishosauro|Earthquake|p1a: Qweefish|[spread] p2b,p1a,p1b\n|-supereffective|p1a: Qweefish\n|-damage|p2b: Choro-Y|74\/100\n|-damage|p1a: Qweefish|0 fnt\n|-damage|p1b: Blissey|67\/100\n|faint|p1a: Qweefish\n|move|p1b: Blissey|Mud-Slap|p2b: Choro-Y\n|-damage|p2b: Choro-Y|68\/100\n|-unboost|p2b: Choro-Y|accuracy|1\n|\n|-heal|p1b: Blissey|73\/100|[from] item: Leftovers\n|upkeep\n|\n|t:|1701217655\n|switch|p1a: Chandelure|Chandelure, M, shiny|100\/100\n|turn|7\n|inactive|DazzlingBrilliance has 90 seconds left.\n|\n|t:|1701217687\n|move|p2b: Choro-Y|Protect|p2b: Choro-Y\n|-singleturn|p2b: Choro-Y|Protect\n|move|p2a: Wishosauro|Earthquake|p1a: Chandelure|[spread] p1a,p1b\n|-activate|p2b: Choro-Y|move: Protect\n|-supereffective|p1a: Chandelure\n|-crit|p1a: Chandelure\n|-damage|p1a: Chandelure|0 fnt\n|-damage|p1b: Blissey|42\/100\n|faint|p1a: Chandelure\n|move|p1b: Blissey|Mud-Slap|p2b: Choro-Y\n|-activate|p2b: Choro-Y|move: Protect\n|\n|-heal|p1b: Blissey|48\/100|[from] item: Leftovers\n|upkeep\n|inactive|DazzlingBrilliance has 90 seconds left.\n|\n|t:|1701217693\n|switch|p1a: Muk|Muk-Alola, M, shiny|100\/100\n|turn|8\n|\n|t:|1701217707\n|move|p2b: Choro-Y|Bullet Punch|p1b: Blissey|[miss]\n|-miss|p2b: Choro-Y|p1b: Blissey\n|move|p2a: Wishosauro|Earthquake|p1a: Muk|[spread] p2b,p1a,p1b\n|-supereffective|p1a: Muk\n|-damage|p2b: Choro-Y|42\/100\n|-damage|p1a: Muk|44\/100\n|-damage|p1b: Blissey|16\/100\n|move|p1b: Blissey|Mud-Slap|p2a: Wishosauro\n|-damage|p2a: Wishosauro|96\/100\n|-unboost|p2a: Wishosauro|accuracy|1\n|move|p1a: Muk|Power-Up Punch|p2a: Wishosauro\n|-supereffective|p2a: Wishosauro\n|-damage|p2a: Wishosauro|72\/100\n|-boost|p1a: Muk|atk|1\n|\n|-heal|p1b: Blissey|22\/100|[from] item: Leftovers\n|-heal|p1a: Muk|50\/100|[from] item: Leftovers\n|upkeep\n|turn|9\n|\n|t:|1701217733\n|move|p2b: Choro-Y|Bullet Punch|p1b: Blissey\n|-damage|p1b: Blissey|0 fnt\n|faint|p1b: Blissey\n|move|p2a: Wishosauro|Earthquake|p1a: Muk|[spread] p1a\n|-miss|p2a: Wishosauro|p2b: Choro-Y\n|-supereffective|p1a: Muk\n|-damage|p1a: Muk|0 fnt\n|faint|p1a: Muk\n|\n|win|Nickalip\n|raw|DazzlingBrilliance's rating: 1153 &rarr; <strong>1123<\/strong><br \/>(-30 for losing)\n|raw|Nickalip's rating: 1080 &rarr; <strong>1114<\/strong><br \/>(+34 for winning)\n|c|\u2606Nickalip|gg\n|l|\u2606DazzlingBrilliance\n|c|\u2606Nickalip|:p\n","uploadtime":1701217762,"views":6,"p1id":"dazzlingbrilliance","p2id":"nickalip","formatid":"gen9nationaldexdoubles","rating":1114,"private":0,"password":""}