{"id":"gen9nationaldexdoubles-1987904983","p1":"Vican259","p2":"Jam35_Name","format":"[Gen 9] National Dex Doubles","log":"|j|\u2606Vican259\n|j|\u2606Jam35_Name\n|t:|1699647753\n|gametype|doubles\n|player|p1|Vican259|bellelba|\n|player|p2|Jam35_Name|policeman|\n|teamsize|p1|6\n|teamsize|p2|6\n|gen|9\n|tier|[Gen 9] National Dex Doubles\n|rule|HP Percentage Mod: HP is shown in percentages\n|rule|Endless Battle Clause: Forcing endless battles is banned\n|rule|OHKO Clause: OHKO moves are banned\n|rule|Evasion Moves Clause: Evasion moves are banned\n|rule|Evasion Abilities Clause: Evasion abilities are banned\n|rule|Species Clause: Limit one of each Pok\u00e9mon\n|rule|Gravity Sleep Clause: The combination of sleep-inducing moves with imperfect accuracy and Gravity or Gigantamax Orbeetle are banned\n|clearpoke\n|poke|p1|Ting-Lu|\n|poke|p1|Crawdaunt, F|\n|poke|p1|Honchkrow, M|\n|poke|p1|Wo-Chien|\n|poke|p1|Houndoom, F|\n|poke|p1|Hydreigon, M|\n|poke|p2|Ogerpon-Cornerstone, F|\n|poke|p2|Stakataka|\n|poke|p2|Shuckle, F|\n|poke|p2|Tyranitar, F|\n|poke|p2|Cradily, F|\n|poke|p2|Coalossal, F|\n|teampreview\n|\n|t:|1699647785\n|start\n|switch|p1a: No atac|Wo-Chien|100\/100\n|switch|p1b: Hydreigon|Hydreigon, M|100\/100\n|switch|p2a: Chonker|Tyranitar, F, shiny|100\/100\n|switch|p2b: Stacko|Stakataka, shiny|100\/100\n|-weather|Sandstorm|[from] ability: Sand Stream|[of] p2a: Chonker\n|-ability|p1a: No atac|Tablets of Ruin\n|turn|1\n|\n|t:|1699647821\n|-terastallize|p1b: Hydreigon|Steel\n|-terastallize|p2b: Stacko|Flying\n|move|p1b: Hydreigon|Flash Cannon|p2a: Chonker\n|-supereffective|p2a: Chonker\n|-damage|p2a: Chonker|48\/100\n|move|p2a: Chonker|Low Kick|p1b: Hydreigon\n|-supereffective|p1b: Hydreigon\n|-damage|p1b: Hydreigon|51\/100\n|move|p1a: No atac|Leech Seed|p2a: Chonker\n|-start|p2a: Chonker|move: Leech Seed\n|move|p2b: Stacko|Trick Room|p2b: Stacko\n|-fieldstart|move: Trick Room|[of] p2b: Stacko\n|\n|-weather|Sandstorm|[upkeep]\n|-damage|p2b: Stacko|94\/100|[from] Sandstorm\n|-damage|p1a: No atac|94\/100|[from] Sandstorm\n|-heal|p1a: No atac|100\/100|[from] item: Leftovers\n|-damage|p2a: Chonker|35\/100|[from] Leech Seed|[of] p1a: No atac\n|upkeep\n|turn|2\n|\n|t:|1699647855\n|switch|p1b: Honchkrow|Honchkrow, M|100\/100\n|move|p1a: No atac|Protect|p1a: No atac\n|-singleturn|p1a: No atac|Protect\n|move|p2b: Stacko|Heat Crash|p1b: Honchkrow\n|-damage|p1b: Honchkrow|47\/100\n|move|p2a: Chonker|Low Kick|p1a: No atac\n|-activate|p1a: No atac|move: Protect\n|\n|-weather|Sandstorm|[upkeep]\n|-damage|p2b: Stacko|88\/100|[from] Sandstorm\n|-damage|p1a: No atac|94\/100|[from] Sandstorm\n|-damage|p1b: Honchkrow|40\/100|[from] Sandstorm\n|-heal|p1a: No atac|100\/100|[from] item: Leftovers\n|-damage|p2a: Chonker|23\/100|[from] Leech Seed|[of] p1a: No atac\n|upkeep\n|turn|3\n|\n|t:|1699647882\n|move|p2b: Stacko|Heat Crash|p1a: No atac\n|-supereffective|p1a: No atac\n|-damage|p1a: No atac|51\/100\n|move|p1a: No atac|Pollen Puff|p1b: Honchkrow\n|-heal|p1b: Honchkrow|90\/100\n|move|p2a: Chonker|Low Kick|p1a: No atac\n|-supereffective|p1a: No atac\n|-damage|p1a: No atac|23\/100\n|move|p1b: Honchkrow|U-turn|p2a: Chonker\n|-supereffective|p2a: Chonker\n|-damage|p2a: Chonker|0 fnt\n|faint|p2a: Chonker\n|-ability|p1b: Honchkrow|Moxie|boost\n|-boost|p1b: Honchkrow|atk|1\n|\n|t:|1699647904\n|switch|p1b: Hydreigon|Hydreigon, M, tera:Steel|51\/100|[from] U-turn\n|\n|-weather|Sandstorm|[upkeep]\n|-damage|p2b: Stacko|82\/100|[from] Sandstorm\n|-damage|p1a: No atac|17\/100|[from] Sandstorm\n|-heal|p1a: No atac|23\/100|[from] item: Leftovers\n|upkeep\n|\n|t:|1699647918\n|switch|p2a: Kinda hot ngl|Coalossal, F|100\/100\n|turn|4\n|\n|t:|1699647935\n|move|p2b: Stacko|Heat Crash|p1a: No atac\n|-supereffective|p1a: No atac\n|-damage|p1a: No atac|0 fnt\n|faint|p1a: No atac\n|-ability|p2b: Stacko|Beast Boost|boost\n|-boost|p2b: Stacko|atk|1\n|move|p2a: Kinda hot ngl|Burn Up|p1b: Hydreigon\n|-supereffective|p1b: Hydreigon\n|-damage|p1b: Hydreigon|0 fnt\n|-start|p2a: Kinda hot ngl|typechange|Rock\/???|[from] move: Burn Up\n|faint|p1b: Hydreigon\n|\n|-weather|Sandstorm|[upkeep]\n|-damage|p2b: Stacko|76\/100|[from] Sandstorm\n|upkeep\n|\n|t:|1699647960\n|switch|p1a: Honchkrow|Honchkrow, M|90\/100\n|switch|p1b: Houndoom|Houndoom, F|100\/100\n|turn|5\n|\n|t:|1699648013\n|detailschange|p1b: Houndoom|Houndoom-Mega, F\n|-mega|p1b: Houndoom|Houndoom|Houndoominite\n|move|p2b: Stacko|Gyro Ball|p1a: Honchkrow\n|-damage|p1a: Honchkrow|0 fnt\n|faint|p1a: Honchkrow\n|-ability|p2b: Stacko|Beast Boost|boost\n|-boost|p2b: Stacko|atk|1\n|move|p2a: Kinda hot ngl|Power Gem|p1b: Houndoom\n|-supereffective|p1b: Houndoom\n|-damage|p1b: Houndoom|20\/100\n|move|p1b: Houndoom|Will-O-Wisp|p2b: Stacko\n|-status|p2b: Stacko|brn\n|\n|-weather|Sandstorm|[upkeep]\n|-damage|p2b: Stacko|70\/100 brn|[from] Sandstorm\n|-damage|p1b: Houndoom|14\/100|[from] Sandstorm\n|-damage|p2b: Stacko|64\/100 brn|[from] brn\n|-fieldend|move: Trick Room\n|upkeep\n|\n|t:|1699648037\n|switch|p1a: No sp atac|Ting-Lu|100\/100\n|-ability|p1a: No sp atac|Vessel of Ruin\n|turn|6\n|\n|t:|1699648084\n|move|p1a: No sp atac|Protect|p1a: No sp atac\n|-singleturn|p1a: No sp atac|Protect\n|move|p1b: Houndoom|Dark Pulse|p2b: Stacko\n|-damage|p2b: Stacko|29\/100 brn\n|move|p2a: Kinda hot ngl|Power Gem|p1b: Houndoom\n|-supereffective|p1b: Houndoom\n|-damage|p1b: Houndoom|0 fnt\n|faint|p1b: Houndoom\n|move|p2b: Stacko|Earthquake|p1a: No sp atac|[spread] p2a\n|-activate|p1a: No sp atac|move: Protect\n|-supereffective|p2a: Kinda hot ngl\n|-damage|p2a: Kinda hot ngl|53\/100\n|-enditem|p2a: Kinda hot ngl|Weakness Policy\n|-boost|p2a: Kinda hot ngl|atk|2|[from] item: Weakness Policy\n|-boost|p2a: Kinda hot ngl|spa|2|[from] item: Weakness Policy\n|\n|-weather|Sandstorm|[upkeep]\n|-damage|p2b: Stacko|23\/100 brn|[from] Sandstorm\n|-damage|p2b: Stacko|17\/100 brn|[from] brn\n|upkeep\n|\n|t:|1699648105\n|switch|p1b: Crawdaunt|Crawdaunt, F|100\/100\n|turn|7\n|\n|t:|1699648122\n|switch|p2b: Phallic|Cradily, F|100\/100\n|move|p2a: Kinda hot ngl|Protect|p2a: Kinda hot ngl\n|-singleturn|p2a: Kinda hot ngl|Protect\n|move|p1b: Crawdaunt|Aqua Jet|p2b: Phallic\n|-activate|p2b: Phallic|ability: Storm Drain\n|-ability|p2b: Phallic|Storm Drain|boost\n|-boost|p2b: Phallic|spa|1\n|move|p1a: No sp atac|Throat Chop|p2b: Phallic\n|-damage|p2b: Phallic|78\/100\n|-start|p2b: Phallic|Throat Chop|[silent]\n|\n|-weather|Sandstorm|[upkeep]\n|-damage|p1b: Crawdaunt|95\/100|[from] Sandstorm\n|-heal|p2b: Phallic|84\/100|[from] item: Leftovers\n|upkeep\n|turn|8\n|\n|t:|1699648150\n|move|p1b: Crawdaunt|Aqua Jet|p2b: Phallic\n|-activate|p2b: Phallic|ability: Storm Drain\n|-ability|p2b: Phallic|Storm Drain|boost\n|-boost|p2b: Phallic|spa|1\n|move|p2a: Kinda hot ngl|Scorching Sands|p1b: Crawdaunt\n|-damage|p1b: Crawdaunt|35\/100\n|-status|p1b: Crawdaunt|brn\n|move|p2b: Phallic|Leech Seed|p1b: Crawdaunt\n|-start|p1b: Crawdaunt|move: Leech Seed\n|move|p1a: No sp atac|Earthquake|p2a: Kinda hot ngl|[spread] p1b,p2a,p2b\n|-crit|p1b: Crawdaunt\n|-supereffective|p2a: Kinda hot ngl\n|-damage|p1b: Crawdaunt|0 fnt\n|-damage|p2a: Kinda hot ngl|5\/100\n|-damage|p2b: Phallic|62\/100\n|faint|p1b: Crawdaunt\n|\n|-weather|none\n|-heal|p2b: Phallic|68\/100|[from] item: Leftovers\n|-end|p2b: Phallic|Throat Chop|[silent]\n|upkeep\n|turn|9\n|\n|t:|1699648176\n|move|p2a: Kinda hot ngl|Scorching Sands|p1a: No sp atac\n|-damage|p1a: No sp atac|82\/100\n|move|p2b: Phallic|Leech Seed|p1a: No sp atac\n|-start|p1a: No sp atac|move: Leech Seed\n|move|p1a: No sp atac|Earthquake|p2a: Kinda hot ngl|[spread] p2a,p2b\n|-supereffective|p2a: Kinda hot ngl\n|-crit|p2b: Phallic\n|-damage|p2a: Kinda hot ngl|0 fnt\n|-damage|p2b: Phallic|34\/100\n|faint|p2a: Kinda hot ngl\n|\n|-heal|p2b: Phallic|40\/100|[from] item: Leftovers\n|-heal|p1a: No sp atac|88\/100|[from] item: Leftovers\n|-damage|p1a: No sp atac|76\/100|[from] Leech Seed|[of] p2b: Phallic\n|-heal|p2b: Phallic|57\/100|[silent]\n|upkeep\n|\n|t:|1699648191\n|switch|p2a: Bonkoi|Ogerpon-Cornerstone, F|100\/100\n|turn|10\n|\n|t:|1699648200\n|move|p2a: Bonkoi|Swords Dance|p2a: Bonkoi\n|-boost|p2a: Bonkoi|atk|2\n|move|p2b: Phallic|Recover|p2b: Phallic\n|-heal|p2b: Phallic|100\/100\n|move|p1a: No sp atac|Earthquake|p2a: Bonkoi|[spread] p2a,p2b\n|-damage|p2a: Bonkoi|56\/100\n|-damage|p2b: Phallic|77\/100\n|\n|-heal|p2b: Phallic|83\/100|[from] item: Leftovers\n|-heal|p1a: No sp atac|82\/100|[from] item: Leftovers\n|-damage|p1a: No sp atac|69\/100|[from] Leech Seed|[of] p2b: Phallic\n|-heal|p2b: Phallic|99\/100|[silent]\n|upkeep\n|turn|11\n|\n|t:|1699648220\n|move|p2a: Bonkoi|Superpower|p1a: No sp atac\n|-supereffective|p1a: No sp atac\n|-damage|p1a: No sp atac|0 fnt\n|-unboost|p2a: Bonkoi|atk|1\n|-unboost|p2a: Bonkoi|def|1\n|faint|p1a: No sp atac\n|\n|win|Jam35_Name\n","uploadtime":1699648229,"views":7,"p1id":"vican259","p2id":"jam35name","formatid":"gen9nationaldexdoubles","rating":0,"private":0,"password":""}