{"id":"gen9nationaldexdoubles-1977398759","p1":"Nerdygolem513","p2":"Tuba_Archmage","format":"[Gen 9] National Dex Doubles","log":"|j|\u2606Nerdygolem513\n|j|\u2606Tuba_Archmage\n|t:|1698413574\n|gametype|doubles\n|player|p1|Nerdygolem513|skullgrunt|1307\n|player|p2|Tuba_Archmage|shadowtriad|1133\n|teamsize|p1|6\n|teamsize|p2|6\n|gen|9\n|tier|[Gen 9] National Dex Doubles\n|rated|\n|rule|HP Percentage Mod: HP is shown in percentages\n|rule|Endless Battle Clause: Forcing endless battles is banned\n|rule|OHKO Clause: OHKO moves are banned\n|rule|Evasion Moves Clause: Evasion moves are banned\n|rule|Evasion Abilities Clause: Evasion abilities are banned\n|rule|Species Clause: Limit one of each Pok\u00e9mon\n|rule|Gravity Sleep Clause: The combination of sleep-inducing moves with imperfect accuracy and Gravity or Gigantamax Orbeetle are banned\n|clearpoke\n|poke|p1|Tapu Koko|\n|poke|p1|Indeedee-F, F|\n|poke|p1|Raichu-Alola, F|\n|poke|p1|Alakazam, M|\n|poke|p1|Iron Valiant|\n|poke|p1|Farigiraf, M|\n|poke|p2|Volcarona, F|\n|poke|p2|Oricorio-Pom-Pom, F|\n|poke|p2|Regidrago|\n|poke|p2|Tornadus, M|\n|poke|p2|Samurott-Hisui, F|\n|poke|p2|Falinks|\n|teampreview\n|inactive|Battle timer is ON: inactive players will automatically lose when time's up. (requested by Tuba_Archmage)\n|\n|t:|1698413579\n|start\n|switch|p1a: KFC|Tapu Koko|100\/100\n|switch|p1b: Pancakes|Raichu-Alola, F|100\/100\n|switch|p2a: Ceasar|Samurott-Hisui, F|100\/100\n|switch|p2b: Falinks|Falinks|100\/100\n|-fieldstart|move: Electric Terrain|[from] ability: Electric Surge|[of] p1a: KFC\n|turn|1\n|\n|t:|1698413597\n|-terastallize|p2a: Ceasar|Water\n|move|p1b: Pancakes|Rising Voltage|p2b: Falinks\n|-hint|Rising Voltage's BP doubled on grounded target.\n|-enditem|p2b: Falinks|Focus Sash\n|-damage|p2b: Falinks|1\/100\n|-damage|p1b: Pancakes|91\/100|[from] item: Life Orb\n|move|p1a: KFC|Thunder Punch|p2a: Ceasar\n|-supereffective|p2a: Ceasar\n|-damage|p2a: Ceasar|0 fnt\n|faint|p2a: Ceasar\n|move|p2b: Falinks|No Retreat|p2b: Falinks\n|-boost|p2b: Falinks|atk|1\n|-boost|p2b: Falinks|def|1\n|-boost|p2b: Falinks|spa|1\n|-boost|p2b: Falinks|spd|1\n|-boost|p2b: Falinks|spe|1\n|-start|p2b: Falinks|move: No Retreat\n|\n|upkeep\n|\n|t:|1698413616\n|switch|p2a: DJ|Volcarona, F|100\/100\n|turn|2\n|\n|t:|1698413625\n|move|p1b: Pancakes|Rising Voltage|p2b: Falinks\n|-hint|Rising Voltage's BP doubled on grounded target.\n|-damage|p2b: Falinks|0 fnt\n|faint|p2b: Falinks\n|-damage|p1b: Pancakes|81\/100|[from] item: Life Orb\n|move|p1a: KFC|Brave Bird|p2a: DJ\n|-supereffective|p2a: DJ\n|-damage|p2a: DJ|0 fnt\n|faint|p2a: DJ\n|-damage|p1a: KFC|64\/100|[from] Recoil\n|\n|upkeep\n|\n|t:|1698413636\n|switch|p2a: Get yo ass ready|Tornadus, M|100\/100\n|switch|p2b: BONK|Regidrago|100\/100\n|turn|3\n|\n|t:|1698413645\n|move|p2a: Get yo ass ready|Tailwind|p2a: Get yo ass ready\n|-sidestart|p2: Tuba_Archmage|move: Tailwind\n|move|p1b: Pancakes|Rising Voltage|p2b: BONK\n|-hint|Rising Voltage's BP doubled on grounded target.\n|-resisted|p2b: BONK\n|-damage|p2b: BONK|49\/100\n|-damage|p1b: Pancakes|71\/100|[from] item: Life Orb\n|move|p2b: BONK|Dragon Energy|p1a: KFC|[spread] p1b\n|-immune|p1a: KFC\n|-damage|p1b: Pancakes|0 fnt\n|faint|p1b: Pancakes\n|move|p1a: KFC|Thunder Punch|p2a: Get yo ass ready\n|-supereffective|p2a: Get yo ass ready\n|-enditem|p2a: Get yo ass ready|Focus Sash\n|-damage|p2a: Get yo ass ready|1\/100\n|\n|upkeep\n|\n|t:|1698413663\n|switch|p1b: Indeed|Indeedee-F, F|100\/100\n|-fieldstart|move: Psychic Terrain|[from] ability: Psychic Surge|[of] p1b: Indeed\n|turn|4\n|\n|t:|1698413672\n|move|p2a: Get yo ass ready|Bleakwind Storm|p1b: Indeed|[spread] p1a,p1b\n|-resisted|p1a: KFC\n|-damage|p1a: KFC|33\/100\n|-damage|p1b: Indeed|76\/100\n|move|p2b: BONK|Dragon Energy|p1a: KFC|[spread] p1b\n|-immune|p1a: KFC\n|-damage|p1b: Indeed|40\/100\n|move|p1a: KFC|U-turn|p2a: Get yo ass ready\n|-resisted|p2a: Get yo ass ready\n|-damage|p2a: Get yo ass ready|0 fnt\n|faint|p2a: Get yo ass ready\n|\n|t:|1698413684\n|switch|p1a: SPOONE|Alakazam, M|100\/100|[from] U-turn\n|move|p1b: Indeed|Trick Room|p1b: Indeed\n|-fieldstart|move: Trick Room|[of] p1b: Indeed\n|\n|-heal|p1b: Indeed|46\/100|[from] item: Leftovers\n|upkeep\n|\n|t:|1698413690\n|switch|p2a: Dancer|Oricorio-Pom-Pom, F|100\/100\n|turn|5\n|\n|t:|1698413703\n|move|p1b: Indeed|Expanding Force|p2a: Dancer|[spread] p2a,p2b\n|-damage|p2a: Dancer|42\/100\n|-damage|p2b: BONK|8\/100\n|move|p1a: SPOONE|Expanding Force|p2a: Dancer|[spread] p2a,p2b\n|-damage|p2a: Dancer|0 fnt\n|-damage|p2b: BONK|0 fnt\n|faint|p2a: Dancer\n|faint|p2b: BONK\n|\n|win|Nerdygolem513\n|raw|Nerdygolem513's rating: 1307 &rarr; <strong>1318<\/strong><br \/>(+11 for winning)\n|raw|Tuba_Archmage's rating: 1133 &rarr; <strong>1120<\/strong><br \/>(-13 for losing)\n|l|\u2606Tuba_Archmage\n","uploadtime":1698413713,"views":9,"p1id":"nerdygolem513","p2id":"tubaarchmage","formatid":"gen9nationaldexdoubles","rating":1120,"private":0,"password":""}