{"id":"gen9nationaldexdoubles-1963136159","p1":"Thalassophobia","p2":"Denvah_17","format":"[Gen 9] National Dex Doubles","log":"|j|\u2606Thalassophobia\n|j|\u2606Denvah_17\n|t:|1696831702\n|gametype|doubles\n|player|p1|Thalassophobia|pokekid|1106\n|player|p2|Denvah_17|alder|1170\n|teamsize|p1|6\n|teamsize|p2|6\n|gen|9\n|tier|[Gen 9] National Dex Doubles\n|rated|\n|rule|HP Percentage Mod: HP is shown in percentages\n|rule|Endless Battle Clause: Forcing endless battles is banned\n|rule|OHKO Clause: OHKO moves are banned\n|rule|Evasion Moves Clause: Evasion moves are banned\n|rule|Evasion Abilities Clause: Evasion abilities are banned\n|rule|Species Clause: Limit one of each Pok\u00e9mon\n|rule|Gravity Sleep Clause: The combination of sleep-inducing moves with imperfect accuracy and Gravity or Gigantamax Orbeetle are banned\n|clearpoke\n|poke|p1|Umbreon, F|\n|poke|p1|Glaceon, F|\n|poke|p1|Sylveon, M|\n|poke|p1|Appletun, M|\n|poke|p1|Ursaluna-Bloodmoon, M|\n|poke|p1|Zoroark, F|\n|poke|p2|Sinistcha-Masterpiece|\n|poke|p2|Enamorus, F|\n|poke|p2|Volcanion|\n|poke|p2|Scizor, F|\n|poke|p2|Okidogi, M|\n|poke|p2|Ursaluna-Bloodmoon, M|\n|teampreview\n|j| Shanalotte42\n|inactive|Battle timer is ON: inactive players will automatically lose when time's up. (requested by Denvah_17)\n|\n|t:|1696831736\n|start\n|switch|p1a: Umbreon|Umbreon, F, shiny|100\/100\n|switch|p1b: Appletun|Appletun, M|100\/100\n|switch|p2a: Dogecoin|Okidogi, M|100\/100\n|switch|p2b: Sudafed|Scizor, F|100\/100\n|turn|1\n|\n|t:|1696831754\n|detailschange|p2b: Sudafed|Scizor-Mega, F\n|-mega|p2b: Sudafed|Scizor|Scizorite\n|-terastallize|p1a: Umbreon|Ghost\n|move|p2a: Dogecoin|Drain Punch|p1a: Umbreon\n|-immune|p1a: Umbreon\n|move|p2b: Sudafed|Bug Bite|p1b: Appletun\n|-supereffective|p1b: Appletun\n|-damage|p1b: Appletun|0 fnt\n|faint|p1b: Appletun\n|move|p1a: Umbreon|Wish|p1a: Umbreon\n|\n|upkeep\n|\n|t:|1696831768\n|switch|p1b: Sylveon|Sylveon, M|100\/100\n|turn|2\n|\n|t:|1696831779\n|move|p2a: Dogecoin|Gunk Shot|p1b: Sylveon\n|-supereffective|p1b: Sylveon\n|-damage|p1b: Sylveon|0 fnt\n|faint|p1b: Sylveon\n|move|p2b: Sudafed|Swords Dance|p2b: Sudafed\n|-boost|p2b: Sudafed|atk|2\n|move|p1a: Umbreon|Calm Mind|p1a: Umbreon\n|-boost|p1a: Umbreon|spa|1\n|-boost|p1a: Umbreon|spd|1\n|\n|upkeep\n|\n|t:|1696831792\n|switch|p1b: Overused|Ursaluna-Bloodmoon, M|100\/100\n|turn|3\n|\n|t:|1696831811\n|move|p2b: Sudafed|Bullet Punch|p1a: Umbreon\n|-damage|p1a: Umbreon|55\/100\n|move|p1b: Overused|U-turn|p2b: Sudafed\n|-resisted|p2b: Sudafed\n|-damage|p2b: Sudafed|92\/100\n|\n|t:|1696831817\n|switch|p1b: Glaceon|Glaceon, F, shiny|100\/100|[from] U-turn\n|move|p2a: Dogecoin|Drain Punch|p1b: Glaceon\n|-supereffective|p1b: Glaceon\n|-damage|p1b: Glaceon|5\/100\n|move|p1a: Umbreon|Calm Mind|p1a: Umbreon\n|-boost|p1a: Umbreon|spa|1\n|-boost|p1a: Umbreon|spd|1\n|\n|-heal|p1a: Umbreon|61\/100|[from] item: Leftovers\n|upkeep\n|turn|4\n|\n|t:|1696831832\n|move|p2b: Sudafed|Bullet Punch|p1b: Glaceon\n|-supereffective|p1b: Glaceon\n|-damage|p1b: Glaceon|0 fnt\n|faint|p1b: Glaceon\n|move|p2a: Dogecoin|Knock Off|p1a: Umbreon\n|-supereffective|p1a: Umbreon\n|-damage|p1a: Umbreon|21\/100\n|-enditem|p1a: Umbreon|Leftovers|[from] move: Knock Off|[of] p2a: Dogecoin\n|move|p1a: Umbreon|Wish|p1a: Umbreon\n|\n|upkeep\n|\n|t:|1696831836\n|switch|p1b: Overused|Ursaluna-Bloodmoon, M|100\/100\n|turn|5\n|\n|t:|1696831853\n|switch|p1a: Overused|Ursaluna-Bloodmoon, M|100\/100\n|move|p2b: Sudafed|Bullet Punch|p1b: Overused\n|-damage|p1b: Overused|0 fnt\n|replace|p1b: Zoroark|Zoroark, F\n|-end|p1b: Zoroark|Illusion\n|faint|p1b: Zoroark\n|move|p2a: Dogecoin|Knock Off|p1a: Overused\n|-damage|p1a: Overused|77\/100\n|-enditem|p1a: Overused|Leftovers|[from] move: Knock Off|[of] p2a: Dogecoin\n|\n|-heal|p1a: Overused|100\/100|[from] move: Wish|[wisher] Umbreon\n|upkeep\n|\n|t:|1696831856\n|switch|p1b: Umbreon|Umbreon, F, shiny, tera:Ghost|21\/100\n|turn|6\n|\n|t:|1696831869\n|move|p2b: Sudafed|Bullet Punch|p1b: Umbreon\n|-damage|p1b: Umbreon|0 fnt\n|faint|p1b: Umbreon\n|move|p2a: Dogecoin|Drain Punch|p1a: Overused\n|-supereffective|p1a: Overused\n|-damage|p1a: Overused|37\/100\n|move|p1a: Overused|Hyper Voice|p2a: Dogecoin|[spread] p2a,p2b\n|-resisted|p2b: Sudafed\n|-damage|p2a: Dogecoin|70\/100\n|-damage|p2b: Sudafed|72\/100\n|\n|upkeep\n|turn|7\n|\n|t:|1696831881\n|move|p2b: Sudafed|Bullet Punch|p1a: Overused\n|-damage|p1a: Overused|0 fnt\n|faint|p1a: Overused\n|\n|win|Denvah_17\n|raw|Thalassophobia's rating: 1106 &rarr; <strong>1086<\/strong><br \/>(-20 for losing)\n|raw|Denvah_17's rating: 1170 &rarr; <strong>1190<\/strong><br \/>(+20 for winning)\n|l|\u2606Thalassophobia\n","uploadtime":1696831890,"views":9,"p1id":"thalassophobia","p2id":"denvah17","formatid":"gen9nationaldexdoubles","rating":1086,"private":0,"password":""}