{"id":"gen9nationaldexdoubles-1984000794","p1":"CohenSenpai","p2":"GunGalione","format":"[Gen 9] National Dex Doubles","log":"|j|\u203dCohenSenpai\n|j|\u2606GunGalione\n|t:|1699208526\n|gametype|doubles\n|player|p1|CohenSenpai|1|1105\n|player|p2|GunGalione|pokemonranger-gen4|1196\n|teamsize|p1|6\n|teamsize|p2|6\n|gen|9\n|tier|[Gen 9] National Dex Doubles\n|rated|\n|rule|HP Percentage Mod: HP is shown in percentages\n|rule|Endless Battle Clause: Forcing endless battles is banned\n|rule|OHKO Clause: OHKO moves are banned\n|rule|Evasion Moves Clause: Evasion moves are banned\n|rule|Evasion Abilities Clause: Evasion abilities are banned\n|rule|Species Clause: Limit one of each Pok\u00e9mon\n|rule|Gravity Sleep Clause: The combination of sleep-inducing moves with imperfect accuracy and Gravity or Gigantamax Orbeetle are banned\n|clearpoke\n|poke|p1|Snorlax, F|\n|poke|p1|Iron Hands|\n|poke|p1|Landorus-Therian, M|\n|poke|p1|Clefairy, M|\n|poke|p1|Kommo-o, M|\n|poke|p1|Sinistcha|\n|poke|p2|Magmortar, F|\n|poke|p2|Typhlosion, F|\n|poke|p2|Chi-Yu|\n|poke|p2|Torkoal, M|\n|poke|p2|Heliolisk, M|\n|poke|p2|Salazzle, F|\n|teampreview\n|\n|t:|1699208530\n|start\n|switch|p1a: Snorlax|Snorlax, F|100\/100\n|switch|p1b: Clefairy|Clefairy, M|100\/100\n|switch|p2a: Magmortar|Magmortar, F, shiny|100\/100\n|switch|p2b: Salazzle|Salazzle, F|100\/100\n|turn|1\n|\n|t:|1699208543\n|move|p1b: Clefairy|Follow Me|p1b: Clefairy\n|-singleturn|p1b: Clefairy|move: Follow Me\n|move|p2b: Salazzle|Taunt|p1b: Clefairy\n|-start|p1b: Clefairy|move: Taunt\n|move|p2a: Magmortar|Heat Wave|p1b: Clefairy|[spread] p1a,p1b\n|-damage|p1a: Snorlax|91\/100\n|-damage|p1b: Clefairy|71\/100\n|move|p1a: Snorlax|Belly Drum|p1a: Snorlax\n|-damage|p1a: Snorlax|41\/100\n|-setboost|p1a: Snorlax|atk|6|[from] move: Belly Drum\n|-enditem|p1a: Snorlax|Sitrus Berry|[eat]\n|-heal|p1a: Snorlax|66\/100|[from] item: Sitrus Berry\n|\n|upkeep\n|turn|2\n|\n|t:|1699208562\n|switch|p1b: Sinistcha|Sinistcha|100\/100\n|-heal|p1a: Snorlax|90\/100|[from] ability: Hospitality|[of] p1b: Sinistcha\n|-terastallize|p2a: Magmortar|Psychic\n|move|p1a: Snorlax|Protect|p1a: Snorlax\n|-singleturn|p1a: Snorlax|Protect\n|move|p2b: Salazzle|Fling|p2a: Magmortar\n|-supereffective|p2a: Magmortar\n|-crit|p2a: Magmortar\n|-damage|p2a: Magmortar|92\/100\n|-boost|p2a: Magmortar|spe|1|[from] item: Salac Berry\n|-enditem|p2a: Magmortar|Weakness Policy\n|-boost|p2a: Magmortar|atk|2|[from] item: Weakness Policy\n|-boost|p2a: Magmortar|spa|2|[from] item: Weakness Policy\n|-enditem|p2b: Salazzle|Salac Berry|[from] move: Fling\n|move|p2a: Magmortar|Heat Wave|p1a: Snorlax|[spread] \n|-activate|p1a: Snorlax|move: Protect\n|-miss|p2a: Magmortar|p1b: Sinistcha\n|\n|upkeep\n|turn|3\n|\n|t:|1699208591\n|switch|p2b: Chi-Yu|Chi-Yu|100\/100\n|-ability|p2b: Chi-Yu|Beads of Ruin\n|move|p1b: Sinistcha|Protect|p1b: Sinistcha\n|-singleturn|p1b: Sinistcha|Protect\n|move|p2a: Magmortar|Heat Wave|p1a: Snorlax|[spread] p1a\n|-activate|p1b: Sinistcha|move: Protect\n|-damage|p1a: Snorlax|60\/100\n|move|p1a: Snorlax|Facade|p2a: Magmortar\n|-damage|p2a: Magmortar|0 fnt\n|faint|p2a: Magmortar\n|\n|upkeep\n|\n|t:|1699208613\n|switch|p2a: Heliolisk|Heliolisk, M, shiny|100\/100\n|turn|4\n|\n|t:|1699208622\n|switch|p2b: Torkoal|Torkoal, M|100\/100\n|-weather|SunnyDay|[from] ability: Drought|[of] p2b: Torkoal\n|move|p2a: Heliolisk|Weather Ball|p1a: Snorlax\n|-damage|p1a: Snorlax|36\/100\n|move|p1b: Sinistcha|Matcha Gotcha|p2b: Torkoal|[spread] p2a,p2b\n|-resisted|p2b: Torkoal\n|-damage|p2a: Heliolisk|68\/100\n|-damage|p2b: Torkoal|89\/100\n|move|p1a: Snorlax|Facade|p2b: Torkoal\n|-damage|p2b: Torkoal|0 fnt\n|faint|p2b: Torkoal\n|\n|-weather|SunnyDay|[upkeep]\n|-damage|p2a: Heliolisk|55\/100|[from] ability: Solar Power|[of] p2a: Heliolisk\n|upkeep\n|\n|t:|1699208630\n|switch|p2b: Typhlosion|Typhlosion, F|100\/100\n|turn|5\n|\n|t:|1699208644\n|move|p1b: Sinistcha|Rage Powder|p1b: Sinistcha\n|-singleturn|p1b: Sinistcha|move: Rage Powder\n|move|p2a: Heliolisk|Weather Ball|p1b: Sinistcha\n|-supereffective|p1b: Sinistcha\n|-damage|p1b: Sinistcha|0 fnt\n|faint|p1b: Sinistcha\n|move|p2b: Typhlosion|Eruption|p1a: Snorlax\n|-damage|p1a: Snorlax|1\/100\n|move|p1a: Snorlax|High Horsepower|p2b: Typhlosion\n|-supereffective|p2b: Typhlosion\n|-damage|p2b: Typhlosion|0 fnt\n|faint|p2b: Typhlosion\n|\n|-weather|SunnyDay|[upkeep]\n|-damage|p2a: Heliolisk|43\/100|[from] ability: Solar Power|[of] p2a: Heliolisk\n|upkeep\n|\n|t:|1699208663\n|switch|p2b: Chi-Yu|Chi-Yu|100\/100\n|switch|p1b: Clefairy|Clefairy, M|71\/100\n|-ability|p2b: Chi-Yu|Beads of Ruin\n|turn|6\n|c|\u2606GunGalione|Snorlax is a fucking goat\n|\n|t:|1699208677\n|move|p1a: Snorlax|Protect|p1a: Snorlax\n|-singleturn|p1a: Snorlax|Protect\n|move|p1b: Clefairy|Follow Me|p1b: Clefairy\n|-singleturn|p1b: Clefairy|move: Follow Me\n|move|p2a: Heliolisk|Weather Ball|p1b: Clefairy\n|-damage|p1b: Clefairy|0 fnt\n|faint|p1b: Clefairy\n|move|p2b: Chi-Yu|Heat Wave|p1a: Snorlax\n|-activate|p1a: Snorlax|move: Protect\n|\n|-weather|SunnyDay|[upkeep]\n|-damage|p2a: Heliolisk|31\/100|[from] ability: Solar Power|[of] p2a: Heliolisk\n|upkeep\n|\n|t:|1699208690\n|switch|p1b: Landorus|Landorus-Therian, M|100\/100\n|-ability|p1b: Landorus|Intimidate|boost\n|-unboost|p2a: Heliolisk|atk|1\n|-unboost|p2b: Chi-Yu|atk|1\n|turn|7\n|\n|t:|1699208708\n|move|p2a: Heliolisk|Weather Ball|p1b: Landorus\n|-damage|p1b: Landorus|0 fnt\n|faint|p1b: Landorus\n|move|p2b: Chi-Yu|Dark Pulse|p1a: Snorlax\n|-damage|p1a: Snorlax|0 fnt\n|faint|p1a: Snorlax\n|\n|-weather|SunnyDay|[upkeep]\n|-damage|p2a: Heliolisk|18\/100|[from] ability: Solar Power|[of] p2a: Heliolisk\n|upkeep\n|\n|t:|1699208717\n|switch|p1b: Iron Hands|Iron Hands|100\/100\n|switch|p1a: Kommo-o|Kommo-o, M|100\/100\n|turn|8\n|\n|t:|1699208729\n|switch|p2a: Salazzle|Salazzle, F|100\/100\n|move|p1b: Iron Hands|Fake Out|p2a: Salazzle\n|-crit|p2a: Salazzle\n|-damage|p2a: Salazzle|69\/100\n|move|p2b: Chi-Yu|Ruination|p1a: Kommo-o\n|-damage|p1a: Kommo-o|50\/100\n|move|p1a: Kommo-o|Clangorous Soul|p1a: Kommo-o\n|-boost|p1a: Kommo-o|atk|1\n|-boost|p1a: Kommo-o|def|1\n|-boost|p1a: Kommo-o|spa|1\n|-boost|p1a: Kommo-o|spd|1\n|-boost|p1a: Kommo-o|spe|1\n|-damage|p1a: Kommo-o|18\/100\n|-enditem|p1a: Kommo-o|Throat Spray\n|-boost|p1a: Kommo-o|spa|1|[from] item: Throat Spray\n|\n|-weather|SunnyDay|[upkeep]\n|upkeep\n|turn|9\n|\n|t:|1699208757\n|move|p1a: Kommo-o|Protect|p1a: Kommo-o\n|-singleturn|p1a: Kommo-o|Protect\n|move|p2a: Salazzle|Fake Out|p1a: Kommo-o\n|-activate|p1a: Kommo-o|move: Protect\n|move|p2b: Chi-Yu|Heat Wave|p1b: Iron Hands|[spread] p1b\n|-activate|p1a: Kommo-o|move: Protect\n|-damage|p1b: Iron Hands|59\/100\n|-status|p1b: Iron Hands|brn\n|move|p1b: Iron Hands|Heavy Slam|p2b: Chi-Yu\n|-resisted|p2b: Chi-Yu\n|-damage|p2b: Chi-Yu|82\/100\n|\n|-weather|SunnyDay|[upkeep]\n|-damage|p1b: Iron Hands|53\/100 brn|[from] brn\n|upkeep\n|turn|10\n|\n|t:|1699208776\n|move|p2b: Chi-Yu|Protect|p2b: Chi-Yu\n|-singleturn|p2b: Chi-Yu|Protect\n|move|p1a: Kommo-o|Clanging Scales|p2b: Chi-Yu|[spread] p2a\n|-activate|p2b: Chi-Yu|move: Protect\n|-damage|p2a: Salazzle|0 fnt\n|faint|p2a: Salazzle\n|-unboost|p1a: Kommo-o|def|1\n|move|p1b: Iron Hands|Drain Punch|p2b: Chi-Yu\n|-activate|p2b: Chi-Yu|move: Protect\n|\n|-weather|SunnyDay|[upkeep]\n|-damage|p1b: Iron Hands|46\/100 brn|[from] brn\n|upkeep\n|\n|t:|1699208782\n|switch|p2a: Heliolisk|Heliolisk, M, shiny|18\/100\n|turn|11\n|\n|t:|1699208793\n|move|p2a: Heliolisk|Hyper Voice|p1a: Kommo-o|[spread] p1a,p1b\n|-damage|p1a: Kommo-o|0 fnt\n|-damage|p1b: Iron Hands|15\/100 brn\n|faint|p1a: Kommo-o\n|move|p2b: Chi-Yu|Heat Wave|p1b: Iron Hands\n|-damage|p1b: Iron Hands|0 fnt\n|faint|p1b: Iron Hands\n|-end|p1b: Iron Hands|Quark Drive|[silent]\n|\n|win|GunGalione\n|raw|CohenSenpai's rating: 1105 &rarr; <strong>1086<\/strong><br \/>(-19 for losing)\n|raw|GunGalione's rating: 1196 &rarr; <strong>1215<\/strong><br \/>(+19 for winning)\n|c|\u2606GunGalione|Gg you got this I think\n|c|\u2606GunGalione|Oh.\n|l|\u203dCohenSenpai\n|c|\u2606GunGalione|Nvm\n","uploadtime":1699208808,"views":5,"p1id":"cohensenpai","p2id":"gungalione","formatid":"gen9nationaldexdoubles","rating":1086,"private":0,"password":""}