{"id":"gen9nationaldexdoubles-1990477852","p1":"Skye32","p2":"MademoiselleFurina","format":"[Gen 9] National Dex Doubles","log":"|j|\u2606Skye32\n|j|\u2606MademoiselleFurina\n|t:|1699974628\n|gametype|doubles\n|player|p1|Skye32|169|\n|player|p2|MademoiselleFurina|evelyn|\n|teamsize|p1|6\n|teamsize|p2|6\n|gen|9\n|tier|[Gen 9] National Dex Doubles\n|rule|HP Percentage Mod: HP is shown in percentages\n|rule|Endless Battle Clause: Forcing endless battles is banned\n|rule|OHKO Clause: OHKO moves are banned\n|rule|Evasion Moves Clause: Evasion moves are banned\n|rule|Evasion Abilities Clause: Evasion abilities are banned\n|rule|Species Clause: Limit one of each Pok\u00e9mon\n|rule|Gravity Sleep Clause: The combination of sleep-inducing moves with imperfect accuracy and Gravity or Gigantamax Orbeetle are banned\n|clearpoke\n|poke|p1|Carbink|\n|poke|p1|Arcanine-Hisui, F|\n|poke|p1|Tyranitar, M|\n|poke|p1|Coalossal, M|\n|poke|p1|Drednaw, M|\n|poke|p1|Golem-Alola, M|\n|poke|p2|Ferrothorn, M|\n|poke|p2|Rotom-Wash|\n|poke|p2|Centiskorch, M|\n|poke|p2|Gallade, M|\n|poke|p2|Ribombee, M|\n|poke|p2|Landorus-Therian, M|\n|teampreview\n|\n|t:|1699974641\n|start\n|switch|p1a: Drednaw|Drednaw, M|100\/100\n|switch|p1b: Coalossal|Coalossal, M|100\/100\n|switch|p2a: Ferrothorn|Ferrothorn, M|100\/100\n|switch|p2b: Ribombee|Ribombee, M|100\/100\n|turn|1\n|\n|t:|1699974668\n|-terastallize|p1b: Coalossal|Grass\n|move|p2b: Ribombee|Energy Ball|p1a: Drednaw\n|-supereffective|p1a: Drednaw\n|-damage|p1a: Drednaw|0 fnt\n|faint|p1a: Drednaw\n|move|p1b: Coalossal|Scorching Sands|p2a: Ferrothorn\n|-damage|p2a: Ferrothorn|87\/100\n|move|p2a: Ferrothorn|Stealth Rock|p1b: Coalossal\n|-sidestart|p1: Skye32|move: Stealth Rock\n|\n|upkeep\n|\n|t:|1699974685\n|switch|p1a: Carbink|Carbink|100\/100\n|-damage|p1a: Carbink|88\/100|[from] Stealth Rock\n|turn|2\n|\n|t:|1699974703\n|move|p2b: Ribombee|Sticky Web|p1a: Carbink\n|-sidestart|p1: Skye32|move: Sticky Web\n|move|p1b: Coalossal|Power Gem|p2b: Ribombee\n|-supereffective|p2b: Ribombee\n|-enditem|p2b: Ribombee|Focus Sash\n|-damage|p2b: Ribombee|1\/100\n|move|p2a: Ferrothorn|Gyro Ball|p1a: Carbink\n|-supereffective|p1a: Carbink\n|-damage|p1a: Carbink|29\/100\n|move|p1a: Carbink|Trick Room|p1a: Carbink\n|-fieldstart|move: Trick Room|[of] p1a: Carbink\n|\n|upkeep\n|turn|3\n|\n|t:|1699974745\n|move|p2a: Ferrothorn|Gyro Ball|p1a: Carbink\n|-supereffective|p1a: Carbink\n|-damage|p1a: Carbink|0 fnt\n|faint|p1a: Carbink\n|move|p1b: Coalossal|Scald|p2b: Ribombee\n|-damage|p2b: Ribombee|0 fnt\n|faint|p2b: Ribombee\n|\n|upkeep\n|\n|t:|1699974761\n|switch|p1a: Arcanine|Arcanine-Hisui, F|100\/100\n|switch|p2b: Centiskorch|Centiskorch, M|100\/100\n|-damage|p1a: Arcanine|76\/100|[from] Stealth Rock\n|-activate|p1a: Arcanine|move: Sticky Web\n|-unboost|p1a: Arcanine|spe|1\n|turn|4\n|\n|t:|1699974792\n|-terastallize|p2b: Centiskorch|Steel\n|move|p2a: Ferrothorn|Gyro Ball|p1a: Arcanine\n|-damage|p1a: Arcanine|57\/100\n|move|p1a: Arcanine|Raging Fury|p2b: Centiskorch\n|-start|p2b: Centiskorch|ability: Flash Fire\n|move|p1b: Coalossal|Power Gem|p2b: Centiskorch\n|-resisted|p2b: Centiskorch\n|-damage|p2b: Centiskorch|89\/100\n|move|p2b: Centiskorch|Coil|p2b: Centiskorch\n|-boost|p2b: Centiskorch|atk|1\n|-boost|p2b: Centiskorch|def|1\n|-boost|p2b: Centiskorch|accuracy|1\n|\n|-heal|p2b: Centiskorch|95\/100|[from] item: Leftovers\n|upkeep\n|turn|5\n|\n|t:|1699974815\n|switch|p1a: Golem|Golem-Alola, M|100\/100\n|-damage|p1a: Golem|88\/100|[from] Stealth Rock\n|-activate|p1a: Golem|move: Sticky Web\n|-unboost|p1a: Golem|spe|1\n|move|p2a: Ferrothorn|Thunder|p1a: Golem|[miss]\n|-miss|p2a: Ferrothorn|p1a: Golem\n|move|p1b: Coalossal|Scorching Sands|p2b: Centiskorch\n|-supereffective|p2b: Centiskorch\n|-crit|p2b: Centiskorch\n|-damage|p2b: Centiskorch|48\/100\n|move|p2b: Centiskorch|Coil|p2b: Centiskorch\n|-boost|p2b: Centiskorch|atk|1\n|-boost|p2b: Centiskorch|def|1\n|-boost|p2b: Centiskorch|accuracy|1\n|\n|-heal|p2b: Centiskorch|55\/100|[from] item: Leftovers\n|upkeep\n|turn|6\n|\n|t:|1699974838\n|move|p2a: Ferrothorn|Explosion|p1a: Golem|[spread] p2b,p1a,p1b\n|-resisted|p2b: Centiskorch\n|-resisted|p1a: Golem\n|-crit|p1b: Coalossal\n|-damage|p2b: Centiskorch|45\/100\n|-damage|p1a: Golem|74\/100\n|-damage|p1b: Coalossal|55\/100\n|faint|p2a: Ferrothorn\n|move|p1a: Golem|Body Press|p2b: Centiskorch\n|-supereffective|p2b: Centiskorch\n|-damage|p2b: Centiskorch|23\/100\n|move|p1b: Coalossal|Scorching Sands|p2b: Centiskorch\n|-supereffective|p2b: Centiskorch\n|-damage|p2b: Centiskorch|0 fnt\n|faint|p2b: Centiskorch\n|\n|-fieldend|move: Trick Room\n|upkeep\n|\n|t:|1699974858\n|switch|p2b: Rotom|Rotom-Wash|100\/100\n|switch|p2a: Landorus|Landorus-Therian, M|100\/100\n|-ability|p2a: Landorus|Intimidate|boost\n|-unboost|p1a: Golem|atk|1\n|-unboost|p1b: Coalossal|atk|1\n|turn|7\n|\n|t:|1699974879\n|move|p2a: Landorus|Earthquake|p1a: Golem|[spread] p1a,p1b\n|-immune|p2b: Rotom|[from] ability: Levitate\n|-supereffective|p1a: Golem\n|-resisted|p1b: Coalossal\n|-damage|p1a: Golem|0 fnt\n|-damage|p1b: Coalossal|34\/100\n|faint|p1a: Golem\n|-damage|p2a: Landorus|91\/100|[from] item: Life Orb\n|move|p2b: Rotom|Signal Beam|p1b: Coalossal\n|-supereffective|p1b: Coalossal\n|-damage|p1b: Coalossal|0 fnt\n|faint|p1b: Coalossal\n|-damage|p2b: Rotom|91\/100|[from] item: Life Orb\n|\n|upkeep\n|\n|t:|1699974892\n|switch|p1b: Arcanine|Arcanine-Hisui, F|57\/100\n|switch|p1a: Tyranitar|Tyranitar, M|100\/100\n|-damage|p1a: Tyranitar|88\/100|[from] Stealth Rock\n|-activate|p1a: Tyranitar|move: Sticky Web\n|-unboost|p1a: Tyranitar|spe|1\n|-weather|Sandstorm|[from] ability: Sand Stream|[of] p1a: Tyranitar\n|-damage|p1b: Arcanine|32\/100|[from] Stealth Rock\n|-activate|p1b: Arcanine|move: Sticky Web\n|-unboost|p1b: Arcanine|spe|1\n|turn|8\n|\n|t:|1699974907\n|move|p1b: Arcanine|Extreme Speed|p2a: Landorus\n|-damage|p2a: Landorus|45\/100\n|move|p2a: Landorus|Earthquake|p1b: Arcanine|[spread] p1a,p1b\n|-immune|p2b: Rotom|[from] ability: Levitate\n|-supereffective|p1a: Tyranitar\n|-supereffective|p1b: Arcanine\n|-damage|p1a: Tyranitar|0 fnt\n|-damage|p1b: Arcanine|0 fnt\n|faint|p1a: Tyranitar\n|faint|p1b: Arcanine\n|-damage|p2a: Landorus|35\/100|[from] item: Life Orb\n|\n|win|MademoiselleFurina\n|c|\u2606MademoiselleFurina|gg\n|c|\u2606Skye32|Gg wp\n|l|\u2606Skye32\n","uploadtime":1699974938,"views":21,"p1id":"skye32","p2id":"mademoisellefurina","formatid":"gen9nationaldexdoubles","rating":0,"private":0,"password":""}