{"id":"gen9nationaldexdoubles-1979305272","p1":"Sakura the blossom","p2":"KraNyan","format":"[Gen 9] National Dex Doubles","log":"|j|\u2606Sakura the blossom\n|j|\u2606KraNyan\n|t:|1698669071\n|gametype|doubles\n|player|p1|Sakura the blossom|caitlin|\n|player|p2|KraNyan|101|\n|teamsize|p1|6\n|teamsize|p2|6\n|gen|9\n|tier|[Gen 9] National Dex Doubles\n|rule|HP Percentage Mod: HP is shown in percentages\n|rule|Endless Battle Clause: Forcing endless battles is banned\n|rule|OHKO Clause: OHKO moves are banned\n|rule|Evasion Moves Clause: Evasion moves are banned\n|rule|Evasion Abilities Clause: Evasion abilities are banned\n|rule|Species Clause: Limit one of each Pok\u00e9mon\n|rule|Gravity Sleep Clause: The combination of sleep-inducing moves with imperfect accuracy and Gravity or Gigantamax Orbeetle are banned\n|clearpoke\n|poke|p1|Armarouge, F|\n|poke|p1|Indeedee-F, F|\n|poke|p1|Maushold|\n|poke|p1|Gardevoir, F|\n|poke|p1|Farigiraf, M|\n|poke|p1|Kommo-o, M|\n|poke|p2|Oranguru, F|\n|poke|p2|Charizard, M|\n|poke|p2|Torkoal, F|\n|poke|p2|Mr. Mime, F|\n|poke|p2|Ferrothorn, F|\n|poke|p2|Weavile, F|\n|teampreview\n|inactive|Battle timer is ON: inactive players will automatically lose when time's up. (requested by Sakura the blossom)\n|\n|t:|1698669088\n|start\n|switch|p1a: Indeedee|Indeedee-F, F|100\/100\n|switch|p1b: Armarouge|Armarouge, F|100\/100\n|switch|p2a: Mr. Mime|Mr. Mime, F|100\/100\n|switch|p2b: Ferrothorn|Ferrothorn, F|100\/100\n|-fieldstart|move: Psychic Terrain|[from] ability: Psychic Surge|[of] p1a: Indeedee\n|-enditem|p1a: Indeedee|Psychic Seed\n|-boost|p1a: Indeedee|spd|1|[from] item: Psychic Seed\n|turn|1\n|c|\u2606Sakura the blossom|Gl hf\n|\n|t:|1698669112\n|move|p2a: Mr. Mime|Protect|p2a: Mr. Mime\n|-singleturn|p2a: Mr. Mime|Protect\n|move|p1b: Armarouge|Armor Cannon|p2b: Ferrothorn\n|-supereffective|p2b: Ferrothorn\n|-damage|p2b: Ferrothorn|0 fnt\n|-unboost|p1b: Armarouge|def|1\n|-unboost|p1b: Armarouge|spd|1\n|faint|p2b: Ferrothorn\n|move|p1a: Indeedee|Imprison|p1a: Indeedee\n|-start|p1a: Indeedee|move: Imprison\n|\n|upkeep\n|c|\u2606KraNyan|You too!:D\n|\n|t:|1698669127\n|switch|p2b: Charizard|Charizard, M|100\/100\n|turn|2\n|\n|t:|1698669145\n|detailschange|p2b: Charizard|Charizard-Mega-Y, M\n|-mega|p2b: Charizard|Charizard|Charizardite Y\n|-weather|SunnyDay|[from] ability: Drought|[of] p2b: Charizard\n|move|p1a: Indeedee|Follow Me|p1a: Indeedee\n|-singleturn|p1a: Indeedee|move: Follow Me\n|move|p2b: Charizard|Air Slash|p1a: Indeedee\n|-damage|p1a: Indeedee|71\/100\n|move|p2a: Mr. Mime|Light Screen|p2a: Mr. Mime\n|-sidestart|p2: KraNyan|move: Light Screen\n|move|p1b: Armarouge|Expanding Force|p2a: Mr. Mime|[spread] p2a,p2b\n|-resisted|p2a: Mr. Mime\n|-damage|p2a: Mr. Mime|80\/100\n|-damage|p2b: Charizard|57\/100\n|\n|-weather|SunnyDay|[upkeep]\n|-heal|p2a: Mr. Mime|86\/100|[from] item: Leftovers\n|upkeep\n|turn|3\n|inactive|KraNyan has 270 seconds left.\n|\n|t:|1698669202\n|switch|p2a: Weavile|Weavile, F|100\/100\n|move|p2b: Charizard|Protect|p2b: Charizard\n|-singleturn|p2b: Charizard|Protect\n|move|p1a: Indeedee|Follow Me|p1a: Indeedee\n|-singleturn|p1a: Indeedee|move: Follow Me\n|move|p1b: Armarouge|Expanding Force|p2b: Charizard|[spread] \n|-activate|p2b: Charizard|move: Protect\n|-immune|p2a: Weavile\n|\n|-weather|SunnyDay|[upkeep]\n|upkeep\n|turn|4\n|\n|t:|1698669220\n|move|p1b: Armarouge|Endure|p1b: Armarouge\n|-singleturn|p1b: Armarouge|move: Endure\n|move|p2a: Weavile|Ice Spinner|p1a: Indeedee\n|-damage|p1a: Indeedee|33\/100\n|-fieldend|move: Psychic Terrain\n|move|p2b: Charizard|Air Slash|p1b: Armarouge\n|-damage|p1b: Armarouge|16\/100\n|move|p1a: Indeedee|Dazzling Gleam|p2a: Weavile|[spread] p2a,p2b\n|-supereffective|p2a: Weavile\n|-resisted|p2b: Charizard\n|-damage|p2a: Weavile|77\/100\n|-damage|p2b: Charizard|53\/100\n|\n|-weather|SunnyDay|[upkeep]\n|upkeep\n|turn|5\n|inactive|KraNyan has 270 seconds left.\n|\n|t:|1698669244\n|switch|p1b: Farigiraf|Farigiraf, M|100\/100\n|move|p1a: Indeedee|Follow Me|p1a: Indeedee\n|-singleturn|p1a: Indeedee|move: Follow Me\n|move|p2a: Weavile|X-Scissor|p1a: Indeedee\n|-supereffective|p1a: Indeedee\n|-damage|p1a: Indeedee|0 fnt\n|faint|p1a: Indeedee\n|move|p2b: Charizard|Air Slash|p1b: Farigiraf\n|-crit|p1b: Farigiraf\n|-damage|p1b: Farigiraf|53\/100\n|\n|-weather|SunnyDay|[upkeep]\n|upkeep\n|inactive|Sakura the blossom has 270 seconds left.\n|\n|t:|1698669263\n|switch|p1a: Maushold|Maushold|100\/100\n|turn|6\n|inactive|KraNyan has 270 seconds left.\n|\n|t:|1698669290\n|move|p2b: Charizard|Protect|p2b: Charizard\n|-singleturn|p2b: Charizard|Protect\n|move|p1a: Maushold|Follow Me|p1a: Maushold\n|-singleturn|p1a: Maushold|move: Follow Me\n|move|p2a: Weavile|X-Scissor|p1a: Maushold\n|-damage|p1a: Maushold|52\/100\n|move|p1b: Farigiraf|Thunder Wave|p2b: Charizard\n|-activate|p2b: Charizard|move: Protect\n|\n|-weather|none\n|-heal|p1a: Maushold|58\/100|[from] item: Leftovers\n|-sideend|p2: KraNyan|move: Light Screen\n|upkeep\n|turn|7\n|inactive|KraNyan has 270 seconds left.\n|\n|t:|1698669333\n|switch|p2b: Mr. Mime|Mr. Mime, F|86\/100\n|move|p1a: Maushold|Thunder Wave|p2a: Weavile\n|-status|p2a: Weavile|par\n|move|p2a: Weavile|Night Slash|p1a: Maushold\n|-damage|p1a: Maushold|0 fnt\n|faint|p1a: Maushold\n|move|p1b: Farigiraf|Thunder Wave|p2b: Mr. Mime\n|-status|p2b: Mr. Mime|par\n|\n|-heal|p2b: Mr. Mime|91\/100 par|[from] item: Leftovers\n|upkeep\n|inactive|Sakura the blossom has 270 seconds left.\n|\n|t:|1698669361\n|switch|p1a: Kommo-o|Kommo-o, M|100\/100\n|turn|8\n|inactive|KraNyan has 270 seconds left.\n|\n|t:|1698669396\n|move|p1a: Kommo-o|Clangorous Soul|p1a: Kommo-o\n|-boost|p1a: Kommo-o|atk|1\n|-boost|p1a: Kommo-o|def|1\n|-boost|p1a: Kommo-o|spa|1\n|-boost|p1a: Kommo-o|spd|1\n|-boost|p1a: Kommo-o|spe|1\n|-damage|p1a: Kommo-o|68\/100\n|move|p2a: Weavile|Ice Spinner|p1a: Kommo-o\n|-supereffective|p1a: Kommo-o\n|-damage|p1a: Kommo-o|15\/100\n|move|p1b: Farigiraf|Dazzling Gleam|p2a: Weavile|[spread] p2a,p2b\n|-supereffective|p2a: Weavile\n|-damage|p2a: Weavile|37\/100 par\n|-damage|p2b: Mr. Mime|76\/100 par\n|cant|p2b: Mr. Mime|par\n|\n|-heal|p2b: Mr. Mime|82\/100 par|[from] item: Leftovers\n|upkeep\n|turn|9\n|inactive|KraNyan has 270 seconds left.\n|\n|t:|1698669421\n|move|p2b: Mr. Mime|Follow Me|p2b: Mr. Mime\n|-singleturn|p2b: Mr. Mime|move: Follow Me\n|move|p1a: Kommo-o|Drain Punch|p2b: Mr. Mime\n|-resisted|p2b: Mr. Mime\n|-damage|p2b: Mr. Mime|51\/100 par\n|-heal|p1a: Kommo-o|27\/100|[from] drain|[of] p2b: Mr. Mime\n|move|p2a: Weavile|Ice Spinner|p1a: Kommo-o\n|-supereffective|p1a: Kommo-o\n|-damage|p1a: Kommo-o|0 fnt\n|faint|p1a: Kommo-o\n|move|p1b: Farigiraf|Shadow Ball|p2b: Mr. Mime\n|-supereffective|p2b: Mr. Mime\n|-damage|p2b: Mr. Mime|20\/100 par\n|\n|-heal|p2b: Mr. Mime|26\/100 par|[from] item: Leftovers\n|upkeep\n|inactive|Sakura the blossom has 270 seconds left.\n|\n|t:|1698669437\n|switch|p1a: Gardevoir|Gardevoir, F|100\/100\n|-ability|p1a: Gardevoir|Filter|[from] ability: Trace|[of] p2b: Mr. Mime\n|turn|10\n|\n|t:|1698669456\n|switch|p1b: Armarouge|Armarouge, F|16\/100\n|detailschange|p1a: Gardevoir|Gardevoir-Mega, F\n|-mega|p1a: Gardevoir|Gardevoir|Gardevoirite\n|cant|p2b: Mr. Mime|par\n|move|p1a: Gardevoir|Hyper Voice|p2b: Mr. Mime|[spread] p2a,p2b\n|-supereffective|p2a: Weavile\n|-damage|p2a: Weavile|0 fnt\n|-damage|p2b: Mr. Mime|0 fnt\n|faint|p2a: Weavile\n|faint|p2b: Mr. Mime\n|\n|upkeep\n|inactive|KraNyan has 270 seconds left.\n|\n|t:|1698669478\n|switch|p2a: Oranguru|Oranguru, F|100\/100\n|switch|p2b: Charizard|Charizard-Mega-Y, M|53\/100\n|-weather|SunnyDay|[from] ability: Drought|[of] p2b: Charizard\n|turn|11\n|\n|t:|1698669488\n|move|p2b: Charizard|Heat Wave|p1a: Gardevoir|[spread] \n|-miss|p2b: Charizard|p1a: Gardevoir\n|-miss|p2b: Charizard|p1b: Armarouge\n|move|p1a: Gardevoir|Expanding Force|p2b: Charizard\n|-damage|p2b: Charizard|6\/100\n|move|p1b: Armarouge|Destiny Bond|p1b: Armarouge\n|-singlemove|p1b: Armarouge|Destiny Bond\n|move|p2a: Oranguru|Instruct|p2b: Charizard\n|-singleturn|p2b: Charizard|move: Instruct|[of] p2a: Oranguru\n|move|p2b: Charizard|Heat Wave|p1b: Armarouge|[spread] p1a,p1b\n|-resisted|p1b: Armarouge\n|-damage|p1a: Gardevoir|43\/100\n|-damage|p1b: Armarouge|0 fnt\n|faint|p1b: Armarouge\n|-activate|p1b: Armarouge|move: Destiny Bond\n|faint|p2b: Charizard\n|\n|-weather|SunnyDay|[upkeep]\n|upkeep\n|c|\u2606KraNyan|Waaat\n|c|\u2606Sakura the blossom|Bye zard\n|\n|t:|1698669510\n|switch|p2b: Torkoal|Torkoal, F|100\/100\n|switch|p1b: Farigiraf|Farigiraf, M|53\/100\n|turn|12\n|\n|t:|1698669533\n|move|p1a: Gardevoir|Expanding Force|p2b: Torkoal\n|-damage|p2b: Torkoal|36\/100\n|move|p1b: Farigiraf|Shadow Ball|p2b: Torkoal\n|-crit|p2b: Torkoal\n|-damage|p2b: Torkoal|0 fnt\n|faint|p2b: Torkoal\n|move|p2a: Oranguru|Trick Room|p2a: Oranguru\n|-fieldstart|move: Trick Room|[of] p2a: Oranguru\n|\n|-weather|SunnyDay|[upkeep]\n|upkeep\n|turn|13\n|c|\u2606KraNyan|NOSISHAIQ\n|c|\u2606KraNyan|Gg i lost\n|\n|t:|1698669555\n|move|p2a: Oranguru|Light Screen|p2a: Oranguru\n|-sidestart|p2: KraNyan|move: Light Screen\n|move|p1b: Farigiraf|Thunder Wave|p2a: Oranguru\n|-status|p2a: Oranguru|par\n|move|p1a: Gardevoir|Hyper Voice|p2a: Oranguru\n|-damage|p2a: Oranguru|62\/100 par\n|\n|-weather|SunnyDay|[upkeep]\n|upkeep\n|turn|14\n|c|\u2606Sakura the blossom|Gg\n|\n|t:|1698669569\n|move|p2a: Oranguru|Instruct|p1a: Gardevoir\n|-singleturn|p1a: Gardevoir|move: Instruct|[of] p2a: Oranguru\n|move|p1a: Gardevoir|Hyper Voice|p2a: Oranguru\n|-damage|p2a: Oranguru|25\/100 par\n|move|p1b: Farigiraf|Psyshock|p2a: Oranguru\n|-resisted|p2a: Oranguru\n|-damage|p2a: Oranguru|19\/100 par\n|move|p1a: Gardevoir|Hyper Voice|p2a: Oranguru\n|-damage|p2a: Oranguru|0 fnt\n|faint|p2a: Oranguru\n|\n|win|Sakura the blossom\n|c|\u2606KraNyan|BAHAHAHAH INSTRUCT\n","uploadtime":1698669584,"views":10,"p1id":"sakuratheblossom","p2id":"kranyan","formatid":"gen9nationaldexdoubles","rating":0,"private":0,"password":""}