{"id":"gen9nationaldexdoubles-1950457919","p1":"Kaxxxx","p2":"Leviatan4","format":"[Gen 9] National Dex Doubles","log":"|j|\u2606Kaxxxx\n|j|\u2606Leviatan4\n|t:|1695475108\n|gametype|doubles\n|player|p1|Kaxxxx|steven|\n|player|p2|Leviatan4|scientist-gen4dp|\n|teamsize|p1|6\n|teamsize|p2|6\n|gen|9\n|tier|[Gen 9] National Dex Doubles\n|rule|HP Percentage Mod: HP is shown in percentages\n|rule|Endless Battle Clause: Forcing endless battles is banned\n|rule|OHKO Clause: OHKO moves are banned\n|rule|Evasion Moves Clause: Evasion moves are banned\n|rule|Evasion Abilities Clause: Evasion abilities are banned\n|rule|Species Clause: Limit one of each Pok\u00e9mon\n|rule|Gravity Sleep Clause: The combination of sleep-inducing moves with imperfect accuracy and Gravity or Gigantamax Orbeetle are banned\n|clearpoke\n|poke|p1|Tyranitar, M|\n|poke|p1|Ogerpon-Cornerstone, F|\n|poke|p1|Arcanine-Hisui, F|\n|poke|p1|Shuckle, M|\n|poke|p1|Aerodactyl, M|\n|poke|p1|Nihilego|\n|poke|p2|Scizor, M|\n|poke|p2|Lokix, F|\n|poke|p2|Volcarona, F|\n|poke|p2|Forretress, F|\n|poke|p2|Heracross, M|\n|poke|p2|Yanmega, M|\n|teampreview\n|j| El_Gran_Wigglytuff\n|\n|t:|1695475133\n|start\n|switch|p1a: zilla|Tyranitar, M|100\/100\n|switch|p1b: Shuck|Shuckle, M|100\/100\n|switch|p2a: Strength|Heracross, M|100\/100\n|switch|p2b: Yanmega|Yanmega, M|100\/100\n|-weather|Sandstorm|[from] ability: Sand Stream|[of] p1a: zilla\n|turn|1\n|c| El_Gran_Wigglytuff|Pasad por el Discord la repetici\u00f3n del anterior combate\n|c|\u2606Leviatan4|Ya\n|c|\u2606Leviatan4|Kax la pas\u00f3\n|c| El_Gran_Wigglytuff|Pas\u00f3 el link para ver el combt\n|\n|t:|1695475183\n|move|p1a: zilla|Protect|p1a: zilla\n|-singleturn|p1a: zilla|Protect\n|move|p2a: Strength|Earthquake|p1a: zilla|[spread] p1b\n|-activate|p1a: zilla|move: Protect\n|-immune|p2b: Yanmega\n|-damage|p1b: Shuck|87\/100\n|move|p2b: Yanmega|Giga Drain|p1a: zilla\n|-activate|p1a: zilla|move: Protect\n|move|p1b: Shuck|Toxic|p2a: Strength\n|-status|p2a: Strength|tox\n|\n|-weather|Sandstorm|[upkeep]\n|-damage|p2a: Strength|95\/100 tox|[from] Sandstorm\n|-damage|p2b: Yanmega|94\/100|[from] Sandstorm\n|-heal|p2b: Yanmega|100\/100|[from] item: Leftovers\n|-heal|p1b: Shuck|94\/100|[from] item: Leftovers\n|-damage|p2a: Strength|89\/100 tox|[from] psn\n|-ability|p2b: Yanmega|Speed Boost|boost\n|-boost|p2b: Yanmega|spe|1\n|upkeep\n|turn|2\n|c| El_Gran_Wigglytuff|Pero la repetici\u00f3n no la ha pasado nadie\n|\n|t:|1695475238\n|switch|p2a: Cannonball|Forretress, F|100\/100\n|switch|p1a: Nihilego|Nihilego|100\/100\n|move|p2b: Yanmega|Ancient Power|p1a: Nihilego\n|-damage|p1a: Nihilego|89\/100\n|move|p1b: Shuck|Rock Slide|p2a: Cannonball|[spread] p2a,p2b\n|-supereffective|p2b: Yanmega\n|-damage|p2a: Cannonball|98\/100\n|-damage|p2b: Yanmega|80\/100\n|\n|-weather|Sandstorm|[upkeep]\n|-damage|p2b: Yanmega|74\/100|[from] Sandstorm\n|-heal|p2b: Yanmega|80\/100|[from] item: Leftovers\n|-heal|p1b: Shuck|99\/100|[from] item: Leftovers\n|-ability|p2b: Yanmega|Speed Boost|boost\n|-boost|p2b: Yanmega|spe|1\n|upkeep\n|turn|3\n|\n|t:|1695475273\n|-terastallize|p2a: Cannonball|Fire\n|move|p2b: Yanmega|Ancient Power|p1b: Shuck\n|-supereffective|p1b: Shuck\n|-damage|p1b: Shuck|81\/100\n|move|p1a: Nihilego|Power Gem|p2b: Yanmega\n|-supereffective|p2b: Yanmega\n|-damage|p2b: Yanmega|0 fnt\n|faint|p2b: Yanmega\n|-ability|p1a: Nihilego|Beast Boost|boost\n|-boost|p1a: Nihilego|spa|1\n|move|p2a: Cannonball|Gyro Ball|p1a: Nihilego\n|-supereffective|p1a: Nihilego\n|-damage|p1a: Nihilego|14\/100\n|move|p1b: Shuck|Rock Slide|p2a: Cannonball\n|-supereffective|p2a: Cannonball\n|-damage|p2a: Cannonball|90\/100\n|\n|-weather|Sandstorm|[upkeep]\n|-damage|p2a: Cannonball|84\/100|[from] Sandstorm\n|-heal|p1b: Shuck|87\/100|[from] item: Leftovers\n|upkeep\n|\n|t:|1695475296\n|switch|p2b: Flash|Lokix, F|100\/100\n|turn|4\n|\n|t:|1695475307\n|switch|p1a: Aerodactyl|Aerodactyl, M|100\/100\n|move|p2b: Flash|First Impression|p1b: Shuck\n|-crit|p1b: Shuck\n|-damage|p1b: Shuck|46\/100\n|-damage|p2b: Flash|91\/100|[from] item: Life Orb\n|move|p2a: Cannonball|Gyro Ball|p1a: Aerodactyl\n|-supereffective|p1a: Aerodactyl\n|-damage|p1a: Aerodactyl|22\/100\n|move|p1b: Shuck|Rock Slide|p2a: Cannonball|[spread] p2a,p2b\n|-supereffective|p2a: Cannonball\n|-supereffective|p2b: Flash\n|-damage|p2a: Cannonball|78\/100\n|-damage|p2b: Flash|78\/100\n|\n|-weather|Sandstorm|[upkeep]\n|-damage|p2b: Flash|72\/100|[from] Sandstorm\n|-damage|p2a: Cannonball|72\/100|[from] Sandstorm\n|-heal|p1b: Shuck|52\/100|[from] item: Leftovers\n|upkeep\n|turn|5\n|\n|t:|1695475341\n|detailschange|p1a: Aerodactyl|Aerodactyl-Mega, M\n|-mega|p1a: Aerodactyl|Aerodactyl|Aerodactylite\n|move|p1a: Aerodactyl|Rock Slide|p2b: Flash|[spread] p2a,p2b\n|-supereffective|p2a: Cannonball\n|-supereffective|p2b: Flash\n|-damage|p2a: Cannonball|34\/100\n|-damage|p2b: Flash|0 fnt\n|faint|p2b: Flash\n|move|p2a: Cannonball|Gyro Ball|p1a: Aerodactyl\n|-supereffective|p1a: Aerodactyl\n|-damage|p1a: Aerodactyl|0 fnt\n|faint|p1a: Aerodactyl\n|move|p1b: Shuck|Sticky Web|p2a: Cannonball\n|-sidestart|p2: Leviatan4|move: Sticky Web\n|\n|-weather|Sandstorm|[upkeep]\n|-damage|p2a: Cannonball|28\/100|[from] Sandstorm\n|-heal|p1b: Shuck|58\/100|[from] item: Leftovers\n|upkeep\n|\n|t:|1695475357\n|switch|p1a: Nihilego|Nihilego|14\/100\n|switch|p2b: Ra|Volcarona, F, shiny|100\/100\n|-activate|p2b: Ra|move: Sticky Web\n|-unboost|p2b: Ra|spe|1\n|turn|6\n|\n|t:|1695475380\n|move|p1a: Nihilego|Sludge Wave|p2b: Ra|[spread] p1b,p2a,p2b\n|-resisted|p1b: Shuck\n|-crit|p1b: Shuck\n|-damage|p1b: Shuck|41\/100\n|-damage|p2a: Cannonball|0 fnt\n|-damage|p2b: Ra|45\/100\n|faint|p2a: Cannonball\n|-ability|p1a: Nihilego|Beast Boost|boost\n|-boost|p1a: Nihilego|spa|1\n|-zpower|p2b: Ra\n|move|p2b: Ra|Inferno Overdrive|p1b: Shuck|[zeffect]\n|-damage|p1b: Shuck|0 fnt\n|faint|p1b: Shuck\n|\n|-weather|Sandstorm|[upkeep]\n|-damage|p2b: Ra|39\/100|[from] Sandstorm\n|upkeep\n|\n|t:|1695475410\n|switch|p2a: New One|Scizor, M|100\/100\n|switch|p1b: Arca|Arcanine-Hisui, F|100\/100\n|-ability|p1b: Arca|Intimidate|boost\n|-unboost|p2a: New One|atk|1\n|-unboost|p2b: Ra|atk|1\n|-activate|p2a: New One|move: Sticky Web\n|-unboost|p2a: New One|spe|1\n|turn|7\n|\n|t:|1695475439\n|detailschange|p2a: New One|Scizor-Mega, M\n|-mega|p2a: New One|Scizor|Scizorite\n|move|p2a: New One|Bullet Punch|p1a: Nihilego\n|-supereffective|p1a: Nihilego\n|-damage|p1a: Nihilego|0 fnt\n|faint|p1a: Nihilego\n|move|p1b: Arca|Flare Blitz|p2a: New One\n|-supereffective|p2a: New One\n|-damage|p2a: New One|0 fnt\n|faint|p2a: New One\n|-damage|p1b: Arca|71\/100|[from] Recoil\n|move|p2b: Ra|Giga Drain|p1b: Arca\n|-damage|p1b: Arca|60\/100\n|-heal|p2b: Ra|46\/100|[from] drain|[of] p1b: Arca\n|\n|-weather|Sandstorm|[upkeep]\n|-damage|p2b: Ra|40\/100|[from] Sandstorm\n|upkeep\n|\n|t:|1695475454\n|switch|p1a: Ogerpon|Ogerpon-Cornerstone, F|100\/100\n|switch|p2a: Strength|Heracross, M|89\/100 tox\n|-activate|p2a: Strength|move: Sticky Web\n|-unboost|p2a: Strength|spe|1\n|turn|8\n|\n|t:|1695475490\n|move|p1b: Arca|Extreme Speed|p2a: Strength\n|-damage|p2a: Strength|56\/100 tox\n|move|p2a: Strength|Brick Break|p1b: Arca\n|-supereffective|p1b: Arca\n|-damage|p1b: Arca|0 fnt\n|faint|p1b: Arca\n|-ability|p2a: Strength|Moxie|boost\n|-boost|p2a: Strength|atk|1\n|move|p1a: Ogerpon|Knock Off|p2a: Strength\n|-resisted|p2a: Strength\n|-damage|p2a: Strength|33\/100 tox\n|-enditem|p2a: Strength|Choice Scarf|[from] move: Knock Off|[of] p1a: Ogerpon\n|move|p2b: Ra|Fire Blast|p1a: Ogerpon\n|-damage|p1a: Ogerpon|61\/100\n|\n|-weather|none\n|-damage|p2a: Strength|27\/100 tox|[from] psn\n|upkeep\n|\n|t:|1695475497\n|switch|p1b: zilla|Tyranitar, M|100\/100\n|-weather|Sandstorm|[from] ability: Sand Stream|[of] p1b: zilla\n|turn|9\n|\n|t:|1695475530\n|move|p1a: Ogerpon|Horn Leech|p2a: Strength\n|-resisted|p2a: Strength\n|-damage|p2a: Strength|3\/100 tox\n|-heal|p1a: Ogerpon|71\/100|[from] drain|[of] p2a: Strength\n|move|p1b: zilla|Rock Slide|p2b: Ra|[spread] p2a,p2b\n|-supereffective|p2b: Ra\n|-damage|p2a: Strength|0 fnt\n|-damage|p2b: Ra|0 fnt\n|faint|p2a: Strength\n|faint|p2b: Ra\n|\n|win|Kaxxxx\n|c|\u2606Leviatan4|gg\n|c|\u2606Kaxxxx|Uf\n|c|\u2606Kaxxxx|Gg\n","uploadtime":1695475543,"views":12,"p1id":"kaxxxx","p2id":"leviatan4","formatid":"gen9nationaldexdoubles","rating":0,"private":0,"password":""}