{"id":"gen9nationaldexdoubles-1956659259","p1":"XiuKaiMeiLiZhi","p2":"GrumpusChums","format":"[Gen 9] National Dex Doubles","log":"|j|\u2606XiuKaiMeiLiZhi\n|j|\u2606GrumpusChums\n|t:|1696131906\n|gametype|doubles\n|player|p1|XiuKaiMeiLiZhi|emmet|1000\n|player|p2|GrumpusChums|roxie|1015\n|teamsize|p1|6\n|teamsize|p2|6\n|gen|9\n|tier|[Gen 9] National Dex Doubles\n|rated|\n|rule|HP Percentage Mod: HP is shown in percentages\n|rule|Endless Battle Clause: Forcing endless battles is banned\n|rule|OHKO Clause: OHKO moves are banned\n|rule|Evasion Moves Clause: Evasion moves are banned\n|rule|Evasion Abilities Clause: Evasion abilities are banned\n|rule|Species Clause: Limit one of each Pok\u00e9mon\n|rule|Gravity Sleep Clause: The combination of sleep-inducing moves with imperfect accuracy and Gravity or Gigantamax Orbeetle are banned\n|clearpoke\n|poke|p1|Vullaby, F|\n|poke|p1|Hoopa-Unbound|\n|poke|p1|Regieleki|\n|poke|p1|Sableye, F|\n|poke|p1|Bisharp, M|\n|poke|p1|Wo-Chien|\n|poke|p2|Trevenant, M|\n|poke|p2|Charizard, F|\n|poke|p2|Regidrago|\n|poke|p2|Chien-Pao|\n|poke|p2|Eelektross, M|\n|poke|p2|Samurott-Hisui, M|\n|teampreview\n|\n|t:|1696131919\n|start\n|switch|p1a: Regieleki|Regieleki|100\/100\n|switch|p1b: Sableye|Sableye, F, shiny|100\/100\n|switch|p2a: Spicy|Charizard, F, shiny|100\/100\n|switch|p2b: Korok|Trevenant, M, shiny|100\/100\n|turn|1\n|\n|t:|1696131941\n|detailschange|p2a: Spicy|Charizard-Mega-Y, F, shiny\n|-mega|p2a: Spicy|Charizard|Charizardite Y\n|-weather|SunnyDay|[from] ability: Drought|[of] p2a: Spicy\n|detailschange|p1b: Sableye|Sableye-Mega, F, shiny\n|-mega|p1b: Sableye|Sableye|Sablenite\n|move|p1a: Regieleki|Volt Switch|p2a: Spicy\n|-supereffective|p2a: Spicy\n|-damage|p2a: Spicy|0 fnt\n|faint|p2a: Spicy\n|\n|t:|1696131957\n|switch|p1a: Hoopa|Hoopa-Unbound|100\/100|[from] Volt Switch\n|move|p2b: Korok|Shadow Claw|p1b: Sableye\n|-damage|p1b: Sableye|69\/100\n|move|p1b: Sableye|Nasty Plot|p1b: Sableye\n|-boost|p1b: Sableye|spa|2\n|\n|-weather|SunnyDay|[upkeep]\n|upkeep\n|\n|t:|1696131989\n|switch|p2a: Ferret|Chien-Pao|100\/100\n|-ability|p2a: Ferret|Sword of Ruin\n|turn|2\n|\n|t:|1696132003\n|move|p2a: Ferret|Ruination|p1a: Hoopa\n|-damage|p1a: Hoopa|51\/100\n|move|p1a: Hoopa|Brick Break|p2a: Ferret\n|-supereffective|p2a: Ferret\n|-damage|p2a: Ferret|0 fnt\n|faint|p2a: Ferret\n|move|p2b: Korok|Horn Leech|p1a: Hoopa\n|-damage|p1a: Hoopa|0 fnt\n|faint|p1a: Hoopa\n|move|p1b: Sableye|Dazzling Gleam|p2b: Korok\n|-damage|p2b: Korok|50\/100\n|\n|-weather|SunnyDay|[upkeep]\n|upkeep\n|\n|t:|1696132024\n|switch|p2a: Rawr|Regidrago|100\/100\n|switch|p1a: Vullaby|Vullaby, F, shiny|100\/100\n|turn|3\n|\n|t:|1696132044\n|move|p2a: Rawr|Reflect|p2a: Rawr\n|-sidestart|p2: GrumpusChums|Reflect\n|move|p1a: Vullaby|Knock Off|p2a: Rawr\n|-damage|p2a: Rawr|88\/100\n|-damage|p1a: Vullaby|84\/100|[from] item: Rocky Helmet|[of] p2a: Rawr\n|-enditem|p2a: Rawr|Rocky Helmet|[from] move: Knock Off|[of] p1a: Vullaby\n|move|p2b: Korok|Horn Leech|p1b: Sableye\n|-damage|p1b: Sableye|36\/100\n|-heal|p2b: Korok|66\/100|[from] drain|[of] p1b: Sableye\n|move|p1b: Sableye|Dazzling Gleam|p2a: Rawr|[spread] p2a,p2b\n|-supereffective|p2a: Rawr\n|-damage|p2a: Rawr|25\/100\n|-damage|p2b: Korok|28\/100\n|\n|-weather|SunnyDay|[upkeep]\n|upkeep\n|turn|4\n|\n|t:|1696132066\n|move|p2a: Rawr|Light Screen|p2a: Rawr\n|-sidestart|p2: GrumpusChums|move: Light Screen\n|move|p1a: Vullaby|Knock Off|p2b: Korok\n|-supereffective|p2b: Korok\n|-damage|p2b: Korok|0 fnt\n|-enditem|p2b: Korok|Starf Berry|[from] move: Knock Off|[of] p1a: Vullaby\n|faint|p2b: Korok\n|move|p1b: Sableye|Recover|p1b: Sableye\n|-heal|p1b: Sableye|87\/100\n|\n|-weather|SunnyDay|[upkeep]\n|upkeep\n|\n|t:|1696132079\n|switch|p2b: Grandpa|Samurott-Hisui, M, shiny|100\/100\n|turn|5\n|\n|t:|1696132090\n|move|p2b: Grandpa|Fury Cutter|p1b: Sableye|[miss]\n|-miss|p2b: Grandpa|p1b: Sableye\n|move|p2a: Rawr|Dragon Energy|p1a: Vullaby|[spread] p1a,p1b\n|-damage|p1a: Vullaby|66\/100\n|-damage|p1b: Sableye|70\/100\n|move|p1a: Vullaby|Knock Off|p2b: Grandpa\n|-resisted|p2b: Grandpa\n|-damage|p2b: Grandpa|91\/100\n|-enditem|p2b: Grandpa|Choice Band|[from] move: Knock Off|[of] p1a: Vullaby\n|move|p1b: Sableye|Dazzling Gleam|p2b: Grandpa|[spread] p2a,p2b\n|-supereffective|p2a: Rawr\n|-supereffective|p2b: Grandpa\n|-damage|p2a: Rawr|0 fnt\n|-damage|p2b: Grandpa|27\/100\n|faint|p2a: Rawr\n|\n|-weather|none\n|upkeep\n|\n|t:|1696132109\n|switch|p2a: Slippery|Eelektross, M|100\/100\n|turn|6\n|\n|t:|1696132118\n|move|p2b: Grandpa|Fury Cutter|p1b: Sableye\n|-damage|p1b: Sableye|50\/100\n|move|p1a: Vullaby|Knock Off|p2a: Slippery\n|-damage|p2a: Slippery|87\/100\n|-enditem|p2a: Slippery|Ability Shield|[from] move: Knock Off|[of] p1a: Vullaby\n|move|p2a: Slippery|Volt Switch|p1a: Vullaby\n|-supereffective|p1a: Vullaby\n|-damage|p1a: Vullaby|21\/100\n|move|p1b: Sableye|Nasty Plot|p1b: Sableye\n|-boost|p1b: Sableye|spa|2\n|\n|upkeep\n|turn|7\n|\n|t:|1696132139\n|-terastallize|p2a: Slippery|Electric\n|move|p2b: Grandpa|Fury Cutter|p1b: Sableye\n|-damage|p1b: Sableye|15\/100\n|move|p1a: Vullaby|Tailwind|p1a: Vullaby\n|-sidestart|p1: XiuKaiMeiLiZhi|move: Tailwind\n|move|p1b: Sableye|Dazzling Gleam|p2a: Slippery|[spread] p2a,p2b\n|-supereffective|p2b: Grandpa\n|-damage|p2a: Slippery|54\/100\n|-damage|p2b: Grandpa|0 fnt\n|faint|p2b: Grandpa\n|move|p2a: Slippery|Volt Switch|p1a: Vullaby\n|-supereffective|p1a: Vullaby\n|-damage|p1a: Vullaby|0 fnt\n|faint|p1a: Vullaby\n|\n|-sideend|p2: GrumpusChums|Reflect\n|upkeep\n|\n|t:|1696132154\n|switch|p1a: Bisharp|Bisharp, M, shiny|100\/100\n|turn|8\n|\n|t:|1696132174\n|move|p1a: Bisharp|Sucker Punch|p2a: Slippery\n|-damage|p2a: Slippery|19\/100\n|move|p1b: Sableye|Recover|p1b: Sableye\n|-heal|p1b: Sableye|65\/100\n|move|p2a: Slippery|Fire Punch|p1a: Bisharp\n|-supereffective|p1a: Bisharp\n|-damage|p1a: Bisharp|42\/100\n|-status|p1a: Bisharp|brn\n|\n|-damage|p1a: Bisharp|36\/100 brn|[from] brn\n|-sideend|p2: GrumpusChums|move: Light Screen\n|upkeep\n|turn|9\n|\n|t:|1696132189\n|move|p1a: Bisharp|Sucker Punch|p2a: Slippery\n|-damage|p2a: Slippery|1\/100\n|move|p1b: Sableye|Dazzling Gleam|p2a: Slippery\n|-damage|p2a: Slippery|0 fnt\n|faint|p2a: Slippery\n|\n|win|XiuKaiMeiLiZhi\n|raw|XiuKaiMeiLiZhi's rating: 1000 &rarr; <strong>1042<\/strong><br \/>(+42 for winning)\n|raw|GrumpusChums's rating: 1015 &rarr; <strong>1002<\/strong><br \/>(-13 for losing)\n|l|\u2606GrumpusChums\n","uploadtime":1696132206,"views":5,"p1id":"xiukaimeilizhi","p2id":"grumpuschums","formatid":"gen9nationaldexdoubles","rating":1002,"private":0,"password":""}