{"id":"gen9nationaldexdoubles-1998634217","p1":"moregano18","p2":"Not McBruh","format":"[Gen 9] National Dex Doubles","log":"|j|\u2606moregano18\n|j|\u2606Not McBruh\n|t:|1700965609\n|gametype|doubles\n|player|p1|moregano18|backpacker|1247\n|player|p2|Not McBruh|colress|1509\n|teamsize|p1|6\n|teamsize|p2|6\n|gen|9\n|tier|[Gen 9] National Dex Doubles\n|rated|\n|rule|HP Percentage Mod: HP is shown in percentages\n|rule|Endless Battle Clause: Forcing endless battles is banned\n|rule|OHKO Clause: OHKO moves are banned\n|rule|Evasion Moves Clause: Evasion moves are banned\n|rule|Evasion Abilities Clause: Evasion abilities are banned\n|rule|Species Clause: Limit one of each Pok\u00e9mon\n|rule|Gravity Sleep Clause: The combination of sleep-inducing moves with imperfect accuracy and Gravity or Gigantamax Orbeetle are banned\n|clearpoke\n|poke|p1|Eevee, F|\n|poke|p1|Audino, F|\n|poke|p1|Staraptor, F|\n|poke|p1|Farigiraf, F|\n|poke|p1|Regigigas|\n|poke|p1|Obstagoon, M|\n|poke|p2|Rillaboom, M|\n|poke|p2|Zamazenta-*|\n|poke|p2|Zygarde|\n|poke|p2|Whimsicott, M|\n|poke|p2|Ninetales-Alola, F|\n|poke|p2|Cresselia, F|\n|teampreview\n|\n|t:|1700965620\n|start\n|switch|p1a: Eevee|Eevee, F|100\/100\n|switch|p1b: Audino|Audino, F|100\/100\n|switch|p2a: Zamazenta|Zamazenta|100\/100\n|switch|p2b: Zygarde|Zygarde|100\/100\n|-ability|p2a: Zamazenta|Dauntless Shield|boost\n|-boost|p2a: Zamazenta|def|1\n|-ability|p2b: Zygarde|Aura Break\n|turn|1\n|\n|t:|1700965641\n|switch|p1a: Staraptor|Staraptor, F|100\/100\n|-ability|p1a: Staraptor|Intimidate|boost\n|-unboost|p2a: Zamazenta|atk|1\n|-fail|p2b: Zygarde|unboost|[from] item: Clear Amulet|[of] p2b: Zygarde\n|move|p2a: Zamazenta|Coaching|p2b: Zygarde\n|-boost|p2b: Zygarde|atk|1\n|-boost|p2b: Zygarde|def|1\n|move|p2b: Zygarde|Dragon Dance|p2b: Zygarde\n|-boost|p2b: Zygarde|atk|1\n|-boost|p2b: Zygarde|spe|1\n|move|p1b: Audino|Icy Wind|p2a: Zamazenta|[spread] p2a,p2b\n|-supereffective|p2b: Zygarde\n|-damage|p2a: Zamazenta|96\/100\n|-damage|p2b: Zygarde|77\/100\n|-unboost|p2a: Zamazenta|spe|1\n|\n|upkeep\n|turn|2\n|\n|t:|1700965671\n|move|p2b: Zygarde|Protect|p2b: Zygarde\n|-singleturn|p2b: Zygarde|Protect\n|move|p1a: Staraptor|U-turn|p2a: Zamazenta\n|-resisted|p2a: Zamazenta\n|-damage|p2a: Zamazenta|90\/100\n|-damage|p1a: Staraptor|84\/100|[from] item: Rocky Helmet|[of] p2a: Zamazenta\n|\n|t:|1700965678\n|switch|p1a: Regigigas|Regigigas|100\/100|[from] U-turn\n|-start|p1a: Regigigas|ability: Slow Start\n|move|p2a: Zamazenta|Coaching|p2b: Zygarde\n|-boost|p2b: Zygarde|atk|1\n|-boost|p2b: Zygarde|def|1\n|move|p1b: Audino|Icy Wind|p2a: Zamazenta|[spread] p2a\n|-activate|p2b: Zygarde|move: Protect\n|-damage|p2a: Zamazenta|86\/100\n|-unboost|p2a: Zamazenta|spe|1\n|\n|upkeep\n|turn|3\n|\n|t:|1700965699\n|-terastallize|p2b: Zygarde|Normal\n|move|p2b: Zygarde|Dragon Dance|p2b: Zygarde\n|-boost|p2b: Zygarde|atk|1\n|-boost|p2b: Zygarde|spe|1\n|move|p1b: Audino|Life Dew||[still]|[still]|[spread] \n|-fail|p1a: Regigigas|heal\n|-fail|p1b: Audino|heal\n|move|p2a: Zamazenta|Coaching|p2b: Zygarde\n|-boost|p2b: Zygarde|atk|1\n|-boost|p2b: Zygarde|def|1\n|move|p1a: Regigigas|Psych Up|p2b: Zygarde\n|-copyboost|p1a: Regigigas|p2b: Zygarde|[from] move: Psych Up\n|\n|upkeep\n|turn|4\n|\n|t:|1700965729\n|move|p1a: Regigigas|Wide Guard|p1a: Regigigas\n|-singleturn|p1a: Regigigas|Wide Guard\n|move|p2b: Zygarde|Dragon Dance|p2b: Zygarde\n|-boost|p2b: Zygarde|atk|1\n|-boost|p2b: Zygarde|spe|1\n|move|p1b: Audino|Life Dew||[still]|[still]|[spread] \n|-fail|p1a: Regigigas|heal\n|-fail|p1b: Audino|heal\n|move|p2a: Zamazenta|Roar|p1a: Regigigas\n|-end|p1a: Regigigas|Slow Start|[silent]\n|drag|p1a: Staraptor|Staraptor, F|84\/100\n|-ability|p1a: Staraptor|Intimidate|boost\n|-unboost|p2a: Zamazenta|atk|1\n|-fail|p2b: Zygarde|unboost|[from] item: Clear Amulet|[of] p2b: Zygarde\n|\n|upkeep\n|turn|5\n|\n|t:|1700965771\n|switch|p2a: Ninetales|Ninetales-Alola, F|100\/100\n|-weather|Snow|[from] ability: Snow Warning|[of] p2a: Ninetales\n|move|p1b: Audino|Helping Hand|p1a: Staraptor\n|-singleturn|p1a: Staraptor|Helping Hand|[of] p1b: Audino\n|move|p2b: Zygarde|Thousand Arrows|p1b: Audino|[spread] p1a,p1b\n|-damage|p1a: Staraptor|0 fnt\n|-damage|p1b: Audino|0 fnt\n|faint|p1a: Staraptor\n|faint|p1b: Audino\n|\n|-weather|Snow|[upkeep]\n|upkeep\n|\n|t:|1700965786\n|switch|p1a: Eevee|Eevee, F|100\/100\n|switch|p1b: Regigigas|Regigigas|100\/100\n|-start|p1b: Regigigas|ability: Slow Start\n|turn|6\n|\n|t:|1700965798\n|move|p1b: Regigigas|Wide Guard|p1b: Regigigas\n|-singleturn|p1b: Regigigas|Wide Guard\n|move|p2b: Zygarde|Thousand Arrows|p1b: Regigigas|[spread] \n|-activate|p1a: Eevee|move: Wide Guard\n|-activate|p1b: Regigigas|move: Wide Guard\n|move|p2a: Ninetales|Blizzard|p1b: Regigigas|[spread] \n|-activate|p1a: Eevee|move: Wide Guard\n|-activate|p1b: Regigigas|move: Wide Guard\n|move|p1a: Eevee|Roar|p2b: Zygarde\n|drag|p2b: Cresselia|Cresselia, F|100\/100\n|\n|-weather|Snow|[upkeep]\n|upkeep\n|turn|7\n|\n|t:|1700965820\n|move|p2a: Ninetales|Encore|p1a: Eevee\n|-start|p1a: Eevee|Encore\n|-zpower|p1a: Eevee\n|move|p1a: Eevee|Extreme Evoboost|p1a: Eevee\n|-boost|p1a: Eevee|atk|2\n|-boost|p1a: Eevee|def|2\n|-boost|p1a: Eevee|spa|2\n|-boost|p1a: Eevee|spd|2\n|-boost|p1a: Eevee|spe|2\n|move|p2b: Cresselia|Icy Wind|p1b: Regigigas|[spread] p1a,p1b\n|-damage|p1a: Eevee|94\/100\n|-damage|p1b: Regigigas|96\/100\n|-unboost|p1a: Eevee|spe|1\n|-unboost|p1b: Regigigas|spe|1\n|move|p1b: Regigigas|Rock Slide|p2a: Ninetales|[spread] p2b\n|-miss|p1b: Regigigas|p2a: Ninetales\n|-damage|p2b: Cresselia|95\/100\n|\n|-weather|Snow|[upkeep]\n|-heal|p1b: Regigigas|100\/100|[from] item: Leftovers\n|upkeep\n|turn|8\n|\n|t:|1700965845\n|move|p1b: Regigigas|Wide Guard|p1b: Regigigas\n|-singleturn|p1b: Regigigas|Wide Guard\n|move|p2a: Ninetales|Encore|p1b: Regigigas\n|-start|p1b: Regigigas|Encore\n|move|p2b: Cresselia|Icy Wind|p1b: Regigigas|[spread] \n|-activate|p1a: Eevee|move: Wide Guard\n|-activate|p1b: Regigigas|move: Wide Guard\n|move|p1a: Eevee|Roar|p2b: Cresselia\n|drag|p2b: Rillaboom|Rillaboom, M|100\/100\n|-fieldstart|move: Grassy Terrain|[from] ability: Grassy Surge|[of] p2b: Rillaboom\n|\n|-weather|Snow|[upkeep]\n|-heal|p1a: Eevee|100\/100|[from] Grassy Terrain\n|upkeep\n|turn|9\n|\n|t:|1700965871\n|-end|p1b: Regigigas|Slow Start|[silent]\n|switch|p1b: Obstagoon|Obstagoon, M|100\/100\n|move|p2a: Ninetales|Aurora Veil|p2a: Ninetales\n|-sidestart|p2: Not McBruh|move: Aurora Veil\n|move|p2b: Rillaboom|Wood Hammer|p1a: Eevee\n|-damage|p1a: Eevee|28\/100\n|-damage|p2b: Rillaboom|79\/100|[from] Recoil\n|move|p1a: Eevee|Roar|p2b: Rillaboom\n|drag|p2b: Cresselia|Cresselia, F|95\/100\n|\n|-weather|none\n|-heal|p1a: Eevee|34\/100|[from] Grassy Terrain\n|-end|p1a: Eevee|Encore\n|-status|p1b: Obstagoon|brn|[from] item: Flame Orb\n|upkeep\n|turn|10\n|\n|t:|1700965897\n|move|p2a: Ninetales|Encore|p1a: Eevee\n|-start|p1a: Eevee|Encore\n|move|p1b: Obstagoon|Taunt|p2a: Ninetales\n|-start|p2a: Ninetales|move: Taunt\n|move|p1a: Eevee|Roar|p2b: Cresselia\n|drag|p2b: Whimsicott|Whimsicott, M|100\/100\n|\n|-heal|p1a: Eevee|40\/100|[from] Grassy Terrain\n|-damage|p1b: Obstagoon|94\/100 brn|[from] brn\n|upkeep\n|turn|11\n|-message|moregano18 forfeited.\n|\n|win|Not McBruh\n|raw|moregano18's rating: 1247 &rarr; <strong>1238<\/strong><br \/>(-9 for losing)\n|raw|Not McBruh's rating: 1509 &rarr; <strong>1516<\/strong><br \/>(+7 for winning)\n|l|\u2606moregano18\n","uploadtime":1700965916,"views":18,"p1id":"moregano18","p2id":"notmcbruh","formatid":"gen9nationaldexdoubles","rating":1238,"private":0,"password":""}