{"id":"gen9nationaldexdoubles-1951315845","p1":"LezaXYZ","p2":"S1r.sweepsaLot","format":"[Gen 9] National Dex Doubles","log":"|j|\u2606LezaXYZ\n|j|\u2606S1r.sweepsaLot\n|t:|1695571404\n|gametype|doubles\n|player|p1|LezaXYZ|calem-masters|1341\n|player|p2|S1r.sweepsaLot|guzma|1552\n|teamsize|p1|6\n|teamsize|p2|6\n|gen|9\n|tier|[Gen 9] National Dex Doubles\n|rated|\n|rule|HP Percentage Mod: HP is shown in percentages\n|rule|Endless Battle Clause: Forcing endless battles is banned\n|rule|OHKO Clause: OHKO moves are banned\n|rule|Evasion Moves Clause: Evasion moves are banned\n|rule|Evasion Abilities Clause: Evasion abilities are banned\n|rule|Species Clause: Limit one of each Pok\u00e9mon\n|rule|Gravity Sleep Clause: The combination of sleep-inducing moves with imperfect accuracy and Gravity or Gigantamax Orbeetle are banned\n|clearpoke\n|poke|p1|Flutter Mane|\n|poke|p1|Chi-Yu|\n|poke|p1|Landorus-Therian, M|\n|poke|p1|Urshifu-*, M|\n|poke|p1|Iron Hands|\n|poke|p1|Amoonguss, M|\n|poke|p2|Tyranitar, F|\n|poke|p2|Excadrill, F|\n|poke|p2|Togekiss, M|\n|poke|p2|Kommo-o, M|\n|poke|p2|Gholdengo|\n|poke|p2|Incineroar, F|\n|teampreview\n|c|\u2606LezaXYZ|Heey\n|c|\u2606S1r.sweepsaLot|hey\n|\n|t:|1695571441\n|start\n|switch|p1a: Iron Hands|Iron Hands|100\/100\n|switch|p1b: Landorus|Landorus-Therian, M|100\/100\n|switch|p2a: Look at Me|Togekiss, M|100\/100\n|switch|p2b: Concert Speaker|Kommo-o, M|100\/100\n|-ability|p1b: Landorus|Intimidate|boost\n|-unboost|p2a: Look at Me|atk|1\n|-unboost|p2b: Concert Speaker|atk|1\n|turn|1\n|c|\u2606LezaXYZ|you\u00b4re guy who always come to lobbys to see fights\n|c|\u2606S1r.sweepsaLot|yep\n|c|\u2606LezaXYZ|I didn\u00b4t you were with good points on ladder\n|c|\u2606LezaXYZ|xd\n|\n|t:|1695571473\n|switch|p2a: Nala|Incineroar, F|100\/100\n|-ability|p2a: Nala|Intimidate|boost\n|-unboost|p1a: Iron Hands|atk|1\n|-fail|p1b: Landorus|unboost|[from] item: Clear Amulet|[of] p1b: Landorus\n|-terastallize|p1b: Landorus|Flying\n|move|p2b: Concert Speaker|Protect|p2b: Concert Speaker\n|-singleturn|p2b: Concert Speaker|Protect\n|move|p1b: Landorus|Tera Blast|p2b: Concert Speaker|[anim] Tera Blast Flying\n|-activate|p2b: Concert Speaker|move: Protect\n|move|p1a: Iron Hands|Wild Charge|p2a: Nala\n|-damage|p2a: Nala|70\/100\n|-damage|p1a: Iron Hands|95\/100|[from] Recoil\n|\n|upkeep\n|turn|2\n|\n|t:|1695571486\n|move|p2a: Nala|Fake Out|p1b: Landorus\n|-damage|p1b: Landorus|87\/100\n|cant|p1b: Landorus|flinch\n|move|p2b: Concert Speaker|Clangorous Soul|p2b: Concert Speaker\n|-boost|p2b: Concert Speaker|atk|1\n|-boost|p2b: Concert Speaker|def|1\n|-boost|p2b: Concert Speaker|spa|1\n|-boost|p2b: Concert Speaker|spd|1\n|-boost|p2b: Concert Speaker|spe|1\n|-damage|p2b: Concert Speaker|68\/100\n|-enditem|p2b: Concert Speaker|Throat Spray\n|-boost|p2b: Concert Speaker|spa|1|[from] item: Throat Spray\n|move|p1a: Iron Hands|Drain Punch|p2a: Nala\n|-supereffective|p2a: Nala\n|-crit|p2a: Nala\n|-damage|p2a: Nala|0 fnt\n|-heal|p1a: Iron Hands|100\/100|[from] drain|[of] p2a: Nala\n|faint|p2a: Nala\n|\n|upkeep\n|\n|t:|1695571500\n|switch|p2a: Look at Me|Togekiss, M|100\/100\n|turn|3\n|\n|t:|1695571538\n|move|p2a: Look at Me|Helping Hand|p2b: Concert Speaker\n|-singleturn|p2b: Concert Speaker|Helping Hand|[of] p2a: Look at Me\n|move|p1b: Landorus|Protect|p1b: Landorus\n|-singleturn|p1b: Landorus|Protect\n|move|p2b: Concert Speaker|Clanging Scales|p1b: Landorus|[spread] p1a\n|-activate|p1b: Landorus|move: Protect\n|-damage|p1a: Iron Hands|35\/100\n|-unboost|p2b: Concert Speaker|def|1\n|move|p1a: Iron Hands|Wild Charge|p2a: Look at Me\n|-supereffective|p2a: Look at Me\n|-damage|p2a: Look at Me|46\/100\n|-damage|p1a: Iron Hands|26\/100|[from] Recoil\n|\n|upkeep\n|turn|4\n|\n|t:|1695571557\n|switch|p1b: Flutter Mane|Flutter Mane|100\/100\n|-enditem|p1b: Flutter Mane|Booster Energy\n|-activate|p1b: Flutter Mane|ability: Protosynthesis|[fromitem]\n|-start|p1b: Flutter Mane|protosynthesisspe\n|-end|p1a: Iron Hands|Quark Drive|[silent]\n|switch|p1a: Amoonguss|Amoonguss, M|100\/100\n|move|p2a: Look at Me|Helping Hand|p2b: Concert Speaker\n|-singleturn|p2b: Concert Speaker|Helping Hand|[of] p2a: Look at Me\n|move|p2b: Concert Speaker|Clanging Scales|p1b: Flutter Mane|[spread] p1a\n|-immune|p1b: Flutter Mane\n|-damage|p1a: Amoonguss|26\/100\n|-unboost|p2b: Concert Speaker|def|1\n|\n|-heal|p1a: Amoonguss|32\/100|[from] item: Leftovers\n|upkeep\n|turn|5\n|\n|t:|1695571584\n|-terastallize|p2b: Concert Speaker|Fire\n|move|p1a: Amoonguss|Rage Powder|p1a: Amoonguss\n|-singleturn|p1a: Amoonguss|move: Rage Powder\n|move|p1b: Flutter Mane|Moonblast|p2b: Concert Speaker\n|-resisted|p2b: Concert Speaker\n|-damage|p2b: Concert Speaker|49\/100\n|move|p2b: Concert Speaker|Flamethrower|p1a: Amoonguss\n|-supereffective|p1a: Amoonguss\n|-damage|p1a: Amoonguss|0 fnt\n|faint|p1a: Amoonguss\n|move|p2a: Look at Me|Yawn|p1b: Flutter Mane\n|-start|p1b: Flutter Mane|move: Yawn|[of] p2a: Look at Me\n|\n|upkeep\n|\n|t:|1695571600\n|switch|p1a: Iron Hands|Iron Hands|26\/100\n|turn|6\n|\n|t:|1695571635\n|-end|p1b: Flutter Mane|Protosynthesis|[silent]\n|switch|p1b: Chi-Yu|Chi-Yu|100\/100\n|-ability|p1b: Chi-Yu|Beads of Ruin\n|move|p1a: Iron Hands|Fake Out|p2b: Concert Speaker\n|-damage|p2b: Concert Speaker|25\/100\n|cant|p2b: Concert Speaker|flinch\n|move|p2a: Look at Me|Tailwind|p2a: Look at Me\n|-sidestart|p2: S1r.sweepsaLot|move: Tailwind\n|\n|upkeep\n|turn|7\n|\n|t:|1695571660\n|-end|p1a: Iron Hands|Quark Drive|[silent]\n|switch|p1a: Flutter Mane|Flutter Mane|100\/100\n|move|p2a: Look at Me|Helping Hand|p2b: Concert Speaker\n|-singleturn|p2b: Concert Speaker|Helping Hand|[of] p2a: Look at Me\n|move|p2b: Concert Speaker|Clanging Scales|p1b: Chi-Yu|[spread] p1b\n|-immune|p1a: Flutter Mane\n|-damage|p1b: Chi-Yu|0 fnt\n|faint|p1b: Chi-Yu\n|-unboost|p2b: Concert Speaker|def|1\n|\n|upkeep\n|\n|t:|1695571671\n|switch|p1b: Iron Hands|Iron Hands|26\/100\n|turn|8\n|\n|t:|1695571680\n|move|p2b: Concert Speaker|Protect|p2b: Concert Speaker\n|-singleturn|p2b: Concert Speaker|Protect\n|move|p1b: Iron Hands|Fake Out|p2b: Concert Speaker\n|-activate|p2b: Concert Speaker|move: Protect\n|move|p1a: Flutter Mane|Icy Wind|p2a: Look at Me|[spread] p2a\n|-activate|p2b: Concert Speaker|move: Protect\n|-supereffective|p2a: Look at Me\n|-damage|p2a: Look at Me|23\/100\n|-unboost|p2a: Look at Me|spe|1\n|move|p2a: Look at Me|Yawn|p1a: Flutter Mane\n|-start|p1a: Flutter Mane|move: Yawn|[of] p2a: Look at Me\n|\n|upkeep\n|turn|9\n|\n|t:|1695571699\n|-end|p1b: Iron Hands|Quark Drive|[silent]\n|switch|p1b: Urshifu|Urshifu-Rapid-Strike, M|100\/100\n|move|p2b: Concert Speaker|Clanging Scales|p1b: Urshifu|[spread] p1b\n|-immune|p1a: Flutter Mane\n|-damage|p1b: Urshifu|0 fnt\n|faint|p1b: Urshifu\n|-unboost|p2b: Concert Speaker|def|1\n|move|p1a: Flutter Mane|Icy Wind|p2b: Concert Speaker|[spread] p2a,p2b\n|-supereffective|p2a: Look at Me\n|-resisted|p2b: Concert Speaker\n|-damage|p2a: Look at Me|0 fnt\n|-damage|p2b: Concert Speaker|19\/100\n|-unboost|p2b: Concert Speaker|spe|1\n|faint|p2a: Look at Me\n|\n|-end|p1a: Flutter Mane|move: Yawn|[silent]\n|-status|p1a: Flutter Mane|slp\n|-sideend|p2: S1r.sweepsaLot|move: Tailwind\n|upkeep\n|\n|t:|1695571714\n|switch|p1b: Iron Hands|Iron Hands|26\/100\n|switch|p2a: Godzilla|Tyranitar, F|100\/100\n|-weather|Sandstorm|[from] ability: Sand Stream|[of] p2a: Godzilla\n|turn|10\n|\n|t:|1695571733\n|-end|p1a: Flutter Mane|Protosynthesis|[silent]\n|switch|p1a: Landorus|Landorus-Therian, M, tera:Flying|87\/100\n|-ability|p1a: Landorus|Intimidate|boost\n|-unboost|p2a: Godzilla|atk|1\n|-unboost|p2b: Concert Speaker|atk|1\n|move|p2b: Concert Speaker|Flamethrower|p1b: Iron Hands\n|-damage|p1b: Iron Hands|0 fnt\n|faint|p1b: Iron Hands\n|-end|p1b: Iron Hands|Quark Drive|[silent]\n|-zpower|p2a: Godzilla\n|move|p2a: Godzilla|Continental Crush|p1a: Landorus|[zeffect]\n|-supereffective|p1a: Landorus\n|-damage|p1a: Landorus|0 fnt\n|faint|p1a: Landorus\n|\n|-weather|Sandstorm|[upkeep]\n|upkeep\n|-message|LezaXYZ forfeited.\n|\n|win|S1r.sweepsaLot\n|raw|LezaXYZ's rating: 1341 &rarr; <strong>1332<\/strong><br \/>(-9 for losing)\n|raw|S1r.sweepsaLot's rating: 1552 &rarr; <strong>1561<\/strong><br \/>(+9 for winning)\n|l|\u2606LezaXYZ\n","uploadtime":1695571770,"views":8,"p1id":"lezaxyz","p2id":"s1rsweepsalot","formatid":"gen9nationaldexdoubles","rating":1332,"private":0,"password":""}