{"id":"gen9nationaldexdoubles-1983384865","p1":"DaBigBadBlaziken","p2":"fumbari 24","format":"[Gen 9] National Dex Doubles","log":"|j|\u2606DaBigBadBlaziken\n|j|\u2606fumbari 24\n|t:|1699124525\n|gametype|doubles\n|player|p1|DaBigBadBlaziken|hilbert|1122\n|player|p2|fumbari 24|hilbert|1415\n|teamsize|p1|6\n|teamsize|p2|6\n|gen|9\n|tier|[Gen 9] National Dex Doubles\n|rated|\n|rule|HP Percentage Mod: HP is shown in percentages\n|rule|Endless Battle Clause: Forcing endless battles is banned\n|rule|OHKO Clause: OHKO moves are banned\n|rule|Evasion Moves Clause: Evasion moves are banned\n|rule|Evasion Abilities Clause: Evasion abilities are banned\n|rule|Species Clause: Limit one of each Pok\u00e9mon\n|rule|Gravity Sleep Clause: The combination of sleep-inducing moves with imperfect accuracy and Gravity or Gigantamax Orbeetle are banned\n|clearpoke\n|poke|p1|Blaziken, M|\n|poke|p1|Clodsire, M|\n|poke|p1|Samurott-Hisui, M|\n|poke|p1|Kleavor, M|\n|poke|p1|Alakazam, M|\n|poke|p1|Chesnaught, M|\n|poke|p2|Enamorus, F|\n|poke|p2|Tapu Koko|\n|poke|p2|Sableye, M|\n|poke|p2|Wyrdeer, M|\n|poke|p2|Heracross, M|\n|poke|p2|Gastrodon, M|\n|teampreview\n|\n|t:|1699124537\n|start\n|switch|p1a: Kleavor|Kleavor, M|100\/100\n|switch|p1b: Cloddy Boi|Clodsire, M, shiny|100\/100\n|switch|p2a: Tapu Koko|Tapu Koko, shiny|100\/100\n|switch|p2b: Genbu|Enamorus, F|100\/100\n|-fieldstart|move: Electric Terrain|[from] ability: Electric Surge|[of] p2a: Tapu Koko\n|turn|1\n|\n|t:|1699124550\n|move|p2b: Genbu|Protect|p2b: Genbu\n|-singleturn|p2b: Genbu|Protect\n|move|p2a: Tapu Koko|Volt Switch|p1a: Kleavor\n|-damage|p1a: Kleavor|41\/100\n|inactive|Battle timer is ON: inactive players will automatically lose when time's up. (requested by fumbari 24)\n|\n|t:|1699124562\n|switch|p2a: Stoick|Wyrdeer, M|100\/100|[from] Volt Switch\n|-ability|p2a: Stoick|Intimidate|boost\n|-unboost|p1a: Kleavor|atk|1\n|-unboost|p1b: Cloddy Boi|atk|1\n|move|p1a: Kleavor|Stone Axe|p2b: Genbu\n|-activate|p2b: Genbu|move: Protect\n|move|p1b: Cloddy Boi|Earthquake|p2a: Stoick|[spread] p1a,p2a\n|-activate|p2b: Genbu|move: Protect\n|-damage|p1a: Kleavor|24\/100\n|-damage|p2a: Stoick|89\/100\n|\n|upkeep\n|turn|2\n|\n|t:|1699124587\n|-terastallize|p2b: Genbu|Ground\n|move|p1a: Kleavor|Stone Axe|p2b: Genbu\n|-resisted|p2b: Genbu\n|-damage|p2b: Genbu|79\/100\n|-sidestart|p2: fumbari 24|move: Stealth Rock\n|move|p2b: Genbu|Dazzling Gleam|p1a: Kleavor|[spread] p1a,p1b\n|-resisted|p1b: Cloddy Boi\n|-damage|p1a: Kleavor|0 fnt\n|-damage|p1b: Cloddy Boi|92\/100\n|faint|p1a: Kleavor\n|move|p2a: Stoick|Psyshield Bash|p1b: Cloddy Boi\n|-supereffective|p1b: Cloddy Boi\n|-damage|p1b: Cloddy Boi|30\/100\n|-boost|p2a: Stoick|def|1\n|move|p1b: Cloddy Boi|Toxic Spikes|p2b: Genbu\n|-sidestart|p2: fumbari 24|move: Toxic Spikes\n|\n|-heal|p2b: Genbu|85\/100|[from] item: Leftovers\n|-heal|p1b: Cloddy Boi|36\/100|[from] item: Leftovers\n|upkeep\n|\n|t:|1699124607\n|switch|p1a: Lancelot|Samurott-Hisui, M, shiny|100\/100\n|turn|3\n|\n|t:|1699124619\n|move|p2a: Stoick|Detect|p2a: Stoick\n|-singleturn|p2a: Stoick|Protect\n|move|p1a: Lancelot|Aqua Jet|p2b: Genbu\n|-supereffective|p2b: Genbu\n|-damage|p2b: Genbu|44\/100\n|move|p2b: Genbu|Dazzling Gleam|p1a: Lancelot|[spread] p1a,p1b\n|-supereffective|p1a: Lancelot\n|-resisted|p1b: Cloddy Boi\n|-damage|p1a: Lancelot|15\/100\n|-damage|p1b: Cloddy Boi|28\/100\n|move|p1b: Cloddy Boi|Venoshock|p2a: Stoick\n|-activate|p2a: Stoick|move: Protect\n|\n|-heal|p2b: Genbu|50\/100|[from] item: Leftovers\n|-heal|p1b: Cloddy Boi|34\/100|[from] item: Leftovers\n|upkeep\n|turn|4\n|\n|t:|1699124640\n|move|p1a: Lancelot|Ceaseless Edge|p2a: Stoick\n|-supereffective|p2a: Stoick\n|-damage|p2a: Stoick|31\/100\n|-sidestart|p2: fumbari 24|Spikes\n|-heal|p1a: Lancelot|23\/100|[from] item: Shell Bell|[of] p2a: Stoick\n|move|p2b: Genbu|Draining Kiss|p1a: Lancelot\n|-supereffective|p1a: Lancelot\n|-damage|p1a: Lancelot|0 fnt\n|-heal|p2b: Genbu|66\/100|[from] drain|[of] p1a: Lancelot\n|faint|p1a: Lancelot\n|move|p2a: Stoick|Psyshield Bash|p1b: Cloddy Boi\n|-supereffective|p1b: Cloddy Boi\n|-damage|p1b: Cloddy Boi|0 fnt\n|-boost|p2a: Stoick|def|1\n|faint|p1b: Cloddy Boi\n|\n|-heal|p2b: Genbu|72\/100|[from] item: Leftovers\n|upkeep\n|inactive|DaBigBadBlaziken has 120 seconds left.\n|\n|t:|1699124658\n|switch|p1a: Fererro|Chesnaught, M|100\/100\n|switch|p1b: Teriyaki|Blaziken, M|100\/100\n|turn|5\n|\n|t:|1699124673\n|move|p2b: Genbu|Draining Kiss|p1a: Fererro\n|-supereffective|p1a: Fererro\n|-damage|p1a: Fererro|47\/100\n|-heal|p2b: Genbu|100\/100|[from] drain|[of] p1a: Fererro\n|-damage|p2b: Genbu|84\/100|[from] item: Rocky Helmet|[of] p1a: Fererro\n|move|p1b: Teriyaki|Thunder Punch|p2a: Stoick\n|-damage|p2a: Stoick|15\/100\n|-enditem|p2a: Stoick|Figy Berry|[eat]\n|-heal|p2a: Stoick|49\/100|[from] item: Figy Berry\n|move|p1a: Fererro|Seed Bomb|p2b: Genbu\n|-supereffective|p2b: Genbu\n|-damage|p2b: Genbu|22\/100\n|move|p2a: Stoick|Trick Room|p2a: Stoick\n|-fieldstart|move: Trick Room|[of] p2a: Stoick\n|\n|-heal|p2b: Genbu|28\/100|[from] item: Leftovers\n|-fieldend|move: Electric Terrain\n|-ability|p1b: Teriyaki|Speed Boost|boost\n|-boost|p1b: Teriyaki|spe|1\n|upkeep\n|turn|6\n|\n|t:|1699124698\n|detailschange|p1b: Teriyaki|Blaziken-Mega, M\n|-mega|p1b: Teriyaki|Blaziken|Blazikenite\n|move|p1a: Fererro|Spiky Shield|p1a: Fererro\n|-singleturn|p1a: Fererro|move: Protect\n|move|p2a: Stoick|Psyshield Bash|p1b: Teriyaki\n|-supereffective|p1b: Teriyaki\n|-damage|p1b: Teriyaki|22\/100\n|-boost|p2a: Stoick|def|1\n|move|p2b: Genbu|Draining Kiss|p1a: Fererro\n|-activate|p1a: Fererro|move: Protect\n|-damage|p2b: Genbu|15\/100|[from] Spiky Shield|[of] p1a: Fererro\n|move|p1b: Teriyaki|Blaze Kick|p2a: Stoick\n|-crit|p2a: Stoick\n|-damage|p2a: Stoick|0 fnt\n|faint|p2a: Stoick\n|\n|-heal|p2b: Genbu|21\/100|[from] item: Leftovers\n|-ability|p1b: Teriyaki|Speed Boost|boost\n|-boost|p1b: Teriyaki|spe|1\n|upkeep\n|\n|t:|1699124716\n|switch|p2a: Yami|Sableye, M|100\/100\n|-damage|p2a: Yami|88\/100|[from] Stealth Rock\n|-status|p2a: Yami|psn\n|-damage|p2a: Yami|75\/100 psn|[from] Spikes\n|turn|7\n|\n|t:|1699124732\n|move|p2a: Yami|Fake Out|p1a: Fererro\n|-damage|p1a: Fererro|43\/100\n|-damage|p2a: Yami|59\/100 psn|[from] item: Rocky Helmet|[of] p1a: Fererro\n|cant|p1a: Fererro|flinch\n|move|p2b: Genbu|Dazzling Gleam|p1a: Fererro|[spread] p1a,p1b\n|-supereffective|p1a: Fererro\n|-damage|p1a: Fererro|0 fnt\n|-damage|p1b: Teriyaki|0 fnt\n|faint|p1a: Fererro\n|faint|p1b: Teriyaki\n|\n|-heal|p2b: Genbu|27\/100|[from] item: Leftovers\n|-damage|p2a: Yami|47\/100 psn|[from] psn\n|upkeep\n|-enditem|p2a: Yami|Sitrus Berry|[eat]\n|-heal|p2a: Yami|72\/100 psn|[from] item: Sitrus Berry\n|\n|t:|1699124750\n|switch|p1b: The Mick|Alakazam, M, shiny|100\/100\n|turn|8\n|\n|t:|1699124759\n|move|p2a: Yami|Foul Play|p1b: The Mick\n|-supereffective|p1b: The Mick\n|-damage|p1b: The Mick|46\/100\n|move|p2b: Genbu|Draining Kiss|p1b: The Mick\n|-damage|p1b: The Mick|19\/100\n|-heal|p2b: Genbu|46\/100|[from] drain|[of] p1b: The Mick\n|move|p1b: The Mick|Disable|p2b: Genbu\n|-start|p2b: Genbu|Disable|Draining Kiss\n|\n|-heal|p2b: Genbu|52\/100|[from] item: Leftovers\n|-heal|p1b: The Mick|25\/100|[from] item: Leftovers\n|-damage|p2a: Yami|59\/100 psn|[from] psn\n|upkeep\n|turn|9\n|\n|t:|1699124777\n|move|p2a: Yami|Foul Play|p1b: The Mick\n|-supereffective|p1b: The Mick\n|-damage|p1b: The Mick|0 fnt\n|faint|p1b: The Mick\n|\n|win|fumbari 24\n|raw|DaBigBadBlaziken's rating: 1122 &rarr; <strong>1114<\/strong><br \/>(-8 for losing)\n|raw|fumbari 24's rating: 1415 &rarr; <strong>1421<\/strong><br \/>(+6 for winning)\n|l|\u2606DaBigBadBlaziken\n","uploadtime":1699124783,"views":8,"p1id":"dabigbadblaziken","p2id":"fumbari24","formatid":"gen9nationaldexdoubles","rating":1114,"private":0,"password":""}