{"id":"gen9nationaldexdoubles-1953945243","p1":"Trapmask","p2":"Melltann","format":"[Gen 9] National Dex Doubles","log":"|j|\u2606Trapmask\n|j|\u2606Melltann\n|t:|1695840198\n|gametype|doubles\n|player|p1|Trapmask|169|1000\n|player|p2|Melltann|florian-s|1111\n|teamsize|p1|6\n|teamsize|p2|6\n|gen|9\n|tier|[Gen 9] National Dex Doubles\n|rated|\n|rule|HP Percentage Mod: HP is shown in percentages\n|rule|Endless Battle Clause: Forcing endless battles is banned\n|rule|OHKO Clause: OHKO moves are banned\n|rule|Evasion Moves Clause: Evasion moves are banned\n|rule|Evasion Abilities Clause: Evasion abilities are banned\n|rule|Species Clause: Limit one of each Pok\u00e9mon\n|rule|Gravity Sleep Clause: The combination of sleep-inducing moves with imperfect accuracy and Gravity or Gigantamax Orbeetle are banned\n|clearpoke\n|poke|p1|Pheromosa|\n|poke|p1|Tapu Lele|\n|poke|p1|Aegislash, F|\n|poke|p1|Charizard, M|\n|poke|p1|Mamoswine, F|\n|poke|p1|Kartana|\n|poke|p2|Torkoal, F|\n|poke|p2|Leafeon, F|\n|poke|p2|Venusaur, F|\n|poke|p2|Flutter Mane|\n|poke|p2|Lilligant-Hisui, F|\n|poke|p2|Great Tusk|\n|teampreview\n|\n|t:|1695840208\n|start\n|switch|p1a: Tapu Lele|Tapu Lele|100\/100\n|switch|p1b: Aegislash|Aegislash, F|100\/100\n|switch|p2a: Torkoal|Torkoal, F|100\/100\n|switch|p2b: Leafeon|Leafeon, F|100\/100\n|-fieldstart|move: Psychic Terrain|[from] ability: Psychic Surge|[of] p1a: Tapu Lele\n|-weather|SunnyDay|[from] ability: Drought|[of] p2a: Torkoal\n|turn|1\n|\n|t:|1695840223\n|move|p2b: Leafeon|Protect|p2b: Leafeon\n|-singleturn|p2b: Leafeon|Protect\n|move|p1b: Aegislash|King's Shield|p1b: Aegislash\n|-singleturn|p1b: Aegislash|Protect\n|move|p1a: Tapu Lele|Psyshock|p2b: Leafeon\n|-activate|p2b: Leafeon|move: Protect\n|move|p2a: Torkoal|Shell Smash|p2a: Torkoal\n|-unboost|p2a: Torkoal|def|1\n|-unboost|p2a: Torkoal|spd|1\n|-boost|p2a: Torkoal|atk|2\n|-boost|p2a: Torkoal|spa|2\n|-boost|p2a: Torkoal|spe|2\n|\n|-weather|SunnyDay|[upkeep]\n|upkeep\n|turn|2\n|\n|t:|1695840253\n|switch|p2a: Venusaur|Venusaur, F|100\/100\n|move|p2b: Leafeon|Copycat|p2b: Leafeon\n|move|p2b: Leafeon|Shell Smash|p2b: Leafeon|[from]move: Copycat\n|-unboost|p2b: Leafeon|def|1\n|-unboost|p2b: Leafeon|spd|1\n|-boost|p2b: Leafeon|atk|2\n|-boost|p2b: Leafeon|spa|2\n|-boost|p2b: Leafeon|spe|2\n|-enditem|p2b: Leafeon|White Herb\n|-clearnegativeboost|p2b: Leafeon|[silent]\n|move|p1a: Tapu Lele|Psyshock|p2a: Venusaur\n|-supereffective|p2a: Venusaur\n|-damage|p2a: Venusaur|0 fnt\n|faint|p2a: Venusaur\n|-formechange|p1b: Aegislash|Aegislash-Blade||[from] ability: Stance Change\n|move|p1b: Aegislash|Sacred Sword|p2b: Leafeon\n|-damage|p2b: Leafeon|72\/100\n|\n|-weather|SunnyDay|[upkeep]\n|upkeep\n|\n|t:|1695840276\n|switch|p2a: Torkoal|Torkoal, F|100\/100\n|turn|3\n|\n|t:|1695840284\n|-formechange|p1b: Aegislash|Aegislash||[from] ability: Stance Change\n|move|p1b: Aegislash|King's Shield|p1b: Aegislash\n|-singleturn|p1b: Aegislash|Protect\n|move|p2b: Leafeon|Leaf Blade|p1a: Tapu Lele\n|-damage|p1a: Tapu Lele|0 fnt\n|faint|p1a: Tapu Lele\n|move|p2a: Torkoal|Eruption|p1b: Aegislash\n|-activate|p1b: Aegislash|move: Protect\n|\n|-weather|SunnyDay|[upkeep]\n|upkeep\n|\n|t:|1695840297\n|switch|p1a: Mamoswine|Mamoswine, F|100\/100\n|turn|4\n|\n|t:|1695840309\n|move|p2b: Leafeon|Leaf Blade|p1a: Mamoswine\n|-supereffective|p1a: Mamoswine\n|-damage|p1a: Mamoswine|0 fnt\n|faint|p1a: Mamoswine\n|-formechange|p1b: Aegislash|Aegislash-Blade||[from] ability: Stance Change\n|move|p1b: Aegislash|Shadow Ball|p2b: Leafeon\n|-damage|p2b: Leafeon|0 fnt\n|faint|p2b: Leafeon\n|move|p2a: Torkoal|Eruption|p1b: Aegislash\n|-supereffective|p1b: Aegislash\n|-damage|p1b: Aegislash|0 fnt\n|faint|p1b: Aegislash\n|\n|-weather|SunnyDay|[upkeep]\n|upkeep\n|\n|t:|1695840351\n|switch|p2b: Lilligant|Lilligant-Hisui, F|100\/100\n|switch|p1a: Kartana|Kartana|100\/100\n|switch|p1b: Charizard|Charizard, M|100\/100\n|turn|5\n|\n|t:|1695840369\n|move|p2b: Lilligant|Axe Kick|p1a: Kartana\n|-supereffective|p1a: Kartana\n|-damage|p1a: Kartana|0 fnt\n|faint|p1a: Kartana\n|move|p1b: Charizard|Scorching Sands|p2a: Torkoal\n|-supereffective|p2a: Torkoal\n|-damage|p2a: Torkoal|35\/100\n|move|p2a: Torkoal|Eruption|p1b: Charizard\n|-resisted|p1b: Charizard\n|-damage|p1b: Charizard|89\/100\n|\n|-weather|SunnyDay|[upkeep]\n|-fieldend|move: Psychic Terrain\n|upkeep\n|\n|t:|1695840380\n|switch|p1a: Pheromosa|Pheromosa|100\/100\n|turn|6\n|\n|t:|1695840393\n|detailschange|p1b: Charizard|Charizard-Mega-Y, M\n|-mega|p1b: Charizard|Charizard|Charizardite Y\n|move|p2b: Lilligant|Solar Blade||[still]\n|-prepare|p2b: Lilligant|Solar Blade\n|-anim|p2b: Lilligant|Solar Blade|p1a: Pheromosa\n|-resisted|p1a: Pheromosa\n|-damage|p1a: Pheromosa|20\/100\n|move|p1a: Pheromosa|Quiver Dance|p1a: Pheromosa\n|-boost|p1a: Pheromosa|spa|1\n|-boost|p1a: Pheromosa|spd|1\n|-boost|p1a: Pheromosa|spe|1\n|move|p1b: Charizard|Scorching Sands|p2a: Torkoal\n|-supereffective|p2a: Torkoal\n|-damage|p2a: Torkoal|0 fnt\n|faint|p2a: Torkoal\n|\n|-weather|SunnyDay|[upkeep]\n|upkeep\n|\n|t:|1695840404\n|switch|p2a: Flutter Mane|Flutter Mane|100\/100\n|-activate|p2a: Flutter Mane|ability: Protosynthesis\n|-start|p2a: Flutter Mane|protosynthesisspe\n|turn|7\n|\n|t:|1695840437\n|-terastallize|p1a: Pheromosa|Bug\n|move|p2b: Lilligant|Ice Spinner|p1b: Charizard\n|-damage|p1b: Charizard|56\/100\n|move|p2a: Flutter Mane|Dazzling Gleam|p1b: Charizard|[spread] p1a,p1b\n|-resisted|p1b: Charizard\n|-damage|p1a: Pheromosa|0 fnt\n|-damage|p1b: Charizard|43\/100\n|faint|p1a: Pheromosa\n|move|p1b: Charizard|Solar Beam||[still]\n|-prepare|p1b: Charizard|Solar Beam\n|-anim|p1b: Charizard|Solar Beam|p2a: Flutter Mane\n|-damage|p2a: Flutter Mane|40\/100\n|\n|-weather|SunnyDay|[upkeep]\n|upkeep\n|turn|8\n|c|\u2606Trapmask|im gonna go kill myself\n|c|\u2606Melltann|why\n|c|\u2606Trapmask|im done with this shit\n|c|\u2606Melltann|dont\n|c|\u2606Trapmask|take your damn win\n|c|\u2606Melltann|i love you\n|-message|Trapmask forfeited.\n|\n|win|Melltann\n|raw|Trapmask's rating: 1000 &rarr; <strong>1000<\/strong><br \/>(+0 for losing)\n|raw|Melltann's rating: 1111 &rarr; <strong>1128<\/strong><br \/>(+17 for winning)\n|l|\u2606Trapmask\n|c|\u2606Melltann|nooo\n","uploadtime":1695840502,"views":15,"p1id":"trapmask","p2id":"melltann","formatid":"gen9nationaldexdoubles","rating":1000,"private":0,"password":""}