{"id":"gen9nationaldexdoubles-1958345675","p1":"official_ksc","p2":"impastabot4000","format":"[Gen 9] National Dex Doubles","log":"|j|\u2606official_ksc\n|j|\u2606impastabot4000\n|t:|1696315631\n|gametype|doubles\n|player|p1|official_ksc|169|1271\n|player|p2|impastabot4000|nate|1147\n|teamsize|p1|6\n|teamsize|p2|6\n|gen|9\n|tier|[Gen 9] National Dex Doubles\n|rated|\n|rule|HP Percentage Mod: HP is shown in percentages\n|rule|Endless Battle Clause: Forcing endless battles is banned\n|rule|OHKO Clause: OHKO moves are banned\n|rule|Evasion Moves Clause: Evasion moves are banned\n|rule|Evasion Abilities Clause: Evasion abilities are banned\n|rule|Species Clause: Limit one of each Pok\u00e9mon\n|rule|Gravity Sleep Clause: The combination of sleep-inducing moves with imperfect accuracy and Gravity or Gigantamax Orbeetle are banned\n|clearpoke\n|poke|p1|Milotic, F|\n|poke|p1|Garganacl, F|\n|poke|p1|Rillaboom, F|\n|poke|p1|Kingambit, M|\n|poke|p1|Iron Valiant|\n|poke|p1|Dragapult, F|\n|poke|p2|Kommo-o, M|\n|poke|p2|Ninetales-Alola, M|\n|poke|p2|Wo-Chien|\n|poke|p2|Sinistcha-Masterpiece|\n|poke|p2|Incineroar, M|\n|poke|p2|Landorus, M|\n|teampreview\n|inactive|Battle timer is ON: inactive players will automatically lose when time's up. (requested by impastabot4000)\n|\n|t:|1696315658\n|start\n|switch|p1a: Milotic|Milotic, F|100\/100\n|switch|p1b: Ganacl|Garganacl, F|100\/100\n|switch|p2a: Wo-Chien|Wo-Chien|100\/100\n|switch|p2b: Ninetales|Ninetales-Alola, M|100\/100\n|-weather|Snow|[from] ability: Snow Warning|[of] p2b: Ninetales\n|-ability|p2a: Wo-Chien|Tablets of Ruin\n|turn|1\n|\n|t:|1696315678\n|move|p2b: Ninetales|Aurora Veil|p2b: Ninetales\n|-sidestart|p2: impastabot4000|move: Aurora Veil\n|move|p1a: Milotic|Ice Beam|p2a: Wo-Chien\n|-supereffective|p2a: Wo-Chien\n|-damage|p2a: Wo-Chien|77\/100\n|move|p2a: Wo-Chien|Leech Seed|p1b: Ganacl\n|-start|p1b: Ganacl|move: Leech Seed\n|move|p1b: Ganacl|Stealth Rock|p2b: Ninetales\n|-sidestart|p2: impastabot4000|move: Stealth Rock\n|\n|-weather|Snow|[upkeep]\n|-heal|p2a: Wo-Chien|83\/100|[from] item: Leftovers\n|-damage|p1b: Ganacl|88\/100|[from] Leech Seed|[of] p2a: Wo-Chien\n|-heal|p2a: Wo-Chien|95\/100|[silent]\n|upkeep\n|turn|2\n|\n|t:|1696315699\n|move|p2b: Ninetales|Freeze-Dry|p1a: Milotic\n|-supereffective|p1a: Milotic\n|-damage|p1a: Milotic|62\/100\n|move|p1a: Milotic|Scald|p2a: Wo-Chien\n|-resisted|p2a: Wo-Chien\n|-damage|p2a: Wo-Chien|88\/100\n|-status|p2a: Wo-Chien|brn\n|move|p2a: Wo-Chien|Leech Seed|p1a: Milotic\n|-start|p1a: Milotic|move: Leech Seed\n|move|p1b: Ganacl|Salt Cure|p2a: Wo-Chien\n|-damage|p2a: Wo-Chien|82\/100 brn\n|-start|p2a: Wo-Chien|Salt Cure\n|\n|-weather|Snow|[upkeep]\n|-heal|p1a: Milotic|68\/100|[from] item: Leftovers\n|-heal|p2a: Wo-Chien|88\/100 brn|[from] item: Leftovers\n|-heal|p1b: Ganacl|94\/100|[from] item: Leftovers\n|-damage|p1a: Milotic|55\/100|[from] Leech Seed|[of] p2a: Wo-Chien\n|-heal|p2a: Wo-Chien|99\/100 brn|[silent]\n|-damage|p1b: Ganacl|82\/100|[from] Leech Seed|[of] p2a: Wo-Chien\n|-heal|p2a: Wo-Chien|100\/100 brn|[silent]\n|-damage|p2a: Wo-Chien|94\/100 brn|[from] brn\n|-damage|p2a: Wo-Chien|82\/100 brn|[from] Salt Cure\n|upkeep\n|turn|3\n|inactive|impastabot4000 has 120 seconds left.\n|\n|t:|1696315740\n|switch|p1a: Rilla|Rillaboom, F|100\/100\n|-fieldstart|move: Grassy Terrain|[from] ability: Grassy Surge|[of] p1a: Rilla\n|-enditem|p1a: Rilla|Grassy Seed\n|-boost|p1a: Rilla|def|1|[from] item: Grassy Seed\n|switch|p1b: Dragapult|Dragapult, F|100\/100\n|move|p2a: Wo-Chien|Protect|p2a: Wo-Chien\n|-singleturn|p2a: Wo-Chien|Protect\n|move|p2b: Ninetales|Freeze-Dry|p1a: Rilla\n|-supereffective|p1a: Rilla\n|-damage|p1a: Rilla|41\/100\n|\n|-weather|Snow|[upkeep]\n|-heal|p1a: Rilla|47\/100|[from] Grassy Terrain\n|-heal|p2a: Wo-Chien|88\/100 brn|[from] Grassy Terrain\n|-heal|p2a: Wo-Chien|94\/100 brn|[from] item: Leftovers\n|-damage|p2a: Wo-Chien|88\/100 brn|[from] brn\n|-damage|p2a: Wo-Chien|76\/100 brn|[from] Salt Cure\n|upkeep\n|turn|4\n|inactive|impastabot4000 has 120 seconds left.\n|\n|t:|1696315775\n|switch|p2a: Incineroar|Incineroar, M|100\/100\n|-damage|p2a: Incineroar|76\/100|[from] Stealth Rock\n|-ability|p2a: Incineroar|Intimidate|boost\n|-unboost|p1a: Rilla|atk|1\n|-unboost|p1b: Dragapult|atk|1\n|move|p2b: Ninetales|Protect|p2b: Ninetales\n|-singleturn|p2b: Ninetales|Protect\n|move|p1a: Rilla|Grassy Glide|p2a: Incineroar\n|-resisted|p2a: Incineroar\n|-damage|p2a: Incineroar|69\/100\n|move|p1b: Dragapult|Flamethrower|p2b: Ninetales\n|-activate|p2b: Ninetales|move: Protect\n|\n|-weather|Snow|[upkeep]\n|-heal|p1a: Rilla|53\/100|[from] Grassy Terrain\n|-heal|p2a: Incineroar|75\/100|[from] Grassy Terrain\n|upkeep\n|turn|5\n|inactive|impastabot4000 has 120 seconds left.\n|\n|t:|1696315796\n|switch|p2b: Kommo-o|Kommo-o, M|100\/100\n|-damage|p2b: Kommo-o|94\/100|[from] Stealth Rock\n|move|p1a: Rilla|Grassy Glide|p2b: Kommo-o\n|-resisted|p2b: Kommo-o\n|-damage|p2b: Kommo-o|88\/100\n|move|p1b: Dragapult|Flamethrower|p2b: Kommo-o\n|-resisted|p2b: Kommo-o\n|-damage|p2b: Kommo-o|78\/100\n|move|p2a: Incineroar|Knock Off|p1b: Dragapult\n|-supereffective|p1b: Dragapult\n|-damage|p1b: Dragapult|15\/100\n|-enditem|p1b: Dragapult|Assault Vest|[from] move: Knock Off|[of] p2a: Incineroar\n|\n|-weather|none\n|-heal|p1b: Dragapult|21\/100|[from] Grassy Terrain\n|-heal|p2b: Kommo-o|84\/100|[from] Grassy Terrain\n|-heal|p1a: Rilla|59\/100|[from] Grassy Terrain\n|-heal|p2a: Incineroar|81\/100|[from] Grassy Terrain\n|upkeep\n|turn|6\n|inactive|impastabot4000 has 120 seconds left.\n|\n|t:|1696315835\n|switch|p2b: Wo-Chien|Wo-Chien|76\/100 brn\n|-damage|p2b: Wo-Chien|64\/100 brn|[from] Stealth Rock\n|-ability|p2b: Wo-Chien|Tablets of Ruin\n|move|p1b: Dragapult|Dragon Darts|p2b: Wo-Chien\n|-damage|p2b: Wo-Chien|55\/100 brn\n|-anim|p1b: Dragapult|Dragon Darts|p2a: Incineroar\n|-damage|p2a: Incineroar|72\/100\n|move|p1a: Rilla|Acrobatics|p2b: Wo-Chien\n|-supereffective|p2b: Wo-Chien\n|-damage|p2b: Wo-Chien|32\/100 brn\n|move|p2a: Incineroar|Knock Off|p1b: Dragapult\n|-supereffective|p1b: Dragapult\n|-damage|p1b: Dragapult|0 fnt\n|faint|p1b: Dragapult\n|\n|-heal|p1a: Rilla|65\/100|[from] Grassy Terrain\n|-heal|p2b: Wo-Chien|38\/100 brn|[from] Grassy Terrain\n|-heal|p2b: Wo-Chien|44\/100 brn|[from] item: Leftovers\n|-heal|p2a: Incineroar|78\/100|[from] Grassy Terrain\n|-damage|p2b: Wo-Chien|38\/100 brn|[from] brn\n|upkeep\n|\n|t:|1696315849\n|switch|p1b: Milotic|Milotic, F|55\/100\n|turn|7\n|inactive|impastabot4000 has 120 seconds left.\n|\n|t:|1696315864\n|switch|p2a: Sinistcha|Sinistcha-Masterpiece|100\/100\n|-damage|p2a: Sinistcha|88\/100|[from] Stealth Rock\n|-heal|p2b: Wo-Chien|63\/100 brn|[from] ability: Hospitality|[of] p2a: Sinistcha\n|move|p1a: Rilla|Grassy Glide|p2b: Wo-Chien\n|-resisted|p2b: Wo-Chien\n|-damage|p2b: Wo-Chien|58\/100 brn\n|move|p1b: Milotic|Life Dew|p1b: Milotic|[spread] p1a,p1b\n|-heal|p1a: Rilla|90\/100\n|-heal|p1b: Milotic|81\/100\n|move|p2b: Wo-Chien|Leech Seed|p1b: Milotic\n|-start|p1b: Milotic|move: Leech Seed\n|\n|-heal|p1a: Rilla|96\/100|[from] Grassy Terrain\n|-heal|p1b: Milotic|87\/100|[from] Grassy Terrain\n|-heal|p1b: Milotic|93\/100|[from] item: Leftovers\n|-heal|p2b: Wo-Chien|64\/100 brn|[from] Grassy Terrain\n|-heal|p2b: Wo-Chien|70\/100 brn|[from] item: Leftovers\n|-heal|p2a: Sinistcha|94\/100|[from] Grassy Terrain\n|-damage|p1b: Milotic|80\/100|[from] Leech Seed|[of] p2b: Wo-Chien\n|-heal|p2b: Wo-Chien|81\/100 brn|[silent]\n|-damage|p2b: Wo-Chien|75\/100 brn|[from] brn\n|-fieldend|move: Grassy Terrain\n|upkeep\n|turn|8\n|inactive|impastabot4000 has 120 seconds left.\n|\n|t:|1696315904\n|move|p2b: Wo-Chien|Protect|p2b: Wo-Chien\n|-singleturn|p2b: Wo-Chien|Protect\n|move|p1a: Rilla|Acrobatics|p2b: Wo-Chien\n|-activate|p2b: Wo-Chien|move: Protect\n|move|p1b: Milotic|Scald|p2a: Sinistcha\n|-resisted|p2a: Sinistcha\n|-damage|p2a: Sinistcha|84\/100\n|move|p2a: Sinistcha|Matcha Gotcha|p1b: Milotic|[spread] p1a,p1b\n|-resisted|p1a: Rilla\n|-crit|p1a: Rilla\n|-supereffective|p1b: Milotic\n|-damage|p1a: Rilla|78\/100\n|-heal|p2a: Sinistcha|94\/100|[from] drain|[of] p1a: Rilla\n|-damage|p1b: Milotic|44\/100\n|-heal|p2a: Sinistcha|100\/100|[from] drain|[of] p1b: Milotic\n|\n|-heal|p1b: Milotic|50\/100|[from] item: Leftovers\n|-heal|p2b: Wo-Chien|81\/100 brn|[from] item: Leftovers\n|-damage|p1b: Milotic|38\/100|[from] Leech Seed|[of] p2b: Wo-Chien\n|-heal|p2b: Wo-Chien|92\/100 brn|[silent]\n|-damage|p2b: Wo-Chien|86\/100 brn|[from] brn\n|-sideend|p2: impastabot4000|move: Aurora Veil\n|upkeep\n|turn|9\n|inactive|impastabot4000 has 120 seconds left.\n|\n|t:|1696315932\n|switch|p2b: Ninetales|Ninetales-Alola, M|100\/100\n|-damage|p2b: Ninetales|75\/100|[from] Stealth Rock\n|-weather|Snow|[from] ability: Snow Warning|[of] p2b: Ninetales\n|move|p1a: Rilla|Knock Off|p2a: Sinistcha\n|-supereffective|p2a: Sinistcha\n|-damage|p2a: Sinistcha|51\/100\n|-enditem|p2a: Sinistcha|Room Service|[from] move: Knock Off|[of] p1a: Rilla\n|move|p1b: Milotic|Ice Beam|p2b: Ninetales\n|-resisted|p2b: Ninetales\n|-damage|p2b: Ninetales|60\/100\n|move|p2a: Sinistcha|Matcha Gotcha|p1a: Rilla|[spread] p1a,p1b\n|-resisted|p1a: Rilla\n|-supereffective|p1b: Milotic\n|-damage|p1a: Rilla|65\/100\n|-heal|p2a: Sinistcha|58\/100|[from] drain|[of] p1a: Rilla\n|-damage|p1b: Milotic|1\/100\n|-heal|p2a: Sinistcha|75\/100|[from] drain|[of] p1b: Milotic\n|\n|-weather|Snow|[upkeep]\n|-heal|p1b: Milotic|7\/100|[from] item: Leftovers\n|-damage|p1b: Milotic|0 fnt|[from] Leech Seed|[of] p2b: Ninetales\n|-heal|p2b: Ninetales|68\/100|[silent]\n|faint|p1b: Milotic\n|upkeep\n|\n|t:|1696315943\n|switch|p1b: Ganacl|Garganacl, F|82\/100\n|turn|10\n|inactive|impastabot4000 has 120 seconds left.\n|\n|t:|1696315969\n|switch|p2a: Incineroar|Incineroar, M|78\/100\n|-damage|p2a: Incineroar|53\/100|[from] Stealth Rock\n|-ability|p2a: Incineroar|Intimidate|boost\n|-unboost|p1a: Rilla|atk|1\n|-unboost|p1b: Ganacl|atk|1\n|move|p2b: Ninetales|Aurora Veil|p2b: Ninetales\n|-sidestart|p2: impastabot4000|move: Aurora Veil\n|move|p1a: Rilla|Grassy Glide|p2b: Ninetales\n|-crit|p2b: Ninetales\n|-damage|p2b: Ninetales|24\/100\n|move|p1b: Ganacl|Salt Cure|p2b: Ninetales\n|-supereffective|p2b: Ninetales\n|-damage|p2b: Ninetales|12\/100\n|-start|p2b: Ninetales|Salt Cure\n|\n|-weather|Snow|[upkeep]\n|-heal|p1b: Ganacl|88\/100|[from] item: Leftovers\n|-damage|p2b: Ninetales|0 fnt|[from] Salt Cure\n|faint|p2b: Ninetales\n|upkeep\n|l|\u2606official_ksc\n|inactive|official_ksc disconnected and has a minute to reconnect!\n|player|p1|\n|\n|t:|1696315988\n|switch|p2b: Kommo-o|Kommo-o, M|84\/100\n|-damage|p2b: Kommo-o|78\/100|[from] Stealth Rock\n|turn|11\n|inactive|official_ksc has 30 seconds to reconnect!\n|inactive|official_ksc has 20 seconds to reconnect!\n|inactive|official_ksc has 15 seconds to reconnect!\n|inactive|official_ksc has 10 seconds to reconnect!\n|inactive|official_ksc has 5 seconds to reconnect!\n|-message|official_ksc lost due to inactivity.\n|\n|win|impastabot4000\n|raw|official_ksc's rating: 1271 &rarr; <strong>1237<\/strong><br \/>(-34 for losing)\n|raw|impastabot4000's rating: 1147 &rarr; <strong>1181<\/strong><br \/>(+34 for winning)\n","uploadtime":1696316054,"views":11,"p1id":"officialksc","p2id":"impastabot4000","formatid":"gen9nationaldexdoubles","rating":1181,"private":0,"password":""}