{"id":"gen9nationaldexdoubles-1973714856","p1":"MaaChACaHOmEr","p2":"Deagle50uu","format":"[Gen 9] National Dex Doubles","log":"|j|\u2606MaaChACaHOmEr\n|j|\u2606Deagle50uu\n|t:|1698006138\n|gametype|doubles\n|player|p1|MaaChACaHOmEr|170|\n|player|p2|Deagle50uu|266|\n|teamsize|p1|6\n|teamsize|p2|6\n|gen|9\n|tier|[Gen 9] National Dex Doubles\n|rule|HP Percentage Mod: HP is shown in percentages\n|rule|Endless Battle Clause: Forcing endless battles is banned\n|rule|OHKO Clause: OHKO moves are banned\n|rule|Evasion Moves Clause: Evasion moves are banned\n|rule|Evasion Abilities Clause: Evasion abilities are banned\n|rule|Species Clause: Limit one of each Pok\u00e9mon\n|rule|Gravity Sleep Clause: The combination of sleep-inducing moves with imperfect accuracy and Gravity or Gigantamax Orbeetle are banned\n|clearpoke\n|poke|p1|Cradily, M|\n|poke|p1|Whimsicott, M|\n|poke|p1|Decidueye, F|\n|poke|p1|Ferrothorn, F|\n|poke|p1|Sceptile, M|\n|poke|p1|Meowscarada, M|\n|poke|p2|Tyranitar, M|\n|poke|p2|Terrakion|\n|poke|p2|Rhyperior, F|\n|poke|p2|Tyrantrum, F|\n|poke|p2|Aggron, M|\n|poke|p2|Aerodactyl, M|\n|teampreview\n|\n|t:|1698006166\n|start\n|switch|p1a: Whimsicott|Whimsicott, M|100\/100\n|switch|p1b: Decidueye|Decidueye, F|100\/100\n|switch|p2a: Aggron|Aggron, M|100\/100\n|switch|p2b: Aerodactyl|Aerodactyl, M|100\/100\n|-ability|p2b: Aerodactyl|Pressure\n|turn|1\n|\n|t:|1698006191\n|detailschange|p2a: Aggron|Aggron-Mega, M\n|-mega|p2a: Aggron|Aggron|Aggronite\n|move|p2b: Aerodactyl|Aerial Ace|p1b: Decidueye\n|-supereffective|p1b: Decidueye\n|-damage|p1b: Decidueye|25\/100\n|move|p1a: Whimsicott|Toxic|p2b: Aerodactyl\n|-status|p2b: Aerodactyl|tox\n|move|p1b: Decidueye|Poltergeist|p2b: Aerodactyl\n|-activate|p2b: Aerodactyl|move: Poltergeist|Aerodactylite\n|-damage|p2b: Aerodactyl|27\/100 tox\n|move|p2a: Aggron|Earthquake|p1a: Whimsicott|[spread] p1a,p1b\n|-immune|p2b: Aerodactyl\n|-resisted|p1a: Whimsicott\n|-resisted|p1b: Decidueye\n|-damage|p1a: Whimsicott|84\/100\n|-damage|p1b: Decidueye|4\/100\n|\n|-heal|p1a: Whimsicott|90\/100|[from] item: Leftovers\n|-damage|p2b: Aerodactyl|21\/100 tox|[from] psn\n|upkeep\n|turn|2\n|\n|t:|1698006225\n|move|p1a: Whimsicott|Protect|p1a: Whimsicott\n|-singleturn|p1a: Whimsicott|Protect\n|move|p1b: Decidueye|Sucker Punch|p2a: Aggron\n|-damage|p2a: Aggron|87\/100\n|move|p2b: Aerodactyl|Aerial Ace|p1b: Decidueye\n|-supereffective|p1b: Decidueye\n|-damage|p1b: Decidueye|0 fnt\n|faint|p1b: Decidueye\n|move|p2a: Aggron|Iron Head|p1a: Whimsicott\n|-activate|p1a: Whimsicott|move: Protect\n|\n|-heal|p1a: Whimsicott|96\/100|[from] item: Leftovers\n|-damage|p2b: Aerodactyl|9\/100 tox|[from] psn\n|upkeep\n|\n|t:|1698006249\n|switch|p1b: Ferrothorn|Ferrothorn, F|100\/100\n|turn|3\n|\n|t:|1698006262\n|move|p1b: Ferrothorn|Protect|p1b: Ferrothorn\n|-singleturn|p1b: Ferrothorn|Protect\n|move|p2b: Aerodactyl|Stone Edge|p1a: Whimsicott\n|-damage|p1a: Whimsicott|41\/100\n|move|p1a: Whimsicott|Toxic|p1b: Ferrothorn\n|-activate|p1b: Ferrothorn|move: Protect\n|move|p2a: Aggron|Earthquake|p1b: Ferrothorn|[spread] p1a\n|-activate|p1b: Ferrothorn|move: Protect\n|-immune|p2b: Aerodactyl\n|-resisted|p1a: Whimsicott\n|-damage|p1a: Whimsicott|25\/100\n|\n|-heal|p1a: Whimsicott|31\/100|[from] item: Leftovers\n|-damage|p2b: Aerodactyl|0 fnt|[from] psn\n|faint|p2b: Aerodactyl\n|upkeep\n|\n|t:|1698006277\n|switch|p2b: Tyrantrum|Tyrantrum, F|100\/100\n|turn|4\n|\n|t:|1698006290\n|move|p1a: Whimsicott|Moonblast|p2b: Tyrantrum\n|-supereffective|p2b: Tyrantrum\n|-damage|p2b: Tyrantrum|17\/100\n|move|p2b: Tyrantrum|Fire Fang|p1b: Ferrothorn\n|-supereffective|p1b: Ferrothorn\n|-crit|p1b: Ferrothorn\n|-damage|p1b: Ferrothorn|0 fnt\n|faint|p1b: Ferrothorn\n|move|p2a: Aggron|Head Smash|p1a: Whimsicott\n|-damage|p1a: Whimsicott|0 fnt\n|faint|p1a: Whimsicott\n|-damage|p2a: Aggron|69\/100|[from] Recoil\n|\n|upkeep\n|\n|t:|1698006309\n|switch|p1a: Cradily|Cradily, M|100\/100\n|switch|p1b: Meowscarada|Meowscarada, M|100\/100\n|turn|5\n|\n|t:|1698006321\n|move|p1b: Meowscarada|Aura Sphere|p2b: Tyrantrum\n|-start|p1b: Meowscarada|typechange|Fighting|[from] ability: Protean\n|-supereffective|p2b: Tyrantrum\n|-damage|p2b: Tyrantrum|0 fnt\n|faint|p2b: Tyrantrum\n|move|p2a: Aggron|Iron Head|p1b: Meowscarada\n|-damage|p1b: Meowscarada|34\/100\n|move|p1a: Cradily|Mega Drain|p2a: Aggron\n|-resisted|p2a: Aggron\n|-damage|p2a: Aggron|58\/100\n|\n|upkeep\n|\n|t:|1698006328\n|switch|p2b: Rhyperior|Rhyperior, F|100\/100\n|turn|6\n|\n|t:|1698006339\n|move|p1b: Meowscarada|Aura Sphere|p2a: Aggron\n|-supereffective|p2a: Aggron\n|-damage|p2a: Aggron|14\/100\n|move|p2a: Aggron|Head Smash|p1b: Meowscarada\n|-resisted|p1b: Meowscarada\n|-damage|p1b: Meowscarada|0 fnt\n|faint|p1b: Meowscarada\n|-damage|p2a: Aggron|0 fnt|[from] Recoil\n|faint|p2a: Aggron\n|move|p1a: Cradily|Mega Drain|p2b: Rhyperior\n|-supereffective|p2b: Rhyperior\n|-damage|p2b: Rhyperior|48\/100\n|move|p2b: Rhyperior|Ice Punch|p1a: Cradily\n|-supereffective|p1a: Cradily\n|-damage|p1a: Cradily|37\/100\n|\n|-heal|p2b: Rhyperior|54\/100|[from] item: Leftovers\n|upkeep\n|\n|t:|1698006357\n|switch|p1b: Sceptile|Sceptile, M|100\/100\n|switch|p2a: Tyranitar|Tyranitar, M|100\/100\n|-weather|Sandstorm|[from] ability: Sand Stream|[of] p2a: Tyranitar\n|turn|7\n|\n|t:|1698006375\n|detailschange|p1b: Sceptile|Sceptile-Mega, M\n|-mega|p1b: Sceptile|Sceptile|Sceptilite\n|move|p1b: Sceptile|Dragon Dance|p1b: Sceptile\n|-boost|p1b: Sceptile|atk|1\n|-boost|p1b: Sceptile|spe|1\n|move|p2a: Tyranitar|Ice Punch|p1b: Sceptile\n|-supereffective|p1b: Sceptile\n|-crit|p1b: Sceptile\n|-damage|p1b: Sceptile|0 fnt\n|faint|p1b: Sceptile\n|move|p1a: Cradily|Mega Drain|p2b: Rhyperior\n|-supereffective|p2b: Rhyperior\n|-damage|p2b: Rhyperior|18\/100\n|-heal|p1a: Cradily|58\/100|[from] drain|[of] p2b: Rhyperior\n|move|p2b: Rhyperior|Ice Punch|p1a: Cradily\n|-supereffective|p1a: Cradily\n|-crit|p1a: Cradily\n|-damage|p1a: Cradily|0 fnt\n|faint|p1a: Cradily\n|\n|win|Deagle50uu\n","uploadtime":1698006385,"views":11,"p1id":"maachacahomer","p2id":"deagle50uu","formatid":"gen9nationaldexdoubles","rating":0,"private":0,"password":""}