{"id":"gen9nationaldexdoubles-1971553225","p1":"Xeris02","p2":"GenerallGrievous","format":"[Gen 9] National Dex Doubles","log":"|j|\u2606Xeris02\n|j|\u2606GenerallGrievous\n|t:|1697747823\n|gametype|doubles\n|player|p1|Xeris02|n|1082\n|player|p2|GenerallGrievous|fantina|1123\n|teamsize|p1|6\n|teamsize|p2|6\n|gen|9\n|tier|[Gen 9] National Dex Doubles\n|rated|\n|rule|HP Percentage Mod: HP is shown in percentages\n|rule|Endless Battle Clause: Forcing endless battles is banned\n|rule|OHKO Clause: OHKO moves are banned\n|rule|Evasion Moves Clause: Evasion moves are banned\n|rule|Evasion Abilities Clause: Evasion abilities are banned\n|rule|Species Clause: Limit one of each Pok\u00e9mon\n|rule|Gravity Sleep Clause: The combination of sleep-inducing moves with imperfect accuracy and Gravity or Gigantamax Orbeetle are banned\n|clearpoke\n|poke|p1|Farigiraf, F|\n|poke|p1|Dusclops, M|\n|poke|p1|Avalugg, F|\n|poke|p1|Falinks|\n|poke|p1|Gumshoos, M|\n|poke|p1|Riolu, M|\n|poke|p2|Fezandipiti, M|\n|poke|p2|Amoonguss, M|\n|poke|p2|Volcarona, M|\n|poke|p2|Flutter Mane|\n|poke|p2|Torterra, M|\n|poke|p2|Empoleon, M|\n|teampreview\n|inactive|Battle timer is ON: inactive players will automatically lose when time's up. (requested by Xeris02)\n|\n|t:|1697747853\n|start\n|switch|p1a: Farigiraf|Farigiraf, F|100\/100\n|switch|p1b: Falinks|Falinks, shiny|100\/100\n|switch|p2a: LordShen|Fezandipiti, M|100\/100\n|switch|p2b: sus|Amoonguss, M|100\/100\n|turn|1\n|\n|t:|1697747878\n|move|p1b: Falinks|First Impression|p2b: sus\n|-damage|p2b: sus|73\/100\n|-status|p1b: Falinks|psn|[from] ability: Effect Spore|[of] p2b: sus\n|move|p2a: LordShen|Dazzling Gleam|p1a: Farigiraf|[spread] p1a,p1b\n|-supereffective|p1b: Falinks\n|-damage|p1a: Farigiraf|85\/100\n|-damage|p1b: Falinks|32\/100 psn\n|-status|p1a: Farigiraf|tox|[from] ability: Toxic Chain|[of] p2a: LordShen\n|move|p1a: Farigiraf|Amnesia|p1a: Farigiraf\n|-boost|p1a: Farigiraf|spd|2\n|move|p2b: sus|Spore||[still]\n|-fail|p2b: sus\n|\n|-heal|p2b: sus|79\/100|[from] item: Leftovers\n|-damage|p1b: Falinks|20\/100 psn|[from] psn\n|-damage|p1a: Farigiraf|79\/100 tox|[from] psn\n|upkeep\n|-enditem|p1b: Falinks|Mago Berry|[eat]\n|-heal|p1b: Falinks|53\/100 psn|[from] item: Mago Berry\n|turn|2\n|\n|t:|1697747902\n|move|p2b: sus|Rage Powder|p2b: sus\n|-singleturn|p2b: sus|move: Rage Powder\n|move|p2a: LordShen|Dazzling Gleam|p1a: Farigiraf|[spread] p1a,p1b\n|-supereffective|p1b: Falinks\n|-damage|p1a: Farigiraf|71\/100 tox\n|-damage|p1b: Falinks|0 fnt\n|faint|p1b: Falinks\n|move|p1a: Farigiraf|Trick Room|p1a: Farigiraf\n|-fieldstart|move: Trick Room|[of] p1a: Farigiraf\n|\n|-heal|p2b: sus|85\/100|[from] item: Leftovers\n|-damage|p1a: Farigiraf|59\/100 tox|[from] psn\n|upkeep\n|c|\u2606GenerallGrievous|thx now i will spore\n|\n|t:|1697747926\n|switch|p1b: Avalugg|Avalugg, F|100\/100\n|turn|3\n|\n|t:|1697747935\n|move|p1b: Avalugg|Snowscape|p1b: Avalugg\n|-weather|Snow\n|move|p2b: sus|Spore|p1b: Avalugg\n|-status|p1b: Avalugg|slp|[from] move: Spore\n|move|p1a: Farigiraf|Future Sight|p2a: LordShen\n|-start|p1a: Farigiraf|move: Future Sight\n|move|p2a: LordShen|Heat Wave|p1a: Farigiraf|[spread] p1a,p1b\n|-supereffective|p1b: Avalugg\n|-enditem|p1b: Avalugg|Occa Berry|[eat]\n|-enditem|p1b: Avalugg|Occa Berry|[weaken]\n|-damage|p1a: Farigiraf|53\/100 tox\n|-damage|p1b: Avalugg|73\/100 slp\n|\n|-weather|Snow|[upkeep]\n|-heal|p1b: Avalugg|79\/100 slp|[from] ability: Ice Body\n|-heal|p2b: sus|91\/100|[from] item: Leftovers\n|-damage|p1a: Farigiraf|35\/100 tox|[from] psn\n|upkeep\n|turn|4\n|\n|t:|1697747956\n|switch|p1a: Riolu|Riolu, M|100\/100\n|move|p2b: sus|Rage Powder|p2b: sus\n|-singleturn|p2b: sus|move: Rage Powder\n|cant|p1b: Avalugg|slp\n|move|p2a: LordShen|Heat Wave|p1b: Avalugg|[spread] p1a\n|-miss|p2a: LordShen|p1b: Avalugg\n|-damage|p1a: Riolu|78\/100\n|-status|p1a: Riolu|brn\n|\n|-weather|Snow|[upkeep]\n|-heal|p1b: Avalugg|85\/100 slp|[from] ability: Ice Body\n|-heal|p2b: sus|98\/100|[from] item: Leftovers\n|-damage|p1a: Riolu|72\/100 brn|[from] brn\n|upkeep\n|turn|5\n|\n|t:|1697747985\n|move|p2b: sus|Rage Powder|p2b: sus\n|-singleturn|p2b: sus|move: Rage Powder\n|move|p1a: Riolu|Screech|p2b: sus\n|-unboost|p2b: sus|def|2\n|cant|p1b: Avalugg|slp\n|move|p2a: LordShen|Dazzling Gleam|p1a: Riolu|[spread] p1a,p1b\n|-supereffective|p1a: Riolu\n|-damage|p1a: Riolu|9\/100 brn\n|-damage|p1b: Avalugg|55\/100 slp\n|\n|-weather|Snow|[upkeep]\n|-heal|p1b: Avalugg|61\/100 slp|[from] ability: Ice Body\n|-end|p2a: LordShen|move: Future Sight\n|-supereffective|p2a: LordShen\n|-damage|p2a: LordShen|36\/100\n|-heal|p2b: sus|100\/100|[from] item: Leftovers\n|-damage|p1a: Riolu|3\/100 brn|[from] brn\n|upkeep\n|turn|6\n|inactive|Xeris02 has 120 seconds left.\n|inactive|GenerallGrievous has 120 seconds left.\n|inactive|Xeris02 has 90 seconds left.\n|\n|t:|1697748055\n|move|p1a: Riolu|Helping Hand|p1b: Avalugg\n|-singleturn|p1b: Avalugg|Helping Hand|[of] p1a: Riolu\n|-curestatus|p1b: Avalugg|slp|[msg]\n|move|p1b: Avalugg|Stomping Tantrum|p2b: sus\n|-damage|p2b: sus|0 fnt\n|faint|p2b: sus\n|move|p2a: LordShen|Heat Wave|p1a: Riolu|[spread] p1a\n|-miss|p2a: LordShen|p1b: Avalugg\n|-damage|p1a: Riolu|0 fnt\n|faint|p1a: Riolu\n|\n|-weather|Snow|[upkeep]\n|-heal|p1b: Avalugg|67\/100|[from] ability: Ice Body\n|-fieldend|move: Trick Room\n|upkeep\n|inactive|GenerallGrievous has 120 seconds left.\n|\n|t:|1697748073\n|switch|p1a: Farigiraf|Farigiraf, F|35\/100 tox\n|switch|p2b: Solana|Volcarona, M|100\/100\n|turn|7\n|inactive|Xeris02 has 120 seconds left.\n|inactive|Xeris02 has 90 seconds left.\n|inactive|GenerallGrievous has 120 seconds left.\n|inactive|Xeris02 has 60 seconds left.\n|\n|t:|1697748149\n|-terastallize|p2b: Solana|Water\n|move|p2a: LordShen|Venoshock|p1a: Farigiraf\n|-crit|p1a: Farigiraf\n|-damage|p1a: Farigiraf|0 fnt\n|faint|p1a: Farigiraf\n|move|p2b: Solana|Quiver Dance|p2b: Solana\n|-boost|p2b: Solana|spa|1\n|-boost|p2b: Solana|spd|1\n|-boost|p2b: Solana|spe|1\n|move|p1b: Avalugg|Aurora Veil|p1b: Avalugg\n|-sidestart|p1: Xeris02|move: Aurora Veil\n|\n|-weather|none\n|upkeep\n|\n|t:|1697748160\n|switch|p1a: Gumshoos|Gumshoos, M|100\/100\n|turn|8\n|inactive|Xeris02 has 60 seconds left.\n|c|\u2606GenerallGrievous|gum on my shoos\n|\n|t:|1697748190\n|move|p2b: Solana|Fiery Dance|p1b: Avalugg\n|-supereffective|p1b: Avalugg\n|-damage|p1b: Avalugg|0 fnt\n|-boost|p2b: Solana|spa|1\n|faint|p1b: Avalugg\n|move|p2a: LordShen|Heat Wave|p1a: Gumshoos\n|-damage|p1a: Gumshoos|79\/100\n|move|p1a: Gumshoos|Psychic Fangs|p2b: Solana\n|-damage|p2b: Solana|0 fnt\n|-status|p1a: Gumshoos|brn|[from] ability: Flame Body|[of] p2b: Solana\n|faint|p2b: Solana\n|\n|-damage|p1a: Gumshoos|73\/100 brn|[from] brn\n|upkeep\n|inactive|Xeris02 has 60 seconds left.\n|\n|t:|1697748211\n|switch|p2b: Turt|Torterra, M|100\/100\n|switch|p1b: Dusclops|Dusclops, M, shiny|100\/100\n|-item|p2a: LordShen|Assault Vest|[from] ability: Frisk|[of] p1b: Dusclops|[identify]\n|-item|p2b: Turt|White Herb|[from] ability: Frisk|[of] p1b: Dusclops|[identify]\n|turn|9\n|\n|t:|1697748235\n|move|p1b: Dusclops|Helping Hand|p1a: Gumshoos\n|-singleturn|p1a: Gumshoos|Helping Hand|[of] p1b: Dusclops\n|move|p2a: LordShen|Icy Wind|p1b: Dusclops|[spread] p1a,p1b\n|-damage|p1a: Gumshoos|65\/100 brn\n|-damage|p1b: Dusclops|97\/100\n|-unboost|p1a: Gumshoos|spe|1\n|-unboost|p1b: Dusclops|spe|1\n|move|p2b: Turt|Shell Smash|p2b: Turt\n|-unboost|p2b: Turt|def|1\n|-unboost|p2b: Turt|spd|1\n|-boost|p2b: Turt|atk|2\n|-boost|p2b: Turt|spa|2\n|-boost|p2b: Turt|spe|2\n|-enditem|p2b: Turt|White Herb\n|-clearnegativeboost|p2b: Turt|[silent]\n|move|p1a: Gumshoos|Psychic Fangs|p2b: Turt\n|-damage|p2b: Turt|57\/100\n|\n|-damage|p1a: Gumshoos|59\/100 brn|[from] brn\n|upkeep\n|turn|10\n|\n|t:|1697748265\n|move|p2a: LordShen|Heat Wave|p1b: Dusclops|[spread] p1a,p1b\n|-damage|p1a: Gumshoos|43\/100 brn\n|-damage|p1b: Dusclops|91\/100\n|move|p2b: Turt|Headlong Rush|p1a: Gumshoos\n|-damage|p1a: Gumshoos|0 fnt\n|-unboost|p2b: Turt|def|1\n|-unboost|p2b: Turt|spd|1\n|faint|p1a: Gumshoos\n|move|p1b: Dusclops|Brick Break|p2b: Turt\n|-damage|p2b: Turt|41\/100\n|\n|upkeep\n|turn|11\n|c|\u2606GenerallGrievous|well played!\n|\n|t:|1697748291\n|-terastallize|p1b: Dusclops|Fighting\n|move|p2a: LordShen|Dazzling Gleam|p1b: Dusclops\n|-supereffective|p1b: Dusclops\n|-damage|p1b: Dusclops|74\/100\n|-status|p1b: Dusclops|tox|[from] ability: Toxic Chain|[of] p2a: LordShen\n|move|p2b: Turt|Headlong Rush|p1b: Dusclops\n|-damage|p1b: Dusclops|22\/100 tox\n|-unboost|p2b: Turt|def|1\n|-unboost|p2b: Turt|spd|1\n|move|p1b: Dusclops|Brick Break|p2b: Turt\n|-damage|p2b: Turt|7\/100\n|\n|-damage|p1b: Dusclops|16\/100 tox|[from] psn\n|-sideend|p1: Xeris02|move: Aurora Veil\n|upkeep\n|turn|12\n|inactive|Xeris02 has 90 seconds left.\n|-message|Xeris02 forfeited.\n|\n|win|GenerallGrievous\n|raw|Xeris02's rating: 1082 &rarr; <strong>1062<\/strong><br \/>(-20 for losing)\n|raw|GenerallGrievous's rating: 1123 &rarr; <strong>1145<\/strong><br \/>(+22 for winning)\n|l|\u2606Xeris02\n","uploadtime":1697748336,"views":8,"p1id":"xeris02","p2id":"generallgrievous","formatid":"gen9nationaldexdoubles","rating":1062,"private":0,"password":""}