{"id":"gen9nationaldexdoubles-1995026170","p1":"El Ryuk456","p2":"SupaMexicanMan","format":"[Gen 9] National Dex Doubles","log":"|j|\u2606El Ryuk456\n|j|\u2606SupaMexicanMan\n|t:|1700514690\n|gametype|doubles\n|player|p1|El Ryuk456|ingo|1417\n|player|p2|SupaMexicanMan|richboy-gen4|1287\n|teamsize|p1|6\n|teamsize|p2|6\n|gen|9\n|tier|[Gen 9] National Dex Doubles\n|rated|\n|rule|HP Percentage Mod: HP is shown in percentages\n|rule|Endless Battle Clause: Forcing endless battles is banned\n|rule|OHKO Clause: OHKO moves are banned\n|rule|Evasion Moves Clause: Evasion moves are banned\n|rule|Evasion Abilities Clause: Evasion abilities are banned\n|rule|Species Clause: Limit one of each Pok\u00e9mon\n|rule|Gravity Sleep Clause: The combination of sleep-inducing moves with imperfect accuracy and Gravity or Gigantamax Orbeetle are banned\n|clearpoke\n|poke|p1|Audino, F|\n|poke|p1|Mimikyu, M|\n|poke|p1|Gholdengo|\n|poke|p1|Moltres-Galar|\n|poke|p1|Ogerpon-Cornerstone, F|\n|poke|p1|Zorua-Hisui, M|\n|poke|p2|Hatterene, F|\n|poke|p2|Grimmsnarl, M|\n|poke|p2|Ceruledge, M|\n|poke|p2|Amoonguss, F|\n|poke|p2|Buzzwole|\n|poke|p2|Metagross|\n|teampreview\n|\n|t:|1700514702\n|start\n|switch|p1a: Gholdengo|Gholdengo|100\/100\n|switch|p1b: Mimikyu|Mimikyu, M|100\/100\n|switch|p2a: Hatterene|Hatterene, F, shiny|100\/100\n|switch|p2b: Grimmsnarl|Grimmsnarl, M, shiny|100\/100\n|turn|1\n|\n|t:|1700514713\n|move|p2b: Grimmsnarl|Light Screen|p2b: Grimmsnarl\n|-sidestart|p2: SupaMexicanMan|move: Light Screen\n|move|p1a: Gholdengo|Will-O-Wisp|p2b: Grimmsnarl\n|-status|p2b: Grimmsnarl|brn\n|move|p1b: Mimikyu|Trick Room|p1b: Mimikyu\n|-fieldstart|move: Trick Room|[of] p1b: Mimikyu\n|move|p2a: Hatterene|Trick Room|p2a: Hatterene\n|-fieldend|move: Trick Room\n|\n|-damage|p2b: Grimmsnarl|94\/100 brn|[from] brn\n|upkeep\n|turn|2\n|\n|t:|1700514730\n|move|p2b: Grimmsnarl|Reflect|p2b: Grimmsnarl\n|-sidestart|p2: SupaMexicanMan|Reflect\n|-zpower|p1b: Mimikyu\n|move|p1b: Mimikyu|Let's Snuggle Forever|p2b: Grimmsnarl|[zeffect]\n|-supereffective|p2b: Grimmsnarl\n|-damage|p2b: Grimmsnarl|0 fnt\n|faint|p2b: Grimmsnarl\n|move|p1a: Gholdengo|Snarl|p2a: Hatterene|[miss]\n|-miss|p1a: Gholdengo|p2a: Hatterene\n|move|p2a: Hatterene|Trick Room|p2a: Hatterene\n|-fieldstart|move: Trick Room|[of] p2a: Hatterene\n|\n|upkeep\n|inactive|Battle timer is ON: inactive players will automatically lose when time's up. (requested by El Ryuk456)\n|inactive|SupaMexicanMan has 120 seconds left.\n|\n|t:|1700514781\n|switch|p2b: Buzzwole|Buzzwole|100\/100\n|turn|3\n|\n|t:|1700514806\n|-terastallize|p2b: Buzzwole|Water\n|move|p2a: Hatterene|Mystical Fire|p1a: Gholdengo\n|-damage|p1a: Gholdengo|63\/100\n|-unboost|p1a: Gholdengo|spa|1\n|replace|p1a: Zorua|Zorua-Hisui, M, shiny\n|-end|p1a: Zorua|Illusion\n|move|p1a: Zorua|Will-O-Wisp|p2b: Buzzwole\n|-status|p2b: Buzzwole|brn\n|move|p2b: Buzzwole|Darkest Lariat|p1a: Zorua\n|-supereffective|p1a: Zorua\n|-damage|p1a: Zorua|27\/100\n|move|p1b: Mimikyu|Trick Room|p1b: Mimikyu\n|-fieldend|move: Trick Room\n|\n|-damage|p2b: Buzzwole|94\/100 brn|[from] brn\n|upkeep\n|turn|4\n|\n|t:|1700514828\n|move|p1a: Zorua|Bitter Malice|p2b: Buzzwole\n|-damage|p2b: Buzzwole|87\/100 brn\n|-unboost|p2b: Buzzwole|atk|1\n|move|p2b: Buzzwole|Darkest Lariat|p1b: Mimikyu\n|-activate|p1b: Mimikyu|ability: Disguise\n|-damage|p1b: Mimikyu|100\/100\n|detailschange|p1b: Mimikyu|Mimikyu-Busted, M\n|-damage|p1b: Mimikyu|88\/100|[from] pokemon: Mimikyu-Busted\n|move|p2a: Hatterene|Dazzling Gleam|p1b: Mimikyu|[spread] p1a,p1b\n|-damage|p1a: Zorua|0 fnt\n|-damage|p1b: Mimikyu|61\/100\n|faint|p1a: Zorua\n|move|p1b: Mimikyu|Trick Room|p1b: Mimikyu\n|-fieldstart|move: Trick Room|[of] p1b: Mimikyu\n|\n|-damage|p2b: Buzzwole|81\/100 brn|[from] brn\n|upkeep\n|\n|t:|1700514848\n|switch|p1a: Audino|Audino, F|100\/100\n|turn|5\n|\n|t:|1700514858\n|detailschange|p1a: Audino|Audino-Mega, F\n|-mega|p1a: Audino|Audino|Audinite\n|move|p2a: Hatterene|Dazzling Gleam|p1a: Audino|[spread] p1a,p1b\n|-damage|p1a: Audino|86\/100\n|-damage|p1b: Mimikyu|32\/100\n|move|p1a: Audino|Wish|p1a: Audino\n|move|p2b: Buzzwole|Drain Punch|p1a: Audino\n|-damage|p1a: Audino|77\/100\n|-heal|p2b: Buzzwole|86\/100 brn|[from] drain|[of] p1a: Audino\n|move|p1b: Mimikyu|Trick Room|p1b: Mimikyu\n|-fieldend|move: Trick Room\n|\n|-damage|p2b: Buzzwole|80\/100 brn|[from] brn\n|upkeep\n|turn|6\n|\n|t:|1700514881\n|move|p1a: Audino|Ally Switch|p1a: Audino\n|swap|p1a: Audino|1|[from] move: Ally Switch\n|move|p1a: Mimikyu|Shadow Claw|p2a: Hatterene\n|-supereffective|p2a: Hatterene\n|-damage|p2a: Hatterene|59\/100\n|move|p2b: Buzzwole|Darkest Lariat|p1b: Audino\n|-resisted|p1b: Audino\n|-damage|p1b: Audino|74\/100\n|move|p2a: Hatterene|Psychic|p1a: Mimikyu\n|-damage|p1a: Mimikyu|0 fnt\n|faint|p1a: Mimikyu\n|\n|-damage|p2b: Buzzwole|74\/100 brn|[from] brn\n|upkeep\n|\n|t:|1700514896\n|switch|p1a: Moltres|Moltres-Galar|100\/100\n|turn|7\n|\n|t:|1700514913\n|switch|p2b: Metagross|Metagross|100\/100\n|move|p1a: Moltres|Nasty Plot|p1a: Moltres\n|-boost|p1a: Moltres|spa|2\n|move|p1b: Audino|Wish|p1b: Audino\n|move|p2a: Hatterene|Trick Room|p2a: Hatterene\n|-fieldstart|move: Trick Room|[of] p2a: Hatterene\n|\n|upkeep\n|turn|8\n|\n|t:|1700514933\n|detailschange|p2b: Metagross|Metagross-Mega\n|-mega|p2b: Metagross|Metagross|Metagrossite\n|move|p2a: Hatterene|Dazzling Gleam|p1a: Moltres|[spread] p1a,p1b\n|-supereffective|p1a: Moltres\n|-damage|p1a: Moltres|59\/100\n|-damage|p1b: Audino|58\/100\n|move|p1b: Audino|Flamethrower|p2b: Metagross\n|-supereffective|p2b: Metagross\n|-damage|p2b: Metagross|81\/100\n|move|p1a: Moltres|Fiery Wrath|p2b: Metagross|[spread] p2a,p2b\n|-supereffective|p2b: Metagross\n|-damage|p2a: Hatterene|23\/100\n|-damage|p2b: Metagross|23\/100\n|move|p2b: Metagross|Thunder Punch|p1a: Moltres\n|-supereffective|p1a: Moltres\n|-damage|p1a: Moltres|1\/100\n|-ability|p1a: Moltres|Berserk|boost\n|-boost|p1a: Moltres|spa|1\n|-enditem|p1a: Moltres|Sitrus Berry|[eat]\n|-heal|p1a: Moltres|26\/100|[from] item: Sitrus Berry\n|\n|-heal|p1b: Audino|100\/100|[from] move: Wish|[wisher] Audino\n|-sideend|p2: SupaMexicanMan|move: Light Screen\n|upkeep\n|turn|9\n|\n|t:|1700514958\n|switch|p2b: Ceruledge|Ceruledge, M|100\/100\n|move|p1a: Moltres|Protect|p1a: Moltres\n|-singleturn|p1a: Moltres|Protect\n|move|p2a: Hatterene|Dazzling Gleam|p1b: Audino|[spread] p1b\n|-activate|p1a: Moltres|move: Protect\n|-damage|p1b: Audino|86\/100\n|move|p1b: Audino|Wish|p1b: Audino\n|\n|-sideend|p2: SupaMexicanMan|Reflect\n|upkeep\n|turn|10\n|\n|t:|1700514980\n|-terastallize|p1a: Moltres|Poison\n|move|p1b: Audino|Ally Switch|p1b: Audino\n|swap|p1b: Audino|0|[from] move: Ally Switch\n|move|p2a: Hatterene|Dazzling Gleam|p1a: Audino|[spread] p1a,p1b\n|-resisted|p1b: Moltres\n|-damage|p1a: Audino|69\/100\n|-damage|p1b: Moltres|17\/100\n|move|p2b: Ceruledge|Swords Dance|p2b: Ceruledge\n|-boost|p2b: Ceruledge|atk|2\n|move|p1b: Moltres|Fiery Wrath|p2b: Ceruledge|[spread] p2a,p2b\n|-supereffective|p2b: Ceruledge\n|-damage|p2a: Hatterene|0 fnt\n|-damage|p2b: Ceruledge|0 fnt\n|faint|p2a: Hatterene\n|faint|p2b: Ceruledge\n|\n|-heal|p1b: Moltres|69\/100|[from] move: Wish|[wisher] Audino\n|upkeep\n|-message|SupaMexicanMan forfeited.\n|\n|win|El Ryuk456\n|raw|El Ryuk456's rating: 1417 &rarr; <strong>1430<\/strong><br \/>(+13 for winning)\n|raw|SupaMexicanMan's rating: 1287 &rarr; <strong>1271<\/strong><br \/>(-16 for losing)\n|l|\u2606SupaMexicanMan\n","uploadtime":1700514995,"views":8,"p1id":"elryuk456","p2id":"supamexicanman","formatid":"gen9nationaldexdoubles","rating":1271,"private":0,"password":""}