{"id":"gen9nationaldexdoubles-1956133108","p1":"FzGemini","p2":"hhxhi\u955c\u82b1\u6c34\u6708","format":"[Gen 9] National Dex Doubles","log":"|j|\u2606FzGemini\n|j|\u2606hhxhi\u955c\u82b1\u6c34\u6708\n|t:|1696076868\n|gametype|doubles\n|player|p1|FzGemini|serena|1334\n|player|p2|hhxhi\u955c\u82b1\u6c34\u6708|rosa-masters|1062\n|teamsize|p1|6\n|teamsize|p2|6\n|gen|9\n|tier|[Gen 9] National Dex Doubles\n|rated|\n|rule|HP Percentage Mod: HP is shown in percentages\n|rule|Endless Battle Clause: Forcing endless battles is banned\n|rule|OHKO Clause: OHKO moves are banned\n|rule|Evasion Moves Clause: Evasion moves are banned\n|rule|Evasion Abilities Clause: Evasion abilities are banned\n|rule|Species Clause: Limit one of each Pok\u00e9mon\n|rule|Gravity Sleep Clause: The combination of sleep-inducing moves with imperfect accuracy and Gravity or Gigantamax Orbeetle are banned\n|clearpoke\n|poke|p1|Salamence, M|\n|poke|p1|Zapdos|\n|poke|p1|Heatran, M|\n|poke|p1|Tapu Lele|\n|poke|p1|Urshifu-*, M|\n|poke|p1|Incineroar, F|\n|poke|p2|Eevee, F|\n|poke|p2|Clefairy, F|\n|poke|p2|Krookodile, F|\n|poke|p2|Flamigo, M|\n|poke|p2|Espeon, F|\n|poke|p2|Indeedee-F, F|\n|teampreview\n|inactive|Battle timer is ON: inactive players will automatically lose when time's up. (requested by FzGemini)\n|inactive|FzGemini has 120 seconds left.\n|\n|t:|1696076905\n|start\n|switch|p1a: Salamence|Salamence, M|100\/100\n|switch|p1b: Heatran|Heatran, M|100\/100\n|switch|p2a: Indeedee|Indeedee-F, F, shiny|100\/100\n|switch|p2b: Eevee|Eevee, F, shiny|100\/100\n|-ability|p1a: Salamence|Intimidate|boost\n|-unboost|p2a: Indeedee|atk|1\n|-unboost|p2b: Eevee|atk|1\n|-fieldstart|move: Psychic Terrain|[from] ability: Psychic Surge|[of] p2a: Indeedee\n|-enditem|p2a: Indeedee|Psychic Seed\n|-boost|p2a: Indeedee|spd|1|[from] item: Psychic Seed\n|turn|1\n|\n|t:|1696076916\n|detailschange|p1a: Salamence|Salamence-Mega, M\n|-mega|p1a: Salamence|Salamence|Salamencite\n|move|p2a: Indeedee|Follow Me|p2a: Indeedee\n|-singleturn|p2a: Indeedee|move: Follow Me\n|move|p1a: Salamence|Double-Edge|p2a: Indeedee\n|-damage|p2a: Indeedee|19\/100\n|-damage|p1a: Salamence|73\/100|[from] Recoil\n|-zpower|p2b: Eevee\n|move|p2b: Eevee|Extreme Evoboost|p2b: Eevee\n|-boost|p2b: Eevee|atk|2\n|-boost|p2b: Eevee|def|2\n|-boost|p2b: Eevee|spa|2\n|-boost|p2b: Eevee|spd|2\n|-boost|p2b: Eevee|spe|2\n|move|p1b: Heatran|Flash Cannon|p2a: Indeedee\n|-damage|p2a: Indeedee|0 fnt\n|faint|p2a: Indeedee\n|\n|upkeep\n|\n|t:|1696076931\n|switch|p2a: Clefairy|Clefairy, F, shiny|100\/100\n|turn|2\n|\n|t:|1696076954\n|move|p2a: Clefairy|Follow Me|p2a: Clefairy\n|-singleturn|p2a: Clefairy|move: Follow Me\n|move|p2b: Eevee|Baton Pass|p2b: Eevee\n|\n|t:|1696076956\n|switch|p2b: Krookodile|Krookodile, F, shiny|100\/100|[from] Baton Pass\n|move|p1a: Salamence|Double-Edge|p2a: Clefairy\n|-damage|p2a: Clefairy|3\/100\n|-damage|p1a: Salamence|39\/100|[from] Recoil\n|move|p1b: Heatran|Heat Wave|p2b: Krookodile|[spread] p2a,p2b\n|-damage|p2a: Clefairy|0 fnt\n|-damage|p2b: Krookodile|80\/100\n|faint|p2a: Clefairy\n|\n|upkeep\n|\n|t:|1696076958\n|switch|p2a: Flamigo|Flamigo, M, shiny|100\/100\n|-copyboost|p2a: Flamigo|p2b: Krookodile|[from] ability: Costar\n|turn|3\n|\n|t:|1696076988\n|-terastallize|p1b: Heatran|Grass\n|move|p2b: Krookodile|Power Trip|p1a: Salamence\n|-damage|p1a: Salamence|0 fnt\n|faint|p1a: Salamence\n|-ability|p2b: Krookodile|Moxie|boost\n|-boost|p2b: Krookodile|atk|1\n|move|p2a: Flamigo|Close Combat|p1b: Heatran\n|-damage|p1b: Heatran|30\/100\n|-unboost|p2a: Flamigo|def|1\n|-unboost|p2a: Flamigo|spd|1\n|move|p1b: Heatran|Heat Wave|p2a: Flamigo|[spread] p2a,p2b\n|-damage|p2a: Flamigo|55\/100\n|-damage|p2b: Krookodile|54\/100\n|\n|-heal|p1b: Heatran|36\/100|[from] item: Leftovers\n|upkeep\n|inactive|FzGemini has 120 seconds left.\n|\n|t:|1696077007\n|switch|p1a: Zapdos|Zapdos|100\/100\n|turn|4\n|\n|t:|1696077014\n|move|p2b: Krookodile|Power Trip|p1a: Zapdos\n|-damage|p1a: Zapdos|0 fnt\n|faint|p1a: Zapdos\n|-ability|p2b: Krookodile|Moxie|boost\n|-boost|p2b: Krookodile|atk|1\n|move|p2a: Flamigo|Brave Bird|p1b: Heatran\n|-supereffective|p1b: Heatran\n|-damage|p1b: Heatran|0 fnt\n|faint|p1b: Heatran\n|-damage|p2a: Flamigo|41\/100|[from] Recoil\n|\n|upkeep\n|\n|t:|1696077027\n|switch|p1a: Urshifu|Urshifu-Rapid-Strike, M|100\/100\n|switch|p1b: Incineroar|Incineroar, F|100\/100\n|-ability|p1b: Incineroar|Intimidate|boost\n|-fail|p2a: Flamigo|unboost|[from] item: Clear Amulet|[of] p2a: Flamigo\n|-fail|p2b: Krookodile|unboost|[from] item: Clear Amulet|[of] p2b: Krookodile\n|turn|5\n|\n|t:|1696077040\n|move|p1b: Incineroar|Fake Out|p2a: Flamigo\n|-hint|Psychic Terrain doesn't affect Pok\u00e9mon immune to Ground.\n|-damage|p2a: Flamigo|30\/100\n|move|p2b: Krookodile|Earthquake|p1a: Urshifu|[spread] p1a,p1b\n|-immune|p2a: Flamigo\n|-supereffective|p1b: Incineroar\n|-crit|p1b: Incineroar\n|-damage|p1a: Urshifu|3\/100\n|-damage|p1b: Incineroar|0 fnt\n|faint|p1b: Incineroar\n|-ability|p2b: Krookodile|Moxie|boost\n|-boost|p2b: Krookodile|atk|1\n|cant|p2a: Flamigo|flinch\n|move|p1a: Urshifu|Surging Strikes|p2b: Krookodile\n|-supereffective|p2b: Krookodile\n|-crit|p2b: Krookodile\n|-damage|p2b: Krookodile|0 fnt\n|faint|p2b: Krookodile\n|-hitcount|p2: Krookodile|1\n|-damage|p1a: Urshifu|0 fnt|[from] item: Life Orb\n|faint|p1a: Urshifu\n|\n|-fieldend|move: Psychic Terrain\n|upkeep\n|\n|t:|1696077065\n|switch|p1a: Tapu Lele|Tapu Lele|100\/100\n|switch|p2b: Espeon|Espeon, F|100\/100\n|-fieldstart|move: Psychic Terrain|[from] ability: Psychic Surge|[of] p1a: Tapu Lele\n|turn|6\n|\n|t:|1696077070\n|-terastallize|p2a: Flamigo|Flying\n|move|p2a: Flamigo|Brave Bird|p1a: Tapu Lele\n|-damage|p1a: Tapu Lele|0 fnt\n|faint|p1a: Tapu Lele\n|-damage|p2a: Flamigo|0 fnt|[from] Recoil\n|faint|p2a: Flamigo\n|\n|win|hhxhi\u955c\u82b1\u6c34\u6708\n|raw|FzGemini's rating: 1334 &rarr; <strong>1301<\/strong><br \/>(-33 for losing)\n|raw|hhxhi\u955c\u82b1\u6c34\u6708's rating: 1062 &rarr; <strong>1113<\/strong><br \/>(+51 for winning)\n","uploadtime":1696077074,"views":5,"p1id":"fzgemini","p2id":"hhxhi","formatid":"gen9nationaldexdoubles","rating":1113,"private":0,"password":""}