{"id":"gen9nationaldexdoubles-1968426149","p1":"boylisegundo","p2":"IHNL613","format":"[Gen 9] National Dex Doubles","log":"|j|\u2606boylisegundo\n|j|\u2606IHNL613\n|t:|1697417290\n|gametype|doubles\n|player|p1|boylisegundo|170|1215\n|player|p2|IHNL613|grimsley|1168\n|teamsize|p1|6\n|teamsize|p2|6\n|gen|9\n|tier|[Gen 9] National Dex Doubles\n|rated|\n|rule|HP Percentage Mod: HP is shown in percentages\n|rule|Endless Battle Clause: Forcing endless battles is banned\n|rule|OHKO Clause: OHKO moves are banned\n|rule|Evasion Moves Clause: Evasion moves are banned\n|rule|Evasion Abilities Clause: Evasion abilities are banned\n|rule|Species Clause: Limit one of each Pok\u00e9mon\n|rule|Gravity Sleep Clause: The combination of sleep-inducing moves with imperfect accuracy and Gravity or Gigantamax Orbeetle are banned\n|clearpoke\n|poke|p1|Arboliva, F|\n|poke|p1|Ogerpon-Wellspring, F|\n|poke|p1|Scizor, M|\n|poke|p1|Glimmora, F|\n|poke|p1|Slowbro-Galar, F|\n|poke|p1|Goodra-Hisui, F|\n|poke|p2|Tyranitar, M|\n|poke|p2|Garchomp, M|\n|poke|p2|Corviknight, F|\n|poke|p2|Lycanroc-Midnight, F|\n|poke|p2|Runerigus, M|\n|poke|p2|Incineroar, F|\n|teampreview\n|inactive|Battle timer is ON: inactive players will automatically lose when time's up. (requested by IHNL613)\n|\n|t:|1697417297\n|start\n|switch|p1a: Arboliva|Arboliva, F|100\/100\n|switch|p1b: Glimmora|Glimmora, F|100\/100\n|switch|p2a: Tyranitar|Tyranitar, M|100\/100\n|switch|p2b: Corviknight|Corviknight, F|100\/100\n|-weather|Sandstorm|[from] ability: Sand Stream|[of] p2a: Tyranitar\n|turn|1\n|c|\u2606boylisegundo|pseudo legendary bum\n|c|\u2606IHNL613|bruh its gar gar\n|c|\u2606IHNL613|also ur using ogerpon\n|c|\u2606boylisegundo|gar gar\n|inactive|IHNL613 has 120 seconds left.\n|c|\u2606boylisegundo|wah wah\n|\n|t:|1697417332\n|move|p1b: Glimmora|Protect|p1b: Glimmora\n|-singleturn|p1b: Glimmora|Protect\n|move|p2b: Corviknight|Brave Bird|p1a: Arboliva\n|-supereffective|p1a: Arboliva\n|-damage|p1a: Arboliva|26\/100\n|-damage|p2b: Corviknight|78\/100|[from] Recoil\n|move|p2a: Tyranitar|High Horsepower|p1b: Glimmora\n|-activate|p1b: Glimmora|move: Protect\n|move|p1a: Arboliva|Leech Seed|p2a: Tyranitar\n|-start|p2a: Tyranitar|move: Leech Seed\n|\n|-weather|Sandstorm|[upkeep]\n|-damage|p1a: Arboliva|20\/100|[from] Sandstorm\n|-enditem|p1a: Arboliva|Starf Berry|[eat]\n|-boost|p1a: Arboliva|def|2|[from] item: Starf Berry\n|-damage|p2a: Tyranitar|88\/100|[from] Leech Seed|[of] p1a: Arboliva\n|-heal|p1a: Arboliva|33\/100|[silent]\n|upkeep\n|turn|2\n|c|\u2606boylisegundo|talk like an adult please\n|c|\u2606boylisegundo|I beg of you\n|inactive|IHNL613 has 120 seconds left.\n|\n|t:|1697417369\n|switch|p1b: Ogerpon|Ogerpon-Wellspring, F|100\/100\n|detailschange|p2a: Tyranitar|Tyranitar-Mega, M\n|-mega|p2a: Tyranitar|Tyranitar|Tyranitarite\n|move|p1a: Arboliva|Protect|p1a: Arboliva\n|-singleturn|p1a: Arboliva|Protect\n|move|p2a: Tyranitar|Knock Off|p1b: Ogerpon\n|-crit|p1b: Ogerpon\n|-damage|p1b: Ogerpon|29\/100\n|move|p2b: Corviknight|Brave Bird|p1a: Arboliva\n|-activate|p1a: Arboliva|move: Protect\n|\n|-weather|Sandstorm|[upkeep]\n|-damage|p1b: Ogerpon|23\/100|[from] Sandstorm\n|-damage|p1a: Arboliva|27\/100|[from] Sandstorm\n|-damage|p2a: Tyranitar|76\/100|[from] Leech Seed|[of] p1a: Arboliva\n|-heal|p1a: Arboliva|40\/100|[silent]\n|upkeep\n|turn|3\n|inactive|IHNL613 has 120 seconds left.\n|inactive|boylisegundo has 120 seconds left.\n|\n|t:|1697417418\n|switch|p1a: Goodra|Goodra-Hisui, F|100\/100\n|move|p2a: Tyranitar|Protect|p2a: Tyranitar\n|-singleturn|p2a: Tyranitar|Protect\n|move|p1b: Ogerpon|Giga Drain|p2a: Tyranitar\n|-activate|p2a: Tyranitar|move: Protect\n|move|p2b: Corviknight|Brave Bird|p1b: Ogerpon\n|-supereffective|p1b: Ogerpon\n|-damage|p1b: Ogerpon|0 fnt\n|faint|p1b: Ogerpon\n|-damage|p2b: Corviknight|72\/100|[from] Recoil\n|\n|-weather|Sandstorm|[upkeep]\n|-damage|p2a: Tyranitar|63\/100|[from] Leech Seed|[of] p1a: Goodra\n|upkeep\n|\n|t:|1697417431\n|switch|p1b: Scizor|Scizor, M|100\/100\n|turn|4\n|inactive|boylisegundo has 120 seconds left.\n|\n|t:|1697417445\n|switch|p2a: Garchomp|Garchomp, M|100\/100\n|move|p1a: Goodra|Protect|p1a: Goodra\n|-singleturn|p1a: Goodra|Protect\n|move|p2b: Corviknight|Tailwind|p2b: Corviknight\n|-sidestart|p2: IHNL613|move: Tailwind\n|move|p1b: Scizor|Swords Dance|p1b: Scizor\n|-boost|p1b: Scizor|atk|2\n|\n|-weather|Sandstorm|[upkeep]\n|upkeep\n|turn|5\n|inactive|boylisegundo has 120 seconds left.\n|\n|t:|1697417466\n|move|p2a: Garchomp|Earthquake|p1a: Goodra|[spread] p1a,p1b\n|-immune|p2b: Corviknight\n|-supereffective|p1a: Goodra\n|-damage|p1a: Goodra|31\/100\n|-damage|p1b: Scizor|64\/100\n|move|p2b: Corviknight|Brave Bird|p1b: Scizor\n|-damage|p1b: Scizor|30\/100\n|-damage|p2b: Corviknight|62\/100|[from] Recoil\n|move|p1b: Scizor|Swords Dance|p1b: Scizor\n|-boost|p1b: Scizor|atk|2\n|move|p1a: Goodra|Dragon Claw|p2a: Garchomp\n|-supereffective|p2a: Garchomp\n|-damage|p2a: Garchomp|20\/100\n|-damage|p1a: Goodra|18\/100|[from] ability: Rough Skin|[of] p2a: Garchomp\n|\n|-weather|none\n|-heal|p1b: Scizor|36\/100|[from] item: Leftovers\n|-heal|p1a: Goodra|24\/100|[from] item: Leftovers\n|upkeep\n|turn|6\n|\n|t:|1697417493\n|move|p1b: Scizor|Protect|p1b: Scizor\n|-singleturn|p1b: Scizor|Protect\n|move|p1a: Goodra|Protect|p1a: Goodra\n|-singleturn|p1a: Goodra|Protect\n|move|p2a: Garchomp|Earthquake|p1a: Goodra|[spread] \n|-activate|p1a: Goodra|move: Protect\n|-activate|p1b: Scizor|move: Protect\n|-immune|p2b: Corviknight\n|move|p2b: Corviknight|Brave Bird|p1b: Scizor\n|-activate|p1b: Scizor|move: Protect\n|\n|-heal|p1b: Scizor|42\/100|[from] item: Leftovers\n|-heal|p1a: Goodra|30\/100|[from] item: Leftovers\n|upkeep\n|turn|7\n|inactive|boylisegundo has 120 seconds left.\n|\n|t:|1697417539\n|switch|p1a: Glimmora|Glimmora, F|100\/100\n|move|p1b: Scizor|Bullet Punch|p2a: Garchomp\n|-damage|p2a: Garchomp|0 fnt\n|-damage|p1b: Scizor|29\/100|[from] ability: Rough Skin|[of] p2a: Garchomp\n|faint|p2a: Garchomp\n|move|p2b: Corviknight|Brave Bird|p1b: Scizor\n|-damage|p1b: Scizor|0 fnt\n|faint|p1b: Scizor\n|-damage|p2b: Corviknight|54\/100|[from] Recoil\n|\n|-sideend|p2: IHNL613|move: Tailwind\n|upkeep\n|inactive|boylisegundo has 120 seconds left.\n|\n|t:|1697417553\n|switch|p2a: Tyranitar|Tyranitar-Mega, M|63\/100\n|switch|p1b: Goodra|Goodra-Hisui, F|30\/100\n|-weather|Sandstorm|[from] ability: Sand Stream|[of] p2a: Tyranitar\n|turn|8\n|c|\u2606boylisegundo|cheese\n|\n|t:|1697417561\n|move|p1b: Goodra|Protect|p1b: Goodra\n|-singleturn|p1b: Goodra|Protect\n|move|p1a: Glimmora|Reflect|p1a: Glimmora\n|-sidestart|p1: boylisegundo|Reflect\n|move|p2a: Tyranitar|High Horsepower|p1b: Goodra\n|-activate|p1b: Goodra|move: Protect\n|move|p2b: Corviknight|Roost|p2b: Corviknight\n|-heal|p2b: Corviknight|100\/100\n|-singleturn|p2b: Corviknight|move: Roost\n|\n|-weather|Sandstorm|[upkeep]\n|-heal|p1b: Goodra|36\/100|[from] item: Leftovers\n|upkeep\n|turn|9\n|c|\u2606IHNL613|ur using ogerpon and h goodra\n|\n|t:|1697417590\n|switch|p1a: Arboliva|Arboliva, F|40\/100\n|move|p2a: Tyranitar|High Horsepower|p1b: Goodra\n|-supereffective|p1b: Goodra\n|-damage|p1b: Goodra|0 fnt\n|faint|p1b: Goodra\n|move|p2b: Corviknight|Tailwind|p2b: Corviknight\n|-sidestart|p2: IHNL613|move: Tailwind\n|\n|-weather|Sandstorm|[upkeep]\n|-damage|p1a: Arboliva|34\/100|[from] Sandstorm\n|-item|p1a: Arboliva|Starf Berry|[from] ability: Harvest\n|upkeep\n|c|\u2606boylisegundo|mega\n|c|\u2606boylisegundo|boo\n|c|\u2606IHNL613|sorry im using the funnest mechanic\n|\n|t:|1697417604\n|switch|p1b: Slowbro|Slowbro-Galar, F|100\/100\n|turn|10\n|\n|t:|1697417613\n|move|p1a: Arboliva|Protect|p1a: Arboliva\n|-singleturn|p1a: Arboliva|Protect\n|move|p2a: Tyranitar|Knock Off|p1b: Slowbro\n|-supereffective|p1b: Slowbro\n|-crit|p1b: Slowbro\n|-damage|p1b: Slowbro|0 fnt\n|-enditem|p1b: Slowbro|Leftovers|[from] move: Knock Off|[of] p2a: Tyranitar\n|faint|p1b: Slowbro\n|move|p2b: Corviknight|Brave Bird|p1a: Arboliva\n|-activate|p1a: Arboliva|move: Protect\n|\n|-weather|Sandstorm|[upkeep]\n|-damage|p1a: Arboliva|28\/100|[from] Sandstorm\n|upkeep\n|c|\u2606boylisegundo|your excuses are amusing\n|-message|boylisegundo forfeited.\n|\n|win|IHNL613\n|raw|boylisegundo's rating: 1215 &rarr; <strong>1187<\/strong><br \/>(-28 for losing)\n|raw|IHNL613's rating: 1168 &rarr; <strong>1196<\/strong><br \/>(+28 for winning)\n|l|\u2606boylisegundo\n|c|\u2606IHNL613|im not the one complaing about losing\n","uploadtime":1697417651,"views":9,"p1id":"boylisegundo","p2id":"ihnl613","formatid":"gen9nationaldexdoubles","rating":1187,"private":0,"password":""}