{"id":"gen9nationaldexdoubles-1974443209","p1":"The power of ROCK","p2":"Jimothy037","format":"[Gen 9] National Dex Doubles","log":"|j|\u2606The power of ROCK\n|j|\u2606Jimothy037\n|t:|1698087403\n|gametype|doubles\n|player|p1|The power of ROCK|roark|\n|player|p2|Jimothy037|170|\n|teamsize|p1|6\n|teamsize|p2|6\n|gen|9\n|tier|[Gen 9] National Dex Doubles\n|rule|HP Percentage Mod: HP is shown in percentages\n|rule|Endless Battle Clause: Forcing endless battles is banned\n|rule|OHKO Clause: OHKO moves are banned\n|rule|Evasion Moves Clause: Evasion moves are banned\n|rule|Evasion Abilities Clause: Evasion abilities are banned\n|rule|Species Clause: Limit one of each Pok\u00e9mon\n|rule|Gravity Sleep Clause: The combination of sleep-inducing moves with imperfect accuracy and Gravity or Gigantamax Orbeetle are banned\n|clearpoke\n|poke|p1|Tyranitar, F|\n|poke|p1|Garganacl, F|\n|poke|p1|Stakataka|\n|poke|p1|Aggron, M|\n|poke|p1|Ogerpon-Cornerstone, F|\n|poke|p1|Shuckle, M|\n|poke|p2|Dusclops, M|\n|poke|p2|Stonjourner, M|\n|poke|p2|Toxtricity, M|\n|poke|p2|Spiritomb, M|\n|poke|p2|Ursaluna-Bloodmoon, M|\n|poke|p2|Misdreavus, M|\n|teampreview\n|inactive|Battle timer is ON: inactive players will automatically lose when time's up. (requested by Jimothy037)\n|\n|t:|1698087414\n|start\n|switch|p1a: Garganacl|Garganacl, F|100\/100\n|switch|p1b: Shuckle|Shuckle, M|100\/100\n|switch|p2a: Stonjourner|Stonjourner, M|100\/100\n|switch|p2b: Dusclops|Dusclops, M, shiny|100\/100\n|-item|p1a: Garganacl|Leftovers|[from] ability: Frisk|[of] p2b: Dusclops|[identify]\n|-item|p1b: Shuckle|Leftovers|[from] ability: Frisk|[of] p2b: Dusclops|[identify]\n|turn|1\n|\n|t:|1698087425\n|move|p2a: Stonjourner|Protect|p2a: Stonjourner\n|-singleturn|p2a: Stonjourner|Protect\n|move|p1a: Garganacl|Iron Defense|p1a: Garganacl\n|-boost|p1a: Garganacl|def|2\n|move|p1b: Shuckle|Guard Split|p1a: Garganacl\n|-activate|p1b: Shuckle|move: Guard Split|[of] p1a: Garganacl\n|move|p2b: Dusclops|Trick Room|p2b: Dusclops\n|-fieldstart|move: Trick Room|[of] p2b: Dusclops\n|\n|upkeep\n|turn|2\n|\n|t:|1698087444\n|switch|p1b: Stakataka|Stakataka|100\/100\n|move|p2b: Dusclops|Skill Swap|p2a: Stonjourner\n|-activate|p2b: Dusclops|move: Skill Swap|||[of] p2a: Stonjourner\n|-item|p1a: Garganacl|Leftovers|[from] ability: Frisk|[of] p2a: Stonjourner|[identify]\n|-item|p1b: Stakataka|Focus Sash|[from] ability: Frisk|[of] p2a: Stonjourner|[identify]\n|move|p1a: Garganacl|Iron Defense|p1a: Garganacl\n|-boost|p1a: Garganacl|def|2\n|move|p2a: Stonjourner|Self-Destruct|p1b: Stakataka|[spread] p1a,p1b\n|-immune|p2b: Dusclops\n|-enditem|p2a: Stonjourner|Normal Gem|[from] gem\n|-resisted|p1a: Garganacl\n|-resisted|p1b: Stakataka\n|-damage|p1a: Garganacl|94\/100\n|-damage|p1b: Stakataka|87\/100\n|faint|p2a: Stonjourner\n|\n|-heal|p1a: Garganacl|99\/100|[from] item: Leftovers\n|upkeep\n|\n|t:|1698087454\n|switch|p2a: Toxtricity|Toxtricity, M, shiny|100\/100\n|turn|3\n|\n|t:|1698087484\n|move|p2b: Dusclops|Helping Hand|p2a: Toxtricity\n|-singleturn|p2a: Toxtricity|Helping Hand|[of] p2b: Dusclops\n|move|p1b: Stakataka|Gyro Ball|p2a: Toxtricity\n|-resisted|p2a: Toxtricity\n|-damage|p2a: Toxtricity|58\/100\n|move|p1a: Garganacl|Salt Cure|p2a: Toxtricity\n|-damage|p2a: Toxtricity|40\/100\n|-start|p2a: Toxtricity|Salt Cure\n|move|p2a: Toxtricity|Overdrive|p1a: Garganacl|[spread] p1a,p1b\n|-damage|p1a: Garganacl|50\/100\n|-damage|p1b: Stakataka|0 fnt\n|faint|p1b: Stakataka\n|-damage|p2a: Toxtricity|30\/100|[from] item: Life Orb\n|\n|-heal|p1a: Garganacl|56\/100|[from] item: Leftovers\n|-damage|p2a: Toxtricity|17\/100|[from] Salt Cure\n|upkeep\n|\n|t:|1698087490\n|switch|p1b: Tyranitar|Tyranitar, F|100\/100\n|-weather|Sandstorm|[from] ability: Sand Stream|[of] p1b: Tyranitar\n|turn|4\n|\n|t:|1698087496\n|move|p2b: Dusclops|Helping Hand|p2a: Toxtricity\n|-singleturn|p2a: Toxtricity|Helping Hand|[of] p2b: Dusclops\n|move|p1a: Garganacl|Recover|p1a: Garganacl\n|-heal|p1a: Garganacl|100\/100\n|move|p2a: Toxtricity|Overdrive|p1b: Tyranitar|[spread] p1a,p1b\n|-crit|p1a: Garganacl\n|-crit|p1b: Tyranitar\n|-damage|p1a: Garganacl|47\/100\n|-damage|p1b: Tyranitar|60\/100\n|-damage|p2a: Toxtricity|8\/100|[from] item: Life Orb\n|move|p1b: Tyranitar|Pursuit|p2a: Toxtricity\n|-damage|p2a: Toxtricity|0 fnt\n|faint|p2a: Toxtricity\n|\n|-weather|Sandstorm|[upkeep]\n|-damage|p2b: Dusclops|95\/100|[from] Sandstorm\n|-heal|p1a: Garganacl|53\/100|[from] item: Leftovers\n|upkeep\n|\n|t:|1698087504\n|switch|p2a: Ursaluna|Ursaluna-Bloodmoon, M|100\/100\n|turn|5\n|inactive|The power of ROCK has 270 seconds left.\n|\n|t:|1698087540\n|-terastallize|p1a: Garganacl|Ghost\n|move|p2b: Dusclops|Helping Hand|p2a: Ursaluna\n|-singleturn|p2a: Ursaluna|Helping Hand|[of] p2b: Dusclops\n|move|p1a: Garganacl|Body Press|p2a: Ursaluna\n|-supereffective|p2a: Ursaluna\n|-damage|p2a: Ursaluna|0 fnt\n|faint|p2a: Ursaluna\n|move|p1b: Tyranitar|Knock Off|p2b: Dusclops\n|-supereffective|p2b: Dusclops\n|-damage|p2b: Dusclops|44\/100\n|-enditem|p2b: Dusclops|Eviolite|[from] move: Knock Off|[of] p1b: Tyranitar\n|\n|-weather|Sandstorm|[upkeep]\n|-damage|p2b: Dusclops|38\/100|[from] Sandstorm\n|-damage|p1a: Garganacl|47\/100|[from] Sandstorm\n|-heal|p1a: Garganacl|53\/100|[from] item: Leftovers\n|-fieldend|move: Trick Room\n|upkeep\n|c|\u2606Jimothy037|That Garganacl is very annoying lol\n|inactive|Jimothy037 has 270 seconds left.\n|\n|t:|1698087557\n|switch|p2a: Spiritomb|Spiritomb, M, shiny|100\/100\n|-ability|p2a: Spiritomb|Pressure\n|turn|6\n|c|\u2606The power of ROCK|yep and it got a shuckle guard split\n|c|\u2606The power of ROCK|so good luck\n|\n|t:|1698087573\n|move|p1b: Tyranitar|Knock Off|p2a: Spiritomb\n|-damage|p2a: Spiritomb|66\/100\n|-enditem|p2a: Spiritomb|Leftovers|[from] move: Knock Off|[of] p1b: Tyranitar\n|move|p1a: Garganacl|Recover|p1a: Garganacl\n|-heal|p1a: Garganacl|100\/100\n|move|p2a: Spiritomb|Will-O-Wisp|p1b: Tyranitar\n|-status|p1b: Tyranitar|brn\n|move|p2b: Dusclops|Trick Room|p2b: Dusclops\n|-fieldstart|move: Trick Room|[of] p2b: Dusclops\n|\n|-weather|Sandstorm|[upkeep]\n|-damage|p2b: Dusclops|32\/100|[from] Sandstorm\n|-damage|p2a: Spiritomb|59\/100|[from] Sandstorm\n|-damage|p1a: Garganacl|94\/100|[from] Sandstorm\n|-heal|p1a: Garganacl|100\/100|[from] item: Leftovers\n|-damage|p1b: Tyranitar|54\/100 brn|[from] brn\n|upkeep\n|turn|7\n|inactive|Jimothy037 has 270 seconds left.\n|c|\u2606Jimothy037|I literally cannot win now, the core of the team was Toxtricity\n|c|\u2606Jimothy037|gg :)\n|\n|t:|1698087612\n|switch|p1b: Shuckle|Shuckle, M|100\/100\n|move|p2b: Dusclops|Will-O-Wisp|p1a: Garganacl\n|-immune|p1a: Garganacl|[from] ability: Purifying Salt\n|move|p2a: Spiritomb|Pain Split|p1a: Garganacl\n|-sethp|p1a: Garganacl|73\/100|[from] move: Pain Split|[silent]\n|-sethp|p2a: Spiritomb|96\/100|[from] move: Pain Split\n|move|p1a: Garganacl|Salt Cure|p2a: Spiritomb\n|-damage|p2a: Spiritomb|85\/100\n|-start|p2a: Spiritomb|Salt Cure\n|\n|-weather|Sandstorm|[upkeep]\n|-damage|p2b: Dusclops|26\/100|[from] Sandstorm\n|-damage|p2a: Spiritomb|79\/100|[from] Sandstorm\n|-damage|p1a: Garganacl|66\/100|[from] Sandstorm\n|-heal|p1a: Garganacl|73\/100|[from] item: Leftovers\n|-damage|p2a: Spiritomb|66\/100|[from] Salt Cure\n|upkeep\n|turn|8\n|c|\u2606The power of ROCK|gg lol\n|\n|t:|1698087640\n|move|p1b: Shuckle|Infestation|p2a: Spiritomb\n|-damage|p2a: Spiritomb|64\/100\n|-activate|p2a: Spiritomb|move: Infestation|[of] p1b: Shuckle\n|move|p2b: Dusclops|Will-O-Wisp|p1b: Shuckle\n|-status|p1b: Shuckle|brn\n|move|p2a: Spiritomb|Pain Split|p1a: Garganacl\n|-sethp|p1a: Garganacl|60\/100|[from] move: Pain Split|[silent]\n|-sethp|p2a: Spiritomb|80\/100|[from] move: Pain Split\n|move|p1a: Garganacl|Salt Cure|p2b: Dusclops\n|-damage|p2b: Dusclops|11\/100\n|-start|p2b: Dusclops|Salt Cure\n|\n|-weather|none\n|-heal|p1a: Garganacl|67\/100|[from] item: Leftovers\n|-damage|p1b: Shuckle|94\/100 brn|[from] brn\n|-damage|p2b: Dusclops|0 fnt|[from] Salt Cure\n|faint|p2b: Dusclops\n|-damage|p2a: Spiritomb|68\/100|[from] Salt Cure\n|-damage|p2a: Spiritomb|55\/100|[from] move: Infestation|[partiallytrapped]\n|upkeep\n|c|\u2606Jimothy037|the whole idea was to have Dusclops with power spot, then helping hand + boomburst for beeg damage\n|inactive|Jimothy037 has 270 seconds left.\n|\n|t:|1698087660\n|switch|p2b: Misdreavus|Misdreavus, M|100\/100\n|turn|9\n|\n|t:|1698087688\n|move|p1b: Shuckle|Knock Off|p2b: Misdreavus\n|-supereffective|p2b: Misdreavus\n|-damage|p2b: Misdreavus|95\/100\n|-enditem|p2b: Misdreavus|Eviolite|[from] move: Knock Off|[of] p1b: Shuckle\n|move|p2a: Spiritomb|Pain Split|p1a: Garganacl\n|-sethp|p1a: Garganacl|54\/100|[from] move: Pain Split|[silent]\n|-sethp|p2a: Spiritomb|72\/100|[from] move: Pain Split\n|move|p1a: Garganacl|Recover|p1a: Garganacl\n|-heal|p1a: Garganacl|100\/100\n|move|p2b: Misdreavus|Foul Play|p1a: Garganacl\n|-supereffective|p1a: Garganacl\n|-damage|p1a: Garganacl|93\/100\n|\n|-heal|p1b: Shuckle|100\/100 brn|[from] item: Leftovers\n|-heal|p1a: Garganacl|99\/100|[from] item: Leftovers\n|-damage|p1b: Shuckle|94\/100 brn|[from] brn\n|-damage|p2a: Spiritomb|59\/100|[from] move: Infestation|[partiallytrapped]\n|-damage|p2a: Spiritomb|47\/100|[from] Salt Cure\n|upkeep\n|turn|10\n|c|\u2606The power of ROCK|yeah i see\n|c|\u2606Jimothy037|wow big damage\n|\n|t:|1698087707\n|move|p1b: Shuckle|Infestation|p2b: Misdreavus\n|-resisted|p2b: Misdreavus\n|-damage|p2b: Misdreavus|95\/100\n|-activate|p2b: Misdreavus|move: Infestation|[of] p1b: Shuckle\n|move|p2a: Spiritomb|Pain Split|p1a: Garganacl\n|-sethp|p1a: Garganacl|67\/100|[from] move: Pain Split|[silent]\n|-sethp|p2a: Spiritomb|89\/100|[from] move: Pain Split\n|move|p1a: Garganacl|Salt Cure|p2b: Misdreavus\n|-damage|p2b: Misdreavus|74\/100\n|-start|p2b: Misdreavus|Salt Cure\n|move|p2b: Misdreavus|Dazzling Gleam|p1a: Garganacl|[spread] p1a,p1b\n|-damage|p1a: Garganacl|61\/100\n|-damage|p1b: Shuckle|86\/100 brn\n|\n|-heal|p1b: Shuckle|92\/100 brn|[from] item: Leftovers\n|-heal|p1a: Garganacl|67\/100|[from] item: Leftovers\n|-damage|p1b: Shuckle|86\/100 brn|[from] brn\n|-damage|p2a: Spiritomb|76\/100|[from] Salt Cure\n|-damage|p2a: Spiritomb|64\/100|[from] move: Infestation|[partiallytrapped]\n|-damage|p2b: Misdreavus|62\/100|[from] move: Infestation|[partiallytrapped]\n|-damage|p2b: Misdreavus|49\/100|[from] Salt Cure\n|-fieldend|move: Trick Room\n|upkeep\n|turn|11\n|\n|t:|1698087722\n|switch|p1b: Ogerpon|Ogerpon-Cornerstone, F|100\/100\n|move|p1a: Garganacl|Recover|p1a: Garganacl\n|-heal|p1a: Garganacl|100\/100\n|move|p2a: Spiritomb|Pain Split|p1a: Garganacl\n|-sethp|p1a: Garganacl|74\/100|[from] move: Pain Split|[silent]\n|-sethp|p2a: Spiritomb|99\/100|[from] move: Pain Split\n|move|p2b: Misdreavus|Trick Room|p2b: Misdreavus\n|-fieldstart|move: Trick Room|[of] p2b: Misdreavus\n|\n|-heal|p1a: Garganacl|80\/100|[from] item: Leftovers\n|-end|p2a: Spiritomb|Infestation|[partiallytrapped]|[silent]\n|-damage|p2a: Spiritomb|86\/100|[from] Salt Cure\n|-damage|p2b: Misdreavus|37\/100|[from] Salt Cure\n|-end|p2b: Misdreavus|Infestation|[partiallytrapped]|[silent]\n|upkeep\n|turn|12\n|\n|t:|1698087746\n|switch|p1b: Tyranitar|Tyranitar, F|54\/100 brn\n|-weather|Sandstorm|[from] ability: Sand Stream|[of] p1b: Tyranitar\n|move|p2a: Spiritomb|Will-O-Wisp|p1b: Tyranitar|[miss]\n|-miss|p2a: Spiritomb|p1b: Tyranitar\n|move|p1a: Garganacl|Salt Cure|p2b: Misdreavus\n|-damage|p2b: Misdreavus|16\/100\n|move|p2b: Misdreavus|Foul Play|p1b: Tyranitar\n|-resisted|p1b: Tyranitar\n|-damage|p1b: Tyranitar|43\/100 brn\n|\n|-weather|Sandstorm|[upkeep]\n|-damage|p2a: Spiritomb|80\/100|[from] Sandstorm\n|-damage|p1a: Garganacl|74\/100|[from] Sandstorm\n|-damage|p2b: Misdreavus|9\/100|[from] Sandstorm\n|-heal|p1a: Garganacl|80\/100|[from] item: Leftovers\n|-damage|p1b: Tyranitar|37\/100 brn|[from] brn\n|-damage|p2a: Spiritomb|67\/100|[from] Salt Cure\n|-damage|p2b: Misdreavus|0 fnt|[from] Salt Cure\n|faint|p2b: Misdreavus\n|upkeep\n|turn|13\n|\n|t:|1698087761\n|switch|p1b: Shuckle|Shuckle, M|86\/100 brn\n|move|p2a: Spiritomb|Pain Split|p1a: Garganacl\n|-sethp|p1a: Garganacl|66\/100|[from] move: Pain Split|[silent]\n|-sethp|p2a: Spiritomb|87\/100|[from] move: Pain Split\n|move|p1a: Garganacl|Salt Cure|p2a: Spiritomb\n|-damage|p2a: Spiritomb|75\/100\n|\n|-weather|Sandstorm|[upkeep]\n|-damage|p2a: Spiritomb|69\/100|[from] Sandstorm\n|-damage|p1a: Garganacl|59\/100|[from] Sandstorm\n|-heal|p1b: Shuckle|92\/100 brn|[from] item: Leftovers\n|-heal|p1a: Garganacl|66\/100|[from] item: Leftovers\n|-damage|p1b: Shuckle|86\/100 brn|[from] brn\n|-damage|p2a: Spiritomb|56\/100|[from] Salt Cure\n|upkeep\n|turn|14\n|c|\u2606Jimothy037|mono rock is suprisingly good\n|c|\u2606Jimothy037|*surprisingly\n|\n|t:|1698087780\n|move|p1b: Shuckle|Infestation|p2a: Spiritomb\n|-crit|p2a: Spiritomb\n|-damage|p2a: Spiritomb|53\/100\n|-activate|p2a: Spiritomb|move: Infestation|[of] p1b: Shuckle\n|move|p2a: Spiritomb|Pain Split|p1a: Garganacl\n|-sethp|p1a: Garganacl|53\/100|[from] move: Pain Split|[silent]\n|-sethp|p2a: Spiritomb|70\/100|[from] move: Pain Split\n|move|p1a: Garganacl|Salt Cure|p2a: Spiritomb\n|-damage|p2a: Spiritomb|60\/100\n|\n|-weather|Sandstorm|[upkeep]\n|-damage|p2a: Spiritomb|54\/100|[from] Sandstorm\n|-damage|p1a: Garganacl|47\/100|[from] Sandstorm\n|-heal|p1b: Shuckle|92\/100 brn|[from] item: Leftovers\n|-heal|p1a: Garganacl|53\/100|[from] item: Leftovers\n|-damage|p1b: Shuckle|86\/100 brn|[from] brn\n|-damage|p2a: Spiritomb|42\/100|[from] move: Infestation|[partiallytrapped]\n|-damage|p2a: Spiritomb|29\/100|[from] Salt Cure\n|upkeep\n|turn|15\n|\n|t:|1698087796\n|switch|p1b: Ogerpon|Ogerpon-Cornerstone, F|100\/100\n|move|p2a: Spiritomb|Pain Split|p1a: Garganacl\n|-sethp|p1a: Garganacl|37\/100|[from] move: Pain Split|[silent]\n|-sethp|p2a: Spiritomb|50\/100|[from] move: Pain Split\n|move|p1a: Garganacl|Salt Cure|p2a: Spiritomb\n|-damage|p2a: Spiritomb|39\/100\n|\n|-weather|Sandstorm|[upkeep]\n|-damage|p2a: Spiritomb|32\/100|[from] Sandstorm\n|-damage|p1a: Garganacl|31\/100|[from] Sandstorm\n|-heal|p1a: Garganacl|37\/100|[from] item: Leftovers\n|-end|p2a: Spiritomb|Infestation|[partiallytrapped]|[silent]\n|-damage|p2a: Spiritomb|20\/100|[from] Salt Cure\n|-fieldend|move: Trick Room\n|upkeep\n|turn|16\n|c|\u2606The power of ROCK|gg\n|\n|t:|1698087803\n|move|p1b: Ogerpon|Ivy Cudgel|p2a: Spiritomb\n|-damage|p2a: Spiritomb|0 fnt\n|faint|p2a: Spiritomb\n|\n|win|The power of ROCK\n|c|\u2606Jimothy037|gg wp\n|l|\u2606Jimothy037\n","uploadtime":1698087810,"views":8,"p1id":"thepowerofrock","p2id":"jimothy037","formatid":"gen9nationaldexdoubles","rating":0,"private":0,"password":""}