{"id":"gen9nationaldexdoubles-1970706112","p1":"StrongestBoss","p2":"JodexStar","format":"[Gen 9] National Dex Doubles","log":"|j|\u2606StrongestBoss\n|j|\u2606JodexStar\n|t:|1697659817\n|gametype|doubles\n|player|p1|StrongestBoss|169|\n|player|p2|JodexStar|janitor|\n|teamsize|p1|6\n|teamsize|p2|6\n|gen|9\n|tier|[Gen 9] National Dex Doubles\n|rule|HP Percentage Mod: HP is shown in percentages\n|rule|Endless Battle Clause: Forcing endless battles is banned\n|rule|OHKO Clause: OHKO moves are banned\n|rule|Evasion Moves Clause: Evasion moves are banned\n|rule|Evasion Abilities Clause: Evasion abilities are banned\n|rule|Species Clause: Limit one of each Pok\u00e9mon\n|rule|Gravity Sleep Clause: The combination of sleep-inducing moves with imperfect accuracy and Gravity or Gigantamax Orbeetle are banned\n|clearpoke\n|poke|p1|Torkoal, M|\n|poke|p1|Chandelure, M|\n|poke|p1|Charizard, M|\n|poke|p1|Incineroar, M|\n|poke|p1|Scovillain, F|\n|poke|p1|Volcanion|\n|poke|p2|Muk-Alola, M|\n|poke|p2|Nidoking, M|\n|poke|p2|Nihilego|\n|poke|p2|Ariados, M|\n|poke|p2|Weezing-Galar, F|\n|poke|p2|Toxicroak, F|\n|teampreview\n|c|\u2606StrongestBoss|this is another theoretically even matchup i think\n|\n|t:|1697659861\n|start\n|switch|p1a: SMOKINGISVERYBAD|Torkoal, M|100\/100\n|switch|p1b: Decorative|Chandelure, M|100\/100\n|switch|p2a: Ariados|Ariados, M|100\/100\n|switch|p2b: Nihilego|Nihilego|100\/100\n|-weather|SunnyDay|[from] ability: Drought|[of] p1a: SMOKINGISVERYBAD\n|turn|1\n|c|\u2606JodexStar|theoretically\n|\n|t:|1697659881\n|move|p1a: SMOKINGISVERYBAD|Protect|p1a: SMOKINGISVERYBAD\n|-singleturn|p1a: SMOKINGISVERYBAD|Protect\n|move|p2a: Ariados|Rage Powder|p2a: Ariados\n|-singleturn|p2a: Ariados|move: Rage Powder\n|move|p2b: Nihilego|Meteor Beam||[still]\n|-prepare|p2b: Nihilego|Meteor Beam\n|-boost|p2b: Nihilego|spa|1\n|-enditem|p2b: Nihilego|Power Herb\n|-anim|p2b: Nihilego|Meteor Beam|p1b: Decorative\n|-supereffective|p1b: Decorative\n|-damage|p1b: Decorative|0 fnt\n|faint|p1b: Decorative\n|-ability|p2b: Nihilego|Beast Boost|boost\n|-boost|p2b: Nihilego|spa|1\n|\n|-weather|SunnyDay|[upkeep]\n|upkeep\n|c|\u2606StrongestBoss|oh dear\n|c|\u2606JodexStar|indeed only in theory\n|\n|t:|1697659938\n|switch|p1b: Doctor Pepper|Scovillain, F|100\/100\n|turn|2\n|\n|t:|1697659960\n|move|p2a: Ariados|Rage Powder|p2a: Ariados\n|-singleturn|p2a: Ariados|move: Rage Powder\n|move|p1b: Doctor Pepper|Flamethrower|p2a: Ariados\n|-supereffective|p2a: Ariados\n|-damage|p2a: Ariados|0 fnt\n|faint|p2a: Ariados\n|-damage|p1b: Doctor Pepper|91\/100|[from] item: Life Orb\n|move|p2b: Nihilego|Sludge Wave|p1b: Doctor Pepper|[spread] p1a,p1b\n|-supereffective|p1b: Doctor Pepper\n|-damage|p1a: SMOKINGISVERYBAD|10\/100\n|-damage|p1b: Doctor Pepper|0 fnt\n|faint|p1b: Doctor Pepper\n|-ability|p2b: Nihilego|Beast Boost|boost\n|-boost|p2b: Nihilego|spa|1\n|move|p1a: SMOKINGISVERYBAD|Earth Power|p2b: Nihilego\n|-supereffective|p2b: Nihilego\n|-damage|p2b: Nihilego|16\/100\n|\n|-weather|SunnyDay|[upkeep]\n|-heal|p1a: SMOKINGISVERYBAD|16\/100|[from] item: Leftovers\n|upkeep\n|c|\u2606StrongestBoss|OWWWWWWWWWWWWWWWWWWWWWWWWWWWWWWWW\n|c|\u2606StrongestBoss|**THAT ONLY DID 84%????????????????????**\n|c|\u2606StrongestBoss|**THAT TORKOAL IS MAX SPECIAL ATTACK?????????????????????????????????????????**\n|c|\u2606JodexStar|damn\n|c|\u2606JodexStar|we live those\n|c|\u2606JodexStar|(ngl didn't expect to live that in a million years)\n|\n|t:|1697660068\n|switch|p1b: BAH GOD KING|Incineroar, M|100\/100\n|switch|p2a: Toxicroak|Toxicroak, F|100\/100\n|-ability|p1b: BAH GOD KING|Intimidate|boost\n|-unboost|p2a: Toxicroak|atk|1\n|-unboost|p2b: Nihilego|atk|1\n|turn|3\n|\n|t:|1697660084\n|move|p2a: Toxicroak|Fake Out|p1b: BAH GOD KING\n|-damage|p1b: BAH GOD KING|94\/100\n|cant|p1b: BAH GOD KING|flinch\n|move|p2b: Nihilego|Sludge Wave|p1a: SMOKINGISVERYBAD|[spread] p2a,p1a,p1b\n|-resisted|p2a: Toxicroak\n|-damage|p2a: Toxicroak|63\/100\n|-damage|p1a: SMOKINGISVERYBAD|0 fnt\n|-damage|p1b: BAH GOD KING|28\/100\n|faint|p1a: SMOKINGISVERYBAD\n|-ability|p2b: Nihilego|Beast Boost|boost\n|-boost|p2b: Nihilego|spa|1\n|\n|-weather|SunnyDay|[upkeep]\n|-damage|p2a: Toxicroak|51\/100|[from] ability: Dry Skin|[of] p2a: Toxicroak\n|upkeep\n|c|\u2606StrongestBoss|oh wow i lose so hard\n|\n|t:|1697660100\n|switch|p1a: GladTheresNoSun|Charizard, M|100\/100\n|turn|4\n|\n|t:|1697660119\n|detailschange|p1a: GladTheresNoSun|Charizard-Mega-Y, M\n|-mega|p1a: GladTheresNoSun|Charizard|Charizardite Y\n|move|p2a: Toxicroak|Feint|p1a: GladTheresNoSun\n|-damage|p1a: GladTheresNoSun|93\/100\n|move|p2b: Nihilego|Sludge Wave|p1b: BAH GOD KING|[spread] p2a,p1a,p1b\n|-resisted|p2a: Toxicroak\n|-damage|p2a: Toxicroak|3\/100\n|-damage|p1a: GladTheresNoSun|0 fnt\n|-damage|p1b: BAH GOD KING|0 fnt\n|faint|p1a: GladTheresNoSun\n|faint|p1b: BAH GOD KING\n|-ability|p2b: Nihilego|Beast Boost|boost\n|-boost|p2b: Nihilego|spa|2\n|\n|-weather|SunnyDay|[upkeep]\n|-damage|p2a: Toxicroak|0 fnt|[from] ability: Dry Skin|[of] p2a: Toxicroak\n|faint|p2a: Toxicroak\n|upkeep\n|c|\u2606StrongestBoss|WHAT DO YOU MEAN THAT OUTSPEEDS\n|c|\u2606JodexStar|yea nihilego took over\n|c|\u2606StrongestBoss|YOU AND YOUR FUCKING SCARF I'M GONNA CRY\n|c|\u2606JodexStar|it's not scarf\n|\n|t:|1697660151\n|switch|p1a: Ultra Donut|Volcanion|100\/100\n|switch|p2a: Muk|Muk-Alola, M|100\/100\n|turn|5\n|c|\u2606JodexStar|you saw me use power herb meteor beam\n|c|\u2606StrongestBoss|oh yeah\n|c|\u2606StrongestBoss|ig it's just faster than the rest of my team lmao\n|c|\u2606JodexStar|ye\n|c|\u2606JodexStar|lol\n|\n|t:|1697660180\n|move|p2a: Muk|Protect|p2a: Muk\n|-singleturn|p2a: Muk|Protect\n|move|p2b: Nihilego|Sludge Wave|p1a: Ultra Donut|[spread] p1a\n|-activate|p2a: Muk|move: Protect\n|-crit|p1a: Ultra Donut\n|-damage|p1a: Ultra Donut|0 fnt\n|faint|p1a: Ultra Donut\n|\n|win|JodexStar\n|c|\u2606JodexStar|speedy night cap\n|c|\u2606StrongestBoss|gg LMAO\n|c|\u2606JodexStar|ggs\n|c|\u2606StrongestBoss|i deserve that after the spore game\n|c|\u2606JodexStar|all I wanted\n|c|\u2606JodexStar|was to pass beast boost to muk\n|c|\u2606StrongestBoss|that is hysterical\n|c|\u2606JodexStar|smh\n|c|\u2606JodexStar|why did you die\n|c|\u2606StrongestBoss|i got slimed\n|c|\u2606StrongestBoss|i didn't have enough slime\n|c|\u2606JodexStar|gooped\n|c|\u2606StrongestBoss|i didn't have enough slime\n|c|\u2606StrongestBoss|i didn't have enough slime\n|c|\u2606StrongestBoss|i didn't have enough slime\n|c|\u2606StrongestBoss|i didn't have enough slime\n|c|\u2606StrongestBoss|i didn't have enough slime\n|c|\u2606StrongestBoss|anyway gg lmao\n|l|\u2606StrongestBoss\n|c|\u2606JodexStar|not enough muk on your team\n|l|\u2606JodexStar\n|j|\u2606JodexStar\n|player|p2|JodexStar|janitor\n","uploadtime":1697660361,"views":7,"p1id":"strongestboss","p2id":"jodexstar","formatid":"gen9nationaldexdoubles","rating":0,"private":0,"password":""}