{"id":"gen9nationaldexdoubles-1991470707","p1":"Linkthecat01","p2":"fumbari 24","format":"[Gen 9] National Dex Doubles","log":"|j|\u2606Linkthecat01\n|j|\u2606fumbari 24\n|t:|1700079952\n|gametype|doubles\n|player|p1|Linkthecat01|2|1336\n|player|p2|fumbari 24|hilbert|1383\n|teamsize|p1|6\n|teamsize|p2|6\n|gen|9\n|tier|[Gen 9] National Dex Doubles\n|rated|\n|rule|HP Percentage Mod: HP is shown in percentages\n|rule|Endless Battle Clause: Forcing endless battles is banned\n|rule|OHKO Clause: OHKO moves are banned\n|rule|Evasion Moves Clause: Evasion moves are banned\n|rule|Evasion Abilities Clause: Evasion abilities are banned\n|rule|Species Clause: Limit one of each Pok\u00e9mon\n|rule|Gravity Sleep Clause: The combination of sleep-inducing moves with imperfect accuracy and Gravity or Gigantamax Orbeetle are banned\n|clearpoke\n|poke|p1|Regigigas|\n|poke|p1|Weezing-Galar, F|\n|poke|p1|Sinistcha|\n|poke|p1|Amoonguss, F|\n|poke|p1|Flutter Mane|\n|poke|p1|Iron Hands|\n|poke|p2|Iron Moth|\n|poke|p2|Tapu Koko|\n|poke|p2|Hariyama, M|\n|poke|p2|Farigiraf, F|\n|poke|p2|Sableye, M|\n|poke|p2|Heracross, M|\n|teampreview\n|inactive|Battle timer is ON: inactive players will automatically lose when time's up. (requested by Linkthecat01)\n|\n|t:|1700079983\n|start\n|switch|p1a: Regigigas|Regigigas|100\/100\n|switch|p1b: Weezing|Weezing-Galar, F|100\/100\n|switch|p2a: E.V.A|Iron Moth|100\/100\n|switch|p2b: Raijin|Tapu Koko, shiny|100\/100\n|-ability|p1b: Weezing|Neutralizing Gas\n|-item|p1b: Weezing|Air Balloon\n|turn|1\n|\n|t:|1700080004\n|move|p1b: Weezing|Protect|p1b: Weezing\n|-singleturn|p1b: Weezing|Protect\n|-zpower|p2b: Raijin\n|move|p2b: Raijin|Twinkle Tackle|p1a: Regigigas|[zeffect]\n|-damage|p1a: Regigigas|44\/100\n|move|p2a: E.V.A|Acid Spray|p1a: Regigigas\n|-damage|p1a: Regigigas|28\/100\n|-unboost|p1a: Regigigas|spd|2\n|move|p1a: Regigigas|Earthquake|p2a: E.V.A|[spread] p2a,p2b\n|-activate|p1b: Weezing|move: Protect\n|-supereffective|p2a: E.V.A\n|-supereffective|p2b: Raijin\n|-damage|p2a: E.V.A|0 fnt\n|-damage|p2b: Raijin|0 fnt\n|faint|p2a: E.V.A\n|-end|p2a: E.V.A|Quark Drive|[silent]\n|faint|p2b: Raijin\n|\n|upkeep\n|\n|t:|1700080017\n|switch|p2b: Raiden|Hariyama, M|100\/100\n|switch|p2a: J.H|Farigiraf, F|100\/100\n|turn|2\n|\n|t:|1700080026\n|-end|p1b: Weezing|ability: Neutralizing Gas\n|-start|p1a: Regigigas|ability: Slow Start\n|switch|p1b: Sinistcha|Sinistcha|100\/100\n|-heal|p1a: Regigigas|53\/100|[from] ability: Hospitality|[of] p1b: Sinistcha\n|move|p2b: Raiden|Fake Out|p1a: Regigigas\n|-damage|p1a: Regigigas|40\/100\n|cant|p1a: Regigigas|flinch\n|move|p2a: J.H|Trick Room|p2a: J.H\n|-fieldstart|move: Trick Room|[of] p2a: J.H\n|\n|-status|p2b: Raiden|brn|[from] item: Flame Orb\n|upkeep\n|turn|3\n|\n|t:|1700080040\n|-terastallize|p2b: Raiden|Fire\n|move|p2b: Raiden|Fire Punch|p1b: Sinistcha\n|-supereffective|p1b: Sinistcha\n|-damage|p1b: Sinistcha|0 fnt\n|-damage|p2b: Raiden|84\/100 brn|[from] item: Rocky Helmet|[of] p1b: Sinistcha\n|faint|p1b: Sinistcha\n|move|p2a: J.H|Hyper Voice|p1a: Regigigas\n|-damage|p1a: Regigigas|0 fnt\n|faint|p1a: Regigigas\n|-end|p1a: Regigigas|Slow Start|[silent]\n|-enditem|p2a: J.H|Throat Spray\n|-boost|p2a: J.H|spa|1|[from] item: Throat Spray\n|\n|-damage|p2b: Raiden|78\/100 brn|[from] brn\n|upkeep\n|\n|t:|1700080047\n|switch|p1b: Amoonguss|Amoonguss, F|100\/100\n|switch|p1a: Weezing|Weezing-Galar, F|100\/100\n|-ability|p1a: Weezing|Neutralizing Gas\n|-item|p1a: Weezing|Air Balloon\n|turn|4\n|\n|t:|1700080060\n|move|p1a: Weezing|Protect|p1a: Weezing\n|-singleturn|p1a: Weezing|Protect\n|move|p2b: Raiden|Fire Punch|p1b: Amoonguss\n|-supereffective|p1b: Amoonguss\n|-damage|p1b: Amoonguss|57\/100\n|move|p1b: Amoonguss|Spore|p2a: J.H\n|-status|p2a: J.H|slp|[from] move: Spore\n|cant|p2a: J.H|slp\n|\n|-damage|p2b: Raiden|72\/100 brn|[from] brn\n|upkeep\n|turn|5\n|\n|t:|1700080083\n|-end|p1a: Weezing|ability: Neutralizing Gas\n|switch|p1a: Iron Hands|Iron Hands|100\/100\n|-enditem|p1a: Iron Hands|Booster Energy\n|-activate|p1a: Iron Hands|ability: Quark Drive|[fromitem]\n|-start|p1a: Iron Hands|quarkdriveatk\n|move|p2b: Raiden|Fire Punch|p1b: Amoonguss\n|-supereffective|p1b: Amoonguss\n|-damage|p1b: Amoonguss|0 fnt\n|faint|p1b: Amoonguss\n|cant|p2a: J.H|slp\n|\n|-damage|p2b: Raiden|65\/100 brn|[from] brn\n|upkeep\n|\n|t:|1700080088\n|switch|p1b: Flutter Mane|Flutter Mane|100\/100\n|-enditem|p1b: Flutter Mane|Booster Energy\n|-activate|p1b: Flutter Mane|ability: Protosynthesis|[fromitem]\n|-start|p1b: Flutter Mane|protosynthesisspe\n|turn|6\n|\n|t:|1700080098\n|move|p1a: Iron Hands|Fake Out||[still]\n|cant|p2a: J.H|ability: Armor Tail|Fake Out|[of] p1a: Iron Hands\n|move|p2b: Raiden|Fire Punch|p1b: Flutter Mane\n|-damage|p1b: Flutter Mane|0 fnt\n|faint|p1b: Flutter Mane\n|-end|p1b: Flutter Mane|Protosynthesis|[silent]\n|cant|p2a: J.H|slp\n|\n|-damage|p2b: Raiden|59\/100 brn|[from] brn\n|-fieldend|move: Trick Room\n|upkeep\n|-message|Linkthecat01 forfeited.\n|\n|win|fumbari 24\n|raw|Linkthecat01's rating: 1336 &rarr; <strong>1319<\/strong><br \/>(-17 for losing)\n|raw|fumbari 24's rating: 1383 &rarr; <strong>1400<\/strong><br \/>(+17 for winning)\n|l|\u2606Linkthecat01\n","uploadtime":1700080108,"views":7,"p1id":"linkthecat01","p2id":"fumbari24","formatid":"gen9nationaldexdoubles","rating":1319,"private":0,"password":""}