{"id":"gen9nationaldexdoubles-1982033010","p1":"GunGalione","p2":"Franxm","format":"[Gen 9] National Dex Doubles","log":"|j|\u2606GunGalione\n|j|\u2606Franxm\n|t:|1698961365\n|gametype|doubles\n|player|p1|GunGalione|pokemonranger-gen4|1137\n|player|p2|Franxm|preschooler|1000\n|teamsize|p1|6\n|teamsize|p2|6\n|gen|9\n|tier|[Gen 9] National Dex Doubles\n|rated|\n|rule|HP Percentage Mod: HP is shown in percentages\n|rule|Endless Battle Clause: Forcing endless battles is banned\n|rule|OHKO Clause: OHKO moves are banned\n|rule|Evasion Moves Clause: Evasion moves are banned\n|rule|Evasion Abilities Clause: Evasion abilities are banned\n|rule|Species Clause: Limit one of each Pok\u00e9mon\n|rule|Gravity Sleep Clause: The combination of sleep-inducing moves with imperfect accuracy and Gravity or Gigantamax Orbeetle are banned\n|clearpoke\n|poke|p1|Ninetales, F|\n|poke|p1|Walking Wake|\n|poke|p1|Tornadus, M|\n|poke|p1|Raichu, F|\n|poke|p1|Indeedee-F, F|\n|poke|p1|Heliolisk, M|\n|poke|p2|Oricorio-Pom-Pom, F|\n|poke|p2|Volcarona, F|\n|poke|p2|Indeedee-F, F|\n|poke|p2|Garchomp, M|\n|poke|p2|Maushold|\n|poke|p2|Gholdengo|\n|teampreview\n|\n|t:|1698961370\n|start\n|switch|p1a: Tornadus|Tornadus, M|100\/100\n|switch|p1b: Heliolisk|Heliolisk, M|100\/100\n|switch|p2a: Oricorio|Oricorio-Pom-Pom, F|100\/100\n|switch|p2b: Volcarona|Volcarona, F|100\/100\n|turn|1\n|\n|t:|1698961385\n|-terastallize|p1b: Heliolisk|Psychic\n|move|p2a: Oricorio|Protect|p2a: Oricorio\n|-singleturn|p2a: Oricorio|Protect\n|move|p1a: Tornadus|Tailwind|p1a: Tornadus\n|-sidestart|p1: GunGalione|move: Tailwind\n|move|p1b: Heliolisk|Hyper Voice|p2a: Oricorio|[spread] p2b\n|-activate|p2a: Oricorio|move: Protect\n|-crit|p2b: Volcarona\n|-damage|p2b: Volcarona|44\/100\n|move|p2b: Volcarona|Quiver Dance|p2b: Volcarona\n|-boost|p2b: Volcarona|spa|1\n|-boost|p2b: Volcarona|spd|1\n|-boost|p2b: Volcarona|spe|1\n|-activate|p2a: Oricorio|ability: Dancer\n|move|p2a: Oricorio|Quiver Dance|p2a: Oricorio|[from]ability: Dancer\n|-boost|p2a: Oricorio|spa|1\n|-boost|p2a: Oricorio|spd|1\n|-boost|p2a: Oricorio|spe|1\n|\n|upkeep\n|turn|2\n|\n|t:|1698961413\n|move|p1a: Tornadus|Fling|p1b: Heliolisk\n|-supereffective|p1b: Heliolisk\n|-damage|p1b: Heliolisk|93\/100\n|-boost|p1b: Heliolisk|spe|1|[from] item: Salac Berry\n|-enditem|p1b: Heliolisk|Weakness Policy\n|-boost|p1b: Heliolisk|atk|2|[from] item: Weakness Policy\n|-boost|p1b: Heliolisk|spa|2|[from] item: Weakness Policy\n|-enditem|p1a: Tornadus|Salac Berry|[from] move: Fling\n|move|p1b: Heliolisk|Hyper Voice|p2b: Volcarona|[spread] p2a,p2b\n|-damage|p2a: Oricorio|27\/100\n|-damage|p2b: Volcarona|0 fnt\n|faint|p2b: Volcarona\n|move|p2a: Oricorio|Quiver Dance|p2a: Oricorio\n|-boost|p2a: Oricorio|spa|1\n|-boost|p2a: Oricorio|spd|1\n|-boost|p2a: Oricorio|spe|1\n|\n|upkeep\n|\n|t:|1698961424\n|switch|p2b: Indeedee|Indeedee-F, F|100\/100\n|turn|3\n|\n|t:|1698961440\n|move|p1a: Tornadus|Sunny Day|p1a: Tornadus\n|-weather|SunnyDay\n|move|p1b: Heliolisk|Parabolic Charge|p2b: Indeedee|[spread] p1a,p2a,p2b\n|-supereffective|p1a: Tornadus\n|-damage|p1a: Tornadus|0 fnt\n|-heal|p1b: Heliolisk|100\/100|[from] drain|[of] p1a: Tornadus\n|-damage|p2a: Oricorio|0 fnt\n|-damage|p2b: Indeedee|7\/100\n|faint|p1a: Tornadus\n|faint|p2a: Oricorio\n|move|p2b: Indeedee|Heal Pulse|p2: Oricorio|[notarget]\n|-fail|p2b: Indeedee\n|\n|-weather|SunnyDay|[upkeep]\n|-damage|p1b: Heliolisk|88\/100|[from] ability: Solar Power|[of] p1b: Heliolisk\n|upkeep\n|\n|t:|1698961450\n|switch|p1a: Raichu|Raichu, F|100\/100\n|switch|p2a: Maushold|Maushold|100\/100\n|turn|4\n|\n|t:|1698961459\n|move|p1a: Raichu|Fake Out|p2a: Maushold\n|-damage|p2a: Maushold|90\/100\n|move|p2b: Indeedee|Follow Me|p2b: Indeedee\n|-singleturn|p2b: Indeedee|move: Follow Me\n|move|p1b: Heliolisk|Hyper Voice|p2a: Maushold|[spread] p2a,p2b\n|-damage|p2a: Maushold|0 fnt\n|-damage|p2b: Indeedee|0 fnt\n|faint|p2a: Maushold\n|faint|p2b: Indeedee\n|\n|-weather|SunnyDay|[upkeep]\n|-damage|p1b: Heliolisk|76\/100|[from] ability: Solar Power|[of] p1b: Heliolisk\n|-sideend|p1: GunGalione|move: Tailwind\n|upkeep\n|\n|t:|1698961464\n|switch|p2a: Gholdengo|Gholdengo|100\/100\n|switch|p2b: Garchomp|Garchomp, M|100\/100\n|turn|5\n|\n|t:|1698961484\n|move|p1b: Heliolisk|Weather Ball|p2a: Gholdengo\n|-supereffective|p2a: Gholdengo\n|-damage|p2a: Gholdengo|0 fnt\n|faint|p2a: Gholdengo\n|move|p1a: Raichu|Fling|p1b: Heliolisk\n|-supereffective|p1b: Heliolisk\n|-damage|p1b: Heliolisk|71\/100\n|-boost|p1b: Heliolisk|spa|1|[from] item: Petaya Berry\n|-enditem|p1a: Raichu|Petaya Berry|[from] move: Fling\n|move|p2b: Garchomp|Rock Slide|p1a: Raichu|[spread] p1a,p1b\n|-damage|p1a: Raichu|56\/100\n|-damage|p1b: Heliolisk|37\/100\n|\n|-weather|SunnyDay|[upkeep]\n|-damage|p1b: Heliolisk|25\/100|[from] ability: Solar Power|[of] p1b: Heliolisk\n|upkeep\n|turn|6\n|\n|t:|1698961504\n|switch|p1a: Indeedee|Indeedee-F, F|100\/100\n|-fieldstart|move: Psychic Terrain|[from] ability: Psychic Surge|[of] p1a: Indeedee\n|move|p1b: Heliolisk|Hyper Voice|p2b: Garchomp\n|-damage|p2b: Garchomp|0 fnt\n|faint|p2b: Garchomp\n|\n|win|GunGalione\n|raw|GunGalione's rating: 1137 &rarr; <strong>1153<\/strong><br \/>(+16 for winning)\n|raw|Franxm's rating: 1000 &rarr; <strong>1000<\/strong><br \/>(+0 for losing)\n|l|\u2606Franxm\n","uploadtime":1698961622,"views":5,"p1id":"gungalione","p2id":"franxm","formatid":"gen9nationaldexdoubles","rating":1000,"private":0,"password":""}