{"id":"gen9nationaldexdoubles-1988514007","p1":"Okto481","p2":"Qapi","format":"[Gen 9] National Dex Doubles","log":"|j|\u2606Okto481\n|j|\u2606Qapi\n|t:|1699731048\n|gametype|doubles\n|player|p1|Okto481|266|\n|player|p2|Qapi|pokemaniac|\n|teamsize|p1|6\n|teamsize|p2|6\n|gen|9\n|tier|[Gen 9] National Dex Doubles\n|rule|HP Percentage Mod: HP is shown in percentages\n|rule|Endless Battle Clause: Forcing endless battles is banned\n|rule|OHKO Clause: OHKO moves are banned\n|rule|Evasion Moves Clause: Evasion moves are banned\n|rule|Evasion Abilities Clause: Evasion abilities are banned\n|rule|Species Clause: Limit one of each Pok\u00e9mon\n|rule|Gravity Sleep Clause: The combination of sleep-inducing moves with imperfect accuracy and Gravity or Gigantamax Orbeetle are banned\n|clearpoke\n|poke|p1|Tapu Lele|\n|poke|p1|Gardevoir, F|\n|poke|p1|Gallade, M|\n|poke|p1|Indeedee-F, F|\n|poke|p1|Dottler, M|\n|poke|p1|Armarouge, M|\n|poke|p2|Maushold|\n|poke|p2|Urshifu-*, F|\n|poke|p2|Grimmsnarl, M|\n|poke|p2|Garganacl, F|\n|poke|p2|Sinistcha|\n|poke|p2|Volcarona, F|\n|teampreview\n|inactive|Battle timer is ON: inactive players will automatically lose when time's up. (requested by Okto481)\n|\n|t:|1699731090\n|start\n|switch|p1a: Indeedee|Indeedee-F, F|100\/100\n|switch|p1b: Dottler|Dottler, M|100\/100\n|switch|p2a: Urshifu|Urshifu-Rapid-Strike, F|100\/100\n|switch|p2b: Grimmsnarl|Grimmsnarl, M|100\/100\n|-fieldstart|move: Psychic Terrain|[from] ability: Psychic Surge|[of] p1a: Indeedee\n|turn|1\n|\n|t:|1699731116\n|move|p1a: Indeedee|Follow Me|p1a: Indeedee\n|-singleturn|p1a: Indeedee|move: Follow Me\n|move|p2a: Urshifu|Surging Strikes|p1a: Indeedee\n|-crit|p1a: Indeedee\n|-damage|p1a: Indeedee|64\/100\n|-crit|p1a: Indeedee\n|-damage|p1a: Indeedee|27\/100\n|-crit|p1a: Indeedee\n|-damage|p1a: Indeedee|0 fnt\n|faint|p1a: Indeedee\n|-hitcount|p1: Indeedee|3\n|move|p2b: Grimmsnarl|Spirit Break|p1b: Dottler\n|-damage|p1b: Dottler|73\/100\n|-unboost|p1b: Dottler|spa|1\n|move|p1b: Dottler|Sticky Web|p2b: Grimmsnarl\n|-sidestart|p2: Qapi|move: Sticky Web\n|\n|upkeep\n|\n|t:|1699731130\n|switch|p1a: Gardevoir|Gardevoir, F|100\/100\n|-ability|p1a: Gardevoir|Unseen Fist|[from] ability: Trace|[of] p2a: Urshifu\n|turn|2\n|\n|t:|1699731142\n|detailschange|p1a: Gardevoir|Gardevoir-Mega, F\n|-mega|p1a: Gardevoir|Gardevoir|Gardevoirite\n|move|p1a: Gardevoir|Hyper Voice|p2a: Urshifu|[spread] p2a,p2b\n|-supereffective|p2a: Urshifu\n|-supereffective|p2b: Grimmsnarl\n|-enditem|p2a: Urshifu|Focus Sash\n|-damage|p2a: Urshifu|1\/100\n|-damage|p2b: Grimmsnarl|21\/100\n|move|p2a: Urshifu|Surging Strikes|p1a: Gardevoir\n|-crit|p1a: Gardevoir\n|-damage|p1a: Gardevoir|65\/100\n|-crit|p1a: Gardevoir\n|-damage|p1a: Gardevoir|31\/100\n|-crit|p1a: Gardevoir\n|-damage|p1a: Gardevoir|0 fnt\n|faint|p1a: Gardevoir\n|-hitcount|p1: Gardevoir|3\n|move|p2b: Grimmsnarl|Spirit Break|p1b: Dottler\n|-damage|p1b: Dottler|48\/100\n|-unboost|p1b: Dottler|spa|1\n|move|p1b: Dottler|Body Press|p2b: Grimmsnarl\n|-damage|p2b: Grimmsnarl|4\/100\n|\n|upkeep\n|\n|t:|1699731153\n|switch|p1a: Tapu Lele|Tapu Lele|100\/100\n|turn|3\n|\n|t:|1699731177\n|move|p2b: Grimmsnarl|Light Screen|p2b: Grimmsnarl\n|-sidestart|p2: Qapi|move: Light Screen\n|move|p1a: Tapu Lele|Psychic|p2a: Urshifu\n|-supereffective|p2a: Urshifu\n|-damage|p2a: Urshifu|0 fnt\n|faint|p2a: Urshifu\n|move|p1b: Dottler|Body Press|p2b: Grimmsnarl\n|-damage|p2b: Grimmsnarl|0 fnt\n|faint|p2b: Grimmsnarl\n|\n|upkeep\n|inactive|Qapi has 270 seconds left.\n|\n|t:|1699731193\n|switch|p2a: Volcarona|Volcarona, F|100\/100\n|switch|p2b: Maushold|Maushold|100\/100\n|-activate|p2b: Maushold|move: Sticky Web\n|-unboost|p2b: Maushold|spe|1\n|turn|4\n|\n|t:|1699731208\n|move|p2b: Maushold|Follow Me|p2b: Maushold\n|-singleturn|p2b: Maushold|move: Follow Me\n|move|p1a: Tapu Lele|Psychic|p2b: Maushold\n|-damage|p2b: Maushold|36\/100\n|move|p2a: Volcarona|Quiver Dance|p2a: Volcarona\n|-boost|p2a: Volcarona|spa|1\n|-boost|p2a: Volcarona|spd|1\n|-boost|p2a: Volcarona|spe|1\n|move|p1b: Dottler|Skill Swap|p2b: Maushold\n|-activate|p1b: Dottler|move: Skill Swap|Friend Guard|Swarm|[of] p2b: Maushold\n|\n|upkeep\n|turn|5\n|\n|t:|1699731229\n|move|p1a: Tapu Lele|Psychic|p2b: Maushold\n|-damage|p2b: Maushold|0 fnt\n|faint|p2b: Maushold\n|move|p2a: Volcarona|Fiery Dance|p1b: Dottler\n|-supereffective|p1b: Dottler\n|-damage|p1b: Dottler|0 fnt\n|faint|p1b: Dottler\n|\n|-fieldend|move: Psychic Terrain\n|upkeep\n|\n|t:|1699731255\n|switch|p2b: Garganacl|Garganacl, F|100\/100\n|switch|p1b: Gallade|Gallade, M|100\/100\n|-activate|p2b: Garganacl|move: Sticky Web\n|-unboost|p2b: Garganacl|spe|1\n|turn|6\n|\n|t:|1699731279\n|-terastallize|p2b: Garganacl|Ghost\n|move|p1a: Tapu Lele|Psychic|p2a: Volcarona\n|-crit|p2a: Volcarona\n|-damage|p2a: Volcarona|30\/100\n|move|p2a: Volcarona|Fiery Dance|p1b: Gallade\n|-damage|p1b: Gallade|21\/100\n|move|p1b: Gallade|Aqua Cutter|p2a: Volcarona\n|-supereffective|p2a: Volcarona\n|-damage|p2a: Volcarona|0 fnt\n|faint|p2a: Volcarona\n|move|p2b: Garganacl|Salt Cure|p1a: Tapu Lele\n|-damage|p1a: Tapu Lele|81\/100\n|-start|p1a: Tapu Lele|Salt Cure\n|\n|-damage|p1a: Tapu Lele|68\/100|[from] Salt Cure\n|upkeep\n|\n|t:|1699731288\n|switch|p2a: Sinistcha|Sinistcha|100\/100\n|-activate|p2a: Sinistcha|move: Sticky Web\n|-unboost|p2a: Sinistcha|spe|1\n|turn|7\n|\n|t:|1699731304\n|move|p2a: Sinistcha|Protect|p2a: Sinistcha\n|-singleturn|p2a: Sinistcha|Protect\n|move|p1a: Tapu Lele|Psychic|p2a: Sinistcha\n|-activate|p2a: Sinistcha|move: Protect\n|move|p1b: Gallade|Aqua Cutter|p2b: Garganacl\n|-damage|p2b: Garganacl|65\/100\n|move|p2b: Garganacl|Salt Cure|p1b: Gallade\n|-resisted|p1b: Gallade\n|-damage|p1b: Gallade|9\/100\n|-start|p1b: Gallade|Salt Cure\n|\n|-heal|p2b: Garganacl|71\/100|[from] item: Leftovers\n|-damage|p1a: Tapu Lele|56\/100|[from] Salt Cure\n|-damage|p1b: Gallade|0 fnt|[from] Salt Cure\n|faint|p1b: Gallade\n|upkeep\n|\n|t:|1699731308\n|switch|p1b: Armarouge|Armarouge, M|100\/100\n|turn|8\n|\n|t:|1699731331\n|move|p1b: Armarouge|Protect|p1b: Armarouge\n|-singleturn|p1b: Armarouge|Protect\n|move|p1a: Tapu Lele|Psychic|p2b: Garganacl\n|-damage|p2b: Garganacl|51\/100\n|move|p2a: Sinistcha|Shadow Ball|p1b: Armarouge\n|-activate|p1b: Armarouge|move: Protect\n|move|p2b: Garganacl|Salt Cure|p1b: Armarouge\n|-activate|p1b: Armarouge|move: Protect\n|\n|-heal|p2b: Garganacl|57\/100|[from] item: Leftovers\n|-damage|p1a: Tapu Lele|44\/100|[from] Salt Cure\n|upkeep\n|turn|9\n|l|\u2606Qapi\n|inactive|Qapi disconnected and has 300 seconds to reconnect!\n|player|p2|\n|inactive|Qapi has 270 seconds to reconnect!\n|j|\u2606Qapi\n|inactive|Qapi reconnected and has 285 seconds left.\n|player|p2|Qapi|pokemaniac\n|inactive|Qapi has 270 seconds left.\n|\n|t:|1699731401\n|move|p1a: Tapu Lele|Psychic|p2b: Garganacl\n|-crit|p2b: Garganacl\n|-damage|p2b: Garganacl|10\/100\n|-unboost|p2b: Garganacl|spd|1\n|move|p1b: Armarouge|Stored Power|p2b: Garganacl\n|-damage|p2b: Garganacl|3\/100\n|move|p2a: Sinistcha|Shadow Ball|p1b: Armarouge\n|-supereffective|p1b: Armarouge\n|-damage|p1b: Armarouge|4\/100\n|-enditem|p1b: Armarouge|Weakness Policy\n|-boost|p1b: Armarouge|atk|2|[from] item: Weakness Policy\n|-boost|p1b: Armarouge|spa|2|[from] item: Weakness Policy\n|move|p2b: Garganacl|Recover|p2b: Garganacl\n|-heal|p2b: Garganacl|53\/100\n|\n|-heal|p2b: Garganacl|59\/100|[from] item: Leftovers\n|-damage|p1a: Tapu Lele|31\/100|[from] Salt Cure\n|upkeep\n|turn|10\n|inactive|Qapi has 270 seconds left.\n|c|\u2606Okto481|(i didnt check if i was faster than sinischa)\n|c|\u2606Okto481|that was stupid\n|inactive|Qapi has 240 seconds left.\n|inactive|Okto481 has 270 seconds left.\n|\n|t:|1699731463\n|move|p1b: Armarouge|Protect|p1b: Armarouge\n|-singleturn|p1b: Armarouge|Protect\n|move|p1a: Tapu Lele|Psychic|p2b: Garganacl\n|-damage|p2b: Garganacl|29\/100\n|move|p2a: Sinistcha|Shadow Ball|p1a: Tapu Lele\n|-supereffective|p1a: Tapu Lele\n|-damage|p1a: Tapu Lele|0 fnt\n|faint|p1a: Tapu Lele\n|move|p2b: Garganacl|Salt Cure|p1b: Armarouge\n|-activate|p1b: Armarouge|move: Protect\n|\n|-heal|p2b: Garganacl|35\/100|[from] item: Leftovers\n|-sideend|p2: Qapi|move: Light Screen\n|upkeep\n|turn|11\n|c|\u2606Okto481|gg\n|\n|t:|1699731482\n|move|p1b: Armarouge|Armor Cannon|p2a: Sinistcha\n|-supereffective|p2a: Sinistcha\n|-damage|p2a: Sinistcha|0 fnt\n|-unboost|p1b: Armarouge|def|1\n|-unboost|p1b: Armarouge|spd|1\n|faint|p2a: Sinistcha\n|move|p2b: Garganacl|Salt Cure|p1b: Armarouge\n|-supereffective|p1b: Armarouge\n|-damage|p1b: Armarouge|0 fnt\n|faint|p1b: Armarouge\n|\n|win|Qapi\n|c|\u2606Qapi|gg\n","uploadtime":1699731518,"views":15,"p1id":"okto481","p2id":"qapi","formatid":"gen9nationaldexdoubles","rating":0,"private":0,"password":""}