{"id":"gen9nationaldexdoubles-1982799251","p1":"VikrThe","p2":"Mr.Primitive","format":"[Gen 9] National Dex Doubles","log":"|j|\u2606VikrThe\n|j|\u2606Mr.Primitive\n|t:|1699046028\n|gametype|doubles\n|player|p1|VikrThe|1|1098\n|player|p2|Mr.Primitive|hiker-gen4|1138\n|teamsize|p1|6\n|teamsize|p2|6\n|gen|9\n|tier|[Gen 9] National Dex Doubles\n|rated|\n|rule|HP Percentage Mod: HP is shown in percentages\n|rule|Endless Battle Clause: Forcing endless battles is banned\n|rule|OHKO Clause: OHKO moves are banned\n|rule|Evasion Moves Clause: Evasion moves are banned\n|rule|Evasion Abilities Clause: Evasion abilities are banned\n|rule|Species Clause: Limit one of each Pok\u00e9mon\n|rule|Gravity Sleep Clause: The combination of sleep-inducing moves with imperfect accuracy and Gravity or Gigantamax Orbeetle are banned\n|clearpoke\n|poke|p1|Regigigas|\n|poke|p1|Medicham, M|\n|poke|p1|Sinistcha|\n|poke|p1|Ogerpon-Hearthflame, F|\n|poke|p1|Incineroar, F|\n|poke|p1|Mawile, M|\n|poke|p2|Pelipper, F|\n|poke|p2|Feraligatr, M|\n|poke|p2|Barraskewda, M|\n|poke|p2|Urshifu-*, F|\n|poke|p2|Gyarados, F|\n|poke|p2|Quagsire, F|\n|teampreview\n|\n|t:|1699046032\n|start\n|switch|p1a: Regigigas|Regigigas|100\/100\n|switch|p1b: Medicham|Medicham, M|100\/100\n|switch|p2a: Pelipper|Pelipper, F|100\/100\n|switch|p2b: Barraskewda|Barraskewda, M|100\/100\n|-start|p1a: Regigigas|ability: Slow Start\n|-weather|RainDance|[from] ability: Drizzle|[of] p2a: Pelipper\n|turn|1\n|inactive|Battle timer is ON: inactive players will automatically lose when time's up. (requested by Mr.Primitive)\n|\n|t:|1699046050\n|-terastallize|p1a: Regigigas|Ghost\n|move|p2a: Pelipper|Protect|p2a: Pelipper\n|-singleturn|p2a: Pelipper|Protect\n|move|p2b: Barraskewda|Close Combat|p1a: Regigigas\n|-immune|p1a: Regigigas\n|move|p1b: Medicham|Skill Swap|p1a: Regigigas\n|-activate|p1b: Medicham|move: Skill Swap|||[of] p1a: Regigigas\n|-end|p1a: Regigigas|Slow Start|[silent]\n|-start|p1b: Medicham|ability: Slow Start\n|move|p1a: Regigigas|Return|p2b: Barraskewda\n|-damage|p2b: Barraskewda|0 fnt\n|faint|p2b: Barraskewda\n|-damage|p1a: Regigigas|91\/100|[from] item: Life Orb\n|\n|-weather|RainDance|[upkeep]\n|upkeep\n|\n|t:|1699046074\n|switch|p2b: Feraligatr|Feraligatr, M|100\/100\n|turn|2\n|\n|t:|1699046089\n|-end|p1b: Medicham|Slow Start|[silent]\n|switch|p1b: Incineroar|Incineroar, F|100\/100\n|-ability|p1b: Incineroar|Intimidate|boost\n|-unboost|p2a: Pelipper|atk|1\n|-unboost|p2b: Feraligatr|atk|1\n|-terastallize|p2b: Feraligatr|Dark\n|move|p1a: Regigigas|Protect|p1a: Regigigas\n|-singleturn|p1a: Regigigas|Protect\n|move|p2b: Feraligatr|Crunch|p1a: Regigigas\n|-activate|p1a: Regigigas|move: Protect\n|move|p2a: Pelipper|Hurricane|p1b: Incineroar\n|-damage|p1b: Incineroar|76\/100\n|\n|-weather|RainDance|[upkeep]\n|upkeep\n|turn|3\n|inactive|VikrThe has 120 seconds left.\n|\n|t:|1699046124\n|switch|p2b: Quagsire|Quagsire, F|100\/100\n|move|p2a: Pelipper|Protect|p2a: Pelipper\n|-singleturn|p2a: Pelipper|Protect\n|move|p1b: Incineroar|Fake Out|p2a: Pelipper\n|-activate|p2a: Pelipper|move: Protect\n|move|p1a: Regigigas|Return|p2b: Quagsire\n|-damage|p2b: Quagsire|0 fnt\n|faint|p2b: Quagsire\n|-damage|p1a: Regigigas|81\/100|[from] item: Life Orb\n|\n|-weather|RainDance|[upkeep]\n|upkeep\n|\n|t:|1699046139\n|switch|p2b: Urshifu|Urshifu-Rapid-Strike, F|100\/100\n|turn|4\n|\n|t:|1699046170\n|move|p2b: Urshifu|Protect|p2b: Urshifu\n|-singleturn|p2b: Urshifu|Protect\n|move|p1a: Regigigas|Return|p2a: Pelipper\n|-damage|p2a: Pelipper|0 fnt\n|faint|p2a: Pelipper\n|-damage|p1a: Regigigas|71\/100|[from] item: Life Orb\n|move|p1b: Incineroar|Will-O-Wisp|p2b: Urshifu\n|-activate|p2b: Urshifu|move: Protect\n|\n|-weather|RainDance|[upkeep]\n|upkeep\n|\n|t:|1699046181\n|switch|p2a: Feraligatr|Feraligatr, M, tera:Dark|100\/100\n|turn|5\n|\n|t:|1699046189\n|move|p1a: Regigigas|Drain Punch|p2a: Feraligatr\n|-supereffective|p2a: Feraligatr\n|-damage|p2a: Feraligatr|0 fnt\n|-heal|p1a: Regigigas|100\/100|[from] drain|[of] p2a: Feraligatr\n|faint|p2a: Feraligatr\n|-damage|p1a: Regigigas|91\/100|[from] item: Life Orb\n|move|p2b: Urshifu|Surging Strikes|p1a: Regigigas\n|-crit|p1a: Regigigas\n|-damage|p1a: Regigigas|58\/100\n|-crit|p1a: Regigigas\n|-damage|p1a: Regigigas|27\/100\n|-crit|p1a: Regigigas\n|-damage|p1a: Regigigas|0 fnt\n|faint|p1a: Regigigas\n|-hitcount|p1: Regigigas|3\n|move|p1b: Incineroar|Will-O-Wisp|p2b: Urshifu\n|-status|p2b: Urshifu|brn\n|\n|-weather|none\n|-damage|p2b: Urshifu|94\/100 brn|[from] brn\n|upkeep\n|\n|t:|1699046207\n|switch|p1a: Mawile|Mawile, M|100\/100\n|switch|p2a: Gyarados|Gyarados, F|100\/100\n|-ability|p1a: Mawile|Intimidate|boost\n|-unboost|p2a: Gyarados|atk|1\n|-unboost|p2b: Urshifu|atk|1\n|turn|6\n|\n|t:|1699046224\n|detailschange|p1a: Mawile|Mawile-Mega, M\n|-mega|p1a: Mawile|Mawile|Mawilite\n|move|p2b: Urshifu|Protect|p2b: Urshifu\n|-singleturn|p2b: Urshifu|Protect\n|move|p2a: Gyarados|Waterfall|p1b: Incineroar\n|-supereffective|p1b: Incineroar\n|-damage|p1b: Incineroar|27\/100\n|move|p1b: Incineroar|Will-O-Wisp|p2a: Gyarados\n|-status|p2a: Gyarados|brn\n|move|p1a: Mawile|Play Rough|p2b: Urshifu\n|-activate|p2b: Urshifu|move: Protect\n|\n|-damage|p2a: Gyarados|94\/100 brn|[from] brn\n|-damage|p2b: Urshifu|88\/100 brn|[from] brn\n|upkeep\n|turn|7\n|\n|t:|1699046253\n|move|p2a: Gyarados|Waterfall|p1b: Incineroar\n|-supereffective|p1b: Incineroar\n|-damage|p1b: Incineroar|2\/100\n|move|p2b: Urshifu|Surging Strikes|p1a: Mawile\n|-crit|p1a: Mawile\n|-damage|p1a: Mawile|90\/100\n|-crit|p1a: Mawile\n|-damage|p1a: Mawile|79\/100\n|-crit|p1a: Mawile\n|-damage|p1a: Mawile|68\/100\n|-hitcount|p1a: Mawile|3\n|move|p1b: Incineroar|Parting Shot|p2a: Gyarados\n|-unboost|p2a: Gyarados|atk|1\n|-unboost|p2a: Gyarados|spa|1\n|inactive|VikrThe has 120 seconds left.\n|\n|t:|1699046272\n|switch|p1b: Sinistcha|Sinistcha|100\/100|[from] Parting Shot\n|-heal|p1a: Mawile|93\/100|[from] ability: Hospitality|[of] p1b: Sinistcha\n|move|p1a: Mawile|Play Rough|p2b: Urshifu\n|-supereffective|p2b: Urshifu\n|-damage|p2b: Urshifu|0 fnt\n|faint|p2b: Urshifu\n|\n|-damage|p2a: Gyarados|88\/100 brn|[from] brn\n|upkeep\n|turn|8\n|\n|t:|1699046284\n|move|p2a: Gyarados|Waterfall|p1a: Mawile\n|-damage|p1a: Mawile|83\/100\n|move|p1b: Sinistcha|Matcha Gotcha|p2a: Gyarados\n|-crit|p2a: Gyarados\n|-damage|p2a: Gyarados|36\/100 brn\n|move|p1a: Mawile|Play Rough|p2a: Gyarados\n|-damage|p2a: Gyarados|0 fnt\n|faint|p2a: Gyarados\n|\n|win|VikrThe\n|raw|VikrThe's rating: 1098 &rarr; <strong>1126<\/strong><br \/>(+28 for winning)\n|raw|Mr.Primitive's rating: 1138 &rarr; <strong>1110<\/strong><br \/>(-28 for losing)\n|l|\u2606Mr.Primitive\n","uploadtime":1699046290,"views":8,"p1id":"vikrthe","p2id":"mrprimitive","formatid":"gen9nationaldexdoubles","rating":1110,"private":0,"password":""}