{"id":"gen9nationaldexdoubles-1951800072","p1":"Water10122246","p2":"BetosWessos","format":"[Gen 9] National Dex Doubles","log":"|j|\u2606Water10122246\n|j|\u2606BetosWessos\n|t:|1695622483\n|gametype|doubles\n|player|p1|Water10122246|101|1151\n|player|p2|BetosWessos|janitor|1008\n|teamsize|p1|6\n|teamsize|p2|6\n|gen|9\n|tier|[Gen 9] National Dex Doubles\n|rated|\n|rule|HP Percentage Mod: HP is shown in percentages\n|rule|Endless Battle Clause: Forcing endless battles is banned\n|rule|OHKO Clause: OHKO moves are banned\n|rule|Evasion Moves Clause: Evasion moves are banned\n|rule|Evasion Abilities Clause: Evasion abilities are banned\n|rule|Species Clause: Limit one of each Pok\u00e9mon\n|rule|Gravity Sleep Clause: The combination of sleep-inducing moves with imperfect accuracy and Gravity or Gigantamax Orbeetle are banned\n|clearpoke\n|poke|p1|Reuniclus, M|\n|poke|p1|Rillaboom, M|\n|poke|p1|Dudunsparce-*, M|\n|poke|p1|Grimmsnarl, M|\n|poke|p1|Shiinotic, F|\n|poke|p1|Solosis, L1, M|\n|poke|p2|Sandslash-Alola, M|\n|poke|p2|Abomasnow, M|\n|poke|p2|Chien-Pao|\n|poke|p2|Ninetales-Alola, F|\n|poke|p2|Mamoswine, M|\n|poke|p2|Chimecho, M|\n|teampreview\n|inactive|Battle timer is ON: inactive players will automatically lose when time's up. (requested by Water10122246)\n|\n|t:|1695622507\n|start\n|switch|p1a: Solosis|Solosis, L1, M, shiny|100\/100\n|switch|p1b: Dudunsparce|Dudunsparce, M|100\/100\n|switch|p2a: Ninetales|Ninetales-Alola, F|100\/100\n|switch|p2b: Chimecho|Chimecho, M|100\/100\n|-weather|Snow|[from] ability: Snow Warning|[of] p2a: Ninetales\n|turn|1\n|\n|t:|1695622523\n|move|p1b: Dudunsparce|Protect|p1b: Dudunsparce\n|-singleturn|p1b: Dudunsparce|Protect\n|move|p2a: Ninetales|Aurora Veil|p2a: Ninetales\n|-sidestart|p2: BetosWessos|move: Aurora Veil\n|move|p2b: Chimecho|Skill Swap|p2a: Ninetales\n|-activate|p2b: Chimecho|move: Skill Swap|||[of] p2a: Ninetales\n|move|p1a: Solosis|Trick Room|p1a: Solosis\n|-fieldstart|move: Trick Room|[of] p1a: Solosis\n|\n|-weather|Snow|[upkeep]\n|upkeep\n|turn|2\n|\n|t:|1695622550\n|switch|p2b: Sandslash|Sandslash-Alola, M|100\/100\n|move|p1a: Solosis|Endeavor|p2b: Sandslash\n|-damage|p2b: Sandslash|4\/100\n|move|p1b: Dudunsparce|Rock Slide|p2a: Ninetales|[spread] p2a,p2b\n|-supereffective|p2a: Ninetales\n|-crit|p2b: Sandslash\n|-damage|p2a: Ninetales|70\/100\n|-damage|p2b: Sandslash|0 fnt\n|faint|p2b: Sandslash\n|-damage|p1b: Dudunsparce|91\/100|[from] item: Life Orb\n|move|p2a: Ninetales|Misty Terrain|p2a: Ninetales\n|-fieldstart|move: Misty Terrain\n|-enditem|p2a: Ninetales|Misty Seed\n|-boost|p2a: Ninetales|spd|1|[from] item: Misty Seed\n|\n|-weather|Snow|[upkeep]\n|upkeep\n|inactive|BetosWessos has 120 seconds left.\n|\n|t:|1695622570\n|switch|p2b: Mamoswine|Mamoswine, M|100\/100\n|turn|3\n|inactive|BetosWessos has 120 seconds left.\n|\n|t:|1695622593\n|move|p1a: Solosis|Endeavor|p2b: Mamoswine\n|-damage|p2b: Mamoswine|4\/100\n|move|p1b: Dudunsparce|Rock Slide|p2b: Mamoswine|[spread] p2a,p2b\n|-supereffective|p2a: Ninetales\n|-damage|p2a: Ninetales|41\/100\n|-damage|p2b: Mamoswine|0 fnt\n|faint|p2b: Mamoswine\n|-damage|p1b: Dudunsparce|81\/100|[from] item: Life Orb\n|cant|p2a: Ninetales|flinch\n|\n|-weather|Snow|[upkeep]\n|upkeep\n|inactive|BetosWessos has 120 seconds left.\n|\n|t:|1695622608\n|switch|p2b: Chien-Pao|Chien-Pao|100\/100\n|-ability|p2b: Chien-Pao|Sword of Ruin\n|turn|4\n|\n|t:|1695622622\n|move|p1a: Solosis|Endeavor|p2b: Chien-Pao\n|-damage|p2b: Chien-Pao|4\/100\n|move|p1b: Dudunsparce|Rock Slide|p2a: Ninetales|[spread] p2a\n|-miss|p1b: Dudunsparce|p2b: Chien-Pao\n|-supereffective|p2a: Ninetales\n|-damage|p2a: Ninetales|2\/100\n|-damage|p1b: Dudunsparce|71\/100|[from] item: Life Orb\n|cant|p2a: Ninetales|flinch\n|move|p2b: Chien-Pao|Crunch|p1a: Solosis\n|-supereffective|p1a: Solosis\n|-enditem|p1a: Solosis|Focus Sash\n|-damage|p1a: Solosis|9\/100\n|-damage|p2b: Chien-Pao|0 fnt|[from] item: Life Orb\n|faint|p2b: Chien-Pao\n|\n|-weather|Snow|[upkeep]\n|upkeep\n|inactive|BetosWessos has 120 seconds left.\n|\n|t:|1695622643\n|switch|p2b: Chimecho|Chimecho, M|100\/100\n|turn|5\n|c|\u2606Water10122246|I can\u2019t believe this worked\n|\n|t:|1695622663\n|move|p1a: Solosis|Endeavor|p2b: Chimecho\n|-damage|p2b: Chimecho|1\/100\n|move|p1b: Dudunsparce|Rock Slide|p2b: Chimecho|[spread] p2a,p2b\n|-supereffective|p2a: Ninetales\n|-damage|p2a: Ninetales|0 fnt\n|-damage|p2b: Chimecho|0 fnt\n|faint|p2a: Ninetales\n|faint|p2b: Chimecho\n|-damage|p1b: Dudunsparce|61\/100|[from] item: Life Orb\n|\n|-weather|none\n|-sideend|p2: BetosWessos|move: Aurora Veil\n|-fieldend|move: Trick Room\n|upkeep\n|inactive|BetosWessos has 120 seconds left.\n|-message|BetosWessos forfeited.\n|\n|win|Water10122246\n|raw|Water10122246's rating: 1151 &rarr; <strong>1166<\/strong><br \/>(+15 for winning)\n|raw|BetosWessos's rating: 1008 &rarr; <strong>1001<\/strong><br \/>(-7 for losing)\n|l|\u2606BetosWessos\n","uploadtime":1695622683,"views":12,"p1id":"water10122246","p2id":"betoswessos","formatid":"gen9nationaldexdoubles","rating":1001,"private":0,"password":""}