{"id":"gen9nationaldexdoubles-1955606221","p1":"ChriZyscr","p2":"braislago98","format":"[Gen 9] National Dex Doubles","log":"|j|\u2606ChriZyscr\n|j|\u2606braislago98\n|t:|1696011501\n|gametype|doubles\n|player|p1|ChriZyscr|red-masters|\n|player|p2|braislago98|265|\n|teamsize|p1|6\n|teamsize|p2|6\n|gen|9\n|tier|[Gen 9] National Dex Doubles\n|rule|HP Percentage Mod: HP is shown in percentages\n|rule|Endless Battle Clause: Forcing endless battles is banned\n|rule|OHKO Clause: OHKO moves are banned\n|rule|Evasion Moves Clause: Evasion moves are banned\n|rule|Evasion Abilities Clause: Evasion abilities are banned\n|rule|Species Clause: Limit one of each Pok\u00e9mon\n|rule|Gravity Sleep Clause: The combination of sleep-inducing moves with imperfect accuracy and Gravity or Gigantamax Orbeetle are banned\n|clearpoke\n|poke|p1|Oricorio, F|\n|poke|p1|Lilligant, F|\n|poke|p1|Oranguru, M|\n|poke|p1|Torkoal, F|\n|poke|p1|Grimmsnarl, M|\n|poke|p1|Indeedee-F, F|\n|poke|p2|Raichu, F|\n|poke|p2|Thundurus-Therian, M|\n|poke|p2|Iron Hands|\n|poke|p2|Pincurchin, M|\n|poke|p2|Electivire, F|\n|poke|p2|Hydreigon, M|\n|teampreview\n|j| Firecracker1195\n|inactive|Battle timer is ON: inactive players will automatically lose when time's up. (requested by braislago98)\n|\n|t:|1696011525\n|start\n|switch|p1a: Grimmsnarl|Grimmsnarl, M|100\/100\n|switch|p1b: Lilligant|Lilligant, F|100\/100\n|switch|p2a: Pincurchin|Pincurchin, M|100\/100\n|switch|p2b: Iron Hands|Iron Hands|100\/100\n|-fieldstart|move: Electric Terrain|[from] ability: Electric Surge|[of] p2a: Pincurchin\n|-activate|p2b: Iron Hands|ability: Quark Drive\n|-start|p2b: Iron Hands|quarkdriveatk\n|turn|1\n|c|\u2606ChriZyscr|suerte\n|\n|t:|1696011548\n|switch|p1a: Indeedee|Indeedee-F, F|100\/100\n|-fieldstart|move: Psychic Terrain|[from] ability: Psychic Surge|[of] p1a: Indeedee\n|-end|p2b: Iron Hands|Quark Drive\n|move|p1b: Lilligant|Sleep Powder|p2b: Iron Hands|[miss]\n|-miss|p1b: Lilligant|p2b: Iron Hands\n|move|p2b: Iron Hands|Ice Punch|p1b: Lilligant\n|-supereffective|p1b: Lilligant\n|-damage|p1b: Lilligant|9\/100\n|move|p2a: Pincurchin|Toxic Spikes|p1a: Indeedee\n|-sidestart|p1: ChriZyscr|move: Toxic Spikes\n|\n|upkeep\n|turn|2\n|l| Firecracker1195\n|\n|t:|1696011575\n|move|p1a: Indeedee|Dazzling Gleam|p2a: Pincurchin|[spread] p2a,p2b\n|-supereffective|p2b: Iron Hands\n|-damage|p2a: Pincurchin|80\/100\n|-damage|p2b: Iron Hands|82\/100\n|move|p1b: Lilligant|Sleep Powder|p2b: Iron Hands\n|-status|p2b: Iron Hands|slp|[from] move: Sleep Powder\n|cant|p2b: Iron Hands|slp\n|move|p2a: Pincurchin|Discharge|p1a: Indeedee|[spread] p2b,p1a,p1b\n|-resisted|p2b: Iron Hands\n|-resisted|p1b: Lilligant\n|-damage|p2b: Iron Hands|78\/100 slp\n|-damage|p1a: Indeedee|87\/100\n|-damage|p1b: Lilligant|0 fnt\n|faint|p1b: Lilligant\n|\n|upkeep\n|inactive|ChriZyscr has 270 seconds left.\n|\n|t:|1696011593\n|switch|p1b: Oricorio|Oricorio, F|100\/100\n|turn|3\n|\n|t:|1696011604\n|switch|p2a: Raichu|Raichu, F|100\/100\n|-terastallize|p1b: Oricorio|Ground\n|move|p1a: Indeedee|Expanding Force|p2b: Iron Hands|[spread] p2a,p2b\n|-supereffective|p2b: Iron Hands\n|-damage|p2a: Raichu|23\/100\n|-damage|p2b: Iron Hands|25\/100 slp\n|move|p1b: Oricorio|Quiver Dance|p1b: Oricorio\n|-boost|p1b: Oricorio|spa|1\n|-boost|p1b: Oricorio|spd|1\n|-boost|p1b: Oricorio|spe|1\n|cant|p2b: Iron Hands|slp\n|\n|upkeep\n|turn|4\n|\n|t:|1696011626\n|move|p1b: Oricorio|Revelation Dance|p2a: Raichu\n|-supereffective|p2a: Raichu\n|-damage|p2a: Raichu|0 fnt\n|faint|p2a: Raichu\n|move|p1a: Indeedee|Expanding Force|p2b: Iron Hands\n|-supereffective|p2b: Iron Hands\n|-damage|p2b: Iron Hands|0 fnt\n|faint|p2b: Iron Hands\n|-end|p2b: Iron Hands|Quark Drive|[silent]\n|\n|upkeep\n|\n|t:|1696011642\n|switch|p2a: Pincurchin|Pincurchin, M|80\/100\n|switch|p2b: Hydreigon|Hydreigon, M|100\/100\n|-fieldstart|move: Electric Terrain|[from] ability: Electric Surge|[of] p2a: Pincurchin\n|turn|5\n|\n|t:|1696011662\n|switch|p1a: Grimmsnarl|Grimmsnarl, M|100\/100\n|-status|p1a: Grimmsnarl|psn\n|-terastallize|p2b: Hydreigon|Electric\n|move|p2b: Hydreigon|Draco Meteor|p1b: Oricorio\n|-damage|p1b: Oricorio|21\/100\n|-unboost|p2b: Hydreigon|spa|2\n|move|p1b: Oricorio|Flatter|p2b: Hydreigon\n|-boost|p2b: Hydreigon|spa|1\n|-enditem|p1b: Oricorio|Mirror Herb\n|-boost|p1b: Oricorio|spa|1|[from] item: Mirror Herb\n|-start|p2b: Hydreigon|confusion\n|move|p2a: Pincurchin|Scald|p1b: Oricorio\n|-supereffective|p1b: Oricorio\n|-damage|p1b: Oricorio|0 fnt\n|faint|p1b: Oricorio\n|\n|-damage|p1a: Grimmsnarl|88\/100 psn|[from] psn\n|upkeep\n|\n|t:|1696011667\n|switch|p1b: Indeedee|Indeedee-F, F|87\/100\n|-status|p1b: Indeedee|psn\n|-fieldstart|move: Psychic Terrain|[from] ability: Psychic Surge|[of] p1b: Indeedee\n|turn|6\n|inactive|braislago98 has 270 seconds left.\n|\n|t:|1696011698\n|switch|p2b: Thundurus|Thundurus-Therian, M|100\/100\n|switch|p2a: Electivire|Electivire, F|100\/100\n|-item|p2a: Electivire|Air Balloon\n|move|p1a: Grimmsnarl|Light Screen|p1a: Grimmsnarl\n|-sidestart|p1: ChriZyscr|move: Light Screen\n|move|p1b: Indeedee|Expanding Force|p2b: Thundurus|[spread] p2a,p2b\n|-crit|p2a: Electivire\n|-damage|p2a: Electivire|9\/100\n|-damage|p2b: Thundurus|39\/100\n|-enditem|p2a: Electivire|Air Balloon\n|\n|-damage|p1b: Indeedee|74\/100 psn|[from] psn\n|-damage|p1a: Grimmsnarl|76\/100 psn|[from] psn\n|upkeep\n|turn|7\n|\n|t:|1696011718\n|switch|p2a: Pincurchin|Pincurchin, M|80\/100\n|-fieldstart|move: Electric Terrain|[from] ability: Electric Surge|[of] p2a: Pincurchin\n|move|p2b: Thundurus|Protect|p2b: Thundurus\n|-singleturn|p2b: Thundurus|Protect\n|move|p1a: Grimmsnarl|Reflect|p1a: Grimmsnarl\n|-sidestart|p1: ChriZyscr|Reflect\n|move|p1b: Indeedee|Expanding Force|p2b: Thundurus\n|-activate|p2b: Thundurus|move: Protect\n|\n|-damage|p1b: Indeedee|62\/100 psn|[from] psn\n|-damage|p1a: Grimmsnarl|63\/100 psn|[from] psn\n|upkeep\n|turn|8\n|\n|t:|1696011734\n|switch|p1b: Oranguru|Oranguru, M|100\/100\n|-status|p1b: Oranguru|psn\n|move|p2b: Thundurus|Wildbolt Storm|p1a: Grimmsnarl|[spread] p1a,p1b\n|-damage|p1a: Grimmsnarl|26\/100 psn\n|-damage|p1b: Oranguru|70\/100 psn\n|-damage|p2b: Thundurus|29\/100|[from] item: Life Orb\n|move|p1a: Grimmsnarl|Spirit Break|p2b: Thundurus\n|-damage|p2b: Thundurus|0 fnt\n|faint|p2b: Thundurus\n|move|p2a: Pincurchin|Discharge|p1b: Oranguru|[spread] p1a,p1b\n|-damage|p1a: Grimmsnarl|6\/100 psn\n|-damage|p1b: Oranguru|56\/100 psn\n|\n|-damage|p1a: Grimmsnarl|0 fnt|[from] psn\n|faint|p1a: Grimmsnarl\n|-damage|p1b: Oranguru|44\/100 psn|[from] psn\n|upkeep\n|\n|t:|1696011752\n|switch|p2b: Electivire|Electivire, F|9\/100\n|switch|p1a: Indeedee|Indeedee-F, F|62\/100 psn\n|-fieldstart|move: Psychic Terrain|[from] ability: Psychic Surge|[of] p1a: Indeedee\n|turn|9\n|\n|t:|1696011764\n|switch|p2a: Hydreigon|Hydreigon, M, tera:Electric|100\/100\n|move|p2b: Electivire|Protect|p2b: Electivire\n|-singleturn|p2b: Electivire|Protect\n|move|p1a: Indeedee|Expanding Force|p2b: Electivire|[spread] p2a\n|-activate|p2b: Electivire|move: Protect\n|-damage|p2a: Hydreigon|47\/100\n|move|p1b: Oranguru|Trick Room|p1b: Oranguru\n|-fieldstart|move: Trick Room|[of] p1b: Oranguru\n|\n|-damage|p1b: Oranguru|32\/100 psn|[from] psn\n|-damage|p1a: Indeedee|49\/100 psn|[from] psn\n|upkeep\n|turn|10\n|\n|t:|1696011778\n|switch|p2a: Pincurchin|Pincurchin, M|80\/100\n|-fieldstart|move: Electric Terrain|[from] ability: Electric Surge|[of] p2a: Pincurchin\n|move|p1b: Oranguru|Instruct|p1a: Indeedee\n|-singleturn|p1a: Indeedee|move: Instruct|[of] p1b: Oranguru\n|move|p1a: Indeedee|Expanding Force|p2b: Electivire\n|-damage|p2b: Electivire|0 fnt\n|faint|p2b: Electivire\n|move|p1a: Indeedee|Expanding Force|p2a: Pincurchin\n|-damage|p2a: Pincurchin|34\/100\n|\n|-damage|p1b: Oranguru|19\/100 psn|[from] psn\n|-damage|p1a: Indeedee|37\/100 psn|[from] psn\n|upkeep\n|-enditem|p1b: Oranguru|Iapapa Berry|[eat]\n|-heal|p1b: Oranguru|52\/100 psn|[from] item: Iapapa Berry\n|\n|t:|1696011792\n|switch|p2b: Hydreigon|Hydreigon, M, tera:Electric|47\/100\n|turn|11\n|\n|t:|1696011804\n|move|p2a: Pincurchin|Discharge|p1b: Oranguru|[spread] p2b,p1a,p1b\n|-resisted|p2b: Hydreigon\n|-damage|p2b: Hydreigon|34\/100\n|-damage|p1a: Indeedee|23\/100 psn\n|-damage|p1b: Oranguru|38\/100 psn\n|move|p1b: Oranguru|Hyper Voice|p2a: Pincurchin|[spread] p2a,p2b\n|-damage|p2a: Pincurchin|0 fnt\n|-damage|p2b: Hydreigon|0 fnt\n|faint|p2a: Pincurchin\n|faint|p2b: Hydreigon\n|\n|win|ChriZyscr\n|c|\u2606braislago98|gg\n|c|\u2606ChriZyscr|bien jugado\n|l|\u2606braislago98\n","uploadtime":1696011821,"views":8,"p1id":"chrizyscr","p2id":"braislago98","formatid":"gen9nationaldexdoubles","rating":0,"private":0,"password":""}