{"id":"gen9nationaldexdoubles-1963012393","p1":"Qapi","p2":"JustADude10","format":"[Gen 9] National Dex Doubles","log":"|j|\u2606Qapi\n|j|\u2606JustADude10\n|t:|1696815510\n|gametype|doubles\n|player|p1|Qapi|hiker-gen4|\n|player|p2|JustADude10|steven|\n|teamsize|p1|6\n|teamsize|p2|6\n|gen|9\n|tier|[Gen 9] National Dex Doubles\n|rule|HP Percentage Mod: HP is shown in percentages\n|rule|Endless Battle Clause: Forcing endless battles is banned\n|rule|OHKO Clause: OHKO moves are banned\n|rule|Evasion Moves Clause: Evasion moves are banned\n|rule|Evasion Abilities Clause: Evasion abilities are banned\n|rule|Species Clause: Limit one of each Pok\u00e9mon\n|rule|Gravity Sleep Clause: The combination of sleep-inducing moves with imperfect accuracy and Gravity or Gigantamax Orbeetle are banned\n|clearpoke\n|poke|p1|Amoonguss, F|\n|poke|p1|Grafaiai, M|\n|poke|p1|Sneasler, M|\n|poke|p1|Venusaur, F|\n|poke|p1|Drapion, M|\n|poke|p1|Iron Moth|\n|poke|p2|Gastrodon, M|\n|poke|p2|Mandibuzz, F|\n|poke|p2|Gigalith, F|\n|poke|p2|Rotom-Mow|\n|poke|p2|Alakazam, M|\n|poke|p2|Metagross|\n|teampreview\n|\n|t:|1696815538\n|start\n|switch|p1a: Grafaiai|Grafaiai, M|100\/100\n|switch|p1b: Venusaur|Venusaur, F|100\/100\n|switch|p2a: Gastrodon|Gastrodon, M|100\/100\n|switch|p2b: Mt. Ebott|Gigalith, F|100\/100\n|-weather|Sandstorm|[from] ability: Sand Stream|[of] p2b: Mt. Ebott\n|turn|1\n|\n|t:|1696815578\n|move|p1a: Grafaiai|Sunny Day|p1a: Grafaiai\n|-weather|SunnyDay\n|move|p1b: Venusaur|Giga Drain|p2a: Gastrodon\n|-supereffective|p2a: Gastrodon\n|-damage|p2a: Gastrodon|0 fnt\n|faint|p2a: Gastrodon\n|-damage|p1b: Venusaur|91\/100|[from] item: Life Orb\n|move|p2b: Mt. Ebott|Rock Slide|p1b: Venusaur|[spread] p1a,p1b\n|-crit|p1a: Grafaiai\n|-damage|p1a: Grafaiai|50\/100\n|-damage|p1b: Venusaur|59\/100\n|\n|-weather|SunnyDay|[upkeep]\n|upkeep\n|\n|t:|1696815591\n|switch|p2a: Telepathy|Alakazam, M|100\/100\n|turn|2\n|\n|t:|1696815602\n|move|p2a: Telepathy|Psychic|p1b: Venusaur\n|-supereffective|p1b: Venusaur\n|-damage|p1b: Venusaur|0 fnt\n|faint|p1b: Venusaur\n|move|p1a: Grafaiai|Foul Play|p2a: Telepathy\n|-supereffective|p2a: Telepathy\n|-damage|p2a: Telepathy|56\/100\n|move|p2b: Mt. Ebott|Rock Slide|p1a: Grafaiai\n|-damage|p1a: Grafaiai|4\/100\n|\n|-weather|SunnyDay|[upkeep]\n|upkeep\n|\n|t:|1696815614\n|switch|p1b: Drapion|Drapion, M|100\/100\n|turn|3\n|\n|t:|1696815634\n|switch|p2a: Vulture|Mandibuzz, F|100\/100\n|move|p1a: Grafaiai|Taunt|p2b: Mt. Ebott\n|-start|p2b: Mt. Ebott|move: Taunt\n|move|p1b: Drapion|Knock Off|p2a: Vulture\n|-resisted|p2a: Vulture\n|-damage|p2a: Vulture|85\/100\n|-ability|p2a: Vulture|Weak Armor|boost\n|-unboost|p2a: Vulture|def|1\n|-boost|p2a: Vulture|spe|2\n|-enditem|p2a: Vulture|Leftovers|[from] move: Knock Off|[of] p1b: Drapion\n|move|p2b: Mt. Ebott|Iron Head|p1a: Grafaiai\n|-damage|p1a: Grafaiai|0 fnt\n|faint|p1a: Grafaiai\n|\n|-weather|SunnyDay|[upkeep]\n|upkeep\n|c|\u2606Qapi|Made a huge error on the build\n|c|\u2606Qapi|No problem now tho\n|\n|t:|1696815656\n|switch|p1a: Iron Moth|Iron Moth|100\/100\n|-enditem|p1a: Iron Moth|Booster Energy\n|-activate|p1a: Iron Moth|ability: Quark Drive|[fromitem]\n|-start|p1a: Iron Moth|quarkdrivespa\n|turn|4\n|\n|t:|1696815682\n|move|p2a: Vulture|Iron Defense|p2a: Vulture\n|-boost|p2a: Vulture|def|2\n|move|p1a: Iron Moth|Energy Ball|p2b: Mt. Ebott\n|-supereffective|p2b: Mt. Ebott\n|-damage|p2b: Mt. Ebott|46\/100\n|move|p1b: Drapion|Rock Slide|p2a: Vulture|[spread] p2a,p2b\n|-supereffective|p2a: Vulture\n|-damage|p2a: Vulture|70\/100\n|-damage|p2b: Mt. Ebott|33\/100\n|-ability|p2a: Vulture|Weak Armor|boost\n|-unboost|p2a: Vulture|def|1\n|-boost|p2a: Vulture|spe|2\n|cant|p2b: Mt. Ebott|flinch\n|\n|-weather|SunnyDay|[upkeep]\n|upkeep\n|turn|5\n|\n|t:|1696815718\n|move|p2a: Vulture|Protect|p2a: Vulture\n|-singleturn|p2a: Vulture|Protect\n|move|p1a: Iron Moth|Fiery Dance|p2a: Vulture\n|-activate|p2a: Vulture|move: Protect\n|move|p1b: Drapion|Rock Slide|p2b: Mt. Ebott|[spread] p2b\n|-activate|p2a: Vulture|move: Protect\n|-damage|p2b: Mt. Ebott|20\/100\n|cant|p2b: Mt. Ebott|flinch\n|\n|-weather|none\n|-end|p2b: Mt. Ebott|move: Taunt\n|upkeep\n|turn|6\n|c|\u2606JustADude10|wow\n|c|\u2606JustADude10|good rng\n|\n|t:|1696815744\n|move|p2a: Vulture|Foul Play|p1b: Drapion\n|-resisted|p1b: Drapion\n|-damage|p1b: Drapion|79\/100\n|move|p1a: Iron Moth|Energy Ball|p2b: Mt. Ebott\n|-supereffective|p2b: Mt. Ebott\n|-damage|p2b: Mt. Ebott|0 fnt\n|faint|p2b: Mt. Ebott\n|move|p1b: Drapion|Taunt|p2a: Vulture\n|-start|p2a: Vulture|move: Taunt\n|\n|-heal|p1b: Drapion|85\/100|[from] item: Black Sludge\n|upkeep\n|c|\u2606JustADude10|double flinch\n|\n|t:|1696815758\n|switch|p2b: Metagross|Metagross|100\/100\n|turn|7\n|\n|t:|1696815783\n|move|p1a: Iron Moth|Protect|p1a: Iron Moth\n|-singleturn|p1a: Iron Moth|Protect\n|move|p2a: Vulture|Steel Wing|p1b: Drapion\n|-damage|p1b: Drapion|73\/100\n|move|p1b: Drapion|Knock Off|p2b: Metagross\n|-supereffective|p2b: Metagross\n|-damage|p2b: Metagross|48\/100\n|move|p2b: Metagross|Earthquake|p1a: Iron Moth|[spread] p1b\n|-activate|p1a: Iron Moth|move: Protect\n|-immune|p2a: Vulture\n|-supereffective|p1b: Drapion\n|-damage|p1b: Drapion|21\/100\n|\n|-heal|p1b: Drapion|28\/100|[from] item: Black Sludge\n|upkeep\n|turn|8\n|c|\u2606Qapi|Yup\n|\n|t:|1696815807\n|move|p2a: Vulture|Steel Wing|p1b: Drapion\n|-damage|p1b: Drapion|16\/100\n|move|p1a: Iron Moth|Fiery Dance|p2b: Metagross\n|-supereffective|p2b: Metagross\n|-damage|p2b: Metagross|0 fnt\n|-boost|p1a: Iron Moth|spa|1\n|faint|p2b: Metagross\n|move|p1b: Drapion|Knock Off|p2a: Vulture\n|-resisted|p2a: Vulture\n|-crit|p2a: Vulture\n|-damage|p2a: Vulture|56\/100\n|-ability|p2a: Vulture|Weak Armor|boost\n|-unboost|p2a: Vulture|def|1\n|-boost|p2a: Vulture|spe|2\n|\n|-heal|p1b: Drapion|22\/100|[from] item: Black Sludge\n|upkeep\n|\n|t:|1696815823\n|switch|p2b: Telepathy|Alakazam, M|56\/100\n|turn|9\n|\n|t:|1696815860\n|move|p1a: Iron Moth|Protect|p1a: Iron Moth\n|-singleturn|p1a: Iron Moth|Protect\n|move|p2a: Vulture|Foul Play|p1b: Drapion\n|-resisted|p1b: Drapion\n|-damage|p1b: Drapion|0 fnt\n|faint|p1b: Drapion\n|move|p2b: Telepathy|Psychic|p1a: Iron Moth\n|-activate|p1a: Iron Moth|move: Protect\n|\n|-end|p2a: Vulture|move: Taunt\n|upkeep\n|\n|t:|1696815869\n|switch|p1b: Amoonguss|Amoonguss, F|100\/100\n|turn|10\n|\n|t:|1696815880\n|move|p2a: Vulture|Protect|p2a: Vulture\n|-singleturn|p2a: Vulture|Protect\n|move|p1b: Amoonguss|Rage Powder|p1b: Amoonguss\n|-singleturn|p1b: Amoonguss|move: Rage Powder\n|move|p2b: Telepathy|Psychic|p1b: Amoonguss\n|-supereffective|p1b: Amoonguss\n|-damage|p1b: Amoonguss|31\/100\n|move|p1a: Iron Moth|Bug Buzz|p2b: Telepathy\n|-supereffective|p2b: Telepathy\n|-damage|p2b: Telepathy|0 fnt\n|faint|p2b: Telepathy\n|\n|upkeep\n|\n|t:|1696815896\n|switch|p2b: Lawnmower|Rotom-Mow, shiny|100\/100\n|turn|11\n|\n|t:|1696815911\n|move|p1b: Amoonguss|Rage Powder|p1b: Amoonguss\n|-singleturn|p1b: Amoonguss|move: Rage Powder\n|move|p2a: Vulture|Iron Defense|p2a: Vulture\n|-boost|p2a: Vulture|def|2\n|move|p1a: Iron Moth|Fiery Dance|p2b: Lawnmower\n|-supereffective|p2b: Lawnmower\n|-damage|p2b: Lawnmower|0 fnt\n|-boost|p1a: Iron Moth|spa|1\n|faint|p2b: Lawnmower\n|\n|upkeep\n|turn|12\n|\n|t:|1696815926\n|move|p2a: Vulture|Protect|p2a: Vulture\n|-singleturn|p2a: Vulture|Protect\n|move|p1a: Iron Moth|Fiery Dance|p2a: Vulture\n|-activate|p2a: Vulture|move: Protect\n|move|p1b: Amoonguss|Spore|p2a: Vulture\n|-activate|p2a: Vulture|move: Protect\n|\n|upkeep\n|turn|13\n|\n|t:|1696815938\n|move|p2a: Vulture|Foul Play|p1b: Amoonguss\n|-damage|p1b: Amoonguss|6\/100\n|move|p1a: Iron Moth|Fiery Dance|p2a: Vulture\n|-damage|p2a: Vulture|0 fnt\n|faint|p2a: Vulture\n|\n|win|Qapi\n|c|\u2606JustADude10|gg\n|c|\u2606Qapi|gg\n|l|\u2606Qapi\n","uploadtime":1696815951,"views":8,"p1id":"qapi","p2id":"justadude10","formatid":"gen9nationaldexdoubles","rating":0,"private":0,"password":""}