{"id":"gen9nationaldexdoubles-1959162838","p1":"KingGodzila","p2":"dr vee","format":"[Gen 9] National Dex Doubles","log":"|j|\u2606KingGodzila\n|j|\u2606dr vee\n|t:|1696394064\n|gametype|doubles\n|player|p1|KingGodzila|bugsy|1166\n|player|p2|dr vee|will|1000\n|teamsize|p1|6\n|teamsize|p2|6\n|gen|9\n|tier|[Gen 9] National Dex Doubles\n|rated|\n|rule|HP Percentage Mod: HP is shown in percentages\n|rule|Endless Battle Clause: Forcing endless battles is banned\n|rule|OHKO Clause: OHKO moves are banned\n|rule|Evasion Moves Clause: Evasion moves are banned\n|rule|Evasion Abilities Clause: Evasion abilities are banned\n|rule|Species Clause: Limit one of each Pok\u00e9mon\n|rule|Gravity Sleep Clause: The combination of sleep-inducing moves with imperfect accuracy and Gravity or Gigantamax Orbeetle are banned\n|clearpoke\n|poke|p1|Vikavolt, M|\n|poke|p1|Lokix, M|\n|poke|p1|Golisopod, M|\n|poke|p1|Cresselia, F|\n|poke|p1|Escavalier, M|\n|poke|p1|Scizor, M|\n|poke|p2|Regigigas|\n|poke|p2|Weezing-Galar, M|\n|poke|p2|Chien-Pao|\n|poke|p2|Clefairy, F|\n|poke|p2|Amoonguss, F|\n|poke|p2|Flutter Mane|\n|teampreview\n|\n|t:|1696394085\n|start\n|switch|p1a: \u7f8e\u68a6\u8001\u5988|Cresselia, F|100\/100\n|switch|p1b: \u80fd\u8fdb\u80fd\u9000\u65b9\u6b66\u8005|Golisopod, M, shiny|100\/100\n|switch|p2a: Kirby|Clefairy, F, shiny|100\/100\n|switch|p2b: sus?|Amoonguss, F, shiny|100\/100\n|turn|1\n|\n|t:|1696394102\n|move|p2a: Kirby|Follow Me|p2a: Kirby\n|-singleturn|p2a: Kirby|move: Follow Me\n|move|p2b: sus?|Stun Spore|p1a: \u7f8e\u68a6\u8001\u5988\n|-status|p1a: \u7f8e\u68a6\u8001\u5988|par\n|cant|p1a: \u7f8e\u68a6\u8001\u5988|par\n|move|p1b: \u80fd\u8fdb\u80fd\u9000\u65b9\u6b66\u8005|Knock Off|p2a: Kirby\n|-resisted|p2a: Kirby\n|-damage|p2a: Kirby|78\/100\n|-enditem|p2a: Kirby|Eviolite|[from] move: Knock Off|[of] p1b: \u80fd\u8fdb\u80fd\u9000\u65b9\u6b66\u8005\n|\n|upkeep\n|turn|2\n|\n|t:|1696394117\n|move|p2a: Kirby|Ally Switch|p2a: Kirby\n|swap|p2a: Kirby|1|[from] move: Ally Switch\n|move|p2a: sus?|Stun Spore|p1b: \u80fd\u8fdb\u80fd\u9000\u65b9\u6b66\u8005\n|-status|p1b: \u80fd\u8fdb\u80fd\u9000\u65b9\u6b66\u8005|par\n|move|p1a: \u7f8e\u68a6\u8001\u5988|Lunar Blessing|p1a: \u7f8e\u68a6\u8001\u5988|[spread] p1a,p1b\n|-curestatus|p1a: \u7f8e\u68a6\u8001\u5988|par|[msg]\n|-curestatus|p1b: \u80fd\u8fdb\u80fd\u9000\u65b9\u6b66\u8005|par|[msg]\n|move|p1b: \u80fd\u8fdb\u80fd\u9000\u65b9\u6b66\u8005|Knock Off|p2b: Kirby\n|-resisted|p2b: Kirby\n|-damage|p2b: Kirby|56\/100\n|\n|upkeep\n|turn|3\n|\n|t:|1696394136\n|move|p2b: Kirby|Follow Me|p2b: Kirby\n|-singleturn|p2b: Kirby|move: Follow Me\n|move|p2a: sus?|Stun Spore|p1b: \u80fd\u8fdb\u80fd\u9000\u65b9\u6b66\u8005|[miss]\n|-miss|p2a: sus?|p1b: \u80fd\u8fdb\u80fd\u9000\u65b9\u6b66\u8005\n|move|p1b: \u80fd\u8fdb\u80fd\u9000\u65b9\u6b66\u8005|Knock Off|p2b: Kirby\n|-resisted|p2b: Kirby\n|-damage|p2b: Kirby|34\/100\n|move|p1a: \u7f8e\u68a6\u8001\u5988|Trick Room|p1a: \u7f8e\u68a6\u8001\u5988\n|-fieldstart|move: Trick Room|[of] p1a: \u7f8e\u68a6\u8001\u5988\n|\n|upkeep\n|turn|4\n|\n|t:|1696394164\n|switch|p1a: \u4e00\u592b\u5f53\u5173\u4e3a\u9a91\u58eb|Escavalier, M|100\/100\n|move|p1b: \u80fd\u8fdb\u80fd\u9000\u65b9\u6b66\u8005|Liquidation|p2a: sus?\n|-resisted|p2a: sus?\n|-damage|p2a: sus?|78\/100\n|move|p2b: Kirby|Toxic|p1b: \u80fd\u8fdb\u80fd\u9000\u65b9\u6b66\u8005\n|-status|p1b: \u80fd\u8fdb\u80fd\u9000\u65b9\u6b66\u8005|tox\n|move|p2a: sus?|Stun Spore|p1a: \u4e00\u592b\u5f53\u5173\u4e3a\u9a91\u58eb\n|-immune|p1a: \u4e00\u592b\u5f53\u5173\u4e3a\u9a91\u58eb|[from] ability: Overcoat\n|\n|-damage|p1b: \u80fd\u8fdb\u80fd\u9000\u65b9\u6b66\u8005|94\/100 tox|[from] psn\n|upkeep\n|turn|5\n|\n|t:|1696394185\n|switch|p2a: Weezer|Weezing-Galar, M, shiny|100\/100\n|-ability|p2a: Weezer|Neutralizing Gas\n|-item|p2a: Weezer|Air Balloon\n|move|p2b: Kirby|Follow Me|p2b: Kirby\n|-singleturn|p2b: Kirby|move: Follow Me\n|move|p1a: \u4e00\u592b\u5f53\u5173\u4e3a\u9a91\u58eb|X-Scissor|p2b: Kirby\n|-resisted|p2b: Kirby\n|-damage|p2b: Kirby|0 fnt\n|faint|p2b: Kirby\n|-damage|p1a: \u4e00\u592b\u5f53\u5173\u4e3a\u9a91\u58eb|91\/100|[from] item: Life Orb\n|move|p1b: \u80fd\u8fdb\u80fd\u9000\u65b9\u6b66\u8005|Liquidation|p2a: Weezer\n|-damage|p2a: Weezer|72\/100\n|-enditem|p2a: Weezer|Air Balloon\n|\n|-damage|p1b: \u80fd\u8fdb\u80fd\u9000\u65b9\u6b66\u8005|82\/100 tox|[from] psn\n|upkeep\n|\n|t:|1696394201\n|switch|p2b: slow start?|Regigigas, shiny|100\/100\n|turn|6\n|\n|t:|1696394217\n|-terastallize|p2b: slow start?|Ghost\n|move|p1a: \u4e00\u592b\u5f53\u5173\u4e3a\u9a91\u58eb|Drill Run|p2a: Weezer\n|-supereffective|p2a: Weezer\n|-damage|p2a: Weezer|18\/100\n|-damage|p1a: \u4e00\u592b\u5f53\u5173\u4e3a\u9a91\u58eb|81\/100|[from] item: Life Orb\n|move|p1b: \u80fd\u8fdb\u80fd\u9000\u65b9\u6b66\u8005|Liquidation|p2b: slow start?\n|-damage|p2b: slow start?|66\/100\n|move|p2a: Weezer|Hidden Power|p1a: \u4e00\u592b\u5f53\u5173\u4e3a\u9a91\u58eb\n|-supereffective|p1a: \u4e00\u592b\u5f53\u5173\u4e3a\u9a91\u58eb\n|-damage|p1a: \u4e00\u592b\u5f53\u5173\u4e3a\u9a91\u58eb|33\/100\n|move|p2b: slow start?|Drain Punch|p1b: \u80fd\u8fdb\u80fd\u9000\u65b9\u6b66\u8005\n|-resisted|p1b: \u80fd\u8fdb\u80fd\u9000\u65b9\u6b66\u8005\n|-damage|p1b: \u80fd\u8fdb\u80fd\u9000\u65b9\u6b66\u8005|69\/100 tox\n|-heal|p2b: slow start?|72\/100|[from] drain|[of] p1b: \u80fd\u8fdb\u80fd\u9000\u65b9\u6b66\u8005\n|\n|-damage|p1b: \u80fd\u8fdb\u80fd\u9000\u65b9\u6b66\u8005|50\/100 tox|[from] psn\n|upkeep\n|turn|7\n|\n|t:|1696394237\n|move|p2a: Weezer|Protect|p2a: Weezer\n|-singleturn|p2a: Weezer|Protect\n|move|p1a: \u4e00\u592b\u5f53\u5173\u4e3a\u9a91\u58eb|Drill Run|p2a: Weezer\n|-activate|p2a: Weezer|move: Protect\n|move|p1b: \u80fd\u8fdb\u80fd\u9000\u65b9\u6b66\u8005|Knock Off|p2b: slow start?\n|-supereffective|p2b: slow start?\n|-damage|p2b: slow start?|20\/100\n|-enditem|p2b: slow start?|Focus Sash|[from] move: Knock Off|[of] p1b: \u80fd\u8fdb\u80fd\u9000\u65b9\u6b66\u8005\n|move|p2b: slow start?|Earthquake|p1a: \u4e00\u592b\u5f53\u5173\u4e3a\u9a91\u58eb|[spread] p1a,p1b\n|-activate|p2a: Weezer|move: Protect\n|-crit|p1a: \u4e00\u592b\u5f53\u5173\u4e3a\u9a91\u58eb\n|-resisted|p1b: \u80fd\u8fdb\u80fd\u9000\u65b9\u6b66\u8005\n|-damage|p1a: \u4e00\u592b\u5f53\u5173\u4e3a\u9a91\u58eb|0 fnt\n|-damage|p1b: \u80fd\u8fdb\u80fd\u9000\u65b9\u6b66\u8005|39\/100 tox\n|faint|p1a: \u4e00\u592b\u5f53\u5173\u4e3a\u9a91\u58eb\n|\n|-damage|p1b: \u80fd\u8fdb\u80fd\u9000\u65b9\u6b66\u8005|14\/100 tox|[from] psn\n|-fieldend|move: Trick Room\n|upkeep\n|\n|t:|1696394260\n|switch|p1a: \u7f8e\u68a6\u8001\u5988|Cresselia, F|100\/100\n|turn|8\n|\n|t:|1696394281\n|move|p2b: slow start?|Protect|p2b: slow start?\n|-singleturn|p2b: slow start?|Protect\n|move|p2a: Weezer|Confide|p1a: \u7f8e\u68a6\u8001\u5988\n|-unboost|p1a: \u7f8e\u68a6\u8001\u5988|spa|1\n|move|p1b: \u80fd\u8fdb\u80fd\u9000\u65b9\u6b66\u8005|Knock Off|p2b: slow start?\n|-activate|p2b: slow start?|move: Protect\n|move|p1a: \u7f8e\u68a6\u8001\u5988|Trick Room|p1a: \u7f8e\u68a6\u8001\u5988\n|-fieldstart|move: Trick Room|[of] p1a: \u7f8e\u68a6\u8001\u5988\n|\n|-damage|p1b: \u80fd\u8fdb\u80fd\u9000\u65b9\u6b66\u8005|0 fnt|[from] psn\n|faint|p1b: \u80fd\u8fdb\u80fd\u9000\u65b9\u6b66\u8005\n|upkeep\n|\n|t:|1696394299\n|switch|p1b: \u7535\u5149\u8f68\u9053\u70ae|Vikavolt, M|100\/100\n|turn|9\n|\n|t:|1696394324\n|switch|p1a: \u70c8\u817f\u8757\u4fa0|Lokix, M|100\/100\n|move|p1b: \u7535\u5149\u8f68\u9053\u70ae|Energy Ball|p2b: slow start?\n|-damage|p2b: slow start?|0 fnt\n|faint|p2b: slow start?\n|-end|p2b: slow start?|Slow Start|[silent]\n|-damage|p1b: \u7535\u5149\u8f68\u9053\u70ae|91\/100|[from] item: Life Orb\n|move|p2a: Weezer|Hidden Power|p1b: \u7535\u5149\u8f68\u9053\u70ae\n|-supereffective|p1b: \u7535\u5149\u8f68\u9053\u70ae\n|-crit|p1b: \u7535\u5149\u8f68\u9053\u70ae\n|-damage|p1b: \u7535\u5149\u8f68\u9053\u70ae|48\/100\n|\n|upkeep\n|\n|t:|1696394335\n|switch|p2b: Sr.Drip|Chien-Pao|100\/100\n|turn|10\n|\n|t:|1696394386\n|move|p2a: Weezer|Protect|p2a: Weezer\n|-singleturn|p2a: Weezer|Protect\n|move|p1a: \u70c8\u817f\u8757\u4fa0|First Impression|p2b: Sr.Drip\n|-supereffective|p2b: Sr.Drip\n|-damage|p2b: Sr.Drip|0 fnt\n|faint|p2b: Sr.Drip\n|-damage|p1a: \u70c8\u817f\u8757\u4fa0|91\/100|[from] item: Life Orb\n|move|p1b: \u7535\u5149\u8f68\u9053\u70ae|Bug Buzz|p2a: Weezer\n|-activate|p2a: Weezer|move: Protect\n|\n|upkeep\n|\n|t:|1696394398\n|switch|p2b: Flutter Mane|Flutter Mane|100\/100\n|-enditem|p2b: Flutter Mane|Booster Energy\n|-activate|p2b: Flutter Mane|ability: Protosynthesis|[fromitem]\n|-start|p2b: Flutter Mane|protosynthesisspe\n|turn|11\n|\n|t:|1696394413\n|move|p1b: \u7535\u5149\u8f68\u9053\u70ae|Volt Switch|p2a: Weezer\n|-damage|p2a: Weezer|0 fnt\n|faint|p2a: Weezer\n|-end|p2a: Weezer|ability: Neutralizing Gas\n|-damage|p1b: \u7535\u5149\u8f68\u9053\u70ae|38\/100|[from] item: Life Orb\n|\n|t:|1696394427\n|switch|p1b: \u7f8e\u68a6\u8001\u5988|Cresselia, F|100\/100|[from] Volt Switch\n|move|p1a: \u70c8\u817f\u8757\u4fa0|Knock Off|p2b: Flutter Mane\n|-damage|p2b: Flutter Mane|31\/100\n|-damage|p1a: \u70c8\u817f\u8757\u4fa0|81\/100|[from] item: Life Orb\n|move|p2b: Flutter Mane|Thunder Wave|p1a: \u70c8\u817f\u8757\u4fa0\n|-status|p1a: \u70c8\u817f\u8757\u4fa0|par\n|\n|upkeep\n|\n|t:|1696394436\n|switch|p2a: sus?|Amoonguss, F, shiny|78\/100\n|turn|12\n|\n|t:|1696394450\n|move|p2b: Flutter Mane|Protect|p2b: Flutter Mane\n|-singleturn|p2b: Flutter Mane|Protect\n|move|p1a: \u70c8\u817f\u8757\u4fa0|Sucker Punch||[still]\n|-fail|p1a: \u70c8\u817f\u8757\u4fa0\n|move|p1b: \u7f8e\u68a6\u8001\u5988|Lunar Dance|p1b: \u7f8e\u68a6\u8001\u5988\n|faint|p1b: \u7f8e\u68a6\u8001\u5988\n|move|p2a: sus?|Stun Spore|p1a: \u70c8\u817f\u8757\u4fa0|[miss]\n|-miss|p2a: sus?|p1a: \u70c8\u817f\u8757\u4fa0\n|\n|-fieldend|move: Trick Room\n|upkeep\n|\n|t:|1696394462\n|switch|p1b: \u7535\u5149\u8f68\u9053\u70ae|Vikavolt, M|38\/100\n|-heal|p1b: \u7535\u5149\u8f68\u9053\u70ae|100\/100|[from] move: Lunar Dance\n|turn|13\n|\n|t:|1696394481\n|switch|p1a: Scizor|Scizor, M|100\/100\n|move|p2b: Flutter Mane|Taunt|p1a: Scizor\n|-start|p1a: Scizor|move: Taunt\n|move|p2a: sus?|Stun Spore|p1b: \u7535\u5149\u8f68\u9053\u70ae\n|-immune|p1b: \u7535\u5149\u8f68\u9053\u70ae\n|move|p1b: \u7535\u5149\u8f68\u9053\u70ae|Discharge|p2b: Flutter Mane|[spread] p1a,p2a,p2b\n|-resisted|p2a: sus?\n|-damage|p1a: Scizor|44\/100\n|-damage|p2a: sus?|51\/100\n|-damage|p2b: Flutter Mane|0 fnt\n|faint|p2b: Flutter Mane\n|-end|p2b: Flutter Mane|Protosynthesis|[silent]\n|-damage|p1b: \u7535\u5149\u8f68\u9053\u70ae|91\/100|[from] item: Life Orb\n|\n|upkeep\n|turn|14\n|\n|t:|1696394497\n|move|p2a: sus?|Stun Spore|p1a: Scizor\n|-status|p1a: Scizor|par\n|move|p1a: Scizor|U-turn|p2a: sus?\n|-crit|p2a: sus?\n|-damage|p2a: sus?|0 fnt\n|faint|p2a: sus?\n|\n|win|KingGodzila\n|raw|KingGodzila's rating: 1166 &rarr; <strong>1180<\/strong><br \/>(+14 for winning)\n|raw|dr vee's rating: 1000 &rarr; <strong>1000<\/strong><br \/>(+0 for losing)\n|l|\u2606dr vee\n","uploadtime":1696394695,"views":10,"p1id":"kinggodzila","p2id":"drvee","formatid":"gen9nationaldexdoubles","rating":1000,"private":0,"password":""}