{"id":"gen9nationaldexdoubles-1991441058","p1":"Maxer59","p2":"bigbroj","format":"[Gen 9] National Dex Doubles","log":"|j|\u2606Maxer59\n|j|\u2606bigbroj\n|t:|1700077348\n|gametype|doubles\n|player|p1|Maxer59|lucas|1077\n|player|p2|bigbroj|cynthia|1214\n|teamsize|p1|6\n|teamsize|p2|6\n|gen|9\n|tier|[Gen 9] National Dex Doubles\n|rated|\n|rule|HP Percentage Mod: HP is shown in percentages\n|rule|Endless Battle Clause: Forcing endless battles is banned\n|rule|OHKO Clause: OHKO moves are banned\n|rule|Evasion Moves Clause: Evasion moves are banned\n|rule|Evasion Abilities Clause: Evasion abilities are banned\n|rule|Species Clause: Limit one of each Pok\u00e9mon\n|rule|Gravity Sleep Clause: The combination of sleep-inducing moves with imperfect accuracy and Gravity or Gigantamax Orbeetle are banned\n|clearpoke\n|poke|p1|Kleavor, M|\n|poke|p1|Pelipper, M|\n|poke|p1|Floatzel, M|\n|poke|p1|Amoonguss, F|\n|poke|p1|Gyarados, M|\n|poke|p1|Volcanion|\n|poke|p2|Amoonguss, F|\n|poke|p2|Armarouge, F|\n|poke|p2|Indeedee-F, F|\n|poke|p2|Torkoal, M|\n|poke|p2|Sinistcha-Masterpiece|\n|poke|p2|Lurantis, F|\n|teampreview\n|inactive|Battle timer is ON: inactive players will automatically lose when time's up. (requested by bigbroj)\n|inactive|Maxer59 also wants the timer to be on.\n|\n|t:|1700077357\n|start\n|switch|p1a: Gyarados|Gyarados, M|100\/100\n|switch|p1b: Kleavor|Kleavor, M|100\/100\n|switch|p2a: Indeedee|Indeedee-F, F|100\/100\n|switch|p2b: Sinistcha|Sinistcha-Masterpiece|100\/100\n|-fieldstart|move: Psychic Terrain|[from] ability: Psychic Surge|[of] p2a: Indeedee\n|-ability|p1a: Gyarados|Intimidate|boost\n|-unboost|p2a: Indeedee|atk|1\n|-unboost|p2b: Sinistcha|atk|1\n|turn|1\n|\n|t:|1700077374\n|move|p2a: Indeedee|Follow Me|p2a: Indeedee\n|-singleturn|p2a: Indeedee|move: Follow Me\n|move|p1b: Kleavor|Stone Axe|p2a: Indeedee\n|-damage|p2a: Indeedee|47\/100\n|-sidestart|p2: bigbroj|move: Stealth Rock\n|move|p1a: Gyarados|Waterfall|p2a: Indeedee\n|-damage|p2a: Indeedee|8\/100\n|move|p2b: Sinistcha|Trick Room|p2b: Sinistcha\n|-fieldstart|move: Trick Room|[of] p2b: Sinistcha\n|\n|upkeep\n|turn|2\n|\n|t:|1700077395\n|move|p1a: Gyarados|Ice Fang|p2b: Sinistcha\n|-supereffective|p2b: Sinistcha\n|-crit|p2b: Sinistcha\n|-damage|p2b: Sinistcha|21\/100\n|-enditem|p2b: Sinistcha|Sitrus Berry|[eat]\n|-heal|p2b: Sinistcha|46\/100|[from] item: Sitrus Berry\n|move|p2a: Indeedee|Expanding Force|p1a: Gyarados|[spread] p1a,p1b\n|-damage|p1a: Gyarados|81\/100\n|-damage|p1b: Kleavor|58\/100\n|cant|p2b: Sinistcha|flinch\n|move|p1b: Kleavor|Trailblaze|p2a: Indeedee\n|-damage|p2a: Indeedee|0 fnt\n|-boost|p1b: Kleavor|spe|1\n|faint|p2a: Indeedee\n|\n|upkeep\n|\n|t:|1700077412\n|switch|p2a: Amoonguss|Amoonguss, F|100\/100\n|-damage|p2a: Amoonguss|88\/100|[from] Stealth Rock\n|turn|3\n|\n|t:|1700077426\n|move|p2a: Amoonguss|Spore|p1a: Gyarados\n|-status|p1a: Gyarados|slp|[from] move: Spore\n|cant|p1a: Gyarados|slp\n|move|p2b: Sinistcha|Matcha Gotcha|p1a: Gyarados|[spread] p1a,p1b\n|-damage|p1a: Gyarados|65\/100 slp\n|-heal|p2b: Sinistcha|54\/100|[from] drain|[of] p1a: Gyarados\n|-damage|p1b: Kleavor|27\/100\n|-heal|p2b: Sinistcha|68\/100|[from] drain|[of] p1b: Kleavor\n|-status|p1b: Kleavor|brn\n|move|p1b: Kleavor|Fury Cutter|p2b: Sinistcha\n|-damage|p2b: Sinistcha|50\/100\n|\n|-damage|p1b: Kleavor|21\/100 brn|[from] brn\n|upkeep\n|turn|4\n|\n|t:|1700077437\n|move|p2a: Amoonguss|Pollen Puff|p2b: Sinistcha\n|-heal|p2b: Sinistcha|100\/100\n|-curestatus|p1a: Gyarados|slp|[msg]\n|move|p1a: Gyarados|Waterfall|p2b: Sinistcha\n|-resisted|p2b: Sinistcha\n|-damage|p2b: Sinistcha|77\/100\n|move|p2b: Sinistcha|Matcha Gotcha|p1a: Gyarados|[spread] p1a,p1b\n|-damage|p1a: Gyarados|50\/100\n|-heal|p2b: Sinistcha|85\/100|[from] drain|[of] p1a: Gyarados\n|-damage|p1b: Kleavor|0 fnt\n|-heal|p2b: Sinistcha|94\/100|[from] drain|[of] p1b: Kleavor\n|faint|p1b: Kleavor\n|\n|upkeep\n|\n|t:|1700077445\n|switch|p1b: Pelipper|Pelipper, M|100\/100\n|-weather|RainDance|[from] ability: Drizzle|[of] p1b: Pelipper\n|turn|5\n|\n|t:|1700077458\n|switch|p2b: Torkoal|Torkoal, M|100\/100\n|-damage|p2b: Torkoal|76\/100|[from] Stealth Rock\n|-weather|SunnyDay|[from] ability: Drought|[of] p2b: Torkoal\n|move|p2a: Amoonguss|Spore|p1b: Pelipper\n|-status|p1b: Pelipper|slp|[from] move: Spore\n|cant|p1b: Pelipper|slp\n|move|p1a: Gyarados|Ice Fang|p2b: Torkoal\n|-resisted|p2b: Torkoal\n|-damage|p2b: Torkoal|67\/100\n|\n|-weather|SunnyDay|[upkeep]\n|-fieldend|move: Trick Room\n|-fieldend|move: Psychic Terrain\n|upkeep\n|turn|6\n|\n|t:|1700077471\n|switch|p1b: Amoonguss|Amoonguss, F|100\/100\n|move|p1a: Gyarados|Ice Fang|p2a: Amoonguss\n|-supereffective|p2a: Amoonguss\n|-crit|p2a: Amoonguss\n|-damage|p2a: Amoonguss|5\/100\n|-enditem|p2a: Amoonguss|Sitrus Berry|[eat]\n|-heal|p2a: Amoonguss|30\/100|[from] item: Sitrus Berry\n|move|p2a: Amoonguss|Spore|p1a: Gyarados\n|-status|p1a: Gyarados|slp|[from] move: Spore\n|move|p2b: Torkoal|Solar Beam||[still]\n|-prepare|p2b: Torkoal|Solar Beam\n|-anim|p2b: Torkoal|Solar Beam|p1a: Gyarados\n|-damage|p1a: Gyarados|33\/100 slp\n|\n|-weather|SunnyDay|[upkeep]\n|upkeep\n|turn|7\n|\n|t:|1700077484\n|switch|p1b: Pelipper|Pelipper, M|100\/100 slp\n|-weather|RainDance|[from] ability: Drizzle|[of] p1b: Pelipper\n|move|p2a: Amoonguss|Rage Powder|p2a: Amoonguss\n|-singleturn|p2a: Amoonguss|move: Rage Powder\n|cant|p1a: Gyarados|slp\n|move|p2b: Torkoal|Heat Wave|p1b: Pelipper|[spread] p1a,p1b\n|-resisted|p1a: Gyarados\n|-resisted|p1b: Pelipper\n|-damage|p1a: Gyarados|29\/100 slp\n|-damage|p1b: Pelipper|89\/100 slp\n|\n|-weather|RainDance|[upkeep]\n|upkeep\n|turn|8\n|\n|t:|1700077505\n|switch|p2b: Sinistcha|Sinistcha-Masterpiece|94\/100\n|-damage|p2b: Sinistcha|82\/100|[from] Stealth Rock\n|-heal|p2a: Amoonguss|54\/100|[from] ability: Hospitality|[of] p2b: Sinistcha\n|move|p2a: Amoonguss|Rage Powder|p2a: Amoonguss\n|-singleturn|p2a: Amoonguss|move: Rage Powder\n|-curestatus|p1a: Gyarados|slp|[msg]\n|move|p1a: Gyarados|Ice Fang|p2a: Amoonguss\n|-supereffective|p2a: Amoonguss\n|-damage|p2a: Amoonguss|6\/100\n|-curestatus|p1b: Pelipper|slp|[msg]\n|move|p1b: Pelipper|Tailwind|p1b: Pelipper\n|-sidestart|p1: Maxer59|move: Tailwind\n|\n|-weather|RainDance|[upkeep]\n|upkeep\n|turn|9\n|\n|t:|1700077527\n|move|p1a: Gyarados|Ice Fang|p2a: Amoonguss\n|-supereffective|p2a: Amoonguss\n|-damage|p2a: Amoonguss|0 fnt\n|faint|p2a: Amoonguss\n|move|p1b: Pelipper|Hurricane|p2b: Sinistcha\n|-supereffective|p2b: Sinistcha\n|-damage|p2b: Sinistcha|0 fnt\n|faint|p2b: Sinistcha\n|\n|-weather|RainDance|[upkeep]\n|upkeep\n|\n|t:|1700077533\n|switch|p2b: Armarouge|Armarouge, F|100\/100\n|switch|p2a: Torkoal|Torkoal, M|67\/100\n|-damage|p2b: Armarouge|76\/100|[from] Stealth Rock\n|-damage|p2a: Torkoal|42\/100|[from] Stealth Rock\n|-weather|SunnyDay|[from] ability: Drought|[of] p2a: Torkoal\n|turn|10\n|\n|t:|1700077545\n|switch|p2a: Lurantis|Lurantis, F|100\/100\n|move|p1a: Gyarados|Earthquake|p2a: Lurantis|[spread] p2a,p2b\n|-immune|p1b: Pelipper\n|-resisted|p2a: Lurantis\n|-supereffective|p2b: Armarouge\n|-damage|p2a: Lurantis|86\/100\n|-damage|p2b: Armarouge|25\/100\n|move|p1b: Pelipper|Rain Dance|p1b: Pelipper\n|-weather|RainDance\n|move|p2b: Armarouge|Trick Room|p2b: Armarouge\n|-fieldstart|move: Trick Room|[of] p2b: Armarouge\n|\n|-weather|RainDance|[upkeep]\n|upkeep\n|turn|11\n|\n|t:|1700077562\n|switch|p2b: Torkoal|Torkoal, M|42\/100\n|-damage|p2b: Torkoal|17\/100|[from] Stealth Rock\n|-weather|SunnyDay|[from] ability: Drought|[of] p2b: Torkoal\n|move|p2a: Lurantis|Superpower|p1b: Pelipper\n|-resisted|p1b: Pelipper\n|-damage|p1b: Pelipper|67\/100\n|-boost|p2a: Lurantis|atk|1\n|-boost|p2a: Lurantis|def|1\n|move|p1b: Pelipper|Hurricane|p2a: Lurantis\n|-supereffective|p2a: Lurantis\n|-damage|p2a: Lurantis|0 fnt\n|faint|p2a: Lurantis\n|move|p1a: Gyarados|Earthquake|p2b: Torkoal|[spread] p2b\n|-immune|p1b: Pelipper\n|-supereffective|p2b: Torkoal\n|-damage|p2b: Torkoal|0 fnt\n|faint|p2b: Torkoal\n|\n|-weather|SunnyDay|[upkeep]\n|-sideend|p1: Maxer59|move: Tailwind\n|upkeep\n|-message|bigbroj forfeited.\n|\n|win|Maxer59\n|raw|Maxer59's rating: 1077 &rarr; <strong>1116<\/strong><br \/>(+39 for winning)\n|raw|bigbroj's rating: 1214 &rarr; <strong>1180<\/strong><br \/>(-34 for losing)\n|l|\u2606bigbroj\n","uploadtime":1700077587,"views":18,"p1id":"maxer59","p2id":"bigbroj","formatid":"gen9nationaldexdoubles","rating":1116,"private":0,"password":""}