{"id":"gen9nationaldexdoubles-1950638201","p1":"pokemontomp","p2":"Gambriwis","format":"[Gen 9] National Dex Doubles","log":"|j|\u2606pokemontomp\n|j|\u2606Gambriwis\n|t:|1695492151\n|gametype|doubles\n|player|p1|pokemontomp|ghetsis|1212\n|player|p2|Gambriwis|unknownf|1052\n|teamsize|p1|6\n|teamsize|p2|6\n|gen|9\n|tier|[Gen 9] National Dex Doubles\n|rated|\n|rule|HP Percentage Mod: HP is shown in percentages\n|rule|Endless Battle Clause: Forcing endless battles is banned\n|rule|OHKO Clause: OHKO moves are banned\n|rule|Evasion Moves Clause: Evasion moves are banned\n|rule|Evasion Abilities Clause: Evasion abilities are banned\n|rule|Species Clause: Limit one of each Pok\u00e9mon\n|rule|Gravity Sleep Clause: The combination of sleep-inducing moves with imperfect accuracy and Gravity or Gigantamax Orbeetle are banned\n|clearpoke\n|poke|p1|Ting-Lu|\n|poke|p1|Aegislash, M|\n|poke|p1|Amoonguss, F|\n|poke|p1|Ogerpon-Hearthflame, F|\n|poke|p1|Diancie|\n|poke|p1|Hoopa-Unbound|\n|poke|p2|Incineroar, F|\n|poke|p2|Grimmsnarl, M|\n|poke|p2|Gothitelle, F|\n|poke|p2|Flutter Mane|\n|poke|p2|Gengar, M|\n|poke|p2|Gliscor, M|\n|teampreview\n|\n|t:|1695492163\n|start\n|switch|p1a: Hoopa|Hoopa-Unbound|100\/100\n|switch|p1b: Diancie|Diancie|100\/100\n|switch|p2a: Incineroar|Incineroar, F|100\/100\n|switch|p2b: Grimmsnarl|Grimmsnarl, M|100\/100\n|-ability|p2a: Incineroar|Intimidate|boost\n|-unboost|p1a: Hoopa|atk|1\n|-fail|p1b: Diancie|unboost|[from] ability: Clear Body|[of] p1b: Diancie\n|turn|1\n|\n|t:|1695492194\n|detailschange|p1b: Diancie|Diancie-Mega\n|-mega|p1b: Diancie|Diancie|Diancite\n|move|p2a: Incineroar|Fake Out|p1b: Diancie\n|-resisted|p1b: Diancie\n|-damage|p1b: Diancie|91\/100\n|move|p2b: Grimmsnarl|Light Screen|p2b: Grimmsnarl\n|-sidestart|p2: Gambriwis|move: Light Screen\n|cant|p1b: Diancie|flinch\n|-zpower|p1a: Hoopa\n|move|p1a: Hoopa|Black Hole Eclipse|p2b: Grimmsnarl|[zeffect]\n|-resisted|p2b: Grimmsnarl\n|-damage|p2b: Grimmsnarl|88\/100\n|\n|upkeep\n|turn|2\n|\n|t:|1695492222\n|move|p2b: Grimmsnarl|Reflect|p2b: Grimmsnarl\n|-sidestart|p2: Gambriwis|Reflect\n|move|p1b: Diancie|Diamond Storm|p2a: Incineroar|[spread] p2a,p2b\n|-supereffective|p2a: Incineroar\n|-damage|p2a: Incineroar|55\/100\n|-damage|p2b: Grimmsnarl|56\/100\n|-boost|p1b: Diancie|def|2\n|move|p1a: Hoopa|Nasty Plot|p1a: Hoopa\n|-boost|p1a: Hoopa|spa|2\n|move|p2a: Incineroar|Parting Shot|p1a: Hoopa\n|-unboost|p1a: Hoopa|atk|1\n|-unboost|p1a: Hoopa|spa|1\n|\n|t:|1695492242\n|switch|p2a: Flutter Mane|Flutter Mane|100\/100|[from] Parting Shot\n|\n|upkeep\n|turn|3\n|\n|t:|1695492262\n|move|p2a: Flutter Mane|Perish Song|p2a: Flutter Mane\n|-start|p1a: Hoopa|perish3|[silent]\n|-start|p1b: Diancie|perish3|[silent]\n|-start|p2a: Flutter Mane|perish3|[silent]\n|-start|p2b: Grimmsnarl|perish3|[silent]\n|-fieldactivate|move: Perish Song\n|move|p1b: Diancie|Diamond Storm|p2a: Flutter Mane|[spread] p2a,p2b\n|-damage|p2a: Flutter Mane|40\/100\n|-damage|p2b: Grimmsnarl|25\/100\n|move|p1a: Hoopa|Psychic|p2a: Flutter Mane\n|-damage|p2a: Flutter Mane|0 fnt\n|faint|p2a: Flutter Mane\n|-end|p2a: Flutter Mane|Protosynthesis|[silent]\n|move|p2b: Grimmsnarl|Spirit Break|p1a: Hoopa\n|-supereffective|p1a: Hoopa\n|-crit|p1a: Hoopa\n|-damage|p1a: Hoopa|0 fnt\n|faint|p1a: Hoopa\n|\n|-start|p1b: Diancie|perish3\n|-start|p2b: Grimmsnarl|perish3\n|upkeep\n|\n|t:|1695492277\n|switch|p2a: Banshee|Gothitelle, F|100\/100\n|switch|p1a: bad|Aegislash, M, shiny|100\/100\n|-item|p1a: bad|Air Balloon\n|turn|4\n|\n|t:|1695492296\n|move|p2a: Banshee|Protect|p2a: Banshee\n|-singleturn|p2a: Banshee|Protect\n|move|p1a: bad|King's Shield|p1a: bad\n|-singleturn|p1a: bad|Protect\n|move|p1b: Diancie|Diamond Storm|p2a: Banshee|[spread] p2b\n|-activate|p2a: Banshee|move: Protect\n|-damage|p2b: Grimmsnarl|0 fnt\n|faint|p2b: Grimmsnarl\n|\n|-start|p1b: Diancie|perish2\n|upkeep\n|\n|t:|1695492312\n|switch|p2b: Incineroar|Incineroar, F|55\/100\n|-ability|p2b: Incineroar|Intimidate|boost\n|-unboost|p1a: bad|atk|1\n|-unboost|p1b: Diancie|atk|1\n|turn|5\n|\n|t:|1695492337\n|-terastallize|p1a: bad|Fighting\n|move|p2b: Incineroar|Fake Out|p1b: Diancie\n|-resisted|p1b: Diancie\n|-damage|p1b: Diancie|86\/100\n|cant|p1b: Diancie|flinch\n|move|p2a: Banshee|Calm Mind|p2a: Banshee\n|-boost|p2a: Banshee|spa|1\n|-boost|p2a: Banshee|spd|1\n|move|p1a: bad|Autotomize|p1a: bad\n|-boost|p1a: bad|spe|2\n|-start|p1a: bad|Autotomize\n|\n|-start|p1b: Diancie|perish1\n|upkeep\n|turn|6\n|\n|t:|1695492361\n|move|p2a: Banshee|Protect|p2a: Banshee\n|-singleturn|p2a: Banshee|Protect\n|move|p1b: Diancie|Diamond Storm|p2a: Banshee|[spread] p2b\n|-activate|p2a: Banshee|move: Protect\n|-supereffective|p2b: Incineroar\n|-damage|p2b: Incineroar|23\/100\n|-enditem|p2b: Incineroar|Aguav Berry|[eat]\n|-heal|p2b: Incineroar|57\/100|[from] item: Aguav Berry\n|-formechange|p1a: bad|Aegislash-Blade||[from] ability: Stance Change\n|move|p1a: bad|Shadow Ball|p2b: Incineroar\n|-resisted|p2b: Incineroar\n|-damage|p2b: Incineroar|41\/100\n|move|p2b: Incineroar|Parting Shot|p1a: bad\n|-unboost|p1a: bad|atk|1\n|-unboost|p1a: bad|spa|1\n|\n|t:|1695492376\n|switch|p2b: Gliscor|Gliscor, M|100\/100|[from] Parting Shot\n|\n|-start|p1b: Diancie|perish0\n|faint|p1b: Diancie\n|-status|p2b: Gliscor|tox|[from] item: Toxic Orb\n|upkeep\n|\n|t:|1695492388\n|switch|p1b: Amoonguss|Amoonguss, F, shiny|100\/100\n|turn|7\n|\n|t:|1695492415\n|move|p1b: Amoonguss|Rage Powder|p1b: Amoonguss\n|-singleturn|p1b: Amoonguss|move: Rage Powder\n|move|p2b: Gliscor|Facade|p1b: Amoonguss\n|-damage|p1b: Amoonguss|56\/100\n|move|p1a: bad|Shadow Ball|p2b: Gliscor\n|-damage|p2b: Gliscor|70\/100 tox\n|move|p2a: Banshee|Stored Power|p1b: Amoonguss\n|-supereffective|p1b: Amoonguss\n|-damage|p1b: Amoonguss|16\/100\n|\n|-heal|p1b: Amoonguss|22\/100|[from] item: Leftovers\n|-heal|p2b: Gliscor|82\/100 tox|[from] ability: Poison Heal\n|upkeep\n|turn|8\n|\n|t:|1695492439\n|move|p2b: Gliscor|Knock Off|p1a: bad\n|-resisted|p1a: bad\n|-damage|p1a: bad|74\/100\n|-enditem|p1a: bad|Air Balloon\n|move|p1a: bad|Steel Beam|p2b: Gliscor\n|-damage|p2b: Gliscor|29\/100 tox\n|-damage|p1a: bad|24\/100|[from] steelbeam\n|move|p2a: Banshee|Stored Power|p1b: Amoonguss\n|-supereffective|p1b: Amoonguss\n|-damage|p1b: Amoonguss|0 fnt\n|faint|p1b: Amoonguss\n|\n|-heal|p2b: Gliscor|41\/100 tox|[from] ability: Poison Heal\n|-sideend|p2: Gambriwis|move: Light Screen\n|upkeep\n|\n|t:|1695492457\n|switch|p1b: Ogerpon|Ogerpon-Hearthflame, F|100\/100\n|-ability|p1b: Ogerpon|Mold Breaker\n|turn|9\n|\n|t:|1695492473\n|move|p1b: Ogerpon|Spiky Shield|p1b: Ogerpon\n|-singleturn|p1b: Ogerpon|move: Protect\n|move|p2a: Banshee|Protect|p2a: Banshee\n|-singleturn|p2a: Banshee|Protect\n|move|p2b: Gliscor|Earthquake|p1b: Ogerpon|[spread] p1a\n|-activate|p2a: Banshee|move: Protect\n|-activate|p1b: Ogerpon|move: Protect\n|-damage|p1a: bad|0 fnt\n|faint|p1a: bad\n|\n|-heal|p2b: Gliscor|53\/100 tox|[from] ability: Poison Heal\n|-sideend|p2: Gambriwis|Reflect\n|upkeep\n|\n|t:|1695492486\n|switch|p1a: moose|Ting-Lu|100\/100\n|-ability|p1a: moose|Vessel of Ruin\n|turn|10\n|\n|t:|1695492503\n|move|p2b: Gliscor|Protect|p2b: Gliscor\n|-singleturn|p2b: Gliscor|Protect\n|move|p1b: Ogerpon|Wood Hammer|p2b: Gliscor\n|-activate|p2b: Gliscor|move: Protect\n|move|p2a: Banshee|Stored Power|p1b: Ogerpon\n|-damage|p1b: Ogerpon|75\/100\n|move|p1a: moose|Whirlwind|p2a: Banshee\n|drag|p2a: Gengar|Gengar, M|100\/100\n|\n|-heal|p2b: Gliscor|66\/100 tox|[from] ability: Poison Heal\n|upkeep\n|turn|11\n|\n|t:|1695492535\n|move|p1b: Ogerpon|Spiky Shield|p1b: Ogerpon\n|-singleturn|p1b: Ogerpon|move: Protect\n|move|p2a: Gengar|Perish Song|p2a: Gengar\n|-start|p1a: moose|perish3|[silent]\n|-start|p1b: Ogerpon|perish3|[silent]\n|-start|p2a: Gengar|perish3|[silent]\n|-start|p2b: Gliscor|perish3|[silent]\n|-fieldactivate|move: Perish Song\n|move|p2b: Gliscor|Knock Off|p1a: moose\n|-resisted|p1a: moose\n|-damage|p1a: moose|94\/100\n|-enditem|p1a: moose|Leftovers|[from] move: Knock Off|[of] p2b: Gliscor\n|move|p1a: moose|Earthquake|p2b: Gliscor|[spread] p2a\n|-activate|p1b: Ogerpon|move: Protect\n|-immune|p2b: Gliscor\n|-supereffective|p2a: Gengar\n|-damage|p2a: Gengar|8\/100\n|-start|p1a: moose|Disable|Earthquake|[from] ability: Cursed Body|[of] p2a: Gengar\n|\n|-heal|p2b: Gliscor|78\/100 tox|[from] ability: Poison Heal\n|-start|p2a: Gengar|perish3\n|-start|p1b: Ogerpon|perish3\n|-start|p2b: Gliscor|perish3\n|-start|p1a: moose|perish3\n|upkeep\n|turn|12\n|\n|t:|1695492571\n|move|p2a: Gengar|Protect|p2a: Gengar\n|-singleturn|p2a: Gengar|Protect\n|move|p1b: Ogerpon|Wood Hammer|p2a: Gengar\n|-activate|p2a: Gengar|move: Protect\n|move|p2b: Gliscor|Earthquake|p1b: Ogerpon|[spread] p1a,p1b\n|-activate|p2a: Gengar|move: Protect\n|-damage|p1a: moose|81\/100\n|-damage|p1b: Ogerpon|33\/100\n|move|p1a: moose|Ruination|p2b: Gliscor\n|-damage|p2b: Gliscor|39\/100 tox\n|\n|-heal|p2b: Gliscor|52\/100 tox|[from] ability: Poison Heal\n|-start|p2a: Gengar|perish2\n|-start|p1b: Ogerpon|perish2\n|-start|p2b: Gliscor|perish2\n|-start|p1a: moose|perish2\n|upkeep\n|turn|13\n|\n|t:|1695492597\n|move|p2b: Gliscor|Protect|p2b: Gliscor\n|-singleturn|p2b: Gliscor|Protect\n|move|p2a: Gengar|Destiny Bond|p2a: Gengar\n|-singlemove|p2a: Gengar|Destiny Bond\n|move|p1b: Ogerpon|Ivy Cudgel|p2b: Gliscor\n|-activate|p2b: Gliscor|move: Protect\n|move|p1a: moose|Stealth Rock|p2a: Gengar\n|-sidestart|p2: Gambriwis|move: Stealth Rock\n|\n|-heal|p2b: Gliscor|64\/100 tox|[from] ability: Poison Heal\n|-start|p2a: Gengar|perish1\n|-start|p1b: Ogerpon|perish1\n|-start|p2b: Gliscor|perish1\n|-start|p1a: moose|perish1\n|upkeep\n|turn|14\n|-message|pokemontomp forfeited.\n|\n|win|Gambriwis\n|raw|pokemontomp's rating: 1212 &rarr; <strong>1176<\/strong><br \/>(-36 for losing)\n|raw|Gambriwis's rating: 1052 &rarr; <strong>1098<\/strong><br \/>(+46 for winning)\n|l|\u2606pokemontomp\n|c|\u2606Gambriwis|GG, WP\n","uploadtime":1695492617,"views":9,"p1id":"pokemontomp","p2id":"gambriwis","formatid":"gen9nationaldexdoubles","rating":1098,"private":0,"password":""}