{"id":"gen9nationaldexdoubles-1968527467","p1":"Epilepsy Espeon","p2":"Theadonia","format":"[Gen 9] National Dex Doubles","log":"|j|\u2606Epilepsy Espeon\n|j|\u2606Theadonia\n|t:|1697428720\n|gametype|doubles\n|player|p1|Epilepsy Espeon|psychic-gen4|1107\n|player|p2|Theadonia|caitlin|1100\n|teamsize|p1|6\n|teamsize|p2|6\n|gen|9\n|tier|[Gen 9] National Dex Doubles\n|rated|\n|rule|HP Percentage Mod: HP is shown in percentages\n|rule|Endless Battle Clause: Forcing endless battles is banned\n|rule|OHKO Clause: OHKO moves are banned\n|rule|Evasion Moves Clause: Evasion moves are banned\n|rule|Evasion Abilities Clause: Evasion abilities are banned\n|rule|Species Clause: Limit one of each Pok\u00e9mon\n|rule|Gravity Sleep Clause: The combination of sleep-inducing moves with imperfect accuracy and Gravity or Gigantamax Orbeetle are banned\n|clearpoke\n|poke|p1|Drifblim, M|\n|poke|p1|Shiftry, M|\n|poke|p1|Golem-Alola, M|\n|poke|p1|Weezing-Galar, M|\n|poke|p1|Glalie, M|\n|poke|p1|Rabsca, M|\n|poke|p2|Delphox, F|\n|poke|p2|Oricorio-Sensu, F|\n|poke|p2|Kommo-o, M|\n|poke|p2|Wailord, M|\n|poke|p2|Cresselia, F|\n|poke|p2|Ribombee, F|\n|teampreview\n|inactive|Battle timer is ON: inactive players will automatically lose when time's up. (requested by Epilepsy Espeon)\n|\n|t:|1697428729\n|start\n|switch|p1a: Air Raid|Drifblim, M|100\/100\n|switch|p1b: Kamikaze|Shiftry, M|100\/100\n|switch|p2a: Oricorio|Oricorio-Sensu, F, shiny|100\/100\n|switch|p2b: Ribombee|Ribombee, F|100\/100\n|turn|1\n|\n|t:|1697428744\n|move|p2b: Ribombee|Quiver Dance|p2b: Ribombee\n|-boost|p2b: Ribombee|spa|1\n|-boost|p2b: Ribombee|spd|1\n|-boost|p2b: Ribombee|spe|1\n|-activate|p2a: Oricorio|ability: Dancer\n|move|p2a: Oricorio|Quiver Dance|p2a: Oricorio|[from]ability: Dancer\n|-boost|p2a: Oricorio|spa|1\n|-boost|p2a: Oricorio|spd|1\n|-boost|p2a: Oricorio|spe|1\n|move|p2a: Oricorio|Substitute|p2a: Oricorio\n|-start|p2a: Oricorio|Substitute\n|-damage|p2a: Oricorio|75\/100\n|move|p1a: Air Raid|Tailwind|p1a: Air Raid\n|-sidestart|p1: Epilepsy Espeon|move: Tailwind\n|-ability|p1b: Kamikaze|Wind Rider|boost\n|-boost|p1b: Kamikaze|atk|1\n|move|p1b: Kamikaze|Swords Dance|p1b: Kamikaze\n|-boost|p1b: Kamikaze|atk|2\n|-activate|p2a: Oricorio|ability: Dancer\n|move|p2a: Oricorio|Swords Dance|p2a: Oricorio|[from]ability: Dancer\n|-boost|p2a: Oricorio|atk|2\n|\n|upkeep\n|turn|2\n|\n|t:|1697428770\n|move|p1b: Kamikaze|Sucker Punch|p2a: Oricorio\n|-supereffective|p2a: Oricorio\n|-end|p2a: Oricorio|Substitute\n|move|p1a: Air Raid|Phantom Force||[still]\n|-prepare|p1a: Air Raid|Phantom Force\n|move|p2b: Ribombee|Quiver Dance|p2b: Ribombee\n|-boost|p2b: Ribombee|spa|1\n|-boost|p2b: Ribombee|spd|1\n|-boost|p2b: Ribombee|spe|1\n|-activate|p2a: Oricorio|ability: Dancer\n|move|p2a: Oricorio|Quiver Dance|p2a: Oricorio|[from]ability: Dancer\n|-boost|p2a: Oricorio|spa|1\n|-boost|p2a: Oricorio|spd|1\n|-boost|p2a: Oricorio|spe|1\n|move|p2a: Oricorio|Revelation Dance|p1a: Air Raid|[miss]\n|-miss|p2a: Oricorio|p1a: Air Raid\n|\n|upkeep\n|turn|3\n|\n|t:|1697428787\n|move|p1b: Kamikaze|Sucker Punch||[still]\n|-fail|p1b: Kamikaze\n|move|p2b: Ribombee|Quiver Dance|p2b: Ribombee\n|-boost|p2b: Ribombee|spa|1\n|-boost|p2b: Ribombee|spd|1\n|-boost|p2b: Ribombee|spe|1\n|-activate|p2a: Oricorio|ability: Dancer\n|move|p2a: Oricorio|Quiver Dance|p2a: Oricorio|[from]ability: Dancer\n|-boost|p2a: Oricorio|spa|1\n|-boost|p2a: Oricorio|spd|1\n|-boost|p2a: Oricorio|spe|1\n|move|p1a: Air Raid|Phantom Force|p2a: Oricorio|[from]lockedmove\n|-supereffective|p2a: Oricorio\n|-damage|p2a: Oricorio|17\/100\n|-enditem|p2a: Oricorio|Aguav Berry|[eat]\n|-heal|p2a: Oricorio|50\/100|[from] item: Aguav Berry\n|move|p2a: Oricorio|Substitute|p2a: Oricorio\n|-start|p2a: Oricorio|Substitute\n|-damage|p2a: Oricorio|25\/100\n|\n|upkeep\n|turn|4\n|\n|t:|1697428815\n|move|p1b: Kamikaze|Sucker Punch||[still]\n|-fail|p1b: Kamikaze\n|move|p2b: Ribombee|Quiver Dance|p2b: Ribombee\n|-boost|p2b: Ribombee|spa|1\n|-boost|p2b: Ribombee|spd|1\n|-boost|p2b: Ribombee|spe|1\n|-activate|p2a: Oricorio|ability: Dancer\n|move|p2a: Oricorio|Quiver Dance|p2a: Oricorio|[from]ability: Dancer\n|-boost|p2a: Oricorio|spa|1\n|-boost|p2a: Oricorio|spd|1\n|-boost|p2a: Oricorio|spe|1\n|move|p2a: Oricorio|Baton Pass|p2a: Oricorio\n|inactive|Theadonia has 120 seconds left.\n|\n|t:|1697428827\n|switch|p2a: Wailord|Wailord, M, shiny|100\/100|[from] Baton Pass\n|-ability|p2a: Wailord|Pressure\n|move|p1a: Air Raid|Phantom Force||[still]\n|-prepare|p1a: Air Raid|Phantom Force\n|\n|-sideend|p1: Epilepsy Espeon|move: Tailwind\n|upkeep\n|turn|5\n|\n|t:|1697428841\n|move|p2b: Ribombee|Speed Swap|p2a: Wailord\n|-activate|p2b: Ribombee|move: Speed Swap|[of] p2a: Wailord\n|move|p2a: Wailord|Water Spout|p1a: Air Raid|[spread] p1b\n|-miss|p2a: Wailord|p1a: Air Raid\n|-resisted|p1b: Kamikaze\n|-enditem|p1b: Kamikaze|Focus Sash\n|-damage|p1b: Kamikaze|1\/100\n|move|p1a: Air Raid|Phantom Force|p2a: Wailord|[from]lockedmove\n|-end|p2a: Wailord|Substitute\n|move|p1b: Kamikaze|Swords Dance|p1b: Kamikaze\n|-boost|p1b: Kamikaze|atk|2\n|\n|upkeep\n|turn|6\n|\n|t:|1697428856\n|move|p1a: Air Raid|Helping Hand|p1b: Kamikaze\n|-singleturn|p1b: Kamikaze|Helping Hand|[of] p1a: Air Raid\n|move|p1b: Kamikaze|Sucker Punch||[still]\n|-fail|p1b: Kamikaze\n|move|p2a: Wailord|Rest|p2a: Wailord\n|-fail|p2a: Wailord|heal\n|move|p2b: Ribombee|Dazzling Gleam|p1a: Air Raid|[spread] p1a,p1b\n|-supereffective|p1b: Kamikaze\n|-crit|p1b: Kamikaze\n|-enditem|p1a: Air Raid|Focus Sash\n|-damage|p1a: Air Raid|1\/100\n|-damage|p1b: Kamikaze|0 fnt\n|faint|p1b: Kamikaze\n|\n|upkeep\n|\n|t:|1697428874\n|switch|p1b: Electrical Bomb|Golem-Alola, M|100\/100\n|turn|7\n|\n|t:|1697428881\n|-terastallize|p1b: Electrical Bomb|Electric\n|move|p2a: Wailord|Water Spout|p1a: Air Raid|[spread] p1a,p1b\n|-damage|p1a: Air Raid|0 fnt\n|-damage|p1b: Electrical Bomb|0 fnt\n|faint|p1a: Air Raid\n|faint|p1b: Electrical Bomb\n|move|p2b: Ribombee|Dazzling Gleam|p1: Air Raid|[notarget]\n|-fail|p2b: Ribombee\n|\n|upkeep\n|\n|t:|1697428890\n|switch|p1a: Smoke Bomb|Weezing-Galar, M|100\/100\n|switch|p1b: Bomb Factory|Rabsca, M|100\/100\n|-fieldstart|move: Misty Terrain|[from] ability: Misty Surge|[of] p1a: Smoke Bomb\n|turn|8\n|\n|t:|1697428897\n|move|p1b: Bomb Factory|Protect|p1b: Bomb Factory\n|-singleturn|p1b: Bomb Factory|Protect\n|move|p2a: Wailord|Water Spout|p1a: Smoke Bomb|[spread] p1a\n|-activate|p1b: Bomb Factory|move: Protect\n|-damage|p1a: Smoke Bomb|0 fnt\n|faint|p1a: Smoke Bomb\n|move|p2b: Ribombee|Dazzling Gleam|p1b: Bomb Factory\n|-activate|p1b: Bomb Factory|move: Protect\n|\n|upkeep\n|\n|t:|1697428907\n|switch|p1a: Ice Bomb|Glalie, M|100\/100\n|turn|9\n|\n|t:|1697428914\n|detailschange|p1a: Ice Bomb|Glalie-Mega, M\n|-mega|p1a: Ice Bomb|Glalie|Glalitite\n|move|p2a: Wailord|Water Spout|p1a: Ice Bomb|[spread] p1a,p1b\n|-damage|p1a: Ice Bomb|0 fnt\n|-damage|p1b: Bomb Factory|0 fnt\n|faint|p1a: Ice Bomb\n|faint|p1b: Bomb Factory\n|\n|win|Theadonia\n|raw|Epilepsy Espeon's rating: 1107 &rarr; <strong>1081<\/strong><br \/>(-26 for losing)\n|raw|Theadonia's rating: 1100 &rarr; <strong>1126<\/strong><br \/>(+26 for winning)\n|l|\u2606Epilepsy Espeon\n","uploadtime":1697428922,"views":5,"p1id":"epilepsyespeon","p2id":"theadonia","formatid":"gen9nationaldexdoubles","rating":1081,"private":0,"password":""}