{"id":"gen9nationaldexdoubles-1973685671","p1":"VampPhantom","p2":"RowletTheAnimator","format":"[Gen 9] National Dex Doubles","log":"|j|\u2606VampPhantom\n|j|\u2606RowletTheAnimator\n|t:|1698003261\n|gametype|doubles\n|player|p1|VampPhantom|n|\n|player|p2|RowletTheAnimator|emmet|\n|teamsize|p1|6\n|teamsize|p2|6\n|gen|9\n|tier|[Gen 9] National Dex Doubles\n|rule|HP Percentage Mod: HP is shown in percentages\n|rule|Endless Battle Clause: Forcing endless battles is banned\n|rule|OHKO Clause: OHKO moves are banned\n|rule|Evasion Moves Clause: Evasion moves are banned\n|rule|Evasion Abilities Clause: Evasion abilities are banned\n|rule|Species Clause: Limit one of each Pok\u00e9mon\n|rule|Gravity Sleep Clause: The combination of sleep-inducing moves with imperfect accuracy and Gravity or Gigantamax Orbeetle are banned\n|clearpoke\n|poke|p1|Falinks|\n|poke|p1|Chandelure, F|\n|poke|p1|Volcarona, F|\n|poke|p1|Maushold-Four|\n|poke|p1|Ogerpon-Cornerstone, F|\n|poke|p1|Gastrodon-East, M|\n|poke|p2|Tinkaton, F|\n|poke|p2|Typhlosion-Hisui, M|\n|poke|p2|Chi-Yu|\n|poke|p2|Flutter Mane|\n|poke|p2|Ogerpon-Cornerstone, F|\n|poke|p2|Lapras, M|\n|teampreview\n|\n|t:|1698003291\n|start\n|switch|p1a: 9\/11|Maushold-Four|100\/100\n|switch|p1b: VolcanoGod|Volcarona, F|100\/100\n|switch|p2a: Smash.|Tinkaton, F|100\/100\n|switch|p2b: Lapras|Lapras, M|100\/100\n|-ability|p2a: Smash.|Mold Breaker\n|turn|1\n|\n|t:|1698003396\n|-terastallize|p1b: VolcanoGod|Steel\n|move|p2a: Smash.|Gigaton Hammer|p1a: 9\/11\n|-damage|p1a: 9\/11|0 fnt\n|faint|p1a: 9\/11\n|-damage|p2a: Smash.|91\/100|[from] item: Life Orb\n|move|p1b: VolcanoGod|Fiery Dance|p2a: Smash.\n|-supereffective|p2a: Smash.\n|-damage|p2a: Smash.|3\/100\n|-boost|p1b: VolcanoGod|spa|1\n|move|p2b: Lapras|Ice Beam|p1b: VolcanoGod\n|-resisted|p1b: VolcanoGod\n|-damage|p1b: VolcanoGod|79\/100\n|\n|upkeep\n|\n|t:|1698003412\n|switch|p1a: grrrr faka|Ogerpon-Cornerstone, F|100\/100\n|turn|2\n|\n|t:|1698003420\n|move|p1a: grrrr faka|Swords Dance|p1a: grrrr faka\n|-boost|p1a: grrrr faka|atk|2\n|move|p2a: Smash.|Play Rough|p1b: VolcanoGod\n|-resisted|p1b: VolcanoGod\n|-damage|p1b: VolcanoGod|50\/100\n|-damage|p2a: Smash.|0 fnt|[from] item: Life Orb\n|faint|p2a: Smash.\n|move|p1b: VolcanoGod|Quiver Dance|p1b: VolcanoGod\n|-boost|p1b: VolcanoGod|spa|1\n|-boost|p1b: VolcanoGod|spd|1\n|-boost|p1b: VolcanoGod|spe|1\n|move|p2b: Lapras|Surf|p1b: VolcanoGod|[spread] p1a,p1b\n|-damage|p1a: grrrr faka|67\/100\n|-damage|p1b: VolcanoGod|30\/100\n|\n|upkeep\n|\n|t:|1698003429\n|switch|p2a: Typhlosion|Typhlosion-Hisui, M|100\/100\n|turn|3\n|\n|t:|1698003444\n|move|p1b: VolcanoGod|Quiver Dance|p1b: VolcanoGod\n|-boost|p1b: VolcanoGod|spa|1\n|-boost|p1b: VolcanoGod|spd|1\n|-boost|p1b: VolcanoGod|spe|1\n|move|p1a: grrrr faka|Ivy Cudgel|p2a: Typhlosion\n|-supereffective|p2a: Typhlosion\n|-damage|p2a: Typhlosion|0 fnt\n|faint|p2a: Typhlosion\n|move|p2b: Lapras|Surf|p1b: VolcanoGod|[spread] p1a,p1b\n|-damage|p1a: grrrr faka|36\/100\n|-damage|p1b: VolcanoGod|15\/100\n|-enditem|p1b: VolcanoGod|Figy Berry|[eat]\n|-heal|p1b: VolcanoGod|48\/100|[from] item: Figy Berry\n|\n|upkeep\n|\n|t:|1698003452\n|switch|p2a: Nemo|Chi-Yu|100\/100\n|-ability|p2a: Nemo|Beads of Ruin\n|turn|4\n|c|\u2606VampPhantom|hm\n|\n|t:|1698003483\n|move|p1b: VolcanoGod|Bug Buzz|p2a: Nemo\n|-damage|p2a: Nemo|0 fnt\n|faint|p2a: Nemo\n|move|p1a: grrrr faka|Play Rough|p2b: Lapras\n|-damage|p2b: Lapras|28\/100\n|move|p2b: Lapras|Ice Beam|p1a: grrrr faka\n|-supereffective|p1a: grrrr faka\n|-damage|p1a: grrrr faka|0 fnt\n|faint|p1a: grrrr faka\n|\n|upkeep\n|\n|t:|1698003495\n|switch|p2a: Moon|Flutter Mane|100\/100\n|switch|p1a: Gastrodon|Gastrodon-East, M, shiny|100\/100\n|-enditem|p2a: Moon|Booster Energy\n|-activate|p2a: Moon|ability: Protosynthesis|[fromitem]\n|-start|p2a: Moon|protosynthesisspe\n|turn|5\n|\n|t:|1698003517\n|move|p2a: Moon|Moonblast|p1b: VolcanoGod\n|-resisted|p1b: VolcanoGod\n|-damage|p1b: VolcanoGod|34\/100\n|move|p1b: VolcanoGod|Fiery Dance|p2a: Moon\n|-damage|p2a: Moon|0 fnt\n|faint|p2a: Moon\n|-end|p2a: Moon|Protosynthesis|[silent]\n|move|p2b: Lapras|Ice Beam|p1a: Gastrodon\n|-damage|p1a: Gastrodon|65\/100\n|-status|p1a: Gastrodon|frz\n|cant|p1a: Gastrodon|frz\n|\n|upkeep\n|\n|t:|1698003522\n|switch|p2a: grrrr faka|Ogerpon-Cornerstone, F|100\/100\n|turn|6\n|\n|t:|1698003545\n|switch|p1a: SPARTANNNN|Falinks|100\/100\n|-terastallize|p2a: grrrr faka|Rock\n|detailschange|p2a: grrrr faka|Ogerpon-Cornerstone-Tera, F, tera:Rock\n|-ability|p2a: grrrr faka|Embody Aspect (Cornerstone)|boost\n|-boost|p2a: grrrr faka|def|1\n|move|p1b: VolcanoGod|Bug Buzz|p2a: grrrr faka\n|-damage|p2a: grrrr faka|0 fnt\n|faint|p2a: grrrr faka\n|move|p2b: Lapras|Dragon Dance|p2b: Lapras\n|-boost|p2b: Lapras|atk|1\n|-boost|p2b: Lapras|spe|1\n|\n|upkeep\n|turn|7\n|\n|t:|1698003563\n|move|p1b: VolcanoGod|Bug Buzz|p2b: Lapras\n|-damage|p2b: Lapras|0 fnt\n|faint|p2b: Lapras\n|\n|win|VampPhantom\n|l|\u2606RowletTheAnimator\n","uploadtime":1698003584,"views":7,"p1id":"vampphantom","p2id":"rowlettheanimator","formatid":"gen9nationaldexdoubles","rating":0,"private":0,"password":""}