{"id":"gen9nationaldexdoubles-1958672513","p1":"Bradeni","p2":"BugSME","format":"[Gen 9] National Dex Doubles","log":"|j|\u2606Bradeni\n|j|\u2606BugSME\n|t:|1696349491\n|gametype|doubles\n|player|p1|Bradeni|dawn|\n|player|p2|BugSME|bugcatcher-gen4dp|\n|teamsize|p1|6\n|teamsize|p2|6\n|gen|9\n|tier|[Gen 9] National Dex Doubles\n|rule|HP Percentage Mod: HP is shown in percentages\n|rule|Endless Battle Clause: Forcing endless battles is banned\n|rule|OHKO Clause: OHKO moves are banned\n|rule|Evasion Moves Clause: Evasion moves are banned\n|rule|Evasion Abilities Clause: Evasion abilities are banned\n|rule|Species Clause: Limit one of each Pok\u00e9mon\n|rule|Gravity Sleep Clause: The combination of sleep-inducing moves with imperfect accuracy and Gravity or Gigantamax Orbeetle are banned\n|clearpoke\n|poke|p1|Seismitoad, F|\n|poke|p1|Spiritomb, F|\n|poke|p1|Togekiss, F|\n|poke|p1|Goodra-Hisui, M|\n|poke|p1|Cloyster, M|\n|poke|p1|Gardevoir, M|\n|poke|p2|Volcarona, M|\n|poke|p2|Dragapult, F|\n|poke|p2|Tentacruel, F|\n|poke|p2|Aggron, F|\n|poke|p2|Arcanine-Hisui, M|\n|poke|p2|Gyarados, M|\n|teampreview\n|\n|t:|1696349502\n|start\n|switch|p1a: Brrrrr|Seismitoad, F|100\/100\n|switch|p1b: Cloyster|Cloyster, M, shiny|100\/100\n|switch|p2a: Volcarona|Volcarona, M|100\/100\n|switch|p2b: Tentacruel|Tentacruel, F|100\/100\n|turn|1\n|\n|t:|1696349564\n|switch|p1b: MyExes|Spiritomb, F, shiny|100\/100\n|-item|p1b: MyExes|Air Balloon\n|move|p2b: Tentacruel|Sludge Bomb|p1b: MyExes\n|-resisted|p1b: MyExes\n|-damage|p1b: MyExes|82\/100\n|-status|p1b: MyExes|psn\n|-enditem|p1b: MyExes|Air Balloon\n|move|p2a: Volcarona|Quiver Dance|p2a: Volcarona\n|-boost|p2a: Volcarona|spa|1\n|-boost|p2a: Volcarona|spd|1\n|-boost|p2a: Volcarona|spe|1\n|move|p1a: Brrrrr|Stealth Rock|p2a: Volcarona\n|-sidestart|p2: BugSME|move: Stealth Rock\n|\n|-damage|p1b: MyExes|70\/100 psn|[from] psn\n|upkeep\n|turn|2\n|\n|t:|1696349597\n|move|p2a: Volcarona|Quiver Dance|p2a: Volcarona\n|-boost|p2a: Volcarona|spa|1\n|-boost|p2a: Volcarona|spd|1\n|-boost|p2a: Volcarona|spe|1\n|move|p2b: Tentacruel|Rapid Spin|p1a: Brrrrr\n|-damage|p1a: Brrrrr|94\/100\n|-boost|p2b: Tentacruel|spe|1\n|-sideend|p2: BugSME|Stealth Rock|[from] move: Rapid Spin|[of] p2b: Tentacruel\n|move|p1a: Brrrrr|Toxic|p2a: Volcarona\n|-status|p2a: Volcarona|tox\n|move|p1b: MyExes|Rest|p1b: MyExes\n|-status|p1b: MyExes|slp|[from] move: Rest\n|-heal|p1b: MyExes|100\/100 slp|[silent]\n|\n|-heal|p1a: Brrrrr|99\/100|[from] item: Leftovers\n|-damage|p2a: Volcarona|94\/100 tox|[from] psn\n|upkeep\n|turn|3\n|\n|t:|1696349654\n|move|p2a: Volcarona|Flamethrower|p1b: MyExes\n|-damage|p1b: MyExes|20\/100 slp\n|move|p2b: Tentacruel|Knock Off|p1a: Brrrrr\n|-damage|p1a: Brrrrr|87\/100\n|-enditem|p1a: Brrrrr|Leftovers|[from] move: Knock Off|[of] p2b: Tentacruel\n|move|p1a: Brrrrr|Knock Off|p2b: Tentacruel\n|-damage|p2b: Tentacruel|62\/100\n|-enditem|p2b: Tentacruel|Black Sludge|[from] move: Knock Off|[of] p1a: Brrrrr\n|cant|p1b: MyExes|slp\n|move|p1b: MyExes|Sleep Talk|p1b: MyExes\n|move|p1b: MyExes|Dark Pulse|p2a: Volcarona|[from]move: Sleep Talk\n|-damage|p2a: Volcarona|82\/100 tox\n|\n|-damage|p2a: Volcarona|70\/100 tox|[from] psn\n|upkeep\n|turn|4\n|\n|t:|1696349676\n|switch|p1b: LastResort|Togekiss, F, shiny|100\/100\n|move|p2a: Volcarona|Flamethrower|p1b: LastResort\n|-damage|p1b: LastResort|37\/100\n|move|p2b: Tentacruel|Knock Off|p1a: Brrrrr\n|-damage|p1a: Brrrrr|79\/100\n|move|p1a: Brrrrr|Earthquake|p2b: Tentacruel|[spread] p2a,p2b\n|-immune|p1b: LastResort\n|-supereffective|p2b: Tentacruel\n|-damage|p2a: Volcarona|48\/100 tox\n|-damage|p2b: Tentacruel|0 fnt\n|faint|p2b: Tentacruel\n|\n|-damage|p2a: Volcarona|30\/100 tox|[from] psn\n|upkeep\n|\n|t:|1696349692\n|switch|p2b: Aggron|Aggron, F|100\/100\n|turn|5\n|\n|t:|1696349716\n|move|p2a: Volcarona|Psychic|p1a: Brrrrr\n|-damage|p1a: Brrrrr|20\/100\n|move|p1b: LastResort|Metronome|p1b: LastResort\n|move|p1b: LastResort|Avalanche|p2a: Volcarona|[from]move: Metronome\n|-resisted|p2a: Volcarona\n|-damage|p2a: Volcarona|27\/100 tox\n|move|p1a: Brrrrr|Earthquake|p2b: Aggron|[spread] p2a,p2b\n|-immune|p1b: LastResort\n|-supereffective|p2b: Aggron\n|-damage|p2a: Volcarona|4\/100 tox\n|-damage|p2b: Aggron|47\/100\n|move|p2b: Aggron|Dragon Claw|p1a: Brrrrr\n|-damage|p1a: Brrrrr|2\/100\n|\n|-damage|p2a: Volcarona|0 fnt|[from] psn\n|faint|p2a: Volcarona\n|upkeep\n|\n|t:|1696349732\n|switch|p2a: Gyarados|Gyarados, M|100\/100\n|-ability|p2a: Gyarados|Intimidate|boost\n|-unboost|p1a: Brrrrr|atk|1\n|-unboost|p1b: LastResort|atk|1\n|turn|6\n|\n|t:|1696349741\n|move|p1b: LastResort|Metronome|p1b: LastResort\n|move|p1b: LastResort|Waterfall|p2a: Gyarados|[from]move: Metronome\n|-resisted|p2a: Gyarados\n|-damage|p2a: Gyarados|97\/100\n|cant|p2a: Gyarados|flinch\n|move|p1a: Brrrrr|Earthquake|p2a: Gyarados|[spread] p2b\n|-immune|p1b: LastResort\n|-immune|p2a: Gyarados\n|-supereffective|p2b: Aggron\n|-damage|p2b: Aggron|8\/100\n|move|p2b: Aggron|Earthquake|p1b: LastResort|[spread] p1a\n|-immune|p2a: Gyarados\n|-immune|p1b: LastResort\n|-damage|p1a: Brrrrr|0 fnt\n|faint|p1a: Brrrrr\n|\n|-heal|p2a: Gyarados|100\/100|[from] item: Leftovers\n|upkeep\n|\n|t:|1696349774\n|switch|p1a: Cloyster|Cloyster, M, shiny|100\/100\n|turn|7\n|\n|t:|1696349791\n|move|p1b: LastResort|Metronome|p1b: LastResort\n|move|p1b: LastResort|Worry Seed|p2b: Aggron|[from]move: Metronome\n|-endability|p2b: Aggron|Sturdy|[from] move: Worry Seed\n|-ability|p2b: Aggron|Insomnia|[from] move: Worry Seed\n|move|p2a: Gyarados|Power Whip|p1a: Cloyster\n|-supereffective|p1a: Cloyster\n|-damage|p1a: Cloyster|28\/100\n|move|p1a: Cloyster|Shell Smash|p1a: Cloyster\n|-unboost|p1a: Cloyster|def|1\n|-unboost|p1a: Cloyster|spd|1\n|-boost|p1a: Cloyster|atk|2\n|-boost|p1a: Cloyster|spa|2\n|-boost|p1a: Cloyster|spe|2\n|-enditem|p1a: Cloyster|White Herb\n|-clearnegativeboost|p1a: Cloyster|[silent]\n|move|p2b: Aggron|Heavy Slam|p1b: LastResort\n|-supereffective|p1b: LastResort\n|-damage|p1b: LastResort|0 fnt\n|faint|p1b: LastResort\n|\n|upkeep\n|\n|t:|1696349809\n|switch|p1b: Mother Dearest|Gardevoir, M, shiny|100\/100\n|-ability|p1b: Mother Dearest|Insomnia|[from] ability: Trace|[of] p2b: Aggron\n|turn|8\n|\n|t:|1696349836\n|move|p1a: Cloyster|Icicle Spear|p2a: Gyarados\n|-damage|p2a: Gyarados|71\/100\n|-damage|p2a: Gyarados|40\/100\n|-damage|p2a: Gyarados|10\/100\n|-damage|p2a: Gyarados|0 fnt\n|faint|p2a: Gyarados\n|-hitcount|p2: Gyarados|4\n|move|p1b: Mother Dearest|Moonblast|p2b: Aggron\n|-resisted|p2b: Aggron\n|-damage|p2b: Aggron|0 fnt\n|faint|p2b: Aggron\n|\n|upkeep\n|\n|t:|1696349847\n|switch|p2a: Dragapult|Dragapult, F|100\/100\n|switch|p2b: Arcanine|Arcanine-Hisui, M|100\/100\n|turn|9\n|\n|t:|1696349881\n|move|p1a: Cloyster|Icicle Spear|p2a: Dragapult\n|-supereffective|p2a: Dragapult\n|-damage|p2a: Dragapult|37\/100\n|-supereffective|p2a: Dragapult\n|-damage|p2a: Dragapult|0 fnt\n|faint|p2a: Dragapult\n|-hitcount|p2: Dragapult|2\n|move|p2b: Arcanine|Flare Blitz|p1b: Mother Dearest\n|-crit|p1b: Mother Dearest\n|-damage|p1b: Mother Dearest|0 fnt\n|faint|p1b: Mother Dearest\n|\n|upkeep\n|\n|t:|1696349890\n|switch|p1b: MyExes|Spiritomb, F, shiny|20\/100 slp\n|turn|10\n|\n|t:|1696349924\n|move|p1a: Cloyster|Icicle Spear|p2b: Arcanine\n|-resisted|p2b: Arcanine\n|-damage|p2b: Arcanine|86\/100\n|-resisted|p2b: Arcanine\n|-damage|p2b: Arcanine|73\/100\n|-resisted|p2b: Arcanine\n|-damage|p2b: Arcanine|60\/100\n|-resisted|p2b: Arcanine\n|-damage|p2b: Arcanine|46\/100\n|-resisted|p2b: Arcanine\n|-crit|p2b: Arcanine\n|-damage|p2b: Arcanine|26\/100\n|-hitcount|p2b: Arcanine|5\n|move|p2b: Arcanine|Flare Blitz|p1b: MyExes\n|-damage|p1b: MyExes|0 fnt\n|faint|p1b: MyExes\n|\n|upkeep\n|\n|t:|1696349937\n|switch|p1b: Goodra|Goodra-Hisui, M, shiny|100\/100\n|turn|11\n|\n|t:|1696349945\n|move|p1a: Cloyster|Icicle Spear|p2b: Arcanine\n|-resisted|p2b: Arcanine\n|-damage|p2b: Arcanine|13\/100\n|-resisted|p2b: Arcanine\n|-damage|p2b: Arcanine|0 fnt\n|faint|p2b: Arcanine\n|-hitcount|p2: Arcanine|2\n|\n|win|Bradeni\n|l|\u2606BugSME\n|l|\u2606Bradeni\n","uploadtime":1696350438,"views":6,"p1id":"bradeni","p2id":"bugsme","formatid":"gen9nationaldexdoubles","rating":0,"private":0,"password":""}