{"id":"gen9nationaldexdoubles-1997946466","p1":"InkyGoBoo!","p2":"iamjustanillusion","format":"[Gen 9] National Dex Doubles","log":"|j|\u2606InkyGoBoo!\n|j|\u2606iamjustanillusion\n|t:|1700870708\n|gametype|doubles\n|player|p1|InkyGoBoo!|nemona-s|\n|player|p2|iamjustanillusion|winona|\n|teamsize|p1|6\n|teamsize|p2|6\n|gen|9\n|tier|[Gen 9] National Dex Doubles\n|rule|HP Percentage Mod: HP is shown in percentages\n|rule|Endless Battle Clause: Forcing endless battles is banned\n|rule|OHKO Clause: OHKO moves are banned\n|rule|Evasion Moves Clause: Evasion moves are banned\n|rule|Evasion Abilities Clause: Evasion abilities are banned\n|rule|Species Clause: Limit one of each Pok\u00e9mon\n|rule|Gravity Sleep Clause: The combination of sleep-inducing moves with imperfect accuracy and Gravity or Gigantamax Orbeetle are banned\n|clearpoke\n|poke|p1|Tapu Koko|\n|poke|p1|Ampharos, F|\n|poke|p1|Raichu-Alola, F|\n|poke|p1|Iron Hands|\n|poke|p1|Iron Valiant|\n|poke|p1|Hawlucha, M|\n|poke|p2|Minior|\n|poke|p2|Flygon, F|\n|poke|p2|Gliscor, F|\n|poke|p2|Aerodactyl, F|\n|poke|p2|Latios, M|\n|poke|p2|Dragonite, F|\n|teampreview\n|c|\u2606iamjustanillusion|ello\n|c|\u2606iamjustanillusion|im sure you know this team\n|\n|t:|1700870724\n|start\n|switch|p1a: Guardian Of W's|Tapu Koko, shiny|100\/100\n|switch|p1b: ZAP!|Raichu-Alola, F, shiny|100\/100\n|switch|p2a: Aerodactyl|Aerodactyl, F|100\/100\n|switch|p2b: Minior|Minior|100\/100\n|-ability|p2a: Aerodactyl|Unnerve\n|-fieldstart|move: Electric Terrain|[from] ability: Electric Surge|[of] p1a: Guardian Of W's\n|-formechange|p2b: Minior|Minior-Meteor||[from] ability: Shields Down\n|turn|1\n|\n|t:|1700870741\n|detailschange|p2a: Aerodactyl|Aerodactyl-Mega, F\n|-mega|p2a: Aerodactyl|Aerodactyl|Aerodactylite\n|move|p1b: ZAP!|Surf|p2a: Aerodactyl|[spread] p1a,p2a,p2b\n|-supereffective|p2a: Aerodactyl\n|-supereffective|p2b: Minior\n|-damage|p1a: Guardian Of W's|71\/100\n|-damage|p2a: Aerodactyl|57\/100\n|-damage|p2b: Minior|45\/100\n|move|p2a: Aerodactyl|Earthquake|p1a: Guardian Of W's|[spread] p1a,p1b\n|-immune|p2b: Minior\n|-supereffective|p1a: Guardian Of W's\n|-crit|p1a: Guardian Of W's\n|-supereffective|p1b: ZAP!\n|-damage|p1a: Guardian Of W's|0 fnt\n|-damage|p1b: ZAP!|0 fnt\n|faint|p1a: Guardian Of W's\n|faint|p1b: ZAP!\n|move|p2b: Minior|Shell Smash|p2b: Minior\n|-unboost|p2b: Minior|def|1\n|-unboost|p2b: Minior|spd|1\n|-boost|p2b: Minior|atk|2\n|-boost|p2b: Minior|spa|2\n|-boost|p2b: Minior|spe|2\n|\n|-formechange|p2b: Minior|Minior||[from] ability: Shields Down\n|upkeep\n|\n|t:|1700870754\n|switch|p1a: Beeg Boi|Iron Hands, shiny|100\/100\n|switch|p1b: Hawlucha|Hawlucha, M, shiny|100\/100\n|-enditem|p1b: Hawlucha|Electric Seed\n|-boost|p1b: Hawlucha|def|1|[from] item: Electric Seed\n|-activate|p1a: Beeg Boi|ability: Quark Drive\n|-start|p1a: Beeg Boi|quarkdriveatk\n|turn|2\n|c|\u2606iamjustanillusion|welp\n|\n|t:|1700870799\n|-terastallize|p1a: Beeg Boi|Ice\n|move|p1a: Beeg Boi|Fake Out|p2b: Minior\n|-resisted|p2b: Minior\n|-damage|p2b: Minior|7\/100\n|cant|p2b: Minior|flinch\n|move|p1b: Hawlucha|Acrobatics|p2b: Minior\n|-resisted|p2b: Minior\n|-damage|p2b: Minior|0 fnt\n|faint|p2b: Minior\n|move|p2a: Aerodactyl|Rock Slide|p1a: Beeg Boi|[spread] p1a,p1b\n|-supereffective|p1a: Beeg Boi\n|-damage|p1a: Beeg Boi|62\/100\n|-damage|p1b: Hawlucha|70\/100\n|\n|-heal|p1a: Beeg Boi|68\/100|[from] item: Leftovers\n|upkeep\n|\n|t:|1700870814\n|switch|p2b: Gliscor|Gliscor, F|100\/100\n|turn|3\n|c|\u2606InkyGoBoo!|Not over till its over\n|c|\u2606iamjustanillusion|monke\n|\n|t:|1700870827\n|move|p1b: Hawlucha|Close Combat|p2a: Aerodactyl\n|-damage|p2a: Aerodactyl|0 fnt\n|-unboost|p1b: Hawlucha|def|1\n|-unboost|p1b: Hawlucha|spd|1\n|faint|p2a: Aerodactyl\n|move|p2b: Gliscor|Toxic|p1b: Hawlucha\n|-status|p1b: Hawlucha|tox\n|move|p1a: Beeg Boi|Ice Punch|p2b: Gliscor\n|-supereffective|p2b: Gliscor\n|-damage|p2b: Gliscor|0 fnt\n|faint|p2b: Gliscor\n|\n|-heal|p1a: Beeg Boi|74\/100|[from] item: Leftovers\n|-damage|p1b: Hawlucha|64\/100 tox|[from] psn\n|upkeep\n|\n|t:|1700870840\n|switch|p2a: Latios|Latios, M|100\/100\n|switch|p2b: Dragonite|Dragonite, F|100\/100\n|turn|4\n|\n|t:|1700870850\n|move|p1b: Hawlucha|Acrobatics|p2b: Dragonite\n|-damage|p2b: Dragonite|74\/100\n|move|p2a: Latios|Psychic|p1b: Hawlucha\n|-supereffective|p1b: Hawlucha\n|-damage|p1b: Hawlucha|0 fnt\n|faint|p1b: Hawlucha\n|move|p2b: Dragonite|Earthquake|p1a: Beeg Boi|[spread] p1a\n|-immune|p2a: Latios|[from] ability: Levitate\n|-crit|p1a: Beeg Boi\n|-damage|p1a: Beeg Boi|49\/100\n|move|p1a: Beeg Boi|Ice Punch|p2b: Dragonite\n|-supereffective|p2b: Dragonite\n|-damage|p2b: Dragonite|0 fnt\n|faint|p2b: Dragonite\n|\n|-heal|p1a: Beeg Boi|55\/100|[from] item: Leftovers\n|upkeep\n|c|\u2606iamjustanillusion|let me cook\n|\n|t:|1700870867\n|switch|p1b: Iron Valiant|Iron Valiant, shiny|100\/100\n|switch|p2b: Flygon|Flygon, F|100\/100\n|-activate|p1b: Iron Valiant|ability: Quark Drive\n|-start|p1b: Iron Valiant|quarkdrivespe\n|turn|5\n|\n|t:|1700870886\n|-end|p1a: Beeg Boi|Quark Drive|[silent]\n|switch|p1a: L'Or\u00e8al|Ampharos, F, shiny|100\/100\n|-terastallize|p2a: Latios|Water\n|move|p1b: Iron Valiant|Moonblast|p2b: Flygon\n|-supereffective|p2b: Flygon\n|-damage|p2b: Flygon|0 fnt\n|faint|p2b: Flygon\n|-damage|p1b: Iron Valiant|91\/100|[from] item: Life Orb\n|move|p2a: Latios|Psychic|p1b: Iron Valiant\n|-supereffective|p1b: Iron Valiant\n|-damage|p1b: Iron Valiant|0 fnt\n|faint|p1b: Iron Valiant\n|-end|p1b: Iron Valiant|Quark Drive|[silent]\n|\n|upkeep\n|\n|t:|1700870898\n|switch|p1b: Beeg Boi|Iron Hands, shiny, tera:Ice|55\/100\n|-activate|p1b: Beeg Boi|ability: Quark Drive\n|-start|p1b: Beeg Boi|quarkdriveatk\n|turn|6\n|\n|t:|1700870907\n|detailschange|p1a: L'Or\u00e8al|Ampharos-Mega, F, shiny\n|-mega|p1a: L'Or\u00e8al|Ampharos|Ampharosite\n|-ability|p1a: L'Or\u00e8al|Mold Breaker\n|move|p1b: Beeg Boi|Fake Out|p2a: Latios\n|-damage|p2a: Latios|71\/100\n|cant|p2a: Latios|flinch\n|move|p1a: L'Or\u00e8al|Thunderbolt|p2a: Latios\n|-supereffective|p2a: Latios\n|-damage|p2a: Latios|0 fnt\n|faint|p2a: Latios\n|\n|win|InkyGoBoo!\n|c|\u2606iamjustanillusion|owie\n|c|\u2606iamjustanillusion|:(\n|c|\u2606InkyGoBoo!|What was that about beating me up?~\n|c|\u2606iamjustanillusion|nothing :(\n|c|\u2606iamjustanillusion|:((((((((((((\n|c|\u2606InkyGoBoo!|Now say sorry!\n|c|\u2606iamjustanillusion|sorry\n|c|\u2606iamjustanillusion|inky\n|c|\u2606iamjustanillusion|:(\n|c|\u2606InkyGoBoo!|Thank you :3\n|c|\u2606iamjustanillusion|u watch dragon ball\n|c|\u2606InkyGoBoo!|No but Ive seen some clips!\n|c|\u2606iamjustanillusion|okie\n|c|\u2606iamjustanillusion|how u so good\n|c|\u2606InkyGoBoo!|Oh, I just got used to doubles really ^^\n|c|\u2606iamjustanillusion|damn it\n|c|\u2606iamjustanillusion|i should have used my vgc team\n|c|\u2606iamjustanillusion|how far gengar has fallen\n|l|\u2606iamjustanillusion\n","uploadtime":1700870933,"views":23,"p1id":"inkygoboo","p2id":"iamjustanillusion","formatid":"gen9nationaldexdoubles","rating":0,"private":0,"password":""}