{"id":"gen9nationaldexdoubles-1956707504","p1":"PuddLPud","p2":"SylfDream","format":"[Gen 9] National Dex Doubles","log":"|j|\u2606PuddLPud\n|j|\u2606SylfDream\n|t:|1696138491\n|gametype|doubles\n|player|p1|PuddLPud|harlequin|1103\n|player|p2|SylfDream|cogita|1275\n|teamsize|p1|6\n|teamsize|p2|6\n|gen|9\n|tier|[Gen 9] National Dex Doubles\n|rated|\n|rule|HP Percentage Mod: HP is shown in percentages\n|rule|Endless Battle Clause: Forcing endless battles is banned\n|rule|OHKO Clause: OHKO moves are banned\n|rule|Evasion Moves Clause: Evasion moves are banned\n|rule|Evasion Abilities Clause: Evasion abilities are banned\n|rule|Species Clause: Limit one of each Pok\u00e9mon\n|rule|Gravity Sleep Clause: The combination of sleep-inducing moves with imperfect accuracy and Gravity or Gigantamax Orbeetle are banned\n|clearpoke\n|poke|p1|Kommo-o, M|\n|poke|p1|Gardevoir, M|\n|poke|p1|Sinistcha-Masterpiece|\n|poke|p1|Ursaluna-Bloodmoon, M|\n|poke|p1|Aurorus, M|\n|poke|p1|Cresselia, F|\n|poke|p2|Regigigas|\n|poke|p2|Tornadus, M|\n|poke|p2|Incineroar, F|\n|poke|p2|Swampert, M|\n|poke|p2|Roserade, F|\n|poke|p2|Sirfetch\u2019d, M|\n|teampreview\n|inactive|Battle timer is ON: inactive players will automatically lose when time's up. (requested by SylfDream)\n|\n|t:|1696138502\n|start\n|switch|p1a: Gardevoir|Gardevoir, M|100\/100\n|switch|p1b: Aurorus|Aurorus, M|100\/100\n|switch|p2a: Regigigas|Regigigas|100\/100\n|switch|p2b: Sirfetch\u2019d|Sirfetch\u2019d, M|100\/100\n|-start|p2a: Regigigas|ability: Slow Start\n|-weather|Snow|[from] ability: Snow Warning|[of] p1b: Aurorus\n|turn|1\n|\n|t:|1696138520\n|switch|p1b: Cresselia|Cresselia, F|100\/100\n|move|p1a: Gardevoir|Snatch|p1a: Gardevoir\n|-singleturn|p1a: Gardevoir|Snatch\n|move|p2a: Regigigas|Protect|p2a: Regigigas\n|-singleturn|p2a: Regigigas|Protect\n|move|p2b: Sirfetch\u2019d|Simple Beam|p2a: Regigigas\n|-activate|p2a: Regigigas|move: Protect\n|\n|-weather|Snow|[upkeep]\n|upkeep\n|turn|2\n|inactive|PuddLPud has 120 seconds left.\n|\n|t:|1696138553\n|switch|p1a: Sinistcha|Sinistcha-Masterpiece, shiny|100\/100\n|move|p2b: Sirfetch\u2019d|Simple Beam|p2a: Regigigas\n|-end|p2a: Regigigas|Slow Start|[silent]\n|-endability|p2a: Regigigas|Slow Start|[from] move: Simple Beam\n|-ability|p2a: Regigigas|Simple|[from] move: Simple Beam\n|move|p2a: Regigigas|Rock Slide|p1b: Cresselia|[spread] p1a\n|-miss|p2a: Regigigas|p1b: Cresselia\n|-damage|p1a: Sinistcha|80\/100\n|move|p1b: Cresselia|Trick Room|p1b: Cresselia\n|-fieldstart|move: Trick Room|[of] p1b: Cresselia\n|\n|-weather|Snow|[upkeep]\n|upkeep\n|turn|3\n|\n|t:|1696138567\n|move|p1b: Cresselia|Calm Mind|p1b: Cresselia\n|-boost|p1b: Cresselia|spa|1\n|-boost|p1b: Cresselia|spd|1\n|move|p2b: Sirfetch\u2019d|Coaching|p2a: Regigigas\n|-boost|p2a: Regigigas|atk|2\n|-boost|p2a: Regigigas|def|2\n|move|p1a: Sinistcha|Matcha Gotcha|p2a: Regigigas|[spread] p2a,p2b\n|-damage|p2a: Regigigas|73\/100\n|-heal|p1a: Sinistcha|95\/100|[from] drain|[of] p2a: Regigigas\n|-damage|p2b: Sirfetch\u2019d|65\/100\n|-heal|p1a: Sinistcha|100\/100|[from] drain|[of] p2b: Sirfetch\u2019d\n|move|p2a: Regigigas|Substitute|p2a: Regigigas\n|-start|p2a: Regigigas|Substitute\n|-damage|p2a: Regigigas|48\/100\n|\n|-weather|Snow|[upkeep]\n|-heal|p2a: Regigigas|54\/100|[from] item: Leftovers\n|upkeep\n|turn|4\n|\n|t:|1696138593\n|move|p1b: Cresselia|Calm Mind|p1b: Cresselia\n|-boost|p1b: Cresselia|spa|1\n|-boost|p1b: Cresselia|spd|1\n|move|p2b: Sirfetch\u2019d|Coaching|p2a: Regigigas\n|-boost|p2a: Regigigas|atk|2\n|-boost|p2a: Regigigas|def|2\n|move|p1a: Sinistcha|Matcha Gotcha|p2b: Sirfetch\u2019d|[spread] \n|-miss|p1a: Sinistcha|p2a: Regigigas\n|-miss|p1a: Sinistcha|p2b: Sirfetch\u2019d\n|move|p2a: Regigigas|Rock Slide|p1a: Sinistcha|[spread] p1a,p1b\n|-damage|p1a: Sinistcha|38\/100\n|-damage|p1b: Cresselia|54\/100\n|-enditem|p1a: Sinistcha|Sitrus Berry|[eat]\n|-heal|p1a: Sinistcha|63\/100|[from] item: Sitrus Berry\n|\n|-weather|Snow|[upkeep]\n|-heal|p2a: Regigigas|60\/100|[from] item: Leftovers\n|upkeep\n|turn|5\n|\n|t:|1696138615\n|move|p1b: Cresselia|Stored Power|p2a: Regigigas\n|-end|p2a: Regigigas|Substitute\n|move|p2b: Sirfetch\u2019d|Coaching|p2a: Regigigas\n|-boost|p2a: Regigigas|atk|2\n|-boost|p2a: Regigigas|def|2\n|move|p1a: Sinistcha|Strength Sap|p2a: Regigigas\n|-unboost|p2a: Regigigas|atk|2\n|-heal|p1a: Sinistcha|100\/100\n|move|p2a: Regigigas|Rock Slide|p1b: Cresselia|[spread] p1a,p1b\n|-damage|p1a: Sinistcha|33\/100\n|-damage|p1b: Cresselia|7\/100\n|\n|-weather|none\n|-heal|p2a: Regigigas|66\/100|[from] item: Leftovers\n|upkeep\n|turn|6\n|\n|t:|1696138636\n|move|p2b: Sirfetch\u2019d|Detect|p2b: Sirfetch\u2019d\n|-singleturn|p2b: Sirfetch\u2019d|Protect\n|move|p2a: Regigigas|Protect|p2a: Regigigas\n|-singleturn|p2a: Regigigas|Protect\n|move|p1b: Cresselia|Stored Power|p2b: Sirfetch\u2019d\n|-activate|p2b: Sirfetch\u2019d|move: Protect\n|move|p1a: Sinistcha|Strength Sap|p2a: Regigigas\n|-activate|p2a: Regigigas|move: Protect\n|\n|-heal|p2a: Regigigas|73\/100|[from] item: Leftovers\n|-fieldend|move: Trick Room\n|upkeep\n|turn|7\n|\n|t:|1696138650\n|move|p2a: Regigigas|Rock Slide|p1b: Cresselia|[spread] p1a,p1b\n|-damage|p1a: Sinistcha|0 fnt\n|-damage|p1b: Cresselia|0 fnt\n|faint|p1a: Sinistcha\n|faint|p1b: Cresselia\n|move|p2b: Sirfetch\u2019d|Coaching|p2a: Regigigas\n|-boost|p2a: Regigigas|atk|2\n|-boost|p2a: Regigigas|def|0\n|\n|-heal|p2a: Regigigas|79\/100|[from] item: Leftovers\n|upkeep\n|-message|PuddLPud forfeited.\n|\n|win|SylfDream\n|raw|PuddLPud's rating: 1124 &rarr; <strong>1109<\/strong><br \/>(-15 for losing)\n|raw|SylfDream's rating: 1275 &rarr; <strong>1290<\/strong><br \/>(+15 for winning)\n|l|\u2606PuddLPud\n","uploadtime":1696138662,"views":10,"p1id":"puddlpud","p2id":"sylfdream","formatid":"gen9nationaldexdoubles","rating":1109,"private":0,"password":""}