{"id":"gen9nationaldexdoubles-1952354801","p1":"Spookely","p2":"Mokaccino321","format":"[Gen 9] National Dex Doubles","log":"|j|\u2606Spookely\n|j|\u2606Mokaccino321\n|t:|1695676674\n|gametype|doubles\n|player|p1|Spookely|fisherman-gen4|\n|player|p2|Mokaccino321|170|\n|teamsize|p1|6\n|teamsize|p2|6\n|gen|9\n|tier|[Gen 9] National Dex Doubles\n|rule|HP Percentage Mod: HP is shown in percentages\n|rule|Endless Battle Clause: Forcing endless battles is banned\n|rule|OHKO Clause: OHKO moves are banned\n|rule|Evasion Moves Clause: Evasion moves are banned\n|rule|Evasion Abilities Clause: Evasion abilities are banned\n|rule|Species Clause: Limit one of each Pok\u00e9mon\n|rule|Gravity Sleep Clause: The combination of sleep-inducing moves with imperfect accuracy and Gravity or Gigantamax Orbeetle are banned\n|clearpoke\n|poke|p1|Oranguru, F|\n|poke|p1|Torkoal, F|\n|poke|p1|Camerupt, L99, M|\n|poke|p1|Tapu Lele|\n|poke|p1|Stakataka|\n|poke|p1|Ursaluna, M|\n|poke|p2|Nihilego|\n|poke|p2|Cradily, F|\n|poke|p2|Diancie|\n|poke|p2|Tyranitar, M|\n|poke|p2|Terrakion|\n|poke|p2|Arcanine-Hisui, F|\n|teampreview\n|\n|t:|1695676691\n|start\n|switch|p1a: Tapu Lele|Tapu Lele|100\/100\n|switch|p1b: Stakataka|Stakataka|100\/100\n|switch|p2a: Nihilego|Nihilego|100\/100\n|switch|p2b: Diancie|Diancie|100\/100\n|-fieldstart|move: Psychic Terrain|[from] ability: Psychic Surge|[of] p1a: Tapu Lele\n|-item|p1b: Stakataka|Air Balloon\n|turn|1\n|\n|t:|1695676718\n|move|p2b: Diancie|Protect|p2b: Diancie\n|-singleturn|p2b: Diancie|Protect\n|move|p1a: Tapu Lele|Ally Switch|p1a: Tapu Lele\n|swap|p1a: Tapu Lele|1|[from] move: Ally Switch\n|move|p2a: Nihilego|Meteor Beam||[still]\n|-prepare|p2a: Nihilego|Meteor Beam\n|-boost|p2a: Nihilego|spa|1\n|-enditem|p2a: Nihilego|Power Herb\n|-anim|p2a: Nihilego|Meteor Beam|p1a: Stakataka\n|-resisted|p1a: Stakataka\n|-damage|p1a: Stakataka|55\/100\n|-enditem|p1a: Stakataka|Air Balloon\n|move|p1a: Stakataka|Trick Room|p1a: Stakataka\n|-fieldstart|move: Trick Room|[of] p1a: Stakataka\n|\n|upkeep\n|turn|2\n|c|\u2606Mokaccino321|o\n|\n|t:|1695676746\n|switch|p2b: Tyranitar|Tyranitar, M|100\/100\n|-weather|Sandstorm|[from] ability: Sand Stream|[of] p2b: Tyranitar\n|switch|p2a: Cradily|Cradily, F|100\/100\n|move|p1a: Stakataka|Gyro Ball|p2b: Tyranitar\n|-supereffective|p2b: Tyranitar\n|-damage|p2b: Tyranitar|23\/100\n|move|p1b: Tapu Lele|Psyshock|p2a: Cradily\n|-damage|p2a: Cradily|48\/100\n|\n|-weather|Sandstorm|[upkeep]\n|-damage|p1b: Tapu Lele|94\/100|[from] Sandstorm\n|-heal|p2a: Cradily|54\/100|[from] item: Leftovers\n|upkeep\n|turn|3\n|\n|t:|1695676777\n|switch|p2b: Arcanine|Arcanine-Hisui, F|100\/100\n|-ability|p2b: Arcanine|Intimidate|boost\n|-unboost|p1a: Stakataka|atk|1\n|-unboost|p1b: Tapu Lele|atk|1\n|move|p1a: Stakataka|Gyro Ball|p2b: Arcanine\n|-damage|p2b: Arcanine|33\/100\n|move|p2a: Cradily|Seed Bomb|p1a: Stakataka\n|-damage|p1a: Stakataka|40\/100\n|move|p1b: Tapu Lele|Focus Blast|p2a: Cradily\n|-supereffective|p2a: Cradily\n|-damage|p2a: Cradily|19\/100\n|\n|-weather|Sandstorm|[upkeep]\n|-damage|p1b: Tapu Lele|88\/100|[from] Sandstorm\n|-heal|p2a: Cradily|25\/100|[from] item: Leftovers\n|upkeep\n|turn|4\n|\n|t:|1695676803\n|switch|p1b: Torkoal|Torkoal, F|100\/100\n|-weather|SunnyDay|[from] ability: Drought|[of] p1b: Torkoal\n|move|p1a: Stakataka|Gyro Ball|p2b: Arcanine\n|-damage|p2b: Arcanine|0 fnt\n|faint|p2b: Arcanine\n|-ability|p1a: Stakataka|Beast Boost|boost\n|-boost|p1a: Stakataka|atk|1\n|move|p2a: Cradily|Rock Slide|p1b: Torkoal|[spread] p1a,p1b\n|-resisted|p1a: Stakataka\n|-supereffective|p1b: Torkoal\n|-damage|p1a: Stakataka|35\/100\n|-damage|p1b: Torkoal|78\/100\n|\n|-weather|SunnyDay|[upkeep]\n|-heal|p2a: Cradily|31\/100|[from] item: Leftovers\n|upkeep\n|\n|t:|1695676826\n|switch|p2b: Terrakion|Terrakion|100\/100\n|turn|5\n|\n|t:|1695676839\n|move|p2a: Cradily|Protect|p2a: Cradily\n|-singleturn|p2a: Cradily|Protect\n|move|p1a: Stakataka|Gyro Ball|p2b: Terrakion\n|-supereffective|p2b: Terrakion\n|-damage|p2b: Terrakion|0 fnt\n|faint|p2b: Terrakion\n|-ability|p1a: Stakataka|Beast Boost|boost\n|-boost|p1a: Stakataka|atk|1\n|move|p1b: Torkoal|Eruption|p2a: Cradily\n|-activate|p2a: Cradily|move: Protect\n|\n|-weather|SunnyDay|[upkeep]\n|-heal|p2a: Cradily|37\/100|[from] item: Leftovers\n|-fieldend|move: Trick Room\n|upkeep\n|\n|t:|1695676854\n|switch|p2b: Diancie|Diancie|100\/100\n|turn|6\n|\n|t:|1695676863\n|detailschange|p2b: Diancie|Diancie-Mega\n|-mega|p2b: Diancie|Diancie|Diancite\n|move|p1b: Torkoal|Protect|p1b: Torkoal\n|-singleturn|p1b: Torkoal|Protect\n|move|p2b: Diancie|Earth Power|p1a: Stakataka\n|-supereffective|p1a: Stakataka\n|-damage|p1a: Stakataka|0 fnt\n|faint|p1a: Stakataka\n|move|p2a: Cradily|Rock Slide|p1b: Torkoal\n|-activate|p1b: Torkoal|move: Protect\n|\n|-weather|SunnyDay|[upkeep]\n|-heal|p2a: Cradily|43\/100|[from] item: Leftovers\n|upkeep\n|\n|t:|1695676881\n|switch|p1a: Tapu Lele|Tapu Lele|88\/100\n|turn|7\n|c|\u2606Spookely|whoiops\n|c|\u2606Spookely|wrong mon\n|\n|t:|1695676901\n|move|p2b: Diancie|Diamond Storm|p1a: Tapu Lele|[spread] \n|-miss|p2b: Diancie|p1a: Tapu Lele\n|-miss|p2b: Diancie|p1b: Torkoal\n|move|p1a: Tapu Lele|Psyshock|p2a: Cradily\n|-damage|p2a: Cradily|0 fnt\n|faint|p2a: Cradily\n|move|p1b: Torkoal|Eruption|p2b: Diancie\n|-resisted|p2b: Diancie\n|-damage|p2b: Diancie|52\/100\n|\n|-weather|SunnyDay|[upkeep]\n|upkeep\n|\n|t:|1695676914\n|switch|p2a: Nihilego|Nihilego|100\/100\n|turn|8\n|\n|t:|1695676962\n|move|p2b: Diancie|Diamond Storm|p1a: Tapu Lele|[spread] p1a,p1b\n|-supereffective|p1b: Torkoal\n|-damage|p1a: Tapu Lele|28\/100\n|-damage|p1b: Torkoal|22\/100\n|move|p2a: Nihilego|Power Gem|p1a: Tapu Lele\n|-damage|p1a: Tapu Lele|0 fnt\n|faint|p1a: Tapu Lele\n|-ability|p2a: Nihilego|Beast Boost|boost\n|-boost|p2a: Nihilego|spa|1\n|move|p1b: Torkoal|Eruption|p2a: Nihilego|[spread] p2a,p2b\n|-resisted|p2a: Nihilego\n|-resisted|p2b: Diancie\n|-damage|p2a: Nihilego|94\/100\n|-damage|p2b: Diancie|42\/100\n|\n|-weather|SunnyDay|[upkeep]\n|-fieldend|move: Psychic Terrain\n|upkeep\n|c|\u2606Spookely|ouch\n|\n|t:|1695676975\n|switch|p1a: Oranguru|Oranguru, F|100\/100\n|turn|9\n|\n|t:|1695676990\n|move|p2b: Diancie|Dazzling Gleam|p1b: Torkoal|[spread] p1a,p1b\n|-resisted|p1b: Torkoal\n|-damage|p1a: Oranguru|70\/100\n|-damage|p1b: Torkoal|0 fnt\n|faint|p1b: Torkoal\n|move|p2a: Nihilego|Power Gem|p1a: Oranguru\n|-damage|p1a: Oranguru|21\/100\n|move|p1a: Oranguru|Trick Room|p1a: Oranguru\n|-fieldstart|move: Trick Room|[of] p1a: Oranguru\n|\n|-weather|SunnyDay|[upkeep]\n|upkeep\n|\n|t:|1695677005\n|switch|p1b: Rawr|Camerupt, L99, M, shiny|100\/100\n|turn|10\n|\n|t:|1695677010\n|switch|p2b: Tyranitar|Tyranitar, M|23\/100\n|-weather|Sandstorm|[from] ability: Sand Stream|[of] p2b: Tyranitar\n|detailschange|p1b: Rawr|Camerupt-Mega, L99, M, shiny\n|-mega|p1b: Rawr|Camerupt|Cameruptite\n|move|p2a: Nihilego|Protect|p2a: Nihilego\n|-singleturn|p2a: Nihilego|Protect\n|move|p1b: Rawr|Eruption|p2b: Tyranitar|[spread] p2b\n|-activate|p2a: Nihilego|move: Protect\n|-resisted|p2b: Tyranitar\n|-damage|p2b: Tyranitar|10\/100\n|move|p1a: Oranguru|Instruct|p1b: Rawr\n|-singleturn|p1b: Rawr|move: Instruct|[of] p1a: Oranguru\n|move|p1b: Rawr|Eruption|p2a: Nihilego|[spread] p2b\n|-activate|p2a: Nihilego|move: Protect\n|-resisted|p2b: Tyranitar\n|-crit|p2b: Tyranitar\n|-damage|p2b: Tyranitar|0 fnt\n|faint|p2b: Tyranitar\n|\n|-weather|Sandstorm|[upkeep]\n|-damage|p1a: Oranguru|14\/100|[from] Sandstorm\n|upkeep\n|c|\u2606Spookely|lol\n|c|\u2606Mokaccino321|:(\n|\n|t:|1695677030\n|switch|p2b: Diancie|Diancie-Mega|42\/100\n|turn|11\n|\n|t:|1695677039\n|move|p1b: Rawr|Earth Power|p2a: Nihilego\n|-supereffective|p2a: Nihilego\n|-damage|p2a: Nihilego|0 fnt\n|faint|p2a: Nihilego\n|move|p1a: Oranguru|Instruct|p1b: Rawr\n|-singleturn|p1b: Rawr|move: Instruct|[of] p1a: Oranguru\n|move|p1b: Rawr|Earth Power|p2b: Diancie\n|-supereffective|p2b: Diancie\n|-damage|p2b: Diancie|0 fnt\n|faint|p2b: Diancie\n|\n|win|Spookely\n|c|\u2606Spookely|i did not mean to send lele in earlier\n|c|\u2606Spookely|woulda won like 5-0\n|c|\u2606Spookely|ggs\n|c|\u2606Mokaccino321|gg c:\n|l|\u2606Mokaccino321\n","uploadtime":1695677141,"views":7,"p1id":"spookely","p2id":"mokaccino321","formatid":"gen9nationaldexdoubles","rating":0,"private":0,"password":""}