{"id":"gen9nationaldexdoubles-1959110850","p1":"LightOfTheRuin","p2":"impastabot4000","format":"[Gen 9] National Dex Doubles","log":"|j|\u2606LightOfTheRuin\n|j|\u2606impastabot4000\n|t:|1696387824\n|gametype|doubles\n|player|p1|LightOfTheRuin|wallace|1147\n|player|p2|impastabot4000|nate|1251\n|teamsize|p1|6\n|teamsize|p2|6\n|gen|9\n|tier|[Gen 9] National Dex Doubles\n|rated|\n|rule|HP Percentage Mod: HP is shown in percentages\n|rule|Endless Battle Clause: Forcing endless battles is banned\n|rule|OHKO Clause: OHKO moves are banned\n|rule|Evasion Moves Clause: Evasion moves are banned\n|rule|Evasion Abilities Clause: Evasion abilities are banned\n|rule|Species Clause: Limit one of each Pok\u00e9mon\n|rule|Gravity Sleep Clause: The combination of sleep-inducing moves with imperfect accuracy and Gravity or Gigantamax Orbeetle are banned\n|clearpoke\n|poke|p1|Electivire, F|\n|poke|p1|Electabuzz, F|\n|poke|p1|Ursaluna-Bloodmoon, M|\n|poke|p1|Basculegion-F, F|\n|poke|p1|Fezandipiti, M|\n|poke|p1|Ribombee, F|\n|poke|p2|Rillaboom, M|\n|poke|p2|Salamence, F|\n|poke|p2|Volcanion|\n|poke|p2|Chien-Pao|\n|poke|p2|Flutter Mane|\n|poke|p2|Ogerpon-Cornerstone, F|\n|teampreview\n|inactive|Battle timer is ON: inactive players will automatically lose when time's up. (requested by impastabot4000)\n|inactive|impastabot4000 has 120 seconds left.\n|\n|t:|1696387878\n|start\n|switch|p1a: sleeper build|Electabuzz, F|100\/100\n|switch|p1b: fatty|Electivire, F|100\/100\n|switch|p2a: Volcanion|Volcanion|100\/100\n|switch|p2b: Rillaboom|Rillaboom, M|100\/100\n|-fieldstart|move: Grassy Terrain|[from] ability: Grassy Surge|[of] p2b: Rillaboom\n|turn|1\n|inactive|impastabot4000 has 120 seconds left.\n|\n|t:|1696387911\n|-terastallize|p2a: Volcanion|Ground\n|move|p1b: fatty|Protect|p1b: fatty\n|-singleturn|p1b: fatty|Protect\n|move|p2b: Rillaboom|Fake Out|p1b: fatty\n|-activate|p1b: fatty|move: Protect\n|move|p1a: sleeper build|Magnet Rise|p1a: sleeper build\n|-start|p1a: sleeper build|Magnet Rise\n|move|p2a: Volcanion|Earth Power|p1b: fatty\n|-activate|p1b: fatty|move: Protect\n|\n|upkeep\n|turn|2\n|\n|t:|1696387938\n|switch|p1b: phish|Basculegion-F, F|100\/100\n|move|p1a: sleeper build|Follow Me|p1a: sleeper build\n|-singleturn|p1a: sleeper build|move: Follow Me\n|move|p2b: Rillaboom|Wood Hammer|p1a: sleeper build\n|-damage|p1a: sleeper build|13\/100\n|-status|p2b: Rillaboom|par|[from] ability: Static|[of] p1a: sleeper build\n|-damage|p2b: Rillaboom|76\/100 par|[from] Recoil\n|move|p2a: Volcanion|Heat Wave|p1a: sleeper build|[spread] p1a,p1b\n|-resisted|p1b: phish\n|-damage|p1a: sleeper build|0 fnt\n|-damage|p1b: phish|80\/100\n|faint|p1a: sleeper build\n|\n|-heal|p1b: phish|86\/100|[from] Grassy Terrain\n|-heal|p2b: Rillaboom|82\/100 par|[from] Grassy Terrain\n|upkeep\n|inactive|LightOfTheRuin has 120 seconds left.\n|\n|t:|1696387956\n|switch|p1a: flamINGO|Fezandipiti, M|100\/100\n|turn|3\n|\n|t:|1696387974\n|-terastallize|p1b: phish|Ghost\n|cant|p2b: Rillaboom|par\n|move|p1a: flamINGO|Icy Wind|p2a: Volcanion|[spread] p2a,p2b\n|-supereffective|p2a: Volcanion\n|-supereffective|p2b: Rillaboom\n|-damage|p2a: Volcanion|88\/100\n|-damage|p2b: Rillaboom|69\/100 par\n|-unboost|p2a: Volcanion|spe|1\n|-unboost|p2b: Rillaboom|spe|1\n|move|p1b: phish|Hex|p2b: Rillaboom\n|-damage|p2b: Rillaboom|3\/100 par\n|move|p2a: Volcanion|Earth Power|p1a: flamINGO\n|-supereffective|p1a: flamINGO\n|-damage|p1a: flamINGO|20\/100\n|-unboost|p1a: flamINGO|spd|1\n|\n|-heal|p1a: flamINGO|26\/100|[from] Grassy Terrain\n|-heal|p1a: flamINGO|32\/100|[from] item: Black Sludge\n|-heal|p1b: phish|92\/100|[from] Grassy Terrain\n|-heal|p2a: Volcanion|94\/100|[from] Grassy Terrain\n|-heal|p2b: Rillaboom|9\/100 par|[from] Grassy Terrain\n|upkeep\n|turn|4\n|\n|t:|1696387998\n|move|p1b: phish|Protect|p1b: phish\n|-singleturn|p1b: phish|Protect\n|move|p2b: Rillaboom|Grassy Glide|p1b: phish\n|-activate|p1b: phish|move: Protect\n|move|p1a: flamINGO|Icy Wind|p2a: Volcanion|[spread] p2a,p2b\n|-supereffective|p2a: Volcanion\n|-supereffective|p2b: Rillaboom\n|-damage|p2a: Volcanion|82\/100\n|-damage|p2b: Rillaboom|0 fnt\n|-unboost|p2a: Volcanion|spe|1\n|-status|p2a: Volcanion|tox|[from] ability: Toxic Chain|[of] p1a: flamINGO\n|faint|p2b: Rillaboom\n|move|p2a: Volcanion|Heat Wave|p1a: flamINGO|[spread] p1a\n|-activate|p1b: phish|move: Protect\n|-damage|p1a: flamINGO|0 fnt\n|faint|p1a: flamINGO\n|\n|-heal|p1b: phish|98\/100|[from] Grassy Terrain\n|-heal|p2a: Volcanion|89\/100 tox|[from] Grassy Terrain\n|-damage|p2a: Volcanion|82\/100 tox|[from] psn\n|upkeep\n|\n|t:|1696388022\n|switch|p1a: fatter|Ursaluna-Bloodmoon, M|100\/100\n|switch|p2b: Salamence|Salamence, F|100\/100\n|-ability|p2b: Salamence|Intimidate|boost\n|-unboost|p1a: fatter|atk|1\n|-unboost|p1b: phish|atk|1\n|turn|5\n|\n|t:|1696388037\n|detailschange|p2b: Salamence|Salamence-Mega, F\n|-mega|p2b: Salamence|Salamence|Salamencite\n|move|p2b: Salamence|Dragon Dance|p2b: Salamence\n|-boost|p2b: Salamence|atk|1\n|-boost|p2b: Salamence|spe|1\n|move|p1b: phish|Hex|p2a: Volcanion\n|-damage|p2a: Volcanion|22\/100 tox\n|move|p1a: fatter|Moonblast|p2b: Salamence\n|-supereffective|p2b: Salamence\n|-damage|p2b: Salamence|22\/100\n|move|p2a: Volcanion|Steam Eruption|p1a: fatter\n|-supereffective|p1a: fatter\n|-damage|p1a: fatter|16\/100\n|\n|-heal|p1b: phish|100\/100|[from] Grassy Terrain\n|-heal|p1a: fatter|22\/100|[from] Grassy Terrain\n|-heal|p2a: Volcanion|29\/100 tox|[from] Grassy Terrain\n|-damage|p2a: Volcanion|16\/100 tox|[from] psn\n|-fieldend|move: Grassy Terrain\n|upkeep\n|turn|6\n|\n|t:|1696388058\n|move|p2b: Salamence|Protect|p2b: Salamence\n|-singleturn|p2b: Salamence|Protect\n|move|p1b: phish|Protect|p1b: phish\n|-singleturn|p1b: phish|Protect\n|move|p1a: fatter|Hyper Voice|p2b: Salamence|[spread] p2a\n|-activate|p2b: Salamence|move: Protect\n|-damage|p2a: Volcanion|0 fnt\n|faint|p2a: Volcanion\n|\n|upkeep\n|inactive|impastabot4000 has 120 seconds left.\n|\n|t:|1696388087\n|switch|p2a: Flutter Mane|Flutter Mane|100\/100\n|turn|7\n|\n|t:|1696388095\n|move|p2b: Salamence|Frustration|p1a: fatter\n|-damage|p1a: fatter|0 fnt\n|faint|p1a: fatter\n|move|p2a: Flutter Mane|Shadow Ball|p1b: phish\n|-supereffective|p1b: phish\n|-crit|p1b: phish\n|-damage|p1b: phish|0 fnt\n|faint|p1b: phish\n|\n|upkeep\n|\n|t:|1696388103\n|switch|p1b: twink|Ribombee, F|100\/100\n|switch|p1a: fatty|Electivire, F|100\/100\n|turn|8\n|\n|t:|1696388118\n|move|p2b: Salamence|Frustration|p1b: twink\n|-supereffective|p1b: twink\n|-enditem|p1b: twink|Focus Sash\n|-damage|p1b: twink|1\/100\n|move|p2a: Flutter Mane|Shadow Ball|p1b: twink\n|-damage|p1b: twink|0 fnt\n|faint|p1b: twink\n|move|p1a: fatty|Thunder Punch|p2a: Flutter Mane\n|-damage|p2a: Flutter Mane|12\/100\n|\n|upkeep\n|turn|9\n|\n|t:|1696388134\n|move|p2b: Salamence|Frustration|p1a: fatty\n|-resisted|p1a: fatty\n|-damage|p1a: fatty|26\/100\n|move|p2a: Flutter Mane|Shadow Ball|p1a: fatty\n|-damage|p1a: fatty|0 fnt\n|faint|p1a: fatty\n|\n|win|impastabot4000\n|raw|LightOfTheRuin's rating: 1147 &rarr; <strong>1129<\/strong><br \/>(-18 for losing)\n|raw|impastabot4000's rating: 1251 &rarr; <strong>1269<\/strong><br \/>(+18 for winning)\n|c|\u2606impastabot4000|gg\n|l|\u2606LightOfTheRuin\n","uploadtime":1696388148,"views":14,"p1id":"lightoftheruin","p2id":"impastabot4000","formatid":"gen9nationaldexdoubles","rating":1129,"private":0,"password":""}