{"id":"gen9nationaldexdoubles-1967571982","p1":"Nfjj ngfk","p2":"Agame4free","format":"[Gen 9] National Dex Doubles","log":"|j|\u2606Nfjj ngfk\n|j|\u2606Agame4free\n|t:|1697314880\n|gametype|doubles\n|player|p1|Nfjj ngfk|lucas|1044\n|player|p2|Agame4free|ethan|1009\n|teamsize|p1|6\n|teamsize|p2|6\n|gen|9\n|tier|[Gen 9] National Dex Doubles\n|rated|\n|rule|HP Percentage Mod: HP is shown in percentages\n|rule|Endless Battle Clause: Forcing endless battles is banned\n|rule|OHKO Clause: OHKO moves are banned\n|rule|Evasion Moves Clause: Evasion moves are banned\n|rule|Evasion Abilities Clause: Evasion abilities are banned\n|rule|Species Clause: Limit one of each Pok\u00e9mon\n|rule|Gravity Sleep Clause: The combination of sleep-inducing moves with imperfect accuracy and Gravity or Gigantamax Orbeetle are banned\n|clearpoke\n|poke|p1|Indeedee, M|\n|poke|p1|Deoxys-Attack|\n|poke|p1|Typhlosion, M|\n|poke|p1|Kartana|\n|poke|p1|Murkrow, M|\n|poke|p1|Shuckle, M|\n|poke|p2|Skeledirge, F|\n|poke|p2|Primarina, F|\n|poke|p2|Chatot, M|\n|poke|p2|Glimmora, F|\n|poke|p2|Braviary-Hisui, M|\n|poke|p2|Pelipper, F|\n|teampreview\n|\n|t:|1697314893\n|start\n|switch|p1a: Murkrow|Murkrow, M|100\/100\n|switch|p1b: Shuckle|Shuckle, M|100\/100\n|switch|p2a: Primarina|Primarina, F|100\/100\n|switch|p2b: Pelipper|Pelipper, F|100\/100\n|-weather|RainDance|[from] ability: Drizzle|[of] p2b: Pelipper\n|turn|1\n|\n|t:|1697314909\n|move|p1a: Murkrow|Taunt|p2b: Pelipper\n|-start|p2b: Pelipper|move: Taunt\n|move|p2a: Primarina|Hyper Voice|p1a: Murkrow|[spread] p1a,p1b\n|-supereffective|p1b: Shuckle\n|-enditem|p1a: Murkrow|Focus Sash\n|-damage|p1a: Murkrow|1\/100\n|-damage|p1b: Shuckle|43\/100\n|move|p2b: Pelipper|Blizzard|p1b: Shuckle|[spread] p1b\n|-miss|p2b: Pelipper|p1a: Murkrow\n|-damage|p1b: Shuckle|29\/100\n|-status|p1b: Shuckle|frz\n|-curestatus|p1b: Shuckle|frz|[msg]\n|move|p1b: Shuckle|Stealth Rock|p2a: Primarina\n|-sidestart|p2: Agame4free|move: Stealth Rock\n|\n|-weather|RainDance|[upkeep]\n|upkeep\n|turn|2\n|inactive|Battle timer is ON: inactive players will automatically lose when time's up. (requested by Nfjj ngfk)\n|\n|t:|1697314930\n|move|p1a: Murkrow|Tailwind|p1a: Murkrow\n|-sidestart|p1: Nfjj ngfk|move: Tailwind\n|move|p2a: Primarina|Hyper Voice|p1a: Murkrow|[spread] p1a,p1b\n|-supereffective|p1b: Shuckle\n|-damage|p1a: Murkrow|0 fnt\n|-damage|p1b: Shuckle|0 fnt\n|faint|p1a: Murkrow\n|faint|p1b: Shuckle\n|move|p2b: Pelipper|Blizzard|p1: Murkrow|[notarget]\n|-fail|p2b: Pelipper\n|\n|-weather|RainDance|[upkeep]\n|upkeep\n|inactive|Nfjj ngfk has 120 seconds left.\n|\n|t:|1697314981\n|switch|p1a: Kartana|Kartana|100\/100\n|switch|p1b: Indeedee|Indeedee, M|100\/100\n|-fieldstart|move: Psychic Terrain|[from] ability: Psychic Surge|[of] p1b: Indeedee\n|turn|3\n|inactive|Nfjj ngfk has 120 seconds left.\n|\n|t:|1697314991\n|switch|p2b: Braviary|Braviary-Hisui, M|100\/100\n|-terastallize|p1b: Indeedee|Psychic\n|move|p1a: Kartana|Leaf Blade|p2a: Primarina\n|-supereffective|p2a: Primarina\n|-damage|p2a: Primarina|0 fnt\n|faint|p2a: Primarina\n|-ability|p1a: Kartana|Beast Boost|boost\n|-boost|p1a: Kartana|atk|1\n|move|p1b: Indeedee|Expanding Force|p2b: Braviary\n|-resisted|p2b: Braviary\n|-damage|p2b: Braviary|39\/100\n|\n|-weather|RainDance|[upkeep]\n|upkeep\n|\n|t:|1697315003\n|switch|p2a: Glimmora|Glimmora, F|100\/100\n|-damage|p2a: Glimmora|88\/100|[from] Stealth Rock\n|turn|4\n|\n|t:|1697315018\n|move|p1a: Kartana|Leaf Blade|p2b: Braviary\n|-resisted|p2b: Braviary\n|-damage|p2b: Braviary|0 fnt\n|faint|p2b: Braviary\n|-ability|p1a: Kartana|Beast Boost|boost\n|-boost|p1a: Kartana|atk|1\n|move|p1b: Indeedee|Expanding Force|p2a: Glimmora\n|-supereffective|p2a: Glimmora\n|-damage|p2a: Glimmora|0 fnt\n|faint|p2a: Glimmora\n|\n|-weather|RainDance|[upkeep]\n|upkeep\n|\n|t:|1697315030\n|switch|p2a: Pelipper|Pelipper, F|100\/100\n|switch|p2b: Skeledirge|Skeledirge, F, shiny|100\/100\n|-damage|p2b: Skeledirge|76\/100|[from] Stealth Rock\n|-damage|p2a: Pelipper|76\/100|[from] Stealth Rock\n|turn|5\n|\n|t:|1697315042\n|move|p1a: Kartana|Leaf Blade|p2b: Skeledirge\n|-resisted|p2b: Skeledirge\n|-damage|p2b: Skeledirge|48\/100\n|move|p1b: Indeedee|Expanding Force|p2a: Pelipper|[spread] p2a,p2b\n|-damage|p2a: Pelipper|0 fnt\n|-damage|p2b: Skeledirge|0 fnt\n|faint|p2a: Pelipper\n|faint|p2b: Skeledirge\n|\n|-weather|RainDance|[upkeep]\n|-sideend|p1: Nfjj ngfk|move: Tailwind\n|upkeep\n|\n|t:|1697315051\n|switch|p2b: Chatot|Chatot, M|100\/100\n|turn|6\n|\n|t:|1697315059\n|move|p1a: Kartana|Leaf Blade|p2b: Chatot\n|-resisted|p2b: Chatot\n|-crit|p2b: Chatot\n|-damage|p2b: Chatot|0 fnt\n|faint|p2b: Chatot\n|\n|win|Nfjj ngfk\n|raw|Nfjj ngfk's rating: 1073 &rarr; <strong>1097<\/strong><br \/>(+24 for winning)\n|raw|Agame4free's rating: 1009 &rarr; <strong>1000<\/strong><br \/>(-9 for losing)\n|l|\u2606Agame4free\n","uploadtime":1697315071,"views":9,"p1id":"nfjjngfk","p2id":"agame4free","formatid":"gen9nationaldexdoubles","rating":1000,"private":0,"password":""}