{"id":"gen9nationaldexdoubles-1947531941","p1":"Skipper2165","p2":"Drummerinthewoods","format":"[Gen 9] National Dex Doubles","log":"|j|\u2606Skipper2165\n|j|\u2606Drummerinthewoods\n|t:|1695169872\n|gametype|doubles\n|player|p1|Skipper2165|1|1036\n|player|p2|Drummerinthewoods|roxie|1129\n|teamsize|p1|6\n|teamsize|p2|6\n|gen|9\n|tier|[Gen 9] National Dex Doubles\n|rated|\n|rule|HP Percentage Mod: HP is shown in percentages\n|rule|Endless Battle Clause: Forcing endless battles is banned\n|rule|OHKO Clause: OHKO moves are banned\n|rule|Evasion Moves Clause: Evasion moves are banned\n|rule|Evasion Abilities Clause: Evasion abilities are banned\n|rule|Species Clause: Limit one of each Pok\u00e9mon\n|rule|Gravity Sleep Clause: The combination of sleep-inducing moves with imperfect accuracy and Gravity or Gigantamax Orbeetle are banned\n|clearpoke\n|poke|p1|Jolteon, F|\n|poke|p1|Toxicroak, F|\n|poke|p1|Pelipper, M|\n|poke|p1|Ludicolo, F|\n|poke|p1|Salamence, F|\n|poke|p1|Lanturn, M|\n|poke|p2|Skarmory, M|\n|poke|p2|Aerodactyl, F|\n|poke|p2|Tornadus, M|\n|poke|p2|Landorus-Therian, M|\n|poke|p2|Murkrow, M|\n|poke|p2|Zapdos-Galar|\n|teampreview\n|\n|t:|1695169883\n|start\n|switch|p1a: Pelipper|Pelipper, M|100\/100\n|switch|p1b: Jolteon|Jolteon, F|100\/100\n|switch|p2a: Tornadus|Tornadus, M|100\/100\n|switch|p2b: Murkrow|Murkrow, M|100\/100\n|-weather|RainDance|[from] ability: Drizzle|[of] p1a: Pelipper\n|turn|1\n|\n|t:|1695169895\n|move|p2a: Tornadus|Sandstorm|p2a: Tornadus\n|-weather|Sandstorm\n|move|p2b: Murkrow|Confuse Ray|p1b: Jolteon\n|-start|p1b: Jolteon|confusion\n|-activate|p1b: Jolteon|confusion\n|-damage|p1b: Jolteon|89\/100|[from] confusion\n|move|p1a: Pelipper|Scald|p2a: Tornadus\n|-damage|p2a: Tornadus|75\/100\n|-status|p2a: Tornadus|brn\n|\n|-weather|Sandstorm|[upkeep]\n|-damage|p1b: Jolteon|83\/100|[from] Sandstorm\n|-damage|p2a: Tornadus|69\/100 brn|[from] Sandstorm\n|-damage|p2b: Murkrow|94\/100|[from] Sandstorm\n|-damage|p1a: Pelipper|94\/100|[from] Sandstorm\n|-heal|p1b: Jolteon|89\/100|[from] item: Leftovers\n|-heal|p2a: Tornadus|75\/100 brn|[from] item: Leftovers\n|-damage|p2a: Tornadus|69\/100 brn|[from] brn\n|upkeep\n|turn|2\n|\n|t:|1695169922\n|move|p2a: Tornadus|Tailwind|p2a: Tornadus\n|-sidestart|p2: Drummerinthewoods|move: Tailwind\n|move|p2b: Murkrow|Thunder Wave|p1a: Pelipper\n|-status|p1a: Pelipper|par\n|-activate|p1b: Jolteon|confusion\n|move|p1b: Jolteon|Thunder|p2a: Tornadus\n|-supereffective|p2a: Tornadus\n|-damage|p2a: Tornadus|0 fnt\n|faint|p2a: Tornadus\n|move|p1a: Pelipper|Scald|p2b: Murkrow\n|-damage|p2b: Murkrow|56\/100\n|\n|-weather|Sandstorm|[upkeep]\n|-damage|p2b: Murkrow|50\/100|[from] Sandstorm\n|-damage|p1b: Jolteon|83\/100|[from] Sandstorm\n|-damage|p1a: Pelipper|88\/100 par|[from] Sandstorm\n|-heal|p1b: Jolteon|89\/100|[from] item: Leftovers\n|upkeep\n|\n|t:|1695169941\n|switch|p2a: Aerodactyl|Aerodactyl, F|100\/100\n|-ability|p2a: Aerodactyl|Pressure\n|turn|3\n|\n|t:|1695169952\n|detailschange|p2a: Aerodactyl|Aerodactyl-Mega, F\n|-mega|p2a: Aerodactyl|Aerodactyl|Aerodactylite\n|move|p2b: Murkrow|Screech|p1b: Jolteon\n|-unboost|p1b: Jolteon|def|2\n|move|p2a: Aerodactyl|Rock Slide|p1b: Jolteon|[spread] p1a,p1b\n|-supereffective|p1a: Pelipper\n|-damage|p1a: Pelipper|25\/100 par\n|-damage|p1b: Jolteon|0 fnt\n|faint|p1b: Jolteon\n|move|p1a: Pelipper|Ice Beam|p2a: Aerodactyl\n|-supereffective|p2a: Aerodactyl\n|-damage|p2a: Aerodactyl|59\/100\n|\n|-weather|Sandstorm|[upkeep]\n|-damage|p2b: Murkrow|44\/100|[from] Sandstorm\n|-damage|p1a: Pelipper|19\/100 par|[from] Sandstorm\n|upkeep\n|\n|t:|1695169981\n|switch|p1b: Toxicroak|Toxicroak, F|100\/100\n|turn|4\n|\n|t:|1695169994\n|move|p2b: Murkrow|Confuse Ray|p1b: Toxicroak\n|-start|p1b: Toxicroak|confusion\n|move|p2a: Aerodactyl|Rock Slide|p1b: Toxicroak|[spread] p1a,p1b\n|-supereffective|p1a: Pelipper\n|-resisted|p1b: Toxicroak\n|-damage|p1a: Pelipper|0 fnt\n|-damage|p1b: Toxicroak|74\/100\n|faint|p1a: Pelipper\n|-activate|p1b: Toxicroak|confusion\n|-damage|p1b: Toxicroak|54\/100|[from] confusion\n|\n|-weather|Sandstorm|[upkeep]\n|-damage|p2b: Murkrow|38\/100|[from] Sandstorm\n|-damage|p1b: Toxicroak|48\/100|[from] Sandstorm\n|upkeep\n|\n|t:|1695170007\n|switch|p1a: Lanturn|Lanturn, M|100\/100\n|turn|5\n|\n|t:|1695170016\n|move|p2b: Murkrow|Screech|p1b: Toxicroak|[miss]\n|-miss|p2b: Murkrow|p1b: Toxicroak\n|move|p2a: Aerodactyl|Rock Slide|p1b: Toxicroak|[spread] p1a\n|-miss|p2a: Aerodactyl|p1b: Toxicroak\n|-damage|p1a: Lanturn|58\/100\n|-activate|p1b: Toxicroak|confusion\n|-damage|p1b: Toxicroak|28\/100|[from] confusion\n|cant|p1a: Lanturn|flinch\n|\n|-weather|none\n|-sideend|p2: Drummerinthewoods|move: Tailwind\n|upkeep\n|turn|6\n|\n|t:|1695170037\n|move|p2b: Murkrow|Screech|p1b: Toxicroak\n|-unboost|p1b: Toxicroak|def|2\n|move|p2a: Aerodactyl|Rock Slide|p1a: Lanturn|[spread] p1a,p1b\n|-resisted|p1b: Toxicroak\n|-damage|p1a: Lanturn|21\/100\n|-damage|p1b: Toxicroak|0 fnt\n|faint|p1b: Toxicroak\n|move|p1a: Lanturn|Rain Dance|p1a: Lanturn\n|-weather|RainDance\n|\n|-weather|RainDance|[upkeep]\n|upkeep\n|\n|t:|1695170046\n|switch|p1b: Ludicolo|Ludicolo, F|100\/100\n|turn|7\n|\n|t:|1695170058\n|move|p2b: Murkrow|Thunder Wave|p1b: Ludicolo\n|-status|p1b: Ludicolo|par\n|move|p2a: Aerodactyl|Rock Slide|p1b: Ludicolo|[spread] p1a,p1b\n|-damage|p1a: Lanturn|0 fnt\n|-damage|p1b: Ludicolo|48\/100 par\n|faint|p1a: Lanturn\n|cant|p1b: Ludicolo|flinch\n|\n|-weather|RainDance|[upkeep]\n|upkeep\n|-message|Skipper2165 forfeited.\n|\n|win|Drummerinthewoods\n|raw|Skipper2165's rating: 1036 &rarr; <strong>1025<\/strong><br \/>(-11 for losing)\n|raw|Drummerinthewoods's rating: 1129 &rarr; <strong>1147<\/strong><br \/>(+18 for winning)\n|l|\u2606Skipper2165\n","uploadtime":1695170083,"views":3,"p1id":"skipper2165","p2id":"drummerinthewoods","formatid":"gen9nationaldexdoubles","rating":1025,"private":0,"password":""}