{"id":"gen9nationaldexdoubles-1995675384","p1":"huevo_pipipi","p2":"bigdubwes","format":"[Gen 9] National Dex Doubles","log":"|j|\u2606huevo_pipipi\n|j|\u2606bigdubwes\n|t:|1700592949\n|gametype|doubles\n|player|p1|huevo_pipipi|akari|1050\n|player|p2|bigdubwes|sailor|1083\n|teamsize|p1|6\n|teamsize|p2|6\n|gen|9\n|tier|[Gen 9] National Dex Doubles\n|rated|\n|rule|HP Percentage Mod: HP is shown in percentages\n|rule|Endless Battle Clause: Forcing endless battles is banned\n|rule|OHKO Clause: OHKO moves are banned\n|rule|Evasion Moves Clause: Evasion moves are banned\n|rule|Evasion Abilities Clause: Evasion abilities are banned\n|rule|Species Clause: Limit one of each Pok\u00e9mon\n|rule|Gravity Sleep Clause: The combination of sleep-inducing moves with imperfect accuracy and Gravity or Gigantamax Orbeetle are banned\n|clearpoke\n|poke|p1|Charizard, M|\n|poke|p1|Flutter Mane|\n|poke|p1|Scream Tail|\n|poke|p1|Cherrim, F|\n|poke|p1|Torkoal, M|\n|poke|p1|Roaring Moon|\n|poke|p2|Urshifu-*, F|\n|poke|p2|Rillaboom, M|\n|poke|p2|Gholdengo|\n|poke|p2|Chien-Pao|\n|poke|p2|Dragonite, M|\n|poke|p2|Volcarona, M|\n|teampreview\n|\n|t:|1700592997\n|start\n|switch|p1a: Lizard|Charizard, M|100\/100\n|switch|p1b: El Diavlo|Flutter Mane|100\/100\n|switch|p2a: BIG MONKAY|Rillaboom, M, shiny|100\/100\n|switch|p2b: STRAIGHT HANDS|Urshifu-Rapid-Strike, F|100\/100\n|-fieldstart|move: Grassy Terrain|[from] ability: Grassy Surge|[of] p2a: BIG MONKAY\n|turn|1\n|\n|t:|1700593025\n|detailschange|p1a: Lizard|Charizard-Mega-Y, M\n|-mega|p1a: Lizard|Charizard|Charizardite Y\n|-weather|SunnyDay|[from] ability: Drought|[of] p1a: Lizard\n|-activate|p1b: El Diavlo|ability: Protosynthesis\n|-start|p1b: El Diavlo|protosynthesisspa\n|move|p2a: BIG MONKAY|Fake Out|p1a: Lizard\n|-damage|p1a: Lizard|81\/100\n|move|p1b: El Diavlo|Dazzling Gleam|p2a: BIG MONKAY|[spread] p2a,p2b\n|-supereffective|p2b: STRAIGHT HANDS\n|-damage|p2a: BIG MONKAY|63\/100\n|-damage|p2b: STRAIGHT HANDS|0 fnt\n|faint|p2b: STRAIGHT HANDS\n|cant|p1a: Lizard|flinch\n|\n|-weather|SunnyDay|[upkeep]\n|-heal|p2a: BIG MONKAY|69\/100|[from] Grassy Terrain\n|upkeep\n|\n|t:|1700593047\n|switch|p2b: Dragonite|Dragonite, M|100\/100\n|turn|2\n|\n|t:|1700593077\n|switch|p2a: IDEK|Gholdengo|100\/100\n|move|p1b: El Diavlo|Dazzling Gleam|p2b: Dragonite|[spread] p2a,p2b\n|-resisted|p2a: IDEK\n|-supereffective|p2b: Dragonite\n|-damage|p2a: IDEK|73\/100\n|-damage|p2b: Dragonite|51\/100\n|move|p1a: Lizard|Heat Wave|p2b: Dragonite|[spread] p2a,p2b\n|-supereffective|p2a: IDEK\n|-resisted|p2b: Dragonite\n|-damage|p2a: IDEK|0 fnt\n|-damage|p2b: Dragonite|16\/100\n|faint|p2a: IDEK\n|move|p2b: Dragonite|Tailwind|p2b: Dragonite\n|-sidestart|p2: bigdubwes|move: Tailwind\n|\n|-weather|SunnyDay|[upkeep]\n|upkeep\n|\n|t:|1700593117\n|switch|p2a: BIG MONKAY|Rillaboom, M, shiny|69\/100\n|turn|3\n|\n|t:|1700593148\n|-end|p1b: El Diavlo|Protosynthesis|[silent]\n|switch|p1b: Bubblegun|Scream Tail|100\/100\n|-activate|p1b: Bubblegun|ability: Protosynthesis\n|-start|p1b: Bubblegun|protosynthesisspe\n|-terastallize|p2a: BIG MONKAY|Grass\n|move|p1a: Lizard|Protect|p1a: Lizard\n|-singleturn|p1a: Lizard|Protect\n|move|p2a: BIG MONKAY|Wood Hammer|p1b: Bubblegun\n|-damage|p1b: Bubblegun|3\/100\n|-damage|p2a: BIG MONKAY|39\/100|[from] Recoil\n|move|p2b: Dragonite|Dragon Claw|p1a: Lizard\n|-activate|p1a: Lizard|move: Protect\n|\n|-weather|SunnyDay|[upkeep]\n|-heal|p1b: Bubblegun|9\/100|[from] Grassy Terrain\n|-heal|p2a: BIG MONKAY|46\/100|[from] Grassy Terrain\n|upkeep\n|turn|4\n|\n|t:|1700593176\n|move|p1b: Bubblegun|Reflect|p1b: Bubblegun\n|-sidestart|p1: huevo_pipipi|Reflect\n|move|p2a: BIG MONKAY|Wood Hammer|p1a: Lizard\n|-resisted|p1a: Lizard\n|-damage|p1a: Lizard|54\/100\n|-damage|p2a: BIG MONKAY|39\/100|[from] Recoil\n|move|p2b: Dragonite|Dragon Claw|p1a: Lizard\n|-damage|p1a: Lizard|3\/100\n|-damage|p2b: Dragonite|6\/100|[from] item: Life Orb\n|move|p1a: Lizard|Tailwind|p1a: Lizard\n|-sidestart|p1: huevo_pipipi|move: Tailwind\n|\n|-weather|SunnyDay|[upkeep]\n|-heal|p1b: Bubblegun|15\/100|[from] Grassy Terrain\n|-heal|p2a: BIG MONKAY|45\/100|[from] Grassy Terrain\n|upkeep\n|turn|5\n|\n|t:|1700593202\n|move|p1a: Lizard|Protect|p1a: Lizard\n|-singleturn|p1a: Lizard|Protect\n|move|p2b: Dragonite|Extreme Speed|p1a: Lizard\n|-activate|p1a: Lizard|move: Protect\n|move|p1b: Bubblegun|Dazzling Gleam|p2b: Dragonite|[spread] p2a,p2b\n|-supereffective|p2b: Dragonite\n|-damage|p2a: BIG MONKAY|29\/100\n|-damage|p2b: Dragonite|0 fnt\n|faint|p2b: Dragonite\n|move|p2a: BIG MONKAY|U-turn|p1b: Bubblegun\n|-damage|p1b: Bubblegun|0 fnt\n|faint|p1b: Bubblegun\n|-end|p1b: Bubblegun|Protosynthesis|[silent]\n|\n|t:|1700593215\n|switch|p2a: ayjen|Chien-Pao|100\/100|[from] U-turn\n|-ability|p2a: ayjen|Sword of Ruin\n|\n|-weather|none\n|-sideend|p2: bigdubwes|move: Tailwind\n|-fieldend|move: Grassy Terrain\n|upkeep\n|\n|t:|1700593233\n|switch|p1b: MoonSinMoonblast|Roaring Moon|100\/100\n|switch|p2b: Volcarona|Volcarona, M|100\/100\n|turn|6\n|\n|t:|1700593291\n|switch|p1a: Shell Smash?|Torkoal, M|100\/100\n|-weather|SunnyDay|[from] ability: Drought|[of] p1a: Shell Smash?\n|-activate|p1b: MoonSinMoonblast|ability: Protosynthesis\n|-start|p1b: MoonSinMoonblast|protosynthesisspe\n|move|p1b: MoonSinMoonblast|Breaking Swipe|p2a: ayjen|[spread] p2a,p2b\n|-damage|p2a: ayjen|57\/100\n|-damage|p2b: Volcarona|57\/100\n|-unboost|p2a: ayjen|atk|1\n|-unboost|p2b: Volcarona|atk|1\n|-damage|p1b: MoonSinMoonblast|91\/100|[from] item: Life Orb\n|move|p2a: ayjen|Sacred Sword|p1a: Shell Smash?\n|-damage|p1a: Shell Smash?|83\/100\n|-damage|p2a: ayjen|47\/100|[from] item: Life Orb\n|move|p2b: Volcarona|Whirlwind|p1b: MoonSinMoonblast\n|-end|p1b: MoonSinMoonblast|Protosynthesis|[silent]\n|drag|p1b: Morita|Cherrim, F|100\/100\n|-formechange|p1b: Morita|Cherrim-Sunshine|[msg]|[from] ability: Flower Gift\n|\n|-weather|SunnyDay|[upkeep]\n|upkeep\n|turn|7\n|\n|t:|1700593327\n|move|p1b: Morita|Helping Hand|p1a: Shell Smash?\n|-singleturn|p1a: Shell Smash?|Helping Hand|[of] p1b: Morita\n|move|p2a: ayjen|Protect|p2a: ayjen\n|-singleturn|p2a: ayjen|Protect\n|move|p2b: Volcarona|Tailwind|p2b: Volcarona\n|-sidestart|p2: bigdubwes|move: Tailwind\n|move|p1a: Shell Smash?|Eruption|p2b: Volcarona|[spread] p2b\n|-activate|p2a: ayjen|move: Protect\n|-damage|p2b: Volcarona|0 fnt\n|faint|p2b: Volcarona\n|\n|-weather|SunnyDay|[upkeep]\n|-sideend|p1: huevo_pipipi|move: Tailwind\n|upkeep\n|\n|t:|1700593340\n|switch|p2b: BIG MONKAY|Rillaboom, M, shiny, tera:Grass|29\/100\n|-fieldstart|move: Grassy Terrain|[from] ability: Grassy Surge|[of] p2b: BIG MONKAY\n|turn|8\n|\n|t:|1700593362\n|move|p1a: Shell Smash?|Protect|p1a: Shell Smash?\n|-singleturn|p1a: Shell Smash?|Protect\n|move|p2b: BIG MONKAY|Fake Out|p1a: Shell Smash?\n|-activate|p1a: Shell Smash?|move: Protect\n|move|p2a: ayjen|Sucker Punch||[still]\n|-fail|p2a: ayjen\n|move|p1b: Morita|Heal Pulse|p1a: Shell Smash?\n|-activate|p1a: Shell Smash?|move: Protect\n|\n|-weather|SunnyDay|[upkeep]\n|-heal|p2a: ayjen|53\/100|[from] Grassy Terrain\n|-heal|p2b: BIG MONKAY|35\/100|[from] Grassy Terrain\n|-heal|p1a: Shell Smash?|89\/100|[from] Grassy Terrain\n|upkeep\n|turn|9\n|\n|t:|1700593389\n|move|p1b: Morita|Helping Hand|p1a: Shell Smash?\n|-singleturn|p1a: Shell Smash?|Helping Hand|[of] p1b: Morita\n|move|p2a: ayjen|Sucker Punch|p1a: Shell Smash?\n|-damage|p1a: Shell Smash?|71\/100\n|-damage|p2a: ayjen|43\/100|[from] item: Life Orb\n|move|p2b: BIG MONKAY|Wood Hammer|p1a: Shell Smash?\n|-resisted|p1a: Shell Smash?\n|-crit|p1a: Shell Smash?\n|-damage|p1a: Shell Smash?|0 fnt\n|faint|p1a: Shell Smash?\n|-damage|p2b: BIG MONKAY|19\/100|[from] Recoil\n|\n|-weather|SunnyDay|[upkeep]\n|-heal|p2a: ayjen|49\/100|[from] Grassy Terrain\n|-heal|p2b: BIG MONKAY|25\/100|[from] Grassy Terrain\n|upkeep\n|\n|t:|1700593409\n|switch|p1a: MoonSinMoonblast|Roaring Moon|91\/100\n|-activate|p1a: MoonSinMoonblast|ability: Protosynthesis\n|-start|p1a: MoonSinMoonblast|protosynthesisspe\n|turn|10\n|\n|t:|1700593427\n|-terastallize|p1a: MoonSinMoonblast|Steel\n|move|p1b: Morita|Helping Hand|p1a: MoonSinMoonblast\n|-singleturn|p1a: MoonSinMoonblast|Helping Hand|[of] p1b: Morita\n|move|p2a: ayjen|Ice Spinner|p1a: MoonSinMoonblast\n|-resisted|p1a: MoonSinMoonblast\n|-damage|p1a: MoonSinMoonblast|71\/100\n|-fieldend|move: Grassy Terrain\n|-damage|p2a: ayjen|39\/100|[from] item: Life Orb\n|move|p1a: MoonSinMoonblast|Breaking Swipe|p2b: BIG MONKAY|[spread] p2a,p2b\n|-damage|p2a: ayjen|0 fnt\n|-damage|p2b: BIG MONKAY|0 fnt\n|faint|p2a: ayjen\n|faint|p2b: BIG MONKAY\n|-damage|p1a: MoonSinMoonblast|61\/100|[from] item: Life Orb\n|\n|win|huevo_pipipi\n|raw|huevo_pipipi's rating: 1050 &rarr; <strong>1086<\/strong><br \/>(+36 for winning)\n|raw|bigdubwes's rating: 1083 &rarr; <strong>1058<\/strong><br \/>(-25 for losing)\n","uploadtime":1700593444,"views":1,"p1id":"huevopipipi","p2id":"bigdubwes","formatid":"gen9nationaldexdoubles","rating":1058,"private":0,"password":""}