{"id":"gen9nationaldexdoubles-1967507253","p1":"Epilepsy Espeon","p2":"Golbur","format":"[Gen 9] National Dex Doubles","log":"|j|\u2606Epilepsy Espeon\n|j|\u2606Golbur\n|t:|1697308451\n|gametype|doubles\n|player|p1|Epilepsy Espeon|psychic-gen4|1159\n|player|p2|Golbur|roxie|1137\n|teamsize|p1|6\n|teamsize|p2|6\n|gen|9\n|tier|[Gen 9] National Dex Doubles\n|rated|\n|rule|HP Percentage Mod: HP is shown in percentages\n|rule|Endless Battle Clause: Forcing endless battles is banned\n|rule|OHKO Clause: OHKO moves are banned\n|rule|Evasion Moves Clause: Evasion moves are banned\n|rule|Evasion Abilities Clause: Evasion abilities are banned\n|rule|Species Clause: Limit one of each Pok\u00e9mon\n|rule|Gravity Sleep Clause: The combination of sleep-inducing moves with imperfect accuracy and Gravity or Gigantamax Orbeetle are banned\n|clearpoke\n|poke|p1|Drifblim, M|\n|poke|p1|Shiftry, M|\n|poke|p1|Golem-Alola, M|\n|poke|p1|Weezing-Galar, M|\n|poke|p1|Glalie, M|\n|poke|p1|Rabsca, M|\n|poke|p2|Aromatisse, M|\n|poke|p2|Stakataka|\n|poke|p2|Torterra, F|\n|poke|p2|Vivillon-Elegant, M|\n|poke|p2|Grapploct, M|\n|poke|p2|Tsareena, F|\n|teampreview\n|inactive|Battle timer is ON: inactive players will automatically lose when time's up. (requested by Golbur)\n|\n|t:|1697308465\n|start\n|switch|p1a: Air Raid|Drifblim, M|100\/100\n|switch|p1b: Kamikaze|Shiftry, M|100\/100\n|switch|p2a: Stakataka|Stakataka|100\/100\n|switch|p2b: Torterra|Torterra, F|100\/100\n|turn|1\n|\n|t:|1697308471\n|move|p1a: Air Raid|Tailwind|p1a: Air Raid\n|-sidestart|p1: Epilepsy Espeon|move: Tailwind\n|-ability|p1b: Kamikaze|Wind Rider|boost\n|-boost|p1b: Kamikaze|atk|1\n|move|p1b: Kamikaze|Swords Dance|p1b: Kamikaze\n|-boost|p1b: Kamikaze|atk|2\n|move|p2b: Torterra|Reflect|p2b: Torterra\n|-sidestart|p2: Golbur|Reflect\n|move|p2a: Stakataka|Trick Room|p2a: Stakataka\n|-fieldstart|move: Trick Room|[of] p2a: Stakataka\n|\n|upkeep\n|turn|2\n|\n|t:|1697308488\n|move|p1a: Air Raid|Helping Hand|p1b: Kamikaze\n|-singleturn|p1b: Kamikaze|Helping Hand|[of] p1a: Air Raid\n|move|p2a: Stakataka|Gyro Ball|p1b: Kamikaze\n|-enditem|p1b: Kamikaze|Focus Sash\n|-damage|p1b: Kamikaze|1\/100\n|move|p2b: Torterra|Body Slam|p1b: Kamikaze\n|-damage|p1b: Kamikaze|0 fnt\n|faint|p1b: Kamikaze\n|\n|upkeep\n|\n|t:|1697308501\n|switch|p1b: Smoke Bomb|Weezing-Galar, M|100\/100\n|-fieldstart|move: Misty Terrain|[from] ability: Misty Surge|[of] p1b: Smoke Bomb\n|turn|3\n|\n|t:|1697308519\n|-terastallize|p1b: Smoke Bomb|Fairy\n|move|p2a: Stakataka|Gyro Ball|p1b: Smoke Bomb\n|-supereffective|p1b: Smoke Bomb\n|-damage|p1b: Smoke Bomb|0 fnt\n|faint|p1b: Smoke Bomb\n|-ability|p2a: Stakataka|Beast Boost|boost\n|-boost|p2a: Stakataka|def|1\n|move|p2b: Torterra|Light Screen|p2b: Torterra\n|-sidestart|p2: Golbur|move: Light Screen\n|move|p1a: Air Raid|Phantom Force||[still]\n|-prepare|p1a: Air Raid|Phantom Force\n|\n|upkeep\n|\n|t:|1697308528\n|switch|p1b: Ice Bomb|Glalie, M|100\/100\n|turn|4\n|\n|t:|1697308543\n|switch|p2b: Tsareena|Tsareena, F|100\/100\n|-enditem|p2b: Tsareena|Room Service\n|-unboost|p2b: Tsareena|spe|1|[from] item: Room Service\n|detailschange|p1b: Ice Bomb|Glalie-Mega, M\n|-mega|p1b: Ice Bomb|Glalie|Glalitite\n|move|p1b: Ice Bomb|Protect|p1b: Ice Bomb\n|-singleturn|p1b: Ice Bomb|Protect\n|move|p2a: Stakataka|Gyro Ball|p1b: Ice Bomb\n|-activate|p1b: Ice Bomb|move: Protect\n|move|p1a: Air Raid|Phantom Force|p2a: Stakataka|[from]lockedmove\n|-damage|p2a: Stakataka|93\/100\n|\n|-sideend|p1: Epilepsy Espeon|move: Tailwind\n|upkeep\n|turn|5\n|\n|t:|1697308566\n|move|p1a: Air Raid|Helping Hand|p1b: Ice Bomb\n|-singleturn|p1b: Ice Bomb|Helping Hand|[of] p1a: Air Raid\n|move|p2a: Stakataka|Gyro Ball|p1b: Ice Bomb\n|-supereffective|p1b: Ice Bomb\n|-damage|p1b: Ice Bomb|0 fnt\n|faint|p1b: Ice Bomb\n|-ability|p2a: Stakataka|Beast Boost|boost\n|-boost|p2a: Stakataka|def|1\n|move|p2b: Tsareena|Acrobatics|p1a: Air Raid\n|-damage|p1a: Air Raid|39\/100\n|\n|-fieldend|move: Trick Room\n|upkeep\n|\n|t:|1697308575\n|switch|p1b: Electrical Bomb|Golem-Alola, M|100\/100\n|turn|6\n|\n|t:|1697308582\n|move|p1a: Air Raid|Explosion|p2b: Tsareena|[spread] p1b,p2a,p2b\n|-resisted|p1b: Electrical Bomb\n|-resisted|p2a: Stakataka\n|-damage|p1b: Electrical Bomb|84\/100\n|-damage|p2a: Stakataka|90\/100\n|-damage|p2b: Tsareena|69\/100\n|faint|p1a: Air Raid\n|move|p2b: Tsareena|High Jump Kick|p1b: Electrical Bomb\n|-supereffective|p1b: Electrical Bomb\n|-damage|p1b: Electrical Bomb|19\/100\n|move|p1b: Electrical Bomb|Explosion|p2b: Tsareena|[spread] p2a,p2b\n|-resisted|p2b: Tsareena\n|-damage|p2a: Stakataka|58\/100\n|-damage|p2b: Tsareena|14\/100\n|faint|p1b: Electrical Bomb\n|move|p2a: Stakataka|Trick Room|p2a: Stakataka\n|-fieldstart|move: Trick Room|[of] p2a: Stakataka\n|\n|upkeep\n|\n|t:|1697308595\n|switch|p1a: Bomb Factory|Rabsca, M|100\/100\n|turn|7\n|\n|t:|1697308601\n|move|p2a: Stakataka|Body Slam|p1a: Bomb Factory\n|-damage|p1a: Bomb Factory|62\/100\n|move|p2b: Tsareena|Acrobatics|p1a: Bomb Factory\n|-supereffective|p1a: Bomb Factory\n|-damage|p1a: Bomb Factory|0 fnt\n|faint|p1a: Bomb Factory\n|\n|win|Golbur\n|raw|Epilepsy Espeon's rating: 1159 &rarr; <strong>1132<\/strong><br \/>(-27 for losing)\n|raw|Golbur's rating: 1137 &rarr; <strong>1164<\/strong><br \/>(+27 for winning)\n|l|\u2606Epilepsy Espeon\n|c|\u2606Golbur|Gg\n","uploadtime":1697308614,"views":8,"p1id":"epilepsyespeon","p2id":"golbur","formatid":"gen9nationaldexdoubles","rating":1132,"private":0,"password":""}