{"id":"gen9nationaldexdoubles-1987718621","p1":"Nickalip","p2":"Benjaii","format":"[Gen 9] National Dex Doubles","log":"|j|\u2606Nickalip\n|j|\u2606Benjaii\n|t:|1699630609\n|gametype|doubles\n|player|p1|Nickalip|steven|\n|player|p2|Benjaii|hiker-gen4|\n|teamsize|p1|6\n|teamsize|p2|6\n|gen|9\n|tier|[Gen 9] National Dex Doubles\n|rule|HP Percentage Mod: HP is shown in percentages\n|rule|Endless Battle Clause: Forcing endless battles is banned\n|rule|OHKO Clause: OHKO moves are banned\n|rule|Evasion Moves Clause: Evasion moves are banned\n|rule|Evasion Abilities Clause: Evasion abilities are banned\n|rule|Species Clause: Limit one of each Pok\u00e9mon\n|rule|Gravity Sleep Clause: The combination of sleep-inducing moves with imperfect accuracy and Gravity or Gigantamax Orbeetle are banned\n|clearpoke\n|poke|p1|Roaring Moon|\n|poke|p1|Meowscarada, F|\n|poke|p1|Goodra-Hisui, M|\n|poke|p1|Volcarona, M|\n|poke|p1|Iron Bundle|\n|poke|p1|Ninetales-Alola, F|\n|poke|p2|Whimsicott, M|\n|poke|p2|Maushold-Four|\n|poke|p2|Cinderace, F|\n|poke|p2|Sneasler, M|\n|poke|p2|Lucario, M|\n|poke|p2|Clefable, F|\n|teampreview\n|inactive|Battle timer is ON: inactive players will automatically lose when time's up. (requested by Benjaii)\n|\n|t:|1699630628\n|start\n|switch|p1a: Skipper|Iron Bundle|100\/100\n|switch|p1b: Ola|Ninetales-Alola, F|100\/100\n|switch|p2a: Whimsicott|Whimsicott, M|100\/100\n|switch|p2b: Lucario|Lucario, M|100\/100\n|-weather|Snow|[from] ability: Snow Warning|[of] p1b: Ola\n|turn|1\n|\n|t:|1699630646\n|move|p2a: Whimsicott|Tailwind|p2a: Whimsicott\n|-sidestart|p2: Benjaii|move: Tailwind\n|move|p2b: Lucario|Drain Punch|p1a: Skipper\n|-supereffective|p1a: Skipper\n|-damage|p1a: Skipper|41\/100\n|move|p1a: Skipper|Hydro Pump|p2b: Lucario|[miss]\n|-miss|p1a: Skipper|p2b: Lucario\n|move|p1b: Ola|Aurora Veil|p1b: Ola\n|-sidestart|p1: Nickalip|move: Aurora Veil\n|\n|-weather|Snow|[upkeep]\n|upkeep\n|turn|2\n|\n|t:|1699630664\n|move|p1b: Ola|Protect|p1b: Ola\n|-singleturn|p1b: Ola|Protect\n|move|p2a: Whimsicott|Beat Up|p2b: Lucario\n|-resisted|p2b: Lucario\n|-damage|p2b: Lucario|99\/100\n|-ability|p2b: Lucario|Justified|boost\n|-boost|p2b: Lucario|atk|1\n|-resisted|p2b: Lucario\n|-damage|p2b: Lucario|97\/100\n|-ability|p2b: Lucario|Justified|boost\n|-boost|p2b: Lucario|atk|1\n|-resisted|p2b: Lucario\n|-damage|p2b: Lucario|95\/100\n|-ability|p2b: Lucario|Justified|boost\n|-boost|p2b: Lucario|atk|1\n|-resisted|p2b: Lucario\n|-damage|p2b: Lucario|92\/100\n|-ability|p2b: Lucario|Justified|boost\n|-boost|p2b: Lucario|atk|1\n|-resisted|p2b: Lucario\n|-damage|p2b: Lucario|91\/100\n|-ability|p2b: Lucario|Justified|boost\n|-boost|p2b: Lucario|atk|1\n|-resisted|p2b: Lucario\n|-damage|p2b: Lucario|89\/100\n|-ability|p2b: Lucario|Justified|boost\n|-boost|p2b: Lucario|atk|1\n|-hitcount|p2b: Lucario|6\n|move|p2b: Lucario|Drain Punch|p1a: Skipper\n|-supereffective|p1a: Skipper\n|-damage|p1a: Skipper|0 fnt\n|-heal|p2b: Lucario|100\/100|[from] drain|[of] p1a: Skipper\n|faint|p1a: Skipper\n|-end|p1a: Skipper|Quark Drive|[silent]\n|\n|-weather|Snow|[upkeep]\n|upkeep\n|inactive|Nickalip has 270 seconds left.\n|\n|t:|1699630697\n|switch|p1a: Volcabrona|Volcarona, M|100\/100\n|turn|3\n|\n|t:|1699630706\n|move|p2a: Whimsicott|Helping Hand|p2b: Lucario\n|-singleturn|p2b: Lucario|Helping Hand|[of] p2a: Whimsicott\n|move|p2b: Lucario|Rock Slide|p1a: Volcabrona|[spread] p1a,p1b\n|-supereffective|p1a: Volcabrona\n|-supereffective|p1b: Ola\n|-damage|p1a: Volcabrona|0 fnt\n|-damage|p1b: Ola|0 fnt\n|faint|p1a: Volcabrona\n|faint|p1b: Ola\n|\n|-weather|Snow|[upkeep]\n|upkeep\n|\n|t:|1699630719\n|switch|p1b: Angelo|Goodra-Hisui, M|100\/100\n|switch|p1a: Chimuelo|Roaring Moon|100\/100\n|-enditem|p1a: Chimuelo|Booster Energy\n|-activate|p1a: Chimuelo|ability: Protosynthesis|[fromitem]\n|-start|p1a: Chimuelo|protosynthesisatk\n|turn|4\n|\n|t:|1699630737\n|move|p2a: Whimsicott|Moonblast|p1a: Chimuelo\n|-supereffective|p1a: Chimuelo\n|-damage|p1a: Chimuelo|30\/100\n|move|p2b: Lucario|Drain Punch|p1b: Angelo\n|-supereffective|p1b: Angelo\n|-damage|p1b: Angelo|0 fnt\n|faint|p1b: Angelo\n|move|p1a: Chimuelo|Earthquake|p2b: Lucario|[spread] p2a,p2b\n|-resisted|p2a: Whimsicott\n|-supereffective|p2b: Lucario\n|-damage|p2a: Whimsicott|77\/100\n|-damage|p2b: Lucario|0 fnt\n|faint|p2b: Lucario\n|\n|-weather|Snow|[upkeep]\n|-sideend|p2: Benjaii|move: Tailwind\n|upkeep\n|\n|t:|1699630760\n|switch|p2b: Clefable|Clefable, F|100\/100\n|switch|p1b: Miau|Meowscarada, F|100\/100\n|turn|5\n|\n|t:|1699630772\n|-terastallize|p1a: Chimuelo|Steel\n|move|p1a: Chimuelo|Acrobatics|p2a: Whimsicott\n|-supereffective|p2a: Whimsicott\n|-damage|p2a: Whimsicott|0 fnt\n|faint|p2a: Whimsicott\n|move|p1b: Miau|Flower Trick|p2b: Clefable\n|-start|p1b: Miau|typechange|Grass|[from] ability: Protean\n|-crit|p2b: Clefable\n|-damage|p2b: Clefable|25\/100\n|-damage|p1b: Miau|91\/100|[from] item: Life Orb\n|move|p2b: Clefable|Calm Mind|p2b: Clefable\n|-boost|p2b: Clefable|spa|1\n|-boost|p2b: Clefable|spd|1\n|\n|-weather|none\n|-heal|p2b: Clefable|31\/100|[from] item: Leftovers\n|upkeep\n|\n|t:|1699630786\n|switch|p2a: Maushold|Maushold-Four|100\/100\n|turn|6\n|\n|t:|1699630801\n|-terastallize|p2a: Maushold|Normal\n|move|p2b: Clefable|Follow Me|p2b: Clefable\n|-singleturn|p2b: Clefable|move: Follow Me\n|move|p1a: Chimuelo|Acrobatics|p2b: Clefable\n|-damage|p2b: Clefable|0 fnt\n|faint|p2b: Clefable\n|move|p1b: Miau|Flower Trick|p2a: Maushold\n|-crit|p2a: Maushold\n|-damage|p2a: Maushold|6\/100\n|-damage|p1b: Miau|81\/100|[from] item: Life Orb\n|move|p2a: Maushold|Population Bomb|p1b: Miau\n|-damage|p1b: Miau|63\/100\n|-damage|p1b: Miau|47\/100\n|-damage|p1b: Miau|32\/100\n|-damage|p1b: Miau|16\/100\n|-damage|p1b: Miau|0 fnt\n|faint|p1b: Miau\n|-hitcount|p1: Miau|5\n|\n|upkeep\n|\n|t:|1699630812\n|switch|p2b: Jos\u00e9|Cinderace, F, shiny|100\/100\n|turn|7\n|\n|t:|1699630826\n|move|p1a: Chimuelo|Earthquake|p2a: Maushold|[spread] p2a,p2b\n|-supereffective|p2b: Jos\u00e9\n|-damage|p2a: Maushold|0 fnt\n|-damage|p2b: Jos\u00e9|0 fnt\n|faint|p2a: Maushold\n|faint|p2b: Jos\u00e9\n|\n|upkeep\n|\n|t:|1699630840\n|switch|p2b: Sneasler|Sneasler, M|100\/100\n|turn|8\n|\n|t:|1699630845\n|move|p2b: Sneasler|Fake Out|p1a: Chimuelo\n|-resisted|p1a: Chimuelo\n|-damage|p1a: Chimuelo|23\/100\n|cant|p1a: Chimuelo|flinch\n|\n|-sideend|p1: Nickalip|move: Aurora Veil\n|upkeep\n|turn|9\n|\n|t:|1699630853\n|move|p1a: Chimuelo|Acrobatics|p2b: Sneasler\n|-supereffective|p2b: Sneasler\n|-damage|p2b: Sneasler|0 fnt\n|faint|p2b: Sneasler\n|\n|win|Nickalip\n","uploadtime":1699630862,"views":12,"p1id":"nickalip","p2id":"benjaii","formatid":"gen9nationaldexdoubles","rating":0,"private":0,"password":""}