{"id":"gen9nationaldexdoubles-1987819836","p1":"Obsidrugon","p2":"Theadonia","format":"[Gen 9] National Dex Doubles","log":"|j|\u2606Obsidrugon\n|j|\u2606Theadonia\n|t:|1699639814\n|gametype|doubles\n|player|p1|Obsidrugon|erika-gen1|1221\n|player|p2|Theadonia|roxie|1139\n|teamsize|p1|6\n|teamsize|p2|6\n|gen|9\n|tier|[Gen 9] National Dex Doubles\n|rated|\n|rule|HP Percentage Mod: HP is shown in percentages\n|rule|Endless Battle Clause: Forcing endless battles is banned\n|rule|OHKO Clause: OHKO moves are banned\n|rule|Evasion Moves Clause: Evasion moves are banned\n|rule|Evasion Abilities Clause: Evasion abilities are banned\n|rule|Species Clause: Limit one of each Pok\u00e9mon\n|rule|Gravity Sleep Clause: The combination of sleep-inducing moves with imperfect accuracy and Gravity or Gigantamax Orbeetle are banned\n|clearpoke\n|poke|p1|Liepard, M|\n|poke|p1|Oricorio-Pom-Pom, M|\n|poke|p1|Espeon, F|\n|poke|p1|Iron Moth|\n|poke|p1|Indeedee, M|\n|poke|p1|Charizard, M|\n|poke|p2|Delphox, F|\n|poke|p2|Oricorio-Sensu, F|\n|poke|p2|Kommo-o, F|\n|poke|p2|Wailord, M|\n|poke|p2|Cresselia, F|\n|poke|p2|Ribombee, M|\n|teampreview\n|c|\u2606Obsidrugon|Dancing gang\n|\n|t:|1699639835\n|start\n|switch|p1a: Oricorio|Oricorio-Pom-Pom, M, shiny|100\/100\n|switch|p1b: Liepard|Liepard, M, shiny|100\/100\n|switch|p2a: Delphox|Delphox, F, shiny|100\/100\n|switch|p2b: Kommo-o|Kommo-o, F, shiny|100\/100\n|turn|1\n|c|\u2606Theadonia|Dancer is the bestttt\n|c|\u2606Obsidrugon|Frfr\n|\n|t:|1699639848\n|move|p1b: Liepard|Role Play|p1a: Oricorio\n|-endability|p1b: Liepard|Prankster|[from] move: Role Play\n|-ability|p1b: Liepard|Dancer|[from] move: Role Play|[of] p1a: Oricorio\n|move|p2a: Delphox|Role Play|p1a: Oricorio\n|-endability|p2a: Delphox|Magician|[from] move: Role Play\n|-ability|p2a: Delphox|Dancer|[from] move: Role Play|[of] p1a: Oricorio\n|-zpower|p2b: Kommo-o\n|move|p2b: Kommo-o|Clangorous Soulblaze|p1a: Oricorio|[zeffect]|[spread] p1a,p1b\n|-damage|p1a: Oricorio|29\/100\n|-enditem|p1b: Liepard|Focus Sash\n|-damage|p1b: Liepard|1\/100\n|-boost|p2b: Kommo-o|atk|1\n|-boost|p2b: Kommo-o|def|1\n|-boost|p2b: Kommo-o|spa|1\n|-boost|p2b: Kommo-o|spd|1\n|-boost|p2b: Kommo-o|spe|1\n|move|p1a: Oricorio|Quiver Dance|p1a: Oricorio\n|-boost|p1a: Oricorio|spa|1\n|-boost|p1a: Oricorio|spd|1\n|-boost|p1a: Oricorio|spe|1\n|-activate|p1b: Liepard|ability: Dancer\n|move|p1b: Liepard|Quiver Dance|p1b: Liepard|[from]ability: Dancer\n|-boost|p1b: Liepard|spa|1\n|-boost|p1b: Liepard|spd|1\n|-boost|p1b: Liepard|spe|1\n|-activate|p2a: Delphox|ability: Dancer\n|move|p2a: Delphox|Quiver Dance|p2a: Delphox|[from]ability: Dancer\n|-boost|p2a: Delphox|spa|1\n|-boost|p2a: Delphox|spd|1\n|-boost|p2a: Delphox|spe|1\n|\n|upkeep\n|turn|2\n|\n|t:|1699639880\n|-terastallize|p2a: Delphox|Grass\n|move|p1a: Oricorio|Protect|p1a: Oricorio\n|-singleturn|p1a: Oricorio|Protect\n|move|p2a: Delphox|Heat Wave|p1b: Liepard|[spread] p1b\n|-activate|p1a: Oricorio|move: Protect\n|-crit|p1b: Liepard\n|-damage|p1b: Liepard|0 fnt\n|faint|p1b: Liepard\n|move|p2b: Kommo-o|Clangorous Soul|p2b: Kommo-o\n|-boost|p2b: Kommo-o|atk|1\n|-boost|p2b: Kommo-o|def|1\n|-boost|p2b: Kommo-o|spa|1\n|-boost|p2b: Kommo-o|spd|1\n|-boost|p2b: Kommo-o|spe|1\n|-damage|p2b: Kommo-o|68\/100\n|-activate|p1a: Oricorio|ability: Dancer\n|move|p1a: Oricorio|Clangorous Soul||[from]ability: Dancer|[still]\n|-fail|p1a: Oricorio\n|-activate|p2a: Delphox|ability: Dancer\n|move|p2a: Delphox|Clangorous Soul|p2a: Delphox|[from]ability: Dancer\n|-boost|p2a: Delphox|atk|1\n|-boost|p2a: Delphox|def|1\n|-boost|p2a: Delphox|spa|1\n|-boost|p2a: Delphox|spd|1\n|-boost|p2a: Delphox|spe|1\n|-damage|p2a: Delphox|68\/100\n|\n|upkeep\n|\n|t:|1699639890\n|switch|p1b: Iron Moth|Iron Moth, shiny|100\/100\n|-enditem|p1b: Iron Moth|Booster Energy\n|-activate|p1b: Iron Moth|ability: Quark Drive|[fromitem]\n|-start|p1b: Iron Moth|quarkdrivespe\n|turn|3\n|\n|t:|1699639911\n|move|p2a: Delphox|Stored Power|p1b: Iron Moth\n|-supereffective|p1b: Iron Moth\n|-damage|p1b: Iron Moth|0 fnt\n|faint|p1b: Iron Moth\n|-end|p1b: Iron Moth|Quark Drive|[silent]\n|move|p2b: Kommo-o|Poison Jab|p1a: Oricorio\n|-crit|p1a: Oricorio\n|-damage|p1a: Oricorio|0 fnt\n|faint|p1a: Oricorio\n|\n|upkeep\n|\n|t:|1699639918\n|switch|p1b: Espeon|Espeon, F|100\/100\n|switch|p1a: Indeedee|Indeedee, M|100\/100\n|-fieldstart|move: Psychic Terrain|[from] ability: Psychic Surge|[of] p1a: Indeedee\n|turn|4\n|\n|t:|1699639934\n|-terastallize|p1a: Indeedee|Psychic\n|move|p2a: Delphox|Heat Wave|p1b: Espeon|[spread] p1a,p1b\n|-damage|p1a: Indeedee|9\/100\n|-damage|p1b: Espeon|14\/100\n|move|p2b: Kommo-o|Clanging Scales|p1a: Indeedee|[spread] p1a,p1b\n|-damage|p1a: Indeedee|0 fnt\n|-damage|p1b: Espeon|0 fnt\n|faint|p1a: Indeedee\n|faint|p1b: Espeon\n|-unboost|p2b: Kommo-o|def|1\n|\n|upkeep\n|\n|t:|1699639942\n|switch|p1b: Charizard|Charizard, M|100\/100\n|turn|5\n|c|\u2606Obsidrugon|Moment\n|c|\u2606Obsidrugon|Gg\n|\n|t:|1699639955\n|detailschange|p1b: Charizard|Charizard-Mega-Y, M\n|-mega|p1b: Charizard|Charizard|Charizardite Y\n|-weather|SunnyDay|[from] ability: Drought|[of] p1b: Charizard\n|move|p2a: Delphox|Heat Wave|p1b: Charizard\n|-resisted|p1b: Charizard\n|-damage|p1b: Charizard|37\/100\n|move|p2b: Kommo-o|Clanging Scales|p1b: Charizard\n|-damage|p1b: Charizard|0 fnt\n|faint|p1b: Charizard\n|\n|win|Theadonia\n|raw|Obsidrugon's rating: 1221 &rarr; <strong>1190<\/strong><br \/>(-31 for losing)\n|raw|Theadonia's rating: 1139 &rarr; <strong>1170<\/strong><br \/>(+31 for winning)\n|c|\u2606Theadonia|Ggwp homie :)\n","uploadtime":1699639979,"views":5,"p1id":"obsidrugon","p2id":"theadonia","formatid":"gen9nationaldexdoubles","rating":1170,"private":0,"password":""}