{"id":"gen9nationaldexdoubles-1962940190","p1":"femspencer","p2":"kingspeed51","format":"[Gen 9] National Dex Doubles","log":"|j|\u2606femspencer\n|j|\u2606kingspeed51\n|t:|1696807623\n|gametype|doubles\n|player|p1|femspencer|nurse|1063\n|player|p2|kingspeed51|169|1192\n|teamsize|p1|6\n|teamsize|p2|6\n|gen|9\n|tier|[Gen 9] National Dex Doubles\n|rated|\n|rule|HP Percentage Mod: HP is shown in percentages\n|rule|Endless Battle Clause: Forcing endless battles is banned\n|rule|OHKO Clause: OHKO moves are banned\n|rule|Evasion Moves Clause: Evasion moves are banned\n|rule|Evasion Abilities Clause: Evasion abilities are banned\n|rule|Species Clause: Limit one of each Pok\u00e9mon\n|rule|Gravity Sleep Clause: The combination of sleep-inducing moves with imperfect accuracy and Gravity or Gigantamax Orbeetle are banned\n|clearpoke\n|poke|p1|Sinistcha-Masterpiece|\n|poke|p1|Chandelure, F|\n|poke|p1|Flutter Mane|\n|poke|p1|Cofagrigus, F|\n|poke|p1|Dragapult, F|\n|poke|p1|Trevenant, F|\n|poke|p2|Metagross|\n|poke|p2|Salamence, M|\n|poke|p2|Iron Moth|\n|poke|p2|Greninja-*, M|\n|poke|p2|Whimsicott, F|\n|poke|p2|Chansey, F|\n|teampreview\n|\n|t:|1696807634\n|start\n|switch|p1a: Flutter Mane|Flutter Mane|100\/100\n|switch|p1b: Trevenant|Trevenant, F|100\/100\n|switch|p2a: Whimsicott|Whimsicott, F|100\/100\n|switch|p2b: Greninja|Greninja, M|100\/100\n|turn|1\n|\n|t:|1696807668\n|-terastallize|p1a: Flutter Mane|Fairy\n|move|p2a: Whimsicott|Tailwind|p2a: Whimsicott\n|-sidestart|p2: kingspeed51|move: Tailwind\n|move|p2b: Greninja|Dark Pulse|p1b: Trevenant\n|-start|p2b: Greninja|typechange|Dark|[from] ability: Protean\n|-supereffective|p1b: Trevenant\n|-damage|p1b: Trevenant|18\/100\n|-enditem|p1b: Trevenant|Sitrus Berry|[eat]\n|-heal|p1b: Trevenant|43\/100|[from] item: Sitrus Berry\n|move|p1a: Flutter Mane|Moonblast|p2b: Greninja\n|-supereffective|p2b: Greninja\n|-damage|p2b: Greninja|0 fnt\n|faint|p2b: Greninja\n|move|p1b: Trevenant|Knock Off|p2a: Whimsicott\n|-resisted|p2a: Whimsicott\n|-damage|p2a: Whimsicott|82\/100\n|-enditem|p2a: Whimsicott|Focus Sash|[from] move: Knock Off|[of] p1b: Trevenant\n|\n|upkeep\n|\n|t:|1696807690\n|switch|p2b: Metagross|Metagross|100\/100\n|turn|2\n|\n|t:|1696807702\n|-terastallize|p2b: Metagross|Ground\n|move|p2a: Whimsicott|Taunt|p1a: Flutter Mane\n|-start|p1a: Flutter Mane|move: Taunt\n|move|p1a: Flutter Mane|Moonblast|p2b: Metagross\n|-damage|p2b: Metagross|15\/100\n|move|p2b: Metagross|Meteor Mash|p1a: Flutter Mane\n|-supereffective|p1a: Flutter Mane\n|-damage|p1a: Flutter Mane|0 fnt\n|faint|p1a: Flutter Mane\n|-end|p1a: Flutter Mane|Protosynthesis|[silent]\n|move|p1b: Trevenant|Poltergeist|p2b: Metagross\n|-activate|p2b: Metagross|move: Poltergeist|Weakness Policy\n|-damage|p2b: Metagross|0 fnt\n|faint|p2b: Metagross\n|\n|-item|p1b: Trevenant|Sitrus Berry|[from] ability: Harvest\n|upkeep\n|-enditem|p1b: Trevenant|Sitrus Berry|[eat]\n|-heal|p1b: Trevenant|68\/100|[from] item: Sitrus Berry\n|\n|t:|1696807738\n|switch|p1a: Cofagrigus|Cofagrigus, F|100\/100\n|switch|p2b: Chansey|Chansey, F|100\/100\n|turn|3\n|\n|t:|1696807751\n|move|p2a: Whimsicott|Moonblast|p1b: Trevenant\n|-damage|p1b: Trevenant|41\/100\n|-unboost|p1b: Trevenant|spa|1\n|move|p2b: Chansey|Toxic|p1a: Cofagrigus\n|-status|p1a: Cofagrigus|tox\n|move|p1b: Trevenant|Knock Off|p2b: Chansey\n|-damage|p2b: Chansey|81\/100\n|-enditem|p2b: Chansey|Eviolite|[from] move: Knock Off|[of] p1b: Trevenant\n|move|p1a: Cofagrigus|Iron Defense|p1a: Cofagrigus\n|-boost|p1a: Cofagrigus|def|2\n|\n|-damage|p1a: Cofagrigus|94\/100 tox|[from] psn\n|-item|p1b: Trevenant|Sitrus Berry|[from] ability: Harvest\n|upkeep\n|-enditem|p1b: Trevenant|Sitrus Berry|[eat]\n|-heal|p1b: Trevenant|66\/100|[from] item: Sitrus Berry\n|turn|4\n|\n|t:|1696807774\n|switch|p2b: Salamence|Salamence, M|100\/100\n|-ability|p2b: Salamence|Intimidate|boost\n|-unboost|p1a: Cofagrigus|atk|1\n|-unboost|p1b: Trevenant|atk|1\n|move|p2a: Whimsicott|Protect|p2a: Whimsicott\n|-singleturn|p2a: Whimsicott|Protect\n|move|p1b: Trevenant|Leech Seed|p2b: Salamence\n|-start|p2b: Salamence|move: Leech Seed\n|move|p1a: Cofagrigus|Body Press|p2b: Salamence\n|-resisted|p2b: Salamence\n|-damage|p2b: Salamence|70\/100\n|\n|-heal|p1a: Cofagrigus|100\/100 tox|[from] item: Leftovers\n|-damage|p2b: Salamence|57\/100|[from] Leech Seed|[of] p1b: Trevenant\n|-heal|p1b: Trevenant|77\/100|[silent]\n|-damage|p1a: Cofagrigus|88\/100 tox|[from] psn\n|-sideend|p2: kingspeed51|move: Tailwind\n|upkeep\n|turn|5\n|\n|t:|1696807793\n|move|p2a: Whimsicott|Tailwind|p2a: Whimsicott\n|-sidestart|p2: kingspeed51|move: Tailwind\n|move|p2b: Salamence|Outrage|p1b: Trevenant\n|-damage|p1b: Trevenant|0 fnt\n|faint|p1b: Trevenant\n|-damage|p2b: Salamence|47\/100|[from] item: Life Orb\n|move|p1a: Cofagrigus|Toxic|p2a: Whimsicott\n|-status|p2a: Whimsicott|tox\n|\n|-heal|p1a: Cofagrigus|94\/100 tox|[from] item: Leftovers\n|-damage|p2a: Whimsicott|76\/100 tox|[from] psn\n|-damage|p1a: Cofagrigus|75\/100 tox|[from] psn\n|upkeep\n|\n|t:|1696807805\n|switch|p1b: Chandelure|Chandelure, F|100\/100\n|turn|6\n|\n|t:|1696807813\n|switch|p2a: Iron Moth|Iron Moth|100\/100\n|-enditem|p2a: Iron Moth|Booster Energy\n|-activate|p2a: Iron Moth|ability: Quark Drive|[fromitem]\n|-start|p2a: Iron Moth|quarkdrivespa\n|move|p2b: Salamence|Outrage|p1a: Cofagrigus|[from]lockedmove\n|-damage|p1a: Cofagrigus|38\/100 tox\n|-activate|p1a: Cofagrigus|ability: Mummy|Intimidate|[of] p2b: Salamence\n|-damage|p2b: Salamence|37\/100|[from] item: Life Orb\n|-start|p2b: Salamence|confusion|[fatigue]\n|move|p1b: Chandelure|Flamethrower|p2a: Iron Moth\n|-resisted|p2a: Iron Moth\n|-damage|p2a: Iron Moth|76\/100\n|move|p1a: Cofagrigus|Iron Defense|p1a: Cofagrigus\n|-boost|p1a: Cofagrigus|def|2\n|\n|-heal|p1a: Cofagrigus|44\/100 tox|[from] item: Leftovers\n|-damage|p2b: Salamence|25\/100|[from] Leech Seed|[of] p1b: Chandelure\n|-damage|p1a: Cofagrigus|19\/100 tox|[from] psn\n|upkeep\n|turn|7\n|\n|t:|1696807840\n|move|p2a: Iron Moth|Fiery Dance|p1a: Cofagrigus\n|-damage|p1a: Cofagrigus|0 fnt\n|faint|p1a: Cofagrigus\n|-activate|p2b: Salamence|confusion\n|move|p2b: Salamence|Dual Wingbeat|p1b: Chandelure\n|-damage|p1b: Chandelure|58\/100\n|-damage|p1b: Chandelure|12\/100\n|-hitcount|p1b: Chandelure|2\n|-damage|p2b: Salamence|15\/100|[from] item: Life Orb\n|move|p1b: Chandelure|Hex|p2a: Iron Moth\n|-damage|p2a: Iron Moth|38\/100\n|\n|-damage|p2b: Salamence|3\/100|[from] Leech Seed|[of] p1b: Chandelure\n|-heal|p1b: Chandelure|28\/100|[silent]\n|upkeep\n|\n|t:|1696807853\n|switch|p1a: Sinistcha|Sinistcha-Masterpiece|100\/100\n|-heal|p1b: Chandelure|53\/100|[from] ability: Hospitality|[of] p1a: Sinistcha\n|turn|8\n|\n|t:|1696807863\n|move|p2a: Iron Moth|Fiery Dance|p1a: Sinistcha\n|-supereffective|p1a: Sinistcha\n|-damage|p1a: Sinistcha|0 fnt\n|-boost|p2a: Iron Moth|spa|1\n|faint|p1a: Sinistcha\n|-activate|p2b: Salamence|confusion\n|move|p2b: Salamence|Outrage|p1b: Chandelure\n|-damage|p1b: Chandelure|0 fnt\n|faint|p1b: Chandelure\n|-damage|p2b: Salamence|0 fnt|[from] item: Life Orb\n|faint|p2b: Salamence\n|\n|-sideend|p2: kingspeed51|move: Tailwind\n|upkeep\n|\n|t:|1696807876\n|switch|p2b: Whimsicott|Whimsicott, F|76\/100 tox\n|switch|p1b: Dragapult|Dragapult, F, shiny|100\/100\n|turn|9\n|\n|t:|1696807883\n|move|p2b: Whimsicott|Tailwind|p2b: Whimsicott\n|-sidestart|p2: kingspeed51|move: Tailwind\n|move|p2a: Iron Moth|Fiery Dance|p1b: Dragapult\n|-resisted|p1b: Dragapult\n|-damage|p1b: Dragapult|42\/100\n|-boost|p2a: Iron Moth|spa|1\n|move|p1b: Dragapult|Phantom Force||[still]\n|-prepare|p1b: Dragapult|Phantom Force\n|\n|-heal|p1b: Dragapult|48\/100|[from] item: Leftovers\n|-damage|p2b: Whimsicott|70\/100 tox|[from] psn\n|upkeep\n|turn|10\n|\n|t:|1696807898\n|-end|p2a: Iron Moth|Quark Drive|[silent]\n|switch|p2a: Chansey|Chansey, F|81\/100\n|move|p2b: Whimsicott|Moonblast|p1b: Dragapult|[miss]\n|-miss|p2b: Whimsicott|p1b: Dragapult\n|move|p1b: Dragapult|Phantom Force|p2a: Chansey|[from]lockedmove\n|-immune|p2a: Chansey\n|\n|-heal|p1b: Dragapult|54\/100|[from] item: Leftovers\n|-damage|p2b: Whimsicott|58\/100 tox|[from] psn\n|upkeep\n|turn|11\n|\n|t:|1696807913\n|move|p2b: Whimsicott|Moonblast|p1b: Dragapult\n|-supereffective|p1b: Dragapult\n|-damage|p1b: Dragapult|0 fnt\n|faint|p1b: Dragapult\n|\n|win|kingspeed51\n|raw|femspencer's rating: 1063 &rarr; <strong>1050<\/strong><br \/>(-13 for losing)\n|raw|kingspeed51's rating: 1192 &rarr; <strong>1208<\/strong><br \/>(+16 for winning)\n|l|\u2606femspencer\n","uploadtime":1696807920,"views":8,"p1id":"femspencer","p2id":"kingspeed51","formatid":"gen9nationaldexdoubles","rating":1050,"private":0,"password":""}