{"id":"gen9nationaldexdoubles-1975071732","p1":"Chaoss150","p2":"Syph0n_78","format":"[Gen 9] National Dex Doubles","log":"|j|\u2606Chaoss150\n|j|\u2606Syph0n_78\n|t:|1698159695\n|gametype|doubles\n|player|p1|Chaoss150|hugh|\n|player|p2|Syph0n_78|265|\n|teamsize|p1|6\n|teamsize|p2|6\n|gen|9\n|tier|[Gen 9] National Dex Doubles\n|rule|HP Percentage Mod: HP is shown in percentages\n|rule|Endless Battle Clause: Forcing endless battles is banned\n|rule|OHKO Clause: OHKO moves are banned\n|rule|Evasion Moves Clause: Evasion moves are banned\n|rule|Evasion Abilities Clause: Evasion abilities are banned\n|rule|Species Clause: Limit one of each Pok\u00e9mon\n|rule|Gravity Sleep Clause: The combination of sleep-inducing moves with imperfect accuracy and Gravity or Gigantamax Orbeetle are banned\n|clearpoke\n|poke|p1|Indeedee-F, F|\n|poke|p1|Hatterene, F|\n|poke|p1|Armarouge, F|\n|poke|p1|Farigiraf, M|\n|poke|p1|Ursaluna-Bloodmoon, M|\n|poke|p1|Torkoal, M|\n|poke|p2|Cherrim, M|\n|poke|p2|Charizard, F|\n|poke|p2|Lilligant-Hisui, F|\n|poke|p2|Sandy Shocks|\n|poke|p2|Scovillain, F|\n|poke|p2|Venusaur, M|\n|teampreview\n|inactive|Battle timer is ON: inactive players will automatically lose when time's up. (requested by Chaoss150)\n|\n|t:|1698159714\n|start\n|switch|p1a: Ursaluna|Ursaluna-Bloodmoon, M|100\/100\n|switch|p1b: Farigiraf|Farigiraf, M|100\/100\n|switch|p2a: Charizard|Charizard, F|100\/100\n|switch|p2b: Sandy Shocks|Sandy Shocks|100\/100\n|-enditem|p2b: Sandy Shocks|Booster Energy\n|-activate|p2b: Sandy Shocks|ability: Protosynthesis|[fromitem]\n|-start|p2b: Sandy Shocks|protosynthesisspa\n|turn|1\n|\n|t:|1698159738\n|detailschange|p2a: Charizard|Charizard-Mega-Y, F\n|-mega|p2a: Charizard|Charizard|Charizardite Y\n|-weather|SunnyDay|[from] ability: Drought|[of] p2a: Charizard\n|move|p2b: Sandy Shocks|Volt Switch|p1b: Farigiraf\n|-crit|p1b: Farigiraf\n|-damage|p1b: Farigiraf|28\/100\n|-enditem|p1b: Farigiraf|Sitrus Berry|[eat]\n|-heal|p1b: Farigiraf|53\/100|[from] item: Sitrus Berry\n|c|\u2606Chaoss150|do you have manual sun on any of your mons?\n|\n|t:|1698159749\n|-end|p2b: Sandy Shocks|Protosynthesis|[silent]\n|switch|p2b: Lilligant|Lilligant-Hisui, F|100\/100|[from] Volt Switch\n|move|p2a: Charizard|Solar Beam||[still]\n|-prepare|p2a: Charizard|Solar Beam\n|-anim|p2a: Charizard|Solar Beam|p1a: Ursaluna\n|-supereffective|p1a: Ursaluna\n|-damage|p1a: Ursaluna|0 fnt\n|faint|p1a: Ursaluna\n|move|p1b: Farigiraf|Trick Room|p1b: Farigiraf\n|-fieldstart|move: Trick Room|[of] p1b: Farigiraf\n|\n|-weather|SunnyDay|[upkeep]\n|upkeep\n|\n|t:|1698159759\n|switch|p1a: Torkoal|Torkoal, M|100\/100\n|turn|2\n|\n|t:|1698159771\n|move|p1a: Torkoal|Eruption|p2a: Charizard|[spread] p2a,p2b\n|-resisted|p2a: Charizard\n|-supereffective|p2b: Lilligant\n|-damage|p2a: Charizard|56\/100\n|-enditem|p2b: Lilligant|Focus Sash\n|-damage|p2b: Lilligant|1\/100\n|move|p1b: Farigiraf|Hyper Voice|p2a: Charizard|[spread] p2a,p2b\n|-damage|p2a: Charizard|21\/100\n|-damage|p2b: Lilligant|0 fnt\n|faint|p2b: Lilligant\n|move|p2a: Charizard|Heat Wave|p1a: Torkoal|[spread] p1b\n|-miss|p2a: Charizard|p1a: Torkoal\n|-damage|p1b: Farigiraf|0 fnt\n|faint|p1b: Farigiraf\n|\n|-weather|SunnyDay|[upkeep]\n|upkeep\n|c|\u2606Syph0n_78|Oh AND the miss\n|\n|t:|1698159798\n|switch|p1b: Indeedee|Indeedee-F, F|100\/100\n|switch|p2b: Sandy Shocks|Sandy Shocks|100\/100\n|-fieldstart|move: Psychic Terrain|[from] ability: Psychic Surge|[of] p1b: Indeedee\n|-activate|p2b: Sandy Shocks|ability: Protosynthesis\n|-start|p2b: Sandy Shocks|protosynthesisspa\n|turn|3\n|\n|t:|1698159813\n|-terastallize|p2b: Sandy Shocks|Water\n|move|p1a: Torkoal|Eruption|p2b: Sandy Shocks|[spread] p2a,p2b\n|-resisted|p2a: Charizard\n|-resisted|p2b: Sandy Shocks\n|-damage|p2a: Charizard|0 fnt\n|-damage|p2b: Sandy Shocks|44\/100\n|faint|p2a: Charizard\n|move|p1b: Indeedee|Expanding Force|p2b: Sandy Shocks\n|-damage|p2b: Sandy Shocks|0 fnt\n|faint|p2b: Sandy Shocks\n|-end|p2b: Sandy Shocks|Protosynthesis|[silent]\n|\n|-weather|SunnyDay|[upkeep]\n|upkeep\n|c|\u2606Chaoss150|gg\n|c|\u2606Syph0n_78|Nah like what am i supposed to do lol\n|inactive|Syph0n_78 has 270 seconds left.\n|c|\u2606Syph0n_78|I still take over half from that?\n|\n|t:|1698159850\n|switch|p2a: Venusaur|Venusaur, M|100\/100\n|switch|p2b: Scovillain|Scovillain, F|100\/100\n|turn|4\n|c|\u2606Chaoss150|180 power + sun + stab\n|c|\u2606Syph0n_78|I know\n|inactive|Syph0n_78 has 270 seconds left.\n|c|\u2606Syph0n_78|Trick room is ridiculous man\n|c|\u2606Syph0n_78|Everything is bulky and hits hard but slow\n|c|\u2606Chaoss150|only lasts 4 turns though\n|inactive|Syph0n_78 has 240 seconds left.\n|c|\u2606Syph0n_78|And during those 4 turns you are allowed to kill atleast 4 pokemon\n|inactive|Syph0n_78 has 210 seconds left.\n|\n|t:|1698159928\n|move|p1a: Torkoal|Eruption|p2b: Scovillain|[spread] p2a,p2b\n|-supereffective|p2a: Venusaur\n|-damage|p2a: Venusaur|0 fnt\n|-damage|p2b: Scovillain|0 fnt\n|faint|p2a: Venusaur\n|faint|p2b: Scovillain\n|move|p1b: Indeedee|Expanding Force|p2: Venusaur|[notarget]\n|-fail|p1b: Indeedee\n|\n|-weather|SunnyDay|[upkeep]\n|upkeep\n|c|\u2606Syph0n_78|Like\n|c|\u2606Chaoss150|maybe try protect?\n|c|\u2606Chaoss150|to stall tr turns\n|c|\u2606Syph0n_78|My team would have less coverage\n|inactive|Syph0n_78 has 180 seconds left.\n|c|\u2606Syph0n_78|I didnt think anyone would run trickroom\n|\n|t:|1698159972\n|switch|p2b: Cherrim|Cherrim, M|100\/100\n|-formechange|p2b: Cherrim|Cherrim-Sunshine|[msg]|[from] ability: Flower Gift\n|turn|5\n|c|\u2606Chaoss150|tr is pretty popular\n|\n|t:|1698159981\n|move|p1b: Indeedee|Helping Hand|p1a: Torkoal\n|-singleturn|p1a: Torkoal|Helping Hand|[of] p1b: Indeedee\n|move|p2b: Cherrim|Protect|p2b: Cherrim\n|-singleturn|p2b: Cherrim|Protect\n|move|p1a: Torkoal|Flamethrower|p2b: Cherrim\n|-activate|p2b: Cherrim|move: Protect\n|\n|-weather|none\n|-formechange|p2b: Cherrim|Cherrim|[msg]|[from] ability: Flower Gift\n|-fieldend|move: Trick Room\n|upkeep\n|turn|6\n|inactive|Syph0n_78 has 210 seconds left.\n|c|\u2606Syph0n_78|Aint that just unfortunate\n|\n|t:|1698160009\n|move|p1b: Indeedee|Helping Hand|p1a: Torkoal\n|-singleturn|p1a: Torkoal|Helping Hand|[of] p1b: Indeedee\n|move|p2b: Cherrim|Play Rough|p1b: Indeedee\n|-damage|p1b: Indeedee|68\/100\n|-damage|p2b: Cherrim|91\/100|[from] item: Life Orb\n|move|p1a: Torkoal|Flamethrower|p2b: Cherrim\n|-supereffective|p2b: Cherrim\n|-damage|p2b: Cherrim|0 fnt\n|faint|p2b: Cherrim\n|\n|win|Chaoss150\n|l|\u2606Chaoss150\n|l|\u2606Syph0n_78\n|j|\u2606Chaoss150\n|player|p1|Chaoss150|hugh\n","uploadtime":1698161323,"views":14,"p1id":"chaoss150","p2id":"syph0n78","formatid":"gen9nationaldexdoubles","rating":0,"private":0,"password":""}