{"id":"gen9nationaldexdoubles-1976170704","p1":"vimoment","p2":"darklife0","format":"[Gen 9] National Dex Doubles","log":"|j|\u2606vimoment\n|j|\u2606darklife0\n|t:|1698270069\n|gametype|doubles\n|player|p1|vimoment|leon-tower|1173\n|player|p2|darklife0|169|1110\n|teamsize|p1|6\n|teamsize|p2|6\n|gen|9\n|tier|[Gen 9] National Dex Doubles\n|rated|\n|rule|HP Percentage Mod: HP is shown in percentages\n|rule|Endless Battle Clause: Forcing endless battles is banned\n|rule|OHKO Clause: OHKO moves are banned\n|rule|Evasion Moves Clause: Evasion moves are banned\n|rule|Evasion Abilities Clause: Evasion abilities are banned\n|rule|Species Clause: Limit one of each Pok\u00e9mon\n|rule|Gravity Sleep Clause: The combination of sleep-inducing moves with imperfect accuracy and Gravity or Gigantamax Orbeetle are banned\n|clearpoke\n|poke|p1|Charizard, M|\n|poke|p1|Dragapult, M|\n|poke|p1|Mr. Rime, F|\n|poke|p1|Cinderace, M|\n|poke|p1|Rillaboom, F|\n|poke|p1|Inteleon, M|\n|poke|p2|Salamence, M|\n|poke|p2|Garganacl, F|\n|poke|p2|Heatran, M|\n|poke|p2|Corviknight, F|\n|poke|p2|Slowbro-Galar, M|\n|poke|p2|Indeedee, M|\n|teampreview\n|inactive|Battle timer is ON: inactive players will automatically lose when time's up. (requested by darklife0)\n|\n|t:|1698270077\n|start\n|switch|p1a: Charizard|Charizard, M|100\/100\n|switch|p1b: Rillaboom|Rillaboom, F|100\/100\n|switch|p2a: Slowbro|Slowbro-Galar, M|100\/100\n|switch|p2b: Indeedee|Indeedee, M|100\/100\n|-fieldstart|move: Psychic Terrain|[from] ability: Psychic Surge|[of] p2b: Indeedee\n|-fieldstart|move: Grassy Terrain|[from] ability: Grassy Surge|[of] p1b: Rillaboom\n|turn|1\n|\n|t:|1698270091\n|detailschange|p1a: Charizard|Charizard-Mega-Y, M\n|-mega|p1a: Charizard|Charizard|Charizardite Y\n|-weather|SunnyDay|[from] ability: Drought|[of] p1a: Charizard\n|move|p1b: Rillaboom|Fake Out|p2b: Indeedee\n|-damage|p2b: Indeedee|71\/100\n|move|p1a: Charizard|Heat Wave|p2a: Slowbro|[spread] p2a\n|-miss|p1a: Charizard|p2b: Indeedee\n|-damage|p2a: Slowbro|24\/100\n|cant|p2b: Indeedee|flinch\n|move|p2a: Slowbro|Shell Side Arm|p1b: Rillaboom|[anim] Shell Side Arm Special\n|-supereffective|p1b: Rillaboom\n|-damage|p1b: Rillaboom|14\/100\n|-hint|Special Shell Side Arm\n|\n|-weather|SunnyDay|[upkeep]\n|-heal|p2b: Indeedee|77\/100|[from] Grassy Terrain\n|-heal|p1b: Rillaboom|20\/100|[from] Grassy Terrain\n|-heal|p2a: Slowbro|30\/100|[from] Grassy Terrain\n|upkeep\n|turn|2\n|\n|t:|1698270108\n|move|p1a: Charizard|Heat Wave|p2a: Slowbro|[spread] p2a,p2b\n|-damage|p2a: Slowbro|0 fnt\n|-damage|p2b: Indeedee|0 fnt\n|faint|p2a: Slowbro\n|faint|p2b: Indeedee\n|move|p1b: Rillaboom|U-turn|p2: Slowbro|[notarget]\n|-fail|p1b: Rillaboom\n|\n|-weather|SunnyDay|[upkeep]\n|-heal|p1b: Rillaboom|26\/100|[from] Grassy Terrain\n|upkeep\n|\n|t:|1698270113\n|switch|p2b: Salamence|Salamence, M|100\/100\n|switch|p2a: Heatran|Heatran, M|100\/100\n|-item|p2a: Heatran|Air Balloon\n|turn|3\n|\n|t:|1698270125\n|-terastallize|p2b: Salamence|Fairy\n|move|p1a: Charizard|Protect|p1a: Charizard\n|-singleturn|p1a: Charizard|Protect\n|move|p2b: Salamence|Dragon Dance|p2b: Salamence\n|-boost|p2b: Salamence|atk|1\n|-boost|p2b: Salamence|spe|1\n|move|p1b: Rillaboom|U-turn|p2a: Heatran\n|-resisted|p2a: Heatran\n|-damage|p2a: Heatran|95\/100\n|-enditem|p2a: Heatran|Air Balloon\n|\n|t:|1698270136\n|switch|p1b: Inteleon|Inteleon, M|100\/100|[from] U-turn\n|move|p2a: Heatran|Power Gem|p1a: Charizard\n|-activate|p1a: Charizard|move: Protect\n|\n|-weather|SunnyDay|[upkeep]\n|-heal|p2a: Heatran|100\/100|[from] Grassy Terrain\n|upkeep\n|turn|4\n|\n|t:|1698270157\n|move|p2b: Salamence|Dual Wingbeat|p1a: Charizard\n|-damage|p1a: Charizard|51\/100\n|-damage|p1a: Charizard|0 fnt\n|faint|p1a: Charizard\n|-ability|p2b: Salamence|Moxie|boost\n|-boost|p2b: Salamence|atk|1\n|-hitcount|p1: Charizard|2\n|move|p1b: Inteleon|Snipe Shot|p2b: Salamence\n|-damage|p2b: Salamence|64\/100\n|move|p2a: Heatran|Power Gem|p1b: Inteleon\n|-damage|p1b: Inteleon|47\/100\n|\n|-weather|SunnyDay|[upkeep]\n|-heal|p2b: Salamence|70\/100|[from] Grassy Terrain\n|-heal|p2b: Salamence|76\/100|[from] item: Leftovers\n|-heal|p1b: Inteleon|53\/100|[from] Grassy Terrain\n|upkeep\n|\n|t:|1698270172\n|switch|p1a: Mr. Rime|Mr. Rime, F|100\/100\n|turn|5\n|\n|t:|1698270182\n|move|p1a: Mr. Rime|Fake Out|p2b: Salamence\n|-damage|p2b: Salamence|66\/100\n|cant|p2b: Salamence|flinch\n|move|p1b: Inteleon|Snipe Shot|p2a: Heatran\n|-supereffective|p2a: Heatran\n|-damage|p2a: Heatran|53\/100\n|move|p2a: Heatran|Power Gem|p1a: Mr. Rime\n|-supereffective|p1a: Mr. Rime\n|-damage|p1a: Mr. Rime|61\/100\n|\n|-weather|none\n|-heal|p2b: Salamence|72\/100|[from] Grassy Terrain\n|-heal|p2b: Salamence|78\/100|[from] item: Leftovers\n|-heal|p1b: Inteleon|59\/100|[from] Grassy Terrain\n|-heal|p2a: Heatran|60\/100|[from] Grassy Terrain\n|-heal|p1a: Mr. Rime|67\/100|[from] Grassy Terrain\n|-fieldend|move: Grassy Terrain\n|upkeep\n|turn|6\n|c|\u2606darklife0|fake out team cringe\n|\n|t:|1698270203\n|move|p1a: Mr. Rime|Protect|p1a: Mr. Rime\n|-singleturn|p1a: Mr. Rime|Protect\n|move|p2b: Salamence|Dual Wingbeat|p1b: Inteleon\n|-damage|p1b: Inteleon|0 fnt\n|faint|p1b: Inteleon\n|-ability|p2b: Salamence|Moxie|boost\n|-boost|p2b: Salamence|atk|1\n|-hitcount|p1: Inteleon|1\n|move|p2a: Heatran|Power Gem|p1a: Mr. Rime\n|-activate|p1a: Mr. Rime|move: Protect\n|\n|-heal|p2b: Salamence|84\/100|[from] item: Leftovers\n|upkeep\n|c|\u2606vimoment|:(\n|inactive|vimoment has 120 seconds left.\n|\n|t:|1698270225\n|switch|p1b: Dragapult|Dragapult, M|100\/100\n|turn|7\n|\n|t:|1698270238\n|move|p2b: Salamence|Tera Blast|p1b: Dragapult|[anim] Tera Blast Fairy\n|-supereffective|p1b: Dragapult\n|-damage|p1b: Dragapult|0 fnt\n|faint|p1b: Dragapult\n|-ability|p2b: Salamence|Moxie|boost\n|-boost|p2b: Salamence|atk|1\n|move|p2a: Heatran|Magma Storm|p1a: Mr. Rime|[miss]\n|-miss|p2a: Heatran|p1a: Mr. Rime\n|move|p1a: Mr. Rime|Freeze-Dry|p2b: Salamence\n|-damage|p2b: Salamence|50\/100\n|\n|-heal|p2b: Salamence|56\/100|[from] item: Leftovers\n|upkeep\n|c|\u2606darklife0|i'll take it\n|\n|t:|1698270253\n|switch|p1b: Cinderace|Cinderace, M|100\/100\n|turn|8\n|\n|t:|1698270264\n|move|p2b: Salamence|Dual Wingbeat|p1b: Cinderace\n|-damage|p1b: Cinderace|6\/100\n|-damage|p1b: Cinderace|0 fnt\n|faint|p1b: Cinderace\n|-ability|p2b: Salamence|Moxie|boost\n|-boost|p2b: Salamence|atk|1\n|-hitcount|p1: Cinderace|2\n|move|p2a: Heatran|Power Gem|p1a: Mr. Rime\n|-supereffective|p1a: Mr. Rime\n|-damage|p1a: Mr. Rime|23\/100\n|move|p1a: Mr. Rime|Freeze-Dry|p2b: Salamence\n|-damage|p2b: Salamence|20\/100\n|\n|-heal|p2b: Salamence|26\/100|[from] item: Leftovers\n|upkeep\n|\n|t:|1698270269\n|switch|p1b: Rillaboom|Rillaboom, F|26\/100\n|-fieldstart|move: Grassy Terrain|[from] ability: Grassy Surge|[of] p1b: Rillaboom\n|turn|9\n|c|\u2606darklife0|gg\n|\n|t:|1698270287\n|move|p1b: Rillaboom|Fake Out|p2b: Salamence\n|-damage|p2b: Salamence|9\/100\n|cant|p2b: Salamence|flinch\n|move|p2a: Heatran|Magma Storm|p1a: Mr. Rime|[miss]\n|-miss|p2a: Heatran|p1a: Mr. Rime\n|move|p1a: Mr. Rime|Dazzling Gleam|p2a: Heatran|[spread] p2a,p2b\n|-resisted|p2a: Heatran\n|-damage|p2a: Heatran|57\/100\n|-damage|p2b: Salamence|0 fnt\n|faint|p2b: Salamence\n|\n|-heal|p1b: Rillaboom|32\/100|[from] Grassy Terrain\n|-heal|p2a: Heatran|63\/100|[from] Grassy Terrain\n|-heal|p1a: Mr. Rime|29\/100|[from] Grassy Terrain\n|upkeep\n|\n|t:|1698270295\n|switch|p2b: Corviknight|Corviknight, F|100\/100\n|-ability|p2b: Corviknight|Pressure\n|turn|10\n|\n|t:|1698270310\n|move|p1b: Rillaboom|Stomping Tantrum|p2a: Heatran\n|-supereffective|p2a: Heatran\n|-damage|p2a: Heatran|0 fnt\n|faint|p2a: Heatran\n|move|p1a: Mr. Rime|Freeze-Dry|p2b: Corviknight\n|-damage|p2b: Corviknight|77\/100\n|move|p2b: Corviknight|Brave Bird|p1b: Rillaboom\n|-supereffective|p1b: Rillaboom\n|-damage|p1b: Rillaboom|0 fnt\n|faint|p1b: Rillaboom\n|-damage|p2b: Corviknight|66\/100|[from] Recoil\n|\n|-heal|p1a: Mr. Rime|35\/100|[from] Grassy Terrain\n|upkeep\n|\n|t:|1698270318\n|switch|p2a: Garganacl|Garganacl, F|100\/100\n|turn|11\n|-message|vimoment forfeited.\n|\n|win|darklife0\n|raw|vimoment's rating: 1173 &rarr; <strong>1144<\/strong><br \/>(-29 for losing)\n|raw|darklife0's rating: 1110 &rarr; <strong>1139<\/strong><br \/>(+29 for winning)\n|l|\u2606vimoment\n","uploadtime":1698270329,"views":12,"p1id":"vimoment","p2id":"darklife0","formatid":"gen9nationaldexdoubles","rating":1139,"private":0,"password":""}