{"id":"gen9nationaldexdoubles-1976333532","p1":"Molimoli2","p2":"Smudge","format":"[Gen 9] National Dex Doubles","log":"|j|\u2606Molimoli2\n|j|\u2606Smudge\n|t:|1698287818\n|gametype|doubles\n|player|p1|Molimoli2|lucas|\n|player|p2|Smudge|#dwcopiii|\n|teamsize|p1|6\n|teamsize|p2|6\n|gen|9\n|tier|[Gen 9] National Dex Doubles\n|rated|Tournament battle\n|rule|HP Percentage Mod: HP is shown in percentages\n|rule|Endless Battle Clause: Forcing endless battles is banned\n|rule|OHKO Clause: OHKO moves are banned\n|rule|Evasion Moves Clause: Evasion moves are banned\n|rule|Evasion Abilities Clause: Evasion abilities are banned\n|rule|Species Clause: Limit one of each Pok\u00e9mon\n|rule|Gravity Sleep Clause: The combination of sleep-inducing moves with imperfect accuracy and Gravity or Gigantamax Orbeetle are banned\n|clearpoke\n|poke|p1|Mamoswine, F|\n|poke|p1|Dipplin, F|\n|poke|p1|Skeledirge, M|\n|poke|p1|Eelektross, F|\n|poke|p1|Braviary-Hisui, M|\n|poke|p1|Dondozo, M|\n|poke|p2|Miraidon|\n|poke|p2|Necrozma-Dusk-Mane|\n|poke|p2|Groudon|\n|poke|p2|Zygarde|\n|poke|p2|Koraidon|\n|poke|p2|Flutter Mane|\n|teampreview\n|inactive|Battle timer is ON: inactive players will automatically lose when time's up. (requested by Smudge)\n|inactive|Smudge has 120 seconds left.\n|\n|t:|1698287848\n|start\n|switch|p1a: Dondozo|Dondozo, M|100\/100\n|switch|p1b: Skeledirge|Skeledirge, M|100\/100\n|switch|p2a: Koraidon|Koraidon|100\/100\n|switch|p2b: Flutter Mane|Flutter Mane|100\/100\n|-weather|SunnyDay|[from] ability: Orichalcum Pulse|[of] p2a: Koraidon\n|-activate|p2b: Flutter Mane|ability: Protosynthesis\n|-start|p2b: Flutter Mane|protosynthesisspe\n|-activate|p2a: Koraidon|Orichalcum Pulse|[source]\n|turn|1\n|j| eragon11145\n|\n|t:|1698287871\n|move|p2a: Koraidon|U-turn|p1a: Dondozo\n|-damage|p1a: Dondozo|80\/100\n|\n|t:|1698287878\n|switch|p2a: Miraidon|Miraidon|100\/100|[from] U-turn\n|-fieldstart|move: Electric Terrain|[from] ability: Hadron Engine|[of] p2a: Miraidon\n|move|p2b: Flutter Mane|Shadow Ball|p1b: Skeledirge\n|-supereffective|p1b: Skeledirge\n|-damage|p1b: Skeledirge|25\/100\n|move|p1b: Skeledirge|Earthquake|p2a: Miraidon|[spread] p1a,p2a,p2b\n|-supereffective|p2a: Miraidon\n|-damage|p1a: Dondozo|73\/100\n|-damage|p2a: Miraidon|69\/100\n|-damage|p2b: Flutter Mane|73\/100\n|move|p1a: Dondozo|Surf|p2a: Miraidon|[spread] p1b,p2a,p2b\n|-supereffective|p1b: Skeledirge\n|-resisted|p2a: Miraidon\n|-damage|p1b: Skeledirge|5\/100\n|-damage|p2a: Miraidon|65\/100\n|-damage|p2b: Flutter Mane|62\/100\n|-damage|p1a: Dondozo|63\/100|[from] item: Life Orb\n|\n|-weather|SunnyDay|[upkeep]\n|upkeep\n|turn|2\n|inactive|Molimoli2 has 120 seconds left.\n|\n|t:|1698287922\n|switch|p1b: Eelektross|Eelektross, F|100\/100\n|move|p1a: Dondozo|Protect|p1a: Dondozo\n|-singleturn|p1a: Dondozo|Protect\n|move|p2b: Flutter Mane|Dazzling Gleam|p1a: Dondozo|[spread] p1b\n|-activate|p1a: Dondozo|move: Protect\n|-damage|p1b: Eelektross|66\/100\n|move|p2a: Miraidon|Volt Switch|p1a: Dondozo\n|-activate|p1a: Dondozo|move: Protect\n|\n|-weather|SunnyDay|[upkeep]\n|upkeep\n|turn|3\n|inactive|Molimoli2 has 120 seconds left.\n|\n|t:|1698287943\n|switch|p1a: Mamoswine|Mamoswine, F|100\/100\n|move|p2b: Flutter Mane|Moonblast|p1b: Eelektross\n|-damage|p1b: Eelektross|7\/100\n|-enditem|p1b: Eelektross|Aguav Berry|[eat]\n|-heal|p1b: Eelektross|40\/100|[from] item: Aguav Berry\n|move|p2a: Miraidon|Volt Switch|p1a: Mamoswine\n|-immune|p1a: Mamoswine\n|move|p1b: Eelektross|Rock Slide|p2b: Flutter Mane|[spread] \n|-miss|p1b: Eelektross|p2a: Miraidon\n|-miss|p1b: Eelektross|p2b: Flutter Mane\n|\n|-weather|SunnyDay|[upkeep]\n|upkeep\n|turn|4\n|inactive|Molimoli2 has 120 seconds left.\n|\n|t:|1698287985\n|move|p2b: Flutter Mane|Dazzling Gleam|p1a: Mamoswine|[spread] p1a,p1b\n|-damage|p1a: Mamoswine|62\/100\n|-damage|p1b: Eelektross|1\/100\n|move|p2a: Miraidon|Overheat|p1a: Mamoswine\n|-supereffective|p1a: Mamoswine\n|-damage|p1a: Mamoswine|0 fnt\n|-unboost|p2a: Miraidon|spa|2\n|faint|p1a: Mamoswine\n|move|p1b: Eelektross|Rock Slide|p2b: Flutter Mane|[spread] p2a,p2b\n|-damage|p2a: Miraidon|45\/100\n|-damage|p2b: Flutter Mane|20\/100\n|\n|-weather|SunnyDay|[upkeep]\n|upkeep\n|\n|t:|1698288002\n|switch|p1a: Dondozo|Dondozo, M|63\/100\n|turn|5\n|inactive|Smudge has 120 seconds left.\n|\n|t:|1698288047\n|move|p2b: Flutter Mane|Dazzling Gleam|p1b: Eelektross|[spread] p1a,p1b\n|-damage|p1a: Dondozo|29\/100\n|-damage|p1b: Eelektross|0 fnt\n|faint|p1b: Eelektross\n|move|p2a: Miraidon|Volt Switch|p1a: Dondozo\n|-supereffective|p1a: Dondozo\n|-damage|p1a: Dondozo|0 fnt\n|faint|p1a: Dondozo\n|\n|t:|1698288054\n|switch|p2a: Zygarde|Zygarde, shiny|100\/100|[from] Volt Switch\n|\n|-weather|none\n|-end|p2b: Flutter Mane|Protosynthesis\n|-fieldend|move: Electric Terrain\n|upkeep\n|\n|t:|1698288068\n|switch|p1b: Braviary|Braviary-Hisui, M|100\/100\n|switch|p1a: Skeledirge|Skeledirge, M|5\/100\n|turn|6\n|inactive|Molimoli2 has 120 seconds left.\n|\n|t:|1698288091\n|-terastallize|p2a: Zygarde|Fairy\n|move|p2b: Flutter Mane|Shadow Ball|p1a: Skeledirge\n|-supereffective|p1a: Skeledirge\n|-damage|p1a: Skeledirge|0 fnt\n|faint|p1a: Skeledirge\n|move|p2a: Zygarde|Dragon Dance|p2a: Zygarde\n|-boost|p2a: Zygarde|atk|1\n|-boost|p2a: Zygarde|spe|1\n|move|p1b: Braviary|Dazzling Gleam|p2b: Flutter Mane|[spread] p2a,p2b\n|-damage|p2a: Zygarde|83\/100\n|-damage|p2b: Flutter Mane|0 fnt\n|faint|p2b: Flutter Mane\n|-end|p2b: Flutter Mane|Protosynthesis|[silent]\n|\n|-heal|p2a: Zygarde|89\/100|[from] item: Leftovers\n|upkeep\n|\n|t:|1698288107\n|switch|p2b: Miraidon|Miraidon|45\/100\n|switch|p1a: Dipplin|Dipplin, F|100\/100\n|-fieldstart|move: Electric Terrain|[from] ability: Hadron Engine|[of] p2b: Miraidon\n|-ability|p1a: Dipplin|Supersweet Syrup\n|-ability|p1a: Dipplin|Supersweet Syrup|boost\n|-unboost|p2a: Zygarde|evasion|1\n|-unboost|p2b: Miraidon|evasion|1\n|turn|7\n|inactive|Molimoli2 has 120 seconds left.\n|inactive|Molimoli2 has 90 seconds left.\n|l|\u2606Molimoli2\n|inactive|Molimoli2 disconnected and has a minute to reconnect!\n|player|p1|\n|j|\u2606Molimoli2\n|inactive|Molimoli2 reconnected and has 65 seconds left.\n|player|p1|Molimoli2|lucas\n|inactive|Molimoli2 has 60 seconds left.\n|\n|t:|1698288222\n|-terastallize|p1a: Dipplin|Grass\n|move|p2a: Zygarde|Thousand Arrows|p1b: Braviary|[spread] p1a,p1b\n|-resisted|p1a: Dipplin\n|-damage|p1a: Dipplin|87\/100\n|-damage|p1b: Braviary|45\/100\n|-start|p1b: Braviary|Smack Down\n|-zpower|p2b: Miraidon\n|move|p2b: Miraidon|Devastating Drake|p1a: Dipplin|[zeffect]\n|-damage|p1a: Dipplin|0 fnt\n|faint|p1a: Dipplin\n|move|p1b: Braviary|Psychic|p2a: Zygarde\n|-damage|p2a: Zygarde|44\/100\n|\n|-heal|p2a: Zygarde|50\/100|[from] item: Leftovers\n|-activate|p2a: Zygarde|ability: Power Construct\n|detailschange|p2a: Zygarde|Zygarde-Complete, shiny, tera:Fairy\n|-heal|p2a: Zygarde|69\/100|[silent]\n|upkeep\n|turn|8\n|\n|t:|1698288242\n|move|p2b: Miraidon|Electro Drift|p1b: Braviary\n|-supereffective|p1b: Braviary\n|-damage|p1b: Braviary|0 fnt\n|faint|p1b: Braviary\n|\n|win|Smudge\n|n|\u2606Smudge|smudge\n|n| eragon11145|eragon11145\n|n|\u2606Molimoli2|molimoli2\n","uploadtime":1698288245,"views":12,"p1id":"molimoli2","p2id":"smudge","formatid":"gen9nationaldexdoubles","rating":0,"private":0,"password":""}