{"id":"gen9nationaldexdoubles-1984118780","p1":"the maraculous","p2":"big pichu","format":"[Gen 9] National Dex Doubles","log":"|j|\u2606the maraculous\n|j|\u2606big pichu\n|t:|1699220617\n|gametype|doubles\n|player|p1|the maraculous|dragontamer|1321\n|player|p2|big pichu|serena-masters2|1519\n|teamsize|p1|6\n|teamsize|p2|6\n|gen|9\n|tier|[Gen 9] National Dex Doubles\n|rated|\n|rule|HP Percentage Mod: HP is shown in percentages\n|rule|Endless Battle Clause: Forcing endless battles is banned\n|rule|OHKO Clause: OHKO moves are banned\n|rule|Evasion Moves Clause: Evasion moves are banned\n|rule|Evasion Abilities Clause: Evasion abilities are banned\n|rule|Species Clause: Limit one of each Pok\u00e9mon\n|rule|Gravity Sleep Clause: The combination of sleep-inducing moves with imperfect accuracy and Gravity or Gigantamax Orbeetle are banned\n|clearpoke\n|poke|p1|Xurkitree|\n|poke|p1|Iron Valiant|\n|poke|p1|Chandelure, F|\n|poke|p1|Landorus-Therian, M|\n|poke|p1|Kartana|\n|poke|p1|Farigiraf, M|\n|poke|p2|Flutter Mane|\n|poke|p2|Incineroar, F|\n|poke|p2|Landorus-Therian, M|\n|poke|p2|Urshifu-*, F|\n|poke|p2|Ursaluna-Bloodmoon, M|\n|poke|p2|Scream Tail|\n|teampreview\n|\n|t:|1699220639\n|start\n|switch|p1a: Iron Valiant|Iron Valiant|100\/100\n|switch|p1b: Xurkitree|Xurkitree|100\/100\n|switch|p2a: Landorus|Landorus-Therian, M|100\/100\n|switch|p2b: Ursaluna|Ursaluna-Bloodmoon, M|100\/100\n|-ability|p2a: Landorus|Intimidate|boost\n|-unboost|p1a: Iron Valiant|atk|1\n|-unboost|p1b: Xurkitree|atk|1\n|turn|1\n|\n|t:|1699220659\n|-terastallize|p2b: Ursaluna|Ground\n|move|p1a: Iron Valiant|Wide Guard|p1a: Iron Valiant\n|-singleturn|p1a: Iron Valiant|Wide Guard\n|move|p2a: Landorus|U-turn|p1a: Iron Valiant\n|-resisted|p1a: Iron Valiant\n|-damage|p1a: Iron Valiant|92\/100\n|\n|t:|1699220671\n|switch|p2a: Incineroar|Incineroar, F|100\/100|[from] U-turn\n|-ability|p2a: Incineroar|Intimidate|boost\n|-unboost|p1a: Iron Valiant|atk|1\n|-unboost|p1b: Xurkitree|atk|1\n|move|p1b: Xurkitree|Energy Ball|p2b: Ursaluna\n|-supereffective|p2b: Ursaluna\n|-damage|p2b: Ursaluna|49\/100\n|move|p2b: Ursaluna|Earth Power|p1b: Xurkitree\n|-supereffective|p1b: Xurkitree\n|-damage|p1b: Xurkitree|0 fnt\n|faint|p1b: Xurkitree\n|\n|upkeep\n|\n|t:|1699220682\n|switch|p1b: Landorus|Landorus-Therian, M|100\/100\n|-ability|p1b: Landorus|Intimidate|boost\n|-unboost|p2a: Incineroar|atk|1\n|-unboost|p2b: Ursaluna|atk|1\n|turn|2\n|\n|t:|1699220695\n|switch|p1b: Farigiraf|Farigiraf, M|100\/100\n|move|p1a: Iron Valiant|Moonblast|p2b: Ursaluna\n|-damage|p2b: Ursaluna|13\/100\n|-damage|p1a: Iron Valiant|82\/100|[from] item: Life Orb\n|move|p2a: Incineroar|Parting Shot|p1a: Iron Valiant\n|-unboost|p1a: Iron Valiant|atk|1\n|-unboost|p1a: Iron Valiant|spa|1\n|\n|t:|1699220708\n|switch|p2a: Landorus|Landorus-Therian, M|100\/100|[from] Parting Shot\n|-ability|p2a: Landorus|Intimidate|boost\n|-unboost|p1a: Iron Valiant|atk|1\n|-unboost|p1b: Farigiraf|atk|1\n|move|p2b: Ursaluna|Blood Moon|p1a: Iron Valiant\n|-damage|p1a: Iron Valiant|0 fnt\n|faint|p1a: Iron Valiant\n|-end|p1a: Iron Valiant|Quark Drive|[silent]\n|\n|upkeep\n|\n|t:|1699220717\n|switch|p1a: Kartana|Kartana|100\/100\n|turn|3\n|\n|t:|1699220729\n|switch|p2b: Incineroar|Incineroar, F|100\/100\n|-ability|p2b: Incineroar|Intimidate|boost\n|-unboost|p1a: Kartana|atk|1\n|-unboost|p1b: Farigiraf|atk|1\n|move|p2a: Landorus|U-turn|p1b: Farigiraf\n|-supereffective|p1b: Farigiraf\n|-crit|p1b: Farigiraf\n|-damage|p1b: Farigiraf|21\/100\n|\n|t:|1699220743\n|switch|p2a: Scream Tail|Scream Tail|100\/100|[from] U-turn\n|-enditem|p2a: Scream Tail|Booster Energy\n|-activate|p2a: Scream Tail|ability: Protosynthesis|[fromitem]\n|-start|p2a: Scream Tail|protosynthesisspe\n|move|p1a: Kartana|Tailwind|p1a: Kartana\n|-sidestart|p1: the maraculous|move: Tailwind\n|move|p1b: Farigiraf|Hyper Voice|p2a: Scream Tail|[spread] p2a,p2b\n|-damage|p2a: Scream Tail|77\/100\n|-damage|p2b: Incineroar|66\/100\n|\n|-heal|p1b: Farigiraf|27\/100|[from] item: Leftovers\n|upkeep\n|turn|4\n|\n|t:|1699220764\n|move|p1a: Kartana|Smart Strike|p2a: Scream Tail\n|-supereffective|p2a: Scream Tail\n|-damage|p2a: Scream Tail|30\/100\n|move|p2a: Scream Tail|Thunder Wave|p1b: Farigiraf\n|-status|p1b: Farigiraf|par\n|move|p2b: Incineroar|Flare Blitz|p1a: Kartana\n|-supereffective|p1a: Kartana\n|-enditem|p1a: Kartana|Focus Sash\n|-damage|p1a: Kartana|1\/100\n|-damage|p2b: Incineroar|41\/100|[from] Recoil\n|move|p1b: Farigiraf|Hyper Voice|p2b: Incineroar|[spread] p2a,p2b\n|-crit|p2b: Incineroar\n|-damage|p2a: Scream Tail|6\/100\n|-damage|p2b: Incineroar|0 fnt\n|faint|p2b: Incineroar\n|\n|-heal|p1b: Farigiraf|33\/100 par|[from] item: Leftovers\n|upkeep\n|\n|t:|1699220778\n|switch|p2b: Landorus|Landorus-Therian, M|100\/100\n|-ability|p2b: Landorus|Intimidate|boost\n|-unboost|p1a: Kartana|atk|1\n|-unboost|p1b: Farigiraf|atk|1\n|turn|5\n|\n|t:|1699220808\n|-end|p2a: Scream Tail|Protosynthesis|[silent]\n|switch|p2a: Urshifu|Urshifu-Rapid-Strike, F|100\/100\n|-terastallize|p1b: Farigiraf|Normal\n|move|p1a: Kartana|Smart Strike|p2a: Urshifu\n|-resisted|p2a: Urshifu\n|-damage|p2a: Urshifu|90\/100\n|move|p2b: Landorus|U-turn|p1b: Farigiraf\n|-damage|p1b: Farigiraf|6\/100 par\n|\n|t:|1699220821\n|switch|p2b: Ursaluna|Ursaluna-Bloodmoon, M, tera:Ground|13\/100|[from] U-turn\n|move|p1b: Farigiraf|Hyper Voice|p2b: Ursaluna|[spread] p2a,p2b\n|-damage|p2a: Urshifu|55\/100\n|-damage|p2b: Ursaluna|0 fnt\n|faint|p2b: Ursaluna\n|\n|-heal|p1b: Farigiraf|12\/100 par|[from] item: Leftovers\n|upkeep\n|\n|t:|1699220833\n|switch|p2b: Landorus|Landorus-Therian, M|100\/100\n|-ability|p2b: Landorus|Intimidate|boost\n|-unboost|p1a: Kartana|atk|1\n|-unboost|p1b: Farigiraf|atk|1\n|turn|6\n|\n|t:|1699220845\n|move|p1a: Kartana|Leaf Blade|p2a: Urshifu\n|-supereffective|p2a: Urshifu\n|-damage|p2a: Urshifu|13\/100\n|move|p2b: Landorus|U-turn|p1a: Kartana\n|-damage|p1a: Kartana|0 fnt\n|faint|p1a: Kartana\n|\n|t:|1699220854\n|switch|p2b: Scream Tail|Scream Tail|6\/100|[from] U-turn\n|move|p2a: Urshifu|Surging Strikes|p1b: Farigiraf\n|-crit|p1b: Farigiraf\n|-damage|p1b: Farigiraf|0 fnt\n|faint|p1b: Farigiraf\n|-hitcount|p1: Farigiraf|1\n|\n|-sideend|p1: the maraculous|move: Tailwind\n|upkeep\n|\n|t:|1699220863\n|switch|p1a: Chandelure|Chandelure, F|100\/100\n|switch|p1b: Landorus|Landorus-Therian, M|100\/100\n|-ability|p1b: Landorus|Intimidate|boost\n|-unboost|p2a: Urshifu|atk|1\n|-unboost|p2b: Scream Tail|atk|1\n|-item|p1a: Chandelure|Air Balloon\n|turn|7\n|\n|t:|1699220874\n|move|p2a: Urshifu|Aqua Jet|p1b: Landorus\n|-supereffective|p1b: Landorus\n|-damage|p1b: Landorus|66\/100\n|move|p2b: Scream Tail|Thunder Wave|p1a: Chandelure\n|-status|p1a: Chandelure|par\n|move|p1b: Landorus|Stomping Tantrum|p2a: Urshifu\n|-damage|p2a: Urshifu|0 fnt\n|faint|p2a: Urshifu\n|move|p1a: Chandelure|Trick Room|p1a: Chandelure\n|-fieldstart|move: Trick Room|[of] p1a: Chandelure\n|\n|upkeep\n|\n|t:|1699220885\n|switch|p2a: Landorus|Landorus-Therian, M|100\/100\n|-ability|p2a: Landorus|Intimidate|boost\n|-unboost|p1a: Chandelure|atk|1\n|-unboost|p1b: Landorus|atk|1\n|turn|8\n|\n|t:|1699220894\n|move|p1a: Chandelure|Flamethrower|p2a: Landorus\n|-damage|p2a: Landorus|30\/100\n|move|p1b: Landorus|Rock Slide|p2b: Scream Tail|[spread] p2a,p2b\n|-crit|p2a: Landorus\n|-damage|p2a: Landorus|0 fnt\n|-damage|p2b: Scream Tail|0 fnt\n|faint|p2a: Landorus\n|faint|p2b: Scream Tail\n|-end|p2b: Scream Tail|Protosynthesis|[silent]\n|\n|upkeep\n|\n|t:|1699220900\n|switch|p2b: Flutter Mane|Flutter Mane|100\/100\n|turn|9\n|\n|t:|1699220908\n|move|p2b: Flutter Mane|Protect|p2b: Flutter Mane\n|-singleturn|p2b: Flutter Mane|Protect\n|move|p1a: Chandelure|Shadow Ball|p2b: Flutter Mane\n|-activate|p2b: Flutter Mane|move: Protect\n|move|p1b: Landorus|Stomping Tantrum|p2b: Flutter Mane\n|-activate|p2b: Flutter Mane|move: Protect\n|\n|upkeep\n|turn|10\n|\n|t:|1699220914\n|move|p1a: Chandelure|Shadow Ball|p2b: Flutter Mane\n|-supereffective|p2b: Flutter Mane\n|-damage|p2b: Flutter Mane|0 fnt\n|faint|p2b: Flutter Mane\n|-end|p2b: Flutter Mane|Protosynthesis|[silent]\n|\n|win|the maraculous\n|raw|the maraculous's rating: 1321 &rarr; <strong>1351<\/strong><br \/>(+30 for winning)\n|raw|big pichu's rating: 1519 &rarr; <strong>1489<\/strong><br \/>(-30 for losing)\n","uploadtime":1699220923,"views":8,"p1id":"themaraculous","p2id":"bigpichu","formatid":"gen9nationaldexdoubles","rating":1351,"private":0,"password":""}