{"id":"gen9nationaldexdoubles-1976411508","p1":"SuZo","p2":"LightOfTheRuin","format":"[Gen 9] National Dex Doubles","log":"|j|\u2606SuZo\n|j|\u2606LightOfTheRuin\n|t:|1698298727\n|gametype|doubles\n|player|p1|SuZo|lusamine-nihilego|1192\n|player|p2|LightOfTheRuin|shauna-masters|1218\n|teamsize|p1|6\n|teamsize|p2|6\n|gen|9\n|tier|[Gen 9] National Dex Doubles\n|rated|\n|rule|HP Percentage Mod: HP is shown in percentages\n|rule|Endless Battle Clause: Forcing endless battles is banned\n|rule|OHKO Clause: OHKO moves are banned\n|rule|Evasion Moves Clause: Evasion moves are banned\n|rule|Evasion Abilities Clause: Evasion abilities are banned\n|rule|Species Clause: Limit one of each Pok\u00e9mon\n|rule|Gravity Sleep Clause: The combination of sleep-inducing moves with imperfect accuracy and Gravity or Gigantamax Orbeetle are banned\n|clearpoke\n|poke|p1|Glimmora, M|\n|poke|p1|Ogerpon-Wellspring, F|\n|poke|p1|Chien-Pao|\n|poke|p1|Ursaluna, F|\n|poke|p1|Cresselia, F|\n|poke|p1|Flutter Mane|\n|poke|p2|Cherrim, M|\n|poke|p2|Lurantis, F|\n|poke|p2|Charizard, F|\n|poke|p2|Malamar, M|\n|poke|p2|Walking Wake|\n|poke|p2|Golurk|\n|teampreview\n|\n|t:|1698298743\n|start\n|switch|p1a: Glimmora|Glimmora, M|100\/100\n|switch|p1b: Ogerpon|Ogerpon-Wellspring, F|100\/100\n|switch|p2a: Lurantis|Lurantis, F|100\/100\n|switch|p2b: Cherrim|Cherrim, M|100\/100\n|turn|1\n|\n|t:|1698298788\n|move|p1b: Ogerpon|Knock Off|p2a: Lurantis\n|-damage|p2a: Lurantis|65\/100\n|-enditem|p2a: Lurantis|Assault Vest|[from] move: Knock Off|[of] p1b: Ogerpon\n|move|p1a: Glimmora|Mortal Spin|p2a: Lurantis|[spread] p2a,p2b\n|-supereffective|p2a: Lurantis\n|-supereffective|p2b: Cherrim\n|-damage|p2a: Lurantis|55\/100\n|-damage|p2b: Cherrim|90\/100\n|-status|p2a: Lurantis|psn\n|-status|p2b: Cherrim|psn\n|move|p2b: Cherrim|Tickle|p2a: Lurantis\n|-boost|p2a: Lurantis|atk|1\n|-boost|p2a: Lurantis|def|1\n|move|p2a: Lurantis|Superpower|p1b: Ogerpon\n|-damage|p1b: Ogerpon|45\/100\n|-boost|p2a: Lurantis|atk|1\n|-boost|p2a: Lurantis|def|1\n|\n|-heal|p2b: Cherrim|96\/100 psn|[from] item: Leftovers\n|-damage|p2b: Cherrim|84\/100 psn|[from] psn\n|-damage|p2a: Lurantis|42\/100 psn|[from] psn\n|upkeep\n|turn|2\n|\n|t:|1698298814\n|move|p1b: Ogerpon|Spiky Shield|p1b: Ogerpon\n|-singleturn|p1b: Ogerpon|move: Protect\n|move|p1a: Glimmora|Power Gem|p2a: Lurantis\n|-damage|p2a: Lurantis|1\/100 psn\n|move|p2b: Cherrim|Pollen Puff|p2a: Lurantis\n|-heal|p2a: Lurantis|51\/100 psn\n|move|p2a: Lurantis|Leech Life|p1b: Ogerpon\n|-activate|p1b: Ogerpon|move: Protect\n|-damage|p2a: Lurantis|39\/100 psn|[from] Spiky Shield|[of] p1b: Ogerpon\n|\n|-heal|p2b: Cherrim|90\/100 psn|[from] item: Leftovers\n|-damage|p2b: Cherrim|77\/100 psn|[from] psn\n|-damage|p2a: Lurantis|27\/100 psn|[from] psn\n|upkeep\n|turn|3\n|\n|t:|1698298843\n|move|p1b: Ogerpon|Follow Me|p1b: Ogerpon\n|-singleturn|p1b: Ogerpon|move: Follow Me\n|move|p1a: Glimmora|Power Gem|p2a: Lurantis\n|-damage|p2a: Lurantis|0 fnt\n|faint|p2a: Lurantis\n|move|p2b: Cherrim|Pollen Puff|p1b: Ogerpon\n|-supereffective|p1b: Ogerpon\n|-damage|p1b: Ogerpon|6\/100\n|\n|-heal|p2b: Cherrim|83\/100 psn|[from] item: Leftovers\n|-damage|p2b: Cherrim|71\/100 psn|[from] psn\n|upkeep\n|\n|t:|1698298857\n|switch|p2a: Walking Wake|Walking Wake|100\/100\n|turn|4\n|\n|t:|1698298874\n|move|p2a: Walking Wake|Dragon Pulse|p1b: Ogerpon\n|-damage|p1b: Ogerpon|0 fnt\n|faint|p1b: Ogerpon\n|move|p1a: Glimmora|Power Gem|p2b: Cherrim\n|-damage|p2b: Cherrim|20\/100 psn\n|move|p2b: Cherrim|Pollen Puff|p1a: Glimmora\n|-resisted|p1a: Glimmora\n|-damage|p1a: Glimmora|88\/100\n|\n|-heal|p2b: Cherrim|26\/100 psn|[from] item: Leftovers\n|-damage|p2b: Cherrim|14\/100 psn|[from] psn\n|upkeep\n|\n|t:|1698298887\n|switch|p1b: Flutter Mane|Flutter Mane|100\/100\n|-enditem|p1b: Flutter Mane|Booster Energy\n|-activate|p1b: Flutter Mane|ability: Protosynthesis|[fromitem]\n|-start|p1b: Flutter Mane|protosynthesisspe\n|turn|5\n|\n|t:|1698298900\n|-end|p2a: Walking Wake|Protosynthesis|[silent]\n|switch|p2a: Charizard|Charizard, F|100\/100\n|move|p1b: Flutter Mane|Dazzling Gleam|p2b: Cherrim|[spread] p2a,p2b\n|-resisted|p2a: Charizard\n|-damage|p2a: Charizard|84\/100\n|-damage|p2b: Cherrim|0 fnt\n|faint|p2b: Cherrim\n|move|p1a: Glimmora|Power Gem|p2a: Charizard\n|-supereffective|p2a: Charizard\n|-damage|p2a: Charizard|0 fnt\n|faint|p2a: Charizard\n|\n|upkeep\n|\n|t:|1698298914\n|switch|p2b: Golurk|Golurk|100\/100\n|switch|p2a: Walking Wake|Walking Wake|100\/100\n|turn|6\n|\n|t:|1698298925\n|-terastallize|p2a: Walking Wake|Water\n|move|p1b: Flutter Mane|Dazzling Gleam|p2b: Golurk|[spread] p2a,p2b\n|-damage|p2a: Walking Wake|61\/100\n|-damage|p2b: Golurk|68\/100\n|move|p2a: Walking Wake|Hydro Steam|p1a: Glimmora\n|-supereffective|p1a: Glimmora\n|-damage|p1a: Glimmora|0 fnt\n|faint|p1a: Glimmora\n|move|p2b: Golurk|Shadow Punch|p1b: Flutter Mane\n|-supereffective|p1b: Flutter Mane\n|-damage|p1b: Flutter Mane|0 fnt\n|faint|p1b: Flutter Mane\n|-end|p1b: Flutter Mane|Protosynthesis|[silent]\n|\n|upkeep\n|\n|t:|1698298953\n|switch|p1b: Cresselia|Cresselia, F|100\/100\n|switch|p1a: Chien-Pao|Chien-Pao|100\/100\n|-ability|p1a: Chien-Pao|Sword of Ruin\n|turn|7\n|\n|t:|1698299012\n|move|p1a: Chien-Pao|Protect|p1a: Chien-Pao\n|-singleturn|p1a: Chien-Pao|Protect\n|move|p2a: Walking Wake|Hydro Steam|p1b: Cresselia\n|-damage|p1b: Cresselia|67\/100\n|move|p1b: Cresselia|Thunder Wave|p2a: Walking Wake\n|-status|p2a: Walking Wake|par\n|move|p2b: Golurk|Drain Punch|p1a: Chien-Pao\n|-activate|p1a: Chien-Pao|move: Protect\n|\n|-heal|p1b: Cresselia|73\/100|[from] item: Leftovers\n|upkeep\n|turn|8\n|\n|t:|1698299046\n|-terastallize|p1a: Chien-Pao|Dark\n|move|p1b: Cresselia|Ally Switch|p1b: Cresselia\n|swap|p1b: Cresselia|0|[from] move: Ally Switch\n|move|p1b: Chien-Pao|Crunch|p2a: Walking Wake\n|-damage|p2a: Walking Wake|0 fnt\n|faint|p2a: Walking Wake\n|-end|p2a: Walking Wake|Protosynthesis|[silent]\n|move|p2b: Golurk|Drain Punch|p1a: Cresselia\n|-resisted|p1a: Cresselia\n|-damage|p1a: Cresselia|58\/100\n|-heal|p2b: Golurk|77\/100|[from] drain|[of] p1a: Cresselia\n|\n|-heal|p1a: Cresselia|64\/100|[from] item: Leftovers\n|upkeep\n|inactive|Battle timer is ON: inactive players will automatically lose when time's up. (requested by SuZo)\n|\n|t:|1698299088\n|switch|p2a: Malamar|Malamar, M|100\/100\n|turn|9\n|inactive|SuZo has 120 seconds left.\n|\n|t:|1698299134\n|move|p1a: Cresselia|Protect||[still]\n|-fail|p1a: Cresselia\n|move|p1b: Chien-Pao|Crunch|p2b: Golurk\n|-supereffective|p2b: Golurk\n|-damage|p2b: Golurk|0 fnt\n|faint|p2b: Golurk\n|move|p2a: Malamar|Trick Room|p2a: Malamar\n|-fieldstart|move: Trick Room|[of] p2a: Malamar\n|\n|-heal|p1a: Cresselia|70\/100|[from] item: Leftovers\n|upkeep\n|turn|10\n|inactive|SuZo has 120 seconds left.\n|\n|t:|1698299155\n|move|p2a: Malamar|Knock Off|p1a: Cresselia\n|-supereffective|p1a: Cresselia\n|-damage|p1a: Cresselia|26\/100\n|-enditem|p1a: Cresselia|Leftovers|[from] move: Knock Off|[of] p2a: Malamar\n|move|p1b: Chien-Pao|Crunch|p2a: Malamar\n|-damage|p2a: Malamar|31\/100\n|move|p1a: Cresselia|Trick Room|p1a: Cresselia\n|-fieldend|move: Trick Room\n|\n|upkeep\n|turn|11\n|inactive|LightOfTheRuin has 120 seconds left.\n|\n|t:|1698299187\n|move|p1a: Cresselia|Protect|p1a: Cresselia\n|-singleturn|p1a: Cresselia|Protect\n|move|p1b: Chien-Pao|Crunch|p2a: Malamar\n|-damage|p2a: Malamar|0 fnt\n|faint|p2a: Malamar\n|\n|win|SuZo\n|raw|SuZo's rating: 1192 &rarr; <strong>1221<\/strong><br \/>(+29 for winning)\n|raw|LightOfTheRuin's rating: 1249 &rarr; <strong>1220<\/strong><br \/>(-29 for losing)\n|l|\u2606LightOfTheRuin\n","uploadtime":1698299282,"views":12,"p1id":"suzo","p2id":"lightoftheruin","formatid":"gen9nationaldexdoubles","rating":1220,"private":0,"password":""}