{"id":"gen9nationaldexdoubles-1976123476","p1":"uh ugpu","p2":"BiniJJ","format":"[Gen 9] National Dex Doubles","log":"|j|\u2606uh ugpu\n|j|\u2606BiniJJ\n|t:|1698265667\n|gametype|doubles\n|player|p1|uh ugpu|lucas|1053\n|player|p2|BiniJJ|backpacker|1128\n|teamsize|p1|6\n|teamsize|p2|6\n|gen|9\n|tier|[Gen 9] National Dex Doubles\n|rated|\n|rule|HP Percentage Mod: HP is shown in percentages\n|rule|Endless Battle Clause: Forcing endless battles is banned\n|rule|OHKO Clause: OHKO moves are banned\n|rule|Evasion Moves Clause: Evasion moves are banned\n|rule|Evasion Abilities Clause: Evasion abilities are banned\n|rule|Species Clause: Limit one of each Pok\u00e9mon\n|rule|Gravity Sleep Clause: The combination of sleep-inducing moves with imperfect accuracy and Gravity or Gigantamax Orbeetle are banned\n|clearpoke\n|poke|p1|Indeedee-F, F|\n|poke|p1|Oranguru, M|\n|poke|p1|Glastrier|\n|poke|p1|Hoopa-Unbound|\n|poke|p1|Ursaluna, M|\n|poke|p1|Zygarde|\n|poke|p2|Stoutland, M|\n|poke|p2|Ursaring, F|\n|poke|p2|Kangaskhan, F|\n|poke|p2|Golem-Alola, M|\n|poke|p2|Jellicent, M|\n|poke|p2|Glalie, F|\n|teampreview\n|inactive|Battle timer is ON: inactive players will automatically lose when time's up. (requested by uh ugpu)\n|\n|t:|1698265689\n|start\n|switch|p1a: Hoopa|Hoopa-Unbound|100\/100\n|switch|p1b: Zygarde|Zygarde|100\/100\n|switch|p2a: Jellicent|Jellicent, M|100\/100\n|switch|p2b: Golem|Golem-Alola, M|100\/100\n|-ability|p1b: Zygarde|Aura Break\n|turn|1\n|\n|t:|1698265706\n|move|p2b: Golem|Explosion|p1a: Hoopa|[spread] p1a,p1b\n|-immune|p2a: Jellicent\n|-damage|p1a: Hoopa|0 fnt\n|-damage|p1b: Zygarde|35\/100\n|faint|p2b: Golem\n|faint|p1a: Hoopa\n|move|p1b: Zygarde|Coil|p1b: Zygarde\n|-boost|p1b: Zygarde|atk|1\n|-boost|p1b: Zygarde|def|1\n|-boost|p1b: Zygarde|accuracy|1\n|move|p2a: Jellicent|Surf|p1b: Zygarde\n|-damage|p1b: Zygarde|15\/100\n|\n|upkeep\n|\n|t:|1698265720\n|switch|p2b: Kangaskhan|Kangaskhan, F|100\/100\n|switch|p1a: Indeedee|Indeedee-F, F|100\/100\n|-fieldstart|move: Psychic Terrain|[from] ability: Psychic Surge|[of] p1a: Indeedee\n|turn|2\n|c|\u2606BiniJJ|!data Psychic Surge\n|raw|<ul class=\"utilichart\"><li class=\"result\"><span class=\"col namecol\"><a href=\"https:\/\/dex.pokemonshowdown.com\/abilities\/psychicsurge\">Psychic Surge<\/a><\/span> <span class=\"col abilitydesccol\">On switch-in, this Pokemon summons Psychic Terrain.<\/span> <\/li><li style=\"clear:both\"><\/li><\/ul>\n\n|c|\u2606BiniJJ|!data Psychic terrain\n|raw|<ul class=\"utilichart\"><li class=\"result\"><span class=\"col movenamecol\"><a href=\"https:\/\/dex.pokemonshowdown.com\/moves\/psychicterrain\">Psychic Terrain<\/a><\/span> <span class=\"col typecol\"><img src=\"\/\/play.pokemonshowdown.com\/sprites\/types\/Psychic.png\" alt=\"Psychic\" width=\"32\" height=\"14\"><img src=\"\/\/play.pokemonshowdown.com\/sprites\/categories\/Status.png\" alt=\"Status\" width=\"32\" height=\"14\"><\/span> <span class=\"col widelabelcol\"><em>Accuracy<\/em><br>\u2014<\/span> <span class=\"col pplabelcol\"><em>PP<\/em><br>16<\/span> <span class=\"col movedesccol\">5 turns. Grounded: +Psychic power, priority-safe.<\/span> <\/li><li style=\"clear:both\"><\/li><\/ul>\n\n|\n|t:|1698265748\n|move|p1b: Zygarde|Protect|p1b: Zygarde\n|-singleturn|p1b: Zygarde|Protect\n|move|p2b: Kangaskhan|Fake Out|p1b: Zygarde\n|-activate|p1b: Zygarde|move: Psychic Terrain\n|move|p2a: Jellicent|Surf|p1b: Zygarde|[spread] p2b,p1a\n|-activate|p1b: Zygarde|move: Protect\n|-damage|p2b: Kangaskhan|72\/100\n|-damage|p1a: Indeedee|79\/100\n|move|p1a: Indeedee|Trick Room|p1a: Indeedee\n|-fieldstart|move: Trick Room|[of] p1a: Indeedee\n|-enditem|p1b: Zygarde|Room Service\n|-unboost|p1b: Zygarde|spe|1|[from] item: Room Service\n|\n|upkeep\n|turn|3\n|\n|t:|1698265768\n|move|p1a: Indeedee|Helping Hand|p1b: Zygarde\n|-singleturn|p1b: Zygarde|Helping Hand|[of] p1a: Indeedee\n|move|p2a: Jellicent|Shadow Ball|p1b: Zygarde\n|-damage|p1b: Zygarde|0 fnt\n|faint|p1b: Zygarde\n|move|p2b: Kangaskhan|Last Resort|p1a: Indeedee\n|-damage|p1a: Indeedee|0 fnt\n|faint|p1a: Indeedee\n|\n|upkeep\n|\n|t:|1698265781\n|switch|p1a: Glastrier|Glastrier|100\/100\n|switch|p1b: Oranguru|Oranguru, M|100\/100\n|turn|4\n|\n|t:|1698265796\n|-terastallize|p1a: Glastrier|Ice\n|move|p2a: Jellicent|Protect|p2a: Jellicent\n|-singleturn|p2a: Jellicent|Protect\n|move|p1a: Glastrier|Icicle Spear|p2b: Kangaskhan\n|-damage|p2b: Kangaskhan|49\/100\n|-damage|p2b: Kangaskhan|25\/100\n|-damage|p2b: Kangaskhan|1\/100\n|-crit|p2b: Kangaskhan\n|-damage|p2b: Kangaskhan|0 fnt\n|faint|p2b: Kangaskhan\n|-ability|p1a: Glastrier|Chilling Neigh|boost\n|-boost|p1a: Glastrier|atk|1\n|-hitcount|p2: Kangaskhan|4\n|move|p1b: Oranguru|Instruct|p1a: Glastrier\n|-singleturn|p1a: Glastrier|move: Instruct|[of] p1b: Oranguru\n|move|p1a: Glastrier|Icicle Spear|p2a: Jellicent\n|-activate|p2a: Jellicent|move: Protect\n|\n|upkeep\n|\n|t:|1698265818\n|switch|p2b: Stoutland|Stoutland, M|100\/100\n|turn|5\n|\n|t:|1698265827\n|move|p1a: Glastrier|Icicle Spear|p2b: Stoutland\n|-damage|p2b: Stoutland|61\/100\n|-damage|p2b: Stoutland|21\/100\n|-damage|p2b: Stoutland|0 fnt\n|faint|p2b: Stoutland\n|-ability|p1a: Glastrier|Chilling Neigh|boost\n|-boost|p1a: Glastrier|atk|1\n|-hitcount|p2: Stoutland|3\n|move|p1b: Oranguru|Instruct|p1a: Glastrier\n|-singleturn|p1a: Glastrier|move: Instruct|[of] p1b: Oranguru\n|move|p1a: Glastrier|Icicle Spear|p2a: Jellicent\n|-resisted|p2a: Jellicent\n|-damage|p2a: Jellicent|78\/100\n|-resisted|p2a: Jellicent\n|-damage|p2a: Jellicent|54\/100\n|-resisted|p2a: Jellicent\n|-damage|p2a: Jellicent|31\/100\n|-enditem|p2a: Jellicent|Sitrus Berry|[eat]\n|-heal|p2a: Jellicent|56\/100|[from] item: Sitrus Berry\n|-resisted|p2a: Jellicent\n|-damage|p2a: Jellicent|34\/100\n|-resisted|p2a: Jellicent\n|-damage|p2a: Jellicent|11\/100\n|-hitcount|p2a: Jellicent|5\n|move|p2a: Jellicent|Will-O-Wisp|p1a: Glastrier\n|-status|p1a: Glastrier|brn\n|\n|-damage|p1a: Glastrier|94\/100 brn|[from] brn\n|upkeep\n|\n|t:|1698265836\n|switch|p2b: Glalie|Glalie, F|100\/100\n|turn|6\n|\n|t:|1698265856\n|detailschange|p2b: Glalie|Glalie-Mega, F\n|-mega|p2b: Glalie|Glalie|Glalitite\n|move|p2a: Jellicent|Protect|p2a: Jellicent\n|-singleturn|p2a: Jellicent|Protect\n|move|p1b: Oranguru|Ally Switch|p1b: Oranguru\n|swap|p1b: Oranguru|0|[from] move: Ally Switch\n|move|p1b: Glastrier|Double Kick|p2b: Glalie\n|-supereffective|p2b: Glalie\n|-damage|p2b: Glalie|65\/100\n|-supereffective|p2b: Glalie\n|-damage|p2b: Glalie|28\/100\n|-hitcount|p2b: Glalie|2\n|move|p2b: Glalie|Explosion|p1a: Oranguru|[spread] p1a,p1b\n|-activate|p2a: Jellicent|move: Protect\n|-resisted|p1b: Glastrier\n|-damage|p1a: Oranguru|17\/100\n|-damage|p1b: Glastrier|56\/100 brn\n|faint|p2b: Glalie\n|\n|-damage|p1b: Glastrier|50\/100 brn|[from] brn\n|-fieldend|move: Trick Room\n|-fieldend|move: Psychic Terrain\n|upkeep\n|-message|BiniJJ forfeited.\n|\n|win|uh ugpu\n|raw|uh ugpu's rating: 1053 &rarr; <strong>1090<\/strong><br \/>(+37 for winning)\n|raw|BiniJJ's rating: 1107 &rarr; <strong>1078<\/strong><br \/>(-29 for losing)\n|l|\u2606BiniJJ\n","uploadtime":1698265877,"views":8,"p1id":"uhugpu","p2id":"binijj","formatid":"gen9nationaldexdoubles","rating":1078,"private":0,"password":""}