{"id":"gen9nationaldexdoubles-1967516989","p1":"LightNovas","p2":"fasdhgasd","format":"[Gen 9] National Dex Doubles","log":"|j|\u2606LightNovas\n|j|\u2606fasdhgasd\n|t:|1697309401\n|gametype|doubles\n|player|p1|LightNovas|cynthia|1107\n|player|p2|fasdhgasd|roark|1109\n|teamsize|p1|6\n|teamsize|p2|6\n|gen|9\n|tier|[Gen 9] National Dex Doubles\n|rated|\n|rule|HP Percentage Mod: HP is shown in percentages\n|rule|Endless Battle Clause: Forcing endless battles is banned\n|rule|OHKO Clause: OHKO moves are banned\n|rule|Evasion Moves Clause: Evasion moves are banned\n|rule|Evasion Abilities Clause: Evasion abilities are banned\n|rule|Species Clause: Limit one of each Pok\u00e9mon\n|rule|Gravity Sleep Clause: The combination of sleep-inducing moves with imperfect accuracy and Gravity or Gigantamax Orbeetle are banned\n|clearpoke\n|poke|p1|Torkoal, M|\n|poke|p1|Ninetales-Alola, F|\n|poke|p1|Slowking, M|\n|poke|p1|Pelipper, F|\n|poke|p1|Dragonite, M|\n|poke|p1|Ogerpon-Wellspring, F|\n|poke|p2|Tyranitar, M|\n|poke|p2|Garganacl, M|\n|poke|p2|Stakataka|\n|poke|p2|Aggron, F|\n|poke|p2|Ogerpon-Cornerstone, F|\n|poke|p2|Shuckle, M|\n|teampreview\n|c|\u2606LightNovas|mono rock\n|c|\u2606LightNovas|glhf\n|c|\u2606fasdhgasd|u\n|c|\u2606fasdhgasd|have\n|c|\u2606fasdhgasd|3\n|c|\u2606fasdhgasd|weather\n|c|\u2606LightNovas|i did not make this team\n|c|\u2606fasdhgasd|yyyyyyyyyyyyyyyyyyyyyyyyyyyyyyyyyyyyyyyyy\n|c|\u2606LightNovas|it was randomly assigned for me in a tournament\n|c|\u2606LightNovas|the only pokemon i added were dragonite and ogerpon-wellspring\n|\n|t:|1697309457\n|start\n|switch|p1a: Nami|Ninetales-Alola, F|100\/100\n|switch|p1b: Sanji|Slowking, M|100\/100\n|switch|p2a: Stakataka|Stakataka|100\/100\n|switch|p2b: Ogerpon|Ogerpon-Cornerstone, F|100\/100\n|-weather|Snow|[from] ability: Snow Warning|[of] p1a: Nami\n|turn|1\n|\n|t:|1697309476\n|switch|p2a: Tyranitar|Tyranitar, M|100\/100\n|-weather|Sandstorm|[from] ability: Sand Stream|[of] p2a: Tyranitar\n|move|p2b: Ogerpon|Ivy Cudgel|p1a: Nami\n|-supereffective|p1a: Nami\n|-damage|p1a: Nami|0 fnt\n|faint|p1a: Nami\n|move|p1b: Sanji|Future Sight|p2b: Ogerpon\n|-start|p1b: Sanji|move: Future Sight\n|\n|-weather|Sandstorm|[upkeep]\n|-damage|p1b: Sanji|94\/100|[from] Sandstorm\n|upkeep\n|\n|t:|1697309481\n|switch|p1a: toliet bird|Pelipper, F|100\/100\n|-weather|RainDance|[from] ability: Drizzle|[of] p1a: toliet bird\n|turn|2\n|c|\u2606LightNovas|damn thats crazy\n|\n|t:|1697309495\n|move|p2b: Ogerpon|Ivy Cudgel|p1a: toliet bird\n|-supereffective|p1a: toliet bird\n|-damage|p1a: toliet bird|0 fnt\n|faint|p1a: toliet bird\n|move|p2a: Tyranitar|Knock Off|p1b: Sanji\n|-supereffective|p1b: Sanji\n|-damage|p1b: Sanji|36\/100\n|move|p1b: Sanji|Weather Ball|p2a: Tyranitar\n|-supereffective|p2a: Tyranitar\n|-damage|p2a: Tyranitar|40\/100\n|\n|-weather|RainDance|[upkeep]\n|upkeep\n|\n|t:|1697309499\n|switch|p1a: Cinna|Ogerpon-Wellspring, F|100\/100\n|turn|3\n|c|\u2606LightNovas|ok cut that shit out\n|\n|t:|1697309513\n|switch|p2a: Shuckle|Shuckle, M|100\/100\n|-terastallize|p1a: Cinna|Water\n|detailschange|p1a: Cinna|Ogerpon-Wellspring-Tera, F, tera:Water\n|-ability|p1a: Cinna|Embody Aspect (Wellspring)|boost\n|-boost|p1a: Cinna|spd|1\n|move|p2b: Ogerpon|Horn Leech|p1b: Sanji\n|-supereffective|p1b: Sanji\n|-damage|p1b: Sanji|0 fnt\n|faint|p1b: Sanji\n|move|p1a: Cinna|Ivy Cudgel|p2b: Ogerpon\n|-ability|p2b: Ogerpon|Sturdy\n|-damage|p2b: Ogerpon|1\/100\n|\n|-weather|RainDance|[upkeep]\n|-end|p2b: Ogerpon|move: Future Sight\n|-damage|p2b: Ogerpon|0 fnt\n|faint|p2b: Ogerpon\n|upkeep\n|c|\u2606LightNovas|W future sight\n|\n|t:|1697309532\n|switch|p2b: Stakataka|Stakataka|100\/100\n|switch|p1b: Wildcard|Dragonite, M|100\/100\n|turn|4\n|\n|t:|1697309553\n|move|p1a: Cinna|Ivy Cudgel|p2b: Stakataka\n|-supereffective|p2b: Stakataka\n|-enditem|p2b: Stakataka|Focus Sash\n|-damage|p2b: Stakataka|1\/100\n|move|p1b: Wildcard|Weather Ball|p2b: Stakataka\n|-supereffective|p2b: Stakataka\n|-crit|p2b: Stakataka\n|-damage|p2b: Stakataka|0 fnt\n|faint|p2b: Stakataka\n|move|p2a: Shuckle|Infestation|p1a: Cinna\n|-damage|p1a: Cinna|99\/100\n|-activate|p1a: Cinna|move: Infestation|[of] p2a: Shuckle\n|\n|-weather|RainDance|[upkeep]\n|-damage|p1a: Cinna|87\/100|[from] move: Infestation|[partiallytrapped]\n|upkeep\n|c|\u2606LightNovas|no\n|\n|t:|1697309563\n|switch|p2b: Aggron|Aggron, F|100\/100\n|turn|5\n|\n|t:|1697309573\n|detailschange|p2b: Aggron|Aggron-Mega, F\n|-mega|p2b: Aggron|Aggron|Aggronite\n|move|p1a: Cinna|Ivy Cudgel|p2b: Aggron\n|-damage|p2b: Aggron|62\/100\n|move|p1b: Wildcard|Weather Ball|p2b: Aggron\n|-damage|p2b: Aggron|8\/100\n|move|p2b: Aggron|Body Press|p1a: Cinna\n|-damage|p1a: Cinna|36\/100\n|move|p2a: Shuckle|Infestation|p1b: Wildcard\n|-resisted|p1b: Wildcard\n|-damage|p1b: Wildcard|99\/100\n|-activate|p1b: Wildcard|move: Infestation|[of] p2a: Shuckle\n|\n|-weather|RainDance|[upkeep]\n|-damage|p1a: Cinna|24\/100|[from] move: Infestation|[partiallytrapped]\n|-damage|p1b: Wildcard|88\/100|[from] move: Infestation|[partiallytrapped]\n|upkeep\n|turn|6\n|\n|t:|1697309594\n|move|p1a: Cinna|Spiky Shield|p1a: Cinna\n|-singleturn|p1a: Cinna|move: Protect\n|move|p1b: Wildcard|Weather Ball|p2a: Shuckle\n|-supereffective|p2a: Shuckle\n|-damage|p2a: Shuckle|42\/100\n|move|p2b: Aggron|Body Press|p1a: Cinna\n|-activate|p1a: Cinna|move: Protect\n|-damage|p2b: Aggron|0 fnt|[from] Spiky Shield|[of] p1a: Cinna\n|faint|p2b: Aggron\n|move|p2a: Shuckle|Knock Off|p1b: Wildcard\n|-damage|p1b: Wildcard|84\/100\n|\n|-weather|none\n|-heal|p2a: Shuckle|48\/100|[from] item: Leftovers\n|-damage|p1a: Cinna|11\/100|[from] move: Infestation|[partiallytrapped]\n|-damage|p1b: Wildcard|71\/100|[from] move: Infestation|[partiallytrapped]\n|upkeep\n|\n|t:|1697309601\n|switch|p2b: Tyranitar|Tyranitar, M|40\/100\n|-weather|Sandstorm|[from] ability: Sand Stream|[of] p2b: Tyranitar\n|turn|7\n|\n|t:|1697309646\n|move|p1a: Cinna|Synthesis|p1a: Cinna\n|-heal|p1a: Cinna|36\/100\n|move|p1b: Wildcard|Weather Ball|p2a: Shuckle\n|-supereffective|p2a: Shuckle\n|-damage|p2a: Shuckle|23\/100\n|move|p2b: Tyranitar|Stone Edge|p1b: Wildcard\n|-supereffective|p1b: Wildcard\n|-damage|p1b: Wildcard|0 fnt\n|faint|p1b: Wildcard\n|move|p2a: Shuckle|Sticky Web|p1a: Cinna\n|-sidestart|p1: LightNovas|move: Sticky Web\n|\n|-weather|Sandstorm|[upkeep]\n|-damage|p1a: Cinna|30\/100|[from] Sandstorm\n|-heal|p2a: Shuckle|29\/100|[from] item: Leftovers\n|-damage|p1a: Cinna|18\/100|[from] move: Infestation|[partiallytrapped]\n|upkeep\n|\n|t:|1697309660\n|switch|p1b: Fast|Torkoal, M|100\/100\n|-activate|p1b: Fast|move: Sticky Web\n|-unboost|p1b: Fast|spe|1\n|-weather|SunnyDay|[from] ability: Drought|[of] p1b: Fast\n|turn|8\n|c|\u2606LightNovas|stayin alive\n|c|\u2606LightNovas|stayin alive\n|c|\u2606LightNovas|stayin alive\n|\n|t:|1697309674\n|move|p1a: Cinna|Synthesis|p1a: Cinna\n|-heal|p1a: Cinna|85\/100\n|move|p2b: Tyranitar|Stone Edge|p1b: Fast\n|-supereffective|p1b: Fast\n|-damage|p1b: Fast|46\/100\n|move|p1b: Fast|Weather Ball|p2a: Shuckle\n|-damage|p2a: Shuckle|1\/100\n|move|p2a: Shuckle|Infestation|p1b: Fast\n|-resisted|p1b: Fast\n|-damage|p1b: Fast|45\/100\n|-activate|p1b: Fast|move: Infestation|[of] p2a: Shuckle\n|\n|-weather|SunnyDay|[upkeep]\n|-heal|p2a: Shuckle|7\/100|[from] item: Leftovers\n|-end|p1a: Cinna|Infestation|[partiallytrapped]\n|-damage|p1b: Fast|33\/100|[from] move: Infestation|[partiallytrapped]\n|upkeep\n|turn|9\n|\n|t:|1697309700\n|switch|p2b: Garganacl|Garganacl, M|100\/100\n|move|p1a: Cinna|Stomping Tantrum|p2b: Garganacl\n|-supereffective|p2b: Garganacl\n|-damage|p2b: Garganacl|65\/100\n|move|p1b: Fast|Weather Ball|p2a: Shuckle\n|-damage|p2a: Shuckle|0 fnt\n|faint|p2a: Shuckle\n|\n|-weather|SunnyDay|[upkeep]\n|-heal|p2b: Garganacl|71\/100|[from] item: Leftovers\n|-end|p1b: Fast|Infestation|[partiallytrapped]|[silent]\n|upkeep\n|\n|t:|1697309702\n|switch|p2a: Tyranitar|Tyranitar, M|40\/100\n|-weather|Sandstorm|[from] ability: Sand Stream|[of] p2a: Tyranitar\n|turn|10\n|\n|t:|1697309737\n|-terastallize|p2b: Garganacl|Ghost\n|move|p1a: Cinna|Spiky Shield|p1a: Cinna\n|-singleturn|p1a: Cinna|move: Protect\n|move|p2a: Tyranitar|Stone Edge|p1b: Fast\n|-supereffective|p1b: Fast\n|-crit|p1b: Fast\n|-damage|p1b: Fast|0 fnt\n|faint|p1b: Fast\n|move|p2b: Garganacl|Iron Defense|p2b: Garganacl\n|-boost|p2b: Garganacl|def|2\n|\n|-weather|Sandstorm|[upkeep]\n|-damage|p1a: Cinna|79\/100|[from] Sandstorm\n|-damage|p2b: Garganacl|65\/100|[from] Sandstorm\n|-heal|p2b: Garganacl|71\/100|[from] item: Leftovers\n|upkeep\n|turn|11\n|-message|LightNovas forfeited.\n|\n|win|fasdhgasd\n|raw|LightNovas's rating: 1107 &rarr; <strong>1082<\/strong><br \/>(-25 for losing)\n|raw|fasdhgasd's rating: 1109 &rarr; <strong>1134<\/strong><br \/>(+25 for winning)\n|l|\u2606LightNovas\n|n| The power of ROCK|fasdhgasd\n","uploadtime":1697309754,"views":8,"p1id":"lightnovas","p2id":"fasdhgasd","formatid":"gen9nationaldexdoubles","rating":1082,"private":0,"password":""}