{"id":"gen9nationaldexdoubles-1978918715","p1":"Noibaat 500","p2":"Kejbd kfjf","format":"[Gen 9] National Dex Doubles","log":"|j|\u2606Noibaat 500\n|j|\u2606Kejbd kfjf\n|t:|1698610167\n|gametype|doubles\n|player|p1|Noibaat 500|giovanni|1060\n|player|p2|Kejbd kfjf|lucas|1000\n|teamsize|p1|6\n|teamsize|p2|6\n|gen|9\n|tier|[Gen 9] National Dex Doubles\n|rated|\n|rule|HP Percentage Mod: HP is shown in percentages\n|rule|Endless Battle Clause: Forcing endless battles is banned\n|rule|OHKO Clause: OHKO moves are banned\n|rule|Evasion Moves Clause: Evasion moves are banned\n|rule|Evasion Abilities Clause: Evasion abilities are banned\n|rule|Species Clause: Limit one of each Pok\u00e9mon\n|rule|Gravity Sleep Clause: The combination of sleep-inducing moves with imperfect accuracy and Gravity or Gigantamax Orbeetle are banned\n|clearpoke\n|poke|p1|Serperior, M|\n|poke|p1|Stoutland, M|\n|poke|p1|Bisharp, M|\n|poke|p1|Eelektross, M|\n|poke|p1|Galvantula, M|\n|poke|p1|Braviary, M|\n|poke|p2|Blastoise, M|\n|poke|p2|Clefable, F|\n|poke|p2|Indeedee-F, F|\n|poke|p2|Mr. Mime, M|\n|poke|p2|Glastrier|\n|poke|p2|Oranguru, M|\n|teampreview\n|inactive|Battle timer is ON: inactive players will automatically lose when time's up. (requested by Kejbd kfjf)\n|\n|t:|1698610182\n|start\n|switch|p1a: Serperior|Serperior, M|100\/100\n|switch|p1b: Bisharp|Bisharp, M|100\/100\n|switch|p2a: Glastrier|Glastrier|100\/100\n|switch|p2b: Indeedee|Indeedee-F, F|100\/100\n|-fieldstart|move: Psychic Terrain|[from] ability: Psychic Surge|[of] p2b: Indeedee\n|turn|1\n|\n|t:|1698610198\n|move|p1a: Serperior|Leaf Storm|p2a: Glastrier\n|-damage|p2a: Glastrier|63\/100\n|-boost|p1a: Serperior|spa|2\n|move|p1b: Bisharp|Power-Up Punch|p2a: Glastrier\n|-supereffective|p2a: Glastrier\n|-damage|p2a: Glastrier|43\/100\n|-boost|p1b: Bisharp|atk|1\n|move|p2a: Glastrier|Icicle Spear|p1a: Serperior\n|-supereffective|p1a: Serperior\n|-damage|p1a: Serperior|68\/100\n|-supereffective|p1a: Serperior\n|-damage|p1a: Serperior|38\/100\n|-supereffective|p1a: Serperior\n|-damage|p1a: Serperior|8\/100\n|-supereffective|p1a: Serperior\n|-damage|p1a: Serperior|0 fnt\n|faint|p1a: Serperior\n|-ability|p2a: Glastrier|Chilling Neigh|boost\n|-boost|p2a: Glastrier|atk|1\n|-hitcount|p1: Serperior|4\n|move|p2b: Indeedee|Trick Room|p2b: Indeedee\n|-fieldstart|move: Trick Room|[of] p2b: Indeedee\n|\n|upkeep\n|\n|t:|1698610207\n|switch|p1a: Eelektross|Eelektross, M|100\/100\n|turn|2\n|\n|t:|1698610227\n|-terastallize|p2a: Glastrier|Ice\n|move|p2b: Indeedee|Follow Me|p2b: Indeedee\n|-singleturn|p2b: Indeedee|move: Follow Me\n|move|p2a: Glastrier|Icicle Spear|p1a: Eelektross\n|-damage|p1a: Eelektross|66\/100\n|-damage|p1a: Eelektross|34\/100\n|-damage|p1a: Eelektross|0 fnt\n|faint|p1a: Eelektross\n|-ability|p2a: Glastrier|Chilling Neigh|boost\n|-boost|p2a: Glastrier|atk|1\n|-hitcount|p1: Eelektross|3\n|move|p1b: Bisharp|Brick Break|p2b: Indeedee\n|-damage|p2b: Indeedee|60\/100\n|\n|upkeep\n|\n|t:|1698610233\n|switch|p1a: Stoutland|Stoutland, M|100\/100\n|turn|3\n|\n|t:|1698610254\n|move|p2b: Indeedee|Follow Me|p2b: Indeedee\n|-singleturn|p2b: Indeedee|move: Follow Me\n|move|p2a: Glastrier|Stomping Tantrum|p1b: Bisharp\n|-supereffective|p1b: Bisharp\n|-damage|p1b: Bisharp|9\/100\n|move|p1b: Bisharp|Brick Break|p2b: Indeedee\n|-damage|p2b: Indeedee|21\/100\n|move|p1a: Stoutland|Return|p2b: Indeedee\n|-damage|p2b: Indeedee|0 fnt\n|faint|p2b: Indeedee\n|\n|upkeep\n|\n|t:|1698610264\n|switch|p2b: Oranguru|Oranguru, M|100\/100\n|turn|4\n|\n|t:|1698610272\n|move|p2a: Glastrier|Icicle Spear|p1b: Bisharp\n|-resisted|p1b: Bisharp\n|-damage|p1b: Bisharp|0 fnt\n|faint|p1b: Bisharp\n|-ability|p2a: Glastrier|Chilling Neigh|boost\n|-boost|p2a: Glastrier|atk|1\n|-hitcount|p1: Bisharp|1\n|move|p2b: Oranguru|Instruct|p2a: Glastrier\n|-singleturn|p2a: Glastrier|move: Instruct|[of] p2b: Oranguru\n|move|p2a: Glastrier|Icicle Spear|p1a: Stoutland\n|-damage|p1a: Stoutland|38\/100\n|-damage|p1a: Stoutland|0 fnt\n|faint|p1a: Stoutland\n|-ability|p2a: Glastrier|Chilling Neigh|boost\n|-boost|p2a: Glastrier|atk|1\n|-hitcount|p1: Stoutland|2\n|\n|upkeep\n|\n|t:|1698610276\n|switch|p1b: Braviary|Braviary, M|100\/100\n|switch|p1a: Galvantula|Galvantula, M|100\/100\n|turn|5\n|\n|t:|1698610301\n|move|p2a: Glastrier|Icicle Spear|p1b: Braviary\n|-supereffective|p1b: Braviary\n|-damage|p1b: Braviary|0 fnt\n|faint|p1b: Braviary\n|-ability|p2a: Glastrier|Chilling Neigh|boost\n|-boost|p2a: Glastrier|atk|1\n|-hitcount|p1: Braviary|1\n|move|p2b: Oranguru|Instruct|p2a: Glastrier\n|-singleturn|p2a: Glastrier|move: Instruct|[of] p2b: Oranguru\n|move|p2a: Glastrier|Icicle Spear|p1a: Galvantula\n|-enditem|p1a: Galvantula|Focus Sash\n|-damage|p1a: Galvantula|1\/100\n|-damage|p1a: Galvantula|0 fnt\n|faint|p1a: Galvantula\n|-hitcount|p1: Galvantula|2\n|\n|win|Kejbd kfjf\n|raw|Noibaat 500's rating: 1091 &rarr; <strong>1065<\/strong><br \/>(-26 for losing)\n|raw|Kejbd kfjf's rating: 1054 &rarr; <strong>1089<\/strong><br \/>(+35 for winning)\n|l|\u2606Noibaat 500\n","uploadtime":1698610323,"views":9,"p1id":"noibaat500","p2id":"kejbdkfjf","formatid":"gen9nationaldexdoubles","rating":1065,"private":0,"password":""}