{"id":"gen9nationaldexdoubles-1995542055","p1":"AdvancedDigit","p2":"Atlost","format":"[Gen 9] National Dex Doubles","log":"|j|\u2606AdvancedDigit\n|j|\u2606Atlost\n|t:|1700581319\n|gametype|doubles\n|player|p1|AdvancedDigit|hilbert|1166\n|player|p2|Atlost|101|1243\n|teamsize|p1|6\n|teamsize|p2|6\n|gen|9\n|tier|[Gen 9] National Dex Doubles\n|rated|\n|rule|HP Percentage Mod: HP is shown in percentages\n|rule|Endless Battle Clause: Forcing endless battles is banned\n|rule|OHKO Clause: OHKO moves are banned\n|rule|Evasion Moves Clause: Evasion moves are banned\n|rule|Evasion Abilities Clause: Evasion abilities are banned\n|rule|Species Clause: Limit one of each Pok\u00e9mon\n|rule|Gravity Sleep Clause: The combination of sleep-inducing moves with imperfect accuracy and Gravity or Gigantamax Orbeetle are banned\n|clearpoke\n|poke|p1|Scovillain, F|\n|poke|p1|Maushold|\n|poke|p1|Clefairy, F|\n|poke|p1|Sylveon, M|\n|poke|p1|Flamigo, F|\n|poke|p1|Tornadus, M|\n|poke|p2|Ogerpon-Wellspring, F|\n|poke|p2|Pelipper, F|\n|poke|p2|Swampert, F|\n|poke|p2|Ludicolo, M|\n|poke|p2|Urshifu-*, F|\n|poke|p2|Cresselia, F|\n|teampreview\n|\n|t:|1700581326\n|start\n|switch|p1a: Scovillain|Scovillain, F|100\/100\n|switch|p1b: Clefairy|Clefairy, F|100\/100\n|switch|p2a: Pelipper|Pelipper, F|100\/100\n|switch|p2b: Ludicolo|Ludicolo, M|100\/100\n|-weather|RainDance|[from] ability: Drizzle|[of] p2a: Pelipper\n|turn|1\n|\n|t:|1700581343\n|move|p2b: Ludicolo|Fake Out|p1a: Scovillain\n|-damage|p1a: Scovillain|92\/100\n|move|p1b: Clefairy|Follow Me|p1b: Clefairy\n|-singleturn|p1b: Clefairy|move: Follow Me\n|cant|p1a: Scovillain|flinch\n|move|p2a: Pelipper|U-turn|p1b: Clefairy\n|-resisted|p1b: Clefairy\n|-damage|p1b: Clefairy|96\/100\n|\n|t:|1700581360\n|switch|p2a: Ogerpon|Ogerpon-Wellspring, F|100\/100|[from] U-turn\n|\n|-weather|RainDance|[upkeep]\n|-heal|p1a: Scovillain|98\/100|[from] item: Leftovers\n|-ability|p1a: Scovillain|Moody|boost\n|-boost|p1a: Scovillain|spe|2\n|-unboost|p1a: Scovillain|atk|1\n|upkeep\n|turn|2\n|\n|t:|1700581382\n|move|p2a: Ogerpon|Helping Hand|p2b: Ludicolo\n|-singleturn|p2b: Ludicolo|Helping Hand|[of] p2a: Ogerpon\n|move|p1b: Clefairy|Follow Me|p1b: Clefairy\n|-singleturn|p1b: Clefairy|move: Follow Me\n|move|p1a: Scovillain|Substitute|p1a: Scovillain\n|-start|p1a: Scovillain|Substitute\n|-damage|p1a: Scovillain|73\/100\n|move|p2b: Ludicolo|Blizzard|p1b: Clefairy|[spread] p1a,p1b\n|-end|p1a: Scovillain|Substitute\n|-damage|p1b: Clefairy|72\/100\n|\n|-weather|RainDance|[upkeep]\n|-heal|p1a: Scovillain|79\/100|[from] item: Leftovers\n|-ability|p1a: Scovillain|Moody|boost\n|-boost|p1a: Scovillain|spe|2\n|-unboost|p1a: Scovillain|spa|1\n|upkeep\n|turn|3\n|\n|t:|1700581399\n|move|p2a: Ogerpon|Helping Hand|p2b: Ludicolo\n|-singleturn|p2b: Ludicolo|Helping Hand|[of] p2a: Ogerpon\n|move|p1b: Clefairy|Follow Me|p1b: Clefairy\n|-singleturn|p1b: Clefairy|move: Follow Me\n|move|p1a: Scovillain|Substitute|p1a: Scovillain\n|-start|p1a: Scovillain|Substitute\n|-damage|p1a: Scovillain|54\/100\n|move|p2b: Ludicolo|Blizzard|p1b: Clefairy|[spread] p1b\n|-miss|p2b: Ludicolo|p1a: Scovillain\n|-damage|p1b: Clefairy|48\/100\n|\n|-weather|RainDance|[upkeep]\n|-heal|p1a: Scovillain|60\/100|[from] item: Leftovers\n|-ability|p1a: Scovillain|Moody|boost\n|-boost|p1a: Scovillain|atk|2\n|-unboost|p1a: Scovillain|spa|1\n|upkeep\n|turn|4\n|\n|t:|1700581416\n|move|p2a: Ogerpon|Helping Hand|p2b: Ludicolo\n|-singleturn|p2b: Ludicolo|Helping Hand|[of] p2a: Ogerpon\n|move|p1a: Scovillain|Protect|p1a: Scovillain\n|-singleturn|p1a: Scovillain|Protect\n|move|p2b: Ludicolo|Blizzard|p1b: Clefairy|[spread] \n|-activate|p1a: Scovillain|move: Protect\n|-miss|p2b: Ludicolo|p1b: Clefairy\n|move|p1b: Clefairy|Seismic Toss|p2b: Ludicolo\n|-damage|p2b: Ludicolo|67\/100\n|\n|-weather|RainDance|[upkeep]\n|-heal|p1a: Scovillain|66\/100|[from] item: Leftovers\n|-ability|p1a: Scovillain|Moody|boost\n|-boost|p1a: Scovillain|def|2\n|-unboost|p1a: Scovillain|spd|1\n|upkeep\n|turn|5\n|\n|t:|1700581439\n|switch|p2a: Pelipper|Pelipper, F|100\/100\n|move|p1a: Scovillain|Trailblaze|p2b: Ludicolo\n|-damage|p2b: Ludicolo|29\/100\n|-boost|p1a: Scovillain|spe|1\n|move|p2b: Ludicolo|Energy Ball|p1b: Clefairy\n|-damage|p1b: Clefairy|26\/100\n|move|p1b: Clefairy|Seismic Toss|p2b: Ludicolo\n|-damage|p2b: Ludicolo|0 fnt\n|faint|p2b: Ludicolo\n|\n|-weather|RainDance|[upkeep]\n|-heal|p1a: Scovillain|72\/100|[from] item: Leftovers\n|-ability|p1a: Scovillain|Moody|boost\n|-boost|p1a: Scovillain|spd|2\n|-unboost|p1a: Scovillain|atk|1\n|upkeep\n|-message|Atlost forfeited.\n|\n|win|AdvancedDigit\n|raw|AdvancedDigit's rating: 1166 &rarr; <strong>1196<\/strong><br \/>(+30 for winning)\n|raw|Atlost's rating: 1243 &rarr; <strong>1213<\/strong><br \/>(-30 for losing)\n|l|\u2606Atlost\n","uploadtime":1700581449,"views":0,"p1id":"advanceddigit","p2id":"atlost","formatid":"gen9nationaldexdoubles","rating":1196,"private":0,"password":""}