{"id":"gen9nationaldexdoubles-1955551618","p1":"annoying oranje","p2":"JKogut","format":"[Gen 9] National Dex Doubles","log":"|j|\u2606annoying oranje\n|j|\u2606JKogut\n|t:|1696007094\n|gametype|doubles\n|player|p1|annoying oranje|lyra|\n|player|p2|JKogut|workerice|\n|teamsize|p1|6\n|teamsize|p2|6\n|gen|9\n|tier|[Gen 9] National Dex Doubles\n|rule|HP Percentage Mod: HP is shown in percentages\n|rule|Endless Battle Clause: Forcing endless battles is banned\n|rule|OHKO Clause: OHKO moves are banned\n|rule|Evasion Moves Clause: Evasion moves are banned\n|rule|Evasion Abilities Clause: Evasion abilities are banned\n|rule|Species Clause: Limit one of each Pok\u00e9mon\n|rule|Gravity Sleep Clause: The combination of sleep-inducing moves with imperfect accuracy and Gravity or Gigantamax Orbeetle are banned\n|clearpoke\n|poke|p1|Maushold-Four|\n|poke|p1|Landorus-Therian, M|\n|poke|p1|Whimsicott, F|\n|poke|p1|Marshadow|\n|poke|p1|Virizion|\n|poke|p1|Terrakion|\n|poke|p2|Lickilicky, F|\n|poke|p2|Skeledirge, M|\n|poke|p2|Kommo-o, M|\n|poke|p2|Kilowattrel, F|\n|poke|p2|Cresselia, F|\n|poke|p2|Grimmsnarl, M|\n|teampreview\n|j| Green133\n|\n|t:|1696007195\n|start\n|switch|p1a: NeighborhoodThreat|Whimsicott, F|100\/100\n|switch|p1b: Millhouse|Terrakion|100\/100\n|switch|p2a: Alopecia Barbie|Skeledirge, M, shiny|100\/100\n|switch|p2b: Moon God Barbie|Cresselia, F|100\/100\n|turn|1\n|j| Sasha_Notices\n|\n|t:|1696007232\n|-terastallize|p2a: Alopecia Barbie|Water\n|move|p1a: NeighborhoodThreat|Beat Up|p1b: Millhouse\n|-resisted|p1b: Millhouse\n|-damage|p1b: Millhouse|99\/100\n|-ability|p1b: Millhouse|Justified|boost\n|-boost|p1b: Millhouse|atk|1\n|-resisted|p1b: Millhouse\n|-damage|p1b: Millhouse|98\/100\n|-ability|p1b: Millhouse|Justified|boost\n|-boost|p1b: Millhouse|atk|1\n|-resisted|p1b: Millhouse\n|-damage|p1b: Millhouse|97\/100\n|-ability|p1b: Millhouse|Justified|boost\n|-boost|p1b: Millhouse|atk|1\n|-resisted|p1b: Millhouse\n|-damage|p1b: Millhouse|95\/100\n|-ability|p1b: Millhouse|Justified|boost\n|-boost|p1b: Millhouse|atk|1\n|-resisted|p1b: Millhouse\n|-damage|p1b: Millhouse|94\/100\n|-ability|p1b: Millhouse|Justified|boost\n|-boost|p1b: Millhouse|atk|1\n|-resisted|p1b: Millhouse\n|-damage|p1b: Millhouse|92\/100\n|-ability|p1b: Millhouse|Justified|boost\n|-boost|p1b: Millhouse|atk|1\n|-hitcount|p1b: Millhouse|6\n|move|p1b: Millhouse|Iron Head|p2b: Moon God Barbie\n|-damage|p2b: Moon God Barbie|35\/100\n|move|p2a: Alopecia Barbie|Torch Song|p1a: NeighborhoodThreat\n|-supereffective|p1a: NeighborhoodThreat\n|-damage|p1a: NeighborhoodThreat|22\/100\n|-boost|p2a: Alopecia Barbie|spa|1\n|move|p2b: Moon God Barbie|Trick Room|p2b: Moon God Barbie\n|-fieldstart|move: Trick Room|[of] p2b: Moon God Barbie\n|\n|upkeep\n|turn|2\n|l| Green133\n|\n|t:|1696007316\n|switch|p2b: Curvy Barbie|Lickilicky, F|100\/100\n|-ability|p2b: Curvy Barbie|Cloud Nine\n|move|p2a: Alopecia Barbie|Torch Song|p1b: Millhouse\n|-resisted|p1b: Millhouse\n|-damage|p1b: Millhouse|66\/100\n|-boost|p2a: Alopecia Barbie|spa|1\n|move|p1b: Millhouse|Rock Slide|p2a: Alopecia Barbie|[spread] p2a,p2b\n|-damage|p2a: Alopecia Barbie|77\/100\n|-damage|p2b: Curvy Barbie|23\/100\n|move|p1a: NeighborhoodThreat|Dazzling Gleam|p2b: Curvy Barbie|[spread] p2a,p2b\n|-damage|p2a: Alopecia Barbie|64\/100\n|-damage|p2b: Curvy Barbie|10\/100\n|\n|-heal|p2a: Alopecia Barbie|70\/100|[from] item: Leftovers\n|upkeep\n|turn|3\n|\n|t:|1696007349\n|switch|p1a: Dugtrio mice|Maushold-Four|100\/100\n|move|p2b: Curvy Barbie|Helping Hand|p2a: Alopecia Barbie\n|-singleturn|p2a: Alopecia Barbie|Helping Hand|[of] p2b: Curvy Barbie\n|move|p2a: Alopecia Barbie|Torch Song|p1b: Millhouse\n|-resisted|p1b: Millhouse\n|-damage|p1b: Millhouse|18\/100\n|-boost|p2a: Alopecia Barbie|spa|1\n|-enditem|p1b: Millhouse|Sitrus Berry|[eat]\n|-heal|p1b: Millhouse|43\/100|[from] item: Sitrus Berry\n|move|p1b: Millhouse|Rock Slide|p2a: Alopecia Barbie|[spread] p2a,p2b\n|-damage|p2a: Alopecia Barbie|48\/100\n|-damage|p2b: Curvy Barbie|0 fnt\n|faint|p2b: Curvy Barbie\n|\n|-heal|p2a: Alopecia Barbie|54\/100|[from] item: Leftovers\n|upkeep\n|\n|t:|1696007368\n|switch|p2b: Moon God Barbie|Cresselia, F|35\/100\n|turn|4\n|\n|t:|1696007392\n|-terastallize|p1a: Dugtrio mice|Normal\n|move|p1b: Millhouse|Protect|p1b: Millhouse\n|-singleturn|p1b: Millhouse|Protect\n|move|p2a: Alopecia Barbie|Torch Song|p1b: Millhouse\n|-activate|p1b: Millhouse|move: Protect\n|move|p2b: Moon God Barbie|Lunar Blessing|p2b: Moon God Barbie|[spread] p2a,p2b\n|-heal|p2a: Alopecia Barbie|79\/100\n|-heal|p2b: Moon God Barbie|60\/100\n|move|p1a: Dugtrio mice|Population Bomb|p2a: Alopecia Barbie\n|-damage|p2a: Alopecia Barbie|70\/100\n|-damage|p2a: Alopecia Barbie|62\/100\n|-damage|p2a: Alopecia Barbie|53\/100\n|-damage|p2a: Alopecia Barbie|44\/100\n|-crit|p2a: Alopecia Barbie\n|-damage|p2a: Alopecia Barbie|31\/100\n|-damage|p2a: Alopecia Barbie|23\/100\n|-damage|p2a: Alopecia Barbie|15\/100\n|-damage|p2a: Alopecia Barbie|6\/100\n|-damage|p2a: Alopecia Barbie|0 fnt\n|faint|p2a: Alopecia Barbie\n|-hitcount|p2: Alopecia Barbie|9\n|\n|upkeep\n|j| Green133\n|\n|t:|1696007429\n|switch|p2a: Pop Star Barbie|Kommo-o, M, shiny|100\/100\n|turn|5\n|\n|t:|1696007463\n|switch|p1b: Lando Calrissian|Landorus-Therian, M|100\/100\n|-ability|p1b: Lando Calrissian|Intimidate|boost\n|-unboost|p2a: Pop Star Barbie|atk|1\n|-unboost|p2b: Moon God Barbie|atk|1\n|move|p2a: Pop Star Barbie|Earthquake|p1a: Dugtrio mice|[spread] p1a\n|-immune|p2b: Moon God Barbie|[from] ability: Levitate\n|-immune|p1b: Lando Calrissian\n|-damage|p1a: Dugtrio mice|84\/100\n|move|p2b: Moon God Barbie|Dazzling Gleam|p1b: Lando Calrissian|[spread] p1a,p1b\n|-damage|p1a: Dugtrio mice|71\/100\n|-damage|p1b: Lando Calrissian|86\/100\n|move|p1a: Dugtrio mice|Population Bomb|p2b: Moon God Barbie\n|-damage|p2b: Moon God Barbie|52\/100\n|-damage|p2b: Moon God Barbie|46\/100\n|-damage|p2b: Moon God Barbie|39\/100\n|-damage|p2b: Moon God Barbie|32\/100\n|-damage|p2b: Moon God Barbie|25\/100\n|-damage|p2b: Moon God Barbie|18\/100\n|-damage|p2b: Moon God Barbie|10\/100\n|-damage|p2b: Moon God Barbie|4\/100\n|-damage|p2b: Moon God Barbie|0 fnt\n|faint|p2b: Moon God Barbie\n|-hitcount|p2: Moon God Barbie|9\n|\n|-fieldend|move: Trick Room\n|upkeep\n|\n|t:|1696007492\n|switch|p2b: \"The Birds\" Barbie|Kilowattrel, F, shiny|100\/100\n|turn|6\n|\n|t:|1696007513\n|move|p2b: \"The Birds\" Barbie|Protect|p2b: \"The Birds\" Barbie\n|-singleturn|p2b: \"The Birds\" Barbie|Protect\n|move|p1b: Lando Calrissian|Protect|p1b: Lando Calrissian\n|-singleturn|p1b: Lando Calrissian|Protect\n|move|p1a: Dugtrio mice|Population Bomb|p2b: \"The Birds\" Barbie\n|-activate|p2b: \"The Birds\" Barbie|move: Protect\n|move|p2a: Pop Star Barbie|Brick Break|p1a: Dugtrio mice\n|-supereffective|p1a: Dugtrio mice\n|-damage|p1a: Dugtrio mice|21\/100\n|\n|upkeep\n|turn|7\n|\n|t:|1696007564\n|move|p2b: \"The Birds\" Barbie|Air Cutter|p1a: Dugtrio mice|[spread] p1a,p1b\n|-damage|p1a: Dugtrio mice|0 fnt\n|-damage|p1b: Lando Calrissian|62\/100\n|faint|p1a: Dugtrio mice\n|move|p1b: Lando Calrissian|U-turn|p2a: Pop Star Barbie\n|-resisted|p2a: Pop Star Barbie\n|-crit|p2a: Pop Star Barbie\n|-damage|p2a: Pop Star Barbie|88\/100\n|\n|t:|1696007642\n|switch|p1b: Yummy in my tummy|Marshadow|100\/100|[from] U-turn\n|move|p2a: Pop Star Barbie|Breaking Swipe|p1b: Yummy in my tummy\n|-damage|p1b: Yummy in my tummy|81\/100\n|-unboost|p1b: Yummy in my tummy|atk|1\n|\n|upkeep\n|\n|t:|1696007669\n|switch|p1a: Millhouse|Terrakion|43\/100\n|turn|8\n|\n|t:|1696007699\n|move|p2b: \"The Birds\" Barbie|Protect|p2b: \"The Birds\" Barbie\n|-singleturn|p2b: \"The Birds\" Barbie|Protect\n|move|p1b: Yummy in my tummy|Spectral Thief|p2b: \"The Birds\" Barbie\n|-activate|p2b: \"The Birds\" Barbie|move: Protect\n|move|p1a: Millhouse|Rock Slide|p2b: \"The Birds\" Barbie|[spread] p2a\n|-activate|p2b: \"The Birds\" Barbie|move: Protect\n|-resisted|p2a: Pop Star Barbie\n|-damage|p2a: Pop Star Barbie|80\/100\n|move|p2a: Pop Star Barbie|Breaking Swipe|p1b: Yummy in my tummy|[spread] p1a,p1b\n|-damage|p1a: Millhouse|30\/100\n|-damage|p1b: Yummy in my tummy|68\/100\n|-unboost|p1a: Millhouse|atk|1\n|-unboost|p1b: Yummy in my tummy|atk|1\n|\n|upkeep\n|turn|9\n|\n|t:|1696007734\n|move|p1a: Millhouse|Protect|p1a: Millhouse\n|-singleturn|p1a: Millhouse|Protect\n|move|p1b: Yummy in my tummy|Spectral Thief|p2b: \"The Birds\" Barbie\n|-damage|p2b: \"The Birds\" Barbie|41\/100\n|move|p2b: \"The Birds\" Barbie|Air Cutter|p1b: Yummy in my tummy|[spread] p1b\n|-activate|p1a: Millhouse|move: Protect\n|-supereffective|p1b: Yummy in my tummy\n|-damage|p1b: Yummy in my tummy|24\/100\n|move|p2a: Pop Star Barbie|Breaking Swipe|p1a: Millhouse|[spread] p1b\n|-activate|p1a: Millhouse|move: Protect\n|-damage|p1b: Yummy in my tummy|9\/100\n|-unboost|p1b: Yummy in my tummy|atk|1\n|\n|upkeep\n|turn|10\n|\n|t:|1696007761\n|move|p2b: \"The Birds\" Barbie|Protect|p2b: \"The Birds\" Barbie\n|-singleturn|p2b: \"The Birds\" Barbie|Protect\n|move|p1b: Yummy in my tummy|Spectral Thief|p2b: \"The Birds\" Barbie\n|-activate|p2b: \"The Birds\" Barbie|move: Protect\n|move|p1a: Millhouse|Rock Slide|p2b: \"The Birds\" Barbie|[spread] p2a\n|-activate|p2b: \"The Birds\" Barbie|move: Protect\n|-resisted|p2a: Pop Star Barbie\n|-damage|p2a: Pop Star Barbie|74\/100\n|move|p2a: Pop Star Barbie|Breaking Swipe|p1b: Yummy in my tummy|[spread] p1a,p1b\n|-damage|p1a: Millhouse|17\/100\n|-damage|p1b: Yummy in my tummy|0 fnt\n|-unboost|p1a: Millhouse|atk|1\n|faint|p1b: Yummy in my tummy\n|\n|upkeep\n|\n|t:|1696007794\n|switch|p1b: NeighborhoodThreat|Whimsicott, F|22\/100\n|turn|11\n|\n|t:|1696007821\n|switch|p2b: Groovy Barbie|Grimmsnarl, M, shiny|100\/100\n|move|p1b: NeighborhoodThreat|Tailwind|p1b: NeighborhoodThreat\n|-sidestart|p1: annoying oranje|move: Tailwind\n|move|p1a: Millhouse|Rock Slide|p2a: Pop Star Barbie|[spread] p2a\n|-miss|p1a: Millhouse|p2b: Groovy Barbie\n|-resisted|p2a: Pop Star Barbie\n|-damage|p2a: Pop Star Barbie|70\/100\n|move|p2a: Pop Star Barbie|Iron Head|p1b: NeighborhoodThreat\n|-supereffective|p1b: NeighborhoodThreat\n|-damage|p1b: NeighborhoodThreat|0 fnt\n|faint|p1b: NeighborhoodThreat\n|\n|upkeep\n|\n|t:|1696007835\n|switch|p1b: Lando Calrissian|Landorus-Therian, M|62\/100\n|-ability|p1b: Lando Calrissian|Intimidate|boost\n|-unboost|p2a: Pop Star Barbie|atk|1\n|-unboost|p2b: Groovy Barbie|atk|1\n|turn|12\n|\n|t:|1696007867\n|switch|p1a: Honse|Virizion|100\/100\n|move|p2b: Groovy Barbie|Reflect|p2b: Groovy Barbie\n|-sidestart|p2: JKogut|Reflect\n|move|p1b: Lando Calrissian|Rock Slide|p2b: Groovy Barbie|[spread] p2b\n|-miss|p1b: Lando Calrissian|p2a: Pop Star Barbie\n|-damage|p2b: Groovy Barbie|88\/100\n|move|p2a: Pop Star Barbie|Breaking Swipe|p1b: Lando Calrissian|[spread] p1a,p1b\n|-damage|p1a: Honse|88\/100\n|-damage|p1b: Lando Calrissian|52\/100\n|-unboost|p1a: Honse|atk|1\n|-unboost|p1b: Lando Calrissian|atk|1\n|\n|upkeep\n|turn|13\n|\n|t:|1696007910\n|move|p1a: Honse|Close Combat|p2a: Pop Star Barbie\n|-damage|p2a: Pop Star Barbie|57\/100\n|-unboost|p1a: Honse|def|1\n|-unboost|p1a: Honse|spd|1\n|move|p1b: Lando Calrissian|U-turn|p2a: Pop Star Barbie\n|-resisted|p2a: Pop Star Barbie\n|-damage|p2a: Pop Star Barbie|53\/100\n|\n|t:|1696007917\n|switch|p1b: Millhouse|Terrakion|17\/100|[from] U-turn\n|move|p2a: Pop Star Barbie|Breaking Swipe|p1a: Honse|[spread] p1a,p1b\n|-damage|p1a: Honse|71\/100\n|-damage|p1b: Millhouse|8\/100\n|-unboost|p1a: Honse|atk|1\n|-unboost|p1b: Millhouse|atk|1\n|move|p2b: Groovy Barbie|Spirit Break|p1a: Honse\n|-supereffective|p1a: Honse\n|-damage|p1a: Honse|0 fnt\n|faint|p1a: Honse\n|\n|upkeep\n|\n|t:|1696007928\n|switch|p1a: Lando Calrissian|Landorus-Therian, M|52\/100\n|-ability|p1a: Lando Calrissian|Intimidate|boost\n|-unboost|p2a: Pop Star Barbie|atk|1\n|-unboost|p2b: Groovy Barbie|atk|1\n|turn|14\n|\n|t:|1696007941\n|move|p1b: Millhouse|Rock Slide|p2a: Pop Star Barbie|[spread] \n|-miss|p1b: Millhouse|p2a: Pop Star Barbie\n|-miss|p1b: Millhouse|p2b: Groovy Barbie\n|move|p1a: Lando Calrissian|Rock Slide|p2a: Pop Star Barbie|[spread] p2a\n|-miss|p1a: Lando Calrissian|p2b: Groovy Barbie\n|-resisted|p2a: Pop Star Barbie\n|-damage|p2a: Pop Star Barbie|49\/100\n|move|p2a: Pop Star Barbie|Breaking Swipe|p1a: Lando Calrissian|[spread] p1a,p1b\n|-damage|p1a: Lando Calrissian|43\/100\n|-damage|p1b: Millhouse|0 fnt\n|-unboost|p1a: Lando Calrissian|atk|1\n|-enditem|p1a: Lando Calrissian|Sitrus Berry|[eat]\n|-heal|p1a: Lando Calrissian|68\/100|[from] item: Sitrus Berry\n|faint|p1b: Millhouse\n|move|p2b: Groovy Barbie|Spirit Break|p1a: Lando Calrissian\n|-damage|p1a: Lando Calrissian|51\/100\n|-unboost|p1a: Lando Calrissian|spa|1\n|\n|-sideend|p1: annoying oranje|move: Tailwind\n|upkeep\n|turn|15\n|\n|t:|1696007969\n|move|p1a: Lando Calrissian|Rock Slide|p2b: Groovy Barbie|[spread] p2a,p2b\n|-resisted|p2a: Pop Star Barbie\n|-damage|p2a: Pop Star Barbie|46\/100\n|-damage|p2b: Groovy Barbie|79\/100\n|move|p2a: Pop Star Barbie|Breaking Swipe|p1a: Lando Calrissian\n|-damage|p1a: Lando Calrissian|41\/100\n|-unboost|p1a: Lando Calrissian|atk|1\n|cant|p2b: Groovy Barbie|flinch\n|\n|upkeep\n|turn|16\n|\n|t:|1696007983\n|move|p1a: Lando Calrissian|Rock Slide|p2a: Pop Star Barbie|[spread] p2a,p2b\n|-resisted|p2a: Pop Star Barbie\n|-damage|p2a: Pop Star Barbie|44\/100\n|-damage|p2b: Groovy Barbie|72\/100\n|move|p2a: Pop Star Barbie|Breaking Swipe|p1a: Lando Calrissian\n|-damage|p1a: Lando Calrissian|31\/100\n|-unboost|p1a: Lando Calrissian|atk|1\n|move|p2b: Groovy Barbie|Spirit Break|p1a: Lando Calrissian\n|-damage|p1a: Lando Calrissian|12\/100\n|-unboost|p1a: Lando Calrissian|spa|1\n|\n|upkeep\n|turn|17\n|\n|t:|1696007998\n|move|p1a: Lando Calrissian|Rock Slide|p2b: Groovy Barbie|[spread] p2a,p2b\n|-resisted|p2a: Pop Star Barbie\n|-damage|p2a: Pop Star Barbie|42\/100\n|-damage|p2b: Groovy Barbie|67\/100\n|cant|p2a: Pop Star Barbie|flinch\n|cant|p2b: Groovy Barbie|flinch\n|\n|upkeep\n|turn|18\n|c|\u2606JKogut|double flinch out?\n|\n|t:|1696008016\n|move|p1a: Lando Calrissian|Rock Slide|p2a: Pop Star Barbie|[spread] p2a,p2b\n|-resisted|p2a: Pop Star Barbie\n|-damage|p2a: Pop Star Barbie|40\/100\n|-damage|p2b: Groovy Barbie|61\/100\n|move|p2a: Pop Star Barbie|Breaking Swipe|p1a: Lando Calrissian\n|-damage|p1a: Lando Calrissian|2\/100\n|-unboost|p1a: Lando Calrissian|atk|1\n|move|p2b: Groovy Barbie|Spirit Break|p1a: Lando Calrissian\n|-damage|p1a: Lando Calrissian|0 fnt\n|faint|p1a: Lando Calrissian\n|\n|win|JKogut\n|c|\u2606JKogut|gg\n|c|\u2606annoying oranje|gg\n","uploadtime":1696008054,"views":23,"p1id":"annoyingoranje","p2id":"jkogut","formatid":"gen9nationaldexdoubles","rating":0,"private":0,"password":""}