{"id":"gen9nationaldexdoubles-1989234084","p1":"Ubitroll","p2":"Jam35_Name","format":"[Gen 9] National Dex Doubles","log":"|j|\u2606Ubitroll\n|j|\u2606Jam35_Name\n|t:|1699826275\n|gametype|doubles\n|player|p1|Ubitroll|depotagent|\n|player|p2|Jam35_Name|policeman|\n|teamsize|p1|6\n|teamsize|p2|6\n|gen|9\n|tier|[Gen 9] National Dex Doubles\n|rule|HP Percentage Mod: HP is shown in percentages\n|rule|Endless Battle Clause: Forcing endless battles is banned\n|rule|OHKO Clause: OHKO moves are banned\n|rule|Evasion Moves Clause: Evasion moves are banned\n|rule|Evasion Abilities Clause: Evasion abilities are banned\n|rule|Species Clause: Limit one of each Pok\u00e9mon\n|rule|Gravity Sleep Clause: The combination of sleep-inducing moves with imperfect accuracy and Gravity or Gigantamax Orbeetle are banned\n|clearpoke\n|poke|p1|Azumarill, F|\n|poke|p1|Iron Valiant|\n|poke|p1|Tinkaton, F|\n|poke|p1|Sylveon, F|\n|poke|p1|Gardevoir, M|\n|poke|p1|Dachsbun, F|\n|poke|p2|Ogerpon-Cornerstone, F|\n|poke|p2|Stakataka|\n|poke|p2|Shuckle, M|\n|poke|p2|Tyranitar, M|\n|poke|p2|Cradily, F|\n|poke|p2|Coalossal, M|\n|teampreview\n|\n|t:|1699826292\n|start\n|switch|p1a: Gardevoir|Gardevoir, M, shiny|100\/100\n|switch|p1b: Iron Valiant|Iron Valiant|100\/100\n|switch|p2a: The Shuckler|Shuckle, M, shiny|100\/100\n|switch|p2b: Kinda hot ngl|Coalossal, M|100\/100\n|-ability|p1a: Gardevoir|Steam Engine|[from] ability: Trace|[of] p2b: Kinda hot ngl\n|-enditem|p1b: Iron Valiant|Booster Energy\n|-activate|p1b: Iron Valiant|ability: Quark Drive|[fromitem]\n|-start|p1b: Iron Valiant|quarkdrivespe\n|turn|1\n|\n|t:|1699826328\n|detailschange|p1a: Gardevoir|Gardevoir-Mega, M, shiny\n|-mega|p1a: Gardevoir|Gardevoir|Gardevoirite\n|-terastallize|p2b: Kinda hot ngl|Fire\n|move|p1b: Iron Valiant|Close Combat|p2a: The Shuckler\n|-damage|p2a: The Shuckler|64\/100\n|-unboost|p1b: Iron Valiant|def|1\n|-unboost|p1b: Iron Valiant|spd|1\n|move|p1a: Gardevoir|Hyper Voice|p2a: The Shuckler|[spread] p2a,p2b\n|-resisted|p2b: Kinda hot ngl\n|-damage|p2a: The Shuckler|32\/100\n|-damage|p2b: Kinda hot ngl|73\/100\n|move|p2b: Kinda hot ngl|Burn Up|p1b: Iron Valiant\n|-damage|p1b: Iron Valiant|0 fnt\n|-start|p2b: Kinda hot ngl|typechange|Fire|[from] move: Burn Up\n|faint|p1b: Iron Valiant\n|-end|p1b: Iron Valiant|Quark Drive|[silent]\n|move|p2a: The Shuckler|Hidden Power|p2b: Kinda hot ngl\n|-supereffective|p2b: Kinda hot ngl\n|-damage|p2b: Kinda hot ngl|70\/100\n|-ability|p2b: Kinda hot ngl|Steam Engine|boost\n|-boost|p2b: Kinda hot ngl|spe|6\n|-enditem|p2b: Kinda hot ngl|Weakness Policy\n|-boost|p2b: Kinda hot ngl|atk|2|[from] item: Weakness Policy\n|-boost|p2b: Kinda hot ngl|spa|2|[from] item: Weakness Policy\n|\n|upkeep\n|\n|t:|1699826354\n|switch|p1b: Azumarill|Azumarill, F, shiny|100\/100\n|turn|2\n|\n|t:|1699826369\n|move|p2b: Kinda hot ngl|Protect|p2b: Kinda hot ngl\n|-singleturn|p2b: Kinda hot ngl|Protect\n|move|p1b: Azumarill|Aqua Jet|p2b: Kinda hot ngl\n|-activate|p2b: Kinda hot ngl|move: Protect\n|move|p1a: Gardevoir|Hyper Voice|p2b: Kinda hot ngl|[spread] p2a\n|-activate|p2b: Kinda hot ngl|move: Protect\n|-damage|p2a: The Shuckler|0 fnt\n|faint|p2a: The Shuckler\n|\n|upkeep\n|\n|t:|1699826389\n|switch|p2a: Phallic|Cradily, F|100\/100\n|turn|3\n|\n|t:|1699826421\n|move|p2b: Kinda hot ngl|Burn Up|p1b: Azumarill\n|-resisted|p1b: Azumarill\n|-damage|p1b: Azumarill|25\/100\n|-start|p2b: Kinda hot ngl|typechange|Fire|[from] move: Burn Up\n|-enditem|p1b: Azumarill|Sitrus Berry|[eat]\n|-heal|p1b: Azumarill|50\/100|[from] item: Sitrus Berry\n|move|p1a: Gardevoir|Hyper Voice|p2a: Phallic|[spread] p2a,p2b\n|-resisted|p2b: Kinda hot ngl\n|-damage|p2a: Phallic|60\/100\n|-damage|p2b: Kinda hot ngl|42\/100\n|move|p1b: Azumarill|Belly Drum||[still]\n|-fail|p1b: Azumarill\n|move|p2a: Phallic|Sunny Day|p2a: Phallic\n|-weather|SunnyDay\n|\n|-weather|SunnyDay|[upkeep]\n|-heal|p2a: Phallic|66\/100|[from] item: Leftovers\n|upkeep\n|turn|4\n|\n|t:|1699826462\n|switch|p1b: Sylveon|Sylveon, F, shiny|100\/100\n|move|p2b: Kinda hot ngl|Protect|p2b: Kinda hot ngl\n|-singleturn|p2b: Kinda hot ngl|Protect\n|move|p1a: Gardevoir|Protect|p1a: Gardevoir\n|-singleturn|p1a: Gardevoir|Protect\n|move|p2a: Phallic|Leech Seed|p1a: Gardevoir\n|-activate|p1a: Gardevoir|move: Protect\n|\n|-weather|SunnyDay|[upkeep]\n|-heal|p2a: Phallic|73\/100|[from] item: Leftovers\n|upkeep\n|turn|5\n|\n|t:|1699826481\n|move|p2b: Kinda hot ngl|Burn Up|p1a: Gardevoir\n|-damage|p1a: Gardevoir|0 fnt\n|-start|p2b: Kinda hot ngl|typechange|Fire|[from] move: Burn Up\n|faint|p1a: Gardevoir\n|move|p1b: Sylveon|Hyper Voice|p2b: Kinda hot ngl|[spread] p2a,p2b\n|-resisted|p2b: Kinda hot ngl\n|-damage|p2a: Phallic|48\/100\n|-damage|p2b: Kinda hot ngl|28\/100\n|move|p2a: Phallic|Leech Seed|p1b: Sylveon\n|-start|p1b: Sylveon|move: Leech Seed\n|\n|-weather|SunnyDay|[upkeep]\n|-heal|p2a: Phallic|54\/100|[from] item: Leftovers\n|-damage|p1b: Sylveon|88\/100|[from] Leech Seed|[of] p2a: Phallic\n|-heal|p2a: Phallic|67\/100|[silent]\n|upkeep\n|\n|t:|1699826496\n|switch|p1a: Dachsbun|Dachsbun, F, shiny|100\/100\n|turn|6\n|\n|t:|1699826519\n|move|p2b: Kinda hot ngl|Burn Up|p1a: Dachsbun\n|-ability|p1a: Dachsbun|Well-Baked Body|boost\n|-boost|p1a: Dachsbun|def|2\n|move|p1a: Dachsbun|Body Press|p2a: Phallic\n|-supereffective|p2a: Phallic\n|-damage|p2a: Phallic|0 fnt\n|faint|p2a: Phallic\n|move|p1b: Sylveon|Heal Bell||[still]\n|-activate|p1b: Sylveon|move: Heal Bell\n|-fail|p1b: Sylveon\n|\n|-weather|SunnyDay|[upkeep]\n|-heal|p1b: Sylveon|94\/100|[from] item: Leftovers\n|upkeep\n|\n|t:|1699826552\n|switch|p2a: Chonker|Tyranitar, M, shiny|100\/100\n|-weather|Sandstorm|[from] ability: Sand Stream|[of] p2a: Chonker\n|turn|7\n|\n|t:|1699826598\n|move|p2b: Kinda hot ngl|Protect|p2b: Kinda hot ngl\n|-singleturn|p2b: Kinda hot ngl|Protect\n|move|p1a: Dachsbun|Protect|p1a: Dachsbun\n|-singleturn|p1a: Dachsbun|Protect\n|move|p2a: Chonker|Heavy Slam|p1a: Dachsbun\n|-activate|p1a: Dachsbun|move: Protect\n|move|p1b: Sylveon|Hyper Voice|p2a: Chonker|[spread] p2a\n|-activate|p2b: Kinda hot ngl|move: Protect\n|-supereffective|p2a: Chonker\n|-damage|p2a: Chonker|72\/100\n|\n|-weather|Sandstorm|[upkeep]\n|-damage|p2b: Kinda hot ngl|21\/100|[from] Sandstorm\n|-damage|p1a: Dachsbun|95\/100|[from] Sandstorm\n|-damage|p1b: Sylveon|88\/100|[from] Sandstorm\n|-heal|p1b: Sylveon|94\/100|[from] item: Leftovers\n|-damage|p1b: Sylveon|82\/100|[from] Leech Seed|[of] p2a: Chonker\n|-heal|p2a: Chonker|85\/100|[silent]\n|upkeep\n|turn|8\n|\n|t:|1699826749\n|move|p2b: Kinda hot ngl|Power Gem|p1a: Dachsbun\n|-damage|p1a: Dachsbun|12\/100\n|move|p1a: Dachsbun|Body Press|p2a: Chonker\n|-supereffective|p2a: Chonker\n|-damage|p2a: Chonker|0 fnt\n|faint|p2a: Chonker\n|move|p1b: Sylveon|Hyper Voice|p2b: Kinda hot ngl\n|-resisted|p2b: Kinda hot ngl\n|-damage|p2b: Kinda hot ngl|1\/100\n|\n|-weather|Sandstorm|[upkeep]\n|-damage|p2b: Kinda hot ngl|0 fnt|[from] Sandstorm\n|-damage|p1a: Dachsbun|6\/100|[from] Sandstorm\n|-damage|p1b: Sylveon|76\/100|[from] Sandstorm\n|faint|p2b: Kinda hot ngl\n|-heal|p1b: Sylveon|82\/100|[from] item: Leftovers\n|upkeep\n|\n|t:|1699826767\n|switch|p2a: Bonkoi|Ogerpon-Cornerstone, F|100\/100\n|switch|p2b: Stacko|Stakataka, shiny|100\/100\n|turn|9\n|\n|t:|1699826781\n|move|p1a: Dachsbun|Protect|p1a: Dachsbun\n|-singleturn|p1a: Dachsbun|Protect\n|move|p2a: Bonkoi|Swords Dance|p2a: Bonkoi\n|-boost|p2a: Bonkoi|atk|2\n|move|p1b: Sylveon|Hyper Voice|p2a: Bonkoi|[spread] p2a,p2b\n|-resisted|p2b: Stacko\n|-damage|p2a: Bonkoi|77\/100\n|-damage|p2b: Stacko|89\/100\n|move|p2b: Stacko|Trick Room|p2b: Stacko\n|-fieldstart|move: Trick Room|[of] p2b: Stacko\n|\n|-weather|Sandstorm|[upkeep]\n|-damage|p1b: Sylveon|76\/100|[from] Sandstorm\n|-damage|p1a: Dachsbun|0 fnt|[from] Sandstorm\n|faint|p1a: Dachsbun\n|-heal|p1b: Sylveon|82\/100|[from] item: Leftovers\n|-damage|p1b: Sylveon|69\/100|[from] Leech Seed|[of] p2a: Bonkoi\n|-heal|p2a: Bonkoi|93\/100|[silent]\n|upkeep\n|\n|t:|1699826816\n|switch|p1a: Tinkaton|Tinkaton, F, shiny|100\/100\n|-ability|p1a: Tinkaton|Mold Breaker\n|turn|10\n|\n|t:|1699826838\n|move|p2b: Stacko|Gyro Ball|p1b: Sylveon\n|-supereffective|p1b: Sylveon\n|-damage|p1b: Sylveon|0 fnt\n|faint|p1b: Sylveon\n|-ability|p2b: Stacko|Beast Boost|boost\n|-boost|p2b: Stacko|atk|1\n|move|p1a: Tinkaton|Gigaton Hammer|p2a: Bonkoi\n|-supereffective|p2a: Bonkoi\n|-damage|p2a: Bonkoi|0 fnt\n|faint|p2a: Bonkoi\n|\n|-weather|Sandstorm|[upkeep]\n|upkeep\n|\n|t:|1699826848\n|switch|p1b: Azumarill|Azumarill, F, shiny|50\/100\n|turn|11\n|\n|t:|1699826856\n|move|p1b: Azumarill|Aqua Jet|p2b: Stacko\n|-supereffective|p2b: Stacko\n|-damage|p2b: Stacko|56\/100\n|move|p2b: Stacko|Heat Crash|p1a: Tinkaton\n|-supereffective|p1a: Tinkaton\n|-damage|p1a: Tinkaton|0 fnt\n|faint|p1a: Tinkaton\n|-ability|p2b: Stacko|Beast Boost|boost\n|-boost|p2b: Stacko|atk|1\n|\n|-weather|Sandstorm|[upkeep]\n|-damage|p1b: Azumarill|44\/100|[from] Sandstorm\n|upkeep\n|turn|12\n|\n|t:|1699826877\n|move|p1b: Azumarill|Aqua Jet|p2b: Stacko\n|-supereffective|p2b: Stacko\n|-damage|p2b: Stacko|25\/100\n|move|p2b: Stacko|Gyro Ball|p1b: Azumarill\n|-damage|p1b: Azumarill|0 fnt\n|faint|p1b: Azumarill\n|\n|win|Jam35_Name\n|l|\u2606Jam35_Name\n","uploadtime":1699827096,"views":7,"p1id":"ubitroll","p2id":"jam35name","formatid":"gen9nationaldexdoubles","rating":0,"private":0,"password":""}