{"id":"gen9nationaldexdoubles-1962072265","p1":"Penguin Stylez","p2":"MaterialSpheal","format":"[Gen 9] National Dex Doubles","log":"|j|\u2606Penguin Stylez\n|j|\u2606MaterialSpheal\n|t:|1696704411\n|gametype|doubles\n|player|p1|Penguin Stylez|2|1048\n|player|p2|MaterialSpheal|parasollady-gen4|1049\n|teamsize|p1|6\n|teamsize|p2|6\n|gen|9\n|tier|[Gen 9] National Dex Doubles\n|rated|\n|rule|HP Percentage Mod: HP is shown in percentages\n|rule|Endless Battle Clause: Forcing endless battles is banned\n|rule|OHKO Clause: OHKO moves are banned\n|rule|Evasion Moves Clause: Evasion moves are banned\n|rule|Evasion Abilities Clause: Evasion abilities are banned\n|rule|Species Clause: Limit one of each Pok\u00e9mon\n|rule|Gravity Sleep Clause: The combination of sleep-inducing moves with imperfect accuracy and Gravity or Gigantamax Orbeetle are banned\n|clearpoke\n|poke|p1|Fearow, M|\n|poke|p1|Scolipede, M|\n|poke|p1|Excadrill, M|\n|poke|p1|Clefable, M|\n|poke|p1|Volcarona, F|\n|poke|p1|Tapu Lele|\n|poke|p2|Meloetta|\n|poke|p2|Volbeat, M|\n|poke|p2|Lurantis, M|\n|poke|p2|Grumpig, F|\n|poke|p2|Diancie|\n|poke|p2|Kommo-o, M|\n|teampreview\n|\n|t:|1696704416\n|start\n|switch|p1a: Scolipede|Scolipede, M|100\/100\n|switch|p1b: Clefable|Clefable, M|100\/100\n|switch|p2a: Kommo-o|Kommo-o, M|100\/100\n|switch|p2b: Grumpig|Grumpig, F|100\/100\n|turn|1\n|\n|t:|1696704435\n|move|p1a: Scolipede|Protect|p1a: Scolipede\n|-singleturn|p1a: Scolipede|Protect\n|move|p2b: Grumpig|Simple Beam|p2a: Kommo-o\n|-endability|p2a: Kommo-o|Soundproof|[from] move: Simple Beam\n|-ability|p2a: Kommo-o|Simple|[from] move: Simple Beam\n|move|p2a: Kommo-o|Clangorous Soul|p2a: Kommo-o\n|-boost|p2a: Kommo-o|atk|2\n|-boost|p2a: Kommo-o|def|2\n|-boost|p2a: Kommo-o|spa|2\n|-boost|p2a: Kommo-o|spd|2\n|-boost|p2a: Kommo-o|spe|2\n|-damage|p2a: Kommo-o|68\/100\n|move|p1b: Clefable|Encore|p2b: Grumpig\n|-start|p2b: Grumpig|Encore\n|\n|-ability|p1a: Scolipede|Speed Boost|boost\n|-boost|p1a: Scolipede|spe|1\n|upkeep\n|turn|2\n|inactive|Battle timer is ON: inactive players will automatically lose when time's up. (requested by MaterialSpheal)\n|\n|t:|1696704456\n|move|p1b: Clefable|Follow Me|p1b: Clefable\n|-singleturn|p1b: Clefable|move: Follow Me\n|move|p1a: Scolipede|Swords Dance|p1a: Scolipede\n|-boost|p1a: Scolipede|atk|2\n|-zpower|p2a: Kommo-o\n|move|p2a: Kommo-o|Clangorous Soulblaze|p1b: Clefable|[zeffect]|[spread] p1a\n|-immune|p1b: Clefable\n|-enditem|p1a: Scolipede|Focus Sash\n|-damage|p1a: Scolipede|1\/100\n|-boost|p2a: Kommo-o|atk|2\n|-boost|p2a: Kommo-o|def|2\n|-boost|p2a: Kommo-o|spa|2\n|-boost|p2a: Kommo-o|spd|2\n|-boost|p2a: Kommo-o|spe|2\n|move|p2b: Grumpig|Simple Beam|p1b: Clefable\n|-endability|p1b: Clefable|Magic Guard|[from] move: Simple Beam\n|-ability|p1b: Clefable|Simple|[from] move: Simple Beam\n|\n|-ability|p1a: Scolipede|Speed Boost|boost\n|-boost|p1a: Scolipede|spe|1\n|upkeep\n|turn|3\n|inactive|Penguin Stylez has 120 seconds left.\n|\n|t:|1696704491\n|switch|p2b: Volbeat|Volbeat, M|100\/100\n|move|p1a: Scolipede|Protect|p1a: Scolipede\n|-singleturn|p1a: Scolipede|Protect\n|move|p2a: Kommo-o|Clanging Scales|p1a: Scolipede|[spread] \n|-activate|p1a: Scolipede|move: Protect\n|-immune|p1b: Clefable\n|move|p1b: Clefable|Dazzling Gleam|p2b: Volbeat|[spread] p2a,p2b\n|-supereffective|p2a: Kommo-o\n|-damage|p2a: Kommo-o|37\/100\n|-damage|p2b: Volbeat|79\/100\n|\n|-ability|p1a: Scolipede|Speed Boost|boost\n|-boost|p1a: Scolipede|spe|1\n|upkeep\n|turn|4\n|inactive|Penguin Stylez has 120 seconds left.\n|\n|t:|1696704518\n|move|p1b: Clefable|Follow Me|p1b: Clefable\n|-singleturn|p1b: Clefable|move: Follow Me\n|move|p2b: Volbeat|Encore|p1b: Clefable\n|-start|p1b: Clefable|Encore\n|-enditem|p1b: Clefable|Mental Herb\n|-end|p1b: Clefable|Encore\n|move|p1a: Scolipede|X-Scissor|p2a: Kommo-o\n|-resisted|p2a: Kommo-o\n|-damage|p2a: Kommo-o|25\/100\n|move|p2a: Kommo-o|Clanging Scales|p1b: Clefable|[spread] p1a\n|-immune|p1b: Clefable\n|-damage|p1a: Scolipede|0 fnt\n|faint|p1a: Scolipede\n|-unboost|p2a: Kommo-o|def|2\n|\n|upkeep\n|inactive|Penguin Stylez has 120 seconds left.\n|\n|t:|1696704545\n|switch|p1a: Tapu Lele|Tapu Lele|100\/100\n|-fieldstart|move: Psychic Terrain|[from] ability: Psychic Surge|[of] p1a: Tapu Lele\n|turn|5\n|inactive|Penguin Stylez has 120 seconds left.\n|\n|t:|1696704554\n|move|p2b: Volbeat|Toxic|p1b: Clefable\n|-activate|p1b: Clefable|move: Psychic Terrain\n|move|p1a: Tapu Lele|Taunt|p2b: Volbeat\n|-start|p2b: Volbeat|move: Taunt\n|move|p1b: Clefable|Dazzling Gleam|p2b: Volbeat|[spread] p2a,p2b\n|-supereffective|p2a: Kommo-o\n|-damage|p2a: Kommo-o|0 fnt\n|-damage|p2b: Volbeat|58\/100\n|faint|p2a: Kommo-o\n|\n|upkeep\n|\n|t:|1696704563\n|switch|p2a: Diancie|Diancie|100\/100\n|turn|6\n|\n|t:|1696704573\n|detailschange|p2a: Diancie|Diancie-Mega\n|-mega|p2a: Diancie|Diancie|Diancite\n|move|p1a: Tapu Lele|Shadow Ball|p2a: Diancie\n|-damage|p2a: Diancie|64\/100\n|move|p2b: Volbeat|U-turn|p1a: Tapu Lele\n|-crit|p1a: Tapu Lele\n|-damage|p1a: Tapu Lele|60\/100\n|\n|t:|1696704581\n|switch|p2b: Grumpig|Grumpig, F|100\/100|[from] U-turn\n|move|p2a: Diancie|Diamond Storm|p1b: Clefable|[spread] p1b\n|-miss|p2a: Diancie|p1a: Tapu Lele\n|-damage|p1b: Clefable|53\/100\n|move|p1b: Clefable|Dazzling Gleam|p2b: Grumpig|[spread] p2a,p2b\n|-crit|p2a: Diancie\n|-damage|p2a: Diancie|28\/100\n|-damage|p2b: Grumpig|82\/100\n|\n|upkeep\n|turn|7\n|\n|t:|1696704599\n|move|p1a: Tapu Lele|Shadow Ball|p2a: Diancie\n|-damage|p2a: Diancie|0 fnt\n|faint|p2a: Diancie\n|move|p2b: Grumpig|Taunt|p1b: Clefable\n|-start|p1b: Clefable|move: Taunt\n|cant|p1b: Clefable|move: Taunt|Soft-Boiled\n|\n|upkeep\n|\n|t:|1696704608\n|switch|p2a: Volbeat|Volbeat, M|58\/100\n|turn|8\n|\n|t:|1696704621\n|switch|p2a: Meloetta|Meloetta|100\/100\n|move|p1a: Tapu Lele|Psychic|p2a: Meloetta\n|-resisted|p2a: Meloetta\n|-damage|p2a: Meloetta|74\/100\n|-unboost|p2a: Meloetta|spd|1\n|move|p2b: Grumpig|Chilling Water|p1a: Tapu Lele\n|-damage|p1a: Tapu Lele|47\/100\n|-unboost|p1a: Tapu Lele|atk|1\n|move|p1b: Clefable|Dazzling Gleam|p2a: Meloetta|[spread] p2a,p2b\n|-damage|p2a: Meloetta|49\/100\n|-damage|p2b: Grumpig|63\/100\n|\n|upkeep\n|turn|9\n|\n|t:|1696704646\n|-terastallize|p2a: Meloetta|Normal\n|move|p1a: Tapu Lele|Shadow Ball|p2a: Meloetta\n|-immune|p2a: Meloetta\n|move|p2b: Grumpig|Chilling Water|p1b: Clefable\n|-damage|p1b: Clefable|46\/100\n|-unboost|p1b: Clefable|atk|2\n|move|p2a: Meloetta|Relic Song|p1a: Tapu Lele|[spread] p1a,p1b\n|-damage|p1a: Tapu Lele|7\/100\n|-damage|p1b: Clefable|18\/100\n|-status|p1a: Tapu Lele|slp|[from] move: Relic Song\n|-formechange|p2a: Meloetta|Meloetta-Pirouette|[msg]\n|-enditem|p2a: Meloetta|Throat Spray\n|-boost|p2a: Meloetta|spa|1|[from] item: Throat Spray\n|move|p1b: Clefable|Dazzling Gleam|p2b: Grumpig|[spread] p2a,p2b\n|-damage|p2a: Meloetta|12\/100\n|-damage|p2b: Grumpig|44\/100\n|-enditem|p2b: Grumpig|Sitrus Berry|[eat]\n|-heal|p2b: Grumpig|69\/100|[from] item: Sitrus Berry\n|\n|-end|p1b: Clefable|move: Taunt\n|-fieldend|move: Psychic Terrain\n|upkeep\n|turn|10\n|\n|t:|1696704672\n|cant|p1a: Tapu Lele|slp\n|move|p2a: Meloetta|Relic Song|p1a: Tapu Lele|[spread] p1a,p1b\n|-damage|p1a: Tapu Lele|0 fnt\n|-damage|p1b: Clefable|0 fnt\n|faint|p1a: Tapu Lele\n|faint|p1b: Clefable\n|-formechange|p2a: Meloetta|Meloetta|[msg]\n|move|p2b: Grumpig|Chilling Water|p1: Tapu Lele|[notarget]\n|-fail|p2b: Grumpig\n|\n|upkeep\n|\n|t:|1696704680\n|switch|p1a: Fearow|Fearow, M|100\/100\n|switch|p1b: Excadrill|Excadrill, M|100\/100\n|-ability|p1b: Excadrill|Mold Breaker\n|turn|11\n|\n|t:|1696704688\n|move|p1a: Fearow|Throat Chop|p2b: Grumpig\n|-supereffective|p2b: Grumpig\n|-damage|p2b: Grumpig|17\/100\n|-start|p2b: Grumpig|Throat Chop|[silent]\n|move|p1b: Excadrill|Earthquake|p2a: Meloetta|[spread] p2a,p2b\n|-immune|p1a: Fearow\n|-damage|p2a: Meloetta|0 fnt\n|-damage|p2b: Grumpig|0 fnt\n|faint|p2a: Meloetta\n|faint|p2b: Grumpig\n|\n|upkeep\n|\n|t:|1696704695\n|switch|p2b: Lurantis|Lurantis, M|100\/100\n|switch|p2a: Volbeat|Volbeat, M|58\/100\n|turn|12\n|\n|t:|1696704703\n|move|p2a: Volbeat|Tailwind|p2a: Volbeat\n|-sidestart|p2: MaterialSpheal|move: Tailwind\n|move|p2b: Lurantis|Leaf Storm|p1b: Excadrill\n|-damage|p1b: Excadrill|55\/100\n|-boost|p2b: Lurantis|spa|2\n|move|p1a: Fearow|Substitute|p1a: Fearow\n|-start|p1a: Fearow|Substitute\n|-damage|p1a: Fearow|76\/100\n|move|p1b: Excadrill|Earthquake|p2a: Volbeat|[spread] p2a,p2b\n|-immune|p1a: Fearow\n|-resisted|p2a: Volbeat\n|-resisted|p2b: Lurantis\n|-damage|p2a: Volbeat|27\/100\n|-damage|p2b: Lurantis|74\/100\n|\n|upkeep\n|turn|13\n|\n|t:|1696704717\n|move|p2a: Volbeat|Encore|p1a: Fearow\n|-start|p1a: Fearow|Encore\n|move|p2b: Lurantis|Leaf Storm|p1b: Excadrill\n|-damage|p1b: Excadrill|0 fnt\n|-boost|p2b: Lurantis|spa|2\n|faint|p1b: Excadrill\n|move|p1a: Fearow|Substitute|p1a: Fearow\n|-fail|p1a: Fearow|move: Substitute\n|\n|upkeep\n|\n|t:|1696704722\n|switch|p1b: Volcarona|Volcarona, F|100\/100\n|turn|14\n|\n|t:|1696704737\n|move|p2a: Volbeat|Toxic|p1b: Volcarona\n|-status|p1b: Volcarona|tox\n|-enditem|p1b: Volcarona|Lum Berry|[eat]\n|-curestatus|p1b: Volcarona|tox|[msg]\n|move|p2b: Lurantis|Leaf Storm|p1b: Volcarona\n|-resisted|p1b: Volcarona\n|-damage|p1b: Volcarona|69\/100\n|-boost|p2b: Lurantis|spa|2\n|move|p1a: Fearow|Substitute|p1a: Fearow\n|-fail|p1a: Fearow|move: Substitute\n|move|p1b: Volcarona|Fiery Dance|p2b: Lurantis\n|-supereffective|p2b: Lurantis\n|-damage|p2b: Lurantis|16\/100\n|-boost|p1b: Volcarona|spa|1\n|\n|upkeep\n|turn|15\n|\n|t:|1696704752\n|move|p2a: Volbeat|Toxic|p1b: Volcarona\n|-status|p1b: Volcarona|tox\n|move|p2b: Lurantis|Giga Drain|p1b: Volcarona\n|-resisted|p1b: Volcarona\n|-damage|p1b: Volcarona|46\/100 tox\n|-heal|p2b: Lurantis|32\/100|[from] drain|[of] p1b: Volcarona\n|move|p1a: Fearow|Substitute|p1a: Fearow\n|-fail|p1a: Fearow|move: Substitute\n|move|p1b: Volcarona|Fiery Dance|p2b: Lurantis\n|-supereffective|p2b: Lurantis\n|-damage|p2b: Lurantis|0 fnt\n|faint|p2b: Lurantis\n|\n|-damage|p1b: Volcarona|40\/100 tox|[from] psn\n|-end|p1a: Fearow|Encore\n|-sideend|p2: MaterialSpheal|move: Tailwind\n|upkeep\n|turn|16\n|\n|t:|1696704767\n|move|p2a: Volbeat|Encore|p1a: Fearow\n|-start|p1a: Fearow|Encore\n|move|p1a: Fearow|Substitute|p1a: Fearow\n|-fail|p1a: Fearow|move: Substitute\n|move|p1b: Volcarona|Roost|p1b: Volcarona\n|-heal|p1b: Volcarona|90\/100 tox\n|-singleturn|p1b: Volcarona|move: Roost\n|\n|-damage|p1b: Volcarona|78\/100 tox|[from] psn\n|upkeep\n|turn|17\n|\n|t:|1696704778\n|move|p2a: Volbeat|Encore|p1b: Volcarona\n|-start|p1b: Volcarona|Encore\n|move|p1a: Fearow|Substitute|p1a: Fearow\n|-fail|p1a: Fearow|move: Substitute\n|move|p1b: Volcarona|Roost|p1b: Volcarona\n|-heal|p1b: Volcarona|100\/100 tox\n|-singleturn|p1b: Volcarona|move: Roost\n|\n|-damage|p1b: Volcarona|82\/100 tox|[from] psn\n|upkeep\n|turn|18\n|\n|t:|1696704787\n|move|p1a: Fearow|Substitute|p1a: Fearow\n|-fail|p1a: Fearow|move: Substitute\n|move|p2a: Volbeat|U-turn|p1a: Fearow\n|-resisted|p1a: Fearow\n|-activate|p1a: Fearow|move: Substitute|[damage]\n|move|p1b: Volcarona|Roost|p1b: Volcarona\n|-heal|p1b: Volcarona|100\/100 tox\n|-singleturn|p1b: Volcarona|move: Roost\n|\n|-damage|p1b: Volcarona|76\/100 tox|[from] psn\n|-end|p1a: Fearow|Encore\n|upkeep\n|turn|19\n|\n|t:|1696704800\n|move|p2a: Volbeat|Encore|p1a: Fearow\n|-start|p1a: Fearow|Encore\n|move|p1a: Fearow|Substitute|p1a: Fearow\n|-fail|p1a: Fearow|move: Substitute\n|move|p1b: Volcarona|Roost|p1b: Volcarona\n|-heal|p1b: Volcarona|100\/100 tox\n|-singleturn|p1b: Volcarona|move: Roost\n|\n|-damage|p1b: Volcarona|70\/100 tox|[from] psn\n|-end|p1b: Volcarona|Encore\n|upkeep\n|turn|20\n|\n|t:|1696704808\n|move|p2a: Volbeat|Encore|p1b: Volcarona\n|-start|p1b: Volcarona|Encore\n|move|p1a: Fearow|Substitute|p1a: Fearow\n|-fail|p1a: Fearow|move: Substitute\n|move|p1b: Volcarona|Roost|p1b: Volcarona\n|-heal|p1b: Volcarona|100\/100 tox\n|-singleturn|p1b: Volcarona|move: Roost\n|\n|-damage|p1b: Volcarona|64\/100 tox|[from] psn\n|upkeep\n|turn|21\n|\n|t:|1696704820\n|move|p1a: Fearow|Substitute|p1a: Fearow\n|-fail|p1a: Fearow|move: Substitute\n|move|p2a: Volbeat|U-turn|p1a: Fearow\n|-resisted|p1a: Fearow\n|-crit|p1a: Fearow\n|-end|p1a: Fearow|Substitute\n|move|p1b: Volcarona|Roost|p1b: Volcarona\n|-heal|p1b: Volcarona|100\/100 tox\n|-singleturn|p1b: Volcarona|move: Roost\n|\n|-damage|p1b: Volcarona|57\/100 tox|[from] psn\n|-end|p1a: Fearow|Encore\n|upkeep\n|turn|22\n|\n|t:|1696704832\n|move|p2a: Volbeat|Encore|p1a: Fearow\n|-start|p1a: Fearow|Encore\n|move|p1a: Fearow|Substitute|p1a: Fearow\n|-start|p1a: Fearow|Substitute\n|-damage|p1a: Fearow|51\/100\n|move|p1b: Volcarona|Roost|p1b: Volcarona\n|-heal|p1b: Volcarona|100\/100 tox\n|-singleturn|p1b: Volcarona|move: Roost\n|\n|-damage|p1b: Volcarona|51\/100 tox|[from] psn\n|-end|p1b: Volcarona|Encore\n|upkeep\n|turn|23\n|\n|t:|1696704844\n|move|p2a: Volbeat|Encore|p1b: Volcarona\n|-start|p1b: Volcarona|Encore\n|move|p1a: Fearow|Substitute|p1a: Fearow\n|-fail|p1a: Fearow|move: Substitute\n|move|p1b: Volcarona|Roost|p1b: Volcarona\n|-heal|p1b: Volcarona|100\/100 tox\n|-singleturn|p1b: Volcarona|move: Roost\n|\n|-damage|p1b: Volcarona|45\/100 tox|[from] psn\n|-end|p1b: Volcarona|Encore\n|upkeep\n|turn|24\n|\n|t:|1696704858\n|move|p1a: Fearow|Substitute|p1a: Fearow\n|-fail|p1a: Fearow|move: Substitute\n|move|p2a: Volbeat|U-turn|p1b: Volcarona\n|-resisted|p1b: Volcarona\n|-damage|p1b: Volcarona|36\/100 tox\n|move|p1b: Volcarona|Fiery Dance|p2a: Volbeat\n|-supereffective|p2a: Volbeat\n|-damage|p2a: Volbeat|0 fnt\n|faint|p2a: Volbeat\n|\n|win|Penguin Stylez\n|raw|Penguin Stylez's rating: 1048 &rarr; <strong>1081<\/strong><br \/>(+33 for winning)\n|raw|MaterialSpheal's rating: 1049 &rarr; <strong>1032<\/strong><br \/>(-17 for losing)\n","uploadtime":1696704865,"views":9,"p1id":"penguinstylez","p2id":"materialspheal","formatid":"gen9nationaldexdoubles","rating":1032,"private":0,"password":""}