{"id":"gen9nationaldexdoubles-1975747790","p1":"Piotrfau","p2":"Denvah_17","format":"[Gen 9] National Dex Doubles","log":"|j|\u2606Piotrfau\n|j|\u2606Denvah_17\n|t:|1698233574\n|gametype|doubles\n|player|p1|Piotrfau|169|1132\n|player|p2|Denvah_17|alder|1393\n|teamsize|p1|6\n|teamsize|p2|6\n|gen|9\n|tier|[Gen 9] National Dex Doubles\n|rated|\n|rule|HP Percentage Mod: HP is shown in percentages\n|rule|Endless Battle Clause: Forcing endless battles is banned\n|rule|OHKO Clause: OHKO moves are banned\n|rule|Evasion Moves Clause: Evasion moves are banned\n|rule|Evasion Abilities Clause: Evasion abilities are banned\n|rule|Species Clause: Limit one of each Pok\u00e9mon\n|rule|Gravity Sleep Clause: The combination of sleep-inducing moves with imperfect accuracy and Gravity or Gigantamax Orbeetle are banned\n|clearpoke\n|poke|p1|Medicham, F|\n|poke|p1|Regigigas|\n|poke|p1|Grimmsnarl, M|\n|poke|p1|Dragonite, F|\n|poke|p1|Magcargo, M|\n|poke|p1|Torkoal, F|\n|poke|p2|Sinistcha-Masterpiece|\n|poke|p2|Diancie|\n|poke|p2|Okidogi, M|\n|poke|p2|Ursaluna-Bloodmoon, M|\n|poke|p2|Volcanion|\n|poke|p2|Golisopod, F|\n|teampreview\n|inactive|Battle timer is ON: inactive players will automatically lose when time's up. (requested by Denvah_17)\n|\n|t:|1698233595\n|start\n|switch|p1a: Regigigas|Regigigas|100\/100\n|switch|p1b: Medicham|Medicham, F|100\/100\n|switch|p2a: NowThisIsPodRacing|Golisopod, F|100\/100\n|switch|p2b: Rihanna|Diancie, shiny|100\/100\n|-start|p1a: Regigigas|ability: Slow Start\n|turn|1\n|\n|t:|1698233608\n|move|p2a: NowThisIsPodRacing|First Impression|p1b: Medicham\n|-enditem|p1b: Medicham|Focus Sash\n|-damage|p1b: Medicham|1\/100\n|-damage|p2a: NowThisIsPodRacing|91\/100|[from] item: Life Orb\n|move|p1b: Medicham|Skill Swap|p1a: Regigigas\n|-activate|p1b: Medicham|move: Skill Swap|||[of] p1a: Regigigas\n|-end|p1a: Regigigas|Slow Start|[silent]\n|-start|p1b: Medicham|ability: Slow Start\n|move|p1a: Regigigas|Earthquake|p2b: Rihanna|[spread] p1b,p2a,p2b\n|-resisted|p2a: NowThisIsPodRacing\n|-supereffective|p2b: Rihanna\n|-damage|p1b: Medicham|0 fnt\n|-damage|p2a: NowThisIsPodRacing|59\/100\n|-damage|p2b: Rihanna|0 fnt\n|faint|p1b: Medicham\n|-end|p1b: Medicham|Slow Start|[silent]\n|faint|p2b: Rihanna\n|\n|upkeep\n|\n|t:|1698233632\n|switch|p1b: Dragonite|Dragonite, F|100\/100\n|switch|p2b: Grass Latte|Sinistcha-Masterpiece|100\/100\n|turn|2\n|\n|t:|1698233649\n|-terastallize|p2b: Grass Latte|Grass\n|move|p2a: NowThisIsPodRacing|Wide Guard|p2a: NowThisIsPodRacing\n|-singleturn|p2a: NowThisIsPodRacing|Wide Guard\n|move|p1a: Regigigas|Earthquake|p2a: NowThisIsPodRacing|[spread] \n|-activate|p2a: NowThisIsPodRacing|move: Wide Guard\n|-activate|p2b: Grass Latte|move: Wide Guard\n|-immune|p1b: Dragonite\n|move|p1b: Dragonite|Dragon Dance|p1b: Dragonite\n|-boost|p1b: Dragonite|atk|1\n|-boost|p1b: Dragonite|spe|1\n|move|p2b: Grass Latte|Matcha Gotcha|p1a: Regigigas|[spread] p1a,p1b\n|-resisted|p1b: Dragonite\n|-damage|p1a: Regigigas|71\/100\n|-damage|p1b: Dragonite|96\/100\n|\n|upkeep\n|turn|3\n|inactive|Denvah_17 has 120 seconds left.\n|\n|t:|1698233680\n|move|p2a: NowThisIsPodRacing|Wide Guard|p2a: NowThisIsPodRacing\n|-singleturn|p2a: NowThisIsPodRacing|Wide Guard\n|move|p1b: Dragonite|Outrage|p2a: NowThisIsPodRacing\n|-damage|p2a: NowThisIsPodRacing|0 fnt\n|faint|p2a: NowThisIsPodRacing\n|move|p1a: Regigigas|Earthquake|p2b: Grass Latte|[spread] \n|-activate|p2b: Grass Latte|move: Wide Guard\n|-immune|p1b: Dragonite\n|move|p2b: Grass Latte|Matcha Gotcha|p1a: Regigigas|[spread] p1a,p1b\n|-resisted|p1b: Dragonite\n|-damage|p1a: Regigigas|41\/100\n|-damage|p1b: Dragonite|87\/100\n|-status|p1b: Dragonite|brn\n|\n|-damage|p1b: Dragonite|81\/100 brn|[from] brn\n|upkeep\n|inactive|Denvah_17 has 120 seconds left.\n|\n|t:|1698233697\n|switch|p2a: Dogecoin|Okidogi, M|100\/100\n|turn|4\n|\n|t:|1698233707\n|move|p1b: Dragonite|Outrage|p2a: Dogecoin|[from]lockedmove\n|-damage|p2a: Dogecoin|58\/100\n|move|p1a: Regigigas|Earthquake|p2b: Grass Latte|[spread] p2a,p2b\n|-immune|p1b: Dragonite\n|-supereffective|p2a: Dogecoin\n|-resisted|p2b: Grass Latte\n|-damage|p2a: Dogecoin|0 fnt\n|-damage|p2b: Grass Latte|62\/100\n|faint|p2a: Dogecoin\n|move|p2b: Grass Latte|Strength Sap|p1b: Dragonite\n|-unboost|p1b: Dragonite|atk|1\n|-heal|p2b: Grass Latte|100\/100\n|\n|-damage|p1b: Dragonite|75\/100 brn|[from] brn\n|upkeep\n|\n|t:|1698233716\n|switch|p2a: Freddy Fazbear|Ursaluna-Bloodmoon, M|100\/100\n|turn|5\n|\n|t:|1698233723\n|move|p1b: Dragonite|Outrage|p2a: Freddy Fazbear|[from]lockedmove\n|-damage|p2a: Freddy Fazbear|75\/100\n|-start|p1b: Dragonite|confusion|[fatigue]\n|move|p1a: Regigigas|Earthquake|p2a: Freddy Fazbear|[spread] p2a,p2b\n|-immune|p1b: Dragonite\n|-resisted|p2b: Grass Latte\n|-damage|p2a: Freddy Fazbear|6\/100\n|-damage|p2b: Grass Latte|58\/100\n|move|p2b: Grass Latte|Strength Sap|p1a: Regigigas\n|-unboost|p1a: Regigigas|atk|1\n|-heal|p2b: Grass Latte|100\/100\n|move|p2a: Freddy Fazbear|Hyper Voice|p1b: Dragonite|[spread] p1a,p1b\n|-damage|p1a: Regigigas|6\/100\n|-damage|p1b: Dragonite|31\/100 brn\n|\n|-heal|p2a: Freddy Fazbear|12\/100|[from] item: Leftovers\n|-damage|p1b: Dragonite|25\/100 brn|[from] brn\n|upkeep\n|turn|6\n|\n|t:|1698233736\n|-activate|p1b: Dragonite|confusion\n|move|p1b: Dragonite|Extreme Speed|p2a: Freddy Fazbear\n|-damage|p2a: Freddy Fazbear|0 fnt\n|faint|p2a: Freddy Fazbear\n|move|p1a: Regigigas|Earthquake|p2b: Grass Latte|[spread] p2b\n|-immune|p1b: Dragonite\n|-resisted|p2b: Grass Latte\n|-damage|p2b: Grass Latte|74\/100\n|move|p2b: Grass Latte|Matcha Gotcha|p1b: Dragonite|[spread] p1a\n|-miss|p2b: Grass Latte|p1b: Dragonite\n|-damage|p1a: Regigigas|0 fnt\n|-heal|p2b: Grass Latte|78\/100|[from] drain|[of] p1a: Regigigas\n|faint|p1a: Regigigas\n|\n|-damage|p1b: Dragonite|18\/100 brn|[from] brn\n|upkeep\n|\n|t:|1698233755\n|switch|p1a: Grimmsnarl|Grimmsnarl, M|100\/100\n|switch|p2a: Mr. Saxobeat|Volcanion|100\/100\n|turn|7\n|inactive|Piotrfau has 120 seconds left.\n|inactive|Piotrfau has 90 seconds left.\n|\n|t:|1698233839\n|move|p1a: Grimmsnarl|Light Screen|p1a: Grimmsnarl\n|-sidestart|p1: Piotrfau|move: Light Screen\n|-end|p1b: Dragonite|confusion\n|move|p1b: Dragonite|Earthquake|p2a: Mr. Saxobeat|[spread] p1a,p2a,p2b\n|-supereffective|p2a: Mr. Saxobeat\n|-resisted|p2b: Grass Latte\n|-damage|p1a: Grimmsnarl|84\/100\n|-damage|p2a: Mr. Saxobeat|77\/100\n|-damage|p2b: Grass Latte|72\/100\n|move|p2b: Grass Latte|Strength Sap|p1a: Grimmsnarl\n|-unboost|p1a: Grimmsnarl|atk|1\n|-heal|p2b: Grass Latte|100\/100\n|move|p2a: Mr. Saxobeat|Heat Wave|p1b: Dragonite|[spread] p1a,p1b\n|-resisted|p1b: Dragonite\n|-damage|p1a: Grimmsnarl|53\/100\n|-damage|p1b: Dragonite|4\/100 brn\n|\n|-heal|p2a: Mr. Saxobeat|83\/100|[from] item: Leftovers\n|-damage|p1b: Dragonite|0 fnt|[from] brn\n|faint|p1b: Dragonite\n|upkeep\n|\n|t:|1698233850\n|switch|p1b: Torkoal|Torkoal, F|100\/100\n|-weather|SunnyDay|[from] ability: Drought|[of] p1b: Torkoal\n|turn|8\n|\n|t:|1698233860\n|move|p1a: Grimmsnarl|Reflect|p1a: Grimmsnarl\n|-sidestart|p1: Piotrfau|Reflect\n|move|p2b: Grass Latte|Matcha Gotcha|p1a: Grimmsnarl|[spread] p1b\n|-miss|p2b: Grass Latte|p1a: Grimmsnarl\n|-resisted|p1b: Torkoal\n|-damage|p1b: Torkoal|85\/100\n|move|p2a: Mr. Saxobeat|Steam Eruption|p1b: Torkoal\n|-supereffective|p1b: Torkoal\n|-damage|p1b: Torkoal|30\/100\n|move|p1b: Torkoal|Sludge Bomb|p2b: Grass Latte\n|-supereffective|p2b: Grass Latte\n|-damage|p2b: Grass Latte|45\/100\n|-enditem|p2b: Grass Latte|Weakness Policy\n|-boost|p2b: Grass Latte|atk|2|[from] item: Weakness Policy\n|-boost|p2b: Grass Latte|spa|2|[from] item: Weakness Policy\n|\n|-weather|SunnyDay|[upkeep]\n|-heal|p2a: Mr. Saxobeat|89\/100|[from] item: Leftovers\n|-heal|p1b: Torkoal|36\/100|[from] item: Leftovers\n|upkeep\n|turn|9\n|\n|t:|1698233886\n|move|p2b: Grass Latte|Strength Sap|p2a: Mr. Saxobeat\n|-unboost|p2a: Mr. Saxobeat|atk|1\n|-heal|p2b: Grass Latte|100\/100\n|move|p2a: Mr. Saxobeat|Steam Eruption|p1b: Torkoal\n|-supereffective|p1b: Torkoal\n|-damage|p1b: Torkoal|0 fnt\n|faint|p1b: Torkoal\n|move|p1a: Grimmsnarl|Crunch|p2b: Grass Latte\n|-damage|p2b: Grass Latte|76\/100\n|\n|-weather|SunnyDay|[upkeep]\n|-heal|p2a: Mr. Saxobeat|96\/100|[from] item: Leftovers\n|upkeep\n|\n|t:|1698233892\n|switch|p1b: Magcargo|Magcargo, M|100\/100\n|turn|10\n|\n|t:|1698233905\n|move|p2b: Grass Latte|Matcha Gotcha|p1a: Grimmsnarl|[spread] p1a\n|-miss|p2b: Grass Latte|p1b: Magcargo\n|-damage|p1a: Grimmsnarl|4\/100\n|-heal|p2b: Grass Latte|100\/100|[from] drain|[of] p1a: Grimmsnarl\n|move|p2a: Mr. Saxobeat|Steam Eruption|p1b: Magcargo\n|-supereffective|p1b: Magcargo\n|-enditem|p1b: Magcargo|Focus Sash\n|-damage|p1b: Magcargo|1\/100\n|move|p1b: Magcargo|Shell Smash|p1b: Magcargo\n|-unboost|p1b: Magcargo|def|1\n|-unboost|p1b: Magcargo|spd|1\n|-boost|p1b: Magcargo|atk|2\n|-boost|p1b: Magcargo|spa|2\n|-boost|p1b: Magcargo|spe|2\n|move|p1a: Grimmsnarl|Play Rough|p2a: Mr. Saxobeat\n|-resisted|p2a: Mr. Saxobeat\n|-damage|p2a: Mr. Saxobeat|82\/100\n|\n|-weather|SunnyDay|[upkeep]\n|-heal|p2a: Mr. Saxobeat|88\/100|[from] item: Leftovers\n|upkeep\n|turn|11\n|inactive|Piotrfau has 120 seconds left.\n|\n|t:|1698233931\n|-terastallize|p1b: Magcargo|Ghost\n|move|p1b: Magcargo|Heat Wave|p2a: Mr. Saxobeat|[spread] p2b\n|-miss|p1b: Magcargo|p2a: Mr. Saxobeat\n|-supereffective|p2b: Grass Latte\n|-damage|p2b: Grass Latte|0 fnt\n|faint|p2b: Grass Latte\n|move|p2a: Mr. Saxobeat|Heat Wave|p1a: Grimmsnarl|[spread] p1a,p1b\n|-damage|p1a: Grimmsnarl|0 fnt\n|-damage|p1b: Magcargo|0 fnt\n|faint|p1a: Grimmsnarl\n|faint|p1b: Magcargo\n|\n|win|Denvah_17\n|raw|Piotrfau's rating: 1132 &rarr; <strong>1123<\/strong><br \/>(-9 for losing)\n|raw|Denvah_17's rating: 1393 &rarr; <strong>1400<\/strong><br \/>(+7 for winning)\n|l|\u2606Piotrfau\n","uploadtime":1698233944,"views":10,"p1id":"piotrfau","p2id":"denvah17","formatid":"gen9nationaldexdoubles","rating":1123,"private":0,"password":""}