{"id":"gen9nationaldexdoubles-1962814914","p1":"official_ksc","p2":"Theadonia","format":"[Gen 9] National Dex Doubles","log":"|j|\u2606official_ksc\n|j|\u2606Theadonia\n|t:|1696794794\n|gametype|doubles\n|player|p1|official_ksc|266|1196\n|player|p2|Theadonia|caitlin|1165\n|teamsize|p1|6\n|teamsize|p2|6\n|gen|9\n|tier|[Gen 9] National Dex Doubles\n|rated|\n|rule|HP Percentage Mod: HP is shown in percentages\n|rule|Endless Battle Clause: Forcing endless battles is banned\n|rule|OHKO Clause: OHKO moves are banned\n|rule|Evasion Moves Clause: Evasion moves are banned\n|rule|Evasion Abilities Clause: Evasion abilities are banned\n|rule|Species Clause: Limit one of each Pok\u00e9mon\n|rule|Gravity Sleep Clause: The combination of sleep-inducing moves with imperfect accuracy and Gravity or Gigantamax Orbeetle are banned\n|clearpoke\n|poke|p1|Milotic, F|\n|poke|p1|Garganacl, M|\n|poke|p1|Rillaboom, M|\n|poke|p1|Kingambit, M|\n|poke|p1|Iron Valiant|\n|poke|p1|Dragapult, M|\n|poke|p2|Delphox, F|\n|poke|p2|Oricorio-Sensu, F|\n|poke|p2|Kommo-o, F|\n|poke|p2|Slowbro, F|\n|poke|p2|Cresselia, F|\n|poke|p2|Smeargle, F|\n|teampreview\n|inactive|Battle timer is ON: inactive players will automatically lose when time's up. (requested by official_ksc)\n|\n|t:|1696794805\n|start\n|switch|p1a: Ganacl|Garganacl, M|100\/100\n|switch|p1b: Rilla|Rillaboom, M|100\/100\n|switch|p2a: Delphox|Delphox, F, shiny|100\/100\n|switch|p2b: Oricorio|Oricorio-Sensu, F, shiny|100\/100\n|-fieldstart|move: Grassy Terrain|[from] ability: Grassy Surge|[of] p1b: Rilla\n|-enditem|p1b: Rilla|Grassy Seed\n|-boost|p1b: Rilla|def|1|[from] item: Grassy Seed\n|turn|1\n|\n|t:|1696794820\n|move|p2a: Delphox|Role Play|p2b: Oricorio\n|-endability|p2a: Delphox|Magician|[from] move: Role Play\n|-ability|p2a: Delphox|Dancer|[from] move: Role Play|[of] p2b: Oricorio\n|move|p2b: Oricorio|Quiver Dance|p2b: Oricorio\n|-boost|p2b: Oricorio|spa|1\n|-boost|p2b: Oricorio|spd|1\n|-boost|p2b: Oricorio|spe|1\n|-activate|p2a: Delphox|ability: Dancer\n|move|p2a: Delphox|Quiver Dance|p2a: Delphox|[from]ability: Dancer\n|-boost|p2a: Delphox|spa|1\n|-boost|p2a: Delphox|spd|1\n|-boost|p2a: Delphox|spe|1\n|move|p1b: Rilla|Knock Off|p2b: Oricorio\n|-supereffective|p2b: Oricorio\n|-damage|p2b: Oricorio|39\/100\n|-enditem|p2b: Oricorio|Aguav Berry|[from] move: Knock Off|[of] p1b: Rilla\n|move|p1a: Ganacl|Salt Cure|p2a: Delphox\n|-supereffective|p2a: Delphox\n|-damage|p2a: Delphox|57\/100\n|-start|p2a: Delphox|Salt Cure\n|-enditem|p2a: Delphox|Weakness Policy\n|-boost|p2a: Delphox|atk|2|[from] item: Weakness Policy\n|-boost|p2a: Delphox|spa|2|[from] item: Weakness Policy\n|\n|-heal|p2a: Delphox|63\/100|[from] Grassy Terrain\n|-damage|p2a: Delphox|51\/100|[from] Salt Cure\n|upkeep\n|turn|2\n|\n|t:|1696794848\n|move|p2a: Delphox|Stored Power|p1a: Ganacl\n|-damage|p1a: Ganacl|0 fnt\n|faint|p1a: Ganacl\n|move|p2b: Oricorio|Revelation Dance|p1b: Rilla\n|-damage|p1b: Rilla|50\/100\n|-activate|p2a: Delphox|ability: Dancer\n|move|p2a: Delphox|Revelation Dance|p1b: Rilla|[from]ability: Dancer\n|-supereffective|p1b: Rilla\n|-crit|p1b: Rilla\n|-damage|p1b: Rilla|0 fnt\n|faint|p1b: Rilla\n|\n|-heal|p2a: Delphox|57\/100|[from] Grassy Terrain\n|-damage|p2a: Delphox|45\/100|[from] Salt Cure\n|upkeep\n|\n|t:|1696794859\n|switch|p1b: Milotic|Milotic, F|100\/100\n|switch|p1a: Dragapult|Dragapult, M|100\/100\n|turn|3\n|\n|t:|1696794878\n|move|p2a: Delphox|Stored Power|p1b: Milotic\n|-damage|p1b: Milotic|0 fnt\n|faint|p1b: Milotic\n|move|p1a: Dragapult|Phantom Force||[still]\n|-prepare|p1a: Dragapult|Phantom Force\n|move|p2b: Oricorio|Revelation Dance|p1a: Dragapult|[miss]\n|-miss|p2b: Oricorio|p1a: Dragapult\n|\n|-heal|p2a: Delphox|51\/100|[from] Grassy Terrain\n|-damage|p2a: Delphox|39\/100|[from] Salt Cure\n|upkeep\n|\n|t:|1696794886\n|switch|p1b: Valiant|Iron Valiant|100\/100\n|-enditem|p1b: Valiant|Booster Energy\n|-activate|p1b: Valiant|ability: Quark Drive|[fromitem]\n|-start|p1b: Valiant|quarkdrivespe\n|turn|4\n|\n|t:|1696794899\n|move|p1b: Valiant|Ice Punch|p2b: Oricorio\n|-supereffective|p2b: Oricorio\n|-damage|p2b: Oricorio|0 fnt\n|faint|p2b: Oricorio\n|move|p2a: Delphox|Stored Power|p1b: Valiant\n|-supereffective|p1b: Valiant\n|-damage|p1b: Valiant|0 fnt\n|faint|p1b: Valiant\n|-end|p1b: Valiant|Quark Drive|[silent]\n|move|p1a: Dragapult|Phantom Force|p2a: Delphox|[from]lockedmove\n|-supereffective|p2a: Delphox\n|-damage|p2a: Delphox|0 fnt\n|faint|p2a: Delphox\n|\n|upkeep\n|\n|t:|1696794916\n|switch|p1b: Gambit|Kingambit, M|100\/100\n|switch|p2a: Kommo-o|Kommo-o, F, shiny|100\/100\n|switch|p2b: Smeargle|Smeargle, F, shiny|100\/100\n|-activate|p1b: Gambit|ability: Supreme Overlord\n|-start|p1b: Gambit|fallen4|[silent]\n|turn|5\n|\n|t:|1696794936\n|-terastallize|p1b: Gambit|Ghost\n|move|p1a: Dragapult|Dragon Darts|p2a: Kommo-o\n|-supereffective|p2a: Kommo-o\n|-crit|p2a: Kommo-o\n|-damage|p2a: Kommo-o|32\/100\n|-anim|p1a: Dragapult|Dragon Darts|p2b: Smeargle\n|-damage|p2b: Smeargle|29\/100\n|move|p2a: Kommo-o|Drain Punch|p1b: Gambit\n|-immune|p1b: Gambit\n|move|p2b: Smeargle|Fling|p2a: Kommo-o\n|-resisted|p2a: Kommo-o\n|-damage|p2a: Kommo-o|31\/100\n|-boost|p2a: Kommo-o|spe|1|[from] item: Salac Berry\n|-enditem|p2b: Smeargle|Salac Berry|[from] move: Fling\n|move|p1b: Gambit|Brick Break|p2b: Smeargle\n|-supereffective|p2b: Smeargle\n|-damage|p2b: Smeargle|0 fnt\n|faint|p2b: Smeargle\n|\n|-heal|p2a: Kommo-o|37\/100|[from] Grassy Terrain\n|-fieldend|move: Grassy Terrain\n|upkeep\n|\n|t:|1696794945\n|switch|p2b: Cresselia|Cresselia, F, shiny|100\/100\n|turn|6\n|\n|t:|1696794955\n|-zpower|p2a: Kommo-o\n|move|p2a: Kommo-o|Clangorous Soulblaze|p1b: Gambit|[zeffect]|[spread] p1a,p1b\n|-supereffective|p1a: Dragapult\n|-damage|p1a: Dragapult|11\/100\n|-damage|p1b: Gambit|66\/100\n|-boost|p2a: Kommo-o|atk|1\n|-boost|p2a: Kommo-o|def|1\n|-boost|p2a: Kommo-o|spa|1\n|-boost|p2a: Kommo-o|spd|1\n|-boost|p2a: Kommo-o|spe|1\n|move|p1a: Dragapult|Dragon Darts|p2a: Kommo-o\n|-supereffective|p2a: Kommo-o\n|-damage|p2a: Kommo-o|7\/100\n|-anim|p1a: Dragapult|Dragon Darts|p2b: Cresselia\n|-damage|p2b: Cresselia|86\/100\n|move|p2b: Cresselia|Lunar Blessing|p2b: Cresselia|[spread] p2a,p2b\n|-heal|p2a: Kommo-o|32\/100\n|-heal|p2b: Cresselia|100\/100\n|move|p1b: Gambit|Shadow Claw|p2b: Cresselia\n|-supereffective|p2b: Cresselia\n|-damage|p2b: Cresselia|16\/100\n|\n|-heal|p2b: Cresselia|22\/100|[from] item: Leftovers\n|upkeep\n|turn|7\n|inactive|Theadonia has 120 seconds left.\n|\n|t:|1696794987\n|move|p1b: Gambit|Sucker Punch|p2a: Kommo-o\n|-resisted|p2a: Kommo-o\n|-damage|p2a: Kommo-o|15\/100\n|move|p2a: Kommo-o|Clanging Scales|p1b: Gambit|[spread] p1a,p1b\n|-supereffective|p1a: Dragapult\n|-damage|p1a: Dragapult|0 fnt\n|-damage|p1b: Gambit|40\/100\n|faint|p1a: Dragapult\n|-unboost|p2a: Kommo-o|def|1\n|move|p2b: Cresselia|Dazzling Gleam|p1b: Gambit\n|-damage|p1b: Gambit|27\/100\n|\n|-heal|p2b: Cresselia|28\/100|[from] item: Leftovers\n|upkeep\n|turn|8\n|\n|t:|1696795011\n|move|p1b: Gambit|Sucker Punch|p2a: Kommo-o\n|-resisted|p2a: Kommo-o\n|-damage|p2a: Kommo-o|0 fnt\n|faint|p2a: Kommo-o\n|move|p2b: Cresselia|Lunar Blessing|p2b: Cresselia\n|-heal|p2b: Cresselia|53\/100\n|\n|-heal|p2b: Cresselia|60\/100|[from] item: Leftovers\n|upkeep\n|\n|t:|1696795019\n|switch|p2a: Slowbro|Slowbro, F, shiny|100\/100\n|turn|9\n|\n|t:|1696795035\n|detailschange|p2a: Slowbro|Slowbro-Mega, F, shiny\n|-mega|p2a: Slowbro|Slowbro|Slowbronite\n|move|p1b: Gambit|Sucker Punch|p2b: Cresselia\n|-supereffective|p2b: Cresselia\n|-damage|p2b: Cresselia|0 fnt\n|faint|p2b: Cresselia\n|move|p2a: Slowbro|Icy Wind|p1b: Gambit\n|-damage|p1b: Gambit|17\/100\n|-unboost|p1b: Gambit|spe|1\n|\n|upkeep\n|turn|10\n|\n|t:|1696795048\n|move|p1b: Gambit|Sucker Punch|p2a: Slowbro\n|-supereffective|p2a: Slowbro\n|-damage|p2a: Slowbro|53\/100\n|move|p2a: Slowbro|Icy Wind|p1b: Gambit\n|-damage|p1b: Gambit|6\/100\n|-unboost|p1b: Gambit|spe|1\n|\n|upkeep\n|turn|11\n|\n|t:|1696795052\n|move|p1b: Gambit|Sucker Punch||[still]\n|-fail|p1b: Gambit\n|move|p2a: Slowbro|Slack Off|p2a: Slowbro\n|-heal|p2a: Slowbro|100\/100\n|\n|upkeep\n|turn|12\n|\n|t:|1696795057\n|move|p1b: Gambit|Sucker Punch|p2a: Slowbro\n|-supereffective|p2a: Slowbro\n|-damage|p2a: Slowbro|52\/100\n|move|p2a: Slowbro|Icy Wind|p1b: Gambit\n|-damage|p1b: Gambit|0 fnt\n|faint|p1b: Gambit\n|-end|p1b: Gambit|fallen4|[silent]\n|\n|win|Theadonia\n|raw|official_ksc's rating: 1196 &rarr; <strong>1169<\/strong><br \/>(-27 for losing)\n|raw|Theadonia's rating: 1165 &rarr; <strong>1192<\/strong><br \/>(+27 for winning)\n|l|\u2606official_ksc\n","uploadtime":1696795068,"views":8,"p1id":"officialksc","p2id":"theadonia","formatid":"gen9nationaldexdoubles","rating":1169,"private":0,"password":""}