{"id":"gen9nationaldexdoubles-1960667830","p1":"wolfwere","p2":"Danomatic132","format":"[Gen 9] National Dex Doubles","log":"|j|\u2606wolfwere\n|j|\u2606Danomatic132\n|t:|1696544117\n|gametype|doubles\n|player|p1|wolfwere|chuck|\n|player|p2|Danomatic132|steven-masters2|\n|teamsize|p1|6\n|teamsize|p2|6\n|gen|9\n|tier|[Gen 9] National Dex Doubles\n|rule|HP Percentage Mod: HP is shown in percentages\n|rule|Endless Battle Clause: Forcing endless battles is banned\n|rule|OHKO Clause: OHKO moves are banned\n|rule|Evasion Moves Clause: Evasion moves are banned\n|rule|Evasion Abilities Clause: Evasion abilities are banned\n|rule|Species Clause: Limit one of each Pok\u00e9mon\n|rule|Gravity Sleep Clause: The combination of sleep-inducing moves with imperfect accuracy and Gravity or Gigantamax Orbeetle are banned\n|clearpoke\n|poke|p1|Ninetales-Alola, M|\n|poke|p1|Baxcalibur, M|\n|poke|p1|Amoonguss, M|\n|poke|p1|Okidogi, M|\n|poke|p1|Farigiraf, F|\n|poke|p1|Chi-Yu|\n|poke|p2|Ursaluna, F|\n|poke|p2|Amoonguss, M|\n|poke|p2|Ninetales-Alola, F|\n|poke|p2|Tyranitar, M|\n|poke|p2|Armarouge, F|\n|poke|p2|Indeedee-F, F|\n|teampreview\n|j| cr46290\n|inactive|Battle timer is ON: inactive players will automatically lose when time's up. (requested by wolfwere)\n|\n|t:|1696544134\n|start\n|switch|p1a: Chi-Yu|Chi-Yu|100\/100\n|switch|p1b: Farigiraf|Farigiraf, F|100\/100\n|switch|p2a: Indeedee|Indeedee-F, F|100\/100\n|switch|p2b: Tyranitar|Tyranitar, M|100\/100\n|-ability|p1a: Chi-Yu|Beads of Ruin\n|-fieldstart|move: Psychic Terrain|[from] ability: Psychic Surge|[of] p2a: Indeedee\n|-weather|Sandstorm|[from] ability: Sand Stream|[of] p2b: Tyranitar\n|turn|1\n|j| caeden0330\n|inactive|wolfwere has 270 seconds left.\n|\n|t:|1696544174\n|switch|p1b: Ninetales|Ninetales-Alola, M|100\/100\n|-weather|Snow|[from] ability: Snow Warning|[of] p1b: Ninetales\n|detailschange|p2b: Tyranitar|Tyranitar-Mega, M\n|-mega|p2b: Tyranitar|Tyranitar|Tyranitarite\n|-weather|Sandstorm|[from] ability: Sand Stream|[of] p2b: Tyranitar\n|move|p2a: Indeedee|Follow Me|p2a: Indeedee\n|-singleturn|p2a: Indeedee|move: Follow Me\n|move|p1a: Chi-Yu|Heat Wave|p2b: Tyranitar|[spread] p2a,p2b\n|-resisted|p2b: Tyranitar\n|-damage|p2a: Indeedee|27\/100\n|-damage|p2b: Tyranitar|79\/100\n|-status|p2a: Indeedee|brn\n|move|p2b: Tyranitar|Rock Slide|p1a: Chi-Yu|[spread] p1a,p1b\n|-supereffective|p1a: Chi-Yu\n|-supereffective|p1b: Ninetales\n|-damage|p1a: Chi-Yu|0 fnt\n|-damage|p1b: Ninetales|6\/100\n|faint|p1a: Chi-Yu\n|\n|-weather|Sandstorm|[upkeep]\n|-damage|p1b: Ninetales|0 fnt|[from] Sandstorm\n|-damage|p2a: Indeedee|21\/100 brn|[from] Sandstorm\n|faint|p1b: Ninetales\n|-damage|p2a: Indeedee|15\/100 brn|[from] brn\n|upkeep\n|\n|t:|1696544198\n|switch|p1a: Okidogi|Okidogi, M|100\/100\n|switch|p1b: Baxcalibur|Baxcalibur, M|100\/100\n|turn|2\n|inactive|wolfwere has 270 seconds left.\n|\n|t:|1696544208\n|move|p1b: Baxcalibur|Scale Shot|p2a: Indeedee|[miss]\n|-miss|p1b: Baxcalibur|p2a: Indeedee\n|move|p1a: Okidogi|Drain Punch|p2b: Tyranitar\n|-supereffective|p2b: Tyranitar\n|-crit|p2b: Tyranitar\n|-damage|p2b: Tyranitar|0 fnt\n|faint|p2b: Tyranitar\n|move|p2a: Indeedee|Expanding Force|p1b: Baxcalibur|[spread] p1a,p1b\n|-supereffective|p1a: Okidogi\n|-damage|p1a: Okidogi|0 fnt\n|-damage|p1b: Baxcalibur|46\/100\n|faint|p1a: Okidogi\n|\n|-weather|Sandstorm|[upkeep]\n|-damage|p1b: Baxcalibur|39\/100|[from] Sandstorm\n|-damage|p2a: Indeedee|9\/100 brn|[from] Sandstorm\n|-damage|p2a: Indeedee|3\/100 brn|[from] brn\n|upkeep\n|\n|t:|1696544222\n|switch|p1a: Farigiraf|Farigiraf, F|100\/100\n|switch|p2b: Armarouge|Armarouge, F|100\/100\n|turn|3\n|\n|t:|1696544234\n|-terastallize|p2b: Armarouge|Psychic\n|move|p1b: Baxcalibur|Scale Shot|p2b: Armarouge\n|-damage|p2b: Armarouge|86\/100\n|-damage|p2b: Armarouge|71\/100\n|-damage|p2b: Armarouge|56\/100\n|-crit|p2b: Armarouge\n|-damage|p2b: Armarouge|35\/100\n|-damage|p2b: Armarouge|21\/100\n|-hitcount|p2b: Armarouge|5\n|-unboost|p1b: Baxcalibur|def|1\n|-boost|p1b: Baxcalibur|spe|1\n|move|p2a: Indeedee|Hyper Voice|p1a: Farigiraf|[spread] p1a,p1b\n|-damage|p1a: Farigiraf|65\/100\n|-damage|p1b: Baxcalibur|7\/100\n|move|p2b: Armarouge|Expanding Force|p1b: Baxcalibur|[spread] p1a,p1b\n|-resisted|p1a: Farigiraf\n|-crit|p1b: Baxcalibur\n|-damage|p1a: Farigiraf|15\/100\n|-damage|p1b: Baxcalibur|0 fnt\n|-enditem|p1a: Farigiraf|Sitrus Berry|[eat]\n|-heal|p1a: Farigiraf|40\/100|[from] item: Sitrus Berry\n|faint|p1b: Baxcalibur\n|move|p1a: Farigiraf|Trick Room|p1a: Farigiraf\n|-fieldstart|move: Trick Room|[of] p1a: Farigiraf\n|\n|-weather|Sandstorm|[upkeep]\n|-damage|p2b: Armarouge|15\/100|[from] Sandstorm\n|-damage|p2a: Indeedee|0 fnt|[from] Sandstorm\n|-damage|p1a: Farigiraf|34\/100|[from] Sandstorm\n|faint|p2a: Indeedee\n|upkeep\n|\n|t:|1696544259\n|switch|p2a: Ninetales|Ninetales-Alola, F|100\/100\n|switch|p1b: Amoonguss|Amoonguss, M|100\/100\n|-weather|Snow|[from] ability: Snow Warning|[of] p2a: Ninetales\n|turn|4\n|\n|t:|1696544271\n|-terastallize|p1b: Amoonguss|Dark\n|move|p1b: Amoonguss|Spore|p2a: Ninetales\n|-status|p2a: Ninetales|slp|[from] move: Spore\n|move|p2b: Armarouge|Expanding Force|p1a: Farigiraf|[spread] p1a\n|-immune|p1b: Amoonguss\n|-resisted|p1a: Farigiraf\n|-damage|p1a: Farigiraf|0 fnt\n|faint|p1a: Farigiraf\n|cant|p2a: Ninetales|slp\n|\n|-weather|Snow|[upkeep]\n|upkeep\n|turn|5\n|\n|t:|1696544299\n|move|p1b: Amoonguss|Body Slam|p2b: Armarouge\n|-damage|p2b: Armarouge|0 fnt\n|faint|p2b: Armarouge\n|cant|p2a: Ninetales|slp\n|\n|-weather|Snow|[upkeep]\n|upkeep\n|\n|t:|1696544305\n|switch|p2b: Ursaluna|Ursaluna, F|100\/100\n|turn|6\n|\n|t:|1696544312\n|move|p1b: Amoonguss|Spore|p2b: Ursaluna\n|-status|p2b: Ursaluna|slp|[from] move: Spore\n|cant|p2b: Ursaluna|slp\n|cant|p2a: Ninetales|slp\n|\n|-weather|Snow|[upkeep]\n|upkeep\n|turn|7\n|\n|t:|1696544321\n|move|p1b: Amoonguss|Pollen Puff|p2b: Ursaluna\n|-damage|p2b: Ursaluna|87\/100 slp\n|cant|p2b: Ursaluna|slp\n|-curestatus|p2a: Ninetales|slp|[msg]\n|move|p2a: Ninetales|Moonblast|p1b: Amoonguss\n|-supereffective|p1b: Amoonguss\n|-damage|p1b: Amoonguss|50\/100\n|\n|-weather|Snow|[upkeep]\n|-heal|p2b: Ursaluna|93\/100 slp|[from] item: Leftovers\n|-fieldend|move: Trick Room\n|upkeep\n|turn|8\n|\n|t:|1696544338\n|move|p2a: Ninetales|Moonblast|p1b: Amoonguss\n|-supereffective|p1b: Amoonguss\n|-damage|p1b: Amoonguss|0 fnt\n|faint|p1b: Amoonguss\n|\n|win|Danomatic132\n|c|\u2606Danomatic132|gg\n|c| caeden0330|Goo game\n","uploadtime":1696544391,"views":6,"p1id":"wolfwere","p2id":"danomatic132","formatid":"gen9nationaldexdoubles","rating":0,"private":0,"password":""}