{"id":"gen9nationaldexdoubles-1957432527","p1":"Picklelord439","p2":"LowksterP","format":"[Gen 9] National Dex Doubles","log":"|j|\u2606Picklelord439\n|j|\u2606LowksterP\n|t:|1696220372\n|gametype|doubles\n|player|p1|Picklelord439|ingo|1058\n|player|p2|LowksterP|striker|1039\n|teamsize|p1|6\n|teamsize|p2|6\n|gen|9\n|tier|[Gen 9] National Dex Doubles\n|rated|\n|rule|HP Percentage Mod: HP is shown in percentages\n|rule|Endless Battle Clause: Forcing endless battles is banned\n|rule|OHKO Clause: OHKO moves are banned\n|rule|Evasion Moves Clause: Evasion moves are banned\n|rule|Evasion Abilities Clause: Evasion abilities are banned\n|rule|Species Clause: Limit one of each Pok\u00e9mon\n|rule|Gravity Sleep Clause: The combination of sleep-inducing moves with imperfect accuracy and Gravity or Gigantamax Orbeetle are banned\n|clearpoke\n|poke|p1|Poliwrath, M|\n|poke|p1|Pelipper, F|\n|poke|p1|Maushold|\n|poke|p1|Noivern, F|\n|poke|p1|Basculegion, M|\n|poke|p1|Gliscor, F|\n|poke|p2|Togekiss, F|\n|poke|p2|Tentacruel, M|\n|poke|p2|Arcanine, M|\n|poke|p2|Jirachi|\n|poke|p2|Eldegoss, M|\n|poke|p2|Primeape, M|\n|teampreview\n|\n|t:|1696220379\n|start\n|switch|p1a: Poliwrath|Poliwrath, M|100\/100\n|switch|p1b: Pelipper|Pelipper, F|100\/100\n|switch|p2a: Arcanine|Arcanine, M, shiny|100\/100\n|switch|p2b: Jirachi|Jirachi, shiny|100\/100\n|-ability|p2a: Arcanine|Intimidate|boost\n|-unboost|p1a: Poliwrath|atk|1\n|-unboost|p1b: Pelipper|atk|1\n|-weather|RainDance|[from] ability: Drizzle|[of] p1b: Pelipper\n|turn|1\n|\n|t:|1696220418\n|switch|p2a: Eldegoss|Eldegoss, M, shiny|100\/100\n|move|p1a: Poliwrath|Waterfall|p2a: Eldegoss\n|-resisted|p2a: Eldegoss\n|-damage|p2a: Eldegoss|83\/100\n|-ability|p2a: Eldegoss|Cotton Down\n|-unboost|p1a: Poliwrath|spe|1\n|-unboost|p1b: Pelipper|spe|1\n|-unboost|p2b: Jirachi|spe|1\n|move|p2b: Jirachi|Charge Beam|p1b: Pelipper\n|-supereffective|p1b: Pelipper\n|-damage|p1b: Pelipper|4\/100\n|-boost|p2b: Jirachi|spa|1\n|move|p1b: Pelipper|Tailwind|p1b: Pelipper\n|-sidestart|p1: Picklelord439|move: Tailwind\n|\n|-weather|RainDance|[upkeep]\n|-heal|p2a: Eldegoss|89\/100|[from] item: Leftovers\n|upkeep\n|turn|2\n|\n|t:|1696220457\n|move|p1a: Poliwrath|Ice Punch|p2a: Eldegoss\n|-supereffective|p2a: Eldegoss\n|-damage|p2a: Eldegoss|56\/100\n|-ability|p2a: Eldegoss|Cotton Down\n|-unboost|p1a: Poliwrath|spe|1\n|-unboost|p1b: Pelipper|spe|1\n|-unboost|p2b: Jirachi|spe|1\n|move|p1b: Pelipper|Blizzard|p2a: Eldegoss|[spread] p2a\n|-miss|p1b: Pelipper|p2b: Jirachi\n|-supereffective|p2a: Eldegoss\n|-damage|p2a: Eldegoss|12\/100\n|-ability|p2a: Eldegoss|Cotton Down\n|-unboost|p1a: Poliwrath|spe|1\n|-unboost|p1b: Pelipper|spe|1\n|-unboost|p2b: Jirachi|spe|1\n|move|p2a: Eldegoss|Sleep Powder|p1a: Poliwrath\n|-status|p1a: Poliwrath|slp|[from] move: Sleep Powder\n|move|p2b: Jirachi|Icy Wind|p1a: Poliwrath|[spread] p1a,p1b\n|-resisted|p1a: Poliwrath\n|-damage|p1a: Poliwrath|92\/100 slp\n|-damage|p1b: Pelipper|0 fnt\n|-unboost|p1a: Poliwrath|spe|1\n|faint|p1b: Pelipper\n|\n|-weather|RainDance|[upkeep]\n|-heal|p2a: Eldegoss|18\/100|[from] item: Leftovers\n|upkeep\n|\n|t:|1696220489\n|switch|p1b: Noivern|Noivern, F|100\/100\n|turn|3\n|\n|t:|1696220498\n|switch|p1a: Gliscor|Gliscor, F|100\/100\n|switch|p2a: Pickle Tickle|Tentacruel, M, shiny|100\/100\n|switch|p2b: Arcanine|Arcanine, M, shiny|100\/100\n|-ability|p2b: Arcanine|Intimidate|boost\n|-unboost|p1a: Gliscor|atk|1\n|-unboost|p1b: Noivern|atk|1\n|move|p1b: Noivern|Flamethrower|p2b: Arcanine\n|-resisted|p2b: Arcanine\n|-damage|p2b: Arcanine|94\/100\n|\n|-weather|RainDance|[upkeep]\n|-heal|p2b: Arcanine|99\/100|[from] item: Leftovers\n|-status|p1a: Gliscor|tox|[from] item: Toxic Orb\n|upkeep\n|turn|4\n|\n|t:|1696220573\n|move|p1b: Noivern|Psychic|p2b: Arcanine\n|-damage|p2b: Arcanine|71\/100\n|move|p1a: Gliscor|Earthquake|p2b: Arcanine|[spread] p2a,p2b\n|-immune|p1b: Noivern\n|-supereffective|p2a: Pickle Tickle\n|-supereffective|p2b: Arcanine\n|-damage|p2a: Pickle Tickle|56\/100\n|-damage|p2b: Arcanine|13\/100\n|move|p2b: Arcanine|Psychic Fangs|p1b: Noivern\n|-damage|p1b: Noivern|73\/100\n|move|p2a: Pickle Tickle|Knock Off|p1b: Noivern\n|-damage|p1b: Noivern|46\/100\n|-enditem|p1b: Noivern|Leftovers|[from] move: Knock Off|[of] p2a: Pickle Tickle\n|\n|-weather|RainDance|[upkeep]\n|-heal|p2b: Arcanine|19\/100|[from] item: Leftovers\n|-sideend|p1: Picklelord439|move: Tailwind\n|upkeep\n|turn|5\n|\n|t:|1696220609\n|switch|p2b: Eldegoss|Eldegoss, M, shiny|18\/100\n|move|p1b: Noivern|Dragon Pulse|p2a: Pickle Tickle\n|-damage|p2a: Pickle Tickle|23\/100\n|move|p1a: Gliscor|Earthquake|p2a: Pickle Tickle|[spread] p2a,p2b\n|-immune|p1b: Noivern\n|-supereffective|p2a: Pickle Tickle\n|-resisted|p2b: Eldegoss\n|-damage|p2a: Pickle Tickle|0 fnt\n|-damage|p2b: Eldegoss|8\/100\n|-ability|p2b: Eldegoss|Cotton Down\n|-unboost|p1a: Gliscor|spe|1\n|-unboost|p1b: Noivern|spe|1\n|faint|p2a: Pickle Tickle\n|\n|-weather|RainDance|[upkeep]\n|-heal|p2b: Eldegoss|14\/100|[from] item: Leftovers\n|upkeep\n|\n|t:|1696220620\n|switch|p2a: Arcanine|Arcanine, M, shiny|19\/100\n|-ability|p2a: Arcanine|Intimidate|boost\n|-unboost|p1a: Gliscor|atk|1\n|-unboost|p1b: Noivern|atk|1\n|turn|6\n|\n|t:|1696220651\n|move|p2a: Arcanine|Psychic Fangs|p1b: Noivern\n|-damage|p1b: Noivern|16\/100\n|move|p1b: Noivern|Dragon Pulse|p2b: Eldegoss\n|-damage|p2b: Eldegoss|0 fnt\n|-ability|p2b: Eldegoss|Cotton Down\n|-unboost|p1a: Gliscor|spe|1\n|-unboost|p1b: Noivern|spe|1\n|-unboost|p2a: Arcanine|spe|1\n|faint|p2b: Eldegoss\n|move|p1a: Gliscor|Agility|p1a: Gliscor\n|-boost|p1a: Gliscor|spe|2\n|\n|-weather|RainDance|[upkeep]\n|-heal|p2a: Arcanine|25\/100|[from] item: Leftovers\n|upkeep\n|\n|t:|1696220668\n|switch|p2b: Jirachi|Jirachi, shiny|100\/100\n|turn|7\n|\n|t:|1696220702\n|switch|p2a: Togekiss|Togekiss, F, shiny|100\/100\n|move|p2b: Jirachi|Cosmic Power|p2b: Jirachi\n|-boost|p2b: Jirachi|def|1\n|-boost|p2b: Jirachi|spd|1\n|move|p1a: Gliscor|Agility|p1a: Gliscor\n|-boost|p1a: Gliscor|spe|2\n|move|p1b: Noivern|Flamethrower|p2b: Jirachi\n|-supereffective|p2b: Jirachi\n|-damage|p2b: Jirachi|85\/100\n|\n|-weather|RainDance|[upkeep]\n|-heal|p2b: Jirachi|91\/100|[from] item: Leftovers\n|upkeep\n|turn|8\n|\n|t:|1696220741\n|move|p1a: Gliscor|Crabhammer|p2a: Togekiss\n|-damage|p2a: Togekiss|78\/100\n|move|p2b: Jirachi|Charge Beam|p1b: Noivern\n|-damage|p1b: Noivern|0 fnt\n|-boost|p2b: Jirachi|spa|1\n|faint|p1b: Noivern\n|move|p2a: Togekiss|Air Slash|p1a: Gliscor\n|-damage|p1a: Gliscor|49\/100 tox\n|\n|-weather|none\n|-heal|p2b: Jirachi|97\/100|[from] item: Leftovers\n|-heal|p2a: Togekiss|84\/100|[from] item: Leftovers\n|-heal|p1a: Gliscor|61\/100 tox|[from] ability: Poison Heal\n|upkeep\n|\n|t:|1696220755\n|switch|p1b: Maushold|Maushold|100\/100\n|turn|9\n|\n|t:|1696220769\n|move|p1a: Gliscor|Crabhammer|p2a: Togekiss\n|-damage|p2a: Togekiss|69\/100\n|move|p1b: Maushold|Population Bomb|p2b: Jirachi\n|-resisted|p2b: Jirachi\n|-damage|p2b: Jirachi|92\/100\n|-resisted|p2b: Jirachi\n|-damage|p2b: Jirachi|86\/100\n|-resisted|p2b: Jirachi\n|-damage|p2b: Jirachi|82\/100\n|-resisted|p2b: Jirachi\n|-damage|p2b: Jirachi|76\/100\n|-resisted|p2b: Jirachi\n|-damage|p2b: Jirachi|71\/100\n|-resisted|p2b: Jirachi\n|-damage|p2b: Jirachi|65\/100\n|-resisted|p2b: Jirachi\n|-damage|p2b: Jirachi|60\/100\n|-resisted|p2b: Jirachi\n|-damage|p2b: Jirachi|55\/100\n|-resisted|p2b: Jirachi\n|-damage|p2b: Jirachi|49\/100\n|-resisted|p2b: Jirachi\n|-crit|p2b: Jirachi\n|-damage|p2b: Jirachi|38\/100\n|-hitcount|p2b: Jirachi|10\n|move|p2b: Jirachi|Icy Wind|p1a: Gliscor|[spread] p1a,p1b\n|-supereffective|p1a: Gliscor\n|-damage|p1a: Gliscor|0 fnt\n|-damage|p1b: Maushold|75\/100\n|-unboost|p1b: Maushold|spe|1\n|faint|p1a: Gliscor\n|move|p2a: Togekiss|Air Slash|p1b: Maushold\n|-damage|p1b: Maushold|21\/100\n|\n|-heal|p2b: Jirachi|44\/100|[from] item: Leftovers\n|-heal|p2a: Togekiss|75\/100|[from] item: Leftovers\n|upkeep\n|\n|t:|1696220801\n|switch|p1a: Poliwrath|Poliwrath, M|92\/100 slp\n|turn|10\n|\n|t:|1696220836\n|move|p2b: Jirachi|Charge Beam|p1b: Maushold\n|-damage|p1b: Maushold|0 fnt\n|-boost|p2b: Jirachi|spa|1\n|faint|p1b: Maushold\n|move|p2a: Togekiss|Ominous Wind|p1a: Poliwrath\n|-damage|p1a: Poliwrath|70\/100 slp\n|cant|p1a: Poliwrath|slp\n|\n|-heal|p2b: Jirachi|50\/100|[from] item: Leftovers\n|-heal|p2a: Togekiss|82\/100|[from] item: Leftovers\n|upkeep\n|\n|t:|1696220850\n|switch|p1b: Basculegion|Basculegion, M|100\/100\n|turn|11\n|\n|t:|1696220875\n|-terastallize|p2b: Jirachi|Water\n|move|p2b: Jirachi|Cosmic Power|p2b: Jirachi\n|-boost|p2b: Jirachi|def|1\n|-boost|p2b: Jirachi|spd|1\n|move|p2a: Togekiss|Ominous Wind|p1b: Basculegion\n|-supereffective|p1b: Basculegion\n|-damage|p1b: Basculegion|57\/100\n|move|p1b: Basculegion|Last Respects|p2a: Togekiss\n|-damage|p2a: Togekiss|0 fnt\n|faint|p2a: Togekiss\n|cant|p1a: Poliwrath|slp\n|\n|-heal|p2b: Jirachi|56\/100|[from] item: Leftovers\n|upkeep\n|\n|t:|1696220892\n|switch|p2a: Arcanine|Arcanine, M, shiny|25\/100\n|-ability|p2a: Arcanine|Intimidate|boost\n|-unboost|p1a: Poliwrath|atk|1\n|-unboost|p1b: Basculegion|atk|1\n|turn|12\n|\n|t:|1696220961\n|move|p2b: Jirachi|Charge Beam|p1a: Poliwrath\n|-supereffective|p1a: Poliwrath\n|-damage|p1a: Poliwrath|9\/100 slp\n|-boost|p2b: Jirachi|spa|1\n|move|p2a: Arcanine|Mud-Slap|p1b: Basculegion\n|-damage|p1b: Basculegion|51\/100\n|-unboost|p1b: Basculegion|accuracy|1\n|move|p1b: Basculegion|Last Respects|p2b: Jirachi\n|-damage|p2b: Jirachi|15\/100\n|cant|p1a: Poliwrath|slp\n|\n|-heal|p2b: Jirachi|21\/100|[from] item: Leftovers\n|-heal|p2a: Arcanine|32\/100|[from] item: Leftovers\n|upkeep\n|turn|13\n|\n|t:|1696220997\n|move|p2b: Jirachi|Charge Beam|p1a: Poliwrath\n|-supereffective|p1a: Poliwrath\n|-damage|p1a: Poliwrath|0 fnt\n|-boost|p2b: Jirachi|spa|1\n|faint|p1a: Poliwrath\n|move|p2a: Arcanine|Mud-Slap|p1b: Basculegion\n|-damage|p1b: Basculegion|45\/100\n|-unboost|p1b: Basculegion|accuracy|1\n|move|p1b: Basculegion|Last Respects|p2b: Jirachi|[miss]\n|-miss|p1b: Basculegion|p2b: Jirachi\n|\n|-heal|p2b: Jirachi|27\/100|[from] item: Leftovers\n|-heal|p2a: Arcanine|38\/100|[from] item: Leftovers\n|upkeep\n|turn|14\n|\n|t:|1696221018\n|switch|p2a: Primeape|Primeape, M, shiny|100\/100\n|move|p2b: Jirachi|Cosmic Power|p2b: Jirachi\n|-boost|p2b: Jirachi|def|1\n|-boost|p2b: Jirachi|spd|1\n|move|p1b: Basculegion|Last Respects|p2b: Jirachi|[miss]\n|-miss|p1b: Basculegion|p2b: Jirachi\n|\n|-heal|p2b: Jirachi|33\/100|[from] item: Leftovers\n|upkeep\n|turn|15\n|\n|t:|1696221043\n|move|p2b: Jirachi|Baton Pass|p2b: Jirachi\n|\n|t:|1696221045\n|switch|p2b: Arcanine|Arcanine, M, shiny|38\/100|[from] Baton Pass\n|-ability|p2b: Arcanine|Intimidate|boost\n|-unboost|p1b: Basculegion|atk|1\n|move|p1b: Basculegion|Rain Dance|p1b: Basculegion\n|-weather|RainDance\n|move|p2a: Primeape|Iron Tail|p1b: Basculegion\n|-resisted|p1b: Basculegion\n|-damage|p1b: Basculegion|27\/100\n|\n|-weather|RainDance|[upkeep]\n|-heal|p2b: Arcanine|44\/100|[from] item: Leftovers\n|upkeep\n|turn|16\n|\n|t:|1696221074\n|move|p1b: Basculegion|Shadow Ball|p2b: Arcanine|[miss]\n|-miss|p1b: Basculegion|p2b: Arcanine\n|move|p2b: Arcanine|Mud-Slap|p1b: Basculegion\n|-crit|p1b: Basculegion\n|-damage|p1b: Basculegion|3\/100\n|-unboost|p1b: Basculegion|accuracy|1\n|move|p2a: Primeape|Dynamic Punch|p1b: Basculegion\n|-immune|p1b: Basculegion\n|\n|-weather|RainDance|[upkeep]\n|-heal|p2b: Arcanine|50\/100|[from] item: Leftovers\n|upkeep\n|turn|17\n|j| your yellow\n|\n|t:|1696221105\n|move|p1b: Basculegion|Last Respects|p2b: Arcanine|[miss]\n|-miss|p1b: Basculegion|p2b: Arcanine\n|move|p2b: Arcanine|Will-O-Wisp|p1b: Basculegion\n|-status|p1b: Basculegion|brn\n|move|p2a: Primeape|Dynamic Punch|p2b: Arcanine\n|-damage|p2b: Arcanine|34\/100\n|-start|p2b: Arcanine|confusion\n|\n|-weather|RainDance|[upkeep]\n|-heal|p2b: Arcanine|40\/100|[from] item: Leftovers\n|-damage|p1b: Basculegion|0 fnt|[from] brn\n|faint|p1b: Basculegion\n|\n|win|LowksterP\n|upkeep\n|raw|Picklelord439's rating: 1058 &rarr; <strong>1038<\/strong><br \/>(-20 for losing)\n|raw|LowksterP's rating: 1039 &rarr; <strong>1075<\/strong><br \/>(+36 for winning)\n|l|\u2606Picklelord439\n|l|\u2606LowksterP\n|j|\u2606LowksterP\n|player|p2|LowksterP|striker\n","uploadtime":1696221129,"views":5,"p1id":"picklelord439","p2id":"lowksterp","formatid":"gen9nationaldexdoubles","rating":1038,"private":0,"password":""}