{"id":"gen9nationaldexdoubles-1958102720","p1":"NotArusef","p2":"LightLord72","format":"[Gen 9] National Dex Doubles","log":"|j|\u2606NotArusef\n|j|\u2606LightLord72\n|t:|1696288161\n|gametype|doubles\n|player|p1|NotArusef|clerk-boss|1084\n|player|p2|LightLord72|emmet|1052\n|teamsize|p1|6\n|teamsize|p2|6\n|gen|9\n|tier|[Gen 9] National Dex Doubles\n|rated|\n|rule|HP Percentage Mod: HP is shown in percentages\n|rule|Endless Battle Clause: Forcing endless battles is banned\n|rule|OHKO Clause: OHKO moves are banned\n|rule|Evasion Moves Clause: Evasion moves are banned\n|rule|Evasion Abilities Clause: Evasion abilities are banned\n|rule|Species Clause: Limit one of each Pok\u00e9mon\n|rule|Gravity Sleep Clause: The combination of sleep-inducing moves with imperfect accuracy and Gravity or Gigantamax Orbeetle are banned\n|clearpoke\n|poke|p1|Stunfisk-Galar, M|\n|poke|p1|Slowking-Galar, M|\n|poke|p1|Slowbro, F|\n|poke|p1|Runerigus, M|\n|poke|p1|Sableye, M|\n|poke|p1|Cradily, F|\n|poke|p2|Ledian, F|\n|poke|p2|Alcremie-Ruby-Cream, F|\n|poke|p2|Ninetales-Alola, F|\n|poke|p2|Landorus-Therian, M|\n|poke|p2|Slowking-Galar, F|\n|poke|p2|Ribombee, M|\n|teampreview\n|inactive|Battle timer is ON: inactive players will automatically lose when time's up. (requested by LightLord72)\n|inactive|NotArusef also wants the timer to be on.\n|\n|t:|1696288169\n|start\n|switch|p1a: Runerigus|Runerigus, M|100\/100\n|switch|p1b: Sableye|Sableye, M|100\/100\n|switch|p2a: Ninetales|Ninetales-Alola, F, shiny|100\/100\n|switch|p2b: Landorus|Landorus-Therian, M|100\/100\n|-weather|Snow|[from] ability: Snow Warning|[of] p2a: Ninetales\n|-ability|p2b: Landorus|Intimidate|boost\n|-unboost|p1a: Runerigus|atk|1\n|-unboost|p1b: Sableye|atk|1\n|turn|1\n|\n|t:|1696288178\n|move|p1b: Sableye|Taunt|p2a: Ninetales\n|-start|p2a: Ninetales|move: Taunt\n|cant|p2a: Ninetales|move: Taunt|Aurora Veil\n|move|p2b: Landorus|Stealth Rock|p1a: Runerigus\n|-sidestart|p1: NotArusef|move: Stealth Rock\n|move|p1a: Runerigus|Trick Room|p1a: Runerigus\n|-fieldstart|move: Trick Room|[of] p1a: Runerigus\n|\n|-weather|Snow|[upkeep]\n|upkeep\n|turn|2\n|\n|t:|1696288192\n|switch|p2a: Slowking|Slowking-Galar, F|100\/100\n|move|p2b: Landorus|Protect|p2b: Landorus\n|-singleturn|p2b: Landorus|Protect\n|move|p1a: Runerigus|Shadow Claw|p2b: Landorus\n|-activate|p2b: Landorus|move: Protect\n|move|p1b: Sableye|Knock Off|p2b: Landorus\n|-activate|p2b: Landorus|move: Protect\n|\n|-weather|Snow|[upkeep]\n|upkeep\n|turn|3\n|\n|t:|1696288211\n|move|p1a: Runerigus|Shadow Claw|p2b: Landorus\n|-damage|p2b: Landorus|74\/100\n|move|p1b: Sableye|Knock Off|p2b: Landorus\n|-damage|p2b: Landorus|51\/100\n|-enditem|p2b: Landorus|Life Orb|[from] move: Knock Off|[of] p1b: Sableye\n|move|p2a: Slowking|Future Sight|p1a: Runerigus\n|-start|p2a: Slowking|move: Future Sight\n|move|p2b: Landorus|Explosion|p1a: Runerigus|[spread] p2a\n|-immune|p1a: Runerigus\n|-immune|p1b: Sableye\n|-damage|p2a: Slowking|31\/100\n|faint|p2b: Landorus\n|\n|-weather|Snow|[upkeep]\n|-heal|p2a: Slowking|37\/100|[from] item: Leftovers\n|upkeep\n|\n|t:|1696288224\n|switch|p2b: Ninetales|Ninetales-Alola, F, shiny|100\/100\n|turn|4\n|\n|t:|1696288234\n|move|p1b: Sableye|Taunt|p2b: Ninetales\n|-start|p2b: Ninetales|move: Taunt\n|move|p1a: Runerigus|Shadow Claw|p2a: Slowking\n|-supereffective|p2a: Slowking\n|-damage|p2a: Slowking|0 fnt\n|faint|p2a: Slowking\n|move|p2b: Ninetales|Blizzard|p1b: Sableye|[spread] p1a,p1b\n|-supereffective|p1a: Runerigus\n|-damage|p1a: Runerigus|37\/100\n|-damage|p1b: Sableye|50\/100\n|\n|-weather|Snow|[upkeep]\n|upkeep\n|\n|t:|1696288242\n|switch|p2a: Ribombee|Ribombee, M|100\/100\n|turn|5\n|\n|t:|1696288256\n|move|p1b: Sableye|Light Screen|p1b: Sableye\n|-sidestart|p1: NotArusef|move: Light Screen\n|move|p1a: Runerigus|Earthquake|p2a: Ribombee|[spread] p1b,p2a,p2b\n|-resisted|p2a: Ribombee\n|-damage|p1b: Sableye|27\/100\n|-damage|p2a: Ribombee|82\/100\n|-damage|p2b: Ninetales|77\/100\n|move|p2b: Ninetales|Blizzard|p1a: Runerigus|[spread] p1a,p1b\n|-supereffective|p1a: Runerigus\n|-damage|p1a: Runerigus|0 fnt\n|-damage|p1b: Sableye|0 fnt\n|faint|p1a: Runerigus\n|faint|p1b: Sableye\n|move|p2a: Ribombee|Pollen Puff|p1: Runerigus|[notarget]\n|-fail|p2a: Ribombee\n|\n|-weather|none\n|-hint|Future Sight did not hit because the target is fainted.\n|-fieldend|move: Trick Room\n|upkeep\n|\n|t:|1696288271\n|switch|p1b: Stunfisk|Stunfisk-Galar, M|100\/100\n|switch|p1a: Slowking|Slowking-Galar, M|100\/100\n|-damage|p1b: Stunfisk|97\/100|[from] Stealth Rock\n|-damage|p1a: Slowking|88\/100|[from] Stealth Rock\n|turn|6\n|\n|t:|1696288278\n|move|p2a: Ribombee|Sticky Web|p1b: Stunfisk\n|-sidestart|p1: NotArusef|move: Sticky Web\n|move|p2b: Ninetales|Icy Wind|p1a: Slowking|[spread] p1a,p1b\n|-damage|p1a: Slowking|79\/100\n|-damage|p1b: Stunfisk|88\/100\n|-unboost|p1a: Slowking|spe|1\n|-unboost|p1b: Stunfisk|spe|1\n|move|p1b: Stunfisk|Curse|p1b: Stunfisk\n|-unboost|p1b: Stunfisk|spe|1\n|-boost|p1b: Stunfisk|atk|1\n|-boost|p1b: Stunfisk|def|1\n|move|p1a: Slowking|Trick Room|p1a: Slowking\n|-fieldstart|move: Trick Room|[of] p1a: Slowking\n|\n|-heal|p1a: Slowking|86\/100|[from] item: Black Sludge\n|-end|p2b: Ninetales|move: Taunt\n|upkeep\n|turn|7\n|\n|t:|1696288304\n|move|p1b: Stunfisk|Metal Claw|p2b: Ninetales\n|-supereffective|p2b: Ninetales\n|-damage|p2b: Ninetales|0 fnt\n|faint|p2b: Ninetales\n|move|p1a: Slowking|Flamethrower|p2a: Ribombee\n|-supereffective|p2a: Ribombee\n|-damage|p2a: Ribombee|0 fnt\n|faint|p2a: Ribombee\n|\n|-heal|p1a: Slowking|92\/100|[from] item: Black Sludge\n|upkeep\n|\n|t:|1696288310\n|switch|p2b: Ledian|Ledian, F|100\/100\n|switch|p2a: Alcremie|Alcremie-Ruby-Cream, F, shiny|100\/100\n|turn|8\n|\n|t:|1696288319\n|move|p2a: Alcremie|Protect|p2a: Alcremie\n|-singleturn|p2a: Alcremie|Protect\n|move|p2b: Ledian|Protect|p2b: Ledian\n|-singleturn|p2b: Ledian|Protect\n|move|p1b: Stunfisk|Metal Claw|p2a: Alcremie\n|-activate|p2a: Alcremie|move: Protect\n|move|p1a: Slowking|Flamethrower|p2b: Ledian\n|-activate|p2b: Ledian|move: Protect\n|\n|-heal|p1a: Slowking|98\/100|[from] item: Black Sludge\n|upkeep\n|turn|9\n|\n|t:|1696288333\n|move|p1b: Stunfisk|Metal Claw|p2a: Alcremie\n|-supereffective|p2a: Alcremie\n|-crit|p2a: Alcremie\n|-enditem|p2a: Alcremie|Focus Sash\n|-damage|p2a: Alcremie|1\/100\n|-boost|p1b: Stunfisk|atk|1\n|move|p1a: Slowking|Flamethrower|p2b: Ledian\n|-supereffective|p2b: Ledian\n|-damage|p2b: Ledian|29\/100\n|move|p2a: Alcremie|Decorate|p2b: Ledian\n|-boost|p2b: Ledian|atk|2\n|-boost|p2b: Ledian|spa|2\n|move|p2b: Ledian|Agility|p2b: Ledian\n|-boost|p2b: Ledian|spe|2\n|\n|-heal|p1a: Slowking|100\/100|[from] item: Black Sludge\n|upkeep\n|turn|10\n|\n|t:|1696288361\n|switch|p1a: Slowbro|Slowbro, F|100\/100\n|-damage|p1a: Slowbro|88\/100|[from] Stealth Rock\n|-activate|p1a: Slowbro|move: Sticky Web\n|-unboost|p1a: Slowbro|spe|1\n|move|p2a: Alcremie|Protect|p2a: Alcremie\n|-singleturn|p2a: Alcremie|Protect\n|move|p2b: Ledian|Protect|p2b: Ledian\n|-singleturn|p2b: Ledian|Protect\n|move|p1b: Stunfisk|Curse|p1b: Stunfisk\n|-unboost|p1b: Stunfisk|spe|1\n|-boost|p1b: Stunfisk|atk|1\n|-boost|p1b: Stunfisk|def|1\n|\n|-heal|p1a: Slowbro|94\/100|[from] item: Leftovers\n|-fieldend|move: Trick Room\n|upkeep\n|turn|11\n|\n|t:|1696288380\n|-terastallize|p2b: Ledian|Fighting\n|move|p2a: Alcremie|Helping Hand|p2b: Ledian\n|-singleturn|p2b: Ledian|Helping Hand|[of] p2a: Alcremie\n|move|p2b: Ledian|Drain Punch|p1b: Stunfisk\n|-supereffective|p1b: Stunfisk\n|-damage|p1b: Stunfisk|12\/100\n|-heal|p2b: Ledian|93\/100|[from] drain|[of] p1b: Stunfisk\n|-damage|p2b: Ledian|83\/100|[from] item: Life Orb\n|move|p1b: Stunfisk|Metal Claw|p2b: Ledian\n|-damage|p2b: Ledian|0 fnt\n|faint|p2b: Ledian\n|move|p1a: Slowbro|Trick Room|p1a: Slowbro\n|-fieldstart|move: Trick Room|[of] p1a: Slowbro\n|\n|-heal|p1a: Slowbro|99\/100|[from] item: Leftovers\n|upkeep\n|turn|12\n|-message|LightLord72 forfeited.\n|\n|win|NotArusef\n|raw|NotArusef's rating: 1084 &rarr; <strong>1109<\/strong><br \/>(+25 for winning)\n|raw|LightLord72's rating: 1052 &rarr; <strong>1036<\/strong><br \/>(-16 for losing)\n|l|\u2606LightLord72\n","uploadtime":1696288398,"views":12,"p1id":"notarusef","p2id":"lightlord72","formatid":"gen9nationaldexdoubles","rating":1036,"private":0,"password":""}