{"id":"gen9nationaldexdoubles-1957693450","p1":"Mokaccino321","p2":"luminow","format":"[Gen 9] National Dex Doubles","log":"|j|\u2606Mokaccino321\n|j|\u2606luminow\n|t:|1696253757\n|gametype|doubles\n|player|p1|Mokaccino321|265|\n|player|p2|luminow|unknown|\n|teamsize|p1|6\n|teamsize|p2|6\n|gen|9\n|tier|[Gen 9] National Dex Doubles\n|rule|HP Percentage Mod: HP is shown in percentages\n|rule|Endless Battle Clause: Forcing endless battles is banned\n|rule|OHKO Clause: OHKO moves are banned\n|rule|Evasion Moves Clause: Evasion moves are banned\n|rule|Evasion Abilities Clause: Evasion abilities are banned\n|rule|Species Clause: Limit one of each Pok\u00e9mon\n|rule|Gravity Sleep Clause: The combination of sleep-inducing moves with imperfect accuracy and Gravity or Gigantamax Orbeetle are banned\n|clearpoke\n|poke|p1|Cradily, M|\n|poke|p1|Aerodactyl, M|\n|poke|p1|Arcanine-Hisui, M|\n|poke|p1|Nihilego|\n|poke|p1|Tyranitar, M|\n|poke|p1|Aggron, F|\n|poke|p2|Excadrill, M|\n|poke|p2|Victini|\n|poke|p2|Urshifu-*, M|\n|poke|p2|Volcarona, F|\n|poke|p2|Tornadus-Therian, M|\n|poke|p2|Lopunny, M|\n|teampreview\n|c|\u2606luminow|first time in my life i do doubles\n|c|\u2606luminow|let's see how it is\n|c|\u2606luminow|xD\n|c|\u2606luminow|gl\n|c|\u2606Mokaccino321|XD\n|\n|t:|1696253802\n|start\n|switch|p1a: Aerodactyl|Aerodactyl, M|100\/100\n|switch|p1b: Nihilego|Nihilego|100\/100\n|switch|p2a: Excadrill|Excadrill, M|100\/100\n|switch|p2b: Tornadus|Tornadus-Therian, M|100\/100\n|-ability|p1a: Aerodactyl|Unnerve\n|-ability|p2a: Excadrill|Mold Breaker\n|turn|1\n|\n|t:|1696253832\n|move|p1b: Nihilego|Protect|p1b: Nihilego\n|-singleturn|p1b: Nihilego|Protect\n|move|p1a: Aerodactyl|Tailwind|p1a: Aerodactyl\n|-sidestart|p1: Mokaccino321|move: Tailwind\n|move|p2b: Tornadus|Heat Wave|p1b: Nihilego|[spread] p1a\n|-activate|p1b: Nihilego|move: Protect\n|-resisted|p1a: Aerodactyl\n|-damage|p1a: Aerodactyl|90\/100\n|move|p2a: Excadrill|Earthquake|p1a: Aerodactyl|[spread] \n|-activate|p1b: Nihilego|move: Protect\n|-immune|p2b: Tornadus\n|-immune|p1a: Aerodactyl\n|\n|upkeep\n|turn|2\n|\n|t:|1696253851\n|move|p1a: Aerodactyl|Sky Drop||[still]\n|-prepare|p1a: Aerodactyl|Sky Drop|p2a: Excadrill\n|-zpower|p1b: Nihilego\n|move|p1b: Nihilego|Continental Crush|p2b: Tornadus|[zeffect]\n|-supereffective|p2b: Tornadus\n|-damage|p2b: Tornadus|0 fnt\n|faint|p2b: Tornadus\n|-ability|p1b: Nihilego|Beast Boost|boost\n|-boost|p1b: Nihilego|spa|1\n|\n|upkeep\n|\n|t:|1696253864\n|switch|p2b: Urshifu|Urshifu-Rapid-Strike, M|100\/100\n|turn|3\n|\n|t:|1696253885\n|move|p1a: Aerodactyl|Sky Drop|p2a: Excadrill|[from]lockedmove\n|-resisted|p2a: Excadrill\n|-damage|p2a: Excadrill|86\/100\n|-end|p2a: Excadrill|Sky Drop\n|move|p1b: Nihilego|Grass Knot|p2b: Urshifu\n|-supereffective|p2b: Urshifu\n|-damage|p2b: Urshifu|0 fnt\n|faint|p2b: Urshifu\n|-ability|p1b: Nihilego|Beast Boost|boost\n|-boost|p1b: Nihilego|spa|1\n|move|p2a: Excadrill|Earthquake|p1a: Aerodactyl|[spread] p1b\n|-immune|p1a: Aerodactyl\n|-supereffective|p1b: Nihilego\n|-damage|p1b: Nihilego|0 fnt\n|faint|p1b: Nihilego\n|\n|upkeep\n|\n|t:|1696253900\n|switch|p1b: Arcanine|Arcanine-Hisui, M|100\/100\n|switch|p2b: Lopunny|Lopunny, M|100\/100\n|turn|4\n|\n|t:|1696253912\n|detailschange|p2b: Lopunny|Lopunny-Mega, M\n|-mega|p2b: Lopunny|Lopunny|Lopunnite\n|move|p1a: Aerodactyl|Wide Guard|p1a: Aerodactyl\n|-singleturn|p1a: Aerodactyl|Wide Guard\n|move|p2b: Lopunny|Fake Out|p1a: Aerodactyl\n|-resisted|p1a: Aerodactyl\n|-damage|p1a: Aerodactyl|75\/100\n|move|p1b: Arcanine|Flare Blitz|p2a: Excadrill\n|-supereffective|p2a: Excadrill\n|-damage|p2a: Excadrill|0 fnt\n|faint|p2a: Excadrill\n|\n|-sideend|p1: Mokaccino321|move: Tailwind\n|upkeep\n|\n|t:|1696253923\n|switch|p2a: Victini|Victini|100\/100\n|turn|5\n|\n|t:|1696253942\n|move|p2b: Lopunny|U-turn|p1a: Aerodactyl\n|-resisted|p1a: Aerodactyl\n|-damage|p1a: Aerodactyl|57\/100\n|\n|t:|1696253945\n|switch|p2b: Volcarona|Volcarona, F|100\/100|[from] U-turn\n|move|p1a: Aerodactyl|Tailwind|p1a: Aerodactyl\n|-sidestart|p1: Mokaccino321|move: Tailwind\n|move|p1b: Arcanine|Flare Blitz|p2b: Volcarona\n|-damage|p2b: Volcarona|0 fnt\n|faint|p2b: Volcarona\n|-zpower|p2a: Victini\n|move|p2a: Victini|Z-Celebrate|p2a: Victini|[anim]Celebrate\n|-boost|p2a: Victini|atk|1|[zeffect]\n|-boost|p2a: Victini|def|1|[zeffect]\n|-boost|p2a: Victini|spa|1|[zeffect]\n|-boost|p2a: Victini|spd|1|[zeffect]\n|-boost|p2a: Victini|spe|1|[zeffect]\n|-activate|p2a: Victini|move: Celebrate\n|\n|upkeep\n|\n|t:|1696253958\n|switch|p2b: Lopunny|Lopunny-Mega, M|100\/100\n|turn|6\n|\n|t:|1696253971\n|move|p1a: Aerodactyl|Wide Guard|p1a: Aerodactyl\n|-singleturn|p1a: Aerodactyl|Wide Guard\n|move|p2b: Lopunny|Fake Out|p1a: Aerodactyl\n|-resisted|p1a: Aerodactyl\n|-damage|p1a: Aerodactyl|44\/100\n|move|p1b: Arcanine|Flare Blitz|p2a: Victini\n|-resisted|p2a: Victini\n|-damage|p2a: Victini|71\/100\n|move|p2a: Victini|Stored Power|p1b: Arcanine\n|-damage|p1b: Arcanine|0 fnt\n|faint|p1b: Arcanine\n|\n|upkeep\n|c|\u2606luminow|let's do an all in xD\n|\n|t:|1696253982\n|switch|p1b: Tyranitar|Tyranitar, M|100\/100\n|-weather|Sandstorm|[from] ability: Sand Stream|[of] p1b: Tyranitar\n|turn|7\n|\n|t:|1696253991\n|move|p1a: Aerodactyl|Sky Drop||[still]\n|-prepare|p1a: Aerodactyl|Sky Drop|p2b: Lopunny\n|move|p2a: Victini|Stored Power|p1a: Aerodactyl|[miss]\n|-miss|p2a: Victini|p1a: Aerodactyl\n|move|p1b: Tyranitar|Rock Slide|p2a: Victini|[spread] \n|-miss|p1b: Tyranitar|p2b: Lopunny\n|-miss|p1b: Tyranitar|p2a: Victini\n|\n|-weather|Sandstorm|[upkeep]\n|-damage|p2a: Victini|65\/100|[from] Sandstorm\n|-damage|p2b: Lopunny|95\/100|[from] Sandstorm\n|upkeep\n|turn|8\n|\n|t:|1696254004\n|move|p1a: Aerodactyl|Sky Drop|p2b: Lopunny|[from]lockedmove\n|-supereffective|p2b: Lopunny\n|-damage|p2b: Lopunny|36\/100\n|-end|p2b: Lopunny|Sky Drop\n|move|p2a: Victini|Stored Power|p1a: Aerodactyl\n|-damage|p1a: Aerodactyl|0 fnt\n|faint|p1a: Aerodactyl\n|move|p1b: Tyranitar|Rock Slide|p2b: Lopunny|[spread] p2b\n|-miss|p1b: Tyranitar|p2a: Victini\n|-resisted|p2b: Lopunny\n|-damage|p2b: Lopunny|8\/100\n|-damage|p1b: Tyranitar|91\/100|[from] item: Life Orb\n|move|p2b: Lopunny|Close Combat|p1b: Tyranitar\n|-supereffective|p1b: Tyranitar\n|-damage|p1b: Tyranitar|0 fnt\n|-unboost|p2b: Lopunny|def|1\n|-unboost|p2b: Lopunny|spd|1\n|faint|p1b: Tyranitar\n|\n|-weather|Sandstorm|[upkeep]\n|-damage|p2a: Victini|59\/100|[from] Sandstorm\n|-damage|p2b: Lopunny|2\/100|[from] Sandstorm\n|-sideend|p1: Mokaccino321|move: Tailwind\n|upkeep\n|\n|t:|1696254017\n|switch|p1a: Cradily|Cradily, M|100\/100\n|switch|p1b: Aggron|Aggron, F|100\/100\n|turn|9\n|\n|t:|1696254038\n|detailschange|p1b: Aggron|Aggron-Mega, F\n|-mega|p1b: Aggron|Aggron|Aggronite\n|move|p1a: Cradily|Protect|p1a: Cradily\n|-singleturn|p1a: Cradily|Protect\n|move|p2a: Victini|Searing Shot|p1a: Cradily|[spread] p2b,p1b\n|-activate|p1a: Cradily|move: Protect\n|-supereffective|p1b: Aggron\n|-damage|p2b: Lopunny|0 fnt\n|-damage|p1b: Aggron|11\/100\n|faint|p2b: Lopunny\n|move|p1b: Aggron|Body Press|p2a: Victini\n|-resisted|p2a: Victini\n|-damage|p2a: Victini|43\/100\n|\n|-weather|Sandstorm|[upkeep]\n|-damage|p2a: Victini|37\/100|[from] Sandstorm\n|upkeep\n|turn|10\n|\n|t:|1696254052\n|move|p2a: Victini|Searing Shot|p1a: Cradily|[spread] p1a,p1b\n|-supereffective|p1b: Aggron\n|-damage|p1a: Cradily|82\/100\n|-damage|p1b: Aggron|0 fnt\n|-status|p1a: Cradily|brn\n|faint|p1b: Aggron\n|move|p1a: Cradily|Meteor Beam||[still]\n|-prepare|p1a: Cradily|Meteor Beam\n|-boost|p1a: Cradily|spa|1\n|-enditem|p1a: Cradily|Power Herb\n|-anim|p1a: Cradily|Meteor Beam|p2a: Victini\n|-supereffective|p2a: Victini\n|-damage|p2a: Victini|0 fnt\n|faint|p2a: Victini\n|\n|win|Mokaccino321\n|c|\u2606Mokaccino321|gg\n|c|\u2606luminow|NOOOOOOOOO\n|c|\u2606Mokaccino321|hahaha\n|c|\u2606Mokaccino321|i cant believe i missed 2 rockslide\n","uploadtime":1696254092,"views":11,"p1id":"mokaccino321","p2id":"luminow","formatid":"gen9nationaldexdoubles","rating":0,"private":0,"password":""}