{"id":"gen9nationaldexdoubles-1992902353","p1":"lamebagels","p2":"knightgem","format":"[Gen 9] National Dex Doubles","log":"|j|\u2606lamebagels\n|j|\u2606knightgem\n|t:|1700245336\n|gametype|doubles\n|player|p1|lamebagels|rei-isekai|1204\n|player|p2|knightgem|#knightgem|1319\n|teamsize|p1|6\n|teamsize|p2|6\n|gen|9\n|tier|[Gen 9] National Dex Doubles\n|rated|\n|rule|HP Percentage Mod: HP is shown in percentages\n|rule|Endless Battle Clause: Forcing endless battles is banned\n|rule|OHKO Clause: OHKO moves are banned\n|rule|Evasion Moves Clause: Evasion moves are banned\n|rule|Evasion Abilities Clause: Evasion abilities are banned\n|rule|Species Clause: Limit one of each Pok\u00e9mon\n|rule|Gravity Sleep Clause: The combination of sleep-inducing moves with imperfect accuracy and Gravity or Gigantamax Orbeetle are banned\n|clearpoke\n|poke|p1|Shuckle, M|\n|poke|p1|Mandibuzz, F|\n|poke|p1|Lilligant-Hisui, F|\n|poke|p1|Tyranitar, M|\n|poke|p1|Zapdos-Galar|\n|poke|p1|Landorus-Therian, M|\n|poke|p2|Primarina, F|\n|poke|p2|Skeledirge, M|\n|poke|p2|Rillaboom, M|\n|poke|p2|Toxtricity, M|\n|poke|p2|Kommo-o, F|\n|poke|p2|Clefairy, M|\n|teampreview\n|inactive|Battle timer is ON: inactive players will automatically lose when time's up. (requested by knightgem)\n|\n|t:|1700245350\n|start\n|switch|p1a: shyranitar|Tyranitar, M, shiny|100\/100\n|switch|p1b: Gawsef|Shuckle, M, shiny|100\/100\n|switch|p2a: Kommo-o|Kommo-o, F|100\/100\n|switch|p2b: Clefairy|Clefairy, M|100\/100\n|-weather|Sandstorm|[from] ability: Sand Stream|[of] p1a: shyranitar\n|turn|1\n|\n|t:|1700245358\n|move|p2b: Clefairy|Follow Me|p2b: Clefairy\n|-singleturn|p2b: Clefairy|move: Follow Me\n|move|p2a: Kommo-o|Substitute|p2a: Kommo-o\n|-start|p2a: Kommo-o|Substitute\n|-damage|p2a: Kommo-o|75\/100\n|move|p1a: shyranitar|Heavy Slam|p2b: Clefairy\n|-supereffective|p2b: Clefairy\n|-damage|p2b: Clefairy|10\/100\n|move|p1b: Gawsef|Power Split|p2b: Clefairy\n|-activate|p1b: Gawsef|move: Power Split|[of] p2b: Clefairy\n|\n|-weather|Sandstorm|[upkeep]\n|-damage|p2a: Kommo-o|69\/100|[from] Sandstorm\n|-damage|p2b: Clefairy|4\/100|[from] Sandstorm\n|upkeep\n|turn|2\n|\n|t:|1700245380\n|switch|p1a: sierra|Mandibuzz, F, shiny|100\/100\n|-terastallize|p2a: Kommo-o|Steel\n|move|p2b: Clefairy|Ally Switch|p2b: Clefairy\n|swap|p2b: Clefairy|0|[from] move: Ally Switch\n|move|p2b: Kommo-o|Belly Drum|p2b: Kommo-o\n|-damage|p2b: Kommo-o|19\/100\n|-setboost|p2b: Kommo-o|atk|6|[from] move: Belly Drum\n|-enditem|p2b: Kommo-o|Salac Berry|[eat]\n|-boost|p2b: Kommo-o|spe|1|[from] item: Salac Berry\n|move|p1b: Gawsef|Sticky Web|p2b: Kommo-o\n|-sidestart|p2: knightgem|move: Sticky Web\n|\n|-weather|Sandstorm|[upkeep]\n|-damage|p2a: Clefairy|0 fnt|[from] Sandstorm\n|faint|p2a: Clefairy\n|upkeep\n|\n|t:|1700245392\n|switch|p2a: Toxtricity|Toxtricity, M|100\/100\n|-activate|p2a: Toxtricity|move: Sticky Web\n|-unboost|p2a: Toxtricity|spe|1\n|turn|3\n|\n|t:|1700245401\n|move|p2b: Kommo-o|Drain Punch|p1b: Gawsef\n|-damage|p1b: Gawsef|10\/100\n|-heal|p2b: Kommo-o|57\/100|[from] drain|[of] p1b: Gawsef\n|-enditem|p1b: Gawsef|Red Card|[of] p2b: Kommo-o\n|drag|p2b: Rillaboom|Rillaboom, M|100\/100\n|-activate|p2b: Rillaboom|move: Sticky Web\n|-unboost|p2b: Rillaboom|spe|1\n|-fieldstart|move: Grassy Terrain|[from] ability: Grassy Surge|[of] p2b: Rillaboom\n|-enditem|p2b: Rillaboom|Grassy Seed\n|-boost|p2b: Rillaboom|def|1|[from] item: Grassy Seed\n|move|p2a: Toxtricity|Boomburst|p1b: Gawsef|[spread] p2b,p1a,p1b\n|-resisted|p1b: Gawsef\n|-damage|p2b: Rillaboom|42\/100\n|-damage|p1a: sierra|60\/100\n|-damage|p1b: Gawsef|0 fnt\n|faint|p1b: Gawsef\n|move|p1a: sierra|Whirlwind|p2b: Rillaboom\n|drag|p2b: Primarina|Primarina, F|100\/100\n|-activate|p2b: Primarina|move: Sticky Web\n|-unboost|p2b: Primarina|spe|1\n|\n|-weather|Sandstorm|[upkeep]\n|-damage|p2a: Toxtricity|94\/100|[from] Sandstorm\n|-damage|p2b: Primarina|95\/100|[from] Sandstorm\n|-heal|p2a: Toxtricity|100\/100|[from] Grassy Terrain\n|-heal|p1a: sierra|66\/100|[from] item: Leftovers\n|-heal|p2b: Primarina|100\/100|[from] Grassy Terrain\n|upkeep\n|\n|t:|1700245409\n|switch|p1b: 90|Landorus-Therian, M|100\/100\n|-ability|p1b: 90|Intimidate|boost\n|-unboost|p2a: Toxtricity|atk|1\n|-unboost|p2b: Primarina|atk|1\n|turn|4\n|\n|t:|1700245432\n|-terastallize|p1b: 90|Steel\n|move|p2a: Toxtricity|Boomburst|p1b: 90|[spread] p2b,p1a,p1b\n|-resisted|p1b: 90\n|-damage|p2b: Primarina|59\/100\n|-damage|p1a: sierra|28\/100\n|-damage|p1b: 90|77\/100\n|move|p1b: 90|Sandsear Storm|p2b: Primarina|[spread] p2a,p2b\n|-supereffective|p2a: Toxtricity\n|-damage|p2a: Toxtricity|0 fnt\n|-damage|p2b: Primarina|37\/100\n|faint|p2a: Toxtricity\n|move|p1a: sierra|Tailwind|p1a: sierra\n|-sidestart|p1: lamebagels|move: Tailwind\n|-zpower|p2b: Primarina\n|move|p2b: Primarina|Oceanic Operetta|p1b: 90|[zeffect]\n|-damage|p1b: 90|0 fnt\n|faint|p1b: 90\n|\n|-weather|Sandstorm|[upkeep]\n|-damage|p2b: Primarina|31\/100|[from] Sandstorm\n|-heal|p1a: sierra|34\/100|[from] item: Leftovers\n|-heal|p2b: Primarina|37\/100|[from] Grassy Terrain\n|upkeep\n|\n|t:|1700245452\n|switch|p2a: Rillaboom|Rillaboom, M|42\/100\n|switch|p1b: shyranitar|Tyranitar, M, shiny|100\/100\n|-activate|p2a: Rillaboom|move: Sticky Web\n|-unboost|p2a: Rillaboom|spe|1\n|turn|5\n|\n|t:|1700245459\n|switch|p1b: Gen V \u201cGenevieve\u201d|Lilligant-Hisui, F, shiny|100\/100\n|move|p1a: sierra|Foul Play|p2a: Rillaboom\n|-damage|p2a: Rillaboom|3\/100\n|move|p2a: Rillaboom|U-turn|p1a: sierra\n|-damage|p1a: sierra|20\/100\n|\n|t:|1700245465\n|switch|p2a: Skeledirge|Skeledirge, M|100\/100|[from] U-turn\n|-activate|p2a: Skeledirge|move: Sticky Web\n|-unboost|p2a: Skeledirge|spe|1\n|move|p2b: Primarina|Life Dew||[still]|[spread] p2a,p2b\n|-fail|p2a: Skeledirge|heal\n|-heal|p2b: Primarina|62\/100\n|\n|-weather|none\n|-heal|p1a: sierra|26\/100|[from] item: Leftovers\n|-heal|p2b: Primarina|68\/100|[from] Grassy Terrain\n|upkeep\n|turn|6\n|\n|t:|1700245484\n|switch|p1b: shyranitar|Tyranitar, M, shiny|100\/100\n|-weather|Sandstorm|[from] ability: Sand Stream|[of] p1b: shyranitar\n|move|p2b: Primarina|Protect|p2b: Primarina\n|-singleturn|p2b: Primarina|Protect\n|move|p1a: sierra|U-turn|p2a: Skeledirge\n|-resisted|p2a: Skeledirge\n|-damage|p2a: Skeledirge|99\/100\n|\n|t:|1700245489\n|switch|p1a: Gen V \u201cGenevieve\u201d|Lilligant-Hisui, F, shiny|100\/100|[from] U-turn\n|move|p2a: Skeledirge|Will-O-Wisp|p1b: shyranitar\n|-status|p1b: shyranitar|brn\n|\n|-weather|Sandstorm|[upkeep]\n|-damage|p1a: Gen V \u201cGenevieve\u201d|94\/100|[from] Sandstorm\n|-damage|p2a: Skeledirge|92\/100|[from] Sandstorm\n|-damage|p2b: Primarina|62\/100|[from] Sandstorm\n|-heal|p1a: Gen V \u201cGenevieve\u201d|100\/100|[from] Grassy Terrain\n|-heal|p2a: Skeledirge|99\/100|[from] Grassy Terrain\n|-heal|p2a: Skeledirge|100\/100|[from] item: Leftovers\n|-heal|p2b: Primarina|68\/100|[from] Grassy Terrain\n|-damage|p1b: shyranitar|94\/100 brn|[from] brn\n|upkeep\n|turn|7\n|\n|t:|1700245507\n|switch|p1a: sierra|Mandibuzz, F, shiny|26\/100\n|switch|p2b: Kommo-o|Kommo-o, F, tera:Steel|57\/100\n|-activate|p2b: Kommo-o|move: Sticky Web\n|-unboost|p2b: Kommo-o|spe|1\n|move|p1b: shyranitar|Knock Off|p2a: Skeledirge\n|-supereffective|p2a: Skeledirge\n|-damage|p2a: Skeledirge|59\/100\n|-enditem|p2a: Skeledirge|Leftovers|[from] move: Knock Off|[of] p1b: shyranitar\n|move|p2a: Skeledirge|Will-O-Wisp|p1a: sierra|[miss]\n|-miss|p2a: Skeledirge|p1a: sierra\n|\n|-weather|Sandstorm|[upkeep]\n|-damage|p2a: Skeledirge|53\/100|[from] Sandstorm\n|-heal|p1a: sierra|32\/100|[from] item: Leftovers\n|-heal|p1b: shyranitar|100\/100 brn|[from] Grassy Terrain\n|-heal|p2b: Kommo-o|63\/100|[from] Grassy Terrain\n|-heal|p2a: Skeledirge|59\/100|[from] Grassy Terrain\n|-damage|p1b: shyranitar|94\/100 brn|[from] brn\n|-sideend|p1: lamebagels|move: Tailwind\n|-fieldend|move: Grassy Terrain\n|upkeep\n|turn|8\n|\n|t:|1700245520\n|move|p1a: sierra|Foul Play|p2b: Kommo-o\n|-damage|p2b: Kommo-o|20\/100\n|move|p2b: Kommo-o|Drain Punch|p1b: shyranitar\n|-supereffective|p1b: shyranitar\n|-damage|p1b: shyranitar|0 fnt\n|-heal|p2b: Kommo-o|85\/100|[from] drain|[of] p1b: shyranitar\n|faint|p1b: shyranitar\n|move|p2a: Skeledirge|Slack Off|p2a: Skeledirge\n|-heal|p2a: Skeledirge|100\/100\n|\n|-weather|Sandstorm|[upkeep]\n|-damage|p2a: Skeledirge|94\/100|[from] Sandstorm\n|-heal|p1a: sierra|38\/100|[from] item: Leftovers\n|upkeep\n|\n|t:|1700245530\n|switch|p1b: Gen V \u201cGenevieve\u201d|Lilligant-Hisui, F, shiny|100\/100\n|turn|9\n|\n|t:|1700245537\n|switch|p2b: Rillaboom|Rillaboom, M|3\/100\n|-activate|p2b: Rillaboom|move: Sticky Web\n|-unboost|p2b: Rillaboom|spe|1\n|-fieldstart|move: Grassy Terrain|[from] ability: Grassy Surge|[of] p2b: Rillaboom\n|move|p1b: Gen V \u201cGenevieve\u201d|Axe Kick|p2b: Rillaboom\n|-crit|p2b: Rillaboom\n|-damage|p2b: Rillaboom|0 fnt\n|faint|p2b: Rillaboom\n|-damage|p1b: Gen V \u201cGenevieve\u201d|91\/100|[from] item: Life Orb\n|move|p1a: sierra|Tailwind|p1a: sierra\n|-sidestart|p1: lamebagels|move: Tailwind\n|move|p2a: Skeledirge|Will-O-Wisp|p1b: Gen V \u201cGenevieve\u201d\n|-status|p1b: Gen V \u201cGenevieve\u201d|brn\n|\n|-weather|Sandstorm|[upkeep]\n|-damage|p1b: Gen V \u201cGenevieve\u201d|84\/100 brn|[from] Sandstorm\n|-damage|p2a: Skeledirge|88\/100|[from] Sandstorm\n|-heal|p1b: Gen V \u201cGenevieve\u201d|91\/100 brn|[from] Grassy Terrain\n|-heal|p1a: sierra|44\/100|[from] item: Leftovers\n|-heal|p2a: Skeledirge|94\/100|[from] Grassy Terrain\n|-damage|p1b: Gen V \u201cGenevieve\u201d|84\/100 brn|[from] brn\n|upkeep\n|\n|t:|1700245545\n|switch|p2b: Kommo-o|Kommo-o, F, tera:Steel|85\/100\n|-activate|p2b: Kommo-o|move: Sticky Web\n|-unboost|p2b: Kommo-o|spe|1\n|turn|10\n|\n|t:|1700245560\n|switch|p2b: Primarina|Primarina, F|68\/100\n|-activate|p2b: Primarina|move: Sticky Web\n|-unboost|p2b: Primarina|spe|1\n|move|p1b: Gen V \u201cGenevieve\u201d|Axe Kick|p2b: Primarina\n|-resisted|p2b: Primarina\n|-damage|p2b: Primarina|33\/100\n|-start|p2b: Primarina|confusion\n|-damage|p1b: Gen V \u201cGenevieve\u201d|75\/100 brn|[from] item: Life Orb\n|move|p1a: sierra|Foul Play|p2b: Primarina\n|-resisted|p2b: Primarina\n|-damage|p2b: Primarina|20\/100\n|move|p2a: Skeledirge|Torch Song|p1b: Gen V \u201cGenevieve\u201d\n|-supereffective|p1b: Gen V \u201cGenevieve\u201d\n|-damage|p1b: Gen V \u201cGenevieve\u201d|0 fnt\n|-boost|p2a: Skeledirge|spa|1\n|faint|p1b: Gen V \u201cGenevieve\u201d\n|\n|-weather|none\n|-heal|p1a: sierra|50\/100|[from] item: Leftovers\n|-heal|p2a: Skeledirge|100\/100|[from] Grassy Terrain\n|-heal|p2b: Primarina|26\/100|[from] Grassy Terrain\n|upkeep\n|\n|t:|1700245563\n|switch|p1b: daffodil|Zapdos-Galar, shiny|100\/100\n|turn|11\n|\n|t:|1700245570\n|move|p1b: daffodil|Knock Off|p2a: Skeledirge\n|-supereffective|p2a: Skeledirge\n|-damage|p2a: Skeledirge|68\/100\n|move|p1a: sierra|Foul Play|p2a: Skeledirge\n|-supereffective|p2a: Skeledirge\n|-damage|p2a: Skeledirge|39\/100\n|move|p2a: Skeledirge|Torch Song|p1b: daffodil\n|-damage|p1b: daffodil|51\/100\n|-boost|p2a: Skeledirge|spa|1\n|-activate|p2b: Primarina|confusion\n|move|p2b: Primarina|Perish Song|p2b: Primarina\n|-start|p1a: sierra|perish3|[silent]\n|-start|p1b: daffodil|perish3|[silent]\n|-start|p2a: Skeledirge|perish3|[silent]\n|-start|p2b: Primarina|perish3|[silent]\n|-fieldactivate|move: Perish Song\n|\n|-heal|p1a: sierra|57\/100|[from] item: Leftovers\n|-heal|p2a: Skeledirge|45\/100|[from] Grassy Terrain\n|-heal|p2b: Primarina|32\/100|[from] Grassy Terrain\n|-start|p1b: daffodil|perish3\n|-start|p1a: sierra|perish3\n|-start|p2a: Skeledirge|perish3\n|-start|p2b: Primarina|perish3\n|upkeep\n|turn|12\n|-message|lamebagels forfeited.\n|\n|win|knightgem\n|raw|lamebagels's rating: 1204 &rarr; <strong>1187<\/strong><br \/>(-17 for losing)\n|raw|knightgem's rating: 1319 &rarr; <strong>1333<\/strong><br \/>(+14 for winning)\n|l|\u2606lamebagels\n","uploadtime":1700245583,"views":5,"p1id":"lamebagels","p2id":"knightgem","formatid":"gen9nationaldexdoubles","rating":1187,"private":0,"password":""}