{"id":"gen9nationaldexdoubles-1953380977","p1":"lethalpilot","p2":"NautilusReign","format":"[Gen 9] National Dex Doubles","log":"|j|\u2606lethalpilot\n|j|\u2606NautilusReign\n|t:|1695780393\n|gametype|doubles\n|player|p1|lethalpilot|swimmer-gen4|\n|player|p2|NautilusReign|170|\n|teamsize|p1|6\n|teamsize|p2|6\n|gen|9\n|tier|[Gen 9] National Dex Doubles\n|rule|HP Percentage Mod: HP is shown in percentages\n|rule|Endless Battle Clause: Forcing endless battles is banned\n|rule|OHKO Clause: OHKO moves are banned\n|rule|Evasion Moves Clause: Evasion moves are banned\n|rule|Evasion Abilities Clause: Evasion abilities are banned\n|rule|Species Clause: Limit one of each Pok\u00e9mon\n|rule|Gravity Sleep Clause: The combination of sleep-inducing moves with imperfect accuracy and Gravity or Gigantamax Orbeetle are banned\n|clearpoke\n|poke|p1|Ninetales-Alola, M|\n|poke|p1|Eiscue, M|\n|poke|p1|Tapu Koko|\n|poke|p1|Raichu-Alola, M|\n|poke|p1|Iron Jugulis|\n|poke|p1|Eelektross, M|\n|poke|p2|Salamence, M|\n|poke|p2|Chien-Pao|\n|poke|p2|Snorlax, F|\n|poke|p2|Landorus-Therian, M|\n|poke|p2|Gigalith, F|\n|poke|p2|Alakazam, F|\n|teampreview\n|j| tomciv20\n|\n|t:|1695780433\n|start\n|switch|p1a: Grimace Dog|Ninetales-Alola, M, shiny|100\/100\n|switch|p1b: Abach Hot Sexy|Raichu-Alola, M|100\/100\n|switch|p2a: akky|Alakazam, F|100\/100\n|switch|p2b: lank|Landorus-Therian, M|100\/100\n|-weather|Snow|[from] ability: Snow Warning|[of] p1a: Grimace Dog\n|-ability|p2b: lank|Intimidate|boost\n|-unboost|p1a: Grimace Dog|atk|1\n|-unboost|p1b: Abach Hot Sexy|atk|1\n|turn|1\n|j| CluelessGamer18\n|\n|t:|1695780458\n|move|p1b: Abach Hot Sexy|Fake Out|p2a: akky\n|-damage|p2a: akky|83\/100\n|-damage|p1b: Abach Hot Sexy|91\/100|[from] item: Life Orb\n|cant|p2a: akky|flinch\n|move|p1a: Grimace Dog|Aurora Veil|p1a: Grimace Dog\n|-sidestart|p1: lethalpilot|move: Aurora Veil\n|move|p2b: lank|Earthquake|p1a: Grimace Dog|[spread] p2a,p1a,p1b\n|-supereffective|p1b: Abach Hot Sexy\n|-damage|p2a: akky|0 fnt\n|-damage|p1a: Grimace Dog|80\/100\n|-damage|p1b: Abach Hot Sexy|6\/100\n|faint|p2a: akky\n|\n|-weather|Snow|[upkeep]\n|upkeep\n|\n|t:|1695780477\n|switch|p2a: gag|Gigalith, F|100\/100\n|turn|2\n|\n|t:|1695780498\n|switch|p1a: Convicted Felon|Tapu Koko, shiny|100\/100\n|-fieldstart|move: Electric Terrain|[from] ability: Electric Surge|[of] p1a: Convicted Felon\n|move|p1b: Abach Hot Sexy|Protect|p1b: Abach Hot Sexy\n|-singleturn|p1b: Abach Hot Sexy|Protect\n|move|p2b: lank|Hammer Arm|p1a: Convicted Felon\n|-resisted|p1a: Convicted Felon\n|-damage|p1a: Convicted Felon|88\/100\n|-unboost|p2b: lank|spe|1\n|move|p2a: gag|Toxic|p1a: Convicted Felon\n|-status|p1a: Convicted Felon|tox\n|\n|-weather|Snow|[upkeep]\n|-damage|p1a: Convicted Felon|82\/100 tox|[from] psn\n|upkeep\n|turn|3\n|\n|t:|1695780541\n|move|p1b: Abach Hot Sexy|Focus Blast|p2a: gag\n|-supereffective|p2a: gag\n|-damage|p2a: gag|28\/100\n|-damage|p1b: Abach Hot Sexy|0 fnt|[from] item: Life Orb\n|faint|p1b: Abach Hot Sexy\n|move|p1a: Convicted Felon|Hidden Power|p2b: lank\n|-supereffective|p2b: lank\n|-damage|p2b: lank|14\/100\n|move|p2b: lank|Hammer Arm|p1a: Convicted Felon\n|-resisted|p1a: Convicted Felon\n|-damage|p1a: Convicted Felon|68\/100 tox\n|-unboost|p2b: lank|spe|1\n|move|p2a: gag|Stealth Rock|p1a: Convicted Felon\n|-sidestart|p1: lethalpilot|move: Stealth Rock\n|\n|-weather|Snow|[upkeep]\n|-damage|p1a: Convicted Felon|56\/100 tox|[from] psn\n|upkeep\n|\n|t:|1695780557\n|switch|p1b: WAAAAAAAAAAAAAAAAA|Iron Jugulis|100\/100\n|-damage|p1b: WAAAAAAAAAAAAAAAAA|76\/100|[from] Stealth Rock\n|-activate|p1b: WAAAAAAAAAAAAAAAAA|ability: Quark Drive\n|-start|p1b: WAAAAAAAAAAAAAAAAA|quarkdrivespe\n|turn|4\n|\n|t:|1695780590\n|move|p1b: WAAAAAAAAAAAAAAAAA|Protect|p1b: WAAAAAAAAAAAAAAAAA\n|-singleturn|p1b: WAAAAAAAAAAAAAAAAA|Protect\n|move|p1a: Convicted Felon|Hidden Power|p2b: lank\n|-supereffective|p2b: lank\n|-damage|p2b: lank|0 fnt\n|faint|p2b: lank\n|move|p2a: gag|Toxic|p1b: WAAAAAAAAAAAAAAAAA\n|-activate|p1b: WAAAAAAAAAAAAAAAAA|move: Protect\n|\n|-weather|Snow|[upkeep]\n|-damage|p1a: Convicted Felon|38\/100 tox|[from] psn\n|upkeep\n|\n|t:|1695780601\n|switch|p2b: sagamans|Salamence, M|100\/100\n|turn|5\n|c|\u2606NautilusReign|pp poopoo\n|\n|t:|1695780637\n|move|p1b: WAAAAAAAAAAAAAAAAA|Dark Pulse|p2b: sagamans\n|-damage|p2b: sagamans|48\/100\n|move|p2b: sagamans|Dual Wingbeat|p1b: WAAAAAAAAAAAAAAAAA\n|-damage|p1b: WAAAAAAAAAAAAAAAAA|58\/100\n|-damage|p1b: WAAAAAAAAAAAAAAAAA|42\/100\n|-hitcount|p1b: WAAAAAAAAAAAAAAAAA|2\n|move|p1a: Convicted Felon|Hidden Power|p2b: sagamans\n|-supereffective|p2b: sagamans\n|-damage|p2b: sagamans|0 fnt\n|faint|p2b: sagamans\n|move|p2a: gag|Toxic|p1b: WAAAAAAAAAAAAAAAAA\n|-status|p1b: WAAAAAAAAAAAAAAAAA|tox\n|\n|-weather|none\n|-damage|p1b: WAAAAAAAAAAAAAAAAA|36\/100 tox|[from] psn\n|-damage|p1a: Convicted Felon|14\/100 tox|[from] psn\n|upkeep\n|\n|t:|1695780651\n|switch|p2b: cheepo|Chien-Pao|100\/100\n|-ability|p2b: cheepo|Sword of Ruin\n|turn|6\n|\n|t:|1695780680\n|move|p1b: WAAAAAAAAAAAAAAAAA|Flamethrower|p2b: cheepo\n|-supereffective|p2b: cheepo\n|-damage|p2b: cheepo|11\/100\n|-status|p2b: cheepo|brn\n|move|p2b: cheepo|Crunch|p1b: WAAAAAAAAAAAAAAAAA\n|-resisted|p1b: WAAAAAAAAAAAAAAAAA\n|-damage|p1b: WAAAAAAAAAAAAAAAAA|25\/100 tox\n|move|p1a: Convicted Felon|Dazzling Gleam|p2b: cheepo|[spread] p2a,p2b\n|-supereffective|p2b: cheepo\n|-damage|p2a: gag|7\/100\n|-damage|p2b: cheepo|0 fnt\n|faint|p2b: cheepo\n|move|p2a: gag|Rock Slide|p1b: WAAAAAAAAAAAAAAAAA|[spread] p1a,p1b\n|-supereffective|p1b: WAAAAAAAAAAAAAAAAA\n|-damage|p1a: Convicted Felon|0 fnt\n|-damage|p1b: WAAAAAAAAAAAAAAAAA|0 fnt\n|faint|p1a: Convicted Felon\n|faint|p1b: WAAAAAAAAAAAAAAAAA\n|-end|p1b: WAAAAAAAAAAAAAAAAA|Quark Drive|[silent]\n|\n|upkeep\n|\n|t:|1695780698\n|switch|p2b: snorp|Snorlax, F|100\/100\n|switch|p1b: Grimace Penguin|Eiscue, M, shiny|100\/100\n|switch|p1a: Wuba Wuba|Eelektross, M, shiny|100\/100\n|-damage|p1b: Grimace Penguin|76\/100|[from] Stealth Rock\n|-damage|p1a: Wuba Wuba|88\/100|[from] Stealth Rock\n|-enditem|p1a: Wuba Wuba|Electric Seed\n|-boost|p1a: Wuba Wuba|def|1|[from] item: Electric Seed\n|turn|7\n|\n|t:|1695780720\n|move|p1b: Grimace Penguin|Belly Drum|p1b: Grimace Penguin\n|-damage|p1b: Grimace Penguin|26\/100\n|-setboost|p1b: Grimace Penguin|atk|6|[from] move: Belly Drum\n|-enditem|p1b: Grimace Penguin|Sitrus Berry|[eat]\n|-heal|p1b: Grimace Penguin|50\/100|[from] item: Sitrus Berry\n|move|p1a: Wuba Wuba|Coil|p1a: Wuba Wuba\n|-boost|p1a: Wuba Wuba|atk|1\n|-boost|p1a: Wuba Wuba|def|1\n|-boost|p1a: Wuba Wuba|accuracy|1\n|move|p2a: gag|Toxic|p1a: Wuba Wuba\n|-status|p1a: Wuba Wuba|tox\n|move|p2b: snorp|Counter||[still]\n|-fail|p2b: snorp\n|\n|-damage|p1a: Wuba Wuba|82\/100 tox|[from] psn\n|upkeep\n|turn|8\n|\n|t:|1695780743\n|move|p1b: Grimace Penguin|Liquidation|p2a: gag\n|-supereffective|p2a: gag\n|-crit|p2a: gag\n|-damage|p2a: gag|0 fnt\n|faint|p2a: gag\n|move|p1a: Wuba Wuba|Body Press|p2b: snorp\n|-supereffective|p2b: snorp\n|-crit|p2b: snorp\n|-damage|p2b: snorp|0 fnt\n|faint|p2b: snorp\n|\n|win|lethalpilot\n|l| CluelessGamer18\n","uploadtime":1695780788,"views":10,"p1id":"lethalpilot","p2id":"nautilusreign","formatid":"gen9nationaldexdoubles","rating":0,"private":0,"password":""}