{"id":"gen9nationaldexdoubles-1956309032","p1":"Bram Goosse","p2":"Melltann","format":"[Gen 9] National Dex Doubles","log":"|j|\u2606Bram Goosse\n|j|\u2606Melltann\n|t:|1696095323\n|gametype|doubles\n|player|p1|Bram Goosse|alain|1142\n|player|p2|Melltann|serena-masters3|1054\n|teamsize|p1|6\n|teamsize|p2|6\n|gen|9\n|tier|[Gen 9] National Dex Doubles\n|rated|\n|rule|HP Percentage Mod: HP is shown in percentages\n|rule|Endless Battle Clause: Forcing endless battles is banned\n|rule|OHKO Clause: OHKO moves are banned\n|rule|Evasion Moves Clause: Evasion moves are banned\n|rule|Evasion Abilities Clause: Evasion abilities are banned\n|rule|Species Clause: Limit one of each Pok\u00e9mon\n|rule|Gravity Sleep Clause: The combination of sleep-inducing moves with imperfect accuracy and Gravity or Gigantamax Orbeetle are banned\n|clearpoke\n|poke|p1|Charizard, M|\n|poke|p1|Inteleon, F|\n|poke|p1|Jirachi|\n|poke|p1|Diancie|\n|poke|p1|Ceruledge, M|\n|poke|p1|Munkidori, M|\n|poke|p2|Torkoal, F|\n|poke|p2|Leafeon, M|\n|poke|p2|Venusaur, M|\n|poke|p2|Flutter Mane|\n|poke|p2|Lilligant-Hisui, F|\n|poke|p2|Great Tusk|\n|teampreview\n|inactive|Battle timer is ON: inactive players will automatically lose when time's up. (requested by Bram Goosse)\n|\n|t:|1696095330\n|start\n|switch|p1a: Charizard|Charizard, M|100\/100\n|switch|p1b: Inteleon|Inteleon, F|100\/100\n|switch|p2a: Torkoal|Torkoal, F|100\/100\n|switch|p2b: Leafeon|Leafeon, M|100\/100\n|-weather|SunnyDay|[from] ability: Drought|[of] p2a: Torkoal\n|turn|1\n|\n|t:|1696095340\n|detailschange|p1a: Charizard|Charizard-Mega-Y, M\n|-mega|p1a: Charizard|Charizard|Charizardite Y\n|move|p2b: Leafeon|Protect|p2b: Leafeon\n|-singleturn|p2b: Leafeon|Protect\n|move|p1b: Inteleon|Water Pledge|p2b: Leafeon\n|-waiting|p1b: Inteleon|p1a: Charizard\n|move|p1a: Charizard|Fire Pledge|p2b: Leafeon|[from]move: Water Pledge\n|-activate|p2b: Leafeon|move: Protect\n|move|p2a: Torkoal|Shell Smash|p2a: Torkoal\n|-unboost|p2a: Torkoal|def|1\n|-unboost|p2a: Torkoal|spd|1\n|-boost|p2a: Torkoal|atk|2\n|-boost|p2a: Torkoal|spa|2\n|-boost|p2a: Torkoal|spe|2\n|\n|-weather|SunnyDay|[upkeep]\n|upkeep\n|turn|2\n|c|\u2606Melltann|no rainbow\n|\n|t:|1696095362\n|switch|p2a: Venusaur|Venusaur, M|100\/100\n|move|p2b: Leafeon|Copycat|p2b: Leafeon\n|move|p2b: Leafeon|Shell Smash|p2b: Leafeon|[from]move: Copycat\n|-unboost|p2b: Leafeon|def|1\n|-unboost|p2b: Leafeon|spd|1\n|-boost|p2b: Leafeon|atk|2\n|-boost|p2b: Leafeon|spa|2\n|-boost|p2b: Leafeon|spe|2\n|-enditem|p2b: Leafeon|White Herb\n|-clearnegativeboost|p2b: Leafeon|[silent]\n|move|p1b: Inteleon|Water Pledge|p2b: Leafeon\n|-waiting|p1b: Inteleon|p1a: Charizard\n|move|p1a: Charizard|Fire Pledge|p2b: Leafeon|[from]move: Water Pledge\n|-combine\n|-resisted|p2b: Leafeon\n|-crit|p2b: Leafeon\n|-damage|p2b: Leafeon|43\/100\n|-sidestart|p1: Bram Goosse|Water Pledge\n|\n|-weather|SunnyDay|[upkeep]\n|upkeep\n|turn|3\n|\n|t:|1696095385\n|switch|p1b: Diancie|Diancie|100\/100\n|switch|p1a: Jirachi|Jirachi|100\/100\n|move|p2b: Leafeon|Baton Pass|p2b: Leafeon\n|\n|t:|1696095392\n|switch|p2b: Flutter Mane|Flutter Mane|100\/100|[from] Baton Pass\n|-activate|p2b: Flutter Mane|ability: Protosynthesis\n|-start|p2b: Flutter Mane|protosynthesisspe\n|move|p2a: Venusaur|Growth|p2a: Venusaur\n|-boost|p2a: Venusaur|atk|2\n|-boost|p2a: Venusaur|spa|2\n|\n|-weather|SunnyDay|[upkeep]\n|upkeep\n|turn|4\n|\n|t:|1696095403\n|move|p2b: Flutter Mane|Shadow Ball|p1a: Jirachi\n|-supereffective|p1a: Jirachi\n|-damage|p1a: Jirachi|0 fnt\n|faint|p1a: Jirachi\n|move|p2a: Venusaur|Giga Drain|p1b: Diancie\n|-supereffective|p1b: Diancie\n|-enditem|p1b: Diancie|Focus Sash\n|-damage|p1b: Diancie|1\/100\n|-damage|p2a: Venusaur|91\/100|[from] item: Life Orb\n|move|p1b: Diancie|Diamond Storm|p2a: Venusaur|[spread] p2a,p2b\n|-damage|p2a: Venusaur|43\/100\n|-damage|p2b: Flutter Mane|29\/100\n|-boost|p1b: Diancie|def|2\n|\n|-weather|SunnyDay|[upkeep]\n|upkeep\n|\n|t:|1696095416\n|switch|p1a: Ceruledge|Ceruledge, M|100\/100\n|turn|5\n|\n|t:|1696095436\n|-terastallize|p1a: Ceruledge|Fighting\n|move|p2b: Flutter Mane|Stored Power|p1a: Ceruledge\n|-supereffective|p1a: Ceruledge\n|-damage|p1a: Ceruledge|0 fnt\n|faint|p1a: Ceruledge\n|move|p2a: Venusaur|Earth Power|p1b: Diancie\n|-supereffective|p1b: Diancie\n|-damage|p1b: Diancie|0 fnt\n|faint|p1b: Diancie\n|-damage|p2a: Venusaur|33\/100|[from] item: Life Orb\n|\n|-weather|SunnyDay|[upkeep]\n|-sideend|p1: Bram Goosse|Water Pledge\n|upkeep\n|inactive|Bram Goosse has 120 seconds left.\n|\n|t:|1696095470\n|switch|p1a: Charizard|Charizard-Mega-Y, M|100\/100\n|switch|p1b: Inteleon|Inteleon, F|100\/100\n|turn|6\n|\n|t:|1696095482\n|move|p2b: Flutter Mane|Stored Power|p1a: Charizard\n|-damage|p1a: Charizard|0 fnt\n|faint|p1a: Charizard\n|move|p2a: Venusaur|Sludge Bomb|p1b: Inteleon\n|-damage|p1b: Inteleon|0 fnt\n|faint|p1b: Inteleon\n|-damage|p2a: Venusaur|23\/100|[from] item: Life Orb\n|\n|-weather|SunnyDay|[upkeep]\n|upkeep\n|\n|t:|1696095486\n|switch|p1b: Munkidori|Munkidori, M|100\/100\n|-item|p1b: Munkidori|Air Balloon\n|turn|7\n|\n|t:|1696095504\n|move|p2b: Flutter Mane|Stored Power|p1b: Munkidori\n|-damage|p1b: Munkidori|0 fnt\n|-enditem|p1b: Munkidori|Air Balloon\n|faint|p1b: Munkidori\n|\n|win|Melltann\n|raw|Bram Goosse's rating: 1142 &rarr; <strong>1111<\/strong><br \/>(-31 for losing)\n|raw|Melltann's rating: 1054 &rarr; <strong>1094<\/strong><br \/>(+40 for winning)\n|l|\u2606Bram Goosse\n|c|\u2606Melltann|gg\n","uploadtime":1696095517,"views":10,"p1id":"bramgoosse","p2id":"melltann","formatid":"gen9nationaldexdoubles","rating":1094,"private":0,"password":""}