{"id":"gen9nationaldexdoubles-1968585941","p1":"Rikard & Frida","p2":"Timmy_Shakeel","format":"[Gen 9] National Dex Doubles","log":"|j|\u2606Rikard & Frida\n|j|\u2606Timmy_Shakeel\n|t:|1697437877\n|gametype|doubles\n|player|p1|Rikard & Frida|youngcouple-gen4dp|1232\n|player|p2|Timmy_Shakeel|steven|1086\n|teamsize|p1|6\n|teamsize|p2|6\n|gen|9\n|tier|[Gen 9] National Dex Doubles\n|rated|\n|rule|HP Percentage Mod: HP is shown in percentages\n|rule|Endless Battle Clause: Forcing endless battles is banned\n|rule|OHKO Clause: OHKO moves are banned\n|rule|Evasion Moves Clause: Evasion moves are banned\n|rule|Evasion Abilities Clause: Evasion abilities are banned\n|rule|Species Clause: Limit one of each Pok\u00e9mon\n|rule|Gravity Sleep Clause: The combination of sleep-inducing moves with imperfect accuracy and Gravity or Gigantamax Orbeetle are banned\n|clearpoke\n|poke|p1|Electivire, M|\n|poke|p1|Porygon-Z|\n|poke|p1|Sceptile, M|\n|poke|p1|Infernape, M|\n|poke|p1|Greninja-*, M|\n|poke|p1|Salamence, M|\n|poke|p2|Raichu-Alola, M|\n|poke|p2|Ceruledge, M|\n|poke|p2|Blastoise, F|\n|poke|p2|Dragapult, F|\n|poke|p2|Landorus-Therian, M|\n|poke|p2|Palafin, M|\n|teampreview\n|inactive|Battle timer is ON: inactive players will automatically lose when time's up. (requested by Rikard & Frida)\n|inactive|Timmy_Shakeel also wants the timer to be on.\n|\n|t:|1697437885\n|start\n|switch|p1a: Infernape|Infernape, M|100\/100\n|switch|p1b: Salamence|Salamence, M|100\/100\n|switch|p2a: Thank|Landorus-Therian, M|100\/100\n|switch|p2b: Yuon|Palafin, M|100\/100\n|-ability|p2a: Thank|Intimidate|boost\n|-unboost|p1a: Infernape|atk|1\n|-unboost|p1b: Salamence|atk|1\n|-ability|p1b: Salamence|Intimidate|boost\n|-unboost|p2a: Thank|atk|1\n|-unboost|p2b: Yuon|atk|1\n|turn|1\n|\n|t:|1697437894\n|detailschange|p1b: Salamence|Salamence-Mega, M\n|-mega|p1b: Salamence|Salamence|Salamencite\n|move|p1a: Infernape|Fake Out|p2b: Yuon\n|-damage|p2b: Yuon|86\/100\n|-damage|p1a: Infernape|91\/100|[from] item: Life Orb\n|move|p1b: Salamence|Dragon Dance|p1b: Salamence\n|-boost|p1b: Salamence|atk|1\n|-boost|p1b: Salamence|spe|1\n|cant|p2b: Yuon|flinch\n|move|p2a: Thank|Stealth Rock|p1a: Infernape\n|-sidestart|p1: Rikard & Frida|move: Stealth Rock\n|\n|upkeep\n|turn|2\n|\n|t:|1697437910\n|move|p1b: Salamence|Double-Edge|p2b: Yuon\n|-damage|p2b: Yuon|0 fnt\n|faint|p2b: Yuon\n|-damage|p1b: Salamence|72\/100|[from] Recoil\n|move|p1a: Infernape|Flare Blitz|p2a: Thank\n|-damage|p2a: Thank|39\/100\n|-status|p2a: Thank|brn\n|-damage|p1a: Infernape|69\/100|[from] Recoil\n|-damage|p1a: Infernape|59\/100|[from] item: Life Orb\n|move|p2a: Thank|Earth Power|p1a: Infernape\n|-supereffective|p1a: Infernape\n|-damage|p1a: Infernape|0 fnt\n|faint|p1a: Infernape\n|\n|-heal|p2a: Thank|45\/100 brn|[from] item: Leftovers\n|-damage|p2a: Thank|39\/100 brn|[from] brn\n|upkeep\n|\n|t:|1697437930\n|switch|p2b: Cannon|Blastoise, F|100\/100\n|switch|p1a: Porygon-Z|Porygon-Z|100\/100\n|-damage|p1a: Porygon-Z|88\/100|[from] Stealth Rock\n|turn|3\n|\n|t:|1697437940\n|detailschange|p2b: Cannon|Blastoise-Mega, F\n|-mega|p2b: Cannon|Blastoise|Blastoisinite\n|move|p1b: Salamence|Double-Edge|p2b: Cannon\n|-damage|p2b: Cannon|30\/100\n|-damage|p1b: Salamence|46\/100|[from] Recoil\n|move|p2a: Thank|Focus Blast|p1a: Porygon-Z|[miss]\n|-miss|p2a: Thank|p1a: Porygon-Z\n|-zpower|p1a: Porygon-Z\n|move|p1a: Porygon-Z|Z-Conversion||[anim]Conversion|[still]\n|-boost|p1a: Porygon-Z|atk|1|[zeffect]\n|-boost|p1a: Porygon-Z|def|1|[zeffect]\n|-boost|p1a: Porygon-Z|spa|1|[zeffect]\n|-boost|p1a: Porygon-Z|spd|1|[zeffect]\n|-boost|p1a: Porygon-Z|spe|1|[zeffect]\n|-fail|p1a: Porygon-Z\n|move|p2b: Cannon|Ice Beam|p1b: Salamence\n|-supereffective|p1b: Salamence\n|-damage|p1b: Salamence|0 fnt\n|faint|p1b: Salamence\n|\n|-heal|p2a: Thank|45\/100 brn|[from] item: Leftovers\n|-damage|p2a: Thank|39\/100 brn|[from] brn\n|upkeep\n|\n|t:|1697437953\n|switch|p1b: Greninja|Greninja, M|100\/100\n|-damage|p1b: Greninja|88\/100|[from] Stealth Rock\n|turn|4\n|\n|t:|1697437970\n|move|p1b: Greninja|Water Shuriken|p2a: Thank\n|-supereffective|p2a: Thank\n|-damage|p2a: Thank|21\/100 brn\n|-supereffective|p2a: Thank\n|-damage|p2a: Thank|1\/100 brn\n|-supereffective|p2a: Thank\n|-damage|p2a: Thank|0 fnt\n|faint|p2a: Thank\n|-ability|p1b: Greninja|Battle Bond|boost\n|-boost|p1b: Greninja|atk|1\n|-boost|p1b: Greninja|spa|1\n|-boost|p1b: Greninja|spe|1\n|-activate|p1b: Greninja|ability: Battle Bond\n|-hitcount|p2: Thank|3\n|move|p1a: Porygon-Z|Tri Attack|p2b: Cannon\n|-damage|p2b: Cannon|0 fnt\n|faint|p2b: Cannon\n|\n|upkeep\n|\n|t:|1697437977\n|switch|p2a: Surg|Raichu-Alola, M|100\/100\n|switch|p2b: Baby launcher|Dragapult, F|100\/100\n|turn|5\n|\n|t:|1697437996\n|move|p1b: Greninja|Dark Pulse|p2b: Baby launcher\n|-supereffective|p2b: Baby launcher\n|-damage|p2b: Baby launcher|0 fnt\n|faint|p2b: Baby launcher\n|move|p1a: Porygon-Z|Shadow Ball|p2a: Surg\n|-supereffective|p2a: Surg\n|-damage|p2a: Surg|0 fnt\n|faint|p2a: Surg\n|\n|upkeep\n|\n|t:|1697438004\n|switch|p2b: Mark|Ceruledge, M|100\/100\n|turn|6\n|\n|t:|1697438012\n|-terastallize|p1b: Greninja|Water\n|-terastallize|p2b: Mark|Fire\n|move|p1b: Greninja|Water Shuriken|p2b: Mark\n|-supereffective|p2b: Mark\n|-damage|p2b: Mark|66\/100\n|-supereffective|p2b: Mark\n|-damage|p2b: Mark|33\/100\n|-supereffective|p2b: Mark\n|-damage|p2b: Mark|2\/100\n|-supereffective|p2b: Mark\n|-damage|p2b: Mark|0 fnt\n|faint|p2b: Mark\n|-hitcount|p2: Mark|4\n|\n|win|Rikard & Frida\n|raw|Rikard &amp; Frida's rating: 1232 &rarr; <strong>1247<\/strong><br \/>(+15 for winning)\n|raw|Timmy_Shakeel's rating: 1086 &rarr; <strong>1072<\/strong><br \/>(-14 for losing)\n|l|\u2606Timmy_Shakeel\n","uploadtime":1697438023,"views":8,"p1id":"rikardfrida","p2id":"timmyshakeel","formatid":"gen9nationaldexdoubles","rating":1072,"private":0,"password":""}