{"id":"gen9nationaldexdoubles-1948587262","p1":"Izyawastaken","p2":"AerixThorn","format":"[Gen 9] National Dex Doubles","log":"|j|\u2606Izyawastaken\n|j|\u2606AerixThorn\n|t:|1695278392\n|gametype|doubles\n|player|p1|Izyawastaken|101|1047\n|player|p2|AerixThorn|riley|1150\n|teamsize|p1|6\n|teamsize|p2|6\n|gen|9\n|tier|[Gen 9] National Dex Doubles\n|rated|\n|rule|HP Percentage Mod: HP is shown in percentages\n|rule|Endless Battle Clause: Forcing endless battles is banned\n|rule|OHKO Clause: OHKO moves are banned\n|rule|Evasion Moves Clause: Evasion moves are banned\n|rule|Evasion Abilities Clause: Evasion abilities are banned\n|rule|Species Clause: Limit one of each Pok\u00e9mon\n|rule|Gravity Sleep Clause: The combination of sleep-inducing moves with imperfect accuracy and Gravity or Gigantamax Orbeetle are banned\n|clearpoke\n|poke|p1|Empoleon, M|\n|poke|p1|Ursaluna, M|\n|poke|p1|Charizard, M|\n|poke|p1|Ting-Lu|\n|poke|p1|Kingambit, F|\n|poke|p1|Cresselia, F|\n|poke|p2|Maushold|\n|poke|p2|Kommo-o, F|\n|poke|p2|Grimmsnarl, M|\n|poke|p2|Klefki, M|\n|poke|p2|Amoonguss, F|\n|poke|p2|Veluza, F|\n|teampreview\n|inactive|Battle timer is ON: inactive players will automatically lose when time's up. (requested by AerixThorn)\n|\n|t:|1695278399\n|start\n|switch|p1a: Cresselia|Cresselia, F|100\/100\n|switch|p1b: Charizard|Charizard, M|100\/100\n|switch|p2a: Maushold|Maushold|100\/100\n|switch|p2b: Kommo-o|Kommo-o, F|100\/100\n|turn|1\n|\n|t:|1695278419\n|detailschange|p1b: Charizard|Charizard-Mega-Y, M\n|-mega|p1b: Charizard|Charizard|Charizardite Y\n|-weather|SunnyDay|[from] ability: Drought|[of] p1b: Charizard\n|move|p1a: Cresselia|Helping Hand|p1b: Charizard\n|-singleturn|p1b: Charizard|Helping Hand|[of] p1a: Cresselia\n|move|p2a: Maushold|Population Bomb|p1a: Cresselia\n|-damage|p1a: Cresselia|92\/100\n|-damage|p1a: Cresselia|84\/100\n|-damage|p1a: Cresselia|76\/100\n|-damage|p1a: Cresselia|68\/100\n|-damage|p1a: Cresselia|59\/100\n|-damage|p1a: Cresselia|52\/100\n|-damage|p1a: Cresselia|43\/100\n|-damage|p1a: Cresselia|35\/100\n|-damage|p1a: Cresselia|28\/100\n|-damage|p1a: Cresselia|20\/100\n|-hitcount|p1a: Cresselia|10\n|move|p1b: Charizard|Dragon Rush|p2b: Kommo-o\n|-supereffective|p2b: Kommo-o\n|-damage|p2b: Kommo-o|37\/100\n|move|p2b: Kommo-o|Clangorous Soul|p2b: Kommo-o\n|-boost|p2b: Kommo-o|atk|1\n|-boost|p2b: Kommo-o|def|1\n|-boost|p2b: Kommo-o|spa|1\n|-boost|p2b: Kommo-o|spd|1\n|-boost|p2b: Kommo-o|spe|1\n|-damage|p2b: Kommo-o|4\/100\n|\n|-weather|SunnyDay|[upkeep]\n|-heal|p2b: Kommo-o|10\/100|[from] item: Leftovers\n|-heal|p1a: Cresselia|26\/100|[from] item: Leftovers\n|upkeep\n|turn|2\n|c|\u2606Izyawastaken|goddamn\n|inactive|Izyawastaken has 120 seconds left.\n|inactive|AerixThorn has 120 seconds left.\n|\n|t:|1695278463\n|move|p1a: Cresselia|Protect|p1a: Cresselia\n|-singleturn|p1a: Cresselia|Protect\n|move|p2b: Kommo-o|Breaking Swipe|p1b: Charizard|[spread] p1b\n|-activate|p1a: Cresselia|move: Protect\n|-damage|p1b: Charizard|53\/100\n|-unboost|p1b: Charizard|atk|1\n|move|p2a: Maushold|Population Bomb|p1b: Charizard\n|-damage|p1b: Charizard|36\/100\n|-damage|p1b: Charizard|17\/100\n|-damage|p1b: Charizard|0 fnt\n|faint|p1b: Charizard\n|-hitcount|p1: Charizard|3\n|\n|-weather|SunnyDay|[upkeep]\n|-heal|p2b: Kommo-o|17\/100|[from] item: Leftovers\n|-heal|p1a: Cresselia|32\/100|[from] item: Leftovers\n|upkeep\n|\n|t:|1695278473\n|switch|p1b: Ting-Lu|Ting-Lu|100\/100\n|-ability|p1b: Ting-Lu|Vessel of Ruin\n|turn|3\n|inactive|AerixThorn has 120 seconds left.\n|\n|t:|1695278501\n|move|p2b: Kommo-o|Drain Punch|p1b: Ting-Lu\n|-supereffective|p1b: Ting-Lu\n|-damage|p1b: Ting-Lu|42\/100\n|-heal|p2b: Kommo-o|68\/100|[from] drain|[of] p1b: Ting-Lu\n|move|p2a: Maushold|Population Bomb|p1a: Cresselia\n|-damage|p1a: Cresselia|25\/100\n|-damage|p1a: Cresselia|16\/100\n|-damage|p1a: Cresselia|9\/100\n|-damage|p1a: Cresselia|1\/100\n|-damage|p1a: Cresselia|0 fnt\n|faint|p1a: Cresselia\n|-hitcount|p1: Cresselia|5\n|move|p1b: Ting-Lu|Stone Edge|p2b: Kommo-o\n|-resisted|p2b: Kommo-o\n|-damage|p2b: Kommo-o|60\/100\n|\n|-weather|SunnyDay|[upkeep]\n|-heal|p2b: Kommo-o|66\/100|[from] item: Leftovers\n|upkeep\n|\n|t:|1695278509\n|switch|p1a: BIG CHONGUS|Empoleon, M|100\/100\n|turn|4\n|\n|t:|1695278527\n|-terastallize|p1a: BIG CHONGUS|Water\n|move|p2b: Kommo-o|Drain Punch|p1a: BIG CHONGUS\n|-damage|p1a: BIG CHONGUS|51\/100\n|-heal|p2b: Kommo-o|98\/100|[from] drain|[of] p1a: BIG CHONGUS\n|move|p2a: Maushold|Population Bomb|p1b: Ting-Lu\n|-damage|p1b: Ting-Lu|36\/100\n|-damage|p1b: Ting-Lu|29\/100\n|-damage|p1b: Ting-Lu|23\/100\n|-enditem|p1b: Ting-Lu|Aguav Berry|[eat]\n|-heal|p1b: Ting-Lu|56\/100|[from] item: Aguav Berry\n|-damage|p1b: Ting-Lu|50\/100\n|-damage|p1b: Ting-Lu|43\/100\n|-damage|p1b: Ting-Lu|38\/100\n|-damage|p1b: Ting-Lu|32\/100\n|-damage|p1b: Ting-Lu|26\/100\n|-damage|p1b: Ting-Lu|20\/100\n|-damage|p1b: Ting-Lu|15\/100\n|-hitcount|p1b: Ting-Lu|10\n|move|p1a: BIG CHONGUS|Wave Crash|p2b: Kommo-o\n|-resisted|p2b: Kommo-o\n|-damage|p2b: Kommo-o|84\/100\n|-damage|p1a: BIG CHONGUS|48\/100|[from] Recoil\n|-damage|p1a: BIG CHONGUS|38\/100|[from] item: Life Orb\n|move|p1b: Ting-Lu|Ruination|p2a: Maushold\n|-damage|p2a: Maushold|51\/100\n|\n|-weather|SunnyDay|[upkeep]\n|-heal|p2b: Kommo-o|90\/100|[from] item: Leftovers\n|upkeep\n|turn|5\n|inactive|AerixThorn has 120 seconds left.\n|\n|t:|1695278565\n|move|p2b: Kommo-o|Drain Punch|p1a: BIG CHONGUS\n|-damage|p1a: BIG CHONGUS|0 fnt\n|-heal|p2b: Kommo-o|100\/100|[from] drain|[of] p1a: BIG CHONGUS\n|faint|p1a: BIG CHONGUS\n|move|p2a: Maushold|Tidy Up|p2a: Maushold\n|-boost|p2a: Maushold|atk|1\n|-boost|p2a: Maushold|spe|1\n|move|p1b: Ting-Lu|Rest|p1b: Ting-Lu\n|-status|p1b: Ting-Lu|slp|[from] move: Rest\n|-heal|p1b: Ting-Lu|100\/100 slp|[silent]\n|\n|-weather|none\n|upkeep\n|\n|t:|1695278577\n|switch|p1a: BIG BOI|Ursaluna, M, shiny|100\/100\n|turn|6\n|\n|t:|1695278583\n|move|p2a: Maushold|Population Bomb|p1a: BIG BOI\n|-damage|p1a: BIG BOI|89\/100\n|-crit|p1a: BIG BOI\n|-damage|p1a: BIG BOI|69\/100\n|-damage|p1a: BIG BOI|58\/100\n|-damage|p1a: BIG BOI|45\/100\n|-damage|p1a: BIG BOI|32\/100\n|-damage|p1a: BIG BOI|20\/100\n|-damage|p1a: BIG BOI|8\/100\n|-damage|p1a: BIG BOI|0 fnt\n|faint|p1a: BIG BOI\n|-hitcount|p1: BIG BOI|8\n|move|p2b: Kommo-o|Drain Punch|p1b: Ting-Lu\n|-supereffective|p1b: Ting-Lu\n|-damage|p1b: Ting-Lu|42\/100 slp\n|cant|p1b: Ting-Lu|slp\n|\n|upkeep\n|\n|t:|1695278585\n|switch|p1a: Kingambit|Kingambit, F|100\/100\n|-activate|p1a: Kingambit|ability: Supreme Overlord\n|-start|p1a: Kingambit|fallen4|[silent]\n|turn|7\n|\n|t:|1695278613\n|move|p2a: Maushold|Population Bomb|p1b: Ting-Lu\n|-damage|p1b: Ting-Lu|33\/100 slp\n|-damage|p1b: Ting-Lu|23\/100 slp\n|-damage|p1b: Ting-Lu|15\/100 slp\n|-damage|p1b: Ting-Lu|6\/100 slp\n|-damage|p1b: Ting-Lu|0 fnt\n|faint|p1b: Ting-Lu\n|-hitcount|p1: Ting-Lu|5\n|move|p2b: Kommo-o|Drain Punch|p1a: Kingambit\n|-supereffective|p1a: Kingambit\n|-damage|p1a: Kingambit|0 fnt\n|faint|p1a: Kingambit\n|-end|p1a: Kingambit|fallen4|[silent]\n|\n|win|AerixThorn\n|raw|Izyawastaken's rating: 1047 &rarr; <strong>1035<\/strong><br \/>(-12 for losing)\n|raw|AerixThorn's rating: 1150 &rarr; <strong>1168<\/strong><br \/>(+18 for winning)\n|l|\u2606Izyawastaken\n","uploadtime":1695278637,"views":13,"p1id":"izyawastaken","p2id":"aerixthorn","formatid":"gen9nationaldexdoubles","rating":1035,"private":0,"password":""}