{"id":"gen9nationaldexdoubles-1950645824","p1":"XMarcosPr710","p2":"SakiiTenma","format":"[Gen 9] National Dex Doubles","log":"|j|\u2606XMarcosPr710\n|j|\u2606SakiiTenma\n|t:|1695492832\n|gametype|doubles\n|player|p1|XMarcosPr710|benga|\n|player|p2|SakiiTenma|yellow|\n|teamsize|p1|6\n|teamsize|p2|6\n|gen|9\n|tier|[Gen 9] National Dex Doubles\n|rule|HP Percentage Mod: HP is shown in percentages\n|rule|Endless Battle Clause: Forcing endless battles is banned\n|rule|OHKO Clause: OHKO moves are banned\n|rule|Evasion Moves Clause: Evasion moves are banned\n|rule|Evasion Abilities Clause: Evasion abilities are banned\n|rule|Species Clause: Limit one of each Pok\u00e9mon\n|rule|Gravity Sleep Clause: The combination of sleep-inducing moves with imperfect accuracy and Gravity or Gigantamax Orbeetle are banned\n|clearpoke\n|poke|p1|Chien-Pao|\n|poke|p1|Meowscarada, F|\n|poke|p1|Grimmsnarl, M|\n|poke|p1|Moltres-Galar|\n|poke|p1|Darkrai|\n|poke|p1|Hydreigon, M|\n|poke|p2|Indeedee-F, F|\n|poke|p2|Kangaskhan, F|\n|poke|p2|Zoroark-Hisui, F|\n|poke|p2|Porygon2|\n|poke|p2|Staraptor, M|\n|poke|p2|Ursaluna-Bloodmoon, M|\n|teampreview\n|j| El_Gran_Wigglytuff\n|c| El_Gran_Wigglytuff|No, no me lo creo\n|j| Leviatan4\n|\n|t:|1695492871\n|start\n|switch|p1a: Grimmsnarl|Grimmsnarl, M|100\/100\n|switch|p1b: Darkrai|Darkrai|100\/100\n|switch|p2a: Staraptor|Staraptor, M|100\/100\n|switch|p2b: Porygon2|Porygon2|100\/100\n|-ability|p2a: Staraptor|Intimidate|boost\n|-unboost|p1a: Grimmsnarl|atk|1\n|-unboost|p1b: Darkrai|atk|1\n|-ability|p2b: Porygon2|Download|boost\n|-boost|p2b: Porygon2|atk|1\n|turn|1\n|c| El_Gran_Wigglytuff|Zephyr, hab\u00edamos tenido la misma idea XD\n|c| Leviatan4|Vamos Zephyr :D\n|c|\u2606SakiiTenma|Uwu\n|\n|t:|1695492901\n|move|p1a: Grimmsnarl|Reflect|p1a: Grimmsnarl\n|-sidestart|p1: XMarcosPr710|Reflect\n|move|p1b: Darkrai|Hypnosis|p2a: Staraptor\n|-status|p2a: Staraptor|slp|[from] move: Hypnosis\n|cant|p2a: Staraptor|slp\n|move|p2b: Porygon2|Tri Attack|p1b: Darkrai\n|-damage|p1b: Darkrai|64\/100\n|\n|-damage|p2a: Staraptor|88\/100 slp|[from] ability: Bad Dreams|[of] p1b: Darkrai\n|upkeep\n|turn|2\n|\n|t:|1695492921\n|move|p2b: Porygon2|Ally Switch|p2b: Porygon2\n|swap|p2b: Porygon2|0|[from] move: Ally Switch\n|move|p1a: Grimmsnarl|Parting Shot|p2b: Staraptor\n|-unboost|p2b: Staraptor|atk|1\n|-unboost|p2b: Staraptor|spa|1\n|\n|t:|1695492940\n|switch|p1a: Chien-Pao|Chien-Pao|100\/100|[from] Parting Shot\n|-ability|p1a: Chien-Pao|Sword of Ruin\n|move|p1b: Darkrai|Psychic|p2a: Porygon2\n|-damage|p2a: Porygon2|85\/100\n|-unboost|p2a: Porygon2|spd|1\n|cant|p2b: Staraptor|slp\n|\n|-damage|p2b: Staraptor|76\/100 slp|[from] ability: Bad Dreams|[of] p1b: Darkrai\n|upkeep\n|turn|3\n|\n|t:|1695492963\n|switch|p2b: Kangaskhan|Kangaskhan, F|100\/100\n|move|p1a: Chien-Pao|Icicle Crash|p2a: Porygon2\n|-damage|p2a: Porygon2|51\/100\n|move|p1b: Darkrai|Psychic|p2a: Porygon2\n|-damage|p2a: Porygon2|31\/100\n|move|p2a: Porygon2|Tri Attack|p1b: Darkrai\n|-damage|p1b: Darkrai|26\/100\n|\n|upkeep\n|turn|4\n|\n|t:|1695492989\n|move|p1a: Chien-Pao|Protect|p1a: Chien-Pao\n|-singleturn|p1a: Chien-Pao|Protect\n|move|p1b: Darkrai|Protect|p1b: Darkrai\n|-singleturn|p1b: Darkrai|Protect\n|move|p2b: Kangaskhan|Fake Out|p1a: Chien-Pao\n|-activate|p1a: Chien-Pao|move: Protect\n|move|p2a: Porygon2|Recover|p2a: Porygon2\n|-heal|p2a: Porygon2|81\/100\n|\n|upkeep\n|turn|5\n|\n|t:|1695493012\n|move|p2b: Kangaskhan|Protect|p2b: Kangaskhan\n|-singleturn|p2b: Kangaskhan|Protect\n|move|p1a: Chien-Pao|Icicle Crash|p2b: Kangaskhan\n|-activate|p2b: Kangaskhan|move: Protect\n|move|p1b: Darkrai|Hypnosis|p2b: Kangaskhan\n|-activate|p2b: Kangaskhan|move: Protect\n|move|p2a: Porygon2|Tri Attack|p1b: Darkrai\n|-damage|p1b: Darkrai|0 fnt\n|faint|p1b: Darkrai\n|\n|upkeep\n|c|\u2606XMarcosPr710|Epico\n|\n|t:|1695493032\n|switch|p1b: Meowscarada|Meowscarada, F|100\/100\n|turn|6\n|c|\u2606SakiiTenma|Predecible Focus\n|\n|t:|1695493048\n|switch|p2a: Staraptor|Staraptor, M|76\/100 slp\n|-ability|p2a: Staraptor|Intimidate|boost\n|-unboost|p1a: Chien-Pao|atk|1\n|-unboost|p1b: Meowscarada|atk|1\n|detailschange|p2b: Kangaskhan|Kangaskhan-Mega, F\n|-mega|p2b: Kangaskhan|Kangaskhan|Kangaskhanite\n|move|p1b: Meowscarada|Flower Trick|p2b: Kangaskhan\n|-start|p1b: Meowscarada|typechange|Grass|[from] ability: Protean\n|-crit|p2b: Kangaskhan\n|-damage|p2b: Kangaskhan|39\/100\n|move|p1a: Chien-Pao|Icicle Crash|p2b: Kangaskhan|[miss]\n|-miss|p1a: Chien-Pao|p2b: Kangaskhan\n|move|p2b: Kangaskhan|Frustration|p1a: Chien-Pao\n|-damage|p1a: Chien-Pao|56\/100\n|-damage|p1a: Chien-Pao|44\/100\n|-hitcount|p1a: Chien-Pao|2\n|\n|upkeep\n|turn|7\n|\n|t:|1695493072\n|move|p2b: Kangaskhan|Protect|p2b: Kangaskhan\n|-singleturn|p2b: Kangaskhan|Protect\n|move|p1b: Meowscarada|Flower Trick|p2b: Kangaskhan\n|-activate|p2b: Kangaskhan|move: Protect\n|move|p1a: Chien-Pao|Icicle Crash|p2a: Staraptor\n|-supereffective|p2a: Staraptor\n|-damage|p2a: Staraptor|0 fnt\n|faint|p2a: Staraptor\n|\n|upkeep\n|\n|t:|1695493082\n|switch|p2a: Indeedee|Indeedee-F, F|100\/100\n|-fieldstart|move: Psychic Terrain|[from] ability: Psychic Surge|[of] p2a: Indeedee\n|-enditem|p2a: Indeedee|Psychic Seed\n|-boost|p2a: Indeedee|spd|1|[from] item: Psychic Seed\n|turn|8\n|\n|t:|1695493092\n|move|p2a: Indeedee|Follow Me|p2a: Indeedee\n|-singleturn|p2a: Indeedee|move: Follow Me\n|move|p1b: Meowscarada|Flower Trick|p2a: Indeedee\n|-crit|p2a: Indeedee\n|-damage|p2a: Indeedee|10\/100\n|move|p1a: Chien-Pao|Psychic Fangs|p2a: Indeedee\n|-resisted|p2a: Indeedee\n|-damage|p2a: Indeedee|0 fnt\n|faint|p2a: Indeedee\n|move|p2b: Kangaskhan|Frustration|p1a: Chien-Pao\n|-damage|p1a: Chien-Pao|0 fnt\n|faint|p1a: Chien-Pao\n|-hitcount|p1: Chien-Pao|1\n|\n|-sideend|p1: XMarcosPr710|Reflect\n|upkeep\n|\n|t:|1695493111\n|switch|p1a: Grimmsnarl|Grimmsnarl, M|100\/100\n|switch|p2a: Ursaluna|Ursaluna-Bloodmoon, M|100\/100\n|turn|9\n|\n|t:|1695493131\n|move|p1a: Grimmsnarl|Light Screen|p1a: Grimmsnarl\n|-sidestart|p1: XMarcosPr710|move: Light Screen\n|move|p1b: Meowscarada|Flower Trick|p2b: Kangaskhan\n|-crit|p2b: Kangaskhan\n|-damage|p2b: Kangaskhan|0 fnt\n|faint|p2b: Kangaskhan\n|move|p2a: Ursaluna|Flamethrower|p1b: Meowscarada\n|-supereffective|p1b: Meowscarada\n|-damage|p1b: Meowscarada|5\/100\n|\n|upkeep\n|\n|t:|1695493138\n|switch|p2b: Porygon2|Porygon2|81\/100\n|-ability|p2b: Porygon2|Download|boost\n|-boost|p2b: Porygon2|atk|1\n|turn|10\n|\n|t:|1695493145\n|move|p2b: Porygon2|Ally Switch|p2b: Porygon2\n|swap|p2b: Porygon2|0|[from] move: Ally Switch\n|move|p1a: Grimmsnarl|Parting Shot|p2a: Porygon2\n|-activate|p2a: Porygon2|move: Psychic Terrain\n|move|p1b: Meowscarada|Flower Trick|p2a: Porygon2\n|-crit|p2a: Porygon2\n|-damage|p2a: Porygon2|51\/100\n|move|p2b: Ursaluna|Flamethrower|p1b: Meowscarada\n|-supereffective|p1b: Meowscarada\n|-damage|p1b: Meowscarada|0 fnt\n|faint|p1b: Meowscarada\n|\n|upkeep\n|\n|t:|1695493154\n|switch|p1b: Moltres|Moltres-Galar|100\/100\n|turn|11\n|\n|t:|1695493171\n|move|p2b: Ursaluna|Flamethrower|p1b: Moltres\n|-damage|p1b: Moltres|77\/100\n|move|p1b: Moltres|Fiery Wrath|p2b: Ursaluna|[spread] p2a,p2b\n|-crit|p2a: Porygon2\n|-supereffective|p2b: Ursaluna\n|-crit|p2b: Ursaluna\n|-damage|p2a: Porygon2|34\/100\n|-damage|p2b: Ursaluna|0 fnt\n|replace|p2b: Zoroark|Zoroark-Hisui, F\n|-end|p2b: Zoroark|Illusion\n|faint|p2b: Zoroark\n|move|p1a: Grimmsnarl|Spirit Break|p2a: Porygon2\n|-damage|p2a: Porygon2|13\/100\n|-unboost|p2a: Porygon2|spa|1\n|move|p2a: Porygon2|Recover|p2a: Porygon2\n|-heal|p2a: Porygon2|63\/100\n|\n|upkeep\n|\n|t:|1695493187\n|switch|p2b: Ursaluna|Ursaluna-Bloodmoon, M|100\/100\n|turn|12\n|\n|t:|1695493199\n|move|p2b: Ursaluna|Protect|p2b: Ursaluna\n|-singleturn|p2b: Ursaluna|Protect\n|move|p1b: Moltres|Fiery Wrath|p2b: Ursaluna|[spread] p2a\n|-activate|p2b: Ursaluna|move: Protect\n|-damage|p2a: Porygon2|51\/100\n|move|p1a: Grimmsnarl|Spirit Break|p2b: Ursaluna\n|-activate|p2b: Ursaluna|move: Protect\n|move|p2a: Porygon2|Recover|p2a: Porygon2\n|-heal|p2a: Porygon2|100\/100\n|\n|-fieldend|move: Psychic Terrain\n|upkeep\n|turn|13\n|\n|t:|1695493228\n|move|p2a: Porygon2|Ally Switch|p2a: Porygon2\n|swap|p2a: Porygon2|1|[from] move: Ally Switch\n|move|p1a: Grimmsnarl|Parting Shot|p2b: Porygon2\n|-unboost|p2b: Porygon2|atk|1\n|-unboost|p2b: Porygon2|spa|1\n|\n|t:|1695493233\n|switch|p1a: Hydreigon|Hydreigon, M|100\/100|[from] Parting Shot\n|move|p1b: Moltres|Fiery Wrath|p2b: Porygon2|[spread] p2a,p2b\n|-damage|p2a: Ursaluna|72\/100\n|-damage|p2b: Porygon2|88\/100\n|move|p2a: Ursaluna|Calm Mind|p2a: Ursaluna\n|-boost|p2a: Ursaluna|spa|1\n|-boost|p2a: Ursaluna|spd|1\n|\n|upkeep\n|turn|14\n|\n|t:|1695493250\n|move|p2a: Ursaluna|Protect|p2a: Ursaluna\n|-singleturn|p2a: Ursaluna|Protect\n|move|p1a: Hydreigon|Draco Meteor|p2a: Ursaluna\n|-activate|p2a: Ursaluna|move: Protect\n|move|p1b: Moltres|Fiery Wrath|p2a: Ursaluna|[spread] p2b\n|-activate|p2a: Ursaluna|move: Protect\n|-damage|p2b: Porygon2|75\/100\n|move|p2b: Porygon2|Ice Beam|p1b: Moltres\n|-supereffective|p1b: Moltres\n|-damage|p1b: Moltres|67\/100\n|\n|upkeep\n|turn|15\n|\n|t:|1695493272\n|move|p2b: Porygon2|Ally Switch|p2b: Porygon2\n|swap|p2b: Porygon2|0|[from] move: Ally Switch\n|move|p1a: Hydreigon|Draco Meteor|p2b: Ursaluna\n|-damage|p2b: Ursaluna|6\/100\n|-unboost|p1a: Hydreigon|spa|2\n|-damage|p1a: Hydreigon|91\/100|[from] item: Life Orb\n|move|p1b: Moltres|Fiery Wrath|p2b: Ursaluna|[spread] p2a,p2b\n|-damage|p2a: Porygon2|64\/100\n|-damage|p2b: Ursaluna|0 fnt\n|faint|p2b: Ursaluna\n|\n|upkeep\n|turn|16\n|c| El_Gran_Wigglytuff|Marcos le sabe a dar asco\n|c| Leviatan4|XD\n|c|\u2606XMarcosPr710|X\n|c| Leviatan4|Nooo\n|c|\u2606SakiiTenma|Ven\u00eda preparado\n|c|\u2606XMarcosPr710|D\n|\n|t:|1695493302\n|switch|p1a: Grimmsnarl|Grimmsnarl, M|100\/100\n|move|p1b: Moltres|Air Slash|p2a: Porygon2\n|-damage|p2a: Porygon2|49\/100\n|move|p2a: Porygon2|Recover|p2a: Porygon2\n|-heal|p2a: Porygon2|99\/100\n|\n|-sideend|p1: XMarcosPr710|move: Light Screen\n|upkeep\n|turn|17\n|c|\u2606SakiiTenma|Mentalmente hablando\n|\n|t:|1695493311\n|move|p1a: Grimmsnarl|Light Screen|p1a: Grimmsnarl\n|-sidestart|p1: XMarcosPr710|move: Light Screen\n|move|p1b: Moltres|Fiery Wrath|p2a: Porygon2\n|-damage|p2a: Porygon2|84\/100\n|cant|p2a: Porygon2|flinch\n|\n|upkeep\n|turn|18\n|\n|t:|1695493319\n|move|p1b: Moltres|Fiery Wrath|p2a: Porygon2\n|-damage|p2a: Porygon2|68\/100\n|move|p1a: Grimmsnarl|Spirit Break|p2a: Porygon2\n|-damage|p2a: Porygon2|49\/100\n|-unboost|p2a: Porygon2|spa|1\n|move|p2a: Porygon2|Ice Beam|p1b: Moltres\n|-supereffective|p1b: Moltres\n|-damage|p1b: Moltres|58\/100\n|\n|upkeep\n|turn|19\n|\n|t:|1695493332\n|move|p1b: Moltres|Air Slash|p2a: Porygon2\n|-damage|p2a: Porygon2|35\/100\n|move|p1a: Grimmsnarl|Spirit Break|p2a: Porygon2\n|-damage|p2a: Porygon2|16\/100\n|-unboost|p2a: Porygon2|spa|1\n|move|p2a: Porygon2|Recover|p2a: Porygon2\n|-heal|p2a: Porygon2|66\/100\n|\n|upkeep\n|turn|20\n|\n|t:|1695493346\n|move|p1b: Moltres|Air Slash|p2a: Porygon2\n|-damage|p2a: Porygon2|52\/100\n|move|p1a: Grimmsnarl|Spirit Break|p2a: Porygon2\n|-damage|p2a: Porygon2|33\/100\n|-unboost|p2a: Porygon2|spa|1\n|move|p2a: Porygon2|Recover|p2a: Porygon2\n|-heal|p2a: Porygon2|83\/100\n|\n|upkeep\n|turn|21\n|c|\u2606XMarcosPr710|:skull:\n|c| El_Gran_Wigglytuff|Marcos, r\u00edndete, no le puedes vencer\n|\n|t:|1695493362\n|switch|p1a: Hydreigon|Hydreigon, M|91\/100\n|move|p1b: Moltres|Air Slash|p2a: Porygon2\n|-damage|p2a: Porygon2|69\/100\n|move|p2a: Porygon2|Ice Beam|p1b: Moltres\n|-supereffective|p1b: Moltres\n|-damage|p1b: Moltres|52\/100\n|\n|upkeep\n|turn|22\n|\n|t:|1695493371\n|move|p1a: Hydreigon|Draco Meteor|p2a: Porygon2\n|-damage|p2a: Porygon2|28\/100\n|-unboost|p1a: Hydreigon|spa|2\n|-damage|p1a: Hydreigon|81\/100|[from] item: Life Orb\n|move|p1b: Moltres|Fiery Wrath|p2a: Porygon2\n|-crit|p2a: Porygon2\n|-damage|p2a: Porygon2|3\/100\n|move|p2a: Porygon2|Recover|p2a: Porygon2\n|-heal|p2a: Porygon2|53\/100\n|\n|upkeep\n|turn|23\n|c|\u2606XMarcosPr710|Tiene pocos PP de recoger\n|c|\u2606XMarcosPr710|Recover*\n|\n|t:|1695493397\n|switch|p1a: Grimmsnarl|Grimmsnarl, M|100\/100\n|move|p1b: Moltres|Fiery Wrath|p2a: Porygon2\n|-damage|p2a: Porygon2|38\/100\n|move|p2a: Porygon2|Recover|p2a: Porygon2\n|-heal|p2a: Porygon2|88\/100\n|\n|upkeep\n|turn|24\n|c|\u2606SakiiTenma|Quien pregunt\u00f3?\n|c| Leviatan4|OOOOOOOOOO\n|c| Leviatan4|Sin toxicidad, gente\n|c|\u2606XMarcosPr710|:PikaXD:\n|\n|t:|1695493418\n|move|p1a: Grimmsnarl|Parting Shot|p2a: Porygon2\n|-unboost|p2a: Porygon2|atk|1\n|-unboost|p2a: Porygon2|spa|1\n|\n|t:|1695493423\n|switch|p1a: Hydreigon|Hydreigon, M|81\/100|[from] Parting Shot\n|move|p1b: Moltres|Fiery Wrath|p2a: Porygon2\n|-damage|p2a: Porygon2|72\/100\n|move|p2a: Porygon2|Ice Beam|p1b: Moltres\n|-supereffective|p1b: Moltres\n|-damage|p1b: Moltres|47\/100\n|-ability|p1b: Moltres|Berserk|boost\n|-boost|p1b: Moltres|spa|1\n|-enditem|p1b: Moltres|Sitrus Berry|[eat]\n|-heal|p1b: Moltres|72\/100|[from] item: Sitrus Berry\n|\n|-sideend|p1: XMarcosPr710|move: Light Screen\n|upkeep\n|turn|25\n|c| Leviatan4|xd?\n|c|\u2606SakiiTenma|yo la - tilteada\n|\n|t:|1695493440\n|move|p1a: Hydreigon|Draco Meteor|p2a: Porygon2\n|-damage|p2a: Porygon2|33\/100\n|-unboost|p1a: Hydreigon|spa|2\n|-damage|p1a: Hydreigon|71\/100|[from] item: Life Orb\n|move|p1b: Moltres|Fiery Wrath|p2a: Porygon2\n|-damage|p2a: Porygon2|11\/100\n|move|p2a: Porygon2|Ice Beam|p1a: Hydreigon\n|-supereffective|p1a: Hydreigon\n|-damage|p1a: Hydreigon|58\/100\n|\n|upkeep\n|turn|26\n|c| Leviatan4|(Qui\u00e9n le dice a Marcos que no se ponen emojis?)\n|\n|t:|1695493453\n|move|p1a: Hydreigon|Heat Wave|p2a: Porygon2\n|-crit|p2a: Porygon2\n|-damage|p2a: Porygon2|0 fnt\n|faint|p2a: Porygon2\n|-damage|p1a: Hydreigon|48\/100|[from] item: Life Orb\n|\n|win|XMarcosPr710\n|c|\u2606XMarcosPr710|Gg\n|c|\u2606XMarcosPr710|Si se\n|c|\u2606XMarcosPr710|XD\n|c|\u2606XMarcosPr710|Pasa que soy esquizo\n|c|\u2606XMarcosPr710|Por eso lo hago\n","uploadtime":1695493476,"views":12,"p1id":"xmarcospr710","p2id":"sakiitenma","formatid":"gen9nationaldexdoubles","rating":0,"private":0,"password":""}