{"id":"gen9nationaldexdoubles-1956615713","p1":"KingGodzila","p2":"Redzone92","format":"[Gen 9] National Dex Doubles","log":"|j|\u2606KingGodzila\n|j|\u2606Redzone92\n|t:|1696126930\n|gametype|doubles\n|player|p1|KingGodzila|bugsy|1015\n|player|p2|Redzone92|266|1000\n|teamsize|p1|6\n|teamsize|p2|6\n|gen|9\n|tier|[Gen 9] National Dex Doubles\n|rated|\n|rule|HP Percentage Mod: HP is shown in percentages\n|rule|Endless Battle Clause: Forcing endless battles is banned\n|rule|OHKO Clause: OHKO moves are banned\n|rule|Evasion Moves Clause: Evasion moves are banned\n|rule|Evasion Abilities Clause: Evasion abilities are banned\n|rule|Species Clause: Limit one of each Pok\u00e9mon\n|rule|Gravity Sleep Clause: The combination of sleep-inducing moves with imperfect accuracy and Gravity or Gigantamax Orbeetle are banned\n|clearpoke\n|poke|p1|Vikavolt, M|\n|poke|p1|Lokix, M|\n|poke|p1|Beedrill, M|\n|poke|p1|Golisopod, M|\n|poke|p1|Cresselia, F|\n|poke|p1|Escavalier, F|\n|poke|p2|Ting-Lu|\n|poke|p2|Iron Hands|\n|poke|p2|Umbreon, F|\n|poke|p2|Hatterene, F|\n|poke|p2|Toxapex, M|\n|poke|p2|Armarouge, F|\n|teampreview\n|\n|t:|1696126939\n|start\n|switch|p1a: \u7f8e\u68a6\u795e\u4e0d\u7ed9\u4eba\u505a\u7f8e\u68a6|Cresselia, F|100\/100\n|switch|p1b: \u80fd\u8fdb\u80fd\u9000\u65b9\u6b66\u8005|Golisopod, M, shiny|100\/100\n|switch|p2a: Iron Hands|Iron Hands|100\/100\n|switch|p2b: Hatterene|Hatterene, F|100\/100\n|turn|1\n|\n|t:|1696126974\n|move|p2a: Iron Hands|Fake Out|p1a: \u7f8e\u68a6\u795e\u4e0d\u7ed9\u4eba\u505a\u7f8e\u68a6\n|-damage|p1a: \u7f8e\u68a6\u795e\u4e0d\u7ed9\u4eba\u505a\u7f8e\u68a6|91\/100\n|move|p1b: \u80fd\u8fdb\u80fd\u9000\u65b9\u6b66\u8005|First Impression|p2b: Hatterene\n|-damage|p2b: Hatterene|43\/100\n|cant|p1a: \u7f8e\u68a6\u795e\u4e0d\u7ed9\u4eba\u505a\u7f8e\u68a6|flinch\n|move|p2b: Hatterene|Calm Mind|p2b: Hatterene\n|-boost|p2b: Hatterene|spa|1\n|-boost|p2b: Hatterene|spd|1\n|\n|-heal|p1a: \u7f8e\u68a6\u795e\u4e0d\u7ed9\u4eba\u505a\u7f8e\u68a6|97\/100|[from] item: Leftovers\n|-heal|p2b: Hatterene|49\/100|[from] item: Leftovers\n|upkeep\n|turn|2\n|\n|t:|1696126999\n|move|p2a: Iron Hands|Thunder Punch|p1b: \u80fd\u8fdb\u80fd\u9000\u65b9\u6b66\u8005\n|-supereffective|p1b: \u80fd\u8fdb\u80fd\u9000\u65b9\u6b66\u8005\n|-crit|p1b: \u80fd\u8fdb\u80fd\u9000\u65b9\u6b66\u8005\n|-damage|p1b: \u80fd\u8fdb\u80fd\u9000\u65b9\u6b66\u8005|3\/100\n|-activate|p1b: \u80fd\u8fdb\u80fd\u9000\u65b9\u6b66\u8005|ability: Emergency Exit\n|\n|t:|1696127014\n|switch|p1b: \u7535\u78c1\u70ae|Vikavolt, M|100\/100\n|move|p1a: \u7f8e\u68a6\u795e\u4e0d\u7ed9\u4eba\u505a\u7f8e\u68a6|Trick Room|p1a: \u7f8e\u68a6\u795e\u4e0d\u7ed9\u4eba\u505a\u7f8e\u68a6\n|-fieldstart|move: Trick Room|[of] p1a: \u7f8e\u68a6\u795e\u4e0d\u7ed9\u4eba\u505a\u7f8e\u68a6\n|move|p2b: Hatterene|Trick Room|p2b: Hatterene\n|-fieldend|move: Trick Room\n|\n|-heal|p1a: \u7f8e\u68a6\u795e\u4e0d\u7ed9\u4eba\u505a\u7f8e\u68a6|100\/100|[from] item: Leftovers\n|-heal|p2b: Hatterene|55\/100|[from] item: Leftovers\n|upkeep\n|turn|3\n|\n|t:|1696127065\n|move|p1a: \u7f8e\u68a6\u795e\u4e0d\u7ed9\u4eba\u505a\u7f8e\u68a6|Toxic|p2a: Iron Hands\n|-status|p2a: Iron Hands|tox\n|move|p2a: Iron Hands|Iron Head|p1a: \u7f8e\u68a6\u795e\u4e0d\u7ed9\u4eba\u505a\u7f8e\u68a6\n|-damage|p1a: \u7f8e\u68a6\u795e\u4e0d\u7ed9\u4eba\u505a\u7f8e\u68a6|83\/100\n|move|p2b: Hatterene|Dazzling Gleam|p1a: \u7f8e\u68a6\u795e\u4e0d\u7ed9\u4eba\u505a\u7f8e\u68a6|[spread] p1a,p1b\n|-damage|p1a: \u7f8e\u68a6\u795e\u4e0d\u7ed9\u4eba\u505a\u7f8e\u68a6|53\/100\n|-damage|p1b: \u7535\u78c1\u70ae|46\/100\n|move|p1b: \u7535\u78c1\u70ae|Volt Switch|p2b: Hatterene\n|-damage|p2b: Hatterene|14\/100\n|-damage|p1b: \u7535\u78c1\u70ae|36\/100|[from] item: Life Orb\n|\n|t:|1696127084\n|switch|p1b: \u80fd\u8fdb\u80fd\u9000\u65b9\u6b66\u8005|Golisopod, M, shiny|3\/100|[from] Volt Switch\n|\n|-heal|p1a: \u7f8e\u68a6\u795e\u4e0d\u7ed9\u4eba\u505a\u7f8e\u68a6|59\/100|[from] item: Leftovers\n|-heal|p2b: Hatterene|20\/100|[from] item: Leftovers\n|-damage|p2a: Iron Hands|94\/100 tox|[from] psn\n|upkeep\n|turn|4\n|\n|t:|1696127097\n|move|p1b: \u80fd\u8fdb\u80fd\u9000\u65b9\u6b66\u8005|First Impression|p2b: Hatterene\n|-damage|p2b: Hatterene|0 fnt\n|faint|p2b: Hatterene\n|move|p1a: \u7f8e\u68a6\u795e\u4e0d\u7ed9\u4eba\u505a\u7f8e\u68a6|Moonlight|p1a: \u7f8e\u68a6\u795e\u4e0d\u7ed9\u4eba\u505a\u7f8e\u68a6\n|-heal|p1a: \u7f8e\u68a6\u795e\u4e0d\u7ed9\u4eba\u505a\u7f8e\u68a6|100\/100\n|move|p2a: Iron Hands|Thunder Punch|p1b: \u80fd\u8fdb\u80fd\u9000\u65b9\u6b66\u8005\n|-supereffective|p1b: \u80fd\u8fdb\u80fd\u9000\u65b9\u6b66\u8005\n|-damage|p1b: \u80fd\u8fdb\u80fd\u9000\u65b9\u6b66\u8005|0 fnt\n|faint|p1b: \u80fd\u8fdb\u80fd\u9000\u65b9\u6b66\u8005\n|-heal|p2a: Iron Hands|94\/100 tox|[from] item: Shell Bell|[of] p1: \u80fd\u8fdb\u80fd\u9000\u65b9\u6b66\u8005\n|\n|-damage|p2a: Iron Hands|82\/100 tox|[from] psn\n|upkeep\n|\n|t:|1696127119\n|switch|p2b: Ting-Lu|Ting-Lu|100\/100\n|switch|p1b: \u5927\u9488\u8702\u4fa0|Beedrill, M|100\/100\n|-ability|p2b: Ting-Lu|Vessel of Ruin\n|turn|5\n|\n|t:|1696127146\n|-end|p2a: Iron Hands|Quark Drive|[silent]\n|switch|p2a: Toxapex|Toxapex, M|100\/100\n|move|p1b: \u5927\u9488\u8702\u4fa0|U-turn|p2b: Ting-Lu\n|-supereffective|p2b: Ting-Lu\n|-damage|p2b: Ting-Lu|73\/100\n|-damage|p1b: \u5927\u9488\u8702\u4fa0|84\/100|[from] item: Rocky Helmet|[of] p2b: Ting-Lu\n|\n|t:|1696127160\n|switch|p1b: \u4e00\u592b\u5f53\u5173\u65b9\u9a91\u58eb|Escavalier, F|100\/100|[from] U-turn\n|move|p2b: Ting-Lu|Throat Chop|p1a: \u7f8e\u68a6\u795e\u4e0d\u7ed9\u4eba\u505a\u7f8e\u68a6\n|-supereffective|p1a: \u7f8e\u68a6\u795e\u4e0d\u7ed9\u4eba\u505a\u7f8e\u68a6\n|-damage|p1a: \u7f8e\u68a6\u795e\u4e0d\u7ed9\u4eba\u505a\u7f8e\u68a6|68\/100\n|-start|p1a: \u7f8e\u68a6\u795e\u4e0d\u7ed9\u4eba\u505a\u7f8e\u68a6|Throat Chop|[silent]\n|move|p1a: \u7f8e\u68a6\u795e\u4e0d\u7ed9\u4eba\u505a\u7f8e\u68a6|Trick Room|p1a: \u7f8e\u68a6\u795e\u4e0d\u7ed9\u4eba\u505a\u7f8e\u68a6\n|-fieldstart|move: Trick Room|[of] p1a: \u7f8e\u68a6\u795e\u4e0d\u7ed9\u4eba\u505a\u7f8e\u68a6\n|\n|-heal|p1a: \u7f8e\u68a6\u795e\u4e0d\u7ed9\u4eba\u505a\u7f8e\u68a6|74\/100|[from] item: Leftovers\n|upkeep\n|turn|6\n|\n|t:|1696127183\n|move|p2b: Ting-Lu|Protect|p2b: Ting-Lu\n|-singleturn|p2b: Ting-Lu|Protect\n|move|p1b: \u4e00\u592b\u5f53\u5173\u65b9\u9a91\u58eb|Drill Run|p2a: Toxapex\n|-supereffective|p2a: Toxapex\n|-damage|p2a: Toxapex|36\/100\n|-damage|p1b: \u4e00\u592b\u5f53\u5173\u65b9\u9a91\u58eb|91\/100|[from] item: Life Orb\n|move|p2a: Toxapex|Knock Off|p1a: \u7f8e\u68a6\u795e\u4e0d\u7ed9\u4eba\u505a\u7f8e\u68a6\n|-supereffective|p1a: \u7f8e\u68a6\u795e\u4e0d\u7ed9\u4eba\u505a\u7f8e\u68a6\n|-crit|p1a: \u7f8e\u68a6\u795e\u4e0d\u7ed9\u4eba\u505a\u7f8e\u68a6\n|-damage|p1a: \u7f8e\u68a6\u795e\u4e0d\u7ed9\u4eba\u505a\u7f8e\u68a6|48\/100\n|-enditem|p1a: \u7f8e\u68a6\u795e\u4e0d\u7ed9\u4eba\u505a\u7f8e\u68a6|Leftovers|[from] move: Knock Off|[of] p2a: Toxapex\n|move|p1a: \u7f8e\u68a6\u795e\u4e0d\u7ed9\u4eba\u505a\u7f8e\u68a6|Toxic|p2b: Ting-Lu\n|-activate|p2b: Ting-Lu|move: Protect\n|\n|-heal|p2a: Toxapex|42\/100|[from] item: Black Sludge\n|-end|p1a: \u7f8e\u68a6\u795e\u4e0d\u7ed9\u4eba\u505a\u7f8e\u68a6|Throat Chop|[silent]\n|upkeep\n|turn|7\n|\n|t:|1696127203\n|move|p1b: \u4e00\u592b\u5f53\u5173\u65b9\u9a91\u58eb|Drill Run|p2a: Toxapex\n|-supereffective|p2a: Toxapex\n|-crit|p2a: Toxapex\n|-damage|p2a: Toxapex|0 fnt\n|faint|p2a: Toxapex\n|-damage|p1b: \u4e00\u592b\u5f53\u5173\u65b9\u9a91\u58eb|81\/100|[from] item: Life Orb\n|move|p2b: Ting-Lu|Throat Chop|p1a: \u7f8e\u68a6\u795e\u4e0d\u7ed9\u4eba\u505a\u7f8e\u68a6\n|-supereffective|p1a: \u7f8e\u68a6\u795e\u4e0d\u7ed9\u4eba\u505a\u7f8e\u68a6\n|-damage|p1a: \u7f8e\u68a6\u795e\u4e0d\u7ed9\u4eba\u505a\u7f8e\u68a6|12\/100\n|-start|p1a: \u7f8e\u68a6\u795e\u4e0d\u7ed9\u4eba\u505a\u7f8e\u68a6|Throat Chop|[silent]\n|move|p1a: \u7f8e\u68a6\u795e\u4e0d\u7ed9\u4eba\u505a\u7f8e\u68a6|Moonlight|p1a: \u7f8e\u68a6\u795e\u4e0d\u7ed9\u4eba\u505a\u7f8e\u68a6\n|-heal|p1a: \u7f8e\u68a6\u795e\u4e0d\u7ed9\u4eba\u505a\u7f8e\u68a6|62\/100\n|\n|upkeep\n|\n|t:|1696127215\n|switch|p2a: Umbreon|Umbreon, F|100\/100\n|turn|8\n|\n|t:|1696127227\n|move|p1b: \u4e00\u592b\u5f53\u5173\u65b9\u9a91\u58eb|X-Scissor|p2a: Umbreon\n|-supereffective|p2a: Umbreon\n|-crit|p2a: Umbreon\n|-enditem|p2a: Umbreon|Focus Sash\n|-damage|p2a: Umbreon|1\/100\n|-damage|p1b: \u4e00\u592b\u5f53\u5173\u65b9\u9a91\u58eb|71\/100|[from] item: Life Orb\n|move|p2b: Ting-Lu|Body Press|p1b: \u4e00\u592b\u5f53\u5173\u65b9\u9a91\u58eb\n|-damage|p1b: \u4e00\u592b\u5f53\u5173\u65b9\u9a91\u58eb|45\/100\n|move|p2a: Umbreon|Toxic|p1a: \u7f8e\u68a6\u795e\u4e0d\u7ed9\u4eba\u505a\u7f8e\u68a6\n|-status|p1a: \u7f8e\u68a6\u795e\u4e0d\u7ed9\u4eba\u505a\u7f8e\u68a6|tox\n|move|p1a: \u7f8e\u68a6\u795e\u4e0d\u7ed9\u4eba\u505a\u7f8e\u68a6|Moonlight|p1a: \u7f8e\u68a6\u795e\u4e0d\u7ed9\u4eba\u505a\u7f8e\u68a6\n|-heal|p1a: \u7f8e\u68a6\u795e\u4e0d\u7ed9\u4eba\u505a\u7f8e\u68a6|100\/100 tox\n|\n|-damage|p1a: \u7f8e\u68a6\u795e\u4e0d\u7ed9\u4eba\u505a\u7f8e\u68a6|94\/100 tox|[from] psn\n|-end|p1a: \u7f8e\u68a6\u795e\u4e0d\u7ed9\u4eba\u505a\u7f8e\u68a6|Throat Chop|[silent]\n|upkeep\n|turn|9\n|\n|t:|1696127248\n|move|p2a: Umbreon|Protect|p2a: Umbreon\n|-singleturn|p2a: Umbreon|Protect\n|move|p1b: \u4e00\u592b\u5f53\u5173\u65b9\u9a91\u58eb|X-Scissor|p2b: Ting-Lu\n|-supereffective|p2b: Ting-Lu\n|-damage|p2b: Ting-Lu|21\/100\n|-damage|p1b: \u4e00\u592b\u5f53\u5173\u65b9\u9a91\u58eb|29\/100|[from] item: Rocky Helmet|[of] p2b: Ting-Lu\n|-damage|p1b: \u4e00\u592b\u5f53\u5173\u65b9\u9a91\u58eb|19\/100|[from] item: Life Orb\n|move|p2b: Ting-Lu|Throat Chop|p1a: \u7f8e\u68a6\u795e\u4e0d\u7ed9\u4eba\u505a\u7f8e\u68a6\n|-supereffective|p1a: \u7f8e\u68a6\u795e\u4e0d\u7ed9\u4eba\u505a\u7f8e\u68a6\n|-damage|p1a: \u7f8e\u68a6\u795e\u4e0d\u7ed9\u4eba\u505a\u7f8e\u68a6|62\/100 tox\n|-start|p1a: \u7f8e\u68a6\u795e\u4e0d\u7ed9\u4eba\u505a\u7f8e\u68a6|Throat Chop|[silent]\n|move|p1a: \u7f8e\u68a6\u795e\u4e0d\u7ed9\u4eba\u505a\u7f8e\u68a6|Toxic|p2a: Umbreon\n|-activate|p2a: Umbreon|move: Protect\n|\n|-damage|p1a: \u7f8e\u68a6\u795e\u4e0d\u7ed9\u4eba\u505a\u7f8e\u68a6|49\/100 tox|[from] psn\n|-fieldend|move: Trick Room\n|upkeep\n|turn|10\n|\n|t:|1696127275\n|-terastallize|p1a: \u7f8e\u68a6\u795e\u4e0d\u7ed9\u4eba\u505a\u7f8e\u68a6|Bug\n|move|p2b: Ting-Lu|Protect|p2b: Ting-Lu\n|-singleturn|p2b: Ting-Lu|Protect\n|move|p2a: Umbreon|Foul Play|p1a: \u7f8e\u68a6\u795e\u4e0d\u7ed9\u4eba\u505a\u7f8e\u68a6\n|-damage|p1a: \u7f8e\u68a6\u795e\u4e0d\u7ed9\u4eba\u505a\u7f8e\u68a6|38\/100 tox\n|move|p1b: \u4e00\u592b\u5f53\u5173\u65b9\u9a91\u58eb|X-Scissor|p2a: Umbreon\n|-supereffective|p2a: Umbreon\n|-crit|p2a: Umbreon\n|-damage|p2a: Umbreon|0 fnt\n|faint|p2a: Umbreon\n|-damage|p1b: \u4e00\u592b\u5f53\u5173\u65b9\u9a91\u58eb|9\/100|[from] item: Life Orb\n|move|p1a: \u7f8e\u68a6\u795e\u4e0d\u7ed9\u4eba\u505a\u7f8e\u68a6|Trick Room|p1a: \u7f8e\u68a6\u795e\u4e0d\u7ed9\u4eba\u505a\u7f8e\u68a6\n|-fieldstart|move: Trick Room|[of] p1a: \u7f8e\u68a6\u795e\u4e0d\u7ed9\u4eba\u505a\u7f8e\u68a6\n|\n|-damage|p1a: \u7f8e\u68a6\u795e\u4e0d\u7ed9\u4eba\u505a\u7f8e\u68a6|20\/100 tox|[from] psn\n|-end|p1a: \u7f8e\u68a6\u795e\u4e0d\u7ed9\u4eba\u505a\u7f8e\u68a6|Throat Chop|[silent]\n|upkeep\n|\n|t:|1696127289\n|switch|p2a: Iron Hands|Iron Hands|82\/100 tox\n|turn|11\n|\n|t:|1696127301\n|move|p2a: Iron Hands|Fake Out|p1b: \u4e00\u592b\u5f53\u5173\u65b9\u9a91\u58eb\n|-resisted|p1b: \u4e00\u592b\u5f53\u5173\u65b9\u9a91\u58eb\n|-damage|p1b: \u4e00\u592b\u5f53\u5173\u65b9\u9a91\u58eb|2\/100\n|-heal|p2a: Iron Hands|83\/100 tox|[from] item: Shell Bell|[of] p1b: \u4e00\u592b\u5f53\u5173\u65b9\u9a91\u58eb\n|cant|p1b: \u4e00\u592b\u5f53\u5173\u65b9\u9a91\u58eb|flinch\n|move|p2b: Ting-Lu|Throat Chop|p1a: \u7f8e\u68a6\u795e\u4e0d\u7ed9\u4eba\u505a\u7f8e\u68a6\n|-damage|p1a: \u7f8e\u68a6\u795e\u4e0d\u7ed9\u4eba\u505a\u7f8e\u68a6|3\/100 tox\n|-start|p1a: \u7f8e\u68a6\u795e\u4e0d\u7ed9\u4eba\u505a\u7f8e\u68a6|Throat Chop|[silent]\n|move|p1a: \u7f8e\u68a6\u795e\u4e0d\u7ed9\u4eba\u505a\u7f8e\u68a6|Lunar Dance|p1a: \u7f8e\u68a6\u795e\u4e0d\u7ed9\u4eba\u505a\u7f8e\u68a6\n|faint|p1a: \u7f8e\u68a6\u795e\u4e0d\u7ed9\u4eba\u505a\u7f8e\u68a6\n|\n|-damage|p2a: Iron Hands|76\/100 tox|[from] psn\n|upkeep\n|\n|t:|1696127306\n|switch|p1a: \u7535\u78c1\u70ae|Vikavolt, M|36\/100\n|-heal|p1a: \u7535\u78c1\u70ae|100\/100|[from] move: Lunar Dance\n|turn|12\n|\n|t:|1696127336\n|switch|p2b: Armarouge|Armarouge, F|100\/100\n|move|p1b: \u4e00\u592b\u5f53\u5173\u65b9\u9a91\u58eb|Drill Run|p2a: Iron Hands\n|-supereffective|p2a: Iron Hands\n|-damage|p2a: Iron Hands|21\/100 tox\n|-damage|p1b: \u4e00\u592b\u5f53\u5173\u65b9\u9a91\u58eb|0 fnt|[from] item: Life Orb\n|faint|p1b: \u4e00\u592b\u5f53\u5173\u65b9\u9a91\u58eb\n|move|p1a: \u7535\u78c1\u70ae|Bug Buzz|p2b: Armarouge\n|-damage|p2b: Armarouge|22\/100\n|-damage|p1a: \u7535\u78c1\u70ae|91\/100|[from] item: Life Orb\n|move|p2a: Iron Hands|Drain Punch|p1a: \u7535\u78c1\u70ae\n|-resisted|p1a: \u7535\u78c1\u70ae\n|-damage|p1a: \u7535\u78c1\u70ae|67\/100\n|-heal|p2a: Iron Hands|29\/100 tox|[from] drain|[of] p1a: \u7535\u78c1\u70ae\n|-heal|p2a: Iron Hands|31\/100 tox|[from] item: Shell Bell|[of] p1a: \u7535\u78c1\u70ae\n|\n|-damage|p2a: Iron Hands|19\/100 tox|[from] psn\n|upkeep\n|\n|t:|1696127344\n|switch|p1b: \u70c8\u817f\u8757\u4fa0|Lokix, M|100\/100\n|turn|13\n|\n|t:|1696127378\n|-terastallize|p2b: Armarouge|Fire\n|move|p1b: \u70c8\u817f\u8757\u4fa0|First Impression|p2b: Armarouge\n|-resisted|p2b: Armarouge\n|-damage|p2b: Armarouge|0 fnt\n|faint|p2b: Armarouge\n|-damage|p1b: \u70c8\u817f\u8757\u4fa0|91\/100|[from] item: Life Orb\n|move|p1a: \u7535\u78c1\u70ae|Energy Ball|p2a: Iron Hands\n|-damage|p2a: Iron Hands|0 fnt\n|faint|p2a: Iron Hands\n|-end|p2a: Iron Hands|Quark Drive|[silent]\n|-damage|p1a: \u7535\u78c1\u70ae|57\/100|[from] item: Life Orb\n|\n|upkeep\n|c|\u2606Redzone92|gg\n|\n|t:|1696127393\n|switch|p2b: Ting-Lu|Ting-Lu|21\/100\n|-ability|p2b: Ting-Lu|Vessel of Ruin\n|turn|14\n|\n|t:|1696127416\n|move|p1a: \u7535\u78c1\u70ae|Bug Buzz|p2b: Ting-Lu\n|-supereffective|p2b: Ting-Lu\n|-damage|p2b: Ting-Lu|0 fnt\n|faint|p2b: Ting-Lu\n|-damage|p1a: \u7535\u78c1\u70ae|47\/100|[from] item: Life Orb\n|\n|win|KingGodzila\n|raw|KingGodzila's rating: 1015 &rarr; <strong>1051<\/strong><br \/>(+36 for winning)\n|raw|Redzone92's rating: 1000 &rarr; <strong>1000<\/strong><br \/>(+0 for losing)\n|l|\u2606Redzone92\n","uploadtime":1696127423,"views":7,"p1id":"kinggodzila","p2id":"redzone92","formatid":"gen9nationaldexdoubles","rating":1000,"private":0,"password":""}