{"id":"gen9nationaldexdoubles-1968080075","p1":"Salfy","p2":"digiposho","format":"[Gen 9] National Dex Doubles","log":"|j|\u2606Salfy\n|j|\u2606digiposho\n|t:|1697382224\n|gametype|doubles\n|player|p1|Salfy|depotagent|\n|player|p2|digiposho|pilot|\n|teamsize|p1|6\n|teamsize|p2|6\n|gen|9\n|tier|[Gen 9] National Dex Doubles\n|rule|HP Percentage Mod: HP is shown in percentages\n|rule|Endless Battle Clause: Forcing endless battles is banned\n|rule|OHKO Clause: OHKO moves are banned\n|rule|Evasion Moves Clause: Evasion moves are banned\n|rule|Evasion Abilities Clause: Evasion abilities are banned\n|rule|Species Clause: Limit one of each Pok\u00e9mon\n|rule|Gravity Sleep Clause: The combination of sleep-inducing moves with imperfect accuracy and Gravity or Gigantamax Orbeetle are banned\n|clearpoke\n|poke|p1|Zapdos-Galar|\n|poke|p1|Great Tusk|\n|poke|p1|Blaziken, M|\n|poke|p1|Bewear, M|\n|poke|p1|Heracross, F|\n|poke|p1|Toxicroak, F|\n|poke|p2|Blaziken, M|\n|poke|p2|Chesnaught, M|\n|poke|p2|Mienshao, F|\n|poke|p2|Zapdos-Galar|\n|poke|p2|Primeape, F|\n|poke|p2|Wobbuffet, M|\n|teampreview\n|c|\u2606Salfy|glhf\n|\n|t:|1697382253\n|start\n|switch|p1a: Zapdos|Zapdos-Galar|100\/100\n|switch|p1b: Toxicroak|Toxicroak, F|100\/100\n|switch|p2a: Mienshao|Mienshao, F|100\/100\n|switch|p2b: Zapdos|Zapdos-Galar|100\/100\n|turn|1\n|c|\u2606digiposho|glhf\n|\n|t:|1697382264\n|move|p2a: Mienshao|Fake Out|p1a: Zapdos\n|-damage|p1a: Zapdos|86\/100\n|move|p1b: Toxicroak|Fake Out|p2b: Zapdos\n|-damage|p2b: Zapdos|91\/100\n|cant|p1a: Zapdos|flinch\n|cant|p2b: Zapdos|flinch\n|\n|upkeep\n|turn|2\n|\n|t:|1697382280\n|switch|p2b: Chesnaught|Chesnaught, M|100\/100\n|move|p1a: Zapdos|Brave Bird|p2b: Chesnaught\n|-supereffective|p2b: Chesnaught\n|-damage|p2b: Chesnaught|0 fnt\n|faint|p2b: Chesnaught\n|-damage|p1a: Zapdos|47\/100|[from] Recoil\n|move|p2a: Mienshao|U-turn|p1b: Toxicroak\n|-resisted|p1b: Toxicroak\n|-damage|p1b: Toxicroak|91\/100\n|\n|t:|1697382290\n|switch|p2a: Wobbuffet|Wobbuffet, M|100\/100|[from] U-turn\n|move|p1b: Toxicroak|Focus Blast|p2a: Wobbuffet\n|-resisted|p2a: Wobbuffet\n|-damage|p2a: Wobbuffet|80\/100\n|\n|upkeep\n|\n|t:|1697382303\n|switch|p2b: Primeape|Primeape, F|100\/100\n|turn|3\n|\n|t:|1697382358\n|move|p2b: Primeape|Protect|p2b: Primeape\n|-singleturn|p2b: Primeape|Protect\n|move|p1a: Zapdos|Brave Bird|p2a: Wobbuffet\n|-crit|p2a: Wobbuffet\n|-damage|p2a: Wobbuffet|21\/100\n|-damage|p1a: Zapdos|30\/100|[from] item: Rocky Helmet|[of] p2a: Wobbuffet\n|-damage|p1a: Zapdos|0 fnt|[from] Recoil\n|faint|p1a: Zapdos\n|move|p1b: Toxicroak|Sludge Wave|p2b: Primeape|[spread] p2a\n|-activate|p2b: Primeape|move: Protect\n|-damage|p2a: Wobbuffet|0 fnt\n|faint|p2a: Wobbuffet\n|\n|upkeep\n|\n|t:|1697382373\n|switch|p1a: Blaziken|Blaziken, M|100\/100\n|switch|p2a: Zapdos|Zapdos-Galar|91\/100\n|turn|4\n|\n|t:|1697382391\n|detailschange|p1a: Blaziken|Blaziken-Mega, M\n|-mega|p1a: Blaziken|Blaziken|Blazikenite\n|-terastallize|p1b: Toxicroak|Poison\n|move|p1a: Blaziken|Protect|p1a: Blaziken\n|-singleturn|p1a: Blaziken|Protect\n|move|p2a: Zapdos|Tailwind|p2a: Zapdos\n|-sidestart|p2: digiposho|move: Tailwind\n|move|p2b: Primeape|Acrobatics|p1b: Toxicroak\n|-damage|p1b: Toxicroak|63\/100\n|move|p1b: Toxicroak|Sludge Wave|p2a: Zapdos|[spread] p2a,p2b\n|-activate|p1a: Blaziken|move: Protect\n|-damage|p2a: Zapdos|48\/100\n|-damage|p2b: Primeape|40\/100\n|-enditem|p2b: Primeape|Sitrus Berry|[eat]\n|-heal|p2b: Primeape|65\/100|[from] item: Sitrus Berry\n|\n|-ability|p1a: Blaziken|Speed Boost|boost\n|-boost|p1a: Blaziken|spe|1\n|upkeep\n|turn|5\n|\n|t:|1697382427\n|-terastallize|p2a: Zapdos|Flying\n|move|p2a: Zapdos|Brave Bird|p1b: Toxicroak\n|-damage|p1b: Toxicroak|0 fnt\n|faint|p1b: Toxicroak\n|-damage|p2a: Zapdos|29\/100|[from] Recoil\n|move|p2b: Primeape|Acrobatics|p1a: Blaziken\n|-supereffective|p1a: Blaziken\n|-damage|p1a: Blaziken|14\/100\n|move|p1a: Blaziken|Flare Blitz|p2a: Zapdos\n|-damage|p2a: Zapdos|0 fnt\n|faint|p2a: Zapdos\n|-damage|p1a: Blaziken|4\/100|[from] Recoil\n|\n|-ability|p1a: Blaziken|Speed Boost|boost\n|-boost|p1a: Blaziken|spe|1\n|upkeep\n|c|\u2606digiposho|wrong tera\n|\n|t:|1697382502\n|switch|p2a: Blaziken|Blaziken, M|100\/100\n|switch|p1b: Bewear|Bewear, M|100\/100\n|turn|6\n|\n|t:|1697382530\n|detailschange|p2a: Blaziken|Blaziken-Mega, M\n|-mega|p2a: Blaziken|Blaziken|Blazikenite\n|move|p1a: Blaziken|Protect|p1a: Blaziken\n|-singleturn|p1a: Blaziken|Protect\n|move|p2a: Blaziken|Swords Dance|p2a: Blaziken\n|-boost|p2a: Blaziken|atk|2\n|move|p2b: Primeape|Acrobatics|p1a: Blaziken\n|-activate|p1a: Blaziken|move: Protect\n|move|p1b: Bewear|Close Combat|p2b: Primeape\n|-damage|p2b: Primeape|0 fnt\n|-unboost|p1b: Bewear|def|1\n|-unboost|p1b: Bewear|spd|1\n|faint|p2b: Primeape\n|\n|-ability|p2a: Blaziken|Speed Boost|boost\n|-boost|p2a: Blaziken|spe|1\n|-ability|p1a: Blaziken|Speed Boost|boost\n|-boost|p1a: Blaziken|spe|1\n|upkeep\n|\n|t:|1697382536\n|switch|p2b: Mienshao|Mienshao, F|100\/100\n|turn|7\n|\n|t:|1697382578\n|move|p2b: Mienshao|Fake Out|p1a: Blaziken\n|-damage|p1a: Blaziken|0 fnt\n|faint|p1a: Blaziken\n|move|p2a: Blaziken|Brave Bird|p1b: Bewear\n|-supereffective|p1b: Bewear\n|-damage|p1b: Bewear|0 fnt\n|faint|p1b: Bewear\n|-damage|p2a: Blaziken|57\/100|[from] Recoil\n|\n|-sideend|p2: digiposho|move: Tailwind\n|-ability|p2a: Blaziken|Speed Boost|boost\n|-boost|p2a: Blaziken|spe|1\n|upkeep\n|\n|t:|1697382586\n|switch|p1a: Great Tusk|Great Tusk|100\/100\n|switch|p1b: Heracross|Heracross, F|100\/100\n|turn|8\n|\n|t:|1697382600\n|move|p2a: Blaziken|Protect|p2a: Blaziken\n|-singleturn|p2a: Blaziken|Protect\n|move|p2b: Mienshao|Acrobatics|p1b: Heracross\n|-supereffective|p1b: Heracross\n|-damage|p1b: Heracross|2\/100\n|move|p1b: Heracross|Close Combat|p2b: Mienshao\n|-damage|p2b: Mienshao|0 fnt\n|-unboost|p1b: Heracross|def|1\n|-unboost|p1b: Heracross|spd|1\n|faint|p2b: Mienshao\n|move|p1a: Great Tusk|Headlong Rush|p2a: Blaziken\n|-activate|p2a: Blaziken|move: Protect\n|\n|-ability|p2a: Blaziken|Speed Boost|boost\n|-boost|p2a: Blaziken|spe|1\n|-status|p1b: Heracross|brn|[from] item: Flame Orb\n|upkeep\n|turn|9\n|c|\u2606digiposho|gg\n|\n|t:|1697382622\n|move|p2a: Blaziken|Brave Bird|p1a: Great Tusk\n|-supereffective|p1a: Great Tusk\n|-damage|p1a: Great Tusk|0 fnt\n|-damage|p2a: Blaziken|41\/100|[from] item: Rocky Helmet|[of] p1a: Great Tusk\n|faint|p1a: Great Tusk\n|-end|p1a: Great Tusk|Protosynthesis|[silent]\n|-damage|p2a: Blaziken|0 fnt|[from] Recoil\n|faint|p2a: Blaziken\n|\n|win|Salfy\n|c|\u2606Salfy|gg\n","uploadtime":1697382631,"views":7,"p1id":"salfy","p2id":"digiposho","formatid":"gen9nationaldexdoubles","rating":0,"private":0,"password":""}