{"id":"gen9nationaldexdoubles-1958891945","p1":"toffee1497","p2":"impastabot4000","format":"[Gen 9] National Dex Doubles","log":"|j|\u2606toffee1497\n|j|\u2606impastabot4000\n|t:|1696366163\n|gametype|doubles\n|player|p1|toffee1497|elio|1311\n|player|p2|impastabot4000|nate|1193\n|teamsize|p1|6\n|teamsize|p2|6\n|gen|9\n|tier|[Gen 9] National Dex Doubles\n|rated|\n|rule|HP Percentage Mod: HP is shown in percentages\n|rule|Endless Battle Clause: Forcing endless battles is banned\n|rule|OHKO Clause: OHKO moves are banned\n|rule|Evasion Moves Clause: Evasion moves are banned\n|rule|Evasion Abilities Clause: Evasion abilities are banned\n|rule|Species Clause: Limit one of each Pok\u00e9mon\n|rule|Gravity Sleep Clause: The combination of sleep-inducing moves with imperfect accuracy and Gravity or Gigantamax Orbeetle are banned\n|clearpoke\n|poke|p1|Mimikyu, M|\n|poke|p1|Weavile, F|\n|poke|p1|Feraligatr, M|\n|poke|p1|Primarina, F|\n|poke|p1|Goodra, F|\n|poke|p1|Kommo-o, F|\n|poke|p2|Rillaboom, M|\n|poke|p2|Salamence, M|\n|poke|p2|Volcanion|\n|poke|p2|Chien-Pao|\n|poke|p2|Flutter Mane|\n|poke|p2|Ogerpon-Cornerstone, F|\n|teampreview\n|inactive|Battle timer is ON: inactive players will automatically lose when time's up. (requested by impastabot4000)\n|\n|t:|1696366193\n|start\n|switch|p1a: Weavile|Weavile, F|100\/100\n|switch|p1b: Kommo-o|Kommo-o, F|100\/100\n|switch|p2a: Flutter Mane|Flutter Mane|100\/100\n|switch|p2b: Volcanion|Volcanion|100\/100\n|-ability|p1a: Weavile|Pressure\n|turn|1\n|\n|t:|1696366221\n|switch|p1b: Goodra|Goodra, F|100\/100\n|move|p1a: Weavile|Fake Out|p2b: Volcanion\n|-damage|p2b: Volcanion|89\/100\n|move|p2a: Flutter Mane|Icy Wind|p1a: Weavile|[spread] p1a,p1b\n|-resisted|p1a: Weavile\n|-supereffective|p1b: Goodra\n|-damage|p1a: Weavile|84\/100\n|-damage|p1b: Goodra|82\/100\n|-unboost|p1a: Weavile|spe|1\n|-unboost|p1b: Goodra|spe|1\n|cant|p2b: Volcanion|flinch\n|\n|upkeep\n|turn|2\n|inactive|impastabot4000 has 120 seconds left.\n|\n|t:|1696366253\n|-end|p2a: Flutter Mane|Protosynthesis|[silent]\n|switch|p2a: Rillaboom|Rillaboom, M|100\/100\n|-fieldstart|move: Grassy Terrain|[from] ability: Grassy Surge|[of] p2a: Rillaboom\n|switch|p1a: Primarina|Primarina, F|100\/100\n|move|p2b: Volcanion|Heat Wave|p1b: Goodra|[spread] p1a,p1b\n|-resisted|p1a: Primarina\n|-resisted|p1b: Goodra\n|-damage|p1a: Primarina|86\/100\n|-damage|p1b: Goodra|74\/100\n|move|p1b: Goodra|Sludge Bomb|p2a: Rillaboom\n|-supereffective|p2a: Rillaboom\n|-damage|p2a: Rillaboom|60\/100\n|\n|-heal|p2a: Rillaboom|66\/100|[from] Grassy Terrain\n|-heal|p2b: Volcanion|95\/100|[from] Grassy Terrain\n|-heal|p1a: Primarina|92\/100|[from] Grassy Terrain\n|-heal|p1a: Primarina|98\/100|[from] item: Leftovers\n|-heal|p1b: Goodra|80\/100|[from] Grassy Terrain\n|upkeep\n|turn|3\n|inactive|impastabot4000 has 120 seconds left.\n|\n|t:|1696366299\n|-terastallize|p1a: Primarina|Fairy\n|move|p2a: Rillaboom|Wood Hammer|p1a: Primarina\n|-damage|p1a: Primarina|9\/100\n|-damage|p2a: Rillaboom|40\/100|[from] Recoil\n|move|p2b: Volcanion|Earth Power|p1b: Goodra\n|-damage|p1b: Goodra|67\/100\n|move|p1a: Primarina|Draining Kiss|p2a: Rillaboom\n|-damage|p2a: Rillaboom|10\/100\n|-heal|p1a: Primarina|34\/100|[from] drain|[of] p2a: Rillaboom\n|move|p1b: Goodra|Thunderbolt|p2b: Volcanion\n|-supereffective|p2b: Volcanion\n|-damage|p2b: Volcanion|57\/100\n|\n|-heal|p2a: Rillaboom|16\/100|[from] Grassy Terrain\n|-heal|p2b: Volcanion|64\/100|[from] Grassy Terrain\n|-heal|p1a: Primarina|40\/100|[from] Grassy Terrain\n|-heal|p1a: Primarina|46\/100|[from] item: Leftovers\n|-heal|p1b: Goodra|73\/100|[from] Grassy Terrain\n|upkeep\n|turn|4\n|inactive|impastabot4000 has 120 seconds left.\n|inactive|impastabot4000 has 90 seconds left.\n|\n|t:|1696366337\n|switch|p2b: Ogerpon|Ogerpon-Cornerstone, F|100\/100\n|switch|p1a: Mimikyu|Mimikyu, M|100\/100\n|move|p2a: Rillaboom|Wood Hammer|p1a: Mimikyu\n|-activate|p1a: Mimikyu|ability: Disguise\n|-damage|p1a: Mimikyu|100\/100\n|detailschange|p1a: Mimikyu|Mimikyu-Busted, M\n|-damage|p1a: Mimikyu|88\/100|[from] pokemon: Mimikyu-Busted\n|move|p1b: Goodra|Sludge Bomb|p2a: Rillaboom\n|-supereffective|p2a: Rillaboom\n|-damage|p2a: Rillaboom|0 fnt\n|faint|p2a: Rillaboom\n|\n|-heal|p1a: Mimikyu|94\/100|[from] Grassy Terrain\n|-heal|p1b: Goodra|79\/100|[from] Grassy Terrain\n|upkeep\n|inactive|impastabot4000 has 90 seconds left.\n|\n|t:|1696366354\n|switch|p2a: Salamence|Salamence, M|100\/100\n|-ability|p2a: Salamence|Intimidate|boost\n|-unboost|p1a: Mimikyu|atk|1\n|-unboost|p1b: Goodra|atk|1\n|turn|5\n|inactive|impastabot4000 has 90 seconds left.\n|\n|t:|1696366376\n|switch|p2a: Chien-Pao|Chien-Pao|100\/100\n|-ability|p2a: Chien-Pao|Sword of Ruin\n|-terastallize|p2b: Ogerpon|Rock\n|detailschange|p2b: Ogerpon|Ogerpon-Cornerstone-Tera, F, tera:Rock\n|-ability|p2b: Ogerpon|Embody Aspect (Cornerstone)|boost\n|-boost|p2b: Ogerpon|def|1\n|move|p2b: Ogerpon|Ivy Cudgel|p1b: Goodra\n|-crit|p1b: Goodra\n|-damage|p1b: Goodra|0 fnt\n|faint|p1b: Goodra\n|move|p1a: Mimikyu|Play Rough|p2a: Chien-Pao\n|-supereffective|p2a: Chien-Pao\n|-damage|p2a: Chien-Pao|33\/100\n|\n|-heal|p2a: Chien-Pao|39\/100|[from] Grassy Terrain\n|-heal|p1a: Mimikyu|99\/100|[from] Grassy Terrain\n|upkeep\n|inactive|toffee1497 has 120 seconds left.\n|\n|t:|1696366400\n|switch|p1b: Weavile|Weavile, F|84\/100\n|-ability|p1b: Weavile|Pressure\n|turn|6\n|\n|t:|1696366415\n|move|p2a: Chien-Pao|Protect|p2a: Chien-Pao\n|-singleturn|p2a: Chien-Pao|Protect\n|move|p2b: Ogerpon|Protect|p2b: Ogerpon\n|-singleturn|p2b: Ogerpon|Protect\n|move|p1b: Weavile|Fake Out|p2a: Chien-Pao\n|-activate|p2a: Chien-Pao|move: Protect\n|move|p1a: Mimikyu|Will-O-Wisp|p2b: Ogerpon\n|-activate|p2b: Ogerpon|move: Protect\n|\n|-heal|p2a: Chien-Pao|45\/100|[from] Grassy Terrain\n|-heal|p1b: Weavile|90\/100|[from] Grassy Terrain\n|-heal|p1a: Mimikyu|100\/100|[from] Grassy Terrain\n|-fieldend|move: Grassy Terrain\n|upkeep\n|turn|7\n|inactive|impastabot4000 has 120 seconds left.\n|\n|t:|1696366434\n|switch|p1b: Primarina|Primarina, F, tera:Fairy|46\/100\n|move|p2a: Chien-Pao|Sacred Sword|p1b: Primarina\n|-resisted|p1b: Primarina\n|-damage|p1b: Primarina|20\/100\n|move|p2b: Ogerpon|Ivy Cudgel|p1a: Mimikyu\n|-damage|p1a: Mimikyu|0 fnt\n|faint|p1a: Mimikyu\n|\n|-heal|p1b: Primarina|26\/100|[from] item: Leftovers\n|upkeep\n|\n|t:|1696366453\n|switch|p1a: Weavile|Weavile, F|90\/100\n|-ability|p1a: Weavile|Pressure\n|turn|8\n|\n|t:|1696366479\n|switch|p2b: Volcanion|Volcanion|64\/100\n|move|p1a: Weavile|Fake Out|p2b: Volcanion\n|-damage|p2b: Volcanion|49\/100\n|move|p2a: Chien-Pao|Ice Spinner|p1b: Primarina\n|-damage|p1b: Primarina|0 fnt\n|faint|p1b: Primarina\n|\n|upkeep\n|\n|t:|1696366487\n|switch|p1b: Kommo-o|Kommo-o, F|100\/100\n|turn|9\n|\n|t:|1696366504\n|move|p1b: Kommo-o|Vacuum Wave|p2a: Chien-Pao\n|-supereffective|p2a: Chien-Pao\n|-damage|p2a: Chien-Pao|0 fnt\n|faint|p2a: Chien-Pao\n|move|p1a: Weavile|Knock Off|p2b: Volcanion\n|-damage|p2b: Volcanion|11\/100\n|-enditem|p2b: Volcanion|Assault Vest|[from] move: Knock Off|[of] p1a: Weavile\n|move|p2b: Volcanion|Hidden Power|p1b: Kommo-o\n|-supereffective|p1b: Kommo-o\n|-damage|p1b: Kommo-o|51\/100\n|\n|upkeep\n|\n|t:|1696366514\n|switch|p2a: Flutter Mane|Flutter Mane|100\/100\n|turn|10\n|\n|t:|1696366529\n|move|p2a: Flutter Mane|Dazzling Gleam|p1a: Weavile|[spread] p1a,p1b\n|-supereffective|p1a: Weavile\n|-supereffective|p1b: Kommo-o\n|-damage|p1a: Weavile|0 fnt\n|-damage|p1b: Kommo-o|0 fnt\n|faint|p1a: Weavile\n|faint|p1b: Kommo-o\n|move|p2b: Volcanion|Heat Wave|p1: Weavile|[notarget]\n|-fail|p2b: Volcanion\n|\n|upkeep\n|c|\u2606impastabot4000|gg\n|c|\u2606toffee1497|gg\n|\n|t:|1696366540\n|switch|p1a: Feraligatr|Feraligatr, M|100\/100\n|turn|11\n|\n|t:|1696366550\n|move|p2a: Flutter Mane|Dazzling Gleam|p1a: Feraligatr\n|-damage|p1a: Feraligatr|17\/100\n|move|p1a: Feraligatr|Liquidation|p2a: Flutter Mane\n|-damage|p2a: Flutter Mane|0 fnt\n|faint|p2a: Flutter Mane\n|-end|p2a: Flutter Mane|Protosynthesis|[silent]\n|move|p2b: Volcanion|Earth Power|p1a: Feraligatr\n|-damage|p1a: Feraligatr|0 fnt\n|faint|p1a: Feraligatr\n|\n|win|impastabot4000\n|raw|toffee1497's rating: 1311 &rarr; <strong>1284<\/strong><br \/>(-27 for losing)\n|raw|impastabot4000's rating: 1193 &rarr; <strong>1226<\/strong><br \/>(+33 for winning)\n|l|\u2606toffee1497\n","uploadtime":1696366564,"views":11,"p1id":"toffee1497","p2id":"impastabot4000","formatid":"gen9nationaldexdoubles","rating":1226,"private":0,"password":""}