{"id":"gen9nationaldexdoubles-1960562139","p1":"the JRL","p2":"voltiix","format":"[Gen 9] National Dex Doubles","log":"|j|\u2606the JRL\n|j|\u2606voltiix\n|t:|1696534848\n|gametype|doubles\n|player|p1|the JRL|#scl3islanders2|\n|player|p2|voltiix|#lcwlblueeyeswhitebagons|\n|teamsize|p1|6\n|teamsize|p2|6\n|gen|9\n|tier|[Gen 9] National Dex Doubles\n|rule|HP Percentage Mod: HP is shown in percentages\n|rule|Endless Battle Clause: Forcing endless battles is banned\n|rule|OHKO Clause: OHKO moves are banned\n|rule|Evasion Moves Clause: Evasion moves are banned\n|rule|Evasion Abilities Clause: Evasion abilities are banned\n|rule|Species Clause: Limit one of each Pok\u00e9mon\n|rule|Gravity Sleep Clause: The combination of sleep-inducing moves with imperfect accuracy and Gravity or Gigantamax Orbeetle are banned\n|clearpoke\n|poke|p1|Kangaskhan, F|\n|poke|p1|Rillaboom, F|\n|poke|p1|Volcanion|\n|poke|p1|Zygarde|\n|poke|p1|Deoxys-Speed|\n|poke|p1|Diancie|\n|poke|p2|Diancie|\n|poke|p2|Amoonguss, M|\n|poke|p2|Stakataka|\n|poke|p2|Rillaboom, M|\n|poke|p2|Camerupt, F|\n|poke|p2|Hoopa-Unbound|\n|teampreview\n|inactive|Battle timer is ON: inactive players will automatically lose when time's up. (requested by the JRL)\n|c|\u2606voltiix|hf\n|c|\u2606the JRL|u2\n|inactive|the JRL has 270 seconds left.\n|inactive|voltiix has 270 seconds left.\n|j| Elena Rybakina\n|j| ratpacker\n|inactive|the JRL has 240 seconds left.\n|inactive|voltiix has 240 seconds left.\n|inactive|voltiix has 210 seconds left.\n|j|+Mada\n|\n|t:|1696534957\n|start\n|switch|p1a: Rillaboom|Rillaboom, F|100\/100\n|switch|p1b: Volcanion|Volcanion|100\/100\n|switch|p2a: Rillaboom|Rillaboom, M|100\/100\n|switch|p2b: Stakataka|Stakataka, shiny|100\/100\n|-fieldstart|move: Grassy Terrain|[from] ability: Grassy Surge|[of] p1a: Rillaboom\n|turn|1\n|inactive|voltiix has 270 seconds left.\n|j| Entrocefalo\n|inactive|the JRL has 270 seconds left.\n|j| Elfuseon\n|inactive|the JRL has 240 seconds left.\n|\n|t:|1696535020\n|switch|p1b: Kangaskhan|Kangaskhan, F|100\/100\n|-terastallize|p2b: Stakataka|Ghost\n|move|p1a: Rillaboom|Fake Out|p2b: Stakataka\n|-immune|p2b: Stakataka\n|move|p2a: Rillaboom|U-turn|p1a: Rillaboom\n|-supereffective|p1a: Rillaboom\n|-damage|p1a: Rillaboom|47\/100\n|l|+Mada\n|inactive|voltiix has 240 seconds left.\n|\n|t:|1696535066\n|switch|p2a: Camerupt|Camerupt, F, shiny|100\/100|[from] U-turn\n|move|p2b: Stakataka|Trick Room|p2b: Stakataka\n|-fieldstart|move: Trick Room|[of] p2b: Stakataka\n|\n|-heal|p1a: Rillaboom|53\/100|[from] Grassy Terrain\n|upkeep\n|turn|2\n|inactive|the JRL has 240 seconds left.\n|inactive|voltiix has 210 seconds left.\n|inactive|the JRL has 210 seconds left.\n|inactive|the JRL has 180 seconds left.\n|\n|t:|1696535170\n|switch|p1a: Deoxys|Deoxys-Speed|100\/100\n|-ability|p1a: Deoxys|Pressure\n|detailschange|p2a: Camerupt|Camerupt-Mega, F, shiny\n|-mega|p2a: Camerupt|Camerupt|Cameruptite\n|detailschange|p1b: Kangaskhan|Kangaskhan-Mega, F\n|-mega|p1b: Kangaskhan|Kangaskhan|Kangaskhanite\n|move|p1b: Kangaskhan|Fake Out|p2a: Camerupt\n|-damage|p2a: Camerupt|84\/100\n|-damage|p2a: Camerupt|80\/100\n|-hitcount|p2a: Camerupt|2\n|move|p2b: Stakataka|Gyro Ball|p1b: Kangaskhan\n|-crit|p1b: Kangaskhan\n|-damage|p1b: Kangaskhan|0 fnt\n|faint|p1b: Kangaskhan\n|-ability|p2b: Stakataka|Beast Boost|boost\n|-boost|p2b: Stakataka|atk|1\n|cant|p2a: Camerupt|flinch\n|\n|-heal|p2a: Camerupt|86\/100|[from] Grassy Terrain\n|upkeep\n|j|+Mada\n|inactive|the JRL has 150 seconds left.\n|\n|t:|1696535217\n|switch|p1b: Volcanion|Volcanion|100\/100\n|turn|3\n|inactive|the JRL has 150 seconds left.\n|l| Elena Rybakina\n|inactive|voltiix has 210 seconds left.\n|l|+Mada\n|inactive|the JRL has 120 seconds left.\n|j|+Mada\n|inactive|voltiix has 180 seconds left.\n|inactive|the JRL has 90 seconds left.\n|j| Chris Numbers\n|inactive|voltiix has 150 seconds left.\n|\n|t:|1696535323\n|move|p2a: Camerupt|Protect|p2a: Camerupt\n|-singleturn|p2a: Camerupt|Protect\n|move|p1b: Volcanion|Protect|p1b: Volcanion\n|-singleturn|p1b: Volcanion|Protect\n|move|p2b: Stakataka|Rock Slide|p1b: Volcanion|[spread] p1a\n|-activate|p1b: Volcanion|move: Protect\n|-damage|p1a: Deoxys|48\/100\n|move|p1a: Deoxys|Psycho Boost|p2b: Stakataka\n|-damage|p2b: Stakataka|45\/100\n|-unboost|p1a: Deoxys|spa|2\n|\n|-heal|p2b: Stakataka|51\/100|[from] Grassy Terrain\n|-heal|p2a: Camerupt|92\/100|[from] Grassy Terrain\n|-heal|p1a: Deoxys|54\/100|[from] Grassy Terrain\n|upkeep\n|turn|4\n|inactive|voltiix has 150 seconds left.\n|inactive|the JRL has 90 seconds left.\n|inactive|voltiix has 120 seconds left.\n|\n|t:|1696535372\n|-terastallize|p1b: Volcanion|Grass\n|move|p2b: Stakataka|Rock Slide|p1a: Deoxys|[spread] p1a,p1b\n|-damage|p1a: Deoxys|1\/100\n|-damage|p1b: Volcanion|60\/100\n|move|p2a: Camerupt|Heat Wave|p1a: Deoxys|[spread] p1a,p1b\n|-supereffective|p1b: Volcanion\n|-damage|p1a: Deoxys|0 fnt\n|-damage|p1b: Volcanion|0 fnt\n|faint|p1a: Deoxys\n|faint|p1b: Volcanion\n|\n|-heal|p2b: Stakataka|58\/100|[from] Grassy Terrain\n|-heal|p2a: Camerupt|98\/100|[from] Grassy Terrain\n|upkeep\n|j| pannuracotta\n|inactive|the JRL has 60 seconds left.\n|j| sexzai\n|\n|t:|1696535401\n|switch|p1b: Rillaboom|Rillaboom, F|53\/100\n|switch|p1a: Zygarde|Zygarde, shiny|100\/100\n|-ability|p1a: Zygarde|Aura Break\n|turn|5\n|c| sexzai|Fermin eres tu?\n|inactive|voltiix has 120 seconds left.\n|l| pannuracotta\n|\n|t:|1696535459\n|switch|p2a: Rillaboom|Rillaboom, M|100\/100\n|move|p1b: Rillaboom|Fake Out|p2a: Rillaboom\n|-damage|p2a: Rillaboom|86\/100\n|move|p2b: Stakataka|Gyro Ball|p1b: Rillaboom\n|-damage|p1b: Rillaboom|0 fnt\n|faint|p1b: Rillaboom\n|-ability|p2b: Stakataka|Beast Boost|boost\n|-boost|p2b: Stakataka|atk|1\n|move|p1a: Zygarde|Dragon Dance|p1a: Zygarde\n|-boost|p1a: Zygarde|atk|1\n|-boost|p1a: Zygarde|spe|1\n|\n|-heal|p2b: Stakataka|64\/100|[from] Grassy Terrain\n|-heal|p2a: Rillaboom|92\/100|[from] Grassy Terrain\n|-fieldend|move: Trick Room\n|-fieldend|move: Grassy Terrain\n|upkeep\n|inactive|the JRL has 60 seconds left.\n|\n|t:|1696535471\n|switch|p1b: Diancie|Diancie|100\/100\n|turn|6\n|inactive|voltiix has 120 seconds left.\n|inactive|voltiix has 90 seconds left.\n|inactive|voltiix has 60 seconds left.\n|j| cielau origine \u266b\n|inactive|voltiix has 30 seconds left.\n|\n|t:|1696535574\n|move|p2a: Rillaboom|Fake Out|p1b: Diancie\n|-resisted|p1b: Diancie\n|-damage|p1b: Diancie|94\/100\n|move|p1a: Zygarde|Thousand Arrows|p2b: Stakataka|[spread] p2a,p2b\n|-resisted|p2a: Rillaboom\n|-damage|p2a: Rillaboom|74\/100\n|-damage|p2b: Stakataka|38\/100\n|cant|p1b: Diancie|flinch\n|move|p2b: Stakataka|Trick Room|p2b: Stakataka\n|-fieldstart|move: Trick Room|[of] p2b: Stakataka\n|\n|upkeep\n|turn|7\n|inactive|the JRL has 90 seconds left.\n|inactive|voltiix has 30 seconds left.\n|\n|t:|1696535603\n|move|p1a: Zygarde|Protect|p1a: Zygarde\n|-singleturn|p1a: Zygarde|Protect\n|move|p2b: Stakataka|Gyro Ball|p1a: Zygarde\n|-activate|p1a: Zygarde|move: Protect\n|move|p2a: Rillaboom|Wood Hammer|p1a: Zygarde\n|-activate|p1a: Zygarde|move: Protect\n|move|p1b: Diancie|Trick Room|p1b: Diancie\n|-fieldend|move: Trick Room\n|\n|upkeep\n|turn|8\n|inactive|the JRL has 90 seconds left.\n|inactive|voltiix has 30 seconds left.\n|j| 2019 Kawhi\n|\n|t:|1696535640\n|move|p1a: Zygarde|Thousand Arrows|p2b: Stakataka|[spread] p2a,p2b\n|-resisted|p2a: Rillaboom\n|-damage|p2a: Rillaboom|53\/100\n|-damage|p2b: Stakataka|11\/100\n|move|p2a: Rillaboom|Wood Hammer|p1b: Diancie\n|-supereffective|p1b: Diancie\n|-damage|p1b: Diancie|0 fnt\n|faint|p1b: Diancie\n|-damage|p2a: Rillaboom|30\/100|[from] Recoil\n|move|p2b: Stakataka|Gyro Ball|p1a: Zygarde\n|-damage|p1a: Zygarde|0 fnt\n|faint|p1a: Zygarde\n|\n|win|voltiix\n|c|\u2606voltiix|gg\n|c|\u2606the JRL|gg\n|l| Elfuseon\n|l|\u2606the JRL\n|l| ratpacker\n|l|+Mada\n|l| Entrocefalo\n|l| sexzai\n|l| Chris Numbers\n|l| cielau origine \u266b\n","uploadtime":1696535652,"views":112,"p1id":"thejrl","p2id":"voltiix","formatid":"gen9nationaldexdoubles","rating":0,"private":0,"password":""}