{"id":"gen9nationaldexdoubles-1961412529","p1":"lglg gui","p2":"ElectroShibe","format":"[Gen 9] National Dex Doubles","log":"|j|\u2606lglg gui\n|j|\u2606ElectroShibe\n|t:|1696623043\n|gametype|doubles\n|player|p1|lglg gui|lucas|1048\n|player|p2|ElectroShibe|265|1219\n|teamsize|p1|6\n|teamsize|p2|6\n|gen|9\n|tier|[Gen 9] National Dex Doubles\n|rated|\n|rule|HP Percentage Mod: HP is shown in percentages\n|rule|Endless Battle Clause: Forcing endless battles is banned\n|rule|OHKO Clause: OHKO moves are banned\n|rule|Evasion Moves Clause: Evasion moves are banned\n|rule|Evasion Abilities Clause: Evasion abilities are banned\n|rule|Species Clause: Limit one of each Pok\u00e9mon\n|rule|Gravity Sleep Clause: The combination of sleep-inducing moves with imperfect accuracy and Gravity or Gigantamax Orbeetle are banned\n|clearpoke\n|poke|p1|Indeedee-F, F|\n|poke|p1|Oranguru, F|\n|poke|p1|Glastrier|\n|poke|p1|Hoopa-Unbound|\n|poke|p1|Ursaluna, F|\n|poke|p1|Zygarde|\n|poke|p2|Ninetales, M|\n|poke|p2|Ceruledge, M|\n|poke|p2|Arcanine-Hisui, F|\n|poke|p2|Eevee, M|\n|poke|p2|Amoonguss, M|\n|poke|p2|Krookodile, F|\n|teampreview\n|inactive|Battle timer is ON: inactive players will automatically lose when time's up. (requested by lglg gui)\n|\n|t:|1696623059\n|start\n|switch|p1a: Hoopa|Hoopa-Unbound|100\/100\n|switch|p1b: Zygarde|Zygarde|100\/100\n|switch|p2a: Eevee|Eevee, M, shiny|100\/100\n|switch|p2b: Amoonguss|Amoonguss, M|100\/100\n|-ability|p1b: Zygarde|Aura Break\n|turn|1\n|\n|t:|1696623073\n|move|p2a: Eevee|Detect|p2a: Eevee\n|-singleturn|p2a: Eevee|Protect\n|move|p1b: Zygarde|Coil|p1b: Zygarde\n|-boost|p1b: Zygarde|atk|1\n|-boost|p1b: Zygarde|def|1\n|-boost|p1b: Zygarde|accuracy|1\n|move|p2b: Amoonguss|Spore|p1b: Zygarde\n|-status|p1b: Zygarde|slp|[from] move: Spore\n|move|p1a: Hoopa|Trick Room|p1a: Hoopa\n|-fieldstart|move: Trick Room|[of] p1a: Hoopa\n|-enditem|p1b: Zygarde|Room Service\n|-unboost|p1b: Zygarde|spe|1|[from] item: Room Service\n|-enditem|p1a: Hoopa|Room Service\n|-unboost|p1a: Hoopa|spe|1|[from] item: Room Service\n|\n|upkeep\n|turn|2\n|\n|t:|1696623092\n|move|p2b: Amoonguss|Rage Powder|p2b: Amoonguss\n|-singleturn|p2b: Amoonguss|move: Rage Powder\n|move|p1a: Hoopa|Dark Pulse|p2b: Amoonguss\n|-damage|p2b: Amoonguss|63\/100\n|-item|p1a: Hoopa|Black Sludge|[from] ability: Magician|[of] p2b: Amoonguss\n|cant|p1b: Zygarde|slp\n|-zpower|p2a: Eevee\n|move|p2a: Eevee|Extreme Evoboost|p2a: Eevee\n|-boost|p2a: Eevee|atk|2\n|-boost|p2a: Eevee|def|2\n|-boost|p2a: Eevee|spa|2\n|-boost|p2a: Eevee|spd|2\n|-boost|p2a: Eevee|spe|2\n|\n|-damage|p1a: Hoopa|88\/100|[from] item: Black Sludge\n|upkeep\n|turn|3\n|\n|t:|1696623112\n|move|p2b: Amoonguss|Rage Powder|p2b: Amoonguss\n|-singleturn|p2b: Amoonguss|move: Rage Powder\n|move|p1a: Hoopa|Psyshock|p2b: Amoonguss\n|-supereffective|p2b: Amoonguss\n|-damage|p2b: Amoonguss|0 fnt\n|faint|p2b: Amoonguss\n|cant|p1b: Zygarde|slp\n|move|p2a: Eevee|Baton Pass|p2a: Eevee\n|\n|t:|1696623118\n|switch|p2a: Big Bertha|Krookodile, F|100\/100|[from] Baton Pass\n|\n|-damage|p1a: Hoopa|76\/100|[from] item: Black Sludge\n|upkeep\n|\n|t:|1696623128\n|switch|p2b: Eevee|Eevee, M, shiny|100\/100\n|turn|4\n|\n|t:|1696623137\n|move|p2b: Eevee|Helping Hand|p2a: Big Bertha\n|-singleturn|p2a: Big Bertha|Helping Hand|[of] p2b: Eevee\n|move|p1a: Hoopa|Dark Pulse|p2a: Big Bertha\n|-resisted|p2a: Big Bertha\n|-damage|p2a: Big Bertha|82\/100\n|cant|p1b: Zygarde|slp\n|move|p2a: Big Bertha|Earthquake|p1a: Hoopa|[spread] p2b,p1a,p1b\n|-damage|p2b: Eevee|0 fnt\n|-damage|p1a: Hoopa|0 fnt\n|-damage|p1b: Zygarde|51\/100 slp\n|faint|p2b: Eevee\n|faint|p1a: Hoopa\n|-ability|p2a: Big Bertha|Moxie|boost\n|-boost|p2a: Big Bertha|atk|2\n|\n|upkeep\n|\n|t:|1696623159\n|switch|p1a: Glastrier|Glastrier|100\/100\n|switch|p2b: Arcanine|Arcanine-Hisui, F|100\/100\n|turn|5\n|\n|t:|1696623177\n|-terastallize|p1a: Glastrier|Ice\n|move|p1a: Glastrier|Icicle Spear|p2a: Big Bertha\n|-supereffective|p2a: Big Bertha\n|-damage|p2a: Big Bertha|55\/100\n|-supereffective|p2a: Big Bertha\n|-damage|p2a: Big Bertha|29\/100\n|-supereffective|p2a: Big Bertha\n|-damage|p2a: Big Bertha|3\/100\n|-supereffective|p2a: Big Bertha\n|-damage|p2a: Big Bertha|0 fnt\n|faint|p2a: Big Bertha\n|-ability|p1a: Glastrier|Chilling Neigh|boost\n|-boost|p1a: Glastrier|atk|1\n|-hitcount|p2: Big Bertha|4\n|-curestatus|p1b: Zygarde|slp|[msg]\n|move|p1b: Zygarde|Thousand Arrows|p2b: Arcanine\n|-supereffective|p2b: Arcanine\n|-damage|p2b: Arcanine|0 fnt\n|faint|p2b: Arcanine\n|\n|-fieldend|move: Trick Room\n|upkeep\n|\n|t:|1696623185\n|switch|p2a: Ninetales|Ninetales, M|100\/100\n|switch|p2b: Ceruledge|Ceruledge, M|100\/100\n|-weather|SunnyDay|[from] ability: Drought|[of] p2a: Ninetales\n|turn|6\n|\n|t:|1696623207\n|-terastallize|p2b: Ceruledge|Fighting\n|move|p1a: Glastrier|Protect|p1a: Glastrier\n|-singleturn|p1a: Glastrier|Protect\n|move|p2a: Ninetales|Heat Wave|p1b: Zygarde|[spread] p1b\n|-activate|p1a: Glastrier|move: Protect\n|-resisted|p1b: Zygarde\n|-damage|p1b: Zygarde|39\/100\n|move|p2b: Ceruledge|Swords Dance|p2b: Ceruledge\n|-boost|p2b: Ceruledge|atk|2\n|move|p1b: Zygarde|Thousand Arrows|p2a: Ninetales|[spread] p2a,p2b\n|-supereffective|p2a: Ninetales\n|-damage|p2a: Ninetales|0 fnt\n|-damage|p2b: Ceruledge|53\/100\n|faint|p2a: Ninetales\n|\n|-weather|SunnyDay|[upkeep]\n|upkeep\n|turn|7\n|\n|t:|1696623226\n|move|p2b: Ceruledge|Bitter Blade|p1a: Glastrier\n|-supereffective|p1a: Glastrier\n|-damage|p1a: Glastrier|0 fnt\n|-heal|p2b: Ceruledge|100\/100|[from] drain|[of] p1a: Glastrier\n|faint|p1a: Glastrier\n|move|p1b: Zygarde|Thousand Arrows|p2b: Ceruledge\n|-damage|p2b: Ceruledge|33\/100\n|\n|-weather|SunnyDay|[upkeep]\n|upkeep\n|\n|t:|1696623231\n|switch|p1a: Indeedee|Indeedee-F, F|100\/100\n|-fieldstart|move: Psychic Terrain|[from] ability: Psychic Surge|[of] p1a: Indeedee\n|turn|8\n|\n|t:|1696623236\n|move|p2b: Ceruledge|Bitter Blade|p1a: Indeedee\n|-enditem|p1a: Indeedee|Focus Sash\n|-damage|p1a: Indeedee|1\/100\n|-heal|p2b: Ceruledge|92\/100|[from] drain|[of] p1a: Indeedee\n|move|p1b: Zygarde|Thousand Arrows|p2b: Ceruledge\n|-damage|p2b: Ceruledge|24\/100\n|move|p1a: Indeedee|Trick Room|p1a: Indeedee\n|-fieldstart|move: Trick Room|[of] p1a: Indeedee\n|\n|-weather|SunnyDay|[upkeep]\n|upkeep\n|turn|9\n|\n|t:|1696623247\n|move|p1a: Indeedee|Follow Me|p1a: Indeedee\n|-singleturn|p1a: Indeedee|move: Follow Me\n|move|p1b: Zygarde|Thousand Arrows|p2b: Ceruledge\n|-crit|p2b: Ceruledge\n|-damage|p2b: Ceruledge|0 fnt\n|faint|p2b: Ceruledge\n|\n|win|lglg gui\n|raw|lglg gui's rating: 1048 &rarr; <strong>1096<\/strong><br \/>(+48 for winning)\n|raw|ElectroShibe's rating: 1219 &rarr; <strong>1183<\/strong><br \/>(-36 for losing)\n","uploadtime":1696623252,"views":8,"p1id":"lglggui","p2id":"electroshibe","formatid":"gen9nationaldexdoubles","rating":1096,"private":0,"password":""}