{"id":"gen9nationaldexdoubles-1974349063","p1":"Drixzard","p2":"Mr.Shadowdusk","format":"[Gen 9] National Dex Doubles","log":"|j|\u2606Drixzard\n|j|\u2606Mr.Shadowdusk\n|t:|1698079907\n|gametype|doubles\n|player|p1|Drixzard|169|\n|player|p2|Mr.Shadowdusk|bellelba|\n|teamsize|p1|6\n|teamsize|p2|6\n|gen|9\n|tier|[Gen 9] National Dex Doubles\n|rule|HP Percentage Mod: HP is shown in percentages\n|rule|Endless Battle Clause: Forcing endless battles is banned\n|rule|OHKO Clause: OHKO moves are banned\n|rule|Evasion Moves Clause: Evasion moves are banned\n|rule|Evasion Abilities Clause: Evasion abilities are banned\n|rule|Species Clause: Limit one of each Pok\u00e9mon\n|rule|Gravity Sleep Clause: The combination of sleep-inducing moves with imperfect accuracy and Gravity or Gigantamax Orbeetle are banned\n|clearpoke\n|poke|p1|Sinistcha-Masterpiece|\n|poke|p1|Flutter Mane|\n|poke|p1|Gholdengo|\n|poke|p1|Skeledirge, F|\n|poke|p1|Typhlosion-Hisui, M|\n|poke|p1|Marshadow|\n|poke|p2|Hydreigon, M|\n|poke|p2|Tapu Fini|\n|poke|p2|Ting-Lu|\n|poke|p2|Gallade, M|\n|poke|p2|Goodra, M|\n|poke|p2|Gholdengo|\n|teampreview\n|inactive|Battle timer is ON: inactive players will automatically lose when time's up. (requested by Mr.Shadowdusk)\n|\n|t:|1698079921\n|start\n|switch|p1a: Flutter Mane|Flutter Mane|100\/100\n|switch|p1b: Marshadow|Marshadow|100\/100\n|switch|p2a: Gholdengo|Gholdengo|100\/100\n|switch|p2b: Ting-Lu|Ting-Lu|100\/100\n|-ability|p2b: Ting-Lu|Vessel of Ruin\n|-enditem|p1a: Flutter Mane|Booster Energy\n|-activate|p1a: Flutter Mane|ability: Protosynthesis|[fromitem]\n|-start|p1a: Flutter Mane|protosynthesisspe\n|turn|1\n|\n|t:|1698079936\n|switch|p2b: Tapu Fini|Tapu Fini, shiny|100\/100\n|-fieldstart|move: Misty Terrain|[from] ability: Misty Surge|[of] p2b: Tapu Fini\n|move|p1a: Flutter Mane|Shadow Ball|p2a: Gholdengo\n|-supereffective|p2a: Gholdengo\n|-damage|p2a: Gholdengo|3\/100\n|move|p1b: Marshadow|Drain Punch|p2b: Tapu Fini\n|-resisted|p2b: Tapu Fini\n|-damage|p2b: Tapu Fini|83\/100\n|move|p2a: Gholdengo|Make It Rain|p1a: Flutter Mane|[spread] p1a,p1b\n|-supereffective|p1a: Flutter Mane\n|-damage|p1a: Flutter Mane|0 fnt\n|-damage|p1b: Marshadow|40\/100\n|-unboost|p2a: Gholdengo|spa|1\n|faint|p1a: Flutter Mane\n|-end|p1a: Flutter Mane|Protosynthesis|[silent]\n|\n|upkeep\n|\n|t:|1698079952\n|switch|p1a: Typhlosion|Typhlosion-Hisui, M|100\/100\n|-item|p2a: Gholdengo|Choice Scarf|[from] ability: Frisk|[of] p1a: Typhlosion|[identify]\n|-item|p2b: Tapu Fini|Terrain Extender|[from] ability: Frisk|[of] p1a: Typhlosion|[identify]\n|turn|2\n|\n|t:|1698079961\n|move|p1b: Marshadow|Drain Punch|p2b: Tapu Fini\n|-resisted|p2b: Tapu Fini\n|-damage|p2b: Tapu Fini|65\/100\n|-heal|p1b: Marshadow|49\/100|[from] drain|[of] p2b: Tapu Fini\n|move|p1a: Typhlosion|Eruption|p2b: Tapu Fini|[spread] p2a,p2b\n|-supereffective|p2a: Gholdengo\n|-resisted|p2b: Tapu Fini\n|-damage|p2a: Gholdengo|0 fnt\n|-damage|p2b: Tapu Fini|44\/100\n|faint|p2a: Gholdengo\n|move|p2b: Tapu Fini|Surf|p1b: Marshadow|[spread] p1a,p1b\n|-supereffective|p1a: Typhlosion\n|-damage|p1a: Typhlosion|20\/100\n|-damage|p1b: Marshadow|11\/100\n|\n|upkeep\n|inactive|Mr.Shadowdusk has 270 seconds left.\n|\n|t:|1698079993\n|switch|p2a: Femboy|Gallade, M, shiny|100\/100\n|turn|3\n|\n|t:|1698080009\n|switch|p1b: Skeledirge|Skeledirge, F|100\/100\n|switch|p2a: Goodra|Goodra, M|100\/100\n|move|p1a: Typhlosion|Eruption|p2b: Tapu Fini|[spread] p2a,p2b\n|-resisted|p2a: Goodra\n|-resisted|p2b: Tapu Fini\n|-crit|p2b: Tapu Fini\n|-damage|p2a: Goodra|98\/100\n|-damage|p2b: Tapu Fini|38\/100\n|move|p2b: Tapu Fini|Dazzling Gleam|p1a: Typhlosion|[spread] p1a,p1b\n|-resisted|p1a: Typhlosion\n|-resisted|p1b: Skeledirge\n|-damage|p1a: Typhlosion|0 fnt\n|-damage|p1b: Skeledirge|88\/100\n|faint|p1a: Typhlosion\n|\n|upkeep\n|\n|t:|1698080029\n|switch|p1a: Marshadow|Marshadow|11\/100\n|turn|4\n|\n|t:|1698080050\n|move|p2b: Tapu Fini|Protect|p2b: Tapu Fini\n|-singleturn|p2b: Tapu Fini|Protect\n|move|p1a: Marshadow|Drain Punch|p2b: Tapu Fini\n|-activate|p2b: Tapu Fini|move: Protect\n|move|p2a: Goodra|Sludge Wave|p1b: Skeledirge|[spread] p1a,p1b\n|-activate|p2b: Tapu Fini|move: Protect\n|-resisted|p1a: Marshadow\n|-resisted|p1b: Skeledirge\n|-damage|p1a: Marshadow|0 fnt\n|-damage|p1b: Skeledirge|78\/100\n|faint|p1a: Marshadow\n|move|p1b: Skeledirge|Heat Wave|p2b: Tapu Fini|[spread] p2a\n|-activate|p2b: Tapu Fini|move: Protect\n|-resisted|p2a: Goodra\n|-damage|p2a: Goodra|92\/100\n|\n|upkeep\n|\n|t:|1698080060\n|switch|p1a: Gholdengo|Gholdengo|100\/100\n|turn|5\n|\n|t:|1698080070\n|move|p1a: Gholdengo|Make It Rain|p2b: Tapu Fini|[spread] p2a,p2b\n|-damage|p2a: Goodra|73\/100\n|-damage|p2b: Tapu Fini|0 fnt\n|-unboost|p1a: Gholdengo|spa|1\n|faint|p2b: Tapu Fini\n|move|p2a: Goodra|Hydro Pump|p1b: Skeledirge\n|-supereffective|p1b: Skeledirge\n|-crit|p1b: Skeledirge\n|-damage|p1b: Skeledirge|0 fnt\n|faint|p1b: Skeledirge\n|\n|upkeep\n|\n|t:|1698080083\n|switch|p2b: Hydreigon|Hydreigon, M|100\/100\n|switch|p1b: Sinistcha|Sinistcha-Masterpiece|100\/100\n|turn|6\n|\n|t:|1698080095\n|move|p2b: Hydreigon|Snarl|p1a: Gholdengo|[spread] p1a,p1b\n|-supereffective|p1a: Gholdengo\n|-supereffective|p1b: Sinistcha\n|-damage|p1a: Gholdengo|47\/100\n|-damage|p1b: Sinistcha|49\/100\n|-unboost|p1a: Gholdengo|spa|1\n|-unboost|p1b: Sinistcha|spa|1\n|move|p1a: Gholdengo|Make It Rain|p2b: Hydreigon|[spread] p2a,p2b\n|-damage|p2a: Goodra|63\/100\n|-damage|p2b: Hydreigon|75\/100\n|-unboost|p1a: Gholdengo|spa|1\n|move|p1b: Sinistcha|Scald|p2b: Hydreigon\n|-resisted|p2b: Hydreigon\n|-damage|p2b: Hydreigon|65\/100\n|move|p2a: Goodra|Fire Blast|p1a: Gholdengo\n|-supereffective|p1a: Gholdengo\n|-damage|p1a: Gholdengo|0 fnt\n|faint|p1a: Gholdengo\n|\n|-heal|p1b: Sinistcha|55\/100|[from] item: Leftovers\n|upkeep\n|turn|7\n|c|\u2606Drixzard|Gg bro\n|\n|t:|1698080119\n|move|p2b: Hydreigon|Snarl|p1b: Sinistcha\n|-supereffective|p1b: Sinistcha\n|-damage|p1b: Sinistcha|0 fnt\n|faint|p1b: Sinistcha\n|\n|win|Mr.Shadowdusk\n|c|\u2606Drixzard|Buena partida\n","uploadtime":1698080128,"views":9,"p1id":"drixzard","p2id":"mrshadowdusk","formatid":"gen9nationaldexdoubles","rating":0,"private":0,"password":""}