{"id":"gen9nationaldexdoubles-1975559564","p1":"Dino3240","p2":"Roy Kasoy","format":"[Gen 9] National Dex Doubles","log":"|j|\u2606Dino3240\n|j|\u2606Roy Kasoy\n|t:|1698204878\n|gametype|doubles\n|player|p1|Dino3240|hilbert|\n|player|p2|Roy Kasoy|hilbert|\n|teamsize|p1|6\n|teamsize|p2|6\n|gen|9\n|tier|[Gen 9] National Dex Doubles\n|rule|HP Percentage Mod: HP is shown in percentages\n|rule|Endless Battle Clause: Forcing endless battles is banned\n|rule|OHKO Clause: OHKO moves are banned\n|rule|Evasion Moves Clause: Evasion moves are banned\n|rule|Evasion Abilities Clause: Evasion abilities are banned\n|rule|Species Clause: Limit one of each Pok\u00e9mon\n|rule|Gravity Sleep Clause: The combination of sleep-inducing moves with imperfect accuracy and Gravity or Gigantamax Orbeetle are banned\n|clearpoke\n|poke|p1|Scorbunny, F|\n|poke|p1|Riolu, M|\n|poke|p1|Mudkip, M|\n|poke|p1|Treecko, M|\n|poke|p1|Charmander, F|\n|poke|p1|Bulbasaur, M|\n|poke|p2|Bulbasaur, M|\n|poke|p2|Litten, M|\n|poke|p2|Squirtle, M|\n|poke|p2|Larvitar, M|\n|poke|p2|Riolu, M|\n|poke|p2|Pichu, M|\n|teampreview\n|\n|t:|1698204907\n|start\n|switch|p1a: Bulbasaur|Bulbasaur, M|100\/100\n|switch|p1b: Riolu|Riolu, M|100\/100\n|switch|p2a: Pichu|Pichu, M|100\/100\n|switch|p2b: Larvitar|Larvitar, M|100\/100\n|turn|1\n|\n|t:|1698204992\n|switch|p2b: Bulbasaur|Bulbasaur, M|100\/100\n|move|p2a: Pichu|Nuzzle|p1b: Riolu\n|-damage|p1b: Riolu|89\/100\n|-status|p1b: Riolu|par\n|move|p1a: Bulbasaur|Sleep Powder|p2b: Bulbasaur\n|-immune|p2b: Bulbasaur\n|move|p1b: Riolu|Rock Slide|p2a: Pichu|[spread] p2a,p2b\n|-damage|p2a: Pichu|23\/100\n|-damage|p2b: Bulbasaur|86\/100\n|-enditem|p2a: Pichu|Salac Berry|[eat]\n|-boost|p2a: Pichu|spe|1|[from] item: Salac Berry\n|\n|upkeep\n|turn|2\n|\n|t:|1698205066\n|switch|p2a: Riolu|Riolu, M|100\/100\n|move|p2b: Bulbasaur|Giga Drain|p1b: Riolu\n|-damage|p1b: Riolu|44\/100 par\n|-heal|p2b: Bulbasaur|100\/100|[from] drain|[of] p1b: Riolu\n|move|p1a: Bulbasaur|Sunny Day|p1a: Bulbasaur\n|-weather|SunnyDay\n|move|p1b: Riolu|Rock Slide|p2a: Riolu|[spread] p2a,p2b\n|-resisted|p2a: Riolu\n|-damage|p2a: Riolu|84\/100\n|-damage|p2b: Bulbasaur|85\/100\n|\n|-weather|SunnyDay|[upkeep]\n|upkeep\n|turn|3\n|\n|t:|1698205093\n|switch|p1b: Charmander|Charmander, F|100\/100\n|move|p2a: Riolu|Drain Punch|p1b: Charmander\n|-damage|p1b: Charmander|47\/100\n|-heal|p2a: Riolu|100\/100|[from] drain|[of] p1b: Charmander\n|move|p2b: Bulbasaur|Sludge Bomb|p1a: Bulbasaur\n|-damage|p1a: Bulbasaur|75\/100\n|move|p1a: Bulbasaur|Sleep Powder|p2a: Riolu\n|-status|p2a: Riolu|slp|[from] move: Sleep Powder\n|\n|-weather|SunnyDay|[upkeep]\n|-damage|p1b: Charmander|35\/100|[from] ability: Solar Power|[of] p1b: Charmander\n|upkeep\n|turn|4\n|\n|t:|1698205143\n|switch|p2a: Squirtle|Squirtle, M|100\/100\n|move|p2b: Bulbasaur|Protect|p2b: Bulbasaur\n|-singleturn|p2b: Bulbasaur|Protect\n|move|p1a: Bulbasaur|Giga Drain|p2a: Squirtle\n|-supereffective|p2a: Squirtle\n|-damage|p2a: Squirtle|66\/100\n|-heal|p1a: Bulbasaur|94\/100|[from] drain|[of] p2a: Squirtle\n|move|p1b: Charmander|Heat Wave|p2a: Squirtle|[spread] p2a\n|-activate|p2b: Bulbasaur|move: Protect\n|-resisted|p2a: Squirtle\n|-damage|p2a: Squirtle|36\/100\n|\n|-weather|SunnyDay|[upkeep]\n|-damage|p1b: Charmander|22\/100|[from] ability: Solar Power|[of] p1b: Charmander\n|upkeep\n|turn|5\n|\n|t:|1698205166\n|switch|p2b: Litten|Litten, M|100\/100\n|-ability|p2b: Litten|Intimidate|boost\n|-unboost|p1a: Bulbasaur|atk|1\n|-unboost|p1b: Charmander|atk|1\n|move|p2a: Squirtle|Fake Out|p1b: Charmander\n|-damage|p1b: Charmander|13\/100\n|move|p1a: Bulbasaur|Sleep Powder|p2a: Squirtle\n|-status|p2a: Squirtle|slp|[from] move: Sleep Powder\n|cant|p1b: Charmander|flinch\n|\n|-weather|SunnyDay|[upkeep]\n|-damage|p1b: Charmander|0 fnt|[from] ability: Solar Power|[of] p1b: Charmander\n|faint|p1b: Charmander\n|upkeep\n|\n|t:|1698205197\n|switch|p1b: Riolu|Riolu, M|44\/100 par\n|turn|6\n|\n|t:|1698205226\n|move|p1a: Bulbasaur|Sleep Powder|p2b: Litten\n|-status|p2b: Litten|slp|[from] move: Sleep Powder\n|cant|p2b: Litten|slp\n|cant|p2a: Squirtle|slp\n|move|p1b: Riolu|Rock Slide|p2b: Litten|[spread] p2a,p2b\n|-supereffective|p2b: Litten\n|-damage|p2a: Squirtle|24\/100 slp\n|-damage|p2b: Litten|32\/100 slp\n|\n|-weather|none\n|upkeep\n|turn|7\n|\n|t:|1698205255\n|cant|p2b: Litten|slp\n|move|p1a: Bulbasaur|Sludge Bomb|p2b: Litten\n|-damage|p2b: Litten|0 fnt\n|faint|p2b: Litten\n|cant|p2a: Squirtle|slp\n|move|p1b: Riolu|Rock Slide|p2a: Squirtle\n|-damage|p2a: Squirtle|8\/100 slp\n|\n|upkeep\n|\n|t:|1698205296\n|switch|p2b: Bulbasaur|Bulbasaur, M|85\/100\n|turn|8\n|\n|t:|1698205321\n|move|p1b: Riolu|Bullet Punch|p2a: Squirtle\n|-resisted|p2a: Squirtle\n|-damage|p2a: Squirtle|4\/100 slp\n|move|p2b: Bulbasaur|Giga Drain|p1b: Riolu\n|-damage|p1b: Riolu|0 fnt\n|-heal|p2b: Bulbasaur|100\/100|[from] drain|[of] p1b: Riolu\n|faint|p1b: Riolu\n|move|p1a: Bulbasaur|Sludge Bomb|p2b: Bulbasaur\n|-damage|p2b: Bulbasaur|73\/100\n|-curestatus|p2a: Squirtle|slp|[msg]\n|move|p2a: Squirtle|Ice Beam|p1a: Bulbasaur\n|-supereffective|p1a: Bulbasaur\n|-damage|p1a: Bulbasaur|63\/100\n|\n|upkeep\n|\n|t:|1698205345\n|switch|p1b: Scorbunny|Scorbunny, F|100\/100\n|turn|9\n|\n|t:|1698205363\n|move|p2b: Bulbasaur|Protect|p2b: Bulbasaur\n|-singleturn|p2b: Bulbasaur|Protect\n|move|p1b: Scorbunny|Low Kick|p2a: Squirtle\n|-start|p1b: Scorbunny|typechange|Fighting|[from] ability: Libero\n|-damage|p2a: Squirtle|0 fnt\n|faint|p2a: Squirtle\n|move|p1a: Bulbasaur|Giga Drain|p2b: Bulbasaur\n|-activate|p2b: Bulbasaur|move: Protect\n|\n|upkeep\n|\n|t:|1698205391\n|switch|p2a: Pichu|Pichu, M|23\/100\n|turn|10\n|\n|t:|1698205445\n|move|p2a: Pichu|Nuzzle|p1b: Scorbunny\n|-damage|p1b: Scorbunny|88\/100\n|-status|p1b: Scorbunny|par\n|move|p2b: Bulbasaur|Sludge Bomb|p1a: Bulbasaur\n|-damage|p1a: Bulbasaur|36\/100\n|move|p1a: Bulbasaur|Sludge Bomb|p2a: Pichu\n|-damage|p2a: Pichu|0 fnt\n|faint|p2a: Pichu\n|move|p1b: Scorbunny|Low Kick|p2b: Bulbasaur\n|-resisted|p2b: Bulbasaur\n|-damage|p2b: Bulbasaur|65\/100\n|\n|upkeep\n|\n|t:|1698205489\n|switch|p2a: Larvitar|Larvitar, M|100\/100\n|turn|11\n|\n|t:|1698205512\n|switch|p1b: Mudkip|Mudkip, M|100\/100\n|-terastallize|p2a: Larvitar|Grass\n|move|p2a: Larvitar|Dragon Dance|p2a: Larvitar\n|-boost|p2a: Larvitar|atk|1\n|-boost|p2a: Larvitar|spe|1\n|move|p2b: Bulbasaur|Sludge Bomb|p1a: Bulbasaur\n|-damage|p1a: Bulbasaur|12\/100\n|move|p1a: Bulbasaur|Sleep Powder|p2a: Larvitar\n|-immune|p2a: Larvitar\n|\n|-status|p2a: Larvitar|brn|[from] item: Flame Orb\n|upkeep\n|turn|12\n|\n|t:|1698205547\n|-terastallize|p1b: Mudkip|Poison\n|move|p2a: Larvitar|Rock Slide|p1a: Bulbasaur|[spread] p1a,p1b\n|-damage|p1a: Bulbasaur|0 fnt\n|-damage|p1b: Mudkip|44\/100\n|faint|p1a: Bulbasaur\n|move|p2b: Bulbasaur|Sludge Bomb|p1b: Mudkip\n|-resisted|p1b: Mudkip\n|-damage|p1b: Mudkip|25\/100\n|move|p1b: Mudkip|Avalanche|p2a: Larvitar\n|-supereffective|p2a: Larvitar\n|-damage|p2a: Larvitar|0 fnt\n|faint|p2a: Larvitar\n|\n|upkeep\n|\n|t:|1698205565\n|switch|p2a: Riolu|Riolu, M|100\/100 slp\n|switch|p1a: Scorbunny|Scorbunny, F|88\/100 par\n|turn|13\n|\n|t:|1698205587\n|cant|p2a: Riolu|slp\n|move|p2b: Bulbasaur|Sludge Bomb|p1a: Scorbunny\n|-damage|p1a: Scorbunny|15\/100 par\n|move|p1a: Scorbunny|Flare Blitz|p2a: Riolu\n|-damage|p2a: Riolu|0 fnt\n|faint|p2a: Riolu\n|-damage|p1a: Scorbunny|0 fnt|[from] Recoil\n|faint|p1a: Scorbunny\n|move|p1b: Mudkip|Avalanche|p2b: Bulbasaur\n|-supereffective|p2b: Bulbasaur\n|-damage|p2b: Bulbasaur|27\/100\n|\n|upkeep\n|\n|t:|1698205603\n|switch|p1a: Treecko|Treecko, M|100\/100\n|turn|14\n|\n|t:|1698205618\n|move|p1a: Treecko|Dragon Breath|p2b: Bulbasaur\n|-damage|p2b: Bulbasaur|10\/100\n|-damage|p1a: Treecko|91\/100|[from] item: Life Orb\n|move|p2b: Bulbasaur|Sludge Bomb|p1a: Treecko\n|-supereffective|p1a: Treecko\n|-crit|p1a: Treecko\n|-damage|p1a: Treecko|0 fnt\n|faint|p1a: Treecko\n|move|p1b: Mudkip|Avalanche|p2b: Bulbasaur\n|-supereffective|p2b: Bulbasaur\n|-damage|p2b: Bulbasaur|0 fnt\n|faint|p2b: Bulbasaur\n|\n|win|Dino3240\n","uploadtime":1698205634,"views":19,"p1id":"dino3240","p2id":"roykasoy","formatid":"gen9nationaldexdoubles","rating":0,"private":0,"password":""}