{"id":"gen9nationaldexdoubles-1961931803","p1":"DRGpoke","p2":"thundervoltss","format":"[Gen 9] National Dex Doubles","log":"|j|\u2606DRGpoke\n|j|\u203dthundervoltss\n|t:|1696690278\n|gametype|doubles\n|player|p1|DRGpoke|scientistf|1596\n|player|p2|thundervoltss|volkner|1426\n|teamsize|p1|6\n|teamsize|p2|6\n|gen|9\n|tier|[Gen 9] National Dex Doubles\n|rated|\n|rule|HP Percentage Mod: HP is shown in percentages\n|rule|Endless Battle Clause: Forcing endless battles is banned\n|rule|OHKO Clause: OHKO moves are banned\n|rule|Evasion Moves Clause: Evasion moves are banned\n|rule|Evasion Abilities Clause: Evasion abilities are banned\n|rule|Species Clause: Limit one of each Pok\u00e9mon\n|rule|Gravity Sleep Clause: The combination of sleep-inducing moves with imperfect accuracy and Gravity or Gigantamax Orbeetle are banned\n|clearpoke\n|poke|p1|Venusaur, F|\n|poke|p1|Incineroar, M|\n|poke|p1|Tapu Fini|\n|poke|p1|Landorus-Therian, M|\n|poke|p1|Scream Tail|\n|poke|p1|Scizor, M|\n|poke|p2|Kommo-o, F|\n|poke|p2|Blacephalon|\n|poke|p2|Indeedee-F, F|\n|poke|p2|Incineroar, M|\n|poke|p2|Sneasler, F|\n|poke|p2|Rillaboom, M|\n|teampreview\n|inactive|Battle timer is ON: inactive players will automatically lose when time's up. (requested by thundervoltss)\n|inactive|DRGpoke has 120 seconds left.\n|inactive|DRGpoke has 90 seconds left.\n|\n|t:|1696690427\n|start\n|switch|p1a: Landorus|Landorus-Therian, M|100\/100\n|switch|p1b: Venusaur|Venusaur, F|100\/100\n|switch|p2a: Blacephalon|Blacephalon|100\/100\n|switch|p2b: Indeedee|Indeedee-F, F|100\/100\n|-ability|p1a: Landorus|Intimidate|boost\n|-unboost|p2a: Blacephalon|atk|1\n|-unboost|p2b: Indeedee|atk|1\n|-fieldstart|move: Psychic Terrain|[from] ability: Psychic Surge|[of] p2b: Indeedee\n|-enditem|p2b: Indeedee|Psychic Seed\n|-boost|p2b: Indeedee|spd|1|[from] item: Psychic Seed\n|turn|1\n|\n|t:|1696690448\n|switch|p1a: Incineroar|Incineroar, M|100\/100\n|-ability|p1a: Incineroar|Intimidate|boost\n|-unboost|p2a: Blacephalon|atk|1\n|-unboost|p2b: Indeedee|atk|1\n|detailschange|p1b: Venusaur|Venusaur-Mega, F\n|-mega|p1b: Venusaur|Venusaur|Venusaurite\n|-terastallize|p2a: Blacephalon|Psychic\n|move|p1b: Venusaur|Protect|p1b: Venusaur\n|-singleturn|p1b: Venusaur|Protect\n|move|p2b: Indeedee|Follow Me|p2b: Indeedee\n|-singleturn|p2b: Indeedee|move: Follow Me\n|move|p2a: Blacephalon|Expanding Force|p1b: Venusaur|[spread] \n|-activate|p1b: Venusaur|move: Protect\n|-immune|p1a: Incineroar\n|\n|upkeep\n|turn|2\n|\n|t:|1696690469\n|switch|p1b: Tapu Fini|Tapu Fini|100\/100\n|-fieldstart|move: Misty Terrain|[from] ability: Misty Surge|[of] p1b: Tapu Fini\n|move|p2a: Blacephalon|Expanding Force|p1b: Tapu Fini\n|-damage|p1b: Tapu Fini|59\/100\n|-damage|p2a: Blacephalon|91\/100|[from] item: Life Orb\n|move|p2b: Indeedee|Dazzling Gleam|p1b: Tapu Fini|[spread] p1a,p1b\n|-damage|p1a: Incineroar|91\/100\n|-damage|p1b: Tapu Fini|50\/100\n|move|p1a: Incineroar|Knock Off|p2a: Blacephalon\n|-supereffective|p2a: Blacephalon\n|-damage|p2a: Blacephalon|0 fnt\n|-enditem|p2a: Blacephalon|Life Orb|[from] move: Knock Off|[of] p1a: Incineroar\n|faint|p2a: Blacephalon\n|\n|-heal|p1b: Tapu Fini|56\/100|[from] item: Leftovers\n|upkeep\n|\n|t:|1696690480\n|switch|p2a: Kommo-o|Kommo-o, F|100\/100\n|turn|3\n|\n|t:|1696690488\n|move|p2a: Kommo-o|Protect|p2a: Kommo-o\n|-singleturn|p2a: Kommo-o|Protect\n|move|p2b: Indeedee|Imprison|p2b: Indeedee\n|-start|p2b: Indeedee|move: Imprison\n|cant|p1b: Tapu Fini|move: Imprison|Dazzling Gleam\n|move|p1a: Incineroar|U-turn|p2b: Indeedee\n|-supereffective|p2b: Indeedee\n|-damage|p2b: Indeedee|60\/100\n|\n|t:|1696690494\n|switch|p1a: Scream Tail|Scream Tail, shiny|100\/100|[from] U-turn\n|\n|-heal|p1b: Tapu Fini|62\/100|[from] item: Leftovers\n|upkeep\n|turn|4\n|\n|t:|1696690509\n|switch|p1b: Venusaur|Venusaur-Mega, F|100\/100\n|move|p2b: Indeedee|Follow Me|p2b: Indeedee\n|-singleturn|p2b: Indeedee|move: Follow Me\n|move|p1a: Scream Tail|Encore|p2b: Indeedee\n|-start|p2b: Indeedee|Encore\n|move|p2a: Kommo-o|Iron Head|p1a: Scream Tail\n|-supereffective|p1a: Scream Tail\n|-damage|p1a: Scream Tail|65\/100\n|\n|-heal|p1a: Scream Tail|72\/100|[from] item: Leftovers\n|upkeep\n|turn|5\n|\n|t:|1696690530\n|-end|p1a: Scream Tail|Protosynthesis|[silent]\n|switch|p1a: Incineroar|Incineroar, M|91\/100\n|-ability|p1a: Incineroar|Intimidate|boost\n|-unboost|p2a: Kommo-o|atk|1\n|-unboost|p2b: Indeedee|atk|1\n|move|p2b: Indeedee|Follow Me|p2b: Indeedee\n|-singleturn|p2b: Indeedee|move: Follow Me\n|-zpower|p2a: Kommo-o\n|move|p2a: Kommo-o|Clangorous Soulblaze|p1a: Incineroar|[zeffect]|[spread] p1a,p1b\n|-damage|p1a: Incineroar|71\/100\n|-damage|p1b: Venusaur|82\/100\n|-boost|p2a: Kommo-o|atk|1\n|-boost|p2a: Kommo-o|def|1\n|-boost|p2a: Kommo-o|spa|1\n|-boost|p2a: Kommo-o|spd|1\n|-boost|p2a: Kommo-o|spe|1\n|move|p1b: Venusaur|Leech Seed|p2b: Indeedee\n|-start|p2b: Indeedee|move: Leech Seed\n|\n|-damage|p2b: Indeedee|47\/100|[from] Leech Seed|[of] p1b: Venusaur\n|-heal|p1b: Venusaur|94\/100|[silent]\n|upkeep\n|turn|6\n|\n|t:|1696690549\n|move|p1a: Incineroar|Fake Out|p2b: Indeedee\n|-damage|p2b: Indeedee|36\/100\n|cant|p2b: Indeedee|flinch\n|move|p2a: Kommo-o|Aura Sphere|p1a: Incineroar\n|-supereffective|p1a: Incineroar\n|-crit|p1a: Incineroar\n|-damage|p1a: Incineroar|0 fnt\n|faint|p1a: Incineroar\n|move|p1b: Venusaur|Leech Seed|p2a: Kommo-o\n|-start|p2a: Kommo-o|move: Leech Seed\n|\n|-damage|p2a: Kommo-o|88\/100|[from] Leech Seed|[of] p1b: Venusaur\n|-heal|p1b: Venusaur|100\/100|[silent]\n|-damage|p2b: Indeedee|24\/100|[from] Leech Seed|[of] p1b: Venusaur\n|-fieldend|Misty Terrain\n|upkeep\n|\n|t:|1696690562\n|switch|p1a: Landorus|Landorus-Therian, M|100\/100\n|-ability|p1a: Landorus|Intimidate|boost\n|-unboost|p2a: Kommo-o|atk|1\n|-unboost|p2b: Indeedee|atk|1\n|turn|7\n|\n|t:|1696690579\n|move|p2b: Indeedee|Follow Me|p2b: Indeedee\n|-singleturn|p2b: Indeedee|move: Follow Me\n|move|p1a: Landorus|U-turn|p2b: Indeedee\n|-supereffective|p2b: Indeedee\n|-damage|p2b: Indeedee|0 fnt\n|faint|p2b: Indeedee\n|\n|t:|1696690581\n|switch|p1a: Tapu Fini|Tapu Fini|62\/100|[from] U-turn\n|-fieldstart|move: Misty Terrain|[from] ability: Misty Surge|[of] p1a: Tapu Fini\n|move|p2a: Kommo-o|Clanging Scales|p1a: Tapu Fini|[spread] p1b\n|-immune|p1a: Tapu Fini\n|-damage|p1b: Venusaur|83\/100\n|-unboost|p2a: Kommo-o|def|1\n|move|p1b: Venusaur|Sludge Bomb|p2a: Kommo-o\n|-immune|p2a: Kommo-o|[from] ability: Bulletproof\n|\n|-heal|p1a: Tapu Fini|68\/100|[from] item: Leftovers\n|-damage|p2a: Kommo-o|76\/100|[from] Leech Seed|[of] p1b: Venusaur\n|-heal|p1b: Venusaur|95\/100|[silent]\n|upkeep\n|\n|t:|1696690590\n|switch|p2b: Rillaboom|Rillaboom, M, shiny|100\/100\n|-fieldstart|move: Grassy Terrain|[from] ability: Grassy Surge|[of] p2b: Rillaboom\n|turn|8\n|\n|t:|1696690606\n|move|p2a: Kommo-o|Protect|p2a: Kommo-o\n|-singleturn|p2a: Kommo-o|Protect\n|move|p1a: Tapu Fini|Protect|p1a: Tapu Fini\n|-singleturn|p1a: Tapu Fini|Protect\n|move|p2b: Rillaboom|Knock Off|p1b: Venusaur\n|-damage|p1b: Venusaur|79\/100\n|move|p1b: Venusaur|Sludge Bomb|p2b: Rillaboom\n|-supereffective|p2b: Rillaboom\n|-damage|p2b: Rillaboom|48\/100\n|\n|-heal|p2a: Kommo-o|82\/100|[from] Grassy Terrain\n|-heal|p1a: Tapu Fini|74\/100|[from] Grassy Terrain\n|-heal|p2b: Rillaboom|54\/100|[from] Grassy Terrain\n|-heal|p1a: Tapu Fini|80\/100|[from] item: Leftovers\n|-heal|p1b: Venusaur|85\/100|[from] Grassy Terrain\n|-damage|p2a: Kommo-o|69\/100|[from] Leech Seed|[of] p1b: Venusaur\n|-heal|p1b: Venusaur|97\/100|[silent]\n|upkeep\n|turn|9\n|\n|t:|1696690620\n|switch|p1a: Scream Tail|Scream Tail, shiny|72\/100\n|move|p2b: Rillaboom|Grassy Glide|p1a: Scream Tail\n|-damage|p1a: Scream Tail|41\/100\n|move|p2a: Kommo-o|Iron Head|p1a: Scream Tail\n|-supereffective|p1a: Scream Tail\n|-damage|p1a: Scream Tail|20\/100\n|move|p1b: Venusaur|Sludge Bomb|p2b: Rillaboom\n|-supereffective|p2b: Rillaboom\n|-damage|p2b: Rillaboom|5\/100\n|\n|-heal|p2a: Kommo-o|76\/100|[from] Grassy Terrain\n|-heal|p1a: Scream Tail|26\/100|[from] Grassy Terrain\n|-heal|p1a: Scream Tail|32\/100|[from] item: Leftovers\n|-heal|p2b: Rillaboom|11\/100|[from] Grassy Terrain\n|-heal|p1b: Venusaur|100\/100|[from] Grassy Terrain\n|-damage|p2a: Kommo-o|63\/100|[from] Leech Seed|[of] p1b: Venusaur\n|upkeep\n|turn|10\n|\n|t:|1696690638\n|-end|p1a: Scream Tail|Protosynthesis|[silent]\n|switch|p1a: Star platinum|Scizor, M|100\/100\n|move|p2b: Rillaboom|Grassy Glide|p1a: Star platinum\n|-resisted|p1a: Star platinum\n|-damage|p1a: Star platinum|91\/100\n|move|p2a: Kommo-o|Iron Head|p1b: Venusaur\n|-damage|p1b: Venusaur|91\/100\n|cant|p1b: Venusaur|flinch\n|\n|-heal|p2a: Kommo-o|69\/100|[from] Grassy Terrain\n|-heal|p2b: Rillaboom|17\/100|[from] Grassy Terrain\n|-heal|p1b: Venusaur|97\/100|[from] Grassy Terrain\n|-heal|p1a: Star platinum|97\/100|[from] Grassy Terrain\n|-damage|p2a: Kommo-o|57\/100|[from] Leech Seed|[of] p1b: Venusaur\n|-heal|p1b: Venusaur|100\/100|[silent]\n|upkeep\n|turn|11\n|\n|t:|1696690656\n|switch|p2b: Sneasler|Sneasler, F|100\/100\n|-enditem|p2b: Sneasler|Grassy Seed\n|-boost|p2b: Sneasler|def|1|[from] item: Grassy Seed\n|move|p1a: Star platinum|Bullet Punch|p2b: Sneasler\n|-damage|p2b: Sneasler|37\/100\n|move|p2a: Kommo-o|Aura Sphere|p1a: Star platinum\n|-damage|p1a: Star platinum|40\/100\n|move|p1b: Venusaur|Sludge Bomb|p2a: Kommo-o\n|-immune|p2a: Kommo-o|[from] ability: Bulletproof\n|\n|-heal|p2b: Sneasler|43\/100|[from] Grassy Terrain\n|-heal|p2a: Kommo-o|63\/100|[from] Grassy Terrain\n|-heal|p1a: Star platinum|47\/100|[from] Grassy Terrain\n|-damage|p2a: Kommo-o|51\/100|[from] Leech Seed|[of] p1b: Venusaur\n|upkeep\n|turn|12\n|\n|t:|1696690672\n|move|p2b: Sneasler|Protect|p2b: Sneasler\n|-singleturn|p2b: Sneasler|Protect\n|move|p1a: Star platinum|Bullet Punch|p2b: Sneasler\n|-activate|p2b: Sneasler|move: Protect\n|move|p2a: Kommo-o|Aura Sphere|p1a: Star platinum\n|-damage|p1a: Star platinum|0 fnt\n|faint|p1a: Star platinum\n|move|p1b: Venusaur|Leech Seed|p2b: Sneasler\n|-activate|p2b: Sneasler|move: Protect\n|\n|-heal|p2b: Sneasler|49\/100|[from] Grassy Terrain\n|-heal|p2a: Kommo-o|57\/100|[from] Grassy Terrain\n|-damage|p2a: Kommo-o|45\/100|[from] Leech Seed|[of] p1b: Venusaur\n|-fieldend|move: Grassy Terrain\n|upkeep\n|\n|t:|1696690681\n|switch|p1a: Landorus|Landorus-Therian, M|100\/100\n|-ability|p1a: Landorus|Intimidate|boost\n|-unboost|p2a: Kommo-o|atk|1\n|-unboost|p2b: Sneasler|atk|1\n|turn|13\n|\n|t:|1696690710\n|move|p1b: Venusaur|Protect|p1b: Venusaur\n|-singleturn|p1b: Venusaur|Protect\n|move|p2b: Sneasler|Close Combat|p1a: Landorus\n|-resisted|p1a: Landorus\n|-damage|p1a: Landorus|71\/100\n|-unboost|p2b: Sneasler|def|1\n|-unboost|p2b: Sneasler|spd|1\n|move|p1a: Landorus|Stomping Tantrum|p2b: Sneasler\n|-supereffective|p2b: Sneasler\n|-damage|p2b: Sneasler|0 fnt\n|faint|p2b: Sneasler\n|move|p2a: Kommo-o|Clanging Scales|p1b: Venusaur|[spread] p1a\n|-activate|p1b: Venusaur|move: Protect\n|-damage|p1a: Landorus|10\/100\n|-unboost|p2a: Kommo-o|def|1\n|\n|-damage|p2a: Kommo-o|32\/100|[from] Leech Seed|[of] p1b: Venusaur\n|upkeep\n|\n|t:|1696690717\n|switch|p2b: Incineroar|Incineroar, M|100\/100\n|-ability|p2b: Incineroar|Intimidate|boost\n|-unboost|p1a: Landorus|atk|1\n|-unboost|p1b: Venusaur|atk|1\n|turn|14\n|\n|t:|1696690733\n|move|p1a: Landorus|Stomping Tantrum|p2b: Incineroar\n|-supereffective|p2b: Incineroar\n|-damage|p2b: Incineroar|60\/100\n|move|p2a: Kommo-o|Aura Sphere|p1b: Venusaur\n|-resisted|p1b: Venusaur\n|-damage|p1b: Venusaur|85\/100\n|move|p1b: Venusaur|Sludge Bomb|p2b: Incineroar\n|-damage|p2b: Incineroar|30\/100\n|-enditem|p2b: Incineroar|Sitrus Berry|[eat]\n|-heal|p2b: Incineroar|55\/100|[from] item: Sitrus Berry\n|move|p2b: Incineroar|Flare Blitz|p1b: Venusaur\n|-supereffective|p1b: Venusaur\n|-damage|p1b: Venusaur|55\/100\n|-damage|p2b: Incineroar|46\/100|[from] Recoil\n|\n|-damage|p2a: Kommo-o|20\/100|[from] Leech Seed|[of] p1b: Venusaur\n|-heal|p1b: Venusaur|67\/100|[silent]\n|upkeep\n|turn|15\n|\n|t:|1696690754\n|switch|p2b: Rillaboom|Rillaboom, M, shiny|17\/100\n|-fieldstart|move: Grassy Terrain|[from] ability: Grassy Surge|[of] p2b: Rillaboom\n|move|p1b: Venusaur|Protect|p1b: Venusaur\n|-singleturn|p1b: Venusaur|Protect\n|move|p1a: Landorus|Stomping Tantrum|p2b: Rillaboom\n|-resisted|p2b: Rillaboom\n|-crit|p2b: Rillaboom\n|-damage|p2b: Rillaboom|0 fnt\n|faint|p2b: Rillaboom\n|move|p2a: Kommo-o|Aura Sphere|p1a: Landorus\n|-resisted|p1a: Landorus\n|-damage|p1a: Landorus|0 fnt\n|faint|p1a: Landorus\n|\n|-heal|p2a: Kommo-o|26\/100|[from] Grassy Terrain\n|-heal|p1b: Venusaur|73\/100|[from] Grassy Terrain\n|-damage|p2a: Kommo-o|13\/100|[from] Leech Seed|[of] p1b: Venusaur\n|-heal|p1b: Venusaur|85\/100|[silent]\n|upkeep\n|\n|t:|1696690762\n|switch|p1a: Tapu Fini|Tapu Fini|80\/100\n|switch|p2b: Incineroar|Incineroar, M|46\/100\n|-fieldstart|move: Misty Terrain|[from] ability: Misty Surge|[of] p1a: Tapu Fini\n|-ability|p2b: Incineroar|Intimidate|boost\n|-unboost|p1a: Tapu Fini|atk|1\n|-unboost|p1b: Venusaur|atk|1\n|turn|16\n|\n|t:|1696690777\n|move|p2b: Incineroar|Fake Out|p1a: Tapu Fini\n|-damage|p1a: Tapu Fini|73\/100\n|move|p2a: Kommo-o|Iron Head|p1a: Tapu Fini\n|-damage|p1a: Tapu Fini|65\/100\n|cant|p1a: Tapu Fini|flinch\n|move|p1b: Venusaur|Leech Seed|p2b: Incineroar\n|-start|p2b: Incineroar|move: Leech Seed\n|\n|-heal|p1a: Tapu Fini|71\/100|[from] item: Leftovers\n|-damage|p2a: Kommo-o|1\/100|[from] Leech Seed|[of] p1b: Venusaur\n|-heal|p1b: Venusaur|97\/100|[silent]\n|-damage|p2b: Incineroar|33\/100|[from] Leech Seed|[of] p1b: Venusaur\n|-heal|p1b: Venusaur|100\/100|[silent]\n|upkeep\n|turn|17\n|\n|t:|1696690792\n|move|p2a: Kommo-o|Iron Head|p1b: Venusaur\n|-damage|p1b: Venusaur|93\/100\n|move|p1a: Tapu Fini|Dazzling Gleam|p2b: Incineroar|[spread] p2a,p2b\n|-supereffective|p2a: Kommo-o\n|-damage|p2a: Kommo-o|0 fnt\n|-damage|p2b: Incineroar|15\/100\n|faint|p2a: Kommo-o\n|move|p1b: Venusaur|Sludge Bomb|p2b: Incineroar\n|-damage|p2b: Incineroar|0 fnt\n|faint|p2b: Incineroar\n|\n|win|DRGpoke\n|raw|DRGpoke's rating: 1596 &rarr; <strong>1607<\/strong><br \/>(+11 for winning)\n|raw|thundervoltss's rating: 1426 &rarr; <strong>1415<\/strong><br \/>(-11 for losing)\n|l|\u203dthundervoltss\n|l|\u2606DRGpoke\n","uploadtime":1696691071,"views":12,"p1id":"drgpoke","p2id":"thundervoltss","formatid":"gen9nationaldexdoubles","rating":1415,"private":0,"password":""}