{"id":"gen9nationaldexdoubles-1959093440","p1":"impastabot4000","p2":"Alexjames99","format":"[Gen 9] National Dex Doubles","log":"|j|\u2606impastabot4000\n|j|\u2606Alexjames99\n|t:|1696385988\n|gametype|doubles\n|player|p1|impastabot4000|nate|1256\n|player|p2|Alexjames99|acetrainer-gen4dp|1156\n|teamsize|p1|6\n|teamsize|p2|6\n|gen|9\n|tier|[Gen 9] National Dex Doubles\n|rated|\n|rule|HP Percentage Mod: HP is shown in percentages\n|rule|Endless Battle Clause: Forcing endless battles is banned\n|rule|OHKO Clause: OHKO moves are banned\n|rule|Evasion Moves Clause: Evasion moves are banned\n|rule|Evasion Abilities Clause: Evasion abilities are banned\n|rule|Species Clause: Limit one of each Pok\u00e9mon\n|rule|Gravity Sleep Clause: The combination of sleep-inducing moves with imperfect accuracy and Gravity or Gigantamax Orbeetle are banned\n|clearpoke\n|poke|p1|Rillaboom, M|\n|poke|p1|Salamence, M|\n|poke|p1|Volcanion|\n|poke|p1|Chien-Pao|\n|poke|p1|Flutter Mane|\n|poke|p1|Ogerpon-Cornerstone, F|\n|poke|p2|Houndstone, F|\n|poke|p2|Gyarados, F|\n|poke|p2|Empoleon, F|\n|poke|p2|Gardevoir, M|\n|poke|p2|Arcanine, F|\n|poke|p2|Torterra, F|\n|teampreview\n|inactive|Battle timer is ON: inactive players will automatically lose when time's up. (requested by impastabot4000)\n|\n|t:|1696386016\n|start\n|switch|p1a: Rillaboom|Rillaboom, M|100\/100\n|switch|p1b: Volcanion|Volcanion|100\/100\n|switch|p2a: Empoleon|Empoleon, F|100\/100\n|switch|p2b: Arcanine|Arcanine, F|100\/100\n|-fieldstart|move: Grassy Terrain|[from] ability: Grassy Surge|[of] p1a: Rillaboom\n|-ability|p2b: Arcanine|Intimidate|boost\n|-unboost|p1a: Rillaboom|atk|1\n|-unboost|p1b: Volcanion|atk|1\n|turn|1\n|inactive|impastabot4000 has 120 seconds left.\n|inactive|Alexjames99 has 120 seconds left.\n|\n|t:|1696386064\n|move|p1a: Rillaboom|Fake Out|p2b: Arcanine\n|-damage|p2b: Arcanine|91\/100\n|cant|p2b: Arcanine|flinch\n|move|p1b: Volcanion|Earth Power|p2a: Empoleon\n|-supereffective|p2a: Empoleon\n|-damage|p2a: Empoleon|63\/100\n|move|p2a: Empoleon|Icy Wind|p1b: Volcanion|[spread] p1a,p1b\n|-supereffective|p1a: Rillaboom\n|-crit|p1a: Rillaboom\n|-resisted|p1b: Volcanion\n|-damage|p1a: Rillaboom|75\/100\n|-damage|p1b: Volcanion|98\/100\n|-unboost|p1a: Rillaboom|spe|1\n|-unboost|p1b: Volcanion|spe|1\n|\n|-heal|p2b: Arcanine|98\/100|[from] Grassy Terrain\n|-heal|p2b: Arcanine|100\/100|[from] item: Leftovers\n|-heal|p2a: Empoleon|69\/100|[from] Grassy Terrain\n|-heal|p1a: Rillaboom|81\/100|[from] Grassy Terrain\n|-heal|p1b: Volcanion|100\/100|[from] Grassy Terrain\n|upkeep\n|turn|2\n|inactive|impastabot4000 has 120 seconds left.\n|inactive|Alexjames99 has 120 seconds left.\n|\n|t:|1696386092\n|-terastallize|p1a: Rillaboom|Rock\n|move|p2b: Arcanine|Heat Wave|p1b: Volcanion|[spread] p1a\n|-miss|p2b: Arcanine|p1b: Volcanion\n|-resisted|p1a: Rillaboom\n|-damage|p1a: Rillaboom|73\/100\n|move|p2a: Empoleon|Icy Wind|p1a: Rillaboom|[spread] p1a,p1b\n|-resisted|p1b: Volcanion\n|-damage|p1a: Rillaboom|64\/100\n|-damage|p1b: Volcanion|98\/100\n|-unboost|p1a: Rillaboom|spe|1\n|-unboost|p1b: Volcanion|spe|1\n|move|p1a: Rillaboom|U-turn|p2b: Arcanine\n|-resisted|p2b: Arcanine\n|-damage|p2b: Arcanine|94\/100\n|\n|t:|1696386112\n|switch|p1a: Chien-Pao|Chien-Pao|100\/100|[from] U-turn\n|-ability|p1a: Chien-Pao|Sword of Ruin\n|move|p1b: Volcanion|Steam Eruption|p2b: Arcanine\n|-supereffective|p2b: Arcanine\n|-damage|p2b: Arcanine|0 fnt\n|faint|p2b: Arcanine\n|\n|-heal|p2a: Empoleon|75\/100|[from] Grassy Terrain\n|-heal|p1b: Volcanion|100\/100|[from] Grassy Terrain\n|upkeep\n|inactive|Alexjames99 has 120 seconds left.\n|\n|t:|1696386141\n|switch|p2b: Gyarados|Gyarados, F, shiny|100\/100\n|turn|3\n|inactive|impastabot4000 has 120 seconds left.\n|inactive|Alexjames99 has 120 seconds left.\n|\n|t:|1696386154\n|move|p1a: Chien-Pao|Sacred Sword|p2a: Empoleon\n|-supereffective|p2a: Empoleon\n|-damage|p2a: Empoleon|0 fnt\n|faint|p2a: Empoleon\n|move|p2b: Gyarados|Dragon Dance|p2b: Gyarados\n|-boost|p2b: Gyarados|atk|1\n|-boost|p2b: Gyarados|spe|1\n|move|p1b: Volcanion|Earth Power|p2b: Gyarados\n|-immune|p2b: Gyarados\n|\n|upkeep\n|inactive|Alexjames99 has 120 seconds left.\n|\n|t:|1696386169\n|switch|p2a: Torterra|Torterra, F|100\/100\n|turn|4\n|inactive|Alexjames99 has 120 seconds left.\n|\n|t:|1696386199\n|switch|p1b: Salamence|Salamence, M|100\/100\n|-ability|p1b: Salamence|Intimidate|boost\n|-unboost|p2a: Torterra|atk|1\n|-unboost|p2b: Gyarados|atk|1\n|move|p2b: Gyarados|Iron Head|p1a: Chien-Pao\n|-supereffective|p1a: Chien-Pao\n|-enditem|p1a: Chien-Pao|Focus Sash\n|-damage|p1a: Chien-Pao|1\/100\n|-damage|p2b: Gyarados|91\/100|[from] item: Life Orb\n|move|p1a: Chien-Pao|Ice Spinner|p2a: Torterra\n|-supereffective|p2a: Torterra\n|-damage|p2a: Torterra|0 fnt\n|-fieldend|move: Grassy Terrain\n|faint|p2a: Torterra\n|\n|upkeep\n|\n|t:|1696386218\n|switch|p2a: Gardevoir|Gardevoir, M|100\/100\n|-ability|p2a: Gardevoir|Sword of Ruin\n|-ability|p2a: Gardevoir|Sword of Ruin|[from] ability: Trace|[of] p1a: Chien-Pao\n|turn|5\n|\n|t:|1696386238\n|detailschange|p1b: Salamence|Salamence-Mega, M\n|-mega|p1b: Salamence|Salamence|Salamencite\n|move|p1a: Chien-Pao|Sucker Punch|p2a: Gardevoir\n|-damage|p2a: Gardevoir|41\/100\n|move|p2b: Gyarados|Dragon Dance|p2b: Gyarados\n|-boost|p2b: Gyarados|atk|1\n|-boost|p2b: Gyarados|spe|1\n|move|p1b: Salamence|Tailwind|p1b: Salamence\n|-sidestart|p1: impastabot4000|move: Tailwind\n|move|p2a: Gardevoir|Dazzling Gleam|p1a: Chien-Pao|[spread] p1a,p1b\n|-supereffective|p1a: Chien-Pao\n|-supereffective|p1b: Salamence\n|-damage|p1a: Chien-Pao|0 fnt\n|-damage|p1b: Salamence|37\/100\n|faint|p1a: Chien-Pao\n|\n|upkeep\n|\n|t:|1696386251\n|switch|p1a: Ogerpon|Ogerpon-Cornerstone, F|100\/100\n|turn|6\n|inactive|Alexjames99 has 120 seconds left.\n|\n|t:|1696386281\n|move|p1b: Salamence|Frustration|p2a: Gardevoir\n|-damage|p2a: Gardevoir|0 fnt\n|faint|p2a: Gardevoir\n|move|p1a: Ogerpon|Ivy Cudgel|p2b: Gyarados\n|-supereffective|p2b: Gyarados\n|-damage|p2b: Gyarados|0 fnt\n|faint|p2b: Gyarados\n|\n|upkeep\n|\n|t:|1696386291\n|switch|p2b: Houndstone|Houndstone, F|100\/100\n|turn|7\n|\n|t:|1696386296\n|move|p1a: Ogerpon|Follow Me|p1a: Ogerpon\n|-singleturn|p1a: Ogerpon|move: Follow Me\n|move|p1b: Salamence|Dragon Dance|p1b: Salamence\n|-boost|p1b: Salamence|atk|1\n|-boost|p1b: Salamence|spe|1\n|move|p2b: Houndstone|Last Respects|p1a: Ogerpon\n|-crit|p1a: Ogerpon\n|-ability|p1a: Ogerpon|Sturdy\n|-damage|p1a: Ogerpon|1\/100\n|\n|upkeep\n|turn|8\n|c|\u2606impastabot4000|gg\n|\n|t:|1696386311\n|move|p2b: Houndstone|Shadow Sneak|p1a: Ogerpon\n|-damage|p1a: Ogerpon|0 fnt\n|faint|p1a: Ogerpon\n|move|p1b: Salamence|Frustration|p2b: Houndstone\n|-damage|p2b: Houndstone|60\/100\n|\n|-heal|p2b: Houndstone|66\/100|[from] item: Leftovers\n|-sideend|p1: impastabot4000|move: Tailwind\n|upkeep\n|\n|t:|1696386327\n|switch|p1a: Rillaboom|Rillaboom, M, tera:Rock|64\/100\n|-fieldstart|move: Grassy Terrain|[from] ability: Grassy Surge|[of] p1a: Rillaboom\n|turn|9\n|\n|t:|1696386347\n|move|p1a: Rillaboom|Grassy Glide|p2b: Houndstone\n|-damage|p2b: Houndstone|48\/100\n|move|p1b: Salamence|Frustration|p2b: Houndstone\n|-damage|p2b: Houndstone|4\/100\n|move|p2b: Houndstone|Last Respects|p1b: Salamence\n|-damage|p1b: Salamence|0 fnt\n|faint|p1b: Salamence\n|\n|-heal|p1a: Rillaboom|70\/100|[from] Grassy Terrain\n|-heal|p2b: Houndstone|10\/100|[from] Grassy Terrain\n|-heal|p2b: Houndstone|16\/100|[from] item: Leftovers\n|upkeep\n|\n|t:|1696386361\n|switch|p1b: Flutter Mane|Flutter Mane|100\/100\n|turn|10\n|\n|t:|1696386370\n|move|p1a: Rillaboom|Grassy Glide|p2b: Houndstone\n|-damage|p2b: Houndstone|0 fnt\n|faint|p2b: Houndstone\n|\n|win|impastabot4000\n|raw|impastabot4000's rating: 1256 &rarr; <strong>1274<\/strong><br \/>(+18 for winning)\n|raw|Alexjames99's rating: 1156 &rarr; <strong>1138<\/strong><br \/>(-18 for losing)\n|l|\u2606Alexjames99\n","uploadtime":1696386398,"views":14,"p1id":"impastabot4000","p2id":"alexjames99","formatid":"gen9nationaldexdoubles","rating":1138,"private":0,"password":""}