{"id":"gen9nationaldexdoubles-1953053245","p1":"Supierre","p2":"Tripb85","format":"[Gen 9] National Dex Doubles","log":"|j|\u2606Supierre\n|j|\u2606Tripb85\n|t:|1695750548\n|gametype|doubles\n|player|p1|Supierre|brock|1041\n|player|p2|Tripb85|ethan-masters|1091\n|teamsize|p1|6\n|teamsize|p2|3\n|gen|9\n|tier|[Gen 9] National Dex Doubles\n|rated|\n|rule|HP Percentage Mod: HP is shown in percentages\n|rule|Endless Battle Clause: Forcing endless battles is banned\n|rule|OHKO Clause: OHKO moves are banned\n|rule|Evasion Moves Clause: Evasion moves are banned\n|rule|Evasion Abilities Clause: Evasion abilities are banned\n|rule|Species Clause: Limit one of each Pok\u00e9mon\n|rule|Gravity Sleep Clause: The combination of sleep-inducing moves with imperfect accuracy and Gravity or Gigantamax Orbeetle are banned\n|clearpoke\n|poke|p1|Clamperl, M|\n|poke|p1|Mr. Mime, M|\n|poke|p1|Rabsca, M|\n|poke|p1|Oranguru, M|\n|poke|p1|Decidueye, M|\n|poke|p1|Amoonguss, F|\n|poke|p2|Latios, M|\n|poke|p2|Kommo-o-Totem, M|\n|poke|p2|Flamigo, M|\n|teampreview\n|inactive|Battle timer is ON: inactive players will automatically lose when time's up. (requested by Supierre)\n|\n|t:|1695750563\n|start\n|switch|p1a: Clampy|Clamperl, M|100\/100\n|switch|p1b: Monsieur|Mr. Mime, M|100\/100\n|switch|p2a: Latios|Latios, M, shiny|100\/100\n|switch|p2b: Kommo-o|Kommo-o-Totem, M|100\/100\n|turn|1\n|\n|t:|1695750575\n|move|p1b: Monsieur|Follow Me|p1b: Monsieur\n|-singleturn|p1b: Monsieur|move: Follow Me\n|move|p2a: Latios|Simple Beam|p1b: Monsieur\n|-endability|p1b: Monsieur|Filter|[from] move: Simple Beam\n|-ability|p1b: Monsieur|Simple|[from] move: Simple Beam\n|-zpower|p2b: Kommo-o\n|move|p2b: Kommo-o|Clangorous Soulblaze|p1b: Monsieur|[zeffect]|[spread] p1a\n|-immune|p1b: Monsieur\n|-damage|p1a: Clampy|0 fnt\n|faint|p1a: Clampy\n|-boost|p2b: Kommo-o|atk|1\n|-boost|p2b: Kommo-o|def|1\n|-boost|p2b: Kommo-o|spa|1\n|-boost|p2b: Kommo-o|spd|1\n|-boost|p2b: Kommo-o|spe|1\n|\n|upkeep\n|\n|t:|1695750595\n|switch|p1a: Raballin|Rabsca, M|100\/100\n|turn|2\n|\n|t:|1695750621\n|move|p2b: Kommo-o|Flash Cannon|p1b: Monsieur\n|-supereffective|p1b: Monsieur\n|-damage|p1b: Monsieur|48\/100\n|-unboost|p1b: Monsieur|spd|2\n|-enditem|p1b: Monsieur|Sitrus Berry|[eat]\n|-heal|p1b: Monsieur|73\/100|[from] item: Sitrus Berry\n|move|p2a: Latios|Psych Up|p2b: Kommo-o\n|-copyboost|p2a: Latios|p2b: Kommo-o|[from] move: Psych Up\n|move|p1a: Raballin|Revival Blessing|p1a: Raballin\n|-enditem|p1a: Raballin|Leppa Berry|[eat]\n|-activate|p1a: Raballin|item: Leppa Berry|Revival Blessing|[consumed]\n|\n|t:|1695750630\n|-heal|p1: Clampy|50\/100|[from] move: Revival Blessing\n|move|p1b: Monsieur|Trick Room|p1b: Monsieur\n|-fieldstart|move: Trick Room|[of] p1b: Monsieur\n|\n|upkeep\n|turn|3\n|\n|t:|1695750652\n|move|p1a: Raballin|Light Screen|p1a: Raballin\n|-sidestart|p1: Supierre|move: Light Screen\n|move|p1b: Monsieur|Reflect|p1b: Monsieur\n|-sidestart|p1: Supierre|Reflect\n|move|p2b: Kommo-o|Flamethrower|p1a: Raballin\n|-supereffective|p1a: Raballin\n|-damage|p1a: Raballin|66\/100\n|move|p2a: Latios|Stored Power|p1b: Monsieur\n|-resisted|p1b: Monsieur\n|-damage|p1b: Monsieur|34\/100\n|\n|upkeep\n|turn|4\n|\n|t:|1695750667\n|switch|p1a: Amoonguss|Amoonguss, F|100\/100\n|switch|p1b: Decidueye|Decidueye, M|100\/100\n|move|p2b: Kommo-o|Flamethrower|p1a: Amoonguss\n|-supereffective|p1a: Amoonguss\n|-damage|p1a: Amoonguss|67\/100\n|move|p2a: Latios|Stored Power|p1b: Decidueye\n|-damage|p1b: Decidueye|60\/100\n|\n|-heal|p1a: Amoonguss|74\/100|[from] item: Black Sludge\n|upkeep\n|turn|5\n|\n|t:|1695750686\n|move|p1a: Amoonguss|Spore|p2a: Latios\n|-status|p2a: Latios|slp|[from] move: Spore\n|move|p1b: Decidueye|Substitute|p1b: Decidueye\n|-start|p1b: Decidueye|Substitute\n|-damage|p1b: Decidueye|35\/100\n|move|p2b: Kommo-o|Flamethrower|p1b: Decidueye\n|-supereffective|p1b: Decidueye\n|-end|p1b: Decidueye|Substitute\n|cant|p2a: Latios|slp\n|\n|-heal|p1a: Amoonguss|80\/100|[from] item: Black Sludge\n|upkeep\n|turn|6\n|\n|t:|1695750703\n|switch|p2a: Flamigo|Flamigo, M|100\/100\n|-copyboost|p2a: Flamigo|p2b: Kommo-o|[from] ability: Costar\n|move|p1a: Amoonguss|Rage Powder|p1a: Amoonguss\n|-singleturn|p1a: Amoonguss|move: Rage Powder\n|move|p1b: Decidueye|Substitute|p1b: Decidueye\n|-start|p1b: Decidueye|Substitute\n|-damage|p1b: Decidueye|10\/100\n|move|p2b: Kommo-o|Flamethrower|p1b: Decidueye\n|-supereffective|p1b: Decidueye\n|-end|p1b: Decidueye|Substitute\n|\n|-heal|p1a: Amoonguss|86\/100|[from] item: Black Sludge\n|-fieldend|move: Trick Room\n|upkeep\n|turn|7\n|inactive|Tripb85 has 120 seconds left.\n|\n|t:|1695750744\n|move|p2a: Flamigo|Dual Wingbeat|p1a: Amoonguss\n|-supereffective|p1a: Amoonguss\n|-damage|p1a: Amoonguss|43\/100\n|-supereffective|p1a: Amoonguss\n|-damage|p1a: Amoonguss|0 fnt\n|faint|p1a: Amoonguss\n|-hitcount|p1: Amoonguss|2\n|move|p2b: Kommo-o|Flamethrower|p1b: Decidueye\n|-supereffective|p1b: Decidueye\n|-damage|p1b: Decidueye|0 fnt\n|faint|p1b: Decidueye\n|\n|-sideend|p1: Supierre|Reflect\n|-sideend|p1: Supierre|move: Light Screen\n|upkeep\n|\n|t:|1695750757\n|switch|p1b: Monsieur|Mr. Mime, M|34\/100\n|switch|p1a: Raballin|Rabsca, M|66\/100\n|turn|8\n|\n|t:|1695750772\n|move|p2a: Flamigo|Dual Wingbeat|p1b: Monsieur\n|-damage|p1b: Monsieur|0 fnt\n|faint|p1b: Monsieur\n|-hitcount|p1: Monsieur|1\n|move|p2b: Kommo-o|Flamethrower|p1a: Raballin\n|-supereffective|p1a: Raballin\n|-damage|p1a: Raballin|14\/100\n|move|p1a: Raballin|Trick Room|p1a: Raballin\n|-fieldstart|move: Trick Room|[of] p1a: Raballin\n|\n|upkeep\n|\n|t:|1695750781\n|switch|p1b: Clampy|Clamperl, M|50\/100\n|turn|9\n|\n|t:|1695750798\n|switch|p1a: Monke|Oranguru, M|100\/100\n|-terastallize|p1b: Clampy|Dragon\n|move|p1b: Clampy|Blizzard|p2a: Flamigo|[spread] p2a,p2b\n|-supereffective|p2a: Flamigo\n|-supereffective|p2b: Kommo-o\n|-damage|p2a: Flamigo|5\/100\n|-damage|p2b: Kommo-o|21\/100\n|move|p2b: Kommo-o|Drain Punch|p1b: Clampy\n|-damage|p1b: Clampy|0 fnt\n|-heal|p2b: Kommo-o|45\/100|[from] drain|[of] p1b: Clampy\n|faint|p1b: Clampy\n|move|p2a: Flamigo|Dual Wingbeat|p1a: Monke\n|-damage|p1a: Monke|79\/100\n|-damage|p1a: Monke|54\/100\n|-hitcount|p1a: Monke|2\n|\n|upkeep\n|\n|t:|1695750813\n|switch|p1b: Raballin|Rabsca, M|14\/100\n|turn|10\n|\n|t:|1695750829\n|move|p1a: Monke|Ally Switch|p1a: Monke\n|swap|p1a: Monke|1|[from] move: Ally Switch\n|move|p1a: Raballin|Revival Blessing|p1a: Raballin\n|\n|t:|1695750832\n|-heal|p1: Clampy|50\/100|[from] move: Revival Blessing\n|move|p2b: Kommo-o|Clanging Scales|p1b: Monke|[spread] p1a,p1b\n|-damage|p1a: Raballin|0 fnt\n|-damage|p1b: Monke|14\/100\n|faint|p1a: Raballin\n|-unboost|p2b: Kommo-o|def|1\n|move|p2a: Flamigo|Dual Wingbeat|p1b: Monke\n|-damage|p1b: Monke|0 fnt\n|faint|p1b: Monke\n|-hitcount|p1: Monke|1\n|\n|upkeep\n|\n|t:|1695750844\n|switch|p1a: Clampy|Clamperl, M|50\/100\n|turn|11\n|\n|t:|1695750854\n|move|p1a: Clampy|Blizzard|p2a: Flamigo|[spread] p2a,p2b\n|-supereffective|p2a: Flamigo\n|-supereffective|p2b: Kommo-o\n|-crit|p2b: Kommo-o\n|-damage|p2a: Flamigo|0 fnt\n|-damage|p2b: Kommo-o|0 fnt\n|faint|p2a: Flamigo\n|faint|p2b: Kommo-o\n|\n|upkeep\n|\n|t:|1695750861\n|switch|p2a: Latios|Latios, M, shiny|100\/100 slp\n|turn|12\n|\n|t:|1695750880\n|move|p1a: Clampy|Ice Beam|p2a: Latios\n|-supereffective|p2a: Latios\n|-damage|p2a: Latios|25\/100 slp\n|-enditem|p2a: Latios|Aguav Berry|[eat]\n|-heal|p2a: Latios|58\/100 slp|[from] item: Aguav Berry\n|-curestatus|p2a: Latios|slp|[msg]\n|move|p2a: Latios|Psych Up|p1a: Clampy\n|-copyboost|p2a: Latios|p1a: Clampy|[from] move: Psych Up\n|\n|-fieldend|move: Trick Room\n|upkeep\n|turn|13\n|-message|Tripb85 forfeited.\n|\n|win|Supierre\n|raw|Supierre's rating: 1041 &rarr; <strong>1080<\/strong><br \/>(+39 for winning)\n|raw|Tripb85's rating: 1091 &rarr; <strong>1064<\/strong><br \/>(-27 for losing)\n|l|\u2606Tripb85\n","uploadtime":1695750922,"views":8,"p1id":"supierre","p2id":"tripb85","formatid":"gen9nationaldexdoubles","rating":1064,"private":0,"password":""}