{"id":"gen9nationaldexdoubles-1993568565","p1":"larsonshark","p2":"FriedBeaver01","format":"[Gen 9] National Dex Doubles","log":"|j|\u2606larsonshark\n|j|\u203dFriedBeaver01\n|t:|1700332708\n|gametype|doubles\n|player|p1|larsonshark|caitlin|1372\n|player|p2|FriedBeaver01|biker-gen4|1242\n|teamsize|p1|6\n|teamsize|p2|6\n|gen|9\n|tier|[Gen 9] National Dex Doubles\n|rated|\n|rule|HP Percentage Mod: HP is shown in percentages\n|rule|Endless Battle Clause: Forcing endless battles is banned\n|rule|OHKO Clause: OHKO moves are banned\n|rule|Evasion Moves Clause: Evasion moves are banned\n|rule|Evasion Abilities Clause: Evasion abilities are banned\n|rule|Species Clause: Limit one of each Pok\u00e9mon\n|rule|Gravity Sleep Clause: The combination of sleep-inducing moves with imperfect accuracy and Gravity or Gigantamax Orbeetle are banned\n|clearpoke\n|poke|p1|Tornadus, M|\n|poke|p1|Indeedee, M|\n|poke|p1|Chi-Yu|\n|poke|p1|Darmanitan-Galar, F|\n|poke|p1|Gholdengo|\n|poke|p1|Blastoise, M|\n|poke|p2|Great Tusk|\n|poke|p2|Tyranitar, M|\n|poke|p2|Houndstone, M|\n|poke|p2|Hippowdon, M|\n|poke|p2|Rhyperior, M|\n|poke|p2|Empoleon, M|\n|teampreview\n|inactive|Battle timer is ON: inactive players will automatically lose when time's up. (requested by larsonshark)\n|\n|t:|1700332737\n|start\n|switch|p1a: Tornadus|Tornadus, M|100\/100\n|switch|p1b: Darmanitan|Darmanitan-Galar, F|100\/100\n|switch|p2a: Hippowdon|Hippowdon, M|100\/100\n|switch|p2b: Empoleon|Empoleon, M, shiny|100\/100\n|-weather|Sandstorm|[from] ability: Sand Stream|[of] p2a: Hippowdon\n|turn|1\n|\n|t:|1700332753\n|move|p1a: Tornadus|Tailwind|p1a: Tornadus\n|-sidestart|p1: larsonshark|move: Tailwind\n|move|p1b: Darmanitan|Earthquake|p2a: Hippowdon|[spread] p2a,p2b\n|-immune|p1a: Tornadus\n|-supereffective|p2b: Empoleon\n|-damage|p2a: Hippowdon|55\/100\n|-damage|p2b: Empoleon|0 fnt\n|faint|p2b: Empoleon\n|move|p2a: Hippowdon|Stealth Rock|p1a: Tornadus\n|-sidestart|p1: larsonshark|move: Stealth Rock\n|\n|-weather|Sandstorm|[upkeep]\n|-damage|p1a: Tornadus|94\/100|[from] Sandstorm\n|-damage|p1b: Darmanitan|95\/100|[from] Sandstorm\n|-heal|p1a: Tornadus|100\/100|[from] item: Leftovers\n|upkeep\n|\n|t:|1700332769\n|switch|p2b: Rhyperior|Rhyperior, M, shiny|100\/100\n|turn|2\n|\n|t:|1700332778\n|-terastallize|p2b: Rhyperior|Rock\n|move|p1a: Tornadus|Bleakwind Storm|p2b: Rhyperior|[spread] \n|-miss|p1a: Tornadus|p2a: Hippowdon\n|-miss|p1a: Tornadus|p2b: Rhyperior\n|move|p1b: Darmanitan|Earthquake|p2b: Rhyperior|[spread] p2a,p2b\n|-immune|p1a: Tornadus\n|-supereffective|p2b: Rhyperior\n|-damage|p2a: Hippowdon|13\/100\n|-damage|p2b: Rhyperior|21\/100\n|move|p2a: Hippowdon|Stealth Rock||[still]\n|-fail|p2a: Hippowdon\n|move|p2b: Rhyperior|Rock Blast|p1a: Tornadus\n|-supereffective|p1a: Tornadus\n|-damage|p1a: Tornadus|35\/100\n|-supereffective|p1a: Tornadus\n|-damage|p1a: Tornadus|0 fnt\n|faint|p1a: Tornadus\n|-hitcount|p1: Tornadus|2\n|\n|-weather|Sandstorm|[upkeep]\n|-damage|p1b: Darmanitan|89\/100|[from] Sandstorm\n|upkeep\n|\n|t:|1700332792\n|switch|p1a: Gholdengo|Gholdengo|100\/100\n|-damage|p1a: Gholdengo|94\/100|[from] Stealth Rock\n|turn|3\n|\n|t:|1700332802\n|move|p1a: Gholdengo|Make It Rain|p2b: Rhyperior|[spread] p2a,p2b\n|-supereffective|p2b: Rhyperior\n|-damage|p2a: Hippowdon|0 fnt\n|-damage|p2b: Rhyperior|0 fnt\n|-unboost|p1a: Gholdengo|spa|1\n|faint|p2a: Hippowdon\n|faint|p2b: Rhyperior\n|move|p1b: Darmanitan|Earthquake|p1a: Gholdengo\n|-supereffective|p1a: Gholdengo\n|-crit|p1a: Gholdengo\n|-damage|p1a: Gholdengo|0 fnt\n|faint|p1a: Gholdengo\n|\n|-weather|Sandstorm|[upkeep]\n|-damage|p1b: Darmanitan|83\/100|[from] Sandstorm\n|upkeep\n|j| Prankbox454\n|\n|t:|1700332824\n|switch|p1a: Chi-Yu|Chi-Yu|100\/100\n|switch|p2a: Houndstone|Houndstone, M|100\/100\n|switch|p2b: Great Tusk|Great Tusk|100\/100\n|-damage|p1a: Chi-Yu|76\/100|[from] Stealth Rock\n|-ability|p1a: Chi-Yu|Beads of Ruin\n|-enditem|p2b: Great Tusk|Booster Energy\n|-activate|p2b: Great Tusk|ability: Protosynthesis|[fromitem]\n|-start|p2b: Great Tusk|protosynthesisatk\n|turn|4\n|\n|t:|1700332842\n|switch|p1b: Indeedee|Indeedee, M|100\/100\n|-damage|p1b: Indeedee|88\/100|[from] Stealth Rock\n|-fieldstart|move: Psychic Terrain|[from] ability: Psychic Surge|[of] p1b: Indeedee\n|move|p2a: Houndstone|Protect|p2a: Houndstone\n|-singleturn|p2a: Houndstone|Protect\n|move|p1a: Chi-Yu|Dark Pulse|p2a: Houndstone\n|-activate|p2a: Houndstone|move: Protect\n|move|p2b: Great Tusk|Earthquake|p1a: Chi-Yu|[spread] p1a,p1b\n|-activate|p2a: Houndstone|move: Protect\n|-supereffective|p1a: Chi-Yu\n|-damage|p1a: Chi-Yu|0 fnt\n|-damage|p1b: Indeedee|0 fnt\n|faint|p1a: Chi-Yu\n|faint|p1b: Indeedee\n|\n|-weather|Sandstorm|[upkeep]\n|-sideend|p1: larsonshark|move: Tailwind\n|upkeep\n|\n|t:|1700332853\n|switch|p1a: Blastoise|Blastoise, M|100\/100\n|switch|p1b: Darmanitan|Darmanitan-Galar, F|83\/100\n|-damage|p1a: Blastoise|88\/100|[from] Stealth Rock\n|-damage|p1b: Darmanitan|58\/100|[from] Stealth Rock\n|turn|5\n|\n|t:|1700332866\n|switch|p2a: Tyranitar|Tyranitar, M, shiny|100\/100\n|detailschange|p1a: Blastoise|Blastoise-Mega, M\n|-mega|p1a: Blastoise|Blastoise|Blastoisinite\n|move|p1b: Darmanitan|Flare Blitz|p2a: Tyranitar\n|-resisted|p2a: Tyranitar\n|-damage|p2a: Tyranitar|58\/100\n|-damage|p1b: Darmanitan|42\/100|[from] Recoil\n|move|p1a: Blastoise|Shell Smash|p1a: Blastoise\n|-unboost|p1a: Blastoise|def|1\n|-unboost|p1a: Blastoise|spd|1\n|-boost|p1a: Blastoise|atk|2\n|-boost|p1a: Blastoise|spa|2\n|-boost|p1a: Blastoise|spe|2\n|move|p2b: Great Tusk|Body Press|p1b: Darmanitan\n|-supereffective|p1b: Darmanitan\n|-damage|p1b: Darmanitan|0 fnt\n|faint|p1b: Darmanitan\n|\n|-weather|none\n|upkeep\n|turn|6\n|c|\u2606larsonshark|gg\n|\n|t:|1700332890\n|move|p1a: Blastoise|Water Spout|p2b: Great Tusk|[spread] p2a,p2b\n|-supereffective|p2a: Tyranitar\n|-supereffective|p2b: Great Tusk\n|-damage|p2a: Tyranitar|0 fnt\n|-damage|p2b: Great Tusk|0 fnt\n|faint|p2a: Tyranitar\n|faint|p2b: Great Tusk\n|-end|p2b: Great Tusk|Protosynthesis|[silent]\n|\n|upkeep\n|\n|t:|1700332894\n|switch|p2b: Houndstone|Houndstone, M|100\/100\n|turn|7\n|\n|t:|1700332897\n|move|p1a: Blastoise|Water Spout|p2b: Houndstone\n|-damage|p2b: Houndstone|0 fnt\n|faint|p2b: Houndstone\n|\n|win|larsonshark\n|raw|larsonshark's rating: 1372 &rarr; <strong>1385<\/strong><br \/>(+13 for winning)\n|raw|FriedBeaver01's rating: 1242 &rarr; <strong>1226<\/strong><br \/>(-16 for losing)\n|l|\u203dFriedBeaver01\n","uploadtime":1700332909,"views":9,"p1id":"larsonshark","p2id":"friedbeaver01","formatid":"gen9nationaldexdoubles","rating":1226,"private":0,"password":""}