{"id":"gen9nationaldexdoubles-1984229493","p1":"KingoftheTitans","p2":"xiaochou0629","format":"[Gen 9] National Dex Doubles","log":"|j|\u2606KingoftheTitans\n|j|\u2606xiaochou0629\n|t:|1699232702\n|gametype|doubles\n|player|p1|KingoftheTitans|2|1268\n|player|p2|xiaochou0629|firebreather|1399\n|teamsize|p1|6\n|teamsize|p2|6\n|gen|9\n|tier|[Gen 9] National Dex Doubles\n|rated|\n|rule|HP Percentage Mod: HP is shown in percentages\n|rule|Endless Battle Clause: Forcing endless battles is banned\n|rule|OHKO Clause: OHKO moves are banned\n|rule|Evasion Moves Clause: Evasion moves are banned\n|rule|Evasion Abilities Clause: Evasion abilities are banned\n|rule|Species Clause: Limit one of each Pok\u00e9mon\n|rule|Gravity Sleep Clause: The combination of sleep-inducing moves with imperfect accuracy and Gravity or Gigantamax Orbeetle are banned\n|clearpoke\n|poke|p1|Landorus-Therian, M|\n|poke|p1|Aegislash, M|\n|poke|p1|Rotom-Wash|\n|poke|p1|Blaziken, M|\n|poke|p1|Kingambit, M|\n|poke|p1|Ogerpon-Hearthflame, F|\n|poke|p2|Ogerpon-Hearthflame, F|\n|poke|p2|Rillaboom, F|\n|poke|p2|Tornadus, M|\n|poke|p2|Salamence, F|\n|poke|p2|Flutter Mane|\n|poke|p2|Iron Bundle|\n|teampreview\n|\n|t:|1699232726\n|start\n|switch|p1a: Landorus|Landorus-Therian, M|100\/100\n|switch|p1b: Rotom|Rotom-Wash, shiny|100\/100\n|switch|p2a: Tornadus|Tornadus, M|100\/100\n|switch|p2b: Salamence|Salamence, F|100\/100\n|-ability|p2b: Salamence|Intimidate|boost\n|-unboost|p1a: Landorus|atk|1\n|-unboost|p1b: Rotom|atk|1\n|-ability|p1a: Landorus|Intimidate|boost\n|-unboost|p2a: Tornadus|atk|1\n|-unboost|p2b: Salamence|atk|1\n|turn|1\n|\n|t:|1699232740\n|switch|p2b: Rillaboom|Rillaboom, F|100\/100\n|-fieldstart|move: Grassy Terrain|[from] ability: Grassy Surge|[of] p2b: Rillaboom\n|move|p2a: Tornadus|Icy Wind|p1b: Rotom|[spread] p1a,p1b\n|-supereffective|p1a: Landorus\n|-resisted|p1b: Rotom\n|-damage|p1a: Landorus|24\/100\n|-damage|p1b: Rotom|91\/100\n|-unboost|p1a: Landorus|spe|1\n|-unboost|p1b: Rotom|spe|1\n|move|p1a: Landorus|Rock Slide|p2a: Tornadus|[spread] p2a,p2b\n|-supereffective|p2a: Tornadus\n|-damage|p2a: Tornadus|55\/100\n|-damage|p2b: Rillaboom|89\/100\n|move|p1b: Rotom|Thunderbolt|p2a: Tornadus\n|-supereffective|p2a: Tornadus\n|-damage|p2a: Tornadus|0 fnt\n|faint|p2a: Tornadus\n|\n|-heal|p2b: Rillaboom|96\/100|[from] Grassy Terrain\n|-heal|p1b: Rotom|98\/100|[from] item: Leftovers\n|upkeep\n|\n|t:|1699232754\n|switch|p2a: Salamence|Salamence, F|100\/100\n|-ability|p2a: Salamence|Intimidate|boost\n|-unboost|p1a: Landorus|atk|1\n|-unboost|p1b: Rotom|atk|1\n|turn|2\n|\n|t:|1699232764\n|switch|p1a: Aegislash|Aegislash, M, shiny|100\/100\n|detailschange|p2a: Salamence|Salamence-Mega, F\n|-mega|p2a: Salamence|Salamence|Salamencite\n|move|p2b: Rillaboom|Fake Out|p1a: Aegislash\n|-immune|p1a: Aegislash\n|move|p2a: Salamence|Dragon Dance|p2a: Salamence\n|-boost|p2a: Salamence|atk|1\n|-boost|p2a: Salamence|spe|1\n|move|p1b: Rotom|Will-O-Wisp|p2a: Salamence|[miss]\n|-miss|p1b: Rotom|p2a: Salamence\n|\n|-heal|p2b: Rillaboom|100\/100|[from] Grassy Terrain\n|-heal|p1b: Rotom|100\/100|[from] item: Leftovers\n|upkeep\n|turn|3\n|\n|t:|1699232785\n|move|p2a: Salamence|Return|p1b: Rotom\n|-resisted|p1b: Rotom\n|-damage|p1b: Rotom|32\/100\n|move|p2b: Rillaboom|Knock Off|p1a: Aegislash\n|-supereffective|p1a: Aegislash\n|-damage|p1a: Aegislash|44\/100\n|-enditem|p1a: Aegislash|Weakness Policy\n|-boost|p1a: Aegislash|atk|2|[from] item: Weakness Policy\n|-boost|p1a: Aegislash|spa|2|[from] item: Weakness Policy\n|move|p1b: Rotom|Will-O-Wisp|p2a: Salamence\n|-status|p2a: Salamence|brn\n|-formechange|p1a: Aegislash|Aegislash-Blade||[from] ability: Stance Change\n|move|p1a: Aegislash|Iron Head|p2b: Rillaboom\n|-damage|p2b: Rillaboom|21\/100\n|\n|-heal|p2b: Rillaboom|27\/100|[from] Grassy Terrain\n|-heal|p1b: Rotom|38\/100|[from] item: Leftovers\n|-heal|p1a: Aegislash|50\/100|[from] Grassy Terrain\n|-damage|p2a: Salamence|94\/100 brn|[from] brn\n|upkeep\n|turn|4\n|\n|t:|1699232833\n|move|p1b: Rotom|Protect|p1b: Rotom\n|-singleturn|p1b: Rotom|Protect\n|move|p1a: Aegislash|Shadow Sneak|p2b: Rillaboom\n|-damage|p2b: Rillaboom|0 fnt\n|faint|p2b: Rillaboom\n|move|p2a: Salamence|Return|p1b: Rotom\n|-activate|p1b: Rotom|move: Protect\n|\n|-heal|p1b: Rotom|44\/100|[from] item: Leftovers\n|-heal|p1a: Aegislash|57\/100|[from] Grassy Terrain\n|-damage|p2a: Salamence|88\/100 brn|[from] brn\n|upkeep\n|\n|t:|1699232838\n|switch|p2b: Ogerpon|Ogerpon-Hearthflame, F|100\/100\n|-ability|p2b: Ogerpon|Mold Breaker\n|turn|5\n|\n|t:|1699232853\n|-terastallize|p2b: Ogerpon|Fire\n|detailschange|p2b: Ogerpon|Ogerpon-Hearthflame-Tera, F, tera:Fire\n|-ability|p2b: Ogerpon|Embody Aspect (Hearthflame)|boost\n|-boost|p2b: Ogerpon|atk|1\n|-formechange|p1a: Aegislash|Aegislash||[from] ability: Stance Change\n|move|p1a: Aegislash|King's Shield|p1a: Aegislash\n|-singleturn|p1a: Aegislash|Protect\n|move|p2a: Salamence|Crunch|p1a: Aegislash\n|-activate|p1a: Aegislash|move: Protect\n|-unboost|p2a: Salamence|atk|1\n|move|p2b: Ogerpon|Ivy Cudgel|p1a: Aegislash\n|-activate|p1a: Aegislash|move: Protect\n|move|p1b: Rotom|Hydro Pump|p2b: Ogerpon\n|-supereffective|p2b: Ogerpon\n|-damage|p2b: Ogerpon|0 fnt\n|faint|p2b: Ogerpon\n|\n|-heal|p1b: Rotom|51\/100|[from] item: Leftovers\n|-heal|p1a: Aegislash|63\/100|[from] Grassy Terrain\n|-damage|p2a: Salamence|82\/100 brn|[from] brn\n|-fieldend|move: Grassy Terrain\n|upkeep\n|\n|t:|1699232862\n|switch|p2b: Iron Bundle|Iron Bundle|100\/100\n|-enditem|p2b: Iron Bundle|Booster Energy\n|-activate|p2b: Iron Bundle|ability: Quark Drive|[fromitem]\n|-start|p2b: Iron Bundle|quarkdrivespe\n|turn|6\n|\n|t:|1699232879\n|move|p2b: Iron Bundle|Icy Wind|p1a: Aegislash|[spread] p1a,p1b\n|-resisted|p1a: Aegislash\n|-resisted|p1b: Rotom\n|-damage|p1a: Aegislash|56\/100\n|-damage|p1b: Rotom|39\/100\n|-unboost|p1a: Aegislash|spe|1\n|-unboost|p1b: Rotom|spe|1\n|move|p2a: Salamence|Crunch|p1a: Aegislash\n|-supereffective|p1a: Aegislash\n|-crit|p1a: Aegislash\n|-damage|p1a: Aegislash|20\/100\n|move|p1b: Rotom|Thunderbolt|p2b: Iron Bundle\n|-supereffective|p2b: Iron Bundle\n|-damage|p2b: Iron Bundle|0 fnt\n|faint|p2b: Iron Bundle\n|-end|p2b: Iron Bundle|Quark Drive|[silent]\n|-formechange|p1a: Aegislash|Aegislash-Blade||[from] ability: Stance Change\n|move|p1a: Aegislash|Iron Head|p2a: Salamence\n|-damage|p2a: Salamence|0 fnt\n|faint|p2a: Salamence\n|\n|-heal|p1b: Rotom|45\/100|[from] item: Leftovers\n|upkeep\n|l|\u2606xiaochou0629\n|player|p2|\n|inactive|Battle timer is ON: inactive players will automatically lose when time's up. (requested by KingoftheTitans)\n|inactive|xiaochou0629 has 30 seconds to reconnect!\n|inactive|xiaochou0629 has 20 seconds to reconnect!\n|inactive|xiaochou0629 has 15 seconds to reconnect!\n|inactive|xiaochou0629 has 10 seconds to reconnect!\n|inactive|xiaochou0629 has 5 seconds to reconnect!\n|-message|xiaochou0629 lost due to inactivity.\n|\n|win|KingoftheTitans\n|raw|KingoftheTitans's rating: 1268 &rarr; <strong>1302<\/strong><br \/>(+34 for winning)\n|raw|xiaochou0629's rating: 1399 &rarr; <strong>1372<\/strong><br \/>(-27 for losing)\n","uploadtime":1699232982,"views":5,"p1id":"kingofthetitans","p2id":"xiaochou0629","formatid":"gen9nationaldexdoubles","rating":1302,"private":0,"password":""}