{"id":"gen9nationaldexdoubles-1954175097","p1":"Nyata","p2":"tyranitar1977","format":"[Gen 9] National Dex Doubles","log":"|j|\u2606Nyata\n|j|\u2606tyranitar1977\n|t:|1695861644\n|gametype|doubles\n|player|p1|Nyata|101|1358\n|player|p2|tyranitar1977|ingo|1162\n|teamsize|p1|6\n|teamsize|p2|6\n|gen|9\n|tier|[Gen 9] National Dex Doubles\n|rated|\n|rule|HP Percentage Mod: HP is shown in percentages\n|rule|Endless Battle Clause: Forcing endless battles is banned\n|rule|OHKO Clause: OHKO moves are banned\n|rule|Evasion Moves Clause: Evasion moves are banned\n|rule|Evasion Abilities Clause: Evasion abilities are banned\n|rule|Species Clause: Limit one of each Pok\u00e9mon\n|rule|Gravity Sleep Clause: The combination of sleep-inducing moves with imperfect accuracy and Gravity or Gigantamax Orbeetle are banned\n|clearpoke\n|poke|p1|Cradily, M|\n|poke|p1|Aerodactyl, M|\n|poke|p1|Arcanine-Hisui, M|\n|poke|p1|Nihilego|\n|poke|p1|Tyranitar, M|\n|poke|p1|Aggron, F|\n|poke|p2|Enamorus, F|\n|poke|p2|Charizard, F|\n|poke|p2|Aerodactyl, F|\n|poke|p2|Thundurus, M|\n|poke|p2|Corviknight, F|\n|poke|p2|Zapdos-Galar|\n|teampreview\n|c|\u2606tyranitar1977|oh goodness\n|c|\u2606tyranitar1977|I just started practicing a gym leader larp for something and I immediately get a bad matchup\n|inactive|Battle timer is ON: inactive players will automatically lose when time's up. (requested by tyranitar1977)\n|c|\u2606tyranitar1977|!dt sky drop\n|raw|<ul class=\"utilichart\"><li class=\"result\"><span class=\"col movenamecol\"><a href=\"https:\/\/dex.pokemonshowdown.com\/moves\/skydrop\">Sky Drop<\/a><\/span> <span class=\"col typecol\"><img src=\"\/\/play.pokemonshowdown.com\/sprites\/types\/Flying.png\" alt=\"Flying\" width=\"32\" height=\"14\"><img src=\"\/\/play.pokemonshowdown.com\/sprites\/categories\/Physical.png\" alt=\"Physical\" width=\"32\" height=\"14\"><\/span> <span class=\"col labelcol\"><em>Power<\/em><br>60<\/span> <span class=\"col widelabelcol\"><em>Accuracy<\/em><br>100%<\/span> <span class=\"col pplabelcol\"><em>PP<\/em><br>16<\/span> <span class=\"col movedesccol\">User and foe fly up turn 1. Damages on turn 2.<\/span> <\/li><li style=\"clear:both\"><\/li><\/ul>\n|raw|<font size=\"1\"><font color=\"#686868\">Priority:<\/font> 0&nbsp;|&ThickSpace;<font color=\"#686868\">Gen:<\/font> 5&nbsp;|&ThickSpace;&#10007; Past Gens Only&nbsp;|&ThickSpace;&#10003; Contact&nbsp;|&ThickSpace;&#10003; Two-turn move&nbsp;|&ThickSpace;&#10007; Suppressed by Gravity&nbsp;|&ThickSpace;<font color=\"#686868\">Z-Power:<\/font> 120&nbsp;|&ThickSpace;<font color=\"#686868\">Dynamax Power:<\/font> 110&nbsp;|&ThickSpace;<font color=\"#686868\">Target:<\/font> Any Pok\u00e9mon<\/font>\n\n|\n|t:|1695861686\n|start\n|switch|p1a: Aerodactyl|Aerodactyl, M|100\/100\n|switch|p1b: Arcanine|Arcanine-Hisui, M|100\/100\n|switch|p2a: Aerodactyl|Aerodactyl, F|100\/100\n|switch|p2b: Corviknight|Corviknight, F|100\/100\n|-ability|p1a: Aerodactyl|Unnerve\n|-ability|p2a: Aerodactyl|Pressure\n|turn|1\n|c|\u2606Nyata|HEYY\n|c|\u2606Nyata|ME TOO\n|c|\u2606Nyata|HOW  YOU KNOW I HAVE SKYDROP\n|c|\u2606tyranitar1977|LOL\n|c|\u2606tyranitar1977|are you also tailwind\n|inactive|Nyata has 120 seconds left.\n|c|\u2606Nyata|yes\n|c|\u2606tyranitar1977|wow\n|\n|t:|1695861721\n|move|p1a: Aerodactyl|Tailwind|p1a: Aerodactyl\n|-sidestart|p1: Nyata|move: Tailwind\n|move|p1b: Arcanine|Flare Blitz|p2b: Corviknight\n|-supereffective|p2b: Corviknight\n|-damage|p2b: Corviknight|0 fnt\n|faint|p2b: Corviknight\n|move|p2a: Aerodactyl|Sky Drop||[still]\n|-prepare|p2a: Aerodactyl|Sky Drop|p1a: Aerodactyl\n|\n|upkeep\n|c|\u2606Nyata|im doing mono rock haha\n|c|\u2606Nyata|oh you lost the speed tie\n|c|\u2606Nyata|F\n|c|\u2606tyranitar1977|unlucky\n|\n|t:|1695861734\n|switch|p2b: Zapdos|Zapdos-Galar|100\/100\n|turn|2\n|\n|t:|1695861746\n|move|p1b: Arcanine|Flare Blitz|p2b: Zapdos\n|-damage|p2b: Zapdos|0 fnt\n|faint|p2b: Zapdos\n|move|p2a: Aerodactyl|Sky Drop|p1a: Aerodactyl|[from]lockedmove\n|-immune|p1a: Aerodactyl\n|\n|upkeep\n|\n|t:|1695861749\n|switch|p2b: Charizard|Charizard, F|100\/100\n|turn|3\n|\n|t:|1695861766\n|switch|p1b: Tyranitar|Tyranitar, M|100\/100\n|-weather|Sandstorm|[from] ability: Sand Stream|[of] p1b: Tyranitar\n|move|p2b: Charizard|Protect|p2b: Charizard\n|-singleturn|p2b: Charizard|Protect\n|move|p1a: Aerodactyl|Sky Drop|p2b: Charizard\n|-activate|p2b: Charizard|move: Protect\n|move|p2a: Aerodactyl|Tailwind|p2a: Aerodactyl\n|-sidestart|p2: tyranitar1977|move: Tailwind\n|\n|-weather|Sandstorm|[upkeep]\n|-damage|p2b: Charizard|94\/100|[from] Sandstorm\n|upkeep\n|turn|4\n|\n|t:|1695861786\n|detailschange|p2b: Charizard|Charizard-Mega-Y, F\n|-mega|p2b: Charizard|Charizard|Charizardite Y\n|-weather|SunnyDay|[from] ability: Drought|[of] p2b: Charizard\n|move|p1a: Aerodactyl|Wide Guard|p1a: Aerodactyl\n|-singleturn|p1a: Aerodactyl|Wide Guard\n|move|p2a: Aerodactyl|Wide Guard|p2a: Aerodactyl\n|-singleturn|p2a: Aerodactyl|Wide Guard\n|move|p2b: Charizard|Heat Wave|p1b: Tyranitar|[spread] \n|-activate|p1a: Aerodactyl|move: Wide Guard\n|-activate|p1b: Tyranitar|move: Wide Guard\n|move|p1b: Tyranitar|Rock Slide|p2b: Charizard|[spread] \n|-activate|p2a: Aerodactyl|move: Wide Guard\n|-activate|p2b: Charizard|move: Wide Guard\n|\n|-weather|SunnyDay|[upkeep]\n|-sideend|p1: Nyata|move: Tailwind\n|upkeep\n|turn|5\n|c|\u2606tyranitar1977|LOL\n|c|\u2606Nyata|LOL\n|\n|t:|1695861801\n|switch|p1b: Cradily|Cradily, M|100\/100\n|move|p2a: Aerodactyl|Taunt|p1a: Aerodactyl\n|-start|p1a: Aerodactyl|move: Taunt\n|move|p2b: Charizard|Solar Beam||[still]\n|-prepare|p2b: Charizard|Solar Beam\n|-anim|p2b: Charizard|Solar Beam|p1b: Cradily\n|-damage|p1b: Cradily|70\/100\n|cant|p1a: Aerodactyl|move: Taunt|Tailwind\n|\n|-weather|SunnyDay|[upkeep]\n|upkeep\n|turn|6\n|\n|t:|1695861815\n|move|p2b: Charizard|Protect|p2b: Charizard\n|-singleturn|p2b: Charizard|Protect\n|move|p1b: Cradily|Protect|p1b: Cradily\n|-singleturn|p1b: Cradily|Protect\n|move|p2a: Aerodactyl|Taunt|p1b: Cradily\n|-activate|p1b: Cradily|move: Protect\n|move|p1a: Aerodactyl|Sky Drop|p2b: Charizard\n|-activate|p2b: Charizard|move: Protect\n|\n|-weather|SunnyDay|[upkeep]\n|-sideend|p2: tyranitar1977|move: Tailwind\n|upkeep\n|turn|7\n|\n|t:|1695861823\n|move|p1a: Aerodactyl|Sky Drop||[still]\n|-prepare|p1a: Aerodactyl|Sky Drop|p2b: Charizard\n|move|p2a: Aerodactyl|Sky Drop|p1a: Aerodactyl|[miss]\n|-miss|p2a: Aerodactyl|p1a: Aerodactyl\n|move|p1b: Cradily|Giga Drain|p2a: Aerodactyl\n|-damage|p2a: Aerodactyl|73\/100\n|-heal|p1b: Cradily|83\/100|[from] drain|[of] p2a: Aerodactyl\n|\n|-weather|SunnyDay|[upkeep]\n|-end|p1a: Aerodactyl|move: Taunt\n|upkeep\n|turn|8\n|\n|t:|1695861840\n|move|p1a: Aerodactyl|Sky Drop|p2b: Charizard|[from]lockedmove\n|-immune|p2b: Charizard\n|move|p2a: Aerodactyl|Tailwind|p2a: Aerodactyl\n|-sidestart|p2: tyranitar1977|move: Tailwind\n|move|p2b: Charizard|Heat Wave|p1b: Cradily|[spread] p1a,p1b\n|-resisted|p1a: Aerodactyl\n|-damage|p1a: Aerodactyl|57\/100\n|-damage|p1b: Cradily|39\/100\n|-status|p1a: Aerodactyl|brn\n|-status|p1b: Cradily|brn\n|-enditem|p1a: Aerodactyl|Eject Button\n|c|\u2606Nyata|im practicing for a rock leader haha\n|c|\u2606tyranitar1977|oh eject button might be good for mine too\n|c|\u2606tyranitar1977|mine is sash\n|\n|t:|1695861856\n|switch|p1a: Tyranitar|Tyranitar, M|100\/100\n|-weather|Sandstorm|[from] ability: Sand Stream|[of] p1a: Tyranitar\n|move|p1b: Cradily|Meteor Beam||[still]\n|-prepare|p1b: Cradily|Meteor Beam\n|-boost|p1b: Cradily|spa|1\n|-enditem|p1b: Cradily|Power Herb\n|-anim|p1b: Cradily|Meteor Beam|p2b: Charizard\n|-supereffective|p2b: Charizard\n|-damage|p2b: Charizard|0 fnt\n|faint|p2b: Charizard\n|\n|-weather|Sandstorm|[upkeep]\n|-damage|p1b: Cradily|33\/100 brn|[from] brn\n|upkeep\n|c|\u2606Nyata|ya i had sash before\n|\n|t:|1695861867\n|switch|p2b: Enamorus|Enamorus, F|100\/100\n|turn|9\n|\n|t:|1695861883\n|move|p2a: Aerodactyl|Wide Guard|p2a: Aerodactyl\n|-singleturn|p2a: Aerodactyl|Wide Guard\n|move|p2b: Enamorus|Springtide Storm|p1b: Cradily|[spread] p1a,p1b\n|-supereffective|p1a: Tyranitar\n|-damage|p1a: Tyranitar|26\/100\n|-damage|p1b: Cradily|10\/100 brn\n|-zpower|p1a: Tyranitar\n|move|p1a: Tyranitar|Subzero Slammer|p2b: Enamorus|[zeffect]\n|-supereffective|p2b: Enamorus\n|-damage|p2b: Enamorus|0 fnt\n|faint|p2b: Enamorus\n|move|p1b: Cradily|Giga Drain|p2a: Aerodactyl\n|-damage|p2a: Aerodactyl|46\/100\n|-heal|p1b: Cradily|23\/100 brn|[from] drain|[of] p2a: Aerodactyl\n|\n|-weather|Sandstorm|[upkeep]\n|-damage|p1b: Cradily|17\/100 brn|[from] brn\n|upkeep\n|c|\u2606tyranitar1977|damn\n|\n|t:|1695861894\n|switch|p2b: Thundurus|Thundurus, M|100\/100\n|turn|10\n|\n|t:|1695861908\n|move|p2a: Aerodactyl|Taunt|p1a: Tyranitar\n|-start|p1a: Tyranitar|move: Taunt\n|move|p2b: Thundurus|Thunderbolt|p1a: Tyranitar\n|-damage|p1a: Tyranitar|0 fnt\n|faint|p1a: Tyranitar\n|move|p1b: Cradily|Giga Drain|p2a: Aerodactyl\n|-damage|p2a: Aerodactyl|18\/100\n|-heal|p1b: Cradily|30\/100 brn|[from] drain|[of] p2a: Aerodactyl\n|\n|-weather|Sandstorm|[upkeep]\n|-damage|p2b: Thundurus|94\/100|[from] Sandstorm\n|-damage|p1b: Cradily|24\/100 brn|[from] brn\n|upkeep\n|\n|t:|1695861917\n|switch|p1a: Aggron|Aggron, F|100\/100\n|turn|11\n|\n|t:|1695861938\n|detailschange|p1a: Aggron|Aggron-Mega, F\n|-mega|p1a: Aggron|Aggron|Aggronite\n|move|p2b: Thundurus|Thunder Wave|p1a: Aggron|[miss]\n|-miss|p2b: Thundurus|p1a: Aggron\n|move|p2a: Aerodactyl|Sky Drop||[still]\n|-prepare|p2a: Aerodactyl|Sky Drop|p1b: Cradily\n|move|p1a: Aggron|Metal Burst||[still]\n|-fail|p1a: Aggron\n|\n|-weather|Sandstorm|[upkeep]\n|-damage|p2b: Thundurus|88\/100|[from] Sandstorm\n|-damage|p1b: Cradily|18\/100 brn|[from] brn\n|-sideend|p2: tyranitar1977|move: Tailwind\n|upkeep\n|turn|12\n|c|\u2606tyranitar1977|bummer\n|\n|t:|1695861960\n|move|p2b: Thundurus|Thunder Wave|p1a: Aggron\n|-status|p1a: Aggron|par\n|move|p2a: Aerodactyl|Sky Drop|p1b: Cradily|[from]lockedmove\n|-damage|p1b: Cradily|0 fnt\n|faint|p1b: Cradily\n|move|p1a: Aggron|Heavy Slam|p2a: Aerodactyl\n|-supereffective|p2a: Aerodactyl\n|-damage|p2a: Aerodactyl|0 fnt\n|faint|p2a: Aerodactyl\n|\n|-weather|none\n|upkeep\n|\n|t:|1695861966\n|switch|p1b: Nihilego|Nihilego|100\/100\n|turn|13\n|\n|t:|1695861976\n|move|p2b: Thundurus|Thunder Wave|p1b: Nihilego|[miss]\n|-miss|p2b: Thundurus|p1b: Nihilego\n|move|p1b: Nihilego|Meteor Beam||[still]\n|-prepare|p1b: Nihilego|Meteor Beam\n|-boost|p1b: Nihilego|spa|1\n|-enditem|p1b: Nihilego|Power Herb\n|-anim|p1b: Nihilego|Meteor Beam|p2b: Thundurus\n|-supereffective|p2b: Thundurus\n|-damage|p2b: Thundurus|0 fnt\n|faint|p2b: Thundurus\n|\n|win|Nyata\n|raw|Nyata's rating: 1358 &rarr; <strong>1368<\/strong><br \/>(+10 for winning)\n|raw|tyranitar1977's rating: 1162 &rarr; <strong>1150<\/strong><br \/>(-12 for losing)\n|c|\u2606tyranitar1977|gg\n|c|\u2606Nyata|gg\n|c|\u2606Nyata|:3\n|c|\u2606tyranitar1977|gg\n","uploadtime":1695861985,"views":22,"p1id":"nyata","p2id":"tyranitar1977","formatid":"gen9nationaldexdoubles","rating":1150,"private":0,"password":""}