{"id":"gen9nationaldexdoubles-1977872705","p1":"Arthur3a","p2":"shadow shy man","format":"[Gen 9] National Dex Doubles","log":"|j|\u2606Arthur3a\n|j|\u2606shadow shy man\n|t:|1698460106\n|gametype|doubles\n|player|p1|Arthur3a|candice|1030\n|player|p2|shadow shy man|marlon|1034\n|teamsize|p1|6\n|teamsize|p2|6\n|gen|9\n|tier|[Gen 9] National Dex Doubles\n|rated|\n|rule|HP Percentage Mod: HP is shown in percentages\n|rule|Endless Battle Clause: Forcing endless battles is banned\n|rule|OHKO Clause: OHKO moves are banned\n|rule|Evasion Moves Clause: Evasion moves are banned\n|rule|Evasion Abilities Clause: Evasion abilities are banned\n|rule|Species Clause: Limit one of each Pok\u00e9mon\n|rule|Gravity Sleep Clause: The combination of sleep-inducing moves with imperfect accuracy and Gravity or Gigantamax Orbeetle are banned\n|clearpoke\n|poke|p1|Honchkrow, M|\n|poke|p1|Ribombee, F|\n|poke|p1|Comfey, F|\n|poke|p1|Indeedee-F, F|\n|poke|p1|Armarouge, M|\n|poke|p1|Chien-Pao|\n|poke|p2|Politoed, M|\n|poke|p2|Sharpedo, F|\n|poke|p2|Gastrodon-East, M|\n|poke|p2|Wishiwashi, M|\n|poke|p2|Lanturn, F|\n|poke|p2|Swampert, M|\n|teampreview\n|inactive|Battle timer is ON: inactive players will automatically lose when time's up. (requested by Arthur3a)\n|\n|t:|1698460130\n|start\n|switch|p1a: Ribombee|Ribombee, F|100\/100\n|switch|p1b: Honchkrow|Honchkrow, M|100\/100\n|switch|p2a: Politoed|Politoed, M|100\/100\n|switch|p2b: Lanturn|Lanturn, F|100\/100\n|-weather|RainDance|[from] ability: Drizzle|[of] p2a: Politoed\n|turn|1\n|inactive|shadow shy man has 120 seconds left.\n|\n|t:|1698460161\n|move|p1a: Ribombee|Sticky Web|p2a: Politoed\n|-sidestart|p2: shadow shy man|move: Sticky Web\n|move|p2a: Politoed|Hydro Pump|p1b: Honchkrow|[miss]\n|-miss|p2a: Politoed|p1b: Honchkrow\n|-zpower|p1b: Honchkrow\n|move|p1b: Honchkrow|Z-Mirror Move|p2a: Politoed|[anim]Mirror Move\n|-boost|p1b: Honchkrow|atk|2|[zeffect]\n|move|p1b: Honchkrow|Hydro Vortex|p2a: Politoed|[from]move: Mirror Move\n|-resisted|p2a: Politoed\n|-damage|p2a: Politoed|67\/100\n|move|p2b: Lanturn|Dive||[still]\n|-prepare|p2b: Lanturn|Dive\n|\n|-weather|RainDance|[upkeep]\n|upkeep\n|turn|2\n|\n|t:|1698460184\n|move|p1a: Ribombee|After You|p1b: Honchkrow\n|-activate|p1b: Honchkrow|move: After You\n|move|p1b: Honchkrow|Brave Bird|p2a: Politoed\n|-damage|p2a: Politoed|0 fnt\n|faint|p2a: Politoed\n|-ability|p1b: Honchkrow|Moxie|boost\n|-boost|p1b: Honchkrow|atk|1\n|-damage|p1b: Honchkrow|83\/100|[from] Recoil\n|move|p2b: Lanturn|Dive|p1a: Ribombee|[from]lockedmove\n|-damage|p1a: Ribombee|59\/100\n|\n|-weather|RainDance|[upkeep]\n|upkeep\n|inactive|shadow shy man has 120 seconds left.\n|\n|t:|1698460198\n|switch|p2a: Wishiwashi|Wishiwashi, M|100\/100\n|-activate|p2a: Wishiwashi|move: Sticky Web\n|-unboost|p2a: Wishiwashi|spe|1\n|-formechange|p2a: Wishiwashi|Wishiwashi-School||[from] ability: Schooling\n|turn|3\n|\n|t:|1698460219\n|move|p1a: Ribombee|After You|p1b: Honchkrow\n|-activate|p1b: Honchkrow|move: After You\n|move|p1b: Honchkrow|Brave Bird|p2a: Wishiwashi\n|-damage|p2a: Wishiwashi|0 fnt\n|faint|p2a: Wishiwashi\n|-ability|p1b: Honchkrow|Moxie|boost\n|-boost|p1b: Honchkrow|atk|1\n|-damage|p1b: Honchkrow|59\/100|[from] Recoil\n|move|p2b: Lanturn|Thunderbolt|p1a: Ribombee\n|-crit|p1a: Ribombee\n|-damage|p1a: Ribombee|5\/100\n|\n|-weather|RainDance|[upkeep]\n|upkeep\n|inactive|shadow shy man has 120 seconds left.\n|\n|t:|1698460244\n|switch|p2a: Swampert|Swampert, M|100\/100\n|-activate|p2a: Swampert|move: Sticky Web\n|-unboost|p2a: Swampert|spe|1\n|turn|4\n|inactive|shadow shy man has 120 seconds left.\n|\n|t:|1698460269\n|detailschange|p2a: Swampert|Swampert-Mega, M\n|-mega|p2a: Swampert|Swampert|Swampertite\n|move|p1a: Ribombee|After You|p1b: Honchkrow\n|-activate|p1b: Honchkrow|move: After You\n|move|p1b: Honchkrow|Lash Out|p2b: Lanturn\n|-damage|p2b: Lanturn|0 fnt\n|faint|p2b: Lanturn\n|-ability|p1b: Honchkrow|Moxie|boost\n|-boost|p1b: Honchkrow|atk|1\n|move|p2a: Swampert|Ice Punch|p1b: Honchkrow\n|-supereffective|p1b: Honchkrow\n|-damage|p1b: Honchkrow|0 fnt\n|faint|p1b: Honchkrow\n|\n|-weather|RainDance|[upkeep]\n|upkeep\n|\n|t:|1698460284\n|switch|p1b: Chien-Pao|Chien-Pao|100\/100\n|switch|p2b: Gastrodon|Gastrodon-East, M|100\/100\n|-ability|p1b: Chien-Pao|Sword of Ruin\n|-activate|p2b: Gastrodon|move: Sticky Web\n|-unboost|p2b: Gastrodon|spe|1\n|turn|5\n|\n|t:|1698460299\n|move|p1b: Chien-Pao|Ice Spinner|p2a: Swampert\n|-damage|p2a: Swampert|65\/100\n|move|p1a: Ribombee|Moonblast|p2a: Swampert\n|-damage|p2a: Swampert|45\/100\n|move|p2a: Swampert|Earthquake|p1a: Ribombee|[spread] p2b,p1a,p1b\n|-resisted|p1a: Ribombee\n|-damage|p2b: Gastrodon|52\/100\n|-damage|p1a: Ribombee|0 fnt\n|-damage|p1b: Chien-Pao|54\/100\n|faint|p1a: Ribombee\n|move|p2b: Gastrodon|Sludge Wave|p1b: Chien-Pao|[spread] p2a,p1b\n|-resisted|p2a: Swampert\n|-damage|p2a: Swampert|40\/100\n|-damage|p1b: Chien-Pao|25\/100\n|\n|-weather|RainDance|[upkeep]\n|upkeep\n|l|\u2606Arthur3a\n|inactive|Arthur3a disconnected and has a minute to reconnect!\n|player|p1|\n|j|\u2606Arthur3a\n|inactive|Arthur3a reconnected and has 100 seconds left.\n|player|p1|Arthur3a|candice\n|\n|t:|1698460348\n|switch|p1a: Armarouge|Armarouge, M|100\/100\n|turn|6\n|inactive|Arthur3a has 120 seconds left.\n|\n|t:|1698460384\n|move|p1b: Chien-Pao|Crunch|p2b: Gastrodon\n|-damage|p2b: Gastrodon|5\/100\n|move|p2a: Swampert|Hydro Pump|p2b: Gastrodon\n|-activate|p2b: Gastrodon|ability: Storm Drain\n|-ability|p2b: Gastrodon|Storm Drain|boost\n|-boost|p2b: Gastrodon|spa|1\n|move|p1a: Armarouge|Energy Ball|p2a: Swampert\n|-supereffective|p2a: Swampert\n|-damage|p2a: Swampert|0 fnt\n|faint|p2a: Swampert\n|move|p2b: Gastrodon|Water Pulse|p1b: Chien-Pao\n|-damage|p1b: Chien-Pao|0 fnt\n|faint|p1b: Chien-Pao\n|\n|-weather|RainDance|[upkeep]\n|upkeep\n|inactive|Arthur3a has 120 seconds left.\n|\n|t:|1698460402\n|switch|p1b: Indeedee|Indeedee-F, F|100\/100\n|switch|p2a: Sharpedo|Sharpedo, F|100\/100\n|-activate|p2a: Sharpedo|move: Sticky Web\n|-unboost|p2a: Sharpedo|spe|1\n|-fieldstart|move: Psychic Terrain|[from] ability: Psychic Surge|[of] p1b: Indeedee\n|turn|7\n|\n|t:|1698460425\n|-terastallize|p2a: Sharpedo|Dark\n|move|p1b: Indeedee|Hyper Voice|p2a: Sharpedo|[spread] p2a,p2b\n|-damage|p2a: Sharpedo|36\/100\n|-damage|p2b: Gastrodon|0 fnt\n|faint|p2b: Gastrodon\n|move|p2a: Sharpedo|Crunch|p1a: Armarouge\n|-supereffective|p1a: Armarouge\n|-damage|p1a: Armarouge|11\/100\n|-ability|p1a: Armarouge|Weak Armor|boost\n|-unboost|p1a: Armarouge|def|1\n|-boost|p1a: Armarouge|spe|2\n|move|p1a: Armarouge|Energy Ball|p2a: Sharpedo\n|-damage|p2a: Sharpedo|0 fnt\n|faint|p2a: Sharpedo\n|\n|win|Arthur3a\n|raw|Arthur3a's rating: 1030 &rarr; <strong>1066<\/strong><br \/>(+36 for winning)\n|raw|shadow shy man's rating: 1034 &rarr; <strong>1019<\/strong><br \/>(-15 for losing)\n","uploadtime":1698460432,"views":9,"p1id":"arthur3a","p2id":"shadowshyman","formatid":"gen9nationaldexdoubles","rating":1019,"private":0,"password":""}