{"id":"gen9nationaldexdoubles-1949056170","p1":"Limited567","p2":"lulu knight","format":"[Gen 9] National Dex Doubles","log":"|j|\u2606Limited567\n|j|\u2606lulu knight\n|t:|1695322447\n|gametype|doubles\n|player|p1|Limited567|170|1073\n|player|p2|lulu knight|dragontamer|1007\n|teamsize|p1|6\n|teamsize|p2|6\n|gen|9\n|tier|[Gen 9] National Dex Doubles\n|rated|\n|rule|HP Percentage Mod: HP is shown in percentages\n|rule|Endless Battle Clause: Forcing endless battles is banned\n|rule|OHKO Clause: OHKO moves are banned\n|rule|Evasion Moves Clause: Evasion moves are banned\n|rule|Evasion Abilities Clause: Evasion abilities are banned\n|rule|Species Clause: Limit one of each Pok\u00e9mon\n|rule|Gravity Sleep Clause: The combination of sleep-inducing moves with imperfect accuracy and Gravity or Gigantamax Orbeetle are banned\n|clearpoke\n|poke|p1|Sableye, F|\n|poke|p1|Fezandipiti, M|\n|poke|p1|Armarouge, M|\n|poke|p1|Indeedee-F, F|\n|poke|p1|Eiscue, M|\n|poke|p1|Gholdengo|\n|poke|p2|Tyranitar, M|\n|poke|p2|Krookodile, F|\n|poke|p2|Garganacl, F|\n|poke|p2|Gliscor, F|\n|poke|p2|Landorus-Therian, M|\n|poke|p2|Garchomp, F|\n|teampreview\n|\n|t:|1695322465\n|start\n|switch|p1a: Fezandipiti|Fezandipiti, M|100\/100\n|switch|p1b: Armarouge|Armarouge, M, shiny|100\/100\n|switch|p2a: Tyranitar|Tyranitar, M, shiny|100\/100\n|switch|p2b: Garchomp|Garchomp, F|100\/100\n|-weather|Sandstorm|[from] ability: Sand Stream|[of] p2a: Tyranitar\n|turn|1\n|\n|t:|1695322497\n|switch|p1b: Eiscue|Eiscue, M, shiny|100\/100\n|detailschange|p2a: Tyranitar|Tyranitar-Mega, M, shiny\n|-mega|p2a: Tyranitar|Tyranitar|Tyranitarite\n|move|p2b: Garchomp|Earthquake|p1a: Fezandipiti|[spread] p2a,p1a,p1b\n|-supereffective|p2a: Tyranitar\n|-supereffective|p1a: Fezandipiti\n|-damage|p2a: Tyranitar|50\/100\n|-damage|p1a: Fezandipiti|25\/100\n|-activate|p1b: Eiscue|ability: Ice Face\n|-damage|p1b: Eiscue|100\/100\n|detailschange|p1b: Eiscue|Eiscue-Noice, M, shiny\n|move|p1a: Fezandipiti|U-turn|p2a: Tyranitar\n|-supereffective|p2a: Tyranitar\n|-crit|p2a: Tyranitar\n|-damage|p2a: Tyranitar|21\/100\n|-status|p2a: Tyranitar|tox|[from] ability: Toxic Chain|[of] p1a: Fezandipiti\n|\n|t:|1695322529\n|switch|p1a: Sableye|Sableye, F|100\/100|[from] U-turn\n|move|p2a: Tyranitar|Aqua Tail|p1b: Eiscue\n|-damage|p1b: Eiscue|58\/100\n|-damage|p2a: Tyranitar|4\/100 tox|[from] item: Rocky Helmet|[of] p1b: Eiscue\n|\n|-weather|Sandstorm|[upkeep]\n|-damage|p1b: Eiscue|52\/100|[from] Sandstorm\n|-damage|p1a: Sableye|94\/100|[from] Sandstorm\n|-damage|p2a: Tyranitar|0 fnt|[from] psn\n|faint|p2a: Tyranitar\n|upkeep\n|\n|t:|1695322541\n|switch|p2a: Landorus|Landorus-Therian, M|100\/100\n|-ability|p2a: Landorus|Intimidate|boost\n|-unboost|p1a: Sableye|atk|1\n|-unboost|p1b: Eiscue|atk|1\n|turn|2\n|\n|t:|1695322554\n|detailschange|p1a: Sableye|Sableye-Mega, F\n|-mega|p1a: Sableye|Sableye|Sablenite\n|move|p2b: Garchomp|Poison Jab|p1a: Sableye\n|-resisted|p1a: Sableye\n|-damage|p1a: Sableye|85\/100\n|move|p2a: Landorus|Earthquake|p1b: Eiscue|[spread] p2b,p1a,p1b\n|-damage|p2b: Garchomp|58\/100\n|-damage|p1a: Sableye|58\/100\n|-damage|p1b: Eiscue|8\/100\n|move|p1b: Eiscue|Snowscape|p1b: Eiscue\n|-weather|Snow\n|-activate|p1b: Eiscue|ability: Ice Face\n|detailschange|p1b: Eiscue|Eiscue, M, shiny\n|move|p1a: Sableye|Calm Mind|p1a: Sableye\n|-boost|p1a: Sableye|spa|1\n|-boost|p1a: Sableye|spd|1\n|\n|-weather|Snow|[upkeep]\n|upkeep\n|turn|3\n|inactive|Battle timer is ON: inactive players will automatically lose when time's up. (requested by Limited567)\n|\n|t:|1695322587\n|move|p2b: Garchomp|Earthquake|p1b: Eiscue|[spread] p1a,p1b\n|-immune|p2a: Landorus\n|-damage|p1a: Sableye|31\/100\n|-activate|p1b: Eiscue|ability: Ice Face\n|-damage|p1b: Eiscue|8\/100\n|detailschange|p1b: Eiscue|Eiscue-Noice, M, shiny\n|move|p2a: Landorus|Hammer Arm|p1b: Eiscue\n|-supereffective|p1b: Eiscue\n|-damage|p1b: Eiscue|0 fnt\n|-unboost|p2a: Landorus|spe|1\n|-damage|p2a: Landorus|84\/100|[from] item: Rocky Helmet|[of] p1b: Eiscue\n|faint|p1b: Eiscue\n|move|p1a: Sableye|Shadow Ball|p2b: Garchomp\n|-damage|p2b: Garchomp|16\/100\n|\n|-weather|Snow|[upkeep]\n|upkeep\n|inactive|Limited567 has 120 seconds left.\n|\n|t:|1695322622\n|switch|p1b: Gholdengo|Gholdengo|100\/100\n|turn|4\n|\n|t:|1695322635\n|-terastallize|p1b: Gholdengo|Water\n|move|p2b: Garchomp|Outrage|p1b: Gholdengo\n|-damage|p1b: Gholdengo|43\/100\n|move|p2a: Landorus|Earth Power|p1b: Gholdengo\n|-damage|p1b: Gholdengo|13\/100\n|move|p1b: Gholdengo|Tera Blast|p2a: Landorus|[anim] Tera Blast Water\n|-supereffective|p2a: Landorus\n|-damage|p2a: Landorus|0 fnt\n|faint|p2a: Landorus\n|move|p1a: Sableye|Recover|p1a: Sableye\n|-heal|p1a: Sableye|81\/100\n|\n|-weather|Snow|[upkeep]\n|-heal|p1b: Gholdengo|19\/100|[from] item: Leftovers\n|upkeep\n|\n|t:|1695322649\n|switch|p2a: Gliscor|Gliscor, F|100\/100\n|turn|5\n|\n|t:|1695322664\n|switch|p1b: Indeedee|Indeedee-F, F, shiny|100\/100\n|-fieldstart|move: Psychic Terrain|[from] ability: Psychic Surge|[of] p1b: Indeedee\n|move|p2b: Garchomp|Outrage|p1b: Indeedee|[from]lockedmove\n|-damage|p1b: Indeedee|32\/100\n|-start|p2b: Garchomp|confusion|[fatigue]\n|move|p2a: Gliscor|Acrobatics|p1b: Indeedee\n|-damage|p1b: Indeedee|3\/100\n|move|p1a: Sableye|Shadow Ball|p2a: Gliscor\n|-damage|p2a: Gliscor|42\/100\n|\n|-weather|Snow|[upkeep]\n|-heal|p1b: Indeedee|9\/100|[from] item: Leftovers\n|-status|p2a: Gliscor|tox|[from] item: Toxic Orb\n|upkeep\n|turn|6\n|\n|t:|1695322685\n|move|p1b: Indeedee|Protect|p1b: Indeedee\n|-singleturn|p1b: Indeedee|Protect\n|-activate|p2b: Garchomp|confusion\n|move|p2b: Garchomp|Outrage|p1a: Sableye\n|-crit|p1a: Sableye\n|-damage|p1a: Sableye|20\/100\n|move|p2a: Gliscor|Acrobatics|p1b: Indeedee\n|-activate|p1b: Indeedee|move: Protect\n|move|p1a: Sableye|Calm Mind|p1a: Sableye\n|-boost|p1a: Sableye|spa|1\n|-boost|p1a: Sableye|spd|1\n|\n|-weather|none\n|-heal|p1b: Indeedee|16\/100|[from] item: Leftovers\n|-heal|p2a: Gliscor|55\/100 tox|[from] ability: Poison Heal\n|upkeep\n|turn|7\n|\n|t:|1695322700\n|move|p1b: Indeedee|Follow Me|p1b: Indeedee\n|-singleturn|p1b: Indeedee|move: Follow Me\n|-activate|p2b: Garchomp|confusion\n|move|p2b: Garchomp|Outrage|p1b: Indeedee|[from]lockedmove\n|-damage|p1b: Indeedee|0 fnt\n|faint|p1b: Indeedee\n|move|p2a: Gliscor|Acrobatics|p1a: Sableye\n|-damage|p1a: Sableye|4\/100\n|move|p1a: Sableye|Recover|p1a: Sableye\n|-heal|p1a: Sableye|54\/100\n|\n|-heal|p2a: Gliscor|67\/100 tox|[from] ability: Poison Heal\n|upkeep\n|\n|t:|1695322710\n|switch|p1b: Armarouge|Armarouge, M, shiny|100\/100\n|turn|8\n|\n|t:|1695322721\n|-end|p2b: Garchomp|confusion\n|move|p2b: Garchomp|Outrage|p1a: Sableye|[from]lockedmove\n|-damage|p1a: Sableye|12\/100\n|-start|p2b: Garchomp|confusion|[fatigue]\n|move|p2a: Gliscor|Crunch|p1b: Armarouge\n|-supereffective|p1b: Armarouge\n|-damage|p1b: Armarouge|51\/100\n|-ability|p1b: Armarouge|Weak Armor|boost\n|-unboost|p1b: Armarouge|def|1\n|-boost|p1b: Armarouge|spe|2\n|-enditem|p1b: Armarouge|Weakness Policy\n|-boost|p1b: Armarouge|atk|2|[from] item: Weakness Policy\n|-boost|p1b: Armarouge|spa|2|[from] item: Weakness Policy\n|move|p1b: Armarouge|Expanding Force|p2a: Gliscor|[spread] p2a,p2b\n|-damage|p2a: Gliscor|0 fnt\n|-damage|p2b: Garchomp|0 fnt\n|faint|p2a: Gliscor\n|faint|p2b: Garchomp\n|move|p1a: Sableye|Recover|p1a: Sableye\n|-heal|p1a: Sableye|62\/100\n|\n|upkeep\n|\n|t:|1695322738\n|switch|p2b: Krookodile|Krookodile, F|100\/100\n|switch|p2a: Garganacl|Garganacl, F|100\/100\n|turn|9\n|\n|t:|1695322753\n|move|p1b: Armarouge|Aura Sphere|p2b: Krookodile\n|-supereffective|p2b: Krookodile\n|-enditem|p2b: Krookodile|Focus Sash\n|-damage|p2b: Krookodile|1\/100\n|move|p2b: Krookodile|Rock Slide|p1b: Armarouge|[spread] p1a,p1b\n|-supereffective|p1b: Armarouge\n|-crit|p1b: Armarouge\n|-damage|p1a: Sableye|50\/100\n|-damage|p1b: Armarouge|0 fnt\n|faint|p1b: Armarouge\n|move|p2a: Garganacl|Salt Cure|p1a: Sableye\n|-damage|p1a: Sableye|38\/100\n|-start|p1a: Sableye|Salt Cure\n|cant|p1a: Sableye|flinch\n|\n|-damage|p1a: Sableye|25\/100|[from] Salt Cure\n|-fieldend|move: Psychic Terrain\n|upkeep\n|\n|t:|1695322767\n|switch|p1b: Fezandipiti|Fezandipiti, M|25\/100\n|turn|10\n|\n|t:|1695322783\n|move|p2b: Krookodile|Rock Slide|p1a: Sableye|[spread] p1a,p1b\n|-damage|p1a: Sableye|12\/100\n|-damage|p1b: Fezandipiti|7\/100\n|cant|p1b: Fezandipiti|flinch\n|move|p2a: Garganacl|Earthquake|p1a: Sableye|[spread] p2b,p1a,p1b\n|-supereffective|p1b: Fezandipiti\n|-damage|p2b: Krookodile|0 fnt\n|-damage|p1a: Sableye|0 fnt\n|-damage|p1b: Fezandipiti|0 fnt\n|faint|p2b: Krookodile\n|faint|p1a: Sableye\n|faint|p1b: Fezandipiti\n|\n|upkeep\n|\n|t:|1695322786\n|switch|p1b: Gholdengo|Gholdengo, tera:Water|19\/100\n|turn|11\n|\n|t:|1695322799\n|move|p1b: Gholdengo|Tera Blast|p2a: Garganacl|[anim] Tera Blast Water\n|-supereffective|p2a: Garganacl\n|-damage|p2a: Garganacl|15\/100\n|move|p2a: Garganacl|Earthquake|p1b: Gholdengo\n|-damage|p1b: Gholdengo|0 fnt\n|faint|p1b: Gholdengo\n|\n|win|lulu knight\n|raw|Limited567's rating: 1073 &rarr; <strong>1048<\/strong><br \/>(-25 for losing)\n|raw|lulu knight's rating: 1007 &rarr; <strong>1053<\/strong><br \/>(+46 for winning)\n|l|\u2606Limited567\n","uploadtime":1695322807,"views":5,"p1id":"limited567","p2id":"luluknight","formatid":"gen9nationaldexdoubles","rating":1048,"private":0,"password":""}