{"id":"gen9nationaldexdoubles-1954269350","p1":"Brick_Enjoyer_144","p2":"Barilous Decatus","format":"[Gen 9] National Dex Doubles","log":"|j|\u2606Brick_Enjoyer_144\n|j|\u2606Barilous Decatus\n|t:|1695871752\n|gametype|doubles\n|player|p1|Brick_Enjoyer_144|shauntal|1070\n|player|p2|Barilous Decatus|byron|1213\n|teamsize|p1|6\n|teamsize|p2|6\n|gen|9\n|tier|[Gen 9] National Dex Doubles\n|rated|\n|rule|HP Percentage Mod: HP is shown in percentages\n|rule|Endless Battle Clause: Forcing endless battles is banned\n|rule|OHKO Clause: OHKO moves are banned\n|rule|Evasion Moves Clause: Evasion moves are banned\n|rule|Evasion Abilities Clause: Evasion abilities are banned\n|rule|Species Clause: Limit one of each Pok\u00e9mon\n|rule|Gravity Sleep Clause: The combination of sleep-inducing moves with imperfect accuracy and Gravity or Gigantamax Orbeetle are banned\n|clearpoke\n|poke|p1|Electivire, F|\n|poke|p1|Nidoking, M|\n|poke|p1|Infernape, M|\n|poke|p1|Cinccino, F|\n|poke|p1|Chien-Pao|\n|poke|p1|Sylveon, F|\n|poke|p2|Klefki, F|\n|poke|p2|Ferrothorn, F|\n|poke|p2|Skarmory, F|\n|poke|p2|Heatran, M|\n|poke|p2|Doublade, F|\n|poke|p2|Gholdengo|\n|teampreview\n|inactive|Battle timer is ON: inactive players will automatically lose when time's up. (requested by Brick_Enjoyer_144)\n|\n|t:|1695871759\n|start\n|switch|p1a: Electivire|Electivire, F|100\/100\n|switch|p1b: Nidoking|Nidoking, M|100\/100\n|switch|p2a: Lust|Klefki, F, shiny|100\/100\n|switch|p2b: Greed|Gholdengo|100\/100\n|turn|1\n|\n|t:|1695871774\n|move|p2a: Lust|Light Screen|p2a: Lust\n|-sidestart|p2: Barilous Decatus|move: Light Screen\n|move|p1b: Nidoking|Earth Power|p2a: Lust\n|-supereffective|p2a: Lust\n|-damage|p2a: Lust|27\/100\n|move|p1a: Electivire|Darkest Lariat|p2b: Greed\n|-supereffective|p2b: Greed\n|-crit|p2b: Greed\n|-damage|p2b: Greed|32\/100\n|move|p2b: Greed|Reflect|p2b: Greed\n|-sidestart|p2: Barilous Decatus|Reflect\n|\n|upkeep\n|turn|2\n|\n|t:|1695871795\n|move|p2a: Lust|Attract|p1b: Nidoking\n|-start|p1b: Nidoking|Attract\n|-activate|p1b: Nidoking|move: Attract|[of] p2a: Lust\n|cant|p1b: Nidoking|Attract\n|move|p1a: Electivire|Darkest Lariat|p2b: Greed\n|-supereffective|p2b: Greed\n|-damage|p2b: Greed|0 fnt\n|faint|p2b: Greed\n|\n|upkeep\n|inactive|Barilous Decatus has 120 seconds left.\n|\n|t:|1695871811\n|switch|p2b: Gluttony|Ferrothorn, F, shiny|100\/100\n|turn|3\n|\n|t:|1695871828\n|move|p2a: Lust|Spikes|p1b: Nidoking\n|-sidestart|p1: Brick_Enjoyer_144|Spikes\n|-activate|p1b: Nidoking|move: Attract|[of] p2a: Lust\n|cant|p1b: Nidoking|Attract\n|move|p1a: Electivire|Brick Break|p2a: Lust\n|-sideend|p2: Barilous Decatus|Reflect\n|-sideend|p2: Barilous Decatus|move: Light Screen\n|-damage|p2a: Lust|0 fnt\n|faint|p2a: Lust\n|-end|p1b: Nidoking|Attract|[silent]\n|move|p2b: Gluttony|Leech Seed|p1b: Nidoking\n|-start|p1b: Nidoking|move: Leech Seed\n|\n|-damage|p1b: Nidoking|88\/100|[from] Leech Seed|[of] p2b: Gluttony\n|upkeep\n|\n|t:|1695871841\n|switch|p2a: Pride|Doublade, F, shiny|100\/100\n|turn|4\n|\n|t:|1695871850\n|switch|p2b: Wrath|Heatran, M|100\/100\n|move|p1b: Nidoking|Earth Power|p2a: Pride\n|-supereffective|p2a: Pride\n|-damage|p2a: Pride|15\/100\n|move|p1a: Electivire|Brick Break|p2b: Wrath\n|-supereffective|p2b: Wrath\n|-damage|p2b: Wrath|66\/100\n|move|p2a: Pride|Attract|p1b: Nidoking\n|-start|p1b: Nidoking|Attract\n|\n|-damage|p1b: Nidoking|76\/100|[from] Leech Seed|[of] p2b: Wrath\n|-heal|p2b: Wrath|76\/100|[silent]\n|upkeep\n|turn|5\n|inactive|Barilous Decatus has 120 seconds left.\n|\n|t:|1695871883\n|-activate|p1b: Nidoking|move: Attract|[of] p2a: Pride\n|move|p1b: Nidoking|Earth Power|p2b: Wrath\n|-supereffective|p2b: Wrath\n|-damage|p2b: Wrath|0 fnt\n|faint|p2b: Wrath\n|move|p1a: Electivire|Darkest Lariat|p2a: Pride\n|-supereffective|p2a: Pride\n|-damage|p2a: Pride|0 fnt\n|faint|p2a: Pride\n|-end|p1b: Nidoking|Attract|[silent]\n|\n|upkeep\n|inactive|Barilous Decatus has 120 seconds left.\n|\n|t:|1695871888\n|switch|p2b: Gluttony|Ferrothorn, F, shiny|100\/100\n|switch|p2a: Envy|Skarmory, F, shiny|100\/100\n|turn|6\n|\n|t:|1695871903\n|-terastallize|p2a: Envy|Ground\n|move|p1b: Nidoking|Thunderbolt|p2a: Envy\n|-immune|p2a: Envy\n|move|p1a: Electivire|Brick Break|p2b: Gluttony\n|-supereffective|p2b: Gluttony\n|-damage|p2b: Gluttony|61\/100\n|-damage|p1a: Electivire|88\/100|[from] ability: Iron Barbs|[of] p2b: Gluttony\n|move|p2a: Envy|Swords Dance|p2a: Envy\n|-boost|p2a: Envy|atk|2\n|move|p2b: Gluttony|Attract|p1b: Nidoking\n|-start|p1b: Nidoking|Attract\n|\n|-heal|p2b: Gluttony|67\/100|[from] item: Leftovers\n|-damage|p1b: Nidoking|64\/100|[from] Leech Seed|[of] p2b: Gluttony\n|-heal|p2b: Gluttony|77\/100|[silent]\n|upkeep\n|turn|7\n|\n|t:|1695871926\n|-activate|p1b: Nidoking|move: Attract|[of] p2b: Gluttony\n|move|p1b: Nidoking|Ice Beam|p2a: Envy\n|-supereffective|p2a: Envy\n|-damage|p2a: Envy|23\/100\n|move|p1a: Electivire|Brick Break|p2b: Gluttony\n|-supereffective|p2b: Gluttony\n|-damage|p2b: Gluttony|41\/100\n|-damage|p1a: Electivire|76\/100|[from] ability: Iron Barbs|[of] p2b: Gluttony\n|move|p2a: Envy|Swords Dance|p2a: Envy\n|-boost|p2a: Envy|atk|2\n|move|p2b: Gluttony|Leech Seed|p1a: Electivire\n|-start|p1a: Electivire|move: Leech Seed\n|\n|-heal|p2a: Envy|29\/100|[from] item: Leftovers\n|-heal|p2b: Gluttony|47\/100|[from] item: Leftovers\n|-damage|p1b: Nidoking|52\/100|[from] Leech Seed|[of] p2b: Gluttony\n|-heal|p2b: Gluttony|57\/100|[silent]\n|-damage|p1a: Electivire|63\/100|[from] Leech Seed|[of] p2b: Gluttony\n|-heal|p2b: Gluttony|68\/100|[silent]\n|upkeep\n|turn|8\n|\n|t:|1695871949\n|-activate|p1b: Nidoking|move: Attract|[of] p2b: Gluttony\n|move|p1b: Nidoking|Ice Beam|p2a: Envy\n|-supereffective|p2a: Envy\n|-damage|p2a: Envy|0 fnt\n|faint|p2a: Envy\n|move|p1a: Electivire|Brick Break|p2b: Gluttony\n|-supereffective|p2b: Gluttony\n|-damage|p2b: Gluttony|29\/100\n|-damage|p1a: Electivire|51\/100|[from] ability: Iron Barbs|[of] p2b: Gluttony\n|move|p2b: Gluttony|Toxic|p1a: Electivire|[miss]\n|-miss|p2b: Gluttony|p1a: Electivire\n|\n|-heal|p2b: Gluttony|35\/100|[from] item: Leftovers\n|-damage|p1b: Nidoking|39\/100|[from] Leech Seed|[of] p2b: Gluttony\n|-heal|p2b: Gluttony|46\/100|[silent]\n|-damage|p1a: Electivire|39\/100|[from] Leech Seed|[of] p2b: Gluttony\n|-heal|p2b: Gluttony|56\/100|[silent]\n|upkeep\n|turn|9\n|\n|t:|1695871970\n|-activate|p1b: Nidoking|move: Attract|[of] p2b: Gluttony\n|cant|p1b: Nidoking|Attract\n|move|p1a: Electivire|Brick Break|p2b: Gluttony\n|-supereffective|p2b: Gluttony\n|-damage|p2b: Gluttony|15\/100\n|-damage|p1a: Electivire|26\/100|[from] ability: Iron Barbs|[of] p2b: Gluttony\n|move|p2b: Gluttony|Toxic|p1a: Electivire\n|-status|p1a: Electivire|tox\n|\n|-heal|p2b: Gluttony|21\/100|[from] item: Leftovers\n|-damage|p1b: Nidoking|27\/100|[from] Leech Seed|[of] p2b: Gluttony\n|-heal|p2b: Gluttony|32\/100|[silent]\n|-damage|p1a: Electivire|14\/100 tox|[from] Leech Seed|[of] p2b: Gluttony\n|-heal|p2b: Gluttony|42\/100|[silent]\n|-damage|p1a: Electivire|8\/100 tox|[from] psn\n|upkeep\n|turn|10\n|\n|t:|1695871984\n|move|p2b: Gluttony|Protect|p2b: Gluttony\n|-singleturn|p2b: Gluttony|Protect\n|-activate|p1b: Nidoking|move: Attract|[of] p2b: Gluttony\n|cant|p1b: Nidoking|Attract\n|move|p1a: Electivire|Brick Break|p2b: Gluttony\n|-activate|p2b: Gluttony|move: Protect\n|\n|-heal|p2b: Gluttony|48\/100|[from] item: Leftovers\n|-damage|p1b: Nidoking|15\/100|[from] Leech Seed|[of] p2b: Gluttony\n|-heal|p2b: Gluttony|59\/100|[silent]\n|-damage|p1a: Electivire|0 fnt|[from] Leech Seed|[of] p2b: Gluttony\n|-heal|p2b: Gluttony|65\/100|[silent]\n|faint|p1a: Electivire\n|upkeep\n|\n|t:|1695871987\n|switch|p1a: Infernape|Infernape, M|100\/100\n|-damage|p1a: Infernape|88\/100|[from] Spikes\n|turn|11\n|\n|t:|1695872002\n|move|p1a: Infernape|Fire Punch|p2b: Gluttony\n|-supereffective|p2b: Gluttony\n|-damage|p2b: Gluttony|0 fnt\n|-damage|p1a: Infernape|76\/100|[from] ability: Iron Barbs|[of] p2b: Gluttony\n|faint|p2b: Gluttony\n|-end|p1b: Nidoking|Attract|[silent]\n|\n|win|Brick_Enjoyer_144\n|raw|Brick_Enjoyer_144's rating: 1070 &rarr; <strong>1111<\/strong><br \/>(+41 for winning)\n|raw|Barilous Decatus's rating: 1213 &rarr; <strong>1178<\/strong><br \/>(-35 for losing)\n|c|\u2606Barilous Decatus|gg\n|l|\u2606Barilous Decatus\n","uploadtime":1695872012,"views":12,"p1id":"brickenjoyer144","p2id":"barilousdecatus","formatid":"gen9nationaldexdoubles","rating":1111,"private":0,"password":""}