{"id":"gen9nationaldexdoubles-1949411706","p1":"Anna Lisa Melculo","p2":"Zentex ELITE 4","format":"[Gen 9] National Dex Doubles","log":"|j|\u2606Anna Lisa Melculo\n|j|\u2606Zentex ELITE 4\n|t:|1695357363\n|gametype|doubles\n|player|p1|Anna Lisa Melculo|1|1186\n|player|p2|Zentex ELITE 4|lucian|1308\n|teamsize|p1|6\n|teamsize|p2|6\n|gen|9\n|tier|[Gen 9] National Dex Doubles\n|rated|\n|rule|HP Percentage Mod: HP is shown in percentages\n|rule|Endless Battle Clause: Forcing endless battles is banned\n|rule|OHKO Clause: OHKO moves are banned\n|rule|Evasion Moves Clause: Evasion moves are banned\n|rule|Evasion Abilities Clause: Evasion abilities are banned\n|rule|Species Clause: Limit one of each Pok\u00e9mon\n|rule|Gravity Sleep Clause: The combination of sleep-inducing moves with imperfect accuracy and Gravity or Gigantamax Orbeetle are banned\n|clearpoke\n|poke|p1|Torkoal, M|\n|poke|p1|Flutter Mane|\n|poke|p1|Walking Wake|\n|poke|p1|Volcanion|\n|poke|p1|Chien-Pao|\n|poke|p1|Kingambit, M|\n|poke|p2|Enamorus, F|\n|poke|p2|Gardevoir, F|\n|poke|p2|Malamar, M|\n|poke|p2|Armarouge, M|\n|poke|p2|Indeedee-F, F|\n|poke|p2|Gallade, M|\n|teampreview\n|inactive|Battle timer is ON: inactive players will automatically lose when time's up. (requested by Zentex ELITE 4)\n|\n|t:|1695357383\n|start\n|switch|p1a: Cheems-Pao|Chien-Pao|100\/100\n|switch|p1b: Volcanion|Volcanion|100\/100\n|switch|p2a: Indeedee|Indeedee-F, F, shiny|100\/100\n|switch|p2b: Armarouge|Armarouge, M, shiny|100\/100\n|-ability|p1a: Cheems-Pao|Sword of Ruin\n|-fieldstart|move: Psychic Terrain|[from] ability: Psychic Surge|[of] p2a: Indeedee\n|-enditem|p2a: Indeedee|Psychic Seed\n|-boost|p2a: Indeedee|spd|1|[from] item: Psychic Seed\n|turn|1\n|\n|t:|1695357402\n|-terastallize|p2b: Armarouge|Grass\n|move|p1a: Cheems-Pao|Ice Spinner|p2a: Indeedee\n|-damage|p2a: Indeedee|39\/100\n|-fieldend|move: Psychic Terrain\n|move|p1b: Volcanion|Heat Wave|p2a: Indeedee|[spread] p2a\n|-start|p2b: Armarouge|ability: Flash Fire\n|-damage|p2a: Indeedee|22\/100\n|move|p2b: Armarouge|Calm Mind|p2b: Armarouge\n|-boost|p2b: Armarouge|spa|1\n|-boost|p2b: Armarouge|spd|1\n|move|p2a: Indeedee|Trick Room|p2a: Indeedee\n|-fieldstart|move: Trick Room|[of] p2a: Indeedee\n|\n|upkeep\n|turn|2\n|\n|t:|1695357423\n|move|p2b: Armarouge|Heat Wave|p1b: Volcanion|[spread] p1a,p1b\n|-supereffective|p1a: Cheems-Pao\n|-resisted|p1b: Volcanion\n|-enditem|p1a: Cheems-Pao|Focus Sash\n|-damage|p1a: Cheems-Pao|1\/100\n|-damage|p1b: Volcanion|79\/100\n|-damage|p2b: Armarouge|91\/100|[from] item: Life Orb\n|move|p1b: Volcanion|Steam Eruption|p2b: Armarouge\n|-resisted|p2b: Armarouge\n|-damage|p2b: Armarouge|68\/100\n|move|p2a: Indeedee|Draining Kiss|p1a: Cheems-Pao\n|-supereffective|p1a: Cheems-Pao\n|-damage|p1a: Cheems-Pao|0 fnt\n|-heal|p2a: Indeedee|23\/100|[from] drain|[of] p1a: Cheems-Pao\n|faint|p1a: Cheems-Pao\n|\n|-heal|p1b: Volcanion|85\/100|[from] item: Leftovers\n|upkeep\n|inactive|Anna Lisa Melculo has 120 seconds left.\n|\n|t:|1695357449\n|switch|p1a: Kingambit|Kingambit, M|100\/100\n|turn|3\n|\n|t:|1695357460\n|move|p1a: Kingambit|Iron Head|p2b: Armarouge\n|-damage|p2b: Armarouge|14\/100\n|move|p2b: Armarouge|Heat Wave|p1b: Volcanion|[spread] p1a\n|-miss|p2b: Armarouge|p1b: Volcanion\n|-supereffective|p1a: Kingambit\n|-damage|p1a: Kingambit|0 fnt\n|faint|p1a: Kingambit\n|-damage|p2b: Armarouge|4\/100|[from] item: Life Orb\n|move|p1b: Volcanion|Steam Eruption|p2b: Armarouge\n|-resisted|p2b: Armarouge\n|-damage|p2b: Armarouge|0 fnt\n|faint|p2b: Armarouge\n|move|p2a: Indeedee|Expanding Force|p1b: Volcanion\n|-damage|p1b: Volcanion|63\/100\n|\n|-heal|p1b: Volcanion|69\/100|[from] item: Leftovers\n|upkeep\n|\n|t:|1695357480\n|switch|p1a: Pana Zulia|Torkoal, M|100\/100\n|switch|p2b: Malamar|Malamar, M|100\/100\n|-weather|SunnyDay|[from] ability: Drought|[of] p1a: Pana Zulia\n|turn|4\n|\n|t:|1695357494\n|move|p1a: Pana Zulia|Eruption|p2b: Malamar|[spread] p2a,p2b\n|-damage|p2a: Indeedee|0 fnt\n|-damage|p2b: Malamar|52\/100\n|faint|p2a: Indeedee\n|move|p2b: Malamar|Superpower|p1a: Pana Zulia\n|-damage|p1a: Pana Zulia|81\/100\n|-boost|p2b: Malamar|atk|1\n|-boost|p2b: Malamar|def|1\n|move|p1b: Volcanion|Heat Wave|p2b: Malamar\n|-damage|p2b: Malamar|0 fnt\n|faint|p2b: Malamar\n|\n|-weather|SunnyDay|[upkeep]\n|-heal|p1b: Volcanion|75\/100|[from] item: Leftovers\n|upkeep\n|\n|t:|1695357504\n|switch|p2b: Gardevoir|Gardevoir, F, shiny|100\/100\n|switch|p2a: Gallade|Gallade, M, shiny|100\/100\n|turn|5\n|\n|t:|1695357522\n|detailschange|p2b: Gardevoir|Gardevoir-Mega, F, shiny\n|-mega|p2b: Gardevoir|Gardevoir|Gardevoirite\n|move|p1a: Pana Zulia|Eruption|p2a: Gallade|[spread] p2a,p2b\n|-damage|p2a: Gallade|53\/100\n|-damage|p2b: Gardevoir|61\/100\n|move|p1b: Volcanion|Heat Wave|p2b: Gardevoir|[spread] p2a,p2b\n|-damage|p2a: Gallade|0 fnt\n|-damage|p2b: Gardevoir|15\/100\n|faint|p2a: Gallade\n|move|p2b: Gardevoir|Hyper Voice|p1a: Pana Zulia|[spread] p1a,p1b\n|-resisted|p1a: Pana Zulia\n|-resisted|p1b: Volcanion\n|-damage|p1a: Pana Zulia|52\/100\n|-damage|p1b: Volcanion|55\/100\n|\n|-weather|SunnyDay|[upkeep]\n|-heal|p1b: Volcanion|61\/100|[from] item: Leftovers\n|-fieldend|move: Trick Room\n|upkeep\n|-message|Zentex ELITE 4 forfeited.\n|\n|win|Anna Lisa Melculo\n|raw|Anna Lisa Melculo's rating: 1186 &rarr; <strong>1219<\/strong><br \/>(+33 for winning)\n|raw|Zentex ELITE 4's rating: 1308 &rarr; <strong>1281<\/strong><br \/>(-27 for losing)\n|l|\u2606Zentex ELITE 4\n","uploadtime":1695357543,"views":5,"p1id":"annalisamelculo","p2id":"zentexelite4","formatid":"gen9nationaldexdoubles","rating":1219,"private":0,"password":""}