{"id":"gen9nationaldexdoubles-1957587465","p1":"liu641","p2":"anemi","format":"[Gen 9] National Dex Doubles","log":"|j|\u2606liu641\n|j|\u2606anemi\n|t:|1696242456\n|gametype|doubles\n|player|p1|liu641|cyrus|\n|player|p2|anemi|rosa|\n|teamsize|p1|6\n|teamsize|p2|6\n|gen|9\n|tier|[Gen 9] National Dex Doubles\n|rule|HP Percentage Mod: HP is shown in percentages\n|rule|Endless Battle Clause: Forcing endless battles is banned\n|rule|OHKO Clause: OHKO moves are banned\n|rule|Evasion Moves Clause: Evasion moves are banned\n|rule|Evasion Abilities Clause: Evasion abilities are banned\n|rule|Species Clause: Limit one of each Pok\u00e9mon\n|rule|Gravity Sleep Clause: The combination of sleep-inducing moves with imperfect accuracy and Gravity or Gigantamax Orbeetle are banned\n|clearpoke\n|poke|p1|Dragapult, M|\n|poke|p1|Gengar, M|\n|poke|p1|Mimikyu, F|\n|poke|p1|Sableye, M|\n|poke|p1|Mamoswine, M|\n|poke|p1|Dusclops, M|\n|poke|p2|Hoopa-Unbound|\n|poke|p2|Morpeko, F|\n|poke|p2|Wo-Chien|\n|poke|p2|Sableye, F|\n|poke|p2|Okidogi, M|\n|poke|p2|Lokix, M|\n|teampreview\n|\n|t:|1696242504\n|start\n|switch|p1a: \u4e0d\u4f1a\u73a9\u6240\u4ee5\u4e0d\u8fdb\u5316|Dusclops, M|100\/100\n|switch|p1b: \u5927\u9a91\u62c9\u5e1d\u7eb3|Dragapult, M|100\/100\n|switch|p2a: Sableye|Sableye, F|100\/100\n|switch|p2b: Hoopa|Hoopa-Unbound|100\/100\n|-ability|p1a: \u4e0d\u4f1a\u73a9\u6240\u4ee5\u4e0d\u8fdb\u5316|Pressure\n|turn|1\n|\n|t:|1696242534\n|move|p2a: Sableye|Light Screen|p2a: Sableye\n|-sidestart|p2: anemi|move: Light Screen\n|-zpower|p1b: \u5927\u9a91\u62c9\u5e1d\u7eb3\n|move|p1b: \u5927\u9a91\u62c9\u5e1d\u7eb3|Devastating Drake|p2b: Hoopa|[zeffect]\n|-damage|p2b: Hoopa|39\/100\n|move|p2b: Hoopa|Phantom Force||[still]\n|-prepare|p2b: Hoopa|Phantom Force\n|move|p1a: \u4e0d\u4f1a\u73a9\u6240\u4ee5\u4e0d\u8fdb\u5316|Will-O-Wisp|p2b: Hoopa|[miss]\n|-miss|p1a: \u4e0d\u4f1a\u73a9\u6240\u4ee5\u4e0d\u8fdb\u5316|p2b: Hoopa\n|\n|upkeep\n|turn|2\n|\n|t:|1696242603\n|switch|p1b: \u642d\u6863\uff01\u7f81\u7eca\uff01|Sableye, M|100\/100\n|switch|p1a: \ud83d\udc37\u5e08\u5085|Mamoswine, M|100\/100\n|move|p2a: Sableye|Reflect|p2a: Sableye\n|-sidestart|p2: anemi|Reflect\n|move|p2b: Hoopa|Phantom Force|p1b: \u642d\u6863\uff01\u7f81\u7eca\uff01|[from]lockedmove\n|-damage|p1b: \u642d\u6863\uff01\u7f81\u7eca\uff01|47\/100\n|\n|upkeep\n|turn|3\n|\n|t:|1696242644\n|switch|p2b: Wo-Chien|Wo-Chien|100\/100\n|-ability|p2b: Wo-Chien|Tablets of Ruin\n|detailschange|p1b: \u642d\u6863\uff01\u7f81\u7eca\uff01|Sableye-Mega, M\n|-mega|p1b: \u642d\u6863\uff01\u7f81\u7eca\uff01|Sableye|Sablenite\n|move|p1b: \u642d\u6863\uff01\u7f81\u7eca\uff01|Fake Out|p2b: Wo-Chien\n|-damage|p2b: Wo-Chien|98\/100\n|-damage|p1b: \u642d\u6863\uff01\u7f81\u7eca\uff01|30\/100|[from] item: Rocky Helmet|[of] p2b: Wo-Chien\n|move|p2a: Sableye|Toxic|p1a: \ud83d\udc37\u5e08\u5085\n|-status|p1a: \ud83d\udc37\u5e08\u5085|tox\n|move|p1a: \ud83d\udc37\u5e08\u5085|Knock Off|p2b: Wo-Chien\n|-resisted|p2b: Wo-Chien\n|-damage|p2b: Wo-Chien|92\/100\n|-damage|p1a: \ud83d\udc37\u5e08\u5085|84\/100 tox|[from] item: Rocky Helmet|[of] p2b: Wo-Chien\n|-enditem|p2b: Wo-Chien|Rocky Helmet|[from] move: Knock Off|[of] p1a: \ud83d\udc37\u5e08\u5085\n|\n|-damage|p1a: \ud83d\udc37\u5e08\u5085|78\/100 tox|[from] psn\n|upkeep\n|turn|4\n|\n|t:|1696242694\n|switch|p2a: Morpeko|Morpeko, F|100\/100\n|move|p1a: \ud83d\udc37\u5e08\u5085|Rock Slide|p2a: Morpeko|[spread] p2a,p2b\n|-damage|p2a: Morpeko|79\/100\n|-damage|p2b: Wo-Chien|85\/100\n|move|p2b: Wo-Chien|Body Press|p1a: \ud83d\udc37\u5e08\u5085\n|-supereffective|p1a: \ud83d\udc37\u5e08\u5085\n|-damage|p1a: \ud83d\udc37\u5e08\u5085|27\/100 tox\n|move|p1b: \u642d\u6863\uff01\u7f81\u7eca\uff01|Moonlight|p1b: \u642d\u6863\uff01\u7f81\u7eca\uff01\n|-heal|p1b: \u642d\u6863\uff01\u7f81\u7eca\uff01|80\/100\n|\n|-damage|p1a: \ud83d\udc37\u5e08\u5085|15\/100 tox|[from] psn\n|-formechange|p2a: Morpeko|Morpeko-Hangry||[from] ability: Hunger Switch\n|upkeep\n|turn|5\n|\n|t:|1696242734\n|move|p1a: \ud83d\udc37\u5e08\u5085|Ice Shard|p2b: Wo-Chien\n|-supereffective|p2b: Wo-Chien\n|-damage|p2b: Wo-Chien|71\/100\n|move|p2a: Morpeko|Aura Wheel|p1b: \u642d\u6863\uff01\u7f81\u7eca\uff01\n|-damage|p1b: \u642d\u6863\uff01\u7f81\u7eca\uff01|37\/100\n|-boost|p2a: Morpeko|spe|1\n|-damage|p2a: Morpeko|69\/100|[from] item: Life Orb\n|move|p2b: Wo-Chien|Leech Seed|p1b: \u642d\u6863\uff01\u7f81\u7eca\uff01\n|move|p1b: \u642d\u6863\uff01\u7f81\u7eca\uff01|Leech Seed|p2b: Wo-Chien|[from]ability: Magic Bounce\n|-immune|p2b: Wo-Chien\n|move|p1b: \u642d\u6863\uff01\u7f81\u7eca\uff01|Will-O-Wisp|p2b: Wo-Chien\n|-status|p2b: Wo-Chien|brn\n|\n|-damage|p1a: \ud83d\udc37\u5e08\u5085|0 fnt|[from] psn\n|faint|p1a: \ud83d\udc37\u5e08\u5085\n|-damage|p2b: Wo-Chien|65\/100 brn|[from] brn\n|-formechange|p2a: Morpeko|Morpeko||[from] ability: Hunger Switch\n|upkeep\n|\n|t:|1696242771\n|switch|p1a: \u53e6\u8f9f\u8e4a\u5f84\u7684\u7fd4\u5b50|Gengar, M|100\/100\n|turn|6\n|\n|t:|1696242806\n|move|p2a: Morpeko|Aura Wheel|p1b: \u642d\u6863\uff01\u7f81\u7eca\uff01\n|-damage|p1b: \u642d\u6863\uff01\u7f81\u7eca\uff01|0 fnt\n|-boost|p2a: Morpeko|spe|1\n|faint|p1b: \u642d\u6863\uff01\u7f81\u7eca\uff01\n|-damage|p2a: Morpeko|60\/100|[from] item: Life Orb\n|move|p1a: \u53e6\u8f9f\u8e4a\u5f84\u7684\u7fd4\u5b50|Sludge Wave|p2a: Morpeko|[spread] p2a,p2b\n|-supereffective|p2b: Wo-Chien\n|-damage|p2a: Morpeko|0 fnt\n|-damage|p2b: Wo-Chien|15\/100 brn\n|faint|p2a: Morpeko\n|move|p2b: Wo-Chien|Leech Seed|p1a: \u53e6\u8f9f\u8e4a\u5f84\u7684\u7fd4\u5b50\n|-start|p1a: \u53e6\u8f9f\u8e4a\u5f84\u7684\u7fd4\u5b50|move: Leech Seed\n|\n|-damage|p1a: \u53e6\u8f9f\u8e4a\u5f84\u7684\u7fd4\u5b50|88\/100|[from] Leech Seed|[of] p2b: Wo-Chien\n|-heal|p2b: Wo-Chien|24\/100 brn|[silent]\n|-damage|p2b: Wo-Chien|18\/100 brn|[from] brn\n|upkeep\n|\n|t:|1696242831\n|switch|p2a: Hoopa|Hoopa-Unbound|39\/100\n|switch|p1b: \u76ae\u5361\u4e18\u672a\u6765\u7684\u5916\u5957|Mimikyu, F|100\/100\n|turn|7\n|\n|t:|1696242868\n|move|p2b: Wo-Chien|Protect|p2b: Wo-Chien\n|-singleturn|p2b: Wo-Chien|Protect\n|move|p1b: \u76ae\u5361\u4e18\u672a\u6765\u7684\u5916\u5957|Swords Dance|p1b: \u76ae\u5361\u4e18\u672a\u6765\u7684\u5916\u5957\n|-boost|p1b: \u76ae\u5361\u4e18\u672a\u6765\u7684\u5916\u5957|atk|2\n|move|p1a: \u53e6\u8f9f\u8e4a\u5f84\u7684\u7fd4\u5b50|Sludge Wave|p2b: Wo-Chien|[spread] p1b,p2a\n|-activate|p2b: Wo-Chien|move: Protect\n|-activate|p1b: \u76ae\u5361\u4e18\u672a\u6765\u7684\u5916\u5957|ability: Disguise\n|-damage|p1b: \u76ae\u5361\u4e18\u672a\u6765\u7684\u5916\u5957|100\/100\n|-damage|p2a: Hoopa|3\/100\n|detailschange|p1b: \u76ae\u5361\u4e18\u672a\u6765\u7684\u5916\u5957|Mimikyu-Busted, F\n|-damage|p1b: \u76ae\u5361\u4e18\u672a\u6765\u7684\u5916\u5957|88\/100|[from] pokemon: Mimikyu-Busted\n|-enditem|p2a: Hoopa|Aguav Berry|[eat]\n|-heal|p2a: Hoopa|36\/100|[from] item: Aguav Berry\n|move|p2a: Hoopa|Thunder Punch|p1b: \u76ae\u5361\u4e18\u672a\u6765\u7684\u5916\u5957\n|-damage|p1b: \u76ae\u5361\u4e18\u672a\u6765\u7684\u5916\u5957|45\/100\n|-item|p2a: Hoopa|Life Orb|[from] ability: Magician|[of] p1b: \u76ae\u5361\u4e18\u672a\u6765\u7684\u5916\u5957\n|\n|-damage|p1a: \u53e6\u8f9f\u8e4a\u5f84\u7684\u7fd4\u5b50|76\/100|[from] Leech Seed|[of] p2b: Wo-Chien\n|-heal|p2b: Wo-Chien|26\/100 brn|[silent]\n|-damage|p2b: Wo-Chien|20\/100 brn|[from] brn\n|upkeep\n|turn|8\n|\n|t:|1696242926\n|switch|p2b: Okidogi|Okidogi, M|100\/100\n|move|p1b: \u76ae\u5361\u4e18\u672a\u6765\u7684\u5916\u5957|Shadow Sneak|p2a: Hoopa\n|-damage|p2a: Hoopa|10\/100\n|move|p1a: \u53e6\u8f9f\u8e4a\u5f84\u7684\u7fd4\u5b50|Sludge Wave|p2a: Hoopa|[spread] p1b,p2a,p2b\n|-resisted|p2b: Okidogi\n|-damage|p1b: \u76ae\u5361\u4e18\u672a\u6765\u7684\u5916\u5957|0 fnt\n|-damage|p2a: Hoopa|0 fnt\n|-damage|p2b: Okidogi|79\/100\n|faint|p1b: \u76ae\u5361\u4e18\u672a\u6765\u7684\u5916\u5957\n|faint|p2a: Hoopa\n|\n|-damage|p1a: \u53e6\u8f9f\u8e4a\u5f84\u7684\u7fd4\u5b50|64\/100|[from] Leech Seed|[of] p2b: Okidogi\n|-heal|p2b: Okidogi|89\/100|[silent]\n|-sideend|p2: anemi|move: Light Screen\n|upkeep\n|\n|t:|1696242942\n|switch|p1b: \u5927\u9a91\u62c9\u5e1d\u7eb3|Dragapult, M|100\/100\n|switch|p2a: Lokix|Lokix, M|100\/100\n|turn|9\n|\n|t:|1696242995\n|switch|p1a: \u4e0d\u4f1a\u73a9\u6240\u4ee5\u4e0d\u8fdb\u5316|Dusclops, M|100\/100\n|-ability|p1a: \u4e0d\u4f1a\u73a9\u6240\u4ee5\u4e0d\u8fdb\u5316|Pressure\n|move|p1b: \u5927\u9a91\u62c9\u5e1d\u7eb3|Draco Meteor|p2b: Okidogi\n|-damage|p2b: Okidogi|34\/100\n|-unboost|p1b: \u5927\u9a91\u62c9\u5e1d\u7eb3|spa|2\n|move|p2b: Okidogi|Shadow Claw|p1b: \u5927\u9a91\u62c9\u5e1d\u7eb3\n|-supereffective|p1b: \u5927\u9a91\u62c9\u5e1d\u7eb3\n|-damage|p1b: \u5927\u9a91\u62c9\u5e1d\u7eb3|10\/100\n|move|p2a: Lokix|Leech Life|p1a: \u4e0d\u4f1a\u73a9\u6240\u4ee5\u4e0d\u8fdb\u5316\n|-resisted|p1a: \u4e0d\u4f1a\u73a9\u6240\u4ee5\u4e0d\u8fdb\u5316\n|-damage|p1a: \u4e0d\u4f1a\u73a9\u6240\u4ee5\u4e0d\u8fdb\u5316|88\/100\n|\n|-sideend|p2: anemi|Reflect\n|upkeep\n|turn|10\n|\n|t:|1696243025\n|move|p2a: Lokix|First Impression||[still]\n|-hint|First Impression only works on your first turn out.\n|-fail|p2a: Lokix\n|move|p1b: \u5927\u9a91\u62c9\u5e1d\u7eb3|Dragon Darts|p2b: Okidogi\n|-damage|p2b: Okidogi|12\/100\n|-anim|p1b: \u5927\u9a91\u62c9\u5e1d\u7eb3|Dragon Darts|p2a: Lokix\n|-damage|p2a: Lokix|62\/100\n|move|p2b: Okidogi|Shadow Claw|p1a: \u4e0d\u4f1a\u73a9\u6240\u4ee5\u4e0d\u8fdb\u5316\n|-supereffective|p1a: \u4e0d\u4f1a\u73a9\u6240\u4ee5\u4e0d\u8fdb\u5316\n|-damage|p1a: \u4e0d\u4f1a\u73a9\u6240\u4ee5\u4e0d\u8fdb\u5316|52\/100\n|move|p1a: \u4e0d\u4f1a\u73a9\u6240\u4ee5\u4e0d\u8fdb\u5316|Will-O-Wisp|p2a: Lokix|[miss]\n|-miss|p1a: \u4e0d\u4f1a\u73a9\u6240\u4ee5\u4e0d\u8fdb\u5316|p2a: Lokix\n|\n|upkeep\n|turn|11\n|\n|t:|1696243051\n|move|p1b: \u5927\u9a91\u62c9\u5e1d\u7eb3|Dragon Darts|p2b: Okidogi\n|-damage|p2b: Okidogi|0 fnt\n|-anim|p1b: \u5927\u9a91\u62c9\u5e1d\u7eb3|Dragon Darts|p2a: Lokix\n|-damage|p2a: Lokix|27\/100\n|faint|p2b: Okidogi\n|move|p2a: Lokix|Axe Kick|p1b: \u5927\u9a91\u62c9\u5e1d\u7eb3\n|-immune|p1b: \u5927\u9a91\u62c9\u5e1d\u7eb3\n|-damage|p2a: Lokix|0 fnt|[from] highjumpkick\n|faint|p2a: Lokix\n|move|p1a: \u4e0d\u4f1a\u73a9\u6240\u4ee5\u4e0d\u8fdb\u5316|Night Shade|p2: Lokix|[notarget]\n|-fail|p1a: \u4e0d\u4f1a\u73a9\u6240\u4ee5\u4e0d\u8fdb\u5316\n|\n|upkeep\n|\n|t:|1696243072\n|switch|p2b: Wo-Chien|Wo-Chien|20\/100 brn\n|switch|p2a: Sableye|Sableye, F|100\/100\n|-ability|p2b: Wo-Chien|Tablets of Ruin\n|turn|12\n|\n|t:|1696243102\n|move|p2b: Wo-Chien|Protect|p2b: Wo-Chien\n|-singleturn|p2b: Wo-Chien|Protect\n|move|p2a: Sableye|Toxic|p1a: \u4e0d\u4f1a\u73a9\u6240\u4ee5\u4e0d\u8fdb\u5316\n|-status|p1a: \u4e0d\u4f1a\u73a9\u6240\u4ee5\u4e0d\u8fdb\u5316|tox\n|move|p1b: \u5927\u9a91\u62c9\u5e1d\u7eb3|U-turn|p2b: Wo-Chien\n|-activate|p2b: Wo-Chien|move: Protect\n|move|p1a: \u4e0d\u4f1a\u73a9\u6240\u4ee5\u4e0d\u8fdb\u5316|Will-O-Wisp|p2a: Sableye\n|-status|p2a: Sableye|brn\n|\n|-damage|p1a: \u4e0d\u4f1a\u73a9\u6240\u4ee5\u4e0d\u8fdb\u5316|46\/100 tox|[from] psn\n|-damage|p2b: Wo-Chien|14\/100 brn|[from] brn\n|-damage|p2a: Sableye|94\/100 brn|[from] brn\n|upkeep\n|turn|13\n|\n|t:|1696243142\n|move|p2a: Sableye|Light Screen|p2a: Sableye\n|-sidestart|p2: anemi|move: Light Screen\n|move|p1b: \u5927\u9a91\u62c9\u5e1d\u7eb3|Dragon Darts|p2b: Wo-Chien\n|-damage|p2b: Wo-Chien|3\/100 brn\n|-anim|p1b: \u5927\u9a91\u62c9\u5e1d\u7eb3|Dragon Darts|p2a: Sableye\n|-damage|p2a: Sableye|69\/100 brn\n|move|p2b: Wo-Chien|Leech Seed|p1b: \u5927\u9a91\u62c9\u5e1d\u7eb3\n|-start|p1b: \u5927\u9a91\u62c9\u5e1d\u7eb3|move: Leech Seed\n|move|p1a: \u4e0d\u4f1a\u73a9\u6240\u4ee5\u4e0d\u8fdb\u5316|Hex|p2a: Sableye\n|-damage|p2a: Sableye|43\/100 brn\n|\n|-damage|p1b: \u5927\u9a91\u62c9\u5e1d\u7eb3|0 fnt|[from] Leech Seed|[of] p2b: Wo-Chien\n|-heal|p2b: Wo-Chien|11\/100 brn|[silent]\n|faint|p1b: \u5927\u9a91\u62c9\u5e1d\u7eb3\n|-damage|p1a: \u4e0d\u4f1a\u73a9\u6240\u4ee5\u4e0d\u8fdb\u5316|34\/100 tox|[from] psn\n|-damage|p2b: Wo-Chien|5\/100 brn|[from] brn\n|-damage|p2a: Sableye|37\/100 brn|[from] brn\n|upkeep\n|\n|t:|1696243160\n|switch|p1b: \u53e6\u8f9f\u8e4a\u5f84\u7684\u7fd4\u5b50|Gengar, M|64\/100\n|turn|14\n|\n|t:|1696243170\n|move|p2a: Sableye|Recover|p2a: Sableye\n|-heal|p2a: Sableye|87\/100 brn\n|move|p1b: \u53e6\u8f9f\u8e4a\u5f84\u7684\u7fd4\u5b50|Sludge Wave|p2b: Wo-Chien|[spread] p1a,p2a,p2b\n|-resisted|p1a: \u4e0d\u4f1a\u73a9\u6240\u4ee5\u4e0d\u8fdb\u5316\n|-resisted|p2a: Sableye\n|-supereffective|p2b: Wo-Chien\n|-damage|p1a: \u4e0d\u4f1a\u73a9\u6240\u4ee5\u4e0d\u8fdb\u5316|20\/100 tox\n|-damage|p2a: Sableye|62\/100 brn\n|-damage|p2b: Wo-Chien|0 fnt\n|faint|p2b: Wo-Chien\n|move|p1a: \u4e0d\u4f1a\u73a9\u6240\u4ee5\u4e0d\u8fdb\u5316|Hex|p2a: Sableye\n|-damage|p2a: Sableye|34\/100 brn\n|\n|-damage|p1a: \u4e0d\u4f1a\u73a9\u6240\u4ee5\u4e0d\u8fdb\u5316|2\/100 tox|[from] psn\n|-damage|p2a: Sableye|27\/100 brn|[from] brn\n|upkeep\n|turn|15\n|\n|t:|1696243195\n|move|p2a: Sableye|Recover|p2a: Sableye\n|-heal|p2a: Sableye|77\/100 brn\n|move|p1b: \u53e6\u8f9f\u8e4a\u5f84\u7684\u7fd4\u5b50|Sludge Wave|p2a: Sableye|[spread] p1a,p2a\n|-resisted|p1a: \u4e0d\u4f1a\u73a9\u6240\u4ee5\u4e0d\u8fdb\u5316\n|-resisted|p2a: Sableye\n|-damage|p1a: \u4e0d\u4f1a\u73a9\u6240\u4ee5\u4e0d\u8fdb\u5316|0 fnt\n|-damage|p2a: Sableye|55\/100 brn\n|faint|p1a: \u4e0d\u4f1a\u73a9\u6240\u4ee5\u4e0d\u8fdb\u5316\n|\n|-damage|p2a: Sableye|48\/100 brn|[from] brn\n|upkeep\n|turn|16\n|-message|anemi forfeited.\n|\n|win|liu641\n|l|\u2606anemi\n|l|\u2606liu641\n|j|\u2606anemi\n|player|p2|anemi|rosa\n|j|\u2606liu641\n|player|p1|liu641|cyrus\n","uploadtime":1696243418,"views":13,"p1id":"liu641","p2id":"anemi","formatid":"gen9nationaldexdoubles","rating":0,"private":0,"password":""}