{"id":"gen9nationaldexdoubles-1983385072","p1":"Inkubone","p2":"Malaksa","format":"[Gen 9] National Dex Doubles","log":"|j|\u2606Inkubone\n|j|\u2606Malaksa\n|t:|1699124547\n|gametype|doubles\n|player|p1|Inkubone|yellow|1242\n|player|p2|Malaksa|unknownf|1283\n|teamsize|p1|6\n|teamsize|p2|6\n|gen|9\n|tier|[Gen 9] National Dex Doubles\n|rated|\n|rule|HP Percentage Mod: HP is shown in percentages\n|rule|Endless Battle Clause: Forcing endless battles is banned\n|rule|OHKO Clause: OHKO moves are banned\n|rule|Evasion Moves Clause: Evasion moves are banned\n|rule|Evasion Abilities Clause: Evasion abilities are banned\n|rule|Species Clause: Limit one of each Pok\u00e9mon\n|rule|Gravity Sleep Clause: The combination of sleep-inducing moves with imperfect accuracy and Gravity or Gigantamax Orbeetle are banned\n|clearpoke\n|poke|p1|Jirachi|\n|poke|p1|Scream Tail|\n|poke|p1|Slither Wing|\n|poke|p1|Charizard, M|\n|poke|p1|Venusaur, M|\n|poke|p1|Greninja-*, M|\n|poke|p2|Moltres-Galar|\n|poke|p2|Ogerpon-Wellspring, F|\n|poke|p2|Aegislash, F|\n|poke|p2|Ursaluna, M|\n|poke|p2|Meloetta|\n|poke|p2|Charizard, F|\n|teampreview\n|inactive|Battle timer is ON: inactive players will automatically lose when time's up. (requested by Malaksa)\n|inactive|Malaksa has 120 seconds left.\n|\n|t:|1699124580\n|start\n|switch|p1a: Greninja|Greninja, M, shiny|100\/100\n|switch|p1b: Charizard|Charizard, M, shiny|100\/100\n|switch|p2a: Moltest|Moltres-Galar|100\/100\n|switch|p2b: Dying song|Meloetta|100\/100\n|turn|1\n|\n|t:|1699124603\n|detailschange|p1b: Charizard|Charizard-Mega-Y, M, shiny\n|-mega|p1b: Charizard|Charizard|Charizardite Y\n|-weather|SunnyDay|[from] ability: Drought|[of] p1b: Charizard\n|-terastallize|p2b: Dying song|Grass\n|move|p1a: Greninja|Water Pledge|p2a: Moltest\n|-waiting|p1a: Greninja|p1b: Charizard\n|move|p1b: Charizard|Fire Pledge|p2a: Moltest|[from]move: Water Pledge\n|-combine\n|-damage|p2a: Moltest|75\/100\n|-sidestart|p1: Inkubone|Water Pledge\n|move|p2b: Dying song|Relic Song|p1a: Greninja|[spread] p1a,p1b\n|-damage|p1a: Greninja|51\/100\n|-damage|p1b: Charizard|73\/100\n|-formechange|p2b: Dying song|Meloetta-Pirouette|[msg]\n|move|p2a: Moltest|Tailwind|p2a: Moltest\n|-sidestart|p2: Malaksa|move: Tailwind\n|\n|-weather|SunnyDay|[upkeep]\n|upkeep\n|turn|2\n|inactive|Malaksa has 120 seconds left.\n|\n|t:|1699124638\n|switch|p2a: Ogerpog|Ogerpon-Wellspring, F|100\/100\n|switch|p1a: Jirachi|Jirachi, shiny|100\/100\n|move|p2b: Dying song|Thunderbolt|p1a: Jirachi\n|-damage|p1a: Jirachi|74\/100\n|move|p1b: Charizard|Air Slash|p2b: Dying song\n|-supereffective|p2b: Dying song\n|-damage|p2b: Dying song|32\/100\n|\n|-weather|SunnyDay|[upkeep]\n|upkeep\n|turn|3\n|inactive|Malaksa has 120 seconds left.\n|inactive|Inkubone has 120 seconds left.\n|\n|t:|1699124669\n|switch|p1b: Venusaur|Venusaur, M, shiny|100\/100\n|move|p2a: Ogerpog|Follow Me|p2a: Ogerpog\n|-singleturn|p2a: Ogerpog|move: Follow Me\n|move|p2b: Dying song|Thunderbolt|p1b: Venusaur\n|-resisted|p1b: Venusaur\n|-damage|p1b: Venusaur|88\/100\n|move|p1a: Jirachi|Stealth Rock|p2a: Ogerpog\n|-sidestart|p2: Malaksa|move: Stealth Rock\n|\n|-weather|SunnyDay|[upkeep]\n|-heal|p1b: Venusaur|94\/100|[from] item: Leftovers\n|upkeep\n|turn|4\n|inactive|Malaksa has 120 seconds left.\n|\n|t:|1699124690\n|move|p2a: Ogerpog|Ivy Cudgel|p1a: Jirachi\n|-damage|p1a: Jirachi|50\/100\n|move|p2b: Dying song|Psychic|p1b: Venusaur\n|-supereffective|p1b: Venusaur\n|-crit|p1b: Venusaur\n|-damage|p1b: Venusaur|5\/100\n|move|p1b: Venusaur|Weather Ball|p2b: Dying song\n|-supereffective|p2b: Dying song\n|-damage|p2b: Dying song|0 fnt\n|faint|p2b: Dying song\n|move|p1a: Jirachi|Zen Headbutt|p2a: Ogerpog\n|-damage|p2a: Ogerpog|65\/100\n|\n|-weather|SunnyDay|[upkeep]\n|-heal|p1b: Venusaur|11\/100|[from] item: Leftovers\n|-sideend|p2: Malaksa|move: Tailwind\n|-sideend|p1: Inkubone|Water Pledge\n|upkeep\n|inactive|Malaksa has 120 seconds left.\n|\n|t:|1699124705\n|switch|p2b: Charizard|Charizard, F, shiny|100\/100\n|-damage|p2b: Charizard|51\/100|[from] Stealth Rock\n|turn|5\n|inactive|Inkubone has 120 seconds left.\n|\n|t:|1699124741\n|move|p2a: Ogerpog|Follow Me|p2a: Ogerpog\n|-singleturn|p2a: Ogerpog|move: Follow Me\n|move|p1b: Venusaur|Sludge Bomb|p2a: Ogerpog\n|-supereffective|p2a: Ogerpog\n|-damage|p2a: Ogerpog|0 fnt\n|faint|p2a: Ogerpog\n|move|p2b: Charizard|Heat Wave|p1a: Jirachi|[spread] p1a,p1b\n|-supereffective|p1a: Jirachi\n|-supereffective|p1b: Venusaur\n|-damage|p1a: Jirachi|0 fnt\n|-damage|p1b: Venusaur|0 fnt\n|faint|p1a: Jirachi\n|faint|p1b: Venusaur\n|\n|-weather|none\n|upkeep\n|inactive|Inkubone has 120 seconds left.\n|\n|t:|1699124764\n|switch|p2a: Freddy|Ursaluna, M, shiny|100\/100\n|switch|p1a: Greninja|Greninja, M, shiny|51\/100\n|switch|p1b: Charizard|Charizard-Mega-Y, M, shiny|73\/100\n|-weather|SunnyDay|[from] ability: Drought|[of] p1b: Charizard\n|-damage|p2a: Freddy|94\/100|[from] Stealth Rock\n|turn|6\n|\n|t:|1699124790\n|detailschange|p2b: Charizard|Charizard-Mega-X, F, shiny\n|-mega|p2b: Charizard|Charizard|Charizardite X\n|move|p2a: Freddy|Protect|p2a: Freddy\n|-singleturn|p2a: Freddy|Protect\n|move|p1a: Greninja|Ice Beam|p2a: Freddy\n|-start|p1a: Greninja|typechange|Ice|[from] ability: Protean\n|-activate|p2a: Freddy|move: Protect\n|move|p2b: Charizard|Dragon Pulse|p1a: Greninja\n|-damage|p1a: Greninja|0 fnt\n|faint|p1a: Greninja\n|move|p1b: Charizard|Air Slash|p2b: Charizard\n|-damage|p2b: Charizard|0 fnt\n|faint|p2b: Charizard\n|\n|-weather|SunnyDay|[upkeep]\n|-status|p2a: Freddy|brn|[from] item: Flame Orb\n|upkeep\n|\n|t:|1699124812\n|switch|p1a: Slither Wing|Slither Wing|100\/100\n|switch|p2b: Moltest|Moltres-Galar|75\/100\n|-activate|p1a: Slither Wing|ability: Protosynthesis\n|-start|p1a: Slither Wing|protosynthesisatk\n|-damage|p2b: Moltest|50\/100|[from] Stealth Rock\n|-enditem|p2b: Moltest|Sitrus Berry|[eat]\n|-heal|p2b: Moltest|75\/100|[from] item: Sitrus Berry\n|turn|7\n|\n|t:|1699124836\n|-terastallize|p1a: Slither Wing|Flying\n|move|p1a: Slither Wing|Close Combat|p2a: Freddy\n|-supereffective|p2a: Freddy\n|-damage|p2a: Freddy|0 fnt\n|-unboost|p1a: Slither Wing|def|1\n|-unboost|p1a: Slither Wing|spd|1\n|faint|p2a: Freddy\n|move|p1b: Charizard|Fire Pledge|p2b: Moltest\n|-damage|p2b: Moltest|34\/100\n|-ability|p2b: Moltest|Berserk|boost\n|-boost|p2b: Moltest|spa|1\n|move|p2b: Moltest|Tailwind|p2b: Moltest\n|-sidestart|p2: Malaksa|move: Tailwind\n|\n|-weather|SunnyDay|[upkeep]\n|upkeep\n|inactive|Malaksa has 120 seconds left.\n|\n|t:|1699124852\n|switch|p2a: Blade|Aegislash, F|100\/100\n|-damage|p2a: Blade|94\/100|[from] Stealth Rock\n|turn|8\n|\n|t:|1699124863\n|-end|p1a: Slither Wing|Protosynthesis|[silent]\n|switch|p1a: Scream Tail|Scream Tail|100\/100\n|-activate|p1a: Scream Tail|ability: Protosynthesis\n|-start|p1a: Scream Tail|protosynthesisspd\n|move|p2b: Moltest|Fiery Wrath|p1a: Scream Tail|[spread] p1a,p1b\n|-damage|p1a: Scream Tail|83\/100\n|-damage|p1b: Charizard|43\/100\n|-formechange|p2a: Blade|Aegislash-Blade||[from] ability: Stance Change\n|move|p2a: Blade|Shadow Claw|p1b: Charizard\n|-crit|p1b: Charizard\n|-damage|p1b: Charizard|0 fnt\n|faint|p1b: Charizard\n|-damage|p2a: Blade|84\/100|[from] item: Life Orb\n|\n|-weather|SunnyDay|[upkeep]\n|upkeep\n|\n|t:|1699124875\n|switch|p1b: Slither Wing|Slither Wing, tera:Flying|100\/100\n|-activate|p1b: Slither Wing|ability: Protosynthesis\n|-start|p1b: Slither Wing|protosynthesisatk\n|turn|9\n|\n|t:|1699124885\n|move|p1b: Slither Wing|First Impression|p2b: Moltest\n|-damage|p2b: Moltest|0 fnt\n|faint|p2b: Moltest\n|move|p2a: Blade|Iron Head|p1a: Scream Tail\n|-supereffective|p1a: Scream Tail\n|-damage|p1a: Scream Tail|0 fnt\n|faint|p1a: Scream Tail\n|-end|p1a: Scream Tail|Protosynthesis|[silent]\n|-damage|p2a: Blade|75\/100|[from] item: Life Orb\n|\n|-weather|SunnyDay|[upkeep]\n|upkeep\n|turn|10\n|\n|t:|1699124904\n|move|p2a: Blade|Iron Head|p1b: Slither Wing\n|-damage|p1b: Slither Wing|13\/100\n|-damage|p2a: Blade|65\/100|[from] item: Life Orb\n|move|p1b: Slither Wing|U-turn|p2a: Blade\n|-resisted|p2a: Blade\n|-damage|p2a: Blade|44\/100\n|\n|-weather|none\n|-end|p1b: Slither Wing|Protosynthesis\n|-sideend|p2: Malaksa|move: Tailwind\n|upkeep\n|-enditem|p1b: Slither Wing|Booster Energy\n|-activate|p1b: Slither Wing|ability: Protosynthesis|[fromitem]\n|-start|p1b: Slither Wing|protosynthesisatk\n|turn|11\n|\n|t:|1699124919\n|move|p1b: Slither Wing|Acrobatics|p2a: Blade\n|-resisted|p2a: Blade\n|-damage|p2a: Blade|0 fnt\n|faint|p2a: Blade\n|\n|win|Inkubone\n|raw|Inkubone's rating: 1242 &rarr; <strong>1270<\/strong><br \/>(+28 for winning)\n|raw|Malaksa's rating: 1283 &rarr; <strong>1255<\/strong><br \/>(-28 for losing)\n|c|\u2606Malaksa|gg\n|l|\u2606Malaksa\n|c|\u2606Inkubone|Gg\n","uploadtime":1699124966,"views":5,"p1id":"inkubone","p2id":"malaksa","formatid":"gen9nationaldexdoubles","rating":1255,"private":0,"password":""}