{"id":"gen9nationaldexdoubles-1960541298","p1":"Creepystank","p2":"fumbari 24","format":"[Gen 9] National Dex Doubles","log":"|j|\u2606Creepystank\n|j|\u2606fumbari 24\n|t:|1696533200\n|gametype|doubles\n|player|p1|Creepystank|cynthia-gen4|1484\n|player|p2|fumbari 24|1|1363\n|teamsize|p1|6\n|teamsize|p2|6\n|gen|9\n|tier|[Gen 9] National Dex Doubles\n|rated|\n|rule|HP Percentage Mod: HP is shown in percentages\n|rule|Endless Battle Clause: Forcing endless battles is banned\n|rule|OHKO Clause: OHKO moves are banned\n|rule|Evasion Moves Clause: Evasion moves are banned\n|rule|Evasion Abilities Clause: Evasion abilities are banned\n|rule|Species Clause: Limit one of each Pok\u00e9mon\n|rule|Gravity Sleep Clause: The combination of sleep-inducing moves with imperfect accuracy and Gravity or Gigantamax Orbeetle are banned\n|clearpoke\n|poke|p1|Tornadus, M|\n|poke|p1|Mew|\n|poke|p1|Overqwil, M|\n|poke|p1|Tapu Lele|\n|poke|p1|Amoonguss, M|\n|poke|p1|Iron Hands|\n|poke|p2|Sableye, M|\n|poke|p2|Charizard, M|\n|poke|p2|Hydreigon, M|\n|poke|p2|Aegislash, M|\n|poke|p2|Granbull, F|\n|poke|p2|Dragapult, M|\n|teampreview\n|inactive|Battle timer is ON: inactive players will automatically lose when time's up. (requested by Creepystank)\n|inactive|Creepystank has 120 seconds left.\n|\n|t:|1696533234\n|start\n|switch|p1a: Tornadus|Tornadus, M|100\/100\n|switch|p1b: Mew|Mew|100\/100\n|switch|p2a: Yami|Sableye, M|100\/100\n|switch|p2b: Aegislash|Aegislash, M|100\/100\n|turn|1\n|inactive|Creepystank has 120 seconds left.\n|inactive|Creepystank has 90 seconds left.\n|inactive|Creepystank has 60 seconds left.\n|\n|t:|1696533329\n|move|p2a: Yami|Fake Out|p1a: Tornadus\n|-damage|p1a: Tornadus|90\/100\n|move|p1a: Tornadus|Bleakwind Storm|p2b: Aegislash|[spread] p2a,p2b\n|-resisted|p2b: Aegislash\n|-damage|p2a: Yami|60\/100\n|-damage|p2b: Aegislash|86\/100\n|-unboost|p2b: Aegislash|spe|1\n|move|p1b: Mew|Dazzling Gleam|p2a: Yami|[spread] p2a,p2b\n|-supereffective|p2a: Yami\n|-resisted|p2b: Aegislash\n|-damage|p2a: Yami|16\/100\n|-damage|p2b: Aegislash|79\/100\n|-zpower|p2b: Aegislash\n|-formechange|p2b: Aegislash|Aegislash-Blade||[from] ability: Stance Change\n|move|p2b: Aegislash|Never-Ending Nightmare|p1a: Tornadus|[zeffect]\n|-damage|p1a: Tornadus|0 fnt\n|faint|p1a: Tornadus\n|\n|-heal|p2a: Yami|22\/100|[from] item: Leftovers\n|upkeep\n|\n|t:|1696533354\n|switch|p1a: Tapu Lele|Tapu Lele|100\/100\n|-fieldstart|move: Psychic Terrain|[from] ability: Psychic Surge|[of] p1a: Tapu Lele\n|turn|2\n|inactive|Creepystank has 60 seconds left.\n|\n|t:|1696533380\n|-terastallize|p1b: Mew|Psychic\n|move|p2b: Aegislash|Wide Guard|p2b: Aegislash\n|-singleturn|p2b: Aegislash|Wide Guard\n|move|p1b: Mew|Expanding Force|p2a: Yami|[spread] \n|-activate|p2a: Yami|move: Wide Guard\n|-activate|p2b: Aegislash|move: Wide Guard\n|move|p1a: Tapu Lele|Dazzling Gleam|p2a: Yami|[spread] \n|-activate|p2a: Yami|move: Wide Guard\n|-activate|p2b: Aegislash|move: Wide Guard\n|move|p2a: Yami|Knock Off|p1b: Mew\n|-supereffective|p1b: Mew\n|-crit|p1b: Mew\n|-damage|p1b: Mew|29\/100\n|-enditem|p1b: Mew|Mirror Herb|[from] move: Knock Off|[of] p2a: Yami\n|\n|-heal|p2a: Yami|28\/100|[from] item: Leftovers\n|upkeep\n|turn|3\n|inactive|Creepystank has 60 seconds left.\n|\n|t:|1696533405\n|-formechange|p2b: Aegislash|Aegislash||[from] ability: Stance Change\n|move|p2b: Aegislash|King's Shield|p2b: Aegislash\n|-singleturn|p2b: Aegislash|Protect\n|move|p1b: Mew|Dragon Pulse|p2a: Yami\n|-damage|p2a: Yami|0 fnt\n|faint|p2a: Yami\n|move|p1a: Tapu Lele|Psychic|p2b: Aegislash\n|-activate|p2b: Aegislash|move: Protect\n|\n|upkeep\n|inactive|fumbari 24 has 120 seconds left.\n|\n|t:|1696533420\n|switch|p2a: Dragapult|Dragapult, M|100\/100\n|turn|4\n|\n|t:|1696533439\n|move|p2a: Dragapult|U-turn|p1b: Mew\n|-supereffective|p1b: Mew\n|-damage|p1b: Mew|0 fnt\n|faint|p1b: Mew\n|\n|t:|1696533448\n|switch|p2a: Kermit|Hydreigon, M|100\/100|[from] U-turn\n|move|p1a: Tapu Lele|Dazzling Gleam|p2a: Kermit|[spread] p2a,p2b\n|-supereffective|p2a: Kermit\n|-resisted|p2b: Aegislash\n|-damage|p2a: Kermit|35\/100\n|-damage|p2b: Aegislash|70\/100\n|-formechange|p2b: Aegislash|Aegislash-Blade||[from] ability: Stance Change\n|move|p2b: Aegislash|Gyro Ball|p1a: Tapu Lele\n|-supereffective|p1a: Tapu Lele\n|-damage|p1a: Tapu Lele|34\/100\n|\n|upkeep\n|\n|t:|1696533461\n|switch|p1b: Amoonguss|Amoonguss, M|100\/100\n|turn|5\n|\n|t:|1696533467\n|move|p1b: Amoonguss|Rage Powder|p1b: Amoonguss\n|-singleturn|p1b: Amoonguss|move: Rage Powder\n|move|p2a: Kermit|Snarl|p1a: Tapu Lele|[spread] p1a,p1b\n|-damage|p1a: Tapu Lele|20\/100\n|-damage|p1b: Amoonguss|86\/100\n|-unboost|p1a: Tapu Lele|spa|1\n|-unboost|p1b: Amoonguss|spa|1\n|move|p1a: Tapu Lele|Dazzling Gleam|p2a: Kermit|[spread] p2a,p2b\n|-supereffective|p2a: Kermit\n|-resisted|p2b: Aegislash\n|-damage|p2a: Kermit|0 fnt\n|-damage|p2b: Aegislash|57\/100\n|faint|p2a: Kermit\n|move|p2b: Aegislash|Shadow Ball|p1b: Amoonguss\n|-crit|p1b: Amoonguss\n|-damage|p1b: Amoonguss|40\/100\n|\n|-heal|p1b: Amoonguss|46\/100|[from] item: Black Sludge\n|upkeep\n|\n|t:|1696533477\n|switch|p2a: Charizard|Charizard, M|100\/100\n|turn|6\n|\n|t:|1696533505\n|-formechange|p2b: Aegislash|Aegislash||[from] ability: Stance Change\n|move|p2b: Aegislash|King's Shield|p2b: Aegislash\n|-singleturn|p2b: Aegislash|Protect\n|move|p2a: Charizard|Heat Wave|p1a: Tapu Lele|[spread] p1a,p1b\n|-supereffective|p1b: Amoonguss\n|-damage|p1a: Tapu Lele|0 fnt\n|-damage|p1b: Amoonguss|0 fnt\n|faint|p1a: Tapu Lele\n|faint|p1b: Amoonguss\n|\n|-fieldend|move: Psychic Terrain\n|upkeep\n|\n|t:|1696533511\n|switch|p1a: Rated E|Iron Hands, shiny|100\/100\n|switch|p1b: Lol poke|Overqwil, M, shiny|100\/100\n|-enditem|p1a: Rated E|Booster Energy\n|-activate|p1a: Rated E|ability: Quark Drive|[fromitem]\n|-start|p1a: Rated E|quarkdriveatk\n|turn|7\n|\n|t:|1696533532\n|switch|p2a: Iggy|Granbull, F|100\/100\n|-ability|p2a: Iggy|Intimidate|boost\n|-unboost|p1a: Rated E|atk|1\n|-unboost|p1b: Lol poke|atk|1\n|move|p1a: Rated E|Fake Out|p2a: Iggy\n|-damage|p2a: Iggy|85\/100\n|move|p1b: Lol poke|Liquidation|p2a: Iggy\n|-damage|p2a: Iggy|63\/100\n|-damage|p1b: Lol poke|91\/100|[from] item: Life Orb\n|-formechange|p2b: Aegislash|Aegislash-Blade||[from] ability: Stance Change\n|move|p2b: Aegislash|Shadow Ball|p1a: Rated E\n|-damage|p1a: Rated E|72\/100\n|\n|upkeep\n|turn|8\n|inactive|Creepystank has 120 seconds left.\n|\n|t:|1696533551\n|switch|p2a: Dragapult|Dragapult, M|100\/100\n|move|p1b: Lol poke|Crunch|p2b: Aegislash\n|-supereffective|p2b: Aegislash\n|-damage|p2b: Aegislash|0 fnt\n|faint|p2b: Aegislash\n|-damage|p1b: Lol poke|81\/100|[from] item: Life Orb\n|move|p1a: Rated E|Drain Punch|p2a: Dragapult\n|-immune|p2a: Dragapult\n|\n|upkeep\n|\n|t:|1696533556\n|switch|p2b: Iggy|Granbull, F|63\/100\n|-ability|p2b: Iggy|Intimidate|boost\n|-unboost|p1a: Rated E|atk|1\n|-unboost|p1b: Lol poke|atk|1\n|turn|9\n|l|\u2606Creepystank\n|inactive|Creepystank disconnected and has a minute to reconnect!\n|player|p1|\n|j|\u2606Creepystank\n|inactive|Creepystank reconnected and has 125 seconds left.\n|player|p1|Creepystank|cynthia-gen4\n|inactive|Creepystank has 120 seconds left.\n|\n|t:|1696533596\n|move|p2a: Dragapult|Will-O-Wisp|p1b: Lol poke\n|-status|p1b: Lol poke|brn\n|move|p1b: Lol poke|Crunch|p2a: Dragapult\n|-supereffective|p2a: Dragapult\n|-crit|p2a: Dragapult\n|-damage|p2a: Dragapult|10\/100\n|-enditem|p2a: Dragapult|Sitrus Berry|[eat]\n|-heal|p2a: Dragapult|35\/100|[from] item: Sitrus Berry\n|-damage|p1b: Lol poke|71\/100 brn|[from] item: Life Orb\n|move|p1a: Rated E|Wild Charge|p2b: Iggy\n|-damage|p2b: Iggy|25\/100\n|-damage|p1a: Rated E|65\/100|[from] Recoil\n|move|p2b: Iggy|Counter|p1a: Rated E\n|-damage|p1a: Rated E|2\/100\n|\n|-damage|p1b: Lol poke|64\/100 brn|[from] brn\n|upkeep\n|turn|10\n|\n|t:|1696533614\n|move|p1a: Rated E|Detect|p1a: Rated E\n|-singleturn|p1a: Rated E|Protect\n|move|p2a: Dragapult|Shadow Ball|p1a: Rated E\n|-activate|p1a: Rated E|move: Protect\n|move|p1b: Lol poke|Crunch|p2a: Dragapult\n|-supereffective|p2a: Dragapult\n|-damage|p2a: Dragapult|5\/100\n|-damage|p1b: Lol poke|55\/100 brn|[from] item: Life Orb\n|move|p2b: Iggy|Play Rough|p1b: Lol poke\n|-damage|p1b: Lol poke|4\/100 brn\n|\n|-damage|p1b: Lol poke|0 fnt|[from] brn\n|faint|p1b: Lol poke\n|upkeep\n|turn|11\n|\n|t:|1696533641\n|move|p2a: Dragapult|Shadow Ball|p1a: Rated E\n|-damage|p1a: Rated E|0 fnt\n|faint|p1a: Rated E\n|-end|p1a: Rated E|Quark Drive|[silent]\n|\n|win|fumbari 24\n|raw|Creepystank's rating: 1484 &rarr; <strong>1457<\/strong><br \/>(-27 for losing)\n|raw|fumbari 24's rating: 1363 &rarr; <strong>1390<\/strong><br \/>(+27 for winning)\n","uploadtime":1696533648,"views":14,"p1id":"creepystank","p2id":"fumbari24","formatid":"gen9nationaldexdoubles","rating":1390,"private":0,"password":""}