{"id":"gen9nationaldexdoubles-1997837313","p1":"xephos223","p2":"Holfrost","format":"[Gen 9] National Dex Doubles","log":"|j|\u2606xephos223\n|j|\u2606Holfrost\n|t:|1700858112\n|gametype|doubles\n|player|p1|xephos223|gambler|\n|player|p2|Holfrost|ghetsis|\n|teamsize|p1|6\n|teamsize|p2|6\n|gen|9\n|tier|[Gen 9] National Dex Doubles\n|rule|HP Percentage Mod: HP is shown in percentages\n|rule|Endless Battle Clause: Forcing endless battles is banned\n|rule|OHKO Clause: OHKO moves are banned\n|rule|Evasion Moves Clause: Evasion moves are banned\n|rule|Evasion Abilities Clause: Evasion abilities are banned\n|rule|Species Clause: Limit one of each Pok\u00e9mon\n|rule|Gravity Sleep Clause: The combination of sleep-inducing moves with imperfect accuracy and Gravity or Gigantamax Orbeetle are banned\n|clearpoke\n|poke|p1|Gallade, M|\n|poke|p1|Hoopa-Unbound|\n|poke|p1|Tyranitar, F|\n|poke|p1|Lycanroc-Dusk, F|\n|poke|p1|Iron Jugulis|\n|poke|p1|Gliscor, M|\n|poke|p2|Alakazam, M|\n|poke|p2|Buzzwole|\n|poke|p2|Rhyperior, F|\n|poke|p2|Articuno-Galar|\n|poke|p2|Tyranitar, M|\n|poke|p2|Houndstone, M|\n|teampreview\n|\n|t:|1700858131\n|start\n|switch|p1a: :(|Tyranitar, F|100\/100\n|switch|p1b: Clamper|Gliscor, M|100\/100\n|switch|p2a: Et Spiritus|Articuno-Galar|100\/100\n|switch|p2b: Et Filii|Rhyperior, F|100\/100\n|-weather|Sandstorm|[from] ability: Sand Stream|[of] p1a: :(\n|turn|1\n|\n|t:|1700858172\n|detailschange|p1a: :(|Tyranitar-Mega, F\n|-mega|p1a: :(|Tyranitar|Tyranitarite\n|move|p1b: Clamper|Protect|p1b: Clamper\n|-singleturn|p1b: Clamper|Protect\n|move|p2a: Et Spiritus|Calm Mind|p2a: Et Spiritus\n|-boost|p2a: Et Spiritus|spa|1\n|-boost|p2a: Et Spiritus|spd|1\n|move|p1a: :(|Crunch|p2a: Et Spiritus\n|-supereffective|p2a: Et Spiritus\n|-damage|p2a: Et Spiritus|0 fnt\n|faint|p2a: Et Spiritus\n|move|p2b: Et Filii|Toxic|p1a: :(\n|-status|p1a: :(|tox\n|\n|-weather|Sandstorm|[upkeep]\n|-damage|p1a: :(|94\/100 tox|[from] psn\n|-status|p1b: Clamper|tox|[from] item: Toxic Orb\n|upkeep\n|\n|t:|1700858198\n|switch|p2a: Patris|Buzzwole|100\/100\n|turn|2\n|\n|t:|1700858215\n|move|p1a: :(|Protect|p1a: :(\n|-singleturn|p1a: :(|Protect\n|move|p1b: Clamper|Earthquake|p2a: Patris|[spread] p2a,p2b\n|-activate|p1a: :(|move: Protect\n|-resisted|p2a: Patris\n|-supereffective|p2b: Et Filii\n|-damage|p2a: Patris|94\/100\n|-damage|p2b: Et Filii|75\/100\n|move|p2a: Patris|Close Combat|p1a: :(\n|-activate|p1a: :(|move: Protect\n|move|p2b: Et Filii|Stone Edge|p1b: Clamper\n|-damage|p1b: Clamper|69\/100 tox\n|\n|-weather|Sandstorm|[upkeep]\n|-damage|p2a: Patris|88\/100|[from] Sandstorm\n|-heal|p2b: Et Filii|81\/100|[from] item: Leftovers\n|-heal|p1b: Clamper|82\/100 tox|[from] ability: Poison Heal\n|-damage|p1a: :(|82\/100 tox|[from] psn\n|upkeep\n|turn|3\n|\n|t:|1700858260\n|move|p1b: Clamper|Toxic|p2a: Patris\n|-status|p2a: Patris|tox\n|move|p2a: Patris|Close Combat|p1a: :(\n|-supereffective|p1a: :(\n|-damage|p1a: :(|0 fnt\n|-unboost|p2a: Patris|def|1\n|-unboost|p2a: Patris|spd|1\n|faint|p1a: :(\n|-ability|p2a: Patris|Beast Boost|boost\n|-boost|p2a: Patris|def|1\n|move|p2b: Et Filii|Stone Edge|p1b: Clamper\n|-damage|p1b: Clamper|48\/100 tox\n|\n|-weather|Sandstorm|[upkeep]\n|-damage|p2a: Patris|82\/100 tox|[from] Sandstorm\n|-heal|p2b: Et Filii|88\/100|[from] item: Leftovers\n|-heal|p1b: Clamper|61\/100 tox|[from] ability: Poison Heal\n|-damage|p2a: Patris|76\/100 tox|[from] psn\n|upkeep\n|\n|t:|1700858280\n|switch|p1a: Iron Jugulis|Iron Jugulis|100\/100\n|-enditem|p1a: Iron Jugulis|Booster Energy\n|-activate|p1a: Iron Jugulis|ability: Quark Drive|[fromitem]\n|-start|p1a: Iron Jugulis|quarkdrivespe\n|turn|4\n|\n|t:|1700858304\n|move|p1a: Iron Jugulis|Air Slash|p2a: Patris\n|-supereffective|p2a: Patris\n|-damage|p2a: Patris|0 fnt\n|faint|p2a: Patris\n|move|p1b: Clamper|Toxic|p2b: Et Filii\n|-status|p2b: Et Filii|tox\n|move|p2b: Et Filii|Stone Edge|p1b: Clamper|[miss]\n|-miss|p2b: Et Filii|p1b: Clamper\n|\n|-weather|Sandstorm|[upkeep]\n|-damage|p1a: Iron Jugulis|94\/100|[from] Sandstorm\n|-heal|p2b: Et Filii|94\/100 tox|[from] item: Leftovers\n|-heal|p1b: Clamper|73\/100 tox|[from] ability: Poison Heal\n|-damage|p2b: Et Filii|88\/100 tox|[from] psn\n|upkeep\n|\n|t:|1700858322\n|switch|p2a: In Nomine|Alakazam, M|100\/100\n|turn|5\n|\n|t:|1700858343\n|move|p1a: Iron Jugulis|Dark Pulse|p2a: In Nomine\n|-supereffective|p2a: In Nomine\n|-damage|p2a: In Nomine|0 fnt\n|faint|p2a: In Nomine\n|move|p1b: Clamper|Spikes|p2b: Et Filii\n|-sidestart|p2: Holfrost|Spikes\n|move|p2b: Et Filii|Stone Edge|p1a: Iron Jugulis\n|-supereffective|p1a: Iron Jugulis\n|-damage|p1a: Iron Jugulis|0 fnt\n|faint|p1a: Iron Jugulis\n|-end|p1a: Iron Jugulis|Quark Drive|[silent]\n|\n|-weather|none\n|-heal|p2b: Et Filii|94\/100 tox|[from] item: Leftovers\n|-heal|p1b: Clamper|86\/100 tox|[from] ability: Poison Heal\n|-damage|p2b: Et Filii|81\/100 tox|[from] psn\n|upkeep\n|\n|t:|1700858359\n|switch|p2a: Sancti|Tyranitar, M|100\/100\n|switch|p1a: My Boy|Gallade, M|100\/100\n|-damage|p2a: Sancti|88\/100|[from] Spikes\n|-weather|Sandstorm|[from] ability: Sand Stream|[of] p2a: Sancti\n|turn|6\n|\n|t:|1700858387\n|detailschange|p2a: Sancti|Tyranitar-Mega, M\n|-mega|p2a: Sancti|Tyranitar|Tyranitarite\n|move|p1a: My Boy|Sacred Sword|p2a: Sancti\n|-supereffective|p2a: Sancti\n|-damage|p2a: Sancti|0 fnt\n|faint|p2a: Sancti\n|move|p1b: Clamper|Spikes|p2b: Et Filii\n|-sidestart|p2: Holfrost|Spikes\n|move|p2b: Et Filii|Stone Edge|p1b: Clamper|[miss]\n|-miss|p2b: Et Filii|p1b: Clamper\n|\n|-weather|Sandstorm|[upkeep]\n|-damage|p1a: My Boy|94\/100|[from] Sandstorm\n|-heal|p2b: Et Filii|88\/100 tox|[from] item: Leftovers\n|-heal|p1b: Clamper|98\/100 tox|[from] ability: Poison Heal\n|-damage|p2b: Et Filii|69\/100 tox|[from] psn\n|upkeep\n|\n|t:|1700858404\n|switch|p2a: A M E N|Houndstone, M|100\/100\n|-damage|p2a: A M E N|84\/100|[from] Spikes\n|turn|7\n|\n|t:|1700858417\n|-terastallize|p2a: A M E N|Ghost\n|move|p2a: A M E N|Last Respects|p1b: Clamper\n|-damage|p1b: Clamper|0 fnt\n|faint|p1b: Clamper\n|move|p1a: My Boy|Sacred Sword|p2b: Et Filii\n|-supereffective|p2b: Et Filii\n|-damage|p2b: Et Filii|0 fnt\n|faint|p2b: Et Filii\n|\n|-weather|Sandstorm|[upkeep]\n|-damage|p1a: My Boy|88\/100|[from] Sandstorm\n|upkeep\n|\n|t:|1700858428\n|switch|p1b: The Magic Man|Hoopa-Unbound|100\/100\n|turn|8\n|\n|t:|1700858439\n|switch|p1a: Dog|Lycanroc-Dusk, F|100\/100\n|move|p2a: A M E N|Last Respects|p1b: The Magic Man\n|-damage|p1b: The Magic Man|0 fnt\n|faint|p1b: The Magic Man\n|\n|-weather|Sandstorm|[upkeep]\n|upkeep\n|\n|t:|1700858446\n|switch|p1b: My Boy|Gallade, M|88\/100\n|turn|9\n|\n|t:|1700858468\n|move|p2a: A M E N|Last Respects|p1b: My Boy\n|-supereffective|p1b: My Boy\n|-damage|p1b: My Boy|0 fnt\n|faint|p1b: My Boy\n|-zpower|p1a: Dog\n|move|p1a: Dog|Splintered Stormshards|p2a: A M E N|[zeffect]\n|-damage|p2a: A M E N|0 fnt\n|faint|p2a: A M E N\n|\n|win|xephos223\n","uploadtime":1700858484,"views":1,"p1id":"xephos223","p2id":"holfrost","formatid":"gen9nationaldexdoubles","rating":0,"private":0,"password":""}