{"id":"gen9nationaldexdoubles-1990014254","p1":"Denvah_17","p2":"Inkubone","format":"[Gen 9] National Dex Doubles","log":"|j|\u2606Denvah_17\n|j|\u2606Inkubone\n|t:|1699915466\n|gametype|doubles\n|player|p1|Denvah_17|alder|1389\n|player|p2|Inkubone|yellow|1393\n|teamsize|p1|6\n|teamsize|p2|6\n|gen|9\n|tier|[Gen 9] National Dex Doubles\n|rated|\n|rule|HP Percentage Mod: HP is shown in percentages\n|rule|Endless Battle Clause: Forcing endless battles is banned\n|rule|OHKO Clause: OHKO moves are banned\n|rule|Evasion Moves Clause: Evasion moves are banned\n|rule|Evasion Abilities Clause: Evasion abilities are banned\n|rule|Species Clause: Limit one of each Pok\u00e9mon\n|rule|Gravity Sleep Clause: The combination of sleep-inducing moves with imperfect accuracy and Gravity or Gigantamax Orbeetle are banned\n|clearpoke\n|poke|p1|Porygon2|\n|poke|p1|Marowak-Alola, F|\n|poke|p1|Slowbro-Galar, M|\n|poke|p1|Parasect, M|\n|poke|p1|Rhyperior, M|\n|poke|p1|Zapdos|\n|poke|p2|Kingambit, M|\n|poke|p2|Bisharp, M|\n|poke|p2|Togetic, M|\n|poke|p2|Togekiss, F|\n|poke|p2|Sneasel, M|\n|poke|p2|Sneasler, F|\n|teampreview\n|l|\u2606Inkubone\n|player|p2|\n|j|\u2606Inkubone\n|player|p2|Inkubone|yellow\n|inactive|Battle timer is ON: inactive players will automatically lose when time's up. (requested by Denvah_17)\n|\n|t:|1699915483\n|start\n|switch|p1a: silph_sys.exe|Porygon2|100\/100\n|switch|p1b: Missingno|Parasect, M, shiny|100\/100\n|switch|p2a: Sneasel|Sneasel, M|100\/100\n|switch|p2b: Sneasler|Sneasler, F|100\/100\n|-ability|p1a: silph_sys.exe|Download|boost\n|-boost|p1a: silph_sys.exe|atk|1\n|turn|1\n|c|\u2606Inkubone|Hi again\n|\n|t:|1699915500\n|move|p2a: Sneasel|Fake Out|p1b: Missingno\n|-enditem|p2a: Sneasel|Normal Gem|[from] gem\n|-damage|p1b: Missingno|79\/100\n|move|p2b: Sneasler|Acrobatics|p1b: Missingno\n|-supereffective|p1b: Missingno\n|-damage|p1b: Missingno|0 fnt\n|faint|p1b: Missingno\n|move|p1a: silph_sys.exe|Trick Room|p1a: silph_sys.exe\n|-fieldstart|move: Trick Room|[of] p1a: silph_sys.exe\n|\n|upkeep\n|inactive|Denvah_17 has 120 seconds left.\n|\n|t:|1699915524\n|switch|p1b: Lavender Townie|Marowak-Alola, F, shiny|100\/100\n|turn|2\n|\n|t:|1699915547\n|switch|p2a: Togetic|Togetic, M|100\/100\n|move|p1b: Lavender Townie|Bonemerang|p2b: Sneasler\n|-supereffective|p2b: Sneasler\n|-damage|p2b: Sneasler|13\/100\n|-supereffective|p2b: Sneasler\n|-damage|p2b: Sneasler|0 fnt\n|faint|p2b: Sneasler\n|-hitcount|p2: Sneasler|2\n|move|p1a: silph_sys.exe|Tri Attack|p2a: Togetic\n|-damage|p2a: Togetic|80\/100\n|\n|upkeep\n|\n|t:|1699915566\n|switch|p2b: Bisharp|Bisharp, M, shiny|100\/100\n|turn|3\n|\n|t:|1699915582\n|-terastallize|p2b: Bisharp|Flying\n|move|p2b: Bisharp|Sucker Punch|p1b: Lavender Townie\n|-supereffective|p1b: Lavender Townie\n|-damage|p1b: Lavender Townie|24\/100\n|move|p1b: Lavender Townie|Submission|p2b: Bisharp\n|-resisted|p2b: Bisharp\n|-damage|p2b: Bisharp|86\/100\n|move|p1a: silph_sys.exe|Ice Beam|p2a: Togetic\n|-supereffective|p2a: Togetic\n|-crit|p2a: Togetic\n|-damage|p2a: Togetic|34\/100\n|move|p2a: Togetic|Yawn|p1a: silph_sys.exe\n|-start|p1a: silph_sys.exe|move: Yawn|[of] p2a: Togetic\n|\n|upkeep\n|turn|4\n|\n|t:|1699915608\n|switch|p1a: Power Plant Prince|Zapdos, shiny|100\/100\n|switch|p2a: Sneasel|Sneasel, M|100\/100\n|move|p2b: Bisharp|Sucker Punch|p1b: Lavender Townie\n|-supereffective|p1b: Lavender Townie\n|-damage|p1b: Lavender Townie|0 fnt\n|faint|p1b: Lavender Townie\n|\n|upkeep\n|\n|t:|1699915619\n|switch|p1b: Giovanni|Rhyperior, M, shiny|100\/100\n|turn|5\n|\n|t:|1699915645\n|move|p2a: Sneasel|Fake Out|p1b: Giovanni\n|-resisted|p1b: Giovanni\n|-damage|p1b: Giovanni|96\/100\n|cant|p1b: Giovanni|flinch\n|move|p2b: Bisharp|Iron Head|p1b: Giovanni\n|-supereffective|p1b: Giovanni\n|-damage|p1b: Giovanni|48\/100\n|move|p1a: Power Plant Prince|Heat Wave|p2b: Bisharp|[spread] p2a,p2b\n|-supereffective|p2a: Sneasel\n|-crit|p2a: Sneasel\n|-damage|p2a: Sneasel|0 fnt\n|-damage|p2b: Bisharp|61\/100\n|-status|p2b: Bisharp|brn\n|faint|p2a: Sneasel\n|\n|-damage|p2b: Bisharp|55\/100 brn|[from] brn\n|-fieldend|move: Trick Room\n|upkeep\n|inactive|Inkubone has 120 seconds left.\n|\n|t:|1699915665\n|switch|p2a: Togekiss|Togekiss, F|100\/100\n|turn|6\n|\n|t:|1699915673\n|-terastallize|p1a: Power Plant Prince|Electric\n|move|p1a: Power Plant Prince|Discharge|p2b: Bisharp|[spread] p2a,p2b\n|-immune|p1b: Giovanni\n|-supereffective|p2a: Togekiss\n|-supereffective|p2b: Bisharp\n|-damage|p2a: Togekiss|29\/100\n|-damage|p2b: Bisharp|0 fnt\n|-status|p2a: Togekiss|par\n|faint|p2b: Bisharp\n|move|p2a: Togekiss|Dazzling Gleam|p1b: Giovanni|[spread] p1a,p1b\n|-crit|p1b: Giovanni\n|-damage|p1a: Power Plant Prince|68\/100\n|-damage|p1b: Giovanni|10\/100\n|move|p1b: Giovanni|Rock Slide|p2a: Togekiss\n|-supereffective|p2a: Togekiss\n|-damage|p2a: Togekiss|0 fnt\n|faint|p2a: Togekiss\n|\n|upkeep\n|\n|t:|1699915680\n|switch|p2a: Kingambit|Kingambit, M, shiny|100\/100\n|switch|p2b: Togetic|Togetic, M|34\/100\n|-activate|p2a: Kingambit|ability: Supreme Overlord\n|-start|p2a: Kingambit|fallen4|[silent]\n|turn|7\n|\n|t:|1699915696\n|move|p2a: Kingambit|Sucker Punch|p1a: Power Plant Prince\n|-damage|p1a: Power Plant Prince|0 fnt\n|-damage|p2a: Kingambit|84\/100|[from] item: Rocky Helmet|[of] p1a: Power Plant Prince\n|faint|p1a: Power Plant Prince\n|move|p2b: Togetic|Draining Kiss|p1b: Giovanni\n|-damage|p1b: Giovanni|0 fnt\n|-heal|p2b: Togetic|43\/100|[from] drain|[of] p1b: Giovanni\n|faint|p1b: Giovanni\n|\n|upkeep\n|\n|t:|1699915699\n|switch|p1a: silph_sys.exe|Porygon2|100\/100\n|switch|p1b: Amnesiac|Slowbro-Galar, M, shiny|100\/100\n|-ability|p1a: silph_sys.exe|Download|boost\n|-boost|p1a: silph_sys.exe|spa|1\n|turn|8\n|\n|t:|1699915729\n|detailschange|p1b: Amnesiac|Slowbro-Mega, M, shiny\n|-mega|p1b: Amnesiac|Slowbro|Slowbronite\n|move|p2a: Kingambit|Knock Off|p1b: Amnesiac\n|-supereffective|p1b: Amnesiac\n|-damage|p1b: Amnesiac|30\/100\n|move|p2b: Togetic|Yawn|p1a: silph_sys.exe\n|-start|p1a: silph_sys.exe|move: Yawn|[of] p2b: Togetic\n|move|p1a: silph_sys.exe|Ice Beam|p2b: Togetic\n|-supereffective|p2b: Togetic\n|-damage|p2b: Togetic|0 fnt\n|faint|p2b: Togetic\n|move|p1b: Amnesiac|Scald|p2a: Kingambit\n|-damage|p2a: Kingambit|37\/100\n|-status|p2a: Kingambit|brn\n|\n|-damage|p2a: Kingambit|31\/100 brn|[from] brn\n|upkeep\n|turn|9\n|inactive|Denvah_17 has 120 seconds left.\n|\n|t:|1699915759\n|move|p2a: Kingambit|Knock Off|p1b: Amnesiac\n|-supereffective|p1b: Amnesiac\n|-damage|p1b: Amnesiac|0 fnt\n|faint|p1b: Amnesiac\n|move|p1a: silph_sys.exe|Trick Room|p1a: silph_sys.exe\n|-fieldstart|move: Trick Room|[of] p1a: silph_sys.exe\n|\n|-damage|p2a: Kingambit|25\/100 brn|[from] brn\n|-end|p1a: silph_sys.exe|move: Yawn|[silent]\n|-status|p1a: silph_sys.exe|slp\n|upkeep\n|turn|10\n|\n|t:|1699915768\n|cant|p1a: silph_sys.exe|slp\n|move|p2a: Kingambit|Power-Up Punch|p1a: silph_sys.exe\n|-supereffective|p1a: silph_sys.exe\n|-damage|p1a: silph_sys.exe|89\/100 slp\n|-boost|p2a: Kingambit|atk|1\n|\n|-damage|p2a: Kingambit|18\/100 brn|[from] brn\n|upkeep\n|turn|11\n|\n|t:|1699915773\n|cant|p1a: silph_sys.exe|slp\n|move|p2a: Kingambit|Knock Off|p1a: silph_sys.exe\n|-damage|p1a: silph_sys.exe|45\/100 slp\n|-enditem|p1a: silph_sys.exe|Eviolite|[from] move: Knock Off|[of] p2a: Kingambit\n|\n|-damage|p2a: Kingambit|12\/100 brn|[from] brn\n|upkeep\n|turn|12\n|\n|t:|1699915782\n|cant|p1a: silph_sys.exe|slp\n|move|p2a: Kingambit|Power-Up Punch|p1a: silph_sys.exe\n|-supereffective|p1a: silph_sys.exe\n|-damage|p1a: silph_sys.exe|17\/100 slp\n|-boost|p2a: Kingambit|atk|1\n|\n|-damage|p2a: Kingambit|6\/100 brn|[from] brn\n|upkeep\n|turn|13\n|\n|t:|1699915801\n|move|p2a: Kingambit|Sucker Punch||[still]\n|-fail|p2a: Kingambit\n|-curestatus|p1a: silph_sys.exe|slp|[msg]\n|move|p1a: silph_sys.exe|Recover|p1a: silph_sys.exe\n|-heal|p1a: silph_sys.exe|67\/100\n|\n|-damage|p2a: Kingambit|0 fnt|[from] brn\n|faint|p2a: Kingambit\n|-end|p2a: Kingambit|fallen4|[silent]\n|\n|win|Denvah_17\n|upkeep\n|raw|Denvah_17's rating: 1389 &rarr; <strong>1409<\/strong><br \/>(+20 for winning)\n|raw|Inkubone's rating: 1393 &rarr; <strong>1373<\/strong><br \/>(-20 for losing)\n|c|\u2606Inkubone|Gg\n|c|\u2606Denvah_17|GG\n","uploadtime":1699915815,"views":5,"p1id":"denvah17","p2id":"inkubone","formatid":"gen9nationaldexdoubles","rating":1373,"private":0,"password":""}