{"id":"gen9nationaldexdoubles-1988036532","p1":"xephos223","p2":"DoomedTaurus","format":"[Gen 9] National Dex Doubles","log":"|j|\u2606xephos223\n|j|\u2606DoomedTaurus\n|t:|1699661828\n|gametype|doubles\n|player|p1|xephos223|gambler|\n|player|p2|DoomedTaurus|steven|\n|teamsize|p1|6\n|teamsize|p2|6\n|gen|9\n|tier|[Gen 9] National Dex Doubles\n|rule|HP Percentage Mod: HP is shown in percentages\n|rule|Endless Battle Clause: Forcing endless battles is banned\n|rule|OHKO Clause: OHKO moves are banned\n|rule|Evasion Moves Clause: Evasion moves are banned\n|rule|Evasion Abilities Clause: Evasion abilities are banned\n|rule|Species Clause: Limit one of each Pok\u00e9mon\n|rule|Gravity Sleep Clause: The combination of sleep-inducing moves with imperfect accuracy and Gravity or Gigantamax Orbeetle are banned\n|clearpoke\n|poke|p1|Gallade, M|\n|poke|p1|Ceruledge, M|\n|poke|p1|Iron Moth|\n|poke|p1|Raichu-Alola, M|\n|poke|p1|Decidueye, M|\n|poke|p1|Toxapex, F|\n|poke|p2|Keldeo-Resolute|\n|poke|p2|Gyarados, M|\n|poke|p2|Cloyster, M|\n|poke|p2|Ludicolo, F|\n|poke|p2|Slowking, M|\n|poke|p2|Wailord, F|\n|teampreview\n|\n|t:|1699661840\n|start\n|switch|p1a: Iron Moth|Iron Moth|100\/100\n|switch|p1b: Ceruledge|Ceruledge, M, shiny|100\/100\n|switch|p2a: Ludicolo|Ludicolo, F|100\/100\n|switch|p2b: Keldeo|Keldeo-Resolute|100\/100\n|-enditem|p1a: Iron Moth|Booster Energy\n|-activate|p1a: Iron Moth|ability: Quark Drive|[fromitem]\n|-start|p1a: Iron Moth|quarkdrivespa\n|turn|1\n|\n|t:|1699661857\n|-terastallize|p1b: Ceruledge|Grass\n|move|p1a: Iron Moth|Sunny Day|p1a: Iron Moth\n|-weather|SunnyDay\n|move|p2b: Keldeo|Hydro Pump|p1b: Ceruledge\n|-resisted|p1b: Ceruledge\n|-damage|p1b: Ceruledge|76\/100\n|move|p1b: Ceruledge|Solar Blade||[still]\n|-prepare|p1b: Ceruledge|Solar Blade\n|-anim|p1b: Ceruledge|Solar Blade|p2a: Ludicolo\n|-damage|p2a: Ludicolo|7\/100\n|move|p2a: Ludicolo|Rain Dance|p2a: Ludicolo\n|-weather|RainDance\n|\n|-weather|RainDance|[upkeep]\n|upkeep\n|turn|2\n|\n|t:|1699661892\n|-terastallize|p2b: Keldeo|Steel\n|move|p2a: Ludicolo|Ice Beam|p1b: Ceruledge\n|-supereffective|p1b: Ceruledge\n|-damage|p1b: Ceruledge|22\/100\n|move|p1a: Iron Moth|Sunny Day|p1a: Iron Moth\n|-weather|SunnyDay\n|move|p2b: Keldeo|Hydro Pump|p1a: Iron Moth|[miss]\n|-miss|p2b: Keldeo|p1a: Iron Moth\n|move|p1b: Ceruledge|Solar Blade||[still]\n|-prepare|p1b: Ceruledge|Solar Blade\n|-anim|p1b: Ceruledge|Solar Blade|p2b: Keldeo\n|-resisted|p2b: Keldeo\n|-damage|p2b: Keldeo|62\/100\n|\n|-weather|SunnyDay|[upkeep]\n|upkeep\n|turn|3\n|\n|t:|1699661915\n|move|p1a: Iron Moth|Bug Buzz|p2a: Ludicolo\n|-supereffective|p2a: Ludicolo\n|-damage|p2a: Ludicolo|0 fnt\n|faint|p2a: Ludicolo\n|move|p2b: Keldeo|Hydro Pump|p1b: Ceruledge|[miss]\n|-miss|p2b: Keldeo|p1b: Ceruledge\n|move|p1b: Ceruledge|Bitter Blade|p2b: Keldeo\n|-supereffective|p2b: Keldeo\n|-damage|p2b: Keldeo|0 fnt\n|-heal|p1b: Ceruledge|57\/100|[from] drain|[of] p2b: Keldeo\n|faint|p2b: Keldeo\n|\n|-weather|SunnyDay|[upkeep]\n|upkeep\n|\n|t:|1699661933\n|switch|p2b: Cloyster|Cloyster, M|100\/100\n|switch|p2a: Gyarados|Gyarados, M|100\/100\n|turn|4\n|\n|t:|1699661952\n|detailschange|p2a: Gyarados|Gyarados-Mega, M\n|-mega|p2a: Gyarados|Gyarados|Gyaradosite\n|-ability|p2a: Gyarados|Mold Breaker\n|move|p1a: Iron Moth|Electric Terrain|p1a: Iron Moth\n|-fieldstart|move: Electric Terrain\n|move|p1b: Ceruledge|Bitter Blade|p2b: Cloyster\n|-damage|p2b: Cloyster|39\/100\n|-heal|p1b: Ceruledge|82\/100|[from] drain|[of] p2b: Cloyster\n|move|p2a: Gyarados|Waterfall|p1a: Iron Moth\n|-supereffective|p1a: Iron Moth\n|-damage|p1a: Iron Moth|24\/100\n|move|p2b: Cloyster|Icicle Spear|p1b: Ceruledge\n|-supereffective|p1b: Ceruledge\n|-damage|p1b: Ceruledge|52\/100\n|-ability|p1b: Ceruledge|Weak Armor|boost\n|-unboost|p1b: Ceruledge|def|1\n|-boost|p1b: Ceruledge|spe|2\n|-supereffective|p1b: Ceruledge\n|-damage|p1b: Ceruledge|8\/100\n|-ability|p1b: Ceruledge|Weak Armor|boost\n|-unboost|p1b: Ceruledge|def|1\n|-boost|p1b: Ceruledge|spe|2\n|-supereffective|p1b: Ceruledge\n|-damage|p1b: Ceruledge|0 fnt\n|faint|p1b: Ceruledge\n|-hitcount|p1: Ceruledge|3\n|\n|-weather|SunnyDay|[upkeep]\n|upkeep\n|\n|t:|1699661974\n|switch|p1b: Raichu|Raichu-Alola, M|100\/100\n|turn|5\n|\n|t:|1699661985\n|move|p1b: Raichu|Rising Voltage|p2a: Gyarados\n|-hint|Rising Voltage's BP doubled on grounded target.\n|-supereffective|p2a: Gyarados\n|-damage|p2a: Gyarados|0 fnt\n|faint|p2a: Gyarados\n|move|p1a: Iron Moth|Fiery Dance|p2b: Cloyster\n|-damage|p2b: Cloyster|0 fnt\n|faint|p2b: Cloyster\n|\n|-weather|SunnyDay|[upkeep]\n|upkeep\n|\n|t:|1699661995\n|switch|p2a: Slowking|Slowking, M|100\/100\n|switch|p2b: Wailord|Wailord, F|100\/100\n|-ability|p2b: Wailord|Pressure\n|turn|6\n|\n|t:|1699662013\n|move|p1b: Raichu|Rising Voltage|p2b: Wailord\n|-hint|Rising Voltage's BP doubled on grounded target.\n|-supereffective|p2b: Wailord\n|-damage|p2b: Wailord|0 fnt\n|faint|p2b: Wailord\n|move|p1a: Iron Moth|Bug Buzz|p2a: Slowking\n|-supereffective|p2a: Slowking\n|-damage|p2a: Slowking|36\/100\n|move|p2a: Slowking|Scald|p1a: Iron Moth\n|-supereffective|p1a: Iron Moth\n|-damage|p1a: Iron Moth|0 fnt\n|faint|p1a: Iron Moth\n|-end|p1a: Iron Moth|Quark Drive|[silent]\n|\n|-weather|none\n|upkeep\n|\n|t:|1699662024\n|switch|p1a: Decidueye|Decidueye, M|100\/100\n|turn|7\n|\n|t:|1699662029\n|move|p1b: Raichu|Rising Voltage|p2a: Slowking\n|-hint|Rising Voltage's BP doubled on grounded target.\n|-supereffective|p2a: Slowking\n|-damage|p2a: Slowking|0 fnt\n|faint|p2a: Slowking\n|\n|win|xephos223\n","uploadtime":1699662037,"views":7,"p1id":"xephos223","p2id":"doomedtaurus","formatid":"gen9nationaldexdoubles","rating":0,"private":0,"password":""}