{"id":"gen9nationaldexdoubles-1967027543","p1":"Green133","p2":"JKogut","format":"[Gen 9] National Dex Doubles","log":"|j|\u2606Green133\n|j|\u2606JKogut\n|t:|1697245823\n|gametype|doubles\n|player|p1|Green133|blue|\n|player|p2|JKogut|workerice|\n|teamsize|p1|6\n|teamsize|p2|6\n|gen|9\n|tier|[Gen 9] National Dex Doubles\n|rule|HP Percentage Mod: HP is shown in percentages\n|rule|Endless Battle Clause: Forcing endless battles is banned\n|rule|OHKO Clause: OHKO moves are banned\n|rule|Evasion Moves Clause: Evasion moves are banned\n|rule|Evasion Abilities Clause: Evasion abilities are banned\n|rule|Species Clause: Limit one of each Pok\u00e9mon\n|rule|Gravity Sleep Clause: The combination of sleep-inducing moves with imperfect accuracy and Gravity or Gigantamax Orbeetle are banned\n|clearpoke\n|poke|p1|Rillaboom, F|\n|poke|p1|Lucario, M|\n|poke|p1|Maushold-Four|\n|poke|p1|Ceruledge, M|\n|poke|p1|Torkoal, M|\n|poke|p1|Walking Wake|\n|poke|p2|Lickilicky, M|\n|poke|p2|Skeledirge, M|\n|poke|p2|Kommo-o, F|\n|poke|p2|Kilowattrel, F|\n|poke|p2|Cresselia, F|\n|poke|p2|Grimmsnarl, M|\n|teampreview\n|l|\u2606Green133\n|player|p1|\n|j|\u2606Green133\n|player|p1|Green133|blue\n|\n|t:|1697245946\n|start\n|switch|p1a: Clint Eastwood|Rillaboom, F|100\/100\n|switch|p1b: The Pretender|Lucario, M|100\/100\n|switch|p2a: Alopecia Barbie|Skeledirge, M, shiny|100\/100\n|switch|p2b: Groovy Barbie|Grimmsnarl, M, shiny|100\/100\n|-fieldstart|move: Grassy Terrain|[from] ability: Grassy Surge|[of] p1a: Clint Eastwood\n|turn|1\n|\n|t:|1697245970\n|switch|p2b: Curvy Barbie|Lickilicky, M|100\/100\n|-ability|p2b: Curvy Barbie|Cloud Nine\n|detailschange|p1b: The Pretender|Lucario-Mega, M\n|-mega|p1b: The Pretender|Lucario|Lucarionite\n|move|p1a: Clint Eastwood|Fake Out|p2b: Curvy Barbie\n|-damage|p2b: Curvy Barbie|91\/100\n|-damage|p1a: Clint Eastwood|84\/100|[from] item: Rocky Helmet|[of] p2b: Curvy Barbie\n|move|p1b: The Pretender|Bullet Punch|p2b: Curvy Barbie\n|-damage|p2b: Curvy Barbie|68\/100\n|-damage|p1b: The Pretender|84\/100|[from] item: Rocky Helmet|[of] p2b: Curvy Barbie\n|move|p2a: Alopecia Barbie|Torch Song|p1b: The Pretender\n|-supereffective|p1b: The Pretender\n|-damage|p1b: The Pretender|0 fnt\n|-boost|p2a: Alopecia Barbie|spa|1\n|faint|p1b: The Pretender\n|\n|-heal|p1a: Clint Eastwood|90\/100|[from] Grassy Terrain\n|-heal|p2b: Curvy Barbie|74\/100|[from] Grassy Terrain\n|upkeep\n|\n|t:|1697246034\n|switch|p1b: Chop Suey|Walking Wake|100\/100\n|turn|2\n|\n|t:|1697246076\n|move|p2a: Alopecia Barbie|Protect|p2a: Alopecia Barbie\n|-singleturn|p2a: Alopecia Barbie|Protect\n|move|p1a: Clint Eastwood|U-turn|p2a: Alopecia Barbie\n|-activate|p2a: Alopecia Barbie|move: Protect\n|move|p1b: Chop Suey|Roar|p2a: Alopecia Barbie\n|drag|p2a: Groovy Barbie|Grimmsnarl, M, shiny|100\/100\n|move|p2b: Curvy Barbie|Dragon Tail|p1b: Chop Suey\n|-supereffective|p1b: Chop Suey\n|-damage|p1b: Chop Suey|73\/100\n|-end|p1b: Chop Suey|Protosynthesis|[silent]\n|drag|p1b: Ohio is for Lovers|Maushold-Four|100\/100\n|\n|-heal|p1a: Clint Eastwood|96\/100|[from] Grassy Terrain\n|-heal|p2b: Curvy Barbie|80\/100|[from] Grassy Terrain\n|upkeep\n|turn|3\n|\n|t:|1697246115\n|move|p2a: Groovy Barbie|Reflect|p2a: Groovy Barbie\n|-sidestart|p2: JKogut|Reflect\n|move|p1b: Ohio is for Lovers|Encore|p2a: Groovy Barbie\n|-start|p2a: Groovy Barbie|Encore\n|move|p1a: Clint Eastwood|Knock Off|p2b: Curvy Barbie\n|-damage|p2b: Curvy Barbie|65\/100\n|-damage|p1a: Clint Eastwood|80\/100|[from] item: Rocky Helmet|[of] p2b: Curvy Barbie\n|-enditem|p2b: Curvy Barbie|Rocky Helmet|[from] move: Knock Off|[of] p1a: Clint Eastwood\n|move|p2b: Curvy Barbie|Icy Wind|p1b: Ohio is for Lovers|[spread] p1a,p1b\n|-supereffective|p1a: Clint Eastwood\n|-damage|p1a: Clint Eastwood|72\/100\n|-damage|p1b: Ohio is for Lovers|92\/100\n|-unboost|p1a: Clint Eastwood|spe|1\n|-unboost|p1b: Ohio is for Lovers|spe|1\n|\n|-heal|p1b: Ohio is for Lovers|98\/100|[from] Grassy Terrain\n|-heal|p1a: Clint Eastwood|78\/100|[from] Grassy Terrain\n|-heal|p2b: Curvy Barbie|71\/100|[from] Grassy Terrain\n|upkeep\n|turn|4\n|\n|t:|1697246173\n|switch|p2a: Alopecia Barbie|Skeledirge, M, shiny|100\/100\n|move|p1b: Ohio is for Lovers|U-turn|p2b: Curvy Barbie\n|-damage|p2b: Curvy Barbie|65\/100\n|\n|t:|1697246182\n|switch|p1b: The Ghost of You|Ceruledge, M|100\/100|[from] U-turn\n|move|p1a: Clint Eastwood|U-turn|p2b: Curvy Barbie\n|-damage|p2b: Curvy Barbie|55\/100\n|\n|t:|1697246197\n|switch|p1a: Chop Suey|Walking Wake|73\/100|[from] U-turn\n|move|p2b: Curvy Barbie|Steel Roller|p1b: The Ghost of You\n|-resisted|p1b: The Ghost of You\n|-damage|p1b: The Ghost of You|84\/100\n|-fieldend|move: Grassy Terrain\n|-ability|p1b: The Ghost of You|Weak Armor|boost\n|-unboost|p1b: The Ghost of You|def|1\n|-boost|p1b: The Ghost of You|spe|2\n|\n|upkeep\n|turn|5\n|\n|t:|1697246254\n|-terastallize|p1a: Chop Suey|Fairy\n|move|p1b: The Ghost of You|Protect|p1b: The Ghost of You\n|-singleturn|p1b: The Ghost of You|Protect\n|move|p2a: Alopecia Barbie|Protect|p2a: Alopecia Barbie\n|-singleturn|p2a: Alopecia Barbie|Protect\n|move|p1a: Chop Suey|Tera Blast|p2a: Alopecia Barbie|[anim] Tera Blast Fairy\n|-activate|p2a: Alopecia Barbie|move: Protect\n|move|p2b: Curvy Barbie|Dragon Tail|p1a: Chop Suey\n|-immune|p1a: Chop Suey\n|\n|upkeep\n|turn|6\n|\n|t:|1697246312\n|-terastallize|p2a: Alopecia Barbie|Water\n|move|p2b: Curvy Barbie|Helping Hand|p2a: Alopecia Barbie\n|-singleturn|p2a: Alopecia Barbie|Helping Hand|[of] p2b: Curvy Barbie\n|move|p1b: The Ghost of You|Bitter Blade|p2b: Curvy Barbie\n|-damage|p2b: Curvy Barbie|32\/100\n|-heal|p1b: The Ghost of You|99\/100|[from] drain|[of] p2b: Curvy Barbie\n|move|p1a: Chop Suey|Tera Blast|p2a: Alopecia Barbie|[anim] Tera Blast Fairy\n|-damage|p2a: Alopecia Barbie|67\/100\n|move|p2a: Alopecia Barbie|Torch Song|p1a: Chop Suey\n|-damage|p1a: Chop Suey|19\/100\n|-boost|p2a: Alopecia Barbie|spa|1\n|\n|-heal|p2a: Alopecia Barbie|73\/100|[from] item: Leftovers\n|upkeep\n|turn|7\n|\n|t:|1697246352\n|-end|p1a: Chop Suey|Protosynthesis|[silent]\n|switch|p1a: Pompeii|Torkoal, M|100\/100\n|-weather|SunnyDay|[from] ability: Drought|[of] p1a: Pompeii\n|move|p1b: The Ghost of You|Bitter Blade|p2b: Curvy Barbie\n|-damage|p2b: Curvy Barbie|12\/100\n|-heal|p1b: The Ghost of You|100\/100|[from] drain|[of] p2b: Curvy Barbie\n|move|p2a: Alopecia Barbie|Torch Song|p1a: Pompeii\n|-resisted|p1a: Pompeii\n|-damage|p1a: Pompeii|73\/100\n|-boost|p2a: Alopecia Barbie|spa|1\n|move|p2b: Curvy Barbie|Dragon Tail|p1b: The Ghost of You\n|-damage|p1b: The Ghost of You|77\/100\n|-ability|p1b: The Ghost of You|Weak Armor|boost\n|-unboost|p1b: The Ghost of You|def|1\n|-boost|p1b: The Ghost of You|spe|2\n|drag|p1b: Ohio is for Lovers|Maushold-Four|98\/100\n|\n|-weather|SunnyDay|[upkeep]\n|-heal|p2a: Alopecia Barbie|79\/100|[from] item: Leftovers\n|-heal|p1a: Pompeii|79\/100|[from] item: Leftovers\n|upkeep\n|turn|8\n|\n|t:|1697246407\n|switch|p1b: The Ghost of You|Ceruledge, M|77\/100\n|move|p2b: Curvy Barbie|Helping Hand|p2a: Alopecia Barbie\n|-singleturn|p2a: Alopecia Barbie|Helping Hand|[of] p2b: Curvy Barbie\n|move|p2a: Alopecia Barbie|Torch Song|p1b: The Ghost of You\n|-resisted|p1b: The Ghost of You\n|-damage|p1b: The Ghost of You|32\/100\n|-boost|p2a: Alopecia Barbie|spa|1\n|move|p1a: Pompeii|Heat Wave|p2a: Alopecia Barbie|[spread] p2a,p2b\n|-resisted|p2a: Alopecia Barbie\n|-damage|p2a: Alopecia Barbie|69\/100\n|-damage|p2b: Curvy Barbie|0 fnt\n|faint|p2b: Curvy Barbie\n|\n|-weather|SunnyDay|[upkeep]\n|-heal|p2a: Alopecia Barbie|75\/100|[from] item: Leftovers\n|-heal|p1a: Pompeii|85\/100|[from] item: Leftovers\n|upkeep\n|\n|t:|1697246460\n|switch|p2b: \"The Birds\" Barbie|Kilowattrel, F, shiny|100\/100\n|turn|9\n|\n|t:|1697246477\n|move|p1b: The Ghost of You|Protect|p1b: The Ghost of You\n|-singleturn|p1b: The Ghost of You|Protect\n|move|p2a: Alopecia Barbie|Protect|p2a: Alopecia Barbie\n|-singleturn|p2a: Alopecia Barbie|Protect\n|move|p2b: \"The Birds\" Barbie|Discharge|p1b: The Ghost of You|[spread] p1a\n|-activate|p2a: Alopecia Barbie|move: Protect\n|-activate|p1b: The Ghost of You|move: Protect\n|-damage|p1a: Pompeii|51\/100\n|-status|p1a: Pompeii|par\n|cant|p1a: Pompeii|par\n|\n|-weather|SunnyDay|[upkeep]\n|-heal|p2a: Alopecia Barbie|81\/100|[from] item: Leftovers\n|-heal|p1a: Pompeii|57\/100 par|[from] item: Leftovers\n|upkeep\n|turn|10\n|\n|t:|1697246510\n|switch|p2a: Pop Star Barbie|Kommo-o, F, shiny|100\/100\n|move|p1b: The Ghost of You|Shadow Sneak|p2b: \"The Birds\" Barbie\n|-damage|p2b: \"The Birds\" Barbie|74\/100\n|move|p2b: \"The Birds\" Barbie|Discharge|p1a: Pompeii|[spread] p2a,p1a,p1b\n|-resisted|p2a: Pop Star Barbie\n|-crit|p1a: Pompeii\n|-damage|p2a: Pop Star Barbie|92\/100\n|-damage|p1a: Pompeii|1\/100 par\n|-damage|p1b: The Ghost of You|0 fnt\n|faint|p1b: The Ghost of You\n|move|p1a: Pompeii|Heat Wave|p2a: Pop Star Barbie|[spread] p2a\n|-miss|p1a: Pompeii|p2b: \"The Birds\" Barbie\n|-resisted|p2a: Pop Star Barbie\n|-damage|p2a: Pop Star Barbie|80\/100\n|\n|-weather|SunnyDay|[upkeep]\n|-heal|p1a: Pompeii|7\/100 par|[from] item: Leftovers\n|-sideend|p2: JKogut|Reflect\n|upkeep\n|\n|t:|1697246530\n|switch|p1b: Chop Suey|Walking Wake, tera:Fairy|19\/100\n|-activate|p1b: Chop Suey|ability: Protosynthesis\n|-start|p1b: Chop Suey|protosynthesisspe\n|turn|11\n|\n|t:|1697246571\n|switch|p2a: Groovy Barbie|Grimmsnarl, M, shiny|100\/100\n|move|p2b: \"The Birds\" Barbie|Protect|p2b: \"The Birds\" Barbie\n|-singleturn|p2b: \"The Birds\" Barbie|Protect\n|move|p1b: Chop Suey|Tera Blast|p2a: Groovy Barbie|[anim] Tera Blast Fairy\n|-supereffective|p2a: Groovy Barbie\n|-damage|p2a: Groovy Barbie|26\/100\n|cant|p1a: Pompeii|par\n|\n|-weather|none\n|-end|p1b: Chop Suey|Protosynthesis\n|-heal|p1a: Pompeii|14\/100 par|[from] item: Leftovers\n|upkeep\n|turn|12\n|\n|t:|1697246627\n|-end|p1b: Chop Suey|Protosynthesis|[silent]\n|switch|p1b: Clint Eastwood|Rillaboom, F|78\/100\n|-fieldstart|move: Grassy Terrain|[from] ability: Grassy Surge|[of] p1b: Clint Eastwood\n|move|p2a: Groovy Barbie|Light Screen|p2a: Groovy Barbie\n|-sidestart|p2: JKogut|move: Light Screen\n|move|p2b: \"The Birds\" Barbie|Discharge|p1b: Clint Eastwood|[spread] p2a,p1a,p1b\n|-resisted|p1b: Clint Eastwood\n|-damage|p2a: Groovy Barbie|9\/100\n|-damage|p1a: Pompeii|0 fnt\n|-damage|p1b: Clint Eastwood|71\/100\n|-status|p2a: Groovy Barbie|par\n|-status|p1b: Clint Eastwood|par\n|faint|p1a: Pompeii\n|\n|-heal|p1b: Clint Eastwood|77\/100 par|[from] Grassy Terrain\n|-heal|p2a: Groovy Barbie|15\/100 par|[from] Grassy Terrain\n|upkeep\n|\n|t:|1697246651\n|switch|p1a: Ohio is for Lovers|Maushold-Four|98\/100\n|turn|13\n|j| Specific360\n|\n|t:|1697246670\n|move|p1b: Clint Eastwood|Fake Out|p2b: \"The Birds\" Barbie\n|-damage|p2b: \"The Birds\" Barbie|49\/100\n|move|p2a: Groovy Barbie|Reflect|p2a: Groovy Barbie\n|-sidestart|p2: JKogut|Reflect\n|cant|p2b: \"The Birds\" Barbie|flinch\n|move|p1a: Ohio is for Lovers|U-turn|p2a: Groovy Barbie\n|-damage|p2a: Groovy Barbie|8\/100 par\n|\n|t:|1697246680\n|switch|p1a: Chop Suey|Walking Wake, tera:Fairy|19\/100|[from] U-turn\n|\n|-heal|p1a: Chop Suey|25\/100|[from] Grassy Terrain\n|-heal|p1b: Clint Eastwood|83\/100 par|[from] Grassy Terrain\n|-heal|p2a: Groovy Barbie|14\/100 par|[from] Grassy Terrain\n|upkeep\n|turn|14\n|\n|t:|1697246703\n|-end|p1a: Chop Suey|Protosynthesis|[silent]\n|switch|p1a: Ohio is for Lovers|Maushold-Four|98\/100\n|move|p2b: \"The Birds\" Barbie|Air Cutter|p1b: Clint Eastwood|[spread] p1a,p1b\n|-supereffective|p1b: Clint Eastwood\n|-damage|p1a: Ohio is for Lovers|73\/100\n|-damage|p1b: Clint Eastwood|65\/100 par\n|cant|p1b: Clint Eastwood|par\n|cant|p2a: Groovy Barbie|par\n|\n|-heal|p1a: Ohio is for Lovers|79\/100|[from] Grassy Terrain\n|-heal|p1b: Clint Eastwood|71\/100 par|[from] Grassy Terrain\n|-heal|p2a: Groovy Barbie|20\/100 par|[from] Grassy Terrain\n|upkeep\n|turn|15\n|\n|t:|1697246744\n|move|p2b: \"The Birds\" Barbie|Air Cutter|p1a: Ohio is for Lovers|[spread] p1a\n|-miss|p2b: \"The Birds\" Barbie|p1b: Clint Eastwood\n|-damage|p1a: Ohio is for Lovers|54\/100\n|move|p1a: Ohio is for Lovers|Beat Up|p2b: \"The Birds\" Barbie\n|-damage|p2b: \"The Birds\" Barbie|46\/100\n|-damage|p2b: \"The Birds\" Barbie|44\/100\n|-hitcount|p2b: \"The Birds\" Barbie|2\n|move|p1b: Clint Eastwood|Knock Off|p2b: \"The Birds\" Barbie\n|-damage|p2b: \"The Birds\" Barbie|7\/100\n|-enditem|p2b: \"The Birds\" Barbie|Adrenaline Orb|[from] move: Knock Off|[of] p1b: Clint Eastwood\n|move|p2a: Groovy Barbie|Spirit Break|p1a: Ohio is for Lovers\n|-damage|p1a: Ohio is for Lovers|13\/100\n|-unboost|p1a: Ohio is for Lovers|spa|1\n|-damage|p2a: Groovy Barbie|3\/100 par|[from] item: Rocky Helmet|[of] p1a: Ohio is for Lovers\n|\n|-heal|p1a: Ohio is for Lovers|19\/100|[from] Grassy Terrain\n|-heal|p1b: Clint Eastwood|77\/100 par|[from] Grassy Terrain\n|-heal|p2a: Groovy Barbie|9\/100 par|[from] Grassy Terrain\n|upkeep\n|turn|16\n|\n|t:|1697246779\n|move|p1b: Clint Eastwood|Grassy Glide|p2b: \"The Birds\" Barbie\n|-resisted|p2b: \"The Birds\" Barbie\n|-damage|p2b: \"The Birds\" Barbie|0 fnt\n|faint|p2b: \"The Birds\" Barbie\n|move|p1a: Ohio is for Lovers|U-turn|p2a: Groovy Barbie\n|-damage|p2a: Groovy Barbie|2\/100 par\n|\n|t:|1697246786\n|switch|p1a: Chop Suey|Walking Wake, tera:Fairy|25\/100|[from] U-turn\n|move|p2a: Groovy Barbie|Spirit Break|p1b: Clint Eastwood\n|-damage|p1b: Clint Eastwood|51\/100 par\n|-unboost|p1b: Clint Eastwood|spa|1\n|\n|-heal|p1a: Chop Suey|31\/100|[from] Grassy Terrain\n|-heal|p1b: Clint Eastwood|57\/100 par|[from] Grassy Terrain\n|-heal|p2a: Groovy Barbie|8\/100 par|[from] Grassy Terrain\n|-fieldend|move: Grassy Terrain\n|upkeep\n|\n|t:|1697246804\n|switch|p2b: Alopecia Barbie|Skeledirge, M, shiny, tera:Water|81\/100\n|turn|17\n|\n|t:|1697246831\n|switch|p1b: Ohio is for Lovers|Maushold-Four|19\/100\n|move|p1a: Chop Suey|Dragon Pulse|p2b: Alopecia Barbie\n|-damage|p2b: Alopecia Barbie|57\/100\n|move|p2b: Alopecia Barbie|Torch Song|p1a: Chop Suey\n|-damage|p1a: Chop Suey|4\/100\n|-boost|p2b: Alopecia Barbie|spa|1\n|move|p2a: Groovy Barbie|Spirit Break|p1a: Chop Suey\n|-damage|p1a: Chop Suey|0 fnt\n|faint|p1a: Chop Suey\n|-end|p1a: Chop Suey|Protosynthesis|[silent]\n|\n|-heal|p2b: Alopecia Barbie|63\/100|[from] item: Leftovers\n|upkeep\n|\n|t:|1697246847\n|switch|p1a: Clint Eastwood|Rillaboom, F|57\/100 par\n|-fieldstart|move: Grassy Terrain|[from] ability: Grassy Surge|[of] p1a: Clint Eastwood\n|turn|18\n|\n|t:|1697246867\n|move|p2b: Alopecia Barbie|Protect|p2b: Alopecia Barbie\n|-singleturn|p2b: Alopecia Barbie|Protect\n|move|p1b: Ohio is for Lovers|Follow Me|p1b: Ohio is for Lovers\n|-singleturn|p1b: Ohio is for Lovers|move: Follow Me\n|move|p1a: Clint Eastwood|Grassy Glide|p2b: Alopecia Barbie\n|-activate|p2b: Alopecia Barbie|move: Protect\n|move|p2a: Groovy Barbie|Spirit Break|p1b: Ohio is for Lovers\n|-damage|p1b: Ohio is for Lovers|0 fnt\n|-damage|p2a: Groovy Barbie|0 fnt|[from] item: Rocky Helmet|[of] p1b: Ohio is for Lovers\n|faint|p1b: Ohio is for Lovers\n|faint|p2a: Groovy Barbie\n|\n|-heal|p2b: Alopecia Barbie|69\/100|[from] Grassy Terrain\n|-heal|p2b: Alopecia Barbie|75\/100|[from] item: Leftovers\n|-heal|p1a: Clint Eastwood|64\/100 par|[from] Grassy Terrain\n|upkeep\n|\n|t:|1697246889\n|switch|p2a: Pop Star Barbie|Kommo-o, F, shiny|80\/100\n|turn|19\n|\n|t:|1697246897\n|move|p1a: Clint Eastwood|Grassy Glide|p2b: Alopecia Barbie\n|-supereffective|p2b: Alopecia Barbie\n|-damage|p2b: Alopecia Barbie|36\/100\n|move|p2a: Pop Star Barbie|Breaking Swipe|p1a: Clint Eastwood\n|-damage|p1a: Clint Eastwood|43\/100 par\n|-unboost|p1a: Clint Eastwood|atk|1\n|move|p2b: Alopecia Barbie|Torch Song|p1a: Clint Eastwood\n|-supereffective|p1a: Clint Eastwood\n|-damage|p1a: Clint Eastwood|0 fnt\n|-boost|p2b: Alopecia Barbie|spa|1\n|faint|p1a: Clint Eastwood\n|\n|win|JKogut\n","uploadtime":1697246913,"views":10,"p1id":"green133","p2id":"jkogut","formatid":"gen9nationaldexdoubles","rating":0,"private":0,"password":""}