{"id":"gen9nationaldexdoubles-1969160032","p1":"ShrimplyOrange","p2":"Smudge","format":"[Gen 9] National Dex Doubles","log":"|j|\u2606ShrimplyOrange\n|j|\u2606Smudge\n|t:|1697495591\n|gametype|doubles\n|player|p1|ShrimplyOrange|ltsurge|\n|player|p2|Smudge|#dwcopiii|\n|teamsize|p1|6\n|teamsize|p2|6\n|gen|9\n|tier|[Gen 9] National Dex Doubles\n|rated|Tournament battle\n|rule|HP Percentage Mod: HP is shown in percentages\n|rule|Endless Battle Clause: Forcing endless battles is banned\n|rule|OHKO Clause: OHKO moves are banned\n|rule|Evasion Moves Clause: Evasion moves are banned\n|rule|Evasion Abilities Clause: Evasion abilities are banned\n|rule|Species Clause: Limit one of each Pok\u00e9mon\n|rule|Gravity Sleep Clause: The combination of sleep-inducing moves with imperfect accuracy and Gravity or Gigantamax Orbeetle are banned\n|clearpoke\n|poke|p1|Chien-Pao|\n|poke|p1|Rayquaza|\n|poke|p1|Whimsicott, M|\n|poke|p1|Urshifu-*, F|\n|poke|p1|Zacian-*|\n|poke|p1|Calyrex-Shadow|\n|poke|p2|Arceus|\n|poke|p2|Zygarde|\n|poke|p2|Necrozma-Dusk-Mane|\n|poke|p2|Groudon|\n|poke|p2|Grimmsnarl, M|\n|poke|p2|Xerneas-*|\n|teampreview\n|inactive|Battle timer is ON: inactive players will automatically lose when time's up. (requested by Smudge)\n|j| SquidSpring\n|c|\u2606ShrimplyOrange|thanks for the tour btw smudge\n|c|\u2606Smudge|sure\n|c|\u2606Smudge|dubers is  my favorite format\n|inactive|ShrimplyOrange has 120 seconds left.\n|inactive|Smudge has 120 seconds left.\n|c| SquidSpring|it\u2019s very fun\n|c|\u2606ShrimplyOrange|It's a format for sure lol, I forget about a lot of the mons so it makes things interesting for sure\n|j| Ban Miraidon\n|l| Ban Miraidon\n|inactive|Smudge has 90 seconds left.\n|\n|t:|1697495653\n|start\n|switch|p1a: Whimsicott|Whimsicott, M, shiny|100\/100\n|switch|p1b: Healthy Meta|Urshifu-Rapid-Strike, F|100\/100\n|switch|p2a: Arceus|Arceus|100\/100\n|switch|p2b: Grimmsnarl|Grimmsnarl, M|100\/100\n|turn|1\n|inactive|ShrimplyOrange has 120 seconds left.\n|inactive|Smudge has 120 seconds left.\n|\n|t:|1697495686\n|-terastallize|p2a: Arceus|Ghost\n|move|p1b: Healthy Meta|Detect|p1b: Healthy Meta\n|-singleturn|p1b: Healthy Meta|Protect\n|move|p2b: Grimmsnarl|Fake Out|p1b: Healthy Meta\n|-activate|p1b: Healthy Meta|move: Protect\n|move|p1a: Whimsicott|Tailwind|p1a: Whimsicott\n|-sidestart|p1: ShrimplyOrange|move: Tailwind\n|move|p2a: Arceus|Swords Dance|p2a: Arceus\n|-boost|p2a: Arceus|atk|2\n|\n|upkeep\n|turn|2\n|\n|t:|1697495704\n|switch|p1b: Calyrex|Calyrex-Shadow|100\/100\n|-ability|p1b: Calyrex|As One\n|-ability|p1b: Calyrex|Unnerve\n|-terastallize|p1a: Whimsicott|Ghost\n|move|p2a: Arceus|Extreme Speed|p1a: Whimsicott\n|-immune|p1a: Whimsicott\n|move|p1a: Whimsicott|Encore|p2a: Arceus\n|-start|p2a: Arceus|Encore\n|move|p2b: Grimmsnarl|Parting Shot|p1b: Calyrex\n|-unboost|p1b: Calyrex|atk|1\n|-unboost|p1b: Calyrex|spa|1\n|inactive|Smudge has 120 seconds left.\n|\n|t:|1697495722\n|switch|p2b: Xerneas|Xerneas, shiny|100\/100|[from] Parting Shot\n|-ability|p2b: Xerneas|Fairy Aura\n|\n|upkeep\n|turn|3\n|\n|t:|1697495739\n|switch|p2a: Groudon|Groudon|100\/100\n|detailschange|p2a: Groudon|Groudon-Primal\n|-primal|p2a: Groudon|Red Orb\n|-weather|DesolateLand|[from] ability: Desolate Land|[of] p2a: Groudon\n|move|p1a: Whimsicott|Taunt|p2b: Xerneas\n|-start|p2b: Xerneas|move: Taunt\n|move|p1b: Calyrex|Astral Barrage|p2b: Xerneas|[spread] p2a,p2b\n|-damage|p2a: Groudon|70\/100\n|-damage|p2b: Xerneas|65\/100\n|move|p2b: Xerneas|Dazzling Gleam|p1b: Calyrex|[spread] p1a,p1b\n|-damage|p1a: Whimsicott|44\/100\n|-damage|p1b: Calyrex|54\/100\n|\n|-weather|DesolateLand|[upkeep]\n|upkeep\n|turn|4\n|\n|t:|1697495765\n|switch|p1a: Rayquaza|Rayquaza|100\/100\n|-ability|p1a: Rayquaza|Air Lock\n|switch|p2b: Arceus|Arceus, tera:Ghost|100\/100\n|move|p1b: Calyrex|Astral Barrage|p2b: Arceus|[spread] p2a,p2b\n|-supereffective|p2b: Arceus\n|-damage|p2a: Groudon|43\/100\n|-damage|p2b: Arceus|53\/100\n|move|p2a: Groudon|Precipice Blades|p1b: Calyrex|[spread] p1b\n|-immune|p1a: Rayquaza\n|-damage|p1b: Calyrex|0 fnt\n|faint|p1b: Calyrex\n|\n|-weather|DesolateLand|[upkeep]\n|-sideend|p1: ShrimplyOrange|move: Tailwind\n|upkeep\n|inactive|ShrimplyOrange has 120 seconds left.\n|\n|t:|1697495791\n|switch|p1b: Healthy Meta|Urshifu-Rapid-Strike, F|100\/100\n|turn|5\n|inactive|ShrimplyOrange has 120 seconds left.\n|j| noone0001\n|\n|t:|1697495815\n|-weather|none\n|switch|p2a: Necrozma|Necrozma-Dusk-Mane|100\/100\n|detailschange|p1a: Rayquaza|Rayquaza-Mega\n|-weather|DeltaStream|[from] ability: Delta Stream|[of] p1a: Rayquaza\n|move|p2b: Arceus|Swords Dance|p2b: Arceus\n|-boost|p2b: Arceus|atk|2\n|move|p1a: Rayquaza|Dragon Ascent|p2b: Arceus\n|-damage|p2b: Arceus|0 fnt\n|-unboost|p1a: Rayquaza|def|1\n|-unboost|p1a: Rayquaza|spd|1\n|faint|p2b: Arceus\n|move|p1b: Healthy Meta|Surging Strikes|p2a: Necrozma\n|-crit|p2a: Necrozma\n|-damage|p2a: Necrozma|79\/100\n|-crit|p2a: Necrozma\n|-damage|p2a: Necrozma|57\/100\n|-crit|p2a: Necrozma\n|-damage|p2a: Necrozma|35\/100\n|-hitcount|p2a: Necrozma|3\n|\n|-weather|DeltaStream|[upkeep]\n|upkeep\n|l| noone0001\n|inactive|Smudge has 120 seconds left.\n|\n|t:|1697495839\n|switch|p2b: Xerneas|Xerneas, shiny|65\/100\n|-ability|p2b: Xerneas|Fairy Aura\n|turn|6\n|\n|t:|1697495854\n|detailschange|p2a: Necrozma|Necrozma-Ultra\n|-burst|p2a: Necrozma|Necrozma|Ultranecrozium Z\n|move|p2a: Necrozma|Photon Geyser|p1b: Healthy Meta\n|-supereffective|p1b: Healthy Meta\n|-damage|p1b: Healthy Meta|0 fnt\n|faint|p1b: Healthy Meta\n|move|p2b: Xerneas|Geomancy||[still]\n|-prepare|p2b: Xerneas|Geomancy\n|-enditem|p2b: Xerneas|Power Herb\n|-anim|p2b: Xerneas|Geomancy|p2b: Xerneas\n|-boost|p2b: Xerneas|spa|2\n|-boost|p2b: Xerneas|spd|2\n|-boost|p2b: Xerneas|spe|2\n|move|p1a: Rayquaza|Dragon Ascent|p2b: Xerneas\n|-damage|p2b: Xerneas|0 fnt\n|-unboost|p1a: Rayquaza|def|1\n|-unboost|p1a: Rayquaza|spd|1\n|faint|p2b: Xerneas\n|\n|-weather|DeltaStream|[upkeep]\n|upkeep\n|j| Eragon11145\n|\n|t:|1697495873\n|switch|p2b: Grimmsnarl|Grimmsnarl, M|100\/100\n|switch|p1b: Danger Noodle|Chien-Pao|100\/100\n|-ability|p1b: Danger Noodle|Sword of Ruin\n|turn|7\n|j| NinjaSnapple\n|\n|t:|1697495883\n|move|p2b: Grimmsnarl|Fake Out|p1a: Rayquaza\n|-damage|p1a: Rayquaza|75\/100\n|move|p1b: Danger Noodle|Ice Spinner|p2a: Necrozma\n|-supereffective|p2a: Necrozma\n|-damage|p2a: Necrozma|0 fnt\n|faint|p2a: Necrozma\n|cant|p1a: Rayquaza|flinch\n|\n|-weather|DeltaStream|[upkeep]\n|upkeep\n|\n|t:|1697495889\n|switch|p2a: Zygarde|Zygarde|100\/100\n|turn|8\n|c| Eragon11145|took 25 from fake out\n|c| Eragon11145|safe for nd dou\n|c|\u2606ShrimplyOrange|ignore that it was -2, totally irrelevant\n|\n|t:|1697495914\n|-weather|none\n|switch|p1a: Whimsicott|Whimsicott, M, shiny, tera:Ghost|44\/100\n|move|p2b: Grimmsnarl|Reflect|p2b: Grimmsnarl\n|-sidestart|p2: Smudge|Reflect\n|move|p1b: Danger Noodle|Ice Spinner|p2a: Zygarde\n|-supereffective|p2a: Zygarde\n|-damage|p2a: Zygarde|0 fnt\n|faint|p2a: Zygarde\n|\n|upkeep\n|c|\u2606Smudge|lmfao\n|c|\u2606ShrimplyOrange|source: trust me bro\n|\n|t:|1697495922\n|switch|p2a: Groudon|Groudon-Primal|43\/100\n|-weather|DesolateLand|[from] ability: Desolate Land|[of] p2a: Groudon\n|turn|9\n|\n|t:|1697495935\n|move|p1b: Danger Noodle|Protect|p1b: Danger Noodle\n|-singleturn|p1b: Danger Noodle|Protect\n|move|p1a: Whimsicott|Tailwind|p1a: Whimsicott\n|-sidestart|p1: ShrimplyOrange|move: Tailwind\n|move|p2b: Grimmsnarl|Light Screen|p2b: Grimmsnarl\n|-sidestart|p2: Smudge|move: Light Screen\n|move|p2a: Groudon|Precipice Blades|p1a: Whimsicott|[spread] p1a\n|-activate|p1b: Danger Noodle|move: Protect\n|-damage|p1a: Whimsicott|0 fnt\n|faint|p1a: Whimsicott\n|\n|-weather|DesolateLand|[upkeep]\n|upkeep\n|\n|t:|1697495941\n|switch|p1a: Zacian|Zacian-Crowned, shiny|100\/100\n|-ability|p1a: Zacian|Intrepid Sword|boost\n|-boost|p1a: Zacian|atk|1\n|turn|10\n|\n|t:|1697495951\n|move|p2b: Grimmsnarl|Parting Shot|p1a: Zacian\n|-unboost|p1a: Zacian|atk|1\n|-unboost|p1a: Zacian|spa|1\n|move|p1b: Danger Noodle|Ice Spinner|p2a: Groudon\n|-damage|p2a: Groudon|24\/100\n|move|p1a: Zacian|Behemoth Blade|p2a: Groudon\n|-resisted|p2a: Groudon\n|-damage|p2a: Groudon|9\/100\n|move|p2a: Groudon|Precipice Blades|p1a: Zacian|[spread] \n|-miss|p2a: Groudon|p1a: Zacian\n|-miss|p2a: Groudon|p1b: Danger Noodle\n|\n|-weather|DesolateLand|[upkeep]\n|upkeep\n|turn|11\n|c|\u2606Smudge|NOOO\n|c|\u2606Smudge|LOL\n|c|\u2606ShrimplyOrange|that's a Pblades moment\n|c|\u2606ShrimplyOrange|I'm sash pao anyway\n|c|\u2606ShrimplyOrange|And unless you're adamant that didn't kill Zacian\n|\n|t:|1697495980\n|move|p2b: Grimmsnarl|Parting Shot|p1a: Zacian\n|-unboost|p1a: Zacian|atk|1\n|-unboost|p1a: Zacian|spa|1\n|move|p1b: Danger Noodle|Ice Spinner|p2a: Groudon\n|-damage|p2a: Groudon|0 fnt\n|faint|p2a: Groudon\n|-weather|none\n|move|p1a: Zacian|Behemoth Blade|p2b: Grimmsnarl\n|-supereffective|p2b: Grimmsnarl\n|-damage|p2b: Grimmsnarl|26\/100\n|\n|upkeep\n|turn|12\n|c|\u2606Smudge|!showset groudon\n|c|\u2606Smudge|!showset groudon-primal\n|c|\u2606Smudge|CRINGE\n|inactive|ShrimplyOrange has 120 seconds left.\n|inactive|Smudge has 120 seconds left.\n|c| NinjaSnapple|use !showset 4\n|c|\u2606Smudge|!showset groudon\n|c| Smudge|\/raw <div class=\"infobox\">Groudon @ Red Orb  <br \/>Ability: Drought  <br \/>Tera Type: Ground  <br \/>EVs: 196 HP &#x2f; 136 Atk &#x2f; 176 SpD  <br \/>Adamant Nature  <br \/>- Precipice Blades  <br \/>- Fire Punch  <br \/>- Thunder Wave  <br \/>- Stealth Rock  <br \/><br \/><\/div>\n|c| NinjaSnapple|oh\n|c|\u2606Smudge|I had a space lol\n|c|\u2606ShrimplyOrange|!showset Zacian\n|c| ShrimplyOrange|\/raw <div class=\"infobox\">Zacian @ Rusted Sword  <br \/>Ability: Intrepid Sword  <br \/>Shiny: Yes  <br \/>Hidden Power: Electric  <br \/>Tera Type: Steel  <br \/>EVs: 128 HP &#x2f; 252 Atk &#x2f; 128 Spe  <br \/>Jolly Nature  <br \/>- Swords Dance  <br \/>- Play Rough  <br \/>- Iron Head  <br \/>- Protect  <br \/><br \/><\/div>\n|inactive|ShrimplyOrange has 90 seconds left.\n|c|\u2606Smudge|interesting\n|c|\u2606Smudge|gg\n|c|\u2606ShrimplyOrange|gg\n|\n|t:|1697496047\n|move|p2b: Grimmsnarl|Parting Shot|p1a: Zacian\n|-unboost|p1a: Zacian|atk|1\n|-unboost|p1a: Zacian|spa|1\n|move|p1b: Danger Noodle|Ice Spinner|p2b: Grimmsnarl\n|-damage|p2b: Grimmsnarl|0 fnt\n|faint|p2b: Grimmsnarl\n|\n|win|ShrimplyOrange\n|n|\u2606ShrimplyOrange|shrimplyorange\n|n|\u2606Smudge|smudge\n|n| SquidSpring|squidspring\n|n| Eragon11145|eragon11145\n|n| NinjaSnapple|ninjasnapple\n|c|\u2606ShrimplyOrange|bulkier Zacian is the way\n|c|\u2606ShrimplyOrange|Run enough speed to outrun shadow rider\n|c|\u2606ShrimplyOrange|Rest into bulk\n|l| Eragon11145\n|c|\u2606Smudge|you can't outrun shadow rider tho\n|c|\u2606ShrimplyOrange|What I did during SWSH VGC, albiet a different spread since I didnt' exactly have time to optimize\n|c|\u2606ShrimplyOrange|Ah right, then what the hell did I EV this for?\n|c|\u2606ShrimplyOrange|I just yoinked an old set lmao\n|c|\u2606Smudge|no idea boss\n|c|\u2606ShrimplyOrange|IDK but it works IG lol\n","uploadtime":1697496062,"views":12,"p1id":"shrimplyorange","p2id":"smudge","formatid":"gen9nationaldexdoubles","rating":0,"private":0,"password":""}