{"id":"gen9nationaldexdoubles-1974469439","p1":"R.para ti","p2":"Lil barnacle Boi","format":"[Gen 9] National Dex Doubles","log":"|j|\u2606R.para ti\n|j|\u2606Lil barnacle Boi\n|t:|1698089567\n|gametype|doubles\n|player|p1|R.para ti|102|1340\n|player|p2|Lil barnacle Boi|li|1188\n|teamsize|p1|6\n|teamsize|p2|6\n|gen|9\n|tier|[Gen 9] National Dex Doubles\n|rated|\n|rule|HP Percentage Mod: HP is shown in percentages\n|rule|Endless Battle Clause: Forcing endless battles is banned\n|rule|OHKO Clause: OHKO moves are banned\n|rule|Evasion Moves Clause: Evasion moves are banned\n|rule|Evasion Abilities Clause: Evasion abilities are banned\n|rule|Species Clause: Limit one of each Pok\u00e9mon\n|rule|Gravity Sleep Clause: The combination of sleep-inducing moves with imperfect accuracy and Gravity or Gigantamax Orbeetle are banned\n|clearpoke\n|poke|p1|Meowstic, M|\n|poke|p1|Armarouge, M|\n|poke|p1|Alakazam, F|\n|poke|p1|Chi-Yu|\n|poke|p1|Flutter Mane|\n|poke|p1|Gothitelle, M|\n|poke|p2|Spectrier|\n|poke|p2|Incineroar, M|\n|poke|p2|Regieleki|\n|poke|p2|Lopunny, F|\n|poke|p2|Landorus-Therian, M|\n|poke|p2|Sneasler, F|\n|teampreview\n|inactive|Battle timer is ON: inactive players will automatically lose when time's up. (requested by Lil barnacle Boi)\n|\n|t:|1698089591\n|start\n|switch|p1a: Gothitelle|Gothitelle, M|100\/100\n|switch|p1b: Meowstic|Meowstic, M|100\/100\n|switch|p2a: Incineroar|Incineroar, M, shiny|100\/100\n|switch|p2b: Spectrier|Spectrier|100\/100\n|-ability|p2a: Incineroar|Intimidate|boost\n|-unboost|p1a: Gothitelle|atk|1\n|-unboost|p1b: Meowstic|atk|1\n|turn|1\n|\n|t:|1698089601\n|move|p2a: Incineroar|Fake Out|p1a: Gothitelle\n|-damage|p1a: Gothitelle|91\/100\n|move|p1b: Meowstic|Psychic Terrain|p1b: Meowstic\n|-fieldstart|move: Psychic Terrain\n|move|p2b: Spectrier|Shadow Ball|p1a: Gothitelle\n|-supereffective|p1a: Gothitelle\n|-damage|p1a: Gothitelle|32\/100\n|cant|p1a: Gothitelle|flinch\n|\n|upkeep\n|turn|2\n|\n|t:|1698089617\n|move|p1b: Meowstic|Sunny Day|p1b: Meowstic\n|-weather|SunnyDay\n|move|p2b: Spectrier|Shadow Ball|p1a: Gothitelle\n|-supereffective|p1a: Gothitelle\n|-damage|p1a: Gothitelle|0 fnt\n|faint|p1a: Gothitelle\n|-ability|p2b: Spectrier|Grim Neigh|boost\n|-boost|p2b: Spectrier|spa|1\n|move|p2a: Incineroar|Parting Shot|p1b: Meowstic\n|-unboost|p1b: Meowstic|atk|1\n|-unboost|p1b: Meowstic|spa|1\n|\n|t:|1698089625\n|switch|p2a: Sneasler|Sneasler, F, shiny|100\/100|[from] Parting Shot\n|\n|-weather|SunnyDay|[upkeep]\n|upkeep\n|\n|t:|1698089632\n|switch|p1a: Armarouge|Armarouge, M|100\/100\n|turn|3\n|\n|t:|1698089639\n|-terastallize|p1a: Armarouge|Dark\n|move|p2a: Sneasler|Fake Out|p1a: Armarouge\n|-activate|p1a: Armarouge|move: Psychic Terrain\n|move|p2b: Spectrier|Shadow Ball|p1a: Armarouge\n|-resisted|p1a: Armarouge\n|-damage|p1a: Armarouge|75\/100\n|-unboost|p1a: Armarouge|spd|1\n|move|p1b: Meowstic|Power-Up Punch|p1a: Armarouge\n|-supereffective|p1a: Armarouge\n|-damage|p1a: Armarouge|71\/100\n|-boost|p1b: Meowstic|atk|1\n|-ability|p1a: Armarouge|Weak Armor|boost\n|-unboost|p1a: Armarouge|def|1\n|-boost|p1a: Armarouge|spe|2\n|-enditem|p1a: Armarouge|Weakness Policy\n|-boost|p1a: Armarouge|atk|2|[from] item: Weakness Policy\n|-boost|p1a: Armarouge|spa|2|[from] item: Weakness Policy\n|move|p1a: Armarouge|Expanding Force|p2b: Spectrier|[spread] p2a,p2b\n|-supereffective|p2a: Sneasler\n|-damage|p2a: Sneasler|0 fnt\n|-damage|p2b: Spectrier|9\/100\n|faint|p2a: Sneasler\n|\n|-weather|SunnyDay|[upkeep]\n|upkeep\n|\n|t:|1698089658\n|switch|p2a: Regieleki|Regieleki, shiny|100\/100\n|turn|4\n|\n|t:|1698089675\n|move|p1b: Meowstic|Ally Switch|p1b: Meowstic\n|swap|p1b: Meowstic|0|[from] move: Ally Switch\n|move|p2a: Regieleki|Thunder Cage|p1a: Meowstic\n|-damage|p1a: Meowstic|43\/100\n|-activate|p1a: Meowstic|move: Thunder Cage|[of] p2a: Regieleki\n|move|p1b: Armarouge|Expanding Force|p2a: Regieleki|[spread] p2a,p2b\n|-damage|p2a: Regieleki|0 fnt\n|-damage|p2b: Spectrier|0 fnt\n|faint|p2a: Regieleki\n|faint|p2b: Spectrier\n|\n|-weather|SunnyDay|[upkeep]\n|-heal|p1a: Meowstic|49\/100|[from] item: Leftovers\n|-end|p1a: Meowstic|Thunder Cage|[partiallytrapped]|[silent]\n|upkeep\n|inactive|Lil barnacle Boi has 120 seconds left.\n|\n|t:|1698089696\n|switch|p2a: Incineroar|Incineroar, M, shiny|100\/100\n|switch|p2b: Landorus|Landorus-Therian, M, shiny|100\/100\n|-ability|p2b: Landorus|Intimidate|boost\n|-unboost|p1a: Meowstic|atk|1\n|-unboost|p1b: Armarouge|atk|1\n|-ability|p2a: Incineroar|Intimidate|boost\n|-unboost|p1a: Meowstic|atk|1\n|-unboost|p1b: Armarouge|atk|1\n|turn|5\n|\n|t:|1698089706\n|move|p1b: Armarouge|Aura Sphere|p2a: Incineroar\n|-supereffective|p2a: Incineroar\n|-damage|p2a: Incineroar|38\/100\n|move|p2b: Landorus|Stomping Tantrum|p1b: Armarouge\n|-damage|p1b: Armarouge|17\/100\n|-ability|p1b: Armarouge|Weak Armor|boost\n|-unboost|p1b: Armarouge|def|1\n|-boost|p1b: Armarouge|spe|2\n|move|p1a: Meowstic|Power-Up Punch|p1b: Armarouge\n|-supereffective|p1b: Armarouge\n|-damage|p1b: Armarouge|10\/100\n|-boost|p1a: Meowstic|atk|1\n|-ability|p1b: Armarouge|Weak Armor|boost\n|-unboost|p1b: Armarouge|def|1\n|-boost|p1b: Armarouge|spe|2\n|move|p2a: Incineroar|Close Combat|p1b: Armarouge\n|-supereffective|p1b: Armarouge\n|-damage|p1b: Armarouge|0 fnt\n|-unboost|p2a: Incineroar|def|1\n|-unboost|p2a: Incineroar|spd|1\n|faint|p1b: Armarouge\n|\n|-weather|SunnyDay|[upkeep]\n|-heal|p1a: Meowstic|55\/100|[from] item: Leftovers\n|-fieldend|move: Psychic Terrain\n|upkeep\n|\n|t:|1698089725\n|switch|p1b: Alakazam|Alakazam, F|100\/100\n|turn|6\n|\n|t:|1698089733\n|detailschange|p1b: Alakazam|Alakazam-Mega, F\n|-mega|p1b: Alakazam|Alakazam|Alakazite\n|-ability|p1b: Alakazam|Intimidate|boost\n|-unboost|p2a: Incineroar|atk|1\n|-unboost|p2b: Landorus|atk|1\n|-ability|p1b: Alakazam|Intimidate|[from] ability: Trace|[of] p2a: Incineroar\n|move|p1a: Meowstic|Psychic Terrain|p1a: Meowstic\n|-fieldstart|move: Psychic Terrain\n|move|p1b: Alakazam|Expanding Force|p2a: Incineroar|[spread] p2b\n|-immune|p2a: Incineroar\n|-damage|p2b: Landorus|1\/100\n|move|p2b: Landorus|U-turn|p1b: Alakazam\n|-supereffective|p1b: Alakazam\n|-crit|p1b: Alakazam\n|-damage|p1b: Alakazam|0 fnt\n|faint|p1b: Alakazam\n|\n|t:|1698089745\n|switch|p2b: Lopunny|Lopunny, F, shiny|100\/100|[from] U-turn\n|move|p2a: Incineroar|Close Combat|p1a: Meowstic\n|-resisted|p1a: Meowstic\n|-damage|p1a: Meowstic|46\/100\n|-unboost|p2a: Incineroar|def|1\n|-unboost|p2a: Incineroar|spd|1\n|\n|-weather|none\n|-heal|p1a: Meowstic|52\/100|[from] item: Leftovers\n|upkeep\n|\n|t:|1698089756\n|switch|p1b: Flutter Mane|Flutter Mane|100\/100\n|turn|7\n|\n|t:|1698089768\n|detailschange|p2b: Lopunny|Lopunny-Mega, F, shiny\n|-mega|p2b: Lopunny|Lopunny|Lopunnite\n|move|p1a: Meowstic|Sunny Day|p1a: Meowstic\n|-weather|SunnyDay\n|-activate|p1b: Flutter Mane|ability: Protosynthesis\n|-start|p1b: Flutter Mane|protosynthesisspe\n|move|p1b: Flutter Mane|Dazzling Gleam|p2a: Incineroar|[spread] p2a,p2b\n|-supereffective|p2b: Lopunny\n|-damage|p2a: Incineroar|0 fnt\n|-damage|p2b: Lopunny|0 fnt\n|faint|p2a: Incineroar\n|faint|p2b: Lopunny\n|\n|-weather|SunnyDay|[upkeep]\n|-heal|p1a: Meowstic|58\/100|[from] item: Leftovers\n|upkeep\n|\n|t:|1698089782\n|switch|p2a: Landorus|Landorus-Therian, M, shiny|1\/100\n|-ability|p2a: Landorus|Intimidate|boost\n|-unboost|p1a: Meowstic|atk|1\n|-unboost|p1b: Flutter Mane|atk|1\n|turn|8\n|\n|t:|1698089786\n|move|p1a: Meowstic|Ally Switch|p1a: Meowstic\n|swap|p1a: Meowstic|1|[from] move: Ally Switch\n|move|p1a: Flutter Mane|Dazzling Gleam|p2a: Landorus\n|-damage|p2a: Landorus|0 fnt\n|faint|p2a: Landorus\n|\n|win|R.para ti\n|raw|R.para ti's rating: 1340 &rarr; <strong>1352<\/strong><br \/>(+12 for winning)\n|raw|Lil barnacle Boi's rating: 1188 &rarr; <strong>1173<\/strong><br \/>(-15 for losing)\n|l|\u2606Lil barnacle Boi\n","uploadtime":1698089795,"views":11,"p1id":"rparati","p2id":"lilbarnacleboi","formatid":"gen9nationaldexdoubles","rating":1173,"private":0,"password":""}