{"id":"gen9nationaldexdoubles-1991711855","p1":"Marlene 420","p2":"Red_Ice_Games","format":"[Gen 9] National Dex Doubles","log":"|j|\u2606Marlene 420\n|j|\u2606Red_Ice_Games\n|t:|1700105675\n|gametype|doubles\n|player|p1|Marlene 420|cheryl|1171\n|player|p2|Red_Ice_Games|psychic|1223\n|teamsize|p1|6\n|teamsize|p2|6\n|gen|9\n|tier|[Gen 9] National Dex Doubles\n|rated|\n|rule|HP Percentage Mod: HP is shown in percentages\n|rule|Endless Battle Clause: Forcing endless battles is banned\n|rule|OHKO Clause: OHKO moves are banned\n|rule|Evasion Moves Clause: Evasion moves are banned\n|rule|Evasion Abilities Clause: Evasion abilities are banned\n|rule|Species Clause: Limit one of each Pok\u00e9mon\n|rule|Gravity Sleep Clause: The combination of sleep-inducing moves with imperfect accuracy and Gravity or Gigantamax Orbeetle are banned\n|clearpoke\n|poke|p1|Gardevoir, F|\n|poke|p1|Pheromosa|\n|poke|p1|Lopunny, F|\n|poke|p1|Hatterene, F|\n|poke|p1|Meloetta|\n|poke|p1|Diancie|\n|poke|p2|Golisopod, M|\n|poke|p2|Iron Valiant|\n|poke|p2|Scizor, M|\n|poke|p2|Ninjask, M|\n|poke|p2|Shiftry, M|\n|poke|p2|Sableye, M|\n|teampreview\n|inactive|Battle timer is ON: inactive players will automatically lose when time's up. (requested by Red_Ice_Games)\n|\n|t:|1700105696\n|start\n|switch|p1a: Gardenia|Gardevoir, F|100\/100\n|switch|p1b: Lola|Lopunny, F, shiny|100\/100\n|switch|p2a: Shiftry|Shiftry, M|100\/100\n|switch|p2b: Sableye|Sableye, M|100\/100\n|-ability|p1a: Gardenia|Wind Rider|[from] ability: Trace|[of] p2a: Shiftry\n|turn|1\n|\n|t:|1700105722\n|-terastallize|p2a: Shiftry|Flying\n|move|p1b: Lola|Fake Out|p2b: Sableye\n|-immune|p2b: Sableye\n|move|p2b: Sableye|Toxic|p1a: Gardenia\n|-status|p1a: Gardenia|tox\n|move|p2a: Shiftry|Tailwind|p2a: Shiftry\n|-sidestart|p2: Red_Ice_Games|move: Tailwind\n|-ability|p2a: Shiftry|Wind Rider|boost\n|-boost|p2a: Shiftry|atk|1\n|move|p1a: Gardenia|Dazzling Gleam|p2a: Shiftry|[spread] p2a,p2b\n|-supereffective|p2b: Sableye\n|-damage|p2a: Shiftry|37\/100\n|-damage|p2b: Sableye|0 fnt\n|faint|p2b: Sableye\n|-damage|p1a: Gardenia|91\/100 tox|[from] item: Life Orb\n|\n|-damage|p1a: Gardenia|85\/100 tox|[from] psn\n|upkeep\n|\n|t:|1700105730\n|switch|p2b: Iron Valiant|Iron Valiant|100\/100\n|turn|2\n|\n|t:|1700105754\n|detailschange|p1b: Lola|Lopunny-Mega, F, shiny\n|-mega|p1b: Lola|Lopunny|Lopunnite\n|move|p2b: Iron Valiant|Wide Guard|p2b: Iron Valiant\n|-singleturn|p2b: Iron Valiant|Wide Guard\n|move|p2a: Shiftry|Tera Blast|p1b: Lola|[anim] Tera Blast Flying\n|-supereffective|p1b: Lola\n|-damage|p1b: Lola|0 fnt\n|faint|p1b: Lola\n|move|p1a: Gardenia|Psychic|p2b: Iron Valiant\n|-supereffective|p2b: Iron Valiant\n|-enditem|p2b: Iron Valiant|Focus Sash\n|-damage|p2b: Iron Valiant|1\/100\n|-unboost|p2b: Iron Valiant|spd|1\n|-damage|p1a: Gardenia|75\/100 tox|[from] item: Life Orb\n|\n|-damage|p1a: Gardenia|62\/100 tox|[from] psn\n|upkeep\n|inactive|Marlene 420 has 120 seconds left.\n|\n|t:|1700105774\n|switch|p1b: Dianita|Diancie|100\/100\n|turn|3\n|\n|t:|1700105789\n|move|p2b: Iron Valiant|Wide Guard|p2b: Iron Valiant\n|-singleturn|p2b: Iron Valiant|Wide Guard\n|move|p2a: Shiftry|Leaf Blade|p1b: Dianita\n|-supereffective|p1b: Dianita\n|-damage|p1b: Dianita|25\/100\n|move|p1a: Gardenia|Dazzling Gleam|p2b: Iron Valiant|[spread] \n|-activate|p2a: Shiftry|move: Wide Guard\n|-activate|p2b: Iron Valiant|move: Wide Guard\n|move|p1b: Dianita|Stealth Rock|p2a: Shiftry\n|-sidestart|p2: Red_Ice_Games|move: Stealth Rock\n|\n|-heal|p1b: Dianita|31\/100|[from] item: Leftovers\n|-damage|p1a: Gardenia|44\/100 tox|[from] psn\n|upkeep\n|turn|4\n|\n|t:|1700105815\n|move|p2b: Iron Valiant|Brick Break|p1b: Dianita\n|-damage|p1b: Dianita|5\/100\n|move|p2a: Shiftry|Leaf Blade|p1a: Gardenia\n|-damage|p1a: Gardenia|0 fnt\n|faint|p1a: Gardenia\n|move|p1b: Dianita|Diamond Storm|p2a: Shiftry|[spread] p2a\n|-miss|p1b: Dianita|p2b: Iron Valiant\n|-supereffective|p2a: Shiftry\n|-damage|p2a: Shiftry|0 fnt\n|faint|p2a: Shiftry\n|\n|-heal|p1b: Dianita|11\/100|[from] item: Leftovers\n|-sideend|p2: Red_Ice_Games|move: Tailwind\n|upkeep\n|\n|t:|1700105837\n|switch|p2a: Golisopod|Golisopod, M|100\/100\n|switch|p1a: Melody|Meloetta|100\/100\n|-damage|p2a: Golisopod|75\/100|[from] Stealth Rock\n|turn|5\n|\n|t:|1700105853\n|move|p2a: Golisopod|First Impression|p1a: Melody\n|-supereffective|p1a: Melody\n|-damage|p1a: Melody|0 fnt\n|faint|p1a: Melody\n|move|p2b: Iron Valiant|Brick Break|p1b: Dianita\n|-damage|p1b: Dianita|0 fnt\n|faint|p1b: Dianita\n|\n|-heal|p2a: Golisopod|82\/100|[from] item: Leftovers\n|upkeep\n|\n|t:|1700105864\n|switch|p1a: Katherine|Hatterene, F|100\/100\n|switch|p1b: Phersefone|Pheromosa, shiny|100\/100\n|turn|6\n|inactive|Marlene 420 has 120 seconds left.\n|\n|t:|1700105909\n|move|p1b: Phersefone|Ice Beam|p2b: Iron Valiant\n|-damage|p2b: Iron Valiant|0 fnt\n|faint|p2b: Iron Valiant\n|-end|p2b: Iron Valiant|Quark Drive|[silent]\n|-ability|p1b: Phersefone|Beast Boost|boost\n|-boost|p1b: Phersefone|spe|1\n|-damage|p1b: Phersefone|91\/100|[from] item: Life Orb\n|move|p2a: Golisopod|Leech Life|p1a: Katherine\n|-damage|p1a: Katherine|48\/100\n|-heal|p2a: Golisopod|100\/100|[from] drain|[of] p1a: Katherine\n|move|p1a: Katherine|Nuzzle|p2a: Golisopod\n|-supereffective|p2a: Golisopod\n|-damage|p2a: Golisopod|93\/100\n|-status|p2a: Golisopod|par\n|\n|-heal|p1a: Katherine|53\/100|[from] item: Leftovers\n|-heal|p2a: Golisopod|99\/100 par|[from] item: Leftovers\n|upkeep\n|\n|t:|1700105919\n|switch|p2b: Scizor|Scizor, M, shiny|100\/100\n|-damage|p2b: Scizor|88\/100|[from] Stealth Rock\n|turn|7\n|inactive|Marlene 420 has 120 seconds left.\n|\n|t:|1700105961\n|switch|p2a: Ninjask|Ninjask, M|100\/100\n|-damage|p2a: Ninjask|50\/100|[from] Stealth Rock\n|move|p1b: Phersefone|High Jump Kick|p2b: Scizor\n|-damage|p2b: Scizor|0 fnt\n|faint|p2b: Scizor\n|-ability|p1b: Phersefone|Beast Boost|boost\n|-boost|p1b: Phersefone|spe|1\n|-enditem|p2a: Ninjask|Mirror Herb\n|-boost|p2a: Ninjask|spe|1|[from] item: Mirror Herb\n|-damage|p1b: Phersefone|81\/100|[from] item: Life Orb\n|move|p1a: Katherine|Giga Drain|p2a: Ninjask\n|-resisted|p2a: Ninjask\n|-damage|p2a: Ninjask|38\/100\n|-heal|p1a: Katherine|59\/100|[from] drain|[of] p2a: Ninjask\n|\n|-heal|p1a: Katherine|65\/100|[from] item: Leftovers\n|upkeep\n|\n|t:|1700105967\n|switch|p2b: Golisopod|Golisopod, M|99\/100 par\n|-damage|p2b: Golisopod|74\/100 par|[from] Stealth Rock\n|turn|8\n|inactive|Marlene 420 has 120 seconds left.\n|inactive|Marlene 420 has 90 seconds left.\n|\n|t:|1700106036\n|move|p2b: Golisopod|First Impression|p1b: Phersefone\n|-resisted|p1b: Phersefone\n|-damage|p1b: Phersefone|14\/100\n|move|p1b: Phersefone|Bug Buzz|p2b: Golisopod\n|-damage|p2b: Golisopod|20\/100 par\n|-damage|p1b: Phersefone|4\/100|[from] item: Life Orb\n|move|p2a: Ninjask|Substitute|p2a: Ninjask\n|-start|p2a: Ninjask|Substitute\n|-damage|p2a: Ninjask|13\/100\n|move|p1a: Katherine|Giga Drain|p2b: Golisopod\n|-damage|p2b: Golisopod|0 fnt\n|-heal|p1a: Katherine|74\/100|[from] drain|[of] p2b: Golisopod\n|faint|p2b: Golisopod\n|\n|-heal|p1a: Katherine|80\/100|[from] item: Leftovers\n|-ability|p2a: Ninjask|Speed Boost|boost\n|-boost|p2a: Ninjask|spe|1\n|upkeep\n|turn|9\n|\n|t:|1700106064\n|move|p1b: Phersefone|Bug Buzz|p2a: Ninjask\n|-resisted|p2a: Ninjask\n|-damage|p2a: Ninjask|0 fnt\n|faint|p2a: Ninjask\n|-damage|p1b: Phersefone|0 fnt|[from] item: Life Orb\n|faint|p1b: Phersefone\n|\n|win|Marlene 420\n|raw|Marlene 420's rating: 1171 &rarr; <strong>1200<\/strong><br \/>(+29 for winning)\n|raw|Red_Ice_Games's rating: 1223 &rarr; <strong>1194<\/strong><br \/>(-29 for losing)\n|l|\u2606Red_Ice_Games\n","uploadtime":1700106090,"views":5,"p1id":"marlene420","p2id":"redicegames","formatid":"gen9nationaldexdoubles","rating":1194,"private":0,"password":""}