{"id":"gen9nationaldexdoubles-1957445190","p1":"LowksterP","p2":"Asanaquarian","format":"[Gen 9] National Dex Doubles","log":"|j|\u2606LowksterP\n|j|\u2606Asanaquarian\n|t:|1696222075\n|gametype|doubles\n|player|p1|LowksterP|striker|1058\n|player|p2|Asanaquarian|pokemonrangerf|1219\n|teamsize|p1|6\n|teamsize|p2|6\n|gen|9\n|tier|[Gen 9] National Dex Doubles\n|rated|\n|rule|HP Percentage Mod: HP is shown in percentages\n|rule|Endless Battle Clause: Forcing endless battles is banned\n|rule|OHKO Clause: OHKO moves are banned\n|rule|Evasion Moves Clause: Evasion moves are banned\n|rule|Evasion Abilities Clause: Evasion abilities are banned\n|rule|Species Clause: Limit one of each Pok\u00e9mon\n|rule|Gravity Sleep Clause: The combination of sleep-inducing moves with imperfect accuracy and Gravity or Gigantamax Orbeetle are banned\n|clearpoke\n|poke|p1|Togekiss, F|\n|poke|p1|Tentacruel, M|\n|poke|p1|Arcanine, M|\n|poke|p1|Jirachi|\n|poke|p1|Eldegoss, M|\n|poke|p1|Primeape, M|\n|poke|p2|Serperior, M|\n|poke|p2|Reuniclus, M|\n|poke|p2|Goodra, F|\n|poke|p2|Klefki, M|\n|poke|p2|Appletun, F|\n|poke|p2|Dondozo, M|\n|teampreview\n|inactive|Battle timer is ON: inactive players will automatically lose when time's up. (requested by Asanaquarian)\n|\n|t:|1696222088\n|start\n|switch|p1a: Pickle Tickle|Tentacruel, M, shiny|100\/100\n|switch|p1b: Arcanine|Arcanine, M, shiny|100\/100\n|switch|p2a: Klefki|Klefki, M|100\/100\n|switch|p2b: Reuniclus|Reuniclus, M|100\/100\n|-ability|p1b: Arcanine|Intimidate|boost\n|-unboost|p2a: Klefki|atk|1\n|-unboost|p2b: Reuniclus|atk|1\n|turn|1\n|\n|t:|1696222116\n|move|p2a: Klefki|Reflect|p2a: Klefki\n|-sidestart|p2: Asanaquarian|Reflect\n|move|p1b: Arcanine|Mud-Slap|p2a: Klefki\n|-supereffective|p2a: Klefki\n|-damage|p2a: Klefki|89\/100\n|-unboost|p2a: Klefki|accuracy|1\n|move|p1a: Pickle Tickle|Knock Off|p2b: Reuniclus\n|-supereffective|p2b: Reuniclus\n|-damage|p2b: Reuniclus|83\/100\n|-enditem|p2b: Reuniclus|Life Orb|[from] move: Knock Off|[of] p1a: Pickle Tickle\n|move|p2b: Reuniclus|Calm Mind|p2b: Reuniclus\n|-boost|p2b: Reuniclus|spa|1\n|-boost|p2b: Reuniclus|spd|1\n|\n|upkeep\n|turn|2\n|inactive|LowksterP has 120 seconds left.\n|\n|t:|1696222147\n|switch|p1a: Eldegoss|Eldegoss, M, shiny|100\/100\n|move|p2a: Klefki|Light Screen|p2a: Klefki\n|-sidestart|p2: Asanaquarian|move: Light Screen\n|move|p1b: Arcanine|Mud-Slap|p2b: Reuniclus\n|-damage|p2b: Reuniclus|81\/100\n|-unboost|p2b: Reuniclus|accuracy|1\n|move|p2b: Reuniclus|Psyshock|p1a: Eldegoss\n|-damage|p1a: Eldegoss|57\/100\n|-ability|p1a: Eldegoss|Cotton Down\n|-unboost|p1b: Arcanine|spe|1\n|-unboost|p2a: Klefki|spe|1\n|-unboost|p2b: Reuniclus|spe|1\n|\n|-heal|p1a: Eldegoss|64\/100|[from] item: Leftovers\n|upkeep\n|turn|3\n|inactive|LowksterP has 120 seconds left.\n|\n|t:|1696222176\n|move|p2a: Klefki|Toxic|p1b: Arcanine\n|-status|p1b: Arcanine|tox\n|move|p1b: Arcanine|Psychic Fangs|p2a: Klefki\n|-sideend|p2: Asanaquarian|Reflect\n|-sideend|p2: Asanaquarian|move: Light Screen\n|-resisted|p2a: Klefki\n|-damage|p2a: Klefki|81\/100\n|move|p1a: Eldegoss|Sleep Powder|p2a: Klefki|[miss]\n|-miss|p1a: Eldegoss|p2a: Klefki\n|move|p2b: Reuniclus|Calm Mind|p2b: Reuniclus\n|-boost|p2b: Reuniclus|spa|1\n|-boost|p2b: Reuniclus|spd|1\n|\n|-heal|p1a: Eldegoss|70\/100|[from] item: Leftovers\n|-damage|p1b: Arcanine|94\/100 tox|[from] psn\n|upkeep\n|turn|4\n|inactive|LowksterP has 120 seconds left.\n|\n|t:|1696222218\n|move|p1b: Arcanine|Heat Wave|p2a: Klefki|[spread] p2a,p2b\n|-supereffective|p2a: Klefki\n|-damage|p2a: Klefki|15\/100\n|-damage|p2b: Reuniclus|67\/100\n|move|p1a: Eldegoss|Leech Seed|p2b: Reuniclus\n|-start|p2b: Reuniclus|move: Leech Seed\n|move|p2a: Klefki|Draining Kiss|p1a: Eldegoss\n|-damage|p1a: Eldegoss|57\/100\n|-heal|p2a: Klefki|23\/100|[from] drain|[of] p1a: Eldegoss\n|-ability|p1a: Eldegoss|Cotton Down\n|-unboost|p1b: Arcanine|spe|1\n|-unboost|p2a: Klefki|spe|1\n|-unboost|p2b: Reuniclus|spe|1\n|move|p2b: Reuniclus|Psyshock|p1a: Eldegoss\n|-crit|p1a: Eldegoss\n|-damage|p1a: Eldegoss|0 fnt\n|-ability|p1a: Eldegoss|Cotton Down\n|-unboost|p1b: Arcanine|spe|1\n|-unboost|p2a: Klefki|spe|1\n|-unboost|p2b: Reuniclus|spe|1\n|faint|p1a: Eldegoss\n|\n|-heal|p1b: Arcanine|100\/100 tox|[from] item: Leftovers\n|-damage|p1b: Arcanine|88\/100 tox|[from] psn\n|upkeep\n|inactive|LowksterP has 90 seconds left.\n|\n|t:|1696222244\n|switch|p1a: Pickle Tickle|Tentacruel, M, shiny|100\/100\n|turn|5\n|inactive|LowksterP has 90 seconds left.\n|\n|t:|1696222265\n|switch|p1a: Jirachi|Jirachi, shiny|100\/100\n|move|p2a: Klefki|Reflect|p2a: Klefki\n|-sidestart|p2: Asanaquarian|Reflect\n|move|p1b: Arcanine|Mud-Slap|p2b: Reuniclus\n|-damage|p2b: Reuniclus|65\/100\n|-unboost|p2b: Reuniclus|accuracy|1\n|move|p2b: Reuniclus|Psyshock|p1a: Jirachi\n|-resisted|p1a: Jirachi\n|-damage|p1a: Jirachi|84\/100\n|\n|-heal|p1a: Jirachi|90\/100|[from] item: Leftovers\n|-heal|p1b: Arcanine|94\/100 tox|[from] item: Leftovers\n|-damage|p1b: Arcanine|76\/100 tox|[from] psn\n|upkeep\n|turn|6\n|inactive|LowksterP has 90 seconds left.\n|\n|t:|1696222297\n|switch|p1b: Togekiss|Togekiss, F, shiny|100\/100\n|move|p2a: Klefki|Light Screen|p2a: Klefki\n|-sidestart|p2: Asanaquarian|move: Light Screen\n|move|p1a: Jirachi|Cosmic Power|p1a: Jirachi\n|-boost|p1a: Jirachi|def|1\n|-boost|p1a: Jirachi|spd|1\n|move|p2b: Reuniclus|Recover|p2b: Reuniclus\n|-heal|p2b: Reuniclus|100\/100\n|\n|-heal|p1a: Jirachi|96\/100|[from] item: Leftovers\n|upkeep\n|turn|7\n|inactive|LowksterP has 90 seconds left.\n|inactive|LowksterP has 60 seconds left.\n|inactive|LowksterP has 30 seconds left.\n|\n|t:|1696222378\n|switch|p1b: Arcanine|Arcanine, M, shiny|76\/100 tox\n|-ability|p1b: Arcanine|Intimidate|boost\n|-unboost|p2a: Klefki|atk|1\n|-unboost|p2b: Reuniclus|atk|1\n|move|p2a: Klefki|Toxic|p1b: Arcanine\n|-fail|p1b: Arcanine|tox\n|move|p1a: Jirachi|Cosmic Power|p1a: Jirachi\n|-boost|p1a: Jirachi|def|1\n|-boost|p1a: Jirachi|spd|1\n|move|p2b: Reuniclus|Focus Blast|p1a: Jirachi\n|-damage|p1a: Jirachi|63\/100\n|\n|-heal|p1a: Jirachi|69\/100|[from] item: Leftovers\n|-heal|p1b: Arcanine|82\/100 tox|[from] item: Leftovers\n|-damage|p1b: Arcanine|76\/100 tox|[from] psn\n|upkeep\n|turn|8\n|inactive|LowksterP has 30 seconds left.\n|\n|t:|1696222407\n|switch|p2a: Goodra|Goodra, F|100\/100\n|move|p1a: Jirachi|Cosmic Power|p1a: Jirachi\n|-boost|p1a: Jirachi|def|1\n|-boost|p1a: Jirachi|spd|1\n|move|p1b: Arcanine|Psychic Fangs|p2a: Goodra\n|-sideend|p2: Asanaquarian|Reflect\n|-sideend|p2: Asanaquarian|move: Light Screen\n|-damage|p2a: Goodra|76\/100\n|-ability|p2a: Goodra|Gooey\n|-unboost|p1b: Arcanine|spe|1\n|move|p2b: Reuniclus|Calm Mind|p2b: Reuniclus\n|-boost|p2b: Reuniclus|spa|1\n|-boost|p2b: Reuniclus|spd|1\n|\n|-heal|p1a: Jirachi|76\/100|[from] item: Leftovers\n|-heal|p1b: Arcanine|82\/100 tox|[from] item: Leftovers\n|-damage|p1b: Arcanine|69\/100 tox|[from] psn\n|upkeep\n|turn|9\n|\n|t:|1696222430\n|switch|p1a: Pickle Tickle|Tentacruel, M, shiny|100\/100\n|move|p2a: Goodra|Flamethrower|p1a: Pickle Tickle\n|-resisted|p1a: Pickle Tickle\n|-damage|p1a: Pickle Tickle|89\/100\n|move|p1b: Arcanine|Mud-Slap|p2a: Goodra\n|-damage|p2a: Goodra|74\/100\n|-unboost|p2a: Goodra|accuracy|1\n|move|p2b: Reuniclus|Psyshock|p1b: Arcanine|[miss]\n|-miss|p2b: Reuniclus|p1b: Arcanine\n|\n|-heal|p1b: Arcanine|76\/100 tox|[from] item: Leftovers\n|-damage|p1b: Arcanine|57\/100 tox|[from] psn\n|upkeep\n|turn|10\n|\n|t:|1696222455\n|switch|p1a: Jirachi|Jirachi, shiny|76\/100\n|switch|p2a: Dondozo|Dondozo, M|100\/100\n|switch|p1b: Togekiss|Togekiss, F, shiny|100\/100\n|move|p2b: Reuniclus|Psyshock|p1a: Jirachi|[miss]\n|-miss|p2b: Reuniclus|p1a: Jirachi\n|\n|-heal|p1a: Jirachi|82\/100|[from] item: Leftovers\n|upkeep\n|turn|11\n|inactive|LowksterP has 60 seconds left.\n|\n|t:|1696222477\n|switch|p2a: Klefki|Klefki, M|23\/100\n|switch|p2b: Goodra|Goodra, F|74\/100\n|move|p1a: Jirachi|Cosmic Power|p1a: Jirachi\n|-boost|p1a: Jirachi|def|1\n|-boost|p1a: Jirachi|spd|1\n|move|p1b: Togekiss|Ominous Wind|p2b: Goodra\n|-damage|p2b: Goodra|67\/100\n|\n|-heal|p1a: Jirachi|88\/100|[from] item: Leftovers\n|upkeep\n|turn|12\n|inactive|LowksterP has 60 seconds left.\n|\n|t:|1696222495\n|switch|p1b: Arcanine|Arcanine, M, shiny|57\/100 tox\n|-ability|p1b: Arcanine|Intimidate|boost\n|-unboost|p2a: Klefki|atk|1\n|-unboost|p2b: Goodra|atk|1\n|move|p2a: Klefki|Light Screen|p2a: Klefki\n|-sidestart|p2: Asanaquarian|move: Light Screen\n|move|p1a: Jirachi|Charge Beam|p2a: Klefki\n|-damage|p2a: Klefki|12\/100\n|-boost|p1a: Jirachi|spa|1\n|move|p2b: Goodra|Flamethrower|p1a: Jirachi\n|-supereffective|p1a: Jirachi\n|-damage|p1a: Jirachi|57\/100\n|\n|-heal|p1a: Jirachi|64\/100|[from] item: Leftovers\n|-heal|p1b: Arcanine|63\/100 tox|[from] item: Leftovers\n|-damage|p1b: Arcanine|57\/100 tox|[from] psn\n|upkeep\n|turn|13\n|inactive|LowksterP has 60 seconds left.\n|\n|t:|1696222531\n|move|p2a: Klefki|Reflect|p2a: Klefki\n|-sidestart|p2: Asanaquarian|Reflect\n|move|p1a: Jirachi|Cosmic Power|p1a: Jirachi\n|-boost|p1a: Jirachi|def|1\n|-boost|p1a: Jirachi|spd|1\n|move|p1b: Arcanine|Heat Wave|p2a: Klefki|[spread] p2a,p2b\n|-supereffective|p2a: Klefki\n|-resisted|p2b: Goodra\n|-damage|p2a: Klefki|0 fnt\n|-damage|p2b: Goodra|65\/100\n|faint|p2a: Klefki\n|move|p2b: Goodra|Flamethrower|p1a: Jirachi\n|-supereffective|p1a: Jirachi\n|-crit|p1a: Jirachi\n|-damage|p1a: Jirachi|0 fnt\n|faint|p1a: Jirachi\n|\n|-heal|p1b: Arcanine|63\/100 tox|[from] item: Leftovers\n|-damage|p1b: Arcanine|51\/100 tox|[from] psn\n|upkeep\n|inactive|LowksterP has 60 seconds left.\n|\n|t:|1696222553\n|switch|p1a: Pickle Tickle|Tentacruel, M, shiny|89\/100\n|switch|p2a: Reuniclus|Reuniclus, M|100\/100\n|turn|14\n|inactive|LowksterP has 60 seconds left.\n|\n|t:|1696222594\n|switch|p1a: Togekiss|Togekiss, F, shiny|100\/100\n|move|p1b: Arcanine|Mud-Slap|p2a: Reuniclus\n|-crit|p2a: Reuniclus\n|-damage|p2a: Reuniclus|93\/100\n|-unboost|p2a: Reuniclus|accuracy|1\n|move|p2b: Goodra|Acid Spray|p1b: Arcanine\n|-damage|p1b: Arcanine|39\/100 tox\n|-unboost|p1b: Arcanine|spd|2\n|move|p2a: Reuniclus|Psyshock|p1a: Togekiss\n|-damage|p1a: Togekiss|71\/100\n|\n|-heal|p1b: Arcanine|46\/100 tox|[from] item: Leftovers\n|-heal|p1a: Togekiss|77\/100|[from] item: Leftovers\n|-damage|p1b: Arcanine|27\/100 tox|[from] psn\n|upkeep\n|turn|15\n|inactive|LowksterP has 30 seconds left.\n|inactive|Asanaquarian has 120 seconds left.\n|\n|t:|1696222628\n|move|p1b: Arcanine|Mud-Slap|p2b: Goodra\n|-damage|p2b: Goodra|63\/100\n|-unboost|p2b: Goodra|accuracy|1\n|move|p1a: Togekiss|Ominous Wind|p2a: Reuniclus\n|-supereffective|p2a: Reuniclus\n|-damage|p2a: Reuniclus|69\/100\n|-boost|p1a: Togekiss|atk|1\n|-boost|p1a: Togekiss|def|1\n|-boost|p1a: Togekiss|spa|1\n|-boost|p1a: Togekiss|spd|1\n|-boost|p1a: Togekiss|spe|1\n|move|p2b: Goodra|Thunderbolt|p1b: Arcanine\n|-damage|p1b: Arcanine|0 fnt\n|faint|p1b: Arcanine\n|move|p2a: Reuniclus|Calm Mind|p2a: Reuniclus\n|-boost|p2a: Reuniclus|spa|1\n|-boost|p2a: Reuniclus|spd|1\n|\n|-heal|p1a: Togekiss|83\/100|[from] item: Leftovers\n|upkeep\n|inactive|LowksterP has 30 seconds left.\n|inactive|LowksterP has 20 seconds left.\n|inactive|LowksterP has 15 seconds left.\n|\n|t:|1696222652\n|switch|p1b: Pickle Tickle|Tentacruel, M, shiny|89\/100\n|turn|16\n|inactive|LowksterP has 30 seconds left.\n|\n|t:|1696222671\n|move|p1a: Togekiss|Air Slash|p2a: Reuniclus\n|-damage|p2a: Reuniclus|49\/100\n|move|p1b: Pickle Tickle|Knock Off|p2b: Goodra\n|-damage|p2b: Goodra|47\/100\n|-ability|p2b: Goodra|Gooey\n|-fail|p1b: Pickle Tickle|unboost|[from] ability: Clear Body|[of] p1b: Pickle Tickle\n|-enditem|p2b: Goodra|Assault Vest|[from] move: Knock Off|[of] p1b: Pickle Tickle\n|move|p2b: Goodra|Thunderbolt|p1a: Togekiss|[miss]\n|-miss|p2b: Goodra|p1a: Togekiss\n|cant|p2a: Reuniclus|flinch\n|\n|-heal|p1a: Togekiss|90\/100|[from] item: Leftovers\n|upkeep\n|turn|17\n|inactive|LowksterP has 30 seconds left.\n|inactive|LowksterP has 20 seconds left.\n|inactive|LowksterP has 15 seconds left.\n|inactive|LowksterP has 10 seconds left.\n|\n|t:|1696222714\n|switch|p2b: Serperior|Serperior, M|100\/100\n|move|p1a: Togekiss|Draining Kiss|p2b: Serperior\n|-crit|p2b: Serperior\n|-damage|p2b: Serperior|43\/100\n|-heal|p1a: Togekiss|100\/100|[from] drain|[of] p2b: Serperior\n|-zpower|p1b: Pickle Tickle\n|move|p1b: Pickle Tickle|Z-Acupressure|p1b: Pickle Tickle|[anim]Acupressure\n|-start|p1b: Pickle Tickle|move: Focus Energy|[zeffect]\n|-boost|p1b: Pickle Tickle|spa|2\n|move|p2a: Reuniclus|Psyshock|p1a: Togekiss\n|-damage|p1a: Togekiss|67\/100\n|\n|-heal|p1a: Togekiss|73\/100|[from] item: Leftovers\n|-heal|p2b: Serperior|49\/100|[from] item: Leftovers\n|upkeep\n|turn|18\n|inactive|LowksterP has 30 seconds left.\n|inactive|LowksterP has 20 seconds left.\n|inactive|LowksterP has 15 seconds left.\n|inactive|LowksterP has 10 seconds left.\n|inactive|LowksterP has 5 seconds left.\n|\n|t:|1696222746\n|move|p1a: Togekiss|Air Slash|p2b: Serperior\n|-supereffective|p2b: Serperior\n|-damage|p2b: Serperior|0 fnt\n|faint|p2b: Serperior\n|move|p1b: Pickle Tickle|Scald|p2a: Reuniclus\n|-crit|p2a: Reuniclus\n|-damage|p2a: Reuniclus|0 fnt\n|faint|p2a: Reuniclus\n|\n|-heal|p1a: Togekiss|80\/100|[from] item: Leftovers\n|upkeep\n|inactive|LowksterP has 10 seconds left this turn.\n|\n|t:|1696222762\n|switch|p2b: Dondozo|Dondozo, M|100\/100\n|switch|p2a: Goodra|Goodra, F|47\/100\n|turn|19\n|inactive|LowksterP has 30 seconds left.\n|inactive|LowksterP has 20 seconds left.\n|inactive|LowksterP has 15 seconds left.\n|inactive|LowksterP has 10 seconds left.\n|\n|t:|1696222791\n|move|p1a: Togekiss|Draining Kiss|p2a: Goodra\n|-supereffective|p2a: Goodra\n|-damage|p2a: Goodra|23\/100\n|-heal|p1a: Togekiss|100\/100|[from] drain|[of] p2a: Goodra\n|-ability|p2a: Goodra|Gooey\n|-unboost|p1a: Togekiss|spe|1\n|move|p1b: Pickle Tickle|Knock Off|p2b: Dondozo\n|-damage|p2b: Dondozo|94\/100\n|-enditem|p2b: Dondozo|Chesto Berry|[from] move: Knock Off|[of] p1b: Pickle Tickle\n|move|p2a: Goodra|Thunderbolt|p1a: Togekiss\n|-supereffective|p1a: Togekiss\n|-damage|p1a: Togekiss|71\/100\n|move|p2b: Dondozo|Wave Crash|p1a: Togekiss\n|-damage|p1a: Togekiss|34\/100\n|-damage|p2b: Dondozo|86\/100|[from] Recoil\n|\n|-heal|p1a: Togekiss|40\/100|[from] item: Leftovers\n|-sideend|p2: Asanaquarian|move: Light Screen\n|upkeep\n|turn|20\n|inactive|LowksterP has 30 seconds left.\n|inactive|LowksterP has 20 seconds left.\n|inactive|LowksterP has 15 seconds left.\n|inactive|LowksterP has 10 seconds left.\n|\n|t:|1696222819\n|move|p1a: Togekiss|Air Slash|p2b: Dondozo\n|-damage|p2b: Dondozo|55\/100\n|move|p1b: Pickle Tickle|Scald|p2a: Goodra\n|-resisted|p2a: Goodra\n|-damage|p2a: Goodra|10\/100\n|move|p2a: Goodra|Thunderbolt|p1a: Togekiss\n|-supereffective|p1a: Togekiss\n|-damage|p1a: Togekiss|10\/100\n|move|p2b: Dondozo|Wave Crash|p1a: Togekiss\n|-damage|p1a: Togekiss|0 fnt\n|faint|p1a: Togekiss\n|-damage|p2b: Dondozo|53\/100|[from] Recoil\n|\n|-sideend|p2: Asanaquarian|Reflect\n|upkeep\n|inactive|LowksterP has 15 seconds left this turn.\n|inactive|LowksterP has 10 seconds left.\n|inactive|LowksterP has 5 seconds left.\n|\n|t:|1696222830\n|switch|p1a: Primeape|Primeape, M, shiny|100\/100\n|turn|21\n|inactive|LowksterP has 30 seconds left this turn.\n|inactive|LowksterP has 20 seconds left.\n|inactive|LowksterP has 15 seconds left.\n|inactive|LowksterP has 10 seconds left.\n|inactive|LowksterP has 5 seconds left.\n|\n|t:|1696222858\n|move|p1b: Pickle Tickle|Acupressure|p1a: Primeape\n|-boost|p1a: Primeape|spd|2\n|move|p1a: Primeape|Dynamic Punch|p2b: Dondozo|[miss]\n|-miss|p1a: Primeape|p2b: Dondozo\n|-enditem|p1a: Primeape|Blunder Policy\n|-boost|p1a: Primeape|spe|2\n|move|p2a: Goodra|Thunderbolt|p1b: Pickle Tickle\n|-supereffective|p1b: Pickle Tickle\n|-damage|p1b: Pickle Tickle|44\/100\n|move|p2b: Dondozo|Rest|p2b: Dondozo\n|-status|p2b: Dondozo|slp|[from] move: Rest\n|-heal|p2b: Dondozo|100\/100 slp|[silent]\n|\n|upkeep\n|turn|22\n|inactive|LowksterP has 30 seconds left this turn.\n|inactive|LowksterP has 20 seconds left.\n|inactive|LowksterP has 15 seconds left.\n|inactive|LowksterP has 10 seconds left.\n|inactive|LowksterP has 5 seconds left.\n|\n|t:|1696222885\n|move|p1a: Primeape|Hone Claws|p1a: Primeape\n|-boost|p1a: Primeape|atk|1\n|-boost|p1a: Primeape|accuracy|1\n|move|p1b: Pickle Tickle|Giga Drain|p2a: Goodra\n|-resisted|p2a: Goodra\n|-crit|p2a: Goodra\n|-damage|p2a: Goodra|0 fnt\n|-heal|p1b: Pickle Tickle|50\/100|[from] drain|[of] p2a: Goodra\n|faint|p2a: Goodra\n|cant|p2b: Dondozo|slp\n|\n|upkeep\n|inactive|LowksterP has 10 seconds left this turn.\n|\n|t:|1696222894\n|switch|p2a: Appletun|Appletun, F|100\/100\n|turn|23\n|inactive|LowksterP has 30 seconds left.\n|inactive|LowksterP has 20 seconds left.\n|inactive|LowksterP has 15 seconds left.\n|inactive|LowksterP has 10 seconds left.\n|inactive|LowksterP has 5 seconds left.\n|\n|t:|1696222929\n|move|p1a: Primeape|Gunk Shot|p2a: Appletun\n|-supereffective|p2a: Appletun\n|-damage|p2a: Appletun|19\/100\n|move|p1b: Pickle Tickle|Giga Drain|p2b: Dondozo\n|-supereffective|p2b: Dondozo\n|-damage|p2b: Dondozo|74\/100 slp\n|-heal|p1b: Pickle Tickle|72\/100|[from] drain|[of] p2b: Dondozo\n|move|p2a: Appletun|Leech Seed|p1a: Primeape\n|-start|p1a: Primeape|move: Leech Seed\n|cant|p2b: Dondozo|slp\n|\n|-heal|p2a: Appletun|25\/100|[from] item: Leftovers\n|-damage|p1a: Primeape|88\/100|[from] Leech Seed|[of] p2a: Appletun\n|-heal|p2a: Appletun|33\/100|[silent]\n|upkeep\n|turn|24\n|inactive|LowksterP has 30 seconds left this turn.\n|inactive|LowksterP has 20 seconds left.\n|inactive|LowksterP has 15 seconds left.\n|inactive|LowksterP has 10 seconds left.\n|\n|t:|1696222952\n|-terastallize|p2a: Appletun|Steel\n|move|p1a: Primeape|Gunk Shot|p2a: Appletun\n|-immune|p2a: Appletun\n|move|p1b: Pickle Tickle|Giga Drain|p2b: Dondozo\n|-supereffective|p2b: Dondozo\n|-crit|p2b: Dondozo\n|-damage|p2b: Dondozo|34\/100 slp\n|-heal|p1b: Pickle Tickle|100\/100|[from] drain|[of] p2b: Dondozo\n|move|p2a: Appletun|Giga Drain|p1a: Primeape\n|-damage|p1a: Primeape|73\/100\n|-heal|p2a: Appletun|38\/100|[from] drain|[of] p1a: Primeape\n|-curestatus|p2b: Dondozo|slp|[msg]\n|move|p2b: Dondozo|Wave Crash|p1a: Primeape\n|-damage|p1a: Primeape|22\/100\n|-damage|p2b: Dondozo|25\/100|[from] Recoil\n|\n|-heal|p2a: Appletun|44\/100|[from] item: Leftovers\n|-damage|p1a: Primeape|10\/100|[from] Leech Seed|[of] p2a: Appletun\n|-heal|p2a: Appletun|52\/100|[silent]\n|upkeep\n|turn|25\n|inactive|LowksterP has 30 seconds left.\n|inactive|LowksterP has 20 seconds left.\n|inactive|LowksterP has 15 seconds left.\n|inactive|LowksterP has 10 seconds left.\n|inactive|Asanaquarian has 120 seconds left.\n|inactive|LowksterP has 5 seconds left.\n|\n|t:|1696222989\n|move|p1a: Primeape|Dynamic Punch|p2a: Appletun\n|-supereffective|p2a: Appletun\n|-damage|p2a: Appletun|0 fnt\n|faint|p2a: Appletun\n|move|p1b: Pickle Tickle|Giga Drain|p2b: Dondozo\n|-supereffective|p2b: Dondozo\n|-crit|p2b: Dondozo\n|-damage|p2b: Dondozo|0 fnt\n|faint|p2b: Dondozo\n|\n|win|LowksterP\n|inactive|LowksterP has 10 seconds left this turn.\n|raw|LowksterP's rating: 1058 &rarr; <strong>1103<\/strong><br \/>(+45 for winning)\n|raw|Asanaquarian's rating: 1219 &rarr; <strong>1183<\/strong><br \/>(-36 for losing)\n|c|\u2606Asanaquarian|gg\n|l|\u2606Asanaquarian\n","uploadtime":1696223024,"views":6,"p1id":"lowksterp","p2id":"asanaquarian","formatid":"gen9nationaldexdoubles","rating":1103,"private":0,"password":""}