{"id":"gen9nationaldexdoubles-1950880851","p1":"bibleisreal20994","p2":"sneakycamel","format":"[Gen 9] National Dex Doubles","log":"|j|\u2606bibleisreal20994\n|j|\u2606sneakycamel\n|t:|1695515498\n|gametype|doubles\n|player|p1|bibleisreal20994|veteran|1128\n|player|p2|sneakycamel|harlequin|1000\n|teamsize|p1|6\n|teamsize|p2|6\n|gen|9\n|tier|[Gen 9] National Dex Doubles\n|rated|\n|rule|HP Percentage Mod: HP is shown in percentages\n|rule|Endless Battle Clause: Forcing endless battles is banned\n|rule|OHKO Clause: OHKO moves are banned\n|rule|Evasion Moves Clause: Evasion moves are banned\n|rule|Evasion Abilities Clause: Evasion abilities are banned\n|rule|Species Clause: Limit one of each Pok\u00e9mon\n|rule|Gravity Sleep Clause: The combination of sleep-inducing moves with imperfect accuracy and Gravity or Gigantamax Orbeetle are banned\n|clearpoke\n|poke|p1|Leavanny, F|\n|poke|p1|Ninetales, F|\n|poke|p1|Meowscarada, F|\n|poke|p1|Pheromosa|\n|poke|p1|Hatterene, F|\n|poke|p1|Milotic, F|\n|poke|p2|Masquerain, M|\n|poke|p2|Spectrier|\n|poke|p2|Guzzlord|\n|poke|p2|Iron Hands|\n|poke|p2|Dusclops, M|\n|poke|p2|Chien-Pao|\n|teampreview\n|inactive|Battle timer is ON: inactive players will automatically lose when time's up. (requested by bibleisreal20994)\n|\n|t:|1695515523\n|start\n|switch|p1a: Pheromosa|Pheromosa|100\/100\n|switch|p1b: Meowscarada|Meowscarada, F|100\/100\n|switch|p2a: Masquerain|Masquerain, M|100\/100\n|switch|p2b: Dusclops|Dusclops, M|100\/100\n|-ability|p2a: Masquerain|Intimidate|boost\n|-unboost|p1a: Pheromosa|atk|1\n|-unboost|p1b: Meowscarada|atk|1\n|-ability|p2b: Dusclops|Pressure\n|turn|1\n|\n|t:|1695515537\n|move|p1b: Meowscarada|Trick|p2b: Dusclops\n|-start|p1b: Meowscarada|typechange|Psychic|[from] ability: Protean\n|-activate|p1b: Meowscarada|move: Trick|[of] p2b: Dusclops\n|-item|p2b: Dusclops|Choice Scarf|[from] move: Trick\n|-item|p1b: Meowscarada|Eviolite|[from] move: Trick\n|move|p1a: Pheromosa|Ice Beam|p2a: Masquerain\n|-supereffective|p2a: Masquerain\n|-damage|p2a: Masquerain|4\/100\n|move|p2a: Masquerain|Bug Buzz|p1b: Meowscarada\n|-supereffective|p1b: Meowscarada\n|-damage|p1b: Meowscarada|0 fnt\n|faint|p1b: Meowscarada\n|move|p2b: Dusclops|Trick Room|p2b: Dusclops\n|-fieldstart|move: Trick Room|[of] p2b: Dusclops\n|\n|upkeep\n|\n|t:|1695515555\n|switch|p1b: Hatterene|Hatterene, F|100\/100\n|turn|2\n|\n|t:|1695515574\n|switch|p2b: Spectrier|Spectrier|100\/100\n|move|p2a: Masquerain|Bug Buzz|p1b: Hatterene\n|-crit|p1b: Hatterene\n|-damage|p1b: Hatterene|38\/100\n|-enditem|p1b: Hatterene|Sitrus Berry|[eat]\n|-heal|p1b: Hatterene|62\/100|[from] item: Sitrus Berry\n|move|p1a: Pheromosa|Electroweb|p2a: Masquerain|[spread] p2b\n|-miss|p1a: Pheromosa|p2a: Masquerain\n|-damage|p2b: Spectrier|80\/100\n|-unboost|p2b: Spectrier|spe|1\n|move|p1b: Hatterene|Trick Room|p1b: Hatterene\n|-fieldend|move: Trick Room\n|\n|upkeep\n|turn|3\n|inactive|sneakycamel has 120 seconds left.\n|\n|t:|1695515605\n|switch|p1b: Ninetales|Ninetales, F|100\/100\n|-weather|SunnyDay|[from] ability: Drought|[of] p1b: Ninetales\n|move|p1a: Pheromosa|Electroweb|p2b: Spectrier|[spread] p2a,p2b\n|-supereffective|p2a: Masquerain\n|-damage|p2a: Masquerain|0 fnt\n|-damage|p2b: Spectrier|61\/100\n|-unboost|p2b: Spectrier|spe|1\n|faint|p2a: Masquerain\n|-ability|p1a: Pheromosa|Beast Boost|boost\n|-boost|p1a: Pheromosa|spa|1\n|move|p2b: Spectrier|Shadow Ball|p1b: Ninetales\n|-damage|p1b: Ninetales|54\/100\n|-unboost|p1b: Ninetales|spd|1\n|\n|-weather|SunnyDay|[upkeep]\n|upkeep\n|inactive|sneakycamel has 120 seconds left.\n|\n|t:|1695515627\n|switch|p2a: Dusclops|Dusclops, M|100\/100\n|-ability|p2a: Dusclops|Pressure\n|turn|4\n|inactive|sneakycamel has 120 seconds left.\n|\n|t:|1695515641\n|switch|p1b: Hatterene|Hatterene, F|62\/100\n|-terastallize|p2b: Spectrier|Fairy\n|move|p2a: Dusclops|Ally Switch|p2a: Dusclops\n|swap|p2a: Dusclops|1|[from] move: Ally Switch\n|move|p1a: Pheromosa|Ice Beam|p2b: Dusclops\n|-damage|p2b: Dusclops|64\/100\n|move|p2a: Spectrier|Draining Kiss|p1a: Pheromosa\n|-supereffective|p1a: Pheromosa\n|-enditem|p1a: Pheromosa|Focus Sash\n|-damage|p1a: Pheromosa|1\/100\n|-heal|p2a: Spectrier|100\/100|[from] drain|[of] p1a: Pheromosa\n|\n|-weather|SunnyDay|[upkeep]\n|upkeep\n|turn|5\n|\n|t:|1695515663\n|switch|p2b: Iron Hands|Iron Hands|100\/100\n|move|p1a: Pheromosa|Protect|p1a: Pheromosa\n|-singleturn|p1a: Pheromosa|Protect\n|move|p2a: Spectrier|Shadow Ball|p1b: Hatterene\n|-supereffective|p1b: Hatterene\n|-damage|p1b: Hatterene|0 fnt\n|faint|p1b: Hatterene\n|-ability|p2a: Spectrier|Grim Neigh|boost\n|-boost|p2a: Spectrier|spa|1\n|\n|-weather|SunnyDay|[upkeep]\n|upkeep\n|-message|bibleisreal20994 forfeited.\n|\n|win|sneakycamel\n|raw|bibleisreal20994's rating: 1128 &rarr; <strong>1094<\/strong><br \/>(-34 for losing)\n|raw|sneakycamel's rating: 1000 &rarr; <strong>1054<\/strong><br \/>(+54 for winning)\n|l|\u2606bibleisreal20994\n","uploadtime":1695515874,"views":11,"p1id":"bibleisreal20994","p2id":"sneakycamel","formatid":"gen9nationaldexdoubles","rating":1054,"private":0,"password":""}