{"id":"gen9nationaldexdoubles-1991572943","p1":"Dinotrooper","p2":"TexanFarmersMarket","format":"[Gen 9] National Dex Doubles","log":"|j|\u2606Dinotrooper\n|j|\u2606TexanFarmersMarket\n|t:|1700089770\n|gametype|doubles\n|player|p1|Dinotrooper|170|\n|player|p2|TexanFarmersMarket|bellepa|\n|teamsize|p1|6\n|teamsize|p2|6\n|gen|9\n|tier|[Gen 9] National Dex Doubles\n|rule|HP Percentage Mod: HP is shown in percentages\n|rule|Endless Battle Clause: Forcing endless battles is banned\n|rule|OHKO Clause: OHKO moves are banned\n|rule|Evasion Moves Clause: Evasion moves are banned\n|rule|Evasion Abilities Clause: Evasion abilities are banned\n|rule|Species Clause: Limit one of each Pok\u00e9mon\n|rule|Gravity Sleep Clause: The combination of sleep-inducing moves with imperfect accuracy and Gravity or Gigantamax Orbeetle are banned\n|clearpoke\n|poke|p1|Baxcalibur, F|\n|poke|p1|Noivern, F|\n|poke|p1|Salamence, M|\n|poke|p1|Dragapult, F|\n|poke|p1|Goodra-Hisui, M|\n|poke|p1|Dragalge, F|\n|poke|p2|Ursaluna, M|\n|poke|p2|Noivern, M|\n|poke|p2|Hitmontop, M|\n|poke|p2|Mimikyu, M|\n|poke|p2|Aggron, M|\n|poke|p2|Lopunny, F|\n|teampreview\n|inactive|Battle timer is ON: inactive players will automatically lose when time's up. (requested by TexanFarmersMarket)\n|c|\u2606Dinotrooper|glhf\n|c|\u2606TexanFarmersMarket|glhf\n|c|\u2606TexanFarmersMarket|was this always a doubles gym?\n|c|\u2606Dinotrooper|nope\n|c|\u2606Dinotrooper|trying something\n|c|\u2606TexanFarmersMarket|yeah i dont remember it being doubles lol\n|\n|t:|1700089808\n|start\n|switch|p1a: Noivern|Noivern, F|100\/100\n|switch|p1b: Dragapult|Dragapult, F|100\/100\n|switch|p2a: Breakdancer|Hitmontop, M|100\/100\n|switch|p2b: Not Pikachu|Mimikyu, M|100\/100\n|turn|1\n|\n|t:|1700089820\n|move|p1b: Dragapult|Phantom Force||[still]\n|-prepare|p1b: Dragapult|Phantom Force\n|move|p1a: Noivern|Boomburst|p2a: Breakdancer|[spread] p2a\n|-miss|p1a: Noivern|p1b: Dragapult\n|-immune|p2b: Not Pikachu\n|-damage|p2a: Breakdancer|70\/100\n|move|p2b: Not Pikachu|Swords Dance|p2b: Not Pikachu\n|-boost|p2b: Not Pikachu|atk|2\n|move|p2a: Breakdancer|Triple Axel|p1b: Dragapult|[miss]\n|-miss|p2a: Breakdancer|p1b: Dragapult\n|\n|upkeep\n|turn|2\n|c|\u2606TexanFarmersMarket|this team is not made for doubles but its worth a shot\n|\n|t:|1700089835\n|move|p1b: Dragapult|Phantom Force|p2b: Not Pikachu|[from]lockedmove\n|-activate|p2b: Not Pikachu|ability: Disguise\n|-damage|p2b: Not Pikachu|100\/100\n|detailschange|p2b: Not Pikachu|Mimikyu-Busted, M\n|-damage|p2b: Not Pikachu|88\/100|[from] pokemon: Mimikyu-Busted\n|-damage|p1b: Dragapult|91\/100|[from] item: Life Orb\n|move|p1a: Noivern|Tailwind|p1a: Noivern\n|-sidestart|p1: Dinotrooper|move: Tailwind\n|-zpower|p2b: Not Pikachu\n|move|p2b: Not Pikachu|Let's Snuggle Forever|p1a: Noivern|[zeffect]\n|-supereffective|p1a: Noivern\n|-damage|p1a: Noivern|0 fnt\n|faint|p1a: Noivern\n|move|p2a: Breakdancer|Triple Axel|p1b: Dragapult\n|-supereffective|p1b: Dragapult\n|-damage|p1b: Dragapult|60\/100\n|-supereffective|p1b: Dragapult\n|-damage|p1b: Dragapult|0 fnt\n|faint|p1b: Dragapult\n|-hitcount|p1: Dragapult|2\n|\n|upkeep\n|\n|t:|1700089847\n|switch|p1b: Salamence|Salamence, M|100\/100\n|switch|p1a: Goodra|Goodra-Hisui, M|100\/100\n|-ability|p1b: Salamence|Intimidate|boost\n|-unboost|p2a: Breakdancer|atk|1\n|-unboost|p2b: Not Pikachu|atk|1\n|turn|3\n|\n|t:|1700089863\n|switch|p2a: Contact Only|Aggron, M|100\/100\n|detailschange|p1b: Salamence|Salamence-Mega, M\n|-mega|p1b: Salamence|Salamence|Salamencite\n|move|p1b: Salamence|Double-Edge|p2a: Contact Only\n|-resisted|p2a: Contact Only\n|-damage|p2a: Contact Only|86\/100\n|-damage|p1b: Salamence|96\/100|[from] Recoil\n|move|p2b: Not Pikachu|Swords Dance|p2b: Not Pikachu\n|-boost|p2b: Not Pikachu|atk|2\n|move|p1a: Goodra|Flash Cannon|p2b: Not Pikachu\n|-supereffective|p2b: Not Pikachu\n|-damage|p2b: Not Pikachu|0 fnt\n|faint|p2b: Not Pikachu\n|\n|upkeep\n|c|\u2606TexanFarmersMarket|oops\n|\n|t:|1700089871\n|switch|p2b: Breakdancer|Hitmontop, M|70\/100\n|turn|4\n|\n|t:|1700089878\n|move|p1b: Salamence|Double-Edge|p2b: Breakdancer\n|-supereffective|p2b: Breakdancer\n|-damage|p2b: Breakdancer|0 fnt\n|faint|p2b: Breakdancer\n|-damage|p1b: Salamence|75\/100|[from] Recoil\n|move|p1a: Goodra|Draco Meteor|p2a: Contact Only\n|-resisted|p2a: Contact Only\n|-damage|p2a: Contact Only|53\/100\n|-unboost|p1a: Goodra|spa|2\n|move|p2a: Contact Only|Earthquake|p1a: Goodra|[spread] p1a\n|-immune|p1b: Salamence\n|-supereffective|p1a: Goodra\n|-damage|p1a: Goodra|53\/100\n|\n|upkeep\n|\n|t:|1700089891\n|switch|p2b: Not Ursaring|Ursaluna, M|100\/100\n|turn|5\n|\n|t:|1700089899\n|move|p2b: Not Ursaring|Protect|p2b: Not Ursaring\n|-singleturn|p2b: Not Ursaring|Protect\n|move|p1b: Salamence|Double-Edge|p2b: Not Ursaring\n|-activate|p2b: Not Ursaring|move: Protect\n|move|p1a: Goodra|Ice Beam|p2b: Not Ursaring\n|-activate|p2b: Not Ursaring|move: Protect\n|move|p2a: Contact Only|Stone Edge|p1b: Salamence|[miss]\n|-miss|p2a: Contact Only|p1b: Salamence\n|\n|-sideend|p1: Dinotrooper|move: Tailwind\n|-status|p2b: Not Ursaring|brn|[from] item: Flame Orb\n|upkeep\n|turn|6\n|\n|t:|1700089918\n|move|p1b: Salamence|Double-Edge|p2b: Not Ursaring\n|-damage|p2b: Not Ursaring|39\/100 brn\n|-damage|p1b: Salamence|47\/100|[from] Recoil\n|move|p1a: Goodra|Ice Beam|p2b: Not Ursaring\n|-supereffective|p2b: Not Ursaring\n|-damage|p2b: Not Ursaring|13\/100 brn\n|move|p2a: Contact Only|Stone Edge|p1b: Salamence\n|-supereffective|p1b: Salamence\n|-damage|p1b: Salamence|0 fnt\n|faint|p1b: Salamence\n|move|p2b: Not Ursaring|Headlong Rush|p1a: Goodra\n|-supereffective|p1a: Goodra\n|-damage|p1a: Goodra|0 fnt\n|-unboost|p2b: Not Ursaring|def|1\n|-unboost|p2b: Not Ursaring|spd|1\n|faint|p1a: Goodra\n|\n|-damage|p2b: Not Ursaring|7\/100 brn|[from] brn\n|upkeep\n|\n|t:|1700089922\n|switch|p1b: Dragalge|Dragalge, F|100\/100\n|switch|p1a: Baxcalibur|Baxcalibur, F|100\/100\n|turn|7\n|inactive|Dinotrooper has 270 seconds left.\n|\n|t:|1700089963\n|-terastallize|p1a: Baxcalibur|Fairy\n|move|p1a: Baxcalibur|Icicle Spear|p2b: Not Ursaring\n|-supereffective|p2b: Not Ursaring\n|-damage|p2b: Not Ursaring|0 fnt\n|faint|p2b: Not Ursaring\n|-hitcount|p2: Not Ursaring|1\n|move|p2a: Contact Only|Stone Edge|p1a: Baxcalibur\n|-damage|p1a: Baxcalibur|53\/100\n|move|p1b: Dragalge|Draco Meteor|p2a: Contact Only\n|-resisted|p2a: Contact Only\n|-damage|p2a: Contact Only|10\/100\n|-unboost|p1b: Dragalge|spa|2\n|\n|upkeep\n|\n|t:|1700089973\n|switch|p2b: Gamefreak What|Lopunny, F|100\/100\n|turn|8\n|c|\u2606Dinotrooper|aight, this team ain't great eithr\n|\n|t:|1700089985\n|detailschange|p2b: Gamefreak What|Lopunny-Mega, F\n|-mega|p2b: Gamefreak What|Lopunny|Lopunnite\n|move|p2b: Gamefreak What|Fake Out|p1a: Baxcalibur\n|-damage|p1a: Baxcalibur|31\/100\n|cant|p1a: Baxcalibur|flinch\n|move|p2a: Contact Only|Stone Edge|p1b: Dragalge\n|-crit|p1b: Dragalge\n|-damage|p1b: Dragalge|18\/100\n|move|p1b: Dragalge|Haze|p1b: Dragalge\n|-clearallboost\n|\n|-heal|p1b: Dragalge|24\/100|[from] item: Leftovers\n|upkeep\n|turn|9\n|\n|t:|1700089997\n|move|p2b: Gamefreak What|Frustration|p1a: Baxcalibur\n|-damage|p1a: Baxcalibur|0 fnt\n|faint|p1a: Baxcalibur\n|move|p2a: Contact Only|Stone Edge|p1b: Dragalge\n|-damage|p1b: Dragalge|0 fnt\n|faint|p1b: Dragalge\n|\n|win|TexanFarmersMarket\n|c|\u2606Dinotrooper|gg\n","uploadtime":1700090002,"views":13,"p1id":"dinotrooper","p2id":"texanfarmersmarket","formatid":"gen9nationaldexdoubles","rating":0,"private":0,"password":""}