{"id":"gen9nationaldexdoubles-1963011184","p1":"Fluff018","p2":"WIISPORTSFAN420","format":"[Gen 9] National Dex Doubles","log":"|j|\u2606Fluff018\n|j|\u2606WIISPORTSFAN420\n|t:|1696815376\n|gametype|doubles\n|player|p1|Fluff018|ninjaboy|1184\n|player|p2|WIISPORTSFAN420|1|1111\n|teamsize|p1|6\n|teamsize|p2|6\n|gen|9\n|tier|[Gen 9] National Dex Doubles\n|rated|\n|rule|HP Percentage Mod: HP is shown in percentages\n|rule|Endless Battle Clause: Forcing endless battles is banned\n|rule|OHKO Clause: OHKO moves are banned\n|rule|Evasion Moves Clause: Evasion moves are banned\n|rule|Evasion Abilities Clause: Evasion abilities are banned\n|rule|Species Clause: Limit one of each Pok\u00e9mon\n|rule|Gravity Sleep Clause: The combination of sleep-inducing moves with imperfect accuracy and Gravity or Gigantamax Orbeetle are banned\n|clearpoke\n|poke|p1|Ninetales-Alola, F|\n|poke|p1|Abomasnow, M|\n|poke|p1|Arctozolt|\n|poke|p1|Arctovish|\n|poke|p1|Chien-Pao|\n|poke|p1|Glalie, F|\n|poke|p2|Chi-Yu|\n|poke|p2|Dondozo, F|\n|poke|p2|Gardevoir, M|\n|poke|p2|Arcanine-Hisui, M|\n|poke|p2|Murkrow, F|\n|poke|p2|Brute Bonnet|\n|teampreview\n|\n|t:|1696815384\n|start\n|switch|p1a: Ninetales|Ninetales-Alola, F|100\/100\n|switch|p1b: Arctozolt|Arctozolt|100\/100\n|switch|p2a: lil guy|Chi-Yu|100\/100\n|switch|p2b: funny hat guy|Murkrow, F, shiny|100\/100\n|-weather|Snow|[from] ability: Snow Warning|[of] p1a: Ninetales\n|-ability|p2a: lil guy|Beads of Ruin\n|turn|1\n|\n|t:|1696815413\n|move|p2b: funny hat guy|Tailwind|p2b: funny hat guy\n|-sidestart|p2: WIISPORTSFAN420|move: Tailwind\n|move|p2a: lil guy|Heat Wave|p1b: Arctozolt|[spread] p1a,p1b\n|-supereffective|p1a: Ninetales\n|-supereffective|p1b: Arctozolt\n|-damage|p1a: Ninetales|0 fnt\n|-damage|p1b: Arctozolt|0 fnt\n|faint|p1a: Ninetales\n|faint|p1b: Arctozolt\n|-damage|p2a: lil guy|91\/100|[from] item: Life Orb\n|\n|-weather|Snow|[upkeep]\n|upkeep\n|\n|t:|1696815427\n|switch|p1a: Arctovish|Arctovish|100\/100\n|switch|p1b: Chien-Pao|Chien-Pao|100\/100\n|-ability|p1b: Chien-Pao|Sword of Ruin\n|turn|2\n|\n|t:|1696815437\n|move|p1b: Chien-Pao|Protect|p1b: Chien-Pao\n|-singleturn|p1b: Chien-Pao|Protect\n|move|p2b: funny hat guy|Sunny Day|p2b: funny hat guy\n|-weather|SunnyDay\n|move|p2a: lil guy|Heat Wave|p1b: Chien-Pao|[spread] \n|-activate|p1b: Chien-Pao|move: Protect\n|-miss|p2a: lil guy|p1a: Arctovish\n|move|p1a: Arctovish|Fishious Rend|p2a: lil guy\n|-supereffective|p2a: lil guy\n|-damage|p2a: lil guy|10\/100\n|\n|-weather|SunnyDay|[upkeep]\n|upkeep\n|turn|3\n|\n|t:|1696815455\n|switch|p1a: Abomasnow|Abomasnow, M|100\/100\n|-weather|Snow|[from] ability: Snow Warning|[of] p1a: Abomasnow\n|move|p1b: Chien-Pao|Sucker Punch|p2a: lil guy\n|-resisted|p2a: lil guy\n|-damage|p2a: lil guy|0 fnt\n|faint|p2a: lil guy\n|move|p2b: funny hat guy|Foul Play|p1a: Abomasnow\n|-damage|p1a: Abomasnow|78\/100\n|\n|-weather|Snow|[upkeep]\n|upkeep\n|\n|t:|1696815467\n|switch|p2a: big dawg|Arcanine-Hisui, M|100\/100\n|-ability|p2a: big dawg|Intimidate|boost\n|-unboost|p1a: Abomasnow|atk|1\n|-unboost|p1b: Chien-Pao|atk|1\n|turn|4\n|\n|t:|1696815487\n|move|p1b: Chien-Pao|Protect|p1b: Chien-Pao\n|-singleturn|p1b: Chien-Pao|Protect\n|move|p2b: funny hat guy|Sunny Day|p2b: funny hat guy\n|-weather|SunnyDay\n|move|p2a: big dawg|Flare Blitz|p1b: Chien-Pao\n|-activate|p1b: Chien-Pao|move: Protect\n|move|p1a: Abomasnow|Chilling Water|p2a: big dawg\n|-supereffective|p2a: big dawg\n|-crit|p2a: big dawg\n|-damage|p2a: big dawg|47\/100\n|-unboost|p2a: big dawg|atk|1\n|\n|-weather|SunnyDay|[upkeep]\n|-sideend|p2: WIISPORTSFAN420|move: Tailwind\n|upkeep\n|turn|5\n|\n|t:|1696815506\n|switch|p1a: Arctovish|Arctovish|100\/100\n|move|p2b: funny hat guy|Tailwind|p2b: funny hat guy\n|-sidestart|p2: WIISPORTSFAN420|move: Tailwind\n|move|p2a: big dawg|Flare Blitz|p1b: Chien-Pao\n|-supereffective|p1b: Chien-Pao\n|-enditem|p1b: Chien-Pao|Focus Sash\n|-damage|p1b: Chien-Pao|1\/100\n|-damage|p2a: big dawg|17\/100|[from] Recoil\n|move|p1b: Chien-Pao|Ice Spinner|p2b: funny hat guy\n|-supereffective|p2b: funny hat guy\n|-damage|p2b: funny hat guy|0 fnt\n|faint|p2b: funny hat guy\n|\n|-weather|SunnyDay|[upkeep]\n|upkeep\n|\n|t:|1696815526\n|switch|p2b: Keke Tang|Gardevoir, M, shiny|100\/100\n|turn|6\n|\n|t:|1696815534\n|switch|p1a: Abomasnow|Abomasnow, M|78\/100\n|-weather|Snow|[from] ability: Snow Warning|[of] p1a: Abomasnow\n|detailschange|p2b: Keke Tang|Gardevoir-Mega, M, shiny\n|-mega|p2b: Keke Tang|Gardevoir|Gardevoirite\n|move|p1b: Chien-Pao|Sucker Punch|p2a: big dawg\n|-damage|p2a: big dawg|0 fnt\n|faint|p2a: big dawg\n|move|p2b: Keke Tang|Hyper Voice|p1a: Abomasnow|[spread] p1a,p1b\n|-supereffective|p1b: Chien-Pao\n|-damage|p1a: Abomasnow|39\/100\n|-damage|p1b: Chien-Pao|0 fnt\n|faint|p1b: Chien-Pao\n|\n|-weather|Snow|[upkeep]\n|upkeep\n|\n|t:|1696815555\n|switch|p1b: Arctovish|Arctovish|100\/100\n|switch|p2a: big guy|Dondozo, F|100\/100\n|turn|7\n|\n|t:|1696815569\n|move|p2b: Keke Tang|Hyper Voice|p1b: Arctovish|[spread] p1a,p1b\n|-damage|p1a: Abomasnow|3\/100\n|-damage|p1b: Arctovish|33\/100\n|move|p1b: Arctovish|Fishious Rend|p2b: Keke Tang\n|-damage|p2b: Keke Tang|42\/100\n|move|p2a: big guy|Yawn|p1b: Arctovish\n|-start|p1b: Arctovish|move: Yawn|[of] p2a: big guy\n|move|p1a: Abomasnow|Energy Ball|p2a: big guy\n|-supereffective|p2a: big guy\n|-damage|p2a: big guy|48\/100\n|\n|-weather|Snow|[upkeep]\n|-heal|p2a: big guy|54\/100|[from] item: Leftovers\n|upkeep\n|turn|8\n|\n|t:|1696815595\n|move|p2a: big guy|Protect|p2a: big guy\n|-singleturn|p2a: big guy|Protect\n|move|p2b: Keke Tang|Hyper Voice|p1a: Abomasnow|[spread] p1a,p1b\n|-damage|p1a: Abomasnow|0 fnt\n|-damage|p1b: Arctovish|0 fnt\n|faint|p1a: Abomasnow\n|faint|p1b: Arctovish\n|\n|-weather|Snow|[upkeep]\n|-heal|p2a: big guy|60\/100|[from] item: Leftovers\n|-sideend|p2: WIISPORTSFAN420|move: Tailwind\n|upkeep\n|\n|t:|1696815605\n|switch|p1a: Glalie|Glalie, F|100\/100\n|turn|9\n|\n|t:|1696815616\n|detailschange|p1a: Glalie|Glalie-Mega, F\n|-mega|p1a: Glalie|Glalie|Glalitite\n|move|p1a: Glalie|Protect|p1a: Glalie\n|-singleturn|p1a: Glalie|Protect\n|move|p2b: Keke Tang|Moonblast|p1a: Glalie\n|-activate|p1a: Glalie|move: Protect\n|move|p2a: big guy|Heavy Slam|p1a: Glalie\n|-activate|p1a: Glalie|move: Protect\n|\n|-weather|Snow|[upkeep]\n|-heal|p2a: big guy|67\/100|[from] item: Leftovers\n|upkeep\n|turn|10\n|\n|t:|1696815646\n|move|p1a: Glalie|Double-Edge|p2b: Keke Tang\n|-damage|p2b: Keke Tang|0 fnt\n|faint|p2b: Keke Tang\n|-damage|p1a: Glalie|88\/100|[from] Recoil\n|move|p2a: big guy|Heavy Slam|p1a: Glalie\n|-supereffective|p1a: Glalie\n|-crit|p1a: Glalie\n|-damage|p1a: Glalie|59\/100\n|\n|-weather|none\n|-heal|p2a: big guy|73\/100|[from] item: Leftovers\n|upkeep\n|\n|t:|1696815658\n|switch|p2b: Bute Bonnet|Brute Bonnet|100\/100\n|turn|11\n|\n|t:|1696815667\n|move|p1a: Glalie|Double-Edge|p2b: Bute Bonnet\n|-supereffective|p2b: Bute Bonnet\n|-damage|p2b: Bute Bonnet|0 fnt\n|faint|p2b: Bute Bonnet\n|-end|p2b: Bute Bonnet|Protosynthesis|[silent]\n|-damage|p1a: Glalie|12\/100|[from] Recoil\n|move|p2a: big guy|Heavy Slam|p1a: Glalie\n|-supereffective|p1a: Glalie\n|-damage|p1a: Glalie|0 fnt\n|faint|p1a: Glalie\n|\n|win|WIISPORTSFAN420\n|raw|Fluff018's rating: 1184 &rarr; <strong>1154<\/strong><br \/>(-30 for losing)\n|raw|WIISPORTSFAN420's rating: 1111 &rarr; <strong>1141<\/strong><br \/>(+30 for winning)\n|c|\u2606Fluff018|would you believe me that this you are the first person to knock me out with this team in a while\n|c|\u2606Fluff018|anyways gg\n","uploadtime":1696815683,"views":16,"p1id":"fluff018","p2id":"wiisportsfan420","formatid":"gen9nationaldexdoubles","rating":1141,"private":0,"password":""}