{"id":"gen9nationaldexdoubles-1960716149","p1":"Mudkiped","p2":"Danomatic132","format":"[Gen 9] National Dex Doubles","log":"|j|\u2606Mudkiped\n|j|\u2606Danomatic132\n|t:|1696549017\n|gametype|doubles\n|player|p1|Mudkiped|crasherwake|\n|player|p2|Danomatic132|steven-masters2|\n|teamsize|p1|6\n|teamsize|p2|6\n|gen|9\n|tier|[Gen 9] National Dex Doubles\n|rule|HP Percentage Mod: HP is shown in percentages\n|rule|Endless Battle Clause: Forcing endless battles is banned\n|rule|OHKO Clause: OHKO moves are banned\n|rule|Evasion Moves Clause: Evasion moves are banned\n|rule|Evasion Abilities Clause: Evasion abilities are banned\n|rule|Species Clause: Limit one of each Pok\u00e9mon\n|rule|Gravity Sleep Clause: The combination of sleep-inducing moves with imperfect accuracy and Gravity or Gigantamax Orbeetle are banned\n|clearpoke\n|poke|p1|Wo-Chien|\n|poke|p1|Sinistcha-Masterpiece|\n|poke|p1|Incineroar, M|\n|poke|p1|Tinkaton, F|\n|poke|p1|Ninetales-Alola, F|\n|poke|p1|Landorus, M|\n|poke|p2|Ursaluna, M|\n|poke|p2|Amoonguss, M|\n|poke|p2|Ninetales-Alola, M|\n|poke|p2|Tyranitar, F|\n|poke|p2|Armarouge, F|\n|poke|p2|Indeedee-F, F|\n|teampreview\n|j| cr46290\n|inactive|Battle timer is ON: inactive players will automatically lose when time's up. (requested by Danomatic132)\n|inactive|Mudkiped has 270 seconds left.\n|\n|t:|1696549083\n|start\n|switch|p1a: Whats New?|Incineroar, M, shiny|100\/100\n|switch|p1b: Lich's Big W|Wo-Chien|100\/100\n|switch|p2a: Amoonguss|Amoonguss, M|100\/100\n|switch|p2b: Ninetales|Ninetales-Alola, M|100\/100\n|-weather|Snow|[from] ability: Snow Warning|[of] p2b: Ninetales\n|-ability|p1b: Lich's Big W|Tablets of Ruin\n|-ability|p1a: Whats New?|Intimidate|boost\n|-unboost|p2a: Amoonguss|atk|1\n|-unboost|p2b: Ninetales|atk|1\n|turn|1\n|j| caeden0330\n|inactive|Mudkiped has 270 seconds left.\n|inactive|Mudkiped has 240 seconds left.\n|\n|t:|1696549144\n|move|p2b: Ninetales|Aurora Veil|p2b: Ninetales\n|-sidestart|p2: Danomatic132|move: Aurora Veil\n|move|p1b: Lich's Big W|Leech Seed|p2b: Ninetales\n|-start|p2b: Ninetales|move: Leech Seed\n|move|p1a: Whats New?|Flare Blitz|p2b: Ninetales\n|-supereffective|p2b: Ninetales\n|-damage|p2b: Ninetales|49\/100\n|-damage|p1a: Whats New?|88\/100|[from] Recoil\n|move|p2a: Amoonguss|Spore|p1a: Whats New?\n|-status|p1a: Whats New?|slp|[from] move: Spore\n|\n|-weather|Snow|[upkeep]\n|-damage|p2b: Ninetales|37\/100|[from] Leech Seed|[of] p1b: Lich's Big W\n|upkeep\n|turn|2\n|inactive|Mudkiped has 240 seconds left.\n|\n|t:|1696549191\n|switch|p2b: Indeedee|Indeedee-F, F|100\/100\n|-fieldstart|move: Psychic Terrain|[from] ability: Psychic Surge|[of] p2b: Indeedee\n|switch|p1b: Let Em Cook|Sinistcha-Masterpiece, shiny|100\/100\n|-heal|p1a: Whats New?|100\/100 slp|[from] ability: Hospitality|[of] p1b: Let Em Cook\n|switch|p1a: Tinkaton|Tinkaton, F|100\/100\n|-ability|p1a: Tinkaton|Mold Breaker\n|move|p2a: Amoonguss|Sludge Bomb|p1b: Let Em Cook\n|-damage|p1b: Let Em Cook|79\/100\n|-status|p1b: Let Em Cook|psn\n|\n|-weather|Snow|[upkeep]\n|-damage|p1b: Let Em Cook|66\/100 psn|[from] psn\n|upkeep\n|turn|3\n|inactive|Mudkiped has 240 seconds left.\n|inactive|Mudkiped has 210 seconds left.\n|\n|t:|1696549229\n|switch|p2a: Armarouge|Armarouge, F|100\/100\n|move|p2b: Indeedee|Follow Me|p2b: Indeedee\n|-singleturn|p2b: Indeedee|move: Follow Me\n|move|p1a: Tinkaton|Knock Off|p2b: Indeedee\n|-supereffective|p2b: Indeedee\n|-damage|p2b: Indeedee|44\/100\n|-enditem|p2b: Indeedee|Terrain Extender|[from] move: Knock Off|[of] p1a: Tinkaton\n|move|p1b: Let Em Cook|Trick Room|p1b: Let Em Cook\n|-fieldstart|move: Trick Room|[of] p1b: Let Em Cook\n|\n|-weather|Snow|[upkeep]\n|-damage|p1b: Let Em Cook|54\/100 psn|[from] psn\n|upkeep\n|turn|4\n|inactive|Mudkiped has 210 seconds left.\n|\n|t:|1696549273\n|switch|p1b: Lich's Big W|Wo-Chien|100\/100\n|-ability|p1b: Lich's Big W|Tablets of Ruin\n|switch|p1a: Whats New?|Incineroar, M, shiny|100\/100 slp\n|-ability|p1a: Whats New?|Intimidate|boost\n|-unboost|p2a: Armarouge|atk|1\n|-unboost|p2b: Indeedee|atk|1\n|-terastallize|p2a: Armarouge|Psychic\n|move|p2a: Armarouge|Expanding Force|p1b: Lich's Big W|[spread] \n|-immune|p1a: Whats New?\n|-immune|p1b: Lich's Big W\n|move|p2b: Indeedee|Expanding Force|p1b: Lich's Big W|[spread] \n|-immune|p1a: Whats New?\n|-immune|p1b: Lich's Big W\n|\n|-weather|Snow|[upkeep]\n|upkeep\n|turn|5\n|inactive|Mudkiped has 210 seconds left.\n|\n|t:|1696549301\n|cant|p1a: Whats New?|slp\n|move|p2a: Armarouge|Armor Cannon|p1b: Lich's Big W\n|-supereffective|p1b: Lich's Big W\n|-damage|p1b: Lich's Big W|26\/100\n|-unboost|p2a: Armarouge|def|1\n|-unboost|p2a: Armarouge|spd|1\n|move|p1b: Lich's Big W|Leech Seed|p2b: Indeedee\n|-start|p2b: Indeedee|move: Leech Seed\n|move|p2b: Indeedee|Mystical Fire|p1b: Lich's Big W\n|-supereffective|p1b: Lich's Big W\n|-damage|p1b: Lich's Big W|0 fnt\n|faint|p1b: Lich's Big W\n|\n|-weather|none\n|upkeep\n|inactive|Mudkiped has 180 seconds left.\n|\n|t:|1696549346\n|switch|p1b: Wheres My Tea?|Landorus, M|100\/100\n|turn|6\n|inactive|Mudkiped has 180 seconds left.\n|\n|t:|1696549363\n|switch|p2a: Amoonguss|Amoonguss, M|100\/100\n|switch|p2b: Tyranitar|Tyranitar, F|100\/100\n|-weather|Sandstorm|[from] ability: Sand Stream|[of] p2b: Tyranitar\n|cant|p1a: Whats New?|slp\n|move|p1b: Wheres My Tea?|Sandsear Storm|p2a: Amoonguss|[spread] p2b\n|-miss|p1b: Wheres My Tea?|p2a: Amoonguss\n|-supereffective|p2b: Tyranitar\n|-damage|p2b: Tyranitar|61\/100\n|\n|-weather|Sandstorm|[upkeep]\n|-damage|p2a: Amoonguss|94\/100|[from] Sandstorm\n|-damage|p1a: Whats New?|94\/100 slp|[from] Sandstorm\n|-heal|p2a: Amoonguss|100\/100|[from] item: Black Sludge\n|upkeep\n|turn|7\n|inactive|Mudkiped has 180 seconds left.\n|inactive|Mudkiped has 150 seconds left.\n|\n|t:|1696549411\n|switch|p1b: Let Em Cook|Sinistcha-Masterpiece, shiny|54\/100 psn\n|-heal|p1a: Whats New?|100\/100 slp|[from] ability: Hospitality|[of] p1b: Let Em Cook\n|detailschange|p2b: Tyranitar|Tyranitar-Mega, F\n|-mega|p2b: Tyranitar|Tyranitar|Tyranitarite\n|-terastallize|p1a: Whats New?|Ghost\n|move|p2a: Amoonguss|Spore|p1b: Let Em Cook\n|-immune|p1b: Let Em Cook\n|-curestatus|p1a: Whats New?|slp|[msg]\n|move|p1a: Whats New?|Flare Blitz|p2a: Amoonguss\n|-supereffective|p2a: Amoonguss\n|-damage|p2a: Amoonguss|47\/100\n|-damage|p1a: Whats New?|81\/100|[from] Recoil\n|move|p2b: Tyranitar|Rock Slide|p1a: Whats New?|[spread] p1a,p1b\n|-damage|p1a: Whats New?|43\/100\n|-damage|p1b: Let Em Cook|16\/100 psn\n|-enditem|p1a: Whats New?|Sitrus Berry|[eat]\n|-heal|p1a: Whats New?|68\/100|[from] item: Sitrus Berry\n|\n|-weather|Sandstorm|[upkeep]\n|-damage|p2a: Amoonguss|41\/100|[from] Sandstorm\n|-damage|p1a: Whats New?|62\/100|[from] Sandstorm\n|-damage|p1b: Let Em Cook|10\/100 psn|[from] Sandstorm\n|-heal|p2a: Amoonguss|47\/100|[from] item: Black Sludge\n|-damage|p1b: Let Em Cook|0 fnt|[from] psn\n|faint|p1b: Let Em Cook\n|-fieldend|move: Trick Room\n|upkeep\n|inactive|Mudkiped has 150 seconds left.\n|inactive|Mudkiped has 120 seconds left.\n|\n|t:|1696549451\n|switch|p1b: Wheres My Tea?|Landorus, M|100\/100\n|turn|8\n|\n|t:|1696549477\n|switch|p2a: Ursaluna|Ursaluna, M|100\/100\n|move|p1b: Wheres My Tea?|Sandsear Storm|p2a: Ursaluna|[spread] p2b\n|-miss|p1b: Wheres My Tea?|p2a: Ursaluna\n|-supereffective|p2b: Tyranitar\n|-damage|p2b: Tyranitar|26\/100\n|move|p2b: Tyranitar|Crunch|p1a: Whats New?\n|-supereffective|p1a: Whats New?\n|-damage|p1a: Whats New?|0 fnt\n|faint|p1a: Whats New?\n|\n|-weather|Sandstorm|[upkeep]\n|-sideend|p2: Danomatic132|move: Aurora Veil\n|upkeep\n|inactive|Mudkiped has 120 seconds left.\n|\n|t:|1696549488\n|switch|p1a: Mc Cloud|Ninetales-Alola, F|100\/100\n|-weather|Snow|[from] ability: Snow Warning|[of] p1a: Mc Cloud\n|turn|9\n|inactive|Mudkiped has 120 seconds left.\n|\n|t:|1696549516\n|move|p1a: Mc Cloud|Aurora Veil|p1a: Mc Cloud\n|-sidestart|p1: Mudkiped|move: Aurora Veil\n|move|p1b: Wheres My Tea?|Sandsear Storm|p2a: Ursaluna|[spread] p2a\n|-miss|p1b: Wheres My Tea?|p2b: Tyranitar\n|-damage|p2a: Ursaluna|65\/100\n|move|p2b: Tyranitar|Rock Slide|p1a: Mc Cloud|[spread] p1a,p1b\n|-supereffective|p1a: Mc Cloud\n|-damage|p1a: Mc Cloud|54\/100\n|-damage|p1b: Wheres My Tea?|75\/100\n|move|p2a: Ursaluna|Return|p1b: Wheres My Tea?\n|-damage|p1b: Wheres My Tea?|40\/100\n|\n|-weather|Snow|[upkeep]\n|-heal|p2a: Ursaluna|71\/100|[from] item: Leftovers\n|-fieldend|move: Psychic Terrain\n|upkeep\n|turn|10\n|\n|t:|1696549543\n|switch|p2b: Ninetales|Ninetales-Alola, M|37\/100\n|move|p1a: Mc Cloud|Freeze-Dry|p2a: Ursaluna\n|-supereffective|p2a: Ursaluna\n|-damage|p2a: Ursaluna|37\/100\n|move|p1b: Wheres My Tea?|Sandsear Storm|p2a: Ursaluna|[spread] \n|-miss|p1b: Wheres My Tea?|p2a: Ursaluna\n|-miss|p1b: Wheres My Tea?|p2b: Ninetales\n|move|p2a: Ursaluna|Return|p1b: Wheres My Tea?\n|-damage|p1b: Wheres My Tea?|6\/100\n|\n|-weather|Snow|[upkeep]\n|-heal|p2a: Ursaluna|43\/100|[from] item: Leftovers\n|upkeep\n|turn|11\n|inactive|Mudkiped has 150 seconds left.\n|inactive|Mudkiped has 120 seconds left.\n|\n|t:|1696549578\n|switch|p1b: Tinkaton|Tinkaton, F|100\/100\n|-ability|p1b: Tinkaton|Mold Breaker\n|move|p1a: Mc Cloud|Freeze-Dry|p2a: Ursaluna\n|-supereffective|p2a: Ursaluna\n|-damage|p2a: Ursaluna|9\/100\n|move|p2b: Ninetales|Blizzard|p1b: Tinkaton|[spread] p1a,p1b\n|-resisted|p1a: Mc Cloud\n|-resisted|p1b: Tinkaton\n|-damage|p1a: Mc Cloud|42\/100\n|-damage|p1b: Tinkaton|89\/100\n|move|p2a: Ursaluna|Earthquake|p1a: Mc Cloud|[spread] p2b,p1a,p1b\n|-supereffective|p1b: Tinkaton\n|-damage|p2b: Ninetales|2\/100\n|-damage|p1a: Mc Cloud|22\/100\n|-damage|p1b: Tinkaton|29\/100\n|\n|-weather|Snow|[upkeep]\n|-heal|p1b: Tinkaton|35\/100|[from] item: Leftovers\n|-heal|p2a: Ursaluna|15\/100|[from] item: Leftovers\n|upkeep\n|turn|12\n|inactive|Mudkiped has 120 seconds left.\n|\n|t:|1696549624\n|move|p1b: Tinkaton|Fake Out|p2b: Ninetales\n|-damage|p2b: Ninetales|0 fnt\n|faint|p2b: Ninetales\n|move|p1a: Mc Cloud|Freeze-Dry|p2a: Ursaluna\n|-supereffective|p2a: Ursaluna\n|-damage|p2a: Ursaluna|0 fnt\n|faint|p2a: Ursaluna\n|\n|-weather|Snow|[upkeep]\n|-heal|p1b: Tinkaton|41\/100|[from] item: Leftovers\n|upkeep\n|\n|t:|1696549638\n|switch|p2b: Amoonguss|Amoonguss, M|80\/100\n|switch|p2a: Armarouge|Armarouge, F, tera:Psychic|100\/100\n|turn|13\n|inactive|Mudkiped has 120 seconds left.\n|\n|t:|1696549662\n|move|p1b: Tinkaton|Protect|p1b: Tinkaton\n|-singleturn|p1b: Tinkaton|Protect\n|move|p2b: Amoonguss|Rage Powder|p2b: Amoonguss\n|-singleturn|p2b: Amoonguss|move: Rage Powder\n|move|p1a: Mc Cloud|Freeze-Dry|p2b: Amoonguss\n|-supereffective|p2b: Amoonguss\n|-damage|p2b: Amoonguss|37\/100\n|move|p2a: Armarouge|Armor Cannon|p1b: Tinkaton\n|-activate|p1b: Tinkaton|move: Protect\n|\n|-weather|none\n|-heal|p1b: Tinkaton|47\/100|[from] item: Leftovers\n|-heal|p2b: Amoonguss|43\/100|[from] item: Black Sludge\n|upkeep\n|turn|14\n|inactive|Mudkiped has 120 seconds left.\n|l|\u2606Mudkiped\n|inactive|Mudkiped disconnected and has 300 seconds to reconnect!\n|player|p1|\n|inactive|Danomatic132 has 270 seconds left.\n|j|\u2606Mudkiped\n|inactive|Mudkiped reconnected and has 115 seconds left.\n|player|p1|Mudkiped|crasherwake\n|inactive|Mudkiped has 90 seconds left.\n|\n|t:|1696549731\n|switch|p2b: Indeedee|Indeedee-F, F|44\/100\n|-fieldstart|move: Psychic Terrain|[from] ability: Psychic Surge|[of] p2b: Indeedee\n|move|p1a: Mc Cloud|Freeze-Dry|p2b: Indeedee\n|-damage|p2b: Indeedee|21\/100\n|move|p1b: Tinkaton|Knock Off|p2a: Armarouge\n|-supereffective|p2a: Armarouge\n|-damage|p2a: Armarouge|58\/100\n|-enditem|p2a: Armarouge|Weakness Policy\n|-boost|p2a: Armarouge|atk|2|[from] item: Weakness Policy\n|-boost|p2a: Armarouge|spa|2|[from] item: Weakness Policy\n|move|p2a: Armarouge|Armor Cannon|p1b: Tinkaton\n|-supereffective|p1b: Tinkaton\n|-damage|p1b: Tinkaton|0 fnt\n|-unboost|p2a: Armarouge|def|1\n|-unboost|p2a: Armarouge|spd|1\n|faint|p1b: Tinkaton\n|\n|upkeep\n|inactive|Mudkiped has 90 seconds left.\n|\n|t:|1696549746\n|switch|p1b: Wheres My Tea?|Landorus, M|6\/100\n|turn|15\n|inactive|Mudkiped has 90 seconds left.\n|\n|t:|1696549767\n|move|p1a: Mc Cloud|Moonblast|p2a: Armarouge\n|-damage|p2a: Armarouge|0 fnt\n|faint|p2a: Armarouge\n|move|p1b: Wheres My Tea?|Sandsear Storm|p2b: Indeedee|[miss]\n|-miss|p1b: Wheres My Tea?|p2b: Indeedee\n|move|p2b: Indeedee|Expanding Force|p1b: Wheres My Tea?|[spread] p1a,p1b\n|-damage|p1a: Mc Cloud|0 fnt\n|-damage|p1b: Wheres My Tea?|0 fnt\n|faint|p1a: Mc Cloud\n|faint|p1b: Wheres My Tea?\n|\n|win|Danomatic132\n|l|\u2606Mudkiped\n|l| caeden0330\n|l|\u2606Danomatic132\n","uploadtime":1696550418,"views":12,"p1id":"mudkiped","p2id":"danomatic132","formatid":"gen9nationaldexdoubles","rating":0,"private":0,"password":""}