{"id":"gen9nationaldexdoubles-1950093199","p1":"Red_Ice_Games","p2":"kingspeed51","format":"[Gen 9] National Dex Doubles","log":"|j|\u2606Red_Ice_Games\n|j|\u2606kingspeed51\n|t:|1695425325\n|gametype|doubles\n|player|p1|Red_Ice_Games|psychic|1138\n|player|p2|kingspeed51|2|1198\n|teamsize|p1|6\n|teamsize|p2|6\n|gen|9\n|tier|[Gen 9] National Dex Doubles\n|rated|\n|rule|HP Percentage Mod: HP is shown in percentages\n|rule|Endless Battle Clause: Forcing endless battles is banned\n|rule|OHKO Clause: OHKO moves are banned\n|rule|Evasion Moves Clause: Evasion moves are banned\n|rule|Evasion Abilities Clause: Evasion abilities are banned\n|rule|Species Clause: Limit one of each Pok\u00e9mon\n|rule|Gravity Sleep Clause: The combination of sleep-inducing moves with imperfect accuracy and Gravity or Gigantamax Orbeetle are banned\n|clearpoke\n|poke|p1|Iron Valiant|\n|poke|p1|Chien-Pao|\n|poke|p1|Weavile, F|\n|poke|p1|Ninjask, M|\n|poke|p1|Absol, M|\n|poke|p1|Farfetch\u2019d, M|\n|poke|p2|Iron Treads|\n|poke|p2|Dragonite, M|\n|poke|p2|Milotic, M|\n|poke|p2|Sinistcha|\n|poke|p2|Klefki, M|\n|poke|p2|Chansey, F|\n|teampreview\n|\n|t:|1695425333\n|start\n|switch|p1a: Ninjask|Ninjask, M|100\/100\n|switch|p1b: Absol|Absol, M|100\/100\n|switch|p2a: Klefki|Klefki, M|100\/100\n|switch|p2b: Iron Treads|Iron Treads|100\/100\n|-enditem|p2b: Iron Treads|Booster Energy\n|-activate|p2b: Iron Treads|ability: Quark Drive|[fromitem]\n|-start|p2b: Iron Treads|quarkdrivespe\n|turn|1\n|inactive|Battle timer is ON: inactive players will automatically lose when time's up. (requested by Red_Ice_Games)\n|\n|t:|1695425357\n|detailschange|p1b: Absol|Absol-Mega, M\n|-mega|p1b: Absol|Absol|Absolite\n|move|p2a: Klefki|Reflect|p2a: Klefki\n|-sidestart|p2: kingspeed51|Reflect\n|move|p2b: Iron Treads|Ice Spinner|p1a: Ninjask\n|-supereffective|p1a: Ninjask\n|-damage|p1a: Ninjask|0 fnt\n|faint|p1a: Ninjask\n|move|p1b: Absol|Swords Dance|p1b: Absol\n|-boost|p1b: Absol|atk|2\n|\n|upkeep\n|\n|t:|1695425364\n|switch|p1a: Chien-Pao|Chien-Pao|100\/100\n|-ability|p1a: Chien-Pao|Sword of Ruin\n|turn|2\n|\n|t:|1695425374\n|move|p1a: Chien-Pao|Sucker Punch|p2b: Iron Treads\n|-damage|p2b: Iron Treads|70\/100\n|move|p1b: Absol|Sucker Punch|p2b: Iron Treads\n|-damage|p2b: Iron Treads|4\/100\n|move|p2b: Iron Treads|Iron Head|p1a: Chien-Pao\n|-supereffective|p1a: Chien-Pao\n|-enditem|p1a: Chien-Pao|Focus Sash\n|-damage|p1a: Chien-Pao|1\/100\n|move|p2a: Klefki|Dazzling Gleam|p1b: Absol|[spread] p1a,p1b\n|-supereffective|p1a: Chien-Pao\n|-supereffective|p1b: Absol\n|-damage|p1a: Chien-Pao|0 fnt\n|-damage|p1b: Absol|30\/100\n|faint|p1a: Chien-Pao\n|\n|upkeep\n|\n|t:|1695425380\n|switch|p1a: Weavile|Weavile, F|100\/100\n|turn|3\n|\n|t:|1695425404\n|-end|p2b: Iron Treads|Quark Drive|[silent]\n|switch|p2b: Chansey|Chansey, F|100\/100\n|move|p1a: Weavile|Fake Out|p2a: Klefki\n|-resisted|p2a: Klefki\n|-damage|p2a: Klefki|95\/100\n|move|p1b: Absol|Knock Off|p2b: Chansey\n|-damage|p2b: Chansey|0 fnt\n|-enditem|p2b: Chansey|Eviolite|[from] move: Knock Off|[of] p1b: Absol\n|faint|p2b: Chansey\n|cant|p2a: Klefki|flinch\n|\n|upkeep\n|\n|t:|1695425418\n|switch|p2b: Dragonite|Dragonite, M|100\/100\n|turn|4\n|\n|t:|1695425426\n|-terastallize|p2b: Dragonite|Normal\n|move|p2b: Dragonite|Extreme Speed|p1b: Absol\n|-damage|p1b: Absol|0 fnt\n|faint|p1b: Absol\n|-damage|p2b: Dragonite|91\/100|[from] item: Life Orb\n|move|p1a: Weavile|Triple Axel|p2b: Dragonite|[miss]\n|-miss|p1a: Weavile|p2b: Dragonite\n|move|p2a: Klefki|Dazzling Gleam|p1a: Weavile\n|-supereffective|p1a: Weavile\n|-damage|p1a: Weavile|36\/100\n|\n|upkeep\n|\n|t:|1695425434\n|switch|p1b: Iron Valiant|Iron Valiant|100\/100\n|turn|5\n|\n|t:|1695425448\n|switch|p1a: Farfetch\u2019d|Farfetch\u2019d, M|100\/100\n|move|p2b: Dragonite|Extreme Speed|p1b: Iron Valiant\n|-damage|p1b: Iron Valiant|29\/100\n|-damage|p2b: Dragonite|81\/100|[from] item: Life Orb\n|move|p1b: Iron Valiant|Brick Break|p2b: Dragonite\n|-sideend|p2: kingspeed51|Reflect\n|-supereffective|p2b: Dragonite\n|-damage|p2b: Dragonite|1\/100\n|move|p2a: Klefki|Dazzling Gleam|p1b: Iron Valiant|[spread] p1a,p1b\n|-supereffective|p1b: Iron Valiant\n|-damage|p1a: Farfetch\u2019d|63\/100\n|-damage|p1b: Iron Valiant|0 fnt\n|faint|p1b: Iron Valiant\n|-end|p1b: Iron Valiant|Quark Drive|[silent]\n|\n|upkeep\n|\n|t:|1695425450\n|switch|p1b: Weavile|Weavile, F|36\/100\n|turn|6\n|\n|t:|1695425470\n|move|p1b: Weavile|Fake Out|p2b: Dragonite\n|-damage|p2b: Dragonite|0 fnt\n|faint|p2b: Dragonite\n|move|p1a: Farfetch\u2019d|Slash|p2a: Klefki\n|-resisted|p2a: Klefki\n|-crit|p2a: Klefki\n|-damage|p2a: Klefki|73\/100\n|move|p2a: Klefki|Dazzling Gleam|p1a: Farfetch\u2019d|[spread] p1a,p1b\n|-supereffective|p1b: Weavile\n|-damage|p1a: Farfetch\u2019d|27\/100\n|-damage|p1b: Weavile|0 fnt\n|faint|p1b: Weavile\n|\n|upkeep\n|-message|Red_Ice_Games forfeited.\n|\n|win|kingspeed51\n|raw|Red_Ice_Games's rating: 1138 &rarr; <strong>1117<\/strong><br \/>(-21 for losing)\n|raw|kingspeed51's rating: 1198 &rarr; <strong>1219<\/strong><br \/>(+21 for winning)\n|l|\u2606Red_Ice_Games\n","uploadtime":1695425483,"views":9,"p1id":"redicegames","p2id":"kingspeed51","formatid":"gen9nationaldexdoubles","rating":1117,"private":0,"password":""}