{"id":"gen9nationaldexdoubles-1995447831","p1":"spcplayzz","p2":"ImperatorNugator","format":"[Gen 9] National Dex Doubles","log":"|j|\u2606spcplayzz\n|j|\u2606ImperatorNugator\n|t:|1700571925\n|gametype|doubles\n|player|p1|spcplayzz|fantina|\n|player|p2|ImperatorNugator|ghetsis|\n|teamsize|p1|6\n|teamsize|p2|6\n|gen|9\n|tier|[Gen 9] National Dex Doubles\n|rule|HP Percentage Mod: HP is shown in percentages\n|rule|Endless Battle Clause: Forcing endless battles is banned\n|rule|OHKO Clause: OHKO moves are banned\n|rule|Evasion Moves Clause: Evasion moves are banned\n|rule|Evasion Abilities Clause: Evasion abilities are banned\n|rule|Species Clause: Limit one of each Pok\u00e9mon\n|rule|Gravity Sleep Clause: The combination of sleep-inducing moves with imperfect accuracy and Gravity or Gigantamax Orbeetle are banned\n|clearpoke\n|poke|p1|Charizard, F|\n|poke|p1|Ogerpon-Hearthflame, F|\n|poke|p1|Whimsicott, M|\n|poke|p1|Tapu Fini|\n|poke|p1|Chien-Pao|\n|poke|p1|Marshadow|\n|poke|p2|Glimmora, F|\n|poke|p2|Salamence, M|\n|poke|p2|Heatran, M|\n|poke|p2|Chien-Pao|\n|poke|p2|Landorus-Therian, M|\n|poke|p2|Iron Hands|\n|teampreview\n|inactive|Battle timer is ON: inactive players will automatically lose when time's up. (requested by ImperatorNugator)\n|inactive|spcplayzz also wants the timer to be on.\n|c|\u2606spcplayzz|glhf\n|c|\u2606ImperatorNugator|glhf\n|inactive|spcplayzz has 270 seconds left.\n|\n|t:|1700571981\n|start\n|switch|p1a: Ogerpon|Ogerpon-Hearthflame, F|100\/100\n|switch|p1b: Tapu Fini|Tapu Fini|100\/100\n|switch|p2a: Glimmora|Glimmora, F|100\/100\n|switch|p2b: Iron Hands|Iron Hands|100\/100\n|-fieldstart|move: Misty Terrain|[from] ability: Misty Surge|[of] p1b: Tapu Fini\n|-ability|p1a: Ogerpon|Mold Breaker\n|turn|1\n|inactive|spcplayzz has 270 seconds left.\n|\n|t:|1700572035\n|move|p1a: Ogerpon|Protect|p1a: Ogerpon\n|-singleturn|p1a: Ogerpon|Protect\n|move|p1b: Tapu Fini|Trick|p2b: Iron Hands\n|-activate|p1b: Tapu Fini|move: Trick|[of] p2b: Iron Hands\n|-item|p2b: Iron Hands|Choice Scarf|[from] move: Trick\n|-item|p1b: Tapu Fini|Assault Vest|[from] move: Trick\n|move|p2a: Glimmora|Stealth Rock|p1b: Tapu Fini\n|-sidestart|p1: spcplayzz|move: Stealth Rock\n|move|p2b: Iron Hands|Wild Charge|p1b: Tapu Fini\n|-supereffective|p1b: Tapu Fini\n|-damage|p1b: Tapu Fini|0 fnt\n|faint|p1b: Tapu Fini\n|-damage|p2b: Iron Hands|87\/100|[from] Recoil\n|\n|upkeep\n|inactive|spcplayzz has 240 seconds left.\n|\n|t:|1700572063\n|switch|p1b: Chien-Pao|Chien-Pao|100\/100\n|-damage|p1b: Chien-Pao|76\/100|[from] Stealth Rock\n|-ability|p1b: Chien-Pao|Sword of Ruin\n|turn|2\n|inactive|spcplayzz has 240 seconds left.\n|inactive|ImperatorNugator has 270 seconds left.\n|\n|t:|1700572098\n|-end|p2b: Iron Hands|Quark Drive|[silent]\n|switch|p2b: Heatran|Heatran, M|100\/100\n|-zpower|p1b: Chien-Pao\n|move|p1b: Chien-Pao|Black Hole Eclipse|p2a: Glimmora|[zeffect]\n|-enditem|p2a: Glimmora|Focus Sash\n|-damage|p2a: Glimmora|1\/100\n|-activate|p2a: Glimmora|ability: Toxic Debris\n|-sidestart|p1: spcplayzz|move: Toxic Spikes\n|move|p1a: Ogerpon|Swords Dance|p1a: Ogerpon\n|-boost|p1a: Ogerpon|atk|2\n|move|p2a: Glimmora|Spikes|p1b: Chien-Pao\n|-sidestart|p1: spcplayzz|Spikes\n|\n|upkeep\n|turn|3\n|inactive|spcplayzz has 240 seconds left.\n|inactive|ImperatorNugator has 270 seconds left.\n|\n|t:|1700572138\n|-terastallize|p1a: Ogerpon|Fire\n|detailschange|p1a: Ogerpon|Ogerpon-Hearthflame-Tera, F, tera:Fire\n|-ability|p1a: Ogerpon|Embody Aspect (Hearthflame)|boost\n|-boost|p1a: Ogerpon|atk|1\n|move|p1b: Chien-Pao|Sacred Sword|p2a: Glimmora\n|-damage|p2a: Glimmora|0 fnt\n|-activate|p2a: Glimmora|ability: Toxic Debris\n|-sidestart|p1: spcplayzz|move: Toxic Spikes\n|faint|p2a: Glimmora\n|move|p1a: Ogerpon|Ivy Cudgel|p2b: Heatran|[anim] Ivy Cudgel Fire\n|-start|p2b: Heatran|ability: Flash Fire\n|move|p2b: Heatran|Flamethrower|p1a: Ogerpon\n|-resisted|p1a: Ogerpon\n|-damage|p1a: Ogerpon|53\/100\n|\n|upkeep\n|c|\u2606spcplayzz|dude\n|\n|t:|1700572154\n|switch|p2a: Iron Hands|Iron Hands|87\/100\n|turn|4\n|c|\u2606spcplayzz|i should have warmed up lol\n|c|\u2606ImperatorNugator|lol, it happens\n|\n|t:|1700572181\n|move|p1b: Chien-Pao|Protect|p1b: Chien-Pao\n|-singleturn|p1b: Chien-Pao|Protect\n|move|p1a: Ogerpon|Ivy Cudgel|p2a: Iron Hands|[anim] Ivy Cudgel Fire\n|-damage|p2a: Iron Hands|0 fnt\n|faint|p2a: Iron Hands\n|-end|p2a: Iron Hands|Quark Drive|[silent]\n|move|p2b: Heatran|Earth Power|p1a: Ogerpon\n|-supereffective|p1a: Ogerpon\n|-damage|p1a: Ogerpon|0 fnt\n|faint|p1a: Ogerpon\n|\n|upkeep\n|\n|t:|1700572198\n|switch|p1a: Charizard|Charizard, F|100\/100\n|switch|p2a: Chien-Pao|Chien-Pao|100\/100\n|-ability|p2a: Chien-Pao|Sword of Ruin\n|-damage|p1a: Charizard|50\/100|[from] Stealth Rock\n|turn|5\n|inactive|spcplayzz has 270 seconds left.\n|inactive|spcplayzz has 240 seconds left.\n|\n|t:|1700572243\n|-end|p2b: Heatran|ability: Flash Fire|[silent]\n|switch|p2b: Landorus|Landorus-Therian, M|100\/100\n|-ability|p2b: Landorus|Intimidate|boost\n|-unboost|p1a: Charizard|atk|1\n|-unboost|p1b: Chien-Pao|atk|1\n|detailschange|p1a: Charizard|Charizard-Mega-Y, F\n|-mega|p1a: Charizard|Charizard|Charizardite Y\n|-weather|SunnyDay|[from] ability: Drought|[of] p1a: Charizard\n|move|p1a: Charizard|Helping Hand|p1b: Chien-Pao\n|-singleturn|p1b: Chien-Pao|Helping Hand|[of] p1a: Charizard\n|move|p2a: Chien-Pao|Sacred Sword|p1b: Chien-Pao\n|-supereffective|p1b: Chien-Pao\n|-damage|p1b: Chien-Pao|0 fnt\n|faint|p1b: Chien-Pao\n|\n|-weather|SunnyDay|[upkeep]\n|-fieldend|Misty Terrain\n|upkeep\n|\n|t:|1700572258\n|switch|p1b: Whimsicott|Whimsicott, M|100\/100\n|-damage|p1b: Whimsicott|88\/100|[from] Stealth Rock\n|-status|p1b: Whimsicott|tox\n|-damage|p1b: Whimsicott|76\/100 tox|[from] Spikes\n|turn|6\n|inactive|spcplayzz has 240 seconds left.\n|\n|t:|1700572275\n|move|p1b: Whimsicott|Tailwind|p1b: Whimsicott\n|-sidestart|p1: spcplayzz|move: Tailwind\n|move|p1a: Charizard|Heat Wave|p2b: Landorus|[spread] p2a\n|-miss|p1a: Charizard|p2b: Landorus\n|-supereffective|p2a: Chien-Pao\n|-enditem|p2a: Chien-Pao|Focus Sash\n|-damage|p2a: Chien-Pao|1\/100\n|move|p2a: Chien-Pao|Ice Spinner|p1b: Whimsicott\n|-supereffective|p1b: Whimsicott\n|-damage|p1b: Whimsicott|0 fnt\n|faint|p1b: Whimsicott\n|move|p2b: Landorus|Rock Slide|p1a: Charizard\n|-supereffective|p1a: Charizard\n|-damage|p1a: Charizard|0 fnt\n|faint|p1a: Charizard\n|\n|-weather|SunnyDay|[upkeep]\n|upkeep\n|inactive|spcplayzz has 240 seconds left.\n|\n|t:|1700572288\n|switch|p1b: Marshadow|Marshadow|100\/100\n|-damage|p1b: Marshadow|94\/100|[from] Stealth Rock\n|-status|p1b: Marshadow|tox\n|-damage|p1b: Marshadow|82\/100 tox|[from] Spikes\n|turn|7\n|\n|t:|1700572302\n|move|p2a: Chien-Pao|Sucker Punch|p1b: Marshadow\n|-damage|p1b: Marshadow|26\/100 tox\n|move|p1b: Marshadow|Spectral Thief|p2a: Chien-Pao\n|-resisted|p2a: Chien-Pao\n|-damage|p2a: Chien-Pao|0 fnt\n|faint|p2a: Chien-Pao\n|-damage|p1b: Marshadow|16\/100 tox|[from] item: Life Orb\n|-zpower|p2b: Landorus\n|move|p2b: Landorus|Tectonic Rage|p1b: Marshadow|[zeffect]\n|-damage|p1b: Marshadow|0 fnt\n|faint|p1b: Marshadow\n|\n|win|ImperatorNugator\n|c|\u2606spcplayzz|gg\n","uploadtime":1700572316,"views":41,"p1id":"spcplayzz","p2id":"imperatornugator","formatid":"gen9nationaldexdoubles","rating":0,"private":0,"password":""}