{"id":"gen9nationaldexdoubles-1978242187","p1":"weada fasdfssf","p2":"PR34CH3R_76","format":"[Gen 9] National Dex Doubles","log":"|j|\u2606weada fasdfssf\n|j|\u2606PR34CH3R_76\n|t:|1698516246\n|gametype|doubles\n|player|p1|weada fasdfssf|lucas|1000\n|player|p2|PR34CH3R_76|169|1126\n|teamsize|p1|6\n|teamsize|p2|6\n|gen|9\n|tier|[Gen 9] National Dex Doubles\n|rated|\n|rule|HP Percentage Mod: HP is shown in percentages\n|rule|Endless Battle Clause: Forcing endless battles is banned\n|rule|OHKO Clause: OHKO moves are banned\n|rule|Evasion Moves Clause: Evasion moves are banned\n|rule|Evasion Abilities Clause: Evasion abilities are banned\n|rule|Species Clause: Limit one of each Pok\u00e9mon\n|rule|Gravity Sleep Clause: The combination of sleep-inducing moves with imperfect accuracy and Gravity or Gigantamax Orbeetle are banned\n|clearpoke\n|poke|p1|Indeedee-F, F|\n|poke|p1|Oranguru, F|\n|poke|p1|Glastrier|\n|poke|p1|Hoopa-Unbound|\n|poke|p1|Ursaluna, F|\n|poke|p1|Zygarde|\n|poke|p2|Hatterene, F|\n|poke|p2|Indeedee, M|\n|poke|p2|Zygarde|\n|poke|p2|Zamazenta-*|\n|poke|p2|Slaking, F|\n|poke|p2|Alomomola, M|\n|teampreview\n|inactive|Battle timer is ON: inactive players will automatically lose when time's up. (requested by PR34CH3R_76)\n|\n|t:|1698516257\n|start\n|switch|p1a: Hoopa|Hoopa-Unbound|100\/100\n|switch|p1b: Zygarde|Zygarde|100\/100\n|switch|p2a: Da King|Slaking, F|100\/100\n|switch|p2b: Hi|Alomomola, M|100\/100\n|-ability|p1b: Zygarde|Aura Break\n|turn|1\n|\n|t:|1698516275\n|move|p1b: Zygarde|Coil|p1b: Zygarde\n|-boost|p1b: Zygarde|atk|1\n|-boost|p1b: Zygarde|def|1\n|-boost|p1b: Zygarde|accuracy|1\n|move|p2b: Hi|Skill Swap|p2a: Da King\n|-activate|p2b: Hi|move: Skill Swap|||[of] p2a: Da King\n|move|p2a: Da King|Counter||[still]\n|-fail|p2a: Da King\n|move|p1a: Hoopa|Trick Room|p1a: Hoopa\n|-fieldstart|move: Trick Room|[of] p1a: Hoopa\n|-enditem|p1b: Zygarde|Room Service\n|-unboost|p1b: Zygarde|spe|1|[from] item: Room Service\n|-enditem|p1a: Hoopa|Room Service\n|-unboost|p1a: Hoopa|spe|1|[from] item: Room Service\n|\n|upkeep\n|turn|2\n|\n|t:|1698516292\n|move|p1a: Hoopa|Dark Pulse|p2b: Hi\n|-damage|p2b: Hi|37\/100\n|-item|p1a: Hoopa|Focus Sash|[from] ability: Magician|[of] p2b: Hi\n|move|p1b: Zygarde|Thousand Arrows|p2b: Hi|[spread] p2a,p2b\n|-damage|p2a: Da King|78\/100\n|-damage|p2b: Hi|20\/100\n|cant|p2b: Hi|ability: Truant\n|move|p2a: Da King|Counter|p1b: Zygarde\n|-damage|p1b: Zygarde|46\/100\n|\n|upkeep\n|turn|3\n|\n|t:|1698516317\n|move|p1a: Hoopa|Dark Pulse|p2b: Hi\n|-crit|p2b: Hi\n|-damage|p2b: Hi|0 fnt\n|faint|p2b: Hi\n|move|p1b: Zygarde|Coil|p1b: Zygarde\n|-boost|p1b: Zygarde|atk|1\n|-boost|p1b: Zygarde|def|1\n|-boost|p1b: Zygarde|accuracy|1\n|move|p2a: Da King|Hidden Power|p1a: Hoopa\n|-damage|p1a: Hoopa|90\/100\n|\n|upkeep\n|inactive|PR34CH3R_76 has 120 seconds left.\n|\n|t:|1698516329\n|switch|p2b: Mentor|Zamazenta|100\/100\n|-ability|p2b: Mentor|Dauntless Shield|boost\n|-boost|p2b: Mentor|def|1\n|turn|4\n|\n|t:|1698516338\n|move|p2b: Mentor|Helping Hand|p2a: Da King\n|-singleturn|p2a: Da King|Helping Hand|[of] p2b: Mentor\n|move|p1a: Hoopa|Psyshock|p2b: Mentor\n|-supereffective|p2b: Mentor\n|-damage|p2b: Mentor|38\/100\n|move|p1b: Zygarde|Thousand Arrows|p2a: Da King|[spread] p2a,p2b\n|-damage|p2a: Da King|47\/100\n|-damage|p2b: Mentor|15\/100\n|move|p2a: Da King|Drain Punch|p1b: Zygarde\n|-damage|p1b: Zygarde|29\/100\n|-heal|p2a: Da King|54\/100|[from] drain|[of] p1b: Zygarde\n|\n|-heal|p2b: Mentor|22\/100|[from] item: Leftovers\n|upkeep\n|turn|5\n|inactive|weada fasdfssf has 120 seconds left.\n|\n|t:|1698516370\n|move|p2b: Mentor|Helping Hand|p2a: Da King\n|-singleturn|p2a: Da King|Helping Hand|[of] p2b: Mentor\n|move|p1a: Hoopa|Psyshock|p2b: Mentor\n|-supereffective|p2b: Mentor\n|-damage|p2b: Mentor|0 fnt\n|faint|p2b: Mentor\n|move|p1b: Zygarde|Crunch|p2a: Da King\n|-damage|p2a: Da King|29\/100\n|move|p2a: Da King|Drain Punch|p1b: Zygarde\n|-damage|p1b: Zygarde|11\/100\n|-heal|p2a: Da King|36\/100|[from] drain|[of] p1b: Zygarde\n|\n|-fieldend|move: Trick Room\n|upkeep\n|\n|t:|1698516384\n|switch|p2b: Student|Zygarde|100\/100\n|-ability|p2b: Student|Aura Break\n|turn|6\n|\n|t:|1698516400\n|move|p1b: Zygarde|Protect|p1b: Zygarde\n|-singleturn|p1b: Zygarde|Protect\n|move|p2b: Student|Thousand Waves|p1b: Zygarde|[spread] p1a\n|-activate|p1b: Zygarde|move: Protect\n|-damage|p1a: Hoopa|47\/100\n|-activate|p1a: Hoopa|trapped\n|move|p2a: Da King|Counter||[still]\n|-fail|p2a: Da King\n|move|p1a: Hoopa|Trick Room|p1a: Hoopa\n|-fieldstart|move: Trick Room|[of] p1a: Hoopa\n|\n|upkeep\n|turn|7\n|\n|t:|1698516418\n|move|p1a: Hoopa|Dark Pulse|p2b: Student\n|-crit|p2b: Student\n|-damage|p2b: Student|17\/100\n|move|p1b: Zygarde|Thousand Arrows|p2a: Da King|[spread] p2a,p2b\n|-damage|p2a: Da King|5\/100\n|-damage|p2b: Student|0 fnt\n|faint|p2b: Student\n|move|p2a: Da King|Counter|p1b: Zygarde\n|-damage|p1b: Zygarde|0 fnt\n|faint|p1b: Zygarde\n|\n|upkeep\n|\n|t:|1698516438\n|switch|p1b: Ursaluna|Ursaluna, F|100\/100\n|switch|p2b: RUN|Hatterene, F|100\/100\n|turn|8\n|\n|t:|1698516450\n|move|p2b: RUN|Calm Mind|p2b: RUN\n|-boost|p2b: RUN|spa|1\n|-boost|p2b: RUN|spd|1\n|move|p1b: Ursaluna|Facade|p2b: RUN\n|-damage|p2b: RUN|51\/100\n|move|p1a: Hoopa|Shadow Ball|p2b: RUN\n|-supereffective|p2b: RUN\n|-damage|p2b: RUN|0 fnt\n|faint|p2b: RUN\n|move|p2a: Da King|Drain Punch|p1a: Hoopa\n|-damage|p1a: Hoopa|0 fnt\n|-heal|p2a: Da King|22\/100|[from] drain|[of] p1a: Hoopa\n|faint|p1a: Hoopa\n|\n|-status|p1b: Ursaluna|brn|[from] item: Flame Orb\n|upkeep\n|\n|t:|1698516467\n|switch|p2b: HIDE|Indeedee, M|100\/100\n|switch|p1a: Glastrier|Glastrier|100\/100\n|-fieldstart|move: Psychic Terrain|[from] ability: Psychic Surge|[of] p2b: HIDE\n|-enditem|p2b: HIDE|Psychic Seed\n|-boost|p2b: HIDE|spd|1|[from] item: Psychic Seed\n|turn|9\n|\n|t:|1698516487\n|-terastallize|p1a: Glastrier|Ice\n|move|p1a: Glastrier|Icicle Spear|p2a: Da King\n|-damage|p2a: Da King|8\/100\n|-damage|p2a: Da King|0 fnt\n|faint|p2a: Da King\n|-ability|p1a: Glastrier|Chilling Neigh|boost\n|-boost|p1a: Glastrier|atk|1\n|-hitcount|p2: Da King|2\n|move|p1b: Ursaluna|Facade|p2b: HIDE\n|-damage|p2b: HIDE|0 fnt\n|faint|p2b: HIDE\n|\n|win|weada fasdfssf\n|raw|weada fasdfssf's rating: 1000 &rarr; <strong>1054<\/strong><br \/>(+54 for winning)\n|raw|PR34CH3R_76's rating: 1126 &rarr; <strong>1092<\/strong><br \/>(-34 for losing)\n|l|\u2606PR34CH3R_76\n","uploadtime":1698516498,"views":6,"p1id":"weadafasdfssf","p2id":"pr34ch3r76","formatid":"gen9nationaldexdoubles","rating":1054,"private":0,"password":""}