{"id":"gen9nationaldexdoubles-1958252780","p1":"huasheng54","p2":"the maraculous","format":"[Gen 9] National Dex Doubles","log":"|j|\u2606huasheng54\n|j|\u2606the maraculous\n|t:|1696302858\n|gametype|doubles\n|player|p1|huasheng54|102|1265\n|player|p2|the maraculous|dragontamer|1436\n|teamsize|p1|6\n|teamsize|p2|6\n|gen|9\n|tier|[Gen 9] National Dex Doubles\n|rated|\n|rule|HP Percentage Mod: HP is shown in percentages\n|rule|Endless Battle Clause: Forcing endless battles is banned\n|rule|OHKO Clause: OHKO moves are banned\n|rule|Evasion Moves Clause: Evasion moves are banned\n|rule|Evasion Abilities Clause: Evasion abilities are banned\n|rule|Species Clause: Limit one of each Pok\u00e9mon\n|rule|Gravity Sleep Clause: The combination of sleep-inducing moves with imperfect accuracy and Gravity or Gigantamax Orbeetle are banned\n|clearpoke\n|poke|p1|Ampharos, F|\n|poke|p1|Lurantis, M|\n|poke|p1|Porygon2|\n|poke|p1|Tapu Fini|\n|poke|p1|Incineroar, F|\n|poke|p1|Cresselia, F|\n|poke|p2|Xurkitree|\n|poke|p2|Iron Valiant|\n|poke|p2|Chandelure, F|\n|poke|p2|Landorus-Therian, M|\n|poke|p2|Kartana|\n|poke|p2|Farigiraf, F|\n|teampreview\n|\n|t:|1696302876\n|start\n|switch|p1a: Lurantis|Lurantis, M|100\/100\n|switch|p1b: Incineroar|Incineroar, F|100\/100\n|switch|p2a: Chandelure|Chandelure, F|100\/100\n|switch|p2b: Xurkitree|Xurkitree|100\/100\n|-item|p2a: Chandelure|Air Balloon\n|-ability|p1b: Incineroar|Intimidate|boost\n|-unboost|p2a: Chandelure|atk|1\n|-unboost|p2b: Xurkitree|atk|1\n|turn|1\n|\n|t:|1696302887\n|-terastallize|p1a: Lurantis|Fire\n|-zpower|p2b: Xurkitree\n|move|p2b: Xurkitree|Z-Electric Terrain|p2b: Xurkitree|[anim]Electric Terrain\n|-boost|p2b: Xurkitree|spe|1|[zeffect]\n|-fieldstart|move: Electric Terrain\n|move|p2a: Chandelure|Flamethrower|p1a: Lurantis\n|-resisted|p1a: Lurantis\n|-damage|p1a: Lurantis|68\/100\n|move|p1b: Incineroar|Knock Off|p2a: Chandelure\n|-supereffective|p2a: Chandelure\n|-damage|p2a: Chandelure|2\/100\n|-enditem|p2a: Chandelure|Air Balloon\n|move|p1a: Lurantis|Superpower|p2b: Xurkitree\n|-damage|p2b: Xurkitree|43\/100\n|-boost|p1a: Lurantis|atk|1\n|-boost|p1a: Lurantis|def|1\n|\n|upkeep\n|turn|2\n|\n|t:|1696302910\n|switch|p2a: Farigiraf|Farigiraf, F|100\/100\n|move|p1a: Lurantis|Protect|p1a: Lurantis\n|-singleturn|p1a: Lurantis|Protect\n|move|p2b: Xurkitree|Rising Voltage|p1a: Lurantis\n|-activate|p1a: Lurantis|move: Protect\n|move|p1b: Incineroar|Parting Shot|p2a: Farigiraf\n|-unboost|p2a: Farigiraf|atk|1\n|-unboost|p2a: Farigiraf|spa|1\n|\n|t:|1696302923\n|switch|p1b: Tapu Fini|Tapu Fini|100\/100|[from] Parting Shot\n|-fieldstart|move: Misty Terrain|[from] ability: Misty Surge|[of] p1b: Tapu Fini\n|\n|upkeep\n|turn|3\n|\n|t:|1696302938\n|move|p1b: Tapu Fini|Moonblast|p2b: Xurkitree\n|-damage|p2b: Xurkitree|0 fnt\n|faint|p2b: Xurkitree\n|move|p2a: Farigiraf|Nasty Plot|p2a: Farigiraf\n|-boost|p2a: Farigiraf|spa|2\n|move|p1a: Lurantis|Knock Off|p2a: Farigiraf\n|-supereffective|p2a: Farigiraf\n|-damage|p2a: Farigiraf|10\/100\n|-enditem|p2a: Farigiraf|Leftovers|[from] move: Knock Off|[of] p1a: Lurantis\n|\n|upkeep\n|\n|t:|1696302950\n|switch|p2b: Kartana|Kartana|100\/100\n|turn|4\n|\n|t:|1696302955\n|move|p1b: Tapu Fini|Moonblast|p2a: Farigiraf\n|-damage|p2a: Farigiraf|0 fnt\n|faint|p2a: Farigiraf\n|move|p2b: Kartana|Tailwind|p2b: Kartana\n|-sidestart|p2: the maraculous|move: Tailwind\n|move|p1a: Lurantis|Superpower|p2b: Kartana\n|-supereffective|p2b: Kartana\n|-enditem|p2b: Kartana|Focus Sash\n|-damage|p2b: Kartana|1\/100\n|-boost|p1a: Lurantis|atk|1\n|-boost|p1a: Lurantis|def|1\n|\n|upkeep\n|\n|t:|1696302966\n|switch|p2a: Iron Valiant|Iron Valiant|100\/100\n|turn|5\n|\n|t:|1696302971\n|switch|p1b: Incineroar|Incineroar, F|100\/100\n|-ability|p1b: Incineroar|Intimidate|boost\n|-unboost|p2a: Iron Valiant|atk|1\n|-unboost|p2b: Kartana|atk|1\n|move|p1a: Lurantis|Protect|p1a: Lurantis\n|-singleturn|p1a: Lurantis|Protect\n|move|p2a: Iron Valiant|Destiny Bond|p2a: Iron Valiant\n|-singlemove|p2a: Iron Valiant|Destiny Bond\n|move|p2b: Kartana|Sacred Sword|p1a: Lurantis\n|-activate|p1a: Lurantis|move: Protect\n|\n|upkeep\n|turn|6\n|\n|t:|1696302998\n|switch|p2b: Chandelure|Chandelure, F|2\/100\n|move|p1b: Incineroar|Fake Out|p2b: Chandelure\n|-immune|p2b: Chandelure\n|move|p2a: Iron Valiant|Close Combat|p1a: Lurantis\n|-damage|p1a: Lurantis|41\/100\n|-unboost|p2a: Iron Valiant|def|1\n|-unboost|p2a: Iron Valiant|spd|1\n|-enditem|p1a: Lurantis|Sitrus Berry|[eat]\n|-heal|p1a: Lurantis|66\/100|[from] item: Sitrus Berry\n|-damage|p2a: Iron Valiant|91\/100|[from] item: Life Orb\n|move|p1a: Lurantis|Leaf Blade|p2a: Iron Valiant\n|-crit|p2a: Iron Valiant\n|-damage|p2a: Iron Valiant|0 fnt\n|faint|p2a: Iron Valiant\n|-end|p2a: Iron Valiant|Quark Drive|[silent]\n|\n|-fieldend|Misty Terrain\n|upkeep\n|-message|the maraculous forfeited.\n|\n|win|huasheng54\n|raw|huasheng54's rating: 1265 &rarr; <strong>1301<\/strong><br \/>(+36 for winning)\n|raw|the maraculous's rating: 1436 &rarr; <strong>1407<\/strong><br \/>(-29 for losing)\n","uploadtime":1696303012,"views":12,"p1id":"huasheng54","p2id":"themaraculous","formatid":"gen9nationaldexdoubles","rating":1301,"private":0,"password":""}