{"id":"gen9nationaldexdoubles-1960858076","p1":"nombre epico.jpg","p2":"JOSEAMANECER","format":"[Gen 9] National Dex Doubles","log":"|j|\u2606nombre epico.jpg\n|j|\u2606JOSEAMANECER\n|t:|1696564615\n|gametype|doubles\n|player|p1|nombre epico.jpg|may-masters2|1262\n|player|p2|JOSEAMANECER|lucas-gen4pt|1200\n|teamsize|p1|6\n|teamsize|p2|6\n|gen|9\n|tier|[Gen 9] National Dex Doubles\n|rated|\n|rule|HP Percentage Mod: HP is shown in percentages\n|rule|Endless Battle Clause: Forcing endless battles is banned\n|rule|OHKO Clause: OHKO moves are banned\n|rule|Evasion Moves Clause: Evasion moves are banned\n|rule|Evasion Abilities Clause: Evasion abilities are banned\n|rule|Species Clause: Limit one of each Pok\u00e9mon\n|rule|Gravity Sleep Clause: The combination of sleep-inducing moves with imperfect accuracy and Gravity or Gigantamax Orbeetle are banned\n|clearpoke\n|poke|p1|Weavile, M|\n|poke|p1|Ribombee, M|\n|poke|p1|Dragonite, M|\n|poke|p1|Gliscor, F|\n|poke|p1|Metagross|\n|poke|p1|Manaphy|\n|poke|p2|Gothitelle, F|\n|poke|p2|Azumarill, M|\n|poke|p2|Flutter Mane|\n|poke|p2|Torkoal, F|\n|poke|p2|Indeedee-F, F|\n|poke|p2|Hatterene, F|\n|teampreview\n|\n|t:|1696564625\n|start\n|switch|p1a: Weavile|Weavile, M|100\/100\n|switch|p1b: Ribombee|Ribombee, M, shiny|100\/100\n|switch|p2a: Torkoal|Torkoal, F|100\/100\n|switch|p2b: Flutter Mane|Flutter Mane|100\/100\n|-ability|p1a: Weavile|Pressure\n|-weather|SunnyDay|[from] ability: Drought|[of] p2a: Torkoal\n|-activate|p2b: Flutter Mane|ability: Protosynthesis\n|-start|p2b: Flutter Mane|protosynthesisspe\n|turn|1\n|\n|t:|1696564641\n|-terastallize|p2b: Flutter Mane|Fairy\n|move|p2b: Flutter Mane|Dazzling Gleam|p1a: Weavile|[spread] p1a,p1b\n|-supereffective|p1a: Weavile\n|-enditem|p1a: Weavile|Focus Sash\n|-damage|p1a: Weavile|1\/100\n|-damage|p1b: Ribombee|22\/100\n|-damage|p2b: Flutter Mane|91\/100|[from] item: Life Orb\n|move|p1a: Weavile|Triple Axel|p2b: Flutter Mane\n|-damage|p2b: Flutter Mane|69\/100\n|-damage|p2b: Flutter Mane|24\/100\n|-damage|p2b: Flutter Mane|0 fnt\n|faint|p2b: Flutter Mane\n|-end|p2b: Flutter Mane|Protosynthesis|[silent]\n|-hitcount|p2: Flutter Mane|3\n|move|p1b: Ribombee|Light Screen|p1b: Ribombee\n|-sidestart|p1: nombre epico.jpg|move: Light Screen\n|move|p2a: Torkoal|Eruption|p1a: Weavile|[spread] p1a,p1b\n|-supereffective|p1a: Weavile\n|-supereffective|p1b: Ribombee\n|-damage|p1a: Weavile|0 fnt\n|-damage|p1b: Ribombee|0 fnt\n|faint|p1a: Weavile\n|faint|p1b: Ribombee\n|\n|-weather|SunnyDay|[upkeep]\n|upkeep\n|\n|t:|1696564667\n|switch|p2b: Azumarill|Azumarill, M|100\/100\n|switch|p1a: Gliscor|Gliscor, F, shiny|100\/100\n|switch|p1b: Dragonite|Dragonite, M|100\/100\n|turn|2\n|\n|t:|1696564691\n|move|p1a: Gliscor|Earthquake|p2b: Azumarill|[spread] p2a,p2b\n|-immune|p1b: Dragonite\n|-supereffective|p2a: Torkoal\n|-damage|p2a: Torkoal|53\/100\n|-damage|p2b: Azumarill|71\/100\n|move|p1b: Dragonite|Dragon Dance|p1b: Dragonite\n|-boost|p1b: Dragonite|atk|1\n|-boost|p1b: Dragonite|spe|1\n|move|p2b: Azumarill|Perish Song|p2b: Azumarill\n|-start|p1a: Gliscor|perish3|[silent]\n|-start|p1b: Dragonite|perish3|[silent]\n|-start|p2a: Torkoal|perish3|[silent]\n|-start|p2b: Azumarill|perish3|[silent]\n|-fieldactivate|move: Perish Song\n|move|p2a: Torkoal|Eruption|p1b: Dragonite|[spread] p1a,p1b\n|-crit|p1a: Gliscor\n|-resisted|p1b: Dragonite\n|-damage|p1a: Gliscor|17\/100\n|-damage|p1b: Dragonite|93\/100\n|\n|-weather|SunnyDay|[upkeep]\n|-start|p1b: Dragonite|perish3\n|-start|p1a: Gliscor|perish3\n|-start|p2b: Azumarill|perish3\n|-start|p2a: Torkoal|perish3\n|-status|p1a: Gliscor|tox|[from] item: Toxic Orb\n|upkeep\n|turn|3\n|j| koreanfroslass\n|\n|t:|1696564721\n|switch|p2a: Gothitelle|Gothitelle, F|100\/100\n|move|p2b: Azumarill|Protect|p2b: Azumarill\n|-singleturn|p2b: Azumarill|Protect\n|move|p1b: Dragonite|Dual Wingbeat|p2b: Azumarill\n|-activate|p2b: Azumarill|move: Protect\n|move|p1a: Gliscor|Earthquake|p2b: Azumarill|[spread] p2a\n|-activate|p2b: Azumarill|move: Protect\n|-immune|p1b: Dragonite\n|-damage|p2a: Gothitelle|73\/100\n|\n|-weather|SunnyDay|[upkeep]\n|-heal|p1a: Gliscor|29\/100 tox|[from] ability: Poison Heal\n|-start|p1b: Dragonite|perish2\n|-start|p1a: Gliscor|perish2\n|-start|p2b: Azumarill|perish2\n|upkeep\n|turn|4\n|l| koreanfroslass\n|\n|t:|1696564746\n|move|p2a: Gothitelle|Fake Out|p1b: Dragonite\n|-crit|p1b: Dragonite\n|-damage|p1b: Dragonite|86\/100\n|cant|p1b: Dragonite|flinch\n|move|p1a: Gliscor|Earthquake|p2a: Gothitelle|[spread] p2a,p2b\n|-immune|p1b: Dragonite\n|-damage|p2a: Gothitelle|48\/100\n|-damage|p2b: Azumarill|44\/100\n|-enditem|p2b: Azumarill|Sitrus Berry|[eat]\n|-heal|p2b: Azumarill|69\/100|[from] item: Sitrus Berry\n|move|p2b: Azumarill|Aqua Tail|p1a: Gliscor\n|-supereffective|p1a: Gliscor\n|-damage|p1a: Gliscor|0 fnt\n|faint|p1a: Gliscor\n|\n|-weather|SunnyDay|[upkeep]\n|-start|p1b: Dragonite|perish1\n|-start|p2b: Azumarill|perish1\n|upkeep\n|\n|t:|1696564766\n|switch|p1a: Manaphy|Manaphy, shiny|100\/100\n|turn|5\n|\n|t:|1696564787\n|switch|p2b: Indeedee|Indeedee-F, F|100\/100\n|-fieldstart|move: Psychic Terrain|[from] ability: Psychic Surge|[of] p2b: Indeedee\n|move|p2a: Gothitelle|Protect|p2a: Gothitelle\n|-singleturn|p2a: Gothitelle|Protect\n|move|p1b: Dragonite|Extreme Speed|p2a: Gothitelle\n|-activate|p2a: Gothitelle|move: Psychic Terrain\n|move|p1a: Manaphy|Tail Glow|p1a: Manaphy\n|-boost|p1a: Manaphy|spa|3\n|\n|-weather|none\n|-start|p1b: Dragonite|perish0\n|faint|p1b: Dragonite\n|upkeep\n|\n|t:|1696564803\n|switch|p1b: Metagross|Metagross, shiny|100\/100\n|turn|6\n|\n|t:|1696564812\n|detailschange|p1b: Metagross|Metagross-Mega, shiny\n|-mega|p1b: Metagross|Metagross|Metagrossite\n|-terastallize|p1a: Manaphy|Fairy\n|move|p1b: Metagross|Meteor Mash|p2b: Indeedee\n|-damage|p2b: Indeedee|33\/100\n|-enditem|p2b: Indeedee|Eject Button\n|\n|t:|1696564840\n|switch|p2b: Hatterene|Hatterene, F|100\/100\n|move|p1a: Manaphy|Dazzling Gleam|p2a: Gothitelle|[spread] p2a,p2b\n|-damage|p2a: Gothitelle|0 fnt\n|-damage|p2b: Hatterene|19\/100\n|faint|p2a: Gothitelle\n|\n|-heal|p2b: Hatterene|25\/100|[from] item: Leftovers\n|upkeep\n|\n|t:|1696564844\n|switch|p2a: Indeedee|Indeedee-F, F|33\/100\n|turn|7\n|\n|t:|1696564866\n|move|p1b: Metagross|Meteor Mash|p2b: Hatterene\n|-supereffective|p2b: Hatterene\n|-damage|p2b: Hatterene|0 fnt\n|faint|p2b: Hatterene\n|move|p1a: Manaphy|Dazzling Gleam|p2a: Indeedee\n|-damage|p2a: Indeedee|0 fnt\n|faint|p2a: Indeedee\n|\n|upkeep\n|\n|t:|1696564876\n|switch|p2a: Azumarill|Azumarill, M|69\/100\n|switch|p2b: Torkoal|Torkoal, F|53\/100\n|-weather|SunnyDay|[from] ability: Drought|[of] p2b: Torkoal\n|turn|8\n|\n|t:|1696564885\n|move|p1b: Metagross|Meteor Mash|p2a: Azumarill\n|-damage|p2a: Azumarill|0 fnt\n|faint|p2a: Azumarill\n|move|p1a: Manaphy|Scald|p2b: Torkoal\n|-supereffective|p2b: Torkoal\n|-damage|p2b: Torkoal|0 fnt\n|faint|p2b: Torkoal\n|\n|win|nombre epico.jpg\n|raw|nombre epico.jpg's rating: 1262 &rarr; <strong>1283<\/strong><br \/>(+21 for winning)\n|raw|JOSEAMANECER's rating: 1200 &rarr; <strong>1179<\/strong><br \/>(-21 for losing)\n|l|\u2606JOSEAMANECER\n","uploadtime":1696564901,"views":9,"p1id":"nombreepicojpg","p2id":"joseamanecer","formatid":"gen9nationaldexdoubles","rating":1179,"private":0,"password":""}