{"id":"gen9nationaldexdoubles-1968075309","p1":"digiposho","p2":"Salfy","format":"[Gen 9] National Dex Doubles","log":"|j|\u2606digiposho\n|j|\u2606Salfy\n|t:|1697381710\n|gametype|doubles\n|player|p1|digiposho|pilot|\n|player|p2|Salfy|depotagent|\n|teamsize|p1|6\n|teamsize|p2|6\n|gen|9\n|tier|[Gen 9] National Dex Doubles\n|rule|HP Percentage Mod: HP is shown in percentages\n|rule|Endless Battle Clause: Forcing endless battles is banned\n|rule|OHKO Clause: OHKO moves are banned\n|rule|Evasion Moves Clause: Evasion moves are banned\n|rule|Evasion Abilities Clause: Evasion abilities are banned\n|rule|Species Clause: Limit one of each Pok\u00e9mon\n|rule|Gravity Sleep Clause: The combination of sleep-inducing moves with imperfect accuracy and Gravity or Gigantamax Orbeetle are banned\n|clearpoke\n|poke|p1|Blaziken, F|\n|poke|p1|Chesnaught, F|\n|poke|p1|Mienshao, M|\n|poke|p1|Zapdos-Galar|\n|poke|p1|Primeape, M|\n|poke|p1|Wobbuffet, M|\n|poke|p2|Zapdos-Galar|\n|poke|p2|Great Tusk|\n|poke|p2|Blaziken, F|\n|poke|p2|Bewear, F|\n|poke|p2|Heracross, M|\n|poke|p2|Toxicroak, F|\n|teampreview\n|c|\u2606Salfy|glhf\n|c|\u2606digiposho|glkf\n|c|\u2606digiposho|glhf*\n|\n|t:|1697381786\n|start\n|switch|p1a: Mienshao|Mienshao, M|100\/100\n|switch|p1b: Zapdos|Zapdos-Galar|100\/100\n|switch|p2a: Zapdos|Zapdos-Galar|100\/100\n|switch|p2b: Toxicroak|Toxicroak, F|100\/100\n|turn|1\n|\n|t:|1697381839\n|move|p1a: Mienshao|Fake Out|p2b: Toxicroak\n|-damage|p2b: Toxicroak|77\/100\n|cant|p2b: Toxicroak|flinch\n|move|p2a: Zapdos|Brave Bird|p1b: Zapdos\n|-supereffective|p1b: Zapdos\n|-damage|p1b: Zapdos|0 fnt\n|faint|p1b: Zapdos\n|-damage|p2a: Zapdos|67\/100|[from] Recoil\n|\n|upkeep\n|\n|t:|1697381854\n|switch|p1b: Blaziken|Blaziken, F|100\/100\n|turn|2\n|\n|t:|1697381869\n|move|p1b: Blaziken|Protect|p1b: Blaziken\n|-singleturn|p1b: Blaziken|Protect\n|move|p2a: Zapdos|Brave Bird|p1a: Mienshao\n|-supereffective|p1a: Mienshao\n|-damage|p1a: Mienshao|0 fnt\n|faint|p1a: Mienshao\n|-damage|p2a: Zapdos|40\/100|[from] Recoil\n|move|p2b: Toxicroak|Sludge Wave|p1b: Blaziken|[spread] p2a\n|-activate|p1b: Blaziken|move: Protect\n|-damage|p2a: Zapdos|9\/100\n|\n|-ability|p1b: Blaziken|Speed Boost|boost\n|-boost|p1b: Blaziken|spe|1\n|upkeep\n|\n|t:|1697381883\n|switch|p1a: Wobbuffet|Wobbuffet, M|100\/100\n|turn|3\n|c|\u2606digiposho|scarf zapdos?\n|c|\u2606Salfy|yeah\n|\n|t:|1697381915\n|switch|p1b: Chesnaught|Chesnaught, F|100\/100\n|move|p2a: Zapdos|Brave Bird|p1b: Chesnaught\n|-supereffective|p1b: Chesnaught\n|-damage|p1b: Chesnaught|0 fnt\n|faint|p1b: Chesnaught\n|-damage|p2a: Zapdos|0 fnt|[from] Recoil\n|faint|p2a: Zapdos\n|move|p2b: Toxicroak|Sludge Wave|p1a: Wobbuffet\n|-damage|p1a: Wobbuffet|72\/100\n|move|p1a: Wobbuffet|Destiny Bond|p1a: Wobbuffet\n|-singlemove|p1a: Wobbuffet|Destiny Bond\n|\n|upkeep\n|\n|t:|1697381951\n|switch|p2a: Bewear|Bewear, F|100\/100\n|switch|p1b: Blaziken|Blaziken, F|100\/100\n|turn|4\n|\n|t:|1697381969\n|detailschange|p1b: Blaziken|Blaziken-Mega, F\n|-mega|p1b: Blaziken|Blaziken|Blazikenite\n|-terastallize|p2a: Bewear|Ghost\n|move|p1b: Blaziken|Protect|p1b: Blaziken\n|-singleturn|p1b: Blaziken|Protect\n|move|p2b: Toxicroak|Sludge Wave|p1b: Blaziken|[spread] p2a,p1a\n|-activate|p1b: Blaziken|move: Protect\n|-resisted|p2a: Bewear\n|-crit|p2a: Bewear\n|-damage|p2a: Bewear|73\/100\n|-damage|p1a: Wobbuffet|47\/100\n|move|p2a: Bewear|Bulk Up|p2a: Bewear\n|-boost|p2a: Bewear|atk|1\n|-boost|p2a: Bewear|def|1\n|move|p1a: Wobbuffet|Encore|p2b: Toxicroak\n|-start|p2b: Toxicroak|Encore\n|\n|-ability|p1b: Blaziken|Speed Boost|boost\n|-boost|p1b: Blaziken|spe|1\n|upkeep\n|turn|5\n|\n|t:|1697381993\n|move|p1b: Blaziken|Swords Dance|p1b: Blaziken\n|-boost|p1b: Blaziken|atk|2\n|move|p2b: Toxicroak|Sludge Wave|p1a: Wobbuffet|[spread] p2a,p1a,p1b\n|-resisted|p2a: Bewear\n|-damage|p2a: Bewear|54\/100\n|-damage|p1a: Wobbuffet|24\/100\n|-damage|p1b: Blaziken|65\/100\n|move|p2a: Bewear|Shadow Claw|p1a: Wobbuffet\n|-supereffective|p1a: Wobbuffet\n|-damage|p1a: Wobbuffet|0 fnt\n|-damage|p2a: Bewear|37\/100|[from] item: Rocky Helmet|[of] p1a: Wobbuffet\n|-enditem|p2a: Bewear|Sitrus Berry|[eat]\n|-heal|p2a: Bewear|62\/100|[from] item: Sitrus Berry\n|faint|p1a: Wobbuffet\n|\n|-ability|p1b: Blaziken|Speed Boost|boost\n|-boost|p1b: Blaziken|spe|1\n|upkeep\n|\n|t:|1697381995\n|switch|p1a: Primeape|Primeape, M|100\/100\n|turn|6\n|\n|t:|1697382013\n|move|p1b: Blaziken|Protect|p1b: Blaziken\n|-singleturn|p1b: Blaziken|Protect\n|move|p1a: Primeape|Acrobatics|p2b: Toxicroak\n|-supereffective|p2b: Toxicroak\n|-damage|p2b: Toxicroak|20\/100\n|move|p2b: Toxicroak|Sludge Wave|p1a: Primeape|[spread] p2a,p1a\n|-activate|p1b: Blaziken|move: Protect\n|-resisted|p2a: Bewear\n|-damage|p2a: Bewear|43\/100\n|-damage|p1a: Primeape|53\/100\n|move|p2a: Bewear|Close Combat|p1b: Blaziken\n|-activate|p1b: Blaziken|move: Protect\n|\n|-ability|p1b: Blaziken|Speed Boost|boost\n|-boost|p1b: Blaziken|spe|1\n|upkeep\n|turn|7\n|\n|t:|1697382023\n|move|p1b: Blaziken|Brave Bird|p2a: Bewear\n|-damage|p2a: Bewear|12\/100\n|-damage|p1b: Blaziken|51\/100|[from] Recoil\n|move|p1a: Primeape|Acrobatics|p2b: Toxicroak\n|-supereffective|p2b: Toxicroak\n|-damage|p2b: Toxicroak|0 fnt\n|faint|p2b: Toxicroak\n|move|p2a: Bewear|Close Combat|p1b: Blaziken\n|-damage|p1b: Blaziken|0 fnt\n|-unboost|p2a: Bewear|def|1\n|-unboost|p2a: Bewear|spd|1\n|faint|p1b: Blaziken\n|\n|upkeep\n|c|\u2606digiposho|gg\n|c|\u2606Salfy|gg\n|\n|t:|1697382034\n|switch|p2b: Great Tusk|Great Tusk|100\/100\n|turn|8\n|\n|t:|1697382054\n|-terastallize|p1a: Primeape|Flying\n|move|p1a: Primeape|Rage Fist|p2a: Bewear\n|-supereffective|p2a: Bewear\n|-damage|p2a: Bewear|0 fnt\n|faint|p2a: Bewear\n|move|p2b: Great Tusk|Headlong Rush|p1a: Primeape\n|-immune|p1a: Primeape\n|\n|upkeep\n|\n|t:|1697382059\n|switch|p2a: Blaziken|Blaziken, F|100\/100\n|turn|9\n|\n|t:|1697382068\n|detailschange|p2a: Blaziken|Blaziken-Mega, F\n|-mega|p2a: Blaziken|Blaziken|Blazikenite\n|move|p1a: Primeape|Protect|p1a: Primeape\n|-singleturn|p1a: Primeape|Protect\n|move|p2a: Blaziken|Protect|p2a: Blaziken\n|-singleturn|p2a: Blaziken|Protect\n|move|p2b: Great Tusk|Ice Spinner|p1a: Primeape\n|-activate|p1a: Primeape|move: Protect\n|\n|-ability|p2a: Blaziken|Speed Boost|boost\n|-boost|p2a: Blaziken|spe|1\n|upkeep\n|turn|10\n|\n|t:|1697382081\n|move|p2a: Blaziken|Flare Blitz|p1a: Primeape\n|-damage|p1a: Primeape|0 fnt\n|faint|p1a: Primeape\n|-damage|p2a: Blaziken|85\/100|[from] Recoil\n|\n|win|Salfy\n|l|\u2606digiposho\n|c|\u2606Salfy|gg\n|l|\u2606Salfy\n|j|\u2606Salfy\n|player|p2|Salfy|depotagent\n","uploadtime":1697382133,"views":13,"p1id":"digiposho","p2id":"salfy","formatid":"gen9nationaldexdoubles","rating":0,"private":0,"password":""}