{"id":"gen9nationaldexdoubles-1963064684","p1":"Azeri8k","p2":"Asanaquarian","format":"[Gen 9] National Dex Doubles","log":"|j|\u2606Azeri8k\n|j|\u2606Asanaquarian\n|t:|1696821373\n|gametype|doubles\n|player|p1|Azeri8k|170|1241\n|player|p2|Asanaquarian|pokemonrangerf|1178\n|teamsize|p1|6\n|teamsize|p2|6\n|gen|9\n|tier|[Gen 9] National Dex Doubles\n|rated|\n|rule|HP Percentage Mod: HP is shown in percentages\n|rule|Endless Battle Clause: Forcing endless battles is banned\n|rule|OHKO Clause: OHKO moves are banned\n|rule|Evasion Moves Clause: Evasion moves are banned\n|rule|Evasion Abilities Clause: Evasion abilities are banned\n|rule|Species Clause: Limit one of each Pok\u00e9mon\n|rule|Gravity Sleep Clause: The combination of sleep-inducing moves with imperfect accuracy and Gravity or Gigantamax Orbeetle are banned\n|clearpoke\n|poke|p1|Infernape, M|\n|poke|p1|Blastoise, M|\n|poke|p1|Jirachi|\n|poke|p1|Ogerpon-Hearthflame, F|\n|poke|p1|Flutter Mane|\n|poke|p1|Mew|\n|poke|p2|Serperior, M|\n|poke|p2|Reuniclus, M|\n|poke|p2|Goodra, F|\n|poke|p2|Klefki, M|\n|poke|p2|Appletun, F|\n|poke|p2|Dondozo, M|\n|teampreview\n|inactive|Battle timer is ON: inactive players will automatically lose when time's up. (requested by Asanaquarian)\n|inactive|Azeri8k also wants the timer to be on.\n|\n|t:|1696821378\n|start\n|switch|p1a: Monke|Infernape, M, shiny|100\/100\n|switch|p1b: Hi|Blastoise, M, shiny|100\/100\n|switch|p2a: Klefki|Klefki, M|100\/100\n|switch|p2b: Reuniclus|Reuniclus, M|100\/100\n|turn|1\n|inactive|Asanaquarian has 120 seconds left.\n|\n|t:|1696821422\n|move|p2a: Klefki|Light Screen|p2a: Klefki\n|-sidestart|p2: Asanaquarian|move: Light Screen\n|move|p1a: Monke|Fire Pledge|p2a: Klefki\n|-waiting|p1a: Monke|p1b: Hi\n|move|p1b: Hi|Water Pledge|p2a: Klefki|[from]move: Fire Pledge\n|-combine\n|-crit|p2a: Klefki\n|-damage|p2a: Klefki|25\/100\n|-sidestart|p1: Azeri8k|Water Pledge\n|move|p2b: Reuniclus|Psyshock|p1a: Monke\n|-supereffective|p1a: Monke\n|-damage|p1a: Monke|0 fnt\n|faint|p1a: Monke\n|\n|upkeep\n|\n|t:|1696821432\n|switch|p1a: Wishy Fishy|Jirachi, shiny|100\/100\n|turn|2\n|\n|t:|1696821449\n|move|p1b: Hi|Follow Me|p1b: Hi\n|-singleturn|p1b: Hi|move: Follow Me\n|move|p2a: Klefki|Toxic|p1b: Hi\n|-status|p1b: Hi|tox\n|move|p1a: Wishy Fishy|Ancient Power|p2b: Reuniclus\n|-damage|p2b: Reuniclus|91\/100\n|-boost|p1a: Wishy Fishy|atk|1\n|-boost|p1a: Wishy Fishy|def|1\n|-boost|p1a: Wishy Fishy|spa|1\n|-boost|p1a: Wishy Fishy|spd|1\n|-boost|p1a: Wishy Fishy|spe|1\n|move|p2b: Reuniclus|Calm Mind|p2b: Reuniclus\n|-boost|p2b: Reuniclus|spa|1\n|-boost|p2b: Reuniclus|spd|1\n|\n|-damage|p1b: Hi|94\/100 tox|[from] psn\n|upkeep\n|turn|3\n|\n|t:|1696821470\n|move|p1b: Hi|Follow Me|p1b: Hi\n|-singleturn|p1b: Hi|move: Follow Me\n|move|p2a: Klefki|Reflect|p2a: Klefki\n|-sidestart|p2: Asanaquarian|Reflect\n|move|p1a: Wishy Fishy|Ancient Power|p2a: Klefki\n|-resisted|p2a: Klefki\n|-damage|p2a: Klefki|15\/100\n|-boost|p1a: Wishy Fishy|atk|1\n|-boost|p1a: Wishy Fishy|def|1\n|-boost|p1a: Wishy Fishy|spa|1\n|-boost|p1a: Wishy Fishy|spd|1\n|-boost|p1a: Wishy Fishy|spe|1\n|move|p2b: Reuniclus|Calm Mind|p2b: Reuniclus\n|-boost|p2b: Reuniclus|spa|1\n|-boost|p2b: Reuniclus|spd|1\n|\n|-heal|p1b: Hi|100\/100 tox|[from] item: Leftovers\n|-damage|p1b: Hi|88\/100 tox|[from] psn\n|upkeep\n|turn|4\n|inactive|Asanaquarian has 120 seconds left.\n|\n|t:|1696821501\n|move|p1b: Hi|Follow Me|p1b: Hi\n|-singleturn|p1b: Hi|move: Follow Me\n|move|p1a: Wishy Fishy|Baton Pass|p1a: Wishy Fishy\n|\n|t:|1696821507\n|switch|p1a: Girlboss|Ogerpon-Hearthflame, F|100\/100|[from] Baton Pass\n|-ability|p1a: Girlboss|Mold Breaker\n|move|p2a: Klefki|Draining Kiss|p1b: Hi\n|-damage|p1b: Hi|79\/100 tox\n|-heal|p2a: Klefki|23\/100|[from] drain|[of] p1b: Hi\n|move|p2b: Reuniclus|Focus Blast|p1b: Hi\n|-damage|p1b: Hi|18\/100 tox\n|\n|-heal|p1b: Hi|24\/100 tox|[from] item: Leftovers\n|-damage|p1b: Hi|6\/100 tox|[from] psn\n|-sideend|p1: Azeri8k|Water Pledge\n|upkeep\n|turn|5\n|\n|t:|1696821529\n|-terastallize|p1a: Girlboss|Fire\n|detailschange|p1a: Girlboss|Ogerpon-Hearthflame-Tera, F, tera:Fire\n|-ability|p1a: Girlboss|Embody Aspect (Hearthflame)|boost\n|-boost|p1a: Girlboss|atk|1\n|move|p1a: Girlboss|Ivy Cudgel|p2b: Reuniclus\n|-damage|p2b: Reuniclus|0 fnt\n|faint|p2b: Reuniclus\n|move|p1b: Hi|Water Pledge|p2a: Klefki\n|-damage|p2a: Klefki|0 fnt\n|faint|p2a: Klefki\n|\n|-heal|p1b: Hi|12\/100 tox|[from] item: Leftovers\n|-damage|p1b: Hi|0 fnt|[from] psn\n|faint|p1b: Hi\n|upkeep\n|\n|t:|1696821554\n|switch|p1b: Wishy Fishy|Jirachi, shiny|100\/100\n|switch|p2a: Goodra|Goodra, F|100\/100\n|switch|p2b: Dondozo|Dondozo, M|100\/100\n|turn|6\n|\n|t:|1696821566\n|move|p1a: Girlboss|Horn Leech|p2b: Dondozo\n|-supereffective|p2b: Dondozo\n|-damage|p2b: Dondozo|71\/100\n|move|p1b: Wishy Fishy|Ancient Power|p2a: Goodra\n|-damage|p2a: Goodra|97\/100\n|-boost|p1b: Wishy Fishy|atk|1\n|-boost|p1b: Wishy Fishy|def|1\n|-boost|p1b: Wishy Fishy|spa|1\n|-boost|p1b: Wishy Fishy|spd|1\n|-boost|p1b: Wishy Fishy|spe|1\n|move|p2a: Goodra|Acid Spray|p1a: Girlboss\n|-damage|p1a: Girlboss|95\/100\n|-unboost|p1a: Girlboss|spd|2\n|move|p2b: Dondozo|Wave Crash|p1a: Girlboss\n|-supereffective|p1a: Girlboss\n|-damage|p1a: Girlboss|0 fnt\n|faint|p1a: Girlboss\n|-damage|p2b: Dondozo|52\/100|[from] Recoil\n|\n|upkeep\n|\n|t:|1696821582\n|switch|p1a: Mew|Mew, shiny|100\/100\n|turn|7\n|\n|t:|1696821604\n|move|p1b: Wishy Fishy|Baton Pass|p1b: Wishy Fishy\n|\n|t:|1696821607\n|switch|p1b: Flytrrshy|Flutter Mane, shiny|100\/100|[from] Baton Pass\n|-enditem|p1b: Flytrrshy|Booster Energy\n|-activate|p1b: Flytrrshy|ability: Protosynthesis|[fromitem]\n|-start|p1b: Flytrrshy|protosynthesisspe\n|move|p1a: Mew|Ancient Power|p2b: Dondozo\n|-damage|p2b: Dondozo|41\/100\n|move|p2a: Goodra|Flamethrower|p1b: Flytrrshy\n|-damage|p1b: Flytrrshy|85\/100\n|move|p2b: Dondozo|Curse|p2b: Dondozo\n|-unboost|p2b: Dondozo|spe|1\n|-boost|p2b: Dondozo|atk|1\n|-boost|p2b: Dondozo|def|1\n|\n|upkeep\n|turn|8\n|inactive|Azeri8k has 120 seconds left.\n|\n|t:|1696821649\n|move|p1b: Flytrrshy|Energy Ball|p2b: Dondozo\n|-supereffective|p2b: Dondozo\n|-damage|p2b: Dondozo|5\/100\n|move|p1a: Mew|Ancient Power|p2b: Dondozo\n|-crit|p2b: Dondozo\n|-damage|p2b: Dondozo|0 fnt\n|faint|p2b: Dondozo\n|move|p2a: Goodra|Acid Spray|p1b: Flytrrshy\n|-damage|p1b: Flytrrshy|77\/100\n|-unboost|p1b: Flytrrshy|spd|2\n|\n|-sideend|p2: Asanaquarian|move: Light Screen\n|upkeep\n|\n|t:|1696821665\n|switch|p2b: Serperior|Serperior, M|100\/100\n|turn|9\n|\n|t:|1696821674\n|move|p1b: Flytrrshy|Mystical Fire|p2b: Serperior\n|-supereffective|p2b: Serperior\n|-damage|p2b: Serperior|14\/100\n|-boost|p2b: Serperior|spa|1\n|move|p2b: Serperior|Leaf Storm|p1b: Flytrrshy\n|-damage|p1b: Flytrrshy|0 fnt\n|-boost|p2b: Serperior|spa|2\n|faint|p1b: Flytrrshy\n|-end|p1b: Flytrrshy|Protosynthesis|[silent]\n|move|p1a: Mew|Fire Pledge|p2b: Serperior\n|-supereffective|p2b: Serperior\n|-damage|p2b: Serperior|0 fnt\n|faint|p2b: Serperior\n|move|p2a: Goodra|Acid Spray|p1a: Mew\n|-damage|p1a: Mew|90\/100\n|-unboost|p1a: Mew|spd|2\n|\n|-heal|p1a: Mew|96\/100|[from] item: Leftovers\n|upkeep\n|\n|t:|1696821690\n|switch|p1b: Wishy Fishy|Jirachi, shiny|100\/100\n|switch|p2b: Appletun|Appletun, F|100\/100\n|turn|10\n|\n|t:|1696821704\n|-terastallize|p2b: Appletun|Steel\n|move|p1b: Wishy Fishy|Doom Desire|p2b: Appletun\n|-start|p1b: Wishy Fishy|Doom Desire\n|move|p1a: Mew|Ancient Power|p2a: Goodra\n|-damage|p2a: Goodra|91\/100\n|move|p2a: Goodra|Flamethrower|p1b: Wishy Fishy\n|-supereffective|p1b: Wishy Fishy\n|-damage|p1b: Wishy Fishy|55\/100\n|move|p2b: Appletun|Leech Seed|p1a: Mew\n|-start|p1a: Mew|move: Leech Seed\n|\n|-heal|p1a: Mew|100\/100|[from] item: Leftovers\n|-damage|p1a: Mew|88\/100|[from] Leech Seed|[of] p2b: Appletun\n|-sideend|p2: Asanaquarian|Reflect\n|upkeep\n|turn|11\n|\n|t:|1696821726\n|move|p1a: Mew|Fire Pledge|p2b: Appletun\n|-supereffective|p2b: Appletun\n|-damage|p2b: Appletun|84\/100\n|move|p1b: Wishy Fishy|Dazzling Gleam|p2b: Appletun|[spread] p2a,p2b\n|-supereffective|p2a: Goodra\n|-resisted|p2b: Appletun\n|-damage|p2a: Goodra|81\/100\n|-damage|p2b: Appletun|79\/100\n|move|p2a: Goodra|Flamethrower|p1b: Wishy Fishy\n|-supereffective|p1b: Wishy Fishy\n|-damage|p1b: Wishy Fishy|8\/100\n|move|p2b: Appletun|Leech Seed|p1b: Wishy Fishy\n|-start|p1b: Wishy Fishy|move: Leech Seed\n|\n|-heal|p1a: Mew|94\/100|[from] item: Leftovers\n|-heal|p2b: Appletun|85\/100|[from] item: Leftovers\n|-damage|p1a: Mew|82\/100|[from] Leech Seed|[of] p2b: Appletun\n|-heal|p2b: Appletun|95\/100|[silent]\n|-damage|p1b: Wishy Fishy|0 fnt|[from] Leech Seed|[of] p2b: Appletun\n|-heal|p2b: Appletun|100\/100|[silent]\n|faint|p1b: Wishy Fishy\n|upkeep\n|turn|12\n|inactive|Asanaquarian has 120 seconds left.\n|\n|t:|1696821759\n|move|p1a: Mew|Fire Pledge|p2b: Appletun\n|-supereffective|p2b: Appletun\n|-damage|p2b: Appletun|85\/100\n|move|p2a: Goodra|Thunderbolt|p1a: Mew\n|-crit|p1a: Mew\n|-damage|p1a: Mew|13\/100\n|move|p2b: Appletun|Dragon Pulse|p1a: Mew\n|-damage|p1a: Mew|0 fnt\n|faint|p1a: Mew\n|\n|win|Asanaquarian\n|raw|Azeri8k's rating: 1241 &rarr; <strong>1212<\/strong><br \/>(-29 for losing)\n|raw|Asanaquarian's rating: 1178 &rarr; <strong>1207<\/strong><br \/>(+29 for winning)\n|c|\u2606Asanaquarian|gg\n|c|\u2606Azeri8k|f u\n|l|\u2606Azeri8k\n|c|\u2606Asanaquarian|oh werk\n","uploadtime":1696821809,"views":4,"p1id":"azeri8k","p2id":"asanaquarian","formatid":"gen9nationaldexdoubles","rating":1207,"private":0,"password":""}