{"id":"gen9nationaldexdoubles-1987141462","p1":"AdvancedDigit","p2":"Lgbeet","format":"[Gen 9] National Dex Doubles","log":"|j|\u2606AdvancedDigit\n|j|\u2606Lgbeet\n|t:|1699559500\n|gametype|doubles\n|player|p1|AdvancedDigit|101|1111\n|player|p2|Lgbeet|skullgruntf|1133\n|teamsize|p1|6\n|teamsize|p2|6\n|gen|9\n|tier|[Gen 9] National Dex Doubles\n|rated|\n|rule|HP Percentage Mod: HP is shown in percentages\n|rule|Endless Battle Clause: Forcing endless battles is banned\n|rule|OHKO Clause: OHKO moves are banned\n|rule|Evasion Moves Clause: Evasion moves are banned\n|rule|Evasion Abilities Clause: Evasion abilities are banned\n|rule|Species Clause: Limit one of each Pok\u00e9mon\n|rule|Gravity Sleep Clause: The combination of sleep-inducing moves with imperfect accuracy and Gravity or Gigantamax Orbeetle are banned\n|clearpoke\n|poke|p1|Jirachi|\n|poke|p1|Tauros, M|\n|poke|p1|Mr. Mime, M|\n|poke|p1|Togekiss, M|\n|poke|p1|Maushold-Four|\n|poke|p1|Amoonguss, M|\n|poke|p2|Dracozolt|\n|poke|p2|Aerodactyl, F|\n|poke|p2|Tyranitar, M|\n|poke|p2|Hippowdon, M|\n|poke|p2|Jirachi|\n|poke|p2|Nidoking, M|\n|teampreview\n|c|\u2606Lgbeet|hold on i need to send somthin to sommone\n|c|\u2606Lgbeet|brb\n|c|\u2606AdvancedDigit|ok\n|c|\u2606Lgbeet|THX\n|\n|t:|1699559553\n|start\n|switch|p1a: Mr. Mime|Mr. Mime, M|100\/100\n|switch|p1b: Tauros|Tauros, M|100\/100\n|switch|p2a: Tyranitar|Tyranitar, M|100\/100\n|switch|p2b: Dracozolt|Dracozolt|100\/100\n|-weather|Sandstorm|[from] ability: Sand Stream|[of] p2a: Tyranitar\n|turn|1\n|\n|t:|1699559575\n|switch|p2a: Aerodactyl|Aerodactyl, F|100\/100\n|-ability|p2a: Aerodactyl|Unnerve\n|-terastallize|p2b: Dracozolt|Electric\n|-terastallize|p1b: Tauros|Normal\n|move|p1a: Mr. Mime|Fake Out|p2b: Dracozolt\n|-damage|p2b: Dracozolt|95\/100\n|cant|p2b: Dracozolt|flinch\n|move|p1b: Tauros|Body Slam|p2b: Dracozolt\n|-damage|p2b: Dracozolt|0 fnt\n|faint|p2b: Dracozolt\n|\n|-weather|Sandstorm|[upkeep]\n|-damage|p1b: Tauros|94\/100|[from] Sandstorm\n|-damage|p1a: Mr. Mime|95\/100|[from] Sandstorm\n|-heal|p1a: Mr. Mime|100\/100|[from] item: Leftovers\n|upkeep\n|\n|t:|1699559589\n|switch|p2b: Jirachi|Jirachi|100\/100\n|turn|2\n|\n|t:|1699559600\n|detailschange|p2a: Aerodactyl|Aerodactyl-Mega, F\n|-mega|p2a: Aerodactyl|Aerodactyl|Aerodactylite\n|move|p1a: Mr. Mime|Follow Me|p1a: Mr. Mime\n|-singleturn|p1a: Mr. Mime|move: Follow Me\n|move|p2a: Aerodactyl|Sky Drop||[still]\n|-prepare|p2a: Aerodactyl|Sky Drop|p1b: Tauros\n|move|p2b: Jirachi|Iron Head|p1a: Mr. Mime\n|-supereffective|p1a: Mr. Mime\n|-damage|p1a: Mr. Mime|32\/100\n|\n|-weather|Sandstorm|[upkeep]\n|-damage|p1b: Tauros|88\/100|[from] Sandstorm\n|-damage|p1a: Mr. Mime|26\/100|[from] Sandstorm\n|-heal|p1a: Mr. Mime|32\/100|[from] item: Leftovers\n|upkeep\n|turn|3\n|\n|t:|1699559616\n|move|p1a: Mr. Mime|Follow Me|p1a: Mr. Mime\n|-singleturn|p1a: Mr. Mime|move: Follow Me\n|move|p2a: Aerodactyl|Sky Drop|p1b: Tauros|[from]lockedmove\n|-damage|p1b: Tauros|36\/100\n|-end|p1b: Tauros|Sky Drop\n|move|p1b: Tauros|Iron Head|p2a: Aerodactyl\n|-supereffective|p2a: Aerodactyl\n|-damage|p2a: Aerodactyl|0 fnt\n|faint|p2a: Aerodactyl\n|move|p2b: Jirachi|Iron Head|p1a: Mr. Mime\n|-supereffective|p1a: Mr. Mime\n|-damage|p1a: Mr. Mime|0 fnt\n|faint|p1a: Mr. Mime\n|\n|-weather|Sandstorm|[upkeep]\n|-damage|p1b: Tauros|30\/100|[from] Sandstorm\n|upkeep\n|\n|t:|1699559634\n|switch|p2a: Nidoking|Nidoking, M|100\/100\n|switch|p1a: Amoonguss|Amoonguss, M|100\/100\n|turn|4\n|\n|t:|1699559657\n|move|p1b: Tauros|Body Slam|p2a: Nidoking\n|-damage|p2a: Nidoking|0 fnt\n|faint|p2a: Nidoking\n|move|p2b: Jirachi|Wish|p2b: Jirachi\n|move|p1a: Amoonguss|Spore|p2b: Jirachi\n|-status|p2b: Jirachi|slp|[from] move: Spore\n|\n|-weather|Sandstorm|[upkeep]\n|-damage|p1b: Tauros|24\/100|[from] Sandstorm\n|-damage|p1a: Amoonguss|94\/100|[from] Sandstorm\n|-heal|p1a: Amoonguss|100\/100|[from] item: Leftovers\n|upkeep\n|\n|t:|1699559680\n|switch|p2a: Hippowdon|Hippowdon, M|100\/100\n|turn|5\n|\n|t:|1699559687\n|switch|p2b: Tyranitar|Tyranitar, M|100\/100\n|move|p1b: Tauros|Body Slam|p2a: Hippowdon\n|-crit|p2a: Hippowdon\n|-damage|p2a: Hippowdon|33\/100\n|move|p2a: Hippowdon|Stockpile|p2a: Hippowdon\n|-start|p2a: Hippowdon|stockpile1\n|-boost|p2a: Hippowdon|def|1\n|-boost|p2a: Hippowdon|spd|1\n|move|p1a: Amoonguss|Giga Drain|p2a: Hippowdon\n|-supereffective|p2a: Hippowdon\n|-damage|p2a: Hippowdon|0 fnt\n|faint|p2a: Hippowdon\n|\n|-weather|none\n|upkeep\n|\n|t:|1699559697\n|switch|p2a: Jirachi|Jirachi|100\/100 slp\n|turn|6\n|\n|t:|1699559748\n|move|p1b: Tauros|Iron Head|p2b: Tyranitar\n|-supereffective|p2b: Tyranitar\n|-damage|p2b: Tyranitar|32\/100\n|cant|p2a: Jirachi|slp\n|move|p2b: Tyranitar|Rock Slide|p1a: Amoonguss|[spread] p1a,p1b\n|-damage|p1a: Amoonguss|77\/100\n|-damage|p1b: Tauros|0 fnt\n|faint|p1b: Tauros\n|move|p1a: Amoonguss|Giga Drain|p2b: Tyranitar\n|-supereffective|p2b: Tyranitar\n|-damage|p2b: Tyranitar|0 fnt\n|-heal|p1a: Amoonguss|92\/100|[from] drain|[of] p2b: Tyranitar\n|faint|p2b: Tyranitar\n|\n|-heal|p1a: Amoonguss|98\/100|[from] item: Leftovers\n|upkeep\n|\n|t:|1699559773\n|switch|p1b: Togekiss|Togekiss, M|100\/100\n|turn|7\n|\n|t:|1699559785\n|switch|p1a: Jirachi|Jirachi|100\/100\n|move|p1b: Togekiss|Tailwind|p1b: Togekiss\n|-sidestart|p1: AdvancedDigit|move: Tailwind\n|cant|p2a: Jirachi|slp\n|\n|upkeep\n|turn|8\n|inactive|Battle timer is ON: inactive players will automatically lose when time's up. (requested by AdvancedDigit)\n|\n|t:|1699559828\n|move|p1a: Jirachi|Iron Head|p2a: Jirachi\n|-resisted|p2a: Jirachi\n|-damage|p2a: Jirachi|86\/100 slp\n|move|p1b: Togekiss|Air Slash|p2a: Jirachi\n|-resisted|p2a: Jirachi\n|-damage|p2a: Jirachi|75\/100 slp\n|-curestatus|p2a: Jirachi|slp|[msg]\n|cant|p2a: Jirachi|flinch\n|\n|-heal|p2a: Jirachi|81\/100|[from] item: Leftovers\n|upkeep\n|turn|9\n|\n|t:|1699559843\n|move|p1a: Jirachi|Iron Head|p2a: Jirachi\n|-resisted|p2a: Jirachi\n|-crit|p2a: Jirachi\n|-damage|p2a: Jirachi|57\/100\n|move|p1b: Togekiss|Air Slash|p2a: Jirachi\n|-resisted|p2a: Jirachi\n|-damage|p2a: Jirachi|44\/100\n|cant|p2a: Jirachi|flinch\n|\n|-heal|p2a: Jirachi|51\/100|[from] item: Leftovers\n|upkeep\n|turn|10\n|\n|t:|1699559857\n|move|p1a: Jirachi|Iron Head|p2a: Jirachi\n|-resisted|p2a: Jirachi\n|-damage|p2a: Jirachi|36\/100\n|move|p1b: Togekiss|Air Slash|p2a: Jirachi\n|-resisted|p2a: Jirachi\n|-damage|p2a: Jirachi|24\/100\n|cant|p2a: Jirachi|flinch\n|\n|-heal|p2a: Jirachi|30\/100|[from] item: Leftovers\n|-sideend|p1: AdvancedDigit|move: Tailwind\n|upkeep\n|turn|11\n|\n|t:|1699559870\n|move|p2a: Jirachi|Protect|p2a: Jirachi\n|-singleturn|p2a: Jirachi|Protect\n|move|p1a: Jirachi|Iron Head|p2a: Jirachi\n|-activate|p2a: Jirachi|move: Protect\n|move|p1b: Togekiss|Air Slash|p2a: Jirachi\n|-activate|p2a: Jirachi|move: Protect\n|\n|-heal|p2a: Jirachi|36\/100|[from] item: Leftovers\n|upkeep\n|turn|12\n|\n|t:|1699559878\n|move|p1a: Jirachi|Iron Head|p2a: Jirachi\n|-resisted|p2a: Jirachi\n|-damage|p2a: Jirachi|22\/100\n|move|p1b: Togekiss|Tailwind|p1b: Togekiss\n|-sidestart|p1: AdvancedDigit|move: Tailwind\n|move|p2a: Jirachi|Wish|p2a: Jirachi\n|\n|-heal|p2a: Jirachi|29\/100|[from] item: Leftovers\n|upkeep\n|turn|13\n|\n|t:|1699559887\n|move|p2a: Jirachi|Protect|p2a: Jirachi\n|-singleturn|p2a: Jirachi|Protect\n|move|p1a: Jirachi|Ice Punch|p2a: Jirachi\n|-activate|p2a: Jirachi|move: Protect\n|move|p1b: Togekiss|Air Slash|p2a: Jirachi\n|-activate|p2a: Jirachi|move: Protect\n|\n|-heal|p2a: Jirachi|78\/100|[from] move: Wish|[wisher] Jirachi\n|-heal|p2a: Jirachi|85\/100|[from] item: Leftovers\n|upkeep\n|turn|14\n|\n|t:|1699559911\n|move|p1a: Jirachi|Ice Punch|p2a: Jirachi\n|-resisted|p2a: Jirachi\n|-damage|p2a: Jirachi|76\/100\n|move|p1b: Togekiss|Air Slash|p2a: Jirachi\n|-resisted|p2a: Jirachi\n|-damage|p2a: Jirachi|64\/100\n|move|p2a: Jirachi|Wish|p2a: Jirachi\n|\n|-heal|p2a: Jirachi|70\/100|[from] item: Leftovers\n|upkeep\n|turn|15\n|\n|t:|1699559933\n|move|p1a: Jirachi|Iron Head|p2a: Jirachi\n|-resisted|p2a: Jirachi\n|-damage|p2a: Jirachi|55\/100\n|move|p1b: Togekiss|Air Slash|p2a: Jirachi\n|-resisted|p2a: Jirachi\n|-damage|p2a: Jirachi|43\/100\n|cant|p2a: Jirachi|flinch\n|\n|-heal|p2a: Jirachi|93\/100|[from] move: Wish|[wisher] Jirachi\n|-heal|p2a: Jirachi|99\/100|[from] item: Leftovers\n|-sideend|p1: AdvancedDigit|move: Tailwind\n|upkeep\n|turn|16\n|\n|t:|1699559943\n|move|p1a: Jirachi|Ice Punch|p2a: Jirachi\n|-resisted|p2a: Jirachi\n|-crit|p2a: Jirachi\n|-damage|p2a: Jirachi|86\/100\n|move|p1b: Togekiss|Air Slash|p2a: Jirachi\n|-resisted|p2a: Jirachi\n|-crit|p2a: Jirachi\n|-damage|p2a: Jirachi|67\/100\n|cant|p2a: Jirachi|flinch\n|\n|-heal|p2a: Jirachi|73\/100|[from] item: Leftovers\n|upkeep\n|turn|17\n|\n|t:|1699559950\n|move|p2a: Jirachi|Protect|p2a: Jirachi\n|-singleturn|p2a: Jirachi|Protect\n|move|p1a: Jirachi|Ice Punch|p2a: Jirachi\n|-activate|p2a: Jirachi|move: Protect\n|move|p1b: Togekiss|Air Slash|p2a: Jirachi\n|-activate|p2a: Jirachi|move: Protect\n|\n|-heal|p2a: Jirachi|80\/100|[from] item: Leftovers\n|upkeep\n|turn|18\n|\n|t:|1699559958\n|move|p1a: Jirachi|Ice Punch|p2a: Jirachi\n|-resisted|p2a: Jirachi\n|-damage|p2a: Jirachi|71\/100\n|-status|p2a: Jirachi|frz\n|move|p1b: Togekiss|Air Slash|p2a: Jirachi\n|-resisted|p2a: Jirachi\n|-damage|p2a: Jirachi|58\/100 frz\n|cant|p2a: Jirachi|frz\n|\n|-heal|p2a: Jirachi|64\/100 frz|[from] item: Leftovers\n|upkeep\n|turn|19\n|\n|t:|1699559964\n|move|p1a: Jirachi|Iron Head|p2a: Jirachi\n|-resisted|p2a: Jirachi\n|-damage|p2a: Jirachi|50\/100 frz\n|move|p1b: Togekiss|Air Slash|p2a: Jirachi\n|-resisted|p2a: Jirachi\n|-damage|p2a: Jirachi|37\/100 frz\n|cant|p2a: Jirachi|frz\n|\n|-heal|p2a: Jirachi|44\/100 frz|[from] item: Leftovers\n|upkeep\n|turn|20\n|\n|t:|1699559968\n|move|p1a: Jirachi|Iron Head|p2a: Jirachi\n|-resisted|p2a: Jirachi\n|-damage|p2a: Jirachi|29\/100 frz\n|move|p1b: Togekiss|Air Slash|p2a: Jirachi\n|-resisted|p2a: Jirachi\n|-damage|p2a: Jirachi|18\/100 frz\n|cant|p2a: Jirachi|frz\n|\n|-heal|p2a: Jirachi|24\/100 frz|[from] item: Leftovers\n|upkeep\n|turn|21\n|\n|t:|1699559972\n|move|p1a: Jirachi|Iron Head|p2a: Jirachi\n|-resisted|p2a: Jirachi\n|-damage|p2a: Jirachi|9\/100 frz\n|move|p1b: Togekiss|Air Slash|p2a: Jirachi\n|-resisted|p2a: Jirachi\n|-damage|p2a: Jirachi|0 fnt\n|faint|p2a: Jirachi\n|\n|win|AdvancedDigit\n|raw|AdvancedDigit's rating: 1111 &rarr; <strong>1137<\/strong><br \/>(+26 for winning)\n|raw|Lgbeet's rating: 1118 &rarr; <strong>1092<\/strong><br \/>(-26 for losing)\n|c|\u2606AdvancedDigit|gg\n|l|\u2606Lgbeet\n","uploadtime":1699559986,"views":5,"p1id":"advanceddigit","p2id":"lgbeet","formatid":"gen9nationaldexdoubles","rating":1092,"private":0,"password":""}