{"id":"gen9nationaldexdoubles-1971692899","p1":"Ikbxrry","p2":"damianshinee","format":"[Gen 9] National Dex Doubles","log":"|j|\u2606Ikbxrry\n|j|\u2606damianshinee\n|t:|1697761791\n|gametype|doubles\n|player|p1|Ikbxrry|2|1060\n|player|p2|damianshinee|ninjaboy|1000\n|teamsize|p1|3\n|teamsize|p2|6\n|gen|9\n|tier|[Gen 9] National Dex Doubles\n|rated|\n|rule|HP Percentage Mod: HP is shown in percentages\n|rule|Endless Battle Clause: Forcing endless battles is banned\n|rule|OHKO Clause: OHKO moves are banned\n|rule|Evasion Moves Clause: Evasion moves are banned\n|rule|Evasion Abilities Clause: Evasion abilities are banned\n|rule|Species Clause: Limit one of each Pok\u00e9mon\n|rule|Gravity Sleep Clause: The combination of sleep-inducing moves with imperfect accuracy and Gravity or Gigantamax Orbeetle are banned\n|clearpoke\n|poke|p1|Shuckle, M|\n|poke|p1|Chansey, F|\n|poke|p1|Cresselia, F|\n|poke|p2|Scrafty, M|\n|poke|p2|Amoonguss, F|\n|poke|p2|Chandelure, F|\n|poke|p2|Vanillish, F|\n|poke|p2|Haxorus, M|\n|poke|p2|Vanilluxe, F|\n|teampreview\n|inactive|Battle timer is ON: inactive players will automatically lose when time's up. (requested by Ikbxrry)\n|\n|t:|1697761798\n|start\n|switch|p1a: Shuckle|Shuckle, M|100\/100\n|switch|p1b: Cresselia|Cresselia, F|100\/100\n|switch|p2a: Vanillish|Vanillish, F|100\/100\n|switch|p2b: Vanilluxe|Vanilluxe, F|100\/100\n|-weather|Snow|[from] ability: Snow Warning|[of] p2b: Vanilluxe\n|turn|1\n|\n|t:|1697761810\n|move|p1a: Shuckle|Protect|p1a: Shuckle\n|-singleturn|p1a: Shuckle|Protect\n|move|p2b: Vanilluxe|Autotomize|p2b: Vanilluxe\n|-boost|p2b: Vanilluxe|spe|2\n|-start|p2b: Vanilluxe|Autotomize\n|move|p2a: Vanillish|Aurora Veil|p2a: Vanillish\n|-sidestart|p2: damianshinee|move: Aurora Veil\n|move|p1b: Cresselia|Trick Room|p1b: Cresselia\n|-fieldstart|move: Trick Room|[of] p1b: Cresselia\n|\n|-weather|Snow|[upkeep]\n|upkeep\n|turn|2\n|\n|t:|1697761838\n|switch|p1b: Chansey|Chansey, F|100\/100\n|move|p1a: Shuckle|Guard Split|p1b: Chansey\n|-activate|p1a: Shuckle|move: Guard Split|[of] p1b: Chansey\n|move|p2a: Vanillish|Frost Breath|p1b: Chansey\n|-crit|p1b: Chansey\n|-damage|p1b: Chansey|94\/100\n|move|p2b: Vanilluxe|Blizzard|p1b: Chansey|[spread] p1a,p1b\n|-damage|p1a: Shuckle|48\/100\n|-damage|p1b: Chansey|85\/100\n|\n|-weather|Snow|[upkeep]\n|-heal|p1a: Shuckle|54\/100|[from] item: Leftovers\n|upkeep\n|turn|3\n|\n|t:|1697761858\n|move|p1a: Shuckle|Knock Off|p2b: Vanilluxe\n|-damage|p2b: Vanilluxe|98\/100\n|-enditem|p2b: Vanilluxe|Never-Melt Ice|[from] move: Knock Off|[of] p1a: Shuckle\n|move|p1b: Chansey|Calm Mind|p1b: Chansey\n|-boost|p1b: Chansey|spa|1\n|-boost|p1b: Chansey|spd|1\n|move|p2a: Vanillish|Toxic|p1a: Shuckle\n|-status|p1a: Shuckle|tox\n|move|p2b: Vanilluxe|Blizzard|p1b: Chansey|[spread] p1a,p1b\n|-damage|p1a: Shuckle|5\/100 tox\n|-damage|p1b: Chansey|80\/100\n|-status|p1b: Chansey|frz\n|\n|-weather|Snow|[upkeep]\n|-heal|p1a: Shuckle|11\/100 tox|[from] item: Leftovers\n|-damage|p1a: Shuckle|5\/100 tox|[from] psn\n|upkeep\n|turn|4\n|\n|t:|1697761886\n|move|p1a: Shuckle|Knock Off|p2a: Vanillish\n|-damage|p2a: Vanillish|97\/100\n|-ability|p2a: Vanillish|Weak Armor|boost\n|-unboost|p2a: Vanillish|def|1\n|-boost|p2a: Vanillish|spe|2\n|-enditem|p2a: Vanillish|Never-Melt Ice|[from] move: Knock Off|[of] p1a: Shuckle\n|cant|p1b: Chansey|frz\n|move|p2a: Vanillish|Frost Breath|p1a: Shuckle\n|-crit|p1a: Shuckle\n|-damage|p1a: Shuckle|0 fnt\n|faint|p1a: Shuckle\n|move|p2b: Vanilluxe|Blizzard|p1b: Chansey\n|-damage|p1b: Chansey|72\/100 frz\n|\n|-weather|Snow|[upkeep]\n|upkeep\n|\n|t:|1697761895\n|switch|p1a: Cresselia|Cresselia, F|100\/100\n|turn|5\n|\n|t:|1697761908\n|cant|p1b: Chansey|frz\n|move|p1a: Cresselia|Calm Mind|p1a: Cresselia\n|-boost|p1a: Cresselia|spa|1\n|-boost|p1a: Cresselia|spd|1\n|move|p2a: Vanillish|Toxic|p1a: Cresselia\n|-status|p1a: Cresselia|tox\n|move|p2b: Vanilluxe|Beat Up|p1a: Cresselia\n|-supereffective|p1a: Cresselia\n|-crit|p1a: Cresselia\n|-damage|p1a: Cresselia|95\/100 tox\n|-supereffective|p1a: Cresselia\n|-damage|p1a: Cresselia|90\/100 tox\n|-supereffective|p1a: Cresselia\n|-damage|p1a: Cresselia|87\/100 tox\n|-supereffective|p1a: Cresselia\n|-damage|p1a: Cresselia|83\/100 tox\n|-supereffective|p1a: Cresselia\n|-damage|p1a: Cresselia|78\/100 tox\n|-supereffective|p1a: Cresselia\n|-damage|p1a: Cresselia|73\/100 tox\n|-hitcount|p1a: Cresselia|6\n|\n|-weather|none\n|-heal|p1a: Cresselia|80\/100 tox|[from] item: Leftovers\n|-damage|p1a: Cresselia|73\/100 tox|[from] psn\n|-sideend|p2: damianshinee|move: Aurora Veil\n|-fieldend|move: Trick Room\n|upkeep\n|turn|6\n|inactive|damianshinee has 120 seconds left.\n|\n|t:|1697761940\n|move|p2b: Vanilluxe|Blizzard|p1a: Cresselia|[spread] p1a,p1b\n|-damage|p1a: Cresselia|57\/100 tox\n|-damage|p1b: Chansey|67\/100 frz\n|move|p2a: Vanillish|Aurora Veil||[still]\n|-fail|p2a: Vanillish\n|move|p1a: Cresselia|Calm Mind|p1a: Cresselia\n|-boost|p1a: Cresselia|spa|1\n|-boost|p1a: Cresselia|spd|1\n|cant|p1b: Chansey|frz\n|\n|-heal|p1a: Cresselia|63\/100 tox|[from] item: Leftovers\n|-damage|p1a: Cresselia|51\/100 tox|[from] psn\n|upkeep\n|turn|7\n|inactive|damianshinee has 120 seconds left.\n|\n|t:|1697761979\n|switch|p2b: Amoonguss|Amoonguss, F|100\/100\n|move|p2a: Vanillish|Light Screen|p2a: Vanillish\n|-sidestart|p2: damianshinee|move: Light Screen\n|move|p1a: Cresselia|Calm Mind|p1a: Cresselia\n|-boost|p1a: Cresselia|spa|1\n|-boost|p1a: Cresselia|spd|1\n|cant|p1b: Chansey|frz\n|\n|-heal|p1a: Cresselia|57\/100 tox|[from] item: Leftovers\n|-damage|p1a: Cresselia|39\/100 tox|[from] psn\n|upkeep\n|turn|8\n|inactive|damianshinee has 120 seconds left.\n|\n|t:|1697762007\n|switch|p2b: Vanilluxe|Vanilluxe, F|98\/100\n|-weather|Snow|[from] ability: Snow Warning|[of] p2b: Vanilluxe\n|move|p2a: Vanillish|Frost Breath|p1a: Cresselia\n|-crit|p1a: Cresselia\n|-damage|p1a: Cresselia|23\/100 tox\n|move|p1a: Cresselia|Moonblast|p2b: Vanilluxe\n|-damage|p2b: Vanilluxe|67\/100\n|cant|p1b: Chansey|frz\n|\n|-weather|Snow|[upkeep]\n|-heal|p1a: Cresselia|29\/100 tox|[from] item: Leftovers\n|-damage|p1a: Cresselia|4\/100 tox|[from] psn\n|upkeep\n|turn|9\n|inactive|damianshinee has 120 seconds left.\n|\n|t:|1697762025\n|move|p2a: Vanillish|Aurora Veil|p2a: Vanillish\n|-sidestart|p2: damianshinee|move: Aurora Veil\n|move|p1a: Cresselia|Power Gem|p2b: Vanilluxe\n|-supereffective|p2b: Vanilluxe\n|-damage|p2b: Vanilluxe|11\/100\n|move|p2b: Vanilluxe|Blizzard|p1a: Cresselia|[spread] p1a,p1b\n|-damage|p1a: Cresselia|0 fnt\n|-damage|p1b: Chansey|61\/100 frz\n|faint|p1a: Cresselia\n|-curestatus|p1b: Chansey|frz|[msg]\n|move|p1b: Chansey|Calm Mind|p1b: Chansey\n|-boost|p1b: Chansey|spa|1\n|-boost|p1b: Chansey|spd|1\n|\n|-weather|Snow|[upkeep]\n|upkeep\n|turn|10\n|\n|t:|1697762046\n|-terastallize|p2b: Vanilluxe|Ice\n|move|p2a: Vanillish|Toxic|p1b: Chansey|[miss]\n|-miss|p2a: Vanillish|p1b: Chansey\n|move|p2b: Vanilluxe|Blizzard|p1b: Chansey\n|-damage|p1b: Chansey|54\/100\n|move|p1b: Chansey|Calm Mind|p1b: Chansey\n|-boost|p1b: Chansey|spa|1\n|-boost|p1b: Chansey|spd|1\n|\n|-weather|Snow|[upkeep]\n|upkeep\n|turn|11\n|\n|t:|1697762061\n|switch|p2b: Amoonguss|Amoonguss, F|100\/100\n|move|p2a: Vanillish|Toxic|p1b: Chansey|[miss]\n|-miss|p2a: Vanillish|p1b: Chansey\n|move|p1b: Chansey|Calm Mind|p1b: Chansey\n|-boost|p1b: Chansey|spa|1\n|-boost|p1b: Chansey|spd|1\n|\n|-weather|Snow|[upkeep]\n|-sideend|p2: damianshinee|move: Light Screen\n|upkeep\n|turn|12\n|\n|t:|1697762078\n|move|p2a: Vanillish|Toxic|p1b: Chansey\n|-status|p1b: Chansey|tox\n|move|p1b: Chansey|Calm Mind|p1b: Chansey\n|-boost|p1b: Chansey|spa|1\n|-boost|p1b: Chansey|spd|1\n|move|p2b: Amoonguss|Toxic|p1b: Chansey\n|-fail|p1b: Chansey|tox\n|\n|-weather|none\n|-damage|p1b: Chansey|48\/100 tox|[from] psn\n|upkeep\n|turn|13\n|inactive|damianshinee has 120 seconds left.\n|\n|t:|1697762128\n|move|p2a: Vanillish|Frost Breath|p1b: Chansey|[miss]\n|-miss|p2a: Vanillish|p1b: Chansey\n|move|p1b: Chansey|Aromatherapy|p1b: Chansey\n|-activate|p1b: Chansey|move: Aromatherapy\n|-curestatus|p1b: Chansey|tox|[msg]\n|move|p2b: Amoonguss|Stomping Tantrum|p1b: Chansey\n|-damage|p1b: Chansey|41\/100\n|\n|-sideend|p2: damianshinee|move: Aurora Veil\n|upkeep\n|turn|14\n|inactive|damianshinee has 120 seconds left.\n|\n|t:|1697762142\n|move|p2a: Vanillish|Light Screen|p2a: Vanillish\n|-sidestart|p2: damianshinee|move: Light Screen\n|move|p1b: Chansey|Soft-Boiled|p1b: Chansey\n|-heal|p1b: Chansey|91\/100\n|move|p2b: Amoonguss|Toxic|p1b: Chansey\n|-status|p1b: Chansey|tox\n|\n|-damage|p1b: Chansey|84\/100 tox|[from] psn\n|upkeep\n|turn|15\n|inactive|damianshinee has 120 seconds left.\n|\n|t:|1697762164\n|move|p2a: Vanillish|Frost Breath|p1b: Chansey\n|-crit|p1b: Chansey\n|-damage|p1b: Chansey|79\/100 tox\n|move|p1b: Chansey|Calm Mind|p1b: Chansey\n|-boost|p1b: Chansey|spa|1\n|-boost|p1b: Chansey|spd|1\n|move|p2b: Amoonguss|Giga Drain|p1b: Chansey\n|-damage|p1b: Chansey|77\/100 tox\n|\n|-damage|p1b: Chansey|65\/100 tox|[from] psn\n|upkeep\n|turn|16\n|\n|t:|1697762186\n|move|p2a: Vanillish|Frost Breath|p1b: Chansey\n|-crit|p1b: Chansey\n|-damage|p1b: Chansey|60\/100 tox\n|move|p1b: Chansey|Dazzling Gleam|p2b: Amoonguss|[spread] p2a,p2b\n|-resisted|p2b: Amoonguss\n|-damage|p2a: Vanillish|67\/100\n|-damage|p2b: Amoonguss|91\/100\n|move|p2b: Amoonguss|Stomping Tantrum|p1b: Chansey\n|-damage|p1b: Chansey|56\/100 tox\n|\n|-heal|p2b: Amoonguss|97\/100|[from] item: Black Sludge\n|-damage|p1b: Chansey|38\/100 tox|[from] psn\n|upkeep\n|turn|17\n|inactive|damianshinee has 120 seconds left.\n|inactive|damianshinee has 90 seconds left.\n|inactive|damianshinee has 60 seconds left.\n|\n|t:|1697762294\n|move|p2a: Vanillish|Frost Breath|p1b: Chansey\n|-crit|p1b: Chansey\n|-damage|p1b: Chansey|32\/100 tox\n|move|p1b: Chansey|Aromatherapy|p1b: Chansey\n|-activate|p1b: Chansey|move: Aromatherapy\n|-curestatus|p1b: Chansey|tox|[msg]\n|move|p2b: Amoonguss|Stomping Tantrum|p1b: Chansey\n|-damage|p1b: Chansey|28\/100\n|\n|-heal|p2b: Amoonguss|100\/100|[from] item: Black Sludge\n|upkeep\n|turn|18\n|inactive|damianshinee has 60 seconds left.\n|\n|t:|1697762313\n|move|p2a: Vanillish|Toxic|p1b: Chansey|[miss]\n|-miss|p2a: Vanillish|p1b: Chansey\n|move|p1b: Chansey|Soft-Boiled|p1b: Chansey\n|-heal|p1b: Chansey|78\/100\n|move|p2b: Amoonguss|Toxic|p1b: Chansey\n|-status|p1b: Chansey|tox\n|\n|-damage|p1b: Chansey|72\/100 tox|[from] psn\n|-sideend|p2: damianshinee|move: Light Screen\n|upkeep\n|turn|19\n|inactive|damianshinee has 60 seconds left.\n|\n|t:|1697762345\n|switch|p2b: Scrafty|Scrafty, M|100\/100\n|-terastallize|p1b: Chansey|Fairy\n|move|p2a: Vanillish|Light Screen|p2a: Vanillish\n|-sidestart|p2: damianshinee|move: Light Screen\n|move|p1b: Chansey|Aromatherapy|p1b: Chansey\n|-activate|p1b: Chansey|move: Aromatherapy\n|-curestatus|p1b: Chansey|tox|[msg]\n|\n|upkeep\n|turn|20\n|\n|t:|1697762357\n|move|p2b: Scrafty|Fake Out|p1b: Chansey\n|-damage|p1b: Chansey|69\/100\n|move|p2a: Vanillish|Toxic|p1b: Chansey\n|-status|p1b: Chansey|tox\n|cant|p1b: Chansey|flinch\n|\n|-damage|p1b: Chansey|63\/100 tox|[from] psn\n|upkeep\n|turn|21\n|inactive|damianshinee has 60 seconds left.\n|\n|t:|1697762393\n|switch|p2b: Chandelure|Chandelure, F|100\/100\n|move|p2a: Vanillish|Frost Breath|p1b: Chansey\n|-crit|p1b: Chansey\n|-damage|p1b: Chansey|57\/100 tox\n|move|p1b: Chansey|Aromatherapy|p1b: Chansey\n|-activate|p1b: Chansey|move: Aromatherapy\n|-curestatus|p1b: Chansey|tox|[msg]\n|\n|upkeep\n|turn|22\n|\n|t:|1697762403\n|move|p2a: Vanillish|Toxic|p1b: Chansey\n|-status|p1b: Chansey|tox\n|move|p2b: Chandelure|Calm Mind|p2b: Chandelure\n|-boost|p2b: Chandelure|spa|1\n|-boost|p2b: Chandelure|spd|1\n|move|p1b: Chansey|Soft-Boiled|p1b: Chansey\n|-heal|p1b: Chansey|100\/100 tox\n|\n|-damage|p1b: Chansey|94\/100 tox|[from] psn\n|upkeep\n|turn|23\n|inactive|damianshinee has 90 seconds left.\n|\n|t:|1697762420\n|move|p2a: Vanillish|Frost Breath|p1b: Chansey\n|-crit|p1b: Chansey\n|-damage|p1b: Chansey|89\/100 tox\n|move|p2b: Chandelure|Calm Mind|p2b: Chandelure\n|-boost|p2b: Chandelure|spa|1\n|-boost|p2b: Chandelure|spd|1\n|move|p1b: Chansey|Dazzling Gleam|p2b: Chandelure|[spread] p2a,p2b\n|-resisted|p2b: Chandelure\n|-damage|p2a: Vanillish|28\/100\n|-damage|p2b: Chandelure|85\/100\n|\n|-damage|p1b: Chansey|76\/100 tox|[from] psn\n|-sideend|p2: damianshinee|move: Light Screen\n|upkeep\n|turn|24\n|\n|t:|1697762432\n|move|p2a: Vanillish|Light Screen|p2a: Vanillish\n|-sidestart|p2: damianshinee|move: Light Screen\n|move|p2b: Chandelure|Calm Mind|p2b: Chandelure\n|-boost|p2b: Chandelure|spa|1\n|-boost|p2b: Chandelure|spd|1\n|move|p1b: Chansey|Dazzling Gleam|p2a: Vanillish|[spread] p2a,p2b\n|-resisted|p2b: Chandelure\n|-damage|p2a: Vanillish|0 fnt\n|-damage|p2b: Chandelure|73\/100\n|faint|p2a: Vanillish\n|\n|-damage|p1b: Chansey|58\/100 tox|[from] psn\n|upkeep\n|inactive|damianshinee has 90 seconds left.\n|\n|t:|1697762444\n|switch|p2a: Vanilluxe|Vanilluxe, F, tera:Ice|11\/100\n|-weather|Snow|[from] ability: Snow Warning|[of] p2a: Vanilluxe\n|turn|25\n|\n|t:|1697762457\n|move|p2b: Chandelure|Fire Blast|p1b: Chansey\n|-damage|p1b: Chansey|50\/100 tox\n|move|p2a: Vanilluxe|Blizzard|p1b: Chansey\n|-damage|p1b: Chansey|46\/100 tox\n|move|p1b: Chansey|Dazzling Gleam|p2a: Vanilluxe|[spread] p2a,p2b\n|-resisted|p2b: Chandelure\n|-damage|p2a: Vanilluxe|0 fnt\n|-damage|p2b: Chandelure|61\/100\n|faint|p2a: Vanilluxe\n|\n|-weather|Snow|[upkeep]\n|-damage|p1b: Chansey|21\/100 tox|[from] psn\n|upkeep\n|\n|t:|1697762469\n|switch|p2a: Amoonguss|Amoonguss, F|100\/100\n|turn|26\n|inactive|damianshinee has 120 seconds left.\n|\n|t:|1697762485\n|move|p2b: Chandelure|Calm Mind|p2b: Chandelure\n|-boost|p2b: Chandelure|spa|1\n|-boost|p2b: Chandelure|spd|1\n|move|p1b: Chansey|Aromatherapy|p1b: Chansey\n|-activate|p1b: Chansey|move: Aromatherapy\n|-curestatus|p1b: Chansey|tox|[msg]\n|move|p2a: Amoonguss|Stomping Tantrum|p1b: Chansey\n|-damage|p1b: Chansey|18\/100\n|\n|-weather|Snow|[upkeep]\n|upkeep\n|turn|27\n|\n|t:|1697762496\n|move|p2b: Chandelure|Fire Blast|p1b: Chansey\n|-damage|p1b: Chansey|7\/100\n|move|p1b: Chansey|Soft-Boiled|p1b: Chansey\n|-heal|p1b: Chansey|57\/100\n|move|p2a: Amoonguss|Toxic|p1b: Chansey\n|-status|p1b: Chansey|tox\n|\n|-weather|Snow|[upkeep]\n|-damage|p1b: Chansey|51\/100 tox|[from] psn\n|upkeep\n|turn|28\n|\n|t:|1697762513\n|move|p2b: Chandelure|Fire Blast|p1b: Chansey|[miss]\n|-miss|p2b: Chandelure|p1b: Chansey\n|move|p1b: Chansey|Soft-Boiled|p1b: Chansey\n|-heal|p1b: Chansey|100\/100 tox\n|move|p2a: Amoonguss|Giga Drain|p1b: Chansey\n|-damage|p1b: Chansey|99\/100 tox\n|\n|-weather|Snow|[upkeep]\n|-damage|p1b: Chansey|87\/100 tox|[from] psn\n|-sideend|p2: damianshinee|move: Light Screen\n|upkeep\n|turn|29\n|\n|t:|1697762522\n|move|p2b: Chandelure|Fire Blast|p1b: Chansey\n|-damage|p1b: Chansey|76\/100 tox\n|move|p1b: Chansey|Aromatherapy|p1b: Chansey\n|-activate|p1b: Chansey|move: Aromatherapy\n|-curestatus|p1b: Chansey|tox|[msg]\n|move|p2a: Amoonguss|Stomping Tantrum|p1b: Chansey\n|-damage|p1b: Chansey|73\/100\n|\n|-weather|none\n|upkeep\n|turn|30\n|\n|t:|1697762534\n|move|p2b: Chandelure|Calm Mind|p2b: Chandelure\n|-boost|p2b: Chandelure|spa|1\n|-boost|p2b: Chandelure|spd|1\n|move|p1b: Chansey|Dazzling Gleam|p2a: Amoonguss|[spread] p2a,p2b\n|-resisted|p2a: Amoonguss\n|-resisted|p2b: Chandelure\n|-damage|p2a: Amoonguss|79\/100\n|-damage|p2b: Chandelure|48\/100\n|move|p2a: Amoonguss|Toxic|p1b: Chansey\n|-status|p1b: Chansey|tox\n|\n|-heal|p2a: Amoonguss|85\/100|[from] item: Black Sludge\n|-damage|p1b: Chansey|66\/100 tox|[from] psn\n|upkeep\n|turn|31\n|\n|t:|1697762550\n|move|p2a: Amoonguss|Rage Powder|p2a: Amoonguss\n|-singleturn|p2a: Amoonguss|move: Rage Powder\n|move|p2b: Chandelure|Calm Mind|p2b: Chandelure\n|-boost|p2b: Chandelure|spa|1\n|-boost|p2b: Chandelure|spd|1\n|move|p1b: Chansey|Dazzling Gleam|p2b: Chandelure|[spread] p2a,p2b\n|-resisted|p2a: Amoonguss\n|-resisted|p2b: Chandelure\n|-damage|p2a: Amoonguss|63\/100\n|-damage|p2b: Chandelure|37\/100\n|\n|-heal|p2a: Amoonguss|69\/100|[from] item: Black Sludge\n|-damage|p1b: Chansey|54\/100 tox|[from] psn\n|upkeep\n|turn|32\n|\n|t:|1697762568\n|move|p2b: Chandelure|Shadow Ball|p1b: Chansey\n|-crit|p1b: Chansey\n|-damage|p1b: Chansey|1\/100 tox\n|-unboost|p1b: Chansey|spd|1\n|move|p1b: Chansey|Aromatherapy|p1b: Chansey\n|-activate|p1b: Chansey|move: Aromatherapy\n|-curestatus|p1b: Chansey|tox|[msg]\n|move|p2a: Amoonguss|Stomping Tantrum|p1b: Chansey\n|-damage|p1b: Chansey|0 fnt\n|faint|p1b: Chansey\n|\n|win|damianshinee\n|raw|Ikbxrry's rating: 1060 &rarr; <strong>1038<\/strong><br \/>(-22 for losing)\n|raw|damianshinee's rating: 1000 &rarr; <strong>1047<\/strong><br \/>(+47 for winning)\n|l|\u2606Ikbxrry\n","uploadtime":1697762592,"views":8,"p1id":"ikbxrry","p2id":"damianshinee","formatid":"gen9nationaldexdoubles","rating":1038,"private":0,"password":""}