{"id":"gen9nationaldexdoubles-1958372192","p1":"2wb","p2":"SgtSmilies","format":"[Gen 9] National Dex Doubles","log":"|j|\u26062wb\n|j|\u2606SgtSmilies\n|t:|1696319488\n|gametype|doubles\n|player|p1|2wb|backersf|\n|player|p2|SgtSmilies|acetrainerf|\n|teamsize|p1|6\n|teamsize|p2|6\n|gen|9\n|tier|[Gen 9] National Dex Doubles\n|rule|HP Percentage Mod: HP is shown in percentages\n|rule|Endless Battle Clause: Forcing endless battles is banned\n|rule|OHKO Clause: OHKO moves are banned\n|rule|Evasion Moves Clause: Evasion moves are banned\n|rule|Evasion Abilities Clause: Evasion abilities are banned\n|rule|Species Clause: Limit one of each Pok\u00e9mon\n|rule|Gravity Sleep Clause: The combination of sleep-inducing moves with imperfect accuracy and Gravity or Gigantamax Orbeetle are banned\n|clearpoke\n|poke|p1|Sableye, M|\n|poke|p1|Regieleki|\n|poke|p1|Scream Tail|\n|poke|p1|Walking Wake|\n|poke|p1|Tornadus-Therian, M|\n|poke|p1|Gastrodon, F|\n|poke|p2|Chien-Pao|\n|poke|p2|Slither Wing|\n|poke|p2|Dragapult, F|\n|poke|p2|Lilligant, F|\n|poke|p2|Dracovish|\n|poke|p2|Murkrow, F|\n|teampreview\n|j| Play Tale of Wuxia\n|inactive|Battle timer is ON: inactive players will automatically lose when time's up. (requested by SgtSmilies)\n|\n|t:|1696319522\n|start\n|switch|p1a: Huiverig Onweer|Tornadus-Therian, M|100\/100\n|switch|p1b: Scream Tail|Scream Tail|100\/100\n|switch|p2a: The Crow|Murkrow, F|100\/100\n|switch|p2b: big wing|Slither Wing|100\/100\n|turn|1\n|inactive|SgtSmilies has 270 seconds left.\n|\n|t:|1696319560\n|move|p2a: The Crow|Taunt|p1b: Scream Tail\n|-start|p1b: Scream Tail|move: Taunt\n|cant|p1b: Scream Tail|move: Taunt|Perish Song\n|move|p1a: Huiverig Onweer|Icy Wind|p2b: big wing|[spread] p2a,p2b\n|-supereffective|p2a: The Crow\n|-damage|p2a: The Crow|72\/100\n|-damage|p2b: big wing|80\/100\n|-unboost|p2a: The Crow|spe|1\n|-unboost|p2b: big wing|spe|1\n|-damage|p1a: Huiverig Onweer|91\/100|[from] item: Life Orb\n|move|p2b: big wing|U-turn|p1b: Scream Tail\n|-damage|p1b: Scream Tail|58\/100\n|-damage|p2b: big wing|70\/100|[from] item: Life Orb\n|\n|t:|1696319575\n|-end|p2b: big wing|Protosynthesis|[silent]\n|switch|p2b: Weavile-R|Chien-Pao|100\/100|[from] U-turn\n|-ability|p2b: Weavile-R|Sword of Ruin\n|\n|-heal|p1b: Scream Tail|65\/100|[from] item: Leftovers\n|upkeep\n|turn|2\n|inactive|SgtSmilies has 270 seconds left.\n|inactive|2wb has 270 seconds left.\n|\n|t:|1696319613\n|-end|p1b: Scream Tail|Protosynthesis|[silent]\n|switch|p1b: Soda Pop|Gastrodon, F|100\/100\n|switch|p2a: Ratheon|Dragapult, F|100\/100\n|move|p2b: Weavile-R|Ice Spinner|p1a: Huiverig Onweer\n|-supereffective|p1a: Huiverig Onweer\n|-damage|p1a: Huiverig Onweer|0 fnt\n|faint|p1a: Huiverig Onweer\n|\n|upkeep\n|inactive|2wb has 270 seconds left.\n|\n|t:|1696319648\n|switch|p1a: Lonely Dog|Walking Wake|100\/100\n|turn|3\n|\n|t:|1696319667\n|switch|p2b: hat|Lilligant, F|100\/100\n|move|p2a: Ratheon|Draco Meteor|p1a: Lonely Dog\n|-supereffective|p1a: Lonely Dog\n|-damage|p1a: Lonely Dog|10\/100\n|-unboost|p2a: Ratheon|spa|2\n|move|p1a: Lonely Dog|Dragon Pulse|p2a: Ratheon\n|-supereffective|p2a: Ratheon\n|-damage|p2a: Ratheon|0 fnt\n|faint|p2a: Ratheon\n|move|p1b: Soda Pop|Yawn|p2b: hat\n|-start|p2b: hat|move: Yawn|[of] p1b: Soda Pop\n|\n|upkeep\n|inactive|SgtSmilies has 270 seconds left.\n|\n|t:|1696319686\n|switch|p2a: Weavile-R|Chien-Pao|100\/100\n|-ability|p2a: Weavile-R|Sword of Ruin\n|turn|4\n|inactive|2wb has 270 seconds left.\n|\n|t:|1696319718\n|-end|p1a: Lonely Dog|Protosynthesis|[silent]\n|switch|p1a: Scream Tail|Scream Tail|65\/100\n|move|p2a: Weavile-R|Ice Spinner|p1a: Scream Tail\n|-damage|p1a: Scream Tail|22\/100\n|move|p2b: hat|Leaf Storm|p1b: Soda Pop\n|-supereffective|p1b: Soda Pop\n|-damage|p1b: Soda Pop|0 fnt\n|-unboost|p2b: hat|spa|2\n|-enditem|p2b: hat|White Herb\n|-clearnegativeboost|p2b: hat|[silent]\n|faint|p1b: Soda Pop\n|\n|-heal|p1a: Scream Tail|29\/100|[from] item: Leftovers\n|-end|p2b: hat|move: Yawn|[silent]\n|-status|p2b: hat|slp\n|upkeep\n|inactive|2wb has 240 seconds left.\n|\n|t:|1696319739\n|switch|p1b: Gemnie|Sableye, M|100\/100\n|turn|5\n|\n|t:|1696319754\n|move|p1b: Gemnie|Reflect|p1b: Gemnie\n|-sidestart|p1: 2wb|Reflect\n|move|p2a: Weavile-R|Ice Spinner|p1a: Scream Tail\n|-damage|p1a: Scream Tail|0 fnt\n|faint|p1a: Scream Tail\n|-end|p1a: Scream Tail|Protosynthesis|[silent]\n|cant|p2b: hat|slp\n|\n|upkeep\n|\n|t:|1696319765\n|switch|p1a: Fate*436|Regieleki|100\/100\n|turn|6\n|inactive|2wb has 270 seconds left.\n|inactive|2wb has 240 seconds left.\n|\n|t:|1696319822\n|move|p1b: Gemnie|Rain Dance|p1b: Gemnie\n|-weather|RainDance\n|move|p1a: Fate*436|Thunder|p2a: Weavile-R\n|-enditem|p2a: Weavile-R|Focus Sash\n|-damage|p2a: Weavile-R|1\/100\n|move|p2a: Weavile-R|Ice Spinner|p1a: Fate*436\n|-damage|p1a: Fate*436|28\/100\n|cant|p2b: hat|slp\n|\n|-weather|RainDance|[upkeep]\n|upkeep\n|turn|7\n|inactive|2wb has 240 seconds left.\n|\n|t:|1696319840\n|move|p2a: Weavile-R|Sucker Punch|p1a: Fate*436\n|-damage|p1a: Fate*436|0 fnt\n|faint|p1a: Fate*436\n|-curestatus|p2b: hat|slp|[msg]\n|move|p2b: hat|Quiver Dance|p2b: hat\n|-boost|p2b: hat|spa|1\n|-boost|p2b: hat|spd|1\n|-boost|p2b: hat|spe|1\n|move|p1b: Gemnie|Dazzling Gleam|p2a: Weavile-R|[spread] p2a,p2b\n|-supereffective|p2a: Weavile-R\n|-damage|p2a: Weavile-R|0 fnt\n|-damage|p2b: hat|91\/100\n|faint|p2a: Weavile-R\n|\n|-weather|RainDance|[upkeep]\n|upkeep\n|\n|t:|1696319854\n|switch|p1a: Lonely Dog|Walking Wake|10\/100\n|switch|p2a: mr fish|Dracovish|100\/100\n|turn|8\n|inactive|2wb has 270 seconds left.\n|\n|t:|1696319874\n|move|p2b: hat|Quiver Dance|p2b: hat\n|-boost|p2b: hat|spa|1\n|-boost|p2b: hat|spd|1\n|-boost|p2b: hat|spe|1\n|move|p1a: Lonely Dog|Dragon Pulse|p2a: mr fish\n|-supereffective|p2a: mr fish\n|-damage|p2a: mr fish|0 fnt\n|faint|p2a: mr fish\n|move|p1b: Gemnie|Dazzling Gleam|p2b: hat\n|-damage|p2b: hat|82\/100\n|\n|-weather|RainDance|[upkeep]\n|upkeep\n|\n|t:|1696319885\n|switch|p2a: big wing|Slither Wing|70\/100\n|turn|9\n|inactive|2wb has 270 seconds left.\n|\n|t:|1696319927\n|move|p2a: big wing|First Impression|p1a: Lonely Dog\n|-damage|p1a: Lonely Dog|0 fnt\n|faint|p1a: Lonely Dog\n|-end|p1a: Lonely Dog|Protosynthesis|[silent]\n|-damage|p2a: big wing|60\/100|[from] item: Life Orb\n|move|p2b: hat|Leaf Storm|p1b: Gemnie\n|-damage|p1b: Gemnie|0 fnt\n|-unboost|p2b: hat|spa|2\n|faint|p1b: Gemnie\n|\n|win|SgtSmilies\n","uploadtime":1696319938,"views":25,"p1id":"2wb","p2id":"sgtsmilies","formatid":"gen9nationaldexdoubles","rating":0,"private":0,"password":""}