{"id":"gen9nationaldexdoubles-1970480806","p1":"Chumpette","p2":"disconnectSME","format":"[Gen 9] National Dex Doubles","log":"|j|\u2606Chumpette\n|j|\u2606disconnectSME\n|t:|1697642322\n|gametype|doubles\n|player|p1|Chumpette|boarder|\n|player|p2|disconnectSME|karen|\n|teamsize|p1|6\n|teamsize|p2|6\n|gen|9\n|tier|[Gen 9] National Dex Doubles\n|rule|HP Percentage Mod: HP is shown in percentages\n|rule|Endless Battle Clause: Forcing endless battles is banned\n|rule|OHKO Clause: OHKO moves are banned\n|rule|Evasion Moves Clause: Evasion moves are banned\n|rule|Evasion Abilities Clause: Evasion abilities are banned\n|rule|Species Clause: Limit one of each Pok\u00e9mon\n|rule|Gravity Sleep Clause: The combination of sleep-inducing moves with imperfect accuracy and Gravity or Gigantamax Orbeetle are banned\n|clearpoke\n|poke|p1|Ninetales-Alola, M|\n|poke|p1|Togekiss, M|\n|poke|p1|Vanilluxe, F|\n|poke|p1|Cloyster, F|\n|poke|p1|Jolteon, M|\n|poke|p1|Sandslash-Alola, M|\n|poke|p2|Blastoise, F|\n|poke|p2|Tentacruel, F|\n|poke|p2|Rillaboom, M|\n|poke|p2|Dragapult, M|\n|poke|p2|Hawlucha, M|\n|poke|p2|Volcarona, M|\n|teampreview\n|\n|t:|1697642355\n|start\n|switch|p1a: Judas|Cloyster, F|100\/100\n|switch|p1b: The Messiah|Sandslash-Alola, M|100\/100\n|switch|p2a: Rillaboom|Rillaboom, M|100\/100\n|switch|p2b: Hawlucha|Hawlucha, M|100\/100\n|-fieldstart|move: Grassy Terrain|[from] ability: Grassy Surge|[of] p2a: Rillaboom\n|-enditem|p2b: Hawlucha|Grassy Seed\n|-boost|p2b: Hawlucha|def|1|[from] item: Grassy Seed\n|turn|1\n|j| Clabeh\n|\n|t:|1697642409\n|switch|p1b: Sycophant|Togekiss, M|100\/100\n|switch|p1a: Winter|Ninetales-Alola, M|100\/100\n|-weather|Snow|[from] ability: Snow Warning|[of] p1a: Winter\n|move|p2b: Hawlucha|High Jump Kick|p1b: Sycophant\n|-resisted|p1b: Sycophant\n|-damage|p1b: Sycophant|87\/100\n|-damage|p2b: Hawlucha|84\/100|[from] item: Rocky Helmet|[of] p1b: Sycophant\n|move|p2a: Rillaboom|Wood Hammer|p1a: Winter\n|-damage|p1a: Winter|8\/100\n|-damage|p2a: Rillaboom|79\/100|[from] Recoil\n|\n|-weather|Snow|[upkeep]\n|-heal|p1a: Winter|14\/100|[from] Grassy Terrain\n|-heal|p2a: Rillaboom|85\/100|[from] Grassy Terrain\n|upkeep\n|turn|2\n|\n|t:|1697642439\n|move|p1b: Sycophant|Follow Me|p1b: Sycophant\n|-singleturn|p1b: Sycophant|move: Follow Me\n|move|p2a: Rillaboom|Grassy Glide|p1b: Sycophant\n|-resisted|p1b: Sycophant\n|-damage|p1b: Sycophant|67\/100\n|-damage|p2a: Rillaboom|69\/100|[from] item: Rocky Helmet|[of] p1b: Sycophant\n|move|p2b: Hawlucha|Acrobatics|p1b: Sycophant\n|-damage|p1b: Sycophant|19\/100\n|-damage|p2b: Hawlucha|67\/100|[from] item: Rocky Helmet|[of] p1b: Sycophant\n|move|p1a: Winter|Blizzard|p2b: Hawlucha|[spread] p2a,p2b\n|-supereffective|p2a: Rillaboom\n|-supereffective|p2b: Hawlucha\n|-crit|p2b: Hawlucha\n|-damage|p2a: Rillaboom|24\/100\n|-damage|p2b: Hawlucha|0 fnt\n|faint|p2b: Hawlucha\n|\n|-weather|Snow|[upkeep]\n|-heal|p1a: Winter|20\/100|[from] Grassy Terrain\n|-heal|p2a: Rillaboom|30\/100|[from] Grassy Terrain\n|upkeep\n|\n|t:|1697642460\n|switch|p2b: Volcarona|Volcarona, M|100\/100\n|turn|3\n|\n|t:|1697642511\n|move|p1a: Winter|Protect|p1a: Winter\n|-singleturn|p1a: Winter|Protect\n|move|p2a: Rillaboom|Grassy Glide|p1b: Sycophant\n|-resisted|p1b: Sycophant\n|-damage|p1b: Sycophant|2\/100\n|-damage|p2a: Rillaboom|14\/100|[from] item: Rocky Helmet|[of] p1b: Sycophant\n|move|p2b: Volcarona|Heat Wave|p1a: Winter|[spread] p1b\n|-activate|p1a: Winter|move: Protect\n|-damage|p1b: Sycophant|0 fnt\n|faint|p1b: Sycophant\n|\n|-weather|Snow|[upkeep]\n|-heal|p1a: Winter|26\/100|[from] Grassy Terrain\n|-heal|p2a: Rillaboom|20\/100|[from] Grassy Terrain\n|upkeep\n|\n|t:|1697642545\n|switch|p1b: MC Hammer|Jolteon, M|100\/100\n|turn|4\n|\n|t:|1697642583\n|move|p1b: MC Hammer|Thunder Wave|p2b: Volcarona\n|-status|p2b: Volcarona|par\n|move|p1a: Winter|Blizzard|p2b: Volcarona|[spread] p2a,p2b\n|-supereffective|p2a: Rillaboom\n|-crit|p2a: Rillaboom\n|-resisted|p2b: Volcarona\n|-damage|p2a: Rillaboom|0 fnt\n|-damage|p2b: Volcarona|88\/100 par\n|faint|p2a: Rillaboom\n|cant|p2b: Volcarona|par\n|\n|-weather|Snow|[upkeep]\n|-heal|p1a: Winter|32\/100|[from] Grassy Terrain\n|-heal|p2b: Volcarona|94\/100 par|[from] Grassy Terrain\n|upkeep\n|\n|t:|1697642604\n|switch|p2a: Tentacruel|Tentacruel, F|100\/100\n|turn|5\n|\n|t:|1697642656\n|move|p1b: MC Hammer|Thunder Wave|p2a: Tentacruel\n|-status|p2a: Tentacruel|par\n|move|p1a: Winter|Blizzard|p2a: Tentacruel|[spread] p2a,p2b\n|-resisted|p2a: Tentacruel\n|-resisted|p2b: Volcarona\n|-damage|p2a: Tentacruel|87\/100 par\n|-damage|p2b: Volcarona|80\/100 par\n|move|p2a: Tentacruel|Knock Off|p1b: MC Hammer\n|-damage|p1b: MC Hammer|72\/100\n|-enditem|p1b: MC Hammer|Heavy-Duty Boots|[from] move: Knock Off|[of] p2a: Tentacruel\n|move|p2b: Volcarona|Heat Wave|p1b: MC Hammer|[spread] p1a,p1b\n|-supereffective|p1a: Winter\n|-damage|p1a: Winter|0 fnt\n|-damage|p1b: MC Hammer|27\/100\n|faint|p1a: Winter\n|\n|-weather|Snow|[upkeep]\n|-heal|p1b: MC Hammer|33\/100|[from] Grassy Terrain\n|-heal|p2a: Tentacruel|93\/100 par|[from] Grassy Terrain\n|-heal|p2b: Volcarona|86\/100 par|[from] Grassy Terrain\n|-heal|p2a: Tentacruel|99\/100 par|[from] item: Black Sludge\n|-fieldend|move: Grassy Terrain\n|upkeep\n|\n|t:|1697642684\n|switch|p1a: Judas|Cloyster, F|100\/100\n|turn|6\n|\n|t:|1697642722\n|move|p1b: MC Hammer|Thunderbolt|p2a: Tentacruel\n|-supereffective|p2a: Tentacruel\n|-damage|p2a: Tentacruel|26\/100 par\n|move|p1a: Judas|Rock Blast|p2b: Volcarona\n|-supereffective|p2b: Volcarona\n|-damage|p2b: Volcarona|45\/100 par\n|-enditem|p2b: Volcarona|Sitrus Berry|[eat]\n|-heal|p2b: Volcarona|70\/100 par|[from] item: Sitrus Berry\n|-supereffective|p2b: Volcarona\n|-damage|p2b: Volcarona|30\/100 par\n|-supereffective|p2b: Volcarona\n|-damage|p2b: Volcarona|0 fnt\n|faint|p2b: Volcarona\n|-hitcount|p2: Volcarona|3\n|move|p2a: Tentacruel|Knock Off|p1a: Judas\n|-damage|p1a: Judas|92\/100\n|-enditem|p1a: Judas|White Herb|[from] move: Knock Off|[of] p2a: Tentacruel\n|\n|-weather|Snow|[upkeep]\n|-heal|p2a: Tentacruel|32\/100 par|[from] item: Black Sludge\n|upkeep\n|\n|t:|1697642756\n|switch|p2b: Dragapult|Dragapult, M|100\/100\n|turn|7\n|\n|t:|1697642783\n|move|p2b: Dragapult|Protect|p2b: Dragapult\n|-singleturn|p2b: Dragapult|Protect\n|move|p1b: MC Hammer|Thunderbolt|p2a: Tentacruel\n|-supereffective|p2a: Tentacruel\n|-damage|p2a: Tentacruel|0 fnt\n|faint|p2a: Tentacruel\n|move|p1a: Judas|Icicle Spear|p2b: Dragapult\n|-activate|p2b: Dragapult|move: Protect\n|\n|-weather|Snow|[upkeep]\n|upkeep\n|\n|t:|1697642791\n|switch|p2a: Blastoise|Blastoise, F|100\/100\n|turn|8\n|\n|t:|1697642812\n|move|p2a: Blastoise|Fake Out|p1a: Judas\n|-damage|p1a: Judas|87\/100\n|move|p1b: MC Hammer|Thunderbolt|p2a: Blastoise\n|-supereffective|p2a: Blastoise\n|-damage|p2a: Blastoise|21\/100\n|move|p2b: Dragapult|Dragon Darts|p1b: MC Hammer\n|-damage|p1b: MC Hammer|0 fnt\n|-anim|p2b: Dragapult|Dragon Darts|p1a: Judas\n|-damage|p1a: Judas|72\/100\n|faint|p1b: MC Hammer\n|cant|p1a: Judas|flinch\n|\n|-weather|none\n|-heal|p2a: Blastoise|27\/100|[from] item: Leftovers\n|upkeep\n|\n|t:|1697642827\n|switch|p1b: Vanilla Ice|Vanilluxe, F|100\/100\n|-weather|Snow|[from] ability: Snow Warning|[of] p1b: Vanilla Ice\n|turn|9\n|\n|t:|1697642846\n|move|p2a: Blastoise|Follow Me|p2a: Blastoise\n|-singleturn|p2a: Blastoise|move: Follow Me\n|move|p2b: Dragapult|Dragon Dance|p2b: Dragapult\n|-boost|p2b: Dragapult|atk|1\n|-boost|p2b: Dragapult|spe|1\n|move|p1a: Judas|Icicle Spear|p2a: Blastoise\n|-resisted|p2a: Blastoise\n|-damage|p2a: Blastoise|22\/100\n|-resisted|p2a: Blastoise\n|-damage|p2a: Blastoise|17\/100\n|-resisted|p2a: Blastoise\n|-damage|p2a: Blastoise|12\/100\n|-resisted|p2a: Blastoise\n|-damage|p2a: Blastoise|7\/100\n|-resisted|p2a: Blastoise\n|-damage|p2a: Blastoise|2\/100\n|-hitcount|p2a: Blastoise|5\n|move|p1b: Vanilla Ice|Freeze-Dry|p2a: Blastoise\n|-supereffective|p2a: Blastoise\n|-damage|p2a: Blastoise|0 fnt\n|faint|p2a: Blastoise\n|\n|-weather|Snow|[upkeep]\n|upkeep\n|turn|10\n|\n|t:|1697642868\n|move|p2b: Dragapult|Phantom Force||[still]\n|-prepare|p2b: Dragapult|Phantom Force\n|move|p1a: Judas|Icicle Spear|p2b: Dragapult|[miss]\n|-miss|p1a: Judas|p2b: Dragapult\n|move|p1b: Vanilla Ice|Blizzard|p2b: Dragapult|[miss]\n|-miss|p1b: Vanilla Ice|p2b: Dragapult\n|\n|-weather|Snow|[upkeep]\n|upkeep\n|turn|11\n|\n|t:|1697642879\n|move|p2b: Dragapult|Phantom Force|p1b: Vanilla Ice|[from]lockedmove\n|-damage|p1b: Vanilla Ice|46\/100\n|move|p1a: Judas|Icicle Spear|p2b: Dragapult\n|-supereffective|p2b: Dragapult\n|-damage|p2b: Dragapult|68\/100\n|-supereffective|p2b: Dragapult\n|-damage|p2b: Dragapult|39\/100\n|-supereffective|p2b: Dragapult\n|-damage|p2b: Dragapult|6\/100\n|-supereffective|p2b: Dragapult\n|-damage|p2b: Dragapult|0 fnt\n|faint|p2b: Dragapult\n|-hitcount|p2: Dragapult|4\n|\n|win|Chumpette\n","uploadtime":1697642894,"views":13,"p1id":"chumpette","p2id":"disconnectsme","formatid":"gen9nationaldexdoubles","rating":0,"private":0,"password":""}