{"id":"gen9nationaldexdoubles-1997718483","p1":"Mr Green Tea","p2":"Lewoise","format":"[Gen 9] National Dex Doubles","log":"|j|\u2606Mr Green Tea\n|j|\u2606Lewoise\n|t:|1700845275\n|gametype|doubles\n|player|p1|Mr Green Tea|burglar|1133\n|player|p2|Lewoise|acerola-masters|1181\n|teamsize|p1|6\n|teamsize|p2|6\n|gen|9\n|tier|[Gen 9] National Dex Doubles\n|rated|\n|rule|HP Percentage Mod: HP is shown in percentages\n|rule|Endless Battle Clause: Forcing endless battles is banned\n|rule|OHKO Clause: OHKO moves are banned\n|rule|Evasion Moves Clause: Evasion moves are banned\n|rule|Evasion Abilities Clause: Evasion abilities are banned\n|rule|Species Clause: Limit one of each Pok\u00e9mon\n|rule|Gravity Sleep Clause: The combination of sleep-inducing moves with imperfect accuracy and Gravity or Gigantamax Orbeetle are banned\n|clearpoke\n|poke|p1|Landorus-Therian, M|\n|poke|p1|Grimmsnarl, M|\n|poke|p1|Orthworm, M|\n|poke|p1|Ogerpon-Wellspring, F|\n|poke|p1|Iron Hands|\n|poke|p1|Sinistcha|\n|poke|p2|Regigigas|\n|poke|p2|Dusclops, F|\n|poke|p2|Diancie|\n|poke|p2|Cresselia, F|\n|poke|p2|Gliscor, F|\n|poke|p2|Jolteon, F|\n|teampreview\n|\n|t:|1700845305\n|start\n|switch|p1a: Ogerpon|Ogerpon-Wellspring, F|100\/100\n|switch|p1b: Grimmsnarl|Grimmsnarl, M|100\/100\n|switch|p2a: Diancie|Diancie, shiny|100\/100\n|switch|p2b: Jolteon|Jolteon, F|100\/100\n|turn|1\n|\n|t:|1700845336\n|switch|p1a: Landorus|Landorus-Therian, M|100\/100\n|-ability|p1a: Landorus|Intimidate|boost\n|-fail|p2a: Diancie|unboost|[from] ability: Clear Body|[of] p2a: Diancie\n|-unboost|p2b: Jolteon|atk|1\n|detailschange|p2a: Diancie|Diancie-Mega, shiny\n|-mega|p2a: Diancie|Diancie|Diancite\n|move|p1b: Grimmsnarl|Light Screen|p1b: Grimmsnarl\n|-sidestart|p1: Mr Green Tea|move: Light Screen\n|move|p2b: Jolteon|Volt Switch|p1a: Landorus\n|-immune|p1a: Landorus\n|move|p2a: Diancie|Diamond Storm|p1a: Landorus|[spread] p1a,p1b\n|-damage|p1a: Landorus|55\/100\n|-damage|p1b: Grimmsnarl|65\/100\n|-boost|p2a: Diancie|def|2\n|\n|upkeep\n|turn|2\n|\n|t:|1700845367\n|switch|p2b: Gliscor|Gliscor, F|100\/100\n|move|p1b: Grimmsnarl|Parting Shot|p2a: Diancie\n|move|p2a: Diancie|Parting Shot|p1b: Grimmsnarl|[from]ability: Magic Bounce\n|-unboost|p1b: Grimmsnarl|atk|1\n|-unboost|p1b: Grimmsnarl|spa|1\n|\n|t:|1700845380\n|switch|p2a: Cresselia|Cresselia, F, shiny|100\/100|[from] Parting Shot\n|move|p1a: Landorus|Earthquake|p2b: Gliscor|[spread] p1b\n|-immune|p2a: Cresselia|[from] ability: Levitate\n|-immune|p2b: Gliscor\n|-damage|p1b: Grimmsnarl|23\/100\n|\n|-status|p2b: Gliscor|tox|[from] item: Toxic Orb\n|upkeep\n|turn|3\n|\n|t:|1700845408\n|switch|p1a: Orthworm|Orthworm, M|100\/100\n|move|p1b: Grimmsnarl|Reflect|p1b: Grimmsnarl\n|-sidestart|p1: Mr Green Tea|Reflect\n|move|p2b: Gliscor|Facade|p1a: Orthworm\n|-resisted|p1a: Orthworm\n|-damage|p1a: Orthworm|95\/100\n|move|p2a: Cresselia|Moonblast|p1b: Grimmsnarl\n|-supereffective|p1b: Grimmsnarl\n|-damage|p1b: Grimmsnarl|0 fnt\n|faint|p1b: Grimmsnarl\n|\n|upkeep\n|\n|t:|1700845418\n|switch|p1b: Landorus|Landorus-Therian, M|55\/100\n|-ability|p1b: Landorus|Intimidate|boost\n|-unboost|p2a: Cresselia|atk|1\n|-unboost|p2b: Gliscor|atk|1\n|turn|4\n|\n|t:|1700845435\n|switch|p2b: Regigigas|Regigigas, shiny|100\/100\n|-start|p2b: Regigigas|ability: Slow Start\n|move|p1b: Landorus|Rock Slide|p2b: Regigigas|[spread] p2a,p2b\n|-damage|p2a: Cresselia|86\/100\n|-damage|p2b: Regigigas|85\/100\n|move|p2a: Cresselia|Psyshock|p1b: Landorus\n|-damage|p1b: Landorus|30\/100\n|move|p1a: Orthworm|Iron Head|p2a: Cresselia\n|-damage|p2a: Cresselia|67\/100\n|\n|-heal|p2b: Regigigas|92\/100|[from] item: Leftovers\n|upkeep\n|turn|5\n|\n|t:|1700845452\n|move|p1b: Landorus|Rock Slide|p2b: Regigigas|[spread] p2a,p2b\n|-crit|p2b: Regigigas\n|-damage|p2a: Cresselia|52\/100\n|-damage|p2b: Regigigas|68\/100\n|move|p2a: Cresselia|Psyshock|p1b: Landorus\n|-damage|p1b: Landorus|5\/100\n|move|p1a: Orthworm|Body Press|p2b: Regigigas\n|-supereffective|p2b: Regigigas\n|-damage|p2b: Regigigas|19\/100\n|move|p2b: Regigigas|Brick Break|p1a: Orthworm\n|-sideend|p1: Mr Green Tea|Reflect\n|-sideend|p1: Mr Green Tea|move: Light Screen\n|-supereffective|p1a: Orthworm\n|-damage|p1a: Orthworm|77\/100\n|\n|-heal|p2b: Regigigas|25\/100|[from] item: Leftovers\n|upkeep\n|turn|6\n|\n|t:|1700845472\n|move|p1b: Landorus|Rock Slide|p2b: Regigigas|[spread] p2a,p2b\n|-damage|p2a: Cresselia|35\/100\n|-damage|p2b: Regigigas|9\/100\n|move|p2a: Cresselia|Psyshock|p1b: Landorus\n|-damage|p1b: Landorus|0 fnt\n|faint|p1b: Landorus\n|move|p1a: Orthworm|Body Press|p2b: Regigigas\n|-supereffective|p2b: Regigigas\n|-damage|p2b: Regigigas|0 fnt\n|faint|p2b: Regigigas\n|-end|p2b: Regigigas|Slow Start|[silent]\n|\n|upkeep\n|\n|t:|1700845486\n|switch|p1b: Sinistcha|Sinistcha|100\/100\n|switch|p2b: Gliscor|Gliscor, F|100\/100 tox\n|-heal|p1a: Orthworm|100\/100|[from] ability: Hospitality|[of] p1b: Sinistcha\n|turn|7\n|\n|t:|1700845497\n|move|p2b: Gliscor|Earthquake|p1a: Orthworm|[spread] p1b\n|-immune|p1a: Orthworm|[from] ability: Earth Eater\n|-immune|p2a: Cresselia|[from] ability: Levitate\n|-resisted|p1b: Sinistcha\n|-damage|p1b: Sinistcha|91\/100\n|move|p2a: Cresselia|Psyshock|p1b: Sinistcha\n|-damage|p1b: Sinistcha|67\/100\n|move|p1b: Sinistcha|Strength Sap|p2b: Gliscor\n|-unboost|p2b: Gliscor|atk|1\n|-heal|p1b: Sinistcha|100\/100\n|move|p1a: Orthworm|Shed Tail|p1a: Orthworm\n|-start|p1a: Orthworm|Substitute|[from] move: Shed Tail\n|-damage|p1a: Orthworm|50\/100\n|-enditem|p1a: Orthworm|Sitrus Berry|[eat]\n|-heal|p1a: Orthworm|75\/100|[from] item: Sitrus Berry\n|\n|t:|1700845511\n|switch|p1a: Ogerpon|Ogerpon-Wellspring, F|100\/100|[from] Shed Tail\n|\n|upkeep\n|turn|8\n|\n|t:|1700845535\n|switch|p2b: Jolteon|Jolteon, F|100\/100\n|move|p1b: Sinistcha|Rage Powder|p1b: Sinistcha\n|-singleturn|p1b: Sinistcha|move: Rage Powder\n|move|p1a: Ogerpon|Swords Dance|p1a: Ogerpon\n|-boost|p1a: Ogerpon|atk|2\n|move|p2a: Cresselia|Psyshock|p1b: Sinistcha\n|-damage|p1b: Sinistcha|77\/100\n|\n|upkeep\n|turn|9\n|\n|t:|1700845551\n|move|p2b: Jolteon|Volt Switch|p1a: Ogerpon\n|-end|p1a: Ogerpon|Substitute\n|\n|t:|1700845554\n|switch|p2b: Diancie|Diancie-Mega, shiny|100\/100|[from] Volt Switch\n|move|p1a: Ogerpon|Horn Leech|p2b: Diancie\n|-supereffective|p2b: Diancie\n|-damage|p2b: Diancie|0 fnt\n|faint|p2b: Diancie\n|move|p2a: Cresselia|Psyshock|p1a: Ogerpon\n|-damage|p1a: Ogerpon|61\/100\n|move|p1b: Sinistcha|Matcha Gotcha|p2a: Cresselia\n|-damage|p2a: Cresselia|11\/100\n|-heal|p1b: Sinistcha|92\/100|[from] drain|[of] p2a: Cresselia\n|\n|upkeep\n|\n|t:|1700845569\n|switch|p2b: Jolteon|Jolteon, F|100\/100\n|turn|10\n|\n|t:|1700845589\n|switch|p1a: Orthworm|Orthworm, M|75\/100\n|move|p2b: Jolteon|Volt Switch|p1a: Orthworm\n|-damage|p1a: Orthworm|22\/100\n|\n|t:|1700845598\n|switch|p2b: Gliscor|Gliscor, F|100\/100 tox|[from] Volt Switch\n|move|p2a: Cresselia|Psyshock|p1a: Orthworm\n|-resisted|p1a: Orthworm\n|-damage|p1a: Orthworm|13\/100\n|move|p1b: Sinistcha|Matcha Gotcha|p2b: Gliscor|[spread] p2a,p2b\n|-damage|p2a: Cresselia|0 fnt\n|-heal|p1b: Sinistcha|99\/100|[from] drain|[of] p2a: Cresselia\n|-damage|p2b: Gliscor|78\/100 tox\n|-heal|p1b: Sinistcha|100\/100|[from] drain|[of] p2b: Gliscor\n|faint|p2a: Cresselia\n|\n|-heal|p2b: Gliscor|91\/100 tox|[from] ability: Poison Heal\n|upkeep\n|\n|t:|1700845612\n|switch|p2a: Jolteon|Jolteon, F|100\/100\n|turn|11\n|\n|t:|1700845628\n|move|p2a: Jolteon|Volt Switch|p1a: Orthworm\n|-damage|p1a: Orthworm|0 fnt\n|faint|p1a: Orthworm\n|\n|t:|1700845636\n|switch|p2a: Dusclops|Dusclops, F, shiny|100\/100|[from] Volt Switch\n|-item|p1b: Sinistcha|Rocky Helmet|[from] ability: Frisk|[of] p2a: Dusclops|[identify]\n|move|p2b: Gliscor|Swords Dance|p2b: Gliscor\n|-boost|p2b: Gliscor|atk|2\n|move|p1b: Sinistcha|Strength Sap|p2b: Gliscor\n|-unboost|p2b: Gliscor|atk|1\n|\n|-heal|p2b: Gliscor|100\/100 tox|[from] ability: Poison Heal\n|upkeep\n|\n|t:|1700845645\n|switch|p1a: Iron Hands|Iron Hands|100\/100\n|turn|12\n|\n|t:|1700845661\n|move|p1a: Iron Hands|Fake Out|p2b: Gliscor\n|-damage|p2b: Gliscor|89\/100 tox\n|cant|p2b: Gliscor|flinch\n|move|p1b: Sinistcha|Strength Sap|p2b: Gliscor\n|-unboost|p2b: Gliscor|atk|1\n|move|p2a: Dusclops|Skill Swap|p1b: Sinistcha\n|-activate|p2a: Dusclops|move: Skill Swap|Hospitality|Frisk|[of] p1b: Sinistcha\n|-heal|p2b: Gliscor|100\/100 tox|[from] ability: Hospitality|[of] p2a: Dusclops\n|-item|p2a: Dusclops|Eviolite|[from] ability: Frisk|[of] p1b: Sinistcha|[identify]\n|-item|p2b: Gliscor|Toxic Orb|[from] ability: Frisk|[of] p1b: Sinistcha|[identify]\n|\n|upkeep\n|turn|13\n|\n|t:|1700845680\n|move|p1b: Sinistcha|Rage Powder|p1b: Sinistcha\n|-singleturn|p1b: Sinistcha|move: Rage Powder\n|move|p2b: Gliscor|Facade|p1b: Sinistcha\n|-immune|p1b: Sinistcha\n|move|p1a: Iron Hands|Ice Punch|p2b: Gliscor\n|-supereffective|p2b: Gliscor\n|-damage|p2b: Gliscor|2\/100 tox\n|move|p2a: Dusclops|Night Shade|p1b: Sinistcha\n|-damage|p1b: Sinistcha|71\/100\n|\n|-heal|p2b: Gliscor|14\/100 tox|[from] ability: Poison Heal\n|upkeep\n|turn|14\n|\n|t:|1700845698\n|move|p1b: Sinistcha|Rage Powder|p1b: Sinistcha\n|-singleturn|p1b: Sinistcha|move: Rage Powder\n|move|p2b: Gliscor|Facade|p1b: Sinistcha\n|-immune|p1b: Sinistcha\n|move|p1a: Iron Hands|Drain Punch|p2b: Gliscor\n|-resisted|p2b: Gliscor\n|-damage|p2b: Gliscor|0 fnt\n|faint|p2b: Gliscor\n|move|p2a: Dusclops|Night Shade|p1b: Sinistcha\n|-damage|p1b: Sinistcha|42\/100\n|\n|upkeep\n|\n|t:|1700845709\n|switch|p2b: Jolteon|Jolteon, F|100\/100\n|turn|15\n|\n|t:|1700845728\n|move|p2b: Jolteon|Shadow Ball|p1b: Sinistcha\n|-supereffective|p1b: Sinistcha\n|-damage|p1b: Sinistcha|0 fnt\n|faint|p1b: Sinistcha\n|move|p1a: Iron Hands|Drain Punch|p2b: Jolteon\n|-damage|p2b: Jolteon|16\/100\n|move|p2a: Dusclops|Night Shade|p1a: Iron Hands\n|-damage|p1a: Iron Hands|78\/100\n|\n|upkeep\n|\n|t:|1700845731\n|switch|p1b: Ogerpon|Ogerpon-Wellspring, F|61\/100\n|turn|16\n|\n|t:|1700845752\n|-terastallize|p1b: Ogerpon|Water\n|detailschange|p1b: Ogerpon|Ogerpon-Wellspring-Tera, F, tera:Water\n|-ability|p1b: Ogerpon|Embody Aspect (Wellspring)|boost\n|-boost|p1b: Ogerpon|spd|1\n|move|p2b: Jolteon|Thunderbolt|p1b: Ogerpon\n|-supereffective|p1b: Ogerpon\n|-damage|p1b: Ogerpon|0 fnt\n|faint|p1b: Ogerpon\n|move|p1a: Iron Hands|Drain Punch|p2b: Jolteon\n|-damage|p2b: Jolteon|0 fnt\n|-heal|p1a: Iron Hands|83\/100|[from] drain|[of] p2b: Jolteon\n|faint|p2b: Jolteon\n|move|p2a: Dusclops|Night Shade|p1a: Iron Hands\n|-damage|p1a: Iron Hands|61\/100\n|\n|upkeep\n|turn|17\n|\n|t:|1700845768\n|move|p1a: Iron Hands|Wild Charge|p2a: Dusclops\n|-damage|p2a: Dusclops|67\/100\n|-damage|p1a: Iron Hands|55\/100|[from] Recoil\n|move|p2a: Dusclops|Night Shade|p1a: Iron Hands\n|-damage|p1a: Iron Hands|33\/100\n|\n|upkeep\n|turn|18\n|\n|t:|1700845776\n|move|p1a: Iron Hands|Ice Punch|p2a: Dusclops\n|-damage|p2a: Dusclops|49\/100\n|move|p2a: Dusclops|Night Shade|p1a: Iron Hands\n|-damage|p1a: Iron Hands|11\/100\n|\n|upkeep\n|turn|19\n|c|\u2606Mr Green Tea|GG, bro.\n|\n|t:|1700845796\n|move|p1a: Iron Hands|Wild Charge|p2a: Dusclops\n|-damage|p2a: Dusclops|15\/100\n|-damage|p1a: Iron Hands|5\/100|[from] Recoil\n|move|p2a: Dusclops|Night Shade|p1a: Iron Hands\n|-damage|p1a: Iron Hands|0 fnt\n|faint|p1a: Iron Hands\n|-end|p1a: Iron Hands|Quark Drive|[silent]\n|\n|win|Lewoise\n|raw|Mr Green Tea's rating: 1133 &rarr; <strong>1111<\/strong><br \/>(-22 for losing)\n|raw|Lewoise's rating: 1181 &rarr; <strong>1203<\/strong><br \/>(+22 for winning)\n|c|\u2606Lewoise|gg\n|l|\u2606Mr Green Tea\n","uploadtime":1700845829,"views":0,"p1id":"mrgreentea","p2id":"lewoise","formatid":"gen9nationaldexdoubles","rating":1111,"private":0,"password":""}