{"id":"gen9nationaldexdoubles-1993675635","p1":"123 the 7","p2":"El Ryuk456","format":"[Gen 9] National Dex Doubles","log":"|j|\u2606123 the 7\n|j|\u2606El Ryuk456\n|t:|1700344328\n|gametype|doubles\n|player|p1|123 the 7|winona|1297\n|player|p2|El Ryuk456|ingo|1339\n|teamsize|p1|6\n|teamsize|p2|6\n|gen|9\n|tier|[Gen 9] National Dex Doubles\n|rated|\n|rule|HP Percentage Mod: HP is shown in percentages\n|rule|Endless Battle Clause: Forcing endless battles is banned\n|rule|OHKO Clause: OHKO moves are banned\n|rule|Evasion Moves Clause: Evasion moves are banned\n|rule|Evasion Abilities Clause: Evasion abilities are banned\n|rule|Species Clause: Limit one of each Pok\u00e9mon\n|rule|Gravity Sleep Clause: The combination of sleep-inducing moves with imperfect accuracy and Gravity or Gigantamax Orbeetle are banned\n|clearpoke\n|poke|p1|Klefki, M|\n|poke|p1|Decidueye, F|\n|poke|p1|Infernape, M|\n|poke|p1|Greninja-*, M|\n|poke|p1|Ninjask, M|\n|poke|p1|Urshifu-*, M|\n|poke|p2|Lucario, M|\n|poke|p2|Crobat, F|\n|poke|p2|Tinkaton, F|\n|poke|p2|Ogerpon, F|\n|poke|p2|Luxray, M|\n|poke|p2|Tapu Lele|\n|teampreview\n|inactive|Battle timer is ON: inactive players will automatically lose when time's up. (requested by 123 the 7)\n|\n|t:|1700344343\n|start\n|switch|p1a: Klefki|Klefki, M, shiny|100\/100\n|switch|p1b: Ninjask|Ninjask, M|100\/100\n|switch|p2a: Crobat|Crobat, F, shiny|100\/100\n|switch|p2b: Tinkaton|Tinkaton, F|100\/100\n|-ability|p2b: Tinkaton|Mold Breaker\n|turn|1\n|\n|t:|1700344354\n|move|p1a: Klefki|Reflect|p1a: Klefki\n|-sidestart|p1: 123 the 7|Reflect\n|move|p1b: Ninjask|Swords Dance|p1b: Ninjask\n|-boost|p1b: Ninjask|atk|2\n|move|p2a: Crobat|Tailwind|p2a: Crobat\n|-sidestart|p2: El Ryuk456|move: Tailwind\n|move|p2b: Tinkaton|Rock Tomb|p1b: Ninjask\n|-supereffective|p1b: Ninjask\n|-damage|p1b: Ninjask|31\/100\n|-unboost|p1b: Ninjask|spe|1\n|\n|-ability|p1b: Ninjask|Speed Boost|boost\n|-boost|p1b: Ninjask|spe|1\n|upkeep\n|turn|2\n|\n|t:|1700344382\n|move|p1b: Ninjask|Protect|p1b: Ninjask\n|-singleturn|p1b: Ninjask|Protect\n|move|p1a: Klefki|Thunder Wave|p2a: Crobat\n|-status|p2a: Crobat|par\n|move|p2b: Tinkaton|Encore|p1a: Klefki\n|-start|p1a: Klefki|Encore\n|move|p2a: Crobat|Brave Bird|p1b: Ninjask\n|-activate|p1b: Ninjask|move: Protect\n|\n|-ability|p1b: Ninjask|Speed Boost|boost\n|-boost|p1b: Ninjask|spe|1\n|upkeep\n|turn|3\n|\n|t:|1700344397\n|switch|p1a: Greninja|Greninja, M|100\/100\n|move|p1b: Ninjask|Dual Wingbeat|p2a: Crobat\n|-damage|p2a: Crobat|62\/100 par\n|-damage|p2a: Crobat|23\/100 par\n|-hitcount|p2a: Crobat|2\n|move|p2b: Tinkaton|Rock Tomb|p1b: Ninjask\n|-supereffective|p1b: Ninjask\n|-damage|p1b: Ninjask|0 fnt\n|faint|p1b: Ninjask\n|move|p2a: Crobat|Haze|p2a: Crobat\n|-clearallboost\n|\n|upkeep\n|\n|t:|1700344410\n|switch|p1b: Klefki|Klefki, M, shiny|100\/100\n|turn|4\n|\n|t:|1700344436\n|switch|p2a: Ogerpon|Ogerpon, F|100\/100\n|move|p1b: Klefki|Thunder Wave|p2b: Tinkaton|[miss]\n|-miss|p1b: Klefki|p2b: Tinkaton\n|move|p2b: Tinkaton|Rock Tomb|p1a: Greninja\n|-damage|p1a: Greninja|88\/100\n|-unboost|p1a: Greninja|spe|1\n|move|p1a: Greninja|Hydro Pump|p2a: Ogerpon\n|-resisted|p2a: Ogerpon\n|-damage|p2a: Ogerpon|79\/100\n|\n|-sideend|p2: El Ryuk456|move: Tailwind\n|upkeep\n|turn|5\n|\n|t:|1700344455\n|switch|p2b: Tapu Lele|Tapu Lele, shiny|100\/100\n|-fieldstart|move: Psychic Terrain|[from] ability: Psychic Surge|[of] p2b: Tapu Lele\n|-terastallize|p2a: Ogerpon|Grass\n|detailschange|p2a: Ogerpon|Ogerpon-Teal-Tera, F, tera:Grass\n|-ability|p2a: Ogerpon|Embody Aspect (Teal)|boost\n|-boost|p2a: Ogerpon|spe|1\n|move|p1b: Klefki|Thunder Wave|p2a: Ogerpon\n|-activate|p2a: Ogerpon|move: Psychic Terrain\n|move|p2a: Ogerpon|Ivy Cudgel|p1a: Greninja\n|-supereffective|p1a: Greninja\n|-damage|p1a: Greninja|0 fnt\n|faint|p1a: Greninja\n|\n|upkeep\n|\n|t:|1700344473\n|switch|p1a: Infernape|Infernape, M, shiny|100\/100\n|turn|6\n|\n|t:|1700344485\n|-terastallize|p1a: Infernape|Fire\n|move|p2a: Ogerpon|Spiky Shield|p2a: Ogerpon\n|-singleturn|p2a: Ogerpon|move: Protect\n|move|p1b: Klefki|Light Screen|p1b: Klefki\n|-sidestart|p1: 123 the 7|move: Light Screen\n|move|p1a: Infernape|Heat Wave|p2a: Ogerpon|[spread] p2b\n|-activate|p2a: Ogerpon|move: Protect\n|-damage|p2b: Tapu Lele|63\/100\n|-zpower|p2b: Tapu Lele\n|move|p2b: Tapu Lele|Shattered Psyche|p1a: Infernape|[zeffect]\n|-enditem|p1a: Infernape|Focus Sash\n|-damage|p1a: Infernape|1\/100\n|\n|upkeep\n|turn|7\n|\n|t:|1700344504\n|switch|p1b: Decidueye|Decidueye, F, shiny|100\/100\n|move|p2a: Ogerpon|Ivy Cudgel|p1a: Infernape\n|-resisted|p1a: Infernape\n|-crit|p1a: Infernape\n|-damage|p1a: Infernape|0 fnt\n|faint|p1a: Infernape\n|move|p2b: Tapu Lele|Taunt|p1b: Decidueye\n|-start|p1b: Decidueye|move: Taunt\n|\n|upkeep\n|\n|t:|1700344517\n|switch|p1a: Urshifu|Urshifu-Rapid-Strike, M|100\/100\n|turn|8\n|\n|t:|1700344525\n|move|p1a: Urshifu|Surging Strikes|p2b: Tapu Lele\n|-crit|p2b: Tapu Lele\n|-damage|p2b: Tapu Lele|37\/100\n|-crit|p2b: Tapu Lele\n|-damage|p2b: Tapu Lele|8\/100\n|-crit|p2b: Tapu Lele\n|-damage|p2b: Tapu Lele|0 fnt\n|faint|p2b: Tapu Lele\n|-hitcount|p2: Tapu Lele|3\n|move|p2a: Ogerpon|Ivy Cudgel|p1a: Urshifu\n|-supereffective|p1a: Urshifu\n|-damage|p1a: Urshifu|29\/100\n|-zpower|p1b: Decidueye\n|move|p1b: Decidueye|Sinister Arrow Raid|p2a: Ogerpon|[zeffect]\n|-damage|p2a: Ogerpon|9\/100\n|-enditem|p2a: Ogerpon|Sitrus Berry|[eat]\n|-heal|p2a: Ogerpon|34\/100|[from] item: Sitrus Berry\n|\n|-sideend|p1: 123 the 7|Reflect\n|upkeep\n|\n|t:|1700344544\n|switch|p2b: Lucario|Lucario, M|100\/100\n|turn|9\n|\n|t:|1700344556\n|switch|p1a: Klefki|Klefki, M, shiny|100\/100\n|detailschange|p2b: Lucario|Lucario-Mega, M\n|-mega|p2b: Lucario|Lucario|Lucarionite\n|move|p2a: Ogerpon|Ivy Cudgel|p1a: Klefki\n|-resisted|p1a: Klefki\n|-damage|p1a: Klefki|78\/100\n|move|p2b: Lucario|Flash Cannon|p1b: Decidueye\n|-damage|p1b: Decidueye|67\/100\n|move|p1b: Decidueye|Leaf Blade|p2a: Ogerpon\n|-resisted|p2a: Ogerpon\n|-damage|p2a: Ogerpon|18\/100\n|\n|-end|p1b: Decidueye|move: Taunt\n|-fieldend|move: Psychic Terrain\n|upkeep\n|turn|10\n|\n|t:|1700344580\n|move|p1a: Klefki|Reflect|p1a: Klefki\n|-sidestart|p1: 123 the 7|Reflect\n|move|p2a: Ogerpon|Ivy Cudgel|p1a: Klefki\n|-resisted|p1a: Klefki\n|-damage|p1a: Klefki|64\/100\n|move|p2b: Lucario|Flash Cannon|p1a: Klefki\n|-damage|p1a: Klefki|17\/100\n|move|p1b: Decidueye|Spirit Shackle|p2a: Ogerpon\n|-damage|p2a: Ogerpon|0 fnt\n|faint|p2a: Ogerpon\n|\n|upkeep\n|\n|t:|1700344591\n|switch|p2a: Tinkaton|Tinkaton, F|100\/100\n|-ability|p2a: Tinkaton|Mold Breaker\n|turn|11\n|inactive|123 the 7 has 120 seconds left.\n|\n|t:|1700344623\n|move|p2a: Tinkaton|Fake Out|p1a: Klefki\n|-resisted|p1a: Klefki\n|-damage|p1a: Klefki|15\/100\n|cant|p1a: Klefki|flinch\n|move|p2b: Lucario|Flash Cannon|p1b: Decidueye\n|-damage|p1b: Decidueye|32\/100\n|move|p1b: Decidueye|Spirit Shackle|p2a: Tinkaton\n|-damage|p2a: Tinkaton|62\/100\n|\n|upkeep\n|turn|12\n|\n|t:|1700344640\n|move|p2b: Lucario|Protect|p2b: Lucario\n|-singleturn|p2b: Lucario|Protect\n|move|p1a: Klefki|Thunder Wave|p2b: Lucario\n|-activate|p2b: Lucario|move: Protect\n|move|p2a: Tinkaton|Gigaton Hammer|p1a: Klefki\n|-damage|p1a: Klefki|0 fnt\n|faint|p1a: Klefki\n|move|p1b: Decidueye|Spirit Shackle|p2a: Tinkaton\n|-damage|p2a: Tinkaton|22\/100\n|\n|upkeep\n|\n|t:|1700344653\n|switch|p1a: Urshifu|Urshifu-Rapid-Strike, M|29\/100\n|turn|13\n|inactive|El Ryuk456 has 120 seconds left.\n|\n|t:|1700344685\n|switch|p2a: Luxray|Luxray, M|100\/100\n|-ability|p2a: Luxray|Intimidate|boost\n|-unboost|p1a: Urshifu|atk|1\n|-unboost|p1b: Decidueye|atk|1\n|move|p1a: Urshifu|Drain Punch|p2b: Lucario\n|-supereffective|p2b: Lucario\n|-damage|p2b: Lucario|29\/100\n|-heal|p1a: Urshifu|63\/100|[from] drain|[of] p2b: Lucario\n|move|p2b: Lucario|Aura Sphere|p1a: Urshifu\n|-damage|p1a: Urshifu|9\/100\n|move|p1b: Decidueye|Spirit Shackle|p2a: Luxray\n|-damage|p2a: Luxray|75\/100\n|-activate|p2a: Luxray|trapped\n|\n|-sideend|p1: 123 the 7|move: Light Screen\n|upkeep\n|turn|14\n|inactive|123 the 7 has 120 seconds left.\n|\n|t:|1700344718\n|move|p2b: Lucario|Vacuum Wave|p1a: Urshifu\n|-damage|p1a: Urshifu|0 fnt\n|faint|p1a: Urshifu\n|move|p2a: Luxray|Baby-Doll Eyes|p1b: Decidueye\n|-unboost|p1b: Decidueye|atk|1\n|move|p1b: Decidueye|Spirit Shackle|p2a: Luxray\n|-damage|p2a: Luxray|56\/100\n|\n|upkeep\n|turn|15\n|\n|t:|1700344731\n|move|p2a: Luxray|Baby-Doll Eyes|p1b: Decidueye\n|-unboost|p1b: Decidueye|atk|1\n|move|p2b: Lucario|Flash Cannon|p1b: Decidueye\n|-damage|p1b: Decidueye|0 fnt\n|faint|p1b: Decidueye\n|\n|win|El Ryuk456\n|raw|123 the 7's rating: 1297 &rarr; <strong>1275<\/strong><br \/>(-22 for losing)\n|raw|El Ryuk456's rating: 1339 &rarr; <strong>1357<\/strong><br \/>(+18 for winning)\n|l|\u2606123 the 7\n","uploadtime":1700344849,"views":17,"p1id":"123the7","p2id":"elryuk456","formatid":"gen9nationaldexdoubles","rating":1275,"private":0,"password":""}