{"id":"gen9nationaldexdoubles-1955017841","p1":"Yume__ice idiot","p2":"Cyclone_42","format":"[Gen 9] National Dex Doubles","log":"|j|\u2606Yume__ice idiot\n|j|\u2606Cyclone_42\n|t:|1695947362\n|gametype|doubles\n|player|p1|Yume__ice idiot|pokemonbreeder-gen4|1075\n|player|p2|Cyclone_42|riley|1048\n|teamsize|p1|6\n|teamsize|p2|6\n|gen|9\n|tier|[Gen 9] National Dex Doubles\n|rated|\n|rule|HP Percentage Mod: HP is shown in percentages\n|rule|Endless Battle Clause: Forcing endless battles is banned\n|rule|OHKO Clause: OHKO moves are banned\n|rule|Evasion Moves Clause: Evasion moves are banned\n|rule|Evasion Abilities Clause: Evasion abilities are banned\n|rule|Species Clause: Limit one of each Pok\u00e9mon\n|rule|Gravity Sleep Clause: The combination of sleep-inducing moves with imperfect accuracy and Gravity or Gigantamax Orbeetle are banned\n|clearpoke\n|poke|p1|Brute Bonnet|\n|poke|p1|Fezandipiti, M|\n|poke|p1|Garganacl, F|\n|poke|p1|Sinistcha|\n|poke|p1|Rotom-Wash|\n|poke|p1|Great Tusk|\n|poke|p2|Scizor, M|\n|poke|p2|Farigiraf, M|\n|poke|p2|Hitmontop, M|\n|poke|p2|Dragonite, M|\n|poke|p2|Dudunsparce-*, M|\n|poke|p2|Ursaluna-Bloodmoon, M|\n|teampreview\n|inactive|Battle timer is ON: inactive players will automatically lose when time's up. (requested by Yume__ice idiot)\n|\n|t:|1695947410\n|start\n|switch|p1a: Brumble|Brute Bonnet, shiny|100\/100\n|switch|p1b: Lol|Garganacl, F|100\/100\n|switch|p2a: Farigiraf|Farigiraf, M|100\/100\n|switch|p2b: Scizor|Scizor, M|100\/100\n|-enditem|p1a: Brumble|Booster Energy\n|-activate|p1a: Brumble|ability: Protosynthesis|[fromitem]\n|-start|p1a: Brumble|protosynthesisatk\n|turn|1\n|inactive|Cyclone_42 has 120 seconds left.\n|\n|t:|1695947442\n|detailschange|p2b: Scizor|Scizor-Mega, M\n|-mega|p2b: Scizor|Scizor|Scizorite\n|-terastallize|p1a: Brumble|Water\n|move|p2a: Farigiraf|Protect|p2a: Farigiraf\n|-singleturn|p2a: Farigiraf|Protect\n|move|p1a: Brumble|Spore|p2b: Scizor\n|-status|p2b: Scizor|slp|[from] move: Spore\n|cant|p2b: Scizor|slp\n|move|p1b: Lol|Salt Cure|p2b: Scizor\n|-damage|p2b: Scizor|89\/100 slp\n|-start|p2b: Scizor|Salt Cure\n|\n|-damage|p2b: Scizor|64\/100 slp|[from] Salt Cure\n|upkeep\n|turn|2\n|inactive|Cyclone_42 has 120 seconds left.\n|\n|t:|1695947474\n|cant|p2b: Scizor|slp\n|move|p1a: Brumble|Bullet Seed|p2b: Scizor\n|-resisted|p2b: Scizor\n|-damage|p2b: Scizor|61\/100 slp\n|-resisted|p2b: Scizor\n|-damage|p2b: Scizor|58\/100 slp\n|-resisted|p2b: Scizor\n|-damage|p2b: Scizor|55\/100 slp\n|-resisted|p2b: Scizor\n|-damage|p2b: Scizor|52\/100 slp\n|-resisted|p2b: Scizor\n|-damage|p2b: Scizor|49\/100 slp\n|-hitcount|p2b: Scizor|5\n|move|p1b: Lol|Salt Cure|p2a: Farigiraf\n|-damage|p2a: Farigiraf|86\/100\n|-start|p2a: Farigiraf|Salt Cure\n|move|p2a: Farigiraf|Trick Room|p2a: Farigiraf\n|-fieldstart|move: Trick Room|[of] p2a: Farigiraf\n|\n|-damage|p2a: Farigiraf|73\/100|[from] Salt Cure\n|-damage|p2b: Scizor|24\/100 slp|[from] Salt Cure\n|upkeep\n|turn|3\n|inactive|Cyclone_42 has 120 seconds left.\n|\n|t:|1695947498\n|-curestatus|p2b: Scizor|slp|[msg]\n|move|p2b: Scizor|Bullet Punch|p1a: Brumble\n|-resisted|p1a: Brumble\n|-damage|p1a: Brumble|85\/100\n|move|p1b: Lol|Salt Cure|p2a: Farigiraf\n|-damage|p2a: Farigiraf|57\/100\n|move|p2a: Farigiraf|Dazzling Gleam|p1a: Brumble|[spread] p1a,p1b\n|-damage|p1a: Brumble|72\/100\n|-damage|p1b: Lol|81\/100\n|move|p1a: Brumble|Bullet Seed|p2a: Farigiraf\n|-damage|p2a: Farigiraf|40\/100\n|-damage|p2a: Farigiraf|23\/100\n|-enditem|p2a: Farigiraf|Aguav Berry|[eat]\n|-heal|p2a: Farigiraf|57\/100|[from] item: Aguav Berry\n|-damage|p2a: Farigiraf|41\/100\n|-hitcount|p2a: Farigiraf|3\n|\n|-heal|p1b: Lol|87\/100|[from] item: Leftovers\n|-damage|p2a: Farigiraf|28\/100|[from] Salt Cure\n|-damage|p2b: Scizor|0 fnt|[from] Salt Cure\n|faint|p2b: Scizor\n|upkeep\n|inactive|Cyclone_42 has 120 seconds left.\n|\n|t:|1695947521\n|switch|p2b: Dudunsparce|Dudunsparce-Three-Segment, M, shiny|100\/100\n|turn|4\n|inactive|Cyclone_42 has 120 seconds left.\n|\n|t:|1695947534\n|-terastallize|p2b: Dudunsparce|Rock\n|move|p2b: Dudunsparce|Rock Slide|p1a: Brumble|[spread] p1b\n|-miss|p2b: Dudunsparce|p1a: Brumble\n|-damage|p1b: Lol|74\/100\n|move|p1b: Lol|Body Press|p2b: Dudunsparce\n|-supereffective|p2b: Dudunsparce\n|-damage|p2b: Dudunsparce|46\/100\n|move|p2a: Farigiraf|Dazzling Gleam|p1a: Brumble|[spread] p1a,p1b\n|-damage|p1a: Brumble|59\/100\n|-damage|p1b: Lol|54\/100\n|move|p1a: Brumble|Spore|p2a: Farigiraf\n|-status|p2a: Farigiraf|slp|[from] move: Spore\n|\n|-heal|p1b: Lol|61\/100|[from] item: Leftovers\n|-damage|p2a: Farigiraf|16\/100 slp|[from] Salt Cure\n|upkeep\n|turn|5\n|\n|t:|1695947554\n|move|p2b: Dudunsparce|Rock Slide|p1b: Lol|[spread] p1a,p1b\n|-damage|p1a: Brumble|38\/100\n|-damage|p1b: Lol|47\/100\n|move|p1b: Lol|Salt Cure|p2a: Farigiraf\n|-damage|p2a: Farigiraf|2\/100 slp\n|cant|p2a: Farigiraf|slp\n|cant|p1a: Brumble|flinch\n|\n|-heal|p1b: Lol|53\/100|[from] item: Leftovers\n|-damage|p2a: Farigiraf|0 fnt|[from] Salt Cure\n|faint|p2a: Farigiraf\n|upkeep\n|inactive|Cyclone_42 has 120 seconds left.\n|\n|t:|1695947570\n|switch|p2a: Ursaluna|Ursaluna-Bloodmoon, M|100\/100\n|turn|6\n|\n|t:|1695947581\n|move|p2a: Ursaluna|Calm Mind|p2a: Ursaluna\n|-boost|p2a: Ursaluna|spa|1\n|-boost|p2a: Ursaluna|spd|1\n|move|p2b: Dudunsparce|Rock Slide|p1b: Lol|[spread] p1a,p1b\n|-damage|p1a: Brumble|16\/100\n|-damage|p1b: Lol|41\/100\n|move|p1b: Lol|Body Press|p2b: Dudunsparce\n|-supereffective|p2b: Dudunsparce\n|-damage|p2b: Dudunsparce|0 fnt\n|faint|p2b: Dudunsparce\n|cant|p1a: Brumble|flinch\n|\n|-heal|p1b: Lol|47\/100|[from] item: Leftovers\n|-fieldend|move: Trick Room\n|upkeep\n|\n|t:|1695947597\n|switch|p2b: Hitmontop|Hitmontop, M|100\/100\n|-ability|p2b: Hitmontop|Intimidate|boost\n|-unboost|p1a: Brumble|atk|1\n|-unboost|p1b: Lol|atk|1\n|turn|7\n|\n|t:|1695947606\n|move|p1b: Lol|Protect|p1b: Lol\n|-singleturn|p1b: Lol|Protect\n|move|p2b: Hitmontop|Fake Out|p1a: Brumble\n|-damage|p1a: Brumble|5\/100\n|cant|p1a: Brumble|flinch\n|move|p2a: Ursaluna|Blood Moon|p1b: Lol\n|-activate|p1b: Lol|move: Protect\n|\n|-heal|p1b: Lol|53\/100|[from] item: Leftovers\n|upkeep\n|turn|8\n|\n|t:|1695947631\n|move|p2b: Hitmontop|Protect|p2b: Hitmontop\n|-singleturn|p2b: Hitmontop|Protect\n|move|p2a: Ursaluna|Protect|p2a: Ursaluna\n|-singleturn|p2a: Ursaluna|Protect\n|move|p1a: Brumble|Spore|p2a: Ursaluna\n|-activate|p2a: Ursaluna|move: Protect\n|move|p1b: Lol|Salt Cure|p2a: Ursaluna\n|-activate|p2a: Ursaluna|move: Protect\n|\n|-heal|p1b: Lol|59\/100|[from] item: Leftovers\n|upkeep\n|turn|9\n|inactive|Cyclone_42 has 120 seconds left.\n|\n|t:|1695947663\n|move|p2b: Hitmontop|Mach Punch|p1a: Brumble\n|-damage|p1a: Brumble|0 fnt\n|faint|p1a: Brumble\n|-end|p1a: Brumble|Protosynthesis|[silent]\n|move|p1b: Lol|Salt Cure|p2a: Ursaluna\n|-resisted|p2a: Ursaluna\n|-damage|p2a: Ursaluna|97\/100\n|-start|p2a: Ursaluna|Salt Cure\n|move|p2a: Ursaluna|Earth Power|p1b: Lol\n|-supereffective|p1b: Lol\n|-damage|p1b: Lol|0 fnt\n|faint|p1b: Lol\n|-damage|p2a: Ursaluna|87\/100|[from] item: Life Orb\n|\n|-damage|p2a: Ursaluna|75\/100|[from] Salt Cure\n|upkeep\n|\n|t:|1695947674\n|switch|p1a: The opps|Fezandipiti, M|100\/100\n|switch|p1b: Boom|Great Tusk, shiny|100\/100\n|-enditem|p1b: Boom|Booster Energy\n|-activate|p1b: Boom|ability: Protosynthesis|[fromitem]\n|-start|p1b: Boom|protosynthesisatk\n|turn|10\n|\n|t:|1695947699\n|move|p2b: Hitmontop|Mach Punch|p1b: Boom\n|-damage|p1b: Boom|88\/100\n|move|p1a: The opps|Icy Wind|p2b: Hitmontop|[spread] p2b\n|-miss|p1a: The opps|p2a: Ursaluna\n|-damage|p2b: Hitmontop|89\/100\n|-unboost|p2b: Hitmontop|spe|1\n|-status|p2b: Hitmontop|tox|[from] ability: Toxic Chain|[of] p1a: The opps\n|-enditem|p2b: Hitmontop|Eject Button\n|\n|t:|1695947710\n|switch|p2b: Dragonite|Dragonite, M|100\/100\n|move|p1b: Boom|Ice Spinner|p2a: Ursaluna\n|-supereffective|p2a: Ursaluna\n|-damage|p2a: Ursaluna|20\/100\n|move|p2a: Ursaluna|Blood Moon|p1b: Boom\n|-damage|p1b: Boom|0 fnt\n|faint|p1b: Boom\n|-end|p1b: Boom|Protosynthesis|[silent]\n|-damage|p2a: Ursaluna|10\/100|[from] item: Life Orb\n|\n|-damage|p2a: Ursaluna|0 fnt|[from] Salt Cure\n|faint|p2a: Ursaluna\n|upkeep\n|\n|t:|1695947722\n|switch|p1b: DOINGIS|Sinistcha, shiny|100\/100\n|switch|p2a: Hitmontop|Hitmontop, M|89\/100 tox\n|-ability|p2a: Hitmontop|Intimidate|boost\n|-unboost|p1a: The opps|atk|1\n|-unboost|p1b: DOINGIS|atk|1\n|turn|11\n|inactive|Cyclone_42 has 120 seconds left.\n|c|\u2606Yume__ice idiot|Adios good sir\n|c|\u2606Cyclone_42|Rly...\n|inactive|Cyclone_42 has 90 seconds left.\n|c|\u2606Yume__ice idiot|o7\n|\n|t:|1695947795\n|move|p2a: Hitmontop|Fake Out|p1a: The opps\n|-damage|p1a: The opps|85\/100\n|cant|p1a: The opps|flinch\n|move|p1b: DOINGIS|Matcha Gotcha|p2b: Dragonite|[spread] p2a\n|-miss|p1b: DOINGIS|p2b: Dragonite\n|-damage|p2a: Hitmontop|57\/100 tox\n|move|p2b: Dragonite|Dual Wingbeat|p1b: DOINGIS\n|-supereffective|p1b: DOINGIS\n|-damage|p1b: DOINGIS|40\/100\n|-supereffective|p1b: DOINGIS\n|-damage|p1b: DOINGIS|0 fnt\n|faint|p1b: DOINGIS\n|-hitcount|p1: DOINGIS|2\n|\n|-damage|p2a: Hitmontop|51\/100 tox|[from] psn\n|upkeep\n|\n|t:|1695947809\n|switch|p1b: GamersNightmare|Rotom-Wash, shiny|100\/100\n|turn|12\n|\n|t:|1695947827\n|move|p2a: Hitmontop|Mach Punch|p1b: GamersNightmare\n|-damage|p1b: GamersNightmare|75\/100\n|move|p1a: The opps|Moonblast|p2b: Dragonite\n|-supereffective|p2b: Dragonite\n|-damage|p2b: Dragonite|72\/100\n|move|p1b: GamersNightmare|Hex|p2a: Hitmontop\n|-damage|p2a: Hitmontop|0 fnt\n|faint|p2a: Hitmontop\n|move|p2b: Dragonite|Dual Wingbeat|p1a: The opps\n|-damage|p1a: The opps|40\/100\n|-damage|p1a: The opps|0 fnt\n|faint|p1a: The opps\n|-hitcount|p1: The opps|2\n|\n|upkeep\n|turn|13\n|c|\u2606Yume__ice idiot|o7\n|\n|t:|1695947845\n|move|p1b: GamersNightmare|Discharge|p2b: Dragonite\n|-damage|p2b: Dragonite|37\/100\n|-status|p2b: Dragonite|par\n|move|p2b: Dragonite|Dual Wingbeat|p1b: GamersNightmare\n|-resisted|p1b: GamersNightmare\n|-damage|p1b: GamersNightmare|53\/100\n|-resisted|p1b: GamersNightmare\n|-damage|p1b: GamersNightmare|29\/100\n|-hitcount|p1b: GamersNightmare|2\n|\n|upkeep\n|turn|14\n|\n|t:|1695947859\n|move|p1b: GamersNightmare|Hex|p2b: Dragonite\n|-damage|p2b: Dragonite|1\/100 par\n|cant|p2b: Dragonite|par\n|\n|upkeep\n|turn|15\n|c|\u2606Yume__ice idiot|BYE BYE BBG\n|c|\u2606Cyclone_42|I hate yu luck...\n|c|\u2606Cyclone_42|*your.\n|c|\u2606Yume__ice idiot|Yup\n|inactive|Cyclone_42 has 120 seconds left.\n|c|\u2606Yume__ice idiot|Many do\n|c|\u2606Cyclone_42|Didnt flinch like at all with 5 rock slides...\n|\n|t:|1695947909\n|move|p1b: GamersNightmare|Hex|p2b: Dragonite\n|-crit|p2b: Dragonite\n|-damage|p2b: Dragonite|0 fnt\n|faint|p2b: Dragonite\n|\n|win|Yume__ice idiot\n|raw|Yume__ice idiot's rating: 1075 &rarr; <strong>1102<\/strong><br \/>(+27 for winning)\n|raw|Cyclone_42's rating: 1048 &rarr; <strong>1032<\/strong><br \/>(-16 for losing)\n|c|\u2606Yume__ice idiot|Brumble flinched twice\n|c|\u2606Cyclone_42|Crit rly...\n|c|\u2606Yume__ice idiot|Salt\n","uploadtime":1695947921,"views":11,"p1id":"yumeiceidiot","p2id":"cyclone42","formatid":"gen9nationaldexdoubles","rating":1032,"private":0,"password":""}