{"id":"gen9nationaldexdoubles-1961037516","p1":"Tournesun","p2":"Golbur","format":"[Gen 9] National Dex Doubles","log":"|j|\u2606Tournesun\n|j|\u2606Golbur\n|t:|1696590450\n|gametype|doubles\n|player|p1|Tournesun|workerice|1159\n|player|p2|Golbur|roxie|1151\n|teamsize|p1|6\n|teamsize|p2|6\n|gen|9\n|tier|[Gen 9] National Dex Doubles\n|rated|\n|rule|HP Percentage Mod: HP is shown in percentages\n|rule|Endless Battle Clause: Forcing endless battles is banned\n|rule|OHKO Clause: OHKO moves are banned\n|rule|Evasion Moves Clause: Evasion moves are banned\n|rule|Evasion Abilities Clause: Evasion abilities are banned\n|rule|Species Clause: Limit one of each Pok\u00e9mon\n|rule|Gravity Sleep Clause: The combination of sleep-inducing moves with imperfect accuracy and Gravity or Gigantamax Orbeetle are banned\n|clearpoke\n|poke|p1|Oricorio-Pom-Pom, M|\n|poke|p1|Quaquaval, M|\n|poke|p1|Farigiraf, F|\n|poke|p1|Kingambit, M|\n|poke|p1|Dusclops, M|\n|poke|p1|Ursaluna-Bloodmoon, M|\n|poke|p2|Aromatisse, F|\n|poke|p2|Stakataka|\n|poke|p2|Torterra, F|\n|poke|p2|Vivillon-Elegant, M|\n|poke|p2|Grapploct, F|\n|poke|p2|Tsareena, F|\n|teampreview\n|inactive|Battle timer is ON: inactive players will automatically lose when time's up. (requested by Golbur)\n|\n|t:|1696590473\n|start\n|switch|p1a: Ursaluna|Ursaluna-Bloodmoon, M|100\/100\n|switch|p1b: Dusclops|Dusclops, M|100\/100\n|switch|p2a: Bimpy|Stakataka|100\/100\n|switch|p2b: Goopy|Torterra, F|100\/100\n|-ability|p1b: Dusclops|Pressure\n|turn|1\n|\n|t:|1696590503\n|switch|p1a: Farigiraf|Farigiraf, F|100\/100\n|move|p2b: Goopy|Light Screen|p2b: Goopy\n|-sidestart|p2: Golbur|move: Light Screen\n|move|p1b: Dusclops|Will-O-Wisp|p2b: Goopy\n|-status|p2b: Goopy|brn\n|move|p2a: Bimpy|Trick Room|p2a: Bimpy\n|-fieldstart|move: Trick Room|[of] p2a: Bimpy\n|\n|-damage|p2b: Goopy|94\/100 brn|[from] brn\n|upkeep\n|turn|2\n|\n|t:|1696590521\n|switch|p2b: Spoopy|Aromatisse, F, shiny|100\/100\n|move|p2a: Bimpy|Gyro Ball|p1a: Farigiraf\n|-damage|p1a: Farigiraf|26\/100\n|-damage|p2a: Bimpy|84\/100|[from] item: Rocky Helmet|[of] p1a: Farigiraf\n|move|p1b: Dusclops|Will-O-Wisp|p2a: Bimpy\n|-status|p2a: Bimpy|brn\n|move|p1a: Farigiraf|Psychic|p2b: Spoopy\n|-damage|p2b: Spoopy|70\/100\n|\n|-damage|p2a: Bimpy|78\/100 brn|[from] brn\n|upkeep\n|turn|3\n|\n|t:|1696590547\n|move|p2a: Bimpy|Gyro Ball|p1a: Farigiraf\n|-damage|p1a: Farigiraf|0 fnt\n|-damage|p2a: Bimpy|61\/100 brn|[from] item: Rocky Helmet|[of] p1a: Farigiraf\n|faint|p1a: Farigiraf\n|-ability|p2a: Bimpy|Beast Boost|boost\n|-boost|p2a: Bimpy|def|1\n|move|p1b: Dusclops|Skill Swap|p2b: Spoopy\n|-activate|p1b: Dusclops|move: Skill Swap|Aroma Veil|Pressure|[of] p2b: Spoopy\n|-ability|p2b: Spoopy|Pressure\n|move|p2b: Spoopy|Nasty Plot|p2b: Spoopy\n|-boost|p2b: Spoopy|spa|2\n|\n|-damage|p2a: Bimpy|55\/100 brn|[from] brn\n|upkeep\n|inactive|Tournesun has 120 seconds left.\n|\n|t:|1696590564\n|switch|p1a: Ursaluna|Ursaluna-Bloodmoon, M|100\/100\n|turn|4\n|\n|t:|1696590574\n|move|p2a: Bimpy|Body Slam|p1a: Ursaluna\n|-damage|p1a: Ursaluna|90\/100\n|-status|p1a: Ursaluna|par\n|move|p1a: Ursaluna|Earth Power|p2a: Bimpy\n|-supereffective|p2a: Bimpy\n|-damage|p2a: Bimpy|0 fnt\n|faint|p2a: Bimpy\n|-damage|p1a: Ursaluna|80\/100 par|[from] item: Life Orb\n|move|p1b: Dusclops|Will-O-Wisp|p2b: Spoopy\n|-status|p2b: Spoopy|brn\n|move|p2b: Spoopy|Moonblast|p1a: Ursaluna\n|-damage|p1a: Ursaluna|0 fnt\n|faint|p1a: Ursaluna\n|\n|-damage|p2b: Spoopy|64\/100 brn|[from] brn\n|upkeep\n|\n|t:|1696590592\n|switch|p2a: Flippy|Vivillon-Elegant, M|100\/100\n|switch|p1a: Kingambit|Kingambit, M|100\/100\n|-activate|p1a: Kingambit|ability: Supreme Overlord\n|-start|p1a: Kingambit|fallen2|[silent]\n|turn|5\n|\n|t:|1696590605\n|-end|p1a: Kingambit|fallen2|[silent]\n|switch|p1a: Oricorio|Oricorio-Pom-Pom, M|100\/100\n|move|p1b: Dusclops|Charge Beam|p2a: Flippy\n|-supereffective|p2a: Flippy\n|-damage|p2a: Flippy|80\/100\n|-boost|p1b: Dusclops|spa|1\n|move|p2b: Spoopy|Moonblast|p1b: Dusclops\n|-damage|p1b: Dusclops|46\/100\n|-unboost|p1b: Dusclops|spa|1\n|move|p2a: Flippy|Sleep Powder|p1a: Oricorio\n|-status|p1a: Oricorio|slp|[from] move: Sleep Powder\n|\n|-damage|p2b: Spoopy|57\/100 brn|[from] brn\n|-fieldend|move: Trick Room\n|upkeep\n|turn|6\n|\n|t:|1696590633\n|cant|p1a: Oricorio|slp\n|move|p2a: Flippy|Pollen Puff|p2b: Spoopy\n|-heal|p2b: Spoopy|100\/100 brn\n|move|p2b: Spoopy|Moonblast|p1b: Dusclops\n|-damage|p1b: Dusclops|0 fnt\n|faint|p1b: Dusclops\n|\n|-damage|p2b: Spoopy|94\/100 brn|[from] brn\n|upkeep\n|\n|t:|1696590644\n|switch|p1b: Quaquaval|Quaquaval, M|100\/100\n|turn|7\n|\n|t:|1696590655\n|-terastallize|p2b: Spoopy|Electric\n|move|p1b: Quaquaval|Aqua Step|p2a: Flippy\n|-damage|p2a: Flippy|21\/100\n|-boost|p1b: Quaquaval|spe|1\n|-damage|p1b: Quaquaval|91\/100|[from] item: Life Orb\n|-activate|p1a: Oricorio|ability: Dancer\n|cant|p1a: Oricorio|slp\n|cant|p1a: Oricorio|slp\n|move|p2a: Flippy|Hurricane|p1b: Quaquaval\n|-supereffective|p1b: Quaquaval\n|-damage|p1b: Quaquaval|0 fnt\n|faint|p1b: Quaquaval\n|move|p2b: Spoopy|Thunderbolt|p1a: Oricorio\n|-enditem|p1a: Oricorio|Focus Sash\n|-damage|p1a: Oricorio|1\/100 slp\n|\n|-damage|p2b: Spoopy|88\/100 brn|[from] brn\n|upkeep\n|-message|Tournesun forfeited.\n|\n|win|Golbur\n|raw|Tournesun's rating: 1159 &rarr; <strong>1133<\/strong><br \/>(-26 for losing)\n|raw|Golbur's rating: 1151 &rarr; <strong>1177<\/strong><br \/>(+26 for winning)\n|l|\u2606Tournesun\n","uploadtime":1696590684,"views":7,"p1id":"tournesun","p2id":"golbur","formatid":"gen9nationaldexdoubles","rating":1133,"private":0,"password":""}