{"id":"gen9nationaldexdoubles-1989414455","p1":"Soul_lmao","p2":"jerrysmiggles","format":"[Gen 9] National Dex Doubles","log":"|j|\u2606Soul_lmao\n|j|\u2606jerrysmiggles\n|t:|1699847191\n|gametype|doubles\n|player|p1|Soul_lmao|101|1160\n|player|p2|jerrysmiggles|cheren-gen5bw2|1053\n|teamsize|p1|6\n|teamsize|p2|6\n|gen|9\n|tier|[Gen 9] National Dex Doubles\n|rated|\n|rule|HP Percentage Mod: HP is shown in percentages\n|rule|Endless Battle Clause: Forcing endless battles is banned\n|rule|OHKO Clause: OHKO moves are banned\n|rule|Evasion Moves Clause: Evasion moves are banned\n|rule|Evasion Abilities Clause: Evasion abilities are banned\n|rule|Species Clause: Limit one of each Pok\u00e9mon\n|rule|Gravity Sleep Clause: The combination of sleep-inducing moves with imperfect accuracy and Gravity or Gigantamax Orbeetle are banned\n|clearpoke\n|poke|p1|Hydreigon, M|\n|poke|p1|Mawile, F|\n|poke|p1|Rotom-Fan|\n|poke|p1|Milotic, F|\n|poke|p1|Amoonguss, F|\n|poke|p1|Blaziken, M|\n|poke|p2|Garbodor, M|\n|poke|p2|Audino, F|\n|poke|p2|Krookodile, M|\n|poke|p2|Indeedee-F, F|\n|poke|p2|Aegislash, M|\n|poke|p2|Scolipede, M|\n|teampreview\n|\n|t:|1699847205\n|start\n|switch|p1a: Mawile|Mawile, F, shiny|100\/100\n|switch|p1b: Amoonguss|Amoonguss, F|100\/100\n|switch|p2a: Amide|Indeedee-F, F|100\/100\n|switch|p2b: Acid Chloride|Scolipede, M|100\/100\n|-fieldstart|move: Psychic Terrain|[from] ability: Psychic Surge|[of] p2a: Amide\n|-ability|p1a: Mawile|Intimidate|boost\n|-unboost|p2a: Amide|atk|1\n|-unboost|p2b: Acid Chloride|atk|1\n|turn|1\n|inactive|Battle timer is ON: inactive players will automatically lose when time's up. (requested by Soul_lmao)\n|\n|t:|1699847227\n|switch|p2b: Kroko|Krookodile, M|100\/100\n|-ability|p2b: Kroko|Intimidate|boost\n|-unboost|p1a: Mawile|atk|1\n|-unboost|p1b: Amoonguss|atk|1\n|detailschange|p1a: Mawile|Mawile-Mega, F, shiny\n|-mega|p1a: Mawile|Mawile|Mawilite\n|move|p2a: Amide|Calm Mind|p2a: Amide\n|-boost|p2a: Amide|spa|1\n|-boost|p2a: Amide|spd|1\n|move|p1b: Amoonguss|Spore|p2a: Amide\n|-status|p2a: Amide|slp|[from] move: Spore\n|move|p1a: Mawile|Swords Dance|p1a: Mawile\n|-boost|p1a: Mawile|atk|2\n|\n|upkeep\n|turn|2\n|inactive|Soul_lmao has 120 seconds left.\n|\n|t:|1699847278\n|switch|p2b: Starbucks\ud83e\udd2e\ud83e\udd2e|Garbodor, M|100\/100\n|-item|p2b: Starbucks\ud83e\udd2e\ud83e\udd2e|Air Balloon\n|move|p1b: Amoonguss|Rage Powder|p1b: Amoonguss\n|-singleturn|p1b: Amoonguss|move: Rage Powder\n|cant|p2a: Amide|slp\n|move|p1a: Mawile|Play Rough|p2b: Starbucks\ud83e\udd2e\ud83e\udd2e\n|-resisted|p2b: Starbucks\ud83e\udd2e\ud83e\udd2e\n|-damage|p2b: Starbucks\ud83e\udd2e\ud83e\udd2e|27\/100\n|-ability|p2b: Starbucks\ud83e\udd2e\ud83e\udd2e|Weak Armor|boost\n|-unboost|p2b: Starbucks\ud83e\udd2e\ud83e\udd2e|def|1\n|-boost|p2b: Starbucks\ud83e\udd2e\ud83e\udd2e|spe|2\n|-enditem|p2b: Starbucks\ud83e\udd2e\ud83e\udd2e|Air Balloon\n|\n|upkeep\n|turn|3\n|inactive|Soul_lmao has 120 seconds left.\n|inactive|jerrysmiggles has 120 seconds left.\n|\n|t:|1699847328\n|move|p1b: Amoonguss|Rage Powder|p1b: Amoonguss\n|-singleturn|p1b: Amoonguss|move: Rage Powder\n|move|p2b: Starbucks\ud83e\udd2e\ud83e\udd2e|Spikes|p1a: Mawile\n|-sidestart|p1: Soul_lmao|Spikes\n|-curestatus|p2a: Amide|slp|[msg]\n|move|p2a: Amide|Calm Mind|p2a: Amide\n|-boost|p2a: Amide|spa|1\n|-boost|p2a: Amide|spd|1\n|move|p1a: Mawile|Play Rough|p2b: Starbucks\ud83e\udd2e\ud83e\udd2e\n|-resisted|p2b: Starbucks\ud83e\udd2e\ud83e\udd2e\n|-damage|p2b: Starbucks\ud83e\udd2e\ud83e\udd2e|0 fnt\n|faint|p2b: Starbucks\ud83e\udd2e\ud83e\udd2e\n|\n|upkeep\n|\n|t:|1699847344\n|switch|p2b: Kroko|Krookodile, M|100\/100\n|-ability|p2b: Kroko|Intimidate|boost\n|-unboost|p1a: Mawile|atk|1\n|-unboost|p1b: Amoonguss|atk|1\n|turn|4\n|\n|t:|1699847367\n|-terastallize|p2b: Kroko|Steel\n|move|p2a: Amide|Baton Pass|p2a: Amide\n|\n|t:|1699847375\n|switch|p2a: Eye Sword|Aegislash, M|100\/100|[from] Baton Pass\n|move|p2b: Kroko|Tera Blast|p1a: Mawile|[anim] Tera Blast Steel\n|-crit|p1a: Mawile\n|-damage|p1a: Mawile|30\/100\n|move|p1b: Amoonguss|Spore|p2a: Eye Sword\n|-status|p2a: Eye Sword|slp|[from] move: Spore\n|move|p1a: Mawile|Play Rough|p2b: Kroko\n|-resisted|p2b: Kroko\n|-damage|p2b: Kroko|62\/100\n|\n|-heal|p2b: Kroko|68\/100|[from] item: Leftovers\n|upkeep\n|turn|5\n|inactive|jerrysmiggles has 120 seconds left.\n|\n|t:|1699847400\n|switch|p1b: Hydreigon|Hydreigon, M, shiny|100\/100\n|move|p1a: Mawile|Sucker Punch|p2b: Kroko\n|-activate|p2b: Kroko|move: Psychic Terrain\n|move|p2b: Kroko|Tera Blast|p1a: Mawile|[anim] Tera Blast Steel\n|-damage|p1a: Mawile|0 fnt\n|faint|p1a: Mawile\n|cant|p2a: Eye Sword|slp\n|\n|-heal|p2b: Kroko|74\/100|[from] item: Leftovers\n|-fieldend|move: Psychic Terrain\n|upkeep\n|inactive|Soul_lmao has 120 seconds left.\n|\n|t:|1699847419\n|switch|p1a: Blaziken|Blaziken, M|100\/100\n|-damage|p1a: Blaziken|88\/100|[from] Spikes\n|turn|6\n|inactive|jerrysmiggles has 120 seconds left.\n|\n|t:|1699847441\n|switch|p2b: Amide|Indeedee-F, F|100\/100\n|-fieldstart|move: Psychic Terrain|[from] ability: Psychic Surge|[of] p2b: Amide\n|move|p1a: Blaziken|Protect|p1a: Blaziken\n|-singleturn|p1a: Blaziken|Protect\n|cant|p2a: Eye Sword|slp\n|move|p1b: Hydreigon|Dark Pulse|p2a: Eye Sword\n|-supereffective|p2a: Eye Sword\n|-damage|p2a: Eye Sword|43\/100 slp\n|-damage|p1b: Hydreigon|91\/100|[from] item: Life Orb\n|\n|-ability|p1a: Blaziken|Speed Boost|boost\n|-boost|p1a: Blaziken|spe|1\n|upkeep\n|turn|7\n|inactive|jerrysmiggles has 120 seconds left.\n|\n|t:|1699847474\n|move|p2b: Amide|Follow Me|p2b: Amide\n|-singleturn|p2b: Amide|move: Follow Me\n|move|p1a: Blaziken|Superpower|p2b: Amide\n|-damage|p2b: Amide|21\/100\n|-unboost|p1a: Blaziken|atk|1\n|-unboost|p1a: Blaziken|def|1\n|move|p1b: Hydreigon|Dark Pulse|p2b: Amide\n|-supereffective|p2b: Amide\n|-damage|p2b: Amide|0 fnt\n|faint|p2b: Amide\n|-damage|p1b: Hydreigon|81\/100|[from] item: Life Orb\n|-curestatus|p2a: Eye Sword|slp|[msg]\n|move|p2a: Eye Sword|Autotomize|p2a: Eye Sword\n|-boost|p2a: Eye Sword|spe|2\n|-start|p2a: Eye Sword|Autotomize\n|\n|-ability|p1a: Blaziken|Speed Boost|boost\n|-boost|p1a: Blaziken|spe|1\n|upkeep\n|inactive|jerrysmiggles has 90 seconds left.\n|\n|t:|1699847505\n|switch|p2b: Acid Chloride|Scolipede, M|100\/100\n|turn|8\n|inactive|Soul_lmao has 120 seconds left.\n|\n|t:|1699847554\n|move|p2a: Eye Sword|King's Shield|p2a: Eye Sword\n|-singleturn|p2a: Eye Sword|Protect\n|move|p1a: Blaziken|Overheat|p2b: Acid Chloride|[miss]\n|-miss|p1a: Blaziken|p2b: Acid Chloride\n|move|p2b: Acid Chloride|Swords Dance|p2b: Acid Chloride\n|-boost|p2b: Acid Chloride|atk|2\n|move|p1b: Hydreigon|Dark Pulse|p2a: Eye Sword\n|-activate|p2a: Eye Sword|move: Protect\n|\n|-ability|p1a: Blaziken|Speed Boost|boost\n|-boost|p1a: Blaziken|spe|1\n|-ability|p2b: Acid Chloride|Speed Boost|boost\n|-boost|p2b: Acid Chloride|spe|1\n|upkeep\n|turn|9\n|inactive|Soul_lmao has 120 seconds left.\n|inactive|jerrysmiggles has 120 seconds left.\n|\n|t:|1699847591\n|move|p1a: Blaziken|Overheat|p2b: Acid Chloride\n|-supereffective|p2b: Acid Chloride\n|-enditem|p2b: Acid Chloride|Focus Sash\n|-damage|p2b: Acid Chloride|1\/100\n|-unboost|p1a: Blaziken|spa|2\n|move|p2b: Acid Chloride|Poison Jab|p1b: Hydreigon\n|-damage|p1b: Hydreigon|0 fnt\n|faint|p1b: Hydreigon\n|-formechange|p2a: Eye Sword|Aegislash-Blade||[from] ability: Stance Change\n|move|p2a: Eye Sword|Flash Cannon|p1a: Blaziken\n|-resisted|p1a: Blaziken\n|-damage|p1a: Blaziken|0 fnt\n|faint|p1a: Blaziken\n|-damage|p2a: Eye Sword|33\/100|[from] item: Life Orb\n|\n|-ability|p2b: Acid Chloride|Speed Boost|boost\n|-boost|p2b: Acid Chloride|spe|1\n|upkeep\n|inactive|Soul_lmao has 120 seconds left.\n|\n|t:|1699847617\n|switch|p1a: Milotic|Milotic, F|100\/100\n|switch|p1b: Rotom|Rotom-Fan|100\/100\n|-damage|p1a: Milotic|88\/100|[from] Spikes\n|turn|10\n|inactive|Soul_lmao has 120 seconds left.\n|inactive|jerrysmiggles has 120 seconds left.\n|\n|t:|1699847644\n|move|p1a: Milotic|Protect|p1a: Milotic\n|-singleturn|p1a: Milotic|Protect\n|move|p2b: Acid Chloride|Poison Jab|p1a: Milotic\n|-activate|p1a: Milotic|move: Protect\n|move|p2a: Eye Sword|Shadow Ball|p1a: Milotic\n|-activate|p1a: Milotic|move: Protect\n|move|p1b: Rotom|Air Slash|p2b: Acid Chloride\n|-supereffective|p2b: Acid Chloride\n|-damage|p2b: Acid Chloride|0 fnt\n|faint|p2b: Acid Chloride\n|\n|-fieldend|move: Psychic Terrain\n|-status|p1a: Milotic|brn|[from] item: Flame Orb\n|upkeep\n|inactive|jerrysmiggles has 90 seconds left.\n|\n|t:|1699847664\n|switch|p2b: Amine|Audino, F|100\/100\n|turn|11\n|\n|t:|1699847679\n|detailschange|p2b: Amine|Audino-Mega, F\n|-mega|p2b: Amine|Audino|Audinite\n|move|p2a: Eye Sword|Shadow Ball|p1a: Milotic\n|-damage|p1a: Milotic|4\/100 brn\n|-unboost|p1a: Milotic|spd|1\n|-damage|p2a: Eye Sword|23\/100|[from] item: Life Orb\n|move|p1b: Rotom|Thunder Wave|p2b: Amine\n|-status|p2b: Amine|par\n|move|p1a: Milotic|Scald|p2a: Eye Sword\n|-damage|p2a: Eye Sword|0 fnt\n|faint|p2a: Eye Sword\n|cant|p2b: Amine|par\n|\n|-damage|p1a: Milotic|0 fnt|[from] brn\n|faint|p1a: Milotic\n|upkeep\n|\n|t:|1699847698\n|switch|p2a: Kroko|Krookodile, M, tera:Steel|74\/100\n|switch|p1a: Amoonguss|Amoonguss, F|100\/100\n|-ability|p2a: Kroko|Intimidate|boost\n|-unboost|p1a: Amoonguss|atk|1\n|-unboost|p1b: Rotom|atk|1\n|-damage|p1a: Amoonguss|88\/100|[from] Spikes\n|turn|12\n|inactive|jerrysmiggles has 120 seconds left.\n|\n|t:|1699847729\n|move|p1b: Rotom|Air Slash|p2b: Amine\n|-damage|p2b: Amine|85\/100 par\n|move|p2a: Kroko|Tera Blast|p1a: Amoonguss|[anim] Tera Blast Steel\n|-damage|p1a: Amoonguss|50\/100\n|move|p1a: Amoonguss|Spore|p2a: Kroko\n|-status|p2a: Kroko|slp|[from] move: Spore\n|cant|p2b: Amine|flinch\n|\n|-heal|p2a: Kroko|80\/100 slp|[from] item: Leftovers\n|upkeep\n|turn|13\n|inactive|jerrysmiggles has 120 seconds left.\n|\n|t:|1699847751\n|move|p1b: Rotom|Air Slash|p2b: Amine\n|-damage|p2b: Amine|70\/100 par\n|cant|p2a: Kroko|slp\n|move|p1a: Amoonguss|Giga Drain|p2b: Amine\n|-damage|p2b: Amine|60\/100 par\n|-heal|p1a: Amoonguss|55\/100|[from] drain|[of] p2b: Amine\n|cant|p2b: Amine|flinch\n|\n|-heal|p2a: Kroko|86\/100 slp|[from] item: Leftovers\n|upkeep\n|turn|14\n|inactive|jerrysmiggles has 120 seconds left.\n|\n|t:|1699847777\n|move|p1b: Rotom|Air Slash|p2b: Amine\n|-damage|p2b: Amine|44\/100 par\n|-curestatus|p2a: Kroko|slp|[msg]\n|move|p2a: Kroko|Tera Blast|p1a: Amoonguss|[anim] Tera Blast Steel\n|-damage|p1a: Amoonguss|17\/100\n|move|p1a: Amoonguss|Giga Drain|p2b: Amine\n|-damage|p2b: Amine|33\/100 par\n|-heal|p1a: Amoonguss|22\/100|[from] drain|[of] p2b: Amine\n|cant|p2b: Amine|par\n|\n|-heal|p2a: Kroko|92\/100|[from] item: Leftovers\n|upkeep\n|turn|15\n|inactive|jerrysmiggles has 120 seconds left.\n|inactive|Soul_lmao has 120 seconds left.\n|\n|t:|1699847808\n|move|p1b: Rotom|Air Slash|p2a: Kroko\n|-resisted|p2a: Kroko\n|-damage|p2a: Kroko|71\/100\n|move|p2a: Kroko|Tera Blast|p1b: Rotom|[anim] Tera Blast Steel\n|-resisted|p1b: Rotom\n|-damage|p1b: Rotom|76\/100\n|move|p1a: Amoonguss|Spore|p2a: Kroko\n|-status|p2a: Kroko|slp|[from] move: Spore\n|move|p2b: Amine|Life Dew|p2b: Amine|[spread] p2a,p2b\n|-heal|p2a: Kroko|96\/100 slp\n|-heal|p2b: Amine|58\/100 par\n|\n|-heal|p2a: Kroko|100\/100 slp|[from] item: Leftovers\n|-activate|p2b: Amine|ability: Healer\n|-curestatus|p2a: Kroko|slp|[msg]\n|upkeep\n|turn|16\n|inactive|jerrysmiggles has 120 seconds left.\n|\n|t:|1699847833\n|move|p1b: Rotom|Air Slash|p2b: Amine\n|-damage|p2b: Amine|42\/100 par\n|move|p2a: Kroko|Tera Blast|p1a: Amoonguss|[anim] Tera Blast Steel\n|-damage|p1a: Amoonguss|0 fnt\n|faint|p1a: Amoonguss\n|move|p2b: Amine|Yawn|p1b: Rotom\n|-start|p1b: Rotom|move: Yawn|[of] p2b: Amine\n|\n|upkeep\n|turn|17\n|inactive|jerrysmiggles has 120 seconds left.\n|\n|t:|1699847856\n|move|p1b: Rotom|Thunder Wave|p2a: Kroko\n|-status|p2a: Kroko|par\n|move|p2a: Kroko|Tera Blast|p1b: Rotom|[anim] Tera Blast Steel\n|-resisted|p1b: Rotom\n|-damage|p1b: Rotom|52\/100\n|move|p2b: Amine|Life Dew||[still]|[spread] p2a,p2b\n|-fail|p2a: Kroko|heal\n|-heal|p2b: Amine|67\/100 par\n|\n|-activate|p2b: Amine|ability: Healer\n|-curestatus|p2a: Kroko|par|[msg]\n|-end|p1b: Rotom|move: Yawn|[silent]\n|-status|p1b: Rotom|slp\n|upkeep\n|turn|18\n|\n|t:|1699847878\n|cant|p1b: Rotom|slp\n|move|p2a: Kroko|Knock Off|p1b: Rotom\n|-damage|p1b: Rotom|0 fnt\n|-enditem|p1b: Rotom|Safety Goggles|[from] move: Knock Off|[of] p2a: Kroko\n|faint|p1b: Rotom\n|\n|win|jerrysmiggles\n|raw|Soul_lmao's rating: 1160 &rarr; <strong>1128<\/strong><br \/>(-32 for losing)\n|raw|jerrysmiggles's rating: 1053 &rarr; <strong>1095<\/strong><br \/>(+42 for winning)\n|l|\u2606Soul_lmao\n","uploadtime":1699847893,"views":6,"p1id":"soullmao","p2id":"jerrysmiggles","formatid":"gen9nationaldexdoubles","rating":1095,"private":0,"password":""}