{"id":"gen9nationaldexdoubles-1989224362","p1":"Jam35_Name","p2":"Ubitroll","format":"[Gen 9] National Dex Doubles","log":"|j|\u2606Jam35_Name\n|j|\u2606Ubitroll\n|t:|1699825245\n|gametype|doubles\n|player|p1|Jam35_Name|policeman|\n|player|p2|Ubitroll|depotagent|\n|teamsize|p1|6\n|teamsize|p2|6\n|gen|9\n|tier|[Gen 9] National Dex Doubles\n|rule|HP Percentage Mod: HP is shown in percentages\n|rule|Endless Battle Clause: Forcing endless battles is banned\n|rule|OHKO Clause: OHKO moves are banned\n|rule|Evasion Moves Clause: Evasion moves are banned\n|rule|Evasion Abilities Clause: Evasion abilities are banned\n|rule|Species Clause: Limit one of each Pok\u00e9mon\n|rule|Gravity Sleep Clause: The combination of sleep-inducing moves with imperfect accuracy and Gravity or Gigantamax Orbeetle are banned\n|clearpoke\n|poke|p1|Ogerpon-Cornerstone, F|\n|poke|p1|Stakataka|\n|poke|p1|Shuckle, F|\n|poke|p1|Tyranitar, M|\n|poke|p1|Cradily, F|\n|poke|p1|Coalossal, M|\n|poke|p2|Azumarill, F|\n|poke|p2|Iron Valiant|\n|poke|p2|Tinkaton, F|\n|poke|p2|Sylveon, F|\n|poke|p2|Gardevoir, M|\n|poke|p2|Dachsbun, M|\n|teampreview\n|\n|t:|1699825280\n|start\n|switch|p1a: Stacko|Stakataka, shiny|100\/100\n|switch|p1b: Phallic|Cradily, F|100\/100\n|switch|p2a: Azumarill|Azumarill, F, shiny|100\/100\n|switch|p2b: Iron Valiant|Iron Valiant|100\/100\n|-enditem|p2b: Iron Valiant|Booster Energy\n|-activate|p2b: Iron Valiant|ability: Quark Drive|[fromitem]\n|-start|p2b: Iron Valiant|quarkdrivespe\n|turn|1\n|\n|t:|1699825298\n|-terastallize|p1a: Stacko|Flying\n|move|p2b: Iron Valiant|Close Combat|p1b: Phallic\n|-supereffective|p1b: Phallic\n|-damage|p1b: Phallic|13\/100\n|-unboost|p2b: Iron Valiant|def|1\n|-unboost|p2b: Iron Valiant|spd|1\n|move|p2a: Azumarill|Belly Drum|p2a: Azumarill\n|-damage|p2a: Azumarill|50\/100\n|-setboost|p2a: Azumarill|atk|6|[from] move: Belly Drum\n|-enditem|p2a: Azumarill|Sitrus Berry|[eat]\n|-heal|p2a: Azumarill|75\/100|[from] item: Sitrus Berry\n|move|p1b: Phallic|Giga Drain|p2a: Azumarill\n|-supereffective|p2a: Azumarill\n|-damage|p2a: Azumarill|33\/100\n|-heal|p1b: Phallic|35\/100|[from] drain|[of] p2a: Azumarill\n|move|p1a: Stacko|Trick Room|p1a: Stacko\n|-fieldstart|move: Trick Room|[of] p1a: Stacko\n|\n|-heal|p1b: Phallic|41\/100|[from] item: Leftovers\n|upkeep\n|turn|2\n|\n|t:|1699825330\n|move|p2a: Azumarill|Protect|p2a: Azumarill\n|-singleturn|p2a: Azumarill|Protect\n|move|p1a: Stacko|Gyro Ball|p2b: Iron Valiant\n|-supereffective|p2b: Iron Valiant\n|-damage|p2b: Iron Valiant|0 fnt\n|faint|p2b: Iron Valiant\n|-end|p2b: Iron Valiant|Quark Drive|[silent]\n|-ability|p1a: Stacko|Beast Boost|boost\n|-boost|p1a: Stacko|atk|1\n|move|p1b: Phallic|Sunny Day|p1b: Phallic\n|-weather|SunnyDay\n|\n|-weather|SunnyDay|[upkeep]\n|-heal|p1b: Phallic|48\/100|[from] item: Leftovers\n|upkeep\n|\n|t:|1699825347\n|switch|p2b: Gardevoir|Gardevoir, M, shiny|100\/100\n|-ability|p2b: Gardevoir|Storm Drain|[from] ability: Trace|[of] p1b: Phallic\n|turn|3\n|\n|t:|1699825365\n|detailschange|p2b: Gardevoir|Gardevoir-Mega, M, shiny\n|-mega|p2b: Gardevoir|Gardevoir|Gardevoirite\n|move|p1a: Stacko|Gyro Ball|p2b: Gardevoir\n|-supereffective|p2b: Gardevoir\n|-damage|p2b: Gardevoir|0 fnt\n|faint|p2b: Gardevoir\n|-ability|p1a: Stacko|Beast Boost|boost\n|-boost|p1a: Stacko|atk|1\n|move|p1b: Phallic|Leech Seed|p2a: Azumarill\n|-start|p2a: Azumarill|move: Leech Seed\n|move|p2a: Azumarill|Knock Off|p1b: Phallic\n|-damage|p1b: Phallic|0 fnt\n|-enditem|p1b: Phallic|Leftovers|[from] move: Knock Off|[of] p2a: Azumarill\n|faint|p1b: Phallic\n|\n|-weather|SunnyDay|[upkeep]\n|upkeep\n|\n|t:|1699825388\n|switch|p1b: The Shuckler|Shuckle, F, shiny|100\/100\n|switch|p2b: Dachsbun|Dachsbun, M, shiny|100\/100\n|turn|4\n|\n|t:|1699825415\n|move|p2a: Azumarill|Aqua Jet|p1b: The Shuckler\n|-supereffective|p1b: The Shuckler\n|-damage|p1b: The Shuckler|48\/100\n|move|p1b: The Shuckler|Stealth Rock|p2a: Azumarill\n|-sidestart|p2: Ubitroll|move: Stealth Rock\n|move|p1a: Stacko|Heat Crash|p2a: Azumarill\n|-resisted|p2a: Azumarill\n|-damage|p2a: Azumarill|0 fnt\n|faint|p2a: Azumarill\n|-ability|p1a: Stacko|Beast Boost|boost\n|-boost|p1a: Stacko|atk|1\n|move|p2b: Dachsbun|Body Press|p1a: Stacko\n|-resisted|p1a: Stacko\n|-damage|p1a: Stacko|91\/100\n|\n|-weather|SunnyDay|[upkeep]\n|upkeep\n|\n|t:|1699825430\n|switch|p2a: Sylveon|Sylveon, F, shiny|100\/100\n|-damage|p2a: Sylveon|88\/100|[from] Stealth Rock\n|turn|5\n|\n|t:|1699825456\n|move|p2b: Dachsbun|Protect|p2b: Dachsbun\n|-singleturn|p2b: Dachsbun|Protect\n|move|p1b: The Shuckler|Sticky Web|p2a: Sylveon\n|-sidestart|p2: Ubitroll|move: Sticky Web\n|move|p1a: Stacko|Gyro Ball|p2b: Dachsbun\n|-activate|p2b: Dachsbun|move: Protect\n|move|p2a: Sylveon|Hyper Voice|p1b: The Shuckler|[spread] p1a,p1b\n|-crit|p1a: Stacko\n|-damage|p1a: Stacko|47\/100\n|-damage|p1b: The Shuckler|28\/100\n|\n|-weather|SunnyDay|[upkeep]\n|-heal|p2a: Sylveon|94\/100|[from] item: Leftovers\n|-fieldend|move: Trick Room\n|upkeep\n|turn|6\n|\n|t:|1699825483\n|move|p2b: Dachsbun|Body Press|p1b: The Shuckler\n|-damage|p1b: The Shuckler|12\/100\n|move|p2a: Sylveon|Hyper Voice|p1b: The Shuckler|[spread] p1a,p1b\n|-damage|p1a: Stacko|17\/100\n|-damage|p1b: The Shuckler|0 fnt\n|faint|p1b: The Shuckler\n|move|p1a: Stacko|Gyro Ball|p2a: Sylveon\n|-supereffective|p2a: Sylveon\n|-damage|p2a: Sylveon|0 fnt\n|faint|p2a: Sylveon\n|-ability|p1a: Stacko|Beast Boost|boost\n|-boost|p1a: Stacko|atk|1\n|\n|-weather|none\n|upkeep\n|\n|t:|1699825504\n|switch|p2a: Tinkaton|Tinkaton, F, shiny|100\/100\n|switch|p1b: Kinda hot ngl|Coalossal, M|100\/100\n|-damage|p2a: Tinkaton|94\/100|[from] Stealth Rock\n|-activate|p2a: Tinkaton|move: Sticky Web\n|-unboost|p2a: Tinkaton|spe|1\n|-ability|p2a: Tinkaton|Mold Breaker\n|turn|7\n|\n|t:|1699825530\n|-terastallize|p2a: Tinkaton|Water\n|move|p1b: Kinda hot ngl|Protect|p1b: Kinda hot ngl\n|-singleturn|p1b: Kinda hot ngl|Protect\n|move|p2b: Dachsbun|Play Rough|p1a: Stacko\n|-damage|p1a: Stacko|0 fnt\n|faint|p1a: Stacko\n|move|p2a: Tinkaton|Knock Off|p1b: Kinda hot ngl\n|-activate|p1b: Kinda hot ngl|move: Protect\n|\n|-heal|p2a: Tinkaton|100\/100|[from] item: Leftovers\n|upkeep\n|\n|t:|1699825542\n|switch|p1a: Bonkoi|Ogerpon-Cornerstone, F|100\/100\n|turn|8\n|\n|t:|1699825578\n|move|p1a: Bonkoi|Swords Dance|p1a: Bonkoi\n|-boost|p1a: Bonkoi|atk|2\n|move|p2b: Dachsbun|Body Press|p1b: Kinda hot ngl\n|-supereffective|p1b: Kinda hot ngl\n|-damage|p1b: Kinda hot ngl|52\/100\n|-enditem|p1b: Kinda hot ngl|Weakness Policy\n|-boost|p1b: Kinda hot ngl|atk|2|[from] item: Weakness Policy\n|-boost|p1b: Kinda hot ngl|spa|2|[from] item: Weakness Policy\n|move|p2a: Tinkaton|Gigaton Hammer|p1a: Bonkoi\n|-supereffective|p1a: Bonkoi\n|-damage|p1a: Bonkoi|0 fnt\n|faint|p1a: Bonkoi\n|move|p1b: Kinda hot ngl|Scorching Sands|p2b: Dachsbun\n|-damage|p2b: Dachsbun|55\/100\n|\n|upkeep\n|\n|t:|1699825591\n|switch|p1a: Chonker|Tyranitar, M, shiny|100\/100\n|-weather|Sandstorm|[from] ability: Sand Stream|[of] p1a: Chonker\n|turn|9\n|\n|t:|1699825617\n|move|p1b: Kinda hot ngl|Protect|p1b: Kinda hot ngl\n|-singleturn|p1b: Kinda hot ngl|Protect\n|move|p2b: Dachsbun|Body Press|p1a: Chonker\n|-supereffective|p1a: Chonker\n|-damage|p1a: Chonker|9\/100\n|move|p2a: Tinkaton|Knock Off|p1b: Kinda hot ngl\n|-activate|p1b: Kinda hot ngl|move: Protect\n|move|p1a: Chonker|Heavy Slam|p2b: Dachsbun\n|-supereffective|p2b: Dachsbun\n|-damage|p2b: Dachsbun|4\/100\n|-damage|p1a: Chonker|0 fnt|[from] item: Rocky Helmet|[of] p2b: Dachsbun\n|faint|p1a: Chonker\n|\n|-weather|Sandstorm|[upkeep]\n|-damage|p2b: Dachsbun|0 fnt|[from] Sandstorm\n|-damage|p2a: Tinkaton|94\/100|[from] Sandstorm\n|faint|p2b: Dachsbun\n|-heal|p2a: Tinkaton|100\/100|[from] item: Leftovers\n|upkeep\n|turn|10\n|\n|t:|1699825650\n|move|p2a: Tinkaton|Gigaton Hammer|p1b: Kinda hot ngl\n|-damage|p1b: Kinda hot ngl|17\/100\n|move|p1b: Kinda hot ngl|Power Gem|p2a: Tinkaton\n|-damage|p2a: Tinkaton|44\/100\n|\n|-weather|Sandstorm|[upkeep]\n|-damage|p2a: Tinkaton|38\/100|[from] Sandstorm\n|-heal|p2a: Tinkaton|44\/100|[from] item: Leftovers\n|upkeep\n|turn|11\n|\n|t:|1699825662\n|move|p2a: Tinkaton|Knock Off|p1b: Kinda hot ngl\n|-damage|p1b: Kinda hot ngl|7\/100\n|move|p1b: Kinda hot ngl|Power Gem|p2a: Tinkaton\n|-damage|p2a: Tinkaton|0 fnt\n|faint|p2a: Tinkaton\n|\n|win|Jam35_Name\n","uploadtime":1699825672,"views":10,"p1id":"jam35name","p2id":"ubitroll","formatid":"gen9nationaldexdoubles","rating":0,"private":0,"password":""}