{"id":"gen9nationaldexdoubles-1960647142","p1":"fumbari 24","p2":"Mr. Buggy Boy","format":"[Gen 9] National Dex Doubles","log":"|j|\u2606fumbari 24\n|j|\u2606Mr. Buggy Boy\n|t:|1696542131\n|gametype|doubles\n|player|p1|fumbari 24|1|1361\n|player|p2|Mr. Buggy Boy|bugcatcher-gen4dp|1120\n|teamsize|p1|6\n|teamsize|p2|6\n|gen|9\n|tier|[Gen 9] National Dex Doubles\n|rated|\n|rule|HP Percentage Mod: HP is shown in percentages\n|rule|Endless Battle Clause: Forcing endless battles is banned\n|rule|OHKO Clause: OHKO moves are banned\n|rule|Evasion Moves Clause: Evasion moves are banned\n|rule|Evasion Abilities Clause: Evasion abilities are banned\n|rule|Species Clause: Limit one of each Pok\u00e9mon\n|rule|Gravity Sleep Clause: The combination of sleep-inducing moves with imperfect accuracy and Gravity or Gigantamax Orbeetle are banned\n|clearpoke\n|poke|p1|Blastoise, M|\n|poke|p1|Garchomp, F|\n|poke|p1|Gardevoir, F|\n|poke|p1|Spiritomb, F|\n|poke|p1|Skarmory, M|\n|poke|p1|Togekiss, F|\n|poke|p2|Tyranitar, M|\n|poke|p2|Dracovish|\n|poke|p2|Houndstone, M|\n|poke|p2|Kleavor, M|\n|poke|p2|Ogerpon-Cornerstone, F|\n|poke|p2|Gholdengo|\n|teampreview\n|c|\u2606Mr. Buggy Boy|Howdy! I like your team!\n|inactive|Battle timer is ON: inactive players will automatically lose when time's up. (requested by fumbari 24)\n|\n|t:|1696542147\n|start\n|switch|p1a: Harbor|Blastoise, M|100\/100\n|switch|p1b: Garchomp|Garchomp, F|100\/100\n|switch|p2a: Kleavor|Kleavor, M|100\/100\n|switch|p2b: Godzilla|Tyranitar, M|100\/100\n|-weather|Sandstorm|[from] ability: Sand Stream|[of] p2b: Godzilla\n|turn|1\n|\n|t:|1696542163\n|detailschange|p2b: Godzilla|Tyranitar-Mega, M\n|-mega|p2b: Godzilla|Tyranitar|Tyranitarite\n|move|p1a: Harbor|Fake Out|p2a: Kleavor\n|-resisted|p2a: Kleavor\n|-damage|p2a: Kleavor|96\/100\n|move|p1b: Garchomp|Swords Dance|p1b: Garchomp\n|-boost|p1b: Garchomp|atk|2\n|cant|p2a: Kleavor|flinch\n|move|p2b: Godzilla|Dragon Tail|p1a: Harbor\n|-damage|p1a: Harbor|84\/100\n|drag|p1a: Togekiss|Togekiss, F|100\/100\n|\n|-weather|Sandstorm|[upkeep]\n|-damage|p1a: Togekiss|94\/100|[from] Sandstorm\n|upkeep\n|turn|2\n|\n|t:|1696542181\n|move|p1b: Garchomp|Earthquake|p2b: Godzilla|[spread] p2a,p2b\n|-immune|p1a: Togekiss\n|-supereffective|p2b: Godzilla\n|-damage|p2a: Kleavor|0 fnt\n|-damage|p2b: Godzilla|13\/100\n|faint|p2a: Kleavor\n|move|p1a: Togekiss|Dazzling Gleam|p2b: Godzilla\n|-supereffective|p2b: Godzilla\n|-damage|p2b: Godzilla|0 fnt\n|faint|p2b: Godzilla\n|\n|-weather|Sandstorm|[upkeep]\n|-damage|p1a: Togekiss|88\/100|[from] Sandstorm\n|upkeep\n|\n|t:|1696542195\n|switch|p2a: Fish|Dracovish|100\/100\n|switch|p2b: Ogerpon|Ogerpon-Cornerstone, F|100\/100\n|turn|3\n|\n|t:|1696542204\n|move|p1a: Togekiss|Follow Me|p1a: Togekiss\n|-singleturn|p1a: Togekiss|move: Follow Me\n|move|p2a: Fish|Outrage|p1a: Togekiss\n|-immune|p1a: Togekiss\n|move|p2b: Ogerpon|Ivy Cudgel|p1a: Togekiss\n|-supereffective|p1a: Togekiss\n|-damage|p1a: Togekiss|0 fnt\n|faint|p1a: Togekiss\n|move|p1b: Garchomp|Earthquake|p2b: Ogerpon|[spread] p2a,p2b\n|-crit|p2a: Fish\n|-damage|p2a: Fish|0 fnt\n|-damage|p2b: Ogerpon|22\/100\n|faint|p2a: Fish\n|\n|-weather|Sandstorm|[upkeep]\n|upkeep\n|\n|t:|1696542219\n|switch|p2a: Animal Crossing|Houndstone, M|100\/100\n|switch|p1a: Harbor|Blastoise, M|84\/100\n|turn|4\n|\n|t:|1696542233\n|move|p1a: Harbor|Fake Out|p2b: Ogerpon\n|-resisted|p2b: Ogerpon\n|-damage|p2b: Ogerpon|18\/100\n|move|p2a: Animal Crossing|Last Respects|p1b: Garchomp\n|-damage|p1b: Garchomp|25\/100\n|cant|p2b: Ogerpon|flinch\n|move|p1b: Garchomp|Earthquake|p2b: Ogerpon|[spread] p1a,p2a,p2b\n|-damage|p1a: Harbor|26\/100\n|-damage|p2a: Animal Crossing|24\/100\n|-damage|p2b: Ogerpon|0 fnt\n|-enditem|p2a: Animal Crossing|Iapapa Berry|[eat]\n|-heal|p2a: Animal Crossing|58\/100|[from] item: Iapapa Berry\n|faint|p2b: Ogerpon\n|\n|-weather|Sandstorm|[upkeep]\n|-damage|p1a: Harbor|20\/100|[from] Sandstorm\n|-heal|p1a: Harbor|26\/100|[from] item: Leftovers\n|upkeep\n|\n|t:|1696542255\n|switch|p2b: Coins|Gholdengo|100\/100\n|turn|5\n|\n|t:|1696542262\n|move|p1b: Garchomp|Protect|p1b: Garchomp\n|-singleturn|p1b: Garchomp|Protect\n|move|p1a: Harbor|Protect|p1a: Harbor\n|-singleturn|p1a: Harbor|Protect\n|move|p2a: Animal Crossing|Last Respects|p1b: Garchomp\n|-activate|p1b: Garchomp|move: Protect\n|move|p2b: Coins|Thunderbolt|p1a: Harbor\n|-activate|p1a: Harbor|move: Protect\n|\n|-weather|none\n|-heal|p1a: Harbor|32\/100|[from] item: Leftovers\n|upkeep\n|turn|6\n|\n|t:|1696542278\n|move|p2a: Animal Crossing|Shadow Sneak|p1b: Garchomp\n|-damage|p1b: Garchomp|9\/100\n|-damage|p2a: Animal Crossing|45\/100|[from] ability: Rough Skin|[of] p1b: Garchomp\n|move|p1b: Garchomp|Rock Slide|p2a: Animal Crossing|[spread] p2a,p2b\n|-resisted|p2b: Coins\n|-damage|p2a: Animal Crossing|8\/100\n|-damage|p2b: Coins|85\/100\n|move|p2b: Coins|Sandstorm|p2b: Coins\n|-weather|Sandstorm\n|move|p1a: Harbor|Scald|p2b: Coins\n|-damage|p2b: Coins|54\/100\n|\n|-weather|Sandstorm|[upkeep]\n|-damage|p1a: Harbor|26\/100|[from] Sandstorm\n|-heal|p1a: Harbor|32\/100|[from] item: Leftovers\n|upkeep\n|turn|7\n|\n|t:|1696542300\n|move|p1a: Harbor|Protect|p1a: Harbor\n|-singleturn|p1a: Harbor|Protect\n|move|p2a: Animal Crossing|Last Respects|p1b: Garchomp\n|-damage|p1b: Garchomp|0 fnt\n|faint|p1b: Garchomp\n|move|p2b: Coins|Thunderbolt|p1a: Harbor\n|-activate|p1a: Harbor|move: Protect\n|\n|-weather|Sandstorm|[upkeep]\n|-damage|p1a: Harbor|26\/100|[from] Sandstorm\n|-heal|p1a: Harbor|32\/100|[from] item: Leftovers\n|upkeep\n|\n|t:|1696542306\n|switch|p1b: Spiritomb|Spiritomb, F|100\/100\n|turn|8\n|\n|t:|1696542322\n|move|p1b: Spiritomb|Sucker Punch|p2a: Animal Crossing\n|-supereffective|p2a: Animal Crossing\n|-damage|p2a: Animal Crossing|0 fnt\n|faint|p2a: Animal Crossing\n|move|p2b: Coins|Flash Cannon|p1b: Spiritomb\n|-damage|p1b: Spiritomb|69\/100\n|move|p1a: Harbor|Scald|p2b: Coins\n|-damage|p2b: Coins|23\/100\n|-status|p2b: Coins|brn\n|\n|-weather|Sandstorm|[upkeep]\n|-damage|p1a: Harbor|26\/100|[from] Sandstorm\n|-damage|p1b: Spiritomb|62\/100|[from] Sandstorm\n|-heal|p1a: Harbor|32\/100|[from] item: Leftovers\n|-damage|p2b: Coins|17\/100 brn|[from] brn\n|upkeep\n|turn|9\n|c|\u2606fumbari 24|Gg\n|inactive|Mr. Buggy Boy has 120 seconds left.\n|inactive|Mr. Buggy Boy has 90 seconds left.\n|\n|t:|1696542399\n|move|p1a: Harbor|Protect|p1a: Harbor\n|-singleturn|p1a: Harbor|Protect\n|move|p1b: Spiritomb|Sucker Punch|p2b: Coins\n|-supereffective|p2b: Coins\n|-damage|p2b: Coins|0 fnt\n|faint|p2b: Coins\n|\n|win|fumbari 24\n|raw|fumbari 24's rating: 1361 &rarr; <strong>1369<\/strong><br \/>(+8 for winning)\n|raw|Mr. Buggy Boy's rating: 1120 &rarr; <strong>1110<\/strong><br \/>(-10 for losing)\n","uploadtime":1696542405,"views":8,"p1id":"fumbari24","p2id":"mrbuggyboy","formatid":"gen9nationaldexdoubles","rating":1110,"private":0,"password":""}