{"id":"gen9nationaldexdoubles-1971795591","p1":"DragsAlt","p2":"i2ac","format":"[Gen 9] National Dex Doubles","log":"|j|\u2606DragsAlt\n|j|\u203di2ac\n|t:|1697773258\n|gametype|doubles\n|player|p1|DragsAlt|janine|1218\n|player|p2|i2ac|blackbelt|1095\n|teamsize|p1|6\n|teamsize|p2|6\n|gen|9\n|tier|[Gen 9] National Dex Doubles\n|rated|\n|rule|HP Percentage Mod: HP is shown in percentages\n|rule|Endless Battle Clause: Forcing endless battles is banned\n|rule|OHKO Clause: OHKO moves are banned\n|rule|Evasion Moves Clause: Evasion moves are banned\n|rule|Evasion Abilities Clause: Evasion abilities are banned\n|rule|Species Clause: Limit one of each Pok\u00e9mon\n|rule|Gravity Sleep Clause: The combination of sleep-inducing moves with imperfect accuracy and Gravity or Gigantamax Orbeetle are banned\n|clearpoke\n|poke|p1|Flygon, M|\n|poke|p1|Mimikyu, F|\n|poke|p1|Volcarona, M|\n|poke|p1|Oricorio-Pa'u, M|\n|poke|p1|Tornadus, M|\n|poke|p1|Shiftry, M|\n|poke|p2|Klefki, F|\n|poke|p2|Rhyperior, M|\n|poke|p2|Dusclops, M|\n|poke|p2|Cursola, M|\n|poke|p2|Conkeldurr, F|\n|poke|p2|Mudsdale, F|\n|teampreview\n|\n|t:|1697773275\n|start\n|switch|p1a: Buff Daddy|Tornadus, M|100\/100\n|switch|p1b: oni-chan OwO|Shiftry, M|100\/100\n|switch|p2a: Dusclops|Dusclops, M|100\/100\n|switch|p2b: Conkeldurr|Conkeldurr, F|100\/100\n|-item|p1a: Buff Daddy|Covert Cloak|[from] ability: Frisk|[of] p2a: Dusclops|[identify]\n|-item|p1b: oni-chan OwO|Life Orb|[from] ability: Frisk|[of] p2a: Dusclops|[identify]\n|turn|1\n|\n|t:|1697773286\n|move|p1a: Buff Daddy|Tailwind|p1a: Buff Daddy\n|-sidestart|p1: DragsAlt|move: Tailwind\n|-ability|p1b: oni-chan OwO|Wind Rider|boost\n|-boost|p1b: oni-chan OwO|atk|1\n|move|p1b: oni-chan OwO|Knock Off|p2a: Dusclops\n|-supereffective|p2a: Dusclops\n|-damage|p2a: Dusclops|0 fnt\n|-enditem|p2a: Dusclops|Eviolite|[from] move: Knock Off|[of] p1b: oni-chan OwO\n|faint|p2a: Dusclops\n|-damage|p1b: oni-chan OwO|91\/100|[from] item: Life Orb\n|move|p2b: Conkeldurr|Bulk Up|p2b: Conkeldurr\n|-boost|p2b: Conkeldurr|atk|1\n|-boost|p2b: Conkeldurr|def|1\n|\n|-status|p2b: Conkeldurr|brn|[from] item: Flame Orb\n|upkeep\n|\n|t:|1697773299\n|switch|p2a: Klefki|Klefki, F|100\/100\n|turn|2\n|\n|t:|1697773313\n|move|p2b: Conkeldurr|Mach Punch|p1b: oni-chan OwO\n|-supereffective|p1b: oni-chan OwO\n|-damage|p1b: oni-chan OwO|0 fnt\n|faint|p1b: oni-chan OwO\n|move|p1a: Buff Daddy|Bleakwind Storm|p2b: Conkeldurr|[spread] p2a,p2b\n|-resisted|p2a: Klefki\n|-supereffective|p2b: Conkeldurr\n|-damage|p2a: Klefki|81\/100\n|-damage|p2b: Conkeldurr|30\/100 brn\n|-unboost|p2b: Conkeldurr|spe|1\n|move|p2a: Klefki|Trick Room|p2a: Klefki\n|-fieldstart|move: Trick Room|[of] p2a: Klefki\n|\n|-heal|p2a: Klefki|87\/100|[from] item: Leftovers\n|-damage|p2b: Conkeldurr|24\/100 brn|[from] brn\n|upkeep\n|\n|t:|1697773324\n|switch|p1b: Bird.|Volcarona, M|100\/100\n|turn|3\n|\n|t:|1697773343\n|move|p2a: Klefki|Thunder Wave|p1b: Bird.\n|-status|p1b: Bird.|par\n|move|p2b: Conkeldurr|Thunder Punch|p1a: Buff Daddy\n|-supereffective|p1a: Buff Daddy\n|-damage|p1a: Buff Daddy|0 fnt\n|faint|p1a: Buff Daddy\n|cant|p1b: Bird.|par\n|\n|-heal|p2a: Klefki|93\/100|[from] item: Leftovers\n|-damage|p2b: Conkeldurr|18\/100 brn|[from] brn\n|upkeep\n|\n|t:|1697773352\n|switch|p1a: MY BABY|Mimikyu, F, shiny|100\/100\n|turn|4\n|\n|t:|1697773372\n|switch|p2a: Rhyperior|Rhyperior, M|100\/100\n|move|p1a: MY BABY|Shadow Sneak|p2b: Conkeldurr\n|-damage|p2b: Conkeldurr|6\/100 brn\n|-damage|p1a: MY BABY|91\/100|[from] item: Life Orb\n|move|p2b: Conkeldurr|Drain Punch|p2a: Rhyperior\n|-supereffective|p2a: Rhyperior\n|-damage|p2a: Rhyperior|15\/100\n|-heal|p2b: Conkeldurr|44\/100 brn|[from] drain|[of] p2a: Rhyperior\n|move|p1b: Bird.|Fiery Dance|p2a: Rhyperior\n|-resisted|p2a: Rhyperior\n|-damage|p2a: Rhyperior|0 fnt\n|-boost|p1b: Bird.|spa|1\n|faint|p2a: Rhyperior\n|\n|-damage|p2b: Conkeldurr|38\/100 brn|[from] brn\n|-sideend|p1: DragsAlt|move: Tailwind\n|upkeep\n|\n|t:|1697773386\n|switch|p2a: Mudsdale|Mudsdale, F|100\/100\n|turn|5\n|c|\u2606DragsAlt|that didnt go well lmao\n|\n|t:|1697773404\n|-terastallize|p2b: Conkeldurr|Fighting\n|move|p2b: Conkeldurr|Drain Punch|p1b: Bird.\n|-resisted|p1b: Bird.\n|-damage|p1b: Bird.|0 fnt\n|-heal|p2b: Conkeldurr|76\/100 brn|[from] drain|[of] p1b: Bird.\n|faint|p1b: Bird.\n|move|p2a: Mudsdale|Iron Head|p1a: MY BABY\n|-activate|p1a: MY BABY|ability: Disguise\n|-damage|p1a: MY BABY|91\/100\n|detailschange|p1a: MY BABY|Mimikyu-Busted, F, shiny\n|-damage|p1a: MY BABY|78\/100|[from] pokemon: Mimikyu-Busted\n|move|p1a: MY BABY|Shadow Claw|p2b: Conkeldurr\n|-damage|p2b: Conkeldurr|53\/100 brn\n|-damage|p1a: MY BABY|68\/100|[from] item: Life Orb\n|\n|-damage|p2b: Conkeldurr|47\/100 brn|[from] brn\n|upkeep\n|\n|t:|1697773420\n|switch|p1b: Danny Choice|Flygon, M|100\/100\n|turn|6\n|\n|t:|1697773445\n|move|p2b: Conkeldurr|Drain Punch|p1b: Danny Choice\n|-damage|p1b: Danny Choice|0 fnt\n|-heal|p2b: Conkeldurr|84\/100 brn|[from] drain|[of] p1b: Danny Choice\n|faint|p1b: Danny Choice\n|move|p2a: Mudsdale|High Horsepower|p1a: MY BABY\n|-damage|p1a: MY BABY|0 fnt\n|faint|p1a: MY BABY\n|\n|-damage|p2b: Conkeldurr|78\/100 brn|[from] brn\n|-fieldend|move: Trick Room\n|upkeep\n|\n|t:|1697773452\n|switch|p1b: Sick with it|Oricorio-Pa'u, M|100\/100\n|turn|7\n|c|\u2606DragsAlt|WTF\n|\n|t:|1697773461\n|move|p1b: Sick with it|Revelation Dance|p2b: Conkeldurr\n|-supereffective|p2b: Conkeldurr\n|-damage|p2b: Conkeldurr|0 fnt\n|faint|p2b: Conkeldurr\n|move|p2a: Mudsdale|Stone Edge|p1b: Sick with it\n|-supereffective|p1b: Sick with it\n|-crit|p1b: Sick with it\n|-damage|p1b: Sick with it|0 fnt\n|faint|p1b: Sick with it\n|\n|win|i2ac\n|raw|DragsAlt's rating: 1218 &rarr; <strong>1185<\/strong><br \/>(-33 for losing)\n|raw|i2ac's rating: 1095 &rarr; <strong>1130<\/strong><br \/>(+35 for winning)\n","uploadtime":1697773468,"views":16,"p1id":"dragsalt","p2id":"i2ac","formatid":"gen9nationaldexdoubles","rating":1130,"private":0,"password":""}