{"id":"gen9nationaldexdoubles-1991706434","p1":"the maraculous","p2":"Marlene 420","format":"[Gen 9] National Dex Doubles","log":"|j|\u2606the maraculous\n|j|\u2606Marlene 420\n|t:|1700104981\n|gametype|doubles\n|player|p1|the maraculous|dragontamer|1401\n|player|p2|Marlene 420|cheryl|1157\n|teamsize|p1|6\n|teamsize|p2|6\n|gen|9\n|tier|[Gen 9] National Dex Doubles\n|rated|\n|rule|HP Percentage Mod: HP is shown in percentages\n|rule|Endless Battle Clause: Forcing endless battles is banned\n|rule|OHKO Clause: OHKO moves are banned\n|rule|Evasion Moves Clause: Evasion moves are banned\n|rule|Evasion Abilities Clause: Evasion abilities are banned\n|rule|Species Clause: Limit one of each Pok\u00e9mon\n|rule|Gravity Sleep Clause: The combination of sleep-inducing moves with imperfect accuracy and Gravity or Gigantamax Orbeetle are banned\n|clearpoke\n|poke|p1|Xurkitree|\n|poke|p1|Iron Valiant|\n|poke|p1|Chandelure, F|\n|poke|p1|Landorus-Therian, M|\n|poke|p1|Kartana|\n|poke|p1|Farigiraf, M|\n|poke|p2|Gardevoir, F|\n|poke|p2|Pheromosa|\n|poke|p2|Lopunny, F|\n|poke|p2|Hatterene, F|\n|poke|p2|Meloetta|\n|poke|p2|Diancie|\n|teampreview\n|inactive|Battle timer is ON: inactive players will automatically lose when time's up. (requested by Marlene 420)\n|\n|t:|1700105002\n|start\n|switch|p1a: Chandelure|Chandelure, F|100\/100\n|switch|p1b: Kartana|Kartana|100\/100\n|switch|p2a: Lola|Lopunny, F, shiny|100\/100\n|switch|p2b: Melody|Meloetta|100\/100\n|-item|p1a: Chandelure|Air Balloon\n|turn|1\n|inactive|Marlene 420 has 120 seconds left.\n|\n|t:|1700105046\n|switch|p1b: Farigiraf|Farigiraf, M|100\/100\n|detailschange|p2a: Lola|Lopunny-Mega, F, shiny\n|-mega|p2a: Lola|Lopunny|Lopunnite\n|move|p2a: Lola|Fake Out||[still]\n|cant|p1b: Farigiraf|ability: Armor Tail|Fake Out|[of] p2a: Lola\n|move|p2b: Melody|Relic Song|p1b: Farigiraf|[spread] p1b\n|-immune|p1a: Chandelure\n|-damage|p1b: Farigiraf|77\/100\n|-formechange|p2b: Melody|Meloetta-Pirouette|[msg]\n|move|p1a: Chandelure|Flamethrower|p2a: Lola\n|-damage|p2a: Lola|24\/100\n|\n|-heal|p1b: Farigiraf|83\/100|[from] item: Leftovers\n|upkeep\n|turn|2\n|inactive|Marlene 420 has 120 seconds left.\n|\n|t:|1700105067\n|move|p2a: Lola|High Jump Kick|p1b: Farigiraf\n|-damage|p1b: Farigiraf|13\/100\n|move|p2b: Melody|Knock Off|p1a: Chandelure\n|-supereffective|p1a: Chandelure\n|-damage|p1a: Chandelure|23\/100\n|-enditem|p1a: Chandelure|Air Balloon\n|move|p1a: Chandelure|Flamethrower|p2b: Melody\n|-damage|p2b: Melody|26\/100\n|move|p1b: Farigiraf|Hyper Voice|p2b: Melody|[spread] p2a,p2b\n|-damage|p2a: Lola|0 fnt\n|-damage|p2b: Melody|0 fnt\n|faint|p2a: Lola\n|faint|p2b: Melody\n|\n|-heal|p1b: Farigiraf|19\/100|[from] item: Leftovers\n|upkeep\n|\n|t:|1700105088\n|switch|p2a: Dianita|Diancie|100\/100\n|switch|p2b: Katherine|Hatterene, F|100\/100\n|turn|3\n|inactive|Marlene 420 has 120 seconds left.\n|\n|t:|1700105099\n|move|p1a: Chandelure|Imprison|p1a: Chandelure\n|-start|p1a: Chandelure|move: Imprison\n|move|p1b: Farigiraf|Hyper Voice|p2b: Katherine|[spread] p2a,p2b\n|-resisted|p2a: Dianita\n|-damage|p2a: Dianita|88\/100\n|-damage|p2b: Katherine|77\/100\n|move|p2a: Dianita|Diamond Storm|p1b: Farigiraf|[spread] p1b\n|-miss|p2a: Dianita|p1a: Chandelure\n|-damage|p1b: Farigiraf|0 fnt\n|-boost|p2a: Dianita|def|2\n|faint|p1b: Farigiraf\n|move|p2b: Katherine|Calm Mind|p2b: Katherine\n|-boost|p2b: Katherine|spa|1\n|-boost|p2b: Katherine|spd|1\n|\n|-heal|p2a: Dianita|94\/100|[from] item: Leftovers\n|-heal|p2b: Katherine|83\/100|[from] item: Leftovers\n|upkeep\n|\n|t:|1700105110\n|switch|p1b: Kartana|Kartana|100\/100\n|turn|4\n|inactive|Marlene 420 has 120 seconds left.\n|\n|t:|1700105143\n|-terastallize|p2a: Dianita|Ground\n|move|p1b: Kartana|Smart Strike|p2a: Dianita\n|-damage|p2a: Dianita|80\/100\n|move|p1a: Chandelure|Shadow Ball|p2b: Katherine\n|-supereffective|p2b: Katherine\n|-damage|p2b: Katherine|31\/100\n|move|p2a: Dianita|Diamond Storm|p1a: Chandelure|[spread] p1a,p1b\n|-supereffective|p1a: Chandelure\n|-resisted|p1b: Kartana\n|-damage|p1a: Chandelure|0 fnt\n|-damage|p1b: Kartana|89\/100\n|-boost|p2a: Dianita|def|2\n|faint|p1a: Chandelure\n|move|p2b: Katherine|Calm Mind|p2b: Katherine\n|-boost|p2b: Katherine|spa|1\n|-boost|p2b: Katherine|spd|1\n|\n|-heal|p2a: Dianita|86\/100|[from] item: Leftovers\n|-heal|p2b: Katherine|37\/100|[from] item: Leftovers\n|upkeep\n|\n|t:|1700105159\n|switch|p1a: Xurkitree|Xurkitree|100\/100\n|turn|5\n|\n|t:|1700105188\n|move|p1b: Kartana|Leaf Blade|p2a: Dianita\n|-supereffective|p2a: Dianita\n|-damage|p2a: Dianita|65\/100\n|move|p1a: Xurkitree|Energy Ball|p2a: Dianita\n|-supereffective|p2a: Dianita\n|-damage|p2a: Dianita|4\/100\n|move|p2a: Dianita|Earth Power|p1a: Xurkitree\n|-supereffective|p1a: Xurkitree\n|-damage|p1a: Xurkitree|15\/100\n|move|p2b: Katherine|Giga Drain|p1b: Kartana\n|-resisted|p1b: Kartana\n|-damage|p1b: Kartana|52\/100\n|-heal|p2b: Katherine|53\/100|[from] drain|[of] p1b: Kartana\n|\n|-heal|p2a: Dianita|10\/100|[from] item: Leftovers\n|-heal|p2b: Katherine|59\/100|[from] item: Leftovers\n|upkeep\n|turn|6\n|inactive|Marlene 420 has 120 seconds left.\n|\n|t:|1700105220\n|move|p1b: Kartana|Smart Strike|p2b: Katherine\n|-supereffective|p2b: Katherine\n|-damage|p2b: Katherine|0 fnt\n|faint|p2b: Katherine\n|-ability|p1b: Kartana|Beast Boost|boost\n|-boost|p1b: Kartana|atk|1\n|move|p1a: Xurkitree|Dazzling Gleam|p2a: Dianita\n|-damage|p2a: Dianita|0 fnt\n|faint|p2a: Dianita\n|-ability|p1a: Xurkitree|Beast Boost|boost\n|-boost|p1a: Xurkitree|spa|1\n|\n|upkeep\n|inactive|Marlene 420 has 120 seconds left.\n|\n|t:|1700105239\n|switch|p2a: Phersefone|Pheromosa, shiny|100\/100\n|switch|p2b: Gardenia|Gardevoir, F|100\/100\n|-ability|p2b: Gardenia|Beast Boost|[from] ability: Trace|[of] p1b: Kartana\n|turn|7\n|inactive|Marlene 420 has 120 seconds left.\n|inactive|Marlene 420 has 90 seconds left.\n|\n|t:|1700105296\n|move|p2a: Phersefone|Bug Buzz|p1b: Kartana\n|-damage|p1b: Kartana|0 fnt\n|faint|p1b: Kartana\n|-ability|p2a: Phersefone|Beast Boost|boost\n|-boost|p2a: Phersefone|spe|1\n|-damage|p2a: Phersefone|91\/100|[from] item: Life Orb\n|-zpower|p1a: Xurkitree\n|move|p1a: Xurkitree|Z-Electric Terrain|p1a: Xurkitree|[anim]Electric Terrain\n|-boost|p1a: Xurkitree|spe|1|[zeffect]\n|-fieldstart|move: Electric Terrain\n|move|p2b: Gardenia|Dazzling Gleam|p1a: Xurkitree\n|-damage|p1a: Xurkitree|0 fnt\n|faint|p1a: Xurkitree\n|-ability|p2b: Gardenia|Beast Boost|boost\n|-boost|p2b: Gardenia|spa|1\n|-damage|p2b: Gardenia|91\/100|[from] item: Life Orb\n|\n|upkeep\n|\n|t:|1700105306\n|switch|p1b: Landorus|Landorus-Therian, M|100\/100\n|switch|p1a: Iron Valiant|Iron Valiant|100\/100\n|-activate|p1a: Iron Valiant|ability: Quark Drive\n|-start|p1a: Iron Valiant|quarkdrivespe\n|-ability|p1b: Landorus|Intimidate|boost\n|-unboost|p2a: Phersefone|atk|1\n|-unboost|p2b: Gardenia|atk|1\n|turn|8\n|inactive|Marlene 420 has 90 seconds left.\n|\n|t:|1700105327\n|-terastallize|p1b: Landorus|Ground\n|move|p1a: Iron Valiant|Wide Guard|p1a: Iron Valiant\n|-singleturn|p1a: Iron Valiant|Wide Guard\n|move|p2a: Phersefone|Ice Beam|p1b: Landorus\n|-supereffective|p1b: Landorus\n|-damage|p1b: Landorus|49\/100\n|-damage|p2a: Phersefone|81\/100|[from] item: Life Orb\n|move|p1b: Landorus|Stomping Tantrum|p2b: Gardenia\n|-damage|p2b: Gardenia|0 fnt\n|faint|p2b: Gardenia\n|\n|upkeep\n|turn|9\n|\n|t:|1700105346\n|move|p2a: Phersefone|Ice Beam|p1b: Landorus\n|-supereffective|p1b: Landorus\n|-damage|p1b: Landorus|2\/100\n|-damage|p2a: Phersefone|71\/100|[from] item: Life Orb\n|move|p1a: Iron Valiant|Moonblast|p2a: Phersefone\n|-supereffective|p2a: Phersefone\n|-damage|p2a: Phersefone|0 fnt\n|faint|p2a: Phersefone\n|-damage|p1a: Iron Valiant|91\/100|[from] item: Life Orb\n|\n|win|the maraculous\n|raw|the maraculous's rating: 1401 &rarr; <strong>1409<\/strong><br \/>(+8 for winning)\n|raw|Marlene 420's rating: 1157 &rarr; <strong>1147<\/strong><br \/>(-10 for losing)\n","uploadtime":1700105356,"views":20,"p1id":"themaraculous","p2id":"marlene420","formatid":"gen9nationaldexdoubles","rating":1147,"private":0,"password":""}