{"id":"gen9nationaldexdoubles-1973720775","p1":"EvaEnDonos","p2":"cynda3","format":"[Gen 9] National Dex Doubles","log":"|j|\u2606EvaEnDonos\n|j|\u2606cynda3\n|t:|1698006730\n|gametype|doubles\n|player|p1|EvaEnDonos|170|\n|player|p2|cynda3|lyra|\n|teamsize|p1|6\n|teamsize|p2|6\n|gen|9\n|tier|[Gen 9] National Dex Doubles\n|rule|HP Percentage Mod: HP is shown in percentages\n|rule|Endless Battle Clause: Forcing endless battles is banned\n|rule|OHKO Clause: OHKO moves are banned\n|rule|Evasion Moves Clause: Evasion moves are banned\n|rule|Evasion Abilities Clause: Evasion abilities are banned\n|rule|Species Clause: Limit one of each Pok\u00e9mon\n|rule|Gravity Sleep Clause: The combination of sleep-inducing moves with imperfect accuracy and Gravity or Gigantamax Orbeetle are banned\n|clearpoke\n|poke|p1|Heracross, M|\n|poke|p1|Ninjask, F|\n|poke|p1|Araquanid, F|\n|poke|p1|Volcarona, F|\n|poke|p1|Vikavolt, M|\n|poke|p1|Scyther, F|\n|poke|p2|Volcarona, F|\n|poke|p2|Araquanid, F|\n|poke|p2|Illumise, F|\n|poke|p2|Shuckle, F|\n|poke|p2|Pinsir, F|\n|poke|p2|Slither Wing|\n|teampreview\n|\n|t:|1698006757\n|start\n|switch|p1a: Araquanid|Araquanid, F|100\/100\n|switch|p1b: Vikavolt|Vikavolt, M|100\/100\n|switch|p2a: Thrickster|Illumise, F, shiny|100\/100\n|switch|p2b: FIUMMMMMM|Pinsir, F|100\/100\n|turn|1\n|\n|t:|1698006778\n|detailschange|p2b: FIUMMMMMM|Pinsir-Mega, F\n|-mega|p2b: FIUMMMMMM|Pinsir|Pinsirite\n|move|p1a: Araquanid|Wide Guard|p1a: Araquanid\n|-singleturn|p1a: Araquanid|Wide Guard\n|move|p2a: Thrickster|Trick|p1b: Vikavolt\n|-activate|p2a: Thrickster|move: Trick|[of] p1b: Vikavolt\n|-item|p1b: Vikavolt|Choice Band|[from] move: Trick\n|-item|p2a: Thrickster|Choice Specs|[from] move: Trick\n|move|p2b: FIUMMMMMM|Return|p1a: Araquanid\n|-supereffective|p1a: Araquanid\n|-damage|p1a: Araquanid|0 fnt\n|faint|p1a: Araquanid\n|move|p1b: Vikavolt|Thunderbolt|p2a: Thrickster\n|-damage|p2a: Thrickster|58\/100\n|\n|upkeep\n|\n|t:|1698006794\n|switch|p1a: Volcarona|Volcarona, F|100\/100\n|turn|2\n|\n|t:|1698006805\n|move|p2a: Thrickster|Trick|p1a: Volcarona\n|-activate|p2a: Thrickster|move: Trick|[of] p1a: Volcarona\n|-item|p1a: Volcarona|Choice Specs|[from] move: Trick\n|-item|p2a: Thrickster|Heavy-Duty Boots|[from] move: Trick\n|move|p2b: FIUMMMMMM|Return|p1a: Volcarona\n|-supereffective|p1a: Volcarona\n|-damage|p1a: Volcarona|0 fnt\n|faint|p1a: Volcarona\n|move|p1b: Vikavolt|Thunderbolt|p2b: FIUMMMMMM\n|-supereffective|p2b: FIUMMMMMM\n|-damage|p2b: FIUMMMMMM|0 fnt\n|faint|p2b: FIUMMMMMM\n|\n|upkeep\n|\n|t:|1698006820\n|switch|p2b: Hey hola|Slither Wing|100\/100\n|switch|p1a: Heracross|Heracross, M|100\/100\n|turn|3\n|\n|t:|1698006833\n|detailschange|p1a: Heracross|Heracross-Mega, M\n|-mega|p1a: Heracross|Heracross|Heracronite\n|move|p2a: Thrickster|Thunder Wave|p1a: Heracross\n|-status|p1a: Heracross|par\n|move|p2b: Hey hola|Close Combat|p1b: Vikavolt\n|-resisted|p1b: Vikavolt\n|-damage|p1b: Vikavolt|46\/100\n|-unboost|p2b: Hey hola|def|1\n|-unboost|p2b: Hey hola|spd|1\n|move|p1b: Vikavolt|Thunderbolt|p2a: Thrickster\n|-damage|p2a: Thrickster|12\/100\n|cant|p1a: Heracross|par\n|\n|upkeep\n|turn|4\n|\n|t:|1698006849\n|move|p2a: Thrickster|Tailwind|p2a: Thrickster\n|-sidestart|p2: cynda3|move: Tailwind\n|move|p2b: Hey hola|Close Combat|p1b: Vikavolt\n|-resisted|p1b: Vikavolt\n|-damage|p1b: Vikavolt|0 fnt\n|-unboost|p2b: Hey hola|def|1\n|-unboost|p2b: Hey hola|spd|1\n|faint|p1b: Vikavolt\n|move|p1a: Heracross|Brick Break|p2b: Hey hola\n|-resisted|p2b: Hey hola\n|-damage|p2b: Hey hola|26\/100\n|\n|upkeep\n|\n|t:|1698006859\n|switch|p1b: Ninjask|Ninjask, F|100\/100\n|turn|5\n|\n|t:|1698006868\n|move|p2a: Thrickster|Thunder Wave|p1b: Ninjask\n|-status|p1b: Ninjask|par\n|move|p2b: Hey hola|Close Combat|p1b: Ninjask\n|-resisted|p1b: Ninjask\n|-damage|p1b: Ninjask|45\/100 par\n|-unboost|p2b: Hey hola|def|1\n|-unboost|p2b: Hey hola|spd|1\n|move|p1b: Ninjask|Acrobatics|p2b: Hey hola\n|-supereffective|p2b: Hey hola\n|-damage|p2b: Hey hola|0 fnt\n|faint|p2b: Hey hola\n|-end|p2b: Hey hola|Protosynthesis|[silent]\n|move|p1a: Heracross|Brick Break|p2a: Thrickster\n|-resisted|p2a: Thrickster\n|-damage|p2a: Thrickster|0 fnt\n|faint|p2a: Thrickster\n|\n|-ability|p1b: Ninjask|Speed Boost|boost\n|-boost|p1b: Ninjask|spe|1\n|upkeep\n|\n|t:|1698006884\n|switch|p2b: Ara\u00f1ita|Araquanid, F, shiny|100\/100\n|switch|p2a: Mvp|Volcarona, F, shiny|100\/100\n|turn|6\n|\n|t:|1698006893\n|move|p2a: Mvp|Heat Wave|p1a: Heracross|[spread] p1a,p1b\n|-supereffective|p1a: Heracross\n|-supereffective|p1b: Ninjask\n|-damage|p1a: Heracross|30\/100 par\n|-damage|p1b: Ninjask|0 fnt\n|faint|p1b: Ninjask\n|move|p2b: Ara\u00f1ita|Reflect|p2b: Ara\u00f1ita\n|-sidestart|p2: cynda3|Reflect\n|move|p1a: Heracross|Rock Blast|p2a: Mvp|[miss]\n|-miss|p1a: Heracross|p2a: Mvp\n|\n|upkeep\n|\n|t:|1698006902\n|switch|p1b: Scyther|Scyther, F|100\/100\n|turn|7\n|\n|t:|1698006914\n|move|p2a: Mvp|Heat Wave|p1a: Heracross|[spread] p1a\n|-miss|p2a: Mvp|p1b: Scyther\n|-supereffective|p1a: Heracross\n|-damage|p1a: Heracross|0 fnt\n|faint|p1a: Heracross\n|move|p1b: Scyther|Dual Wingbeat|p2a: Mvp\n|-supereffective|p2a: Mvp\n|-damage|p2a: Mvp|38\/100\n|-status|p1b: Scyther|brn|[from] ability: Flame Body|[of] p2a: Mvp\n|-supereffective|p2a: Mvp\n|-damage|p2a: Mvp|11\/100\n|-hitcount|p2a: Mvp|2\n|move|p2b: Ara\u00f1ita|Liquidation|p1b: Scyther\n|-damage|p1b: Scyther|78\/100 brn\n|\n|-damage|p1b: Scyther|72\/100 brn|[from] brn\n|-sideend|p2: cynda3|move: Tailwind\n|upkeep\n|turn|8\n|\n|t:|1698006931\n|move|p1b: Scyther|Dual Wingbeat|p2a: Mvp\n|-supereffective|p2a: Mvp\n|-damage|p2a: Mvp|0 fnt\n|faint|p2a: Mvp\n|-hitcount|p2: Mvp|1\n|move|p2b: Ara\u00f1ita|Liquidation|p1b: Scyther\n|-damage|p1b: Scyther|52\/100 brn\n|\n|-damage|p1b: Scyther|46\/100 brn|[from] brn\n|upkeep\n|\n|t:|1698006936\n|switch|p2a: Caracol|Shuckle, F, shiny|100\/100\n|turn|9\n|\n|t:|1698006944\n|move|p1b: Scyther|Dual Wingbeat|p2b: Ara\u00f1ita\n|-supereffective|p2b: Ara\u00f1ita\n|-damage|p2b: Ara\u00f1ita|79\/100\n|-supereffective|p2b: Ara\u00f1ita\n|-damage|p2b: Ara\u00f1ita|60\/100\n|-hitcount|p2b: Ara\u00f1ita|2\n|move|p2b: Ara\u00f1ita|Liquidation|p1b: Scyther\n|-damage|p1b: Scyther|24\/100 brn\n|move|p2a: Caracol|Infestation|p1b: Scyther\n|-resisted|p1b: Scyther\n|-damage|p1b: Scyther|23\/100 brn\n|-activate|p1b: Scyther|move: Infestation|[of] p2a: Caracol\n|\n|-heal|p2b: Ara\u00f1ita|66\/100|[from] item: Leftovers\n|-damage|p1b: Scyther|17\/100 brn|[from] brn\n|-damage|p1b: Scyther|4\/100 brn|[from] move: Infestation|[partiallytrapped]\n|upkeep\n|turn|10\n|\n|t:|1698006961\n|move|p1b: Scyther|Dual Wingbeat|p2b: Ara\u00f1ita\n|-supereffective|p2b: Ara\u00f1ita\n|-damage|p2b: Ara\u00f1ita|47\/100\n|-supereffective|p2b: Ara\u00f1ita\n|-damage|p2b: Ara\u00f1ita|28\/100\n|-hitcount|p2b: Ara\u00f1ita|2\n|move|p2b: Ara\u00f1ita|Liquidation|p1b: Scyther\n|-damage|p1b: Scyther|0 fnt\n|faint|p1b: Scyther\n|\n|win|cynda3\n","uploadtime":1698006967,"views":7,"p1id":"evaendonos","p2id":"cynda3","formatid":"gen9nationaldexdoubles","rating":0,"private":0,"password":""}