{"id":"gen9nationaldexdoubles-1961950496","p1":"juanchossss","p2":"Kaxxxx","format":"[Gen 9] National Dex Doubles","log":"|j|\u2606juanchossss\n|j|\u2606Kaxxxx\n|t:|1696692201\n|gametype|doubles\n|player|p1|juanchossss|unknownf|\n|player|p2|Kaxxxx|steven|\n|teamsize|p1|6\n|teamsize|p2|6\n|gen|9\n|tier|[Gen 9] National Dex Doubles\n|rule|HP Percentage Mod: HP is shown in percentages\n|rule|Endless Battle Clause: Forcing endless battles is banned\n|rule|OHKO Clause: OHKO moves are banned\n|rule|Evasion Moves Clause: Evasion moves are banned\n|rule|Evasion Abilities Clause: Evasion abilities are banned\n|rule|Species Clause: Limit one of each Pok\u00e9mon\n|rule|Gravity Sleep Clause: The combination of sleep-inducing moves with imperfect accuracy and Gravity or Gigantamax Orbeetle are banned\n|clearpoke\n|poke|p1|Araquanid, F|\n|poke|p1|Armaldo, F|\n|poke|p1|Scizor, F|\n|poke|p1|Buzzwole|\n|poke|p1|Volcarona, F|\n|poke|p1|Galvantula, F|\n|poke|p2|Walking Wake|\n|poke|p2|Goodra-Hisui, M|\n|poke|p2|Baxcalibur, M|\n|poke|p2|Charizard, M|\n|poke|p2|Salamence, F|\n|poke|p2|Dragonite, M|\n|teampreview\n|inactive|Battle timer is ON: inactive players will automatically lose when time's up. (requested by juanchossss)\n|inactive|juanchossss has 270 seconds left.\n|inactive|Kaxxxx has 270 seconds left.\n|\n|t:|1696692233\n|start\n|switch|p1a: Armaldo|Armaldo, F|100\/100\n|switch|p1b: Buzzwole|Buzzwole|100\/100\n|switch|p2a: Goodra|Goodra-Hisui, M|100\/100\n|switch|p2b: Charizard|Charizard, M|100\/100\n|turn|1\n|c|\u2606Kaxxxx|Suerte\n|\n|t:|1696692256\n|switch|p2a: Salamence|Salamence, F|100\/100\n|-ability|p2a: Salamence|Intimidate|boost\n|-unboost|p1a: Armaldo|atk|1\n|-unboost|p1b: Buzzwole|atk|1\n|detailschange|p2b: Charizard|Charizard-Mega-X, M\n|-mega|p2b: Charizard|Charizard|Charizardite X\n|move|p2b: Charizard|Protect|p2b: Charizard\n|-singleturn|p2b: Charizard|Protect\n|move|p1b: Buzzwole|High Horsepower|p2a: Salamence\n|-immune|p2a: Salamence\n|move|p1a: Armaldo|Stone Edge|p2b: Charizard\n|-activate|p2b: Charizard|move: Protect\n|\n|upkeep\n|turn|2\n|inactiveoff|Battle timer is now OFF.\n|\n|t:|1696692290\n|switch|p1b: Scizor|Scizor, F|100\/100\n|switch|p2b: Goodra|Goodra-Hisui, M|100\/100\n|move|p2a: Salamence|Air Slash|p1b: Scizor\n|-crit|p1b: Scizor\n|-damage|p1b: Scizor|0 fnt\n|faint|p1b: Scizor\n|move|p1a: Armaldo|Stone Edge|p2b: Goodra\n|-resisted|p2b: Goodra\n|-damage|p2b: Goodra|91\/100\n|\n|-heal|p2b: Goodra|97\/100|[from] item: Leftovers\n|upkeep\n|\n|t:|1696692300\n|switch|p1b: Buzzwole|Buzzwole|100\/100\n|turn|3\n|\n|t:|1696692325\n|switch|p2a: Walking Wake|Walking Wake|100\/100\n|-enditem|p2a: Walking Wake|Booster Energy\n|-activate|p2a: Walking Wake|ability: Protosynthesis|[fromitem]\n|-start|p2a: Walking Wake|protosynthesisspa\n|move|p2b: Goodra|Protect|p2b: Goodra\n|-singleturn|p2b: Goodra|Protect\n|move|p1b: Buzzwole|Close Combat|p2b: Goodra\n|-activate|p2b: Goodra|move: Protect\n|move|p1a: Armaldo|Stone Edge|p2a: Walking Wake\n|-damage|p2a: Walking Wake|71\/100\n|\n|-heal|p2b: Goodra|100\/100|[from] item: Leftovers\n|upkeep\n|turn|4\n|j| XMarcosPr710\n|\n|t:|1696692346\n|switch|p2b: Salamence|Salamence, F|100\/100\n|-ability|p2b: Salamence|Intimidate|boost\n|-unboost|p1a: Armaldo|atk|1\n|-unboost|p1b: Buzzwole|atk|1\n|switch|p1a: Araquanid|Araquanid, F|100\/100\n|move|p1b: Buzzwole|Close Combat|p2b: Salamence\n|-resisted|p2b: Salamence\n|-damage|p2b: Salamence|74\/100\n|-unboost|p1b: Buzzwole|def|1\n|-unboost|p1b: Buzzwole|spd|1\n|move|p2a: Walking Wake|Flamethrower|p1b: Buzzwole\n|-supereffective|p1b: Buzzwole\n|-damage|p1b: Buzzwole|0 fnt\n|faint|p1b: Buzzwole\n|\n|upkeep\n|\n|t:|1696692354\n|switch|p1b: Armaldo|Armaldo, F|100\/100\n|turn|5\n|\n|t:|1696692385\n|move|p2b: Salamence|Air Slash|p1a: Araquanid\n|-supereffective|p1a: Araquanid\n|-damage|p1a: Araquanid|34\/100\n|move|p2a: Walking Wake|Draco Meteor|p1b: Armaldo\n|-damage|p1b: Armaldo|0 fnt\n|-unboost|p2a: Walking Wake|spa|2\n|faint|p1b: Armaldo\n|cant|p1a: Araquanid|flinch\n|\n|upkeep\n|\n|t:|1696692400\n|switch|p1b: Galvantula|Galvantula, F|100\/100\n|turn|6\n|\n|t:|1696692420\n|move|p1b: Galvantula|Thunder|p2a: Walking Wake\n|-damage|p2a: Walking Wake|16\/100\n|move|p2b: Salamence|Air Slash|p1a: Araquanid\n|-supereffective|p1a: Araquanid\n|-damage|p1a: Araquanid|0 fnt\n|faint|p1a: Araquanid\n|move|p2a: Walking Wake|Flamethrower|p1b: Galvantula\n|-supereffective|p1b: Galvantula\n|-damage|p1b: Galvantula|17\/100\n|\n|upkeep\n|\n|t:|1696692425\n|switch|p1a: Volcarona|Volcarona, F|100\/100\n|turn|7\n|\n|t:|1696692452\n|-end|p2a: Walking Wake|Protosynthesis|[silent]\n|switch|p2a: Goodra|Goodra-Hisui, M|100\/100\n|move|p1b: Galvantula|Thunder|p2b: Salamence\n|-damage|p2b: Salamence|20\/100\n|move|p2b: Salamence|Air Slash|p1a: Volcarona\n|-supereffective|p1a: Volcarona\n|-damage|p1a: Volcarona|0 fnt\n|faint|p1a: Volcarona\n|\n|upkeep\n|turn|8\n|\n|t:|1696692468\n|switch|p2b: Charizard|Charizard-Mega-X, M|100\/100\n|move|p1b: Galvantula|Thunder|p2b: Charizard\n|-resisted|p2b: Charizard\n|-damage|p2b: Charizard|70\/100\n|move|p2a: Goodra|Rock Slide|p1b: Galvantula\n|-supereffective|p1b: Galvantula\n|-damage|p1b: Galvantula|0 fnt\n|faint|p1b: Galvantula\n|\n|win|Kaxxxx\n|l|\u2606juanchossss\n|j|\u2606juanchossss\n|player|p1|juanchossss|unknownf\n|j| fifier\n|c| fifier|boe\n","uploadtime":1696692482,"views":12,"p1id":"juanchossss","p2id":"kaxxxx","formatid":"gen9nationaldexdoubles","rating":0,"private":0,"password":""}