{"id":"gen9nationaldexdoubles-1962151221","p1":"cornpopbad","p2":"orange overhaul","format":"[Gen 9] National Dex Doubles","log":"|j|\u2606cornpopbad\n|j|\u2606orange overhaul\n|t:|1696712212\n|gametype|doubles\n|player|p1|cornpopbad|nate|\n|player|p2|orange overhaul|acetrainerf-gen4|\n|teamsize|p1|6\n|teamsize|p2|6\n|gen|9\n|tier|[Gen 9] National Dex Doubles\n|rated|Tournament battle\n|rule|HP Percentage Mod: HP is shown in percentages\n|rule|Endless Battle Clause: Forcing endless battles is banned\n|rule|OHKO Clause: OHKO moves are banned\n|rule|Evasion Moves Clause: Evasion moves are banned\n|rule|Evasion Abilities Clause: Evasion abilities are banned\n|rule|Species Clause: Limit one of each Pok\u00e9mon\n|rule|Gravity Sleep Clause: The combination of sleep-inducing moves with imperfect accuracy and Gravity or Gigantamax Orbeetle are banned\n|clearpoke\n|poke|p1|Metagross|\n|poke|p1|Flutter Mane|\n|poke|p1|Rillaboom, M|\n|poke|p1|Volcanion|\n|poke|p1|Kingambit, F|\n|poke|p1|Tornadus, M|\n|poke|p2|Flutter Mane|\n|poke|p2|Zamazenta-*|\n|poke|p2|Rillaboom, M|\n|poke|p2|Typhlosion-Hisui, F|\n|poke|p2|Tornadus, M|\n|poke|p2|Regidrago|\n|teampreview\n|inactive|Battle timer is ON: inactive players will automatically lose when time's up. (requested by cornpopbad)\n|inactive|orange overhaul also wants the timer to be on.\n|c|\u2606orange overhaul|glhf\n|c|\u2606cornpopbad|u2\n|\n|t:|1696712242\n|start\n|switch|p1a: Flutter Mane|Flutter Mane|100\/100\n|switch|p1b: Tornadus|Tornadus, M|100\/100\n|switch|p2a: Tornadus|Tornadus, M, shiny|100\/100\n|switch|p2b: Flutter Mane|Flutter Mane|100\/100\n|turn|1\n|inactive|cornpopbad has 120 seconds left.\n|\n|t:|1696712288\n|move|p2a: Tornadus|Tailwind|p2a: Tornadus\n|-sidestart|p2: orange overhaul|move: Tailwind\n|move|p1b: Tornadus|Tailwind|p1b: Tornadus\n|-sidestart|p1: cornpopbad|move: Tailwind\n|move|p1a: Flutter Mane|Icy Wind|p2b: Flutter Mane|[spread] p2a,p2b\n|-supereffective|p2a: Tornadus\n|-damage|p2a: Tornadus|36\/100\n|-damage|p2b: Flutter Mane|81\/100\n|-unboost|p2a: Tornadus|spe|1\n|-unboost|p2b: Flutter Mane|spe|1\n|move|p2b: Flutter Mane|Shadow Ball|p1a: Flutter Mane\n|-supereffective|p1a: Flutter Mane\n|-damage|p1a: Flutter Mane|0 fnt\n|faint|p1a: Flutter Mane\n|-end|p1a: Flutter Mane|Protosynthesis|[silent]\n|\n|upkeep\n|\n|t:|1696712303\n|switch|p1a: Metagross|Metagross|100\/100\n|turn|2\n|inactive|cornpopbad has 120 seconds left.\n|\n|t:|1696712321\n|detailschange|p1a: Metagross|Metagross-Mega\n|-mega|p1a: Metagross|Metagross|Metagrossite\n|move|p2a: Tornadus|Rain Dance|p2a: Tornadus\n|-weather|RainDance\n|-zpower|p1b: Tornadus\n|move|p1b: Tornadus|Supersonic Skystrike|p2b: Flutter Mane|[zeffect]\n|-damage|p2b: Flutter Mane|11\/100\n|move|p1a: Metagross|Iron Head|p2a: Tornadus\n|-damage|p2a: Tornadus|0 fnt\n|faint|p2a: Tornadus\n|move|p2b: Flutter Mane|Shadow Ball|p1a: Metagross\n|-supereffective|p1a: Metagross\n|-damage|p1a: Metagross|0 fnt\n|faint|p1a: Metagross\n|\n|-weather|RainDance|[upkeep]\n|upkeep\n|\n|t:|1696712345\n|switch|p2a: Zamazenta|Zamazenta, shiny|100\/100\n|switch|p1a: Rillaboom|Rillaboom, M|100\/100\n|-ability|p2a: Zamazenta|Dauntless Shield|boost\n|-boost|p2a: Zamazenta|def|1\n|-fieldstart|move: Grassy Terrain|[from] ability: Grassy Surge|[of] p1a: Rillaboom\n|turn|3\n|\n|t:|1696712360\n|-end|p2b: Flutter Mane|Protosynthesis|[silent]\n|switch|p2b: Typhlosion|Typhlosion-Hisui, F, shiny|100\/100\n|move|p1a: Rillaboom|Fake Out|p2a: Zamazenta\n|-damage|p2a: Zamazenta|92\/100\n|cant|p2a: Zamazenta|flinch\n|move|p1b: Tornadus|Bleakwind Storm|p2a: Zamazenta|[spread] p2a,p2b\n|-supereffective|p2a: Zamazenta\n|-damage|p2a: Zamazenta|18\/100\n|-damage|p2b: Typhlosion|48\/100\n|-unboost|p2a: Zamazenta|spe|1\n|\n|-weather|RainDance|[upkeep]\n|-heal|p2b: Typhlosion|54\/100|[from] Grassy Terrain\n|-heal|p2a: Zamazenta|24\/100|[from] Grassy Terrain\n|upkeep\n|turn|4\n|\n|t:|1696712381\n|-terastallize|p1a: Rillaboom|Rock\n|move|p1b: Tornadus|Bleakwind Storm|p2b: Typhlosion|[spread] p2a,p2b\n|-supereffective|p2a: Zamazenta\n|-damage|p2a: Zamazenta|0 fnt\n|-damage|p2b: Typhlosion|3\/100\n|faint|p2a: Zamazenta\n|move|p2b: Typhlosion|Shadow Ball|p1a: Rillaboom\n|-damage|p1a: Rillaboom|60\/100\n|move|p1a: Rillaboom|Tera Blast|p2b: Typhlosion|[anim] Tera Blast Rock\n|-supereffective|p2b: Typhlosion\n|-damage|p2b: Typhlosion|0 fnt\n|faint|p2b: Typhlosion\n|\n|-weather|RainDance|[upkeep]\n|-heal|p1a: Rillaboom|66\/100|[from] Grassy Terrain\n|-sideend|p1: cornpopbad|move: Tailwind\n|-sideend|p2: orange overhaul|move: Tailwind\n|upkeep\n|\n|t:|1696712400\n|switch|p2a: Rillaboom|Rillaboom, M|100\/100\n|switch|p2b: Regidrago|Regidrago|100\/100\n|turn|5\n|\n|t:|1696712411\n|switch|p1a: Kingambit|Kingambit, F|100\/100\n|-terastallize|p2b: Regidrago|Dragon\n|move|p1b: Tornadus|Protect|p1b: Tornadus\n|-singleturn|p1b: Tornadus|Protect\n|move|p2a: Rillaboom|Fake Out|p1b: Tornadus\n|-activate|p1b: Tornadus|move: Protect\n|move|p2b: Regidrago|Dragon Energy|p1b: Tornadus|[spread] p1a\n|-activate|p1b: Tornadus|move: Protect\n|-resisted|p1a: Kingambit\n|-damage|p1a: Kingambit|22\/100\n|\n|-weather|RainDance|[upkeep]\n|-heal|p1a: Kingambit|29\/100|[from] Grassy Terrain\n|upkeep\n|turn|6\n|\n|t:|1696712428\n|move|p2a: Rillaboom|Grassy Glide|p1a: Kingambit\n|-resisted|p1a: Kingambit\n|-damage|p1a: Kingambit|14\/100\n|move|p1a: Kingambit|Sucker Punch|p2b: Regidrago\n|-damage|p2b: Regidrago|55\/100\n|move|p1b: Tornadus|Bleakwind Storm|p2a: Rillaboom|[spread] p2a,p2b\n|-supereffective|p2a: Rillaboom\n|-damage|p2a: Rillaboom|44\/100\n|-damage|p2b: Regidrago|11\/100\n|-unboost|p2a: Rillaboom|spe|1\n|move|p2b: Regidrago|Dragon Energy|p1b: Tornadus|[spread] p1a,p1b\n|-resisted|p1a: Kingambit\n|-damage|p1a: Kingambit|6\/100\n|-damage|p1b: Tornadus|80\/100\n|\n|-weather|none\n|-heal|p2b: Regidrago|17\/100|[from] Grassy Terrain\n|-heal|p1a: Kingambit|12\/100|[from] Grassy Terrain\n|-heal|p2a: Rillaboom|50\/100|[from] Grassy Terrain\n|upkeep\n|turn|7\n|\n|t:|1696712450\n|switch|p2b: Flutter Mane|Flutter Mane|11\/100\n|move|p1a: Kingambit|Protect|p1a: Kingambit\n|-singleturn|p1a: Kingambit|Protect\n|move|p2a: Rillaboom|Grassy Glide|p1a: Kingambit\n|-activate|p1a: Kingambit|move: Protect\n|move|p1b: Tornadus|Bleakwind Storm|p2b: Flutter Mane|[spread] p2a,p2b\n|-supereffective|p2a: Rillaboom\n|-damage|p2a: Rillaboom|0 fnt\n|-damage|p2b: Flutter Mane|0 fnt\n|faint|p2a: Rillaboom\n|faint|p2b: Flutter Mane\n|-end|p2b: Flutter Mane|Protosynthesis|[silent]\n|\n|-heal|p1a: Kingambit|18\/100|[from] Grassy Terrain\n|-fieldend|move: Grassy Terrain\n|upkeep\n|\n|t:|1696712461\n|switch|p2b: Regidrago|Regidrago, tera:Dragon|17\/100\n|turn|8\n|\n|t:|1696712467\n|move|p1a: Kingambit|Sucker Punch|p2b: Regidrago\n|-damage|p2b: Regidrago|0 fnt\n|faint|p2b: Regidrago\n|\n|win|cornpopbad\n|n|\u2606cornpopbad|cornpopbad\n|n|\u2606orange overhaul|orangeoverhaul\n|c|\u2606cornpopbad|gg\n","uploadtime":1696712478,"views":14,"p1id":"cornpopbad","p2id":"orangeoverhaul","formatid":"gen9nationaldexdoubles","rating":0,"private":0,"password":""}