{"id":"gen9nationaldexdoubles-1948754894","p1":"Forever1506","p2":"the maraculous","format":"[Gen 9] National Dex Doubles","log":"|j|\u2606Forever1506\n|j|\u2606the maraculous\n|t:|1695299895\n|gametype|doubles\n|player|p1|Forever1506|102|1030\n|player|p2|the maraculous|dragontamer|1330\n|teamsize|p1|6\n|teamsize|p2|6\n|gen|9\n|tier|[Gen 9] National Dex Doubles\n|rated|\n|rule|HP Percentage Mod: HP is shown in percentages\n|rule|Endless Battle Clause: Forcing endless battles is banned\n|rule|OHKO Clause: OHKO moves are banned\n|rule|Evasion Moves Clause: Evasion moves are banned\n|rule|Evasion Abilities Clause: Evasion abilities are banned\n|rule|Species Clause: Limit one of each Pok\u00e9mon\n|rule|Gravity Sleep Clause: The combination of sleep-inducing moves with imperfect accuracy and Gravity or Gigantamax Orbeetle are banned\n|clearpoke\n|poke|p1|Tornadus, M|\n|poke|p1|Ogerpon-Hearthflame, F|\n|poke|p1|Torkoal, F|\n|poke|p1|Pelipper, F|\n|poke|p1|Walking Wake|\n|poke|p1|Swampert, F|\n|poke|p2|Xurkitree|\n|poke|p2|Iron Valiant|\n|poke|p2|Chandelure, F|\n|poke|p2|Landorus-Therian, M|\n|poke|p2|Kartana|\n|poke|p2|Farigiraf, M|\n|teampreview\n|inactive|Battle timer is ON: inactive players will automatically lose when time's up. (requested by Forever1506)\n|\n|t:|1695299916\n|start\n|switch|p1a: Tornadus|Tornadus, M|100\/100\n|switch|p1b: Walking Wake|Walking Wake|100\/100\n|switch|p2a: Xurkitree|Xurkitree|100\/100\n|switch|p2b: Iron Valiant|Iron Valiant|100\/100\n|-enditem|p1b: Walking Wake|Booster Energy\n|-activate|p1b: Walking Wake|ability: Protosynthesis|[fromitem]\n|-start|p1b: Walking Wake|protosynthesisspe\n|turn|1\n|\n|t:|1695299937\n|move|p1a: Tornadus|Sunny Day|p1a: Tornadus\n|-weather|SunnyDay\n|move|p1b: Walking Wake|Hydro Steam|p2a: Xurkitree\n|-damage|p2a: Xurkitree|9\/100\n|move|p2b: Iron Valiant|Moonblast|p1b: Walking Wake\n|-supereffective|p1b: Walking Wake\n|-damage|p1b: Walking Wake|0 fnt\n|faint|p1b: Walking Wake\n|-end|p1b: Walking Wake|Protosynthesis|[silent]\n|-damage|p2b: Iron Valiant|91\/100|[from] item: Life Orb\n|-zpower|p2a: Xurkitree\n|move|p2a: Xurkitree|Z-Electric Terrain|p2a: Xurkitree|[anim]Electric Terrain\n|-boost|p2a: Xurkitree|spe|1|[zeffect]\n|-fieldstart|move: Electric Terrain\n|-activate|p2b: Iron Valiant|ability: Quark Drive\n|-start|p2b: Iron Valiant|quarkdrivespe\n|\n|-weather|SunnyDay|[upkeep]\n|upkeep\n|\n|t:|1695299946\n|switch|p1b: Ogerpon|Ogerpon-Hearthflame, F|100\/100\n|-ability|p1b: Ogerpon|Mold Breaker\n|turn|2\n|\n|t:|1695299959\n|-terastallize|p1b: Ogerpon|Fire\n|detailschange|p1b: Ogerpon|Ogerpon-Hearthflame-Tera, F, tera:Fire\n|-ability|p1b: Ogerpon|Embody Aspect (Hearthflame)|boost\n|-boost|p1b: Ogerpon|atk|1\n|move|p2b: Iron Valiant|Close Combat|p1b: Ogerpon\n|-damage|p1b: Ogerpon|11\/100\n|-unboost|p2b: Iron Valiant|def|1\n|-unboost|p2b: Iron Valiant|spd|1\n|-damage|p2b: Iron Valiant|81\/100|[from] item: Life Orb\n|move|p2a: Xurkitree|Rising Voltage|p1b: Ogerpon\n|-hint|Rising Voltage's BP doubled on grounded target.\n|-damage|p1b: Ogerpon|0 fnt\n|faint|p1b: Ogerpon\n|-ability|p2a: Xurkitree|Beast Boost|boost\n|-boost|p2a: Xurkitree|spa|1\n|move|p1a: Tornadus|Bleakwind Storm|p2a: Xurkitree|[spread] p2a\n|-miss|p1a: Tornadus|p2b: Iron Valiant\n|-resisted|p2a: Xurkitree\n|-damage|p2a: Xurkitree|0 fnt\n|faint|p2a: Xurkitree\n|\n|-weather|SunnyDay|[upkeep]\n|upkeep\n|inactive|Forever1506 has 120 seconds left.\n|\n|t:|1695300014\n|switch|p1b: Swampert|Swampert, F|100\/100\n|switch|p2a: Kartana|Kartana|100\/100\n|turn|3\n|inactive|Forever1506 has 120 seconds left.\n|\n|t:|1695300027\n|detailschange|p1b: Swampert|Swampert-Mega, F\n|-mega|p1b: Swampert|Swampert|Swampertite\n|move|p2b: Iron Valiant|Wide Guard|p2b: Iron Valiant\n|-singleturn|p2b: Iron Valiant|Wide Guard\n|move|p1a: Tornadus|Rain Dance|p1a: Tornadus\n|-weather|RainDance\n|move|p1b: Swampert|Flip Turn|p2b: Iron Valiant\n|-damage|p2b: Iron Valiant|0 fnt\n|faint|p2b: Iron Valiant\n|-end|p2b: Iron Valiant|Quark Drive|[silent]\n|\n|t:|1695300042\n|switch|p1b: Torkoal|Torkoal, F|100\/100|[from] Flip Turn\n|-weather|SunnyDay|[from] ability: Drought|[of] p1b: Torkoal\n|move|p2a: Kartana|Leaf Blade|p1b: Torkoal\n|-resisted|p1b: Torkoal\n|-damage|p1b: Torkoal|74\/100\n|\n|-weather|SunnyDay|[upkeep]\n|upkeep\n|\n|t:|1695300050\n|switch|p2b: Landorus|Landorus-Therian, M|100\/100\n|-ability|p2b: Landorus|Intimidate|boost\n|-unboost|p1a: Tornadus|atk|1\n|-unboost|p1b: Torkoal|atk|1\n|turn|4\n|\n|t:|1695300059\n|switch|p2a: Chandelure|Chandelure, F|100\/100\n|-item|p2a: Chandelure|Air Balloon\n|switch|p1b: Pelipper|Pelipper, F|100\/100\n|-weather|RainDance|[from] ability: Drizzle|[of] p1b: Pelipper\n|move|p1a: Tornadus|Bleakwind Storm|p2a: Chandelure|[spread] p2a,p2b\n|-damage|p2a: Chandelure|63\/100\n|-damage|p2b: Landorus|80\/100\n|-enditem|p2a: Chandelure|Air Balloon\n|move|p2b: Landorus|Rock Slide|p1b: Pelipper|[spread] p1a,p1b\n|-supereffective|p1a: Tornadus\n|-supereffective|p1b: Pelipper\n|-damage|p1a: Tornadus|51\/100\n|-damage|p1b: Pelipper|35\/100\n|\n|-weather|RainDance|[upkeep]\n|upkeep\n|turn|5\n|\n|t:|1695300079\n|move|p1a: Tornadus|Bleakwind Storm|p2a: Chandelure|[spread] p2a,p2b\n|-damage|p2a: Chandelure|28\/100\n|-damage|p2b: Landorus|59\/100\n|-unboost|p2a: Chandelure|spe|1\n|-unboost|p2b: Landorus|spe|1\n|move|p1b: Pelipper|Weather Ball|p2b: Landorus\n|-supereffective|p2b: Landorus\n|-damage|p2b: Landorus|0 fnt\n|faint|p2b: Landorus\n|move|p2a: Chandelure|Trick Room|p2a: Chandelure\n|-fieldstart|move: Trick Room|[of] p2a: Chandelure\n|\n|-weather|RainDance|[upkeep]\n|-fieldend|move: Electric Terrain\n|upkeep\n|\n|t:|1695300088\n|switch|p2b: Farigiraf|Farigiraf, M|100\/100\n|turn|6\n|\n|t:|1695300106\n|-terastallize|p2b: Farigiraf|Normal\n|move|p2a: Chandelure|Shadow Ball|p1b: Pelipper\n|-damage|p1b: Pelipper|0 fnt\n|faint|p1b: Pelipper\n|move|p2b: Farigiraf|Hyper Voice|p1a: Tornadus\n|-damage|p1a: Tornadus|0 fnt\n|faint|p1a: Tornadus\n|\n|-weather|RainDance|[upkeep]\n|upkeep\n|\n|t:|1695300116\n|switch|p1b: Swampert|Swampert-Mega, F|100\/100\n|switch|p1a: Torkoal|Torkoal, F|74\/100\n|-weather|SunnyDay|[from] ability: Drought|[of] p1a: Torkoal\n|turn|7\n|\n|t:|1695300126\n|move|p1a: Torkoal|Eruption|p2a: Chandelure|[spread] p2b\n|-start|p2a: Chandelure|ability: Flash Fire\n|-damage|p2b: Farigiraf|42\/100\n|move|p2a: Chandelure|Shadow Ball|p1a: Torkoal\n|-crit|p1a: Torkoal\n|-damage|p1a: Torkoal|0 fnt\n|faint|p1a: Torkoal\n|move|p2b: Farigiraf|Hyper Voice|p1b: Swampert\n|-damage|p1b: Swampert|41\/100\n|move|p1b: Swampert|Bulk Up|p1b: Swampert\n|-boost|p1b: Swampert|atk|1\n|-boost|p1b: Swampert|def|1\n|\n|-weather|SunnyDay|[upkeep]\n|-heal|p2b: Farigiraf|48\/100|[from] item: Leftovers\n|upkeep\n|turn|8\n|\n|t:|1695300147\n|move|p2a: Chandelure|Shadow Ball|p1b: Swampert\n|-damage|p1b: Swampert|0 fnt\n|faint|p1b: Swampert\n|\n|win|the maraculous\n|raw|Forever1506's rating: 1030 &rarr; <strong>1026<\/strong><br \/>(-4 for losing)\n|raw|the maraculous's rating: 1330 &rarr; <strong>1336<\/strong><br \/>(+6 for winning)\n","uploadtime":1695300153,"views":6,"p1id":"forever1506","p2id":"themaraculous","formatid":"gen9nationaldexdoubles","rating":1026,"private":0,"password":""}