{"id":"gen9nationaldexdoubles-1985130626","p1":"Boltundover","p2":"DazzlingBrilliance","format":"[Gen 9] National Dex Doubles","log":"|j|\u2606Boltundover\n|j|\u2606DazzlingBrilliance\n|t:|1699335362\n|gametype|doubles\n|player|p1|Boltundover|leaf-masters|1038\n|player|p2|DazzlingBrilliance|striker|1082\n|teamsize|p1|6\n|teamsize|p2|6\n|gen|9\n|tier|[Gen 9] National Dex Doubles\n|rated|\n|rule|HP Percentage Mod: HP is shown in percentages\n|rule|Endless Battle Clause: Forcing endless battles is banned\n|rule|OHKO Clause: OHKO moves are banned\n|rule|Evasion Moves Clause: Evasion moves are banned\n|rule|Evasion Abilities Clause: Evasion abilities are banned\n|rule|Species Clause: Limit one of each Pok\u00e9mon\n|rule|Gravity Sleep Clause: The combination of sleep-inducing moves with imperfect accuracy and Gravity or Gigantamax Orbeetle are banned\n|clearpoke\n|poke|p1|Beheeyem, F|\n|poke|p1|Gourgeist-*, F|\n|poke|p1|Indeedee-F, F|\n|poke|p1|Ambipom, F|\n|poke|p1|Nihilego|\n|poke|p1|Tsareena, F|\n|poke|p2|Qwilfish, M|\n|poke|p2|Chandelure, M|\n|poke|p2|Altaria, M|\n|poke|p2|Jirachi|\n|poke|p2|Hitmontop, M|\n|poke|p2|Celebi|\n|teampreview\n|\n|t:|1699335378\n|start\n|switch|p1a: Beheeyem|Beheeyem, F, shiny|100\/100\n|switch|p1b: Gourgeist|Gourgeist-Super, F|100\/100\n|switch|p2a: Jirachi|Jirachi, shiny|100\/100\n|switch|p2b: Qweefish|Qwilfish, M, shiny|100\/100\n|-ability|p2b: Qweefish|Intimidate|boost\n|-unboost|p1a: Beheeyem|atk|1\n|-unboost|p1b: Gourgeist|atk|1\n|turn|1\n|\n|t:|1699335416\n|move|p1a: Beheeyem|Protect|p1a: Beheeyem\n|-singleturn|p1a: Beheeyem|Protect\n|move|p2a: Jirachi|Cosmic Power|p2a: Jirachi\n|-boost|p2a: Jirachi|def|1\n|-boost|p2a: Jirachi|spd|1\n|move|p2b: Qweefish|Thunder Wave|p1a: Beheeyem\n|-activate|p1a: Beheeyem|move: Protect\n|move|p1b: Gourgeist|Trick Room|p1b: Gourgeist\n|-fieldstart|move: Trick Room|[of] p1b: Gourgeist\n|-enditem|p1b: Gourgeist|Room Service\n|-unboost|p1b: Gourgeist|spe|1|[from] item: Room Service\n|\n|upkeep\n|turn|2\n|\n|t:|1699335447\n|move|p1b: Gourgeist|Poltergeist|p2a: Jirachi\n|-activate|p2a: Jirachi|move: Poltergeist|Leftovers\n|-supereffective|p2a: Jirachi\n|-crit|p2a: Jirachi\n|-damage|p2a: Jirachi|0 fnt\n|faint|p2a: Jirachi\n|move|p1a: Beheeyem|Meteor Beam||[still]\n|-prepare|p1a: Beheeyem|Meteor Beam\n|-boost|p1a: Beheeyem|spa|1\n|-enditem|p1a: Beheeyem|Power Herb\n|-anim|p1a: Beheeyem|Meteor Beam|p2b: Qweefish\n|-damage|p2b: Qweefish|20\/100\n|move|p2b: Qweefish|Thunder Wave|p1a: Beheeyem\n|-status|p1a: Beheeyem|par\n|\n|-heal|p2b: Qweefish|26\/100|[from] item: Leftovers\n|-item|p1b: Gourgeist|Power Herb|[from] ability: Pickup\n|upkeep\n|\n|t:|1699335484\n|switch|p2a: Hitmontop|Hitmontop, M, shiny|100\/100\n|turn|3\n|\n|t:|1699335504\n|move|p1a: Beheeyem|Expanding Force|p2a: Hitmontop\n|-supereffective|p2a: Hitmontop\n|-damage|p2a: Hitmontop|0 fnt\n|faint|p2a: Hitmontop\n|move|p1b: Gourgeist|Trick|p1a: Beheeyem\n|-activate|p1b: Gourgeist|move: Trick|[of] p1a: Beheeyem\n|-item|p1a: Beheeyem|Power Herb|[from] move: Trick\n|-enditem|p1b: Gourgeist|Power Herb|[silent]|[from] move: Trick\n|move|p2b: Qweefish|Thunder Wave|p1b: Gourgeist\n|-status|p1b: Gourgeist|par\n|\n|-heal|p2b: Qweefish|32\/100|[from] item: Leftovers\n|upkeep\n|\n|t:|1699335519\n|switch|p2a: Chandelure|Chandelure, M, shiny|100\/100\n|turn|4\n|\n|t:|1699335544\n|move|p1b: Gourgeist|Ally Switch|p1b: Gourgeist\n|swap|p1b: Gourgeist|0|[from] move: Ally Switch\n|move|p1b: Beheeyem|Meteor Beam||[still]\n|-prepare|p1b: Beheeyem|Meteor Beam\n|-boost|p1b: Beheeyem|spa|1\n|-enditem|p1b: Beheeyem|Power Herb\n|-anim|p1b: Beheeyem|Meteor Beam|p2a: Chandelure\n|-supereffective|p2a: Chandelure\n|-damage|p2a: Chandelure|0 fnt\n|faint|p2a: Chandelure\n|move|p2b: Qweefish|Acupressure|p2: Chandelure|[notarget]\n|-fail|p2b: Qweefish\n|\n|-heal|p2b: Qweefish|38\/100|[from] item: Leftovers\n|-item|p1a: Gourgeist|Power Herb|[from] ability: Pickup\n|upkeep\n|\n|t:|1699335556\n|switch|p2a: Celebi|Celebi, shiny|100\/100\n|turn|5\n|\n|t:|1699335569\n|cant|p1b: Beheeyem|par\n|move|p1a: Gourgeist|Poltergeist|p2a: Celebi\n|-activate|p2a: Celebi|move: Poltergeist|Leftovers\n|-supereffective|p2a: Celebi\n|-damage|p2a: Celebi|49\/100\n|move|p2b: Qweefish|Acupressure|p2a: Celebi\n|-boost|p2a: Celebi|spa|2\n|move|p2a: Celebi|Charge Beam|p1a: Gourgeist\n|-resisted|p1a: Gourgeist\n|-damage|p1a: Gourgeist|85\/100 par\n|-boost|p2a: Celebi|spa|1\n|\n|-heal|p2b: Qweefish|44\/100|[from] item: Leftovers\n|-heal|p2a: Celebi|56\/100|[from] item: Leftovers\n|-fieldend|move: Trick Room\n|upkeep\n|turn|6\n|\n|t:|1699335619\n|move|p1b: Beheeyem|Protect|p1b: Beheeyem\n|-singleturn|p1b: Beheeyem|Protect\n|move|p2a: Celebi|Pollen Puff|p2b: Qweefish\n|-heal|p2b: Qweefish|93\/100\n|move|p2b: Qweefish|Acupressure|p2b: Qweefish\n|-boost|p2b: Qweefish|spd|2\n|move|p1a: Gourgeist|Trick Room|p1a: Gourgeist\n|-fieldstart|move: Trick Room|[of] p1a: Gourgeist\n|\n|-heal|p2b: Qweefish|99\/100|[from] item: Leftovers\n|-heal|p2a: Celebi|62\/100|[from] item: Leftovers\n|upkeep\n|turn|7\n|\n|t:|1699335643\n|move|p1a: Gourgeist|Poltergeist|p2a: Celebi\n|-activate|p2a: Celebi|move: Poltergeist|Leftovers\n|-supereffective|p2a: Celebi\n|-damage|p2a: Celebi|10\/100\n|move|p1b: Beheeyem|Signal Beam|p2a: Celebi\n|-supereffective|p2a: Celebi\n|-damage|p2a: Celebi|0 fnt\n|faint|p2a: Celebi\n|move|p2b: Qweefish|Acupressure|p2: Celebi|[notarget]\n|-fail|p2b: Qweefish\n|\n|-heal|p2b: Qweefish|100\/100|[from] item: Leftovers\n|upkeep\n|\n|t:|1699335653\n|switch|p2a: Altaria|Altaria, M, shiny|100\/100\n|-ability|p2a: Altaria|Cloud Nine\n|turn|8\n|\n|t:|1699335677\n|move|p1a: Gourgeist|Trick|p1b: Beheeyem\n|-activate|p1a: Gourgeist|move: Trick|[of] p1b: Beheeyem\n|-item|p1b: Beheeyem|Power Herb|[from] move: Trick\n|-enditem|p1a: Gourgeist|Power Herb|[silent]|[from] move: Trick\n|move|p1b: Beheeyem|Meteor Beam||[still]\n|-prepare|p1b: Beheeyem|Meteor Beam\n|-boost|p1b: Beheeyem|spa|1\n|-enditem|p1b: Beheeyem|Power Herb\n|-anim|p1b: Beheeyem|Meteor Beam|p2a: Altaria\n|-supereffective|p2a: Altaria\n|-damage|p2a: Altaria|0 fnt\n|faint|p2a: Altaria\n|move|p2b: Qweefish|Acupressure|p2: Altaria|[notarget]\n|-fail|p2b: Qweefish\n|\n|-item|p1a: Gourgeist|Power Herb|[from] ability: Pickup\n|upkeep\n|turn|9\n|\n|t:|1699335708\n|move|p1a: Gourgeist|Trick|p1b: Beheeyem\n|-activate|p1a: Gourgeist|move: Trick|[of] p1b: Beheeyem\n|-item|p1b: Beheeyem|Power Herb|[from] move: Trick\n|-enditem|p1a: Gourgeist|Power Herb|[silent]|[from] move: Trick\n|move|p1b: Beheeyem|Meteor Beam||[still]\n|-prepare|p1b: Beheeyem|Meteor Beam\n|-boost|p1b: Beheeyem|spa|1\n|-enditem|p1b: Beheeyem|Power Herb\n|-anim|p1b: Beheeyem|Meteor Beam|p2b: Qweefish\n|-damage|p2b: Qweefish|15\/100\n|move|p2b: Qweefish|Acupressure|p2b: Qweefish\n|-boost|p2b: Qweefish|spd|2\n|\n|-heal|p2b: Qweefish|21\/100|[from] item: Leftovers\n|-item|p1a: Gourgeist|Power Herb|[from] ability: Pickup\n|upkeep\n|turn|10\n|\n|t:|1699335733\n|cant|p1a: Gourgeist|par\n|cant|p1b: Beheeyem|par\n|move|p2b: Qweefish|Hex|p1b: Beheeyem\n|-supereffective|p1b: Beheeyem\n|-damage|p1b: Beheeyem|62\/100 par\n|\n|-heal|p2b: Qweefish|27\/100|[from] item: Leftovers\n|-fieldend|move: Trick Room\n|upkeep\n|turn|11\n|\n|t:|1699335777\n|move|p2b: Qweefish|Acupressure|p2b: Qweefish\n|-boost|p2b: Qweefish|def|2\n|move|p1b: Beheeyem|Expanding Force|p2b: Qweefish\n|-supereffective|p2b: Qweefish\n|-damage|p2b: Qweefish|0 fnt\n|faint|p2b: Qweefish\n|\n|win|Boltundover\n|raw|Boltundover's rating: 1074 &rarr; <strong>1104<\/strong><br \/>(+30 for winning)\n|raw|DazzlingBrilliance's rating: 1082 &rarr; <strong>1059<\/strong><br \/>(-23 for losing)\n","uploadtime":1699335781,"views":5,"p1id":"boltundover","p2id":"dazzlingbrilliance","formatid":"gen9nationaldexdoubles","rating":1059,"private":0,"password":""}