{"id":"gen9nationaldexdoubles-1978040511","p1":"lakshyyy","p2":"johim","format":"[Gen 9] National Dex Doubles","log":"|j|\u2606lakshyyy\n|j|\u2606johim\n|t:|1698489620\n|gametype|doubles\n|player|p1|lakshyyy|266|1126\n|player|p2|johim|jogger|1100\n|teamsize|p1|6\n|teamsize|p2|6\n|gen|9\n|tier|[Gen 9] National Dex Doubles\n|rated|\n|rule|HP Percentage Mod: HP is shown in percentages\n|rule|Endless Battle Clause: Forcing endless battles is banned\n|rule|OHKO Clause: OHKO moves are banned\n|rule|Evasion Moves Clause: Evasion moves are banned\n|rule|Evasion Abilities Clause: Evasion abilities are banned\n|rule|Species Clause: Limit one of each Pok\u00e9mon\n|rule|Gravity Sleep Clause: The combination of sleep-inducing moves with imperfect accuracy and Gravity or Gigantamax Orbeetle are banned\n|clearpoke\n|poke|p1|Lurantis, F|\n|poke|p1|Malamar, F|\n|poke|p1|Lopunny, M|\n|poke|p1|Blaziken, F|\n|poke|p1|Dragapult, M|\n|poke|p1|Iron Moth|\n|poke|p2|Charizard, M|\n|poke|p2|Crobat, M|\n|poke|p2|Rhydon, M|\n|poke|p2|Cloyster, M|\n|poke|p2|Magneton|\n|poke|p2|Gengar, M|\n|teampreview\n|\n|t:|1698489639\n|start\n|switch|p1a: Lopunny|Lopunny, M|100\/100\n|switch|p1b: Blaziken|Blaziken, F|100\/100\n|switch|p2a: Crobat|Crobat, M|100\/100\n|switch|p2b: Rhydon|Rhydon, M|100\/100\n|turn|1\n|\n|t:|1698489656\n|detailschange|p1a: Lopunny|Lopunny-Mega, M\n|-mega|p1a: Lopunny|Lopunny|Lopunnite\n|-terastallize|p1b: Blaziken|Fire\n|move|p1a: Lopunny|Triple Axel|p2a: Crobat\n|-supereffective|p2a: Crobat\n|-damage|p2a: Crobat|84\/100\n|-supereffective|p2a: Crobat\n|-damage|p2a: Crobat|57\/100\n|-supereffective|p2a: Crobat\n|-crit|p2a: Crobat\n|-damage|p2a: Crobat|0 fnt\n|faint|p2a: Crobat\n|-hitcount|p2: Crobat|3\n|move|p1b: Blaziken|Close Combat|p2b: Rhydon\n|-supereffective|p2b: Rhydon\n|-damage|p2b: Rhydon|30\/100\n|-unboost|p1b: Blaziken|def|1\n|-unboost|p1b: Blaziken|spd|1\n|move|p2b: Rhydon|Earthquake|p1b: Blaziken|[spread] p1a,p1b\n|-supereffective|p1b: Blaziken\n|-damage|p1a: Lopunny|41\/100\n|-damage|p1b: Blaziken|0 fnt\n|faint|p1b: Blaziken\n|\n|upkeep\n|\n|t:|1698489676\n|switch|p2a: Cloyster|Cloyster, M|100\/100\n|switch|p1b: Malamar|Malamar, F|100\/100\n|turn|2\n|\n|t:|1698489685\n|move|p1a: Lopunny|Close Combat|p2a: Cloyster\n|-supereffective|p2a: Cloyster\n|-enditem|p2a: Cloyster|Focus Sash\n|-damage|p2a: Cloyster|1\/100\n|-unboost|p1a: Lopunny|def|1\n|-unboost|p1a: Lopunny|spd|1\n|move|p2a: Cloyster|Shell Smash|p2a: Cloyster\n|-unboost|p2a: Cloyster|def|1\n|-unboost|p2a: Cloyster|spd|1\n|-boost|p2a: Cloyster|atk|2\n|-boost|p2a: Cloyster|spa|2\n|-boost|p2a: Cloyster|spe|2\n|move|p1b: Malamar|Superpower|p2b: Rhydon\n|-supereffective|p2b: Rhydon\n|-damage|p2b: Rhydon|0 fnt\n|-boost|p1b: Malamar|atk|1\n|-boost|p1b: Malamar|def|1\n|faint|p2b: Rhydon\n|\n|upkeep\n|\n|t:|1698489703\n|switch|p2b: Charizard|Charizard, M|100\/100\n|turn|3\n|\n|t:|1698489713\n|detailschange|p2b: Charizard|Charizard-Mega-Y, M\n|-mega|p2b: Charizard|Charizard|Charizardite Y\n|-weather|SunnyDay|[from] ability: Drought|[of] p2b: Charizard\n|move|p2a: Cloyster|Icicle Spear|p1a: Lopunny\n|-damage|p1a: Lopunny|0 fnt\n|faint|p1a: Lopunny\n|-hitcount|p1: Lopunny|1\n|move|p2b: Charizard|Heat Wave|p1b: Malamar\n|-damage|p1b: Malamar|2\/100\n|-enditem|p1b: Malamar|Sitrus Berry|[eat]\n|-heal|p1b: Malamar|27\/100|[from] item: Sitrus Berry\n|move|p1b: Malamar|Superpower|p2a: Cloyster\n|-supereffective|p2a: Cloyster\n|-damage|p2a: Cloyster|0 fnt\n|-boost|p1b: Malamar|atk|1\n|-boost|p1b: Malamar|def|1\n|faint|p2a: Cloyster\n|\n|-weather|SunnyDay|[upkeep]\n|upkeep\n|\n|t:|1698489731\n|switch|p1a: Dragapult|Dragapult, M|100\/100\n|switch|p2a: Gengar|Gengar, M|100\/100\n|turn|4\n|inactive|Battle timer is ON: inactive players will automatically lose when time's up. (requested by lakshyyy)\n|\n|t:|1698489758\n|move|p1b: Malamar|Protect|p1b: Malamar\n|-singleturn|p1b: Malamar|Protect\n|move|p1a: Dragapult|Phantom Force||[still]\n|-prepare|p1a: Dragapult|Phantom Force\n|move|p2a: Gengar|Dazzling Gleam|p1b: Malamar|[spread] \n|-miss|p2a: Gengar|p1a: Dragapult\n|-activate|p1b: Malamar|move: Protect\n|move|p2b: Charizard|Scorching Sands|p1a: Dragapult|[miss]\n|-miss|p2b: Charizard|p1a: Dragapult\n|\n|-weather|SunnyDay|[upkeep]\n|upkeep\n|turn|5\n|\n|t:|1698489776\n|switch|p1b: Iron Moth|Iron Moth|100\/100\n|move|p1a: Dragapult|Phantom Force|p2a: Gengar|[from]lockedmove\n|-supereffective|p2a: Gengar\n|-enditem|p2a: Gengar|Focus Sash\n|-damage|p2a: Gengar|1\/100\n|-start|p1a: Dragapult|Disable|Phantom Force|[from] ability: Cursed Body|[of] p2a: Gengar\n|move|p2a: Gengar|Will-O-Wisp|p1a: Dragapult\n|-status|p1a: Dragapult|brn\n|move|p2b: Charizard|Heat Wave|p1b: Iron Moth|[spread] p1a\n|-miss|p2b: Charizard|p1b: Iron Moth\n|-resisted|p1a: Dragapult\n|-damage|p1a: Dragapult|62\/100 brn\n|-start|p2b: Charizard|Disable|Heat Wave|[from] ability: Cursed Body|[of] p1a: Dragapult\n|\n|-weather|SunnyDay|[upkeep]\n|-damage|p1a: Dragapult|56\/100 brn|[from] brn\n|upkeep\n|turn|6\n|\n|t:|1698489798\n|move|p1a: Dragapult|Flamethrower|p2a: Gengar\n|-damage|p2a: Gengar|0 fnt\n|faint|p2a: Gengar\n|move|p1b: Iron Moth|Air Slash|p2b: Charizard\n|-damage|p2b: Charizard|74\/100\n|move|p2b: Charizard|Scorching Sands|p1b: Iron Moth\n|-supereffective|p1b: Iron Moth\n|-damage|p1b: Iron Moth|0 fnt\n|faint|p1b: Iron Moth\n|-end|p1b: Iron Moth|Quark Drive|[silent]\n|\n|-weather|SunnyDay|[upkeep]\n|-damage|p1a: Dragapult|49\/100 brn|[from] brn\n|upkeep\n|-enditem|p1a: Dragapult|Sitrus Berry|[eat]\n|-heal|p1a: Dragapult|74\/100 brn|[from] item: Sitrus Berry\n|\n|t:|1698489812\n|switch|p2a: Magneton|Magneton|100\/100\n|switch|p1b: Malamar|Malamar, F|27\/100\n|turn|7\n|\n|t:|1698489829\n|move|p1a: Dragapult|Dragon Darts|p2b: Charizard\n|-damage|p2b: Charizard|60\/100\n|-anim|p1a: Dragapult|Dragon Darts|p2a: Magneton\n|-resisted|p2a: Magneton\n|-damage|p2a: Magneton|97\/100\n|move|p2b: Charizard|Scorching Sands|p1a: Dragapult\n|-damage|p1a: Dragapult|41\/100 brn\n|move|p1b: Malamar|Superpower|p2a: Magneton\n|-supereffective|p2a: Magneton\n|-damage|p2a: Magneton|46\/100\n|-boost|p1b: Malamar|atk|1\n|-boost|p1b: Malamar|def|1\n|move|p2a: Magneton|Flash Cannon|p1b: Malamar\n|-damage|p1b: Malamar|0 fnt\n|faint|p1b: Malamar\n|\n|-weather|none\n|-damage|p1a: Dragapult|35\/100 brn|[from] brn\n|upkeep\n|\n|t:|1698489842\n|switch|p1b: Lurantis|Lurantis, F|100\/100\n|turn|8\n|\n|t:|1698489859\n|-terastallize|p2a: Magneton|Flying\n|move|p1a: Dragapult|Flamethrower|p2a: Magneton\n|-damage|p2a: Magneton|26\/100\n|move|p2b: Charizard|Ancient Power|p1a: Dragapult\n|-damage|p1a: Dragapult|4\/100 brn\n|move|p1b: Lurantis|Poison Jab|p2b: Charizard\n|-damage|p2b: Charizard|35\/100\n|-status|p2b: Charizard|psn\n|move|p2a: Magneton|Flash Cannon|p1b: Lurantis\n|-damage|p1b: Lurantis|44\/100\n|\n|-damage|p2b: Charizard|23\/100 psn|[from] psn\n|-damage|p1a: Dragapult|0 fnt|[from] brn\n|faint|p1a: Dragapult\n|-end|p2b: Charizard|Disable\n|upkeep\n|turn|9\n|-message|lakshyyy forfeited.\n|\n|win|johim\n|raw|lakshyyy's rating: 1126 &rarr; <strong>1099<\/strong><br \/>(-27 for losing)\n|raw|johim's rating: 1100 &rarr; <strong>1127<\/strong><br \/>(+27 for winning)\n|l|\u2606lakshyyy\n","uploadtime":1698489880,"views":8,"p1id":"lakshyyy","p2id":"johim","formatid":"gen9nationaldexdoubles","rating":1099,"private":0,"password":""}