{"id":"gen9nationaldexdoubles-1968066749","p1":"Nyx_The_Minx","p2":"psng","format":"[Gen 9] National Dex Doubles","log":"|j|\u2606Nyx_The_Minx\n|j|\u2606psng\n|t:|1697380776\n|gametype|doubles\n|player|p1|Nyx_The_Minx|courtney|1260\n|player|p2|psng|wallace|1107\n|teamsize|p1|6\n|teamsize|p2|6\n|gen|9\n|tier|[Gen 9] National Dex Doubles\n|rated|\n|rule|HP Percentage Mod: HP is shown in percentages\n|rule|Endless Battle Clause: Forcing endless battles is banned\n|rule|OHKO Clause: OHKO moves are banned\n|rule|Evasion Moves Clause: Evasion moves are banned\n|rule|Evasion Abilities Clause: Evasion abilities are banned\n|rule|Species Clause: Limit one of each Pok\u00e9mon\n|rule|Gravity Sleep Clause: The combination of sleep-inducing moves with imperfect accuracy and Gravity or Gigantamax Orbeetle are banned\n|clearpoke\n|poke|p1|Entei|\n|poke|p1|Kangaskhan, F|\n|poke|p1|Lilligant, F|\n|poke|p1|Salamence, F|\n|poke|p1|Torkoal, M|\n|poke|p1|Charizard, F|\n|poke|p2|Indeedee-F, F|\n|poke|p2|Blastoise, F|\n|poke|p2|Politoed, M|\n|poke|p2|Swampert, F|\n|poke|p2|Articuno-Galar|\n|poke|p2|Ferrothorn, M|\n|teampreview\n|inactive|Battle timer is ON: inactive players will automatically lose when time's up. (requested by psng)\n|\n|t:|1697380791\n|start\n|switch|p1a: Entei|Entei|100\/100\n|switch|p1b: Kangaskhan|Kangaskhan, F|100\/100\n|switch|p2a: Indeedee|Indeedee-F, F, shiny|100\/100\n|switch|p2b: Blastoise|Blastoise, F, shiny|100\/100\n|-fieldstart|move: Psychic Terrain|[from] ability: Psychic Surge|[of] p2a: Indeedee\n|turn|1\n|\n|t:|1697380807\n|switch|p1b: Torkoal|Torkoal, M|100\/100\n|-weather|SunnyDay|[from] ability: Drought|[of] p1b: Torkoal\n|move|p2a: Indeedee|Follow Me|p2a: Indeedee\n|-singleturn|p2a: Indeedee|move: Follow Me\n|move|p1a: Entei|Sacred Fire|p2a: Indeedee\n|-damage|p2a: Indeedee|0 fnt\n|faint|p2a: Indeedee\n|move|p2b: Blastoise|Shell Smash|p2b: Blastoise\n|-unboost|p2b: Blastoise|def|1\n|-unboost|p2b: Blastoise|spd|1\n|-boost|p2b: Blastoise|atk|2\n|-boost|p2b: Blastoise|spa|2\n|-boost|p2b: Blastoise|spe|2\n|\n|-weather|SunnyDay|[upkeep]\n|upkeep\n|\n|t:|1697380818\n|switch|p2a: Politoed|Politoed, M, shiny|100\/100\n|-weather|RainDance|[from] ability: Drizzle|[of] p2a: Politoed\n|turn|2\n|\n|t:|1697380827\n|switch|p2a: Articuno|Articuno-Galar, shiny|100\/100\n|-terastallize|p1b: Torkoal|Grass\n|move|p1a: Entei|Protect|p1a: Entei\n|-singleturn|p1a: Entei|Protect\n|move|p2b: Blastoise|Water Spout|p1a: Entei|[spread] p1b\n|-activate|p1a: Entei|move: Protect\n|-resisted|p1b: Torkoal\n|-damage|p1b: Torkoal|3\/100\n|move|p1b: Torkoal|Yawn|p2b: Blastoise\n|-start|p2b: Blastoise|move: Yawn|[of] p1b: Torkoal\n|\n|-weather|RainDance|[upkeep]\n|upkeep\n|turn|3\n|\n|t:|1697380850\n|switch|p1a: Charizard|Charizard, F|100\/100\n|switch|p1b: Lilligant|Lilligant, F|100\/100\n|move|p2b: Blastoise|Water Spout|p1a: Charizard|[spread] p1a,p1b\n|-supereffective|p1a: Charizard\n|-resisted|p1b: Lilligant\n|-damage|p1a: Charizard|0 fnt\n|-damage|p1b: Lilligant|0 fnt\n|faint|p1a: Charizard\n|faint|p1b: Lilligant\n|move|p2a: Articuno|Tailwind|p2a: Articuno\n|-sidestart|p2: psng|move: Tailwind\n|\n|-weather|RainDance|[upkeep]\n|-end|p2b: Blastoise|move: Yawn|[silent]\n|-status|p2b: Blastoise|slp\n|upkeep\n|inactive|Nyx_The_Minx has 120 seconds left.\n|\n|t:|1697380866\n|switch|p1a: Entei|Entei|100\/100\n|switch|p1b: Torkoal|Torkoal, M, tera:Grass|3\/100\n|-weather|SunnyDay|[from] ability: Drought|[of] p1b: Torkoal\n|turn|4\n|\n|t:|1697380874\n|switch|p2b: Politoed|Politoed, M, shiny|100\/100\n|-weather|RainDance|[from] ability: Drizzle|[of] p2b: Politoed\n|move|p1b: Torkoal|Protect|p1b: Torkoal\n|-singleturn|p1b: Torkoal|Protect\n|move|p2a: Articuno|Expanding Force|p1a: Entei\n|-damage|p1a: Entei|41\/100\n|-damage|p2a: Articuno|91\/100|[from] item: Life Orb\n|move|p1a: Entei|Sacred Fire|p2b: Politoed\n|-resisted|p2b: Politoed\n|-damage|p2b: Politoed|81\/100\n|-status|p2b: Politoed|brn\n|\n|-weather|RainDance|[upkeep]\n|-damage|p2b: Politoed|75\/100 brn|[from] brn\n|upkeep\n|turn|5\n|-message|Nyx_The_Minx forfeited.\n|\n|win|psng\n|raw|Nyx_The_Minx's rating: 1260 &rarr; <strong>1225<\/strong><br \/>(-35 for losing)\n|raw|psng's rating: 1107 &rarr; <strong>1142<\/strong><br \/>(+35 for winning)\n|l|\u2606Nyx_The_Minx\n","uploadtime":1697380899,"views":6,"p1id":"nyxtheminx","p2id":"psng","formatid":"gen9nationaldexdoubles","rating":1142,"private":0,"password":""}