{"id":"gen9nationaldexdoubles-1955907543","p1":"tomciv20","p2":"labmonjo1210","format":"[Gen 9] National Dex Doubles","log":"|j|\u2606tomciv20\n|j|\u2606labmonjo1210\n|t:|1696041084\n|gametype|doubles\n|player|p1|tomciv20|169|\n|player|p2|labmonjo1210|169|\n|teamsize|p1|6\n|teamsize|p2|6\n|gen|9\n|tier|[Gen 9] National Dex Doubles\n|rule|HP Percentage Mod: HP is shown in percentages\n|rule|Endless Battle Clause: Forcing endless battles is banned\n|rule|OHKO Clause: OHKO moves are banned\n|rule|Evasion Moves Clause: Evasion moves are banned\n|rule|Evasion Abilities Clause: Evasion abilities are banned\n|rule|Species Clause: Limit one of each Pok\u00e9mon\n|rule|Gravity Sleep Clause: The combination of sleep-inducing moves with imperfect accuracy and Gravity or Gigantamax Orbeetle are banned\n|clearpoke\n|poke|p1|Dracovish|\n|poke|p1|Cursola, M|\n|poke|p1|Indeedee-F, F|\n|poke|p1|Armarouge, F|\n|poke|p1|Drifblim, F|\n|poke|p1|Glastrier|\n|poke|p2|Basculegion, M|\n|poke|p2|Scizor, F|\n|poke|p2|Goodra-Hisui, F|\n|poke|p2|Salazzle, F|\n|poke|p2|Toxtricity, M|\n|poke|p2|Terrakion|\n|teampreview\n|\n|t:|1696041100\n|start\n|switch|p1a: Indeedee|Indeedee-F, F|100\/100\n|switch|p1b: Armarouge|Armarouge, F|100\/100\n|switch|p2a: Beatrice|Salazzle, F, shiny|100\/100\n|switch|p2b: Morgana|Terrakion, shiny|100\/100\n|-fieldstart|move: Psychic Terrain|[from] ability: Psychic Surge|[of] p1a: Indeedee\n|turn|1\n|\n|t:|1696041146\n|-terastallize|p2a: Beatrice|Flying\n|-terastallize|p1b: Armarouge|Grass\n|move|p1a: Indeedee|Follow Me|p1a: Indeedee\n|-singleturn|p1a: Indeedee|move: Follow Me\n|move|p2a: Beatrice|Beat Up|p1a: Indeedee\n|-supereffective|p1a: Indeedee\n|-damage|p1a: Indeedee|97\/100\n|-supereffective|p1a: Indeedee\n|-damage|p1a: Indeedee|91\/100\n|-supereffective|p1a: Indeedee\n|-damage|p1a: Indeedee|85\/100\n|-supereffective|p1a: Indeedee\n|-damage|p1a: Indeedee|80\/100\n|-supereffective|p1a: Indeedee\n|-damage|p1a: Indeedee|74\/100\n|-supereffective|p1a: Indeedee\n|-damage|p1a: Indeedee|69\/100\n|-hitcount|p1a: Indeedee|6\n|move|p2b: Morgana|Earthquake|p1b: Armarouge|[spread] p1a,p1b\n|-immune|p2a: Beatrice\n|-resisted|p1b: Armarouge\n|-damage|p1a: Indeedee|43\/100\n|-damage|p1b: Armarouge|89\/100\n|-enditem|p1a: Indeedee|Sitrus Berry|[eat]\n|-heal|p1a: Indeedee|68\/100|[from] item: Sitrus Berry\n|move|p1b: Armarouge|Trick Room|p1b: Armarouge\n|-fieldstart|move: Trick Room|[of] p1b: Armarouge\n|\n|upkeep\n|turn|2\n|\n|t:|1696041183\n|switch|p2b: Robert|Goodra-Hisui, F, shiny|100\/100\n|move|p1b: Armarouge|Expanding Force|p2b: Robert|[spread] p2a,p2b\n|-resisted|p2b: Robert\n|-damage|p2a: Beatrice|0 fnt\n|-damage|p2b: Robert|74\/100\n|faint|p2a: Beatrice\n|-damage|p1b: Armarouge|79\/100|[from] item: Life Orb\n|move|p1a: Indeedee|Dazzling Gleam|p2b: Robert\n|-damage|p2b: Robert|63\/100\n|\n|upkeep\n|\n|t:|1696041193\n|switch|p2a: 15 Mins|Basculegion, M, shiny|100\/100\n|turn|3\n|\n|t:|1696041205\n|move|p1b: Armarouge|Expanding Force|p2a: 15 Mins|[spread] p2a,p2b\n|-resisted|p2b: Robert\n|-damage|p2a: 15 Mins|41\/100\n|-damage|p2b: Robert|34\/100\n|-damage|p1b: Armarouge|70\/100|[from] item: Life Orb\n|move|p2b: Robert|Ice Beam|p1b: Armarouge\n|-supereffective|p1b: Armarouge\n|-damage|p1b: Armarouge|0 fnt\n|faint|p1b: Armarouge\n|move|p1a: Indeedee|Dazzling Gleam|p2a: 15 Mins|[spread] p2a,p2b\n|-crit|p2b: Robert\n|-damage|p2a: 15 Mins|32\/100\n|-damage|p2b: Robert|21\/100\n|-enditem|p2b: Robert|Mago Berry|[eat]\n|-heal|p2b: Robert|54\/100|[from] item: Mago Berry\n|move|p2a: 15 Mins|Crunch|p1a: Indeedee\n|-supereffective|p1a: Indeedee\n|-damage|p1a: Indeedee|7\/100\n|\n|upkeep\n|\n|t:|1696041222\n|switch|p1b: Glastrier|Glastrier|100\/100\n|turn|4\n|\n|t:|1696041232\n|move|p1a: Indeedee|Protect|p1a: Indeedee\n|-singleturn|p1a: Indeedee|Protect\n|move|p2a: 15 Mins|Aqua Jet|p1a: Indeedee\n|-activate|p1a: Indeedee|move: Psychic Terrain\n|move|p1b: Glastrier|High Horsepower|p2b: Robert\n|-supereffective|p2b: Robert\n|-damage|p2b: Robert|0 fnt\n|-ability|p2b: Robert|Gooey\n|-unboost|p1b: Glastrier|spe|1\n|faint|p2b: Robert\n|-ability|p1b: Glastrier|Chilling Neigh|boost\n|-boost|p1b: Glastrier|atk|1\n|\n|upkeep\n|\n|t:|1696041240\n|switch|p2b: Morgana|Terrakion, shiny|100\/100\n|turn|5\n|\n|t:|1696041256\n|move|p2a: 15 Mins|Aqua Jet|p1a: Indeedee\n|-activate|p1a: Indeedee|move: Psychic Terrain\n|move|p1b: Glastrier|High Horsepower|p2b: Morgana|[miss]\n|-miss|p1b: Glastrier|p2b: Morgana\n|move|p1a: Indeedee|Dazzling Gleam|p2a: 15 Mins|[spread] p2a,p2b\n|-supereffective|p2b: Morgana\n|-damage|p2a: 15 Mins|23\/100\n|-damage|p2b: Morgana|70\/100\n|move|p2b: Morgana|Rock Slide|p1b: Glastrier|[spread] p1a,p1b\n|-supereffective|p1b: Glastrier\n|-damage|p1a: Indeedee|0 fnt\n|-damage|p1b: Glastrier|62\/100\n|-enditem|p1b: Glastrier|Weakness Policy\n|-boost|p1b: Glastrier|atk|2|[from] item: Weakness Policy\n|-boost|p1b: Glastrier|spa|2|[from] item: Weakness Policy\n|faint|p1a: Indeedee\n|\n|-fieldend|move: Trick Room\n|-fieldend|move: Psychic Terrain\n|upkeep\n|\n|t:|1696041313\n|switch|p1a: Drifblim|Drifblim, F|100\/100\n|turn|6\n|\n|t:|1696041320\n|move|p2b: Morgana|Sacred Sword|p1b: Glastrier\n|-supereffective|p1b: Glastrier\n|-damage|p1b: Glastrier|3\/100\n|move|p2a: 15 Mins|Last Respects|p1a: Drifblim\n|-supereffective|p1a: Drifblim\n|-crit|p1a: Drifblim\n|-damage|p1a: Drifblim|0 fnt\n|faint|p1a: Drifblim\n|move|p1b: Glastrier|High Horsepower|p2b: Morgana\n|-supereffective|p2b: Morgana\n|-damage|p2b: Morgana|0 fnt\n|faint|p2b: Morgana\n|-ability|p1b: Glastrier|Chilling Neigh|boost\n|-boost|p1b: Glastrier|atk|1\n|\n|upkeep\n|\n|t:|1696041355\n|switch|p2b: Citrus|Scizor, F, shiny|100\/100\n|switch|p1a: Cursola|Cursola, M|100\/100\n|turn|7\n|\n|t:|1696041377\n|detailschange|p2b: Citrus|Scizor-Mega, F, shiny\n|-mega|p2b: Citrus|Scizor|Scizorite\n|move|p2a: 15 Mins|Aqua Jet|p1b: Glastrier\n|-damage|p1b: Glastrier|0 fnt\n|faint|p1b: Glastrier\n|move|p2b: Citrus|Aerial Ace|p1a: Cursola\n|-damage|p1a: Cursola|56\/100\n|-ability|p1a: Cursola|Perish Body\n|move|p1a: Cursola|Shadow Ball|p2a: 15 Mins\n|-supereffective|p2a: 15 Mins\n|-damage|p2a: 15 Mins|0 fnt\n|faint|p2a: 15 Mins\n|\n|-start|p2b: Citrus|perish3\n|-start|p1a: Cursola|perish3\n|upkeep\n|\n|t:|1696041392\n|switch|p2a: Toxtricity|Toxtricity, M, shiny|100\/100\n|switch|p1b: Dracovish|Dracovish|100\/100\n|turn|8\n|\n|t:|1696041420\n|move|p2a: Toxtricity|Overdrive|p1b: Dracovish|[spread] p1a,p1b\n|-damage|p1a: Cursola|21\/100\n|-damage|p1b: Dracovish|56\/100\n|move|p2b: Citrus|Trailblaze|p1b: Dracovish\n|-damage|p1b: Dracovish|28\/100\n|-boost|p2b: Citrus|spe|1\n|move|p1b: Dracovish|Crunch|p2a: Toxtricity\n|-damage|p2a: Toxtricity|33\/100\n|-unboost|p2a: Toxtricity|def|1\n|-zpower|p1a: Cursola\n|move|p1a: Cursola|Never-Ending Nightmare|p2b: Citrus|[zeffect]\n|-damage|p2b: Citrus|19\/100\n|\n|-start|p2b: Citrus|perish2\n|-start|p1a: Cursola|perish2\n|upkeep\n|turn|9\n|\n|t:|1696041451\n|move|p2b: Citrus|Roost|p2b: Citrus\n|-heal|p2b: Citrus|69\/100\n|-singleturn|p2b: Citrus|move: Roost\n|move|p2a: Toxtricity|Overdrive|p1b: Dracovish|[spread] p1a,p1b\n|-damage|p1a: Cursola|0 fnt\n|-damage|p1b: Dracovish|0 fnt\n|faint|p1a: Cursola\n|faint|p1b: Dracovish\n|\n|win|labmonjo1210\n|l|\u2606labmonjo1210\n","uploadtime":1696041478,"views":15,"p1id":"tomciv20","p2id":"labmonjo1210","formatid":"gen9nationaldexdoubles","rating":0,"private":0,"password":""}