{"id":"gen9nationaldexdoubles-1963790970","p1":"Draggy Gutsfree","p2":"kelmo","format":"[Gen 9] National Dex Doubles","log":"|j|\u2606Draggy Gutsfree\n|j|\u2606kelmo\n|t:|1696900463\n|gametype|doubles\n|player|p1|Draggy Gutsfree|roxie|\n|player|p2|kelmo|boarder|\n|teamsize|p1|6\n|teamsize|p2|6\n|gen|9\n|tier|[Gen 9] National Dex Doubles\n|rule|HP Percentage Mod: HP is shown in percentages\n|rule|Endless Battle Clause: Forcing endless battles is banned\n|rule|OHKO Clause: OHKO moves are banned\n|rule|Evasion Moves Clause: Evasion moves are banned\n|rule|Evasion Abilities Clause: Evasion abilities are banned\n|rule|Species Clause: Limit one of each Pok\u00e9mon\n|rule|Gravity Sleep Clause: The combination of sleep-inducing moves with imperfect accuracy and Gravity or Gigantamax Orbeetle are banned\n|clearpoke\n|poke|p1|Sinistcha-Masterpiece|\n|poke|p1|Grimmsnarl, M|\n|poke|p1|Goodra-Hisui, M|\n|poke|p1|Darmanitan, F|\n|poke|p1|Gengar, M|\n|poke|p1|Glimmora, M|\n|poke|p2|Smeargle, M|\n|poke|p2|Cradily, M|\n|poke|p2|Cyndaquil, M|\n|poke|p2|Nidoking, M|\n|poke|p2|Clodsire, M|\n|poke|p2|Corviknight, F|\n|teampreview\n|\n|t:|1696900478\n|start\n|switch|p1a: Glimmora|Glimmora, M|100\/100\n|switch|p1b: Gengar|Gengar, M|100\/100\n|switch|p2a: Sriracha Mayo|Smeargle, M|100\/100\n|switch|p2b: Bossman|Corviknight, F|100\/100\n|turn|1\n|\n|t:|1696900494\n|move|p1b: Gengar|Shadow Ball|p2b: Bossman\n|-crit|p2b: Bossman\n|-damage|p2b: Bossman|3\/100\n|move|p2a: Sriracha Mayo|Sticky Web|p1b: Gengar\n|-sidestart|p1: Draggy Gutsfree|move: Sticky Web\n|move|p1a: Glimmora|Power Gem|p2b: Bossman\n|-damage|p2b: Bossman|0 fnt\n|faint|p2b: Bossman\n|\n|upkeep\n|\n|t:|1696900506\n|switch|p2b: Doggy|Clodsire, M|100\/100\n|turn|2\n|\n|t:|1696900513\n|move|p1b: Gengar|Shadow Ball|p2b: Doggy\n|-damage|p2b: Doggy|59\/100\n|move|p1a: Glimmora|Mortal Spin|p2a: Sriracha Mayo|[spread] p2a,p2b\n|-resisted|p2b: Doggy\n|-damage|p2a: Sriracha Mayo|88\/100\n|-damage|p2b: Doggy|58\/100\n|-status|p2a: Sriracha Mayo|psn\n|-sideend|p1: Draggy Gutsfree|Sticky Web|[from] move: Mortal Spin|[of] p1a: Glimmora\n|move|p2b: Doggy|Earthquake|p1a: Glimmora|[spread] p2a,p1a,p1b\n|-supereffective|p1a: Glimmora\n|-supereffective|p1b: Gengar\n|-damage|p2a: Sriracha Mayo|35\/100 psn\n|-damage|p1a: Glimmora|7\/100\n|-damage|p1b: Gengar|22\/100\n|-activate|p1a: Glimmora|ability: Toxic Debris\n|-sidestart|p2: kelmo|move: Toxic Spikes\n|move|p2a: Sriracha Mayo|Whirlwind|p1b: Gengar\n|drag|p1b: NiceToMatcha|Sinistcha-Masterpiece|100\/100\n|-heal|p1a: Glimmora|31\/100|[from] ability: Hospitality|[of] p1b: NiceToMatcha\n|\n|-heal|p2b: Doggy|64\/100|[from] item: Leftovers\n|-damage|p2a: Sriracha Mayo|23\/100 psn|[from] psn\n|upkeep\n|turn|3\n|\n|t:|1696900544\n|move|p2a: Sriracha Mayo|Toxic Thread|p1b: NiceToMatcha\n|-unboost|p1b: NiceToMatcha|spe|1\n|-status|p1b: NiceToMatcha|psn\n|move|p1a: Glimmora|Stealth Rock|p2a: Sriracha Mayo\n|-sidestart|p2: kelmo|move: Stealth Rock\n|move|p2b: Doggy|Spikes|p1b: NiceToMatcha\n|-sidestart|p1: Draggy Gutsfree|Spikes\n|move|p1b: NiceToMatcha|Matcha Gotcha|p2a: Sriracha Mayo|[spread] p2a,p2b\n|-damage|p2a: Sriracha Mayo|0 fnt\n|-damage|p2b: Doggy|43\/100\n|-status|p2b: Doggy|brn\n|faint|p2a: Sriracha Mayo\n|\n|-heal|p2b: Doggy|49\/100 brn|[from] item: Leftovers\n|-damage|p1b: NiceToMatcha|88\/100 psn|[from] psn\n|-damage|p2b: Doggy|43\/100 brn|[from] brn\n|upkeep\n|\n|t:|1696900571\n|switch|p2a: Kaiba|Nidoking, M, shiny|100\/100\n|-sideend|p2: kelmo|move: Toxic Spikes|[of] p2a: Kaiba\n|-damage|p2a: Kaiba|95\/100|[from] Stealth Rock\n|turn|4\n|\n|t:|1696900582\n|move|p1b: NiceToMatcha|Rage Powder|p1b: NiceToMatcha\n|-singleturn|p1b: NiceToMatcha|move: Rage Powder\n|move|p2a: Kaiba|Ice Beam|p1b: NiceToMatcha\n|-supereffective|p1b: NiceToMatcha\n|-damage|p1b: NiceToMatcha|14\/100 psn\n|-damage|p2a: Kaiba|85\/100|[from] item: Life Orb\n|move|p1a: Glimmora|Mortal Spin|p2a: Kaiba|[spread] p2a,p2b\n|-resisted|p2a: Kaiba\n|-resisted|p2b: Doggy\n|-damage|p2a: Kaiba|83\/100\n|-damage|p2b: Doggy|41\/100 brn\n|-sideend|p1: Draggy Gutsfree|Spikes|[from] move: Mortal Spin|[of] p1a: Glimmora\n|move|p2b: Doggy|Recover|p2b: Doggy\n|-heal|p2b: Doggy|91\/100 brn\n|\n|-heal|p2b: Doggy|98\/100 brn|[from] item: Leftovers\n|-heal|p1b: NiceToMatcha|20\/100 psn|[from] item: Leftovers\n|-damage|p1b: NiceToMatcha|7\/100 psn|[from] psn\n|-damage|p2b: Doggy|91\/100 brn|[from] brn\n|upkeep\n|turn|5\n|\n|t:|1696900606\n|move|p2a: Kaiba|Flamethrower|p1b: NiceToMatcha\n|-supereffective|p1b: NiceToMatcha\n|-damage|p1b: NiceToMatcha|0 fnt\n|faint|p1b: NiceToMatcha\n|-damage|p2a: Kaiba|73\/100|[from] item: Life Orb\n|move|p1a: Glimmora|Earth Power|p2a: Kaiba\n|-supereffective|p2a: Kaiba\n|-damage|p2a: Kaiba|0 fnt\n|faint|p2a: Kaiba\n|move|p2b: Doggy|Spikes|p1a: Glimmora\n|-sidestart|p1: Draggy Gutsfree|Spikes\n|\n|-heal|p2b: Doggy|98\/100 brn|[from] item: Leftovers\n|-damage|p2b: Doggy|91\/100 brn|[from] brn\n|upkeep\n|\n|t:|1696900623\n|switch|p2a: Grown Ass Man|Cyndaquil, M|100\/100\n|switch|p1b: Bricked Up|Grimmsnarl, M, shiny|100\/100\n|-damage|p2a: Grown Ass Man|76\/100|[from] Stealth Rock\n|-damage|p1b: Bricked Up|88\/100|[from] Spikes\n|turn|6\n|\n|t:|1696900633\n|move|p1b: Bricked Up|Light Screen|p1b: Bricked Up\n|-sidestart|p1: Draggy Gutsfree|move: Light Screen\n|move|p2a: Grown Ass Man|Eruption|p1a: Glimmora|[spread] p1a,p1b\n|-resisted|p1a: Glimmora\n|-crit|p1a: Glimmora\n|-damage|p1a: Glimmora|6\/100\n|-damage|p1b: Bricked Up|70\/100\n|move|p1a: Glimmora|Mortal Spin|p2a: Grown Ass Man|[spread] p2a,p2b\n|-resisted|p2b: Doggy\n|-damage|p2a: Grown Ass Man|64\/100\n|-damage|p2b: Doggy|90\/100 brn\n|-status|p2a: Grown Ass Man|psn\n|-sideend|p1: Draggy Gutsfree|Spikes|[from] move: Mortal Spin|[of] p1a: Glimmora\n|move|p2b: Doggy|Earthquake|p1b: Bricked Up|[spread] p2a,p1a,p1b\n|-supereffective|p2a: Grown Ass Man\n|-supereffective|p1a: Glimmora\n|-damage|p2a: Grown Ass Man|11\/100 psn\n|-damage|p1a: Glimmora|0 fnt\n|-damage|p1b: Bricked Up|62\/100\n|-activate|p1a: Glimmora|ability: Toxic Debris\n|-sidestart|p2: kelmo|move: Toxic Spikes\n|faint|p1a: Glimmora\n|\n|-heal|p2b: Doggy|96\/100 brn|[from] item: Leftovers\n|-damage|p2a: Grown Ass Man|0 fnt|[from] psn\n|faint|p2a: Grown Ass Man\n|-damage|p2b: Doggy|90\/100 brn|[from] brn\n|upkeep\n|\n|t:|1696900657\n|switch|p1a: Darmanitan|Darmanitan, F|100\/100\n|switch|p2a: EEK!|Cradily, M, shiny|100\/100\n|-damage|p2a: EEK!|88\/100|[from] Stealth Rock\n|-status|p2a: EEK!|psn\n|turn|7\n|\n|t:|1696900679\n|move|p1b: Bricked Up|Taunt|p2b: Doggy\n|-start|p2b: Doggy|move: Taunt\n|move|p1a: Darmanitan|Rock Slide|p2b: Doggy|[spread] p2a,p2b\n|-resisted|p2b: Doggy\n|-damage|p2a: EEK!|51\/100 psn\n|-damage|p2b: Doggy|72\/100 brn\n|cant|p2b: Doggy|move: Taunt|Toxic\n|move|p2a: EEK!|Toxic|p1b: Bricked Up\n|-status|p1b: Bricked Up|tox\n|\n|-heal|p2b: Doggy|78\/100 brn|[from] item: Leftovers\n|-heal|p2a: EEK!|57\/100 psn|[from] item: Leftovers\n|-damage|p1b: Bricked Up|56\/100 tox|[from] psn\n|-damage|p2a: EEK!|45\/100 psn|[from] psn\n|-damage|p2b: Doggy|72\/100 brn|[from] brn\n|upkeep\n|turn|8\n|\n|t:|1696900696\n|move|p1b: Bricked Up|Taunt|p2a: EEK!\n|-start|p2a: EEK!|move: Taunt\n|move|p1a: Darmanitan|Rock Slide|p2b: Doggy|[spread] p2b\n|-miss|p1a: Darmanitan|p2a: EEK!\n|-resisted|p2b: Doggy\n|-damage|p2b: Doggy|53\/100 brn\n|move|p2b: Doggy|Earthquake|p1b: Bricked Up|[spread] p2a,p1a,p1b\n|-supereffective|p1a: Darmanitan\n|-damage|p2a: EEK!|35\/100 psn\n|-damage|p1a: Darmanitan|72\/100\n|-damage|p1b: Bricked Up|47\/100 tox\n|cant|p2a: EEK!|move: Taunt|Recover\n|\n|-heal|p2b: Doggy|59\/100 brn|[from] item: Leftovers\n|-heal|p2a: EEK!|41\/100 psn|[from] item: Leftovers\n|-damage|p1b: Bricked Up|35\/100 tox|[from] psn\n|-damage|p2a: EEK!|29\/100 psn|[from] psn\n|-damage|p2b: Doggy|53\/100 brn|[from] brn\n|upkeep\n|turn|9\n|\n|t:|1696900718\n|move|p1a: Darmanitan|Flare Blitz|p2b: Doggy\n|-damage|p2b: Doggy|0 fnt\n|faint|p2b: Doggy\n|-damage|p1a: Darmanitan|50\/100|[from] Recoil\n|move|p1b: Bricked Up|Play Rough|p2a: EEK!\n|-damage|p2a: EEK!|0 fnt\n|faint|p2a: EEK!\n|\n|win|Draggy Gutsfree\n","uploadtime":1696900728,"views":9,"p1id":"draggygutsfree","p2id":"kelmo","formatid":"gen9nationaldexdoubles","rating":0,"private":0,"password":""}