{"id":"gen9nationaldexdoubles-1998480466","p1":"imwearingyourCUH","p2":"Vaporstar07","format":"[Gen 9] National Dex Doubles","log":"|j|\u2606imwearingyourCUH\n|j|\u2606Vaporstar07\n|t:|1700947101\n|gametype|doubles\n|player|p1|imwearingyourCUH|n|1071\n|player|p2|Vaporstar07|caitlin|1199\n|teamsize|p1|6\n|teamsize|p2|6\n|gen|9\n|tier|[Gen 9] National Dex Doubles\n|rated|\n|rule|HP Percentage Mod: HP is shown in percentages\n|rule|Endless Battle Clause: Forcing endless battles is banned\n|rule|OHKO Clause: OHKO moves are banned\n|rule|Evasion Moves Clause: Evasion moves are banned\n|rule|Evasion Abilities Clause: Evasion abilities are banned\n|rule|Species Clause: Limit one of each Pok\u00e9mon\n|rule|Gravity Sleep Clause: The combination of sleep-inducing moves with imperfect accuracy and Gravity or Gigantamax Orbeetle are banned\n|clearpoke\n|poke|p1|Cinderace, M|\n|poke|p1|Eiscue, M|\n|poke|p1|Flutter Mane|\n|poke|p1|Scizor, M|\n|poke|p1|Haxorus, M|\n|poke|p1|Torterra, M|\n|poke|p2|Infernape, M|\n|poke|p2|Sylveon, F|\n|poke|p2|Chien-Pao|\n|poke|p2|Umbreon, M|\n|poke|p2|Volcarona, F|\n|poke|p2|Greninja-*, M|\n|teampreview\n|inactive|Battle timer is ON: inactive players will automatically lose when time's up. (requested by imwearingyourCUH)\n|\n|t:|1700947111\n|start\n|switch|p1a: Flutter Mane|Flutter Mane, shiny|100\/100\n|switch|p1b: Eiscue|Eiscue, M, shiny|100\/100\n|switch|p2a: Chien-Pao|Chien-Pao|100\/100\n|switch|p2b: Volcarona|Volcarona, F, shiny|100\/100\n|-ability|p2a: Chien-Pao|Sword of Ruin\n|-enditem|p1a: Flutter Mane|Booster Energy\n|-activate|p1a: Flutter Mane|ability: Protosynthesis|[fromitem]\n|-start|p1a: Flutter Mane|protosynthesisspe\n|turn|1\n|inactive|imwearingyourCUH has 120 seconds left.\n|\n|t:|1700947144\n|move|p1a: Flutter Mane|Dazzling Gleam|p2b: Volcarona|[spread] p2a,p2b\n|-supereffective|p2a: Chien-Pao\n|-resisted|p2b: Volcarona\n|-damage|p2a: Chien-Pao|1\/100\n|-damage|p2b: Volcarona|85\/100\n|move|p2a: Chien-Pao|Crunch|p1a: Flutter Mane\n|-damage|p1a: Flutter Mane|0 fnt\n|faint|p1a: Flutter Mane\n|-end|p1a: Flutter Mane|Protosynthesis|[silent]\n|move|p2b: Volcarona|Quiver Dance|p2b: Volcarona\n|-boost|p2b: Volcarona|spa|1\n|-boost|p2b: Volcarona|spd|1\n|-boost|p2b: Volcarona|spe|1\n|move|p1b: Eiscue|Belly Drum|p1b: Eiscue\n|-damage|p1b: Eiscue|51\/100\n|-setboost|p1b: Eiscue|atk|6|[from] move: Belly Drum\n|\n|upkeep\n|inactive|imwearingyourCUH has 120 seconds left.\n|\n|t:|1700947161\n|switch|p1a: Scizor|Scizor, M, shiny|100\/100\n|turn|2\n|c|\u2606Vaporstar07|1 hp in a dream\n|\n|t:|1700947173\n|-terastallize|p1a: Scizor|Flying\n|move|p1a: Scizor|Bullet Punch|p2a: Chien-Pao\n|-supereffective|p2a: Chien-Pao\n|-damage|p2a: Chien-Pao|0 fnt\n|faint|p2a: Chien-Pao\n|-damage|p1a: Scizor|91\/100|[from] item: Life Orb\n|move|p2b: Volcarona|Heat Wave|p1a: Scizor|[spread] p1a,p1b\n|-supereffective|p1b: Eiscue\n|-damage|p1a: Scizor|22\/100\n|-damage|p1b: Eiscue|0 fnt\n|faint|p1b: Eiscue\n|\n|upkeep\n|\n|t:|1700947191\n|switch|p2a: Greninja|Greninja, M, shiny|100\/100\n|switch|p1b: Cinderace|Cinderace, M, shiny|100\/100\n|turn|3\n|inactive|imwearingyourCUH has 120 seconds left.\n|\n|t:|1700947227\n|move|p2a: Greninja|Water Shuriken|p1b: Cinderace\n|-supereffective|p1b: Cinderace\n|-damage|p1b: Cinderace|82\/100\n|-supereffective|p1b: Cinderace\n|-damage|p1b: Cinderace|63\/100\n|-supereffective|p1b: Cinderace\n|-damage|p1b: Cinderace|43\/100\n|-supereffective|p1b: Cinderace\n|-damage|p1b: Cinderace|25\/100\n|-hitcount|p1b: Cinderace|4\n|move|p1b: Cinderace|Sucker Punch||[still]\n|-fail|p1b: Cinderace\n|move|p2b: Volcarona|Fiery Dance|p1a: Scizor\n|-damage|p1a: Scizor|0 fnt\n|-boost|p2b: Volcarona|spa|1\n|faint|p1a: Scizor\n|\n|upkeep\n|\n|t:|1700947243\n|switch|p1a: Haxorus|Haxorus, M, shiny|100\/100\n|turn|4\n|inactive|imwearingyourCUH has 120 seconds left.\n|\n|t:|1700947257\n|move|p2a: Greninja|Water Shuriken|p1b: Cinderace\n|-supereffective|p1b: Cinderace\n|-damage|p1b: Cinderace|7\/100\n|-supereffective|p1b: Cinderace\n|-damage|p1b: Cinderace|0 fnt\n|faint|p1b: Cinderace\n|-hitcount|p1: Cinderace|2\n|move|p2b: Volcarona|Bug Buzz|p1a: Haxorus\n|-enditem|p1a: Haxorus|Focus Sash\n|-damage|p1a: Haxorus|1\/100\n|move|p1a: Haxorus|Dragon Dance|p1a: Haxorus\n|-boost|p1a: Haxorus|atk|1\n|-boost|p1a: Haxorus|spe|1\n|\n|upkeep\n|inactive|imwearingyourCUH has 120 seconds left.\n|\n|t:|1700947276\n|switch|p1b: Torterra|Torterra, M|100\/100\n|turn|5\n|inactive|imwearingyourCUH has 120 seconds left.\n|\n|t:|1700947312\n|move|p2a: Greninja|Water Shuriken|p1a: Haxorus\n|-resisted|p1a: Haxorus\n|-damage|p1a: Haxorus|0 fnt\n|faint|p1a: Haxorus\n|-hitcount|p1: Haxorus|1\n|move|p2b: Volcarona|Bug Buzz|p1b: Torterra\n|-supereffective|p1b: Torterra\n|-damage|p1b: Torterra|0 fnt\n|faint|p1b: Torterra\n|\n|win|Vaporstar07\n|raw|imwearingyourCUH's rating: 1071 &rarr; <strong>1058<\/strong><br \/>(-13 for losing)\n|raw|Vaporstar07's rating: 1199 &rarr; <strong>1215<\/strong><br \/>(+16 for winning)\n|l|\u2606imwearingyourCUH\n","uploadtime":1700947324,"views":0,"p1id":"imwearingyourcuh","p2id":"vaporstar07","formatid":"gen9nationaldexdoubles","rating":1058,"private":0,"password":""}