{"id":"gen9nationaldexdoubles-1955830231","p1":"PatrickMatrix","p2":"Mistol","format":"[Gen 9] National Dex Doubles","log":"|j|\u2606PatrickMatrix\n|j|\u2606Mistol\n|t:|1696032568\n|gametype|doubles\n|player|p1|PatrickMatrix|emmet|\n|player|p2|Mistol|scientist-gen4|\n|teamsize|p1|6\n|teamsize|p2|6\n|gen|9\n|tier|[Gen 9] National Dex Doubles\n|rule|HP Percentage Mod: HP is shown in percentages\n|rule|Endless Battle Clause: Forcing endless battles is banned\n|rule|OHKO Clause: OHKO moves are banned\n|rule|Evasion Moves Clause: Evasion moves are banned\n|rule|Evasion Abilities Clause: Evasion abilities are banned\n|rule|Species Clause: Limit one of each Pok\u00e9mon\n|rule|Gravity Sleep Clause: The combination of sleep-inducing moves with imperfect accuracy and Gravity or Gigantamax Orbeetle are banned\n|clearpoke\n|poke|p1|Slowbro, M|\n|poke|p1|Miltank, F|\n|poke|p1|Togekiss, M|\n|poke|p1|Gengar, M|\n|poke|p1|Tinkaton, F|\n|poke|p1|Dragonite, F|\n|poke|p2|Clefable, F|\n|poke|p2|Gardevoir, F|\n|poke|p2|Polteageist|\n|poke|p2|Ludicolo, M|\n|poke|p2|Illumise, F|\n|poke|p2|Wigglytuff, M|\n|teampreview\n|j| Beagles725\n|j| KillerCage2\n|j| Joel Leepine\n|\n|t:|1696032673\n|start\n|switch|p1a: HUGS|Dragonite, F|100\/100\n|switch|p1b: Cow|Miltank, F|100\/100\n|switch|p2a: Dud|Illumise, F|100\/100\n|switch|p2b: T|Polteageist|100\/100\n|turn|1\n|\n|t:|1696032686\n|move|p1b: Cow|Metronome|p1b: Cow\n|move|p1b: Cow|Dark Pulse|p2b: T|[from]move: Metronome\n|-supereffective|p2b: T\n|-damage|p2b: T|81\/100\n|move|p2b: T|Metronome|p2b: T\n|move|p2b: T|Spacial Rend|p1a: HUGS|[from]move: Metronome\n|-supereffective|p1a: HUGS\n|-damage|p1a: HUGS|76\/100\n|move|p2a: Dud|Metronome|p2a: Dud\n|move|p2a: Dud|Sandstorm|p2a: Dud|[from]move: Metronome\n|-weather|Sandstorm\n|move|p1a: HUGS|Metronome|p1a: HUGS\n|move|p1a: HUGS|Matcha Gotcha|p2b: T|[from]move: Metronome|[spread] p2a,p2b\n|-resisted|p2a: Dud\n|-damage|p2a: Dud|94\/100\n|-heal|p1a: HUGS|79\/100|[from] drain|[of] p2a: Dud\n|-damage|p2b: T|66\/100\n|-heal|p1a: HUGS|84\/100|[from] drain|[of] p2b: T\n|\n|-weather|Sandstorm|[upkeep]\n|-damage|p1b: Cow|94\/100|[from] Sandstorm\n|-damage|p2b: T|60\/100|[from] Sandstorm\n|-damage|p2a: Dud|88\/100|[from] Sandstorm\n|-damage|p1a: HUGS|78\/100|[from] Sandstorm\n|upkeep\n|turn|2\n|\n|t:|1696032706\n|move|p1b: Cow|Metronome|p1b: Cow\n|move|p1b: Cow|Aromatic Mist|p1a: HUGS|[from]move: Metronome\n|-boost|p1a: HUGS|spd|1\n|move|p2b: T|Metronome|p2b: T\n|move|p2b: T|Stomp|p1b: Cow|[from]move: Metronome\n|-damage|p1b: Cow|88\/100\n|move|p2a: Dud|Metronome|p2a: Dud\n|move|p2a: Dud|Mud Shot|p1b: Cow|[from]move: Metronome\n|-damage|p1b: Cow|78\/100\n|-unboost|p1b: Cow|spe|1\n|move|p1a: HUGS|Metronome|p1a: HUGS\n|move|p1a: HUGS|Charm|p2b: T|[from]move: Metronome\n|-unboost|p2b: T|atk|2\n|\n|-weather|Sandstorm|[upkeep]\n|-damage|p2b: T|54\/100|[from] Sandstorm\n|-damage|p2a: Dud|82\/100|[from] Sandstorm\n|-damage|p1a: HUGS|71\/100|[from] Sandstorm\n|-damage|p1b: Cow|72\/100|[from] Sandstorm\n|upkeep\n|turn|3\n|\n|t:|1696032722\n|move|p2b: T|Metronome|p2b: T\n|move|p2b: T|Bitter Malice|p1a: HUGS|[from]move: Metronome\n|-damage|p1a: HUGS|51\/100\n|-unboost|p1a: HUGS|atk|1\n|move|p2a: Dud|Metronome|p2a: Dud\n|move|p2a: Dud|Growth|p2a: Dud|[from]move: Metronome\n|-boost|p2a: Dud|atk|1\n|-boost|p2a: Dud|spa|1\n|move|p1a: HUGS|Metronome|p1a: HUGS\n|move|p1a: HUGS|Fire Lash|p2a: Dud|[from]move: Metronome\n|-supereffective|p2a: Dud\n|-damage|p2a: Dud|33\/100\n|-unboost|p2a: Dud|def|1\n|move|p1b: Cow|Metronome|p1b: Cow\n|move|p1b: Cow|Vise Grip|p2b: T|[from]move: Metronome\n|-immune|p2b: T\n|\n|-weather|Sandstorm|[upkeep]\n|-damage|p2b: T|48\/100|[from] Sandstorm\n|-damage|p2a: Dud|27\/100|[from] Sandstorm\n|-damage|p1a: HUGS|45\/100|[from] Sandstorm\n|-damage|p1b: Cow|66\/100|[from] Sandstorm\n|upkeep\n|turn|4\n|\n|t:|1696032742\n|move|p2b: T|Metronome|p2b: T\n|move|p2b: T|Speed Swap|p1a: HUGS|[from]move: Metronome\n|-activate|p2b: T|move: Speed Swap|[of] p1a: HUGS\n|move|p1a: HUGS|Metronome|p1a: HUGS\n|move|p1a: HUGS|Blizzard|p2a: Dud|[from]move: Metronome|[spread] \n|-miss|p1a: HUGS|p2a: Dud\n|-miss|p1a: HUGS|p2b: T\n|move|p2a: Dud|Metronome|p2a: Dud\n|move|p2a: Dud|Worry Seed|p1b: Cow|[from]move: Metronome\n|-endability|p1b: Cow|Thick Fat|[from] move: Worry Seed\n|-ability|p1b: Cow|Insomnia|[from] move: Worry Seed\n|move|p1b: Cow|Metronome|p1b: Cow\n|move|p1b: Cow|Solar Beam||[from]move: Metronome|[still]\n|-prepare|p1b: Cow|Solar Beam\n|\n|-weather|Sandstorm|[upkeep]\n|-damage|p1a: HUGS|39\/100|[from] Sandstorm\n|-damage|p2a: Dud|21\/100|[from] Sandstorm\n|-damage|p2b: T|42\/100|[from] Sandstorm\n|-damage|p1b: Cow|60\/100|[from] Sandstorm\n|upkeep\n|turn|5\n|\n|t:|1696032759\n|move|p1a: HUGS|Metronome|p1a: HUGS\n|move|p1a: HUGS|Struggle Bug|p2a: Dud|[from]move: Metronome|[spread] p2a,p2b\n|-resisted|p2b: T\n|-damage|p2a: Dud|12\/100\n|-damage|p2b: T|38\/100\n|-unboost|p2a: Dud|spa|1\n|-unboost|p2b: T|spa|1\n|move|p2a: Dud|Metronome|p2a: Dud\n|move|p2a: Dud|Bind|p1a: HUGS|[from]move: Metronome\n|-damage|p1a: HUGS|36\/100\n|-activate|p1a: HUGS|move: Bind|[of] p2a: Dud\n|move|p2b: T|Metronome|p2b: T\n|move|p2b: T|Fury Cutter|p1a: HUGS|[from]move: Metronome\n|-resisted|p1a: HUGS\n|-damage|p1a: HUGS|35\/100\n|move|p1b: Cow|Solar Beam|p2b: T|[from]lockedmove\n|-damage|p2b: T|31\/100\n|\n|-weather|none\n|-damage|p1a: HUGS|23\/100|[from] move: Bind|[partiallytrapped]\n|upkeep\n|turn|6\n|\n|t:|1696032776\n|move|p1a: HUGS|Metronome|p1a: HUGS\n|move|p1a: HUGS|Lock-On|p2b: T|[from]move: Metronome\n|-activate|p1a: HUGS|move: Lock-On|[of] p2b: T\n|move|p2a: Dud|Metronome|p2a: Dud\n|move|p2a: Dud|Wonder Room|p2a: Dud|[from]move: Metronome\n|-fieldstart|move: Wonder Room|[of] p2a: Dud\n|move|p2b: T|Metronome|p2b: T\n|move|p2b: T|Simple Beam|p1a: HUGS|[from]move: Metronome\n|-endability|p1a: HUGS|Multiscale|[from] move: Simple Beam\n|-ability|p1a: HUGS|Simple|[from] move: Simple Beam\n|move|p1b: Cow|Metronome|p1b: Cow\n|move|p1b: Cow|Safeguard|p1b: Cow|[from]move: Metronome\n|-sidestart|p1: PatrickMatrix|Safeguard\n|\n|-damage|p1a: HUGS|10\/100|[from] move: Bind|[partiallytrapped]\n|upkeep\n|turn|7\n|\n|t:|1696032791\n|move|p1a: HUGS|Metronome|p1a: HUGS\n|move|p1a: HUGS|Axe Kick|p2a: Dud|[from]move: Metronome\n|-resisted|p2a: Dud\n|-damage|p2a: Dud|0 fnt\n|faint|p2a: Dud\n|move|p2b: T|Metronome|p2b: T\n|move|p2b: T|Nuzzle|p1a: HUGS|[from]move: Metronome\n|-damage|p1a: HUGS|9\/100\n|move|p1b: Cow|Metronome|p1b: Cow\n|move|p1b: Cow|Leaf Blade|p2b: T|[from]move: Metronome\n|-damage|p2b: T|10\/100\n|-ability|p2b: T|Weak Armor|boost\n|-unboost|p2b: T|def|1\n|-boost|p2b: T|spe|2\n|\n|-end|p1a: HUGS|Bind|[partiallytrapped]|[silent]\n|upkeep\n|\n|t:|1696032806\n|switch|p2a: Minor B.|Ludicolo, M|100\/100\n|turn|8\n|\n|t:|1696032812\n|move|p2b: T|Metronome|p2b: T\n|move|p2b: T|Head Smash|p1a: HUGS|[from]move: Metronome\n|-supereffective|p1a: HUGS\n|-damage|p1a: HUGS|0 fnt\n|faint|p1a: HUGS\n|-damage|p2b: T|4\/100|[from] Recoil\n|move|p1b: Cow|Metronome|p1b: Cow\n|move|p1b: Cow|Stun Spore|p2a: Minor B.|[from]move: Metronome\n|-immune|p2a: Minor B.\n|move|p2a: Minor B.|Metronome|p2a: Minor B.\n|move|p2a: Minor B.|Milk Drink||[from]move: Metronome|[still]\n|-fail|p2a: Minor B.|heal\n|\n|upkeep\n|\n|t:|1696032832\n|switch|p1a: Gremlin|Tinkaton, F|100\/100\n|-ability|p1a: Gremlin|Mold Breaker\n|turn|9\n|\n|t:|1696032844\n|move|p2b: T|Metronome|p2b: T\n|move|p2b: T|Focus Blast|p1b: Cow|[from]move: Metronome\n|-supereffective|p1b: Cow\n|-damage|p1b: Cow|25\/100\n|move|p1a: Gremlin|Metronome|p1a: Gremlin\n|move|p1a: Gremlin|Shadow Sneak|p2a: Minor B.|[from]move: Metronome\n|-damage|p2a: Minor B.|92\/100\n|move|p1b: Cow|Metronome|p1b: Cow\n|move|p1b: Cow|Will-O-Wisp|p2b: T|[from]move: Metronome\n|-status|p2b: T|brn\n|move|p2a: Minor B.|Metronome|p2a: Minor B.\n|move|p2a: Minor B.|Surf|p1a: Gremlin|[from]move: Metronome|[spread] p2b,p1a,p1b\n|-damage|p2b: T|0 fnt\n|-damage|p1a: Gremlin|71\/100\n|-damage|p1b: Cow|9\/100\n|faint|p2b: T\n|\n|upkeep\n|\n|t:|1696032860\n|switch|p2b: Luna|Clefable, F|100\/100\n|turn|10\n|\n|t:|1696032863\n|move|p1a: Gremlin|Metronome|p1a: Gremlin\n|move|p1a: Gremlin|Freeze-Dry|p2b: Luna|[from]move: Metronome\n|-damage|p2b: Luna|90\/100\n|move|p1b: Cow|Metronome|p1b: Cow\n|move|p1b: Cow|Heat Crash|p2b: Luna|[from]move: Metronome\n|-damage|p2b: Luna|84\/100\n|move|p2a: Minor B.|Metronome|p2a: Minor B.\n|move|p2a: Minor B.|Aerial Ace|p1a: Gremlin|[from]move: Metronome\n|-resisted|p1a: Gremlin\n|-damage|p1a: Gremlin|67\/100\n|move|p2b: Luna|Metronome|p2b: Luna\n|move|p2b: Luna|Frost Breath|p1a: Gremlin|[from]move: Metronome|[miss]\n|-miss|p2b: Luna|p1a: Gremlin\n|\n|-sideend|p1: PatrickMatrix|Safeguard\n|-fieldend|move: Wonder Room\n|upkeep\n|turn|11\n|\n|t:|1696032878\n|move|p1a: Gremlin|Metronome|p1a: Gremlin\n|move|p1a: Gremlin|Iron Head|p2b: Luna|[from]move: Metronome\n|-supereffective|p2b: Luna\n|-damage|p2b: Luna|27\/100\n|move|p1b: Cow|Metronome|p1b: Cow\n|move|p1b: Cow|Sky Attack||[from]move: Metronome|[still]\n|-prepare|p1b: Cow|Sky Attack\n|move|p2a: Minor B.|Metronome|p2a: Minor B.\n|move|p2a: Minor B.|Heal Bell||[from]move: Metronome|[still]\n|-activate|p2a: Minor B.|move: Heal Bell\n|-fail|p2a: Minor B.\n|move|p2b: Luna|Metronome|p2b: Luna\n|move|p2b: Luna|Tail Whip|p1a: Gremlin|[from]move: Metronome|[spread] p1a,p1b\n|-unboost|p1a: Gremlin|def|1\n|-unboost|p1b: Cow|def|1\n|\n|upkeep\n|turn|12\n|\n|t:|1696032892\n|move|p1a: Gremlin|Metronome|p1a: Gremlin\n|move|p1a: Gremlin|Power Trick|p1a: Gremlin|[from]move: Metronome\n|-start|p1a: Gremlin|Power Trick\n|move|p1b: Cow|Sky Attack|p2b: Luna|[from]lockedmove|[miss]\n|-miss|p1b: Cow|p2b: Luna\n|move|p2a: Minor B.|Metronome|p2a: Minor B.\n|move|p2a: Minor B.|Happy Hour|p2a: Minor B.|[from]move: Metronome\n|move|p2b: Luna|Metronome|p2b: Luna\n|move|p2b: Luna|Chloroblast|p1b: Cow|[from]move: Metronome\n|-damage|p1b: Cow|0 fnt\n|faint|p1b: Cow\n|\n|upkeep\n|\n|t:|1696032908\n|switch|p1b: Thanathos|Gengar, M|100\/100\n|turn|13\n|\n|t:|1696032913\n|move|p1b: Thanathos|Metronome|p1b: Thanathos\n|move|p1b: Thanathos|Struggle Bug|p2a: Minor B.|[from]move: Metronome|[spread] p2a,p2b\n|-supereffective|p2a: Minor B.\n|-resisted|p2b: Luna\n|-damage|p2a: Minor B.|68\/100\n|-damage|p2b: Luna|23\/100\n|-unboost|p2a: Minor B.|spa|1\n|-unboost|p2b: Luna|spa|1\n|move|p1a: Gremlin|Metronome|p1a: Gremlin\n|move|p1a: Gremlin|Body Slam|p2b: Luna|[from]move: Metronome\n|-damage|p2b: Luna|7\/100\n|-status|p2b: Luna|par\n|move|p2a: Minor B.|Metronome|p2a: Minor B.\n|move|p2a: Minor B.|Iron Head|p1a: Gremlin|[from]move: Metronome\n|-damage|p1a: Gremlin|50\/100\n|cant|p2b: Luna|par\n|\n|upkeep\n|turn|14\n|\n|t:|1696032928\n|move|p1b: Thanathos|Metronome|p1b: Thanathos\n|move|p1b: Thanathos|Pain Split|p2b: Luna|[from]move: Metronome\n|-sethp|p2b: Luna|37\/100 par|[from] move: Pain Split|[silent]\n|-sethp|p1b: Thanathos|55\/100|[from] move: Pain Split\n|move|p1a: Gremlin|Metronome|p1a: Gremlin\n|move|p1a: Gremlin|Phantom Force||[from]move: Metronome|[still]\n|-prepare|p1a: Gremlin|Phantom Force\n|move|p2a: Minor B.|Metronome|p2a: Minor B.\n|move|p2a: Minor B.|Fairy Lock|p2a: Minor B.|[from]move: Metronome\n|-fieldactivate|move: Fairy Lock\n|move|p2b: Luna|Metronome|p2b: Luna\n|move|p2b: Luna|Mystical Power|p1a: Gremlin|[from]move: Metronome|[miss]\n|-miss|p2b: Luna|p1a: Gremlin\n|\n|upkeep\n|turn|15\n|\n|t:|1696032940\n|move|p1b: Thanathos|Metronome|p1b: Thanathos\n|move|p1b: Thanathos|Zen Headbutt|p2a: Minor B.|[from]move: Metronome\n|-damage|p2a: Minor B.|55\/100\n|move|p1a: Gremlin|Phantom Force|p2a: Minor B.|[from]lockedmove\n|-damage|p2a: Minor B.|37\/100\n|cant|p2a: Minor B.|flinch\n|move|p2b: Luna|Metronome|p2b: Luna\n|move|p2b: Luna|Astonish|p1b: Thanathos|[from]move: Metronome\n|-supereffective|p1b: Thanathos\n|-damage|p1b: Thanathos|36\/100\n|-start|p2b: Luna|Disable|Metronome|[from] ability: Cursed Body|[of] p1b: Thanathos\n|\n|upkeep\n|turn|16\n|\n|t:|1696032953\n|move|p1b: Thanathos|Metronome|p1b: Thanathos\n|move|p1b: Thanathos|Hyper Voice|p2a: Minor B.|[from]move: Metronome|[spread] p2a,p2b\n|-damage|p2a: Minor B.|17\/100\n|-damage|p2b: Luna|19\/100 par\n|move|p1a: Gremlin|Metronome|p1a: Gremlin\n|move|p1a: Gremlin|Feather Dance|p2a: Minor B.|[from]move: Metronome\n|-unboost|p2a: Minor B.|atk|2\n|move|p2a: Minor B.|Metronome|p2a: Minor B.\n|move|p2a: Minor B.|Icicle Spear|p1b: Thanathos|[from]move: Metronome\n|-damage|p1b: Thanathos|32\/100\n|-start|p2a: Minor B.|Disable|Metronome|[from] ability: Cursed Body|[of] p1b: Thanathos\n|-damage|p1b: Thanathos|27\/100\n|-hitcount|p1b: Thanathos|2\n|-activate|p2b: Luna|move: Struggle\n|move|p2b: Luna|Struggle|p1b: Thanathos\n|-damage|p1b: Thanathos|12\/100\n|-damage|p2b: Luna|0 fnt|[from] recoil\n|faint|p2b: Luna\n|\n|upkeep\n|\n|t:|1696032976\n|switch|p2b: Seraphim|Gardevoir, F|100\/100\n|-ability|p2b: Seraphim|Mold Breaker\n|-ability|p2b: Seraphim|Mold Breaker|[from] ability: Trace|[of] p1a: Gremlin\n|turn|17\n|\n|t:|1696032986\n|switch|p2a: Wigglytuff|Wigglytuff, M|100\/100\n|move|p1b: Thanathos|Metronome|p1b: Thanathos\n|move|p1b: Thanathos|Sticky Web|p2b: Seraphim|[from]move: Metronome\n|-sidestart|p2: Mistol|move: Sticky Web\n|move|p2b: Seraphim|Metronome|p2b: Seraphim\n|move|p2b: Seraphim|Darkest Lariat|p1b: Thanathos|[from]move: Metronome\n|-supereffective|p1b: Thanathos\n|-damage|p1b: Thanathos|0 fnt\n|faint|p1b: Thanathos\n|move|p1a: Gremlin|Metronome|p1a: Gremlin\n|move|p1a: Gremlin|Revelation Dance|p2a: Wigglytuff|[from]move: Metronome\n|-damage|p2a: Wigglytuff|81\/100\n|\n|upkeep\n|\n|t:|1696032999\n|switch|p1b: Epimetheus|Slowbro, M, shiny|100\/100\n|turn|18\n|\n|t:|1696033002\n|move|p2b: Seraphim|Metronome|p2b: Seraphim\n|move|p2b: Seraphim|Crabhammer|p1b: Epimetheus|[from]move: Metronome|[miss]\n|-miss|p2b: Seraphim|p1b: Epimetheus\n|move|p1a: Gremlin|Metronome|p1a: Gremlin\n|move|p1a: Gremlin|Dragon Tail|p2b: Seraphim|[from]move: Metronome\n|-immune|p2b: Seraphim\n|move|p2a: Wigglytuff|Metronome|p2a: Wigglytuff\n|move|p2a: Wigglytuff|Healing Wish|p2a: Wigglytuff|[from]move: Metronome\n|faint|p2a: Wigglytuff\n|move|p1b: Epimetheus|Metronome|p1b: Epimetheus\n|move|p1b: Epimetheus|Hold Back|p2b: Seraphim|[from]move: Metronome\n|-damage|p2b: Seraphim|90\/100\n|\n|upkeep\n|\n|t:|1696033014\n|switch|p2a: Minor B.|Ludicolo, M|17\/100\n|-heal|p2a: Minor B.|100\/100|[from] move: Healing Wish\n|-activate|p2a: Minor B.|move: Sticky Web\n|-unboost|p2a: Minor B.|spe|1\n|turn|19\n|\n|t:|1696033020\n|move|p2b: Seraphim|Metronome|p2b: Seraphim\n|move|p2b: Seraphim|Sandstorm|p2b: Seraphim|[from]move: Metronome\n|-weather|Sandstorm\n|move|p1a: Gremlin|Metronome|p1a: Gremlin\n|move|p1a: Gremlin|Future Sight|p2a: Minor B.|[from]move: Metronome\n|-start|p1a: Gremlin|move: Future Sight\n|move|p2a: Minor B.|Metronome|p2a: Minor B.\n|move|p2a: Minor B.|Water Shuriken|p1a: Gremlin|[from]move: Metronome\n|-damage|p1a: Gremlin|45\/100\n|-damage|p1a: Gremlin|41\/100\n|-hitcount|p1a: Gremlin|2\n|move|p1b: Epimetheus|Metronome|p1b: Epimetheus\n|move|p1b: Epimetheus|Supersonic|p2b: Seraphim|[from]move: Metronome|[miss]\n|-miss|p1b: Epimetheus|p2b: Seraphim\n|\n|-weather|Sandstorm|[upkeep]\n|-damage|p2b: Seraphim|83\/100|[from] Sandstorm\n|-damage|p2a: Minor B.|94\/100|[from] Sandstorm\n|-damage|p1b: Epimetheus|94\/100|[from] Sandstorm\n|upkeep\n|turn|20\n|\n|t:|1696033035\n|move|p2b: Seraphim|Metronome|p2b: Seraphim\n|move|p2b: Seraphim|Mystical Fire|p1a: Gremlin|[from]move: Metronome\n|-supereffective|p1a: Gremlin\n|-damage|p1a: Gremlin|1\/100\n|-unboost|p1a: Gremlin|spa|1\n|move|p1a: Gremlin|Metronome|p1a: Gremlin\n|move|p1a: Gremlin|Psychic Terrain|p1a: Gremlin|[from]move: Metronome\n|-fieldstart|move: Psychic Terrain\n|move|p2a: Minor B.|Metronome|p2a: Minor B.\n|move|p2a: Minor B.|Stomping Tantrum|p1a: Gremlin|[from]move: Metronome\n|-supereffective|p1a: Gremlin\n|-damage|p1a: Gremlin|0 fnt\n|faint|p1a: Gremlin\n|move|p1b: Epimetheus|Metronome|p1b: Epimetheus\n|move|p1b: Epimetheus|Absorb|p2b: Seraphim|[from]move: Metronome\n|-damage|p2b: Seraphim|80\/100\n|-heal|p1b: Epimetheus|96\/100|[from] drain|[of] p2b: Seraphim\n|\n|-weather|Sandstorm|[upkeep]\n|-damage|p2b: Seraphim|73\/100|[from] Sandstorm\n|-damage|p2a: Minor B.|88\/100|[from] Sandstorm\n|-damage|p1b: Epimetheus|90\/100|[from] Sandstorm\n|upkeep\n|\n|t:|1696033051\n|switch|p1a: Icarus|Togekiss, M|100\/100\n|turn|21\n|\n|t:|1696033055\n|move|p1a: Icarus|Metronome|p1a: Icarus\n|move|p1a: Icarus|Lick|p2b: Seraphim|[from]move: Metronome\n|-supereffective|p2b: Seraphim\n|-damage|p2b: Seraphim|61\/100\n|move|p2b: Seraphim|Metronome|p2b: Seraphim\n|move|p2b: Seraphim|Lunar Dance||[from]move: Metronome|[still]\n|-fail|p2b: Seraphim\n|move|p2a: Minor B.|Metronome|p2a: Minor B.\n|move|p2a: Minor B.|Fury Cutter|p1b: Epimetheus|[from]move: Metronome\n|-supereffective|p1b: Epimetheus\n|-damage|p1b: Epimetheus|82\/100\n|move|p1b: Epimetheus|Metronome|p1b: Epimetheus\n|move|p1b: Epimetheus|Grass Pledge|p2a: Minor B.|[from]move: Metronome\n|-damage|p2a: Minor B.|73\/100\n|\n|-weather|Sandstorm|[upkeep]\n|-damage|p1a: Icarus|94\/100|[from] Sandstorm\n|-damage|p2b: Seraphim|55\/100|[from] Sandstorm\n|-damage|p2a: Minor B.|67\/100|[from] Sandstorm\n|-damage|p1b: Epimetheus|76\/100|[from] Sandstorm\n|-end|p2a: Minor B.|move: Future Sight\n|-damage|p2a: Minor B.|48\/100\n|upkeep\n|turn|22\n|\n|t:|1696033073\n|move|p1a: Icarus|Metronome|p1a: Icarus\n|move|p1a: Icarus|Shadow Punch|p2a: Minor B.|[from]move: Metronome\n|-damage|p2a: Minor B.|40\/100\n|move|p2b: Seraphim|Metronome|p2b: Seraphim\n|move|p2b: Seraphim|Fury Cutter|p1a: Icarus|[from]move: Metronome\n|-resisted|p1a: Icarus\n|-damage|p1a: Icarus|93\/100\n|move|p2a: Minor B.|Metronome|p2a: Minor B.\n|move|p2a: Minor B.|Baton Pass||[from]move: Metronome|[still]\n|-fail|p2a: Minor B.\n|move|p1b: Epimetheus|Metronome|p1b: Epimetheus\n|move|p1b: Epimetheus|Poltergeist|p2a: Minor B.|[from]move: Metronome\n|-activate|p2a: Minor B.|move: Poltergeist|Leppa Berry\n|-damage|p2a: Minor B.|19\/100\n|\n|-weather|Sandstorm|[upkeep]\n|-damage|p1a: Icarus|87\/100|[from] Sandstorm\n|-damage|p2b: Seraphim|49\/100|[from] Sandstorm\n|-damage|p2a: Minor B.|13\/100|[from] Sandstorm\n|-damage|p1b: Epimetheus|70\/100|[from] Sandstorm\n|upkeep\n|turn|23\n|\n|t:|1696033090\n|move|p1a: Icarus|Metronome|p1a: Icarus\n|move|p1a: Icarus|Calm Mind|p1a: Icarus|[from]move: Metronome\n|-boost|p1a: Icarus|spa|1\n|-boost|p1a: Icarus|spd|1\n|move|p2b: Seraphim|Metronome|p2b: Seraphim\n|move|p2b: Seraphim|Crush Claw|p1a: Icarus|[from]move: Metronome\n|-damage|p1a: Icarus|76\/100\n|-unboost|p1a: Icarus|def|1\n|move|p2a: Minor B.|Metronome|p2a: Minor B.\n|move|p2a: Minor B.|Dynamic Punch|p1b: Epimetheus|[from]move: Metronome|[miss]\n|-miss|p2a: Minor B.|p1b: Epimetheus\n|move|p1b: Epimetheus|Metronome|p1b: Epimetheus\n|move|p1b: Epimetheus|Rock Tomb|p2a: Minor B.|[from]move: Metronome\n|-damage|p2a: Minor B.|2\/100\n|-unboost|p2a: Minor B.|spe|1\n|\n|-weather|none\n|upkeep\n|turn|24\n|\n|t:|1696033108\n|move|p1a: Icarus|Metronome|p1a: Icarus\n|move|p1a: Icarus|Rapid Spin|p2a: Minor B.|[from]move: Metronome\n|-damage|p2a: Minor B.|0 fnt\n|-boost|p1a: Icarus|spe|1\n|faint|p2a: Minor B.\n|move|p2b: Seraphim|Metronome|p2b: Seraphim\n|move|p2b: Seraphim|Moonblast|p1b: Epimetheus|[from]move: Metronome\n|-damage|p1b: Epimetheus|22\/100\n|move|p1b: Epimetheus|Metronome|p1b: Epimetheus\n|move|p1b: Epimetheus|Horn Leech|p2b: Seraphim|[from]move: Metronome\n|-damage|p2b: Seraphim|28\/100\n|-heal|p1b: Epimetheus|30\/100|[from] drain|[of] p2b: Seraphim\n|\n|-fieldend|move: Psychic Terrain\n|upkeep\n|turn|25\n|\n|t:|1696033121\n|move|p1a: Icarus|Metronome|p1a: Icarus\n|move|p1a: Icarus|Close Combat|p2b: Seraphim|[from]move: Metronome\n|-resisted|p2b: Seraphim\n|-damage|p2b: Seraphim|23\/100\n|-unboost|p1a: Icarus|def|1\n|-unboost|p1a: Icarus|spd|1\n|move|p2b: Seraphim|Metronome|p2b: Seraphim\n|move|p2b: Seraphim|Wood Hammer|p1a: Icarus|[from]move: Metronome\n|-resisted|p1a: Icarus\n|-damage|p1a: Icarus|59\/100\n|-damage|p2b: Seraphim|17\/100|[from] Recoil\n|move|p1b: Epimetheus|Metronome|p1b: Epimetheus\n|move|p1b: Epimetheus|Cross Poison|p2b: Seraphim|[from]move: Metronome\n|-supereffective|p2b: Seraphim\n|-damage|p2b: Seraphim|0 fnt\n|faint|p2b: Seraphim\n|\n|win|PatrickMatrix\n","uploadtime":1696033142,"views":19,"p1id":"patrickmatrix","p2id":"mistol","formatid":"gen9nationaldexdoubles","rating":0,"private":0,"password":""}