{"id":"gen9nationaldexdoubles-1976653788","p1":"Ronald Rizz Wizard","p2":"bibleisreal20994","format":"[Gen 9] National Dex Doubles","log":"|j|\u2606Ronald Rizz Wizard\n|j|\u2606bibleisreal20994\n|t:|1698330754\n|gametype|doubles\n|player|p1|Ronald Rizz Wizard|clair|1439\n|player|p2|bibleisreal20994|cheren-gen5bw2|1292\n|teamsize|p1|6\n|teamsize|p2|6\n|gen|9\n|tier|[Gen 9] National Dex Doubles\n|rated|\n|rule|HP Percentage Mod: HP is shown in percentages\n|rule|Endless Battle Clause: Forcing endless battles is banned\n|rule|OHKO Clause: OHKO moves are banned\n|rule|Evasion Moves Clause: Evasion moves are banned\n|rule|Evasion Abilities Clause: Evasion abilities are banned\n|rule|Species Clause: Limit one of each Pok\u00e9mon\n|rule|Gravity Sleep Clause: The combination of sleep-inducing moves with imperfect accuracy and Gravity or Gigantamax Orbeetle are banned\n|clearpoke\n|poke|p1|Rillaboom, F|\n|poke|p1|Hawlucha, M|\n|poke|p1|Kangaskhan, F|\n|poke|p1|Zygarde|\n|poke|p1|Volcanion|\n|poke|p1|Whimsicott, M|\n|poke|p2|Greninja-*, M|\n|poke|p2|Incineroar, M|\n|poke|p2|Sceptile, M|\n|poke|p2|Jirachi|\n|poke|p2|Fezandipiti, M|\n|poke|p2|Diancie|\n|teampreview\n|inactive|Battle timer is ON: inactive players will automatically lose when time's up. (requested by Ronald Rizz Wizard)\n|inactive|bibleisreal20994 also wants the timer to be on.\n|\n|t:|1698330776\n|start\n|switch|p1a: Kangaskhan|Kangaskhan, F|100\/100\n|switch|p1b: Volcanion|Volcanion|100\/100\n|switch|p2a: Greninja|Greninja, M|100\/100\n|switch|p2b: Incineroar|Incineroar, M|100\/100\n|-ability|p2b: Incineroar|Intimidate|boost\n|-fail|p1a: Kangaskhan|unboost|Attack|[from] ability: Scrappy|[of] p1a: Kangaskhan\n|-unboost|p1b: Volcanion|atk|1\n|turn|1\n|inactive|bibleisreal20994 has 120 seconds left.\n|\n|t:|1698330808\n|detailschange|p1a: Kangaskhan|Kangaskhan-Mega, F\n|-mega|p1a: Kangaskhan|Kangaskhan|Kangaskhanite\n|move|p1a: Kangaskhan|Fake Out|p2a: Greninja\n|-damage|p2a: Greninja|73\/100\n|-damage|p2a: Greninja|67\/100\n|-hitcount|p2a: Greninja|2\n|cant|p2a: Greninja|flinch\n|move|p1b: Volcanion|Steam Eruption|p2b: Incineroar\n|-supereffective|p2b: Incineroar\n|-damage|p2b: Incineroar|13\/100\n|-enditem|p2b: Incineroar|Eject Button\n|inactive|bibleisreal20994 has 120 seconds left.\n|\n|t:|1698330820\n|switch|p2b: Sceptile|Sceptile, M|100\/100\n|\n|upkeep\n|turn|2\n|\n|t:|1698330836\n|detailschange|p2b: Sceptile|Sceptile-Mega, M\n|-mega|p2b: Sceptile|Sceptile|Sceptilite\n|move|p2b: Sceptile|Grass Pledge|p1a: Kangaskhan\n|-waiting|p2b: Sceptile|p2a: Greninja\n|move|p2a: Greninja|Water Pledge|p1a: Kangaskhan|[from]move: Grass Pledge\n|-combine\n|-damage|p1a: Kangaskhan|26\/100\n|-sidestart|p1: Ronald Rizz Wizard|Grass Pledge\n|-damage|p2a: Greninja|57\/100|[from] item: Life Orb\n|move|p1a: Kangaskhan|Seismic Toss|p2b: Sceptile\n|-damage|p2b: Sceptile|65\/100\n|-damage|p2b: Sceptile|30\/100\n|-hitcount|p2b: Sceptile|2\n|move|p1b: Volcanion|Heat Wave|p2b: Sceptile|[spread] p2a,p2b\n|-resisted|p2a: Greninja\n|-damage|p2a: Greninja|30\/100\n|-damage|p2b: Sceptile|0 fnt\n|faint|p2b: Sceptile\n|\n|upkeep\n|\n|t:|1698330851\n|switch|p2b: Diancie|Diancie|100\/100\n|turn|3\n|\n|t:|1698330867\n|switch|p1a: Rillaboom|Rillaboom, F|100\/100\n|-fieldstart|move: Grassy Terrain|[from] ability: Grassy Surge|[of] p1a: Rillaboom\n|-terastallize|p2b: Diancie|Fighting\n|move|p2a: Greninja|Dark Pulse|p1b: Volcanion\n|-damage|p1b: Volcanion|73\/100\n|-damage|p2a: Greninja|20\/100|[from] item: Life Orb\n|move|p2b: Diancie|Diamond Storm|p1b: Volcanion|[spread] p1a,p1b\n|-supereffective|p1b: Volcanion\n|-damage|p1a: Rillaboom|78\/100\n|-damage|p1b: Volcanion|35\/100\n|move|p1b: Volcanion|Steam Eruption|p2a: Greninja|[miss]\n|-miss|p1b: Volcanion|p2a: Greninja\n|\n|-heal|p2a: Greninja|26\/100|[from] Grassy Terrain\n|-heal|p1a: Rillaboom|84\/100|[from] Grassy Terrain\n|-heal|p1b: Volcanion|41\/100|[from] Grassy Terrain\n|upkeep\n|turn|4\n|\n|t:|1698330895\n|move|p2a: Greninja|Protect|p2a: Greninja\n|-singleturn|p2a: Greninja|Protect\n|move|p1a: Rillaboom|Fake Out|p2b: Diancie\n|-damage|p2b: Diancie|88\/100\n|cant|p2b: Diancie|flinch\n|move|p1b: Volcanion|Steam Eruption|p2b: Diancie\n|-damage|p2b: Diancie|42\/100\n|-status|p2b: Diancie|brn\n|\n|-heal|p2a: Greninja|32\/100|[from] Grassy Terrain\n|-heal|p2b: Diancie|48\/100 brn|[from] Grassy Terrain\n|-heal|p2b: Diancie|54\/100 brn|[from] item: Leftovers\n|-heal|p1a: Rillaboom|90\/100|[from] Grassy Terrain\n|-heal|p1b: Volcanion|47\/100|[from] Grassy Terrain\n|-damage|p2b: Diancie|48\/100 brn|[from] brn\n|upkeep\n|turn|5\n|-message|bibleisreal20994 forfeited.\n|\n|win|Ronald Rizz Wizard\n|raw|Ronald Rizz Wizard's rating: 1439 &rarr; <strong>1451<\/strong><br \/>(+12 for winning)\n|raw|bibleisreal20994's rating: 1292 &rarr; <strong>1277<\/strong><br \/>(-15 for losing)\n|l|\u2606bibleisreal20994\n","uploadtime":1698330923,"views":7,"p1id":"ronaldrizzwizard","p2id":"bibleisreal20994","formatid":"gen9nationaldexdoubles","rating":1277,"private":0,"password":""}