{"id":"gen9nationaldexdoubles-1962726063","p1":"nyannizu","p2":"Theadonia","format":"[Gen 9] National Dex Doubles","log":"|j|\u2606nyannizu\n|j|\u2606Theadonia\n|t:|1696786349\n|gametype|doubles\n|player|p1|nyannizu|acerola|1040\n|player|p2|Theadonia|caitlin|1233\n|teamsize|p1|6\n|teamsize|p2|6\n|gen|9\n|tier|[Gen 9] National Dex Doubles\n|rated|\n|rule|HP Percentage Mod: HP is shown in percentages\n|rule|Endless Battle Clause: Forcing endless battles is banned\n|rule|OHKO Clause: OHKO moves are banned\n|rule|Evasion Moves Clause: Evasion moves are banned\n|rule|Evasion Abilities Clause: Evasion abilities are banned\n|rule|Species Clause: Limit one of each Pok\u00e9mon\n|rule|Gravity Sleep Clause: The combination of sleep-inducing moves with imperfect accuracy and Gravity or Gigantamax Orbeetle are banned\n|clearpoke\n|poke|p1|Oricorio-Pa'u, F|\n|poke|p1|Audino, F|\n|poke|p1|Lilligant, F|\n|poke|p1|Kommo-o, F|\n|poke|p1|Volcarona, M|\n|poke|p1|Cresselia, F|\n|poke|p2|Delphox, F|\n|poke|p2|Oricorio-Sensu, M|\n|poke|p2|Kommo-o, M|\n|poke|p2|Slowbro, F|\n|poke|p2|Cresselia, F|\n|poke|p2|Smeargle, F|\n|teampreview\n|\n|t:|1696786365\n|start\n|switch|p1a: Oricorio|Oricorio-Pa'u, F|100\/100\n|switch|p1b: Kommo-o|Kommo-o, F|100\/100\n|switch|p2a: Kommo-o|Kommo-o, M, shiny|100\/100\n|switch|p2b: Smeargle|Smeargle, F, shiny|100\/100\n|turn|1\n|\n|t:|1696786393\n|move|p2b: Smeargle|Wide Guard|p2b: Smeargle\n|-singleturn|p2b: Smeargle|Wide Guard\n|move|p2a: Kommo-o|Clangorous Soul|p2a: Kommo-o\n|-boost|p2a: Kommo-o|atk|1\n|-boost|p2a: Kommo-o|def|1\n|-boost|p2a: Kommo-o|spa|1\n|-boost|p2a: Kommo-o|spd|1\n|-boost|p2a: Kommo-o|spe|1\n|-damage|p2a: Kommo-o|68\/100\n|-activate|p1a: Oricorio|ability: Dancer\n|move|p1a: Oricorio|Clangorous Soul|p1a: Oricorio|[from]ability: Dancer\n|-boost|p1a: Oricorio|atk|1\n|-boost|p1a: Oricorio|def|1\n|-boost|p1a: Oricorio|spa|1\n|-boost|p1a: Oricorio|spd|1\n|-boost|p1a: Oricorio|spe|1\n|-damage|p1a: Oricorio|68\/100\n|-enditem|p1a: Oricorio|Throat Spray\n|-boost|p1a: Oricorio|spa|1|[from] item: Throat Spray\n|move|p1a: Oricorio|Air Slash|p2a: Kommo-o\n|-supereffective|p2a: Kommo-o\n|-damage|p2a: Kommo-o|0 fnt\n|faint|p2a: Kommo-o\n|move|p1b: Kommo-o|Clangorous Soul|p1b: Kommo-o\n|-boost|p1b: Kommo-o|atk|1\n|-boost|p1b: Kommo-o|def|1\n|-boost|p1b: Kommo-o|spa|1\n|-boost|p1b: Kommo-o|spd|1\n|-boost|p1b: Kommo-o|spe|1\n|-damage|p1b: Kommo-o|68\/100\n|-activate|p1a: Oricorio|ability: Dancer\n|move|p1a: Oricorio|Clangorous Soul|p1a: Oricorio|[from]ability: Dancer\n|-boost|p1a: Oricorio|atk|1\n|-boost|p1a: Oricorio|def|1\n|-boost|p1a: Oricorio|spa|1\n|-boost|p1a: Oricorio|spd|1\n|-boost|p1a: Oricorio|spe|1\n|-damage|p1a: Oricorio|35\/100\n|\n|upkeep\n|\n|t:|1696786404\n|switch|p2a: Cresselia|Cresselia, F, shiny|100\/100\n|turn|2\n|\n|t:|1696786440\n|switch|p1b: Lilligant|Lilligant, F|100\/100\n|move|p2b: Smeargle|Wide Guard|p2b: Smeargle\n|-singleturn|p2b: Smeargle|Wide Guard\n|move|p1a: Oricorio|Substitute|p1a: Oricorio\n|-start|p1a: Oricorio|Substitute\n|-damage|p1a: Oricorio|10\/100\n|move|p2a: Cresselia|Psych Up|p1a: Oricorio\n|-copyboost|p2a: Cresselia|p1a: Oricorio|[from] move: Psych Up\n|\n|upkeep\n|turn|3\n|\n|t:|1696786465\n|-terastallize|p1a: Oricorio|Fairy\n|move|p1a: Oricorio|Revelation Dance|p2a: Cresselia\n|-damage|p2a: Cresselia|67\/100\n|move|p2a: Cresselia|Dazzling Gleam|p1a: Oricorio|[spread] p1a,p1b\n|-end|p1a: Oricorio|Substitute\n|-damage|p1b: Lilligant|41\/100\n|move|p1b: Lilligant|Petal Dance|p2b: Smeargle\n|-damage|p2b: Smeargle|0 fnt\n|faint|p2b: Smeargle\n|-damage|p1b: Lilligant|31\/100|[from] item: Life Orb\n|-activate|p1a: Oricorio|ability: Dancer\n|move|p1a: Oricorio|Petal Dance|p2a: Cresselia|[from]ability: Dancer\n|-damage|p2a: Cresselia|35\/100\n|\n|-heal|p2a: Cresselia|41\/100|[from] item: Leftovers\n|upkeep\n|\n|t:|1696786482\n|switch|p2b: Slowbro|Slowbro, F, shiny|100\/100\n|turn|4\n|\n|t:|1696786501\n|detailschange|p2b: Slowbro|Slowbro-Mega, F, shiny\n|-mega|p2b: Slowbro|Slowbro|Slowbronite\n|move|p1a: Oricorio|Revelation Dance|p2a: Cresselia\n|-damage|p2a: Cresselia|7\/100\n|move|p2a: Cresselia|Stored Power|p1b: Lilligant\n|-crit|p1b: Lilligant\n|-damage|p1b: Lilligant|0 fnt\n|faint|p1b: Lilligant\n|move|p2b: Slowbro|Psych Up|p2a: Cresselia\n|-copyboost|p2b: Slowbro|p2a: Cresselia|[from] move: Psych Up\n|\n|-heal|p2a: Cresselia|13\/100|[from] item: Leftovers\n|upkeep\n|\n|t:|1696786522\n|switch|p1b: Kommo-o|Kommo-o, F|68\/100\n|turn|5\n|\n|t:|1696786534\n|move|p1a: Oricorio|Revelation Dance|p2a: Cresselia\n|-damage|p2a: Cresselia|0 fnt\n|faint|p2a: Cresselia\n|move|p1b: Kommo-o|Clangorous Soul|p1b: Kommo-o\n|-boost|p1b: Kommo-o|atk|1\n|-boost|p1b: Kommo-o|def|1\n|-boost|p1b: Kommo-o|spa|1\n|-boost|p1b: Kommo-o|spd|1\n|-boost|p1b: Kommo-o|spe|1\n|-damage|p1b: Kommo-o|35\/100\n|-activate|p1a: Oricorio|ability: Dancer\n|move|p1a: Oricorio|Clangorous Soul||[from]ability: Dancer|[still]\n|-fail|p1a: Oricorio\n|move|p2b: Slowbro|Stored Power|p1b: Kommo-o\n|-supereffective|p1b: Kommo-o\n|-damage|p1b: Kommo-o|0 fnt\n|faint|p1b: Kommo-o\n|\n|upkeep\n|\n|t:|1696786561\n|switch|p1b: Cresselia|Cresselia, F|100\/100\n|switch|p2a: Oricorio|Oricorio-Sensu, M, shiny|100\/100\n|turn|6\n|\n|t:|1696786595\n|move|p1a: Oricorio|Air Slash|p2b: Slowbro\n|-damage|p2b: Slowbro|53\/100\n|move|p2a: Oricorio|Revelation Dance|p1a: Oricorio\n|-damage|p1a: Oricorio|0 fnt\n|faint|p1a: Oricorio\n|move|p1b: Cresselia|Lunar Dance|p1b: Cresselia\n|faint|p1b: Cresselia\n|-activate|p2a: Oricorio|ability: Dancer\n|move|p2a: Oricorio|Lunar Dance|p2a: Oricorio|[from]ability: Dancer\n|faint|p2a: Oricorio\n|cant|p2b: Slowbro|flinch\n|\n|upkeep\n|\n|t:|1696786612\n|switch|p1a: Audino|Audino, F|100\/100\n|switch|p2a: Delphox|Delphox, F, shiny|100\/100\n|switch|p1b: Volcarona|Volcarona, M|100\/100\n|turn|7\n|\n|t:|1696786632\n|move|p1a: Audino|Ally Switch|p1a: Audino\n|swap|p1a: Audino|1|[from] move: Ally Switch\n|-heal|p1b: Audino|100\/100|[from] move: Lunar Dance\n|move|p2a: Delphox|Heat Wave|p1a: Volcarona|[spread] p1b\n|-miss|p2a: Delphox|p1a: Volcarona\n|-damage|p1b: Audino|68\/100\n|move|p1a: Volcarona|Bug Buzz|p2b: Slowbro\n|-supereffective|p2b: Slowbro\n|-damage|p2b: Slowbro|9\/100\n|move|p2b: Slowbro|Stored Power|p1b: Audino\n|-crit|p1b: Audino\n|-damage|p1b: Audino|0 fnt\n|faint|p1b: Audino\n|\n|upkeep\n|turn|8\n|\n|t:|1696786651\n|move|p2a: Delphox|Heat Wave|p1a: Volcarona|[miss]\n|-miss|p2a: Delphox|p1a: Volcarona\n|move|p1a: Volcarona|Bug Buzz|p2b: Slowbro\n|-supereffective|p2b: Slowbro\n|-damage|p2b: Slowbro|0 fnt\n|faint|p2b: Slowbro\n|\n|upkeep\n|turn|9\n|\n|t:|1696786664\n|move|p2a: Delphox|Heat Wave|p1a: Volcarona\n|-damage|p1a: Volcarona|54\/100\n|move|p1a: Volcarona|Quiver Dance|p1a: Volcarona\n|-boost|p1a: Volcarona|spa|1\n|-boost|p1a: Volcarona|spd|1\n|-boost|p1a: Volcarona|spe|1\n|\n|upkeep\n|turn|10\n|\n|t:|1696786684\n|move|p1a: Volcarona|Bug Buzz|p2a: Delphox\n|-damage|p2a: Delphox|26\/100\n|move|p2a: Delphox|Heat Wave|p1a: Volcarona\n|-damage|p1a: Volcarona|21\/100\n|\n|upkeep\n|turn|11\n|\n|t:|1696786694\n|move|p1a: Volcarona|Bug Buzz|p2a: Delphox\n|-damage|p2a: Delphox|0 fnt\n|faint|p2a: Delphox\n|\n|win|nyannizu\n|raw|nyannizu's rating: 1040 &rarr; <strong>1091<\/strong><br \/>(+51 for winning)\n|raw|Theadonia's rating: 1233 &rarr; <strong>1195<\/strong><br \/>(-38 for losing)\n|c|\u2606Theadonia|Ggwp\n|c|\u2606nyannizu|Gg\n","uploadtime":1696786706,"views":27,"p1id":"nyannizu","p2id":"theadonia","formatid":"gen9nationaldexdoubles","rating":1091,"private":0,"password":""}