{"id":"gen9nationaldexdoubles-1970518554","p1":"lxvliiz","p2":"ColtDoesStuff","format":"[Gen 9] National Dex Doubles","log":"|j|\u2606lxvliiz\n|j|\u2606ColtDoesStuff\n|t:|1697645219\n|gametype|doubles\n|player|p1|lxvliiz|101|1116\n|player|p2|ColtDoesStuff|veteran|1118\n|teamsize|p1|6\n|teamsize|p2|6\n|gen|9\n|tier|[Gen 9] National Dex Doubles\n|rated|\n|rule|HP Percentage Mod: HP is shown in percentages\n|rule|Endless Battle Clause: Forcing endless battles is banned\n|rule|OHKO Clause: OHKO moves are banned\n|rule|Evasion Moves Clause: Evasion moves are banned\n|rule|Evasion Abilities Clause: Evasion abilities are banned\n|rule|Species Clause: Limit one of each Pok\u00e9mon\n|rule|Gravity Sleep Clause: The combination of sleep-inducing moves with imperfect accuracy and Gravity or Gigantamax Orbeetle are banned\n|clearpoke\n|poke|p1|Volcarona, M|\n|poke|p1|Ogerpon-Cornerstone, F|\n|poke|p1|Eevee, M|\n|poke|p1|Medicham, M|\n|poke|p1|Kommo-o, M|\n|poke|p1|Oricorio-Pom-Pom, M|\n|poke|p2|Mamoswine, M|\n|poke|p2|Azumarill, M|\n|poke|p2|Ampharos, M|\n|poke|p2|Klinklang|\n|poke|p2|Garchomp, M|\n|poke|p2|Dusknoir, M|\n|teampreview\n|inactive|Battle timer is ON: inactive players will automatically lose when time's up. (requested by ColtDoesStuff)\n|\n|t:|1697645225\n|start\n|switch|p1a: Kommo-o|Kommo-o, M|100\/100\n|switch|p1b: Oricorio|Oricorio-Pom-Pom, M|100\/100\n|switch|p2a: Azumarill|Azumarill, M|100\/100\n|switch|p2b: Dusknoir|Dusknoir, M|100\/100\n|-ability|p2b: Dusknoir|Pressure\n|turn|1\n|\n|t:|1697645233\n|move|p1a: Kommo-o|Clangorous Soul|p1a: Kommo-o\n|-boost|p1a: Kommo-o|atk|1\n|-boost|p1a: Kommo-o|def|1\n|-boost|p1a: Kommo-o|spa|1\n|-boost|p1a: Kommo-o|spd|1\n|-boost|p1a: Kommo-o|spe|1\n|-damage|p1a: Kommo-o|68\/100\n|-activate|p1b: Oricorio|ability: Dancer\n|move|p1b: Oricorio|Clangorous Soul|p1b: Oricorio|[from]ability: Dancer\n|-boost|p1b: Oricorio|atk|1\n|-boost|p1b: Oricorio|def|1\n|-boost|p1b: Oricorio|spa|1\n|-boost|p1b: Oricorio|spd|1\n|-boost|p1b: Oricorio|spe|1\n|-damage|p1b: Oricorio|68\/100\n|move|p1b: Oricorio|Quiver Dance|p1b: Oricorio\n|-boost|p1b: Oricorio|spa|1\n|-boost|p1b: Oricorio|spd|1\n|-boost|p1b: Oricorio|spe|1\n|move|p2b: Dusknoir|Skill Swap|p2a: Azumarill\n|-activate|p2b: Dusknoir|move: Skill Swap|||[of] p2a: Azumarill\n|-ability|p2a: Azumarill|Pressure\n|move|p2a: Azumarill|Snowscape|p2a: Azumarill\n|-weather|Snow\n|\n|-weather|Snow|[upkeep]\n|upkeep\n|turn|2\n|inactive|lxvliiz has 120 seconds left.\n|inactive|ColtDoesStuff has 120 seconds left.\n|\n|t:|1697645267\n|move|p1b: Oricorio|Revelation Dance|p2a: Azumarill\n|-supereffective|p2a: Azumarill\n|-damage|p2a: Azumarill|0 fnt\n|faint|p2a: Azumarill\n|move|p1a: Kommo-o|Drain Punch|p2b: Dusknoir\n|-immune|p2b: Dusknoir\n|move|p2b: Dusknoir|Poltergeist|p1a: Kommo-o|[miss]\n|-miss|p2b: Dusknoir|p1a: Kommo-o\n|\n|-weather|Snow|[upkeep]\n|upkeep\n|inactive|ColtDoesStuff has 120 seconds left.\n|\n|t:|1697645279\n|switch|p2a: Mamoswine|Mamoswine, M|100\/100\n|turn|3\n|\n|t:|1697645301\n|move|p1b: Oricorio|Acrobatics|p2b: Dusknoir\n|-damage|p2b: Dusknoir|49\/100\n|move|p1a: Kommo-o|Drain Punch|p2a: Mamoswine\n|-supereffective|p2a: Mamoswine\n|-damage|p2a: Mamoswine|27\/100\n|-heal|p1a: Kommo-o|100\/100|[from] drain|[of] p2a: Mamoswine\n|move|p2a: Mamoswine|Icicle Spear|p1a: Kommo-o\n|-supereffective|p1a: Kommo-o\n|-damage|p1a: Kommo-o|84\/100\n|-supereffective|p1a: Kommo-o\n|-damage|p1a: Kommo-o|65\/100\n|-supereffective|p1a: Kommo-o\n|-damage|p1a: Kommo-o|47\/100\n|-supereffective|p1a: Kommo-o\n|-damage|p1a: Kommo-o|28\/100\n|-supereffective|p1a: Kommo-o\n|-damage|p1a: Kommo-o|11\/100\n|-hitcount|p1a: Kommo-o|5\n|move|p2b: Dusknoir|Poltergeist|p1a: Kommo-o\n|-activate|p1a: Kommo-o|move: Poltergeist|Kommonium Z\n|-damage|p1a: Kommo-o|0 fnt\n|faint|p1a: Kommo-o\n|\n|-weather|Snow|[upkeep]\n|upkeep\n|\n|t:|1697645306\n|switch|p1a: Eevee|Eevee, M|100\/100\n|turn|4\n|inactive|lxvliiz has 120 seconds left.\n|inactive|ColtDoesStuff has 120 seconds left.\n|\n|t:|1697645346\n|move|p1b: Oricorio|Acrobatics|p2b: Dusknoir\n|-damage|p2b: Dusknoir|0 fnt\n|faint|p2b: Dusknoir\n|move|p2a: Mamoswine|Rock Blast|p1a: Eevee\n|-damage|p1a: Eevee|79\/100\n|-damage|p1a: Eevee|56\/100\n|-damage|p1a: Eevee|34\/100\n|-damage|p1a: Eevee|14\/100\n|-hitcount|p1a: Eevee|4\n|-zpower|p1a: Eevee\n|move|p1a: Eevee|Extreme Evoboost|p1a: Eevee\n|-boost|p1a: Eevee|atk|2\n|-boost|p1a: Eevee|def|2\n|-boost|p1a: Eevee|spa|2\n|-boost|p1a: Eevee|spd|2\n|-boost|p1a: Eevee|spe|2\n|\n|-weather|Snow|[upkeep]\n|upkeep\n|inactive|ColtDoesStuff has 120 seconds left.\n|\n|t:|1697645367\n|switch|p2b: Klinklang|Klinklang|100\/100\n|turn|5\n|\n|t:|1697645375\n|move|p1b: Oricorio|Acrobatics|p2a: Mamoswine\n|-damage|p2a: Mamoswine|0 fnt\n|faint|p2a: Mamoswine\n|move|p1a: Eevee|Baton Pass|p1a: Eevee\n|\n|t:|1697645381\n|switch|p1a: Medicham|Medicham, M|100\/100|[from] Baton Pass\n|move|p2b: Klinklang|Power Gem|p1b: Oricorio\n|-supereffective|p1b: Oricorio\n|-damage|p1b: Oricorio|46\/100\n|\n|-weather|none\n|upkeep\n|\n|t:|1697645390\n|switch|p2a: Garchomp|Garchomp, M|100\/100\n|turn|6\n|\n|t:|1697645405\n|detailschange|p1a: Medicham|Medicham-Mega, M\n|-mega|p1a: Medicham|Medicham|Medichamite\n|detailschange|p2a: Garchomp|Garchomp-Mega, M\n|-mega|p2a: Garchomp|Garchomp|Garchompite\n|move|p1a: Medicham|Zen Headbutt|p2a: Garchomp\n|-damage|p2a: Garchomp|0 fnt\n|faint|p2a: Garchomp\n|move|p1b: Oricorio|Acrobatics|p2b: Klinklang\n|-resisted|p2b: Klinklang\n|-damage|p2b: Klinklang|81\/100\n|move|p2b: Klinklang|Discharge|p1a: Medicham|[spread] p1a,p1b\n|-damage|p1a: Medicham|92\/100\n|-damage|p1b: Oricorio|37\/100\n|\n|upkeep\n|-message|ColtDoesStuff forfeited.\n|\n|win|lxvliiz\n|raw|lxvliiz's rating: 1116 &rarr; <strong>1141<\/strong><br \/>(+25 for winning)\n|raw|ColtDoesStuff's rating: 1118 &rarr; <strong>1093<\/strong><br \/>(-25 for losing)\n|l|\u2606ColtDoesStuff\n","uploadtime":1697645423,"views":6,"p1id":"lxvliiz","p2id":"coltdoesstuff","formatid":"gen9nationaldexdoubles","rating":1093,"private":0,"password":""}