{"id":"gen9nationaldexdoubles-1962507459","p1":"fumbari 24","p2":"Paldea Athens 420","format":"[Gen 9] National Dex Doubles","log":"|j|\u2606fumbari 24\n|j|\u203dPaldea Athens 420\n|t:|1696759285\n|gametype|doubles\n|player|p1|fumbari 24|169|1293\n|player|p2|Paldea Athens 420|fantina|1560\n|teamsize|p1|6\n|teamsize|p2|6\n|gen|9\n|tier|[Gen 9] National Dex Doubles\n|rated|\n|rule|HP Percentage Mod: HP is shown in percentages\n|rule|Endless Battle Clause: Forcing endless battles is banned\n|rule|OHKO Clause: OHKO moves are banned\n|rule|Evasion Moves Clause: Evasion moves are banned\n|rule|Evasion Abilities Clause: Evasion abilities are banned\n|rule|Species Clause: Limit one of each Pok\u00e9mon\n|rule|Gravity Sleep Clause: The combination of sleep-inducing moves with imperfect accuracy and Gravity or Gigantamax Orbeetle are banned\n|clearpoke\n|poke|p1|Kommo-o, M|\n|poke|p1|Sinistcha|\n|poke|p1|Clefairy, F|\n|poke|p1|Volcanion|\n|poke|p1|Gallade, M|\n|poke|p1|Gardevoir, F|\n|poke|p2|Kingambit, M|\n|poke|p2|Marshadow|\n|poke|p2|Charizard, M|\n|poke|p2|Ogerpon-Hearthflame, F|\n|poke|p2|Chien-Pao|\n|poke|p2|Tornadus, M|\n|teampreview\n|j| cocolerapido\n|inactive|Battle timer is ON: inactive players will automatically lose when time's up. (requested by Paldea Athens 420)\n|\n|t:|1696759325\n|start\n|switch|p1a: Yohken|Kommo-o, M|100\/100\n|switch|p1b: ChunJu|Volcanion|100\/100\n|switch|p2a: Chien-Pao|Chien-Pao|100\/100\n|switch|p2b: Tornadus|Tornadus, M|100\/100\n|-ability|p2a: Chien-Pao|Sword of Ruin\n|turn|1\n|\n|t:|1696759336\n|move|p2a: Chien-Pao|Protect|p2a: Chien-Pao\n|-singleturn|p2a: Chien-Pao|Protect\n|move|p1a: Yohken|Protect|p1a: Yohken\n|-singleturn|p1a: Yohken|Protect\n|move|p2b: Tornadus|Bleakwind Storm|p1a: Yohken|[spread] p1b\n|-activate|p1a: Yohken|move: Protect\n|-crit|p1b: ChunJu\n|-damage|p1b: ChunJu|49\/100\n|move|p1b: ChunJu|Substitute|p1b: ChunJu\n|-start|p1b: ChunJu|Substitute\n|-damage|p1b: ChunJu|24\/100\n|\n|-heal|p1b: ChunJu|30\/100|[from] item: Leftovers\n|upkeep\n|turn|2\n|\n|t:|1696759352\n|switch|p1a: Taia|Clefairy, F|100\/100\n|move|p1b: ChunJu|Protect|p1b: ChunJu\n|-singleturn|p1b: ChunJu|Protect\n|move|p2a: Chien-Pao|Ice Spinner|p1a: Taia\n|-damage|p1a: Taia|54\/100\n|move|p2b: Tornadus|Bleakwind Storm|p1a: Taia|[spread] p1a\n|-activate|p1b: ChunJu|move: Protect\n|-damage|p1a: Taia|26\/100\n|-unboost|p1a: Taia|spe|1\n|\n|-heal|p1b: ChunJu|36\/100|[from] item: Leftovers\n|upkeep\n|turn|3\n|\n|t:|1696759369\n|move|p2a: Chien-Pao|Protect|p2a: Chien-Pao\n|-singleturn|p2a: Chien-Pao|Protect\n|move|p1a: Taia|Follow Me|p1a: Taia\n|-singleturn|p1a: Taia|move: Follow Me\n|move|p2b: Tornadus|Bleakwind Storm|p1a: Taia|[spread] p1b\n|-miss|p2b: Tornadus|p1a: Taia\n|-end|p1b: ChunJu|Substitute\n|move|p1b: ChunJu|Heat Wave|p2b: Tornadus|[spread] p2b\n|-activate|p2a: Chien-Pao|move: Protect\n|-damage|p2b: Tornadus|74\/100\n|\n|-heal|p1b: ChunJu|42\/100|[from] item: Leftovers\n|upkeep\n|turn|4\n|\n|t:|1696759389\n|switch|p2a: Charizard|Charizard, M|100\/100\n|switch|p1a: Jin|Sinistcha|100\/100\n|-heal|p1b: ChunJu|67\/100|[from] ability: Hospitality|[of] p1a: Jin\n|move|p2b: Tornadus|Bleakwind Storm|p1a: Jin|[spread] p1b\n|-miss|p2b: Tornadus|p1a: Jin\n|-damage|p1b: ChunJu|32\/100\n|move|p1b: ChunJu|Heat Wave|p2a: Charizard|[spread] p2a,p2b\n|-resisted|p2a: Charizard\n|-damage|p2a: Charizard|78\/100\n|-damage|p2b: Tornadus|45\/100\n|\n|-heal|p1b: ChunJu|39\/100|[from] item: Leftovers\n|upkeep\n|turn|5\n|inactive|fumbari 24 has 120 seconds left.\n|\n|t:|1696759425\n|detailschange|p2a: Charizard|Charizard-Mega-Y, M\n|-mega|p2a: Charizard|Charizard|Charizardite Y\n|-weather|SunnyDay|[from] ability: Drought|[of] p2a: Charizard\n|-terastallize|p1a: Jin|Water\n|move|p2a: Charizard|Scorching Sands|p1b: ChunJu\n|-supereffective|p1b: ChunJu\n|-damage|p1b: ChunJu|0 fnt\n|faint|p1b: ChunJu\n|move|p2b: Tornadus|Bleakwind Storm|p1a: Jin\n|-damage|p1a: Jin|57\/100\n|-unboost|p1a: Jin|spe|1\n|move|p1a: Jin|Life Dew|p1a: Jin\n|-heal|p1a: Jin|82\/100\n|\n|-weather|SunnyDay|[upkeep]\n|upkeep\n|inactive|fumbari 24 has 120 seconds left.\n|\n|t:|1696759437\n|switch|p1b: Yohken|Kommo-o, M|100\/100\n|turn|6\n|\n|t:|1696759450\n|switch|p1a: Taia|Clefairy, F|26\/100\n|move|p1b: Yohken|Protect|p1b: Yohken\n|-singleturn|p1b: Yohken|Protect\n|move|p2a: Charizard|Solar Beam||[still]\n|-prepare|p2a: Charizard|Solar Beam\n|-anim|p2a: Charizard|Solar Beam|p1a: Taia\n|-damage|p1a: Taia|0 fnt\n|faint|p1a: Taia\n|move|p2b: Tornadus|Bleakwind Storm|p1b: Yohken\n|-activate|p1b: Yohken|move: Protect\n|\n|-weather|SunnyDay|[upkeep]\n|upkeep\n|\n|t:|1696759453\n|switch|p1a: Longyuan|Gallade, M|100\/100\n|turn|7\n|j| aaacbn\n|\n|t:|1696759467\n|move|p1a: Longyuan|Wide Guard|p1a: Longyuan\n|-singleturn|p1a: Longyuan|Wide Guard\n|move|p2b: Tornadus|Tailwind|p2b: Tornadus\n|-sidestart|p2: Paldea Athens 420|move: Tailwind\n|move|p2a: Charizard|Heat Wave|p1b: Yohken|[spread] \n|-activate|p1a: Longyuan|move: Wide Guard\n|-activate|p1b: Yohken|move: Wide Guard\n|-zpower|p1b: Yohken\n|move|p1b: Yohken|Clangorous Soulblaze|p2b: Tornadus|[zeffect]|[spread] p2a,p2b\n|-damage|p2a: Charizard|17\/100\n|-damage|p2b: Tornadus|0 fnt\n|faint|p2b: Tornadus\n|-boost|p1b: Yohken|atk|1\n|-boost|p1b: Yohken|def|1\n|-boost|p1b: Yohken|spa|1\n|-boost|p1b: Yohken|spd|1\n|-boost|p1b: Yohken|spe|1\n|\n|-weather|SunnyDay|[upkeep]\n|upkeep\n|\n|t:|1696759483\n|switch|p2b: Chien-Pao|Chien-Pao|100\/100\n|-ability|p2b: Chien-Pao|Sword of Ruin\n|turn|8\n|\n|t:|1696759491\n|move|p1b: Yohken|Protect|p1b: Yohken\n|-singleturn|p1b: Yohken|Protect\n|move|p2b: Chien-Pao|Ice Spinner|p1b: Yohken\n|-activate|p1b: Yohken|move: Protect\n|move|p2a: Charizard|Scorching Sands|p1a: Longyuan\n|-damage|p1a: Longyuan|71\/100\n|-status|p1a: Longyuan|brn\n|move|p1a: Longyuan|Trick Room|p1a: Longyuan\n|-fieldstart|move: Trick Room|[of] p1a: Longyuan\n|\n|-weather|SunnyDay|[upkeep]\n|-damage|p1a: Longyuan|65\/100 brn|[from] brn\n|upkeep\n|turn|9\n|\n|t:|1696759516\n|move|p1a: Longyuan|Sacred Sword|p2b: Chien-Pao\n|-supereffective|p2b: Chien-Pao\n|-enditem|p2b: Chien-Pao|Focus Sash\n|-damage|p2b: Chien-Pao|1\/100\n|move|p1b: Yohken|Clanging Scales|p2b: Chien-Pao|[spread] p2a,p2b\n|-damage|p2a: Charizard|0 fnt\n|-damage|p2b: Chien-Pao|0 fnt\n|faint|p2a: Charizard\n|faint|p2b: Chien-Pao\n|-unboost|p1b: Yohken|def|1\n|\n|-weather|none\n|-damage|p1a: Longyuan|59\/100 brn|[from] brn\n|upkeep\n|inactive|Paldea Athens 420 has 120 seconds left.\n|\n|t:|1696759527\n|switch|p2a: Ogerpon|Ogerpon-Hearthflame, F|100\/100\n|switch|p2b: Kingambit|Kingambit, M|100\/100\n|-ability|p2a: Ogerpon|Mold Breaker\n|turn|10\n|\n|t:|1696759545\n|move|p2a: Ogerpon|Spiky Shield|p2a: Ogerpon\n|-singleturn|p2a: Ogerpon|move: Protect\n|move|p1a: Longyuan|Sacred Sword|p2b: Kingambit\n|-supereffective|p2b: Kingambit\n|-damage|p2b: Kingambit|0 fnt\n|faint|p2b: Kingambit\n|move|p1b: Yohken|Clanging Scales|p2a: Ogerpon\n|-activate|p2a: Ogerpon|move: Protect\n|\n|-damage|p1a: Longyuan|53\/100 brn|[from] brn\n|-sideend|p2: Paldea Athens 420|move: Tailwind\n|upkeep\n|\n|t:|1696759556\n|switch|p2b: Marshadow|Marshadow|100\/100\n|turn|11\n|\n|t:|1696759568\n|switch|p1a: Mo Ye|Gardevoir, F|100\/100\n|-ability|p1a: Mo Ye|Mold Breaker\n|-ability|p1a: Mo Ye|Mold Breaker|[from] ability: Trace|[of] p2a: Ogerpon\n|-terastallize|p2a: Ogerpon|Fire\n|detailschange|p2a: Ogerpon|Ogerpon-Hearthflame-Tera, F, tera:Fire\n|-ability|p2a: Ogerpon|Embody Aspect (Hearthflame)|boost\n|-boost|p2a: Ogerpon|atk|1\n|move|p1b: Yohken|Protect|p1b: Yohken\n|-singleturn|p1b: Yohken|Protect\n|move|p2b: Marshadow|Shadow Sneak|p1a: Mo Ye\n|-supereffective|p1a: Mo Ye\n|-damage|p1a: Mo Ye|17\/100\n|move|p2a: Ogerpon|Ivy Cudgel|p1b: Yohken\n|-activate|p1b: Yohken|move: Protect\n|\n|upkeep\n|turn|12\n|\n|t:|1696759592\n|move|p1a: Mo Ye|Protect|p1a: Mo Ye\n|-singleturn|p1a: Mo Ye|Protect\n|move|p2b: Marshadow|Shadow Sneak|p1a: Mo Ye\n|-activate|p1a: Mo Ye|move: Protect\n|move|p2a: Ogerpon|Ivy Cudgel|p1b: Yohken\n|-resisted|p1b: Yohken\n|-damage|p1b: Yohken|45\/100\n|move|p1b: Yohken|Clanging Scales|p2a: Ogerpon|[spread] p2a,p2b\n|-damage|p2a: Ogerpon|30\/100\n|-damage|p2b: Marshadow|33\/100\n|-unboost|p1b: Yohken|def|1\n|\n|-fieldend|move: Trick Room\n|upkeep\n|turn|13\n|l|\u203dPaldea Athens 420\n|inactive|Paldea Athens 420 disconnected and has a minute to reconnect!\n|player|p2|\n|j|\u203dPaldea Athens 420\n|inactive|Paldea Athens 420 reconnected and has 115 seconds left.\n|player|p2|Paldea Athens 420|fantina\n|n|\u203dPaldea Athens 420|paldeaathens420\n|n|\u203dPaldea Athens 420|paldeaathens420\n|n|\u203dPaldea Athens 420|paldeaathens420\n|n|\u203dPaldea Athens 420|paldeaathens420\n|n|\u203dPaldea Athens 420|paldeaathens420\n|n|\u203dPaldea Athens 420|paldeaathens420\n|n|\u203dPaldea Athens 420|paldeaathens420\n|n|\u203dPaldea Athens 420|paldeaathens420\n|n|\u203dPaldea Athens 420|paldeaathens420\n|n|\u203dPaldea Athens 420|paldeaathens420\n|n|\u203dPaldea Athens 420|paldeaathens420\n|n|\u203dPaldea Athens 420|paldeaathens420\n|n|\u203dPaldea Athens 420|paldeaathens420\n|n|\u203dPaldea Athens 420|paldeaathens420\n|n|\u203dPaldea Athens 420|paldeaathens420\n|n|\u203dPaldea Athens 420|paldeaathens420\n|n|\u203dPaldea Athens 420|paldeaathens420\n|n|\u203dPaldea Athens 420|paldeaathens420\n|n|\u203dPaldea Athens 420|paldeaathens420\n|n|\u203dPaldea Athens 420|paldeaathens420\n|n|\u203dPaldea Athens 420|paldeaathens420\n|n|\u203dPaldea Athens 420|paldeaathens420\n|n|\u203dPaldea Athens 420|paldeaathens420\n|n|\u203dPaldea Athens 420|paldeaathens420\n|n|\u203dPaldea Athens 420|paldeaathens420\n|n|\u203dPaldea Athens 420|paldeaathens420\n|n|\u203dPaldea Athens 420|paldeaathens420\n|n|\u203dPaldea Athens 420|paldeaathens420\n|n|\u203dPaldea Athens 420|paldeaathens420\n|n|\u203dPaldea Athens 420|paldeaathens420\n|n|\u203dPaldea Athens 420|paldeaathens420\n|\n|t:|1696759644\n|switch|p1b: Jin|Sinistcha, tera:Water|82\/100\n|-heal|p1a: Mo Ye|42\/100|[from] ability: Hospitality|[of] p1b: Jin\n|detailschange|p1a: Mo Ye|Gardevoir-Mega, F\n|-mega|p1a: Mo Ye|Gardevoir|Gardevoirite\n|move|p2a: Ogerpon|Spiky Shield|p2a: Ogerpon\n|-singleturn|p2a: Ogerpon|move: Protect\n|-zpower|p2b: Marshadow\n|move|p2b: Marshadow|Soul-Stealing 7-Star Strike|p1b: Jin|[zeffect]\n|-damage|p1b: Jin|0 fnt\n|faint|p1b: Jin\n|move|p1a: Mo Ye|Hyper Voice|p2b: Marshadow|[spread] p2b\n|-activate|p2a: Ogerpon|move: Protect\n|-supereffective|p2b: Marshadow\n|-damage|p2b: Marshadow|0 fnt\n|faint|p2b: Marshadow\n|\n|upkeep\n|inactive|fumbari 24 has 120 seconds left.\n|\n|t:|1696759663\n|switch|p1b: Yohken|Kommo-o, M|45\/100\n|turn|14\n|\n|t:|1696759667\n|move|p2a: Ogerpon|Horn Leech|p1a: Mo Ye\n|-damage|p1a: Mo Ye|0 fnt\n|-heal|p2a: Ogerpon|53\/100|[from] drain|[of] p1a: Mo Ye\n|faint|p1a: Mo Ye\n|move|p1b: Yohken|Clanging Scales|p2a: Ogerpon\n|-crit|p2a: Ogerpon\n|-damage|p2a: Ogerpon|0 fnt\n|faint|p2a: Ogerpon\n|\n|win|fumbari 24\n|raw|fumbari 24's rating: 1293 &rarr; <strong>1334<\/strong><br \/>(+41 for winning)\n|raw|Paldea Athens 420's rating: 1560 &rarr; <strong>1527<\/strong><br \/>(-33 for losing)\n|l|\u203dPaldea Athens 420\n","uploadtime":1696759681,"views":16,"p1id":"fumbari24","p2id":"paldeaathens420","formatid":"gen9nationaldexdoubles","rating":1334,"private":0,"password":""}