{"id":"gen9nationaldexdoubles-1983815424","p1":"saltyfur","p2":"elmaptiv","format":"[Gen 9] National Dex Doubles","log":"|j|\u2606saltyfur\n|j|\u2606elmaptiv\n|t:|1699186254\n|gametype|doubles\n|player|p1|saltyfur|2|1000\n|player|p2|elmaptiv|ghetsis|1118\n|teamsize|p1|6\n|teamsize|p2|6\n|gen|9\n|tier|[Gen 9] National Dex Doubles\n|rated|\n|rule|HP Percentage Mod: HP is shown in percentages\n|rule|Endless Battle Clause: Forcing endless battles is banned\n|rule|OHKO Clause: OHKO moves are banned\n|rule|Evasion Moves Clause: Evasion moves are banned\n|rule|Evasion Abilities Clause: Evasion abilities are banned\n|rule|Species Clause: Limit one of each Pok\u00e9mon\n|rule|Gravity Sleep Clause: The combination of sleep-inducing moves with imperfect accuracy and Gravity or Gigantamax Orbeetle are banned\n|clearpoke\n|poke|p1|Armarouge, M|\n|poke|p1|Chien-Pao|\n|poke|p1|Gliscor, M|\n|poke|p1|Grafaiai, F|\n|poke|p1|Goodra-Hisui, F|\n|poke|p1|Grimmsnarl, M|\n|poke|p2|Camerupt, F|\n|poke|p2|Ditto|\n|poke|p2|Chimecho, F|\n|poke|p2|Pyukumuku, F|\n|poke|p2|Torkoal, M|\n|poke|p2|Ambipom, F|\n|teampreview\n|\n|t:|1699186273\n|start\n|switch|p1a: Gliscor|Gliscor, M, shiny|100\/100\n|switch|p1b: Grafaiai|Grafaiai, F|100\/100\n|switch|p2a: Chimecho|Chimecho, F|100\/100\n|switch|p2b: Pyukumuku|Pyukumuku, F|100\/100\n|turn|1\n|\n|t:|1699186290\n|move|p1a: Gliscor|Protect|p1a: Gliscor\n|-singleturn|p1a: Gliscor|Protect\n|move|p1b: Grafaiai|Knock Off|p2a: Chimecho\n|-supereffective|p2a: Chimecho\n|-damage|p2a: Chimecho|54\/100\n|-status|p2a: Chimecho|psn|[from] ability: Poison Touch|[of] p1b: Grafaiai\n|-enditem|p2a: Chimecho|Leftovers|[from] move: Knock Off|[of] p1b: Grafaiai\n|move|p2b: Pyukumuku|Toxic|p1b: Grafaiai\n|-immune|p1b: Grafaiai\n|move|p2a: Chimecho|Trick Room|p2a: Chimecho\n|-fieldstart|move: Trick Room|[of] p2a: Chimecho\n|\n|-damage|p2a: Chimecho|41\/100 psn|[from] psn\n|-status|p1a: Gliscor|tox|[from] item: Toxic Orb\n|upkeep\n|turn|2\n|\n|t:|1699186341\n|move|p2b: Pyukumuku|Recover||[still]\n|-fail|p2b: Pyukumuku|heal\n|move|p2a: Chimecho|Future Sight|p1b: Grafaiai\n|-start|p2a: Chimecho|move: Future Sight\n|move|p1a: Gliscor|Fling|p2a: Chimecho\n|-supereffective|p2a: Chimecho\n|-damage|p2a: Chimecho|23\/100 psn\n|-enditem|p1a: Gliscor|Toxic Orb|[from] move: Fling\n|move|p1b: Grafaiai|Scary Face|p1a: Gliscor\n|-unboost|p1a: Gliscor|spe|2\n|\n|-damage|p2a: Chimecho|10\/100 psn|[from] psn\n|upkeep\n|turn|3\n|\n|t:|1699186363\n|switch|p1b: Grimmsnarl|Grimmsnarl, M|100\/100\n|move|p2b: Pyukumuku|Helping Hand|p2a: Chimecho\n|-singleturn|p2a: Chimecho|Helping Hand|[of] p2b: Pyukumuku\n|move|p2a: Chimecho|Dazzling Gleam|p1b: Grimmsnarl|[spread] p1a,p1b\n|-supereffective|p1b: Grimmsnarl\n|-damage|p1a: Gliscor|58\/100 tox\n|-damage|p1b: Grimmsnarl|40\/100\n|move|p1a: Gliscor|Earthquake|p2a: Chimecho|[spread] p1b,p2b\n|-immune|p2a: Chimecho|[from] ability: Levitate\n|-damage|p1b: Grimmsnarl|0 fnt\n|-damage|p2b: Pyukumuku|72\/100\n|faint|p1b: Grimmsnarl\n|\n|-heal|p2b: Pyukumuku|78\/100|[from] item: Leftovers\n|-damage|p2a: Chimecho|0 fnt|[from] psn\n|faint|p2a: Chimecho\n|-heal|p1a: Gliscor|71\/100 tox|[from] ability: Poison Heal\n|upkeep\n|\n|t:|1699186379\n|switch|p2a: Camerupt|Camerupt, F|100\/100\n|switch|p1b: Grafaiai|Grafaiai, F|100\/100\n|turn|4\n|\n|t:|1699186400\n|detailschange|p2a: Camerupt|Camerupt-Mega, F\n|-mega|p2a: Camerupt|Camerupt|Cameruptite\n|move|p2b: Pyukumuku|Helping Hand|p2a: Camerupt\n|-singleturn|p2a: Camerupt|Helping Hand|[of] p2b: Pyukumuku\n|move|p2a: Camerupt|Eruption|p1b: Grafaiai|[spread] p1a,p1b\n|-damage|p1a: Gliscor|0 fnt\n|-damage|p1b: Grafaiai|0 fnt\n|faint|p1a: Gliscor\n|faint|p1b: Grafaiai\n|\n|-hint|Future Sight did not hit because the target is fainted.\n|-heal|p2b: Pyukumuku|84\/100|[from] item: Leftovers\n|upkeep\n|\n|t:|1699186409\n|switch|p1a: Goodra|Goodra-Hisui, F|100\/100\n|switch|p1b: Armarouge|Armarouge, M|100\/100\n|turn|5\n|\n|t:|1699186439\n|move|p2b: Pyukumuku|Pain Split|p1a: Goodra\n|-sethp|p1a: Goodra|86\/100|[from] move: Pain Split|[silent]\n|-sethp|p2b: Pyukumuku|99\/100|[from] move: Pain Split\n|move|p2a: Camerupt|Earth Power|p1b: Armarouge\n|-supereffective|p1b: Armarouge\n|-enditem|p1b: Armarouge|Focus Sash\n|-damage|p1b: Armarouge|1\/100\n|move|p1a: Goodra|Draco Meteor|p2a: Camerupt\n|-damage|p2a: Camerupt|35\/100\n|-unboost|p1a: Goodra|spa|2\n|move|p1b: Armarouge|Armor Cannon|p2a: Camerupt\n|-resisted|p2a: Camerupt\n|-damage|p2a: Camerupt|1\/100\n|-unboost|p1b: Armarouge|def|1\n|-unboost|p1b: Armarouge|spd|1\n|\n|-heal|p2b: Pyukumuku|100\/100|[from] item: Leftovers\n|-fieldend|move: Trick Room\n|upkeep\n|turn|6\n|\n|t:|1699186490\n|move|p1b: Armarouge|Aura Sphere|p2a: Camerupt\n|-damage|p2a: Camerupt|0 fnt\n|faint|p2a: Camerupt\n|move|p1a: Goodra|Acid Armor|p1a: Goodra\n|-boost|p1a: Goodra|def|2\n|move|p2b: Pyukumuku|Toxic|p1b: Armarouge\n|-status|p1b: Armarouge|tox\n|\n|-damage|p1b: Armarouge|0 fnt|[from] psn\n|faint|p1b: Armarouge\n|upkeep\n|\n|t:|1699186504\n|switch|p1b: Chien-Pao|Chien-Pao|100\/100\n|switch|p2a: Ambipom|Ambipom, F|100\/100\n|-ability|p1b: Chien-Pao|Sword of Ruin\n|turn|7\n|\n|t:|1699186523\n|move|p2a: Ambipom|Fake Out|p1b: Chien-Pao\n|-damage|p1b: Chien-Pao|68\/100\n|move|p1a: Goodra|Body Press|p2a: Ambipom\n|-supereffective|p2a: Ambipom\n|-damage|p2a: Ambipom|0 fnt\n|faint|p2a: Ambipom\n|move|p2b: Pyukumuku|Toxic|p1b: Chien-Pao\n|-status|p1b: Chien-Pao|tox\n|cant|p1b: Chien-Pao|flinch\n|\n|-damage|p1b: Chien-Pao|62\/100 tox|[from] psn\n|upkeep\n|\n|t:|1699186531\n|switch|p2a: Torkoal|Torkoal, M|100\/100\n|-weather|SunnyDay|[from] ability: Drought|[of] p2a: Torkoal\n|turn|8\n|\n|t:|1699186555\n|-terastallize|p1b: Chien-Pao|Dark\n|move|p2b: Pyukumuku|Helping Hand|p2a: Torkoal\n|-singleturn|p2a: Torkoal|Helping Hand|[of] p2b: Pyukumuku\n|move|p1b: Chien-Pao|Psychic Fangs|p2a: Torkoal\n|-damage|p2a: Torkoal|56\/100\n|move|p1a: Goodra|Body Press|p2a: Torkoal\n|-damage|p2a: Torkoal|19\/100\n|move|p2a: Torkoal|Lava Plume|p1b: Chien-Pao|[spread] p2b,p1a,p1b\n|-resisted|p2b: Pyukumuku\n|-damage|p2b: Pyukumuku|81\/100\n|-damage|p1a: Goodra|47\/100\n|-damage|p1b: Chien-Pao|0 fnt\n|-status|p2b: Pyukumuku|brn\n|faint|p1b: Chien-Pao\n|\n|-weather|SunnyDay|[upkeep]\n|-heal|p2b: Pyukumuku|87\/100 brn|[from] item: Leftovers\n|-damage|p2b: Pyukumuku|81\/100 brn|[from] brn\n|upkeep\n|turn|9\n|\n|t:|1699186589\n|move|p1a: Goodra|Body Press|p2a: Torkoal\n|-crit|p2a: Torkoal\n|-damage|p2a: Torkoal|0 fnt\n|faint|p2a: Torkoal\n|move|p2b: Pyukumuku|Pain Split|p2: Torkoal|[notarget]\n|-fail|p2b: Pyukumuku\n|\n|-weather|SunnyDay|[upkeep]\n|-heal|p2b: Pyukumuku|87\/100 brn|[from] item: Leftovers\n|-damage|p2b: Pyukumuku|81\/100 brn|[from] brn\n|upkeep\n|\n|t:|1699186591\n|switch|p2a: Ditto|Ditto|100\/100\n|turn|10\n|\n|t:|1699186615\n|move|p2a: Ditto|Transform|p1a: Goodra\n|-transform|p2a: Ditto|p1a: Goodra\n|move|p1a: Goodra|Acid Armor|p1a: Goodra\n|-boost|p1a: Goodra|def|2\n|move|p2b: Pyukumuku|Pain Split|p2a: Ditto\n|-sethp|p2a: Ditto|92\/100|[from] move: Pain Split|[silent]\n|-sethp|p2b: Pyukumuku|88\/100 brn|[from] move: Pain Split\n|\n|-weather|SunnyDay|[upkeep]\n|-heal|p2b: Pyukumuku|94\/100 brn|[from] item: Leftovers\n|-damage|p2b: Pyukumuku|88\/100 brn|[from] brn\n|upkeep\n|turn|11\n|\n|t:|1699186639\n|move|p2b: Pyukumuku|Helping Hand|p2a: Ditto\n|-singleturn|p2a: Ditto|Helping Hand|[of] p2b: Pyukumuku\n|move|p1a: Goodra|Body Press|p2a: Ditto\n|-supereffective|p2a: Ditto\n|-damage|p2a: Ditto|28\/100\n|-ability|p2a: Ditto|Gooey\n|-unboost|p1a: Goodra|spe|1\n|move|p2a: Ditto|Body Press|p1a: Goodra\n|-supereffective|p1a: Goodra\n|-damage|p1a: Goodra|10\/100\n|-damage|p2a: Ditto|11\/100|[from] item: Rocky Helmet|[of] p1a: Goodra\n|-ability|p1a: Goodra|Gooey\n|-unboost|p2a: Ditto|spe|1\n|\n|-weather|SunnyDay|[upkeep]\n|-heal|p2b: Pyukumuku|94\/100 brn|[from] item: Leftovers\n|-damage|p2b: Pyukumuku|88\/100 brn|[from] brn\n|upkeep\n|turn|12\n|c|\u2606elmaptiv|gg\n|c|\u2606elmaptiv|pyukumuku carrying\n|inactive|Battle timer is ON: inactive players will automatically lose when time's up. (requested by elmaptiv)\n|\n|t:|1699186684\n|move|p2b: Pyukumuku|Helping Hand|p2a: Ditto\n|-singleturn|p2a: Ditto|Helping Hand|[of] p2b: Pyukumuku\n|move|p1a: Goodra|Body Press|p2a: Ditto\n|-supereffective|p2a: Ditto\n|-damage|p2a: Ditto|0 fnt\n|-ability|p2a: Ditto|Gooey\n|-unboost|p1a: Goodra|spe|1\n|faint|p2a: Ditto\n|\n|-weather|SunnyDay|[upkeep]\n|-heal|p2b: Pyukumuku|94\/100 brn|[from] item: Leftovers\n|-damage|p2b: Pyukumuku|88\/100 brn|[from] brn\n|upkeep\n|turn|13\n|c|\u2606saltyfur|Yeah\n|c|\u2606saltyfur|GG Lol\n|c|\u2606elmaptiv|wait\n|inactive|elmaptiv has 120 seconds left.\n|c|\u2606saltyfur|?\n|c|\u2606elmaptiv|you lowed your speed\n|c|\u2606elmaptiv|oh\n|c|\u2606elmaptiv|me too\n|c|\u2606elmaptiv|srry\n|c|\u2606saltyfur|??\n|\n|t:|1699186742\n|move|p1a: Goodra|Draco Meteor|p2b: Pyukumuku|[miss]\n|-miss|p1a: Goodra|p2b: Pyukumuku\n|move|p2b: Pyukumuku|Recover|p2b: Pyukumuku\n|-heal|p2b: Pyukumuku|100\/100 brn\n|\n|-weather|SunnyDay|[upkeep]\n|-damage|p2b: Pyukumuku|94\/100 brn|[from] brn\n|upkeep\n|turn|14\n|\n|t:|1699186753\n|move|p1a: Goodra|Draco Meteor|p2b: Pyukumuku\n|-damage|p2b: Pyukumuku|52\/100 brn\n|-unboost|p1a: Goodra|spa|2\n|move|p2b: Pyukumuku|Toxic|p1a: Goodra\n|-immune|p1a: Goodra\n|\n|-weather|SunnyDay|[upkeep]\n|-heal|p2b: Pyukumuku|58\/100 brn|[from] item: Leftovers\n|-damage|p2b: Pyukumuku|52\/100 brn|[from] brn\n|upkeep\n|turn|15\n|\n|t:|1699186763\n|move|p1a: Goodra|Draco Meteor|p2b: Pyukumuku\n|-damage|p2b: Pyukumuku|6\/100 brn\n|-unboost|p1a: Goodra|spa|2\n|move|p2b: Pyukumuku|Recover|p2b: Pyukumuku\n|-heal|p2b: Pyukumuku|56\/100 brn\n|\n|-weather|none\n|-heal|p2b: Pyukumuku|62\/100 brn|[from] item: Leftovers\n|-damage|p2b: Pyukumuku|56\/100 brn|[from] brn\n|upkeep\n|turn|16\n|\n|t:|1699186769\n|move|p1a: Goodra|Draco Meteor|p2b: Pyukumuku\n|-damage|p2b: Pyukumuku|16\/100 brn\n|move|p2b: Pyukumuku|Recover|p2b: Pyukumuku\n|-heal|p2b: Pyukumuku|66\/100 brn\n|\n|-heal|p2b: Pyukumuku|72\/100 brn|[from] item: Leftovers\n|-damage|p2b: Pyukumuku|66\/100 brn|[from] brn\n|upkeep\n|turn|17\n|\n|t:|1699186776\n|move|p1a: Goodra|Draco Meteor|p2b: Pyukumuku\n|-damage|p2b: Pyukumuku|21\/100 brn\n|move|p2b: Pyukumuku|Recover|p2b: Pyukumuku\n|-heal|p2b: Pyukumuku|71\/100 brn\n|\n|-heal|p2b: Pyukumuku|77\/100 brn|[from] item: Leftovers\n|-damage|p2b: Pyukumuku|71\/100 brn|[from] brn\n|upkeep\n|turn|18\n|-message|elmaptiv forfeited.\n|\n|win|saltyfur\n|raw|saltyfur's rating: 1000 &rarr; <strong>1053<\/strong><br \/>(+53 for winning)\n|raw|elmaptiv's rating: 1118 &rarr; <strong>1085<\/strong><br \/>(-33 for losing)\n|l|\u2606elmaptiv\n","uploadtime":1699186798,"views":7,"p1id":"saltyfur","p2id":"elmaptiv","formatid":"gen9nationaldexdoubles","rating":1053,"private":0,"password":""}