{"id":"gen9nationaldexdoubles-1957292673","p1":"Theadonia","p2":"Dav136389","format":"[Gen 9] National Dex Doubles","log":"|j|\u2606Theadonia\n|j|\u2606Dav136389\n|t:|1696205478\n|gametype|doubles\n|player|p1|Theadonia|caitlin|1117\n|player|p2|Dav136389|steven|1043\n|teamsize|p1|6\n|teamsize|p2|6\n|gen|9\n|tier|[Gen 9] National Dex Doubles\n|rated|\n|rule|HP Percentage Mod: HP is shown in percentages\n|rule|Endless Battle Clause: Forcing endless battles is banned\n|rule|OHKO Clause: OHKO moves are banned\n|rule|Evasion Moves Clause: Evasion moves are banned\n|rule|Evasion Abilities Clause: Evasion abilities are banned\n|rule|Species Clause: Limit one of each Pok\u00e9mon\n|rule|Gravity Sleep Clause: The combination of sleep-inducing moves with imperfect accuracy and Gravity or Gigantamax Orbeetle are banned\n|clearpoke\n|poke|p1|Delphox, F|\n|poke|p1|Oricorio-Sensu, F|\n|poke|p1|Kommo-o, M|\n|poke|p1|Riolu, M|\n|poke|p1|Cresselia, F|\n|poke|p1|Zorua, M|\n|poke|p2|Toedscruel, F|\n|poke|p2|Torkoal, M|\n|poke|p2|Palafin, M|\n|poke|p2|Gholdengo|\n|poke|p2|Ribombee, M|\n|poke|p2|Oricorio-Sensu, M|\n|teampreview\n|\n|t:|1696205488\n|start\n|switch|p1a: Delphox|Delphox, F, shiny|100\/100\n|switch|p1b: Oricorio|Oricorio-Sensu, F, shiny|100\/100\n|switch|p2a: Oricorio|Oricorio-Sensu, M|100\/100\n|switch|p2b: Ribombee|Ribombee, M|100\/100\n|turn|1\n|\n|t:|1696205503\n|move|p1a: Delphox|Role Play|p2a: Oricorio\n|-endability|p1a: Delphox|Magician|[from] move: Role Play\n|-ability|p1a: Delphox|Dancer|[from] move: Role Play|[of] p2a: Oricorio\n|move|p2b: Ribombee|Quiver Dance|p2b: Ribombee\n|-boost|p2b: Ribombee|spa|1\n|-boost|p2b: Ribombee|spd|1\n|-boost|p2b: Ribombee|spe|1\n|-activate|p1b: Oricorio|ability: Dancer\n|move|p1b: Oricorio|Quiver Dance|p1b: Oricorio|[from]ability: Dancer\n|-boost|p1b: Oricorio|spa|1\n|-boost|p1b: Oricorio|spd|1\n|-boost|p1b: Oricorio|spe|1\n|-activate|p2a: Oricorio|ability: Dancer\n|move|p2a: Oricorio|Quiver Dance|p2a: Oricorio|[from]ability: Dancer\n|-boost|p2a: Oricorio|spa|1\n|-boost|p2a: Oricorio|spd|1\n|-boost|p2a: Oricorio|spe|1\n|-activate|p1a: Delphox|ability: Dancer\n|move|p1a: Delphox|Quiver Dance|p1a: Delphox|[from]ability: Dancer\n|-boost|p1a: Delphox|spa|1\n|-boost|p1a: Delphox|spd|1\n|-boost|p1a: Delphox|spe|1\n|move|p2a: Oricorio|Taunt|p1b: Oricorio\n|-start|p1b: Oricorio|move: Taunt\n|move|p1b: Oricorio|Revelation Dance|p2a: Oricorio\n|-supereffective|p2a: Oricorio\n|-damage|p2a: Oricorio|13\/100\n|-activate|p2a: Oricorio|ability: Dancer\n|move|p2a: Oricorio|Revelation Dance|p1b: Oricorio|[from]ability: Dancer\n|-supereffective|p1b: Oricorio\n|-damage|p1b: Oricorio|2\/100\n|-enditem|p1b: Oricorio|Aguav Berry|[eat]\n|-heal|p1b: Oricorio|35\/100|[from] item: Aguav Berry\n|-activate|p1a: Delphox|ability: Dancer\n|move|p1a: Delphox|Revelation Dance|p2a: Oricorio|[from]ability: Dancer\n|-damage|p2a: Oricorio|0 fnt\n|faint|p2a: Oricorio\n|\n|upkeep\n|\n|t:|1696205544\n|switch|p2a: Palafin|Palafin, M|100\/100\n|turn|2\n|\n|t:|1696205555\n|-terastallize|p1a: Delphox|Fire\n|move|p2a: Palafin|Jet Punch|p1a: Delphox\n|-supereffective|p1a: Delphox\n|-damage|p1a: Delphox|9\/100\n|move|p1a: Delphox|Copycat|p1a: Delphox\n|move|p1a: Delphox|Jet Punch|p2a: Palafin|[from]move: Copycat\n|-resisted|p2a: Palafin\n|-damage|p2a: Palafin|95\/100\n|move|p2b: Ribombee|Pollen Puff|p1b: Oricorio\n|-resisted|p1b: Oricorio\n|-damage|p1b: Oricorio|23\/100\n|move|p1b: Oricorio|Revelation Dance|p2a: Palafin\n|-damage|p2a: Palafin|27\/100\n|-activate|p1a: Delphox|ability: Dancer\n|move|p1a: Delphox|Revelation Dance|p2a: Palafin|[from]ability: Dancer\n|-resisted|p2a: Palafin\n|-damage|p2a: Palafin|0 fnt\n|faint|p2a: Palafin\n|\n|upkeep\n|\n|t:|1696205576\n|switch|p2a: Torkoal|Torkoal, M|100\/100\n|-weather|SunnyDay|[from] ability: Drought|[of] p2a: Torkoal\n|turn|3\n|\n|t:|1696205590\n|move|p1a: Delphox|Copycat|p1a: Delphox\n|move|p1a: Delphox|Revelation Dance|p2a: Torkoal|[from]move: Copycat\n|-resisted|p2a: Torkoal\n|-damage|p2a: Torkoal|43\/100\n|-activate|p1b: Oricorio|ability: Dancer\n|move|p1b: Oricorio|Revelation Dance|p2a: Torkoal|[from]ability: Dancer\n|-damage|p2a: Torkoal|7\/100\n|move|p2b: Ribombee|Moonblast|p1b: Oricorio\n|-damage|p1b: Oricorio|0 fnt\n|faint|p1b: Oricorio\n|move|p2a: Torkoal|Rock Slide|p1a: Delphox\n|-supereffective|p1a: Delphox\n|-damage|p1a: Delphox|0 fnt\n|faint|p1a: Delphox\n|\n|-weather|SunnyDay|[upkeep]\n|upkeep\n|\n|t:|1696205609\n|switch|p1a: Cresselia|Cresselia, F|100\/100\n|switch|p1b: Riolu|Riolu, M|100\/100\n|turn|4\n|\n|t:|1696205624\n|move|p1b: Riolu|Copycat|p1b: Riolu\n|move|p1b: Riolu|Rock Slide|p2a: Torkoal|[from]move: Copycat|[spread] p2a,p2b\n|-supereffective|p2a: Torkoal\n|-supereffective|p2b: Ribombee\n|-damage|p2a: Torkoal|0 fnt\n|-damage|p2b: Ribombee|68\/100\n|faint|p2a: Torkoal\n|cant|p2b: Ribombee|flinch\n|move|p1a: Cresselia|Icy Wind|p2b: Ribombee\n|-damage|p2b: Ribombee|51\/100\n|-unboost|p2b: Ribombee|spe|1\n|\n|-weather|SunnyDay|[upkeep]\n|upkeep\n|\n|t:|1696205636\n|switch|p2a: Gholdengo|Gholdengo|100\/100\n|turn|5\n|\n|t:|1696205648\n|move|p1b: Riolu|Copycat|p1b: Riolu\n|move|p1b: Riolu|Icy Wind|p2a: Gholdengo|[from]move: Copycat|[spread] p2a,p2b\n|-resisted|p2a: Gholdengo\n|-damage|p2a: Gholdengo|96\/100\n|-damage|p2b: Ribombee|43\/100\n|-unboost|p2a: Gholdengo|spe|1\n|-unboost|p2b: Ribombee|spe|1\n|move|p2b: Ribombee|Moonblast|p1b: Riolu\n|-supereffective|p1b: Riolu\n|-damage|p1b: Riolu|0 fnt\n|faint|p1b: Riolu\n|move|p1a: Cresselia|Icy Wind|p2a: Gholdengo|[spread] p2a,p2b\n|-resisted|p2a: Gholdengo\n|-damage|p2a: Gholdengo|91\/100\n|-damage|p2b: Ribombee|31\/100\n|-unboost|p2a: Gholdengo|spe|1\n|-unboost|p2b: Ribombee|spe|1\n|move|p2a: Gholdengo|Shadow Ball|p1a: Cresselia\n|-supereffective|p1a: Cresselia\n|-damage|p1a: Cresselia|24\/100\n|-unboost|p1a: Cresselia|spd|1\n|\n|-weather|SunnyDay|[upkeep]\n|-heal|p1a: Cresselia|30\/100|[from] item: Leftovers\n|upkeep\n|\n|t:|1696205666\n|switch|p1b: Kommo-o|Kommo-o, M, shiny|100\/100\n|turn|6\n|\n|t:|1696205672\n|move|p1b: Kommo-o|Poison Jab|p2b: Ribombee\n|-supereffective|p2b: Ribombee\n|-damage|p2b: Ribombee|0 fnt\n|faint|p2b: Ribombee\n|move|p1a: Cresselia|Icy Wind|p2a: Gholdengo\n|-resisted|p2a: Gholdengo\n|-damage|p2a: Gholdengo|83\/100\n|-unboost|p2a: Gholdengo|spe|1\n|move|p2a: Gholdengo|Shadow Ball|p1a: Cresselia\n|-supereffective|p1a: Cresselia\n|-damage|p1a: Cresselia|0 fnt\n|faint|p1a: Cresselia\n|\n|-weather|SunnyDay|[upkeep]\n|upkeep\n|\n|t:|1696205685\n|switch|p2b: Toedscruel|Toedscruel, F|100\/100\n|switch|p1a: Kommo-o|Kommo-o, M, shiny|100\/100\n|turn|7\n|\n|t:|1696205694\n|-zpower|p1b: Kommo-o\n|move|p1b: Kommo-o|Clangorous Soulblaze|p2b: Toedscruel|[zeffect]|[spread] p2a,p2b\n|-resisted|p2a: Gholdengo\n|-damage|p2a: Gholdengo|59\/100\n|-damage|p2b: Toedscruel|62\/100\n|-boost|p1b: Kommo-o|atk|1\n|-boost|p1b: Kommo-o|def|1\n|-boost|p1b: Kommo-o|spa|1\n|-boost|p1b: Kommo-o|spd|1\n|-boost|p1b: Kommo-o|spe|1\n|move|p1a: Kommo-o|Knock Off|p2a: Gholdengo\n|-supereffective|p2a: Gholdengo\n|-damage|p2a: Gholdengo|8\/100\n|-enditem|p2a: Gholdengo|Choice Specs|[from] move: Knock Off|[of] p1a: Kommo-o\n|move|p2a: Gholdengo|Shadow Ball|p1a: Kommo-o\n|-resisted|p1a: Kommo-o\n|-damage|p1a: Kommo-o|67\/100\n|replace|p1a: Zorua|Zorua, M\n|-end|p1a: Zorua|Illusion\n|move|p2b: Toedscruel|Spore|p1b: Kommo-o\n|-status|p1b: Kommo-o|slp|[from] move: Spore\n|\n|-weather|none\n|upkeep\n|turn|8\n|\n|t:|1696205719\n|move|p2b: Toedscruel|Protect|p2b: Toedscruel\n|-singleturn|p2b: Toedscruel|Protect\n|cant|p1b: Kommo-o|slp\n|move|p1a: Zorua|Night Daze|p2a: Gholdengo\n|-supereffective|p2a: Gholdengo\n|-damage|p2a: Gholdengo|0 fnt\n|faint|p2a: Gholdengo\n|\n|upkeep\n|turn|9\n|\n|t:|1696205729\n|move|p1a: Zorua|Protect|p1a: Zorua\n|-singleturn|p1a: Zorua|Protect\n|cant|p1b: Kommo-o|slp\n|move|p2b: Toedscruel|Spore|p1a: Zorua\n|-activate|p1a: Zorua|move: Protect\n|\n|upkeep\n|turn|10\n|\n|t:|1696205738\n|-curestatus|p1b: Kommo-o|slp|[msg]\n|move|p1b: Kommo-o|Poison Jab|p2b: Toedscruel\n|-damage|p2b: Toedscruel|20\/100\n|move|p1a: Zorua|Knock Off|p2b: Toedscruel\n|-damage|p2b: Toedscruel|0 fnt\n|-enditem|p2b: Toedscruel|Yache Berry|[from] move: Knock Off|[of] p1a: Zorua\n|faint|p2b: Toedscruel\n|\n|win|Theadonia\n|raw|Theadonia's rating: 1117 &rarr; <strong>1137<\/strong><br \/>(+20 for winning)\n|raw|Dav136389's rating: 1043 &rarr; <strong>1030<\/strong><br \/>(-13 for losing)\n|l|\u2606Dav136389\n|c|\u2606Theadonia|Gg\n","uploadtime":1696205751,"views":6,"p1id":"theadonia","p2id":"dav136389","formatid":"gen9nationaldexdoubles","rating":1030,"private":0,"password":""}