{"id":"gen9nationaldexdoubles-1957606236","p1":"Old McBruh","p2":"Paldea Athens 420","format":"[Gen 9] National Dex Doubles","log":"|j|\u2606Old McBruh\n|j|\u2606Paldea Athens 420\n|t:|1696244838\n|gametype|doubles\n|player|p1|Old McBruh|colress|1487\n|player|p2|Paldea Athens 420|volo|1512\n|teamsize|p1|6\n|teamsize|p2|6\n|gen|9\n|tier|[Gen 9] National Dex Doubles\n|rated|\n|rule|HP Percentage Mod: HP is shown in percentages\n|rule|Endless Battle Clause: Forcing endless battles is banned\n|rule|OHKO Clause: OHKO moves are banned\n|rule|Evasion Moves Clause: Evasion moves are banned\n|rule|Evasion Abilities Clause: Evasion abilities are banned\n|rule|Species Clause: Limit one of each Pok\u00e9mon\n|rule|Gravity Sleep Clause: The combination of sleep-inducing moves with imperfect accuracy and Gravity or Gigantamax Orbeetle are banned\n|clearpoke\n|poke|p1|Zygarde|\n|poke|p1|Ninetales-Alola, F|\n|poke|p1|Cresselia, F|\n|poke|p1|Whimsicott, M|\n|poke|p1|Chien-Pao|\n|poke|p1|Rillaboom, F|\n|poke|p2|Kingambit, M|\n|poke|p2|Flutter Mane|\n|poke|p2|Charizard, M|\n|poke|p2|Tornadus, M|\n|poke|p2|Ogerpon-Hearthflame, F|\n|poke|p2|Chien-Pao|\n|teampreview\n|\n|t:|1696244872\n|start\n|switch|p1a: Whimsicott|Whimsicott, M|100\/100\n|switch|p1b: Ninetales|Ninetales-Alola, F|100\/100\n|switch|p2a: Tornadus|Tornadus, M|100\/100\n|switch|p2b: Flutter Mane|Flutter Mane|100\/100\n|-weather|Snow|[from] ability: Snow Warning|[of] p1b: Ninetales\n|turn|1\n|\n|t:|1696244884\n|move|p1a: Whimsicott|Taunt|p2a: Tornadus\n|-start|p2a: Tornadus|move: Taunt\n|move|p2b: Flutter Mane|Dazzling Gleam|p1a: Whimsicott|[spread] p1a,p1b\n|-damage|p1a: Whimsicott|48\/100\n|-damage|p1b: Ninetales|60\/100\n|move|p1b: Ninetales|Aurora Veil|p1b: Ninetales\n|-sidestart|p1: Old McBruh|move: Aurora Veil\n|-zpower|p2a: Tornadus\n|move|p2a: Tornadus|Supersonic Skystrike|p1b: Ninetales|[zeffect]\n|-damage|p1b: Ninetales|0 fnt\n|faint|p1b: Ninetales\n|\n|-weather|Snow|[upkeep]\n|upkeep\n|\n|t:|1696244894\n|switch|p1b: The Immortal|Zygarde|100\/100\n|-ability|p1b: The Immortal|Aura Break\n|turn|2\n|\n|t:|1696244904\n|-terastallize|p1b: The Immortal|Fairy\n|move|p1a: Whimsicott|Tailwind|p1a: Whimsicott\n|-sidestart|p1: Old McBruh|move: Tailwind\n|move|p1b: The Immortal|Coil|p1b: The Immortal\n|-boost|p1b: The Immortal|atk|1\n|-boost|p1b: The Immortal|def|1\n|-boost|p1b: The Immortal|accuracy|1\n|move|p2b: Flutter Mane|Dazzling Gleam|p1a: Whimsicott|[spread] p1a,p1b\n|-damage|p1a: Whimsicott|13\/100\n|-damage|p1b: The Immortal|86\/100\n|move|p2a: Tornadus|Bleakwind Storm|p1b: The Immortal|[spread] p1a,p1b\n|-supereffective|p1a: Whimsicott\n|-damage|p1a: Whimsicott|0 fnt\n|-damage|p1b: The Immortal|71\/100\n|faint|p1a: Whimsicott\n|\n|-weather|Snow|[upkeep]\n|upkeep\n|\n|t:|1696244908\n|switch|p1a: Cresselia|Cresselia, F|100\/100\n|turn|3\n|\n|t:|1696244925\n|move|p1b: The Immortal|Coil|p1b: The Immortal\n|-boost|p1b: The Immortal|atk|1\n|-boost|p1b: The Immortal|def|1\n|-boost|p1b: The Immortal|accuracy|1\n|move|p1a: Cresselia|Lunar Blessing|p1a: Cresselia|[spread] p1a,p1b\n|-heal|p1b: The Immortal|96\/100\n|move|p2b: Flutter Mane|Shadow Ball|p1a: Cresselia\n|-supereffective|p1a: Cresselia\n|-damage|p1a: Cresselia|72\/100\n|move|p2a: Tornadus|Bleakwind Storm|p1a: Cresselia|[spread] p1a,p1b\n|-damage|p1a: Cresselia|61\/100\n|-damage|p1b: The Immortal|81\/100\n|\n|-weather|Snow|[upkeep]\n|-end|p2a: Tornadus|move: Taunt\n|upkeep\n|turn|4\n|\n|t:|1696244940\n|move|p2a: Tornadus|Taunt|p1b: The Immortal\n|-start|p1b: The Immortal|move: Taunt\n|cant|p1b: The Immortal|move: Taunt|Coil\n|move|p1a: Cresselia|Lunar Blessing|p1a: Cresselia|[spread] p1a,p1b\n|-heal|p1a: Cresselia|86\/100\n|-heal|p1b: The Immortal|100\/100\n|move|p2b: Flutter Mane|Shadow Ball|p1a: Cresselia\n|-supereffective|p1a: Cresselia\n|-damage|p1a: Cresselia|53\/100\n|\n|-weather|Snow|[upkeep]\n|upkeep\n|turn|5\n|inactive|Battle timer is ON: inactive players will automatically lose when time's up. (requested by Paldea Athens 420)\n|\n|t:|1696244953\n|switch|p1a: Chien-Pao|Chien-Pao|100\/100\n|-ability|p1a: Chien-Pao|Sword of Ruin\n|move|p2a: Tornadus|Taunt|p1a: Chien-Pao\n|-hint|Since gen 7, Dark is immune to Prankster moves.\n|-immune|p1a: Chien-Pao\n|move|p1b: The Immortal|Thousand Arrows|p2a: Tornadus|[spread] p2a,p2b\n|-crit|p2a: Tornadus\n|-damage|p2a: Tornadus|0 fnt\n|-enditem|p2b: Flutter Mane|Focus Sash\n|-damage|p2b: Flutter Mane|1\/100\n|faint|p2a: Tornadus\n|move|p2b: Flutter Mane|Shadow Ball|p1a: Chien-Pao\n|-resisted|p1a: Chien-Pao\n|-damage|p1a: Chien-Pao|76\/100\n|\n|-weather|none\n|-sideend|p1: Old McBruh|move: Tailwind\n|upkeep\n|\n|t:|1696244968\n|switch|p2a: Kingambit|Kingambit, M, shiny|100\/100\n|turn|6\n|\n|t:|1696244975\n|-terastallize|p2a: Kingambit|Water\n|move|p2b: Flutter Mane|Protect|p2b: Flutter Mane\n|-singleturn|p2b: Flutter Mane|Protect\n|move|p1a: Chien-Pao|Sucker Punch||[still]\n|-fail|p1a: Chien-Pao\n|move|p1b: The Immortal|Thousand Arrows|p2a: Kingambit|[spread] p2a\n|-activate|p2b: Flutter Mane|move: Protect\n|-damage|p2a: Kingambit|52\/100\n|move|p2a: Kingambit|Brick Break|p1a: Chien-Pao\n|-sideend|p1: Old McBruh|move: Aurora Veil\n|-supereffective|p1a: Chien-Pao\n|-damage|p1a: Chien-Pao|0 fnt\n|faint|p1a: Chien-Pao\n|\n|-end|p1b: The Immortal|move: Taunt\n|upkeep\n|\n|t:|1696244984\n|switch|p1a: Rillaboom|Rillaboom, F|100\/100\n|-fieldstart|move: Grassy Terrain|[from] ability: Grassy Surge|[of] p1a: Rillaboom\n|turn|7\n|\n|t:|1696244994\n|move|p1a: Rillaboom|Grassy Glide|p2b: Flutter Mane\n|-damage|p2b: Flutter Mane|0 fnt\n|faint|p2b: Flutter Mane\n|-end|p2b: Flutter Mane|Protosynthesis|[silent]\n|move|p1b: The Immortal|Coil|p1b: The Immortal\n|-boost|p1b: The Immortal|atk|1\n|-boost|p1b: The Immortal|def|1\n|-boost|p1b: The Immortal|accuracy|1\n|move|p2a: Kingambit|Iron Head|p1b: The Immortal\n|-supereffective|p1b: The Immortal\n|-damage|p1b: The Immortal|78\/100\n|\n|-heal|p1b: The Immortal|84\/100|[from] Grassy Terrain\n|-heal|p2a: Kingambit|58\/100|[from] Grassy Terrain\n|upkeep\n|\n|t:|1696245002\n|switch|p2b: Ogerpon|Ogerpon-Hearthflame, F|100\/100\n|-ability|p2b: Ogerpon|Mold Breaker\n|turn|8\n|\n|t:|1696245013\n|move|p1b: The Immortal|Protect|p1b: The Immortal\n|-singleturn|p1b: The Immortal|Protect\n|move|p2b: Ogerpon|Ivy Cudgel|p1b: The Immortal\n|-activate|p1b: The Immortal|move: Protect\n|move|p1a: Rillaboom|U-turn|p2b: Ogerpon\n|-damage|p2b: Ogerpon|68\/100\n|\n|t:|1696245018\n|switch|p1a: Cresselia|Cresselia, F|53\/100|[from] U-turn\n|move|p2a: Kingambit|Kowtow Cleave|p1a: Cresselia\n|-supereffective|p1a: Cresselia\n|-damage|p1a: Cresselia|0 fnt\n|faint|p1a: Cresselia\n|\n|-heal|p2b: Ogerpon|74\/100|[from] Grassy Terrain\n|-heal|p1b: The Immortal|90\/100|[from] Grassy Terrain\n|-heal|p2a: Kingambit|64\/100|[from] Grassy Terrain\n|upkeep\n|\n|t:|1696245021\n|switch|p1a: Rillaboom|Rillaboom, F|100\/100\n|turn|9\n|\n|t:|1696245034\n|move|p1a: Rillaboom|Fake Out|p2b: Ogerpon\n|-damage|p2b: Ogerpon|57\/100\n|cant|p2b: Ogerpon|flinch\n|move|p1b: The Immortal|Thousand Arrows|p2b: Ogerpon|[spread] p2a,p2b\n|-damage|p2a: Kingambit|20\/100\n|-damage|p2b: Ogerpon|0 fnt\n|faint|p2b: Ogerpon\n|move|p2a: Kingambit|Iron Head|p1b: The Immortal\n|-supereffective|p1b: The Immortal\n|-damage|p1b: The Immortal|67\/100\n|\n|-heal|p1b: The Immortal|73\/100|[from] Grassy Terrain\n|-heal|p2a: Kingambit|26\/100|[from] Grassy Terrain\n|upkeep\n|\n|t:|1696245038\n|switch|p2b: Charizard|Charizard, M|100\/100\n|turn|10\n|\n|t:|1696245047\n|detailschange|p2b: Charizard|Charizard-Mega-Y, M\n|-mega|p2b: Charizard|Charizard|Charizardite Y\n|-weather|SunnyDay|[from] ability: Drought|[of] p2b: Charizard\n|move|p1a: Rillaboom|Grassy Glide|p2a: Kingambit\n|-supereffective|p2a: Kingambit\n|-damage|p2a: Kingambit|0 fnt\n|faint|p2a: Kingambit\n|move|p2b: Charizard|Heat Wave|p1b: The Immortal|[spread] p1a,p1b\n|-supereffective|p1a: Rillaboom\n|-damage|p1a: Rillaboom|14\/100\n|-damage|p1b: The Immortal|33\/100\n|move|p1b: The Immortal|Thousand Arrows|p2b: Charizard\n|-damage|p2b: Charizard|0 fnt\n|faint|p2b: Charizard\n|\n|-weather|SunnyDay|[upkeep]\n|-heal|p1b: The Immortal|40\/100|[from] Grassy Terrain\n|-heal|p1a: Rillaboom|20\/100|[from] Grassy Terrain\n|upkeep\n|\n|t:|1696245060\n|switch|p2a: Chien-Pao|Chien-Pao|100\/100\n|-ability|p2a: Chien-Pao|Sword of Ruin\n|turn|11\n|\n|t:|1696245067\n|move|p1a: Rillaboom|Grassy Glide|p2a: Chien-Pao\n|-damage|p2a: Chien-Pao|54\/100\n|move|p2a: Chien-Pao|Ice Spinner|p1b: The Immortal\n|-damage|p1b: The Immortal|24\/100\n|-fieldend|move: Grassy Terrain\n|move|p1b: The Immortal|Thousand Arrows|p2a: Chien-Pao\n|-damage|p2a: Chien-Pao|0 fnt\n|faint|p2a: Chien-Pao\n|\n|win|Old McBruh\n|raw|Old McBruh's rating: 1487 &rarr; <strong>1508<\/strong><br \/>(+21 for winning)\n|raw|Paldea Athens 420's rating: 1512 &rarr; <strong>1491<\/strong><br \/>(-21 for losing)\n|l|\u2606Paldea Athens 420\n","uploadtime":1696245084,"views":24,"p1id":"oldmcbruh","p2id":"paldeaathens420","formatid":"gen9nationaldexdoubles","rating":1491,"private":0,"password":""}