{"id":"gen9nationaldexdoubles-1977105400","p1":"Elnutriajp","p2":"JacintoElGrande","format":"[Gen 9] National Dex Doubles","log":"|j|\u2606Elnutriajp\n|j|\u2606JacintoElGrande\n|t:|1698372121\n|gametype|doubles\n|player|p1|Elnutriajp|lucas|\n|player|p2|JacintoElGrande|doctor-gen8|\n|teamsize|p1|6\n|teamsize|p2|6\n|gen|9\n|tier|[Gen 9] National Dex Doubles\n|rule|HP Percentage Mod: HP is shown in percentages\n|rule|Endless Battle Clause: Forcing endless battles is banned\n|rule|OHKO Clause: OHKO moves are banned\n|rule|Evasion Moves Clause: Evasion moves are banned\n|rule|Evasion Abilities Clause: Evasion abilities are banned\n|rule|Species Clause: Limit one of each Pok\u00e9mon\n|rule|Gravity Sleep Clause: The combination of sleep-inducing moves with imperfect accuracy and Gravity or Gigantamax Orbeetle are banned\n|clearpoke\n|poke|p1|Rotom-Wash|\n|poke|p1|Kingdra, F|\n|poke|p1|Pelipper, M|\n|poke|p1|Milotic, F|\n|poke|p1|Swampert, F|\n|poke|p1|Toxapex, F|\n|poke|p2|Clefairy, F|\n|poke|p2|Ditto|\n|poke|p2|Indeedee-F, F|\n|poke|p2|Farigiraf, M|\n|poke|p2|Ursaluna, F|\n|poke|p2|Maushold|\n|teampreview\n|c|\u2606JacintoElGrande|gl hf\n|c|\u2606JacintoElGrande|da miedo ese pex\n|c|\u2606Elnutriajp|aqu\u00ed estar\u00eda mi Dracovish, pero mi bb fue baneado y lamzado al uber en todas las categor\u00edas\n|\n|t:|1698372172\n|start\n|switch|p1a: Dex|Rotom-Wash|100\/100\n|switch|p1b: Toxapex|Toxapex, F|100\/100\n|switch|p2a: Indeedee|Indeedee-F, F|100\/100\n|switch|p2b: Maushold|Maushold|100\/100\n|-fieldstart|move: Psychic Terrain|[from] ability: Psychic Surge|[of] p2a: Indeedee\n|-enditem|p2a: Indeedee|Psychic Seed\n|-boost|p2a: Indeedee|spd|1|[from] item: Psychic Seed\n|turn|1\n|\n|t:|1698372228\n|move|p2a: Indeedee|Follow Me|p2a: Indeedee\n|-singleturn|p2a: Indeedee|move: Follow Me\n|move|p1a: Dex|Volt Switch|p2a: Indeedee\n|-damage|p2a: Indeedee|85\/100\n|c|\u2606Elnutriajp|estaba entre mi mono normal tambi\u00e9n XDDD\n|c|\u2606JacintoElGrande|igual ocupa a vish pa la otra\n|\n|t:|1698372238\n|switch|p1a: Pippe|Pelipper, M|100\/100|[from] Volt Switch\n|-weather|RainDance|[from] ability: Drizzle|[of] p1a: Pippe\n|move|p2b: Maushold|Population Bomb|p1a: Pippe\n|-damage|p1a: Pippe|87\/100\n|-damage|p1a: Pippe|72\/100\n|-damage|p1a: Pippe|57\/100\n|-damage|p1a: Pippe|44\/100\n|-damage|p1a: Pippe|30\/100\n|-damage|p1a: Pippe|16\/100\n|-damage|p1a: Pippe|2\/100\n|-damage|p1a: Pippe|0 fnt\n|faint|p1a: Pippe\n|-hitcount|p1: Pippe|8\n|move|p1b: Toxapex|Scald|p2a: Indeedee\n|-damage|p2a: Indeedee|73\/100\n|\n|-weather|RainDance|[upkeep]\n|upkeep\n|c|\u2606JacintoElGrande|estamos con ubers y todo\n|\n|t:|1698372268\n|switch|p1a: coshita|Swampert, F|100\/100\n|turn|2\n|\n|t:|1698372306\n|move|p2b: Maushold|Protect|p2b: Maushold\n|-singleturn|p2b: Maushold|Protect\n|move|p1a: coshita|Flip Turn|p2a: Indeedee\n|-damage|p2a: Indeedee|14\/100\n|c|\u2606Elnutriajp|dale, lo meto en la pr\u00f3xima\n|\n|t:|1698372328\n|switch|p1a: Mylo|Milotic, F|100\/100|[from] Flip Turn\n|move|p2a: Indeedee|Psychic|p1b: Toxapex\n|-supereffective|p1b: Toxapex\n|-damage|p1b: Toxapex|41\/100\n|move|p1b: Toxapex|Scald|p2a: Indeedee\n|-crit|p2a: Indeedee\n|-damage|p2a: Indeedee|0 fnt\n|faint|p2a: Indeedee\n|\n|-weather|RainDance|[upkeep]\n|-status|p1a: Mylo|brn|[from] item: Flame Orb\n|upkeep\n|c|\u2606JacintoElGrande|buena predic\n|\n|t:|1698372352\n|switch|p2a: Farigiraf|Farigiraf, M|100\/100\n|turn|3\n|\n|t:|1698372374\n|move|p1b: Toxapex|Baneful Bunker|p1b: Toxapex\n|-singleturn|p1b: Toxapex|move: Protect\n|move|p2b: Maushold|Population Bomb|p1a: Mylo\n|-damage|p1a: Mylo|93\/100 brn\n|-damage|p1a: Mylo|85\/100 brn\n|-damage|p1a: Mylo|77\/100 brn\n|-damage|p1a: Mylo|69\/100 brn\n|-damage|p1a: Mylo|61\/100 brn\n|-damage|p1a: Mylo|53\/100 brn\n|-damage|p1a: Mylo|45\/100 brn\n|-damage|p1a: Mylo|38\/100 brn\n|-damage|p1a: Mylo|29\/100 brn\n|-damage|p1a: Mylo|21\/100 brn\n|-hitcount|p1a: Mylo|10\n|move|p1a: Mylo|Scald|p2b: Maushold\n|-damage|p2b: Maushold|37\/100\n|-status|p2b: Maushold|brn\n|move|p2a: Farigiraf|Trick Room|p2a: Farigiraf\n|-fieldstart|move: Trick Room|[of] p2a: Farigiraf\n|\n|-weather|RainDance|[upkeep]\n|-damage|p1a: Mylo|15\/100 brn|[from] brn\n|-damage|p2b: Maushold|31\/100 brn|[from] brn\n|upkeep\n|turn|4\n|\n|t:|1698372408\n|move|p2b: Maushold|Follow Me|p2b: Maushold\n|-singleturn|p2b: Maushold|move: Follow Me\n|move|p1b: Toxapex|Scald|p2b: Maushold\n|-damage|p2b: Maushold|0 fnt\n|faint|p2b: Maushold\n|move|p2a: Farigiraf|Nasty Plot|p2a: Farigiraf\n|-boost|p2a: Farigiraf|spa|2\n|move|p1a: Mylo|Recover|p1a: Mylo\n|-heal|p1a: Mylo|65\/100 brn\n|\n|-weather|RainDance|[upkeep]\n|-damage|p1a: Mylo|59\/100 brn|[from] brn\n|upkeep\n|\n|t:|1698372432\n|switch|p2b: Ursaluna|Ursaluna, F|100\/100\n|turn|5\n|\n|t:|1698372457\n|move|p2b: Ursaluna|Earthquake|p1b: Toxapex|[spread] p2a,p1a,p1b\n|-supereffective|p1b: Toxapex\n|-damage|p2a: Farigiraf|56\/100\n|-damage|p1a: Mylo|26\/100 brn\n|-damage|p1b: Toxapex|0 fnt\n|faint|p1b: Toxapex\n|move|p2a: Farigiraf|Psychic|p1a: Mylo\n|-damage|p1a: Mylo|0 fnt\n|faint|p1a: Mylo\n|\n|-weather|RainDance|[upkeep]\n|-fieldend|move: Psychic Terrain\n|-status|p2b: Ursaluna|brn|[from] item: Flame Orb\n|upkeep\n|\n|t:|1698372475\n|switch|p1b: Queendra|Kingdra, F|100\/100\n|switch|p1a: Dex|Rotom-Wash|100\/100\n|turn|6\n|\n|t:|1698372494\n|move|p2b: Ursaluna|Facade|p1b: Queendra\n|-damage|p1b: Queendra|0 fnt\n|faint|p1b: Queendra\n|move|p2a: Farigiraf|Nasty Plot|p2a: Farigiraf\n|-boost|p2a: Farigiraf|spa|2\n|move|p1a: Dex|Trick|p2b: Ursaluna\n|-activate|p1a: Dex|move: Trick|[of] p2b: Ursaluna\n|-item|p2b: Ursaluna|Choice Scarf|[from] move: Trick\n|-item|p1a: Dex|Flame Orb|[from] move: Trick\n|\n|-weather|RainDance|[upkeep]\n|-damage|p2b: Ursaluna|94\/100 brn|[from] brn\n|-status|p1a: Dex|brn|[from] item: Flame Orb\n|upkeep\n|\n|t:|1698372507\n|switch|p1b: coshita|Swampert, F|100\/100\n|turn|7\n|\n|t:|1698372523\n|detailschange|p1b: coshita|Swampert-Mega, F\n|-mega|p1b: coshita|Swampert|Swampertite\n|move|p1a: Dex|Ally Switch|p1a: Dex\n|swap|p1a: Dex|1|[from] move: Ally Switch\n|move|p2a: Farigiraf|Psychic|p1b: Dex\n|-damage|p1b: Dex|0 fnt\n|faint|p1b: Dex\n|move|p2b: Ursaluna|Facade|p1a: coshita\n|-damage|p1a: coshita|0 fnt\n|faint|p1a: coshita\n|\n|win|JacintoElGrande\n|c|\u2606JacintoElGrande|gg\n","uploadtime":1698372533,"views":10,"p1id":"elnutriajp","p2id":"jacintoelgrande","formatid":"gen9nationaldexdoubles","rating":0,"private":0,"password":""}