{"id":"gen9nationaldexdoubles-1981976234","p1":"nessajade","p2":"GunGalione","format":"[Gen 9] National Dex Doubles","log":"|j|\u2606nessajade\n|j|\u2606GunGalione\n|t:|1698956422\n|gametype|doubles\n|player|p1|nessajade|clair|1048\n|player|p2|GunGalione|pokemonranger-gen4|1146\n|teamsize|p1|6\n|teamsize|p2|6\n|gen|9\n|tier|[Gen 9] National Dex Doubles\n|rated|\n|rule|HP Percentage Mod: HP is shown in percentages\n|rule|Endless Battle Clause: Forcing endless battles is banned\n|rule|OHKO Clause: OHKO moves are banned\n|rule|Evasion Moves Clause: Evasion moves are banned\n|rule|Evasion Abilities Clause: Evasion abilities are banned\n|rule|Species Clause: Limit one of each Pok\u00e9mon\n|rule|Gravity Sleep Clause: The combination of sleep-inducing moves with imperfect accuracy and Gravity or Gigantamax Orbeetle are banned\n|clearpoke\n|poke|p1|Swampert, M|\n|poke|p1|Basculegion, M|\n|poke|p1|Pelipper, M|\n|poke|p1|Gastrodon-East, F|\n|poke|p1|Zapdos|\n|poke|p1|Tornadus, M|\n|poke|p2|Ninetales, M|\n|poke|p2|Walking Wake|\n|poke|p2|Heliolisk, F|\n|poke|p2|Tornadus, M|\n|poke|p2|Raichu, M|\n|poke|p2|Indeedee-F, F|\n|teampreview\n|\n|t:|1698956436\n|start\n|switch|p1a: Pelipper|Pelipper, M|100\/100\n|switch|p1b: Tornadus|Tornadus, M|100\/100\n|switch|p2a: Tornadus|Tornadus, M|100\/100\n|switch|p2b: Heliolisk|Heliolisk, F, shiny|100\/100\n|-weather|RainDance|[from] ability: Drizzle|[of] p1a: Pelipper\n|turn|1\n|\n|t:|1698956465\n|move|p2b: Heliolisk|Protect|p2b: Heliolisk\n|-singleturn|p2b: Heliolisk|Protect\n|move|p1b: Tornadus|Tailwind|p1b: Tornadus\n|-sidestart|p1: nessajade|move: Tailwind\n|move|p2a: Tornadus|Tailwind|p2a: Tornadus\n|-sidestart|p2: GunGalione|move: Tailwind\n|move|p1a: Pelipper|Icy Wind|p2a: Tornadus|[spread] p2a\n|-activate|p2b: Heliolisk|move: Protect\n|-supereffective|p2a: Tornadus\n|-damage|p2a: Tornadus|73\/100\n|-unboost|p2a: Tornadus|spe|1\n|\n|-weather|RainDance|[upkeep]\n|upkeep\n|turn|2\n|\n|t:|1698956489\n|switch|p1b: Zapdos|Zapdos|100\/100\n|-terastallize|p2b: Heliolisk|Ghost\n|move|p2b: Heliolisk|Parabolic Charge|p1a: Pelipper|[spread] p2a,p1a,p1b\n|-supereffective|p2a: Tornadus\n|-supereffective|p1a: Pelipper\n|-damage|p2a: Tornadus|20\/100\n|-damage|p1a: Pelipper|0 fnt\n|-damage|p1b: Zapdos|73\/100\n|-enditem|p2a: Tornadus|Salac Berry|[eat]\n|-boost|p2a: Tornadus|spe|1|[from] item: Salac Berry\n|faint|p1a: Pelipper\n|move|p2a: Tornadus|Fling||[still]\n|-fail|p2a: Tornadus\n|\n|-weather|RainDance|[upkeep]\n|-heal|p1b: Zapdos|79\/100|[from] item: Leftovers\n|upkeep\n|\n|t:|1698956503\n|switch|p1a: Gastrodon|Gastrodon-East, F|100\/100\n|turn|3\n|\n|t:|1698956533\n|move|p2a: Tornadus|Sunny Day|p2a: Tornadus\n|-weather|SunnyDay\n|move|p1b: Zapdos|Hurricane|p2b: Heliolisk|[miss]\n|-miss|p1b: Zapdos|p2b: Heliolisk\n|move|p2b: Heliolisk|Hyper Voice|p1a: Gastrodon|[spread] p1a,p1b\n|-damage|p1a: Gastrodon|47\/100\n|-damage|p1b: Zapdos|21\/100\n|move|p1a: Gastrodon|Icy Wind|p2a: Tornadus|[spread] p2a,p2b\n|-supereffective|p2a: Tornadus\n|-damage|p2a: Tornadus|0 fnt\n|-damage|p2b: Heliolisk|86\/100\n|-unboost|p2b: Heliolisk|spe|1\n|faint|p2a: Tornadus\n|\n|-weather|SunnyDay|[upkeep]\n|-damage|p2b: Heliolisk|74\/100|[from] ability: Solar Power|[of] p2b: Heliolisk\n|-heal|p1b: Zapdos|27\/100|[from] item: Leftovers\n|-heal|p1a: Gastrodon|53\/100|[from] item: Leftovers\n|upkeep\n|\n|t:|1698956540\n|switch|p2a: Raichu|Raichu, M|100\/100\n|turn|4\n|\n|t:|1698956550\n|move|p2a: Raichu|Fling|p2b: Heliolisk\n|-supereffective|p2b: Heliolisk\n|-damage|p2b: Heliolisk|67\/100\n|-boost|p2b: Heliolisk|spa|1|[from] item: Petaya Berry\n|-enditem|p2b: Heliolisk|Weakness Policy\n|-boost|p2b: Heliolisk|atk|2|[from] item: Weakness Policy\n|-boost|p2b: Heliolisk|spa|2|[from] item: Weakness Policy\n|-enditem|p2a: Raichu|Petaya Berry|[from] move: Fling\n|move|p1b: Zapdos|Thunder|p2a: Raichu\n|-ability|p2a: Raichu|Lightning Rod|boost\n|-boost|p2a: Raichu|spa|1\n|move|p2b: Heliolisk|Parabolic Charge|p1b: Zapdos|[spread] p1b\n|-ability|p2a: Raichu|Lightning Rod|boost\n|-boost|p2a: Raichu|spa|1\n|-immune|p1a: Gastrodon\n|-damage|p1b: Zapdos|0 fnt\n|-heal|p2b: Heliolisk|83\/100|[from] drain|[of] p1b: Zapdos\n|faint|p1b: Zapdos\n|move|p1a: Gastrodon|Icy Wind|p2b: Heliolisk|[spread] p2a,p2b\n|-damage|p2a: Raichu|82\/100\n|-damage|p2b: Heliolisk|68\/100\n|-unboost|p2a: Raichu|spe|1\n|-unboost|p2b: Heliolisk|spe|1\n|\n|-weather|SunnyDay|[upkeep]\n|-damage|p2b: Heliolisk|56\/100|[from] ability: Solar Power|[of] p2b: Heliolisk\n|-heal|p1a: Gastrodon|59\/100|[from] item: Leftovers\n|-sideend|p2: GunGalione|move: Tailwind\n|-sideend|p1: nessajade|move: Tailwind\n|upkeep\n|\n|t:|1698956558\n|switch|p1b: Tornadus|Tornadus, M|100\/100\n|turn|5\n|\n|t:|1698956574\n|move|p1b: Tornadus|Tailwind|p1b: Tornadus\n|-sidestart|p1: nessajade|move: Tailwind\n|move|p2a: Raichu|Volt Switch|p1b: Tornadus\n|-supereffective|p1b: Tornadus\n|-enditem|p1b: Tornadus|Focus Sash\n|-damage|p1b: Tornadus|1\/100\n|\n|t:|1698956584\n|switch|p2a: Indeedee|Indeedee-F, F|100\/100|[from] Volt Switch\n|-fieldstart|move: Psychic Terrain|[from] ability: Psychic Surge|[of] p2a: Indeedee\n|move|p1a: Gastrodon|Earth Power|p2a: Indeedee\n|-damage|p2a: Indeedee|64\/100\n|move|p2b: Heliolisk|Hyper Voice|p1a: Gastrodon|[spread] p1a,p1b\n|-crit|p1b: Tornadus\n|-damage|p1a: Gastrodon|0 fnt\n|-damage|p1b: Tornadus|0 fnt\n|faint|p1a: Gastrodon\n|faint|p1b: Tornadus\n|\n|-weather|SunnyDay|[upkeep]\n|-damage|p2b: Heliolisk|43\/100|[from] ability: Solar Power|[of] p2b: Heliolisk\n|upkeep\n|\n|t:|1698956595\n|switch|p1b: Basculegion|Basculegion, M|100\/100\n|switch|p1a: Swampert|Swampert, M|100\/100\n|turn|6\n|\n|t:|1698956607\n|detailschange|p1a: Swampert|Swampert-Mega, M\n|-mega|p1a: Swampert|Swampert|Swampertite\n|move|p2a: Indeedee|Follow Me|p2a: Indeedee\n|-singleturn|p2a: Indeedee|move: Follow Me\n|move|p1b: Basculegion|Last Respects|p2a: Indeedee\n|-immune|p2a: Indeedee\n|move|p1a: Swampert|Waterfall|p2a: Indeedee\n|-damage|p2a: Indeedee|42\/100\n|-enditem|p2a: Indeedee|Sitrus Berry|[eat]\n|-heal|p2a: Indeedee|67\/100|[from] item: Sitrus Berry\n|move|p2b: Heliolisk|Parabolic Charge|p1a: Swampert|[spread] p2a,p1b\n|-immune|p1a: Swampert\n|-supereffective|p1b: Basculegion\n|-damage|p2a: Indeedee|0 fnt\n|-heal|p2b: Heliolisk|87\/100|[from] drain|[of] p2a: Indeedee\n|-enditem|p1b: Basculegion|Focus Sash\n|-damage|p1b: Basculegion|1\/100\n|-heal|p2b: Heliolisk|100\/100|[from] drain|[of] p1b: Basculegion\n|faint|p2a: Indeedee\n|\n|-weather|SunnyDay|[upkeep]\n|-damage|p2b: Heliolisk|88\/100|[from] ability: Solar Power|[of] p2b: Heliolisk\n|upkeep\n|\n|t:|1698956621\n|switch|p2a: Walking Wake|Walking Wake|100\/100\n|-activate|p2a: Walking Wake|ability: Protosynthesis\n|-start|p2a: Walking Wake|protosynthesisspa\n|turn|7\n|\n|t:|1698956632\n|move|p1b: Basculegion|Last Respects|p2a: Walking Wake\n|-damage|p2a: Walking Wake|0 fnt\n|faint|p2a: Walking Wake\n|-end|p2a: Walking Wake|Protosynthesis|[silent]\n|move|p1a: Swampert|Waterfall|p2b: Heliolisk\n|-damage|p2b: Heliolisk|49\/100\n|move|p2b: Heliolisk|Hyper Voice|p1b: Basculegion|[spread] p1a\n|-immune|p1b: Basculegion\n|-damage|p1a: Swampert|0 fnt\n|faint|p1a: Swampert\n|\n|-weather|none\n|upkeep\n|\n|t:|1698956641\n|switch|p2a: Raichu|Raichu, M|82\/100\n|turn|8\n|\n|t:|1698956648\n|move|p1b: Basculegion|Wave Crash|p2a: Raichu\n|-damage|p2a: Raichu|0 fnt\n|faint|p2a: Raichu\n|-damage|p1b: Basculegion|0 fnt|[from] Recoil\n|faint|p1b: Basculegion\n|\n|win|GunGalione\n|raw|nessajade's rating: 1048 &rarr; <strong>1036<\/strong><br \/>(-12 for losing)\n|raw|GunGalione's rating: 1146 &rarr; <strong>1164<\/strong><br \/>(+18 for winning)\n","uploadtime":1698956653,"views":7,"p1id":"nessajade","p2id":"gungalione","formatid":"gen9nationaldexdoubles","rating":1036,"private":0,"password":""}