{"id":"gen9nationaldexdoubles-1970894957","p1":"Lirtox","p2":"Lortix","format":"[Gen 9] National Dex Doubles","log":"|j|\u2606Lirtox\n|j|\u2606Lortix\n|t:|1697678223\n|gametype|doubles\n|player|p1|Lirtox|janitor|\n|player|p2|Lortix|janitor|\n|teamsize|p1|6\n|teamsize|p2|6\n|gen|9\n|tier|[Gen 9] National Dex Doubles\n|rule|HP Percentage Mod: HP is shown in percentages\n|rule|Endless Battle Clause: Forcing endless battles is banned\n|rule|OHKO Clause: OHKO moves are banned\n|rule|Evasion Moves Clause: Evasion moves are banned\n|rule|Evasion Abilities Clause: Evasion abilities are banned\n|rule|Species Clause: Limit one of each Pok\u00e9mon\n|rule|Gravity Sleep Clause: The combination of sleep-inducing moves with imperfect accuracy and Gravity or Gigantamax Orbeetle are banned\n|clearpoke\n|poke|p1|Shiftry, F|\n|poke|p1|Clefairy, F|\n|poke|p1|Ninetales-Alola, F|\n|poke|p1|Landorus-Therian, M|\n|poke|p1|Kingambit, M|\n|poke|p1|Gholdengo|\n|poke|p2|Tyranitar, M|\n|poke|p2|Excadrill, M|\n|poke|p2|Garganacl, M|\n|poke|p2|Ferrothorn, F|\n|poke|p2|Palossand, M|\n|poke|p2|Gigalith, M|\n|teampreview\n|\n|t:|1697678256\n|start\n|switch|p1a: Ninetales|Ninetales-Alola, F|100\/100\n|switch|p1b: Landorus|Landorus-Therian, M|100\/100\n|switch|p2a: Tyranitar|Tyranitar, M|100\/100\n|switch|p2b: Excadrill|Excadrill, M|100\/100\n|-weather|Sandstorm|[from] ability: Sand Stream|[of] p2a: Tyranitar\n|-weather|Snow|[from] ability: Snow Warning|[of] p1a: Ninetales\n|-ability|p1b: Landorus|Intimidate|boost\n|-unboost|p2a: Tyranitar|atk|1\n|-unboost|p2b: Excadrill|atk|1\n|turn|1\n|\n|t:|1697678285\n|switch|p2a: Gigalith|Gigalith, M|100\/100\n|-weather|Sandstorm|[from] ability: Sand Stream|[of] p2a: Gigalith\n|switch|p1a: Clefairy|Clefairy, F|100\/100\n|move|p2b: Excadrill|Swords Dance|p2b: Excadrill\n|-boost|p2b: Excadrill|atk|2\n|move|p1b: Landorus|Sandsear Storm|p2b: Excadrill|[spread] p2a\n|-miss|p1b: Landorus|p2b: Excadrill\n|-supereffective|p2a: Gigalith\n|-damage|p2a: Gigalith|65\/100\n|\n|-weather|Sandstorm|[upkeep]\n|-damage|p1a: Clefairy|94\/100|[from] Sandstorm\n|upkeep\n|turn|2\n|\n|t:|1697678327\n|move|p1a: Clefairy|Helping Hand|p1b: Landorus\n|-singleturn|p1b: Landorus|Helping Hand|[of] p1a: Clefairy\n|move|p2b: Excadrill|Rock Slide|p1b: Landorus|[spread] p1a,p1b\n|-damage|p1a: Clefairy|58\/100\n|-damage|p1b: Landorus|78\/100\n|move|p1b: Landorus|Sandsear Storm|p2b: Excadrill|[spread] p2a,p2b\n|-supereffective|p2a: Gigalith\n|-supereffective|p2b: Excadrill\n|-damage|p2a: Gigalith|13\/100\n|-enditem|p2b: Excadrill|Focus Sash\n|-damage|p2b: Excadrill|1\/100\n|-status|p2a: Gigalith|brn\n|move|p2a: Gigalith|Rock Slide|p1a: Clefairy|[spread] p1a,p1b\n|-damage|p1a: Clefairy|46\/100\n|-damage|p1b: Landorus|68\/100\n|\n|-weather|Sandstorm|[upkeep]\n|-damage|p1a: Clefairy|40\/100|[from] Sandstorm\n|-damage|p2a: Gigalith|7\/100 brn|[from] brn\n|upkeep\n|turn|3\n|\n|t:|1697678374\n|switch|p1a: Kingambit|Kingambit, M|100\/100\n|move|p2b: Excadrill|Rock Slide|p1b: Landorus|[spread] p1a,p1b\n|-resisted|p1a: Kingambit\n|-damage|p1a: Kingambit|89\/100\n|-damage|p1b: Landorus|34\/100\n|move|p1b: Landorus|Sandsear Storm|p2a: Gigalith|[spread] p2a,p2b\n|-supereffective|p2a: Gigalith\n|-supereffective|p2b: Excadrill\n|-damage|p2a: Gigalith|0 fnt\n|-damage|p2b: Excadrill|0 fnt\n|faint|p2a: Gigalith\n|faint|p2b: Excadrill\n|\n|-weather|Sandstorm|[upkeep]\n|-heal|p1a: Kingambit|95\/100|[from] item: Leftovers\n|upkeep\n|\n|t:|1697678386\n|switch|p2b: Garganacl|Garganacl, M|100\/100\n|switch|p2a: Tyranitar|Tyranitar, M|100\/100\n|turn|4\n|\n|t:|1697678409\n|switch|p1b: Gholdengo|Gholdengo|100\/100\n|switch|p1a: Ninetales|Ninetales-Alola, F|100\/100\n|-weather|Snow|[from] ability: Snow Warning|[of] p1a: Ninetales\n|move|p2a: Tyranitar|Rock Slide|p1b: Gholdengo|[spread] p1a,p1b\n|-supereffective|p1a: Ninetales\n|-resisted|p1b: Gholdengo\n|-damage|p1a: Ninetales|40\/100\n|-damage|p1b: Gholdengo|84\/100\n|move|p2b: Garganacl|Salt Cure|p1a: Ninetales\n|-supereffective|p1a: Ninetales\n|-damage|p1a: Ninetales|14\/100\n|-start|p1a: Ninetales|Salt Cure\n|\n|-weather|Snow|[upkeep]\n|-damage|p1a: Ninetales|2\/100|[from] Salt Cure\n|upkeep\n|turn|5\n|\n|t:|1697678443\n|-terastallize|p1b: Gholdengo|Steel\n|move|p1a: Ninetales|Protect|p1a: Ninetales\n|-singleturn|p1a: Ninetales|Protect\n|move|p2a: Tyranitar|Rock Slide|p1a: Ninetales|[spread] p1b\n|-activate|p1a: Ninetales|move: Protect\n|-resisted|p1b: Gholdengo\n|-damage|p1b: Gholdengo|68\/100\n|cant|p1b: Gholdengo|flinch\n|move|p2b: Garganacl|Salt Cure|p1b: Gholdengo\n|-resisted|p1b: Gholdengo\n|-damage|p1b: Gholdengo|60\/100\n|-start|p1b: Gholdengo|Salt Cure\n|\n|-weather|Snow|[upkeep]\n|-damage|p1a: Ninetales|0 fnt|[from] Salt Cure\n|faint|p1a: Ninetales\n|-damage|p1b: Gholdengo|36\/100|[from] Salt Cure\n|upkeep\n|\n|t:|1697678464\n|switch|p1a: Landorus|Landorus-Therian, M|34\/100\n|-ability|p1a: Landorus|Intimidate|boost\n|-unboost|p2a: Tyranitar|atk|1\n|-unboost|p2b: Garganacl|atk|1\n|turn|6\n|\n|t:|1697678500\n|switch|p2a: Ferrothorn|Ferrothorn, F|100\/100\n|move|p2b: Garganacl|Wide Guard|p2b: Garganacl\n|-singleturn|p2b: Garganacl|Wide Guard\n|move|p1b: Gholdengo|Recover|p1b: Gholdengo\n|-heal|p1b: Gholdengo|86\/100\n|move|p1a: Landorus|Hidden Power|p2a: Ferrothorn\n|-supereffective|p2a: Ferrothorn\n|-damage|p2a: Ferrothorn|56\/100\n|\n|-weather|Snow|[upkeep]\n|-damage|p1b: Gholdengo|61\/100|[from] Salt Cure\n|upkeep\n|turn|7\n|\n|t:|1697678528\n|move|p2b: Garganacl|Wide Guard|p2b: Garganacl\n|-singleturn|p2b: Garganacl|Wide Guard\n|move|p1b: Gholdengo|Make It Rain|p2b: Garganacl|[spread] \n|-activate|p2a: Ferrothorn|move: Wide Guard\n|-activate|p2b: Garganacl|move: Wide Guard\n|move|p1a: Landorus|Earth Power|p2a: Ferrothorn\n|-damage|p2a: Ferrothorn|30\/100\n|move|p2a: Ferrothorn|Knock Off|p1b: Gholdengo\n|-damage|p1b: Gholdengo|37\/100\n|-enditem|p1b: Gholdengo|Life Orb|[from] move: Knock Off|[of] p2a: Ferrothorn\n|\n|-weather|Snow|[upkeep]\n|-damage|p1b: Gholdengo|12\/100|[from] Salt Cure\n|upkeep\n|turn|8\n|\n|t:|1697678547\n|switch|p2a: Tyranitar|Tyranitar, M|100\/100\n|-weather|Sandstorm|[from] ability: Sand Stream|[of] p2a: Tyranitar\n|move|p2b: Garganacl|Wide Guard|p2b: Garganacl\n|-singleturn|p2b: Garganacl|Wide Guard\n|move|p1b: Gholdengo|Recover|p1b: Gholdengo\n|-heal|p1b: Gholdengo|62\/100\n|move|p1a: Landorus|Hidden Power|p2a: Tyranitar\n|-resisted|p2a: Tyranitar\n|-damage|p2a: Tyranitar|95\/100\n|\n|-weather|Sandstorm|[upkeep]\n|-damage|p1b: Gholdengo|37\/100|[from] Salt Cure\n|upkeep\n|turn|9\n|\n|t:|1697678568\n|move|p2a: Tyranitar|Rock Slide|p1a: Landorus|[spread] p1a\n|-miss|p2a: Tyranitar|p1b: Gholdengo\n|-damage|p1a: Landorus|4\/100\n|move|p1b: Gholdengo|Make It Rain|p2b: Garganacl|[spread] p2a,p2b\n|-supereffective|p2a: Tyranitar\n|-supereffective|p2b: Garganacl\n|-damage|p2a: Tyranitar|4\/100\n|-damage|p2b: Garganacl|22\/100\n|-unboost|p1b: Gholdengo|spa|1\n|move|p1a: Landorus|Sandsear Storm|p2b: Garganacl|[spread] p2a,p2b\n|-supereffective|p2a: Tyranitar\n|-supereffective|p2b: Garganacl\n|-damage|p2a: Tyranitar|0 fnt\n|-damage|p2b: Garganacl|0 fnt\n|faint|p2a: Tyranitar\n|faint|p2b: Garganacl\n|\n|-weather|Sandstorm|[upkeep]\n|-damage|p1b: Gholdengo|13\/100|[from] Salt Cure\n|upkeep\n|\n|t:|1697678590\n|switch|p2a: Ferrothorn|Ferrothorn, F|30\/100\n|switch|p2b: Palossand|Palossand, M|100\/100\n|turn|10\n|\n|t:|1697678613\n|move|p1b: Gholdengo|Recover|p1b: Gholdengo\n|-heal|p1b: Gholdengo|63\/100\n|move|p1a: Landorus|Earth Power|p2b: Palossand\n|-damage|p2b: Palossand|53\/100\n|move|p2b: Palossand|Scorching Sands|p1b: Gholdengo\n|-supereffective|p1b: Gholdengo\n|-damage|p1b: Gholdengo|2\/100\n|move|p2a: Ferrothorn|Leech Seed|p1a: Landorus\n|-start|p1a: Landorus|move: Leech Seed\n|\n|-weather|Sandstorm|[upkeep]\n|-damage|p1a: Landorus|0 fnt|[from] Leech Seed|[of] p2a: Ferrothorn\n|-heal|p2a: Ferrothorn|34\/100|[silent]\n|faint|p1a: Landorus\n|-damage|p1b: Gholdengo|0 fnt|[from] Salt Cure\n|faint|p1b: Gholdengo\n|upkeep\n|\n|t:|1697678625\n|switch|p1b: Shiftry|Shiftry, F|100\/100\n|switch|p1a: Clefairy|Clefairy, F|40\/100\n|turn|11\n|\n|t:|1697678646\n|move|p1a: Clefairy|Follow Me|p1a: Clefairy\n|-singleturn|p1a: Clefairy|move: Follow Me\n|-zpower|p1b: Shiftry\n|move|p1b: Shiftry|Z-Tailwind|p1b: Shiftry|[anim]Tailwind\n|-start|p1b: Shiftry|move: Focus Energy|[zeffect]\n|-sidestart|p1: Lirtox|move: Tailwind\n|-ability|p1b: Shiftry|Wind Rider|boost\n|-boost|p1b: Shiftry|atk|1\n|move|p2b: Palossand|Shore Up|p2b: Palossand\n|-heal|p2b: Palossand|100\/100\n|move|p2a: Ferrothorn|Thunder Wave|p1a: Clefairy\n|-status|p1a: Clefairy|par\n|\n|-weather|Sandstorm|[upkeep]\n|-damage|p1b: Shiftry|94\/100|[from] Sandstorm\n|-damage|p1a: Clefairy|34\/100 par|[from] Sandstorm\n|upkeep\n|turn|12\n|\n|t:|1697678671\n|move|p1a: Clefairy|Helping Hand|p1b: Shiftry\n|-singleturn|p1b: Shiftry|Helping Hand|[of] p1a: Clefairy\n|move|p1b: Shiftry|Throat Chop|p2a: Ferrothorn\n|-crit|p2a: Ferrothorn\n|-damage|p2a: Ferrothorn|0 fnt\n|-damage|p1b: Shiftry|82\/100|[from] ability: Iron Barbs|[of] p2a: Ferrothorn\n|-damage|p1b: Shiftry|65\/100|[from] item: Rocky Helmet|[of] p2a: Ferrothorn\n|faint|p2a: Ferrothorn\n|move|p2b: Palossand|Scorching Sands|p1b: Shiftry\n|-resisted|p1b: Shiftry\n|-damage|p1b: Shiftry|51\/100\n|-status|p1b: Shiftry|brn\n|\n|-weather|none\n|-damage|p1b: Shiftry|45\/100 brn|[from] brn\n|upkeep\n|turn|13\n|\n|t:|1697678712\n|move|p1a: Clefairy|Helping Hand|p1b: Shiftry\n|-singleturn|p1b: Shiftry|Helping Hand|[of] p1a: Clefairy\n|move|p1b: Shiftry|Leaf Blade|p2b: Palossand\n|-supereffective|p2b: Palossand\n|-crit|p2b: Palossand\n|-damage|p2b: Palossand|19\/100\n|-enditem|p2b: Palossand|Weakness Policy\n|-boost|p2b: Palossand|atk|2|[from] item: Weakness Policy\n|-boost|p2b: Palossand|spa|2|[from] item: Weakness Policy\n|move|p2b: Palossand|Scorching Sands|p1a: Clefairy\n|-damage|p1a: Clefairy|0 fnt\n|faint|p1a: Clefairy\n|\n|-damage|p1b: Shiftry|39\/100 brn|[from] brn\n|upkeep\n|\n|t:|1697678726\n|switch|p1a: Kingambit|Kingambit, M|95\/100\n|turn|14\n|\n|t:|1697678745\n|move|p2b: Palossand|Protect|p2b: Palossand\n|-singleturn|p2b: Palossand|Protect\n|move|p1b: Shiftry|Throat Chop|p2b: Palossand\n|-activate|p2b: Palossand|move: Protect\n|move|p1a: Kingambit|Pursuit|p2b: Palossand\n|-activate|p2b: Palossand|move: Protect\n|\n|-heal|p1a: Kingambit|100\/100|[from] item: Leftovers\n|-damage|p1b: Shiftry|32\/100 brn|[from] brn\n|-sideend|p1: Lirtox|move: Tailwind\n|upkeep\n|turn|15\n|\n|t:|1697678761\n|move|p1b: Shiftry|Rock Slide|p2b: Palossand\n|-resisted|p2b: Palossand\n|-crit|p2b: Palossand\n|-damage|p2b: Palossand|11\/100\n|move|p1a: Kingambit|Pursuit|p2b: Palossand\n|-supereffective|p2b: Palossand\n|-damage|p2b: Palossand|0 fnt\n|faint|p2b: Palossand\n|\n|win|Lirtox\n","uploadtime":1697678784,"views":5,"p1id":"lirtox","p2id":"lortix","formatid":"gen9nationaldexdoubles","rating":0,"private":0,"password":""}