{"id":"gen9nationaldexdoubles-1980992900","p1":"LightOfTheRuin","p2":"fumbari 24","format":"[Gen 9] National Dex Doubles","log":"|j|\u2606LightOfTheRuin\n|j|\u2606fumbari 24\n|t:|1698855137\n|gametype|doubles\n|player|p1|LightOfTheRuin|mallow-masters|1301\n|player|p2|fumbari 24|hilbert|1315\n|teamsize|p1|6\n|teamsize|p2|6\n|gen|9\n|tier|[Gen 9] National Dex Doubles\n|rated|\n|rule|HP Percentage Mod: HP is shown in percentages\n|rule|Endless Battle Clause: Forcing endless battles is banned\n|rule|OHKO Clause: OHKO moves are banned\n|rule|Evasion Moves Clause: Evasion moves are banned\n|rule|Evasion Abilities Clause: Evasion abilities are banned\n|rule|Species Clause: Limit one of each Pok\u00e9mon\n|rule|Gravity Sleep Clause: The combination of sleep-inducing moves with imperfect accuracy and Gravity or Gigantamax Orbeetle are banned\n|clearpoke\n|poke|p1|Cherrim, F|\n|poke|p1|Lurantis, F|\n|poke|p1|Charizard, M|\n|poke|p1|Malamar, M|\n|poke|p1|Walking Wake|\n|poke|p1|Golurk|\n|poke|p2|Primeape, M|\n|poke|p2|Maushold|\n|poke|p2|Chesnaught, M|\n|poke|p2|Aggron, M|\n|poke|p2|Aromatisse, F|\n|poke|p2|Grimmsnarl, M|\n|teampreview\n|inactive|Battle timer is ON: inactive players will automatically lose when time's up. (requested by LightOfTheRuin)\n|inactive|fumbari 24 has 120 seconds left.\n|inactive|fumbari 24 has 90 seconds left.\n|inactive|fumbari 24 has 60 seconds left.\n|\n|t:|1698855290\n|start\n|switch|p1a: Lurantis|Lurantis, F|100\/100\n|switch|p1b: Cherrim|Cherrim, F, shiny|100\/100\n|switch|p2a: Spectrum|Primeape, M|100\/100\n|switch|p2b: Maushold|Maushold|100\/100\n|turn|1\n|inactive|LightOfTheRuin has 120 seconds left.\n|inactive|fumbari 24 has 90 seconds left.\n|inactive|LightOfTheRuin has 90 seconds left.\n|\n|t:|1698855358\n|-terastallize|p2a: Spectrum|Ghost\n|move|p2b: Maushold|Beat Up|p2a: Spectrum\n|-supereffective|p2a: Spectrum\n|-damage|p2a: Spectrum|97\/100\n|-supereffective|p2a: Spectrum\n|-damage|p2a: Spectrum|93\/100\n|-supereffective|p2a: Spectrum\n|-damage|p2a: Spectrum|89\/100\n|-supereffective|p2a: Spectrum\n|-damage|p2a: Spectrum|85\/100\n|-supereffective|p2a: Spectrum\n|-damage|p2a: Spectrum|82\/100\n|-supereffective|p2a: Spectrum\n|-damage|p2a: Spectrum|77\/100\n|-hitcount|p2a: Spectrum|6\n|move|p2a: Spectrum|Rage Fist|p1a: Lurantis\n|-damage|p1a: Lurantis|0 fnt\n|faint|p1a: Lurantis\n|move|p1b: Cherrim|Sunny Day|p1b: Cherrim\n|-weather|SunnyDay\n|-formechange|p1b: Cherrim|Cherrim-Sunshine|[msg]|[from] ability: Flower Gift\n|\n|-weather|SunnyDay|[upkeep]\n|upkeep\n|\n|t:|1698855386\n|switch|p1a: Walking Wake|Walking Wake|100\/100\n|-activate|p1a: Walking Wake|ability: Protosynthesis\n|-start|p1a: Walking Wake|protosynthesisspa\n|turn|2\n|\n|t:|1698855405\n|move|p2b: Maushold|Follow Me|p2b: Maushold\n|-singleturn|p2b: Maushold|move: Follow Me\n|move|p1a: Walking Wake|Hydro Steam|p2b: Maushold\n|-damage|p2b: Maushold|22\/100\n|move|p2a: Spectrum|Rage Fist|p1a: Walking Wake\n|-damage|p1a: Walking Wake|0 fnt\n|faint|p1a: Walking Wake\n|-end|p1a: Walking Wake|Protosynthesis|[silent]\n|move|p1b: Cherrim|Tickle|p2b: Maushold\n|-unboost|p2b: Maushold|atk|1\n|-unboost|p2b: Maushold|def|1\n|\n|-weather|SunnyDay|[upkeep]\n|upkeep\n|\n|t:|1698855417\n|switch|p1a: Malamar|Malamar, M|100\/100\n|turn|3\n|inactive|LightOfTheRuin has 90 seconds left.\n|\n|t:|1698855426\n|move|p2b: Maushold|Beat Up|p2a: Spectrum\n|-supereffective|p2a: Spectrum\n|-damage|p2a: Spectrum|74\/100\n|-supereffective|p2a: Spectrum\n|-damage|p2a: Spectrum|72\/100\n|-supereffective|p2a: Spectrum\n|-damage|p2a: Spectrum|69\/100\n|-supereffective|p2a: Spectrum\n|-damage|p2a: Spectrum|66\/100\n|-supereffective|p2a: Spectrum\n|-damage|p2a: Spectrum|64\/100\n|-supereffective|p2a: Spectrum\n|-damage|p2a: Spectrum|61\/100\n|-hitcount|p2a: Spectrum|6\n|move|p2a: Spectrum|Rage Fist|p1a: Malamar\n|-damage|p1a: Malamar|0 fnt\n|faint|p1a: Malamar\n|move|p1b: Cherrim|Pollen Puff|p2b: Maushold\n|-damage|p2b: Maushold|4\/100\n|\n|-weather|SunnyDay|[upkeep]\n|upkeep\n|inactive|LightOfTheRuin has 90 seconds left.\n|inactive|LightOfTheRuin has 60 seconds left.\n|\n|t:|1698855461\n|switch|p1a: Charizard|Charizard, M|100\/100\n|turn|4\n|\n|t:|1698855484\n|move|p2a: Spectrum|Protect|p2a: Spectrum\n|-singleturn|p2a: Spectrum|Protect\n|move|p2b: Maushold|Beat Up|p1a: Charizard\n|-damage|p1a: Charizard|99\/100\n|-damage|p1a: Charizard|97\/100\n|-damage|p1a: Charizard|96\/100\n|-damage|p1a: Charizard|94\/100\n|-damage|p1a: Charizard|92\/100\n|-damage|p1a: Charizard|90\/100\n|-hitcount|p1a: Charizard|6\n|move|p1a: Charizard|Heat Wave|p2b: Maushold|[spread] p2b\n|-activate|p2a: Spectrum|move: Protect\n|-damage|p2b: Maushold|0 fnt\n|faint|p2b: Maushold\n|move|p1b: Cherrim|Pollen Puff|p2a: Spectrum\n|-activate|p2a: Spectrum|move: Protect\n|\n|-weather|SunnyDay|[upkeep]\n|upkeep\n|\n|t:|1698855497\n|switch|p2b: Chespirito|Chesnaught, M, shiny|100\/100\n|turn|5\n|\n|t:|1698855518\n|move|p2b: Chespirito|Wide Guard|p2b: Chespirito\n|-singleturn|p2b: Chespirito|Wide Guard\n|move|p1a: Charizard|Heat Wave|p2a: Spectrum|[spread] \n|-activate|p2a: Spectrum|move: Wide Guard\n|-activate|p2b: Chespirito|move: Wide Guard\n|move|p2a: Spectrum|Rage Fist|p1a: Charizard\n|-damage|p1a: Charizard|0 fnt\n|faint|p1a: Charizard\n|move|p1b: Cherrim|Tickle|p2a: Spectrum\n|-unboost|p2a: Spectrum|atk|1\n|-ability|p2a: Spectrum|Defiant|boost\n|-boost|p2a: Spectrum|atk|2\n|-unboost|p2a: Spectrum|def|1\n|-ability|p2a: Spectrum|Defiant|boost\n|-boost|p2a: Spectrum|atk|2\n|\n|-weather|none\n|-formechange|p1b: Cherrim|Cherrim|[msg]|[from] ability: Flower Gift\n|upkeep\n|inactive|LightOfTheRuin has 90 seconds left.\n|-message|LightOfTheRuin forfeited.\n|\n|win|fumbari 24\n|raw|LightOfTheRuin's rating: 1301 &rarr; <strong>1282<\/strong><br \/>(-19 for losing)\n|raw|fumbari 24's rating: 1315 &rarr; <strong>1334<\/strong><br \/>(+19 for winning)\n|l|\u2606LightOfTheRuin\n","uploadtime":1698855535,"views":7,"p1id":"lightoftheruin","p2id":"fumbari24","formatid":"gen9nationaldexdoubles","rating":1282,"private":0,"password":""}