{"id":"gen9nationaldexdoubles-1967740064","p1":"the maraculous","p2":"Dr. Steve Jobs","format":"[Gen 9] National Dex Doubles","log":"|j|\u2606the maraculous\n|j|\u2606Dr. Steve Jobs\n|t:|1697333050\n|gametype|doubles\n|player|p1|the maraculous|dragontamer|1374\n|player|p2|Dr. Steve Jobs|hiker-gen4|1549\n|teamsize|p1|6\n|teamsize|p2|6\n|gen|9\n|tier|[Gen 9] National Dex Doubles\n|rated|\n|rule|HP Percentage Mod: HP is shown in percentages\n|rule|Endless Battle Clause: Forcing endless battles is banned\n|rule|OHKO Clause: OHKO moves are banned\n|rule|Evasion Moves Clause: Evasion moves are banned\n|rule|Evasion Abilities Clause: Evasion abilities are banned\n|rule|Species Clause: Limit one of each Pok\u00e9mon\n|rule|Gravity Sleep Clause: The combination of sleep-inducing moves with imperfect accuracy and Gravity or Gigantamax Orbeetle are banned\n|clearpoke\n|poke|p1|Xurkitree|\n|poke|p1|Iron Valiant|\n|poke|p1|Chandelure, M|\n|poke|p1|Landorus-Therian, M|\n|poke|p1|Kartana|\n|poke|p1|Farigiraf, F|\n|poke|p2|Eevee, M|\n|poke|p2|Flamigo, F|\n|poke|p2|Clefable, F|\n|poke|p2|Marshadow|\n|poke|p2|Krookodile, M|\n|poke|p2|Indeedee-F, F|\n|teampreview\n|inactive|Battle timer is ON: inactive players will automatically lose when time's up. (requested by Dr. Steve Jobs)\n|\n|t:|1697333067\n|start\n|switch|p1a: Farigiraf|Farigiraf, F|100\/100\n|switch|p1b: Chandelure|Chandelure, M|100\/100\n|switch|p2a: Eevee|Eevee, M|100\/100\n|switch|p2b: Clefable|Clefable, F|100\/100\n|-item|p1b: Chandelure|Air Balloon\n|turn|1\n|\n|t:|1697333080\n|-zpower|p2a: Eevee\n|move|p2a: Eevee|Extreme Evoboost|p2a: Eevee\n|-boost|p2a: Eevee|atk|2\n|-boost|p2a: Eevee|def|2\n|-boost|p2a: Eevee|spa|2\n|-boost|p2a: Eevee|spd|2\n|-boost|p2a: Eevee|spe|2\n|move|p1a: Farigiraf|Nasty Plot|p1a: Farigiraf\n|-boost|p1a: Farigiraf|spa|2\n|move|p2b: Clefable|Psych Up|p2a: Eevee\n|-copyboost|p2b: Clefable|p2a: Eevee|[from] move: Psych Up\n|move|p1b: Chandelure|Trick Room|p1b: Chandelure\n|-fieldstart|move: Trick Room|[of] p1b: Chandelure\n|\n|upkeep\n|turn|2\n|\n|t:|1697333095\n|move|p2b: Clefable|Protect|p2b: Clefable\n|-singleturn|p2b: Clefable|Protect\n|move|p2a: Eevee|Detect|p2a: Eevee\n|-singleturn|p2a: Eevee|Protect\n|move|p1a: Farigiraf|Hyper Voice|p2b: Clefable|[spread] \n|-activate|p2a: Eevee|move: Protect\n|-activate|p2b: Clefable|move: Protect\n|move|p1b: Chandelure|Flamethrower|p2a: Eevee\n|-activate|p2a: Eevee|move: Protect\n|\n|upkeep\n|turn|3\n|\n|t:|1697333113\n|move|p1a: Farigiraf|Hyper Voice|p2b: Clefable|[spread] p2a,p2b\n|-damage|p2a: Eevee|53\/100\n|-damage|p2b: Clefable|72\/100\n|move|p1b: Chandelure|Flamethrower|p2a: Eevee\n|-damage|p2a: Eevee|15\/100\n|-status|p2a: Eevee|brn\n|move|p2b: Clefable|Baton Pass|p2b: Clefable\n|\n|t:|1697333126\n|switch|p2b: Krookodile|Krookodile, M|100\/100|[from] Baton Pass\n|move|p2a: Eevee|Baton Pass|p2a: Eevee\n|\n|t:|1697333130\n|switch|p2a: Marshadow|Marshadow|100\/100|[from] Baton Pass\n|\n|upkeep\n|turn|4\n|\n|t:|1697333151\n|move|p2b: Krookodile|Protect|p2b: Krookodile\n|-singleturn|p2b: Krookodile|Protect\n|move|p2a: Marshadow|Protect|p2a: Marshadow\n|-singleturn|p2a: Marshadow|Protect\n|move|p1a: Farigiraf|Dazzling Gleam|p2b: Krookodile|[spread] \n|-activate|p2a: Marshadow|move: Protect\n|-activate|p2b: Krookodile|move: Protect\n|move|p1b: Chandelure|Shadow Ball|p2a: Marshadow\n|-activate|p2a: Marshadow|move: Protect\n|\n|upkeep\n|turn|5\n|\n|t:|1697333171\n|-terastallize|p2a: Marshadow|Steel\n|move|p1a: Farigiraf|Dazzling Gleam|p2a: Marshadow|[spread] p2a,p2b\n|-resisted|p2a: Marshadow\n|-supereffective|p2b: Krookodile\n|-damage|p2a: Marshadow|89\/100\n|-damage|p2b: Krookodile|41\/100\n|move|p1b: Chandelure|Shadow Ball|p2a: Marshadow\n|-damage|p2a: Marshadow|58\/100\n|move|p2b: Krookodile|Power Trip|p1a: Farigiraf\n|-supereffective|p1a: Farigiraf\n|-damage|p1a: Farigiraf|0 fnt\n|faint|p1a: Farigiraf\n|-ability|p2b: Krookodile|Moxie|boost\n|-boost|p2b: Krookodile|atk|1\n|move|p2a: Marshadow|Spectral Thief|p1b: Chandelure\n|-supereffective|p1b: Chandelure\n|-damage|p1b: Chandelure|0 fnt\n|-enditem|p1b: Chandelure|Air Balloon\n|faint|p1b: Chandelure\n|\n|-fieldend|move: Trick Room\n|upkeep\n|\n|t:|1697333190\n|switch|p1b: Kartana|Kartana|100\/100\n|switch|p1a: Iron Valiant|Iron Valiant|100\/100\n|turn|6\n|\n|t:|1697333208\n|move|p2a: Marshadow|Protect|p2a: Marshadow\n|-singleturn|p2a: Marshadow|Protect\n|move|p2b: Krookodile|Protect|p2b: Krookodile\n|-singleturn|p2b: Krookodile|Protect\n|move|p1a: Iron Valiant|Wide Guard|p1a: Iron Valiant\n|-singleturn|p1a: Iron Valiant|Wide Guard\n|move|p1b: Kartana|Tailwind|p1b: Kartana\n|-sidestart|p1: the maraculous|move: Tailwind\n|\n|upkeep\n|turn|7\n|\n|t:|1697333231\n|move|p2a: Marshadow|Spectral Thief|p1b: Kartana\n|-damage|p1b: Kartana|20\/100\n|move|p1a: Iron Valiant|Moonblast|p2b: Krookodile\n|-supereffective|p2b: Krookodile\n|-damage|p2b: Krookodile|0 fnt\n|faint|p2b: Krookodile\n|-damage|p1a: Iron Valiant|91\/100|[from] item: Life Orb\n|move|p1b: Kartana|Sacred Sword|p2a: Marshadow\n|-supereffective|p2a: Marshadow\n|-crit|p2a: Marshadow\n|-damage|p2a: Marshadow|0 fnt\n|faint|p2a: Marshadow\n|-ability|p1b: Kartana|Beast Boost|boost\n|-boost|p1b: Kartana|atk|1\n|\n|upkeep\n|inactive|Dr. Steve Jobs has 120 seconds left.\n|\n|t:|1697333249\n|switch|p2a: Clefable|Clefable, F|72\/100\n|switch|p2b: Indeedee|Indeedee-F, F|100\/100\n|-fieldstart|move: Psychic Terrain|[from] ability: Psychic Surge|[of] p2b: Indeedee\n|-enditem|p2b: Indeedee|Psychic Seed\n|-boost|p2b: Indeedee|spd|1|[from] item: Psychic Seed\n|turn|8\n|\n|t:|1697333275\n|move|p1a: Iron Valiant|Wide Guard|p1a: Iron Valiant\n|-singleturn|p1a: Iron Valiant|Wide Guard\n|move|p2a: Clefable|Follow Me|p2a: Clefable\n|-singleturn|p2a: Clefable|move: Follow Me\n|move|p1b: Kartana|Smart Strike|p2a: Clefable\n|-supereffective|p2a: Clefable\n|-damage|p2a: Clefable|0 fnt\n|faint|p2a: Clefable\n|-ability|p1b: Kartana|Beast Boost|boost\n|-boost|p1b: Kartana|atk|1\n|move|p2b: Indeedee|Expanding Force|p1b: Kartana|[spread] \n|-activate|p1a: Iron Valiant|move: Wide Guard\n|-activate|p1b: Kartana|move: Wide Guard\n|\n|upkeep\n|\n|t:|1697333278\n|switch|p2a: Flamigo|Flamigo, F|100\/100\n|-copyboost|p2a: Flamigo|p2b: Indeedee|[from] ability: Costar\n|turn|9\n|\n|t:|1697333300\n|move|p2b: Indeedee|Follow Me|p2b: Indeedee\n|-singleturn|p2b: Indeedee|move: Follow Me\n|move|p1a: Iron Valiant|Destiny Bond|p1a: Iron Valiant\n|-singlemove|p1a: Iron Valiant|Destiny Bond\n|move|p1b: Kartana|Smart Strike|p2b: Indeedee\n|-damage|p2b: Indeedee|17\/100\n|move|p2a: Flamigo|Close Combat|p1b: Kartana\n|-supereffective|p1b: Kartana\n|-damage|p1b: Kartana|0 fnt\n|-unboost|p2a: Flamigo|def|1\n|-unboost|p2a: Flamigo|spd|1\n|faint|p1b: Kartana\n|\n|-sideend|p1: the maraculous|move: Tailwind\n|upkeep\n|\n|t:|1697333311\n|switch|p1b: Xurkitree|Xurkitree|100\/100\n|turn|10\n|\n|t:|1697333322\n|move|p1a: Iron Valiant|Moonblast|p2b: Indeedee\n|-damage|p2b: Indeedee|0 fnt\n|faint|p2b: Indeedee\n|-damage|p1a: Iron Valiant|81\/100|[from] item: Life Orb\n|move|p2a: Flamigo|Close Combat|p1b: Xurkitree\n|-damage|p1b: Xurkitree|15\/100\n|-unboost|p2a: Flamigo|def|1\n|-unboost|p2a: Flamigo|spd|1\n|-zpower|p1b: Xurkitree\n|move|p1b: Xurkitree|Z-Electric Terrain|p1b: Xurkitree|[anim]Electric Terrain\n|-boost|p1b: Xurkitree|spe|1|[zeffect]\n|-fieldstart|move: Electric Terrain\n|-activate|p1a: Iron Valiant|ability: Quark Drive\n|-start|p1a: Iron Valiant|quarkdrivespe\n|\n|upkeep\n|\n|t:|1697333325\n|switch|p2b: Eevee|Eevee, M|15\/100 brn\n|turn|11\n|\n|t:|1697333342\n|move|p2a: Flamigo|Protect|p2a: Flamigo\n|-singleturn|p2a: Flamigo|Protect\n|move|p2b: Eevee|Quick Attack|p1b: Xurkitree\n|-damage|p1b: Xurkitree|7\/100\n|move|p1a: Iron Valiant|Moonblast|p2b: Eevee\n|-damage|p2b: Eevee|0 fnt\n|faint|p2b: Eevee\n|-damage|p1a: Iron Valiant|71\/100|[from] item: Life Orb\n|move|p1b: Xurkitree|Rising Voltage|p2a: Flamigo\n|-activate|p2a: Flamigo|move: Protect\n|\n|upkeep\n|turn|12\n|-message|Dr. Steve Jobs forfeited.\n|\n|win|the maraculous\n|raw|the maraculous's rating: 1374 &rarr; <strong>1403<\/strong><br \/>(+29 for winning)\n|raw|Dr. Steve Jobs's rating: 1549 &rarr; <strong>1520<\/strong><br \/>(-29 for losing)\n|l|\u2606Dr. Steve Jobs\n","uploadtime":1697333356,"views":11,"p1id":"themaraculous","p2id":"drstevejobs","formatid":"gen9nationaldexdoubles","rating":1403,"private":0,"password":""}