{"id":"gen9nationaldexdoubles-1969097932","p1":"chescor49","p2":"Rappire997","format":"[Gen 9] National Dex Doubles","log":"|j|\u2606chescor49\n|j|\u2606Rappire997\n|t:|1697489803\n|gametype|doubles\n|player|p1|chescor49|2|\n|player|p2|Rappire997|benga|\n|teamsize|p1|6\n|teamsize|p2|6\n|gen|9\n|tier|[Gen 9] National Dex Doubles\n|rule|HP Percentage Mod: HP is shown in percentages\n|rule|Endless Battle Clause: Forcing endless battles is banned\n|rule|OHKO Clause: OHKO moves are banned\n|rule|Evasion Moves Clause: Evasion moves are banned\n|rule|Evasion Abilities Clause: Evasion abilities are banned\n|rule|Species Clause: Limit one of each Pok\u00e9mon\n|rule|Gravity Sleep Clause: The combination of sleep-inducing moves with imperfect accuracy and Gravity or Gigantamax Orbeetle are banned\n|clearpoke\n|poke|p1|Tapu Koko|\n|poke|p1|Iron Hands|\n|poke|p1|Iron Thorns|\n|poke|p1|Kilowattrel, F|\n|poke|p1|Stunfisk, F|\n|poke|p1|Luxray, M|\n|poke|p2|Zeraora|\n|poke|p2|Tapu Koko|\n|poke|p2|Rotom-Mow|\n|poke|p2|Jolteon, F|\n|poke|p2|Eelektross, F|\n|poke|p2|Sandy Shocks|\n|teampreview\n|c|\u2606chescor49|zamn\n|c|\u2606chescor49|rotom-cesped\n|c|\u2606chescor49|yo lo llevo en el de singles\n|\n|t:|1697489834\n|start\n|switch|p1a: Kilowattrel|Kilowattrel, F|100\/100\n|switch|p1b: Stunfisk|Stunfisk, F|100\/100\n|switch|p2a: Eelektross|Eelektross, F|100\/100\n|switch|p2b: Jolteon|Jolteon, F|100\/100\n|-item|p2b: Jolteon|Air Balloon\n|turn|1\n|\n|t:|1697489863\n|move|p1a: Kilowattrel|Tailwind|p1a: Kilowattrel\n|-sidestart|p1: chescor49|move: Tailwind\n|move|p2b: Jolteon|Hidden Power|p1b: Stunfisk\n|-supereffective|p1b: Stunfisk\n|-damage|p1b: Stunfisk|75\/100\n|move|p1b: Stunfisk|Yawn|p2b: Jolteon\n|-start|p2b: Jolteon|move: Yawn|[of] p1b: Stunfisk\n|move|p2a: Eelektross|Gastro Acid|p1a: Kilowattrel\n|-endability|p1a: Kilowattrel\n|\n|upkeep\n|turn|2\n|\n|t:|1697489889\n|switch|p1a: Iron Hands|Iron Hands|100\/100\n|switch|p2b: Rotom|Rotom-Mow|100\/100\n|move|p1b: Stunfisk|Stealth Rock|p2b: Rotom\n|-sidestart|p2: Rappire997|move: Stealth Rock\n|move|p2a: Eelektross|Coil|p2a: Eelektross\n|-boost|p2a: Eelektross|atk|1\n|-boost|p2a: Eelektross|def|1\n|-boost|p2a: Eelektross|accuracy|1\n|\n|upkeep\n|turn|3\n|\n|t:|1697489910\n|move|p1a: Iron Hands|Ice Punch|p2b: Rotom\n|-supereffective|p2b: Rotom\n|-damage|p2b: Rotom|38\/100\n|-enditem|p2b: Rotom|Sitrus Berry|[eat]\n|-heal|p2b: Rotom|62\/100|[from] item: Sitrus Berry\n|move|p2b: Rotom|Will-O-Wisp|p1a: Iron Hands\n|-status|p1a: Iron Hands|brn\n|move|p1b: Stunfisk|Yawn|p2a: Eelektross\n|-start|p2a: Eelektross|move: Yawn|[of] p1b: Stunfisk\n|move|p2a: Eelektross|Coil|p2a: Eelektross\n|-boost|p2a: Eelektross|atk|1\n|-boost|p2a: Eelektross|def|1\n|-boost|p2a: Eelektross|accuracy|1\n|\n|-damage|p1a: Iron Hands|94\/100 brn|[from] brn\n|upkeep\n|turn|4\n|\n|t:|1697489937\n|switch|p1b: Tapu Koko|Tapu Koko|100\/100\n|-fieldstart|move: Electric Terrain|[from] ability: Electric Surge|[of] p1b: Tapu Koko\n|-activate|p1a: Iron Hands|ability: Quark Drive\n|-start|p1a: Iron Hands|quarkdriveatk\n|move|p1a: Iron Hands|Ice Punch|p2b: Rotom\n|-supereffective|p2b: Rotom\n|-damage|p2b: Rotom|19\/100\n|move|p2b: Rotom|Leaf Storm|p1b: Tapu Koko\n|-damage|p1b: Tapu Koko|39\/100\n|-unboost|p2b: Rotom|spa|2\n|move|p2a: Eelektross|Coil|p2a: Eelektross\n|-boost|p2a: Eelektross|atk|1\n|-boost|p2a: Eelektross|def|1\n|-boost|p2a: Eelektross|accuracy|1\n|\n|-damage|p1a: Iron Hands|88\/100 brn|[from] brn\n|-end|p2a: Eelektross|move: Yawn|[silent]\n|-status|p2a: Eelektross|slp\n|-sideend|p1: chescor49|move: Tailwind\n|upkeep\n|turn|5\n|\n|t:|1697489965\n|-end|p1a: Iron Hands|Quark Drive|[silent]\n|switch|p1a: Kilowattrel|Kilowattrel, F|100\/100\n|move|p1b: Tapu Koko|Reflect|p1b: Tapu Koko\n|-sidestart|p1: chescor49|Reflect\n|move|p2b: Rotom|Leaf Storm|p1b: Tapu Koko\n|-damage|p1b: Tapu Koko|5\/100\n|-unboost|p2b: Rotom|spa|2\n|cant|p2a: Eelektross|slp\n|\n|upkeep\n|turn|6\n|\n|t:|1697489982\n|move|p1b: Tapu Koko|Dazzling Gleam|p2b: Rotom|[spread] p2a,p2b\n|-damage|p2a: Eelektross|80\/100 slp\n|-damage|p2b: Rotom|0 fnt\n|faint|p2b: Rotom\n|move|p1a: Kilowattrel|Feather Dance|p2a: Eelektross\n|-unboost|p2a: Eelektross|atk|2\n|cant|p2a: Eelektross|slp\n|\n|-heal|p2a: Eelektross|86\/100 slp|[from] item: Leftovers\n|upkeep\n|\n|t:|1697489997\n|switch|p2b: Jolteon|Jolteon, F|100\/100\n|-damage|p2b: Jolteon|88\/100|[from] Stealth Rock\n|-item|p2b: Jolteon|Air Balloon\n|turn|7\n|\n|t:|1697490012\n|move|p1b: Tapu Koko|Light Screen|p1b: Tapu Koko\n|-sidestart|p1: chescor49|move: Light Screen\n|move|p1a: Kilowattrel|Feather Dance|p2a: Eelektross\n|-unboost|p2a: Eelektross|atk|2\n|move|p2b: Jolteon|Shadow Ball|p1b: Tapu Koko\n|-damage|p1b: Tapu Koko|0 fnt\n|faint|p1b: Tapu Koko\n|cant|p2a: Eelektross|slp\n|\n|-heal|p2a: Eelektross|92\/100 slp|[from] item: Leftovers\n|upkeep\n|\n|t:|1697490031\n|switch|p1b: Iron Thorns|Iron Thorns|100\/100\n|-activate|p1b: Iron Thorns|ability: Quark Drive\n|-start|p1b: Iron Thorns|quarkdriveatk\n|turn|8\n|\n|t:|1697490043\n|switch|p1a: Iron Hands|Iron Hands|88\/100 brn\n|-activate|p1a: Iron Hands|ability: Quark Drive\n|-start|p1a: Iron Hands|quarkdriveatk\n|move|p1b: Iron Thorns|Rock Slide|p2a: Eelektross|[spread] p2a,p2b\n|-damage|p2a: Eelektross|73\/100 slp\n|-damage|p2b: Jolteon|30\/100\n|-enditem|p2b: Jolteon|Air Balloon\n|cant|p2b: Jolteon|flinch\n|-curestatus|p2a: Eelektross|slp|[msg]\n|cant|p2a: Eelektross|flinch\n|\n|-heal|p2a: Eelektross|79\/100|[from] item: Leftovers\n|-damage|p1a: Iron Hands|82\/100 brn|[from] brn\n|upkeep\n|turn|9\n|\n|t:|1697490065\n|move|p1a: Iron Hands|Fake Out|p2a: Eelektross\n|-damage|p2a: Eelektross|75\/100\n|move|p1b: Iron Thorns|Rock Slide|p2b: Jolteon|[spread] p2a\n|-miss|p1b: Iron Thorns|p2b: Jolteon\n|-damage|p2a: Eelektross|57\/100\n|move|p2b: Jolteon|Thunderbolt|p1b: Iron Thorns\n|-resisted|p1b: Iron Thorns\n|-damage|p1b: Iron Thorns|79\/100\n|cant|p2a: Eelektross|flinch\n|\n|-heal|p2a: Eelektross|63\/100|[from] item: Leftovers\n|-damage|p1a: Iron Hands|76\/100 brn|[from] brn\n|-sideend|p1: chescor49|Reflect\n|upkeep\n|turn|10\n|\n|t:|1697490097\n|-end|p1a: Iron Hands|Quark Drive|[silent]\n|switch|p1a: Luxray|Luxray, M|100\/100\n|-ability|p1a: Luxray|Intimidate|boost\n|-unboost|p2a: Eelektross|atk|1\n|-unboost|p2b: Jolteon|atk|1\n|move|p1b: Iron Thorns|Rock Slide|p2a: Eelektross|[spread] p2a\n|-miss|p1b: Iron Thorns|p2b: Jolteon\n|-damage|p2a: Eelektross|46\/100\n|move|p2b: Jolteon|Shadow Ball|p1a: Luxray\n|-crit|p1a: Luxray\n|-damage|p1a: Luxray|55\/100\n|cant|p2a: Eelektross|flinch\n|\n|-heal|p2a: Eelektross|52\/100|[from] item: Leftovers\n|upkeep\n|turn|11\n|\n|t:|1697490117\n|move|p1b: Iron Thorns|Rock Slide|p2b: Jolteon|[spread] p2a,p2b\n|-damage|p2a: Eelektross|36\/100\n|-damage|p2b: Jolteon|0 fnt\n|faint|p2b: Jolteon\n|move|p1a: Luxray|Toxic|p2a: Eelektross\n|-status|p2a: Eelektross|tox\n|move|p2a: Eelektross|Drain Punch|p1b: Iron Thorns\n|-supereffective|p1b: Iron Thorns\n|-damage|p1b: Iron Thorns|60\/100\n|-heal|p2a: Eelektross|46\/100 tox|[from] drain|[of] p1b: Iron Thorns\n|\n|-heal|p2a: Eelektross|52\/100 tox|[from] item: Leftovers\n|-damage|p2a: Eelektross|46\/100 tox|[from] psn\n|-sideend|p1: chescor49|move: Light Screen\n|-fieldend|move: Electric Terrain\n|-end|p1b: Iron Thorns|Quark Drive\n|upkeep\n|\n|t:|1697490141\n|switch|p2b: Sandy Shocks|Sandy Shocks|100\/100\n|-damage|p2b: Sandy Shocks|94\/100|[from] Stealth Rock\n|turn|12\n|\n|t:|1697490162\n|-end|p1b: Iron Thorns|Quark Drive|[silent]\n|switch|p1b: Kilowattrel|Kilowattrel, F|100\/100\n|move|p1a: Luxray|Protect|p1a: Luxray\n|-singleturn|p1a: Luxray|Protect\n|move|p2b: Sandy Shocks|Earth Power|p1a: Luxray\n|-activate|p1a: Luxray|move: Protect\n|move|p2a: Eelektross|Coil|p2a: Eelektross\n|-boost|p2a: Eelektross|atk|1\n|-boost|p2a: Eelektross|def|1\n|-boost|p2a: Eelektross|accuracy|1\n|\n|-heal|p2a: Eelektross|52\/100 tox|[from] item: Leftovers\n|-damage|p2a: Eelektross|40\/100 tox|[from] psn\n|upkeep\n|turn|13\n|\n|t:|1697490187\n|switch|p2a: Zeraora|Zeraora|100\/100\n|-damage|p2a: Zeraora|88\/100|[from] Stealth Rock\n|move|p1b: Kilowattrel|Tailwind|p1b: Kilowattrel\n|-sidestart|p1: chescor49|move: Tailwind\n|move|p1a: Luxray|Toxic|p2b: Sandy Shocks\n|-status|p2b: Sandy Shocks|tox\n|move|p2b: Sandy Shocks|Earth Power|p1a: Luxray\n|-supereffective|p1a: Luxray\n|-damage|p1a: Luxray|0 fnt\n|faint|p1a: Luxray\n|\n|-heal|p2a: Zeraora|94\/100|[from] item: Leftovers\n|-damage|p2b: Sandy Shocks|88\/100 tox|[from] psn\n|upkeep\n|\n|t:|1697490200\n|switch|p1a: Iron Thorns|Iron Thorns|60\/100\n|turn|14\n|\n|t:|1697490225\n|move|p1a: Iron Thorns|High Horsepower|p2b: Sandy Shocks\n|-supereffective|p2b: Sandy Shocks\n|-damage|p2b: Sandy Shocks|16\/100 tox\n|move|p1b: Kilowattrel|Feather Dance|p2a: Zeraora\n|-unboost|p2a: Zeraora|atk|2\n|move|p2a: Zeraora|Drain Punch|p1a: Iron Thorns\n|-supereffective|p1a: Iron Thorns\n|-damage|p1a: Iron Thorns|39\/100\n|-heal|p2a: Zeraora|100\/100|[from] drain|[of] p1a: Iron Thorns\n|move|p2b: Sandy Shocks|Earth Power|p1a: Iron Thorns\n|-supereffective|p1a: Iron Thorns\n|-damage|p1a: Iron Thorns|0 fnt\n|faint|p1a: Iron Thorns\n|-end|p1a: Iron Thorns|Quark Drive|[silent]\n|\n|-damage|p2b: Sandy Shocks|4\/100 tox|[from] psn\n|upkeep\n|\n|t:|1697490245\n|switch|p1a: Stunfisk|Stunfisk, F|75\/100\n|turn|15\n|\n|t:|1697490255\n|move|p1a: Stunfisk|Protect|p1a: Stunfisk\n|-singleturn|p1a: Stunfisk|Protect\n|move|p1b: Kilowattrel|Feather Dance|p2a: Zeraora\n|-unboost|p2a: Zeraora|atk|2\n|move|p2a: Zeraora|Drain Punch|p1a: Stunfisk\n|-activate|p1a: Stunfisk|move: Protect\n|move|p2b: Sandy Shocks|Earth Power|p1a: Stunfisk\n|-activate|p1a: Stunfisk|move: Protect\n|\n|-damage|p2b: Sandy Shocks|0 fnt|[from] psn\n|faint|p2b: Sandy Shocks\n|-end|p2b: Sandy Shocks|Protosynthesis|[silent]\n|upkeep\n|\n|t:|1697490273\n|switch|p2b: Eelektross|Eelektross, F|40\/100 tox\n|-damage|p2b: Eelektross|27\/100 tox|[from] Stealth Rock\n|turn|16\n|\n|t:|1697490303\n|switch|p1b: Iron Hands|Iron Hands|76\/100 brn\n|move|p2a: Zeraora|Thunder Wave||[still]\n|-fail|p2a: Zeraora\n|move|p1a: Stunfisk|Earth Power|p2a: Zeraora\n|-supereffective|p2a: Zeraora\n|-damage|p2a: Zeraora|0 fnt\n|faint|p2a: Zeraora\n|-damage|p1a: Stunfisk|65\/100|[from] item: Life Orb\n|move|p2b: Eelektross|Gastro Acid||[still]\n|-fail|p2b: Eelektross\n|\n|-heal|p2b: Eelektross|33\/100 tox|[from] item: Leftovers\n|-damage|p2b: Eelektross|27\/100 tox|[from] psn\n|-damage|p1b: Iron Hands|70\/100 brn|[from] brn\n|-sideend|p1: chescor49|move: Tailwind\n|upkeep\n|\n|t:|1697490320\n|switch|p2a: Tapu Koko|Tapu Koko|100\/100\n|-damage|p2a: Tapu Koko|88\/100|[from] Stealth Rock\n|-fieldstart|move: Electric Terrain|[from] ability: Electric Surge|[of] p2a: Tapu Koko\n|-activate|p1b: Iron Hands|ability: Quark Drive\n|-start|p1b: Iron Hands|quarkdriveatk\n|turn|17\n|\n|t:|1697490343\n|move|p1b: Iron Hands|Fake Out|p2b: Eelektross\n|-damage|p2b: Eelektross|16\/100 tox\n|move|p2a: Tapu Koko|Dazzling Gleam|p1b: Iron Hands|[spread] p1a,p1b\n|-supereffective|p1b: Iron Hands\n|-damage|p1a: Stunfisk|37\/100\n|-damage|p1b: Iron Hands|35\/100 brn\n|cant|p2b: Eelektross|flinch\n|move|p1a: Stunfisk|Earth Power|p2a: Tapu Koko\n|-supereffective|p2a: Tapu Koko\n|-damage|p2a: Tapu Koko|0 fnt\n|faint|p2a: Tapu Koko\n|-damage|p1a: Stunfisk|27\/100|[from] item: Life Orb\n|\n|-heal|p2b: Eelektross|22\/100 tox|[from] item: Leftovers\n|-damage|p2b: Eelektross|10\/100 tox|[from] psn\n|-damage|p1b: Iron Hands|29\/100 brn|[from] brn\n|upkeep\n|turn|18\n|\n|t:|1697490363\n|move|p1a: Stunfisk|Protect|p1a: Stunfisk\n|-singleturn|p1a: Stunfisk|Protect\n|move|p2b: Eelektross|Drain Punch|p1a: Stunfisk\n|-activate|p1a: Stunfisk|move: Protect\n|move|p1b: Iron Hands|Drain Punch|p2b: Eelektross\n|-damage|p2b: Eelektross|0 fnt\n|-heal|p1b: Iron Hands|32\/100 brn|[from] drain|[of] p2b: Eelektross\n|faint|p2b: Eelektross\n|\n|win|chescor49\n","uploadtime":1697490367,"views":14,"p1id":"chescor49","p2id":"rappire997","formatid":"gen9nationaldexdoubles","rating":0,"private":0,"password":""}