{"id":"gen9nationaldexdoubles-1978866850","p1":"AutumnCookie","p2":"cassinidivision","format":"[Gen 9] National Dex Doubles","log":"|j|\u2606AutumnCookie\n|j|\u2606cassinidivision\n|t:|1698604421\n|gametype|doubles\n|player|p1|AutumnCookie|ortega|\n|player|p2|cassinidivision|bede|\n|teamsize|p1|5\n|teamsize|p2|6\n|gen|9\n|tier|[Gen 9] National Dex Doubles\n|rule|HP Percentage Mod: HP is shown in percentages\n|rule|Endless Battle Clause: Forcing endless battles is banned\n|rule|OHKO Clause: OHKO moves are banned\n|rule|Evasion Moves Clause: Evasion moves are banned\n|rule|Evasion Abilities Clause: Evasion abilities are banned\n|rule|Species Clause: Limit one of each Pok\u00e9mon\n|rule|Gravity Sleep Clause: The combination of sleep-inducing moves with imperfect accuracy and Gravity or Gigantamax Orbeetle are banned\n|clearpoke\n|poke|p1|Klefki, M|\n|poke|p1|Wigglytuff, M|\n|poke|p1|Hatterene, F|\n|poke|p1|Dachsbun, M|\n|poke|p1|Azumarill, F|\n|poke|p2|Rapidash-Galar, M|\n|poke|p2|Mawile, F|\n|poke|p2|Hatterene, F|\n|poke|p2|Orbeetle, M|\n|poke|p2|Reuniclus, M|\n|poke|p2|Shiinotic, F|\n|teampreview\n|\n|t:|1698604433\n|start\n|switch|p1a: Wigglytuff|Wigglytuff, M|100\/100\n|switch|p1b: Dachsbun|Dachsbun, M|100\/100\n|switch|p2a: Reuniclus|Reuniclus, M|100\/100\n|switch|p2b: Mawile|Mawile, F|100\/100\n|-ability|p2b: Mawile|Intimidate|boost\n|-unboost|p1a: Wigglytuff|atk|1\n|-ability|p1a: Wigglytuff|Competitive|boost\n|-boost|p1a: Wigglytuff|spa|2\n|-unboost|p1b: Dachsbun|atk|1\n|turn|1\n|\n|t:|1698604464\n|move|p1b: Dachsbun|Yawn|p2b: Mawile\n|-start|p2b: Mawile|move: Yawn|[of] p1b: Dachsbun\n|move|p2b: Mawile|Iron Head|p1a: Wigglytuff\n|-supereffective|p1a: Wigglytuff\n|-damage|p1a: Wigglytuff|0 fnt\n|faint|p1a: Wigglytuff\n|move|p2a: Reuniclus|Light Screen|p2a: Reuniclus\n|-sidestart|p2: cassinidivision|move: Light Screen\n|\n|upkeep\n|c|\u2606AutumnCookie|REALLY hoped Wigglytuff was faster than Mawhile...\n|\n|t:|1698604496\n|switch|p1a: Klefki|Klefki, M, shiny|100\/100\n|turn|2\n|c|\u2606cassinidivision|WRONG!\n|\n|t:|1698604554\n|move|p1a: Klefki|Reflect|p1a: Klefki\n|-sidestart|p1: AutumnCookie|Reflect\n|move|p1b: Dachsbun|Wish|p1b: Dachsbun\n|move|p2b: Mawile|Iron Head|p1b: Dachsbun\n|-supereffective|p1b: Dachsbun\n|-damage|p1b: Dachsbun|49\/100\n|move|p2a: Reuniclus|Reflect|p2a: Reuniclus\n|-sidestart|p2: cassinidivision|Reflect\n|\n|-heal|p1b: Dachsbun|55\/100|[from] item: Leftovers\n|-end|p2b: Mawile|move: Yawn|[silent]\n|-status|p2b: Mawile|slp\n|upkeep\n|turn|3\n|\n|t:|1698604592\n|switch|p2b: Shiinotic|Shiinotic, F|100\/100\n|move|p1a: Klefki|Light Screen|p1a: Klefki\n|-sidestart|p1: AutumnCookie|move: Light Screen\n|move|p1b: Dachsbun|Body Press|p2b: Shiinotic\n|-resisted|p2b: Shiinotic\n|-damage|p2b: Shiinotic|88\/100\n|move|p2a: Reuniclus|Psychic|p1b: Dachsbun\n|-damage|p1b: Dachsbun|23\/100\n|\n|-heal|p1b: Dachsbun|73\/100|[from] move: Wish|[wisher] Dachsbun\n|-heal|p1b: Dachsbun|79\/100|[from] item: Leftovers\n|-heal|p2b: Shiinotic|94\/100|[from] item: Leftovers\n|upkeep\n|turn|4\n|j| kpoc12\n|c| kpoc12|NOOO I MISSED SOME\n|c| kpoc12|ITS OK IM HERE NOW\n|c|\u2606cassinidivision|ITS OKAY\n|c|\u2606cassinidivision|cassiniloves you\n|c| kpoc12|i literally sneezed and it made me remember this\n|c| kpoc12|somehow\n|c|\u2606cassinidivision|allergic to twinks\n|\n|t:|1698604670\n|switch|p1b: Hatterene|Hatterene, F|100\/100\n|move|p1a: Klefki|Spikes|p2a: Reuniclus\n|-sidestart|p2: cassinidivision|Spikes\n|move|p2b: Shiinotic|Leech Seed|p1a: Klefki\n|-start|p1a: Klefki|move: Leech Seed\n|move|p2a: Reuniclus|Psychic|p1b: Hatterene\n|-resisted|p1b: Hatterene\n|-damage|p1b: Hatterene|87\/100\n|-unboost|p1b: Hatterene|spd|1\n|\n|-heal|p2b: Shiinotic|100\/100|[from] item: Leftovers\n|-heal|p1b: Hatterene|93\/100|[from] item: Leftovers\n|-damage|p1a: Klefki|88\/100|[from] Leech Seed|[of] p2b: Shiinotic\n|upkeep\n|turn|5\n|\n|t:|1698604719\n|move|p1a: Klefki|Flash Cannon|p2b: Shiinotic\n|-supereffective|p2b: Shiinotic\n|-damage|p2b: Shiinotic|78\/100\n|-unboost|p2b: Shiinotic|spd|1\n|move|p2b: Shiinotic|Giga Drain|p1b: Hatterene\n|-damage|p1b: Hatterene|70\/100\n|-heal|p2b: Shiinotic|90\/100|[from] drain|[of] p1b: Hatterene\n|move|p1b: Hatterene|Calm Mind|p1b: Hatterene\n|-boost|p1b: Hatterene|spa|1\n|-boost|p1b: Hatterene|spd|1\n|move|p2a: Reuniclus|Psychic|p1a: Klefki\n|-resisted|p1a: Klefki\n|-damage|p1a: Klefki|73\/100\n|\n|-heal|p2b: Shiinotic|96\/100|[from] item: Leftovers\n|-heal|p1b: Hatterene|76\/100|[from] item: Leftovers\n|-damage|p1a: Klefki|61\/100|[from] Leech Seed|[of] p2b: Shiinotic\n|-heal|p2b: Shiinotic|100\/100|[silent]\n|-sideend|p2: cassinidivision|move: Light Screen\n|upkeep\n|turn|6\n|c|\u2606cassinidivision|this shiinotic can be so annoying\n|\n|t:|1698604752\n|switch|p1a: Dachsbun|Dachsbun, M|79\/100\n|move|p2b: Shiinotic|Giga Drain|p1b: Hatterene\n|-damage|p1b: Hatterene|60\/100\n|move|p1b: Hatterene|Calm Mind|p1b: Hatterene\n|-boost|p1b: Hatterene|spa|1\n|-boost|p1b: Hatterene|spd|1\n|move|p2a: Reuniclus|Psychic|p1b: Hatterene\n|-resisted|p1b: Hatterene\n|-damage|p1b: Hatterene|51\/100\n|\n|-heal|p1a: Dachsbun|85\/100|[from] item: Leftovers\n|-heal|p1b: Hatterene|57\/100|[from] item: Leftovers\n|-sideend|p2: cassinidivision|Reflect\n|upkeep\n|turn|7\n|c|\u2606cassinidivision|but bede rarely uses it bc it scares him a bit\n|\n|t:|1698604786\n|move|p1a: Dachsbun|Play Rough|p2a: Reuniclus\n|-damage|p2a: Reuniclus|72\/100\n|move|p2b: Shiinotic|Leech Seed|p1b: Hatterene\n|move|p1b: Hatterene|Leech Seed|p2b: Shiinotic|[from]ability: Magic Bounce\n|-immune|p2b: Shiinotic\n|move|p1b: Hatterene|Mystical Fire|p1a: Dachsbun\n|-ability|p1a: Dachsbun|Well-Baked Body|boost\n|-boost|p1a: Dachsbun|def|2\n|move|p2a: Reuniclus|Psychic|p1b: Hatterene\n|-resisted|p1b: Hatterene\n|-damage|p1b: Hatterene|48\/100\n|\n|-heal|p1a: Dachsbun|91\/100|[from] item: Leftovers\n|-heal|p1b: Hatterene|54\/100|[from] item: Leftovers\n|upkeep\n|turn|8\n|c|\u2606cassinidivision|didnt know leech bounced\n|\n|t:|1698604826\n|move|p1a: Dachsbun|Play Rough|p2a: Reuniclus\n|-damage|p2a: Reuniclus|46\/100\n|move|p2b: Shiinotic|Leech Seed|p1a: Dachsbun\n|-start|p1a: Dachsbun|move: Leech Seed\n|move|p1b: Hatterene|Mystical Fire|p1a: Dachsbun\n|-ability|p1a: Dachsbun|Well-Baked Body|boost\n|-boost|p1a: Dachsbun|def|2\n|move|p2a: Reuniclus|Psychic|p1b: Hatterene\n|-resisted|p1b: Hatterene\n|-damage|p1b: Hatterene|44\/100\n|\n|-heal|p1a: Dachsbun|97\/100|[from] item: Leftovers\n|-heal|p1b: Hatterene|50\/100|[from] item: Leftovers\n|-damage|p1a: Dachsbun|84\/100|[from] Leech Seed|[of] p2b: Shiinotic\n|upkeep\n|turn|9\n|\n|t:|1698604870\n|move|p1a: Dachsbun|Play Rough|p2a: Reuniclus\n|-damage|p2a: Reuniclus|18\/100\n|move|p2b: Shiinotic|Giga Drain|p1a: Dachsbun\n|-damage|p1a: Dachsbun|65\/100\n|move|p1b: Hatterene|Mystical Fire|p1a: Dachsbun\n|-ability|p1a: Dachsbun|Well-Baked Body|boost\n|-boost|p1a: Dachsbun|def|2\n|move|p2a: Reuniclus|Psychic|p1a: Dachsbun\n|-damage|p1a: Dachsbun|33\/100\n|\n|-heal|p1a: Dachsbun|39\/100|[from] item: Leftovers\n|-heal|p1b: Hatterene|56\/100|[from] item: Leftovers\n|-damage|p1a: Dachsbun|27\/100|[from] Leech Seed|[of] p2b: Shiinotic\n|-sideend|p1: AutumnCookie|Reflect\n|upkeep\n|turn|10\n|\n|t:|1698604926\n|move|p1a: Dachsbun|Body Press|p2a: Reuniclus\n|-resisted|p2a: Reuniclus\n|-damage|p2a: Reuniclus|0 fnt\n|faint|p2a: Reuniclus\n|move|p2b: Shiinotic|Giga Drain|p1a: Dachsbun\n|-damage|p1a: Dachsbun|7\/100\n|move|p1b: Hatterene|Draining Kiss|p2b: Shiinotic\n|-damage|p2b: Shiinotic|37\/100\n|-heal|p1b: Hatterene|100\/100|[from] drain|[of] p2b: Shiinotic\n|\n|-heal|p1a: Dachsbun|13\/100|[from] item: Leftovers\n|-heal|p2b: Shiinotic|43\/100|[from] item: Leftovers\n|-damage|p1a: Dachsbun|0 fnt|[from] Leech Seed|[of] p2b: Shiinotic\n|-heal|p2b: Shiinotic|55\/100|[silent]\n|faint|p1a: Dachsbun\n|-sideend|p1: AutumnCookie|move: Light Screen\n|upkeep\n|c|\u2606AutumnCookie|Didn't think the seed would kill...\n|c|\u2606cassinidivision|seed power\n|\n|t:|1698604955\n|switch|p1a: Klefki|Klefki, M, shiny|61\/100\n|switch|p2a: Mawile|Mawile, F|100\/100 slp\n|-damage|p2a: Mawile|88\/100 slp|[from] Spikes\n|-ability|p2a: Mawile|Intimidate|boost\n|-unboost|p1a: Klefki|atk|1\n|-unboost|p1b: Hatterene|atk|1\n|turn|11\n|\n|t:|1698604979\n|move|p1a: Klefki|Light Screen|p1a: Klefki\n|-sidestart|p1: AutumnCookie|move: Light Screen\n|cant|p2a: Mawile|slp\n|move|p2b: Shiinotic|Synthesis|p2b: Shiinotic\n|-heal|p2b: Shiinotic|100\/100\n|move|p1b: Hatterene|Mystical Fire|p2a: Mawile\n|-supereffective|p2a: Mawile\n|-damage|p2a: Mawile|0 fnt\n|faint|p2a: Mawile\n|\n|upkeep\n|\n|t:|1698604989\n|switch|p2a: Rapidash|Rapidash-Galar, M|100\/100\n|-damage|p2a: Rapidash|88\/100|[from] Spikes\n|turn|12\n|c| kpoc12|SHINY DUB?\n|c| kpoc12|how did i only jsut notice that\n|c|\u2606cassinidivision|daddy bought it for him\n|\n|t:|1698605059\n|move|p2a: Rapidash|Swords Dance|p2a: Rapidash\n|-boost|p2a: Rapidash|atk|2\n|move|p1a: Klefki|Flash Cannon|p2a: Rapidash\n|-supereffective|p2a: Rapidash\n|-damage|p2a: Rapidash|22\/100\n|move|p2b: Shiinotic|Giga Drain|p1b: Hatterene\n|-damage|p1b: Hatterene|90\/100\n|move|p1b: Hatterene|Mystical Fire|p2b: Shiinotic\n|-supereffective|p2b: Shiinotic\n|-damage|p2b: Shiinotic|0 fnt\n|faint|p2b: Shiinotic\n|\n|-heal|p1b: Hatterene|96\/100|[from] item: Leftovers\n|upkeep\n|\n|t:|1698605069\n|switch|p2b: Hatterene|Hatterene, F|100\/100\n|-damage|p2b: Hatterene|88\/100|[from] Spikes\n|turn|13\n|\n|t:|1698605088\n|move|p2b: Hatterene|Helping Hand|p2a: Rapidash\n|-singleturn|p2a: Rapidash|Helping Hand|[of] p2b: Hatterene\n|move|p2a: Rapidash|Smart Strike|p1b: Hatterene\n|-supereffective|p1b: Hatterene\n|-damage|p1b: Hatterene|0 fnt\n|faint|p1b: Hatterene\n|move|p1a: Klefki|Flash Cannon|p2b: Hatterene\n|-supereffective|p2b: Hatterene\n|-damage|p2b: Hatterene|50\/100\n|\n|-heal|p2b: Hatterene|56\/100|[from] item: Leftovers\n|upkeep\n|\n|t:|1698605101\n|switch|p1b: Azumarill|Azumarill, F|100\/100\n|turn|14\n|\n|t:|1698605130\n|move|p2b: Hatterene|Helping Hand|p2a: Rapidash\n|-singleturn|p2a: Rapidash|Helping Hand|[of] p2b: Hatterene\n|move|p2a: Rapidash|Smart Strike|p1b: Azumarill\n|-damage|p1b: Azumarill|34\/100\n|-enditem|p1b: Azumarill|Sitrus Berry|[eat]\n|-heal|p1b: Azumarill|59\/100|[from] item: Sitrus Berry\n|move|p1a: Klefki|Flash Cannon|p2a: Rapidash\n|-supereffective|p2a: Rapidash\n|-damage|p2a: Rapidash|0 fnt\n|faint|p2a: Rapidash\n|move|p1b: Azumarill|Belly Drum|p1b: Azumarill\n|-damage|p1b: Azumarill|9\/100\n|-setboost|p1b: Azumarill|atk|6|[from] move: Belly Drum\n|\n|-heal|p2b: Hatterene|62\/100|[from] item: Leftovers\n|upkeep\n|\n|t:|1698605141\n|switch|p2a: Orbeetle|Orbeetle, M|100\/100\n|-damage|p2a: Orbeetle|88\/100|[from] Spikes\n|-item|p1a: Klefki|Light Clay|[from] ability: Frisk|[of] p2a: Orbeetle|[identify]\n|turn|15\n|\n|t:|1698605166\n|move|p2b: Hatterene|Helping Hand|p2a: Orbeetle\n|-singleturn|p2a: Orbeetle|Helping Hand|[of] p2b: Hatterene\n|move|p1b: Azumarill|Aqua Jet|p2a: Orbeetle\n|-damage|p2a: Orbeetle|0 fnt\n|faint|p2a: Orbeetle\n|move|p1a: Klefki|Flash Cannon|p2b: Hatterene\n|-supereffective|p2b: Hatterene\n|-damage|p2b: Hatterene|25\/100\n|\n|-heal|p2b: Hatterene|31\/100|[from] item: Leftovers\n|upkeep\n|turn|16\n|c| kpoc12|oh my god\n|\n|t:|1698605186\n|move|p1b: Azumarill|Aqua Jet|p2b: Hatterene\n|-damage|p2b: Hatterene|0 fnt\n|faint|p2b: Hatterene\n|\n|win|AutumnCookie\n|c|\u2606cassinidivision|you see why its evil\n|c|\u2606AutumnCookie|THAT WAS SO CLOSE\n|c|\u2606AutumnCookie|I WAS PRAYING SO HARD THAT AZUMARILL COULD GET THE BELLY DRUM UP DUDE...\n|c|\u2606AutumnCookie|Daschbun and Hatterene have a LOT of potential together...\n|l| kpoc12\n|l|\u2606AutumnCookie\n|j|\u2606AutumnCookie\n|player|p1|AutumnCookie|ortega\n","uploadtime":1698605242,"views":8,"p1id":"autumncookie","p2id":"cassinidivision","formatid":"gen9nationaldexdoubles","rating":0,"private":0,"password":""}