{"id":"gen9nationaldexdoubles-1966677229","p1":"Atomic_Hedgefox","p2":"ElectroShibe","format":"[Gen 9] National Dex Doubles","log":"|j|\u203dAtomic_Hedgefox\n|j|\u2606ElectroShibe\n|t:|1697212845\n|gametype|doubles\n|player|p1|Atomic_Hedgefox|169|1114\n|player|p2|ElectroShibe|102|1126\n|teamsize|p1|6\n|teamsize|p2|6\n|gen|9\n|tier|[Gen 9] National Dex Doubles\n|rated|\n|rule|HP Percentage Mod: HP is shown in percentages\n|rule|Endless Battle Clause: Forcing endless battles is banned\n|rule|OHKO Clause: OHKO moves are banned\n|rule|Evasion Moves Clause: Evasion moves are banned\n|rule|Evasion Abilities Clause: Evasion abilities are banned\n|rule|Species Clause: Limit one of each Pok\u00e9mon\n|rule|Gravity Sleep Clause: The combination of sleep-inducing moves with imperfect accuracy and Gravity or Gigantamax Orbeetle are banned\n|clearpoke\n|poke|p1|Charizard, F|\n|poke|p1|Walking Wake|\n|poke|p1|Ninetales, F|\n|poke|p1|Scizor, F|\n|poke|p1|Pikachu, F|\n|poke|p1|Chi-Yu|\n|poke|p2|Ninetales, M|\n|poke|p2|Ceruledge, M|\n|poke|p2|Arcanine-Hisui, F|\n|poke|p2|Eevee, M|\n|poke|p2|Amoonguss, M|\n|poke|p2|Victini|\n|teampreview\n|\n|t:|1697212878\n|start\n|switch|p1a: Walking Wake|Walking Wake|100\/100\n|switch|p1b: Pikachu|Pikachu, F|100\/100\n|switch|p2a: Amoonguss|Amoonguss, M|100\/100\n|switch|p2b: Eevee|Eevee, M, shiny|100\/100\n|turn|1\n|\n|t:|1697212900\n|-terastallize|p1b: Pikachu|Normal\n|move|p2b: Eevee|Detect|p2b: Eevee\n|-singleturn|p2b: Eevee|Protect\n|move|p1b: Pikachu|Extreme Speed|p2b: Eevee\n|-activate|p2b: Eevee|move: Protect\n|move|p1a: Walking Wake|Draco Meteor|p2a: Amoonguss\n|-damage|p2a: Amoonguss|56\/100\n|-unboost|p1a: Walking Wake|spa|2\n|move|p2a: Amoonguss|Spore|p1a: Walking Wake\n|-status|p1a: Walking Wake|slp|[from] move: Spore\n|\n|-heal|p2a: Amoonguss|62\/100|[from] item: Black Sludge\n|upkeep\n|turn|2\n|\n|t:|1697212924\n|move|p1b: Pikachu|Extreme Speed|p2a: Amoonguss\n|-damage|p2a: Amoonguss|6\/100\n|move|p2a: Amoonguss|Rage Powder|p2a: Amoonguss\n|-singleturn|p2a: Amoonguss|move: Rage Powder\n|cant|p1a: Walking Wake|slp\n|-zpower|p2b: Eevee\n|move|p2b: Eevee|Extreme Evoboost|p2b: Eevee\n|-boost|p2b: Eevee|atk|2\n|-boost|p2b: Eevee|def|2\n|-boost|p2b: Eevee|spa|2\n|-boost|p2b: Eevee|spd|2\n|-boost|p2b: Eevee|spe|2\n|\n|-heal|p2a: Amoonguss|13\/100|[from] item: Black Sludge\n|upkeep\n|turn|3\n|\n|t:|1697212944\n|move|p1b: Pikachu|Extreme Speed|p2b: Eevee\n|-damage|p2b: Eevee|58\/100\n|move|p2a: Amoonguss|Rage Powder|p2a: Amoonguss\n|-singleturn|p2a: Amoonguss|move: Rage Powder\n|move|p2b: Eevee|Baton Pass|p2b: Eevee\n|\n|t:|1697212953\n|switch|p2b: Victini|Victini|100\/100|[from] Baton Pass\n|-curestatus|p1a: Walking Wake|slp|[msg]\n|move|p1a: Walking Wake|Hydro Steam|p2a: Amoonguss\n|-resisted|p2a: Amoonguss\n|-damage|p2a: Amoonguss|6\/100\n|\n|-heal|p2a: Amoonguss|12\/100|[from] item: Black Sludge\n|upkeep\n|turn|4\n|\n|t:|1697212989\n|switch|p1b: Chi-Yu|Chi-Yu|100\/100\n|-ability|p1b: Chi-Yu|Beads of Ruin\n|switch|p2a: Ceruledge|Ceruledge, M|100\/100\n|move|p2b: Victini|Psychic|p1a: Walking Wake\n|-damage|p1a: Walking Wake|0 fnt\n|faint|p1a: Walking Wake\n|-end|p1a: Walking Wake|Protosynthesis|[silent]\n|\n|upkeep\n|\n|t:|1697213007\n|switch|p1a: Ninetales|Ninetales, F|100\/100\n|-weather|SunnyDay|[from] ability: Drought|[of] p1a: Ninetales\n|turn|5\n|\n|t:|1697213020\n|move|p1a: Ninetales|Helping Hand|p1b: Chi-Yu\n|-singleturn|p1b: Chi-Yu|Helping Hand|[of] p1a: Ninetales\n|move|p2b: Victini|Substitute|p2b: Victini\n|-start|p2b: Victini|Substitute\n|-damage|p2b: Victini|76\/100\n|move|p1b: Chi-Yu|Dark Pulse|p2b: Victini\n|-supereffective|p2b: Victini\n|-end|p2b: Victini|Substitute\n|move|p2a: Ceruledge|Swords Dance|p2a: Ceruledge\n|-boost|p2a: Ceruledge|atk|2\n|\n|-weather|SunnyDay|[upkeep]\n|-heal|p2b: Victini|82\/100|[from] item: Leftovers\n|upkeep\n|turn|6\n|\n|t:|1697213036\n|move|p1a: Ninetales|Helping Hand|p1b: Chi-Yu\n|-singleturn|p1b: Chi-Yu|Helping Hand|[of] p1a: Ninetales\n|move|p2b: Victini|Substitute|p2b: Victini\n|-start|p2b: Victini|Substitute\n|-damage|p2b: Victini|57\/100\n|move|p1b: Chi-Yu|Dark Pulse|p2a: Ceruledge\n|-supereffective|p2a: Ceruledge\n|-crit|p2a: Ceruledge\n|-damage|p2a: Ceruledge|0 fnt\n|faint|p2a: Ceruledge\n|\n|-weather|SunnyDay|[upkeep]\n|-heal|p2b: Victini|63\/100|[from] item: Leftovers\n|upkeep\n|\n|t:|1697213045\n|switch|p2a: Arcanine|Arcanine-Hisui, F|100\/100\n|turn|7\n|\n|t:|1697213062\n|switch|p1a: Scizor|Scizor, F|100\/100\n|move|p2b: Victini|Dazzling Gleam|p1a: Scizor|[spread] p1a,p1b\n|-resisted|p1a: Scizor\n|-damage|p1a: Scizor|75\/100\n|-damage|p1b: Chi-Yu|58\/100\n|move|p1b: Chi-Yu|Heat Wave|p2a: Arcanine|[spread] p2b\n|-miss|p1b: Chi-Yu|p2a: Arcanine\n|-resisted|p2b: Victini\n|-activate|p2b: Victini|move: Substitute|[damage]\n|move|p2a: Arcanine|Flame Charge|p1b: Chi-Yu\n|-resisted|p1b: Chi-Yu\n|-damage|p1b: Chi-Yu|28\/100\n|-boost|p2a: Arcanine|spe|1\n|\n|-weather|SunnyDay|[upkeep]\n|-heal|p2b: Victini|69\/100|[from] item: Leftovers\n|-heal|p1b: Chi-Yu|34\/100|[from] item: Leftovers\n|-heal|p1a: Scizor|81\/100|[from] item: Leftovers\n|upkeep\n|turn|8\n|\n|t:|1697213087\n|move|p2b: Victini|Psychic|p1a: Scizor\n|-resisted|p1a: Scizor\n|-damage|p1a: Scizor|18\/100\n|move|p2a: Arcanine|Flame Charge|p1b: Chi-Yu\n|-resisted|p1b: Chi-Yu\n|-damage|p1b: Chi-Yu|3\/100\n|-boost|p2a: Arcanine|spe|1\n|move|p1b: Chi-Yu|Heat Wave|p2b: Victini|[spread] p2a,p2b\n|-resisted|p2b: Victini\n|-end|p2b: Victini|Substitute\n|-resisted|p2a: Arcanine\n|-damage|p2a: Arcanine|85\/100\n|move|p1a: Scizor|Tailwind|p1a: Scizor\n|-sidestart|p1: Atomic_Hedgefox|move: Tailwind\n|\n|-weather|SunnyDay|[upkeep]\n|-heal|p1b: Chi-Yu|9\/100|[from] item: Leftovers\n|-heal|p2b: Victini|75\/100|[from] item: Leftovers\n|-heal|p1a: Scizor|24\/100|[from] item: Leftovers\n|upkeep\n|turn|9\n|\n|t:|1697213107\n|move|p1b: Chi-Yu|Dark Pulse|p2b: Victini\n|-supereffective|p2b: Victini\n|-damage|p2b: Victini|12\/100\n|cant|p2b: Victini|flinch\n|move|p2a: Arcanine|Flame Charge|p1b: Chi-Yu\n|-resisted|p1b: Chi-Yu\n|-damage|p1b: Chi-Yu|0 fnt\n|-boost|p2a: Arcanine|spe|1\n|faint|p1b: Chi-Yu\n|move|p1a: Scizor|Bug Bite|p2b: Victini\n|-damage|p2b: Victini|0 fnt\n|faint|p2b: Victini\n|\n|-weather|none\n|-heal|p1a: Scizor|30\/100|[from] item: Leftovers\n|upkeep\n|\n|t:|1697213122\n|switch|p1b: Pikachu|Pikachu, F, tera:Normal|100\/100\n|switch|p2b: Ninetales|Ninetales, M|100\/100\n|-weather|SunnyDay|[from] ability: Drought|[of] p2b: Ninetales\n|turn|10\n|\n|t:|1697213135\n|move|p2a: Arcanine|Extreme Speed|p1b: Pikachu\n|-damage|p1b: Pikachu|13\/100\n|move|p1a: Scizor|Bullet Punch|p2a: Arcanine\n|-crit|p2a: Arcanine\n|-damage|p2a: Arcanine|27\/100\n|move|p1b: Pikachu|Volt Tackle|p2a: Arcanine\n|-damage|p2a: Arcanine|0 fnt\n|faint|p2a: Arcanine\n|-damage|p1b: Pikachu|0 fnt|[from] Recoil\n|faint|p1b: Pikachu\n|move|p2b: Ninetales|Will-O-Wisp|p1a: Scizor\n|-status|p1a: Scizor|brn\n|\n|-weather|SunnyDay|[upkeep]\n|-heal|p1a: Scizor|36\/100 brn|[from] item: Leftovers\n|-damage|p1a: Scizor|30\/100 brn|[from] brn\n|upkeep\n|\n|t:|1697213152\n|switch|p1b: Ninetales|Ninetales, F|100\/100\n|switch|p2a: Amoonguss|Amoonguss, M|45\/100\n|turn|11\n|\n|t:|1697213168\n|switch|p2a: Eevee|Eevee, M, shiny|58\/100\n|move|p1b: Ninetales|Heat Wave|p2b: Ninetales|[spread] p2a,p2b\n|-resisted|p2b: Ninetales\n|-damage|p2a: Eevee|0 fnt\n|-damage|p2b: Ninetales|78\/100\n|faint|p2a: Eevee\n|move|p1a: Scizor|Bug Bite|p2b: Ninetales\n|-resisted|p2b: Ninetales\n|-damage|p2b: Ninetales|59\/100\n|move|p2b: Ninetales|Encore|p1b: Ninetales\n|-start|p1b: Ninetales|Encore\n|\n|-weather|SunnyDay|[upkeep]\n|-heal|p1a: Scizor|36\/100 brn|[from] item: Leftovers\n|-damage|p1a: Scizor|30\/100 brn|[from] brn\n|-sideend|p1: Atomic_Hedgefox|move: Tailwind\n|upkeep\n|\n|t:|1697213177\n|switch|p2a: Amoonguss|Amoonguss, M|79\/100\n|turn|12\n|\n|t:|1697213188\n|move|p1b: Ninetales|Heat Wave|p2b: Ninetales|[spread] p2a,p2b\n|-supereffective|p2a: Amoonguss\n|-resisted|p2b: Ninetales\n|-damage|p2a: Amoonguss|20\/100\n|-damage|p2b: Ninetales|35\/100\n|move|p2b: Ninetales|Heat Wave|p1b: Ninetales|[spread] p1a,p1b\n|-supereffective|p1a: Scizor\n|-resisted|p1b: Ninetales\n|-damage|p1a: Scizor|0 fnt\n|-damage|p1b: Ninetales|77\/100\n|faint|p1a: Scizor\n|move|p2a: Amoonguss|Spore|p1b: Ninetales\n|-status|p1b: Ninetales|slp|[from] move: Spore\n|\n|-weather|SunnyDay|[upkeep]\n|-heal|p1b: Ninetales|83\/100 slp|[from] item: Leftovers\n|-heal|p2a: Amoonguss|26\/100|[from] item: Black Sludge\n|upkeep\n|\n|t:|1697213194\n|switch|p1a: Charizard|Charizard, F|100\/100\n|turn|13\n|\n|t:|1697213217\n|detailschange|p1a: Charizard|Charizard-Mega-Y, F\n|-mega|p1a: Charizard|Charizard|Charizardite Y\n|move|p1a: Charizard|Weather Ball|p2a: Amoonguss\n|-supereffective|p2a: Amoonguss\n|-damage|p2a: Amoonguss|0 fnt\n|faint|p2a: Amoonguss\n|move|p2b: Ninetales|Heat Wave|p1b: Ninetales|[spread] p1b\n|-miss|p2b: Ninetales|p1a: Charizard\n|-resisted|p1b: Ninetales\n|-damage|p1b: Ninetales|58\/100 slp\n|cant|p1b: Ninetales|slp\n|\n|-weather|SunnyDay|[upkeep]\n|-heal|p1b: Ninetales|64\/100 slp|[from] item: Leftovers\n|upkeep\n|turn|14\n|\n|t:|1697213233\n|move|p1a: Charizard|Weather Ball|p2b: Ninetales\n|-resisted|p2b: Ninetales\n|-damage|p2b: Ninetales|0 fnt\n|faint|p2b: Ninetales\n|\n|win|Atomic_Hedgefox\n|raw|Atomic_Hedgefox's rating: 1114 &rarr; <strong>1140<\/strong><br \/>(+26 for winning)\n|raw|ElectroShibe's rating: 1126 &rarr; <strong>1100<\/strong><br \/>(-26 for losing)\n|l|\u2606ElectroShibe\n","uploadtime":1697213261,"views":14,"p1id":"atomichedgefox","p2id":"electroshibe","formatid":"gen9nationaldexdoubles","rating":1100,"private":0,"password":""}