{"id":"gen9nationaldexdoubles-1993686040","p1":"Galaxia015","p2":"sans525262","format":"[Gen 9] National Dex Doubles","log":"|j|\u2606Galaxia015\n|j|\u2606sans525262\n|t:|1700345471\n|gametype|doubles\n|player|p1|Galaxia015|ghetsis|\n|player|p2|sans525262|preschooler|\n|teamsize|p1|6\n|teamsize|p2|6\n|gen|9\n|tier|[Gen 9] National Dex Doubles\n|rule|HP Percentage Mod: HP is shown in percentages\n|rule|Endless Battle Clause: Forcing endless battles is banned\n|rule|OHKO Clause: OHKO moves are banned\n|rule|Evasion Moves Clause: Evasion moves are banned\n|rule|Evasion Abilities Clause: Evasion abilities are banned\n|rule|Species Clause: Limit one of each Pok\u00e9mon\n|rule|Gravity Sleep Clause: The combination of sleep-inducing moves with imperfect accuracy and Gravity or Gigantamax Orbeetle are banned\n|clearpoke\n|poke|p1|Armarouge, F|\n|poke|p1|Indeedee-F, F|\n|poke|p1|Cresselia, F|\n|poke|p1|Ursaluna-Bloodmoon, M|\n|poke|p1|Dusclops, M|\n|poke|p1|Iron Hands|\n|poke|p2|Amoonguss, F|\n|poke|p2|Charizard, F|\n|poke|p2|Victini|\n|poke|p2|Armarouge, F|\n|poke|p2|Indeedee-F, F|\n|poke|p2|Ogerpon-Hearthflame, F|\n|teampreview\n|inactive|Battle timer is ON: inactive players will automatically lose when time's up. (requested by Galaxia015)\n|\n|t:|1700345498\n|start\n|switch|p1a: Iron Hands|Iron Hands|100\/100\n|switch|p1b: Dusclops|Dusclops, M|100\/100\n|switch|p2a: Ogerpon|Ogerpon-Hearthflame, F|100\/100\n|switch|p2b: Amoonguss|Amoonguss, F|100\/100\n|-ability|p2a: Ogerpon|Mold Breaker\n|-item|p2a: Ogerpon|Hearthflame Mask|[from] ability: Frisk|[of] p1b: Dusclops|[identify]\n|-item|p2b: Amoonguss|Heavy-Duty Boots|[from] ability: Frisk|[of] p1b: Dusclops|[identify]\n|-enditem|p1a: Iron Hands|Booster Energy\n|-activate|p1a: Iron Hands|ability: Quark Drive|[fromitem]\n|-start|p1a: Iron Hands|quarkdriveatk\n|turn|1\n|\n|t:|1700345513\n|move|p1a: Iron Hands|Fake Out|p2b: Amoonguss\n|-damage|p2b: Amoonguss|78\/100\n|move|p2a: Ogerpon|Ivy Cudgel|p1a: Iron Hands|[anim] Ivy Cudgel Fire\n|-crit|p1a: Iron Hands\n|-damage|p1a: Iron Hands|46\/100\n|cant|p2b: Amoonguss|flinch\n|move|p1b: Dusclops|Trick Room|p1b: Dusclops\n|-fieldstart|move: Trick Room|[of] p1b: Dusclops\n|\n|upkeep\n|turn|2\n|\n|t:|1700345531\n|move|p1b: Dusclops|Pain Split|p2b: Amoonguss\n|-sethp|p2b: Amoonguss|72\/100|[from] move: Pain Split|[silent]\n|-sethp|p1b: Dusclops|100\/100|[from] move: Pain Split\n|move|p2b: Amoonguss|Sludge Bomb|p1b: Dusclops\n|-resisted|p1b: Dusclops\n|-damage|p1b: Dusclops|91\/100\n|move|p1a: Iron Hands|Drain Punch|p2a: Ogerpon\n|-damage|p2a: Ogerpon|22\/100\n|-heal|p1a: Iron Hands|70\/100|[from] drain|[of] p2a: Ogerpon\n|move|p2a: Ogerpon|Ivy Cudgel|p1b: Dusclops|[anim] Ivy Cudgel Fire\n|-crit|p1b: Dusclops\n|-damage|p1b: Dusclops|38\/100\n|\n|upkeep\n|turn|3\n|inactive|sans525262 has 270 seconds left.\n|\n|t:|1700345578\n|switch|p2a: Victini|Victini|100\/100\n|move|p1b: Dusclops|Will-O-Wisp|p2b: Amoonguss|[miss]\n|-miss|p1b: Dusclops|p2b: Amoonguss\n|move|p2b: Amoonguss|Spore|p1a: Iron Hands\n|-status|p1a: Iron Hands|slp|[from] move: Spore\n|cant|p1a: Iron Hands|slp\n|\n|upkeep\n|turn|4\n|inactive|sans525262 has 270 seconds left.\n|\n|t:|1700345608\n|switch|p2b: Indeedee|Indeedee-F, F|100\/100\n|-fieldstart|move: Psychic Terrain|[from] ability: Psychic Surge|[of] p2b: Indeedee\n|move|p1b: Dusclops|Pain Split|p2a: Victini\n|-sethp|p2a: Victini|66\/100|[from] move: Pain Split|[silent]\n|-sethp|p1b: Dusclops|79\/100|[from] move: Pain Split\n|cant|p1a: Iron Hands|slp\n|move|p2a: Victini|Expanding Force|p1a: Iron Hands|[spread] p1a,p1b\n|-supereffective|p1a: Iron Hands\n|-damage|p1a: Iron Hands|0 fnt\n|-damage|p1b: Dusclops|45\/100\n|faint|p1a: Iron Hands\n|-end|p1a: Iron Hands|Quark Drive|[silent]\n|\n|upkeep\n|inactive|Galaxia015 has 270 seconds left.\n|\n|t:|1700345621\n|switch|p1a: Ursaluna|Ursaluna-Bloodmoon, M|100\/100\n|turn|5\n|\n|t:|1700345641\n|move|p1b: Dusclops|Pain Split|p2b: Indeedee\n|-sethp|p2b: Indeedee|69\/100|[from] move: Pain Split|[silent]\n|-sethp|p1b: Dusclops|83\/100|[from] move: Pain Split\n|move|p1a: Ursaluna|Calm Mind|p1a: Ursaluna\n|-boost|p1a: Ursaluna|spa|1\n|-boost|p1a: Ursaluna|spd|1\n|move|p2b: Indeedee|Reflect|p2b: Indeedee\n|-sidestart|p2: sans525262|Reflect\n|move|p2a: Victini|Expanding Force|p1a: Ursaluna|[spread] p1a,p1b\n|-damage|p1a: Ursaluna|44\/100\n|-damage|p1b: Dusclops|44\/100\n|\n|-heal|p1a: Ursaluna|50\/100|[from] item: Leftovers\n|-fieldend|move: Trick Room\n|upkeep\n|turn|6\n|\n|t:|1700345664\n|move|p2a: Victini|Expanding Force|p1a: Ursaluna|[spread] p1a,p1b\n|-damage|p1a: Ursaluna|0 fnt\n|-damage|p1b: Dusclops|7\/100\n|faint|p1a: Ursaluna\n|move|p2b: Indeedee|Expanding Force|p1b: Dusclops\n|-damage|p1b: Dusclops|0 fnt\n|faint|p1b: Dusclops\n|\n|upkeep\n|\n|t:|1700345669\n|switch|p1a: Indeedee|Indeedee-F, F|100\/100\n|switch|p1b: Armarouge|Armarouge, F|100\/100\n|turn|7\n|j| Eliminathan\n|\n|t:|1700345682\n|move|p2a: Victini|Expanding Force|p1b: Armarouge|[spread] p1a,p1b\n|-resisted|p1a: Indeedee\n|-resisted|p1b: Armarouge\n|-damage|p1a: Indeedee|59\/100\n|-damage|p1b: Armarouge|57\/100\n|move|p2b: Indeedee|Light Screen|p2b: Indeedee\n|-sidestart|p2: sans525262|move: Light Screen\n|move|p1a: Indeedee|Expanding Force|p2a: Victini|[spread] p2a,p2b\n|-resisted|p2a: Victini\n|-resisted|p2b: Indeedee\n|-damage|p2a: Victini|49\/100\n|-damage|p2b: Indeedee|52\/100\n|move|p1b: Armarouge|Expanding Force|p2a: Victini|[spread] p2a,p2b\n|-resisted|p2a: Victini\n|-resisted|p2b: Indeedee\n|-damage|p2a: Victini|29\/100\n|-damage|p2b: Indeedee|32\/100\n|\n|upkeep\n|turn|8\n|\n|t:|1700345698\n|move|p2a: Victini|Expanding Force|p1a: Indeedee|[spread] p1a,p1b\n|-resisted|p1a: Indeedee\n|-crit|p1a: Indeedee\n|-resisted|p1b: Armarouge\n|-damage|p1a: Indeedee|0 fnt\n|-damage|p1b: Armarouge|16\/100\n|faint|p1a: Indeedee\n|move|p2b: Indeedee|Expanding Force|p1b: Armarouge\n|-resisted|p1b: Armarouge\n|-damage|p1b: Armarouge|0 fnt\n|faint|p1b: Armarouge\n|\n|-fieldend|move: Psychic Terrain\n|upkeep\n|\n|t:|1700345702\n|switch|p1b: Cresselia|Cresselia, F|100\/100\n|turn|9\n|\n|t:|1700345711\n|switch|p2a: Armarouge|Armarouge, F|100\/100\n|switch|p2b: Charizard|Charizard, F|100\/100\n|move|p1b: Cresselia|Ice Beam|p2b: Charizard\n|-damage|p2b: Charizard|85\/100\n|\n|upkeep\n|turn|10\n|\n|t:|1700345728\n|detailschange|p2b: Charizard|Charizard-Mega-Y, F\n|-mega|p2b: Charizard|Charizard|Charizardite Y\n|-weather|SunnyDay|[from] ability: Drought|[of] p2b: Charizard\n|move|p2b: Charizard|Flamethrower|p2a: Armarouge\n|-start|p2a: Armarouge|ability: Flash Fire\n|move|p2a: Armarouge|Armor Cannon|p1b: Cresselia\n|-damage|p1b: Cresselia|25\/100\n|-unboost|p2a: Armarouge|def|1\n|-unboost|p2a: Armarouge|spd|1\n|-enditem|p2a: Armarouge|White Herb\n|-clearnegativeboost|p2a: Armarouge|[silent]\n|move|p1b: Cresselia|Ice Beam|p2b: Charizard\n|-damage|p2b: Charizard|73\/100\n|\n|-weather|SunnyDay|[upkeep]\n|-heal|p1b: Cresselia|31\/100|[from] item: Leftovers\n|upkeep\n|turn|11\n|\n|t:|1700345743\n|move|p2b: Charizard|Air Slash|p1b: Cresselia\n|-damage|p1b: Cresselia|11\/100\n|move|p2a: Armarouge|Armor Cannon|p1b: Cresselia\n|-damage|p1b: Cresselia|0 fnt\n|-unboost|p2a: Armarouge|def|1\n|-unboost|p2a: Armarouge|spd|1\n|faint|p1b: Cresselia\n|\n|win|sans525262\n|c|\u2606Galaxia015|Gg\n|c|\u2606sans525262|gg\n|l|\u2606Galaxia015\n","uploadtime":1700345764,"views":23,"p1id":"galaxia015","p2id":"sans525262","formatid":"gen9nationaldexdoubles","rating":0,"private":0,"password":""}