{"id":"gen9nationaldexdoubles-1987024793","p1":"IHNL613","p2":"AmyGay","format":"[Gen 9] National Dex Doubles","log":"|j|\u2606IHNL613\n|j|\u2606AmyGay\n|t:|1699549951\n|gametype|doubles\n|player|p1|IHNL613|grimsley|1147\n|player|p2|AmyGay|bellelba|1000\n|teamsize|p1|6\n|teamsize|p2|6\n|gen|9\n|tier|[Gen 9] National Dex Doubles\n|rated|\n|rule|HP Percentage Mod: HP is shown in percentages\n|rule|Endless Battle Clause: Forcing endless battles is banned\n|rule|OHKO Clause: OHKO moves are banned\n|rule|Evasion Moves Clause: Evasion moves are banned\n|rule|Evasion Abilities Clause: Evasion abilities are banned\n|rule|Species Clause: Limit one of each Pok\u00e9mon\n|rule|Gravity Sleep Clause: The combination of sleep-inducing moves with imperfect accuracy and Gravity or Gigantamax Orbeetle are banned\n|clearpoke\n|poke|p1|Scizor, M|\n|poke|p1|Garchomp, F|\n|poke|p1|Toucannon, M|\n|poke|p1|Toxicroak, M|\n|poke|p1|Feraligatr, F|\n|poke|p1|Zoroark, F|\n|poke|p2|Charizard, M|\n|poke|p2|Regieleki|\n|poke|p2|Ogerpon-Wellspring, F|\n|poke|p2|Kommo-o, M|\n|poke|p2|Sinistcha-Masterpiece|\n|poke|p2|Flutter Mane|\n|teampreview\n|inactive|Battle timer is ON: inactive players will automatically lose when time's up. (requested by IHNL613)\n|\n|t:|1699549965\n|start\n|switch|p1a: Scizor|Scizor, M|100\/100\n|switch|p1b: Toucannon|Toucannon, M|100\/100\n|switch|p2a: Charizard|Charizard, M|100\/100\n|switch|p2b: Regieleki|Regieleki|100\/100\n|turn|1\n|\n|t:|1699549986\n|detailschange|p2a: Charizard|Charizard-Mega-Y, M\n|-mega|p2a: Charizard|Charizard|Charizardite Y\n|-weather|SunnyDay|[from] ability: Drought|[of] p2a: Charizard\n|move|p1a: Scizor|Protect|p1a: Scizor\n|-singleturn|p1a: Scizor|Protect\n|move|p2b: Regieleki|Electroweb|p1b: Toucannon|[spread] p1b\n|-activate|p1a: Scizor|move: Protect\n|-supereffective|p1b: Toucannon\n|-damage|p1b: Toucannon|60\/100\n|-unboost|p1b: Toucannon|spe|1\n|move|p2a: Charizard|Heat Wave|p1a: Scizor|[spread] p1b\n|-activate|p1a: Scizor|move: Protect\n|-damage|p1b: Toucannon|11\/100\n|move|p1b: Toucannon|Tailwind|p1b: Toucannon\n|-sidestart|p1: IHNL613|move: Tailwind\n|\n|-weather|SunnyDay|[upkeep]\n|upkeep\n|turn|2\n|\n|t:|1699550013\n|detailschange|p1a: Scizor|Scizor-Mega, M\n|-mega|p1a: Scizor|Scizor|Scizorite\n|-singleturn|p1b: Toucannon|move: Beak Blast\n|move|p1a: Scizor|Bullet Punch|p2a: Charizard\n|-resisted|p2a: Charizard\n|-damage|p2a: Charizard|74\/100\n|move|p2b: Regieleki|Electroweb|p1b: Toucannon|[spread] p1a,p1b\n|-supereffective|p1b: Toucannon\n|-damage|p1a: Scizor|76\/100\n|-damage|p1b: Toucannon|0 fnt\n|-unboost|p1a: Scizor|spe|1\n|faint|p1b: Toucannon\n|move|p2a: Charizard|Heat Wave|p1a: Scizor\n|-supereffective|p1a: Scizor\n|-damage|p1a: Scizor|0 fnt\n|faint|p1a: Scizor\n|\n|-weather|SunnyDay|[upkeep]\n|upkeep\n|inactive|IHNL613 has 120 seconds left.\n|\n|t:|1699550037\n|switch|p1a: Feraligatr|Feraligatr, F|100\/100\n|switch|p1b: Garchomp|Garchomp, F|100\/100\n|turn|3\n|\n|t:|1699550051\n|switch|p2a: Ogerpon|Ogerpon-Wellspring, F|100\/100\n|-terastallize|p1a: Feraligatr|Water\n|move|p2b: Regieleki|Protect|p2b: Regieleki\n|-singleturn|p2b: Regieleki|Protect\n|move|p1a: Feraligatr|Aqua Jet|p2a: Ogerpon\n|-immune|p2a: Ogerpon|[from] ability: Water Absorb\n|move|p1b: Garchomp|Earthquake|p2a: Ogerpon|[spread] p1a,p2a\n|-activate|p2b: Regieleki|move: Protect\n|-resisted|p2a: Ogerpon\n|-damage|p1a: Feraligatr|49\/100\n|-damage|p2a: Ogerpon|76\/100\n|-damage|p1b: Garchomp|91\/100|[from] item: Life Orb\n|\n|-weather|SunnyDay|[upkeep]\n|upkeep\n|turn|4\n|inactive|AmyGay has 120 seconds left.\n|\n|t:|1699550084\n|-terastallize|p2b: Regieleki|Ice\n|move|p1b: Garchomp|Breaking Swipe|p2b: Regieleki|[spread] p2a,p2b\n|-damage|p2a: Ogerpon|46\/100\n|-damage|p2b: Regieleki|42\/100\n|-unboost|p2a: Ogerpon|atk|1\n|-unboost|p2b: Regieleki|atk|1\n|-damage|p1b: Garchomp|81\/100|[from] item: Life Orb\n|move|p2b: Regieleki|Electroweb|p1a: Feraligatr|[spread] p1a\n|-immune|p1b: Garchomp\n|-supereffective|p1a: Feraligatr\n|-damage|p1a: Feraligatr|0 fnt\n|faint|p1a: Feraligatr\n|move|p2a: Ogerpon|Ivy Cudgel|p1b: Garchomp\n|-damage|p1b: Garchomp|62\/100\n|\n|-weather|SunnyDay|[upkeep]\n|-sideend|p1: IHNL613|move: Tailwind\n|upkeep\n|inactive|IHNL613 has 120 seconds left.\n|\n|t:|1699550099\n|switch|p1a: Toxicroak|Toxicroak, M|100\/100\n|turn|5\n|\n|t:|1699550123\n|switch|p2a: Kommo-o|Kommo-o, M|100\/100\n|move|p1a: Toxicroak|Bullet Punch|p2b: Regieleki\n|-supereffective|p2b: Regieleki\n|-damage|p2b: Regieleki|0 fnt\n|faint|p2b: Regieleki\n|move|p1b: Garchomp|Breaking Swipe|p2a: Kommo-o\n|-supereffective|p2a: Kommo-o\n|-damage|p2a: Kommo-o|27\/100\n|-unboost|p2a: Kommo-o|atk|1\n|-damage|p1b: Garchomp|52\/100|[from] item: Life Orb\n|\n|-weather|none\n|upkeep\n|inactive|AmyGay has 120 seconds left.\n|\n|t:|1699550141\n|switch|p2b: Ogerpon|Ogerpon-Wellspring, F|46\/100\n|turn|6\n|\n|t:|1699550165\n|move|p2a: Kommo-o|Protect|p2a: Kommo-o\n|-singleturn|p2a: Kommo-o|Protect\n|move|p2b: Ogerpon|Spiky Shield|p2b: Ogerpon\n|-singleturn|p2b: Ogerpon|move: Protect\n|move|p1a: Toxicroak|Bullet Punch|p2b: Ogerpon\n|-activate|p2b: Ogerpon|move: Protect\n|-damage|p1a: Toxicroak|88\/100|[from] Spiky Shield|[of] p2b: Ogerpon\n|move|p1b: Garchomp|Breaking Swipe|p2a: Kommo-o|[spread] \n|-activate|p2a: Kommo-o|move: Protect\n|-activate|p2b: Ogerpon|move: Protect\n|-damage|p1b: Garchomp|40\/100|[from] Spiky Shield|[of] p2b: Ogerpon\n|\n|upkeep\n|turn|7\n|\n|t:|1699550189\n|switch|p2a: Charizard|Charizard-Mega-Y, M|74\/100\n|-weather|SunnyDay|[from] ability: Drought|[of] p2a: Charizard\n|switch|p2b: Sinistcha|Sinistcha-Masterpiece|100\/100\n|-heal|p2a: Charizard|99\/100|[from] ability: Hospitality|[of] p2b: Sinistcha\n|move|p1a: Toxicroak|Bullet Punch|p2b: Sinistcha\n|-crit|p2b: Sinistcha\n|-damage|p2b: Sinistcha|87\/100\n|move|p1b: Garchomp|Breaking Swipe|p2a: Charizard|[spread] p2a,p2b\n|-damage|p2a: Charizard|58\/100\n|-damage|p2b: Sinistcha|67\/100\n|-unboost|p2a: Charizard|atk|1\n|-unboost|p2b: Sinistcha|atk|1\n|-damage|p1b: Garchomp|30\/100|[from] item: Life Orb\n|\n|-weather|SunnyDay|[upkeep]\n|upkeep\n|turn|8\n|\n|t:|1699550217\n|move|p1b: Garchomp|Protect|p1b: Garchomp\n|-singleturn|p1b: Garchomp|Protect\n|move|p2a: Charizard|Heat Wave|p1a: Toxicroak|[spread] \n|-activate|p1b: Garchomp|move: Protect\n|-miss|p2a: Charizard|p1a: Toxicroak\n|move|p1a: Toxicroak|Poison Jab|p2a: Charizard\n|-damage|p2a: Charizard|2\/100\n|-status|p2a: Charizard|psn\n|move|p2b: Sinistcha|Strength Sap|p1b: Garchomp\n|-activate|p1b: Garchomp|move: Protect\n|\n|-weather|SunnyDay|[upkeep]\n|-damage|p2a: Charizard|0 fnt|[from] psn\n|faint|p2a: Charizard\n|upkeep\n|inactive|AmyGay has 120 seconds left.\n|\n|t:|1699550238\n|switch|p2a: Flutter Mane|Flutter Mane|100\/100\n|-activate|p2a: Flutter Mane|ability: Protosynthesis\n|-start|p2a: Flutter Mane|protosynthesisspe\n|turn|9\n|\n|t:|1699550253\n|move|p1a: Toxicroak|Bullet Punch|p2a: Flutter Mane\n|-supereffective|p2a: Flutter Mane\n|-damage|p2a: Flutter Mane|63\/100\n|move|p2a: Flutter Mane|Moonblast|p1b: Garchomp\n|-supereffective|p1b: Garchomp\n|-damage|p1b: Garchomp|0 fnt\n|faint|p1b: Garchomp\n|move|p2b: Sinistcha|Strength Sap|p1a: Toxicroak\n|-unboost|p1a: Toxicroak|atk|1\n|-heal|p2b: Sinistcha|100\/100\n|\n|-weather|SunnyDay|[upkeep]\n|upkeep\n|\n|t:|1699550261\n|switch|p1b: Zoroark|Zoroark, F|100\/100\n|turn|10\n|\n|t:|1699550271\n|move|p1b: Zoroark|Protect|p1b: Zoroark\n|-singleturn|p1b: Zoroark|Protect\n|move|p2b: Sinistcha|Rage Powder|p2b: Sinistcha\n|-singleturn|p2b: Sinistcha|move: Rage Powder\n|move|p1a: Toxicroak|Bullet Punch|p2b: Sinistcha\n|-damage|p2b: Sinistcha|94\/100\n|move|p2a: Flutter Mane|Moonblast|p1b: Zoroark\n|-activate|p1b: Zoroark|move: Protect\n|\n|-weather|SunnyDay|[upkeep]\n|upkeep\n|turn|11\n|\n|t:|1699550282\n|move|p2b: Sinistcha|Rage Powder|p2b: Sinistcha\n|-singleturn|p2b: Sinistcha|move: Rage Powder\n|move|p2a: Flutter Mane|Moonblast|p1b: Zoroark\n|-supereffective|p1b: Zoroark\n|-enditem|p1b: Zoroark|Focus Sash\n|-damage|p1b: Zoroark|1\/100\n|move|p1b: Zoroark|Crunch|p2b: Sinistcha\n|-supereffective|p2b: Sinistcha\n|-damage|p2b: Sinistcha|49\/100\n|-unboost|p2b: Sinistcha|def|1\n|move|p1a: Toxicroak|Poison Jab|p2b: Sinistcha\n|-damage|p2b: Sinistcha|23\/100\n|\n|-weather|none\n|-end|p2a: Flutter Mane|Protosynthesis\n|upkeep\n|turn|12\n|\n|t:|1699550302\n|move|p1b: Zoroark|Protect|p1b: Zoroark\n|-singleturn|p1b: Zoroark|Protect\n|move|p2a: Flutter Mane|Moonblast|p1b: Zoroark\n|-activate|p1b: Zoroark|move: Protect\n|move|p1a: Toxicroak|Poison Jab|p2a: Flutter Mane\n|-damage|p2a: Flutter Mane|27\/100\n|-enditem|p2a: Flutter Mane|Sitrus Berry|[eat]\n|-heal|p2a: Flutter Mane|52\/100|[from] item: Sitrus Berry\n|move|p2b: Sinistcha|Strength Sap|p1a: Toxicroak\n|-unboost|p1a: Toxicroak|atk|1\n|-heal|p2b: Sinistcha|83\/100\n|\n|upkeep\n|turn|13\n|-message|IHNL613 forfeited.\n|\n|win|AmyGay\n|raw|IHNL613's rating: 1147 &rarr; <strong>1112<\/strong><br \/>(-35 for losing)\n|raw|AmyGay's rating: 1000 &rarr; <strong>1056<\/strong><br \/>(+56 for winning)\n|l|\u2606IHNL613\n|c|\u2606AmyGay|gg\n","uploadtime":1699550336,"views":8,"p1id":"ihnl613","p2id":"amygay","formatid":"gen9nationaldexdoubles","rating":1056,"private":0,"password":""}