{"id":"gen9nationaldexdoubles-1989456005","p1":"Tu_Cabrito","p2":"Tritus ELITE 4","format":"[Gen 9] National Dex Doubles","log":"|j|\u2606Tu_Cabrito\n|j|\u2606Tritus ELITE 4\n|t:|1699853221\n|gametype|doubles\n|player|p1|Tu_Cabrito|102|1043\n|player|p2|Tritus ELITE 4|wulfric|1000\n|teamsize|p1|6\n|teamsize|p2|6\n|gen|9\n|tier|[Gen 9] National Dex Doubles\n|rated|\n|rule|HP Percentage Mod: HP is shown in percentages\n|rule|Endless Battle Clause: Forcing endless battles is banned\n|rule|OHKO Clause: OHKO moves are banned\n|rule|Evasion Moves Clause: Evasion moves are banned\n|rule|Evasion Abilities Clause: Evasion abilities are banned\n|rule|Species Clause: Limit one of each Pok\u00e9mon\n|rule|Gravity Sleep Clause: The combination of sleep-inducing moves with imperfect accuracy and Gravity or Gigantamax Orbeetle are banned\n|clearpoke\n|poke|p1|Aggron, F|\n|poke|p1|Whimsicott, F|\n|poke|p1|Seaking, F|\n|poke|p1|Amoonguss, M|\n|poke|p1|Gastrodon-East, M|\n|poke|p1|Pelipper, M|\n|poke|p2|Basculegion-F, F|\n|poke|p2|Swampert, M|\n|poke|p2|Pelipper, F|\n|poke|p2|Beartic, M|\n|poke|p2|Milotic, F|\n|poke|p2|Empoleon, M|\n|teampreview\n|\n|t:|1699853231\n|start\n|switch|p1a: Aggron|Aggron, F|100\/100\n|switch|p1b: Whimsicott|Whimsicott, F|100\/100\n|switch|p2a: Pelipper|Pelipper, F|100\/100\n|switch|p2b: Swampert|Swampert, M|100\/100\n|-weather|RainDance|[from] ability: Drizzle|[of] p2a: Pelipper\n|turn|1\n|inactive|Battle timer is ON: inactive players will automatically lose when time's up. (requested by Tritus ELITE 4)\n|\n|t:|1699853254\n|detailschange|p2b: Swampert|Swampert-Mega, M\n|-mega|p2b: Swampert|Swampert|Swampertite\n|-terastallize|p1a: Aggron|Normal\n|move|p1b: Whimsicott|Tailwind|p1b: Whimsicott\n|-sidestart|p1: Tu_Cabrito|move: Tailwind\n|move|p2b: Swampert|Bulk Up|p2b: Swampert\n|-boost|p2b: Swampert|atk|1\n|-boost|p2b: Swampert|def|1\n|move|p1a: Aggron|Thunder Punch|p2b: Swampert\n|-immune|p2b: Swampert\n|move|p2a: Pelipper|Hurricane|p1b: Whimsicott\n|-supereffective|p1b: Whimsicott\n|-damage|p1b: Whimsicott|20\/100\n|-enditem|p1b: Whimsicott|Aguav Berry|[eat]\n|-heal|p1b: Whimsicott|54\/100|[from] item: Aguav Berry\n|\n|-weather|RainDance|[upkeep]\n|upkeep\n|turn|2\n|\n|t:|1699853279\n|move|p1b: Whimsicott|Encore|p2b: Swampert\n|-start|p2b: Swampert|Encore\n|move|p2b: Swampert|Bulk Up|p2b: Swampert\n|-boost|p2b: Swampert|atk|1\n|-boost|p2b: Swampert|def|1\n|move|p1a: Aggron|Thunder Punch|p2a: Pelipper\n|-supereffective|p2a: Pelipper\n|-damage|p2a: Pelipper|0 fnt\n|faint|p2a: Pelipper\n|\n|-weather|RainDance|[upkeep]\n|upkeep\n|c|\u2606Tu_Cabrito|My vas\n|c|\u2606Tu_Cabrito|My Bad\n|inactive|Tritus ELITE 4 has 120 seconds left.\n|\n|t:|1699853301\n|switch|p2a: Empoleon|Empoleon, M|100\/100\n|turn|3\n|inactive|Tritus ELITE 4 has 120 seconds left.\n|\n|t:|1699853322\n|move|p1b: Whimsicott|Light Screen|p1b: Whimsicott\n|-sidestart|p1: Tu_Cabrito|move: Light Screen\n|move|p2b: Swampert|Bulk Up|p2b: Swampert\n|-boost|p2b: Swampert|atk|1\n|-boost|p2b: Swampert|def|1\n|move|p1a: Aggron|Double-Edge|p2b: Swampert\n|-crit|p2b: Swampert\n|-damage|p2b: Swampert|18\/100\n|move|p2a: Empoleon|Ice Spinner|p1b: Whimsicott\n|-supereffective|p1b: Whimsicott\n|-damage|p1b: Whimsicott|0 fnt\n|faint|p1b: Whimsicott\n|\n|-weather|RainDance|[upkeep]\n|upkeep\n|\n|t:|1699853341\n|switch|p1b: Gastrodon|Gastrodon-East, M|100\/100\n|turn|4\n|inactive|Tritus ELITE 4 has 120 seconds left.\n|\n|t:|1699853377\n|move|p2b: Swampert|Bulk Up|p2b: Swampert\n|-boost|p2b: Swampert|atk|1\n|-boost|p2b: Swampert|def|1\n|move|p1a: Aggron|Double-Edge|p2b: Swampert\n|-damage|p2b: Swampert|0 fnt\n|faint|p2b: Swampert\n|move|p1b: Gastrodon|Earth Power|p2a: Empoleon\n|-supereffective|p2a: Empoleon\n|-damage|p2a: Empoleon|49\/100\n|move|p2a: Empoleon|Ice Spinner|p1b: Gastrodon\n|-damage|p1b: Gastrodon|77\/100\n|\n|-weather|RainDance|[upkeep]\n|-heal|p1b: Gastrodon|83\/100|[from] item: Leftovers\n|-sideend|p1: Tu_Cabrito|move: Tailwind\n|upkeep\n|\n|t:|1699853385\n|switch|p2b: Basculegion|Basculegion-F, F|100\/100\n|turn|5\n|\n|t:|1699853398\n|-terastallize|p2b: Basculegion|Ghost\n|move|p2b: Basculegion|Last Respects|p1b: Gastrodon\n|-damage|p1b: Gastrodon|0 fnt\n|faint|p1b: Gastrodon\n|-damage|p2b: Basculegion|91\/100|[from] item: Life Orb\n|move|p2a: Empoleon|Weather Ball|p1a: Aggron\n|-damage|p1a: Aggron|58\/100\n|move|p1a: Aggron|Thunder Punch|p2b: Basculegion\n|-damage|p2b: Basculegion|56\/100\n|\n|-weather|none\n|upkeep\n|\n|t:|1699853420\n|switch|p1b: Seaking|Seaking, F|100\/100\n|turn|6\n|\n|t:|1699853435\n|move|p1b: Seaking|Knock Off|p2b: Basculegion\n|-supereffective|p2b: Basculegion\n|-damage|p2b: Basculegion|0 fnt\n|-enditem|p2b: Basculegion|Life Orb|[from] move: Knock Off|[of] p1b: Seaking\n|faint|p2b: Basculegion\n|move|p2a: Empoleon|Air Slash|p1b: Seaking\n|-damage|p1b: Seaking|84\/100\n|move|p1a: Aggron|Thunder Punch|p2a: Empoleon\n|-supereffective|p2a: Empoleon\n|-damage|p2a: Empoleon|0 fnt\n|faint|p2a: Empoleon\n|\n|upkeep\n|\n|t:|1699853440\n|switch|p2b: Beartic|Beartic, M, shiny|100\/100\n|switch|p2a: Milotic|Milotic, F|100\/100\n|turn|7\n|\n|t:|1699853458\n|move|p1b: Seaking|Knock Off|p2a: Milotic\n|-damage|p2a: Milotic|62\/100\n|-enditem|p2a: Milotic|Leftovers|[from] move: Knock Off|[of] p1b: Seaking\n|move|p2b: Beartic|Hone Claws|p2b: Beartic\n|-boost|p2b: Beartic|atk|1\n|-boost|p2b: Beartic|accuracy|1\n|move|p2a: Milotic|Chilling Water|p1a: Aggron\n|-damage|p1a: Aggron|45\/100\n|-unboost|p1a: Aggron|atk|1\n|move|p1a: Aggron|Fire Punch|p2b: Beartic\n|-supereffective|p2b: Beartic\n|-damage|p2b: Beartic|59\/100\n|\n|-sideend|p1: Tu_Cabrito|move: Light Screen\n|upkeep\n|turn|8\n|\n|t:|1699853473\n|move|p1b: Seaking|Haze|p1b: Seaking\n|-clearallboost\n|move|p2b: Beartic|Focus Blast|p1a: Aggron\n|-supereffective|p1a: Aggron\n|-damage|p1a: Aggron|0 fnt\n|faint|p1a: Aggron\n|-damage|p2b: Beartic|49\/100|[from] item: Life Orb\n|move|p2a: Milotic|Life Dew|p2a: Milotic|[spread] p2a,p2b\n|-heal|p2a: Milotic|87\/100\n|-heal|p2b: Beartic|75\/100\n|\n|upkeep\n|\n|t:|1699853483\n|switch|p1a: Pelipper|Pelipper, M|100\/100\n|-weather|RainDance|[from] ability: Drizzle|[of] p1a: Pelipper\n|turn|9\n|\n|t:|1699853506\n|move|p1b: Seaking|Knock Off|p2b: Beartic\n|-damage|p2b: Beartic|39\/100\n|-enditem|p2b: Beartic|Life Orb|[from] move: Knock Off|[of] p1b: Seaking\n|move|p2b: Beartic|Hone Claws|p2b: Beartic\n|-boost|p2b: Beartic|atk|1\n|-boost|p2b: Beartic|accuracy|1\n|move|p2a: Milotic|Life Dew|p2a: Milotic|[spread] p2a,p2b\n|-heal|p2a: Milotic|100\/100\n|-heal|p2b: Beartic|64\/100\n|move|p1a: Pelipper|Hurricane|p2a: Milotic\n|-damage|p2a: Milotic|75\/100\n|\n|-weather|RainDance|[upkeep]\n|upkeep\n|turn|10\n|\n|t:|1699853527\n|move|p1b: Seaking|Flip Turn|p2b: Beartic\n|-damage|p2b: Beartic|13\/100\n|\n|t:|1699853532\n|switch|p1b: Amoonguss|Amoonguss, M|100\/100|[from] Flip Turn\n|move|p2b: Beartic|Rock Slide|p1a: Pelipper|[spread] p1a,p1b\n|-supereffective|p1a: Pelipper\n|-damage|p1a: Pelipper|58\/100\n|-damage|p1b: Amoonguss|71\/100\n|move|p2a: Milotic|Life Dew|p2a: Milotic|[spread] p2a,p2b\n|-heal|p2a: Milotic|99\/100\n|-heal|p2b: Beartic|39\/100\n|cant|p1a: Pelipper|flinch\n|\n|-weather|RainDance|[upkeep]\n|upkeep\n|turn|11\n|\n|t:|1699853555\n|move|p2b: Beartic|Blizzard|p1b: Amoonguss|[spread] p1a,p1b\n|-supereffective|p1b: Amoonguss\n|-crit|p1b: Amoonguss\n|-damage|p1a: Pelipper|25\/100\n|-damage|p1b: Amoonguss|31\/100\n|move|p2a: Milotic|Icy Wind|p1b: Amoonguss|[spread] p1a,p1b\n|-supereffective|p1b: Amoonguss\n|-damage|p1a: Pelipper|11\/100\n|-damage|p1b: Amoonguss|19\/100\n|-unboost|p1a: Pelipper|spe|1\n|-unboost|p1b: Amoonguss|spe|1\n|move|p1a: Pelipper|Hurricane|p2b: Beartic\n|-damage|p2b: Beartic|0 fnt\n|faint|p2b: Beartic\n|move|p1b: Amoonguss|Spore|p2a: Milotic\n|-status|p2a: Milotic|slp|[from] move: Spore\n|\n|-weather|RainDance|[upkeep]\n|upkeep\n|turn|12\n|\n|t:|1699853581\n|cant|p2a: Milotic|slp\n|move|p1a: Pelipper|Hurricane|p2a: Milotic\n|-damage|p2a: Milotic|78\/100 slp\n|move|p1b: Amoonguss|Pollen Puff|p1a: Pelipper\n|-heal|p1a: Pelipper|61\/100\n|\n|-weather|RainDance|[upkeep]\n|upkeep\n|turn|13\n|\n|t:|1699853592\n|-curestatus|p2a: Milotic|slp|[msg]\n|move|p2a: Milotic|Icy Wind|p1a: Pelipper|[spread] p1a,p1b\n|-supereffective|p1b: Amoonguss\n|-damage|p1a: Pelipper|47\/100\n|-damage|p1b: Amoonguss|5\/100\n|-unboost|p1a: Pelipper|spe|1\n|-unboost|p1b: Amoonguss|spe|1\n|move|p1a: Pelipper|U-turn|p2a: Milotic\n|-damage|p2a: Milotic|67\/100\n|\n|t:|1699853601\n|switch|p1a: Seaking|Seaking, F|84\/100|[from] U-turn\n|move|p1b: Amoonguss|Giga Drain|p2a: Milotic\n|-supereffective|p2a: Milotic\n|-damage|p2a: Milotic|40\/100\n|-heal|p1b: Amoonguss|15\/100|[from] drain|[of] p2a: Milotic\n|\n|-weather|RainDance|[upkeep]\n|upkeep\n|turn|14\n|\n|t:|1699853616\n|move|p1a: Seaking|Drill Run|p2a: Milotic\n|-damage|p2a: Milotic|10\/100\n|move|p2a: Milotic|Chilling Water|p1a: Seaking\n|-resisted|p1a: Seaking\n|-damage|p1a: Seaking|67\/100\n|-unboost|p1a: Seaking|atk|1\n|move|p1b: Amoonguss|Giga Drain|p2a: Milotic\n|-supereffective|p2a: Milotic\n|-damage|p2a: Milotic|0 fnt\n|-heal|p1b: Amoonguss|19\/100|[from] drain|[of] p2a: Milotic\n|faint|p2a: Milotic\n|\n|win|Tu_Cabrito\n|raw|Tu_Cabrito's rating: 1043 &rarr; <strong>1072<\/strong><br \/>(+29 for winning)\n|raw|Tritus ELITE 4's rating: 1000 &rarr; <strong>1000<\/strong><br \/>(+0 for losing)\n|l|\u2606Tritus ELITE 4\n|c|\u2606Tu_Cabrito|Gg\n","uploadtime":1699853634,"views":5,"p1id":"tucabrito","p2id":"trituselite4","formatid":"gen9nationaldexdoubles","rating":1000,"private":0,"password":""}