{"id":"gen9nationaldexdoubles-1965410489","p1":"Maybebetterthanu","p2":"Autumn kings","format":"[Gen 9] National Dex Doubles","log":"|j|\u2606Maybebetterthanu\n|j|\u2606Autumn kings\n|t:|1697070292\n|gametype|doubles\n|player|p1|Maybebetterthanu|fantina|\n|player|p2|Autumn kings|cynthia-gen4|\n|teamsize|p1|6\n|teamsize|p2|6\n|gen|9\n|tier|[Gen 9] National Dex Doubles\n|rule|HP Percentage Mod: HP is shown in percentages\n|rule|Endless Battle Clause: Forcing endless battles is banned\n|rule|OHKO Clause: OHKO moves are banned\n|rule|Evasion Moves Clause: Evasion moves are banned\n|rule|Evasion Abilities Clause: Evasion abilities are banned\n|rule|Species Clause: Limit one of each Pok\u00e9mon\n|rule|Gravity Sleep Clause: The combination of sleep-inducing moves with imperfect accuracy and Gravity or Gigantamax Orbeetle are banned\n|clearpoke\n|poke|p1|Walking Wake|\n|poke|p1|Murkrow, M|\n|poke|p1|Porygon2|\n|poke|p1|Hawlucha, M|\n|poke|p1|Ogerpon-Cornerstone, F|\n|poke|p1|Gliscor, M|\n|poke|p2|Gogoat, M|\n|poke|p2|Dragalge, M|\n|poke|p2|Seviper, F|\n|poke|p2|Kilowattrel, M|\n|poke|p2|Slither Wing|\n|poke|p2|Banette, M|\n|teampreview\n|j| usagi the weeb\n|j| KageDeSin\n|\n|t:|1697070339\n|start\n|switch|p1a: Lunging Lake|Walking Wake|100\/100\n|switch|p1b: Pimp Jr.|Murkrow, M, shiny|100\/100\n|switch|p2a: Gogoat|Gogoat, M|100\/100\n|switch|p2b: Dragalge|Dragalge, M, shiny|100\/100\n|-enditem|p1a: Lunging Lake|Booster Energy\n|-activate|p1a: Lunging Lake|ability: Protosynthesis|[fromitem]\n|-start|p1a: Lunging Lake|protosynthesisspa\n|turn|1\n|\n|t:|1697070363\n|move|p1b: Pimp Jr.|Tailwind|p1b: Pimp Jr.\n|-sidestart|p1: Maybebetterthanu|move: Tailwind\n|move|p1a: Lunging Lake|Dragon Pulse|p2b: Dragalge\n|-supereffective|p2b: Dragalge\n|-damage|p2b: Dragalge|0 fnt\n|faint|p2b: Dragalge\n|move|p2a: Gogoat|Zen Headbutt|p1b: Pimp Jr.\n|-immune|p1b: Pimp Jr.\n|\n|upkeep\n|\n|t:|1697070371\n|switch|p2b: Seviper|Seviper, F|100\/100\n|-item|p2b: Seviper|Air Balloon\n|turn|2\n|\n|t:|1697070393\n|move|p1b: Pimp Jr.|Feather Dance|p2a: Gogoat\n|-unboost|p2a: Gogoat|atk|2\n|move|p1a: Lunging Lake|Dragon Pulse|p2b: Seviper\n|-damage|p2b: Seviper|18\/100\n|-enditem|p2b: Seviper|Air Balloon\n|move|p2a: Gogoat|Rollout|p1a: Lunging Lake\n|-damage|p1a: Lunging Lake|96\/100\n|move|p2b: Seviper|Switcheroo|p1b: Pimp Jr.\n|-activate|p2b: Seviper|move: Trick|[of] p1b: Pimp Jr.\n|-enditem|p1b: Pimp Jr.|Eviolite|[silent]|[from] move: Switcheroo\n|-item|p2b: Seviper|Eviolite|[from] move: Switcheroo\n|\n|upkeep\n|turn|3\n|\n|t:|1697070430\n|switch|p1b: Mouthwash|Gliscor, M|100\/100\n|move|p1a: Lunging Lake|Dragon Pulse|p2b: Seviper\n|-damage|p2b: Seviper|0 fnt\n|faint|p2b: Seviper\n|move|p2a: Gogoat|Rollout|p1a: Lunging Lake|[from]lockedmove\n|-damage|p1a: Lunging Lake|87\/100\n|\n|-status|p1b: Mouthwash|tox|[from] item: Toxic Orb\n|upkeep\n|j| TheOfficialSlade\n|\n|t:|1697070442\n|switch|p2b: Slither Wing|Slither Wing|100\/100\n|turn|4\n|\n|t:|1697070461\n|move|p1a: Lunging Lake|Flamethrower|p2b: Slither Wing\n|-supereffective|p2b: Slither Wing\n|-crit|p2b: Slither Wing\n|-damage|p2b: Slither Wing|0 fnt\n|faint|p2b: Slither Wing\n|-end|p2b: Slither Wing|Protosynthesis|[silent]\n|move|p1b: Mouthwash|Knock Off|p2a: Gogoat\n|-damage|p2a: Gogoat|74\/100\n|-enditem|p2a: Gogoat|Assault Vest|[from] move: Knock Off|[of] p1b: Mouthwash\n|move|p2a: Gogoat|Rollout|p1a: Lunging Lake|[from]lockedmove\n|-damage|p1a: Lunging Lake|69\/100\n|\n|-sideend|p1: Maybebetterthanu|move: Tailwind\n|upkeep\n|\n|t:|1697070473\n|switch|p2b: Kilowattrel|Kilowattrel, M, shiny|100\/100\n|turn|5\n|\n|t:|1697070490\n|move|p1a: Lunging Lake|Dragon Pulse|p2b: Kilowattrel\n|-damage|p2b: Kilowattrel|15\/100\n|move|p2b: Kilowattrel|Electric Terrain|p2b: Kilowattrel\n|-fieldstart|move: Electric Terrain\n|move|p1b: Mouthwash|Knock Off|p2b: Kilowattrel\n|-damage|p2b: Kilowattrel|0 fnt\n|-enditem|p2b: Kilowattrel|Shell Bell|[from] move: Knock Off|[of] p1b: Mouthwash\n|faint|p2b: Kilowattrel\n|move|p2a: Gogoat|Rollout|p1a: Lunging Lake|[from]lockedmove\n|-damage|p1a: Lunging Lake|36\/100\n|\n|upkeep\n|\n|t:|1697070500\n|switch|p2b: Banette|Banette, M|100\/100\n|turn|6\n|\n|t:|1697070516\n|detailschange|p2b: Banette|Banette-Mega, M\n|-mega|p2b: Banette|Banette|Banettite\n|move|p2b: Banette|Destiny Bond|p2b: Banette\n|-singlemove|p2b: Banette|Destiny Bond\n|move|p1a: Lunging Lake|Dragon Pulse|p2b: Banette\n|-crit|p2b: Banette\n|-damage|p2b: Banette|0 fnt\n|faint|p2b: Banette\n|-activate|p2b: Banette|move: Destiny Bond\n|faint|p1a: Lunging Lake\n|-end|p1a: Lunging Lake|Protosynthesis|[silent]\n|move|p1b: Mouthwash|Knock Off|p2a: Gogoat\n|-damage|p2a: Gogoat|55\/100\n|move|p2a: Gogoat|Rollout|p1b: Mouthwash|[from]lockedmove\n|-damage|p1b: Mouthwash|44\/100 tox\n|\n|-heal|p1b: Mouthwash|57\/100 tox|[from] ability: Poison Heal\n|upkeep\n|\n|t:|1697070531\n|switch|p1a: Ricochet|Hawlucha, M|100\/100\n|turn|7\n|\n|t:|1697070542\n|move|p1a: Ricochet|Acrobatics|p2a: Gogoat\n|-supereffective|p2a: Gogoat\n|-damage|p2a: Gogoat|4\/100\n|move|p1b: Mouthwash|Roost|p1b: Mouthwash\n|-heal|p1b: Mouthwash|100\/100 tox\n|-singleturn|p1b: Mouthwash|move: Roost\n|cant|p2a: Gogoat|flinch\n|\n|upkeep\n|turn|8\n|\n|t:|1697070559\n|move|p1a: Ricochet|Fling|p2a: Gogoat\n|-damage|p2a: Gogoat|0 fnt\n|-enditem|p1a: Ricochet|Razor Fang|[from] move: Fling\n|faint|p2a: Gogoat\n|\n|win|Maybebetterthanu\n|c|\u2606Maybebetterthanu|gg\n","uploadtime":1697070567,"views":20,"p1id":"maybebetterthanu","p2id":"autumnkings","formatid":"gen9nationaldexdoubles","rating":0,"private":0,"password":""}