{"id":"gen9nationaldexdoubles-1948825330","p1":"kyjin42","p2":"sherlockastral","format":"[Gen 9] National Dex Doubles","log":"|j|\u2606kyjin42\n|j|\u2606sherlockastral\n|t:|1695305798\n|gametype|doubles\n|player|p1|kyjin42|2|1103\n|player|p2|sherlockastral|102|1112\n|teamsize|p1|6\n|teamsize|p2|6\n|gen|9\n|tier|[Gen 9] National Dex Doubles\n|rated|\n|rule|HP Percentage Mod: HP is shown in percentages\n|rule|Endless Battle Clause: Forcing endless battles is banned\n|rule|OHKO Clause: OHKO moves are banned\n|rule|Evasion Moves Clause: Evasion moves are banned\n|rule|Evasion Abilities Clause: Evasion abilities are banned\n|rule|Species Clause: Limit one of each Pok\u00e9mon\n|rule|Gravity Sleep Clause: The combination of sleep-inducing moves with imperfect accuracy and Gravity or Gigantamax Orbeetle are banned\n|clearpoke\n|poke|p1|Raichu, M|\n|poke|p1|Corviknight, M|\n|poke|p1|Dragonite, M|\n|poke|p1|Keldeo-Resolute|\n|poke|p1|Breloom, M|\n|poke|p1|Lycanroc-Dusk, M|\n|poke|p2|Krookodile, F|\n|poke|p2|Shaymin-Sky|\n|poke|p2|Slaking, M|\n|poke|p2|Chimecho, F|\n|poke|p2|Vaporeon, M|\n|poke|p2|Typhlosion-Hisui, M|\n|teampreview\n|\n|t:|1695305812\n|start\n|switch|p1a: Keldeo|Keldeo-Resolute|100\/100\n|switch|p1b: Dragonite|Dragonite, M, shiny|100\/100\n|switch|p2a: Chimecho|Chimecho, F|100\/100\n|switch|p2b: Slaking|Slaking, M|100\/100\n|turn|1\n|inactive|Battle timer is ON: inactive players will automatically lose when time's up. (requested by sherlockastral)\n|\n|t:|1695305840\n|move|p1a: Keldeo|Secret Sword|p2b: Slaking\n|-supereffective|p2b: Slaking\n|-damage|p2b: Slaking|45\/100\n|move|p2a: Chimecho|Skill Swap|p2b: Slaking\n|-activate|p2a: Chimecho|move: Skill Swap|||[of] p2b: Slaking\n|move|p2b: Slaking|Trailblaze|p1a: Keldeo\n|-supereffective|p1a: Keldeo\n|-damage|p1a: Keldeo|42\/100\n|-boost|p2b: Slaking|spe|1\n|move|p1b: Dragonite|Earthquake|p2b: Slaking|[spread] p1a,p2a\n|-immune|p2b: Slaking|[from] ability: Levitate\n|-damage|p1a: Keldeo|5\/100\n|-damage|p2a: Chimecho|69\/100\n|\n|upkeep\n|turn|2\n|inactive|kyjin42 has 120 seconds left.\n|inactive|sherlockastral has 120 seconds left.\n|\n|t:|1695305887\n|-terastallize|p2b: Slaking|Fighting\n|move|p2b: Slaking|Drain Punch|p1b: Dragonite\n|-resisted|p1b: Dragonite\n|-damage|p1b: Dragonite|90\/100\n|-heal|p2b: Slaking|49\/100|[from] drain|[of] p1b: Dragonite\n|move|p1a: Keldeo|Secret Sword|p2b: Slaking\n|-damage|p2b: Slaking|18\/100\n|cant|p2a: Chimecho|ability: Truant\n|move|p1b: Dragonite|Draco Meteor|p2a: Chimecho\n|-damage|p2a: Chimecho|24\/100\n|-unboost|p1b: Dragonite|spa|2\n|\n|upkeep\n|turn|3\n|inactive|kyjin42 has 120 seconds left.\n|\n|t:|1695305911\n|move|p1b: Dragonite|Extreme Speed|p2a: Chimecho\n|-damage|p2a: Chimecho|0 fnt\n|faint|p2a: Chimecho\n|move|p2b: Slaking|Trailblaze|p1a: Keldeo\n|-supereffective|p1a: Keldeo\n|-damage|p1a: Keldeo|0 fnt\n|-boost|p2b: Slaking|spe|1\n|faint|p1a: Keldeo\n|\n|upkeep\n|inactive|kyjin42 has 120 seconds left.\n|\n|t:|1695305939\n|switch|p1a: Corviknight|Corviknight, M, shiny|100\/100\n|switch|p2a: Shaymin|Shaymin-Sky|100\/100\n|turn|4\n|\n|t:|1695305954\n|move|p1b: Dragonite|Extreme Speed|p2b: Slaking\n|-damage|p2b: Slaking|0 fnt\n|faint|p2b: Slaking\n|move|p2a: Shaymin|Dazzling Gleam|p1a: Corviknight|[spread] p1a,p1b\n|-resisted|p1a: Corviknight\n|-supereffective|p1b: Dragonite\n|-damage|p1a: Corviknight|89\/100\n|-damage|p1b: Dragonite|41\/100\n|-enditem|p1b: Dragonite|Weakness Policy\n|-boost|p1b: Dragonite|atk|2|[from] item: Weakness Policy\n|-boost|p1b: Dragonite|spa|2|[from] item: Weakness Policy\n|-damage|p2a: Shaymin|91\/100|[from] item: Life Orb\n|move|p1a: Corviknight|Bulk Up|p1a: Corviknight\n|-boost|p1a: Corviknight|atk|1\n|-boost|p1a: Corviknight|def|1\n|\n|upkeep\n|\n|t:|1695305959\n|switch|p2b: Typhlosion|Typhlosion-Hisui, M|100\/100\n|-item|p1a: Corviknight|Sharp Beak|[from] ability: Frisk|[of] p2b: Typhlosion|[identify]\n|turn|5\n|\n|t:|1695305986\n|-terastallize|p1a: Corviknight|Flying\n|move|p2b: Typhlosion|Eruption|p1a: Corviknight|[spread] p1a,p1b\n|-resisted|p1b: Dragonite\n|-damage|p1a: Corviknight|36\/100\n|-damage|p1b: Dragonite|16\/100\n|move|p2a: Shaymin|Dazzling Gleam|p1b: Dragonite|[spread] p1a,p1b\n|-supereffective|p1b: Dragonite\n|-damage|p1a: Corviknight|11\/100\n|-damage|p1b: Dragonite|0 fnt\n|faint|p1b: Dragonite\n|-damage|p2a: Shaymin|81\/100|[from] item: Life Orb\n|move|p1a: Corviknight|Drill Peck|p2a: Shaymin\n|-supereffective|p2a: Shaymin\n|-damage|p2a: Shaymin|0 fnt\n|faint|p2a: Shaymin\n|\n|upkeep\n|\n|t:|1695306011\n|switch|p2a: Krookodile|Krookodile, F|100\/100\n|switch|p1b: Lycanroc|Lycanroc-Dusk, M, shiny|100\/100\n|-ability|p2a: Krookodile|Intimidate|boost\n|-ability|p1a: Corviknight|Mirror Armor\n|-unboost|p2a: Krookodile|atk|1\n|-unboost|p1b: Lycanroc|atk|1\n|turn|6\n|\n|t:|1695306033\n|move|p2b: Typhlosion|Eruption|p1b: Lycanroc|[spread] p1a,p1b\n|-resisted|p1b: Lycanroc\n|-damage|p1a: Corviknight|0 fnt\n|-damage|p1b: Lycanroc|57\/100\n|faint|p1a: Corviknight\n|move|p1b: Lycanroc|Earth Power|p2a: Krookodile\n|-damage|p2a: Krookodile|77\/100\n|-damage|p1b: Lycanroc|47\/100|[from] item: Life Orb\n|move|p2a: Krookodile|Crunch|p1b: Lycanroc\n|-damage|p1b: Lycanroc|0 fnt\n|faint|p1b: Lycanroc\n|\n|upkeep\n|\n|t:|1695306047\n|switch|p1b: Breloom|Breloom, M, shiny|100\/100\n|switch|p1a: Raichu|Raichu, M, shiny|100\/100\n|turn|7\n|\n|t:|1695306070\n|move|p1b: Breloom|Mach Punch|p2a: Krookodile\n|-supereffective|p2a: Krookodile\n|-damage|p2a: Krookodile|0 fnt\n|faint|p2a: Krookodile\n|move|p2b: Typhlosion|Eruption|p1a: Raichu|[spread] p1a,p1b\n|-supereffective|p1b: Breloom\n|-damage|p1a: Raichu|17\/100\n|-enditem|p1b: Breloom|Focus Sash\n|-damage|p1b: Breloom|1\/100\n|move|p1a: Raichu|Volt Tackle|p2b: Typhlosion\n|-damage|p2b: Typhlosion|16\/100\n|-damage|p1a: Raichu|0 fnt|[from] Recoil\n|faint|p1a: Raichu\n|\n|upkeep\n|\n|t:|1695306078\n|switch|p2a: Vaporeon|Vaporeon, M|100\/100\n|turn|8\n|l|\u2606kyjin42\n|inactive|kyjin42 disconnected and has a minute to reconnect!\n|player|p1|\n|inactive|kyjin42 has 30 seconds to reconnect!\n|j|\u2606kyjin42\n|inactive|kyjin42 reconnected and has 110 seconds left.\n|player|p1|kyjin42|2\n|\n|t:|1695306128\n|move|p1b: Breloom|Mach Punch|p2a: Vaporeon\n|-damage|p2a: Vaporeon|75\/100\n|move|p2b: Typhlosion|Eruption|p1b: Breloom\n|-supereffective|p1b: Breloom\n|-damage|p1b: Breloom|0 fnt\n|faint|p1b: Breloom\n|\n|win|sherlockastral\n|raw|kyjin42's rating: 1103 &rarr; <strong>1079<\/strong><br \/>(-24 for losing)\n|raw|sherlockastral's rating: 1112 &rarr; <strong>1136<\/strong><br \/>(+24 for winning)\n","uploadtime":1695306142,"views":11,"p1id":"kyjin42","p2id":"sherlockastral","formatid":"gen9nationaldexdoubles","rating":1079,"private":0,"password":""}