{"id":"gen9nationaldexdoubles-1986049296","p1":"psng","p2":"TheQuacken57","format":"[Gen 9] National Dex Doubles","log":"|j|\u2606psng\n|j|\u203dTheQuacken57\n|t:|1699443856\n|gametype|doubles\n|player|p1|psng|wallace|1166\n|player|p2|TheQuacken57|170|1111\n|teamsize|p1|6\n|teamsize|p2|6\n|gen|9\n|tier|[Gen 9] National Dex Doubles\n|rated|\n|rule|HP Percentage Mod: HP is shown in percentages\n|rule|Endless Battle Clause: Forcing endless battles is banned\n|rule|OHKO Clause: OHKO moves are banned\n|rule|Evasion Moves Clause: Evasion moves are banned\n|rule|Evasion Abilities Clause: Evasion abilities are banned\n|rule|Species Clause: Limit one of each Pok\u00e9mon\n|rule|Gravity Sleep Clause: The combination of sleep-inducing moves with imperfect accuracy and Gravity or Gigantamax Orbeetle are banned\n|clearpoke\n|poke|p1|Chien-Pao|\n|poke|p1|Zapdos|\n|poke|p1|Pelipper, M|\n|poke|p1|Swampert, F|\n|poke|p1|Klefki, M|\n|poke|p1|Sinistcha|\n|poke|p2|Marowak-Alola, M|\n|poke|p2|Clefairy, M|\n|poke|p2|Gastrodon-East, M|\n|poke|p2|Hydreigon, F|\n|poke|p2|Klefki, M|\n|poke|p2|Arcanine, M|\n|teampreview\n|inactive|Battle timer is ON: inactive players will automatically lose when time's up. (requested by psng)\n|inactive|psng has 120 seconds left.\n|\n|t:|1699443899\n|start\n|switch|p1a: Swampert|Swampert, F, shiny|100\/100\n|switch|p1b: Sinistcha|Sinistcha, shiny|100\/100\n|switch|p2a: Marowak|Marowak-Alola, M|100\/100\n|switch|p2b: Klefki|Klefki, M|100\/100\n|turn|1\n|\n|t:|1699443924\n|switch|p1b: Pelipper|Pelipper, M, shiny|100\/100\n|-weather|RainDance|[from] ability: Drizzle|[of] p1b: Pelipper\n|detailschange|p1a: Swampert|Swampert-Mega, F, shiny\n|-mega|p1a: Swampert|Swampert|Swampertite\n|move|p2b: Klefki|Reflect|p2b: Klefki\n|-sidestart|p2: TheQuacken57|Reflect\n|move|p1a: Swampert|Earthquake|p2b: Klefki|[spread] p2a,p2b\n|-immune|p1b: Pelipper\n|-supereffective|p2a: Marowak\n|-supereffective|p2b: Klefki\n|-damage|p2a: Marowak|44\/100\n|-damage|p2b: Klefki|51\/100\n|move|p2a: Marowak|Swords Dance|p2a: Marowak\n|-boost|p2a: Marowak|atk|2\n|\n|-weather|RainDance|[upkeep]\n|upkeep\n|turn|2\n|\n|t:|1699443944\n|move|p2a: Marowak|Protect|p2a: Marowak\n|-singleturn|p2a: Marowak|Protect\n|move|p1a: Swampert|Earthquake|p2a: Marowak|[spread] p2b\n|-activate|p2a: Marowak|move: Protect\n|-immune|p1b: Pelipper\n|-supereffective|p2b: Klefki\n|-damage|p2b: Klefki|1\/100\n|move|p1b: Pelipper|Tailwind|p1b: Pelipper\n|-sidestart|p1: psng|move: Tailwind\n|move|p2b: Klefki|Foul Play|p1a: Swampert\n|-damage|p1a: Swampert|62\/100\n|\n|-weather|RainDance|[upkeep]\n|upkeep\n|turn|3\n|\n|t:|1699443970\n|switch|p1b: Sinistcha|Sinistcha, shiny|100\/100\n|-heal|p1a: Swampert|87\/100|[from] ability: Hospitality|[of] p1b: Sinistcha\n|switch|p2b: Arcanine|Arcanine, M|100\/100\n|-ability|p2b: Arcanine|Intimidate|boost\n|-unboost|p1a: Swampert|atk|1\n|-unboost|p1b: Sinistcha|atk|1\n|move|p1a: Swampert|Earthquake|p2a: Marowak|[spread] p1b,p2a,p2b\n|-resisted|p1b: Sinistcha\n|-crit|p1b: Sinistcha\n|-supereffective|p2a: Marowak\n|-supereffective|p2b: Arcanine\n|-damage|p1b: Sinistcha|77\/100\n|-damage|p2a: Marowak|1\/100\n|-damage|p2b: Arcanine|55\/100\n|move|p2a: Marowak|Shadow Bone|p1a: Swampert\n|-damage|p1a: Swampert|0 fnt\n|faint|p1a: Swampert\n|\n|-weather|RainDance|[upkeep]\n|-heal|p1b: Sinistcha|83\/100|[from] item: Leftovers\n|upkeep\n|inactive|psng has 120 seconds left.\n|\n|t:|1699444008\n|switch|p1a: Pelipper|Pelipper, M, shiny|100\/100\n|turn|4\n|\n|t:|1699444035\n|move|p2b: Arcanine|Extreme Speed|p1a: Pelipper\n|-damage|p1a: Pelipper|75\/100\n|move|p1a: Pelipper|Scald|p2b: Arcanine\n|-supereffective|p2b: Arcanine\n|-damage|p2b: Arcanine|0 fnt\n|faint|p2b: Arcanine\n|move|p1b: Sinistcha|Matcha Gotcha|p2a: Marowak\n|-resisted|p2a: Marowak\n|-damage|p2a: Marowak|0 fnt\n|-heal|p1b: Sinistcha|83\/100|[from] drain|[of] p2a: Marowak\n|faint|p2a: Marowak\n|\n|-weather|RainDance|[upkeep]\n|-heal|p1b: Sinistcha|89\/100|[from] item: Leftovers\n|upkeep\n|inactive|TheQuacken57 has 120 seconds left.\n|\n|t:|1699444053\n|switch|p2b: Hydreigon|Hydreigon, F|100\/100\n|switch|p2a: Klefki|Klefki, M|1\/100\n|turn|5\n|inactive|TheQuacken57 has 120 seconds left.\n|\n|t:|1699444081\n|switch|p1a: Klefki|Klefki, M, shiny|100\/100\n|move|p2a: Klefki|Light Screen|p2a: Klefki\n|-sidestart|p2: TheQuacken57|move: Light Screen\n|move|p1b: Sinistcha|Matcha Gotcha|p2a: Klefki|[spread] p2a,p2b\n|-resisted|p2a: Klefki\n|-resisted|p2b: Hydreigon\n|-damage|p2a: Klefki|0 fnt\n|-heal|p1b: Sinistcha|89\/100|[from] drain|[of] p2a: Klefki\n|-damage|p2b: Hydreigon|92\/100\n|-heal|p1b: Sinistcha|94\/100|[from] drain|[of] p2b: Hydreigon\n|faint|p2a: Klefki\n|move|p2b: Hydreigon|Hyper Voice|p1b: Sinistcha|[spread] p1a\n|-immune|p1b: Sinistcha\n|-resisted|p1a: Klefki\n|-crit|p1a: Klefki\n|-damage|p1a: Klefki|78\/100\n|\n|-weather|none\n|-heal|p1b: Sinistcha|99\/100|[from] item: Leftovers\n|-sideend|p1: psng|move: Tailwind\n|upkeep\n|\n|t:|1699444100\n|switch|p2a: Gastrodon|Gastrodon-East, M|100\/100\n|turn|6\n|inactive|TheQuacken57 has 120 seconds left.\n|\n|t:|1699444114\n|switch|p2b: Clefairy|Clefairy, M|100\/100\n|-terastallize|p2a: Gastrodon|Grass\n|move|p1a: Klefki|Light Screen|p1a: Klefki\n|-sidestart|p1: psng|move: Light Screen\n|move|p1b: Sinistcha|Matcha Gotcha|p2b: Clefairy|[spread] p2a,p2b\n|-resisted|p2a: Gastrodon\n|-damage|p2a: Gastrodon|97\/100\n|-heal|p1b: Sinistcha|100\/100|[from] drain|[of] p2a: Gastrodon\n|-damage|p2b: Clefairy|89\/100\n|move|p2a: Gastrodon|Yawn|p1b: Sinistcha\n|-start|p1b: Sinistcha|move: Yawn|[of] p2a: Gastrodon\n|\n|-heal|p2a: Gastrodon|100\/100|[from] item: Leftovers\n|upkeep\n|turn|7\n|\n|t:|1699444135\n|switch|p1b: Pelipper|Pelipper, M, shiny|75\/100\n|-weather|RainDance|[from] ability: Drizzle|[of] p1b: Pelipper\n|move|p1a: Klefki|Steel Beam|p2b: Clefairy\n|-supereffective|p2b: Clefairy\n|-damage|p2b: Clefairy|48\/100\n|-damage|p1a: Klefki|28\/100|[from] steelbeam\n|-enditem|p1a: Klefki|Sitrus Berry|[eat]\n|-heal|p1a: Klefki|53\/100|[from] item: Sitrus Berry\n|move|p2a: Gastrodon|Earth Power|p1a: Klefki\n|-supereffective|p1a: Klefki\n|-damage|p1a: Klefki|22\/100\n|move|p2b: Clefairy|Life Dew|p2b: Clefairy|[spread] p2b\n|-ability|p2a: Gastrodon|Storm Drain|boost\n|-boost|p2a: Gastrodon|spa|1\n|-heal|p2b: Clefairy|73\/100\n|\n|-weather|RainDance|[upkeep]\n|upkeep\n|turn|8\n|\n|t:|1699444159\n|move|p1b: Pelipper|Hurricane|p2a: Gastrodon\n|-supereffective|p2a: Gastrodon\n|-damage|p2a: Gastrodon|70\/100\n|move|p1a: Klefki|Dazzling Gleam|p2b: Clefairy|[spread] p2a,p2b\n|-damage|p2a: Gastrodon|63\/100\n|-damage|p2b: Clefairy|64\/100\n|move|p2a: Gastrodon|Earth Power|p1a: Klefki\n|-supereffective|p1a: Klefki\n|-damage|p1a: Klefki|0 fnt\n|faint|p1a: Klefki\n|move|p2b: Clefairy|Life Dew|p2b: Clefairy|[spread] p2b\n|-ability|p2a: Gastrodon|Storm Drain|boost\n|-boost|p2a: Gastrodon|spa|1\n|-heal|p2b: Clefairy|89\/100\n|\n|-weather|RainDance|[upkeep]\n|-heal|p2a: Gastrodon|70\/100|[from] item: Leftovers\n|-sideend|p2: TheQuacken57|Reflect\n|upkeep\n|inactive|psng has 120 seconds left.\n|\n|t:|1699444174\n|switch|p1a: Chien-Pao|Chien-Pao|100\/100\n|-ability|p1a: Chien-Pao|Sword of Ruin\n|turn|9\n|\n|t:|1699444189\n|move|p2b: Clefairy|Follow Me|p2b: Clefairy\n|-singleturn|p2b: Clefairy|move: Follow Me\n|move|p1a: Chien-Pao|Ice Spinner|p2b: Clefairy\n|-crit|p2b: Clefairy\n|-damage|p2b: Clefairy|0 fnt\n|faint|p2b: Clefairy\n|-damage|p1a: Chien-Pao|91\/100|[from] item: Life Orb\n|move|p1b: Pelipper|Tailwind|p1b: Pelipper\n|-sidestart|p1: psng|move: Tailwind\n|move|p2a: Gastrodon|Hydro Pump|p1a: Chien-Pao\n|-damage|p1a: Chien-Pao|0 fnt\n|faint|p1a: Chien-Pao\n|\n|-weather|RainDance|[upkeep]\n|-heal|p2a: Gastrodon|76\/100|[from] item: Leftovers\n|upkeep\n|\n|t:|1699444203\n|switch|p1a: Zapdos|Zapdos, shiny|100\/100\n|switch|p2b: Hydreigon|Hydreigon, F|92\/100\n|turn|10\n|inactive|TheQuacken57 has 120 seconds left.\n|\n|t:|1699444237\n|move|p1a: Zapdos|Hurricane|p2a: Gastrodon\n|-supereffective|p2a: Gastrodon\n|-damage|p2a: Gastrodon|34\/100\n|move|p1b: Pelipper|Hurricane|p2a: Gastrodon\n|-supereffective|p2a: Gastrodon\n|-damage|p2a: Gastrodon|0 fnt\n|faint|p2a: Gastrodon\n|move|p2b: Hydreigon|Flash Cannon|p1a: Zapdos\n|-resisted|p1a: Zapdos\n|-damage|p1a: Zapdos|88\/100\n|\n|-weather|RainDance|[upkeep]\n|-sideend|p1: psng|move: Light Screen\n|upkeep\n|turn|11\n|\n|t:|1699444252\n|move|p1a: Zapdos|Thunder|p2b: Hydreigon\n|-resisted|p2b: Hydreigon\n|-crit|p2b: Hydreigon\n|-damage|p2b: Hydreigon|54\/100\n|move|p1b: Pelipper|Roost|p1b: Pelipper\n|-heal|p1b: Pelipper|100\/100\n|-singleturn|p1b: Pelipper|move: Roost\n|move|p2b: Hydreigon|Flash Cannon|p1a: Zapdos\n|-resisted|p1a: Zapdos\n|-damage|p1a: Zapdos|69\/100\n|\n|-weather|none\n|upkeep\n|turn|12\n|\n|t:|1699444265\n|switch|p1b: Sinistcha|Sinistcha, shiny|100\/100\n|-heal|p1a: Zapdos|94\/100|[from] ability: Hospitality|[of] p1b: Sinistcha\n|move|p1a: Zapdos|Rain Dance|p1a: Zapdos\n|-weather|RainDance\n|move|p2b: Hydreigon|Flash Cannon|p1a: Zapdos\n|-resisted|p1a: Zapdos\n|-crit|p1a: Zapdos\n|-damage|p1a: Zapdos|63\/100\n|\n|-weather|RainDance|[upkeep]\n|-sideend|p2: TheQuacken57|move: Light Screen\n|-sideend|p1: psng|move: Tailwind\n|upkeep\n|turn|13\n|-message|TheQuacken57 forfeited.\n|\n|win|psng\n|raw|psng's rating: 1166 &rarr; <strong>1187<\/strong><br \/>(+21 for winning)\n|raw|TheQuacken57's rating: 1111 &rarr; <strong>1090<\/strong><br \/>(-21 for losing)\n|l|\u203dTheQuacken57\n","uploadtime":1699444282,"views":5,"p1id":"psng","p2id":"thequacken57","formatid":"gen9nationaldexdoubles","rating":1090,"private":0,"password":""}