{"id":"gen9nationaldexdoubles-1967610162","p1":"Mokaccino333","p2":"willi1668","format":"[Gen 9] National Dex Doubles","log":"|j|\u2606Mokaccino333\n|j|\u2606willi1668\n|t:|1697318749\n|gametype|doubles\n|player|p1|Mokaccino333|170|\n|player|p2|willi1668|lucas|\n|teamsize|p1|6\n|teamsize|p2|6\n|gen|9\n|tier|[Gen 9] National Dex Doubles\n|rule|HP Percentage Mod: HP is shown in percentages\n|rule|Endless Battle Clause: Forcing endless battles is banned\n|rule|OHKO Clause: OHKO moves are banned\n|rule|Evasion Moves Clause: Evasion moves are banned\n|rule|Evasion Abilities Clause: Evasion abilities are banned\n|rule|Species Clause: Limit one of each Pok\u00e9mon\n|rule|Gravity Sleep Clause: The combination of sleep-inducing moves with imperfect accuracy and Gravity or Gigantamax Orbeetle are banned\n|clearpoke\n|poke|p1|Cradily, M|\n|poke|p1|Aerodactyl, M|\n|poke|p1|Lycanroc-Dusk, F|\n|poke|p1|Nihilego|\n|poke|p1|Tyranitar, M|\n|poke|p1|Aggron, M|\n|poke|p2|Lucario, M|\n|poke|p2|Gyarados, M|\n|poke|p2|Charizard, F|\n|poke|p2|Garchomp, M|\n|poke|p2|Mimikyu, M|\n|poke|p2|Greninja-*, F|\n|teampreview\n|\n|t:|1697318759\n|start\n|switch|p1a: Aerodactyl|Aerodactyl, M|100\/100\n|switch|p1b: Lycanroc|Lycanroc-Dusk, F|100\/100\n|switch|p2a: Lucario|Lucario, M, shiny|100\/100\n|switch|p2b: Mimikyu|Mimikyu, M|100\/100\n|-ability|p1a: Aerodactyl|Unnerve\n|turn|1\n|\n|t:|1697318781\n|move|p1a: Aerodactyl|Sky Drop||[still]\n|-prepare|p1a: Aerodactyl|Sky Drop|p2b: Mimikyu\n|move|p1b: Lycanroc|Fire Fang|p2a: Lucario\n|-supereffective|p2a: Lucario\n|-damage|p2a: Lucario|0 fnt\n|faint|p2a: Lucario\n|\n|upkeep\n|\n|t:|1697318790\n|switch|p2a: Garchomp|Garchomp, M, shiny|100\/100\n|turn|2\n|\n|t:|1697318807\n|switch|p1b: Tyranitar|Tyranitar, M|100\/100\n|-weather|Sandstorm|[from] ability: Sand Stream|[of] p1b: Tyranitar\n|move|p1a: Aerodactyl|Sky Drop|p2b: Mimikyu|[from]lockedmove\n|-activate|p2b: Mimikyu|ability: Disguise\n|-damage|p2b: Mimikyu|100\/100\n|-end|p2b: Mimikyu|Sky Drop\n|detailschange|p2b: Mimikyu|Mimikyu-Busted, M\n|-damage|p2b: Mimikyu|88\/100|[from] pokemon: Mimikyu-Busted\n|move|p2a: Garchomp|Dragon Rush|p1a: Aerodactyl\n|-damage|p1a: Aerodactyl|28\/100\n|move|p2b: Mimikyu|Wood Hammer|p1a: Aerodactyl\n|-damage|p1a: Aerodactyl|0 fnt\n|faint|p1a: Aerodactyl\n|-damage|p2b: Mimikyu|77\/100|[from] Recoil\n|\n|-weather|Sandstorm|[upkeep]\n|-damage|p2b: Mimikyu|71\/100|[from] Sandstorm\n|upkeep\n|\n|t:|1697318823\n|switch|p1a: Aggron|Aggron, M|100\/100\n|turn|3\n|\n|t:|1697318835\n|detailschange|p1a: Aggron|Aggron-Mega, M\n|-mega|p1a: Aggron|Aggron|Aggronite\n|move|p2a: Garchomp|Dragon Claw|p1a: Aggron\n|-resisted|p1a: Aggron\n|-damage|p1a: Aggron|93\/100\n|move|p2b: Mimikyu|Wood Hammer|p1a: Aggron\n|-resisted|p1a: Aggron\n|-damage|p1a: Aggron|87\/100\n|-damage|p2b: Mimikyu|69\/100|[from] Recoil\n|move|p1b: Tyranitar|Ice Punch|p2a: Garchomp\n|-supereffective|p2a: Garchomp\n|-damage|p2a: Garchomp|0 fnt\n|-damage|p1b: Tyranitar|88\/100|[from] ability: Rough Skin|[of] p2a: Garchomp\n|faint|p2a: Garchomp\n|-damage|p1b: Tyranitar|78\/100|[from] item: Life Orb\n|move|p1a: Aggron|Heavy Slam|p2b: Mimikyu\n|-supereffective|p2b: Mimikyu\n|-damage|p2b: Mimikyu|0 fnt\n|faint|p2b: Mimikyu\n|\n|-weather|Sandstorm|[upkeep]\n|upkeep\n|\n|t:|1697318840\n|switch|p2a: Charizard|Charizard, F, shiny|100\/100\n|switch|p2b: Gyarados|Gyarados, M, shiny|100\/100\n|-ability|p2b: Gyarados|Intimidate|boost\n|-unboost|p1a: Aggron|atk|1\n|-unboost|p1b: Tyranitar|atk|1\n|turn|4\n|\n|t:|1697318865\n|detailschange|p2b: Gyarados|Gyarados-Mega, M, shiny\n|-mega|p2b: Gyarados|Gyarados|Gyaradosite\n|-ability|p2b: Gyarados|Mold Breaker\n|move|p2a: Charizard|Flare Blitz|p1a: Aggron\n|-supereffective|p1a: Aggron\n|-damage|p1a: Aggron|59\/100\n|-damage|p2a: Charizard|92\/100|[from] Recoil\n|move|p1b: Tyranitar|Rock Slide|p2a: Charizard|[spread] p2a,p2b\n|-supereffective|p2a: Charizard\n|-damage|p2a: Charizard|0 fnt\n|-damage|p2b: Gyarados|75\/100\n|faint|p2a: Charizard\n|-damage|p1b: Tyranitar|68\/100|[from] item: Life Orb\n|move|p2b: Gyarados|Hydro Pump|p1b: Tyranitar\n|-supereffective|p1b: Tyranitar\n|-damage|p1b: Tyranitar|28\/100\n|move|p1a: Aggron|Body Press|p2b: Gyarados\n|-supereffective|p2b: Gyarados\n|-damage|p2b: Gyarados|0 fnt\n|faint|p2b: Gyarados\n|\n|-weather|Sandstorm|[upkeep]\n|upkeep\n|\n|t:|1697318874\n|switch|p2b: Greninja|Greninja, F, shiny|100\/100\n|turn|5\n|\n|t:|1697318889\n|move|p2b: Greninja|Extrasensory|p1b: Tyranitar\n|-start|p2b: Greninja|typechange|Psychic|[from] ability: Protean\n|-immune|p1b: Tyranitar\n|move|p1b: Tyranitar|Superpower|p2b: Greninja\n|-resisted|p2b: Greninja\n|-damage|p2b: Greninja|70\/100\n|-unboost|p1b: Tyranitar|atk|1\n|-unboost|p1b: Tyranitar|def|1\n|-damage|p1b: Tyranitar|18\/100|[from] item: Life Orb\n|move|p1a: Aggron|Body Press|p2b: Greninja\n|-resisted|p2b: Greninja\n|-damage|p2b: Greninja|36\/100\n|\n|-weather|Sandstorm|[upkeep]\n|-damage|p2b: Greninja|30\/100|[from] Sandstorm\n|upkeep\n|turn|6\n|\n|t:|1697318908\n|switch|p1b: Cradily|Cradily, M|100\/100\n|move|p2b: Greninja|Water Shuriken|p1b: Cradily\n|-ability|p1b: Cradily|Storm Drain|boost\n|-boost|p1b: Cradily|spa|1\n|move|p1a: Aggron|Heavy Slam|p2b: Greninja\n|-damage|p2b: Greninja|0 fnt\n|faint|p2b: Greninja\n|\n|win|Mokaccino333\n|c|\u2606willi1668|Brooo\n|c|\u2606willi1668|GG\n|c|\u2606Mokaccino333|Gg :3\n|c|\u2606Mokaccino333|do you want me to help you\n|c|\u2606Mokaccino333|make a team :3\n|c|\u2606willi1668|Plss\n|c|\u2606Mokaccino333|oki add my discord mokaccino321\n|l|\u2606willi1668\n","uploadtime":1697318957,"views":9,"p1id":"mokaccino333","p2id":"willi1668","formatid":"gen9nationaldexdoubles","rating":0,"private":0,"password":""}