{"id":"gen9nationaldexdoubles-1988020333","p1":"Holfrost","p2":"DoomedTaurus","format":"[Gen 9] National Dex Doubles","log":"|j|\u2606Holfrost\n|j|\u2606DoomedTaurus\n|t:|1699659949\n|gametype|doubles\n|player|p1|Holfrost|byron|\n|player|p2|DoomedTaurus|steven|\n|teamsize|p1|6\n|teamsize|p2|6\n|gen|9\n|tier|[Gen 9] National Dex Doubles\n|rule|HP Percentage Mod: HP is shown in percentages\n|rule|Endless Battle Clause: Forcing endless battles is banned\n|rule|OHKO Clause: OHKO moves are banned\n|rule|Evasion Moves Clause: Evasion moves are banned\n|rule|Evasion Abilities Clause: Evasion abilities are banned\n|rule|Species Clause: Limit one of each Pok\u00e9mon\n|rule|Gravity Sleep Clause: The combination of sleep-inducing moves with imperfect accuracy and Gravity or Gigantamax Orbeetle are banned\n|clearpoke\n|poke|p1|Aggron, M|\n|poke|p1|Corviknight, F|\n|poke|p1|Magnezone|\n|poke|p1|Metagross|\n|poke|p1|Perrserker, M|\n|poke|p1|Steelix, M|\n|poke|p2|Keldeo-Resolute|\n|poke|p2|Gyarados, F|\n|poke|p2|Cloyster, M|\n|poke|p2|Ludicolo, M|\n|poke|p2|Slowking, F|\n|poke|p2|Wailord, M|\n|teampreview\n|\n|t:|1699659967\n|start\n|switch|p1a: Perrserker|Perrserker, M|100\/100\n|switch|p1b: Magnezone|Magnezone|100\/100\n|switch|p2a: Cloyster|Cloyster, M|100\/100\n|switch|p2b: Ludicolo|Ludicolo, M|100\/100\n|turn|1\n|\n|t:|1699659983\n|-terastallize|p1b: Magnezone|Electric\n|move|p2a: Cloyster|Shell Smash|p2a: Cloyster\n|-unboost|p2a: Cloyster|def|1\n|-unboost|p2a: Cloyster|spd|1\n|-boost|p2a: Cloyster|atk|2\n|-boost|p2a: Cloyster|spa|2\n|-boost|p2a: Cloyster|spe|2\n|move|p2b: Ludicolo|Rain Dance|p2b: Ludicolo\n|-weather|RainDance\n|move|p1b: Magnezone|Thunderbolt|p2b: Ludicolo\n|-damage|p2b: Ludicolo|0 fnt\n|faint|p2b: Ludicolo\n|move|p1a: Perrserker|Swords Dance|p1a: Perrserker\n|-boost|p1a: Perrserker|atk|2\n|\n|-weather|RainDance|[upkeep]\n|upkeep\n|\n|t:|1699659997\n|switch|p2b: Keldeo|Keldeo-Resolute|100\/100\n|turn|2\n|\n|t:|1699660008\n|-terastallize|p2b: Keldeo|Steel\n|move|p2a: Cloyster|Icicle Spear|p1a: Perrserker\n|-resisted|p1a: Perrserker\n|-damage|p1a: Perrserker|87\/100\n|-resisted|p1a: Perrserker\n|-damage|p1a: Perrserker|73\/100\n|-resisted|p1a: Perrserker\n|-crit|p1a: Perrserker\n|-damage|p1a: Perrserker|53\/100\n|-resisted|p1a: Perrserker\n|-damage|p1a: Perrserker|41\/100\n|-resisted|p1a: Perrserker\n|-damage|p1a: Perrserker|28\/100\n|-hitcount|p1a: Perrserker|5\n|move|p2b: Keldeo|Secret Sword|p1b: Magnezone\n|-damage|p1b: Magnezone|30\/100\n|move|p1b: Magnezone|Thunderbolt|p2b: Keldeo\n|-damage|p2b: Keldeo|0 fnt\n|faint|p2b: Keldeo\n|move|p1a: Perrserker|Swords Dance|p1a: Perrserker\n|-boost|p1a: Perrserker|atk|2\n|\n|-weather|RainDance|[upkeep]\n|-heal|p1a: Perrserker|34\/100|[from] item: Leftovers\n|upkeep\n|\n|t:|1699660030\n|switch|p2b: Gyarados|Gyarados, F|100\/100\n|turn|3\n|\n|t:|1699660046\n|detailschange|p2b: Gyarados|Gyarados-Mega, F\n|-mega|p2b: Gyarados|Gyarados|Gyaradosite\n|-ability|p2b: Gyarados|Mold Breaker\n|move|p2a: Cloyster|Icicle Spear|p1a: Perrserker\n|-resisted|p1a: Perrserker\n|-damage|p1a: Perrserker|21\/100\n|-resisted|p1a: Perrserker\n|-damage|p1a: Perrserker|7\/100\n|-resisted|p1a: Perrserker\n|-damage|p1a: Perrserker|0 fnt\n|faint|p1a: Perrserker\n|-hitcount|p1: Perrserker|3\n|move|p2b: Gyarados|Waterfall|p1b: Magnezone\n|-damage|p1b: Magnezone|0 fnt\n|faint|p1b: Magnezone\n|\n|-weather|RainDance|[upkeep]\n|upkeep\n|\n|t:|1699660075\n|switch|p1b: Metagross|Metagross|100\/100\n|switch|p1a: Corviknight|Corviknight, F|100\/100\n|-ability|p1a: Corviknight|Pressure\n|turn|4\n|\n|t:|1699660102\n|move|p2a: Cloyster|Icicle Spear|p1b: Metagross\n|-resisted|p1b: Metagross\n|-damage|p1b: Metagross|92\/100\n|-resisted|p1b: Metagross\n|-damage|p1b: Metagross|83\/100\n|-resisted|p1b: Metagross\n|-damage|p1b: Metagross|74\/100\n|-resisted|p1b: Metagross\n|-damage|p1b: Metagross|64\/100\n|-resisted|p1b: Metagross\n|-damage|p1b: Metagross|55\/100\n|-hitcount|p1b: Metagross|5\n|move|p2b: Gyarados|Waterfall|p1b: Metagross\n|-damage|p1b: Metagross|0 fnt\n|faint|p1b: Metagross\n|move|p1a: Corviknight|Brave Bird|p2b: Gyarados\n|-damage|p2b: Gyarados|65\/100\n|-damage|p1a: Corviknight|91\/100|[from] Recoil\n|\n|-weather|RainDance|[upkeep]\n|upkeep\n|\n|t:|1699660124\n|switch|p1b: Aggron|Aggron, M|100\/100\n|turn|5\n|\n|t:|1699660138\n|detailschange|p1b: Aggron|Aggron-Mega, M\n|-mega|p1b: Aggron|Aggron|Aggronite\n|move|p2a: Cloyster|Icicle Spear|p1b: Aggron\n|-resisted|p1b: Aggron\n|-damage|p1b: Aggron|95\/100\n|-resisted|p1b: Aggron\n|-damage|p1b: Aggron|90\/100\n|-resisted|p1b: Aggron\n|-damage|p1b: Aggron|85\/100\n|-resisted|p1b: Aggron\n|-damage|p1b: Aggron|81\/100\n|-resisted|p1b: Aggron\n|-damage|p1b: Aggron|75\/100\n|-hitcount|p1b: Aggron|5\n|move|p2b: Gyarados|Waterfall|p1b: Aggron\n|-damage|p1b: Aggron|41\/100\n|cant|p1b: Aggron|flinch\n|move|p1a: Corviknight|Brave Bird|p2b: Gyarados\n|-damage|p2b: Gyarados|30\/100\n|-damage|p1a: Corviknight|81\/100|[from] Recoil\n|\n|-weather|RainDance|[upkeep]\n|upkeep\n|turn|6\n|\n|t:|1699660178\n|move|p2a: Cloyster|Icicle Spear|p1b: Aggron\n|-resisted|p1b: Aggron\n|-damage|p1b: Aggron|36\/100\n|-resisted|p1b: Aggron\n|-damage|p1b: Aggron|32\/100\n|-resisted|p1b: Aggron\n|-damage|p1b: Aggron|26\/100\n|-resisted|p1b: Aggron\n|-damage|p1b: Aggron|21\/100\n|-resisted|p1b: Aggron\n|-damage|p1b: Aggron|16\/100\n|-hitcount|p1b: Aggron|5\n|move|p2b: Gyarados|Waterfall|p1b: Aggron\n|-damage|p1b: Aggron|0 fnt\n|faint|p1b: Aggron\n|move|p1a: Corviknight|Brave Bird|p2b: Gyarados\n|-damage|p2b: Gyarados|0 fnt\n|faint|p2b: Gyarados\n|-damage|p1a: Corviknight|73\/100|[from] Recoil\n|\n|-weather|RainDance|[upkeep]\n|upkeep\n|\n|t:|1699660202\n|switch|p2b: Slowking|Slowking, F|100\/100\n|switch|p1b: Steelix|Steelix, M|100\/100\n|turn|7\n|\n|t:|1699660218\n|move|p2a: Cloyster|Icicle Spear|p1a: Corviknight\n|-damage|p1a: Corviknight|61\/100\n|-damage|p1a: Corviknight|48\/100\n|-damage|p1a: Corviknight|33\/100\n|-damage|p1a: Corviknight|20\/100\n|-damage|p1a: Corviknight|7\/100\n|-hitcount|p1a: Corviknight|5\n|move|p1a: Corviknight|Brave Bird|p2a: Cloyster\n|-damage|p2a: Cloyster|57\/100\n|-damage|p1a: Corviknight|0 fnt|[from] Recoil\n|faint|p1a: Corviknight\n|move|p1b: Steelix|Earthquake|p2a: Cloyster|[spread] p2a,p2b\n|-damage|p2a: Cloyster|25\/100\n|-damage|p2b: Slowking|83\/100\n|move|p2b: Slowking|Scald|p1b: Steelix\n|-supereffective|p1b: Steelix\n|-ability|p1b: Steelix|Sturdy\n|-damage|p1b: Steelix|1\/100\n|-status|p1b: Steelix|brn\n|\n|-weather|RainDance|[upkeep]\n|-heal|p1b: Steelix|7\/100 brn|[from] item: Leftovers\n|-damage|p1b: Steelix|1\/100 brn|[from] brn\n|upkeep\n|turn|8\n|\n|t:|1699660244\n|move|p2a: Cloyster|Icicle Spear|p1b: Steelix\n|-damage|p1b: Steelix|0 fnt\n|faint|p1b: Steelix\n|-hitcount|p1: Steelix|1\n|\n|win|DoomedTaurus\n","uploadtime":1699660254,"views":7,"p1id":"holfrost","p2id":"doomedtaurus","formatid":"gen9nationaldexdoubles","rating":0,"private":0,"password":""}