{"id":"gen9nationaldexdoubles-1968512209","p1":"Miiirza","p2":"snail_chips","format":"[Gen 9] National Dex Doubles","log":"|j|\u2606Miiirza\n|j|\u2606snail_chips\n|t:|1697426793\n|gametype|doubles\n|player|p1|Miiirza|266|1215\n|player|p2|snail_chips|ruinmaniac|1087\n|teamsize|p1|6\n|teamsize|p2|6\n|gen|9\n|tier|[Gen 9] National Dex Doubles\n|rated|\n|rule|HP Percentage Mod: HP is shown in percentages\n|rule|Endless Battle Clause: Forcing endless battles is banned\n|rule|OHKO Clause: OHKO moves are banned\n|rule|Evasion Moves Clause: Evasion moves are banned\n|rule|Evasion Abilities Clause: Evasion abilities are banned\n|rule|Species Clause: Limit one of each Pok\u00e9mon\n|rule|Gravity Sleep Clause: The combination of sleep-inducing moves with imperfect accuracy and Gravity or Gigantamax Orbeetle are banned\n|clearpoke\n|poke|p1|Incineroar, M|\n|poke|p1|Gastrodon-East, M|\n|poke|p1|Rillaboom, M|\n|poke|p1|Zygarde|\n|poke|p1|Amoonguss, M|\n|poke|p1|Chien-Pao|\n|poke|p2|Baxcalibur, M|\n|poke|p2|Abomasnow, F|\n|poke|p2|Indeedee-F, F|\n|poke|p2|Gliscor, F|\n|poke|p2|Basculegion, M|\n|poke|p2|Empoleon, F|\n|teampreview\n|inactive|Battle timer is ON: inactive players will automatically lose when time's up. (requested by Miiirza)\n|inactive|Miiirza has 120 seconds left.\n|\n|t:|1697426836\n|start\n|switch|p1a: Incineroar|Incineroar, M, shiny|100\/100\n|switch|p1b: Chien-Pao|Chien-Pao|100\/100\n|switch|p2a: Baxcalibur|Baxcalibur, M|100\/100\n|switch|p2b: Abomasnow|Abomasnow, F|100\/100\n|-ability|p1b: Chien-Pao|Sword of Ruin\n|-weather|Snow|[from] ability: Snow Warning|[of] p2b: Abomasnow\n|-ability|p1a: Incineroar|Intimidate|boost\n|-unboost|p2a: Baxcalibur|atk|1\n|-unboost|p2b: Abomasnow|atk|1\n|turn|1\n|\n|t:|1697426859\n|-terastallize|p2a: Baxcalibur|Steel\n|move|p1a: Incineroar|Fake Out|p2a: Baxcalibur\n|-resisted|p2a: Baxcalibur\n|-damage|p2a: Baxcalibur|92\/100\n|move|p1b: Chien-Pao|Sacred Sword|p2a: Baxcalibur\n|-supereffective|p2a: Baxcalibur\n|-crit|p2a: Baxcalibur\n|-damage|p2a: Baxcalibur|0 fnt\n|faint|p2a: Baxcalibur\n|move|p2b: Abomasnow|Aurora Veil|p2b: Abomasnow\n|-sidestart|p2: snail_chips|move: Aurora Veil\n|\n|-weather|Snow|[upkeep]\n|upkeep\n|\n|t:|1697426871\n|switch|p2a: Gliscor|Gliscor, F|100\/100\n|turn|2\n|\n|t:|1697426897\n|switch|p2a: Empoleon|Empoleon, F|100\/100\n|move|p1b: Chien-Pao|Ice Spinner|p2a: Empoleon\n|-resisted|p2a: Empoleon\n|-damage|p2a: Empoleon|92\/100\n|move|p2b: Abomasnow|Bulldoze|p1a: Incineroar|[spread] p2a,p1a,p1b\n|-supereffective|p2a: Empoleon\n|-supereffective|p1a: Incineroar\n|-damage|p2a: Empoleon|82\/100\n|-damage|p1a: Incineroar|86\/100\n|-damage|p1b: Chien-Pao|95\/100\n|-unboost|p2a: Empoleon|spe|1\n|-unboost|p1a: Incineroar|spe|1\n|-unboost|p1b: Chien-Pao|spe|1\n|move|p1a: Incineroar|Flare Blitz|p2b: Abomasnow\n|-supereffective|p2b: Abomasnow\n|-damage|p2b: Abomasnow|0 fnt\n|faint|p2b: Abomasnow\n|-damage|p1a: Incineroar|57\/100|[from] Recoil\n|\n|-weather|Snow|[upkeep]\n|upkeep\n|inactive|snail_chips has 120 seconds left.\n|\n|t:|1697426913\n|switch|p2b: Indeedee|Indeedee-F, F|100\/100\n|-fieldstart|move: Psychic Terrain|[from] ability: Psychic Surge|[of] p2b: Indeedee\n|turn|3\n|\n|t:|1697426931\n|switch|p1b: Gastrodon|Gastrodon-East, M, shiny|100\/100\n|move|p2b: Indeedee|Follow Me|p2b: Indeedee\n|-singleturn|p2b: Indeedee|move: Follow Me\n|move|p1a: Incineroar|Parting Shot|p2b: Indeedee\n|-unboost|p2b: Indeedee|atk|1\n|-unboost|p2b: Indeedee|spa|1\n|\n|t:|1697426940\n|switch|p1a: Rillaboom|Rillaboom, M|100\/100|[from] Parting Shot\n|-fieldstart|move: Grassy Terrain|[from] ability: Grassy Surge|[of] p1a: Rillaboom\n|move|p2a: Empoleon|Flash Cannon|p1b: Gastrodon\n|-resisted|p1b: Gastrodon\n|-damage|p1b: Gastrodon|76\/100\n|-damage|p2a: Empoleon|72\/100|[from] item: Life Orb\n|\n|-weather|Snow|[upkeep]\n|-heal|p2a: Empoleon|78\/100|[from] Grassy Terrain\n|-heal|p1b: Gastrodon|82\/100|[from] Grassy Terrain\n|-heal|p1b: Gastrodon|88\/100|[from] item: Leftovers\n|upkeep\n|turn|4\n|\n|t:|1697426957\n|switch|p2b: Gliscor|Gliscor, F|100\/100\n|move|p1a: Rillaboom|Fake Out|p2a: Empoleon\n|-resisted|p2a: Empoleon\n|-damage|p2a: Empoleon|73\/100\n|cant|p2a: Empoleon|flinch\n|move|p1b: Gastrodon|Earth Power|p2a: Empoleon\n|-supereffective|p2a: Empoleon\n|-damage|p2a: Empoleon|29\/100\n|\n|-weather|Snow|[upkeep]\n|-heal|p2a: Empoleon|35\/100|[from] Grassy Terrain\n|-heal|p1b: Gastrodon|94\/100|[from] Grassy Terrain\n|-heal|p1b: Gastrodon|99\/100|[from] item: Leftovers\n|-status|p2b: Gliscor|tox|[from] item: Toxic Orb\n|upkeep\n|turn|5\n|\n|t:|1697426979\n|move|p1a: Rillaboom|Grassy Glide|p2a: Empoleon\n|-damage|p2a: Empoleon|10\/100\n|move|p2b: Gliscor|Poison Jab|p1a: Rillaboom\n|-supereffective|p1a: Rillaboom\n|-damage|p1a: Rillaboom|54\/100\n|-status|p1a: Rillaboom|psn\n|move|p2a: Empoleon|Stealth Rock|p1b: Gastrodon\n|-sidestart|p1: Miiirza|move: Stealth Rock\n|move|p1b: Gastrodon|Ice Beam|p2b: Gliscor\n|-supereffective|p2b: Gliscor\n|-damage|p2b: Gliscor|6\/100 tox\n|\n|-weather|none\n|-heal|p1a: Rillaboom|60\/100 psn|[from] Grassy Terrain\n|-heal|p2a: Empoleon|16\/100|[from] Grassy Terrain\n|-heal|p1b: Gastrodon|100\/100|[from] Grassy Terrain\n|-heal|p2b: Gliscor|18\/100 tox|[from] ability: Poison Heal\n|-damage|p1a: Rillaboom|48\/100 psn|[from] psn\n|upkeep\n|turn|6\n|\n|t:|1697427005\n|move|p1a: Rillaboom|Grassy Glide|p2b: Gliscor\n|-damage|p2b: Gliscor|0 fnt\n|faint|p2b: Gliscor\n|move|p2a: Empoleon|Ice Beam|p1a: Rillaboom\n|-supereffective|p1a: Rillaboom\n|-damage|p1a: Rillaboom|0 fnt\n|faint|p1a: Rillaboom\n|-damage|p2a: Empoleon|6\/100|[from] item: Life Orb\n|move|p1b: Gastrodon|Earth Power|p2a: Empoleon\n|-supereffective|p2a: Empoleon\n|-damage|p2a: Empoleon|0 fnt\n|faint|p2a: Empoleon\n|\n|upkeep\n|\n|t:|1697427021\n|switch|p2b: Indeedee|Indeedee-F, F|100\/100\n|switch|p1a: Incineroar|Incineroar, M, shiny|57\/100\n|switch|p2a: Basculegion|Basculegion, M|100\/100\n|-fieldstart|move: Psychic Terrain|[from] ability: Psychic Surge|[of] p2b: Indeedee\n|-damage|p1a: Incineroar|32\/100|[from] Stealth Rock\n|-ability|p1a: Incineroar|Intimidate|boost\n|-unboost|p2a: Basculegion|atk|1\n|-unboost|p2b: Indeedee|atk|1\n|turn|7\n|inactive|snail_chips has 120 seconds left.\n|\n|t:|1697427054\n|move|p1b: Gastrodon|Protect|p1b: Gastrodon\n|-singleturn|p1b: Gastrodon|Protect\n|move|p2a: Basculegion|Last Respects|p1a: Incineroar\n|-resisted|p1a: Incineroar\n|-damage|p1a: Incineroar|0 fnt\n|faint|p1a: Incineroar\n|move|p2b: Indeedee|Expanding Force|p1b: Gastrodon\n|-activate|p1b: Gastrodon|move: Protect\n|\n|upkeep\n|\n|t:|1697427064\n|switch|p1a: Chien-Pao|Chien-Pao|95\/100\n|-damage|p1a: Chien-Pao|70\/100|[from] Stealth Rock\n|-ability|p1a: Chien-Pao|Sword of Ruin\n|turn|8\n|\n|t:|1697427092\n|move|p2b: Indeedee|Helping Hand|p2a: Basculegion\n|-singleturn|p2a: Basculegion|Helping Hand|[of] p2b: Indeedee\n|move|p1a: Chien-Pao|Protect|p1a: Chien-Pao\n|-singleturn|p1a: Chien-Pao|Protect\n|move|p2a: Basculegion|Last Respects|p1a: Chien-Pao\n|-activate|p1a: Chien-Pao|move: Protect\n|move|p1b: Gastrodon|Muddy Water|p2a: Basculegion|[spread] p2a,p2b\n|-resisted|p2a: Basculegion\n|-damage|p2a: Basculegion|90\/100\n|-damage|p2b: Indeedee|84\/100\n|-unboost|p2a: Basculegion|accuracy|1\n|-unboost|p2b: Indeedee|accuracy|1\n|\n|-heal|p2b: Indeedee|90\/100|[from] item: Leftovers\n|-sideend|p2: snail_chips|move: Aurora Veil\n|upkeep\n|turn|9\n|\n|t:|1697427110\n|switch|p1a: Zygarde|Zygarde, shiny|100\/100\n|-damage|p1a: Zygarde|94\/100|[from] Stealth Rock\n|-ability|p1a: Zygarde|Aura Break\n|move|p2b: Indeedee|Helping Hand|p2a: Basculegion\n|-singleturn|p2a: Basculegion|Helping Hand|[of] p2b: Indeedee\n|move|p2a: Basculegion|Last Respects|p1a: Zygarde\n|-damage|p1a: Zygarde|19\/100\n|move|p1b: Gastrodon|Muddy Water|p2a: Basculegion|[spread] p2b\n|-miss|p1b: Gastrodon|p2a: Basculegion\n|-damage|p2b: Indeedee|65\/100\n|-unboost|p2b: Indeedee|accuracy|1\n|\n|-heal|p2b: Indeedee|71\/100|[from] item: Leftovers\n|-heal|p1a: Zygarde|25\/100|[from] item: Leftovers\n|upkeep\n|turn|10\n|\n|t:|1697427133\n|-terastallize|p1a: Zygarde|Normal\n|move|p2a: Basculegion|Last Respects|p1b: Gastrodon\n|-damage|p1b: Gastrodon|21\/100\n|move|p2b: Indeedee|Expanding Force|p1a: Zygarde|[spread] p1a\n|-miss|p2b: Indeedee|p1b: Gastrodon\n|-damage|p1a: Zygarde|0 fnt\n|faint|p1a: Zygarde\n|move|p1b: Gastrodon|Muddy Water|p2a: Basculegion|[spread] p2a,p2b\n|-resisted|p2a: Basculegion\n|-damage|p2a: Basculegion|75\/100\n|-damage|p2b: Indeedee|47\/100\n|\n|-heal|p2b: Indeedee|53\/100|[from] item: Leftovers\n|-heal|p1b: Gastrodon|27\/100|[from] item: Leftovers\n|upkeep\n|\n|t:|1697427146\n|switch|p1a: Chien-Pao|Chien-Pao|70\/100\n|-damage|p1a: Chien-Pao|45\/100|[from] Stealth Rock\n|-ability|p1a: Chien-Pao|Sword of Ruin\n|turn|11\n|\n|t:|1697427161\n|move|p2a: Basculegion|Last Respects|p1a: Chien-Pao\n|-resisted|p1a: Chien-Pao\n|-damage|p1a: Chien-Pao|0 fnt\n|faint|p1a: Chien-Pao\n|move|p2b: Indeedee|Expanding Force|p1b: Gastrodon\n|-damage|p1b: Gastrodon|0 fnt\n|faint|p1b: Gastrodon\n|\n|-heal|p2b: Indeedee|59\/100|[from] item: Leftovers\n|-fieldend|move: Psychic Terrain\n|upkeep\n|\n|t:|1697427171\n|switch|p1b: Amoonguss|Amoonguss, M|100\/100\n|-damage|p1b: Amoonguss|88\/100|[from] Stealth Rock\n|turn|12\n|\n|t:|1697427178\n|move|p2a: Basculegion|Last Respects|p1b: Amoonguss\n|-damage|p1b: Amoonguss|21\/100\n|move|p2b: Indeedee|Expanding Force|p1b: Amoonguss\n|-supereffective|p1b: Amoonguss\n|-damage|p1b: Amoonguss|0 fnt\n|faint|p1b: Amoonguss\n|\n|win|snail_chips\n|raw|Miiirza's rating: 1215 &rarr; <strong>1181<\/strong><br \/>(-34 for losing)\n|raw|snail_chips's rating: 1087 &rarr; <strong>1123<\/strong><br \/>(+36 for winning)\n|c|\u2606snail_chips|gg\n|l|\u2606Miiirza\n","uploadtime":1697427189,"views":8,"p1id":"miiirza","p2id":"snailchips","formatid":"gen9nationaldexdoubles","rating":1123,"private":0,"password":""}