{"id":"gen9nationaldexdoubles-1996651098","p1":"Dracko20Gms","p2":"ELFRAN132","format":"[Gen 9] National Dex Doubles","log":"|j|\u2606Dracko20Gms\n|j|\u2606ELFRAN132\n|t:|1700705282\n|gametype|doubles\n|player|p1|Dracko20Gms|hilbert-wonderlauncher|1309\n|player|p2|ELFRAN132|101|1421\n|teamsize|p1|6\n|teamsize|p2|6\n|gen|9\n|tier|[Gen 9] National Dex Doubles\n|rated|\n|rule|HP Percentage Mod: HP is shown in percentages\n|rule|Endless Battle Clause: Forcing endless battles is banned\n|rule|OHKO Clause: OHKO moves are banned\n|rule|Evasion Moves Clause: Evasion moves are banned\n|rule|Evasion Abilities Clause: Evasion abilities are banned\n|rule|Species Clause: Limit one of each Pok\u00e9mon\n|rule|Gravity Sleep Clause: The combination of sleep-inducing moves with imperfect accuracy and Gravity or Gigantamax Orbeetle are banned\n|clearpoke\n|poke|p1|Porygon2|\n|poke|p1|Emboar, M|\n|poke|p1|Ursaluna, F|\n|poke|p1|Indeedee, M|\n|poke|p1|Cresselia, F|\n|poke|p1|Clawitzer, M|\n|poke|p2|Rillaboom, F|\n|poke|p2|Metagross|\n|poke|p2|Incineroar, M|\n|poke|p2|Tornadus, M|\n|poke|p2|Regidrago|\n|poke|p2|Gholdengo|\n|teampreview\n|inactive|Battle timer is ON: inactive players will automatically lose when time's up. (requested by Dracko20Gms)\n|\n|t:|1700705307\n|start\n|switch|p1a: Date|Porygon2, shiny|100\/100\n|switch|p1b: Princesita|Ursaluna, F, shiny|100\/100\n|switch|p2a: Incineroar|Incineroar, M|100\/100\n|switch|p2b: Regidrago|Regidrago|100\/100\n|-ability|p2a: Incineroar|Intimidate|boost\n|-unboost|p1a: Date|atk|1\n|-unboost|p1b: Princesita|atk|1\n|-ability|p1a: Date|Download|boost\n|-boost|p1a: Date|atk|1\n|turn|1\n|c|\u2606ELFRAN132|princesita xd\n|c|\u2606Dracko20Gms|JAJAJAJJAJAAJJAJAJAJJAJA\n|\n|t:|1700705329\n|move|p1b: Princesita|Protect|p1b: Princesita\n|-singleturn|p1b: Princesita|Protect\n|move|p2a: Incineroar|Fake Out|p1a: Date\n|-damage|p1a: Date|96\/100\n|move|p2b: Regidrago|Dragon Energy|p1a: Date|[spread] p1a\n|-activate|p1b: Princesita|move: Protect\n|-damage|p1a: Date|30\/100\n|cant|p1a: Date|flinch\n|\n|-status|p1b: Princesita|brn|[from] item: Flame Orb\n|upkeep\n|turn|2\n|inactive|Dracko20Gms has 120 seconds left.\n|\n|t:|1700705360\n|switch|p1a: Tanky|Cresselia, F|100\/100\n|move|p2b: Regidrago|Dragon Energy|p1b: Princesita|[spread] p1a,p1b\n|-damage|p1a: Tanky|44\/100\n|-damage|p1b: Princesita|0 fnt\n|faint|p1b: Princesita\n|move|p2a: Incineroar|Parting Shot|p1a: Tanky\n|-unboost|p1a: Tanky|atk|1\n|-unboost|p1a: Tanky|spa|1\n|\n|t:|1700705375\n|switch|p2a: Gholdengo|Gholdengo|100\/100|[from] Parting Shot\n|\n|-heal|p1a: Tanky|50\/100|[from] item: Leftovers\n|upkeep\n|inactive|Dracko20Gms has 120 seconds left.\n|\n|t:|1700705392\n|switch|p1b: Nojao|Indeedee, M|100\/100\n|-fieldstart|move: Psychic Terrain|[from] ability: Psychic Surge|[of] p1b: Nojao\n|turn|3\n|\n|t:|1700705402\n|-terastallize|p1a: Tanky|Fairy\n|move|p1b: Nojao|Protect|p1b: Nojao\n|-singleturn|p1b: Nojao|Protect\n|move|p2a: Gholdengo|Make It Rain|p1a: Tanky|[spread] p1a\n|-activate|p1b: Nojao|move: Protect\n|-supereffective|p1a: Tanky\n|-damage|p1a: Tanky|6\/100\n|-unboost|p2a: Gholdengo|spa|1\n|move|p2b: Regidrago|Dragon Energy|p1b: Nojao|[spread] \n|-activate|p1b: Nojao|move: Protect\n|-immune|p1a: Tanky\n|move|p1a: Tanky|Trick Room|p1a: Tanky\n|-fieldstart|move: Trick Room|[of] p1a: Tanky\n|\n|-heal|p1a: Tanky|12\/100|[from] item: Leftovers\n|upkeep\n|turn|4\n|\n|t:|1700705429\n|switch|p2b: Incineroar|Incineroar, M|100\/100\n|-ability|p2b: Incineroar|Intimidate|boost\n|-unboost|p1a: Tanky|atk|1\n|-unboost|p1b: Nojao|atk|1\n|switch|p2a: Metagross|Metagross|100\/100\n|move|p1a: Tanky|Psychic|p2b: Incineroar\n|-immune|p2b: Incineroar\n|move|p1b: Nojao|Expanding Force|p2a: Metagross|[spread] p2a\n|-immune|p2b: Incineroar\n|-resisted|p2a: Metagross\n|-damage|p2a: Metagross|78\/100\n|-damage|p1b: Nojao|91\/100|[from] item: Life Orb\n|\n|-heal|p1a: Tanky|18\/100|[from] item: Leftovers\n|upkeep\n|turn|5\n|inactive|Dracko20Gms has 120 seconds left.\n|\n|t:|1700705469\n|switch|p1b: Dracko|Emboar, M, shiny|100\/100\n|detailschange|p2a: Metagross|Metagross-Mega\n|-mega|p2a: Metagross|Metagross|Metagrossite\n|move|p1a: Tanky|Ally Switch|p1a: Tanky\n|swap|p1a: Tanky|1|[from] move: Ally Switch\n|move|p2b: Incineroar|Parting Shot|p1a: Dracko\n|-unboost|p1a: Dracko|atk|1\n|-unboost|p1a: Dracko|spa|1\n|inactive|ELFRAN132 has 120 seconds left.\n|\n|t:|1700705483\n|switch|p2b: Rillaboom|Rillaboom, F|100\/100|[from] Parting Shot\n|-fieldstart|move: Grassy Terrain|[from] ability: Grassy Surge|[of] p2b: Rillaboom\n|move|p2a: Metagross|Meteor Mash|p1b: Tanky\n|-supereffective|p1b: Tanky\n|-damage|p1b: Tanky|0 fnt\n|-boost|p2a: Metagross|atk|1\n|faint|p1b: Tanky\n|\n|-heal|p2a: Metagross|84\/100|[from] Grassy Terrain\n|upkeep\n|\n|t:|1700705493\n|switch|p1b: Nojao|Indeedee, M|91\/100\n|-fieldstart|move: Psychic Terrain|[from] ability: Psychic Surge|[of] p1b: Nojao\n|turn|6\n|c|\u2606ELFRAN132|tremenda predic XD\n|\n|t:|1700705507\n|switch|p2a: Incineroar|Incineroar, M|100\/100\n|-ability|p2a: Incineroar|Intimidate|boost\n|-unboost|p1a: Dracko|atk|1\n|-unboost|p1b: Nojao|atk|1\n|move|p1a: Dracko|Flare Blitz|p2a: Incineroar\n|-resisted|p2a: Incineroar\n|-damage|p2a: Incineroar|76\/100\n|-damage|p1a: Dracko|93\/100|[from] Recoil\n|move|p1b: Nojao|Hyper Voice|p2b: Rillaboom|[spread] p2a,p2b\n|-damage|p2a: Incineroar|47\/100\n|-damage|p2b: Rillaboom|68\/100\n|-damage|p1b: Nojao|81\/100|[from] item: Life Orb\n|move|p2b: Rillaboom|U-turn|p1b: Nojao\n|-supereffective|p1b: Nojao\n|-damage|p1b: Nojao|0 fnt\n|faint|p1b: Nojao\n|inactive|ELFRAN132 has 120 seconds left.\n|\n|t:|1700705538\n|switch|p2b: Gholdengo|Gholdengo|100\/100|[from] U-turn\n|\n|upkeep\n|\n|t:|1700705542\n|switch|p1b: Piumba|Clawitzer, M, shiny|100\/100\n|turn|7\n|\n|t:|1700705572\n|switch|p1a: Date|Porygon2, shiny|30\/100\n|-ability|p1a: Date|Download|boost\n|-boost|p1a: Date|atk|1\n|-terastallize|p2b: Gholdengo|Ground\n|move|p1b: Piumba|Surf|p2b: Gholdengo|[spread] p1a,p2a,p2b\n|-supereffective|p2a: Incineroar\n|-supereffective|p2b: Gholdengo\n|-damage|p1a: Date|6\/100\n|-damage|p2a: Incineroar|0 fnt\n|-damage|p2b: Gholdengo|17\/100\n|faint|p2a: Incineroar\n|move|p2b: Gholdengo|Tera Blast|p1a: Date|[anim] Tera Blast Ground\n|-damage|p1a: Date|0 fnt\n|faint|p1a: Date\n|\n|-heal|p2b: Gholdengo|23\/100|[from] item: Leftovers\n|-fieldend|move: Trick Room\n|upkeep\n|\n|t:|1700705589\n|switch|p2a: Rillaboom|Rillaboom, F|68\/100\n|switch|p1a: Dracko|Emboar, M, shiny|93\/100\n|-fieldstart|move: Grassy Terrain|[from] ability: Grassy Surge|[of] p2a: Rillaboom\n|turn|8\n|\n|t:|1700705601\n|move|p2a: Rillaboom|Grassy Glide|p1b: Piumba\n|-supereffective|p1b: Piumba\n|-damage|p1b: Piumba|16\/100\n|move|p2b: Gholdengo|Tera Blast|p1a: Dracko|[anim] Tera Blast Ground\n|-supereffective|p1a: Dracko\n|-damage|p1a: Dracko|2\/100\n|move|p1a: Dracko|Flare Blitz|p2a: Rillaboom\n|-supereffective|p2a: Rillaboom\n|-damage|p2a: Rillaboom|0 fnt\n|faint|p2a: Rillaboom\n|-damage|p1a: Dracko|0 fnt|[from] Recoil\n|faint|p1a: Dracko\n|move|p1b: Piumba|Ice Beam|p2b: Gholdengo\n|-supereffective|p2b: Gholdengo\n|-damage|p2b: Gholdengo|0 fnt\n|faint|p2b: Gholdengo\n|\n|-heal|p1b: Piumba|22\/100|[from] Grassy Terrain\n|upkeep\n|\n|t:|1700705613\n|switch|p2b: Regidrago|Regidrago|100\/100\n|switch|p2a: Tornadus|Tornadus, M|100\/100\n|turn|9\n|c|\u2606ELFRAN132|buena partida\n|c|\u2606Dracko20Gms|Siiii\n|c|\u2606Dracko20Gms|gg bro\n|c|\u2606ELFRAN132|equipo bueno\n|c|\u2606Dracko20Gms|No esperaba que ese regidrago pegara tanto (\"._.)\n|inactive|Dracko20Gms has 120 seconds left.\n|\n|t:|1700705648\n|move|p2a: Tornadus|Tailwind|p2a: Tornadus\n|-sidestart|p2: ELFRAN132|move: Tailwind\n|move|p2b: Regidrago|Dragon Energy|p1b: Piumba\n|-damage|p1b: Piumba|0 fnt\n|faint|p1b: Piumba\n|\n|win|ELFRAN132\n|raw|Dracko20Gms's rating: 1309 &rarr; <strong>1295<\/strong><br \/>(-14 for losing)\n|raw|ELFRAN132's rating: 1421 &rarr; <strong>1435<\/strong><br \/>(+14 for winning)\n|l|\u2606Dracko20Gms\n|c|\u2606ELFRAN132|lo que te falta es tener algo que se pueda mover fuera de espacio raro\n","uploadtime":1700705730,"views":2,"p1id":"dracko20gms","p2id":"elfran132","formatid":"gen9nationaldexdoubles","rating":1295,"private":0,"password":""}