{"id":"gen9nationaldexdoubles-1986420091","p1":"Jayaya","p2":"PBJK","format":"[Gen 9] National Dex Doubles","log":"|j|\u2606Jayaya\n|j|\u2606PBJK\n|t:|1699477539\n|gametype|doubles\n|player|p1|Jayaya|roxie|1000\n|player|p2|PBJK|brock|1036\n|teamsize|p1|6\n|teamsize|p2|6\n|gen|9\n|tier|[Gen 9] National Dex Doubles\n|rated|\n|rule|HP Percentage Mod: HP is shown in percentages\n|rule|Endless Battle Clause: Forcing endless battles is banned\n|rule|OHKO Clause: OHKO moves are banned\n|rule|Evasion Moves Clause: Evasion moves are banned\n|rule|Evasion Abilities Clause: Evasion abilities are banned\n|rule|Species Clause: Limit one of each Pok\u00e9mon\n|rule|Gravity Sleep Clause: The combination of sleep-inducing moves with imperfect accuracy and Gravity or Gigantamax Orbeetle are banned\n|clearpoke\n|poke|p1|Pelipper, F|\n|poke|p1|Ludicolo, F|\n|poke|p1|Milotic, F|\n|poke|p1|Hydreigon, M|\n|poke|p1|Drifblim, M|\n|poke|p1|Magnezone|\n|poke|p2|Onix, F|\n|poke|p2|Aerodactyl, F|\n|poke|p2|Golem, M|\n|poke|p2|Kleavor, F|\n|poke|p2|Arcanine-Hisui, F|\n|poke|p2|Tyranitar, F|\n|teampreview\n|\n|t:|1699477545\n|start\n|switch|p1a: Pelipper|Pelipper, F|100\/100\n|switch|p1b: Magnezone|Magnezone|100\/100\n|switch|p2a: Onix|Onix, F|100\/100\n|switch|p2b: Tyranitar|Tyranitar, F|100\/100\n|-weather|RainDance|[from] ability: Drizzle|[of] p1a: Pelipper\n|-weather|Sandstorm|[from] ability: Sand Stream|[of] p2b: Tyranitar\n|turn|1\n|\n|t:|1699477576\n|move|p2a: Onix|Stealth Rock|p1a: Pelipper\n|-sidestart|p1: Jayaya|move: Stealth Rock\n|move|p1a: Pelipper|Tailwind|p1a: Pelipper\n|-sidestart|p1: Jayaya|move: Tailwind\n|move|p1b: Magnezone|Flash Cannon|p2b: Tyranitar\n|-supereffective|p2b: Tyranitar\n|-damage|p2b: Tyranitar|35\/100\n|move|p2b: Tyranitar|Stone Edge|p1a: Pelipper\n|-supereffective|p1a: Pelipper\n|-damage|p1a: Pelipper|0 fnt\n|faint|p1a: Pelipper\n|\n|-weather|Sandstorm|[upkeep]\n|upkeep\n|\n|t:|1699477588\n|switch|p1a: Milotic|Milotic, F|100\/100\n|-damage|p1a: Milotic|88\/100|[from] Stealth Rock\n|turn|2\n|inactive|Battle timer is ON: inactive players will automatically lose when time's up. (requested by Jayaya)\n|\n|t:|1699477613\n|move|p1a: Milotic|Rain Dance|p1a: Milotic\n|-weather|RainDance\n|move|p1b: Magnezone|Flash Cannon|p2b: Tyranitar\n|-supereffective|p2b: Tyranitar\n|-damage|p2b: Tyranitar|0 fnt\n|faint|p2b: Tyranitar\n|move|p2a: Onix|Rock Tomb|p1a: Milotic\n|-damage|p1a: Milotic|79\/100\n|-unboost|p1a: Milotic|spe|1\n|-ability|p1a: Milotic|Competitive|boost\n|-boost|p1a: Milotic|spa|2\n|\n|-weather|RainDance|[upkeep]\n|upkeep\n|c|\u2606PBJK|o\n|\n|t:|1699477630\n|switch|p2b: Golem|Golem, M|100\/100\n|turn|3\n|\n|t:|1699477652\n|move|p2a: Onix|Protect|p2a: Onix\n|-singleturn|p2a: Onix|Protect\n|move|p1b: Magnezone|Flash Cannon|p2a: Onix\n|-activate|p2a: Onix|move: Protect\n|move|p1a: Milotic|Scald|p2b: Golem\n|-supereffective|p2b: Golem\n|-damage|p2b: Golem|0 fnt\n|faint|p2b: Golem\n|\n|-weather|RainDance|[upkeep]\n|upkeep\n|\n|t:|1699477664\n|switch|p2b: Aerodactyl|Aerodactyl, F|100\/100\n|-ability|p2b: Aerodactyl|Pressure\n|turn|4\n|\n|t:|1699477676\n|switch|p1b: Hydreigon|Hydreigon, M|100\/100\n|-damage|p1b: Hydreigon|88\/100|[from] Stealth Rock\n|switch|p1a: Drifblim|Drifblim, M|100\/100\n|-damage|p1a: Drifblim|76\/100|[from] Stealth Rock\n|detailschange|p2b: Aerodactyl|Aerodactyl-Mega, F\n|-mega|p2b: Aerodactyl|Aerodactyl|Aerodactylite\n|move|p2b: Aerodactyl|Dual Wingbeat|p1a: Drifblim\n|-damage|p1a: Drifblim|30\/100\n|-damage|p1a: Drifblim|0 fnt\n|faint|p1a: Drifblim\n|-hitcount|p1: Drifblim|2\n|move|p2a: Onix|Dragon Tail|p1b: Hydreigon\n|-supereffective|p1b: Hydreigon\n|-damage|p1b: Hydreigon|70\/100\n|drag|p1b: Milotic|Milotic, F|79\/100\n|-damage|p1b: Milotic|67\/100|[from] Stealth Rock\n|\n|-weather|RainDance|[upkeep]\n|-sideend|p1: Jayaya|move: Tailwind\n|upkeep\n|\n|t:|1699477697\n|switch|p1a: Ludicolo|Ludicolo, F|100\/100\n|-damage|p1a: Ludicolo|88\/100|[from] Stealth Rock\n|turn|5\n|\n|t:|1699477714\n|move|p1a: Ludicolo|Giga Drain|p2a: Onix\n|-supereffective|p2a: Onix\n|-ability|p2a: Onix|Sturdy\n|-damage|p2a: Onix|1\/100\n|-heal|p1a: Ludicolo|100\/100|[from] drain|[of] p2a: Onix\n|move|p2b: Aerodactyl|Dual Wingbeat|p1a: Ludicolo|[miss]\n|-miss|p2b: Aerodactyl|p1a: Ludicolo\n|move|p1b: Milotic|Recover|p1b: Milotic\n|-heal|p1b: Milotic|100\/100\n|move|p2a: Onix|Dragon Tail|p1b: Milotic\n|-damage|p1b: Milotic|94\/100\n|drag|p1b: Magnezone|Magnezone|100\/100\n|-damage|p1b: Magnezone|94\/100|[from] Stealth Rock\n|\n|-weather|RainDance|[upkeep]\n|upkeep\n|turn|6\n|\n|t:|1699477739\n|move|p1a: Ludicolo|Energy Ball|p2b: Aerodactyl\n|-damage|p2b: Aerodactyl|51\/100\n|-unboost|p2b: Aerodactyl|spd|1\n|move|p2b: Aerodactyl|Dual Wingbeat|p1a: Ludicolo\n|-supereffective|p1a: Ludicolo\n|-damage|p1a: Ludicolo|1\/100\n|-supereffective|p1a: Ludicolo\n|-damage|p1a: Ludicolo|0 fnt\n|faint|p1a: Ludicolo\n|-hitcount|p1: Ludicolo|2\n|move|p1b: Magnezone|Thunder|p2b: Aerodactyl\n|-supereffective|p2b: Aerodactyl\n|-damage|p2b: Aerodactyl|0 fnt\n|faint|p2b: Aerodactyl\n|move|p2a: Onix|Dragon Tail|p1b: Magnezone\n|-resisted|p1b: Magnezone\n|-damage|p1b: Magnezone|91\/100\n|drag|p1b: Milotic|Milotic, F|94\/100\n|-damage|p1b: Milotic|82\/100|[from] Stealth Rock\n|\n|-weather|RainDance|[upkeep]\n|upkeep\n|\n|t:|1699477757\n|switch|p2b: Kleavor|Kleavor, F|100\/100\n|switch|p1a: Hydreigon|Hydreigon, M|70\/100\n|-damage|p1a: Hydreigon|58\/100|[from] Stealth Rock\n|turn|7\n|\n|t:|1699477782\n|move|p1a: Hydreigon|Draco Meteor|p2a: Onix\n|-damage|p2a: Onix|0 fnt\n|-unboost|p1a: Hydreigon|spa|2\n|faint|p2a: Onix\n|move|p2b: Kleavor|U-turn|p1a: Hydreigon\n|-supereffective|p1a: Hydreigon\n|-damage|p1a: Hydreigon|0 fnt\n|faint|p1a: Hydreigon\n|\n|t:|1699477790\n|switch|p2b: Arcanine|Arcanine-Hisui, F|100\/100|[from] U-turn\n|-ability|p2b: Arcanine|Intimidate|boost\n|-unboost|p1b: Milotic|atk|1\n|-ability|p1b: Milotic|Competitive|boost\n|-boost|p1b: Milotic|spa|2\n|move|p1b: Milotic|Scald|p2b: Arcanine\n|-supereffective|p2b: Arcanine\n|-damage|p2b: Arcanine|0 fnt\n|faint|p2b: Arcanine\n|\n|-weather|RainDance|[upkeep]\n|upkeep\n|\n|t:|1699477804\n|switch|p1a: Magnezone|Magnezone|91\/100\n|switch|p2a: Kleavor|Kleavor, F|100\/100\n|-damage|p1a: Magnezone|84\/100|[from] Stealth Rock\n|turn|8\n|c|\u2606PBJK|gg\n|\n|t:|1699477817\n|move|p2a: Kleavor|Close Combat|p1a: Magnezone\n|-supereffective|p1a: Magnezone\n|-damage|p1a: Magnezone|12\/100\n|-unboost|p2a: Kleavor|def|1\n|-unboost|p2a: Kleavor|spd|1\n|move|p1b: Milotic|Scald|p2a: Kleavor\n|-supereffective|p2a: Kleavor\n|-damage|p2a: Kleavor|0 fnt\n|faint|p2a: Kleavor\n|\n|win|Jayaya\n|raw|Jayaya's rating: 1000 &rarr; <strong>1044<\/strong><br \/>(+44 for winning)\n|raw|PBJK's rating: 1036 &rarr; <strong>1019<\/strong><br \/>(-17 for losing)\n|l|\u2606PBJK\n","uploadtime":1699477834,"views":9,"p1id":"jayaya","p2id":"pbjk","formatid":"gen9nationaldexdoubles","rating":1019,"private":0,"password":""}