{"id":"gen9nationaldexdoubles-1978477783","p1":"Hellothisisatest","p2":"El Ryuk456","format":"[Gen 9] National Dex Doubles","log":"|j|\u2606Hellothisisatest\n|j|\u2606El Ryuk456\n|t:|1698544089\n|gametype|doubles\n|player|p1|Hellothisisatest|2|1257\n|player|p2|El Ryuk456|ingo|1386\n|teamsize|p1|6\n|teamsize|p2|6\n|gen|9\n|tier|[Gen 9] National Dex Doubles\n|rated|\n|rule|HP Percentage Mod: HP is shown in percentages\n|rule|Endless Battle Clause: Forcing endless battles is banned\n|rule|OHKO Clause: OHKO moves are banned\n|rule|Evasion Moves Clause: Evasion moves are banned\n|rule|Evasion Abilities Clause: Evasion abilities are banned\n|rule|Species Clause: Limit one of each Pok\u00e9mon\n|rule|Gravity Sleep Clause: The combination of sleep-inducing moves with imperfect accuracy and Gravity or Gigantamax Orbeetle are banned\n|clearpoke\n|poke|p1|Chi-Yu|\n|poke|p1|Flutter Mane|\n|poke|p1|Basculegion, M|\n|poke|p1|Chien-Pao|\n|poke|p1|Dracovish|\n|poke|p1|Meowscarada, F|\n|poke|p2|Thundurus-Therian, M|\n|poke|p2|Latias, F|\n|poke|p2|Pelipper, M|\n|poke|p2|Blastoise, M|\n|poke|p2|Gardevoir, F|\n|poke|p2|Meowscarada, M|\n|teampreview\n|c|\u2606Hellothisisatest|Good luck\n|c|\u2606El Ryuk456|good luck\n|\n|t:|1698544131\n|start\n|switch|p1a: Chi-Yu|Chi-Yu|100\/100\n|switch|p1b: Flutter Mane|Flutter Mane|100\/100\n|switch|p2a: Mine Mine|Pelipper, M|100\/100\n|switch|p2b: Thundurus|Thundurus-Therian, M|100\/100\n|-ability|p1a: Chi-Yu|Beads of Ruin\n|-weather|RainDance|[from] ability: Drizzle|[of] p2a: Mine Mine\n|-enditem|p1b: Flutter Mane|Booster Energy\n|-activate|p1b: Flutter Mane|ability: Protosynthesis|[fromitem]\n|-start|p1b: Flutter Mane|protosynthesisspa\n|turn|1\n|l|\u2606Hellothisisatest\n|player|p1|\n|j|\u2606Hellothisisatest\n|player|p1|Hellothisisatest|2\n|\n|t:|1698544139\n|move|p2a: Mine Mine|Wide Guard|p2a: Mine Mine\n|-singleturn|p2a: Mine Mine|Wide Guard\n|move|p1b: Flutter Mane|Dazzling Gleam|p2a: Mine Mine|[spread] \n|-activate|p2a: Mine Mine|move: Wide Guard\n|-activate|p2b: Thundurus|move: Wide Guard\n|move|p2b: Thundurus|Wildbolt Storm|p1b: Flutter Mane|[spread] p1a,p1b\n|-damage|p1a: Chi-Yu|36\/100\n|-damage|p1b: Flutter Mane|18\/100\n|move|p1a: Chi-Yu|Heat Wave|p2b: Thundurus|[spread] \n|-activate|p2a: Mine Mine|move: Wide Guard\n|-activate|p2b: Thundurus|move: Wide Guard\n|\n|-weather|RainDance|[upkeep]\n|upkeep\n|turn|2\n|\n|t:|1698544161\n|move|p2a: Mine Mine|Wide Guard|p2a: Mine Mine\n|-singleturn|p2a: Mine Mine|Wide Guard\n|move|p1b: Flutter Mane|Moonblast|p2a: Mine Mine\n|-damage|p2a: Mine Mine|0 fnt\n|faint|p2a: Mine Mine\n|move|p2b: Thundurus|Wildbolt Storm|p1b: Flutter Mane|[spread] p1a,p1b\n|-crit|p1a: Chi-Yu\n|-damage|p1a: Chi-Yu|0 fnt\n|-damage|p1b: Flutter Mane|0 fnt\n|faint|p1a: Chi-Yu\n|faint|p1b: Flutter Mane\n|-end|p1b: Flutter Mane|Protosynthesis|[silent]\n|\n|-weather|RainDance|[upkeep]\n|upkeep\n|\n|t:|1698544186\n|switch|p1b: Meowscarada|Meowscarada, F|100\/100\n|switch|p1a: Dracovish|Dracovish|100\/100\n|switch|p2a: Harbor|Blastoise, M|100\/100\n|turn|3\n|\n|t:|1698544198\n|-terastallize|p1a: Dracovish|Water\n|-terastallize|p2a: Harbor|Poison\n|move|p2a: Harbor|Fake Out|p1a: Dracovish\n|-damage|p1a: Dracovish|94\/100\n|move|p1b: Meowscarada|Flower Trick|p2a: Harbor\n|-resisted|p2a: Harbor\n|-crit|p2a: Harbor\n|-damage|p2a: Harbor|82\/100\n|-damage|p1b: Meowscarada|91\/100|[from] item: Life Orb\n|move|p2b: Thundurus|Wildbolt Storm|p1a: Dracovish|[spread] p1a,p1b\n|-supereffective|p1a: Dracovish\n|-resisted|p1b: Meowscarada\n|-damage|p1a: Dracovish|0 fnt\n|-damage|p1b: Meowscarada|49\/100\n|faint|p1a: Dracovish\n|\n|-weather|RainDance|[upkeep]\n|-heal|p2a: Harbor|88\/100|[from] ability: Rain Dish\n|-heal|p2a: Harbor|94\/100|[from] item: Leftovers\n|upkeep\n|inactive|Battle timer is ON: inactive players will automatically lose when time's up. (requested by El Ryuk456)\n|\n|t:|1698544219\n|switch|p1a: Chien-Pao|Chien-Pao|100\/100\n|-ability|p1a: Chien-Pao|Sword of Ruin\n|turn|4\n|\n|t:|1698544233\n|move|p2a: Harbor|Follow Me|p2a: Harbor\n|-singleturn|p2a: Harbor|move: Follow Me\n|move|p1a: Chien-Pao|Crunch|p2a: Harbor\n|-damage|p2a: Harbor|44\/100\n|-unboost|p2a: Harbor|def|1\n|-damage|p1a: Chien-Pao|91\/100|[from] item: Life Orb\n|move|p1b: Meowscarada|Energy Ball|p2a: Harbor\n|-resisted|p2a: Harbor\n|-damage|p2a: Harbor|27\/100\n|-damage|p1b: Meowscarada|39\/100|[from] item: Life Orb\n|move|p2b: Thundurus|Wildbolt Storm|p1a: Chien-Pao|[spread] p1a,p1b\n|-resisted|p1b: Meowscarada\n|-damage|p1a: Chien-Pao|0 fnt\n|-damage|p1b: Meowscarada|0 fnt\n|faint|p1a: Chien-Pao\n|faint|p1b: Meowscarada\n|\n|-weather|RainDance|[upkeep]\n|-heal|p2a: Harbor|33\/100|[from] ability: Rain Dish\n|-heal|p2a: Harbor|39\/100|[from] item: Leftovers\n|upkeep\n|\n|t:|1698544255\n|switch|p1b: Basculegion|Basculegion, M|100\/100\n|turn|5\n|\n|t:|1698544259\n|move|p2a: Harbor|Follow Me|p2a: Harbor\n|-singleturn|p2a: Harbor|move: Follow Me\n|move|p1b: Basculegion|Last Respects|p2a: Harbor\n|-damage|p2a: Harbor|0 fnt\n|faint|p2a: Harbor\n|-damage|p1b: Basculegion|91\/100|[from] item: Life Orb\n|move|p2b: Thundurus|Wildbolt Storm|p1b: Basculegion\n|-supereffective|p1b: Basculegion\n|-damage|p1b: Basculegion|0 fnt\n|faint|p1b: Basculegion\n|\n|win|El Ryuk456\n|raw|Hellothisisatest's rating: 1257 &rarr; <strong>1241<\/strong><br \/>(-16 for losing)\n|raw|El Ryuk456's rating: 1386 &rarr; <strong>1399<\/strong><br \/>(+13 for winning)\n","uploadtime":1698544271,"views":13,"p1id":"hellothisisatest","p2id":"elryuk456","formatid":"gen9nationaldexdoubles","rating":1241,"private":0,"password":""}