{"id":"gen9nationaldexdoubles-1952606420","p1":"projecthorror","p2":"Mokaccino321","format":"[Gen 9] National Dex Doubles","log":"|j|\u2606projecthorror\n|j|\u2606Mokaccino321\n|t:|1695702836\n|gametype|doubles\n|player|p1|projecthorror|102|1135\n|player|p2|Mokaccino321|170|1453\n|teamsize|p1|6\n|teamsize|p2|6\n|gen|9\n|tier|[Gen 9] National Dex Doubles\n|rated|\n|rule|HP Percentage Mod: HP is shown in percentages\n|rule|Endless Battle Clause: Forcing endless battles is banned\n|rule|OHKO Clause: OHKO moves are banned\n|rule|Evasion Moves Clause: Evasion moves are banned\n|rule|Evasion Abilities Clause: Evasion abilities are banned\n|rule|Species Clause: Limit one of each Pok\u00e9mon\n|rule|Gravity Sleep Clause: The combination of sleep-inducing moves with imperfect accuracy and Gravity or Gigantamax Orbeetle are banned\n|clearpoke\n|poke|p1|Gardevoir, F|\n|poke|p1|Gliscor, F|\n|poke|p1|Diancie|\n|poke|p1|Morpeko, F|\n|poke|p1|Azumarill, M|\n|poke|p1|Ambipom, F|\n|poke|p2|Cradily, M|\n|poke|p2|Aerodactyl, M|\n|poke|p2|Arcanine-Hisui, F|\n|poke|p2|Nihilego|\n|poke|p2|Tyranitar, M|\n|poke|p2|Aggron, M|\n|teampreview\n|\n|t:|1695702846\n|start\n|switch|p1a: Gliscor|Gliscor, F|100\/100\n|switch|p1b: Diancie|Diancie|100\/100\n|switch|p2a: Aerodactyl|Aerodactyl, M|100\/100\n|switch|p2b: Nihilego|Nihilego|100\/100\n|-ability|p2a: Aerodactyl|Unnerve\n|turn|1\n|inactive|Battle timer is ON: inactive players will automatically lose when time's up. (requested by projecthorror)\n|\n|t:|1695702876\n|move|p2b: Nihilego|Protect|p2b: Nihilego\n|-singleturn|p2b: Nihilego|Protect\n|move|p2a: Aerodactyl|Tailwind|p2a: Aerodactyl\n|-sidestart|p2: Mokaccino321|move: Tailwind\n|move|p1a: Gliscor|Swords Dance|p1a: Gliscor\n|-boost|p1a: Gliscor|atk|2\n|move|p1b: Diancie|Trick Room|p1b: Diancie\n|-fieldstart|move: Trick Room|[of] p1b: Diancie\n|\n|-status|p1a: Gliscor|tox|[from] item: Toxic Orb\n|upkeep\n|turn|2\n|c|\u2606projecthorror|thx\n|\n|t:|1695702897\n|-terastallize|p2b: Nihilego|Flying\n|move|p2a: Aerodactyl|Wide Guard|p2a: Aerodactyl\n|-singleturn|p2a: Aerodactyl|Wide Guard\n|move|p1b: Diancie|Diamond Storm|p2b: Nihilego|[spread] \n|-activate|p2a: Aerodactyl|move: Wide Guard\n|-activate|p2b: Nihilego|move: Wide Guard\n|move|p1a: Gliscor|Earthquake|p2b: Nihilego|[spread] p1b\n|-activate|p2a: Aerodactyl|move: Wide Guard\n|-activate|p2b: Nihilego|move: Wide Guard\n|-supereffective|p1b: Diancie\n|-damage|p1b: Diancie|0 fnt\n|faint|p1b: Diancie\n|move|p2b: Nihilego|Meteor Beam||[still]\n|-prepare|p2b: Nihilego|Meteor Beam\n|-boost|p2b: Nihilego|spa|1\n|-enditem|p2b: Nihilego|Power Herb\n|-anim|p2b: Nihilego|Meteor Beam|p1a: Gliscor\n|-damage|p1a: Gliscor|0 fnt\n|faint|p1a: Gliscor\n|-ability|p2b: Nihilego|Beast Boost|boost\n|-boost|p2b: Nihilego|spa|1\n|\n|upkeep\n|inactive|projecthorror has 120 seconds left.\n|\n|t:|1695702917\n|switch|p1b: Ambipom|Ambipom, F|100\/100\n|switch|p1a: Morpeko|Morpeko, F|100\/100\n|turn|3\n|\n|t:|1695702944\n|move|p2b: Nihilego|Protect|p2b: Nihilego\n|-singleturn|p2b: Nihilego|Protect\n|move|p1b: Ambipom|Fake Out|p2a: Aerodactyl\n|-resisted|p2a: Aerodactyl\n|-damage|p2a: Aerodactyl|85\/100\n|move|p1a: Morpeko|Aura Wheel|p2b: Nihilego\n|-activate|p2b: Nihilego|move: Protect\n|cant|p2a: Aerodactyl|flinch\n|\n|-formechange|p1a: Morpeko|Morpeko-Hangry||[from] ability: Hunger Switch\n|upkeep\n|turn|4\n|inactive|projecthorror has 120 seconds left.\n|inactive|Mokaccino321 has 120 seconds left.\n|inactive|projecthorror has 90 seconds left.\n|\n|t:|1695703008\n|switch|p2b: Tyranitar|Tyranitar, M|100\/100\n|-weather|Sandstorm|[from] ability: Sand Stream|[of] p2b: Tyranitar\n|move|p1a: Morpeko|Aura Wheel|p2b: Tyranitar\n|-resisted|p2b: Tyranitar\n|-damage|p2b: Tyranitar|64\/100\n|-boost|p1a: Morpeko|spe|1\n|move|p1b: Ambipom|Power-Up Punch|p2a: Aerodactyl\n|-damage|p2a: Aerodactyl|61\/100\n|-boost|p1b: Ambipom|atk|1\n|move|p2a: Aerodactyl|Sky Drop||[still]\n|-prepare|p2a: Aerodactyl|Sky Drop|p1a: Morpeko\n|\n|-weather|Sandstorm|[upkeep]\n|-damage|p1b: Ambipom|94\/100|[from] Sandstorm\n|-damage|p1a: Morpeko|94\/100|[from] Sandstorm\n|-heal|p1b: Ambipom|100\/100|[from] item: Leftovers\n|-sideend|p2: Mokaccino321|move: Tailwind\n|-formechange|p1a: Morpeko|Morpeko||[from] ability: Hunger Switch\n|upkeep\n|turn|5\n|inactive|Mokaccino321 has 120 seconds left.\n|\n|t:|1695703039\n|move|p2b: Tyranitar|Earthquake|p1a: Morpeko|[spread] p1b\n|-miss|p2b: Tyranitar|p2a: Aerodactyl\n|-miss|p2b: Tyranitar|p1a: Morpeko\n|-damage|p1b: Ambipom|34\/100\n|move|p1b: Ambipom|Power-Up Punch|p2b: Tyranitar\n|-supereffective|p2b: Tyranitar\n|-damage|p2b: Tyranitar|0 fnt\n|-boost|p1b: Ambipom|atk|1\n|faint|p2b: Tyranitar\n|move|p2a: Aerodactyl|Sky Drop|p1a: Morpeko|[from]lockedmove\n|-resisted|p1a: Morpeko\n|-damage|p1a: Morpeko|73\/100\n|-end|p1a: Morpeko|Sky Drop\n|move|p1a: Morpeko|Aura Wheel|p2a: Aerodactyl\n|-supereffective|p2a: Aerodactyl\n|-damage|p2a: Aerodactyl|0 fnt\n|-boost|p1a: Morpeko|spe|1\n|faint|p2a: Aerodactyl\n|\n|-weather|Sandstorm|[upkeep]\n|-damage|p1b: Ambipom|28\/100|[from] Sandstorm\n|-damage|p1a: Morpeko|67\/100|[from] Sandstorm\n|-heal|p1b: Ambipom|34\/100|[from] item: Leftovers\n|-fieldend|move: Trick Room\n|-formechange|p1a: Morpeko|Morpeko-Hangry||[from] ability: Hunger Switch\n|upkeep\n|inactive|Mokaccino321 has 90 seconds left.\n|\n|t:|1695703064\n|switch|p2a: Arcanine|Arcanine-Hisui, F|100\/100\n|switch|p2b: Aggron|Aggron, M|100\/100\n|turn|6\n|inactive|projecthorror has 120 seconds left.\n|\n|t:|1695703082\n|detailschange|p2b: Aggron|Aggron-Mega, M\n|-mega|p2b: Aggron|Aggron|Aggronite\n|move|p2a: Arcanine|Extreme Speed|p1b: Ambipom\n|-crit|p1b: Ambipom\n|-damage|p1b: Ambipom|0 fnt\n|faint|p1b: Ambipom\n|move|p1a: Morpeko|Aura Wheel|p2a: Arcanine\n|-damage|p2a: Arcanine|10\/100\n|-boost|p1a: Morpeko|spe|1\n|move|p2b: Aggron|Body Press|p1a: Morpeko\n|-supereffective|p1a: Morpeko\n|-damage|p1a: Morpeko|0 fnt\n|faint|p1a: Morpeko\n|\n|-weather|Sandstorm|[upkeep]\n|upkeep\n|\n|t:|1695703090\n|switch|p1b: Azumarill|Azumarill, M|100\/100\n|switch|p1a: Gardevoir|Gardevoir, F|100\/100\n|turn|7\n|\n|t:|1695703105\n|switch|p2a: Cradily|Cradily, M|100\/100\n|move|p1a: Gardevoir|Calm Mind|p1a: Gardevoir\n|-boost|p1a: Gardevoir|spa|1\n|-boost|p1a: Gardevoir|spd|1\n|move|p2b: Aggron|Heavy Slam|p1a: Gardevoir\n|-supereffective|p1a: Gardevoir\n|-damage|p1a: Gardevoir|0 fnt\n|faint|p1a: Gardevoir\n|move|p1b: Azumarill|Belly Drum|p1b: Azumarill\n|-damage|p1b: Azumarill|51\/100\n|-setboost|p1b: Azumarill|atk|6|[from] move: Belly Drum\n|\n|-weather|Sandstorm|[upkeep]\n|-damage|p1b: Azumarill|44\/100|[from] Sandstorm\n|-enditem|p1b: Azumarill|Sitrus Berry|[eat]\n|-heal|p1b: Azumarill|69\/100|[from] item: Sitrus Berry\n|upkeep\n|turn|8\n|c|\u2606projecthorror|well that sucked\n|\n|t:|1695703126\n|move|p2b: Aggron|Heavy Slam|p1b: Azumarill\n|-damage|p1b: Azumarill|13\/100\n|move|p1b: Azumarill|Ice Spinner|p2a: Cradily\n|-supereffective|p2a: Cradily\n|-damage|p2a: Cradily|0 fnt\n|faint|p2a: Cradily\n|\n|-weather|none\n|upkeep\n|\n|t:|1695703133\n|switch|p2a: Arcanine|Arcanine-Hisui, F|10\/100\n|turn|9\n|\n|t:|1695703139\n|move|p2a: Arcanine|Extreme Speed|p1b: Azumarill\n|-damage|p1b: Azumarill|0 fnt\n|faint|p1b: Azumarill\n|\n|win|Mokaccino321\n|raw|projecthorror's rating: 1135 &rarr; <strong>1128<\/strong><br \/>(-7 for losing)\n|raw|Mokaccino321's rating: 1453 &rarr; <strong>1459<\/strong><br \/>(+6 for winning)\n|c|\u2606projecthorror|ggs\n|c|\u2606Mokaccino321|gg\n|c|\u2606projecthorror|man\n|c|\u2606projecthorror|ur the first to beat this team\n|c|\u2606Mokaccino321|o\n|c|\u2606Mokaccino321|pog\n|c|\u2606Mokaccino321|ty c:\n|c|\u2606projecthorror|i though i was gonna sweep cuz rock\n|c|\u2606projecthorror|TwT\n|c|\u2606Mokaccino321|hahaha :'3 gg ~\n","uploadtime":1695703187,"views":9,"p1id":"projecthorror","p2id":"mokaccino321","formatid":"gen9nationaldexdoubles","rating":1128,"private":0,"password":""}