{"id":"gen9nationaldexdoubles-1953921691","p1":"Kaxxxx","p2":"Gamer00ooO","format":"[Gen 9] National Dex Doubles","log":"|j|\u2606Kaxxxx\n|j|\u2606Gamer00ooO\n|t:|1695838376\n|gametype|doubles\n|player|p1|Kaxxxx|steven|\n|player|p2|Gamer00ooO|266|\n|teamsize|p1|6\n|teamsize|p2|6\n|gen|9\n|tier|[Gen 9] National Dex Doubles\n|rule|HP Percentage Mod: HP is shown in percentages\n|rule|Endless Battle Clause: Forcing endless battles is banned\n|rule|OHKO Clause: OHKO moves are banned\n|rule|Evasion Moves Clause: Evasion moves are banned\n|rule|Evasion Abilities Clause: Evasion abilities are banned\n|rule|Species Clause: Limit one of each Pok\u00e9mon\n|rule|Gravity Sleep Clause: The combination of sleep-inducing moves with imperfect accuracy and Gravity or Gigantamax Orbeetle are banned\n|clearpoke\n|poke|p1|Tyranitar, M|\n|poke|p1|Ogerpon-Cornerstone, F|\n|poke|p1|Arcanine-Hisui, F|\n|poke|p1|Shuckle, M|\n|poke|p1|Aerodactyl, M|\n|poke|p1|Nihilego|\n|poke|p2|Grimmsnarl, M|\n|poke|p2|Diancie|\n|poke|p2|Klefki, F|\n|poke|p2|Azumarill, M|\n|poke|p2|Sylveon, F|\n|poke|p2|Iron Valiant|\n|teampreview\n|j| XMarcosPr710\n|\n|t:|1695838386\n|start\n|switch|p1a: zilla|Tyranitar, M|100\/100\n|switch|p1b: Shuck|Shuckle, M|100\/100\n|switch|p2a: Grimmsnarl|Grimmsnarl, M|100\/100\n|switch|p2b: Diancie|Diancie|100\/100\n|-weather|Sandstorm|[from] ability: Sand Stream|[of] p1a: zilla\n|turn|1\n|\n|t:|1695838404\n|switch|p1a: Nihilego|Nihilego|100\/100\n|move|p2a: Grimmsnarl|Reflect|p2a: Grimmsnarl\n|-sidestart|p2: Gamer00ooO|Reflect\n|move|p2b: Diancie|Diamond Storm|p1a: Nihilego|[spread] p1a,p1b\n|-supereffective|p1b: Shuck\n|-damage|p1a: Nihilego|57\/100\n|-damage|p1b: Shuck|71\/100\n|move|p1b: Shuck|Sticky Web|p2a: Grimmsnarl\n|-sidestart|p2: Gamer00ooO|move: Sticky Web\n|\n|-weather|Sandstorm|[upkeep]\n|-damage|p2a: Grimmsnarl|94\/100|[from] Sandstorm\n|-heal|p2a: Grimmsnarl|100\/100|[from] item: Leftovers\n|-heal|p1b: Shuck|77\/100|[from] item: Leftovers\n|upkeep\n|turn|2\n|j| fifier\n|\n|t:|1695838418\n|move|p2a: Grimmsnarl|Light Screen|p2a: Grimmsnarl\n|-sidestart|p2: Gamer00ooO|move: Light Screen\n|move|p1a: Nihilego|Sludge Wave|p2a: Grimmsnarl|[spread] p1b,p2a,p2b\n|-resisted|p1b: Shuck\n|-supereffective|p2a: Grimmsnarl\n|-damage|p1b: Shuck|66\/100\n|-damage|p2a: Grimmsnarl|25\/100\n|-damage|p2b: Diancie|79\/100\n|-status|p1b: Shuck|psn\n|move|p2b: Diancie|Diamond Storm|p1a: Nihilego|[spread] p1a,p1b\n|-supereffective|p1b: Shuck\n|-damage|p1a: Nihilego|11\/100\n|-damage|p1b: Shuck|36\/100 psn\n|move|p1b: Shuck|Rock Slide|p2b: Diancie|[spread] p2a,p2b\n|-damage|p2a: Grimmsnarl|22\/100\n|-damage|p2b: Diancie|77\/100\n|\n|-weather|Sandstorm|[upkeep]\n|-damage|p2a: Grimmsnarl|16\/100|[from] Sandstorm\n|-heal|p2a: Grimmsnarl|22\/100|[from] item: Leftovers\n|-heal|p2b: Diancie|83\/100|[from] item: Leftovers\n|-heal|p1b: Shuck|42\/100 psn|[from] item: Leftovers\n|-damage|p1b: Shuck|30\/100 psn|[from] psn\n|upkeep\n|turn|3\n|c| fifier|XD\n|\n|t:|1695838441\n|move|p1a: Nihilego|Sludge Wave|p2b: Diancie|[spread] p1b,p2a,p2b\n|-resisted|p1b: Shuck\n|-supereffective|p2a: Grimmsnarl\n|-damage|p1b: Shuck|18\/100 psn\n|-damage|p2a: Grimmsnarl|0 fnt\n|-damage|p2b: Diancie|61\/100\n|faint|p2a: Grimmsnarl\n|-ability|p1a: Nihilego|Beast Boost|boost\n|-boost|p1a: Nihilego|spa|1\n|move|p2b: Diancie|Body Press|p1b: Shuck\n|-damage|p1b: Shuck|0 fnt\n|faint|p1b: Shuck\n|\n|-weather|Sandstorm|[upkeep]\n|-heal|p2b: Diancie|68\/100|[from] item: Leftovers\n|upkeep\n|c|\u2606Kaxxxx|Fuck fiance\n|c|\u2606Kaxxxx|Diance*\n|\n|t:|1695838460\n|switch|p2a: Azumarill|Azumarill, M|100\/100\n|switch|p1b: Arca|Arcanine-Hisui, F|100\/100\n|-ability|p1b: Arca|Intimidate|boost\n|-unboost|p2a: Azumarill|atk|1\n|-fail|p2b: Diancie|unboost|[from] ability: Clear Body|[of] p2b: Diancie\n|-activate|p2a: Azumarill|move: Sticky Web\n|-unboost|p2a: Azumarill|spe|1\n|turn|4\n|\n|t:|1695838475\n|switch|p1b: zilla|Tyranitar, M|100\/100\n|move|p2b: Diancie|Protect|p2b: Diancie\n|-singleturn|p2b: Diancie|Protect\n|move|p2a: Azumarill|Aqua Jet|p1a: Nihilego\n|-supereffective|p1a: Nihilego\n|-damage|p1a: Nihilego|0 fnt\n|faint|p1a: Nihilego\n|-damage|p2a: Azumarill|91\/100|[from] item: Life Orb\n|\n|-weather|Sandstorm|[upkeep]\n|-damage|p2a: Azumarill|84\/100|[from] Sandstorm\n|-heal|p2b: Diancie|74\/100|[from] item: Leftovers\n|upkeep\n|\n|t:|1695838485\n|switch|p1a: Ogerpon|Ogerpon-Cornerstone, F|100\/100\n|turn|5\n|\n|t:|1695838501\n|move|p2a: Azumarill|Aqua Jet|p1b: zilla\n|-supereffective|p1b: zilla\n|-damage|p1b: zilla|88\/100\n|-damage|p2a: Azumarill|74\/100|[from] item: Life Orb\n|move|p1a: Ogerpon|Leech Seed|p2b: Diancie\n|-start|p2b: Diancie|move: Leech Seed\n|move|p1b: zilla|Rock Slide|p2a: Azumarill|[spread] p2a,p2b\n|-damage|p2a: Azumarill|59\/100\n|-damage|p2b: Diancie|60\/100\n|move|p2b: Diancie|Diamond Storm|p1a: Ogerpon|[spread] p1a,p1b\n|-damage|p1a: Ogerpon|80\/100\n|-damage|p1b: zilla|67\/100\n|-boost|p2b: Diancie|def|2\n|\n|-weather|Sandstorm|[upkeep]\n|-damage|p2a: Azumarill|53\/100|[from] Sandstorm\n|-heal|p2b: Diancie|66\/100|[from] item: Leftovers\n|-damage|p2b: Diancie|54\/100|[from] Leech Seed|[of] p1a: Ogerpon\n|-heal|p1a: Ogerpon|88\/100|[silent]\n|-sideend|p2: Gamer00ooO|Reflect\n|upkeep\n|turn|6\n|\n|t:|1695838525\n|move|p1a: Ogerpon|Knock Off|p2b: Diancie\n|-resisted|p2b: Diancie\n|-damage|p2b: Diancie|47\/100\n|-enditem|p2b: Diancie|Leftovers|[from] move: Knock Off|[of] p1a: Ogerpon\n|move|p1b: zilla|Rock Slide|p2a: Azumarill|[spread] p2b\n|-miss|p1b: zilla|p2a: Azumarill\n|-damage|p2b: Diancie|36\/100\n|move|p2b: Diancie|Dazzling Gleam|p1a: Ogerpon|[spread] p1a,p1b\n|-supereffective|p1b: zilla\n|-damage|p1a: Ogerpon|75\/100\n|-damage|p1b: zilla|37\/100\n|move|p2a: Azumarill|Aqua Ring|p2a: Azumarill\n|-start|p2a: Azumarill|Aqua Ring\n|\n|-weather|Sandstorm|[upkeep]\n|-damage|p2a: Azumarill|47\/100|[from] Sandstorm\n|-heal|p2a: Azumarill|53\/100|[from] Aqua Ring\n|-damage|p2b: Diancie|24\/100|[from] Leech Seed|[of] p1a: Ogerpon\n|-heal|p1a: Ogerpon|83\/100|[silent]\n|-sideend|p2: Gamer00ooO|move: Light Screen\n|upkeep\n|turn|7\n|\n|t:|1695838550\n|move|p2a: Azumarill|Aqua Jet|p1b: zilla\n|-supereffective|p1b: zilla\n|-damage|p1b: zilla|23\/100\n|-damage|p2a: Azumarill|43\/100|[from] item: Life Orb\n|move|p1a: Ogerpon|Leech Seed|p2a: Azumarill\n|-ability|p2a: Azumarill|Sap Sipper|boost\n|-boost|p2a: Azumarill|atk|1\n|move|p1b: zilla|Rock Slide|p2b: Diancie|[spread] p2a,p2b\n|-crit|p2a: Azumarill\n|-damage|p2a: Azumarill|4\/100\n|-damage|p2b: Diancie|11\/100\n|move|p2b: Diancie|Diamond Storm|p1b: zilla|[spread] p1a,p1b\n|-damage|p1a: Ogerpon|63\/100\n|-damage|p1b: zilla|1\/100\n|-boost|p2b: Diancie|def|2\n|\n|-weather|Sandstorm|[upkeep]\n|-damage|p2a: Azumarill|0 fnt|[from] Sandstorm\n|faint|p2a: Azumarill\n|-damage|p2b: Diancie|0 fnt|[from] Leech Seed|[of] p1a: Ogerpon\n|-heal|p1a: Ogerpon|70\/100|[silent]\n|faint|p2b: Diancie\n|upkeep\n|c| fifier|kaks?\n|c|\u2606Kaxxxx|Q\n|c| fifier|pq haces eso\n|\n|t:|1695838576\n|switch|p2b: Sylveon|Sylveon, F|100\/100\n|switch|p2a: Iron Valiant|Iron Valiant|100\/100\n|-activate|p2a: Iron Valiant|move: Sticky Web\n|-unboost|p2a: Iron Valiant|spe|1\n|-activate|p2b: Sylveon|move: Sticky Web\n|-unboost|p2b: Sylveon|spe|1\n|turn|8\n|c|\u2606Kaxxxx|El k\n|c| XMarcosPr710|Qu\u00e9 ta haciendo kaks\n|c| fifier|leech sed\n|c| fifier|seed\n|c| fifier|al azu\n|\n|t:|1695838596\n|move|p1b: zilla|Protect|p1b: zilla\n|-singleturn|p1b: zilla|Protect\n|move|p1a: Ogerpon|Leech Seed|p2b: Sylveon\n|-start|p2b: Sylveon|move: Leech Seed\n|move|p2a: Iron Valiant|Drain Punch|p1a: Ogerpon\n|-supereffective|p1a: Ogerpon\n|-damage|p1a: Ogerpon|19\/100\n|move|p2b: Sylveon|Hyper Voice|p1a: Ogerpon|[spread] p1a\n|-activate|p1b: zilla|move: Protect\n|-damage|p1a: Ogerpon|0 fnt\n|faint|p1a: Ogerpon\n|\n|-weather|none\n|upkeep\n|c|\u2606Kaxxxx|Supuse que tendr\u00eda potencia\n|c|\u2606Kaxxxx|No he mirado su pokepaste xD\n|c| XMarcosPr710|Epico\n|c| fifier|;v\n|\n|t:|1695838616\n|switch|p1a: Arca|Arcanine-Hisui, F|100\/100\n|-ability|p1a: Arca|Intimidate|boost\n|-unboost|p2a: Iron Valiant|atk|1\n|-unboost|p2b: Sylveon|atk|1\n|turn|9\n|c| XMarcosPr710|Yo tampoco mire el de dicks\n|c| XMarcosPr710|Dids*\n|c| fifier|claro\n|\n|t:|1695838626\n|move|p1b: zilla|Rock Slide|p2b: Sylveon|[spread] p2a\n|-miss|p1b: zilla|p2b: Sylveon\n|-resisted|p2a: Iron Valiant\n|-damage|p2a: Iron Valiant|86\/100\n|move|p1a: Arca|Rock Slide|p2a: Iron Valiant|[spread] p2b\n|-miss|p1a: Arca|p2a: Iron Valiant\n|-damage|p2b: Sylveon|79\/100\n|move|p2a: Iron Valiant|Drain Punch|p1a: Arca\n|-supereffective|p1a: Arca\n|-damage|p1a: Arca|53\/100\n|-heal|p2a: Iron Valiant|100\/100|[from] drain|[of] p1a: Arca\n|move|p2b: Sylveon|Hyper Voice|p1a: Arca|[spread] p1a,p1b\n|-resisted|p1a: Arca\n|-supereffective|p1b: zilla\n|-damage|p1a: Arca|44\/100\n|-damage|p1b: zilla|0 fnt\n|faint|p1b: zilla\n|\n|-damage|p2b: Sylveon|66\/100|[from] Leech Seed|[of] p1a: Arca\n|-heal|p1a: Arca|54\/100|[silent]\n|upkeep\n|c| XMarcosPr710|Yo pensaba que ten\u00edas hielo XDDD\n|\n|t:|1695838638\n|switch|p1b: Aerodactyl|Aerodactyl, M|100\/100\n|turn|10\n|c| fifier|viste kaks que si sirve la defensa en el arca\n|\n|t:|1695838655\n|detailschange|p1b: Aerodactyl|Aerodactyl-Mega, M\n|-mega|p1b: Aerodactyl|Aerodactyl|Aerodactylite\n|move|p1b: Aerodactyl|Dual Wingbeat|p2a: Iron Valiant\n|-supereffective|p2a: Iron Valiant\n|-damage|p2a: Iron Valiant|47\/100\n|-supereffective|p2a: Iron Valiant\n|-damage|p2a: Iron Valiant|0 fnt\n|faint|p2a: Iron Valiant\n|-end|p2a: Iron Valiant|Quark Drive|[silent]\n|-hitcount|p2: Iron Valiant|2\n|move|p1a: Arca|Rock Slide|p2b: Sylveon\n|-damage|p2b: Sylveon|39\/100\n|move|p2b: Sylveon|Hyper Voice|p1b: Aerodactyl|[spread] p1a,p1b\n|-resisted|p1a: Arca\n|-damage|p1a: Arca|43\/100\n|-damage|p1b: Aerodactyl|60\/100\n|\n|-damage|p2b: Sylveon|26\/100|[from] Leech Seed|[of] p1a: Arca\n|-heal|p1a: Arca|54\/100|[silent]\n|upkeep\n|c| fifier|y tu q quieras llevarlo 252 en spdef\n|c|\u2606Kaxxxx|Nada se flichea nuncaaaa\n|\n|t:|1695838669\n|switch|p2a: Klefki|Klefki, F|100\/100\n|-item|p2a: Klefki|Air Balloon\n|turn|11\n|\n|t:|1695838682\n|move|p2a: Klefki|Reflect|p2a: Klefki\n|-sidestart|p2: Gamer00ooO|Reflect\n|move|p1b: Aerodactyl|Rock Slide|p2b: Sylveon|[spread] p2a,p2b\n|-resisted|p2a: Klefki\n|-damage|p2a: Klefki|90\/100\n|-damage|p2b: Sylveon|7\/100\n|-enditem|p2a: Klefki|Air Balloon\n|move|p1a: Arca|Flare Blitz|p2a: Klefki\n|-supereffective|p2a: Klefki\n|-damage|p2a: Klefki|28\/100\n|-damage|p1a: Arca|40\/100|[from] Recoil\n|move|p2b: Sylveon|Hyper Voice|p1b: Aerodactyl|[spread] p1a,p1b\n|-resisted|p1a: Arca\n|-damage|p1a: Arca|30\/100\n|-damage|p1b: Aerodactyl|17\/100\n|\n|-damage|p2b: Sylveon|0 fnt|[from] Leech Seed|[of] p1a: Arca\n|-heal|p1a: Arca|36\/100|[silent]\n|faint|p2b: Sylveon\n|upkeep\n|turn|12\n|\n|t:|1695838699\n|move|p1b: Aerodactyl|Fire Fang|p2a: Klefki\n|-supereffective|p2a: Klefki\n|-damage|p2a: Klefki|0 fnt\n|faint|p2a: Klefki\n|\n|win|Kaxxxx\n|c|\u2606Gamer00ooO|Gg\n|c|\u2606Kaxxxx|Gg\n","uploadtime":1695838711,"views":10,"p1id":"kaxxxx","p2id":"gamer00ooo","formatid":"gen9nationaldexdoubles","rating":0,"private":0,"password":""}