{"id":"gen9nationaldexdoubles-1979173626","p1":"I'mSuspecious)","p2":"Brick_Enjoyer_144","format":"[Gen 9] National Dex Doubles","log":"|j|\u2606I'mSuspecious)\n|j|\u2606Brick_Enjoyer_144\n|t:|1698643930\n|gametype|doubles\n|player|p1|I'mSuspecious)|wallace|1158\n|player|p2|Brick_Enjoyer_144|shauntal|1177\n|teamsize|p1|6\n|teamsize|p2|6\n|gen|9\n|tier|[Gen 9] National Dex Doubles\n|rated|\n|rule|HP Percentage Mod: HP is shown in percentages\n|rule|Endless Battle Clause: Forcing endless battles is banned\n|rule|OHKO Clause: OHKO moves are banned\n|rule|Evasion Moves Clause: Evasion moves are banned\n|rule|Evasion Abilities Clause: Evasion abilities are banned\n|rule|Species Clause: Limit one of each Pok\u00e9mon\n|rule|Gravity Sleep Clause: The combination of sleep-inducing moves with imperfect accuracy and Gravity or Gigantamax Orbeetle are banned\n|clearpoke\n|poke|p1|Amoonguss, F|\n|poke|p1|Fezandipiti, M|\n|poke|p1|Okidogi, M|\n|poke|p1|Overqwil, F|\n|poke|p1|Iron Moth|\n|poke|p1|Skuntank, M|\n|poke|p2|Spiritomb, M|\n|poke|p2|Escavalier, M|\n|poke|p2|Pincurchin, F|\n|poke|p2|Hatterene, F|\n|poke|p2|Primarina, M|\n|poke|p2|Porygon2|\n|teampreview\n|inactive|Battle timer is ON: inactive players will automatically lose when time's up. (requested by Brick_Enjoyer_144)\n|inactive|I'mSuspecious) has 120 seconds left.\n|\n|t:|1698643970\n|start\n|switch|p1a: Fezandipiti|Fezandipiti, M|100\/100\n|switch|p1b: Overqwil|Overqwil, F|100\/100\n|switch|p2a: Spiritomb|Spiritomb, M|100\/100\n|switch|p2b: Escavalier|Escavalier, M|100\/100\n|-ability|p1b: Overqwil|Intimidate|boost\n|-unboost|p2a: Spiritomb|atk|1\n|-unboost|p2b: Escavalier|atk|1\n|-ability|p2a: Spiritomb|Pressure\n|turn|1\n|inactive|I'mSuspecious) has 120 seconds left.\n|\n|t:|1698644008\n|move|p1b: Overqwil|Swords Dance|p1b: Overqwil\n|-boost|p1b: Overqwil|atk|2\n|move|p1a: Fezandipiti|U-turn|p2a: Spiritomb\n|-damage|p2a: Spiritomb|87\/100\n|\n|t:|1698644017\n|switch|p1a: Amoonguss|Amoonguss, F|100\/100|[from] U-turn\n|move|p2b: Escavalier|Swords Dance|p2b: Escavalier\n|-boost|p2b: Escavalier|atk|2\n|move|p2a: Spiritomb|Trick Room|p2a: Spiritomb\n|-fieldstart|move: Trick Room|[of] p2a: Spiritomb\n|\n|-heal|p2a: Spiritomb|93\/100|[from] item: Leftovers\n|upkeep\n|turn|2\n|\n|t:|1698644042\n|move|p1a: Amoonguss|Rage Powder|p1a: Amoonguss\n|-singleturn|p1a: Amoonguss|move: Rage Powder\n|move|p2b: Escavalier|Iron Head|p1b: Overqwil\n|-damage|p1b: Overqwil|22\/100\n|move|p2a: Spiritomb|Night Shade|p1a: Amoonguss\n|-damage|p1a: Amoonguss|77\/100\n|move|p1b: Overqwil|Crunch|p2a: Spiritomb\n|-damage|p2a: Spiritomb|4\/100\n|\n|-heal|p2a: Spiritomb|10\/100|[from] item: Leftovers\n|upkeep\n|turn|3\n|c|\u2606I'mSuspecious)|what\n|c|\u2606I'mSuspecious)|why\n|c|\u2606I'mSuspecious)|oovercoat\n|c|\u2606I'mSuspecious)|shit\n|c|\u2606I'mSuspecious)|should've known\n|inactive|I'mSuspecious) has 120 seconds left.\n|c|\u2606I'mSuspecious)|no wayyyy\n|inactive|I'mSuspecious) has 90 seconds left.\n|c|\u2606I'mSuspecious)|my amoongoos speed got reset\n|c|\u2606I'mSuspecious)|And now I lose\n|c|\u2606I'mSuspecious)|Love to see it\n|inactive|I'mSuspecious) has 60 seconds left.\n|\n|t:|1698644146\n|switch|p1b: Okidogi|Okidogi, M|100\/100\n|move|p2b: Escavalier|Iron Head|p1b: Okidogi\n|-damage|p1b: Okidogi|49\/100\n|move|p1a: Amoonguss|Pollen Puff|p1b: Okidogi\n|-heal|p1b: Okidogi|99\/100\n|move|p2a: Spiritomb|Night Shade|p1a: Amoonguss\n|-damage|p1a: Amoonguss|54\/100\n|\n|-heal|p2a: Spiritomb|16\/100|[from] item: Leftovers\n|upkeep\n|turn|4\n|inactive|I'mSuspecious) has 60 seconds left.\n|c|\u2606I'mSuspecious)|you should have pain split\n|\n|t:|1698644188\n|move|p2b: Escavalier|Iron Head|p1a: Amoonguss\n|-damage|p1a: Amoonguss|0 fnt\n|faint|p1a: Amoonguss\n|move|p2a: Spiritomb|Pain Split|p1b: Okidogi\n|-sethp|p1b: Okidogi|56\/100|[from] move: Pain Split|[silent]\n|-sethp|p2a: Spiritomb|69\/100|[from] move: Pain Split\n|move|p1b: Okidogi|Drain Punch|p2b: Escavalier\n|-damage|p2b: Escavalier|63\/100\n|-heal|p1b: Okidogi|74\/100|[from] drain|[of] p2b: Escavalier\n|\n|-heal|p2a: Spiritomb|75\/100|[from] item: Leftovers\n|upkeep\n|inactive|I'mSuspecious) has 30 seconds left.\n|\n|t:|1698644199\n|switch|p1a: Iron Moth|Iron Moth, shiny|100\/100\n|turn|5\n|\n|t:|1698644216\n|move|p1a: Iron Moth|Protect|p1a: Iron Moth\n|-singleturn|p1a: Iron Moth|Protect\n|move|p2b: Escavalier|Knock Off|p1a: Iron Moth\n|-activate|p1a: Iron Moth|move: Protect\n|move|p2a: Spiritomb|Night Shade|p1a: Iron Moth\n|-activate|p1a: Iron Moth|move: Protect\n|move|p1b: Okidogi|Knock Off|p2a: Spiritomb\n|-damage|p2a: Spiritomb|34\/100\n|-status|p2a: Spiritomb|tox|[from] ability: Toxic Chain|[of] p1b: Okidogi\n|-enditem|p2a: Spiritomb|Leftovers|[from] move: Knock Off|[of] p1b: Okidogi\n|\n|-damage|p2a: Spiritomb|28\/100 tox|[from] psn\n|-fieldend|move: Trick Room\n|upkeep\n|turn|6\n|inactive|I'mSuspecious) has 60 seconds left.\n|inactive|I'mSuspecious) has 30 seconds left.\n|\n|t:|1698644252\n|-terastallize|p1b: Okidogi|Bug\n|move|p1a: Iron Moth|Heat Wave|p2b: Escavalier|[spread] \n|-miss|p1a: Iron Moth|p2a: Spiritomb\n|-miss|p1a: Iron Moth|p2b: Escavalier\n|move|p1b: Okidogi|Tera Blast|p2a: Spiritomb|[anim] Tera Blast Bug\n|-damage|p2a: Spiritomb|0 fnt\n|faint|p2a: Spiritomb\n|move|p2b: Escavalier|Knock Off|p1a: Iron Moth\n|-damage|p1a: Iron Moth|7\/100\n|-enditem|p1a: Iron Moth|Focus Sash|[from] move: Knock Off|[of] p2b: Escavalier\n|\n|upkeep\n|c|\u2606I'mSuspecious)|yeahhh\n|c|\u2606I'mSuspecious)|That's so nice\n|c|\u2606I'mSuspecious)|Love to see it\n|\n|t:|1698644270\n|switch|p2a: Porygon2|Porygon2|100\/100\n|-ability|p2a: Porygon2|Toxic Chain|[from] ability: Trace|[of] p1b: Okidogi\n|turn|7\n|c|\u2606I'mSuspecious)|would have won\n|inactive|I'mSuspecious) has 30 seconds left.\n|inactive|I'mSuspecious) has 20 seconds left.\n|\n|t:|1698644310\n|move|p1a: Iron Moth|Heat Wave|p2b: Escavalier|[spread] p2a,p2b\n|-supereffective|p2b: Escavalier\n|-damage|p2a: Porygon2|75\/100\n|-damage|p2b: Escavalier|0 fnt\n|faint|p2b: Escavalier\n|move|p1b: Okidogi|Knock Off|p2a: Porygon2\n|-damage|p2a: Porygon2|58\/100\n|-enditem|p2a: Porygon2|Eviolite|[from] move: Knock Off|[of] p1b: Okidogi\n|move|p2a: Porygon2|Trick Room|p2a: Porygon2\n|-fieldstart|move: Trick Room|[of] p2a: Porygon2\n|\n|upkeep\n|inactive|I'mSuspecious) has 25 seconds left this turn.\n|\n|t:|1698644327\n|switch|p2b: Pincurchin|Pincurchin, F|100\/100\n|-fieldstart|move: Electric Terrain|[from] ability: Electric Surge|[of] p2b: Pincurchin\n|-activate|p1a: Iron Moth|ability: Quark Drive\n|-start|p1a: Iron Moth|quarkdrivespa\n|turn|8\n|\n|t:|1698644340\n|move|p1a: Iron Moth|Protect|p1a: Iron Moth\n|-singleturn|p1a: Iron Moth|Protect\n|move|p2b: Pincurchin|Zing Zap|p1a: Iron Moth\n|-activate|p1a: Iron Moth|move: Protect\n|move|p2a: Porygon2|Recover|p2a: Porygon2\n|-heal|p2a: Porygon2|100\/100\n|move|p1b: Okidogi|Drain Punch|p2a: Porygon2\n|-supereffective|p2a: Porygon2\n|-damage|p2a: Porygon2|40\/100\n|-heal|p1b: Okidogi|100\/100|[from] drain|[of] p2a: Porygon2\n|\n|upkeep\n|turn|9\n|inactive|I'mSuspecious) has 60 seconds left.\n|\n|t:|1698644370\n|-end|p1a: Iron Moth|Quark Drive|[silent]\n|switch|p1a: Overqwil|Overqwil, F|22\/100\n|-ability|p1a: Overqwil|Intimidate|boost\n|-unboost|p2a: Porygon2|atk|1\n|-unboost|p2b: Pincurchin|atk|1\n|move|p2b: Pincurchin|Zing Zap|p1b: Okidogi\n|-damage|p1b: Okidogi|75\/100\n|move|p2a: Porygon2|Recover|p2a: Porygon2\n|-heal|p2a: Porygon2|90\/100\n|cant|p1b: Okidogi|flinch\n|\n|upkeep\n|turn|10\n|inactive|I'mSuspecious) has 60 seconds left.\n|\n|t:|1698644400\n|move|p2b: Pincurchin|Zing Zap|p1a: Overqwil\n|-damage|p1a: Overqwil|0 fnt\n|faint|p1a: Overqwil\n|move|p2a: Porygon2|Foul Play|p1b: Okidogi\n|-damage|p1b: Okidogi|49\/100\n|-status|p1b: Okidogi|tox|[from] ability: Toxic Chain|[of] p2a: Porygon2\n|move|p1b: Okidogi|Drain Punch|p2a: Porygon2\n|-supereffective|p2a: Porygon2\n|-damage|p2a: Porygon2|29\/100\n|-heal|p1b: Okidogi|80\/100 tox|[from] drain|[of] p2a: Porygon2\n|-status|p2a: Porygon2|tox|[from] ability: Toxic Chain|[of] p1b: Okidogi\n|\n|-damage|p2a: Porygon2|22\/100 tox|[from] psn\n|-damage|p1b: Okidogi|74\/100 tox|[from] psn\n|upkeep\n|c|\u2606I'mSuspecious)|NO WAU\n|inactive|I'mSuspecious) has 30 seconds left.\n|\n|t:|1698644418\n|switch|p1a: Skuntank|Skuntank, M|100\/100\n|turn|11\n|\n|t:|1698644427\n|move|p1a: Skuntank|Protect|p1a: Skuntank\n|-singleturn|p1a: Skuntank|Protect\n|move|p2b: Pincurchin|Zing Zap|p1b: Okidogi\n|-damage|p1b: Okidogi|50\/100 tox\n|move|p2a: Porygon2|Recover|p2a: Porygon2\n|-heal|p2a: Porygon2|72\/100 tox\n|move|p1b: Okidogi|Drain Punch|p2a: Porygon2\n|-supereffective|p2a: Porygon2\n|-damage|p2a: Porygon2|10\/100 tox\n|-heal|p1b: Okidogi|81\/100 tox|[from] drain|[of] p2a: Porygon2\n|\n|-damage|p2a: Porygon2|0 fnt|[from] psn\n|faint|p2a: Porygon2\n|-damage|p1b: Okidogi|69\/100 tox|[from] psn\n|-fieldend|move: Trick Room\n|upkeep\n|c|\u2606I'mSuspecious)|yes\n|c|\u2606I'mSuspecious)|no trick room for bro\n|\n|t:|1698644453\n|switch|p2a: Hatterene|Hatterene, F|100\/100\n|turn|12\n|\n|t:|1698644466\n|move|p1a: Skuntank|Snarl|p2a: Hatterene|[spread] p2a,p2b\n|-damage|p2a: Hatterene|88\/100\n|-damage|p2b: Pincurchin|85\/100\n|-unboost|p2a: Hatterene|spa|1\n|-unboost|p2b: Pincurchin|spa|1\n|move|p1b: Okidogi|Knock Off|p2a: Hatterene\n|-damage|p2a: Hatterene|47\/100\n|-enditem|p2a: Hatterene|Choice Specs|[from] move: Knock Off|[of] p1b: Okidogi\n|move|p2a: Hatterene|Draining Kiss|p1b: Okidogi\n|-damage|p1b: Okidogi|54\/100 tox\n|-heal|p2a: Hatterene|60\/100|[from] drain|[of] p1b: Okidogi\n|move|p2b: Pincurchin|Zing Zap|p1b: Okidogi\n|-damage|p1b: Okidogi|28\/100 tox\n|\n|-damage|p1b: Okidogi|9\/100 tox|[from] psn\n|upkeep\n|turn|13\n|inactive|I'mSuspecious) has 90 seconds left.\n|\n|t:|1698644494\n|move|p1a: Skuntank|Snarl|p2a: Hatterene|[spread] p2a,p2b\n|-damage|p2a: Hatterene|49\/100\n|-damage|p2b: Pincurchin|71\/100\n|-unboost|p2a: Hatterene|spa|1\n|-unboost|p2b: Pincurchin|spa|1\n|move|p1b: Okidogi|Knock Off|p2b: Pincurchin\n|-damage|p2b: Pincurchin|30\/100\n|-enditem|p2b: Pincurchin|Terrain Extender|[from] move: Knock Off|[of] p1b: Okidogi\n|move|p2a: Hatterene|Draining Kiss|p1a: Skuntank\n|-damage|p1a: Skuntank|89\/100\n|-heal|p2a: Hatterene|60\/100|[from] drain|[of] p1a: Skuntank\n|move|p2b: Pincurchin|Zing Zap|p1a: Skuntank\n|-damage|p1a: Skuntank|50\/100\n|\n|-damage|p1b: Okidogi|0 fnt|[from] psn\n|faint|p1b: Okidogi\n|upkeep\n|\n|t:|1698644501\n|switch|p1b: Iron Moth|Iron Moth, shiny|7\/100\n|-activate|p1b: Iron Moth|ability: Quark Drive\n|-start|p1b: Iron Moth|quarkdrivespa\n|turn|14\n|inactive|I'mSuspecious) has 90 seconds left.\n|\n|t:|1698644532\n|move|p1a: Skuntank|Protect|p1a: Skuntank\n|-singleturn|p1a: Skuntank|Protect\n|move|p1b: Iron Moth|Sludge Wave|p2b: Pincurchin|[spread] p2a,p2b\n|-activate|p1a: Skuntank|move: Protect\n|-supereffective|p2a: Hatterene\n|-damage|p2a: Hatterene|0 fnt\n|-damage|p2b: Pincurchin|0 fnt\n|faint|p2a: Hatterene\n|faint|p2b: Pincurchin\n|\n|upkeep\n|\n|t:|1698644542\n|switch|p2b: Primarina|Primarina, M|100\/100\n|turn|15\n|inactive|I'mSuspecious) has 90 seconds left.\n|inactive|I'mSuspecious) has 60 seconds left.\n|\n|t:|1698644588\n|-terastallize|p2b: Primarina|Water\n|move|p1b: Iron Moth|Sludge Wave|p2b: Primarina|[spread] p1a,p2b\n|-resisted|p1a: Skuntank\n|-damage|p1a: Skuntank|29\/100\n|-damage|p2b: Primarina|57\/100\n|move|p1a: Skuntank|Snarl|p2b: Primarina\n|-damage|p2b: Primarina|46\/100\n|-unboost|p2b: Primarina|spa|1\n|move|p2b: Primarina|Echoed Voice|p1a: Skuntank\n|-damage|p1a: Skuntank|6\/100\n|-enditem|p1a: Skuntank|Mago Berry|[eat]\n|-heal|p1a: Skuntank|39\/100|[from] item: Mago Berry\n|\n|-fieldend|move: Electric Terrain\n|-end|p1b: Iron Moth|Quark Drive\n|upkeep\n|turn|16\n|c|\u2606I'mSuspecious)|ggs\n|inactive|I'mSuspecious) has 60 seconds left.\n|\n|t:|1698644610\n|move|p1b: Iron Moth|Sludge Wave|p2b: Primarina|[spread] p1a,p2b\n|-resisted|p1a: Skuntank\n|-damage|p1a: Skuntank|22\/100\n|-damage|p2b: Primarina|16\/100\n|move|p1a: Skuntank|Snarl|p2b: Primarina\n|-damage|p2b: Primarina|4\/100\n|-unboost|p2b: Primarina|spa|1\n|move|p2b: Primarina|Echoed Voice|p1a: Skuntank\n|-damage|p1a: Skuntank|0 fnt\n|faint|p1a: Skuntank\n|\n|upkeep\n|\n|t:|1698644613\n|switch|p1a: Fezandipiti|Fezandipiti, M|100\/100\n|turn|17\n|\n|t:|1698644627\n|move|p1b: Iron Moth|Sludge Wave|p2b: Primarina|[spread] p1a,p2b\n|-damage|p1a: Fezandipiti|70\/100\n|-damage|p2b: Primarina|0 fnt\n|faint|p2b: Primarina\n|\n|win|I'mSuspecious)\n|raw|I&apos;mSuspecious)'s rating: 1158 &rarr; <strong>1184<\/strong><br \/>(+26 for winning)\n|raw|Brick_Enjoyer_144's rating: 1177 &rarr; <strong>1151<\/strong><br \/>(-26 for losing)\n","uploadtime":1698644635,"views":12,"p1id":"imsuspecious","p2id":"brickenjoyer144","formatid":"gen9nationaldexdoubles","rating":1151,"private":0,"password":""}