{"id":"gen9nationaldexdoubles-1978109705","p1":"Dkcools","p2":"pingyiyun","format":"[Gen 9] National Dex Doubles","log":"|j|\u2606Dkcools\n|j|\u2606pingyiyun\n|t:|1698500549\n|gametype|doubles\n|player|p1|Dkcools|riley|1070\n|player|p2|pingyiyun|waitress-gen4|1000\n|teamsize|p1|6\n|teamsize|p2|6\n|gen|9\n|tier|[Gen 9] National Dex Doubles\n|rated|\n|rule|HP Percentage Mod: HP is shown in percentages\n|rule|Endless Battle Clause: Forcing endless battles is banned\n|rule|OHKO Clause: OHKO moves are banned\n|rule|Evasion Moves Clause: Evasion moves are banned\n|rule|Evasion Abilities Clause: Evasion abilities are banned\n|rule|Species Clause: Limit one of each Pok\u00e9mon\n|rule|Gravity Sleep Clause: The combination of sleep-inducing moves with imperfect accuracy and Gravity or Gigantamax Orbeetle are banned\n|clearpoke\n|poke|p1|Incineroar, M|\n|poke|p1|Necrozma|\n|poke|p1|Sinistcha-Masterpiece|\n|poke|p1|Kangaskhan, F|\n|poke|p1|Tornadus, M|\n|poke|p1|Indeedee-F, F|\n|poke|p2|Hatterene, F|\n|poke|p2|Ursaluna, F|\n|poke|p2|Cherrim, F|\n|poke|p2|Exeggutor-Alola, F|\n|poke|p2|Conkeldurr, M|\n|poke|p2|Zygarde|\n|teampreview\n|\n|t:|1698500571\n|start\n|switch|p1a: Prankster|Tornadus, M|100\/100\n|switch|p1b: Necrozma|Necrozma|100\/100\n|switch|p2a: \u6a31\u5624\u82b1|Cherrim, F|100\/100\n|switch|p2b: \u6211\u662f\u6811\u4e0d\u662f\u9f99|Exeggutor-Alola, F|100\/100\n|-item|p1a: Prankster|Covert Cloak|[from] ability: Frisk|[of] p2b: \u6211\u662f\u6811\u4e0d\u662f\u9f99|[identify]\n|-item|p1b: Necrozma|Life Orb|[from] ability: Frisk|[of] p2b: \u6211\u662f\u6811\u4e0d\u662f\u9f99|[identify]\n|turn|1\n|\n|t:|1698500594\n|move|p1a: Prankster|Tailwind|p1a: Prankster\n|-sidestart|p1: Dkcools|move: Tailwind\n|move|p1b: Necrozma|Calm Mind|p1b: Necrozma\n|-boost|p1b: Necrozma|spa|1\n|-boost|p1b: Necrozma|spd|1\n|move|p2a: \u6a31\u5624\u82b1|Sunny Day|p2a: \u6a31\u5624\u82b1\n|-weather|SunnyDay\n|-formechange|p2a: \u6a31\u5624\u82b1|Cherrim-Sunshine|[msg]|[from] ability: Flower Gift\n|move|p2b: \u6211\u662f\u6811\u4e0d\u662f\u9f99|Trick Room|p2b: \u6211\u662f\u6811\u4e0d\u662f\u9f99\n|-fieldstart|move: Trick Room|[of] p2b: \u6211\u662f\u6811\u4e0d\u662f\u9f99\n|\n|-weather|SunnyDay|[upkeep]\n|upkeep\n|turn|2\n|\n|t:|1698500615\n|switch|p1a: Indeedee|Indeedee-F, F|100\/100\n|-fieldstart|move: Psychic Terrain|[from] ability: Psychic Surge|[of] p1a: Indeedee\n|-enditem|p1a: Indeedee|Psychic Seed\n|-boost|p1a: Indeedee|spd|1|[from] item: Psychic Seed\n|-terastallize|p1b: Necrozma|Psychic\n|move|p2a: \u6a31\u5624\u82b1|Protect|p2a: \u6a31\u5624\u82b1\n|-singleturn|p2a: \u6a31\u5624\u82b1|Protect\n|move|p2b: \u6211\u662f\u6811\u4e0d\u662f\u9f99|Explosion|p1b: Necrozma|[spread] p1a,p1b\n|-activate|p2a: \u6a31\u5624\u82b1|move: Protect\n|-damage|p1a: Indeedee|15\/100\n|-damage|p1b: Necrozma|30\/100\n|faint|p2b: \u6211\u662f\u6811\u4e0d\u662f\u9f99\n|move|p1b: Necrozma|Expanding Force|p2a: \u6a31\u5624\u82b1\n|-activate|p2a: \u6a31\u5624\u82b1|move: Protect\n|\n|-weather|SunnyDay|[upkeep]\n|upkeep\n|\n|t:|1698500636\n|switch|p2b: Ursaluna|Ursaluna, F|100\/100\n|turn|3\n|\n|t:|1698500649\n|move|p2a: \u6a31\u5624\u82b1|Helping Hand|p2b: Ursaluna\n|-singleturn|p2b: Ursaluna|Helping Hand|[of] p2a: \u6a31\u5624\u82b1\n|move|p1a: Indeedee|Follow Me|p1a: Indeedee\n|-singleturn|p1a: Indeedee|move: Follow Me\n|move|p2b: Ursaluna|Earthquake|p1b: Necrozma|[spread] p2a,p1a,p1b\n|-resisted|p2a: \u6a31\u5624\u82b1\n|-damage|p2a: \u6a31\u5624\u82b1|50\/100\n|-damage|p1a: Indeedee|0 fnt\n|-damage|p1b: Necrozma|0 fnt\n|faint|p1a: Indeedee\n|faint|p1b: Necrozma\n|\n|-weather|SunnyDay|[upkeep]\n|upkeep\n|\n|t:|1698500663\n|switch|p1b: Prankster|Tornadus, M|100\/100\n|switch|p1a: Khang|Kangaskhan, F|100\/100\n|turn|4\n|\n|t:|1698500692\n|detailschange|p1a: Khang|Kangaskhan-Mega, F\n|-mega|p1a: Khang|Kangaskhan|Kangaskhanite\n|move|p2a: \u6a31\u5624\u82b1|Helping Hand|p2b: Ursaluna\n|-singleturn|p2b: Ursaluna|Helping Hand|[of] p2a: \u6a31\u5624\u82b1\n|move|p2b: Ursaluna|Night Slash|p1b: Prankster\n|-damage|p1b: Prankster|0 fnt\n|faint|p1b: Prankster\n|move|p1a: Khang|Double-Edge|p2b: Ursaluna\n|-damage|p2b: Ursaluna|58\/100\n|-damage|p2b: Ursaluna|47\/100\n|-hitcount|p2b: Ursaluna|2\n|-damage|p1a: Khang|80\/100|[from] Recoil\n|\n|-weather|SunnyDay|[upkeep]\n|-heal|p2b: Ursaluna|53\/100|[from] item: Leftovers\n|-sideend|p1: Dkcools|move: Tailwind\n|upkeep\n|\n|t:|1698500705\n|switch|p1b: Boba|Sinistcha-Masterpiece|100\/100\n|-heal|p1a: Khang|100\/100|[from] ability: Hospitality|[of] p1b: Boba\n|turn|5\n|\n|t:|1698500727\n|move|p2a: \u6a31\u5624\u82b1|Protect|p2a: \u6a31\u5624\u82b1\n|-singleturn|p2a: \u6a31\u5624\u82b1|Protect\n|move|p2b: Ursaluna|Earthquake|p1b: Boba|[spread] p1a,p1b\n|-activate|p2a: \u6a31\u5624\u82b1|move: Protect\n|-crit|p1a: Khang\n|-resisted|p1b: Boba\n|-damage|p1a: Khang|3\/100\n|-damage|p1b: Boba|69\/100\n|move|p1b: Boba|Strength Sap|p2b: Ursaluna\n|-unboost|p2b: Ursaluna|atk|1\n|-heal|p1b: Boba|100\/100\n|move|p1a: Khang|Power-Up Punch|p2b: Ursaluna\n|-supereffective|p2b: Ursaluna\n|-damage|p2b: Ursaluna|34\/100\n|-boost|p1a: Khang|atk|1\n|-supereffective|p2b: Ursaluna\n|-damage|p2b: Ursaluna|27\/100\n|-boost|p1a: Khang|atk|1\n|-hitcount|p2b: Ursaluna|2\n|\n|-weather|SunnyDay|[upkeep]\n|-heal|p2b: Ursaluna|33\/100|[from] item: Leftovers\n|-fieldend|move: Trick Room\n|upkeep\n|turn|6\n|\n|t:|1698500760\n|move|p1a: Khang|Crunch|p2b: Ursaluna\n|-damage|p2b: Ursaluna|0 fnt\n|faint|p2b: Ursaluna\n|-hitcount|p2: Ursaluna|1\n|move|p2a: \u6a31\u5624\u82b1|Dazzling Gleam|p1b: Boba|[spread] p1a,p1b\n|-damage|p1a: Khang|0 fnt\n|-damage|p1b: Boba|87\/100\n|faint|p1a: Khang\n|move|p1b: Boba|Matcha Gotcha|p2a: \u6a31\u5624\u82b1|[miss]\n|-miss|p1b: Boba|p2a: \u6a31\u5624\u82b1\n|\n|-weather|SunnyDay|[upkeep]\n|-heal|p1b: Boba|93\/100|[from] item: Leftovers\n|-fieldend|move: Psychic Terrain\n|upkeep\n|\n|t:|1698500776\n|switch|p1a: P.K Fire|Incineroar, M, shiny|100\/100\n|switch|p2b: Hatterene|Hatterene, F|100\/100\n|-ability|p1a: P.K Fire|Intimidate|boost\n|-unboost|p2a: \u6a31\u5624\u82b1|atk|1\n|-unboost|p2b: Hatterene|atk|1\n|turn|7\n|\n|t:|1698500799\n|move|p2a: \u6a31\u5624\u82b1|Protect|p2a: \u6a31\u5624\u82b1\n|-singleturn|p2a: \u6a31\u5624\u82b1|Protect\n|move|p1a: P.K Fire|Fake Out|p2b: Hatterene\n|-damage|p2b: Hatterene|90\/100\n|move|p1b: Boba|Shadow Ball|p2a: \u6a31\u5624\u82b1\n|-activate|p2a: \u6a31\u5624\u82b1|move: Protect\n|cant|p2b: Hatterene|flinch\n|\n|-weather|SunnyDay|[upkeep]\n|-heal|p1b: Boba|99\/100|[from] item: Leftovers\n|upkeep\n|turn|8\n|\n|t:|1698500841\n|move|p2a: \u6a31\u5624\u82b1|Dazzling Gleam|p1b: Boba|[spread] p1a,p1b\n|-damage|p1a: P.K Fire|92\/100\n|-damage|p1b: Boba|86\/100\n|move|p1b: Boba|Shadow Ball|p2a: \u6a31\u5624\u82b1\n|-damage|p2a: \u6a31\u5624\u82b1|25\/100\n|move|p1a: P.K Fire|Knock Off|p2b: Hatterene\n|-damage|p2b: Hatterene|55\/100\n|-enditem|p2b: Hatterene|Focus Sash|[from] move: Knock Off|[of] p1a: P.K Fire\n|move|p2b: Hatterene|Trick Room|p2b: Hatterene\n|-fieldstart|move: Trick Room|[of] p2b: Hatterene\n|\n|-weather|none\n|-formechange|p2a: \u6a31\u5624\u82b1|Cherrim|[msg]|[from] ability: Flower Gift\n|-heal|p1b: Boba|92\/100|[from] item: Leftovers\n|upkeep\n|turn|9\n|\n|t:|1698500873\n|move|p2a: \u6a31\u5624\u82b1|Protect|p2a: \u6a31\u5624\u82b1\n|-singleturn|p2a: \u6a31\u5624\u82b1|Protect\n|move|p2b: Hatterene|Misty Explosion|p1a: P.K Fire|[spread] p1a,p1b\n|-activate|p2a: \u6a31\u5624\u82b1|move: Protect\n|-damage|p1a: P.K Fire|64\/100\n|-damage|p1b: Boba|52\/100\n|faint|p2b: Hatterene\n|move|p1a: P.K Fire|Flare Blitz|p2a: \u6a31\u5624\u82b1\n|-activate|p2a: \u6a31\u5624\u82b1|move: Protect\n|move|p1b: Boba|Matcha Gotcha|p2a: \u6a31\u5624\u82b1\n|-activate|p2a: \u6a31\u5624\u82b1|move: Protect\n|\n|-heal|p1b: Boba|58\/100|[from] item: Leftovers\n|upkeep\n|\n|t:|1698500895\n|switch|p2b: Conkeldurr|Conkeldurr, M|100\/100\n|turn|10\n|\n|t:|1698500908\n|move|p2a: \u6a31\u5624\u82b1|Helping Hand|p2b: Conkeldurr\n|-singleturn|p2b: Conkeldurr|Helping Hand|[of] p2a: \u6a31\u5624\u82b1\n|move|p2b: Conkeldurr|Earthquake|p1a: P.K Fire|[spread] p2a,p1a,p1b\n|-resisted|p2a: \u6a31\u5624\u82b1\n|-supereffective|p1a: P.K Fire\n|-resisted|p1b: Boba\n|-damage|p2a: \u6a31\u5624\u82b1|0 fnt\n|-damage|p1a: P.K Fire|0 fnt\n|-damage|p1b: Boba|38\/100\n|faint|p2a: \u6a31\u5624\u82b1\n|faint|p1a: P.K Fire\n|move|p1b: Boba|Strength Sap|p2b: Conkeldurr\n|-unboost|p2b: Conkeldurr|atk|1\n|-heal|p1b: Boba|100\/100\n|\n|upkeep\n|\n|t:|1698500922\n|switch|p2a: Zygarde|Zygarde|100\/100\n|-ability|p2a: Zygarde|Aura Break\n|turn|11\n|\n|t:|1698500939\n|move|p1b: Boba|Protect|p1b: Boba\n|-singleturn|p1b: Boba|Protect\n|move|p2b: Conkeldurr|Ice Punch|p1b: Boba\n|-activate|p1b: Boba|move: Protect\n|move|p2a: Zygarde|Zen Headbutt|p1b: Boba\n|-activate|p1b: Boba|move: Protect\n|\n|upkeep\n|turn|12\n|\n|t:|1698500951\n|move|p2b: Conkeldurr|Ice Punch|p1b: Boba\n|-supereffective|p1b: Boba\n|-damage|p1b: Boba|58\/100\n|move|p1b: Boba|Matcha Gotcha|p2b: Conkeldurr|[spread] p2a\n|-miss|p1b: Boba|p2b: Conkeldurr\n|-damage|p2a: Zygarde|80\/100\n|-heal|p1b: Boba|70\/100|[from] drain|[of] p2a: Zygarde\n|move|p2a: Zygarde|Zen Headbutt|p1b: Boba|[miss]\n|-miss|p2a: Zygarde|p1b: Boba\n|\n|-heal|p1b: Boba|76\/100|[from] item: Leftovers\n|-fieldend|move: Trick Room\n|upkeep\n|turn|13\n|\n|t:|1698500971\n|move|p1b: Boba|Protect|p1b: Boba\n|-singleturn|p1b: Boba|Protect\n|move|p2a: Zygarde|Zen Headbutt|p1b: Boba\n|-activate|p1b: Boba|move: Protect\n|move|p2b: Conkeldurr|Ice Punch|p1b: Boba\n|-activate|p1b: Boba|move: Protect\n|\n|-heal|p1b: Boba|82\/100|[from] item: Leftovers\n|upkeep\n|turn|14\n|\n|t:|1698500984\n|move|p2a: Zygarde|Zen Headbutt|p1b: Boba|[miss]\n|-miss|p2a: Zygarde|p1b: Boba\n|move|p1b: Boba|Matcha Gotcha|p2a: Zygarde|[spread] p2a,p2b\n|-damage|p2a: Zygarde|57\/100\n|-heal|p1b: Boba|96\/100|[from] drain|[of] p2a: Zygarde\n|-damage|p2b: Conkeldurr|79\/100\n|-heal|p1b: Boba|100\/100|[from] drain|[of] p2b: Conkeldurr\n|move|p2b: Conkeldurr|Ice Punch|p1b: Boba\n|-supereffective|p1b: Boba\n|-damage|p1b: Boba|54\/100\n|\n|-heal|p1b: Boba|60\/100|[from] item: Leftovers\n|upkeep\n|turn|15\n|\n|t:|1698501002\n|move|p1b: Boba|Protect|p1b: Boba\n|-singleturn|p1b: Boba|Protect\n|move|p2a: Zygarde|Zen Headbutt|p1b: Boba\n|-activate|p1b: Boba|move: Protect\n|move|p2b: Conkeldurr|Ice Punch|p1b: Boba\n|-activate|p1b: Boba|move: Protect\n|\n|-heal|p1b: Boba|66\/100|[from] item: Leftovers\n|upkeep\n|turn|16\n|\n|t:|1698501019\n|move|p2a: Zygarde|Zen Headbutt|p1b: Boba|[miss]\n|-miss|p2a: Zygarde|p1b: Boba\n|move|p1b: Boba|Matcha Gotcha|p2b: Conkeldurr|[spread] p2a,p2b\n|-damage|p2a: Zygarde|36\/100\n|-heal|p1b: Boba|80\/100|[from] drain|[of] p2a: Zygarde\n|-damage|p2b: Conkeldurr|59\/100\n|-heal|p1b: Boba|92\/100|[from] drain|[of] p2b: Conkeldurr\n|-status|p2b: Conkeldurr|brn\n|move|p2b: Conkeldurr|Ice Punch|p1b: Boba\n|-supereffective|p1b: Boba\n|-damage|p1b: Boba|71\/100\n|\n|-heal|p1b: Boba|77\/100|[from] item: Leftovers\n|-damage|p2b: Conkeldurr|53\/100 brn|[from] brn\n|upkeep\n|turn|17\n|\n|t:|1698501040\n|move|p2a: Zygarde|Thousand Arrows|p1b: Boba\n|-resisted|p1b: Boba\n|-damage|p1b: Boba|51\/100\n|-damage|p2a: Zygarde|26\/100|[from] item: Life Orb\n|move|p1b: Boba|Matcha Gotcha|p2a: Zygarde|[spread] p2a,p2b\n|-damage|p2a: Zygarde|4\/100\n|-heal|p1b: Boba|65\/100|[from] drain|[of] p2a: Zygarde\n|-damage|p2b: Conkeldurr|33\/100 brn\n|-heal|p1b: Boba|77\/100|[from] drain|[of] p2b: Conkeldurr\n|-status|p2a: Zygarde|brn\n|move|p2b: Conkeldurr|Ice Punch|p1b: Boba\n|-supereffective|p1b: Boba\n|-damage|p1b: Boba|54\/100\n|\n|-heal|p1b: Boba|60\/100|[from] item: Leftovers\n|-damage|p2a: Zygarde|0 fnt|[from] brn\n|faint|p2a: Zygarde\n|-damage|p2b: Conkeldurr|27\/100 brn|[from] brn\n|upkeep\n|turn|18\n|\n|t:|1698501063\n|move|p1b: Boba|Protect|p1b: Boba\n|-singleturn|p1b: Boba|Protect\n|move|p2b: Conkeldurr|Ice Punch|p1b: Boba\n|-activate|p1b: Boba|move: Protect\n|\n|-heal|p1b: Boba|66\/100|[from] item: Leftovers\n|-damage|p2b: Conkeldurr|20\/100 brn|[from] brn\n|upkeep\n|turn|19\n|\n|t:|1698501075\n|move|p1b: Boba|Matcha Gotcha|p2b: Conkeldurr\n|-damage|p2b: Conkeldurr|0 fnt\n|-heal|p1b: Boba|79\/100|[from] drain|[of] p2b: Conkeldurr\n|faint|p2b: Conkeldurr\n|\n|win|Dkcools\n|raw|Dkcools's rating: 1070 &rarr; <strong>1094<\/strong><br \/>(+24 for winning)\n|raw|pingyiyun's rating: 1000 &rarr; <strong>1000<\/strong><br \/>(+0 for losing)\n|c|\u2606Dkcools|boba\n|l|\u2606pingyiyun\n","uploadtime":1698501429,"views":17,"p1id":"dkcools","p2id":"pingyiyun","formatid":"gen9nationaldexdoubles","rating":1000,"private":0,"password":""}