{"id":"gen9nationaldexdoubles-1950696482","p1":"gurren bros","p2":"scout033","format":"[Gen 9] National Dex Doubles","log":"|j|\u2606gurren bros\n|j|\u2606scout033\n|t:|1695497505\n|gametype|doubles\n|player|p1|gurren bros|hiker-gen4|\n|player|p2|scout033|byron|\n|teamsize|p1|6\n|teamsize|p2|6\n|gen|9\n|tier|[Gen 9] National Dex Doubles\n|rule|HP Percentage Mod: HP is shown in percentages\n|rule|Endless Battle Clause: Forcing endless battles is banned\n|rule|OHKO Clause: OHKO moves are banned\n|rule|Evasion Moves Clause: Evasion moves are banned\n|rule|Evasion Abilities Clause: Evasion abilities are banned\n|rule|Species Clause: Limit one of each Pok\u00e9mon\n|rule|Gravity Sleep Clause: The combination of sleep-inducing moves with imperfect accuracy and Gravity or Gigantamax Orbeetle are banned\n|clearpoke\n|poke|p1|Charizard, F|\n|poke|p1|Hitmontop, M|\n|poke|p1|Venusaur, F|\n|poke|p1|Iron Valiant|\n|poke|p1|Walking Wake|\n|poke|p1|Krookodile, F|\n|poke|p2|Typhlosion, M|\n|poke|p2|Morgrem, M|\n|poke|p2|Arcanine-Hisui, M|\n|poke|p2|Crobat, M|\n|poke|p2|Florges, F|\n|poke|p2|Charizard, F|\n|teampreview\n|c|\u2606gurren bros|gl hf\n|j| dialzza\n|c|\u2606scout033|you too\n|c| dialzza|sun war sun war sun war\n|\n|t:|1695497562\n|start\n|switch|p1a: Charizard|Charizard, F|100\/100\n|switch|p1b: Hitmontop|Hitmontop, M|100\/100\n|switch|p2a: Crobunga|Crobat, M|100\/100\n|switch|p2b: Bungrem|Morgrem, M|100\/100\n|-ability|p1b: Hitmontop|Intimidate|boost\n|-fail|p2a: Crobunga|unboost|Attack|[from] ability: Inner Focus|[of] p2a: Crobunga\n|-unboost|p2b: Bungrem|atk|1\n|turn|1\n|\n|t:|1695497586\n|detailschange|p1a: Charizard|Charizard-Mega-Y, F\n|-mega|p1a: Charizard|Charizard|Charizardite Y\n|-weather|SunnyDay|[from] ability: Drought|[of] p1a: Charizard\n|move|p2b: Bungrem|Fake Out|p1a: Charizard\n|-damage|p1a: Charizard|94\/100\n|move|p1b: Hitmontop|Fake Out|p2b: Bungrem\n|-damage|p2b: Bungrem|78\/100\n|move|p2a: Crobunga|Tailwind|p2a: Crobunga\n|-sidestart|p2: scout033|move: Tailwind\n|cant|p1a: Charizard|flinch\n|\n|-weather|SunnyDay|[upkeep]\n|upkeep\n|turn|2\n|\n|t:|1695497610\n|move|p2a: Crobunga|Protect|p2a: Crobunga\n|-singleturn|p2a: Crobunga|Protect\n|move|p2b: Bungrem|Light Screen|p2b: Bungrem\n|-sidestart|p2: scout033|move: Light Screen\n|move|p1a: Charizard|Tailwind|p1a: Charizard\n|-sidestart|p1: gurren bros|move: Tailwind\n|move|p1b: Hitmontop|Rock Slide|p2a: Crobunga|[spread] \n|-activate|p2a: Crobunga|move: Protect\n|-miss|p1b: Hitmontop|p2b: Bungrem\n|\n|-weather|SunnyDay|[upkeep]\n|upkeep\n|turn|3\n|\n|t:|1695497660\n|switch|p2a: Bunganine|Arcanine-Hisui, M|100\/100\n|-ability|p2a: Bunganine|Intimidate|boost\n|-unboost|p1a: Charizard|atk|1\n|-unboost|p1b: Hitmontop|atk|1\n|switch|p1b: Walking Wake|Walking Wake|100\/100\n|-activate|p1b: Walking Wake|ability: Protosynthesis\n|-start|p1b: Walking Wake|protosynthesisspa\n|move|p2b: Bungrem|Reflect|p2b: Bungrem\n|-sidestart|p2: scout033|Reflect\n|move|p1a: Charizard|Heat Wave|p2a: Bunganine|[spread] p2a,p2b\n|-resisted|p2a: Bunganine\n|-damage|p2a: Bunganine|88\/100\n|-damage|p2b: Bungrem|32\/100\n|\n|-weather|SunnyDay|[upkeep]\n|upkeep\n|turn|4\n|\n|t:|1695497708\n|move|p1b: Walking Wake|Hydro Steam|p2a: Bunganine\n|-supereffective|p2a: Bunganine\n|-damage|p2a: Bunganine|0 fnt\n|faint|p2a: Bunganine\n|-damage|p1b: Walking Wake|91\/100|[from] item: Life Orb\n|move|p1a: Charizard|Heat Wave|p2b: Bungrem\n|-damage|p2b: Bungrem|0 fnt\n|faint|p2b: Bungrem\n|\n|-weather|SunnyDay|[upkeep]\n|-sideend|p2: scout033|move: Tailwind\n|upkeep\n|\n|t:|1695497730\n|switch|p2a: Florbunga|Florges, F|100\/100\n|switch|p2b: Charibunga|Charizard, F|100\/100\n|turn|5\n|\n|t:|1695497759\n|move|p1a: Charizard|Protect|p1a: Charizard\n|-singleturn|p1a: Charizard|Protect\n|move|p2b: Charibunga|Protect|p2b: Charibunga\n|-singleturn|p2b: Charibunga|Protect\n|move|p1b: Walking Wake|Hydro Steam|p2b: Charibunga\n|-activate|p2b: Charibunga|move: Protect\n|move|p2a: Florbunga|Skill Swap||[still]\n|-fail|p2a: Florbunga\n|\n|-weather|none\n|-end|p1b: Walking Wake|Protosynthesis\n|-sideend|p1: gurren bros|move: Tailwind\n|upkeep\n|turn|6\n|c|\u2606scout033|I may be a bit of a dumbass\n|c|\u2606gurren bros|Same here\n|\n|t:|1695497828\n|switch|p1a: Iron Valiant|Iron Valiant|100\/100\n|-enditem|p1a: Iron Valiant|Booster Energy\n|-activate|p1a: Iron Valiant|ability: Quark Drive|[fromitem]\n|-start|p1a: Iron Valiant|quarkdrivespa\n|move|p1b: Walking Wake|Flip Turn|p2b: Charibunga\n|-supereffective|p2b: Charibunga\n|-damage|p2b: Charibunga|63\/100\n|-damage|p1b: Walking Wake|81\/100|[from] item: Life Orb\n|c| dialzza|flip wake is fucked up yo\n|\n|t:|1695497849\n|-end|p1b: Walking Wake|Protosynthesis|[silent]\n|switch|p1b: Charizard|Charizard-Mega-Y, F|94\/100|[from] Flip Turn\n|-weather|SunnyDay|[from] ability: Drought|[of] p1b: Charizard\n|move|p2b: Charibunga|Dragon Pulse|p1b: Charizard\n|-damage|p1b: Charizard|50\/100\n|move|p2a: Florbunga|Moonblast|p1b: Charizard\n|-resisted|p1b: Charizard\n|-damage|p1b: Charizard|33\/100\n|\n|-weather|SunnyDay|[upkeep]\n|-damage|p2b: Charibunga|51\/100|[from] ability: Solar Power|[of] p2b: Charibunga\n|upkeep\n|turn|7\n|\n|t:|1695497903\n|move|p1a: Iron Valiant|Moonblast|p2b: Charibunga\n|-resisted|p2b: Charibunga\n|-damage|p2b: Charibunga|22\/100\n|-unboost|p2b: Charibunga|spa|1\n|move|p1b: Charizard|Heat Wave|p2b: Charibunga|[spread] p2a\n|-miss|p1b: Charizard|p2b: Charibunga\n|-damage|p2a: Florbunga|70\/100\n|-status|p2a: Florbunga|brn\n|move|p2b: Charibunga|Heat Wave|p1a: Iron Valiant|[spread] p1a,p1b\n|-resisted|p1b: Charizard\n|-damage|p1a: Iron Valiant|0 fnt\n|-damage|p1b: Charizard|5\/100\n|faint|p1a: Iron Valiant\n|-end|p1a: Iron Valiant|Quark Drive|[silent]\n|move|p2a: Florbunga|Moonblast|p1b: Charizard\n|-resisted|p1b: Charizard\n|-damage|p1b: Charizard|0 fnt\n|faint|p1b: Charizard\n|\n|-weather|SunnyDay|[upkeep]\n|-damage|p2b: Charibunga|10\/100|[from] ability: Solar Power|[of] p2b: Charibunga\n|-damage|p2a: Florbunga|64\/100 brn|[from] brn\n|upkeep\n|c|\u2606scout033|JESUS CHRIST\n|c|\u2606gurren bros|Wow that was a lot\n|\n|t:|1695497932\n|switch|p1a: Venusaur|Venusaur, F|100\/100\n|switch|p1b: Walking Wake|Walking Wake|81\/100\n|-activate|p1b: Walking Wake|ability: Protosynthesis\n|-start|p1b: Walking Wake|protosynthesisspa\n|turn|8\n|\n|t:|1695497961\n|-terastallize|p1a: Venusaur|Water\n|move|p1a: Venusaur|Growth|p1a: Venusaur\n|-boost|p1a: Venusaur|atk|2\n|-boost|p1a: Venusaur|spa|2\n|move|p1b: Walking Wake|Hydro Steam|p2a: Florbunga\n|-damage|p2a: Florbunga|18\/100 brn\n|-enditem|p2a: Florbunga|Sitrus Berry|[eat]\n|-heal|p2a: Florbunga|43\/100 brn|[from] item: Sitrus Berry\n|-damage|p1b: Walking Wake|71\/100|[from] item: Life Orb\n|move|p2b: Charibunga|Heat Wave|p1b: Walking Wake|[spread] p1a,p1b\n|-resisted|p1a: Venusaur\n|-resisted|p1b: Walking Wake\n|-damage|p1a: Venusaur|69\/100\n|-damage|p1b: Walking Wake|55\/100\n|move|p2a: Florbunga|Moonblast|p1b: Walking Wake\n|-supereffective|p1b: Walking Wake\n|-damage|p1b: Walking Wake|0 fnt\n|faint|p1b: Walking Wake\n|-end|p1b: Walking Wake|Protosynthesis|[silent]\n|\n|-weather|SunnyDay|[upkeep]\n|-damage|p2b: Charibunga|0 fnt|[from] ability: Solar Power|[of] p2b: Charibunga\n|faint|p2b: Charibunga\n|-damage|p2a: Florbunga|37\/100 brn|[from] brn\n|upkeep\n|c| dialzza|-spa zard with spread-move-reduced heat wave absolutely decking a valiant from full god DAMN\n|\n|t:|1695498004\n|switch|p1b: Krookodile|Krookodile, F|100\/100\n|switch|p2b: Bungaphlosion|Typhlosion, M|100\/100\n|-ability|p1b: Krookodile|Intimidate|boost\n|-unboost|p2a: Florbunga|atk|1\n|-unboost|p2b: Bungaphlosion|atk|1\n|turn|9\n|\n|t:|1695498034\n|-terastallize|p2b: Bungaphlosion|Fairy\n|move|p1a: Venusaur|Earthquake|p2a: Florbunga|[spread] p1b,p2a,p2b\n|-damage|p1b: Krookodile|63\/100\n|-damage|p2a: Florbunga|14\/100 brn\n|-damage|p2b: Bungaphlosion|63\/100\n|-damage|p1a: Venusaur|59\/100|[from] item: Life Orb\n|move|p2b: Bungaphlosion|Eruption|p1b: Krookodile|[spread] p1a,p1b\n|-resisted|p1a: Venusaur\n|-crit|p1a: Venusaur\n|-damage|p1a: Venusaur|0 fnt\n|-damage|p1b: Krookodile|11\/100\n|faint|p1a: Venusaur\n|move|p1b: Krookodile|Rock Slide|p2b: Bungaphlosion|[spread] p2a,p2b\n|-damage|p2a: Florbunga|2\/100 brn\n|-damage|p2b: Bungaphlosion|42\/100\n|move|p2a: Florbunga|Moonblast|p1b: Krookodile\n|-supereffective|p1b: Krookodile\n|-damage|p1b: Krookodile|0 fnt\n|faint|p1b: Krookodile\n|\n|-weather|SunnyDay|[upkeep]\n|-damage|p2a: Florbunga|0 fnt|[from] brn\n|faint|p2a: Florbunga\n|-sideend|p2: scout033|move: Light Screen\n|upkeep\n|c|\u2606gurren bros|gg homie\n|\n|t:|1695498071\n|switch|p1a: Hitmontop|Hitmontop, M|100\/100\n|switch|p2a: Crobunga|Crobat, M|100\/100\n|-ability|p1a: Hitmontop|Intimidate|boost\n|-fail|p2a: Crobunga|unboost|Attack|[from] ability: Inner Focus|[of] p2a: Crobunga\n|-unboost|p2b: Bungaphlosion|atk|1\n|turn|10\n|c|\u2606scout033|GGs\n|\n|t:|1695498088\n|move|p2a: Crobunga|Acrobatics|p1a: Hitmontop\n|-supereffective|p1a: Hitmontop\n|-damage|p1a: Hitmontop|44\/100\n|move|p2b: Bungaphlosion|Eruption|p1a: Hitmontop\n|-damage|p1a: Hitmontop|0 fnt\n|faint|p1a: Hitmontop\n|\n|win|scout033\n","uploadtime":1695498095,"views":29,"p1id":"gurrenbros","p2id":"scout033","formatid":"gen9nationaldexdoubles","rating":0,"private":0,"password":""}