{"id":"gen9nationaldexdoubles-1998357395","p1":"mcjuanito","p2":"joakota","format":"[Gen 9] National Dex Doubles","log":"|j|\u2606mcjuanito\n|j|\u2606joakota\n|t:|1700933320\n|gametype|doubles\n|player|p1|mcjuanito|101|\n|player|p2|joakota|sage|\n|teamsize|p1|6\n|teamsize|p2|6\n|gen|9\n|tier|[Gen 9] National Dex Doubles\n|rule|HP Percentage Mod: HP is shown in percentages\n|rule|Endless Battle Clause: Forcing endless battles is banned\n|rule|OHKO Clause: OHKO moves are banned\n|rule|Evasion Moves Clause: Evasion moves are banned\n|rule|Evasion Abilities Clause: Evasion abilities are banned\n|rule|Species Clause: Limit one of each Pok\u00e9mon\n|rule|Gravity Sleep Clause: The combination of sleep-inducing moves with imperfect accuracy and Gravity or Gigantamax Orbeetle are banned\n|clearpoke\n|poke|p1|Roaring Moon|\n|poke|p1|Oricorio-Sensu, F|\n|poke|p1|Ribombee, F|\n|poke|p1|Spinda, M|\n|poke|p1|Cresselia, F|\n|poke|p1|Scizor, M|\n|poke|p2|Oricorio-Pom-Pom, F|\n|poke|p2|Ogerpon-Hearthflame, F|\n|poke|p2|Salamence, F|\n|poke|p2|Walking Wake|\n|poke|p2|Scizor, M|\n|poke|p2|Murkrow, M|\n|teampreview\n|inactive|Battle timer is ON: inactive players will automatically lose when time's up. (requested by joakota)\n|\n|t:|1700933353\n|start\n|switch|p1a: Oricorio|Oricorio-Sensu, F|100\/100\n|switch|p1b: Spinda|Spinda, M|100\/100\n|switch|p2a: Murkrow|Murkrow, M|100\/100\n|switch|p2b: Scizor|Scizor, M|100\/100\n|turn|1\n|\n|t:|1700933370\n|move|p2a: Murkrow|Taunt|p1b: Spinda\n|-start|p1b: Spinda|move: Taunt\n|move|p1a: Oricorio|Tailwind|p1a: Oricorio\n|-sidestart|p1: mcjuanito|move: Tailwind\n|cant|p1b: Spinda|move: Taunt|Teeter Dance\n|move|p2b: Scizor|Swords Dance|p2b: Scizor\n|-boost|p2b: Scizor|atk|2\n|-activate|p1a: Oricorio|ability: Dancer\n|move|p1a: Oricorio|Swords Dance|p1a: Oricorio|[from]ability: Dancer\n|-boost|p1a: Oricorio|atk|2\n|\n|upkeep\n|turn|2\n|inactive|mcjuanito has 270 seconds left.\n|\n|t:|1700933404\n|switch|p1b: Roaring Moon|Roaring Moon|100\/100\n|-enditem|p1b: Roaring Moon|Booster Energy\n|-activate|p1b: Roaring Moon|ability: Protosynthesis|[fromitem]\n|-start|p1b: Roaring Moon|protosynthesisatk\n|move|p2a: Murkrow|Tailwind|p2a: Murkrow\n|-sidestart|p2: joakota|move: Tailwind\n|move|p1a: Oricorio|Baton Pass|p1a: Oricorio\n|inactive|mcjuanito has 270 seconds left.\n|\n|t:|1700933426\n|switch|p1a: Spinda|Spinda, M|100\/100|[from] Baton Pass\n|move|p2b: Scizor|X-Scissor|p1a: Spinda\n|-damage|p1a: Spinda|0 fnt\n|faint|p1a: Spinda\n|-damage|p2b: Scizor|91\/100|[from] item: Life Orb\n|\n|upkeep\n|\n|t:|1700933439\n|switch|p1a: Oricorio|Oricorio-Sensu, F|100\/100\n|turn|3\n|inactive|mcjuanito has 270 seconds left.\n|\n|t:|1700933453\n|switch|p2a: Oricorio|Oricorio-Pom-Pom, F|100\/100\n|move|p1b: Roaring Moon|Protect|p1b: Roaring Moon\n|-singleturn|p1b: Roaring Moon|Protect\n|move|p1a: Oricorio|Teeter Dance|p2b: Scizor|[spread] p2a,p2b\n|-activate|p1b: Roaring Moon|move: Protect\n|-start|p2a: Oricorio|confusion\n|-start|p2b: Scizor|confusion\n|-activate|p2a: Oricorio|ability: Dancer\n|-activate|p2a: Oricorio|confusion\n|move|p2a: Oricorio|Teeter Dance|p1b: Roaring Moon|[from]ability: Dancer|[spread] p2b,p1a\n|-activate|p1b: Roaring Moon|move: Protect\n|-start|p1a: Oricorio|confusion\n|-activate|p2b: Scizor|confusion\n|move|p2b: Scizor|X-Scissor|p1b: Roaring Moon\n|-activate|p1b: Roaring Moon|move: Protect\n|\n|upkeep\n|turn|4\n|inactive|mcjuanito has 270 seconds left.\n|\n|t:|1700933484\n|switch|p1a: Scizor|Scizor, M|100\/100\n|-terastallize|p1b: Roaring Moon|Flying\n|move|p1b: Roaring Moon|Acrobatics|p2b: Scizor\n|-damage|p2b: Scizor|19\/100\n|-activate|p2a: Oricorio|confusion\n|move|p2a: Oricorio|Icy Wind|p1a: Scizor|[spread] p1b\n|-miss|p2a: Oricorio|p1a: Scizor\n|-supereffective|p1b: Roaring Moon\n|-damage|p1b: Roaring Moon|79\/100\n|-unboost|p1b: Roaring Moon|spe|1\n|-activate|p2b: Scizor|confusion\n|move|p2b: Scizor|X-Scissor|p1b: Roaring Moon\n|-resisted|p1b: Roaring Moon\n|-damage|p1b: Roaring Moon|7\/100\n|-damage|p2b: Scizor|9\/100|[from] item: Life Orb\n|\n|-sideend|p1: mcjuanito|move: Tailwind\n|upkeep\n|turn|5\n|inactive|mcjuanito has 270 seconds left.\n|\n|t:|1700933510\n|detailschange|p1a: Scizor|Scizor-Mega, M\n|-mega|p1a: Scizor|Scizor|Scizorite\n|move|p1b: Roaring Moon|Protect|p1b: Roaring Moon\n|-singleturn|p1b: Roaring Moon|Protect\n|-activate|p2b: Scizor|confusion\n|-damage|p2b: Scizor|0 fnt|[from] confusion\n|faint|p2b: Scizor\n|move|p1a: Scizor|Bullet Punch|p2a: Oricorio\n|-resisted|p2a: Oricorio\n|-damage|p2a: Oricorio|75\/100\n|-end|p2a: Oricorio|confusion\n|move|p2a: Oricorio|Revelation Dance|p1a: Scizor\n|-damage|p1a: Scizor|50\/100\n|\n|-sideend|p2: joakota|move: Tailwind\n|upkeep\n|inactive|joakota has 270 seconds left.\n|\n|t:|1700933530\n|switch|p2b: Ogerpon|Ogerpon-Hearthflame, F|100\/100\n|-ability|p2b: Ogerpon|Mold Breaker\n|turn|6\n|inactive|joakota has 270 seconds left.\n|inactive|mcjuanito has 270 seconds left.\n|\n|t:|1700933561\n|-end|p1b: Roaring Moon|Protosynthesis|[silent]\n|switch|p1b: Cresselia|Cresselia, F|100\/100\n|-terastallize|p2b: Ogerpon|Fire\n|detailschange|p2b: Ogerpon|Ogerpon-Hearthflame-Tera, F, tera:Fire\n|-ability|p2b: Ogerpon|Embody Aspect (Hearthflame)|boost\n|-boost|p2b: Ogerpon|atk|1\n|move|p1a: Scizor|Protect|p1a: Scizor\n|-singleturn|p1a: Scizor|Protect\n|move|p2b: Ogerpon|Swords Dance|p2b: Ogerpon\n|-boost|p2b: Ogerpon|atk|2\n|-activate|p2a: Oricorio|ability: Dancer\n|move|p2a: Oricorio|Swords Dance|p2a: Oricorio|[from]ability: Dancer\n|-boost|p2a: Oricorio|atk|2\n|move|p2a: Oricorio|Icy Wind|p1b: Cresselia|[spread] p1b\n|-activate|p1a: Scizor|move: Protect\n|-damage|p1b: Cresselia|93\/100\n|-unboost|p1b: Cresselia|spe|1\n|\n|-heal|p1b: Cresselia|99\/100|[from] item: Leftovers\n|upkeep\n|turn|7\n|inactive|mcjuanito has 270 seconds left.\n|\n|t:|1700933607\n|switch|p1a: Oricorio|Oricorio-Sensu, F|100\/100\n|move|p2b: Ogerpon|Knock Off|p1b: Cresselia\n|-supereffective|p1b: Cresselia\n|-damage|p1b: Cresselia|0 fnt\n|-enditem|p1b: Cresselia|Leftovers|[from] move: Knock Off|[of] p2b: Ogerpon\n|faint|p1b: Cresselia\n|move|p2a: Oricorio|Sunny Day|p2a: Oricorio\n|-weather|SunnyDay\n|\n|-weather|SunnyDay|[upkeep]\n|upkeep\n|inactive|mcjuanito has 240 seconds left.\n|\n|t:|1700933619\n|switch|p1b: Roaring Moon|Roaring Moon, tera:Flying|7\/100\n|-activate|p1b: Roaring Moon|ability: Protosynthesis\n|-start|p1b: Roaring Moon|protosynthesisatk\n|turn|8\n|\n|t:|1700933633\n|move|p1b: Roaring Moon|Protect|p1b: Roaring Moon\n|-singleturn|p1b: Roaring Moon|Protect\n|move|p2b: Ogerpon|Ivy Cudgel|p1b: Roaring Moon|[anim] Ivy Cudgel Fire\n|-activate|p1b: Roaring Moon|move: Protect\n|move|p1a: Oricorio|Teeter Dance|p2a: Oricorio|[spread] p2a,p2b\n|-activate|p1b: Roaring Moon|move: Protect\n|-start|p2a: Oricorio|confusion\n|-start|p2b: Ogerpon|confusion\n|-activate|p2a: Oricorio|ability: Dancer\n|-activate|p2a: Oricorio|confusion\n|-damage|p2a: Oricorio|59\/100|[from] confusion\n|-activate|p2a: Oricorio|confusion\n|move|p2a: Oricorio|Revelation Dance|p1a: Oricorio\n|-supereffective|p1a: Oricorio\n|-damage|p1a: Oricorio|0 fnt\n|faint|p1a: Oricorio\n|\n|-weather|SunnyDay|[upkeep]\n|upkeep\n|\n|t:|1700933650\n|switch|p1a: Ribombee|Ribombee, F|100\/100\n|turn|9\n|\n|t:|1700933664\n|move|p1b: Roaring Moon|Roost|p1b: Roaring Moon\n|-heal|p1b: Roaring Moon|57\/100\n|-hint|If a Flying Terastallized Pokemon uses Roost, it remains Flying-type.\n|-activate|p2b: Ogerpon|confusion\n|move|p2b: Ogerpon|Ivy Cudgel|p1a: Ribombee|[anim] Ivy Cudgel Fire\n|-supereffective|p1a: Ribombee\n|-damage|p1a: Ribombee|0 fnt\n|faint|p1a: Ribombee\n|-activate|p2a: Oricorio|confusion\n|move|p2a: Oricorio|Icy Wind|p1b: Roaring Moon\n|-supereffective|p1b: Roaring Moon\n|-damage|p1b: Roaring Moon|27\/100\n|-unboost|p1b: Roaring Moon|spe|1\n|\n|-weather|SunnyDay|[upkeep]\n|upkeep\n|\n|t:|1700933675\n|switch|p1a: Scizor|Scizor-Mega, M|50\/100\n|turn|10\n|\n|t:|1700933685\n|-end|p2b: Ogerpon|confusion\n|move|p2b: Ogerpon|Ivy Cudgel|p1a: Scizor|[anim] Ivy Cudgel Fire\n|-supereffective|p1a: Scizor\n|-damage|p1a: Scizor|0 fnt\n|faint|p1a: Scizor\n|-end|p2a: Oricorio|confusion\n|move|p2a: Oricorio|Icy Wind|p1b: Roaring Moon\n|-supereffective|p1b: Roaring Moon\n|-damage|p1b: Roaring Moon|0 fnt\n|faint|p1b: Roaring Moon\n|-end|p1b: Roaring Moon|Protosynthesis|[silent]\n|\n|win|joakota\n|player|p1|mcjuanito|101\n","uploadtime":1700933798,"views":7,"p1id":"mcjuanito","p2id":"joakota","formatid":"gen9nationaldexdoubles","rating":0,"private":0,"password":""}