{"id":"gen9nationaldexdoubles-1967716674","p1":"Mokaccino333","p2":"Young Sanity","format":"[Gen 9] National Dex Doubles","log":"|j|\u2606Mokaccino333\n|j|\u2606Young Sanity\n|t:|1697330431\n|gametype|doubles\n|player|p1|Mokaccino333|170|\n|player|p2|Young Sanity|ghetsis-gen5bw|\n|teamsize|p1|6\n|teamsize|p2|6\n|gen|9\n|tier|[Gen 9] National Dex Doubles\n|rule|HP Percentage Mod: HP is shown in percentages\n|rule|Endless Battle Clause: Forcing endless battles is banned\n|rule|OHKO Clause: OHKO moves are banned\n|rule|Evasion Moves Clause: Evasion moves are banned\n|rule|Evasion Abilities Clause: Evasion abilities are banned\n|rule|Species Clause: Limit one of each Pok\u00e9mon\n|rule|Gravity Sleep Clause: The combination of sleep-inducing moves with imperfect accuracy and Gravity or Gigantamax Orbeetle are banned\n|clearpoke\n|poke|p1|Cradily, F|\n|poke|p1|Aerodactyl, F|\n|poke|p1|Lycanroc-Dusk, F|\n|poke|p1|Nihilego|\n|poke|p1|Tyranitar, M|\n|poke|p1|Aggron, M|\n|poke|p2|Venusaur, F|\n|poke|p2|Excadrill, F|\n|poke|p2|Garchomp, F|\n|poke|p2|Tyranitar, M|\n|poke|p2|Scizor, M|\n|poke|p2|Gardevoir, M|\n|teampreview\n|\n|t:|1697330451\n|start\n|switch|p1a: Aerodactyl|Aerodactyl, F|100\/100\n|switch|p1b: Aggron|Aggron, M|100\/100\n|switch|p2a: Gardevoir|Gardevoir, M|100\/100\n|switch|p2b: Garchomp|Garchomp, F|100\/100\n|-ability|p1a: Aerodactyl|Unnerve\n|turn|1\n|\n|t:|1697330478\n|detailschange|p1b: Aggron|Aggron-Mega, M\n|-mega|p1b: Aggron|Aggron|Aggronite\n|move|p1a: Aerodactyl|Sky Drop||[still]\n|-prepare|p1a: Aerodactyl|Sky Drop|p2a: Gardevoir\n|move|p2b: Garchomp|Swords Dance|p2b: Garchomp\n|-boost|p2b: Garchomp|atk|2\n|move|p1b: Aggron|Iron Defense|p1b: Aggron\n|-boost|p1b: Aggron|def|2\n|\n|upkeep\n|turn|2\n|\n|t:|1697330490\n|move|p1a: Aerodactyl|Sky Drop|p2a: Gardevoir|[from]lockedmove\n|-damage|p2a: Gardevoir|61\/100\n|-end|p2a: Gardevoir|Sky Drop\n|move|p2b: Garchomp|Dragon Claw|p1a: Aerodactyl\n|-enditem|p1a: Aerodactyl|Focus Sash\n|-damage|p1a: Aerodactyl|1\/100\n|-damage|p2b: Garchomp|91\/100|[from] item: Life Orb\n|move|p2a: Gardevoir|Focus Blast|p1b: Aggron|[miss]\n|-miss|p2a: Gardevoir|p1b: Aggron\n|move|p1b: Aggron|Heavy Slam|p2a: Gardevoir\n|-supereffective|p2a: Gardevoir\n|-damage|p2a: Gardevoir|0 fnt\n|faint|p2a: Gardevoir\n|\n|upkeep\n|\n|t:|1697330503\n|switch|p2a: Tyranitar|Tyranitar, M|100\/100\n|-weather|Sandstorm|[from] ability: Sand Stream|[of] p2a: Tyranitar\n|turn|3\n|\n|t:|1697330511\n|detailschange|p2a: Tyranitar|Tyranitar-Mega, M\n|-mega|p2a: Tyranitar|Tyranitar|Tyranitarite\n|move|p2a: Tyranitar|Protect|p2a: Tyranitar\n|-singleturn|p2a: Tyranitar|Protect\n|move|p1a: Aerodactyl|Sky Drop||[still]\n|-prepare|p1a: Aerodactyl|Sky Drop|p2b: Garchomp\n|move|p1b: Aggron|Body Press|p2a: Tyranitar\n|-activate|p2a: Tyranitar|move: Protect\n|\n|-weather|Sandstorm|[upkeep]\n|upkeep\n|turn|4\n|\n|t:|1697330526\n|move|p1a: Aerodactyl|Sky Drop|p2b: Garchomp|[from]lockedmove\n|-crit|p2b: Garchomp\n|-damage|p2b: Garchomp|56\/100\n|-end|p2b: Garchomp|Sky Drop\n|-damage|p1a: Aerodactyl|0 fnt|[from] ability: Rough Skin|[of] p2b: Garchomp\n|faint|p1a: Aerodactyl\n|move|p2b: Garchomp|Earthquake|p1b: Aggron|[spread] p2a,p1b\n|-supereffective|p2a: Tyranitar\n|-supereffective|p1b: Aggron\n|-damage|p2a: Tyranitar|0 fnt\n|-damage|p1b: Aggron|70\/100\n|faint|p2a: Tyranitar\n|-damage|p2b: Garchomp|46\/100|[from] item: Life Orb\n|move|p1b: Aggron|Body Press|p2b: Garchomp\n|-damage|p2b: Garchomp|0 fnt\n|-damage|p1b: Aggron|57\/100|[from] ability: Rough Skin|[of] p2b: Garchomp\n|faint|p2b: Garchomp\n|\n|-weather|Sandstorm|[upkeep]\n|upkeep\n|c|\u2606Young Sanity|sky drop\n|\n|t:|1697330545\n|switch|p1a: Lycanroc|Lycanroc-Dusk, F|100\/100\n|switch|p2b: Venusaur|Venusaur, F|100\/100\n|switch|p2a: Excadrill|Excadrill, F|100\/100\n|turn|5\n|c|\u2606Young Sanity|I forgot about that move\n|\n|t:|1697330557\n|move|p2a: Excadrill|Drill Run|p1a: Lycanroc\n|-supereffective|p1a: Lycanroc\n|-damage|p1a: Lycanroc|0 fnt\n|faint|p1a: Lycanroc\n|move|p2b: Venusaur|Energy Ball|p1b: Aggron\n|-resisted|p1b: Aggron\n|-damage|p1b: Aggron|33\/100\n|move|p1b: Aggron|Body Press|p2a: Excadrill\n|-supereffective|p2a: Excadrill\n|-damage|p2a: Excadrill|0 fnt\n|faint|p2a: Excadrill\n|\n|-weather|Sandstorm|[upkeep]\n|-damage|p2b: Venusaur|95\/100|[from] Sandstorm\n|upkeep\n|c|\u2606Young Sanity|Just killed me\n|\n|t:|1697330574\n|switch|p1a: Nihilego|Nihilego|100\/100\n|switch|p2a: Scizor|Scizor, M|100\/100\n|turn|6\n|\n|t:|1697330602\n|move|p2a: Scizor|Bullet Punch|p1a: Nihilego\n|-supereffective|p1a: Nihilego\n|-damage|p1a: Nihilego|0 fnt\n|faint|p1a: Nihilego\n|move|p2b: Venusaur|Energy Ball|p1b: Aggron\n|-resisted|p1b: Aggron\n|-damage|p1b: Aggron|9\/100\n|move|p1b: Aggron|Body Press|p2a: Scizor\n|-damage|p2a: Scizor|10\/100\n|\n|-weather|Sandstorm|[upkeep]\n|-damage|p2b: Venusaur|89\/100|[from] Sandstorm\n|upkeep\n|\n|t:|1697330613\n|switch|p1a: Tyranitar|Tyranitar, M|100\/100\n|turn|7\n|\n|t:|1697330624\n|move|p2b: Venusaur|Energy Ball|p1b: Aggron\n|-resisted|p1b: Aggron\n|-damage|p1b: Aggron|0 fnt\n|faint|p1b: Aggron\n|move|p1a: Tyranitar|Rock Slide|p2a: Scizor|[spread] p2a,p2b\n|-damage|p2a: Scizor|0 fnt\n|-damage|p2b: Venusaur|37\/100\n|faint|p2a: Scizor\n|-damage|p1a: Tyranitar|91\/100|[from] item: Life Orb\n|\n|-weather|none\n|upkeep\n|\n|t:|1697330626\n|switch|p1b: Cradily|Cradily, F|100\/100\n|turn|8\n|\n|t:|1697330631\n|move|p2b: Venusaur|Sludge Bomb|p1b: Cradily\n|-damage|p1b: Cradily|71\/100\n|move|p1a: Tyranitar|Ice Punch|p2b: Venusaur\n|-supereffective|p2b: Venusaur\n|-crit|p2b: Venusaur\n|-damage|p2b: Venusaur|0 fnt\n|faint|p2b: Venusaur\n|-damage|p1a: Tyranitar|81\/100|[from] item: Life Orb\n|\n|win|Mokaccino333\n|c|\u2606Young Sanity|gg\n|l|\u2606Young Sanity\n|c|\u2606Mokaccino333|gg\n","uploadtime":1697330735,"views":11,"p1id":"mokaccino333","p2id":"youngsanity","formatid":"gen9nationaldexdoubles","rating":0,"private":0,"password":""}