{"id":"gen9nationaldexdoubles-1964397759","p1":"Skyhero752","p2":"brightecho","format":"[Gen 9] National Dex Doubles","log":"|j|\u2606Skyhero752\n|j|\u2606brightecho\n|t:|1696965505\n|gametype|doubles\n|player|p1|Skyhero752|sightseer|1221\n|player|p2|brightecho|veteranf|1159\n|teamsize|p1|6\n|teamsize|p2|6\n|gen|9\n|tier|[Gen 9] National Dex Doubles\n|rated|\n|rule|HP Percentage Mod: HP is shown in percentages\n|rule|Endless Battle Clause: Forcing endless battles is banned\n|rule|OHKO Clause: OHKO moves are banned\n|rule|Evasion Moves Clause: Evasion moves are banned\n|rule|Evasion Abilities Clause: Evasion abilities are banned\n|rule|Species Clause: Limit one of each Pok\u00e9mon\n|rule|Gravity Sleep Clause: The combination of sleep-inducing moves with imperfect accuracy and Gravity or Gigantamax Orbeetle are banned\n|clearpoke\n|poke|p1|Swoobat, F|\n|poke|p1|Togekiss, M|\n|poke|p1|Kilowattrel, M|\n|poke|p1|Pidgeot, M|\n|poke|p1|Jumpluff, F|\n|poke|p1|Gyarados, F|\n|poke|p2|Gyarados, M|\n|poke|p2|Salazzle, F|\n|poke|p2|Braviary-Hisui, M|\n|poke|p2|Sawsbuck, F|\n|poke|p2|Stonjourner, M|\n|poke|p2|Florges, F|\n|teampreview\n|\n|t:|1696965521\n|start\n|switch|p1a: Togekiss|Togekiss, M|100\/100\n|switch|p1b: Swoobat|Swoobat, F|100\/100\n|switch|p2a: Salazzle|Salazzle, F|100\/100\n|switch|p2b: Braviary|Braviary-Hisui, M, shiny|100\/100\n|turn|1\n|c|\u2606brightecho|Round 2\n|c|\u2606Skyhero752|yup yup\n|\n|t:|1696965562\n|-terastallize|p1a: Togekiss|Ghost\n|move|p2a: Salazzle|Fake Out|p1a: Togekiss\n|-immune|p1a: Togekiss\n|move|p1a: Togekiss|Fling|p1b: Swoobat\n|-supereffective|p1b: Swoobat\n|-damage|p1b: Swoobat|95\/100\n|-boost|p1b: Swoobat|spe|2|[from] item: Salac Berry\n|-enditem|p1b: Swoobat|Weakness Policy\n|-boost|p1b: Swoobat|atk|4|[from] item: Weakness Policy\n|-boost|p1b: Swoobat|spa|4|[from] item: Weakness Policy\n|-enditem|p1a: Togekiss|Salac Berry|[from] move: Fling\n|move|p1b: Swoobat|Heat Wave|p2a: Salazzle|[spread] p2a,p2b\n|-resisted|p2a: Salazzle\n|-damage|p2a: Salazzle|45\/100\n|-damage|p2b: Braviary|35\/100\n|move|p2b: Braviary|Whirlwind|p1a: Togekiss\n|drag|p1a: Kilowattrel|Kilowattrel, M|100\/100\n|\n|upkeep\n|turn|2\n|c|\u2606brightecho|I think I messed up already\n|c|\u2606brightecho|Good prediction\n|\n|t:|1696965598\n|move|p1b: Swoobat|Heat Wave|p2a: Salazzle|[spread] p2a,p2b\n|-resisted|p2a: Salazzle\n|-damage|p2a: Salazzle|0 fnt\n|-damage|p2b: Braviary|0 fnt\n|faint|p2a: Salazzle\n|faint|p2b: Braviary\n|move|p1a: Kilowattrel|Tailwind|p1a: Kilowattrel\n|-sidestart|p1: Skyhero752|move: Tailwind\n|-start|p1a: Kilowattrel|Charge|Tailwind|[from] ability: Wind Power\n|\n|upkeep\n|\n|t:|1696965605\n|switch|p2a: Florges|Florges, F|100\/100\n|switch|p2b: Sawsbuck|Sawsbuck, F|100\/100\n|turn|3\n|\n|t:|1696965625\n|-terastallize|p2b: Sawsbuck|Normal\n|move|p1b: Swoobat|Stored Power|p2a: Florges\n|-damage|p2a: Florges|0 fnt\n|faint|p2a: Florges\n|move|p1a: Kilowattrel|Electro Ball|p2b: Sawsbuck\n|-damage|p2b: Sawsbuck|14\/100\n|-end|p1a: Kilowattrel|Charge|[silent]\n|move|p2b: Sawsbuck|Body Slam|p1b: Swoobat\n|-damage|p1b: Swoobat|8\/100\n|-status|p1b: Swoobat|par\n|-damage|p2b: Sawsbuck|4\/100|[from] item: Life Orb\n|\n|upkeep\n|\n|t:|1696965632\n|switch|p2a: Stonjourner|Stonjourner, M|100\/100\n|turn|4\n|\n|t:|1696965649\n|move|p2a: Stonjourner|Protect|p2a: Stonjourner\n|-singleturn|p2a: Stonjourner|Protect\n|move|p1a: Kilowattrel|Air Cutter|p2b: Sawsbuck|[spread] p2b\n|-activate|p2a: Stonjourner|move: Protect\n|-damage|p2b: Sawsbuck|0 fnt\n|faint|p2b: Sawsbuck\n|cant|p1b: Swoobat|par\n|\n|upkeep\n|\n|t:|1696965659\n|switch|p2b: Gyarados|Gyarados, M, shiny|100\/100\n|-ability|p2b: Gyarados|Intimidate|boost\n|-unboost|p1a: Kilowattrel|atk|1\n|-unboost|p1b: Swoobat|atk|2\n|turn|5\n|\n|t:|1696965676\n|detailschange|p2b: Gyarados|Gyarados-Mega, M, shiny\n|-mega|p2b: Gyarados|Gyarados|Gyaradosite\n|-ability|p2b: Gyarados|Mold Breaker\n|move|p2a: Stonjourner|Wide Guard|p2a: Stonjourner\n|-singleturn|p2a: Stonjourner|Wide Guard\n|move|p1a: Kilowattrel|Electro Ball|p2b: Gyarados\n|-supereffective|p2b: Gyarados\n|-damage|p2b: Gyarados|47\/100\n|move|p1b: Swoobat|Energy Ball|p2b: Gyarados\n|-supereffective|p2b: Gyarados\n|-damage|p2b: Gyarados|0 fnt\n|faint|p2b: Gyarados\n|\n|-sideend|p1: Skyhero752|move: Tailwind\n|upkeep\n|turn|6\n|\n|t:|1696965689\n|move|p1a: Kilowattrel|Tailwind|p1a: Kilowattrel\n|-sidestart|p1: Skyhero752|move: Tailwind\n|-start|p1a: Kilowattrel|Charge|Tailwind|[from] ability: Wind Power\n|move|p1b: Swoobat|Stored Power|p2a: Stonjourner\n|-damage|p2a: Stonjourner|0 fnt\n|faint|p2a: Stonjourner\n|\n|win|Skyhero752\n|raw|Skyhero752's rating: 1221 &rarr; <strong>1242<\/strong><br \/>(+21 for winning)\n|raw|brightecho's rating: 1159 &rarr; <strong>1138<\/strong><br \/>(-21 for losing)\n|c|\u2606Skyhero752|gg\n|c|\u2606brightecho|Damn gg\n|l|\u2606brightecho\n","uploadtime":1696965817,"views":9,"p1id":"skyhero752","p2id":"brightecho","formatid":"gen9nationaldexdoubles","rating":1138,"private":0,"password":""}