{"id":"gen9nationaldexdoubles-1973704023","p1":"cynda3","p2":"Evaniidae","format":"[Gen 9] National Dex Doubles","log":"|j|\u2606cynda3\n|j|\u2606Evaniidae\n|t:|1698005066\n|gametype|doubles\n|player|p1|cynda3|lyra|\n|player|p2|Evaniidae|rosa|\n|teamsize|p1|6\n|teamsize|p2|6\n|gen|9\n|tier|[Gen 9] National Dex Doubles\n|rule|HP Percentage Mod: HP is shown in percentages\n|rule|Endless Battle Clause: Forcing endless battles is banned\n|rule|OHKO Clause: OHKO moves are banned\n|rule|Evasion Moves Clause: Evasion moves are banned\n|rule|Evasion Abilities Clause: Evasion abilities are banned\n|rule|Species Clause: Limit one of each Pok\u00e9mon\n|rule|Gravity Sleep Clause: The combination of sleep-inducing moves with imperfect accuracy and Gravity or Gigantamax Orbeetle are banned\n|clearpoke\n|poke|p1|Volcarona, F|\n|poke|p1|Araquanid, M|\n|poke|p1|Illumise, F|\n|poke|p1|Shuckle, M|\n|poke|p1|Pinsir, M|\n|poke|p1|Slither Wing|\n|poke|p2|Raichu, M|\n|poke|p2|Ampharos, F|\n|poke|p2|Luxray, M|\n|poke|p2|Zebstrika, F|\n|poke|p2|Eelektross, M|\n|poke|p2|Jolteon, M|\n|teampreview\n|j| gloriousplays\n|\n|t:|1698005089\n|start\n|switch|p1a: Thrickster|Illumise, F, shiny|100\/100\n|switch|p1b: Hey hola|Slither Wing|100\/100\n|switch|p2a: Ampharos|Ampharos, F|100\/100\n|switch|p2b: Eelektross|Eelektross, M|100\/100\n|turn|1\n|l| gloriousplays\n|\n|t:|1698005112\n|move|p1a: Thrickster|Trick|p2b: Eelektross\n|-activate|p1a: Thrickster|move: Trick|[of] p2b: Eelektross\n|-item|p2b: Eelektross|Choice Band|[from] move: Trick\n|-item|p1a: Thrickster|Assault Vest|[from] move: Trick\n|move|p1b: Hey hola|Close Combat|p2a: Ampharos\n|-damage|p2a: Ampharos|4\/100\n|-unboost|p1b: Hey hola|def|1\n|-unboost|p1b: Hey hola|spd|1\n|move|p2b: Eelektross|Giga Drain|p1a: Thrickster\n|-resisted|p1a: Thrickster\n|-damage|p1a: Thrickster|94\/100\n|move|p2a: Ampharos|Dragon Pulse|p1b: Hey hola\n|-damage|p1b: Hey hola|54\/100\n|\n|upkeep\n|turn|2\n|\n|t:|1698005150\n|switch|p2b: Raichu|Raichu, M|100\/100\n|move|p1b: Hey hola|Close Combat|p2b: Raichu\n|-damage|p2b: Raichu|0 fnt\n|-unboost|p1b: Hey hola|def|1\n|-unboost|p1b: Hey hola|spd|1\n|-status|p1b: Hey hola|par|[from] ability: Static|[of] p2b: Raichu\n|faint|p2b: Raichu\n|-activate|p1a: Thrickster|move: Struggle\n|move|p1a: Thrickster|Struggle|p2a: Ampharos\n|-damage|p2a: Ampharos|0 fnt\n|faint|p2a: Ampharos\n|-damage|p1a: Thrickster|68\/100|[from] recoil\n|\n|upkeep\n|\n|t:|1698005164\n|switch|p2b: Zebstrika|Zebstrika, F|100\/100\n|switch|p2a: Luxray|Luxray, M|100\/100\n|-ability|p2a: Luxray|Intimidate|boost\n|-unboost|p1a: Thrickster|atk|1\n|-unboost|p1b: Hey hola|atk|1\n|turn|3\n|\n|t:|1698005187\n|-end|p1b: Hey hola|Protosynthesis|[silent]\n|switch|p1b: Caracol|Shuckle, M, shiny|100\/100\n|move|p2b: Zebstrika|Volt Switch|p1a: Thrickster\n|-crit|p1a: Thrickster\n|-damage|p1a: Thrickster|49\/100\n|\n|t:|1698005199\n|switch|p2b: Eelektross|Eelektross, M|100\/100|[from] Volt Switch\n|move|p2a: Luxray|Thunderbolt|p1b: Caracol\n|-damage|p1b: Caracol|76\/100\n|-damage|p2a: Luxray|91\/100|[from] item: Life Orb\n|-activate|p1a: Thrickster|move: Struggle\n|move|p1a: Thrickster|Struggle|p2a: Luxray\n|-damage|p2a: Luxray|86\/100\n|-damage|p1a: Thrickster|24\/100|[from] recoil\n|\n|-heal|p1b: Caracol|82\/100|[from] item: Leftovers\n|upkeep\n|turn|4\n|\n|t:|1698005231\n|move|p2a: Luxray|Crunch|p1b: Caracol\n|-damage|p1b: Caracol|62\/100\n|-boost|p1b: Caracol|def|1\n|-damage|p2a: Luxray|76\/100|[from] item: Life Orb\n|-activate|p1a: Thrickster|move: Struggle\n|move|p1a: Thrickster|Struggle|p2b: Eelektross\n|-damage|p2b: Eelektross|97\/100\n|-damage|p1a: Thrickster|0 fnt|[from] recoil\n|faint|p1a: Thrickster\n|move|p2b: Eelektross|Flamethrower|p1b: Caracol\n|-damage|p1b: Caracol|45\/100\n|move|p1b: Caracol|Sticky Web|p2a: Luxray\n|-sidestart|p2: Evaniidae|move: Sticky Web\n|\n|-heal|p1b: Caracol|51\/100|[from] item: Leftovers\n|upkeep\n|\n|t:|1698005240\n|switch|p1a: Hey hola|Slither Wing|54\/100 par\n|turn|5\n|\n|t:|1698005255\n|move|p1a: Hey hola|First Impression|p2a: Luxray\n|-damage|p2a: Luxray|0 fnt\n|faint|p2a: Luxray\n|move|p2b: Eelektross|Flamethrower|p1b: Caracol\n|-damage|p1b: Caracol|37\/100\n|move|p1b: Caracol|Stealth Rock|p2b: Eelektross\n|-sidestart|p2: Evaniidae|move: Stealth Rock\n|\n|-heal|p1b: Caracol|43\/100|[from] item: Leftovers\n|upkeep\n|\n|t:|1698005265\n|switch|p2a: Jolteon|Jolteon, M|100\/100\n|-activate|p2a: Jolteon|move: Sticky Web\n|-unboost|p2a: Jolteon|spe|1\n|-damage|p2a: Jolteon|88\/100|[from] Stealth Rock\n|turn|6\n|\n|t:|1698005278\n|-end|p1a: Hey hola|Protosynthesis|[silent]\n|switch|p1a: Mvp|Volcarona, F, shiny|100\/100\n|move|p2a: Jolteon|Thunderbolt|p1a: Mvp\n|-damage|p1a: Mvp|58\/100\n|move|p2b: Eelektross|Flamethrower|p1b: Caracol\n|-damage|p1b: Caracol|28\/100\n|move|p1b: Caracol|Infestation|p2b: Eelektross\n|-damage|p2b: Eelektross|95\/100\n|-activate|p2b: Eelektross|move: Infestation|[of] p1b: Caracol\n|\n|-heal|p2a: Jolteon|94\/100|[from] item: Leftovers\n|-heal|p1b: Caracol|34\/100|[from] item: Leftovers\n|-damage|p2b: Eelektross|83\/100|[from] move: Infestation|[partiallytrapped]\n|upkeep\n|turn|7\n|\n|t:|1698005302\n|move|p1a: Mvp|Quiver Dance|p1a: Mvp\n|-boost|p1a: Mvp|spa|1\n|-boost|p1a: Mvp|spd|1\n|-boost|p1a: Mvp|spe|1\n|move|p2a: Jolteon|Thunderbolt|p1a: Mvp\n|-damage|p1a: Mvp|27\/100\n|move|p2b: Eelektross|Flamethrower|p1b: Caracol\n|-damage|p1b: Caracol|18\/100\n|move|p1b: Caracol|Infestation|p2a: Jolteon\n|-damage|p2a: Jolteon|92\/100\n|-activate|p2a: Jolteon|move: Infestation|[of] p1b: Caracol\n|\n|-heal|p2a: Jolteon|98\/100|[from] item: Leftovers\n|-heal|p1b: Caracol|24\/100|[from] item: Leftovers\n|-damage|p2a: Jolteon|86\/100|[from] move: Infestation|[partiallytrapped]\n|-damage|p2b: Eelektross|71\/100|[from] move: Infestation|[partiallytrapped]\n|upkeep\n|turn|8\n|\n|t:|1698005321\n|move|p1a: Mvp|Giga Drain|p2b: Eelektross\n|-damage|p2b: Eelektross|19\/100\n|-heal|p1a: Mvp|58\/100|[from] drain|[of] p2b: Eelektross\n|move|p2a: Jolteon|Thunderbolt|p1a: Mvp\n|-damage|p1a: Mvp|30\/100\n|-status|p1a: Mvp|par\n|move|p2b: Eelektross|Flamethrower|p1b: Caracol\n|-damage|p1b: Caracol|7\/100\n|move|p1b: Caracol|Toxic|p2a: Jolteon\n|-status|p2a: Jolteon|tox\n|\n|-heal|p2a: Jolteon|92\/100 tox|[from] item: Leftovers\n|-heal|p1b: Caracol|13\/100|[from] item: Leftovers\n|-damage|p2a: Jolteon|86\/100 tox|[from] psn\n|-damage|p2a: Jolteon|73\/100 tox|[from] move: Infestation|[partiallytrapped]\n|-damage|p2b: Eelektross|6\/100|[from] move: Infestation|[partiallytrapped]\n|upkeep\n|turn|9\n|\n|t:|1698005343\n|move|p2a: Jolteon|Thunderbolt|p1a: Mvp\n|-damage|p1a: Mvp|0 fnt\n|faint|p1a: Mvp\n|move|p2b: Eelektross|Flamethrower|p1b: Caracol\n|-damage|p1b: Caracol|0 fnt\n|faint|p1b: Caracol\n|\n|-heal|p2a: Jolteon|79\/100 tox|[from] item: Leftovers\n|-damage|p2a: Jolteon|67\/100 tox|[from] psn\n|-end|p2a: Jolteon|Infestation|[partiallytrapped]|[silent]\n|-end|p2b: Eelektross|Infestation|[partiallytrapped]|[silent]\n|upkeep\n|\n|t:|1698005347\n|switch|p1a: Hey hola|Slither Wing|54\/100 par\n|switch|p1b: FIUMMMMMM|Pinsir, M|100\/100\n|turn|10\n|\n|t:|1698005360\n|detailschange|p1b: FIUMMMMMM|Pinsir-Mega, M\n|-mega|p1b: FIUMMMMMM|Pinsir|Pinsirite\n|move|p1a: Hey hola|First Impression|p2a: Jolteon\n|-damage|p2a: Jolteon|0 fnt\n|faint|p2a: Jolteon\n|move|p1b: FIUMMMMMM|Quick Attack|p2b: Eelektross\n|-resisted|p2b: Eelektross\n|-damage|p2b: Eelektross|0 fnt\n|faint|p2b: Eelektross\n|\n|upkeep\n|\n|t:|1698005375\n|switch|p2b: Zebstrika|Zebstrika, F|100\/100\n|-activate|p2b: Zebstrika|move: Sticky Web\n|-unboost|p2b: Zebstrika|spe|1\n|-damage|p2b: Zebstrika|88\/100|[from] Stealth Rock\n|turn|11\n|\n|t:|1698005386\n|-end|p1a: Hey hola|Protosynthesis|[silent]\n|switch|p1a: Ara\u00f1ita|Araquanid, M, shiny|100\/100\n|move|p1b: FIUMMMMMM|Knock Off|p2b: Zebstrika\n|-damage|p2b: Zebstrika|26\/100\n|-enditem|p2b: Zebstrika|Focus Sash|[from] move: Knock Off|[of] p1b: FIUMMMMMM\n|move|p2b: Zebstrika|Volt Switch|p1b: FIUMMMMMM\n|-supereffective|p1b: FIUMMMMMM\n|-damage|p1b: FIUMMMMMM|41\/100\n|\n|upkeep\n|turn|12\n|\n|t:|1698005398\n|move|p1b: FIUMMMMMM|X-Scissor|p2b: Zebstrika\n|-damage|p2b: Zebstrika|0 fnt\n|faint|p2b: Zebstrika\n|\n|win|cynda3\n","uploadtime":1698005404,"views":11,"p1id":"cynda3","p2id":"evaniidae","formatid":"gen9nationaldexdoubles","rating":0,"private":0,"password":""}