{"id":"gen9nationaldexdoubles-1964013964","p1":"dupoludek","p2":"georgexiii","format":"[Gen 9] National Dex Doubles","log":"|j|\u2606dupoludek\n|j|\u2606georgexiii\n|t:|1696930323\n|gametype|doubles\n|player|p1|dupoludek|teamrocket|1025\n|player|p2|georgexiii|birdkeeper-gen4dp|1124\n|teamsize|p1|6\n|teamsize|p2|6\n|gen|9\n|tier|[Gen 9] National Dex Doubles\n|rated|\n|rule|HP Percentage Mod: HP is shown in percentages\n|rule|Endless Battle Clause: Forcing endless battles is banned\n|rule|OHKO Clause: OHKO moves are banned\n|rule|Evasion Moves Clause: Evasion moves are banned\n|rule|Evasion Abilities Clause: Evasion abilities are banned\n|rule|Species Clause: Limit one of each Pok\u00e9mon\n|rule|Gravity Sleep Clause: The combination of sleep-inducing moves with imperfect accuracy and Gravity or Gigantamax Orbeetle are banned\n|clearpoke\n|poke|p1|Eevee, F|\n|poke|p1|Latios, M|\n|poke|p1|Flamigo, F|\n|poke|p1|Lapras, M|\n|poke|p1|Shuckle, F|\n|poke|p1|Sinistcha-Masterpiece|\n|poke|p2|Ribombee, F|\n|poke|p2|Oricorio-Pom-Pom, F|\n|poke|p2|Clefable, F|\n|poke|p2|Primarina, M|\n|poke|p2|Chandelure, F|\n|poke|p2|Lopunny, F|\n|teampreview\n|c|\u2606dupoludek|hello\n|c|\u2606georgexiii|hiii\n|c|\u2606georgexiii|hru\n|c|\u2606dupoludek|i maked a new team like a 10 seconds ago\n|c|\u2606dupoludek|made*\n|c|\u2606georgexiii|I edited mine a tad\n|c|\u2606georgexiii|I like how cute my team is\n|c|\u2606dupoludek|i never tested this team\n|c|\u2606georgexiii|well this is a good test\n|c|\u2606dupoludek|okay\n|c|\u2606georgexiii|since you generally know what im going for\n|\n|t:|1696930398\n|start\n|switch|p1a: Fujara|Latios, M|100\/100\n|switch|p1b: Krokodyl|Eevee, F|100\/100\n|switch|p2a: President Barbie|Lopunny, F, shiny|100\/100\n|switch|p2b: John Cena|Primarina, M, shiny|100\/100\n|turn|1\n|\n|t:|1696930431\n|detailschange|p1a: Fujara|Latios-Mega, M\n|-mega|p1a: Fujara|Latios|Latiosite\n|detailschange|p2a: President Barbie|Lopunny-Mega, F, shiny\n|-mega|p2a: President Barbie|Lopunny|Lopunnite\n|move|p2a: President Barbie|Fake Out|p1a: Fujara\n|-damage|p1a: Fujara|77\/100\n|cant|p1a: Fujara|flinch\n|move|p2b: John Cena|Psych Up|p1b: Krokodyl\n|-copyboost|p2b: John Cena|p1b: Krokodyl|[from] move: Psych Up\n|-zpower|p1b: Krokodyl\n|move|p1b: Krokodyl|Extreme Evoboost|p1b: Krokodyl\n|-boost|p1b: Krokodyl|atk|2\n|-boost|p1b: Krokodyl|def|2\n|-boost|p1b: Krokodyl|spa|2\n|-boost|p1b: Krokodyl|spd|2\n|-boost|p1b: Krokodyl|spe|2\n|\n|upkeep\n|turn|2\n|c|\u2606georgexiii|ugh\n|c|\u2606dupoludek|its popular eevee strat but i still like it\n|\n|t:|1696930471\n|switch|p2a: Cream|Oricorio-Pom-Pom, F, shiny|100\/100\n|move|p1a: Fujara|Psychic|p2a: Cream\n|-damage|p2a: Cream|29\/100\n|move|p1b: Krokodyl|Baton Pass|p1b: Krokodyl\n|c|\u2606georgexiii|no im just sad I missed\n|\n|t:|1696930477\n|switch|p1b: Annihilator|Shuckle, F|100\/100|[from] Baton Pass\n|move|p2b: John Cena|Psych Up|p1b: Annihilator\n|-copyboost|p2b: John Cena|p1b: Annihilator|[from] move: Psych Up\n|\n|-heal|p2a: Cream|35\/100|[from] item: Leftovers\n|upkeep\n|turn|3\n|c|\u2606dupoludek|we are op both now\n|\n|t:|1696930505\n|switch|p1a: FlanelowyZiomo|Flamigo, F|100\/100\n|-copyboost|p1a: FlanelowyZiomo|p1b: Annihilator|[from] ability: Costar\n|move|p2b: John Cena|Draining Kiss|p1a: FlanelowyZiomo\n|-supereffective|p1a: FlanelowyZiomo\n|-crit|p1a: FlanelowyZiomo\n|-damage|p1a: FlanelowyZiomo|0 fnt\n|faint|p1a: FlanelowyZiomo\n|move|p2a: Cream|Substitute|p2a: Cream\n|-start|p2a: Cream|Substitute\n|-damage|p2a: Cream|10\/100\n|move|p1b: Annihilator|Acupressure|p1b: Annihilator\n|-boost|p1b: Annihilator|spd|2\n|\n|-heal|p2a: Cream|17\/100|[from] item: Leftovers\n|upkeep\n|\n|t:|1696930524\n|switch|p1a: Glucio|Sinistcha-Masterpiece|100\/100\n|turn|4\n|\n|t:|1696930536\n|move|p2b: John Cena|Scald|p1b: Annihilator\n|-supereffective|p1b: Annihilator\n|-damage|p1b: Annihilator|57\/100\n|move|p2a: Cream|Icy Wind|p1b: Annihilator|[spread] p1a,p1b\n|-supereffective|p1a: Glucio\n|-damage|p1a: Glucio|80\/100\n|-damage|p1b: Annihilator|54\/100\n|-unboost|p1a: Glucio|spe|1\n|-unboost|p1b: Annihilator|spe|1\n|move|p1a: Glucio|Stun Spore|p2b: John Cena\n|-status|p2b: John Cena|par\n|move|p1b: Annihilator|Acupressure|p1b: Annihilator\n|-boost|p1b: Annihilator|evasion|2\n|\n|-heal|p2a: Cream|23\/100|[from] item: Leftovers\n|-heal|p1a: Glucio|86\/100|[from] item: Leftovers\n|upkeep\n|turn|5\n|\n|t:|1696930564\n|move|p2a: Cream|Revelation Dance|p1b: Annihilator|[miss]\n|-miss|p2a: Cream|p1b: Annihilator\n|cant|p2b: John Cena|par\n|move|p1a: Glucio|Matcha Gotcha|p2b: John Cena|[spread] p2a,p2b\n|-resisted|p2a: Cream\n|-activate|p2a: Cream|move: Substitute|[damage]\n|-heal|p1a: Glucio|96\/100|[from] drain|[of] p2a: Cream\n|-supereffective|p2b: John Cena\n|-damage|p2b: John Cena|76\/100 par\n|-heal|p1a: Glucio|100\/100|[from] drain|[of] p2b: John Cena\n|move|p1b: Annihilator|Acupressure|p1b: Annihilator\n|-boost|p1b: Annihilator|atk|2\n|\n|-heal|p2a: Cream|29\/100|[from] item: Leftovers\n|upkeep\n|turn|6\n|\n|t:|1696930594\n|move|p2a: Cream|Revelation Dance|p1b: Annihilator|[miss]\n|-miss|p2a: Cream|p1b: Annihilator\n|move|p2b: John Cena|Scald|p1b: Annihilator\n|-supereffective|p1b: Annihilator\n|-damage|p1b: Annihilator|7\/100\n|move|p1a: Glucio|Matcha Gotcha|p2a: Cream|[spread] p2a,p2b\n|-resisted|p2a: Cream\n|-end|p2a: Cream|Substitute\n|-supereffective|p2b: John Cena\n|-damage|p2b: John Cena|51\/100 par\n|move|p1b: Annihilator|Acupressure|p1b: Annihilator\n|-boost|p1b: Annihilator|evasion|2\n|\n|-heal|p2a: Cream|35\/100|[from] item: Leftovers\n|upkeep\n|turn|7\n|\n|t:|1696930622\n|switch|p1a: W\u0142odek|Lapras, M|100\/100\n|move|p2a: Cream|Icy Wind|p1a: W\u0142odek|[spread] p1a\n|-miss|p2a: Cream|p1b: Annihilator\n|-resisted|p1a: W\u0142odek\n|-damage|p1a: W\u0142odek|99\/100\n|-unboost|p1a: W\u0142odek|spe|1\n|move|p2b: John Cena|Draining Kiss|p1a: W\u0142odek\n|-damage|p1a: W\u0142odek|61\/100\n|-heal|p2b: John Cena|90\/100 par|[from] drain|[of] p1a: W\u0142odek\n|-damage|p2b: John Cena|74\/100 par|[from] item: Rocky Helmet|[of] p1a: W\u0142odek\n|move|p1b: Annihilator|Rest|p1b: Annihilator\n|-status|p1b: Annihilator|slp|[from] move: Rest\n|-heal|p1b: Annihilator|100\/100 slp|[silent]\n|\n|-heal|p2a: Cream|41\/100|[from] item: Leftovers\n|upkeep\n|turn|8\n|c|\u2606georgexiii|omg\n|\n|t:|1696930655\n|move|p2a: Cream|Substitute|p2a: Cream\n|-start|p2a: Cream|Substitute\n|-damage|p2a: Cream|17\/100\n|move|p2b: John Cena|Scald|p1a: W\u0142odek\n|-heal|p1a: W\u0142odek|86\/100|[from] ability: Water Absorb|[of] p2b: John Cena\n|move|p1a: W\u0142odek|Life Dew||[still]|[spread] p1a,p1b\n|-heal|p1a: W\u0142odek|100\/100\n|-fail|p1b: Annihilator|heal\n|cant|p1b: Annihilator|slp\n|\n|-heal|p2a: Cream|23\/100|[from] item: Leftovers\n|upkeep\n|turn|9\n|c|\u2606georgexiii|lol\n|\n|t:|1696930690\n|move|p2a: Cream|Revelation Dance|p1a: W\u0142odek\n|-supereffective|p1a: W\u0142odek\n|-damage|p1a: W\u0142odek|60\/100\n|move|p2b: John Cena|Draining Kiss|p1a: W\u0142odek\n|-damage|p1a: W\u0142odek|25\/100\n|-heal|p2b: John Cena|100\/100 par|[from] drain|[of] p1a: W\u0142odek\n|-damage|p2b: John Cena|84\/100 par|[from] item: Rocky Helmet|[of] p1a: W\u0142odek\n|move|p1a: W\u0142odek|Life Dew||[still]|[spread] p1a,p1b\n|-heal|p1a: W\u0142odek|50\/100\n|-fail|p1b: Annihilator|heal\n|cant|p1b: Annihilator|slp\n|\n|-heal|p2a: Cream|29\/100|[from] item: Leftovers\n|upkeep\n|turn|10\n|\n|t:|1696930711\n|move|p2a: Cream|Quiver Dance|p2a: Cream\n|-boost|p2a: Cream|spa|1\n|-boost|p2a: Cream|spd|1\n|-boost|p2a: Cream|spe|1\n|move|p2b: John Cena|Draining Kiss|p1a: W\u0142odek\n|-damage|p1a: W\u0142odek|15\/100\n|-heal|p2b: John Cena|100\/100 par|[from] drain|[of] p1a: W\u0142odek\n|-damage|p2b: John Cena|84\/100 par|[from] item: Rocky Helmet|[of] p1a: W\u0142odek\n|move|p1a: W\u0142odek|Life Dew||[still]|[spread] p1a,p1b\n|-heal|p1a: W\u0142odek|40\/100\n|-fail|p1b: Annihilator|heal\n|-curestatus|p1b: Annihilator|slp|[msg]\n|move|p1b: Annihilator|Acupressure|p1b: Annihilator\n|-boost|p1b: Annihilator|spe|2\n|\n|-heal|p2a: Cream|35\/100|[from] item: Leftovers\n|upkeep\n|turn|11\n|\n|t:|1696930736\n|move|p2a: Cream|Quiver Dance|p2a: Cream\n|-boost|p2a: Cream|spa|1\n|-boost|p2a: Cream|spd|1\n|-boost|p2a: Cream|spe|1\n|cant|p2b: John Cena|par\n|move|p1a: W\u0142odek|Life Dew||[still]|[spread] p1a,p1b\n|-heal|p1a: W\u0142odek|65\/100\n|-fail|p1b: Annihilator|heal\n|move|p1b: Annihilator|Acupressure|p1b: Annihilator\n|-boost|p1b: Annihilator|spa|2\n|\n|-heal|p2a: Cream|41\/100|[from] item: Leftovers\n|upkeep\n|turn|12\n|c|\u2606dupoludek|this fight is very interesting...\n|\n|t:|1696930776\n|move|p2a: Cream|Quiver Dance|p2a: Cream\n|-boost|p2a: Cream|spa|1\n|-boost|p2a: Cream|spd|1\n|-boost|p2a: Cream|spe|1\n|cant|p2b: John Cena|par\n|move|p1a: W\u0142odek|Life Dew||[still]|[spread] p1a,p1b\n|-heal|p1a: W\u0142odek|90\/100\n|-fail|p1b: Annihilator|heal\n|move|p1b: Annihilator|Acupressure|p1b: Annihilator\n|-boost|p1b: Annihilator|spa|2\n|\n|-heal|p2a: Cream|48\/100|[from] item: Leftovers\n|upkeep\n|turn|13\n|c|\u2606georgexiii|Agreed\n|\n|t:|1696930795\n|move|p2a: Cream|Revelation Dance|p1a: W\u0142odek\n|-supereffective|p1a: W\u0142odek\n|-damage|p1a: W\u0142odek|0 fnt\n|faint|p1a: W\u0142odek\n|cant|p2b: John Cena|par\n|move|p1b: Annihilator|Acupressure|p1b: Annihilator\n|-boost|p1b: Annihilator|atk|2\n|\n|-heal|p2a: Cream|54\/100|[from] item: Leftovers\n|upkeep\n|c|\u2606dupoludek|idk what to thiink\n|\n|t:|1696930814\n|switch|p1a: Glucio|Sinistcha-Masterpiece|100\/100\n|turn|14\n|\n|t:|1696930828\n|move|p2a: Cream|Icy Wind|p1b: Annihilator|[spread] p1a,p1b\n|-supereffective|p1a: Glucio\n|-damage|p1a: Glucio|50\/100\n|-damage|p1b: Annihilator|94\/100\n|-unboost|p1a: Glucio|spe|1\n|-unboost|p1b: Annihilator|spe|1\n|cant|p2b: John Cena|par\n|move|p1a: Glucio|Night Shade|p2a: Cream\n|-end|p2a: Cream|Substitute\n|move|p1b: Annihilator|Acupressure|p1b: Annihilator\n|-boost|p1b: Annihilator|accuracy|2\n|\n|-heal|p2a: Cream|60\/100|[from] item: Leftovers\n|-heal|p1a: Glucio|56\/100|[from] item: Leftovers\n|upkeep\n|turn|15\n|c|\u2606georgexiii|This para\n|\n|t:|1696930855\n|move|p2a: Cream|Substitute|p2a: Cream\n|-start|p2a: Cream|Substitute\n|-damage|p2a: Cream|35\/100\n|move|p2b: John Cena|Psych Up|p1b: Annihilator\n|-copyboost|p2b: John Cena|p1b: Annihilator|[from] move: Psych Up\n|move|p1a: Glucio|Matcha Gotcha|p2b: John Cena|[spread] p2a,p2b\n|-resisted|p2a: Cream\n|-activate|p2a: Cream|move: Substitute|[damage]\n|-heal|p1a: Glucio|61\/100|[from] drain|[of] p2a: Cream\n|-supereffective|p2b: John Cena\n|-damage|p2b: John Cena|67\/100 par\n|-heal|p1a: Glucio|70\/100|[from] drain|[of] p2b: John Cena\n|move|p1b: Annihilator|Acupressure|p1b: Annihilator\n|-boost|p1b: Annihilator|accuracy|2\n|\n|-heal|p2a: Cream|41\/100|[from] item: Leftovers\n|-heal|p1a: Glucio|76\/100|[from] item: Leftovers\n|upkeep\n|turn|16\n|c|\u2606georgexiii|Yes\n|c|\u2606dupoludek|im probably about to lose but it was fun\n|c|\u2606georgexiii|Lol\n|\n|t:|1696930909\n|move|p2a: Cream|Icy Wind|p1b: Annihilator|[spread] p1a\n|-miss|p2a: Cream|p1b: Annihilator\n|-supereffective|p1a: Glucio\n|-damage|p1a: Glucio|27\/100\n|-unboost|p1a: Glucio|spe|1\n|cant|p2b: John Cena|par\n|move|p1a: Glucio|Matcha Gotcha|p2a: Cream|[spread] p2a\n|-miss|p1a: Glucio|p2b: John Cena\n|-resisted|p2a: Cream\n|-activate|p2a: Cream|move: Substitute|[damage]\n|-heal|p1a: Glucio|31\/100|[from] drain|[of] p2a: Cream\n|move|p1b: Annihilator|Acupressure|p1b: Annihilator\n|-boost|p1b: Annihilator|evasion|2\n|\n|-heal|p2a: Cream|48\/100|[from] item: Leftovers\n|-heal|p1a: Glucio|37\/100|[from] item: Leftovers\n|upkeep\n|turn|17\n|c|\u2606georgexiii|we will see\n|c|\u2606georgexiii|This insane para\n|\n|t:|1696930955\n|move|p2a: Cream|Icy Wind|p1a: Glucio|[spread] p1a\n|-miss|p2a: Cream|p1b: Annihilator\n|-supereffective|p1a: Glucio\n|-crit|p1a: Glucio\n|-damage|p1a: Glucio|0 fnt\n|faint|p1a: Glucio\n|move|p2b: John Cena|Scald|p1b: Annihilator|[miss]\n|-miss|p2b: John Cena|p1b: Annihilator\n|-enditem|p2b: John Cena|Blunder Policy\n|-boost|p2b: John Cena|spe|2\n|move|p1b: Annihilator|Rock Slide|p2b: John Cena|[spread] p2a,p2b\n|-supereffective|p2a: Cream\n|-end|p2a: Cream|Substitute\n|-damage|p2b: John Cena|49\/100 par\n|\n|-heal|p2a: Cream|54\/100|[from] item: Leftovers\n|upkeep\n|\n|t:|1696930982\n|switch|p1a: Krokodyl|Eevee, F|100\/100\n|turn|18\n|\n|t:|1696930995\n|-terastallize|p2b: John Cena|Steel\n|move|p1a: Krokodyl|Protect|p1a: Krokodyl\n|-singleturn|p1a: Krokodyl|Protect\n|move|p2a: Cream|Substitute|p2a: Cream\n|-start|p2a: Cream|Substitute\n|-damage|p2a: Cream|29\/100\n|cant|p2b: John Cena|par\n|move|p1b: Annihilator|Rock Slide|p2b: John Cena|[spread] p2a,p2b\n|-supereffective|p2a: Cream\n|-end|p2a: Cream|Substitute\n|-resisted|p2b: John Cena\n|-damage|p2b: John Cena|40\/100 par\n|\n|-heal|p2a: Cream|35\/100|[from] item: Leftovers\n|upkeep\n|turn|19\n|\n|t:|1696931025\n|move|p1a: Krokodyl|Protect|p1a: Krokodyl\n|-singleturn|p1a: Krokodyl|Protect\n|move|p2a: Cream|Substitute|p2a: Cream\n|-start|p2a: Cream|Substitute\n|-damage|p2a: Cream|10\/100\n|move|p2b: John Cena|Draining Kiss|p1a: Krokodyl\n|-activate|p1a: Krokodyl|move: Protect\n|move|p1b: Annihilator|Earthquake|p2b: John Cena|[spread] p2b\n|-activate|p1a: Krokodyl|move: Protect\n|-immune|p2a: Cream\n|-supereffective|p2b: John Cena\n|-damage|p2b: John Cena|4\/100 par\n|\n|-heal|p2a: Cream|17\/100|[from] item: Leftovers\n|upkeep\n|turn|20\n|c|\u2606georgexiii|oh my god\n|\n|t:|1696931047\n|move|p1a: Krokodyl|Quick Attack|p2b: John Cena\n|-resisted|p2b: John Cena\n|-damage|p2b: John Cena|0 fnt\n|faint|p2b: John Cena\n|move|p2a: Cream|Revelation Dance|p1a: Krokodyl\n|-damage|p1a: Krokodyl|0 fnt\n|faint|p1a: Krokodyl\n|move|p1b: Annihilator|Earthquake|p2a: Cream\n|-immune|p2a: Cream\n|\n|-heal|p2a: Cream|23\/100|[from] item: Leftovers\n|upkeep\n|c|\u2606georgexiii|OH\n|c|\u2606georgexiii|MY GOD\n|\n|t:|1696931066\n|switch|p2b: Midge|Clefable, F|100\/100\n|switch|p1a: Fujara|Latios-Mega, M|77\/100\n|turn|21\n|c|\u2606dupoludek|i have a chance to win!\n|\n|t:|1696931102\n|move|p2a: Cream|Quiver Dance|p2a: Cream\n|-boost|p2a: Cream|spa|1\n|-boost|p2a: Cream|spd|1\n|-boost|p2a: Cream|spe|1\n|move|p1a: Fujara|Psychic|p2b: Midge\n|-damage|p2b: Midge|61\/100\n|move|p2b: Midge|Wish|p2b: Midge\n|move|p1b: Annihilator|Rock Slide|p2a: Cream|[spread] p2a,p2b\n|-supereffective|p2a: Cream\n|-end|p2a: Cream|Substitute\n|-damage|p2b: Midge|32\/100\n|\n|-heal|p2a: Cream|29\/100|[from] item: Leftovers\n|upkeep\n|turn|22\n|\n|t:|1696931130\n|move|p2a: Cream|Substitute|p2a: Cream\n|-start|p2a: Cream|Substitute\n|-damage|p2a: Cream|4\/100\n|move|p1a: Fujara|Psychic|p2b: Midge\n|-damage|p2b: Midge|0 fnt\n|faint|p2b: Midge\n|move|p1b: Annihilator|Rock Slide|p2a: Cream\n|-supereffective|p2a: Cream\n|-end|p2a: Cream|Substitute\n|\n|-heal|p2a: Cream|10\/100|[from] item: Leftovers\n|upkeep\n|\n|t:|1696931136\n|switch|p2b: President Barbie|Lopunny-Mega, F, shiny|100\/100\n|turn|23\n|\n|t:|1696931158\n|move|p2b: President Barbie|Fake Out|p1b: Annihilator\n|-resisted|p1b: Annihilator\n|-damage|p1b: Annihilator|89\/100\n|-damage|p2b: President Barbie|84\/100|[from] item: Rocky Helmet|[of] p1b: Annihilator\n|move|p2a: Cream|Revelation Dance|p1a: Fujara\n|-resisted|p1a: Fujara\n|-damage|p1a: Fujara|31\/100\n|move|p1a: Fujara|Psychic|p2b: President Barbie\n|-supereffective|p2b: President Barbie\n|-damage|p2b: President Barbie|0 fnt\n|faint|p2b: President Barbie\n|cant|p1b: Annihilator|flinch\n|\n|-heal|p2a: Cream|17\/100|[from] item: Leftovers\n|upkeep\n|\n|t:|1696931169\n|switch|p2b: Blue|Ribombee, F, shiny|100\/100\n|turn|24\n|\n|t:|1696931184\n|move|p2a: Cream|Icy Wind|p1a: Fujara|[spread] p1a\n|-miss|p2a: Cream|p1b: Annihilator\n|-supereffective|p1a: Fujara\n|-damage|p1a: Fujara|0 fnt\n|faint|p1a: Fujara\n|move|p2b: Blue|Moonblast|p1b: Annihilator\n|-damage|p1b: Annihilator|72\/100\n|-unboost|p1b: Annihilator|spa|1\n|-damage|p2b: Blue|91\/100|[from] item: Life Orb\n|move|p1b: Annihilator|Rock Slide|p2b: Blue|[spread] p2a,p2b\n|-supereffective|p2a: Cream\n|-supereffective|p2b: Blue\n|-damage|p2a: Cream|0 fnt\n|-damage|p2b: Blue|0 fnt\n|faint|p2a: Cream\n|faint|p2b: Blue\n|\n|upkeep\n|\n|t:|1696931194\n|switch|p2b: Teehee|Chandelure, F|100\/100\n|turn|25\n|c|\u2606georgexiii|jfc\n|\n|t:|1696931222\n|move|p2b: Teehee|Substitute|p2b: Teehee\n|-start|p2b: Teehee|Substitute\n|-damage|p2b: Teehee|76\/100\n|move|p1b: Annihilator|Rock Slide|p2b: Teehee\n|-supereffective|p2b: Teehee\n|-end|p2b: Teehee|Substitute\n|\n|upkeep\n|turn|26\n|c|\u2606georgexiii|this is ridiculous\n|c|\u2606dupoludek|okay i like this team\n|c|\u2606georgexiii|the levee is really killing me\n|c|\u2606dupoludek|i also realy like your team\n|c|\u2606georgexiii|eevee*\n|c|\u2606georgexiii|also ty\n|\n|t:|1696931256\n|move|p2b: Teehee|Substitute|p2b: Teehee\n|-start|p2b: Teehee|Substitute\n|-damage|p2b: Teehee|51\/100\n|move|p1b: Annihilator|Rock Slide|p2b: Teehee\n|-supereffective|p2b: Teehee\n|-end|p2b: Teehee|Substitute\n|\n|upkeep\n|turn|27\n|\n|t:|1696931265\n|move|p2b: Teehee|Substitute|p2b: Teehee\n|-start|p2b: Teehee|Substitute\n|-damage|p2b: Teehee|26\/100\n|move|p1b: Annihilator|Rock Slide|p2b: Teehee\n|-supereffective|p2b: Teehee\n|-end|p2b: Teehee|Substitute\n|\n|upkeep\n|turn|28\n|\n|t:|1696931278\n|move|p2b: Teehee|Flamethrower|p1b: Annihilator|[miss]\n|-miss|p2b: Teehee|p1b: Annihilator\n|move|p1b: Annihilator|Rock Slide|p2b: Teehee\n|-supereffective|p2b: Teehee\n|-damage|p2b: Teehee|0 fnt\n|faint|p2b: Teehee\n|\n|win|dupoludek\n|raw|dupoludek's rating: 1025 &rarr; <strong>1071<\/strong><br \/>(+46 for winning)\n|raw|georgexiii's rating: 1124 &rarr; <strong>1092<\/strong><br \/>(-32 for losing)\n|c|\u2606georgexiii|sigh\n|c|\u2606georgexiii|gg\n|c|\u2606dupoludek|gg\n|l|\u2606georgexiii\n|c|\u2606dupoludek|i hope i will meet you again\n","uploadtime":1696931358,"views":17,"p1id":"dupoludek","p2id":"georgexiii","formatid":"gen9nationaldexdoubles","rating":1071,"private":0,"password":""}