{"id":"gen9nationaldexdoubles-1953384205","p1":"Nyata","p2":"femspencer","format":"[Gen 9] National Dex Doubles","log":"|j|\u2606Nyata\n|j|\u2606femspencer\n|t:|1695780737\n|gametype|doubles\n|player|p1|Nyata|266|1094\n|player|p2|femspencer|nurse|1213\n|teamsize|p1|6\n|teamsize|p2|6\n|gen|9\n|tier|[Gen 9] National Dex Doubles\n|rated|\n|rule|HP Percentage Mod: HP is shown in percentages\n|rule|Endless Battle Clause: Forcing endless battles is banned\n|rule|OHKO Clause: OHKO moves are banned\n|rule|Evasion Moves Clause: Evasion moves are banned\n|rule|Evasion Abilities Clause: Evasion abilities are banned\n|rule|Species Clause: Limit one of each Pok\u00e9mon\n|rule|Gravity Sleep Clause: The combination of sleep-inducing moves with imperfect accuracy and Gravity or Gigantamax Orbeetle are banned\n|clearpoke\n|poke|p1|Cradily, F|\n|poke|p1|Aerodactyl, F|\n|poke|p1|Arcanine-Hisui, M|\n|poke|p1|Nihilego|\n|poke|p1|Tyranitar, M|\n|poke|p1|Aggron, M|\n|poke|p2|Sinistcha-Masterpiece|\n|poke|p2|Chandelure, M|\n|poke|p2|Flutter Mane|\n|poke|p2|Cofagrigus, M|\n|poke|p2|Gourgeist-*, M|\n|poke|p2|Dragapult, F|\n|teampreview\n|\n|t:|1695780774\n|start\n|switch|p1a: Aerodactyl|Aerodactyl, F|100\/100\n|switch|p1b: Tyranitar|Tyranitar, M|100\/100\n|switch|p2a: Flutter Mane|Flutter Mane|100\/100\n|switch|p2b: Dragapult|Dragapult, F, shiny|100\/100\n|-ability|p1a: Aerodactyl|Unnerve\n|-weather|Sandstorm|[from] ability: Sand Stream|[of] p1b: Tyranitar\n|turn|1\n|\n|t:|1695780793\n|switch|p1b: Cradily|Cradily, F|100\/100\n|-terastallize|p2a: Flutter Mane|Fairy\n|move|p2a: Flutter Mane|Moonblast|p1b: Cradily\n|-damage|p1b: Cradily|70\/100\n|move|p1a: Aerodactyl|Tailwind|p1a: Aerodactyl\n|-sidestart|p1: Nyata|move: Tailwind\n|move|p2b: Dragapult|Dragon Darts|p1a: Aerodactyl\n|-damage|p1a: Aerodactyl|64\/100\n|-anim|p2b: Dragapult|Dragon Darts|p1b: Cradily\n|-damage|p1b: Cradily|44\/100\n|\n|-weather|Sandstorm|[upkeep]\n|-damage|p2a: Flutter Mane|95\/100|[from] Sandstorm\n|-damage|p2b: Dragapult|95\/100|[from] Sandstorm\n|-heal|p2b: Dragapult|100\/100|[from] item: Leftovers\n|upkeep\n|turn|2\n|\n|t:|1695780811\n|move|p1a: Aerodactyl|Sky Drop||[still]\n|-prepare|p1a: Aerodactyl|Sky Drop|p2b: Dragapult\n|move|p2a: Flutter Mane|Moonblast|p1b: Cradily\n|-damage|p1b: Cradily|14\/100\n|move|p1b: Cradily|Meteor Beam||[still]\n|-prepare|p1b: Cradily|Meteor Beam\n|-boost|p1b: Cradily|spa|1\n|-enditem|p1b: Cradily|Power Herb\n|-anim|p1b: Cradily|Meteor Beam|p2a: Flutter Mane\n|-damage|p2a: Flutter Mane|37\/100\n|\n|-weather|Sandstorm|[upkeep]\n|-damage|p2a: Flutter Mane|31\/100|[from] Sandstorm\n|-damage|p2b: Dragapult|95\/100|[from] Sandstorm\n|-heal|p2b: Dragapult|100\/100|[from] item: Leftovers\n|upkeep\n|turn|3\n|\n|t:|1695780827\n|move|p1a: Aerodactyl|Sky Drop|p2b: Dragapult|[from]lockedmove\n|-damage|p2b: Dragapult|69\/100\n|-end|p2b: Dragapult|Sky Drop\n|move|p2a: Flutter Mane|Moonblast|p1b: Cradily\n|-damage|p1b: Cradily|0 fnt\n|faint|p1b: Cradily\n|move|p2b: Dragapult|Dragon Dance|p2b: Dragapult\n|-boost|p2b: Dragapult|atk|1\n|-boost|p2b: Dragapult|spe|1\n|\n|-weather|Sandstorm|[upkeep]\n|-damage|p2a: Flutter Mane|25\/100|[from] Sandstorm\n|-damage|p2b: Dragapult|63\/100|[from] Sandstorm\n|-heal|p2b: Dragapult|69\/100|[from] item: Leftovers\n|upkeep\n|\n|t:|1695780834\n|switch|p1b: Nihilego|Nihilego|100\/100\n|turn|4\n|\n|t:|1695780846\n|move|p1a: Aerodactyl|Wide Guard|p1a: Aerodactyl\n|-singleturn|p1a: Aerodactyl|Wide Guard\n|move|p1b: Nihilego|Sludge Wave|p2a: Flutter Mane|[spread] p2a,p2b\n|-activate|p1a: Aerodactyl|move: Wide Guard\n|-supereffective|p2a: Flutter Mane\n|-resisted|p2b: Dragapult\n|-damage|p2a: Flutter Mane|0 fnt\n|-damage|p2b: Dragapult|43\/100\n|faint|p2a: Flutter Mane\n|-end|p2a: Flutter Mane|Protosynthesis|[silent]\n|-ability|p1b: Nihilego|Beast Boost|boost\n|-boost|p1b: Nihilego|spa|1\n|move|p2b: Dragapult|Dragon Darts|p1b: Nihilego\n|-damage|p1b: Nihilego|25\/100\n|-anim|p2b: Dragapult|Dragon Darts|p1a: Aerodactyl\n|-damage|p1a: Aerodactyl|11\/100\n|\n|-weather|Sandstorm|[upkeep]\n|-damage|p2b: Dragapult|37\/100|[from] Sandstorm\n|-heal|p2b: Dragapult|43\/100|[from] item: Leftovers\n|-sideend|p1: Nyata|move: Tailwind\n|upkeep\n|\n|t:|1695780863\n|switch|p2a: Sinistcha|Sinistcha-Masterpiece|100\/100\n|-heal|p2b: Dragapult|68\/100|[from] ability: Hospitality|[of] p2a: Sinistcha\n|turn|5\n|\n|t:|1695780872\n|move|p1b: Nihilego|Protect|p1b: Nihilego\n|-singleturn|p1b: Nihilego|Protect\n|move|p2b: Dragapult|Dragon Darts|p1a: Aerodactyl\n|-damage|p1a: Aerodactyl|0 fnt\n|faint|p1a: Aerodactyl\n|move|p2a: Sinistcha|Matcha Gotcha|p1b: Nihilego\n|-activate|p1b: Nihilego|move: Protect\n|\n|-weather|none\n|-heal|p2b: Dragapult|74\/100|[from] item: Leftovers\n|upkeep\n|\n|t:|1695780877\n|switch|p1a: Arcanine|Arcanine-Hisui, M|100\/100\n|turn|6\n|\n|t:|1695780889\n|move|p2b: Dragapult|Dragon Darts|p1a: Arcanine\n|-damage|p1a: Arcanine|46\/100\n|-anim|p2b: Dragapult|Dragon Darts|p1b: Nihilego\n|-damage|p1b: Nihilego|0 fnt\n|faint|p1b: Nihilego\n|move|p1a: Arcanine|Head Smash|p2b: Dragapult\n|-damage|p2b: Dragapult|0 fnt\n|faint|p2b: Dragapult\n|move|p2a: Sinistcha|Matcha Gotcha|p1a: Arcanine|[miss]\n|-miss|p2a: Sinistcha|p1a: Arcanine\n|\n|upkeep\n|\n|t:|1695780899\n|switch|p2b: Cofagrigus|Cofagrigus, M|100\/100\n|switch|p1b: Tyranitar|Tyranitar, M|100\/100\n|-weather|Sandstorm|[from] ability: Sand Stream|[of] p1b: Tyranitar\n|turn|7\n|\n|t:|1695780910\n|move|p1a: Arcanine|Head Smash|p2a: Sinistcha\n|-damage|p2a: Sinistcha|0 fnt\n|faint|p2a: Sinistcha\n|move|p1b: Tyranitar|Crunch|p2b: Cofagrigus\n|-supereffective|p2b: Cofagrigus\n|-damage|p2b: Cofagrigus|0 fnt\n|-activate|p2b: Cofagrigus|ability: Mummy|Sand Stream|[of] p1b: Tyranitar\n|faint|p2b: Cofagrigus\n|\n|-weather|Sandstorm|[upkeep]\n|upkeep\n|\n|t:|1695780922\n|switch|p2a: Gourgeist|Gourgeist, M|100\/100\n|switch|p2b: Chandelure|Chandelure, M|100\/100\n|-item|p1a: Arcanine|Choice Band|[from] ability: Frisk|[of] p2a: Gourgeist|[identify]\n|-item|p1b: Tyranitar|Choice Band|[from] ability: Frisk|[of] p2a: Gourgeist|[identify]\n|turn|8\n|\n|t:|1695780944\n|move|p1a: Arcanine|Head Smash|p2b: Chandelure\n|-supereffective|p2b: Chandelure\n|-crit|p2b: Chandelure\n|-damage|p2b: Chandelure|0 fnt\n|faint|p2b: Chandelure\n|move|p2a: Gourgeist|Seed Bomb|p1b: Tyranitar\n|-supereffective|p1b: Tyranitar\n|-damage|p1b: Tyranitar|35\/100\n|move|p1b: Tyranitar|Crunch|p2a: Gourgeist\n|-supereffective|p2a: Gourgeist\n|-damage|p2a: Gourgeist|0 fnt\n|faint|p2a: Gourgeist\n|\n|win|Nyata\n|raw|Nyata's rating: 1094 &rarr; <strong>1128<\/strong><br \/>(+34 for winning)\n|raw|femspencer's rating: 1213 &rarr; <strong>1180<\/strong><br \/>(-33 for losing)\n|l|\u2606femspencer\n","uploadtime":1695780955,"views":5,"p1id":"nyata","p2id":"femspencer","formatid":"gen9nationaldexdoubles","rating":1128,"private":0,"password":""}