{"id":"gen9nationaldexdoubles-1954136346","p1":"Shido464","p2":"Teyvat Sanctuary","format":"[Gen 9] National Dex Doubles","log":"|j|\u2606Shido464\n|j|\u2606Teyvat Sanctuary\n|t:|1695857478\n|gametype|doubles\n|player|p1|Shido464|shadowtriad|1119\n|player|p2|Teyvat Sanctuary|marley|1131\n|teamsize|p1|6\n|teamsize|p2|6\n|gen|9\n|tier|[Gen 9] National Dex Doubles\n|rated|\n|rule|HP Percentage Mod: HP is shown in percentages\n|rule|Endless Battle Clause: Forcing endless battles is banned\n|rule|OHKO Clause: OHKO moves are banned\n|rule|Evasion Moves Clause: Evasion moves are banned\n|rule|Evasion Abilities Clause: Evasion abilities are banned\n|rule|Species Clause: Limit one of each Pok\u00e9mon\n|rule|Gravity Sleep Clause: The combination of sleep-inducing moves with imperfect accuracy and Gravity or Gigantamax Orbeetle are banned\n|clearpoke\n|poke|p1|Sceptile, M|\n|poke|p1|Pelipper, M|\n|poke|p1|Basculegion, M|\n|poke|p1|Scizor, M|\n|poke|p1|Goodra-Hisui, M|\n|poke|p1|Muk-Alola, M|\n|poke|p2|Regice|\n|poke|p2|Regigigas|\n|poke|p2|Regirock|\n|poke|p2|Registeel|\n|poke|p2|Regidrago|\n|poke|p2|Regieleki|\n|teampreview\n|\n|t:|1695857488\n|start\n|switch|p1a: Sceptile|Sceptile, M|100\/100\n|switch|p1b: Pelipper|Pelipper, M|100\/100\n|switch|p2a: Regieleki|Regieleki|100\/100\n|switch|p2b: Regidrago|Regidrago|100\/100\n|-weather|RainDance|[from] ability: Drizzle|[of] p1b: Pelipper\n|turn|1\n|\n|t:|1695857508\n|detailschange|p1a: Sceptile|Sceptile-Mega, M\n|-mega|p1a: Sceptile|Sceptile|Sceptilite\n|move|p2a: Regieleki|Thunderbolt|p1a: Sceptile\n|-activate|p1a: Sceptile|ability: Lightning Rod\n|-ability|p1a: Sceptile|Lightning Rod|boost\n|-boost|p1a: Sceptile|spa|1\n|move|p1a: Sceptile|Dragon Pulse|p2b: Regidrago\n|-supereffective|p2b: Regidrago\n|-damage|p2b: Regidrago|0 fnt\n|faint|p2b: Regidrago\n|move|p1b: Pelipper|Hurricane|p2a: Regieleki\n|-resisted|p2a: Regieleki\n|-damage|p2a: Regieleki|48\/100\n|\n|-weather|RainDance|[upkeep]\n|upkeep\n|\n|t:|1695857519\n|switch|p2b: Regice|Regice|100\/100\n|turn|2\n|\n|t:|1695857558\n|move|p2a: Regieleki|Ancient Power|p1b: Pelipper\n|-supereffective|p1b: Pelipper\n|-damage|p1b: Pelipper|48\/100\n|move|p1a: Sceptile|Focus Blast|p2b: Regice\n|-supereffective|p2b: Regice\n|-crit|p2b: Regice\n|-damage|p2b: Regice|0 fnt\n|faint|p2b: Regice\n|move|p1b: Pelipper|Hurricane|p2a: Regieleki\n|-resisted|p2a: Regieleki\n|-damage|p2a: Regieleki|1\/100\n|\n|-weather|RainDance|[upkeep]\n|upkeep\n|\n|t:|1695857576\n|switch|p2b: Regigigas|Regigigas|100\/100\n|-start|p2b: Regigigas|ability: Slow Start\n|turn|3\n|\n|t:|1695857591\n|-terastallize|p2b: Regigigas|Electric\n|move|p2a: Regieleki|Ancient Power|p1b: Pelipper\n|-supereffective|p1b: Pelipper\n|-damage|p1b: Pelipper|0 fnt\n|faint|p1b: Pelipper\n|move|p1a: Sceptile|Focus Blast|p2b: Regigigas|[miss]\n|-miss|p1a: Sceptile|p2b: Regigigas\n|move|p2b: Regigigas|Darkest Lariat|p1a: Sceptile\n|-damage|p1a: Sceptile|73\/100\n|\n|-weather|RainDance|[upkeep]\n|upkeep\n|\n|t:|1695857609\n|switch|p1b: Scizor|Scizor, M|100\/100\n|turn|4\n|\n|t:|1695857624\n|move|p1b: Scizor|Bullet Punch|p2a: Regieleki\n|-resisted|p2a: Regieleki\n|-crit|p2a: Regieleki\n|-damage|p2a: Regieleki|0 fnt\n|faint|p2a: Regieleki\n|move|p1a: Sceptile|Giga Drain|p2b: Regigigas\n|-crit|p2b: Regigigas\n|-damage|p2b: Regigigas|54\/100\n|-heal|p1a: Sceptile|100\/100|[from] drain|[of] p2b: Regigigas\n|move|p2b: Regigigas|Heat Crash|p1a: Sceptile\n|-damage|p1a: Sceptile|81\/100\n|\n|-weather|RainDance|[upkeep]\n|upkeep\n|\n|t:|1695857633\n|switch|p2a: Regirock|Regirock|100\/100\n|turn|5\n|\n|t:|1695857641\n|move|p1a: Sceptile|Giga Drain|p2a: Regirock\n|-supereffective|p2a: Regirock\n|-ability|p2a: Regirock|Sturdy\n|-damage|p2a: Regirock|1\/100\n|-heal|p1a: Sceptile|100\/100|[from] drain|[of] p2a: Regirock\n|move|p1b: Scizor|Bug Bite|p2b: Regigigas\n|-damage|p2b: Regigigas|14\/100\n|move|p2a: Regirock|Earthquake|p1a: Sceptile|[spread] p2b,p1a,p1b\n|-supereffective|p2b: Regigigas\n|-resisted|p1a: Sceptile\n|-damage|p2b: Regigigas|0 fnt\n|-damage|p1a: Sceptile|83\/100\n|-damage|p1b: Scizor|77\/100\n|faint|p2b: Regigigas\n|-end|p2b: Regigigas|Slow Start|[silent]\n|\n|-weather|none\n|upkeep\n|\n|t:|1695857656\n|switch|p2b: Registeel|Registeel|100\/100\n|turn|6\n|\n|t:|1695857675\n|move|p1b: Scizor|Bullet Punch|p2a: Regirock\n|-supereffective|p2a: Regirock\n|-damage|p2a: Regirock|0 fnt\n|faint|p2a: Regirock\n|move|p1a: Sceptile|Focus Blast|p2b: Registeel\n|-supereffective|p2b: Registeel\n|-damage|p2b: Registeel|12\/100\n|move|p2b: Registeel|Iron Head|p1a: Sceptile\n|-damage|p1a: Sceptile|26\/100\n|\n|upkeep\n|turn|7\n|\n|t:|1695857692\n|move|p1a: Sceptile|Protect|p1a: Sceptile\n|-singleturn|p1a: Sceptile|Protect\n|move|p1b: Scizor|Bug Bite|p2b: Registeel\n|-resisted|p2b: Registeel\n|-damage|p2b: Registeel|0 fnt\n|faint|p2b: Registeel\n|\n|win|Shido464\n|raw|Shido464's rating: 1119 &rarr; <strong>1145<\/strong><br \/>(+26 for winning)\n|raw|Teyvat Sanctuary's rating: 1131 &rarr; <strong>1105<\/strong><br \/>(-26 for losing)\n|c|\u2606Teyvat Sanctuary|Gg\n","uploadtime":1695857708,"views":10,"p1id":"shido464","p2id":"teyvatsanctuary","formatid":"gen9nationaldexdoubles","rating":1105,"private":0,"password":""}