{"id":"gen9nationaldexdoubles-1958665682","p1":"BugSME","p2":"Bradeni","format":"[Gen 9] National Dex Doubles","log":"|j|\u2606BugSME\n|j|\u2606Bradeni\n|t:|1696348978\n|gametype|doubles\n|player|p1|BugSME|bugcatcher-gen4dp|\n|player|p2|Bradeni|dawn|\n|teamsize|p1|6\n|teamsize|p2|6\n|gen|9\n|tier|[Gen 9] National Dex Doubles\n|rule|HP Percentage Mod: HP is shown in percentages\n|rule|Endless Battle Clause: Forcing endless battles is banned\n|rule|OHKO Clause: OHKO moves are banned\n|rule|Evasion Moves Clause: Evasion moves are banned\n|rule|Evasion Abilities Clause: Evasion abilities are banned\n|rule|Species Clause: Limit one of each Pok\u00e9mon\n|rule|Gravity Sleep Clause: The combination of sleep-inducing moves with imperfect accuracy and Gravity or Gigantamax Orbeetle are banned\n|clearpoke\n|poke|p1|Volcarona, M|\n|poke|p1|Dragapult, M|\n|poke|p1|Tentacruel, M|\n|poke|p1|Aggron, F|\n|poke|p1|Arcanine-Hisui, F|\n|poke|p1|Gyarados, M|\n|poke|p2|Seismitoad, M|\n|poke|p2|Spiritomb, F|\n|poke|p2|Togekiss, M|\n|poke|p2|Goodra-Hisui, F|\n|poke|p2|Cloyster, M|\n|poke|p2|Gardevoir, F|\n|teampreview\n|\n|t:|1696349017\n|start\n|switch|p1a: Tentacruel|Tentacruel, M|100\/100\n|switch|p1b: Gyarados|Gyarados, M|100\/100\n|switch|p2a: Brrrrr|Seismitoad, M|100\/100\n|switch|p2b: Cloyster|Cloyster, M, shiny|100\/100\n|-ability|p1b: Gyarados|Intimidate|boost\n|-unboost|p2a: Brrrrr|atk|1\n|-unboost|p2b: Cloyster|atk|1\n|-enditem|p2b: Cloyster|White Herb\n|-clearnegativeboost|p2b: Cloyster|[silent]\n|turn|1\n|\n|t:|1696349084\n|move|p1a: Tentacruel|Knock Off|p2b: Cloyster\n|-damage|p2b: Cloyster|91\/100\n|move|p1b: Gyarados|Power Whip|p2a: Brrrrr\n|-supereffective|p2a: Brrrrr\n|-damage|p2a: Brrrrr|0 fnt\n|faint|p2a: Brrrrr\n|move|p2b: Cloyster|Toxic|p1b: Gyarados\n|-status|p1b: Gyarados|tox\n|\n|-damage|p1b: Gyarados|94\/100 tox|[from] psn\n|upkeep\n|\n|t:|1696349103\n|switch|p2a: MyExes|Spiritomb, F, shiny|100\/100\n|-item|p2a: MyExes|Air Balloon\n|turn|2\n|\n|t:|1696349133\n|move|p1a: Tentacruel|Sludge Bomb|p2b: Cloyster\n|-damage|p2b: Cloyster|0 fnt\n|faint|p2b: Cloyster\n|move|p1b: Gyarados|Dragon Dance|p1b: Gyarados\n|-boost|p1b: Gyarados|atk|1\n|-boost|p1b: Gyarados|spe|1\n|move|p2a: MyExes|Dark Pulse|p1b: Gyarados\n|-damage|p1b: Gyarados|70\/100 tox\n|\n|-heal|p1b: Gyarados|76\/100 tox|[from] item: Leftovers\n|-damage|p1b: Gyarados|64\/100 tox|[from] psn\n|upkeep\n|\n|t:|1696349145\n|switch|p2b: LastResort|Togekiss, M, shiny|100\/100\n|turn|3\n|\n|t:|1696349161\n|move|p2b: LastResort|Metronome|p2b: LastResort\n|move|p2b: LastResort|Lick|p1b: Gyarados|[from]move: Metronome\n|-damage|p1b: Gyarados|59\/100 tox\n|move|p1b: Gyarados|Ice Fang|p2b: LastResort\n|-supereffective|p2b: LastResort\n|-damage|p2b: LastResort|36\/100\n|-status|p2b: LastResort|frz\n|move|p1a: Tentacruel|Sludge Bomb|p2b: LastResort\n|-supereffective|p2b: LastResort\n|-damage|p2b: LastResort|0 fnt\n|faint|p2b: LastResort\n|move|p2a: MyExes|Rest|p2a: MyExes\n|-fail|p2a: MyExes|heal\n|\n|-heal|p1b: Gyarados|65\/100 tox|[from] item: Leftovers\n|-damage|p1b: Gyarados|47\/100 tox|[from] psn\n|upkeep\n|\n|t:|1696349177\n|switch|p2b: Mother Dearest|Gardevoir, F, shiny|100\/100\n|-ability|p2b: Mother Dearest|Intimidate|boost\n|-unboost|p1a: Tentacruel|atk|1\n|-unboost|p1b: Gyarados|atk|1\n|-ability|p2b: Mother Dearest|Intimidate|[from] ability: Trace|[of] p1b: Gyarados\n|turn|4\n|\n|t:|1696349201\n|move|p1b: Gyarados|Dragon Dance|p1b: Gyarados\n|-boost|p1b: Gyarados|atk|1\n|-boost|p1b: Gyarados|spe|1\n|move|p1a: Tentacruel|Sludge Bomb|p2b: Mother Dearest\n|-supereffective|p2b: Mother Dearest\n|-damage|p2b: Mother Dearest|38\/100\n|-enditem|p2b: Mother Dearest|Sitrus Berry|[eat]\n|-heal|p2b: Mother Dearest|63\/100|[from] item: Sitrus Berry\n|move|p2b: Mother Dearest|Psyshock|p1a: Tentacruel\n|-supereffective|p1a: Tentacruel\n|-damage|p1a: Tentacruel|0 fnt\n|faint|p1a: Tentacruel\n|move|p2a: MyExes|Dark Pulse|p1b: Gyarados\n|-damage|p1b: Gyarados|19\/100 tox\n|\n|-heal|p1b: Gyarados|25\/100 tox|[from] item: Leftovers\n|-damage|p1b: Gyarados|1\/100 tox|[from] psn\n|upkeep\n|\n|t:|1696349242\n|switch|p1a: Volcarona|Volcarona, M|100\/100\n|turn|5\n|\n|t:|1696349282\n|move|p1b: Gyarados|Waterfall|p2a: MyExes\n|-damage|p2a: MyExes|53\/100\n|-enditem|p2a: MyExes|Air Balloon\n|move|p1a: Volcarona|Quiver Dance|p1a: Volcarona\n|-boost|p1a: Volcarona|spa|1\n|-boost|p1a: Volcarona|spd|1\n|-boost|p1a: Volcarona|spe|1\n|move|p2b: Mother Dearest|Psyshock|p1a: Volcarona\n|-damage|p1a: Volcarona|70\/100\n|cant|p2a: MyExes|flinch\n|\n|-heal|p1b: Gyarados|7\/100 tox|[from] item: Leftovers\n|-damage|p1b: Gyarados|0 fnt|[from] psn\n|faint|p1b: Gyarados\n|upkeep\n|\n|t:|1696349297\n|switch|p1b: Dragapult|Dragapult, M|100\/100\n|turn|6\n|\n|t:|1696349336\n|move|p1b: Dragapult|Dragon Dance|p1b: Dragapult\n|-boost|p1b: Dragapult|atk|1\n|-boost|p1b: Dragapult|spe|1\n|move|p1a: Volcarona|Quiver Dance|p1a: Volcarona\n|-boost|p1a: Volcarona|spa|1\n|-boost|p1a: Volcarona|spd|1\n|-boost|p1a: Volcarona|spe|1\n|move|p2b: Mother Dearest|Moonblast|p1b: Dragapult\n|-supereffective|p1b: Dragapult\n|-damage|p1b: Dragapult|0 fnt\n|faint|p1b: Dragapult\n|move|p2a: MyExes|Dark Pulse|p1a: Volcarona\n|-damage|p1a: Volcarona|59\/100\n|\n|upkeep\n|\n|t:|1696349348\n|switch|p1b: Arcanine|Arcanine-Hisui, F|100\/100\n|turn|7\n|\n|t:|1696349398\n|move|p1a: Volcarona|Roost|p1a: Volcarona\n|-heal|p1a: Volcarona|100\/100\n|-singleturn|p1a: Volcarona|move: Roost\n|move|p1b: Arcanine|Flare Blitz|p2b: Mother Dearest\n|-damage|p2b: Mother Dearest|0 fnt\n|faint|p2b: Mother Dearest\n|move|p2a: MyExes|Rest|p2a: MyExes\n|-status|p2a: MyExes|slp|[from] move: Rest\n|-heal|p2a: MyExes|100\/100 slp|[silent]\n|\n|upkeep\n|\n|t:|1696349406\n|switch|p2b: Goodra|Goodra-Hisui, F, shiny|100\/100\n|turn|8\n|\n|t:|1696349419\n|move|p1a: Volcarona|Flamethrower|p2b: Goodra\n|-damage|p2b: Goodra|51\/100\n|move|p1b: Arcanine|Flare Blitz|p2b: Goodra\n|-damage|p2b: Goodra|0 fnt\n|-damage|p1b: Arcanine|84\/100|[from] item: Rocky Helmet|[of] p2b: Goodra\n|faint|p2b: Goodra\n|cant|p2a: MyExes|slp\n|move|p2a: MyExes|Sleep Talk|p2a: MyExes\n|move|p2a: MyExes|Rest||[from]move: Sleep Talk|[still]\n|-fail|p2a: MyExes\n|\n|upkeep\n|turn|9\n|\n|t:|1696349435\n|switch|p1b: Aggron|Aggron, F|100\/100\n|move|p1a: Volcarona|Quiver Dance|p1a: Volcarona\n|-boost|p1a: Volcarona|spa|1\n|-boost|p1a: Volcarona|spd|1\n|-boost|p1a: Volcarona|spe|1\n|cant|p2a: MyExes|slp\n|move|p2a: MyExes|Sleep Talk|p2a: MyExes\n|move|p2a: MyExes|Rest||[from]move: Sleep Talk|[still]\n|-fail|p2a: MyExes\n|\n|upkeep\n|turn|10\n|\n|t:|1696349450\n|move|p1a: Volcarona|Quiver Dance|p1a: Volcarona\n|-boost|p1a: Volcarona|spa|1\n|-boost|p1a: Volcarona|spd|1\n|-boost|p1a: Volcarona|spe|1\n|move|p1b: Aggron|Dragon Claw|p2a: MyExes\n|-damage|p2a: MyExes|80\/100 slp\n|-curestatus|p2a: MyExes|slp|[msg]\n|move|p2a: MyExes|Sleep Talk||[still]\n|-fail|p2a: MyExes\n|\n|upkeep\n|turn|11\n|\n|t:|1696349467\n|move|p1a: Volcarona|Quiver Dance|p1a: Volcarona\n|-boost|p1a: Volcarona|spa|1\n|-boost|p1a: Volcarona|spd|1\n|-boost|p1a: Volcarona|spe|1\n|move|p1b: Aggron|Heavy Slam|p2a: MyExes\n|-damage|p2a: MyExes|51\/100\n|move|p2a: MyExes|Calm Mind|p2a: MyExes\n|-boost|p2a: MyExes|spa|1\n|-boost|p2a: MyExes|spd|1\n|\n|upkeep\n|turn|12\n|\n|t:|1696349479\n|move|p1a: Volcarona|Quiver Dance|p1a: Volcarona\n|-boost|p1a: Volcarona|spa|1\n|-boost|p1a: Volcarona|spd|1\n|-boost|p1a: Volcarona|spe|1\n|move|p1b: Aggron|Head Smash|p2a: MyExes\n|-damage|p2a: MyExes|0 fnt\n|faint|p2a: MyExes\n|-damage|p1b: Aggron|78\/100|[from] Recoil\n|\n|win|BugSME\n|l|\u2606Bradeni\n|l|\u2606BugSME\n","uploadtime":1696350412,"views":4,"p1id":"bugsme","p2id":"bradeni","formatid":"gen9nationaldexdoubles","rating":0,"private":0,"password":""}