{"id":"gen9nationaldexdoubles-1993779503","p1":"bosspark1737376","p2":"El Ryuk456","format":"[Gen 9] National Dex Doubles","log":"|j|\u2606bosspark1737376\n|j|\u2606El Ryuk456\n|t:|1700356277\n|gametype|doubles\n|player|p1|bosspark1737376|n|1298\n|player|p2|El Ryuk456|ingo|1254\n|teamsize|p1|6\n|teamsize|p2|6\n|gen|9\n|tier|[Gen 9] National Dex Doubles\n|rated|\n|rule|HP Percentage Mod: HP is shown in percentages\n|rule|Endless Battle Clause: Forcing endless battles is banned\n|rule|OHKO Clause: OHKO moves are banned\n|rule|Evasion Moves Clause: Evasion moves are banned\n|rule|Evasion Abilities Clause: Evasion abilities are banned\n|rule|Species Clause: Limit one of each Pok\u00e9mon\n|rule|Gravity Sleep Clause: The combination of sleep-inducing moves with imperfect accuracy and Gravity or Gigantamax Orbeetle are banned\n|clearpoke\n|poke|p1|Charizard, F|\n|poke|p1|Venusaur, F|\n|poke|p1|Walking Wake|\n|poke|p1|Flutter Mane|\n|poke|p1|Incineroar, F|\n|poke|p1|Iron Hands|\n|poke|p2|Urshifu-*, F|\n|poke|p2|Dragonite, F|\n|poke|p2|Tapu Fini|\n|poke|p2|Marowak, F|\n|poke|p2|Aegislash, M|\n|poke|p2|Ogerpon-Wellspring, F|\n|teampreview\n|inactive|Battle timer is ON: inactive players will automatically lose when time's up. (requested by bosspark1737376)\n|\n|t:|1700356306\n|start\n|switch|p1a: Smash mouth|Charizard, F, shiny|100\/100\n|switch|p1b: Plants|Venusaur, F, shiny|100\/100\n|switch|p2a: Ogerpon|Ogerpon-Wellspring, F|100\/100\n|switch|p2b: Tapu Fini|Tapu Fini|100\/100\n|-fieldstart|move: Misty Terrain|[from] ability: Misty Surge|[of] p2b: Tapu Fini\n|turn|1\n|\n|t:|1700356329\n|switch|p2a: Dragonite|Dragonite, F|100\/100\n|detailschange|p1a: Smash mouth|Charizard-Mega-Y, F, shiny\n|-mega|p1a: Smash mouth|Charizard|Charizardite Y\n|-weather|SunnyDay|[from] ability: Drought|[of] p1a: Smash mouth\n|move|p1a: Smash mouth|Protect|p1a: Smash mouth\n|-singleturn|p1a: Smash mouth|Protect\n|move|p1b: Plants|Sludge Bomb|p2b: Tapu Fini\n|-supereffective|p2b: Tapu Fini\n|-damage|p2b: Tapu Fini|50\/100\n|move|p2b: Tapu Fini|Icy Wind|p1b: Plants|[spread] p1b\n|-activate|p1a: Smash mouth|move: Protect\n|-supereffective|p1b: Plants\n|-damage|p1b: Plants|80\/100\n|-unboost|p1b: Plants|spe|1\n|\n|-weather|SunnyDay|[upkeep]\n|-heal|p1b: Plants|86\/100|[from] item: Leftovers\n|-heal|p2b: Tapu Fini|56\/100|[from] item: Leftovers\n|upkeep\n|turn|2\n|\n|t:|1700356357\n|switch|p1a: The Man|Incineroar, F, shiny|100\/100\n|-ability|p1a: The Man|Intimidate|boost\n|-fail|p2a: Dragonite|unboost|Attack|[from] ability: Inner Focus|[of] p2a: Dragonite\n|-unboost|p2b: Tapu Fini|atk|1\n|move|p2b: Tapu Fini|Protect|p2b: Tapu Fini\n|-singleturn|p2b: Tapu Fini|Protect\n|move|p1b: Plants|Sludge Bomb|p2b: Tapu Fini\n|-activate|p2b: Tapu Fini|move: Protect\n|move|p2a: Dragonite|Aerial Ace|p1b: Plants\n|-supereffective|p1b: Plants\n|-damage|p1b: Plants|0 fnt\n|faint|p1b: Plants\n|\n|-weather|SunnyDay|[upkeep]\n|-heal|p2b: Tapu Fini|62\/100|[from] item: Leftovers\n|upkeep\n|inactive|bosspark1737376 has 120 seconds left.\n|\n|t:|1700356373\n|switch|p1b: Maggie|Flutter Mane|100\/100\n|-activate|p1b: Maggie|ability: Protosynthesis\n|-start|p1b: Maggie|protosynthesisspa\n|turn|3\n|\n|t:|1700356388\n|switch|p2a: Aegislash|Aegislash, M, shiny|100\/100\n|move|p1a: The Man|Fake Out|p2b: Tapu Fini\n|-damage|p2b: Tapu Fini|50\/100\n|move|p1b: Maggie|Dazzling Gleam|p2a: Aegislash|[spread] p2a,p2b\n|-resisted|p2a: Aegislash\n|-damage|p2a: Aegislash|80\/100\n|-damage|p2b: Tapu Fini|8\/100\n|-damage|p1b: Maggie|91\/100|[from] item: Life Orb\n|cant|p2b: Tapu Fini|flinch\n|\n|-weather|SunnyDay|[upkeep]\n|-heal|p2b: Tapu Fini|14\/100|[from] item: Leftovers\n|upkeep\n|turn|4\n|\n|t:|1700356404\n|move|p1b: Maggie|Protect|p1b: Maggie\n|-singleturn|p1b: Maggie|Protect\n|move|p2a: Aegislash|King's Shield|p2a: Aegislash\n|-singleturn|p2a: Aegislash|Protect\n|move|p2b: Tapu Fini|Icy Wind|p1b: Maggie|[spread] p1a\n|-activate|p1b: Maggie|move: Protect\n|-resisted|p1a: The Man\n|-damage|p1a: The Man|95\/100\n|-unboost|p1a: The Man|spe|1\n|move|p1a: The Man|Flare Blitz|p2a: Aegislash\n|-activate|p2a: Aegislash|move: Protect\n|-unboost|p1a: The Man|atk|1\n|\n|-weather|SunnyDay|[upkeep]\n|-heal|p2b: Tapu Fini|20\/100|[from] item: Leftovers\n|upkeep\n|turn|5\n|\n|t:|1700356422\n|-terastallize|p1b: Maggie|Steel\n|move|p1b: Maggie|Dazzling Gleam|p2a: Aegislash|[spread] p2a,p2b\n|-resisted|p2a: Aegislash\n|-damage|p2a: Aegislash|59\/100\n|-damage|p2b: Tapu Fini|0 fnt\n|faint|p2b: Tapu Fini\n|-damage|p1b: Maggie|81\/100|[from] item: Life Orb\n|-zpower|p2a: Aegislash\n|-formechange|p2a: Aegislash|Aegislash-Blade||[from] ability: Stance Change\n|move|p2a: Aegislash|Never-Ending Nightmare|p1b: Maggie|[zeffect]\n|-damage|p1b: Maggie|0 fnt\n|faint|p1b: Maggie\n|-end|p1b: Maggie|Protosynthesis|[silent]\n|move|p1a: The Man|Knock Off|p2a: Aegislash\n|-supereffective|p2a: Aegislash\n|-damage|p2a: Aegislash|0 fnt\n|faint|p2a: Aegislash\n|\n|-weather|none\n|-fieldend|Misty Terrain\n|upkeep\n|\n|t:|1700356442\n|switch|p1b: Smash mouth|Charizard-Mega-Y, F, shiny|100\/100\n|switch|p2b: Marowak|Marowak, F|100\/100\n|switch|p2a: Dragonite|Dragonite, F|100\/100\n|-weather|SunnyDay|[from] ability: Drought|[of] p1b: Smash mouth\n|turn|6\n|\n|t:|1700356455\n|move|p1b: Smash mouth|Protect|p1b: Smash mouth\n|-singleturn|p1b: Smash mouth|Protect\n|move|p2a: Dragonite|Extreme Speed|p1b: Smash mouth\n|-activate|p1b: Smash mouth|move: Protect\n|move|p2b: Marowak|Rock Slide|p1b: Smash mouth|[spread] p1a\n|-activate|p1b: Smash mouth|move: Protect\n|-supereffective|p1a: The Man\n|-damage|p1a: The Man|43\/100\n|-enditem|p1a: The Man|Sitrus Berry|[eat]\n|-heal|p1a: The Man|68\/100|[from] item: Sitrus Berry\n|move|p1a: The Man|U-turn|p2a: Dragonite\n|-resisted|p2a: Dragonite\n|-damage|p2a: Dragonite|92\/100\n|\n|t:|1700356470\n|switch|p1a: Sweetheart|Walking Wake|100\/100|[from] U-turn\n|-activate|p1a: Sweetheart|ability: Protosynthesis\n|-start|p1a: Sweetheart|protosynthesisspe\n|\n|-weather|SunnyDay|[upkeep]\n|upkeep\n|turn|7\n|\n|t:|1700356482\n|switch|p1b: The Man|Incineroar, F, shiny|68\/100\n|-ability|p1b: The Man|Intimidate|boost\n|-fail|p2a: Dragonite|unboost|Attack|[from] ability: Inner Focus|[of] p2a: Dragonite\n|-unboost|p2b: Marowak|atk|1\n|-terastallize|p2a: Dragonite|Normal\n|move|p2a: Dragonite|Extreme Speed|p1a: Sweetheart\n|-damage|p1a: Sweetheart|18\/100\n|move|p1a: Sweetheart|Draco Meteor|p2a: Dragonite\n|-damage|p2a: Dragonite|0 fnt\n|-unboost|p1a: Sweetheart|spa|2\n|faint|p2a: Dragonite\n|move|p2b: Marowak|Rock Slide|p1b: The Man|[spread] p1a,p1b\n|-supereffective|p1b: The Man\n|-damage|p1a: Sweetheart|0 fnt\n|-damage|p1b: The Man|31\/100\n|faint|p1a: Sweetheart\n|-end|p1a: Sweetheart|Protosynthesis|[silent]\n|\n|-weather|SunnyDay|[upkeep]\n|upkeep\n|\n|t:|1700356504\n|switch|p1a: Smash mouth|Charizard-Mega-Y, F, shiny|100\/100\n|switch|p2a: Urshifu|Urshifu-Rapid-Strike, F|100\/100\n|turn|8\n|\n|t:|1700356522\n|switch|p2b: Ogerpon|Ogerpon-Wellspring, F|100\/100\n|move|p2a: Urshifu|Detect|p2a: Urshifu\n|-singleturn|p2a: Urshifu|Protect\n|move|p1b: The Man|Fake Out|p2a: Urshifu\n|-activate|p2a: Urshifu|move: Protect\n|move|p1a: Smash mouth|Solar Beam||[still]\n|-prepare|p1a: Smash mouth|Solar Beam\n|-anim|p1a: Smash mouth|Solar Beam|p2a: Urshifu\n|-activate|p2a: Urshifu|move: Protect\n|\n|-weather|SunnyDay|[upkeep]\n|upkeep\n|turn|9\n|\n|t:|1700356543\n|switch|p1a: Iron objects|Iron Hands, shiny|100\/100\n|move|p2b: Ogerpon|Follow Me|p2b: Ogerpon\n|-singleturn|p2b: Ogerpon|move: Follow Me\n|move|p2a: Urshifu|Surging Strikes|p1a: Iron objects\n|-crit|p1a: Iron objects\n|-damage|p1a: Iron objects|92\/100\n|-crit|p1a: Iron objects\n|-damage|p1a: Iron objects|85\/100\n|-crit|p1a: Iron objects\n|-damage|p1a: Iron objects|77\/100\n|-hitcount|p1a: Iron objects|3\n|move|p1b: The Man|U-turn|p2b: Ogerpon\n|-supereffective|p2b: Ogerpon\n|-damage|p2b: Ogerpon|66\/100\n|\n|t:|1700356555\n|switch|p1b: Smash mouth|Charizard-Mega-Y, F, shiny|100\/100|[from] U-turn\n|\n|-weather|SunnyDay|[upkeep]\n|upkeep\n|turn|10\n|\n|t:|1700356582\n|switch|p2b: Marowak|Marowak, F|100\/100\n|move|p1a: Iron objects|Fake Out|p2a: Urshifu\n|-damage|p2a: Urshifu|87\/100\n|move|p1b: Smash mouth|Solar Beam||[still]\n|-prepare|p1b: Smash mouth|Solar Beam\n|-anim|p1b: Smash mouth|Solar Beam|p2a: Urshifu\n|-supereffective|p2a: Urshifu\n|-damage|p2a: Urshifu|0 fnt\n|faint|p2a: Urshifu\n|\n|-weather|none\n|upkeep\n|\n|t:|1700356590\n|switch|p2a: Ogerpon|Ogerpon-Wellspring, F|66\/100\n|turn|11\n|\n|t:|1700356600\n|switch|p1b: The Man|Incineroar, F, shiny|31\/100\n|-ability|p1b: The Man|Intimidate|boost\n|-unboost|p2a: Ogerpon|atk|1\n|-unboost|p2b: Marowak|atk|1\n|move|p2a: Ogerpon|Swords Dance|p2a: Ogerpon\n|-boost|p2a: Ogerpon|atk|2\n|move|p2b: Marowak|Rock Slide|p1a: Iron objects|[spread] p1a,p1b\n|-resisted|p1a: Iron objects\n|-supereffective|p1b: The Man\n|-damage|p1a: Iron objects|71\/100\n|-damage|p1b: The Man|0 fnt\n|faint|p1b: The Man\n|move|p1a: Iron objects|Wild Charge|p2b: Marowak\n|-activate|p2b: Marowak|ability: Lightning Rod\n|-ability|p2b: Marowak|Lightning Rod|boost\n|-boost|p2b: Marowak|spa|1\n|\n|upkeep\n|\n|t:|1700356615\n|switch|p1b: Smash mouth|Charizard-Mega-Y, F, shiny|100\/100\n|-weather|SunnyDay|[from] ability: Drought|[of] p1b: Smash mouth\n|turn|12\n|\n|t:|1700356633\n|move|p1b: Smash mouth|Solar Beam||[still]\n|-prepare|p1b: Smash mouth|Solar Beam\n|-anim|p1b: Smash mouth|Solar Beam|p2a: Ogerpon\n|-damage|p2a: Ogerpon|21\/100\n|move|p2a: Ogerpon|Ivy Cudgel|p1b: Smash mouth|[anim] Ivy Cudgel Water\n|-supereffective|p1b: Smash mouth\n|-damage|p1b: Smash mouth|0 fnt\n|faint|p1b: Smash mouth\n|move|p2b: Marowak|Rock Slide|p1a: Iron objects\n|-resisted|p1a: Iron objects\n|-damage|p1a: Iron objects|62\/100\n|cant|p1a: Iron objects|flinch\n|\n|-weather|SunnyDay|[upkeep]\n|upkeep\n|turn|13\n|\n|t:|1700356648\n|move|p2a: Ogerpon|Horn Leech|p1a: Iron objects\n|-damage|p1a: Iron objects|25\/100\n|-heal|p2a: Ogerpon|45\/100|[from] drain|[of] p1a: Iron objects\n|move|p2b: Marowak|Bonemerang|p1a: Iron objects\n|-supereffective|p1a: Iron objects\n|-damage|p1a: Iron objects|0 fnt\n|faint|p1a: Iron objects\n|-end|p1a: Iron objects|Quark Drive|[silent]\n|-hitcount|p1: Iron objects|1\n|\n|win|El Ryuk456\n|raw|bosspark1737376's rating: 1298 &rarr; <strong>1270<\/strong><br \/>(-28 for losing)\n|raw|El Ryuk456's rating: 1254 &rarr; <strong>1282<\/strong><br \/>(+28 for winning)\n","uploadtime":1700356655,"views":16,"p1id":"bosspark1737376","p2id":"elryuk456","formatid":"gen9nationaldexdoubles","rating":1270,"private":0,"password":""}