{"id":"gen9nationaldexdoubles-1979910904","p1":"DragsIThink","p2":"Menacing Duck","format":"[Gen 9] National Dex Doubles","log":"|j|\u2606DragsIThink\n|j|\u2606Menacing Duck\n|t:|1698728022\n|gametype|doubles\n|player|p1|DragsIThink|roxie|1140\n|player|p2|Menacing Duck|hugh|1028\n|teamsize|p1|6\n|teamsize|p2|6\n|gen|9\n|tier|[Gen 9] National Dex Doubles\n|rated|\n|rule|HP Percentage Mod: HP is shown in percentages\n|rule|Endless Battle Clause: Forcing endless battles is banned\n|rule|OHKO Clause: OHKO moves are banned\n|rule|Evasion Moves Clause: Evasion moves are banned\n|rule|Evasion Abilities Clause: Evasion abilities are banned\n|rule|Species Clause: Limit one of each Pok\u00e9mon\n|rule|Gravity Sleep Clause: The combination of sleep-inducing moves with imperfect accuracy and Gravity or Gigantamax Orbeetle are banned\n|clearpoke\n|poke|p1|Clefairy, F|\n|poke|p1|Whimsicott, F|\n|poke|p1|Roaring Moon|\n|poke|p1|Skeledirge, F|\n|poke|p1|Ogerpon-Wellspring, F|\n|poke|p1|Flutter Mane|\n|poke|p2|Ferrothorn, M|\n|poke|p2|Snorlax, M|\n|poke|p2|Vaporeon, M|\n|poke|p2|Clodsire, F|\n|poke|p2|Shuckle, M|\n|poke|p2|Kommo-o, M|\n|teampreview\n|c|\u2606DragsIThink|glhf\n|\n|t:|1698728054\n|start\n|switch|p1a: Clefairy|Clefairy, F, shiny|100\/100\n|switch|p1b: Roaring Moon|Roaring Moon|100\/100\n|switch|p2a: Poncho|Ferrothorn, M|100\/100\n|switch|p2b: Knight Dragon|Kommo-o, M|100\/100\n|-enditem|p1b: Roaring Moon|Booster Energy\n|-activate|p1b: Roaring Moon|ability: Protosynthesis|[fromitem]\n|-start|p1b: Roaring Moon|protosynthesisatk\n|turn|1\n|c|\u2606Menacing Duck|glhf\n|inactive|Battle timer is ON: inactive players will automatically lose when time's up. (requested by DragsIThink)\n|\n|t:|1698728094\n|-terastallize|p2b: Knight Dragon|Steel\n|move|p1a: Clefairy|Follow Me|p1a: Clefairy\n|-singleturn|p1a: Clefairy|move: Follow Me\n|move|p1b: Roaring Moon|Dragon Dance|p1b: Roaring Moon\n|-boost|p1b: Roaring Moon|atk|1\n|-boost|p1b: Roaring Moon|spe|1\n|move|p2b: Knight Dragon|Clangorous Soul|p2b: Knight Dragon\n|-boost|p2b: Knight Dragon|atk|1\n|-boost|p2b: Knight Dragon|def|1\n|-boost|p2b: Knight Dragon|spa|1\n|-boost|p2b: Knight Dragon|spd|1\n|-boost|p2b: Knight Dragon|spe|1\n|-damage|p2b: Knight Dragon|68\/100\n|-enditem|p2b: Knight Dragon|Throat Spray\n|-boost|p2b: Knight Dragon|spa|1|[from] item: Throat Spray\n|move|p2a: Poncho|Leech Seed|p1a: Clefairy\n|-start|p1a: Clefairy|move: Leech Seed\n|\n|-damage|p1a: Clefairy|88\/100|[from] Leech Seed|[of] p2a: Poncho\n|upkeep\n|turn|2\n|\n|t:|1698728119\n|move|p1a: Clefairy|Helping Hand|p1b: Roaring Moon\n|-singleturn|p1b: Roaring Moon|Helping Hand|[of] p1a: Clefairy\n|move|p1b: Roaring Moon|Crunch|p2b: Knight Dragon\n|-damage|p2b: Knight Dragon|0 fnt\n|faint|p2b: Knight Dragon\n|move|p2a: Poncho|Iron Defense|p2a: Poncho\n|-boost|p2a: Poncho|def|2\n|\n|-damage|p1a: Clefairy|76\/100|[from] Leech Seed|[of] p2a: Poncho\n|upkeep\n|\n|t:|1698728133\n|switch|p2b: Catfish|Vaporeon, M|100\/100\n|turn|3\n|\n|t:|1698728146\n|move|p1a: Clefairy|Helping Hand|p1b: Roaring Moon\n|-singleturn|p1b: Roaring Moon|Helping Hand|[of] p1a: Clefairy\n|move|p1b: Roaring Moon|Acrobatics|p2b: Catfish\n|-damage|p2b: Catfish|0 fnt\n|faint|p2b: Catfish\n|move|p2a: Poncho|Iron Defense|p2a: Poncho\n|-boost|p2a: Poncho|def|2\n|\n|-damage|p1a: Clefairy|64\/100|[from] Leech Seed|[of] p2a: Poncho\n|upkeep\n|\n|t:|1698728158\n|switch|p2b: THE BOI!!!|Clodsire, F, shiny|100\/100\n|turn|4\n|\n|t:|1698728183\n|switch|p1a: Skeledirge|Skeledirge, F, shiny|100\/100\n|move|p1b: Roaring Moon|Dragon Claw|p2b: THE BOI!!!\n|-damage|p2b: THE BOI!!!|27\/100\n|move|p2b: THE BOI!!!|Toxic Spikes|p1a: Skeledirge\n|-sidestart|p1: DragsIThink|move: Toxic Spikes\n|move|p2a: Poncho|Iron Defense|p2a: Poncho\n|-boost|p2a: Poncho|def|2\n|\n|upkeep\n|turn|5\n|\n|t:|1698728201\n|move|p1b: Roaring Moon|Dragon Claw|p2b: THE BOI!!!\n|-damage|p2b: THE BOI!!!|0 fnt\n|faint|p2b: THE BOI!!!\n|move|p1a: Skeledirge|Torch Song|p2a: Poncho\n|-supereffective|p2a: Poncho\n|-damage|p2a: Poncho|25\/100\n|-boost|p1a: Skeledirge|spa|1\n|move|p2a: Poncho|Leech Seed|p1b: Roaring Moon\n|-start|p1b: Roaring Moon|move: Leech Seed\n|\n|-heal|p2a: Poncho|32\/100|[from] item: Leftovers\n|-damage|p1b: Roaring Moon|88\/100|[from] Leech Seed|[of] p2a: Poncho\n|-heal|p2a: Poncho|44\/100|[silent]\n|upkeep\n|\n|t:|1698728214\n|switch|p2b: NO THIS IS PATRICK|Snorlax, M, shiny|100\/100\n|turn|6\n|\n|t:|1698728235\n|move|p1b: Roaring Moon|Dragon Claw|p2b: NO THIS IS PATRICK\n|-damage|p2b: NO THIS IS PATRICK|9\/100\n|-enditem|p2b: NO THIS IS PATRICK|Aguav Berry|[eat]\n|-heal|p2b: NO THIS IS PATRICK|42\/100|[from] item: Aguav Berry\n|move|p1a: Skeledirge|Torch Song|p2a: Poncho\n|-supereffective|p2a: Poncho\n|-damage|p2a: Poncho|0 fnt\n|-boost|p1a: Skeledirge|spa|1\n|faint|p2a: Poncho\n|move|p2b: NO THIS IS PATRICK|Metronome|p2b: NO THIS IS PATRICK\n|move|p2b: NO THIS IS PATRICK|Future Sight|p1a: Skeledirge|[from]move: Metronome\n|-start|p2b: NO THIS IS PATRICK|move: Future Sight\n|\n|upkeep\n|\n|t:|1698728247\n|switch|p2a: Helmet|Shuckle, M|100\/100\n|turn|7\n|\n|t:|1698728270\n|move|p1b: Roaring Moon|Dragon Claw|p2b: NO THIS IS PATRICK\n|-damage|p2b: NO THIS IS PATRICK|0 fnt\n|faint|p2b: NO THIS IS PATRICK\n|move|p1a: Skeledirge|Torch Song|p2a: Helmet\n|-damage|p2a: Helmet|50\/100\n|-boost|p1a: Skeledirge|spa|1\n|move|p2a: Helmet|Shell Smash|p2a: Helmet\n|-boost|p2a: Helmet|def|1\n|-boost|p2a: Helmet|spd|1\n|-unboost|p2a: Helmet|atk|2\n|-unboost|p2a: Helmet|spa|2\n|-unboost|p2a: Helmet|spe|2\n|\n|-damage|p1b: Roaring Moon|76\/100|[from] Leech Seed|[of] p2a: Helmet\n|-heal|p2a: Helmet|74\/100|[silent]\n|upkeep\n|turn|8\n|j| Bingin Chillingin\n|l| Bingin Chillingin\n|\n|t:|1698728293\n|move|p1b: Roaring Moon|Dragon Claw|p2a: Helmet\n|-damage|p2a: Helmet|29\/100\n|move|p1a: Skeledirge|Torch Song|p2a: Helmet\n|-damage|p2a: Helmet|0 fnt\n|-boost|p1a: Skeledirge|spa|1\n|faint|p2a: Helmet\n|\n|win|DragsIThink\n|raw|DragsIThink's rating: 1140 &rarr; <strong>1157<\/strong><br \/>(+17 for winning)\n|raw|Menacing Duck's rating: 1028 &rarr; <strong>1018<\/strong><br \/>(-10 for losing)\n|c|\u2606DragsIThink|gg\n|c|\u2606Menacing Duck|gg wp\n|l|\u2606Menacing Duck\n","uploadtime":1698728315,"views":9,"p1id":"dragsithink","p2id":"menacingduck","formatid":"gen9nationaldexdoubles","rating":1018,"private":0,"password":""}