{"id":"gen9nationaldexdoubles-1974686365","p1":"The OG Trainer Red","p2":"dog678","format":"[Gen 9] National Dex Doubles","log":"|j|\u2606The OG Trainer Red\n|j|\u2606dog678\n|t:|1698110456\n|gametype|doubles\n|player|p1|The OG Trainer Red|fisherman-gen4|1230\n|player|p2|dog678|2|1129\n|teamsize|p1|6\n|teamsize|p2|6\n|gen|9\n|tier|[Gen 9] National Dex Doubles\n|rated|\n|rule|HP Percentage Mod: HP is shown in percentages\n|rule|Endless Battle Clause: Forcing endless battles is banned\n|rule|OHKO Clause: OHKO moves are banned\n|rule|Evasion Moves Clause: Evasion moves are banned\n|rule|Evasion Abilities Clause: Evasion abilities are banned\n|rule|Species Clause: Limit one of each Pok\u00e9mon\n|rule|Gravity Sleep Clause: The combination of sleep-inducing moves with imperfect accuracy and Gravity or Gigantamax Orbeetle are banned\n|clearpoke\n|poke|p1|Typhlosion-Hisui, F|\n|poke|p1|Charizard, F|\n|poke|p1|Ogerpon-Wellspring, F|\n|poke|p1|Pelipper, F|\n|poke|p1|Cresselia, F|\n|poke|p1|Snorlax, F|\n|poke|p2|Kingambit, F|\n|poke|p2|Kyurem-Black|\n|poke|p2|Victini|\n|poke|p2|Dragapult, M|\n|poke|p2|Scovillain, F|\n|poke|p2|Grafaiai, F|\n|teampreview\n|\n|t:|1698110473\n|start\n|switch|p1a: Typhlosion|Typhlosion-Hisui, F|100\/100\n|switch|p1b: Charizard|Charizard, F|100\/100\n|switch|p2a: Victini|Victini|100\/100\n|switch|p2b: Kyurem|Kyurem-Black, shiny|100\/100\n|-ability|p2b: Kyurem|Teravolt\n|turn|1\n|\n|t:|1698110498\n|detailschange|p1b: Charizard|Charizard-Mega-Y, F\n|-mega|p1b: Charizard|Charizard|Charizardite Y\n|-weather|SunnyDay|[from] ability: Drought|[of] p1b: Charizard\n|move|p1a: Typhlosion|Eruption|p2b: Kyurem|[spread] p2a,p2b\n|-resisted|p2a: Victini\n|-damage|p2a: Victini|57\/100\n|-damage|p2b: Kyurem|21\/100\n|move|p2a: Victini|Fusion Flare|p1a: Typhlosion\n|-resisted|p1a: Typhlosion\n|-damage|p1a: Typhlosion|53\/100\n|move|p2b: Kyurem|Fusion Bolt|p1b: Charizard\n|-supereffective|p1b: Charizard\n|-damage|p1b: Charizard|0 fnt\n|faint|p1b: Charizard\n|\n|-weather|SunnyDay|[upkeep]\n|upkeep\n|\n|t:|1698110516\n|switch|p1b: Cresselia|Cresselia, F|100\/100\n|turn|2\n|\n|t:|1698110525\n|move|p1a: Typhlosion|Eruption|p2a: Victini|[spread] p2a,p2b\n|-resisted|p2a: Victini\n|-damage|p2a: Victini|34\/100\n|-damage|p2b: Kyurem|0 fnt\n|faint|p2b: Kyurem\n|move|p2a: Victini|Fusion Flare|p1b: Cresselia\n|-damage|p1b: Cresselia|56\/100\n|move|p1b: Cresselia|Lunar Blessing|p1b: Cresselia|[spread] p1a,p1b\n|-heal|p1a: Typhlosion|78\/100\n|-heal|p1b: Cresselia|81\/100\n|\n|-weather|SunnyDay|[upkeep]\n|-heal|p1b: Cresselia|87\/100|[from] item: Leftovers\n|upkeep\n|\n|t:|1698110532\n|switch|p2b: Scovillain|Scovillain, F, shiny|100\/100\n|turn|3\n|inactive|Battle timer is ON: inactive players will automatically lose when time's up. (requested by The OG Trainer Red)\n|\n|t:|1698110558\n|move|p1a: Typhlosion|Eruption|p2a: Victini|[spread] p2a,p2b\n|-resisted|p2a: Victini\n|-damage|p2a: Victini|2\/100\n|-damage|p2b: Scovillain|6\/100\n|-enditem|p2b: Scovillain|Aguav Berry|[eat]\n|-heal|p2b: Scovillain|39\/100|[from] item: Aguav Berry\n|move|p2a: Victini|Fusion Flare|p1b: Cresselia\n|-damage|p1b: Cresselia|48\/100\n|move|p2b: Scovillain|Leaf Storm|p1b: Cresselia\n|-damage|p1b: Cresselia|12\/100\n|-unboost|p2b: Scovillain|spa|2\n|move|p1b: Cresselia|Lunar Blessing|p1b: Cresselia|[spread] p1a,p1b\n|-heal|p1a: Typhlosion|100\/100\n|-heal|p1b: Cresselia|37\/100\n|\n|-weather|SunnyDay|[upkeep]\n|-heal|p1b: Cresselia|43\/100|[from] item: Leftovers\n|-ability|p2b: Scovillain|Moody|boost\n|-boost|p2b: Scovillain|spa|2\n|-unboost|p2b: Scovillain|spe|1\n|upkeep\n|turn|4\n|\n|t:|1698110579\n|move|p1a: Typhlosion|Eruption|p2a: Victini|[spread] p2a,p2b\n|-resisted|p2a: Victini\n|-damage|p2a: Victini|0 fnt\n|-damage|p2b: Scovillain|0 fnt\n|faint|p2a: Victini\n|faint|p2b: Scovillain\n|move|p1b: Cresselia|Lunar Blessing|p1b: Cresselia|[spread] p1a,p1b\n|-heal|p1b: Cresselia|68\/100\n|\n|-weather|SunnyDay|[upkeep]\n|-heal|p1b: Cresselia|74\/100|[from] item: Leftovers\n|upkeep\n|\n|t:|1698110585\n|switch|p2a: Grafaiai|Grafaiai, F|100\/100\n|switch|p2b: Dragapult|Dragapult, M, shiny|100\/100\n|turn|5\n|\n|t:|1698110603\n|move|p1a: Typhlosion|Eruption|p2b: Dragapult|[spread] p2a,p2b\n|-resisted|p2b: Dragapult\n|-damage|p2a: Grafaiai|0 fnt\n|-damage|p2b: Dragapult|47\/100\n|faint|p2a: Grafaiai\n|move|p2b: Dragapult|Dragon Darts|p1a: Typhlosion\n|-crit|p1a: Typhlosion\n|-damage|p1a: Typhlosion|46\/100\n|-anim|p2b: Dragapult|Dragon Darts|p1b: Cresselia\n|-damage|p1b: Cresselia|62\/100\n|move|p1b: Cresselia|Moonblast|p2b: Dragapult\n|-supereffective|p2b: Dragapult\n|-damage|p2b: Dragapult|9\/100\n|-enditem|p2b: Dragapult|Aguav Berry|[eat]\n|-heal|p2b: Dragapult|42\/100|[from] item: Aguav Berry\n|\n|-weather|none\n|-heal|p1b: Cresselia|68\/100|[from] item: Leftovers\n|upkeep\n|\n|t:|1698110615\n|switch|p2a: Kingambit|Kingambit, F|100\/100\n|-activate|p2a: Kingambit|ability: Supreme Overlord\n|-start|p2a: Kingambit|fallen4|[silent]\n|turn|6\n|\n|t:|1698110632\n|-terastallize|p2a: Kingambit|Dark\n|move|p1a: Typhlosion|Eruption|p2a: Kingambit|[spread] p2a,p2b\n|-resisted|p2b: Dragapult\n|-damage|p2a: Kingambit|75\/100\n|-damage|p2b: Dragapult|26\/100\n|move|p2b: Dragapult|Phantom Force||[still]\n|-prepare|p2b: Dragapult|Phantom Force\n|move|p2a: Kingambit|Foul Play|p1a: Typhlosion\n|-supereffective|p1a: Typhlosion\n|-damage|p1a: Typhlosion|0 fnt\n|faint|p1a: Typhlosion\n|move|p1b: Cresselia|Lunar Blessing|p1b: Cresselia\n|-heal|p1b: Cresselia|93\/100\n|\n|-heal|p1b: Cresselia|99\/100|[from] item: Leftovers\n|upkeep\n|\n|t:|1698110646\n|switch|p1a: Snorlax|Snorlax, F|100\/100\n|turn|7\n|\n|t:|1698110659\n|move|p2b: Dragapult|Phantom Force|p1b: Cresselia|[from]lockedmove\n|-supereffective|p1b: Cresselia\n|-damage|p1b: Cresselia|54\/100\n|move|p2a: Kingambit|Focus Blast|p1a: Snorlax|[miss]\n|-miss|p2a: Kingambit|p1a: Snorlax\n|move|p1b: Cresselia|Lunar Blessing|p1b: Cresselia|[spread] p1a,p1b\n|-heal|p1b: Cresselia|79\/100\n|move|p1a: Snorlax|Belly Drum|p1a: Snorlax\n|-damage|p1a: Snorlax|50\/100\n|-setboost|p1a: Snorlax|atk|6|[from] move: Belly Drum\n|-enditem|p1a: Snorlax|Sitrus Berry|[eat]\n|-heal|p1a: Snorlax|75\/100|[from] item: Sitrus Berry\n|\n|-heal|p1b: Cresselia|85\/100|[from] item: Leftovers\n|upkeep\n|turn|8\n|\n|t:|1698110679\n|move|p2b: Dragapult|U-turn|p1b: Cresselia\n|-supereffective|p1b: Cresselia\n|-damage|p1b: Cresselia|62\/100\n|move|p2a: Kingambit|Focus Blast|p1a: Snorlax\n|-supereffective|p1a: Snorlax\n|-damage|p1a: Snorlax|45\/100\n|move|p1b: Cresselia|Lunar Blessing|p1b: Cresselia|[spread] p1a,p1b\n|-heal|p1a: Snorlax|70\/100\n|-heal|p1b: Cresselia|87\/100\n|move|p1a: Snorlax|Earthquake|p2a: Kingambit|[spread] p2a,p2b\n|-immune|p1b: Cresselia|[from] ability: Levitate\n|-damage|p2a: Kingambit|6\/100\n|-damage|p2b: Dragapult|0 fnt\n|-enditem|p2a: Kingambit|Aguav Berry|[eat]\n|-heal|p2a: Kingambit|39\/100|[from] item: Aguav Berry\n|faint|p2b: Dragapult\n|\n|-heal|p1b: Cresselia|93\/100|[from] item: Leftovers\n|upkeep\n|turn|9\n|inactive|dog678 has 120 seconds left.\n|\n|t:|1698110722\n|move|p2a: Kingambit|Focus Blast|p1a: Snorlax\n|-supereffective|p1a: Snorlax\n|-damage|p1a: Snorlax|38\/100\n|move|p1b: Cresselia|Lunar Blessing|p1b: Cresselia|[spread] p1a,p1b\n|-heal|p1a: Snorlax|63\/100\n|-heal|p1b: Cresselia|100\/100\n|move|p1a: Snorlax|Superpower|p2a: Kingambit\n|-supereffective|p2a: Kingambit\n|-damage|p2a: Kingambit|0 fnt\n|-unboost|p1a: Snorlax|atk|1\n|-unboost|p1a: Snorlax|def|1\n|faint|p2a: Kingambit\n|-end|p2a: Kingambit|fallen4|[silent]\n|\n|win|The OG Trainer Red\n|raw|The OG Trainer Red's rating: 1230 &rarr; <strong>1248<\/strong><br \/>(+18 for winning)\n|raw|dog678's rating: 1129 &rarr; <strong>1111<\/strong><br \/>(-18 for losing)\n|l|\u2606dog678\n","uploadtime":1698110741,"views":7,"p1id":"theogtrainerred","p2id":"dog678","formatid":"gen9nationaldexdoubles","rating":1111,"private":0,"password":""}