{"id":"gen9nationaldexdoubles-1977031346","p1":"BlueSirknight","p2":"LordHisuiArk","format":"[Gen 9] National Dex Doubles","log":"|j|\u2606BlueSirknight\n|j|\u2606LordHisuiArk\n|t:|1698363789\n|gametype|doubles\n|player|p1|BlueSirknight|lady-gen4|1007\n|player|p2|LordHisuiArk|170|1087\n|teamsize|p1|6\n|teamsize|p2|6\n|gen|9\n|tier|[Gen 9] National Dex Doubles\n|rated|\n|rule|HP Percentage Mod: HP is shown in percentages\n|rule|Endless Battle Clause: Forcing endless battles is banned\n|rule|OHKO Clause: OHKO moves are banned\n|rule|Evasion Moves Clause: Evasion moves are banned\n|rule|Evasion Abilities Clause: Evasion abilities are banned\n|rule|Species Clause: Limit one of each Pok\u00e9mon\n|rule|Gravity Sleep Clause: The combination of sleep-inducing moves with imperfect accuracy and Gravity or Gigantamax Orbeetle are banned\n|clearpoke\n|poke|p1|Malamar, M|\n|poke|p1|Tinkaton, F|\n|poke|p1|Wishiwashi, M|\n|poke|p1|Espeon, M|\n|poke|p1|Blissey, F|\n|poke|p1|Aggron, F|\n|poke|p2|Chien-Pao|\n|poke|p2|Ogerpon-Cornerstone, F|\n|poke|p2|Garganacl, M|\n|poke|p2|Kommo-o, M|\n|poke|p2|Urshifu-*, F|\n|poke|p2|Lurantis, F|\n|teampreview\n|inactive|Battle timer is ON: inactive players will automatically lose when time's up. (requested by LordHisuiArk)\n|\n|t:|1698363803\n|start\n|switch|p1a: Blissey|Blissey, F|100\/100\n|switch|p1b: Aggron|Aggron, F|100\/100\n|switch|p2a: Chien-Pao|Chien-Pao|100\/100\n|switch|p2b: Lurantis|Lurantis, F|100\/100\n|-ability|p2a: Chien-Pao|Sword of Ruin\n|turn|1\n|\n|t:|1698363831\n|move|p2a: Chien-Pao|Sacred Sword|p1a: Blissey\n|-supereffective|p1a: Blissey\n|-enditem|p1a: Blissey|Focus Sash\n|-damage|p1a: Blissey|1\/100\n|move|p1b: Aggron|Iron Defense|p1b: Aggron\n|-boost|p1b: Aggron|def|2\n|move|p1a: Blissey|Skill Swap|p2b: Lurantis\n|-activate|p1a: Blissey|move: Skill Swap|Contrary|Natural Cure|[of] p2b: Lurantis\n|move|p2b: Lurantis|Superpower|p1b: Aggron\n|-supereffective|p1b: Aggron\n|-damage|p1b: Aggron|61\/100\n|-unboost|p2b: Lurantis|atk|1\n|-unboost|p2b: Lurantis|def|1\n|\n|upkeep\n|turn|2\n|inactive|LordHisuiArk has 120 seconds left.\n|\n|t:|1698363867\n|detailschange|p1b: Aggron|Aggron-Mega, F\n|-mega|p1b: Aggron|Aggron|Aggronite\n|move|p2b: Lurantis|Protect|p2b: Lurantis\n|-singleturn|p2b: Lurantis|Protect\n|move|p2a: Chien-Pao|Sacred Sword|p1b: Aggron\n|-supereffective|p1b: Aggron\n|-damage|p1b: Aggron|39\/100\n|move|p1b: Aggron|Iron Defense|p1b: Aggron\n|-boost|p1b: Aggron|def|2\n|move|p1a: Blissey|Heal Pulse|p1b: Aggron\n|-heal|p1b: Aggron|89\/100\n|\n|upkeep\n|turn|3\n|inactive|LordHisuiArk has 120 seconds left.\n|\n|t:|1698363895\n|move|p2a: Chien-Pao|Ruination|p1b: Aggron\n|-damage|p1b: Aggron|45\/100\n|move|p1b: Aggron|Iron Defense|p1b: Aggron\n|-boost|p1b: Aggron|def|2\n|move|p1a: Blissey|Toxic|p2a: Chien-Pao\n|-status|p2a: Chien-Pao|tox\n|move|p2b: Lurantis|Superpower|p1b: Aggron\n|-supereffective|p1b: Aggron\n|-damage|p1b: Aggron|40\/100\n|-unboost|p2b: Lurantis|atk|1\n|-unboost|p2b: Lurantis|def|1\n|\n|-damage|p2a: Chien-Pao|95\/100 tox|[from] psn\n|upkeep\n|turn|4\n|\n|t:|1698363914\n|move|p2a: Chien-Pao|Ruination|p1b: Aggron|[miss]\n|-miss|p2a: Chien-Pao|p1b: Aggron\n|move|p1b: Aggron|Rest|p1b: Aggron\n|-status|p1b: Aggron|slp|[from] move: Rest\n|-heal|p1b: Aggron|100\/100 slp|[silent]\n|move|p1a: Blissey|Heal Pulse|p1b: Aggron\n|-fail|p1b: Aggron|heal\n|move|p2b: Lurantis|Superpower|p1b: Aggron\n|-supereffective|p1b: Aggron\n|-damage|p1b: Aggron|98\/100 slp\n|-unboost|p2b: Lurantis|atk|1\n|-unboost|p2b: Lurantis|def|1\n|\n|-damage|p2a: Chien-Pao|83\/100 tox|[from] psn\n|upkeep\n|turn|5\n|\n|t:|1698363941\n|switch|p2b: Kommo-o|Kommo-o, M|100\/100\n|move|p2a: Chien-Pao|Ice Spinner|p1a: Blissey\n|-damage|p1a: Blissey|0 fnt\n|faint|p1a: Blissey\n|cant|p1b: Aggron|slp\n|move|p1b: Aggron|Sleep Talk|p1b: Aggron\n|move|p1b: Aggron|Iron Defense|p1b: Aggron|[from]move: Sleep Talk\n|-boost|p1b: Aggron|def|0\n|\n|-damage|p2a: Chien-Pao|65\/100 tox|[from] psn\n|upkeep\n|\n|t:|1698363949\n|switch|p1a: Malamar|Malamar, M|100\/100\n|turn|6\n|inactive|LordHisuiArk has 120 seconds left.\n|\n|t:|1698363992\n|move|p2a: Chien-Pao|Sacred Sword|p1b: Aggron\n|-supereffective|p1b: Aggron\n|-damage|p1b: Aggron|76\/100 slp\n|move|p2b: Kommo-o|Close Combat|p1b: Aggron\n|-supereffective|p1b: Aggron\n|-damage|p1b: Aggron|61\/100 slp\n|-unboost|p2b: Kommo-o|def|1\n|-unboost|p2b: Kommo-o|spd|1\n|move|p1a: Malamar|Superpower|p2a: Chien-Pao\n|-supereffective|p2a: Chien-Pao\n|-damage|p2a: Chien-Pao|0 fnt\n|-boost|p1a: Malamar|atk|1\n|-boost|p1a: Malamar|def|1\n|faint|p2a: Chien-Pao\n|cant|p1b: Aggron|slp\n|move|p1b: Aggron|Sleep Talk|p1b: Aggron\n|move|p1b: Aggron|Rest||[from]move: Sleep Talk|[still]\n|-fail|p1b: Aggron\n|\n|upkeep\n|inactive|LordHisuiArk has 90 seconds left.\n|\n|t:|1698364032\n|switch|p2a: Garganacl|Garganacl, M, shiny|100\/100\n|turn|7\n|inactive|LordHisuiArk has 90 seconds left.\n|\n|t:|1698364066\n|move|p2b: Kommo-o|Close Combat|p1b: Aggron\n|-supereffective|p1b: Aggron\n|-damage|p1b: Aggron|51\/100 slp\n|-unboost|p2b: Kommo-o|def|1\n|-unboost|p2b: Kommo-o|spd|1\n|move|p1a: Malamar|Superpower|p2a: Garganacl\n|-supereffective|p2a: Garganacl\n|-crit|p2a: Garganacl\n|-damage|p2a: Garganacl|0 fnt\n|-boost|p1a: Malamar|atk|1\n|-boost|p1a: Malamar|def|1\n|faint|p2a: Garganacl\n|-curestatus|p1b: Aggron|slp|[msg]\n|move|p1b: Aggron|Body Press|p2b: Kommo-o\n|-damage|p2b: Kommo-o|0 fnt\n|faint|p2b: Kommo-o\n|\n|upkeep\n|inactive|LordHisuiArk has 60 seconds left.\n|\n|t:|1698364089\n|switch|p2b: Lurantis|Lurantis, F|100\/100\n|switch|p2a: Urshifu|Urshifu-Rapid-Strike, F|100\/100\n|turn|8\n|\n|t:|1698364114\n|move|p2a: Urshifu|Surging Strikes|p1b: Aggron\n|-crit|p1b: Aggron\n|-damage|p1b: Aggron|43\/100\n|-crit|p1b: Aggron\n|-damage|p1b: Aggron|35\/100\n|-crit|p1b: Aggron\n|-damage|p1b: Aggron|26\/100\n|-hitcount|p1b: Aggron|3\n|move|p1a: Malamar|Superpower|p2a: Urshifu\n|-crit|p2a: Urshifu\n|-damage|p2a: Urshifu|0 fnt\n|-boost|p1a: Malamar|atk|1\n|-boost|p1a: Malamar|def|1\n|faint|p2a: Urshifu\n|move|p1b: Aggron|Body Press|p2b: Lurantis\n|-damage|p2b: Lurantis|0 fnt\n|faint|p2b: Lurantis\n|\n|upkeep\n|\n|t:|1698364131\n|switch|p2b: Ogerpon|Ogerpon-Cornerstone, F|100\/100\n|turn|9\n|\n|t:|1698364144\n|move|p2b: Ogerpon|Spiky Shield|p2b: Ogerpon\n|-singleturn|p2b: Ogerpon|move: Protect\n|move|p1a: Malamar|Stored Power|p2b: Ogerpon\n|-activate|p2b: Ogerpon|move: Protect\n|move|p1b: Aggron|Rest|p1b: Aggron\n|-status|p1b: Aggron|slp|[from] move: Rest\n|-heal|p1b: Aggron|100\/100 slp|[silent]\n|\n|upkeep\n|turn|10\n|\n|t:|1698364161\n|move|p2b: Ogerpon|U-turn|p1a: Malamar\n|-supereffective|p1a: Malamar\n|-damage|p1a: Malamar|58\/100\n|move|p1a: Malamar|Superpower|p2b: Ogerpon\n|-supereffective|p2b: Ogerpon\n|-ability|p2b: Ogerpon|Sturdy\n|-damage|p2b: Ogerpon|1\/100\n|-boost|p1a: Malamar|atk|1\n|-boost|p1a: Malamar|def|1\n|cant|p1b: Aggron|slp\n|move|p1b: Aggron|Sleep Talk|p1b: Aggron\n|move|p1b: Aggron|Rest||[from]move: Sleep Talk|[still]\n|-fail|p1b: Aggron\n|\n|upkeep\n|turn|11\n|inactive|LordHisuiArk has 120 seconds left.\n|inactive|LordHisuiArk has 90 seconds left.\n|\n|t:|1698364197\n|move|p2b: Ogerpon|U-turn|p1a: Malamar\n|-supereffective|p1a: Malamar\n|-damage|p1a: Malamar|20\/100\n|move|p1a: Malamar|Stored Power|p2b: Ogerpon\n|-damage|p2b: Ogerpon|0 fnt\n|faint|p2b: Ogerpon\n|\n|win|BlueSirknight\n|raw|BlueSirknight's rating: 1007 &rarr; <strong>1055<\/strong><br \/>(+48 for winning)\n|raw|LordHisuiArk's rating: 1087 &rarr; <strong>1059<\/strong><br \/>(-28 for losing)\n|c|\u2606BlueSirknight|The wall\n","uploadtime":1698364229,"views":13,"p1id":"bluesirknight","p2id":"lordhisuiark","formatid":"gen9nationaldexdoubles","rating":1055,"private":0,"password":""}