{"id":"gen9nationaldexdoubles-1993900450","p1":"MagnetYoshi","p2":"Ardekka","format":"[Gen 9] National Dex Doubles","log":"|j|\u2606MagnetYoshi\n|j|\u2606Ardekka\n|t:|1700372332\n|gametype|doubles\n|player|p1|MagnetYoshi|silver|1060\n|player|p2|Ardekka|veteran|1130\n|teamsize|p1|6\n|teamsize|p2|6\n|gen|9\n|tier|[Gen 9] National Dex Doubles\n|rated|\n|rule|HP Percentage Mod: HP is shown in percentages\n|rule|Endless Battle Clause: Forcing endless battles is banned\n|rule|OHKO Clause: OHKO moves are banned\n|rule|Evasion Moves Clause: Evasion moves are banned\n|rule|Evasion Abilities Clause: Evasion abilities are banned\n|rule|Species Clause: Limit one of each Pok\u00e9mon\n|rule|Gravity Sleep Clause: The combination of sleep-inducing moves with imperfect accuracy and Gravity or Gigantamax Orbeetle are banned\n|clearpoke\n|poke|p1|Gastrodon, F|\n|poke|p1|Clodsire, F|\n|poke|p1|Lanturn, M|\n|poke|p1|Zebstrika, M|\n|poke|p1|Ambipom, M|\n|poke|p1|Azumarill, M|\n|poke|p2|Wyrdeer, M|\n|poke|p2|Lopunny, F|\n|poke|p2|Chansey, F|\n|poke|p2|Pyroar, M|\n|poke|p2|Ursaluna, F|\n|poke|p2|Noctowl, M|\n|teampreview\n|\n|t:|1700372354\n|start\n|switch|p1a: Ambipom|Ambipom, M|100\/100\n|switch|p1b: Azumarill|Azumarill, M|100\/100\n|switch|p2a: Lopunny|Lopunny, F|100\/100\n|switch|p2b: Noctowl|Noctowl, M|100\/100\n|turn|1\n|\n|t:|1700372373\n|detailschange|p2a: Lopunny|Lopunny-Mega, F\n|-mega|p2a: Lopunny|Lopunny|Lopunnite\n|move|p2a: Lopunny|Fake Out|p1a: Ambipom\n|-damage|p1a: Ambipom|66\/100\n|cant|p1a: Ambipom|flinch\n|move|p2b: Noctowl|Hypnosis|p1b: Azumarill|[miss]\n|-miss|p2b: Noctowl|p1b: Azumarill\n|move|p1b: Azumarill|Belly Drum|p1b: Azumarill\n|-damage|p1b: Azumarill|50\/100\n|-setboost|p1b: Azumarill|atk|6|[from] move: Belly Drum\n|-enditem|p1b: Azumarill|Sitrus Berry|[eat]\n|-heal|p1b: Azumarill|75\/100|[from] item: Sitrus Berry\n|\n|upkeep\n|turn|2\n|\n|t:|1700372411\n|-terastallize|p2b: Noctowl|Ghost\n|move|p2a: Lopunny|High Jump Kick|p1b: Azumarill\n|-resisted|p1b: Azumarill\n|-damage|p1b: Azumarill|43\/100\n|move|p1a: Ambipom|Power-Up Punch|p2a: Lopunny\n|-supereffective|p2a: Lopunny\n|-damage|p2a: Lopunny|55\/100\n|-boost|p1a: Ambipom|atk|1\n|move|p2b: Noctowl|Confuse Ray|p1b: Azumarill\n|-start|p1b: Azumarill|confusion\n|-activate|p1b: Azumarill|confusion\n|move|p1b: Azumarill|Waterfall|p2a: Lopunny\n|-damage|p2a: Lopunny|0 fnt\n|faint|p2a: Lopunny\n|\n|upkeep\n|\n|t:|1700372439\n|switch|p2a: Wyrdeer|Wyrdeer, M|100\/100\n|-ability|p2a: Wyrdeer|Intimidate|boost\n|-unboost|p1a: Ambipom|atk|1\n|-unboost|p1b: Azumarill|atk|1\n|turn|3\n|\n|t:|1700372454\n|move|p1a: Ambipom|Power-Up Punch|p2a: Wyrdeer\n|-damage|p2a: Wyrdeer|84\/100\n|-boost|p1a: Ambipom|atk|1\n|-damage|p1a: Ambipom|50\/100|[from] item: Rocky Helmet|[of] p2a: Wyrdeer\n|move|p2b: Noctowl|Hypnosis|p1a: Ambipom|[miss]\n|-miss|p2b: Noctowl|p1a: Ambipom\n|-activate|p1b: Azumarill|confusion\n|move|p1b: Azumarill|Waterfall|p2b: Noctowl\n|-damage|p2b: Noctowl|0 fnt\n|faint|p2b: Noctowl\n|move|p2a: Wyrdeer|Hypnosis|p1b: Azumarill\n|-status|p1b: Azumarill|slp|[from] move: Hypnosis\n|\n|upkeep\n|\n|t:|1700372479\n|switch|p2b: Ursaluna|Ursaluna, F, shiny|100\/100\n|turn|4\n|\n|t:|1700372494\n|-terastallize|p1a: Ambipom|Normal\n|move|p1a: Ambipom|Return|p2a: Wyrdeer\n|-damage|p2a: Wyrdeer|0 fnt\n|-damage|p1a: Ambipom|33\/100|[from] item: Rocky Helmet|[of] p2a: Wyrdeer\n|faint|p2a: Wyrdeer\n|cant|p1b: Azumarill|slp\n|move|p2b: Ursaluna|Curse|p2b: Ursaluna\n|-unboost|p2b: Ursaluna|spe|1\n|-boost|p2b: Ursaluna|atk|1\n|-boost|p2b: Ursaluna|def|1\n|\n|upkeep\n|\n|t:|1700372509\n|switch|p2a: Chansey|Chansey, F|100\/100\n|turn|5\n|\n|t:|1700372518\n|move|p2a: Chansey|Helping Hand|p2b: Ursaluna\n|-singleturn|p2b: Ursaluna|Helping Hand|[of] p2a: Chansey\n|move|p1a: Ambipom|Return|p2a: Chansey\n|-damage|p2a: Chansey|36\/100\n|cant|p1b: Azumarill|slp\n|move|p2b: Ursaluna|Drain Punch|p1a: Ambipom\n|-supereffective|p1a: Ambipom\n|-damage|p1a: Ambipom|0 fnt\n|faint|p1a: Ambipom\n|\n|upkeep\n|\n|t:|1700372531\n|switch|p1a: Lanturn|Lanturn, M|100\/100\n|turn|6\n|\n|t:|1700372545\n|move|p1a: Lanturn|Thunder Wave|p2a: Chansey\n|-status|p2a: Chansey|par\n|cant|p1b: Azumarill|slp\n|move|p2b: Ursaluna|Curse|p2b: Ursaluna\n|-unboost|p2b: Ursaluna|spe|1\n|-boost|p2b: Ursaluna|atk|1\n|-boost|p2b: Ursaluna|def|1\n|move|p2a: Chansey|Soft-Boiled|p2a: Chansey\n|-heal|p2a: Chansey|86\/100 par\n|\n|upkeep\n|turn|7\n|\n|t:|1700372568\n|move|p2a: Chansey|Helping Hand|p2b: Ursaluna\n|-singleturn|p2b: Ursaluna|Helping Hand|[of] p2a: Chansey\n|move|p1a: Lanturn|Stockpile|p1a: Lanturn\n|-start|p1a: Lanturn|stockpile1\n|-boost|p1a: Lanturn|def|1\n|-boost|p1a: Lanturn|spd|1\n|-curestatus|p1b: Azumarill|slp|[msg]\n|-activate|p1b: Azumarill|confusion\n|move|p1b: Azumarill|Soak|p2b: Ursaluna\n|-start|p2b: Ursaluna|typechange|Water\n|move|p2b: Ursaluna|Facade|p1b: Azumarill\n|-damage|p1b: Azumarill|0 fnt\n|faint|p1b: Azumarill\n|\n|upkeep\n|\n|t:|1700372578\n|switch|p1b: Zebstrika|Zebstrika, M|100\/100\n|turn|8\n|\n|t:|1700372606\n|move|p2a: Chansey|Helping Hand|p2b: Ursaluna\n|-singleturn|p2b: Ursaluna|Helping Hand|[of] p2a: Chansey\n|move|p1b: Zebstrika|Discharge|p2b: Ursaluna|[spread] p2a,p2b\n|-immune|p1a: Lanturn|[from] ability: Volt Absorb\n|-supereffective|p2b: Ursaluna\n|-damage|p2a: Chansey|78\/100 par\n|-damage|p2b: Ursaluna|66\/100\n|move|p1a: Lanturn|Discharge|p2b: Ursaluna|[spread] p2a,p2b\n|-ability|p1b: Zebstrika|Lightning Rod|boost\n|-boost|p1b: Zebstrika|spa|1\n|-supereffective|p2b: Ursaluna\n|-damage|p2a: Chansey|71\/100 par\n|-damage|p2b: Ursaluna|41\/100\n|-status|p2b: Ursaluna|par\n|cant|p2b: Ursaluna|par\n|\n|upkeep\n|turn|9\n|\n|t:|1700372629\n|move|p1b: Zebstrika|Discharge|p2a: Chansey|[spread] p2a,p2b\n|-immune|p1a: Lanturn|[from] ability: Volt Absorb\n|-supereffective|p2b: Ursaluna\n|-damage|p2a: Chansey|58\/100 par\n|-damage|p2b: Ursaluna|0 fnt\n|faint|p2b: Ursaluna\n|move|p1a: Lanturn|Discharge|p2a: Chansey|[spread] p2a\n|-ability|p1b: Zebstrika|Lightning Rod|boost\n|-boost|p1b: Zebstrika|spa|1\n|-damage|p2a: Chansey|51\/100 par\n|move|p2a: Chansey|Heal Pulse|p2: Ursaluna|[notarget]\n|-fail|p2a: Chansey\n|\n|upkeep\n|-message|Ardekka forfeited.\n|\n|win|MagnetYoshi\n|raw|MagnetYoshi's rating: 1060 &rarr; <strong>1097<\/strong><br \/>(+37 for winning)\n|raw|Ardekka's rating: 1130 &rarr; <strong>1100<\/strong><br \/>(-30 for losing)\n|l|\u2606Ardekka\n","uploadtime":1700372642,"views":21,"p1id":"magnetyoshi","p2id":"ardekka","formatid":"gen9nationaldexdoubles","rating":1097,"private":0,"password":""}