{"id":"gen9nationaldexdoubles-1995763772","p1":"fiyp","p2":"TRAINER $PITT !!!","format":"[Gen 9] National Dex Doubles","log":"|j|\u2606fiyp\n|j|\u2606TRAINER $PITT !!!\n|t:|1700600903\n|gametype|doubles\n|player|p1|fiyp|drayden|1120\n|player|p2|TRAINER $PITT !!!|flannery|1087\n|teamsize|p1|6\n|teamsize|p2|6\n|gen|9\n|tier|[Gen 9] National Dex Doubles\n|rated|\n|rule|HP Percentage Mod: HP is shown in percentages\n|rule|Endless Battle Clause: Forcing endless battles is banned\n|rule|OHKO Clause: OHKO moves are banned\n|rule|Evasion Moves Clause: Evasion moves are banned\n|rule|Evasion Abilities Clause: Evasion abilities are banned\n|rule|Species Clause: Limit one of each Pok\u00e9mon\n|rule|Gravity Sleep Clause: The combination of sleep-inducing moves with imperfect accuracy and Gravity or Gigantamax Orbeetle are banned\n|clearpoke\n|poke|p1|Grimmsnarl, M|\n|poke|p1|Hatterene, F|\n|poke|p1|Shaymin-Sky|\n|poke|p1|Chi-Yu|\n|poke|p1|Dragapult, F|\n|poke|p1|Ninetales-Alola, F|\n|poke|p2|Dusknoir, M|\n|poke|p2|Aromatisse, F|\n|poke|p2|Mandibuzz, F|\n|poke|p2|Slowbro, F|\n|poke|p2|Camerupt, F|\n|poke|p2|Glalie, F|\n|teampreview\n|inactive|Battle timer is ON: inactive players will automatically lose when time's up. (requested by fiyp)\n|\n|t:|1700600912\n|start\n|switch|p1a: Shaymin|Shaymin-Sky|100\/100\n|switch|p1b: Ninetales|Ninetales-Alola, F|100\/100\n|switch|p2a: Mephisto|Dusknoir, M|100\/100\n|switch|p2b: Cherry|Aromatisse, F|100\/100\n|-weather|Snow|[from] ability: Snow Warning|[of] p1b: Ninetales\n|-item|p1a: Shaymin|Wide Lens|[from] ability: Frisk|[of] p2a: Mephisto|[identify]\n|-item|p1b: Ninetales|Misty Seed|[from] ability: Frisk|[of] p2a: Mephisto|[identify]\n|turn|1\n|c|\u2606fiyp|hello motherfucker\n|inactive|fiyp has 120 seconds left.\n|\n|t:|1700600945\n|move|p1a: Shaymin|Seed Flare|p2a: Mephisto\n|-damage|p2a: Mephisto|49\/100\n|-unboost|p2a: Mephisto|spd|2\n|move|p1b: Ninetales|Blizzard|p2b: Cherry|[spread] p2a,p2b\n|-damage|p2a: Mephisto|0 fnt\n|-damage|p2b: Cherry|74\/100\n|faint|p2a: Mephisto\n|move|p2b: Cherry|Nasty Plot|p2b: Cherry\n|-boost|p2b: Cherry|spa|2\n|\n|-weather|Snow|[upkeep]\n|upkeep\n|\n|t:|1700600963\n|switch|p2a: Glalie|Glalie, F, shiny|100\/100\n|turn|2\n|\n|t:|1700600976\n|move|p2a: Glalie|Protect|p2a: Glalie\n|-singleturn|p2a: Glalie|Protect\n|move|p1a: Shaymin|Tailwind|p1a: Shaymin\n|-sidestart|p1: fiyp|move: Tailwind\n|move|p1b: Ninetales|Aurora Veil|p1b: Ninetales\n|-sidestart|p1: fiyp|move: Aurora Veil\n|move|p2b: Cherry|Draining Kiss|p1a: Shaymin\n|-damage|p1a: Shaymin|70\/100\n|-heal|p2b: Cherry|93\/100|[from] drain|[of] p1a: Shaymin\n|\n|-weather|Snow|[upkeep]\n|-ability|p2a: Glalie|Moody|boost\n|-boost|p2a: Glalie|spd|2\n|-unboost|p2a: Glalie|atk|1\n|upkeep\n|turn|3\n|\n|t:|1700600988\n|move|p1a: Shaymin|Air Slash|p2b: Cherry\n|-damage|p2b: Cherry|62\/100\n|move|p1b: Ninetales|Misty Terrain|p1b: Ninetales\n|-fieldstart|move: Misty Terrain\n|-enditem|p1b: Ninetales|Misty Seed\n|-boost|p1b: Ninetales|spd|1|[from] item: Misty Seed\n|move|p2a: Glalie|Blizzard|p1b: Ninetales|[spread] p1a,p1b\n|-supereffective|p1a: Shaymin\n|-resisted|p1b: Ninetales\n|-damage|p1a: Shaymin|0 fnt\n|-damage|p1b: Ninetales|92\/100\n|faint|p1a: Shaymin\n|move|p2b: Cherry|Dazzling Gleam|p1b: Ninetales\n|-crit|p1b: Ninetales\n|-damage|p1b: Ninetales|0 fnt\n|faint|p1b: Ninetales\n|\n|-weather|Snow|[upkeep]\n|-ability|p2a: Glalie|Moody|boost\n|-boost|p2a: Glalie|spe|2\n|-unboost|p2a: Glalie|atk|1\n|upkeep\n|\n|t:|1700601002\n|switch|p1a: Chi-Yu|Chi-Yu|100\/100\n|switch|p1b: Hatterene|Hatterene, F|100\/100\n|-ability|p1a: Chi-Yu|Beads of Ruin\n|turn|4\n|inactive|TRAINER $PITT !!! has 120 seconds left.\n|c|\u2606fiyp|c'mon\n|\n|t:|1700601041\n|move|p1a: Chi-Yu|Protect|p1a: Chi-Yu\n|-singleturn|p1a: Chi-Yu|Protect\n|move|p2a: Glalie|Protect|p2a: Glalie\n|-singleturn|p2a: Glalie|Protect\n|move|p1b: Hatterene|Misty Explosion|p2b: Cherry|[spread] p2b\n|-activate|p1a: Chi-Yu|move: Protect\n|-activate|p2a: Glalie|move: Protect\n|-damage|p2b: Cherry|0 fnt\n|faint|p1b: Hatterene\n|faint|p2b: Cherry\n|\n|-weather|Snow|[upkeep]\n|-ability|p2a: Glalie|Moody|boost\n|-boost|p2a: Glalie|def|2\n|-unboost|p2a: Glalie|spe|1\n|upkeep\n|\n|t:|1700601055\n|switch|p1b: Grimmsnarl|Grimmsnarl, M|100\/100\n|switch|p2b: Camerupt|Camerupt, F, shiny|100\/100\n|turn|5\n|\n|t:|1700601064\n|move|p1b: Grimmsnarl|Fake Out|p2a: Glalie\n|-damage|p2a: Glalie|95\/100\n|move|p1a: Chi-Yu|Heat Wave|p2a: Glalie|[spread] p2a,p2b\n|-supereffective|p2a: Glalie\n|-crit|p2a: Glalie\n|-resisted|p2b: Camerupt\n|-damage|p2a: Glalie|0 fnt\n|-damage|p2b: Camerupt|57\/100\n|faint|p2a: Glalie\n|-damage|p1a: Chi-Yu|91\/100|[from] item: Life Orb\n|move|p2b: Camerupt|Rock Slide|p1a: Chi-Yu|[spread] p1a,p1b\n|-supereffective|p1a: Chi-Yu\n|-damage|p1a: Chi-Yu|51\/100\n|-damage|p1b: Grimmsnarl|85\/100\n|\n|-weather|none\n|-heal|p1b: Grimmsnarl|91\/100|[from] item: Leftovers\n|-sideend|p1: fiyp|move: Tailwind\n|upkeep\n|-message|TRAINER $PITT !!! forfeited.\n|\n|win|fiyp\n|raw|fiyp's rating: 1120 &rarr; <strong>1143<\/strong><br \/>(+23 for winning)\n|raw|TRAINER $PITT !!!'s rating: 1087 &rarr; <strong>1066<\/strong><br \/>(-21 for losing)\n|l|\u2606TRAINER $PITT !!!\n","uploadtime":1700600920,"views":0,"p1id":"fiyp","p2id":"trainerpitt","formatid":"gen9nationaldexdoubles","rating":1066,"private":0,"password":""}