{"id":"gen9nationaldexdoubles-1988666495","p1":"Shazamwhich","p2":"sicily is annoying","format":"[Gen 9] National Dex Doubles","log":"|j|\u2606Shazamwhich\n|j|\u2606sicily is annoying\n|t:|1699748163\n|gametype|doubles\n|player|p1|Shazamwhich|brendan-gen3|1117\n|player|p2|sicily is annoying|cynthia-gen4|1000\n|teamsize|p1|6\n|teamsize|p2|6\n|gen|9\n|tier|[Gen 9] National Dex Doubles\n|rated|\n|rule|HP Percentage Mod: HP is shown in percentages\n|rule|Endless Battle Clause: Forcing endless battles is banned\n|rule|OHKO Clause: OHKO moves are banned\n|rule|Evasion Moves Clause: Evasion moves are banned\n|rule|Evasion Abilities Clause: Evasion abilities are banned\n|rule|Species Clause: Limit one of each Pok\u00e9mon\n|rule|Gravity Sleep Clause: The combination of sleep-inducing moves with imperfect accuracy and Gravity or Gigantamax Orbeetle are banned\n|clearpoke\n|poke|p1|Zamazenta-*|\n|poke|p1|Grimmsnarl, M|\n|poke|p1|Landorus-Therian, M|\n|poke|p1|Sinistcha-Masterpiece|\n|poke|p1|Diancie|\n|poke|p1|Walking Wake|\n|poke|p2|Malamar, M|\n|poke|p2|Charizard, F|\n|poke|p2|Chansey, F|\n|poke|p2|Garchomp, M|\n|poke|p2|Toxapex, F|\n|poke|p2|Jirachi|\n|teampreview\n|inactive|Battle timer is ON: inactive players will automatically lose when time's up. (requested by Shazamwhich)\n|\n|t:|1699748180\n|start\n|switch|p1a: Grimmsnarl|Grimmsnarl, M|100\/100\n|switch|p1b: Zamazenta|Zamazenta|100\/100\n|switch|p2a: Malamar|Malamar, M|100\/100\n|switch|p2b: Chansey|Chansey, F|100\/100\n|-ability|p1b: Zamazenta|Dauntless Shield|boost\n|-boost|p1b: Zamazenta|def|1\n|turn|1\n|\n|t:|1699748201\n|move|p1a: Grimmsnarl|Taunt|p2b: Chansey\n|-start|p2b: Chansey|move: Taunt\n|move|p1b: Zamazenta|Body Press|p2a: Malamar\n|-damage|p2a: Malamar|6\/100\n|-damage|p1b: Zamazenta|91\/100|[from] item: Life Orb\n|move|p2a: Malamar|Superpower|p1b: Zamazenta\n|-damage|p1b: Zamazenta|78\/100\n|-boost|p2a: Malamar|atk|1\n|-boost|p2a: Malamar|def|1\n|move|p2b: Chansey|Rock Slide|p1a: Grimmsnarl|[spread] p1a,p1b\n|-resisted|p1b: Zamazenta\n|-damage|p1a: Grimmsnarl|98\/100\n|-damage|p1b: Zamazenta|78\/100\n|\n|-heal|p2a: Malamar|12\/100|[from] item: Leftovers\n|upkeep\n|turn|2\n|\n|t:|1699748230\n|move|p1a: Grimmsnarl|Reflect|p1a: Grimmsnarl\n|-sidestart|p1: Shazamwhich|Reflect\n|move|p1b: Zamazenta|Body Press|p2b: Chansey\n|-supereffective|p2b: Chansey\n|-crit|p2b: Chansey\n|-damage|p2b: Chansey|0 fnt\n|-damage|p1b: Zamazenta|61\/100|[from] item: Rocky Helmet|[of] p2b: Chansey\n|faint|p2b: Chansey\n|-damage|p1b: Zamazenta|51\/100|[from] item: Life Orb\n|move|p2a: Malamar|Destiny Bond|p2a: Malamar\n|-singlemove|p2a: Malamar|Destiny Bond\n|\n|-heal|p2a: Malamar|18\/100|[from] item: Leftovers\n|upkeep\n|inactive|sicily is annoying has 120 seconds left.\n|\n|t:|1699748242\n|switch|p2b: Toxapex|Toxapex, F|100\/100\n|turn|3\n|\n|t:|1699748255\n|move|p1b: Zamazenta|Protect|p1b: Zamazenta\n|-singleturn|p1b: Zamazenta|Protect\n|move|p2b: Toxapex|Baneful Bunker|p2b: Toxapex\n|-singleturn|p2b: Toxapex|move: Protect\n|move|p1a: Grimmsnarl|Taunt|p2b: Toxapex\n|-activate|p2b: Toxapex|move: Protect\n|move|p2a: Malamar|Superpower|p1b: Zamazenta\n|-activate|p1b: Zamazenta|move: Protect\n|\n|-heal|p2a: Malamar|24\/100|[from] item: Leftovers\n|upkeep\n|turn|4\n|\n|t:|1699748279\n|move|p1a: Grimmsnarl|Taunt|p2a: Malamar\n|-hint|Since gen 7, Dark is immune to Prankster moves.\n|-immune|p2a: Malamar\n|move|p1b: Zamazenta|Body Press|p2a: Malamar\n|-damage|p2a: Malamar|0 fnt\n|faint|p2a: Malamar\n|-damage|p1b: Zamazenta|41\/100|[from] item: Life Orb\n|move|p2b: Toxapex|Toxic|p1b: Zamazenta\n|-status|p1b: Zamazenta|tox\n|\n|-damage|p1b: Zamazenta|35\/100 tox|[from] psn\n|upkeep\n|inactive|sicily is annoying has 120 seconds left.\n|\n|t:|1699748304\n|switch|p2a: Jirachi|Jirachi|100\/100\n|turn|5\n|inactive|sicily is annoying has 120 seconds left.\n|\n|t:|1699748325\n|move|p2b: Toxapex|Baneful Bunker|p2b: Toxapex\n|-singleturn|p2b: Toxapex|move: Protect\n|move|p1a: Grimmsnarl|Parting Shot|p2a: Jirachi\n|-unboost|p2a: Jirachi|atk|1\n|-unboost|p2a: Jirachi|spa|1\n|\n|t:|1699748331\n|switch|p1a: Landorus|Landorus-Therian, M|100\/100|[from] Parting Shot\n|-ability|p1a: Landorus|Intimidate|boost\n|-unboost|p2a: Jirachi|atk|1\n|-unboost|p2b: Toxapex|atk|1\n|-zpower|p2a: Jirachi\n|move|p2a: Jirachi|Continental Crush|p1a: Landorus|[zeffect]\n|-damage|p1a: Landorus|75\/100\n|move|p1b: Zamazenta|Coaching|p1a: Landorus\n|-boost|p1a: Landorus|atk|1\n|-boost|p1a: Landorus|def|1\n|\n|-damage|p1b: Zamazenta|23\/100 tox|[from] psn\n|upkeep\n|turn|6\n|\n|t:|1699748355\n|move|p1b: Zamazenta|Protect|p1b: Zamazenta\n|-singleturn|p1b: Zamazenta|Protect\n|move|p1a: Landorus|Earthquake|p2b: Toxapex|[spread] p2a,p2b\n|-activate|p1b: Zamazenta|move: Protect\n|-supereffective|p2a: Jirachi\n|-supereffective|p2b: Toxapex\n|-damage|p2a: Jirachi|0 fnt\n|-damage|p2b: Toxapex|24\/100\n|faint|p2a: Jirachi\n|move|p2b: Toxapex|Sludge Bomb|p1a: Landorus\n|-resisted|p1a: Landorus\n|-damage|p1a: Landorus|63\/100\n|\n|-heal|p2b: Toxapex|30\/100|[from] item: Black Sludge\n|-damage|p1b: Zamazenta|4\/100 tox|[from] psn\n|upkeep\n|inactive|sicily is annoying has 120 seconds left.\n|\n|t:|1699748371\n|switch|p2a: Garchomp|Garchomp, M|100\/100\n|turn|7\n|\n|t:|1699748386\n|move|p2b: Toxapex|Baneful Bunker|p2b: Toxapex\n|-singleturn|p2b: Toxapex|move: Protect\n|move|p1a: Landorus|Earthquake|p2b: Toxapex|[spread] p1b,p2a\n|-activate|p2b: Toxapex|move: Protect\n|-damage|p1b: Zamazenta|0 fnt\n|-damage|p2a: Garchomp|36\/100\n|faint|p1b: Zamazenta\n|move|p2a: Garchomp|Dragon Claw|p1a: Landorus\n|-damage|p1a: Landorus|43\/100\n|\n|-heal|p2b: Toxapex|36\/100|[from] item: Black Sludge\n|upkeep\n|\n|t:|1699748400\n|switch|p1b: Sinistcha|Sinistcha-Masterpiece|100\/100\n|-heal|p1a: Landorus|68\/100|[from] ability: Hospitality|[of] p1b: Sinistcha\n|turn|8\n|\n|t:|1699748414\n|move|p1b: Sinistcha|Protect|p1b: Sinistcha\n|-singleturn|p1b: Sinistcha|Protect\n|move|p1a: Landorus|Earthquake|p2b: Toxapex|[spread] p2a,p2b\n|-activate|p1b: Sinistcha|move: Protect\n|-supereffective|p2b: Toxapex\n|-damage|p2a: Garchomp|0 fnt\n|-damage|p2b: Toxapex|0 fnt\n|faint|p2a: Garchomp\n|faint|p2b: Toxapex\n|\n|upkeep\n|inactive|sicily is annoying has 120 seconds left.\n|\n|t:|1699748442\n|switch|p2a: Charizard|Charizard, F|100\/100\n|turn|9\n|\n|t:|1699748452\n|switch|p1a: Grimmsnarl|Grimmsnarl, M|98\/100\n|switch|p1b: Ring Pop|Diancie|100\/100\n|detailschange|p2a: Charizard|Charizard-Mega-Y, F\n|-mega|p2a: Charizard|Charizard|Charizardite Y\n|-weather|SunnyDay|[from] ability: Drought|[of] p2a: Charizard\n|move|p2a: Charizard|Fire Punch|p1a: Grimmsnarl\n|-damage|p1a: Grimmsnarl|78\/100\n|\n|-weather|SunnyDay|[upkeep]\n|-sideend|p1: Shazamwhich|Reflect\n|upkeep\n|turn|10\n|-message|sicily is annoying forfeited.\n|\n|win|Shazamwhich\n|raw|Shazamwhich's rating: 1117 &rarr; <strong>1134<\/strong><br \/>(+17 for winning)\n|raw|sicily is annoying's rating: 1000 &rarr; <strong>1000<\/strong><br \/>(+0 for losing)\n|l|\u2606sicily is annoying\n","uploadtime":1699748478,"views":13,"p1id":"shazamwhich","p2id":"sicilyisannoying","formatid":"gen9nationaldexdoubles","rating":1000,"private":0,"password":""}