{"id":"gen9nationaldexdoubles-1973954049","p1":"Rikard & Frida","p2":"RandyTheBirdKiller","format":"[Gen 9] National Dex Doubles","log":"|j|\u2606Rikard & Frida\n|j|\u2606RandyTheBirdKiller\n|t:|1698032415\n|gametype|doubles\n|player|p1|Rikard & Frida|youngcouple-gen4dp|1292\n|player|p2|RandyTheBirdKiller|infielder|1220\n|teamsize|p1|6\n|teamsize|p2|6\n|gen|9\n|tier|[Gen 9] National Dex Doubles\n|rated|\n|rule|HP Percentage Mod: HP is shown in percentages\n|rule|Endless Battle Clause: Forcing endless battles is banned\n|rule|OHKO Clause: OHKO moves are banned\n|rule|Evasion Moves Clause: Evasion moves are banned\n|rule|Evasion Abilities Clause: Evasion abilities are banned\n|rule|Species Clause: Limit one of each Pok\u00e9mon\n|rule|Gravity Sleep Clause: The combination of sleep-inducing moves with imperfect accuracy and Gravity or Gigantamax Orbeetle are banned\n|clearpoke\n|poke|p1|Electivire, M|\n|poke|p1|Porygon-Z|\n|poke|p1|Sceptile, M|\n|poke|p1|Infernape, M|\n|poke|p1|Greninja-*, M|\n|poke|p1|Salamence, M|\n|poke|p2|Pikachu-Original, M|\n|poke|p2|Blastoise, M|\n|poke|p2|Typhlosion-Hisui, M|\n|poke|p2|Decidueye, M|\n|poke|p2|Metagross|\n|poke|p2|Corviknight, M|\n|teampreview\n|inactive|Battle timer is ON: inactive players will automatically lose when time's up. (requested by Rikard & Frida)\n|\n|t:|1698032427\n|start\n|switch|p1a: Infernape|Infernape, M|100\/100\n|switch|p1b: Salamence|Salamence, M|100\/100\n|switch|p2a: Pikachu|Pikachu-Original, M|100\/100\n|switch|p2b: Blastoise|Blastoise, M|100\/100\n|-ability|p1b: Salamence|Intimidate|boost\n|-unboost|p2a: Pikachu|atk|1\n|-unboost|p2b: Blastoise|atk|1\n|-enditem|p2b: Blastoise|White Herb\n|-clearnegativeboost|p2b: Blastoise|[silent]\n|turn|1\n|\n|t:|1698032444\n|detailschange|p1b: Salamence|Salamence-Mega, M\n|-mega|p1b: Salamence|Salamence|Salamencite\n|move|p1a: Infernape|Fake Out|p2b: Blastoise\n|-damage|p2b: Blastoise|84\/100\n|-damage|p1a: Infernape|91\/100|[from] item: Life Orb\n|move|p2a: Pikachu|Fake Out|p1b: Salamence\n|-damage|p1b: Salamence|96\/100\n|cant|p1b: Salamence|flinch\n|cant|p2b: Blastoise|flinch\n|\n|upkeep\n|turn|2\n|inactive|RandyTheBirdKiller has 120 seconds left.\n|\n|t:|1698032484\n|move|p2b: Blastoise|Protect|p2b: Blastoise\n|-singleturn|p2b: Blastoise|Protect\n|move|p1b: Salamence|Double-Edge|p2b: Blastoise\n|-activate|p2b: Blastoise|move: Protect\n|move|p1a: Infernape|Close Combat|p2b: Blastoise\n|-activate|p2b: Blastoise|move: Protect\n|move|p2a: Pikachu|Nuzzle|p1b: Salamence\n|-damage|p1b: Salamence|92\/100\n|-status|p1b: Salamence|par\n|\n|upkeep\n|turn|3\n|inactive|RandyTheBirdKiller has 120 seconds left.\n|\n|t:|1698032520\n|switch|p2b: Typhlosion|Typhlosion-Hisui, M|100\/100\n|-item|p1a: Infernape|Life Orb|[from] ability: Frisk|[of] p2b: Typhlosion|[identify]\n|-item|p1b: Salamence|Salamencite|[from] ability: Frisk|[of] p2b: Typhlosion|[identify]\n|move|p1a: Infernape|Close Combat|p2a: Pikachu\n|-enditem|p2a: Pikachu|Focus Sash\n|-damage|p2a: Pikachu|1\/100\n|-unboost|p1a: Infernape|def|1\n|-unboost|p1a: Infernape|spd|1\n|-damage|p1a: Infernape|81\/100|[from] item: Life Orb\n|move|p2a: Pikachu|Nuzzle|p1a: Infernape\n|-damage|p1a: Infernape|72\/100\n|-status|p1a: Infernape|par\n|move|p1b: Salamence|Double-Edge|p2b: Typhlosion\n|-damage|p2b: Typhlosion|0 fnt\n|faint|p2b: Typhlosion\n|-damage|p1b: Salamence|63\/100 par|[from] Recoil\n|\n|upkeep\n|inactive|RandyTheBirdKiller has 90 seconds left.\n|inactive|RandyTheBirdKiller has 60 seconds left.\n|\n|t:|1698032593\n|switch|p2b: Metagross|Metagross|100\/100\n|turn|4\n|inactive|RandyTheBirdKiller has 60 seconds left.\n|\n|t:|1698032610\n|-terastallize|p2b: Metagross|Ground\n|move|p2a: Pikachu|Protect|p2a: Pikachu\n|-singleturn|p2a: Pikachu|Protect\n|move|p2b: Metagross|Stomping Tantrum|p1a: Infernape\n|-supereffective|p1a: Infernape\n|-damage|p1a: Infernape|0 fnt\n|faint|p1a: Infernape\n|move|p1b: Salamence|Dragon Claw|p2a: Pikachu\n|-activate|p2a: Pikachu|move: Protect\n|\n|upkeep\n|\n|t:|1698032621\n|switch|p1a: Greninja|Greninja, M|100\/100\n|turn|5\n|inactive|RandyTheBirdKiller has 60 seconds left.\n|\n|t:|1698032649\n|switch|p2b: Decidueye|Decidueye, M, shiny|100\/100\n|move|p1a: Greninja|Water Shuriken|p2a: Pikachu\n|-damage|p2a: Pikachu|0 fnt\n|faint|p2a: Pikachu\n|-ability|p1a: Greninja|Battle Bond|boost\n|-boost|p1a: Greninja|atk|1\n|-boost|p1a: Greninja|spa|1\n|-boost|p1a: Greninja|spe|1\n|-activate|p1a: Greninja|ability: Battle Bond\n|-hitcount|p2: Pikachu|1\n|move|p1b: Salamence|Double-Edge|p2b: Decidueye\n|-supereffective|p2b: Decidueye\n|-damage|p2b: Decidueye|0 fnt\n|faint|p2b: Decidueye\n|-damage|p1b: Salamence|28\/100 par|[from] Recoil\n|\n|upkeep\n|\n|t:|1698032675\n|switch|p2a: Blastoise|Blastoise, M|84\/100\n|switch|p2b: Corviknight|Corviknight, M|100\/100\n|turn|6\n|inactive|RandyTheBirdKiller has 30 seconds left.\n|inactive|RandyTheBirdKiller has 20 seconds left.\n|inactive|RandyTheBirdKiller has 15 seconds left.\n|inactive|RandyTheBirdKiller has 10 seconds left.\n|inactive|RandyTheBirdKiller has 5 seconds left.\n|\n|t:|1698032734\n|-terastallize|p1a: Greninja|Water\n|move|p1a: Greninja|Water Shuriken|p2b: Corviknight\n|-damage|p2b: Corviknight|91\/100\n|-damage|p2b: Corviknight|80\/100\n|-damage|p2b: Corviknight|70\/100\n|-damage|p2b: Corviknight|59\/100\n|-hitcount|p2b: Corviknight|4\n|move|p2a: Blastoise|Ice Beam|p1b: Salamence\n|-supereffective|p1b: Salamence\n|-damage|p1b: Salamence|0 fnt\n|faint|p1b: Salamence\n|move|p2b: Corviknight|Iron Defense|p2b: Corviknight\n|-boost|p2b: Corviknight|def|2\n|\n|-heal|p2b: Corviknight|66\/100|[from] item: Leftovers\n|upkeep\n|inactive|RandyTheBirdKiller has 10 seconds left this turn.\n|\n|t:|1698032749\n|switch|p1b: Sceptile|Sceptile, M|100\/100\n|turn|7\n|inactive|RandyTheBirdKiller has 30 seconds left.\n|inactive|RandyTheBirdKiller has 20 seconds left.\n|inactive|RandyTheBirdKiller has 15 seconds left.\n|\n|t:|1698032769\n|move|p2a: Blastoise|Protect|p2a: Blastoise\n|-singleturn|p2a: Blastoise|Protect\n|move|p1a: Greninja|Water Shuriken|p2b: Corviknight\n|-damage|p2b: Corviknight|55\/100\n|-crit|p2b: Corviknight\n|-damage|p2b: Corviknight|38\/100\n|-damage|p2b: Corviknight|27\/100\n|-damage|p2b: Corviknight|17\/100\n|-damage|p2b: Corviknight|6\/100\n|-hitcount|p2b: Corviknight|5\n|move|p1b: Sceptile|Hidden Power|p2b: Corviknight\n|-supereffective|p2b: Corviknight\n|-damage|p2b: Corviknight|0 fnt\n|faint|p2b: Corviknight\n|\n|upkeep\n|inactive|RandyTheBirdKiller has 20 seconds left this turn.\n|inactive|RandyTheBirdKiller has 15 seconds left.\n|inactive|RandyTheBirdKiller has 10 seconds left.\n|inactive|RandyTheBirdKiller has 5 seconds left.\n|\n|t:|1698032785\n|switch|p2b: Metagross|Metagross, tera:Ground|100\/100\n|turn|8\n|inactive|RandyTheBirdKiller has 30 seconds left this turn.\n|inactive|RandyTheBirdKiller has 20 seconds left.\n|inactive|RandyTheBirdKiller has 15 seconds left.\n|inactive|RandyTheBirdKiller has 10 seconds left.\n|\n|t:|1698032810\n|move|p1a: Greninja|Water Shuriken|p2b: Metagross\n|-supereffective|p2b: Metagross\n|-damage|p2b: Metagross|82\/100\n|-supereffective|p2b: Metagross\n|-damage|p2b: Metagross|64\/100\n|-supereffective|p2b: Metagross\n|-damage|p2b: Metagross|47\/100\n|-supereffective|p2b: Metagross\n|-damage|p2b: Metagross|29\/100\n|-supereffective|p2b: Metagross\n|-damage|p2b: Metagross|11\/100\n|-hitcount|p2b: Metagross|5\n|move|p1b: Sceptile|Energy Ball|p2a: Blastoise\n|-supereffective|p2a: Blastoise\n|-damage|p2a: Blastoise|2\/100\n|move|p2a: Blastoise|Ice Beam|p1b: Sceptile\n|-supereffective|p1b: Sceptile\n|-damage|p1b: Sceptile|35\/100\n|move|p2b: Metagross|Ice Punch|p1b: Sceptile\n|-supereffective|p1b: Sceptile\n|-damage|p1b: Sceptile|0 fnt\n|faint|p1b: Sceptile\n|\n|upkeep\n|inactive|RandyTheBirdKiller has 15 seconds left this turn.\n|\n|t:|1698032827\n|switch|p1b: Electivire|Electivire, M|100\/100\n|turn|9\n|inactive|RandyTheBirdKiller has 30 seconds left.\n|\n|t:|1698032847\n|move|p1a: Greninja|Water Shuriken|p2b: Metagross\n|-supereffective|p2b: Metagross\n|-damage|p2b: Metagross|0 fnt\n|faint|p2b: Metagross\n|-hitcount|p2: Metagross|1\n|move|p1b: Electivire|Wild Charge|p2a: Blastoise\n|-supereffective|p2a: Blastoise\n|-damage|p2a: Blastoise|0 fnt\n|faint|p2a: Blastoise\n|-damage|p1b: Electivire|99\/100|[from] Recoil\n|\n|win|Rikard & Frida\n|inactive|RandyTheBirdKiller has 30 seconds left this turn.\n|raw|Rikard &amp; Frida's rating: 1292 &rarr; <strong>1312<\/strong><br \/>(+20 for winning)\n|raw|RandyTheBirdKiller's rating: 1220 &rarr; <strong>1200<\/strong><br \/>(-20 for losing)\n|l|\u2606RandyTheBirdKiller\n","uploadtime":1698032863,"views":6,"p1id":"rikardfrida","p2id":"randythebirdkiller","formatid":"gen9nationaldexdoubles","rating":1200,"private":0,"password":""}