{"id":"gen9nationaldexdoubles-1998265840","p1":"omegashenronone","p2":"eris52","format":"[Gen 9] National Dex Doubles","log":"|j|\u2606omegashenronone\n|j|\u2606eris52\n|t:|1700922109\n|gametype|doubles\n|player|p1|omegashenronone|hugh|\n|player|p2|eris52|170|\n|teamsize|p1|6\n|teamsize|p2|6\n|gen|9\n|tier|[Gen 9] National Dex Doubles\n|rule|HP Percentage Mod: HP is shown in percentages\n|rule|Endless Battle Clause: Forcing endless battles is banned\n|rule|OHKO Clause: OHKO moves are banned\n|rule|Evasion Moves Clause: Evasion moves are banned\n|rule|Evasion Abilities Clause: Evasion abilities are banned\n|rule|Species Clause: Limit one of each Pok\u00e9mon\n|rule|Gravity Sleep Clause: The combination of sleep-inducing moves with imperfect accuracy and Gravity or Gigantamax Orbeetle are banned\n|clearpoke\n|poke|p1|Urshifu-*, M|\n|poke|p1|Greninja-*, M|\n|poke|p1|Pelipper, F|\n|poke|p1|Swampert, M|\n|poke|p1|Kingdra, M|\n|poke|p1|Empoleon, M|\n|poke|p2|Scovillain, M|\n|poke|p2|Torkoal, M|\n|poke|p2|Great Tusk|\n|poke|p2|Houndoom, F|\n|poke|p2|Tapu Lele|\n|poke|p2|Rotom-Wash|\n|teampreview\n|inactive|Battle timer is ON: inactive players will automatically lose when time's up. (requested by omegashenronone)\n|\n|t:|1700922122\n|start\n|switch|p1a: Gym bro|Swampert, M|100\/100\n|switch|p1b: Genji|Greninja, M|100\/100\n|switch|p2a: Tapu Lele|Tapu Lele|100\/100\n|switch|p2b: Rotom|Rotom-Wash|100\/100\n|-fieldstart|move: Psychic Terrain|[from] ability: Psychic Surge|[of] p2a: Tapu Lele\n|turn|1\n|c|\u2606eris52|oh\n|c|\u2606eris52|Im fucker\n|c|\u2606eris52|Fucked\n|inactive|omegashenronone has 270 seconds left.\n|\n|t:|1700922152\n|detailschange|p1a: Gym bro|Swampert-Mega, M\n|-mega|p1a: Gym bro|Swampert|Swampertite\n|move|p2a: Tapu Lele|Moonblast|p1b: Genji\n|-supereffective|p1b: Genji\n|-damage|p1b: Genji|0 fnt\n|faint|p1b: Genji\n|move|p2b: Rotom|Volt Switch|p1a: Gym bro\n|-immune|p1a: Gym bro\n|move|p1a: Gym bro|Liquidation|p2a: Tapu Lele\n|-damage|p2a: Tapu Lele|21\/100\n|\n|upkeep\n|inactive|omegashenronone has 270 seconds left.\n|\n|t:|1700922163\n|switch|p1b: Happy|Pelipper, F|100\/100\n|-weather|RainDance|[from] ability: Drizzle|[of] p1b: Happy\n|turn|2\n|inactive|omegashenronone has 270 seconds left.\n|\n|t:|1700922187\n|switch|p2a: Torkoal|Torkoal, M|100\/100\n|-weather|SunnyDay|[from] ability: Drought|[of] p2a: Torkoal\n|move|p2b: Rotom|Volt Switch|p1b: Happy\n|-supereffective|p1b: Happy\n|-damage|p1b: Happy|0 fnt\n|faint|p1b: Happy\n|\n|t:|1700922201\n|switch|p2b: Scovillain|Scovillain, M|100\/100|[from] Volt Switch\n|move|p1a: Gym bro|Liquidation|p2b: Scovillain\n|-damage|p2b: Scovillain|51\/100\n|\n|-weather|SunnyDay|[upkeep]\n|upkeep\n|\n|t:|1700922209\n|switch|p1b: Master Shi-Fu!|Urshifu-Rapid-Strike, M|100\/100\n|turn|3\n|inactive|eris52 has 270 seconds left.\n|c|\u2606omegashenronone|Scarf lele sealed my fate\n|\n|t:|1700922254\n|switch|p1a: Chunky|Empoleon, M|100\/100\n|move|p2b: Scovillain|Giga Drain|p1a: Chunky\n|-damage|p1a: Chunky|67\/100\n|-heal|p2b: Scovillain|71\/100|[from] drain|[of] p1a: Chunky\n|-damage|p2b: Scovillain|61\/100|[from] item: Life Orb\n|move|p1b: Master Shi-Fu!|Surging Strikes|p2b: Scovillain\n|-crit|p2b: Scovillain\n|-damage|p2b: Scovillain|33\/100\n|-crit|p2b: Scovillain\n|-damage|p2b: Scovillain|9\/100\n|-crit|p2b: Scovillain\n|-damage|p2b: Scovillain|0 fnt\n|faint|p2b: Scovillain\n|-hitcount|p2: Scovillain|3\n|-damage|p1b: Master Shi-Fu!|91\/100|[from] item: Life Orb\n|move|p2a: Torkoal|Yawn|p1b: Master Shi-Fu!\n|-start|p1b: Master Shi-Fu!|move: Yawn|[of] p2a: Torkoal\n|\n|-weather|SunnyDay|[upkeep]\n|upkeep\n|\n|t:|1700922259\n|switch|p2b: Tapu Lele|Tapu Lele|21\/100\n|turn|4\n|c|\u2606eris52|hmm\n|c|\u2606eris52|True\n|\n|t:|1700922282\n|move|p2b: Tapu Lele|Moonblast|p1b: Master Shi-Fu!\n|-supereffective|p1b: Master Shi-Fu!\n|-damage|p1b: Master Shi-Fu!|0 fnt\n|faint|p1b: Master Shi-Fu!\n|move|p1a: Chunky|Water Pledge|p2b: Tapu Lele\n|-damage|p2b: Tapu Lele|0 fnt\n|faint|p2b: Tapu Lele\n|move|p2a: Torkoal|Body Press|p1a: Chunky\n|-supereffective|p1a: Chunky\n|-damage|p1a: Chunky|0 fnt\n|faint|p1a: Chunky\n|\n|-weather|SunnyDay|[upkeep]\n|upkeep\n|\n|t:|1700922294\n|switch|p1b: Gym bro|Swampert-Mega, M|100\/100\n|switch|p2b: Great Tusk|Great Tusk|100\/100\n|switch|p1a: Hur-Hur-Hur|Kingdra, M|100\/100\n|-activate|p2b: Great Tusk|ability: Protosynthesis\n|-start|p2b: Great Tusk|protosynthesisatk\n|turn|5\n|\n|t:|1700922314\n|move|p2b: Great Tusk|Close Combat|p1a: Hur-Hur-Hur\n|-damage|p1a: Hur-Hur-Hur|0 fnt\n|-unboost|p2b: Great Tusk|def|1\n|-unboost|p2b: Great Tusk|spd|1\n|faint|p1a: Hur-Hur-Hur\n|move|p1b: Gym bro|Liquidation|p2a: Torkoal\n|-supereffective|p2a: Torkoal\n|-damage|p2a: Torkoal|69\/100\n|move|p2a: Torkoal|Yawn|p1b: Gym bro\n|-start|p1b: Gym bro|move: Yawn|[of] p2a: Torkoal\n|\n|-weather|SunnyDay|[upkeep]\n|-fieldend|move: Psychic Terrain\n|upkeep\n|turn|6\n|j| rimm099._\n|\n|t:|1700922326\n|move|p2b: Great Tusk|Close Combat|p1b: Gym bro\n|-damage|p1b: Gym bro|31\/100\n|-unboost|p2b: Great Tusk|def|1\n|-unboost|p2b: Great Tusk|spd|1\n|move|p1b: Gym bro|Earthquake|p2b: Great Tusk|[spread] p2a,p2b\n|-supereffective|p2a: Torkoal\n|-damage|p2a: Torkoal|19\/100\n|-damage|p2b: Great Tusk|34\/100\n|move|p2a: Torkoal|Body Press|p1b: Gym bro\n|-damage|p1b: Gym bro|2\/100\n|\n|-weather|SunnyDay|[upkeep]\n|-end|p1b: Gym bro|move: Yawn|[silent]\n|-status|p1b: Gym bro|slp\n|upkeep\n|turn|7\n|c|\u2606eris52|ggg\n|c|\u2606omegashenronone|Good game\n|\n|t:|1700922336\n|move|p2b: Great Tusk|Headlong Rush|p1b: Gym bro\n|-damage|p1b: Gym bro|0 fnt\n|-unboost|p2b: Great Tusk|def|1\n|-unboost|p2b: Great Tusk|spd|1\n|faint|p1b: Gym bro\n|\n|win|eris52\n|c|\u2606eris52|I dont know how i pulled this off\n","uploadtime":1700922345,"views":6,"p1id":"omegashenronone","p2id":"eris52","formatid":"gen9nationaldexdoubles","rating":0,"private":0,"password":""}