{"id":"gen9nationaldexdoubles-1997217531","p1":"Vican259","p2":"DoomedTaurus","format":"[Gen 9] National Dex Doubles","log":"|j|\u2606Vican259\n|j|\u2606DoomedTaurus\n|t:|1700776707\n|gametype|doubles\n|player|p1|Vican259|bellelba|\n|player|p2|DoomedTaurus|bruno|\n|teamsize|p1|6\n|teamsize|p2|6\n|gen|9\n|tier|[Gen 9] National Dex Doubles\n|rule|HP Percentage Mod: HP is shown in percentages\n|rule|Endless Battle Clause: Forcing endless battles is banned\n|rule|OHKO Clause: OHKO moves are banned\n|rule|Evasion Moves Clause: Evasion moves are banned\n|rule|Evasion Abilities Clause: Evasion abilities are banned\n|rule|Species Clause: Limit one of each Pok\u00e9mon\n|rule|Gravity Sleep Clause: The combination of sleep-inducing moves with imperfect accuracy and Gravity or Gigantamax Orbeetle are banned\n|clearpoke\n|poke|p1|Hippowdon, M|\n|poke|p1|Gliscor, F|\n|poke|p1|Lycanroc-Dusk, M|\n|poke|p1|Garganacl, F|\n|poke|p1|Great Tusk|\n|poke|p1|Flamigo, F|\n|poke|p2|Crustle, M|\n|poke|p2|Hawlucha, M|\n|poke|p2|Murkrow, M|\n|poke|p2|Drifblim, F|\n|poke|p2|Clodsire, M|\n|poke|p2|Espeon, M|\n|teampreview\n|\n|t:|1700776723\n|start\n|switch|p1a: Big chunko|Hippowdon, M|100\/100\n|switch|p1b: Awoo|Lycanroc-Dusk, M|100\/100\n|switch|p2a: Crime Bird|Murkrow, M|100\/100\n|switch|p2b: Mob Psycho|Espeon, M|100\/100\n|-weather|Sandstorm|[from] ability: Sand Stream|[of] p1a: Big chunko\n|turn|1\n|\n|t:|1700776760\n|move|p2a: Crime Bird|Thunder Wave|p1b: Awoo\n|-status|p1b: Awoo|par\n|move|p2b: Mob Psycho|Reflect|p2b: Mob Psycho\n|-sidestart|p2: DoomedTaurus|Reflect\n|-zpower|p1b: Awoo\n|move|p1b: Awoo|Splintered Stormshards|p2b: Mob Psycho|[zeffect]\n|-damage|p2b: Mob Psycho|7\/100\n|move|p1a: Big chunko|Stealth Rock|p2b: Mob Psycho\n|move|p2b: Mob Psycho|Stealth Rock|p1a: Big chunko|[from]ability: Magic Bounce\n|-sidestart|p1: Vican259|move: Stealth Rock\n|\n|-weather|Sandstorm|[upkeep]\n|-damage|p2b: Mob Psycho|1\/100|[from] Sandstorm\n|-damage|p2a: Crime Bird|94\/100|[from] Sandstorm\n|upkeep\n|turn|2\n|\n|t:|1700776812\n|switch|p1b: Argh|Gliscor, F|100\/100\n|-damage|p1b: Argh|88\/100|[from] Stealth Rock\n|move|p2b: Mob Psycho|Light Screen|p2b: Mob Psycho\n|-sidestart|p2: DoomedTaurus|move: Light Screen\n|move|p2a: Crime Bird|Hurricane|p1a: Big chunko|[miss]\n|-miss|p2a: Crime Bird|p1a: Big chunko\n|move|p1a: Big chunko|Earthquake|p2b: Mob Psycho|[spread] p2b\n|-immune|p1b: Argh\n|-immune|p2a: Crime Bird\n|-damage|p2b: Mob Psycho|0 fnt\n|faint|p2b: Mob Psycho\n|\n|-weather|Sandstorm|[upkeep]\n|-damage|p2a: Crime Bird|88\/100|[from] Sandstorm\n|-status|p1b: Argh|tox|[from] item: Toxic Orb\n|upkeep\n|\n|t:|1700776838\n|switch|p2b: Lasagna|Crustle, M|100\/100\n|-item|p2b: Lasagna|Air Balloon\n|turn|3\n|\n|t:|1700776853\n|move|p2a: Crime Bird|Quash|p1b: Argh\n|-activate|p1b: Argh|move: Quash\n|move|p2b: Lasagna|Shell Smash|p2b: Lasagna\n|-unboost|p2b: Lasagna|def|1\n|-unboost|p2b: Lasagna|spd|1\n|-boost|p2b: Lasagna|atk|2\n|-boost|p2b: Lasagna|spa|2\n|-boost|p2b: Lasagna|spe|2\n|move|p1a: Big chunko|Earthquake|p2a: Crime Bird|[spread] \n|-immune|p1b: Argh\n|-immune|p2a: Crime Bird\n|-immune|p2b: Lasagna\n|move|p1b: Argh|Facade|p2a: Crime Bird\n|-damage|p2a: Crime Bird|51\/100\n|\n|-weather|Sandstorm|[upkeep]\n|-damage|p2a: Crime Bird|45\/100|[from] Sandstorm\n|-heal|p1b: Argh|100\/100 tox|[from] ability: Poison Heal\n|upkeep\n|turn|4\n|\n|t:|1700776876\n|move|p2b: Lasagna|Rock Slide|p1b: Argh|[spread] p1a,p1b\n|-resisted|p1a: Big chunko\n|-damage|p1a: Big chunko|85\/100\n|-damage|p1b: Argh|58\/100 tox\n|move|p2a: Crime Bird|Hurricane|p1a: Big chunko\n|-damage|p1a: Big chunko|48\/100\n|-start|p1a: Big chunko|confusion\n|move|p1b: Argh|Aqua Tail|p2b: Lasagna\n|-supereffective|p2b: Lasagna\n|-damage|p2b: Lasagna|62\/100\n|-enditem|p2b: Lasagna|Air Balloon\n|-activate|p1a: Big chunko|confusion\n|move|p1a: Big chunko|Toxic|p2b: Lasagna\n|-status|p2b: Lasagna|tox\n|\n|-weather|Sandstorm|[upkeep]\n|-damage|p2a: Crime Bird|39\/100|[from] Sandstorm\n|-damage|p2b: Lasagna|56\/100 tox|[from] psn\n|-heal|p1b: Argh|70\/100 tox|[from] ability: Poison Heal\n|upkeep\n|turn|5\n|\n|t:|1700776916\n|switch|p1a: OU|Great Tusk|100\/100\n|-damage|p1a: OU|98\/100|[from] Stealth Rock\n|move|p2b: Lasagna|Rock Slide|p1a: OU|[spread] p1a,p1b\n|-resisted|p1a: OU\n|-damage|p1a: OU|88\/100\n|-damage|p1b: Argh|24\/100 tox\n|move|p2a: Crime Bird|Hurricane|p1b: Argh\n|-damage|p1b: Argh|0 fnt\n|faint|p1b: Argh\n|\n|-weather|Sandstorm|[upkeep]\n|-damage|p2a: Crime Bird|33\/100|[from] Sandstorm\n|-damage|p2b: Lasagna|44\/100 tox|[from] psn\n|upkeep\n|\n|t:|1700776933\n|switch|p1b: Big chunko|Hippowdon, M|48\/100\n|-damage|p1b: Big chunko|42\/100|[from] Stealth Rock\n|turn|6\n|\n|t:|1700776992\n|move|p2b: Lasagna|X-Scissor|p1b: Big chunko\n|-damage|p1b: Big chunko|0 fnt\n|faint|p1b: Big chunko\n|move|p2a: Crime Bird|Hurricane|p1a: OU\n|-supereffective|p1a: OU\n|-damage|p1a: OU|26\/100\n|-start|p1a: OU|confusion\n|-activate|p1a: OU|confusion\n|move|p1a: OU|Ice Spinner|p2a: Crime Bird\n|-supereffective|p2a: Crime Bird\n|-damage|p2a: Crime Bird|0 fnt\n|faint|p2a: Crime Bird\n|\n|-weather|Sandstorm|[upkeep]\n|-damage|p2b: Lasagna|26\/100 tox|[from] psn\n|upkeep\n|\n|t:|1700777014\n|switch|p2a: MAcho Libre|Hawlucha, M|100\/100\n|switch|p1b: Minecwaft|Garganacl, F|100\/100\n|-damage|p1b: Minecwaft|88\/100|[from] Stealth Rock\n|turn|7\n|\n|t:|1700777043\n|-end|p1a: OU|Protosynthesis|[silent]\n|switch|p1a: Awoo|Lycanroc-Dusk, M|100\/100 par\n|-damage|p1a: Awoo|88\/100 par|[from] Stealth Rock\n|switch|p1b: Good pokemon :)|Flamigo, F|100\/100\n|move|p2b: Lasagna|Rock Slide|p1a: Awoo|[spread] p1a,p1b\n|-damage|p1a: Awoo|0 fnt\n|-damage|p1b: Good pokemon :)|27\/100\n|faint|p1a: Awoo\n|move|p2a: MAcho Libre|Close Combat|p1b: Good pokemon :)\n|-resisted|p1b: Good pokemon :)\n|-damage|p1b: Good pokemon :)|0 fnt\n|-unboost|p2a: MAcho Libre|def|1\n|-unboost|p2a: MAcho Libre|spd|1\n|faint|p1b: Good pokemon :)\n|-damage|p2a: MAcho Libre|91\/100|[from] item: Life Orb\n|\n|-weather|Sandstorm|[upkeep]\n|-damage|p2a: MAcho Libre|85\/100|[from] Sandstorm\n|-damage|p2b: Lasagna|2\/100 tox|[from] psn\n|upkeep\n|\n|t:|1700777062\n|switch|p1a: OU|Great Tusk|26\/100\n|switch|p1b: Minecwaft|Garganacl, F|88\/100\n|-damage|p1a: OU|23\/100|[from] Stealth Rock\n|-damage|p1b: Minecwaft|76\/100|[from] Stealth Rock\n|turn|8\n|\n|t:|1700777084\n|-terastallize|p1b: Minecwaft|Ghost\n|move|p2b: Lasagna|Rock Slide|p1a: OU|[spread] p1a,p1b\n|-resisted|p1a: OU\n|-damage|p1a: OU|12\/100\n|-damage|p1b: Minecwaft|41\/100\n|move|p2a: MAcho Libre|Close Combat|p1b: Minecwaft\n|-immune|p1b: Minecwaft\n|move|p1a: OU|Ice Spinner|p2a: MAcho Libre\n|-supereffective|p2a: MAcho Libre\n|-damage|p2a: MAcho Libre|12\/100\n|cant|p1b: Minecwaft|flinch\n|\n|-weather|none\n|-heal|p1b: Minecwaft|47\/100|[from] item: Leftovers\n|-damage|p2b: Lasagna|0 fnt|[from] psn\n|faint|p2b: Lasagna\n|-sideend|p2: DoomedTaurus|Reflect\n|upkeep\n|\n|t:|1700777104\n|switch|p2b: The Boi|Clodsire, M|100\/100\n|turn|9\n|\n|t:|1700777139\n|move|p2a: MAcho Libre|U-turn|p1a: OU\n|-resisted|p1a: OU\n|-damage|p1a: OU|2\/100\n|-damage|p2a: MAcho Libre|3\/100|[from] item: Life Orb\n|\n|t:|1700777146\n|switch|p2a: UFO|Drifblim, F|100\/100|[from] U-turn\n|move|p1a: OU|Ice Spinner|p2a: UFO\n|-supereffective|p2a: UFO\n|-crit|p2a: UFO\n|-damage|p2a: UFO|0 fnt\n|faint|p2a: UFO\n|move|p1b: Minecwaft|Ice Punch|p2b: The Boi\n|-supereffective|p2b: The Boi\n|-damage|p2b: The Boi|63\/100\n|move|p2b: The Boi|Earthquake|p1a: OU|[spread] p1a,p1b\n|-damage|p1a: OU|0 fnt\n|-damage|p1b: Minecwaft|34\/100\n|faint|p1a: OU\n|-end|p1a: OU|Protosynthesis|[silent]\n|\n|-heal|p1b: Minecwaft|40\/100|[from] item: Leftovers\n|-heal|p2b: The Boi|69\/100|[from] item: Leftovers\n|-sideend|p2: DoomedTaurus|move: Light Screen\n|upkeep\n|\n|t:|1700777164\n|switch|p2a: MAcho Libre|Hawlucha, M|3\/100\n|turn|10\n|\n|t:|1700777183\n|-terastallize|p2b: The Boi|Dark\n|move|p2a: MAcho Libre|Stone Edge|p1b: Minecwaft\n|-damage|p1b: Minecwaft|15\/100\n|-damage|p2a: MAcho Libre|0 fnt|[from] item: Life Orb\n|faint|p2a: MAcho Libre\n|move|p1b: Minecwaft|Recover|p1b: Minecwaft\n|-heal|p1b: Minecwaft|65\/100\n|move|p2b: The Boi|Earthquake|p1b: Minecwaft\n|-damage|p1b: Minecwaft|46\/100\n|\n|-heal|p1b: Minecwaft|52\/100|[from] item: Leftovers\n|-heal|p2b: The Boi|75\/100|[from] item: Leftovers\n|upkeep\n|turn|11\n|\n|t:|1700777199\n|move|p1b: Minecwaft|Salt Cure|p2b: The Boi\n|-damage|p2b: The Boi|60\/100\n|-start|p2b: The Boi|Salt Cure\n|move|p2b: The Boi|Earthquake|p1b: Minecwaft\n|-damage|p1b: Minecwaft|35\/100\n|\n|-heal|p1b: Minecwaft|41\/100|[from] item: Leftovers\n|-heal|p2b: The Boi|66\/100|[from] item: Leftovers\n|-damage|p2b: The Boi|54\/100|[from] Salt Cure\n|upkeep\n|turn|12\n|\n|t:|1700777212\n|move|p1b: Minecwaft|Recover|p1b: Minecwaft\n|-heal|p1b: Minecwaft|91\/100\n|move|p2b: The Boi|Earthquake|p1b: Minecwaft\n|-damage|p1b: Minecwaft|74\/100\n|\n|-heal|p1b: Minecwaft|80\/100|[from] item: Leftovers\n|-heal|p2b: The Boi|60\/100|[from] item: Leftovers\n|-damage|p2b: The Boi|47\/100|[from] Salt Cure\n|upkeep\n|turn|13\n|\n|t:|1700777223\n|move|p1b: Minecwaft|Ice Punch|p2b: The Boi\n|-damage|p2b: The Boi|27\/100\n|-status|p2b: The Boi|frz\n|cant|p2b: The Boi|frz\n|\n|-heal|p1b: Minecwaft|86\/100|[from] item: Leftovers\n|-heal|p2b: The Boi|33\/100 frz|[from] item: Leftovers\n|-damage|p2b: The Boi|20\/100 frz|[from] Salt Cure\n|upkeep\n|turn|14\n|\n|t:|1700777234\n|move|p1b: Minecwaft|Ice Punch|p2b: The Boi\n|-damage|p2b: The Boi|3\/100 frz\n|cant|p2b: The Boi|frz\n|\n|-heal|p1b: Minecwaft|93\/100|[from] item: Leftovers\n|-heal|p2b: The Boi|9\/100 frz|[from] item: Leftovers\n|-damage|p2b: The Boi|0 fnt|[from] Salt Cure\n|faint|p2b: The Boi\n|\n|win|Vican259\n|upkeep\n","uploadtime":1700777244,"views":2,"p1id":"vican259","p2id":"doomedtaurus","formatid":"gen9nationaldexdoubles","rating":0,"private":0,"password":""}