{"id":"gen9nationaldexdoubles-1998869933","p1":"OPieceOfHeroGhost","p2":"bibleisreal20994","format":"[Gen 9] National Dex Doubles","log":"|j|\u2606OPieceOfHeroGhost\n|j|\u2606bibleisreal20994\n|t:|1701006164\n|gametype|doubles\n|player|p1|OPieceOfHeroGhost|morty|1038\n|player|p2|bibleisreal20994|ingo|1222\n|teamsize|p1|6\n|teamsize|p2|6\n|gen|9\n|tier|[Gen 9] National Dex Doubles\n|rated|\n|rule|HP Percentage Mod: HP is shown in percentages\n|rule|Endless Battle Clause: Forcing endless battles is banned\n|rule|OHKO Clause: OHKO moves are banned\n|rule|Evasion Moves Clause: Evasion moves are banned\n|rule|Evasion Abilities Clause: Evasion abilities are banned\n|rule|Species Clause: Limit one of each Pok\u00e9mon\n|rule|Gravity Sleep Clause: The combination of sleep-inducing moves with imperfect accuracy and Gravity or Gigantamax Orbeetle are banned\n|clearpoke\n|poke|p1|Incineroar, M|\n|poke|p1|Serperior, F|\n|poke|p1|Gastrodon, F|\n|poke|p1|Flutter Mane|\n|poke|p1|Landorus-Therian, M|\n|poke|p1|Arcanine-Hisui, F|\n|poke|p2|Slowbro-Galar, M|\n|poke|p2|Indeedee-F, F|\n|poke|p2|Throh, M|\n|poke|p2|Crabominable, M|\n|poke|p2|Alakazam, M|\n|poke|p2|Oranguru, F|\n|teampreview\n|inactive|Battle timer is ON: inactive players will automatically lose when time's up. (requested by bibleisreal20994)\n|\n|t:|1701006173\n|start\n|switch|p1a: \u864e\u95e8|Incineroar, M|100\/100\n|switch|p1b: \u2764\ufe0fSerperior 4Ever|Serperior, F|100\/100\n|switch|p2a: Slowbro|Slowbro-Galar, M|100\/100\n|switch|p2b: Indeedee|Indeedee-F, F|100\/100\n|-fieldstart|move: Psychic Terrain|[from] ability: Psychic Surge|[of] p2b: Indeedee\n|-ability|p1a: \u864e\u95e8|Intimidate|boost\n|-fail|p2a: Slowbro|unboost|Attack|[from] ability: Own Tempo|[of] p2a: Slowbro\n|-unboost|p2b: Indeedee|atk|1\n|turn|1\n|l|\u2606bibleisreal20994\n|inactive|bibleisreal20994 disconnected and has a minute to reconnect!\n|player|p2|\n|\n|t:|1701006187\n|move|p2b: Indeedee|Follow Me|p2b: Indeedee\n|-singleturn|p2b: Indeedee|move: Follow Me\n|move|p1b: \u2764\ufe0fSerperior 4Ever|Glare|p2b: Indeedee\n|-status|p2b: Indeedee|par\n|move|p1a: \u864e\u95e8|Knock Off|p2b: Indeedee\n|-supereffective|p2b: Indeedee\n|-damage|p2b: Indeedee|0 fnt\n|-enditem|p2b: Indeedee|Eject Button|[from] move: Knock Off|[of] p1a: \u864e\u95e8\n|faint|p2b: Indeedee\n|move|p2a: Slowbro|Trick Room|p2a: Slowbro\n|-fieldstart|move: Trick Room|[of] p2a: Slowbro\n|\n|upkeep\n|j|\u2606bibleisreal20994\n|inactive|bibleisreal20994 reconnected and has 135 seconds left.\n|player|p2|bibleisreal20994|ingo\n|inactive|bibleisreal20994 has 120 seconds left.\n|\n|t:|1701006219\n|switch|p2b: Throh|Throh, M|100\/100\n|turn|2\n|\n|t:|1701006227\n|switch|p1a: \u50bb\u4e86\u5427\uff0c\u52a8\u4e0d\u4e86|Landorus-Therian, M|100\/100\n|-ability|p1a: \u50bb\u4e86\u5427\uff0c\u52a8\u4e0d\u4e86|Intimidate|boost\n|-fail|p2a: Slowbro|unboost|Attack|[from] ability: Own Tempo|[of] p2a: Slowbro\n|-fail|p2b: Throh|unboost|Attack|[from] ability: Inner Focus|[of] p2b: Throh\n|move|p2a: Slowbro|Belly Drum|p2a: Slowbro\n|-damage|p2a: Slowbro|50\/100\n|-setboost|p2a: Slowbro|atk|6|[from] move: Belly Drum\n|-enditem|p2a: Slowbro|Sitrus Berry|[eat]\n|-heal|p2a: Slowbro|75\/100|[from] item: Sitrus Berry\n|move|p2b: Throh|Mat Block|p2b: Throh\n|-singleturn|p2b: Throh|Mat Block\n|move|p1b: \u2764\ufe0fSerperior 4Ever|Glare|p2a: Slowbro\n|-status|p2a: Slowbro|par\n|\n|upkeep\n|turn|3\n|inactive|OPieceOfHeroGhost has 120 seconds left.\n|\n|t:|1701006263\n|move|p1b: \u2764\ufe0fSerperior 4Ever|Protect|p1b: \u2764\ufe0fSerperior 4Ever\n|-singleturn|p1b: \u2764\ufe0fSerperior 4Ever|Protect\n|move|p2a: Slowbro|Drain Punch|p1b: \u2764\ufe0fSerperior 4Ever\n|-activate|p1b: \u2764\ufe0fSerperior 4Ever|move: Protect\n|move|p2b: Throh|Superpower|p1a: \u50bb\u4e86\u5427\uff0c\u52a8\u4e0d\u4e86\n|-resisted|p1a: \u50bb\u4e86\u5427\uff0c\u52a8\u4e0d\u4e86\n|-damage|p1a: \u50bb\u4e86\u5427\uff0c\u52a8\u4e0d\u4e86|81\/100\n|-unboost|p2b: Throh|atk|1\n|-unboost|p2b: Throh|def|1\n|-enditem|p2b: Throh|Eject Pack\n|\n|t:|1701006271\n|switch|p2b: Crabominable|Crabominable, M|100\/100\n|move|p1a: \u50bb\u4e86\u5427\uff0c\u52a8\u4e0d\u4e86|U-turn|p2b: Crabominable\n|-resisted|p2b: Crabominable\n|-damage|p2b: Crabominable|88\/100\n|inactive|OPieceOfHeroGhost has 120 seconds left.\n|\n|t:|1701006280\n|switch|p1a: \u864e\u95e8|Incineroar, M|100\/100|[from] U-turn\n|-ability|p1a: \u864e\u95e8|Intimidate|boost\n|-fail|p2a: Slowbro|unboost|Attack|[from] ability: Own Tempo|[of] p2a: Slowbro\n|-unboost|p2b: Crabominable|atk|1\n|\n|upkeep\n|turn|4\n|inactive|OPieceOfHeroGhost has 120 seconds left.\n|\n|t:|1701006314\n|-terastallize|p1a: \u864e\u95e8|Flying\n|move|p2a: Slowbro|Drain Punch|p1a: \u864e\u95e8\n|-resisted|p1a: \u864e\u95e8\n|-damage|p1a: \u864e\u95e8|59\/100\n|-heal|p2a: Slowbro|99\/100 par|[from] drain|[of] p1a: \u864e\u95e8\n|move|p2b: Crabominable|Ice Hammer|p1b: \u2764\ufe0fSerperior 4Ever\n|-supereffective|p1b: \u2764\ufe0fSerperior 4Ever\n|-damage|p1b: \u2764\ufe0fSerperior 4Ever|22\/100\n|-unboost|p2b: Crabominable|spe|1\n|move|p1a: \u864e\u95e8|Knock Off|p2b: Crabominable\n|-resisted|p2b: Crabominable\n|-damage|p2b: Crabominable|66\/100\n|-enditem|p2b: Crabominable|Protective Pads|[from] move: Knock Off|[of] p1a: \u864e\u95e8\n|move|p1b: \u2764\ufe0fSerperior 4Ever|Dragon Tail|p2a: Slowbro\n|-damage|p2a: Slowbro|88\/100 par\n|drag|p2a: Alakazam|Alakazam, M|100\/100\n|\n|-heal|p1b: \u2764\ufe0fSerperior 4Ever|28\/100|[from] item: Leftovers\n|upkeep\n|turn|5\n|inactive|OPieceOfHeroGhost has 120 seconds left.\n|\n|t:|1701006342\n|move|p1b: \u2764\ufe0fSerperior 4Ever|Protect|p1b: \u2764\ufe0fSerperior 4Ever\n|-singleturn|p1b: \u2764\ufe0fSerperior 4Ever|Protect\n|move|p2a: Alakazam|Protect|p2a: Alakazam\n|-singleturn|p2a: Alakazam|Protect\n|move|p2b: Crabominable|Ice Hammer|p1a: \u864e\u95e8\n|-supereffective|p1a: \u864e\u95e8\n|-crit|p1a: \u864e\u95e8\n|-damage|p1a: \u864e\u95e8|0 fnt\n|-unboost|p2b: Crabominable|spe|1\n|faint|p1a: \u864e\u95e8\n|\n|-heal|p1b: \u2764\ufe0fSerperior 4Ever|34\/100|[from] item: Leftovers\n|-fieldend|move: Trick Room\n|-fieldend|move: Psychic Terrain\n|upkeep\n|inactive|OPieceOfHeroGhost has 120 seconds left.\n|\n|t:|1701006362\n|switch|p1a: \u53d1\u59d0\u7ed9\u4f60\u5ff5\u4e00\u5ff5|Flutter Mane|100\/100\n|turn|6\n|\n|t:|1701006379\n|-end|p1a: \u53d1\u59d0\u7ed9\u4f60\u5ff5\u4e00\u5ff5|Protosynthesis|[silent]\n|switch|p1a: \u6765\u54ac\u6211\u5440\uff0c\u6c6a\u6c6a\u6c6a|Arcanine-Hisui, F|100\/100\n|-ability|p1a: \u6765\u54ac\u6211\u5440\uff0c\u6c6a\u6c6a\u6c6a|Intimidate|boost\n|-unboost|p2a: Alakazam|atk|1\n|-unboost|p2b: Crabominable|atk|1\n|detailschange|p2a: Alakazam|Alakazam-Mega, M\n|-mega|p2a: Alakazam|Alakazam|Alakazite\n|-ability|p2a: Alakazam|Contrary|[from] ability: Trace|[of] p1b: \u2764\ufe0fSerperior 4Ever\n|move|p2a: Alakazam|Psyshock|p1a: \u6765\u54ac\u6211\u5440\uff0c\u6c6a\u6c6a\u6c6a\n|-damage|p1a: \u6765\u54ac\u6211\u5440\uff0c\u6c6a\u6c6a\u6c6a|36\/100\n|move|p1b: \u2764\ufe0fSerperior 4Ever|Glare|p2a: Alakazam\n|-status|p2a: Alakazam|par\n|move|p2b: Crabominable|Ice Hammer|p1b: \u2764\ufe0fSerperior 4Ever\n|-supereffective|p1b: \u2764\ufe0fSerperior 4Ever\n|-damage|p1b: \u2764\ufe0fSerperior 4Ever|0 fnt\n|-unboost|p2b: Crabominable|spe|1\n|faint|p1b: \u2764\ufe0fSerperior 4Ever\n|\n|upkeep\n|inactive|OPieceOfHeroGhost has 120 seconds left.\n|\n|t:|1701006395\n|switch|p1b: \u53d1\u59d0\u7ed9\u4f60\u5ff5\u4e00\u5ff5|Flutter Mane|100\/100\n|turn|7\n|\n|t:|1701006401\n|switch|p2b: Slowbro|Slowbro-Galar, M|88\/100 par\n|move|p1b: \u53d1\u59d0\u7ed9\u4f60\u5ff5\u4e00\u5ff5|Hex|p2a: Alakazam\n|-supereffective|p2a: Alakazam\n|-damage|p2a: Alakazam|0 fnt\n|faint|p2a: Alakazam\n|move|p1a: \u6765\u54ac\u6211\u5440\uff0c\u6c6a\u6c6a\u6c6a|Flare Blitz|p2b: Slowbro\n|-damage|p2b: Slowbro|4\/100 par\n|-damage|p1a: \u6765\u54ac\u6211\u5440\uff0c\u6c6a\u6c6a\u6c6a|8\/100|[from] Recoil\n|\n|upkeep\n|\n|t:|1701006405\n|switch|p2a: Oranguru|Oranguru, F|100\/100\n|turn|8\n|\n|t:|1701006417\n|move|p1b: \u53d1\u59d0\u7ed9\u4f60\u5ff5\u4e00\u5ff5|Hex|p2b: Slowbro\n|-supereffective|p2b: Slowbro\n|-damage|p2b: Slowbro|0 fnt\n|faint|p2b: Slowbro\n|move|p1a: \u6765\u54ac\u6211\u5440\uff0c\u6c6a\u6c6a\u6c6a|Flare Blitz|p2a: Oranguru\n|-damage|p2a: Oranguru|24\/100\n|-damage|p1a: \u6765\u54ac\u6211\u5440\uff0c\u6c6a\u6c6a\u6c6a|0 fnt|[from] Recoil\n|faint|p1a: \u6765\u54ac\u6211\u5440\uff0c\u6c6a\u6c6a\u6c6a\n|-zpower|p2a: Oranguru\n|move|p2a: Oranguru|Z-Trick Room|p2a: Oranguru|[anim]Trick Room\n|-boost|p2a: Oranguru|accuracy|1|[zeffect]\n|-fieldstart|move: Trick Room|[of] p2a: Oranguru\n|\n|upkeep\n|\n|t:|1701006426\n|switch|p2b: Crabominable|Crabominable, M|66\/100\n|switch|p1a: \u6d77\u5154\u517d\u771f\u662f\u840c\u840c\u54d2|Gastrodon, F|100\/100\n|turn|9\n|\n|t:|1701006439\n|-end|p1b: \u53d1\u59d0\u7ed9\u4f60\u5ff5\u4e00\u5ff5|Protosynthesis|[silent]\n|switch|p1b: \u50bb\u4e86\u5427\uff0c\u52a8\u4e0d\u4e86|Landorus-Therian, M|81\/100\n|-ability|p1b: \u50bb\u4e86\u5427\uff0c\u52a8\u4e0d\u4e86|Intimidate|boost\n|-unboost|p2a: Oranguru|atk|1\n|-unboost|p2b: Crabominable|atk|1\n|move|p2b: Crabominable|Ice Hammer|p1b: \u50bb\u4e86\u5427\uff0c\u52a8\u4e0d\u4e86\n|-supereffective|p1b: \u50bb\u4e86\u5427\uff0c\u52a8\u4e0d\u4e86\n|-damage|p1b: \u50bb\u4e86\u5427\uff0c\u52a8\u4e0d\u4e86|0 fnt\n|-unboost|p2b: Crabominable|spe|1\n|faint|p1b: \u50bb\u4e86\u5427\uff0c\u52a8\u4e0d\u4e86\n|move|p2a: Oranguru|Instruct|p2b: Crabominable\n|-singleturn|p2b: Crabominable|move: Instruct|[of] p2a: Oranguru\n|move|p2b: Crabominable|Ice Hammer|p1a: \u6d77\u5154\u517d\u771f\u662f\u840c\u840c\u54d2\n|-damage|p1a: \u6d77\u5154\u517d\u771f\u662f\u840c\u840c\u54d2|60\/100\n|-unboost|p2b: Crabominable|spe|1\n|move|p1a: \u6d77\u5154\u517d\u771f\u662f\u840c\u840c\u54d2|Earth Power|p2a: Oranguru\n|-damage|p2a: Oranguru|0 fnt\n|faint|p2a: Oranguru\n|\n|upkeep\n|\n|t:|1701006457\n|switch|p2a: Throh|Throh, M|100\/100\n|switch|p1b: \u53d1\u59d0\u7ed9\u4f60\u5ff5\u4e00\u5ff5|Flutter Mane|100\/100\n|turn|10\n|\n|t:|1701006466\n|-terastallize|p2b: Crabominable|Fairy\n|move|p2b: Crabominable|Ice Hammer|p1b: \u53d1\u59d0\u7ed9\u4f60\u5ff5\u4e00\u5ff5\n|-damage|p1b: \u53d1\u59d0\u7ed9\u4f60\u5ff5\u4e00\u5ff5|35\/100\n|-unboost|p2b: Crabominable|spe|1\n|move|p2a: Throh|Storm Throw|p2b: Crabominable\n|-resisted|p2b: Crabominable\n|-crit|p2b: Crabominable\n|-damage|p2b: Crabominable|49\/100\n|-setboost|p2b: Crabominable|atk|6|[from] ability: Anger Point\n|move|p1a: \u6d77\u5154\u517d\u771f\u662f\u840c\u840c\u54d2|Earth Power|p2b: Crabominable\n|-damage|p2b: Crabominable|0 fnt\n|faint|p2b: Crabominable\n|move|p1b: \u53d1\u59d0\u7ed9\u4f60\u5ff5\u4e00\u5ff5|Dazzling Gleam|p2a: Throh\n|-supereffective|p2a: Throh\n|-damage|p2a: Throh|11\/100\n|\n|upkeep\n|turn|11\n|-message|bibleisreal20994 forfeited.\n|\n|win|OPieceOfHeroGhost\n|raw|OPieceOfHeroGhost's rating: 1038 &rarr; <strong>1090<\/strong><br \/>(+52 for winning)\n|raw|bibleisreal20994's rating: 1239 &rarr; <strong>1201<\/strong><br \/>(-38 for losing)\n|l|\u2606bibleisreal20994\n","uploadtime":1701006486,"views":0,"p1id":"opieceofheroghost","p2id":"bibleisreal20994","formatid":"gen9nationaldexdoubles","rating":1090,"private":0,"password":""}