{"id":"gen9nationaldexdoubles-1987583121","p1":"fumbari 24","p2":"SuperZachattacka","format":"[Gen 9] National Dex Doubles","log":"|j|\u2606fumbari 24\n|j|\u2606SuperZachattacka\n|t:|1699615519\n|gametype|doubles\n|player|p1|fumbari 24|hilbert|1226\n|player|p2|SuperZachattacka|swimmer-gen4|1187\n|teamsize|p1|6\n|teamsize|p2|6\n|gen|9\n|tier|[Gen 9] National Dex Doubles\n|rated|\n|rule|HP Percentage Mod: HP is shown in percentages\n|rule|Endless Battle Clause: Forcing endless battles is banned\n|rule|OHKO Clause: OHKO moves are banned\n|rule|Evasion Moves Clause: Evasion moves are banned\n|rule|Evasion Abilities Clause: Evasion abilities are banned\n|rule|Species Clause: Limit one of each Pok\u00e9mon\n|rule|Gravity Sleep Clause: The combination of sleep-inducing moves with imperfect accuracy and Gravity or Gigantamax Orbeetle are banned\n|clearpoke\n|poke|p1|Thundurus, M|\n|poke|p1|Staraptor, M|\n|poke|p1|Blastoise, M|\n|poke|p1|Bronzong|\n|poke|p1|Blaziken, M|\n|poke|p1|Latias, F|\n|poke|p2|Kangaskhan, F|\n|poke|p2|Mightyena, M|\n|poke|p2|Medicham, M|\n|poke|p2|Regigigas|\n|poke|p2|Keldeo-Resolute|\n|poke|p2|Clefairy, M|\n|teampreview\n|inactive|Battle timer is ON: inactive players will automatically lose when time's up. (requested by SuperZachattacka)\n|inactive|fumbari 24 has 120 seconds left.\n|\n|t:|1699615553\n|start\n|switch|p1a: Staraptor|Staraptor, M|100\/100\n|switch|p1b: Blaziken|Blaziken, M|100\/100\n|switch|p2a: Kangaskhan|Kangaskhan, F|100\/100\n|switch|p2b: Mightyena|Mightyena, M|100\/100\n|-ability|p1a: Staraptor|Intimidate|boost\n|-fail|p2a: Kangaskhan|unboost|Attack|[from] ability: Scrappy|[of] p2a: Kangaskhan\n|-unboost|p2b: Mightyena|atk|1\n|-ability|p2b: Mightyena|Intimidate|boost\n|-unboost|p1a: Staraptor|atk|1\n|-unboost|p1b: Blaziken|atk|1\n|turn|1\n|\n|t:|1699615571\n|move|p1b: Blaziken|Protect|p1b: Blaziken\n|-singleturn|p1b: Blaziken|Protect\n|move|p2a: Kangaskhan|Fake Out|p1b: Blaziken\n|-activate|p1b: Blaziken|move: Protect\n|move|p1a: Staraptor|Final Gambit|p2a: Kangaskhan\n|-damage|p2a: Kangaskhan|2\/100\n|faint|p1a: Staraptor\n|move|p2b: Mightyena|Crunch|p1b: Blaziken\n|-activate|p1b: Blaziken|move: Protect\n|\n|-ability|p1b: Blaziken|Speed Boost|boost\n|-boost|p1b: Blaziken|spe|1\n|upkeep\n|\n|t:|1699615585\n|switch|p1a: Harbor|Blastoise, M|100\/100\n|turn|2\n|\n|t:|1699615591\n|detailschange|p1b: Blaziken|Blaziken-Mega, M\n|-mega|p1b: Blaziken|Blaziken|Blazikenite\n|move|p1a: Harbor|Fake Out|p2a: Kangaskhan\n|-damage|p2a: Kangaskhan|0 fnt\n|faint|p2a: Kangaskhan\n|move|p1b: Blaziken|Aura Sphere|p2b: Mightyena\n|-supereffective|p2b: Mightyena\n|-damage|p2b: Mightyena|0 fnt\n|faint|p2b: Mightyena\n|\n|-ability|p1b: Blaziken|Speed Boost|boost\n|-boost|p1b: Blaziken|spe|1\n|upkeep\n|\n|t:|1699615611\n|switch|p2a: Keldeo|Keldeo-Resolute|100\/100\n|switch|p2b: Medicham|Medicham, M|100\/100\n|turn|3\n|\n|t:|1699615623\n|detailschange|p2b: Medicham|Medicham-Mega, M\n|-mega|p2b: Medicham|Medicham|Medichamite\n|move|p1b: Blaziken|Protect|p1b: Blaziken\n|-singleturn|p1b: Blaziken|Protect\n|move|p2b: Medicham|Fake Out|p1a: Harbor\n|-damage|p1a: Harbor|86\/100\n|move|p2a: Keldeo|Coaching|p2b: Medicham\n|-boost|p2b: Medicham|atk|1\n|-boost|p2b: Medicham|def|1\n|cant|p1a: Harbor|flinch\n|\n|-heal|p1a: Harbor|92\/100|[from] item: Leftovers\n|-ability|p1b: Blaziken|Speed Boost|boost\n|-boost|p1b: Blaziken|spe|1\n|upkeep\n|turn|4\n|\n|t:|1699615641\n|move|p1a: Harbor|Follow Me|p1a: Harbor\n|-singleturn|p1a: Harbor|move: Follow Me\n|move|p1b: Blaziken|Heat Wave|p2b: Medicham|[spread] p2a,p2b\n|-resisted|p2a: Keldeo\n|-crit|p2a: Keldeo\n|-damage|p2a: Keldeo|67\/100\n|-damage|p2b: Medicham|46\/100\n|move|p2a: Keldeo|Scald|p1a: Harbor\n|-resisted|p1a: Harbor\n|-damage|p1a: Harbor|71\/100\n|-status|p1a: Harbor|brn\n|-damage|p2a: Keldeo|57\/100|[from] item: Life Orb\n|move|p2b: Medicham|Zen Headbutt|p1a: Harbor\n|-damage|p1a: Harbor|4\/100 brn\n|\n|-heal|p1a: Harbor|10\/100 brn|[from] item: Leftovers\n|-damage|p1a: Harbor|4\/100 brn|[from] brn\n|-ability|p1b: Blaziken|Speed Boost|boost\n|-boost|p1b: Blaziken|spe|1\n|upkeep\n|turn|5\n|\n|t:|1699615662\n|switch|p2a: Clefairy|Clefairy, M|100\/100\n|move|p1b: Blaziken|Protect|p1b: Blaziken\n|-singleturn|p1b: Blaziken|Protect\n|move|p2b: Medicham|Zen Headbutt|p1b: Blaziken\n|-activate|p1b: Blaziken|move: Protect\n|move|p1a: Harbor|Life Dew||[still]|[spread] p1a,p1b\n|-heal|p1a: Harbor|29\/100 brn\n|-fail|p1b: Blaziken|heal\n|\n|-heal|p1a: Harbor|35\/100 brn|[from] item: Leftovers\n|-damage|p1a: Harbor|29\/100 brn|[from] brn\n|-ability|p1b: Blaziken|Speed Boost|boost\n|-boost|p1b: Blaziken|spe|1\n|upkeep\n|turn|6\n|\n|t:|1699615673\n|move|p1a: Harbor|Follow Me|p1a: Harbor\n|-singleturn|p1a: Harbor|move: Follow Me\n|move|p2a: Clefairy|Follow Me|p2a: Clefairy\n|-singleturn|p2a: Clefairy|move: Follow Me\n|move|p1b: Blaziken|Heat Wave|p2b: Medicham|[spread] p2a,p2b\n|-damage|p2a: Clefairy|69\/100\n|-damage|p2b: Medicham|5\/100\n|move|p2b: Medicham|Zen Headbutt|p1a: Harbor\n|-damage|p1a: Harbor|0 fnt\n|faint|p1a: Harbor\n|\n|-ability|p1b: Blaziken|Speed Boost|boost\n|-boost|p1b: Blaziken|spe|1\n|upkeep\n|\n|t:|1699615689\n|switch|p1a: Thundurus|Thundurus, M|100\/100\n|turn|7\n|inactive|SuperZachattacka has 120 seconds left.\n|\n|t:|1699615723\n|move|p1a: Thundurus|Taunt|p2a: Clefairy\n|-start|p2a: Clefairy|move: Taunt\n|move|p1b: Blaziken|Heat Wave|p2b: Medicham|[spread] p2a,p2b\n|-damage|p2a: Clefairy|37\/100\n|-damage|p2b: Medicham|0 fnt\n|faint|p2b: Medicham\n|cant|p2a: Clefairy|move: Taunt|Encore\n|\n|upkeep\n|inactive|SuperZachattacka has 120 seconds left.\n|\n|t:|1699615729\n|switch|p2b: Keldeo|Keldeo-Resolute|57\/100\n|turn|8\n|\n|t:|1699615740\n|switch|p2a: Regigigas|Regigigas|100\/100\n|-start|p2a: Regigigas|ability: Slow Start\n|move|p1b: Blaziken|Protect|p1b: Blaziken\n|-singleturn|p1b: Blaziken|Protect\n|move|p2b: Keldeo|Scald|p1b: Blaziken\n|-activate|p1b: Blaziken|move: Protect\n|move|p1a: Thundurus|Thunderbolt|p2b: Keldeo\n|-supereffective|p2b: Keldeo\n|-damage|p2b: Keldeo|0 fnt\n|faint|p2b: Keldeo\n|\n|upkeep\n|\n|t:|1699615746\n|switch|p2b: Clefairy|Clefairy, M|37\/100\n|turn|9\n|\n|t:|1699615753\n|move|p2b: Clefairy|Follow Me|p2b: Clefairy\n|-singleturn|p2b: Clefairy|move: Follow Me\n|move|p1a: Thundurus|Taunt|p2b: Clefairy\n|-start|p2b: Clefairy|move: Taunt\n|move|p1b: Blaziken|Heat Wave|p2a: Regigigas|[spread] p2a,p2b\n|-damage|p2a: Regigigas|75\/100\n|-damage|p2b: Clefairy|2\/100\n|move|p2a: Regigigas|High Horsepower|p1b: Blaziken\n|-supereffective|p1b: Blaziken\n|-damage|p1b: Blaziken|55\/100\n|\n|-heal|p2a: Regigigas|81\/100|[from] item: Leftovers\n|upkeep\n|turn|10\n|c|\u2606SuperZachattacka|Gg\n|\n|t:|1699615769\n|move|p1b: Blaziken|Aura Sphere|p2a: Regigigas\n|-supereffective|p2a: Regigigas\n|-damage|p2a: Regigigas|21\/100\n|move|p1a: Thundurus|Thunderbolt|p2a: Regigigas\n|-damage|p2a: Regigigas|0 fnt\n|faint|p2a: Regigigas\n|-end|p2a: Regigigas|Slow Start|[silent]\n|move|p2b: Clefairy|Moonblast|p1b: Blaziken\n|-damage|p1b: Blaziken|28\/100\n|\n|upkeep\n|turn|11\n|\n|t:|1699615780\n|move|p1b: Blaziken|Aura Sphere|p2b: Clefairy\n|-resisted|p2b: Clefairy\n|-damage|p2b: Clefairy|0 fnt\n|faint|p2b: Clefairy\n|\n|win|fumbari 24\n|raw|fumbari 24's rating: 1226 &rarr; <strong>1248<\/strong><br \/>(+22 for winning)\n|raw|SuperZachattacka's rating: 1187 &rarr; <strong>1165<\/strong><br \/>(-22 for losing)\n|l|\u2606SuperZachattacka\n","uploadtime":1699615791,"views":13,"p1id":"fumbari24","p2id":"superzachattacka","formatid":"gen9nationaldexdoubles","rating":1165,"private":0,"password":""}