{"id":"gen9nationaldexdoubles-1967046590","p1":"fumbari 24","p2":"ybybybbb","format":"[Gen 9] National Dex Doubles","log":"|j|\u2606fumbari 24\n|j|\u2606ybybybbb\n|t:|1697248036\n|gametype|doubles\n|player|p1|fumbari 24|hilbert|1353\n|player|p2|ybybybbb|266|1285\n|teamsize|p1|6\n|teamsize|p2|6\n|gen|9\n|tier|[Gen 9] National Dex Doubles\n|rated|\n|rule|HP Percentage Mod: HP is shown in percentages\n|rule|Endless Battle Clause: Forcing endless battles is banned\n|rule|OHKO Clause: OHKO moves are banned\n|rule|Evasion Moves Clause: Evasion moves are banned\n|rule|Evasion Abilities Clause: Evasion abilities are banned\n|rule|Species Clause: Limit one of each Pok\u00e9mon\n|rule|Gravity Sleep Clause: The combination of sleep-inducing moves with imperfect accuracy and Gravity or Gigantamax Orbeetle are banned\n|clearpoke\n|poke|p1|Slaking, M|\n|poke|p1|Medicham, M|\n|poke|p1|Murkrow, M|\n|poke|p1|Mudsdale, M|\n|poke|p1|Arcanine, F|\n|poke|p1|Comfey, F|\n|poke|p2|Ninetales-Alola, M|\n|poke|p2|Charizard, F|\n|poke|p2|Flutter Mane|\n|poke|p2|Rillaboom, M|\n|poke|p2|Chi-Yu|\n|poke|p2|Landorus-Therian, M|\n|teampreview\n|\n|t:|1697248051\n|start\n|switch|p1a: Arcanine|Arcanine, F|100\/100\n|switch|p1b: Murkrow|Murkrow, M|100\/100\n|switch|p2a: Ninetales|Ninetales-Alola, M|100\/100\n|switch|p2b: Landorus|Landorus-Therian, M|100\/100\n|-weather|Snow|[from] ability: Snow Warning|[of] p2a: Ninetales\n|-ability|p2b: Landorus|Intimidate|boost\n|-unboost|p1a: Arcanine|atk|1\n|-unboost|p1b: Murkrow|atk|1\n|-ability|p1a: Arcanine|Intimidate|boost\n|-unboost|p2a: Ninetales|atk|1\n|-unboost|p2b: Landorus|atk|1\n|turn|1\n|inactive|Battle timer is ON: inactive players will automatically lose when time's up. (requested by fumbari 24)\n|\n|t:|1697248070\n|move|p1b: Murkrow|Taunt|p2a: Ninetales\n|-start|p2a: Ninetales|move: Taunt\n|cant|p2a: Ninetales|move: Taunt|Aurora Veil\n|move|p2b: Landorus|Rock Slide|p1b: Murkrow|[spread] p1a,p1b\n|-supereffective|p1a: Arcanine\n|-supereffective|p1b: Murkrow\n|-damage|p1a: Arcanine|75\/100\n|-damage|p1b: Murkrow|67\/100\n|cant|p1a: Arcanine|flinch\n|\n|-weather|Snow|[upkeep]\n|upkeep\n|turn|2\n|\n|t:|1697248097\n|move|p1b: Murkrow|Tailwind|p1b: Murkrow\n|-sidestart|p1: fumbari 24|move: Tailwind\n|move|p1a: Arcanine|Will-O-Wisp|p2b: Landorus\n|-status|p2b: Landorus|brn\n|move|p2a: Ninetales|Moonblast|p1b: Murkrow\n|-supereffective|p1b: Murkrow\n|-damage|p1b: Murkrow|10\/100\n|move|p2b: Landorus|Earthquake|p1a: Arcanine|[spread] p2a,p1a\n|-immune|p1b: Murkrow\n|-supereffective|p1a: Arcanine\n|-damage|p2a: Ninetales|87\/100\n|-damage|p1a: Arcanine|50\/100\n|-enditem|p1a: Arcanine|Sitrus Berry|[eat]\n|-heal|p1a: Arcanine|75\/100|[from] item: Sitrus Berry\n|\n|-weather|Snow|[upkeep]\n|-damage|p2b: Landorus|95\/100 brn|[from] brn\n|upkeep\n|turn|3\n|inactive|fumbari 24 has 120 seconds left.\n|\n|t:|1697248156\n|switch|p1b: Comfey|Comfey, F|100\/100\n|switch|p2a: Charizard|Charizard, F|100\/100\n|move|p1a: Arcanine|Snarl|p2a: Charizard|[spread] p2a,p2b\n|-damage|p2a: Charizard|88\/100\n|-damage|p2b: Landorus|82\/100 brn\n|-unboost|p2a: Charizard|spa|1\n|-unboost|p2b: Landorus|spa|1\n|move|p2b: Landorus|U-turn|p1b: Comfey\n|-resisted|p1b: Comfey\n|-damage|p1b: Comfey|97\/100\n|inactive|ybybybbb has 120 seconds left.\n|\n|t:|1697248181\n|switch|p2b: Chi-Yu|Chi-Yu|100\/100|[from] U-turn\n|-ability|p2b: Chi-Yu|Beads of Ruin\n|\n|-weather|Snow|[upkeep]\n|upkeep\n|turn|4\n|inactive|fumbari 24 has 120 seconds left.\n|\n|t:|1697248198\n|detailschange|p2a: Charizard|Charizard-Mega-Y, F\n|-mega|p2a: Charizard|Charizard|Charizardite Y\n|-weather|SunnyDay|[from] ability: Drought|[of] p2a: Charizard\n|move|p1b: Comfey|Draining Kiss|p2b: Chi-Yu\n|-damage|p2b: Chi-Yu|85\/100\n|-heal|p1b: Comfey|100\/100|[from] drain|[of] p2b: Chi-Yu\n|move|p2b: Chi-Yu|Dark Pulse|p1a: Arcanine\n|-damage|p1a: Arcanine|21\/100\n|move|p1a: Arcanine|Snarl|p2b: Chi-Yu|[spread] p2a,p2b\n|-resisted|p2b: Chi-Yu\n|-damage|p2a: Charizard|76\/100\n|-damage|p2b: Chi-Yu|79\/100\n|-unboost|p2a: Charizard|spa|1\n|-unboost|p2b: Chi-Yu|spa|1\n|move|p2a: Charizard|Heat Wave|p1b: Comfey|[spread] p1a,p1b\n|-resisted|p1a: Arcanine\n|-damage|p1a: Arcanine|1\/100\n|-damage|p1b: Comfey|55\/100\n|\n|-weather|SunnyDay|[upkeep]\n|upkeep\n|turn|5\n|inactive|fumbari 24 has 120 seconds left.\n|\n|t:|1697248222\n|switch|p2a: Landorus|Landorus-Therian, M|82\/100 brn\n|-ability|p2a: Landorus|Intimidate|boost\n|-unboost|p1a: Arcanine|atk|1\n|-unboost|p1b: Comfey|atk|1\n|move|p1b: Comfey|Floral Healing|p1a: Arcanine\n|-heal|p1a: Arcanine|51\/100\n|move|p2b: Chi-Yu|Dark Pulse|p1a: Arcanine\n|-damage|p1a: Arcanine|17\/100\n|move|p1a: Arcanine|Snarl|p2a: Landorus|[spread] p2a,p2b\n|-resisted|p2b: Chi-Yu\n|-damage|p2a: Landorus|67\/100 brn\n|-damage|p2b: Chi-Yu|74\/100\n|-unboost|p2a: Landorus|spa|1\n|-unboost|p2b: Chi-Yu|spa|1\n|\n|-weather|SunnyDay|[upkeep]\n|-damage|p2a: Landorus|61\/100 brn|[from] brn\n|-sideend|p1: fumbari 24|move: Tailwind\n|upkeep\n|turn|6\n|inactive|ybybybbb has 120 seconds left.\n|\n|t:|1697248261\n|switch|p2b: Ninetales|Ninetales-Alola, M|87\/100\n|-weather|Snow|[from] ability: Snow Warning|[of] p2b: Ninetales\n|move|p1b: Comfey|Floral Healing|p1a: Arcanine\n|-heal|p1a: Arcanine|67\/100\n|move|p2a: Landorus|Earthquake|p1a: Arcanine|[spread] p2b,p1a,p1b\n|-supereffective|p1a: Arcanine\n|-damage|p2b: Ninetales|67\/100\n|-damage|p1a: Arcanine|30\/100\n|-damage|p1b: Comfey|35\/100\n|move|p1a: Arcanine|Snarl|p2a: Landorus|[spread] p2a,p2b\n|-crit|p2a: Landorus\n|-resisted|p2b: Ninetales\n|-damage|p2a: Landorus|43\/100 brn\n|-damage|p2b: Ninetales|63\/100\n|-unboost|p2a: Landorus|spa|1\n|-unboost|p2b: Ninetales|spa|1\n|\n|-weather|Snow|[upkeep]\n|-damage|p2a: Landorus|37\/100 brn|[from] brn\n|upkeep\n|turn|7\n|inactive|ybybybbb has 120 seconds left.\n|\n|t:|1697248295\n|move|p1b: Comfey|Floral Healing|p1a: Arcanine\n|-heal|p1a: Arcanine|80\/100\n|move|p2b: Ninetales|Aurora Veil|p2b: Ninetales\n|-sidestart|p2: ybybybbb|move: Aurora Veil\n|move|p2a: Landorus|Rock Slide|p1b: Comfey|[spread] p1a,p1b\n|-supereffective|p1a: Arcanine\n|-damage|p1a: Arcanine|60\/100\n|-damage|p1b: Comfey|25\/100\n|move|p1a: Arcanine|Flamethrower|p2b: Ninetales\n|-supereffective|p2b: Ninetales\n|-damage|p2b: Ninetales|23\/100\n|\n|-weather|Snow|[upkeep]\n|-damage|p2a: Landorus|31\/100 brn|[from] brn\n|upkeep\n|turn|8\n|inactive|ybybybbb has 120 seconds left.\n|\n|t:|1697248318\n|move|p1b: Comfey|Floral Healing|p1a: Arcanine\n|-heal|p1a: Arcanine|100\/100\n|move|p2b: Ninetales|Moonblast|p1b: Comfey\n|-damage|p1b: Comfey|5\/100\n|-zpower|p2a: Landorus\n|move|p2a: Landorus|Tectonic Rage|p1a: Arcanine|[zeffect]\n|-supereffective|p1a: Arcanine\n|-damage|p1a: Arcanine|8\/100\n|move|p1a: Arcanine|Snarl|p2b: Ninetales|[spread] p2a,p2b\n|-resisted|p2b: Ninetales\n|-damage|p2a: Landorus|23\/100 brn\n|-damage|p2b: Ninetales|20\/100\n|-unboost|p2a: Landorus|spa|1\n|-unboost|p2b: Ninetales|spa|1\n|\n|-weather|Snow|[upkeep]\n|-damage|p2a: Landorus|17\/100 brn|[from] brn\n|upkeep\n|turn|9\n|inactive|ybybybbb has 120 seconds left.\n|\n|t:|1697248357\n|switch|p2b: Charizard|Charizard-Mega-Y, F|76\/100\n|-weather|SunnyDay|[from] ability: Drought|[of] p2b: Charizard\n|move|p1b: Comfey|Floral Healing|p1a: Arcanine\n|-heal|p1a: Arcanine|58\/100\n|move|p2a: Landorus|U-turn|p1b: Comfey\n|-resisted|p1b: Comfey\n|-damage|p1b: Comfey|0 fnt\n|faint|p1b: Comfey\n|\n|t:|1697248372\n|switch|p2a: Chi-Yu|Chi-Yu|74\/100|[from] U-turn\n|-ability|p2a: Chi-Yu|Beads of Ruin\n|move|p1a: Arcanine|Snarl|p2a: Chi-Yu|[spread] p2a,p2b\n|-resisted|p2a: Chi-Yu\n|-damage|p2a: Chi-Yu|70\/100\n|-damage|p2b: Charizard|67\/100\n|-unboost|p2a: Chi-Yu|spa|1\n|-unboost|p2b: Charizard|spa|1\n|\n|-weather|SunnyDay|[upkeep]\n|upkeep\n|\n|t:|1697248382\n|switch|p1b: Murkrow|Murkrow, M|10\/100\n|turn|10\n|inactive|ybybybbb has 120 seconds left.\n|\n|t:|1697248407\n|switch|p2a: Landorus|Landorus-Therian, M|17\/100 brn\n|-ability|p2a: Landorus|Intimidate|boost\n|-unboost|p1a: Arcanine|atk|1\n|-unboost|p1b: Murkrow|atk|1\n|move|p1b: Murkrow|Tailwind|p1b: Murkrow\n|-sidestart|p1: fumbari 24|move: Tailwind\n|move|p1a: Arcanine|Snarl|p2a: Landorus|[spread] p2b\n|-miss|p1a: Arcanine|p2a: Landorus\n|-damage|p2b: Charizard|61\/100\n|-unboost|p2b: Charizard|spa|1\n|move|p2b: Charizard|Tailwind|p2b: Charizard\n|-sidestart|p2: ybybybbb|move: Tailwind\n|\n|-weather|SunnyDay|[upkeep]\n|-damage|p2a: Landorus|11\/100 brn|[from] brn\n|upkeep\n|turn|11\n|inactive|ybybybbb has 120 seconds left.\n|\n|t:|1697248436\n|switch|p2b: Ninetales|Ninetales-Alola, M|20\/100\n|-weather|Snow|[from] ability: Snow Warning|[of] p2b: Ninetales\n|move|p1b: Murkrow|Quash|p2a: Landorus\n|-activate|p2a: Landorus|move: Quash\n|move|p1a: Arcanine|Flamethrower|p2a: Landorus\n|-crit|p2a: Landorus\n|-damage|p2a: Landorus|0 fnt\n|faint|p2a: Landorus\n|\n|-weather|Snow|[upkeep]\n|upkeep\n|\n|t:|1697248449\n|switch|p2a: Charizard|Charizard-Mega-Y, F|61\/100\n|-weather|SunnyDay|[from] ability: Drought|[of] p2a: Charizard\n|turn|12\n|inactive|ybybybbb has 120 seconds left.\n|\n|t:|1697248466\n|move|p1b: Murkrow|Quash|p2a: Charizard\n|-activate|p2a: Charizard|move: Quash\n|move|p2b: Ninetales|Moonblast|p1b: Murkrow\n|-supereffective|p1b: Murkrow\n|-damage|p1b: Murkrow|0 fnt\n|faint|p1b: Murkrow\n|move|p1a: Arcanine|Snarl|p2b: Ninetales|[spread] p2a,p2b\n|-resisted|p2b: Ninetales\n|-damage|p2a: Charizard|55\/100\n|-damage|p2b: Ninetales|16\/100\n|-unboost|p2a: Charizard|spa|1\n|-unboost|p2b: Ninetales|spa|1\n|move|p2a: Charizard|Heat Wave|p1a: Arcanine\n|-resisted|p1a: Arcanine\n|-damage|p1a: Arcanine|31\/100\n|\n|-weather|SunnyDay|[upkeep]\n|upkeep\n|\n|t:|1697248487\n|switch|p1b: Mudsdale|Mudsdale, M|100\/100\n|turn|13\n|\n|t:|1697248499\n|switch|p2b: Rillaboom|Rillaboom, M|100\/100\n|-fieldstart|move: Grassy Terrain|[from] ability: Grassy Surge|[of] p2b: Rillaboom\n|move|p2a: Charizard|Solar Beam||[still]\n|-prepare|p2a: Charizard|Solar Beam\n|-anim|p2a: Charizard|Solar Beam|p1b: Mudsdale\n|-supereffective|p1b: Mudsdale\n|-damage|p1b: Mudsdale|59\/100\n|-ability|p1b: Mudsdale|Stamina|boost\n|-boost|p1b: Mudsdale|def|1\n|move|p1a: Arcanine|Snarl|p2b: Rillaboom|[spread] p2a,p2b\n|-damage|p2a: Charizard|49\/100\n|-damage|p2b: Rillaboom|96\/100\n|-unboost|p2a: Charizard|spa|1\n|-unboost|p2b: Rillaboom|spa|1\n|move|p1b: Mudsdale|Iron Defense|p1b: Mudsdale\n|-boost|p1b: Mudsdale|def|2\n|\n|-weather|SunnyDay|[upkeep]\n|-heal|p1a: Arcanine|37\/100|[from] Grassy Terrain\n|-heal|p2b: Rillaboom|100\/100|[from] Grassy Terrain\n|-heal|p1b: Mudsdale|65\/100|[from] Grassy Terrain\n|-sideend|p1: fumbari 24|move: Tailwind\n|-sideend|p2: ybybybbb|move: Tailwind\n|upkeep\n|turn|14\n|inactive|ybybybbb has 120 seconds left.\n|\n|t:|1697248536\n|-terastallize|p1b: Mudsdale|Fighting\n|move|p2a: Charizard|Tailwind|p2a: Charizard\n|-sidestart|p2: ybybybbb|move: Tailwind\n|move|p2b: Rillaboom|Knock Off|p1a: Arcanine\n|-damage|p1a: Arcanine|16\/100\n|move|p1a: Arcanine|Will-O-Wisp|p2b: Rillaboom\n|-status|p2b: Rillaboom|brn\n|move|p1b: Mudsdale|Rest|p1b: Mudsdale\n|-status|p1b: Mudsdale|slp|[from] move: Rest\n|-heal|p1b: Mudsdale|100\/100 slp|[silent]\n|-enditem|p1b: Mudsdale|Chesto Berry|[eat]\n|-curestatus|p1b: Mudsdale|slp|[msg]\n|\n|-weather|SunnyDay|[upkeep]\n|-heal|p1a: Arcanine|22\/100|[from] Grassy Terrain\n|-damage|p2b: Rillaboom|94\/100 brn|[from] brn\n|-sideend|p2: ybybybbb|move: Aurora Veil\n|upkeep\n|turn|15\n|inactive|ybybybbb has 120 seconds left.\n|\n|t:|1697248560\n|switch|p2a: Ninetales|Ninetales-Alola, M|16\/100\n|-weather|Snow|[from] ability: Snow Warning|[of] p2a: Ninetales\n|move|p2b: Rillaboom|U-turn|p1a: Arcanine\n|-resisted|p1a: Arcanine\n|-damage|p1a: Arcanine|16\/100\n|inactive|ybybybbb has 120 seconds left.\n|\n|t:|1697248574\n|switch|p2b: Charizard|Charizard-Mega-Y, F|49\/100|[from] U-turn\n|-weather|SunnyDay|[from] ability: Drought|[of] p2b: Charizard\n|move|p1a: Arcanine|Snarl|p2b: Charizard|[spread] p2a,p2b\n|-resisted|p2a: Ninetales\n|-damage|p2a: Ninetales|11\/100\n|-damage|p2b: Charizard|41\/100\n|-unboost|p2a: Ninetales|spa|1\n|-unboost|p2b: Charizard|spa|1\n|move|p1b: Mudsdale|Body Press|p2a: Ninetales\n|-damage|p2a: Ninetales|0 fnt\n|faint|p2a: Ninetales\n|\n|-weather|SunnyDay|[upkeep]\n|-heal|p1a: Arcanine|22\/100|[from] Grassy Terrain\n|upkeep\n|\n|t:|1697248594\n|switch|p2a: Flutter Mane|Flutter Mane|100\/100\n|-activate|p2a: Flutter Mane|ability: Protosynthesis\n|-start|p2a: Flutter Mane|protosynthesisspe\n|turn|16\n|inactive|ybybybbb has 120 seconds left.\n|\n|t:|1697248624\n|move|p2a: Flutter Mane|Dazzling Gleam|p1b: Mudsdale|[spread] p1a,p1b\n|-resisted|p1a: Arcanine\n|-supereffective|p1b: Mudsdale\n|-damage|p1a: Arcanine|7\/100\n|-damage|p1b: Mudsdale|60\/100\n|-ability|p1b: Mudsdale|Stamina|boost\n|-boost|p1b: Mudsdale|def|1\n|move|p2b: Charizard|Heat Wave|p1b: Mudsdale|[spread] \n|-miss|p2b: Charizard|p1a: Arcanine\n|-miss|p2b: Charizard|p1b: Mudsdale\n|move|p1a: Arcanine|Snarl|p2b: Charizard|[spread] p2a,p2b\n|-damage|p2a: Flutter Mane|91\/100\n|-damage|p2b: Charizard|33\/100\n|-unboost|p2a: Flutter Mane|spa|1\n|-unboost|p2b: Charizard|spa|1\n|move|p1b: Mudsdale|Body Press|p2b: Charizard\n|-resisted|p2b: Charizard\n|-damage|p2b: Charizard|0 fnt\n|faint|p2b: Charizard\n|\n|-weather|SunnyDay|[upkeep]\n|-heal|p2a: Flutter Mane|97\/100|[from] Grassy Terrain\n|-heal|p1a: Arcanine|13\/100|[from] Grassy Terrain\n|-heal|p1b: Mudsdale|66\/100|[from] Grassy Terrain\n|upkeep\n|inactive|ybybybbb has 90 seconds left.\n|\n|t:|1697248649\n|switch|p2b: Chi-Yu|Chi-Yu|70\/100\n|-ability|p2b: Chi-Yu|Beads of Ruin\n|turn|17\n|\n|t:|1697248665\n|move|p2a: Flutter Mane|Moonblast|p1b: Mudsdale\n|-supereffective|p1b: Mudsdale\n|-damage|p1b: Mudsdale|8\/100\n|-ability|p1b: Mudsdale|Stamina|boost\n|-boost|p1b: Mudsdale|def|1\n|move|p2b: Chi-Yu|Heat Wave|p1b: Mudsdale|[spread] p1b\n|-miss|p2b: Chi-Yu|p1a: Arcanine\n|-damage|p1b: Mudsdale|0 fnt\n|faint|p1b: Mudsdale\n|move|p1a: Arcanine|Snarl|p2a: Flutter Mane|[spread] p2a,p2b\n|-resisted|p2b: Chi-Yu\n|-damage|p2a: Flutter Mane|83\/100\n|-damage|p2b: Chi-Yu|65\/100\n|-unboost|p2a: Flutter Mane|spa|1\n|-unboost|p2b: Chi-Yu|spa|1\n|\n|-weather|SunnyDay|[upkeep]\n|-heal|p2a: Flutter Mane|89\/100|[from] Grassy Terrain\n|-heal|p2b: Chi-Yu|71\/100|[from] Grassy Terrain\n|-heal|p1a: Arcanine|19\/100|[from] Grassy Terrain\n|-sideend|p2: ybybybbb|move: Tailwind\n|-fieldend|move: Grassy Terrain\n|upkeep\n|\n|t:|1697248679\n|switch|p1b: Medicham|Medicham, M|100\/100\n|turn|18\n|inactive|ybybybbb has 120 seconds left.\n|\n|t:|1697248693\n|-end|p2a: Flutter Mane|Protosynthesis|[silent]\n|switch|p2a: Rillaboom|Rillaboom, M|94\/100 brn\n|-fieldstart|move: Grassy Terrain|[from] ability: Grassy Surge|[of] p2a: Rillaboom\n|move|p1b: Medicham|Fake Out|p2b: Chi-Yu\n|-damage|p2b: Chi-Yu|45\/100\n|cant|p2b: Chi-Yu|flinch\n|move|p1a: Arcanine|Snarl|p2a: Rillaboom|[spread] p2b\n|-miss|p1a: Arcanine|p2a: Rillaboom\n|-resisted|p2b: Chi-Yu\n|-damage|p2b: Chi-Yu|40\/100\n|-unboost|p2b: Chi-Yu|spa|1\n|\n|-weather|SunnyDay|[upkeep]\n|-heal|p2b: Chi-Yu|46\/100|[from] Grassy Terrain\n|-heal|p1a: Arcanine|25\/100|[from] Grassy Terrain\n|-heal|p2a: Rillaboom|100\/100 brn|[from] Grassy Terrain\n|-damage|p2a: Rillaboom|94\/100 brn|[from] brn\n|upkeep\n|turn|19\n|inactive|ybybybbb has 120 seconds left.\n|\n|t:|1697248724\n|switch|p2b: Flutter Mane|Flutter Mane|89\/100\n|-activate|p2b: Flutter Mane|ability: Protosynthesis\n|-start|p2b: Flutter Mane|protosynthesisspe\n|switch|p1a: Slaking|Slaking, M|100\/100\n|move|p2a: Rillaboom|Fake Out|p1a: Slaking\n|-damage|p1a: Slaking|95\/100\n|move|p1b: Medicham|Trick Room|p1b: Medicham\n|-fieldstart|move: Trick Room|[of] p1b: Medicham\n|\n|-weather|none\n|-end|p2b: Flutter Mane|Protosynthesis\n|-heal|p2a: Rillaboom|100\/100 brn|[from] Grassy Terrain\n|-heal|p1a: Slaking|100\/100|[from] Grassy Terrain\n|-heal|p2b: Flutter Mane|95\/100|[from] Grassy Terrain\n|-damage|p2a: Rillaboom|94\/100 brn|[from] brn\n|upkeep\n|turn|20\n|inactive|ybybybbb has 120 seconds left.\n|\n|t:|1697248754\n|move|p2b: Flutter Mane|Protect|p2b: Flutter Mane\n|-singleturn|p2b: Flutter Mane|Protect\n|move|p2a: Rillaboom|Grassy Glide|p1b: Medicham\n|-damage|p1b: Medicham|69\/100\n|move|p1a: Slaking|Shadow Claw|p2b: Flutter Mane\n|-activate|p2b: Flutter Mane|move: Protect\n|move|p1b: Medicham|Skill Swap|p1a: Slaking\n|-activate|p1b: Medicham|move: Skill Swap|||[of] p1a: Slaking\n|\n|-heal|p2a: Rillaboom|100\/100 brn|[from] Grassy Terrain\n|-heal|p1b: Medicham|75\/100|[from] Grassy Terrain\n|-heal|p2b: Flutter Mane|100\/100|[from] Grassy Terrain\n|-damage|p2a: Rillaboom|94\/100 brn|[from] brn\n|upkeep\n|turn|21\n|inactive|ybybybbb has 120 seconds left.\n|\n|t:|1697248784\n|switch|p1b: Arcanine|Arcanine, F|25\/100\n|-ability|p1b: Arcanine|Intimidate|boost\n|-unboost|p2a: Rillaboom|atk|1\n|-unboost|p2b: Flutter Mane|atk|1\n|move|p2b: Flutter Mane|Protect|p2b: Flutter Mane\n|-singleturn|p2b: Flutter Mane|Protect\n|move|p2a: Rillaboom|U-turn|p1a: Slaking\n|-damage|p1a: Slaking|94\/100\n|\n|t:|1697248796\n|switch|p2a: Chi-Yu|Chi-Yu|46\/100|[from] U-turn\n|-ability|p2a: Chi-Yu|Beads of Ruin\n|move|p1a: Slaking|Shadow Claw|p2b: Flutter Mane\n|-activate|p2b: Flutter Mane|move: Protect\n|\n|-heal|p1b: Arcanine|31\/100|[from] Grassy Terrain\n|-heal|p1a: Slaking|100\/100|[from] Grassy Terrain\n|-heal|p2a: Chi-Yu|51\/100|[from] Grassy Terrain\n|upkeep\n|turn|22\n|inactive|ybybybbb has 120 seconds left.\n|\n|t:|1697248815\n|-end|p2b: Flutter Mane|Protosynthesis|[silent]\n|switch|p2b: Rillaboom|Rillaboom, M|94\/100 brn\n|move|p1b: Arcanine|Snarl|p2b: Rillaboom|[spread] p2a,p2b\n|-resisted|p2a: Chi-Yu\n|-damage|p2a: Chi-Yu|46\/100\n|-damage|p2b: Rillaboom|84\/100 brn\n|-unboost|p2a: Chi-Yu|spa|1\n|-unboost|p2b: Rillaboom|spa|1\n|move|p1a: Slaking|Facade|p2a: Chi-Yu\n|-damage|p2a: Chi-Yu|0 fnt\n|faint|p2a: Chi-Yu\n|\n|-heal|p2b: Rillaboom|90\/100 brn|[from] Grassy Terrain\n|-heal|p1b: Arcanine|37\/100|[from] Grassy Terrain\n|-damage|p2b: Rillaboom|84\/100 brn|[from] brn\n|-fieldend|move: Grassy Terrain\n|upkeep\n|\n|t:|1697248832\n|switch|p2a: Flutter Mane|Flutter Mane|100\/100\n|turn|23\n|inactive|ybybybbb has 120 seconds left.\n|inactive|ybybybbb has 90 seconds left.\n|\n|t:|1697248868\n|move|p2a: Flutter Mane|Protect|p2a: Flutter Mane\n|-singleturn|p2a: Flutter Mane|Protect\n|move|p2b: Rillaboom|Knock Off|p1a: Slaking\n|-damage|p1a: Slaking|87\/100\n|-enditem|p1a: Slaking|Aguav Berry|[from] move: Knock Off|[of] p2b: Rillaboom\n|move|p1b: Arcanine|Flamethrower|p2b: Rillaboom\n|-supereffective|p2b: Rillaboom\n|-damage|p2b: Rillaboom|38\/100 brn\n|move|p1a: Slaking|Shadow Claw|p2a: Flutter Mane\n|-activate|p2a: Flutter Mane|move: Protect\n|\n|-damage|p2b: Rillaboom|31\/100 brn|[from] brn\n|-fieldend|move: Trick Room\n|upkeep\n|turn|24\n|inactive|ybybybbb has 90 seconds left.\n|\n|t:|1697248903\n|move|p2a: Flutter Mane|Shadow Ball|p1b: Arcanine\n|-damage|p1b: Arcanine|0 fnt\n|faint|p1b: Arcanine\n|move|p1a: Slaking|Shadow Claw|p2a: Flutter Mane\n|-supereffective|p2a: Flutter Mane\n|-enditem|p2a: Flutter Mane|Focus Sash\n|-damage|p2a: Flutter Mane|1\/100\n|move|p2b: Rillaboom|Grassy Glide|p1a: Slaking\n|-damage|p1a: Slaking|76\/100\n|\n|-damage|p2b: Rillaboom|25\/100 brn|[from] brn\n|upkeep\n|\n|t:|1697248910\n|switch|p1b: Medicham|Medicham, M|75\/100\n|turn|25\n|\n|t:|1697248924\n|move|p1b: Medicham|Fake Out|p2b: Rillaboom\n|-damage|p2b: Rillaboom|12\/100 brn\n|move|p2a: Flutter Mane|Moonblast|p1a: Slaking\n|-crit|p1a: Slaking\n|-damage|p1a: Slaking|25\/100\n|-unboost|p1a: Slaking|spa|1\n|move|p1a: Slaking|Shadow Claw|p2a: Flutter Mane\n|-supereffective|p2a: Flutter Mane\n|-damage|p2a: Flutter Mane|0 fnt\n|faint|p2a: Flutter Mane\n|-end|p2a: Flutter Mane|Protosynthesis|[silent]\n|cant|p2b: Rillaboom|flinch\n|\n|-damage|p2b: Rillaboom|6\/100 brn|[from] brn\n|upkeep\n|turn|26\n|inactive|ybybybbb has 120 seconds left.\n|-message|ybybybbb forfeited.\n|\n|win|fumbari 24\n|raw|fumbari 24's rating: 1353 &rarr; <strong>1369<\/strong><br \/>(+16 for winning)\n|raw|ybybybbb's rating: 1285 &rarr; <strong>1265<\/strong><br \/>(-20 for losing)\n|l|\u2606ybybybbb\n","uploadtime":1697248941,"views":11,"p1id":"fumbari24","p2id":"ybybybbb","formatid":"gen9nationaldexdoubles","rating":1265,"private":0,"password":""}