{"id":"gen9nationaldexdoubles-1949686222","p1":"Kallerston","p2":"Electroshibe","format":"[Gen 9] National Dex Doubles","log":"|j|\u2606Kallerston\n|j|\u2606Electroshibe\n|t:|1695391470\n|gametype|doubles\n|player|p1|Kallerston|waiter-gen4dp|1000\n|player|p2|Electroshibe|benga|1061\n|teamsize|p1|6\n|teamsize|p2|6\n|gen|9\n|tier|[Gen 9] National Dex Doubles\n|rated|\n|rule|HP Percentage Mod: HP is shown in percentages\n|rule|Endless Battle Clause: Forcing endless battles is banned\n|rule|OHKO Clause: OHKO moves are banned\n|rule|Evasion Moves Clause: Evasion moves are banned\n|rule|Evasion Abilities Clause: Evasion abilities are banned\n|rule|Species Clause: Limit one of each Pok\u00e9mon\n|rule|Gravity Sleep Clause: The combination of sleep-inducing moves with imperfect accuracy and Gravity or Gigantamax Orbeetle are banned\n|clearpoke\n|poke|p1|Blaziken, F|\n|poke|p1|Tentacruel, F|\n|poke|p1|Shiftry, F|\n|poke|p1|Flygon, M|\n|poke|p1|Castform, F|\n|poke|p1|Dusknoir, M|\n|poke|p2|Ninetales, M|\n|poke|p2|Ceruledge, F|\n|poke|p2|Arcanine-Hisui, F|\n|poke|p2|Fezandipiti, M|\n|poke|p2|Eevee, F|\n|poke|p2|Amoonguss, F|\n|teampreview\n|\n|t:|1695391499\n|start\n|switch|p1a: Flygon|Flygon, M|100\/100\n|switch|p1b: Tentacruel|Tentacruel, F|100\/100\n|switch|p2a: Prism|Eevee, F|100\/100\n|switch|p2b: SUS|Amoonguss, F|100\/100\n|turn|1\n|\n|t:|1695391533\n|move|p1b: Tentacruel|Protect|p1b: Tentacruel\n|-singleturn|p1b: Tentacruel|Protect\n|move|p2b: SUS|Rage Powder|p2b: SUS\n|-singleturn|p2b: SUS|move: Rage Powder\n|move|p1a: Flygon|Earthquake|p2b: SUS|[spread] p2a,p2b\n|-activate|p1b: Tentacruel|move: Protect\n|-damage|p2a: Prism|34\/100\n|-damage|p2b: SUS|66\/100\n|-zpower|p2a: Prism\n|move|p2a: Prism|Extreme Evoboost|p2a: Prism\n|-boost|p2a: Prism|atk|2\n|-boost|p2a: Prism|def|2\n|-boost|p2a: Prism|spa|2\n|-boost|p2a: Prism|spd|2\n|-boost|p2a: Prism|spe|2\n|\n|-heal|p2b: SUS|72\/100|[from] item: Black Sludge\n|upkeep\n|turn|2\n|\n|t:|1695391574\n|move|p2a: Prism|Baton Pass|p2a: Prism\n|\n|t:|1695391579\n|switch|p2a: Funny|Ceruledge, F|100\/100|[from] Baton Pass\n|move|p1b: Tentacruel|Sludge Bomb|p2a: Funny\n|-resisted|p2a: Funny\n|-damage|p2a: Funny|93\/100\n|-status|p2a: Funny|psn\n|move|p1a: Flygon|Scale Shot|p2a: Funny\n|-damage|p2a: Funny|83\/100 psn\n|-damage|p2a: Funny|73\/100 psn\n|-hitcount|p2a: Funny|2\n|-unboost|p1a: Flygon|def|1\n|-boost|p1a: Flygon|spe|1\n|move|p2b: SUS|Spore|p1a: Flygon\n|-status|p1a: Flygon|slp|[from] move: Spore\n|\n|-heal|p2b: SUS|78\/100|[from] item: Black Sludge\n|-damage|p2a: Funny|61\/100 psn|[from] psn\n|upkeep\n|turn|3\n|\n|t:|1695391609\n|move|p1b: Tentacruel|Protect|p1b: Tentacruel\n|-singleturn|p1b: Tentacruel|Protect\n|move|p2a: Funny|Bitter Blade|p1a: Flygon\n|-resisted|p1a: Flygon\n|-damage|p1a: Flygon|15\/100 slp\n|-heal|p2a: Funny|100\/100 psn|[from] drain|[of] p1a: Flygon\n|cant|p1a: Flygon|slp\n|move|p2b: SUS|Spore|p1b: Tentacruel\n|-activate|p1b: Tentacruel|move: Protect\n|\n|-heal|p2b: SUS|84\/100|[from] item: Black Sludge\n|-damage|p2a: Funny|88\/100 psn|[from] psn\n|upkeep\n|turn|4\n|\n|t:|1695391647\n|-terastallize|p2a: Funny|Fighting\n|move|p2a: Funny|Bitter Blade|p1b: Tentacruel\n|-resisted|p1b: Tentacruel\n|-damage|p1b: Tentacruel|32\/100\n|-damage|p2a: Funny|52\/100 psn|[from] ability: Liquid Ooze|[of] p1b: Tentacruel\n|cant|p1a: Flygon|slp\n|move|p1b: Tentacruel|Bubble Beam|p2a: Funny\n|-damage|p2a: Funny|41\/100 psn\n|move|p2b: SUS|Clear Smog|p1a: Flygon\n|-resisted|p1a: Flygon\n|-damage|p1a: Flygon|9\/100 slp\n|-clearboost|p1a: Flygon\n|\n|-heal|p2b: SUS|91\/100|[from] item: Black Sludge\n|-damage|p2a: Funny|29\/100 psn|[from] psn\n|upkeep\n|turn|5\n|\n|t:|1695391680\n|move|p2b: SUS|Rage Powder|p2b: SUS\n|-singleturn|p2b: SUS|move: Rage Powder\n|move|p2a: Funny|Shadow Sneak|p1b: Tentacruel\n|-damage|p1b: Tentacruel|0 fnt\n|faint|p1b: Tentacruel\n|cant|p1a: Flygon|slp\n|\n|-heal|p2b: SUS|97\/100|[from] item: Black Sludge\n|-damage|p2a: Funny|16\/100 psn|[from] psn\n|upkeep\n|\n|t:|1695391694\n|switch|p1b: Shiftry|Shiftry, F|100\/100\n|turn|6\n|\n|t:|1695391704\n|move|p2b: SUS|Rage Powder|p2b: SUS\n|-singleturn|p2b: SUS|move: Rage Powder\n|move|p1b: Shiftry|Sucker Punch|p2a: Funny\n|-resisted|p2a: Funny\n|-damage|p2a: Funny|7\/100 psn\n|move|p2a: Funny|Bitter Blade|p1b: Shiftry\n|-supereffective|p1b: Shiftry\n|-damage|p1b: Shiftry|0 fnt\n|-heal|p2a: Funny|68\/100 psn|[from] drain|[of] p1b: Shiftry\n|faint|p1b: Shiftry\n|-curestatus|p1a: Flygon|slp|[msg]\n|move|p1a: Flygon|Dragon Rush|p2b: SUS\n|-damage|p2b: SUS|43\/100\n|\n|-heal|p2b: SUS|49\/100|[from] item: Black Sludge\n|-damage|p2a: Funny|55\/100 psn|[from] psn\n|upkeep\n|\n|t:|1695391747\n|switch|p1b: Dusknoir|Dusknoir, M|100\/100\n|-ability|p1b: Dusknoir|Pressure\n|turn|7\n|\n|t:|1695391762\n|move|p2b: SUS|Rage Powder|p2b: SUS\n|-singleturn|p2b: SUS|move: Rage Powder\n|move|p2a: Funny|Shadow Sneak|p1a: Flygon\n|-damage|p1a: Flygon|0 fnt\n|faint|p1a: Flygon\n|move|p1b: Dusknoir|Poltergeist|p2b: SUS\n|-activate|p2b: SUS|move: Poltergeist|Black Sludge\n|-damage|p2b: SUS|7\/100\n|\n|-heal|p2b: SUS|13\/100|[from] item: Black Sludge\n|-damage|p2a: Funny|43\/100 psn|[from] psn\n|upkeep\n|\n|t:|1695391779\n|switch|p1a: Castform|Castform, F|100\/100\n|turn|8\n|\n|t:|1695391794\n|switch|p2b: Birdup|Fezandipiti, M|100\/100\n|move|p2a: Funny|Bitter Blade|p1b: Dusknoir\n|-damage|p1b: Dusknoir|17\/100\n|-heal|p2a: Funny|76\/100 psn|[from] drain|[of] p1b: Dusknoir\n|move|p1a: Castform|Hail|p1a: Castform\n|-weather|Hail\n|-formechange|p1a: Castform|Castform-Snowy|[msg]|[from] ability: Forecast\n|move|p1b: Dusknoir|Poltergeist|p2a: Funny\n|-activate|p2a: Funny|move: Poltergeist|Weakness Policy\n|-damage|p2a: Funny|49\/100 psn\n|\n|-weather|Hail|[upkeep]\n|-damage|p2a: Funny|43\/100 psn|[from] Hail\n|-damage|p2b: Birdup|94\/100|[from] Hail\n|-damage|p1b: Dusknoir|11\/100|[from] Hail\n|-heal|p1b: Dusknoir|17\/100|[from] item: Leftovers\n|-damage|p2a: Funny|30\/100 psn|[from] psn\n|upkeep\n|turn|9\n|\n|t:|1695391826\n|move|p2a: Funny|Bitter Blade|p1a: Castform\n|-supereffective|p1a: Castform\n|-damage|p1a: Castform|0 fnt\n|-heal|p2a: Funny|79\/100 psn|[from] drain|[of] p1a: Castform\n|faint|p1a: Castform\n|move|p2b: Birdup|Dazzling Gleam|p1b: Dusknoir\n|-damage|p1b: Dusknoir|0 fnt\n|faint|p1b: Dusknoir\n|\n|-weather|Hail|[upkeep]\n|-damage|p2a: Funny|73\/100 psn|[from] Hail\n|-damage|p2b: Birdup|88\/100|[from] Hail\n|-damage|p2a: Funny|60\/100 psn|[from] psn\n|upkeep\n|-message|Kallerston forfeited.\n|\n|win|Electroshibe\n|raw|Kallerston's rating: 1000 &rarr; <strong>1000<\/strong><br \/>(+0 for losing)\n|raw|Electroshibe's rating: 1061 &rarr; <strong>1086<\/strong><br \/>(+25 for winning)\n|l|\u2606Kallerston\n","uploadtime":1695391846,"views":6,"p1id":"kallerston","p2id":"electroshibe","formatid":"gen9nationaldexdoubles","rating":1000,"private":0,"password":""}