{"id":"gen9nationaldexdoubles-1988997362","p1":"Mythless","p2":"DJMerintes","format":"[Gen 9] National Dex Doubles","log":"|j|\u2606Mythless\n|j|\u2606DJMerintes\n|t:|1699800146\n|gametype|doubles\n|player|p1|Mythless|jacq|\n|player|p2|DJMerintes|n|\n|teamsize|p1|6\n|teamsize|p2|6\n|gen|9\n|tier|[Gen 9] National Dex Doubles\n|rule|HP Percentage Mod: HP is shown in percentages\n|rule|Endless Battle Clause: Forcing endless battles is banned\n|rule|OHKO Clause: OHKO moves are banned\n|rule|Evasion Moves Clause: Evasion moves are banned\n|rule|Evasion Abilities Clause: Evasion abilities are banned\n|rule|Species Clause: Limit one of each Pok\u00e9mon\n|rule|Gravity Sleep Clause: The combination of sleep-inducing moves with imperfect accuracy and Gravity or Gigantamax Orbeetle are banned\n|clearpoke\n|poke|p1|Grafaiai, F|\n|poke|p1|Slaking, F|\n|poke|p1|Drampa, F|\n|poke|p1|Farigiraf, M|\n|poke|p1|Pidgeot, F|\n|poke|p1|Ambipom, M|\n|poke|p2|Granbull, M|\n|poke|p2|Iron Valiant|\n|poke|p2|Hatterene, F|\n|poke|p2|Tapu Lele|\n|poke|p2|Weezing-Galar, F|\n|poke|p2|Grimmsnarl, M|\n|teampreview\n|\n|t:|1699800180\n|start\n|switch|p1a: Miles|Grafaiai, F|100\/100\n|switch|p1b: GoronGoro|Slaking, F, shiny|100\/100\n|switch|p2a: Grimmsnarl|Grimmsnarl, M|100\/100\n|switch|p2b: Iron Valiant|Iron Valiant|100\/100\n|turn|1\n|\n|t:|1699800201\n|move|p2a: Grimmsnarl|Reflect|p2a: Grimmsnarl\n|-sidestart|p2: DJMerintes|Reflect\n|move|p2b: Iron Valiant|Close Combat|p1b: GoronGoro\n|-supereffective|p1b: GoronGoro\n|-damage|p1b: GoronGoro|0 fnt\n|-unboost|p2b: Iron Valiant|def|1\n|-unboost|p2b: Iron Valiant|spd|1\n|faint|p1b: GoronGoro\n|move|p1a: Miles|Super Fang|p2b: Iron Valiant\n|-damage|p2b: Iron Valiant|51\/100\n|\n|upkeep\n|\n|t:|1699800224\n|switch|p1b: PiPio|Pidgeot, F, shiny|100\/100\n|turn|2\n|\n|t:|1699800236\n|-end|p2b: Iron Valiant|Quark Drive|[silent]\n|switch|p2b: Granbull|Granbull, M|100\/100\n|-ability|p2b: Granbull|Intimidate|boost\n|-unboost|p1a: Miles|atk|1\n|-unboost|p1b: PiPio|atk|1\n|detailschange|p1b: PiPio|Pidgeot-Mega, F, shiny\n|-mega|p1b: PiPio|Pidgeot|Pidgeotite\n|move|p2a: Grimmsnarl|Light Screen|p2a: Grimmsnarl\n|-sidestart|p2: DJMerintes|move: Light Screen\n|move|p1b: PiPio|Hurricane|p2b: Granbull\n|-damage|p2b: Granbull|45\/100\n|-start|p2b: Granbull|confusion\n|move|p1a: Miles|Super Fang|p2a: Grimmsnarl\n|-damage|p2a: Grimmsnarl|50\/100\n|\n|-heal|p2b: Granbull|51\/100|[from] item: Leftovers\n|upkeep\n|turn|3\n|\n|t:|1699800277\n|-activate|p2b: Granbull|confusion\n|move|p2b: Granbull|Protect|p2b: Granbull\n|-singleturn|p2b: Granbull|Protect\n|move|p1a: Miles|Parting Shot|p2b: Granbull\n|-activate|p2b: Granbull|move: Protect\n|move|p1b: PiPio|Hurricane|p2b: Granbull\n|-activate|p2b: Granbull|move: Protect\n|move|p2a: Grimmsnarl|Brick Break|p1a: Miles\n|-damage|p1a: Miles|60\/100\n|\n|-heal|p2b: Granbull|57\/100|[from] item: Leftovers\n|upkeep\n|turn|4\n|\n|t:|1699800347\n|switch|p2a: Hatterene|Hatterene, F|100\/100\n|switch|p2b: Tapu Lele|Tapu Lele|100\/100\n|-fieldstart|move: Psychic Terrain|[from] ability: Psychic Surge|[of] p2b: Tapu Lele\n|move|p1a: Miles|Helping Hand|p1b: PiPio\n|-singleturn|p1b: PiPio|Helping Hand|[of] p1a: Miles\n|move|p1b: PiPio|Hurricane|p2b: Tapu Lele\n|-damage|p2b: Tapu Lele|40\/100\n|\n|upkeep\n|turn|5\n|\n|t:|1699800372\n|move|p1b: PiPio|Protect|p1b: PiPio\n|-singleturn|p1b: PiPio|Protect\n|move|p2b: Tapu Lele|Protect|p2b: Tapu Lele\n|-singleturn|p2b: Tapu Lele|Protect\n|move|p1a: Miles|Parting Shot|p2b: Tapu Lele\n|-activate|p2b: Tapu Lele|move: Psychic Terrain\n|move|p2a: Hatterene|Expanding Force|p1b: PiPio|[spread] p1a\n|-activate|p1b: PiPio|move: Protect\n|-supereffective|p1a: Miles\n|-damage|p1a: Miles|0 fnt\n|faint|p1a: Miles\n|-damage|p2a: Hatterene|91\/100|[from] item: Life Orb\n|\n|upkeep\n|\n|t:|1699800385\n|switch|p1a: Melvin|Farigiraf, M|100\/100\n|turn|6\n|\n|t:|1699800401\n|switch|p2b: Weezing|Weezing-Galar, F|100\/100\n|move|p1b: PiPio|Hurricane|p2b: Weezing\n|-damage|p2b: Weezing|47\/100\n|move|p1a: Melvin|Hyper Voice|p2b: Weezing|[spread] p2a,p2b\n|-damage|p2a: Hatterene|67\/100\n|-damage|p2b: Weezing|16\/100\n|move|p2a: Hatterene|Mystical Fire|p1b: PiPio\n|-crit|p1b: PiPio\n|-damage|p1b: PiPio|21\/100\n|-unboost|p1b: PiPio|spa|1\n|-damage|p2a: Hatterene|57\/100|[from] item: Life Orb\n|\n|-heal|p2b: Weezing|22\/100|[from] item: Black Sludge\n|upkeep\n|turn|7\n|\n|t:|1699800436\n|switch|p1b: Merenguete|Drampa, F, shiny|100\/100\n|move|p2b: Weezing|Protect|p2b: Weezing\n|-singleturn|p2b: Weezing|Protect\n|move|p1a: Melvin|Hyper Voice|p2a: Hatterene|[spread] p2a\n|-activate|p2b: Weezing|move: Protect\n|-damage|p2a: Hatterene|31\/100\n|move|p2a: Hatterene|Dazzling Gleam|p1b: Merenguete|[spread] p1a,p1b\n|-supereffective|p1b: Merenguete\n|-damage|p1a: Melvin|56\/100\n|-damage|p1b: Merenguete|33\/100\n|-ability|p1b: Merenguete|Berserk|boost\n|-boost|p1b: Merenguete|spa|1\n|-damage|p2a: Hatterene|22\/100|[from] item: Life Orb\n|\n|-heal|p2b: Weezing|28\/100|[from] item: Black Sludge\n|upkeep\n|turn|8\n|\n|t:|1699800475\n|move|p1a: Melvin|Hyper Voice|p2a: Hatterene|[spread] p2a,p2b\n|-damage|p2a: Hatterene|0 fnt\n|-damage|p2b: Weezing|0 fnt\n|faint|p2a: Hatterene\n|faint|p2b: Weezing\n|move|p1b: Merenguete|Hyper Voice|p2: Hatterene|[notarget]\n|-fail|p1b: Merenguete\n|\n|-sideend|p2: DJMerintes|Reflect\n|-fieldend|move: Psychic Terrain\n|upkeep\n|\n|t:|1699800506\n|switch|p2b: Iron Valiant|Iron Valiant|51\/100\n|switch|p2a: Grimmsnarl|Grimmsnarl, M|50\/100\n|turn|9\n|\n|t:|1699800528\n|move|p2b: Iron Valiant|Close Combat|p1a: Melvin\n|-damage|p1a: Melvin|0 fnt\n|-unboost|p2b: Iron Valiant|def|1\n|-unboost|p2b: Iron Valiant|spd|1\n|faint|p1a: Melvin\n|move|p2a: Grimmsnarl|Brick Break|p1b: Merenguete\n|-supereffective|p1b: Merenguete\n|-damage|p1b: Merenguete|0 fnt\n|faint|p1b: Merenguete\n|\n|-sideend|p2: DJMerintes|move: Light Screen\n|upkeep\n|\n|t:|1699800537\n|switch|p1a: PiPio|Pidgeot-Mega, F, shiny|21\/100\n|switch|p1b: Bob|Ambipom, M|100\/100\n|turn|10\n|\n|t:|1699800565\n|move|p1b: Bob|Fake Out|p2a: Grimmsnarl\n|-damage|p2a: Grimmsnarl|17\/100\n|cant|p2a: Grimmsnarl|flinch\n|move|p1a: PiPio|Hurricane|p2b: Iron Valiant\n|-supereffective|p2b: Iron Valiant\n|-crit|p2b: Iron Valiant\n|-damage|p2b: Iron Valiant|0 fnt\n|faint|p2b: Iron Valiant\n|-end|p2b: Iron Valiant|Quark Drive|[silent]\n|\n|upkeep\n|\n|t:|1699800592\n|switch|p2b: Tapu Lele|Tapu Lele|40\/100\n|-fieldstart|move: Psychic Terrain|[from] ability: Psychic Surge|[of] p2b: Tapu Lele\n|turn|11\n|\n|t:|1699800604\n|move|p2b: Tapu Lele|Protect|p2b: Tapu Lele\n|-singleturn|p2b: Tapu Lele|Protect\n|move|p2a: Grimmsnarl|Light Screen|p2a: Grimmsnarl\n|-sidestart|p2: DJMerintes|move: Light Screen\n|move|p1a: PiPio|Hurricane|p2b: Tapu Lele\n|-activate|p2b: Tapu Lele|move: Protect\n|move|p1b: Bob|Covet|p2a: Grimmsnarl\n|-damage|p2a: Grimmsnarl|0 fnt\n|-item|p1b: Bob|Light Clay|[from] move: Covet|[of] p2a: Grimmsnarl\n|faint|p2a: Grimmsnarl\n|\n|upkeep\n|\n|t:|1699800615\n|switch|p2a: Granbull|Granbull, M|57\/100\n|-ability|p2a: Granbull|Intimidate|boost\n|-unboost|p1a: PiPio|atk|1\n|-unboost|p1b: Bob|atk|1\n|turn|12\n|\n|t:|1699800629\n|move|p1a: PiPio|Hurricane|p2b: Tapu Lele\n|-damage|p2b: Tapu Lele|2\/100\n|move|p1b: Bob|Covet|p2b: Tapu Lele\n|-damage|p2b: Tapu Lele|0 fnt\n|faint|p2b: Tapu Lele\n|move|p2a: Granbull|Close Combat|p1b: Bob\n|-supereffective|p1b: Bob\n|-damage|p1b: Bob|0 fnt\n|-unboost|p2a: Granbull|def|1\n|-unboost|p2a: Granbull|spd|1\n|faint|p1b: Bob\n|\n|-heal|p2a: Granbull|64\/100|[from] item: Leftovers\n|upkeep\n|turn|13\n|c|\u2606DJMerintes|nooooo\n|c|\u2606DJMerintes|gg\n|\n|t:|1699800651\n|move|p1a: PiPio|Hurricane|p2a: Granbull\n|-damage|p2a: Granbull|0 fnt\n|faint|p2a: Granbull\n|\n|win|Mythless\n|c|\u2606Mythless|close\n|c|\u2606DJMerintes|muy close\n|c|\u2606Mythless|la madre que me pario\n|c|\u2606DJMerintes|gg\n|c|\u2606Mythless|ggs\n","uploadtime":1699800669,"views":5,"p1id":"mythless","p2id":"djmerintes","formatid":"gen9nationaldexdoubles","rating":0,"private":0,"password":""}