{"id":"gen9nationaldexdoubles-1995692861","p1":"Sheltrotsky","p2":"Springboii","format":"[Gen 9] National Dex Doubles","log":"|j|\u2606Sheltrotsky\n|j|\u2606Springboii\n|t:|1700594475\n|gametype|doubles\n|player|p1|Sheltrotsky|blackbelt-gen4dp|1082\n|player|p2|Springboii|hilda|1117\n|teamsize|p1|6\n|teamsize|p2|6\n|gen|9\n|tier|[Gen 9] National Dex Doubles\n|rated|\n|rule|HP Percentage Mod: HP is shown in percentages\n|rule|Endless Battle Clause: Forcing endless battles is banned\n|rule|OHKO Clause: OHKO moves are banned\n|rule|Evasion Moves Clause: Evasion moves are banned\n|rule|Evasion Abilities Clause: Evasion abilities are banned\n|rule|Species Clause: Limit one of each Pok\u00e9mon\n|rule|Gravity Sleep Clause: The combination of sleep-inducing moves with imperfect accuracy and Gravity or Gigantamax Orbeetle are banned\n|clearpoke\n|poke|p1|Slaking, M|\n|poke|p1|Landorus-Therian, M|\n|poke|p1|Sinistcha|\n|poke|p1|Urshifu-*, F|\n|poke|p1|Weezing-Galar, F|\n|poke|p1|Chien-Pao|\n|poke|p2|Smeargle, M|\n|poke|p2|Flutter Mane|\n|poke|p2|Regidrago|\n|poke|p2|Slowbro-Galar, M|\n|poke|p2|Gastrodon-East, M|\n|poke|p2|Fezandipiti, M|\n|teampreview\n|inactive|Battle timer is ON: inactive players will automatically lose when time's up. (requested by Springboii)\n|c|\u2606Springboii|Nice team\n|\n|t:|1700594499\n|start\n|switch|p1a: Slaking|Slaking, M|100\/100\n|switch|p1b: Weezing|Weezing-Galar, F|100\/100\n|switch|p2a: 1908|Smeargle, M|100\/100\n|switch|p2b: Slowbro|Slowbro-Galar, M|100\/100\n|-ability|p1b: Weezing|Neutralizing Gas\n|turn|1\n|\n|t:|1700594520\n|move|p2a: 1908|Silk Trap|p2a: 1908\n|-singleturn|p2a: 1908|Protect\n|move|p1a: Slaking|Brick Break|p2a: 1908\n|-activate|p2a: 1908|move: Protect\n|-unboost|p1a: Slaking|spe|1\n|move|p1b: Weezing|Strange Steam|p2b: Slowbro\n|-resisted|p2b: Slowbro\n|-damage|p2b: Slowbro|87\/100\n|move|p2b: Slowbro|Trick Room|p2b: Slowbro\n|-fieldstart|move: Trick Room|[of] p2b: Slowbro\n|\n|upkeep\n|turn|2\n|inactive|Springboii has 120 seconds left.\n|\n|t:|1700594551\n|move|p2b: Slowbro|Shell Side Arm|p1a: Slaking|[anim] Shell Side Arm Special\n|-damage|p1a: Slaking|57\/100\n|-hint|Special Shell Side Arm\n|move|p1a: Slaking|Brick Break|p2a: 1908\n|-supereffective|p2a: 1908\n|-damage|p2a: 1908|0 fnt\n|faint|p2a: 1908\n|move|p1b: Weezing|Strange Steam|p2b: Slowbro\n|-resisted|p2b: Slowbro\n|-damage|p2b: Slowbro|72\/100\n|\n|upkeep\n|inactive|Springboii has 120 seconds left.\n|\n|t:|1700594568\n|switch|p2a: Gastrodon|Gastrodon-East, M|100\/100\n|turn|3\n|inactive|Springboii has 120 seconds left.\n|\n|t:|1700594596\n|move|p2b: Slowbro|Shell Side Arm|p1a: Slaking|[anim] Shell Side Arm Special\n|-damage|p1a: Slaking|6\/100\n|-hint|Special Shell Side Arm\n|move|p2a: Gastrodon|Earth Power|p1b: Weezing\n|-supereffective|p1b: Weezing\n|-damage|p1b: Weezing|0 fnt\n|faint|p1b: Weezing\n|-end|p1b: Weezing|ability: Neutralizing Gas\n|move|p1a: Slaking|Body Slam|p2a: Gastrodon\n|-damage|p2a: Gastrodon|38\/100\n|-status|p2a: Gastrodon|par\n|\n|upkeep\n|\n|t:|1700594603\n|switch|p1b: Sinistcha|Sinistcha|100\/100\n|-heal|p1a: Slaking|31\/100|[from] ability: Hospitality|[of] p1b: Sinistcha\n|turn|4\n|\n|t:|1700594619\n|move|p2a: Gastrodon|Earth Power|p1a: Slaking\n|-crit|p1a: Slaking\n|-damage|p1a: Slaking|0 fnt\n|faint|p1a: Slaking\n|move|p2b: Slowbro|Heal Pulse|p2a: Gastrodon\n|-heal|p2a: Gastrodon|88\/100 par\n|move|p1b: Sinistcha|Matcha Gotcha|p2b: Slowbro|[spread] p2a,p2b\n|-supereffective|p2a: Gastrodon\n|-enditem|p2a: Gastrodon|Rindo Berry|[eat]\n|-enditem|p2a: Gastrodon|Rindo Berry|[weaken]\n|-resisted|p2b: Slowbro\n|-damage|p2a: Gastrodon|40\/100 par\n|-damage|p2b: Slowbro|59\/100\n|-status|p2b: Slowbro|brn\n|\n|-damage|p2b: Slowbro|53\/100 brn|[from] brn\n|upkeep\n|\n|t:|1700594641\n|switch|p1a: Chien-Pao|Chien-Pao|100\/100\n|-ability|p1a: Chien-Pao|Sword of Ruin\n|turn|5\n|\n|t:|1700594656\n|move|p2a: Gastrodon|Ice Beam|p1b: Sinistcha\n|-supereffective|p1b: Sinistcha\n|-damage|p1b: Sinistcha|43\/100\n|move|p2b: Slowbro|Heal Pulse|p2a: Gastrodon\n|-heal|p2a: Gastrodon|90\/100 par\n|move|p1b: Sinistcha|Matcha Gotcha|p2a: Gastrodon|[spread] p2a,p2b\n|-supereffective|p2a: Gastrodon\n|-resisted|p2b: Slowbro\n|-damage|p2a: Gastrodon|0 fnt\n|-heal|p1b: Sinistcha|98\/100|[from] drain|[of] p2a: Gastrodon\n|-damage|p2b: Slowbro|39\/100 brn\n|-heal|p1b: Sinistcha|100\/100|[from] drain|[of] p2b: Slowbro\n|faint|p2a: Gastrodon\n|move|p1a: Chien-Pao|Icicle Crash|p2b: Slowbro\n|-damage|p2b: Slowbro|0 fnt\n|faint|p2b: Slowbro\n|\n|-fieldend|move: Trick Room\n|upkeep\n|\n|t:|1700594678\n|switch|p2a: Flutter Mane|Flutter Mane, shiny|100\/100\n|switch|p2b: Fezandipiti|Fezandipiti, M|100\/100\n|turn|6\n|\n|t:|1700594696\n|move|p1b: Sinistcha|Rage Powder|p1b: Sinistcha\n|-singleturn|p1b: Sinistcha|move: Rage Powder\n|move|p1a: Chien-Pao|Sucker Punch|p2a: Flutter Mane\n|-damage|p2a: Flutter Mane|46\/100\n|move|p2a: Flutter Mane|Mystical Fire|p1b: Sinistcha\n|-supereffective|p1b: Sinistcha\n|-crit|p1b: Sinistcha\n|-damage|p1b: Sinistcha|22\/100\n|-unboost|p1b: Sinistcha|spa|1\n|move|p2b: Fezandipiti|Tailwind|p2b: Fezandipiti\n|-sidestart|p2: Springboii|move: Tailwind\n|\n|-heal|p2a: Flutter Mane|52\/100|[from] item: Leftovers\n|upkeep\n|turn|7\n|\n|t:|1700594718\n|move|p1a: Chien-Pao|Sucker Punch||[still]\n|-fail|p1a: Chien-Pao\n|move|p2a: Flutter Mane|Perish Song|p2a: Flutter Mane\n|-start|p1a: Chien-Pao|perish3|[silent]\n|-start|p1b: Sinistcha|perish3|[silent]\n|-start|p2a: Flutter Mane|perish3|[silent]\n|-start|p2b: Fezandipiti|perish3|[silent]\n|-fieldactivate|move: Perish Song\n|move|p2b: Fezandipiti|Beat Up|p1b: Sinistcha\n|-supereffective|p1b: Sinistcha\n|-damage|p1b: Sinistcha|17\/100\n|-supereffective|p1b: Sinistcha\n|-damage|p1b: Sinistcha|10\/100\n|-supereffective|p1b: Sinistcha\n|-damage|p1b: Sinistcha|3\/100\n|-hitcount|p1b: Sinistcha|3\n|move|p1b: Sinistcha|Matcha Gotcha|p2a: Flutter Mane|[spread] p2a,p2b\n|-resisted|p2b: Fezandipiti\n|-damage|p2a: Flutter Mane|38\/100\n|-heal|p1b: Sinistcha|10\/100|[from] drain|[of] p2a: Flutter Mane\n|-damage|p2b: Fezandipiti|94\/100\n|-heal|p1b: Sinistcha|13\/100|[from] drain|[of] p2b: Fezandipiti\n|-status|p2a: Flutter Mane|brn\n|\n|-heal|p2a: Flutter Mane|44\/100 brn|[from] item: Leftovers\n|-damage|p2a: Flutter Mane|38\/100 brn|[from] brn\n|-start|p2a: Flutter Mane|perish3\n|-start|p2b: Fezandipiti|perish3\n|-start|p1a: Chien-Pao|perish3\n|-start|p1b: Sinistcha|perish3\n|upkeep\n|turn|8\n|inactive|Springboii has 120 seconds left.\n|\n|t:|1700594750\n|switch|p2b: Regidrago|Regidrago, shiny|100\/100\n|move|p1b: Sinistcha|Rage Powder|p1b: Sinistcha\n|-singleturn|p1b: Sinistcha|move: Rage Powder\n|move|p1a: Chien-Pao|Sucker Punch|p2a: Flutter Mane\n|-damage|p2a: Flutter Mane|0 fnt\n|faint|p2a: Flutter Mane\n|-end|p2a: Flutter Mane|Protosynthesis|[silent]\n|\n|-start|p1a: Chien-Pao|perish2\n|-start|p1b: Sinistcha|perish2\n|upkeep\n|inactive|Springboii has 120 seconds left.\n|\n|t:|1700594761\n|switch|p2a: Fezandipiti|Fezandipiti, M|94\/100\n|turn|9\n|\n|t:|1700594778\n|switch|p1a: Landorus|Landorus-Therian, M|100\/100\n|-ability|p1a: Landorus|Intimidate|boost\n|-unboost|p2a: Fezandipiti|atk|1\n|-unboost|p2b: Regidrago|atk|1\n|move|p2a: Fezandipiti|Beat Up|p1a: Landorus\n|-damage|p1a: Landorus|98\/100\n|-status|p1a: Landorus|tox|[from] ability: Toxic Chain|[of] p2a: Fezandipiti\n|-damage|p1a: Landorus|96\/100 tox\n|-hitcount|p1a: Landorus|2\n|move|p2b: Regidrago|Dragon Energy|p1b: Sinistcha|[spread] p1a,p1b\n|-damage|p1a: Landorus|44\/100 tox\n|-damage|p1b: Sinistcha|0 fnt\n|faint|p1b: Sinistcha\n|\n|-damage|p1a: Landorus|38\/100 tox|[from] psn\n|-sideend|p2: Springboii|move: Tailwind\n|upkeep\n|\n|t:|1700594794\n|switch|p1b: Urshifu|Urshifu-Rapid-Strike, F|100\/100\n|turn|10\n|\n|t:|1700594804\n|move|p2b: Regidrago|Protect|p2b: Regidrago\n|-singleturn|p2b: Regidrago|Protect\n|move|p1b: Urshifu|Surging Strikes|p2a: Fezandipiti\n|-crit|p2a: Fezandipiti\n|-damage|p2a: Fezandipiti|68\/100\n|-crit|p2a: Fezandipiti\n|-damage|p2a: Fezandipiti|38\/100\n|-crit|p2a: Fezandipiti\n|-damage|p2a: Fezandipiti|7\/100\n|-hitcount|p2a: Fezandipiti|3\n|move|p2a: Fezandipiti|Tailwind|p2a: Fezandipiti\n|-sidestart|p2: Springboii|move: Tailwind\n|move|p1a: Landorus|Stomping Tantrum|p2a: Fezandipiti\n|-supereffective|p2a: Fezandipiti\n|-damage|p2a: Fezandipiti|0 fnt\n|faint|p2a: Fezandipiti\n|\n|-damage|p1a: Landorus|26\/100 tox|[from] psn\n|upkeep\n|turn|11\n|\n|t:|1700594832\n|-terastallize|p1b: Urshifu|Water\n|move|p2b: Regidrago|Dragon Energy|p1b: Urshifu|[spread] p1a,p1b\n|-damage|p1a: Landorus|0 fnt\n|-damage|p1b: Urshifu|0 fnt\n|faint|p1a: Landorus\n|faint|p1b: Urshifu\n|\n|upkeep\n|\n|t:|1700594838\n|switch|p1b: Chien-Pao|Chien-Pao|100\/100\n|-ability|p1b: Chien-Pao|Sword of Ruin\n|turn|12\n|\n|t:|1700594847\n|-terastallize|p2b: Regidrago|Fire\n|move|p2b: Regidrago|Tera Blast|p1b: Chien-Pao|[anim] Tera Blast Fire\n|-supereffective|p1b: Chien-Pao\n|-enditem|p1b: Chien-Pao|Focus Sash\n|-damage|p1b: Chien-Pao|1\/100\n|move|p1b: Chien-Pao|Icicle Crash|p2b: Regidrago\n|-resisted|p2b: Regidrago\n|-damage|p2b: Regidrago|69\/100\n|\n|-heal|p2b: Regidrago|75\/100|[from] item: Leftovers\n|upkeep\n|turn|13\n|c|\u2606Sheltrotsky|GG bro\n|\n|t:|1700594864\n|move|p1b: Chien-Pao|Sucker Punch|p2b: Regidrago\n|-crit|p2b: Regidrago\n|-damage|p2b: Regidrago|0 fnt\n|faint|p2b: Regidrago\n|\n|win|Sheltrotsky\n|raw|Sheltrotsky's rating: 1082 &rarr; <strong>1112<\/strong><br \/>(+30 for winning)\n|raw|Springboii's rating: 1117 &rarr; <strong>1089<\/strong><br \/>(-28 for losing)\n","uploadtime":1700594871,"views":5,"p1id":"sheltrotsky","p2id":"springboii","formatid":"gen9nationaldexdoubles","rating":1089,"private":0,"password":""}