{"id":"gen9nationaldexdoubles-1982133303","p1":"Cirno_is","p2":"donqaveus","format":"[Gen 9] National Dex Doubles","log":"|j|\u2606Cirno_is\n|j|\u2606donqaveus\n|t:|1698971277\n|gametype|doubles\n|player|p1|Cirno_is|marnie-masters2|\n|player|p2|donqaveus|alec-anime|\n|teamsize|p1|6\n|teamsize|p2|6\n|gen|9\n|tier|[Gen 9] National Dex Doubles\n|rule|HP Percentage Mod: HP is shown in percentages\n|rule|Endless Battle Clause: Forcing endless battles is banned\n|rule|OHKO Clause: OHKO moves are banned\n|rule|Evasion Moves Clause: Evasion moves are banned\n|rule|Evasion Abilities Clause: Evasion abilities are banned\n|rule|Species Clause: Limit one of each Pok\u00e9mon\n|rule|Gravity Sleep Clause: The combination of sleep-inducing moves with imperfect accuracy and Gravity or Gigantamax Orbeetle are banned\n|clearpoke\n|poke|p1|Jirachi|\n|poke|p1|Diancie|\n|poke|p1|Lycanroc-Dusk, M|\n|poke|p1|Grimmsnarl, M|\n|poke|p1|Inteleon, F|\n|poke|p1|Cinderace, M|\n|poke|p2|Pachirisu, F|\n|poke|p2|Kartana|\n|poke|p2|Scizor, M|\n|poke|p2|Ceruledge, M|\n|poke|p2|Glimmora, F|\n|poke|p2|Ferrothorn, M|\n|teampreview\n|l|\u2606Cirno_is\n|player|p1|\n|j|\u2606Cirno_is\n|player|p1|Cirno_is|marnie-masters2\n|\n|t:|1698971317\n|start\n|switch|p1a: Cinderace|Cinderace, M|100\/100\n|switch|p1b: Inteleon|Inteleon, F|100\/100\n|switch|p2a: Q.K|Pachirisu, F, shiny|100\/100\n|switch|p2b: Soul|Kartana, shiny|100\/100\n|turn|1\n|\n|t:|1698971336\n|move|p2a: Q.K|Follow Me|p2a: Q.K\n|-singleturn|p2a: Q.K|move: Follow Me\n|move|p1b: Inteleon|Water Pledge|p2a: Q.K\n|-waiting|p1b: Inteleon|p1a: Cinderace\n|move|p1a: Cinderace|Fire Pledge|p2a: Q.K|[from]move: Water Pledge\n|-start|p1a: Cinderace|typechange|Water|[from] ability: Libero\n|-combine\n|-damage|p2a: Q.K|59\/100\n|-sidestart|p1: Cirno_is|Water Pledge\n|-zpower|p2b: Soul\n|move|p2b: Soul|Z-Swords Dance|p2b: Soul|[anim]Swords Dance\n|-clearnegativeboost|p2b: Soul|[zeffect]\n|-boost|p2b: Soul|atk|2\n|\n|upkeep\n|turn|2\n|inactive|Battle timer is ON: inactive players will automatically lose when time's up. (requested by Cirno_is)\n|\n|t:|1698971361\n|move|p2a: Q.K|Follow Me|p2a: Q.K\n|-singleturn|p2a: Q.K|move: Follow Me\n|move|p1b: Inteleon|Flip Turn|p2a: Q.K\n|-damage|p2a: Q.K|41\/100\n|-enditem|p2a: Q.K|Sitrus Berry|[eat]\n|-heal|p2a: Q.K|66\/100|[from] item: Sitrus Berry\n|\n|t:|1698971372\n|switch|p1b: Grimmsnarl|Grimmsnarl, M|100\/100|[from] Flip Turn\n|move|p1a: Cinderace|Pyro Ball|p2a: Q.K\n|-damage|p2a: Q.K|17\/100\n|move|p2b: Soul|Leaf Blade|p1a: Cinderace\n|-supereffective|p1a: Cinderace\n|-crit|p1a: Cinderace\n|-damage|p1a: Cinderace|0 fnt\n|-damage|p2b: Soul|84\/100|[from] item: Rocky Helmet|[of] p1a: Cinderace\n|faint|p1a: Cinderace\n|-ability|p2b: Soul|Beast Boost|boost\n|-boost|p2b: Soul|atk|1\n|\n|upkeep\n|\n|t:|1698971383\n|switch|p1a: Lycanroc|Lycanroc-Dusk, M|100\/100\n|turn|3\n|\n|t:|1698971390\n|move|p2a: Q.K|Follow Me|p2a: Q.K\n|-singleturn|p2a: Q.K|move: Follow Me\n|move|p1a: Lycanroc|Accelerock|p2a: Q.K\n|-damage|p2a: Q.K|0 fnt\n|faint|p2a: Q.K\n|move|p1b: Grimmsnarl|Reflect|p1b: Grimmsnarl\n|-sidestart|p1: Cirno_is|Reflect\n|move|p2b: Soul|Sacred Sword|p1a: Lycanroc\n|-supereffective|p1a: Lycanroc\n|-crit|p1a: Lycanroc\n|-damage|p1a: Lycanroc|0 fnt\n|faint|p1a: Lycanroc\n|-ability|p2b: Soul|Beast Boost|boost\n|-boost|p2b: Soul|atk|1\n|\n|upkeep\n|\n|t:|1698971408\n|switch|p1a: Jirachi|Jirachi|100\/100\n|switch|p2a: kaito|Scizor, M|100\/100\n|turn|4\n|\n|t:|1698971418\n|detailschange|p2a: kaito|Scizor-Mega, M\n|-mega|p2a: kaito|Scizor|Scizorite\n|move|p2a: kaito|Bullet Punch|p1b: Grimmsnarl\n|-supereffective|p1b: Grimmsnarl\n|-damage|p1b: Grimmsnarl|44\/100\n|move|p1b: Grimmsnarl|Parting Shot|p2b: Soul\n|-unboost|p2b: Soul|atk|1\n|-unboost|p2b: Soul|spa|1\n|\n|t:|1698971427\n|switch|p1b: Inteleon|Inteleon, F|100\/100|[from] Parting Shot\n|move|p2b: Soul|Leaf Blade|p1a: Jirachi\n|-resisted|p1a: Jirachi\n|-damage|p1a: Jirachi|45\/100\n|-damage|p2b: Soul|67\/100|[from] item: Rocky Helmet|[of] p1a: Jirachi\n|move|p1a: Jirachi|Ancient Power|p2b: Soul\n|-resisted|p2b: Soul\n|-damage|p2b: Soul|39\/100\n|\n|-sideend|p1: Cirno_is|Water Pledge\n|upkeep\n|turn|5\n|\n|t:|1698971447\n|move|p2a: kaito|Bullet Punch|p1b: Inteleon\n|-resisted|p1b: Inteleon\n|-damage|p1b: Inteleon|83\/100\n|move|p1b: Inteleon|Snipe Shot|p2a: kaito\n|-damage|p2a: kaito|57\/100\n|move|p2b: Soul|Leaf Blade|p1b: Inteleon\n|-supereffective|p1b: Inteleon\n|-damage|p1b: Inteleon|0 fnt\n|faint|p1b: Inteleon\n|-ability|p2b: Soul|Beast Boost|boost\n|-boost|p2b: Soul|atk|1\n|move|p1a: Jirachi|Future Sight|p2b: Soul\n|-start|p1a: Jirachi|move: Future Sight\n|\n|upkeep\n|\n|t:|1698971462\n|switch|p1b: Diancie|Diancie|100\/100\n|turn|6\n|\n|t:|1698971474\n|move|p2b: Soul|Leaf Blade|p1b: Diancie\n|-supereffective|p1b: Diancie\n|-damage|p1b: Diancie|0 fnt\n|faint|p1b: Diancie\n|-ability|p2b: Soul|Beast Boost|boost\n|-boost|p2b: Soul|atk|1\n|move|p1a: Jirachi|Iron Head|p2b: Soul\n|-resisted|p2b: Soul\n|-damage|p2b: Soul|25\/100\n|move|p2a: kaito|Roost|p2a: kaito\n|-heal|p2a: kaito|100\/100\n|-singleturn|p2a: kaito|move: Roost\n|\n|upkeep\n|-message|Cirno_is forfeited.\n|\n|win|donqaveus\n|l|\u2606Cirno_is\n","uploadtime":1698971502,"views":10,"p1id":"cirnois","p2id":"donqaveus","formatid":"gen9nationaldexdoubles","rating":0,"private":0,"password":""}