{"id":"gen9nationaldexdoubles-1963873587","p1":"bombi148","p2":"i2ac","format":"[Gen 9] National Dex Doubles","log":"|j|\u2606bombi148\n|j|\u2606i2ac\n|t:|1696909346\n|gametype|doubles\n|player|p1|bombi148|101|1083\n|player|p2|i2ac|ethan|1105\n|teamsize|p1|6\n|teamsize|p2|6\n|gen|9\n|tier|[Gen 9] National Dex Doubles\n|rated|\n|rule|HP Percentage Mod: HP is shown in percentages\n|rule|Endless Battle Clause: Forcing endless battles is banned\n|rule|OHKO Clause: OHKO moves are banned\n|rule|Evasion Moves Clause: Evasion moves are banned\n|rule|Evasion Abilities Clause: Evasion abilities are banned\n|rule|Species Clause: Limit one of each Pok\u00e9mon\n|rule|Gravity Sleep Clause: The combination of sleep-inducing moves with imperfect accuracy and Gravity or Gigantamax Orbeetle are banned\n|clearpoke\n|poke|p1|Ninetales, F|\n|poke|p1|Incineroar, F|\n|poke|p1|Rotom-Heat|\n|poke|p1|Scovillain, F|\n|poke|p1|Salazzle, F|\n|poke|p1|Infernape, F|\n|poke|p2|Ambipom, M|\n|poke|p2|Golem-Alola, F|\n|poke|p2|Milotic, F|\n|poke|p2|Krookodile, F|\n|poke|p2|Yanmega, F|\n|poke|p2|Lokix, F|\n|teampreview\n|\n|t:|1696909381\n|start\n|switch|p1a: Scovillain|Scovillain, F, shiny|100\/100\n|switch|p1b: Rotom|Rotom-Heat, shiny|100\/100\n|switch|p2a: Milotic|Milotic, F|100\/100\n|switch|p2b: Krookodile|Krookodile, F|100\/100\n|-ability|p2b: Krookodile|Intimidate|boost\n|-unboost|p1a: Scovillain|atk|1\n|-unboost|p1b: Rotom|atk|1\n|turn|1\n|\n|t:|1696909403\n|move|p2b: Krookodile|Rock Slide|p1a: Scovillain|[spread] p1a,p1b\n|-supereffective|p1a: Scovillain\n|-supereffective|p1b: Rotom\n|-damage|p1a: Scovillain|36\/100\n|-damage|p1b: Rotom|54\/100\n|move|p1a: Scovillain|Energy Ball|p2a: Milotic\n|-supereffective|p2a: Milotic\n|-damage|p2a: Milotic|23\/100\n|-damage|p1a: Scovillain|26\/100|[from] item: Life Orb\n|move|p1b: Rotom|Reflect|p1b: Rotom\n|-sidestart|p1: bombi148|Reflect\n|move|p2a: Milotic|Light Screen|p2a: Milotic\n|-sidestart|p2: i2ac|move: Light Screen\n|\n|-heal|p1b: Rotom|60\/100|[from] item: Leftovers\n|-status|p2a: Milotic|brn|[from] item: Flame Orb\n|upkeep\n|turn|2\n|\n|t:|1696909428\n|move|p2b: Krookodile|Darkest Lariat|p1a: Scovillain\n|-damage|p1a: Scovillain|0 fnt\n|faint|p1a: Scovillain\n|move|p1b: Rotom|Volt Switch|p2a: Milotic\n|-supereffective|p2a: Milotic\n|-damage|p2a: Milotic|0 fnt\n|faint|p2a: Milotic\n|\n|t:|1696909443\n|switch|p1b: Infernape|Infernape, F, shiny|100\/100|[from] Volt Switch\n|\n|upkeep\n|\n|t:|1696909448\n|switch|p1a: Ninetales|Ninetales, F, shiny|100\/100\n|switch|p2a: Ambipom|Ambipom, M|100\/100\n|-weather|SunnyDay|[from] ability: Drought|[of] p1a: Ninetales\n|turn|3\n|\n|t:|1696909484\n|-terastallize|p1a: Ninetales|Water\n|move|p2a: Ambipom|Fake Out|p1b: Infernape\n|-damage|p1b: Infernape|81\/100\n|cant|p1b: Infernape|flinch\n|move|p2b: Krookodile|High Horsepower|p1b: Infernape\n|-supereffective|p1b: Infernape\n|-damage|p1b: Infernape|0 fnt\n|faint|p1b: Infernape\n|move|p1a: Ninetales|Tera Blast|p2b: Krookodile|[anim] Tera Blast Water\n|-supereffective|p2b: Krookodile\n|-damage|p2b: Krookodile|70\/100\n|\n|-weather|SunnyDay|[upkeep]\n|upkeep\n|\n|t:|1696909506\n|switch|p1b: Incineroar|Incineroar, F, shiny|100\/100\n|-ability|p1b: Incineroar|Intimidate|boost\n|-unboost|p2a: Ambipom|atk|1\n|-unboost|p2b: Krookodile|atk|1\n|turn|4\n|\n|t:|1696909531\n|move|p2a: Ambipom|Tail Slap|p1a: Ninetales|[miss]\n|-miss|p2a: Ambipom|p1a: Ninetales\n|move|p2b: Krookodile|Rock Slide|p1a: Ninetales|[spread] p1a,p1b\n|-supereffective|p1b: Incineroar\n|-damage|p1a: Ninetales|87\/100\n|-damage|p1b: Incineroar|86\/100\n|move|p1a: Ninetales|Tera Blast|p2b: Krookodile|[anim] Tera Blast Water\n|-supereffective|p2b: Krookodile\n|-damage|p2b: Krookodile|39\/100\n|move|p1b: Incineroar|Knock Off|p2b: Krookodile\n|-resisted|p2b: Krookodile\n|-damage|p2b: Krookodile|3\/100\n|-enditem|p2b: Krookodile|Assault Vest|[from] move: Knock Off|[of] p1b: Incineroar\n|\n|-weather|SunnyDay|[upkeep]\n|upkeep\n|turn|5\n|\n|t:|1696909550\n|move|p2a: Ambipom|Tail Slap|p1a: Ninetales\n|-damage|p1a: Ninetales|79\/100\n|-damage|p1a: Ninetales|72\/100\n|-damage|p1a: Ninetales|65\/100\n|-damage|p1a: Ninetales|57\/100\n|-damage|p1a: Ninetales|50\/100\n|-hitcount|p1a: Ninetales|5\n|move|p2b: Krookodile|Rock Slide|p1a: Ninetales|[spread] p1a,p1b\n|-supereffective|p1b: Incineroar\n|-damage|p1a: Ninetales|37\/100\n|-damage|p1b: Incineroar|72\/100\n|cant|p1a: Ninetales|flinch\n|cant|p1b: Incineroar|flinch\n|\n|-weather|SunnyDay|[upkeep]\n|-sideend|p1: bombi148|Reflect\n|-sideend|p2: i2ac|move: Light Screen\n|upkeep\n|turn|6\n|\n|t:|1696909572\n|move|p2a: Ambipom|Tail Slap|p1a: Ninetales\n|-damage|p1a: Ninetales|25\/100\n|-damage|p1a: Ninetales|14\/100\n|-damage|p1a: Ninetales|4\/100\n|-damage|p1a: Ninetales|0 fnt\n|faint|p1a: Ninetales\n|-hitcount|p1: Ninetales|4\n|move|p2b: Krookodile|High Horsepower|p1b: Incineroar\n|-supereffective|p1b: Incineroar\n|-damage|p1b: Incineroar|19\/100\n|move|p1b: Incineroar|Swords Dance|p1b: Incineroar\n|-boost|p1b: Incineroar|atk|2\n|\n|-weather|SunnyDay|[upkeep]\n|upkeep\n|\n|t:|1696909589\n|switch|p1a: Salazzle|Salazzle, F, shiny|100\/100\n|turn|7\n|\n|t:|1696909621\n|move|p1a: Salazzle|Nasty Plot|p1a: Salazzle\n|-boost|p1a: Salazzle|spa|2\n|move|p2a: Ambipom|Tail Slap|p1a: Salazzle\n|-damage|p1a: Salazzle|86\/100\n|-damage|p1a: Salazzle|73\/100\n|-damage|p1a: Salazzle|60\/100\n|-damage|p1a: Salazzle|46\/100\n|-damage|p1a: Salazzle|33\/100\n|-hitcount|p1a: Salazzle|5\n|move|p2b: Krookodile|Rock Slide|p1a: Salazzle|[spread] p1b\n|-miss|p2b: Krookodile|p1a: Salazzle\n|-supereffective|p1b: Incineroar\n|-crit|p1b: Incineroar\n|-damage|p1b: Incineroar|0 fnt\n|faint|p1b: Incineroar\n|\n|-weather|none\n|-heal|p1a: Salazzle|39\/100|[from] item: Black Sludge\n|upkeep\n|\n|t:|1696909637\n|switch|p1b: Rotom|Rotom-Heat, shiny|60\/100\n|turn|8\n|\n|t:|1696909651\n|move|p1a: Salazzle|Flamethrower|p2b: Krookodile\n|-damage|p2b: Krookodile|0 fnt\n|faint|p2b: Krookodile\n|move|p2a: Ambipom|Tail Slap|p1a: Salazzle\n|-crit|p1a: Salazzle\n|-damage|p1a: Salazzle|6\/100\n|-damage|p1a: Salazzle|0 fnt\n|faint|p1a: Salazzle\n|-hitcount|p1: Salazzle|2\n|move|p1b: Rotom|Thunderbolt|p2a: Ambipom\n|-damage|p2a: Ambipom|28\/100\n|\n|-heal|p1b: Rotom|67\/100|[from] item: Leftovers\n|upkeep\n|\n|t:|1696909655\n|switch|p2b: Lokix|Lokix, F|100\/100\n|turn|9\n|\n|t:|1696909671\n|move|p2b: Lokix|First Impression|p1b: Rotom\n|-resisted|p1b: Rotom\n|-damage|p1b: Rotom|7\/100\n|move|p2a: Ambipom|Tail Slap|p1b: Rotom\n|-damage|p1b: Rotom|0 fnt\n|faint|p1b: Rotom\n|-hitcount|p1: Rotom|1\n|\n|win|i2ac\n|raw|bombi148's rating: 1083 &rarr; <strong>1062<\/strong><br \/>(-21 for losing)\n|raw|i2ac's rating: 1105 &rarr; <strong>1128<\/strong><br \/>(+23 for winning)\n","uploadtime":1696909676,"views":6,"p1id":"bombi148","p2id":"i2ac","formatid":"gen9nationaldexdoubles","rating":1062,"private":0,"password":""}