{"id":"gen9nationaldexdoubles-1972378952","p1":"Names are gon","p2":"Feetstreetmeatseat","format":"[Gen 9] National Dex Doubles","log":"|j|\u2606Names are gon\n|j|\u2606Feetstreetmeatseat\n|t:|1697836568\n|gametype|doubles\n|player|p1|Names are gon|carmine-festival|1118\n|player|p2|Feetstreetmeatseat|skierf|1180\n|teamsize|p1|6\n|teamsize|p2|6\n|gen|9\n|tier|[Gen 9] National Dex Doubles\n|rated|\n|rule|HP Percentage Mod: HP is shown in percentages\n|rule|Endless Battle Clause: Forcing endless battles is banned\n|rule|OHKO Clause: OHKO moves are banned\n|rule|Evasion Moves Clause: Evasion moves are banned\n|rule|Evasion Abilities Clause: Evasion abilities are banned\n|rule|Species Clause: Limit one of each Pok\u00e9mon\n|rule|Gravity Sleep Clause: The combination of sleep-inducing moves with imperfect accuracy and Gravity or Gigantamax Orbeetle are banned\n|clearpoke\n|poke|p1|Ogerpon-Wellspring, F|\n|poke|p1|Eevee, M|\n|poke|p1|Diancie|\n|poke|p1|Flamigo, M|\n|poke|p1|Palafin, F|\n|poke|p1|Hoopa-Unbound|\n|poke|p2|Porygon2|\n|poke|p2|Torkoal, M|\n|poke|p2|Incineroar, M|\n|poke|p2|Iron Hands|\n|poke|p2|Farigiraf, M|\n|poke|p2|Magmortar, F|\n|teampreview\n|inactive|Battle timer is ON: inactive players will automatically lose when time's up. (requested by Names are gon)\n|\n|t:|1697836579\n|start\n|switch|p1a: Ogerpon|Ogerpon-Wellspring, F|100\/100\n|switch|p1b: Eevee|Eevee, M|100\/100\n|switch|p2a: Porygon2|Porygon2|100\/100\n|switch|p2b: Farigiraf|Farigiraf, M|100\/100\n|-ability|p2a: Porygon2|Adaptability|[from] ability: Trace|[of] p1b: Eevee\n|turn|1\n|\n|t:|1697836596\n|move|p1a: Ogerpon|Follow Me|p1a: Ogerpon\n|-singleturn|p1a: Ogerpon|move: Follow Me\n|-zpower|p1b: Eevee\n|move|p1b: Eevee|Extreme Evoboost|p1b: Eevee\n|-boost|p1b: Eevee|atk|2\n|-boost|p1b: Eevee|def|2\n|-boost|p1b: Eevee|spa|2\n|-boost|p1b: Eevee|spd|2\n|-boost|p1b: Eevee|spe|2\n|move|p2a: Porygon2|Ice Beam|p1a: Ogerpon\n|-damage|p1a: Ogerpon|79\/100\n|move|p2b: Farigiraf|Trick Room|p2b: Farigiraf\n|-fieldstart|move: Trick Room|[of] p2b: Farigiraf\n|\n|upkeep\n|turn|2\n|\n|t:|1697836620\n|switch|p1a: Flamigo|Flamigo, M|100\/100\n|-copyboost|p1a: Flamigo|p1b: Eevee|[from] ability: Costar\n|move|p2a: Porygon2|Thunderbolt|p1a: Flamigo\n|-supereffective|p1a: Flamigo\n|-damage|p1a: Flamigo|55\/100\n|move|p2b: Farigiraf|Calm Mind|p2b: Farigiraf\n|-boost|p2b: Farigiraf|spa|1\n|-boost|p2b: Farigiraf|spd|1\n|move|p1b: Eevee|Baton Pass|p1b: Eevee\n|\n|t:|1697836630\n|switch|p1b: Diancie|Diancie|100\/100|[from] Baton Pass\n|\n|upkeep\n|turn|3\n|\n|t:|1697836642\n|detailschange|p1b: Diancie|Diancie-Mega\n|-mega|p1b: Diancie|Diancie|Diancite\n|move|p2a: Porygon2|Ice Beam|p1a: Flamigo\n|-supereffective|p1a: Flamigo\n|-damage|p1a: Flamigo|5\/100\n|move|p2b: Farigiraf|Calm Mind|p2b: Farigiraf\n|-boost|p2b: Farigiraf|spa|1\n|-boost|p2b: Farigiraf|spd|1\n|move|p1a: Flamigo|Close Combat|p2a: Porygon2\n|-supereffective|p2a: Porygon2\n|-damage|p2a: Porygon2|0 fnt\n|-unboost|p1a: Flamigo|def|1\n|-unboost|p1a: Flamigo|spd|1\n|faint|p2a: Porygon2\n|-damage|p1a: Flamigo|0 fnt|[from] item: Life Orb\n|faint|p1a: Flamigo\n|move|p1b: Diancie|Diamond Storm|p2b: Farigiraf\n|-damage|p2b: Farigiraf|0 fnt\n|faint|p2b: Farigiraf\n|\n|upkeep\n|inactive|Names are gon has 120 seconds left.\n|inactive|Feetstreetmeatseat has 120 seconds left.\n|\n|t:|1697836674\n|switch|p2b: Incineroar|Incineroar, M|100\/100\n|switch|p2a: Magmortar|Magmortar, F|100\/100\n|switch|p1a: Hoopa|Hoopa-Unbound|100\/100\n|-ability|p2b: Incineroar|Intimidate|boost\n|-unboost|p1a: Hoopa|atk|1\n|-unboost|p1b: Diancie|atk|1\n|turn|4\n|\n|t:|1697836692\n|move|p2b: Incineroar|U-turn|p1a: Hoopa\n|-supereffective|p1a: Hoopa\n|-damage|p1a: Hoopa|0 fnt\n|faint|p1a: Hoopa\n|\n|t:|1697836702\n|switch|p2b: Iron Hands|Iron Hands|100\/100|[from] U-turn\n|move|p2a: Magmortar|Clear Smog|p1b: Diancie\n|-crit|p1b: Diancie\n|-damage|p1b: Diancie|68\/100\n|-clearboost|p1b: Diancie\n|move|p1b: Diancie|Diamond Storm|p2b: Iron Hands|[spread] p2a,p2b\n|-supereffective|p2a: Magmortar\n|-resisted|p2b: Iron Hands\n|-damage|p2a: Magmortar|0 fnt\n|-damage|p2b: Iron Hands|89\/100\n|faint|p2a: Magmortar\n|\n|upkeep\n|\n|t:|1697836718\n|switch|p2a: Torkoal|Torkoal, M|100\/100\n|switch|p1a: Palafin|Palafin, F|100\/100\n|-weather|SunnyDay|[from] ability: Drought|[of] p2a: Torkoal\n|turn|5\n|inactive|Feetstreetmeatseat has 120 seconds left.\n|\n|t:|1697836759\n|detailschange|p1a: Palafin|Palafin-Hero, F\n|switch|p1a: Ogerpon|Ogerpon-Wellspring, F|79\/100\n|-terastallize|p2a: Torkoal|Grass\n|move|p2a: Torkoal|Solar Beam||[still]\n|-prepare|p2a: Torkoal|Solar Beam\n|-anim|p2a: Torkoal|Solar Beam|p1a: Ogerpon\n|-damage|p1a: Ogerpon|29\/100\n|move|p2b: Iron Hands|Drain Punch|p1b: Diancie\n|-damage|p1b: Diancie|0 fnt\n|-heal|p2b: Iron Hands|100\/100|[from] drain|[of] p1b: Diancie\n|faint|p1b: Diancie\n|\n|-weather|SunnyDay|[upkeep]\n|-fieldend|move: Trick Room\n|upkeep\n|\n|t:|1697836775\n|switch|p1b: Palafin|Palafin-Hero, F|100\/100\n|-activate|p1b: Palafin|ability: Zero to Hero\n|turn|6\n|\n|t:|1697836790\n|move|p1a: Ogerpon|Spiky Shield|p1a: Ogerpon\n|-singleturn|p1a: Ogerpon|move: Protect\n|move|p1b: Palafin|Close Combat|p2a: Torkoal\n|-damage|p2a: Torkoal|57\/100\n|-unboost|p1b: Palafin|def|1\n|-unboost|p1b: Palafin|spd|1\n|-damage|p1b: Palafin|91\/100|[from] item: Life Orb\n|move|p2b: Iron Hands|Thunder Punch|p1b: Palafin\n|-supereffective|p1b: Palafin\n|-damage|p1b: Palafin|0 fnt\n|faint|p1b: Palafin\n|move|p2a: Torkoal|Solar Beam||[still]\n|-prepare|p2a: Torkoal|Solar Beam\n|-anim|p2a: Torkoal|Solar Beam|p1a: Ogerpon\n|-activate|p1a: Ogerpon|move: Protect\n|\n|-weather|SunnyDay|[upkeep]\n|upkeep\n|\n|t:|1697836801\n|switch|p1b: Eevee|Eevee, M|100\/100\n|turn|7\n|\n|t:|1697836817\n|-terastallize|p1a: Ogerpon|Water\n|detailschange|p1a: Ogerpon|Ogerpon-Wellspring-Tera, F, tera:Water\n|-ability|p1a: Ogerpon|Embody Aspect (Wellspring)|boost\n|-boost|p1a: Ogerpon|spd|1\n|move|p1b: Eevee|Protect|p1b: Eevee\n|-singleturn|p1b: Eevee|Protect\n|move|p1a: Ogerpon|Ivy Cudgel|p2b: Iron Hands\n|-damage|p2b: Iron Hands|82\/100\n|move|p2b: Iron Hands|Drain Punch|p1b: Eevee\n|-activate|p1b: Eevee|move: Protect\n|move|p2a: Torkoal|Solar Beam||[still]\n|-prepare|p2a: Torkoal|Solar Beam\n|-anim|p2a: Torkoal|Solar Beam|p1a: Ogerpon\n|-supereffective|p1a: Ogerpon\n|-damage|p1a: Ogerpon|0 fnt\n|faint|p1a: Ogerpon\n|\n|-weather|SunnyDay|[upkeep]\n|upkeep\n|turn|8\n|c|\u2606Feetstreetmeatseat|gg\n|\n|t:|1697836838\n|move|p1b: Eevee|Baton Pass||[still]\n|-fail|p1b: Eevee\n|move|p2b: Iron Hands|Drain Punch|p1b: Eevee\n|-supereffective|p1b: Eevee\n|-damage|p1b: Eevee|0 fnt\n|-heal|p2b: Iron Hands|100\/100|[from] drain|[of] p1b: Eevee\n|faint|p1b: Eevee\n|\n|win|Feetstreetmeatseat\n|raw|Names are gon's rating: 1118 &rarr; <strong>1097<\/strong><br \/>(-21 for losing)\n|raw|Feetstreetmeatseat's rating: 1180 &rarr; <strong>1201<\/strong><br \/>(+21 for winning)\n|l|\u2606Names are gon\n","uploadtime":1697836851,"views":10,"p1id":"namesaregon","p2id":"feetstreetmeatseat","formatid":"gen9nationaldexdoubles","rating":1097,"private":0,"password":""}