{"id":"gen9nationaldexdoubles-1999962167","p1":"Bootus Stankus","p2":"gonzanoel20","format":"[Gen 9] National Dex Doubles","log":"|j|\u2606Bootus Stankus\n|j|\u2606gonzanoel20\n|t:|1701135044\n|gametype|doubles\n|player|p1|Bootus Stankus|iris|1176\n|player|p2|gonzanoel20|cheren-gen5bw2|1000\n|teamsize|p1|6\n|teamsize|p2|6\n|gen|9\n|tier|[Gen 9] National Dex Doubles\n|rated|\n|rule|HP Percentage Mod: HP is shown in percentages\n|rule|Endless Battle Clause: Forcing endless battles is banned\n|rule|OHKO Clause: OHKO moves are banned\n|rule|Evasion Moves Clause: Evasion moves are banned\n|rule|Evasion Abilities Clause: Evasion abilities are banned\n|rule|Species Clause: Limit one of each Pok\u00e9mon\n|rule|Gravity Sleep Clause: The combination of sleep-inducing moves with imperfect accuracy and Gravity or Gigantamax Orbeetle are banned\n|clearpoke\n|poke|p1|Hawlucha, F|\n|poke|p1|Tapu Koko|\n|poke|p1|Ceruledge, M|\n|poke|p1|Clefairy, F|\n|poke|p1|Kommo-o, F|\n|poke|p1|Stonjourner, M|\n|poke|p2|Sceptile, F|\n|poke|p2|Snorlax, F|\n|poke|p2|Ninetales-Alola, M|\n|poke|p2|Tapu Koko|\n|poke|p2|Iron Bundle|\n|poke|p2|Ogerpon-Hearthflame, F|\n|teampreview\n|\n|t:|1701135054\n|start\n|switch|p1a: Hawlucha|Hawlucha, F, shiny|100\/100\n|switch|p1b: Tapu Koko|Tapu Koko|100\/100\n|switch|p2a: Ninetales|Ninetales-Alola, M|100\/100\n|switch|p2b: Snorlax|Snorlax, F|100\/100\n|-fieldstart|move: Electric Terrain|[from] ability: Electric Surge|[of] p1b: Tapu Koko\n|-enditem|p1a: Hawlucha|Electric Seed\n|-boost|p1a: Hawlucha|def|1|[from] item: Electric Seed\n|-weather|Snow|[from] ability: Snow Warning|[of] p2a: Ninetales\n|turn|1\n|\n|t:|1701135076\n|move|p1a: Hawlucha|Tailwind|p1a: Hawlucha\n|-sidestart|p1: Bootus Stankus|move: Tailwind\n|move|p1b: Tapu Koko|Volt Switch|p2a: Ninetales\n|-damage|p2a: Ninetales|62\/100\n|\n|t:|1701135079\n|switch|p1b: Ceruledge|Ceruledge, M|100\/100|[from] Volt Switch\n|move|p2a: Ninetales|Aurora Veil|p2a: Ninetales\n|-sidestart|p2: gonzanoel20|move: Aurora Veil\n|move|p2b: Snorlax|Body Slam|p1b: Ceruledge\n|-immune|p1b: Ceruledge\n|\n|-weather|Snow|[upkeep]\n|upkeep\n|turn|2\n|\n|t:|1701135099\n|move|p1a: Hawlucha|Coaching|p1b: Ceruledge\n|-boost|p1b: Ceruledge|atk|1\n|-boost|p1b: Ceruledge|def|1\n|move|p1b: Ceruledge|Bitter Blade|p2a: Ninetales\n|-supereffective|p2a: Ninetales\n|-damage|p2a: Ninetales|0 fnt\n|faint|p2a: Ninetales\n|move|p2b: Snorlax|Body Slam|p1a: Hawlucha\n|-damage|p1a: Hawlucha|71\/100\n|-status|p1a: Hawlucha|par\n|\n|-weather|Snow|[upkeep]\n|upkeep\n|\n|t:|1701135127\n|switch|p2a: Tapu Koko|Tapu Koko|100\/100\n|-item|p2a: Tapu Koko|Air Balloon\n|turn|3\n|\n|t:|1701135136\n|move|p1a: Hawlucha|Coaching|p1b: Ceruledge\n|-boost|p1b: Ceruledge|atk|1\n|-boost|p1b: Ceruledge|def|1\n|move|p1b: Ceruledge|Bitter Blade|p2a: Tapu Koko\n|-damage|p2a: Tapu Koko|25\/100\n|-enditem|p2a: Tapu Koko|Air Balloon\n|move|p2a: Tapu Koko|Dazzling Gleam|p1a: Hawlucha|[spread] p1a,p1b\n|-supereffective|p1a: Hawlucha\n|-resisted|p1b: Ceruledge\n|-damage|p1a: Hawlucha|20\/100 par\n|-damage|p1b: Ceruledge|89\/100\n|move|p2b: Snorlax|Body Slam|p1a: Hawlucha\n|-damage|p1a: Hawlucha|0 fnt\n|faint|p1a: Hawlucha\n|\n|-weather|Snow|[upkeep]\n|upkeep\n|\n|t:|1701135148\n|switch|p1a: Stonjourner|Stonjourner, M|100\/100\n|turn|4\n|\n|t:|1701135160\n|move|p1a: Stonjourner|Protect|p1a: Stonjourner\n|-singleturn|p1a: Stonjourner|Protect\n|move|p1b: Ceruledge|Bitter Blade|p2a: Tapu Koko\n|-crit|p2a: Tapu Koko\n|-damage|p2a: Tapu Koko|0 fnt\n|-heal|p1b: Ceruledge|100\/100|[from] drain|[of] p2a: Tapu Koko\n|faint|p2a: Tapu Koko\n|move|p2b: Snorlax|Brick Break|p1a: Stonjourner\n|-activate|p1a: Stonjourner|move: Protect\n|\n|-weather|Snow|[upkeep]\n|-sideend|p1: Bootus Stankus|move: Tailwind\n|upkeep\n|\n|t:|1701135174\n|switch|p2a: Iron Bundle|Iron Bundle|100\/100\n|-activate|p2a: Iron Bundle|ability: Quark Drive\n|-start|p2a: Iron Bundle|quarkdrivespa\n|turn|5\n|\n|t:|1701135184\n|switch|p1a: Clefairy|Clefairy, F|100\/100\n|move|p1b: Ceruledge|Protect|p1b: Ceruledge\n|-singleturn|p1b: Ceruledge|Protect\n|move|p2a: Iron Bundle|Hydro Pump|p1b: Ceruledge\n|-activate|p1b: Ceruledge|move: Protect\n|move|p2b: Snorlax|Brick Break|p1a: Clefairy\n|-resisted|p1a: Clefairy\n|-damage|p1a: Clefairy|92\/100\n|\n|-weather|none\n|-sideend|p2: gonzanoel20|move: Aurora Veil\n|-fieldend|move: Electric Terrain\n|-end|p2a: Iron Bundle|Quark Drive\n|upkeep\n|turn|6\n|\n|t:|1701135211\n|move|p1a: Clefairy|Follow Me|p1a: Clefairy\n|-singleturn|p1a: Clefairy|move: Follow Me\n|move|p2a: Iron Bundle|Hydro Pump|p1a: Clefairy\n|-damage|p1a: Clefairy|19\/100\n|move|p1b: Ceruledge|Shadow Claw|p2a: Iron Bundle\n|-damage|p2a: Iron Bundle|17\/100\n|move|p2b: Snorlax|Body Slam|p1a: Clefairy\n|-damage|p1a: Clefairy|0 fnt\n|faint|p1a: Clefairy\n|\n|upkeep\n|\n|t:|1701135229\n|switch|p1a: Stonjourner|Stonjourner, M|100\/100\n|turn|7\n|\n|t:|1701135237\n|move|p1b: Ceruledge|Protect|p1b: Ceruledge\n|-singleturn|p1b: Ceruledge|Protect\n|move|p2a: Iron Bundle|Hydro Pump|p1b: Ceruledge\n|-activate|p1b: Ceruledge|move: Protect\n|move|p1a: Stonjourner|Rock Tomb|p2a: Iron Bundle\n|-supereffective|p2a: Iron Bundle\n|-crit|p2a: Iron Bundle\n|-damage|p2a: Iron Bundle|0 fnt\n|faint|p2a: Iron Bundle\n|-end|p2a: Iron Bundle|Quark Drive|[silent]\n|move|p2b: Snorlax|Brick Break|p1a: Stonjourner\n|-supereffective|p1a: Stonjourner\n|-damage|p1a: Stonjourner|71\/100\n|\n|upkeep\n|\n|t:|1701135252\n|switch|p2a: Ogerpon|Ogerpon-Hearthflame, F|100\/100\n|-ability|p2a: Ogerpon|Mold Breaker\n|turn|8\n|\n|t:|1701135274\n|-terastallize|p2a: Ogerpon|Fire\n|detailschange|p2a: Ogerpon|Ogerpon-Hearthflame-Tera, F, tera:Fire\n|-ability|p2a: Ogerpon|Embody Aspect (Hearthflame)|boost\n|-boost|p2a: Ogerpon|atk|1\n|move|p1b: Ceruledge|Bitter Blade|p2a: Ogerpon\n|-resisted|p2a: Ogerpon\n|-damage|p2a: Ogerpon|43\/100\n|move|p2a: Ogerpon|Horn Leech|p1a: Stonjourner\n|-supereffective|p1a: Stonjourner\n|-damage|p1a: Stonjourner|0 fnt\n|-heal|p2a: Ogerpon|90\/100|[from] drain|[of] p1a: Stonjourner\n|faint|p1a: Stonjourner\n|move|p2b: Snorlax|Brick Break|p1b: Ceruledge\n|-immune|p1b: Ceruledge\n|\n|upkeep\n|\n|t:|1701135289\n|switch|p1a: Tapu Koko|Tapu Koko|100\/100\n|-fieldstart|move: Electric Terrain|[from] ability: Electric Surge|[of] p1a: Tapu Koko\n|turn|9\n|\n|t:|1701135301\n|move|p1a: Tapu Koko|Electroweb|p2b: Snorlax|[spread] p2a,p2b\n|-damage|p2a: Ogerpon|65\/100\n|-damage|p2b: Snorlax|85\/100\n|-unboost|p2a: Ogerpon|spe|1\n|-unboost|p2b: Snorlax|spe|1\n|move|p1b: Ceruledge|Shadow Claw|p2a: Ogerpon\n|-damage|p2a: Ogerpon|0 fnt\n|faint|p2a: Ogerpon\n|move|p2b: Snorlax|Body Slam|p1a: Tapu Koko\n|-damage|p1a: Tapu Koko|52\/100\n|\n|-heal|p1a: Tapu Koko|58\/100|[from] item: Leftovers\n|-heal|p2b: Snorlax|91\/100|[from] item: Leftovers\n|upkeep\n|\n|t:|1701135317\n|switch|p2a: Sceptile|Sceptile, F|100\/100\n|turn|10\n|\n|t:|1701135331\n|detailschange|p2a: Sceptile|Sceptile-Mega, F\n|-mega|p2a: Sceptile|Sceptile|Sceptilite\n|move|p2a: Sceptile|Dragon Pulse|p1b: Ceruledge\n|-damage|p1b: Ceruledge|48\/100\n|move|p1a: Tapu Koko|Electroweb|p2b: Snorlax|[spread] p2b\n|-ability|p2a: Sceptile|Lightning Rod|boost\n|-boost|p2a: Sceptile|spa|1\n|-damage|p2b: Snorlax|75\/100\n|-unboost|p2b: Snorlax|spe|1\n|move|p1b: Ceruledge|Bitter Blade|p2a: Sceptile\n|-damage|p2a: Sceptile|0 fnt\n|-heal|p1b: Ceruledge|98\/100|[from] drain|[of] p2a: Sceptile\n|faint|p2a: Sceptile\n|move|p2b: Snorlax|Body Slam|p1a: Tapu Koko\n|-damage|p1a: Tapu Koko|10\/100\n|\n|-heal|p1a: Tapu Koko|16\/100|[from] item: Leftovers\n|-heal|p2b: Snorlax|81\/100|[from] item: Leftovers\n|upkeep\n|turn|11\n|\n|t:|1701135354\n|move|p1a: Tapu Koko|Dazzling Gleam|p2b: Snorlax\n|-damage|p2b: Snorlax|57\/100\n|move|p1b: Ceruledge|Bitter Blade|p2b: Snorlax\n|-damage|p2b: Snorlax|27\/100\n|-heal|p1b: Ceruledge|100\/100|[from] drain|[of] p2b: Snorlax\n|move|p2b: Snorlax|Body Slam|p1a: Tapu Koko\n|-damage|p1a: Tapu Koko|0 fnt\n|faint|p1a: Tapu Koko\n|\n|-heal|p2b: Snorlax|33\/100|[from] item: Leftovers\n|upkeep\n|\n|t:|1701135361\n|switch|p1a: Kommo-o|Kommo-o, F|100\/100\n|turn|12\n|\n|t:|1701135372\n|move|p1b: Ceruledge|Protect|p1b: Ceruledge\n|-singleturn|p1b: Ceruledge|Protect\n|move|p1a: Kommo-o|Clangorous Soul|p1a: Kommo-o\n|-boost|p1a: Kommo-o|atk|1\n|-boost|p1a: Kommo-o|def|1\n|-boost|p1a: Kommo-o|spa|1\n|-boost|p1a: Kommo-o|spd|1\n|-boost|p1a: Kommo-o|spe|1\n|-damage|p1a: Kommo-o|68\/100\n|-enditem|p1a: Kommo-o|Throat Spray\n|-boost|p1a: Kommo-o|spa|1|[from] item: Throat Spray\n|move|p2b: Snorlax|Rest||[still]\n|-activate|p2b: Snorlax|move: Electric Terrain\n|-fail|p2b: Snorlax\n|\n|-heal|p2b: Snorlax|39\/100|[from] item: Leftovers\n|upkeep\n|turn|13\n|\n|t:|1701135389\n|move|p1a: Kommo-o|Boomburst|p2b: Snorlax|[spread] p2b\n|-immune|p1b: Ceruledge\n|-damage|p2b: Snorlax|6\/100\n|move|p1b: Ceruledge|Bitter Blade|p2b: Snorlax\n|-damage|p2b: Snorlax|0 fnt\n|faint|p2b: Snorlax\n|\n|win|Bootus Stankus\n|raw|Bootus Stankus's rating: 1176 &rarr; <strong>1189<\/strong><br \/>(+13 for winning)\n|raw|gonzanoel20's rating: 1000 &rarr; <strong>1000<\/strong><br \/>(+0 for losing)\n|l|\u2606gonzanoel20\n","uploadtime":1701135540,"views":1,"p1id":"bootusstankus","p2id":"gonzanoel20","formatid":"gen9nationaldexdoubles","rating":1000,"private":0,"password":""}