{"id":"gen9nationaldexdoubles-1957426312","p1":"Mokaccino321","p2":"scoutinwhon","format":"[Gen 9] National Dex Doubles","log":"|j|\u2606Mokaccino321\n|j|\u2606scoutinwhon\n|t:|1696219573\n|gametype|doubles\n|player|p1|Mokaccino321|265|\n|player|p2|scoutinwhon|266|\n|teamsize|p1|6\n|teamsize|p2|6\n|gen|9\n|tier|[Gen 9] National Dex Doubles\n|rule|HP Percentage Mod: HP is shown in percentages\n|rule|Endless Battle Clause: Forcing endless battles is banned\n|rule|OHKO Clause: OHKO moves are banned\n|rule|Evasion Moves Clause: Evasion moves are banned\n|rule|Evasion Abilities Clause: Evasion abilities are banned\n|rule|Species Clause: Limit one of each Pok\u00e9mon\n|rule|Gravity Sleep Clause: The combination of sleep-inducing moves with imperfect accuracy and Gravity or Gigantamax Orbeetle are banned\n|clearpoke\n|poke|p1|Cradily, F|\n|poke|p1|Aerodactyl, F|\n|poke|p1|Arcanine-Hisui, M|\n|poke|p1|Nihilego|\n|poke|p1|Tyranitar, F|\n|poke|p1|Aggron, F|\n|poke|p2|Hippowdon, M|\n|poke|p2|Great Tusk|\n|poke|p2|Excadrill, M|\n|poke|p2|Steelix, M|\n|poke|p2|Ursaluna, M|\n|poke|p2|Gastrodon, M|\n|teampreview\n|c|\u2606Mokaccino321|oh god\n|c|\u2606Mokaccino321|ground vs rock\n|c|\u2606Mokaccino321|pain\n|\n|t:|1696219597\n|start\n|switch|p1a: Nihilego|Nihilego|100\/100\n|switch|p1b: Cradily|Cradily, F|100\/100\n|switch|p2a: Hippowdon|Hippowdon, M|100\/100\n|switch|p2b: Excadrill|Excadrill, M|100\/100\n|-weather|Sandstorm|[from] ability: Sand Stream|[of] p2a: Hippowdon\n|turn|1\n|\n|t:|1696219624\n|move|p1a: Nihilego|Protect|p1a: Nihilego\n|-singleturn|p1a: Nihilego|Protect\n|move|p2b: Excadrill|Earthquake|p1a: Nihilego|[spread] p2a,p1b\n|-activate|p1a: Nihilego|move: Protect\n|-crit|p2a: Hippowdon\n|-crit|p1b: Cradily\n|-damage|p2a: Hippowdon|66\/100\n|-damage|p1b: Cradily|43\/100\n|move|p1b: Cradily|Earth Power|p2b: Excadrill\n|-supereffective|p2b: Excadrill\n|-damage|p2b: Excadrill|56\/100\n|move|p2a: Hippowdon|Roar|p1a: Nihilego\n|drag|p1a: Tyranitar|Tyranitar, F|100\/100\n|\n|-weather|Sandstorm|[upkeep]\n|-heal|p2a: Hippowdon|72\/100|[from] item: Leftovers\n|upkeep\n|turn|2\n|\n|t:|1696219655\n|move|p2b: Excadrill|Earthquake|p1b: Cradily|[spread] p2a,p1a,p1b\n|-supereffective|p1a: Tyranitar\n|-damage|p2a: Hippowdon|48\/100\n|-damage|p1a: Tyranitar|17\/100\n|-damage|p1b: Cradily|4\/100\n|move|p1a: Tyranitar|Superpower|p2b: Excadrill\n|-supereffective|p2b: Excadrill\n|-damage|p2b: Excadrill|0 fnt\n|-unboost|p1a: Tyranitar|atk|1\n|-unboost|p1a: Tyranitar|def|1\n|faint|p2b: Excadrill\n|-damage|p1a: Tyranitar|7\/100|[from] item: Life Orb\n|move|p2a: Hippowdon|Slack Off|p2a: Hippowdon\n|-heal|p2a: Hippowdon|98\/100\n|move|p1b: Cradily|Giga Drain|p2a: Hippowdon\n|-supereffective|p2a: Hippowdon\n|-damage|p2a: Hippowdon|54\/100\n|-heal|p1b: Cradily|29\/100|[from] drain|[of] p2a: Hippowdon\n|\n|-weather|Sandstorm|[upkeep]\n|-heal|p2a: Hippowdon|60\/100|[from] item: Leftovers\n|upkeep\n|\n|t:|1696219681\n|switch|p2b: Gastrodon|Gastrodon, M|100\/100\n|turn|3\n|c|\u2606Mokaccino321|are u like banded D:\n|\n|t:|1696219704\n|move|p1b: Cradily|Protect|p1b: Cradily\n|-singleturn|p1b: Cradily|Protect\n|move|p1a: Tyranitar|Superpower|p2b: Gastrodon\n|-damage|p2b: Gastrodon|67\/100\n|-unboost|p1a: Tyranitar|atk|1\n|-unboost|p1a: Tyranitar|def|1\n|-damage|p1a: Tyranitar|0 fnt|[from] item: Life Orb\n|faint|p1a: Tyranitar\n|move|p2a: Hippowdon|Earthquake|p1b: Cradily|[spread] p2b\n|-activate|p1b: Cradily|move: Protect\n|-damage|p2b: Gastrodon|47\/100\n|move|p2b: Gastrodon|Recover|p2b: Gastrodon\n|-heal|p2b: Gastrodon|97\/100\n|\n|-weather|Sandstorm|[upkeep]\n|-heal|p2a: Hippowdon|66\/100|[from] item: Leftovers\n|-heal|p2b: Gastrodon|100\/100|[from] item: Leftovers\n|upkeep\n|\n|t:|1696219724\n|switch|p1a: Aerodactyl|Aerodactyl, F|100\/100\n|-ability|p1a: Aerodactyl|Unnerve\n|turn|4\n|\n|t:|1696219735\n|move|p1a: Aerodactyl|Tailwind|p1a: Aerodactyl\n|-sidestart|p1: Mokaccino321|move: Tailwind\n|move|p1b: Cradily|Giga Drain|p2b: Gastrodon\n|-supereffective|p2b: Gastrodon\n|-damage|p2b: Gastrodon|21\/100\n|-heal|p1b: Cradily|73\/100|[from] drain|[of] p2b: Gastrodon\n|move|p2a: Hippowdon|Earthquake|p1b: Cradily|[spread] p2b,p1b\n|-immune|p1a: Aerodactyl\n|-damage|p2b: Gastrodon|0 fnt\n|-damage|p1b: Cradily|46\/100\n|faint|p2b: Gastrodon\n|\n|-weather|Sandstorm|[upkeep]\n|-heal|p2a: Hippowdon|72\/100|[from] item: Leftovers\n|upkeep\n|\n|t:|1696219752\n|switch|p2b: Steelix|Steelix, M|100\/100\n|turn|5\n|\n|t:|1696219767\n|detailschange|p2b: Steelix|Steelix-Mega, M\n|-mega|p2b: Steelix|Steelix|Steelixite\n|move|p1a: Aerodactyl|Taunt|p2b: Steelix\n|-start|p2b: Steelix|move: Taunt\n|move|p1b: Cradily|Giga Drain|p2a: Hippowdon\n|-supereffective|p2a: Hippowdon\n|-damage|p2a: Hippowdon|27\/100\n|-heal|p1b: Cradily|71\/100|[from] drain|[of] p2a: Hippowdon\n|move|p2a: Hippowdon|Slack Off|p2a: Hippowdon\n|-heal|p2a: Hippowdon|77\/100\n|cant|p2b: Steelix|move: Taunt|Iron Defense\n|\n|-weather|none\n|-heal|p2a: Hippowdon|84\/100|[from] item: Leftovers\n|upkeep\n|turn|6\n|\n|t:|1696219804\n|move|p1a: Aerodactyl|Wide Guard|p1a: Aerodactyl\n|-singleturn|p1a: Aerodactyl|Wide Guard\n|move|p1b: Cradily|Earth Power|p2b: Steelix\n|-supereffective|p2b: Steelix\n|-damage|p2b: Steelix|67\/100\n|move|p2a: Hippowdon|Slack Off|p2a: Hippowdon\n|-heal|p2a: Hippowdon|100\/100\n|move|p2b: Steelix|Body Press|p1b: Cradily\n|-supereffective|p1b: Cradily\n|-damage|p1b: Cradily|0 fnt\n|faint|p1b: Cradily\n|\n|upkeep\n|\n|t:|1696219815\n|switch|p1b: Aggron|Aggron, F|100\/100\n|turn|7\n|\n|t:|1696219832\n|detailschange|p1b: Aggron|Aggron-Mega, F\n|-mega|p1b: Aggron|Aggron|Aggronite\n|move|p1a: Aerodactyl|Taunt|p2a: Hippowdon\n|-start|p2a: Hippowdon|move: Taunt\n|move|p1b: Aggron|Iron Defense|p1b: Aggron\n|-boost|p1b: Aggron|def|2\n|move|p2b: Steelix|Body Press|p1a: Aerodactyl\n|-damage|p1a: Aerodactyl|44\/100\n|cant|p2a: Hippowdon|move: Taunt|Roar\n|\n|-end|p2b: Steelix|move: Taunt\n|-sideend|p1: Mokaccino321|move: Tailwind\n|upkeep\n|turn|8\n|\n|t:|1696219853\n|switch|p2a: Ursaluna|Ursaluna, M|100\/100\n|move|p1a: Aerodactyl|Taunt|p2b: Steelix\n|-start|p2b: Steelix|move: Taunt\n|move|p1b: Aggron|Body Press|p2b: Steelix\n|-supereffective|p2b: Steelix\n|-damage|p2b: Steelix|0 fnt\n|faint|p2b: Steelix\n|\n|-status|p2a: Ursaluna|brn|[from] item: Flame Orb\n|upkeep\n|\n|t:|1696219867\n|switch|p2b: Great Tusk|Great Tusk|100\/100\n|turn|9\n|\n|t:|1696219880\n|move|p1a: Aerodactyl|Tailwind|p1a: Aerodactyl\n|-sidestart|p1: Mokaccino321|move: Tailwind\n|move|p2b: Great Tusk|Headlong Rush|p1b: Aggron\n|-supereffective|p1b: Aggron\n|-damage|p1b: Aggron|73\/100\n|-unboost|p2b: Great Tusk|def|1\n|-unboost|p2b: Great Tusk|spd|1\n|move|p1b: Aggron|Body Press|p2a: Ursaluna\n|-supereffective|p2a: Ursaluna\n|-damage|p2a: Ursaluna|0 fnt\n|faint|p2a: Ursaluna\n|\n|upkeep\n|\n|t:|1696219891\n|switch|p2a: Hippowdon|Hippowdon, M|100\/100\n|-weather|Sandstorm|[from] ability: Sand Stream|[of] p2a: Hippowdon\n|turn|10\n|\n|t:|1696219899\n|move|p1a: Aerodactyl|Taunt|p2a: Hippowdon\n|-start|p2a: Hippowdon|move: Taunt\n|move|p2b: Great Tusk|Headlong Rush|p1b: Aggron\n|-supereffective|p1b: Aggron\n|-damage|p1b: Aggron|44\/100\n|-unboost|p2b: Great Tusk|def|1\n|-unboost|p2b: Great Tusk|spd|1\n|move|p1b: Aggron|Body Press|p2b: Great Tusk\n|-damage|p2b: Great Tusk|0 fnt\n|faint|p2b: Great Tusk\n|-end|p2b: Great Tusk|Protosynthesis|[silent]\n|cant|p2a: Hippowdon|move: Taunt|Roar\n|\n|-weather|Sandstorm|[upkeep]\n|upkeep\n|turn|11\n|\n|t:|1696219914\n|move|p1a: Aerodactyl|Wide Guard|p1a: Aerodactyl\n|-singleturn|p1a: Aerodactyl|Wide Guard\n|move|p1b: Aggron|Body Press|p2a: Hippowdon\n|-damage|p2a: Hippowdon|52\/100\n|move|p2a: Hippowdon|Earthquake|p1a: Aerodactyl|[spread] \n|-activate|p1a: Aerodactyl|move: Wide Guard\n|-activate|p1b: Aggron|move: Wide Guard\n|\n|-weather|Sandstorm|[upkeep]\n|-heal|p2a: Hippowdon|58\/100|[from] item: Leftovers\n|upkeep\n|turn|12\n|\n|t:|1696219926\n|move|p1a: Aerodactyl|Wide Guard|p1a: Aerodactyl\n|-singleturn|p1a: Aerodactyl|Wide Guard\n|move|p1b: Aggron|Body Press|p2a: Hippowdon\n|-damage|p2a: Hippowdon|12\/100\n|move|p2a: Hippowdon|Earthquake|p1b: Aggron|[spread] \n|-activate|p1a: Aerodactyl|move: Wide Guard\n|-activate|p1b: Aggron|move: Wide Guard\n|\n|-weather|Sandstorm|[upkeep]\n|-heal|p2a: Hippowdon|18\/100|[from] item: Leftovers\n|-end|p2a: Hippowdon|move: Taunt\n|-sideend|p1: Mokaccino321|move: Tailwind\n|upkeep\n|turn|13\n|\n|t:|1696219940\n|move|p1a: Aerodactyl|Taunt|p2a: Hippowdon\n|-start|p2a: Hippowdon|move: Taunt\n|move|p1b: Aggron|Body Press|p2a: Hippowdon\n|-damage|p2a: Hippowdon|0 fnt\n|faint|p2a: Hippowdon\n|\n|win|Mokaccino321\n|c|\u2606Mokaccino321|gg :3\n|c|\u2606scoutinwhon|gg\n","uploadtime":1696219963,"views":14,"p1id":"mokaccino321","p2id":"scoutinwhon","formatid":"gen9nationaldexdoubles","rating":0,"private":0,"password":""}