{"id":"gen9nationaldexdoubles-1977236066","p1":"CuteFeetsies","p2":"JoJoPalm","format":"[Gen 9] National Dex Doubles","log":"|j|\u2606CuteFeetsies\n|j|\u2606JoJoPalm\n|t:|1698391581\n|gametype|doubles\n|player|p1|CuteFeetsies|265|\n|player|p2|JoJoPalm|2|\n|teamsize|p1|6\n|teamsize|p2|6\n|gen|9\n|tier|[Gen 9] National Dex Doubles\n|rule|HP Percentage Mod: HP is shown in percentages\n|rule|Endless Battle Clause: Forcing endless battles is banned\n|rule|OHKO Clause: OHKO moves are banned\n|rule|Evasion Moves Clause: Evasion moves are banned\n|rule|Evasion Abilities Clause: Evasion abilities are banned\n|rule|Species Clause: Limit one of each Pok\u00e9mon\n|rule|Gravity Sleep Clause: The combination of sleep-inducing moves with imperfect accuracy and Gravity or Gigantamax Orbeetle are banned\n|clearpoke\n|poke|p1|Noivern, L50, F|\n|poke|p1|Basculegion, L50, M|\n|poke|p1|Weavile, L50, M|\n|poke|p1|Trevenant, L50, M|\n|poke|p1|Conkeldurr, L50, F|\n|poke|p1|Indeedee-F, L50, F|\n|poke|p2|Sinistcha, L50|\n|poke|p2|Goodra-Hisui, L50, F|\n|poke|p2|Staraptor, L50, F|\n|poke|p2|Gengar, L50, M|\n|poke|p2|Hatterene, L50, F|\n|poke|p2|Garchomp, L50, F|\n|teampreview\n|\n|t:|1698391643\n|start\n|switch|p1a: Noivern|Noivern, L50, F|100\/100\n|switch|p1b: Trevenant|Trevenant, L50, M|100\/100\n|switch|p2a: Hatterene|Hatterene, L50, F, shiny|100\/100\n|switch|p2b: Joey Wheeler|Staraptor, L50, F, shiny|100\/100\n|-ability|p2b: Joey Wheeler|Intimidate|boost\n|-unboost|p1a: Noivern|atk|1\n|-unboost|p1b: Trevenant|atk|1\n|turn|1\n|\n|t:|1698391697\n|-terastallize|p1a: Noivern|Normal\n|move|p2b: Joey Wheeler|Tailwind|p2b: Joey Wheeler\n|-sidestart|p2: JoJoPalm|move: Tailwind\n|move|p1a: Noivern|Boomburst|p2a: Hatterene|[spread] p2a,p2b\n|-immune|p1b: Trevenant\n|-damage|p2a: Hatterene|31\/100\n|-damage|p2b: Joey Wheeler|0 fnt\n|faint|p2b: Joey Wheeler\n|move|p2a: Hatterene|Light Screen|p2a: Hatterene\n|-sidestart|p2: JoJoPalm|move: Light Screen\n|move|p1b: Trevenant|Rock Slide|p2a: Hatterene\n|-damage|p2a: Hatterene|13\/100\n|\n|upkeep\n|\n|t:|1698391750\n|switch|p2b: King Shark|Garchomp, L50, F|100\/100\n|turn|2\n|\n|t:|1698391780\n|move|p2b: King Shark|Swords Dance|p2b: King Shark\n|-boost|p2b: King Shark|atk|2\n|move|p1a: Noivern|Boomburst|p2a: Hatterene|[spread] p2a,p2b\n|-immune|p1b: Trevenant\n|-damage|p2a: Hatterene|0 fnt\n|-damage|p2b: King Shark|25\/100\n|-enditem|p2b: King Shark|Aguav Berry|[eat]\n|-heal|p2b: King Shark|58\/100|[from] item: Aguav Berry\n|faint|p2a: Hatterene\n|move|p1b: Trevenant|Trick Room|p1b: Trevenant\n|-fieldstart|move: Trick Room|[of] p1b: Trevenant\n|\n|upkeep\n|\n|t:|1698391798\n|switch|p2a: Bubble|Goodra-Hisui, L50, F|100\/100\n|turn|3\n|\n|t:|1698391816\n|switch|p1b: Basculegion|Basculegion, L50, M, shiny|100\/100\n|move|p2a: Bubble|Shelter|p2a: Bubble\n|-boost|p2a: Bubble|def|2\n|move|p1a: Noivern|Boomburst|p2a: Bubble|[spread] p2a,p2b\n|-immune|p1b: Basculegion\n|-resisted|p2a: Bubble\n|-damage|p2a: Bubble|79\/100\n|-damage|p2b: King Shark|0 fnt\n|faint|p2b: King Shark\n|\n|upkeep\n|\n|t:|1698391835\n|switch|p2b: ChaCha Slide|Sinistcha, L50|100\/100\n|-heal|p2a: Bubble|100\/100|[from] ability: Hospitality|[of] p2b: ChaCha Slide\n|turn|4\n|\n|t:|1698391872\n|switch|p1a: Indeedee|Indeedee-F, L50, F|100\/100\n|-fieldstart|move: Psychic Terrain|[from] ability: Psychic Surge|[of] p1a: Indeedee\n|-enditem|p1a: Indeedee|Psychic Seed\n|-boost|p1a: Indeedee|spd|1|[from] item: Psychic Seed\n|move|p1b: Basculegion|Crunch|p2b: ChaCha Slide\n|-supereffective|p2b: ChaCha Slide\n|-damage|p2b: ChaCha Slide|25\/100\n|-enditem|p2b: ChaCha Slide|Wiki Berry|[eat]\n|-heal|p2b: ChaCha Slide|58\/100|[from] item: Wiki Berry\n|move|p2a: Bubble|Heavy Slam|p1a: Indeedee\n|-damage|p1a: Indeedee|39\/100\n|move|p2b: ChaCha Slide|Strength Sap|p1b: Basculegion\n|-unboost|p1b: Basculegion|atk|1\n|-heal|p2b: ChaCha Slide|100\/100\n|\n|-sideend|p2: JoJoPalm|move: Tailwind\n|upkeep\n|turn|5\n|\n|t:|1698391905\n|switch|p1b: Noivern|Noivern, L50, F, tera:Normal|100\/100\n|switch|p2a: Gengar|Gengar, L50, M, shiny|100\/100\n|move|p1a: Indeedee|Mystical Fire|p2a: Gengar\n|-damage|p2a: Gengar|75\/100\n|-unboost|p2a: Gengar|spa|1\n|move|p2b: ChaCha Slide|Matcha Gotcha|p1a: Indeedee|[spread] p1a,p1b\n|-damage|p1a: Indeedee|25\/100\n|-damage|p1b: Noivern|69\/100\n|\n|upkeep\n|turn|6\n|\n|t:|1698391929\n|move|p1a: Indeedee|Expanding Force|p2a: Gengar|[spread] p2a,p2b\n|-supereffective|p2a: Gengar\n|-damage|p2a: Gengar|0 fnt\n|-damage|p2b: ChaCha Slide|65\/100\n|-start|p1a: Indeedee|Disable|Expanding Force|[from] ability: Cursed Body|[of] p2a: Gengar\n|faint|p2a: Gengar\n|move|p2b: ChaCha Slide|Strength Sap|p1b: Noivern\n|-unboost|p1b: Noivern|atk|1\n|-heal|p2b: ChaCha Slide|100\/100\n|move|p1b: Noivern|Heat Wave|p2b: ChaCha Slide\n|-supereffective|p2b: ChaCha Slide\n|-damage|p2b: ChaCha Slide|24\/100\n|\n|-fieldend|move: Trick Room\n|upkeep\n|\n|t:|1698391942\n|switch|p2a: Bubble|Goodra-Hisui, L50, F|100\/100\n|turn|7\n|\n|t:|1698391978\n|-terastallize|p2a: Bubble|Fairy\n|move|p1b: Noivern|Heat Wave|p2a: Bubble|[spread] p2a,p2b\n|-supereffective|p2b: ChaCha Slide\n|-damage|p2a: Bubble|81\/100\n|-damage|p2b: ChaCha Slide|0 fnt\n|faint|p2b: ChaCha Slide\n|move|p1a: Indeedee|Mystical Fire|p2a: Bubble\n|-damage|p2a: Bubble|72\/100\n|-unboost|p2a: Bubble|spa|1\n|move|p2a: Bubble|Heavy Slam|p1b: Noivern\n|-damage|p1b: Noivern|31\/100\n|\n|upkeep\n|turn|8\n|\n|t:|1698392005\n|move|p1b: Noivern|Heat Wave|p2a: Bubble\n|-damage|p2a: Bubble|48\/100\n|-status|p2a: Bubble|brn\n|move|p1a: Indeedee|Mystical Fire|p2a: Bubble\n|-damage|p2a: Bubble|38\/100 brn\n|-unboost|p2a: Bubble|spa|1\n|move|p2a: Bubble|Body Press|p1b: Noivern\n|-supereffective|p1b: Noivern\n|-damage|p1b: Noivern|0 fnt\n|faint|p1b: Noivern\n|\n|-damage|p2a: Bubble|32\/100 brn|[from] brn\n|-sideend|p2: JoJoPalm|move: Light Screen\n|-fieldend|move: Psychic Terrain\n|upkeep\n|\n|t:|1698392070\n|switch|p1b: Weavile|Weavile, L50, M|100\/100\n|turn|9\n|\n|t:|1698392088\n|move|p1b: Weavile|Fake Out|p2a: Bubble\n|-damage|p2a: Bubble|22\/100 brn\n|-damage|p1b: Weavile|84\/100|[from] item: Rocky Helmet|[of] p2a: Bubble\n|move|p1a: Indeedee|Mystical Fire|p2a: Bubble\n|-damage|p2a: Bubble|8\/100 brn\n|-unboost|p2a: Bubble|spa|1\n|cant|p2a: Bubble|flinch\n|\n|-damage|p2a: Bubble|2\/100 brn|[from] brn\n|-end|p1a: Indeedee|Disable\n|upkeep\n|turn|10\n|\n|t:|1698392109\n|move|p1b: Weavile|Ice Spinner|p2a: Bubble\n|-damage|p2a: Bubble|0 fnt\n|-damage|p1b: Weavile|67\/100|[from] item: Rocky Helmet|[of] p2a: Bubble\n|faint|p2a: Bubble\n|\n|win|CuteFeetsies\n|l|\u2606CuteFeetsies\n","uploadtime":1698392273,"views":14,"p1id":"cutefeetsies","p2id":"jojopalm","formatid":"gen9nationaldexdoubles","rating":0,"private":0,"password":""}