{"id":"gen9nationaldexdoubles-1962880259","p1":"Toxic Ariados","p2":"Paldea Athens 420","format":"[Gen 9] National Dex Doubles","log":"|j|\u2606Toxic Ariados\n|j|\u203dPaldea Athens 420\n|t:|1696801195\n|gametype|doubles\n|player|p1|Toxic Ariados|lucas|1514\n|player|p2|Paldea Athens 420|fantina|1703\n|teamsize|p1|6\n|teamsize|p2|6\n|gen|9\n|tier|[Gen 9] National Dex Doubles\n|rated|\n|rule|HP Percentage Mod: HP is shown in percentages\n|rule|Endless Battle Clause: Forcing endless battles is banned\n|rule|OHKO Clause: OHKO moves are banned\n|rule|Evasion Moves Clause: Evasion moves are banned\n|rule|Evasion Abilities Clause: Evasion abilities are banned\n|rule|Species Clause: Limit one of each Pok\u00e9mon\n|rule|Gravity Sleep Clause: The combination of sleep-inducing moves with imperfect accuracy and Gravity or Gigantamax Orbeetle are banned\n|clearpoke\n|poke|p1|Rillaboom, M|\n|poke|p1|Volcarona, F|\n|poke|p1|Okidogi, M|\n|poke|p1|Sinistcha-Masterpiece|\n|poke|p1|Ceruledge, M|\n|poke|p1|Grimmsnarl, M|\n|poke|p2|Kingambit, M|\n|poke|p2|Marshadow|\n|poke|p2|Charizard, M|\n|poke|p2|Ogerpon-Hearthflame, F|\n|poke|p2|Chien-Pao|\n|poke|p2|Tornadus, M|\n|teampreview\n|inactive|Battle timer is ON: inactive players will automatically lose when time's up. (requested by Paldea Athens 420)\n|\n|t:|1696801221\n|start\n|switch|p1a: Diablo|Grimmsnarl, M|100\/100\n|switch|p1b: Bongo|Rillaboom, M|100\/100\n|switch|p2a: Marshadow|Marshadow|100\/100\n|switch|p2b: Chien-Pao|Chien-Pao|100\/100\n|-ability|p2b: Chien-Pao|Sword of Ruin\n|-fieldstart|move: Grassy Terrain|[from] ability: Grassy Surge|[of] p1b: Bongo\n|turn|1\n|\n|t:|1696801233\n|move|p2b: Chien-Pao|Protect|p2b: Chien-Pao\n|-singleturn|p2b: Chien-Pao|Protect\n|move|p1b: Bongo|Fake Out|p2b: Chien-Pao\n|-activate|p2b: Chien-Pao|move: Protect\n|move|p1a: Diablo|Reflect|p1a: Diablo\n|-sidestart|p1: Toxic Ariados|Reflect\n|-zpower|p2a: Marshadow\n|move|p2a: Marshadow|Soul-Stealing 7-Star Strike|p1b: Bongo|[zeffect]\n|-damage|p1b: Bongo|9\/100\n|\n|-heal|p1b: Bongo|15\/100|[from] Grassy Terrain\n|upkeep\n|turn|2\n|\n|t:|1696801253\n|switch|p1b: Wrath|Okidogi, M|100\/100\n|move|p2a: Marshadow|Shadow Sneak|p1b: Wrath\n|-damage|p1b: Wrath|75\/100\n|move|p2b: Chien-Pao|Ice Spinner|p1a: Diablo\n|-damage|p1a: Diablo|56\/100\n|-fieldend|move: Grassy Terrain\n|move|p1a: Diablo|Spirit Break|p2a: Marshadow\n|-supereffective|p2a: Marshadow\n|-crit|p2a: Marshadow\n|-damage|p2a: Marshadow|0 fnt\n|faint|p2a: Marshadow\n|\n|-heal|p1b: Wrath|81\/100|[from] item: Leftovers\n|upkeep\n|inactive|Paldea Athens 420 has 120 seconds left.\n|\n|t:|1696801277\n|switch|p2a: Ogerpon|Ogerpon-Hearthflame, F|100\/100\n|-ability|p2a: Ogerpon|Mold Breaker\n|turn|3\n|\n|t:|1696801294\n|-terastallize|p2a: Ogerpon|Fire\n|detailschange|p2a: Ogerpon|Ogerpon-Hearthflame-Tera, F, tera:Fire\n|-ability|p2a: Ogerpon|Embody Aspect (Hearthflame)|boost\n|-boost|p2a: Ogerpon|atk|1\n|move|p1a: Diablo|Parting Shot|p2a: Ogerpon\n|-unboost|p2a: Ogerpon|atk|1\n|-unboost|p2a: Ogerpon|spa|1\n|\n|t:|1696801303\n|switch|p1a: Solstice|Volcarona, F|100\/100|[from] Parting Shot\n|move|p2b: Chien-Pao|Sacred Sword|p1a: Solstice\n|-resisted|p1a: Solstice\n|-damage|p1a: Solstice|83\/100\n|-status|p2b: Chien-Pao|brn|[from] ability: Flame Body|[of] p1a: Solstice\n|move|p2a: Ogerpon|Ivy Cudgel|p1b: Wrath\n|-damage|p1b: Wrath|20\/100\n|move|p1b: Wrath|Gunk Shot|p2a: Ogerpon\n|-damage|p2a: Ogerpon|0 fnt\n|faint|p2a: Ogerpon\n|\n|-heal|p1b: Wrath|26\/100|[from] item: Leftovers\n|-damage|p2b: Chien-Pao|95\/100 brn|[from] brn\n|upkeep\n|\n|t:|1696801318\n|switch|p2a: Charizard|Charizard, M|100\/100\n|turn|4\n|\n|t:|1696801326\n|detailschange|p2a: Charizard|Charizard-Mega-Y, M\n|-mega|p2a: Charizard|Charizard|Charizardite Y\n|-weather|SunnyDay|[from] ability: Drought|[of] p2a: Charizard\n|-terastallize|p1a: Solstice|Water\n|move|p2b: Chien-Pao|Ice Spinner|p1a: Solstice\n|-resisted|p1a: Solstice\n|-damage|p1a: Solstice|72\/100\n|move|p2a: Charizard|Heat Wave|p1a: Solstice|[spread] p1a,p1b\n|-resisted|p1a: Solstice\n|-damage|p1a: Solstice|40\/100\n|-damage|p1b: Wrath|0 fnt\n|faint|p1b: Wrath\n|move|p1a: Solstice|Quiver Dance|p1a: Solstice\n|-boost|p1a: Solstice|spa|1\n|-boost|p1a: Solstice|spd|1\n|-boost|p1a: Solstice|spe|1\n|\n|-weather|SunnyDay|[upkeep]\n|-damage|p2b: Chien-Pao|89\/100 brn|[from] brn\n|upkeep\n|\n|t:|1696801340\n|switch|p1b: Bongo|Rillaboom, M|15\/100\n|-fieldstart|move: Grassy Terrain|[from] ability: Grassy Surge|[of] p1b: Bongo\n|turn|5\n|\n|t:|1696801346\n|move|p2a: Charizard|Protect|p2a: Charizard\n|-singleturn|p2a: Charizard|Protect\n|move|p1b: Bongo|Fake Out|p2b: Chien-Pao\n|-crit|p2b: Chien-Pao\n|-damage|p2b: Chien-Pao|60\/100 brn\n|move|p1a: Solstice|Hidden Power|p2a: Charizard\n|-activate|p2a: Charizard|move: Protect\n|cant|p2b: Chien-Pao|flinch\n|\n|-weather|SunnyDay|[upkeep]\n|-heal|p1a: Solstice|46\/100|[from] Grassy Terrain\n|-heal|p2b: Chien-Pao|66\/100 brn|[from] Grassy Terrain\n|-heal|p1b: Bongo|21\/100|[from] Grassy Terrain\n|-damage|p2b: Chien-Pao|60\/100 brn|[from] brn\n|upkeep\n|turn|6\n|\n|t:|1696801358\n|switch|p1b: Soulsplitter|Ceruledge, M|100\/100\n|move|p1a: Solstice|Hidden Power|p2a: Charizard\n|-supereffective|p2a: Charizard\n|-damage|p2a: Charizard|0 fnt\n|faint|p2a: Charizard\n|move|p2b: Chien-Pao|Ice Spinner|p1b: Soulsplitter\n|-resisted|p1b: Soulsplitter\n|-damage|p1b: Soulsplitter|90\/100\n|-fieldend|move: Grassy Terrain\n|\n|-weather|SunnyDay|[upkeep]\n|-damage|p2b: Chien-Pao|54\/100 brn|[from] brn\n|upkeep\n|l|\u203dPaldea Athens 420\n|inactive|Paldea Athens 420 disconnected and has a minute to reconnect!\n|player|p2|\n|j|\u203dPaldea Athens 420\n|inactive|Paldea Athens 420 reconnected and has 130 seconds left.\n|player|p2|Paldea Athens 420|fantina\n|n|\u203dPaldea Athens 420|paldeaathens420\n|n|\u203dPaldea Athens 420|paldeaathens420\n|n|\u203dPaldea Athens 420|paldeaathens420\n|n|\u203dPaldea Athens 420|paldeaathens420\n|n|\u203dPaldea Athens 420|paldeaathens420\n|n|\u203dPaldea Athens 420|paldeaathens420\n|n|\u203dPaldea Athens 420|paldeaathens420\n|n|\u203dPaldea Athens 420|paldeaathens420\n|n|\u203dPaldea Athens 420|paldeaathens420\n|n|\u203dPaldea Athens 420|paldeaathens420\n|n|\u203dPaldea Athens 420|paldeaathens420\n|n|\u203dPaldea Athens 420|paldeaathens420\n|n|\u203dPaldea Athens 420|paldeaathens420\n|n|\u203dPaldea Athens 420|paldeaathens420\n|n|\u203dPaldea Athens 420|paldeaathens420\n|\n|t:|1696801382\n|switch|p2a: Kingambit|Kingambit, M|100\/100\n|turn|7\n|\n|t:|1696801391\n|move|p2a: Kingambit|Protect|p2a: Kingambit\n|-singleturn|p2a: Kingambit|Protect\n|move|p1a: Solstice|Heat Wave|p2b: Chien-Pao|[spread] p2b\n|-activate|p2a: Kingambit|move: Protect\n|-supereffective|p2b: Chien-Pao\n|-damage|p2b: Chien-Pao|0 fnt\n|faint|p2b: Chien-Pao\n|move|p1b: Soulsplitter|Bitter Blade|p2a: Kingambit\n|-activate|p2a: Kingambit|move: Protect\n|\n|-weather|SunnyDay|[upkeep]\n|upkeep\n|\n|t:|1696801397\n|switch|p2b: Tornadus|Tornadus, M|100\/100\n|turn|8\n|\n|t:|1696801403\n|move|p2a: Kingambit|Sucker Punch|p1a: Solstice\n|-damage|p1a: Solstice|14\/100\n|-status|p2a: Kingambit|brn|[from] ability: Flame Body|[of] p1a: Solstice\n|move|p1a: Solstice|Heat Wave|p2b: Tornadus|[spread] p2a,p2b\n|-supereffective|p2a: Kingambit\n|-damage|p2a: Kingambit|0 fnt\n|-damage|p2b: Tornadus|31\/100\n|faint|p2a: Kingambit\n|move|p2b: Tornadus|Bleakwind Storm|p1a: Solstice|[spread] p1a,p1b\n|-damage|p1a: Solstice|0 fnt\n|-damage|p1b: Soulsplitter|58\/100\n|faint|p1a: Solstice\n|move|p1b: Soulsplitter|Bitter Blade|p2b: Tornadus\n|-damage|p2b: Tornadus|0 fnt\n|-heal|p1b: Soulsplitter|75\/100|[from] drain|[of] p2b: Tornadus\n|faint|p2b: Tornadus\n|\n|win|Toxic Ariados\n|raw|Toxic Ariados's rating: 1514 &rarr; <strong>1544<\/strong><br \/>(+30 for winning)\n|raw|Paldea Athens 420's rating: 1703 &rarr; <strong>1673<\/strong><br \/>(-30 for losing)\n|c|\u2606Toxic Ariados|gg\n","uploadtime":1696801410,"views":21,"p1id":"toxicariados","p2id":"paldeaathens420","formatid":"gen9nationaldexdoubles","rating":1544,"private":0,"password":""}