{"id":"gen9nationaldexdoubles-1963719805","p1":"Potetozrgud","p2":"Voadera","format":"[Gen 9] National Dex Doubles","log":"|j|\u2606Potetozrgud\n|j|\u2606Voadera\n|t:|1696893188\n|gametype|doubles\n|player|p1|Potetozrgud|steven|1000\n|player|p2|Voadera|dancer|1024\n|teamsize|p1|6\n|teamsize|p2|6\n|gen|9\n|tier|[Gen 9] National Dex Doubles\n|rated|\n|rule|HP Percentage Mod: HP is shown in percentages\n|rule|Endless Battle Clause: Forcing endless battles is banned\n|rule|OHKO Clause: OHKO moves are banned\n|rule|Evasion Moves Clause: Evasion moves are banned\n|rule|Evasion Abilities Clause: Evasion abilities are banned\n|rule|Species Clause: Limit one of each Pok\u00e9mon\n|rule|Gravity Sleep Clause: The combination of sleep-inducing moves with imperfect accuracy and Gravity or Gigantamax Orbeetle are banned\n|clearpoke\n|poke|p1|Kangaskhan, F|\n|poke|p1|Bisharp, M|\n|poke|p1|Amoonguss, M|\n|poke|p1|Thundurus, M|\n|poke|p1|Landorus-Therian, M|\n|poke|p1|Keldeo-Resolute|\n|poke|p2|Scizor, F|\n|poke|p2|Meowscarada, M|\n|poke|p2|Espeon, M|\n|poke|p2|Infernape, M|\n|poke|p2|Noivern, F|\n|poke|p2|Primarina, F|\n|teampreview\n|inactive|Battle timer is ON: inactive players will automatically lose when time's up. (requested by Voadera)\n|c|\u2606Potetozrgud|this is my first tim eplaying doubles LMAO\n|c|\u2606Potetozrgud|so please tell me if i made a bad move or something\n|inactive|Potetozrgud has 120 seconds left.\n|\n|t:|1696893226\n|start\n|switch|p1a: Thundurus|Thundurus, M|100\/100\n|switch|p1b: Kangaskhan|Kangaskhan, F|100\/100\n|switch|p2a: Meowscarada|Meowscarada, M|100\/100\n|switch|p2b: Primarina|Primarina, F|100\/100\n|turn|1\n|\n|t:|1696893249\n|switch|p2a: Scizor|Scizor, F|100\/100\n|detailschange|p1b: Kangaskhan|Kangaskhan-Mega, F\n|-mega|p1b: Kangaskhan|Kangaskhan|Kangaskhanite\n|move|p1b: Kangaskhan|Fake Out|p2b: Primarina\n|-damage|p2b: Primarina|72\/100\n|-crit|p2b: Primarina\n|-damage|p2b: Primarina|62\/100\n|-hitcount|p2b: Primarina|2\n|move|p1a: Thundurus|Thunder Wave|p2a: Scizor\n|-status|p2a: Scizor|par\n|cant|p2b: Primarina|flinch\n|\n|upkeep\n|turn|2\n|\n|t:|1696893276\n|detailschange|p2a: Scizor|Scizor-Mega, F\n|-mega|p2a: Scizor|Scizor|Scizorite\n|move|p1a: Thundurus|Taunt|p2a: Scizor\n|-start|p2a: Scizor|move: Taunt\n|move|p1b: Kangaskhan|Return|p2b: Primarina\n|-damage|p2b: Primarina|0 fnt\n|faint|p2b: Primarina\n|-hitcount|p2: Primarina|1\n|cant|p2a: Scizor|move: Taunt|Swords Dance\n|\n|upkeep\n|\n|t:|1696893291\n|switch|p2b: Meowscarada|Meowscarada, M|100\/100\n|turn|3\n|\n|t:|1696893306\n|switch|p1b: Amoonguss|Amoonguss, M|100\/100\n|move|p1a: Thundurus|Thunder Wave|p2b: Meowscarada\n|-hint|Since gen 7, Dark is immune to Prankster moves.\n|-immune|p2b: Meowscarada\n|cant|p2a: Scizor|par\n|move|p2b: Meowscarada|Knock Off|p1a: Thundurus\n|-start|p2b: Meowscarada|typechange|Dark|[from] ability: Protean\n|-damage|p1a: Thundurus|34\/100\n|-enditem|p1a: Thundurus|Sitrus Berry|[from] move: Knock Off|[of] p2b: Meowscarada\n|-damage|p2b: Meowscarada|91\/100|[from] item: Life Orb\n|\n|upkeep\n|turn|4\n|\n|t:|1696893333\n|switch|p1a: Landorus|Landorus-Therian, M|100\/100\n|-ability|p1a: Landorus|Intimidate|boost\n|-unboost|p2a: Scizor|atk|1\n|-unboost|p2b: Meowscarada|atk|1\n|move|p2b: Meowscarada|Knock Off|p1a: Landorus\n|-damage|p1a: Landorus|59\/100\n|-enditem|p1a: Landorus|Choice Scarf|[from] move: Knock Off|[of] p2b: Meowscarada\n|-damage|p2b: Meowscarada|81\/100|[from] item: Life Orb\n|cant|p2a: Scizor|par\n|move|p1b: Amoonguss|Spore|p2b: Meowscarada\n|-status|p2b: Meowscarada|slp|[from] move: Spore\n|\n|-end|p2a: Scizor|move: Taunt\n|upkeep\n|turn|5\n|inactive|Voadera has 120 seconds left.\n|\n|t:|1696893374\n|move|p1b: Amoonguss|Protect|p1b: Amoonguss\n|-singleturn|p1b: Amoonguss|Protect\n|cant|p2b: Meowscarada|slp\n|move|p1a: Landorus|Earthquake|p2a: Scizor|[spread] p2a,p2b\n|-activate|p1b: Amoonguss|move: Protect\n|-damage|p2a: Scizor|64\/100 par\n|-damage|p2b: Meowscarada|10\/100 slp\n|cant|p2a: Scizor|par\n|\n|upkeep\n|turn|6\n|\n|t:|1696893389\n|cant|p2b: Meowscarada|slp\n|move|p1a: Landorus|Earthquake|p2b: Meowscarada|[spread] p1b,p2a,p2b\n|-damage|p1b: Amoonguss|59\/100\n|-damage|p2a: Scizor|31\/100 par\n|-damage|p2b: Meowscarada|0 fnt\n|faint|p2b: Meowscarada\n|cant|p2a: Scizor|par\n|move|p1b: Amoonguss|Giga Drain|p2a: Scizor\n|-resisted|p2a: Scizor\n|-damage|p2a: Scizor|24\/100 par\n|-heal|p1b: Amoonguss|61\/100|[from] drain|[of] p2a: Scizor\n|\n|upkeep\n|\n|t:|1696893399\n|switch|p2b: Noivern|Noivern, F|100\/100\n|turn|7\n|\n|t:|1696893408\n|move|p1b: Amoonguss|Protect|p1b: Amoonguss\n|-singleturn|p1b: Amoonguss|Protect\n|move|p2b: Noivern|Heat Wave|p1a: Landorus|[spread] \n|-activate|p1b: Amoonguss|move: Protect\n|-miss|p2b: Noivern|p1a: Landorus\n|move|p1a: Landorus|Stone Edge|p2b: Noivern|[miss]\n|-miss|p1a: Landorus|p2b: Noivern\n|move|p2a: Scizor|Swords Dance|p2a: Scizor\n|-boost|p2a: Scizor|atk|2\n|\n|upkeep\n|turn|8\n|inactive|Voadera has 120 seconds left.\n|\n|t:|1696893441\n|move|p2a: Scizor|Bullet Punch|p1a: Landorus\n|-damage|p1a: Landorus|0 fnt\n|faint|p1a: Landorus\n|move|p2b: Noivern|Heat Wave|p1b: Amoonguss|[miss]\n|-miss|p2b: Noivern|p1b: Amoonguss\n|move|p1b: Amoonguss|Spore|p2b: Noivern\n|-status|p2b: Noivern|slp|[from] move: Spore\n|\n|upkeep\n|\n|t:|1696893453\n|switch|p1a: Kangaskhan|Kangaskhan-Mega, F|100\/100\n|turn|9\n|\n|t:|1696893460\n|switch|p1b: Keldeo|Keldeo-Resolute|100\/100\n|move|p1a: Kangaskhan|Fake Out|p2a: Scizor\n|-resisted|p2a: Scizor\n|-damage|p2a: Scizor|16\/100 par\n|-resisted|p2a: Scizor\n|-damage|p2a: Scizor|14\/100 par\n|-hitcount|p2a: Scizor|2\n|cant|p2a: Scizor|flinch\n|cant|p2b: Noivern|slp\n|\n|upkeep\n|turn|10\n|\n|t:|1696893483\n|move|p1b: Keldeo|Quick Guard|p1b: Keldeo\n|-singleturn|p1b: Keldeo|Quick Guard\n|move|p2a: Scizor|Bullet Punch|p1a: Kangaskhan\n|-activate|p1a: Kangaskhan|move: Quick Guard\n|-curestatus|p2b: Noivern|slp|[msg]\n|move|p2b: Noivern|Psychic|p1b: Keldeo\n|-supereffective|p1b: Keldeo\n|-damage|p1b: Keldeo|35\/100\n|move|p1a: Kangaskhan|Return|p2b: Noivern\n|-damage|p2b: Noivern|32\/100\n|-damage|p2b: Noivern|13\/100\n|-hitcount|p2b: Noivern|2\n|\n|upkeep\n|turn|11\n|\n|t:|1696893498\n|move|p1a: Kangaskhan|Sucker Punch||[still]\n|-fail|p1a: Kangaskhan\n|cant|p2a: Scizor|par\n|move|p2b: Noivern|Tailwind|p2b: Noivern\n|-sidestart|p2: Voadera|move: Tailwind\n|move|p1b: Keldeo|Secret Sword|p2a: Scizor\n|-damage|p2a: Scizor|0 fnt\n|faint|p2a: Scizor\n|-damage|p1b: Keldeo|25\/100|[from] item: Life Orb\n|\n|upkeep\n|\n|t:|1696893506\n|switch|p2a: Espeon|Espeon, M|100\/100\n|turn|12\n|\n|t:|1696893515\n|switch|p2b: Infernape|Infernape, M|100\/100\n|move|p1b: Keldeo|Protect|p1b: Keldeo\n|-singleturn|p1b: Keldeo|Protect\n|move|p1a: Kangaskhan|Sucker Punch||[still]\n|-fail|p1a: Kangaskhan\n|move|p2a: Espeon|Psychic|p1b: Keldeo\n|-activate|p1b: Keldeo|move: Protect\n|\n|upkeep\n|turn|13\n|\n|t:|1696893544\n|switch|p1b: Bisharp|Bisharp, M|100\/100\n|-terastallize|p2b: Infernape|Electric\n|move|p2a: Espeon|Psychic|p1b: Bisharp\n|-immune|p1b: Bisharp\n|move|p2b: Infernape|Swords Dance|p2b: Infernape\n|-boost|p2b: Infernape|atk|2\n|move|p1a: Kangaskhan|Return|p2b: Infernape\n|-damage|p2b: Infernape|20\/100\n|-damage|p2b: Infernape|0 fnt\n|faint|p2b: Infernape\n|-hitcount|p2: Infernape|2\n|\n|upkeep\n|inactive|Voadera has 120 seconds left.\n|-message|Voadera forfeited.\n|\n|win|Potetozrgud\n|raw|Potetozrgud's rating: 1000 &rarr; <strong>1043<\/strong><br \/>(+43 for winning)\n|raw|Voadera's rating: 1024 &rarr; <strong>1009<\/strong><br \/>(-15 for losing)\n|l|\u2606Voadera\n","uploadtime":1696893582,"views":7,"p1id":"potetozrgud","p2id":"voadera","formatid":"gen9nationaldexdoubles","rating":1009,"private":0,"password":""}