{"id":"gen9nationaldexdoubles-1968218180","p1":"SquidSpring","p2":"Slash Death","format":"[Gen 9] National Dex Doubles","log":"|j|\u2606SquidSpring\n|j|\u2606Slash Death\n|t:|1697395940\n|gametype|doubles\n|player|p1|SquidSpring|iono|\n|player|p2|Slash Death|unknown|\n|teamsize|p1|6\n|teamsize|p2|6\n|gen|9\n|tier|[Gen 9] National Dex Doubles\n|rated|Tournament battle\n|rule|HP Percentage Mod: HP is shown in percentages\n|rule|Endless Battle Clause: Forcing endless battles is banned\n|rule|OHKO Clause: OHKO moves are banned\n|rule|Evasion Moves Clause: Evasion moves are banned\n|rule|Evasion Abilities Clause: Evasion abilities are banned\n|rule|Species Clause: Limit one of each Pok\u00e9mon\n|rule|Gravity Sleep Clause: The combination of sleep-inducing moves with imperfect accuracy and Gravity or Gigantamax Orbeetle are banned\n|clearpoke\n|poke|p1|Salamence, M|\n|poke|p1|Rillaboom, F|\n|poke|p1|Iron Hands|\n|poke|p1|Zygarde|\n|poke|p1|Jirachi|\n|poke|p1|Tapu Fini|\n|poke|p2|Cresselia, F|\n|poke|p2|Ursaluna, F|\n|poke|p2|Diancie|\n|poke|p2|Sinistcha|\n|poke|p2|Kingambit, M|\n|poke|p2|Iron Hands|\n|teampreview\n|inactive|Battle timer is ON: inactive players will automatically lose when time's up. (requested by SquidSpring)\n|c|\u2606SquidSpring|glhf\n|inactive|SquidSpring has 120 seconds left.\n|\n|t:|1697395991\n|start\n|switch|p1a: THAT GUY|Zygarde, shiny|100\/100\n|switch|p1b: HANDREW TATE|Iron Hands, shiny|100\/100\n|switch|p2a: Cresselia|Cresselia, F|100\/100\n|switch|p2b: Kingambit|Kingambit, M|100\/100\n|-ability|p1a: THAT GUY|Aura Break\n|turn|1\n|\n|t:|1697396006\n|switch|p2b: Sinistcha|Sinistcha|100\/100\n|move|p1b: HANDREW TATE|Fake Out|p2a: Cresselia\n|-damage|p2a: Cresselia|93\/100\n|move|p1a: THAT GUY|Dragon Dance|p1a: THAT GUY\n|-boost|p1a: THAT GUY|atk|1\n|-boost|p1a: THAT GUY|spe|1\n|move|p2a: Cresselia|Trick Room|p2a: Cresselia\n|-fieldstart|move: Trick Room|[of] p2a: Cresselia\n|\n|upkeep\n|turn|2\n|\n|t:|1697396026\n|-end|p1b: HANDREW TATE|Quark Drive|[silent]\n|switch|p1b: WILLRO|Jirachi|100\/100\n|switch|p1a: FRENCHIE|Salamence, M, shiny|100\/100\n|-ability|p1a: FRENCHIE|Intimidate|boost\n|-unboost|p2a: Cresselia|atk|1\n|-unboost|p2b: Sinistcha|atk|1\n|move|p2a: Cresselia|Dazzling Gleam|p1a: FRENCHIE|[spread] p1a,p1b\n|-supereffective|p1a: FRENCHIE\n|-resisted|p1b: WILLRO\n|-damage|p1a: FRENCHIE|71\/100\n|-damage|p1b: WILLRO|97\/100\n|move|p2b: Sinistcha|Calm Mind|p2b: Sinistcha\n|-boost|p2b: Sinistcha|spa|1\n|-boost|p2b: Sinistcha|spd|1\n|\n|upkeep\n|turn|3\n|\n|t:|1697396043\n|detailschange|p1a: FRENCHIE|Salamence-Mega, M, shiny\n|-mega|p1a: FRENCHIE|Salamence|Salamencite\n|move|p1a: FRENCHIE|Protect|p1a: FRENCHIE\n|-singleturn|p1a: FRENCHIE|Protect\n|move|p2a: Cresselia|Dazzling Gleam|p1a: FRENCHIE|[spread] p1b\n|-activate|p1a: FRENCHIE|move: Protect\n|-resisted|p1b: WILLRO\n|-damage|p1b: WILLRO|94\/100\n|move|p2b: Sinistcha|Shadow Ball|p1a: FRENCHIE\n|-activate|p1a: FRENCHIE|move: Protect\n|move|p1b: WILLRO|Trick Room|p1b: WILLRO\n|-fieldend|move: Trick Room\n|\n|upkeep\n|turn|4\n|\n|t:|1697396060\n|move|p2a: Cresselia|Ally Switch|p2a: Cresselia\n|swap|p2a: Cresselia|1|[from] move: Ally Switch\n|move|p1a: FRENCHIE|Frustration|p2b: Cresselia\n|-damage|p2b: Cresselia|60\/100\n|move|p1b: WILLRO|Life Dew|p1b: WILLRO|[spread] p1a,p1b\n|-heal|p1a: FRENCHIE|96\/100\n|-heal|p1b: WILLRO|100\/100\n|move|p2a: Sinistcha|Shadow Ball|p1a: FRENCHIE\n|-damage|p1a: FRENCHIE|38\/100\n|\n|upkeep\n|turn|5\n|j| Daepiquejt\n|\n|t:|1697396080\n|switch|p2a: Kingambit|Kingambit, M|100\/100\n|move|p1a: FRENCHIE|Frustration|p2a: Kingambit\n|-resisted|p2a: Kingambit\n|-damage|p2a: Kingambit|76\/100\n|move|p1b: WILLRO|Trick Room|p1b: WILLRO\n|-fieldstart|move: Trick Room|[of] p1b: WILLRO\n|move|p2b: Cresselia|Trick Room|p2b: Cresselia\n|-fieldend|move: Trick Room\n|\n|-heal|p2a: Kingambit|82\/100|[from] item: Leftovers\n|upkeep\n|turn|6\n|\n|t:|1697396108\n|switch|p1a: HANDREW TATE|Iron Hands, shiny|100\/100\n|switch|p1b: BA DUM TISS|Rillaboom, F, shiny|100\/100\n|-fieldstart|move: Grassy Terrain|[from] ability: Grassy Surge|[of] p1b: BA DUM TISS\n|move|p2b: Cresselia|Lunar Blessing|p2b: Cresselia|[spread] p2a,p2b\n|-heal|p2a: Kingambit|100\/100\n|-heal|p2b: Cresselia|85\/100\n|move|p2a: Kingambit|Swords Dance|p2a: Kingambit\n|-boost|p2a: Kingambit|atk|2\n|\n|upkeep\n|turn|7\n|j| MasterPangolin\n|\n|t:|1697396126\n|-terastallize|p2a: Kingambit|Fairy\n|move|p1b: BA DUM TISS|U-turn|p2a: Kingambit\n|-resisted|p2a: Kingambit\n|-crit|p2a: Kingambit\n|-damage|p2a: Kingambit|89\/100\n|\n|t:|1697396132\n|switch|p1b: WILLRO|Jirachi|100\/100|[from] U-turn\n|move|p1a: HANDREW TATE|Drain Punch|p2b: Cresselia\n|-resisted|p2b: Cresselia\n|-damage|p2b: Cresselia|72\/100\n|move|p2a: Kingambit|Tera Blast|p1a: HANDREW TATE|[anim] Tera Blast Fairy\n|-supereffective|p1a: HANDREW TATE\n|-damage|p1a: HANDREW TATE|0 fnt\n|faint|p1a: HANDREW TATE\n|-end|p1a: HANDREW TATE|Quark Drive|[silent]\n|move|p2b: Cresselia|Trick Room|p2b: Cresselia\n|-fieldstart|move: Trick Room|[of] p2b: Cresselia\n|\n|-heal|p2a: Kingambit|95\/100|[from] Grassy Terrain\n|-heal|p2a: Kingambit|100\/100|[from] item: Leftovers\n|upkeep\n|\n|t:|1697396146\n|switch|p1a: LIGHTNING MCQUEEN|Tapu Fini, shiny|100\/100\n|-fieldstart|move: Misty Terrain|[from] ability: Misty Surge|[of] p1a: LIGHTNING MCQUEEN\n|turn|8\n|\n|t:|1697396166\n|move|p2b: Cresselia|Ally Switch|p2b: Cresselia\n|swap|p2b: Cresselia|0|[from] move: Ally Switch\n|move|p2b: Kingambit|Tera Blast|p1a: LIGHTNING MCQUEEN|[anim] Tera Blast Fairy\n|-damage|p1a: LIGHTNING MCQUEEN|0 fnt\n|faint|p1a: LIGHTNING MCQUEEN\n|move|p1b: WILLRO|Trick Room|p1b: WILLRO\n|-fieldend|move: Trick Room\n|\n|upkeep\n|\n|t:|1697396172\n|switch|p1a: FRENCHIE|Salamence-Mega, M, shiny|38\/100\n|turn|9\n|\n|t:|1697396183\n|move|p1a: FRENCHIE|Tailwind|p1a: FRENCHIE\n|-sidestart|p1: SquidSpring|move: Tailwind\n|move|p1b: WILLRO|Iron Head|p2b: Kingambit\n|-supereffective|p2b: Kingambit\n|-damage|p2b: Kingambit|62\/100\n|move|p2a: Cresselia|Lunar Blessing|p2a: Cresselia|[spread] p2a,p2b\n|-heal|p2a: Cresselia|97\/100\n|-heal|p2b: Kingambit|87\/100\n|move|p2b: Kingambit|Swords Dance|p2b: Kingambit\n|-boost|p2b: Kingambit|atk|2\n|\n|-heal|p2b: Kingambit|93\/100|[from] item: Leftovers\n|upkeep\n|turn|10\n|\n|t:|1697396198\n|move|p1a: FRENCHIE|Protect|p1a: FRENCHIE\n|-singleturn|p1a: FRENCHIE|Protect\n|move|p2b: Kingambit|Sucker Punch|p1b: WILLRO\n|-supereffective|p1b: WILLRO\n|-damage|p1b: WILLRO|0 fnt\n|faint|p1b: WILLRO\n|move|p2a: Cresselia|Lunar Blessing|p2a: Cresselia|[spread] p2a,p2b\n|-heal|p2a: Cresselia|100\/100\n|-heal|p2b: Kingambit|100\/100\n|\n|upkeep\n|\n|t:|1697396203\n|switch|p1b: THAT GUY|Zygarde, shiny|100\/100\n|-ability|p1b: THAT GUY|Aura Break\n|turn|11\n|\n|t:|1697396207\n|move|p1a: FRENCHIE|Frustration|p2a: Cresselia\n|-damage|p2a: Cresselia|65\/100\n|move|p1b: THAT GUY|Thousand Arrows|p2a: Cresselia|[spread] p2a,p2b\n|-damage|p2a: Cresselia|50\/100\n|-damage|p2b: Kingambit|79\/100\n|-start|p2a: Cresselia|Smack Down\n|move|p2a: Cresselia|Dazzling Gleam|p1a: FRENCHIE|[spread] p1a,p1b\n|-supereffective|p1a: FRENCHIE\n|-supereffective|p1b: THAT GUY\n|-damage|p1a: FRENCHIE|12\/100\n|-damage|p1b: THAT GUY|79\/100\n|move|p2b: Kingambit|Tera Blast|p1b: THAT GUY|[anim] Tera Blast Fairy\n|-supereffective|p1b: THAT GUY\n|-damage|p1b: THAT GUY|0 fnt\n|faint|p1b: THAT GUY\n|\n|-heal|p2b: Kingambit|85\/100|[from] item: Leftovers\n|upkeep\n|\n|t:|1697396214\n|switch|p1b: BA DUM TISS|Rillaboom, F, shiny|100\/100\n|-fieldstart|move: Grassy Terrain|[from] ability: Grassy Surge|[of] p1b: BA DUM TISS\n|turn|12\n|\n|t:|1697396221\n|move|p1b: BA DUM TISS|Fake Out|p2b: Kingambit\n|-crit|p2b: Kingambit\n|-damage|p2b: Kingambit|70\/100\n|move|p1a: FRENCHIE|Frustration|p2a: Cresselia\n|-damage|p2a: Cresselia|14\/100\n|move|p2a: Cresselia|Lunar Blessing|p2a: Cresselia|[spread] p2a,p2b\n|-heal|p2a: Cresselia|39\/100\n|-heal|p2b: Kingambit|95\/100\n|cant|p2b: Kingambit|flinch\n|\n|-heal|p2a: Cresselia|45\/100|[from] Grassy Terrain\n|-heal|p2b: Kingambit|100\/100|[from] Grassy Terrain\n|-sideend|p1: SquidSpring|move: Tailwind\n|upkeep\n|turn|13\n|\n|t:|1697396232\n|move|p1b: BA DUM TISS|Grassy Glide|p2b: Kingambit\n|-damage|p2b: Kingambit|74\/100\n|move|p1a: FRENCHIE|Frustration|p2a: Cresselia\n|-damage|p2a: Cresselia|12\/100\n|move|p2a: Cresselia|Lunar Blessing|p2a: Cresselia|[spread] p2a,p2b\n|-heal|p2a: Cresselia|37\/100\n|-heal|p2b: Kingambit|99\/100\n|move|p2b: Kingambit|Tera Blast|p1b: BA DUM TISS|[anim] Tera Blast Fairy\n|-damage|p1b: BA DUM TISS|0 fnt\n|faint|p1b: BA DUM TISS\n|\n|-heal|p2a: Cresselia|44\/100|[from] Grassy Terrain\n|-heal|p2b: Kingambit|100\/100|[from] Grassy Terrain\n|upkeep\n|turn|14\n|\n|t:|1697396242\n|move|p1a: FRENCHIE|Hyper Voice|p2a: Cresselia|[spread] p2a,p2b\n|-damage|p2a: Cresselia|21\/100\n|-damage|p2b: Kingambit|68\/100\n|move|p2a: Cresselia|Dazzling Gleam|p1a: FRENCHIE\n|-supereffective|p1a: FRENCHIE\n|-damage|p1a: FRENCHIE|0 fnt\n|faint|p1a: FRENCHIE\n|\n|win|Slash Death\n|n|\u2606SquidSpring|squidspring\n|n|\u2606Slash Death|slashdeath\n|n| Daepiquejt|daepiquejt\n|n| MasterPangolin|masterpangolin\n","uploadtime":1697396243,"views":12,"p1id":"squidspring","p2id":"slashdeath","formatid":"gen9nationaldexdoubles","rating":0,"private":0,"password":""}