{"id":"gen9nationaldexdoubles-1962324628","p1":"impastabot4000","p2":"MirzaMirzaMirza","format":"[Gen 9] National Dex Doubles","log":"|j|\u2606impastabot4000\n|j|\u2606MirzaMirzaMirza\n|t:|1696731388\n|gametype|doubles\n|player|p1|impastabot4000|nate|1392\n|player|p2|MirzaMirzaMirza|169|1272\n|teamsize|p1|6\n|teamsize|p2|6\n|gen|9\n|tier|[Gen 9] National Dex Doubles\n|rated|\n|rule|HP Percentage Mod: HP is shown in percentages\n|rule|Endless Battle Clause: Forcing endless battles is banned\n|rule|OHKO Clause: OHKO moves are banned\n|rule|Evasion Moves Clause: Evasion moves are banned\n|rule|Evasion Abilities Clause: Evasion abilities are banned\n|rule|Species Clause: Limit one of each Pok\u00e9mon\n|rule|Gravity Sleep Clause: The combination of sleep-inducing moves with imperfect accuracy and Gravity or Gigantamax Orbeetle are banned\n|clearpoke\n|poke|p1|Salamence, M|\n|poke|p1|Flutter Mane|\n|poke|p1|Rillaboom, M|\n|poke|p1|Ogerpon-Wellspring, F|\n|poke|p1|Ursaluna-Bloodmoon, M|\n|poke|p1|Cresselia, F|\n|poke|p2|Volcarona, M|\n|poke|p2|Smeargle, M|\n|poke|p2|Tapu Lele|\n|poke|p2|Tapu Fini|\n|poke|p2|Suicune|\n|poke|p2|Chien-Pao|\n|teampreview\n|inactive|Battle timer is ON: inactive players will automatically lose when time's up. (requested by impastabot4000)\n|inactive|MirzaMirzaMirza also wants the timer to be on.\n|c|\u2606impastabot4000|the legend\n|j| wkx3333\n|c|\u2606impastabot4000|i might have a bad matchup tho lol\n|inactive|impastabot4000 has 120 seconds left.\n|inactive|MirzaMirzaMirza has 120 seconds left.\n|inactive|impastabot4000 has 90 seconds left.\n|inactive|MirzaMirzaMirza has 90 seconds left.\n|c|\u2606MirzaMirzaMirza|no no my team is actually very fragile\n|inactive|impastabot4000 has 60 seconds left.\n|\n|t:|1696731481\n|start\n|switch|p1a: Flutter Mane|Flutter Mane|100\/100\n|switch|p1b: Rillaboom|Rillaboom, M|100\/100\n|switch|p2a: Miami Terror|Volcarona, M|100\/100\n|switch|p2b: Bobby Lee|Smeargle, M|100\/100\n|-fieldstart|move: Grassy Terrain|[from] ability: Grassy Surge|[of] p1b: Rillaboom\n|turn|1\n|c|\u2606impastabot4000|i guess we'll see haha\n|inactive|impastabot4000 has 120 seconds left.\n|c|\u2606impastabot4000|this is the first time i'm using this archetype xD\n|\n|t:|1696731526\n|-terastallize|p1b: Rillaboom|Fire\n|move|p2b: Bobby Lee|King's Shield|p2b: Bobby Lee\n|-singleturn|p2b: Bobby Lee|Protect\n|move|p2a: Miami Terror|Protect|p2a: Miami Terror\n|-singleturn|p2a: Miami Terror|Protect\n|move|p1b: Rillaboom|Fake Out|p2a: Miami Terror\n|-activate|p2a: Miami Terror|move: Protect\n|move|p1a: Flutter Mane|Icy Wind|p2b: Bobby Lee|[spread] \n|-activate|p2a: Miami Terror|move: Protect\n|-activate|p2b: Bobby Lee|move: Protect\n|\n|-ability|p2b: Bobby Lee|Moody|boost\n|-boost|p2b: Bobby Lee|spe|2\n|-unboost|p2b: Bobby Lee|spa|1\n|upkeep\n|turn|2\n|c|\u2606MirzaMirzaMirza|ahh i see\n|inactive|impastabot4000 has 120 seconds left.\n|c|\u2606MirzaMirzaMirza|ursaluna is a problem :(\n|c|\u2606impastabot4000|yeah bloodmoon just got in t3\n|c|\u2606impastabot4000|so i wanted to test tailroom for it\n|\n|t:|1696731560\n|move|p2b: Bobby Lee|Wide Guard|p2b: Bobby Lee\n|-singleturn|p2b: Bobby Lee|Wide Guard\n|move|p1b: Rillaboom|Grassy Glide|p2b: Bobby Lee\n|-damage|p2b: Bobby Lee|15\/100\n|move|p1a: Flutter Mane|Icy Wind|p2a: Miami Terror|[spread] \n|-activate|p2a: Miami Terror|move: Wide Guard\n|-activate|p2b: Bobby Lee|move: Wide Guard\n|move|p2a: Miami Terror|Quiver Dance|p2a: Miami Terror\n|-boost|p2a: Miami Terror|spa|1\n|-boost|p2a: Miami Terror|spd|1\n|-boost|p2a: Miami Terror|spe|1\n|\n|-heal|p2b: Bobby Lee|22\/100|[from] Grassy Terrain\n|-ability|p2b: Bobby Lee|Moody|boost\n|-boost|p2b: Bobby Lee|def|2\n|-unboost|p2b: Bobby Lee|spa|1\n|upkeep\n|turn|3\n|c|\u2606MirzaMirzaMirza|will it be banned?\n|c|\u2606MirzaMirzaMirza|lol\n|\n|t:|1696731579\n|move|p2b: Bobby Lee|Wide Guard|p2b: Bobby Lee\n|-singleturn|p2b: Bobby Lee|Wide Guard\n|move|p1a: Flutter Mane|Icy Wind|p2b: Bobby Lee|[spread] \n|-activate|p2a: Miami Terror|move: Wide Guard\n|-activate|p2b: Bobby Lee|move: Wide Guard\n|move|p2a: Miami Terror|Quiver Dance|p2a: Miami Terror\n|-boost|p2a: Miami Terror|spa|1\n|-boost|p2a: Miami Terror|spd|1\n|-boost|p2a: Miami Terror|spe|1\n|move|p1b: Rillaboom|Tera Blast|p2a: Miami Terror|[anim] Tera Blast Fire\n|-damage|p2a: Miami Terror|64\/100\n|\n|-heal|p2b: Bobby Lee|28\/100|[from] Grassy Terrain\n|-heal|p2a: Miami Terror|71\/100|[from] Grassy Terrain\n|-heal|p2a: Miami Terror|77\/100|[from] item: Leftovers\n|-ability|p2b: Bobby Lee|Moody|boost\n|-boost|p2b: Bobby Lee|atk|2\n|-unboost|p2b: Bobby Lee|spe|1\n|upkeep\n|turn|4\n|inactive|impastabot4000 has 120 seconds left.\n|c|\u2606impastabot4000|it's kinda mid as a whole tbh\n|c|\u2606impastabot4000|people are saying it should be t4\n|\n|t:|1696731611\n|move|p2b: Bobby Lee|Wide Guard|p2b: Bobby Lee\n|-singleturn|p2b: Bobby Lee|Wide Guard\n|move|p1b: Rillaboom|Grassy Glide|p2b: Bobby Lee\n|-damage|p2b: Bobby Lee|0 fnt\n|faint|p2b: Bobby Lee\n|move|p2a: Miami Terror|Heat Wave|p1b: Rillaboom|[spread] p1a,p1b\n|-resisted|p1b: Rillaboom\n|-crit|p1b: Rillaboom\n|-damage|p1a: Flutter Mane|34\/100\n|-damage|p1b: Rillaboom|69\/100\n|move|p1a: Flutter Mane|Icy Wind|p2a: Miami Terror\n|-activate|p2a: Miami Terror|move: Wide Guard\n|\n|-heal|p2a: Miami Terror|83\/100|[from] Grassy Terrain\n|-heal|p2a: Miami Terror|89\/100|[from] item: Leftovers\n|-heal|p1a: Flutter Mane|40\/100|[from] Grassy Terrain\n|-heal|p1b: Rillaboom|75\/100|[from] Grassy Terrain\n|upkeep\n|c|\u2606MirzaMirzaMirza|ahhh so without that one move it is kinda mid? i see\n|inactive|MirzaMirzaMirza has 120 seconds left.\n|\n|t:|1696731630\n|switch|p2b: Phoebe|Tapu Lele|100\/100\n|-fieldstart|move: Psychic Terrain|[from] ability: Psychic Surge|[of] p2b: Phoebe\n|turn|5\n|inactive|impastabot4000 has 120 seconds left.\n|c|\u2606impastabot4000|yeah...cm is like the only way bloodmoon can be good imo\n|c|\u2606impastabot4000|it doesn't do that much without cm\n|\n|t:|1696731658\n|switch|p1b: Cresselia|Cresselia, F|100\/100\n|move|p2a: Miami Terror|Heat Wave|p1b: Cresselia|[spread] p1a,p1b\n|-damage|p1a: Flutter Mane|0 fnt\n|-damage|p1b: Cresselia|64\/100\n|faint|p1a: Flutter Mane\n|-end|p1a: Flutter Mane|Protosynthesis|[silent]\n|move|p2b: Phoebe|Psych Up|p2a: Miami Terror\n|-copyboost|p2b: Phoebe|p2a: Miami Terror|[from] move: Psych Up\n|\n|-heal|p2a: Miami Terror|95\/100|[from] item: Leftovers\n|upkeep\n|\n|t:|1696731670\n|switch|p1a: Ogerpon|Ogerpon-Wellspring, F|100\/100\n|turn|6\n|inactive|impastabot4000 has 120 seconds left.\n|\n|t:|1696731687\n|-terastallize|p2a: Miami Terror|Grass\n|move|p1a: Ogerpon|Spiky Shield|p1a: Ogerpon\n|-singleturn|p1a: Ogerpon|move: Protect\n|move|p2a: Miami Terror|Heat Wave|p1a: Ogerpon|[spread] p1b\n|-activate|p1a: Ogerpon|move: Protect\n|-crit|p1b: Cresselia\n|-damage|p1b: Cresselia|12\/100\n|move|p2b: Phoebe|Dazzling Gleam|p1a: Ogerpon|[spread] p1b\n|-activate|p1a: Ogerpon|move: Protect\n|-damage|p1b: Cresselia|0 fnt\n|faint|p1b: Cresselia\n|\n|-heal|p2a: Miami Terror|100\/100|[from] item: Leftovers\n|upkeep\n|inactive|impastabot4000 has 120 seconds left.\n|\n|t:|1696731700\n|switch|p1b: Rillaboom|Rillaboom, M, tera:Fire|75\/100\n|-fieldstart|move: Grassy Terrain|[from] ability: Grassy Surge|[of] p1b: Rillaboom\n|turn|7\n|\n|t:|1696731720\n|move|p2a: Miami Terror|Protect|p2a: Miami Terror\n|-singleturn|p2a: Miami Terror|Protect\n|move|p2b: Phoebe|Protect|p2b: Phoebe\n|-singleturn|p2b: Phoebe|Protect\n|move|p1b: Rillaboom|Fake Out|p2a: Miami Terror\n|-activate|p2a: Miami Terror|move: Protect\n|move|p1a: Ogerpon|Ivy Cudgel|p2b: Phoebe\n|-activate|p2b: Phoebe|move: Protect\n|\n|-heal|p1b: Rillaboom|81\/100|[from] Grassy Terrain\n|upkeep\n|turn|8\n|\n|t:|1696731734\n|move|p1a: Ogerpon|Grassy Glide|p2b: Phoebe\n|-damage|p2b: Phoebe|68\/100\n|move|p1b: Rillaboom|Grassy Glide|p2b: Phoebe\n|-damage|p2b: Phoebe|35\/100\n|move|p2a: Miami Terror|Heat Wave|p1a: Ogerpon|[spread] p1a,p1b\n|-resisted|p1b: Rillaboom\n|-damage|p1a: Ogerpon|36\/100\n|-damage|p1b: Rillaboom|61\/100\n|move|p2b: Phoebe|Psychic|p1b: Rillaboom\n|-damage|p1b: Rillaboom|6\/100\n|\n|-heal|p2b: Phoebe|41\/100|[from] Grassy Terrain\n|-heal|p1a: Ogerpon|42\/100|[from] Grassy Terrain\n|-heal|p1b: Rillaboom|12\/100|[from] Grassy Terrain\n|upkeep\n|turn|9\n|\n|t:|1696731753\n|move|p2b: Phoebe|Protect|p2b: Phoebe\n|-singleturn|p2b: Phoebe|Protect\n|move|p2a: Miami Terror|Heat Wave|p1b: Rillaboom|[spread] p1a,p1b\n|-resisted|p1b: Rillaboom\n|-damage|p1a: Ogerpon|0 fnt\n|-damage|p1b: Rillaboom|0 fnt\n|faint|p1a: Ogerpon\n|faint|p1b: Rillaboom\n|\n|-heal|p2b: Phoebe|48\/100|[from] Grassy Terrain\n|upkeep\n|\n|t:|1696731765\n|switch|p1a: Salamence|Salamence, M|100\/100\n|switch|p1b: Ursaluna|Ursaluna-Bloodmoon, M|100\/100\n|-ability|p1a: Salamence|Intimidate|boost\n|-unboost|p2a: Miami Terror|atk|1\n|-unboost|p2b: Phoebe|atk|1\n|turn|10\n|c|\u2606impastabot4000|yeah nothing i can do lmao\n|c|\u2606impastabot4000|gg\n|-message|impastabot4000 forfeited.\n|\n|win|MirzaMirzaMirza\n|raw|impastabot4000's rating: 1392 &rarr; <strong>1365<\/strong><br \/>(-27 for losing)\n|raw|MirzaMirzaMirza's rating: 1272 &rarr; <strong>1305<\/strong><br \/>(+33 for winning)\n|c|\u2606MirzaMirzaMirza|gg\n|c|\u2606impastabot4000|it's funny how no one's prepared for your team even though like everyone knows about it lmao\n","uploadtime":1696731792,"views":8,"p1id":"impastabot4000","p2id":"mirzamirzamirza","formatid":"gen9nationaldexdoubles","rating":1305,"private":0,"password":""}