{"id":"gen9nationaldexdoubles-1953161654","p1":"MageDream\/UHE","p2":"Boshigoat","format":"[Gen 9] National Dex Doubles","log":"|j|\u2606MageDream\/UHE\n|j|\u2606Boshigoat\n|t:|1695759055\n|gametype|doubles\n|player|p1|MageDream\/UHE|chuck|1188\n|player|p2|Boshigoat|265|1471\n|teamsize|p1|6\n|teamsize|p2|6\n|gen|9\n|tier|[Gen 9] National Dex Doubles\n|rated|\n|rule|HP Percentage Mod: HP is shown in percentages\n|rule|Endless Battle Clause: Forcing endless battles is banned\n|rule|OHKO Clause: OHKO moves are banned\n|rule|Evasion Moves Clause: Evasion moves are banned\n|rule|Evasion Abilities Clause: Evasion abilities are banned\n|rule|Species Clause: Limit one of each Pok\u00e9mon\n|rule|Gravity Sleep Clause: The combination of sleep-inducing moves with imperfect accuracy and Gravity or Gigantamax Orbeetle are banned\n|clearpoke\n|poke|p1|Goodra-Hisui, M|\n|poke|p1|Dipplin, M|\n|poke|p1|Malamar, F|\n|poke|p1|Beedrill, F|\n|poke|p1|Ninetales-Alola, M|\n|poke|p1|Marowak-Alola, M|\n|poke|p2|Hatterene, F|\n|poke|p2|Indeedee-F, F|\n|poke|p2|Camerupt, F|\n|poke|p2|Sinistcha|\n|poke|p2|Conkeldurr, F|\n|poke|p2|Kingambit, M|\n|teampreview\n|\n|t:|1695759082\n|start\n|switch|p1a: Ninetales|Ninetales-Alola, M|100\/100\n|switch|p1b: Marowak|Marowak-Alola, M|100\/100\n|switch|p2a: Hatterene|Hatterene, F|100\/100\n|switch|p2b: Indeedee|Indeedee-F, F|100\/100\n|-weather|Snow|[from] ability: Snow Warning|[of] p1a: Ninetales\n|-fieldstart|move: Psychic Terrain|[from] ability: Psychic Surge|[of] p2b: Indeedee\n|turn|1\n|\n|t:|1695759116\n|move|p2b: Indeedee|Follow Me|p2b: Indeedee\n|-singleturn|p2b: Indeedee|move: Follow Me\n|move|p1a: Ninetales|Blizzard|p2a: Hatterene|[spread] p2a,p2b\n|-crit|p2b: Indeedee\n|-damage|p2a: Hatterene|67\/100\n|-damage|p2b: Indeedee|51\/100\n|-enditem|p2b: Indeedee|Eject Button\n|-damage|p1a: Ninetales|90\/100|[from] item: Life Orb\n|\n|t:|1695759133\n|switch|p2b: Camerupt|Camerupt, F|100\/100\n|move|p1b: Marowak|Shadow Bone|p2a: Hatterene\n|-supereffective|p2a: Hatterene\n|-damage|p2a: Hatterene|0 fnt\n|faint|p2a: Hatterene\n|\n|-weather|Snow|[upkeep]\n|upkeep\n|\n|t:|1695759138\n|switch|p2a: Sinistcha|Sinistcha|100\/100\n|turn|2\n|c|\u2606MageDream\/UHE|ok didn't know if that would work\n|c|\u2606MageDream\/UHE|thought you might sash for trick room\n|\n|t:|1695759180\n|detailschange|p2b: Camerupt|Camerupt-Mega, F\n|-mega|p2b: Camerupt|Camerupt|Cameruptite\n|-terastallize|p2a: Sinistcha|Water\n|move|p2a: Sinistcha|Rage Powder|p2a: Sinistcha\n|-singleturn|p2a: Sinistcha|move: Rage Powder\n|move|p1a: Ninetales|Aurora Veil|p1a: Ninetales\n|-sidestart|p1: MageDream\/UHE|move: Aurora Veil\n|move|p1b: Marowak|Bulldoze|p2a: Sinistcha|[spread] p1a,p2a,p2b\n|-supereffective|p2b: Camerupt\n|-damage|p1a: Ninetales|75\/100\n|-damage|p2a: Sinistcha|84\/100\n|-damage|p2b: Camerupt|53\/100\n|-unboost|p1a: Ninetales|spe|1\n|-unboost|p2a: Sinistcha|spe|1\n|-unboost|p2b: Camerupt|spe|1\n|move|p2b: Camerupt|Heat Wave|p1b: Marowak|[spread] p1a,p1b\n|-supereffective|p1a: Ninetales\n|-resisted|p1b: Marowak\n|-crit|p1b: Marowak\n|-damage|p1a: Ninetales|0 fnt\n|-damage|p1b: Marowak|45\/100\n|faint|p1a: Ninetales\n|\n|-weather|Snow|[upkeep]\n|upkeep\n|\n|t:|1695759200\n|switch|p1a: Malamar|Malamar, F|100\/100\n|turn|3\n|\n|t:|1695759216\n|move|p2b: Camerupt|Protect|p2b: Camerupt\n|-singleturn|p2b: Camerupt|Protect\n|move|p1a: Malamar|Superpower|p2b: Camerupt\n|-activate|p2b: Camerupt|move: Protect\n|move|p1b: Marowak|Bulldoze|p2a: Sinistcha|[spread] p1a,p2a\n|-activate|p2b: Camerupt|move: Protect\n|-damage|p1a: Malamar|85\/100\n|-damage|p2a: Sinistcha|67\/100\n|-boost|p1a: Malamar|spe|1\n|-unboost|p2a: Sinistcha|spe|1\n|move|p2a: Sinistcha|Trick Room|p2a: Sinistcha\n|-fieldstart|move: Trick Room|[of] p2a: Sinistcha\n|\n|-weather|Snow|[upkeep]\n|upkeep\n|turn|4\n|\n|t:|1695759265\n|switch|p1a: Goodra|Goodra-Hisui, M|100\/100\n|move|p2b: Camerupt|Heat Wave|p1a: Goodra|[spread] p1a,p1b\n|-resisted|p1b: Marowak\n|-damage|p1a: Goodra|81\/100\n|-damage|p1b: Marowak|20\/100\n|move|p2a: Sinistcha|Matcha Gotcha|p1a: Goodra|[spread] p1b\n|-ability|p1a: Goodra|Sap Sipper|boost\n|-boost|p1a: Goodra|atk|1\n|-resisted|p1b: Marowak\n|-damage|p1b: Marowak|10\/100\n|-heal|p2a: Sinistcha|72\/100|[from] drain|[of] p1b: Marowak\n|move|p1b: Marowak|Shadow Bone|p2b: Camerupt\n|-damage|p2b: Camerupt|0 fnt\n|faint|p2b: Camerupt\n|\n|-weather|Snow|[upkeep]\n|upkeep\n|\n|t:|1695759294\n|switch|p2b: Kingambit|Kingambit, M|100\/100\n|-activate|p2b: Kingambit|ability: Supreme Overlord\n|-start|p2b: Kingambit|fallen2|[silent]\n|turn|5\n|\n|t:|1695759330\n|switch|p1b: Dipplin|Dipplin, M, shiny|100\/100\n|-terastallize|p1a: Goodra|Ground\n|move|p2a: Sinistcha|Life Dew||[still]|[spread] p2a,p2b\n|-heal|p2a: Sinistcha|97\/100\n|-fail|p2b: Kingambit|heal\n|move|p1a: Goodra|Earthquake|p2b: Kingambit|[spread] p1b,p2a,p2b\n|-resisted|p1b: Dipplin\n|-supereffective|p2b: Kingambit\n|-damage|p1b: Dipplin|91\/100\n|-damage|p2a: Sinistcha|59\/100\n|-damage|p2b: Kingambit|23\/100\n|-damage|p1a: Goodra|71\/100|[from] item: Life Orb\n|move|p2b: Kingambit|Kowtow Cleave|p1b: Dipplin\n|-damage|p1b: Dipplin|63\/100\n|\n|-weather|none\n|-fieldend|move: Psychic Terrain\n|upkeep\n|turn|6\n|\n|t:|1695759373\n|move|p2a: Sinistcha|Matcha Gotcha|p1a: Goodra|[spread] p1b\n|-ability|p1a: Goodra|Sap Sipper|boost\n|-boost|p1a: Goodra|atk|1\n|-resisted|p1b: Dipplin\n|-damage|p1b: Dipplin|60\/100\n|-heal|p2a: Sinistcha|61\/100|[from] drain|[of] p1b: Dipplin\n|move|p1b: Dipplin|Syrup Bomb|p2a: Sinistcha\n|-supereffective|p2a: Sinistcha\n|-damage|p2a: Sinistcha|0 fnt\n|faint|p2a: Sinistcha\n|move|p1a: Goodra|Earthquake|p2b: Kingambit|[spread] p1b,p2b\n|-resisted|p1b: Dipplin\n|-supereffective|p2b: Kingambit\n|-damage|p1b: Dipplin|48\/100\n|-damage|p2b: Kingambit|0 fnt\n|faint|p2b: Kingambit\n|-end|p2b: Kingambit|fallen2|[silent]\n|-damage|p1a: Goodra|61\/100|[from] item: Life Orb\n|\n|-sideend|p1: MageDream\/UHE|move: Aurora Veil\n|upkeep\n|-message|Boshigoat forfeited.\n|\n|win|MageDream\/UHE\n|raw|MageDream&#x2f;UHE's rating: 1188 &rarr; <strong>1230<\/strong><br \/>(+42 for winning)\n|raw|Boshigoat's rating: 1471 &rarr; <strong>1438<\/strong><br \/>(-33 for losing)\n|l|\u2606Boshigoat\n","uploadtime":1695759451,"views":14,"p1id":"magedreamuhe","p2id":"boshigoat","formatid":"gen9nationaldexdoubles","rating":1230,"private":0,"password":""}