{"id":"gen9nationaldexdoubles-1964630899","p1":"Sc4rletQu33n","p2":"Soul_lmao","format":"[Gen 9] National Dex Doubles","log":"|j|\u2606Sc4rletQu33n\n|j|\u2606Soul_lmao\n|t:|1696987661\n|gametype|doubles\n|player|p1|Sc4rletQu33n|cynthia-gen4|1138\n|player|p2|Soul_lmao|101|1000\n|teamsize|p1|6\n|teamsize|p2|6\n|gen|9\n|tier|[Gen 9] National Dex Doubles\n|rated|\n|rule|HP Percentage Mod: HP is shown in percentages\n|rule|Endless Battle Clause: Forcing endless battles is banned\n|rule|OHKO Clause: OHKO moves are banned\n|rule|Evasion Moves Clause: Evasion moves are banned\n|rule|Evasion Abilities Clause: Evasion abilities are banned\n|rule|Species Clause: Limit one of each Pok\u00e9mon\n|rule|Gravity Sleep Clause: The combination of sleep-inducing moves with imperfect accuracy and Gravity or Gigantamax Orbeetle are banned\n|clearpoke\n|poke|p1|Medicham, M|\n|poke|p1|Regigigas|\n|poke|p1|Landorus-Therian, M|\n|poke|p1|Venusaur, M|\n|poke|p1|Incineroar, F|\n|poke|p1|Basculegion-F, F|\n|poke|p2|Hydreigon, M|\n|poke|p2|Mawile, F|\n|poke|p2|Rotom-Wash|\n|poke|p2|Togekiss, F|\n|poke|p2|Excadrill, M|\n|poke|p2|Aegislash, F|\n|teampreview\n|\n|t:|1696987689\n|start\n|switch|p1a: Medicham|Medicham, M|100\/100\n|switch|p1b: Regigigas|Regigigas|100\/100\n|switch|p2a: Hydreigon|Hydreigon, M, shiny|100\/100\n|switch|p2b: Excadrill|Excadrill, M|100\/100\n|-start|p1b: Regigigas|ability: Slow Start\n|turn|1\n|\n|t:|1696987730\n|move|p2a: Hydreigon|Heat Wave|p1a: Medicham|[spread] p1a,p1b\n|-damage|p1a: Medicham|45\/100\n|-damage|p1b: Regigigas|83\/100\n|-damage|p2a: Hydreigon|91\/100|[from] item: Life Orb\n|move|p2b: Excadrill|Rock Slide|p1b: Regigigas|[spread] p1a,p1b\n|-resisted|p1a: Medicham\n|-damage|p1a: Medicham|27\/100\n|-damage|p1b: Regigigas|66\/100\n|move|p1a: Medicham|Skill Swap|p1b: Regigigas\n|-activate|p1a: Medicham|move: Skill Swap|||[of] p1b: Regigigas\n|-end|p1b: Regigigas|Slow Start|[silent]\n|-start|p1a: Medicham|ability: Slow Start\n|cant|p1b: Regigigas|flinch\n|\n|upkeep\n|turn|2\n|\n|t:|1696987756\n|move|p1b: Regigigas|Drain Punch|p2b: Excadrill\n|-supereffective|p2b: Excadrill\n|-damage|p2b: Excadrill|0 fnt\n|-heal|p1b: Regigigas|100\/100|[from] drain|[of] p2b: Excadrill\n|faint|p2b: Excadrill\n|move|p2a: Hydreigon|Draco Meteor|p1b: Regigigas\n|-damage|p1b: Regigigas|48\/100\n|-unboost|p2a: Hydreigon|spa|2\n|-damage|p2a: Hydreigon|81\/100|[from] item: Life Orb\n|move|p1a: Medicham|Skill Swap|p2a: Hydreigon\n|-activate|p1a: Medicham|move: Skill Swap|Levitate|Slow Start|[of] p2a: Hydreigon\n|-end|p1a: Medicham|Slow Start|[silent]\n|-start|p2a: Hydreigon|ability: Slow Start\n|\n|upkeep\n|\n|t:|1696987774\n|switch|p2b: Mawile|Mawile, F|100\/100\n|-ability|p2b: Mawile|Intimidate|boost\n|-unboost|p1a: Medicham|atk|1\n|-unboost|p1b: Regigigas|atk|1\n|turn|3\n|\n|t:|1696987812\n|-end|p2a: Hydreigon|Slow Start|[silent]\n|switch|p2a: Togekiss|Togekiss, F|100\/100\n|detailschange|p2b: Mawile|Mawile-Mega, F\n|-mega|p2b: Mawile|Mawile|Mawilite\n|move|p1a: Medicham|Bullet Punch|p2a: Togekiss\n|-supereffective|p2a: Togekiss\n|-damage|p2a: Togekiss|91\/100\n|move|p2b: Mawile|Sucker Punch|p1b: Regigigas\n|-crit|p1b: Regigigas\n|-damage|p1b: Regigigas|0 fnt\n|faint|p1b: Regigigas\n|\n|-heal|p2a: Togekiss|97\/100|[from] item: Leftovers\n|upkeep\n|\n|t:|1696987815\n|switch|p1b: Landorus|Landorus-Therian, M|100\/100\n|-ability|p1b: Landorus|Intimidate|boost\n|-unboost|p2a: Togekiss|atk|1\n|-unboost|p2b: Mawile|atk|1\n|turn|4\n|\n|t:|1696987848\n|move|p2a: Togekiss|Protect|p2a: Togekiss\n|-singleturn|p2a: Togekiss|Protect\n|move|p2b: Mawile|Protect|p2b: Mawile\n|-singleturn|p2b: Mawile|Protect\n|move|p1a: Medicham|Bullet Punch|p2a: Togekiss\n|-activate|p2a: Togekiss|move: Protect\n|move|p1b: Landorus|Bulk Up|p1b: Landorus\n|-boost|p1b: Landorus|atk|1\n|-boost|p1b: Landorus|def|1\n|\n|-heal|p2a: Togekiss|100\/100|[from] item: Leftovers\n|upkeep\n|turn|5\n|\n|t:|1696987870\n|move|p1a: Medicham|Bullet Punch|p2a: Togekiss\n|-supereffective|p2a: Togekiss\n|-damage|p2a: Togekiss|92\/100\n|move|p2b: Mawile|Sucker Punch|p1b: Landorus\n|-damage|p1b: Landorus|80\/100\n|move|p1b: Landorus|Earthquake|p2a: Togekiss|[spread] p2b\n|-immune|p1a: Medicham|[from] ability: Levitate\n|-immune|p2a: Togekiss\n|-supereffective|p2b: Mawile\n|-crit|p2b: Mawile\n|-damage|p2b: Mawile|0 fnt\n|faint|p2b: Mawile\n|move|p2a: Togekiss|Air Slash|p1a: Medicham\n|-supereffective|p1a: Medicham\n|-damage|p1a: Medicham|0 fnt\n|faint|p1a: Medicham\n|\n|-heal|p1b: Landorus|86\/100|[from] item: Leftovers\n|-heal|p2a: Togekiss|98\/100|[from] item: Leftovers\n|upkeep\n|\n|t:|1696987896\n|switch|p1a: Basculegion|Basculegion-F, F|100\/100\n|switch|p2b: Rotom|Rotom-Wash|100\/100\n|turn|6\n|\n|t:|1696987908\n|move|p2a: Togekiss|Follow Me|p2a: Togekiss\n|-singleturn|p2a: Togekiss|move: Follow Me\n|move|p1a: Basculegion|Ice Fang|p2a: Togekiss|[miss]\n|-miss|p1a: Basculegion|p2a: Togekiss\n|move|p2b: Rotom|Hydro Pump|p1b: Landorus|[miss]\n|-miss|p2b: Rotom|p1b: Landorus\n|move|p1b: Landorus|U-turn|p2a: Togekiss\n|-resisted|p2a: Togekiss\n|-damage|p2a: Togekiss|90\/100\n|\n|t:|1696987917\n|switch|p1b: Venusaur|Venusaur, M|100\/100|[from] U-turn\n|\n|-heal|p2a: Togekiss|96\/100|[from] item: Leftovers\n|upkeep\n|turn|7\n|\n|t:|1696987926\n|detailschange|p1b: Venusaur|Venusaur-Mega, M\n|-mega|p1b: Venusaur|Venusaur|Venusaurite\n|move|p1a: Basculegion|Ice Fang|p2a: Togekiss\n|-supereffective|p2a: Togekiss\n|-damage|p2a: Togekiss|69\/100\n|move|p1b: Venusaur|Grass Pledge|p2b: Rotom\n|-supereffective|p2b: Rotom\n|-damage|p2b: Rotom|16\/100\n|move|p2b: Rotom|Thunderbolt|p1a: Basculegion\n|-supereffective|p1a: Basculegion\n|-damage|p1a: Basculegion|26\/100\n|move|p2a: Togekiss|Air Slash|p1b: Venusaur\n|-supereffective|p1b: Venusaur\n|-damage|p1b: Venusaur|41\/100\n|\n|-heal|p2a: Togekiss|75\/100|[from] item: Leftovers\n|upkeep\n|turn|8\n|\n|t:|1696987959\n|move|p2a: Togekiss|Follow Me|p2a: Togekiss\n|-singleturn|p2a: Togekiss|move: Follow Me\n|move|p1a: Basculegion|Ice Fang|p2a: Togekiss\n|-supereffective|p2a: Togekiss\n|-damage|p2a: Togekiss|48\/100\n|-status|p2a: Togekiss|frz\n|move|p1b: Venusaur|Grass Pledge|p2a: Togekiss\n|-resisted|p2a: Togekiss\n|-damage|p2a: Togekiss|31\/100 frz\n|move|p2b: Rotom|Thunderbolt|p1a: Basculegion\n|-supereffective|p1a: Basculegion\n|-damage|p1a: Basculegion|0 fnt\n|faint|p1a: Basculegion\n|\n|-heal|p2a: Togekiss|37\/100 frz|[from] item: Leftovers\n|upkeep\n|\n|t:|1696987971\n|switch|p1a: Incineroar|Incineroar, F|100\/100\n|-ability|p1a: Incineroar|Intimidate|boost\n|-unboost|p2a: Togekiss|atk|1\n|-unboost|p2b: Rotom|atk|1\n|turn|9\n|\n|t:|1696987981\n|move|p2b: Rotom|Protect|p2b: Rotom\n|-singleturn|p2b: Rotom|Protect\n|move|p1b: Venusaur|Grass Pledge|p2b: Rotom\n|-waiting|p1b: Venusaur|p1a: Incineroar\n|move|p1a: Incineroar|Fire Pledge|p2b: Rotom|[from]move: Grass Pledge\n|-activate|p2b: Rotom|move: Protect\n|cant|p2a: Togekiss|frz\n|\n|-heal|p2a: Togekiss|43\/100 frz|[from] item: Leftovers\n|upkeep\n|turn|10\n|\n|t:|1696987994\n|move|p1b: Venusaur|Grass Pledge|p2b: Rotom\n|-waiting|p1b: Venusaur|p1a: Incineroar\n|move|p1a: Incineroar|Fire Pledge|p2b: Rotom|[from]move: Grass Pledge\n|-combine\n|-resisted|p2b: Rotom\n|-damage|p2b: Rotom|0 fnt\n|-sidestart|p2: Soul_lmao|Fire Pledge\n|faint|p2b: Rotom\n|cant|p2a: Togekiss|frz\n|\n|-damage|p2a: Togekiss|31\/100 frz|[from] Fire Pledge\n|-heal|p2a: Togekiss|37\/100 frz|[from] item: Leftovers\n|upkeep\n|\n|t:|1696988012\n|switch|p2b: Hydreigon|Hydreigon, M, shiny|81\/100\n|turn|11\n|\n|t:|1696988038\n|cant|p2a: Togekiss|frz\n|move|p2b: Hydreigon|Heat Wave|p1b: Venusaur|[spread] p1a,p1b\n|-resisted|p1a: Incineroar\n|-supereffective|p1b: Venusaur\n|-damage|p1a: Incineroar|85\/100\n|-damage|p1b: Venusaur|9\/100\n|-damage|p2b: Hydreigon|71\/100|[from] item: Life Orb\n|move|p1b: Venusaur|Toxic|p2b: Hydreigon\n|-status|p2b: Hydreigon|tox\n|move|p1a: Incineroar|Dark Pulse|p2b: Hydreigon\n|-resisted|p2b: Hydreigon\n|-damage|p2b: Hydreigon|51\/100 tox\n|\n|-damage|p2b: Hydreigon|39\/100 tox|[from] Fire Pledge\n|-damage|p2a: Togekiss|24\/100 frz|[from] Fire Pledge\n|-heal|p2a: Togekiss|31\/100 frz|[from] item: Leftovers\n|-heal|p1a: Incineroar|91\/100|[from] item: Leftovers\n|-damage|p2b: Hydreigon|32\/100 tox|[from] psn\n|upkeep\n|turn|12\n|\n|t:|1696988063\n|cant|p2a: Togekiss|frz\n|move|p2b: Hydreigon|Heat Wave|p1b: Venusaur|[spread] p1a,p1b\n|-resisted|p1a: Incineroar\n|-supereffective|p1b: Venusaur\n|-damage|p1a: Incineroar|76\/100\n|-damage|p1b: Venusaur|0 fnt\n|faint|p1b: Venusaur\n|-damage|p2b: Hydreigon|23\/100 tox|[from] item: Life Orb\n|move|p1a: Incineroar|Fire Pledge|p2b: Hydreigon\n|-resisted|p2b: Hydreigon\n|-damage|p2b: Hydreigon|5\/100 tox\n|\n|-damage|p2b: Hydreigon|0 fnt|[from] Fire Pledge\n|faint|p2b: Hydreigon\n|-damage|p2a: Togekiss|18\/100 frz|[from] Fire Pledge\n|-heal|p2a: Togekiss|24\/100 frz|[from] item: Leftovers\n|-heal|p1a: Incineroar|82\/100|[from] item: Leftovers\n|upkeep\n|\n|t:|1696988078\n|switch|p2b: Aegislash|Aegislash, F|100\/100\n|switch|p1b: Landorus|Landorus-Therian, M|86\/100\n|-ability|p1b: Landorus|Intimidate|boost\n|-unboost|p2a: Togekiss|atk|1\n|-unboost|p2b: Aegislash|atk|1\n|turn|13\n|\n|t:|1696988101\n|cant|p2a: Togekiss|frz\n|move|p1b: Landorus|Earthquake|p2a: Togekiss|[spread] p1a,p2b\n|-immune|p2a: Togekiss\n|-supereffective|p1a: Incineroar\n|-supereffective|p2b: Aegislash\n|-damage|p1a: Incineroar|0 fnt\n|-damage|p2b: Aegislash|20\/100\n|faint|p1a: Incineroar\n|-formechange|p2b: Aegislash|Aegislash-Blade||[from] ability: Stance Change\n|move|p2b: Aegislash|Shadow Ball|p1b: Landorus\n|-damage|p1b: Landorus|34\/100\n|-heal|p2b: Aegislash|29\/100|[from] item: Shell Bell|[of] p1b: Landorus\n|\n|-heal|p1b: Landorus|40\/100|[from] item: Leftovers\n|-damage|p2a: Togekiss|12\/100 frz|[from] Fire Pledge\n|-heal|p2a: Togekiss|18\/100 frz|[from] item: Leftovers\n|-damage|p2b: Aegislash|17\/100|[from] Fire Pledge\n|-sideend|p2: Soul_lmao|Fire Pledge\n|upkeep\n|turn|14\n|\n|t:|1696988124\n|-formechange|p2b: Aegislash|Aegislash||[from] ability: Stance Change\n|move|p2b: Aegislash|King's Shield|p2b: Aegislash\n|-singleturn|p2b: Aegislash|Protect\n|move|p1b: Landorus|Earthquake|p2a: Togekiss|[spread] \n|-activate|p2b: Aegislash|move: Protect\n|-immune|p2a: Togekiss\n|cant|p2a: Togekiss|frz\n|\n|-heal|p1b: Landorus|46\/100|[from] item: Leftovers\n|-heal|p2a: Togekiss|24\/100 frz|[from] item: Leftovers\n|upkeep\n|turn|15\n|\n|t:|1696988140\n|-formechange|p2b: Aegislash|Aegislash-Blade||[from] ability: Stance Change\n|move|p2b: Aegislash|Shadow Sneak|p1b: Landorus\n|-damage|p1b: Landorus|34\/100\n|-heal|p2b: Aegislash|19\/100|[from] item: Shell Bell|[of] p1b: Landorus\n|move|p1b: Landorus|Earthquake|p2a: Togekiss|[spread] p2b\n|-immune|p2a: Togekiss\n|-supereffective|p2b: Aegislash\n|-damage|p2b: Aegislash|0 fnt\n|faint|p2b: Aegislash\n|cant|p2a: Togekiss|frz\n|\n|-heal|p1b: Landorus|40\/100|[from] item: Leftovers\n|-heal|p2a: Togekiss|31\/100 frz|[from] item: Leftovers\n|upkeep\n|turn|16\n|\n|t:|1696988155\n|move|p1b: Landorus|Knock Off|p2a: Togekiss\n|-resisted|p2a: Togekiss\n|-damage|p2a: Togekiss|15\/100 frz\n|-enditem|p2a: Togekiss|Leftovers|[from] move: Knock Off|[of] p1b: Landorus\n|cant|p2a: Togekiss|frz\n|\n|-heal|p1b: Landorus|46\/100|[from] item: Leftovers\n|upkeep\n|turn|17\n|\n|t:|1696988164\n|move|p1b: Landorus|U-turn|p2a: Togekiss\n|-resisted|p2a: Togekiss\n|-damage|p2a: Togekiss|9\/100 frz\n|cant|p2a: Togekiss|frz\n|\n|-heal|p1b: Landorus|52\/100|[from] item: Leftovers\n|upkeep\n|turn|18\n|\n|t:|1696988171\n|move|p1b: Landorus|U-turn|p2a: Togekiss\n|-resisted|p2a: Togekiss\n|-damage|p2a: Togekiss|4\/100 frz\n|-curestatus|p2a: Togekiss|frz|[msg]\n|move|p2a: Togekiss|Air Slash|p1b: Landorus\n|-damage|p1b: Landorus|21\/100\n|\n|-heal|p1b: Landorus|27\/100|[from] item: Leftovers\n|upkeep\n|turn|19\n|\n|t:|1696988179\n|move|p1b: Landorus|U-turn|p2a: Togekiss\n|-resisted|p2a: Togekiss\n|-damage|p2a: Togekiss|0 fnt\n|faint|p2a: Togekiss\n|\n|win|Sc4rletQu33n\n|raw|Sc4rletQu33n's rating: 1138 &rarr; <strong>1154<\/strong><br \/>(+16 for winning)\n|raw|Soul_lmao's rating: 1000 &rarr; <strong>1000<\/strong><br \/>(+0 for losing)\n|c|\u2606Sc4rletQu33n|Gg\n|l|\u2606Soul_lmao\n","uploadtime":1696988193,"views":14,"p1id":"sc4rletqu33n","p2id":"soullmao","formatid":"gen9nationaldexdoubles","rating":1000,"private":0,"password":""}