{"id":"gen9nationaldexdoubles-1961180772","p1":"Gumbus wumbus","p2":"cediedesu","format":"[Gen 9] National Dex Doubles","log":"|j|\u2606Gumbus wumbus\n|j|\u2606cediedesu\n|t:|1696604253\n|gametype|doubles\n|player|p1|Gumbus wumbus|clown|\n|player|p2|cediedesu|veteran|\n|teamsize|p1|6\n|teamsize|p2|6\n|gen|9\n|tier|[Gen 9] National Dex Doubles\n|rule|HP Percentage Mod: HP is shown in percentages\n|rule|Endless Battle Clause: Forcing endless battles is banned\n|rule|OHKO Clause: OHKO moves are banned\n|rule|Evasion Moves Clause: Evasion moves are banned\n|rule|Evasion Abilities Clause: Evasion abilities are banned\n|rule|Species Clause: Limit one of each Pok\u00e9mon\n|rule|Gravity Sleep Clause: The combination of sleep-inducing moves with imperfect accuracy and Gravity or Gigantamax Orbeetle are banned\n|clearpoke\n|poke|p1|Klawf, F|\n|poke|p1|Cloyster, M|\n|poke|p1|Shelgon, F|\n|poke|p1|Forretress, M|\n|poke|p1|Clawitzer, F|\n|poke|p1|Goodra-Hisui, F|\n|poke|p2|Ferrothorn, F|\n|poke|p2|Appletun, F|\n|poke|p2|Kingdra, F|\n|poke|p2|Cradily, M|\n|poke|p2|Tyrantrum, F|\n|poke|p2|Sceptile, M|\n|teampreview\n|inactive|Battle timer is ON: inactive players will automatically lose when time's up. (requested by cediedesu)\n|inactive|Gumbus wumbus has 270 seconds left.\n|\n|t:|1696604309\n|start\n|switch|p1a: Nutshell|Forretress, M, shiny|100\/100\n|switch|p1b: Shellshocked|Shelgon, F, shiny|100\/100\n|switch|p2a: Ferrothorn|Ferrothorn, F|100\/100\n|switch|p2b: Kingdra|Kingdra, F|100\/100\n|turn|1\n|\n|t:|1696604336\n|move|p2b: Kingdra|Ice Beam|p1b: Shellshocked\n|-supereffective|p1b: Shellshocked\n|-damage|p1b: Shellshocked|63\/100\n|move|p1b: Shellshocked|Dragon Claw|p2b: Kingdra\n|-supereffective|p2b: Kingdra\n|-damage|p2b: Kingdra|26\/100\n|move|p1a: Nutshell|Bug Bite|p2a: Ferrothorn\n|-damage|p2a: Ferrothorn|87\/100\n|-damage|p1a: Nutshell|88\/100|[from] ability: Iron Barbs|[of] p2a: Ferrothorn\n|-damage|p1a: Nutshell|72\/100|[from] item: Rocky Helmet|[of] p2a: Ferrothorn\n|move|p2a: Ferrothorn|Stealth Rock|p1a: Nutshell\n|-sidestart|p1: Gumbus wumbus|move: Stealth Rock\n|\n|upkeep\n|turn|2\n|inactive|Gumbus wumbus has 270 seconds left.\n|\n|t:|1696604369\n|move|p2b: Kingdra|Flip Turn|p1b: Shellshocked\n|-resisted|p1b: Shellshocked\n|-damage|p1b: Shellshocked|55\/100\n|inactive|cediedesu has 270 seconds left.\n|\n|t:|1696604389\n|switch|p2b: Appletun|Appletun, F|100\/100|[from] Flip Turn\n|move|p1b: Shellshocked|Brick Break|p2a: Ferrothorn\n|-supereffective|p2a: Ferrothorn\n|-damage|p2a: Ferrothorn|66\/100\n|-damage|p1b: Shellshocked|43\/100|[from] ability: Iron Barbs|[of] p2a: Ferrothorn\n|-damage|p1b: Shellshocked|26\/100|[from] item: Rocky Helmet|[of] p2a: Ferrothorn\n|move|p1a: Nutshell|Bug Bite|p2b: Appletun\n|-supereffective|p2b: Appletun\n|-damage|p2b: Appletun|56\/100\n|-enditem|p2b: Appletun|Yache Berry|[from] stealeat|[move] Bug Bite|[of] p1a: Nutshell\n|move|p2a: Ferrothorn|Body Press|p1b: Shellshocked\n|-crit|p1b: Shellshocked\n|-damage|p1b: Shellshocked|0 fnt\n|faint|p1b: Shellshocked\n|\n|upkeep\n|inactive|Gumbus wumbus has 270 seconds left.\n|\n|t:|1696604407\n|switch|p1b: Bombshell|Clawitzer, F, shiny|100\/100\n|-damage|p1b: Bombshell|88\/100|[from] Stealth Rock\n|turn|3\n|\n|t:|1696604420\n|move|p1b: Bombshell|Aura Sphere|p2a: Ferrothorn\n|-supereffective|p2a: Ferrothorn\n|-damage|p2a: Ferrothorn|7\/100\n|move|p2b: Appletun|Apple Acid|p1b: Bombshell\n|-supereffective|p1b: Bombshell\n|-damage|p1b: Bombshell|46\/100\n|-unboost|p1b: Bombshell|spd|1\n|move|p1a: Nutshell|Bug Bite|p2b: Appletun\n|-supereffective|p2b: Appletun\n|-damage|p2b: Appletun|12\/100\n|move|p2a: Ferrothorn|Seed Bomb|p1b: Bombshell\n|-supereffective|p1b: Bombshell\n|-damage|p1b: Bombshell|0 fnt\n|faint|p1b: Bombshell\n|\n|upkeep\n|inactive|Gumbus wumbus has 270 seconds left.\n|\n|t:|1696604436\n|switch|p1b: Shellfishery|Cloyster, M, shiny|100\/100\n|-damage|p1b: Shellfishery|76\/100|[from] Stealth Rock\n|turn|4\n|\n|t:|1696604446\n|move|p1b: Shellfishery|Protect|p1b: Shellfishery\n|-singleturn|p1b: Shellfishery|Protect\n|move|p2b: Appletun|Recover|p2b: Appletun\n|-heal|p2b: Appletun|62\/100\n|move|p1a: Nutshell|Bulldoze|p2b: Appletun|[spread] p2a,p2b\n|-activate|p1b: Shellfishery|move: Protect\n|-resisted|p2b: Appletun\n|-damage|p2a: Ferrothorn|2\/100\n|-damage|p2b: Appletun|57\/100\n|-unboost|p2a: Ferrothorn|spe|1\n|-unboost|p2b: Appletun|spe|1\n|move|p2a: Ferrothorn|Seed Bomb|p1b: Shellfishery\n|-activate|p1b: Shellfishery|move: Protect\n|\n|upkeep\n|turn|5\n|\n|t:|1696604466\n|move|p1b: Shellfishery|Smart Strike|p2a: Ferrothorn\n|-resisted|p2a: Ferrothorn\n|-damage|p2a: Ferrothorn|0 fnt\n|-damage|p1b: Shellfishery|63\/100|[from] ability: Iron Barbs|[of] p2a: Ferrothorn\n|-damage|p1b: Shellfishery|47\/100|[from] item: Rocky Helmet|[of] p2a: Ferrothorn\n|faint|p2a: Ferrothorn\n|-heal|p1b: Shellfishery|47\/100|[from] item: Shell Bell|[of] p2: Ferrothorn\n|move|p1a: Nutshell|Bug Bite|p2b: Appletun\n|-supereffective|p2b: Appletun\n|-damage|p2b: Appletun|11\/100\n|move|p2b: Appletun|Recover|p2b: Appletun\n|-heal|p2b: Appletun|61\/100\n|\n|upkeep\n|\n|t:|1696604483\n|switch|p2a: Cradily|Cradily, M|100\/100\n|turn|6\n|\n|t:|1696604498\n|move|p1b: Shellfishery|Protect|p1b: Shellfishery\n|-singleturn|p1b: Shellfishery|Protect\n|move|p2a: Cradily|Leech Seed|p1a: Nutshell\n|-start|p1a: Nutshell|move: Leech Seed\n|move|p1a: Nutshell|Bug Bite|p2a: Cradily\n|-supereffective|p2a: Cradily\n|-damage|p2a: Cradily|63\/100\n|move|p2b: Appletun|Apple Acid|p1b: Shellfishery\n|-activate|p1b: Shellfishery|move: Protect\n|\n|-heal|p2a: Cradily|69\/100|[from] item: Leftovers\n|-damage|p1a: Nutshell|59\/100|[from] Leech Seed|[of] p2a: Cradily\n|-heal|p2a: Cradily|79\/100|[silent]\n|upkeep\n|turn|7\n|inactive|Gumbus wumbus has 270 seconds left.\n|\n|t:|1696604529\n|switch|p1a: Shellproof|Goodra-Hisui, F, shiny|100\/100\n|-damage|p1a: Shellproof|94\/100|[from] Stealth Rock\n|move|p1b: Shellfishery|Smart Strike|p2a: Cradily\n|-supereffective|p2a: Cradily\n|-damage|p2a: Cradily|47\/100\n|-heal|p1b: Shellfishery|53\/100|[from] item: Shell Bell|[of] p2a: Cradily\n|move|p2a: Cradily|Ancient Power|p1b: Shellfishery\n|-supereffective|p1b: Shellfishery\n|-damage|p1b: Shellfishery|0 fnt\n|faint|p1b: Shellfishery\n|move|p2b: Appletun|Apple Acid|p1a: Shellproof\n|-resisted|p1a: Shellproof\n|-damage|p1a: Shellproof|90\/100\n|-unboost|p1a: Shellproof|spd|1\n|\n|-heal|p1a: Shellproof|96\/100|[from] item: Leftovers\n|-heal|p2a: Cradily|53\/100|[from] item: Leftovers\n|upkeep\n|inactive|Gumbus wumbus has 270 seconds left.\n|\n|t:|1696604548\n|switch|p1b: Busheller|Klawf, F, shiny|100\/100\n|-damage|p1b: Busheller|88\/100|[from] Stealth Rock\n|turn|8\n|\n|t:|1696604560\n|move|p1b: Busheller|Brick Break|p2a: Cradily\n|-supereffective|p2a: Cradily\n|-damage|p2a: Cradily|19\/100\n|move|p1a: Shellproof|Dragon Pulse|p2b: Appletun\n|-supereffective|p2b: Appletun\n|-damage|p2b: Appletun|10\/100\n|move|p2a: Cradily|Giga Drain|p1b: Busheller\n|-supereffective|p1b: Busheller\n|-damage|p1b: Busheller|24\/100\n|-heal|p2a: Cradily|44\/100|[from] drain|[of] p1b: Busheller\n|move|p2b: Appletun|Reflect|p2b: Appletun\n|-sidestart|p2: cediedesu|Reflect\n|\n|-heal|p1a: Shellproof|100\/100|[from] item: Leftovers\n|-heal|p2a: Cradily|50\/100|[from] item: Leftovers\n|upkeep\n|turn|9\n|\n|t:|1696604583\n|move|p1b: Busheller|Brick Break|p2a: Cradily\n|-sideend|p2: cediedesu|Reflect\n|-supereffective|p2a: Cradily\n|-damage|p2a: Cradily|15\/100\n|move|p1a: Shellproof|Dragon Pulse|p2b: Appletun\n|-supereffective|p2b: Appletun\n|-damage|p2b: Appletun|0 fnt\n|faint|p2b: Appletun\n|move|p2a: Cradily|Giga Drain|p1b: Busheller\n|-supereffective|p1b: Busheller\n|-damage|p1b: Busheller|0 fnt\n|-heal|p2a: Cradily|24\/100|[from] drain|[of] p1b: Busheller\n|faint|p1b: Busheller\n|\n|-heal|p2a: Cradily|30\/100|[from] item: Leftovers\n|upkeep\n|\n|t:|1696604603\n|switch|p1b: Nutshell|Forretress, M, shiny|59\/100\n|switch|p2b: Tyrantrum|Tyrantrum, F|100\/100\n|-damage|p1b: Nutshell|47\/100|[from] Stealth Rock\n|turn|10\n|\n|t:|1696604630\n|move|p2b: Tyrantrum|Earthquake|p1a: Shellproof|[spread] p2a,p1a,p1b\n|-supereffective|p1a: Shellproof\n|-damage|p2a: Cradily|6\/100\n|-damage|p1a: Shellproof|46\/100\n|-damage|p1b: Nutshell|29\/100\n|move|p1a: Shellproof|Flash Cannon|p2a: Cradily\n|-supereffective|p2a: Cradily\n|-damage|p2a: Cradily|0 fnt\n|faint|p2a: Cradily\n|move|p1b: Nutshell|Bulldoze|p2b: Tyrantrum|[spread] p1a,p2b\n|-supereffective|p1a: Shellproof\n|-supereffective|p2b: Tyrantrum\n|-damage|p1a: Shellproof|25\/100\n|-damage|p2b: Tyrantrum|80\/100\n|-unboost|p1a: Shellproof|spe|1\n|-unboost|p2b: Tyrantrum|spe|1\n|\n|-heal|p1a: Shellproof|31\/100|[from] item: Leftovers\n|upkeep\n|\n|t:|1696604645\n|switch|p2a: Kingdra|Kingdra, F|26\/100\n|turn|11\n|\n|t:|1696604673\n|move|p1a: Shellproof|Protect|p1a: Shellproof\n|-singleturn|p1a: Shellproof|Protect\n|move|p2a: Kingdra|Flip Turn|p1b: Nutshell\n|-damage|p1b: Nutshell|11\/100\n|\n|t:|1696604679\n|switch|p2a: Sceptile|Sceptile, M|100\/100|[from] Flip Turn\n|move|p2b: Tyrantrum|Earthquake|p1b: Nutshell|[spread] p2a,p1b\n|-activate|p1a: Shellproof|move: Protect\n|-resisted|p2a: Sceptile\n|-damage|p2a: Sceptile|76\/100\n|-damage|p1b: Nutshell|0 fnt\n|faint|p1b: Nutshell\n|\n|-heal|p1a: Shellproof|37\/100|[from] item: Leftovers\n|upkeep\n|turn|12\n|\n|t:|1696604696\n|move|p2a: Sceptile|Drain Punch|p1a: Shellproof\n|-supereffective|p1a: Shellproof\n|-damage|p1a: Shellproof|4\/100\n|-heal|p2a: Sceptile|98\/100|[from] drain|[of] p1a: Shellproof\n|move|p2b: Tyrantrum|Earthquake|p1a: Shellproof|[spread] p2a,p1a\n|-resisted|p2a: Sceptile\n|-supereffective|p1a: Shellproof\n|-damage|p2a: Sceptile|71\/100\n|-damage|p1a: Shellproof|0 fnt\n|faint|p1a: Shellproof\n|\n|win|cediedesu\n|l|\u2606cediedesu\n","uploadtime":1696604721,"views":10,"p1id":"gumbuswumbus","p2id":"cediedesu","formatid":"gen9nationaldexdoubles","rating":0,"private":0,"password":""}