{"id":"gen9nationaldexdoubles-1955768866","p1":"AutumnCookie","p2":"cassinidivision","format":"[Gen 9] National Dex Doubles","log":"|j|\u2606AutumnCookie\n|j|\u2606cassinidivision\n|t:|1696026163\n|gametype|doubles\n|player|p1|AutumnCookie|red|\n|player|p2|cassinidivision|giacomo|\n|teamsize|p1|6\n|teamsize|p2|6\n|gen|9\n|tier|[Gen 9] National Dex Doubles\n|rule|HP Percentage Mod: HP is shown in percentages\n|rule|Endless Battle Clause: Forcing endless battles is banned\n|rule|OHKO Clause: OHKO moves are banned\n|rule|Evasion Moves Clause: Evasion moves are banned\n|rule|Evasion Abilities Clause: Evasion abilities are banned\n|rule|Species Clause: Limit one of each Pok\u00e9mon\n|rule|Gravity Sleep Clause: The combination of sleep-inducing moves with imperfect accuracy and Gravity or Gigantamax Orbeetle are banned\n|clearpoke\n|poke|p1|Pikachu, M|\n|poke|p1|Charizard, M|\n|poke|p1|Venusaur, F|\n|poke|p1|Blastoise, M|\n|poke|p1|Lapras, F|\n|poke|p1|Snorlax, M|\n|poke|p2|Kingambit, M|\n|poke|p2|Honchkrow, M|\n|poke|p2|Weavile, M|\n|poke|p2|Krookodile, F|\n|poke|p2|Muk-Alola, F|\n|poke|p2|Umbreon, F|\n|teampreview\n|c|\u2606cassinidivision|drop the spec link for kate\n|c|\u2606cassinidivision|idk how\n|j| parkle\n|c| parkle|hellooooo\n|c|\u2606cassinidivision|parker jumpscare\n|c| parkle|i searched for autumn's name :3\n|c| parkle|ohh a kingambit\n|c|\u2606AutumnCookie|I dropped the link there where is Kate\n|c|\u2606cassinidivision|summnning kate\n|c| parkle|shes rping..\n|j| kpoc12\n|c| kpoc12|i\u2019m here i\u2019ll be in and out\n|c|\u2606cassinidivision|WAHOO\n|l| kpoc12\n|\n|t:|1696026356\n|start\n|switch|p1a: Pikachu|Pikachu, M|100\/100\n|switch|p1b: Lapras|Lapras, F|100\/100\n|switch|p2a: PASTRAMI|Krookodile, F|100\/100\n|switch|p2b: BIG BIRD|Honchkrow, M|100\/100\n|turn|1\n|c| parkle|BIG BIRD AND PASTRAMI\n|c|\u2606cassinidivision|wait til u see umbreon\n|c|\u2606AutumnCookie|OH I FEEL KINDA BAD THOSE ARE BOTH WEAK TO ICE\n|\n|t:|1696026404\n|move|p1a: Pikachu|Fake Out|p2a: PASTRAMI\n|-damage|p2a: PASTRAMI|80\/100\n|move|p2b: BIG BIRD|Sucker Punch||[still]\n|-fail|p2b: BIG BIRD\n|cant|p2a: PASTRAMI|flinch\n|move|p1b: Lapras|Ice Beam|p2b: BIG BIRD\n|-supereffective|p2b: BIG BIRD\n|-damage|p2b: BIG BIRD|0 fnt\n|faint|p2b: BIG BIRD\n|\n|upkeep\n|c|\u2606cassinidivision|funilly enough. edge's giacomo ALSO has a pastrami\n|\n|t:|1696026426\n|switch|p2b: BOZZMAN|Kingambit, M|100\/100\n|-activate|p2b: BOZZMAN|ability: Supreme Overlord\n|-start|p2b: BOZZMAN|fallen1|[silent]\n|turn|2\n|c| parkle|BOZZMAN\n|j| kpoc12\n|c|\u2606cassinidivision|u ruined my only strat btw lol\n|c|\u2606AutumnCookie|This shit is a question of \"can Pikachu tank a sucker punch from Kingambit\" I don't think so but worth a try\n|l| kpoc12\n|\n|t:|1696026492\n|move|p2b: BOZZMAN|Sucker Punch|p1a: Pikachu\n|-damage|p1a: Pikachu|0 fnt\n|faint|p1a: Pikachu\n|move|p2a: PASTRAMI|Bulk Up|p2a: PASTRAMI\n|-boost|p2a: PASTRAMI|atk|1\n|-boost|p2a: PASTRAMI|def|1\n|move|p1b: Lapras|Ice Beam|p2a: PASTRAMI\n|-supereffective|p2a: PASTRAMI\n|-damage|p2a: PASTRAMI|0 fnt\n|faint|p2a: PASTRAMI\n|\n|upkeep\n|j| kpoc12\n|c|\u2606AutumnCookie|YEAH ABSOLUTELY NOT\n|c|\u2606cassinidivision|FUCK I TOHUGHT HE CPULF TANK THAT\n|l| kpoc12\n|\n|t:|1696026517\n|switch|p2a: MOONWITCH|Umbreon, F, shiny|100\/100\n|switch|p1a: Charizard|Charizard, M|100\/100\n|turn|3\n|c| parkle|i hate that lapras soooo much\n|c| parkle|MOON WITCH\n|c|\u2606AutumnCookie|LOL\n|\n|t:|1696026560\n|detailschange|p1a: Charizard|Charizard-Mega-X, M\n|-mega|p1a: Charizard|Charizard|Charizardite X\n|move|p1a: Charizard|Dragon Dance|p1a: Charizard\n|-boost|p1a: Charizard|atk|1\n|-boost|p1a: Charizard|spe|1\n|move|p2a: MOONWITCH|Curse|p2a: MOONWITCH\n|-unboost|p2a: MOONWITCH|spe|1\n|-boost|p2a: MOONWITCH|atk|1\n|-boost|p2a: MOONWITCH|def|1\n|move|p1b: Lapras|Thunderbolt|p2a: MOONWITCH\n|-damage|p2a: MOONWITCH|88\/100\n|move|p2b: BOZZMAN|Swords Dance|p2b: BOZZMAN\n|-boost|p2b: BOZZMAN|atk|2\n|\n|-heal|p2a: MOONWITCH|94\/100|[from] item: Leftovers\n|upkeep\n|turn|4\n|j| kpoc12\n|c|\u2606AutumnCookie|WATCH OUT FOR THAT FUCKIN CHARIZARD...\n|l| kpoc12\n|c|\u2606cassinidivision|im just doing shit now\n|\n|t:|1696026605\n|move|p2b: BOZZMAN|Sucker Punch|p1a: Charizard\n|-damage|p1a: Charizard|0 fnt\n|faint|p1a: Charizard\n|move|p1b: Lapras|Ice Beam|p2a: MOONWITCH\n|-damage|p2a: MOONWITCH|73\/100\n|-status|p2a: MOONWITCH|frz\n|cant|p2a: MOONWITCH|frz\n|\n|-heal|p2a: MOONWITCH|79\/100 frz|[from] item: Leftovers\n|upkeep\n|c|\u2606cassinidivision|my ONLY strat was ruined\n|c|\u2606AutumnCookie|OH ONE SHOT THAT'S THE FUNNIEST THING\n|c|\u2606cassinidivision|FUCK YOU\n|c|\u2606cassinidivision|LAPRAS.\n|c|\u2606AutumnCookie|OH MY GOD THE FREEZE LMFAO\n|c|\u2606AutumnCookie|I'M WHEEZING\n|c|\u2606cassinidivision|AGAIN.\n|\n|t:|1696026650\n|switch|p1a: Blastoise|Blastoise, M|100\/100\n|turn|5\n|c| parkle|POOR UMBREON OH MY LORD\n|\n|t:|1696026674\n|switch|p1b: Venusaur|Venusaur, F|100\/100\n|move|p2b: BOZZMAN|Sucker Punch|p1a: Blastoise\n|-damage|p1a: Blastoise|21\/100\n|move|p1a: Blastoise|Earthquake|p2b: BOZZMAN|[spread] p1b,p2a,p2b\n|-supereffective|p2b: BOZZMAN\n|-damage|p1b: Venusaur|75\/100\n|-damage|p2a: MOONWITCH|67\/100 frz\n|-damage|p2b: BOZZMAN|69\/100\n|cant|p2a: MOONWITCH|frz\n|\n|-heal|p1a: Blastoise|28\/100|[from] item: Leftovers\n|-heal|p2a: MOONWITCH|73\/100 frz|[from] item: Leftovers\n|upkeep\n|turn|6\n|\n|t:|1696026724\n|switch|p1a: Snorlax|Snorlax, M|100\/100\n|move|p2b: BOZZMAN|Sucker Punch||[still]\n|-fail|p2b: BOZZMAN\n|move|p1b: Venusaur|Grass Knot|p2b: BOZZMAN\n|-resisted|p2b: BOZZMAN\n|-damage|p2b: BOZZMAN|48\/100\n|cant|p2a: MOONWITCH|frz\n|\n|-heal|p2a: MOONWITCH|79\/100 frz|[from] item: Leftovers\n|upkeep\n|turn|7\n|\n|t:|1696026743\n|move|p1b: Venusaur|Protect|p1b: Venusaur\n|-singleturn|p1b: Venusaur|Protect\n|move|p2b: BOZZMAN|Knock Off|p1a: Snorlax\n|-damage|p1a: Snorlax|0 fnt\n|-enditem|p1a: Snorlax|Life Orb|[from] move: Knock Off|[of] p2b: BOZZMAN\n|faint|p1a: Snorlax\n|cant|p2a: MOONWITCH|frz\n|\n|-heal|p2a: MOONWITCH|85\/100 frz|[from] item: Leftovers\n|upkeep\n|c|\u2606AutumnCookie|WOW THAT KINGAMBIT IS A MONSTER\n|c|\u2606cassinidivision|am i really getting max freeze.\n|c|\u2606cassinidivision|YEAH\n|\n|t:|1696026771\n|switch|p1a: Lapras|Lapras, F|100\/100\n|turn|8\n|c|\u2606cassinidivision|he really suits gia in that way\n|\n|t:|1696026800\n|move|p1b: Venusaur|Energy Ball|p2b: BOZZMAN\n|-resisted|p2b: BOZZMAN\n|-damage|p2b: BOZZMAN|29\/100\n|move|p1a: Lapras|Ice Beam|p2b: BOZZMAN\n|-resisted|p2b: BOZZMAN\n|-damage|p2b: BOZZMAN|11\/100\n|move|p2b: BOZZMAN|Knock Off|p1a: Lapras\n|-damage|p1a: Lapras|0 fnt\n|-enditem|p1a: Lapras|Assault Vest|[from] move: Knock Off|[of] p2b: BOZZMAN\n|faint|p1a: Lapras\n|cant|p2a: MOONWITCH|frz\n|\n|-heal|p2a: MOONWITCH|91\/100 frz|[from] item: Leftovers\n|upkeep\n|\n|t:|1696026815\n|switch|p1a: Blastoise|Blastoise, M|28\/100\n|turn|9\n|c|\u2606cassinidivision|HOW AM I STILL FROZEN\n|c|\u2606AutumnCookie|RED IS DEFINITELY GONNA BE TAKING GIACOMO MORE SERIOUSLY NEXT ROUND.\n|c|\u2606AutumnCookie|HE WASN'T EXPECTING THIS AT ALL\n|c|\u2606cassinidivision|HA\n|c|\u2606cassinidivision|giacomo has an extremely good bond w his pokemon\n|\n|t:|1696026874\n|move|p1b: Venusaur|Protect|p1b: Venusaur\n|-singleturn|p1b: Venusaur|Protect\n|move|p1a: Blastoise|Earthquake|p2b: BOZZMAN|[spread] p2a,p2b\n|-activate|p1b: Venusaur|move: Protect\n|-supereffective|p2b: BOZZMAN\n|-damage|p2a: MOONWITCH|80\/100 frz\n|-damage|p2b: BOZZMAN|0 fnt\n|faint|p2b: BOZZMAN\n|-end|p2b: BOZZMAN|fallen1|[silent]\n|cant|p2a: MOONWITCH|frz\n|\n|-heal|p1a: Blastoise|34\/100|[from] item: Leftovers\n|-heal|p2a: MOONWITCH|87\/100 frz|[from] item: Leftovers\n|upkeep\n|c|\u2606AutumnCookie|SO DOES RED\n|c|\u2606cassinidivision|ok how long does freeze last\n|c| parkle|oh my god thaw that poor thing\n|\n|t:|1696026899\n|switch|p2b: SLASHER|Weavile, M|100\/100\n|turn|10\n|c|\u2606AutumnCookie|Is Freeze just permanent\n|c| parkle|looking it up now\n|c|\u2606AutumnCookie|YOU KILLED CHARIZARD HE COULD'VE THAWED IT SMH\n|c|\u2606cassinidivision|its only perm in gen 1-\n|c| parkle|it has a 20% chance of thawing each turn\n|c|\u2606cassinidivision|ughhh\n|\n|t:|1696026937\n|move|p2b: SLASHER|Fake Out|p1a: Blastoise\n|-crit|p1a: Blastoise\n|-damage|p1a: Blastoise|15\/100\n|move|p1b: Venusaur|Sludge Bomb|p2b: SLASHER\n|-damage|p2b: SLASHER|46\/100\n|cant|p1a: Blastoise|flinch\n|cant|p2a: MOONWITCH|frz\n|\n|-heal|p1a: Blastoise|21\/100|[from] item: Leftovers\n|-heal|p2a: MOONWITCH|93\/100 frz|[from] item: Leftovers\n|upkeep\n|turn|11\n|c| parkle|all damaging fire moves can thaw it as well as a few others\n|c|\u2606AutumnCookie|SO YOU'VE JUST HAS THE WORST LUCK HERE\n|c|\u2606cassinidivision|this is bs\n|\n|t:|1696026972\n|move|p1b: Venusaur|Protect|p1b: Venusaur\n|-singleturn|p1b: Venusaur|Protect\n|move|p2b: SLASHER|Throat Chop|p1a: Blastoise\n|-damage|p1a: Blastoise|0 fnt\n|faint|p1a: Blastoise\n|cant|p2a: MOONWITCH|frz\n|\n|-heal|p2a: MOONWITCH|99\/100 frz|[from] item: Leftovers\n|upkeep\n|turn|12\n|c| parkle|hey at least its full health\n|\n|t:|1696026989\n|move|p2b: SLASHER|Icicle Crash|p1b: Venusaur\n|-supereffective|p1b: Venusaur\n|-damage|p1b: Venusaur|0 fnt\n|faint|p1b: Venusaur\n|\n|win|cassinidivision\n|c|\u2606cassinidivision|HA\n|c|\u2606cassinidivision|I KNEW HE COULD\n|c| parkle|HDSFG\n|c|\u2606cassinidivision|ok i gotta walk the dogs rq\n|c| parkle|OH MY GOODNESS.. RED OUT IN THE FIRST ROUND\n|c|\u2606AutumnCookie|HE WASN'T TAKING GIACOMO THAT SERIOUSLY THIS TIME. HE'S LEARNED THOUGH\n|c| parkle|get those dogs pissing\n|c|\u2606cassinidivision|imagine.\n|c|\u2606AutumnCookie|NEXT ROUND MIGHT BE DIFFERENT.\n","uploadtime":1696027021,"views":10,"p1id":"autumncookie","p2id":"cassinidivision","formatid":"gen9nationaldexdoubles","rating":0,"private":0,"password":""}