{"id":"gen9nationaldexdoubles-1996035311","p1":"Woundsave","p2":"Ransom10","format":"[Gen 9] National Dex Doubles","log":"|j|\u2606Woundsave\n|j|\u2606Ransom10\n|t:|1700632910\n|gametype|doubles\n|player|p1|Woundsave|102|1296\n|player|p2|Ransom10|101|1040\n|teamsize|p1|6\n|teamsize|p2|6\n|gen|9\n|tier|[Gen 9] National Dex Doubles\n|rated|\n|rule|HP Percentage Mod: HP is shown in percentages\n|rule|Endless Battle Clause: Forcing endless battles is banned\n|rule|OHKO Clause: OHKO moves are banned\n|rule|Evasion Moves Clause: Evasion moves are banned\n|rule|Evasion Abilities Clause: Evasion abilities are banned\n|rule|Species Clause: Limit one of each Pok\u00e9mon\n|rule|Gravity Sleep Clause: The combination of sleep-inducing moves with imperfect accuracy and Gravity or Gigantamax Orbeetle are banned\n|clearpoke\n|poke|p1|Iron Hands|\n|poke|p1|Arcanine-Hisui, F|\n|poke|p1|Wo-Chien|\n|poke|p1|Sinistcha|\n|poke|p1|Ceruledge, F|\n|poke|p1|Incineroar, F|\n|poke|p2|Flutter Mane|\n|poke|p2|Landorus-Therian, M|\n|poke|p2|Kingambit, M|\n|poke|p2|Urshifu-*, F|\n|poke|p2|Tornadus, M|\n|poke|p2|Sinistcha-Masterpiece|\n|teampreview\n|inactive|Battle timer is ON: inactive players will automatically lose when time's up. (requested by Woundsave)\n|\n|t:|1700632925\n|start\n|switch|p1a: Incineroar|Incineroar, F|100\/100\n|switch|p1b: Ceruledge|Ceruledge, F|100\/100\n|switch|p2a: Tornadus|Tornadus, M, shiny|100\/100\n|switch|p2b: Urshifu|Urshifu-Rapid-Strike, F|100\/100\n|-ability|p1a: Incineroar|Intimidate|boost\n|-unboost|p2a: Tornadus|atk|1\n|-unboost|p2b: Urshifu|atk|1\n|turn|1\n|\n|t:|1700632946\n|move|p2a: Tornadus|Protect|p2a: Tornadus\n|-singleturn|p2a: Tornadus|Protect\n|move|p1a: Incineroar|Fake Out|p2b: Urshifu\n|-damage|p2b: Urshifu|89\/100\n|cant|p2b: Urshifu|flinch\n|move|p1b: Ceruledge|Bulk Up|p1b: Ceruledge\n|-boost|p1b: Ceruledge|atk|1\n|-boost|p1b: Ceruledge|def|1\n|\n|upkeep\n|turn|2\n|\n|t:|1700632964\n|-terastallize|p1b: Ceruledge|Grass\n|move|p2a: Tornadus|Tailwind|p2a: Tornadus\n|-sidestart|p2: Ransom10|move: Tailwind\n|move|p2b: Urshifu|Surging Strikes|p1b: Ceruledge\n|-resisted|p1b: Ceruledge\n|-crit|p1b: Ceruledge\n|-damage|p1b: Ceruledge|89\/100\n|-ability|p1b: Ceruledge|Weak Armor|boost\n|-unboost|p1b: Ceruledge|def|1\n|-boost|p1b: Ceruledge|spe|2\n|-resisted|p1b: Ceruledge\n|-crit|p1b: Ceruledge\n|-damage|p1b: Ceruledge|77\/100\n|-ability|p1b: Ceruledge|Weak Armor|boost\n|-unboost|p1b: Ceruledge|def|1\n|-boost|p1b: Ceruledge|spe|2\n|-resisted|p1b: Ceruledge\n|-crit|p1b: Ceruledge\n|-damage|p1b: Ceruledge|59\/100\n|-ability|p1b: Ceruledge|Weak Armor|boost\n|-unboost|p1b: Ceruledge|def|1\n|-boost|p1b: Ceruledge|spe|2\n|-hitcount|p1b: Ceruledge|3\n|move|p1b: Ceruledge|Bitter Blade|p2b: Urshifu\n|-resisted|p2b: Urshifu\n|-damage|p2b: Urshifu|54\/100\n|-heal|p1b: Ceruledge|77\/100|[from] drain|[of] p2b: Urshifu\n|move|p1a: Incineroar|Parting Shot|p2b: Urshifu\n|-unboost|p2b: Urshifu|atk|1\n|-unboost|p2b: Urshifu|spa|1\n|\n|t:|1700632983\n|switch|p1a: Iron Hands|Iron Hands|100\/100|[from] Parting Shot\n|\n|upkeep\n|turn|3\n|\n|t:|1700633004\n|move|p1a: Iron Hands|Fake Out|p2b: Urshifu\n|-damage|p2b: Urshifu|37\/100\n|move|p2a: Tornadus|Taunt|p1b: Ceruledge\n|-start|p1b: Ceruledge|move: Taunt\n|cant|p1b: Ceruledge|move: Taunt|Bulk Up\n|cant|p2b: Urshifu|flinch\n|\n|upkeep\n|turn|4\n|\n|t:|1700633019\n|-end|p1a: Iron Hands|Quark Drive|[silent]\n|switch|p1a: Sinistcha|Sinistcha|100\/100\n|-heal|p1b: Ceruledge|100\/100|[from] ability: Hospitality|[of] p1a: Sinistcha\n|move|p2a: Tornadus|Protect|p2a: Tornadus\n|-singleturn|p2a: Tornadus|Protect\n|move|p1b: Ceruledge|Shadow Sneak|p2b: Urshifu\n|-damage|p2b: Urshifu|11\/100\n|move|p2b: Urshifu|U-turn|p1b: Ceruledge\n|-supereffective|p1b: Ceruledge\n|-damage|p1b: Ceruledge|54\/100\n|-ability|p1b: Ceruledge|Weak Armor|boost\n|-unboost|p1b: Ceruledge|def|1\n|-enditem|p1b: Ceruledge|Weakness Policy\n|-boost|p1b: Ceruledge|atk|2|[from] item: Weakness Policy\n|-boost|p1b: Ceruledge|spa|2|[from] item: Weakness Policy\n|inactive|Ransom10 has 120 seconds left.\n|\n|t:|1700633059\n|switch|p2b: Landorus|Landorus-Therian, M, shiny|100\/100|[from] U-turn\n|-ability|p2b: Landorus|Intimidate|boost\n|-unboost|p1a: Sinistcha|atk|1\n|-unboost|p1b: Ceruledge|atk|1\n|\n|upkeep\n|turn|5\n|inactive|Ransom10 has 120 seconds left.\n|\n|t:|1700633084\n|-terastallize|p2b: Landorus|Flying\n|move|p1b: Ceruledge|Shadow Sneak|p2b: Landorus\n|-damage|p2b: Landorus|64\/100\n|move|p2a: Tornadus|Bleakwind Storm|p1b: Ceruledge|[spread] p1a,p1b\n|-supereffective|p1a: Sinistcha\n|-supereffective|p1b: Ceruledge\n|-damage|p1a: Sinistcha|50\/100\n|-damage|p1b: Ceruledge|0 fnt\n|faint|p1b: Ceruledge\n|move|p2b: Landorus|Tera Blast|p1a: Sinistcha|[anim] Tera Blast Flying\n|-supereffective|p1a: Sinistcha\n|-damage|p1a: Sinistcha|0 fnt\n|faint|p1a: Sinistcha\n|\n|-sideend|p2: Ransom10|move: Tailwind\n|upkeep\n|\n|t:|1700633091\n|switch|p1b: Arcanine|Arcanine-Hisui, F|100\/100\n|switch|p1a: Incineroar|Incineroar, F|100\/100\n|-ability|p1b: Arcanine|Intimidate|boost\n|-unboost|p2a: Tornadus|atk|1\n|-unboost|p2b: Landorus|atk|1\n|-ability|p1a: Incineroar|Intimidate|boost\n|-unboost|p2a: Tornadus|atk|1\n|-unboost|p2b: Landorus|atk|1\n|turn|6\n|\n|t:|1700633103\n|move|p2a: Tornadus|Protect|p2a: Tornadus\n|-singleturn|p2a: Tornadus|Protect\n|move|p1a: Incineroar|Fake Out|p2b: Landorus\n|-damage|p2b: Landorus|54\/100\n|move|p1b: Arcanine|Rock Slide|p2a: Tornadus|[spread] p2b\n|-activate|p2a: Tornadus|move: Protect\n|-supereffective|p2b: Landorus\n|-damage|p2b: Landorus|2\/100\n|cant|p2b: Landorus|flinch\n|\n|upkeep\n|turn|7\n|\n|t:|1700633122\n|switch|p1b: Wo-Chien|Wo-Chien|100\/100\n|-ability|p1b: Wo-Chien|Tablets of Ruin\n|switch|p1a: Iron Hands|Iron Hands|100\/100\n|move|p2a: Tornadus|Tailwind|p2a: Tornadus\n|-sidestart|p2: Ransom10|move: Tailwind\n|move|p2b: Landorus|Stomping Tantrum|p1b: Wo-Chien\n|-resisted|p1b: Wo-Chien\n|-damage|p1b: Wo-Chien|90\/100\n|\n|-heal|p1b: Wo-Chien|96\/100|[from] item: Leftovers\n|upkeep\n|turn|8\n|\n|t:|1700633146\n|switch|p2b: Sinistcha|Sinistcha-Masterpiece, shiny|100\/100\n|move|p1a: Iron Hands|Fake Out|p2b: Sinistcha\n|-immune|p2b: Sinistcha\n|move|p2a: Tornadus|Bleakwind Storm|p1b: Wo-Chien|[spread] p1a\n|-miss|p2a: Tornadus|p1b: Wo-Chien\n|-damage|p1a: Iron Hands|83\/100\n|move|p1b: Wo-Chien|Leech Seed|p2a: Tornadus\n|-start|p2a: Tornadus|move: Leech Seed\n|\n|-heal|p1b: Wo-Chien|100\/100|[from] item: Leftovers\n|-damage|p2a: Tornadus|88\/100|[from] Leech Seed|[of] p1b: Wo-Chien\n|upkeep\n|turn|9\n|\n|t:|1700633170\n|-end|p1a: Iron Hands|Quark Drive|[silent]\n|switch|p1a: Incineroar|Incineroar, F|100\/100\n|-ability|p1a: Incineroar|Intimidate|boost\n|-unboost|p2a: Tornadus|atk|1\n|-unboost|p2b: Sinistcha|atk|1\n|move|p2a: Tornadus|Taunt|p1b: Wo-Chien\n|-hint|Since gen 7, Dark is immune to Prankster moves.\n|-immune|p1b: Wo-Chien\n|move|p2b: Sinistcha|Scald|p1a: Incineroar\n|-supereffective|p1a: Incineroar\n|-damage|p1a: Incineroar|57\/100\n|move|p1b: Wo-Chien|Snarl|p2a: Tornadus|[spread] p2a,p2b\n|-supereffective|p2b: Sinistcha\n|-damage|p2a: Tornadus|73\/100\n|-damage|p2b: Sinistcha|70\/100\n|-unboost|p2a: Tornadus|spa|1\n|-unboost|p2b: Sinistcha|spa|1\n|\n|-heal|p2b: Sinistcha|77\/100|[from] item: Leftovers\n|-damage|p2a: Tornadus|61\/100|[from] Leech Seed|[of] p1b: Wo-Chien\n|upkeep\n|turn|10\n|\n|t:|1700633200\n|switch|p2a: Urshifu|Urshifu-Rapid-Strike, F|11\/100\n|switch|p1a: Iron Hands|Iron Hands|83\/100\n|move|p2b: Sinistcha|Scald|p1a: Iron Hands\n|-damage|p1a: Iron Hands|74\/100\n|-status|p1a: Iron Hands|brn\n|move|p1b: Wo-Chien|Snarl|p2b: Sinistcha|[spread] p2a,p2b\n|-resisted|p2a: Urshifu\n|-supereffective|p2b: Sinistcha\n|-crit|p2b: Sinistcha\n|-damage|p2a: Urshifu|0 fnt\n|-damage|p2b: Sinistcha|31\/100\n|-unboost|p2b: Sinistcha|spa|1\n|faint|p2a: Urshifu\n|\n|-heal|p2b: Sinistcha|37\/100|[from] item: Leftovers\n|-damage|p1a: Iron Hands|68\/100 brn|[from] brn\n|-sideend|p2: Ransom10|move: Tailwind\n|upkeep\n|j| eguipengxia\n|\n|t:|1700633214\n|switch|p2a: Landorus|Landorus-Therian, M, shiny, tera:Flying|2\/100\n|-ability|p2a: Landorus|Intimidate|boost\n|-unboost|p1a: Iron Hands|atk|1\n|-unboost|p1b: Wo-Chien|atk|1\n|turn|11\n|\n|t:|1700633236\n|switch|p2b: Kingambit|Kingambit, M, shiny|100\/100\n|move|p1a: Iron Hands|Fake Out|p2a: Landorus\n|-damage|p2a: Landorus|0 fnt\n|faint|p2a: Landorus\n|move|p1b: Wo-Chien|Foul Play|p2b: Kingambit\n|-resisted|p2b: Kingambit\n|-damage|p2b: Kingambit|79\/100\n|\n|-damage|p1a: Iron Hands|62\/100 brn|[from] brn\n|upkeep\n|\n|t:|1700633247\n|switch|p2a: Tornadus|Tornadus, M, shiny|61\/100\n|turn|12\n|\n|t:|1700633255\n|move|p2b: Kingambit|Protect|p2b: Kingambit\n|-singleturn|p2b: Kingambit|Protect\n|move|p2a: Tornadus|Tailwind|p2a: Tornadus\n|-sidestart|p2: Ransom10|move: Tailwind\n|move|p1b: Wo-Chien|Leech Seed|p2b: Kingambit\n|-activate|p2b: Kingambit|move: Protect\n|move|p1a: Iron Hands|Thunder Punch|p2a: Tornadus\n|-supereffective|p2a: Tornadus\n|-damage|p2a: Tornadus|34\/100\n|-status|p2a: Tornadus|par\n|\n|-damage|p1a: Iron Hands|56\/100 brn|[from] brn\n|upkeep\n|turn|13\n|j| TestBots\n|\n|t:|1700633276\n|switch|p2b: Sinistcha|Sinistcha-Masterpiece, shiny|37\/100\n|-heal|p2a: Tornadus|59\/100 par|[from] ability: Hospitality|[of] p2b: Sinistcha\n|cant|p2a: Tornadus|par\n|move|p1b: Wo-Chien|Leech Seed|p2b: Sinistcha\n|-immune|p2b: Sinistcha\n|move|p1a: Iron Hands|Drain Punch|p2b: Sinistcha\n|-immune|p2b: Sinistcha\n|\n|-heal|p2b: Sinistcha|44\/100|[from] item: Leftovers\n|-damage|p1a: Iron Hands|50\/100 brn|[from] brn\n|upkeep\n|turn|14\n|j| ZacianHero160\n|\n|t:|1700633292\n|move|p2b: Sinistcha|Shadow Ball|p1a: Iron Hands\n|-damage|p1a: Iron Hands|29\/100 brn\n|move|p2a: Tornadus|Bleakwind Storm|p1b: Wo-Chien|[spread] p1a,p1b\n|-supereffective|p1b: Wo-Chien\n|-damage|p1a: Iron Hands|13\/100 brn\n|-damage|p1b: Wo-Chien|58\/100\n|-unboost|p1a: Iron Hands|spe|1\n|move|p1b: Wo-Chien|Foul Play|p2b: Sinistcha\n|-supereffective|p2b: Sinistcha\n|-damage|p2b: Sinistcha|14\/100\n|move|p1a: Iron Hands|Thunder Punch|p2a: Tornadus\n|-supereffective|p2a: Tornadus\n|-damage|p2a: Tornadus|31\/100 par\n|\n|-heal|p2b: Sinistcha|20\/100|[from] item: Leftovers\n|-heal|p1b: Wo-Chien|64\/100|[from] item: Leftovers\n|-damage|p1a: Iron Hands|7\/100 brn|[from] brn\n|upkeep\n|turn|15\n|l| eguipengxia\n|\n|t:|1700633331\n|move|p2a: Tornadus|Protect|p2a: Tornadus\n|-singleturn|p2a: Tornadus|Protect\n|move|p2b: Sinistcha|Strength Sap|p1a: Iron Hands\n|-unboost|p1a: Iron Hands|atk|1\n|-heal|p2b: Sinistcha|96\/100\n|move|p1b: Wo-Chien|Leech Seed|p2a: Tornadus\n|-activate|p2a: Tornadus|move: Protect\n|move|p1a: Iron Hands|Drain Punch|p2b: Sinistcha\n|-immune|p2b: Sinistcha\n|\n|-heal|p2b: Sinistcha|100\/100|[from] item: Leftovers\n|-heal|p1b: Wo-Chien|70\/100|[from] item: Leftovers\n|-damage|p1a: Iron Hands|1\/100 brn|[from] brn\n|-sideend|p2: Ransom10|move: Tailwind\n|upkeep\n|turn|16\n|c| ZacianHero160|lmao\n|\n|t:|1700633360\n|-end|p1a: Iron Hands|Quark Drive|[silent]\n|switch|p1a: Arcanine|Arcanine-Hisui, F|100\/100\n|-ability|p1a: Arcanine|Intimidate|boost\n|-unboost|p2a: Tornadus|atk|1\n|-unboost|p2b: Sinistcha|atk|1\n|cant|p2a: Tornadus|par\n|move|p2b: Sinistcha|Matcha Gotcha|p1a: Arcanine|[spread] p1a\n|-miss|p2b: Sinistcha|p1b: Wo-Chien\n|-damage|p1a: Arcanine|61\/100\n|move|p1b: Wo-Chien|Leech Seed|p2a: Tornadus\n|-start|p2a: Tornadus|move: Leech Seed\n|\n|-heal|p1b: Wo-Chien|77\/100|[from] item: Leftovers\n|-damage|p2a: Tornadus|19\/100 par|[from] Leech Seed|[of] p1b: Wo-Chien\n|-heal|p1b: Wo-Chien|89\/100|[silent]\n|upkeep\n|turn|17\n|inactive|Woundsave has 120 seconds left.\n|\n|t:|1700633392\n|switch|p1b: Incineroar|Incineroar, F|57\/100\n|-ability|p1b: Incineroar|Intimidate|boost\n|-unboost|p2a: Tornadus|atk|1\n|-unboost|p2b: Sinistcha|atk|1\n|move|p2a: Tornadus|Tailwind|p2a: Tornadus\n|-sidestart|p2: Ransom10|move: Tailwind\n|move|p1a: Arcanine|Flare Blitz|p2b: Sinistcha\n|-supereffective|p2b: Sinistcha\n|-damage|p2b: Sinistcha|0 fnt\n|faint|p2b: Sinistcha\n|-damage|p1a: Arcanine|27\/100|[from] Recoil\n|\n|-damage|p2a: Tornadus|6\/100 par|[from] Leech Seed|[of] p1b: Incineroar\n|-heal|p1b: Incineroar|69\/100|[silent]\n|upkeep\n|inactive|Ransom10 has 120 seconds left.\n|\n|t:|1700633418\n|switch|p2b: Flutter Mane|Flutter Mane, shiny|100\/100\n|-enditem|p2b: Flutter Mane|Booster Energy\n|-activate|p2b: Flutter Mane|ability: Protosynthesis|[fromitem]\n|-start|p2b: Flutter Mane|protosynthesisspe\n|turn|18\n|\n|t:|1700633438\n|switch|p1a: Iron Hands|Iron Hands|1\/100 brn\n|move|p2b: Flutter Mane|Protect|p2b: Flutter Mane\n|-singleturn|p2b: Flutter Mane|Protect\n|move|p2a: Tornadus|Bleakwind Storm|p1b: Incineroar|[spread] p1a,p1b\n|-damage|p1a: Iron Hands|0 fnt\n|-damage|p1b: Incineroar|46\/100\n|-unboost|p1b: Incineroar|spe|1\n|-enditem|p1b: Incineroar|Sitrus Berry|[eat]\n|-heal|p1b: Incineroar|71\/100|[from] item: Sitrus Berry\n|faint|p1a: Iron Hands\n|-end|p1a: Iron Hands|Quark Drive|[silent]\n|move|p1b: Incineroar|Parting Shot|p2b: Flutter Mane\n|-activate|p2b: Flutter Mane|move: Protect\n|\n|-damage|p2a: Tornadus|0 fnt|[from] Leech Seed|[of] p1b: Incineroar\n|-heal|p1b: Incineroar|77\/100|[silent]\n|faint|p2a: Tornadus\n|upkeep\n|\n|t:|1700633453\n|switch|p2a: Kingambit|Kingambit, M, shiny|79\/100\n|switch|p1a: Wo-Chien|Wo-Chien|89\/100\n|-ability|p1a: Wo-Chien|Tablets of Ruin\n|turn|19\n|\n|t:|1700633469\n|move|p1a: Wo-Chien|Protect|p1a: Wo-Chien\n|-singleturn|p1a: Wo-Chien|Protect\n|move|p2b: Flutter Mane|Dazzling Gleam|p1a: Wo-Chien|[spread] p1b\n|-activate|p1a: Wo-Chien|move: Protect\n|-damage|p1b: Incineroar|53\/100\n|move|p2a: Kingambit|Kowtow Cleave|p1a: Wo-Chien\n|-activate|p1a: Wo-Chien|move: Protect\n|move|p1b: Incineroar|Knock Off|p2a: Kingambit\n|-resisted|p2a: Kingambit\n|-damage|p2a: Kingambit|69\/100\n|-enditem|p2a: Kingambit|Black Glasses|[from] move: Knock Off|[of] p1b: Incineroar\n|\n|-heal|p1a: Wo-Chien|95\/100|[from] item: Leftovers\n|upkeep\n|turn|20\n|l| TestBots\n|inactive|Woundsave has 120 seconds left.\n|\n|t:|1700633514\n|move|p2b: Flutter Mane|Dazzling Gleam|p1a: Wo-Chien|[spread] p1a,p1b\n|-supereffective|p1a: Wo-Chien\n|-damage|p1a: Wo-Chien|54\/100\n|-damage|p1b: Incineroar|32\/100\n|move|p2a: Kingambit|Kowtow Cleave|p1b: Incineroar\n|-resisted|p1b: Incineroar\n|-damage|p1b: Incineroar|17\/100\n|move|p1a: Wo-Chien|Leech Seed|p2a: Kingambit\n|-start|p2a: Kingambit|move: Leech Seed\n|move|p1b: Incineroar|Parting Shot|p2b: Flutter Mane\n|-unboost|p2b: Flutter Mane|atk|1\n|-unboost|p2b: Flutter Mane|spa|1\n|\n|t:|1700633526\n|switch|p1b: Arcanine|Arcanine-Hisui, F|27\/100|[from] Parting Shot\n|-ability|p1b: Arcanine|Intimidate|boost\n|-unboost|p2a: Kingambit|atk|1\n|-ability|p2a: Kingambit|Defiant|boost\n|-boost|p2a: Kingambit|atk|2\n|-unboost|p2b: Flutter Mane|atk|1\n|\n|-heal|p1a: Wo-Chien|60\/100|[from] item: Leftovers\n|-damage|p2a: Kingambit|57\/100|[from] Leech Seed|[of] p1a: Wo-Chien\n|-heal|p1a: Wo-Chien|74\/100|[silent]\n|-sideend|p2: Ransom10|move: Tailwind\n|upkeep\n|turn|21\n|inactive|Woundsave has 120 seconds left.\n|\n|t:|1700633542\n|switch|p1b: Incineroar|Incineroar, F|17\/100\n|-ability|p1b: Incineroar|Intimidate|boost\n|-unboost|p2a: Kingambit|atk|1\n|-ability|p2a: Kingambit|Defiant|boost\n|-boost|p2a: Kingambit|atk|2\n|-unboost|p2b: Flutter Mane|atk|1\n|move|p2a: Kingambit|Sucker Punch||[still]\n|-fail|p2a: Kingambit\n|move|p2b: Flutter Mane|Dazzling Gleam|p1b: Incineroar|[spread] p1a,p1b\n|-supereffective|p1a: Wo-Chien\n|-damage|p1a: Wo-Chien|47\/100\n|-damage|p1b: Incineroar|3\/100\n|move|p1a: Wo-Chien|Foul Play|p2a: Kingambit\n|-resisted|p2a: Kingambit\n|-damage|p2a: Kingambit|20\/100\n|\n|-heal|p1a: Wo-Chien|54\/100|[from] item: Leftovers\n|-damage|p2a: Kingambit|7\/100|[from] Leech Seed|[of] p1a: Wo-Chien\n|-heal|p1a: Wo-Chien|67\/100|[silent]\n|upkeep\n|turn|22\n|\n|t:|1700633567\n|move|p1a: Wo-Chien|Protect|p1a: Wo-Chien\n|-singleturn|p1a: Wo-Chien|Protect\n|move|p2a: Kingambit|Sucker Punch||[still]\n|-fail|p2a: Kingambit\n|move|p2b: Flutter Mane|Dazzling Gleam|p1a: Wo-Chien|[spread] p1b\n|-activate|p1a: Wo-Chien|move: Protect\n|-damage|p1b: Incineroar|0 fnt\n|faint|p1b: Incineroar\n|\n|-heal|p1a: Wo-Chien|73\/100|[from] item: Leftovers\n|-damage|p2a: Kingambit|0 fnt|[from] Leech Seed|[of] p1a: Wo-Chien\n|-heal|p1a: Wo-Chien|80\/100|[silent]\n|faint|p2a: Kingambit\n|upkeep\n|\n|t:|1700633574\n|switch|p1b: Arcanine|Arcanine-Hisui, F|27\/100\n|-ability|p1b: Arcanine|Intimidate|boost\n|-unboost|p2b: Flutter Mane|atk|1\n|turn|23\n|\n|t:|1700633583\n|move|p2b: Flutter Mane|Protect|p2b: Flutter Mane\n|-singleturn|p2b: Flutter Mane|Protect\n|move|p1b: Arcanine|Iron Head|p2b: Flutter Mane\n|-activate|p2b: Flutter Mane|move: Protect\n|move|p1a: Wo-Chien|Leech Seed|p2b: Flutter Mane\n|-activate|p2b: Flutter Mane|move: Protect\n|\n|-heal|p1a: Wo-Chien|87\/100|[from] item: Leftovers\n|upkeep\n|turn|24\n|\n|t:|1700633593\n|move|p2b: Flutter Mane|Dazzling Gleam|p1a: Wo-Chien|[spread] p1a,p1b\n|-supereffective|p1a: Wo-Chien\n|-resisted|p1b: Arcanine\n|-damage|p1a: Wo-Chien|61\/100\n|-damage|p1b: Arcanine|16\/100\n|move|p1b: Arcanine|Iron Head|p2b: Flutter Mane\n|-supereffective|p2b: Flutter Mane\n|-damage|p2b: Flutter Mane|47\/100\n|move|p1a: Wo-Chien|Leech Seed|p2b: Flutter Mane\n|-start|p2b: Flutter Mane|move: Leech Seed\n|\n|-heal|p1a: Wo-Chien|67\/100|[from] item: Leftovers\n|-damage|p2b: Flutter Mane|35\/100|[from] Leech Seed|[of] p1a: Wo-Chien\n|-heal|p1a: Wo-Chien|77\/100|[silent]\n|upkeep\n|turn|25\n|c|\u2606Ransom10|gg\n|\n|t:|1700633604\n|move|p2b: Flutter Mane|Dazzling Gleam|p1b: Arcanine|[spread] p1a,p1b\n|-supereffective|p1a: Wo-Chien\n|-resisted|p1b: Arcanine\n|-damage|p1a: Wo-Chien|53\/100\n|-damage|p1b: Arcanine|5\/100\n|move|p1b: Arcanine|Iron Head|p2b: Flutter Mane\n|-supereffective|p2b: Flutter Mane\n|-damage|p2b: Flutter Mane|0 fnt\n|faint|p2b: Flutter Mane\n|-end|p2b: Flutter Mane|Protosynthesis|[silent]\n|\n|win|Woundsave\n|raw|Woundsave's rating: 1296 &rarr; <strong>1305<\/strong><br \/>(+9 for winning)\n|raw|Ransom10's rating: 1040 &rarr; <strong>1034<\/strong><br \/>(-6 for losing)\n|c| ZacianHero160|gg\n|l|\u2606Ransom10\n","uploadtime":1700633614,"views":3,"p1id":"woundsave","p2id":"ransom10","formatid":"gen9nationaldexdoubles","rating":1034,"private":0,"password":""}