{"id":"gen9nationaldexdoubles-1951998674","p1":"Piriko.","p2":"Morakun","format":"[Gen 9] National Dex Doubles","log":"|j|\u2606Piriko.\n|j|\u2606Morakun\n|t:|1695648821\n|gametype|doubles\n|player|p1|Piriko.|alder|\n|player|p2|Morakun|ghetsis|\n|teamsize|p1|6\n|teamsize|p2|6\n|gen|9\n|tier|[Gen 9] National Dex Doubles\n|rule|HP Percentage Mod: HP is shown in percentages\n|rule|Endless Battle Clause: Forcing endless battles is banned\n|rule|OHKO Clause: OHKO moves are banned\n|rule|Evasion Moves Clause: Evasion moves are banned\n|rule|Evasion Abilities Clause: Evasion abilities are banned\n|rule|Species Clause: Limit one of each Pok\u00e9mon\n|rule|Gravity Sleep Clause: The combination of sleep-inducing moves with imperfect accuracy and Gravity or Gigantamax Orbeetle are banned\n|clearpoke\n|poke|p1|Oricorio-Pom-Pom, F|\n|poke|p1|Ribombee, F|\n|poke|p1|Torkoal, M|\n|poke|p1|Typhlosion, F|\n|poke|p1|Sunflora, M|\n|poke|p1|Lilligant-Hisui, F|\n|poke|p2|Pelipper, F|\n|poke|p2|Decidueye-Hisui, F|\n|poke|p2|Regidrago|\n|poke|p2|Nihilego|\n|poke|p2|Tyrantrum, M|\n|poke|p2|Greninja-*, F|\n|teampreview\n|j| Oghmagod\n|c|\u2606Piriko.|Ya veo.\n|c|\u2606Piriko.|\u00a1Aqu\u00ed vamos!\n|c|\u2606Piriko.|Buena suerte.\n|\n|t:|1695648856\n|start\n|switch|p1a: Bromita|Oricorio-Pom-Pom, F|100\/100\n|switch|p1b: Unbound|Ribombee, F|100\/100\n|switch|p2a: lluevee|Pelipper, F|100\/100\n|switch|p2b: verum|Tyrantrum, M|100\/100\n|-weather|RainDance|[from] ability: Drizzle|[of] p2a: lluevee\n|turn|1\n|\n|t:|1695648871\n|-terastallize|p1a: Bromita|Electric\n|move|p1b: Unbound|Quiver Dance|p1b: Unbound\n|-boost|p1b: Unbound|spa|1\n|-boost|p1b: Unbound|spd|1\n|-boost|p1b: Unbound|spe|1\n|-activate|p1a: Bromita|ability: Dancer\n|move|p1a: Bromita|Quiver Dance|p1a: Bromita|[from]ability: Dancer\n|-boost|p1a: Bromita|spa|1\n|-boost|p1a: Bromita|spd|1\n|-boost|p1a: Bromita|spe|1\n|move|p1a: Bromita|Revelation Dance|p2a: lluevee\n|-supereffective|p2a: lluevee\n|-damage|p2a: lluevee|0 fnt\n|faint|p2a: lluevee\n|move|p2b: verum|Rock Slide|p1b: Unbound|[spread] p1a,p1b\n|-supereffective|p1b: Unbound\n|-damage|p1a: Bromita|66\/100\n|-enditem|p1b: Unbound|Focus Sash\n|-damage|p1b: Unbound|1\/100\n|\n|-weather|RainDance|[upkeep]\n|-heal|p1a: Bromita|72\/100|[from] item: Leftovers\n|upkeep\n|\n|t:|1695648906\n|switch|p2a: tornica|Nihilego|100\/100\n|turn|2\n|\n|t:|1695648928\n|move|p1a: Bromita|Protect|p1a: Bromita\n|-singleturn|p1a: Bromita|Protect\n|move|p1b: Unbound|Sticky Web|p2b: verum\n|-sidestart|p2: Morakun|move: Sticky Web\n|move|p2a: tornica|Dazzling Gleam|p1b: Unbound|[spread] p1b\n|-activate|p1a: Bromita|move: Protect\n|-damage|p1b: Unbound|0 fnt\n|faint|p1b: Unbound\n|-ability|p2a: tornica|Beast Boost|boost\n|-boost|p2a: tornica|spa|1\n|move|p2b: verum|Head Smash|p1a: Bromita\n|-activate|p1a: Bromita|move: Protect\n|\n|-weather|RainDance|[upkeep]\n|-heal|p1a: Bromita|78\/100|[from] item: Leftovers\n|upkeep\n|\n|t:|1695648947\n|switch|p1b: ALABADO SOL|Torkoal, M|100\/100\n|-weather|SunnyDay|[from] ability: Drought|[of] p1b: ALABADO SOL\n|turn|3\n|\n|t:|1695648984\n|move|p1a: Bromita|Revelation Dance|p2a: tornica\n|-damage|p2a: tornica|52\/100\n|move|p2a: tornica|Power Gem|p1b: ALABADO SOL\n|-supereffective|p1b: ALABADO SOL\n|-damage|p1b: ALABADO SOL|0 fnt\n|faint|p1b: ALABADO SOL\n|-ability|p2a: tornica|Beast Boost|boost\n|-boost|p2a: tornica|spa|1\n|move|p2b: verum|Dragon Tail|p1a: Bromita\n|-damage|p1a: Bromita|40\/100\n|drag|p1a: Piriko|Typhlosion, F|100\/100\n|\n|-weather|SunnyDay|[upkeep]\n|upkeep\n|j| elmaptiv\n|\n|t:|1695648999\n|switch|p1b: Tyler dos|Lilligant-Hisui, F|100\/100\n|turn|4\n|\n|t:|1695649014\n|move|p1b: Tyler dos|Solar Blade||[still]\n|-prepare|p1b: Tyler dos|Solar Blade\n|-anim|p1b: Tyler dos|Solar Blade|p2b: verum\n|-damage|p2b: verum|46\/100\n|-enditem|p2b: verum|Kee Berry|[eat]\n|-boost|p2b: verum|def|1|[from] item: Kee Berry\n|move|p1a: Piriko|Extrasensory|p2a: tornica\n|-supereffective|p2a: tornica\n|-damage|p2a: tornica|12\/100\n|move|p2a: tornica|Psychic|p1b: Tyler dos\n|-supereffective|p1b: Tyler dos\n|-damage|p1b: Tyler dos|0 fnt\n|faint|p1b: Tyler dos\n|-ability|p2a: tornica|Beast Boost|boost\n|-boost|p2a: tornica|spa|1\n|move|p2b: verum|Rock Slide|p1a: Piriko\n|-supereffective|p1a: Piriko\n|-damage|p1a: Piriko|0 fnt\n|faint|p1a: Piriko\n|\n|-weather|SunnyDay|[upkeep]\n|-enditem|p2a: tornica|Micle Berry|[eat]\n|upkeep\n|\n|t:|1695649019\n|switch|p1a: Solaire|Sunflora, M|100\/100\n|switch|p1b: Bromita|Oricorio-Pom-Pom, F, tera:Electric|40\/100\n|turn|5\n|c|\u2606Piriko.|GG.\n|c|\u2606Piriko.|Fue bastante divertido.\n|\n|t:|1695649049\n|move|p2a: tornica|Dazzling Gleam|p1b: Bromita|[spread] p1a,p1b\n|-enditem|p2a: tornica|Micle Berry\n|-damage|p1a: Solaire|38\/100\n|-damage|p1b: Bromita|0 fnt\n|faint|p1b: Bromita\n|-ability|p2a: tornica|Beast Boost|boost\n|-boost|p2a: tornica|spa|1\n|move|p1a: Solaire|Solar Beam||[still]\n|-prepare|p1a: Solaire|Solar Beam\n|-anim|p1a: Solaire|Solar Beam|p2b: verum\n|-damage|p2b: verum|0 fnt\n|faint|p2b: verum\n|\n|-weather|SunnyDay|[upkeep]\n|upkeep\n|\n|t:|1695649063\n|switch|p2b: salista|Greninja, F|100\/100\n|-activate|p2b: salista|move: Sticky Web\n|-unboost|p2b: salista|spe|1\n|turn|6\n|\n|t:|1695649073\n|move|p2a: tornica|Psychic|p1a: Solaire\n|-damage|p1a: Solaire|0 fnt\n|faint|p1a: Solaire\n|\n|win|Morakun\n|c|\u2606Piriko.|\u00a1Casi!\n|c|\u2606Morakun|GG\n|c|\u2606Piriko.|GG.\n","uploadtime":1695649083,"views":9,"p1id":"piriko","p2id":"morakun","formatid":"gen9nationaldexdoubles","rating":0,"private":0,"password":""}