{"id":"gen9nationaldexdoubles-1986336553","p1":"TheBosses27","p2":"BandageBlades","format":"[Gen 9] National Dex Doubles","log":"|j|\u2606TheBosses27\n|j|\u2606BandageBlades\n|t:|1699470349\n|gametype|doubles\n|player|p1|TheBosses27|bruno|1241\n|player|p2|BandageBlades|cynthia-masters|1286\n|teamsize|p1|6\n|teamsize|p2|6\n|gen|9\n|tier|[Gen 9] National Dex Doubles\n|rated|\n|rule|HP Percentage Mod: HP is shown in percentages\n|rule|Endless Battle Clause: Forcing endless battles is banned\n|rule|OHKO Clause: OHKO moves are banned\n|rule|Evasion Moves Clause: Evasion moves are banned\n|rule|Evasion Abilities Clause: Evasion abilities are banned\n|rule|Species Clause: Limit one of each Pok\u00e9mon\n|rule|Gravity Sleep Clause: The combination of sleep-inducing moves with imperfect accuracy and Gravity or Gigantamax Orbeetle are banned\n|clearpoke\n|poke|p1|Gliscor, F|\n|poke|p1|Toxapex, F|\n|poke|p1|Zapdos|\n|poke|p1|Arcanine, M|\n|poke|p1|Iron Treads|\n|poke|p1|Hatterene, F|\n|poke|p2|Charizard, M|\n|poke|p2|Flutter Mane|\n|poke|p2|Whimsicott, M|\n|poke|p2|Kingambit, F|\n|poke|p2|Landorus-Therian, M|\n|poke|p2|Clodsire, F|\n|teampreview\n|inactive|Battle timer is ON: inactive players will automatically lose when time's up. (requested by TheBosses27)\n|inactive|BandageBlades also wants the timer to be on.\n|c|\u2606BandageBlades|interesting team!\n|c|\u2606BandageBlades|glhf\n|\n|t:|1699470378\n|start\n|switch|p1a: Arcanine|Arcanine, M|100\/100\n|switch|p1b: Gliscor|Gliscor, F|100\/100\n|switch|p2a: Landorus|Landorus-Therian, M|100\/100\n|switch|p2b: Whimsicott|Whimsicott, M|100\/100\n|-ability|p2a: Landorus|Intimidate|boost\n|-unboost|p1a: Arcanine|atk|1\n|-unboost|p1b: Gliscor|atk|1\n|turn|1\n|\n|t:|1699470393\n|move|p2b: Whimsicott|Tailwind|p2b: Whimsicott\n|-sidestart|p2: BandageBlades|move: Tailwind\n|move|p2a: Landorus|Stealth Rock|p1a: Arcanine\n|-sidestart|p1: TheBosses27|move: Stealth Rock\n|move|p1a: Arcanine|Will-O-Wisp|p2a: Landorus\n|-status|p2a: Landorus|brn\n|move|p1b: Gliscor|Stealth Rock|p2a: Landorus\n|-sidestart|p2: BandageBlades|move: Stealth Rock\n|\n|-damage|p2a: Landorus|95\/100 brn|[from] brn\n|-status|p1b: Gliscor|tox|[from] item: Toxic Orb\n|upkeep\n|turn|2\n|\n|t:|1699470416\n|move|p2b: Whimsicott|Moonblast|p1a: Arcanine\n|-resisted|p1a: Arcanine\n|-damage|p1a: Arcanine|86\/100\n|move|p2a: Landorus|Defog|p1a: Arcanine\n|-unboost|p1a: Arcanine|evasion|1\n|-sideend|p1: TheBosses27|Stealth Rock|[from] move: Defog|[of] p2a: Landorus\n|-sideend|p2: BandageBlades|Stealth Rock|[from] move: Defog|[of] p2a: Landorus\n|move|p1b: Gliscor|Spikes|p2a: Landorus\n|-sidestart|p2: BandageBlades|Spikes\n|move|p1a: Arcanine|Roar|p2b: Whimsicott\n|drag|p2b: Kingambit|Kingambit, F|100\/100\n|-damage|p2b: Kingambit|88\/100|[from] Spikes\n|\n|-damage|p2a: Landorus|89\/100 brn|[from] brn\n|upkeep\n|turn|3\n|inactive|BandageBlades has 120 seconds left.\n|\n|t:|1699470468\n|move|p2b: Kingambit|Sucker Punch|p1b: Gliscor\n|-damage|p1b: Gliscor|70\/100 tox\n|-damage|p2b: Kingambit|78\/100|[from] item: Life Orb\n|move|p2a: Landorus|U-turn|p1b: Gliscor\n|-resisted|p1b: Gliscor\n|-damage|p1b: Gliscor|67\/100 tox\n|\n|t:|1699470476\n|switch|p2a: Flutter Mane|Flutter Mane|100\/100|[from] U-turn\n|-damage|p2a: Flutter Mane|88\/100|[from] Spikes\n|move|p1a: Arcanine|Will-O-Wisp|p2b: Kingambit\n|-status|p2b: Kingambit|brn\n|move|p1b: Gliscor|Knock Off|p2a: Flutter Mane\n|-damage|p2a: Flutter Mane|66\/100\n|-enditem|p2a: Flutter Mane|Choice Specs|[from] move: Knock Off|[of] p1b: Gliscor\n|\n|-heal|p1b: Gliscor|79\/100 tox|[from] ability: Poison Heal\n|-damage|p2b: Kingambit|72\/100 brn|[from] brn\n|upkeep\n|turn|4\n|inactive|BandageBlades has 120 seconds left.\n|\n|t:|1699470489\n|switch|p2b: Clodsire|Clodsire, F|100\/100\n|-damage|p2b: Clodsire|88\/100|[from] Spikes\n|-terastallize|p2a: Flutter Mane|Fairy\n|move|p2a: Flutter Mane|Dazzling Gleam|p1b: Gliscor|[spread] p1a,p1b\n|-resisted|p1a: Arcanine\n|-damage|p1a: Arcanine|66\/100\n|-damage|p1b: Gliscor|34\/100 tox\n|move|p1a: Arcanine|Snarl|p2a: Flutter Mane|[spread] p2a,p2b\n|-resisted|p2a: Flutter Mane\n|-damage|p2a: Flutter Mane|63\/100\n|-damage|p2b: Clodsire|83\/100\n|-unboost|p2a: Flutter Mane|spa|1\n|-unboost|p2b: Clodsire|spa|1\n|move|p1b: Gliscor|Stealth Rock|p2b: Clodsire\n|-sidestart|p2: BandageBlades|move: Stealth Rock\n|\n|-heal|p2b: Clodsire|90\/100|[from] item: Black Sludge\n|-heal|p1b: Gliscor|47\/100 tox|[from] ability: Poison Heal\n|-sideend|p2: BandageBlades|move: Tailwind\n|upkeep\n|turn|5\n|c|\u2606BandageBlades|i can't win\n|c|\u2606BandageBlades|buh bai\n|inactive|BandageBlades has 120 seconds left.\n|-message|BandageBlades forfeited.\n|\n|win|TheBosses27\n|raw|TheBosses27's rating: 1241 &rarr; <strong>1269<\/strong><br \/>(+28 for winning)\n|raw|BandageBlades's rating: 1286 &rarr; <strong>1258<\/strong><br \/>(-28 for losing)\n|l|\u2606BandageBlades\n","uploadtime":1699470546,"views":6,"p1id":"thebosses27","p2id":"bandageblades","formatid":"gen9nationaldexdoubles","rating":1258,"private":0,"password":""}