{"id":"gen9nationaldexdoubles-1973122200","p1":"TheKeepersDelta","p2":"LooneyTunesShow","format":"[Gen 9] National Dex Doubles","log":"|j|\u2606TheKeepersDelta\n|j|\u2606LooneyTunesShow\n|t:|1697930089\n|gametype|doubles\n|player|p1|TheKeepersDelta|steven|1000\n|player|p2|LooneyTunesShow|chili|1074\n|teamsize|p1|6\n|teamsize|p2|6\n|gen|9\n|tier|[Gen 9] National Dex Doubles\n|rated|\n|rule|HP Percentage Mod: HP is shown in percentages\n|rule|Endless Battle Clause: Forcing endless battles is banned\n|rule|OHKO Clause: OHKO moves are banned\n|rule|Evasion Moves Clause: Evasion moves are banned\n|rule|Evasion Abilities Clause: Evasion abilities are banned\n|rule|Species Clause: Limit one of each Pok\u00e9mon\n|rule|Gravity Sleep Clause: The combination of sleep-inducing moves with imperfect accuracy and Gravity or Gigantamax Orbeetle are banned\n|clearpoke\n|poke|p1|Medicham, F|\n|poke|p1|Sandslash-Alola, M|\n|poke|p1|Ninetales-Alola, M|\n|poke|p1|Ceruledge, M|\n|poke|p1|Hatterene, F|\n|poke|p1|Fezandipiti, M|\n|poke|p2|Hatterene, F|\n|poke|p2|Indeedee-F, F|\n|poke|p2|Gallade, M|\n|poke|p2|Cresselia, F|\n|poke|p2|Farigiraf, M|\n|poke|p2|Espathra, F|\n|teampreview\n|inactive|Battle timer is ON: inactive players will automatically lose when time's up. (requested by LooneyTunesShow)\n|\n|t:|1697930104\n|start\n|switch|p1a: Ninetales|Ninetales-Alola, M, shiny|100\/100\n|switch|p1b: Sandslash|Sandslash-Alola, M, shiny|100\/100\n|switch|p2a: Luna|Cresselia, F|100\/100\n|switch|p2b: Sia|Espathra, F|100\/100\n|-weather|Snow|[from] ability: Snow Warning|[of] p1a: Ninetales\n|turn|1\n|\n|t:|1697930133\n|move|p1b: Sandslash|Rock Slide|p2a: Luna|[spread] p2a,p2b\n|-damage|p2a: Luna|86\/100\n|-damage|p2b: Sia|73\/100\n|move|p1a: Ninetales|Aurora Veil|p1a: Ninetales\n|-sidestart|p1: TheKeepersDelta|move: Aurora Veil\n|move|p2b: Sia|Flash Cannon|p1a: Ninetales\n|-supereffective|p1a: Ninetales\n|-enditem|p1a: Ninetales|Focus Sash\n|-damage|p1a: Ninetales|1\/100\n|-unboost|p1a: Ninetales|spd|1\n|move|p2a: Luna|Psychic|p1a: Ninetales\n|-damage|p1a: Ninetales|0 fnt\n|faint|p1a: Ninetales\n|\n|-weather|Snow|[upkeep]\n|-ability|p2b: Sia|Speed Boost|boost\n|-boost|p2b: Sia|spe|1\n|upkeep\n|inactive|TheKeepersDelta has 120 seconds left.\n|inactive|TheKeepersDelta has 90 seconds left.\n|\n|t:|1697930175\n|switch|p1a: Medicham|Medicham, F, shiny|100\/100\n|turn|2\n|inactive|TheKeepersDelta has 90 seconds left.\n|\n|t:|1697930207\n|detailschange|p1a: Medicham|Medicham-Mega, F, shiny\n|-mega|p1a: Medicham|Medicham|Medichamite\n|-terastallize|p1b: Sandslash|Rock\n|move|p1a: Medicham|Fake Out|p2a: Luna\n|-damage|p2a: Luna|63\/100\n|move|p2b: Sia|Calm Mind|p2b: Sia\n|-boost|p2b: Sia|spa|1\n|-boost|p2b: Sia|spd|1\n|move|p1b: Sandslash|Rock Slide|p2a: Luna|[spread] p2a,p2b\n|-damage|p2a: Luna|42\/100\n|-damage|p2b: Sia|29\/100\n|cant|p2a: Luna|flinch\n|\n|-weather|Snow|[upkeep]\n|-ability|p2b: Sia|Speed Boost|boost\n|-boost|p2b: Sia|spe|1\n|upkeep\n|turn|3\n|inactive|TheKeepersDelta has 90 seconds left.\n|\n|t:|1697930243\n|move|p1b: Sandslash|Ice Shard|p2b: Sia\n|-crit|p2b: Sia\n|-damage|p2b: Sia|0 fnt\n|faint|p2b: Sia\n|move|p1a: Medicham|Bullet Punch|p2a: Luna\n|-damage|p2a: Luna|20\/100\n|move|p2a: Luna|Lunar Blessing|p2a: Luna\n|-heal|p2a: Luna|45\/100\n|\n|-weather|Snow|[upkeep]\n|upkeep\n|\n|t:|1697930253\n|switch|p2b: The Knight Rider|Gallade, M|100\/100\n|turn|4\n|inactive|TheKeepersDelta has 90 seconds left.\n|\n|t:|1697930276\n|detailschange|p2b: The Knight Rider|Gallade-Mega, M\n|-mega|p2b: The Knight Rider|Gallade|Galladite\n|move|p1b: Sandslash|Rock Slide|p2b: The Knight Rider|[spread] p2a,p2b\n|-resisted|p2b: The Knight Rider\n|-damage|p2a: Luna|25\/100\n|-damage|p2b: The Knight Rider|84\/100\n|move|p2b: The Knight Rider|Sacred Sword|p1b: Sandslash\n|-supereffective|p1b: Sandslash\n|-damage|p1b: Sandslash|25\/100\n|move|p1a: Medicham|Power-Up Punch|p2a: Luna\n|-resisted|p2a: Luna\n|-damage|p2a: Luna|10\/100\n|-boost|p1a: Medicham|atk|1\n|move|p2a: Luna|Lunar Blessing|p2a: Luna|[spread] p2a,p2b\n|-heal|p2a: Luna|35\/100\n|-heal|p2b: The Knight Rider|100\/100\n|\n|-weather|Snow|[upkeep]\n|upkeep\n|turn|5\n|inactive|TheKeepersDelta has 90 seconds left.\n|\n|t:|1697930315\n|move|p1b: Sandslash|Ice Shard|p2a: Luna\n|-damage|p2a: Luna|15\/100\n|move|p2b: The Knight Rider|Leaf Blade|p1a: Medicham\n|-damage|p1a: Medicham|62\/100\n|move|p1a: Medicham|Power-Up Punch|p2a: Luna\n|-resisted|p2a: Luna\n|-damage|p2a: Luna|0 fnt\n|-boost|p1a: Medicham|atk|1\n|faint|p2a: Luna\n|\n|-weather|none\n|-sideend|p1: TheKeepersDelta|move: Aurora Veil\n|upkeep\n|inactive|LooneyTunesShow has 120 seconds left.\n|\n|t:|1697930346\n|switch|p2a: The VVitch|Hatterene, F|100\/100\n|turn|6\n|inactive|LooneyTunesShow has 120 seconds left.\n|inactive|TheKeepersDelta has 90 seconds left.\n|\n|t:|1697930366\n|-terastallize|p2a: The VVitch|Bug\n|move|p1a: Medicham|Bullet Punch|p2a: The VVitch\n|-damage|p2a: The VVitch|32\/100\n|move|p1b: Sandslash|Ice Shard|p2b: The Knight Rider\n|-damage|p2b: The Knight Rider|70\/100\n|move|p2b: The Knight Rider|Leaf Blade|p1a: Medicham\n|-crit|p1a: Medicham\n|-damage|p1a: Medicham|0 fnt\n|faint|p1a: Medicham\n|move|p2a: The VVitch|Tera Blast|p1b: Sandslash|[anim] Tera Blast Bug\n|-damage|p1b: Sandslash|0 fnt\n|faint|p1b: Sandslash\n|\n|upkeep\n|\n|t:|1697930386\n|switch|p1a: Fezandipiti|Fezandipiti, M|100\/100\n|switch|p1b: Ceruledge|Ceruledge, M, shiny|100\/100\n|turn|7\n|inactive|TheKeepersDelta has 90 seconds left.\n|\n|t:|1697930400\n|move|p2b: The Knight Rider|Psycho Cut|p1a: Fezandipiti\n|-supereffective|p1a: Fezandipiti\n|-damage|p1a: Fezandipiti|0 fnt\n|faint|p1a: Fezandipiti\n|move|p1b: Ceruledge|Swords Dance|p1b: Ceruledge\n|-boost|p1b: Ceruledge|atk|2\n|move|p2a: The VVitch|Tera Blast|p1b: Ceruledge|[anim] Tera Blast Bug\n|-resisted|p1b: Ceruledge\n|-crit|p1b: Ceruledge\n|-damage|p1b: Ceruledge|83\/100\n|\n|upkeep\n|inactive|TheKeepersDelta has 90 seconds left.\n|\n|t:|1697930410\n|switch|p1a: Hatterene|Hatterene, F, shiny|100\/100\n|turn|8\n|\n|t:|1697930424\n|move|p1b: Ceruledge|Shadow Sneak|p2b: The Knight Rider\n|-supereffective|p2b: The Knight Rider\n|-damage|p2b: The Knight Rider|0 fnt\n|faint|p2b: The Knight Rider\n|move|p2a: The VVitch|Tera Blast|p1a: Hatterene|[anim] Tera Blast Bug\n|-damage|p1a: Hatterene|58\/100\n|move|p1a: Hatterene|Mystical Fire|p2a: The VVitch\n|-supereffective|p2a: The VVitch\n|-damage|p2a: The VVitch|0 fnt\n|faint|p2a: The VVitch\n|\n|upkeep\n|\n|t:|1697930430\n|switch|p2b: Melman|Farigiraf, M|100\/100\n|switch|p2a: Sy|Indeedee-F, F|100\/100\n|-fieldstart|move: Psychic Terrain|[from] ability: Psychic Surge|[of] p2a: Sy\n|turn|9\n|inactive|TheKeepersDelta has 120 seconds left.\n|\n|t:|1697930458\n|move|p1b: Ceruledge|Bitter Blade|p2a: Sy\n|-damage|p2a: Sy|0 fnt\n|-heal|p1b: Ceruledge|100\/100|[from] drain|[of] p2a: Sy\n|faint|p2a: Sy\n|move|p2b: Melman|Crunch|p1b: Ceruledge\n|-supereffective|p1b: Ceruledge\n|-crit|p1b: Ceruledge\n|-enditem|p1b: Ceruledge|Focus Sash\n|-damage|p1b: Ceruledge|1\/100\n|-ability|p1b: Ceruledge|Weak Armor|boost\n|-unboost|p1b: Ceruledge|def|1\n|-boost|p1b: Ceruledge|spe|2\n|-damage|p2b: Melman|91\/100|[from] item: Life Orb\n|move|p1a: Hatterene|Nuzzle|p2b: Melman\n|-damage|p2b: Melman|87\/100\n|-status|p2b: Melman|par\n|\n|upkeep\n|turn|10\n|inactive|TheKeepersDelta has 120 seconds left.\n|-message|LooneyTunesShow forfeited.\n|\n|win|TheKeepersDelta\n|raw|TheKeepersDelta's rating: 1000 &rarr; <strong>1048<\/strong><br \/>(+48 for winning)\n|raw|LooneyTunesShow's rating: 1074 &rarr; <strong>1048<\/strong><br \/>(-26 for losing)\n|l|\u2606LooneyTunesShow\n|c|\u2606TheKeepersDelta|ggs\n","uploadtime":1697930488,"views":9,"p1id":"thekeepersdelta","p2id":"looneytunesshow","formatid":"gen9nationaldexdoubles","rating":1048,"private":0,"password":""}