{"id":"gen9nationaldexdoubles-1985773684","p1":"StunkyLover09","p2":"Nova_Striekor","format":"[Gen 9] National Dex Doubles","log":"|j|\u2606StunkyLover09\n|j|\u2606Nova_Striekor\n|t:|1699404684\n|gametype|doubles\n|player|p1|StunkyLover09|chili|1000\n|player|p2|Nova_Striekor|carmine-festival|1108\n|teamsize|p1|6\n|teamsize|p2|6\n|gen|9\n|tier|[Gen 9] National Dex Doubles\n|rated|\n|rule|HP Percentage Mod: HP is shown in percentages\n|rule|Endless Battle Clause: Forcing endless battles is banned\n|rule|OHKO Clause: OHKO moves are banned\n|rule|Evasion Moves Clause: Evasion moves are banned\n|rule|Evasion Abilities Clause: Evasion abilities are banned\n|rule|Species Clause: Limit one of each Pok\u00e9mon\n|rule|Gravity Sleep Clause: The combination of sleep-inducing moves with imperfect accuracy and Gravity or Gigantamax Orbeetle are banned\n|clearpoke\n|poke|p1|Oricorio-Sensu, F|\n|poke|p1|Volcarona, M|\n|poke|p1|Vivillon-Fancy, M|\n|poke|p1|Flamigo, M|\n|poke|p1|Lilligant, F|\n|poke|p1|Torkoal, M|\n|poke|p2|Metagross|\n|poke|p2|Tornadus, M|\n|poke|p2|Incineroar, F|\n|poke|p2|Rillaboom, F|\n|poke|p2|Chien-Pao|\n|poke|p2|Urshifu-*, F|\n|teampreview\n|\n|t:|1699404700\n|start\n|switch|p1a: Oricorio|Oricorio-Sensu, F|100\/100\n|switch|p1b: Volcarona|Volcarona, M|100\/100\n|switch|p2a: The meta is gross|Metagross, shiny|100\/100\n|switch|p2b: Tornado|Tornadus, M, shiny|100\/100\n|turn|1\n|c|\u2606Nova_Striekor|this one of my fav combos\n|c|\u2606Nova_Striekor|dancing\n|c|\u2606StunkyLover09|me too\n|\n|t:|1699404741\n|move|p2b: Tornado|Brutal Swing|p1a: Oricorio|[spread] p2a,p1a,p1b\n|-supereffective|p2a: The meta is gross\n|-supereffective|p1a: Oricorio\n|-damage|p2a: The meta is gross|85\/100\n|-damage|p1a: Oricorio|70\/100\n|-damage|p1b: Volcarona|85\/100\n|-enditem|p2a: The meta is gross|Weakness Policy\n|-boost|p2a: The meta is gross|atk|2|[from] item: Weakness Policy\n|-boost|p2a: The meta is gross|spa|2|[from] item: Weakness Policy\n|move|p1b: Volcarona|Quiver Dance|p1b: Volcarona\n|-boost|p1b: Volcarona|spa|1\n|-boost|p1b: Volcarona|spd|1\n|-boost|p1b: Volcarona|spe|1\n|-activate|p1a: Oricorio|ability: Dancer\n|move|p1a: Oricorio|Quiver Dance|p1a: Oricorio|[from]ability: Dancer\n|-boost|p1a: Oricorio|spa|1\n|-boost|p1a: Oricorio|spd|1\n|-boost|p1a: Oricorio|spe|1\n|move|p1a: Oricorio|Substitute|p1a: Oricorio\n|-start|p1a: Oricorio|Substitute\n|-damage|p1a: Oricorio|46\/100\n|move|p2a: The meta is gross|Earthquake|p1b: Volcarona|[spread] p1b\n|-immune|p2b: Tornado\n|-immune|p1a: Oricorio\n|-damage|p1b: Volcarona|0 fnt\n|faint|p1b: Volcarona\n|\n|-heal|p1a: Oricorio|52\/100|[from] item: Leftovers\n|upkeep\n|\n|t:|1699404767\n|switch|p1b: Vivillon|Vivillon-Fancy, M|100\/100\n|turn|2\n|\n|t:|1699404787\n|-terastallize|p2a: The meta is gross|Ground\n|move|p1a: Oricorio|Protect|p1a: Oricorio\n|-singleturn|p1a: Oricorio|Protect\n|move|p2b: Tornado|Tailwind|p2b: Tornado\n|-sidestart|p2: Nova_Striekor|move: Tailwind\n|move|p2a: The meta is gross|Iron Head|p1b: Vivillon\n|-enditem|p1b: Vivillon|Focus Sash\n|-damage|p1b: Vivillon|1\/100\n|move|p1b: Vivillon|Quiver Dance|p1b: Vivillon\n|-boost|p1b: Vivillon|spa|1\n|-boost|p1b: Vivillon|spd|1\n|-boost|p1b: Vivillon|spe|1\n|-activate|p1a: Oricorio|ability: Dancer\n|move|p1a: Oricorio|Quiver Dance|p1a: Oricorio|[from]ability: Dancer\n|-boost|p1a: Oricorio|spa|1\n|-boost|p1a: Oricorio|spd|1\n|-boost|p1a: Oricorio|spe|1\n|\n|-heal|p1a: Oricorio|58\/100|[from] item: Leftovers\n|upkeep\n|turn|3\n|\n|t:|1699404830\n|move|p1b: Vivillon|Rage Powder|p1b: Vivillon\n|-singleturn|p1b: Vivillon|move: Rage Powder\n|move|p2b: Tornado|Bleakwind Storm|p1b: Vivillon|[spread] p1a,p1b\n|-end|p1a: Oricorio|Substitute\n|-supereffective|p1b: Vivillon\n|-damage|p1b: Vivillon|0 fnt\n|faint|p1b: Vivillon\n|move|p1a: Oricorio|Revelation Dance|p2b: Tornado\n|-damage|p2b: Tornado|4\/100\n|-enditem|p2b: Tornado|Sitrus Berry|[eat]\n|-heal|p2b: Tornado|29\/100|[from] item: Sitrus Berry\n|move|p2a: The meta is gross|Agility|p2a: The meta is gross\n|-boost|p2a: The meta is gross|spe|2\n|\n|-heal|p1a: Oricorio|64\/100|[from] item: Leftovers\n|upkeep\n|\n|t:|1699404847\n|switch|p1b: Lilligant|Lilligant, F|100\/100\n|turn|4\n|\n|t:|1699404858\n|move|p1a: Oricorio|Protect|p1a: Oricorio\n|-singleturn|p1a: Oricorio|Protect\n|move|p2a: The meta is gross|Zen Headbutt|p1a: Oricorio\n|-activate|p1a: Oricorio|move: Protect\n|move|p2b: Tornado|Bleakwind Storm|p1b: Lilligant|[spread] p1b\n|-activate|p1a: Oricorio|move: Protect\n|-supereffective|p1b: Lilligant\n|-damage|p1b: Lilligant|0 fnt\n|faint|p1b: Lilligant\n|\n|-heal|p1a: Oricorio|70\/100|[from] item: Leftovers\n|upkeep\n|\n|t:|1699404870\n|switch|p1b: Flamigo|Flamigo, M|100\/100\n|-copyboost|p1b: Flamigo|p1a: Oricorio|[from] ability: Costar\n|turn|5\n|\n|t:|1699404897\n|move|p2a: The meta is gross|Zen Headbutt|p1b: Flamigo\n|-supereffective|p1b: Flamigo\n|-damage|p1b: Flamigo|0 fnt\n|faint|p1b: Flamigo\n|move|p2b: Tornado|Bleakwind Storm|p1a: Oricorio|[miss]\n|-miss|p2b: Tornado|p1a: Oricorio\n|move|p1a: Oricorio|Revelation Dance|p2b: Tornado\n|-damage|p2b: Tornado|0 fnt\n|faint|p2b: Tornado\n|\n|-heal|p1a: Oricorio|76\/100|[from] item: Leftovers\n|-sideend|p2: Nova_Striekor|move: Tailwind\n|upkeep\n|\n|t:|1699404918\n|switch|p2b: Water bear|Urshifu-Rapid-Strike, F|100\/100\n|switch|p1b: Torkoal|Torkoal, M|100\/100\n|-weather|SunnyDay|[from] ability: Drought|[of] p1b: Torkoal\n|turn|6\n|\n|t:|1699404948\n|move|p2b: Water bear|Protect|p2b: Water bear\n|-singleturn|p2b: Water bear|Protect\n|move|p1a: Oricorio|Quiver Dance|p1a: Oricorio\n|-boost|p1a: Oricorio|spa|1\n|-boost|p1a: Oricorio|spd|1\n|-boost|p1a: Oricorio|spe|1\n|move|p2a: The meta is gross|Earthquake|p1b: Torkoal|[spread] p1b\n|-activate|p2b: Water bear|move: Protect\n|-immune|p1a: Oricorio\n|-supereffective|p1b: Torkoal\n|-damage|p1b: Torkoal|0 fnt\n|faint|p1b: Torkoal\n|\n|-weather|SunnyDay|[upkeep]\n|-heal|p1a: Oricorio|83\/100|[from] item: Leftovers\n|upkeep\n|turn|7\n|\n|t:|1699404978\n|move|p1a: Oricorio|Revelation Dance|p2b: Water bear\n|-damage|p2b: Water bear|0 fnt\n|faint|p2b: Water bear\n|move|p2a: The meta is gross|Zen Headbutt|p1a: Oricorio\n|-damage|p1a: Oricorio|0 fnt\n|faint|p1a: Oricorio\n|\n|win|Nova_Striekor\n|raw|StunkyLover09's rating: 1000 &rarr; <strong>1000<\/strong><br \/>(+0 for losing)\n|raw|Nova_Striekor's rating: 1108 &rarr; <strong>1125<\/strong><br \/>(+17 for winning)\n|l|\u2606StunkyLover09\n","uploadtime":1699405034,"views":6,"p1id":"stunkylover09","p2id":"novastriekor","formatid":"gen9nationaldexdoubles","rating":1000,"private":0,"password":""}