{"id":"gen9nationaldexdoubles-1962172975","p1":"tomybob02","p2":"JAPDAgain2","format":"[Gen 9] National Dex Doubles","log":"|j|\u2606tomybob02\n|j|\u2606JAPDAgain2\n|t:|1696714420\n|gametype|doubles\n|player|p1|tomybob02|169|\n|player|p2|JAPDAgain2|emmet|\n|teamsize|p1|6\n|teamsize|p2|6\n|gen|9\n|tier|[Gen 9] National Dex Doubles\n|rule|HP Percentage Mod: HP is shown in percentages\n|rule|Endless Battle Clause: Forcing endless battles is banned\n|rule|OHKO Clause: OHKO moves are banned\n|rule|Evasion Moves Clause: Evasion moves are banned\n|rule|Evasion Abilities Clause: Evasion abilities are banned\n|rule|Species Clause: Limit one of each Pok\u00e9mon\n|rule|Gravity Sleep Clause: The combination of sleep-inducing moves with imperfect accuracy and Gravity or Gigantamax Orbeetle are banned\n|clearpoke\n|poke|p1|Decidueye, M|\n|poke|p1|Mimikyu, F|\n|poke|p1|Exploud, F|\n|poke|p1|Lapras, M|\n|poke|p1|Gliscor, M|\n|poke|p1|Heracross, F|\n|poke|p2|Bisharp, F|\n|poke|p2|Accelgor, F|\n|poke|p2|Mienshao, F|\n|poke|p2|Serperior, M|\n|poke|p2|Durant, M|\n|poke|p2|Sigilyph, M|\n|teampreview\n|\n|t:|1696714518\n|start\n|switch|p1a: Lapras|Lapras, M|100\/100\n|switch|p1b: MONGOLO|Exploud, F|100\/100\n|switch|p2a: Mienshao|Mienshao, F|100\/100\n|switch|p2b: Bisharp|Bisharp, F|100\/100\n|turn|1\n|\n|t:|1696714580\n|move|p1a: Lapras|Ice Shard|p2a: Mienshao\n|-damage|p2a: Mienshao|85\/100\n|move|p2a: Mienshao|Blaze Kick|p1a: Lapras\n|-damage|p1a: Lapras|78\/100\n|-status|p1a: Lapras|brn\n|move|p2b: Bisharp|Low Kick|p1b: MONGOLO\n|-supereffective|p1b: MONGOLO\n|-damage|p1b: MONGOLO|36\/100\n|move|p1b: MONGOLO|Flamethrower|p2b: Bisharp\n|-supereffective|p2b: Bisharp\n|-damage|p2b: Bisharp|30\/100\n|\n|-heal|p1b: MONGOLO|42\/100|[from] item: Leftovers\n|-heal|p1a: Lapras|84\/100 brn|[from] item: Leftovers\n|-damage|p1a: Lapras|78\/100 brn|[from] brn\n|upkeep\n|turn|2\n|\n|t:|1696714606\n|move|p1b: MONGOLO|Protect|p1b: MONGOLO\n|-singleturn|p1b: MONGOLO|Protect\n|move|p2a: Mienshao|Acrobatics|p1a: Lapras\n|-damage|p1a: Lapras|48\/100 brn\n|move|p2b: Bisharp|Low Kick|p1b: MONGOLO\n|-activate|p1b: MONGOLO|move: Protect\n|move|p1a: Lapras|Blizzard|p2b: Bisharp|[spread] p2a,p2b\n|-resisted|p2b: Bisharp\n|-damage|p2a: Mienshao|51\/100\n|-damage|p2b: Bisharp|9\/100\n|\n|-heal|p1b: MONGOLO|48\/100|[from] item: Leftovers\n|-heal|p1a: Lapras|54\/100 brn|[from] item: Leftovers\n|-damage|p1a: Lapras|48\/100 brn|[from] brn\n|upkeep\n|turn|3\n|\n|t:|1696714657\n|switch|p1b: Mimikyu|Mimikyu, F|100\/100\n|move|p2a: Mienshao|Blaze Kick|p1a: Lapras\n|-damage|p1a: Lapras|24\/100 brn\n|move|p2b: Bisharp|Low Kick|p1b: Mimikyu\n|-immune|p1b: Mimikyu\n|move|p1a: Lapras|Surf|p2b: Bisharp|[spread] p1b,p2a,p2b\n|-activate|p1b: Mimikyu|ability: Disguise\n|-damage|p1b: Mimikyu|100\/100\n|-damage|p2a: Mienshao|26\/100\n|-damage|p2b: Bisharp|0 fnt\n|detailschange|p1b: Mimikyu|Mimikyu-Busted, F\n|-damage|p1b: Mimikyu|88\/100|[from] pokemon: Mimikyu-Busted\n|faint|p2b: Bisharp\n|\n|-heal|p1a: Lapras|30\/100 brn|[from] item: Leftovers\n|-damage|p1a: Lapras|24\/100 brn|[from] brn\n|upkeep\n|\n|t:|1696714673\n|switch|p2b: Serperior|Serperior, M|100\/100\n|turn|4\n|\n|t:|1696714694\n|move|p2b: Serperior|Swords Dance|p2b: Serperior\n|-boost|p2b: Serperior|atk|2\n|move|p2a: Mienshao|Drain Punch|p1a: Lapras\n|-supereffective|p1a: Lapras\n|-damage|p1a: Lapras|0 fnt\n|-heal|p2a: Mienshao|43\/100|[from] drain|[of] p1a: Lapras\n|faint|p1a: Lapras\n|move|p1b: Mimikyu|Play Rough|p2a: Mienshao\n|-supereffective|p2a: Mienshao\n|-damage|p2a: Mienshao|0 fnt\n|faint|p2a: Mienshao\n|-damage|p1b: Mimikyu|78\/100|[from] item: Life Orb\n|\n|upkeep\n|\n|t:|1696714728\n|switch|p2a: The middle|Durant, M|100\/100\n|switch|p1a: Heracross|Heracross, F|100\/100\n|turn|5\n|\n|t:|1696714746\n|move|p2b: Serperior|Toxic|p1a: Heracross\n|-status|p1a: Heracross|tox\n|move|p2a: The middle|Iron Defense|p2a: The middle\n|-boost|p2a: The middle|def|2\n|move|p1b: Mimikyu|Play Rough|p2b: Serperior|[miss]\n|-miss|p1b: Mimikyu|p2b: Serperior\n|move|p1a: Heracross|Megahorn|p2b: Serperior\n|-supereffective|p2b: Serperior\n|-damage|p2b: Serperior|0 fnt\n|faint|p2b: Serperior\n|\n|-damage|p1a: Heracross|95\/100 tox|[from] psn\n|upkeep\n|\n|t:|1696714760\n|switch|p2b: Accelgor|Accelgor, F|100\/100\n|turn|6\n|\n|t:|1696714787\n|move|p2b: Accelgor|Leech Life|p1b: Mimikyu\n|-resisted|p1b: Mimikyu\n|-damage|p1b: Mimikyu|66\/100\n|move|p2a: The middle|Iron Head|p1a: Heracross\n|-damage|p1a: Heracross|54\/100 tox\n|move|p1b: Mimikyu|Play Rough|p2b: Accelgor\n|-damage|p2b: Accelgor|46\/100\n|-damage|p1b: Mimikyu|56\/100|[from] item: Life Orb\n|move|p1a: Heracross|Close Combat|p2a: The middle\n|-damage|p2a: The middle|78\/100\n|-unboost|p1a: Heracross|def|1\n|-unboost|p1a: Heracross|spd|1\n|\n|-heal|p1a: Heracross|60\/100 tox|[from] item: Leftovers\n|-damage|p1a: Heracross|48\/100 tox|[from] psn\n|upkeep\n|turn|7\n|\n|t:|1696714847\n|move|p1a: Heracross|Protect|p1a: Heracross\n|-singleturn|p1a: Heracross|Protect\n|move|p2b: Accelgor|Leech Life|p1a: Heracross\n|-activate|p1a: Heracross|move: Protect\n|move|p2a: The middle|Iron Head|p1a: Heracross\n|-activate|p1a: Heracross|move: Protect\n|move|p1b: Mimikyu|Play Rough|p2b: Accelgor\n|-damage|p2b: Accelgor|0 fnt\n|faint|p2b: Accelgor\n|-damage|p1b: Mimikyu|46\/100|[from] item: Life Orb\n|\n|-heal|p1a: Heracross|54\/100 tox|[from] item: Leftovers\n|-damage|p1a: Heracross|36\/100 tox|[from] psn\n|upkeep\n|\n|t:|1696714865\n|switch|p2b: Sigilyph|Sigilyph, M|100\/100\n|turn|8\n|\n|t:|1696714889\n|move|p2b: Sigilyph|Energy Ball|p1b: Mimikyu\n|-damage|p1b: Mimikyu|16\/100\n|move|p2a: The middle|Iron Head|p1b: Mimikyu\n|-supereffective|p1b: Mimikyu\n|-damage|p1b: Mimikyu|0 fnt\n|faint|p1b: Mimikyu\n|move|p1a: Heracross|Throat Chop|p2b: Sigilyph\n|-supereffective|p2b: Sigilyph\n|-damage|p2b: Sigilyph|39\/100\n|-start|p2b: Sigilyph|Throat Chop|[silent]\n|\n|-heal|p1a: Heracross|42\/100 tox|[from] item: Leftovers\n|-damage|p1a: Heracross|18\/100 tox|[from] psn\n|upkeep\n|\n|t:|1696714906\n|switch|p1b: MONGOLO|Exploud, F|48\/100\n|turn|9\n|\n|t:|1696714917\n|move|p2b: Sigilyph|Ancient Power|p1b: MONGOLO\n|-damage|p1b: MONGOLO|31\/100\n|move|p2a: The middle|Iron Head|p1b: MONGOLO\n|-crit|p1b: MONGOLO\n|-damage|p1b: MONGOLO|0 fnt\n|faint|p1b: MONGOLO\n|move|p1a: Heracross|Throat Chop|p2b: Sigilyph\n|-supereffective|p2b: Sigilyph\n|-damage|p2b: Sigilyph|0 fnt\n|faint|p2b: Sigilyph\n|\n|-heal|p1a: Heracross|24\/100 tox|[from] item: Leftovers\n|-damage|p1a: Heracross|0 fnt|[from] psn\n|faint|p1a: Heracross\n|upkeep\n|\n|t:|1696714934\n|switch|p1a: Decidueye|Decidueye, M|100\/100\n|switch|p1b: Gliscor|Gliscor, M|100\/100\n|turn|10\n|\n|t:|1696714958\n|move|p2a: The middle|Iron Head|p1b: Gliscor\n|-damage|p1b: Gliscor|73\/100\n|move|p1b: Gliscor|Rock Slide|p2a: The middle\n|-damage|p2a: The middle|71\/100\n|move|p1a: Decidueye|Frenzy Plant|p2a: The middle\n|-resisted|p2a: The middle\n|-damage|p2a: The middle|49\/100\n|-mustrecharge|p1a: Decidueye\n|\n|-status|p1b: Gliscor|tox|[from] item: Toxic Orb\n|upkeep\n|turn|11\n|\n|t:|1696714979\n|move|p2a: The middle|Iron Defense|p2a: The middle\n|-boost|p2a: The middle|def|2\n|move|p1b: Gliscor|Rock Slide|p2a: The middle\n|-damage|p2a: The middle|44\/100\n|cant|p1a: Decidueye|recharge\n|\n|-heal|p1b: Gliscor|85\/100 tox|[from] ability: Poison Heal\n|upkeep\n|turn|12\n|\n|t:|1696715001\n|move|p2a: The middle|Iron Defense|p2a: The middle\n|-boost|p2a: The middle|def|2\n|move|p1b: Gliscor|Rock Slide|p2a: The middle\n|-damage|p2a: The middle|40\/100\n|move|p1a: Decidueye|Frenzy Plant|p2a: The middle\n|-resisted|p2a: The middle\n|-damage|p2a: The middle|16\/100\n|-mustrecharge|p1a: Decidueye\n|-enditem|p2a: The middle|Figy Berry|[eat]\n|-heal|p2a: The middle|49\/100|[from] item: Figy Berry\n|\n|-heal|p1b: Gliscor|97\/100 tox|[from] ability: Poison Heal\n|upkeep\n|turn|13\n|\n|t:|1696715016\n|move|p2a: The middle|Iron Head|p1a: Decidueye\n|-damage|p1a: Decidueye|58\/100\n|move|p1b: Gliscor|Rock Slide|p2a: The middle\n|-damage|p2a: The middle|45\/100\n|cant|p1a: Decidueye|recharge\n|\n|-heal|p1b: Gliscor|100\/100 tox|[from] ability: Poison Heal\n|upkeep\n|turn|14\n|\n|t:|1696715034\n|move|p2a: The middle|Rest|p2a: The middle\n|-status|p2a: The middle|slp|[from] move: Rest\n|-heal|p2a: The middle|100\/100 slp|[silent]\n|move|p1b: Gliscor|Rock Slide|p2a: The middle\n|-damage|p2a: The middle|97\/100 slp\n|move|p1a: Decidueye|Roost|p1a: Decidueye\n|-heal|p1a: Decidueye|100\/100\n|-singleturn|p1a: Decidueye|move: Roost\n|\n|upkeep\n|turn|15\n|\n|t:|1696715050\n|cant|p2a: The middle|slp\n|move|p2a: The middle|Sleep Talk|p2a: The middle\n|move|p2a: The middle|Iron Head|p1a: Decidueye|[from]move: Sleep Talk\n|-damage|p1a: Decidueye|61\/100\n|move|p1b: Gliscor|Rock Slide|p2a: The middle\n|-damage|p2a: The middle|92\/100 slp\n|move|p1a: Decidueye|Frenzy Plant|p2a: The middle\n|-resisted|p2a: The middle\n|-damage|p2a: The middle|70\/100 slp\n|-mustrecharge|p1a: Decidueye\n|\n|upkeep\n|turn|16\n|\n|t:|1696715069\n|cant|p2a: The middle|slp\n|move|p2a: The middle|Sleep Talk|p2a: The middle\n|move|p2a: The middle|Iron Head|p1a: Decidueye|[from]move: Sleep Talk\n|-damage|p1a: Decidueye|20\/100\n|-enditem|p1a: Decidueye|Aguav Berry|[eat]\n|-heal|p1a: Decidueye|53\/100|[from] item: Aguav Berry\n|move|p1b: Gliscor|Rock Slide|p2a: The middle|[miss]\n|-miss|p1b: Gliscor|p2a: The middle\n|cant|p1a: Decidueye|recharge\n|\n|upkeep\n|turn|17\n|\n|t:|1696715090\n|-curestatus|p2a: The middle|slp|[msg]\n|move|p2a: The middle|Sleep Talk||[still]\n|-fail|p2a: The middle\n|move|p1b: Gliscor|Rock Slide|p2a: The middle\n|-damage|p2a: The middle|66\/100\n|move|p1a: Decidueye|Roost|p1a: Decidueye\n|-heal|p1a: Decidueye|100\/100\n|-singleturn|p1a: Decidueye|move: Roost\n|\n|upkeep\n|turn|18\n|\n|t:|1696715105\n|move|p2a: The middle|Iron Head|p1a: Decidueye\n|-damage|p1a: Decidueye|59\/100\n|move|p1b: Gliscor|Rock Slide|p2a: The middle\n|-damage|p2a: The middle|62\/100\n|move|p1a: Decidueye|Frenzy Plant|p2a: The middle\n|-resisted|p2a: The middle\n|-damage|p2a: The middle|40\/100\n|-mustrecharge|p1a: Decidueye\n|\n|upkeep\n|turn|19\n|\n|t:|1696715115\n|move|p2a: The middle|Iron Head|p1a: Decidueye\n|-damage|p1a: Decidueye|14\/100\n|move|p1b: Gliscor|Rock Slide|p2a: The middle\n|-damage|p2a: The middle|36\/100\n|cant|p1a: Decidueye|recharge\n|\n|upkeep\n|turn|20\n|\n|t:|1696715125\n|move|p2a: The middle|Iron Head|p1a: Decidueye\n|-damage|p1a: Decidueye|0 fnt\n|faint|p1a: Decidueye\n|move|p1b: Gliscor|Rock Slide|p2a: The middle\n|-damage|p2a: The middle|32\/100\n|\n|upkeep\n|turn|21\n|\n|t:|1696715133\n|move|p2a: The middle|Iron Head|p1b: Gliscor\n|-damage|p1b: Gliscor|72\/100 tox\n|move|p1b: Gliscor|Rock Slide|p2a: The middle\n|-damage|p2a: The middle|28\/100\n|\n|-heal|p1b: Gliscor|85\/100 tox|[from] ability: Poison Heal\n|upkeep\n|turn|22\n|\n|t:|1696715143\n|move|p2a: The middle|Rest|p2a: The middle\n|-status|p2a: The middle|slp|[from] move: Rest\n|-heal|p2a: The middle|100\/100 slp|[silent]\n|move|p1b: Gliscor|Earthquake|p2a: The middle\n|-damage|p2a: The middle|94\/100 slp\n|\n|-heal|p1b: Gliscor|97\/100 tox|[from] ability: Poison Heal\n|upkeep\n|turn|23\n|\n|t:|1696715155\n|cant|p2a: The middle|slp\n|move|p2a: The middle|Sleep Talk|p2a: The middle\n|move|p2a: The middle|Rest||[from]move: Sleep Talk|[still]\n|-fail|p2a: The middle\n|move|p1b: Gliscor|Earthquake|p2a: The middle\n|-damage|p2a: The middle|85\/100 slp\n|\n|-heal|p1b: Gliscor|100\/100 tox|[from] ability: Poison Heal\n|upkeep\n|turn|24\n|\n|t:|1696715171\n|cant|p2a: The middle|slp\n|move|p2a: The middle|Sleep Talk|p2a: The middle\n|move|p2a: The middle|Rest||[from]move: Sleep Talk|[still]\n|-fail|p2a: The middle\n|move|p1b: Gliscor|Earthquake|p2a: The middle\n|-damage|p2a: The middle|77\/100 slp\n|\n|upkeep\n|turn|25\n|\n|t:|1696715187\n|-curestatus|p2a: The middle|slp|[msg]\n|move|p2a: The middle|Sleep Talk||[still]\n|-fail|p2a: The middle\n|move|p1b: Gliscor|Earthquake|p2a: The middle\n|-damage|p2a: The middle|70\/100\n|\n|upkeep\n|turn|26\n|\n|t:|1696715196\n|move|p2a: The middle|Iron Defense|p2a: The middle\n|-boost|p2a: The middle|def|0\n|move|p1b: Gliscor|Earthquake|p2a: The middle\n|-damage|p2a: The middle|63\/100\n|\n|upkeep\n|turn|27\n|\n|t:|1696715214\n|move|p2a: The middle|Iron Head|p1b: Gliscor\n|-damage|p1b: Gliscor|71\/100 tox\n|cant|p1b: Gliscor|flinch\n|\n|-heal|p1b: Gliscor|84\/100 tox|[from] ability: Poison Heal\n|upkeep\n|turn|28\n|\n|t:|1696715229\n|move|p1b: Gliscor|Protect|p1b: Gliscor\n|-singleturn|p1b: Gliscor|Protect\n|move|p2a: The middle|Iron Head|p1b: Gliscor\n|-activate|p1b: Gliscor|move: Protect\n|\n|-heal|p1b: Gliscor|96\/100 tox|[from] ability: Poison Heal\n|upkeep\n|turn|29\n|\n|t:|1696715240\n|move|p2a: The middle|Iron Head|p1b: Gliscor\n|-damage|p1b: Gliscor|67\/100 tox\n|cant|p1b: Gliscor|flinch\n|\n|-heal|p1b: Gliscor|79\/100 tox|[from] ability: Poison Heal\n|upkeep\n|turn|30\n|\n|t:|1696715248\n|move|p1b: Gliscor|Protect|p1b: Gliscor\n|-singleturn|p1b: Gliscor|Protect\n|move|p2a: The middle|Iron Head|p1b: Gliscor\n|-activate|p1b: Gliscor|move: Protect\n|\n|-heal|p1b: Gliscor|92\/100 tox|[from] ability: Poison Heal\n|upkeep\n|turn|31\n|\n|t:|1696715258\n|move|p2a: The middle|Iron Head|p1b: Gliscor\n|-damage|p1b: Gliscor|60\/100 tox\n|move|p1b: Gliscor|Earthquake|p2a: The middle\n|-crit|p2a: The middle\n|-damage|p2a: The middle|21\/100\n|\n|-heal|p1b: Gliscor|73\/100 tox|[from] ability: Poison Heal\n|upkeep\n|turn|32\n|\n|t:|1696715277\n|move|p2a: The middle|Rest|p2a: The middle\n|-status|p2a: The middle|slp|[from] move: Rest\n|-heal|p2a: The middle|100\/100 slp|[silent]\n|move|p1b: Gliscor|Earthquake|p2a: The middle\n|-damage|p2a: The middle|94\/100 slp\n|\n|-heal|p1b: Gliscor|85\/100 tox|[from] ability: Poison Heal\n|upkeep\n|turn|33\n|\n|t:|1696715289\n|cant|p2a: The middle|slp\n|move|p2a: The middle|Sleep Talk|p2a: The middle\n|move|p2a: The middle|Iron Defense|p2a: The middle|[from]move: Sleep Talk\n|-boost|p2a: The middle|def|0\n|move|p1b: Gliscor|Rock Slide|p2a: The middle|[miss]\n|-miss|p1b: Gliscor|p2a: The middle\n|\n|-heal|p1b: Gliscor|97\/100 tox|[from] ability: Poison Heal\n|upkeep\n|turn|34\n|\n|t:|1696715332\n|cant|p2a: The middle|slp\n|move|p2a: The middle|Sleep Talk|p2a: The middle\n|move|p2a: The middle|Iron Defense|p2a: The middle|[from]move: Sleep Talk\n|-boost|p2a: The middle|def|0\n|move|p1b: Gliscor|Earthquake|p2a: The middle\n|-damage|p2a: The middle|85\/100 slp\n|\n|-heal|p1b: Gliscor|100\/100 tox|[from] ability: Poison Heal\n|upkeep\n|turn|35\n|\n|t:|1696715345\n|-curestatus|p2a: The middle|slp|[msg]\n|move|p2a: The middle|Iron Head|p1b: Gliscor\n|-damage|p1b: Gliscor|72\/100 tox\n|move|p1b: Gliscor|Stealth Rock|p2a: The middle\n|-sidestart|p2: JAPDAgain2|move: Stealth Rock\n|\n|-heal|p1b: Gliscor|84\/100 tox|[from] ability: Poison Heal\n|upkeep\n|turn|36\n|\n|t:|1696715361\n|move|p1b: Gliscor|Protect|p1b: Gliscor\n|-singleturn|p1b: Gliscor|Protect\n|move|p2a: The middle|Iron Head|p1b: Gliscor\n|-activate|p1b: Gliscor|move: Protect\n|\n|-heal|p1b: Gliscor|96\/100 tox|[from] ability: Poison Heal\n|upkeep\n|turn|37\n|\n|t:|1696715370\n|move|p2a: The middle|Iron Head|p1b: Gliscor\n|-damage|p1b: Gliscor|69\/100 tox\n|move|p1b: Gliscor|Earthquake|p2a: The middle\n|-damage|p2a: The middle|78\/100\n|\n|-heal|p1b: Gliscor|82\/100 tox|[from] ability: Poison Heal\n|upkeep\n|turn|38\n|\n|t:|1696715384\n|move|p2a: The middle|Iron Head|p1b: Gliscor\n|-damage|p1b: Gliscor|54\/100 tox\n|move|p1b: Gliscor|Earthquake|p2a: The middle\n|-damage|p2a: The middle|71\/100\n|\n|-heal|p1b: Gliscor|67\/100 tox|[from] ability: Poison Heal\n|upkeep\n|turn|39\n|\n|t:|1696715393\n|move|p1b: Gliscor|Protect|p1b: Gliscor\n|-singleturn|p1b: Gliscor|Protect\n|move|p2a: The middle|Iron Head|p1b: Gliscor\n|-activate|p1b: Gliscor|move: Protect\n|\n|-heal|p1b: Gliscor|79\/100 tox|[from] ability: Poison Heal\n|upkeep\n|turn|40\n|\n|t:|1696715412\n|move|p2a: The middle|Iron Head|p1b: Gliscor\n|-damage|p1b: Gliscor|51\/100 tox\n|move|p1b: Gliscor|Earthquake|p2a: The middle\n|-damage|p2a: The middle|63\/100\n|\n|-heal|p1b: Gliscor|63\/100 tox|[from] ability: Poison Heal\n|upkeep\n|turn|41\n|\n|t:|1696715421\n|move|p1b: Gliscor|Protect|p1b: Gliscor\n|-singleturn|p1b: Gliscor|Protect\n|move|p2a: The middle|Iron Head|p1b: Gliscor\n|-activate|p1b: Gliscor|move: Protect\n|\n|-heal|p1b: Gliscor|76\/100 tox|[from] ability: Poison Heal\n|upkeep\n|turn|42\n|\n|t:|1696715446\n|move|p2a: The middle|Iron Head|p1b: Gliscor\n|-damage|p1b: Gliscor|46\/100 tox\n|move|p1b: Gliscor|Earthquake|p2a: The middle\n|-damage|p2a: The middle|56\/100\n|\n|-heal|p1b: Gliscor|58\/100 tox|[from] ability: Poison Heal\n|upkeep\n|turn|43\n|\n|t:|1696715455\n|move|p1b: Gliscor|Protect|p1b: Gliscor\n|-singleturn|p1b: Gliscor|Protect\n|move|p2a: The middle|Iron Head|p1b: Gliscor\n|-activate|p1b: Gliscor|move: Protect\n|\n|-heal|p1b: Gliscor|70\/100 tox|[from] ability: Poison Heal\n|upkeep\n|turn|44\n|\n|t:|1696715473\n|move|p2a: The middle|Rest|p2a: The middle\n|-status|p2a: The middle|slp|[from] move: Rest\n|-heal|p2a: The middle|100\/100 slp|[silent]\n|move|p1b: Gliscor|Earthquake|p2a: The middle\n|-damage|p2a: The middle|94\/100 slp\n|\n|-heal|p1b: Gliscor|83\/100 tox|[from] ability: Poison Heal\n|upkeep\n|turn|45\n|\n|t:|1696715483\n|cant|p2a: The middle|slp\n|move|p2a: The middle|Sleep Talk|p2a: The middle\n|move|p2a: The middle|Rest||[from]move: Sleep Talk|[still]\n|-fail|p2a: The middle\n|move|p1b: Gliscor|Stealth Rock||[still]\n|-fail|p1b: Gliscor\n|\n|-heal|p1b: Gliscor|95\/100 tox|[from] ability: Poison Heal\n|upkeep\n|turn|46\n|\n|t:|1696715495\n|-terastallize|p2a: The middle|Bug\n|cant|p2a: The middle|slp\n|move|p2a: The middle|Sleep Talk|p2a: The middle\n|move|p2a: The middle|Iron Head|p1b: Gliscor|[from]move: Sleep Talk\n|-damage|p1b: Gliscor|66\/100 tox\n|move|p1b: Gliscor|Stealth Rock||[still]\n|-fail|p1b: Gliscor\n|\n|-heal|p1b: Gliscor|78\/100 tox|[from] ability: Poison Heal\n|upkeep\n|turn|47\n|\n|t:|1696715508\n|-curestatus|p2a: The middle|slp|[msg]\n|move|p2a: The middle|Iron Defense|p2a: The middle\n|-boost|p2a: The middle|def|0\n|move|p1b: Gliscor|Stealth Rock||[still]\n|-fail|p1b: Gliscor\n|\n|-heal|p1b: Gliscor|91\/100 tox|[from] ability: Poison Heal\n|upkeep\n|turn|48\n|\n|t:|1696715517\n|move|p2a: The middle|Iron Defense|p2a: The middle\n|-boost|p2a: The middle|def|0\n|move|p1b: Gliscor|Stealth Rock||[still]\n|-fail|p1b: Gliscor\n|\n|-heal|p1b: Gliscor|100\/100 tox|[from] ability: Poison Heal\n|upkeep\n|turn|49\n|\n|t:|1696715527\n|move|p2a: The middle|Iron Defense|p2a: The middle\n|-boost|p2a: The middle|def|0\n|move|p1b: Gliscor|Stealth Rock||[still]\n|-fail|p1b: Gliscor\n|\n|upkeep\n|turn|50\n|\n|t:|1696715535\n|move|p2a: The middle|Iron Defense|p2a: The middle\n|-boost|p2a: The middle|def|0\n|move|p1b: Gliscor|Stealth Rock||[still]\n|-fail|p1b: Gliscor\n|\n|upkeep\n|turn|51\n|\n|t:|1696715553\n|move|p2a: The middle|Iron Defense|p2a: The middle\n|-boost|p2a: The middle|def|0\n|move|p1b: Gliscor|Stealth Rock||[still]\n|-fail|p1b: Gliscor\n|\n|upkeep\n|turn|52\n|\n|t:|1696715559\n|move|p2a: The middle|Iron Defense|p2a: The middle\n|-boost|p2a: The middle|def|0\n|move|p1b: Gliscor|Stealth Rock||[still]\n|-fail|p1b: Gliscor\n|\n|upkeep\n|turn|53\n|\n|t:|1696715567\n|move|p2a: The middle|Iron Defense|p2a: The middle\n|-boost|p2a: The middle|def|0\n|move|p1b: Gliscor|Stealth Rock||[still]\n|-fail|p1b: Gliscor\n|\n|upkeep\n|turn|54\n|\n|t:|1696715573\n|move|p2a: The middle|Iron Defense|p2a: The middle\n|-boost|p2a: The middle|def|0\n|move|p1b: Gliscor|Stealth Rock||[still]\n|-fail|p1b: Gliscor\n|\n|upkeep\n|turn|55\n|\n|t:|1696715652\n|move|p2a: The middle|Iron Defense|p2a: The middle\n|-boost|p2a: The middle|def|0\n|move|p1b: Gliscor|Stealth Rock||[still]\n|-fail|p1b: Gliscor\n|\n|upkeep\n|turn|56\n|\n|t:|1696715662\n|move|p2a: The middle|Iron Defense|p2a: The middle\n|-boost|p2a: The middle|def|0\n|move|p1b: Gliscor|Stealth Rock||[still]\n|-fail|p1b: Gliscor\n|\n|upkeep\n|turn|57\n|\n|t:|1696715672\n|move|p2a: The middle|Iron Defense|p2a: The middle\n|-boost|p2a: The middle|def|0\n|move|p1b: Gliscor|Stealth Rock||[still]\n|-fail|p1b: Gliscor\n|\n|upkeep\n|turn|58\n|\n|t:|1696715682\n|move|p2a: The middle|Rest|p2a: The middle\n|-status|p2a: The middle|slp|[from] move: Rest\n|-heal|p2a: The middle|100\/100 slp|[silent]\n|move|p1b: Gliscor|Stealth Rock||[still]\n|-fail|p1b: Gliscor\n|\n|upkeep\n|turn|59\n|\n|t:|1696715691\n|cant|p2a: The middle|slp\n|move|p2a: The middle|Sleep Talk|p2a: The middle\n|move|p2a: The middle|Iron Defense|p2a: The middle|[from]move: Sleep Talk\n|-boost|p2a: The middle|def|0\n|move|p1b: Gliscor|Stealth Rock||[still]\n|-fail|p1b: Gliscor\n|\n|upkeep\n|turn|60\n|\n|t:|1696715701\n|cant|p2a: The middle|slp\n|move|p2a: The middle|Sleep Talk|p2a: The middle\n|move|p2a: The middle|Iron Head|p1b: Gliscor|[from]move: Sleep Talk\n|-damage|p1b: Gliscor|72\/100 tox\n|cant|p1b: Gliscor|flinch\n|\n|-heal|p1b: Gliscor|85\/100 tox|[from] ability: Poison Heal\n|upkeep\n|turn|61\n|\n|t:|1696715716\n|-curestatus|p2a: The middle|slp|[msg]\n|move|p2a: The middle|Sleep Talk||[still]\n|-fail|p2a: The middle\n|move|p1b: Gliscor|Stealth Rock||[still]\n|-fail|p1b: Gliscor\n|\n|-heal|p1b: Gliscor|97\/100 tox|[from] ability: Poison Heal\n|upkeep\n|turn|62\n|\n|t:|1696715728\n|move|p2a: The middle|Sleep Talk||[still]\n|-fail|p2a: The middle\n|move|p1b: Gliscor|Stealth Rock||[still]\n|-fail|p1b: Gliscor\n|\n|-heal|p1b: Gliscor|100\/100 tox|[from] ability: Poison Heal\n|upkeep\n|turn|63\n|\n|t:|1696715764\n|move|p2a: The middle|Rest|p2a: The middle\n|-fail|p2a: The middle|heal\n|move|p1b: Gliscor|Stealth Rock||[still]\n|-fail|p1b: Gliscor\n|\n|upkeep\n|turn|64\n|\n|t:|1696715773\n|move|p2a: The middle|Sleep Talk||[still]\n|-fail|p2a: The middle\n|move|p1b: Gliscor|Stealth Rock||[still]\n|-fail|p1b: Gliscor\n|\n|upkeep\n|turn|65\n|\n|t:|1696715786\n|move|p2a: The middle|Rest|p2a: The middle\n|-fail|p2a: The middle|heal\n|move|p1b: Gliscor|Stealth Rock||[still]\n|-fail|p1b: Gliscor\n|\n|upkeep\n|turn|66\n|\n|t:|1696715802\n|move|p2a: The middle|Sleep Talk||[still]\n|-fail|p2a: The middle\n|move|p1b: Gliscor|Stealth Rock||[still]\n|-fail|p1b: Gliscor\n|\n|upkeep\n|turn|67\n|\n|t:|1696715810\n|move|p2a: The middle|Iron Defense|p2a: The middle\n|-boost|p2a: The middle|def|0\n|move|p1b: Gliscor|Stealth Rock||[still]\n|-fail|p1b: Gliscor\n|\n|upkeep\n|turn|68\n|\n|t:|1696715817\n|move|p2a: The middle|Iron Defense|p2a: The middle\n|-boost|p2a: The middle|def|0\n|move|p1b: Gliscor|Stealth Rock||[still]\n|-fail|p1b: Gliscor\n|\n|upkeep\n|turn|69\n|\n|t:|1696715875\n|move|p2a: The middle|Iron Defense|p2a: The middle\n|-boost|p2a: The middle|def|0\n|move|p1b: Gliscor|Stealth Rock||[still]\n|-fail|p1b: Gliscor\n|\n|upkeep\n|turn|70\n|\n|t:|1696715905\n|move|p2a: The middle|Iron Defense|p2a: The middle\n|-boost|p2a: The middle|def|0\n|move|p1b: Gliscor|Stealth Rock||[still]\n|-fail|p1b: Gliscor\n|\n|upkeep\n|turn|71\n|\n|t:|1696715920\n|move|p2a: The middle|Iron Defense|p2a: The middle\n|-boost|p2a: The middle|def|0\n|move|p1b: Gliscor|Stealth Rock||[still]\n|-fail|p1b: Gliscor\n|\n|upkeep\n|turn|72\n|\n|t:|1696715933\n|move|p2a: The middle|Iron Defense|p2a: The middle\n|-boost|p2a: The middle|def|0\n|move|p1b: Gliscor|Stealth Rock||[still]\n|-fail|p1b: Gliscor\n|\n|upkeep\n|turn|73\n|\n|t:|1696715949\n|move|p2a: The middle|Iron Defense|p2a: The middle\n|-boost|p2a: The middle|def|0\n|move|p1b: Gliscor|Stealth Rock||[still]\n|-fail|p1b: Gliscor\n|\n|upkeep\n|turn|74\n|\n|t:|1696715960\n|move|p2a: The middle|Iron Defense|p2a: The middle\n|-boost|p2a: The middle|def|0\n|move|p1b: Gliscor|Stealth Rock||[still]\n|-fail|p1b: Gliscor\n|\n|upkeep\n|turn|75\n|\n|t:|1696715966\n|move|p2a: The middle|Iron Defense|p2a: The middle\n|-boost|p2a: The middle|def|0\n|move|p1b: Gliscor|Stealth Rock||[still]\n|-fail|p1b: Gliscor\n|\n|upkeep\n|turn|76\n|\n|t:|1696715973\n|move|p2a: The middle|Rest|p2a: The middle\n|-fail|p2a: The middle|heal\n|move|p1b: Gliscor|Stealth Rock||[still]\n|-fail|p1b: Gliscor\n|\n|upkeep\n|turn|77\n|\n|t:|1696715994\n|-activate|p2a: The middle|move: Struggle\n|move|p2a: The middle|Struggle|p1b: Gliscor\n|-damage|p1b: Gliscor|88\/100 tox\n|-damage|p2a: The middle|75\/100|[from] recoil\n|move|p1b: Gliscor|Rock Slide|p2a: The middle\n|-supereffective|p2a: The middle\n|-damage|p2a: The middle|68\/100\n|\n|-heal|p1b: Gliscor|100\/100 tox|[from] ability: Poison Heal\n|upkeep\n|turn|78\n|\n|t:|1696716057\n|-activate|p2a: The middle|move: Struggle\n|move|p2a: The middle|Struggle|p1b: Gliscor\n|-damage|p1b: Gliscor|89\/100 tox\n|-damage|p2a: The middle|42\/100|[from] recoil\n|move|p1b: Gliscor|Rock Slide|p2a: The middle\n|-supereffective|p2a: The middle\n|-damage|p2a: The middle|34\/100\n|\n|-heal|p1b: Gliscor|100\/100 tox|[from] ability: Poison Heal\n|upkeep\n|turn|79\n|-message|tomybob02 forfeited.\n|\n|win|JAPDAgain2\n|l|\u2606tomybob02\n","uploadtime":1696716407,"views":11,"p1id":"tomybob02","p2id":"japdagain2","formatid":"gen9nationaldexdoubles","rating":0,"private":0,"password":""}