{"id":"gen9nationaldexdoubles-1966792527","p1":"Phenixclause","p2":"Spookely","format":"[Gen 9] National Dex Doubles","log":"|j|\u203dPhenixclause\n|j|\u2606Spookely\n|t:|1697222234\n|gametype|doubles\n|player|p1|Phenixclause|benga|1195\n|player|p2|Spookely|boarder|1333\n|teamsize|p1|6\n|teamsize|p2|6\n|gen|9\n|tier|[Gen 9] National Dex Doubles\n|rated|\n|rule|HP Percentage Mod: HP is shown in percentages\n|rule|Endless Battle Clause: Forcing endless battles is banned\n|rule|OHKO Clause: OHKO moves are banned\n|rule|Evasion Moves Clause: Evasion moves are banned\n|rule|Evasion Abilities Clause: Evasion abilities are banned\n|rule|Species Clause: Limit one of each Pok\u00e9mon\n|rule|Gravity Sleep Clause: The combination of sleep-inducing moves with imperfect accuracy and Gravity or Gigantamax Orbeetle are banned\n|clearpoke\n|poke|p1|Garchomp, F|\n|poke|p1|Espathra, M|\n|poke|p1|Sinistcha|\n|poke|p1|Indeedee-F, F|\n|poke|p1|Pawmot, M|\n|poke|p1|Heatran, F|\n|poke|p2|Medicham, M|\n|poke|p2|Cresselia, F|\n|poke|p2|Urshifu-*, F|\n|poke|p2|Jirachi|\n|poke|p2|Flutter Mane|\n|poke|p2|Zapdos|\n|teampreview\n|c|\u2606Spookely|h\n|\n|t:|1697222252\n|start\n|switch|p1a: Espathra|Espathra, M|100\/100\n|switch|p1b: Garchomp|Garchomp, F|100\/100\n|switch|p2a: Cresselia|Cresselia, F|100\/100\n|switch|p2b: Zapdos|Zapdos|100\/100\n|turn|1\n|inactive|Battle timer is ON: inactive players will automatically lose when time's up. (requested by Spookely)\n|\n|t:|1697222273\n|detailschange|p1b: Garchomp|Garchomp-Mega, F\n|-mega|p1b: Garchomp|Garchomp|Garchompite\n|move|p1b: Garchomp|Swords Dance|p1b: Garchomp\n|-boost|p1b: Garchomp|atk|2\n|move|p1a: Espathra|Skill Swap|p1b: Garchomp\n|-activate|p1a: Espathra|move: Skill Swap|||[of] p1b: Garchomp\n|move|p2b: Zapdos|Tailwind|p2b: Zapdos\n|-sidestart|p2: Spookely|move: Tailwind\n|move|p2a: Cresselia|Reflect|p2a: Cresselia\n|-sidestart|p2: Spookely|Reflect\n|\n|-ability|p1b: Garchomp|Speed Boost|boost\n|-boost|p1b: Garchomp|spe|1\n|upkeep\n|turn|2\n|\n|t:|1697222302\n|move|p2b: Zapdos|Hurricane|p1b: Garchomp|[miss]\n|-miss|p2b: Zapdos|p1b: Garchomp\n|move|p1b: Garchomp|Rock Slide|p2a: Cresselia|[spread] p2a,p2b\n|-supereffective|p2b: Zapdos\n|-damage|p2a: Cresselia|78\/100\n|-damage|p2b: Zapdos|49\/100\n|move|p2a: Cresselia|Light Screen|p2a: Cresselia\n|-sidestart|p2: Spookely|move: Light Screen\n|move|p1a: Espathra|Skill Swap|p2a: Cresselia\n|-activate|p1a: Espathra|move: Skill Swap|Levitate|Sand Force|[of] p2a: Cresselia\n|\n|-ability|p1b: Garchomp|Speed Boost|boost\n|-boost|p1b: Garchomp|spe|1\n|upkeep\n|turn|3\n|\n|t:|1697222330\n|move|p1b: Garchomp|Dragon Claw|p2a: Cresselia\n|-damage|p2a: Cresselia|34\/100\n|move|p2b: Zapdos|Volt Switch|p1a: Espathra\n|-damage|p1a: Espathra|46\/100\n|\n|t:|1697222340\n|switch|p2b: Flutter Mane|Flutter Mane|100\/100|[from] Volt Switch\n|move|p2a: Cresselia|Safeguard|p2a: Cresselia\n|-sidestart|p2: Spookely|Safeguard\n|move|p1a: Espathra|Skill Swap||[still]\n|-fail|p1a: Espathra\n|\n|-ability|p1b: Garchomp|Speed Boost|boost\n|-boost|p1b: Garchomp|spe|1\n|upkeep\n|turn|4\n|\n|t:|1697222363\n|switch|p2a: Zapdos|Zapdos|49\/100\n|move|p1a: Espathra|Ally Switch|p1a: Espathra\n|swap|p1a: Espathra|1|[from] move: Ally Switch\n|move|p1a: Garchomp|Rock Slide|p2a: Zapdos|[spread] p2b\n|-miss|p1a: Garchomp|p2a: Zapdos\n|-damage|p2b: Flutter Mane|56\/100\n|cant|p2b: Flutter Mane|flinch\n|\n|-sideend|p2: Spookely|move: Tailwind\n|-ability|p1a: Garchomp|Speed Boost|boost\n|-boost|p1a: Garchomp|spe|1\n|upkeep\n|turn|5\n|\n|t:|1697222378\n|move|p1a: Garchomp|Rock Slide|p2a: Zapdos|[spread] p2a,p2b\n|-supereffective|p2a: Zapdos\n|-damage|p2a: Zapdos|0 fnt\n|-damage|p2b: Flutter Mane|13\/100\n|faint|p2a: Zapdos\n|move|p2b: Flutter Mane|Moonblast|p1a: Garchomp\n|-supereffective|p1a: Garchomp\n|-damage|p1a: Garchomp|0 fnt\n|faint|p1a: Garchomp\n|move|p1b: Espathra|Skill Swap||[still]\n|-fail|p1b: Espathra\n|\n|upkeep\n|\n|t:|1697222392\n|switch|p1a: Indeedee|Indeedee-F, F|100\/100\n|switch|p2a: Urshifu|Urshifu-Rapid-Strike, F|100\/100\n|-fieldstart|move: Psychic Terrain|[from] ability: Psychic Surge|[of] p1a: Indeedee\n|turn|6\n|\n|t:|1697222401\n|switch|p1b: Heatran|Heatran, F|100\/100\n|-item|p1b: Heatran|Air Balloon\n|-terastallize|p2a: Urshifu|Water\n|move|p2b: Flutter Mane|Moonblast|p1b: Heatran\n|-resisted|p1b: Heatran\n|-damage|p1b: Heatran|90\/100\n|-enditem|p1b: Heatran|Air Balloon\n|-zpower|p1a: Indeedee\n|move|p1a: Indeedee|Shattered Psyche|p2a: Urshifu|[zeffect]\n|-damage|p2a: Urshifu|51\/100\n|move|p2a: Urshifu|Surging Strikes|p1a: Indeedee\n|-crit|p1a: Indeedee\n|-damage|p1a: Indeedee|52\/100\n|-crit|p1a: Indeedee\n|-damage|p1a: Indeedee|3\/100\n|-crit|p1a: Indeedee\n|-damage|p1a: Indeedee|0 fnt\n|faint|p1a: Indeedee\n|-hitcount|p1: Indeedee|3\n|\n|upkeep\n|\n|t:|1697222422\n|switch|p1a: Sinistcha|Sinistcha|100\/100\n|-heal|p1b: Heatran|100\/100|[from] ability: Hospitality|[of] p1a: Sinistcha\n|turn|7\n|\n|t:|1697222428\n|-end|p2b: Flutter Mane|Protosynthesis|[silent]\n|switch|p2b: Cresselia|Cresselia, F|34\/100\n|move|p1b: Heatran|Protect|p1b: Heatran\n|-singleturn|p1b: Heatran|Protect\n|move|p2a: Urshifu|Surging Strikes|p1b: Heatran\n|-supereffective|p1b: Heatran\n|-crit|p1b: Heatran\n|-damage|p1b: Heatran|48\/100\n|-supereffective|p1b: Heatran\n|-crit|p1b: Heatran\n|-damage|p1b: Heatran|0 fnt\n|faint|p1b: Heatran\n|-hitcount|p1: Heatran|2\n|move|p1a: Sinistcha|Nasty Plot|p1a: Sinistcha\n|-boost|p1a: Sinistcha|spa|2\n|\n|-sideend|p2: Spookely|Safeguard\n|upkeep\n|\n|t:|1697222446\n|switch|p1b: Pawmot|Pawmot, M|100\/100\n|turn|8\n|\n|t:|1697222457\n|move|p1b: Pawmot|Revival Blessing|p1b: Pawmot\n|-enditem|p1b: Pawmot|Leppa Berry|[eat]\n|-activate|p1b: Pawmot|item: Leppa Berry|Revival Blessing|[consumed]\n|\n|t:|1697222460\n|-heal|p1: Garchomp|50\/100|[from] move: Revival Blessing\n|move|p2a: Urshifu|Surging Strikes|p1a: Sinistcha\n|-resisted|p1a: Sinistcha\n|-crit|p1a: Sinistcha\n|-damage|p1a: Sinistcha|84\/100\n|-resisted|p1a: Sinistcha\n|-crit|p1a: Sinistcha\n|-damage|p1a: Sinistcha|67\/100\n|-resisted|p1a: Sinistcha\n|-crit|p1a: Sinistcha\n|-damage|p1a: Sinistcha|50\/100\n|-hitcount|p1a: Sinistcha|3\n|move|p2b: Cresselia|Safeguard|p2b: Cresselia\n|-sidestart|p2: Spookely|Safeguard\n|move|p1a: Sinistcha|Matcha Gotcha|p2b: Cresselia|[spread] p2a,p2b\n|-supereffective|p2a: Urshifu\n|-damage|p2a: Urshifu|0 fnt\n|-heal|p1a: Sinistcha|75\/100|[from] drain|[of] p2a: Urshifu\n|-damage|p2b: Cresselia|13\/100\n|-heal|p1a: Sinistcha|89\/100|[from] drain|[of] p2b: Cresselia\n|faint|p2a: Urshifu\n|\n|-heal|p1a: Sinistcha|95\/100|[from] item: Leftovers\n|-sideend|p2: Spookely|Reflect\n|upkeep\n|\n|t:|1697222478\n|switch|p2a: Medicham|Medicham, M, shiny|100\/100\n|turn|9\n|\n|t:|1697222485\n|switch|p2b: Flutter Mane|Flutter Mane|13\/100\n|detailschange|p2a: Medicham|Medicham-Mega, M, shiny\n|-mega|p2a: Medicham|Medicham|Medichamite\n|move|p1b: Pawmot|Revival Blessing|p1b: Pawmot\n|\n|t:|1697222493\n|-heal|p1: Heatran|50\/100|[from] move: Revival Blessing\n|move|p2a: Medicham|Ice Punch|p1a: Sinistcha\n|-supereffective|p1a: Sinistcha\n|-damage|p1a: Sinistcha|18\/100\n|move|p1a: Sinistcha|Shadow Ball|p2a: Medicham\n|-supereffective|p2a: Medicham\n|-damage|p2a: Medicham|0 fnt\n|faint|p2a: Medicham\n|\n|-heal|p1a: Sinistcha|24\/100|[from] item: Leftovers\n|-sideend|p2: Spookely|move: Light Screen\n|upkeep\n|\n|t:|1697222506\n|switch|p2a: Cresselia|Cresselia, F|13\/100\n|turn|10\n|\n|t:|1697222518\n|move|p2b: Flutter Mane|Dazzling Gleam|p1a: Sinistcha|[spread] p1a,p1b\n|-supereffective|p1b: Pawmot\n|-damage|p1a: Sinistcha|0 fnt\n|-damage|p1b: Pawmot|0 fnt\n|faint|p1a: Sinistcha\n|faint|p1b: Pawmot\n|move|p2a: Cresselia|Light Screen|p2a: Cresselia\n|-sidestart|p2: Spookely|move: Light Screen\n|\n|-fieldend|move: Psychic Terrain\n|upkeep\n|\n|t:|1697222527\n|switch|p1b: Heatran|Heatran, F|50\/100\n|switch|p1a: Espathra|Espathra, M|46\/100\n|turn|11\n|\n|t:|1697222535\n|-end|p2b: Flutter Mane|Protosynthesis|[silent]\n|switch|p2b: Jirachi|Jirachi|100\/100\n|-terastallize|p1a: Espathra|Steel\n|move|p1b: Heatran|Protect|p1b: Heatran\n|-singleturn|p1b: Heatran|Protect\n|move|p1a: Espathra|Flash Cannon|p2b: Jirachi\n|-resisted|p2b: Jirachi\n|-damage|p2b: Jirachi|92\/100\n|move|p2a: Cresselia|Reflect|p2a: Cresselia\n|-sidestart|p2: Spookely|Reflect\n|\n|-ability|p1a: Espathra|Speed Boost|boost\n|-boost|p1a: Espathra|spe|1\n|upkeep\n|turn|12\n|\n|t:|1697222553\n|switch|p1b: Garchomp|Garchomp-Mega, F|50\/100\n|move|p1a: Espathra|Skill Swap|p1b: Garchomp\n|-activate|p1a: Espathra|move: Skill Swap|||[of] p1b: Garchomp\n|move|p2b: Jirachi|Encore|p1a: Espathra\n|-start|p1a: Espathra|Encore\n|move|p2a: Cresselia|Lunar Blessing|p2a: Cresselia|[spread] p2a,p2b\n|-heal|p2a: Cresselia|38\/100\n|-heal|p2b: Jirachi|100\/100\n|\n|-sideend|p2: Spookely|Safeguard\n|upkeep\n|turn|13\n|\n|t:|1697222581\n|move|p1a: Espathra|Skill Swap|p2a: Cresselia\n|-activate|p1a: Espathra|move: Skill Swap|Levitate|Sand Force|[of] p2a: Cresselia\n|move|p1b: Garchomp|Earthquake|p2a: Cresselia|[spread] p2a,p2b\n|-immune|p1a: Espathra|[from] ability: Levitate\n|-supereffective|p2b: Jirachi\n|-damage|p2a: Cresselia|14\/100\n|-damage|p2b: Jirachi|53\/100\n|move|p2b: Jirachi|Iron Head|p1b: Garchomp\n|-damage|p1b: Garchomp|26\/100\n|move|p2a: Cresselia|Lunar Blessing|p2a: Cresselia|[spread] p2a,p2b\n|-heal|p2a: Cresselia|39\/100\n|-heal|p2b: Jirachi|78\/100\n|\n|-ability|p1b: Garchomp|Speed Boost|boost\n|-boost|p1b: Garchomp|spe|1\n|upkeep\n|turn|14\n|\n|t:|1697222601\n|switch|p1a: Heatran|Heatran, F|50\/100\n|move|p1b: Garchomp|Swords Dance|p1b: Garchomp\n|-boost|p1b: Garchomp|atk|2\n|move|p2b: Jirachi|Iron Head|p1b: Garchomp\n|-damage|p1b: Garchomp|2\/100\n|move|p2a: Cresselia|Lunar Blessing|p2a: Cresselia|[spread] p2a,p2b\n|-heal|p2a: Cresselia|64\/100\n|-heal|p2b: Jirachi|100\/100\n|\n|-ability|p1b: Garchomp|Speed Boost|boost\n|-boost|p1b: Garchomp|spe|1\n|upkeep\n|turn|15\n|\n|t:|1697222614\n|move|p1b: Garchomp|Earthquake|p2b: Jirachi|[spread] p1a,p2a,p2b\n|-supereffective|p1a: Heatran\n|-supereffective|p2b: Jirachi\n|-damage|p1a: Heatran|0 fnt\n|-damage|p2a: Cresselia|16\/100\n|-damage|p2b: Jirachi|3\/100\n|-enditem|p2b: Jirachi|Sitrus Berry|[eat]\n|-heal|p2b: Jirachi|28\/100|[from] item: Sitrus Berry\n|faint|p1a: Heatran\n|move|p2b: Jirachi|Iron Head|p1b: Garchomp\n|-damage|p1b: Garchomp|0 fnt\n|faint|p1b: Garchomp\n|move|p2a: Cresselia|Lunar Blessing|p2a: Cresselia|[spread] p2a,p2b\n|-heal|p2a: Cresselia|41\/100\n|-heal|p2b: Jirachi|53\/100\n|\n|upkeep\n|c|\u2606Spookely|uh\n|c|\u2606Spookely|ok\n|-message|Phenixclause forfeited.\n|\n|win|Spookely\n|raw|Phenixclause's rating: 1195 &rarr; <strong>1179<\/strong><br \/>(-16 for losing)\n|raw|Spookely's rating: 1333 &rarr; <strong>1345<\/strong><br \/>(+12 for winning)\n|l|\u203dPhenixclause\n","uploadtime":1697222625,"views":10,"p1id":"phenixclause","p2id":"spookely","formatid":"gen9nationaldexdoubles","rating":1179,"private":0,"password":""}