{"id":"gen9nationaldexdoubles-2000594300","p1":"Vaporstar07","p2":"FlashFirePlayzYT","format":"[Gen 9] National Dex Doubles","log":"|j|\u2606Vaporstar07\n|j|\u2606FlashFirePlayzYT\n|t:|1701208640\n|gametype|doubles\n|player|p1|Vaporstar07|caitlin|\n|player|p2|FlashFirePlayzYT|red|\n|teamsize|p1|6\n|teamsize|p2|6\n|gen|9\n|tier|[Gen 9] National Dex Doubles\n|rule|HP Percentage Mod: HP is shown in percentages\n|rule|Endless Battle Clause: Forcing endless battles is banned\n|rule|OHKO Clause: OHKO moves are banned\n|rule|Evasion Moves Clause: Evasion moves are banned\n|rule|Evasion Abilities Clause: Evasion abilities are banned\n|rule|Species Clause: Limit one of each Pok\u00e9mon\n|rule|Gravity Sleep Clause: The combination of sleep-inducing moves with imperfect accuracy and Gravity or Gigantamax Orbeetle are banned\n|clearpoke\n|poke|p1|Infernape, M|\n|poke|p1|Sylveon, F|\n|poke|p1|Chien-Pao|\n|poke|p1|Umbreon, M|\n|poke|p1|Volcarona, M|\n|poke|p1|Greninja-*, M|\n|poke|p2|Blissey, F|\n|poke|p2|Greninja-*, F|\n|poke|p2|Pikachu, M|\n|poke|p2|Salamence, M|\n|poke|p2|Sandslash-Alola, F|\n|poke|p2|Flareon, F|\n|teampreview\n|\n|t:|1701208649\n|start\n|switch|p1a: Chien-Pao|Chien-Pao|100\/100\n|switch|p1b: Volcarona|Volcarona, M, shiny|100\/100\n|switch|p2a: Floofy|Flareon, F|100\/100\n|switch|p2b: Greninja|Greninja, F|100\/100\n|-ability|p1a: Chien-Pao|Sword of Ruin\n|turn|1\n|\n|t:|1701208663\n|move|p2b: Greninja|Water Shuriken|p1b: Volcarona\n|-supereffective|p1b: Volcarona\n|-damage|p1b: Volcarona|86\/100\n|-supereffective|p1b: Volcarona\n|-damage|p1b: Volcarona|73\/100\n|-hitcount|p1b: Volcarona|2\n|move|p1a: Chien-Pao|Sacred Sword|p2b: Greninja\n|-supereffective|p2b: Greninja\n|-damage|p2b: Greninja|0 fnt\n|faint|p2b: Greninja\n|move|p1b: Volcarona|Quiver Dance|p1b: Volcarona\n|-boost|p1b: Volcarona|spa|1\n|-boost|p1b: Volcarona|spd|1\n|-boost|p1b: Volcarona|spe|1\n|move|p2a: Floofy|Flamethrower|p1a: Chien-Pao\n|-supereffective|p1a: Chien-Pao\n|-damage|p1a: Chien-Pao|6\/100\n|\n|upkeep\n|\n|t:|1701208677\n|switch|p2b: Sonic|Sandslash-Alola, F, shiny|100\/100\n|turn|2\n|\n|t:|1701208684\n|move|p1b: Volcarona|Quiver Dance|p1b: Volcarona\n|-boost|p1b: Volcarona|spa|1\n|-boost|p1b: Volcarona|spd|1\n|-boost|p1b: Volcarona|spe|1\n|move|p1a: Chien-Pao|Sacred Sword|p2b: Sonic\n|-supereffective|p2b: Sonic\n|-damage|p2b: Sonic|0 fnt\n|faint|p2b: Sonic\n|move|p2a: Floofy|Flamethrower|p1a: Chien-Pao\n|-supereffective|p1a: Chien-Pao\n|-damage|p1a: Chien-Pao|0 fnt\n|faint|p1a: Chien-Pao\n|\n|upkeep\n|\n|t:|1701208705\n|switch|p1a: Infernape|Infernape, M, shiny|100\/100\n|switch|p2b: Shrek The Dwagon|Salamence, M, shiny|100\/100\n|-ability|p2b: Shrek The Dwagon|Intimidate|boost\n|-unboost|p1a: Infernape|atk|1\n|-unboost|p1b: Volcarona|atk|1\n|turn|3\n|\n|t:|1701208727\n|switch|p1a: Umbreon|Umbreon, M, shiny|100\/100\n|detailschange|p2b: Shrek The Dwagon|Salamence-Mega, M, shiny\n|-mega|p2b: Shrek The Dwagon|Salamence|Salamencite\n|move|p1b: Volcarona|Fiery Dance|p2b: Shrek The Dwagon\n|-resisted|p2b: Shrek The Dwagon\n|-damage|p2b: Shrek The Dwagon|59\/100\n|-boost|p1b: Volcarona|spa|1\n|move|p2b: Shrek The Dwagon|Iron Defense|p2b: Shrek The Dwagon\n|-boost|p2b: Shrek The Dwagon|def|2\n|move|p2a: Floofy|Flamethrower|p1b: Volcarona\n|-damage|p1b: Volcarona|56\/100\n|\n|upkeep\n|turn|4\n|\n|t:|1701208752\n|move|p1a: Umbreon|Protect|p1a: Umbreon\n|-singleturn|p1a: Umbreon|Protect\n|move|p1b: Volcarona|Fiery Dance|p2b: Shrek The Dwagon\n|-resisted|p2b: Shrek The Dwagon\n|-damage|p2b: Shrek The Dwagon|5\/100\n|-boost|p1b: Volcarona|spa|1\n|move|p2b: Shrek The Dwagon|Roost|p2b: Shrek The Dwagon\n|-heal|p2b: Shrek The Dwagon|55\/100\n|-singleturn|p2b: Shrek The Dwagon|move: Roost\n|move|p2a: Floofy|Flamethrower|p1b: Volcarona\n|-damage|p1b: Volcarona|40\/100\n|\n|upkeep\n|turn|5\n|\n|t:|1701208785\n|move|p1b: Volcarona|Fiery Dance|p2b: Shrek The Dwagon\n|-resisted|p2b: Shrek The Dwagon\n|-damage|p2b: Shrek The Dwagon|0 fnt\n|faint|p2b: Shrek The Dwagon\n|move|p2a: Floofy|Stored Power|p1b: Volcarona\n|-damage|p1b: Volcarona|37\/100\n|move|p1a: Umbreon|Wish|p1a: Umbreon\n|\n|upkeep\n|\n|t:|1701208793\n|switch|p2b: Fat|Blissey, F|100\/100\n|turn|6\n|\n|t:|1701208803\n|move|p1b: Volcarona|Quiver Dance|p1b: Volcarona\n|-boost|p1b: Volcarona|spa|1\n|-boost|p1b: Volcarona|spd|1\n|-boost|p1b: Volcarona|spe|1\n|move|p2a: Floofy|Flamethrower|p1b: Volcarona\n|-damage|p1b: Volcarona|24\/100\n|move|p2b: Fat|Drain Punch|p1a: Umbreon\n|-supereffective|p1a: Umbreon\n|-damage|p1a: Umbreon|94\/100\n|move|p1a: Umbreon|Toxic|p2b: Fat\n|-status|p2b: Fat|tox\n|\n|-heal|p1a: Umbreon|100\/100|[from] move: Wish|[wisher] Umbreon\n|-damage|p2b: Fat|94\/100 tox|[from] psn\n|upkeep\n|turn|7\n|\n|t:|1701208832\n|move|p1b: Volcarona|Bug Buzz|p2b: Fat\n|-damage|p2b: Fat|19\/100 tox\n|move|p2a: Floofy|Flamethrower|p1b: Volcarona\n|-damage|p1b: Volcarona|11\/100\n|move|p2b: Fat|Drain Punch|p1b: Volcarona\n|-resisted|p1b: Volcarona\n|-damage|p1b: Volcarona|7\/100\n|-heal|p2b: Fat|20\/100 tox|[from] drain|[of] p1b: Volcarona\n|move|p1a: Umbreon|Foul Play|p2a: Floofy\n|-damage|p2a: Floofy|0 fnt\n|-damage|p1a: Umbreon|84\/100|[from] item: Rocky Helmet|[of] p2a: Floofy\n|faint|p2a: Floofy\n|\n|-damage|p2b: Fat|7\/100 tox|[from] psn\n|upkeep\n|\n|t:|1701208848\n|switch|p2a: ThunderCookie|Pikachu, M|100\/100\n|turn|8\n|\n|t:|1701208857\n|move|p1a: Umbreon|Protect|p1a: Umbreon\n|-singleturn|p1a: Umbreon|Protect\n|move|p1b: Volcarona|Heat Wave|p2b: Fat|[spread] p2a,p2b\n|-damage|p2a: ThunderCookie|0 fnt\n|-damage|p2b: Fat|0 fnt\n|faint|p2a: ThunderCookie\n|faint|p2b: Fat\n|\n|win|Vaporstar07\n","uploadtime":1701208866,"views":0,"p1id":"vaporstar07","p2id":"flashfireplayzyt","formatid":"gen9nationaldexdoubles","rating":0,"private":0,"password":""}