{"id":"gen9nationaldexdoubles-1971545284","p1":"Theadonia","p2":"Hahahah U ARE NOOB","format":"[Gen 9] National Dex Doubles","log":"|j|\u2606Theadonia\n|j|\u2606Hahahah U ARE NOOB\n|t:|1697747143\n|gametype|doubles\n|player|p1|Theadonia|roxie|1132\n|player|p2|Hahahah U ARE NOOB|youngster-gen4dp|1000\n|teamsize|p1|6\n|teamsize|p2|6\n|gen|9\n|tier|[Gen 9] National Dex Doubles\n|rated|\n|rule|HP Percentage Mod: HP is shown in percentages\n|rule|Endless Battle Clause: Forcing endless battles is banned\n|rule|OHKO Clause: OHKO moves are banned\n|rule|Evasion Moves Clause: Evasion moves are banned\n|rule|Evasion Abilities Clause: Evasion abilities are banned\n|rule|Species Clause: Limit one of each Pok\u00e9mon\n|rule|Gravity Sleep Clause: The combination of sleep-inducing moves with imperfect accuracy and Gravity or Gigantamax Orbeetle are banned\n|clearpoke\n|poke|p1|Delphox, F|\n|poke|p1|Oricorio-Sensu, F|\n|poke|p1|Kommo-o, M|\n|poke|p1|Wailord, F|\n|poke|p1|Cresselia, F|\n|poke|p1|Ribombee, M|\n|poke|p2|Indeedee-F, F|\n|poke|p2|Oranguru, F|\n|poke|p2|Glastrier|\n|poke|p2|Hoopa-Unbound|\n|poke|p2|Ursaluna, M|\n|poke|p2|Zygarde|\n|teampreview\n|\n|t:|1697747159\n|start\n|switch|p1a: Ribombee|Ribombee, M|100\/100\n|switch|p1b: Oricorio|Oricorio-Sensu, F, shiny|100\/100\n|switch|p2a: Hoopa|Hoopa-Unbound|100\/100\n|switch|p2b: Zygarde|Zygarde|100\/100\n|-ability|p2b: Zygarde|Aura Break\n|turn|1\n|\n|t:|1697747186\n|-terastallize|p1b: Oricorio|Fairy\n|move|p1a: Ribombee|Dazzling Gleam|p2b: Zygarde|[spread] p2a,p2b\n|-supereffective|p2a: Hoopa\n|-supereffective|p2b: Zygarde\n|-damage|p2a: Hoopa|63\/100\n|-damage|p2b: Zygarde|66\/100\n|move|p1b: Oricorio|Revelation Dance|p2a: Hoopa\n|-supereffective|p2a: Hoopa\n|-damage|p2a: Hoopa|19\/100\n|move|p2b: Zygarde|Coil|p2b: Zygarde\n|-boost|p2b: Zygarde|atk|1\n|-boost|p2b: Zygarde|def|1\n|-boost|p2b: Zygarde|accuracy|1\n|move|p2a: Hoopa|Trick Room|p2a: Hoopa\n|-fieldstart|move: Trick Room|[of] p2a: Hoopa\n|-enditem|p2b: Zygarde|Room Service\n|-unboost|p2b: Zygarde|spe|1|[from] item: Room Service\n|-enditem|p2a: Hoopa|Room Service\n|-unboost|p2a: Hoopa|spe|1|[from] item: Room Service\n|\n|upkeep\n|turn|2\n|\n|t:|1697747234\n|move|p2a: Hoopa|Psyshock|p1b: Oricorio\n|-damage|p1b: Oricorio|54\/100\n|-item|p2a: Hoopa|Aguav Berry|[from] ability: Magician|[of] p1b: Oricorio\n|-enditem|p2a: Hoopa|Aguav Berry|[eat]\n|-heal|p2a: Hoopa|52\/100|[from] item: Aguav Berry\n|move|p2b: Zygarde|Thousand Arrows|p1a: Ribombee|[spread] p1a,p1b\n|-resisted|p1a: Ribombee\n|-damage|p1a: Ribombee|64\/100\n|-damage|p1b: Oricorio|24\/100\n|move|p1b: Oricorio|Substitute|p1b: Oricorio\n|-fail|p1b: Oricorio|move: Substitute|[weak]\n|move|p1a: Ribombee|Speed Swap|p2a: Hoopa\n|-activate|p1a: Ribombee|move: Speed Swap|[of] p2a: Hoopa\n|\n|upkeep\n|turn|3\n|c|\u2606Theadonia|I love how vintage your username is\n|c|\u2606Theadonia|i haven\u2019t heard anyone use the phrase noob since 2009\n|inactive|Battle timer is ON: inactive players will automatically lose when time's up. (requested by Theadonia)\n|\n|t:|1697747302\n|move|p2b: Zygarde|Thousand Arrows|p1a: Ribombee|[spread] p1a,p1b\n|-resisted|p1a: Ribombee\n|-damage|p1a: Ribombee|29\/100\n|-damage|p1b: Oricorio|0 fnt\n|faint|p1b: Oricorio\n|move|p1a: Ribombee|Dazzling Gleam|p2b: Zygarde|[spread] p2a,p2b\n|-supereffective|p2a: Hoopa\n|-crit|p2a: Hoopa\n|-supereffective|p2b: Zygarde\n|-damage|p2a: Hoopa|0 fnt\n|-damage|p2b: Zygarde|34\/100\n|faint|p2a: Hoopa\n|\n|upkeep\n|\n|t:|1697747325\n|switch|p2a: Ursaluna|Ursaluna, M|100\/100\n|switch|p1b: Wailord|Wailord, F, shiny|100\/100\n|-ability|p1b: Wailord|Pressure\n|turn|4\n|\n|t:|1697747336\n|move|p2a: Ursaluna|Facade|p1b: Wailord\n|-damage|p1b: Wailord|54\/100\n|move|p2b: Zygarde|Thousand Arrows|p1b: Wailord|[spread] p1a,p1b\n|-resisted|p1a: Ribombee\n|-damage|p1a: Ribombee|0 fnt\n|-damage|p1b: Wailord|10\/100\n|faint|p1a: Ribombee\n|move|p1b: Wailord|Water Spout|p2a: Ursaluna|[spread] p2a,p2b\n|-supereffective|p2a: Ursaluna\n|-damage|p2a: Ursaluna|92\/100\n|-damage|p2b: Zygarde|31\/100\n|\n|-heal|p1b: Wailord|16\/100|[from] item: Leftovers\n|-status|p2a: Ursaluna|brn|[from] item: Flame Orb\n|upkeep\n|\n|t:|1697747343\n|switch|p1a: Kommo-o|Kommo-o, M, shiny|100\/100\n|turn|5\n|inactive|Hahahah U ARE NOOB has 120 seconds left.\n|\n|t:|1697747377\n|move|p2a: Ursaluna|Facade|p1a: Kommo-o\n|-damage|p1a: Kommo-o|0 fnt\n|faint|p1a: Kommo-o\n|move|p2b: Zygarde|Thousand Arrows|p1b: Wailord\n|-damage|p1b: Wailord|0 fnt\n|faint|p1b: Wailord\n|\n|-damage|p2a: Ursaluna|86\/100 brn|[from] brn\n|-fieldend|move: Trick Room\n|upkeep\n|\n|t:|1697747382\n|switch|p1a: Cresselia|Cresselia, F|100\/100\n|switch|p1b: Delphox|Delphox, F, shiny|100\/100\n|turn|6\n|\n|t:|1697747412\n|move|p1b: Delphox|Copycat|p1b: Delphox\n|move|p1b: Delphox|Thousand Arrows|p2b: Zygarde|[from]move: Copycat|[spread] p2a,p2b\n|-damage|p2a: Ursaluna|78\/100 brn\n|-damage|p2b: Zygarde|27\/100\n|move|p1a: Cresselia|Dazzling Gleam|p2b: Zygarde|[spread] p2a,p2b\n|-supereffective|p2b: Zygarde\n|-damage|p2a: Ursaluna|65\/100 brn\n|-damage|p2b: Zygarde|9\/100\n|move|p2b: Zygarde|Thousand Arrows|p1a: Cresselia|[spread] p1a,p1b\n|-supereffective|p1b: Delphox\n|-damage|p1a: Cresselia|76\/100\n|-damage|p1b: Delphox|2\/100\n|-start|p1a: Cresselia|Smack Down\n|-enditem|p1b: Delphox|Weakness Policy\n|-boost|p1b: Delphox|atk|2|[from] item: Weakness Policy\n|-boost|p1b: Delphox|spa|2|[from] item: Weakness Policy\n|move|p2a: Ursaluna|Facade|p1a: Cresselia\n|-damage|p1a: Cresselia|0 fnt\n|faint|p1a: Cresselia\n|\n|-damage|p2a: Ursaluna|59\/100 brn|[from] brn\n|upkeep\n|turn|7\n|\n|t:|1697747420\n|move|p1b: Delphox|Heat Wave|p2b: Zygarde|[spread] p2a,p2b\n|-resisted|p2b: Zygarde\n|-damage|p2a: Ursaluna|0 fnt\n|-damage|p2b: Zygarde|0 fnt\n|faint|p2a: Ursaluna\n|faint|p2b: Zygarde\n|\n|upkeep\n|inactive|Hahahah U ARE NOOB has 120 seconds left.\n|\n|t:|1697747464\n|switch|p2b: Oranguru|Oranguru, F|100\/100\n|switch|p2a: Glastrier|Glastrier|100\/100\n|turn|8\n|\n|t:|1697747472\n|-terastallize|p2b: Oranguru|Water\n|move|p2a: Glastrier|Protect|p2a: Glastrier\n|-singleturn|p2a: Glastrier|Protect\n|move|p1b: Delphox|Heat Wave|p2a: Glastrier|[spread] \n|-activate|p2a: Glastrier|move: Protect\n|-miss|p1b: Delphox|p2b: Oranguru\n|move|p2b: Oranguru|Trick Room|p2b: Oranguru\n|-fieldstart|move: Trick Room|[of] p2b: Oranguru\n|\n|upkeep\n|turn|9\n|c|\u2606Theadonia|Gg\n|\n|t:|1697747484\n|move|p2a: Glastrier|Icicle Spear|p1b: Delphox\n|-resisted|p1b: Delphox\n|-damage|p1b: Delphox|0 fnt\n|faint|p1b: Delphox\n|-hitcount|p1: Delphox|1\n|\n|win|Hahahah U ARE NOOB\n|raw|Theadonia's rating: 1132 &rarr; <strong>1102<\/strong><br \/>(-30 for losing)\n|raw|Hahahah U ARE NOOB's rating: 1059 &rarr; <strong>1097<\/strong><br \/>(+38 for winning)\n","uploadtime":1697747487,"views":11,"p1id":"theadonia","p2id":"hahahahuarenoob","formatid":"gen9nationaldexdoubles","rating":1097,"private":0,"password":""}