{"id":"gen9nationaldexdoubles-1979109993","p1":"PeanutChewer","p2":"Syph0n_78","format":"[Gen 9] National Dex Doubles","log":"|j|\u2606PeanutChewer\n|j|\u2606Syph0n_78\n|t:|1698633499\n|gametype|doubles\n|player|p1|PeanutChewer|doubleteam|\n|player|p2|Syph0n_78|169|\n|teamsize|p1|6\n|teamsize|p2|6\n|gen|9\n|tier|[Gen 9] National Dex Doubles\n|rule|HP Percentage Mod: HP is shown in percentages\n|rule|Endless Battle Clause: Forcing endless battles is banned\n|rule|OHKO Clause: OHKO moves are banned\n|rule|Evasion Moves Clause: Evasion moves are banned\n|rule|Evasion Abilities Clause: Evasion abilities are banned\n|rule|Species Clause: Limit one of each Pok\u00e9mon\n|rule|Gravity Sleep Clause: The combination of sleep-inducing moves with imperfect accuracy and Gravity or Gigantamax Orbeetle are banned\n|clearpoke\n|poke|p1|Farigiraf, M|\n|poke|p1|Ditto|\n|poke|p1|Swellow, F|\n|poke|p1|Ursaluna, M|\n|poke|p1|Zoroark-Hisui, F|\n|poke|p1|Exploud, M|\n|poke|p2|Rillaboom, F|\n|poke|p2|Whimsicott, M|\n|poke|p2|Ogerpon-Wellspring, F|\n|poke|p2|Brambleghast, F|\n|poke|p2|Shiftry, M|\n|poke|p2|Torterra, M|\n|teampreview\n|inactive|Battle timer is ON: inactive players will automatically lose when time's up. (requested by PeanutChewer)\n|c|\u2606Syph0n_78|oh gosh\n|c|\u2606Syph0n_78|ok\n|c|\u2606Syph0n_78|rdy?\n|c|\u2606PeanutChewer|ready\n|c|\u2606PeanutChewer|glhf\n|inactive|Syph0n_78 has 270 seconds left.\n|j| YaBoiCrim\n|c|\u2606PeanutChewer|i need to turn on my spotify but ima disconnect if i do\n|c|\u2606Syph0n_78|oof\n|c| YaBoiCrim|wait dont start yet\n|c| YaBoiCrim|turn timer off\n|inactiveoff|Battle timer is now OFF.\n|c| YaBoiCrim|gotta wait for an audience\n|c| YaBoiCrim|sorry : )\n|c|\u2606Syph0n_78|ight\n|j| I like bug alots\n|l|\u2606PeanutChewer\n|player|p1|\n|j|\u2606PeanutChewer\n|player|p1|PeanutChewer|doubleteam\n|inactive|Battle timer is ON: inactive players will automatically lose when time's up. (requested by PeanutChewer)\n|c| YaBoiCrim|ight yall can start whenever\n|inactiveoff|Battle timer is now OFF.\n|c|\u2606Syph0n_78|ok\n|\n|t:|1698633638\n|start\n|switch|p1a: Swellow|Swellow, F|100\/100\n|switch|p1b: Exploud|Exploud, M|100\/100\n|switch|p2a: Shiftry|Shiftry, M|100\/100\n|switch|p2b: Whimsicott|Whimsicott, M|100\/100\n|turn|1\n|\n|t:|1698633656\n|-terastallize|p1a: Swellow|Normal\n|move|p2b: Whimsicott|Tailwind|p2b: Whimsicott\n|-sidestart|p2: Syph0n_78|move: Tailwind\n|-ability|p2a: Shiftry|Wind Rider|boost\n|-boost|p2a: Shiftry|atk|1\n|move|p2a: Shiftry|Rock Slide|p1a: Swellow|[spread] p1a,p1b\n|-damage|p1a: Swellow|34\/100\n|-damage|p1b: Exploud|56\/100\n|cant|p1a: Swellow|flinch\n|move|p1b: Exploud|Blizzard|p2b: Whimsicott|[spread] p2b\n|-ability|p2a: Shiftry|Wind Rider|boost\n|-boost|p2a: Shiftry|atk|1\n|-supereffective|p2b: Whimsicott\n|-damage|p2b: Whimsicott|35\/100\n|\n|-heal|p2b: Whimsicott|41\/100|[from] item: Leftovers\n|upkeep\n|turn|2\n|\n|t:|1698633677\n|switch|p1a: Ursaluna|Ursaluna, M|100\/100\n|move|p2b: Whimsicott|Protect|p2b: Whimsicott\n|-singleturn|p2b: Whimsicott|Protect\n|move|p2a: Shiftry|Rock Slide|p1a: Ursaluna|[spread] p1a,p1b\n|-resisted|p1a: Ursaluna\n|-damage|p1a: Ursaluna|83\/100\n|-damage|p1b: Exploud|0 fnt\n|faint|p1b: Exploud\n|\n|-heal|p2b: Whimsicott|47\/100|[from] item: Leftovers\n|-status|p1a: Ursaluna|brn|[from] item: Flame Orb\n|upkeep\n|\n|t:|1698633687\n|switch|p1b: Ditto|Ditto|100\/100\n|-transform|p1b: Ditto|p2a: Shiftry|[from] ability: Imposter\n|turn|3\n|\n|t:|1698633729\n|switch|p2a: Brambleghast|Brambleghast, F|100\/100\n|-ability|p2a: Brambleghast|Wind Rider|boost\n|-boost|p2a: Brambleghast|atk|1\n|switch|p2b: Rillaboom|Rillaboom, F|100\/100\n|-fieldstart|move: Grassy Terrain|[from] ability: Grassy Surge|[of] p2b: Rillaboom\n|-enditem|p2b: Rillaboom|Grassy Seed\n|-boost|p2b: Rillaboom|def|1|[from] item: Grassy Seed\n|move|p1b: Ditto|X-Scissor|p2a: Brambleghast\n|-damage|p2a: Brambleghast|6\/100\n|move|p1a: Ursaluna|Heavy Slam|p2b: Rillaboom\n|-damage|p2b: Rillaboom|63\/100\n|\n|-heal|p2b: Rillaboom|69\/100|[from] Grassy Terrain\n|-heal|p2a: Brambleghast|12\/100|[from] Grassy Terrain\n|-heal|p1a: Ursaluna|89\/100 brn|[from] Grassy Terrain\n|-damage|p1a: Ursaluna|83\/100 brn|[from] brn\n|upkeep\n|turn|4\n|\n|t:|1698633763\n|-terastallize|p2b: Rillaboom|Flying\n|move|p2b: Rillaboom|Acrobatics|p1b: Ditto\n|-supereffective|p1b: Ditto\n|-damage|p1b: Ditto|0 fnt\n|faint|p1b: Ditto\n|move|p2a: Brambleghast|Strength Sap|p1a: Ursaluna\n|-unboost|p1a: Ursaluna|atk|1\n|-heal|p2a: Brambleghast|100\/100\n|move|p1a: Ursaluna|Facade|p2b: Rillaboom\n|-damage|p2b: Rillaboom|4\/100\n|\n|-heal|p1a: Ursaluna|89\/100 brn|[from] Grassy Terrain\n|-damage|p1a: Ursaluna|83\/100 brn|[from] brn\n|-sideend|p2: Syph0n_78|move: Tailwind\n|upkeep\n|\n|t:|1698633775\n|switch|p1b: Swellow|Swellow, F|100\/100\n|-start|p1b: Swellow|typechange|Normal|[silent]\n|turn|5\n|c|\u2606Syph0n_78|wtf rillaboom\n|\n|t:|1698633799\n|replace|p1b: Zoroark|Zoroark-Hisui, F\n|-end|p1b: Zoroark|Illusion\n|-zpower|p1b: Zoroark\n|move|p1b: Zoroark|Never-Ending Nightmare|p2a: Brambleghast|[zeffect]\n|-supereffective|p2a: Brambleghast\n|-damage|p2a: Brambleghast|0 fnt\n|faint|p2a: Brambleghast\n|move|p2b: Rillaboom|Drain Punch|p1b: Zoroark\n|-immune|p1b: Zoroark\n|move|p1a: Ursaluna|Facade|p2b: Rillaboom\n|-damage|p2b: Rillaboom|0 fnt\n|faint|p2b: Rillaboom\n|\n|-heal|p1a: Ursaluna|89\/100 brn|[from] Grassy Terrain\n|-damage|p1a: Ursaluna|83\/100 brn|[from] brn\n|upkeep\n|c|\u2606Syph0n_78|um\n|c|\u2606Syph0n_78|what\n|c|\u2606Syph0n_78|why does it still show normal\n|c|\u2606PeanutChewer|because swellow tera to normal\n|\n|t:|1698633845\n|switch|p2b: Ogerpon|Ogerpon-Wellspring, F|100\/100\n|switch|p2a: Whimsicott|Whimsicott, M|47\/100\n|turn|6\n|j| Jack the Ripper21\n|c| I like bug alots|simply built different\n|\n|t:|1698633865\n|move|p2a: Whimsicott|Protect|p2a: Whimsicott\n|-singleturn|p2a: Whimsicott|Protect\n|move|p2b: Ogerpon|Ivy Cudgel|p1b: Zoroark\n|-damage|p1b: Zoroark|0 fnt\n|faint|p1b: Zoroark\n|move|p1a: Ursaluna|Facade|p2b: Ogerpon\n|-damage|p2b: Ogerpon|0 fnt\n|faint|p2b: Ogerpon\n|\n|-heal|p2a: Whimsicott|54\/100|[from] Grassy Terrain\n|-heal|p2a: Whimsicott|60\/100|[from] item: Leftovers\n|-heal|p1a: Ursaluna|89\/100 brn|[from] Grassy Terrain\n|-damage|p1a: Ursaluna|83\/100 brn|[from] brn\n|upkeep\n|c| Jack the Ripper21|im here\n|\n|t:|1698633879\n|switch|p2b: Shiftry|Shiftry, M|100\/100\n|switch|p1b: Swellow|Swellow, F, tera:Normal|34\/100\n|turn|7\n|c| Jack the Ripper21|i would of killed the ursaluna\n|\n|t:|1698633891\n|move|p2a: Whimsicott|Tailwind|p2a: Whimsicott\n|-sidestart|p2: Syph0n_78|move: Tailwind\n|-ability|p2b: Shiftry|Wind Rider|boost\n|-boost|p2b: Shiftry|atk|1\n|move|p2b: Shiftry|Leaf Blade|p1a: Ursaluna\n|-supereffective|p1a: Ursaluna\n|-damage|p1a: Ursaluna|0 fnt\n|faint|p1a: Ursaluna\n|move|p1b: Swellow|Boomburst|p2a: Whimsicott|[spread] p2a,p2b\n|-damage|p2a: Whimsicott|0 fnt\n|-damage|p2b: Shiftry|0 fnt\n|faint|p2a: Whimsicott\n|faint|p2b: Shiftry\n|\n|-heal|p1b: Swellow|40\/100|[from] Grassy Terrain\n|-fieldend|move: Grassy Terrain\n|upkeep\n|c|\u2606Syph0n_78|like that- oh.\n|\n|t:|1698633909\n|switch|p2b: Torterra|Torterra, M|100\/100\n|switch|p1a: Farigiraf|Farigiraf, M|100\/100\n|turn|8\n|c| Jack the Ripper21|yeah your fucked now\n|c| YaBoiCrim|uh oh\n|c|\u2606Syph0n_78|that did\n|c|\u2606Syph0n_78|so much damage\n|c|\u2606Syph0n_78|wtf\n|c|\u2606PeanutChewer|the power of BURDS\n|c| Jack the Ripper21|unless your 232 speed\n|c|\u2606Syph0n_78|thing is\n|c| Jack the Ripper21|and your speed is double\n|j| Lucrencrum25\n|c| Jack the Ripper21|kill that bitch\n|c|\u2606PeanutChewer|i might accidentally kill farigiraf\n|c|\u2606Syph0n_78|I got rid of rock blast for protect on this guy\n|c| Lucrencrum25|Hmm\n|c| Jack the Ripper21|its tera\n|c| Jack the Ripper21|normal\n|c| Lucrencrum25|Interesting\n|\n|t:|1698633956\n|move|p2b: Torterra|Bullet Seed|p1b: Swellow\n|-damage|p1b: Swellow|14\/100\n|-damage|p1b: Swellow|0 fnt\n|faint|p1b: Swellow\n|-hitcount|p1: Swellow|2\n|move|p1a: Farigiraf|Calm Mind|p1a: Farigiraf\n|-boost|p1a: Farigiraf|spa|1\n|-boost|p1a: Farigiraf|spd|1\n|\n|upkeep\n|turn|9\n|c| Jack the Ripper21|just hit it\n|\n|t:|1698633966\n|move|p2b: Torterra|Headlong Rush|p1a: Farigiraf\n|-damage|p1a: Farigiraf|42\/100\n|-unboost|p2b: Torterra|def|1\n|-unboost|p2b: Torterra|spd|1\n|-enditem|p1a: Farigiraf|Sitrus Berry|[eat]\n|-heal|p1a: Farigiraf|67\/100|[from] item: Sitrus Berry\n|move|p1a: Farigiraf|Psychic|p2b: Torterra\n|-damage|p2b: Torterra|0 fnt\n|faint|p2b: Torterra\n|\n|win|PeanutChewer\n|c|\u2606Syph0n_78|fuck\n|c| Jack the Ripper21|now lets smack that bitch or not\n|c|\u2606PeanutChewer|ggwp\n|c| YaBoiCrim|dang\n|c| YaBoiCrim|wp yall\n|c|\u2606Syph0n_78|I played terribly LMFAOOOO\n|c| Jack the Ripper21|hey please beat ground\n|c|\u2606PeanutChewer|i was sweating lmao\n|c| Lucrencrum25|Wait... That was only nine turns?\n|c|\u2606Syph0n_78|I should've killed ursa\n|c|\u2606Syph0n_78|instead\n|c|\u2606Syph0n_78|that was my fault\n","uploadtime":1698633983,"views":32,"p1id":"peanutchewer","p2id":"syph0n78","formatid":"gen9nationaldexdoubles","rating":0,"private":0,"password":""}