{"id":"gen9nationaldexdoubles-1986599731","p1":"sad4521","p2":"zerkingoff","format":"[Gen 9] National Dex Doubles","log":"|j|\u2606sad4521\n|j|\u2606zerkingoff\n|t:|1699496416\n|gametype|doubles\n|player|p1|sad4521|101|1000\n|player|p2|zerkingoff|cheren-gen5bw2|1007\n|teamsize|p1|6\n|teamsize|p2|6\n|gen|9\n|tier|[Gen 9] National Dex Doubles\n|rated|\n|rule|HP Percentage Mod: HP is shown in percentages\n|rule|Endless Battle Clause: Forcing endless battles is banned\n|rule|OHKO Clause: OHKO moves are banned\n|rule|Evasion Moves Clause: Evasion moves are banned\n|rule|Evasion Abilities Clause: Evasion abilities are banned\n|rule|Species Clause: Limit one of each Pok\u00e9mon\n|rule|Gravity Sleep Clause: The combination of sleep-inducing moves with imperfect accuracy and Gravity or Gigantamax Orbeetle are banned\n|clearpoke\n|poke|p1|Great Tusk|\n|poke|p1|Grimmsnarl, M|\n|poke|p1|Scizor, M|\n|poke|p1|Shiftry, M|\n|poke|p1|Murkrow, F|\n|poke|p1|Vikavolt, M|\n|poke|p2|Jirachi|\n|poke|p2|Mismagius, F|\n|poke|p2|Audino, F|\n|poke|p2|Delphox, F|\n|poke|p2|Mienshao, M|\n|poke|p2|Altaria, F|\n|teampreview\n|\n|t:|1699496433\n|start\n|switch|p1a: Murkrow|Murkrow, F|100\/100\n|switch|p1b: Grimmsnarl|Grimmsnarl, M|100\/100\n|switch|p2a: Machiavellian Bach|Jirachi|100\/100\n|switch|p2b: Get mad !!!|Mienshao, M|100\/100\n|turn|1\n|\n|t:|1699496463\n|move|p1a: Murkrow|Tailwind|p1a: Murkrow\n|-sidestart|p1: sad4521|move: Tailwind\n|move|p1b: Grimmsnarl|Reflect|p1b: Grimmsnarl\n|-sidestart|p1: sad4521|Reflect\n|move|p2b: Get mad !!!|Stone Edge|p1a: Murkrow\n|-supereffective|p1a: Murkrow\n|-damage|p1a: Murkrow|0 fnt\n|faint|p1a: Murkrow\n|-damage|p2b: Get mad !!!|91\/100|[from] item: Life Orb\n|move|p2a: Machiavellian Bach|Cosmic Power|p2a: Machiavellian Bach\n|-boost|p2a: Machiavellian Bach|def|1\n|-boost|p2a: Machiavellian Bach|spd|1\n|\n|upkeep\n|\n|t:|1699496475\n|switch|p1a: Shiftry|Shiftry, M|100\/100\n|-ability|p1a: Shiftry|Wind Rider|boost\n|-boost|p1a: Shiftry|atk|1\n|turn|2\n|\n|t:|1699496499\n|move|p1a: Shiftry|Fake Out|p2b: Get mad !!!\n|-damage|p2b: Get mad !!!|43\/100\n|move|p1b: Grimmsnarl|Light Screen|p1b: Grimmsnarl\n|-sidestart|p1: sad4521|move: Light Screen\n|cant|p2b: Get mad !!!|flinch\n|move|p2a: Machiavellian Bach|Cosmic Power|p2a: Machiavellian Bach\n|-boost|p2a: Machiavellian Bach|def|1\n|-boost|p2a: Machiavellian Bach|spd|1\n|\n|upkeep\n|turn|3\n|\n|t:|1699496518\n|move|p1a: Shiftry|Fake Out||[still]\n|-hint|Fake Out only works on your first turn out.\n|-fail|p1a: Shiftry\n|move|p1b: Grimmsnarl|Parting Shot|p2a: Machiavellian Bach\n|-unboost|p2a: Machiavellian Bach|atk|1\n|-unboost|p2a: Machiavellian Bach|spa|1\n|\n|t:|1699496529\n|switch|p1b: Great Tusk|Great Tusk|100\/100|[from] Parting Shot\n|move|p2b: Get mad !!!|High Jump Kick|p1b: Great Tusk\n|-damage|p1b: Great Tusk|55\/100\n|-damage|p2b: Get mad !!!|33\/100|[from] item: Life Orb\n|move|p2a: Machiavellian Bach|Charge Beam|p1b: Great Tusk\n|-immune|p1b: Great Tusk\n|\n|upkeep\n|turn|4\n|\n|t:|1699496553\n|-terastallize|p2a: Machiavellian Bach|Fairy\n|move|p1a: Shiftry|Fake Out||[still]\n|-hint|Fake Out only works on your first turn out.\n|-fail|p1a: Shiftry\n|move|p1b: Great Tusk|Earthquake|p2a: Machiavellian Bach|[spread] p1a,p2a,p2b\n|-resisted|p1a: Shiftry\n|-damage|p1a: Shiftry|79\/100\n|-damage|p2a: Machiavellian Bach|84\/100\n|-damage|p2b: Get mad !!!|0 fnt\n|faint|p2b: Get mad !!!\n|move|p2a: Machiavellian Bach|Charge Beam|p1a: Shiftry\n|-resisted|p1a: Shiftry\n|-damage|p1a: Shiftry|75\/100\n|-boost|p2a: Machiavellian Bach|spa|1\n|\n|-heal|p2a: Machiavellian Bach|90\/100|[from] item: Leftovers\n|-sideend|p1: sad4521|move: Tailwind\n|upkeep\n|\n|t:|1699496569\n|switch|p2b: 999|Mismagius, F|100\/100\n|turn|5\n|\n|t:|1699496584\n|switch|p1a: Grimmsnarl|Grimmsnarl, M|100\/100\n|-end|p1b: Great Tusk|Protosynthesis|[silent]\n|switch|p1b: Scizor|Scizor, M|100\/100\n|move|p2b: 999|Icy Wind|p1b: Scizor|[spread] p1a,p1b\n|-resisted|p1b: Scizor\n|-damage|p1a: Grimmsnarl|92\/100\n|-damage|p1b: Scizor|94\/100\n|-unboost|p1a: Grimmsnarl|spe|1\n|-unboost|p1b: Scizor|spe|1\n|-damage|p2b: 999|91\/100|[from] item: Life Orb\n|move|p2a: Machiavellian Bach|Stored Power|p1b: Scizor\n|-resisted|p1b: Scizor\n|-damage|p1b: Scizor|81\/100\n|\n|-heal|p2a: Machiavellian Bach|96\/100|[from] item: Leftovers\n|-heal|p1a: Grimmsnarl|98\/100|[from] item: Leftovers\n|-sideend|p1: sad4521|Reflect\n|upkeep\n|turn|6\n|\n|t:|1699496620\n|move|p1a: Grimmsnarl|Light Screen||[still]\n|-fail|p1a: Grimmsnarl\n|move|p2b: 999|Mystical Fire|p1b: Scizor\n|-supereffective|p1b: Scizor\n|-damage|p1b: Scizor|0 fnt\n|faint|p1b: Scizor\n|-damage|p2b: 999|81\/100|[from] item: Life Orb\n|move|p2a: Machiavellian Bach|Baton Pass|p2a: Machiavellian Bach\n|-message|sad4521 forfeited.\n|\n|win|zerkingoff\n|raw|sad4521's rating: 1000 &rarr; <strong>1000<\/strong><br \/>(+0 for losing)\n|raw|zerkingoff's rating: 1007 &rarr; <strong>1045<\/strong><br \/>(+38 for winning)\n|l|\u2606sad4521\n","uploadtime":1699496650,"views":6,"p1id":"sad4521","p2id":"zerkingoff","formatid":"gen9nationaldexdoubles","rating":1000,"private":0,"password":""}