{"id":"gen9nationaldexdoubles-1980888447","p1":"Pegas04forever","p2":"Profesor Turo","format":"[Gen 9] National Dex Doubles","log":"|j|\u2606Pegas04forever\n|j|\u2606Profesor Turo\n|t:|1698846170\n|gametype|doubles\n|player|p1|Pegas04forever|backersf|1219\n|player|p2|Profesor Turo|turo-ai|1299\n|teamsize|p1|6\n|teamsize|p2|6\n|gen|9\n|tier|[Gen 9] National Dex Doubles\n|rated|\n|rule|HP Percentage Mod: HP is shown in percentages\n|rule|Endless Battle Clause: Forcing endless battles is banned\n|rule|OHKO Clause: OHKO moves are banned\n|rule|Evasion Moves Clause: Evasion moves are banned\n|rule|Evasion Abilities Clause: Evasion abilities are banned\n|rule|Species Clause: Limit one of each Pok\u00e9mon\n|rule|Gravity Sleep Clause: The combination of sleep-inducing moves with imperfect accuracy and Gravity or Gigantamax Orbeetle are banned\n|clearpoke\n|poke|p1|Espathra, F|\n|poke|p1|Flamigo, F|\n|poke|p1|Oricorio-Pom-Pom, F|\n|poke|p1|Lilligant, F|\n|poke|p1|Quaquaval, F|\n|poke|p1|Volcarona, F|\n|poke|p2|Mimikyu, M|\n|poke|p2|Dusclops, F|\n|poke|p2|Gourgeist-*, F|\n|poke|p2|Cursola, M|\n|poke|p2|Banette, M|\n|poke|p2|Chandelure, M|\n|teampreview\n|inactive|Battle timer is ON: inactive players will automatically lose when time's up. (requested by Profesor Turo)\n|inactive|Profesor Turo has 120 seconds left.\n|\n|t:|1698846209\n|start\n|switch|p1a: Anna Pavlova|Lilligant, F, shiny|100\/100\n|switch|p1b: Cheerleader|Oricorio-Pom-Pom, F, shiny|100\/100\n|switch|p2a: Cursola|Cursola, M|100\/100\n|switch|p2b: Gourgeist|Gourgeist-Super, F|100\/100\n|turn|1\n|\n|t:|1698846215\n|move|p1b: Cheerleader|Teeter Dance|p2a: Cursola|[spread] p1a,p2a,p2b\n|-immune|p1a: Anna Pavlova|confusion|[from] ability: Own Tempo\n|-start|p2a: Cursola|confusion\n|-start|p2b: Gourgeist|confusion\n|move|p1a: Anna Pavlova|Quiver Dance|p1a: Anna Pavlova\n|-boost|p1a: Anna Pavlova|spa|1\n|-boost|p1a: Anna Pavlova|spd|1\n|-boost|p1a: Anna Pavlova|spe|1\n|-activate|p1b: Cheerleader|ability: Dancer\n|move|p1b: Cheerleader|Quiver Dance|p1b: Cheerleader|[from]ability: Dancer\n|-boost|p1b: Cheerleader|spa|1\n|-boost|p1b: Cheerleader|spd|1\n|-boost|p1b: Cheerleader|spe|1\n|-activate|p2a: Cursola|confusion\n|move|p2a: Cursola|Meteor Beam||[still]\n|-prepare|p2a: Cursola|Meteor Beam\n|-boost|p2a: Cursola|spa|1\n|-enditem|p2a: Cursola|Power Herb\n|-anim|p2a: Cursola|Meteor Beam|p1b: Cheerleader\n|-supereffective|p1b: Cheerleader\n|-enditem|p1b: Cheerleader|Focus Sash\n|-damage|p1b: Cheerleader|1\/100\n|-activate|p2b: Gourgeist|confusion\n|-damage|p2b: Gourgeist|95\/100|[from] confusion\n|\n|upkeep\n|turn|2\n|\n|t:|1698846239\n|move|p1b: Cheerleader|Air Slash|p2b: Gourgeist\n|-supereffective|p2b: Gourgeist\n|-damage|p2b: Gourgeist|34\/100\n|move|p1a: Anna Pavlova|Petal Dance|p2b: Gourgeist\n|-resisted|p2b: Gourgeist\n|-damage|p2b: Gourgeist|0 fnt\n|faint|p2b: Gourgeist\n|-damage|p1a: Anna Pavlova|91\/100|[from] item: Life Orb\n|-activate|p1b: Cheerleader|ability: Dancer\n|move|p1b: Cheerleader|Petal Dance|p2a: Cursola|[from]ability: Dancer\n|-damage|p2a: Cursola|58\/100\n|-ability|p2a: Cursola|Perish Body\n|-end|p2a: Cursola|confusion\n|move|p2a: Cursola|Ice Beam|p1a: Anna Pavlova\n|-supereffective|p1a: Anna Pavlova\n|-damage|p1a: Anna Pavlova|0 fnt\n|faint|p1a: Anna Pavlova\n|\n|-start|p1b: Cheerleader|perish3\n|-start|p2a: Cursola|perish3\n|upkeep\n|\n|t:|1698846259\n|switch|p1a: Flamenco|Flamigo, F|100\/100\n|switch|p2b: Dusclops|Dusclops, F|100\/100\n|-copyboost|p1a: Flamenco|p1b: Cheerleader|[from] ability: Costar\n|-item|p1a: Flamenco|Focus Sash|[from] ability: Frisk|[of] p2b: Dusclops|[identify]\n|turn|3\n|\n|t:|1698846268\n|move|p1b: Cheerleader|Revelation Dance|p2a: Cursola\n|-damage|p2a: Cursola|8\/100\n|move|p1a: Flamenco|Copycat|p1a: Flamenco\n|move|p1a: Flamenco|Revelation Dance|p2b: Dusclops|[from]move: Copycat\n|-damage|p2b: Dusclops|78\/100\n|-activate|p1b: Cheerleader|ability: Dancer\n|move|p1b: Cheerleader|Revelation Dance|p2b: Dusclops|[from]ability: Dancer\n|-damage|p2b: Dusclops|46\/100\n|move|p2a: Cursola|Ice Beam|p1b: Cheerleader\n|-supereffective|p1b: Cheerleader\n|-damage|p1b: Cheerleader|0 fnt\n|faint|p1b: Cheerleader\n|move|p2b: Dusclops|Trick Room|p2b: Dusclops\n|-fieldstart|move: Trick Room|[of] p2b: Dusclops\n|\n|-start|p2a: Cursola|perish2\n|upkeep\n|\n|t:|1698846282\n|switch|p1b: El cumbias|Quaquaval, F|100\/100\n|turn|4\n|\n|t:|1698846292\n|move|p2b: Dusclops|Will-O-Wisp|p1b: El cumbias\n|-status|p1b: El cumbias|brn\n|move|p2a: Cursola|Ice Beam|p1a: Flamenco\n|-supereffective|p1a: Flamenco\n|-enditem|p1a: Flamenco|Focus Sash\n|-damage|p1a: Flamenco|1\/100\n|move|p1b: El cumbias|Aqua Step|p2a: Cursola\n|-crit|p2a: Cursola\n|-damage|p2a: Cursola|0 fnt\n|-boost|p1b: El cumbias|spe|1\n|-ability|p2a: Cursola|Perish Body\n|faint|p2a: Cursola\n|-ability|p1b: El cumbias|Moxie|boost\n|-boost|p1b: El cumbias|atk|1\n|move|p1a: Flamenco|Copycat|p1a: Flamenco\n|move|p1a: Flamenco|Aqua Step|p2b: Dusclops|[from]move: Copycat\n|-damage|p2b: Dusclops|33\/100\n|-boost|p1a: Flamenco|spe|1\n|\n|-damage|p1b: El cumbias|94\/100 brn|[from] brn\n|-start|p1b: El cumbias|perish3\n|upkeep\n|\n|t:|1698846301\n|switch|p2a: Chandelure|Chandelure, M|100\/100\n|turn|5\n|\n|t:|1698846315\n|move|p2b: Dusclops|Pain Split|p1b: El cumbias\n|-sethp|p1b: El cumbias|62\/100 brn|[from] move: Pain Split|[silent]\n|-sethp|p2b: Dusclops|68\/100|[from] move: Pain Split\n|move|p2a: Chandelure|Heat Wave|p1a: Flamenco|[spread] p1a,p1b\n|-resisted|p1b: El cumbias\n|-damage|p1a: Flamenco|0 fnt\n|-damage|p1b: El cumbias|15\/100 brn\n|faint|p1a: Flamenco\n|move|p1b: El cumbias|Aqua Step|p2a: Chandelure\n|-supereffective|p2a: Chandelure\n|-damage|p2a: Chandelure|19\/100\n|-boost|p1b: El cumbias|spe|1\n|\n|-heal|p1b: El cumbias|21\/100 brn|[from] item: Leftovers\n|-damage|p1b: El cumbias|15\/100 brn|[from] brn\n|-start|p1b: El cumbias|perish2\n|upkeep\n|\n|t:|1698846325\n|switch|p1a: Dancing queen|Volcarona, F|100\/100\n|turn|6\n|\n|t:|1698846335\n|-terastallize|p2a: Chandelure|Fire\n|-terastallize|p1a: Dancing queen|Normal\n|move|p2b: Dusclops|Night Shade|p1a: Dancing queen\n|-immune|p1a: Dancing queen\n|move|p2a: Chandelure|Heat Wave|p1b: El cumbias|[spread] p1a\n|-miss|p2a: Chandelure|p1b: El cumbias\n|-damage|p1a: Dancing queen|10\/100\n|move|p1a: Dancing queen|Quiver Dance|p1a: Dancing queen\n|-boost|p1a: Dancing queen|spa|1\n|-boost|p1a: Dancing queen|spd|1\n|-boost|p1a: Dancing queen|spe|1\n|move|p1b: El cumbias|Aqua Step|p2a: Chandelure\n|-supereffective|p2a: Chandelure\n|-damage|p2a: Chandelure|0 fnt\n|-boost|p1b: El cumbias|spe|1\n|faint|p2a: Chandelure\n|-ability|p1b: El cumbias|Moxie|boost\n|-boost|p1b: El cumbias|atk|1\n|\n|-heal|p1b: El cumbias|21\/100 brn|[from] item: Leftovers\n|-damage|p1b: El cumbias|15\/100 brn|[from] brn\n|-start|p1b: El cumbias|perish1\n|upkeep\n|\n|t:|1698846341\n|switch|p2a: Mimikyu|Mimikyu, M|100\/100\n|turn|7\n|\n|t:|1698846351\n|move|p2b: Dusclops|Night Shade|p1b: El cumbias\n|-damage|p1b: El cumbias|0 fnt\n|faint|p1b: El cumbias\n|move|p2a: Mimikyu|Play Rough|p1a: Dancing queen\n|-damage|p1a: Dancing queen|0 fnt\n|faint|p1a: Dancing queen\n|-damage|p2a: Mimikyu|91\/100|[from] item: Life Orb\n|\n|-fieldend|move: Trick Room\n|upkeep\n|\n|t:|1698846356\n|switch|p1b: Lady gaga|Espathra, F|100\/100\n|turn|8\n|\n|t:|1698846362\n|move|p1b: Lady gaga|Calm Mind|p1b: Lady gaga\n|-boost|p1b: Lady gaga|spa|1\n|-boost|p1b: Lady gaga|spd|1\n|move|p2a: Mimikyu|Shadow Claw|p1b: Lady gaga\n|-supereffective|p1b: Lady gaga\n|-damage|p1b: Lady gaga|0 fnt\n|faint|p1b: Lady gaga\n|-damage|p2a: Mimikyu|81\/100|[from] item: Life Orb\n|\n|win|Profesor Turo\n|raw|Pegas04forever's rating: 1219 &rarr; <strong>1200<\/strong><br \/>(-19 for losing)\n|raw|Profesor Turo's rating: 1299 &rarr; <strong>1318<\/strong><br \/>(+19 for winning)\n|c|\u2606Profesor Turo|Ggs\n|l|\u2606Pegas04forever\n","uploadtime":1698846377,"views":8,"p1id":"pegas04forever","p2id":"profesorturo","formatid":"gen9nationaldexdoubles","rating":1200,"private":0,"password":""}