{"id":"gen9nationaldexdoubles-1958831349","p1":"MoobleGooble","p2":"Numa no Kage","format":"[Gen 9] National Dex Doubles","log":"|j|\u2606MoobleGooble\n|j|\u2606Numa no Kage\n|t:|1696361260\n|gametype|doubles\n|player|p1|MoobleGooble|clair|1098\n|player|p2|Numa no Kage|acetrainer|1143\n|teamsize|p1|6\n|teamsize|p2|6\n|gen|9\n|tier|[Gen 9] National Dex Doubles\n|rated|\n|rule|HP Percentage Mod: HP is shown in percentages\n|rule|Endless Battle Clause: Forcing endless battles is banned\n|rule|OHKO Clause: OHKO moves are banned\n|rule|Evasion Moves Clause: Evasion moves are banned\n|rule|Evasion Abilities Clause: Evasion abilities are banned\n|rule|Species Clause: Limit one of each Pok\u00e9mon\n|rule|Gravity Sleep Clause: The combination of sleep-inducing moves with imperfect accuracy and Gravity or Gigantamax Orbeetle are banned\n|clearpoke\n|poke|p1|Jirachi|\n|poke|p1|Grimmsnarl, M|\n|poke|p1|Pelipper, F|\n|poke|p1|Meowscarada, M|\n|poke|p1|Basculegion-F, F|\n|poke|p1|Diancie|\n|poke|p2|Tapu Koko|\n|poke|p2|Iron Treads|\n|poke|p2|Aerodactyl, M|\n|poke|p2|Wo-Chien|\n|poke|p2|Kommo-o, F|\n|poke|p2|Murkrow, M|\n|teampreview\n|inactive|Battle timer is ON: inactive players will automatically lose when time's up. (requested by Numa no Kage)\n|\n|t:|1696361270\n|start\n|switch|p1a: Jirachi|Jirachi|100\/100\n|switch|p1b: Grimmsnarl|Grimmsnarl, M|100\/100\n|switch|p2a: Kolo Muani|Tapu Koko, shiny|100\/100\n|switch|p2b: Donmenic|Iron Treads, shiny|100\/100\n|-fieldstart|move: Electric Terrain|[from] ability: Electric Surge|[of] p2a: Kolo Muani\n|-activate|p2b: Donmenic|ability: Quark Drive\n|-start|p2b: Donmenic|quarkdriveatk\n|-enditem|p2b: Donmenic|Electric Seed\n|-boost|p2b: Donmenic|def|1|[from] item: Electric Seed\n|turn|1\n|\n|t:|1696361296\n|-terastallize|p1a: Jirachi|Grass\n|move|p2a: Kolo Muani|Thunderbolt|p1a: Jirachi\n|-resisted|p1a: Jirachi\n|-damage|p1a: Jirachi|79\/100\n|move|p2b: Donmenic|Iron Head|p1b: Grimmsnarl\n|-supereffective|p1b: Grimmsnarl\n|-damage|p1b: Grimmsnarl|0 fnt\n|faint|p1b: Grimmsnarl\n|move|p1a: Jirachi|Ancient Power|p2a: Kolo Muani\n|-damage|p2a: Kolo Muani|70\/100\n|-boost|p1a: Jirachi|atk|1\n|-boost|p1a: Jirachi|def|1\n|-boost|p1a: Jirachi|spa|1\n|-boost|p1a: Jirachi|spd|1\n|-boost|p1a: Jirachi|spe|1\n|\n|-heal|p1a: Jirachi|85\/100|[from] item: Leftovers\n|upkeep\n|inactive|MoobleGooble has 120 seconds left.\n|\n|t:|1696361315\n|switch|p1b: Meowscarada|Meowscarada, M|100\/100\n|turn|2\n|\n|t:|1696361329\n|move|p1b: Meowscarada|Low Kick|p2b: Donmenic\n|-start|p1b: Meowscarada|typechange|Fighting|[from] ability: Protean\n|-supereffective|p2b: Donmenic\n|-damage|p2b: Donmenic|33\/100\n|move|p1a: Jirachi|Stored Power|p2a: Kolo Muani\n|-damage|p2a: Kolo Muani|0 fnt\n|faint|p2a: Kolo Muani\n|move|p2b: Donmenic|Rapid Spin|p1a: Jirachi\n|-damage|p1a: Jirachi|73\/100\n|-boost|p2b: Donmenic|spe|1\n|\n|-heal|p1a: Jirachi|79\/100|[from] item: Leftovers\n|upkeep\n|\n|t:|1696361347\n|switch|p2a: Floquinho|Wo-Chien|100\/100\n|-ability|p2a: Floquinho|Tablets of Ruin\n|turn|3\n|\n|t:|1696361361\n|move|p2b: Donmenic|Iron Head|p1b: Meowscarada\n|-damage|p1b: Meowscarada|34\/100\n|move|p1b: Meowscarada|Low Kick|p2b: Donmenic\n|-supereffective|p2b: Donmenic\n|-crit|p2b: Donmenic\n|-damage|p2b: Donmenic|0 fnt\n|faint|p2b: Donmenic\n|-end|p2b: Donmenic|Quark Drive|[silent]\n|move|p1a: Jirachi|Stored Power|p2a: Floquinho\n|-immune|p2a: Floquinho\n|move|p2a: Floquinho|Snarl|p1a: Jirachi|[spread] p1a,p1b\n|-resisted|p1b: Meowscarada\n|-damage|p1a: Jirachi|69\/100\n|-damage|p1b: Meowscarada|19\/100\n|-unboost|p1a: Jirachi|spa|1\n|-unboost|p1b: Meowscarada|spa|1\n|\n|-heal|p1b: Meowscarada|25\/100|[from] item: Leftovers\n|-heal|p1a: Jirachi|75\/100|[from] item: Leftovers\n|upkeep\n|\n|t:|1696361381\n|switch|p2b: Rock Dragon|Aerodactyl, M|100\/100\n|-ability|p2b: Rock Dragon|Pressure\n|turn|4\n|\n|t:|1696361398\n|detailschange|p2b: Rock Dragon|Aerodactyl-Mega, M\n|-mega|p2b: Rock Dragon|Aerodactyl|Aerodactylite\n|move|p2b: Rock Dragon|Psychic Fangs|p1b: Meowscarada\n|-supereffective|p1b: Meowscarada\n|-damage|p1b: Meowscarada|0 fnt\n|faint|p1b: Meowscarada\n|move|p1a: Jirachi|Stored Power|p2b: Rock Dragon\n|-damage|p2b: Rock Dragon|48\/100\n|move|p2a: Floquinho|Snarl|p1a: Jirachi\n|-damage|p1a: Jirachi|59\/100\n|-unboost|p1a: Jirachi|spa|1\n|\n|-heal|p1a: Jirachi|65\/100|[from] item: Leftovers\n|upkeep\n|\n|t:|1696361413\n|switch|p1b: Diancie|Diancie|100\/100\n|turn|5\n|\n|t:|1696361425\n|detailschange|p1b: Diancie|Diancie-Mega\n|-mega|p1b: Diancie|Diancie|Diancite\n|move|p2b: Rock Dragon|Dual Wingbeat|p1a: Jirachi|[miss]\n|-miss|p2b: Rock Dragon|p1a: Jirachi\n|move|p1a: Jirachi|Stored Power|p2b: Rock Dragon\n|-damage|p2b: Rock Dragon|8\/100\n|move|p1b: Diancie|Diamond Storm|p2b: Rock Dragon|[spread] p2a,p2b\n|-supereffective|p2b: Rock Dragon\n|-damage|p2a: Floquinho|74\/100\n|-damage|p2b: Rock Dragon|0 fnt\n|-boost|p1b: Diancie|def|2\n|faint|p2b: Rock Dragon\n|move|p2a: Floquinho|Giga Drain|p1b: Diancie\n|-supereffective|p1b: Diancie\n|-damage|p1b: Diancie|3\/100\n|-heal|p2a: Floquinho|100\/100|[from] drain|[of] p1b: Diancie\n|\n|-heal|p1a: Jirachi|72\/100|[from] item: Leftovers\n|upkeep\n|\n|t:|1696361446\n|switch|p2b: Bruxa 71|Murkrow, M, shiny|100\/100\n|turn|6\n|\n|t:|1696361463\n|move|p2b: Bruxa 71|Sucker Punch|p1b: Diancie\n|-resisted|p1b: Diancie\n|-damage|p1b: Diancie|0 fnt\n|faint|p1b: Diancie\n|move|p1a: Jirachi|Wish|p1a: Jirachi\n|move|p2a: Floquinho|Snarl|p1a: Jirachi\n|-damage|p1a: Jirachi|56\/100\n|-unboost|p1a: Jirachi|spa|1\n|\n|-heal|p1a: Jirachi|62\/100|[from] item: Leftovers\n|upkeep\n|\n|t:|1696361468\n|switch|p1b: Pelipper|Pelipper, F|100\/100\n|-weather|RainDance|[from] ability: Drizzle|[of] p1b: Pelipper\n|turn|7\n|\n|t:|1696361494\n|move|p2b: Bruxa 71|Taunt|p1b: Pelipper\n|-start|p1b: Pelipper|move: Taunt\n|move|p1a: Jirachi|Ancient Power|p2b: Bruxa 71\n|-supereffective|p2b: Bruxa 71\n|-damage|p2b: Bruxa 71|86\/100\n|-boost|p1a: Jirachi|atk|1\n|-boost|p1a: Jirachi|def|1\n|-boost|p1a: Jirachi|spa|1\n|-boost|p1a: Jirachi|spd|1\n|-boost|p1a: Jirachi|spe|1\n|move|p2a: Floquinho|Giga Drain|p1b: Pelipper\n|-damage|p1b: Pelipper|55\/100\n|move|p1b: Pelipper|U-turn|p2a: Floquinho\n|-supereffective|p2a: Floquinho\n|-damage|p2a: Floquinho|76\/100\n|\n|t:|1696361508\n|switch|p1b: Basculegion|Basculegion-F, F|100\/100|[from] U-turn\n|\n|-weather|RainDance|[upkeep]\n|-heal|p1a: Jirachi|100\/100|[from] move: Wish|[wisher] Jirachi\n|upkeep\n|turn|8\n|inactive|MoobleGooble has 120 seconds left.\n|\n|t:|1696361545\n|move|p2b: Bruxa 71|Sucker Punch|p1b: Basculegion\n|-supereffective|p1b: Basculegion\n|-damage|p1b: Basculegion|59\/100\n|move|p1b: Basculegion|Flip Turn|p2a: Floquinho\n|-resisted|p2a: Floquinho\n|-damage|p2a: Floquinho|53\/100\n|\n|t:|1696361551\n|switch|p1b: Pelipper|Pelipper, F|55\/100|[from] Flip Turn\n|move|p1a: Jirachi|Stored Power|p2b: Bruxa 71\n|-immune|p2b: Bruxa 71\n|move|p2a: Floquinho|Giga Drain|p1b: Pelipper\n|-damage|p1b: Pelipper|9\/100\n|-heal|p2a: Floquinho|74\/100|[from] drain|[of] p1b: Pelipper\n|\n|-weather|RainDance|[upkeep]\n|-heal|p1b: Pelipper|15\/100|[from] item: Leftovers\n|-fieldend|move: Electric Terrain\n|upkeep\n|turn|9\n|\n|t:|1696361576\n|move|p2b: Bruxa 71|Sucker Punch|p1b: Pelipper\n|-damage|p1b: Pelipper|4\/100\n|move|p1a: Jirachi|Thunder|p2b: Bruxa 71\n|-supereffective|p2b: Bruxa 71\n|-damage|p2b: Bruxa 71|50\/100\n|move|p2a: Floquinho|Snarl|p1a: Jirachi|[spread] p1a,p1b\n|-damage|p1a: Jirachi|92\/100\n|-damage|p1b: Pelipper|0 fnt\n|-unboost|p1a: Jirachi|spa|1\n|faint|p1b: Pelipper\n|\n|-weather|RainDance|[upkeep]\n|-heal|p1a: Jirachi|98\/100|[from] item: Leftovers\n|upkeep\n|\n|t:|1696361585\n|switch|p1b: Basculegion|Basculegion-F, F|59\/100\n|turn|10\n|\n|t:|1696361609\n|-terastallize|p2b: Bruxa 71|Normal\n|move|p2b: Bruxa 71|Sucker Punch|p1b: Basculegion\n|-supereffective|p1b: Basculegion\n|-crit|p1b: Basculegion\n|-damage|p1b: Basculegion|0 fnt\n|faint|p1b: Basculegion\n|move|p1a: Jirachi|Thunder|p2b: Bruxa 71\n|-damage|p2b: Bruxa 71|36\/100\n|-status|p2b: Bruxa 71|par\n|move|p2a: Floquinho|Giga Drain|p1a: Jirachi\n|-resisted|p1a: Jirachi\n|-damage|p1a: Jirachi|90\/100\n|-heal|p2a: Floquinho|78\/100|[from] drain|[of] p1a: Jirachi\n|\n|-weather|RainDance|[upkeep]\n|-heal|p1a: Jirachi|96\/100|[from] item: Leftovers\n|upkeep\n|turn|11\n|\n|t:|1696361630\n|move|p2b: Bruxa 71|Taunt|p1a: Jirachi\n|-start|p1a: Jirachi|move: Taunt\n|move|p1a: Jirachi|Ancient Power|p2b: Bruxa 71\n|-damage|p2b: Bruxa 71|27\/100 par\n|-boost|p1a: Jirachi|atk|1\n|-boost|p1a: Jirachi|def|1\n|-boost|p1a: Jirachi|spa|1\n|-boost|p1a: Jirachi|spd|1\n|-boost|p1a: Jirachi|spe|1\n|move|p2a: Floquinho|Snarl|p1a: Jirachi\n|-damage|p1a: Jirachi|87\/100\n|-unboost|p1a: Jirachi|spa|1\n|\n|-weather|none\n|-heal|p1a: Jirachi|93\/100|[from] item: Leftovers\n|upkeep\n|turn|12\n|\n|t:|1696361648\n|cant|p2b: Bruxa 71|par\n|move|p1a: Jirachi|Stored Power|p2a: Floquinho\n|-immune|p2a: Floquinho\n|move|p2a: Floquinho|Snarl|p1a: Jirachi\n|-damage|p1a: Jirachi|84\/100\n|-unboost|p1a: Jirachi|spa|1\n|\n|-heal|p1a: Jirachi|90\/100|[from] item: Leftovers\n|upkeep\n|turn|13\n|\n|t:|1696361663\n|cant|p2b: Bruxa 71|par\n|move|p1a: Jirachi|Stored Power|p2b: Bruxa 71\n|-damage|p2b: Bruxa 71|0 fnt\n|faint|p2b: Bruxa 71\n|move|p2a: Floquinho|Snarl|p1a: Jirachi\n|-damage|p1a: Jirachi|81\/100\n|-unboost|p1a: Jirachi|spa|1\n|\n|-heal|p1a: Jirachi|87\/100|[from] item: Leftovers\n|-end|p1a: Jirachi|move: Taunt\n|upkeep\n|\n|t:|1696361672\n|switch|p2b: Komi-san|Kommo-o, F|100\/100\n|turn|14\n|\n|t:|1696361677\n|move|p1a: Jirachi|Stored Power|p2b: Komi-san\n|-supereffective|p2b: Komi-san\n|-damage|p2b: Komi-san|0 fnt\n|faint|p2b: Komi-san\n|move|p2a: Floquinho|Mud-Slap|p1a: Jirachi\n|-resisted|p1a: Jirachi\n|-damage|p1a: Jirachi|86\/100\n|-unboost|p1a: Jirachi|accuracy|1\n|\n|-heal|p1a: Jirachi|92\/100|[from] item: Leftovers\n|upkeep\n|turn|15\n|\n|t:|1696361686\n|move|p1a: Jirachi|Wish|p1a: Jirachi\n|move|p2a: Floquinho|Mud-Slap|p1a: Jirachi\n|-resisted|p1a: Jirachi\n|-damage|p1a: Jirachi|90\/100\n|-unboost|p1a: Jirachi|accuracy|1\n|\n|-heal|p1a: Jirachi|96\/100|[from] item: Leftovers\n|upkeep\n|turn|16\n|\n|t:|1696361699\n|move|p1a: Jirachi|Thunder|p2a: Floquinho|[miss]\n|-miss|p1a: Jirachi|p2a: Floquinho\n|move|p2a: Floquinho|Mud-Slap|p1a: Jirachi\n|-resisted|p1a: Jirachi\n|-damage|p1a: Jirachi|95\/100\n|-unboost|p1a: Jirachi|accuracy|1\n|\n|-heal|p1a: Jirachi|100\/100|[from] move: Wish|[wisher] Jirachi\n|upkeep\n|turn|17\n|\n|t:|1696361710\n|move|p1a: Jirachi|Thunder|p2a: Floquinho\n|-resisted|p2a: Floquinho\n|-damage|p2a: Floquinho|75\/100\n|-status|p2a: Floquinho|par\n|move|p2a: Floquinho|Mud-Slap|p1a: Jirachi\n|-resisted|p1a: Jirachi\n|-crit|p1a: Jirachi\n|-damage|p1a: Jirachi|96\/100\n|-unboost|p1a: Jirachi|accuracy|1\n|\n|-heal|p1a: Jirachi|100\/100|[from] item: Leftovers\n|upkeep\n|turn|18\n|\n|t:|1696361721\n|move|p1a: Jirachi|Ancient Power|p2a: Floquinho|[miss]\n|-miss|p1a: Jirachi|p2a: Floquinho\n|cant|p2a: Floquinho|par\n|\n|upkeep\n|turn|19\n|\n|t:|1696361728\n|move|p1a: Jirachi|Ancient Power|p2a: Floquinho\n|-crit|p2a: Floquinho\n|-damage|p2a: Floquinho|62\/100 par\n|move|p2a: Floquinho|Mud-Slap|p1a: Jirachi\n|-resisted|p1a: Jirachi\n|-damage|p1a: Jirachi|99\/100\n|-unboost|p1a: Jirachi|accuracy|1\n|\n|-heal|p1a: Jirachi|100\/100|[from] item: Leftovers\n|upkeep\n|turn|20\n|\n|t:|1696361738\n|move|p1a: Jirachi|Ancient Power|p2a: Floquinho\n|-damage|p2a: Floquinho|59\/100 par\n|-boost|p1a: Jirachi|atk|1\n|-boost|p1a: Jirachi|def|1\n|-boost|p1a: Jirachi|spa|1\n|-boost|p1a: Jirachi|spd|1\n|-boost|p1a: Jirachi|spe|1\n|cant|p2a: Floquinho|par\n|\n|upkeep\n|turn|21\n|\n|t:|1696361748\n|move|p1a: Jirachi|Ancient Power|p2a: Floquinho|[miss]\n|-miss|p1a: Jirachi|p2a: Floquinho\n|move|p2a: Floquinho|Mud-Slap|p1a: Jirachi\n|-resisted|p1a: Jirachi\n|-damage|p1a: Jirachi|99\/100\n|-unboost|p1a: Jirachi|accuracy|1\n|\n|-heal|p1a: Jirachi|100\/100|[from] item: Leftovers\n|upkeep\n|turn|22\n|\n|t:|1696361758\n|move|p1a: Jirachi|Ancient Power|p2a: Floquinho|[miss]\n|-miss|p1a: Jirachi|p2a: Floquinho\n|move|p2a: Floquinho|Mud-Slap|p1a: Jirachi\n|-resisted|p1a: Jirachi\n|-damage|p1a: Jirachi|99\/100\n|\n|-heal|p1a: Jirachi|100\/100|[from] item: Leftovers\n|upkeep\n|turn|23\n|\n|t:|1696361771\n|move|p1a: Jirachi|Thunder|p2a: Floquinho\n|-resisted|p2a: Floquinho\n|-damage|p2a: Floquinho|56\/100 par\n|cant|p2a: Floquinho|par\n|\n|upkeep\n|turn|24\n|\n|t:|1696361778\n|move|p1a: Jirachi|Thunder|p2a: Floquinho|[miss]\n|-miss|p1a: Jirachi|p2a: Floquinho\n|move|p2a: Floquinho|Mud-Slap|p1a: Jirachi\n|-resisted|p1a: Jirachi\n|-damage|p1a: Jirachi|99\/100\n|\n|-heal|p1a: Jirachi|100\/100|[from] item: Leftovers\n|upkeep\n|turn|25\n|\n|t:|1696361787\n|move|p1a: Jirachi|Thunder|p2a: Floquinho|[miss]\n|-miss|p1a: Jirachi|p2a: Floquinho\n|move|p2a: Floquinho|Snarl|p1a: Jirachi\n|-damage|p1a: Jirachi|94\/100\n|-unboost|p1a: Jirachi|spa|1\n|\n|-heal|p1a: Jirachi|99\/100|[from] item: Leftovers\n|upkeep\n|turn|26\n|\n|t:|1696361797\n|move|p1a: Jirachi|Thunder|p2a: Floquinho|[miss]\n|-miss|p1a: Jirachi|p2a: Floquinho\n|move|p2a: Floquinho|Snarl|p1a: Jirachi\n|-damage|p1a: Jirachi|92\/100\n|-unboost|p1a: Jirachi|spa|1\n|\n|-heal|p1a: Jirachi|98\/100|[from] item: Leftovers\n|upkeep\n|turn|27\n|\n|t:|1696361807\n|move|p1a: Jirachi|Thunder|p2a: Floquinho\n|-resisted|p2a: Floquinho\n|-damage|p2a: Floquinho|54\/100 par\n|move|p2a: Floquinho|Snarl|p1a: Jirachi\n|-damage|p1a: Jirachi|90\/100\n|-unboost|p1a: Jirachi|spa|1\n|\n|-heal|p1a: Jirachi|96\/100|[from] item: Leftovers\n|upkeep\n|turn|28\n|\n|t:|1696361818\n|move|p1a: Jirachi|Thunder|p2a: Floquinho|[miss]\n|-miss|p1a: Jirachi|p2a: Floquinho\n|move|p2a: Floquinho|Mud-Slap|p1a: Jirachi\n|-resisted|p1a: Jirachi\n|-damage|p1a: Jirachi|95\/100\n|\n|-heal|p1a: Jirachi|100\/100|[from] item: Leftovers\n|upkeep\n|turn|29\n|\n|t:|1696361833\n|move|p1a: Jirachi|Thunder|p2a: Floquinho|[miss]\n|-miss|p1a: Jirachi|p2a: Floquinho\n|move|p2a: Floquinho|Mud-Slap|p1a: Jirachi\n|-resisted|p1a: Jirachi\n|-crit|p1a: Jirachi\n|-damage|p1a: Jirachi|97\/100\n|\n|-heal|p1a: Jirachi|100\/100|[from] item: Leftovers\n|upkeep\n|turn|30\n|\n|t:|1696361845\n|move|p1a: Jirachi|Stored Power|p2a: Floquinho\n|-immune|p2a: Floquinho\n|move|p2a: Floquinho|Mud-Slap|p1a: Jirachi\n|-resisted|p1a: Jirachi\n|-damage|p1a: Jirachi|99\/100\n|\n|-heal|p1a: Jirachi|100\/100|[from] item: Leftovers\n|upkeep\n|turn|31\n|\n|t:|1696361861\n|move|p1a: Jirachi|Stored Power|p2a: Floquinho\n|-immune|p2a: Floquinho\n|move|p2a: Floquinho|Mud-Slap|p1a: Jirachi\n|-resisted|p1a: Jirachi\n|-damage|p1a: Jirachi|99\/100\n|\n|-heal|p1a: Jirachi|100\/100|[from] item: Leftovers\n|upkeep\n|turn|32\n|\n|t:|1696361865\n|move|p1a: Jirachi|Stored Power|p2a: Floquinho\n|-immune|p2a: Floquinho\n|cant|p2a: Floquinho|par\n|\n|upkeep\n|turn|33\n|\n|t:|1696361871\n|move|p1a: Jirachi|Stored Power|p2a: Floquinho\n|-immune|p2a: Floquinho\n|move|p2a: Floquinho|Mud-Slap|p1a: Jirachi\n|-resisted|p1a: Jirachi\n|-damage|p1a: Jirachi|99\/100\n|\n|-heal|p1a: Jirachi|100\/100|[from] item: Leftovers\n|upkeep\n|turn|34\n|\n|t:|1696361877\n|move|p1a: Jirachi|Stored Power|p2a: Floquinho\n|-immune|p2a: Floquinho\n|move|p2a: Floquinho|Mud-Slap|p1a: Jirachi\n|-resisted|p1a: Jirachi\n|-damage|p1a: Jirachi|99\/100\n|\n|-heal|p1a: Jirachi|100\/100|[from] item: Leftovers\n|upkeep\n|turn|35\n|\n|t:|1696361886\n|move|p1a: Jirachi|Stored Power|p2a: Floquinho\n|-immune|p2a: Floquinho\n|move|p2a: Floquinho|Mud-Slap|p1a: Jirachi\n|-resisted|p1a: Jirachi\n|-damage|p1a: Jirachi|99\/100\n|\n|-heal|p1a: Jirachi|100\/100|[from] item: Leftovers\n|upkeep\n|turn|36\n|\n|t:|1696361895\n|move|p1a: Jirachi|Wish|p1a: Jirachi\n|move|p2a: Floquinho|Mud-Slap|p1a: Jirachi\n|-resisted|p1a: Jirachi\n|-damage|p1a: Jirachi|99\/100\n|\n|-heal|p1a: Jirachi|100\/100|[from] item: Leftovers\n|upkeep\n|turn|37\n|\n|t:|1696361905\n|move|p1a: Jirachi|Thunder|p2a: Floquinho|[miss]\n|-miss|p1a: Jirachi|p2a: Floquinho\n|cant|p2a: Floquinho|par\n|\n|upkeep\n|turn|38\n|\n|t:|1696361913\n|move|p1a: Jirachi|Wish|p1a: Jirachi\n|cant|p2a: Floquinho|par\n|\n|upkeep\n|turn|39\n|\n|t:|1696361920\n|move|p1a: Jirachi|Stored Power|p2a: Floquinho\n|-immune|p2a: Floquinho\n|move|p2a: Floquinho|Giga Drain|p1a: Jirachi\n|-resisted|p1a: Jirachi\n|-damage|p1a: Jirachi|95\/100\n|-heal|p2a: Floquinho|56\/100 par|[from] drain|[of] p1a: Jirachi\n|\n|-heal|p1a: Jirachi|100\/100|[from] move: Wish|[wisher] Jirachi\n|upkeep\n|turn|40\n|\n|t:|1696361929\n|move|p1a: Jirachi|Stored Power|p2a: Floquinho\n|-immune|p2a: Floquinho\n|move|p2a: Floquinho|Giga Drain|p1a: Jirachi\n|-resisted|p1a: Jirachi\n|-damage|p1a: Jirachi|95\/100\n|-heal|p2a: Floquinho|59\/100 par|[from] drain|[of] p1a: Jirachi\n|\n|-heal|p1a: Jirachi|100\/100|[from] item: Leftovers\n|upkeep\n|turn|41\n|\n|t:|1696361938\n|move|p1a: Jirachi|Thunder|p2a: Floquinho\n|-resisted|p2a: Floquinho\n|-damage|p2a: Floquinho|57\/100 par\n|move|p2a: Floquinho|Giga Drain|p1a: Jirachi\n|-resisted|p1a: Jirachi\n|-damage|p1a: Jirachi|95\/100\n|-heal|p2a: Floquinho|60\/100 par|[from] drain|[of] p1a: Jirachi\n|\n|-heal|p1a: Jirachi|100\/100|[from] item: Leftovers\n|upkeep\n|turn|42\n|\n|t:|1696361947\n|move|p1a: Jirachi|Wish|p1a: Jirachi\n|cant|p2a: Floquinho|par\n|\n|upkeep\n|turn|43\n|\n|t:|1696361952\n|move|p1a: Jirachi|Thunder|p2a: Floquinho\n|-resisted|p2a: Floquinho\n|-damage|p2a: Floquinho|57\/100 par\n|move|p2a: Floquinho|Giga Drain|p1a: Jirachi\n|-resisted|p1a: Jirachi\n|-damage|p1a: Jirachi|95\/100\n|-heal|p2a: Floquinho|60\/100 par|[from] drain|[of] p1a: Jirachi\n|\n|-heal|p1a: Jirachi|100\/100|[from] move: Wish|[wisher] Jirachi\n|upkeep\n|turn|44\n|\n|t:|1696361960\n|move|p1a: Jirachi|Wish|p1a: Jirachi\n|move|p2a: Floquinho|Giga Drain|p1a: Jirachi\n|-resisted|p1a: Jirachi\n|-damage|p1a: Jirachi|95\/100\n|-heal|p2a: Floquinho|63\/100 par|[from] drain|[of] p1a: Jirachi\n|\n|-heal|p1a: Jirachi|100\/100|[from] item: Leftovers\n|upkeep\n|turn|45\n|\n|t:|1696361969\n|move|p1a: Jirachi|Thunder|p2a: Floquinho\n|-resisted|p2a: Floquinho\n|-damage|p2a: Floquinho|61\/100 par\n|move|p2a: Floquinho|Giga Drain|p1a: Jirachi\n|-resisted|p1a: Jirachi\n|-damage|p1a: Jirachi|95\/100\n|-heal|p2a: Floquinho|64\/100 par|[from] drain|[of] p1a: Jirachi\n|\n|-heal|p1a: Jirachi|100\/100|[from] move: Wish|[wisher] Jirachi\n|upkeep\n|turn|46\n|\n|t:|1696361978\n|move|p1a: Jirachi|Thunder|p2a: Floquinho|[miss]\n|-miss|p1a: Jirachi|p2a: Floquinho\n|move|p2a: Floquinho|Giga Drain|p1a: Jirachi\n|-resisted|p1a: Jirachi\n|-damage|p1a: Jirachi|96\/100\n|-heal|p2a: Floquinho|67\/100 par|[from] drain|[of] p1a: Jirachi\n|\n|-heal|p1a: Jirachi|100\/100|[from] item: Leftovers\n|upkeep\n|turn|47\n|\n|t:|1696361986\n|move|p1a: Jirachi|Wish|p1a: Jirachi\n|move|p2a: Floquinho|Giga Drain|p1a: Jirachi\n|-resisted|p1a: Jirachi\n|-damage|p1a: Jirachi|95\/100\n|-heal|p2a: Floquinho|69\/100 par|[from] drain|[of] p1a: Jirachi\n|\n|-heal|p1a: Jirachi|100\/100|[from] item: Leftovers\n|upkeep\n|turn|48\n|\n|t:|1696361992\n|move|p1a: Jirachi|Wish||[still]\n|-fail|p1a: Jirachi\n|move|p2a: Floquinho|Giga Drain|p1a: Jirachi\n|-resisted|p1a: Jirachi\n|-damage|p1a: Jirachi|95\/100\n|-heal|p2a: Floquinho|72\/100 par|[from] drain|[of] p1a: Jirachi\n|\n|-heal|p1a: Jirachi|100\/100|[from] move: Wish|[wisher] Jirachi\n|upkeep\n|turn|49\n|\n|t:|1696361999\n|move|p1a: Jirachi|Wish|p1a: Jirachi\n|move|p2a: Floquinho|Giga Drain|p1a: Jirachi\n|-resisted|p1a: Jirachi\n|-damage|p1a: Jirachi|96\/100\n|-heal|p2a: Floquinho|74\/100 par|[from] drain|[of] p1a: Jirachi\n|\n|-heal|p1a: Jirachi|100\/100|[from] item: Leftovers\n|upkeep\n|turn|50\n|\n|t:|1696362006\n|move|p1a: Jirachi|Wish||[still]\n|-fail|p1a: Jirachi\n|move|p2a: Floquinho|Giga Drain|p1a: Jirachi\n|-resisted|p1a: Jirachi\n|-damage|p1a: Jirachi|96\/100\n|-heal|p2a: Floquinho|77\/100 par|[from] drain|[of] p1a: Jirachi\n|\n|-heal|p1a: Jirachi|100\/100|[from] move: Wish|[wisher] Jirachi\n|upkeep\n|turn|51\n|\n|t:|1696362014\n|move|p1a: Jirachi|Wish|p1a: Jirachi\n|move|p2a: Floquinho|Giga Drain|p1a: Jirachi\n|-resisted|p1a: Jirachi\n|-damage|p1a: Jirachi|96\/100\n|-heal|p2a: Floquinho|80\/100 par|[from] drain|[of] p1a: Jirachi\n|\n|-heal|p1a: Jirachi|100\/100|[from] item: Leftovers\n|upkeep\n|turn|52\n|\n|t:|1696362025\n|move|p1a: Jirachi|Wish||[still]\n|-fail|p1a: Jirachi\n|move|p2a: Floquinho|Snarl|p1a: Jirachi\n|-damage|p1a: Jirachi|93\/100\n|\n|-heal|p1a: Jirachi|100\/100|[from] move: Wish|[wisher] Jirachi\n|upkeep\n|turn|53\n|\n|t:|1696362033\n|move|p1a: Jirachi|Wish|p1a: Jirachi\n|cant|p2a: Floquinho|par\n|\n|upkeep\n|turn|54\n|\n|t:|1696362037\n|move|p1a: Jirachi|Wish||[still]\n|-fail|p1a: Jirachi\n|move|p2a: Floquinho|Snarl|p1a: Jirachi\n|-damage|p1a: Jirachi|93\/100\n|\n|-heal|p1a: Jirachi|100\/100|[from] move: Wish|[wisher] Jirachi\n|upkeep\n|turn|55\n|\n|t:|1696362046\n|move|p1a: Jirachi|Wish|p1a: Jirachi\n|cant|p2a: Floquinho|par\n|\n|upkeep\n|turn|56\n|\n|t:|1696362050\n|move|p1a: Jirachi|Wish||[still]\n|-fail|p1a: Jirachi\n|move|p2a: Floquinho|Snarl|p1a: Jirachi\n|-damage|p1a: Jirachi|93\/100\n|\n|-heal|p1a: Jirachi|100\/100|[from] move: Wish|[wisher] Jirachi\n|upkeep\n|turn|57\n|\n|t:|1696362059\n|-activate|p1a: Jirachi|move: Struggle\n|move|p1a: Jirachi|Struggle|p2a: Floquinho\n|-damage|p2a: Floquinho|63\/100 par\n|-damage|p1a: Jirachi|76\/100|[from] recoil\n|move|p2a: Floquinho|Snarl|p1a: Jirachi|[miss]\n|-miss|p2a: Floquinho|p1a: Jirachi\n|\n|-heal|p1a: Jirachi|82\/100|[from] item: Leftovers\n|upkeep\n|turn|58\n|\n|t:|1696362074\n|-activate|p1a: Jirachi|move: Struggle\n|move|p1a: Jirachi|Struggle|p2a: Floquinho\n|-damage|p2a: Floquinho|45\/100 par\n|-damage|p1a: Jirachi|57\/100|[from] recoil\n|move|p2a: Floquinho|Snarl|p1a: Jirachi\n|-damage|p1a: Jirachi|49\/100\n|\n|-heal|p1a: Jirachi|55\/100|[from] item: Leftovers\n|upkeep\n|turn|59\n|\n|t:|1696362084\n|-activate|p1a: Jirachi|move: Struggle\n|move|p1a: Jirachi|Struggle|p2a: Floquinho\n|-damage|p2a: Floquinho|26\/100 par\n|-damage|p1a: Jirachi|30\/100|[from] recoil\n|cant|p2a: Floquinho|par\n|\n|-heal|p1a: Jirachi|36\/100|[from] item: Leftovers\n|upkeep\n|turn|60\n|\n|t:|1696362094\n|-activate|p1a: Jirachi|move: Struggle\n|move|p1a: Jirachi|Struggle|p2a: Floquinho\n|-damage|p2a: Floquinho|8\/100 par\n|-damage|p1a: Jirachi|11\/100|[from] recoil\n|move|p2a: Floquinho|Snarl|p1a: Jirachi\n|-damage|p1a: Jirachi|4\/100\n|\n|-heal|p1a: Jirachi|10\/100|[from] item: Leftovers\n|upkeep\n|turn|61\n|\n|t:|1696362105\n|-activate|p1a: Jirachi|move: Struggle\n|move|p1a: Jirachi|Struggle|p2a: Floquinho\n|-damage|p2a: Floquinho|0 fnt\n|faint|p2a: Floquinho\n|-damage|p1a: Jirachi|0 fnt|[from] recoil\n|faint|p1a: Jirachi\n|\n|win|MoobleGooble\n|raw|MoobleGooble's rating: 1098 &rarr; <strong>1127<\/strong><br \/>(+29 for winning)\n|raw|Numa no Kage's rating: 1143 &rarr; <strong>1115<\/strong><br \/>(-28 for losing)\n|l|\u2606Numa no Kage\n","uploadtime":1696362126,"views":14,"p1id":"mooblegooble","p2id":"numanokage","formatid":"gen9nationaldexdoubles","rating":1115,"private":0,"password":""}