{"id":"gen9nationaldexdoubles-1977729909","p1":"Numa no Kage","p2":"igorbacana","format":"[Gen 9] National Dex Doubles","log":"|j|\u2606Numa no Kage\n|j|\u2606igorbacana\n|t:|1698443013\n|gametype|doubles\n|player|p1|Numa no Kage|acetrainer|1359\n|player|p2|igorbacana|alec-anime|1532\n|teamsize|p1|6\n|teamsize|p2|6\n|gen|9\n|tier|[Gen 9] National Dex Doubles\n|rated|\n|rule|HP Percentage Mod: HP is shown in percentages\n|rule|Endless Battle Clause: Forcing endless battles is banned\n|rule|OHKO Clause: OHKO moves are banned\n|rule|Evasion Moves Clause: Evasion moves are banned\n|rule|Evasion Abilities Clause: Evasion abilities are banned\n|rule|Species Clause: Limit one of each Pok\u00e9mon\n|rule|Gravity Sleep Clause: The combination of sleep-inducing moves with imperfect accuracy and Gravity or Gigantamax Orbeetle are banned\n|clearpoke\n|poke|p1|Chansey, F|\n|poke|p1|Okidogi, M|\n|poke|p1|Grimmsnarl, M|\n|poke|p1|Landorus-Therian, M|\n|poke|p1|Walking Wake|\n|poke|p1|Flutter Mane|\n|poke|p2|Amoonguss, M|\n|poke|p2|Palafin, M|\n|poke|p2|Incineroar, M|\n|poke|p2|Sinistcha|\n|poke|p2|Politoed, F|\n|poke|p2|Gothitelle, M|\n|teampreview\n|inactive|Battle timer is ON: inactive players will automatically lose when time's up. (requested by igorbacana)\n|inactive|Numa no Kage also wants the timer to be on.\n|\n|t:|1698443025\n|start\n|switch|p1a: S.U.S.|Chansey, F|100\/100\n|switch|p1b: Elfo|Grimmsnarl, M, shiny|100\/100\n|switch|p2a: Palafin|Palafin, M, shiny|100\/100\n|switch|p2b: Incineroar|Incineroar, M|100\/100\n|-ability|p2b: Incineroar|Intimidate|boost\n|-unboost|p1a: S.U.S.|atk|1\n|-unboost|p1b: Elfo|atk|1\n|turn|1\n|c|\u2606Numa no Kage|Brasileiro?\n|\n|t:|1698443047\n|detailschange|p2a: Palafin|Palafin-Hero, M, shiny\n|switch|p2a: Amoonguss|Amoonguss, M, shiny|100\/100\n|move|p2b: Incineroar|Fake Out|p1b: Elfo\n|-damage|p1b: Elfo|88\/100\n|cant|p1b: Elfo|flinch\n|move|p1a: S.U.S.|Thunder Wave|p2b: Incineroar\n|-status|p2b: Incineroar|par\n|\n|upkeep\n|turn|2\n|c|\u2606igorbacana|simKKKK\n|c|\u2606Numa no Kage|J\u00e1 \u00e9 o terceiro em dois dias q eu acho\n|inactive|Numa no Kage has 120 seconds left.\n|\n|t:|1698443087\n|move|p1b: Elfo|Reflect|p1b: Elfo\n|-sidestart|p1: Numa no Kage|Reflect\n|move|p1a: S.U.S.|Thunder Wave|p2a: Amoonguss\n|-status|p2a: Amoonguss|par\n|move|p2b: Incineroar|Knock Off|p1a: S.U.S.\n|-damage|p1a: S.U.S.|82\/100\n|-enditem|p1a: S.U.S.|Eviolite|[from] move: Knock Off|[of] p2b: Incineroar\n|move|p2a: Amoonguss|Spore|p1b: Elfo\n|-status|p1b: Elfo|slp|[from] move: Spore\n|\n|upkeep\n|turn|3\n|inactive|Numa no Kage has 120 seconds left.\n|c|\u2606igorbacana|nunca acho br no showdown\n|inactive|igorbacana has 120 seconds left.\n|\n|t:|1698443131\n|switch|p2b: Politoed|Politoed, F, shiny|100\/100\n|-weather|RainDance|[from] ability: Drizzle|[of] p2b: Politoed\n|switch|p2a: Gothitelle|Gothitelle, M|100\/100\n|cant|p1b: Elfo|slp\n|move|p1a: S.U.S.|Seismic Toss|p2b: Politoed\n|-damage|p2b: Politoed|74\/100\n|\n|-weather|RainDance|[upkeep]\n|upkeep\n|turn|4\n|inactive|Numa no Kage has 120 seconds left.\n|inactive|igorbacana has 120 seconds left.\n|\n|t:|1698443168\n|move|p2a: Gothitelle|Fake Out|p1a: S.U.S.\n|-damage|p1a: S.U.S.|79\/100\n|-curestatus|p1b: Elfo|slp|[msg]\n|move|p1b: Elfo|Taunt|p2a: Gothitelle\n|-start|p2a: Gothitelle|move: Taunt\n|move|p2b: Politoed|Perish Song|p2b: Politoed\n|-start|p1a: S.U.S.|perish3|[silent]\n|-start|p1b: Elfo|perish3|[silent]\n|-start|p2a: Gothitelle|perish3|[silent]\n|-start|p2b: Politoed|perish3|[silent]\n|-fieldactivate|move: Perish Song\n|cant|p1a: S.U.S.|flinch\n|\n|-weather|RainDance|[upkeep]\n|-start|p2b: Politoed|perish3\n|-start|p2a: Gothitelle|perish3\n|-start|p1b: Elfo|perish3\n|-start|p1a: S.U.S.|perish3\n|upkeep\n|turn|5\n|inactive|Numa no Kage has 120 seconds left.\n|\n|t:|1698443200\n|switch|p2b: Incineroar|Incineroar, M|100\/100 par\n|-ability|p2b: Incineroar|Intimidate|boost\n|-unboost|p1a: S.U.S.|atk|1\n|-unboost|p1b: Elfo|atk|1\n|move|p1b: Elfo|Light Screen|p1b: Elfo\n|-sidestart|p1: Numa no Kage|move: Light Screen\n|move|p2a: Gothitelle|Psychic|p1a: S.U.S.\n|-damage|p1a: S.U.S.|69\/100\n|move|p1a: S.U.S.|Seismic Toss|p2a: Gothitelle\n|-damage|p2a: Gothitelle|71\/100\n|\n|-weather|RainDance|[upkeep]\n|-heal|p2a: Gothitelle|77\/100|[from] item: Leftovers\n|-start|p2a: Gothitelle|perish2\n|-start|p1b: Elfo|perish2\n|-start|p1a: S.U.S.|perish2\n|upkeep\n|turn|6\n|\n|t:|1698443228\n|move|p2b: Incineroar|Fake Out|p1b: Elfo\n|-crit|p1b: Elfo\n|-damage|p1b: Elfo|67\/100\n|cant|p1b: Elfo|flinch\n|move|p2a: Gothitelle|Psychic|p1a: S.U.S.\n|-damage|p1a: S.U.S.|61\/100\n|move|p1a: S.U.S.|Stealth Rock|p2b: Incineroar\n|-sidestart|p2: igorbacana|move: Stealth Rock\n|\n|-weather|RainDance|[upkeep]\n|-heal|p2a: Gothitelle|84\/100|[from] item: Leftovers\n|-start|p2a: Gothitelle|perish1\n|-start|p1b: Elfo|perish1\n|-start|p1a: S.U.S.|perish1\n|upkeep\n|turn|7\n|\n|t:|1698443254\n|switch|p2a: Amoonguss|Amoonguss, M, shiny|100\/100 par\n|-damage|p2a: Amoonguss|88\/100 par|[from] Stealth Rock\n|switch|p2b: Palafin|Palafin-Hero, M, shiny|100\/100\n|-damage|p2b: Palafin|88\/100|[from] Stealth Rock\n|-activate|p2b: Palafin|ability: Zero to Hero\n|move|p1b: Elfo|Parting Shot|p2a: Amoonguss\n|-unboost|p2a: Amoonguss|atk|1\n|-unboost|p2a: Amoonguss|spa|1\n|inactive|Numa no Kage has 90 seconds left.\n|\n|t:|1698443287\n|switch|p1b: Galinha|Walking Wake|100\/100|[from] Parting Shot\n|move|p1a: S.U.S.|Soft-Boiled|p1a: S.U.S.\n|-heal|p1a: S.U.S.|100\/100\n|\n|-weather|RainDance|[upkeep]\n|-start|p1a: S.U.S.|perish0\n|faint|p1a: S.U.S.\n|upkeep\n|\n|t:|1698443299\n|switch|p1a: Elfo|Grimmsnarl, M, shiny|67\/100\n|turn|8\n|inactive|Numa no Kage has 90 seconds left.\n|\n|t:|1698443326\n|switch|p2b: Sinistcha|Sinistcha|100\/100\n|-damage|p2b: Sinistcha|88\/100|[from] Stealth Rock\n|-heal|p2a: Amoonguss|100\/100 par|[from] ability: Hospitality|[of] p2b: Sinistcha\n|cant|p2a: Amoonguss|par\n|move|p1a: Elfo|Taunt|p2a: Amoonguss\n|-start|p2a: Amoonguss|move: Taunt\n|move|p1b: Galinha|Flamethrower|p2a: Amoonguss\n|-supereffective|p2a: Amoonguss\n|-damage|p2a: Amoonguss|76\/100 par\n|\n|-weather|RainDance|[upkeep]\n|upkeep\n|turn|9\n|inactive|Numa no Kage has 90 seconds left.\n|inactive|igorbacana has 120 seconds left.\n|\n|t:|1698443363\n|switch|p2a: Gothitelle|Gothitelle, M|84\/100\n|-damage|p2a: Gothitelle|71\/100|[from] Stealth Rock\n|move|p1a: Elfo|Taunt|p2b: Sinistcha\n|-start|p2b: Sinistcha|move: Taunt\n|move|p1b: Galinha|Dragon Pulse|p2a: Gothitelle\n|-damage|p2a: Gothitelle|35\/100\n|cant|p2b: Sinistcha|move: Taunt|Calm Mind\n|\n|-weather|RainDance|[upkeep]\n|-heal|p2a: Gothitelle|41\/100|[from] item: Leftovers\n|-sideend|p1: Numa no Kage|Reflect\n|upkeep\n|turn|10\n|inactive|Numa no Kage has 90 seconds left.\n|\n|t:|1698443397\n|move|p2a: Gothitelle|Fake Out|p1b: Galinha\n|-damage|p1b: Galinha|95\/100\n|move|p1a: Elfo|Reflect|p1a: Elfo\n|-sidestart|p1: Numa no Kage|Reflect\n|cant|p1b: Galinha|flinch\n|move|p2b: Sinistcha|Matcha Gotcha|p1b: Galinha|[spread] p1a,p1b\n|-damage|p1a: Elfo|53\/100\n|-heal|p2b: Sinistcha|96\/100|[from] drain|[of] p1a: Elfo\n|-damage|p1b: Galinha|80\/100\n|-heal|p2b: Sinistcha|100\/100|[from] drain|[of] p1b: Galinha\n|\n|-weather|none\n|-heal|p2a: Gothitelle|48\/100|[from] item: Leftovers\n|upkeep\n|turn|11\n|inactive|Numa no Kage has 90 seconds left.\n|\n|t:|1698443418\n|switch|p2b: Politoed|Politoed, F, shiny|74\/100\n|-damage|p2b: Politoed|62\/100|[from] Stealth Rock\n|-weather|RainDance|[from] ability: Drizzle|[of] p2b: Politoed\n|switch|p2a: Amoonguss|Amoonguss, M, shiny|100\/100 par\n|-damage|p2a: Amoonguss|88\/100 par|[from] Stealth Rock\n|move|p1a: Elfo|Reflect||[still]\n|-fail|p1a: Elfo\n|move|p1b: Galinha|Hydro Steam|p2a: Amoonguss\n|-resisted|p2a: Amoonguss\n|-damage|p2a: Amoonguss|60\/100 par\n|\n|-weather|RainDance|[upkeep]\n|upkeep\n|turn|12\n|inactive|Numa no Kage has 90 seconds left.\n|\n|t:|1698443447\n|switch|p2a: Gothitelle|Gothitelle, M|48\/100\n|-damage|p2a: Gothitelle|35\/100|[from] Stealth Rock\n|move|p1a: Elfo|Taunt|p2a: Gothitelle\n|-start|p2a: Gothitelle|move: Taunt\n|move|p1b: Galinha|Hydro Steam|p2a: Gothitelle\n|-crit|p2a: Gothitelle\n|-damage|p2a: Gothitelle|0 fnt\n|faint|p2a: Gothitelle\n|move|p2b: Politoed|Perish Song|p2b: Politoed\n|-start|p1a: Elfo|perish3|[silent]\n|-start|p1b: Galinha|perish3|[silent]\n|-start|p2b: Politoed|perish3|[silent]\n|-fieldactivate|move: Perish Song\n|\n|-weather|RainDance|[upkeep]\n|-start|p1b: Galinha|perish3\n|-start|p2b: Politoed|perish3\n|-start|p1a: Elfo|perish3\n|-sideend|p1: Numa no Kage|move: Light Screen\n|upkeep\n|\n|t:|1698443461\n|switch|p2a: Sinistcha|Sinistcha|100\/100\n|-damage|p2a: Sinistcha|88\/100|[from] Stealth Rock\n|-heal|p2b: Politoed|87\/100|[from] ability: Hospitality|[of] p2a: Sinistcha\n|turn|13\n|\n|t:|1698443484\n|move|p1a: Elfo|Parting Shot|p2a: Sinistcha\n|-unboost|p2a: Sinistcha|atk|1\n|-unboost|p2a: Sinistcha|spa|1\n|\n|t:|1698443493\n|switch|p1a: Pitbull Raivoso|Okidogi, M|100\/100|[from] Parting Shot\n|move|p1b: Galinha|Hydro Steam|p2a: Sinistcha\n|-resisted|p2a: Sinistcha\n|-damage|p2a: Sinistcha|57\/100\n|move|p2a: Sinistcha|Matcha Gotcha|p1b: Galinha|[spread] p1a,p1b\n|-resisted|p1a: Pitbull Raivoso\n|-damage|p1a: Pitbull Raivoso|95\/100\n|-heal|p2a: Sinistcha|60\/100|[from] drain|[of] p1a: Pitbull Raivoso\n|-damage|p1b: Galinha|67\/100\n|-heal|p2a: Sinistcha|67\/100|[from] drain|[of] p1b: Galinha\n|move|p2b: Politoed|Scald|p1a: Pitbull Raivoso\n|-crit|p1a: Pitbull Raivoso\n|-damage|p1a: Pitbull Raivoso|53\/100\n|-status|p1a: Pitbull Raivoso|brn\n|\n|-weather|RainDance|[upkeep]\n|-damage|p1a: Pitbull Raivoso|47\/100 brn|[from] brn\n|-start|p1b: Galinha|perish2\n|-start|p2b: Politoed|perish2\n|upkeep\n|turn|14\n|inactive|igorbacana has 120 seconds left.\n|\n|t:|1698443527\n|switch|p2b: Palafin|Palafin-Hero, M, shiny|88\/100\n|-damage|p2b: Palafin|76\/100|[from] Stealth Rock\n|move|p2a: Sinistcha|Protect|p2a: Sinistcha\n|-singleturn|p2a: Sinistcha|Protect\n|move|p1b: Galinha|Hydro Steam|p2a: Sinistcha\n|-activate|p2a: Sinistcha|move: Protect\n|move|p1a: Pitbull Raivoso|Poison Fang|p2a: Sinistcha\n|-activate|p2a: Sinistcha|move: Protect\n|\n|-weather|RainDance|[upkeep]\n|-damage|p1a: Pitbull Raivoso|41\/100 brn|[from] brn\n|-start|p1b: Galinha|perish1\n|upkeep\n|turn|15\n|inactive|Numa no Kage has 120 seconds left.\n|\n|t:|1698443559\n|-terastallize|p2b: Palafin|Water\n|move|p2b: Palafin|Jet Punch|p1a: Pitbull Raivoso\n|-damage|p1a: Pitbull Raivoso|0 fnt\n|faint|p1a: Pitbull Raivoso\n|move|p1b: Galinha|Hydro Steam|p2a: Sinistcha\n|-resisted|p2a: Sinistcha\n|-damage|p2a: Sinistcha|36\/100\n|move|p2a: Sinistcha|Calm Mind|p2a: Sinistcha\n|-boost|p2a: Sinistcha|spa|1\n|-boost|p2a: Sinistcha|spd|1\n|\n|-weather|RainDance|[upkeep]\n|-start|p1b: Galinha|perish0\n|faint|p1b: Galinha\n|-end|p1b: Galinha|Protosynthesis|[silent]\n|upkeep\n|inactive|Numa no Kage has 90 seconds left.\n|\n|t:|1698443580\n|switch|p1b: Mega Misdreavus|Flutter Mane, shiny|100\/100\n|switch|p1a: Elfo|Grimmsnarl, M, shiny|53\/100\n|turn|16\n|\n|t:|1698443598\n|-terastallize|p1b: Mega Misdreavus|Ghost\n|move|p2b: Palafin|Protect|p2b: Palafin\n|-singleturn|p2b: Palafin|Protect\n|move|p2a: Sinistcha|Protect|p2a: Sinistcha\n|-singleturn|p2a: Sinistcha|Protect\n|move|p1a: Elfo|Light Screen|p1a: Elfo\n|-sidestart|p1: Numa no Kage|move: Light Screen\n|move|p1b: Mega Misdreavus|Shadow Ball|p2b: Palafin\n|-activate|p2b: Palafin|move: Protect\n|\n|-weather|RainDance|[upkeep]\n|upkeep\n|turn|17\n|inactive|Numa no Kage has 120 seconds left.\n|\n|t:|1698443625\n|move|p2b: Palafin|Jet Punch|p1b: Mega Misdreavus\n|-damage|p1b: Mega Misdreavus|0 fnt\n|faint|p1b: Mega Misdreavus\n|-end|p1b: Mega Misdreavus|Protosynthesis|[silent]\n|move|p1a: Elfo|Parting Shot|p2b: Palafin\n|-unboost|p2b: Palafin|atk|1\n|-unboost|p2b: Palafin|spa|1\n|\n|t:|1698443634\n|switch|p1a: Caramelo|Landorus-Therian, M|100\/100|[from] Parting Shot\n|-ability|p1a: Caramelo|Intimidate|boost\n|-unboost|p2a: Sinistcha|atk|1\n|-unboost|p2b: Palafin|atk|1\n|move|p2a: Sinistcha|Matcha Gotcha|p1a: Caramelo\n|-damage|p1a: Caramelo|71\/100\n|-heal|p2a: Sinistcha|50\/100|[from] drain|[of] p1a: Caramelo\n|\n|-weather|RainDance|[upkeep]\n|-heal|p1a: Caramelo|77\/100|[from] item: Leftovers\n|-sideend|p1: Numa no Kage|Reflect\n|upkeep\n|c|\u2606igorbacana|acho que era melhor deixar a galinha viva\n|\n|t:|1698443645\n|switch|p1b: Elfo|Grimmsnarl, M, shiny|53\/100\n|turn|18\n|c|\u2606Numa no Kage|Tbm to achando\n|c|\u2606Numa no Kage|Mira  no elfo, vou explodir\n|inactive|Numa no Kage has 90 seconds left.\n|\n|t:|1698443687\n|move|p1b: Elfo|Reflect|p1b: Elfo\n|-sidestart|p1: Numa no Kage|Reflect\n|move|p1a: Caramelo|Explosion|p2a: Sinistcha|[spread] p1b,p2b\n|-immune|p2a: Sinistcha\n|-crit|p1b: Elfo\n|-damage|p1b: Elfo|0 fnt\n|-damage|p2b: Palafin|3\/100\n|faint|p1a: Caramelo\n|faint|p1b: Elfo\n|\n|win|igorbacana\n|raw|Numa no Kage's rating: 1359 &rarr; <strong>1348<\/strong><br \/>(-11 for losing)\n|raw|igorbacana's rating: 1532 &rarr; <strong>1543<\/strong><br \/>(+11 for winning)\n|c|\u2606igorbacana|gg\n|c|\u2606Numa no Kage|GG\n","uploadtime":1698443722,"views":11,"p1id":"numanokage","p2id":"igorbacana","formatid":"gen9nationaldexdoubles","rating":1348,"private":0,"password":""}