{"id":"gen9nationaldexdoubles-1971544951","p1":"Bah 0.","p2":"Hahahah U ARE NOOB","format":"[Gen 9] National Dex Doubles","log":"|j|\u2606Bah 0.\n|j|\u2606Hahahah U ARE NOOB\n|t:|1697747113\n|gametype|doubles\n|player|p1|Bah 0.|clown|1054\n|player|p2|Hahahah U ARE NOOB|youngster-gen4dp|1000\n|teamsize|p1|6\n|teamsize|p2|6\n|gen|9\n|tier|[Gen 9] National Dex Doubles\n|rated|\n|rule|HP Percentage Mod: HP is shown in percentages\n|rule|Endless Battle Clause: Forcing endless battles is banned\n|rule|OHKO Clause: OHKO moves are banned\n|rule|Evasion Moves Clause: Evasion moves are banned\n|rule|Evasion Abilities Clause: Evasion abilities are banned\n|rule|Species Clause: Limit one of each Pok\u00e9mon\n|rule|Gravity Sleep Clause: The combination of sleep-inducing moves with imperfect accuracy and Gravity or Gigantamax Orbeetle are banned\n|clearpoke\n|poke|p1|Banette, M|\n|poke|p1|Falinks|\n|poke|p1|Frosmoth, M|\n|poke|p1|Golisopod, M|\n|poke|p1|Dragalge, F|\n|poke|p1|Trevenant, M|\n|poke|p2|Indeedee-F, F|\n|poke|p2|Oranguru, M|\n|poke|p2|Glastrier|\n|poke|p2|Hoopa-Unbound|\n|poke|p2|Ursaluna, M|\n|poke|p2|Zygarde|\n|teampreview\n|\n|t:|1697747129\n|start\n|switch|p1a: Falinks|Falinks, shiny|100\/100\n|switch|p1b: Banette|Banette, M|100\/100\n|switch|p2a: Hoopa|Hoopa-Unbound|100\/100\n|switch|p2b: Zygarde|Zygarde|100\/100\n|-ability|p2b: Zygarde|Aura Break\n|-item|p2a: Hoopa|Room Service|[from] ability: Frisk|[of] p1b: Banette|[identify]\n|-item|p2b: Zygarde|Room Service|[from] ability: Frisk|[of] p1b: Banette|[identify]\n|turn|1\n|\n|t:|1697747153\n|detailschange|p1b: Banette|Banette-Mega, M\n|-mega|p1b: Banette|Banette|Banettite\n|-terastallize|p1a: Falinks|Bug\n|move|p1a: Falinks|Megahorn|p2a: Hoopa\n|-supereffective|p2a: Hoopa\n|-damage|p2a: Hoopa|0 fnt\n|faint|p2a: Hoopa\n|move|p1b: Banette|Poltergeist|p2b: Zygarde\n|-activate|p2b: Zygarde|move: Poltergeist|Room Service\n|-damage|p2b: Zygarde|50\/100\n|move|p2b: Zygarde|Coil|p2b: Zygarde\n|-boost|p2b: Zygarde|atk|1\n|-boost|p2b: Zygarde|def|1\n|-boost|p2b: Zygarde|accuracy|1\n|\n|upkeep\n|inactive|Battle timer is ON: inactive players will automatically lose when time's up. (requested by Bah 0.)\n|\n|t:|1697747177\n|switch|p2a: Indeedee|Indeedee-F, F|100\/100\n|-fieldstart|move: Psychic Terrain|[from] ability: Psychic Surge|[of] p2a: Indeedee\n|turn|2\n|\n|t:|1697747207\n|move|p2b: Zygarde|Protect|p2b: Zygarde\n|-singleturn|p2b: Zygarde|Protect\n|move|p1a: Falinks|Rock Slide|p2a: Indeedee|[spread] p2a\n|-activate|p2b: Zygarde|move: Protect\n|-damage|p2a: Indeedee|82\/100\n|move|p1b: Banette|Knock Off|p2a: Indeedee\n|-supereffective|p2a: Indeedee\n|-damage|p2a: Indeedee|0 fnt\n|-enditem|p2a: Indeedee|Focus Sash|[from] move: Knock Off|[of] p1b: Banette\n|faint|p2a: Indeedee\n|\n|upkeep\n|inactive|Hahahah U ARE NOOB has 120 seconds left.\n|inactive|Hahahah U ARE NOOB has 90 seconds left.\n|\n|t:|1697747278\n|switch|p2a: Oranguru|Oranguru, M|100\/100\n|turn|3\n|inactive|Bah 0. has 120 seconds left.\n|inactive|Bah 0. has 90 seconds left.\n|inactive|Bah 0. has 60 seconds left.\n|\n|t:|1697747370\n|move|p1a: Falinks|Close Combat|p2a: Oranguru\n|-damage|p2a: Oranguru|46\/100\n|-unboost|p1a: Falinks|def|1\n|-unboost|p1a: Falinks|spd|1\n|move|p1b: Banette|Gunk Shot|p2b: Zygarde|[miss]\n|-miss|p1b: Banette|p2b: Zygarde\n|move|p2b: Zygarde|Crunch|p1b: Banette\n|-supereffective|p1b: Banette\n|-damage|p1b: Banette|0 fnt\n|faint|p1b: Banette\n|move|p2a: Oranguru|Trick Room|p2a: Oranguru\n|-fieldstart|move: Trick Room|[of] p2a: Oranguru\n|-enditem|p2b: Zygarde|Room Service\n|-unboost|p2b: Zygarde|spe|1|[from] item: Room Service\n|\n|upkeep\n|inactive|Bah 0. has 60 seconds left.\n|\n|t:|1697747384\n|switch|p1b: Frosmoth|Frosmoth, M, shiny|100\/100\n|turn|4\n|inactive|Hahahah U ARE NOOB has 120 seconds left.\n|\n|t:|1697747397\n|move|p2a: Oranguru|Instruct|p2b: Zygarde\n|-singleturn|p2b: Zygarde|move: Instruct|[of] p2a: Oranguru\n|move|p2b: Zygarde|Crunch|p1b: Frosmoth\n|-crit|p1b: Frosmoth\n|-damage|p1b: Frosmoth|19\/100\n|-unboost|p1b: Frosmoth|def|1\n|move|p2b: Zygarde|Thousand Arrows|p1a: Falinks|[spread] p1a,p1b\n|-resisted|p1a: Falinks\n|-resisted|p1b: Frosmoth\n|-damage|p1a: Falinks|65\/100\n|-damage|p1b: Frosmoth|0 fnt\n|faint|p1b: Frosmoth\n|move|p1a: Falinks|Close Combat|p2a: Oranguru\n|-damage|p2a: Oranguru|0 fnt\n|-unboost|p1a: Falinks|def|1\n|-unboost|p1a: Falinks|spd|1\n|faint|p2a: Oranguru\n|\n|upkeep\n|inactive|Bah 0. has 90 seconds left.\n|inactive|Hahahah U ARE NOOB has 120 seconds left.\n|\n|t:|1697747432\n|switch|p2a: Glastrier|Glastrier|100\/100\n|switch|p1b: Golisopod|Golisopod, M, shiny|100\/100\n|turn|5\n|inactive|Bah 0. has 90 seconds left.\n|inactive|Hahahah U ARE NOOB has 120 seconds left.\n|\n|t:|1697747456\n|switch|p1a: Dragalge|Dragalge, F|100\/100\n|-terastallize|p2a: Glastrier|Ice\n|move|p2a: Glastrier|Icicle Spear|p1a: Dragalge\n|-supereffective|p1a: Dragalge\n|-damage|p1a: Dragalge|54\/100\n|-supereffective|p1a: Dragalge\n|-damage|p1a: Dragalge|2\/100\n|-supereffective|p1a: Dragalge\n|-damage|p1a: Dragalge|0 fnt\n|faint|p1a: Dragalge\n|-ability|p2a: Glastrier|Chilling Neigh|boost\n|-boost|p2a: Glastrier|atk|1\n|-hitcount|p1: Dragalge|3\n|move|p2b: Zygarde|Thousand Arrows|p1b: Golisopod\n|-resisted|p1b: Golisopod\n|-damage|p1b: Golisopod|83\/100\n|move|p1b: Golisopod|Liquidation|p2b: Zygarde\n|-damage|p2b: Zygarde|27\/100\n|\n|upkeep\n|\n|t:|1697747474\n|switch|p1a: Trevenant|Trevenant, M|100\/100\n|turn|6\n|inactive|Bah 0. has 90 seconds left.\n|inactive|Hahahah U ARE NOOB has 120 seconds left.\n|\n|t:|1697747518\n|move|p2a: Glastrier|Icicle Spear|p1a: Trevenant\n|-supereffective|p1a: Trevenant\n|-damage|p1a: Trevenant|13\/100\n|-enditem|p1a: Trevenant|Sitrus Berry|[eat]\n|-heal|p1a: Trevenant|38\/100|[from] item: Sitrus Berry\n|-supereffective|p1a: Trevenant\n|-damage|p1a: Trevenant|0 fnt\n|faint|p1a: Trevenant\n|-ability|p2a: Glastrier|Chilling Neigh|boost\n|-boost|p2a: Glastrier|atk|1\n|-hitcount|p1: Trevenant|2\n|move|p1b: Golisopod|Knock Off|p2a: Glastrier\n|-damage|p2a: Glastrier|74\/100\n|-enditem|p2a: Glastrier|Loaded Dice|[from] move: Knock Off|[of] p1b: Golisopod\n|move|p2b: Zygarde|Thousand Arrows|p1b: Golisopod\n|-resisted|p1b: Golisopod\n|-damage|p1b: Golisopod|65\/100\n|\n|-fieldend|move: Psychic Terrain\n|upkeep\n|\n|t:|1697747535\n|switch|p1a: Falinks|Falinks, shiny, tera:Bug|65\/100\n|turn|7\n|inactive|Bah 0. has 90 seconds left.\n|\n|t:|1697747558\n|move|p2a: Glastrier|Icicle Spear|p1a: Falinks\n|-damage|p1a: Falinks|17\/100\n|-damage|p1a: Falinks|0 fnt\n|faint|p1a: Falinks\n|-ability|p2a: Glastrier|Chilling Neigh|boost\n|-boost|p2a: Glastrier|atk|1\n|-hitcount|p1: Falinks|2\n|move|p2b: Zygarde|Thousand Arrows|p1b: Golisopod\n|-resisted|p1b: Golisopod\n|-damage|p1b: Golisopod|48\/100\n|move|p1b: Golisopod|Leech Life|p2b: Zygarde\n|-damage|p2b: Zygarde|8\/100\n|-heal|p1b: Golisopod|62\/100|[from] drain|[of] p2b: Zygarde\n|\n|-fieldend|move: Trick Room\n|upkeep\n|turn|8\n|inactive|Bah 0. has 90 seconds left.\n|\n|t:|1697747577\n|move|p2b: Zygarde|Crunch|p1b: Golisopod\n|-damage|p1b: Golisopod|43\/100\n|move|p1b: Golisopod|Leech Life|p2b: Zygarde\n|-damage|p2b: Zygarde|0 fnt\n|-heal|p1b: Golisopod|48\/100|[from] drain|[of] p2b: Zygarde\n|faint|p2b: Zygarde\n|move|p2a: Glastrier|Icicle Spear|p1b: Golisopod\n|-resisted|p1b: Golisopod\n|-damage|p1b: Golisopod|28\/100\n|-resisted|p1b: Golisopod\n|-crit|p1b: Golisopod\n|-damage|p1b: Golisopod|0 fnt\n|faint|p1b: Golisopod\n|-hitcount|p1: Golisopod|2\n|\n|win|Hahahah U ARE NOOB\n|raw|Bah 0.'s rating: 1054 &rarr; <strong>1038<\/strong><br \/>(-16 for losing)\n|raw|Hahahah U ARE NOOB's rating: 1097 &rarr; <strong>1119<\/strong><br \/>(+22 for winning)\n","uploadtime":1697747590,"views":10,"p1id":"bah0","p2id":"hahahahuarenoob","formatid":"gen9nationaldexdoubles","rating":1038,"private":0,"password":""}