{"id":"gen9nationaldexdoubles-1954064360","p1":"MiracleCelebi","p2":"TadakatsuPC","format":"[Gen 9] National Dex Doubles","log":"|j|\u2606MiracleCelebi\n|j|\u2606TadakatsuPC\n|t:|1695850219\n|gametype|doubles\n|player|p1|MiracleCelebi|dawn-masters3|\n|player|p2|TadakatsuPC|nobunaga-conquest|\n|teamsize|p1|6\n|teamsize|p2|6\n|gen|9\n|tier|[Gen 9] National Dex Doubles\n|rule|HP Percentage Mod: HP is shown in percentages\n|rule|Endless Battle Clause: Forcing endless battles is banned\n|rule|OHKO Clause: OHKO moves are banned\n|rule|Evasion Moves Clause: Evasion moves are banned\n|rule|Evasion Abilities Clause: Evasion abilities are banned\n|rule|Species Clause: Limit one of each Pok\u00e9mon\n|rule|Gravity Sleep Clause: The combination of sleep-inducing moves with imperfect accuracy and Gravity or Gigantamax Orbeetle are banned\n|clearpoke\n|poke|p1|Glalie, F|\n|poke|p1|Ninetales-Alola, M|\n|poke|p1|Manaphy|\n|poke|p1|Cetitan, F|\n|poke|p1|Chien-Pao|\n|poke|p1|Baxcalibur, M|\n|poke|p2|Spiritomb, F|\n|poke|p2|Amoonguss, M|\n|poke|p2|Garganacl, M|\n|poke|p2|Heatran, F|\n|poke|p2|Iron Hands|\n|poke|p2|Kingambit, M|\n|teampreview\n|c|\u2606TadakatsuPC|Wow you brought your father to the match\n|\n|t:|1695850242\n|start\n|switch|p1a: Glalie|Glalie, F|100\/100\n|switch|p1b: Ninetales|Ninetales-Alola, M|100\/100\n|switch|p2a: Spiritomb|Spiritomb, F|100\/100\n|switch|p2b: Amoonguss|Amoonguss, M|100\/100\n|-weather|Snow|[from] ability: Snow Warning|[of] p1b: Ninetales\n|turn|1\n|c|\u2606MiracleCelebi|My mu is terrible but this'll be fun lol\n|c|\u2606TadakatsuPC|Yeah lmao\n|\n|t:|1695850265\n|-terastallize|p2a: Spiritomb|Steel\n|move|p1b: Ninetales|Blizzard|p2b: Amoonguss|[spread] p2a,p2b\n|-resisted|p2a: Spiritomb\n|-supereffective|p2b: Amoonguss\n|-damage|p2a: Spiritomb|84\/100\n|-damage|p2b: Amoonguss|61\/100\n|-status|p2a: Spiritomb|frz\n|move|p1a: Glalie|Substitute|p1a: Glalie\n|-start|p1a: Glalie|Substitute\n|-damage|p1a: Glalie|75\/100\n|move|p2b: Amoonguss|Toxic|p1b: Ninetales\n|-status|p1b: Ninetales|tox\n|cant|p2a: Spiritomb|frz\n|\n|-weather|Snow|[upkeep]\n|-damage|p1b: Ninetales|95\/100 tox|[from] psn\n|-ability|p1a: Glalie|Moody|boost\n|-boost|p1a: Glalie|def|2\n|-unboost|p1a: Glalie|spd|1\n|upkeep\n|turn|2\n|c|\u2606TadakatsuPC|Damm\n|c|\u2606TadakatsuPC|Freeze moment\n|\n|t:|1695850316\n|move|p1a: Glalie|Protect|p1a: Glalie\n|-singleturn|p1a: Glalie|Protect\n|move|p1b: Ninetales|Aurora Veil|p1b: Ninetales\n|-sidestart|p1: MiracleCelebi|move: Aurora Veil\n|move|p2b: Amoonguss|Toxic|p1a: Glalie\n|-activate|p1a: Glalie|move: Protect\n|cant|p2a: Spiritomb|frz\n|\n|-weather|Snow|[upkeep]\n|-damage|p1b: Ninetales|83\/100 tox|[from] psn\n|-ability|p1a: Glalie|Moody|boost\n|-boost|p1a: Glalie|spe|2\n|-unboost|p1a: Glalie|spd|1\n|upkeep\n|turn|3\n|\n|t:|1695850340\n|-terastallize|p1b: Ninetales|Fighting\n|move|p1a: Glalie|Trailblaze|p2a: Spiritomb\n|-resisted|p2a: Spiritomb\n|-damage|p2a: Spiritomb|80\/100 frz\n|-boost|p1a: Glalie|spe|1\n|move|p1b: Ninetales|Tera Blast|p2a: Spiritomb|[anim] Tera Blast Fighting\n|-supereffective|p2a: Spiritomb\n|-damage|p2a: Spiritomb|20\/100 frz\n|move|p2b: Amoonguss|Toxic||[still]\n|-fail|p2b: Amoonguss\n|cant|p2a: Spiritomb|frz\n|\n|-weather|Snow|[upkeep]\n|-damage|p1b: Ninetales|65\/100 tox|[from] psn\n|-ability|p1a: Glalie|Moody|boost\n|-boost|p1a: Glalie|def|2\n|-unboost|p1a: Glalie|spa|1\n|upkeep\n|turn|4\n|\n|t:|1695850367\n|move|p1a: Glalie|Trailblaze|p2a: Spiritomb\n|-resisted|p2a: Spiritomb\n|-damage|p2a: Spiritomb|15\/100 frz\n|-boost|p1a: Glalie|spe|1\n|move|p1b: Ninetales|Blizzard|p2b: Amoonguss|[spread] p2a,p2b\n|-resisted|p2a: Spiritomb\n|-supereffective|p2b: Amoonguss\n|-damage|p2a: Spiritomb|0 fnt\n|-damage|p2b: Amoonguss|17\/100\n|faint|p2a: Spiritomb\n|move|p2b: Amoonguss|Giga Drain|p1b: Ninetales\n|-damage|p1b: Ninetales|46\/100 tox\n|-heal|p2b: Amoonguss|24\/100|[from] drain|[of] p1b: Ninetales\n|\n|-weather|Snow|[upkeep]\n|-damage|p1b: Ninetales|22\/100 tox|[from] psn\n|-ability|p1a: Glalie|Moody|boost\n|-boost|p1a: Glalie|spe|2\n|-unboost|p1a: Glalie|def|1\n|upkeep\n|\n|t:|1695850385\n|switch|p2a: Iron Hands|Iron Hands|100\/100\n|-enditem|p2a: Iron Hands|Booster Energy\n|-activate|p2a: Iron Hands|ability: Quark Drive|[fromitem]\n|-start|p2a: Iron Hands|quarkdriveatk\n|turn|5\n|\n|t:|1695850410\n|switch|p1b: Baxcalibur|Baxcalibur, M|100\/100\n|move|p1a: Glalie|Protect|p1a: Glalie\n|-singleturn|p1a: Glalie|Protect\n|move|p2a: Iron Hands|Fake Out|p1b: Baxcalibur\n|-damage|p1b: Baxcalibur|92\/100\n|move|p2b: Amoonguss|Giga Drain|p1a: Glalie\n|-activate|p1a: Glalie|move: Protect\n|\n|-weather|Snow|[upkeep]\n|-ability|p1a: Glalie|Moody|boost\n|-boost|p1a: Glalie|spa|2\n|-unboost|p1a: Glalie|spe|1\n|upkeep\n|turn|6\n|\n|t:|1695850442\n|move|p1a: Glalie|Trailblaze|p2a: Iron Hands\n|-damage|p2a: Iron Hands|94\/100\n|-boost|p1a: Glalie|spe|1\n|move|p1b: Baxcalibur|Icicle Spear|p2a: Iron Hands\n|-damage|p2a: Iron Hands|86\/100\n|-damage|p2a: Iron Hands|77\/100\n|-damage|p2a: Iron Hands|68\/100\n|-damage|p2a: Iron Hands|58\/100\n|-hitcount|p2a: Iron Hands|4\n|move|p2a: Iron Hands|Rock Slide|p1b: Baxcalibur|[spread] p1a,p1b\n|-supereffective|p1a: Glalie\n|-activate|p1a: Glalie|move: Substitute|[damage]\n|-supereffective|p1b: Baxcalibur\n|-damage|p1b: Baxcalibur|64\/100\n|move|p2b: Amoonguss|Toxic|p1b: Baxcalibur\n|-status|p1b: Baxcalibur|tox\n|\n|-weather|Snow|[upkeep]\n|-damage|p1b: Baxcalibur|58\/100 tox|[from] psn\n|-sideend|p1: MiracleCelebi|move: Aurora Veil\n|-ability|p1a: Glalie|Moody|boost\n|-boost|p1a: Glalie|spa|2\n|-unboost|p1a: Glalie|spe|1\n|upkeep\n|turn|7\n|\n|t:|1695850474\n|move|p1a: Glalie|Protect|p1a: Glalie\n|-singleturn|p1a: Glalie|Protect\n|move|p1b: Baxcalibur|Icicle Spear|p2b: Amoonguss\n|-supereffective|p2b: Amoonguss\n|-damage|p2b: Amoonguss|0 fnt\n|faint|p2b: Amoonguss\n|-hitcount|p2: Amoonguss|1\n|move|p2a: Iron Hands|Drain Punch|p1b: Baxcalibur\n|-supereffective|p1b: Baxcalibur\n|-damage|p1b: Baxcalibur|0 fnt\n|-heal|p2a: Iron Hands|79\/100|[from] drain|[of] p1b: Baxcalibur\n|faint|p1b: Baxcalibur\n|\n|-weather|Snow|[upkeep]\n|-ability|p1a: Glalie|Moody|boost\n|-boost|p1a: Glalie|spe|1\n|-unboost|p1a: Glalie|spa|1\n|upkeep\n|\n|t:|1695850512\n|switch|p1b: BIG LAD|Cetitan, F|100\/100\n|switch|p2b: Heatran|Heatran, F|100\/100\n|turn|8\n|c|\u2606TadakatsuPC|BIG LAD :Hideyooooooo:\n|\n|t:|1695850536\n|move|p1a: Glalie|Trailblaze|p2a: Iron Hands\n|-damage|p2a: Iron Hands|73\/100\n|move|p1b: BIG LAD|Play Rough|p2a: Iron Hands\n|-supereffective|p2a: Iron Hands\n|-damage|p2a: Iron Hands|18\/100\n|move|p2b: Heatran|Eruption|p1b: BIG LAD|[spread] p1a,p1b\n|-supereffective|p1a: Glalie\n|-end|p1a: Glalie|Substitute\n|-supereffective|p1b: BIG LAD\n|-damage|p1b: BIG LAD|0 fnt\n|faint|p1b: BIG LAD\n|move|p2a: Iron Hands|Rock Slide|p1a: Glalie\n|-supereffective|p1a: Glalie\n|-damage|p1a: Glalie|50\/100\n|\n|-weather|none\n|-ability|p1a: Glalie|Moody|boost\n|-boost|p1a: Glalie|atk|2\n|-unboost|p1a: Glalie|spe|1\n|upkeep\n|\n|t:|1695850555\n|switch|p1b: Ninetales|Ninetales-Alola, M, tera:Fighting|22\/100 tox\n|-weather|Snow|[from] ability: Snow Warning|[of] p1b: Ninetales\n|turn|9\n|\n|t:|1695850568\n|move|p1a: Glalie|Protect|p1a: Glalie\n|-singleturn|p1a: Glalie|Protect\n|move|p1b: Ninetales|Tera Blast|p2b: Heatran|[anim] Tera Blast Fighting\n|-supereffective|p2b: Heatran\n|-damage|p2b: Heatran|61\/100\n|move|p2b: Heatran|Eruption|p1a: Glalie|[spread] p1b\n|-activate|p1a: Glalie|move: Protect\n|-damage|p1b: Ninetales|0 fnt\n|faint|p1b: Ninetales\n|move|p2a: Iron Hands|Rock Slide|p1a: Glalie\n|-activate|p1a: Glalie|move: Protect\n|\n|-weather|Snow|[upkeep]\n|-ability|p1a: Glalie|Moody|boost\n|-boost|p1a: Glalie|spa|2\n|-unboost|p1a: Glalie|atk|1\n|upkeep\n|\n|t:|1695850584\n|switch|p1b: Manaphy|Manaphy|100\/100\n|turn|10\n|\n|t:|1695850597\n|move|p1a: Glalie|Rest|p1a: Glalie\n|-status|p1a: Glalie|slp|[from] move: Rest\n|-heal|p1a: Glalie|100\/100 slp|[silent]\n|-enditem|p1a: Glalie|Chesto Berry|[eat]\n|-curestatus|p1a: Glalie|slp|[msg]\n|move|p1b: Manaphy|Heart Swap|p1a: Glalie\n|-swapboost|p1b: Manaphy|p1a: Glalie|[from] move: Heart Swap\n|move|p2b: Heatran|Eruption|p1b: Manaphy|[spread] p1a,p1b\n|-supereffective|p1a: Glalie\n|-resisted|p1b: Manaphy\n|-damage|p1a: Glalie|53\/100\n|-damage|p1b: Manaphy|75\/100\n|move|p2a: Iron Hands|Thunder Punch|p1b: Manaphy\n|-supereffective|p1b: Manaphy\n|-damage|p1b: Manaphy|34\/100\n|\n|-weather|Snow|[upkeep]\n|-ability|p1a: Glalie|Moody|boost\n|-boost|p1a: Glalie|def|2\n|-unboost|p1a: Glalie|spa|1\n|upkeep\n|turn|11\n|\n|t:|1695850638\n|move|p1b: Manaphy|Stored Power|p2a: Iron Hands\n|-supereffective|p2a: Iron Hands\n|-damage|p2a: Iron Hands|0 fnt\n|faint|p2a: Iron Hands\n|-end|p2a: Iron Hands|Quark Drive|[silent]\n|move|p1a: Glalie|Substitute|p1a: Glalie\n|-start|p1a: Glalie|Substitute\n|-damage|p1a: Glalie|28\/100\n|move|p2b: Heatran|Eruption|p1b: Manaphy|[spread] p1a,p1b\n|-supereffective|p1a: Glalie\n|-end|p1a: Glalie|Substitute\n|-resisted|p1b: Manaphy\n|-damage|p1b: Manaphy|11\/100\n|-enditem|p1b: Manaphy|Starf Berry|[eat]\n|-boost|p1b: Manaphy|spe|1|[from] item: Starf Berry\n|\n|-weather|Snow|[upkeep]\n|-ability|p1a: Glalie|Moody|boost\n|-boost|p1a: Glalie|spa|2\n|-unboost|p1a: Glalie|atk|1\n|upkeep\n|\n|t:|1695850654\n|switch|p2a: Garganacl|Garganacl, M|100\/100\n|turn|12\n|\n|t:|1695850689\n|move|p1b: Manaphy|Stored Power|p2b: Heatran\n|-resisted|p2b: Heatran\n|-damage|p2b: Heatran|0 fnt\n|faint|p2b: Heatran\n|move|p1a: Glalie|Trailblaze|p2a: Garganacl\n|-supereffective|p2a: Garganacl\n|-crit|p2a: Garganacl\n|-damage|p2a: Garganacl|81\/100\n|-boost|p1a: Glalie|spe|1\n|move|p2a: Garganacl|Salt Cure|p1b: Manaphy\n|-damage|p1b: Manaphy|6\/100\n|-start|p1b: Manaphy|Salt Cure\n|\n|-weather|Snow|[upkeep]\n|-damage|p1b: Manaphy|0 fnt|[from] Salt Cure\n|faint|p1b: Manaphy\n|-ability|p1a: Glalie|Moody|boost\n|-boost|p1a: Glalie|atk|2\n|-unboost|p1a: Glalie|spe|1\n|upkeep\n|\n|t:|1695850705\n|switch|p1b: Cheems|Chien-Pao|100\/100\n|switch|p2b: Kingambit|Kingambit, M|100\/100\n|-ability|p1b: Cheems|Sword of Ruin\n|-activate|p2b: Kingambit|ability: Supreme Overlord\n|-start|p2b: Kingambit|fallen4|[silent]\n|turn|13\n|\n|t:|1695850728\n|move|p1b: Cheems|Protect|p1b: Cheems\n|-singleturn|p1b: Cheems|Protect\n|move|p1a: Glalie|Trailblaze|p2b: Kingambit\n|-resisted|p2b: Kingambit\n|-damage|p2b: Kingambit|93\/100\n|-boost|p1a: Glalie|spe|1\n|move|p2b: Kingambit|Iron Head|p1b: Cheems\n|-activate|p1b: Cheems|move: Protect\n|move|p2a: Garganacl|Salt Cure|p1a: Glalie\n|-supereffective|p1a: Glalie\n|-damage|p1a: Glalie|14\/100\n|-start|p1a: Glalie|Salt Cure\n|\n|-weather|Snow|[upkeep]\n|-damage|p1a: Glalie|2\/100|[from] Salt Cure\n|-ability|p1a: Glalie|Moody|boost\n|-boost|p1a: Glalie|spe|2\n|-unboost|p1a: Glalie|atk|1\n|upkeep\n|turn|14\n|\n|t:|1695850753\n|move|p1b: Cheems|Sucker Punch|p2b: Kingambit\n|-resisted|p2b: Kingambit\n|-damage|p2b: Kingambit|80\/100\n|move|p1a: Glalie|Rest|p1a: Glalie\n|-status|p1a: Glalie|slp|[from] move: Rest\n|-heal|p1a: Glalie|100\/100 slp|[silent]\n|move|p2b: Kingambit|Iron Head|p1a: Glalie\n|-supereffective|p1a: Glalie\n|-damage|p1a: Glalie|39\/100 slp\n|move|p2a: Garganacl|Salt Cure|p1b: Cheems\n|-supereffective|p1b: Cheems\n|-damage|p1b: Cheems|87\/100\n|-start|p1b: Cheems|Salt Cure\n|\n|-weather|Snow|[upkeep]\n|-heal|p1b: Cheems|93\/100|[from] item: Leftovers\n|-damage|p1a: Glalie|27\/100 slp|[from] Salt Cure\n|-damage|p1b: Cheems|80\/100|[from] Salt Cure\n|-ability|p1a: Glalie|Moody|boost\n|-boost|p1a: Glalie|def|2\n|-unboost|p1a: Glalie|spa|1\n|upkeep\n|turn|15\n|c|\u2606MiracleCelebi|I don't actually have sacred sword on cheems\n|c|\u2606TadakatsuPC|Cheems with no sword scheems\n|\n|t:|1695850797\n|cant|p1a: Glalie|slp\n|move|p1b: Cheems|Ice Shard|p2a: Garganacl\n|-damage|p2a: Garganacl|67\/100\n|move|p2b: Kingambit|Iron Head|p1a: Glalie\n|-supereffective|p1a: Glalie\n|-damage|p1a: Glalie|0 fnt\n|faint|p1a: Glalie\n|move|p2a: Garganacl|Iron Defense|p2a: Garganacl\n|-boost|p2a: Garganacl|def|2\n|\n|-weather|Snow|[upkeep]\n|-heal|p1b: Cheems|86\/100|[from] item: Leftovers\n|-damage|p1b: Cheems|74\/100|[from] Salt Cure\n|upkeep\n|turn|16\n|\n|t:|1695850814\n|move|p1b: Cheems|Recover|p1b: Cheems\n|-heal|p1b: Cheems|100\/100\n|move|p2b: Kingambit|Iron Head|p1b: Cheems\n|-supereffective|p1b: Cheems\n|-damage|p1b: Cheems|36\/100\n|move|p2a: Garganacl|Body Press|p1b: Cheems\n|-supereffective|p1b: Cheems\n|-damage|p1b: Cheems|0 fnt\n|faint|p1b: Cheems\n|\n|win|TadakatsuPC\n|c|\u2606TadakatsuPC|gg\n|c|\u2606MiracleCelebi|gg lol\n","uploadtime":1695850828,"views":8,"p1id":"miraclecelebi","p2id":"tadakatsupc","formatid":"gen9nationaldexdoubles","rating":0,"private":0,"password":""}