{"id":"gen9nationaldexdoubles-1965439054","p1":"Immagamer","p2":"xiaochou0629","format":"[Gen 9] National Dex Doubles","log":"|j|\u2606Immagamer\n|j|\u2606xiaochou0629\n|t:|1697073262\n|gametype|doubles\n|player|p1|Immagamer|lucas|1293\n|player|p2|xiaochou0629|170|1282\n|teamsize|p1|6\n|teamsize|p2|6\n|gen|9\n|tier|[Gen 9] National Dex Doubles\n|rated|\n|rule|HP Percentage Mod: HP is shown in percentages\n|rule|Endless Battle Clause: Forcing endless battles is banned\n|rule|OHKO Clause: OHKO moves are banned\n|rule|Evasion Moves Clause: Evasion moves are banned\n|rule|Evasion Abilities Clause: Evasion abilities are banned\n|rule|Species Clause: Limit one of each Pok\u00e9mon\n|rule|Gravity Sleep Clause: The combination of sleep-inducing moves with imperfect accuracy and Gravity or Gigantamax Orbeetle are banned\n|clearpoke\n|poke|p1|Espathra, M|\n|poke|p1|Smeargle, F|\n|poke|p1|Arctozolt|\n|poke|p1|Indeedee-F, F|\n|poke|p1|Mr. Mime, F|\n|poke|p1|Flamigo, F|\n|poke|p2|Ogerpon-Hearthflame, F|\n|poke|p2|Rillaboom, M|\n|poke|p2|Tornadus, M|\n|poke|p2|Sceptile, F|\n|poke|p2|Xurkitree|\n|poke|p2|Thundurus-Therian, M|\n|teampreview\n|inactive|Battle timer is ON: inactive players will automatically lose when time's up. (requested by Immagamer)\n|inactive|xiaochou0629 has 120 seconds left.\n|\n|t:|1697073300\n|start\n|switch|p1a: Espathra|Espathra, M|100\/100\n|switch|p1b: Smeargle|Smeargle, F|100\/100\n|switch|p2a: Rillaboom|Rillaboom, M|100\/100\n|switch|p2b: Xurkitree|Xurkitree|100\/100\n|-fieldstart|move: Grassy Terrain|[from] ability: Grassy Surge|[of] p2a: Rillaboom\n|turn|1\n|\n|t:|1697073311\n|move|p1a: Espathra|Protect|p1a: Espathra\n|-singleturn|p1a: Espathra|Protect\n|move|p1b: Smeargle|Spiky Shield|p1b: Smeargle\n|-singleturn|p1b: Smeargle|move: Protect\n|move|p2a: Rillaboom|Fake Out|p1b: Smeargle\n|-activate|p1b: Smeargle|move: Protect\n|-damage|p2a: Rillaboom|88\/100|[from] Spiky Shield|[of] p1b: Smeargle\n|move|p2b: Xurkitree|Discharge|p1b: Smeargle|[spread] p2a\n|-activate|p1a: Espathra|move: Protect\n|-activate|p1b: Smeargle|move: Protect\n|-resisted|p2a: Rillaboom\n|-damage|p2a: Rillaboom|71\/100\n|\n|-heal|p2a: Rillaboom|77\/100|[from] Grassy Terrain\n|-ability|p1a: Espathra|Speed Boost|boost\n|-boost|p1a: Espathra|spe|1\n|upkeep\n|turn|2\n|\n|t:|1697073326\n|move|p1a: Espathra|Agility|p1a: Espathra\n|-boost|p1a: Espathra|spe|2\n|move|p2b: Xurkitree|Discharge|p1b: Smeargle|[spread] p2a,p1a,p1b\n|-resisted|p2a: Rillaboom\n|-damage|p2a: Rillaboom|59\/100\n|-damage|p1a: Espathra|52\/100\n|-damage|p1b: Smeargle|21\/100\n|move|p1b: Smeargle|Decorate|p1a: Espathra\n|-boost|p1a: Espathra|atk|2\n|-boost|p1a: Espathra|spa|2\n|move|p2a: Rillaboom|Knock Off|p1b: Smeargle\n|-damage|p1b: Smeargle|0 fnt\n|-enditem|p1b: Smeargle|Focus Sash|[from] move: Knock Off|[of] p2a: Rillaboom\n|faint|p1b: Smeargle\n|\n|-heal|p1a: Espathra|58\/100|[from] Grassy Terrain\n|-heal|p2a: Rillaboom|66\/100|[from] Grassy Terrain\n|-ability|p1a: Espathra|Speed Boost|boost\n|-boost|p1a: Espathra|spe|1\n|upkeep\n|\n|t:|1697073348\n|switch|p1b: Mr. Mime|Mr. Mime, F|100\/100\n|turn|3\n|\n|t:|1697073353\n|move|p1b: Mr. Mime|Follow Me|p1b: Mr. Mime\n|-singleturn|p1b: Mr. Mime|move: Follow Me\n|move|p1a: Espathra|Baton Pass|p1a: Espathra\n|\n|t:|1697073356\n|switch|p1a: Arctozolt|Arctozolt|100\/100|[from] Baton Pass\n|move|p2b: Xurkitree|Discharge|p1a: Arctozolt|[spread] p2a,p1a,p1b\n|-resisted|p2a: Rillaboom\n|-resisted|p1a: Arctozolt\n|-damage|p2a: Rillaboom|48\/100\n|-damage|p1a: Arctozolt|76\/100\n|-damage|p1b: Mr. Mime|61\/100\n|move|p2a: Rillaboom|Knock Off|p1b: Mr. Mime\n|-damage|p1b: Mr. Mime|18\/100\n|-enditem|p1b: Mr. Mime|Focus Sash|[from] move: Knock Off|[of] p2a: Rillaboom\n|\n|-heal|p1a: Arctozolt|82\/100|[from] Grassy Terrain\n|-heal|p1b: Mr. Mime|24\/100|[from] Grassy Terrain\n|-heal|p2a: Rillaboom|54\/100|[from] Grassy Terrain\n|upkeep\n|turn|4\n|inactive|Immagamer has 120 seconds left.\n|\n|t:|1697073388\n|-terastallize|p1a: Arctozolt|Electric\n|move|p1b: Mr. Mime|Follow Me|p1b: Mr. Mime\n|-singleturn|p1b: Mr. Mime|move: Follow Me\n|move|p1a: Arctozolt|Bolt Beak|p2b: Xurkitree\n|-resisted|p2b: Xurkitree\n|-damage|p2b: Xurkitree|0 fnt\n|faint|p2b: Xurkitree\n|move|p2a: Rillaboom|Knock Off|p1b: Mr. Mime\n|-damage|p1b: Mr. Mime|0 fnt\n|faint|p1b: Mr. Mime\n|\n|-heal|p1a: Arctozolt|88\/100|[from] Grassy Terrain\n|-heal|p2a: Rillaboom|61\/100|[from] Grassy Terrain\n|upkeep\n|\n|t:|1697073404\n|switch|p2b: Tornadus|Tornadus, M|100\/100\n|switch|p1b: Flamigo|Flamigo, F|100\/100\n|-copyboost|p1b: Flamigo|p1a: Arctozolt|[from] ability: Costar\n|turn|5\n|\n|t:|1697073413\n|move|p2b: Tornadus|Tailwind|p2b: Tornadus\n|-sidestart|p2: xiaochou0629|move: Tailwind\n|move|p1b: Flamigo|Brave Bird|p2a: Rillaboom\n|-supereffective|p2a: Rillaboom\n|-damage|p2a: Rillaboom|0 fnt\n|faint|p2a: Rillaboom\n|-damage|p1b: Flamigo|78\/100|[from] Recoil\n|move|p1a: Arctozolt|Icicle Crash|p2b: Tornadus|[miss]\n|-miss|p1a: Arctozolt|p2b: Tornadus\n|\n|-heal|p1a: Arctozolt|95\/100|[from] Grassy Terrain\n|-fieldend|move: Grassy Terrain\n|upkeep\n|\n|t:|1697073424\n|switch|p2a: Sceptile|Sceptile, F|100\/100\n|turn|6\n|\n|t:|1697073437\n|detailschange|p2a: Sceptile|Sceptile-Mega, F\n|-mega|p2a: Sceptile|Sceptile|Sceptilite\n|move|p1b: Flamigo|Brave Bird|p2a: Sceptile\n|-supereffective|p2a: Sceptile\n|-damage|p2a: Sceptile|0 fnt\n|faint|p2a: Sceptile\n|-damage|p1b: Flamigo|48\/100|[from] Recoil\n|move|p2b: Tornadus|Bleakwind Storm|p1b: Flamigo|[spread] p1a,p1b\n|-resisted|p1a: Arctozolt\n|-supereffective|p1b: Flamigo\n|-damage|p1a: Arctozolt|70\/100\n|-damage|p1b: Flamigo|0 fnt\n|faint|p1b: Flamigo\n|move|p1a: Arctozolt|Bolt Beak|p2b: Tornadus\n|-supereffective|p2b: Tornadus\n|-damage|p2b: Tornadus|0 fnt\n|faint|p2b: Tornadus\n|\n|upkeep\n|\n|t:|1697073456\n|switch|p2a: Ogerpon|Ogerpon-Hearthflame, F|100\/100\n|switch|p2b: Thundurus|Thundurus-Therian, M|100\/100\n|switch|p1b: Indeedee|Indeedee-F, F|100\/100\n|-ability|p2a: Ogerpon|Mold Breaker\n|-fieldstart|move: Psychic Terrain|[from] ability: Psychic Surge|[of] p1b: Indeedee\n|turn|7\n|inactive|Immagamer has 120 seconds left.\n|\n|t:|1697073491\n|switch|p1b: Espathra|Espathra, M|58\/100\n|-terastallize|p2a: Ogerpon|Fire\n|detailschange|p2a: Ogerpon|Ogerpon-Hearthflame-Tera, F, tera:Fire\n|-ability|p2a: Ogerpon|Embody Aspect (Hearthflame)|boost\n|-boost|p2a: Ogerpon|atk|1\n|move|p1a: Arctozolt|Protect|p1a: Arctozolt\n|-singleturn|p1a: Arctozolt|Protect\n|move|p2a: Ogerpon|Ivy Cudgel|p1a: Arctozolt\n|-activate|p1a: Arctozolt|move: Protect\n|move|p2b: Thundurus|Wildbolt Storm|p1b: Espathra|[spread] p1b\n|-activate|p1a: Arctozolt|move: Protect\n|-damage|p1b: Espathra|0 fnt\n|faint|p1b: Espathra\n|-damage|p2b: Thundurus|91\/100|[from] item: Life Orb\n|\n|upkeep\n|\n|t:|1697073495\n|switch|p1b: Indeedee|Indeedee-F, F|100\/100\n|turn|8\n|\n|t:|1697073517\n|move|p1b: Indeedee|Follow Me|p1b: Indeedee\n|-singleturn|p1b: Indeedee|move: Follow Me\n|move|p2a: Ogerpon|Ivy Cudgel|p1b: Indeedee\n|-enditem|p1b: Indeedee|Focus Sash\n|-damage|p1b: Indeedee|1\/100\n|move|p2b: Thundurus|Wildbolt Storm|p1b: Indeedee|[spread] p1b\n|-miss|p2b: Thundurus|p1a: Arctozolt\n|-damage|p1b: Indeedee|0 fnt\n|faint|p1b: Indeedee\n|-damage|p2b: Thundurus|81\/100|[from] item: Life Orb\n|move|p1a: Arctozolt|Bolt Beak|p2a: Ogerpon\n|-damage|p2a: Ogerpon|0 fnt\n|faint|p2a: Ogerpon\n|\n|-sideend|p2: xiaochou0629|move: Tailwind\n|upkeep\n|turn|9\n|c|\u2606xiaochou0629|gg\n|\n|t:|1697073536\n|move|p1a: Arctozolt|Icicle Crash|p2b: Thundurus\n|-supereffective|p2b: Thundurus\n|-damage|p2b: Thundurus|0 fnt\n|faint|p2b: Thundurus\n|\n|win|Immagamer\n|raw|Immagamer's rating: 1293 &rarr; <strong>1317<\/strong><br \/>(+24 for winning)\n|raw|xiaochou0629's rating: 1282 &rarr; <strong>1258<\/strong><br \/>(-24 for losing)\n","uploadtime":1697073540,"views":13,"p1id":"immagamer","p2id":"xiaochou0629","formatid":"gen9nationaldexdoubles","rating":1258,"private":0,"password":""}