{"id":"gen9nationaldexdoubles-1969820488","p1":"Sonic42069","p2":"Zingaro291","format":"[Gen 9] National Dex Doubles","log":"|j|\u2606Sonic42069\n|j|\u2606Zingaro291\n|t:|1697567882\n|gametype|doubles\n|player|p1|Sonic42069|brycenman|1019\n|player|p2|Zingaro291|colress|1182\n|teamsize|p1|6\n|teamsize|p2|6\n|gen|9\n|tier|[Gen 9] National Dex Doubles\n|rated|\n|rule|HP Percentage Mod: HP is shown in percentages\n|rule|Endless Battle Clause: Forcing endless battles is banned\n|rule|OHKO Clause: OHKO moves are banned\n|rule|Evasion Moves Clause: Evasion moves are banned\n|rule|Evasion Abilities Clause: Evasion abilities are banned\n|rule|Species Clause: Limit one of each Pok\u00e9mon\n|rule|Gravity Sleep Clause: The combination of sleep-inducing moves with imperfect accuracy and Gravity or Gigantamax Orbeetle are banned\n|clearpoke\n|poke|p1|Incineroar, M|\n|poke|p1|Charizard, M|\n|poke|p1|Venusaur, M|\n|poke|p1|Greninja-*, M|\n|poke|p1|Torterra, M|\n|poke|p1|Quaquaval, F|\n|poke|p2|Tornadus, M|\n|poke|p2|Palafin, F|\n|poke|p2|Pelipper, M|\n|poke|p2|Landorus-Therian, M|\n|poke|p2|Chien-Pao|\n|poke|p2|Amoonguss, M|\n|teampreview\n|inactive|Battle timer is ON: inactive players will automatically lose when time's up. (requested by Zingaro291)\n|\n|t:|1697567892\n|start\n|switch|p1a: Charizard|Charizard, M|100\/100\n|switch|p1b: Venusaur|Venusaur, M|100\/100\n|switch|p2a: Chien-Pao|Chien-Pao|100\/100\n|switch|p2b: Tornadus|Tornadus, M|100\/100\n|-ability|p2a: Chien-Pao|Sword of Ruin\n|turn|1\n|\n|t:|1697567904\n|detailschange|p1a: Charizard|Charizard-Mega-Y, M\n|-mega|p1a: Charizard|Charizard|Charizardite Y\n|-weather|SunnyDay|[from] ability: Drought|[of] p1a: Charizard\n|move|p2b: Tornadus|Tailwind|p2b: Tornadus\n|-sidestart|p2: Zingaro291|move: Tailwind\n|move|p2a: Chien-Pao|Ice Spinner|p1b: Venusaur\n|-supereffective|p1b: Venusaur\n|-enditem|p1b: Venusaur|Focus Sash\n|-damage|p1b: Venusaur|1\/100\n|-damage|p2a: Chien-Pao|91\/100|[from] item: Life Orb\n|move|p1b: Venusaur|Sleep Powder|p2b: Tornadus\n|-status|p2b: Tornadus|slp|[from] move: Sleep Powder\n|move|p1a: Charizard|Tailwind|p1a: Charizard\n|-sidestart|p1: Sonic42069|move: Tailwind\n|\n|-weather|SunnyDay|[upkeep]\n|upkeep\n|turn|2\n|\n|t:|1697567921\n|switch|p2b: Pelipper|Pelipper, M|100\/100\n|-weather|RainDance|[from] ability: Drizzle|[of] p2b: Pelipper\n|move|p2a: Chien-Pao|Sucker Punch||[still]\n|-fail|p2a: Chien-Pao\n|move|p1a: Charizard|Overheat|p2a: Chien-Pao\n|-supereffective|p2a: Chien-Pao\n|-damage|p2a: Chien-Pao|0 fnt\n|-unboost|p1a: Charizard|spa|2\n|faint|p2a: Chien-Pao\n|move|p1b: Venusaur|Sleep Powder|p2b: Pelipper\n|-status|p2b: Pelipper|slp|[from] move: Sleep Powder\n|\n|-weather|RainDance|[upkeep]\n|upkeep\n|\n|t:|1697567929\n|switch|p2a: Landorus|Landorus-Therian, M|100\/100\n|-ability|p2a: Landorus|Intimidate|boost\n|-unboost|p1a: Charizard|atk|1\n|-unboost|p1b: Venusaur|atk|1\n|turn|3\n|\n|t:|1697567937\n|switch|p1a: Incineroar|Incineroar, M|100\/100\n|-ability|p1a: Incineroar|Intimidate|boost\n|-unboost|p2a: Landorus|atk|1\n|-unboost|p2b: Pelipper|atk|1\n|move|p1b: Venusaur|Protect|p1b: Venusaur\n|-singleturn|p1b: Venusaur|Protect\n|move|p2a: Landorus|Stone Edge|p1a: Incineroar\n|-supereffective|p1a: Incineroar\n|-damage|p1a: Incineroar|54\/100\n|cant|p2b: Pelipper|slp\n|\n|-weather|RainDance|[upkeep]\n|upkeep\n|turn|4\n|\n|t:|1697567953\n|move|p1a: Incineroar|Fake Out|p2a: Landorus\n|-damage|p2a: Landorus|86\/100\n|move|p1b: Venusaur|Sleep Powder|p2a: Landorus\n|-status|p2a: Landorus|slp|[from] move: Sleep Powder\n|cant|p2a: Landorus|slp\n|cant|p2b: Pelipper|slp\n|\n|-weather|RainDance|[upkeep]\n|-sideend|p2: Zingaro291|move: Tailwind\n|-sideend|p1: Sonic42069|move: Tailwind\n|upkeep\n|turn|5\n|\n|t:|1697567967\n|switch|p1b: Torterra|Torterra, M|100\/100\n|switch|p1a: Charizard|Charizard-Mega-Y, M|100\/100\n|-weather|SunnyDay|[from] ability: Drought|[of] p1a: Charizard\n|cant|p2a: Landorus|slp\n|-curestatus|p2b: Pelipper|slp|[msg]\n|move|p2b: Pelipper|Hurricane|p1b: Torterra|[miss]\n|-miss|p2b: Pelipper|p1b: Torterra\n|\n|-weather|SunnyDay|[upkeep]\n|upkeep\n|turn|6\n|\n|t:|1697567989\n|move|p1a: Charizard|Tailwind|p1a: Charizard\n|-sidestart|p1: Sonic42069|move: Tailwind\n|move|p1b: Torterra|Rock Blast|p2b: Pelipper\n|-supereffective|p2b: Pelipper\n|-damage|p2b: Pelipper|84\/100\n|-supereffective|p2b: Pelipper\n|-damage|p2b: Pelipper|70\/100\n|-supereffective|p2b: Pelipper\n|-damage|p2b: Pelipper|54\/100\n|-supereffective|p2b: Pelipper\n|-damage|p2b: Pelipper|39\/100\n|-supereffective|p2b: Pelipper\n|-damage|p2b: Pelipper|24\/100\n|-hitcount|p2b: Pelipper|5\n|-enditem|p2b: Pelipper|Eject Button\n|\n|t:|1697567995\n|switch|p2b: Palafin|Palafin, F|100\/100\n|-curestatus|p2a: Landorus|slp|[msg]\n|move|p2a: Landorus|Stone Edge|p1a: Charizard\n|-supereffective|p1a: Charizard\n|-damage|p1a: Charizard|0 fnt\n|faint|p1a: Charizard\n|\n|-weather|SunnyDay|[upkeep]\n|upkeep\n|\n|t:|1697568006\n|switch|p1a: Venusaur|Venusaur, M|1\/100\n|turn|7\n|\n|t:|1697568026\n|detailschange|p2b: Palafin|Palafin-Hero, F\n|switch|p2b: Pelipper|Pelipper, M|24\/100\n|-weather|RainDance|[from] ability: Drizzle|[of] p2b: Pelipper\n|move|p1a: Venusaur|Sleep Powder|p2a: Landorus\n|-status|p2a: Landorus|slp|[from] move: Sleep Powder\n|move|p1b: Torterra|Bullet Seed|p2b: Pelipper\n|-damage|p2b: Pelipper|13\/100\n|-damage|p2b: Pelipper|1\/100\n|-damage|p2b: Pelipper|0 fnt\n|faint|p2b: Pelipper\n|-hitcount|p2: Pelipper|3\n|cant|p2a: Landorus|slp\n|\n|-weather|RainDance|[upkeep]\n|upkeep\n|\n|t:|1697568031\n|switch|p2b: Palafin|Palafin-Hero, F|100\/100\n|-activate|p2b: Palafin|ability: Zero to Hero\n|turn|8\n|\n|t:|1697568039\n|move|p2b: Palafin|Jet Punch|p1a: Venusaur\n|-resisted|p1a: Venusaur\n|-damage|p1a: Venusaur|0 fnt\n|faint|p1a: Venusaur\n|move|p1b: Torterra|Bullet Seed|p2b: Palafin\n|-supereffective|p2b: Palafin\n|-damage|p2b: Palafin|78\/100\n|-supereffective|p2b: Palafin\n|-damage|p2b: Palafin|57\/100\n|-supereffective|p2b: Palafin\n|-damage|p2b: Palafin|33\/100\n|-supereffective|p2b: Palafin\n|-damage|p2b: Palafin|12\/100\n|-hitcount|p2b: Palafin|4\n|cant|p2a: Landorus|slp\n|\n|-weather|RainDance|[upkeep]\n|-heal|p2b: Palafin|18\/100|[from] item: Leftovers\n|upkeep\n|\n|t:|1697568051\n|switch|p1a: Quaquaval|Quaquaval, F|100\/100\n|turn|9\n|\n|t:|1697568064\n|switch|p2b: Amoonguss|Amoonguss, M, shiny|100\/100\n|-terastallize|p2a: Landorus|Flying\n|move|p1a: Quaquaval|Aqua Step|p2b: Amoonguss\n|-resisted|p2b: Amoonguss\n|-damage|p2b: Amoonguss|67\/100\n|-boost|p1a: Quaquaval|spe|1\n|-damage|p1a: Quaquaval|91\/100|[from] item: Life Orb\n|move|p1b: Torterra|Bullet Seed|p2b: Amoonguss\n|-resisted|p2b: Amoonguss\n|-damage|p2b: Amoonguss|64\/100\n|-resisted|p2b: Amoonguss\n|-damage|p2b: Amoonguss|62\/100\n|-resisted|p2b: Amoonguss\n|-damage|p2b: Amoonguss|59\/100\n|-resisted|p2b: Amoonguss\n|-damage|p2b: Amoonguss|56\/100\n|-hitcount|p2b: Amoonguss|4\n|cant|p2a: Landorus|slp\n|\n|-weather|RainDance|[upkeep]\n|-sideend|p1: Sonic42069|move: Tailwind\n|upkeep\n|turn|10\n|\n|t:|1697568088\n|move|p2b: Amoonguss|Rage Powder|p2b: Amoonguss\n|-singleturn|p2b: Amoonguss|move: Rage Powder\n|move|p1a: Quaquaval|Brave Bird|p2b: Amoonguss\n|-supereffective|p2b: Amoonguss\n|-damage|p2b: Amoonguss|0 fnt\n|faint|p2b: Amoonguss\n|-ability|p1a: Quaquaval|Moxie|boost\n|-boost|p1a: Quaquaval|atk|1\n|-damage|p1a: Quaquaval|65\/100|[from] Recoil\n|-damage|p1a: Quaquaval|55\/100|[from] item: Life Orb\n|-curestatus|p2a: Landorus|slp|[msg]\n|move|p2a: Landorus|Tera Blast|p1a: Quaquaval|[anim] Tera Blast Flying\n|-supereffective|p1a: Quaquaval\n|-damage|p1a: Quaquaval|0 fnt\n|faint|p1a: Quaquaval\n|move|p1b: Torterra|Bullet Seed|p2a: Landorus\n|-resisted|p2a: Landorus\n|-damage|p2a: Landorus|80\/100\n|-resisted|p2a: Landorus\n|-damage|p2a: Landorus|74\/100\n|-resisted|p2a: Landorus\n|-damage|p2a: Landorus|67\/100\n|-resisted|p2a: Landorus\n|-damage|p2a: Landorus|61\/100\n|-hitcount|p2a: Landorus|4\n|\n|-weather|RainDance|[upkeep]\n|upkeep\n|\n|t:|1697568097\n|switch|p1a: Greninja|Greninja, M|100\/100\n|switch|p2b: Tornadus|Tornadus, M|100\/100 slp\n|turn|11\n|\n|t:|1697568114\n|move|p1a: Greninja|Icy Wind|p2a: Landorus|[spread] p2a,p2b\n|-start|p1a: Greninja|typechange|Ice|[from] ability: Protean\n|-supereffective|p2a: Landorus\n|-supereffective|p2b: Tornadus\n|-damage|p2a: Landorus|32\/100\n|-damage|p2b: Tornadus|50\/100 slp\n|-unboost|p2a: Landorus|spe|1\n|-unboost|p2b: Tornadus|spe|1\n|cant|p2b: Tornadus|slp\n|move|p2a: Landorus|Stomping Tantrum|p1a: Greninja\n|-damage|p1a: Greninja|51\/100\n|move|p1b: Torterra|Rock Blast|p2a: Landorus\n|-supereffective|p2a: Landorus\n|-damage|p2a: Landorus|15\/100\n|-supereffective|p2a: Landorus\n|-damage|p2a: Landorus|0 fnt\n|faint|p2a: Landorus\n|-hitcount|p2: Landorus|2\n|\n|-weather|none\n|upkeep\n|\n|t:|1697568119\n|switch|p2a: Palafin|Palafin-Hero, F|18\/100\n|turn|12\n|\n|t:|1697568135\n|-terastallize|p1b: Torterra|Grass\n|cant|p2b: Tornadus|slp\n|move|p1a: Greninja|Icy Wind|p2a: Palafin|[spread] p2a,p2b\n|-resisted|p2a: Palafin\n|-supereffective|p2b: Tornadus\n|-damage|p2a: Palafin|11\/100\n|-damage|p2b: Tornadus|4\/100 slp\n|-unboost|p2a: Palafin|spe|1\n|-unboost|p2b: Tornadus|spe|1\n|move|p2a: Palafin|Drain Punch|p1a: Greninja\n|-supereffective|p1a: Greninja\n|-damage|p1a: Greninja|0 fnt\n|-heal|p2a: Palafin|29\/100|[from] drain|[of] p1a: Greninja\n|faint|p1a: Greninja\n|move|p1b: Torterra|Bullet Seed|p2a: Palafin\n|-supereffective|p2a: Palafin\n|-damage|p2a: Palafin|0 fnt\n|faint|p2a: Palafin\n|-hitcount|p2: Palafin|1\n|\n|upkeep\n|-message|Zingaro291 forfeited.\n|\n|win|Sonic42069\n|raw|Sonic42069's rating: 1019 &rarr; <strong>1072<\/strong><br \/>(+53 for winning)\n|raw|Zingaro291's rating: 1182 &rarr; <strong>1146<\/strong><br \/>(-36 for losing)\n|l|\u2606Zingaro291\n","uploadtime":1697568148,"views":7,"p1id":"sonic42069","p2id":"zingaro291","formatid":"gen9nationaldexdoubles","rating":1072,"private":0,"password":""}