{"id":"gen9nationaldexdoubles-1958697107","p1":"Paldea Athens 420","p2":"fsaaa","format":"[Gen 9] National Dex Doubles","log":"|j|\u2606Paldea Athens 420\n|j|\u2606fsaaa\n|t:|1696351308\n|gametype|doubles\n|player|p1|Paldea Athens 420|volo|1511\n|player|p2|fsaaa|palmer|1331\n|teamsize|p1|6\n|teamsize|p2|6\n|gen|9\n|tier|[Gen 9] National Dex Doubles\n|rated|\n|rule|HP Percentage Mod: HP is shown in percentages\n|rule|Endless Battle Clause: Forcing endless battles is banned\n|rule|OHKO Clause: OHKO moves are banned\n|rule|Evasion Moves Clause: Evasion moves are banned\n|rule|Evasion Abilities Clause: Evasion abilities are banned\n|rule|Species Clause: Limit one of each Pok\u00e9mon\n|rule|Gravity Sleep Clause: The combination of sleep-inducing moves with imperfect accuracy and Gravity or Gigantamax Orbeetle are banned\n|clearpoke\n|poke|p1|Kingambit, M|\n|poke|p1|Marshadow|\n|poke|p1|Diancie|\n|poke|p1|Tornadus, M|\n|poke|p1|Ogerpon-Hearthflame, F|\n|poke|p1|Chien-Pao|\n|poke|p2|Ursaluna-Bloodmoon, M|\n|poke|p2|Clefairy, F|\n|poke|p2|Cresselia, F|\n|poke|p2|Hatterene, F|\n|poke|p2|Camerupt, F|\n|poke|p2|Gastrodon, F|\n|teampreview\n|inactive|Battle timer is ON: inactive players will automatically lose when time's up. (requested by fsaaa)\n|\n|t:|1696351320\n|start\n|switch|p1a: Marshadow|Marshadow|100\/100\n|switch|p1b: Tornadus|Tornadus, M|100\/100\n|switch|p2a: Hatterene|Hatterene, F|100\/100\n|switch|p2b: Camerupt|Camerupt, F|100\/100\n|turn|1\n|\n|t:|1696351335\n|detailschange|p2b: Camerupt|Camerupt-Mega, F\n|-mega|p2b: Camerupt|Camerupt|Cameruptite\n|move|p2b: Camerupt|Protect|p2b: Camerupt\n|-singleturn|p2b: Camerupt|Protect\n|-zpower|p1a: Marshadow\n|move|p1a: Marshadow|Soul-Stealing 7-Star Strike|p2a: Hatterene|[zeffect]\n|-supereffective|p2a: Hatterene\n|-damage|p2a: Hatterene|0 fnt\n|faint|p2a: Hatterene\n|move|p1b: Tornadus|Bleakwind Storm|p2b: Camerupt\n|-activate|p2b: Camerupt|move: Protect\n|\n|upkeep\n|\n|t:|1696351352\n|switch|p2a: Cresselia|Cresselia, F|100\/100\n|turn|2\n|c|\u2606Paldea Athens 420|I HATE TRICK ROOMERS\n|\n|t:|1696351378\n|-terastallize|p2a: Cresselia|Dark\n|move|p1b: Tornadus|Taunt|p2a: Cresselia\n|-hint|Since gen 7, Dark is immune to Prankster moves.\n|-immune|p2a: Cresselia\n|move|p1a: Marshadow|Close Combat|p2b: Camerupt\n|-damage|p2b: Camerupt|40\/100\n|-unboost|p1a: Marshadow|def|1\n|-unboost|p1a: Marshadow|spd|1\n|move|p2b: Camerupt|Heat Wave|p1a: Marshadow|[spread] p1a,p1b\n|-damage|p1a: Marshadow|1\/100\n|-damage|p1b: Tornadus|57\/100\n|move|p2a: Cresselia|Trick Room|p2a: Cresselia\n|-fieldstart|move: Trick Room|[of] p2a: Cresselia\n|\n|upkeep\n|turn|3\n|inactive|fsaaa has 120 seconds left.\n|\n|t:|1696351414\n|move|p1a: Marshadow|Shadow Sneak|p2b: Camerupt\n|-damage|p2b: Camerupt|10\/100\n|move|p2b: Camerupt|Heat Wave|p1b: Tornadus|[spread] p1a,p1b\n|-damage|p1a: Marshadow|0 fnt\n|-damage|p1b: Tornadus|12\/100\n|faint|p1a: Marshadow\n|move|p2a: Cresselia|Moonblast|p1b: Tornadus\n|-damage|p1b: Tornadus|0 fnt\n|faint|p1b: Tornadus\n|\n|upkeep\n|\n|t:|1696351436\n|switch|p1b: Kingambit|Kingambit, M, shiny|100\/100\n|switch|p1a: Diancie|Diancie|100\/100\n|-activate|p1b: Kingambit|ability: Supreme Overlord\n|-start|p1b: Kingambit|fallen2|[silent]\n|turn|4\n|\n|t:|1696351451\n|switch|p2a: Clefairy|Clefairy, F|100\/100\n|-terastallize|p1b: Kingambit|Water\n|move|p2b: Camerupt|Protect|p2b: Camerupt\n|-singleturn|p2b: Camerupt|Protect\n|move|p1a: Diancie|Protect|p1a: Diancie\n|-singleturn|p1a: Diancie|Protect\n|move|p1b: Kingambit|Kowtow Cleave|p2b: Camerupt\n|-activate|p2b: Camerupt|move: Protect\n|\n|upkeep\n|turn|5\n|\n|t:|1696351473\n|move|p2a: Clefairy|Follow Me|p2a: Clefairy\n|-singleturn|p2a: Clefairy|move: Follow Me\n|move|p2b: Camerupt|Earth Power|p1a: Diancie\n|-supereffective|p1a: Diancie\n|-damage|p1a: Diancie|0 fnt\n|faint|p1a: Diancie\n|move|p1b: Kingambit|Kowtow Cleave|p2a: Clefairy\n|-resisted|p2a: Clefairy\n|-damage|p2a: Clefairy|81\/100\n|\n|upkeep\n|\n|t:|1696351484\n|switch|p1a: Ogerpon|Ogerpon-Hearthflame, F|100\/100\n|-ability|p1a: Ogerpon|Mold Breaker\n|turn|6\n|inactive|fsaaa has 120 seconds left.\n|inactive|Paldea Athens 420 has 120 seconds left.\n|\n|t:|1696351534\n|switch|p2a: Gastrodon|Gastrodon, F|100\/100\n|-end|p1b: Kingambit|fallen2|[silent]\n|switch|p1b: Chien-Pao|Chien-Pao|100\/100\n|-ability|p1b: Chien-Pao|Sword of Ruin\n|move|p2b: Camerupt|Earth Power|p1a: Ogerpon\n|-damage|p1a: Ogerpon|22\/100\n|move|p1a: Ogerpon|Ivy Cudgel|p2a: Gastrodon\n|-resisted|p2a: Gastrodon\n|-damage|p2a: Gastrodon|61\/100\n|\n|-fieldend|move: Trick Room\n|upkeep\n|turn|7\n|inactive|fsaaa has 120 seconds left.\n|\n|t:|1696351557\n|move|p1b: Chien-Pao|Ice Spinner|p2b: Camerupt\n|-damage|p2b: Camerupt|0 fnt\n|faint|p2b: Camerupt\n|move|p1a: Ogerpon|Horn Leech|p2a: Gastrodon\n|-supereffective|p2a: Gastrodon\n|-damage|p2a: Gastrodon|0 fnt\n|-heal|p1a: Ogerpon|65\/100|[from] drain|[of] p2a: Gastrodon\n|faint|p2a: Gastrodon\n|\n|upkeep\n|\n|t:|1696351570\n|switch|p2a: Cresselia|Cresselia, F, tera:Dark|100\/100\n|switch|p2b: Clefairy|Clefairy, F|81\/100\n|turn|8\n|\n|t:|1696351584\n|move|p2b: Clefairy|Follow Me|p2b: Clefairy\n|-singleturn|p2b: Clefairy|move: Follow Me\n|move|p1b: Chien-Pao|Ice Spinner|p2b: Clefairy\n|-damage|p2b: Clefairy|41\/100\n|move|p1a: Ogerpon|Ivy Cudgel|p2b: Clefairy\n|-damage|p2b: Clefairy|0 fnt\n|faint|p2b: Clefairy\n|move|p2a: Cresselia|Trick Room|p2a: Cresselia\n|-fieldstart|move: Trick Room|[of] p2a: Cresselia\n|\n|upkeep\n|\n|t:|1696351592\n|switch|p2b: Ursaluna|Ursaluna-Bloodmoon, M|100\/100\n|turn|9\n|\n|t:|1696351609\n|move|p1a: Ogerpon|Spiky Shield|p1a: Ogerpon\n|-singleturn|p1a: Ogerpon|move: Protect\n|move|p1b: Chien-Pao|Sucker Punch|p2b: Ursaluna\n|-damage|p2b: Ursaluna|69\/100\n|move|p2b: Ursaluna|Blood Moon|p1a: Ogerpon\n|-activate|p1a: Ogerpon|move: Protect\n|move|p2a: Cresselia|Moonblast|p1b: Chien-Pao\n|-supereffective|p1b: Chien-Pao\n|-damage|p1b: Chien-Pao|50\/100\n|\n|-heal|p2b: Ursaluna|75\/100|[from] item: Leftovers\n|upkeep\n|turn|10\n|\n|t:|1696351633\n|move|p2b: Ursaluna|Protect|p2b: Ursaluna\n|-singleturn|p2b: Ursaluna|Protect\n|move|p2a: Cresselia|Moonblast|p1b: Chien-Pao\n|-supereffective|p1b: Chien-Pao\n|-damage|p1b: Chien-Pao|0 fnt\n|faint|p1b: Chien-Pao\n|move|p1a: Ogerpon|Ivy Cudgel|p2b: Ursaluna\n|-activate|p2b: Ursaluna|move: Protect\n|\n|-heal|p2b: Ursaluna|81\/100|[from] item: Leftovers\n|upkeep\n|\n|t:|1696351636\n|switch|p1b: Kingambit|Kingambit, M, shiny, tera:Water|100\/100\n|-activate|p1b: Kingambit|ability: Supreme Overlord\n|-start|p1b: Kingambit|fallen4|[silent]\n|turn|11\n|inactive|fsaaa has 120 seconds left.\n|\n|t:|1696351678\n|move|p1a: Ogerpon|Spiky Shield|p1a: Ogerpon\n|-singleturn|p1a: Ogerpon|move: Protect\n|move|p2b: Ursaluna|Blood Moon|p1b: Kingambit\n|-damage|p1b: Kingambit|24\/100\n|move|p1b: Kingambit|Kowtow Cleave|p2b: Ursaluna\n|-damage|p2b: Ursaluna|42\/100\n|move|p2a: Cresselia|Lunar Blessing|p2a: Cresselia|[spread] p2a,p2b\n|-heal|p2b: Ursaluna|66\/100\n|\n|-heal|p2b: Ursaluna|72\/100|[from] item: Leftovers\n|-heal|p1b: Kingambit|30\/100|[from] item: Leftovers\n|upkeep\n|turn|12\n|inactive|fsaaa has 120 seconds left.\n|\n|t:|1696351703\n|move|p2b: Ursaluna|Protect|p2b: Ursaluna\n|-singleturn|p2b: Ursaluna|Protect\n|move|p1b: Kingambit|Brick Break|p2a: Cresselia\n|-supereffective|p2a: Cresselia\n|-damage|p2a: Cresselia|52\/100\n|move|p2a: Cresselia|Moonblast|p1b: Kingambit\n|-damage|p1b: Kingambit|14\/100\n|move|p1a: Ogerpon|Horn Leech|p2b: Ursaluna\n|-activate|p2b: Ursaluna|move: Protect\n|\n|-heal|p2b: Ursaluna|79\/100|[from] item: Leftovers\n|-heal|p1b: Kingambit|21\/100|[from] item: Leftovers\n|-fieldend|move: Trick Room\n|upkeep\n|turn|13\n|\n|t:|1696351716\n|move|p1a: Ogerpon|Horn Leech|p2b: Ursaluna\n|-supereffective|p2b: Ursaluna\n|-damage|p2b: Ursaluna|19\/100\n|-heal|p1a: Ogerpon|100\/100|[from] drain|[of] p2b: Ursaluna\n|move|p1b: Kingambit|Brick Break|p2a: Cresselia\n|-supereffective|p2a: Cresselia\n|-damage|p2a: Cresselia|4\/100\n|move|p2b: Ursaluna|Blood Moon|p1a: Ogerpon\n|-damage|p1a: Ogerpon|0 fnt\n|faint|p1a: Ogerpon\n|move|p2a: Cresselia|Trick Room|p2a: Cresselia\n|-fieldstart|move: Trick Room|[of] p2a: Cresselia\n|\n|-heal|p2b: Ursaluna|25\/100|[from] item: Leftovers\n|-heal|p1b: Kingambit|27\/100|[from] item: Leftovers\n|upkeep\n|turn|14\n|\n|t:|1696351740\n|move|p2b: Ursaluna|Protect|p2b: Ursaluna\n|-singleturn|p2b: Ursaluna|Protect\n|move|p1b: Kingambit|Sucker Punch||[still]\n|-fail|p1b: Kingambit\n|move|p2a: Cresselia|Lunar Blessing|p2a: Cresselia|[spread] p2a,p2b\n|-heal|p2a: Cresselia|29\/100\n|-heal|p2b: Ursaluna|50\/100\n|\n|-heal|p2b: Ursaluna|56\/100|[from] item: Leftovers\n|-heal|p1b: Kingambit|33\/100|[from] item: Leftovers\n|upkeep\n|turn|15\n|\n|t:|1696351751\n|move|p1b: Kingambit|Protect|p1b: Kingambit\n|-singleturn|p1b: Kingambit|Protect\n|move|p2b: Ursaluna|Blood Moon|p1b: Kingambit\n|-activate|p1b: Kingambit|move: Protect\n|move|p2a: Cresselia|Lunar Blessing|p2a: Cresselia|[spread] p2a,p2b\n|-heal|p2a: Cresselia|54\/100\n|-heal|p2b: Ursaluna|81\/100\n|\n|-heal|p2b: Ursaluna|87\/100|[from] item: Leftovers\n|-heal|p1b: Kingambit|39\/100|[from] item: Leftovers\n|upkeep\n|turn|16\n|-message|Paldea Athens 420 forfeited.\n|\n|win|fsaaa\n|raw|Paldea Athens 420's rating: 1511 &rarr; <strong>1481<\/strong><br \/>(-30 for losing)\n|raw|fsaaa's rating: 1331 &rarr; <strong>1361<\/strong><br \/>(+30 for winning)\n|l|\u2606Paldea Athens 420\n","uploadtime":1696351781,"views":11,"p1id":"paldeaathens420","p2id":"fsaaa","formatid":"gen9nationaldexdoubles","rating":1361,"private":0,"password":""}