{"id":"gen9nationaldexdoubles-1978409643","p1":"yaya_x3","p2":"AnimeProz","format":"[Gen 9] National Dex Doubles","log":"|j|\u2606yaya_x3\n|j|\u2606AnimeProz\n|t:|1698535289\n|gametype|doubles\n|player|p1|yaya_x3|cyclistf|\n|player|p2|AnimeProz|caitlin|\n|teamsize|p1|6\n|teamsize|p2|6\n|gen|9\n|tier|[Gen 9] National Dex Doubles\n|rule|HP Percentage Mod: HP is shown in percentages\n|rule|Endless Battle Clause: Forcing endless battles is banned\n|rule|OHKO Clause: OHKO moves are banned\n|rule|Evasion Moves Clause: Evasion moves are banned\n|rule|Evasion Abilities Clause: Evasion abilities are banned\n|rule|Species Clause: Limit one of each Pok\u00e9mon\n|rule|Gravity Sleep Clause: The combination of sleep-inducing moves with imperfect accuracy and Gravity or Gigantamax Orbeetle are banned\n|clearpoke\n|poke|p1|Dragonite, M|\n|poke|p1|Clefable, M|\n|poke|p1|Amoonguss, M|\n|poke|p1|Walking Wake|\n|poke|p1|Charizard, M|\n|poke|p1|Clefairy, F|\n|poke|p2|Heatran, M|\n|poke|p2|Landorus-Therian, M|\n|poke|p2|Sinistcha-Masterpiece|\n|poke|p2|Charizard, F|\n|poke|p2|Flutter Mane|\n|poke|p2|Venusaur, M|\n|teampreview\n|inactive|Battle timer is ON: inactive players will automatically lose when time's up. (requested by AnimeProz)\n|inactiveoff|Battle timer is now OFF.\n|c|\u2606yaya_x3|looks strong\n|c|\u2606yaya_x3|nice team\n|inactive|Battle timer is ON: inactive players will automatically lose when time's up. (requested by AnimeProz)\n|\n|t:|1698535329\n|start\n|switch|p1a: Walking Wake|Walking Wake|100\/100\n|switch|p1b: Clefairy|Clefairy, F|100\/100\n|switch|p2a: Landorus|Landorus-Therian, M|100\/100\n|switch|p2b: Charizard|Charizard, F|100\/100\n|-ability|p2a: Landorus|Intimidate|boost\n|-unboost|p1a: Walking Wake|atk|1\n|-unboost|p1b: Clefairy|atk|1\n|turn|1\n|c|\u2606AnimeProz|Its very interesting\n|\n|t:|1698535359\n|move|p1b: Clefairy|Follow Me|p1b: Clefairy\n|-singleturn|p1b: Clefairy|move: Follow Me\n|move|p2a: Landorus|U-turn|p1b: Clefairy\n|-resisted|p1b: Clefairy\n|-damage|p1b: Clefairy|86\/100\n|\n|t:|1698535369\n|switch|p2a: Venusaur|Venusaur, M|100\/100|[from] U-turn\n|move|p1a: Walking Wake|Flamethrower|p2a: Venusaur\n|-supereffective|p2a: Venusaur\n|-damage|p2a: Venusaur|0 fnt\n|faint|p2a: Venusaur\n|move|p2b: Charizard|Heat Wave|p1b: Clefairy|[spread] p1a,p1b\n|-resisted|p1a: Walking Wake\n|-crit|p1a: Walking Wake\n|-damage|p1a: Walking Wake|91\/100\n|-damage|p1b: Clefairy|65\/100\n|\n|upkeep\n|inactive|AnimeProz has 270 seconds left.\n|\n|t:|1698535391\n|switch|p2a: Heatran|Heatran, M|100\/100\n|turn|2\n|inactive|AnimeProz has 270 seconds left.\n|\n|t:|1698535413\n|-end|p1a: Walking Wake|Protosynthesis|[silent]\n|switch|p1a: Charizard|Charizard, M|100\/100\n|detailschange|p2b: Charizard|Charizard-Mega-Y, F\n|-mega|p2b: Charizard|Charizard|Charizardite Y\n|-weather|SunnyDay|[from] ability: Drought|[of] p2b: Charizard\n|move|p2b: Charizard|Tailwind|p2b: Charizard\n|-sidestart|p2: AnimeProz|move: Tailwind\n|move|p2a: Heatran|Substitute|p2a: Heatran\n|-start|p2a: Heatran|Substitute\n|-damage|p2a: Heatran|76\/100\n|move|p1b: Clefairy|Moonlight|p1b: Clefairy\n|-heal|p1b: Clefairy|100\/100\n|\n|-weather|SunnyDay|[upkeep]\n|-heal|p2a: Heatran|82\/100|[from] item: Leftovers\n|upkeep\n|turn|3\n|inactiveoff|Battle timer is now OFF.\n|\n|t:|1698535446\n|switch|p2b: Landorus|Landorus-Therian, M|100\/100\n|-ability|p2b: Landorus|Intimidate|boost\n|-unboost|p1a: Charizard|atk|1\n|-unboost|p1b: Clefairy|atk|1\n|move|p1b: Clefairy|Follow Me|p1b: Clefairy\n|-singleturn|p1b: Clefairy|move: Follow Me\n|move|p2a: Heatran|Heat Wave|p1b: Clefairy|[spread] p1b\n|-miss|p2a: Heatran|p1a: Charizard\n|-damage|p1b: Clefairy|73\/100\n|-status|p1b: Clefairy|brn\n|move|p1a: Charizard|Substitute|p1a: Charizard\n|-start|p1a: Charizard|Substitute\n|-damage|p1a: Charizard|76\/100\n|\n|-weather|SunnyDay|[upkeep]\n|-heal|p2a: Heatran|88\/100|[from] item: Leftovers\n|-damage|p1b: Clefairy|66\/100 brn|[from] brn\n|upkeep\n|turn|4\n|\n|t:|1698535478\n|switch|p1b: Walking Wake|Walking Wake|91\/100\n|-activate|p1b: Walking Wake|ability: Protosynthesis\n|-start|p1b: Walking Wake|protosynthesisspe\n|move|p1a: Charizard|Protect|p1a: Charizard\n|-singleturn|p1a: Charizard|Protect\n|move|p2b: Landorus|Stone Edge|p1a: Charizard\n|-activate|p1a: Charizard|move: Protect\n|move|p2a: Heatran|Heat Wave|p1b: Walking Wake|[spread] \n|-activate|p1a: Charizard|move: Protect\n|-miss|p2a: Heatran|p1b: Walking Wake\n|\n|-weather|SunnyDay|[upkeep]\n|-heal|p2a: Heatran|94\/100|[from] item: Leftovers\n|upkeep\n|turn|5\n|\n|t:|1698535511\n|detailschange|p1a: Charizard|Charizard-Mega-Y, M\n|-mega|p1a: Charizard|Charizard|Charizardite Y\n|move|p2b: Landorus|Stone Edge|p1a: Charizard\n|-supereffective|p1a: Charizard\n|-end|p1a: Charizard|Substitute\n|move|p1b: Walking Wake|Hydro Steam|p2a: Heatran\n|-supereffective|p2a: Heatran\n|-end|p2a: Heatran|Substitute\n|move|p2a: Heatran|Earth Power|p1b: Walking Wake\n|-damage|p1b: Walking Wake|59\/100\n|move|p1a: Charizard|Heat Wave|p2a: Heatran|[spread] p2b\n|-start|p2a: Heatran|ability: Flash Fire\n|-damage|p2b: Landorus|0 fnt\n|faint|p2b: Landorus\n|\n|-weather|SunnyDay|[upkeep]\n|-heal|p2a: Heatran|100\/100|[from] item: Leftovers\n|-sideend|p2: AnimeProz|move: Tailwind\n|upkeep\n|\n|t:|1698535536\n|switch|p2b: Flutter Mane|Flutter Mane|100\/100\n|-activate|p2b: Flutter Mane|ability: Protosynthesis\n|-start|p2b: Flutter Mane|protosynthesisspe\n|turn|6\n|\n|t:|1698535558\n|-end|p1b: Walking Wake|Protosynthesis|[silent]\n|switch|p1b: Clefairy|Clefairy, F|66\/100 brn\n|move|p1a: Charizard|Protect|p1a: Charizard\n|-singleturn|p1a: Charizard|Protect\n|move|p2b: Flutter Mane|Moonblast|p1b: Clefairy\n|-damage|p1b: Clefairy|24\/100 brn\n|move|p2a: Heatran|Substitute|p2a: Heatran\n|-start|p2a: Heatran|Substitute\n|-damage|p2a: Heatran|76\/100\n|\n|-weather|none\n|-end|p2b: Flutter Mane|Protosynthesis\n|-heal|p2a: Heatran|82\/100|[from] item: Leftovers\n|-damage|p1b: Clefairy|18\/100 brn|[from] brn\n|upkeep\n|turn|7\n|\n|t:|1698535591\n|-end|p2b: Flutter Mane|Protosynthesis|[silent]\n|switch|p2b: Charizard|Charizard-Mega-Y, F|100\/100\n|-weather|SunnyDay|[from] ability: Drought|[of] p2b: Charizard\n|move|p1a: Charizard|Heat Wave|p2b: Charizard|[spread] p2b\n|-immune|p2a: Heatran|[from] ability: Flash Fire\n|-resisted|p2b: Charizard\n|-damage|p2b: Charizard|66\/100\n|move|p2a: Heatran|Heat Wave|p1b: Clefairy|[spread] p1a,p1b\n|-resisted|p1a: Charizard\n|-damage|p1a: Charizard|48\/100\n|-damage|p1b: Clefairy|0 fnt\n|faint|p1b: Clefairy\n|\n|-weather|SunnyDay|[upkeep]\n|-heal|p2a: Heatran|88\/100|[from] item: Leftovers\n|upkeep\n|\n|t:|1698535607\n|switch|p1b: Walking Wake|Walking Wake|59\/100\n|-activate|p1b: Walking Wake|ability: Protosynthesis\n|-start|p1b: Walking Wake|protosynthesisspe\n|turn|8\n|\n|t:|1698535625\n|switch|p2b: Sinistcha|Sinistcha-Masterpiece|100\/100\n|-heal|p2a: Heatran|100\/100|[from] ability: Hospitality|[of] p2b: Sinistcha\n|move|p1b: Walking Wake|Hydro Steam|p2b: Sinistcha\n|-resisted|p2b: Sinistcha\n|-damage|p2b: Sinistcha|44\/100\n|move|p1a: Charizard|Heat Wave|p2b: Sinistcha|[spread] p2b\n|-immune|p2a: Heatran|[from] ability: Flash Fire\n|-supereffective|p2b: Sinistcha\n|-damage|p2b: Sinistcha|0 fnt\n|faint|p2b: Sinistcha\n|move|p2a: Heatran|Heat Wave|p1a: Charizard|[spread] p1a,p1b\n|-resisted|p1a: Charizard\n|-resisted|p1b: Walking Wake\n|-damage|p1a: Charizard|15\/100\n|-damage|p1b: Walking Wake|40\/100\n|\n|-weather|SunnyDay|[upkeep]\n|upkeep\n|\n|t:|1698535644\n|switch|p2b: Flutter Mane|Flutter Mane|100\/100\n|-activate|p2b: Flutter Mane|ability: Protosynthesis\n|-start|p2b: Flutter Mane|protosynthesisspe\n|turn|9\n|\n|t:|1698535665\n|-end|p1b: Walking Wake|Protosynthesis|[silent]\n|switch|p1b: Amoonguss|Amoonguss, M|100\/100\n|move|p1a: Charizard|Protect|p1a: Charizard\n|-singleturn|p1a: Charizard|Protect\n|move|p2b: Flutter Mane|Psyshock|p1b: Amoonguss\n|-supereffective|p1b: Amoonguss\n|-damage|p1b: Amoonguss|32\/100\n|move|p2a: Heatran|Heat Wave|p1b: Amoonguss|[spread] p1b\n|-activate|p1a: Charizard|move: Protect\n|-supereffective|p1b: Amoonguss\n|-damage|p1b: Amoonguss|0 fnt\n|faint|p1b: Amoonguss\n|\n|-weather|SunnyDay|[upkeep]\n|upkeep\n|\n|t:|1698535687\n|switch|p1b: Clefable|Clefable, M|100\/100\n|turn|10\n|\n|t:|1698535716\n|move|p2b: Flutter Mane|Psyshock|p1b: Clefable\n|-damage|p1b: Clefable|60\/100\n|move|p1a: Charizard|Heat Wave|p2b: Flutter Mane|[spread] p2b\n|-immune|p2a: Heatran|[from] ability: Flash Fire\n|-damage|p2b: Flutter Mane|42\/100\n|move|p2a: Heatran|Heat Wave|p1b: Clefable|[spread] p1a,p1b\n|-resisted|p1a: Charizard\n|-damage|p1a: Charizard|0 fnt\n|-damage|p1b: Clefable|14\/100\n|faint|p1a: Charizard\n|move|p1b: Clefable|Light Screen|p1b: Clefable\n|-sidestart|p1: yaya_x3|move: Light Screen\n|\n|-weather|SunnyDay|[upkeep]\n|-heal|p1b: Clefable|21\/100|[from] item: Leftovers\n|upkeep\n|\n|t:|1698535735\n|switch|p1a: Walking Wake|Walking Wake|40\/100\n|-activate|p1a: Walking Wake|ability: Protosynthesis\n|-start|p1a: Walking Wake|protosynthesisspe\n|turn|11\n|\n|t:|1698535756\n|move|p2b: Flutter Mane|Psyshock|p1a: Walking Wake\n|-damage|p1a: Walking Wake|14\/100\n|move|p1a: Walking Wake|Hydro Steam|p2b: Flutter Mane\n|-damage|p2b: Flutter Mane|0 fnt\n|faint|p2b: Flutter Mane\n|-end|p2b: Flutter Mane|Protosynthesis|[silent]\n|move|p2a: Heatran|Heat Wave|p1a: Walking Wake|[spread] p1a,p1b\n|-resisted|p1a: Walking Wake\n|-damage|p1a: Walking Wake|0 fnt\n|-damage|p1b: Clefable|0 fnt\n|faint|p1a: Walking Wake\n|-end|p1a: Walking Wake|Protosynthesis|[silent]\n|faint|p1b: Clefable\n|\n|-weather|none\n|upkeep\n|c|\u2606AnimeProz|The double\n|\n|t:|1698535776\n|switch|p2b: Charizard|Charizard-Mega-Y, F|66\/100\n|switch|p1b: Dragonite|Dragonite, M|100\/100\n|-weather|SunnyDay|[from] ability: Drought|[of] p2b: Charizard\n|turn|12\n|c|\u2606yaya_x3|dang good battle\n|\n|t:|1698535794\n|move|p2b: Charizard|Hidden Power|p1b: Dragonite\n|-supereffective|p1b: Dragonite\n|-damage|p1b: Dragonite|65\/100\n|move|p1b: Dragonite|Dragon Dance|p1b: Dragonite\n|-boost|p1b: Dragonite|atk|1\n|-boost|p1b: Dragonite|spe|1\n|move|p2a: Heatran|Heat Wave|p1b: Dragonite\n|-resisted|p1b: Dragonite\n|-damage|p1b: Dragonite|32\/100\n|\n|-weather|SunnyDay|[upkeep]\n|upkeep\n|turn|13\n|\n|t:|1698535809\n|-terastallize|p1b: Dragonite|Normal\n|move|p1b: Dragonite|Extreme Speed|p2b: Charizard\n|-damage|p2b: Charizard|0 fnt\n|faint|p2b: Charizard\n|-damage|p1b: Dragonite|22\/100|[from] item: Life Orb\n|move|p2a: Heatran|Heat Wave|p1b: Dragonite\n|-damage|p1b: Dragonite|0 fnt\n|faint|p1b: Dragonite\n|\n|win|AnimeProz\n|c|\u2606yaya_x3|gg!!\n|c|\u2606yaya_x3|best of 3 ?\n|c|\u2606AnimeProz|Some nice sacrifices\n|c|\u2606AnimeProz|Sure\n","uploadtime":1698535840,"views":9,"p1id":"yayax3","p2id":"animeproz","formatid":"gen9nationaldexdoubles","rating":0,"private":0,"password":""}