{"id":"gen9nationaldexdoubles-2000335655","p1":"Kazutoxo","p2":"fumbari 24","format":"[Gen 9] National Dex Doubles","log":"|j|\u2606Kazutoxo\n|j|\u2606fumbari 24\n|t:|1701186034\n|gametype|doubles\n|player|p1|Kazutoxo|ingo|1359\n|player|p2|fumbari 24|hilbert|1240\n|teamsize|p1|6\n|teamsize|p2|6\n|gen|9\n|tier|[Gen 9] National Dex Doubles\n|rated|\n|rule|HP Percentage Mod: HP is shown in percentages\n|rule|Endless Battle Clause: Forcing endless battles is banned\n|rule|OHKO Clause: OHKO moves are banned\n|rule|Evasion Moves Clause: Evasion moves are banned\n|rule|Evasion Abilities Clause: Evasion abilities are banned\n|rule|Species Clause: Limit one of each Pok\u00e9mon\n|rule|Gravity Sleep Clause: The combination of sleep-inducing moves with imperfect accuracy and Gravity or Gigantamax Orbeetle are banned\n|clearpoke\n|poke|p1|Charizard, M|\n|poke|p1|Ogerpon-Wellspring, F|\n|poke|p1|Landorus-Therian, M|\n|poke|p1|Flutter Mane|\n|poke|p1|Iron Hands|\n|poke|p1|Tornadus, M|\n|poke|p2|Salazzle, F|\n|poke|p2|Vespiquen, F|\n|poke|p2|Mandibuzz, F|\n|poke|p2|Tyrantrum, F|\n|poke|p2|Chandelure, F|\n|poke|p2|Milotic, F|\n|teampreview\n|\n|t:|1701186057\n|start\n|switch|p1a: Landorus|Landorus-Therian, M|100\/100\n|switch|p1b: Iron Hands|Iron Hands|100\/100\n|switch|p2a: Salazzle|Salazzle, F, shiny|100\/100\n|switch|p2b: Vespiquen|Vespiquen, F|100\/100\n|-ability|p2b: Vespiquen|Unnerve\n|-ability|p1a: Landorus|Intimidate|boost\n|-fail|p2a: Salazzle|unboost|Attack|[from] ability: Oblivious|[of] p2a: Salazzle\n|-unboost|p2b: Vespiquen|atk|1\n|turn|1\n|\n|t:|1701186078\n|move|p2a: Salazzle|Fake Out|p1a: Landorus\n|-damage|p1a: Landorus|94\/100\n|cant|p1a: Landorus|flinch\n|move|p1b: Iron Hands|Wild Charge|p2a: Salazzle\n|-damage|p2a: Salazzle|39\/100\n|-damage|p1b: Iron Hands|90\/100|[from] Recoil\n|move|p2b: Vespiquen|Defend Order|p2b: Vespiquen\n|-boost|p2b: Vespiquen|def|1\n|-boost|p2b: Vespiquen|spd|1\n|\n|upkeep\n|turn|2\n|\n|t:|1701186100\n|-terastallize|p2b: Vespiquen|Fairy\n|move|p2a: Salazzle|Overheat|p1a: Landorus\n|-damage|p1a: Landorus|38\/100\n|-unboost|p2a: Salazzle|spa|2\n|-enditem|p2a: Salazzle|Eject Pack\n|\n|t:|1701186112\n|switch|p2a: Tyrantrum|Tyrantrum, F, shiny|100\/100\n|move|p1a: Landorus|Rock Slide|p2b: Vespiquen|[spread] p2a,p2b\n|-damage|p2a: Tyrantrum|83\/100\n|-damage|p2b: Vespiquen|90\/100\n|move|p1b: Iron Hands|Wild Charge|p2b: Vespiquen\n|-damage|p2b: Vespiquen|64\/100\n|-damage|p1b: Iron Hands|85\/100|[from] Recoil\n|move|p2b: Vespiquen|Defend Order|p2b: Vespiquen\n|-boost|p2b: Vespiquen|def|1\n|-boost|p2b: Vespiquen|spd|1\n|\n|upkeep\n|turn|3\n|\n|t:|1701186130\n|switch|p1a: Ogerpon|Ogerpon-Wellspring, F|100\/100\n|move|p2a: Tyrantrum|Protect|p2a: Tyrantrum\n|-singleturn|p2a: Tyrantrum|Protect\n|move|p1b: Iron Hands|Drain Punch|p2a: Tyrantrum\n|-activate|p2a: Tyrantrum|move: Protect\n|move|p2b: Vespiquen|Roost|p2b: Vespiquen\n|-heal|p2b: Vespiquen|100\/100\n|\n|upkeep\n|turn|4\n|inactive|Battle timer is ON: inactive players will automatically lose when time's up. (requested by fumbari 24)\n|\n|t:|1701186150\n|switch|p2a: Mandibuzz|Mandibuzz, F|100\/100\n|move|p1a: Ogerpon|Follow Me|p1a: Ogerpon\n|-singleturn|p1a: Ogerpon|move: Follow Me\n|move|p1b: Iron Hands|Drain Punch|p2a: Mandibuzz\n|-damage|p2a: Mandibuzz|72\/100\n|-heal|p1b: Iron Hands|98\/100|[from] drain|[of] p2a: Mandibuzz\n|move|p2b: Vespiquen|Attack Order|p1a: Ogerpon\n|-supereffective|p1a: Ogerpon\n|-damage|p1a: Ogerpon|60\/100\n|\n|upkeep\n|turn|5\n|\n|t:|1701186171\n|move|p1a: Ogerpon|Spiky Shield|p1a: Ogerpon\n|-singleturn|p1a: Ogerpon|move: Protect\n|move|p2a: Mandibuzz|Tailwind|p2a: Mandibuzz\n|-sidestart|p2: fumbari 24|move: Tailwind\n|move|p2b: Vespiquen|Attack Order|p1a: Ogerpon\n|-activate|p1a: Ogerpon|move: Protect\n|move|p1b: Iron Hands|Heavy Slam|p2b: Vespiquen\n|-supereffective|p2b: Vespiquen\n|-damage|p2b: Vespiquen|66\/100\n|\n|upkeep\n|turn|6\n|\n|t:|1701186196\n|switch|p1a: Landorus|Landorus-Therian, M|38\/100\n|-ability|p1a: Landorus|Intimidate|boost\n|-unboost|p2a: Mandibuzz|atk|1\n|-unboost|p2b: Vespiquen|atk|1\n|move|p2a: Mandibuzz|Roost|p2a: Mandibuzz\n|-heal|p2a: Mandibuzz|100\/100\n|-singleturn|p2a: Mandibuzz|move: Roost\n|move|p2b: Vespiquen|Defend Order|p2b: Vespiquen\n|-boost|p2b: Vespiquen|def|1\n|-boost|p2b: Vespiquen|spd|1\n|move|p1b: Iron Hands|Wild Charge|p2a: Mandibuzz\n|-damage|p2a: Mandibuzz|65\/100\n|-damage|p1b: Iron Hands|90\/100|[from] Recoil\n|\n|upkeep\n|turn|7\n|\n|t:|1701186223\n|move|p2a: Mandibuzz|Foul Play|p1a: Landorus\n|-damage|p1a: Landorus|0 fnt\n|faint|p1a: Landorus\n|move|p2b: Vespiquen|Tera Blast|p1b: Iron Hands|[anim] Tera Blast Fairy\n|-supereffective|p1b: Iron Hands\n|-damage|p1b: Iron Hands|68\/100\n|move|p1b: Iron Hands|Heavy Slam|p2b: Vespiquen\n|-supereffective|p2b: Vespiquen\n|-damage|p2b: Vespiquen|36\/100\n|-enditem|p2b: Vespiquen|Sitrus Berry|[eat]\n|-heal|p2b: Vespiquen|61\/100|[from] item: Sitrus Berry\n|\n|upkeep\n|inactive|Kazutoxo has 120 seconds left.\n|\n|t:|1701186243\n|switch|p1a: Charizard|Charizard, M|100\/100\n|turn|8\n|\n|t:|1701186252\n|-end|p1b: Iron Hands|Quark Drive|[silent]\n|switch|p1b: Tornadus|Tornadus, M|100\/100\n|detailschange|p1a: Charizard|Charizard-Mega-Y, M\n|-mega|p1a: Charizard|Charizard|Charizardite Y\n|-weather|SunnyDay|[from] ability: Drought|[of] p1a: Charizard\n|move|p2a: Mandibuzz|Foul Play|p1a: Charizard\n|-damage|p1a: Charizard|62\/100\n|move|p1a: Charizard|Heat Wave|p2a: Mandibuzz|[spread] p2a,p2b\n|-damage|p2a: Mandibuzz|25\/100\n|-damage|p2b: Vespiquen|42\/100\n|move|p2b: Vespiquen|Roost|p2b: Vespiquen\n|-heal|p2b: Vespiquen|92\/100\n|\n|-weather|SunnyDay|[upkeep]\n|-sideend|p2: fumbari 24|move: Tailwind\n|upkeep\n|turn|9\n|\n|t:|1701186273\n|switch|p2a: Chandelure|Chandelure, F|100\/100\n|move|p1a: Charizard|Protect|p1a: Charizard\n|-singleturn|p1a: Charizard|Protect\n|move|p1b: Tornadus|Taunt|p2b: Vespiquen\n|-start|p2b: Vespiquen|move: Taunt\n|cant|p2b: Vespiquen|move: Taunt|Defend Order\n|\n|-weather|SunnyDay|[upkeep]\n|upkeep\n|turn|10\n|\n|t:|1701186302\n|move|p1a: Charizard|Air Slash|p2b: Vespiquen\n|-damage|p2b: Vespiquen|75\/100\n|move|p1b: Tornadus|Bleakwind Storm|p2a: Chandelure|[spread] p2a,p2b\n|-damage|p2a: Chandelure|62\/100\n|-damage|p2b: Vespiquen|65\/100\n|move|p2b: Vespiquen|Attack Order|p1b: Tornadus\n|-resisted|p1b: Tornadus\n|-damage|p1b: Tornadus|93\/100\n|move|p2a: Chandelure|Trick Room|p2a: Chandelure\n|-fieldstart|move: Trick Room|[of] p2a: Chandelure\n|\n|-weather|SunnyDay|[upkeep]\n|upkeep\n|turn|11\n|\n|t:|1701186321\n|switch|p1b: Iron Hands|Iron Hands|68\/100\n|move|p2b: Vespiquen|Tera Blast|p1b: Iron Hands|[anim] Tera Blast Fairy\n|-supereffective|p1b: Iron Hands\n|-damage|p1b: Iron Hands|45\/100\n|move|p2a: Chandelure|Heat Wave|p1b: Iron Hands|[spread] p1a,p1b\n|-resisted|p1a: Charizard\n|-damage|p1a: Charizard|31\/100\n|-damage|p1b: Iron Hands|14\/100\n|move|p1a: Charizard|Air Slash|p2b: Vespiquen\n|-damage|p2b: Vespiquen|49\/100\n|\n|-weather|SunnyDay|[upkeep]\n|-end|p2b: Vespiquen|move: Taunt\n|upkeep\n|turn|12\n|\n|t:|1701186339\n|move|p1b: Iron Hands|Fake Out|p2b: Vespiquen\n|-damage|p2b: Vespiquen|44\/100\n|cant|p2b: Vespiquen|flinch\n|move|p2a: Chandelure|Heat Wave|p1a: Charizard|[spread] p1a,p1b\n|-resisted|p1a: Charizard\n|-damage|p1a: Charizard|0 fnt\n|-damage|p1b: Iron Hands|0 fnt\n|faint|p1a: Charizard\n|faint|p1b: Iron Hands\n|-end|p1b: Iron Hands|Quark Drive|[silent]\n|\n|-weather|none\n|upkeep\n|\n|t:|1701186356\n|switch|p1b: Tornadus|Tornadus, M|93\/100\n|switch|p1a: Ogerpon|Ogerpon-Wellspring, F|60\/100\n|turn|13\n|\n|t:|1701186368\n|move|p1a: Ogerpon|Spiky Shield|p1a: Ogerpon\n|-singleturn|p1a: Ogerpon|move: Protect\n|move|p1b: Tornadus|Taunt|p2b: Vespiquen\n|-start|p2b: Vespiquen|move: Taunt\n|move|p2b: Vespiquen|Tera Blast|p1b: Tornadus|[anim] Tera Blast Fairy\n|-damage|p1b: Tornadus|70\/100\n|move|p2a: Chandelure|Heat Wave|p1b: Tornadus|[spread] p1b\n|-activate|p1a: Ogerpon|move: Protect\n|-damage|p1b: Tornadus|27\/100\n|\n|upkeep\n|turn|14\n|\n|t:|1701186392\n|-terastallize|p1a: Ogerpon|Water\n|detailschange|p1a: Ogerpon|Ogerpon-Wellspring-Tera, F, tera:Water\n|-ability|p1a: Ogerpon|Embody Aspect (Wellspring)|boost\n|-boost|p1a: Ogerpon|spd|1\n|move|p2b: Vespiquen|Attack Order|p1a: Ogerpon\n|-crit|p1a: Ogerpon\n|-damage|p1a: Ogerpon|13\/100\n|move|p2a: Chandelure|Heat Wave|p1a: Ogerpon|[spread] p1a,p1b\n|-resisted|p1a: Ogerpon\n|-crit|p1a: Ogerpon\n|-damage|p1a: Ogerpon|0 fnt\n|-damage|p1b: Tornadus|0 fnt\n|faint|p1a: Ogerpon\n|faint|p1b: Tornadus\n|\n|-fieldend|move: Trick Room\n|upkeep\n|inactive|Kazutoxo has 120 seconds left.\n|\n|t:|1701186407\n|switch|p1b: Flutter Mane|Flutter Mane|100\/100\n|turn|15\n|\n|t:|1701186416\n|move|p1b: Flutter Mane|Shadow Ball|p2a: Chandelure\n|-supereffective|p2a: Chandelure\n|-crit|p2a: Chandelure\n|-damage|p2a: Chandelure|0 fnt\n|faint|p2a: Chandelure\n|move|p2b: Vespiquen|Attack Order|p1b: Flutter Mane\n|-resisted|p1b: Flutter Mane\n|-damage|p1b: Flutter Mane|94\/100\n|\n|-end|p2b: Vespiquen|move: Taunt\n|upkeep\n|\n|t:|1701186428\n|switch|p2a: Milotic|Milotic, F, shiny|100\/100\n|turn|16\n|\n|t:|1701186432\n|move|p1b: Flutter Mane|Shadow Ball|p2b: Vespiquen\n|-damage|p2b: Vespiquen|24\/100\n|move|p2a: Milotic|Icy Wind|p1b: Flutter Mane\n|-damage|p1b: Flutter Mane|80\/100\n|-unboost|p1b: Flutter Mane|spe|1\n|move|p2b: Vespiquen|Roost|p2b: Vespiquen\n|-heal|p2b: Vespiquen|74\/100\n|\n|upkeep\n|turn|17\n|-message|Kazutoxo forfeited.\n|\n|win|fumbari 24\n|raw|Kazutoxo's rating: 1359 &rarr; <strong>1332<\/strong><br \/>(-27 for losing)\n|raw|fumbari 24's rating: 1240 &rarr; <strong>1273<\/strong><br \/>(+33 for winning)\n|l|\u2606Kazutoxo\n","uploadtime":1701186443,"views":7,"p1id":"kazutoxo","p2id":"fumbari24","formatid":"gen9nationaldexdoubles","rating":1273,"private":0,"password":""}