{"id":"gen9nationaldexdoubles-1971809124","p1":"whoopimadeamistake","p2":"Brick_Enjoyer_144","format":"[Gen 9] National Dex Doubles","log":"|j|\u2606whoopimadeamistake\n|j|\u2606Brick_Enjoyer_144\n|t:|1697774994\n|gametype|doubles\n|player|p1|whoopimadeamistake|yellow|1192\n|player|p2|Brick_Enjoyer_144|shauntal|1076\n|teamsize|p1|6\n|teamsize|p2|6\n|gen|9\n|tier|[Gen 9] National Dex Doubles\n|rated|\n|rule|HP Percentage Mod: HP is shown in percentages\n|rule|Endless Battle Clause: Forcing endless battles is banned\n|rule|OHKO Clause: OHKO moves are banned\n|rule|Evasion Moves Clause: Evasion moves are banned\n|rule|Evasion Abilities Clause: Evasion abilities are banned\n|rule|Species Clause: Limit one of each Pok\u00e9mon\n|rule|Gravity Sleep Clause: The combination of sleep-inducing moves with imperfect accuracy and Gravity or Gigantamax Orbeetle are banned\n|clearpoke\n|poke|p1|Zeraora|\n|poke|p1|Scream Tail|\n|poke|p1|Pelipper, F|\n|poke|p1|Pachirisu, F|\n|poke|p1|Iron Bundle|\n|poke|p1|Toxtricity, F|\n|poke|p2|Espeon, M|\n|poke|p2|Gallade, M|\n|poke|p2|Illumise, F|\n|poke|p2|Urshifu-*, F|\n|poke|p2|Ogerpon-Hearthflame, F|\n|poke|p2|Heatran, M|\n|teampreview\n|inactive|Battle timer is ON: inactive players will automatically lose when time's up. (requested by Brick_Enjoyer_144)\n|c|\u2606whoopimadeamistake|glhf!\n|\n|t:|1697775002\n|start\n|switch|p1a: Zeraora|Zeraora, shiny|100\/100\n|switch|p1b: Toxtricity|Toxtricity, F|100\/100\n|switch|p2a: Espeon|Espeon, M|100\/100\n|switch|p2b: Illumise|Illumise, F|100\/100\n|-item|p1a: Zeraora|Air Balloon\n|turn|1\n|\n|t:|1697775025\n|move|p1a: Zeraora|Fake Out|p2a: Espeon\n|-damage|p2a: Espeon|75\/100\n|move|p2b: Illumise|Trick|p1a: Zeraora\n|-activate|p2b: Illumise|move: Trick|[of] p1a: Zeraora\n|-item|p1a: Zeraora|Black Sludge|[from] move: Trick\n|-item|p2b: Illumise|Air Balloon\n|-item|p2b: Illumise|Air Balloon|[from] move: Trick\n|cant|p2a: Espeon|flinch\n|move|p1b: Toxtricity|Overdrive|p2a: Espeon|[spread] p2a,p2b\n|-damage|p2a: Espeon|24\/100\n|-damage|p2b: Illumise|59\/100\n|-enditem|p2b: Illumise|Air Balloon\n|-enditem|p1b: Toxtricity|Throat Spray\n|-boost|p1b: Toxtricity|spa|1|[from] item: Throat Spray\n|\n|-damage|p1a: Zeraora|88\/100|[from] item: Black Sludge\n|upkeep\n|turn|2\n|inactive|Brick_Enjoyer_144 has 120 seconds left.\n|\n|t:|1697775060\n|move|p1a: Zeraora|Plasma Fists|p2a: Espeon\n|-damage|p2a: Espeon|0 fnt\n|-fieldactivate|move: Ion Deluge\n|-hint|Normal-type moves become Electric-type after using Plasma Fists.\n|faint|p2a: Espeon\n|move|p2b: Illumise|Seismic Toss|p1a: Zeraora\n|-damage|p1a: Zeraora|58\/100\n|move|p1b: Toxtricity|Boomburst|p2b: Illumise|[spread] p2b\n|-heal|p1a: Zeraora|83\/100|[from] ability: Volt Absorb|[of] p1b: Toxtricity\n|-damage|p2b: Illumise|0 fnt\n|faint|p2b: Illumise\n|\n|-damage|p1a: Zeraora|71\/100|[from] item: Black Sludge\n|upkeep\n|inactive|Brick_Enjoyer_144 has 120 seconds left.\n|\n|t:|1697775079\n|switch|p2a: Heatran|Heatran, M|100\/100\n|switch|p2b: Gallade|Gallade, M|100\/100\n|turn|3\n|\n|t:|1697775088\n|move|p2a: Heatran|Protect|p2a: Heatran\n|-singleturn|p2a: Heatran|Protect\n|move|p1a: Zeraora|Plasma Fists|p2b: Gallade\n|-damage|p2b: Gallade|22\/100\n|-fieldactivate|move: Ion Deluge\n|-hint|Normal-type moves become Electric-type after using Plasma Fists.\n|move|p2b: Gallade|Agility|p2b: Gallade\n|-boost|p2b: Gallade|spe|2\n|move|p1b: Toxtricity|Boomburst|p2a: Heatran|[spread] p2b\n|-activate|p2a: Heatran|move: Protect\n|-heal|p1a: Zeraora|96\/100|[from] ability: Volt Absorb|[of] p1b: Toxtricity\n|-damage|p2b: Gallade|0 fnt\n|faint|p2b: Gallade\n|\n|-damage|p1a: Zeraora|83\/100|[from] item: Black Sludge\n|upkeep\n|\n|t:|1697775103\n|switch|p2b: Urshifu|Urshifu-Rapid-Strike, F|100\/100\n|turn|4\n|\n|t:|1697775118\n|move|p1a: Zeraora|Plasma Fists|p2a: Heatran\n|-damage|p2a: Heatran|58\/100\n|-fieldactivate|move: Ion Deluge\n|-hint|Normal-type moves become Electric-type after using Plasma Fists.\n|move|p2b: Urshifu|Surging Strikes|p1a: Zeraora\n|-crit|p1a: Zeraora\n|-damage|p1a: Zeraora|45\/100\n|-crit|p1a: Zeraora\n|-damage|p1a: Zeraora|8\/100\n|-crit|p1a: Zeraora\n|-damage|p1a: Zeraora|0 fnt\n|faint|p1a: Zeraora\n|-hitcount|p1: Zeraora|3\n|move|p2a: Heatran|Magma Storm|p1b: Toxtricity|[miss]\n|-miss|p2a: Heatran|p1b: Toxtricity\n|move|p1b: Toxtricity|Boomburst|p2a: Heatran|[spread] p2a,p2b\n|-supereffective|p2b: Urshifu\n|-damage|p2a: Heatran|4\/100\n|-damage|p2b: Urshifu|0 fnt\n|faint|p2b: Urshifu\n|\n|-heal|p2a: Heatran|10\/100|[from] item: Leftovers\n|upkeep\n|\n|t:|1697775141\n|switch|p1a: Pachirisu|Pachirisu, F|100\/100\n|switch|p2b: Ogerpon|Ogerpon-Hearthflame, F|100\/100\n|-ability|p2b: Ogerpon|Mold Breaker\n|turn|5\n|\n|t:|1697775156\n|move|p2a: Heatran|Protect|p2a: Heatran\n|-singleturn|p2a: Heatran|Protect\n|move|p1a: Pachirisu|Follow Me|p1a: Pachirisu\n|-singleturn|p1a: Pachirisu|move: Follow Me\n|move|p2b: Ogerpon|Swords Dance|p2b: Ogerpon\n|-boost|p2b: Ogerpon|atk|2\n|move|p1b: Toxtricity|Overdrive|p2b: Ogerpon|[spread] p2b\n|-activate|p2a: Heatran|move: Protect\n|-resisted|p2b: Ogerpon\n|-damage|p2b: Ogerpon|69\/100\n|\n|-heal|p2a: Heatran|16\/100|[from] item: Leftovers\n|upkeep\n|turn|6\n|\n|t:|1697775184\n|move|p1a: Pachirisu|Follow Me|p1a: Pachirisu\n|-singleturn|p1a: Pachirisu|move: Follow Me\n|move|p2b: Ogerpon|Horn Leech|p1a: Pachirisu\n|-damage|p1a: Pachirisu|6\/100\n|-heal|p2b: Ogerpon|100\/100|[from] drain|[of] p1a: Pachirisu\n|-enditem|p1a: Pachirisu|Sitrus Berry|[eat]\n|-heal|p1a: Pachirisu|31\/100|[from] item: Sitrus Berry\n|move|p2a: Heatran|Magma Storm|p1a: Pachirisu|[miss]\n|-miss|p2a: Heatran|p1a: Pachirisu\n|move|p1b: Toxtricity|Boomburst|p2a: Heatran|[spread] p1a,p2a,p2b\n|-resisted|p2a: Heatran\n|-damage|p1a: Pachirisu|0 fnt\n|-damage|p2a: Heatran|0 fnt\n|-damage|p2b: Ogerpon|23\/100\n|faint|p1a: Pachirisu\n|faint|p2a: Heatran\n|\n|upkeep\n|inactive|whoopimadeamistake has 120 seconds left.\n|\n|t:|1697775197\n|switch|p1a: Scream Tail|Scream Tail|100\/100\n|turn|7\n|\n|t:|1697775204\n|move|p2b: Ogerpon|Horn Leech|p1a: Scream Tail\n|-damage|p1a: Scream Tail|51\/100\n|-heal|p2b: Ogerpon|59\/100|[from] drain|[of] p1a: Scream Tail\n|move|p1a: Scream Tail|Perish Song|p1a: Scream Tail\n|-start|p1a: Scream Tail|perish3|[silent]\n|-start|p1b: Toxtricity|perish3|[silent]\n|-start|p2b: Ogerpon|perish3|[silent]\n|-fieldactivate|move: Perish Song\n|move|p1b: Toxtricity|Boomburst|p2b: Ogerpon|[spread] p1a,p2b\n|-damage|p1a: Scream Tail|4\/100\n|-damage|p2b: Ogerpon|0 fnt\n|faint|p2b: Ogerpon\n|\n|win|whoopimadeamistake\n|raw|whoopimadeamistake's rating: 1192 &rarr; <strong>1209<\/strong><br \/>(+17 for winning)\n|raw|Brick_Enjoyer_144's rating: 1076 &rarr; <strong>1061<\/strong><br \/>(-15 for losing)\n|c|\u2606whoopimadeamistake|gg\n","uploadtime":1697775213,"views":5,"p1id":"whoopimadeamistake","p2id":"brickenjoyer144","formatid":"gen9nationaldexdoubles","rating":1061,"private":0,"password":""}