{"id":"gen9nationaldexdoubles-1990018704","p1":"Shiny_Hero64","p2":"Mirzzza","format":"[Gen 9] National Dex Doubles","log":"|j|\u2606Shiny_Hero64\n|j|\u2606Mirzzza\n|t:|1699915914\n|gametype|doubles\n|player|p1|Shiny_Hero64|steven|1258\n|player|p2|Mirzzza|saturn|1433\n|teamsize|p1|6\n|teamsize|p2|6\n|gen|9\n|tier|[Gen 9] National Dex Doubles\n|rated|\n|rule|HP Percentage Mod: HP is shown in percentages\n|rule|Endless Battle Clause: Forcing endless battles is banned\n|rule|OHKO Clause: OHKO moves are banned\n|rule|Evasion Moves Clause: Evasion moves are banned\n|rule|Evasion Abilities Clause: Evasion abilities are banned\n|rule|Species Clause: Limit one of each Pok\u00e9mon\n|rule|Gravity Sleep Clause: The combination of sleep-inducing moves with imperfect accuracy and Gravity or Gigantamax Orbeetle are banned\n|clearpoke\n|poke|p1|Indeedee-F, F|\n|poke|p1|Ogerpon-Wellspring, F|\n|poke|p1|Chien-Pao|\n|poke|p1|Alakazam, F|\n|poke|p1|Sneasler, F|\n|poke|p1|Iron Bundle|\n|poke|p2|Incineroar, M|\n|poke|p2|Gastrodon-East, M|\n|poke|p2|Rillaboom, M|\n|poke|p2|Zygarde|\n|poke|p2|Amoonguss, M|\n|poke|p2|Chien-Pao|\n|teampreview\n|inactive|Battle timer is ON: inactive players will automatically lose when time's up. (requested by Mirzzza)\n|inactive|Shiny_Hero64 has 120 seconds left.\n|inactive|Mirzzza has 120 seconds left.\n|\n|t:|1699915954\n|start\n|switch|p1a: Iron Bundle|Iron Bundle|100\/100\n|switch|p1b: Ogerpon|Ogerpon-Wellspring, F|100\/100\n|switch|p2a: Chien-Pao|Chien-Pao|100\/100\n|switch|p2b: Incineroar|Incineroar, M, shiny|100\/100\n|-ability|p2a: Chien-Pao|Sword of Ruin\n|-ability|p2b: Incineroar|Intimidate|boost\n|-unboost|p1a: Iron Bundle|atk|1\n|-unboost|p1b: Ogerpon|atk|1\n|-enditem|p1a: Iron Bundle|Booster Energy\n|-activate|p1a: Iron Bundle|ability: Quark Drive|[fromitem]\n|-start|p1a: Iron Bundle|quarkdrivespe\n|turn|1\n|\n|t:|1699915970\n|switch|p2a: Gastrodon|Gastrodon-East, M, shiny|100\/100\n|move|p1a: Iron Bundle|Protect|p1a: Iron Bundle\n|-singleturn|p1a: Iron Bundle|Protect\n|move|p1b: Ogerpon|Spiky Shield|p1b: Ogerpon\n|-singleturn|p1b: Ogerpon|move: Protect\n|move|p2b: Incineroar|Knock Off|p1a: Iron Bundle\n|-activate|p1a: Iron Bundle|move: Protect\n|\n|upkeep\n|turn|2\n|\n|t:|1699915985\n|move|p2a: Gastrodon|Protect|p2a: Gastrodon\n|-singleturn|p2a: Gastrodon|Protect\n|move|p1a: Iron Bundle|Freeze-Dry|p2a: Gastrodon\n|-activate|p2a: Gastrodon|move: Protect\n|move|p1b: Ogerpon|Ivy Cudgel|p2a: Gastrodon\n|-activate|p2a: Gastrodon|ability: Storm Drain\n|-activate|p2a: Gastrodon|move: Protect\n|move|p2b: Incineroar|Knock Off|p1a: Iron Bundle\n|-damage|p1a: Iron Bundle|57\/100\n|\n|upkeep\n|turn|3\n|\n|t:|1699916003\n|-terastallize|p2a: Gastrodon|Fire\n|move|p1b: Ogerpon|Follow Me|p1b: Ogerpon\n|-singleturn|p1b: Ogerpon|move: Follow Me\n|move|p1a: Iron Bundle|Freeze-Dry|p2a: Gastrodon\n|-resisted|p2a: Gastrodon\n|-damage|p2a: Gastrodon|84\/100\n|move|p2b: Incineroar|Knock Off|p1b: Ogerpon\n|-damage|p1b: Ogerpon|58\/100\n|move|p2a: Gastrodon|Earth Power|p1b: Ogerpon\n|-resisted|p1b: Ogerpon\n|-damage|p1b: Ogerpon|37\/100\n|\n|-heal|p2a: Gastrodon|90\/100|[from] item: Leftovers\n|upkeep\n|turn|4\n|\n|t:|1699916029\n|-end|p1a: Iron Bundle|Quark Drive|[silent]\n|switch|p1a: Alakazam|Alakazam, F|100\/100\n|switch|p1b: Indeedee|Indeedee-F, F|100\/100\n|-fieldstart|move: Psychic Terrain|[from] ability: Psychic Surge|[of] p1b: Indeedee\n|move|p2b: Incineroar|Flare Blitz|p1a: Alakazam\n|-damage|p1a: Alakazam|0 fnt\n|faint|p1a: Alakazam\n|-damage|p2b: Incineroar|79\/100|[from] Recoil\n|move|p2a: Gastrodon|Ice Beam|p1b: Indeedee\n|-damage|p1b: Indeedee|85\/100\n|\n|-heal|p2a: Gastrodon|97\/100|[from] item: Leftovers\n|upkeep\n|\n|t:|1699916033\n|switch|p1a: Sneasler|Sneasler, F|100\/100\n|-enditem|p1a: Sneasler|Psychic Seed\n|-boost|p1a: Sneasler|spd|1|[from] item: Psychic Seed\n|turn|5\n|\n|t:|1699916047\n|switch|p2b: Rillaboom|Rillaboom, M|100\/100\n|-fieldstart|move: Grassy Terrain|[from] ability: Grassy Surge|[of] p2b: Rillaboom\n|move|p2a: Gastrodon|Protect|p2a: Gastrodon\n|-singleturn|p2a: Gastrodon|Protect\n|move|p1a: Sneasler|Close Combat|p2b: Rillaboom\n|-damage|p2b: Rillaboom|30\/100\n|-unboost|p1a: Sneasler|def|1\n|-unboost|p1a: Sneasler|spd|1\n|move|p1b: Indeedee|Expanding Force|p2a: Gastrodon\n|-activate|p2a: Gastrodon|move: Protect\n|\n|-heal|p2b: Rillaboom|36\/100|[from] Grassy Terrain\n|-heal|p1b: Indeedee|91\/100|[from] Grassy Terrain\n|-heal|p2a: Gastrodon|100\/100|[from] Grassy Terrain\n|upkeep\n|turn|6\n|\n|t:|1699916065\n|switch|p1b: Ogerpon|Ogerpon-Wellspring, F|37\/100\n|move|p1a: Sneasler|Protect|p1a: Sneasler\n|-singleturn|p1a: Sneasler|Protect\n|move|p2b: Rillaboom|Fake Out|p1a: Sneasler\n|-activate|p1a: Sneasler|move: Protect\n|move|p2a: Gastrodon|Earth Power|p1a: Sneasler\n|-activate|p1a: Sneasler|move: Protect\n|\n|-heal|p1b: Ogerpon|43\/100|[from] Grassy Terrain\n|-heal|p2b: Rillaboom|43\/100|[from] Grassy Terrain\n|upkeep\n|turn|7\n|\n|t:|1699916081\n|switch|p2b: Incineroar|Incineroar, M, shiny|79\/100\n|-ability|p2b: Incineroar|Intimidate|boost\n|-unboost|p1a: Sneasler|atk|1\n|-unboost|p1b: Ogerpon|atk|1\n|move|p2a: Gastrodon|Protect|p2a: Gastrodon\n|-singleturn|p2a: Gastrodon|Protect\n|move|p1b: Ogerpon|Follow Me|p1b: Ogerpon\n|-singleturn|p1b: Ogerpon|move: Follow Me\n|move|p1a: Sneasler|Dire Claw|p2b: Incineroar\n|-damage|p2b: Incineroar|48\/100\n|\n|-heal|p1b: Ogerpon|49\/100|[from] Grassy Terrain\n|-heal|p2b: Incineroar|54\/100|[from] Grassy Terrain\n|upkeep\n|turn|8\n|inactive|Shiny_Hero64 has 120 seconds left.\n|\n|t:|1699916124\n|switch|p2b: Amoonguss|Amoonguss, M|100\/100\n|move|p1b: Ogerpon|Spiky Shield|p1b: Ogerpon\n|-singleturn|p1b: Ogerpon|move: Protect\n|move|p1a: Sneasler|Close Combat|p2b: Amoonguss\n|-resisted|p2b: Amoonguss\n|-damage|p2b: Amoonguss|81\/100\n|-unboost|p1a: Sneasler|def|1\n|-unboost|p1a: Sneasler|spd|1\n|move|p2a: Gastrodon|Muddy Water|p1a: Sneasler|[spread] p1a\n|-activate|p1b: Ogerpon|move: Protect\n|-damage|p1a: Sneasler|49\/100\n|\n|-heal|p1a: Sneasler|55\/100|[from] Grassy Terrain\n|-heal|p1b: Ogerpon|55\/100|[from] Grassy Terrain\n|-heal|p2b: Amoonguss|87\/100|[from] Grassy Terrain\n|-heal|p2b: Amoonguss|94\/100|[from] item: Leftovers\n|upkeep\n|turn|9\n|\n|t:|1699916143\n|switch|p2b: Incineroar|Incineroar, M, shiny|54\/100\n|-ability|p2b: Incineroar|Intimidate|boost\n|-unboost|p1a: Sneasler|atk|1\n|-unboost|p1b: Ogerpon|atk|1\n|move|p1b: Ogerpon|Follow Me|p1b: Ogerpon\n|-singleturn|p1b: Ogerpon|move: Follow Me\n|move|p1a: Sneasler|Acrobatics|p2b: Incineroar\n|-damage|p2b: Incineroar|35\/100\n|move|p2a: Gastrodon|Muddy Water|p1a: Sneasler|[spread] p1a\n|-heal|p1b: Ogerpon|80\/100|[from] ability: Water Absorb|[of] p2a: Gastrodon\n|-damage|p1a: Sneasler|0 fnt\n|faint|p1a: Sneasler\n|\n|-heal|p1b: Ogerpon|86\/100|[from] Grassy Terrain\n|-heal|p2b: Incineroar|41\/100|[from] Grassy Terrain\n|-fieldend|move: Grassy Terrain\n|upkeep\n|\n|t:|1699916150\n|switch|p1a: Chien-Pao|Chien-Pao|100\/100\n|-ability|p1a: Chien-Pao|Sword of Ruin\n|turn|10\n|\n|t:|1699916175\n|switch|p2b: Amoonguss|Amoonguss, M|100\/100\n|move|p2a: Gastrodon|Protect|p2a: Gastrodon\n|-singleturn|p2a: Gastrodon|Protect\n|-zpower|p1a: Chien-Pao\n|move|p1a: Chien-Pao|Black Hole Eclipse|p2a: Gastrodon|[zeffect]\n|-zbroken|p2a: Gastrodon\n|-damage|p2a: Gastrodon|75\/100\n|move|p1b: Ogerpon|Ivy Cudgel|p2a: Gastrodon\n|-activate|p2a: Gastrodon|ability: Storm Drain\n|-activate|p2a: Gastrodon|move: Protect\n|\n|-heal|p2a: Gastrodon|81\/100|[from] item: Leftovers\n|upkeep\n|turn|11\n|-message|Shiny_Hero64 forfeited.\n|\n|win|Mirzzza\n|raw|Shiny_Hero64's rating: 1258 &rarr; <strong>1245<\/strong><br \/>(-13 for losing)\n|raw|Mirzzza's rating: 1433 &rarr; <strong>1444<\/strong><br \/>(+11 for winning)\n|l|\u2606Shiny_Hero64\n","uploadtime":1699916194,"views":5,"p1id":"shinyhero64","p2id":"mirzzza","formatid":"gen9nationaldexdoubles","rating":1245,"private":0,"password":""}