{"id":"gen9nationaldexdoubles-1969859994","p1":"kjb kjb jb","p2":"ManOfFries","format":"[Gen 9] National Dex Doubles","log":"|j|\u2606kjb kjb jb\n|j|\u2606ManOfFries\n|t:|1697571007\n|gametype|doubles\n|player|p1|kjb kjb jb|lucas|1000\n|player|p2|ManOfFries|benga|1103\n|teamsize|p1|6\n|teamsize|p2|6\n|gen|9\n|tier|[Gen 9] National Dex Doubles\n|rated|\n|rule|HP Percentage Mod: HP is shown in percentages\n|rule|Endless Battle Clause: Forcing endless battles is banned\n|rule|OHKO Clause: OHKO moves are banned\n|rule|Evasion Moves Clause: Evasion moves are banned\n|rule|Evasion Abilities Clause: Evasion abilities are banned\n|rule|Species Clause: Limit one of each Pok\u00e9mon\n|rule|Gravity Sleep Clause: The combination of sleep-inducing moves with imperfect accuracy and Gravity or Gigantamax Orbeetle are banned\n|clearpoke\n|poke|p1|Indeedee-F, F|\n|poke|p1|Oranguru, M|\n|poke|p1|Glastrier|\n|poke|p1|Hoopa-Unbound|\n|poke|p1|Ursaluna, M|\n|poke|p1|Zygarde|\n|poke|p2|Lucario, M|\n|poke|p2|Infernape, M|\n|poke|p2|Electivire, M|\n|poke|p2|Roserade, F|\n|poke|p2|Garchomp, M|\n|poke|p2|Togekiss, F|\n|teampreview\n|\n|t:|1697571014\n|start\n|switch|p1a: Hoopa|Hoopa-Unbound|100\/100\n|switch|p1b: Zygarde|Zygarde|100\/100\n|switch|p2a: Roserade|Roserade, F|100\/100\n|switch|p2b: Togekiss|Togekiss, F|100\/100\n|-ability|p1b: Zygarde|Aura Break\n|turn|1\n|\n|t:|1697571040\n|move|p2a: Roserade|Giga Drain|p1a: Hoopa\n|-damage|p1a: Hoopa|71\/100\n|move|p2b: Togekiss|Dazzling Gleam|p1b: Zygarde|[spread] p1a,p1b\n|-supereffective|p1a: Hoopa\n|-supereffective|p1b: Zygarde\n|-damage|p1a: Hoopa|29\/100\n|-damage|p1b: Zygarde|64\/100\n|cant|p1b: Zygarde|flinch\n|move|p1a: Hoopa|Trick Room|p1a: Hoopa\n|-fieldstart|move: Trick Room|[of] p1a: Hoopa\n|-enditem|p1b: Zygarde|Room Service\n|-unboost|p1b: Zygarde|spe|1|[from] item: Room Service\n|-enditem|p1a: Hoopa|Room Service\n|-unboost|p1a: Hoopa|spe|1|[from] item: Room Service\n|\n|upkeep\n|turn|2\n|\n|t:|1697571061\n|move|p1a: Hoopa|Psyshock|p2a: Roserade\n|-supereffective|p2a: Roserade\n|-damage|p2a: Roserade|0 fnt\n|faint|p2a: Roserade\n|move|p1b: Zygarde|Coil|p1b: Zygarde\n|-boost|p1b: Zygarde|atk|1\n|-boost|p1b: Zygarde|def|1\n|-boost|p1b: Zygarde|accuracy|1\n|move|p2b: Togekiss|Dazzling Gleam|p1b: Zygarde|[spread] p1a,p1b\n|-supereffective|p1a: Hoopa\n|-supereffective|p1b: Zygarde\n|-damage|p1a: Hoopa|0 fnt\n|-damage|p1b: Zygarde|31\/100\n|faint|p1a: Hoopa\n|\n|upkeep\n|\n|t:|1697571082\n|switch|p1a: Glastrier|Glastrier|100\/100\n|switch|p2a: Lucario|Lucario, M|100\/100\n|turn|3\n|\n|t:|1697571094\n|detailschange|p2a: Lucario|Lucario-Mega, M\n|-mega|p2a: Lucario|Lucario|Lucarionite\n|move|p2a: Lucario|Bullet Punch|p1b: Zygarde\n|-damage|p1b: Zygarde|18\/100\n|move|p1a: Glastrier|Icicle Spear|p2b: Togekiss\n|-supereffective|p2b: Togekiss\n|-damage|p2b: Togekiss|64\/100\n|-supereffective|p2b: Togekiss\n|-damage|p2b: Togekiss|28\/100\n|-supereffective|p2b: Togekiss\n|-damage|p2b: Togekiss|0 fnt\n|faint|p2b: Togekiss\n|-ability|p1a: Glastrier|Chilling Neigh|boost\n|-boost|p1a: Glastrier|atk|1\n|-hitcount|p2: Togekiss|3\n|move|p1b: Zygarde|Thousand Arrows|p2a: Lucario\n|-supereffective|p2a: Lucario\n|-damage|p2a: Lucario|0 fnt\n|faint|p2a: Lucario\n|\n|upkeep\n|inactive|Battle timer is ON: inactive players will automatically lose when time's up. (requested by kjb kjb jb)\n|\n|t:|1697571105\n|switch|p2b: Garchomp|Garchomp, M|100\/100\n|switch|p2a: Electivire|Electivire, M|100\/100\n|turn|4\n|\n|t:|1697571118\n|move|p1a: Glastrier|Icicle Spear|p2b: Garchomp\n|-supereffective|p2b: Garchomp\n|-damage|p2b: Garchomp|2\/100\n|-supereffective|p2b: Garchomp\n|-damage|p2b: Garchomp|0 fnt\n|faint|p2b: Garchomp\n|-ability|p1a: Glastrier|Chilling Neigh|boost\n|-boost|p1a: Glastrier|atk|1\n|-hitcount|p2: Garchomp|2\n|move|p1b: Zygarde|Thousand Arrows|p2a: Electivire\n|-supereffective|p2a: Electivire\n|-damage|p2a: Electivire|0 fnt\n|faint|p2a: Electivire\n|\n|upkeep\n|\n|t:|1697571129\n|switch|p2b: Infernape|Infernape, M|100\/100\n|turn|5\n|\n|t:|1697571138\n|move|p1a: Glastrier|Icicle Spear|p2b: Infernape\n|-resisted|p2b: Infernape\n|-damage|p2b: Infernape|77\/100\n|-resisted|p2b: Infernape\n|-damage|p2b: Infernape|54\/100\n|-resisted|p2b: Infernape\n|-damage|p2b: Infernape|31\/100\n|-resisted|p2b: Infernape\n|-damage|p2b: Infernape|9\/100\n|-hitcount|p2b: Infernape|4\n|move|p1b: Zygarde|Thousand Arrows|p2b: Infernape\n|-supereffective|p2b: Infernape\n|-damage|p2b: Infernape|0 fnt\n|faint|p2b: Infernape\n|\n|win|kjb kjb jb\n|raw|kjb kjb jb's rating: 1000 &rarr; <strong>1052<\/strong><br \/>(+52 for winning)\n|raw|ManOfFries's rating: 1103 &rarr; <strong>1071<\/strong><br \/>(-32 for losing)\n|l|\u2606ManOfFries\n","uploadtime":1697571149,"views":6,"p1id":"kjbkjbjb","p2id":"manoffries","formatid":"gen9nationaldexdoubles","rating":1052,"private":0,"password":""}