{"id":"gen9nationaldexdoubles-1973744225","p1":"2wb","p2":"Leonarth5","format":"[Gen 9] National Dex Doubles","log":"|j|\u26062wb\n|j|\u2606Leonarth5\n|t:|1698009036\n|gametype|doubles\n|player|p1|2wb|backersf|\n|player|p2|Leonarth5|acetrainersnowf|\n|teamsize|p1|6\n|teamsize|p2|6\n|gen|9\n|tier|[Gen 9] National Dex Doubles\n|rule|HP Percentage Mod: HP is shown in percentages\n|rule|Endless Battle Clause: Forcing endless battles is banned\n|rule|OHKO Clause: OHKO moves are banned\n|rule|Evasion Moves Clause: Evasion moves are banned\n|rule|Evasion Abilities Clause: Evasion abilities are banned\n|rule|Species Clause: Limit one of each Pok\u00e9mon\n|rule|Gravity Sleep Clause: The combination of sleep-inducing moves with imperfect accuracy and Gravity or Gigantamax Orbeetle are banned\n|clearpoke\n|poke|p1|Regieleki|\n|poke|p1|Roaring Moon|\n|poke|p1|Walking Wake|\n|poke|p1|Tornadus-Therian, M|\n|poke|p1|Ninetales, F|\n|poke|p1|Heatran, M|\n|poke|p2|Muk-Alola, F|\n|poke|p2|Azumarill, F|\n|poke|p2|Cresselia, F|\n|poke|p2|Ditto|\n|poke|p2|Landorus, M|\n|poke|p2|Meowscarada, F|\n|teampreview\n|j| SgtSmilies\n|j| Datagne\n|\n|t:|1698009072\n|start\n|switch|p1a: Fate*497|Regieleki|100\/100\n|switch|p1b: Nitekill|Ninetales, F, shiny|100\/100\n|switch|p2a: Azumarill|Azumarill, F|100\/100\n|switch|p2b: Cresselia|Cresselia, F|100\/100\n|-weather|SunnyDay|[from] ability: Drought|[of] p1b: Nitekill\n|turn|1\n|\n|t:|1698009125\n|-terastallize|p2a: Azumarill|Fairy\n|move|p1a: Fate*497|Thunder Wave|p2b: Cresselia|[miss]\n|-miss|p1a: Fate*497|p2b: Cresselia\n|move|p1b: Nitekill|Solar Beam||[still]\n|-prepare|p1b: Nitekill|Solar Beam\n|-anim|p1b: Nitekill|Solar Beam|p2a: Azumarill\n|-damage|p2a: Azumarill|75\/100\n|move|p2a: Azumarill|Play Rough|p1b: Nitekill\n|-resisted|p1b: Nitekill\n|-damage|p1b: Nitekill|35\/100\n|move|p2b: Cresselia|Trick Room|p2b: Cresselia\n|-fieldstart|move: Trick Room|[of] p2b: Cresselia\n|\n|-weather|SunnyDay|[upkeep]\n|upkeep\n|turn|2\n|\n|t:|1698009153\n|move|p2a: Azumarill|Play Rough|p1a: Fate*497\n|-damage|p1a: Fate*497|0 fnt\n|faint|p1a: Fate*497\n|move|p2b: Cresselia|Light Screen|p2b: Cresselia\n|-sidestart|p2: Leonarth5|move: Light Screen\n|move|p1b: Nitekill|Heat Wave|p2b: Cresselia|[spread] p2a,p2b\n|-damage|p2a: Azumarill|55\/100\n|-damage|p2b: Cresselia|90\/100\n|\n|-weather|SunnyDay|[upkeep]\n|-heal|p2b: Cresselia|96\/100|[from] item: Leftovers\n|upkeep\n|j| Relleth\n|\n|t:|1698009173\n|switch|p1a: Seventh Fonon|Walking Wake|100\/100\n|-activate|p1a: Seventh Fonon|ability: Protosynthesis\n|-start|p1a: Seventh Fonon|protosynthesisspe\n|turn|3\n|\n|t:|1698009206\n|switch|p2b: Ditto|Ditto, shiny|100\/100\n|-transform|p2b: Ditto|p1a: Seventh Fonon|[from] ability: Imposter\n|switch|p1b: Huiverig Onweer|Tornadus-Therian, M|100\/100\n|move|p2a: Azumarill|Play Rough|p1a: Seventh Fonon\n|-supereffective|p1a: Seventh Fonon\n|-damage|p1a: Seventh Fonon|0 fnt\n|faint|p1a: Seventh Fonon\n|-end|p1a: Seventh Fonon|Protosynthesis|[silent]\n|\n|-weather|SunnyDay|[upkeep]\n|upkeep\n|\n|t:|1698009228\n|switch|p1a: Salmon|Roaring Moon|100\/100\n|-activate|p1a: Salmon|ability: Protosynthesis\n|-start|p1a: Salmon|protosynthesisspe\n|turn|4\n|\n|t:|1698009251\n|move|p2a: Azumarill|Play Rough|p1a: Salmon\n|-supereffective|p1a: Salmon\n|-damage|p1a: Salmon|0 fnt\n|faint|p1a: Salmon\n|-end|p1a: Salmon|Protosynthesis|[silent]\n|move|p1b: Huiverig Onweer|Bleakwind Storm|p2b: Ditto|[spread] p2a,p2b\n|-damage|p2a: Azumarill|19\/100\n|-damage|p2b: Ditto|54\/100\n|-damage|p1b: Huiverig Onweer|91\/100|[from] item: Life Orb\n|move|p2b: Ditto|Hydro Steam|p1b: Huiverig Onweer\n|-damage|p1b: Huiverig Onweer|10\/100\n|\n|-weather|SunnyDay|[upkeep]\n|upkeep\n|\n|t:|1698009264\n|switch|p1a: His Back|Heatran, M|100\/100\n|turn|5\n|c|\u26062wb|wait i'm dumb as fuck\n|\n|t:|1698009300\n|switch|p1b: Nitekill|Ninetales, F, shiny|35\/100\n|-end|p2b: Ditto|Protosynthesis|[silent]\n|switch|p2b: Muk|Muk-Alola, F, shiny|100\/100\n|move|p2a: Azumarill|Play Rough|p1b: Nitekill\n|-resisted|p1b: Nitekill\n|-damage|p1b: Nitekill|0 fnt\n|faint|p1b: Nitekill\n|move|p1a: His Back|Flash Cannon|p2a: Azumarill\n|-supereffective|p2a: Azumarill\n|-damage|p2a: Azumarill|0 fnt\n|faint|p2a: Azumarill\n|-ability|p2b: Muk|Huge Power|[from] ability: Power of Alchemy|[of] p2a: Azumarill\n|\n|-weather|SunnyDay|[upkeep]\n|-fieldend|move: Trick Room\n|upkeep\n|\n|t:|1698009316\n|switch|p1b: Huiverig Onweer|Tornadus-Therian, M|43\/100\n|switch|p2a: Landorus|Landorus, M|100\/100\n|turn|6\n|\n|t:|1698009361\n|-terastallize|p1b: Huiverig Onweer|Flying\n|move|p1b: Huiverig Onweer|Bleakwind Storm|p2b: Muk|[spread] p2b\n|-miss|p1b: Huiverig Onweer|p2a: Landorus\n|-damage|p2b: Muk|78\/100\n|-damage|p1b: Huiverig Onweer|34\/100|[from] item: Life Orb\n|move|p2a: Landorus|Earth Power|p1a: His Back\n|-supereffective|p1a: His Back\n|-damage|p1a: His Back|0 fnt\n|faint|p1a: His Back\n|move|p2b: Muk|Knock Off|p1b: Huiverig Onweer\n|-damage|p1b: Huiverig Onweer|0 fnt\n|-enditem|p1b: Huiverig Onweer|Life Orb|[from] move: Knock Off|[of] p2b: Muk\n|faint|p1b: Huiverig Onweer\n|\n|win|Leonarth5\n|c|\u26062wb|nicenice\n","uploadtime":1698009376,"views":15,"p1id":"2wb","p2id":"leonarth5","formatid":"gen9nationaldexdoubles","rating":0,"private":0,"password":""}