{"id":"gen9nationaldexdoubles-1959649790","p1":"icybro12","p2":"unknown11111111","format":"[Gen 9] National Dex Doubles","log":"|j|\u2606icybro12\n|j|\u2606unknown11111111\n|t:|1696444100\n|gametype|doubles\n|player|p1|icybro12|psychic|1235\n|player|p2|unknown11111111|102|1468\n|teamsize|p1|6\n|teamsize|p2|6\n|gen|9\n|tier|[Gen 9] National Dex Doubles\n|rated|\n|rule|HP Percentage Mod: HP is shown in percentages\n|rule|Endless Battle Clause: Forcing endless battles is banned\n|rule|OHKO Clause: OHKO moves are banned\n|rule|Evasion Moves Clause: Evasion moves are banned\n|rule|Evasion Abilities Clause: Evasion abilities are banned\n|rule|Species Clause: Limit one of each Pok\u00e9mon\n|rule|Gravity Sleep Clause: The combination of sleep-inducing moves with imperfect accuracy and Gravity or Gigantamax Orbeetle are banned\n|clearpoke\n|poke|p1|Vanilluxe, M|\n|poke|p1|Sandslash-Alola, M|\n|poke|p1|Abomasnow, M|\n|poke|p1|Beartic, M|\n|poke|p1|Cetitan, F|\n|poke|p1|Walrein, M|\n|poke|p2|Politoed, M|\n|poke|p2|Walking Wake|\n|poke|p2|Scizor, M|\n|poke|p2|Rillaboom, F|\n|poke|p2|Gothitelle, F|\n|poke|p2|Landorus-Therian, M|\n|teampreview\n|inactive|Battle timer is ON: inactive players will automatically lose when time's up. (requested by unknown11111111)\n|inactive|icybro12 has 120 seconds left.\n|inactive|icybro12 has 90 seconds left.\n|\n|t:|1696444227\n|start\n|switch|p1a: Abomasnow|Abomasnow, M|100\/100\n|switch|p1b: Sandslash|Sandslash-Alola, M|100\/100\n|switch|p2a: Scizor|Scizor, M|100\/100\n|switch|p2b: Gothitelle|Gothitelle, F|100\/100\n|-weather|Snow|[from] ability: Snow Warning|[of] p1a: Abomasnow\n|turn|1\n|\n|t:|1696444242\n|detailschange|p2a: Scizor|Scizor-Mega, M\n|-mega|p2a: Scizor|Scizor|Scizorite\n|move|p2b: Gothitelle|Fake Out|p1a: Abomasnow\n|-damage|p1a: Abomasnow|96\/100\n|move|p2a: Scizor|Bullet Punch|p1a: Abomasnow\n|-supereffective|p1a: Abomasnow\n|-damage|p1a: Abomasnow|38\/100\n|move|p1b: Sandslash|Drill Run|p2a: Scizor\n|-damage|p2a: Scizor|70\/100\n|cant|p1a: Abomasnow|flinch\n|\n|-weather|Snow|[upkeep]\n|upkeep\n|turn|2\n|inactive|icybro12 has 120 seconds left.\n|inactive|icybro12 has 90 seconds left.\n|inactive|icybro12 has 60 seconds left.\n|\n|t:|1696444333\n|move|p1b: Sandslash|Drill Run|p2a: Scizor\n|-damage|p2a: Scizor|40\/100\n|move|p2a: Scizor|U-turn|p1a: Abomasnow\n|-supereffective|p1a: Abomasnow\n|-damage|p1a: Abomasnow|0 fnt\n|faint|p1a: Abomasnow\n|\n|t:|1696444342\n|switch|p2a: Politoed|Politoed, M|100\/100|[from] U-turn\n|-weather|RainDance|[from] ability: Drizzle|[of] p2a: Politoed\n|move|p2b: Gothitelle|Heal Pulse|p2a: Politoed\n|-fail|p2a: Politoed|heal\n|\n|-weather|RainDance|[upkeep]\n|upkeep\n|inactive|icybro12 has 60 seconds left.\n|\n|t:|1696444364\n|switch|p1a: Vanilluxe|Vanilluxe, M|100\/100\n|-weather|Snow|[from] ability: Snow Warning|[of] p1a: Vanilluxe\n|turn|3\n|inactive|icybro12 has 60 seconds left.\n|\n|t:|1696444386\n|move|p1b: Sandslash|Drill Run|p2a: Politoed\n|-damage|p2a: Politoed|71\/100\n|move|p1a: Vanilluxe|Blizzard|p2b: Gothitelle|[spread] p2a,p2b\n|-resisted|p2a: Politoed\n|-damage|p2a: Politoed|59\/100\n|-damage|p2b: Gothitelle|78\/100\n|-status|p2a: Politoed|frz\n|cant|p2a: Politoed|frz\n|move|p2b: Gothitelle|Heal Pulse|p2a: Politoed\n|-heal|p2a: Politoed|100\/100 frz\n|\n|-weather|Snow|[upkeep]\n|-heal|p2b: Gothitelle|84\/100|[from] item: Leftovers\n|upkeep\n|turn|4\n|\n|t:|1696444399\n|move|p2b: Gothitelle|Protect|p2b: Gothitelle\n|-singleturn|p2b: Gothitelle|Protect\n|move|p1b: Sandslash|Drill Run|p2b: Gothitelle\n|-activate|p2b: Gothitelle|move: Protect\n|move|p1a: Vanilluxe|Blizzard|p2b: Gothitelle|[spread] p2a\n|-activate|p2b: Gothitelle|move: Protect\n|-resisted|p2a: Politoed\n|-damage|p2a: Politoed|87\/100 frz\n|cant|p2a: Politoed|frz\n|\n|-weather|Snow|[upkeep]\n|-heal|p2b: Gothitelle|90\/100|[from] item: Leftovers\n|upkeep\n|turn|5\n|inactive|icybro12 has 90 seconds left.\n|\n|t:|1696444408\n|move|p1b: Sandslash|Drill Run|p2b: Gothitelle\n|-damage|p2b: Gothitelle|55\/100\n|move|p1a: Vanilluxe|Aurora Veil|p1a: Vanilluxe\n|-sidestart|p1: icybro12|move: Aurora Veil\n|cant|p2a: Politoed|frz\n|move|p2b: Gothitelle|Heal Pulse|p2a: Politoed\n|-heal|p2a: Politoed|100\/100 frz\n|\n|-weather|Snow|[upkeep]\n|-heal|p2b: Gothitelle|61\/100|[from] item: Leftovers\n|upkeep\n|turn|6\n|\n|t:|1696444418\n|move|p2b: Gothitelle|Protect|p2b: Gothitelle\n|-singleturn|p2b: Gothitelle|Protect\n|move|p1b: Sandslash|Drill Run|p2a: Politoed\n|-damage|p2a: Politoed|66\/100 frz\n|move|p1a: Vanilluxe|Blizzard|p2a: Politoed|[spread] p2a\n|-activate|p2b: Gothitelle|move: Protect\n|-resisted|p2a: Politoed\n|-damage|p2a: Politoed|53\/100 frz\n|-curestatus|p2a: Politoed|frz|[msg]\n|move|p2a: Politoed|Perish Song|p2a: Politoed\n|-start|p1a: Vanilluxe|perish3|[silent]\n|-start|p1b: Sandslash|perish3|[silent]\n|-start|p2a: Politoed|perish3|[silent]\n|-start|p2b: Gothitelle|perish3|[silent]\n|-fieldactivate|move: Perish Song\n|\n|-weather|Snow|[upkeep]\n|-heal|p2b: Gothitelle|67\/100|[from] item: Leftovers\n|-start|p1b: Sandslash|perish3\n|-start|p1a: Vanilluxe|perish3\n|-start|p2a: Politoed|perish3\n|-start|p2b: Gothitelle|perish3\n|upkeep\n|turn|7\n|\n|t:|1696444444\n|switch|p2a: Scizor|Scizor-Mega, M|40\/100\n|move|p1b: Sandslash|Drill Run|p2b: Gothitelle\n|-damage|p2b: Gothitelle|33\/100\n|move|p1a: Vanilluxe|Blizzard|p2b: Gothitelle|[spread] p2a,p2b\n|-resisted|p2a: Scizor\n|-damage|p2a: Scizor|25\/100\n|-damage|p2b: Gothitelle|10\/100\n|move|p2b: Gothitelle|Heal Pulse|p2a: Scizor\n|-heal|p2a: Scizor|75\/100\n|\n|-weather|none\n|-heal|p2b: Gothitelle|16\/100|[from] item: Leftovers\n|-start|p1b: Sandslash|perish2\n|-start|p1a: Vanilluxe|perish2\n|-start|p2b: Gothitelle|perish2\n|upkeep\n|turn|8\n|inactive|icybro12 has 120 seconds left.\n|\n|t:|1696444477\n|move|p2a: Scizor|Detect|p2a: Scizor\n|-singleturn|p2a: Scizor|Protect\n|move|p2b: Gothitelle|Protect|p2b: Gothitelle\n|-singleturn|p2b: Gothitelle|Protect\n|move|p1a: Vanilluxe|Blizzard|p2a: Scizor|[spread] \n|-activate|p2a: Scizor|move: Protect\n|-activate|p2b: Gothitelle|move: Protect\n|move|p1b: Sandslash|Drill Run|p2a: Scizor\n|-activate|p2a: Scizor|move: Protect\n|\n|-heal|p2b: Gothitelle|22\/100|[from] item: Leftovers\n|-start|p1a: Vanilluxe|perish1\n|-start|p1b: Sandslash|perish1\n|-start|p2b: Gothitelle|perish1\n|upkeep\n|turn|9\n|\n|t:|1696444504\n|switch|p2a: Walking Wake|Walking Wake|100\/100\n|switch|p2b: Politoed|Politoed, M|53\/100\n|-weather|RainDance|[from] ability: Drizzle|[of] p2b: Politoed\n|move|p1a: Vanilluxe|Blizzard|p2a: Walking Wake|[spread] p2b\n|-miss|p1a: Vanilluxe|p2a: Walking Wake\n|-resisted|p2b: Politoed\n|-damage|p2b: Politoed|40\/100\n|-enditem|p2b: Politoed|Sitrus Berry|[eat]\n|-heal|p2b: Politoed|65\/100|[from] item: Sitrus Berry\n|move|p1b: Sandslash|Drill Run|p2a: Walking Wake\n|-damage|p2a: Walking Wake|60\/100\n|\n|-weather|RainDance|[upkeep]\n|-start|p1a: Vanilluxe|perish0\n|-start|p1b: Sandslash|perish0\n|faint|p1a: Vanilluxe\n|faint|p1b: Sandslash\n|upkeep\n|\n|t:|1696444522\n|switch|p1a: Cetitan|Cetitan, F|100\/100\n|switch|p1b: Walrein|Walrein, M|100\/100\n|turn|10\n|\n|t:|1696444539\n|switch|p2b: Scizor|Scizor-Mega, M|75\/100\n|-zpower|p2a: Walking Wake\n|move|p2a: Walking Wake|Hydro Vortex|p1a: Cetitan|[zeffect]\n|-damage|p1a: Cetitan|15\/100\n|-zpower|p1a: Cetitan\n|move|p1a: Cetitan|Z-Belly Drum|p1a: Cetitan|[anim]Belly Drum\n|-heal|p1a: Cetitan|100\/100|[zeffect]\n|-damage|p1a: Cetitan|50\/100\n|-setboost|p1a: Cetitan|atk|6|[from] move: Belly Drum\n|move|p1b: Walrein|Blizzard|p2a: Walking Wake|[spread] p2a,p2b\n|-resisted|p2b: Scizor\n|-damage|p2a: Walking Wake|0 fnt\n|-damage|p2b: Scizor|50\/100\n|-status|p2b: Scizor|frz\n|faint|p2a: Walking Wake\n|-end|p2a: Walking Wake|Protosynthesis|[silent]\n|\n|-weather|RainDance|[upkeep]\n|upkeep\n|\n|t:|1696444557\n|switch|p2a: Rillaboom|Rillaboom, F|100\/100\n|-fieldstart|move: Grassy Terrain|[from] ability: Grassy Surge|[of] p2a: Rillaboom\n|turn|11\n|\n|t:|1696444579\n|-terastallize|p2a: Rillaboom|Grass\n|move|p2a: Rillaboom|Grassy Glide|p1a: Cetitan\n|-damage|p1a: Cetitan|19\/100\n|move|p1a: Cetitan|Ice Shard|p2a: Rillaboom\n|-supereffective|p2a: Rillaboom\n|-damage|p2a: Rillaboom|0 fnt\n|faint|p2a: Rillaboom\n|cant|p2b: Scizor|frz\n|move|p1b: Walrein|Blizzard|p2b: Scizor\n|-resisted|p2b: Scizor\n|-damage|p2b: Scizor|16\/100 frz\n|\n|-weather|RainDance|[upkeep]\n|-heal|p1a: Cetitan|25\/100|[from] Grassy Terrain\n|-heal|p2b: Scizor|23\/100 frz|[from] Grassy Terrain\n|upkeep\n|\n|t:|1696444593\n|switch|p2a: Landorus|Landorus-Therian, M|100\/100\n|-ability|p2a: Landorus|Intimidate|boost\n|-unboost|p1a: Cetitan|atk|1\n|-unboost|p1b: Walrein|atk|1\n|turn|12\n|\n|t:|1696444601\n|switch|p2a: Politoed|Politoed, M|65\/100\n|move|p1a: Cetitan|Ice Shard|p2a: Politoed\n|-resisted|p2a: Politoed\n|-damage|p2a: Politoed|37\/100\n|-curestatus|p2b: Scizor|frz|[msg]\n|move|p2b: Scizor|Bullet Punch|p1a: Cetitan\n|-supereffective|p1a: Cetitan\n|-damage|p1a: Cetitan|0 fnt\n|faint|p1a: Cetitan\n|move|p1b: Walrein|Blizzard|p2a: Politoed|[spread] p2a,p2b\n|-resisted|p2a: Politoed\n|-resisted|p2b: Scizor\n|-damage|p2a: Politoed|12\/100\n|-damage|p2b: Scizor|0 fnt\n|faint|p2b: Scizor\n|\n|-weather|RainDance|[upkeep]\n|-heal|p2a: Politoed|18\/100|[from] Grassy Terrain\n|-sideend|p1: icybro12|move: Aurora Veil\n|upkeep\n|\n|t:|1696444613\n|switch|p1a: Beartic|Beartic, M|100\/100\n|switch|p2b: Gothitelle|Gothitelle, F|22\/100\n|turn|13\n|inactive|icybro12 has 120 seconds left.\n|\n|t:|1696444663\n|-terastallize|p1b: Walrein|Ice\n|move|p2b: Gothitelle|Fake Out|p1a: Beartic\n|-damage|p1a: Beartic|93\/100\n|cant|p1a: Beartic|flinch\n|move|p2a: Politoed|Perish Song|p2a: Politoed\n|-start|p1a: Beartic|perish3|[silent]\n|-start|p1b: Walrein|perish3|[silent]\n|-start|p2a: Politoed|perish3|[silent]\n|-start|p2b: Gothitelle|perish3|[silent]\n|-fieldactivate|move: Perish Song\n|move|p1b: Walrein|Blizzard|p2b: Gothitelle|[spread] p2a,p2b\n|-resisted|p2a: Politoed\n|-damage|p2a: Politoed|0 fnt\n|-damage|p2b: Gothitelle|0 fnt\n|faint|p2a: Politoed\n|faint|p2b: Gothitelle\n|\n|-weather|none\n|-heal|p1a: Beartic|99\/100|[from] Grassy Terrain\n|-start|p1a: Beartic|perish3\n|-start|p1b: Walrein|perish3\n|upkeep\n|\n|t:|1696444674\n|switch|p2a: Landorus|Landorus-Therian, M|100\/100\n|-ability|p2a: Landorus|Intimidate|boost\n|-unboost|p1a: Beartic|atk|1\n|-unboost|p1b: Walrein|atk|1\n|turn|14\n|\n|t:|1696444682\n|move|p2a: Landorus|Rock Slide|p1a: Beartic|[spread] p1a,p1b\n|-supereffective|p1a: Beartic\n|-supereffective|p1b: Walrein\n|-damage|p1a: Beartic|36\/100\n|-damage|p1b: Walrein|60\/100\n|cant|p1a: Beartic|flinch\n|move|p1b: Walrein|Blizzard|p2a: Landorus\n|-supereffective|p2a: Landorus\n|-damage|p2a: Landorus|0 fnt\n|faint|p2a: Landorus\n|\n|win|icybro12\n|raw|icybro12's rating: 1200 &rarr; <strong>1241<\/strong><br \/>(+41 for winning)\n|raw|unknown11111111's rating: 1468 &rarr; <strong>1435<\/strong><br \/>(-33 for losing)\n|l|\u2606unknown11111111\n|c|\u2606icybro12|L\n","uploadtime":1696444696,"views":11,"p1id":"icybro12","p2id":"unknown11111111","formatid":"gen9nationaldexdoubles","rating":1241,"private":0,"password":""}