{"id":"gen9nationaldexdoubles-2000114971","p1":"silhumyong","p2":"Mister__Yellow","format":"[Gen 9] National Dex Doubles","log":"|j|\u2606silhumyong\n|j|\u2606Mister__Yellow\n|t:|1701157522\n|gametype|doubles\n|player|p1|silhumyong|rosa|1328\n|player|p2|Mister__Yellow|266|1167\n|teamsize|p1|6\n|teamsize|p2|6\n|gen|9\n|tier|[Gen 9] National Dex Doubles\n|rated|\n|rule|HP Percentage Mod: HP is shown in percentages\n|rule|Endless Battle Clause: Forcing endless battles is banned\n|rule|OHKO Clause: OHKO moves are banned\n|rule|Evasion Moves Clause: Evasion moves are banned\n|rule|Evasion Abilities Clause: Evasion abilities are banned\n|rule|Species Clause: Limit one of each Pok\u00e9mon\n|rule|Gravity Sleep Clause: The combination of sleep-inducing moves with imperfect accuracy and Gravity or Gigantamax Orbeetle are banned\n|clearpoke\n|poke|p1|Torkoal, F|\n|poke|p1|Whimsicott, F|\n|poke|p1|Venusaur, F|\n|poke|p1|Walking Wake|\n|poke|p1|Farigiraf, F|\n|poke|p1|Rhyperior, F|\n|poke|p2|Blaziken, F|\n|poke|p2|Torkoal, F|\n|poke|p2|Shiftry, F|\n|poke|p2|Pelipper, F|\n|poke|p2|Kingdra, M|\n|poke|p2|Minun, M|\n|teampreview\n|\n|t:|1701157536\n|start\n|switch|p1a: Farigiraf|Farigiraf, F, shiny|100\/100\n|switch|p1b: Rhyperior|Rhyperior, F, shiny|100\/100\n|switch|p2a: Pelipper|Pelipper, F, shiny|100\/100\n|switch|p2b: Kingdra|Kingdra, M|100\/100\n|-weather|RainDance|[from] ability: Drizzle|[of] p2a: Pelipper\n|turn|1\n|\n|t:|1701157558\n|-terastallize|p2b: Kingdra|Water\n|-terastallize|p1b: Rhyperior|Electric\n|move|p2b: Kingdra|Surf|p1b: Rhyperior|[spread] p2a,p1a,p1b\n|-resisted|p2a: Pelipper\n|-damage|p2a: Pelipper|30\/100\n|-damage|p1a: Farigiraf|19\/100\n|-damage|p1b: Rhyperior|0 fnt\n|-enditem|p1a: Farigiraf|Sitrus Berry|[eat]\n|-heal|p1a: Farigiraf|44\/100|[from] item: Sitrus Berry\n|faint|p1b: Rhyperior\n|move|p2a: Pelipper|Roost|p2a: Pelipper\n|-heal|p2a: Pelipper|80\/100\n|-singleturn|p2a: Pelipper|move: Roost\n|move|p1a: Farigiraf|Trick Room|p1a: Farigiraf\n|-fieldstart|move: Trick Room|[of] p1a: Farigiraf\n|\n|-weather|RainDance|[upkeep]\n|-heal|p2a: Pelipper|86\/100|[from] item: Leftovers\n|upkeep\n|\n|t:|1701157564\n|switch|p1b: Venusaur|Venusaur, F, shiny|100\/100\n|turn|2\n|\n|t:|1701157592\n|switch|p1b: Torkoal|Torkoal, F, shiny|100\/100\n|-weather|SunnyDay|[from] ability: Drought|[of] p1b: Torkoal\n|switch|p2b: Minun|Minun, M|100\/100\n|move|p1a: Farigiraf|Psychic|p2b: Minun\n|-damage|p2b: Minun|54\/100\n|move|p2a: Pelipper|Hurricane|p1b: Torkoal\n|-damage|p1b: Torkoal|31\/100\n|\n|-weather|SunnyDay|[upkeep]\n|-heal|p2a: Pelipper|92\/100|[from] item: Leftovers\n|upkeep\n|turn|3\n|\n|t:|1701157609\n|move|p1b: Torkoal|Heat Wave|p2b: Minun|[spread] p2a,p2b\n|-resisted|p2a: Pelipper\n|-damage|p2a: Pelipper|54\/100\n|-damage|p2b: Minun|0 fnt\n|-status|p2a: Pelipper|brn\n|faint|p2b: Minun\n|move|p1a: Farigiraf|Psychic|p2a: Pelipper\n|-damage|p2a: Pelipper|6\/100 brn\n|move|p2a: Pelipper|Hurricane|p1b: Torkoal|[miss]\n|-miss|p2a: Pelipper|p1b: Torkoal\n|\n|-weather|SunnyDay|[upkeep]\n|-heal|p2a: Pelipper|12\/100 brn|[from] item: Leftovers\n|-damage|p2a: Pelipper|6\/100 brn|[from] brn\n|upkeep\n|c|\u2606Mister__Yellow|MISSED\n|c|\u2606Mister__Yellow|;-;\n|\n|t:|1701157630\n|switch|p2b: Shiftry|Shiftry, F|100\/100\n|turn|4\n|\n|t:|1701157654\n|move|p1b: Torkoal|Eruption|p2a: Pelipper|[spread] p2a,p2b\n|-resisted|p2a: Pelipper\n|-supereffective|p2b: Shiftry\n|-damage|p2a: Pelipper|0 fnt\n|-damage|p2b: Shiftry|22\/100\n|faint|p2a: Pelipper\n|move|p1a: Farigiraf|Dazzling Gleam|p2b: Shiftry\n|-supereffective|p2b: Shiftry\n|-damage|p2b: Shiftry|0 fnt\n|faint|p2b: Shiftry\n|\n|-weather|SunnyDay|[upkeep]\n|upkeep\n|\n|t:|1701157667\n|switch|p2a: Torkoal|Torkoal, F|100\/100\n|switch|p2b: Blaziken|Blaziken, F|100\/100\n|turn|5\n|\n|t:|1701157685\n|move|p1b: Torkoal|Earth Power|p2a: Torkoal\n|-supereffective|p2a: Torkoal\n|-damage|p2a: Torkoal|36\/100\n|move|p2a: Torkoal|Eruption|p1a: Farigiraf|[spread] p1a,p1b\n|-resisted|p1b: Torkoal\n|-damage|p1a: Farigiraf|19\/100\n|-damage|p1b: Torkoal|13\/100\n|move|p1a: Farigiraf|Psychic|p2b: Blaziken\n|-supereffective|p2b: Blaziken\n|-damage|p2b: Blaziken|0 fnt\n|faint|p2b: Blaziken\n|\n|-weather|SunnyDay|[upkeep]\n|-heal|p2a: Torkoal|42\/100|[from] item: Leftovers\n|-fieldend|move: Trick Room\n|upkeep\n|\n|t:|1701157698\n|switch|p2b: Kingdra|Kingdra, M, tera:Water|100\/100\n|turn|6\n|\n|t:|1701157714\n|switch|p1b: Walking Wake|Walking Wake|100\/100\n|-activate|p1b: Walking Wake|ability: Protosynthesis\n|-start|p1b: Walking Wake|protosynthesisspa\n|move|p2a: Torkoal|Protect|p2a: Torkoal\n|-singleturn|p2a: Torkoal|Protect\n|move|p2b: Kingdra|Surf|p1a: Farigiraf|[spread] p1a,p1b\n|-activate|p2a: Torkoal|move: Protect\n|-resisted|p1b: Walking Wake\n|-damage|p1a: Farigiraf|0 fnt\n|-damage|p1b: Walking Wake|91\/100\n|faint|p1a: Farigiraf\n|\n|-weather|none\n|-end|p1b: Walking Wake|Protosynthesis\n|-heal|p2a: Torkoal|48\/100|[from] item: Leftovers\n|upkeep\n|\n|t:|1701157732\n|switch|p1a: Whimsicott|Whimsicott, F, shiny|100\/100\n|turn|7\n|\n|t:|1701157740\n|move|p1a: Whimsicott|Encore|p2b: Kingdra\n|-start|p2b: Kingdra|Encore\n|move|p1b: Walking Wake|Hydro Steam|p2a: Torkoal\n|-supereffective|p2a: Torkoal\n|-damage|p2a: Torkoal|0 fnt\n|faint|p2a: Torkoal\n|move|p2b: Kingdra|Surf|p1a: Whimsicott|[spread] p1a,p1b\n|-resisted|p1a: Whimsicott\n|-resisted|p1b: Walking Wake\n|-damage|p1a: Whimsicott|45\/100\n|-damage|p1b: Walking Wake|74\/100\n|\n|upkeep\n|turn|8\n|\n|t:|1701157752\n|move|p1a: Whimsicott|Sunny Day|p1a: Whimsicott\n|-weather|SunnyDay\n|-activate|p1b: Walking Wake|ability: Protosynthesis\n|-start|p1b: Walking Wake|protosynthesisspa\n|move|p1b: Walking Wake|Draco Meteor|p2b: Kingdra\n|-damage|p2b: Kingdra|0 fnt\n|-unboost|p1b: Walking Wake|spa|2\n|faint|p2b: Kingdra\n|\n|win|silhumyong\n|raw|silhumyong's rating: 1328 &rarr; <strong>1339<\/strong><br \/>(+11 for winning)\n|raw|Mister__Yellow's rating: 1167 &rarr; <strong>1153<\/strong><br \/>(-14 for losing)\n|l|\u2606Mister__Yellow\n","uploadtime":1701157769,"views":8,"p1id":"silhumyong","p2id":"misteryellow","formatid":"gen9nationaldexdoubles","rating":1153,"private":0,"password":""}