{"id":"gen9nationaldexdoubles-1988589263","p1":"scootdduck","p2":"iamjustanillusion","format":"[Gen 9] National Dex Doubles","log":"|j|\u2606scootdduck\n|j|\u2606iamjustanillusion\n|t:|1699739349\n|gametype|doubles\n|player|p1|scootdduck|falkner|\n|player|p2|iamjustanillusion|winona|\n|teamsize|p1|6\n|teamsize|p2|6\n|gen|9\n|tier|[Gen 9] National Dex Doubles\n|rule|HP Percentage Mod: HP is shown in percentages\n|rule|Endless Battle Clause: Forcing endless battles is banned\n|rule|OHKO Clause: OHKO moves are banned\n|rule|Evasion Moves Clause: Evasion moves are banned\n|rule|Evasion Abilities Clause: Evasion abilities are banned\n|rule|Species Clause: Limit one of each Pok\u00e9mon\n|rule|Gravity Sleep Clause: The combination of sleep-inducing moves with imperfect accuracy and Gravity or Gigantamax Orbeetle are banned\n|clearpoke\n|poke|p1|Manectric, M|\n|poke|p1|Pikachu, F|\n|poke|p1|Raichu, F|\n|poke|p1|Zebstrika, M|\n|poke|p1|Pincurchin, M|\n|poke|p1|Togedemaru, F|\n|poke|p2|Dragonite, F|\n|poke|p2|Aerodactyl, F|\n|poke|p2|Corviknight, F|\n|poke|p2|Tornadus-Therian, M|\n|poke|p2|Gliscor, M|\n|poke|p2|Hawlucha, F|\n|teampreview\n|\n|t:|1699739356\n|start\n|switch|p1a: Pikachu|Pikachu, F|100\/100\n|switch|p1b: Raichu|Raichu, F|100\/100\n|switch|p2a: Dragonite|Dragonite, F|100\/100\n|switch|p2b: Aerodactyl|Aerodactyl, F|100\/100\n|turn|1\n|\n|t:|1699739365\n|detailschange|p2b: Aerodactyl|Aerodactyl-Mega, F\n|-mega|p2b: Aerodactyl|Aerodactyl|Aerodactylite\n|move|p1b: Raichu|Discharge|p2a: Dragonite|[spread] p2a,p2b\n|-ability|p1a: Pikachu|Lightning Rod|boost\n|-boost|p1a: Pikachu|spa|1\n|-supereffective|p2b: Aerodactyl\n|-damage|p2a: Dragonite|88\/100\n|-damage|p2b: Aerodactyl|44\/100\n|move|p2b: Aerodactyl|Earthquake|p1a: Pikachu|[spread] p1a,p1b\n|-immune|p2a: Dragonite\n|-supereffective|p1a: Pikachu\n|-supereffective|p1b: Raichu\n|-damage|p1a: Pikachu|0 fnt\n|-damage|p1b: Raichu|0 fnt\n|faint|p1a: Pikachu\n|faint|p1b: Raichu\n|move|p2a: Dragonite|Earthquake|p2b: Aerodactyl\n|-immune|p2b: Aerodactyl\n|\n|upkeep\n|c|\u2606iamjustanillusion|oof\n|\n|t:|1699739380\n|switch|p1b: Zebstrika|Zebstrika, M|100\/100\n|switch|p1a: Manectric|Manectric, M|100\/100\n|turn|2\n|\n|t:|1699739407\n|move|p2b: Aerodactyl|Earthquake|p1a: Manectric|[spread] p1a,p1b\n|-immune|p2a: Dragonite\n|-supereffective|p1a: Manectric\n|-supereffective|p1b: Zebstrika\n|-damage|p1a: Manectric|0 fnt\n|-damage|p1b: Zebstrika|5\/100\n|faint|p1a: Manectric\n|move|p1b: Zebstrika|Discharge|p2b: Aerodactyl|[spread] p2a,p2b\n|-supereffective|p2b: Aerodactyl\n|-damage|p2a: Dragonite|55\/100\n|-damage|p2b: Aerodactyl|0 fnt\n|-status|p2a: Dragonite|par\n|faint|p2b: Aerodactyl\n|move|p2a: Dragonite|Earthquake|p1b: Zebstrika\n|-supereffective|p1b: Zebstrika\n|-damage|p1b: Zebstrika|0 fnt\n|faint|p1b: Zebstrika\n|\n|upkeep\n|c|\u2606iamjustanillusion|oh he ded\n|\n|t:|1699739421\n|switch|p2b: Gliscor|Gliscor, M|100\/100\n|switch|p1b: Togedemaru|Togedemaru, F|100\/100\n|switch|p1a: Pincurchin|Pincurchin, M|100\/100\n|-fieldstart|move: Electric Terrain|[from] ability: Electric Surge|[of] p1a: Pincurchin\n|turn|3\n|\n|t:|1699739433\n|move|p1b: Togedemaru|Fake Out|p2b: Gliscor\n|-damage|p2b: Gliscor|93\/100\n|move|p2a: Dragonite|Extreme Speed|p1b: Togedemaru\n|-resisted|p1b: Togedemaru\n|-damage|p1b: Togedemaru|68\/100\n|-damage|p2a: Dragonite|39\/100 par|[from] item: Rocky Helmet|[of] p1b: Togedemaru\n|cant|p2b: Gliscor|flinch\n|move|p1a: Pincurchin|Discharge|p2a: Dragonite|[spread] p2a\n|-ability|p1b: Togedemaru|Lightning Rod|boost\n|-boost|p1b: Togedemaru|spa|1\n|-immune|p2b: Gliscor\n|-damage|p2a: Dragonite|2\/100 par\n|\n|-status|p2b: Gliscor|tox|[from] item: Toxic Orb\n|upkeep\n|turn|4\n|\n|t:|1699739449\n|move|p1b: Togedemaru|Spiky Shield|p1b: Togedemaru\n|-singleturn|p1b: Togedemaru|move: Protect\n|move|p2a: Dragonite|Extreme Speed|p1a: Pincurchin\n|-damage|p1a: Pincurchin|65\/100\n|move|p2b: Gliscor|Earthquake|p1b: Togedemaru|[spread] p1a\n|-activate|p1b: Togedemaru|move: Protect\n|-immune|p2a: Dragonite\n|-supereffective|p1a: Pincurchin\n|-damage|p1a: Pincurchin|9\/100\n|move|p1a: Pincurchin|Rising Voltage|p1b: Togedemaru\n|-activate|p1b: Togedemaru|ability: Lightning Rod\n|-activate|p1b: Togedemaru|move: Protect\n|\n|-heal|p2b: Gliscor|100\/100 tox|[from] ability: Poison Heal\n|upkeep\n|turn|5\n|c|\u2606scootdduck|Damnit\n|c|\u2606iamjustanillusion|so what was the funni thing\n|c|\u2606iamjustanillusion|you kinda got rekt\n|c|\u2606scootdduck|Neither of these can touch gliscor\n|c|\u2606scootdduck|Discharge chaining\n|c|\u2606iamjustanillusion|lmao\n|\n|t:|1699739481\n|move|p2a: Dragonite|Extreme Speed|p1a: Pincurchin\n|-damage|p1a: Pincurchin|0 fnt\n|faint|p1a: Pincurchin\n|move|p1b: Togedemaru|Discharge|p2a: Dragonite|[spread] p2a\n|-immune|p2b: Gliscor\n|-damage|p2a: Dragonite|0 fnt\n|faint|p2a: Dragonite\n|move|p2b: Gliscor|Earthquake|p1b: Togedemaru\n|-supereffective|p1b: Togedemaru\n|-damage|p1b: Togedemaru|0 fnt\n|faint|p1b: Togedemaru\n|\n|win|iamjustanillusion\n|c|\u2606iamjustanillusion|now who said birds are a weak to electricity\n|c|\u2606scootdduck|If you'd be so kind to not ruin me instantly I'll demonstrate properly\n","uploadtime":1699739502,"views":10,"p1id":"scootdduck","p2id":"iamjustanillusion","formatid":"gen9nationaldexdoubles","rating":0,"private":0,"password":""}