{"id":"gen9nationaldexdoubles-1991718050","p1":"Marlene 420","p2":"alexyzssj4","format":"[Gen 9] National Dex Doubles","log":"|j|\u2606Marlene 420\n|j|\u2606alexyzssj4\n|t:|1700106449\n|gametype|doubles\n|player|p1|Marlene 420|cheryl|1200\n|player|p2|alexyzssj4|pokemonranger-gen4|1170\n|teamsize|p1|6\n|teamsize|p2|6\n|gen|9\n|tier|[Gen 9] National Dex Doubles\n|rated|\n|rule|HP Percentage Mod: HP is shown in percentages\n|rule|Endless Battle Clause: Forcing endless battles is banned\n|rule|OHKO Clause: OHKO moves are banned\n|rule|Evasion Moves Clause: Evasion moves are banned\n|rule|Evasion Abilities Clause: Evasion abilities are banned\n|rule|Species Clause: Limit one of each Pok\u00e9mon\n|rule|Gravity Sleep Clause: The combination of sleep-inducing moves with imperfect accuracy and Gravity or Gigantamax Orbeetle are banned\n|clearpoke\n|poke|p1|Pheromosa|\n|poke|p1|Diancie|\n|poke|p1|Lopunny, F|\n|poke|p1|Gardevoir, F|\n|poke|p1|Meloetta|\n|poke|p1|Hatterene, F|\n|poke|p2|Aggron, F|\n|poke|p2|Clawitzer, F|\n|poke|p2|Oranguru, F|\n|poke|p2|Dragonite, F|\n|poke|p2|Heatran, M|\n|poke|p2|Grimmsnarl, M|\n|teampreview\n|\n|t:|1700106467\n|start\n|switch|p1a: Lola|Lopunny, F, shiny|100\/100\n|switch|p1b: Melody|Meloetta|100\/100\n|switch|p2a: Heatran|Heatran, M|100\/100\n|switch|p2b: Clawitzer|Clawitzer, F|100\/100\n|-item|p2a: Heatran|Air Balloon\n|turn|1\n|inactive|Battle timer is ON: inactive players will automatically lose when time's up. (requested by Marlene 420)\n|inactive|Marlene 420 has 120 seconds left.\n|\n|t:|1700106508\n|detailschange|p1a: Lola|Lopunny-Mega, F, shiny\n|-mega|p1a: Lola|Lopunny|Lopunnite\n|move|p1a: Lola|Fake Out|p2a: Heatran\n|-resisted|p2a: Heatran\n|-damage|p2a: Heatran|91\/100\n|-enditem|p2a: Heatran|Air Balloon\n|move|p1b: Melody|Relic Song|p2b: Clawitzer|[spread] p2a,p2b\n|-resisted|p2a: Heatran\n|-damage|p2a: Heatran|83\/100\n|-damage|p2b: Clawitzer|80\/100\n|-status|p2b: Clawitzer|slp|[from] move: Relic Song\n|-formechange|p1b: Melody|Meloetta-Pirouette|[msg]\n|cant|p2a: Heatran|flinch\n|cant|p2b: Clawitzer|slp\n|\n|-heal|p2b: Clawitzer|86\/100 slp|[from] item: Leftovers\n|upkeep\n|turn|2\n|inactive|Marlene 420 has 120 seconds left.\n|inactive|alexyzssj4 has 120 seconds left.\n|\n|t:|1700106541\n|switch|p2a: Dragonite|Dragonite, F|100\/100\n|move|p1a: Lola|Thunder Punch|p2b: Clawitzer\n|-supereffective|p2b: Clawitzer\n|-damage|p2b: Clawitzer|31\/100 slp\n|move|p1b: Melody|Close Combat|p2a: Dragonite\n|-resisted|p2a: Dragonite\n|-damage|p2a: Dragonite|81\/100\n|-unboost|p1b: Melody|def|1\n|-unboost|p1b: Melody|spd|1\n|cant|p2b: Clawitzer|slp\n|\n|-heal|p2a: Dragonite|87\/100|[from] item: Leftovers\n|-heal|p2b: Clawitzer|37\/100 slp|[from] item: Leftovers\n|upkeep\n|turn|3\n|inactive|alexyzssj4 has 120 seconds left.\n|\n|t:|1700106570\n|switch|p2b: Grimmsnarl|Grimmsnarl, M|100\/100\n|move|p2a: Dragonite|Extreme Speed|p1b: Melody\n|-damage|p1b: Melody|50\/100\n|move|p1a: Lola|Thunder Punch|p2b: Grimmsnarl\n|-damage|p2b: Grimmsnarl|75\/100\n|-zpower|p1b: Melody\n|move|p1b: Melody|Subzero Slammer|p2a: Dragonite|[zeffect]\n|-supereffective|p2a: Dragonite\n|-damage|p2a: Dragonite|0 fnt\n|faint|p2a: Dragonite\n|\n|upkeep\n|inactive|alexyzssj4 has 120 seconds left.\n|\n|t:|1700106585\n|switch|p2a: Aggron|Aggron, F|100\/100\n|turn|4\n|\n|t:|1700106598\n|detailschange|p2a: Aggron|Aggron-Mega, F\n|-mega|p2a: Aggron|Aggron|Aggronite\n|move|p2b: Grimmsnarl|Reflect|p2b: Grimmsnarl\n|-sidestart|p2: alexyzssj4|Reflect\n|move|p1a: Lola|High Jump Kick|p2b: Grimmsnarl\n|-damage|p2b: Grimmsnarl|30\/100\n|move|p1b: Melody|Close Combat|p2a: Aggron\n|-supereffective|p2a: Aggron\n|-damage|p2a: Aggron|70\/100\n|-unboost|p1b: Melody|def|1\n|-unboost|p1b: Melody|spd|1\n|move|p2a: Aggron|Body Press|p1a: Lola\n|-supereffective|p1a: Lola\n|-damage|p1a: Lola|2\/100\n|\n|upkeep\n|turn|5\n|inactive|Marlene 420 has 120 seconds left.\n|\n|t:|1700106645\n|switch|p1a: Dianita|Diancie|100\/100\n|move|p2b: Grimmsnarl|Protect|p2b: Grimmsnarl\n|-singleturn|p2b: Grimmsnarl|Protect\n|move|p1b: Melody|Relic Song|p2a: Aggron|[spread] p2a\n|-activate|p2b: Grimmsnarl|move: Protect\n|-resisted|p2a: Aggron\n|-damage|p2a: Aggron|62\/100\n|-formechange|p1b: Melody|Meloetta|[msg]\n|move|p2a: Aggron|Earthquake|p1a: Dianita|[spread] p1a,p1b\n|-activate|p2b: Grimmsnarl|move: Protect\n|-supereffective|p1a: Dianita\n|-damage|p1a: Dianita|66\/100\n|-damage|p1b: Melody|0 fnt\n|faint|p1b: Melody\n|\n|-heal|p1a: Dianita|71\/100|[from] item: Leftovers\n|upkeep\n|inactive|Marlene 420 has 90 seconds left.\n|\n|t:|1700106671\n|switch|p1b: Katherine|Hatterene, F|100\/100\n|turn|6\n|\n|t:|1700106686\n|move|p2b: Grimmsnarl|Light Screen|p2b: Grimmsnarl\n|-sidestart|p2: alexyzssj4|move: Light Screen\n|move|p2a: Aggron|Body Press|p1a: Dianita\n|-damage|p1a: Dianita|49\/100\n|move|p1a: Dianita|Diamond Storm|p2a: Aggron|[spread] p2a,p2b\n|-resisted|p2a: Aggron\n|-crit|p2b: Grimmsnarl\n|-damage|p2a: Aggron|59\/100\n|-damage|p2b: Grimmsnarl|0 fnt\n|-boost|p1a: Dianita|def|2\n|faint|p2b: Grimmsnarl\n|move|p1b: Katherine|Mystical Fire|p2a: Aggron\n|-supereffective|p2a: Aggron\n|-damage|p2a: Aggron|33\/100\n|-unboost|p2a: Aggron|spa|1\n|\n|-heal|p1a: Dianita|55\/100|[from] item: Leftovers\n|upkeep\n|\n|t:|1700106705\n|switch|p2b: Clawitzer|Clawitzer, F|37\/100 slp\n|turn|7\n|inactive|Marlene 420 has 120 seconds left.\n|inactive|Marlene 420 has 90 seconds left.\n|\n|t:|1700106748\n|switch|p2a: Heatran|Heatran, M|83\/100\n|-terastallize|p1a: Dianita|Ground\n|-curestatus|p2b: Clawitzer|slp|[msg]\n|move|p2b: Clawitzer|Water Pulse|p1a: Dianita\n|-supereffective|p1a: Dianita\n|-damage|p1a: Dianita|0 fnt\n|faint|p1a: Dianita\n|move|p1b: Katherine|Calm Mind|p1b: Katherine\n|-boost|p1b: Katherine|spa|1\n|-boost|p1b: Katherine|spd|1\n|\n|-heal|p2b: Clawitzer|43\/100|[from] item: Leftovers\n|upkeep\n|inactive|Marlene 420 has 90 seconds left.\n|\n|t:|1700106766\n|switch|p1a: Lola|Lopunny-Mega, F, shiny|2\/100\n|turn|8\n|\n|t:|1700106785\n|move|p1a: Lola|High Jump Kick|p2a: Heatran|[miss]\n|-miss|p1a: Lola|p2a: Heatran\n|-damage|p1a: Lola|0 fnt|[from] highjumpkick\n|faint|p1a: Lola\n|move|p2a: Heatran|Magma Storm|p1b: Katherine|[miss]\n|-miss|p2a: Heatran|p1b: Katherine\n|move|p2b: Clawitzer|Heal Pulse|p2a: Heatran\n|-heal|p2a: Heatran|100\/100\n|move|p1b: Katherine|Giga Drain|p2b: Clawitzer\n|-supereffective|p2b: Clawitzer\n|-damage|p2b: Clawitzer|0 fnt\n|faint|p2b: Clawitzer\n|\n|upkeep\n|\n|t:|1700106802\n|switch|p1a: Phersefone|Pheromosa, shiny|100\/100\n|switch|p2b: Oranguru|Oranguru, F|100\/100\n|turn|9\n|inactive|Marlene 420 has 120 seconds left.\n|\n|t:|1700106830\n|move|p1a: Phersefone|High Jump Kick|p2a: Heatran\n|-supereffective|p2a: Heatran\n|-damage|p2a: Heatran|6\/100\n|-damage|p1a: Phersefone|91\/100|[from] item: Life Orb\n|move|p2a: Heatran|Lava Plume|p1b: Katherine|[spread] p1a,p1b\n|-activate|p2b: Oranguru|ability: Telepathy\n|-supereffective|p1a: Phersefone\n|-damage|p1a: Phersefone|0 fnt\n|-damage|p1b: Katherine|84\/100\n|-status|p1b: Katherine|brn\n|faint|p1a: Phersefone\n|move|p2b: Oranguru|Instruct|p2a: Heatran\n|-singleturn|p2a: Heatran|move: Instruct|[of] p2b: Oranguru\n|move|p2a: Heatran|Lava Plume|p1b: Katherine|[spread] p1b\n|-activate|p2b: Oranguru|ability: Telepathy\n|-damage|p1b: Katherine|66\/100 brn\n|move|p1b: Katherine|Mystical Fire|p2b: Oranguru\n|-damage|p2b: Oranguru|85\/100\n|-unboost|p2b: Oranguru|spa|1\n|\n|-heal|p1b: Katherine|72\/100 brn|[from] item: Leftovers\n|-damage|p1b: Katherine|66\/100 brn|[from] brn\n|upkeep\n|inactive|Marlene 420 has 90 seconds left.\n|\n|t:|1700106856\n|switch|p1a: Gardenia|Gardevoir, F|100\/100\n|-ability|p1a: Gardenia|Telepathy|[from] ability: Trace|[of] p2b: Oranguru\n|turn|10\n|inactive|Marlene 420 has 90 seconds left.\n|\n|t:|1700106885\n|move|p1a: Gardenia|Psychic|p2a: Heatran\n|-resisted|p2a: Heatran\n|-damage|p2a: Heatran|0 fnt\n|faint|p2a: Heatran\n|move|p2b: Oranguru|Encore|p1a: Gardenia\n|-start|p1a: Gardenia|Encore\n|move|p1b: Katherine|Draining Kiss|p2b: Oranguru\n|-crit|p2b: Oranguru\n|-damage|p2b: Oranguru|48\/100\n|-heal|p1b: Katherine|99\/100 brn|[from] drain|[of] p2b: Oranguru\n|\n|-heal|p1b: Katherine|100\/100 brn|[from] item: Leftovers\n|-damage|p1b: Katherine|95\/100 brn|[from] brn\n|upkeep\n|\n|t:|1700106899\n|switch|p2a: Aggron|Aggron-Mega, F|33\/100\n|turn|11\n|\n|t:|1700106913\n|move|p1a: Gardenia|Psychic|p2b: Oranguru\n|-resisted|p2b: Oranguru\n|-damage|p2b: Oranguru|34\/100\n|move|p2b: Oranguru|Instruct||[still]\n|-fail|p2b: Oranguru\n|move|p2a: Aggron|Earthquake|p1a: Gardenia|[spread] p1a,p1b\n|-activate|p2b: Oranguru|ability: Telepathy\n|-damage|p1a: Gardenia|46\/100\n|-damage|p1b: Katherine|62\/100 brn\n|move|p1b: Katherine|Mystical Fire|p2a: Aggron\n|-supereffective|p2a: Aggron\n|-damage|p2a: Aggron|0 fnt\n|faint|p2a: Aggron\n|\n|-heal|p1b: Katherine|68\/100 brn|[from] item: Leftovers\n|-damage|p1b: Katherine|62\/100 brn|[from] brn\n|-sideend|p2: alexyzssj4|Reflect\n|upkeep\n|turn|12\n|inactive|Marlene 420 has 120 seconds left.\n|-message|alexyzssj4 forfeited.\n|\n|win|Marlene 420\n|raw|Marlene 420's rating: 1200 &rarr; <strong>1223<\/strong><br \/>(+23 for winning)\n|raw|alexyzssj4's rating: 1170 &rarr; <strong>1147<\/strong><br \/>(-23 for losing)\n|l|\u2606alexyzssj4\n","uploadtime":1700106955,"views":5,"p1id":"marlene420","p2id":"alexyzssj4","formatid":"gen9nationaldexdoubles","rating":1147,"private":0,"password":""}