{"id":"gen9nationaldexdoubles-1994478793","p1":"Brick_Enjoyer_144","p2":"hadn","format":"[Gen 9] National Dex Doubles","log":"|j|\u2606Brick_Enjoyer_144\n|j|\u2606hadn\n|t:|1700448638\n|gametype|doubles\n|player|p1|Brick_Enjoyer_144|shauntal|1206\n|player|p2|hadn|byron|1260\n|teamsize|p1|6\n|teamsize|p2|6\n|gen|9\n|tier|[Gen 9] National Dex Doubles\n|rated|\n|rule|HP Percentage Mod: HP is shown in percentages\n|rule|Endless Battle Clause: Forcing endless battles is banned\n|rule|OHKO Clause: OHKO moves are banned\n|rule|Evasion Moves Clause: Evasion moves are banned\n|rule|Evasion Abilities Clause: Evasion abilities are banned\n|rule|Species Clause: Limit one of each Pok\u00e9mon\n|rule|Gravity Sleep Clause: The combination of sleep-inducing moves with imperfect accuracy and Gravity or Gigantamax Orbeetle are banned\n|clearpoke\n|poke|p1|Houndoom, M|\n|poke|p1|Skarmory, F|\n|poke|p1|Lucario, F|\n|poke|p1|Palafin, F|\n|poke|p1|Sinistcha-Masterpiece|\n|poke|p1|Roaring Moon|\n|poke|p2|Staraptor, M|\n|poke|p2|Nidoking, M|\n|poke|p2|Milotic, F|\n|poke|p2|Breloom, M|\n|poke|p2|Volcarona, M|\n|poke|p2|Clefable, F|\n|teampreview\n|inactive|Battle timer is ON: inactive players will automatically lose when time's up. (requested by hadn)\n|inactive|Brick_Enjoyer_144 also wants the timer to be on.\n|\n|t:|1700448657\n|start\n|switch|p1a: Palafin|Palafin, F|100\/100\n|switch|p1b: Skarmory|Skarmory, F|100\/100\n|switch|p2a: Staraptor|Staraptor, M|100\/100\n|switch|p2b: Nidoking|Nidoking, M, shiny|100\/100\n|-ability|p2a: Staraptor|Intimidate|boost\n|-unboost|p1a: Palafin|atk|1\n|-unboost|p1b: Skarmory|atk|1\n|turn|1\n|inactive|Brick_Enjoyer_144 has 120 seconds left.\n|\n|t:|1700448701\n|detailschange|p1a: Palafin|Palafin-Hero, F\n|switch|p1a: Lucario|Lucario, F|100\/100\n|switch|p2b: Breloom|Breloom, M, shiny|100\/100\n|move|p2a: Staraptor|Tailwind|p2a: Staraptor\n|-sidestart|p2: hadn|move: Tailwind\n|move|p1b: Skarmory|Tailwind|p1b: Skarmory\n|-sidestart|p1: Brick_Enjoyer_144|move: Tailwind\n|\n|upkeep\n|turn|2\n|inactive|Brick_Enjoyer_144 has 120 seconds left.\n|inactive|hadn has 120 seconds left.\n|\n|t:|1700448739\n|move|p2a: Staraptor|Protect|p2a: Staraptor\n|-singleturn|p2a: Staraptor|Protect\n|move|p1a: Lucario|Extreme Speed|p2b: Breloom\n|-damage|p2b: Breloom|60\/100\n|-damage|p1a: Lucario|91\/100|[from] item: Life Orb\n|move|p1b: Skarmory|Stealth Rock|p2a: Staraptor\n|-sidestart|p2: hadn|move: Stealth Rock\n|move|p2b: Breloom|Spore|p1b: Skarmory\n|-status|p1b: Skarmory|slp|[from] move: Spore\n|\n|upkeep\n|turn|3\n|inactive|Brick_Enjoyer_144 has 120 seconds left.\n|\n|t:|1700448767\n|move|p1a: Lucario|Extreme Speed|p2b: Breloom\n|-damage|p2b: Breloom|21\/100\n|-damage|p1a: Lucario|81\/100|[from] item: Life Orb\n|move|p2b: Breloom|Mach Punch|p1a: Lucario\n|-supereffective|p1a: Lucario\n|-damage|p1a: Lucario|0 fnt\n|faint|p1a: Lucario\n|move|p2a: Staraptor|Brave Bird|p1b: Skarmory\n|-resisted|p1b: Skarmory\n|-damage|p1b: Skarmory|82\/100 slp\n|-damage|p2a: Staraptor|94\/100|[from] Recoil\n|cant|p1b: Skarmory|slp\n|\n|-heal|p1b: Skarmory|88\/100 slp|[from] item: Leftovers\n|upkeep\n|inactive|Brick_Enjoyer_144 has 90 seconds left.\n|\n|t:|1700448789\n|switch|p1a: Palafin|Palafin-Hero, F|100\/100\n|-activate|p1a: Palafin|ability: Zero to Hero\n|turn|4\n|\n|t:|1700448804\n|move|p2b: Breloom|Protect|p2b: Breloom\n|-singleturn|p2b: Breloom|Protect\n|move|p1a: Palafin|Jet Punch|p2b: Breloom\n|-activate|p2b: Breloom|move: Protect\n|move|p2a: Staraptor|Brave Bird|p1a: Palafin\n|-damage|p1a: Palafin|38\/100\n|-damage|p2a: Staraptor|72\/100|[from] Recoil\n|cant|p1b: Skarmory|slp\n|\n|-heal|p1b: Skarmory|94\/100 slp|[from] item: Leftovers\n|-sideend|p1: Brick_Enjoyer_144|move: Tailwind\n|-sideend|p2: hadn|move: Tailwind\n|upkeep\n|turn|5\n|inactive|Brick_Enjoyer_144 has 120 seconds left.\n|\n|t:|1700448826\n|move|p1a: Palafin|Jet Punch|p2b: Breloom\n|-resisted|p2b: Breloom\n|-damage|p2b: Breloom|0 fnt\n|faint|p2b: Breloom\n|move|p2a: Staraptor|Tailwind|p2a: Staraptor\n|-sidestart|p2: hadn|move: Tailwind\n|-curestatus|p1b: Skarmory|slp|[msg]\n|move|p1b: Skarmory|Pursuit|p2a: Staraptor\n|-damage|p2a: Staraptor|65\/100\n|\n|-heal|p1b: Skarmory|99\/100|[from] item: Leftovers\n|upkeep\n|\n|t:|1700448837\n|switch|p2b: Volcarona|Volcarona, M|100\/100\n|-damage|p2b: Volcarona|50\/100|[from] Stealth Rock\n|turn|6\n|\n|t:|1700448846\n|-terastallize|p2b: Volcarona|Water\n|move|p1a: Palafin|Jet Punch|p2b: Volcarona\n|-resisted|p2b: Volcarona\n|-damage|p2b: Volcarona|31\/100\n|move|p2b: Volcarona|Quiver Dance|p2b: Volcarona\n|-boost|p2b: Volcarona|spa|1\n|-boost|p2b: Volcarona|spd|1\n|-boost|p2b: Volcarona|spe|1\n|move|p2a: Staraptor|U-turn|p1a: Palafin\n|-damage|p1a: Palafin|14\/100\n|\n|t:|1700448855\n|switch|p2a: Milotic|Milotic, F|100\/100|[from] U-turn\n|-damage|p2a: Milotic|88\/100|[from] Stealth Rock\n|move|p1b: Skarmory|Tailwind|p1b: Skarmory\n|-sidestart|p1: Brick_Enjoyer_144|move: Tailwind\n|\n|-heal|p1b: Skarmory|100\/100|[from] item: Leftovers\n|-status|p2a: Milotic|brn|[from] item: Flame Orb\n|upkeep\n|turn|7\n|\n|t:|1700448882\n|move|p1a: Palafin|Jet Punch|p2b: Volcarona\n|-resisted|p2b: Volcarona\n|-damage|p2b: Volcarona|11\/100\n|move|p2b: Volcarona|Heat Wave|p1b: Skarmory|[spread] p1a,p1b\n|-resisted|p1a: Palafin\n|-supereffective|p1b: Skarmory\n|-damage|p1a: Palafin|0 fnt\n|-ability|p1b: Skarmory|Sturdy\n|-damage|p1b: Skarmory|1\/100\n|faint|p1a: Palafin\n|move|p2a: Milotic|Life Dew|p2a: Milotic|[spread] p2a,p2b\n|-heal|p2a: Milotic|100\/100 brn\n|-heal|p2b: Volcarona|36\/100\n|move|p1b: Skarmory|Pursuit|p2b: Volcarona\n|-damage|p2b: Volcarona|30\/100\n|-status|p1b: Skarmory|brn|[from] ability: Flame Body|[of] p2b: Volcarona\n|\n|-heal|p1b: Skarmory|7\/100 brn|[from] item: Leftovers\n|-damage|p2a: Milotic|94\/100 brn|[from] brn\n|-damage|p1b: Skarmory|1\/100 brn|[from] brn\n|upkeep\n|inactive|Brick_Enjoyer_144 has 120 seconds left.\n|\n|t:|1700448911\n|switch|p1a: Sinistcha|Sinistcha-Masterpiece|100\/100\n|-heal|p1b: Skarmory|26\/100 brn|[from] ability: Hospitality|[of] p1a: Sinistcha\n|turn|8\n|inactive|Brick_Enjoyer_144 has 120 seconds left.\n|\n|t:|1700448921\n|switch|p1a: Houndoom|Houndoom, M|100\/100\n|move|p2b: Volcarona|Heat Wave|p1a: Houndoom|[spread] p1b\n|-start|p1a: Houndoom|ability: Flash Fire\n|-supereffective|p1b: Skarmory\n|-damage|p1b: Skarmory|0 fnt\n|faint|p1b: Skarmory\n|move|p2a: Milotic|Life Dew|p2a: Milotic|[spread] p2a,p2b\n|-heal|p2a: Milotic|100\/100 brn\n|-heal|p2b: Volcarona|55\/100\n|\n|-damage|p2a: Milotic|94\/100 brn|[from] brn\n|-sideend|p2: hadn|move: Tailwind\n|upkeep\n|inactive|Brick_Enjoyer_144 has 120 seconds left.\n|\n|t:|1700448938\n|switch|p1b: Roaring Moon|Roaring Moon|100\/100\n|turn|9\n|\n|t:|1700448951\n|detailschange|p1a: Houndoom|Houndoom-Mega, M\n|-mega|p1a: Houndoom|Houndoom|Houndoominite\n|-end|p1a: Houndoom|ability: Flash Fire|[silent]\n|move|p2b: Volcarona|Protect|p2b: Volcarona\n|-singleturn|p2b: Volcarona|Protect\n|move|p1b: Roaring Moon|Knock Off|p2a: Milotic\n|-damage|p2a: Milotic|61\/100 brn\n|-enditem|p2a: Milotic|Flame Orb|[from] move: Knock Off|[of] p1b: Roaring Moon\n|move|p1a: Houndoom|Dark Pulse|p2b: Volcarona\n|-activate|p2b: Volcarona|move: Protect\n|move|p2a: Milotic|Scald|p1a: Houndoom\n|-supereffective|p1a: Houndoom\n|-damage|p1a: Houndoom|14\/100\n|\n|-damage|p2a: Milotic|55\/100 brn|[from] brn\n|-sideend|p1: Brick_Enjoyer_144|move: Tailwind\n|upkeep\n|turn|10\n|\n|t:|1700448972\n|move|p1b: Roaring Moon|Knock Off|p2b: Volcarona\n|-damage|p2b: Volcarona|0 fnt\n|-enditem|p2b: Volcarona|Flame Plate|[from] move: Knock Off|[of] p1b: Roaring Moon\n|faint|p2b: Volcarona\n|move|p1a: Houndoom|Dark Pulse|p2a: Milotic\n|-damage|p2a: Milotic|24\/100 brn\n|move|p2a: Milotic|Life Dew|p2a: Milotic\n|-heal|p2a: Milotic|50\/100 brn\n|\n|-damage|p2a: Milotic|43\/100 brn|[from] brn\n|upkeep\n|\n|t:|1700448987\n|switch|p2b: Nidoking|Nidoking, M, shiny|100\/100\n|-damage|p2b: Nidoking|94\/100|[from] Stealth Rock\n|turn|11\n|\n|t:|1700449000\n|move|p1b: Roaring Moon|Knock Off|p2a: Milotic\n|-damage|p2a: Milotic|23\/100 brn\n|move|p1a: Houndoom|Dark Pulse|p2a: Milotic\n|-damage|p2a: Milotic|0 fnt\n|faint|p2a: Milotic\n|move|p2b: Nidoking|Earthquake|p1b: Roaring Moon|[spread] p1a,p1b\n|-supereffective|p1a: Houndoom\n|-damage|p1a: Houndoom|0 fnt\n|-damage|p1b: Roaring Moon|42\/100\n|faint|p1a: Houndoom\n|-damage|p2b: Nidoking|84\/100|[from] item: Life Orb\n|\n|upkeep\n|\n|t:|1700449017\n|switch|p1a: Sinistcha|Sinistcha-Masterpiece|100\/100\n|switch|p2a: Staraptor|Staraptor, M|65\/100\n|-damage|p2a: Staraptor|40\/100|[from] Stealth Rock\n|-ability|p2a: Staraptor|Intimidate|boost\n|-unboost|p1a: Sinistcha|atk|1\n|-unboost|p1b: Roaring Moon|atk|1\n|-enditem|p2a: Staraptor|Sitrus Berry|[eat]\n|-heal|p2a: Staraptor|65\/100|[from] item: Sitrus Berry\n|-heal|p1b: Roaring Moon|66\/100|[from] ability: Hospitality|[of] p1a: Sinistcha\n|turn|12\n|\n|t:|1700449039\n|move|p2b: Nidoking|Protect|p2b: Nidoking\n|-singleturn|p2b: Nidoking|Protect\n|move|p1b: Roaring Moon|Knock Off|p2b: Nidoking\n|-activate|p2b: Nidoking|move: Protect\n|move|p2a: Staraptor|Tailwind|p2a: Staraptor\n|-sidestart|p2: hadn|move: Tailwind\n|move|p1a: Sinistcha|Matcha Gotcha|p2b: Nidoking|[spread] p2a\n|-activate|p2b: Nidoking|move: Protect\n|-resisted|p2a: Staraptor\n|-crit|p2a: Staraptor\n|-damage|p2a: Staraptor|25\/100\n|\n|upkeep\n|turn|13\n|\n|t:|1700449062\n|move|p2a: Staraptor|U-turn|p1a: Sinistcha\n|-damage|p1a: Sinistcha|78\/100\n|\n|t:|1700449065\n|switch|p2a: Clefable|Clefable, F|100\/100|[from] U-turn\n|-damage|p2a: Clefable|88\/100|[from] Stealth Rock\n|move|p2b: Nidoking|Poison Jab|p1a: Sinistcha\n|-damage|p1a: Sinistcha|18\/100\n|move|p1b: Roaring Moon|Knock Off|p2b: Nidoking\n|-damage|p2b: Nidoking|34\/100\n|-enditem|p2b: Nidoking|Life Orb|[from] move: Knock Off|[of] p1b: Roaring Moon\n|move|p1a: Sinistcha|Matcha Gotcha|p2a: Clefable|[spread] p2a,p2b\n|-damage|p2a: Clefable|58\/100\n|-heal|p1a: Sinistcha|35\/100|[from] drain|[of] p2a: Clefable\n|-damage|p2b: Nidoking|0 fnt\n|-heal|p1a: Sinistcha|50\/100|[from] drain|[of] p2b: Nidoking\n|faint|p2b: Nidoking\n|\n|-heal|p2a: Clefable|64\/100|[from] item: Leftovers\n|-heal|p1a: Sinistcha|56\/100|[from] item: Leftovers\n|upkeep\n|\n|t:|1700449084\n|switch|p2b: Staraptor|Staraptor, M|25\/100\n|-damage|p2b: Staraptor|0 fnt|[from] Stealth Rock\n|faint|p2b: Staraptor\n|turn|14\n|\n|t:|1700449101\n|move|p1b: Roaring Moon|Knock Off|p2a: Clefable\n|-resisted|p2a: Clefable\n|-damage|p2a: Clefable|42\/100\n|-enditem|p2a: Clefable|Leftovers|[from] move: Knock Off|[of] p1b: Roaring Moon\n|move|p2a: Clefable|Moonblast|p1b: Roaring Moon\n|-supereffective|p1b: Roaring Moon\n|-damage|p1b: Roaring Moon|0 fnt\n|faint|p1b: Roaring Moon\n|-end|p1b: Roaring Moon|Protosynthesis|[silent]\n|move|p1a: Sinistcha|Matcha Gotcha|p2a: Clefable\n|-crit|p2a: Clefable\n|-damage|p2a: Clefable|0 fnt\n|-heal|p1a: Sinistcha|80\/100|[from] drain|[of] p2a: Clefable\n|faint|p2a: Clefable\n|\n|win|Brick_Enjoyer_144\n|raw|Brick_Enjoyer_144's rating: 1206 &rarr; <strong>1235<\/strong><br \/>(+29 for winning)\n|raw|hadn's rating: 1260 &rarr; <strong>1231<\/strong><br \/>(-29 for losing)\n|c|\u2606hadn|gg\n|c|\u2606Brick_Enjoyer_144|Gg\n","uploadtime":1700449125,"views":4,"p1id":"brickenjoyer144","p2id":"hadn","formatid":"gen9nationaldexdoubles","rating":1231,"private":0,"password":""}