{"id":"gen9nationaldexdoubles-1999310438","p1":"luijoroma","p2":"Lewoise","format":"[Gen 9] National Dex Doubles","log":"|j|\u2606luijoroma\n|j|\u2606Lewoise\n|t:|1701058414\n|gametype|doubles\n|player|p1|luijoroma|lucas-gen4pt|1153\n|player|p2|Lewoise|acerola-masters|1269\n|teamsize|p1|6\n|teamsize|p2|6\n|gen|9\n|tier|[Gen 9] National Dex Doubles\n|rated|\n|rule|HP Percentage Mod: HP is shown in percentages\n|rule|Endless Battle Clause: Forcing endless battles is banned\n|rule|OHKO Clause: OHKO moves are banned\n|rule|Evasion Moves Clause: Evasion moves are banned\n|rule|Evasion Abilities Clause: Evasion abilities are banned\n|rule|Species Clause: Limit one of each Pok\u00e9mon\n|rule|Gravity Sleep Clause: The combination of sleep-inducing moves with imperfect accuracy and Gravity or Gigantamax Orbeetle are banned\n|clearpoke\n|poke|p1|Skeledirge, M|\n|poke|p1|Tinkaton, F|\n|poke|p1|Milotic, F|\n|poke|p1|Baxcalibur, M|\n|poke|p1|Garchomp, M|\n|poke|p1|Iron Valiant|\n|poke|p2|Regigigas|\n|poke|p2|Dusclops, F|\n|poke|p2|Diancie|\n|poke|p2|Cresselia, F|\n|poke|p2|Gliscor, F|\n|poke|p2|Jolteon, F|\n|teampreview\n|\n|t:|1701058439\n|start\n|switch|p1a: Skeledirge|Skeledirge, M|100\/100\n|switch|p1b: Milotic|Milotic, F, shiny|100\/100\n|switch|p2a: Diancie|Diancie, shiny|100\/100\n|switch|p2b: Jolteon|Jolteon, F|100\/100\n|turn|1\n|\n|t:|1701058457\n|detailschange|p2a: Diancie|Diancie-Mega, shiny\n|-mega|p2a: Diancie|Diancie|Diancite\n|move|p2b: Jolteon|Volt Switch|p1b: Milotic\n|-supereffective|p1b: Milotic\n|-damage|p1b: Milotic|63\/100\n|\n|t:|1701058463\n|switch|p2b: Gliscor|Gliscor, F|100\/100|[from] Volt Switch\n|move|p2a: Diancie|Diamond Storm|p1a: Skeledirge|[spread] p1a,p1b\n|-supereffective|p1a: Skeledirge\n|-crit|p1b: Milotic\n|-damage|p1a: Skeledirge|50\/100\n|-damage|p1b: Milotic|4\/100\n|move|p1b: Milotic|Hypnosis|p2a: Diancie\n|move|p2a: Diancie|Hypnosis|p1b: Milotic|[from]ability: Magic Bounce\n|-status|p1b: Milotic|slp|[from] move: Hypnosis\n|move|p1a: Skeledirge|Earth Power|p2b: Gliscor\n|-immune|p2b: Gliscor\n|\n|-heal|p1a: Skeledirge|56\/100|[from] item: Leftovers\n|-status|p2b: Gliscor|tox|[from] item: Toxic Orb\n|upkeep\n|turn|2\n|\n|t:|1701058486\n|move|p2a: Diancie|Diamond Storm|p1b: Milotic|[spread] p1a,p1b\n|-supereffective|p1a: Skeledirge\n|-crit|p1b: Milotic\n|-damage|p1a: Skeledirge|6\/100\n|-damage|p1b: Milotic|0 fnt\n|faint|p1b: Milotic\n|move|p2b: Gliscor|Facade|p1a: Skeledirge\n|-immune|p1a: Skeledirge\n|move|p1a: Skeledirge|Slack Off|p1a: Skeledirge\n|-heal|p1a: Skeledirge|56\/100\n|\n|-heal|p1a: Skeledirge|62\/100|[from] item: Leftovers\n|upkeep\n|\n|t:|1701058499\n|switch|p1b: Baxcalibur|Baxcalibur, M|100\/100\n|turn|3\n|\n|t:|1701058511\n|-terastallize|p1b: Baxcalibur|Steel\n|move|p2a: Diancie|Diamond Storm|p1b: Baxcalibur|[spread] \n|-miss|p2a: Diancie|p1a: Skeledirge\n|-miss|p2a: Diancie|p1b: Baxcalibur\n|move|p1b: Baxcalibur|Dragon Dance|p1b: Baxcalibur\n|-boost|p1b: Baxcalibur|atk|1\n|-boost|p1b: Baxcalibur|spe|1\n|move|p2b: Gliscor|Facade|p1b: Baxcalibur\n|-resisted|p1b: Baxcalibur\n|-damage|p1b: Baxcalibur|85\/100\n|move|p1a: Skeledirge|Torch Song|p2a: Diancie\n|-resisted|p2a: Diancie\n|-crit|p2a: Diancie\n|-damage|p2a: Diancie|66\/100\n|-boost|p1a: Skeledirge|spa|1\n|\n|-heal|p1a: Skeledirge|68\/100|[from] item: Leftovers\n|upkeep\n|turn|4\n|\n|t:|1701058537\n|move|p1b: Baxcalibur|Protect|p1b: Baxcalibur\n|-singleturn|p1b: Baxcalibur|Protect\n|move|p2a: Diancie|Earth Power|p1b: Baxcalibur\n|-activate|p1b: Baxcalibur|move: Protect\n|move|p2b: Gliscor|Earthquake|p1a: Skeledirge|[spread] p2a,p1a\n|-activate|p1b: Baxcalibur|move: Protect\n|-supereffective|p2a: Diancie\n|-crit|p2a: Diancie\n|-supereffective|p1a: Skeledirge\n|-damage|p2a: Diancie|0 fnt\n|-damage|p1a: Skeledirge|33\/100\n|faint|p2a: Diancie\n|move|p1a: Skeledirge|Slack Off|p1a: Skeledirge\n|-heal|p1a: Skeledirge|83\/100\n|\n|-heal|p1a: Skeledirge|89\/100|[from] item: Leftovers\n|upkeep\n|\n|t:|1701058553\n|switch|p2a: Cresselia|Cresselia, F, shiny|100\/100\n|turn|5\n|\n|t:|1701058561\n|move|p1b: Baxcalibur|Icicle Spear|p2b: Gliscor\n|-supereffective|p2b: Gliscor\n|-damage|p2b: Gliscor|38\/100 tox\n|-supereffective|p2b: Gliscor\n|-damage|p2b: Gliscor|0 fnt\n|faint|p2b: Gliscor\n|-hitcount|p2: Gliscor|2\n|move|p2a: Cresselia|Psyshock|p1b: Baxcalibur\n|-resisted|p1b: Baxcalibur\n|-damage|p1b: Baxcalibur|70\/100\n|move|p1a: Skeledirge|Will-O-Wisp|p2a: Cresselia\n|-status|p2a: Cresselia|brn\n|\n|-heal|p1a: Skeledirge|95\/100|[from] item: Leftovers\n|-damage|p2a: Cresselia|94\/100 brn|[from] brn\n|upkeep\n|\n|t:|1701058575\n|switch|p2b: Jolteon|Jolteon, F|100\/100\n|turn|6\n|\n|t:|1701058585\n|move|p1b: Baxcalibur|Glaive Rush|p2a: Cresselia\n|-damage|p2a: Cresselia|23\/100 brn\n|-singlemove|p1b: Baxcalibur|Glaive Rush|[silent]\n|move|p2b: Jolteon|Thunderbolt|p1b: Baxcalibur\n|-damage|p1b: Baxcalibur|0 fnt\n|faint|p1b: Baxcalibur\n|move|p2a: Cresselia|Psyshock|p1a: Skeledirge\n|-damage|p1a: Skeledirge|71\/100\n|move|p1a: Skeledirge|Earth Power|p2b: Jolteon\n|-supereffective|p2b: Jolteon\n|-damage|p2b: Jolteon|9\/100\n|\n|-heal|p1a: Skeledirge|77\/100|[from] item: Leftovers\n|-damage|p2a: Cresselia|17\/100 brn|[from] brn\n|upkeep\n|\n|t:|1701058603\n|switch|p1b: Iron Valiant|Iron Valiant|100\/100\n|-enditem|p1b: Iron Valiant|Booster Energy\n|-activate|p1b: Iron Valiant|ability: Quark Drive|[fromitem]\n|-start|p1b: Iron Valiant|quarkdrivespe\n|turn|7\n|\n|t:|1701058615\n|move|p1b: Iron Valiant|Swords Dance|p1b: Iron Valiant\n|-boost|p1b: Iron Valiant|atk|2\n|move|p2b: Jolteon|Shadow Ball|p1a: Skeledirge\n|-supereffective|p1a: Skeledirge\n|-damage|p1a: Skeledirge|29\/100\n|-unboost|p1a: Skeledirge|spd|1\n|move|p2a: Cresselia|Lunar Blessing|p2a: Cresselia|[spread] p2a,p2b\n|-heal|p2a: Cresselia|42\/100 brn\n|-curestatus|p2a: Cresselia|brn|[msg]\n|-heal|p2b: Jolteon|34\/100\n|move|p1a: Skeledirge|Earth Power|p2b: Jolteon\n|-supereffective|p2b: Jolteon\n|-damage|p2b: Jolteon|0 fnt\n|faint|p2b: Jolteon\n|\n|-heal|p1a: Skeledirge|35\/100|[from] item: Leftovers\n|upkeep\n|\n|t:|1701058632\n|switch|p2b: Dusclops|Dusclops, F, shiny|100\/100\n|-item|p1a: Skeledirge|Leftovers|[from] ability: Frisk|[of] p2b: Dusclops|[identify]\n|turn|8\n|\n|t:|1701058659\n|-terastallize|p2a: Cresselia|Fairy\n|move|p1b: Iron Valiant|Moonblast|p2a: Cresselia\n|-damage|p2a: Cresselia|13\/100\n|move|p2a: Cresselia|Moonblast|p1b: Iron Valiant\n|-supereffective|p1b: Iron Valiant\n|-damage|p1b: Iron Valiant|0 fnt\n|faint|p1b: Iron Valiant\n|-end|p1b: Iron Valiant|Quark Drive|[silent]\n|move|p1a: Skeledirge|Slack Off|p1a: Skeledirge\n|-heal|p1a: Skeledirge|85\/100\n|move|p2b: Dusclops|Night Shade|p1a: Skeledirge\n|-damage|p1a: Skeledirge|61\/100\n|\n|-heal|p1a: Skeledirge|67\/100|[from] item: Leftovers\n|upkeep\n|\n|t:|1701058677\n|switch|p1b: Tinkaton|Tinkaton, F|100\/100\n|-ability|p1b: Tinkaton|Mold Breaker\n|turn|9\n|\n|t:|1701058689\n|move|p1b: Tinkaton|Swords Dance|p1b: Tinkaton\n|-boost|p1b: Tinkaton|atk|2\n|move|p2a: Cresselia|Psyshock|p1a: Skeledirge\n|-damage|p1a: Skeledirge|43\/100\n|move|p1a: Skeledirge|Slack Off|p1a: Skeledirge\n|-heal|p1a: Skeledirge|93\/100\n|move|p2b: Dusclops|Night Shade|p1a: Skeledirge\n|-damage|p1a: Skeledirge|69\/100\n|\n|-heal|p1a: Skeledirge|75\/100|[from] item: Leftovers\n|upkeep\n|turn|10\n|\n|t:|1701058713\n|move|p1b: Tinkaton|Gigaton Hammer|p2b: Dusclops\n|-damage|p2b: Dusclops|18\/100\n|move|p2a: Cresselia|Psyshock|p1a: Skeledirge\n|-damage|p1a: Skeledirge|54\/100\n|move|p1a: Skeledirge|Earth Power|p2a: Cresselia\n|-immune|p2a: Cresselia|[from] ability: Levitate\n|move|p2b: Dusclops|Haze|p2b: Dusclops\n|-clearallboost\n|\n|-heal|p1a: Skeledirge|60\/100|[from] item: Leftovers\n|upkeep\n|turn|11\n|\n|t:|1701058741\n|move|p1b: Tinkaton|Protect|p1b: Tinkaton\n|-singleturn|p1b: Tinkaton|Protect\n|move|p2a: Cresselia|Psyshock|p1a: Skeledirge\n|-damage|p1a: Skeledirge|39\/100\n|move|p1a: Skeledirge|Torch Song|p2b: Dusclops\n|-damage|p2b: Dusclops|2\/100\n|-boost|p1a: Skeledirge|spa|1\n|move|p2b: Dusclops|Pain Split|p1b: Tinkaton\n|-activate|p1b: Tinkaton|move: Protect\n|\n|-heal|p1a: Skeledirge|45\/100|[from] item: Leftovers\n|upkeep\n|turn|12\n|\n|t:|1701058783\n|move|p1b: Tinkaton|Gigaton Hammer|p2a: Cresselia\n|-supereffective|p2a: Cresselia\n|-damage|p2a: Cresselia|0 fnt\n|faint|p2a: Cresselia\n|move|p1a: Skeledirge|Earth Power|p2b: Dusclops\n|-damage|p2b: Dusclops|0 fnt\n|faint|p2b: Dusclops\n|\n|-heal|p1a: Skeledirge|51\/100|[from] item: Leftovers\n|upkeep\n|\n|t:|1701058795\n|switch|p2b: Regigigas|Regigigas, shiny|100\/100\n|-start|p2b: Regigigas|ability: Slow Start\n|turn|13\n|\n|t:|1701058804\n|move|p1b: Tinkaton|Swords Dance|p1b: Tinkaton\n|-boost|p1b: Tinkaton|atk|2\n|move|p1a: Skeledirge|Will-O-Wisp|p2b: Regigigas\n|-status|p2b: Regigigas|brn\n|move|p2b: Regigigas|Rock Slide|p1a: Skeledirge|[spread] p1a,p1b\n|-supereffective|p1a: Skeledirge\n|-resisted|p1b: Tinkaton\n|-damage|p1a: Skeledirge|42\/100\n|-damage|p1b: Tinkaton|97\/100\n|\n|-heal|p1a: Skeledirge|48\/100|[from] item: Leftovers\n|-damage|p2b: Regigigas|94\/100 brn|[from] brn\n|upkeep\n|turn|14\n|\n|t:|1701058820\n|move|p1b: Tinkaton|Swords Dance|p1b: Tinkaton\n|-boost|p1b: Tinkaton|atk|2\n|move|p1a: Skeledirge|Slack Off|p1a: Skeledirge\n|-heal|p1a: Skeledirge|98\/100\n|move|p2b: Regigigas|Rock Slide|p1b: Tinkaton|[spread] p1a,p1b\n|-supereffective|p1a: Skeledirge\n|-resisted|p1b: Tinkaton\n|-damage|p1a: Skeledirge|88\/100\n|-damage|p1b: Tinkaton|93\/100\n|\n|-heal|p1a: Skeledirge|94\/100|[from] item: Leftovers\n|-heal|p2b: Regigigas|100\/100 brn|[from] item: Leftovers\n|-damage|p2b: Regigigas|94\/100 brn|[from] brn\n|upkeep\n|turn|15\n|\n|t:|1701058841\n|move|p1b: Tinkaton|Gigaton Hammer|p2b: Regigigas\n|-damage|p2b: Regigigas|0 fnt\n|faint|p2b: Regigigas\n|-end|p2b: Regigigas|Slow Start|[silent]\n|\n|win|luijoroma\n|raw|luijoroma's rating: 1153 &rarr; <strong>1186<\/strong><br \/>(+33 for winning)\n|raw|Lewoise's rating: 1269 &rarr; <strong>1236<\/strong><br \/>(-33 for losing)\n|l|\u2606Lewoise\n","uploadtime":1701058848,"views":1,"p1id":"luijoroma","p2id":"lewoise","formatid":"gen9nationaldexdoubles","rating":1186,"private":0,"password":""}