{"id":"gen9nationaldexdoubles-1969864880","p1":"brotheater","p2":"vayporess","format":"[Gen 9] National Dex Doubles","log":"|j|\u2606brotheater\n|j|\u2606vayporess\n|t:|1697571409\n|gametype|doubles\n|player|p1|brotheater|1|1032\n|player|p2|vayporess|palmer|1000\n|teamsize|p1|5\n|teamsize|p2|6\n|gen|9\n|tier|[Gen 9] National Dex Doubles\n|rated|\n|rule|HP Percentage Mod: HP is shown in percentages\n|rule|Endless Battle Clause: Forcing endless battles is banned\n|rule|OHKO Clause: OHKO moves are banned\n|rule|Evasion Moves Clause: Evasion moves are banned\n|rule|Evasion Abilities Clause: Evasion abilities are banned\n|rule|Species Clause: Limit one of each Pok\u00e9mon\n|rule|Gravity Sleep Clause: The combination of sleep-inducing moves with imperfect accuracy and Gravity or Gigantamax Orbeetle are banned\n|clearpoke\n|poke|p1|Dhelmise|\n|poke|p1|Perrserker, M|\n|poke|p1|Sinistcha|\n|poke|p1|Tyranitar, M|\n|poke|p1|Glimmora, M|\n|poke|p2|Vaporeon, F|\n|poke|p2|Charizard, M|\n|poke|p2|Donphan, M|\n|poke|p2|Torterra, M|\n|poke|p2|Aggron, M|\n|poke|p2|Toxtricity, M|\n|teampreview\n|inactive|Battle timer is ON: inactive players will automatically lose when time's up. (requested by vayporess)\n|c|\u2606vayporess|glhf\n|inactive|brotheater has 120 seconds left.\n|c|\u2606brotheater|yt\n|\n|t:|1697571450\n|start\n|switch|p1a: Glimmora|Glimmora, M|100\/100\n|switch|p1b: Sinistcha|Sinistcha|100\/100\n|switch|p2a: Vaper|Vaporeon, F|100\/100\n|switch|p2b: Chari|Charizard, M|100\/100\n|turn|1\n|\n|t:|1697571468\n|detailschange|p2b: Chari|Charizard-Mega-X, M\n|-mega|p2b: Chari|Charizard|Charizardite X\n|move|p2b: Chari|Blaze Kick|p1b: Sinistcha\n|-supereffective|p1b: Sinistcha\n|-damage|p1b: Sinistcha|16\/100\n|-enditem|p1b: Sinistcha|Red Card|[of] p2b: Chari\n|drag|p2b: Rolly|Donphan, M|100\/100\n|move|p1a: Glimmora|Stealth Rock|p2b: Rolly\n|-sidestart|p2: vayporess|move: Stealth Rock\n|move|p2a: Vaper|Muddy Water|p1a: Glimmora|[spread] p1a,p1b\n|-supereffective|p1a: Glimmora\n|-resisted|p1b: Sinistcha\n|-damage|p1a: Glimmora|33\/100\n|-damage|p1b: Sinistcha|0 fnt\n|faint|p1b: Sinistcha\n|\n|upkeep\n|\n|t:|1697571483\n|switch|p1b: Tyranitar|Tyranitar, M|100\/100\n|-weather|Sandstorm|[from] ability: Sand Stream|[of] p1b: Tyranitar\n|turn|2\n|\n|t:|1697571501\n|switch|p2b: Chari|Charizard-Mega-X, M|100\/100\n|-damage|p2b: Chari|76\/100|[from] Stealth Rock\n|detailschange|p1b: Tyranitar|Tyranitar-Mega, M\n|-mega|p1b: Tyranitar|Tyranitar|Tyranitarite\n|move|p1a: Glimmora|Mortal Spin|p2b: Chari|[spread] p2a,p2b\n|-damage|p2a: Vaper|95\/100\n|-damage|p2b: Chari|70\/100\n|-status|p2a: Vaper|psn\n|-status|p2b: Chari|psn\n|move|p1b: Tyranitar|Earthquake|p2b: Chari|[spread] p1a,p2a,p2b\n|-supereffective|p1a: Glimmora\n|-supereffective|p2b: Chari\n|-damage|p1a: Glimmora|0 fnt\n|-damage|p2a: Vaper|54\/100 psn\n|-damage|p2b: Chari|0 fnt\n|-activate|p1a: Glimmora|ability: Toxic Debris\n|-sidestart|p2: vayporess|move: Toxic Spikes\n|faint|p1a: Glimmora\n|faint|p2b: Chari\n|move|p2a: Vaper|Muddy Water|p1b: Tyranitar\n|-supereffective|p1b: Tyranitar\n|-damage|p1b: Tyranitar|54\/100\n|\n|-weather|Sandstorm|[upkeep]\n|-damage|p2a: Vaper|48\/100 psn|[from] Sandstorm\n|-damage|p2a: Vaper|36\/100 psn|[from] psn\n|upkeep\n|\n|t:|1697571523\n|switch|p2b: Aggy|Aggron, M|100\/100\n|switch|p1a: Dhelmise|Dhelmise|100\/100\n|-damage|p2b: Aggy|94\/100|[from] Stealth Rock\n|turn|3\n|inactive|vayporess has 120 seconds left.\n|\n|t:|1697571561\n|move|p1b: Tyranitar|Curse|p1b: Tyranitar\n|-unboost|p1b: Tyranitar|spe|1\n|-boost|p1b: Tyranitar|atk|1\n|-boost|p1b: Tyranitar|def|1\n|move|p2a: Vaper|Muddy Water|p1b: Tyranitar|[spread] p1a,p1b\n|-resisted|p1a: Dhelmise\n|-supereffective|p1b: Tyranitar\n|-damage|p1a: Dhelmise|89\/100\n|-damage|p1b: Tyranitar|21\/100\n|-unboost|p1a: Dhelmise|accuracy|1\n|move|p1a: Dhelmise|Power Whip|p2a: Vaper\n|-supereffective|p2a: Vaper\n|-damage|p2a: Vaper|0 fnt\n|faint|p2a: Vaper\n|move|p2b: Aggy|Avalanche|p1a: Dhelmise\n|-supereffective|p1a: Dhelmise\n|-damage|p1a: Dhelmise|46\/100\n|\n|-weather|Sandstorm|[upkeep]\n|-damage|p1a: Dhelmise|40\/100|[from] Sandstorm\n|upkeep\n|\n|t:|1697571576\n|switch|p2a: Terry|Torterra, M|100\/100\n|-damage|p2a: Terry|94\/100|[from] Stealth Rock\n|-status|p2a: Terry|psn\n|turn|4\n|\n|t:|1697571591\n|-terastallize|p1a: Dhelmise|Steel\n|move|p2a: Terry|Seed Bomb|p1a: Dhelmise\n|-resisted|p1a: Dhelmise\n|-damage|p1a: Dhelmise|18\/100\n|move|p1b: Tyranitar|Earthquake|p2b: Aggy|[spread] p1a,p2a,p2b\n|-supereffective|p1a: Dhelmise\n|-resisted|p2a: Terry\n|-supereffective|p2b: Aggy\n|-damage|p1a: Dhelmise|0 fnt\n|-damage|p2a: Terry|73\/100 psn\n|-damage|p2b: Aggy|0 fnt\n|faint|p1a: Dhelmise\n|faint|p2b: Aggy\n|\n|-weather|Sandstorm|[upkeep]\n|-heal|p2a: Terry|79\/100 psn|[from] item: Leftovers\n|-damage|p2a: Terry|66\/100 psn|[from] psn\n|upkeep\n|\n|t:|1697571605\n|switch|p2b: Rolly|Donphan, M|100\/100\n|switch|p1a: Perrserker|Perrserker, M|100\/100\n|turn|5\n|\n|t:|1697571629\n|move|p2a: Terry|Seed Bomb|p1b: Tyranitar\n|-supereffective|p1b: Tyranitar\n|-damage|p1b: Tyranitar|0 fnt\n|faint|p1b: Tyranitar\n|move|p2b: Rolly|Rapid Spin|p1a: Perrserker\n|-resisted|p1a: Perrserker\n|-damage|p1a: Perrserker|92\/100\n|-boost|p2b: Rolly|spe|1\n|-damage|p2b: Rolly|84\/100|[from] item: Rocky Helmet|[of] p1a: Perrserker\n|-sideend|p2: vayporess|Toxic Spikes|[from] move: Rapid Spin|[of] p2b: Rolly\n|-sideend|p2: vayporess|Stealth Rock|[from] move: Rapid Spin|[of] p2b: Rolly\n|move|p1a: Perrserker|X-Scissor|p2a: Terry\n|-supereffective|p2a: Terry\n|-damage|p2a: Terry|25\/100 psn\n|\n|-weather|Sandstorm|[upkeep]\n|-heal|p2a: Terry|31\/100 psn|[from] item: Leftovers\n|-damage|p2a: Terry|18\/100 psn|[from] psn\n|upkeep\n|turn|6\n|inactive|brotheater has 120 seconds left.\n|inactive|vayporess has 120 seconds left.\n|\n|t:|1697571668\n|switch|p2a: Toxy|Toxtricity, M|100\/100\n|move|p2b: Rolly|Rapid Spin|p1a: Perrserker\n|-resisted|p1a: Perrserker\n|-damage|p1a: Perrserker|82\/100\n|-boost|p2b: Rolly|spe|1\n|-damage|p2b: Rolly|68\/100|[from] item: Rocky Helmet|[of] p1a: Perrserker\n|move|p1a: Perrserker|Curse|p1a: Perrserker\n|-unboost|p1a: Perrserker|spe|1\n|-boost|p1a: Perrserker|atk|1\n|-boost|p1a: Perrserker|def|1\n|\n|-weather|none\n|upkeep\n|turn|7\n|\n|t:|1697571685\n|-terastallize|p2a: Toxy|Normal\n|move|p2b: Rolly|Rapid Spin|p1a: Perrserker\n|-resisted|p1a: Perrserker\n|-damage|p1a: Perrserker|76\/100\n|-boost|p2b: Rolly|spe|1\n|-damage|p2b: Rolly|51\/100|[from] item: Rocky Helmet|[of] p1a: Perrserker\n|move|p2a: Toxy|Overdrive|p1a: Perrserker\n|-damage|p1a: Perrserker|0 fnt\n|faint|p1a: Perrserker\n|-enditem|p2a: Toxy|Throat Spray\n|\n|win|vayporess\n|raw|brotheater's rating: 1068 &rarr; <strong>1044<\/strong><br \/>(-24 for losing)\n|raw|vayporess's rating: 1000 &rarr; <strong>1048<\/strong><br \/>(+48 for winning)\n|c|\u2606vayporess|gg\n|c|\u2606brotheater|gg\n","uploadtime":1697571700,"views":5,"p1id":"brotheater","p2id":"vayporess","formatid":"gen9nationaldexdoubles","rating":1044,"private":0,"password":""}