{"id":"gen9nationaldexdoubles-1953594784","p1":"Mudkiped","p2":"DewEnjoyer","format":"[Gen 9] National Dex Doubles","log":"|j|\u2606Mudkiped\n|j|\u2606DewEnjoyer\n|t:|1695810226\n|gametype|doubles\n|player|p1|Mudkiped|crasherwake|1139\n|player|p2|DewEnjoyer|birdkeeper-gen4dp|1356\n|teamsize|p1|6\n|teamsize|p2|6\n|gen|9\n|tier|[Gen 9] National Dex Doubles\n|rated|\n|rule|HP Percentage Mod: HP is shown in percentages\n|rule|Endless Battle Clause: Forcing endless battles is banned\n|rule|OHKO Clause: OHKO moves are banned\n|rule|Evasion Moves Clause: Evasion moves are banned\n|rule|Evasion Abilities Clause: Evasion abilities are banned\n|rule|Species Clause: Limit one of each Pok\u00e9mon\n|rule|Gravity Sleep Clause: The combination of sleep-inducing moves with imperfect accuracy and Gravity or Gigantamax Orbeetle are banned\n|clearpoke\n|poke|p1|Wo-Chien|\n|poke|p1|Sinistcha-Masterpiece|\n|poke|p1|Glimmora, F|\n|poke|p1|Kommo-o, M|\n|poke|p1|Ninetales-Alola, F|\n|poke|p1|Arcanine-Hisui, M|\n|poke|p2|Electrode-Hisui|\n|poke|p2|Rillaboom, F|\n|poke|p2|Great Tusk|\n|poke|p2|Volcanion|\n|poke|p2|Goodra-Hisui, M|\n|poke|p2|Tornadus, M|\n|teampreview\n|\n|t:|1695810249\n|start\n|switch|p1a: WatchYoStep|Glimmora, F|100\/100\n|switch|p1b: Mc Cloud|Ninetales-Alola, F, shiny|100\/100\n|switch|p2a: The Steamer|Volcanion|100\/100\n|switch|p2b: Ough|Tornadus, M|100\/100\n|-weather|Snow|[from] ability: Snow Warning|[of] p1b: Mc Cloud\n|-item|p1a: WatchYoStep|Air Balloon\n|turn|1\n|\n|t:|1695810284\n|move|p2b: Ough|Tailwind|p2b: Ough\n|-sidestart|p2: DewEnjoyer|move: Tailwind\n|move|p2a: The Steamer|Heat Wave|p1b: Mc Cloud|[spread] p1a,p1b\n|-resisted|p1a: WatchYoStep\n|-supereffective|p1b: Mc Cloud\n|-damage|p1a: WatchYoStep|79\/100\n|-damage|p1b: Mc Cloud|16\/100\n|-status|p1b: Mc Cloud|brn\n|-enditem|p1a: WatchYoStep|Air Balloon\n|move|p1b: Mc Cloud|Aurora Veil|p1b: Mc Cloud\n|-sidestart|p1: Mudkiped|move: Aurora Veil\n|move|p1a: WatchYoStep|Power Gem|p2a: The Steamer\n|-supereffective|p2a: The Steamer\n|-damage|p2a: The Steamer|3\/100\n|\n|-weather|Snow|[upkeep]\n|-heal|p2a: The Steamer|9\/100|[from] item: Leftovers\n|-damage|p1b: Mc Cloud|10\/100 brn|[from] brn\n|upkeep\n|turn|2\n|\n|t:|1695810313\n|move|p1b: Mc Cloud|Protect|p1b: Mc Cloud\n|-singleturn|p1b: Mc Cloud|Protect\n|move|p2b: Ough|Knock Off|p1b: Mc Cloud\n|-activate|p1b: Mc Cloud|move: Protect\n|move|p2a: The Steamer|Steam Eruption|p1a: WatchYoStep\n|-supereffective|p1a: WatchYoStep\n|-damage|p1a: WatchYoStep|0 fnt\n|faint|p1a: WatchYoStep\n|\n|-weather|Snow|[upkeep]\n|-heal|p2a: The Steamer|15\/100|[from] item: Leftovers\n|-damage|p1b: Mc Cloud|4\/100 brn|[from] brn\n|upkeep\n|\n|t:|1695810324\n|switch|p1a: In A Hot Tub|Sinistcha-Masterpiece|100\/100\n|-heal|p1b: Mc Cloud|29\/100 brn|[from] ability: Hospitality|[of] p1a: In A Hot Tub\n|turn|3\n|\n|t:|1695810334\n|switch|p1b: RK-9|Arcanine-Hisui, M|100\/100\n|-ability|p1b: RK-9|Intimidate|boost\n|-unboost|p2a: The Steamer|atk|1\n|-unboost|p2b: Ough|atk|1\n|move|p2b: Ough|Taunt|p1a: In A Hot Tub\n|-start|p1a: In A Hot Tub|move: Taunt\n|move|p2a: The Steamer|Heat Wave|p1a: In A Hot Tub|[spread] p1a,p1b\n|-supereffective|p1a: In A Hot Tub\n|-crit|p1a: In A Hot Tub\n|-resisted|p1b: RK-9\n|-damage|p1a: In A Hot Tub|0 fnt\n|-damage|p1b: RK-9|95\/100\n|faint|p1a: In A Hot Tub\n|\n|-weather|Snow|[upkeep]\n|-heal|p2a: The Steamer|21\/100|[from] item: Leftovers\n|upkeep\n|\n|t:|1695810351\n|switch|p1a: Big Kahuna|Kommo-o, M, shiny|100\/100\n|turn|4\n|\n|t:|1695810378\n|-terastallize|p1b: RK-9|Grass\n|move|p1a: Big Kahuna|Protect|p1a: Big Kahuna\n|-singleturn|p1a: Big Kahuna|Protect\n|move|p2b: Ough|Taunt|p1a: Big Kahuna\n|-activate|p1a: Big Kahuna|move: Protect\n|move|p2a: The Steamer|Steam Eruption|p1b: RK-9\n|-resisted|p1b: RK-9\n|-damage|p1b: RK-9|78\/100\n|-status|p1b: RK-9|brn\n|move|p1b: RK-9|Rock Slide|p2a: The Steamer|[spread] p2a,p2b\n|-supereffective|p2a: The Steamer\n|-supereffective|p2b: Ough\n|-damage|p2a: The Steamer|1\/100\n|-damage|p2b: Ough|62\/100\n|\n|-weather|Snow|[upkeep]\n|-heal|p2a: The Steamer|7\/100|[from] item: Leftovers\n|-damage|p1b: RK-9|72\/100 brn|[from] brn\n|-sideend|p2: DewEnjoyer|move: Tailwind\n|upkeep\n|turn|5\n|\n|t:|1695810413\n|move|p1b: RK-9|Extreme Speed|p2a: The Steamer\n|-damage|p2a: The Steamer|0 fnt\n|faint|p2a: The Steamer\n|move|p2b: Ough|Tailwind|p2b: Ough\n|-sidestart|p2: DewEnjoyer|move: Tailwind\n|move|p1a: Big Kahuna|Clanging Scales|p2b: Ough\n|-damage|p2b: Ough|24\/100\n|-unboost|p1a: Big Kahuna|def|1\n|\n|-weather|none\n|-damage|p1b: RK-9|66\/100 brn|[from] brn\n|upkeep\n|j| S1r.sweepsaLot\n|l| S1r.sweepsaLot\n|\n|t:|1695810447\n|switch|p2a: Elephant|Great Tusk|100\/100\n|turn|6\n|inactive|Battle timer is ON: inactive players will automatically lose when time's up. (requested by DewEnjoyer)\n|\n|t:|1695810482\n|switch|p1b: Big W|Wo-Chien|100\/100\n|-ability|p1b: Big W|Tablets of Ruin\n|move|p2a: Elephant|Close Combat|p1a: Big Kahuna\n|-damage|p1a: Big Kahuna|36\/100\n|-unboost|p2a: Elephant|def|1\n|-unboost|p2a: Elephant|spd|1\n|-damage|p2a: Elephant|91\/100|[from] item: Life Orb\n|move|p2b: Ough|Bleakwind Storm|p1b: Big W|[spread] p1a,p1b\n|-supereffective|p1a: Big Kahuna\n|-supereffective|p1b: Big W\n|-damage|p1a: Big Kahuna|0 fnt\n|-damage|p1b: Big W|75\/100\n|-unboost|p1b: Big W|spe|1\n|faint|p1a: Big Kahuna\n|\n|-heal|p1b: Big W|81\/100|[from] item: Leftovers\n|upkeep\n|\n|t:|1695810504\n|switch|p1a: RK-9|Arcanine-Hisui, M, tera:Grass|66\/100 brn\n|-ability|p1a: RK-9|Intimidate|boost\n|-unboost|p2a: Elephant|atk|1\n|-unboost|p2b: Ough|atk|1\n|turn|7\n|\n|t:|1695810528\n|move|p1b: Big W|Protect|p1b: Big W\n|-singleturn|p1b: Big W|Protect\n|move|p2a: Elephant|Close Combat|p1a: RK-9\n|-damage|p1a: RK-9|34\/100 brn\n|-unboost|p2a: Elephant|def|1\n|-unboost|p2a: Elephant|spd|1\n|-damage|p2a: Elephant|81\/100|[from] item: Life Orb\n|move|p2b: Ough|Bleakwind Storm|p1a: RK-9|[spread] p1a\n|-activate|p1b: Big W|move: Protect\n|-supereffective|p1a: RK-9\n|-damage|p1a: RK-9|3\/100 brn\n|move|p1a: RK-9|Rock Slide|p2a: Elephant|[spread] p2a,p2b\n|-resisted|p2a: Elephant\n|-supereffective|p2b: Ough\n|-damage|p2a: Elephant|77\/100\n|-damage|p2b: Ough|0 fnt\n|faint|p2b: Ough\n|\n|-heal|p1b: Big W|87\/100|[from] item: Leftovers\n|-damage|p1a: RK-9|0 fnt|[from] brn\n|faint|p1a: RK-9\n|upkeep\n|\n|t:|1695810553\n|switch|p1a: Mc Cloud|Ninetales-Alola, F, shiny|29\/100 brn\n|switch|p2b: Orb|Electrode-Hisui, shiny|100\/100\n|-weather|Snow|[from] ability: Snow Warning|[of] p1a: Mc Cloud\n|turn|8\n|\n|t:|1695810564\n|move|p1a: Mc Cloud|Protect|p1a: Mc Cloud\n|-singleturn|p1a: Mc Cloud|Protect\n|move|p2b: Orb|Chloroblast|p1a: Mc Cloud\n|-activate|p1a: Mc Cloud|move: Protect\n|move|p2a: Elephant|Close Combat|p1b: Big W\n|-supereffective|p1b: Big W\n|-damage|p1b: Big W|45\/100\n|-unboost|p2a: Elephant|def|1\n|-unboost|p2a: Elephant|spd|1\n|-damage|p2a: Elephant|67\/100|[from] item: Life Orb\n|move|p1b: Big W|Pollen Puff|p2b: Orb\n|-supereffective|p2b: Orb\n|-damage|p2b: Orb|35\/100\n|\n|-weather|Snow|[upkeep]\n|-heal|p1b: Big W|51\/100|[from] item: Leftovers\n|-damage|p1a: Mc Cloud|23\/100 brn|[from] brn\n|-sideend|p2: DewEnjoyer|move: Tailwind\n|-sideend|p1: Mudkiped|move: Aurora Veil\n|upkeep\n|turn|9\n|inactive|DewEnjoyer has 120 seconds left.\n|\n|t:|1695810599\n|-terastallize|p2a: Elephant|Ground\n|move|p1a: Mc Cloud|Protect||[still]\n|-fail|p1a: Mc Cloud\n|move|p2b: Orb|Chloroblast|p1a: Mc Cloud\n|-damage|p1a: Mc Cloud|0 fnt\n|faint|p1a: Mc Cloud\n|-damage|p2b: Orb|0 fnt|[from] Recoil\n|faint|p2b: Orb\n|move|p2a: Elephant|Close Combat|p1b: Big W\n|-supereffective|p1b: Big W\n|-crit|p1b: Big W\n|-damage|p1b: Big W|0 fnt\n|-unboost|p2a: Elephant|def|1\n|-unboost|p2a: Elephant|spd|1\n|faint|p1b: Big W\n|-damage|p2a: Elephant|57\/100|[from] item: Life Orb\n|\n|win|DewEnjoyer\n|raw|Mudkiped's rating: 1139 &rarr; <strong>1128<\/strong><br \/>(-11 for losing)\n|raw|DewEnjoyer's rating: 1356 &rarr; <strong>1365<\/strong><br \/>(+9 for winning)\n|l|\u2606Mudkiped\n","uploadtime":1695810618,"views":20,"p1id":"mudkiped","p2id":"dewenjoyer","formatid":"gen9nationaldexdoubles","rating":1128,"private":0,"password":""}