{"id":"gen9nationaldexdoubles-1954298687","p1":"Sharpiepen","p2":"pot rocks","format":"[Gen 9] National Dex Doubles","log":"|j|\u2606Sharpiepen\n|j|\u2606pot rocks\n|t:|1695875587\n|gametype|doubles\n|player|p1|Sharpiepen|266|1194\n|player|p2|pot rocks|fisherman-gen4|1167\n|teamsize|p1|6\n|teamsize|p2|6\n|gen|9\n|tier|[Gen 9] National Dex Doubles\n|rated|\n|rule|HP Percentage Mod: HP is shown in percentages\n|rule|Endless Battle Clause: Forcing endless battles is banned\n|rule|OHKO Clause: OHKO moves are banned\n|rule|Evasion Moves Clause: Evasion moves are banned\n|rule|Evasion Abilities Clause: Evasion abilities are banned\n|rule|Species Clause: Limit one of each Pok\u00e9mon\n|rule|Gravity Sleep Clause: The combination of sleep-inducing moves with imperfect accuracy and Gravity or Gigantamax Orbeetle are banned\n|clearpoke\n|poke|p1|Hippowdon, M|\n|poke|p1|Corviknight, F|\n|poke|p1|Diancie|\n|poke|p1|Coalossal, F|\n|poke|p1|Tyranitar, F|\n|poke|p1|Garchomp, F|\n|poke|p2|Ambipom, M|\n|poke|p2|Jolteon, M|\n|poke|p2|Absol, F|\n|poke|p2|Tauros, M|\n|poke|p2|Pidove, F|\n|poke|p2|Weezing-Galar, F|\n|teampreview\n|inactive|Battle timer is ON: inactive players will automatically lose when time's up. (requested by pot rocks)\n|\n|t:|1695875601\n|start\n|switch|p1a: Tyranitar|Tyranitar, F|100\/100\n|switch|p1b: Diancie|Diancie|100\/100\n|switch|p2a: Jolteon|Jolteon, M|100\/100\n|switch|p2b: Ambipom|Ambipom, M|100\/100\n|-weather|Sandstorm|[from] ability: Sand Stream|[of] p1a: Tyranitar\n|turn|1\n|inactive|Sharpiepen has 120 seconds left.\n|\n|t:|1695875636\n|detailschange|p1b: Diancie|Diancie-Mega\n|-mega|p1b: Diancie|Diancie|Diancite\n|-terastallize|p2a: Jolteon|Grass\n|move|p2b: Ambipom|Fake Out|p1a: Tyranitar\n|-resisted|p1a: Tyranitar\n|-damage|p1a: Tyranitar|90\/100\n|move|p2a: Jolteon|Tera Blast|p1b: Diancie|[anim] Tera Blast Grass\n|-supereffective|p1b: Diancie\n|-damage|p1b: Diancie|25\/100\n|move|p1b: Diancie|Diamond Storm|p2a: Jolteon|[spread] p2a,p2b\n|-damage|p2a: Jolteon|18\/100\n|-damage|p2b: Ambipom|29\/100\n|cant|p1a: Tyranitar|flinch\n|\n|-weather|Sandstorm|[upkeep]\n|-damage|p2a: Jolteon|12\/100|[from] Sandstorm\n|-damage|p2b: Ambipom|23\/100|[from] Sandstorm\n|upkeep\n|turn|2\n|\n|t:|1695875656\n|move|p2a: Jolteon|Tera Blast|p1b: Diancie|[anim] Tera Blast Grass\n|-supereffective|p1b: Diancie\n|-damage|p1b: Diancie|0 fnt\n|faint|p1b: Diancie\n|move|p2b: Ambipom|Double Hit|p1a: Tyranitar\n|-resisted|p1a: Tyranitar\n|-damage|p1a: Tyranitar|80\/100\n|-resisted|p1a: Tyranitar\n|-damage|p1a: Tyranitar|70\/100\n|-hitcount|p1a: Tyranitar|2\n|move|p1a: Tyranitar|Crunch|p2b: Ambipom\n|-damage|p2b: Ambipom|0 fnt\n|faint|p2b: Ambipom\n|\n|-weather|Sandstorm|[upkeep]\n|-damage|p2a: Jolteon|6\/100|[from] Sandstorm\n|upkeep\n|\n|t:|1695875671\n|switch|p2b: Absol|Absol, F|100\/100\n|switch|p1b: Coalossal|Coalossal, F|100\/100\n|turn|3\n|\n|t:|1695875688\n|move|p2a: Jolteon|Tera Blast|p1a: Tyranitar|[anim] Tera Blast Grass\n|-supereffective|p1a: Tyranitar\n|-damage|p1a: Tyranitar|32\/100\n|move|p2b: Absol|Night Slash|p1b: Coalossal\n|-crit|p1b: Coalossal\n|-damage|p1b: Coalossal|60\/100\n|move|p1a: Tyranitar|Fire Punch|p2b: Absol\n|-damage|p2b: Absol|48\/100\n|move|p1b: Coalossal|Stealth Rock|p2a: Jolteon\n|-sidestart|p2: pot rocks|move: Stealth Rock\n|\n|-weather|Sandstorm|[upkeep]\n|-damage|p2a: Jolteon|0 fnt|[from] Sandstorm\n|-damage|p2b: Absol|42\/100|[from] Sandstorm\n|faint|p2a: Jolteon\n|upkeep\n|\n|t:|1695875697\n|switch|p2a: Weezing|Weezing-Galar, F|100\/100\n|-ability|p2a: Weezing|Neutralizing Gas\n|-damage|p2a: Weezing|88\/100|[from] Stealth Rock\n|turn|4\n|\n|t:|1695875725\n|move|p2b: Absol|Superpower|p1b: Coalossal\n|-supereffective|p1b: Coalossal\n|-damage|p1b: Coalossal|0 fnt\n|-unboost|p2b: Absol|atk|1\n|-unboost|p2b: Absol|def|1\n|faint|p1b: Coalossal\n|move|p1a: Tyranitar|Fire Punch|p2b: Absol\n|-damage|p2b: Absol|0 fnt\n|faint|p2b: Absol\n|move|p2a: Weezing|Dazzling Gleam|p1a: Tyranitar\n|-supereffective|p1a: Tyranitar\n|-damage|p1a: Tyranitar|10\/100\n|\n|-weather|Sandstorm|[upkeep]\n|-damage|p2a: Weezing|82\/100|[from] Sandstorm\n|-heal|p2a: Weezing|88\/100|[from] item: Leftovers\n|upkeep\n|\n|t:|1695875741\n|switch|p2b: Pidove|Pidove, F|100\/100\n|switch|p1b: Garchomp|Garchomp, F|100\/100\n|-damage|p2b: Pidove|76\/100|[from] Stealth Rock\n|turn|5\n|inactive|Sharpiepen has 120 seconds left.\n|\n|t:|1695875772\n|move|p1b: Garchomp|Earthquake|p2a: Weezing|[spread] p1a,p2a\n|-immune|p2b: Pidove\n|-supereffective|p1a: Tyranitar\n|-supereffective|p2a: Weezing\n|-damage|p1a: Tyranitar|0 fnt\n|-damage|p2a: Weezing|32\/100\n|faint|p1a: Tyranitar\n|move|p2b: Pidove|Tailwind|p2b: Pidove\n|-sidestart|p2: pot rocks|move: Tailwind\n|move|p2a: Weezing|Dazzling Gleam|p1b: Garchomp\n|-supereffective|p1b: Garchomp\n|-damage|p1b: Garchomp|45\/100\n|\n|-weather|none\n|-heal|p2a: Weezing|38\/100|[from] item: Leftovers\n|upkeep\n|inactive|Sharpiepen has 120 seconds left.\n|\n|t:|1695875786\n|switch|p1a: Hippowdon|Hippowdon, M|100\/100\n|turn|6\n|\n|t:|1695875797\n|-terastallize|p1a: Hippowdon|Rock\n|move|p2b: Pidove|Toxic|p1a: Hippowdon\n|-status|p1a: Hippowdon|tox\n|move|p2a: Weezing|Dazzling Gleam|p1a: Hippowdon|[spread] p1a,p1b\n|-supereffective|p1b: Garchomp\n|-damage|p1a: Hippowdon|76\/100 tox\n|-damage|p1b: Garchomp|1\/100\n|move|p1b: Garchomp|Rock Slide|p2b: Pidove|[spread] p2a,p2b\n|-supereffective|p2b: Pidove\n|-damage|p2a: Weezing|25\/100\n|-damage|p2b: Pidove|0 fnt\n|faint|p2b: Pidove\n|move|p1a: Hippowdon|Rock Slide|p2a: Weezing\n|-damage|p2a: Weezing|1\/100\n|\n|-heal|p2a: Weezing|7\/100|[from] item: Leftovers\n|-heal|p1a: Hippowdon|82\/100 tox|[from] item: Leftovers\n|-damage|p1a: Hippowdon|76\/100 tox|[from] psn\n|upkeep\n|\n|t:|1695875809\n|switch|p2b: Tauros|Tauros, M|100\/100\n|-damage|p2b: Tauros|88\/100|[from] Stealth Rock\n|turn|7\n|\n|t:|1695875827\n|move|p2b: Tauros|Rock Slide|p1b: Garchomp|[spread] p1a,p1b\n|-resisted|p1b: Garchomp\n|-damage|p1a: Hippowdon|65\/100 tox\n|-damage|p1b: Garchomp|0 fnt\n|faint|p1b: Garchomp\n|move|p2a: Weezing|Dazzling Gleam|p1a: Hippowdon\n|-damage|p1a: Hippowdon|32\/100 tox\n|move|p1a: Hippowdon|Body Press|p2b: Tauros\n|-supereffective|p2b: Tauros\n|-damage|p2b: Tauros|27\/100\n|\n|-heal|p2b: Tauros|33\/100|[from] item: Leftovers\n|-heal|p2a: Weezing|13\/100|[from] item: Leftovers\n|-heal|p1a: Hippowdon|38\/100 tox|[from] item: Leftovers\n|-damage|p1a: Hippowdon|26\/100 tox|[from] psn\n|upkeep\n|\n|t:|1695875843\n|switch|p1b: Corviknight|Corviknight, F|100\/100\n|turn|8\n|\n|t:|1695875852\n|move|p2b: Tauros|Rock Slide|p1a: Hippowdon|[spread] p1a,p1b\n|-damage|p1a: Hippowdon|15\/100 tox\n|-damage|p1b: Corviknight|88\/100\n|move|p2a: Weezing|Destiny Bond|p2a: Weezing\n|-singlemove|p2a: Weezing|Destiny Bond\n|move|p1b: Corviknight|Drill Peck|p2a: Weezing\n|-damage|p2a: Weezing|0 fnt\n|faint|p2a: Weezing\n|-activate|p2a: Weezing|move: Destiny Bond\n|-end|p2a: Weezing|ability: Neutralizing Gas\n|faint|p1b: Corviknight\n|move|p1a: Hippowdon|Body Press|p2b: Tauros\n|-supereffective|p2b: Tauros\n|-damage|p2b: Tauros|0 fnt\n|faint|p2b: Tauros\n|\n|win|Sharpiepen\n|raw|Sharpiepen's rating: 1194 &rarr; <strong>1217<\/strong><br \/>(+23 for winning)\n|raw|pot rocks's rating: 1167 &rarr; <strong>1144<\/strong><br \/>(-23 for losing)\n|c|\u2606pot rocks|Hshhehehe\n|l|\u2606Sharpiepen\n|c|\u2606pot rocks|Gg\n","uploadtime":1695875876,"views":7,"p1id":"sharpiepen","p2id":"potrocks","formatid":"gen9nationaldexdoubles","rating":1144,"private":0,"password":""}