{"id":"gen9nationaldexdoubles-1970890837","p1":"Nobodyandno-one","p2":"the maraculous","format":"[Gen 9] National Dex Doubles","log":"|j|\u2606Nobodyandno-one\n|j|\u2606the maraculous\n|t:|1697677798\n|gametype|doubles\n|player|p1|Nobodyandno-one|265|1204\n|player|p2|the maraculous|dragontamer|1439\n|teamsize|p1|6\n|teamsize|p2|6\n|gen|9\n|tier|[Gen 9] National Dex Doubles\n|rated|\n|rule|HP Percentage Mod: HP is shown in percentages\n|rule|Endless Battle Clause: Forcing endless battles is banned\n|rule|OHKO Clause: OHKO moves are banned\n|rule|Evasion Moves Clause: Evasion moves are banned\n|rule|Evasion Abilities Clause: Evasion abilities are banned\n|rule|Species Clause: Limit one of each Pok\u00e9mon\n|rule|Gravity Sleep Clause: The combination of sleep-inducing moves with imperfect accuracy and Gravity or Gigantamax Orbeetle are banned\n|clearpoke\n|poke|p1|Porygon2|\n|poke|p1|Glastrier|\n|poke|p1|Greedent, M|\n|poke|p1|Dusclops, F|\n|poke|p1|Sableye, M|\n|poke|p1|Clodsire, M|\n|poke|p2|Xurkitree|\n|poke|p2|Iron Valiant|\n|poke|p2|Chandelure, M|\n|poke|p2|Landorus-Therian, M|\n|poke|p2|Kartana|\n|poke|p2|Farigiraf, M|\n|teampreview\n|\n|t:|1697677822\n|start\n|switch|p1a: Sableye|Sableye, M|100\/100\n|switch|p1b: Porygon2|Porygon2|100\/100\n|switch|p2a: Chandelure|Chandelure, M|100\/100\n|switch|p2b: Landorus|Landorus-Therian, M|100\/100\n|-ability|p2b: Landorus|Intimidate|boost\n|-unboost|p1a: Sableye|atk|1\n|-unboost|p1b: Porygon2|atk|1\n|-item|p2a: Chandelure|Air Balloon\n|-ability|p1b: Porygon2|Download|boost\n|-boost|p1b: Porygon2|atk|1\n|turn|1\n|\n|t:|1697677839\n|switch|p2b: Farigiraf|Farigiraf, M|100\/100\n|detailschange|p1a: Sableye|Sableye-Mega, M\n|-mega|p1a: Sableye|Sableye|Sablenite\n|move|p2a: Chandelure|Imprison|p2a: Chandelure\n|-start|p2a: Chandelure|move: Imprison\n|move|p1a: Sableye|Will-O-Wisp|p2b: Farigiraf\n|-status|p2b: Farigiraf|brn\n|cant|p1b: Porygon2|move: Imprison|Trick Room\n|\n|-damage|p2b: Farigiraf|94\/100 brn|[from] brn\n|upkeep\n|turn|2\n|\n|t:|1697677860\n|move|p2a: Chandelure|Shadow Ball|p1a: Sableye\n|-damage|p1a: Sableye|49\/100\n|-unboost|p1a: Sableye|spd|1\n|move|p2b: Farigiraf|Nasty Plot|p2b: Farigiraf\n|-boost|p2b: Farigiraf|spa|2\n|move|p1b: Porygon2|Thunder Wave|p2a: Chandelure\n|-status|p2a: Chandelure|par\n|move|p1a: Sableye|Knock Off|p2a: Chandelure\n|-supereffective|p2a: Chandelure\n|-damage|p2a: Chandelure|42\/100 par\n|-enditem|p2a: Chandelure|Air Balloon\n|\n|-heal|p2b: Farigiraf|100\/100 brn|[from] item: Leftovers\n|-damage|p2b: Farigiraf|94\/100 brn|[from] brn\n|upkeep\n|turn|3\n|\n|t:|1697677879\n|switch|p1b: Dusclops|Dusclops, F|100\/100\n|-item|p2b: Farigiraf|Leftovers|[from] ability: Frisk|[of] p1b: Dusclops|[identify]\n|move|p1a: Sableye|Protect|p1a: Sableye\n|-singleturn|p1a: Sableye|Protect\n|move|p2b: Farigiraf|Dazzling Gleam|p1b: Dusclops|[spread] p1b\n|-activate|p1a: Sableye|move: Protect\n|-damage|p1b: Dusclops|73\/100\n|move|p2a: Chandelure|Flamethrower|p1b: Dusclops\n|-damage|p1b: Dusclops|34\/100\n|\n|-heal|p2b: Farigiraf|100\/100 brn|[from] item: Leftovers\n|-damage|p2b: Farigiraf|94\/100 brn|[from] brn\n|upkeep\n|turn|4\n|\n|t:|1697677909\n|switch|p1a: Porygon2|Porygon2|100\/100\n|-ability|p1a: Porygon2|Download|boost\n|-boost|p1a: Porygon2|spa|1\n|move|p2b: Farigiraf|Dazzling Gleam|p1b: Dusclops|[spread] p1a,p1b\n|-damage|p1a: Porygon2|83\/100\n|-damage|p1b: Dusclops|9\/100\n|move|p2a: Chandelure|Flamethrower|p1b: Dusclops\n|-damage|p1b: Dusclops|0 fnt\n|faint|p1b: Dusclops\n|\n|-heal|p2b: Farigiraf|100\/100 brn|[from] item: Leftovers\n|-damage|p2b: Farigiraf|94\/100 brn|[from] brn\n|upkeep\n|\n|t:|1697677917\n|switch|p1b: Glastrier|Glastrier|100\/100\n|turn|5\n|\n|t:|1697677933\n|move|p2b: Farigiraf|Hyper Voice|p1b: Glastrier|[spread] p1a,p1b\n|-damage|p1a: Porygon2|49\/100\n|-damage|p1b: Glastrier|50\/100\n|move|p1a: Porygon2|Recover|p1a: Porygon2\n|-heal|p1a: Porygon2|99\/100\n|cant|p2a: Chandelure|par\n|move|p1b: Glastrier|High Horsepower|p2a: Chandelure\n|-supereffective|p2a: Chandelure\n|-damage|p2a: Chandelure|0 fnt\n|faint|p2a: Chandelure\n|-ability|p1b: Glastrier|Chilling Neigh|boost\n|-boost|p1b: Glastrier|atk|1\n|-damage|p1b: Glastrier|40\/100|[from] item: Life Orb\n|\n|-heal|p2b: Farigiraf|100\/100 brn|[from] item: Leftovers\n|-damage|p2b: Farigiraf|94\/100 brn|[from] brn\n|upkeep\n|\n|t:|1697677941\n|switch|p2a: Kartana|Kartana|100\/100\n|turn|6\n|\n|t:|1697677949\n|move|p2a: Kartana|Sacred Sword|p1a: Porygon2\n|-supereffective|p1a: Porygon2\n|-damage|p1a: Porygon2|52\/100\n|move|p2b: Farigiraf|Hyper Voice|p1b: Glastrier|[spread] p1a,p1b\n|-damage|p1a: Porygon2|18\/100\n|-damage|p1b: Glastrier|0 fnt\n|faint|p1b: Glastrier\n|move|p1a: Porygon2|Trick Room|p1a: Porygon2\n|-fieldstart|move: Trick Room|[of] p1a: Porygon2\n|\n|-heal|p2b: Farigiraf|100\/100 brn|[from] item: Leftovers\n|-damage|p2b: Farigiraf|94\/100 brn|[from] brn\n|upkeep\n|\n|t:|1697677955\n|switch|p1b: Greedent|Greedent, M, shiny|100\/100\n|turn|7\n|\n|t:|1697677970\n|switch|p2a: Landorus|Landorus-Therian, M|100\/100\n|-ability|p2a: Landorus|Intimidate|boost\n|-unboost|p1a: Porygon2|atk|1\n|-unboost|p1b: Greedent|atk|1\n|-terastallize|p1b: Greedent|Ghost\n|move|p1b: Greedent|Belly Drum|p1b: Greedent\n|-damage|p1b: Greedent|50\/100\n|-setboost|p1b: Greedent|atk|6|[from] move: Belly Drum\n|-enditem|p1b: Greedent|Sitrus Berry|[eat]\n|-heal|p1b: Greedent|75\/100|[from] item: Sitrus Berry\n|-heal|p1b: Greedent|100\/100|[from] ability: Cheek Pouch\n|move|p1a: Porygon2|Thunder Wave|p2a: Landorus\n|-immune|p2a: Landorus\n|move|p2b: Farigiraf|Twin Beam|p1b: Greedent\n|-damage|p1b: Greedent|60\/100\n|-damage|p1b: Greedent|21\/100\n|-hitcount|p1b: Greedent|2\n|\n|-heal|p2b: Farigiraf|100\/100 brn|[from] item: Leftovers\n|-damage|p2b: Farigiraf|94\/100 brn|[from] brn\n|upkeep\n|turn|8\n|\n|t:|1697677999\n|move|p1b: Greedent|Knock Off|p2b: Farigiraf\n|-supereffective|p2b: Farigiraf\n|-damage|p2b: Farigiraf|0 fnt\n|-enditem|p2b: Farigiraf|Leftovers|[from] move: Knock Off|[of] p1b: Greedent\n|faint|p2b: Farigiraf\n|move|p1a: Porygon2|Recover|p1a: Porygon2\n|-heal|p1a: Porygon2|68\/100\n|move|p2a: Landorus|Knock Off|p1b: Greedent\n|-supereffective|p1b: Greedent\n|-crit|p1b: Greedent\n|-damage|p1b: Greedent|0 fnt\n|faint|p1b: Greedent\n|\n|upkeep\n|-message|Nobodyandno-one forfeited.\n|\n|win|the maraculous\n|raw|Nobodyandno-one's rating: 1204 &rarr; <strong>1194<\/strong><br \/>(-10 for losing)\n|raw|the maraculous's rating: 1439 &rarr; <strong>1447<\/strong><br \/>(+8 for winning)\n|l|\u2606Nobodyandno-one\n","uploadtime":1697678011,"views":7,"p1id":"nobodyandnoone","p2id":"themaraculous","formatid":"gen9nationaldexdoubles","rating":1194,"private":0,"password":""}