{"id":"gen9nationaldexdoubles-1957364844","p1":"musichat","p2":"MirzaMirza","format":"[Gen 9] National Dex Doubles","log":"|j|\u2606musichat\n|j|\u2606MirzaMirza\n|t:|1696212723\n|gametype|doubles\n|player|p1|musichat|arezu|1138\n|player|p2|MirzaMirza|2|1367\n|teamsize|p1|6\n|teamsize|p2|6\n|gen|9\n|tier|[Gen 9] National Dex Doubles\n|rated|\n|rule|HP Percentage Mod: HP is shown in percentages\n|rule|Endless Battle Clause: Forcing endless battles is banned\n|rule|OHKO Clause: OHKO moves are banned\n|rule|Evasion Moves Clause: Evasion moves are banned\n|rule|Evasion Abilities Clause: Evasion abilities are banned\n|rule|Species Clause: Limit one of each Pok\u00e9mon\n|rule|Gravity Sleep Clause: The combination of sleep-inducing moves with imperfect accuracy and Gravity or Gigantamax Orbeetle are banned\n|clearpoke\n|poke|p1|Gothitelle, F|\n|poke|p1|Manectric, M|\n|poke|p1|Durant, F|\n|poke|p1|Tapu Fini|\n|poke|p1|Persian-Alola, M|\n|poke|p1|Zygarde|\n|poke|p2|Volcarona, M|\n|poke|p2|Smeargle, F|\n|poke|p2|Tapu Lele|\n|poke|p2|Tapu Fini|\n|poke|p2|Suicune|\n|poke|p2|Chien-Pao|\n|teampreview\n|inactive|Battle timer is ON: inactive players will automatically lose when time's up. (requested by musichat)\n|inactive|MirzaMirza also wants the timer to be on.\n|\n|t:|1696212743\n|start\n|switch|p1a: Persian|Persian-Alola, M|100\/100\n|switch|p1b: Manectric|Manectric, M|100\/100\n|switch|p2a: Miami Terror|Volcarona, M|100\/100\n|switch|p2b: Bobby Lee|Smeargle, F|100\/100\n|turn|1\n|\n|t:|1696212757\n|move|p2b: Bobby Lee|King's Shield|p2b: Bobby Lee\n|-singleturn|p2b: Bobby Lee|Protect\n|move|p2a: Miami Terror|Protect|p2a: Miami Terror\n|-singleturn|p2a: Miami Terror|Protect\n|move|p1a: Persian|Fake Out|p2b: Bobby Lee\n|-activate|p2b: Bobby Lee|move: Protect\n|-unboost|p1a: Persian|atk|1\n|move|p1b: Manectric|Snarl|p2b: Bobby Lee|[spread] \n|-activate|p2a: Miami Terror|move: Protect\n|-activate|p2b: Bobby Lee|move: Protect\n|\n|-ability|p2b: Bobby Lee|Moody|boost\n|-boost|p2b: Bobby Lee|def|2\n|-unboost|p2b: Bobby Lee|spe|1\n|upkeep\n|turn|2\n|c|\u2606musichat|moody \ud83e\udd21\n|\n|t:|1696212783\n|move|p2b: Bobby Lee|Wide Guard|p2b: Bobby Lee\n|-singleturn|p2b: Bobby Lee|Wide Guard\n|move|p1a: Persian|Taunt|p2b: Bobby Lee\n|-start|p2b: Bobby Lee|move: Taunt\n|move|p1b: Manectric|Snarl|p2a: Miami Terror|[spread] \n|-activate|p2a: Miami Terror|move: Wide Guard\n|-activate|p2b: Bobby Lee|move: Wide Guard\n|move|p2a: Miami Terror|Quiver Dance|p2a: Miami Terror\n|-boost|p2a: Miami Terror|spa|1\n|-boost|p2a: Miami Terror|spd|1\n|-boost|p2a: Miami Terror|spe|1\n|\n|-ability|p2b: Bobby Lee|Moody|boost\n|-boost|p2b: Bobby Lee|atk|2\n|-unboost|p2b: Bobby Lee|spa|1\n|upkeep\n|turn|3\n|\n|t:|1696212799\n|switch|p2b: Mi-Aow|Chien-Pao|100\/100\n|-ability|p2b: Mi-Aow|Sword of Ruin\n|move|p2a: Miami Terror|Protect|p2a: Miami Terror\n|-singleturn|p2a: Miami Terror|Protect\n|move|p1a: Persian|Taunt|p2a: Miami Terror\n|-activate|p2a: Miami Terror|move: Protect\n|move|p1b: Manectric|Snarl|p2a: Miami Terror|[spread] p2b\n|-activate|p2a: Miami Terror|move: Protect\n|-resisted|p2b: Mi-Aow\n|-crit|p2b: Mi-Aow\n|-damage|p2b: Mi-Aow|87\/100\n|-unboost|p2b: Mi-Aow|spa|1\n|\n|upkeep\n|turn|4\n|\n|t:|1696212816\n|detailschange|p1b: Manectric|Manectric-Mega, M\n|-mega|p1b: Manectric|Manectric|Manectite\n|-ability|p1b: Manectric|Intimidate|boost\n|-unboost|p2a: Miami Terror|atk|1\n|-unboost|p2b: Mi-Aow|atk|1\n|move|p2b: Mi-Aow|Sacred Sword|p1a: Persian\n|-supereffective|p1a: Persian\n|-damage|p1a: Persian|54\/100\n|move|p1b: Manectric|Volt Switch|p2b: Mi-Aow\n|-damage|p2b: Mi-Aow|37\/100\n|\n|t:|1696212828\n|switch|p1b: Durant|Durant, F|100\/100|[from] Volt Switch\n|move|p2a: Miami Terror|Quiver Dance|p2a: Miami Terror\n|-boost|p2a: Miami Terror|spa|1\n|-boost|p2a: Miami Terror|spd|1\n|-boost|p2a: Miami Terror|spe|1\n|move|p1a: Persian|Parting Shot|p2a: Miami Terror\n|-unboost|p2a: Miami Terror|atk|1\n|-unboost|p2a: Miami Terror|spa|1\n|\n|t:|1696212838\n|switch|p1a: graaaah|Gothitelle, F|100\/100|[from] Parting Shot\n|\n|upkeep\n|turn|5\n|\n|t:|1696212859\n|-terastallize|p1b: Durant|Bug\n|move|p1a: graaaah|Protect|p1a: graaaah\n|-singleturn|p1a: graaaah|Protect\n|move|p1b: Durant|Entrainment|p2a: Miami Terror\n|-endability|p2a: Miami Terror|Flame Body|[from] move: Entrainment\n|-ability|p2a: Miami Terror|Truant|[from] move: Entrainment\n|move|p2a: Miami Terror|Heat Wave|p1a: graaaah|[spread] p1b\n|-activate|p1a: graaaah|move: Protect\n|-supereffective|p1b: Durant\n|-damage|p1b: Durant|0 fnt\n|faint|p1b: Durant\n|move|p2b: Mi-Aow|Crunch|p1a: graaaah\n|-activate|p1a: graaaah|move: Protect\n|\n|upkeep\n|inactive|musichat has 120 seconds left.\n|\n|t:|1696212883\n|switch|p1b: Manectric|Manectric-Mega, M|100\/100\n|-ability|p1b: Manectric|Intimidate|boost\n|-unboost|p2a: Miami Terror|atk|1\n|-unboost|p2b: Mi-Aow|atk|1\n|turn|6\n|inactive|musichat has 120 seconds left.\n|\n|t:|1696212913\n|cant|p2a: Miami Terror|ability: Truant\n|move|p1b: Manectric|Volt Switch|p2b: Mi-Aow\n|-damage|p2b: Mi-Aow|0 fnt\n|faint|p2b: Mi-Aow\n|\n|t:|1696212919\n|switch|p1b: Zygarde|Zygarde|100\/100|[from] Volt Switch\n|-ability|p1b: Zygarde|Aura Break\n|move|p1a: graaaah|Heal Pulse|p1b: Zygarde\n|-fail|p1b: Zygarde|heal\n|\n|upkeep\n|\n|t:|1696212926\n|switch|p2b: Bobby Lee|Smeargle, F|100\/100\n|turn|7\n|\n|t:|1696212944\n|move|p1b: Zygarde|Protect|p1b: Zygarde\n|-singleturn|p1b: Zygarde|Protect\n|move|p1a: graaaah|Protect|p1a: graaaah\n|-singleturn|p1a: graaaah|Protect\n|move|p2a: Miami Terror|Quiver Dance|p2a: Miami Terror\n|-boost|p2a: Miami Terror|spa|1\n|-boost|p2a: Miami Terror|spd|1\n|-boost|p2a: Miami Terror|spe|1\n|move|p2b: Bobby Lee|Spore|p1a: graaaah\n|-activate|p1a: graaaah|move: Protect\n|\n|-ability|p2b: Bobby Lee|Moody|boost\n|-boost|p2b: Bobby Lee|def|2\n|-unboost|p2b: Bobby Lee|spa|1\n|upkeep\n|turn|8\n|\n|t:|1696212960\n|move|p2b: Bobby Lee|Wide Guard|p2b: Bobby Lee\n|-singleturn|p2b: Bobby Lee|Wide Guard\n|cant|p2a: Miami Terror|ability: Truant\n|move|p1b: Zygarde|Substitute|p1b: Zygarde\n|-start|p1b: Zygarde|Substitute\n|-damage|p1b: Zygarde|76\/100\n|move|p1a: graaaah|Skill Swap|p1b: Zygarde\n|-activate|p1a: graaaah|move: Skill Swap|||[of] p1b: Zygarde\n|-ability|p1a: graaaah|Aura Break\n|\n|-heal|p1b: Zygarde|82\/100|[from] item: Leftovers\n|-ability|p2b: Bobby Lee|Moody|boost\n|-boost|p2b: Bobby Lee|def|2\n|-unboost|p2b: Bobby Lee|atk|1\n|upkeep\n|turn|9\n|\n|t:|1696212977\n|move|p1b: Zygarde|Protect|p1b: Zygarde\n|-singleturn|p1b: Zygarde|Protect\n|move|p1a: graaaah|Protect|p1a: graaaah\n|-singleturn|p1a: graaaah|Protect\n|move|p2a: Miami Terror|Quiver Dance|p2a: Miami Terror\n|-boost|p2a: Miami Terror|spa|1\n|-boost|p2a: Miami Terror|spd|1\n|-boost|p2a: Miami Terror|spe|1\n|move|p2b: Bobby Lee|Spore|p1a: graaaah\n|-activate|p1a: graaaah|move: Protect\n|\n|-heal|p1b: Zygarde|88\/100|[from] item: Leftovers\n|-ability|p2b: Bobby Lee|Moody|boost\n|-boost|p2b: Bobby Lee|spd|2\n|-unboost|p2b: Bobby Lee|spa|1\n|upkeep\n|turn|10\n|\n|t:|1696212999\n|switch|p1a: Persian|Persian-Alola, M|54\/100\n|cant|p2a: Miami Terror|ability: Truant\n|move|p2b: Bobby Lee|Spore|p1a: Persian\n|-status|p1a: Persian|slp|[from] move: Spore\n|move|p1b: Zygarde|Dragon Dance|p1b: Zygarde\n|-boost|p1b: Zygarde|atk|1\n|-boost|p1b: Zygarde|spe|1\n|\n|-heal|p1b: Zygarde|94\/100|[from] item: Leftovers\n|-ability|p2b: Bobby Lee|Moody|boost\n|-boost|p2b: Bobby Lee|spa|2\n|-unboost|p2b: Bobby Lee|atk|1\n|upkeep\n|turn|11\n|\n|t:|1696213016\n|move|p1b: Zygarde|Protect|p1b: Zygarde\n|-singleturn|p1b: Zygarde|Protect\n|move|p2a: Miami Terror|Heat Wave|p1b: Zygarde|[spread] \n|-activate|p1b: Zygarde|move: Protect\n|-miss|p2a: Miami Terror|p1a: Persian\n|cant|p1a: Persian|slp\n|move|p2b: Bobby Lee|Spore|p1b: Zygarde\n|-activate|p1b: Zygarde|move: Protect\n|\n|-heal|p1b: Zygarde|100\/100|[from] item: Leftovers\n|-ability|p2b: Bobby Lee|Moody|boost\n|-boost|p2b: Bobby Lee|spa|2\n|-unboost|p2b: Bobby Lee|spe|1\n|upkeep\n|turn|12\n|\n|t:|1696213033\n|move|p2b: Bobby Lee|Follow Me|p2b: Bobby Lee\n|-singleturn|p2b: Bobby Lee|move: Follow Me\n|cant|p2a: Miami Terror|ability: Truant\n|move|p1b: Zygarde|Dragon Dance|p1b: Zygarde\n|-boost|p1b: Zygarde|atk|1\n|-boost|p1b: Zygarde|spe|1\n|-curestatus|p1a: Persian|slp|[msg]\n|move|p1a: Persian|Taunt|p2b: Bobby Lee\n|-start|p2b: Bobby Lee|move: Taunt\n|\n|-ability|p2b: Bobby Lee|Moody|boost\n|-boost|p2b: Bobby Lee|spa|2\n|-unboost|p2b: Bobby Lee|spe|1\n|upkeep\n|turn|13\n|inactive|musichat has 120 seconds left.\n|\n|t:|1696213064\n|switch|p1b: Manectric|Manectric-Mega, M|100\/100\n|-ability|p1b: Manectric|Intimidate|boost\n|-unboost|p2a: Miami Terror|atk|1\n|-unboost|p2b: Bobby Lee|atk|1\n|move|p2a: Miami Terror|Giga Drain|p2b: Bobby Lee\n|-damage|p2b: Bobby Lee|44\/100\n|move|p1a: Persian|Parting Shot|p2a: Miami Terror\n|-unboost|p2a: Miami Terror|atk|1\n|-unboost|p2a: Miami Terror|spa|1\n|\n|t:|1696213068\n|switch|p1a: graaaah|Gothitelle, F|100\/100|[from] Parting Shot\n|-activate|p2b: Bobby Lee|move: Struggle\n|move|p2b: Bobby Lee|Struggle|p1b: Manectric\n|-damage|p1b: Manectric|99\/100\n|-damage|p2b: Bobby Lee|19\/100|[from] recoil\n|\n|-ability|p2b: Bobby Lee|Moody|boost\n|-boost|p2b: Bobby Lee|spe|2\n|-unboost|p2b: Bobby Lee|spa|1\n|upkeep\n|turn|14\n|\n|t:|1696213086\n|switch|p1b: Zygarde|Zygarde|100\/100\n|-ability|p1b: Zygarde|Aura Break\n|cant|p2a: Miami Terror|ability: Truant\n|-activate|p2b: Bobby Lee|move: Struggle\n|move|p2b: Bobby Lee|Struggle|p1a: graaaah\n|-damage|p1a: graaaah|99\/100\n|-damage|p2b: Bobby Lee|0 fnt|[from] recoil\n|faint|p2b: Bobby Lee\n|move|p1a: graaaah|Skill Swap|p1b: Zygarde\n|-activate|p1a: graaaah|move: Skill Swap|||[of] p1b: Zygarde\n|-ability|p1a: graaaah|Aura Break\n|\n|upkeep\n|\n|t:|1696213098\n|switch|p2b: Azura|Suicune|100\/100\n|turn|15\n|\n|t:|1696213106\n|move|p2a: Miami Terror|Quiver Dance|p2a: Miami Terror\n|-boost|p2a: Miami Terror|spa|1\n|-boost|p2a: Miami Terror|spd|1\n|-boost|p2a: Miami Terror|spe|1\n|move|p1b: Zygarde|Substitute|p1b: Zygarde\n|-start|p1b: Zygarde|Substitute\n|-damage|p1b: Zygarde|76\/100\n|move|p2b: Azura|Psych Up|p2a: Miami Terror\n|-copyboost|p2b: Azura|p2a: Miami Terror|[from] move: Psych Up\n|move|p1a: graaaah|Heal Pulse||[still]\n|-fail|p1a: graaaah\n|\n|-heal|p1b: Zygarde|82\/100|[from] item: Leftovers\n|upkeep\n|turn|16\n|\n|t:|1696213125\n|cant|p2a: Miami Terror|ability: Truant\n|move|p1b: Zygarde|Dragon Dance|p1b: Zygarde\n|-boost|p1b: Zygarde|atk|1\n|-boost|p1b: Zygarde|spe|1\n|move|p1a: graaaah|Heal Pulse||[still]\n|-fail|p1a: graaaah\n|move|p2b: Azura|Roar|p1b: Zygarde\n|drag|p1b: Persian|Persian-Alola, M|54\/100\n|\n|upkeep\n|turn|17\n|inactive|musichat has 120 seconds left.\n|\n|t:|1696213156\n|switch|p2a: Lana|Tapu Fini|100\/100\n|-fieldstart|move: Misty Terrain|[from] ability: Misty Surge|[of] p2a: Lana\n|switch|p1a: Manectric|Manectric-Mega, M|99\/100\n|-ability|p1a: Manectric|Intimidate|boost\n|-unboost|p2a: Lana|atk|1\n|-fail|p2b: Azura|unboost|Attack|[from] ability: Inner Focus|[of] p2b: Azura\n|move|p1b: Persian|Fake Out|p2b: Azura\n|-damage|p2b: Azura|96\/100\n|move|p2b: Azura|Scald|p1b: Persian\n|-damage|p1b: Persian|0 fnt\n|faint|p1b: Persian\n|\n|upkeep\n|-message|musichat forfeited.\n|\n|win|MirzaMirza\n|raw|musichat's rating: 1138 &rarr; <strong>1127<\/strong><br \/>(-11 for losing)\n|raw|MirzaMirza's rating: 1367 &rarr; <strong>1375<\/strong><br \/>(+8 for winning)\n|l|\u2606musichat\n|c|\u2606MirzaMirza|gg\n","uploadtime":1696213452,"views":7,"p1id":"musichat","p2id":"mirzamirza","formatid":"gen9nationaldexdoubles","rating":1127,"private":0,"password":""}