{"id":"gen9nationaldexdoubles-2000155814","p1":"JAnimateDied","p2":"Yugi Ogami","format":"[Gen 9] National Dex Doubles","log":"|j|\u2606JAnimateDied\n|j|\u2606Yugi Ogami\n|t:|1701164449\n|gametype|doubles\n|player|p1|JAnimateDied|ninjaboy|1046\n|player|p2|Yugi Ogami|scientistf|1200\n|teamsize|p1|4\n|teamsize|p2|6\n|gen|9\n|tier|[Gen 9] National Dex Doubles\n|rated|\n|rule|HP Percentage Mod: HP is shown in percentages\n|rule|Endless Battle Clause: Forcing endless battles is banned\n|rule|OHKO Clause: OHKO moves are banned\n|rule|Evasion Moves Clause: Evasion moves are banned\n|rule|Evasion Abilities Clause: Evasion abilities are banned\n|rule|Species Clause: Limit one of each Pok\u00e9mon\n|rule|Gravity Sleep Clause: The combination of sleep-inducing moves with imperfect accuracy and Gravity or Gigantamax Orbeetle are banned\n|clearpoke\n|poke|p1|Poliwrath, M|\n|poke|p1|Flamigo, M|\n|poke|p1|Politoed, M|\n|poke|p1|Snorlax, F|\n|poke|p2|Togedemaru, L1, M|\n|poke|p2|Tyranitar, F|\n|poke|p2|Scizor, F|\n|poke|p2|Clefable, F|\n|poke|p2|Hippowdon, M|\n|poke|p2|Dracovish|\n|teampreview\n|\n|t:|1701164461\n|start\n|switch|p1a: Poliwrath|Poliwrath, M|100\/100\n|switch|p1b: Politoed|Politoed, M, shiny|100\/100\n|switch|p2a: Spike Trap|Togedemaru, L1, M|100\/100\n|switch|p2b: Desert Cheers|Tyranitar, F|100\/100\n|-weather|RainDance|[from] ability: Drizzle|[of] p1b: Politoed\n|-weather|Sandstorm|[from] ability: Sand Stream|[of] p2b: Desert Cheers\n|turn|1\n|\n|t:|1701164472\n|-terastallize|p1a: Poliwrath|Steel\n|move|p1a: Poliwrath|Belly Drum|p1a: Poliwrath\n|-damage|p1a: Poliwrath|50\/100\n|-setboost|p1a: Poliwrath|atk|6|[from] move: Belly Drum\n|-enditem|p1a: Poliwrath|Sitrus Berry|[eat]\n|-heal|p1a: Poliwrath|75\/100|[from] item: Sitrus Berry\n|move|p1b: Politoed|Sweet Kiss|p2a: Spike Trap\n|-start|p2a: Spike Trap|confusion\n|move|p2b: Desert Cheers|Power-Up Punch|p1a: Poliwrath\n|-supereffective|p1a: Poliwrath\n|-damage|p1a: Poliwrath|49\/100\n|-boost|p2b: Desert Cheers|atk|1\n|-activate|p2a: Spike Trap|confusion\n|-damage|p2a: Spike Trap|84\/100|[from] confusion\n|\n|-weather|Sandstorm|[upkeep]\n|-damage|p1b: Politoed|94\/100|[from] Sandstorm\n|-heal|p1b: Politoed|100\/100|[from] item: Leftovers\n|upkeep\n|turn|2\n|\n|t:|1701164501\n|switch|p1b: Flamigo|Flamigo, M|100\/100\n|-copyboost|p1b: Flamigo|p1a: Poliwrath|[from] ability: Costar\n|switch|p2a: Dracobeach|Dracovish|100\/100\n|move|p1a: Poliwrath|Liquidation|p2b: Desert Cheers\n|-supereffective|p2b: Desert Cheers\n|-damage|p2b: Desert Cheers|0 fnt\n|faint|p2b: Desert Cheers\n|\n|-weather|Sandstorm|[upkeep]\n|-damage|p1b: Flamigo|94\/100|[from] Sandstorm\n|upkeep\n|\n|t:|1701164513\n|switch|p2b: Unusual Defogger|Scizor, F, shiny|100\/100\n|turn|3\n|\n|t:|1701164523\n|move|p2a: Dracobeach|Fishious Rend|p1b: Flamigo\n|-damage|p1b: Flamigo|0 fnt\n|faint|p1b: Flamigo\n|move|p1a: Poliwrath|Liquidation|p2b: Unusual Defogger\n|-damage|p2b: Unusual Defogger|0 fnt\n|faint|p2b: Unusual Defogger\n|\n|-weather|Sandstorm|[upkeep]\n|upkeep\n|\n|t:|1701164535\n|switch|p1b: Politoed|Politoed, M, shiny|100\/100\n|switch|p2b: Fairy Goodmother|Clefable, F, shiny|100\/100\n|-weather|RainDance|[from] ability: Drizzle|[of] p1b: Politoed\n|turn|4\n|\n|t:|1701164546\n|switch|p2a: Big Joe|Hippowdon, M|100\/100\n|-weather|Sandstorm|[from] ability: Sand Stream|[of] p2a: Big Joe\n|move|p1a: Poliwrath|Liquidation|p2b: Fairy Goodmother\n|-damage|p2b: Fairy Goodmother|0 fnt\n|faint|p2b: Fairy Goodmother\n|move|p1b: Politoed|Sweet Kiss|p2a: Big Joe\n|-start|p2a: Big Joe|confusion\n|\n|-weather|Sandstorm|[upkeep]\n|-damage|p1b: Politoed|94\/100|[from] Sandstorm\n|-heal|p1b: Politoed|100\/100|[from] item: Leftovers\n|upkeep\n|\n|t:|1701164549\n|switch|p2b: Spike Trap|Togedemaru, L1, M|84\/100\n|turn|5\n|\n|t:|1701164565\n|move|p2b: Spike Trap|Spiky Shield|p2b: Spike Trap\n|-singleturn|p2b: Spike Trap|move: Protect\n|move|p1a: Poliwrath|Liquidation|p2a: Big Joe\n|-supereffective|p2a: Big Joe\n|-damage|p2a: Big Joe|0 fnt\n|faint|p2a: Big Joe\n|move|p1b: Politoed|Sweet Kiss|p2b: Spike Trap\n|-activate|p2b: Spike Trap|move: Protect\n|\n|-weather|Sandstorm|[upkeep]\n|-damage|p1b: Politoed|94\/100|[from] Sandstorm\n|-heal|p1b: Politoed|100\/100|[from] item: Leftovers\n|upkeep\n|\n|t:|1701164573\n|switch|p2a: Dracobeach|Dracovish|100\/100\n|turn|6\n|\n|t:|1701164587\n|move|p2a: Dracobeach|Fishious Rend|p1a: Poliwrath\n|-damage|p1a: Poliwrath|0 fnt\n|faint|p1a: Poliwrath\n|move|p1b: Politoed|Sweet Kiss|p2a: Dracobeach|[miss]\n|-miss|p1b: Politoed|p2a: Dracobeach\n|move|p2b: Spike Trap|Toxic|p1b: Politoed\n|-status|p1b: Politoed|tox\n|\n|-weather|Sandstorm|[upkeep]\n|-damage|p1b: Politoed|94\/100 tox|[from] Sandstorm\n|-heal|p1b: Politoed|100\/100 tox|[from] item: Leftovers\n|-damage|p1b: Politoed|94\/100 tox|[from] psn\n|upkeep\n|\n|t:|1701164590\n|switch|p1a: Snorlax|Snorlax, F|100\/100\n|turn|7\n|\n|t:|1701164602\n|move|p2a: Dracobeach|Fishious Rend|p1a: Snorlax\n|-damage|p1a: Snorlax|7\/100\n|move|p1b: Politoed|Sweet Kiss|p2a: Dracobeach\n|-start|p2a: Dracobeach|confusion\n|move|p1a: Snorlax|Darkest Lariat|p2a: Dracobeach\n|-damage|p2a: Dracobeach|72\/100\n|move|p2b: Spike Trap|Endeavor|p1b: Politoed\n|-damage|p1b: Politoed|3\/100 tox\n|-heal|p2b: Spike Trap|100\/100|[from] item: Shell Bell|[of] p1b: Politoed\n|\n|-weather|Sandstorm|[upkeep]\n|-damage|p1b: Politoed|0 fnt|[from] Sandstorm\n|-damage|p1a: Snorlax|1\/100|[from] Sandstorm\n|faint|p1b: Politoed\n|upkeep\n|turn|8\n|-message|JAnimateDied forfeited.\n|\n|win|Yugi Ogami\n|raw|JAnimateDied's rating: 1046 &rarr; <strong>1036<\/strong><br \/>(-10 for losing)\n|raw|Yugi Ogami's rating: 1200 &rarr; <strong>1215<\/strong><br \/>(+15 for winning)\n|l|\u2606JAnimateDied\n","uploadtime":1701164619,"views":1,"p1id":"janimatedied","p2id":"yugiogami","formatid":"gen9nationaldexdoubles","rating":1036,"private":0,"password":""}