{"id":"gen9nationaldexdoubles-1988432413","p1":"lamebagels","p2":"Brick_Enjoyer_144","format":"[Gen 9] National Dex Doubles","log":"|j|\u2606lamebagels\n|j|\u2606Brick_Enjoyer_144\n|t:|1699722341\n|gametype|doubles\n|player|p1|lamebagels|rei-isekai|1228\n|player|p2|Brick_Enjoyer_144|shauntal|1145\n|teamsize|p1|6\n|teamsize|p2|6\n|gen|9\n|tier|[Gen 9] National Dex Doubles\n|rated|\n|rule|HP Percentage Mod: HP is shown in percentages\n|rule|Endless Battle Clause: Forcing endless battles is banned\n|rule|OHKO Clause: OHKO moves are banned\n|rule|Evasion Moves Clause: Evasion moves are banned\n|rule|Evasion Abilities Clause: Evasion abilities are banned\n|rule|Species Clause: Limit one of each Pok\u00e9mon\n|rule|Gravity Sleep Clause: The combination of sleep-inducing moves with imperfect accuracy and Gravity or Gigantamax Orbeetle are banned\n|clearpoke\n|poke|p1|Torracat, F|\n|poke|p1|Lilligant-Hisui, F|\n|poke|p1|Tyranitar, F|\n|poke|p1|Cresselia, F|\n|poke|p1|Zapdos-Galar|\n|poke|p1|Landorus-Therian, M|\n|poke|p2|Avalugg-Hisui, F|\n|poke|p2|Ribombee, F|\n|poke|p2|Murkrow, M|\n|poke|p2|Ninetales-Alola, M|\n|poke|p2|Gholdengo|\n|poke|p2|Heracross, F|\n|teampreview\n|inactive|Battle timer is ON: inactive players will automatically lose when time's up. (requested by Brick_Enjoyer_144)\n|\n|t:|1699722352\n|start\n|switch|p1a: daffodil|Zapdos-Galar, shiny|100\/100\n|switch|p1b: 90|Landorus-Therian, M|100\/100\n|switch|p2a: Ribombee|Ribombee, F|100\/100\n|switch|p2b: Ninetales|Ninetales-Alola, M|100\/100\n|-weather|Snow|[from] ability: Snow Warning|[of] p2b: Ninetales\n|-ability|p1b: 90|Intimidate|boost\n|-unboost|p2a: Ribombee|atk|1\n|-unboost|p2b: Ninetales|atk|1\n|turn|1\n|\n|t:|1699722367\n|switch|p1b: shyranitar|Tyranitar, F|100\/100\n|-weather|Sandstorm|[from] ability: Sand Stream|[of] p1b: shyranitar\n|-terastallize|p1a: daffodil|Electric\n|move|p2a: Ribombee|Sticky Web|p1b: shyranitar\n|-sidestart|p1: lamebagels|move: Sticky Web\n|move|p2b: Ninetales|Aurora Veil||[still]\n|-fail|p2b: Ninetales\n|move|p1a: daffodil|Brave Bird|p2a: Ribombee\n|-supereffective|p2a: Ribombee\n|-enditem|p2a: Ribombee|Focus Sash\n|-damage|p2a: Ribombee|1\/100\n|-damage|p1a: daffodil|74\/100|[from] Recoil\n|\n|-weather|Sandstorm|[upkeep]\n|-damage|p2a: Ribombee|0 fnt|[from] Sandstorm\n|-damage|p2b: Ninetales|95\/100|[from] Sandstorm\n|-damage|p1a: daffodil|68\/100|[from] Sandstorm\n|faint|p2a: Ribombee\n|upkeep\n|\n|t:|1699722390\n|switch|p2a: Avalugg|Avalugg-Hisui, F|100\/100\n|turn|2\n|\n|t:|1699722408\n|move|p2b: Ninetales|Dazzling Gleam|p1a: daffodil|[spread] p1a,p1b\n|-supereffective|p1b: shyranitar\n|-damage|p1a: daffodil|39\/100\n|-damage|p1b: shyranitar|81\/100\n|move|p1a: daffodil|Knock Off|p2b: Ninetales\n|-resisted|p2b: Ninetales\n|-damage|p2b: Ninetales|71\/100\n|-enditem|p2b: Ninetales|Icy Rock|[from] move: Knock Off|[of] p1a: daffodil\n|move|p1b: shyranitar|Iron Head|p2a: Avalugg\n|-supereffective|p2a: Avalugg\n|-damage|p2a: Avalugg|40\/100\n|-enditem|p2a: Avalugg|Weakness Policy\n|-boost|p2a: Avalugg|atk|2|[from] item: Weakness Policy\n|-boost|p2a: Avalugg|spa|2|[from] item: Weakness Policy\n|cant|p2a: Avalugg|flinch\n|\n|-weather|Sandstorm|[upkeep]\n|-damage|p2b: Ninetales|65\/100|[from] Sandstorm\n|-damage|p1a: daffodil|33\/100|[from] Sandstorm\n|upkeep\n|turn|3\n|inactive|Brick_Enjoyer_144 has 120 seconds left.\n|\n|t:|1699722441\n|move|p2b: Ninetales|Dazzling Gleam|p1a: daffodil|[spread] p1a,p1b\n|-supereffective|p1b: shyranitar\n|-damage|p1a: daffodil|9\/100\n|-damage|p1b: shyranitar|59\/100\n|move|p1a: daffodil|Tailwind|p1a: daffodil\n|-sidestart|p1: lamebagels|move: Tailwind\n|move|p1b: shyranitar|Iron Head|p2b: Ninetales\n|-supereffective|p2b: Ninetales\n|-damage|p2b: Ninetales|0 fnt\n|faint|p2b: Ninetales\n|move|p2a: Avalugg|Ice Spinner|p1b: shyranitar\n|-damage|p1b: shyranitar|0 fnt\n|faint|p1b: shyranitar\n|\n|-weather|Sandstorm|[upkeep]\n|-damage|p1a: daffodil|2\/100|[from] Sandstorm\n|upkeep\n|inactive|lamebagels has 120 seconds left.\n|\n|t:|1699722478\n|switch|p2b: Murkrow|Murkrow, M|100\/100\n|switch|p1b: 90|Landorus-Therian, M|100\/100\n|-ability|p1b: 90|Intimidate|boost\n|-unboost|p2a: Avalugg|atk|1\n|-unboost|p2b: Murkrow|atk|1\n|turn|4\n|inactive|lamebagels has 120 seconds left.\n|\n|t:|1699722507\n|move|p2b: Murkrow|Tailwind|p2b: Murkrow\n|-sidestart|p2: Brick_Enjoyer_144|move: Tailwind\n|move|p1a: daffodil|Tera Blast|p2a: Avalugg|[anim] Tera Blast Electric\n|-damage|p2a: Avalugg|19\/100\n|move|p1b: 90|Defog|p2a: Avalugg\n|-unboost|p2a: Avalugg|evasion|1\n|-sideend|p1: lamebagels|Sticky Web|[from] move: Defog|[of] p1b: 90\n|move|p2a: Avalugg|Ice Spinner|p1b: 90\n|-supereffective|p1b: 90\n|-damage|p1b: 90|0 fnt\n|faint|p1b: 90\n|\n|-weather|Sandstorm|[upkeep]\n|-damage|p1a: daffodil|0 fnt|[from] Sandstorm\n|-damage|p2b: Murkrow|94\/100|[from] Sandstorm\n|faint|p1a: daffodil\n|upkeep\n|\n|t:|1699722518\n|switch|p1a: Gen V \u201cGenevieve\u201d|Lilligant-Hisui, F, shiny|100\/100\n|switch|p1b: smokey|Torracat, F|100\/100\n|-ability|p1b: smokey|Intimidate|boost\n|-unboost|p2a: Avalugg|atk|1\n|-unboost|p2b: Murkrow|atk|1\n|turn|5\n|l|\u2606lamebagels\n|inactive|lamebagels disconnected and has a minute to reconnect!\n|player|p1|\n|\n|t:|1699722541\n|move|p1b: smokey|Fake Out|p2b: Murkrow\n|-damage|p2b: Murkrow|82\/100\n|cant|p2b: Murkrow|flinch\n|move|p1a: Gen V \u201cGenevieve\u201d|Axe Kick|p2a: Avalugg\n|-supereffective|p2a: Avalugg\n|-damage|p2a: Avalugg|0 fnt\n|faint|p2a: Avalugg\n|-damage|p1a: Gen V \u201cGenevieve\u201d|91\/100|[from] item: Life Orb\n|\n|-weather|none\n|upkeep\n|inactive|Brick_Enjoyer_144 has 120 seconds left.\n|\n|t:|1699722556\n|switch|p2a: Gholdengo|Gholdengo|100\/100\n|turn|6\n|inactive|lamebagels has 30 seconds to reconnect!\n|inactive|lamebagels has 20 seconds to reconnect!\n|inactive|lamebagels has 15 seconds to reconnect!\n|inactive|lamebagels has 10 seconds to reconnect!\n|inactive|lamebagels has 5 seconds to reconnect!\n|-message|lamebagels lost due to inactivity.\n|\n|win|Brick_Enjoyer_144\n|raw|lamebagels's rating: 1228 &rarr; <strong>1197<\/strong><br \/>(-31 for losing)\n|raw|Brick_Enjoyer_144's rating: 1145 &rarr; <strong>1176<\/strong><br \/>(+31 for winning)\n","uploadtime":1699722629,"views":6,"p1id":"lamebagels","p2id":"brickenjoyer144","formatid":"gen9nationaldexdoubles","rating":1176,"private":0,"password":""}