{"id":"gen9nationaldexdoubles-1964732435","p1":"TrueFish7228","p2":"wyydg","format":"[Gen 9] National Dex Doubles","log":"|j|\u2606TrueFish7228\n|j|\u2606wyydg\n|t:|1696999976\n|gametype|doubles\n|player|p1|TrueFish7228|2|1052\n|player|p2|wyydg|hilbert|1182\n|teamsize|p1|6\n|teamsize|p2|6\n|gen|9\n|tier|[Gen 9] National Dex Doubles\n|rated|\n|rule|HP Percentage Mod: HP is shown in percentages\n|rule|Endless Battle Clause: Forcing endless battles is banned\n|rule|OHKO Clause: OHKO moves are banned\n|rule|Evasion Moves Clause: Evasion moves are banned\n|rule|Evasion Abilities Clause: Evasion abilities are banned\n|rule|Species Clause: Limit one of each Pok\u00e9mon\n|rule|Gravity Sleep Clause: The combination of sleep-inducing moves with imperfect accuracy and Gravity or Gigantamax Orbeetle are banned\n|clearpoke\n|poke|p1|Volcarona, F|\n|poke|p1|Golisopod, F|\n|poke|p1|Porygon-Z|\n|poke|p1|Slowbro, M|\n|poke|p1|Greninja-*, M|\n|poke|p1|Dragapult, M|\n|poke|p2|Eevee, F|\n|poke|p2|Gardevoir, F|\n|poke|p2|Indeedee-F, F|\n|poke|p2|Medicham, M|\n|poke|p2|Kommo-o, F|\n|poke|p2|Amoonguss, M|\n|teampreview\n|\n|t:|1696999986\n|start\n|switch|p1a: Kranker|Golisopod, F, shiny|100\/100\n|switch|p1b: Nogyrop-Z|Porygon-Z, shiny|100\/100\n|switch|p2a: Eevee|Eevee, F|100\/100\n|switch|p2b: Medicham|Medicham, M|100\/100\n|-ability|p1b: Nogyrop-Z|Download|boost\n|-boost|p1b: Nogyrop-Z|atk|1\n|-ability|p2a: Eevee|Anticipation\n|turn|1\n|inactive|Battle timer is ON: inactive players will automatically lose when time's up. (requested by wyydg)\n|\n|t:|1697000015\n|move|p2b: Medicham|Fake Out|p1b: Nogyrop-Z\n|-damage|p1b: Nogyrop-Z|74\/100\n|move|p1a: Kranker|First Impression|p2b: Medicham\n|-damage|p2b: Medicham|0 fnt\n|faint|p2b: Medicham\n|-damage|p1a: Kranker|91\/100|[from] item: Life Orb\n|cant|p1b: Nogyrop-Z|flinch\n|-zpower|p2a: Eevee\n|move|p2a: Eevee|Extreme Evoboost|p2a: Eevee\n|-boost|p2a: Eevee|atk|2\n|-boost|p2a: Eevee|def|2\n|-boost|p2a: Eevee|spa|2\n|-boost|p2a: Eevee|spd|2\n|-boost|p2a: Eevee|spe|2\n|\n|upkeep\n|\n|t:|1697000043\n|switch|p2b: Amoonguss|Amoonguss, M|100\/100\n|turn|2\n|\n|t:|1697000062\n|move|p2b: Amoonguss|Rage Powder|p2b: Amoonguss\n|-singleturn|p2b: Amoonguss|move: Rage Powder\n|-zpower|p1b: Nogyrop-Z\n|move|p1b: Nogyrop-Z|Z-Conversion||[anim]Conversion|[still]\n|-boost|p1b: Nogyrop-Z|atk|1|[zeffect]\n|-boost|p1b: Nogyrop-Z|def|1|[zeffect]\n|-boost|p1b: Nogyrop-Z|spa|1|[zeffect]\n|-boost|p1b: Nogyrop-Z|spd|1|[zeffect]\n|-boost|p1b: Nogyrop-Z|spe|1|[zeffect]\n|-fail|p1b: Nogyrop-Z\n|move|p2a: Eevee|Baton Pass|p2a: Eevee\n|\n|t:|1697000087\n|switch|p2a: Gardevoir|Gardevoir, F|100\/100|[from] Baton Pass\n|move|p1a: Kranker|Leech Life|p2b: Amoonguss\n|-damage|p2b: Amoonguss|41\/100\n|-heal|p1a: Kranker|100\/100|[from] drain|[of] p2b: Amoonguss\n|-damage|p1a: Kranker|91\/100|[from] item: Life Orb\n|\n|-heal|p2b: Amoonguss|47\/100|[from] item: Leftovers\n|upkeep\n|turn|3\n|inactive|TrueFish7228 has 120 seconds left.\n|\n|t:|1697000140\n|switch|p1a: Chimney Sweeper|Slowbro, M, shiny|100\/100\n|switch|p2b: Indeedee|Indeedee-F, F|100\/100\n|-fieldstart|move: Psychic Terrain|[from] ability: Psychic Surge|[of] p2b: Indeedee\n|detailschange|p2a: Gardevoir|Gardevoir-Mega, F\n|-mega|p2a: Gardevoir|Gardevoir|Gardevoirite\n|move|p2a: Gardevoir|Expanding Force|p1a: Chimney Sweeper|[spread] p1a,p1b\n|-resisted|p1a: Chimney Sweeper\n|-damage|p1a: Chimney Sweeper|42\/100\n|-damage|p1b: Nogyrop-Z|0 fnt\n|faint|p1b: Nogyrop-Z\n|\n|upkeep\n|inactive|TrueFish7228 has 90 seconds left.\n|\n|t:|1697000156\n|switch|p1b: Kranker|Golisopod, F, shiny|91\/100\n|turn|4\n|\n|t:|1697000172\n|detailschange|p1a: Chimney Sweeper|Slowbro-Mega, M, shiny\n|-mega|p1a: Chimney Sweeper|Slowbro|Slowbronite\n|move|p1b: Kranker|First Impression|p2a: Gardevoir\n|-activate|p2a: Gardevoir|move: Psychic Terrain\n|move|p2a: Gardevoir|Expanding Force|p1b: Kranker|[spread] p1a,p1b\n|-resisted|p1a: Chimney Sweeper\n|-damage|p1a: Chimney Sweeper|0 fnt\n|-damage|p1b: Kranker|0 fnt\n|faint|p1a: Chimney Sweeper\n|faint|p1b: Kranker\n|move|p2b: Indeedee|Psych Up|p2a: Gardevoir\n|-copyboost|p2b: Indeedee|p2a: Gardevoir|[from] move: Psych Up\n|\n|upkeep\n|\n|t:|1697000185\n|switch|p1b: Anoraclov|Volcarona, F|100\/100\n|switch|p1a: twitch.tv\/Ninja|Greninja, M, shiny|100\/100\n|turn|5\n|inactive|TrueFish7228 has 90 seconds left.\n|\n|t:|1697000235\n|-terastallize|p1b: Anoraclov|Bug\n|move|p2a: Gardevoir|Hyper Voice|p1b: Anoraclov|[spread] p1a,p1b\n|-supereffective|p1a: twitch.tv\/Ninja\n|-enditem|p1a: twitch.tv\/Ninja|Focus Sash\n|-damage|p1a: twitch.tv\/Ninja|1\/100\n|-damage|p1b: Anoraclov|0 fnt\n|faint|p1b: Anoraclov\n|move|p2b: Indeedee|Hyper Voice|p1a: twitch.tv\/Ninja\n|-damage|p1a: twitch.tv\/Ninja|0 fnt\n|faint|p1a: twitch.tv\/Ninja\n|\n|upkeep\n|\n|t:|1697000249\n|switch|p1b: Garzion MK3|Dragapult, M|100\/100\n|turn|6\n|inactive|TrueFish7228 has 90 seconds left.\n|inactive|wyydg has 120 seconds left.\n|\n|t:|1697000283\n|move|p2a: Gardevoir|Hyper Voice|p1b: Garzion MK3\n|-supereffective|p1b: Garzion MK3\n|-damage|p1b: Garzion MK3|0 fnt\n|faint|p1b: Garzion MK3\n|\n|win|wyydg\n|raw|TrueFish7228's rating: 1052 &rarr; <strong>1041<\/strong><br \/>(-11 for losing)\n|raw|wyydg's rating: 1182 &rarr; <strong>1198<\/strong><br \/>(+16 for winning)\n|l|\u2606TrueFish7228\n","uploadtime":1697000290,"views":17,"p1id":"truefish7228","p2id":"wyydg","formatid":"gen9nationaldexdoubles","rating":1041,"private":0,"password":""}