{"id":"gen9nationaldexdoubles-1994458107","p1":"SockedPuppet","p2":"LilyLopears","format":"[Gen 9] National Dex Doubles","log":"|j|\u2606SockedPuppet\n|j|\u2606LilyLopears\n|t:|1700446193\n|gametype|doubles\n|player|p1|SockedPuppet|102|1135\n|player|p2|LilyLopears|acetrainersnowf|1076\n|teamsize|p1|6\n|teamsize|p2|6\n|gen|9\n|tier|[Gen 9] National Dex Doubles\n|rated|\n|rule|HP Percentage Mod: HP is shown in percentages\n|rule|Endless Battle Clause: Forcing endless battles is banned\n|rule|OHKO Clause: OHKO moves are banned\n|rule|Evasion Moves Clause: Evasion moves are banned\n|rule|Evasion Abilities Clause: Evasion abilities are banned\n|rule|Species Clause: Limit one of each Pok\u00e9mon\n|rule|Gravity Sleep Clause: The combination of sleep-inducing moves with imperfect accuracy and Gravity or Gigantamax Orbeetle are banned\n|clearpoke\n|poke|p1|Slaking, F|\n|poke|p1|Lilligant-Hisui, F|\n|poke|p1|Gardevoir, F|\n|poke|p1|Sinistcha|\n|poke|p1|Ogerpon-Hearthflame, F|\n|poke|p1|Indeedee-F, F|\n|poke|p2|Landorus-Therian, M|\n|poke|p2|Rillaboom, M|\n|poke|p2|Slowbro, M|\n|poke|p2|Magnezone|\n|poke|p2|Hydreigon, F|\n|poke|p2|Flygon, M|\n|teampreview\n|c|\u2606SockedPuppet|glhf\n|c|\u2606LilyLopears|same 2 u\n|\n|t:|1700446228\n|start\n|switch|p1a: Ogerpon|Ogerpon-Hearthflame, F|100\/100\n|switch|p1b: Sinistcha|Sinistcha|100\/100\n|switch|p2a: Flygon|Flygon, M|100\/100\n|switch|p2b: Hydreigon|Hydreigon, F|100\/100\n|-ability|p1a: Ogerpon|Mold Breaker\n|turn|1\n|\n|t:|1700446244\n|-terastallize|p2a: Flygon|Bug\n|move|p2a: Flygon|First Impression|p1b: Sinistcha\n|-damage|p1b: Sinistcha|44\/100\n|move|p1a: Ogerpon|Horn Leech|p2a: Flygon\n|-resisted|p2a: Flygon\n|-damage|p2a: Flygon|69\/100\n|move|p2b: Hydreigon|Earthquake|p1a: Ogerpon|[spread] p1a,p1b\n|-immune|p2a: Flygon|[from] ability: Levitate\n|-resisted|p1b: Sinistcha\n|-damage|p1a: Ogerpon|63\/100\n|-damage|p1b: Sinistcha|30\/100\n|-damage|p2b: Hydreigon|91\/100|[from] item: Life Orb\n|move|p1b: Sinistcha|Matcha Gotcha|p2a: Flygon|[spread] p2a,p2b\n|-resisted|p2a: Flygon\n|-resisted|p2b: Hydreigon\n|-damage|p2a: Flygon|47\/100\n|-heal|p1b: Sinistcha|43\/100|[from] drain|[of] p2a: Flygon\n|-damage|p2b: Hydreigon|72\/100\n|-heal|p1b: Sinistcha|54\/100|[from] drain|[of] p2b: Hydreigon\n|-status|p2b: Hydreigon|brn\n|\n|-damage|p2b: Hydreigon|66\/100 brn|[from] brn\n|upkeep\n|turn|2\n|\n|t:|1700446292\n|switch|p2a: Rillaboom|Rillaboom, M|100\/100\n|-fieldstart|move: Grassy Terrain|[from] ability: Grassy Surge|[of] p2a: Rillaboom\n|-enditem|p2a: Rillaboom|Grassy Seed\n|-boost|p2a: Rillaboom|def|1|[from] item: Grassy Seed\n|move|p1a: Ogerpon|Ivy Cudgel|p2a: Rillaboom|[anim] Ivy Cudgel Fire\n|-supereffective|p2a: Rillaboom\n|-damage|p2a: Rillaboom|15\/100\n|move|p2b: Hydreigon|Head Smash|p1a: Ogerpon\n|-supereffective|p1a: Ogerpon\n|-damage|p1a: Ogerpon|0 fnt\n|faint|p1a: Ogerpon\n|-damage|p2b: Hydreigon|37\/100 brn|[from] Recoil\n|-damage|p2b: Hydreigon|27\/100 brn|[from] item: Life Orb\n|move|p1b: Sinistcha|Strength Sap|p2b: Hydreigon\n|-unboost|p2b: Hydreigon|atk|1\n|-heal|p1b: Sinistcha|100\/100\n|\n|-heal|p2a: Rillaboom|22\/100|[from] Grassy Terrain\n|-damage|p2b: Hydreigon|21\/100 brn|[from] brn\n|upkeep\n|\n|t:|1700446312\n|switch|p1a: Indeedee|Indeedee-F, F|100\/100\n|-fieldstart|move: Psychic Terrain|[from] ability: Psychic Surge|[of] p1a: Indeedee\n|turn|3\n|\n|t:|1700446330\n|move|p1a: Indeedee|Helping Hand|p1b: Sinistcha\n|-singleturn|p1b: Sinistcha|Helping Hand|[of] p1a: Indeedee\n|move|p2a: Rillaboom|Protect|p2a: Rillaboom\n|-singleturn|p2a: Rillaboom|Protect\n|move|p2b: Hydreigon|Crunch|p1a: Indeedee\n|-supereffective|p1a: Indeedee\n|-damage|p1a: Indeedee|59\/100\n|-damage|p2b: Hydreigon|11\/100 brn|[from] item: Life Orb\n|move|p1b: Sinistcha|Matcha Gotcha|p2a: Rillaboom|[spread] p2b\n|-activate|p2a: Rillaboom|move: Protect\n|-resisted|p2b: Hydreigon\n|-damage|p2b: Hydreigon|0 fnt\n|faint|p2b: Hydreigon\n|\n|upkeep\n|\n|t:|1700446357\n|switch|p2b: Slowbro|Slowbro, M|100\/100\n|turn|4\n|\n|t:|1700446379\n|switch|p2a: Landorus|Landorus-Therian, M|100\/100\n|-ability|p2a: Landorus|Intimidate|boost\n|-unboost|p1a: Indeedee|atk|1\n|-unboost|p1b: Sinistcha|atk|1\n|detailschange|p2b: Slowbro|Slowbro-Mega, M\n|-mega|p2b: Slowbro|Slowbro|Slowbronite\n|move|p1a: Indeedee|Expanding Force|p2b: Slowbro|[spread] p2a,p2b\n|-resisted|p2b: Slowbro\n|-damage|p2a: Landorus|66\/100\n|-damage|p2b: Slowbro|81\/100\n|move|p1b: Sinistcha|Matcha Gotcha|p2a: Landorus|[spread] p2a,p2b\n|-supereffective|p2b: Slowbro\n|-damage|p2a: Landorus|37\/100\n|-damage|p2b: Slowbro|12\/100\n|move|p2b: Slowbro|Seismic Toss|p1a: Indeedee\n|-damage|p1a: Indeedee|30\/100\n|\n|upkeep\n|turn|5\n|\n|t:|1700446431\n|switch|p2b: Magnezone|Magnezone|100\/100\n|move|p1a: Indeedee|Helping Hand|p1b: Sinistcha\n|-singleturn|p1b: Sinistcha|Helping Hand|[of] p1a: Indeedee\n|move|p2a: Landorus|Knock Off|p1b: Sinistcha\n|-supereffective|p1b: Sinistcha\n|-damage|p1b: Sinistcha|27\/100\n|-enditem|p1b: Sinistcha|Big Root|[from] move: Knock Off|[of] p2a: Landorus\n|move|p1b: Sinistcha|Matcha Gotcha|p2b: Magnezone|[spread] p2b\n|-miss|p1b: Sinistcha|p2a: Landorus\n|-resisted|p2b: Magnezone\n|-damage|p2b: Magnezone|75\/100\n|-heal|p1b: Sinistcha|40\/100|[from] drain|[of] p2b: Magnezone\n|\n|upkeep\n|turn|6\n|\n|t:|1700446457\n|move|p2a: Landorus|Knock Off|p1a: Indeedee\n|-supereffective|p1a: Indeedee\n|-damage|p1a: Indeedee|0 fnt\n|-enditem|p1a: Indeedee|Terrain Extender|[from] move: Knock Off|[of] p2a: Landorus\n|faint|p1a: Indeedee\n|move|p1b: Sinistcha|Matcha Gotcha|p2a: Landorus|[spread] p2b\n|-miss|p1b: Sinistcha|p2a: Landorus\n|-resisted|p2b: Magnezone\n|-damage|p2b: Magnezone|57\/100\n|-heal|p1b: Sinistcha|49\/100|[from] drain|[of] p2b: Magnezone\n|move|p2b: Magnezone|Hidden Power|p1b: Sinistcha\n|-supereffective|p1b: Sinistcha\n|-damage|p1b: Sinistcha|4\/100\n|\n|upkeep\n|\n|t:|1700446467\n|switch|p1a: Lilligant|Lilligant-Hisui, F|100\/100\n|turn|7\n|\n|t:|1700446492\n|switch|p2a: Flygon|Flygon, M, tera:Bug|47\/100\n|move|p1a: Lilligant|Axe Kick|p2b: Magnezone\n|-supereffective|p2b: Magnezone\n|-damage|p2b: Magnezone|4\/100\n|-start|p2b: Magnezone|confusion\n|move|p1b: Sinistcha|Strength Sap|p2a: Flygon\n|-unboost|p2a: Flygon|atk|1\n|-heal|p1b: Sinistcha|99\/100\n|-activate|p2b: Magnezone|confusion\n|move|p2b: Magnezone|Steel Beam|p1a: Lilligant\n|-damage|p1a: Lilligant|24\/100\n|-damage|p2b: Magnezone|0 fnt|[from] steelbeam\n|faint|p2b: Magnezone\n|\n|upkeep\n|\n|t:|1700446508\n|switch|p2b: Landorus|Landorus-Therian, M|37\/100\n|-ability|p2b: Landorus|Intimidate|boost\n|-unboost|p1a: Lilligant|atk|1\n|-unboost|p1b: Sinistcha|atk|1\n|turn|8\n|\n|t:|1700446520\n|move|p2a: Flygon|First Impression|p1a: Lilligant\n|-activate|p1a: Lilligant|move: Psychic Terrain\n|move|p1a: Lilligant|After You|p1b: Sinistcha\n|-activate|p1b: Sinistcha|move: After You\n|move|p1b: Sinistcha|Matcha Gotcha|p2b: Landorus|[spread] p2a,p2b\n|-resisted|p2a: Flygon\n|-damage|p2a: Flygon|25\/100\n|-heal|p1b: Sinistcha|100\/100|[from] drain|[of] p2a: Flygon\n|-damage|p2b: Landorus|11\/100\n|-status|p2a: Flygon|brn\n|-status|p2b: Landorus|brn\n|move|p2b: Landorus|Knock Off|p1b: Sinistcha\n|-supereffective|p1b: Sinistcha\n|-damage|p1b: Sinistcha|79\/100\n|\n|-damage|p2b: Landorus|5\/100 brn|[from] brn\n|-damage|p2a: Flygon|19\/100 brn|[from] brn\n|upkeep\n|turn|9\n|\n|t:|1700446544\n|switch|p2a: Rillaboom|Rillaboom, M|22\/100\n|-fieldstart|move: Grassy Terrain|[from] ability: Grassy Surge|[of] p2a: Rillaboom\n|move|p1a: Lilligant|Pollen Puff|p1b: Sinistcha\n|-heal|p1b: Sinistcha|100\/100\n|move|p2b: Landorus|Stone Edge|p1b: Sinistcha\n|-damage|p1b: Sinistcha|84\/100\n|move|p1b: Sinistcha|Matcha Gotcha|p2a: Rillaboom|[spread] p2a,p2b\n|-resisted|p2a: Rillaboom\n|-damage|p2a: Rillaboom|0 fnt\n|-heal|p1b: Sinistcha|94\/100|[from] drain|[of] p2a: Rillaboom\n|-damage|p2b: Landorus|0 fnt\n|-heal|p1b: Sinistcha|97\/100|[from] drain|[of] p2b: Landorus\n|faint|p2a: Rillaboom\n|faint|p2b: Landorus\n|\n|-heal|p1a: Lilligant|31\/100|[from] Grassy Terrain\n|-heal|p1b: Sinistcha|100\/100|[from] Grassy Terrain\n|upkeep\n|\n|t:|1700446574\n|switch|p2b: Slowbro|Slowbro-Mega, M|12\/100\n|switch|p2a: Flygon|Flygon, M, tera:Bug|19\/100 brn\n|turn|10\n|\n|t:|1700446611\n|move|p2a: Flygon|First Impression|p1b: Sinistcha\n|-damage|p1b: Sinistcha|72\/100\n|move|p1a: Lilligant|Pollen Puff|p2b: Slowbro\n|-supereffective|p2b: Slowbro\n|-damage|p2b: Slowbro|0 fnt\n|faint|p2b: Slowbro\n|move|p1b: Sinistcha|Matcha Gotcha|p2a: Flygon\n|-resisted|p2a: Flygon\n|-damage|p2a: Flygon|0 fnt\n|-heal|p1b: Sinistcha|80\/100|[from] drain|[of] p2a: Flygon\n|faint|p2a: Flygon\n|\n|win|SockedPuppet\n|raw|SockedPuppet's rating: 1156 &rarr; <strong>1175<\/strong><br \/>(+19 for winning)\n|raw|LilyLopears's rating: 1076 &rarr; <strong>1059<\/strong><br \/>(-17 for losing)\n|c|\u2606SockedPuppet|gg\n|c|\u2606LilyLopears|gg\n|l|\u2606SockedPuppet\n","uploadtime":1700446628,"views":3,"p1id":"sockedpuppet","p2id":"lilylopears","formatid":"gen9nationaldexdoubles","rating":1059,"private":0,"password":""}