{"id":"gen9nationaldexdoubles-1974193953","p1":"sw2000","p2":"amubai","format":"[Gen 9] National Dex Doubles","log":"|j|\u2606sw2000\n|j|\u2606amubai\n|t:|1698067080\n|gametype|doubles\n|player|p1|sw2000|waitress-gen4|1227\n|player|p2|amubai|265|1441\n|teamsize|p1|6\n|teamsize|p2|6\n|gen|9\n|tier|[Gen 9] National Dex Doubles\n|rated|\n|rule|HP Percentage Mod: HP is shown in percentages\n|rule|Endless Battle Clause: Forcing endless battles is banned\n|rule|OHKO Clause: OHKO moves are banned\n|rule|Evasion Moves Clause: Evasion moves are banned\n|rule|Evasion Abilities Clause: Evasion abilities are banned\n|rule|Species Clause: Limit one of each Pok\u00e9mon\n|rule|Gravity Sleep Clause: The combination of sleep-inducing moves with imperfect accuracy and Gravity or Gigantamax Orbeetle are banned\n|clearpoke\n|poke|p1|Charizard, F|\n|poke|p1|Walking Wake|\n|poke|p1|Rillaboom, F|\n|poke|p1|Farigiraf, M|\n|poke|p1|Chien-Pao|\n|poke|p1|Golisopod, M|\n|poke|p2|Charizard, M|\n|poke|p2|Ogerpon-Hearthflame, F|\n|poke|p2|Walking Wake|\n|poke|p2|Rillaboom, M|\n|poke|p2|Tornadus, M|\n|poke|p2|Flutter Mane|\n|teampreview\n|inactive|Battle timer is ON: inactive players will automatically lose when time's up. (requested by sw2000)\n|\n|t:|1698067103\n|start\n|switch|p1a: Golisopod|Golisopod, M|100\/100\n|switch|p1b: Chien-Pao|Chien-Pao|100\/100\n|switch|p2a: Tornadus|Tornadus, M|100\/100\n|switch|p2b: Flutter Mane|Flutter Mane|100\/100\n|-ability|p1b: Chien-Pao|Sword of Ruin\n|turn|1\n|\n|t:|1698067125\n|move|p1a: Golisopod|First Impression|p2b: Flutter Mane\n|-resisted|p2b: Flutter Mane\n|-damage|p2b: Flutter Mane|62\/100\n|move|p2b: Flutter Mane|Dazzling Gleam|p1b: Chien-Pao|[spread] p1a,p1b\n|-supereffective|p1b: Chien-Pao\n|-damage|p1a: Golisopod|67\/100\n|-enditem|p1b: Chien-Pao|Focus Sash\n|-damage|p1b: Chien-Pao|1\/100\n|move|p1b: Chien-Pao|Crunch|p2b: Flutter Mane\n|-damage|p2b: Flutter Mane|0 fnt\n|faint|p2b: Flutter Mane\n|-end|p2b: Flutter Mane|Protosynthesis|[silent]\n|move|p2a: Tornadus|Bleakwind Storm|p1a: Golisopod|[spread] p1a,p1b\n|-supereffective|p1a: Golisopod\n|-damage|p1a: Golisopod|0 fnt\n|-damage|p1b: Chien-Pao|0 fnt\n|faint|p1a: Golisopod\n|faint|p1b: Chien-Pao\n|-damage|p2a: Tornadus|90\/100|[from] item: Life Orb\n|\n|upkeep\n|\n|t:|1698067150\n|switch|p1b: Walking Wake|Walking Wake|100\/100\n|switch|p2b: Walking Wake|Walking Wake|100\/100\n|switch|p1a: Rillaboom|Rillaboom, F|100\/100\n|-fieldstart|move: Grassy Terrain|[from] ability: Grassy Surge|[of] p1a: Rillaboom\n|turn|2\n|\n|t:|1698067167\n|move|p1a: Rillaboom|Fake Out|p2b: Walking Wake\n|-damage|p2b: Walking Wake|84\/100\n|move|p2a: Tornadus|Bleakwind Storm|p1b: Walking Wake|[spread] p1a,p1b\n|-supereffective|p1a: Rillaboom\n|-damage|p1a: Rillaboom|0 fnt\n|-damage|p1b: Walking Wake|38\/100\n|faint|p1a: Rillaboom\n|-damage|p2a: Tornadus|80\/100|[from] item: Life Orb\n|cant|p2b: Walking Wake|flinch\n|-zpower|p1b: Walking Wake\n|move|p1b: Walking Wake|Devastating Drake|p2b: Walking Wake|[zeffect]\n|-supereffective|p2b: Walking Wake\n|-damage|p2b: Walking Wake|0 fnt\n|faint|p2b: Walking Wake\n|-end|p2b: Walking Wake|Protosynthesis|[silent]\n|\n|-heal|p1b: Walking Wake|45\/100|[from] Grassy Terrain\n|upkeep\n|\n|t:|1698067188\n|switch|p2b: Rillaboom|Rillaboom, M|100\/100\n|switch|p1a: Charizard|Charizard, F|100\/100\n|turn|3\n|\n|t:|1698067201\n|move|p1b: Walking Wake|Protect|p1b: Walking Wake\n|-singleturn|p1b: Walking Wake|Protect\n|move|p1a: Charizard|Protect|p1a: Charizard\n|-singleturn|p1a: Charizard|Protect\n|move|p2b: Rillaboom|Fake Out|p1b: Walking Wake\n|-activate|p1b: Walking Wake|move: Protect\n|move|p2a: Tornadus|Bleakwind Storm|p1b: Walking Wake|[spread] \n|-activate|p1a: Charizard|move: Protect\n|-activate|p1b: Walking Wake|move: Protect\n|\n|-heal|p1b: Walking Wake|51\/100|[from] Grassy Terrain\n|upkeep\n|turn|4\n|\n|t:|1698067228\n|-end|p1b: Walking Wake|Protosynthesis|[silent]\n|switch|p1b: Farigiraf|Farigiraf, M|100\/100\n|-terastallize|p2b: Rillaboom|Fire\n|move|p2b: Rillaboom|Grassy Glide||[still]\n|cant|p1b: Farigiraf|ability: Armor Tail|Grassy Glide|[of] p2b: Rillaboom\n|move|p2a: Tornadus|Bleakwind Storm|p1b: Farigiraf|[spread] p1a,p1b\n|-damage|p1a: Charizard|35\/100\n|-damage|p1b: Farigiraf|49\/100\n|-damage|p2a: Tornadus|70\/100|[from] item: Life Orb\n|move|p1a: Charizard|Heat Wave|p2a: Tornadus|[spread] p2a,p2b\n|-resisted|p2b: Rillaboom\n|-damage|p2a: Tornadus|24\/100\n|-damage|p2b: Rillaboom|88\/100\n|\n|-heal|p2b: Rillaboom|94\/100|[from] Grassy Terrain\n|-heal|p1b: Farigiraf|55\/100|[from] Grassy Terrain\n|upkeep\n|turn|5\n|\n|t:|1698067257\n|detailschange|p1a: Charizard|Charizard-Mega-Y, F\n|-mega|p1a: Charizard|Charizard|Charizardite Y\n|-weather|SunnyDay|[from] ability: Drought|[of] p1a: Charizard\n|move|p1a: Charizard|Protect|p1a: Charizard\n|-singleturn|p1a: Charizard|Protect\n|move|p2a: Tornadus|Bleakwind Storm|p1b: Farigiraf|[spread] p1b\n|-activate|p1a: Charizard|move: Protect\n|-damage|p1b: Farigiraf|4\/100\n|-damage|p2a: Tornadus|14\/100|[from] item: Life Orb\n|move|p2b: Rillaboom|Knock Off|p1b: Farigiraf\n|-supereffective|p1b: Farigiraf\n|-enditem|p1b: Farigiraf|Colbur Berry|[eat]\n|-enditem|p1b: Farigiraf|Colbur Berry|[weaken]\n|-damage|p1b: Farigiraf|0 fnt\n|faint|p1b: Farigiraf\n|\n|-weather|SunnyDay|[upkeep]\n|-heal|p2b: Rillaboom|99\/100|[from] Grassy Terrain\n|upkeep\n|inactive|sw2000 has 120 seconds left.\n|\n|t:|1698067272\n|switch|p1b: Walking Wake|Walking Wake|51\/100\n|-activate|p1b: Walking Wake|ability: Protosynthesis\n|-start|p1b: Walking Wake|protosynthesisspe\n|turn|6\n|\n|t:|1698067287\n|move|p2a: Tornadus|Tailwind|p2a: Tornadus\n|-sidestart|p2: amubai|move: Tailwind\n|move|p2b: Rillaboom|Grassy Glide|p1b: Walking Wake\n|-damage|p1b: Walking Wake|9\/100\n|move|p1b: Walking Wake|Hydro Steam|p2a: Tornadus\n|-damage|p2a: Tornadus|0 fnt\n|faint|p2a: Tornadus\n|move|p1a: Charizard|Air Slash|p2b: Rillaboom\n|-damage|p2b: Rillaboom|68\/100\n|\n|-weather|SunnyDay|[upkeep]\n|-heal|p1b: Walking Wake|15\/100|[from] Grassy Terrain\n|-heal|p2b: Rillaboom|74\/100|[from] Grassy Terrain\n|upkeep\n|\n|t:|1698067305\n|switch|p2a: Charizard|Charizard, M|100\/100\n|turn|7\n|\n|t:|1698067319\n|detailschange|p2a: Charizard|Charizard-Mega-Y, M\n|-mega|p2a: Charizard|Charizard|Charizardite Y\n|move|p1b: Walking Wake|Protect|p1b: Walking Wake\n|-singleturn|p1b: Walking Wake|Protect\n|move|p2a: Charizard|Heat Wave|p1b: Walking Wake|[spread] p1a\n|-activate|p1b: Walking Wake|move: Protect\n|-resisted|p1a: Charizard\n|-damage|p1a: Charizard|3\/100\n|move|p2b: Rillaboom|Knock Off|p1a: Charizard\n|-damage|p1a: Charizard|0 fnt\n|faint|p1a: Charizard\n|\n|-weather|SunnyDay|[upkeep]\n|-heal|p1b: Walking Wake|22\/100|[from] Grassy Terrain\n|-heal|p2b: Rillaboom|80\/100|[from] Grassy Terrain\n|upkeep\n|turn|8\n|-message|sw2000 forfeited.\n|\n|win|amubai\n|raw|sw2000's rating: 1227 &rarr; <strong>1216<\/strong><br \/>(-11 for losing)\n|raw|amubai's rating: 1441 &rarr; <strong>1450<\/strong><br \/>(+9 for winning)\n|l|\u2606sw2000\n","uploadtime":1698067566,"views":9,"p1id":"sw2000","p2id":"amubai","formatid":"gen9nationaldexdoubles","rating":1216,"private":0,"password":""}