{"id":"gen9nationaldexdoubles-1995551918","p1":"Star Guarden","p2":"Mibombilla","format":"[Gen 9] National Dex Doubles","log":"|j|\u2606Star Guarden\n|j|\u2606Mibombilla\n|t:|1700582182\n|gametype|doubles\n|player|p1|Star Guarden|lance|\n|player|p2|Mibombilla|benga|\n|teamsize|p1|6\n|teamsize|p2|6\n|gen|9\n|tier|[Gen 9] National Dex Doubles\n|rule|HP Percentage Mod: HP is shown in percentages\n|rule|Endless Battle Clause: Forcing endless battles is banned\n|rule|OHKO Clause: OHKO moves are banned\n|rule|Evasion Moves Clause: Evasion moves are banned\n|rule|Evasion Abilities Clause: Evasion abilities are banned\n|rule|Species Clause: Limit one of each Pok\u00e9mon\n|rule|Gravity Sleep Clause: The combination of sleep-inducing moves with imperfect accuracy and Gravity or Gigantamax Orbeetle are banned\n|clearpoke\n|poke|p1|Carracosta, M|\n|poke|p1|Archeops, M|\n|poke|p1|Shieldon, M|\n|poke|p1|Tyrantrum, M|\n|poke|p1|Cradily, F|\n|poke|p1|Araquanid, F|\n|poke|p2|Vaporeon, F|\n|poke|p2|Umbreon, F|\n|poke|p2|Espeon, M|\n|poke|p2|Leafeon, F|\n|poke|p2|Glaceon, F|\n|poke|p2|Sylveon, M|\n|teampreview\n|c|\u2606Mibombilla|No te daban miedo las ara\u00f1as?\n|c|\u2606Star Guarden|Y me dan\n|j| carmen_pkm\n|c|\u2606Star Guarden|Pero es el \u00fanico bicho prehist\u00f3rico que tiene danza amiga\n|\n|t:|1700582253\n|start\n|switch|p1a: Shieldon Copper|Shieldon, M|100\/100\n|switch|p1b: Planti Macetocico|Cradily, F|100\/100\n|switch|p2a: En t\u00e9rminos de...|Vaporeon, F|100\/100\n|switch|p2b: Kafka|Espeon, M|100\/100\n|turn|1\n|c|\u2606Mibombilla|Shieldon Cooper\n|c|\u2606Mibombilla|Ya me quiero rendir\n|c|\u2606Star Guarden|Copper\n|c|\u2606Star Guarden|XD\n|\n|t:|1700582284\n|move|p2b: Kafka|Reflect|p2b: Kafka\n|-sidestart|p2: Mibombilla|Reflect\n|move|p2a: En t\u00e9rminos de...|Rain Dance|p2a: En t\u00e9rminos de...\n|-weather|RainDance\n|move|p1b: Planti Macetocico|Leech Seed|p2a: En t\u00e9rminos de...\n|-start|p2a: En t\u00e9rminos de...|move: Leech Seed\n|move|p1a: Shieldon Copper|Stealth Rock|p2a: En t\u00e9rminos de...\n|move|p2b: Kafka|Stealth Rock|p1a: Shieldon Copper|[from]ability: Magic Bounce\n|-sidestart|p1: Star Guarden|move: Stealth Rock\n|\n|-weather|RainDance|[upkeep]\n|-damage|p2a: En t\u00e9rminos de...|88\/100|[from] Leech Seed|[of] p1b: Planti Macetocico\n|upkeep\n|turn|2\n|c| carmen_pkm|xd\n|\n|t:|1700582303\n|move|p2b: Kafka|Light Screen|p2b: Kafka\n|-sidestart|p2: Mibombilla|move: Light Screen\n|move|p2a: En t\u00e9rminos de...|Aqua Ring|p2a: En t\u00e9rminos de...\n|-start|p2a: En t\u00e9rminos de...|Aqua Ring\n|move|p1b: Planti Macetocico|Curse|p1b: Planti Macetocico\n|-unboost|p1b: Planti Macetocico|spe|1\n|-boost|p1b: Planti Macetocico|atk|1\n|-boost|p1b: Planti Macetocico|def|1\n|move|p1a: Shieldon Copper|Iron Defense|p1a: Shieldon Copper\n|-boost|p1a: Shieldon Copper|def|2\n|\n|-weather|RainDance|[upkeep]\n|-heal|p2a: En t\u00e9rminos de...|94\/100|[from] item: Leftovers\n|-heal|p2a: En t\u00e9rminos de...|100\/100|[from] Aqua Ring\n|-damage|p2a: En t\u00e9rminos de...|88\/100|[from] Leech Seed|[of] p1b: Planti Macetocico\n|upkeep\n|turn|3\n|\n|t:|1700582325\n|move|p2b: Kafka|Calm Mind|p2b: Kafka\n|-boost|p2b: Kafka|spa|1\n|-boost|p2b: Kafka|spd|1\n|move|p2a: En t\u00e9rminos de...|Acid Armor|p2a: En t\u00e9rminos de...\n|-boost|p2a: En t\u00e9rminos de...|def|2\n|move|p1a: Shieldon Copper|Iron Head|p2b: Kafka\n|-damage|p2b: Kafka|83\/100\n|move|p1b: Planti Macetocico|Curse|p1b: Planti Macetocico\n|-unboost|p1b: Planti Macetocico|spe|1\n|-boost|p1b: Planti Macetocico|atk|1\n|-boost|p1b: Planti Macetocico|def|1\n|\n|-weather|RainDance|[upkeep]\n|-heal|p2a: En t\u00e9rminos de...|94\/100|[from] item: Leftovers\n|-heal|p2a: En t\u00e9rminos de...|100\/100|[from] Aqua Ring\n|-damage|p2a: En t\u00e9rminos de...|88\/100|[from] Leech Seed|[of] p1b: Planti Macetocico\n|upkeep\n|turn|4\n|\n|t:|1700582358\n|move|p2b: Kafka|Calm Mind|p2b: Kafka\n|-boost|p2b: Kafka|spa|1\n|-boost|p2b: Kafka|spd|1\n|move|p2a: En t\u00e9rminos de...|Acid Armor|p2a: En t\u00e9rminos de...\n|-boost|p2a: En t\u00e9rminos de...|def|2\n|move|p1a: Shieldon Copper|Iron Head|p2b: Kafka\n|-damage|p2b: Kafka|66\/100\n|move|p1b: Planti Macetocico|Meteor Beam||[still]\n|-prepare|p1b: Planti Macetocico|Meteor Beam\n|-boost|p1b: Planti Macetocico|spa|1\n|\n|-weather|RainDance|[upkeep]\n|-heal|p2a: En t\u00e9rminos de...|94\/100|[from] item: Leftovers\n|-heal|p2a: En t\u00e9rminos de...|100\/100|[from] Aqua Ring\n|-damage|p2a: En t\u00e9rminos de...|88\/100|[from] Leech Seed|[of] p1b: Planti Macetocico\n|upkeep\n|turn|5\n|\n|t:|1700582380\n|move|p2b: Kafka|Psychic|p1b: Planti Macetocico\n|-crit|p1b: Planti Macetocico\n|-damage|p1b: Planti Macetocico|0 fnt\n|faint|p1b: Planti Macetocico\n|move|p2a: En t\u00e9rminos de...|Acid Armor|p2a: En t\u00e9rminos de...\n|-boost|p2a: En t\u00e9rminos de...|def|2\n|move|p1a: Shieldon Copper|Smack Down|p2b: Kafka\n|-damage|p2b: Kafka|55\/100\n|\n|-weather|none\n|-heal|p2a: En t\u00e9rminos de...|94\/100|[from] item: Leftovers\n|-heal|p2a: En t\u00e9rminos de...|100\/100|[from] Aqua Ring\n|upkeep\n|\n|t:|1700582397\n|switch|p1b: Gamera|Carracosta, M, shiny|100\/100\n|-damage|p1b: Gamera|88\/100|[from] Stealth Rock\n|turn|6\n|\n|t:|1700582407\n|move|p2b: Kafka|Psychic|p1b: Gamera\n|-damage|p1b: Gamera|0 fnt\n|faint|p1b: Gamera\n|move|p2a: En t\u00e9rminos de...|Rain Dance|p2a: En t\u00e9rminos de...\n|-weather|RainDance\n|move|p1a: Shieldon Copper|Iron Defense|p1a: Shieldon Copper\n|-boost|p1a: Shieldon Copper|def|2\n|\n|-weather|RainDance|[upkeep]\n|upkeep\n|\n|t:|1700582424\n|switch|p1b: Mal\u00e9volo Ara\u00f1\u00f3n|Araquanid, F, shiny|100\/100\n|-damage|p1b: Mal\u00e9volo Ara\u00f1\u00f3n|76\/100|[from] Stealth Rock\n|turn|7\n|\n|t:|1700582442\n|move|p2b: Kafka|Psychic|p1b: Mal\u00e9volo Ara\u00f1\u00f3n\n|-damage|p1b: Mal\u00e9volo Ara\u00f1\u00f3n|3\/100\n|move|p2a: En t\u00e9rminos de...|Scald|p1a: Shieldon Copper\n|-supereffective|p1a: Shieldon Copper\n|-damage|p1a: Shieldon Copper|19\/100\n|move|p1b: Mal\u00e9volo Ara\u00f1\u00f3n|Infestation|p2b: Kafka\n|-supereffective|p2b: Kafka\n|-damage|p2b: Kafka|51\/100\n|-activate|p2b: Kafka|move: Infestation|[of] p1b: Mal\u00e9volo Ara\u00f1\u00f3n\n|move|p1a: Shieldon Copper|Iron Head|p2b: Kafka\n|-damage|p2b: Kafka|34\/100\n|\n|-weather|RainDance|[upkeep]\n|-heal|p1b: Mal\u00e9volo Ara\u00f1\u00f3n|9\/100|[from] item: Leftovers\n|-damage|p2a: En t\u00e9rminos de...|88\/100|[from] Leech Seed|[of] p1b: Mal\u00e9volo Ara\u00f1\u00f3n\n|-heal|p1b: Mal\u00e9volo Ara\u00f1\u00f3n|30\/100|[silent]\n|-damage|p2b: Kafka|22\/100|[from] move: Infestation|[partiallytrapped]\n|upkeep\n|turn|8\n|\n|t:|1700582466\n|switch|p1b: Morgoth|Tyrantrum, M|100\/100\n|-damage|p1b: Morgoth|88\/100|[from] Stealth Rock\n|move|p2b: Kafka|Psychic|p1b: Morgoth\n|-damage|p1b: Morgoth|0 fnt\n|faint|p1b: Morgoth\n|move|p2a: En t\u00e9rminos de...|Scald|p1a: Shieldon Copper\n|-supereffective|p1a: Shieldon Copper\n|-damage|p1a: Shieldon Copper|0 fnt\n|faint|p1a: Shieldon Copper\n|\n|-weather|RainDance|[upkeep]\n|-heal|p2a: En t\u00e9rminos de...|94\/100|[from] item: Leftovers\n|-heal|p2a: En t\u00e9rminos de...|100\/100|[from] Aqua Ring\n|-end|p2b: Kafka|Infestation|[partiallytrapped]|[silent]\n|-sideend|p2: Mibombilla|Reflect\n|upkeep\n|\n|t:|1700582484\n|switch|p1b: Mal\u00e9volo Ara\u00f1\u00f3n|Araquanid, F, shiny|30\/100\n|switch|p1a: Archeoklaxus|Archeops, M, shiny|100\/100\n|-damage|p1a: Archeoklaxus|75\/100|[from] Stealth Rock\n|-damage|p1b: Mal\u00e9volo Ara\u00f1\u00f3n|5\/100|[from] Stealth Rock\n|turn|9\n|\n|t:|1700582500\n|move|p2b: Kafka|Reflect|p2b: Kafka\n|-sidestart|p2: Mibombilla|Reflect\n|move|p1a: Archeoklaxus|Crunch|p2b: Kafka\n|-supereffective|p2b: Kafka\n|-damage|p2b: Kafka|0 fnt\n|faint|p2b: Kafka\n|move|p2a: En t\u00e9rminos de...|Scald|p1b: Mal\u00e9volo Ara\u00f1\u00f3n\n|-resisted|p1b: Mal\u00e9volo Ara\u00f1\u00f3n\n|-damage|p1b: Mal\u00e9volo Ara\u00f1\u00f3n|0 fnt\n|faint|p1b: Mal\u00e9volo Ara\u00f1\u00f3n\n|\n|-weather|RainDance|[upkeep]\n|-sideend|p2: Mibombilla|move: Light Screen\n|upkeep\n|\n|t:|1700582510\n|switch|p2b: My Black Bro|Umbreon, F|100\/100\n|turn|10\n|\n|t:|1700582529\n|move|p1a: Archeoklaxus|Rock Slide|p2b: My Black Bro|[spread] p2a,p2b\n|-damage|p2a: En t\u00e9rminos de...|94\/100\n|-damage|p2b: My Black Bro|87\/100\n|move|p2a: En t\u00e9rminos de...|Scald|p1a: Archeoklaxus\n|-supereffective|p1a: Archeoklaxus\n|-damage|p1a: Archeoklaxus|0 fnt\n|faint|p1a: Archeoklaxus\n|\n|win|Mibombilla\n","uploadtime":1700582553,"views":1,"p1id":"starguarden","p2id":"mibombilla","formatid":"gen9nationaldexdoubles","rating":0,"private":0,"password":""}