{"id":"gen9nationaldexdoubles-1970913625","p1":"Noibaat 500","p2":"snowgust","format":"[Gen 9] National Dex Doubles","log":"|j|\u2606Noibaat 500\n|j|\u2606snowgust\n|t:|1697680188\n|gametype|doubles\n|player|p1|Noibaat 500|giovanni|1107\n|player|p2|snowgust|1|1033\n|teamsize|p1|6\n|teamsize|p2|6\n|gen|9\n|tier|[Gen 9] National Dex Doubles\n|rated|\n|rule|HP Percentage Mod: HP is shown in percentages\n|rule|Endless Battle Clause: Forcing endless battles is banned\n|rule|OHKO Clause: OHKO moves are banned\n|rule|Evasion Moves Clause: Evasion moves are banned\n|rule|Evasion Abilities Clause: Evasion abilities are banned\n|rule|Species Clause: Limit one of each Pok\u00e9mon\n|rule|Gravity Sleep Clause: The combination of sleep-inducing moves with imperfect accuracy and Gravity or Gigantamax Orbeetle are banned\n|clearpoke\n|poke|p1|Braviary-Hisui, M|\n|poke|p1|Arcanine-Hisui, M|\n|poke|p1|Torterra, M|\n|poke|p1|Typhlosion-Hisui, M|\n|poke|p1|Kleavor, M|\n|poke|p1|Basculegion, M|\n|poke|p2|Dunsparce, F|\n|poke|p2|Dudunsparce-*, M|\n|poke|p2|Roaring Moon|\n|poke|p2|Sableye, F|\n|poke|p2|Hawlucha, F|\n|poke|p2|Dragonite, F|\n|teampreview\n|\n|t:|1697680194\n|start\n|switch|p1a: Hunter|Arcanine-Hisui, M, shiny|100\/100\n|switch|p1b: Shadow|Basculegion, M|100\/100\n|switch|p2a: Dudunsparce|Dudunsparce, M|100\/100\n|switch|p2b: Sableye|Sableye, F, shiny|100\/100\n|turn|1\n|\n|t:|1697680207\n|move|p2b: Sableye|Thunder Wave|p1b: Shadow\n|-status|p1b: Shadow|par\n|move|p2a: Dudunsparce|Rock Slide|p1b: Shadow|[spread] p1a,p1b\n|-supereffective|p1a: Hunter\n|-damage|p1a: Hunter|63\/100\n|-damage|p1b: Shadow|83\/100 par\n|cant|p1a: Hunter|flinch\n|move|p1b: Shadow|Liquidation|p2a: Dudunsparce\n|-damage|p2a: Dudunsparce|41\/100\n|\n|upkeep\n|turn|2\n|\n|t:|1697680219\n|move|p2b: Sableye|Gravity|p2b: Sableye\n|-fieldstart|move: Gravity\n|move|p2a: Dudunsparce|Rock Slide|p1b: Shadow|[spread] p1a,p1b\n|-supereffective|p1a: Hunter\n|-damage|p1a: Hunter|23\/100\n|-damage|p1b: Shadow|65\/100 par\n|-enditem|p1a: Hunter|Salac Berry|[eat]\n|-boost|p1a: Hunter|spe|1|[from] item: Salac Berry\n|move|p1a: Hunter|Head Smash|p2b: Sableye\n|-crit|p2b: Sableye\n|-damage|p2b: Sableye|2\/100\n|move|p1b: Shadow|Liquidation|p2a: Dudunsparce\n|-damage|p2a: Dudunsparce|0 fnt\n|faint|p2a: Dudunsparce\n|\n|-heal|p2b: Sableye|9\/100|[from] item: Leftovers\n|upkeep\n|\n|t:|1697680235\n|switch|p2a: Dunsparce|Dunsparce, F|100\/100\n|turn|3\n|\n|t:|1697680243\n|move|p2b: Sableye|Thunder Wave|p1a: Hunter\n|-status|p1a: Hunter|par\n|move|p2a: Dunsparce|Rock Slide|p1b: Shadow|[spread] p1a,p1b\n|-supereffective|p1a: Hunter\n|-damage|p1a: Hunter|0 fnt\n|-damage|p1b: Shadow|50\/100 par\n|faint|p1a: Hunter\n|cant|p1b: Shadow|flinch\n|\n|-heal|p2b: Sableye|15\/100|[from] item: Leftovers\n|upkeep\n|\n|t:|1697680250\n|switch|p1a: Guide|Typhlosion-Hisui, M|100\/100\n|-item|p2a: Dunsparce|Choice Scarf|[from] ability: Frisk|[of] p1a: Guide|[identify]\n|-item|p2b: Sableye|Leftovers|[from] ability: Frisk|[of] p1a: Guide|[identify]\n|turn|4\n|\n|t:|1697680261\n|move|p2b: Sableye|Thunder Wave|p1a: Guide\n|-status|p1a: Guide|par\n|move|p2a: Dunsparce|Rock Slide|p1a: Guide|[spread] p1a,p1b\n|-supereffective|p1a: Guide\n|-damage|p1a: Guide|59\/100 par\n|-damage|p1b: Shadow|36\/100 par\n|-enditem|p1a: Guide|Air Balloon\n|cant|p1a: Guide|flinch\n|cant|p1b: Shadow|flinch\n|\n|-heal|p2b: Sableye|21\/100|[from] item: Leftovers\n|upkeep\n|turn|5\n|c|\u2606Noibaat 500|Coward\n|\n|t:|1697680281\n|move|p2a: Dunsparce|Rock Slide|p1a: Guide|[spread] p1a,p1b\n|-supereffective|p1a: Guide\n|-damage|p1a: Guide|23\/100 par\n|-damage|p1b: Shadow|23\/100 par\n|cant|p1a: Guide|flinch\n|move|p2b: Sableye|Knock Off|p1a: Guide\n|-supereffective|p1a: Guide\n|-damage|p1a: Guide|0 fnt\n|faint|p1a: Guide\n|cant|p1b: Shadow|flinch\n|\n|-heal|p2b: Sableye|27\/100|[from] item: Leftovers\n|upkeep\n|\n|t:|1697680293\n|switch|p1a: Executer|Kleavor, M|100\/100\n|turn|6\n|\n|t:|1697680306\n|move|p2b: Sableye|Thunder Wave|p1a: Executer\n|-status|p1a: Executer|par\n|move|p2a: Dunsparce|Rock Slide|p1a: Executer|[spread] p1a,p1b\n|-supereffective|p1a: Executer\n|-damage|p1a: Executer|68\/100 par\n|-damage|p1b: Shadow|9\/100 par\n|cant|p1a: Executer|flinch\n|move|p1b: Shadow|Flip Turn|p2a: Dunsparce\n|-damage|p2a: Dunsparce|42\/100\n|\n|t:|1697680314\n|switch|p1b: Seth|Torterra, M, shiny|100\/100|[from] Flip Turn\n|\n|-heal|p2b: Sableye|34\/100|[from] item: Leftovers\n|-fieldend|move: Gravity\n|upkeep\n|turn|7\n|\n|t:|1697680326\n|move|p2b: Sableye|Confuse Ray|p1b: Seth\n|-start|p1b: Seth|confusion\n|move|p2a: Dunsparce|Rock Slide|p1b: Seth|[spread] p1a,p1b\n|-supereffective|p1a: Executer\n|-resisted|p1b: Seth\n|-damage|p1a: Executer|37\/100 par\n|-damage|p1b: Seth|95\/100\n|cant|p1b: Seth|flinch\n|cant|p1a: Executer|flinch\n|\n|-heal|p2b: Sableye|40\/100|[from] item: Leftovers\n|upkeep\n|turn|8\n|\n|t:|1697680342\n|move|p2b: Sableye|Gravity|p2b: Sableye\n|-fieldstart|move: Gravity\n|move|p2a: Dunsparce|Rock Slide|p1b: Seth|[spread] p1a,p1b\n|-supereffective|p1a: Executer\n|-resisted|p1b: Seth\n|-damage|p1a: Executer|3\/100 par\n|-damage|p1b: Seth|90\/100\n|-activate|p1b: Seth|confusion\n|move|p1b: Seth|Bullet Seed|p2a: Dunsparce\n|-damage|p2a: Dunsparce|26\/100\n|-damage|p2a: Dunsparce|8\/100\n|-damage|p2a: Dunsparce|0 fnt\n|faint|p2a: Dunsparce\n|-hitcount|p2: Dunsparce|3\n|cant|p1a: Executer|flinch\n|\n|-heal|p2b: Sableye|46\/100|[from] item: Leftovers\n|upkeep\n|\n|t:|1697680355\n|switch|p2a: Roaring Moon|Roaring Moon|100\/100\n|-enditem|p2a: Roaring Moon|Booster Energy\n|-activate|p2a: Roaring Moon|ability: Protosynthesis|[fromitem]\n|-start|p2a: Roaring Moon|protosynthesisspe\n|turn|9\n|\n|t:|1697680366\n|move|p2a: Roaring Moon|Rock Slide|p1a: Executer|[spread] p1a,p1b\n|-supereffective|p1a: Executer\n|-resisted|p1b: Seth\n|-damage|p1a: Executer|0 fnt\n|-damage|p1b: Seth|82\/100\n|faint|p1a: Executer\n|-end|p1b: Seth|confusion\n|move|p1b: Seth|Leech Seed|p2b: Sableye\n|-start|p2b: Sableye|move: Leech Seed\n|move|p2b: Sableye|Knock Off|p1b: Seth\n|-damage|p1b: Seth|61\/100\n|-enditem|p1b: Seth|Loaded Dice|[from] move: Knock Off|[of] p2b: Sableye\n|\n|-heal|p2b: Sableye|52\/100|[from] item: Leftovers\n|-damage|p2b: Sableye|40\/100|[from] Leech Seed|[of] p1b: Seth\n|-heal|p1b: Seth|70\/100|[silent]\n|upkeep\n|\n|t:|1697680371\n|switch|p1a: Shadow|Basculegion, M|9\/100 par\n|turn|10\n|\n|t:|1697680382\n|switch|p2b: Hawlucha|Hawlucha, F|100\/100\n|move|p2a: Roaring Moon|Rock Slide|p1a: Shadow|[spread] p1a,p1b\n|-resisted|p1b: Seth\n|-damage|p1a: Shadow|0 fnt\n|-damage|p1b: Seth|63\/100\n|faint|p1a: Shadow\n|cant|p1b: Seth|flinch\n|\n|upkeep\n|\n|t:|1697680385\n|switch|p1a: Wayminder|Braviary-Hisui, M, shiny|100\/100\n|turn|11\n|\n|t:|1697680406\n|-terastallize|p2b: Hawlucha|Ground\n|-terastallize|p1a: Wayminder|Fairy\n|move|p2a: Roaring Moon|Rock Slide|p1a: Wayminder|[spread] p1a,p1b\n|-crit|p1a: Wayminder\n|-resisted|p1b: Seth\n|-damage|p1a: Wayminder|67\/100\n|-damage|p1b: Seth|54\/100\n|move|p2b: Hawlucha|Rock Slide|p1b: Seth|[spread] p1a,p1b\n|-resisted|p1b: Seth\n|-damage|p1a: Wayminder|49\/100\n|-damage|p1b: Seth|46\/100\n|cant|p1a: Wayminder|flinch\n|cant|p1b: Seth|flinch\n|\n|upkeep\n|turn|12\n|\n|t:|1697680423\n|move|p2a: Roaring Moon|Rock Slide|p1b: Seth|[spread] p1a,p1b\n|-resisted|p1b: Seth\n|-damage|p1a: Wayminder|28\/100\n|-damage|p1b: Seth|38\/100\n|move|p2b: Hawlucha|Rock Slide|p1a: Wayminder|[spread] p1a,p1b\n|-resisted|p1b: Seth\n|-damage|p1a: Wayminder|9\/100\n|-damage|p1b: Seth|31\/100\n|cant|p1a: Wayminder|flinch\n|cant|p1b: Seth|flinch\n|\n|-fieldend|move: Gravity\n|upkeep\n|turn|13\n|\n|t:|1697680440\n|move|p2a: Roaring Moon|Rock Slide|p1a: Wayminder|[spread] p1a,p1b\n|-resisted|p1b: Seth\n|-damage|p1a: Wayminder|0 fnt\n|-damage|p1b: Seth|24\/100\n|faint|p1a: Wayminder\n|move|p2b: Hawlucha|Rock Slide|p1b: Seth\n|-resisted|p1b: Seth\n|-damage|p1b: Seth|15\/100\n|move|p1b: Seth|Bullet Seed|p2b: Hawlucha\n|-supereffective|p2b: Hawlucha\n|-damage|p2b: Hawlucha|64\/100\n|-supereffective|p2b: Hawlucha\n|-damage|p2b: Hawlucha|26\/100\n|-enditem|p2b: Hawlucha|Sitrus Berry|[eat]\n|-heal|p2b: Hawlucha|51\/100|[from] item: Sitrus Berry\n|-supereffective|p2b: Hawlucha\n|-damage|p2b: Hawlucha|10\/100\n|-hitcount|p2b: Hawlucha|3\n|\n|upkeep\n|turn|14\n|\n|t:|1697680454\n|move|p2b: Hawlucha|U-turn|p1b: Seth\n|-supereffective|p1b: Seth\n|-damage|p1b: Seth|0 fnt\n|faint|p1b: Seth\n|\n|win|snowgust\n|raw|Noibaat 500's rating: 1107 &rarr; <strong>1077<\/strong><br \/>(-30 for losing)\n|raw|snowgust's rating: 1033 &rarr; <strong>1075<\/strong><br \/>(+42 for winning)\n|l|\u2606Noibaat 500\n","uploadtime":1697680488,"views":10,"p1id":"noibaat500","p2id":"snowgust","formatid":"gen9nationaldexdoubles","rating":1075,"private":0,"password":""}