{"id":"gen9nationaldexdoubles-1956517546","p1":"Unified_Bigman","p2":"SapphireXXII","format":"[Gen 9] National Dex Doubles","log":"|j|\u2606Unified_Bigman\n|j|\u2606SapphireXXII\n|t:|1696116154\n|gametype|doubles\n|player|p1|Unified_Bigman|169|\n|player|p2|SapphireXXII|2|\n|teamsize|p1|6\n|teamsize|p2|6\n|gen|9\n|tier|[Gen 9] National Dex Doubles\n|rule|HP Percentage Mod: HP is shown in percentages\n|rule|Endless Battle Clause: Forcing endless battles is banned\n|rule|OHKO Clause: OHKO moves are banned\n|rule|Evasion Moves Clause: Evasion moves are banned\n|rule|Evasion Abilities Clause: Evasion abilities are banned\n|rule|Species Clause: Limit one of each Pok\u00e9mon\n|rule|Gravity Sleep Clause: The combination of sleep-inducing moves with imperfect accuracy and Gravity or Gigantamax Orbeetle are banned\n|clearpoke\n|poke|p1|Primarina, L65, M|\n|poke|p1|Gurdurr, L69, F|\n|poke|p1|Cursola, L83, M|\n|poke|p1|Pidgeot, L46, M|\n|poke|p1|Seadra, L46, F|\n|poke|p1|Lokix, L56, F|\n|poke|p2|Typhlosion-Hisui, L50, F|\n|poke|p2|Stantler, L50, F|\n|poke|p2|Jumpluff, L50, F|\n|poke|p2|Leavanny, L39, F|\n|poke|p2|Garganacl, L49, M|\n|poke|p2|Beedrill, L59, F|\n|teampreview\n|j| Hero24\n|\n|t:|1696116228\n|start\n|switch|p1a: The noise|Lokix, L56, F|100\/100\n|switch|p1b: Fork Knite Ghost|Cursola, L83, M|100\/100\n|switch|p2a: Gnocchi|Garganacl, L49, M|100\/100\n|switch|p2b: Moules-frites|Beedrill, L59, F|100\/100\n|turn|1\n|\n|t:|1696116312\n|move|p2a: Gnocchi|Protect|p2a: Gnocchi\n|-singleturn|p2a: Gnocchi|Protect\n|move|p1a: The noise|Sucker Punch||[still]\n|-fail|p1a: The noise\n|move|p2b: Moules-frites|Toxic|p1b: Fork Knite Ghost\n|-status|p1b: Fork Knite Ghost|tox\n|move|p1b: Fork Knite Ghost|Psychic|p2a: Gnocchi\n|-activate|p2a: Gnocchi|move: Protect\n|\n|-damage|p1b: Fork Knite Ghost|95\/100 tox|[from] psn\n|upkeep\n|turn|2\n|c|\u2606SapphireXXII|idk what to do now\n|c|\u2606SapphireXXII|protect stall???\n|\n|t:|1696116416\n|move|p2b: Moules-frites|Protect|p2b: Moules-frites\n|-singleturn|p2b: Moules-frites|Protect\n|move|p1a: The noise|Protect|p1a: The noise\n|-singleturn|p1a: The noise|Protect\n|move|p1b: Fork Knite Ghost|Shadow Ball|p2b: Moules-frites\n|-activate|p2b: Moules-frites|move: Protect\n|move|p2a: Gnocchi|Salt Cure|p1b: Fork Knite Ghost\n|-damage|p1b: Fork Knite Ghost|88\/100 tox\n|-start|p1b: Fork Knite Ghost|Salt Cure\n|\n|-heal|p1b: Fork Knite Ghost|94\/100 tox|[from] item: Leftovers\n|-damage|p1b: Fork Knite Ghost|82\/100 tox|[from] psn\n|-damage|p1b: Fork Knite Ghost|70\/100 tox|[from] Salt Cure\n|upkeep\n|turn|3\n|\n|t:|1696116448\n|move|p2a: Gnocchi|Protect|p2a: Gnocchi\n|-singleturn|p2a: Gnocchi|Protect\n|move|p2b: Moules-frites|Toxic|p1a: The noise\n|-status|p1a: The noise|tox\n|move|p1a: The noise|Knock Off|p2a: Gnocchi\n|-activate|p2a: Gnocchi|move: Protect\n|move|p1b: Fork Knite Ghost|Strength Sap|p2b: Moules-frites\n|-unboost|p2b: Moules-frites|atk|1\n|-heal|p1b: Fork Knite Ghost|100\/100 tox\n|\n|-damage|p1a: The noise|94\/100 tox|[from] psn\n|-damage|p1b: Fork Knite Ghost|83\/100 tox|[from] psn\n|-damage|p1b: Fork Knite Ghost|70\/100 tox|[from] Salt Cure\n|upkeep\n|turn|4\n|\n|t:|1696116507\n|switch|p1b: Pidgay-ot|Pidgeot, L46, M|100\/100\n|move|p2b: Moules-frites|Protect|p2b: Moules-frites\n|-singleturn|p2b: Moules-frites|Protect\n|move|p1a: The noise|Protect|p1a: The noise\n|-singleturn|p1a: The noise|Protect\n|move|p2a: Gnocchi|Salt Cure|p1a: The noise\n|-activate|p1a: The noise|move: Protect\n|\n|-damage|p1a: The noise|82\/100 tox|[from] psn\n|upkeep\n|turn|5\n|\n|t:|1696116528\n|switch|p1a: Pickle|Seadra, L46, F|100\/100\n|move|p2b: Moules-frites|Toxic|p1b: Pidgay-ot\n|-status|p1b: Pidgay-ot|tox\n|move|p1b: Pidgay-ot|Tailwind|p1b: Pidgay-ot\n|-sidestart|p1: Unified_Bigman|move: Tailwind\n|move|p2a: Gnocchi|Salt Cure|p1b: Pidgay-ot\n|-supereffective|p1b: Pidgay-ot\n|-crit|p1b: Pidgay-ot\n|-damage|p1b: Pidgay-ot|39\/100 tox\n|-start|p1b: Pidgay-ot|Salt Cure\n|\n|-damage|p1b: Pidgay-ot|33\/100 tox|[from] psn\n|-damage|p1b: Pidgay-ot|21\/100 tox|[from] Salt Cure\n|upkeep\n|turn|6\n|\n|t:|1696116564\n|move|p1b: Pidgay-ot|Quick Attack|p2b: Moules-frites\n|-damage|p2b: Moules-frites|82\/100\n|move|p1a: Pickle|Surf|p2a: Gnocchi|[spread] p1b,p2a,p2b\n|-supereffective|p2a: Gnocchi\n|-damage|p1b: Pidgay-ot|0 fnt\n|-damage|p2a: Gnocchi|52\/100\n|-damage|p2b: Moules-frites|58\/100\n|faint|p1b: Pidgay-ot\n|move|p2b: Moules-frites|Poison Jab|p1a: Pickle\n|-damage|p1a: Pickle|72\/100\n|move|p2a: Gnocchi|Salt Cure|p1a: Pickle\n|-damage|p1a: Pickle|54\/100\n|-start|p1a: Pickle|Salt Cure\n|\n|-heal|p2a: Gnocchi|58\/100|[from] item: Leftovers\n|-damage|p1a: Pickle|29\/100|[from] Salt Cure\n|upkeep\n|\n|t:|1696116582\n|switch|p1b: Pillar John|Gurdurr, L69, F|100\/100\n|turn|7\n|c|\u2606SapphireXXII|the behemoth\n|c|\u2606SapphireXXII|pillar john\n|\n|t:|1696116603\n|move|p1b: Pillar John|Protect|p1b: Pillar John\n|-singleturn|p1b: Pillar John|Protect\n|move|p2a: Gnocchi|Protect|p2a: Gnocchi\n|-singleturn|p2a: Gnocchi|Protect\n|move|p1a: Pickle|Hydro Pump|p2a: Gnocchi\n|-activate|p2a: Gnocchi|move: Protect\n|move|p2b: Moules-frites|Toxic|p1b: Pillar John\n|-activate|p1b: Pillar John|move: Protect\n|\n|-heal|p2a: Gnocchi|64\/100|[from] item: Leftovers\n|-damage|p1a: Pickle|4\/100|[from] Salt Cure\n|upkeep\n|turn|8\n|\n|t:|1696116624\n|move|p1a: Pickle|Disable|p2b: Moules-frites\n|-start|p2b: Moules-frites|Disable|Toxic\n|cant|p2b: Moules-frites|Disable|Toxic\n|move|p1b: Pillar John|Drain Punch|p2a: Gnocchi\n|-supereffective|p2a: Gnocchi\n|-damage|p2a: Gnocchi|0 fnt\n|faint|p2a: Gnocchi\n|\n|-damage|p1a: Pickle|0 fnt|[from] Salt Cure\n|faint|p1a: Pickle\n|-sideend|p1: Unified_Bigman|move: Tailwind\n|upkeep\n|\n|t:|1696116638\n|switch|p1a: The noise|Lokix, L56, F|82\/100 tox\n|switch|p2a: Caterpillar Canap\u00e9|Leavanny, L39, F|100\/100\n|turn|9\n|c|\u2606SapphireXXII|im terrified of john\n|\n|t:|1696116720\n|move|p2b: Moules-frites|Protect|p2b: Moules-frites\n|-singleturn|p2b: Moules-frites|Protect\n|move|p1b: Pillar John|Protect|p1b: Pillar John\n|-singleturn|p1b: Pillar John|Protect\n|move|p1a: The noise|Sucker Punch||[still]\n|-fail|p1a: The noise\n|move|p2a: Caterpillar Canap\u00e9|Reflect|p2a: Caterpillar Canap\u00e9\n|-sidestart|p2: SapphireXXII|Reflect\n|\n|-damage|p1a: The noise|76\/100 tox|[from] psn\n|upkeep\n|turn|10\n|\n|t:|1696116742\n|move|p1a: The noise|Sucker Punch|p2b: Moules-frites\n|-damage|p2b: Moules-frites|16\/100\n|move|p2b: Moules-frites|Poison Jab|p1b: Pillar John\n|-damage|p1b: Pillar John|89\/100\n|move|p2a: Caterpillar Canap\u00e9|Sticky Web|p1b: Pillar John\n|-sidestart|p1: Unified_Bigman|move: Sticky Web\n|move|p1b: Pillar John|Drain Punch|p2a: Caterpillar Canap\u00e9\n|-resisted|p2a: Caterpillar Canap\u00e9\n|-damage|p2a: Caterpillar Canap\u00e9|52\/100\n|-heal|p1b: Pillar John|100\/100|[from] drain|[of] p2a: Caterpillar Canap\u00e9\n|\n|-damage|p1a: The noise|64\/100 tox|[from] psn\n|upkeep\n|turn|11\n|c|\u2606SapphireXXII|i need speed\n|c|\u2606SapphireXXII|i NEED\n|c|\u2606SapphireXXII|typlosion (maybe)\n|c|\u2606SapphireXXII|doenst do it tbh\n|c|\u2606SapphireXXII|why tf is disable 4 turns\n|\n|t:|1696116852\n|move|p2b: Moules-frites|Protect|p2b: Moules-frites\n|-singleturn|p2b: Moules-frites|Protect\n|move|p1a: The noise|Sucker Punch||[still]\n|-fail|p1a: The noise\n|move|p2a: Caterpillar Canap\u00e9|Light Screen|p2a: Caterpillar Canap\u00e9\n|-sidestart|p2: SapphireXXII|move: Light Screen\n|move|p1b: Pillar John|Drain Punch|p2a: Caterpillar Canap\u00e9\n|-resisted|p2a: Caterpillar Canap\u00e9\n|-damage|p2a: Caterpillar Canap\u00e9|6\/100\n|\n|-damage|p1a: The noise|46\/100 tox|[from] psn\n|-end|p2b: Moules-frites|Disable\n|upkeep\n|turn|12\n|c|\u2606SapphireXXII|look leavanny was a sack anyway\n|c|\u2606SapphireXXII|easily the worst mon on the team\n|\n|t:|1696116888\n|switch|p1a: Fork Knite Ghost|Cursola, L83, M|70\/100 tox\n|-activate|p1a: Fork Knite Ghost|move: Sticky Web\n|-unboost|p1a: Fork Knite Ghost|spe|1\n|move|p1b: Pillar John|Protect|p1b: Pillar John\n|-singleturn|p1b: Pillar John|Protect\n|move|p2b: Moules-frites|Toxic|p1b: Pillar John\n|-activate|p1b: Pillar John|move: Protect\n|move|p2a: Caterpillar Canap\u00e9|Lunge|p1b: Pillar John\n|-activate|p1b: Pillar John|move: Protect\n|\n|-heal|p1a: Fork Knite Ghost|76\/100 tox|[from] item: Leftovers\n|-damage|p1a: Fork Knite Ghost|70\/100 tox|[from] psn\n|upkeep\n|turn|13\n|c| Hero24|garganacl wasnt tho >:(\n|c|\u2606SapphireXXII|I NEED THE SPEED\n|c|\u2606SapphireXXII|shhh\n|c|\u2606SapphireXXII|the strat is dysfunctional\n|c|\u2606SapphireXXII|its stall + offense\n|c|\u2606SapphireXXII|beedrill is acc the best mon on my team\n|c|\u2606SapphireXXII|no contest\n|\n|t:|1696116950\n|switch|p1b: The noise|Lokix, L56, F|46\/100 tox\n|-activate|p1b: The noise|move: Sticky Web\n|-unboost|p1b: The noise|spe|1\n|move|p2b: Moules-frites|Toxic|p1b: The noise\n|-fail|p1b: The noise|tox\n|move|p2a: Caterpillar Canap\u00e9|Lunge|p1a: Fork Knite Ghost\n|-resisted|p1a: Fork Knite Ghost\n|-damage|p1a: Fork Knite Ghost|64\/100 tox\n|-unboost|p1a: Fork Knite Ghost|atk|1\n|-ability|p1a: Fork Knite Ghost|Perish Body\n|move|p1a: Fork Knite Ghost|Calm Mind|p1a: Fork Knite Ghost\n|-boost|p1a: Fork Knite Ghost|spa|1\n|-boost|p1a: Fork Knite Ghost|spd|1\n|\n|-heal|p1a: Fork Knite Ghost|70\/100 tox|[from] item: Leftovers\n|-damage|p1b: The noise|40\/100 tox|[from] psn\n|-damage|p1a: Fork Knite Ghost|58\/100 tox|[from] psn\n|-start|p2a: Caterpillar Canap\u00e9|perish3\n|-start|p1a: Fork Knite Ghost|perish3\n|-sideend|p2: SapphireXXII|Reflect\n|upkeep\n|turn|14\n|c|\u2606SapphireXXII|i LOVE beedrill\n|\n|t:|1696116985\n|move|p2b: Moules-frites|U-turn|p1a: Fork Knite Ghost\n|-resisted|p1a: Fork Knite Ghost\n|-damage|p1a: Fork Knite Ghost|53\/100 tox\n|-ability|p1a: Fork Knite Ghost|Perish Body\n|\n|t:|1696116994\n|switch|p2b: Flamb\u00e9|Typhlosion-Hisui, L50, F|100\/100|[from] U-turn\n|move|p2a: Caterpillar Canap\u00e9|Reflect|p2a: Caterpillar Canap\u00e9\n|-sidestart|p2: SapphireXXII|Reflect\n|move|p1b: The noise|Knock Off|p2a: Caterpillar Canap\u00e9\n|-damage|p2a: Caterpillar Canap\u00e9|0 fnt\n|-enditem|p2a: Caterpillar Canap\u00e9|Focus Sash|[from] move: Knock Off|[of] p1b: The noise\n|faint|p2a: Caterpillar Canap\u00e9\n|move|p1a: Fork Knite Ghost|Strength Sap|p2b: Flamb\u00e9\n|-unboost|p2b: Flamb\u00e9|atk|1\n|-heal|p1a: Fork Knite Ghost|83\/100 tox\n|\n|-heal|p1a: Fork Knite Ghost|89\/100 tox|[from] item: Leftovers\n|-damage|p1b: The noise|28\/100 tox|[from] psn\n|-damage|p1a: Fork Knite Ghost|71\/100 tox|[from] psn\n|-start|p1a: Fork Knite Ghost|perish2\n|upkeep\n|\n|t:|1696117017\n|switch|p2a: Salade Lyonnaise|Jumpluff, L50, F|100\/100\n|turn|15\n|\n|t:|1696117028\n|move|p2a: Salade Lyonnaise|Protect|p2a: Salade Lyonnaise\n|-singleturn|p2a: Salade Lyonnaise|Protect\n|move|p1b: The noise|Sucker Punch|p2b: Flamb\u00e9\n|-supereffective|p2b: Flamb\u00e9\n|-damage|p2b: Flamb\u00e9|23\/100\n|move|p2b: Flamb\u00e9|Eruption|p1b: The noise|[spread] p1a,p1b\n|-supereffective|p1b: The noise\n|-damage|p1a: Fork Knite Ghost|66\/100 tox\n|-damage|p1b: The noise|0 fnt\n|faint|p1b: The noise\n|move|p1a: Fork Knite Ghost|Shadow Ball|p2b: Flamb\u00e9\n|-supereffective|p2b: Flamb\u00e9\n|-damage|p2b: Flamb\u00e9|0 fnt\n|faint|p2b: Flamb\u00e9\n|\n|-heal|p1a: Fork Knite Ghost|72\/100 tox|[from] item: Leftovers\n|-damage|p1a: Fork Knite Ghost|49\/100 tox|[from] psn\n|-start|p1a: Fork Knite Ghost|perish1\n|-sideend|p2: SapphireXXII|move: Light Screen\n|upkeep\n|c|\u2606SapphireXXII|i lose\n|c|\u2606SapphireXXII|anyway\n|\n|t:|1696117049\n|switch|p2b: VenisonBourguignon|Stantler, L50, F|100\/100\n|switch|p1b: Anchovy|Primarina, L65, M|100\/100\n|-activate|p1b: Anchovy|move: Sticky Web\n|-unboost|p1b: Anchovy|spe|1\n|turn|16\n|c|\u2606SapphireXXII|shush\n|c|\u2606SapphireXXII|what can i doooooooooo\n|c|\u2606SapphireXXII|this is my final trick\n|\n|t:|1696117084\n|switch|p1a: Pillar John|Gurdurr, L69, F|100\/100\n|-activate|p1a: Pillar John|move: Sticky Web\n|-unboost|p1a: Pillar John|spe|1\n|move|p1b: Anchovy|Protect|p1b: Anchovy\n|-singleturn|p1b: Anchovy|Protect\n|move|p2a: Salade Lyonnaise|Bullet Seed|p2b: VenisonBourguignon\n|-ability|p2b: VenisonBourguignon|Sap Sipper|boost\n|-boost|p2b: VenisonBourguignon|atk|1\n|move|p2b: VenisonBourguignon|Earthquake|p1a: Pillar John|[spread] p1a\n|-activate|p1b: Anchovy|move: Protect\n|-immune|p2a: Salade Lyonnaise\n|-damage|p1a: Pillar John|85\/100\n|\n|upkeep\n|turn|17\n|c| Hero24|sac your bad pokemon\n|\n|t:|1696117107\n|move|p2a: Salade Lyonnaise|Rage Powder|p2a: Salade Lyonnaise\n|-singleturn|p2a: Salade Lyonnaise|move: Rage Powder\n|move|p2b: VenisonBourguignon|Double-Edge|p1b: Anchovy\n|-damage|p1b: Anchovy|43\/100\n|-damage|p2b: VenisonBourguignon|73\/100|[from] Recoil\n|move|p1b: Anchovy|Reflect|p1b: Anchovy\n|-sidestart|p1: Unified_Bigman|Reflect\n|move|p1a: Pillar John|Drain Punch|p2a: Salade Lyonnaise\n|-resisted|p2a: Salade Lyonnaise\n|-damage|p2a: Salade Lyonnaise|68\/100\n|-heal|p1a: Pillar John|97\/100|[from] drain|[of] p2a: Salade Lyonnaise\n|\n|upkeep\n|turn|18\n|\n|t:|1696117120\n|move|p2a: Salade Lyonnaise|Protect|p2a: Salade Lyonnaise\n|-singleturn|p2a: Salade Lyonnaise|Protect\n|move|p2b: VenisonBourguignon|Protect|p2b: VenisonBourguignon\n|-singleturn|p2b: VenisonBourguignon|Protect\n|move|p1b: Anchovy|Protect|p1b: Anchovy\n|-singleturn|p1b: Anchovy|Protect\n|move|p1a: Pillar John|Thunder Punch|p2a: Salade Lyonnaise\n|-activate|p2a: Salade Lyonnaise|move: Protect\n|\n|-sideend|p2: SapphireXXII|Reflect\n|upkeep\n|turn|19\n|c|\u2606SapphireXXII|nuh uh\n|c|\u2606SapphireXXII|stall reflect\n|c|\u2606SapphireXXII|YES\n|c|\u2606SapphireXXII|BRO\n|\n|t:|1696117172\n|move|p2a: Salade Lyonnaise|Rage Powder|p2a: Salade Lyonnaise\n|-singleturn|p2a: Salade Lyonnaise|move: Rage Powder\n|move|p2b: VenisonBourguignon|Double-Edge|p1b: Anchovy\n|-damage|p1b: Anchovy|8\/100\n|-damage|p2b: VenisonBourguignon|57\/100|[from] Recoil\n|move|p1b: Anchovy|Moonblast|p2a: Salade Lyonnaise\n|-damage|p2a: Salade Lyonnaise|0 fnt\n|faint|p2a: Salade Lyonnaise\n|move|p1a: Pillar John|Drain Punch|p2b: VenisonBourguignon\n|-supereffective|p2b: VenisonBourguignon\n|-damage|p2b: VenisonBourguignon|0 fnt\n|-heal|p1a: Pillar John|100\/100|[from] drain|[of] p2b: VenisonBourguignon\n|faint|p2b: VenisonBourguignon\n|\n|upkeep\n|c|\u2606SapphireXXII|gg man\n|\n|t:|1696117186\n|switch|p2b: Moules-frites|Beedrill, L59, F|16\/100\n|turn|20\n|\n|t:|1696117209\n|move|p2b: Moules-frites|Protect|p2b: Moules-frites\n|-singleturn|p2b: Moules-frites|Protect\n|move|p1b: Anchovy|Protect|p1b: Anchovy\n|-singleturn|p1b: Anchovy|Protect\n|move|p1a: Pillar John|Thunder Punch|p2b: Moules-frites\n|-activate|p2b: Moules-frites|move: Protect\n|\n|upkeep\n|turn|21\n|\n|t:|1696117218\n|switch|p1b: Fork Knite Ghost|Cursola, L83, M|49\/100 tox\n|-activate|p1b: Fork Knite Ghost|move: Sticky Web\n|-unboost|p1b: Fork Knite Ghost|spe|1\n|move|p1a: Pillar John|Mach Punch|p2b: Moules-frites\n|-resisted|p2b: Moules-frites\n|-damage|p2b: Moules-frites|1\/100\n|move|p2b: Moules-frites|Toxic|p1a: Pillar John\n|-status|p1a: Pillar John|tox\n|\n|-heal|p1b: Fork Knite Ghost|55\/100 tox|[from] item: Leftovers\n|-damage|p1a: Pillar John|94\/100 tox|[from] psn\n|-damage|p1b: Fork Knite Ghost|49\/100 tox|[from] psn\n|upkeep\n|turn|22\n|c|\u2606SapphireXXII|I LIKE THOSE ODDS\n|\n|t:|1696117233\n|move|p2b: Moules-frites|Protect|p2b: Moules-frites\n|-singleturn|p2b: Moules-frites|Protect\n|move|p1a: Pillar John|Mach Punch|p2b: Moules-frites\n|-activate|p2b: Moules-frites|move: Protect\n|move|p1b: Fork Knite Ghost|Psychic|p2b: Moules-frites\n|-activate|p2b: Moules-frites|move: Protect\n|\n|-heal|p1b: Fork Knite Ghost|55\/100 tox|[from] item: Leftovers\n|-damage|p1a: Pillar John|82\/100 tox|[from] psn\n|-damage|p1b: Fork Knite Ghost|43\/100 tox|[from] psn\n|upkeep\n|turn|23\n|\n|t:|1696117246\n|move|p2b: Moules-frites|Protect|p2b: Moules-frites\n|-singleturn|p2b: Moules-frites|Protect\n|move|p1a: Pillar John|Mach Punch|p2b: Moules-frites\n|-activate|p2b: Moules-frites|move: Protect\n|move|p1b: Fork Knite Ghost|Psychic|p2b: Moules-frites\n|-activate|p2b: Moules-frites|move: Protect\n|\n|-heal|p1b: Fork Knite Ghost|49\/100 tox|[from] item: Leftovers\n|-damage|p1a: Pillar John|64\/100 tox|[from] psn\n|-damage|p1b: Fork Knite Ghost|31\/100 tox|[from] psn\n|upkeep\n|turn|24\n|\n|t:|1696117257\n|move|p2b: Moules-frites|Protect||[still]\n|-fail|p2b: Moules-frites\n|move|p1a: Pillar John|Mach Punch|p2b: Moules-frites\n|-resisted|p2b: Moules-frites\n|-damage|p2b: Moules-frites|0 fnt\n|faint|p2b: Moules-frites\n|\n|win|Unified_Bigman\n|c|\u2606SapphireXXII|never another magnemite\n","uploadtime":1696117267,"views":15,"p1id":"unifiedbigman","p2id":"sapphirexxii","formatid":"gen9nationaldexdoubles","rating":0,"private":0,"password":""}