{"id":"gen9nationaldexdoubles-1984711221","p1":"GoDDanteX","p2":"CoffeeCreemz","format":"[Gen 9] National Dex Doubles","log":"|j|\u2606GoDDanteX\n|j|\u2606CoffeeCreemz\n|t:|1699292825\n|gametype|doubles\n|player|p1|GoDDanteX|leon-tower|1057\n|player|p2|CoffeeCreemz|1|1099\n|teamsize|p1|6\n|teamsize|p2|6\n|gen|9\n|tier|[Gen 9] National Dex Doubles\n|rated|\n|rule|HP Percentage Mod: HP is shown in percentages\n|rule|Endless Battle Clause: Forcing endless battles is banned\n|rule|OHKO Clause: OHKO moves are banned\n|rule|Evasion Moves Clause: Evasion moves are banned\n|rule|Evasion Abilities Clause: Evasion abilities are banned\n|rule|Species Clause: Limit one of each Pok\u00e9mon\n|rule|Gravity Sleep Clause: The combination of sleep-inducing moves with imperfect accuracy and Gravity or Gigantamax Orbeetle are banned\n|clearpoke\n|poke|p1|Keldeo-Resolute|\n|poke|p1|Hippowdon, M|\n|poke|p1|Rillaboom, M|\n|poke|p1|Skeledirge, M|\n|poke|p1|Meloetta|\n|poke|p1|Revavroom, M|\n|poke|p2|Eevee, F|\n|poke|p2|Flamigo, F|\n|poke|p2|Medicham, M|\n|poke|p2|Arctibax, M|\n|poke|p2|Armarouge, M|\n|poke|p2|Goodra-Hisui, M|\n|teampreview\n|\n|t:|1699292831\n|start\n|switch|p1a: Revavroom|Revavroom, M|100\/100\n|switch|p1b: Hippowdon|Hippowdon, M|100\/100\n|switch|p2a: :b|Armarouge, M, shiny|100\/100\n|switch|p2b: :D|Arctibax, M, shiny|100\/100\n|-item|p1a: Revavroom|Air Balloon\n|-weather|Sandstorm|[from] ability: Sand Stream|[of] p1b: Hippowdon\n|turn|1\n|inactive|Battle timer is ON: inactive players will automatically lose when time's up. (requested by CoffeeCreemz)\n|\n|t:|1699292842\n|move|p1a: Revavroom|Iron Head|p2b: :D\n|-supereffective|p2b: :D\n|-damage|p2b: :D|29\/100\n|move|p2a: :b|Flame Charge|p2b: :D\n|-damage|p2b: :D|17\/100\n|-boost|p2a: :b|spe|1\n|-ability|p2b: :D|Thermal Exchange|boost\n|-boost|p2b: :D|atk|1\n|move|p2b: :D|Ice Beam|p1b: Hippowdon\n|-supereffective|p1b: Hippowdon\n|-damage|p1b: Hippowdon|57\/100\n|move|p1b: Hippowdon|Rock Slide|p2a: :b|[spread] p2a,p2b\n|-supereffective|p2a: :b\n|-supereffective|p2b: :D\n|-damage|p2a: :b|70\/100\n|-damage|p2b: :D|0 fnt\n|faint|p2b: :D\n|\n|-weather|Sandstorm|[upkeep]\n|-damage|p2a: :b|64\/100|[from] Sandstorm\n|-heal|p1b: Hippowdon|63\/100|[from] item: Leftovers\n|upkeep\n|\n|t:|1699292861\n|switch|p2b: :\/|Medicham, M, shiny|100\/100\n|turn|2\n|\n|t:|1699292890\n|switch|p2a: :0|Eevee, F, shiny|100\/100\n|move|p2b: :\/|Fake Out|p1a: Revavroom\n|-resisted|p1a: Revavroom\n|-damage|p1a: Revavroom|91\/100\n|-enditem|p1a: Revavroom|Air Balloon\n|cant|p1a: Revavroom|flinch\n|move|p1b: Hippowdon|Slack Off|p1b: Hippowdon\n|-heal|p1b: Hippowdon|100\/100\n|\n|-weather|Sandstorm|[upkeep]\n|-damage|p2b: :\/|94\/100|[from] Sandstorm\n|-damage|p2a: :0|95\/100|[from] Sandstorm\n|upkeep\n|turn|3\n|\n|t:|1699292909\n|move|p1a: Revavroom|Shift Gear|p1a: Revavroom\n|-boost|p1a: Revavroom|spe|2\n|-boost|p1a: Revavroom|atk|1\n|move|p2b: :\/|Drain Punch|p1a: Revavroom\n|-damage|p1a: Revavroom|35\/100\n|-heal|p2b: :\/|100\/100|[from] drain|[of] p1a: Revavroom\n|-zpower|p2a: :0\n|move|p2a: :0|Extreme Evoboost|p2a: :0\n|-boost|p2a: :0|atk|2\n|-boost|p2a: :0|def|2\n|-boost|p2a: :0|spa|2\n|-boost|p2a: :0|spd|2\n|-boost|p2a: :0|spe|2\n|move|p1b: Hippowdon|Curse|p1b: Hippowdon\n|-unboost|p1b: Hippowdon|spe|1\n|-boost|p1b: Hippowdon|atk|1\n|-boost|p1b: Hippowdon|def|1\n|\n|-weather|Sandstorm|[upkeep]\n|-damage|p2a: :0|89\/100|[from] Sandstorm\n|-damage|p2b: :\/|94\/100|[from] Sandstorm\n|upkeep\n|turn|4\n|\n|t:|1699292930\n|switch|p2b: :o|Flamigo, F, shiny|100\/100\n|-copyboost|p2b: :o|p2a: :0|[from] ability: Costar\n|move|p1a: Revavroom|Poison Jab|p2a: :0\n|-damage|p2a: :0|19\/100\n|move|p2a: :0|Baton Pass|p2a: :0\n|\n|t:|1699292937\n|switch|p2a: Goodra|Goodra-Hisui, M, shiny|100\/100|[from] Baton Pass\n|move|p1b: Hippowdon|Curse|p1b: Hippowdon\n|-unboost|p1b: Hippowdon|spe|1\n|-boost|p1b: Hippowdon|atk|1\n|-boost|p1b: Hippowdon|def|1\n|\n|-weather|Sandstorm|[upkeep]\n|-damage|p2b: :o|94\/100|[from] Sandstorm\n|upkeep\n|turn|5\n|\n|t:|1699292950\n|move|p1a: Revavroom|Poison Jab|p2b: :o\n|-damage|p2b: :o|55\/100\n|move|p2b: :o|Air Slash|p1a: Revavroom\n|-resisted|p1a: Revavroom\n|-damage|p1a: Revavroom|0 fnt\n|faint|p1a: Revavroom\n|move|p2a: Goodra|Shelter|p2a: Goodra\n|-boost|p2a: Goodra|def|2\n|move|p1b: Hippowdon|Earthquake|p2a: Goodra|[spread] p2a\n|-immune|p2b: :o\n|-supereffective|p2a: Goodra\n|-damage|p2a: Goodra|60\/100\n|\n|-weather|none\n|upkeep\n|\n|t:|1699292967\n|switch|p1a: Skeledirge|Skeledirge, M|100\/100\n|turn|6\n|\n|t:|1699292976\n|move|p2b: :o|Air Slash|p1a: Skeledirge\n|-damage|p1a: Skeledirge|75\/100\n|move|p2a: Goodra|Shelter|p2a: Goodra\n|-boost|p2a: Goodra|def|2\n|cant|p1a: Skeledirge|flinch\n|move|p1b: Hippowdon|Rock Slide|p2a: Goodra|[spread] p2a,p2b\n|-resisted|p2a: Goodra\n|-damage|p2a: Goodra|56\/100\n|-damage|p2b: :o|35\/100\n|\n|upkeep\n|turn|7\n|\n|t:|1699292992\n|move|p2b: :o|Air Slash|p1a: Skeledirge\n|-damage|p1a: Skeledirge|49\/100\n|-enditem|p1a: Skeledirge|Sitrus Berry|[eat]\n|-heal|p1a: Skeledirge|74\/100|[from] item: Sitrus Berry\n|move|p2a: Goodra|Body Press|p1b: Hippowdon\n|-damage|p1b: Hippowdon|77\/100\n|move|p1a: Skeledirge|Torch Song|p2b: :o\n|-damage|p2b: :o|0 fnt\n|-boost|p1a: Skeledirge|spa|1\n|faint|p2b: :o\n|move|p1b: Hippowdon|Rock Slide|p2a: Goodra\n|-resisted|p2a: Goodra\n|-damage|p2a: Goodra|51\/100\n|\n|-heal|p1b: Hippowdon|83\/100|[from] item: Leftovers\n|upkeep\n|\n|t:|1699293005\n|switch|p2b: :\/|Medicham, M, shiny|94\/100\n|turn|8\n|\n|t:|1699293017\n|move|p2a: Goodra|Body Press|p1b: Hippowdon\n|-damage|p1b: Hippowdon|62\/100\n|move|p2b: :\/|Acupressure|p2a: Goodra\n|-boost|p2a: Goodra|atk|2\n|move|p1a: Skeledirge|Torch Song|p2a: Goodra\n|-damage|p2a: Goodra|20\/100\n|-boost|p1a: Skeledirge|spa|1\n|move|p1b: Hippowdon|Rock Slide|p2b: :\/|[spread] p2a,p2b\n|-resisted|p2a: Goodra\n|-resisted|p2b: :\/\n|-damage|p2a: Goodra|17\/100\n|-damage|p2b: :\/|74\/100\n|\n|-heal|p1b: Hippowdon|68\/100|[from] item: Leftovers\n|upkeep\n|turn|9\n|\n|t:|1699293037\n|move|p2a: Goodra|Dragon Claw|p1a: Skeledirge\n|-damage|p1a: Skeledirge|52\/100\n|move|p2b: :\/|Acupressure|p2a: Goodra\n|-boost|p2a: Goodra|evasion|2\n|move|p1a: Skeledirge|Torch Song|p2a: Goodra\n|-damage|p2a: Goodra|0 fnt\n|-boost|p1a: Skeledirge|spa|1\n|faint|p2a: Goodra\n|move|p1b: Hippowdon|Curse|p1b: Hippowdon\n|-unboost|p1b: Hippowdon|spe|1\n|-boost|p1b: Hippowdon|atk|1\n|-boost|p1b: Hippowdon|def|1\n|\n|-heal|p1b: Hippowdon|74\/100|[from] item: Leftovers\n|upkeep\n|l|\u2606CoffeeCreemz\n|inactive|CoffeeCreemz disconnected and has a minute to reconnect!\n|player|p2|\n|inactive|CoffeeCreemz has 30 seconds to reconnect!\n|inactive|CoffeeCreemz has 20 seconds to reconnect!\n|inactive|CoffeeCreemz has 15 seconds to reconnect!\n|inactive|CoffeeCreemz has 10 seconds to reconnect!\n|inactive|CoffeeCreemz has 5 seconds to reconnect!\n|-message|CoffeeCreemz lost due to inactivity.\n|\n|win|GoDDanteX\n|raw|GoDDanteX's rating: 1057 &rarr; <strong>1092<\/strong><br \/>(+35 for winning)\n|raw|CoffeeCreemz's rating: 1099 &rarr; <strong>1071<\/strong><br \/>(-28 for losing)\n","uploadtime":1699293107,"views":30,"p1id":"goddantex","p2id":"coffeecreemz","formatid":"gen9nationaldexdoubles","rating":1071,"private":0,"password":""}