{"id":"gen9nationaldexdoubles-1992211934","p1":"Blaze1216","p2":"Elite Four Spiffy","format":"[Gen 9] National Dex Doubles","log":"|j|\u2606Blaze1216\n|j|\u2606Elite Four Spiffy\n|t:|1700164295\n|gametype|doubles\n|player|p1|Blaze1216|waiter-gen4dp|1041\n|player|p2|Elite Four Spiffy|ethan-masters|1184\n|teamsize|p1|6\n|teamsize|p2|6\n|gen|9\n|tier|[Gen 9] National Dex Doubles\n|rated|\n|rule|HP Percentage Mod: HP is shown in percentages\n|rule|Endless Battle Clause: Forcing endless battles is banned\n|rule|OHKO Clause: OHKO moves are banned\n|rule|Evasion Moves Clause: Evasion moves are banned\n|rule|Evasion Abilities Clause: Evasion abilities are banned\n|rule|Species Clause: Limit one of each Pok\u00e9mon\n|rule|Gravity Sleep Clause: The combination of sleep-inducing moves with imperfect accuracy and Gravity or Gigantamax Orbeetle are banned\n|clearpoke\n|poke|p1|Torkoal, M|\n|poke|p1|Scream Tail|\n|poke|p1|Oricorio-Pom-Pom, F|\n|poke|p1|Sinistcha|\n|poke|p1|Probopass, M|\n|poke|p1|Snorlax, F|\n|poke|p2|Galvantula, M|\n|poke|p2|Iron Thorns|\n|poke|p2|Arctozolt|\n|poke|p2|Manectric, M|\n|poke|p2|Raichu-Alola, M|\n|poke|p2|Morpeko, M|\n|teampreview\n|inactive|Battle timer is ON: inactive players will automatically lose when time's up. (requested by Elite Four Spiffy)\n|inactive|Blaze1216 also wants the timer to be on.\n|\n|t:|1700164304\n|start\n|switch|p1a: Torkoal|Torkoal, M|100\/100\n|switch|p1b: Ariana|Scream Tail|100\/100\n|switch|p2a: Spider-Bug|Galvantula, M|100\/100\n|switch|p2b: Iron Titan|Iron Thorns|100\/100\n|-weather|SunnyDay|[from] ability: Drought|[of] p1a: Torkoal\n|-activate|p1b: Ariana|ability: Protosynthesis\n|-start|p1b: Ariana|protosynthesisspe\n|turn|1\n|\n|t:|1700164329\n|move|p1b: Ariana|Reflect|p1b: Ariana\n|-sidestart|p1: Blaze1216|Reflect\n|move|p2a: Spider-Bug|Sticky Web|p1a: Torkoal\n|-sidestart|p1: Blaze1216|move: Sticky Web\n|move|p2b: Iron Titan|Electric Terrain|p2b: Iron Titan\n|-fieldstart|move: Electric Terrain\n|-activate|p2b: Iron Titan|ability: Quark Drive\n|-start|p2b: Iron Titan|quarkdriveatk\n|move|p1a: Torkoal|Heat Wave|p2a: Spider-Bug|[spread] p2b\n|-miss|p1a: Torkoal|p2a: Spider-Bug\n|-resisted|p2b: Iron Titan\n|-damage|p2b: Iron Titan|83\/100\n|\n|-weather|SunnyDay|[upkeep]\n|upkeep\n|turn|2\n|\n|t:|1700164353\n|move|p1b: Ariana|Dazzling Gleam|p2b: Iron Titan|[spread] p2a,p2b\n|-damage|p2a: Spider-Bug|76\/100\n|-damage|p2b: Iron Titan|67\/100\n|move|p2a: Spider-Bug|Bug Buzz|p1b: Ariana\n|-damage|p1b: Ariana|75\/100\n|move|p2b: Iron Titan|Rock Slide|p1a: Torkoal|[spread] p1a,p1b\n|-supereffective|p1a: Torkoal\n|-damage|p1a: Torkoal|64\/100\n|-damage|p1b: Ariana|50\/100\n|cant|p1a: Torkoal|flinch\n|\n|-weather|SunnyDay|[upkeep]\n|-heal|p1b: Ariana|56\/100|[from] item: Leftovers\n|upkeep\n|turn|3\n|\n|t:|1700164373\n|move|p1b: Ariana|Dazzling Gleam|p2a: Spider-Bug|[spread] p2a,p2b\n|-damage|p2a: Spider-Bug|48\/100\n|-damage|p2b: Iron Titan|53\/100\n|move|p2a: Spider-Bug|Bug Buzz|p1b: Ariana\n|-damage|p1b: Ariana|31\/100\n|-unboost|p1b: Ariana|spd|1\n|move|p2b: Iron Titan|Rock Slide|p1a: Torkoal|[spread] p1a\n|-miss|p2b: Iron Titan|p1b: Ariana\n|-supereffective|p1a: Torkoal\n|-damage|p1a: Torkoal|26\/100\n|move|p1a: Torkoal|Heat Wave|p2a: Spider-Bug|[spread] p2a,p2b\n|-supereffective|p2a: Spider-Bug\n|-resisted|p2b: Iron Titan\n|-crit|p2b: Iron Titan\n|-damage|p2a: Spider-Bug|0 fnt\n|-damage|p2b: Iron Titan|25\/100\n|-status|p2b: Iron Titan|brn\n|faint|p2a: Spider-Bug\n|\n|-weather|SunnyDay|[upkeep]\n|-heal|p1b: Ariana|37\/100|[from] item: Leftovers\n|-damage|p2b: Iron Titan|19\/100 brn|[from] brn\n|upkeep\n|inactive|Elite Four Spiffy has 120 seconds left.\n|\n|t:|1700164396\n|switch|p2a: Abomination|Arctozolt|100\/100\n|turn|4\n|\n|t:|1700164410\n|move|p1b: Ariana|Dazzling Gleam|p2a: Abomination|[spread] p2a,p2b\n|-damage|p2a: Abomination|81\/100\n|-damage|p2b: Iron Titan|4\/100 brn\n|move|p2a: Abomination|Bolt Beak|p1b: Ariana\n|-damage|p1b: Ariana|8\/100\n|move|p2b: Iron Titan|Rock Slide|p1b: Ariana|[spread] p1a\n|-miss|p2b: Iron Titan|p1b: Ariana\n|-supereffective|p1a: Torkoal\n|-damage|p1a: Torkoal|6\/100\n|cant|p1a: Torkoal|flinch\n|\n|-weather|SunnyDay|[upkeep]\n|-heal|p1b: Ariana|15\/100|[from] item: Leftovers\n|-damage|p2b: Iron Titan|0 fnt|[from] brn\n|faint|p2b: Iron Titan\n|-end|p2b: Iron Titan|Quark Drive|[silent]\n|upkeep\n|inactive|Elite Four Spiffy has 120 seconds left.\n|c|\u2606Elite Four Spiffy|dang didn't even notice i was burned\n|\n|t:|1700164440\n|switch|p2b: Zenitsu|Raichu-Alola, M|100\/100\n|turn|5\n|c|\u2606Blaze1216|oop lol\n|inactive|Elite Four Spiffy has 120 seconds left.\n|\n|t:|1700164475\n|move|p2b: Zenitsu|Thunderbolt|p1b: Ariana\n|-damage|p1b: Ariana|0 fnt\n|faint|p1b: Ariana\n|-end|p1b: Ariana|Protosynthesis|[silent]\n|move|p2a: Abomination|Bolt Beak|p1a: Torkoal\n|-damage|p1a: Torkoal|0 fnt\n|faint|p1a: Torkoal\n|\n|-weather|SunnyDay|[upkeep]\n|-sideend|p1: Blaze1216|Reflect\n|upkeep\n|\n|t:|1700164484\n|switch|p1b: Snorlax|Snorlax, F|100\/100\n|switch|p1a: Probopass|Probopass, M|100\/100\n|-activate|p1a: Probopass|move: Sticky Web\n|-unboost|p1a: Probopass|spe|1\n|-activate|p1b: Snorlax|move: Sticky Web\n|-unboost|p1b: Snorlax|spe|1\n|turn|6\n|inactive|Elite Four Spiffy has 120 seconds left.\n|inactive|Elite Four Spiffy has 90 seconds left.\n|\n|t:|1700164546\n|-zpower|p2b: Zenitsu\n|move|p2b: Zenitsu|Stoked Sparksurfer|p1a: Probopass|[zeffect]\n|-damage|p1a: Probopass|35\/100\n|-status|p1a: Probopass|par\n|move|p2a: Abomination|Bolt Beak|p1b: Snorlax\n|-damage|p1b: Snorlax|20\/100\n|move|p1b: Snorlax|Power-Up Punch|p2a: Abomination\n|-supereffective|p2a: Abomination\n|-damage|p2a: Abomination|52\/100\n|-boost|p1b: Snorlax|atk|1\n|cant|p1a: Probopass|par\n|\n|-weather|SunnyDay|[upkeep]\n|upkeep\n|turn|7\n|inactive|Elite Four Spiffy has 90 seconds left.\n|\n|t:|1700164568\n|move|p2b: Zenitsu|Thunderbolt|p1a: Probopass\n|-damage|p1a: Probopass|0 fnt\n|faint|p1a: Probopass\n|move|p2a: Abomination|Bolt Beak|p1b: Snorlax\n|-damage|p1b: Snorlax|0 fnt\n|faint|p1b: Snorlax\n|\n|-weather|SunnyDay|[upkeep]\n|upkeep\n|inactive|Blaze1216 has 120 seconds left.\n|\n|t:|1700164583\n|switch|p1a: Sinistcha|Sinistcha|100\/100\n|switch|p1b: Oricorio|Oricorio-Pom-Pom, F, shiny|100\/100\n|-activate|p1a: Sinistcha|move: Sticky Web\n|-unboost|p1a: Sinistcha|spe|1\n|turn|8\n|inactive|Elite Four Spiffy has 90 seconds left.\n|\n|t:|1700164623\n|move|p2b: Zenitsu|Psychic|p1a: Sinistcha\n|-damage|p1a: Sinistcha|53\/100\n|move|p2a: Abomination|Bolt Beak|p1b: Oricorio\n|-damage|p1b: Oricorio|0 fnt\n|faint|p1b: Oricorio\n|move|p1a: Sinistcha|Shadow Ball|p2b: Zenitsu\n|-supereffective|p2b: Zenitsu\n|-damage|p2b: Zenitsu|0 fnt\n|faint|p2b: Zenitsu\n|\n|-weather|none\n|-fieldend|move: Electric Terrain\n|upkeep\n|\n|t:|1700164635\n|switch|p2b: Darwin|Morpeko, M|100\/100\n|turn|9\n|\n|t:|1700164640\n|move|p2b: Darwin|Protect|p2b: Darwin\n|-singleturn|p2b: Darwin|Protect\n|move|p2a: Abomination|Bolt Beak|p1a: Sinistcha\n|-resisted|p1a: Sinistcha\n|-damage|p1a: Sinistcha|20\/100\n|move|p1a: Sinistcha|Matcha Gotcha|p2b: Darwin|[spread] p2a\n|-activate|p2b: Darwin|move: Protect\n|-damage|p2a: Abomination|9\/100\n|-heal|p1a: Sinistcha|40\/100|[from] drain|[of] p2a: Abomination\n|\n|-formechange|p2b: Darwin|Morpeko-Hangry||[from] ability: Hunger Switch\n|upkeep\n|turn|10\n|c|\u2606Elite Four Spiffy|gg\n|\n|t:|1700164657\n|-terastallize|p1a: Sinistcha|Grass\n|move|p2a: Abomination|Bolt Beak|p1a: Sinistcha\n|-resisted|p1a: Sinistcha\n|-damage|p1a: Sinistcha|7\/100\n|move|p2b: Darwin|Aura Wheel|p1a: Sinistcha\n|-damage|p1a: Sinistcha|0 fnt\n|-boost|p2b: Darwin|spe|1\n|faint|p1a: Sinistcha\n|\n|win|Elite Four Spiffy\n|raw|Blaze1216's rating: 1041 &rarr; <strong>1031<\/strong><br \/>(-10 for losing)\n|raw|Elite Four Spiffy's rating: 1184 &rarr; <strong>1199<\/strong><br \/>(+15 for winning)\n|l|\u2606Blaze1216\n","uploadtime":1700164667,"views":5,"p1id":"blaze1216","p2id":"elitefourspiffy","formatid":"gen9nationaldexdoubles","rating":1031,"private":0,"password":""}