{"id":"gen9nationaldexdoubles-1981447561","p1":"Jack the Ripper21","p2":"AhiruChan","format":"[Gen 9] National Dex Doubles","log":"|j|\u2606Jack the Ripper21\n|j|\u2606AhiruChan\n|t:|1698897215\n|gametype|doubles\n|player|p1|Jack the Ripper21|gentleman-gen4dp|\n|player|p2|AhiruChan|lillie-masters2|\n|teamsize|p1|6\n|teamsize|p2|6\n|gen|9\n|tier|[Gen 9] National Dex Doubles\n|rule|HP Percentage Mod: HP is shown in percentages\n|rule|Endless Battle Clause: Forcing endless battles is banned\n|rule|OHKO Clause: OHKO moves are banned\n|rule|Evasion Moves Clause: Evasion moves are banned\n|rule|Evasion Abilities Clause: Evasion abilities are banned\n|rule|Species Clause: Limit one of each Pok\u00e9mon\n|rule|Gravity Sleep Clause: The combination of sleep-inducing moves with imperfect accuracy and Gravity or Gigantamax Orbeetle are banned\n|clearpoke\n|poke|p1|Venusaur, M|\n|poke|p1|Toxapex, F|\n|poke|p1|Iron Moth|\n|poke|p1|Sneasler, M|\n|poke|p1|Glimmora, F|\n|poke|p1|Slowking-Galar, F|\n|poke|p2|Scizor, F|\n|poke|p2|Sneasler, F|\n|poke|p2|Tapu Koko|\n|poke|p2|Meowscarada, M|\n|poke|p2|Iron Valiant|\n|poke|p2|Raichu-Alola, F|\n|teampreview\n|inactive|Battle timer is ON: inactive players will automatically lose when time's up. (requested by AhiruChan)\n|c|\u2606AhiruChan|Glhf\n|c|\u2606Jack the Ripper21|you to\n|\n|t:|1698897237\n|start\n|switch|p1a: Sazae|Slowking-Galar, F|100\/100\n|switch|p1b: Mutated Ballsack|Glimmora, F|100\/100\n|switch|p2a: Raichu|Raichu-Alola, F|100\/100\n|switch|p2b: Meowscarada|Meowscarada, M|100\/100\n|turn|1\n|\n|t:|1698897259\n|move|p1b: Mutated Ballsack|Spiky Shield|p1b: Mutated Ballsack\n|-singleturn|p1b: Mutated Ballsack|move: Protect\n|move|p2b: Meowscarada|U-turn|p1a: Sazae\n|-start|p2b: Meowscarada|typechange|Bug|[from] ability: Protean\n|-damage|p1a: Sazae|75\/100\n|\n|t:|1698897269\n|switch|p2b: Tapu Koko|Tapu Koko|100\/100|[from] U-turn\n|-fieldstart|move: Electric Terrain|[from] ability: Electric Surge|[of] p2b: Tapu Koko\n|move|p2a: Raichu|Psyshock|p1b: Mutated Ballsack\n|-activate|p1b: Mutated Ballsack|move: Protect\n|move|p1a: Sazae|Thunder Wave|p2b: Tapu Koko\n|-immune|p2b: Tapu Koko\n|\n|upkeep\n|turn|2\n|\n|t:|1698897287\n|move|p2a: Raichu|Rising Voltage|p1b: Mutated Ballsack\n|-hint|Rising Voltage's BP doubled on grounded target.\n|-enditem|p1b: Mutated Ballsack|Focus Sash\n|-damage|p1b: Mutated Ballsack|1\/100\n|move|p2b: Tapu Koko|Light Screen|p2b: Tapu Koko\n|-sidestart|p2: AhiruChan|move: Light Screen\n|move|p1b: Mutated Ballsack|Stealth Rock|p2b: Tapu Koko\n|-sidestart|p2: AhiruChan|move: Stealth Rock\n|move|p1a: Sazae|Sludge Bomb|p2b: Tapu Koko\n|-supereffective|p2b: Tapu Koko\n|-damage|p2b: Tapu Koko|49\/100\n|\n|upkeep\n|turn|3\n|\n|t:|1698897303\n|move|p1b: Mutated Ballsack|Spiky Shield|p1b: Mutated Ballsack\n|-singleturn|p1b: Mutated Ballsack|move: Protect\n|move|p2a: Raichu|Rising Voltage|p1a: Sazae\n|-hint|Rising Voltage's BP doubled on grounded target.\n|-damage|p1a: Sazae|0 fnt\n|faint|p1a: Sazae\n|move|p2b: Tapu Koko|Volt Switch|p1b: Mutated Ballsack\n|-activate|p1b: Mutated Ballsack|move: Protect\n|\n|upkeep\n|\n|t:|1698897316\n|switch|p1a: hello|Venusaur, M|100\/100\n|turn|4\n|\n|t:|1698897327\n|detailschange|p1a: hello|Venusaur-Mega, M\n|-mega|p1a: hello|Venusaur|Venusaurite\n|move|p2a: Raichu|Rising Voltage|p1a: hello\n|-hint|Rising Voltage's BP doubled on grounded target.\n|-resisted|p1a: hello\n|-damage|p1a: hello|62\/100\n|move|p2b: Tapu Koko|Volt Switch|p1b: Mutated Ballsack\n|-damage|p1b: Mutated Ballsack|0 fnt\n|faint|p1b: Mutated Ballsack\n|\n|t:|1698897334\n|switch|p2b: Sneasler|Sneasler, F|100\/100|[from] Volt Switch\n|-damage|p2b: Sneasler|95\/100|[from] Stealth Rock\n|-enditem|p2b: Sneasler|Electric Seed\n|-boost|p2b: Sneasler|def|1|[from] item: Electric Seed\n|move|p1a: hello|Leech Seed|p2a: Raichu\n|-start|p2a: Raichu|move: Leech Seed\n|\n|-damage|p2a: Raichu|88\/100|[from] Leech Seed|[of] p1a: hello\n|-heal|p1a: hello|71\/100|[silent]\n|upkeep\n|\n|t:|1698897347\n|switch|p1b: tanky|Toxapex, F|100\/100\n|turn|5\n|\n|t:|1698897364\n|switch|p1a: Its a moth|Iron Moth|100\/100\n|-activate|p1a: Its a moth|ability: Quark Drive\n|-start|p1a: Its a moth|quarkdrivespa\n|-terastallize|p2b: Sneasler|Flying\n|move|p2a: Raichu|Rising Voltage|p1b: tanky\n|-hint|Rising Voltage's BP doubled on grounded target.\n|-supereffective|p1b: tanky\n|-damage|p1b: tanky|0 fnt\n|faint|p1b: tanky\n|move|p2b: Sneasler|Acrobatics|p1a: Its a moth\n|-damage|p1a: Its a moth|0 fnt\n|faint|p1a: Its a moth\n|-end|p1a: Its a moth|Quark Drive|[silent]\n|\n|-fieldend|move: Electric Terrain\n|upkeep\n|c|\u2606AhiruChan|Gg wp\n|c|\u2606Jack the Ripper21|yeah im dead\n|inactive|Jack the Ripper21 has 270 seconds left.\n|c|\u2606Jack the Ripper21|i haven't been playing good lately\n|c|\u2606AhiruChan|It's oki\n|c|\u2606Jack the Ripper21|today not my day\n|\n|t:|1698897408\n|switch|p1a: Ripper|Sneasler, M|100\/100\n|switch|p1b: hello|Venusaur-Mega, M|71\/100\n|-item|p1a: Ripper|Air Balloon\n|turn|6\n|inactive|Jack the Ripper21 has 270 seconds left.\n|\n|t:|1698897425\n|-terastallize|p1a: Ripper|Flying\n|move|p2b: Sneasler|Acrobatics|p1b: hello\n|-supereffective|p1b: hello\n|-damage|p1b: hello|0 fnt\n|faint|p1b: hello\n|move|p2a: Raichu|Psyshock|p1a: Ripper\n|-damage|p1a: Ripper|43\/100\n|-enditem|p1a: Ripper|Air Balloon\n|move|p1a: Ripper|Acrobatics|p2b: Sneasler\n|-damage|p2b: Sneasler|26\/100\n|\n|-damage|p2a: Raichu|76\/100|[from] Leech Seed|[of] p1a: Ripper\n|-heal|p1a: Ripper|54\/100|[silent]\n|upkeep\n|turn|7\n|inactive|Jack the Ripper21 has 270 seconds left.\n|\n|t:|1698897447\n|switch|p2b: Scizor|Scizor, F|100\/100\n|-damage|p2b: Scizor|88\/100|[from] Stealth Rock\n|move|p1a: Ripper|Dire Claw|p2a: Raichu\n|-damage|p2a: Raichu|0 fnt\n|faint|p2a: Raichu\n|\n|upkeep\n|c|\u2606AhiruChan|My 6-0....\n|inactive|AhiruChan has 270 seconds left.\n|\n|t:|1698897467\n|switch|p2a: Meowscarada|Meowscarada, M|100\/100\n|-damage|p2a: Meowscarada|88\/100|[from] Stealth Rock\n|turn|8\n|\n|t:|1698897476\n|detailschange|p2b: Scizor|Scizor-Mega, F\n|-mega|p2b: Scizor|Scizor|Scizorite\n|move|p2b: Scizor|Bullet Punch|p1a: Ripper\n|-damage|p1a: Ripper|0 fnt\n|faint|p1a: Ripper\n|\n|win|AhiruChan\n|c|\u2606AhiruChan|Gg wp!\n|l|\u2606AhiruChan\n|c|\u2606Jack the Ripper21|nah i didn't play good\n|l|\u2606Jack the Ripper21\n|j|\u2606Jack the Ripper21\n|player|p1|Jack the Ripper21|gentleman-gen4dp\n","uploadtime":1698897491,"views":9,"p1id":"jacktheripper21","p2id":"ahiruchan","formatid":"gen9nationaldexdoubles","rating":0,"private":0,"password":""}