{"id":"gen9nationaldexdoubles-1994407163","p1":"Art_0r","p2":"Edelgard1162","format":"[Gen 9] National Dex Doubles","log":"|j|\u2606Art_0r\n|j|\u2606Edelgard1162\n|t:|1700440425\n|gametype|doubles\n|player|p1|Art_0r|bede|1219\n|player|p2|Edelgard1162|rika|1329\n|teamsize|p1|6\n|teamsize|p2|6\n|gen|9\n|tier|[Gen 9] National Dex Doubles\n|rated|\n|rule|HP Percentage Mod: HP is shown in percentages\n|rule|Endless Battle Clause: Forcing endless battles is banned\n|rule|OHKO Clause: OHKO moves are banned\n|rule|Evasion Moves Clause: Evasion moves are banned\n|rule|Evasion Abilities Clause: Evasion abilities are banned\n|rule|Species Clause: Limit one of each Pok\u00e9mon\n|rule|Gravity Sleep Clause: The combination of sleep-inducing moves with imperfect accuracy and Gravity or Gigantamax Orbeetle are banned\n|clearpoke\n|poke|p1|Diancie|\n|poke|p1|Drampa, M|\n|poke|p1|Pachirisu, M|\n|poke|p1|Empoleon, M|\n|poke|p1|Gliscor, M|\n|poke|p1|Machamp, F|\n|poke|p2|Togedemaru, L1, F|\n|poke|p2|Liepard, M|\n|poke|p2|Rillaboom, F|\n|poke|p2|Tyranitar, F|\n|poke|p2|Diancie|\n|poke|p2|Gastrodon, F|\n|teampreview\n|inactive|Battle timer is ON: inactive players will automatically lose when time's up. (requested by Edelgard1162)\n|\n|t:|1700440448\n|start\n|switch|p1a: Danone|Diancie|100\/100\n|switch|p1b: Puro|Drampa, M|100\/100\n|switch|p2a: Togedemaru|Togedemaru, L1, F|100\/100\n|switch|p2b: Liepard|Liepard, M|100\/100\n|turn|1\n|inactive|Art_0r has 120 seconds left.\n|inactive|Edelgard1162 has 120 seconds left.\n|inactive|Edelgard1162 has 90 seconds left.\n|\n|t:|1700440509\n|move|p2b: Liepard|Fake Out|p1a: Danone\n|-resisted|p1a: Danone\n|-damage|p1a: Danone|96\/100\n|cant|p1a: Danone|flinch\n|move|p1b: Puro|Heat Wave|p2b: Liepard|[spread] p2a,p2b\n|-supereffective|p2a: Togedemaru\n|-ability|p2a: Togedemaru|Sturdy\n|-damage|p2a: Togedemaru|9\/100\n|-damage|p2b: Liepard|35\/100\n|move|p2a: Togedemaru|Endeavor|p1a: Danone\n|-damage|p1a: Danone|1\/100\n|-heal|p2a: Togedemaru|100\/100|[from] item: Shell Bell|[of] p1a: Danone\n|\n|upkeep\n|turn|2\n|inactive|Art_0r has 120 seconds left.\n|inactive|Art_0r has 90 seconds left.\n|\n|t:|1700440561\n|move|p2b: Liepard|Sucker Punch||[still]\n|-fail|p2b: Liepard\n|move|p1a: Danone|Skill Swap|p2a: Togedemaru\n|-activate|p1a: Danone|move: Skill Swap|Sturdy|Clear Body|[of] p2a: Togedemaru\n|move|p1b: Puro|Heat Wave|p2b: Liepard|[spread] p2a,p2b\n|-supereffective|p2a: Togedemaru\n|-damage|p2a: Togedemaru|0 fnt\n|-damage|p2b: Liepard|0 fnt\n|faint|p2a: Togedemaru\n|faint|p2b: Liepard\n|\n|upkeep\n|\n|t:|1700440577\n|switch|p2b: Diancie|Diancie|100\/100\n|switch|p2a: Tyranitar|Tyranitar, F|100\/100\n|-weather|Sandstorm|[from] ability: Sand Stream|[of] p2a: Tyranitar\n|turn|3\n|inactive|Art_0r has 90 seconds left.\n|\n|t:|1700440614\n|detailschange|p2b: Diancie|Diancie-Mega\n|-mega|p2b: Diancie|Diancie|Diancite\n|move|p2b: Diancie|Diamond Storm|p1b: Puro|[spread] p1a,p1b\n|-damage|p1a: Danone|0 fnt\n|-damage|p1b: Puro|58\/100\n|-boost|p2b: Diancie|def|2\n|faint|p1a: Danone\n|move|p2a: Tyranitar|Knock Off|p1b: Puro\n|-damage|p1b: Puro|0 fnt\n|-enditem|p1b: Puro|Assault Vest|[from] move: Knock Off|[of] p2a: Tyranitar\n|faint|p1b: Puro\n|\n|-weather|Sandstorm|[upkeep]\n|upkeep\n|\n|t:|1700440629\n|switch|p1a: Sorvete|Pachirisu, M|100\/100\n|switch|p1b: Reisinho|Empoleon, M|100\/100\n|-item|p1a: Sorvete|Air Balloon\n|turn|4\n|inactive|Art_0r has 90 seconds left.\n|\n|t:|1700440644\n|move|p1a: Sorvete|Follow Me|p1a: Sorvete\n|-singleturn|p1a: Sorvete|move: Follow Me\n|move|p2b: Diancie|Body Press|p1a: Sorvete\n|-damage|p1a: Sorvete|54\/100\n|-enditem|p1a: Sorvete|Air Balloon\n|move|p2a: Tyranitar|Knock Off|p1a: Sorvete\n|-damage|p1a: Sorvete|0 fnt\n|faint|p1a: Sorvete\n|move|p1b: Reisinho|Flash Cannon|p2b: Diancie\n|-supereffective|p2b: Diancie\n|-damage|p2b: Diancie|0 fnt\n|faint|p2b: Diancie\n|\n|-weather|Sandstorm|[upkeep]\n|upkeep\n|\n|t:|1700440657\n|switch|p2b: Gastrodon|Gastrodon, F|100\/100\n|switch|p1a: Louco|Gliscor, M, shiny|100\/100\n|turn|5\n|inactive|Art_0r has 120 seconds left.\n|\n|t:|1700440680\n|switch|p2a: Rillaboom|Rillaboom, F|100\/100\n|-fieldstart|move: Grassy Terrain|[from] ability: Grassy Surge|[of] p2a: Rillaboom\n|move|p1a: Louco|Protect|p1a: Louco\n|-singleturn|p1a: Louco|Protect\n|move|p1b: Reisinho|Flash Cannon|p2a: Rillaboom\n|-damage|p2a: Rillaboom|57\/100\n|move|p2b: Gastrodon|Ice Beam|p1a: Louco\n|-activate|p1a: Louco|move: Protect\n|\n|-weather|Sandstorm|[upkeep]\n|-damage|p2a: Rillaboom|51\/100|[from] Sandstorm\n|-heal|p2a: Rillaboom|57\/100|[from] Grassy Terrain\n|-heal|p2a: Rillaboom|64\/100|[from] item: Leftovers\n|-status|p1a: Louco|tox|[from] item: Toxic Orb\n|upkeep\n|turn|6\n|inactive|Art_0r has 120 seconds left.\n|\n|t:|1700440711\n|move|p2a: Rillaboom|Fake Out|p1b: Reisinho\n|-resisted|p1b: Reisinho\n|-damage|p1b: Reisinho|94\/100\n|move|p1a: Louco|Dual Wingbeat|p2a: Rillaboom|[miss]\n|-miss|p1a: Louco|p2a: Rillaboom\n|cant|p1b: Reisinho|flinch\n|move|p2b: Gastrodon|Ice Beam|p1a: Louco\n|-supereffective|p1a: Louco\n|-crit|p1a: Louco\n|-damage|p1a: Louco|0 fnt\n|faint|p1a: Louco\n|\n|-weather|Sandstorm|[upkeep]\n|-damage|p2a: Rillaboom|57\/100|[from] Sandstorm\n|-heal|p2a: Rillaboom|64\/100|[from] Grassy Terrain\n|-heal|p2a: Rillaboom|70\/100|[from] item: Leftovers\n|-heal|p1b: Reisinho|99\/100|[from] Grassy Terrain\n|upkeep\n|\n|t:|1700440727\n|switch|p1a: Cbum|Machamp, F|100\/100\n|turn|7\n|\n|t:|1700440750\n|-terastallize|p1a: Cbum|Steel\n|move|p2a: Rillaboom|Grassy Glide|p1b: Reisinho\n|-damage|p1b: Reisinho|62\/100\n|move|p1a: Cbum|Mega Kick|p2a: Rillaboom\n|-damage|p2a: Rillaboom|25\/100\n|move|p1b: Reisinho|Hidden Power|p2b: Gastrodon\n|-supereffective|p2b: Gastrodon\n|-damage|p2b: Gastrodon|14\/100\n|-enditem|p2b: Gastrodon|Mago Berry|[eat]\n|-heal|p2b: Gastrodon|47\/100|[from] item: Mago Berry\n|move|p2b: Gastrodon|Earth Power|p1b: Reisinho\n|-supereffective|p1b: Reisinho\n|-damage|p1b: Reisinho|0 fnt\n|faint|p1b: Reisinho\n|\n|-weather|none\n|-heal|p2a: Rillaboom|31\/100|[from] Grassy Terrain\n|-heal|p2a: Rillaboom|37\/100|[from] item: Leftovers\n|-heal|p2b: Gastrodon|53\/100|[from] Grassy Terrain\n|upkeep\n|turn|8\n|inactive|Art_0r has 120 seconds left.\n|inactive|Edelgard1162 has 120 seconds left.\n|\n|t:|1700440795\n|move|p2a: Rillaboom|Grassy Glide|p1a: Cbum\n|-resisted|p1a: Cbum\n|-damage|p1a: Cbum|78\/100\n|move|p1a: Cbum|Dynamic Punch|p2b: Gastrodon\n|-damage|p2b: Gastrodon|0 fnt\n|faint|p2b: Gastrodon\n|\n|-heal|p2a: Rillaboom|44\/100|[from] Grassy Terrain\n|-heal|p2a: Rillaboom|50\/100|[from] item: Leftovers\n|-heal|p1a: Cbum|84\/100|[from] Grassy Terrain\n|upkeep\n|\n|t:|1700440802\n|switch|p2b: Tyranitar|Tyranitar, F|100\/100\n|-weather|Sandstorm|[from] ability: Sand Stream|[of] p2b: Tyranitar\n|turn|9\n|inactive|Edelgard1162 has 120 seconds left.\n|\n|t:|1700440826\n|-terastallize|p2b: Tyranitar|Rock\n|move|p2a: Rillaboom|Grassy Glide|p1a: Cbum\n|-resisted|p1a: Cbum\n|-damage|p1a: Cbum|63\/100\n|move|p2b: Tyranitar|Fire Punch|p1a: Cbum\n|-supereffective|p1a: Cbum\n|-damage|p1a: Cbum|0 fnt\n|faint|p1a: Cbum\n|\n|win|Edelgard1162\n|raw|Art_0r's rating: 1219 &rarr; <strong>1202<\/strong><br \/>(-17 for losing)\n|raw|Edelgard1162's rating: 1329 &rarr; <strong>1343<\/strong><br \/>(+14 for winning)\n","uploadtime":1700440836,"views":2,"p1id":"art0r","p2id":"edelgard1162","formatid":"gen9nationaldexdoubles","rating":1202,"private":0,"password":""}