{"id":"gen9nationaldexdoubles-1987358473","p1":"OilCompany3000","p2":"Proffesor_karrot","format":"[Gen 9] National Dex Doubles","log":"|j|\u2606OilCompany3000\n|j|\u2606Proffesor_karrot\n|t:|1699581460\n|gametype|doubles\n|player|p1|OilCompany3000|unknown|1441\n|player|p2|Proffesor_karrot|lady|1446\n|teamsize|p1|6\n|teamsize|p2|6\n|gen|9\n|tier|[Gen 9] National Dex Doubles\n|rated|\n|rule|HP Percentage Mod: HP is shown in percentages\n|rule|Endless Battle Clause: Forcing endless battles is banned\n|rule|OHKO Clause: OHKO moves are banned\n|rule|Evasion Moves Clause: Evasion moves are banned\n|rule|Evasion Abilities Clause: Evasion abilities are banned\n|rule|Species Clause: Limit one of each Pok\u00e9mon\n|rule|Gravity Sleep Clause: The combination of sleep-inducing moves with imperfect accuracy and Gravity or Gigantamax Orbeetle are banned\n|clearpoke\n|poke|p1|Guzzlord|\n|poke|p1|Diancie|\n|poke|p1|Latios, M|\n|poke|p1|Cresselia, F|\n|poke|p1|Stakataka|\n|poke|p1|Incineroar, F|\n|poke|p2|Tyranitar, F|\n|poke|p2|Excadrill, M|\n|poke|p2|Cresselia, F|\n|poke|p2|Whimsicott, F|\n|poke|p2|Iron Bundle|\n|poke|p2|Zapdos|\n|teampreview\n|inactive|Battle timer is ON: inactive players will automatically lose when time's up. (requested by Proffesor_karrot)\n|inactive|OilCompany3000 has 120 seconds left.\n|\n|t:|1699581492\n|start\n|switch|p1a: ON GP|Diancie|100\/100\n|switch|p1b: SCSA|Incineroar, F|100\/100\n|switch|p2a: Iron Bundle|Iron Bundle|100\/100\n|switch|p2b: Cresselia|Cresselia, F, shiny|100\/100\n|-ability|p1b: SCSA|Intimidate|boost\n|-unboost|p2a: Iron Bundle|atk|1\n|-unboost|p2b: Cresselia|atk|1\n|-enditem|p2a: Iron Bundle|Booster Energy\n|-activate|p2a: Iron Bundle|ability: Quark Drive|[fromitem]\n|-start|p2a: Iron Bundle|quarkdrivespe\n|turn|1\n|\n|t:|1699581516\n|switch|p2b: Excadrill|Excadrill, M|100\/100\n|-terastallize|p2a: Iron Bundle|Ghost\n|move|p1b: SCSA|Fake Out|p2a: Iron Bundle\n|-immune|p2a: Iron Bundle\n|move|p2a: Iron Bundle|Hydro Pump|p1b: SCSA\n|-supereffective|p1b: SCSA\n|-damage|p1b: SCSA|25\/100\n|-enditem|p1b: SCSA|Sitrus Berry|[eat]\n|-heal|p1b: SCSA|50\/100|[from] item: Sitrus Berry\n|move|p1a: ON GP|Diamond Storm|p2a: Iron Bundle|[spread] p2a,p2b\n|-resisted|p2b: Excadrill\n|-damage|p2a: Iron Bundle|61\/100\n|-damage|p2b: Excadrill|90\/100\n|\n|upkeep\n|turn|2\n|j| wkx6v587\n|\n|t:|1699581538\n|move|p2a: Iron Bundle|Hydro Pump|p1b: SCSA\n|-supereffective|p1b: SCSA\n|-damage|p1b: SCSA|0 fnt\n|faint|p1b: SCSA\n|move|p2b: Excadrill|Iron Head|p1a: ON GP\n|-supereffective|p1a: ON GP\n|-damage|p1a: ON GP|0 fnt\n|faint|p1a: ON GP\n|\n|upkeep\n|inactive|OilCompany3000 has 120 seconds left.\n|\n|t:|1699581562\n|switch|p1b: 80808|Stakataka|100\/100\n|switch|p1a: BUBBLES BURIED|Cresselia, F|100\/100\n|turn|3\n|\n|t:|1699581576\n|-terastallize|p1b: 80808|Fighting\n|move|p2a: Iron Bundle|Hydro Pump|p1a: BUBBLES BURIED\n|-damage|p1a: BUBBLES BURIED|69\/100\n|move|p2b: Excadrill|Iron Head|p1a: BUBBLES BURIED\n|-damage|p1a: BUBBLES BURIED|45\/100\n|-enditem|p1a: BUBBLES BURIED|Sitrus Berry|[eat]\n|-heal|p1a: BUBBLES BURIED|70\/100|[from] item: Sitrus Berry\n|move|p1a: BUBBLES BURIED|Lunar Blessing|p1a: BUBBLES BURIED|[spread] p1a,p1b\n|-heal|p1a: BUBBLES BURIED|95\/100\n|move|p1b: 80808|Trick Room|p1b: 80808\n|-fieldstart|move: Trick Room|[of] p1b: 80808\n|\n|upkeep\n|turn|4\n|\n|t:|1699581593\n|move|p1a: BUBBLES BURIED|Helping Hand|p1b: 80808\n|-singleturn|p1b: 80808|Helping Hand|[of] p1a: BUBBLES BURIED\n|move|p2a: Iron Bundle|Protect|p2a: Iron Bundle\n|-singleturn|p2a: Iron Bundle|Protect\n|move|p1b: 80808|Gyro Ball|p2a: Iron Bundle\n|-activate|p2a: Iron Bundle|move: Protect\n|move|p2b: Excadrill|Iron Head|p1a: BUBBLES BURIED\n|-damage|p1a: BUBBLES BURIED|69\/100\n|\n|upkeep\n|turn|5\n|\n|t:|1699581610\n|-end|p2a: Iron Bundle|Quark Drive|[silent]\n|switch|p2a: Zapdos|Zapdos|100\/100\n|move|p1a: BUBBLES BURIED|Helping Hand|p1b: 80808\n|-singleturn|p1b: 80808|Helping Hand|[of] p1a: BUBBLES BURIED\n|move|p1b: 80808|Gyro Ball|p2a: Zapdos\n|-resisted|p2a: Zapdos\n|-damage|p2a: Zapdos|19\/100\n|-damage|p1b: 80808|91\/100|[from] item: Life Orb\n|move|p2b: Excadrill|Iron Head|p1a: BUBBLES BURIED\n|-damage|p1a: BUBBLES BURIED|46\/100\n|\n|upkeep\n|turn|6\n|\n|t:|1699581628\n|move|p2a: Zapdos|Protect|p2a: Zapdos\n|-singleturn|p2a: Zapdos|Protect\n|move|p1b: 80808|Gyro Ball|p2a: Zapdos\n|-activate|p2a: Zapdos|move: Protect\n|move|p1a: BUBBLES BURIED|Lunar Blessing|p1a: BUBBLES BURIED|[spread] p1a,p1b\n|-heal|p1a: BUBBLES BURIED|71\/100\n|-heal|p1b: 80808|100\/100\n|move|p2b: Excadrill|Iron Head|p1a: BUBBLES BURIED\n|-damage|p1a: BUBBLES BURIED|47\/100\n|\n|upkeep\n|turn|7\n|\n|t:|1699581647\n|switch|p2a: Cresselia|Cresselia, F, shiny|100\/100\n|move|p1b: 80808|Gyro Ball|p2a: Cresselia\n|-damage|p2a: Cresselia|45\/100\n|-damage|p1b: 80808|84\/100|[from] item: Rocky Helmet|[of] p2a: Cresselia\n|-damage|p1b: 80808|74\/100|[from] item: Life Orb\n|move|p1a: BUBBLES BURIED|Lunar Blessing|p1a: BUBBLES BURIED|[spread] p1a,p1b\n|-heal|p1a: BUBBLES BURIED|72\/100\n|-heal|p1b: 80808|99\/100\n|move|p2b: Excadrill|Iron Head|p1a: BUBBLES BURIED\n|-damage|p1a: BUBBLES BURIED|47\/100\n|\n|-fieldend|move: Trick Room\n|upkeep\n|turn|8\n|\n|t:|1699581665\n|move|p1a: BUBBLES BURIED|Helping Hand|p1b: 80808\n|-singleturn|p1b: 80808|Helping Hand|[of] p1a: BUBBLES BURIED\n|move|p2b: Excadrill|Iron Head|p1a: BUBBLES BURIED\n|-damage|p1a: BUBBLES BURIED|21\/100\n|move|p2a: Cresselia|Dazzling Gleam|p1b: 80808|[spread] p1a,p1b\n|-crit|p1a: BUBBLES BURIED\n|-supereffective|p1b: 80808\n|-damage|p1a: BUBBLES BURIED|12\/100\n|-damage|p1b: 80808|77\/100\n|move|p1b: 80808|Body Press|p2b: Excadrill\n|-supereffective|p2b: Excadrill\n|-crit|p2b: Excadrill\n|-damage|p2b: Excadrill|0 fnt\n|faint|p2b: Excadrill\n|-ability|p1b: 80808|Beast Boost|boost\n|-boost|p1b: 80808|atk|1\n|-damage|p1b: 80808|67\/100|[from] item: Life Orb\n|\n|upkeep\n|\n|t:|1699581676\n|switch|p2b: Zapdos|Zapdos|19\/100\n|turn|9\n|\n|t:|1699581692\n|move|p2b: Zapdos|Hurricane|p1b: 80808|[miss]\n|-miss|p2b: Zapdos|p1b: 80808\n|move|p2a: Cresselia|Dazzling Gleam|p1a: BUBBLES BURIED|[spread] p1a,p1b\n|-supereffective|p1b: 80808\n|-damage|p1a: BUBBLES BURIED|5\/100\n|-damage|p1b: 80808|46\/100\n|move|p1a: BUBBLES BURIED|Lunar Blessing|p1a: BUBBLES BURIED|[spread] p1a,p1b\n|-heal|p1a: BUBBLES BURIED|30\/100\n|-heal|p1b: 80808|70\/100\n|move|p1b: 80808|Trick Room|p1b: 80808\n|-fieldstart|move: Trick Room|[of] p1b: 80808\n|\n|upkeep\n|turn|10\n|\n|t:|1699581712\n|move|p2b: Zapdos|Protect|p2b: Zapdos\n|-singleturn|p2b: Zapdos|Protect\n|move|p1b: 80808|Gyro Ball|p2a: Cresselia\n|-crit|p2a: Cresselia\n|-damage|p2a: Cresselia|0 fnt\n|-damage|p1b: 80808|54\/100|[from] item: Rocky Helmet|[of] p2a: Cresselia\n|faint|p2a: Cresselia\n|-ability|p1b: 80808|Beast Boost|boost\n|-boost|p1b: 80808|atk|1\n|-damage|p1b: 80808|44\/100|[from] item: Life Orb\n|move|p1a: BUBBLES BURIED|Lunar Blessing|p1a: BUBBLES BURIED|[spread] p1a,p1b\n|-heal|p1a: BUBBLES BURIED|55\/100\n|-heal|p1b: 80808|69\/100\n|\n|upkeep\n|\n|t:|1699581727\n|switch|p2a: Iron Bundle|Iron Bundle, tera:Ghost|61\/100\n|turn|11\n|\n|t:|1699581738\n|move|p1b: 80808|Gyro Ball|p2b: Zapdos\n|-resisted|p2b: Zapdos\n|-damage|p2b: Zapdos|0 fnt\n|faint|p2b: Zapdos\n|-ability|p1b: 80808|Beast Boost|boost\n|-boost|p1b: 80808|atk|1\n|-damage|p1b: 80808|59\/100|[from] item: Life Orb\n|move|p1a: BUBBLES BURIED|Lunar Blessing|p1a: BUBBLES BURIED|[spread] p1a,p1b\n|-heal|p1a: BUBBLES BURIED|80\/100\n|-heal|p1b: 80808|84\/100\n|move|p2a: Iron Bundle|Hydro Pump|p1b: 80808\n|-damage|p1b: 80808|27\/100\n|\n|upkeep\n|\n|t:|1699581744\n|switch|p2b: Whimsicott|Whimsicott, F, shiny|100\/100\n|turn|12\n|\n|t:|1699581765\n|-end|p2a: Iron Bundle|Quark Drive|[silent]\n|switch|p2a: Tyranitar|Tyranitar, F|100\/100\n|-weather|Sandstorm|[from] ability: Sand Stream|[of] p2a: Tyranitar\n|move|p2b: Whimsicott|Protect|p2b: Whimsicott\n|-singleturn|p2b: Whimsicott|Protect\n|move|p1b: 80808|Gyro Ball|p2a: Tyranitar\n|-supereffective|p2a: Tyranitar\n|-crit|p2a: Tyranitar\n|-damage|p2a: Tyranitar|0 fnt\n|faint|p2a: Tyranitar\n|-ability|p1b: 80808|Beast Boost|boost\n|-boost|p1b: 80808|atk|1\n|-damage|p1b: 80808|17\/100|[from] item: Life Orb\n|move|p1a: BUBBLES BURIED|Lunar Blessing|p1a: BUBBLES BURIED|[spread] p1a,p1b\n|-heal|p1a: BUBBLES BURIED|100\/100\n|-heal|p1b: 80808|42\/100\n|\n|-weather|Sandstorm|[upkeep]\n|-damage|p1b: 80808|35\/100|[from] Sandstorm\n|-damage|p1a: BUBBLES BURIED|94\/100|[from] Sandstorm\n|-damage|p2b: Whimsicott|94\/100|[from] Sandstorm\n|upkeep\n|\n|t:|1699581770\n|switch|p2a: Iron Bundle|Iron Bundle, tera:Ghost|61\/100\n|turn|13\n|\n|t:|1699581785\n|move|p2b: Whimsicott|Protect||[still]\n|-fail|p2b: Whimsicott\n|move|p2a: Iron Bundle|Protect|p2a: Iron Bundle\n|-singleturn|p2a: Iron Bundle|Protect\n|move|p1b: 80808|Gyro Ball|p2b: Whimsicott\n|-supereffective|p2b: Whimsicott\n|-damage|p2b: Whimsicott|0 fnt\n|faint|p2b: Whimsicott\n|-ability|p1b: 80808|Beast Boost|boost\n|-boost|p1b: 80808|atk|1\n|-damage|p1b: 80808|26\/100|[from] item: Life Orb\n|move|p1a: BUBBLES BURIED|Lunar Blessing|p1a: BUBBLES BURIED|[spread] p1a,p1b\n|-heal|p1a: BUBBLES BURIED|100\/100\n|-heal|p1b: 80808|50\/100\n|\n|-weather|Sandstorm|[upkeep]\n|-damage|p1b: 80808|44\/100|[from] Sandstorm\n|-damage|p1a: BUBBLES BURIED|94\/100|[from] Sandstorm\n|-damage|p2a: Iron Bundle|55\/100|[from] Sandstorm\n|-fieldend|move: Trick Room\n|upkeep\n|turn|14\n|-message|Proffesor_karrot forfeited.\n|\n|win|OilCompany3000\n|raw|OilCompany3000's rating: 1441 &rarr; <strong>1461<\/strong><br \/>(+20 for winning)\n|raw|Proffesor_karrot's rating: 1446 &rarr; <strong>1426<\/strong><br \/>(-20 for losing)\n|l|\u2606Proffesor_karrot\n","uploadtime":1699581804,"views":13,"p1id":"oilcompany3000","p2id":"proffesorkarrot","formatid":"gen9nationaldexdoubles","rating":1426,"private":0,"password":""}