{"id":"gen9nationaldexdoubles-1980286865","p1":"Sorry Cant Type","p2":"schoolteen","format":"[Gen 9] National Dex Doubles","log":"|j|\u2606Sorry Cant Type\n|j|\u2606schoolteen\n|t:|1698772478\n|gametype|doubles\n|player|p1|Sorry Cant Type|cameraman|1041\n|player|p2|schoolteen|cheryl|1091\n|teamsize|p1|6\n|teamsize|p2|6\n|gen|9\n|tier|[Gen 9] National Dex Doubles\n|rated|\n|rule|HP Percentage Mod: HP is shown in percentages\n|rule|Endless Battle Clause: Forcing endless battles is banned\n|rule|OHKO Clause: OHKO moves are banned\n|rule|Evasion Moves Clause: Evasion moves are banned\n|rule|Evasion Abilities Clause: Evasion abilities are banned\n|rule|Species Clause: Limit one of each Pok\u00e9mon\n|rule|Gravity Sleep Clause: The combination of sleep-inducing moves with imperfect accuracy and Gravity or Gigantamax Orbeetle are banned\n|clearpoke\n|poke|p1|Ninetales-Alola, F|\n|poke|p1|Toxtricity-Low-Key, M|\n|poke|p1|Sinistcha|\n|poke|p1|Murkrow, F|\n|poke|p1|Emboar, M|\n|poke|p1|Sharpedo, M|\n|poke|p2|Heracross, M|\n|poke|p2|Barraskewda, F|\n|poke|p2|Fezandipiti, M|\n|poke|p2|Infernape, F|\n|poke|p2|Dusclops, M|\n|poke|p2|Arcanine-Hisui, F|\n|teampreview\n|inactive|Battle timer is ON: inactive players will automatically lose when time's up. (requested by schoolteen)\n|\n|t:|1698772506\n|start\n|switch|p1a: Toxtricity|Toxtricity-Low-Key, M, shiny|100\/100\n|switch|p1b: Emboar|Emboar, M, shiny|100\/100\n|switch|p2a: Fezandipiti|Fezandipiti, M|100\/100\n|switch|p2b: Barraskewda|Barraskewda, F|100\/100\n|turn|1\n|\n|t:|1698772533\n|-terastallize|p2b: Barraskewda|Water\n|move|p2b: Barraskewda|Liquidation|p1a: Toxtricity\n|-damage|p1a: Toxtricity|0 fnt\n|faint|p1a: Toxtricity\n|move|p1b: Emboar|Flare Blitz|p2a: Fezandipiti\n|-damage|p2a: Fezandipiti|25\/100\n|-damage|p1b: Emboar|82\/100|[from] Recoil\n|move|p2a: Fezandipiti|Play Rough|p1b: Emboar\n|-damage|p1b: Emboar|41\/100\n|\n|-heal|p1b: Emboar|47\/100|[from] item: Leftovers\n|upkeep\n|inactive|Sorry Cant Type has 120 seconds left.\n|\n|t:|1698772551\n|switch|p1a: Sinistcha|Sinistcha|100\/100\n|-heal|p1b: Emboar|72\/100|[from] ability: Hospitality|[of] p1a: Sinistcha\n|turn|2\n|inactive|Sorry Cant Type has 120 seconds left.\n|\n|t:|1698772576\n|switch|p2b: Infernape|Infernape, F|100\/100\n|switch|p2a: Arcanine|Arcanine-Hisui, F|100\/100\n|move|p1a: Sinistcha|Rage Powder|p1a: Sinistcha\n|-singleturn|p1a: Sinistcha|move: Rage Powder\n|move|p1b: Emboar|Wild Charge|p2b: Infernape\n|-damage|p2b: Infernape|44\/100\n|-damage|p1b: Emboar|62\/100|[from] Recoil\n|\n|-heal|p1b: Emboar|68\/100|[from] item: Leftovers\n|upkeep\n|turn|3\n|\n|t:|1698772602\n|move|p1a: Sinistcha|Protect|p1a: Sinistcha\n|-singleturn|p1a: Sinistcha|Protect\n|move|p2b: Infernape|Raging Fury|p1a: Sinistcha\n|-activate|p1a: Sinistcha|move: Protect\n|move|p2a: Arcanine|Head Smash|p1b: Emboar\n|-damage|p1b: Emboar|0 fnt\n|faint|p1b: Emboar\n|\n|upkeep\n|inactive|Sorry Cant Type has 120 seconds left.\n|\n|t:|1698772613\n|switch|p1b: Sharpedo|Sharpedo, M|100\/100\n|turn|4\n|\n|t:|1698772624\n|move|p1b: Sharpedo|Protect|p1b: Sharpedo\n|-singleturn|p1b: Sharpedo|Protect\n|move|p2b: Infernape|Raging Fury|p1a: Sinistcha\n|-supereffective|p1a: Sinistcha\n|-damage|p1a: Sinistcha|18\/100\n|move|p2a: Arcanine|Wild Charge|p1b: Sharpedo\n|-activate|p1b: Sharpedo|move: Protect\n|move|p1a: Sinistcha|Matcha Gotcha|p2a: Arcanine|[spread] p2b\n|-miss|p1a: Sinistcha|p2a: Arcanine\n|-resisted|p2b: Infernape\n|-damage|p2b: Infernape|26\/100\n|-heal|p1a: Sinistcha|26\/100|[from] drain|[of] p2b: Infernape\n|\n|-ability|p1b: Sharpedo|Speed Boost|boost\n|-boost|p1b: Sharpedo|spe|1\n|upkeep\n|turn|5\n|\n|t:|1698772648\n|detailschange|p1b: Sharpedo|Sharpedo-Mega, M\n|-mega|p1b: Sharpedo|Sharpedo|Sharpedonite\n|move|p1a: Sinistcha|Protect|p1a: Sinistcha\n|-singleturn|p1a: Sinistcha|Protect\n|move|p1b: Sharpedo|Liquidation|p2a: Arcanine\n|-supereffective|p2a: Arcanine\n|-damage|p2a: Arcanine|0 fnt\n|faint|p2a: Arcanine\n|move|p2b: Infernape|Raging Fury|p1b: Sharpedo|[from]lockedmove\n|-resisted|p1b: Sharpedo\n|-damage|p1b: Sharpedo|51\/100\n|\n|upkeep\n|\n|t:|1698772660\n|switch|p2a: Dusclops|Dusclops, M|100\/100\n|-ability|p2a: Dusclops|Pressure\n|turn|6\n|\n|t:|1698772677\n|move|p1a: Sinistcha|Rage Powder|p1a: Sinistcha\n|-singleturn|p1a: Sinistcha|move: Rage Powder\n|move|p1b: Sharpedo|Liquidation|p2b: Infernape\n|-supereffective|p2b: Infernape\n|-damage|p2b: Infernape|0 fnt\n|faint|p2b: Infernape\n|move|p2a: Dusclops|Trick Room|p2a: Dusclops\n|-fieldstart|move: Trick Room|[of] p2a: Dusclops\n|\n|upkeep\n|\n|t:|1698772688\n|switch|p2b: Fezandipiti|Fezandipiti, M|25\/100\n|turn|7\n|\n|t:|1698772710\n|move|p2a: Dusclops|Power-Up Punch|p1b: Sharpedo\n|-supereffective|p1b: Sharpedo\n|-damage|p1b: Sharpedo|28\/100\n|-boost|p2a: Dusclops|atk|1\n|move|p2b: Fezandipiti|Acrobatics|p1a: Sinistcha\n|-supereffective|p1a: Sinistcha\n|-damage|p1a: Sinistcha|0 fnt\n|-damage|p2b: Fezandipiti|8\/100|[from] item: Rocky Helmet|[of] p1a: Sinistcha\n|faint|p1a: Sinistcha\n|move|p1b: Sharpedo|Crunch|p2a: Dusclops\n|-supereffective|p2a: Dusclops\n|-damage|p2a: Dusclops|5\/100\n|-unboost|p2a: Dusclops|def|1\n|\n|upkeep\n|\n|t:|1698772723\n|switch|p1a: Ninetales|Ninetales-Alola, F|100\/100\n|-weather|Snow|[from] ability: Snow Warning|[of] p1a: Ninetales\n|turn|8\n|\n|t:|1698772743\n|move|p1a: Ninetales|Protect|p1a: Ninetales\n|-singleturn|p1a: Ninetales|Protect\n|move|p1b: Sharpedo|Protect|p1b: Sharpedo\n|-singleturn|p1b: Sharpedo|Protect\n|move|p2a: Dusclops|Poltergeist|p1a: Ninetales\n|-activate|p1a: Ninetales|move: Protect\n|move|p2b: Fezandipiti|Play Rough|p1b: Sharpedo\n|-activate|p1b: Sharpedo|move: Protect\n|\n|-weather|Snow|[upkeep]\n|upkeep\n|turn|9\n|inactive|Sorry Cant Type has 120 seconds left.\n|\n|t:|1698772801\n|switch|p1a: Murkrow|Murkrow, F|100\/100\n|move|p1b: Sharpedo|Protect|p1b: Sharpedo\n|-singleturn|p1b: Sharpedo|Protect\n|move|p2a: Dusclops|Poltergeist|p1a: Murkrow\n|-activate|p1a: Murkrow|move: Poltergeist|Focus Sash\n|-resisted|p1a: Murkrow\n|-damage|p1a: Murkrow|55\/100\n|move|p2b: Fezandipiti|Play Rough|p1b: Sharpedo\n|-activate|p1b: Sharpedo|move: Protect\n|\n|-weather|Snow|[upkeep]\n|upkeep\n|turn|10\n|inactive|schoolteen has 120 seconds left.\n|\n|t:|1698772841\n|switch|p1b: Ninetales|Ninetales-Alola, F|100\/100\n|move|p2a: Dusclops|Poltergeist|p1b: Ninetales\n|-activate|p1b: Ninetales|move: Poltergeist|Heavy-Duty Boots\n|-damage|p1b: Ninetales|55\/100\n|move|p2b: Fezandipiti|Play Rough|p1a: Murkrow\n|-supereffective|p1a: Murkrow\n|-damage|p1a: Murkrow|0 fnt\n|faint|p1a: Murkrow\n|\n|-weather|Snow|[upkeep]\n|-fieldend|move: Trick Room\n|upkeep\n|\n|t:|1698772852\n|switch|p1a: Sharpedo|Sharpedo-Mega, M|28\/100\n|turn|11\n|inactive|schoolteen has 120 seconds left.\n|\n|t:|1698772874\n|move|p1b: Ninetales|Moonblast|p2b: Fezandipiti\n|-resisted|p2b: Fezandipiti\n|-damage|p2b: Fezandipiti|0 fnt\n|faint|p2b: Fezandipiti\n|move|p1a: Sharpedo|Crunch|p2a: Dusclops\n|-supereffective|p2a: Dusclops\n|-damage|p2a: Dusclops|0 fnt\n|faint|p2a: Dusclops\n|\n|-weather|Snow|[upkeep]\n|upkeep\n|inactive|schoolteen has 120 seconds left.\n|\n|t:|1698772896\n|switch|p2b: Heracross|Heracross, M|100\/100\n|switch|p2a: Barraskewda|Barraskewda, F, tera:Water|100\/100\n|turn|12\n|inactive|schoolteen has 120 seconds left.\n|\n|t:|1698772914\n|detailschange|p2b: Heracross|Heracross-Mega, M\n|-mega|p2b: Heracross|Heracross|Heracronite\n|move|p1a: Sharpedo|Protect|p1a: Sharpedo\n|-singleturn|p1a: Sharpedo|Protect\n|move|p2a: Barraskewda|Liquidation|p1b: Ninetales\n|-damage|p1b: Ninetales|0 fnt\n|faint|p1b: Ninetales\n|move|p2b: Heracross|Megahorn|p1a: Sharpedo\n|-activate|p1a: Sharpedo|move: Protect\n|\n|-weather|none\n|upkeep\n|turn|13\n|\n|t:|1698772934\n|move|p2a: Barraskewda|Liquidation|p1a: Sharpedo\n|-resisted|p1a: Sharpedo\n|-damage|p1a: Sharpedo|0 fnt\n|faint|p1a: Sharpedo\n|\n|win|schoolteen\n|raw|Sorry Cant Type's rating: 1041 &rarr; <strong>1027<\/strong><br \/>(-14 for losing)\n|raw|schoolteen's rating: 1091 &rarr; <strong>1114<\/strong><br \/>(+23 for winning)\n|l|\u2606Sorry Cant Type\n","uploadtime":1698772945,"views":5,"p1id":"sorrycanttype","p2id":"schoolteen","formatid":"gen9nationaldexdoubles","rating":1027,"private":0,"password":""}