{"id":"gen9nationaldexdoubles-2000351696","p1":"FemboyThighs22","p2":"fumbari 24","format":"[Gen 9] National Dex Doubles","log":"|j|\u2606FemboyThighs22\n|j|\u2606fumbari 24\n|t:|1701187461\n|gametype|doubles\n|player|p1|FemboyThighs22|iono|1305\n|player|p2|fumbari 24|hilbert|1279\n|teamsize|p1|6\n|teamsize|p2|6\n|gen|9\n|tier|[Gen 9] National Dex Doubles\n|rated|\n|rule|HP Percentage Mod: HP is shown in percentages\n|rule|Endless Battle Clause: Forcing endless battles is banned\n|rule|OHKO Clause: OHKO moves are banned\n|rule|Evasion Moves Clause: Evasion moves are banned\n|rule|Evasion Abilities Clause: Evasion abilities are banned\n|rule|Species Clause: Limit one of each Pok\u00e9mon\n|rule|Gravity Sleep Clause: The combination of sleep-inducing moves with imperfect accuracy and Gravity or Gigantamax Orbeetle are banned\n|clearpoke\n|poke|p1|Wishiwashi, F|\n|poke|p1|Indeedee-F, F|\n|poke|p1|Cresselia, F|\n|poke|p1|Ursaluna, M|\n|poke|p1|Amoonguss, F|\n|poke|p1|Goodra-Hisui, F|\n|poke|p2|Beartic, F|\n|poke|p2|Ninetales-Alola, F|\n|poke|p2|Articuno-Galar|\n|poke|p2|Wyrdeer, M|\n|poke|p2|Mamoswine, F|\n|poke|p2|Latios, M|\n|teampreview\n|inactive|Battle timer is ON: inactive players will automatically lose when time's up. (requested by FemboyThighs22)\n|c|\u2606FemboyThighs22|glhf\n|\n|t:|1701187484\n|start\n|switch|p1a: Cresselia|Cresselia, F|100\/100\n|switch|p1b: Goodra|Goodra-Hisui, F|100\/100\n|switch|p2a: Wyrdeer|Wyrdeer, M|100\/100\n|switch|p2b: Articuno|Articuno-Galar|100\/100\n|-ability|p2a: Wyrdeer|Intimidate|boost\n|-unboost|p1a: Cresselia|atk|1\n|-unboost|p1b: Goodra|atk|1\n|turn|1\n|\n|t:|1701187501\n|move|p1b: Goodra|Shelter|p1b: Goodra\n|-boost|p1b: Goodra|def|2\n|move|p2a: Wyrdeer|Skill Swap|p1a: Cresselia\n|-activate|p2a: Wyrdeer|move: Skill Swap|Levitate|Intimidate|[of] p1a: Cresselia\n|-ability|p1a: Cresselia|Intimidate|boost\n|-unboost|p2a: Wyrdeer|atk|1\n|-unboost|p2b: Articuno|atk|1\n|-ability|p2b: Articuno|Competitive|boost\n|-boost|p2b: Articuno|spa|2\n|move|p2b: Articuno|Trick Room|p2b: Articuno\n|-fieldstart|move: Trick Room|[of] p2b: Articuno\n|move|p1a: Cresselia|Trick Room|p1a: Cresselia\n|-fieldend|move: Trick Room\n|\n|upkeep\n|turn|2\n|\n|t:|1701187526\n|move|p2b: Articuno|Freezing Glare|p1b: Goodra\n|-resisted|p1b: Goodra\n|-damage|p1b: Goodra|69\/100\n|move|p1b: Goodra|Body Press|p2a: Wyrdeer\n|-crit|p2a: Wyrdeer\n|-damage|p2a: Wyrdeer|25\/100\n|move|p2a: Wyrdeer|Tera Blast|p1a: Cresselia\n|-damage|p1a: Cresselia|84\/100\n|move|p1a: Cresselia|Trick Room|p1a: Cresselia\n|-fieldstart|move: Trick Room|[of] p1a: Cresselia\n|\n|-heal|p1b: Goodra|75\/100|[from] item: Leftovers\n|upkeep\n|turn|3\n|\n|t:|1701187551\n|move|p1b: Goodra|Heavy Slam|p2b: Articuno\n|-damage|p2b: Articuno|74\/100\n|move|p1a: Cresselia|Moonblast|p2a: Wyrdeer\n|-damage|p2a: Wyrdeer|10\/100\n|move|p2a: Wyrdeer|Trick Room|p2a: Wyrdeer\n|-fieldend|move: Trick Room\n|move|p2b: Articuno|Trick Room|p2b: Articuno\n|-fieldstart|move: Trick Room|[of] p2b: Articuno\n|\n|-heal|p1b: Goodra|81\/100|[from] item: Leftovers\n|upkeep\n|turn|4\n|\n|t:|1701187570\n|move|p2a: Wyrdeer|Tera Blast|p1b: Goodra\n|-resisted|p1b: Goodra\n|-damage|p1b: Goodra|72\/100\n|move|p1b: Goodra|Heavy Slam|p2b: Articuno\n|-damage|p2b: Articuno|49\/100\n|-enditem|p2b: Articuno|Sitrus Berry|[eat]\n|-heal|p2b: Articuno|74\/100|[from] item: Sitrus Berry\n|move|p1a: Cresselia|Moonblast|p2a: Wyrdeer\n|-damage|p2a: Wyrdeer|0 fnt\n|faint|p2a: Wyrdeer\n|move|p2b: Articuno|Freezing Glare|p1b: Goodra\n|-resisted|p1b: Goodra\n|-damage|p1b: Goodra|42\/100\n|\n|-heal|p1b: Goodra|49\/100|[from] item: Leftovers\n|upkeep\n|\n|t:|1701187587\n|switch|p2a: Mamoswine|Mamoswine, F|100\/100\n|turn|5\n|\n|t:|1701187597\n|-terastallize|p2a: Mamoswine|Fire\n|move|p1b: Goodra|Body Press|p2a: Mamoswine\n|-damage|p2a: Mamoswine|44\/100\n|move|p1a: Cresselia|Lunar Blessing|p1a: Cresselia|[spread] p1a,p1b\n|-heal|p1a: Cresselia|100\/100\n|-heal|p1b: Goodra|74\/100\n|move|p2a: Mamoswine|Earthquake|p1a: Cresselia|[spread] p1a,p1b\n|-immune|p2b: Articuno\n|-supereffective|p1b: Goodra\n|-damage|p1a: Cresselia|72\/100\n|-damage|p1b: Goodra|46\/100\n|move|p2b: Articuno|Freezing Glare|p1b: Goodra\n|-resisted|p1b: Goodra\n|-damage|p1b: Goodra|18\/100\n|\n|-heal|p1b: Goodra|24\/100|[from] item: Leftovers\n|upkeep\n|turn|6\n|\n|t:|1701187620\n|move|p2a: Mamoswine|Ice Shard|p1b: Goodra\n|-damage|p1b: Goodra|16\/100\n|move|p1b: Goodra|Body Press|p2a: Mamoswine\n|-damage|p2a: Mamoswine|0 fnt\n|faint|p2a: Mamoswine\n|move|p1a: Cresselia|Lunar Blessing|p1a: Cresselia|[spread] p1a,p1b\n|-heal|p1a: Cresselia|97\/100\n|-heal|p1b: Goodra|41\/100\n|move|p2b: Articuno|Freezing Glare|p1b: Goodra\n|-resisted|p1b: Goodra\n|-damage|p1b: Goodra|13\/100\n|\n|-heal|p1b: Goodra|19\/100|[from] item: Leftovers\n|upkeep\n|\n|t:|1701187627\n|switch|p2a: Ninetales|Ninetales-Alola, F|100\/100\n|-weather|Snow|[from] ability: Snow Warning|[of] p2a: Ninetales\n|turn|7\n|\n|t:|1701187645\n|move|p2a: Ninetales|Protect|p2a: Ninetales\n|-singleturn|p2a: Ninetales|Protect\n|move|p1b: Goodra|Heavy Slam|p2a: Ninetales\n|-activate|p2a: Ninetales|move: Protect\n|move|p1a: Cresselia|Lunar Blessing|p1a: Cresselia|[spread] p1a,p1b\n|-heal|p1a: Cresselia|100\/100\n|-heal|p1b: Goodra|44\/100\n|move|p2b: Articuno|Shadow Ball|p1a: Cresselia\n|-supereffective|p1a: Cresselia\n|-damage|p1a: Cresselia|50\/100\n|\n|-weather|Snow|[upkeep]\n|-heal|p1b: Goodra|50\/100|[from] item: Leftovers\n|-fieldend|move: Trick Room\n|upkeep\n|turn|8\n|\n|t:|1701187671\n|move|p1b: Goodra|Protect|p1b: Goodra\n|-singleturn|p1b: Goodra|Protect\n|move|p2a: Ninetales|Aurora Veil|p2a: Ninetales\n|-sidestart|p2: fumbari 24|move: Aurora Veil\n|move|p2b: Articuno|Shadow Ball|p1a: Cresselia\n|-supereffective|p1a: Cresselia\n|-damage|p1a: Cresselia|0 fnt\n|faint|p1a: Cresselia\n|\n|-weather|Snow|[upkeep]\n|-heal|p1b: Goodra|57\/100|[from] item: Leftovers\n|upkeep\n|\n|t:|1701187684\n|switch|p1a: Indeedee|Indeedee-F, F|100\/100\n|-fieldstart|move: Psychic Terrain|[from] ability: Psychic Surge|[of] p1a: Indeedee\n|-enditem|p1a: Indeedee|Psychic Seed\n|-boost|p1a: Indeedee|spd|1|[from] item: Psychic Seed\n|turn|9\n|\n|t:|1701187695\n|move|p2a: Ninetales|Blizzard|p1b: Goodra|[spread] p1a,p1b\n|-damage|p1a: Indeedee|82\/100\n|-damage|p1b: Goodra|37\/100\n|move|p1b: Goodra|Heavy Slam|p2a: Ninetales\n|-supereffective|p2a: Ninetales\n|-damage|p2a: Ninetales|39\/100\n|move|p2b: Articuno|Trick Room|p2b: Articuno\n|-fieldstart|move: Trick Room|[of] p2b: Articuno\n|move|p1a: Indeedee|Trick Room|p1a: Indeedee\n|-fieldend|move: Trick Room\n|\n|-weather|Snow|[upkeep]\n|-heal|p1b: Goodra|43\/100|[from] item: Leftovers\n|upkeep\n|turn|10\n|\n|t:|1701187710\n|move|p2a: Ninetales|Blizzard|p1b: Goodra|[spread] p1a,p1b\n|-damage|p1a: Indeedee|65\/100\n|-damage|p1b: Goodra|24\/100\n|-status|p1b: Goodra|frz\n|move|p2b: Articuno|Freezing Glare|p1a: Indeedee\n|-resisted|p1a: Indeedee\n|-damage|p1a: Indeedee|36\/100\n|-status|p1a: Indeedee|frz\n|cant|p1b: Goodra|frz\n|cant|p1a: Indeedee|frz\n|\n|-weather|Snow|[upkeep]\n|-heal|p1b: Goodra|30\/100 frz|[from] item: Leftovers\n|upkeep\n|turn|11\n|\n|t:|1701187722\n|move|p2a: Ninetales|Blizzard|p1a: Indeedee|[spread] p1a,p1b\n|-damage|p1a: Indeedee|16\/100 frz\n|-damage|p1b: Goodra|11\/100 frz\n|move|p2b: Articuno|Freezing Glare|p1a: Indeedee\n|-resisted|p1a: Indeedee\n|-damage|p1a: Indeedee|0 fnt\n|faint|p1a: Indeedee\n|cant|p1b: Goodra|frz\n|\n|-weather|none\n|-heal|p1b: Goodra|17\/100 frz|[from] item: Leftovers\n|upkeep\n|\n|t:|1701187732\n|switch|p1a: Ursaluna|Ursaluna, M|100\/100\n|turn|12\n|\n|t:|1701187739\n|move|p2a: Ninetales|Blizzard|p1b: Goodra|[spread] \n|-miss|p2a: Ninetales|p1a: Ursaluna\n|-miss|p2a: Ninetales|p1b: Goodra\n|move|p2b: Articuno|Freezing Glare|p1a: Ursaluna\n|-damage|p1a: Ursaluna|16\/100\n|cant|p1b: Goodra|frz\n|move|p1a: Ursaluna|Facade|p2b: Articuno\n|-damage|p2b: Articuno|47\/100\n|\n|-heal|p1b: Goodra|23\/100 frz|[from] item: Leftovers\n|-status|p1a: Ursaluna|brn|[from] item: Flame Orb\n|upkeep\n|turn|13\n|\n|t:|1701187754\n|move|p1a: Ursaluna|Protect|p1a: Ursaluna\n|-singleturn|p1a: Ursaluna|Protect\n|move|p2a: Ninetales|Moonblast|p1a: Ursaluna\n|-activate|p1a: Ursaluna|move: Protect\n|move|p2b: Articuno|Freezing Glare|p1b: Goodra\n|-resisted|p1b: Goodra\n|-damage|p1b: Goodra|0 fnt\n|faint|p1b: Goodra\n|\n|-damage|p1a: Ursaluna|10\/100 brn|[from] brn\n|-fieldend|move: Psychic Terrain\n|upkeep\n|\n|t:|1701187761\n|switch|p1b: Wishiwashi|Wishiwashi, F|100\/100\n|-formechange|p1b: Wishiwashi|Wishiwashi-School||[from] ability: Schooling\n|turn|14\n|\n|t:|1701187769\n|move|p2a: Ninetales|Moonblast|p1a: Ursaluna\n|-damage|p1a: Ursaluna|0 fnt\n|faint|p1a: Ursaluna\n|move|p2b: Articuno|Freezing Glare|p1b: Wishiwashi\n|-crit|p1b: Wishiwashi\n|-damage|p1b: Wishiwashi|0 fnt\n|faint|p1b: Wishiwashi\n|\n|upkeep\n|\n|t:|1701187772\n|switch|p1b: Amoonguss|Amoonguss, F|100\/100\n|turn|15\n|c|\u2606FemboyThighs22|gg\n|\n|t:|1701187779\n|-terastallize|p1b: Amoonguss|Water\n|move|p2a: Ninetales|Moonblast|p1b: Amoonguss\n|-damage|p1b: Amoonguss|75\/100\n|-unboost|p1b: Amoonguss|spa|1\n|move|p2b: Articuno|Freezing Glare|p1b: Amoonguss\n|-damage|p1b: Amoonguss|4\/100\n|-status|p1b: Amoonguss|frz\n|-enditem|p1b: Amoonguss|Sitrus Berry|[eat]\n|-heal|p1b: Amoonguss|28\/100 frz|[from] item: Sitrus Berry\n|cant|p1b: Amoonguss|frz\n|\n|-sideend|p2: fumbari 24|move: Aurora Veil\n|upkeep\n|turn|16\n|\n|t:|1701187793\n|switch|p2a: Beartic|Beartic, F, shiny|100\/100\n|move|p2b: Articuno|Freezing Glare|p1b: Amoonguss\n|-damage|p1b: Amoonguss|0 fnt\n|faint|p1b: Amoonguss\n|\n|win|fumbari 24\n|raw|FemboyThighs22's rating: 1305 &rarr; <strong>1284<\/strong><br \/>(-21 for losing)\n|raw|fumbari 24's rating: 1279 &rarr; <strong>1306<\/strong><br \/>(+27 for winning)\n|c|\u2606fumbari 24|Gg\n|c|\u2606FemboyThighs22|3 freezes kinda crazy\n","uploadtime":1701187802,"views":5,"p1id":"femboythighs22","p2id":"fumbari24","formatid":"gen9nationaldexdoubles","rating":1284,"private":0,"password":""}