{"id":"gen9nationaldexdoubles-1956881650","p1":"Play Tale of Wuxia","p2":"Camdar","format":"[Gen 9] National Dex Doubles","log":"|j|\u2606Play Tale of Wuxia\n|j|\u2606Camdar\n|t:|1696165617\n|gametype|doubles\n|player|p1|Play Tale of Wuxia|gentleman|\n|player|p2|Camdar|hilda|\n|teamsize|p1|6\n|teamsize|p2|6\n|gen|9\n|tier|[Gen 9] National Dex Doubles\n|rule|HP Percentage Mod: HP is shown in percentages\n|rule|Endless Battle Clause: Forcing endless battles is banned\n|rule|OHKO Clause: OHKO moves are banned\n|rule|Evasion Moves Clause: Evasion moves are banned\n|rule|Evasion Abilities Clause: Evasion abilities are banned\n|rule|Species Clause: Limit one of each Pok\u00e9mon\n|rule|Gravity Sleep Clause: The combination of sleep-inducing moves with imperfect accuracy and Gravity or Gigantamax Orbeetle are banned\n|clearpoke\n|poke|p1|Dragonite, F|\n|poke|p1|Tornadus, M|\n|poke|p1|Arcanine-Hisui, F|\n|poke|p1|Iron Bundle|\n|poke|p1|Primarina, F|\n|poke|p1|Iron Treads|\n|poke|p2|Quaquaval, F|\n|poke|p2|Clefable, F|\n|poke|p2|Gholdengo|\n|poke|p2|Kleavor, M|\n|poke|p2|Zapdos|\n|poke|p2|Garchomp, F|\n|teampreview\n|\n|t:|1696165621\n|start\n|switch|p1a: be nice to me|Tornadus, M|100\/100\n|switch|p1b: Iron Treads|Iron Treads|100\/100\n|switch|p2a: the fire nation|Zapdos|100\/100\n|switch|p2b: worst lord|Kleavor, M|100\/100\n|turn|1\n|j| 2wb\n|\n|t:|1696165640\n|move|p2a: the fire nation|Detect|p2a: the fire nation\n|-singleturn|p2a: the fire nation|Protect\n|move|p2b: worst lord|Stone Axe|p1a: be nice to me\n|-supereffective|p1a: be nice to me\n|-enditem|p1a: be nice to me|Focus Sash\n|-damage|p1a: be nice to me|1\/100\n|-sidestart|p1: Play Tale of Wuxia|move: Stealth Rock\n|move|p1a: be nice to me|Icy Wind|p2b: worst lord|[spread] p2b\n|-activate|p2a: the fire nation|move: Protect\n|-damage|p2b: worst lord|78\/100\n|-unboost|p2b: worst lord|spe|1\n|move|p1b: Iron Treads|Rock Slide|p2b: worst lord|[spread] p2b\n|-activate|p2a: the fire nation|move: Protect\n|-supereffective|p2b: worst lord\n|-damage|p2b: worst lord|32\/100\n|\n|upkeep\n|turn|2\n|\n|t:|1696165677\n|switch|p2b: still the best '06|Garchomp, F|100\/100\n|move|p1a: be nice to me|Tailwind|p1a: be nice to me\n|-sidestart|p1: Play Tale of Wuxia|move: Tailwind\n|move|p1b: Iron Treads|Rock Slide|p2b: still the best '06|[spread] p2a,p2b\n|-supereffective|p2a: the fire nation\n|-resisted|p2b: still the best '06\n|-damage|p2a: the fire nation|69\/100\n|-damage|p2b: still the best '06|94\/100\n|move|p2a: the fire nation|Volt Switch|p1a: be nice to me\n|-supereffective|p1a: be nice to me\n|-damage|p1a: be nice to me|0 fnt\n|faint|p1a: be nice to me\n|\n|t:|1696165688\n|switch|p2a: the threat|Quaquaval, F|100\/100|[from] Volt Switch\n|\n|upkeep\n|\n|t:|1696165699\n|switch|p1a: Hatsune Seaku|Primarina, F|100\/100\n|-damage|p1a: Hatsune Seaku|88\/100|[from] Stealth Rock\n|turn|3\n|\n|t:|1696165712\n|-terastallize|p2b: still the best '06|Steel\n|move|p1b: Iron Treads|Volt Switch|p2a: the threat\n|-supereffective|p2a: the threat\n|-damage|p2a: the threat|76\/100\n|\n|t:|1696165719\n|-end|p1b: Iron Treads|Quark Drive|[silent]\n|switch|p1b: Big D|Dragonite, F|100\/100|[from] Volt Switch\n|-damage|p1b: Big D|76\/100|[from] Stealth Rock\n|move|p1a: Hatsune Seaku|Moonblast|p2b: still the best '06\n|-resisted|p2b: still the best '06\n|-damage|p2b: still the best '06|72\/100\n|move|p2b: still the best '06|Poison Jab|p1a: Hatsune Seaku\n|-supereffective|p1a: Hatsune Seaku\n|-damage|p1a: Hatsune Seaku|28\/100\n|move|p2a: the threat|Aqua Step|p1b: Big D\n|-resisted|p1b: Big D\n|-damage|p1b: Big D|49\/100\n|-boost|p2a: the threat|spe|1\n|\n|upkeep\n|turn|4\n|\n|t:|1696165740\n|-terastallize|p1b: Big D|Normal\n|move|p1b: Big D|Extreme Speed|p2a: the threat\n|-damage|p2a: the threat|1\/100\n|move|p1a: Hatsune Seaku|Hyper Voice|p2a: the threat|[spread] p2a,p2b\n|-resisted|p2a: the threat\n|-damage|p2a: the threat|0 fnt\n|-damage|p2b: still the best '06|38\/100\n|faint|p2a: the threat\n|move|p2b: still the best '06|Rock Slide|p1b: Big D|[spread] p1a,p1b\n|-damage|p1a: Hatsune Seaku|8\/100\n|-damage|p1b: Big D|27\/100\n|\n|upkeep\n|\n|t:|1696165751\n|switch|p2a: $$$$|Gholdengo|100\/100\n|turn|5\n|\n|t:|1696165756\n|move|p1b: Big D|Extreme Speed|p2b: still the best '06\n|-resisted|p2b: still the best '06\n|-damage|p2b: still the best '06|13\/100\n|-damage|p1b: Big D|15\/100|[from] ability: Rough Skin|[of] p2b: still the best '06\n|-damage|p1b: Big D|0 fnt|[from] item: Rocky Helmet|[of] p2b: still the best '06\n|faint|p1b: Big D\n|move|p1a: Hatsune Seaku|Hyper Voice|p2a: $$$$|[spread] p2a,p2b\n|-damage|p2a: $$$$|58\/100\n|-damage|p2b: still the best '06|0 fnt\n|faint|p2b: still the best '06\n|move|p2a: $$$$|Nasty Plot|p2a: $$$$\n|-boost|p2a: $$$$|spa|2\n|\n|-sideend|p1: Play Tale of Wuxia|move: Tailwind\n|upkeep\n|\n|t:|1696165774\n|switch|p1b: Iron Treads|Iron Treads|100\/100\n|switch|p2b: blob|Clefable, F|100\/100\n|-damage|p1b: Iron Treads|97\/100|[from] Stealth Rock\n|turn|6\n|\n|t:|1696165788\n|move|p2a: $$$$|Protect|p2a: $$$$\n|-singleturn|p2a: $$$$|Protect\n|move|p1b: Iron Treads|Iron Head|p2b: blob\n|-supereffective|p2b: blob\n|-damage|p2b: blob|37\/100\n|cant|p2b: blob|flinch\n|move|p1a: Hatsune Seaku|Hyper Voice|p2b: blob|[spread] p2b\n|-activate|p2a: $$$$|move: Protect\n|-damage|p2b: blob|0 fnt\n|faint|p2b: blob\n|\n|upkeep\n|\n|t:|1696165799\n|switch|p2b: worst lord|Kleavor, M|32\/100\n|turn|7\n|\n|t:|1696165803\n|move|p2b: worst lord|Close Combat|p1b: Iron Treads\n|-supereffective|p1b: Iron Treads\n|-damage|p1b: Iron Treads|26\/100\n|-unboost|p2b: worst lord|def|1\n|-unboost|p2b: worst lord|spd|1\n|move|p1b: Iron Treads|Rock Slide|p2b: worst lord|[spread] p2a,p2b\n|-resisted|p2a: $$$$\n|-supereffective|p2b: worst lord\n|-damage|p2a: $$$$|49\/100\n|-damage|p2b: worst lord|0 fnt\n|faint|p2b: worst lord\n|move|p2a: $$$$|Make It Rain|p1a: Hatsune Seaku|[spread] p1a,p1b\n|-resisted|p1b: Iron Treads\n|-damage|p1a: Hatsune Seaku|0 fnt\n|-damage|p1b: Iron Treads|0 fnt\n|-unboost|p2a: $$$$|spa|1\n|faint|p1a: Hatsune Seaku\n|faint|p1b: Iron Treads\n|-end|p1b: Iron Treads|Quark Drive|[silent]\n|-damage|p2a: $$$$|39\/100|[from] item: Life Orb\n|\n|upkeep\n|\n|t:|1696165821\n|switch|p1b: Fluffy|Arcanine-Hisui, F|100\/100\n|switch|p2b: the fire nation|Zapdos|69\/100\n|switch|p1a: Cool Bird|Iron Bundle|100\/100\n|-damage|p1b: Fluffy|76\/100|[from] Stealth Rock\n|-damage|p1a: Cool Bird|76\/100|[from] Stealth Rock\n|-enditem|p1a: Cool Bird|Booster Energy\n|-activate|p1a: Cool Bird|ability: Quark Drive|[fromitem]\n|-start|p1a: Cool Bird|quarkdrivespe\n|turn|8\n|\n|t:|1696165834\n|move|p1a: Cool Bird|Hydro Pump|p2a: $$$$\n|-damage|p2a: $$$$|0 fnt\n|faint|p2a: $$$$\n|move|p1b: Fluffy|Head Smash|p2b: the fire nation\n|-supereffective|p2b: the fire nation\n|-damage|p2b: the fire nation|0 fnt\n|faint|p2b: the fire nation\n|\n|win|Play Tale of Wuxia\n|l|\u2606Camdar\n","uploadtime":1696165846,"views":22,"p1id":"playtaleofwuxia","p2id":"camdar","formatid":"gen9nationaldexdoubles","rating":0,"private":0,"password":""}