{"id":"gen9nationaldexdoubles-1959182051","p1":"fsaaa","p2":"Not McBruh","format":"[Gen 9] National Dex Doubles","log":"|j|\u2606fsaaa\n|j|\u2606Not McBruh\n|t:|1696396810\n|gametype|doubles\n|player|p1|fsaaa|palmer|1360\n|player|p2|Not McBruh|colress|1429\n|teamsize|p1|6\n|teamsize|p2|6\n|gen|9\n|tier|[Gen 9] National Dex Doubles\n|rated|\n|rule|HP Percentage Mod: HP is shown in percentages\n|rule|Endless Battle Clause: Forcing endless battles is banned\n|rule|OHKO Clause: OHKO moves are banned\n|rule|Evasion Moves Clause: Evasion moves are banned\n|rule|Evasion Abilities Clause: Evasion abilities are banned\n|rule|Species Clause: Limit one of each Pok\u00e9mon\n|rule|Gravity Sleep Clause: The combination of sleep-inducing moves with imperfect accuracy and Gravity or Gigantamax Orbeetle are banned\n|clearpoke\n|poke|p1|Ursaluna-Bloodmoon, M|\n|poke|p1|Clefairy, F|\n|poke|p1|Cresselia, F|\n|poke|p1|Hatterene, F|\n|poke|p1|Camerupt, F|\n|poke|p1|Gastrodon, F|\n|poke|p2|Pheromosa|\n|poke|p2|Ursaluna, F|\n|poke|p2|Ninetales-Alola, F|\n|poke|p2|Whimsicott, M|\n|poke|p2|Sableye, F|\n|poke|p2|Camerupt, F|\n|teampreview\n|inactive|Battle timer is ON: inactive players will automatically lose when time's up. (requested by fsaaa)\n|c|\u2606Not McBruh|glhf\n|\n|t:|1696396828\n|start\n|switch|p1a: Hatterene|Hatterene, F|100\/100\n|switch|p1b: Camerupt|Camerupt, F|100\/100\n|switch|p2a: Ninetales|Ninetales-Alola, F|100\/100\n|switch|p2b: Camerupt|Camerupt, F|100\/100\n|-weather|Snow|[from] ability: Snow Warning|[of] p2a: Ninetales\n|turn|1\n|\n|t:|1696396841\n|detailschange|p2b: Camerupt|Camerupt-Mega, F\n|-mega|p2b: Camerupt|Camerupt|Cameruptite\n|detailschange|p1b: Camerupt|Camerupt-Mega, F\n|-mega|p1b: Camerupt|Camerupt|Cameruptite\n|move|p1b: Camerupt|Protect|p1b: Camerupt\n|-singleturn|p1b: Camerupt|Protect\n|move|p2a: Ninetales|Aurora Veil|p2a: Ninetales\n|-sidestart|p2: Not McBruh|move: Aurora Veil\n|move|p2b: Camerupt|Earth Power|p1b: Camerupt\n|-activate|p1b: Camerupt|move: Protect\n|move|p1a: Hatterene|Trick Room|p1a: Hatterene\n|-fieldstart|move: Trick Room|[of] p1a: Hatterene\n|\n|-weather|Snow|[upkeep]\n|upkeep\n|turn|2\n|\n|t:|1696396864\n|switch|p2b: Whimsicott|Whimsicott, M|100\/100\n|move|p1b: Camerupt|Earth Power|p2b: Whimsicott\n|-resisted|p2b: Whimsicott\n|-damage|p2b: Whimsicott|60\/100\n|move|p1a: Hatterene|Psyshock|p2b: Whimsicott\n|-damage|p2b: Whimsicott|10\/100\n|move|p2a: Ninetales|Encore|p1b: Camerupt\n|-start|p1b: Camerupt|Encore\n|\n|-weather|Snow|[upkeep]\n|upkeep\n|turn|3\n|\n|t:|1696396883\n|move|p1b: Camerupt|Earth Power|p2a: Ninetales\n|-damage|p2a: Ninetales|46\/100\n|move|p1a: Hatterene|Dazzling Gleam|p2b: Whimsicott|[spread] p2a,p2b\n|-damage|p2a: Ninetales|15\/100\n|-damage|p2b: Whimsicott|0 fnt\n|faint|p2b: Whimsicott\n|move|p2a: Ninetales|Blizzard|p1a: Hatterene|[spread] p1a,p1b\n|-damage|p1a: Hatterene|66\/100\n|-damage|p1b: Camerupt|73\/100\n|-status|p1b: Camerupt|frz\n|\n|-weather|Snow|[upkeep]\n|upkeep\n|\n|t:|1696396895\n|switch|p2b: Ursaluna|Ursaluna, F|100\/100\n|turn|4\n|\n|t:|1696396920\n|cant|p1b: Camerupt|frz\n|move|p1a: Hatterene|Dazzling Gleam|p2b: Ursaluna|[spread] p2a,p2b\n|-damage|p2a: Ninetales|0 fnt\n|-damage|p2b: Ursaluna|78\/100\n|faint|p2a: Ninetales\n|move|p2b: Ursaluna|Swords Dance|p2b: Ursaluna\n|-boost|p2b: Ursaluna|atk|2\n|\n|-weather|Snow|[upkeep]\n|upkeep\n|\n|t:|1696396927\n|switch|p2a: Sableye|Sableye, F|100\/100\n|turn|5\n|\n|t:|1696396936\n|cant|p1b: Camerupt|frz\n|move|p2a: Sableye|Will-O-Wisp|p2b: Ursaluna\n|-status|p2b: Ursaluna|brn\n|move|p1a: Hatterene|Dazzling Gleam|p2b: Ursaluna|[spread] p2a,p2b\n|-supereffective|p2a: Sableye\n|-damage|p2a: Sableye|23\/100\n|-damage|p2b: Ursaluna|57\/100 brn\n|move|p2b: Ursaluna|Earthquake|p1b: Camerupt|[spread] p2a,p1a,p1b\n|-supereffective|p1b: Camerupt\n|-damage|p2a: Sableye|0 fnt\n|-damage|p1a: Hatterene|0 fnt\n|-damage|p1b: Camerupt|0 fnt\n|faint|p2a: Sableye\n|faint|p1a: Hatterene\n|faint|p1b: Camerupt\n|\n|-weather|none\n|-damage|p2b: Ursaluna|51\/100 brn|[from] brn\n|-fieldend|move: Trick Room\n|upkeep\n|\n|t:|1696396950\n|switch|p2a: DO NOT THE BUG|Pheromosa|100\/100\n|switch|p1a: Cresselia|Cresselia, F|100\/100\n|switch|p1b: Clefairy|Clefairy, F|100\/100\n|turn|6\n|\n|t:|1696396980\n|move|p1b: Clefairy|Follow Me|p1b: Clefairy\n|-singleturn|p1b: Clefairy|move: Follow Me\n|move|p2a: DO NOT THE BUG|Speed Swap|p1b: Clefairy\n|-activate|p2a: DO NOT THE BUG|move: Speed Swap|[of] p1b: Clefairy\n|move|p2b: Ursaluna|Facade|p1b: Clefairy\n|-damage|p1b: Clefairy|0 fnt\n|faint|p1b: Clefairy\n|move|p1a: Cresselia|Trick Room|p1a: Cresselia\n|-fieldstart|move: Trick Room|[of] p1a: Cresselia\n|\n|-damage|p2b: Ursaluna|44\/100 brn|[from] brn\n|upkeep\n|\n|t:|1696396990\n|switch|p1b: Ursaluna|Ursaluna-Bloodmoon, M|100\/100\n|turn|7\n|\n|t:|1696397003\n|move|p2b: Ursaluna|Protect|p2b: Ursaluna\n|-singleturn|p2b: Ursaluna|Protect\n|move|p1b: Ursaluna|Blood Moon|p2b: Ursaluna\n|-activate|p2b: Ursaluna|move: Protect\n|move|p2a: DO NOT THE BUG|Close Combat|p1b: Ursaluna\n|-supereffective|p1b: Ursaluna\n|-damage|p1b: Ursaluna|12\/100\n|-unboost|p2a: DO NOT THE BUG|def|1\n|-unboost|p2a: DO NOT THE BUG|spd|1\n|move|p1a: Cresselia|Moonblast|p2b: Ursaluna\n|-activate|p2b: Ursaluna|move: Protect\n|\n|-heal|p1b: Ursaluna|18\/100|[from] item: Leftovers\n|-damage|p2b: Ursaluna|38\/100 brn|[from] brn\n|upkeep\n|turn|8\n|\n|t:|1696397026\n|move|p1b: Ursaluna|Protect|p1b: Ursaluna\n|-singleturn|p1b: Ursaluna|Protect\n|move|p2a: DO NOT THE BUG|Close Combat|p1b: Ursaluna\n|-activate|p1b: Ursaluna|move: Protect\n|move|p2b: Ursaluna|Facade|p1a: Cresselia\n|-damage|p1a: Cresselia|0 fnt\n|faint|p1a: Cresselia\n|\n|-heal|p1b: Ursaluna|24\/100|[from] item: Leftovers\n|-damage|p2b: Ursaluna|32\/100 brn|[from] brn\n|-sideend|p2: Not McBruh|move: Aurora Veil\n|upkeep\n|\n|t:|1696397039\n|switch|p1a: Gastrodon|Gastrodon, F|100\/100\n|turn|9\n|inactive|fsaaa has 120 seconds left.\n|\n|t:|1696397073\n|move|p2b: Ursaluna|Protect|p2b: Ursaluna\n|-singleturn|p2b: Ursaluna|Protect\n|move|p1a: Gastrodon|Earth Power|p2b: Ursaluna\n|-activate|p2b: Ursaluna|move: Protect\n|move|p1b: Ursaluna|Blood Moon|p2a: DO NOT THE BUG\n|-enditem|p2a: DO NOT THE BUG|Focus Sash\n|-damage|p2a: DO NOT THE BUG|1\/100\n|move|p2a: DO NOT THE BUG|Close Combat|p1b: Ursaluna\n|-supereffective|p1b: Ursaluna\n|-damage|p1b: Ursaluna|0 fnt\n|-unboost|p2a: DO NOT THE BUG|def|1\n|-unboost|p2a: DO NOT THE BUG|spd|1\n|faint|p1b: Ursaluna\n|-ability|p2a: DO NOT THE BUG|Beast Boost|boost\n|-boost|p2a: DO NOT THE BUG|atk|1\n|\n|-damage|p2b: Ursaluna|26\/100 brn|[from] brn\n|upkeep\n|turn|10\n|\n|t:|1696397094\n|-terastallize|p1a: Gastrodon|Poison\n|move|p1a: Gastrodon|Earth Power|p2b: Ursaluna\n|-damage|p2b: Ursaluna|0 fnt\n|faint|p2b: Ursaluna\n|move|p2a: DO NOT THE BUG|Close Combat|p1a: Gastrodon\n|-resisted|p1a: Gastrodon\n|-damage|p1a: Gastrodon|53\/100\n|-unboost|p2a: DO NOT THE BUG|def|1\n|-unboost|p2a: DO NOT THE BUG|spd|1\n|\n|-fieldend|move: Trick Room\n|upkeep\n|\n|t:|1696397098\n|switch|p2b: Camerupt|Camerupt-Mega, F|100\/100\n|turn|11\n|\n|t:|1696397105\n|move|p2a: DO NOT THE BUG|Close Combat|p1a: Gastrodon\n|-resisted|p1a: Gastrodon\n|-damage|p1a: Gastrodon|4\/100\n|-unboost|p2a: DO NOT THE BUG|def|1\n|-unboost|p2a: DO NOT THE BUG|spd|1\n|-enditem|p1a: Gastrodon|Sitrus Berry|[eat]\n|-heal|p1a: Gastrodon|28\/100|[from] item: Sitrus Berry\n|move|p2b: Camerupt|Earth Power|p1a: Gastrodon\n|-supereffective|p1a: Gastrodon\n|-damage|p1a: Gastrodon|0 fnt\n|faint|p1a: Gastrodon\n|\n|win|Not McBruh\n|raw|fsaaa's rating: 1360 &rarr; <strong>1344<\/strong><br \/>(-16 for losing)\n|raw|Not McBruh's rating: 1429 &rarr; <strong>1445<\/strong><br \/>(+16 for winning)\n|l|\u2606fsaaa\n","uploadtime":1696397119,"views":11,"p1id":"fsaaa","p2id":"notmcbruh","formatid":"gen9nationaldexdoubles","rating":1344,"private":0,"password":""}