{"id":"gen9nationaldexdoubles-1990767405","p1":"GABRIELRCS48","p2":"NPC At Home","format":"[Gen 9] National Dex Doubles","log":"|j|\u2606GABRIELRCS48\n|j|\u2606NPC At Home\n|t:|1699998904\n|gametype|doubles\n|player|p1|GABRIELRCS48|hugh|1120\n|player|p2|NPC At Home|piers|1386\n|teamsize|p1|6\n|teamsize|p2|6\n|gen|9\n|tier|[Gen 9] National Dex Doubles\n|rated|\n|rule|HP Percentage Mod: HP is shown in percentages\n|rule|Endless Battle Clause: Forcing endless battles is banned\n|rule|OHKO Clause: OHKO moves are banned\n|rule|Evasion Moves Clause: Evasion moves are banned\n|rule|Evasion Abilities Clause: Evasion abilities are banned\n|rule|Species Clause: Limit one of each Pok\u00e9mon\n|rule|Gravity Sleep Clause: The combination of sleep-inducing moves with imperfect accuracy and Gravity or Gigantamax Orbeetle are banned\n|clearpoke\n|poke|p1|Darmanitan-Galar, M|\n|poke|p1|Weavile, F|\n|poke|p1|Blastoise, F|\n|poke|p1|Indeedee-F, F|\n|poke|p1|Goodra-Hisui, M|\n|poke|p1|Archeops, F|\n|poke|p2|Tapu Lele|\n|poke|p2|Alakazam, F|\n|poke|p2|Naganadel|\n|poke|p2|Necrozma|\n|poke|p2|Zamazenta-*|\n|poke|p2|Victini|\n|teampreview\n|inactive|Battle timer is ON: inactive players will automatically lose when time's up. (requested by NPC At Home)\n|\n|t:|1699998923\n|start\n|switch|p1a: Darmanitan|Darmanitan-Galar, M|100\/100\n|switch|p1b: Weavile|Weavile, F|100\/100\n|switch|p2a: Tapu Lele|Tapu Lele|100\/100\n|switch|p2b: Zamazenta|Zamazenta, shiny|100\/100\n|-ability|p2b: Zamazenta|Dauntless Shield|boost\n|-boost|p2b: Zamazenta|def|1\n|-ability|p1b: Weavile|Pressure\n|-fieldstart|move: Psychic Terrain|[from] ability: Psychic Surge|[of] p2a: Tapu Lele\n|turn|1\n|\n|t:|1699998940\n|-terastallize|p1b: Weavile|Dark\n|move|p2a: Tapu Lele|Protect|p2a: Tapu Lele\n|-singleturn|p2a: Tapu Lele|Protect\n|move|p1a: Darmanitan|U-turn|p2b: Zamazenta\n|-resisted|p2b: Zamazenta\n|-damage|p2b: Zamazenta|91\/100\n|\n|t:|1699998945\n|switch|p1a: Archeops|Archeops, F|100\/100|[from] U-turn\n|move|p2b: Zamazenta|Body Press|p1b: Weavile\n|-supereffective|p1b: Weavile\n|-damage|p1b: Weavile|0 fnt\n|faint|p1b: Weavile\n|\n|upkeep\n|\n|t:|1699998955\n|switch|p1b: Darmanitan|Darmanitan-Galar, M|100\/100\n|turn|2\n|\n|t:|1699998974\n|move|p1b: Darmanitan|Earthquake|p2b: Zamazenta|[spread] p2a,p2b\n|-immune|p1a: Archeops\n|-damage|p2a: Tapu Lele|53\/100\n|-damage|p2b: Zamazenta|70\/100\n|-enditem|p2a: Tapu Lele|Eject Button\n|\n|t:|1699998980\n|switch|p2a: Necrozma|Necrozma|100\/100\n|move|p2b: Zamazenta|Body Press|p1b: Darmanitan\n|-supereffective|p1b: Darmanitan\n|-damage|p1b: Darmanitan|0 fnt\n|faint|p1b: Darmanitan\n|move|p1a: Archeops|Knock Off|p2a: Necrozma\n|-supereffective|p2a: Necrozma\n|-damage|p2a: Necrozma|50\/100\n|-enditem|p2a: Necrozma|Power Herb|[from] move: Knock Off|[of] p1a: Archeops\n|\n|upkeep\n|\n|t:|1699998995\n|switch|p1b: Goodra|Goodra-Hisui, M|100\/100\n|turn|3\n|\n|t:|1699999003\n|move|p2b: Zamazenta|Body Press|p1b: Goodra\n|-supereffective|p1b: Goodra\n|-damage|p1b: Goodra|11\/100\n|move|p1a: Archeops|Rock Slide|p2b: Zamazenta|[spread] p2a,p2b\n|-resisted|p2b: Zamazenta\n|-damage|p2a: Necrozma|20\/100\n|-damage|p2b: Zamazenta|62\/100\n|move|p2a: Necrozma|Meteor Beam||[still]\n|-prepare|p2a: Necrozma|Meteor Beam\n|-boost|p2a: Necrozma|spa|1\n|move|p1b: Goodra|Dragon Pulse|p2a: Necrozma\n|-damage|p2a: Necrozma|0 fnt\n|faint|p2a: Necrozma\n|\n|upkeep\n|inactive|NPC At Home has 120 seconds left.\n|\n|t:|1699999034\n|switch|p2a: Alakazam|Alakazam, F|100\/100\n|turn|4\n|\n|t:|1699999048\n|detailschange|p2a: Alakazam|Alakazam-Mega, F\n|-mega|p2a: Alakazam|Alakazam|Alakazite\n|-ability|p2a: Alakazam|Sap Sipper|[from] ability: Trace|[of] p1b: Goodra\n|move|p2a: Alakazam|Expanding Force|p1b: Goodra|[spread] p1a,p1b\n|-resisted|p1b: Goodra\n|-damage|p1a: Archeops|0 fnt\n|-damage|p1b: Goodra|0 fnt\n|faint|p1a: Archeops\n|faint|p1b: Goodra\n|move|p2b: Zamazenta|Coaching|p2a: Alakazam\n|-boost|p2a: Alakazam|atk|1\n|-boost|p2a: Alakazam|def|1\n|\n|upkeep\n|\n|t:|1699999062\n|switch|p1a: Indeedee|Indeedee-F, F|100\/100\n|switch|p1b: Blastoise|Blastoise, F|100\/100\n|turn|5\n|\n|t:|1699999077\n|detailschange|p1b: Blastoise|Blastoise-Mega, F\n|-mega|p1b: Blastoise|Blastoise|Blastoisinite\n|move|p1a: Indeedee|Follow Me|p1a: Indeedee\n|-singleturn|p1a: Indeedee|move: Follow Me\n|move|p2a: Alakazam|Nasty Plot|p2a: Alakazam\n|-boost|p2a: Alakazam|spa|2\n|move|p2b: Zamazenta|Body Press|p1a: Indeedee\n|-damage|p1a: Indeedee|18\/100\n|move|p1b: Blastoise|Shell Smash|p1b: Blastoise\n|-unboost|p1b: Blastoise|def|1\n|-unboost|p1b: Blastoise|spd|1\n|-boost|p1b: Blastoise|atk|2\n|-boost|p1b: Blastoise|spa|2\n|-boost|p1b: Blastoise|spe|2\n|\n|-heal|p1a: Indeedee|24\/100|[from] item: Leftovers\n|-fieldend|move: Psychic Terrain\n|upkeep\n|turn|6\n|\n|t:|1699999100\n|switch|p2b: Tapu Lele|Tapu Lele|53\/100\n|-fieldstart|move: Psychic Terrain|[from] ability: Psychic Surge|[of] p2b: Tapu Lele\n|move|p1a: Indeedee|Helping Hand|p1b: Blastoise\n|-singleturn|p1b: Blastoise|Helping Hand|[of] p1a: Indeedee\n|move|p1b: Blastoise|Water Spout|p2a: Alakazam|[spread] p2a,p2b\n|-damage|p2a: Alakazam|0 fnt\n|-damage|p2b: Tapu Lele|0 fnt\n|faint|p2a: Alakazam\n|faint|p2b: Tapu Lele\n|\n|-heal|p1a: Indeedee|30\/100|[from] item: Leftovers\n|upkeep\n|\n|t:|1699999114\n|switch|p2a: Victini|Victini|100\/100\n|switch|p2b: Zamazenta|Zamazenta, shiny|62\/100\n|turn|7\n|\n|t:|1699999124\n|move|p1a: Indeedee|Helping Hand|p1b: Blastoise\n|-singleturn|p1b: Blastoise|Helping Hand|[of] p1a: Indeedee\n|move|p2b: Zamazenta|Wide Guard|p2b: Zamazenta\n|-singleturn|p2b: Zamazenta|Wide Guard\n|move|p1b: Blastoise|Water Spout|p2a: Victini|[spread] \n|-activate|p2a: Victini|move: Wide Guard\n|-activate|p2b: Zamazenta|move: Wide Guard\n|-zpower|p2a: Victini\n|move|p2a: Victini|Z-Celebrate|p2a: Victini|[anim]Celebrate\n|-boost|p2a: Victini|atk|1|[zeffect]\n|-boost|p2a: Victini|def|1|[zeffect]\n|-boost|p2a: Victini|spa|1|[zeffect]\n|-boost|p2a: Victini|spd|1|[zeffect]\n|-boost|p2a: Victini|spe|1|[zeffect]\n|-activate|p2a: Victini|move: Celebrate\n|\n|-heal|p1a: Indeedee|36\/100|[from] item: Leftovers\n|upkeep\n|turn|8\n|\n|t:|1699999137\n|move|p2b: Zamazenta|Wide Guard|p2b: Zamazenta\n|-singleturn|p2b: Zamazenta|Wide Guard\n|move|p1a: Indeedee|Follow Me|p1a: Indeedee\n|-singleturn|p1a: Indeedee|move: Follow Me\n|move|p1b: Blastoise|Dragon Pulse|p2a: Victini\n|-damage|p2a: Victini|36\/100\n|move|p2a: Victini|Stored Power|p1a: Indeedee\n|-resisted|p1a: Indeedee\n|-damage|p1a: Indeedee|0 fnt\n|faint|p1a: Indeedee\n|\n|upkeep\n|turn|9\n|\n|t:|1699999150\n|move|p2b: Zamazenta|Wide Guard|p2b: Zamazenta\n|-singleturn|p2b: Zamazenta|Wide Guard\n|move|p1b: Blastoise|Water Spout|p2a: Victini|[spread] \n|-activate|p2a: Victini|move: Wide Guard\n|-activate|p2b: Zamazenta|move: Wide Guard\n|move|p2a: Victini|Stored Power|p1b: Blastoise\n|-damage|p1b: Blastoise|0 fnt\n|faint|p1b: Blastoise\n|\n|win|NPC At Home\n|raw|GABRIELRCS48's rating: 1120 &rarr; <strong>1111<\/strong><br \/>(-9 for losing)\n|raw|NPC At Home's rating: 1386 &rarr; <strong>1393<\/strong><br \/>(+7 for winning)\n|l|\u2606GABRIELRCS48\n","uploadtime":1699999334,"views":5,"p1id":"gabrielrcs48","p2id":"npcathome","formatid":"gen9nationaldexdoubles","rating":1111,"private":0,"password":""}