{"id":"gen9nationaldexdoubles-1962513001","p1":"fifier","p2":"Kaxxxx","format":"[Gen 9] National Dex Doubles","log":"|j|\u2606fifier\n|j|\u2606Kaxxxx\n|t:|1696760328\n|gametype|doubles\n|player|p1|fifier|266|\n|player|p2|Kaxxxx|steven|\n|teamsize|p1|6\n|teamsize|p2|6\n|gen|9\n|tier|[Gen 9] National Dex Doubles\n|rule|HP Percentage Mod: HP is shown in percentages\n|rule|Endless Battle Clause: Forcing endless battles is banned\n|rule|OHKO Clause: OHKO moves are banned\n|rule|Evasion Moves Clause: Evasion moves are banned\n|rule|Evasion Abilities Clause: Evasion abilities are banned\n|rule|Species Clause: Limit one of each Pok\u00e9mon\n|rule|Gravity Sleep Clause: The combination of sleep-inducing moves with imperfect accuracy and Gravity or Gigantamax Orbeetle are banned\n|clearpoke\n|poke|p1|Chien-Pao|\n|poke|p1|Iron Bundle|\n|poke|p1|Ninetales-Alola, M|\n|poke|p1|Baxcalibur, M|\n|poke|p1|Mamoswine, F|\n|poke|p1|Abomasnow, M|\n|poke|p2|Glimmora, F|\n|poke|p2|Toxapex, M|\n|poke|p2|Iron Moth|\n|poke|p2|Weezing-Galar, M|\n|poke|p2|Overqwil, F|\n|poke|p2|Venusaur, F|\n|teampreview\n|j| El_Gran_Wigglytuff\n|\n|t:|1696760347\n|start\n|switch|p1a: Iron Bundle|Iron Bundle|100\/100\n|switch|p1b: Ninetales|Ninetales-Alola, M, shiny|100\/100\n|switch|p2a: Weezing|Weezing-Galar, M|100\/100\n|switch|p2b: Toxapex|Toxapex, M|100\/100\n|-ability|p2a: Weezing|Neutralizing Gas\n|-enditem|p1a: Iron Bundle|Booster Energy\n|-activate|p1a: Iron Bundle|ability: Quark Drive|[fromitem]\n|-start|p1a: Iron Bundle|quarkdrivespe\n|turn|1\n|\n|t:|1696760357\n|switch|p1b: Baxcalibur|Baxcalibur, M|100\/100\n|move|p1a: Iron Bundle|Protect|p1a: Iron Bundle\n|-singleturn|p1a: Iron Bundle|Protect\n|move|p2a: Weezing|Heat Wave|p1b: Baxcalibur|[spread] p1b\n|-activate|p1a: Iron Bundle|move: Protect\n|-damage|p1b: Baxcalibur|88\/100\n|move|p2b: Toxapex|Scald|p1a: Iron Bundle\n|-activate|p1a: Iron Bundle|move: Protect\n|\n|upkeep\n|turn|2\n|c| El_Gran_Wigglytuff|Tongo de torneo\n|\n|t:|1696760370\n|move|p1a: Iron Bundle|Icy Wind|p2b: Toxapex|[spread] p2a,p2b\n|-resisted|p2b: Toxapex\n|-damage|p2a: Weezing|80\/100\n|-damage|p2b: Toxapex|94\/100\n|-unboost|p2a: Weezing|spe|1\n|-unboost|p2b: Toxapex|spe|1\n|move|p1b: Baxcalibur|Dragon Dance|p1b: Baxcalibur\n|-boost|p1b: Baxcalibur|atk|1\n|-boost|p1b: Baxcalibur|spe|1\n|move|p2a: Weezing|Will-O-Wisp|p1b: Baxcalibur\n|-status|p1b: Baxcalibur|brn\n|move|p2b: Toxapex|Scald|p1b: Baxcalibur\n|-resisted|p1b: Baxcalibur\n|-damage|p1b: Baxcalibur|82\/100 brn\n|\n|-heal|p2a: Weezing|86\/100|[from] item: Black Sludge\n|-heal|p2b: Toxapex|99\/100|[from] item: Black Sludge\n|-damage|p1b: Baxcalibur|76\/100 brn|[from] brn\n|upkeep\n|turn|3\n|c|\u2606fifier|quieres fallar tito\n|c| El_Gran_Wigglytuff|Y yo sigo sin saber, si me toc\u00f3 Planta, porque tengo Lucha\n|\n|t:|1696760387\n|-end|p2a: Weezing|ability: Neutralizing Gas\n|switch|p2a: Overqwil|Overqwil, F|100\/100\n|-activate|p1b: Baxcalibur|ability: Thermal Exchange\n|-curestatus|p1b: Baxcalibur|brn|[msg]\n|-ability|p2a: Overqwil|Intimidate|boost\n|-unboost|p1a: Iron Bundle|atk|1\n|-unboost|p1b: Baxcalibur|atk|1\n|move|p1a: Iron Bundle|Hydro Pump|p2a: Overqwil\n|-damage|p2a: Overqwil|10\/100\n|move|p1b: Baxcalibur|Dragon Dance|p1b: Baxcalibur\n|-boost|p1b: Baxcalibur|atk|1\n|-boost|p1b: Baxcalibur|spe|1\n|move|p2b: Toxapex|Knock Off|p1b: Baxcalibur\n|-damage|p1b: Baxcalibur|63\/100\n|-enditem|p1b: Baxcalibur|Safety Goggles|[from] move: Knock Off|[of] p2b: Toxapex\n|\n|-heal|p2b: Toxapex|100\/100|[from] item: Black Sludge\n|upkeep\n|turn|4\n|c|\u2606fifier|god\n|c|\u2606Kaxxxx|?????\n|c|\u2606Kaxxxx|Se le cura la quemadura?\n|c|\u2606fifier|si\n|c|\u2606Kaxxxx|Vaya mierda.\n|\n|t:|1696760428\n|move|p1a: Iron Bundle|Icy Wind|p2b: Toxapex|[spread] p2a,p2b\n|-resisted|p2b: Toxapex\n|-damage|p2a: Overqwil|0 fnt\n|-damage|p2b: Toxapex|92\/100\n|-unboost|p2b: Toxapex|spe|1\n|faint|p2a: Overqwil\n|move|p1b: Baxcalibur|High Horsepower|p2b: Toxapex\n|-supereffective|p2b: Toxapex\n|-damage|p2b: Toxapex|12\/100\n|move|p2b: Toxapex|Scald|p1b: Baxcalibur\n|-resisted|p1b: Baxcalibur\n|-damage|p1b: Baxcalibur|56\/100\n|\n|-heal|p2b: Toxapex|18\/100|[from] item: Black Sludge\n|upkeep\n|\n|t:|1696760441\n|switch|p2a: Glimmora|Glimmora, F|100\/100\n|turn|5\n|j| XMarcosPr710\n|c| XMarcosPr710|Que cosa\n|\n|t:|1696760461\n|move|p2b: Toxapex|Baneful Bunker|p2b: Toxapex\n|-singleturn|p2b: Toxapex|move: Protect\n|move|p1a: Iron Bundle|Icy Wind|p2a: Glimmora|[spread] p2a\n|-activate|p2b: Toxapex|move: Protect\n|-damage|p2a: Glimmora|71\/100\n|-unboost|p2a: Glimmora|spe|1\n|move|p1b: Baxcalibur|High Horsepower|p2a: Glimmora\n|-supereffective|p2a: Glimmora\n|-damage|p2a: Glimmora|0 fnt\n|-activate|p2a: Glimmora|ability: Toxic Debris\n|-sidestart|p1: fifier|move: Toxic Spikes\n|faint|p2a: Glimmora\n|\n|-heal|p2b: Toxapex|24\/100|[from] item: Black Sludge\n|upkeep\n|c| El_Gran_Wigglytuff|Es que la habilidad de Baxcalibur le evita ser quemado\n|\n|t:|1696760475\n|switch|p2a: Weezing|Weezing-Galar, M|86\/100\n|-ability|p2a: Weezing|Neutralizing Gas\n|turn|6\n|\n|t:|1696760483\n|move|p1a: Iron Bundle|Hydro Pump|p2b: Toxapex|[miss]\n|-miss|p1a: Iron Bundle|p2b: Toxapex\n|move|p1b: Baxcalibur|High Horsepower|p2a: Weezing\n|-supereffective|p2a: Weezing\n|-damage|p2a: Weezing|0 fnt\n|faint|p2a: Weezing\n|-end|p2a: Weezing|ability: Neutralizing Gas\n|move|p2b: Toxapex|Recover|p2b: Toxapex\n|-heal|p2b: Toxapex|74\/100\n|\n|-heal|p2b: Toxapex|80\/100|[from] item: Black Sludge\n|upkeep\n|c| XMarcosPr710|Pero le tiro WoW con el Neutralizing Gas?\n|\n|t:|1696760490\n|switch|p2a: Venusaur|Venusaur, F|100\/100\n|turn|7\n|c|\u2606fifier|si\n|\n|t:|1696760500\n|detailschange|p2a: Venusaur|Venusaur-Mega, F\n|-mega|p2a: Venusaur|Venusaur|Venusaurite\n|move|p2b: Toxapex|Baneful Bunker|p2b: Toxapex\n|-singleturn|p2b: Toxapex|move: Protect\n|move|p1a: Iron Bundle|Icy Wind|p2b: Toxapex|[spread] p2a\n|-activate|p2b: Toxapex|move: Protect\n|-supereffective|p2a: Venusaur\n|-damage|p2a: Venusaur|87\/100\n|-unboost|p2a: Venusaur|spe|1\n|move|p1b: Baxcalibur|Icicle Crash|p2a: Venusaur\n|-supereffective|p2a: Venusaur\n|-damage|p2a: Venusaur|39\/100\n|move|p2a: Venusaur|Earth Power|p1b: Baxcalibur\n|-damage|p1b: Baxcalibur|36\/100\n|\n|-heal|p2b: Toxapex|87\/100|[from] item: Black Sludge\n|upkeep\n|turn|8\n|c| XMarcosPr710|Y luego se cur\u00f3?\n|c| XMarcosPr710|Tongo\n|c|\u2606Kaxxxx|Que asco\n|c| El_Gran_Wigglytuff|Se cur\u00f3 cuando lo quit\u00f3 a Weezing\n|\n|t:|1696760519\n|move|p2a: Venusaur|Protect|p2a: Venusaur\n|-singleturn|p2a: Venusaur|Protect\n|move|p1a: Iron Bundle|Icy Wind|p2a: Venusaur|[spread] p2b\n|-activate|p2a: Venusaur|move: Protect\n|-resisted|p2b: Toxapex\n|-crit|p2b: Toxapex\n|-damage|p2b: Toxapex|75\/100\n|-unboost|p2b: Toxapex|spe|1\n|move|p1b: Baxcalibur|Icicle Crash|p2a: Venusaur\n|-activate|p2a: Venusaur|move: Protect\n|move|p2b: Toxapex|Scald|p1b: Baxcalibur\n|-resisted|p1b: Baxcalibur\n|-damage|p1b: Baxcalibur|30\/100\n|\n|-heal|p2b: Toxapex|81\/100|[from] item: Black Sludge\n|upkeep\n|turn|9\n|\n|t:|1696760531\n|move|p1a: Iron Bundle|Icy Wind|p2b: Toxapex|[spread] p2a,p2b\n|-supereffective|p2a: Venusaur\n|-resisted|p2b: Toxapex\n|-damage|p2a: Venusaur|24\/100\n|-damage|p2b: Toxapex|74\/100\n|-unboost|p2a: Venusaur|spe|1\n|-unboost|p2b: Toxapex|spe|1\n|move|p1b: Baxcalibur|Icicle Crash|p2a: Venusaur\n|-supereffective|p2a: Venusaur\n|-damage|p2a: Venusaur|0 fnt\n|faint|p2a: Venusaur\n|move|p2b: Toxapex|Scald|p1b: Baxcalibur\n|-resisted|p1b: Baxcalibur\n|-damage|p1b: Baxcalibur|23\/100\n|\n|-heal|p2b: Toxapex|80\/100|[from] item: Black Sludge\n|upkeep\n|c|\u2606Kaxxxx|Torneo ama\u00f1ado\n|c| XMarcosPr710|La 1\u00ba mecanica que se curra pokemon B)\n|\n|t:|1696760542\n|switch|p2a: Iron Moth|Iron Moth|100\/100\n|turn|10\n|c| El_Gran_Wigglytuff|Torneo ama\u00f1ado\n|\n|t:|1696760553\n|-terastallize|p1b: Baxcalibur|Ground\n|move|p1a: Iron Bundle|Hydro Pump|p2a: Iron Moth\n|-supereffective|p2a: Iron Moth\n|-damage|p2a: Iron Moth|0 fnt\n|faint|p2a: Iron Moth\n|-end|p2a: Iron Moth|Quark Drive|[silent]\n|move|p1b: Baxcalibur|High Horsepower|p2b: Toxapex\n|-supereffective|p2b: Toxapex\n|-damage|p2b: Toxapex|0 fnt\n|faint|p2b: Toxapex\n|\n|win|fifier\n|c| XMarcosPr710|El torneo lo debia de ganar pochama\n|c| XMarcosPr710|B)\n|c|\u2606Kaxxxx|Bruhhh\n","uploadtime":1696760563,"views":14,"p1id":"fifier","p2id":"kaxxxx","formatid":"gen9nationaldexdoubles","rating":0,"private":0,"password":""}