{"id":"gen9nationaldexdoubles-1947591909","p1":"ewbrammer91","p2":"El Ryuk456","format":"[Gen 9] National Dex Doubles","log":"|j|\u2606ewbrammer91\n|j|\u2606El Ryuk456\n|t:|1695175727\n|gametype|doubles\n|player|p1|ewbrammer91|brock|1168\n|player|p2|El Ryuk456|blaine|1300\n|teamsize|p1|6\n|teamsize|p2|6\n|gen|9\n|tier|[Gen 9] National Dex Doubles\n|rated|\n|rule|HP Percentage Mod: HP is shown in percentages\n|rule|Endless Battle Clause: Forcing endless battles is banned\n|rule|OHKO Clause: OHKO moves are banned\n|rule|Evasion Moves Clause: Evasion moves are banned\n|rule|Evasion Abilities Clause: Evasion abilities are banned\n|rule|Species Clause: Limit one of each Pok\u00e9mon\n|rule|Gravity Sleep Clause: The combination of sleep-inducing moves with imperfect accuracy and Gravity or Gigantamax Orbeetle are banned\n|clearpoke\n|poke|p1|Tyranitar, F|\n|poke|p1|Glimmora, M|\n|poke|p1|Kleavor, F|\n|poke|p1|Lycanroc-Dusk, M|\n|poke|p1|Arcanine-Hisui, M|\n|poke|p1|Tyrantrum, M|\n|poke|p2|Blastoise, M|\n|poke|p2|Sableye, M|\n|poke|p2|Corviknight, M|\n|poke|p2|Gardevoir, F|\n|poke|p2|Skeledirge, M|\n|poke|p2|Meowscarada, M|\n|teampreview\n|inactive|Battle timer is ON: inactive players will automatically lose when time's up. (requested by ewbrammer91)\n|\n|t:|1695175736\n|start\n|switch|p1a: Tyranitar|Tyranitar, F|100\/100\n|switch|p1b: Kleavor|Kleavor, F|100\/100\n|switch|p2a: Harbor|Blastoise, M|100\/100\n|switch|p2b: Yami|Sableye, M|100\/100\n|-weather|Sandstorm|[from] ability: Sand Stream|[of] p1a: Tyranitar\n|turn|1\n|\n|t:|1695175752\n|detailschange|p2a: Harbor|Blastoise-Mega, M\n|-mega|p2a: Harbor|Blastoise|Blastoisinite\n|move|p2b: Yami|Fake Out|p1a: Tyranitar\n|-resisted|p1a: Tyranitar\n|-damage|p1a: Tyranitar|98\/100\n|cant|p1a: Tyranitar|flinch\n|move|p1b: Kleavor|Stone Axe|p2b: Yami\n|-damage|p2b: Yami|24\/100\n|-sidestart|p2: El Ryuk456|move: Stealth Rock\n|move|p2a: Harbor|Shell Smash|p2a: Harbor\n|-unboost|p2a: Harbor|def|1\n|-unboost|p2a: Harbor|spd|1\n|-boost|p2a: Harbor|atk|2\n|-boost|p2a: Harbor|spa|2\n|-boost|p2a: Harbor|spe|2\n|\n|-weather|Sandstorm|[upkeep]\n|-damage|p2a: Harbor|94\/100|[from] Sandstorm\n|-damage|p2b: Yami|17\/100|[from] Sandstorm\n|-heal|p2b: Yami|24\/100|[from] item: Leftovers\n|upkeep\n|turn|2\n|\n|t:|1695175775\n|move|p2b: Yami|Will-O-Wisp|p1b: Kleavor\n|-status|p1b: Kleavor|brn\n|move|p2a: Harbor|Water Spout|p1a: Tyranitar|[spread] p1a,p1b\n|-supereffective|p1a: Tyranitar\n|-supereffective|p1b: Kleavor\n|-damage|p1a: Tyranitar|0 fnt\n|-enditem|p1b: Kleavor|Focus Sash\n|-damage|p1b: Kleavor|1\/100 brn\n|faint|p1a: Tyranitar\n|move|p1b: Kleavor|Stone Axe|p2b: Yami\n|-damage|p2b: Yami|0 fnt\n|faint|p2b: Yami\n|\n|-weather|Sandstorm|[upkeep]\n|-damage|p2a: Harbor|88\/100|[from] Sandstorm\n|-damage|p1b: Kleavor|0 fnt|[from] brn\n|faint|p1b: Kleavor\n|upkeep\n|\n|t:|1695175796\n|switch|p1b: Tyrantrum|Tyrantrum, M|100\/100\n|switch|p1a: Glimmora|Glimmora, M|100\/100\n|switch|p2b: A.Banderas|Meowscarada, M|100\/100\n|-damage|p2b: A.Banderas|88\/100|[from] Stealth Rock\n|turn|3\n|\n|t:|1695175813\n|move|p2a: Harbor|Water Spout|p1a: Glimmora|[spread] p1a,p1b\n|-supereffective|p1a: Glimmora\n|-damage|p1a: Glimmora|0 fnt\n|-damage|p1b: Tyrantrum|33\/100\n|faint|p1a: Glimmora\n|move|p2b: A.Banderas|Flower Trick|p1b: Tyrantrum\n|-start|p2b: A.Banderas|typechange|Grass|[from] ability: Protean\n|-crit|p1b: Tyrantrum\n|-damage|p1b: Tyrantrum|0 fnt\n|faint|p1b: Tyrantrum\n|\n|-weather|Sandstorm|[upkeep]\n|-damage|p2a: Harbor|82\/100|[from] Sandstorm\n|-damage|p2b: A.Banderas|82\/100|[from] Sandstorm\n|upkeep\n|\n|t:|1695175831\n|switch|p1a: Lycanroc|Lycanroc-Dusk, M|100\/100\n|switch|p1b: Arcanine|Arcanine-Hisui, M|100\/100\n|turn|4\n|\n|t:|1695175840\n|-terastallize|p2b: A.Banderas|Grass\n|move|p2a: Harbor|Protect|p2a: Harbor\n|-singleturn|p2a: Harbor|Protect\n|move|p1b: Arcanine|Extreme Speed|p2a: Harbor\n|-activate|p2a: Harbor|move: Protect\n|move|p1a: Lycanroc|Accelerock|p2a: Harbor\n|-activate|p2a: Harbor|move: Protect\n|move|p2b: A.Banderas|Flower Trick|p1a: Lycanroc\n|-supereffective|p1a: Lycanroc\n|-crit|p1a: Lycanroc\n|-damage|p1a: Lycanroc|0 fnt\n|faint|p1a: Lycanroc\n|\n|-weather|Sandstorm|[upkeep]\n|-damage|p2a: Harbor|76\/100|[from] Sandstorm\n|-damage|p2b: A.Banderas|76\/100|[from] Sandstorm\n|upkeep\n|turn|5\n|c|\u2606ewbrammer91|Good one\n|\n|t:|1695175860\n|move|p1b: Arcanine|Extreme Speed|p2a: Harbor\n|-damage|p2a: Harbor|33\/100\n|-damage|p1b: Arcanine|91\/100|[from] item: Life Orb\n|move|p2a: Harbor|Aura Sphere|p1b: Arcanine\n|-supereffective|p1b: Arcanine\n|-damage|p1b: Arcanine|0 fnt\n|faint|p1b: Arcanine\n|\n|win|El Ryuk456\n|raw|ewbrammer91's rating: 1168 &rarr; <strong>1152<\/strong><br \/>(-16 for losing)\n|raw|El Ryuk456's rating: 1300 &rarr; <strong>1316<\/strong><br \/>(+16 for winning)\n","uploadtime":1695175869,"views":7,"p1id":"ewbrammer91","p2id":"elryuk456","formatid":"gen9nationaldexdoubles","rating":1152,"private":0,"password":""}