{"id":"gen9nationaldexdoubles-1967493891","p1":"eeveebeast","p2":"sfgfadvs","format":"[Gen 9] National Dex Doubles","log":"|j|\u2606eeveebeast\n|j|\u2606sfgfadvs\n|t:|1697307167\n|gametype|doubles\n|player|p1|eeveebeast|170|1000\n|player|p2|sfgfadvs|roark|1000\n|teamsize|p1|6\n|teamsize|p2|6\n|gen|9\n|tier|[Gen 9] National Dex Doubles\n|rated|\n|rule|HP Percentage Mod: HP is shown in percentages\n|rule|Endless Battle Clause: Forcing endless battles is banned\n|rule|OHKO Clause: OHKO moves are banned\n|rule|Evasion Moves Clause: Evasion moves are banned\n|rule|Evasion Abilities Clause: Evasion abilities are banned\n|rule|Species Clause: Limit one of each Pok\u00e9mon\n|rule|Gravity Sleep Clause: The combination of sleep-inducing moves with imperfect accuracy and Gravity or Gigantamax Orbeetle are banned\n|clearpoke\n|poke|p1|Pikachu-Alola, M|\n|poke|p1|Eevee, F|\n|poke|p1|Charizard, F|\n|poke|p1|Dragonite, M|\n|poke|p1|Sylveon, F|\n|poke|p1|Amoonguss, F|\n|poke|p2|Tyranitar, M|\n|poke|p2|Garganacl, F|\n|poke|p2|Stakataka|\n|poke|p2|Aggron, M|\n|poke|p2|Ogerpon-Cornerstone, F|\n|poke|p2|Shuckle, F|\n|teampreview\n|\n|t:|1697307176\n|start\n|switch|p1a: Pikachu|Pikachu-Alola, M|100\/100\n|switch|p1b: Eevee|Eevee, F|100\/100\n|switch|p2a: Stakataka|Stakataka|100\/100\n|switch|p2b: Tyranitar|Tyranitar, M|100\/100\n|-weather|Sandstorm|[from] ability: Sand Stream|[of] p2b: Tyranitar\n|turn|1\n|\n|t:|1697307199\n|move|p1a: Pikachu|Electric Terrain|p1a: Pikachu\n|-fieldstart|move: Electric Terrain\n|-zpower|p1b: Eevee\n|move|p1b: Eevee|Extreme Evoboost|p1b: Eevee\n|-boost|p1b: Eevee|atk|2\n|-boost|p1b: Eevee|def|2\n|-boost|p1b: Eevee|spa|2\n|-boost|p1b: Eevee|spd|2\n|-boost|p1b: Eevee|spe|2\n|move|p2b: Tyranitar|Dragon Tail|p1b: Eevee\n|-damage|p1b: Eevee|84\/100\n|drag|p1b: Sylveon|Sylveon, F|100\/100\n|move|p2a: Stakataka|Trick Room|p2a: Stakataka\n|-fieldstart|move: Trick Room|[of] p2a: Stakataka\n|\n|-weather|Sandstorm|[upkeep]\n|-damage|p1b: Sylveon|94\/100|[from] Sandstorm\n|-damage|p1a: Pikachu|94\/100|[from] Sandstorm\n|upkeep\n|turn|2\n|\n|t:|1697307224\n|switch|p2b: Shuckle|Shuckle, F|100\/100\n|move|p2a: Stakataka|Gyro Ball|p1b: Sylveon\n|-supereffective|p1b: Sylveon\n|-damage|p1b: Sylveon|0 fnt\n|faint|p1b: Sylveon\n|-ability|p2a: Stakataka|Beast Boost|boost\n|-boost|p2a: Stakataka|atk|1\n|move|p1a: Pikachu|Thunderbolt|p2a: Stakataka\n|-damage|p2a: Stakataka|76\/100\n|\n|-weather|Sandstorm|[upkeep]\n|-damage|p1a: Pikachu|88\/100|[from] Sandstorm\n|upkeep\n|\n|t:|1697307241\n|switch|p1b: Charizard|Charizard, F|100\/100\n|turn|3\n|\n|t:|1697307250\n|move|p2a: Stakataka|Stone Edge|p1b: Charizard\n|-supereffective|p1b: Charizard\n|-damage|p1b: Charizard|0 fnt\n|faint|p1b: Charizard\n|-ability|p2a: Stakataka|Beast Boost|boost\n|-boost|p2a: Stakataka|atk|1\n|move|p2b: Shuckle|Guard Split|p2a: Stakataka\n|-activate|p2b: Shuckle|move: Guard Split|[of] p2a: Stakataka\n|move|p1a: Pikachu|Discharge|p2b: Shuckle|[spread] p2a,p2b\n|-damage|p2a: Stakataka|66\/100\n|-damage|p2b: Shuckle|87\/100\n|-status|p2b: Shuckle|par\n|\n|-weather|Sandstorm|[upkeep]\n|-damage|p1a: Pikachu|82\/100|[from] Sandstorm\n|-heal|p2b: Shuckle|93\/100 par|[from] item: Leftovers\n|upkeep\n|\n|t:|1697307269\n|switch|p1b: Amoonguss|Amoonguss, F|100\/100\n|turn|4\n|\n|t:|1697307281\n|switch|p2b: Garganacl|Garganacl, F|100\/100\n|move|p2a: Stakataka|Heat Crash|p1b: Amoonguss\n|-supereffective|p1b: Amoonguss\n|-damage|p1b: Amoonguss|0 fnt\n|faint|p1b: Amoonguss\n|-ability|p2a: Stakataka|Beast Boost|boost\n|-boost|p2a: Stakataka|def|1\n|move|p1a: Pikachu|Discharge|p2a: Stakataka|[spread] p2a,p2b\n|-damage|p2a: Stakataka|57\/100\n|-damage|p2b: Garganacl|92\/100\n|\n|-weather|Sandstorm|[upkeep]\n|-damage|p1a: Pikachu|76\/100|[from] Sandstorm\n|-heal|p2b: Garganacl|98\/100|[from] item: Leftovers\n|upkeep\n|\n|t:|1697307297\n|switch|p1b: Dragonite|Dragonite, M|100\/100\n|turn|5\n|\n|t:|1697307321\n|move|p2a: Stakataka|Gyro Ball|p1a: Pikachu\n|-resisted|p1a: Pikachu\n|-damage|p1a: Pikachu|0 fnt\n|faint|p1a: Pikachu\n|-ability|p2a: Stakataka|Beast Boost|boost\n|-boost|p2a: Stakataka|def|1\n|move|p2b: Garganacl|Iron Defense|p2b: Garganacl\n|-boost|p2b: Garganacl|def|2\n|move|p1b: Dragonite|Breaking Swipe|p2b: Garganacl|[spread] p2a,p2b\n|-resisted|p2a: Stakataka\n|-damage|p2a: Stakataka|54\/100\n|-damage|p2b: Garganacl|90\/100\n|-unboost|p2a: Stakataka|atk|1\n|-unboost|p2b: Garganacl|atk|1\n|\n|-weather|none\n|-heal|p2b: Garganacl|96\/100|[from] item: Leftovers\n|-fieldend|move: Trick Room\n|-fieldend|move: Electric Terrain\n|upkeep\n|c|\u2606sfgfadvs|!dt breaking swipe\n|raw|<ul class=\"utilichart\"><li class=\"result\"><span class=\"col movenamecol\"><a href=\"https:\/\/dex.pokemonshowdown.com\/moves\/breakingswipe\">Breaking Swipe<\/a><\/span> <span class=\"col typecol\"><img src=\"\/\/play.pokemonshowdown.com\/sprites\/types\/Dragon.png\" alt=\"Dragon\" width=\"32\" height=\"14\"><img src=\"\/\/play.pokemonshowdown.com\/sprites\/categories\/Physical.png\" alt=\"Physical\" width=\"32\" height=\"14\"><\/span> <span class=\"col labelcol\"><em>Power<\/em><br>60<\/span> <span class=\"col widelabelcol\"><em>Accuracy<\/em><br>100%<\/span> <span class=\"col pplabelcol\"><em>PP<\/em><br>24<\/span> <span class=\"col movedesccol\">100% chance to lower the foe(s) Attack by 1.<\/span> <\/li><li style=\"clear:both\"><\/li><\/ul>\n|raw|<font size=\"1\"><font color=\"#686868\">Priority:<\/font> 0&nbsp;|&ThickSpace;<font color=\"#686868\">Gen:<\/font> 8&nbsp;|&ThickSpace;&#10003; Boosted by Sheer Force&nbsp;|&ThickSpace;&#10003; Contact&nbsp;|&ThickSpace;<font color=\"#686868\">Z-Power:<\/font> 120&nbsp;|&ThickSpace;<font color=\"#686868\">Dynamax Power:<\/font> 110&nbsp;|&ThickSpace;<font color=\"#686868\">Target:<\/font> All Adjacent Opponents<\/font>\n\n|\n|t:|1697307338\n|switch|p1a: Eevee|Eevee, F|84\/100\n|turn|6\n|\n|t:|1697307357\n|move|p1b: Dragonite|Aqua Jet|p2b: Garganacl\n|-supereffective|p2b: Garganacl\n|-damage|p2b: Garganacl|87\/100\n|move|p1a: Eevee|Last Resort||[still]\n|-fail|p1a: Eevee\n|move|p2b: Garganacl|Body Press|p1a: Eevee\n|-supereffective|p1a: Eevee\n|-damage|p1a: Eevee|0 fnt\n|faint|p1a: Eevee\n|move|p2a: Stakataka|Trick Room|p2a: Stakataka\n|-fieldstart|move: Trick Room|[of] p2a: Stakataka\n|\n|-heal|p2b: Garganacl|93\/100|[from] item: Leftovers\n|upkeep\n|turn|7\n|\n|t:|1697307385\n|move|p1b: Dragonite|Aqua Jet|p2a: Stakataka\n|-supereffective|p2a: Stakataka\n|-damage|p2a: Stakataka|46\/100\n|move|p2a: Stakataka|Gyro Ball|p1b: Dragonite\n|-damage|p1b: Dragonite|0 fnt\n|faint|p1b: Dragonite\n|\n|win|sfgfadvs\n|raw|eeveebeast's rating: 1000 &rarr; <strong>1000<\/strong><br \/>(+0 for losing)\n|raw|sfgfadvs's rating: 1000 &rarr; <strong>1040<\/strong><br \/>(+40 for winning)\n|c|\u2606eeveebeast|Good game :)  nice team btw\n","uploadtime":1697307423,"views":3,"p1id":"eeveebeast","p2id":"sfgfadvs","formatid":"gen9nationaldexdoubles","rating":1000,"private":0,"password":""}