{"id":"gen9nationaldexdoubles-1953448295","p1":"Nyata","p2":"FiredChickINNN","format":"[Gen 9] National Dex Doubles","log":"|j|\u2606Nyata\n|j|\u2606FiredChickINNN\n|t:|1695788378\n|gametype|doubles\n|player|p1|Nyata|266|1262\n|player|p2|FiredChickINNN|2|1171\n|teamsize|p1|6\n|teamsize|p2|6\n|gen|9\n|tier|[Gen 9] National Dex Doubles\n|rated|\n|rule|HP Percentage Mod: HP is shown in percentages\n|rule|Endless Battle Clause: Forcing endless battles is banned\n|rule|OHKO Clause: OHKO moves are banned\n|rule|Evasion Moves Clause: Evasion moves are banned\n|rule|Evasion Abilities Clause: Evasion abilities are banned\n|rule|Species Clause: Limit one of each Pok\u00e9mon\n|rule|Gravity Sleep Clause: The combination of sleep-inducing moves with imperfect accuracy and Gravity or Gigantamax Orbeetle are banned\n|clearpoke\n|poke|p1|Cradily, F|\n|poke|p1|Aerodactyl, M|\n|poke|p1|Arcanine-Hisui, M|\n|poke|p1|Nihilego|\n|poke|p1|Tyranitar, M|\n|poke|p1|Aggron, F|\n|poke|p2|Raticate, M|\n|poke|p2|Sinistcha|\n|poke|p2|Dragonite, M|\n|poke|p2|Amoonguss, M|\n|poke|p2|Crawdaunt, F|\n|poke|p2|Indeedee-F, F|\n|teampreview\n|inactive|Battle timer is ON: inactive players will automatically lose when time's up. (requested by FiredChickINNN)\n|\n|t:|1695788394\n|start\n|switch|p1a: Aerodactyl|Aerodactyl, M|100\/100\n|switch|p1b: Arcanine|Arcanine-Hisui, M|100\/100\n|switch|p2a: Raticate|Raticate, M|100\/100\n|switch|p2b: Amoonguss|Amoonguss, M|100\/100\n|-ability|p1a: Aerodactyl|Unnerve\n|turn|1\n|\n|t:|1695788409\n|move|p1a: Aerodactyl|Taunt|p2b: Amoonguss\n|-start|p2b: Amoonguss|move: Taunt\n|-enditem|p2b: Amoonguss|Mental Herb\n|-end|p2b: Amoonguss|move: Taunt\n|move|p2a: Raticate|Endeavor|p1b: Arcanine\n|-damage|p1b: Arcanine|76\/100\n|move|p1b: Arcanine|Flare Blitz|p2b: Amoonguss\n|-supereffective|p2b: Amoonguss\n|-damage|p2b: Amoonguss|0 fnt\n|faint|p2b: Amoonguss\n|\n|upkeep\n|\n|t:|1695788426\n|switch|p2b: Dragonite|Dragonite, M|100\/100\n|turn|2\n|\n|t:|1695788438\n|move|p1a: Aerodactyl|Taunt|p2b: Dragonite\n|-start|p2b: Dragonite|move: Taunt\n|move|p2a: Raticate|Endeavor|p1a: Aerodactyl\n|-damage|p1a: Aerodactyl|69\/100\n|move|p1b: Arcanine|Flare Blitz|p2a: Raticate\n|-enditem|p2a: Raticate|Focus Sash\n|-damage|p2a: Raticate|1\/100\n|cant|p2b: Dragonite|move: Taunt|Dragon Dance\n|\n|upkeep\n|turn|3\n|\n|t:|1695788453\n|move|p1a: Aerodactyl|Tailwind|p1a: Aerodactyl\n|-sidestart|p1: Nyata|move: Tailwind\n|move|p1b: Arcanine|Flare Blitz|p2a: Raticate\n|-damage|p2a: Raticate|0 fnt\n|faint|p2a: Raticate\n|move|p2b: Dragonite|Iron Head|p1a: Aerodactyl\n|-supereffective|p1a: Aerodactyl\n|-damage|p1a: Aerodactyl|0 fnt\n|faint|p1a: Aerodactyl\n|\n|upkeep\n|\n|t:|1695788468\n|switch|p1a: Aggron|Aggron, F|100\/100\n|switch|p2a: Crawdaunt|Crawdaunt, F|100\/100\n|turn|4\n|\n|t:|1695788476\n|switch|p1b: Cradily|Cradily, F|100\/100\n|detailschange|p1a: Aggron|Aggron-Mega, F\n|-mega|p1a: Aggron|Aggron|Aggronite\n|move|p2a: Crawdaunt|Aqua Jet|p1b: Cradily\n|-ability|p1b: Cradily|Storm Drain|boost\n|-boost|p1b: Cradily|spa|1\n|move|p1a: Aggron|Body Press|p2a: Crawdaunt\n|-supereffective|p2a: Crawdaunt\n|-damage|p2a: Crawdaunt|0 fnt\n|faint|p2a: Crawdaunt\n|move|p2b: Dragonite|Earthquake|p1b: Cradily|[spread] p1a,p1b\n|-supereffective|p1a: Aggron\n|-damage|p1a: Aggron|84\/100\n|-damage|p1b: Cradily|74\/100\n|\n|-end|p2b: Dragonite|move: Taunt\n|upkeep\n|\n|t:|1695788492\n|switch|p2a: Indeedee|Indeedee-F, F|100\/100\n|turn|5\n|\n|t:|1695788513\n|move|p2a: Indeedee|Fake Out|p1b: Cradily\n|-resisted|p1b: Cradily\n|-damage|p1b: Cradily|70\/100\n|move|p1a: Aggron|Body Press|p2b: Dragonite\n|-resisted|p2b: Dragonite\n|-damage|p2b: Dragonite|86\/100\n|move|p2b: Dragonite|Dragon Dance|p2b: Dragonite\n|-boost|p2b: Dragonite|atk|1\n|-boost|p2b: Dragonite|spe|1\n|cant|p1b: Cradily|flinch\n|\n|upkeep\n|turn|6\n|\n|t:|1695788540\n|move|p2b: Dragonite|Earthquake|p1b: Cradily|[spread] p2a,p1a,p1b\n|-supereffective|p1a: Aggron\n|-crit|p1a: Aggron\n|-damage|p2a: Indeedee|43\/100\n|-damage|p1a: Aggron|44\/100\n|-damage|p1b: Cradily|27\/100\n|move|p2a: Indeedee|Heal Pulse|p2b: Dragonite\n|-heal|p2b: Dragonite|100\/100\n|move|p1a: Aggron|Body Press|p2a: Indeedee\n|-damage|p2a: Indeedee|0 fnt\n|faint|p2a: Indeedee\n|move|p1b: Cradily|Meteor Beam||[still]\n|-prepare|p1b: Cradily|Meteor Beam\n|-boost|p1b: Cradily|spa|1\n|-enditem|p1b: Cradily|Power Herb\n|-anim|p1b: Cradily|Meteor Beam|p2b: Dragonite\n|-supereffective|p2b: Dragonite\n|-damage|p2b: Dragonite|25\/100\n|-enditem|p2b: Dragonite|Sitrus Berry|[eat]\n|-heal|p2b: Dragonite|50\/100|[from] item: Sitrus Berry\n|\n|-sideend|p1: Nyata|move: Tailwind\n|upkeep\n|inactive|FiredChickINNN has 120 seconds left.\n|\n|t:|1695788554\n|switch|p2a: Sinistcha|Sinistcha|100\/100\n|-heal|p2b: Dragonite|74\/100|[from] ability: Hospitality|[of] p2a: Sinistcha\n|turn|7\n|\n|t:|1695788570\n|switch|p1b: Nihilego|Nihilego|100\/100\n|move|p2b: Dragonite|Earthquake|p1b: Nihilego|[spread] p2a,p1a,p1b\n|-resisted|p2a: Sinistcha\n|-supereffective|p1a: Aggron\n|-supereffective|p1b: Nihilego\n|-damage|p2a: Sinistcha|87\/100\n|-damage|p1a: Aggron|16\/100\n|-damage|p1b: Nihilego|0 fnt\n|faint|p1b: Nihilego\n|move|p2a: Sinistcha|Strength Sap|p1a: Aggron\n|-unboost|p1a: Aggron|atk|1\n|-heal|p2a: Sinistcha|100\/100\n|move|p1a: Aggron|Heavy Slam|p2a: Sinistcha\n|-damage|p2a: Sinistcha|77\/100\n|\n|upkeep\n|\n|t:|1695788576\n|switch|p1b: Tyranitar|Tyranitar, M|100\/100\n|-weather|Sandstorm|[from] ability: Sand Stream|[of] p1b: Tyranitar\n|turn|8\n|\n|t:|1695788591\n|-terastallize|p1b: Tyranitar|Ice\n|move|p2a: Sinistcha|Rage Powder|p2a: Sinistcha\n|-singleturn|p2a: Sinistcha|move: Rage Powder\n|move|p2b: Dragonite|Earthquake|p1b: Tyranitar|[spread] p2a,p1a,p1b\n|-resisted|p2a: Sinistcha\n|-supereffective|p1a: Aggron\n|-damage|p2a: Sinistcha|62\/100\n|-damage|p1a: Aggron|0 fnt\n|-damage|p1b: Tyranitar|59\/100\n|faint|p1a: Aggron\n|move|p1b: Tyranitar|Ice Punch|p2a: Sinistcha\n|-supereffective|p2a: Sinistcha\n|-damage|p2a: Sinistcha|0 fnt\n|faint|p2a: Sinistcha\n|\n|-weather|Sandstorm|[upkeep]\n|-damage|p2b: Dragonite|68\/100|[from] Sandstorm\n|-damage|p1b: Tyranitar|53\/100|[from] Sandstorm\n|upkeep\n|\n|t:|1695788596\n|switch|p1a: Arcanine|Arcanine-Hisui, M|76\/100\n|turn|9\n|\n|t:|1695788612\n|-terastallize|p2b: Dragonite|Steel\n|move|p2b: Dragonite|Earthquake|p1a: Arcanine|[spread] p1a,p1b\n|-supereffective|p1a: Arcanine\n|-damage|p1a: Arcanine|0 fnt\n|-damage|p1b: Tyranitar|10\/100\n|faint|p1a: Arcanine\n|move|p1b: Tyranitar|Ice Punch|p2b: Dragonite\n|-resisted|p2b: Dragonite\n|-damage|p2b: Dragonite|33\/100\n|\n|-weather|Sandstorm|[upkeep]\n|-damage|p1b: Tyranitar|4\/100|[from] Sandstorm\n|upkeep\n|\n|t:|1695788616\n|switch|p1a: Cradily|Cradily, F|27\/100\n|turn|10\n|\n|t:|1695788622\n|move|p2b: Dragonite|Earthquake|p1a: Cradily|[spread] p1a,p1b\n|-damage|p1a: Cradily|0 fnt\n|-damage|p1b: Tyranitar|0 fnt\n|faint|p1a: Cradily\n|faint|p1b: Tyranitar\n|\n|win|FiredChickINNN\n|raw|Nyata's rating: 1262 &rarr; <strong>1231<\/strong><br \/>(-31 for losing)\n|raw|FiredChickINNN's rating: 1171 &rarr; <strong>1202<\/strong><br \/>(+31 for winning)\n|l|\u2606Nyata\n","uploadtime":1695788629,"views":11,"p1id":"nyata","p2id":"firedchickinnn","formatid":"gen9nationaldexdoubles","rating":1202,"private":0,"password":""}