{"id":"gen9nationaldexdoubles-1978207307","p1":"Lc Alt Acount","p2":"Like and Subcribe","format":"[Gen 9] National Dex Doubles","log":"|j|\u2606Lc Alt Acount\n|j|\u2606Like and Subcribe\n|t:|1698512607\n|gametype|doubles\n|player|p1|Lc Alt Acount|lucas|\n|player|p2|Like and Subcribe|170|\n|teamsize|p1|3\n|teamsize|p2|2\n|gen|9\n|tier|[Gen 9] National Dex Doubles\n|rule|HP Percentage Mod: HP is shown in percentages\n|rule|Endless Battle Clause: Forcing endless battles is banned\n|rule|OHKO Clause: OHKO moves are banned\n|rule|Evasion Moves Clause: Evasion moves are banned\n|rule|Evasion Abilities Clause: Evasion abilities are banned\n|rule|Species Clause: Limit one of each Pok\u00e9mon\n|rule|Gravity Sleep Clause: The combination of sleep-inducing moves with imperfect accuracy and Gravity or Gigantamax Orbeetle are banned\n|clearpoke\n|poke|p1|Oranguru, M|\n|poke|p1|Stonjourner, F|\n|poke|p1|Mew|\n|poke|p2|Geodude, M|\n|poke|p2|Clefable, F|\n|teampreview\n|inactive|Battle timer is ON: inactive players will automatically lose when time's up. (requested by Lc Alt Acount)\n|inactive|Like and Subcribe also wants the timer to be on.\n|inactive|Lc Alt Acount has 270 seconds left.\n|inactive|Like and Subcribe has 270 seconds left.\n|\n|t:|1698512654\n|start\n|switch|p1a: Oranguru|Oranguru, M|100\/100\n|switch|p1b: Mew|Mew|100\/100\n|switch|p2a: Geodude|Geodude, M|100\/100\n|switch|p2b: Clefable|Clefable, F|100\/100\n|turn|1\n|\n|t:|1698512667\n|move|p2b: Clefable|Helping Hand|p2a: Geodude\n|-singleturn|p2a: Geodude|Helping Hand|[of] p2b: Clefable\n|move|p1a: Oranguru|Skill Swap|p1b: Mew\n|-activate|p1a: Oranguru|move: Skill Swap|||[of] p1b: Mew\n|move|p1b: Mew|Transform|p1a: Oranguru\n|-transform|p1b: Mew|p1a: Oranguru\n|move|p2a: Geodude|High Horsepower|p1b: Mew\n|-damage|p1b: Mew|78\/100\n|\n|upkeep\n|turn|2\n|inactive|Lc Alt Acount has 270 seconds left.\n|inactive|Like and Subcribe has 270 seconds left.\n|inactive|Lc Alt Acount has 240 seconds left.\n|inactive|Like and Subcribe has 240 seconds left.\n|\n|t:|1698512739\n|move|p2b: Clefable|Helping Hand|p2a: Geodude\n|-singleturn|p2a: Geodude|Helping Hand|[of] p2b: Clefable\n|move|p1a: Oranguru|Instruct|p2b: Clefable\n|-singleturn|p2b: Clefable|move: Instruct|[of] p1a: Oranguru\n|move|p2b: Clefable|Helping Hand|p2a: Geodude\n|-singleturn|p2a: Geodude|Helping Hand|[of] p2b: Clefable\n|move|p1b: Mew|Instruct|p2b: Clefable\n|-singleturn|p2b: Clefable|move: Instruct|[of] p1b: Mew\n|move|p2b: Clefable|Helping Hand|p2a: Geodude\n|-singleturn|p2a: Geodude|Helping Hand|[of] p2b: Clefable\n|move|p2a: Geodude|High Horsepower|p1b: Mew\n|-damage|p1b: Mew|20\/100\n|\n|upkeep\n|turn|3\n|inactive|Lc Alt Acount has 240 seconds left.\n|inactive|Like and Subcribe has 240 seconds left.\n|\n|t:|1698512775\n|move|p2b: Clefable|Helping Hand|p2a: Geodude\n|-singleturn|p2a: Geodude|Helping Hand|[of] p2b: Clefable\n|move|p1b: Mew|Skill Swap|p1a: Oranguru\n|-activate|p1b: Mew|move: Skill Swap|||[of] p1a: Oranguru\n|move|p1a: Oranguru|Skill Swap|p1b: Mew\n|-activate|p1a: Oranguru|move: Skill Swap|||[of] p1b: Mew\n|move|p2a: Geodude|High Horsepower|p1a: Oranguru\n|-damage|p1a: Oranguru|69\/100\n|\n|upkeep\n|turn|4\n|inactive|Lc Alt Acount has 240 seconds left.\n|\n|t:|1698512793\n|move|p2b: Clefable|Helping Hand|p2a: Geodude\n|-singleturn|p2a: Geodude|Helping Hand|[of] p2b: Clefable\n|move|p1b: Mew|Instruct|p2b: Clefable\n|-singleturn|p2b: Clefable|move: Instruct|[of] p1b: Mew\n|move|p2b: Clefable|Helping Hand|p2a: Geodude\n|-singleturn|p2a: Geodude|Helping Hand|[of] p2b: Clefable\n|move|p1a: Oranguru|Instruct|p2b: Clefable\n|-singleturn|p2b: Clefable|move: Instruct|[of] p1a: Oranguru\n|move|p2b: Clefable|Helping Hand|p2a: Geodude\n|-singleturn|p2a: Geodude|Helping Hand|[of] p2b: Clefable\n|move|p2a: Geodude|High Horsepower|p1a: Oranguru\n|-damage|p1a: Oranguru|1\/100\n|\n|upkeep\n|turn|5\n|inactive|Like and Subcribe has 270 seconds left.\n|inactive|Lc Alt Acount has 240 seconds left.\n|\n|t:|1698512825\n|move|p2b: Clefable|Helping Hand|p2a: Geodude\n|-singleturn|p2a: Geodude|Helping Hand|[of] p2b: Clefable\n|move|p1a: Oranguru|Instruct|p2a: Geodude\n|-singleturn|p2a: Geodude|move: Instruct|[of] p1a: Oranguru\n|move|p2a: Geodude|High Horsepower|p1a: Oranguru\n|-damage|p1a: Oranguru|0 fnt\n|faint|p1a: Oranguru\n|move|p1b: Mew|Instruct|p2a: Geodude\n|-singleturn|p2a: Geodude|move: Instruct|[of] p1b: Mew\n|move|p2a: Geodude|High Horsepower|p1b: Mew\n|-damage|p1b: Mew|0 fnt\n|faint|p1b: Mew\n|move|p2a: Geodude|High Horsepower|p1: Oranguru|[notarget]\n|-fail|p2a: Geodude\n|\n|upkeep\n|inactive|Lc Alt Acount has 240 seconds left.\n|\n|t:|1698512835\n|switch|p1b: Stonjourner|Stonjourner, F|100\/100\n|turn|6\n|-message|Lc Alt Acount forfeited.\n|\n|win|Like and Subcribe\n","uploadtime":1698512850,"views":13,"p1id":"lcaltacount","p2id":"likeandsubcribe","formatid":"gen9nationaldexdoubles","rating":0,"private":0,"password":""}