{"id":"gen9nationaldexdoubles-1975428627","p1":"Jack the Ripper21","p2":"Vario 64\u2606\u5f61","format":"[Gen 9] National Dex Doubles","log":"|j|\u2606Jack the Ripper21\n|j|\u2606Vario 64\u2606\u5f61\n|t:|1698190281\n|gametype|doubles\n|player|p1|Jack the Ripper21|gentleman-gen4dp|\n|player|p2|Vario 64\u2606\u5f61|ghetsis|\n|teamsize|p1|6\n|teamsize|p2|6\n|gen|9\n|tier|[Gen 9] National Dex Doubles\n|rule|HP Percentage Mod: HP is shown in percentages\n|rule|Endless Battle Clause: Forcing endless battles is banned\n|rule|OHKO Clause: OHKO moves are banned\n|rule|Evasion Moves Clause: Evasion moves are banned\n|rule|Evasion Abilities Clause: Evasion abilities are banned\n|rule|Species Clause: Limit one of each Pok\u00e9mon\n|rule|Gravity Sleep Clause: The combination of sleep-inducing moves with imperfect accuracy and Gravity or Gigantamax Orbeetle are banned\n|clearpoke\n|poke|p1|Venusaur, M|\n|poke|p1|Toxapex, M|\n|poke|p1|Iron Moth|\n|poke|p1|Sneasler, F|\n|poke|p1|Glimmora, M|\n|poke|p1|Slowking-Galar, F|\n|poke|p2|Ribombee, F|\n|poke|p2|Scizor, F|\n|poke|p2|Maushold-Four|\n|poke|p2|Urshifu-*, M|\n|poke|p2|Hydreigon, F|\n|poke|p2|Volcarona, F|\n|teampreview\n|c|\u2606Jack the Ripper21|oh nice team\n|j| YaBoiCrim\n|c|\u2606Jack the Ripper21|but i changed to\n|\n|t:|1698190308\n|start\n|switch|p1a: Mutated Ballsack|Glimmora, M|100\/100\n|switch|p1b: Sazae|Slowking-Galar, F|100\/100\n|switch|p2a: Scizor|Scizor, F|100\/100\n|switch|p2b: Ribombee|Ribombee, F|100\/100\n|turn|1\n|c|\u2606Jack the Ripper21|GO MUTATED BALL SACK\n|c|\u2606Vario 64\u2606\u5f61|Thanks bro! Gl hf!\n|\n|t:|1698190339\n|detailschange|p2a: Scizor|Scizor-Mega, F\n|-mega|p2a: Scizor|Scizor|Scizorite\n|move|p2b: Ribombee|Light Screen|p2b: Ribombee\n|-sidestart|p2: Vario 64\u2606\u5f61|move: Light Screen\n|move|p1a: Mutated Ballsack|Stealth Rock|p2a: Scizor\n|-sidestart|p2: Vario 64\u2606\u5f61|move: Stealth Rock\n|move|p2a: Scizor|Swords Dance|p2a: Scizor\n|-boost|p2a: Scizor|atk|2\n|move|p1b: Sazae|Thunder Wave|p2b: Ribombee\n|-status|p2b: Ribombee|par\n|\n|upkeep\n|turn|2\n|c|\u2606Jack the Ripper21|you have fun to\n|\n|t:|1698190354\n|move|p1a: Mutated Ballsack|Spiky Shield|p1a: Mutated Ballsack\n|-singleturn|p1a: Mutated Ballsack|move: Protect\n|cant|p2b: Ribombee|par\n|move|p2a: Scizor|Bug Bite|p1b: Sazae\n|-damage|p1b: Sazae|14\/100\n|move|p1b: Sazae|Thunder Wave|p2a: Scizor\n|-status|p2a: Scizor|par\n|\n|upkeep\n|turn|3\n|\n|t:|1698190387\n|switch|p1b: tanky|Toxapex, M|100\/100\n|move|p1a: Mutated Ballsack|Sludge Bomb|p2b: Ribombee\n|-supereffective|p2b: Ribombee\n|-damage|p2b: Ribombee|10\/100 par\n|move|p2b: Ribombee|Reflect|p2b: Ribombee\n|-sidestart|p2: Vario 64\u2606\u5f61|Reflect\n|move|p2a: Scizor|Bug Bite|p1b: tanky\n|-resisted|p1b: tanky\n|-damage|p1b: tanky|68\/100\n|\n|-heal|p1b: tanky|74\/100|[from] item: Black Sludge\n|upkeep\n|turn|4\n|\n|t:|1698190419\n|move|p2a: Scizor|Protect|p2a: Scizor\n|-singleturn|p2a: Scizor|Protect\n|move|p1a: Mutated Ballsack|Sludge Bomb|p2b: Ribombee\n|-supereffective|p2b: Ribombee\n|-damage|p2b: Ribombee|0 fnt\n|faint|p2b: Ribombee\n|move|p1b: tanky|Haze|p1b: tanky\n|-clearallboost\n|\n|-heal|p1b: tanky|80\/100|[from] item: Black Sludge\n|upkeep\n|\n|t:|1698190432\n|switch|p2b: Hydreigon|Hydreigon, F|100\/100\n|-damage|p2b: Hydreigon|88\/100|[from] Stealth Rock\n|turn|5\n|\n|t:|1698190441\n|move|p2a: Scizor|Bullet Punch|p1a: Mutated Ballsack\n|-supereffective|p1a: Mutated Ballsack\n|-damage|p1a: Mutated Ballsack|9\/100\n|-activate|p1a: Mutated Ballsack|ability: Toxic Debris\n|-sidestart|p2: Vario 64\u2606\u5f61|move: Toxic Spikes\n|move|p2b: Hydreigon|Nasty Plot|p2b: Hydreigon\n|-boost|p2b: Hydreigon|spa|2\n|move|p1a: Mutated Ballsack|Sludge Bomb|p2b: Hydreigon\n|-damage|p2b: Hydreigon|50\/100\n|-status|p2b: Hydreigon|psn\n|move|p1b: tanky|Toxic Spikes|p2a: Scizor\n|-sidestart|p2: Vario 64\u2606\u5f61|move: Toxic Spikes\n|\n|-heal|p1b: tanky|86\/100|[from] item: Black Sludge\n|-damage|p2b: Hydreigon|38\/100 psn|[from] psn\n|upkeep\n|turn|6\n|\n|t:|1698190461\n|move|p1a: Mutated Ballsack|Spiky Shield|p1a: Mutated Ballsack\n|-singleturn|p1a: Mutated Ballsack|move: Protect\n|cant|p2a: Scizor|par\n|move|p2b: Hydreigon|Earth Power|p1b: tanky\n|-supereffective|p1b: tanky\n|-damage|p1b: tanky|0 fnt\n|faint|p1b: tanky\n|\n|-damage|p2b: Hydreigon|26\/100 psn|[from] psn\n|upkeep\n|\n|t:|1698190474\n|switch|p1b: Ripper|Sneasler, F|100\/100\n|-item|p1b: Ripper|Air Balloon\n|turn|7\n|\n|t:|1698190493\n|-terastallize|p1b: Ripper|Flying\n|move|p1b: Ripper|Close Combat|p2b: Hydreigon\n|-supereffective|p2b: Hydreigon\n|-damage|p2b: Hydreigon|0 fnt\n|-unboost|p1b: Ripper|def|1\n|-unboost|p1b: Ripper|spd|1\n|faint|p2b: Hydreigon\n|move|p1a: Mutated Ballsack|Sludge Bomb|p2a: Scizor\n|-immune|p2a: Scizor\n|move|p2a: Scizor|Swords Dance|p2a: Scizor\n|-boost|p2a: Scizor|atk|2\n|\n|upkeep\n|\n|t:|1698190506\n|switch|p2b: Maushold|Maushold-Four|100\/100\n|turn|8\n|\n|t:|1698190524\n|move|p2b: Maushold|Protect|p2b: Maushold\n|-singleturn|p2b: Maushold|Protect\n|move|p2a: Scizor|Bullet Punch|p1b: Ripper\n|-damage|p1b: Ripper|0 fnt\n|-enditem|p1b: Ripper|Air Balloon\n|faint|p1b: Ripper\n|move|p1a: Mutated Ballsack|Mortal Spin|p2a: Scizor|[spread] \n|-activate|p2b: Maushold|move: Protect\n|-immune|p2a: Scizor\n|\n|-sideend|p2: Vario 64\u2606\u5f61|move: Light Screen\n|upkeep\n|\n|t:|1698190537\n|switch|p1b: hello|Venusaur, M|100\/100\n|turn|9\n|c|\u2606Jack the Ripper21|you might win actually\n|c|\u2606Jack the Ripper21|don't got much for scizor or maushold\n|c|\u2606Jack the Ripper21|now\n|\n|t:|1698190573\n|detailschange|p1b: hello|Venusaur-Mega, M\n|-mega|p1b: hello|Venusaur|Venusaurite\n|move|p1a: Mutated Ballsack|Spiky Shield|p1a: Mutated Ballsack\n|-singleturn|p1a: Mutated Ballsack|move: Protect\n|move|p2b: Maushold|Follow Me|p2b: Maushold\n|-singleturn|p2b: Maushold|move: Follow Me\n|move|p1b: hello|Hidden Power|p2b: Maushold\n|-damage|p2b: Maushold|79\/100\n|cant|p2a: Scizor|par\n|\n|upkeep\n|turn|10\n|\n|t:|1698190589\n|move|p2b: Maushold|Follow Me|p2b: Maushold\n|-singleturn|p2b: Maushold|move: Follow Me\n|move|p1a: Mutated Ballsack|Mortal Spin|p2a: Scizor|[spread] p2b\n|-immune|p2a: Scizor\n|-damage|p2b: Maushold|75\/100\n|-status|p2b: Maushold|psn\n|move|p1b: hello|Leech Seed|p2b: Maushold|[miss]\n|-miss|p1b: hello|p2b: Maushold\n|move|p2a: Scizor|Bug Bite|p1b: hello\n|-damage|p1b: hello|37\/100\n|\n|-damage|p2b: Maushold|63\/100 psn|[from] psn\n|-sideend|p2: Vario 64\u2606\u5f61|Reflect\n|upkeep\n|turn|11\n|\n|t:|1698190621\n|switch|p1b: Sazae|Slowking-Galar, F|47\/100\n|move|p2b: Maushold|After You|p2a: Scizor\n|-activate|p2a: Scizor|move: After You\n|cant|p2a: Scizor|par\n|move|p1a: Mutated Ballsack|Sludge Bomb|p2b: Maushold\n|-damage|p2b: Maushold|6\/100 psn\n|\n|-damage|p2b: Maushold|0 fnt|[from] psn\n|faint|p2b: Maushold\n|upkeep\n|\n|t:|1698190633\n|switch|p2b: Urshifu|Urshifu-Rapid-Strike, M|100\/100\n|-damage|p2b: Urshifu|94\/100|[from] Stealth Rock\n|-status|p2b: Urshifu|tox\n|turn|12\n|\n|t:|1698190646\n|move|p1a: Mutated Ballsack|Spiky Shield|p1a: Mutated Ballsack\n|-singleturn|p1a: Mutated Ballsack|move: Protect\n|move|p2a: Scizor|Bullet Punch|p1a: Mutated Ballsack\n|-activate|p1a: Mutated Ballsack|move: Protect\n|-damage|p2a: Scizor|88\/100 par|[from] Spiky Shield|[of] p1a: Mutated Ballsack\n|move|p2b: Urshifu|Surging Strikes|p1b: Sazae\n|-crit|p1b: Sazae\n|-damage|p1b: Sazae|33\/100\n|-crit|p1b: Sazae\n|-damage|p1b: Sazae|18\/100\n|-crit|p1b: Sazae\n|-damage|p1b: Sazae|3\/100\n|-hitcount|p1b: Sazae|3\n|move|p1b: Sazae|Future Sight|p2b: Urshifu\n|-start|p1b: Sazae|move: Future Sight\n|\n|-damage|p2b: Urshifu|88\/100 tox|[from] psn\n|upkeep\n|turn|13\n|\n|t:|1698190673\n|move|p2a: Scizor|Bullet Punch|p1a: Mutated Ballsack\n|-supereffective|p1a: Mutated Ballsack\n|-damage|p1a: Mutated Ballsack|0 fnt\n|faint|p1a: Mutated Ballsack\n|move|p2b: Urshifu|Thunder Punch|p1b: Sazae\n|-damage|p1b: Sazae|0 fnt\n|faint|p1b: Sazae\n|\n|-damage|p2b: Urshifu|76\/100 tox|[from] psn\n|upkeep\n|\n|t:|1698190692\n|switch|p1a: Its a moth|Iron Moth|100\/100\n|switch|p1b: hello|Venusaur-Mega, M|37\/100\n|-enditem|p1a: Its a moth|Booster Energy\n|-activate|p1a: Its a moth|ability: Quark Drive|[fromitem]\n|-start|p1a: Its a moth|quarkdrivespa\n|turn|14\n|c| YaBoiCrim|this a tough match\n|\n|t:|1698190708\n|move|p2a: Scizor|Protect|p2a: Scizor\n|-singleturn|p2a: Scizor|Protect\n|move|p1a: Its a moth|Fiery Dance|p2a: Scizor\n|-activate|p2a: Scizor|move: Protect\n|move|p2b: Urshifu|Surging Strikes|p1a: Its a moth\n|-supereffective|p1a: Its a moth\n|-crit|p1a: Its a moth\n|-damage|p1a: Its a moth|32\/100\n|-supereffective|p1a: Its a moth\n|-crit|p1a: Its a moth\n|-damage|p1a: Its a moth|0 fnt\n|faint|p1a: Its a moth\n|-end|p1a: Its a moth|Quark Drive|[silent]\n|-hitcount|p1: Its a moth|2\n|move|p1b: hello|Giga Drain|p2b: Urshifu\n|-supereffective|p2b: Urshifu\n|-damage|p2b: Urshifu|0 fnt\n|-heal|p1b: hello|72\/100|[from] drain|[of] p2b: Urshifu\n|faint|p2b: Urshifu\n|\n|-hint|Future Sight did not hit because the target is fainted.\n|upkeep\n|c|\u2606Jack the Ripper21|alright this is bad for me\n|c| YaBoiCrim|nah thats game i think\n|\n|t:|1698190736\n|switch|p2b: Volcarona|Volcarona, F|100\/100\n|-damage|p2b: Volcarona|50\/100|[from] Stealth Rock\n|-status|p2b: Volcarona|tox\n|turn|15\n|c| YaBoiCrim|gyro if u come back then ur a mad man\n|\n|t:|1698190748\n|move|p2b: Volcarona|Rage Powder|p2b: Volcarona\n|-singleturn|p2b: Volcarona|move: Rage Powder\n|move|p1b: hello|Leech Seed|p2b: Volcarona\n|-start|p2b: Volcarona|move: Leech Seed\n|move|p2a: Scizor|Bug Bite|p1b: hello\n|-damage|p1b: hello|7\/100\n|\n|-damage|p2b: Volcarona|38\/100 tox|[from] Leech Seed|[of] p1b: hello\n|-heal|p1b: hello|20\/100|[silent]\n|-damage|p2b: Volcarona|32\/100 tox|[from] psn\n|upkeep\n|turn|16\n|c|\u2606Jack the Ripper21|reverse curse technique\n|\n|t:|1698190763\n|move|p2a: Scizor|Bullet Punch|p1b: hello\n|-damage|p1b: hello|0 fnt\n|faint|p1b: hello\n|\n|win|Vario 64\u2606\u5f61\n|c|\u2606Jack the Ripper21|damn it\n|c|\u2606Jack the Ripper21|gg\n|c| YaBoiCrim|vario claimed his first victim\n|c|\u2606Jack the Ripper21|if only i didn't play reckless with toxapex\n|c|\u2606Jack the Ripper21|then i would of won gg\n","uploadtime":1698190823,"views":6,"p1id":"jacktheripper21","p2id":"vario64","formatid":"gen9nationaldexdoubles","rating":0,"private":0,"password":""}