{"id":"gen9nationaldexdoubles-1950152438","p1":"kingspeed51","p2":"KR0N0Z","format":"[Gen 9] National Dex Doubles","log":"|j|\u2606kingspeed51\n|j|\u2606KR0N0Z\n|t:|1695431750\n|gametype|doubles\n|player|p1|kingspeed51|2|1124\n|player|p2|KR0N0Z|roxie|1359\n|teamsize|p1|6\n|teamsize|p2|6\n|gen|9\n|tier|[Gen 9] National Dex Doubles\n|rated|\n|rule|HP Percentage Mod: HP is shown in percentages\n|rule|Endless Battle Clause: Forcing endless battles is banned\n|rule|OHKO Clause: OHKO moves are banned\n|rule|Evasion Moves Clause: Evasion moves are banned\n|rule|Evasion Abilities Clause: Evasion abilities are banned\n|rule|Species Clause: Limit one of each Pok\u00e9mon\n|rule|Gravity Sleep Clause: The combination of sleep-inducing moves with imperfect accuracy and Gravity or Gigantamax Orbeetle are banned\n|clearpoke\n|poke|p1|Iron Treads|\n|poke|p1|Dragonite, M|\n|poke|p1|Milotic, F|\n|poke|p1|Sinistcha|\n|poke|p1|Klefki, F|\n|poke|p1|Chansey, F|\n|poke|p2|Golem-Alola, F|\n|poke|p2|Muk-Alola, F|\n|poke|p2|Oranguru, M|\n|poke|p2|Camerupt, M|\n|poke|p2|Torkoal, M|\n|poke|p2|Volcanion|\n|teampreview\n|inactive|Battle timer is ON: inactive players will automatically lose when time's up. (requested by KR0N0Z)\n|\n|t:|1695431765\n|start\n|switch|p1a: Klefki|Klefki, F|100\/100\n|switch|p1b: Iron Treads|Iron Treads|100\/100\n|switch|p2a: Golem|Golem-Alola, F|100\/100\n|switch|p2b: Muk|Muk-Alola, F|100\/100\n|-enditem|p1b: Iron Treads|Booster Energy\n|-activate|p1b: Iron Treads|ability: Quark Drive|[fromitem]\n|-start|p1b: Iron Treads|quarkdrivespe\n|turn|1\n|\n|t:|1695431779\n|-terastallize|p1b: Iron Treads|Ground\n|move|p2b: Muk|Protect|p2b: Muk\n|-singleturn|p2b: Muk|Protect\n|move|p1a: Klefki|Reflect|p1a: Klefki\n|-sidestart|p1: kingspeed51|Reflect\n|move|p1b: Iron Treads|Earthquake|p2b: Muk|[spread] p1a,p2a\n|-activate|p2b: Muk|move: Protect\n|-supereffective|p1a: Klefki\n|-supereffective|p2a: Golem\n|-damage|p1a: Klefki|39\/100\n|-enditem|p2a: Golem|Focus Sash\n|-damage|p2a: Golem|1\/100\n|move|p2a: Golem|Explosion|p1b: Iron Treads|[spread] p1a\n|-activate|p2b: Muk|move: Protect\n|-immune|p1b: Iron Treads\n|-damage|p1a: Klefki|0 fnt\n|faint|p2a: Golem\n|-ability|p2b: Muk|Galvanize|[from] ability: Power of Alchemy|[of] p2a: Golem\n|faint|p1a: Klefki\n|\n|upkeep\n|\n|t:|1695431802\n|switch|p2a: Oranguru|Oranguru, M|100\/100\n|switch|p1a: Dragonite|Dragonite, M|100\/100\n|turn|2\n|\n|t:|1695431810\n|move|p1b: Iron Treads|Knock Off|p2a: Oranguru\n|-supereffective|p2a: Oranguru\n|-damage|p2a: Oranguru|36\/100\n|-enditem|p2a: Oranguru|Focus Sash|[from] move: Knock Off|[of] p1b: Iron Treads\n|move|p1a: Dragonite|Outrage|p2a: Oranguru\n|-damage|p2a: Oranguru|0 fnt\n|faint|p2a: Oranguru\n|-damage|p1a: Dragonite|91\/100|[from] item: Life Orb\n|move|p2b: Muk|Explosion|p1b: Iron Treads|[spread] p1a\n|-immune|p1b: Iron Treads\n|-damage|p1a: Dragonite|33\/100\n|faint|p2b: Muk\n|\n|upkeep\n|\n|t:|1695431826\n|switch|p2b: Torkoal|Torkoal, M|100\/100\n|switch|p2a: Camerupt|Camerupt, M, shiny|100\/100\n|-weather|SunnyDay|[from] ability: Drought|[of] p2b: Torkoal\n|turn|3\n|\n|t:|1695431840\n|detailschange|p2a: Camerupt|Camerupt-Mega, M, shiny\n|-mega|p2a: Camerupt|Camerupt|Cameruptite\n|-terastallize|p2b: Torkoal|Fire\n|move|p1b: Iron Treads|Earthquake|p2b: Torkoal|[spread] p2a,p2b\n|-immune|p1a: Dragonite\n|-supereffective|p2a: Camerupt\n|-supereffective|p2b: Torkoal\n|-damage|p2a: Camerupt|9\/100\n|-damage|p2b: Torkoal|30\/100\n|move|p1a: Dragonite|Outrage|p2b: Torkoal|[from]lockedmove\n|-damage|p2b: Torkoal|0 fnt\n|faint|p2b: Torkoal\n|-damage|p1a: Dragonite|23\/100|[from] item: Life Orb\n|move|p2a: Camerupt|Heat Wave|p1b: Iron Treads|[spread] p1a\n|-miss|p2a: Camerupt|p1b: Iron Treads\n|-resisted|p1a: Dragonite\n|-damage|p1a: Dragonite|0 fnt\n|faint|p1a: Dragonite\n|\n|-weather|SunnyDay|[upkeep]\n|upkeep\n|\n|t:|1695431861\n|switch|p1a: Chansey|Chansey, F|100\/100\n|switch|p2b: Volcanion|Volcanion|100\/100\n|turn|4\n|\n|t:|1695431871\n|move|p1b: Iron Treads|Earthquake|p2b: Volcanion|[spread] p1a,p2a,p2b\n|-supereffective|p2a: Camerupt\n|-supereffective|p2b: Volcanion\n|-damage|p1a: Chansey|51\/100\n|-damage|p2a: Camerupt|0 fnt\n|-damage|p2b: Volcanion|26\/100\n|faint|p2a: Camerupt\n|move|p1a: Chansey|Soft-Boiled|p1a: Chansey\n|-heal|p1a: Chansey|100\/100\n|move|p2b: Volcanion|Heat Wave|p1b: Iron Treads|[spread] p1a,p1b\n|-damage|p1a: Chansey|81\/100\n|-damage|p1b: Iron Treads|18\/100\n|\n|-weather|SunnyDay|[upkeep]\n|-heal|p2b: Volcanion|32\/100|[from] item: Leftovers\n|upkeep\n|turn|5\n|-message|KR0N0Z forfeited.\n|\n|win|kingspeed51\n|raw|kingspeed51's rating: 1124 &rarr; <strong>1164<\/strong><br \/>(+40 for winning)\n|raw|KR0N0Z's rating: 1359 &rarr; <strong>1327<\/strong><br \/>(-32 for losing)\n|l|\u2606KR0N0Z\n","uploadtime":1695431890,"views":6,"p1id":"kingspeed51","p2id":"kr0n0z","formatid":"gen9nationaldexdoubles","rating":1164,"private":0,"password":""}