{"id":"gen9nationaldexdoubles-1960623218","p1":"Theadonia","p2":"Tony Mayer","format":"[Gen 9] National Dex Doubles","log":"|j|\u2606Theadonia\n|j|\u2606Tony Mayer\n|t:|1696539952\n|gametype|doubles\n|player|p1|Theadonia|caitlin|1208\n|player|p2|Tony Mayer|ethan|1000\n|teamsize|p1|6\n|teamsize|p2|6\n|gen|9\n|tier|[Gen 9] National Dex Doubles\n|rated|\n|rule|HP Percentage Mod: HP is shown in percentages\n|rule|Endless Battle Clause: Forcing endless battles is banned\n|rule|OHKO Clause: OHKO moves are banned\n|rule|Evasion Moves Clause: Evasion moves are banned\n|rule|Evasion Abilities Clause: Evasion abilities are banned\n|rule|Species Clause: Limit one of each Pok\u00e9mon\n|rule|Gravity Sleep Clause: The combination of sleep-inducing moves with imperfect accuracy and Gravity or Gigantamax Orbeetle are banned\n|clearpoke\n|poke|p1|Delphox, M|\n|poke|p1|Oricorio-Sensu, M|\n|poke|p1|Kommo-o, M|\n|poke|p1|Riolu, F|\n|poke|p1|Cresselia, F|\n|poke|p1|Smeargle, M|\n|poke|p2|Pikachu-World, M|\n|poke|p2|Jigglypuff, F|\n|poke|p2|Nidoking, M|\n|poke|p2|Sharpedo, F|\n|poke|p2|Aerodactyl, M|\n|poke|p2|Typhlosion, M|\n|teampreview\n|\n|t:|1696539984\n|start\n|switch|p1a: Kommo-o|Kommo-o, M, shiny|100\/100\n|switch|p1b: Smeargle|Smeargle, M|100\/100\n|switch|p2a: Aerodactyl|Aerodactyl, M|100\/100\n|switch|p2b: Jigglypuff|Jigglypuff, F|100\/100\n|-ability|p2a: Aerodactyl|Pressure\n|turn|1\n|\n|t:|1696540013\n|move|p1b: Smeargle|Simple Beam|p1a: Kommo-o\n|-endability|p1a: Kommo-o|Soundproof|[from] move: Simple Beam\n|-ability|p1a: Kommo-o|Simple|[from] move: Simple Beam\n|move|p2a: Aerodactyl|Stealth Rock|p1b: Smeargle\n|-sidestart|p1: Theadonia|move: Stealth Rock\n|-zpower|p1a: Kommo-o\n|move|p1a: Kommo-o|Clangorous Soulblaze|p2b: Jigglypuff|[zeffect]|[spread] p2a\n|-immune|p2b: Jigglypuff\n|-damage|p2a: Aerodactyl|41\/100\n|-boost|p1a: Kommo-o|atk|2\n|-boost|p1a: Kommo-o|def|2\n|-boost|p1a: Kommo-o|spa|2\n|-boost|p1a: Kommo-o|spd|2\n|-boost|p1a: Kommo-o|spe|2\n|move|p2b: Jigglypuff|Attract|p1a: Kommo-o\n|-start|p1a: Kommo-o|Attract\n|\n|upkeep\n|turn|2\n|\n|t:|1696540039\n|switch|p1b: Cresselia|Cresselia, F|100\/100\n|-damage|p1b: Cresselia|88\/100|[from] Stealth Rock\n|-activate|p1a: Kommo-o|move: Attract|[of] p2b: Jigglypuff\n|move|p1a: Kommo-o|Poison Jab|p2b: Jigglypuff\n|-supereffective|p2b: Jigglypuff\n|-damage|p2b: Jigglypuff|4\/100\n|move|p2a: Aerodactyl|Dual Wingbeat|p1a: Kommo-o\n|-supereffective|p1a: Kommo-o\n|-crit|p1a: Kommo-o\n|-damage|p1a: Kommo-o|57\/100\n|-supereffective|p1a: Kommo-o\n|-damage|p1a: Kommo-o|42\/100\n|-hitcount|p1a: Kommo-o|2\n|move|p2b: Jigglypuff|Toxic|p1a: Kommo-o\n|-status|p1a: Kommo-o|tox\n|\n|-heal|p1b: Cresselia|94\/100|[from] item: Leftovers\n|-damage|p1a: Kommo-o|36\/100 tox|[from] psn\n|upkeep\n|turn|3\n|\n|t:|1696540087\n|-activate|p1a: Kommo-o|move: Attract|[of] p2b: Jigglypuff\n|move|p1a: Kommo-o|Drain Punch|p2a: Aerodactyl\n|-crit|p2a: Aerodactyl\n|-damage|p2a: Aerodactyl|0 fnt\n|-heal|p1a: Kommo-o|58\/100 tox|[from] drain|[of] p2a: Aerodactyl\n|faint|p2a: Aerodactyl\n|move|p1b: Cresselia|Psych Up|p1a: Kommo-o\n|-copyboost|p1b: Cresselia|p1a: Kommo-o|[from] move: Psych Up\n|move|p2b: Jigglypuff|Toxic|p1b: Cresselia\n|-status|p1b: Cresselia|tox\n|\n|-heal|p1b: Cresselia|99\/100 tox|[from] item: Leftovers\n|-damage|p1a: Kommo-o|45\/100 tox|[from] psn\n|-damage|p1b: Cresselia|94\/100 tox|[from] psn\n|upkeep\n|\n|t:|1696540102\n|switch|p2a: Pikachu|Pikachu-World, M|100\/100\n|turn|4\n|\n|t:|1696540109\n|move|p2a: Pikachu|Fake Out|p1a: Kommo-o\n|-damage|p1a: Kommo-o|37\/100 tox\n|cant|p1a: Kommo-o|flinch\n|move|p1b: Cresselia|Icy Wind|p2a: Pikachu|[spread] p2a,p2b\n|-crit|p2a: Pikachu\n|-damage|p2a: Pikachu|7\/100\n|-damage|p2b: Jigglypuff|0 fnt\n|-unboost|p2a: Pikachu|spe|1\n|faint|p2b: Jigglypuff\n|-end|p1a: Kommo-o|Attract|[silent]\n|\n|-heal|p1b: Cresselia|99\/100 tox|[from] item: Leftovers\n|-damage|p1a: Kommo-o|19\/100 tox|[from] psn\n|-damage|p1b: Cresselia|88\/100 tox|[from] psn\n|upkeep\n|\n|t:|1696540125\n|switch|p2b: Sharpedo|Sharpedo, F|100\/100\n|turn|5\n|\n|t:|1696540135\n|move|p2b: Sharpedo|Protect|p2b: Sharpedo\n|-singleturn|p2b: Sharpedo|Protect\n|move|p1a: Kommo-o|Drain Punch|p2b: Sharpedo\n|-activate|p2b: Sharpedo|move: Protect\n|move|p1b: Cresselia|Lunar Blessing|p1b: Cresselia|[spread] p1a,p1b\n|-heal|p1a: Kommo-o|44\/100 tox\n|-curestatus|p1a: Kommo-o|tox|[msg]\n|-heal|p1b: Cresselia|100\/100 tox\n|-curestatus|p1b: Cresselia|tox|[msg]\n|move|p2a: Pikachu|Play Rough|p1b: Cresselia|[miss]\n|-miss|p2a: Pikachu|p1b: Cresselia\n|\n|-ability|p2b: Sharpedo|Speed Boost|boost\n|-boost|p2b: Sharpedo|spe|1\n|upkeep\n|turn|6\n|\n|t:|1696540172\n|move|p1a: Kommo-o|Drain Punch|p2b: Sharpedo\n|-supereffective|p2b: Sharpedo\n|-damage|p2b: Sharpedo|0 fnt\n|-heal|p1a: Kommo-o|94\/100|[from] drain|[of] p2b: Sharpedo\n|faint|p2b: Sharpedo\n|move|p1b: Cresselia|Icy Wind|p2a: Pikachu\n|-damage|p2a: Pikachu|0 fnt\n|faint|p2a: Pikachu\n|\n|upkeep\n|-message|Tony Mayer forfeited.\n|\n|win|Theadonia\n|raw|Theadonia's rating: 1208 &rarr; <strong>1220<\/strong><br \/>(+12 for winning)\n|raw|Tony Mayer's rating: 1000 &rarr; <strong>1000<\/strong><br \/>(+0 for losing)\n|l|\u2606Tony Mayer\n","uploadtime":1696540183,"views":9,"p1id":"theadonia","p2id":"tonymayer","formatid":"gen9nationaldexdoubles","rating":1000,"private":0,"password":""}