{"id":"gen9nationaldexdoubles-1972170955","p1":"KingGodzila","p2":"AdvancedDigit","format":"[Gen 9] National Dex Doubles","log":"|j|\u2606KingGodzila\n|j|\u2606AdvancedDigit\n|t:|1697818575\n|gametype|doubles\n|player|p1|KingGodzila|bugsy|1229\n|player|p2|AdvancedDigit|hilbert|1286\n|teamsize|p1|6\n|teamsize|p2|6\n|gen|9\n|tier|[Gen 9] National Dex Doubles\n|rated|\n|rule|HP Percentage Mod: HP is shown in percentages\n|rule|Endless Battle Clause: Forcing endless battles is banned\n|rule|OHKO Clause: OHKO moves are banned\n|rule|Evasion Moves Clause: Evasion moves are banned\n|rule|Evasion Abilities Clause: Evasion abilities are banned\n|rule|Species Clause: Limit one of each Pok\u00e9mon\n|rule|Gravity Sleep Clause: The combination of sleep-inducing moves with imperfect accuracy and Gravity or Gigantamax Orbeetle are banned\n|clearpoke\n|poke|p1|Vikavolt, M|\n|poke|p1|Lokix, M|\n|poke|p1|Golisopod, M|\n|poke|p1|Cresselia, F|\n|poke|p1|Escavalier, M|\n|poke|p1|Charjabug, F|\n|poke|p2|Lilligant-Hisui, F|\n|poke|p2|Tornadus, M|\n|poke|p2|Malamar, M|\n|poke|p2|Gothitelle, F|\n|poke|p2|Charizard, F|\n|poke|p2|Garchomp, F|\n|teampreview\n|\n|t:|1697818583\n|start\n|switch|p1a: \u80fd\u8fdb\u80fd\u9000\u65b9\u6b66\u8005|Golisopod, M, shiny|100\/100\n|switch|p1b: \u7f8e\u68a6\u8001\u5988|Cresselia, F|100\/100\n|switch|p2a: Charizard|Charizard, F|100\/100\n|switch|p2b: Lilligant|Lilligant-Hisui, F|100\/100\n|turn|1\n|inactive|Battle timer is ON: inactive players will automatically lose when time's up. (requested by AdvancedDigit)\n|\n|t:|1697818601\n|detailschange|p2a: Charizard|Charizard-Mega-Y, F\n|-mega|p2a: Charizard|Charizard|Charizardite Y\n|-weather|SunnyDay|[from] ability: Drought|[of] p2a: Charizard\n|move|p1a: \u80fd\u8fdb\u80fd\u9000\u65b9\u6b66\u8005|First Impression|p2b: Lilligant\n|-damage|p2b: Lilligant|22\/100\n|-enditem|p2b: Lilligant|Salac Berry|[eat]\n|-boost|p2b: Lilligant|spe|1|[from] item: Salac Berry\n|move|p2b: Lilligant|Entrainment|p2a: Charizard\n|-endability|p2a: Charizard|Drought|[from] move: Entrainment\n|-ability|p2a: Charizard|Chlorophyll|[from] move: Entrainment\n|move|p2a: Charizard|Heat Wave|p1a: \u80fd\u8fdb\u80fd\u9000\u65b9\u6b66\u8005|[spread] p1a,p1b\n|-damage|p1a: \u80fd\u8fdb\u80fd\u9000\u65b9\u6b66\u8005|20\/100\n|-damage|p1b: \u7f8e\u68a6\u8001\u5988|67\/100\n|-activate|p1a: \u80fd\u8fdb\u80fd\u9000\u65b9\u6b66\u8005|ability: Emergency Exit\n|\n|t:|1697818618\n|switch|p1a: Charjabug|Charjabug, F, shiny|100\/100\n|move|p1b: \u7f8e\u68a6\u8001\u5988|Trick Room|p1b: \u7f8e\u68a6\u8001\u5988\n|-fieldstart|move: Trick Room|[of] p1b: \u7f8e\u68a6\u8001\u5988\n|\n|-weather|SunnyDay|[upkeep]\n|-heal|p1b: \u7f8e\u68a6\u8001\u5988|73\/100|[from] item: Leftovers\n|upkeep\n|turn|2\n|\n|t:|1697818636\n|switch|p1b: \u80fd\u8fdb\u80fd\u9000\u65b9\u6b66\u8005|Golisopod, M, shiny|20\/100\n|move|p1a: Charjabug|Substitute|p1a: Charjabug\n|-start|p1a: Charjabug|Substitute\n|-damage|p1a: Charjabug|76\/100\n|move|p2a: Charizard|Heat Wave|p1b: \u80fd\u8fdb\u80fd\u9000\u65b9\u6b66\u8005|[spread] p1b\n|-miss|p2a: Charizard|p1a: Charjabug\n|-damage|p1b: \u80fd\u8fdb\u80fd\u9000\u65b9\u6b66\u8005|0 fnt\n|faint|p1b: \u80fd\u8fdb\u80fd\u9000\u65b9\u6b66\u8005\n|move|p2b: Lilligant|Leaf Blade|p1a: Charjabug\n|-resisted|p1a: Charjabug\n|-activate|p1a: Charjabug|move: Substitute|[damage]\n|\n|-weather|SunnyDay|[upkeep]\n|upkeep\n|\n|t:|1697818652\n|switch|p1b: \u7535\u5149\u8f68\u9053\u70ae|Vikavolt, M|100\/100\n|turn|3\n|\n|t:|1697818669\n|-terastallize|p1b: \u7535\u5149\u8f68\u9053\u70ae|Electric\n|move|p1a: Charjabug|Protect|p1a: Charjabug\n|-singleturn|p1a: Charjabug|Protect\n|move|p1b: \u7535\u5149\u8f68\u9053\u70ae|Discharge|p2b: Lilligant|[spread] p2a,p2b\n|-activate|p1a: Charjabug|move: Protect\n|-supereffective|p2a: Charizard\n|-resisted|p2b: Lilligant\n|-crit|p2b: Lilligant\n|-damage|p2a: Charizard|0 fnt\n|-damage|p2b: Lilligant|0 fnt\n|faint|p2a: Charizard\n|faint|p2b: Lilligant\n|-damage|p1b: \u7535\u5149\u8f68\u9053\u70ae|91\/100|[from] item: Life Orb\n|\n|-weather|SunnyDay|[upkeep]\n|upkeep\n|\n|t:|1697818676\n|switch|p2a: Malamar|Malamar, M|100\/100\n|switch|p2b: Tornadus|Tornadus, M|100\/100\n|turn|4\n|\n|t:|1697818686\n|move|p2b: Tornadus|Defog|p2a: Malamar\n|-boost|p2a: Malamar|evasion|1\n|move|p1a: Charjabug|Struggle Bug|p2b: Tornadus|[spread] p2b\n|-miss|p1a: Charjabug|p2a: Malamar\n|-resisted|p2b: Tornadus\n|-damage|p2b: Tornadus|94\/100\n|-unboost|p2b: Tornadus|spa|1\n|move|p1b: \u7535\u5149\u8f68\u9053\u70ae|Discharge|p2a: Malamar|[spread] p1a,p2a,p2b\n|-resisted|p1a: Charjabug\n|-end|p1a: Charjabug|Substitute\n|-supereffective|p2b: Tornadus\n|-damage|p2a: Malamar|9\/100\n|-damage|p2b: Tornadus|0 fnt\n|faint|p2b: Tornadus\n|-damage|p1b: \u7535\u5149\u8f68\u9053\u70ae|81\/100|[from] item: Life Orb\n|move|p2a: Malamar|Rock Slide|p1b: \u7535\u5149\u8f68\u9053\u70ae|[spread] p1a,p1b\n|-supereffective|p1a: Charjabug\n|-damage|p1a: Charjabug|52\/100\n|-damage|p1b: \u7535\u5149\u8f68\u9053\u70ae|63\/100\n|\n|-weather|SunnyDay|[upkeep]\n|-heal|p2a: Malamar|15\/100|[from] item: Leftovers\n|upkeep\n|\n|t:|1697818701\n|switch|p2b: Gothitelle|Gothitelle, F|100\/100\n|turn|5\n|\n|t:|1697818716\n|move|p2b: Gothitelle|Fake Out|p1b: \u7535\u5149\u8f68\u9053\u70ae\n|-damage|p1b: \u7535\u5149\u8f68\u9053\u70ae|56\/100\n|move|p1a: Charjabug|Substitute|p1a: Charjabug\n|-start|p1a: Charjabug|Substitute\n|-damage|p1a: Charjabug|27\/100\n|cant|p1b: \u7535\u5149\u8f68\u9053\u70ae|flinch\n|move|p2a: Malamar|Rock Slide|p1a: Charjabug|[spread] p1a,p1b\n|-supereffective|p1a: Charjabug\n|-end|p1a: Charjabug|Substitute\n|-damage|p1b: \u7535\u5149\u8f68\u9053\u70ae|39\/100\n|\n|-weather|none\n|-heal|p2a: Malamar|22\/100|[from] item: Leftovers\n|-fieldend|move: Trick Room\n|upkeep\n|turn|6\n|\n|t:|1697818741\n|move|p1a: Charjabug|Protect|p1a: Charjabug\n|-singleturn|p1a: Charjabug|Protect\n|move|p2a: Malamar|Rock Slide|p1b: \u7535\u5149\u8f68\u9053\u70ae|[spread] p1b\n|-activate|p1a: Charjabug|move: Protect\n|-damage|p1b: \u7535\u5149\u8f68\u9053\u70ae|21\/100\n|move|p2b: Gothitelle|Substitute|p2b: Gothitelle\n|-start|p2b: Gothitelle|Substitute\n|-damage|p2b: Gothitelle|76\/100\n|move|p1b: \u7535\u5149\u8f68\u9053\u70ae|Discharge|p2b: Gothitelle|[spread] p2b\n|-activate|p1a: Charjabug|move: Protect\n|-miss|p1b: \u7535\u5149\u8f68\u9053\u70ae|p2a: Malamar\n|-end|p2b: Gothitelle|Substitute\n|-damage|p1b: \u7535\u5149\u8f68\u9053\u70ae|12\/100|[from] item: Life Orb\n|\n|-heal|p2a: Malamar|28\/100|[from] item: Leftovers\n|-heal|p2b: Gothitelle|82\/100|[from] item: Leftovers\n|upkeep\n|turn|7\n|\n|t:|1697818766\n|move|p2a: Malamar|Rock Slide|p1b: \u7535\u5149\u8f68\u9053\u70ae|[spread] p1a,p1b\n|-supereffective|p1a: Charjabug\n|-damage|p1a: Charjabug|2\/100\n|-damage|p1b: \u7535\u5149\u8f68\u9053\u70ae|0 fnt\n|faint|p1b: \u7535\u5149\u8f68\u9053\u70ae\n|move|p2b: Gothitelle|Shadow Ball|p1a: Charjabug\n|-damage|p1a: Charjabug|0 fnt\n|faint|p1a: Charjabug\n|\n|-heal|p2a: Malamar|34\/100|[from] item: Leftovers\n|-heal|p2b: Gothitelle|88\/100|[from] item: Leftovers\n|upkeep\n|\n|t:|1697818775\n|switch|p1b: \u70c8\u817f\u8757\u4fa0|Lokix, M|100\/100\n|switch|p1a: \u7f8e\u68a6\u8001\u5988|Cresselia, F|73\/100\n|turn|8\n|\n|t:|1697818796\n|move|p2a: Malamar|Protect|p2a: Malamar\n|-singleturn|p2a: Malamar|Protect\n|move|p1b: \u70c8\u817f\u8757\u4fa0|First Impression|p2a: Malamar\n|-activate|p2a: Malamar|move: Protect\n|move|p1a: \u7f8e\u68a6\u8001\u5988|Toxic|p2a: Malamar\n|-activate|p2a: Malamar|move: Protect\n|move|p2b: Gothitelle|Toxic|p1a: \u7f8e\u68a6\u8001\u5988\n|-status|p1a: \u7f8e\u68a6\u8001\u5988|tox\n|\n|-heal|p2a: Malamar|40\/100|[from] item: Leftovers\n|-heal|p1a: \u7f8e\u68a6\u8001\u5988|79\/100 tox|[from] item: Leftovers\n|-heal|p2b: Gothitelle|94\/100|[from] item: Leftovers\n|-damage|p1a: \u7f8e\u68a6\u8001\u5988|73\/100 tox|[from] psn\n|upkeep\n|turn|9\n|\n|t:|1697818809\n|move|p1b: \u70c8\u817f\u8757\u4fa0|Sucker Punch|p2a: Malamar\n|-damage|p2a: Malamar|0 fnt\n|faint|p2a: Malamar\n|-damage|p1b: \u70c8\u817f\u8757\u4fa0|91\/100|[from] item: Life Orb\n|move|p1a: \u7f8e\u68a6\u8001\u5988|Dazzling Gleam|p2b: Gothitelle\n|-damage|p2b: Gothitelle|84\/100\n|move|p2b: Gothitelle|Toxic|p1b: \u70c8\u817f\u8757\u4fa0\n|-status|p1b: \u70c8\u817f\u8757\u4fa0|tox\n|\n|-heal|p1a: \u7f8e\u68a6\u8001\u5988|79\/100 tox|[from] item: Leftovers\n|-heal|p2b: Gothitelle|91\/100|[from] item: Leftovers\n|-damage|p1b: \u70c8\u817f\u8757\u4fa0|85\/100 tox|[from] psn\n|-damage|p1a: \u7f8e\u68a6\u8001\u5988|67\/100 tox|[from] psn\n|upkeep\n|\n|t:|1697818812\n|switch|p2a: Garchomp|Garchomp, F|100\/100\n|turn|10\n|\n|t:|1697818829\n|move|p1b: \u70c8\u817f\u8757\u4fa0|Knock Off|p2b: Gothitelle\n|-supereffective|p2b: Gothitelle\n|-damage|p2b: Gothitelle|0 fnt\n|-enditem|p2b: Gothitelle|Leftovers|[from] move: Knock Off|[of] p1b: \u70c8\u817f\u8757\u4fa0\n|faint|p2b: Gothitelle\n|-damage|p1b: \u70c8\u817f\u8757\u4fa0|75\/100 tox|[from] item: Life Orb\n|move|p2a: Garchomp|Crunch|p1a: \u7f8e\u68a6\u8001\u5988\n|-supereffective|p1a: \u7f8e\u68a6\u8001\u5988\n|-damage|p1a: \u7f8e\u68a6\u8001\u5988|21\/100 tox\n|move|p1a: \u7f8e\u68a6\u8001\u5988|Trick Room|p1a: \u7f8e\u68a6\u8001\u5988\n|-fieldstart|move: Trick Room|[of] p1a: \u7f8e\u68a6\u8001\u5988\n|\n|-heal|p1a: \u7f8e\u68a6\u8001\u5988|27\/100 tox|[from] item: Leftovers\n|-damage|p1a: \u7f8e\u68a6\u8001\u5988|9\/100 tox|[from] psn\n|-damage|p1b: \u70c8\u817f\u8757\u4fa0|63\/100 tox|[from] psn\n|upkeep\n|turn|11\n|\n|t:|1697818849\n|move|p1a: \u7f8e\u68a6\u8001\u5988|Toxic|p2a: Garchomp\n|-status|p2a: Garchomp|tox\n|move|p2a: Garchomp|Dragon Claw|p1b: \u70c8\u817f\u8757\u4fa0\n|-damage|p1b: \u70c8\u817f\u8757\u4fa0|0 fnt\n|faint|p1b: \u70c8\u817f\u8757\u4fa0\n|\n|-heal|p1a: \u7f8e\u68a6\u8001\u5988|15\/100 tox|[from] item: Leftovers\n|-damage|p1a: \u7f8e\u68a6\u8001\u5988|0 fnt|[from] psn\n|faint|p1a: \u7f8e\u68a6\u8001\u5988\n|-damage|p2a: Garchomp|94\/100 tox|[from] psn\n|upkeep\n|\n|t:|1697818858\n|switch|p1a: \u4e00\u592b\u5f53\u5173\u4e3a\u9a91\u58eb|Escavalier, M|100\/100\n|turn|12\n|\n|t:|1697818868\n|move|p1a: \u4e00\u592b\u5f53\u5173\u4e3a\u9a91\u58eb|Iron Head|p2a: Garchomp\n|-damage|p2a: Garchomp|35\/100 tox\n|-damage|p1a: \u4e00\u592b\u5f53\u5173\u4e3a\u9a91\u58eb|88\/100|[from] ability: Rough Skin|[of] p2a: Garchomp\n|-damage|p1a: \u4e00\u592b\u5f53\u5173\u4e3a\u9a91\u58eb|78\/100|[from] item: Life Orb\n|move|p2a: Garchomp|Earthquake|p1a: \u4e00\u592b\u5f53\u5173\u4e3a\u9a91\u58eb\n|-damage|p1a: \u4e00\u592b\u5f53\u5173\u4e3a\u9a91\u58eb|24\/100\n|\n|-damage|p2a: Garchomp|23\/100 tox|[from] psn\n|upkeep\n|turn|13\n|c|\u2606AdvancedDigit|gg\n|\n|t:|1697818877\n|move|p1a: \u4e00\u592b\u5f53\u5173\u4e3a\u9a91\u58eb|Iron Head|p2a: Garchomp\n|-damage|p2a: Garchomp|0 fnt\n|-damage|p1a: \u4e00\u592b\u5f53\u5173\u4e3a\u9a91\u58eb|12\/100|[from] ability: Rough Skin|[of] p2a: Garchomp\n|faint|p2a: Garchomp\n|-damage|p1a: \u4e00\u592b\u5f53\u5173\u4e3a\u9a91\u58eb|2\/100|[from] item: Life Orb\n|\n|win|KingGodzila\n|raw|KingGodzila's rating: 1229 &rarr; <strong>1258<\/strong><br \/>(+29 for winning)\n|raw|AdvancedDigit's rating: 1286 &rarr; <strong>1257<\/strong><br \/>(-29 for losing)\n","uploadtime":1697818887,"views":15,"p1id":"kinggodzila","p2id":"advanceddigit","formatid":"gen9nationaldexdoubles","rating":1257,"private":0,"password":""}