{"id":"gen9nationaldexdoubles-1986256387","p1":"koodagameplay","p2":"Patatas6712","format":"[Gen 9] National Dex Doubles","log":"|j|\u2606koodagameplay\n|j|\u2606Patatas6712\n|t:|1699463873\n|gametype|doubles\n|player|p1|koodagameplay|lady-gen4|1033\n|player|p2|Patatas6712|riley|1051\n|teamsize|p1|6\n|teamsize|p2|6\n|gen|9\n|tier|[Gen 9] National Dex Doubles\n|rated|\n|rule|HP Percentage Mod: HP is shown in percentages\n|rule|Endless Battle Clause: Forcing endless battles is banned\n|rule|OHKO Clause: OHKO moves are banned\n|rule|Evasion Moves Clause: Evasion moves are banned\n|rule|Evasion Abilities Clause: Evasion abilities are banned\n|rule|Species Clause: Limit one of each Pok\u00e9mon\n|rule|Gravity Sleep Clause: The combination of sleep-inducing moves with imperfect accuracy and Gravity or Gigantamax Orbeetle are banned\n|clearpoke\n|poke|p1|Dragonair, F|\n|poke|p1|Pikachu-Sinnoh, M|\n|poke|p1|Dodrio, M|\n|poke|p1|Quaquaval, F|\n|poke|p1|Lopunny, M|\n|poke|p1|Garchomp, F|\n|poke|p2|Rillaboom, M|\n|poke|p2|Sceptile, F|\n|poke|p2|Armarouge, F|\n|poke|p2|Indeedee-F, F|\n|poke|p2|Sneasler, M|\n|poke|p2|Empoleon, M|\n|teampreview\n|inactive|Battle timer is ON: inactive players will automatically lose when time's up. (requested by koodagameplay)\n|inactive|Patatas6712 has 120 seconds left.\n|\n|t:|1699463930\n|start\n|switch|p1a: Determination|Dragonair, F, shiny|100\/100\n|switch|p1b: Ash|Pikachu-Sinnoh, M|100\/100\n|switch|p2a: Rillaboom|Rillaboom, M|100\/100\n|switch|p2b: Sceptile|Sceptile, F|100\/100\n|-fieldstart|move: Grassy Terrain|[from] ability: Grassy Surge|[of] p2a: Rillaboom\n|-enditem|p2b: Sceptile|Grassy Seed\n|-boost|p2b: Sceptile|def|1|[from] item: Grassy Seed\n|turn|1\n|\n|t:|1699463959\n|move|p1b: Ash|Fake Out|p2b: Sceptile\n|-damage|p2b: Sceptile|83\/100\n|cant|p2b: Sceptile|flinch\n|move|p2a: Rillaboom|Wood Hammer|p1a: Determination\n|-resisted|p1a: Determination\n|-damage|p1a: Determination|70\/100\n|-damage|p2a: Rillaboom|93\/100|[from] Recoil\n|move|p1a: Determination|Reflect|p1a: Determination\n|-sidestart|p1: koodagameplay|Reflect\n|\n|-heal|p2b: Sceptile|89\/100|[from] Grassy Terrain\n|-heal|p2a: Rillaboom|99\/100|[from] Grassy Terrain\n|-heal|p1a: Determination|76\/100|[from] Grassy Terrain\n|upkeep\n|turn|2\n|\n|t:|1699463983\n|move|p2a: Rillaboom|Fake Out||[still]\n|-hint|Fake Out only works on your first turn out.\n|-fail|p2a: Rillaboom\n|move|p2b: Sceptile|Energy Ball|p1b: Ash\n|-damage|p1b: Ash|0 fnt\n|faint|p1b: Ash\n|move|p1a: Determination|Toxic|p2b: Sceptile\n|-status|p2b: Sceptile|tox\n|\n|-heal|p2b: Sceptile|95\/100 tox|[from] Grassy Terrain\n|-heal|p2a: Rillaboom|100\/100|[from] Grassy Terrain\n|-heal|p1a: Determination|82\/100|[from] Grassy Terrain\n|-damage|p2b: Sceptile|89\/100 tox|[from] psn\n|upkeep\n|inactive|koodagameplay has 120 seconds left.\n|\n|t:|1699464002\n|switch|p1b: Joker|Lopunny, M|100\/100\n|turn|3\n|\n|t:|1699464013\n|detailschange|p1b: Joker|Lopunny-Mega, M\n|-mega|p1b: Joker|Lopunny|Lopunnite\n|move|p1b: Joker|Fake Out|p2b: Sceptile\n|-damage|p2b: Sceptile|65\/100 tox\n|cant|p2b: Sceptile|flinch\n|move|p2a: Rillaboom|Wood Hammer|p1b: Joker\n|-damage|p1b: Joker|27\/100\n|-damage|p2a: Rillaboom|81\/100|[from] Recoil\n|move|p1a: Determination|Toxic|p2a: Rillaboom\n|-status|p2a: Rillaboom|tox\n|\n|-heal|p2b: Sceptile|71\/100 tox|[from] Grassy Terrain\n|-heal|p1b: Joker|33\/100|[from] Grassy Terrain\n|-heal|p2a: Rillaboom|87\/100 tox|[from] Grassy Terrain\n|-heal|p1a: Determination|88\/100|[from] Grassy Terrain\n|-damage|p2b: Sceptile|59\/100 tox|[from] psn\n|-damage|p2a: Rillaboom|81\/100 tox|[from] psn\n|upkeep\n|turn|4\n|inactive|koodagameplay has 120 seconds left.\n|\n|t:|1699464045\n|switch|p1a: Rage|Dodrio, M|100\/100\n|move|p2a: Rillaboom|Grassy Glide|p1b: Joker\n|-damage|p1b: Joker|0 fnt\n|faint|p1b: Joker\n|move|p2b: Sceptile|Dragon Pulse|p1a: Rage\n|-damage|p1a: Rage|44\/100\n|\n|-heal|p2b: Sceptile|65\/100 tox|[from] Grassy Terrain\n|-heal|p2a: Rillaboom|87\/100 tox|[from] Grassy Terrain\n|-damage|p2b: Sceptile|47\/100 tox|[from] psn\n|-damage|p2a: Rillaboom|75\/100 tox|[from] psn\n|upkeep\n|inactive|koodagameplay has 120 seconds left.\n|\n|t:|1699464061\n|switch|p1b: Cynthia|Garchomp, F|100\/100\n|turn|5\n|inactive|koodagameplay has 120 seconds left.\n|\n|t:|1699464079\n|switch|p2a: Empoleon|Empoleon, M|100\/100\n|move|p2b: Sceptile|Dragon Pulse|p1b: Cynthia\n|-supereffective|p1b: Cynthia\n|-damage|p1b: Cynthia|40\/100\n|move|p1a: Rage|Drill Peck|p2a: Empoleon\n|-resisted|p2a: Empoleon\n|-damage|p2a: Empoleon|79\/100\n|move|p1b: Cynthia|Fire Fang|p2b: Sceptile\n|-supereffective|p2b: Sceptile\n|-damage|p2b: Sceptile|0 fnt\n|faint|p2b: Sceptile\n|\n|-heal|p1b: Cynthia|46\/100|[from] Grassy Terrain\n|-heal|p2a: Empoleon|86\/100|[from] Grassy Terrain\n|-heal|p2a: Empoleon|92\/100|[from] item: Leftovers\n|-sideend|p1: koodagameplay|Reflect\n|upkeep\n|\n|t:|1699464095\n|switch|p2b: Sneasler|Sneasler, M|100\/100\n|turn|6\n|\n|t:|1699464108\n|move|p2b: Sneasler|Fake Out|p1a: Rage\n|-damage|p1a: Rage|17\/100\n|cant|p1a: Rage|flinch\n|move|p1b: Cynthia|Earthquake|p2b: Sneasler|[spread] p2a,p2b\n|-immune|p1a: Rage\n|-supereffective|p2a: Empoleon\n|-supereffective|p2b: Sneasler\n|-damage|p2a: Empoleon|47\/100\n|-damage|p2b: Sneasler|28\/100\n|move|p2a: Empoleon|Ice Beam|p1b: Cynthia\n|-supereffective|p1b: Cynthia\n|-damage|p1b: Cynthia|0 fnt\n|faint|p1b: Cynthia\n|\n|-heal|p2b: Sneasler|34\/100|[from] Grassy Terrain\n|-heal|p2a: Empoleon|53\/100|[from] Grassy Terrain\n|-heal|p2a: Empoleon|59\/100|[from] item: Leftovers\n|upkeep\n|\n|t:|1699464127\n|switch|p1b: Carnaval|Quaquaval, F|100\/100\n|turn|7\n|\n|t:|1699464151\n|switch|p2a: Indeedee|Indeedee-F, F|100\/100\n|-fieldstart|move: Psychic Terrain|[from] ability: Psychic Surge|[of] p2a: Indeedee\n|-enditem|p2b: Sneasler|Psychic Seed\n|-boost|p2b: Sneasler|spd|1|[from] item: Psychic Seed\n|-terastallize|p1b: Carnaval|Water\n|-terastallize|p2b: Sneasler|Flying\n|move|p2b: Sneasler|Acrobatics|p1b: Carnaval\n|-damage|p1b: Carnaval|20\/100\n|move|p1b: Carnaval|Aqua Step|p2b: Sneasler\n|-damage|p2b: Sneasler|0 fnt\n|-boost|p1b: Carnaval|spe|1\n|faint|p2b: Sneasler\n|-ability|p1b: Carnaval|Moxie|boost\n|-boost|p1b: Carnaval|atk|1\n|move|p1a: Rage|Knock Off|p2a: Indeedee\n|-supereffective|p2a: Indeedee\n|-damage|p2a: Indeedee|0 fnt\n|-enditem|p2a: Indeedee|Terrain Extender|[from] move: Knock Off|[of] p1a: Rage\n|faint|p2a: Indeedee\n|\n|upkeep\n|inactive|Patatas6712 has 120 seconds left.\n|\n|t:|1699464189\n|switch|p2b: Rillaboom|Rillaboom, M|75\/100 tox\n|switch|p2a: Empoleon|Empoleon, M|59\/100\n|-fieldstart|move: Grassy Terrain|[from] ability: Grassy Surge|[of] p2b: Rillaboom\n|turn|8\n|inactive|Patatas6712 has 120 seconds left.\n|\n|t:|1699464205\n|move|p2b: Rillaboom|Fake Out|p1b: Carnaval\n|-damage|p1b: Carnaval|3\/100\n|cant|p1b: Carnaval|flinch\n|move|p1a: Rage|Drill Peck|p2b: Rillaboom\n|-supereffective|p2b: Rillaboom\n|-damage|p2b: Rillaboom|0 fnt\n|faint|p2b: Rillaboom\n|move|p2a: Empoleon|Air Slash|p1b: Carnaval|[miss]\n|-miss|p2a: Empoleon|p1b: Carnaval\n|\n|-heal|p1b: Carnaval|9\/100|[from] Grassy Terrain\n|-heal|p2a: Empoleon|66\/100|[from] Grassy Terrain\n|-heal|p2a: Empoleon|72\/100|[from] item: Leftovers\n|upkeep\n|inactive|Patatas6712 has 120 seconds left.\n|\n|t:|1699464215\n|switch|p2b: Armarouge|Armarouge, F|100\/100\n|turn|9\n|inactive|Patatas6712 has 120 seconds left.\n|\n|t:|1699464239\n|move|p2b: Armarouge|Protect|p2b: Armarouge\n|-singleturn|p2b: Armarouge|Protect\n|move|p1b: Carnaval|Aqua Step|p2b: Armarouge\n|-activate|p2b: Armarouge|move: Protect\n|move|p1a: Rage|Knock Off|p2a: Empoleon\n|-damage|p2a: Empoleon|33\/100\n|-enditem|p2a: Empoleon|Leftovers|[from] move: Knock Off|[of] p1a: Rage\n|move|p2a: Empoleon|Air Slash|p1b: Carnaval\n|-damage|p1b: Carnaval|0 fnt\n|faint|p1b: Carnaval\n|\n|-heal|p2a: Empoleon|39\/100|[from] Grassy Terrain\n|upkeep\n|\n|t:|1699464253\n|switch|p1b: Determination|Dragonair, F, shiny|88\/100\n|turn|10\n|\n|t:|1699464269\n|move|p1a: Rage|Knock Off|p2b: Armarouge\n|-supereffective|p2b: Armarouge\n|-damage|p2b: Armarouge|41\/100\n|-enditem|p2b: Armarouge|Psychic Seed|[from] move: Knock Off|[of] p1a: Rage\n|move|p2a: Empoleon|Ice Beam|p1b: Determination\n|-supereffective|p1b: Determination\n|-damage|p1b: Determination|35\/100\n|-status|p1b: Determination|frz\n|move|p2b: Armarouge|Armor Cannon|p1a: Rage\n|-damage|p1a: Rage|0 fnt\n|-unboost|p2b: Armarouge|def|1\n|-unboost|p2b: Armarouge|spd|1\n|faint|p1a: Rage\n|cant|p1b: Determination|frz\n|\n|-heal|p2a: Empoleon|45\/100|[from] Grassy Terrain\n|-heal|p2b: Armarouge|47\/100|[from] Grassy Terrain\n|-heal|p1b: Determination|41\/100 frz|[from] Grassy Terrain\n|upkeep\n|turn|11\n|-message|koodagameplay forfeited.\n|\n|win|Patatas6712\n|raw|koodagameplay's rating: 1033 &rarr; <strong>1019<\/strong><br \/>(-14 for losing)\n|raw|Patatas6712's rating: 1051 &rarr; <strong>1082<\/strong><br \/>(+31 for winning)\n|l|\u2606koodagameplay\n|c|\u2606Patatas6712|GG\n","uploadtime":1699464291,"views":7,"p1id":"koodagameplay","p2id":"patatas6712","formatid":"gen9nationaldexdoubles","rating":1019,"private":0,"password":""}