{"id":"gen9nationaldexdoubles-1988672080","p1":"Denvah_17","p2":"Shazamwhich","format":"[Gen 9] National Dex Doubles","log":"|j|\u2606Denvah_17\n|j|\u2606Shazamwhich\n|t:|1699748833\n|gametype|doubles\n|player|p1|Denvah_17|alder|1305\n|player|p2|Shazamwhich|brendan-gen3|1179\n|teamsize|p1|6\n|teamsize|p2|6\n|gen|9\n|tier|[Gen 9] National Dex Doubles\n|rated|\n|rule|HP Percentage Mod: HP is shown in percentages\n|rule|Endless Battle Clause: Forcing endless battles is banned\n|rule|OHKO Clause: OHKO moves are banned\n|rule|Evasion Moves Clause: Evasion moves are banned\n|rule|Evasion Abilities Clause: Evasion abilities are banned\n|rule|Species Clause: Limit one of each Pok\u00e9mon\n|rule|Gravity Sleep Clause: The combination of sleep-inducing moves with imperfect accuracy and Gravity or Gigantamax Orbeetle are banned\n|clearpoke\n|poke|p1|Porygon2|\n|poke|p1|Marowak-Alola, F|\n|poke|p1|Snorlax, F|\n|poke|p1|Lapras, M|\n|poke|p1|Rhyperior, M|\n|poke|p1|Zapdos|\n|poke|p2|Zamazenta-*|\n|poke|p2|Grimmsnarl, M|\n|poke|p2|Landorus-Therian, M|\n|poke|p2|Sinistcha-Masterpiece|\n|poke|p2|Diancie|\n|poke|p2|Walking Wake|\n|teampreview\n|inactive|Battle timer is ON: inactive players will automatically lose when time's up. (requested by Shazamwhich)\n|\n|t:|1699748846\n|start\n|switch|p1a: silph_sys.exe|Porygon2|100\/100\n|switch|p1b: Road Block|Snorlax, F, shiny|100\/100\n|switch|p2a: Grimmsnarl|Grimmsnarl, M|100\/100\n|switch|p2b: Landorus|Landorus-Therian, M|100\/100\n|-ability|p2b: Landorus|Intimidate|boost\n|-unboost|p1a: silph_sys.exe|atk|1\n|-unboost|p1b: Road Block|atk|1\n|turn|1\n|\n|t:|1699748862\n|move|p2a: Grimmsnarl|Taunt|p1a: silph_sys.exe\n|-start|p1a: silph_sys.exe|move: Taunt\n|move|p2b: Landorus|Knock Off|p1b: Road Block\n|-damage|p1b: Road Block|70\/100\n|-enditem|p1b: Road Block|Figy Berry|[from] move: Knock Off|[of] p2b: Landorus\n|move|p1b: Road Block|Belly Drum|p1b: Road Block\n|-damage|p1b: Road Block|20\/100\n|-setboost|p1b: Road Block|atk|6|[from] move: Belly Drum\n|cant|p1a: silph_sys.exe|move: Taunt|Trick Room\n|\n|upkeep\n|turn|2\n|\n|t:|1699748882\n|move|p2a: Grimmsnarl|Reflect|p2a: Grimmsnarl\n|-sidestart|p2: Shazamwhich|Reflect\n|move|p2b: Landorus|Knock Off|p1b: Road Block\n|-damage|p1b: Road Block|0 fnt\n|faint|p1b: Road Block\n|move|p1a: silph_sys.exe|Ice Beam|p2b: Landorus\n|-supereffective|p2b: Landorus\n|-damage|p2b: Landorus|0 fnt\n|faint|p2b: Landorus\n|\n|upkeep\n|\n|t:|1699748897\n|switch|p2b: Zamazenta|Zamazenta|100\/100\n|switch|p1b: Lavender Townie|Marowak-Alola, F, shiny|100\/100\n|-ability|p2b: Zamazenta|Dauntless Shield|boost\n|-boost|p2b: Zamazenta|def|1\n|turn|3\n|\n|t:|1699748905\n|move|p2a: Grimmsnarl|Light Screen|p2a: Grimmsnarl\n|-sidestart|p2: Shazamwhich|move: Light Screen\n|move|p2b: Zamazenta|Body Press|p1a: silph_sys.exe\n|-supereffective|p1a: silph_sys.exe\n|-damage|p1a: silph_sys.exe|12\/100\n|-damage|p2b: Zamazenta|91\/100|[from] item: Life Orb\n|move|p1a: silph_sys.exe|Tri Attack|p2b: Zamazenta\n|-damage|p2b: Zamazenta|74\/100\n|move|p1b: Lavender Townie|Flare Blitz|p2a: Grimmsnarl\n|-damage|p2a: Grimmsnarl|49\/100\n|\n|-end|p1a: silph_sys.exe|move: Taunt\n|upkeep\n|turn|4\n|\n|t:|1699748922\n|move|p2a: Grimmsnarl|Parting Shot|p1b: Lavender Townie\n|-unboost|p1b: Lavender Townie|atk|1\n|-unboost|p1b: Lavender Townie|spa|1\n|\n|t:|1699748927\n|switch|p2a: Walking Wake|Walking Wake|100\/100|[from] Parting Shot\n|-enditem|p2a: Walking Wake|Booster Energy\n|-activate|p2a: Walking Wake|ability: Protosynthesis|[fromitem]\n|-start|p2a: Walking Wake|protosynthesisspe\n|move|p2b: Zamazenta|Body Press|p1a: silph_sys.exe\n|-supereffective|p1a: silph_sys.exe\n|-damage|p1a: silph_sys.exe|0 fnt\n|faint|p1a: silph_sys.exe\n|-damage|p2b: Zamazenta|65\/100|[from] item: Life Orb\n|move|p1b: Lavender Townie|Flare Blitz|p2a: Walking Wake\n|-resisted|p2a: Walking Wake\n|-damage|p2a: Walking Wake|88\/100\n|\n|upkeep\n|\n|t:|1699748937\n|switch|p1a: Surfin' K.A.N.T.O.|Lapras, M|100\/100\n|turn|5\n|\n|t:|1699748953\n|switch|p1b: Power Plant Prince|Zapdos, shiny|100\/100\n|move|p2a: Walking Wake|Hydro Steam|p1a: Surfin' K.A.N.T.O.\n|-immune|p1a: Surfin' K.A.N.T.O.|[from] ability: Water Absorb\n|move|p2b: Zamazenta|Body Press|p1a: Surfin' K.A.N.T.O.\n|-supereffective|p1a: Surfin' K.A.N.T.O.\n|-damage|p1a: Surfin' K.A.N.T.O.|0 fnt\n|faint|p1a: Surfin' K.A.N.T.O.\n|-damage|p2b: Zamazenta|55\/100|[from] item: Life Orb\n|\n|upkeep\n|\n|t:|1699748964\n|switch|p1a: Lavender Townie|Marowak-Alola, F, shiny|100\/100\n|turn|6\n|\n|t:|1699748981\n|switch|p2b: Ring Pop|Diancie|100\/100\n|-terastallize|p2a: Walking Wake|Steel\n|-terastallize|p1b: Power Plant Prince|Electric\n|move|p2a: Walking Wake|Tera Blast|p1b: Power Plant Prince|[anim] Tera Blast Steel\n|-resisted|p1b: Power Plant Prince\n|-damage|p1b: Power Plant Prince|82\/100\n|move|p1b: Power Plant Prince|Discharge|p2a: Walking Wake|[spread] p1a,p2a,p2b\n|-damage|p1a: Lavender Townie|45\/100\n|-damage|p2a: Walking Wake|54\/100\n|-damage|p2b: Ring Pop|69\/100\n|-status|p2a: Walking Wake|par\n|-status|p2b: Ring Pop|par\n|move|p1a: Lavender Townie|Flare Blitz|p2b: Ring Pop\n|-resisted|p2b: Ring Pop\n|-damage|p2b: Ring Pop|32\/100 par\n|\n|upkeep\n|turn|7\n|\n|t:|1699749003\n|switch|p1a: Giovanni|Rhyperior, M, shiny|100\/100\n|detailschange|p2b: Ring Pop|Diancie-Mega\n|-mega|p2b: Ring Pop|Diancie|Diancite\n|move|p2a: Walking Wake|Dragon Pulse|p1b: Power Plant Prince\n|-damage|p1b: Power Plant Prince|44\/100\n|move|p1b: Power Plant Prince|Discharge|p2a: Walking Wake|[spread] p2a,p2b\n|-immune|p1a: Giovanni\n|-damage|p2a: Walking Wake|22\/100 par\n|-damage|p2b: Ring Pop|0 fnt\n|faint|p2b: Ring Pop\n|\n|upkeep\n|\n|t:|1699749017\n|switch|p2b: Sinistcha|Sinistcha-Masterpiece|100\/100\n|-heal|p2a: Walking Wake|47\/100 par|[from] ability: Hospitality|[of] p2b: Sinistcha\n|turn|8\n|\n|t:|1699749033\n|switch|p1a: Lavender Townie|Marowak-Alola, F, shiny|45\/100\n|cant|p2a: Walking Wake|par\n|move|p1b: Power Plant Prince|Heat Wave|p2a: Walking Wake|[spread] p2a\n|-miss|p1b: Power Plant Prince|p2b: Sinistcha\n|-supereffective|p2a: Walking Wake\n|-damage|p2a: Walking Wake|3\/100 par\n|move|p2b: Sinistcha|Strength Sap|p1a: Lavender Townie\n|-unboost|p1a: Lavender Townie|atk|1\n|\n|upkeep\n|turn|9\n|\n|t:|1699749051\n|switch|p1a: Giovanni|Rhyperior, M, shiny|100\/100\n|move|p2b: Sinistcha|Protect|p2b: Sinistcha\n|-singleturn|p2b: Sinistcha|Protect\n|cant|p2a: Walking Wake|par\n|move|p1b: Power Plant Prince|Heat Wave|p2b: Sinistcha|[spread] p2a\n|-activate|p2b: Sinistcha|move: Protect\n|-supereffective|p2a: Walking Wake\n|-damage|p2a: Walking Wake|0 fnt\n|faint|p2a: Walking Wake\n|-end|p2a: Walking Wake|Protosynthesis|[silent]\n|\n|-sideend|p2: Shazamwhich|Reflect\n|upkeep\n|\n|t:|1699749065\n|switch|p2a: Zamazenta|Zamazenta|55\/100\n|turn|10\n|\n|t:|1699749074\n|switch|p1a: Lavender Townie|Marowak-Alola, F, shiny|45\/100\n|move|p2a: Zamazenta|Wide Guard|p2a: Zamazenta\n|-singleturn|p2a: Zamazenta|Wide Guard\n|move|p1b: Power Plant Prince|Roost|p1b: Power Plant Prince\n|-heal|p1b: Power Plant Prince|94\/100\n|move|p2b: Sinistcha|Matcha Gotcha|p1a: Lavender Townie|[spread] p1a,p1b\n|-resisted|p1a: Lavender Townie\n|-damage|p1a: Lavender Townie|30\/100\n|-damage|p1b: Power Plant Prince|71\/100\n|\n|-sideend|p2: Shazamwhich|move: Light Screen\n|upkeep\n|turn|11\n|\n|t:|1699749095\n|move|p2b: Sinistcha|Protect|p2b: Sinistcha\n|-singleturn|p2b: Sinistcha|Protect\n|move|p2a: Zamazenta|Coaching|p2b: Sinistcha\n|-boost|p2b: Sinistcha|atk|1\n|-boost|p2b: Sinistcha|def|1\n|move|p1b: Power Plant Prince|Hurricane|p2a: Zamazenta|[miss]\n|-miss|p1b: Power Plant Prince|p2a: Zamazenta\n|move|p1a: Lavender Townie|Flare Blitz|p2b: Sinistcha\n|-activate|p2b: Sinistcha|move: Protect\n|\n|upkeep\n|turn|12\n|\n|t:|1699749111\n|move|p2a: Zamazenta|Body Press|p1b: Power Plant Prince\n|-damage|p1b: Power Plant Prince|14\/100\n|-damage|p2a: Zamazenta|38\/100|[from] item: Rocky Helmet|[of] p1b: Power Plant Prince\n|-damage|p2a: Zamazenta|29\/100|[from] item: Life Orb\n|move|p1b: Power Plant Prince|Hurricane|p2a: Zamazenta\n|-supereffective|p2a: Zamazenta\n|-damage|p2a: Zamazenta|0 fnt\n|faint|p2a: Zamazenta\n|move|p2b: Sinistcha|Strength Sap|p1a: Lavender Townie\n|-unboost|p1a: Lavender Townie|atk|1\n|move|p1a: Lavender Townie|Flare Blitz|p2b: Sinistcha\n|-supereffective|p2b: Sinistcha\n|-damage|p2b: Sinistcha|45\/100\n|-enditem|p2b: Sinistcha|Weakness Policy\n|-boost|p2b: Sinistcha|atk|2|[from] item: Weakness Policy\n|-boost|p2b: Sinistcha|spa|2|[from] item: Weakness Policy\n|\n|upkeep\n|\n|t:|1699749127\n|switch|p2a: Grimmsnarl|Grimmsnarl, M|49\/100\n|turn|13\n|\n|t:|1699749136\n|move|p2a: Grimmsnarl|Light Screen|p2a: Grimmsnarl\n|-sidestart|p2: Shazamwhich|move: Light Screen\n|move|p1b: Power Plant Prince|Heat Wave|p2a: Grimmsnarl|[spread] p2a,p2b\n|-supereffective|p2b: Sinistcha\n|-damage|p2a: Grimmsnarl|29\/100\n|-damage|p2b: Sinistcha|3\/100\n|move|p2b: Sinistcha|Matcha Gotcha|p1b: Power Plant Prince|[spread] p1a,p1b\n|-resisted|p1a: Lavender Townie\n|-damage|p1a: Lavender Townie|0 fnt\n|-heal|p2b: Sinistcha|17\/100|[from] drain|[of] p1a: Lavender Townie\n|-damage|p1b: Power Plant Prince|0 fnt\n|-heal|p2b: Sinistcha|24\/100|[from] drain|[of] p1b: Power Plant Prince\n|faint|p1a: Lavender Townie\n|faint|p1b: Power Plant Prince\n|\n|upkeep\n|\n|t:|1699749145\n|switch|p1b: Giovanni|Rhyperior, M, shiny|100\/100\n|turn|14\n|\n|t:|1699749154\n|move|p2a: Grimmsnarl|Parting Shot|p1b: Giovanni\n|-unboost|p1b: Giovanni|atk|1\n|-unboost|p1b: Giovanni|spa|1\n|move|p2b: Sinistcha|Strength Sap|p1b: Giovanni\n|-unboost|p1b: Giovanni|atk|1\n|-heal|p2b: Sinistcha|100\/100\n|move|p1b: Giovanni|Rock Slide|p2a: Grimmsnarl|[spread] p2a,p2b\n|-damage|p2a: Grimmsnarl|14\/100\n|-damage|p2b: Sinistcha|93\/100\n|\n|upkeep\n|turn|15\n|c|\u2606Shazamwhich|gg\n|-message|Denvah_17 forfeited.\n|\n|win|Shazamwhich\n|raw|Denvah_17's rating: 1305 &rarr; <strong>1278<\/strong><br \/>(-27 for losing)\n|raw|Shazamwhich's rating: 1179 &rarr; <strong>1213<\/strong><br \/>(+34 for winning)\n|l|\u2606Denvah_17\n","uploadtime":1699749169,"views":15,"p1id":"denvah17","p2id":"shazamwhich","formatid":"gen9nationaldexdoubles","rating":1213,"private":0,"password":""}