{"id":"gen9nationaldexdoubles-1949137028","p1":"Colorful toots","p2":"purple pastels","format":"[Gen 9] National Dex Doubles","log":"|j|\u2606Colorful toots\n|j|\u2606purple pastels\n|t:|1695328927\n|gametype|doubles\n|player|p1|Colorful toots|whitney|1242\n|player|p2|purple pastels|265|1137\n|teamsize|p1|6\n|teamsize|p2|6\n|gen|9\n|tier|[Gen 9] National Dex Doubles\n|rated|\n|rule|HP Percentage Mod: HP is shown in percentages\n|rule|Endless Battle Clause: Forcing endless battles is banned\n|rule|OHKO Clause: OHKO moves are banned\n|rule|Evasion Moves Clause: Evasion moves are banned\n|rule|Evasion Abilities Clause: Evasion abilities are banned\n|rule|Species Clause: Limit one of each Pok\u00e9mon\n|rule|Gravity Sleep Clause: The combination of sleep-inducing moves with imperfect accuracy and Gravity or Gigantamax Orbeetle are banned\n|clearpoke\n|poke|p1|Zarude|\n|poke|p1|Marowak-Alola, M|\n|poke|p1|Kyurem-Black|\n|poke|p1|Zapdos-Galar|\n|poke|p1|Aegislash, M|\n|poke|p1|Tyrantrum, M|\n|poke|p2|Archeops, F|\n|poke|p2|Victini|\n|poke|p2|Tsareena, F|\n|poke|p2|Iron Bundle|\n|poke|p2|Togekiss, F|\n|poke|p2|Regieleki|\n|teampreview\n|inactive|Battle timer is ON: inactive players will automatically lose when time's up. (requested by purple pastels)\n|\n|t:|1695328949\n|start\n|switch|p1a: Kyurem|Kyurem-Black|100\/100\n|switch|p1b: Aegislash|Aegislash, M|100\/100\n|switch|p2a: Regieleki|Regieleki|100\/100\n|switch|p2b: Archeops|Archeops, F|100\/100\n|-ability|p1a: Kyurem|Teravolt\n|turn|1\n|\n|t:|1695328968\n|switch|p1a: Zarude|Zarude|100\/100\n|move|p2a: Regieleki|Light Screen|p2a: Regieleki\n|-sidestart|p2: purple pastels|move: Light Screen\n|move|p2b: Archeops|Head Smash|p1a: Zarude\n|-damage|p1a: Zarude|20\/100\n|-damage|p2b: Archeops|52\/100|[from] Recoil\n|-formechange|p1b: Aegislash|Aegislash-Blade||[from] ability: Stance Change\n|move|p1b: Aegislash|Iron Head|p2b: Archeops\n|-supereffective|p2b: Archeops\n|-damage|p2b: Archeops|0 fnt\n|faint|p2b: Archeops\n|\n|upkeep\n|inactive|purple pastels has 120 seconds left.\n|\n|t:|1695329007\n|switch|p2b: Victini|Victini|100\/100\n|turn|2\n|inactive|purple pastels has 120 seconds left.\n|\n|t:|1695329023\n|-terastallize|p2a: Regieleki|Electric\n|-formechange|p1b: Aegislash|Aegislash||[from] ability: Stance Change\n|move|p1b: Aegislash|King's Shield|p1b: Aegislash\n|-singleturn|p1b: Aegislash|Protect\n|move|p2a: Regieleki|Electroweb|p1b: Aegislash|[spread] p1a\n|-activate|p1b: Aegislash|move: Protect\n|-resisted|p1a: Zarude\n|-damage|p1a: Zarude|2\/100\n|-unboost|p1a: Zarude|spe|1\n|move|p2b: Victini|Skill Swap|p2a: Regieleki\n|-activate|p2b: Victini|move: Skill Swap|||[of] p2a: Regieleki\n|move|p1a: Zarude|Darkest Lariat|p2b: Victini\n|-supereffective|p2b: Victini\n|-damage|p2b: Victini|33\/100\n|\n|upkeep\n|turn|3\n|inactive|purple pastels has 120 seconds left.\n|\n|t:|1695329057\n|move|p2a: Regieleki|Electroweb|p1b: Aegislash|[spread] p1a,p1b\n|-resisted|p1a: Zarude\n|-damage|p1a: Zarude|0 fnt\n|-damage|p1b: Aegislash|78\/100\n|-unboost|p1b: Aegislash|spe|1\n|faint|p1a: Zarude\n|move|p2b: Victini|Skill Swap||[still]\n|-fail|p2b: Victini\n|-formechange|p1b: Aegislash|Aegislash-Blade||[from] ability: Stance Change\n|move|p1b: Aegislash|Shadow Claw|p2b: Victini\n|-supereffective|p2b: Victini\n|-damage|p2b: Victini|0 fnt\n|faint|p2b: Victini\n|\n|-heal|p1b: Aegislash|84\/100|[from] item: Leftovers\n|upkeep\n|inactive|purple pastels has 120 seconds left.\n|\n|t:|1695329087\n|switch|p1a: Tyrantrum|Tyrantrum, M|100\/100\n|switch|p2b: Tsareena|Tsareena, F|100\/100\n|turn|4\n|inactive|purple pastels has 120 seconds left.\n|\n|t:|1695329105\n|-formechange|p1b: Aegislash|Aegislash||[from] ability: Stance Change\n|move|p1b: Aegislash|King's Shield|p1b: Aegislash\n|-singleturn|p1b: Aegislash|Protect\n|move|p2a: Regieleki|Electroweb|p1a: Tyrantrum|[spread] p1a\n|-activate|p1b: Aegislash|move: Protect\n|-resisted|p1a: Tyrantrum\n|-damage|p1a: Tyrantrum|79\/100\n|-unboost|p1a: Tyrantrum|spe|1\n|move|p2b: Tsareena|Triple Axel|p1a: Tyrantrum\n|-supereffective|p1a: Tyrantrum\n|-damage|p1a: Tyrantrum|58\/100\n|-supereffective|p1a: Tyrantrum\n|-damage|p1a: Tyrantrum|14\/100\n|-supereffective|p1a: Tyrantrum\n|-damage|p1a: Tyrantrum|0 fnt\n|faint|p1a: Tyrantrum\n|-hitcount|p1: Tyrantrum|3\n|\n|-heal|p1b: Aegislash|91\/100|[from] item: Leftovers\n|upkeep\n|\n|t:|1695329127\n|switch|p1a: Kyurem|Kyurem-Black|100\/100\n|-ability|p1a: Kyurem|Teravolt\n|turn|5\n|\n|t:|1695329145\n|switch|p2b: Togekiss|Togekiss, F|100\/100\n|move|p2a: Regieleki|Reflect|p2a: Regieleki\n|-sidestart|p2: purple pastels|Reflect\n|move|p1a: Kyurem|Icicle Spear|p2b: Togekiss\n|-supereffective|p2b: Togekiss\n|-damage|p2b: Togekiss|79\/100\n|-supereffective|p2b: Togekiss\n|-damage|p2b: Togekiss|54\/100\n|-supereffective|p2b: Togekiss\n|-damage|p2b: Togekiss|31\/100\n|-hitcount|p2b: Togekiss|3\n|move|p1b: Aegislash|Swords Dance|p1b: Aegislash\n|-boost|p1b: Aegislash|atk|2\n|\n|-heal|p1b: Aegislash|97\/100|[from] item: Leftovers\n|-sideend|p2: purple pastels|move: Light Screen\n|upkeep\n|turn|6\n|\n|t:|1695329167\n|move|p2b: Togekiss|Protect|p2b: Togekiss\n|-singleturn|p2b: Togekiss|Protect\n|move|p2a: Regieleki|Electroweb|p1b: Aegislash|[spread] p1a,p1b\n|-resisted|p1a: Kyurem\n|-crit|p1b: Aegislash\n|-damage|p1a: Kyurem|87\/100\n|-damage|p1b: Aegislash|66\/100\n|-unboost|p1a: Kyurem|spe|1\n|-unboost|p1b: Aegislash|spe|1\n|move|p1a: Kyurem|Icicle Spear|p2b: Togekiss\n|-activate|p2b: Togekiss|move: Protect\n|-formechange|p1b: Aegislash|Aegislash-Blade||[from] ability: Stance Change\n|move|p1b: Aegislash|Shadow Claw|p2a: Regieleki\n|-enditem|p2a: Regieleki|Focus Sash\n|-damage|p2a: Regieleki|1\/100\n|\n|-heal|p1b: Aegislash|72\/100|[from] item: Leftovers\n|upkeep\n|turn|7\n|inactive|purple pastels has 120 seconds left.\n|\n|t:|1695329211\n|-formechange|p1b: Aegislash|Aegislash||[from] ability: Stance Change\n|move|p1b: Aegislash|King's Shield|p1b: Aegislash\n|-singleturn|p1b: Aegislash|Protect\n|move|p2a: Regieleki|Electroweb|p1a: Kyurem|[spread] p1a\n|-activate|p1b: Aegislash|move: Protect\n|-resisted|p1a: Kyurem\n|-damage|p1a: Kyurem|75\/100\n|-unboost|p1a: Kyurem|spe|1\n|move|p2b: Togekiss|Dazzling Gleam|p1b: Aegislash|[spread] p1a\n|-activate|p1b: Aegislash|move: Protect\n|-supereffective|p1a: Kyurem\n|-damage|p1a: Kyurem|32\/100\n|move|p1a: Kyurem|Icicle Spear|p2a: Regieleki\n|-damage|p2a: Regieleki|0 fnt\n|faint|p2a: Regieleki\n|-hitcount|p2: Regieleki|1\n|\n|-heal|p1b: Aegislash|78\/100|[from] item: Leftovers\n|upkeep\n|inactive|purple pastels has 90 seconds left.\n|\n|t:|1695329243\n|switch|p2a: Tsareena|Tsareena, F|100\/100\n|turn|8\n|\n|t:|1695329250\n|move|p2a: Tsareena|Knock Off|p1b: Aegislash\n|-supereffective|p1b: Aegislash\n|-damage|p1b: Aegislash|2\/100\n|-enditem|p1b: Aegislash|Leftovers|[from] move: Knock Off|[of] p2a: Tsareena\n|move|p2b: Togekiss|Dazzling Gleam|p1b: Aegislash|[spread] p1a,p1b\n|-supereffective|p1a: Kyurem\n|-resisted|p1b: Aegislash\n|-damage|p1a: Kyurem|0 fnt\n|-damage|p1b: Aegislash|0 fnt\n|faint|p1a: Kyurem\n|faint|p1b: Aegislash\n|\n|upkeep\n|\n|t:|1695329256\n|switch|p1a: Zapdos|Zapdos-Galar|100\/100\n|switch|p1b: Marowak|Marowak-Alola, M|100\/100\n|turn|9\n|\n|t:|1695329268\n|move|p1a: Zapdos|Brave Bird|p2b: Togekiss\n|-damage|p2b: Togekiss|0 fnt\n|faint|p2b: Togekiss\n|-damage|p1a: Zapdos|89\/100|[from] Recoil\n|move|p2a: Tsareena|Knock Off|p1b: Marowak\n|-supereffective|p1b: Marowak\n|-damage|p1b: Marowak|0 fnt\n|-enditem|p1b: Marowak|Thick Club|[from] move: Knock Off|[of] p2a: Tsareena\n|faint|p1b: Marowak\n|\n|-sideend|p2: purple pastels|Reflect\n|upkeep\n|\n|t:|1695329275\n|switch|p2b: Iron Bundle|Iron Bundle|100\/100\n|turn|10\n|\n|t:|1695329285\n|-terastallize|p1a: Zapdos|Steel\n|move|p2b: Iron Bundle|Blizzard|p1a: Zapdos|[miss]\n|-miss|p2b: Iron Bundle|p1a: Zapdos\n|move|p1a: Zapdos|Thunderous Kick|p2b: Iron Bundle\n|-supereffective|p2b: Iron Bundle\n|-enditem|p2b: Iron Bundle|Focus Sash\n|-damage|p2b: Iron Bundle|1\/100\n|-unboost|p2b: Iron Bundle|def|1\n|move|p2a: Tsareena|Knock Off|p1a: Zapdos\n|-damage|p1a: Zapdos|30\/100\n|-enditem|p1a: Zapdos|Adrenaline Orb|[from] move: Knock Off|[of] p2a: Tsareena\n|\n|upkeep\n|turn|11\n|-message|Colorful toots forfeited.\n|\n|win|purple pastels\n|raw|Colorful toots's rating: 1242 &rarr; <strong>1210<\/strong><br \/>(-32 for losing)\n|raw|purple pastels's rating: 1137 &rarr; <strong>1169<\/strong><br \/>(+32 for winning)\n|l|\u2606Colorful toots\n","uploadtime":1695329309,"views":10,"p1id":"colorfultoots","p2id":"purplepastels","formatid":"gen9nationaldexdoubles","rating":1169,"private":0,"password":""}