{"id":"gen9nationaldexdoubles-1957882801","p1":"Theadonia","p2":"Mo.2.10.2006","format":"[Gen 9] National Dex Doubles","log":"|j|\u2606Theadonia\n|j|\u2606Mo.2.10.2006\n|t:|1696270336\n|gametype|doubles\n|player|p1|Theadonia|caitlin|1089\n|player|p2|Mo.2.10.2006|266|1000\n|teamsize|p1|6\n|teamsize|p2|6\n|gen|9\n|tier|[Gen 9] National Dex Doubles\n|rated|\n|rule|HP Percentage Mod: HP is shown in percentages\n|rule|Endless Battle Clause: Forcing endless battles is banned\n|rule|OHKO Clause: OHKO moves are banned\n|rule|Evasion Moves Clause: Evasion moves are banned\n|rule|Evasion Abilities Clause: Evasion abilities are banned\n|rule|Species Clause: Limit one of each Pok\u00e9mon\n|rule|Gravity Sleep Clause: The combination of sleep-inducing moves with imperfect accuracy and Gravity or Gigantamax Orbeetle are banned\n|clearpoke\n|poke|p1|Delphox, F|\n|poke|p1|Oricorio-Sensu, F|\n|poke|p1|Kommo-o, F|\n|poke|p1|Riolu, M|\n|poke|p1|Cresselia, F|\n|poke|p1|Smeargle, F|\n|poke|p2|Tyranitar, M|\n|poke|p2|Zygarde|\n|poke|p2|Tornadus, M|\n|poke|p2|Jirachi|\n|poke|p2|Volcanion|\n|poke|p2|Rillaboom, M|\n|teampreview\n|\n|t:|1696270350\n|start\n|switch|p1a: Kommo-o|Kommo-o, F, shiny|100\/100\n|switch|p1b: Smeargle|Smeargle, F|100\/100\n|switch|p2a: Tyranitar|Tyranitar, M|100\/100\n|switch|p2b: Volcanion|Volcanion|100\/100\n|-weather|Sandstorm|[from] ability: Sand Stream|[of] p2a: Tyranitar\n|turn|1\n|\n|t:|1696270377\n|move|p1b: Smeargle|Simple Beam|p1a: Kommo-o\n|-endability|p1a: Kommo-o|Soundproof|[from] move: Simple Beam\n|-ability|p1a: Kommo-o|Simple|[from] move: Simple Beam\n|-zpower|p1a: Kommo-o\n|move|p1a: Kommo-o|Clangorous Soulblaze|p2a: Tyranitar|[zeffect]|[spread] p2a,p2b\n|-damage|p2a: Tyranitar|77\/100\n|-damage|p2b: Volcanion|73\/100\n|-boost|p1a: Kommo-o|atk|2\n|-boost|p1a: Kommo-o|def|2\n|-boost|p1a: Kommo-o|spa|2\n|-boost|p1a: Kommo-o|spd|2\n|-boost|p1a: Kommo-o|spe|2\n|move|p2b: Volcanion|Heat Wave|p1b: Smeargle|[spread] p1a,p1b\n|-resisted|p1a: Kommo-o\n|-damage|p1a: Kommo-o|89\/100\n|-damage|p1b: Smeargle|26\/100\n|-status|p1b: Smeargle|brn\n|move|p2a: Tyranitar|Stealth Rock|p1b: Smeargle\n|-sidestart|p1: Theadonia|move: Stealth Rock\n|\n|-weather|Sandstorm|[upkeep]\n|-damage|p1a: Kommo-o|83\/100|[from] Sandstorm\n|-damage|p1b: Smeargle|20\/100 brn|[from] Sandstorm\n|-damage|p2b: Volcanion|67\/100|[from] Sandstorm\n|-damage|p1b: Smeargle|14\/100 brn|[from] brn\n|upkeep\n|turn|2\n|\n|t:|1696270407\n|switch|p1b: Riolu|Riolu, M|100\/100\n|-damage|p1b: Riolu|95\/100|[from] Stealth Rock\n|move|p2a: Tyranitar|Protect|p2a: Tyranitar\n|-singleturn|p2a: Tyranitar|Protect\n|move|p1a: Kommo-o|Drain Punch|p2a: Tyranitar\n|-activate|p2a: Tyranitar|move: Protect\n|move|p2b: Volcanion|Steam Eruption|p1a: Kommo-o\n|-resisted|p1a: Kommo-o\n|-damage|p1a: Kommo-o|63\/100\n|\n|-weather|Sandstorm|[upkeep]\n|-damage|p1a: Kommo-o|57\/100|[from] Sandstorm\n|-damage|p2b: Volcanion|61\/100|[from] Sandstorm\n|-damage|p1b: Riolu|89\/100|[from] Sandstorm\n|upkeep\n|turn|3\n|\n|t:|1696270448\n|move|p2a: Tyranitar|Protect||[still]\n|-fail|p2a: Tyranitar\n|move|p1b: Riolu|Coaching|p1a: Kommo-o\n|-boost|p1a: Kommo-o|atk|2\n|-boost|p1a: Kommo-o|def|2\n|move|p1a: Kommo-o|Drain Punch|p2b: Volcanion\n|-damage|p2b: Volcanion|0 fnt\n|-heal|p1a: Kommo-o|95\/100|[from] drain|[of] p2b: Volcanion\n|faint|p2b: Volcanion\n|\n|-weather|Sandstorm|[upkeep]\n|-damage|p1a: Kommo-o|89\/100|[from] Sandstorm\n|-damage|p1b: Riolu|83\/100|[from] Sandstorm\n|upkeep\n|\n|t:|1696270464\n|switch|p2b: Zygarde|Zygarde|100\/100\n|-ability|p2b: Zygarde|Aura Break\n|turn|4\n|\n|t:|1696270482\n|move|p2b: Zygarde|Protect|p2b: Zygarde\n|-singleturn|p2b: Zygarde|Protect\n|move|p1b: Riolu|Coaching|p1a: Kommo-o\n|-boost|p1a: Kommo-o|atk|2\n|-boost|p1a: Kommo-o|def|2\n|move|p1a: Kommo-o|Clanging Scales|p2a: Tyranitar|[spread] p2a\n|-activate|p2b: Zygarde|move: Protect\n|-crit|p2a: Tyranitar\n|-damage|p2a: Tyranitar|36\/100\n|-unboost|p1a: Kommo-o|def|2\n|move|p2a: Tyranitar|Low Kick|p1a: Kommo-o\n|-damage|p1a: Kommo-o|80\/100\n|\n|-weather|Sandstorm|[upkeep]\n|-damage|p1a: Kommo-o|74\/100|[from] Sandstorm\n|-damage|p1b: Riolu|77\/100|[from] Sandstorm\n|upkeep\n|turn|5\n|\n|t:|1696270512\n|switch|p2b: Jirachi|Jirachi|100\/100\n|move|p1b: Riolu|Copycat|p1b: Riolu\n|move|p1b: Riolu|Low Kick|p2b: Jirachi|[from]move: Copycat\n|-damage|p2b: Jirachi|97\/100\n|move|p1a: Kommo-o|Clanging Scales|p2a: Tyranitar|[spread] p2a,p2b\n|-resisted|p2b: Jirachi\n|-damage|p2a: Tyranitar|7\/100\n|-damage|p2b: Jirachi|77\/100\n|-unboost|p1a: Kommo-o|def|2\n|move|p2a: Tyranitar|Stone Edge|p1a: Kommo-o\n|-resisted|p1a: Kommo-o\n|-damage|p1a: Kommo-o|63\/100\n|\n|-weather|none\n|upkeep\n|turn|6\n|\n|t:|1696270569\n|switch|p2a: Tornadus|Tornadus, M|100\/100\n|move|p2b: Jirachi|Follow Me|p2b: Jirachi\n|-singleturn|p2b: Jirachi|move: Follow Me\n|move|p1b: Riolu|Vacuum Wave|p2b: Jirachi\n|-damage|p2b: Jirachi|71\/100\n|move|p1a: Kommo-o|Drain Punch|p2b: Jirachi\n|-damage|p2b: Jirachi|0 fnt\n|-heal|p1a: Kommo-o|100\/100|[from] drain|[of] p2b: Jirachi\n|faint|p2b: Jirachi\n|\n|upkeep\n|\n|t:|1696270583\n|switch|p2b: Rillaboom|Rillaboom, M|100\/100\n|-fieldstart|move: Grassy Terrain|[from] ability: Grassy Surge|[of] p2b: Rillaboom\n|turn|7\n|\n|t:|1696270592\n|-terastallize|p2a: Tornadus|Flying\n|move|p2b: Rillaboom|Grassy Glide|p1a: Kommo-o\n|-resisted|p1a: Kommo-o\n|-damage|p1a: Kommo-o|92\/100\n|move|p1b: Riolu|Coaching|p1a: Kommo-o\n|-boost|p1a: Kommo-o|atk|0\n|-boost|p1a: Kommo-o|def|2\n|move|p1a: Kommo-o|Poison Jab|p2b: Rillaboom\n|-supereffective|p2b: Rillaboom\n|-damage|p2b: Rillaboom|0 fnt\n|faint|p2b: Rillaboom\n|move|p2a: Tornadus|Bleakwind Storm|p1a: Kommo-o|[spread] p1a\n|-miss|p2a: Tornadus|p1b: Riolu\n|-supereffective|p1a: Kommo-o\n|-crit|p1a: Kommo-o\n|-damage|p1a: Kommo-o|0 fnt\n|faint|p1a: Kommo-o\n|\n|-heal|p1b: Riolu|83\/100|[from] Grassy Terrain\n|upkeep\n|-message|Mo.2.10.2006 forfeited.\n|\n|win|Theadonia\n|raw|Theadonia's rating: 1089 &rarr; <strong>1109<\/strong><br \/>(+20 for winning)\n|raw|Mo.2.10.2006's rating: 1000 &rarr; <strong>1000<\/strong><br \/>(+0 for losing)\n|l|\u2606Mo.2.10.2006\n","uploadtime":1696270611,"views":9,"p1id":"theadonia","p2id":"mo2102006","formatid":"gen9nationaldexdoubles","rating":1000,"private":0,"password":""}