{"id":"gen9nationaldexdoubles-1990901890","p1":"Wisper2ng","p2":"seabrrr","format":"[Gen 9] National Dex Doubles","log":"|j|\u2606Wisper2ng\n|j|\u2606seabrrr\n|t:|1700013165\n|gametype|doubles\n|player|p1|Wisper2ng|wallace|1000\n|player|p2|seabrrr|169|1059\n|teamsize|p1|4\n|teamsize|p2|6\n|gen|9\n|tier|[Gen 9] National Dex Doubles\n|rated|\n|rule|HP Percentage Mod: HP is shown in percentages\n|rule|Endless Battle Clause: Forcing endless battles is banned\n|rule|OHKO Clause: OHKO moves are banned\n|rule|Evasion Moves Clause: Evasion moves are banned\n|rule|Evasion Abilities Clause: Evasion abilities are banned\n|rule|Species Clause: Limit one of each Pok\u00e9mon\n|rule|Gravity Sleep Clause: The combination of sleep-inducing moves with imperfect accuracy and Gravity or Gigantamax Orbeetle are banned\n|clearpoke\n|poke|p1|Nidoking, M|\n|poke|p1|Pyroar, F|\n|poke|p1|Meowstic, M|\n|poke|p1|Shaymin-Sky|\n|poke|p2|Dragapult, M|\n|poke|p2|Samurott-Hisui, F|\n|poke|p2|Ninetales-Alola, M|\n|poke|p2|Blaziken, M|\n|poke|p2|Iron Thorns|\n|poke|p2|Eevee, F|\n|teampreview\n|inactive|Battle timer is ON: inactive players will automatically lose when time's up. (requested by Wisper2ng)\n|\n|t:|1700013173\n|start\n|switch|p1a: Nidoking|Nidoking, M|100\/100\n|switch|p1b: Pyroar|Pyroar, F|100\/100\n|switch|p2a: Eevee|Eevee, F|100\/100\n|switch|p2b: Iron Thorns|Iron Thorns|100\/100\n|turn|1\n|\n|t:|1700013195\n|move|p1b: Pyroar|Entrainment|p1a: Nidoking\n|-endability|p1a: Nidoking|Poison Point|[from] move: Entrainment\n|-ability|p1a: Nidoking|Moxie|[from] move: Entrainment\n|move|p1a: Nidoking|Earthquake|p2a: Eevee|[spread] p1b,p2a,p2b\n|-supereffective|p1b: Pyroar\n|-supereffective|p2b: Iron Thorns\n|-damage|p1b: Pyroar|0 fnt\n|-damage|p2a: Eevee|62\/100\n|-damage|p2b: Iron Thorns|0 fnt\n|faint|p1b: Pyroar\n|faint|p2b: Iron Thorns\n|-end|p2b: Iron Thorns|Quark Drive|[silent]\n|-ability|p1a: Nidoking|Moxie|boost\n|-boost|p1a: Nidoking|atk|2\n|-zpower|p2a: Eevee\n|move|p2a: Eevee|Extreme Evoboost|p2a: Eevee\n|-boost|p2a: Eevee|atk|2\n|-boost|p2a: Eevee|def|2\n|-boost|p2a: Eevee|spa|2\n|-boost|p2a: Eevee|spd|2\n|-boost|p2a: Eevee|spe|2\n|\n|upkeep\n|\n|t:|1700013213\n|switch|p1b: Meowstic|Meowstic, M|100\/100\n|switch|p2b: Dragapult|Dragapult, M|100\/100\n|turn|2\n|\n|t:|1700013222\n|move|p1b: Meowstic|Gravity|p1b: Meowstic\n|-fieldstart|move: Gravity\n|move|p1a: Nidoking|Earthquake|p2b: Dragapult|[spread] p1b,p2a,p2b\n|-damage|p1b: Meowstic|0 fnt\n|-damage|p2a: Eevee|22\/100\n|-damage|p2b: Dragapult|3\/100\n|faint|p1b: Meowstic\n|-ability|p1a: Nidoking|Moxie|boost\n|-boost|p1a: Nidoking|atk|1\n|move|p2b: Dragapult|Dragon Darts|p1a: Nidoking\n|-damage|p1a: Nidoking|54\/100\n|-anim|p2b: Dragapult|Dragon Darts|p1a: Nidoking\n|-damage|p1a: Nidoking|12\/100\n|move|p2a: Eevee|Baton Pass|p2a: Eevee\n|\n|t:|1700013234\n|switch|p2a: Blaziken|Blaziken, M|100\/100|[from] Baton Pass\n|\n|upkeep\n|\n|t:|1700013240\n|switch|p1b: Shaymin|Shaymin-Sky|100\/100\n|turn|3\n|inactive|seabrrr has 120 seconds left.\n|\n|t:|1700013281\n|detailschange|p2a: Blaziken|Blaziken-Mega, M\n|-mega|p2a: Blaziken|Blaziken|Blazikenite\n|move|p2a: Blaziken|Fire Blast|p1b: Shaymin\n|-supereffective|p1b: Shaymin\n|-damage|p1b: Shaymin|0 fnt\n|faint|p1b: Shaymin\n|move|p1a: Nidoking|Earthquake|p2a: Blaziken|[spread] p2a,p2b\n|-supereffective|p2a: Blaziken\n|-damage|p2a: Blaziken|0 fnt\n|-damage|p2b: Dragapult|0 fnt\n|faint|p2a: Blaziken\n|faint|p2b: Dragapult\n|-ability|p1a: Nidoking|Moxie|boost\n|-boost|p1a: Nidoking|atk|2\n|\n|upkeep\n|\n|t:|1700013294\n|switch|p2b: Ninetales|Ninetales-Alola, M|100\/100\n|switch|p2a: Samurott|Samurott-Hisui, F|100\/100\n|-weather|Snow|[from] ability: Snow Warning|[of] p2b: Ninetales\n|turn|4\n|inactive|seabrrr has 120 seconds left.\n|\n|t:|1700013304\n|move|p1a: Nidoking|Earthquake|p2a: Samurott|[spread] p2a,p2b\n|-damage|p2a: Samurott|0 fnt\n|-damage|p2b: Ninetales|0 fnt\n|faint|p2a: Samurott\n|faint|p2b: Ninetales\n|-ability|p1a: Nidoking|Moxie|boost\n|-boost|p1a: Nidoking|atk|1\n|\n|-weather|Snow|[upkeep]\n|upkeep\n|inactive|seabrrr has 120 seconds left.\n|c|\u2606Wisper2ng|Gg\n|\n|t:|1700013314\n|switch|p2b: Eevee|Eevee, F|22\/100\n|turn|5\n|\n|t:|1700013320\n|move|p1a: Nidoking|Earthquake|p2b: Eevee\n|-damage|p2b: Eevee|0 fnt\n|faint|p2b: Eevee\n|\n|win|Wisper2ng\n|raw|Wisper2ng's rating: 1000 &rarr; <strong>1047<\/strong><br \/>(+47 for winning)\n|raw|seabrrr's rating: 1059 &rarr; <strong>1037<\/strong><br \/>(-22 for losing)\n|l|\u2606seabrrr\n","uploadtime":1700013327,"views":16,"p1id":"wisper2ng","p2id":"seabrrr","formatid":"gen9nationaldexdoubles","rating":1037,"private":0,"password":""}