{"id":"gen9nationaldexdoubles-1956017875","p1":"SlimeGuy98712","p2":"Sisyphus2323","format":"[Gen 9] National Dex Doubles","log":"|j|\u2606SlimeGuy98712\n|j|\u2606Sisyphus2323\n|t:|1696058049\n|gametype|doubles\n|player|p1|SlimeGuy98712|erika|1117\n|player|p2|Sisyphus2323|clair|1106\n|teamsize|p1|5\n|teamsize|p2|6\n|gen|9\n|tier|[Gen 9] National Dex Doubles\n|rated|\n|rule|HP Percentage Mod: HP is shown in percentages\n|rule|Endless Battle Clause: Forcing endless battles is banned\n|rule|OHKO Clause: OHKO moves are banned\n|rule|Evasion Moves Clause: Evasion moves are banned\n|rule|Evasion Abilities Clause: Evasion abilities are banned\n|rule|Species Clause: Limit one of each Pok\u00e9mon\n|rule|Gravity Sleep Clause: The combination of sleep-inducing moves with imperfect accuracy and Gravity or Gigantamax Orbeetle are banned\n|clearpoke\n|poke|p1|Araquanid, M|\n|poke|p1|Klefki, M|\n|poke|p1|Maushold|\n|poke|p1|Orthworm, F|\n|poke|p1|Pelipper, F|\n|poke|p2|Gyarados, M|\n|poke|p2|Urshifu-*, F|\n|poke|p2|Zapdos|\n|poke|p2|Chien-Pao|\n|poke|p2|Scizor, M|\n|poke|p2|Grimmsnarl, M|\n|teampreview\n|inactive|Battle timer is ON: inactive players will automatically lose when time's up. (requested by SlimeGuy98712)\n|\n|t:|1696058100\n|start\n|switch|p1a: Orthworm|Orthworm, F|100\/100\n|switch|p1b: Klefki|Klefki, M|100\/100\n|switch|p2a: florida|Gyarados, M, shiny|100\/100\n|switch|p2b: kung fu|Urshifu-Rapid-Strike, F|100\/100\n|-ability|p2a: florida|Intimidate|boost\n|-unboost|p1a: Orthworm|atk|1\n|-unboost|p1b: Klefki|atk|1\n|turn|1\n|\n|t:|1696058117\n|move|p2b: kung fu|Close Combat|p1a: Orthworm\n|-supereffective|p1a: Orthworm\n|-damage|p1a: Orthworm|37\/100\n|-unboost|p2b: kung fu|def|1\n|-unboost|p2b: kung fu|spd|1\n|-enditem|p1a: Orthworm|Sitrus Berry|[eat]\n|-heal|p1a: Orthworm|62\/100|[from] item: Sitrus Berry\n|move|p2a: florida|Rain Dance|p2a: florida\n|-weather|RainDance\n|move|p1a: Orthworm|Shed Tail|p1a: Orthworm\n|-start|p1a: Orthworm|Substitute|[from] move: Shed Tail\n|-damage|p1a: Orthworm|12\/100\n|\n|t:|1696058126\n|switch|p1a: Araquanid|Araquanid, M, shiny|100\/100|[from] Shed Tail\n|move|p1b: Klefki|Trick Room|p1b: Klefki\n|-fieldstart|move: Trick Room|[of] p1b: Klefki\n|\n|-weather|RainDance|[upkeep]\n|upkeep\n|turn|2\n|\n|t:|1696058148\n|-terastallize|p1a: Araquanid|Water\n|move|p1b: Klefki|Reflect|p1b: Klefki\n|-sidestart|p1: SlimeGuy98712|Reflect\n|move|p1a: Araquanid|Liquidation|p2b: kung fu\n|-resisted|p2b: kung fu\n|-damage|p2b: kung fu|0 fnt\n|faint|p2b: kung fu\n|move|p2a: florida|Surf|p1b: Klefki|[spread] p1a,p1b\n|-resisted|p1a: Araquanid\n|-activate|p1a: Araquanid|move: Substitute|[damage]\n|-damage|p1b: Klefki|64\/100\n|\n|-weather|RainDance|[upkeep]\n|upkeep\n|inactive|Sisyphus2323 has 120 seconds left.\n|\n|t:|1696058168\n|switch|p2b: zap boy|Zapdos|100\/100\n|turn|3\n|\n|t:|1696058188\n|switch|p1b: Maushold|Maushold|100\/100\n|move|p1a: Araquanid|Liquidation|p2b: zap boy\n|-damage|p2b: zap boy|0 fnt\n|faint|p2b: zap boy\n|move|p2a: florida|Surf|p1b: Maushold|[spread] p1a,p1b\n|-resisted|p1a: Araquanid\n|-activate|p1a: Araquanid|move: Substitute|[damage]\n|-damage|p1b: Maushold|62\/100\n|\n|-weather|RainDance|[upkeep]\n|-heal|p1b: Maushold|68\/100|[from] item: Leftovers\n|upkeep\n|\n|t:|1696058205\n|switch|p2b: uh oh|Grimmsnarl, M|100\/100\n|turn|4\n|inactive|Sisyphus2323 has 120 seconds left.\n|\n|t:|1696058256\n|-terastallize|p2a: florida|Water\n|move|p1b: Maushold|Follow Me|p1b: Maushold\n|-singleturn|p1b: Maushold|move: Follow Me\n|move|p2b: uh oh|Reflect|p2b: uh oh\n|-sidestart|p2: Sisyphus2323|Reflect\n|move|p1a: Araquanid|Liquidation|p2a: florida\n|-resisted|p2a: florida\n|-damage|p2a: florida|39\/100\n|move|p2a: florida|Surf|p1a: Araquanid|[spread] p2b,p1a,p1b\n|-resisted|p1a: Araquanid\n|-end|p1a: Araquanid|Substitute\n|-damage|p2b: uh oh|70\/100\n|-damage|p1b: Maushold|10\/100\n|\n|-weather|RainDance|[upkeep]\n|-heal|p1b: Maushold|17\/100|[from] item: Leftovers\n|upkeep\n|turn|5\n|inactive|Sisyphus2323 has 120 seconds left.\n|\n|t:|1696058284\n|move|p1b: Maushold|Follow Me|p1b: Maushold\n|-singleturn|p1b: Maushold|move: Follow Me\n|move|p2b: uh oh|Light Screen|p2b: uh oh\n|-sidestart|p2: Sisyphus2323|move: Light Screen\n|move|p1a: Araquanid|Liquidation|p2a: florida\n|-resisted|p2a: florida\n|-damage|p2a: florida|0 fnt\n|faint|p2a: florida\n|\n|-weather|RainDance|[upkeep]\n|-heal|p1b: Maushold|23\/100|[from] item: Leftovers\n|-fieldend|move: Trick Room\n|upkeep\n|\n|t:|1696058296\n|switch|p2a: enzos fav|Chien-Pao|100\/100\n|-ability|p2a: enzos fav|Sword of Ruin\n|turn|6\n|inactive|SlimeGuy98712 has 120 seconds left.\n|inactive|Sisyphus2323 has 90 seconds left.\n|inactive|Sisyphus2323 has 60 seconds left.\n|\n|t:|1696058370\n|switch|p1b: Klefki|Klefki, M|64\/100\n|move|p1a: Araquanid|Protect|p1a: Araquanid\n|-singleturn|p1a: Araquanid|Protect\n|move|p2b: uh oh|Taunt|p1b: Klefki\n|-start|p1b: Klefki|move: Taunt\n|move|p2a: enzos fav|Sacred Sword|p1b: Klefki\n|-damage|p1b: Klefki|44\/100\n|\n|-weather|RainDance|[upkeep]\n|-sideend|p1: SlimeGuy98712|Reflect\n|upkeep\n|turn|7\n|inactive|Sisyphus2323 has 60 seconds left.\n|\n|t:|1696058395\n|switch|p1b: Pelipper|Pelipper, F|100\/100\n|move|p2a: enzos fav|Icicle Crash|p1b: Pelipper\n|-damage|p1b: Pelipper|45\/100\n|move|p2b: uh oh|Spirit Break|p1a: Araquanid\n|-damage|p1a: Araquanid|57\/100\n|-unboost|p1a: Araquanid|spa|1\n|move|p1a: Araquanid|Liquidation|p2a: enzos fav\n|-crit|p2a: enzos fav\n|-damage|p2a: enzos fav|0 fnt\n|faint|p2a: enzos fav\n|\n|-weather|RainDance|[upkeep]\n|upkeep\n|\n|t:|1696058405\n|switch|p2a: iron bug|Scizor, M|100\/100\n|turn|8\n|\n|t:|1696058418\n|switch|p1b: Maushold|Maushold|23\/100\n|detailschange|p2a: iron bug|Scizor-Mega, M\n|-mega|p2a: iron bug|Scizor|Scizorite\n|move|p2a: iron bug|Bullet Punch|p1b: Maushold\n|-damage|p1b: Maushold|0 fnt\n|faint|p1b: Maushold\n|move|p2b: uh oh|Spirit Break|p1a: Araquanid\n|-damage|p1a: Araquanid|27\/100\n|-unboost|p1a: Araquanid|spa|1\n|move|p1a: Araquanid|Liquidation|p2a: iron bug\n|-damage|p2a: iron bug|42\/100\n|\n|-weather|none\n|upkeep\n|\n|t:|1696058431\n|switch|p1b: Klefki|Klefki, M|44\/100\n|turn|9\n|inactive|Sisyphus2323 has 90 seconds left.\n|\n|t:|1696058447\n|move|p2a: iron bug|Bullet Punch|p1b: Klefki\n|-damage|p1b: Klefki|19\/100\n|move|p1b: Klefki|Foul Play|p2a: iron bug\n|-damage|p2a: iron bug|31\/100\n|move|p2b: uh oh|Spirit Break|p1a: Araquanid\n|-damage|p1a: Araquanid|0 fnt\n|faint|p1a: Araquanid\n|\n|upkeep\n|\n|t:|1696058455\n|switch|p1a: Pelipper|Pelipper, F|45\/100\n|-weather|RainDance|[from] ability: Drizzle|[of] p1a: Pelipper\n|turn|10\n|inactive|Sisyphus2323 has 90 seconds left.\n|\n|t:|1696058482\n|move|p2a: iron bug|Bullet Punch|p1b: Klefki\n|-damage|p1b: Klefki|0 fnt\n|faint|p1b: Klefki\n|move|p1a: Pelipper|Scald|p2b: uh oh\n|-damage|p2b: uh oh|42\/100\n|-status|p2b: uh oh|brn\n|move|p2b: uh oh|Spirit Break|p1a: Pelipper\n|-damage|p1a: Pelipper|28\/100\n|-unboost|p1a: Pelipper|spa|1\n|\n|-weather|RainDance|[upkeep]\n|-damage|p2b: uh oh|36\/100 brn|[from] brn\n|upkeep\n|\n|t:|1696058490\n|switch|p1b: Orthworm|Orthworm, F|12\/100\n|turn|11\n|inactive|SlimeGuy98712 has 120 seconds left.\n|\n|t:|1696058521\n|move|p2a: iron bug|Bullet Punch|p1a: Pelipper\n|-resisted|p1a: Pelipper\n|-crit|p1a: Pelipper\n|-damage|p1a: Pelipper|4\/100\n|move|p1a: Pelipper|Scald|p2a: iron bug\n|-damage|p2a: iron bug|10\/100\n|move|p2b: uh oh|Spirit Break|p1a: Pelipper\n|-damage|p1a: Pelipper|0 fnt\n|faint|p1a: Pelipper\n|move|p1b: Orthworm|Iron Head|p2b: uh oh\n|-supereffective|p2b: uh oh\n|-damage|p2b: uh oh|0 fnt\n|faint|p2b: uh oh\n|\n|-weather|RainDance|[upkeep]\n|-sideend|p2: Sisyphus2323|Reflect\n|upkeep\n|turn|12\n|\n|t:|1696058528\n|move|p2a: iron bug|Roost|p2a: iron bug\n|-heal|p2a: iron bug|61\/100\n|-singleturn|p2a: iron bug|move: Roost\n|move|p1b: Orthworm|Iron Head|p2a: iron bug\n|-resisted|p2a: iron bug\n|-damage|p2a: iron bug|53\/100\n|\n|-weather|RainDance|[upkeep]\n|-sideend|p2: Sisyphus2323|move: Light Screen\n|upkeep\n|turn|13\n|\n|t:|1696058535\n|move|p2a: iron bug|Bullet Punch|p1b: Orthworm\n|-resisted|p1b: Orthworm\n|-damage|p1b: Orthworm|4\/100\n|move|p1b: Orthworm|Iron Head|p2a: iron bug\n|-resisted|p2a: iron bug\n|-damage|p2a: iron bug|45\/100\n|\n|-weather|RainDance|[upkeep]\n|upkeep\n|turn|14\n|\n|t:|1696058542\n|move|p2a: iron bug|Bullet Punch|p1b: Orthworm\n|-resisted|p1b: Orthworm\n|-damage|p1b: Orthworm|0 fnt\n|faint|p1b: Orthworm\n|\n|win|Sisyphus2323\n|raw|SlimeGuy98712's rating: 1117 &rarr; <strong>1091<\/strong><br \/>(-26 for losing)\n|raw|Sisyphus2323's rating: 1106 &rarr; <strong>1132<\/strong><br \/>(+26 for winning)\n|l|\u2606SlimeGuy98712\n","uploadtime":1696058554,"views":21,"p1id":"slimeguy98712","p2id":"sisyphus2323","formatid":"gen9nationaldexdoubles","rating":1091,"private":0,"password":""}