{"id":"gen9nationaldexdoubles-1977024375","p1":"Qapi","p2":"Syph0n_78","format":"[Gen 9] National Dex Doubles","log":"|j|\u2606Qapi\n|j|\u2606Syph0n_78\n|t:|1698363022\n|gametype|doubles\n|player|p1|Qapi|hiker-gen4|\n|player|p2|Syph0n_78|102|\n|teamsize|p1|6\n|teamsize|p2|6\n|gen|9\n|tier|[Gen 9] National Dex Doubles\n|rule|HP Percentage Mod: HP is shown in percentages\n|rule|Endless Battle Clause: Forcing endless battles is banned\n|rule|OHKO Clause: OHKO moves are banned\n|rule|Evasion Moves Clause: Evasion moves are banned\n|rule|Evasion Abilities Clause: Evasion abilities are banned\n|rule|Species Clause: Limit one of each Pok\u00e9mon\n|rule|Gravity Sleep Clause: The combination of sleep-inducing moves with imperfect accuracy and Gravity or Gigantamax Orbeetle are banned\n|clearpoke\n|poke|p1|Rillaboom, M|\n|poke|p1|Ribombee, M|\n|poke|p1|Kommo-o, M|\n|poke|p1|Garganacl, M|\n|poke|p1|Arcanine-Hisui, M|\n|poke|p1|Rotom-Wash|\n|poke|p2|Torterra, F|\n|poke|p2|Tyranitar, F|\n|poke|p2|Excadrill, F|\n|poke|p2|Ferrothorn, M|\n|poke|p2|Cradily, M|\n|poke|p2|Ogerpon-Cornerstone, F|\n|teampreview\n|c|\u2606Syph0n_78|wsg\n|c|\u2606Qapi|Gl hf\n|c|\u2606Syph0n_78|glhf\n|\n|t:|1698363060\n|start\n|switch|p1a: Ribombee|Ribombee, M|100\/100\n|switch|p1b: Rotom|Rotom-Wash|100\/100\n|switch|p2a: Tyranitar|Tyranitar, F|100\/100\n|switch|p2b: Torterra|Torterra, F|100\/100\n|-weather|Sandstorm|[from] ability: Sand Stream|[of] p2a: Tyranitar\n|turn|1\n|\n|t:|1698363078\n|detailschange|p2a: Tyranitar|Tyranitar-Mega, F\n|-mega|p2a: Tyranitar|Tyranitar|Tyranitarite\n|move|p1b: Rotom|Trick|p2b: Torterra\n|-activate|p1b: Rotom|move: Trick|[of] p2b: Torterra\n|-item|p2b: Torterra|Choice Scarf|[from] move: Trick\n|-item|p1b: Rotom|Iapapa Berry|[from] move: Trick\n|move|p1a: Ribombee|Sticky Web|p2a: Tyranitar\n|-sidestart|p2: Syph0n_78|move: Sticky Web\n|move|p2b: Torterra|Shell Smash|p2b: Torterra\n|-unboost|p2b: Torterra|def|1\n|-unboost|p2b: Torterra|spd|1\n|-boost|p2b: Torterra|atk|2\n|-boost|p2b: Torterra|spa|2\n|-boost|p2b: Torterra|spe|2\n|move|p2a: Tyranitar|Rock Slide|p1b: Rotom|[spread] p1a,p1b\n|-supereffective|p1a: Ribombee\n|-enditem|p1a: Ribombee|Focus Sash\n|-damage|p1a: Ribombee|1\/100\n|-damage|p1b: Rotom|47\/100\n|\n|-weather|Sandstorm|[upkeep]\n|-damage|p1a: Ribombee|0 fnt|[from] Sandstorm\n|-damage|p1b: Rotom|41\/100|[from] Sandstorm\n|faint|p1a: Ribombee\n|upkeep\n|c|\u2606Syph0n_78|you\n|c|\u2606Syph0n_78|little\n|c|\u2606Syph0n_78|bastard\n|\n|t:|1698363091\n|switch|p1a: Kommo-o|Kommo-o, M|100\/100\n|turn|2\n|\n|t:|1698363121\n|switch|p2b: Ogerpon|Ogerpon-Cornerstone, F|100\/100\n|-activate|p2b: Ogerpon|move: Sticky Web\n|-unboost|p2b: Ogerpon|spe|1\n|move|p1b: Rotom|Volt Switch|p2a: Tyranitar\n|-damage|p2a: Tyranitar|85\/100\n|\n|t:|1698363128\n|switch|p1b: Rillaboom|Rillaboom, M|100\/100|[from] Volt Switch\n|-fieldstart|move: Grassy Terrain|[from] ability: Grassy Surge|[of] p1b: Rillaboom\n|-enditem|p1b: Rillaboom|Grassy Seed\n|-boost|p1b: Rillaboom|def|1|[from] item: Grassy Seed\n|move|p1a: Kommo-o|Clangorous Soul|p1a: Kommo-o\n|-boost|p1a: Kommo-o|atk|1\n|-boost|p1a: Kommo-o|def|1\n|-boost|p1a: Kommo-o|spa|1\n|-boost|p1a: Kommo-o|spd|1\n|-boost|p1a: Kommo-o|spe|1\n|-damage|p1a: Kommo-o|68\/100\n|-enditem|p1a: Kommo-o|Throat Spray\n|-boost|p1a: Kommo-o|spa|1|[from] item: Throat Spray\n|move|p2a: Tyranitar|Rock Slide|p1a: Kommo-o|[spread] p1a,p1b\n|-resisted|p1a: Kommo-o\n|-damage|p1a: Kommo-o|56\/100\n|-damage|p1b: Rillaboom|71\/100\n|\n|-weather|Sandstorm|[upkeep]\n|-damage|p1a: Kommo-o|50\/100|[from] Sandstorm\n|-damage|p1b: Rillaboom|64\/100|[from] Sandstorm\n|-heal|p1a: Kommo-o|56\/100|[from] Grassy Terrain\n|-heal|p1b: Rillaboom|71\/100|[from] Grassy Terrain\n|-heal|p2a: Tyranitar|91\/100|[from] Grassy Terrain\n|upkeep\n|turn|3\n|\n|t:|1698363169\n|switch|p2a: Torterra|Torterra, F|100\/100\n|-activate|p2a: Torterra|move: Sticky Web\n|-unboost|p2a: Torterra|spe|1\n|move|p1b: Rillaboom|Fake Out|p2b: Ogerpon\n|-resisted|p2b: Ogerpon\n|-damage|p2b: Ogerpon|92\/100\n|move|p1a: Kommo-o|Aura Sphere|p2a: Torterra\n|-damage|p2a: Torterra|15\/100\n|cant|p2b: Ogerpon|flinch\n|\n|-weather|Sandstorm|[upkeep]\n|-damage|p1a: Kommo-o|50\/100|[from] Sandstorm\n|-damage|p1b: Rillaboom|64\/100|[from] Sandstorm\n|-heal|p1a: Kommo-o|56\/100|[from] Grassy Terrain\n|-heal|p1b: Rillaboom|71\/100|[from] Grassy Terrain\n|-heal|p2b: Ogerpon|98\/100|[from] Grassy Terrain\n|-heal|p2a: Torterra|21\/100|[from] Grassy Terrain\n|upkeep\n|turn|4\n|\n|t:|1698363195\n|move|p1a: Kommo-o|Aura Sphere|p2b: Ogerpon\n|-supereffective|p2b: Ogerpon\n|-damage|p2b: Ogerpon|0 fnt\n|faint|p2b: Ogerpon\n|move|p1b: Rillaboom|Knock Off|p2a: Torterra\n|-damage|p2a: Torterra|0 fnt\n|-enditem|p2a: Torterra|Choice Scarf|[from] move: Knock Off|[of] p1b: Rillaboom\n|faint|p2a: Torterra\n|\n|-weather|Sandstorm|[upkeep]\n|-damage|p1a: Kommo-o|50\/100|[from] Sandstorm\n|-damage|p1b: Rillaboom|64\/100|[from] Sandstorm\n|-heal|p1a: Kommo-o|56\/100|[from] Grassy Terrain\n|-heal|p1b: Rillaboom|71\/100|[from] Grassy Terrain\n|upkeep\n|c|\u2606Syph0n_78|man... thats my 1 counter to em\n|c|\u2606Syph0n_78|that sucks\n|\n|t:|1698363235\n|switch|p2b: Cradily|Cradily, M|100\/100\n|switch|p2a: Excadrill|Excadrill, F, shiny|100\/100\n|-activate|p2a: Excadrill|move: Sticky Web\n|-unboost|p2a: Excadrill|spe|1\n|-activate|p2b: Cradily|move: Sticky Web\n|-unboost|p2b: Cradily|spe|1\n|turn|5\n|\n|t:|1698363257\n|move|p1a: Kommo-o|Aura Sphere|p2a: Excadrill\n|-supereffective|p2a: Excadrill\n|-enditem|p2a: Excadrill|Focus Sash\n|-damage|p2a: Excadrill|1\/100\n|move|p2a: Excadrill|High Horsepower|p1a: Kommo-o\n|-damage|p1a: Kommo-o|20\/100\n|move|p1b: Rillaboom|Taunt|p2b: Cradily\n|-start|p2b: Cradily|move: Taunt\n|move|p2b: Cradily|Power Whip|p1b: Rillaboom\n|-resisted|p1b: Rillaboom\n|-damage|p1b: Rillaboom|53\/100\n|\n|-weather|none\n|-heal|p1a: Kommo-o|26\/100|[from] Grassy Terrain\n|-heal|p2a: Excadrill|7\/100|[from] Grassy Terrain\n|-heal|p1b: Rillaboom|59\/100|[from] Grassy Terrain\n|upkeep\n|turn|6\n|\n|t:|1698363276\n|move|p2a: Excadrill|Protect|p2a: Excadrill\n|-singleturn|p2a: Excadrill|Protect\n|move|p1b: Rillaboom|Grassy Glide|p2a: Excadrill\n|-activate|p2a: Excadrill|move: Protect\n|move|p1a: Kommo-o|Aura Sphere|p2b: Cradily\n|-supereffective|p2b: Cradily\n|-damage|p2b: Cradily|0 fnt\n|faint|p2b: Cradily\n|\n|-heal|p1a: Kommo-o|32\/100|[from] Grassy Terrain\n|-heal|p1b: Rillaboom|65\/100|[from] Grassy Terrain\n|-heal|p2a: Excadrill|13\/100|[from] Grassy Terrain\n|-fieldend|move: Grassy Terrain\n|upkeep\n|\n|t:|1698363296\n|switch|p2b: Tyranitar|Tyranitar-Mega, F|91\/100\n|-activate|p2b: Tyranitar|move: Sticky Web\n|-unboost|p2b: Tyranitar|spe|1\n|-weather|Sandstorm|[from] ability: Sand Stream|[of] p2b: Tyranitar\n|turn|7\n|\n|t:|1698363325\n|move|p1a: Kommo-o|Protect|p1a: Kommo-o\n|-singleturn|p1a: Kommo-o|Protect\n|move|p2a: Excadrill|High Horsepower|p1a: Kommo-o\n|-activate|p1a: Kommo-o|move: Protect\n|move|p1b: Rillaboom|Grassy Glide|p2a: Excadrill\n|-damage|p2a: Excadrill|0 fnt\n|faint|p2a: Excadrill\n|move|p2b: Tyranitar|Dragon Dance|p2b: Tyranitar\n|-boost|p2b: Tyranitar|atk|1\n|-boost|p2b: Tyranitar|spe|1\n|\n|-weather|Sandstorm|[upkeep]\n|-damage|p1a: Kommo-o|26\/100|[from] Sandstorm\n|-damage|p1b: Rillaboom|59\/100|[from] Sandstorm\n|upkeep\n|\n|t:|1698363337\n|switch|p2a: Ferrothorn|Ferrothorn, M|100\/100\n|-activate|p2a: Ferrothorn|move: Sticky Web\n|-unboost|p2a: Ferrothorn|spe|1\n|turn|8\n|\n|t:|1698363348\n|move|p2b: Tyranitar|Protect|p2b: Tyranitar\n|-singleturn|p2b: Tyranitar|Protect\n|move|p1a: Kommo-o|Aura Sphere|p2b: Tyranitar\n|-activate|p2b: Tyranitar|move: Protect\n|move|p1b: Rillaboom|Taunt|p2a: Ferrothorn\n|-start|p2a: Ferrothorn|move: Taunt\n|move|p2a: Ferrothorn|Gyro Ball|p1a: Kommo-o\n|-immune|p1a: Kommo-o|[from] ability: Bulletproof\n|\n|-weather|Sandstorm|[upkeep]\n|-damage|p1a: Kommo-o|20\/100|[from] Sandstorm\n|-damage|p1b: Rillaboom|53\/100|[from] Sandstorm\n|upkeep\n|turn|9\n|c|\u2606Syph0n_78|?????????????\n|c|\u2606Syph0n_78|WHAT???\n|c|\u2606Syph0n_78|BULLET PROOF BLOCKS THAT\n|c|\u2606Syph0n_78|SINCE WHEN\n|c|\u2606Qapi|Actually\n|c|\u2606Qapi|I don't know\n|c|\u2606Syph0n_78|that actually blocked all my chances for winning\n|c|\u2606Syph0n_78|gg\n|\n|t:|1698363401\n|move|p2b: Tyranitar|Protect|p2b: Tyranitar\n|-singleturn|p2b: Tyranitar|Protect\n|move|p1a: Kommo-o|Aura Sphere|p2b: Tyranitar\n|-activate|p2b: Tyranitar|move: Protect\n|move|p1b: Rillaboom|Knock Off|p2a: Ferrothorn\n|-damage|p2a: Ferrothorn|81\/100\n|-damage|p1b: Rillaboom|41\/100|[from] ability: Iron Barbs|[of] p2a: Ferrothorn\n|-enditem|p2a: Ferrothorn|Leftovers|[from] move: Knock Off|[of] p1b: Rillaboom\n|move|p2a: Ferrothorn|Body Press|p1a: Kommo-o\n|-damage|p1a: Kommo-o|0 fnt\n|faint|p1a: Kommo-o\n|\n|-weather|Sandstorm|[upkeep]\n|-damage|p1b: Rillaboom|35\/100|[from] Sandstorm\n|upkeep\n|c|\u2606Syph0n_78|OMG\n|c|\u2606Syph0n_78|I GOT THE DOUBLE\n|\n|t:|1698363419\n|switch|p1a: Arcanine|Arcanine-Hisui, M|100\/100\n|-ability|p1a: Arcanine|Intimidate|boost\n|-unboost|p2a: Ferrothorn|atk|1\n|-unboost|p2b: Tyranitar|atk|1\n|turn|10\n|\n|t:|1698363437\n|-terastallize|p2a: Ferrothorn|Water\n|move|p1a: Arcanine|Flare Blitz|p2a: Ferrothorn\n|-resisted|p2a: Ferrothorn\n|-damage|p2a: Ferrothorn|64\/100\n|-damage|p1a: Arcanine|88\/100|[from] ability: Iron Barbs|[of] p2a: Ferrothorn\n|-damage|p1a: Arcanine|82\/100|[from] Recoil\n|move|p1b: Rillaboom|Grassy Glide|p2b: Tyranitar\n|-supereffective|p2b: Tyranitar\n|-damage|p2b: Tyranitar|59\/100\n|move|p2b: Tyranitar|High Horsepower|p1a: Arcanine\n|-supereffective|p1a: Arcanine\n|-damage|p1a: Arcanine|0 fnt\n|faint|p1a: Arcanine\n|move|p2a: Ferrothorn|Gyro Ball|p1b: Rillaboom\n|-crit|p1b: Rillaboom\n|-damage|p1b: Rillaboom|0 fnt\n|faint|p1b: Rillaboom\n|\n|-weather|Sandstorm|[upkeep]\n|-damage|p2a: Ferrothorn|58\/100|[from] Sandstorm\n|-end|p2a: Ferrothorn|move: Taunt\n|upkeep\n|\n|t:|1698363441\n|switch|p1a: Rotom|Rotom-Wash|41\/100\n|switch|p1b: Garganacl|Garganacl, M|100\/100\n|turn|11\n|\n|t:|1698363462\n|-terastallize|p1b: Garganacl|Ghost\n|move|p1a: Rotom|Thunderbolt|p2a: Ferrothorn\n|-supereffective|p2a: Ferrothorn\n|-damage|p2a: Ferrothorn|0 fnt\n|faint|p2a: Ferrothorn\n|move|p2b: Tyranitar|Rock Slide|p1a: Rotom|[spread] p1a,p1b\n|-damage|p1a: Rotom|0 fnt\n|-damage|p1b: Garganacl|73\/100\n|faint|p1a: Rotom\n|cant|p1b: Garganacl|flinch\n|\n|-weather|none\n|-heal|p1b: Garganacl|79\/100|[from] item: Leftovers\n|upkeep\n|turn|12\n|\n|t:|1698363483\n|move|p2b: Tyranitar|Rock Slide|p1b: Garganacl\n|-damage|p1b: Garganacl|45\/100\n|move|p1b: Garganacl|Iron Defense|p1b: Garganacl\n|-boost|p1b: Garganacl|def|2\n|\n|-heal|p1b: Garganacl|51\/100|[from] item: Leftovers\n|upkeep\n|turn|13\n|\n|t:|1698363492\n|move|p2b: Tyranitar|Dragon Dance|p2b: Tyranitar\n|-boost|p2b: Tyranitar|atk|1\n|-boost|p2b: Tyranitar|spe|1\n|move|p1b: Garganacl|Recover|p1b: Garganacl\n|-heal|p1b: Garganacl|100\/100\n|\n|upkeep\n|turn|14\n|\n|t:|1698363499\n|move|p2b: Tyranitar|High Horsepower|p1b: Garganacl\n|-damage|p1b: Garganacl|77\/100\n|move|p1b: Garganacl|Body Press|p2b: Tyranitar\n|-supereffective|p2b: Tyranitar\n|-damage|p2b: Tyranitar|0 fnt\n|faint|p2b: Tyranitar\n|\n|win|Qapi\n|c|\u2606Syph0n_78|damn dude\n|c|\u2606Syph0n_78|almost\n|c|\u2606Qapi|Amazing battle\n|c|\u2606Qapi|Gg!\n|c|\u2606Syph0n_78|ggs\n|c|\u2606Syph0n_78|Congrats\n|c|\u2606Syph0n_78|i shoulda stuck with neutral\n|c|\u2606Syph0n_78|that kommo-o man\n|c|\u2606Syph0n_78|stings\n|l|\u2606Qapi\n","uploadtime":1698363516,"views":9,"p1id":"qapi","p2id":"syph0n78","formatid":"gen9nationaldexdoubles","rating":0,"private":0,"password":""}