{"id":"gen9nationaldexdoubles-1953397079","p1":"HNakiyamas","p2":"IcyThePea","format":"[Gen 9] National Dex Doubles","log":"|j|\u2606HNakiyamas\n|j|\u2606IcyThePea\n|t:|1695782124\n|gametype|doubles\n|player|p1|HNakiyamas|169|\n|player|p2|IcyThePea|266|\n|teamsize|p1|6\n|teamsize|p2|6\n|gen|9\n|tier|[Gen 9] National Dex Doubles\n|rule|HP Percentage Mod: HP is shown in percentages\n|rule|Endless Battle Clause: Forcing endless battles is banned\n|rule|OHKO Clause: OHKO moves are banned\n|rule|Evasion Moves Clause: Evasion moves are banned\n|rule|Evasion Abilities Clause: Evasion abilities are banned\n|rule|Species Clause: Limit one of each Pok\u00e9mon\n|rule|Gravity Sleep Clause: The combination of sleep-inducing moves with imperfect accuracy and Gravity or Gigantamax Orbeetle are banned\n|clearpoke\n|poke|p1|Articuno-Galar|\n|poke|p1|Garchomp, M|\n|poke|p1|Glimmora, F|\n|poke|p1|Garganacl, F|\n|poke|p1|Gholdengo|\n|poke|p1|Sandy Shocks|\n|poke|p2|Glaceon, F|\n|poke|p2|Umbreon, F|\n|poke|p2|Espeon, F|\n|poke|p2|Leafeon, M|\n|poke|p2|Sylveon, F|\n|poke|p2|Vaporeon, M|\n|teampreview\n|\n|t:|1695782134\n|start\n|switch|p1a: Articuno|Articuno-Galar, shiny|100\/100\n|switch|p1b: Inchigo|Glimmora, F|100\/100\n|switch|p2a: Sylveon|Sylveon, F|100\/100\n|switch|p2b: Vaporeon|Vaporeon, M|100\/100\n|turn|1\n|\n|t:|1695782149\n|move|p1a: Articuno|Tailwind|p1a: Articuno\n|-sidestart|p1: HNakiyamas|move: Tailwind\n|move|p1b: Inchigo|Mortal Spin|p2a: Sylveon|[spread] p2a,p2b\n|-supereffective|p2a: Sylveon\n|-damage|p2a: Sylveon|85\/100\n|-damage|p2b: Vaporeon|96\/100\n|-status|p2a: Sylveon|psn\n|-status|p2b: Vaporeon|psn\n|move|p2a: Sylveon|Misty Terrain|p2a: Sylveon\n|-fieldstart|move: Misty Terrain\n|move|p2b: Vaporeon|Rain Dance|p2b: Vaporeon\n|-weather|RainDance\n|\n|-weather|RainDance|[upkeep]\n|-damage|p2a: Sylveon|73\/100 psn|[from] psn\n|-damage|p2b: Vaporeon|84\/100 psn|[from] psn\n|upkeep\n|turn|2\n|\n|t:|1695782186\n|move|p1a: Articuno|Freezing Glare|p2b: Vaporeon\n|-damage|p2b: Vaporeon|55\/100 psn\n|move|p1b: Inchigo|Sludge Wave|p2b: Vaporeon|[spread] p1a,p2a,p2b\n|-supereffective|p2a: Sylveon\n|-damage|p1a: Articuno|68\/100\n|-damage|p2a: Sylveon|17\/100 psn\n|-damage|p2b: Vaporeon|28\/100 psn\n|move|p2a: Sylveon|Dazzling Gleam|p1b: Inchigo|[spread] p1a,p1b\n|-resisted|p1b: Inchigo\n|-damage|p1a: Articuno|36\/100\n|-damage|p1b: Inchigo|77\/100\n|move|p2b: Vaporeon|Aqua Ring|p2b: Vaporeon\n|-start|p2b: Vaporeon|Aqua Ring\n|\n|-weather|RainDance|[upkeep]\n|-heal|p1a: Articuno|42\/100|[from] item: Leftovers\n|-heal|p2b: Vaporeon|34\/100 psn|[from] Aqua Ring\n|-damage|p2a: Sylveon|4\/100 psn|[from] psn\n|-damage|p2b: Vaporeon|22\/100 psn|[from] psn\n|upkeep\n|turn|3\n|\n|t:|1695782218\n|move|p1a: Articuno|Freezing Glare|p2b: Vaporeon\n|-damage|p2b: Vaporeon|0 fnt\n|faint|p2b: Vaporeon\n|move|p1b: Inchigo|Sandstorm|p1b: Inchigo\n|-weather|Sandstorm\n|move|p2a: Sylveon|Draining Kiss|p1b: Inchigo\n|-resisted|p1b: Inchigo\n|-damage|p1b: Inchigo|63\/100\n|-heal|p2a: Sylveon|14\/100 psn|[from] drain|[of] p1b: Inchigo\n|\n|-weather|Sandstorm|[upkeep]\n|-damage|p1a: Articuno|36\/100|[from] Sandstorm\n|-damage|p2a: Sylveon|8\/100 psn|[from] Sandstorm\n|-heal|p1a: Articuno|42\/100|[from] item: Leftovers\n|-damage|p2a: Sylveon|0 fnt|[from] psn\n|faint|p2a: Sylveon\n|upkeep\n|\n|t:|1695782235\n|switch|p2a: Espeon|Espeon, F|100\/100\n|switch|p2b: Leafeon|Leafeon, M|100\/100\n|turn|4\n|\n|t:|1695782252\n|switch|p2b: Umbreon|Umbreon, F|100\/100\n|-terastallize|p1a: Articuno|Fire\n|move|p1a: Articuno|Tera Blast|p2b: Umbreon|[anim] Tera Blast Fire\n|-damage|p2b: Umbreon|79\/100\n|move|p1b: Inchigo|Mortal Spin|p2a: Espeon|[spread] p2a,p2b\n|-damage|p2a: Espeon|92\/100\n|-damage|p2b: Umbreon|76\/100\n|move|p2a: Espeon|Psychic Terrain|p2a: Espeon\n|-fieldstart|move: Psychic Terrain\n|\n|-weather|Sandstorm|[upkeep]\n|-damage|p1a: Articuno|36\/100|[from] Sandstorm\n|-damage|p2a: Espeon|86\/100|[from] Sandstorm\n|-damage|p2b: Umbreon|70\/100|[from] Sandstorm\n|-heal|p1a: Articuno|42\/100|[from] item: Leftovers\n|-heal|p2b: Umbreon|76\/100|[from] item: Leftovers\n|-sideend|p1: HNakiyamas|move: Tailwind\n|upkeep\n|turn|5\n|\n|t:|1695782279\n|move|p2a: Espeon|Future Sight|p1b: Inchigo\n|-start|p2a: Espeon|move: Future Sight\n|move|p1a: Articuno|Freezing Glare|p2a: Espeon\n|-resisted|p2a: Espeon\n|-damage|p2a: Espeon|55\/100\n|move|p1b: Inchigo|Sludge Wave|p2a: Espeon|[spread] p1a,p2a,p2b\n|-damage|p1a: Articuno|10\/100\n|-damage|p2a: Espeon|10\/100\n|-damage|p2b: Umbreon|52\/100\n|move|p2b: Umbreon|Wish|p2b: Umbreon\n|\n|-weather|Sandstorm|[upkeep]\n|-damage|p2a: Espeon|4\/100|[from] Sandstorm\n|-damage|p1a: Articuno|4\/100|[from] Sandstorm\n|-damage|p2b: Umbreon|46\/100|[from] Sandstorm\n|-heal|p1a: Articuno|10\/100|[from] item: Leftovers\n|-heal|p2b: Umbreon|52\/100|[from] item: Leftovers\n|upkeep\n|turn|6\n|\n|t:|1695782304\n|move|p2a: Espeon|Psybeam|p1b: Inchigo\n|-supereffective|p1b: Inchigo\n|-damage|p1b: Inchigo|0 fnt\n|faint|p1b: Inchigo\n|move|p1a: Articuno|Tera Blast|p2b: Umbreon|[anim] Tera Blast Fire\n|-crit|p2b: Umbreon\n|-damage|p2b: Umbreon|20\/100\n|move|p2b: Umbreon|Foul Play|p1a: Articuno\n|-damage|p1a: Articuno|0 fnt\n|faint|p1a: Articuno\n|\n|-weather|Sandstorm|[upkeep]\n|-damage|p2a: Espeon|0 fnt|[from] Sandstorm\n|-damage|p2b: Umbreon|14\/100|[from] Sandstorm\n|faint|p2a: Espeon\n|-heal|p2b: Umbreon|64\/100|[from] move: Wish|[wisher] Umbreon\n|-heal|p2b: Umbreon|70\/100|[from] item: Leftovers\n|upkeep\n|\n|t:|1695782328\n|switch|p2a: Leafeon|Leafeon, M|100\/100\n|switch|p1a: Garchomp|Garchomp, M, shiny|100\/100\n|switch|p1b: Sandy Shocks|Sandy Shocks, shiny|100\/100\n|-enditem|p1b: Sandy Shocks|Booster Energy\n|-activate|p1b: Sandy Shocks|ability: Protosynthesis|[fromitem]\n|-start|p1b: Sandy Shocks|protosynthesisspa\n|turn|7\n|\n|t:|1695782343\n|move|p1a: Garchomp|Dragon Claw|p2a: Leafeon\n|-damage|p2a: Leafeon|58\/100\n|move|p1b: Sandy Shocks|Thunderbolt|p2a: Leafeon\n|-resisted|p2a: Leafeon\n|-damage|p2a: Leafeon|3\/100\n|move|p2a: Leafeon|Sunny Day|p2a: Leafeon\n|-weather|SunnyDay\n|move|p2b: Umbreon|Wish|p2b: Umbreon\n|\n|-weather|SunnyDay|[upkeep]\n|-end|p1b: Sandy Shocks|move: Future Sight\n|-damage|p1b: Sandy Shocks|0 fnt\n|faint|p1b: Sandy Shocks\n|-end|p1b: Sandy Shocks|Protosynthesis|[silent]\n|-heal|p2b: Umbreon|76\/100|[from] item: Leftovers\n|upkeep\n|\n|t:|1695782357\n|switch|p1b: Garganacl|Garganacl, F|100\/100\n|turn|8\n|\n|t:|1695782371\n|move|p2a: Leafeon|Solar Blade||[still]\n|-prepare|p2a: Leafeon|Solar Blade\n|-anim|p2a: Leafeon|Solar Blade|p1b: Garganacl\n|-supereffective|p1b: Garganacl\n|-damage|p1b: Garganacl|32\/100\n|move|p1a: Garchomp|Dragon Claw|p2a: Leafeon\n|-damage|p2a: Leafeon|0 fnt\n|faint|p2a: Leafeon\n|move|p2b: Umbreon|Toxic|p1a: Garchomp\n|-status|p1a: Garchomp|tox\n|move|p1b: Garganacl|Iron Defense|p1b: Garganacl\n|-boost|p1b: Garganacl|def|2\n|\n|-weather|SunnyDay|[upkeep]\n|-heal|p2b: Umbreon|100\/100|[from] move: Wish|[wisher] Umbreon\n|-heal|p1b: Garganacl|38\/100|[from] item: Leftovers\n|-damage|p1a: Garchomp|94\/100 tox|[from] psn\n|-fieldend|move: Psychic Terrain\n|upkeep\n|\n|t:|1695782392\n|switch|p2a: Glaceon|Glaceon, F|100\/100\n|turn|9\n|\n|t:|1695782399\n|move|p1a: Garchomp|Iron Head|p2a: Glaceon\n|-supereffective|p2a: Glaceon\n|-damage|p2a: Glaceon|29\/100\n|move|p2a: Glaceon|Hail|p2a: Glaceon\n|-weather|Hail\n|move|p2b: Umbreon|Wish|p2b: Umbreon\n|move|p1b: Garganacl|Body Press|p2a: Glaceon\n|-supereffective|p2a: Glaceon\n|-damage|p2a: Glaceon|0 fnt\n|faint|p2a: Glaceon\n|\n|-weather|Hail|[upkeep]\n|-damage|p1a: Garchomp|88\/100 tox|[from] Hail\n|-damage|p2b: Umbreon|94\/100|[from] Hail\n|-damage|p1b: Garganacl|32\/100|[from] Hail\n|-heal|p1a: Garchomp|94\/100 tox|[from] item: Leftovers\n|-heal|p2b: Umbreon|100\/100|[from] item: Leftovers\n|-heal|p1b: Garganacl|38\/100|[from] item: Leftovers\n|-damage|p1a: Garchomp|82\/100 tox|[from] psn\n|upkeep\n|turn|10\n|\n|t:|1695782424\n|move|p1a: Garchomp|Iron Head|p2b: Umbreon\n|-crit|p2b: Umbreon\n|-damage|p2b: Umbreon|72\/100\n|move|p2b: Umbreon|Shadow Ball|p1a: Garchomp\n|-damage|p1a: Garchomp|69\/100 tox\n|move|p1b: Garganacl|Body Press|p2b: Umbreon\n|-supereffective|p2b: Umbreon\n|-damage|p2b: Umbreon|2\/100\n|\n|-weather|Hail|[upkeep]\n|-damage|p1a: Garchomp|63\/100 tox|[from] Hail\n|-damage|p2b: Umbreon|0 fnt|[from] Hail\n|-damage|p1b: Garganacl|32\/100|[from] Hail\n|faint|p2b: Umbreon\n|\n|win|HNakiyamas\n|upkeep\n","uploadtime":1695782449,"views":8,"p1id":"hnakiyamas","p2id":"icythepea","formatid":"gen9nationaldexdoubles","rating":0,"private":0,"password":""}