{"id":"gen9nationaldexdoubles-1999688399","p1":"Mudseph03","p2":"KRONEL2426","format":"[Gen 9] National Dex Doubles","log":"|j|\u2606Mudseph03\n|j|\u2606KRONEL2426\n|t:|1701107948\n|gametype|doubles\n|player|p1|Mudseph03|red|1000\n|player|p2|KRONEL2426|hugh|1131\n|teamsize|p1|6\n|teamsize|p2|6\n|gen|9\n|tier|[Gen 9] National Dex Doubles\n|rated|\n|rule|HP Percentage Mod: HP is shown in percentages\n|rule|Endless Battle Clause: Forcing endless battles is banned\n|rule|OHKO Clause: OHKO moves are banned\n|rule|Evasion Moves Clause: Evasion moves are banned\n|rule|Evasion Abilities Clause: Evasion abilities are banned\n|rule|Species Clause: Limit one of each Pok\u00e9mon\n|rule|Gravity Sleep Clause: The combination of sleep-inducing moves with imperfect accuracy and Gravity or Gigantamax Orbeetle are banned\n|clearpoke\n|poke|p1|Dragapult, M|\n|poke|p1|Kartana|\n|poke|p1|Aegislash, M|\n|poke|p1|Quagsire, M|\n|poke|p1|Heatran, M|\n|poke|p1|Togekiss, M|\n|poke|p2|Toxapex, F|\n|poke|p2|Amoonguss, F|\n|poke|p2|Kommo-o, F|\n|poke|p2|Volcarona, F|\n|poke|p2|Landorus-Therian, M|\n|poke|p2|Grimmsnarl, M|\n|teampreview\n|j| boi in the back\n|c|\u2606Mudseph03|gl hf\n|inactive|Battle timer is ON: inactive players will automatically lose when time's up. (requested by KRONEL2426)\n|\n|t:|1701107984\n|start\n|switch|p1a: Saiko no Hero|Aegislash, M|100\/100\n|switch|p1b: Togefeits|Togekiss, M|100\/100\n|switch|p2a: Amoonguss|Amoonguss, F|100\/100\n|switch|p2b: Grimmsnarl|Grimmsnarl, M|100\/100\n|turn|1\n|\n|t:|1701108007\n|move|p2b: Grimmsnarl|Fake Out|p1b: Togefeits\n|-damage|p1b: Togefeits|87\/100\n|cant|p1b: Togefeits|flinch\n|move|p2a: Amoonguss|Spore|p1a: Saiko no Hero\n|-status|p1a: Saiko no Hero|slp|[from] move: Spore\n|cant|p1a: Saiko no Hero|slp\n|\n|upkeep\n|turn|2\n|\n|t:|1701108024\n|switch|p1a: Christran|Heatran, M|100\/100\n|move|p2b: Grimmsnarl|Parting Shot|p1b: Togefeits\n|-unboost|p1b: Togefeits|atk|1\n|-unboost|p1b: Togefeits|spa|1\n|\n|t:|1701108032\n|switch|p2b: Landorus|Landorus-Therian, M|100\/100|[from] Parting Shot\n|-ability|p2b: Landorus|Intimidate|boost\n|-unboost|p1a: Christran|atk|1\n|-unboost|p1b: Togefeits|atk|1\n|move|p1b: Togefeits|Air Slash|p2a: Amoonguss\n|-supereffective|p2a: Amoonguss\n|-damage|p2a: Amoonguss|67\/100\n|cant|p2a: Amoonguss|flinch\n|\n|upkeep\n|turn|3\n|\n|t:|1701108046\n|switch|p1a: Puyolsire|Quagsire, M|100\/100\n|move|p2b: Landorus|Rock Slide|p1a: Puyolsire|[spread] p1a,p1b\n|-resisted|p1a: Puyolsire\n|-supereffective|p1b: Togefeits\n|-damage|p1a: Puyolsire|92\/100\n|-damage|p1b: Togefeits|41\/100\n|cant|p1b: Togefeits|flinch\n|move|p2a: Amoonguss|Spore|p1b: Togefeits\n|-status|p1b: Togefeits|slp|[from] move: Spore\n|\n|-heal|p1a: Puyolsire|99\/100|[from] item: Leftovers\n|upkeep\n|turn|4\n|\n|t:|1701108075\n|switch|p1b: Saiko no Hero|Aegislash, M|100\/100 slp\n|switch|p1a: Godtana|Kartana|100\/100\n|move|p2b: Landorus|Rock Slide|p1a: Godtana|[spread] p1a,p1b\n|-resisted|p1a: Godtana\n|-resisted|p1b: Saiko no Hero\n|-damage|p1a: Godtana|89\/100\n|-damage|p1b: Saiko no Hero|93\/100 slp\n|move|p2a: Amoonguss|Spore|p1a: Godtana\n|-immune|p1a: Godtana\n|\n|upkeep\n|turn|5\n|\n|t:|1701108100\n|switch|p2a: Grimmsnarl|Grimmsnarl, M|100\/100\n|move|p1a: Godtana|Leaf Blade|p2b: Landorus\n|-damage|p2b: Landorus|28\/100\n|move|p2b: Landorus|Earthquake|p1a: Godtana|[spread] p2a,p1a,p1b\n|-crit|p1a: Godtana\n|-supereffective|p1b: Saiko no Hero\n|-damage|p2a: Grimmsnarl|51\/100\n|-damage|p1a: Godtana|18\/100\n|-damage|p1b: Saiko no Hero|26\/100 slp\n|-curestatus|p1b: Saiko no Hero|slp|[msg]\n|-formechange|p1b: Saiko no Hero|Aegislash-Blade||[from] ability: Stance Change\n|move|p1b: Saiko no Hero|Gyro Ball|p2b: Landorus\n|-damage|p2b: Landorus|0 fnt\n|faint|p2b: Landorus\n|\n|upkeep\n|inactive|KRONEL2426 has 120 seconds left.\n|\n|t:|1701108119\n|switch|p2b: Volcarona|Volcarona, F|100\/100\n|turn|6\n|\n|t:|1701108128\n|switch|p1a: Christran|Heatran, M|100\/100\n|move|p2a: Grimmsnarl|Fake Out|p1a: Christran\n|-resisted|p1a: Christran\n|-damage|p1a: Christran|96\/100\n|move|p2b: Volcarona|Fiery Dance|p1a: Christran\n|-start|p1a: Christran|ability: Flash Fire\n|move|p1b: Saiko no Hero|Gyro Ball|p2a: Grimmsnarl\n|-supereffective|p2a: Grimmsnarl\n|-damage|p2a: Grimmsnarl|0 fnt\n|faint|p2a: Grimmsnarl\n|\n|upkeep\n|\n|t:|1701108143\n|switch|p2a: Amoonguss|Amoonguss, F|99\/100\n|turn|7\n|\n|t:|1701108153\n|switch|p1b: Togefeits|Togekiss, M|41\/100 slp\n|-terastallize|p1a: Christran|Grass\n|move|p2b: Volcarona|Fiery Dance|p1b: Togefeits\n|-damage|p1b: Togefeits|0 fnt\n|faint|p1b: Togefeits\n|move|p1a: Christran|Magma Storm|p2a: Amoonguss\n|-supereffective|p2a: Amoonguss\n|-damage|p2a: Amoonguss|0 fnt\n|faint|p2a: Amoonguss\n|\n|upkeep\n|\n|t:|1701108172\n|switch|p1b: Draga-sama|Dragapult, M|100\/100\n|switch|p2a: Toxapex|Toxapex, F|100\/100\n|turn|8\n|\n|t:|1701108182\n|move|p1b: Draga-sama|Will-O-Wisp|p2a: Toxapex\n|-status|p2a: Toxapex|brn\n|move|p2b: Volcarona|Quiver Dance|p2b: Volcarona\n|-boost|p2b: Volcarona|spa|1\n|-boost|p2b: Volcarona|spd|1\n|-boost|p2b: Volcarona|spe|1\n|move|p1a: Christran|Power Gem|p2b: Volcarona\n|-supereffective|p2b: Volcarona\n|-damage|p2b: Volcarona|32\/100\n|move|p2a: Toxapex|Icy Wind|p1a: Christran|[spread] p1a,p1b\n|-supereffective|p1a: Christran\n|-supereffective|p1b: Draga-sama\n|-damage|p1a: Christran|90\/100\n|-damage|p1b: Draga-sama|85\/100\n|-unboost|p1a: Christran|spe|1\n|-unboost|p1b: Draga-sama|spe|1\n|\n|-damage|p2a: Toxapex|94\/100 brn|[from] brn\n|upkeep\n|turn|9\n|\n|t:|1701108205\n|move|p2b: Volcarona|Fiery Dance|p1b: Draga-sama\n|-resisted|p1b: Draga-sama\n|-damage|p1b: Draga-sama|35\/100\n|move|p1b: Draga-sama|Hex|p2a: Toxapex\n|-crit|p2a: Toxapex\n|-damage|p2a: Toxapex|21\/100 brn\n|move|p1a: Christran|Power Gem|p2b: Volcarona\n|-supereffective|p2b: Volcarona\n|-damage|p2b: Volcarona|0 fnt\n|faint|p2b: Volcarona\n|move|p2a: Toxapex|Icy Wind|p1a: Christran|[spread] p1a,p1b\n|-supereffective|p1a: Christran\n|-supereffective|p1b: Draga-sama\n|-damage|p1a: Christran|85\/100\n|-damage|p1b: Draga-sama|19\/100\n|-unboost|p1a: Christran|spe|1\n|-unboost|p1b: Draga-sama|spe|1\n|\n|-heal|p2a: Toxapex|27\/100 brn|[from] item: Leftovers\n|-damage|p2a: Toxapex|21\/100 brn|[from] brn\n|upkeep\n|inactive|KRONEL2426 has 120 seconds left.\n|\n|t:|1701108225\n|switch|p2b: Kommo-o|Kommo-o, F|100\/100\n|turn|10\n|\n|t:|1701108238\n|-terastallize|p2b: Kommo-o|Fairy\n|move|p2b: Kommo-o|Clangorous Soul|p2b: Kommo-o\n|-boost|p2b: Kommo-o|atk|1\n|-boost|p2b: Kommo-o|def|1\n|-boost|p2b: Kommo-o|spa|1\n|-boost|p2b: Kommo-o|spd|1\n|-boost|p2b: Kommo-o|spe|1\n|-damage|p2b: Kommo-o|68\/100\n|move|p1b: Draga-sama|Will-O-Wisp|p2b: Kommo-o\n|-status|p2b: Kommo-o|brn\n|move|p2a: Toxapex|Icy Wind|p1a: Christran|[spread] p1b\n|-miss|p2a: Toxapex|p1a: Christran\n|-supereffective|p1b: Draga-sama\n|-damage|p1b: Draga-sama|3\/100\n|-unboost|p1b: Draga-sama|spe|1\n|move|p1a: Christran|Earth Power|p2a: Toxapex\n|-supereffective|p2a: Toxapex\n|-damage|p2a: Toxapex|0 fnt\n|faint|p2a: Toxapex\n|\n|-damage|p2b: Kommo-o|61\/100 brn|[from] brn\n|upkeep\n|turn|11\n|\n|t:|1701108264\n|move|p2b: Kommo-o|Ice Punch|p1a: Christran\n|-supereffective|p1a: Christran\n|-damage|p1a: Christran|57\/100\n|move|p1b: Draga-sama|Hex|p2b: Kommo-o\n|-damage|p2b: Kommo-o|14\/100 brn\n|move|p1a: Christran|Magma Storm|p2b: Kommo-o\n|-damage|p2b: Kommo-o|0 fnt\n|faint|p2b: Kommo-o\n|\n|win|Mudseph03\n|raw|Mudseph03's rating: 1000 &rarr; <strong>1054<\/strong><br \/>(+54 for winning)\n|raw|KRONEL2426's rating: 1131 &rarr; <strong>1097<\/strong><br \/>(-34 for losing)\n|c|\u2606Mudseph03|gg\n|l|\u2606KRONEL2426\n","uploadtime":1701108283,"views":1,"p1id":"mudseph03","p2id":"kronel2426","formatid":"gen9nationaldexdoubles","rating":1054,"private":0,"password":""}