{"id":"gen9nationaldexdoubles-1998466651","p1":"Jg fj oh by my f","p2":"Bea_Has_a_Machamp","format":"[Gen 9] National Dex Doubles","log":"|j|\u2606Jg fj oh by my f\n|j|\u2606Bea_Has_a_Machamp\n|t:|1700945516\n|gametype|doubles\n|player|p1|Jg fj oh by my f|youngster-gen4dp|1000\n|player|p2|Bea_Has_a_Machamp|bea-masters|1000\n|teamsize|p1|6\n|teamsize|p2|6\n|gen|9\n|tier|[Gen 9] National Dex Doubles\n|rated|\n|rule|HP Percentage Mod: HP is shown in percentages\n|rule|Endless Battle Clause: Forcing endless battles is banned\n|rule|OHKO Clause: OHKO moves are banned\n|rule|Evasion Moves Clause: Evasion moves are banned\n|rule|Evasion Abilities Clause: Evasion abilities are banned\n|rule|Species Clause: Limit one of each Pok\u00e9mon\n|rule|Gravity Sleep Clause: The combination of sleep-inducing moves with imperfect accuracy and Gravity or Gigantamax Orbeetle are banned\n|clearpoke\n|poke|p1|Indeedee, M|\n|poke|p1|Deoxys-Attack|\n|poke|p1|Typhlosion, M|\n|poke|p1|Kartana|\n|poke|p1|Murkrow, M|\n|poke|p1|Shuckle, F|\n|poke|p2|Ursaluna-Bloodmoon, M|\n|poke|p2|Cloyster, F|\n|poke|p2|Clefable, F|\n|poke|p2|Clefairy, F|\n|poke|p2|Palafin, M|\n|poke|p2|Sentret, F|\n|teampreview\n|inactive|Battle timer is ON: inactive players will automatically lose when time's up. (requested by Bea_Has_a_Machamp)\n|\n|t:|1700945527\n|start\n|switch|p1a: Murkrow|Murkrow, M|100\/100\n|switch|p1b: Shuckle|Shuckle, F|100\/100\n|switch|p2a: Palafin|Palafin, M|100\/100\n|switch|p2b: CHONKY BOI|Sentret, F|100\/100\n|-item|p1a: Murkrow|Focus Sash|[from] ability: Frisk|[of] p2b: CHONKY BOI|[identify]\n|-item|p1b: Shuckle|Mental Herb|[from] ability: Frisk|[of] p2b: CHONKY BOI|[identify]\n|turn|1\n|\n|t:|1700945553\n|move|p2b: CHONKY BOI|Follow Me|p2b: CHONKY BOI\n|-singleturn|p2b: CHONKY BOI|move: Follow Me\n|move|p1a: Murkrow|Taunt|p2b: CHONKY BOI\n|-start|p2b: CHONKY BOI|move: Taunt\n|move|p2a: Palafin|Flip Turn|p1b: Shuckle\n|-supereffective|p1b: Shuckle\n|-damage|p1b: Shuckle|69\/100\n|-damage|p2a: Palafin|91\/100|[from] item: Life Orb\n|\n|t:|1700945567\n|detailschange|p2a: Palafin|Palafin-Hero, M\n|switch|p2a: Ursaluna|Ursaluna-Bloodmoon, M|100\/100|[from] Flip Turn\n|move|p1b: Shuckle|Sticky Web|p2b: CHONKY BOI\n|-sidestart|p2: Bea_Has_a_Machamp|move: Sticky Web\n|\n|upkeep\n|turn|2\n|\n|t:|1700945579\n|move|p1a: Murkrow|Perish Song|p1a: Murkrow\n|-start|p1a: Murkrow|perish3|[silent]\n|-start|p1b: Shuckle|perish3|[silent]\n|-start|p2a: Ursaluna|perish3|[silent]\n|-start|p2b: CHONKY BOI|perish3|[silent]\n|-fieldactivate|move: Perish Song\n|move|p2a: Ursaluna|Blood Moon|p1a: Murkrow\n|-enditem|p1a: Murkrow|Focus Sash\n|-damage|p1a: Murkrow|1\/100\n|move|p2b: CHONKY BOI|Power-Up Punch|p1b: Shuckle\n|-damage|p1b: Shuckle|65\/100\n|-boost|p2b: CHONKY BOI|atk|1\n|move|p1b: Shuckle|Toxic|p2a: Ursaluna|[miss]\n|-miss|p1b: Shuckle|p2a: Ursaluna\n|\n|-start|p1a: Murkrow|perish3\n|-start|p2a: Ursaluna|perish3\n|-start|p2b: CHONKY BOI|perish3\n|-start|p1b: Shuckle|perish3\n|upkeep\n|turn|3\n|inactive|Jg fj oh by my f has 120 seconds left.\n|\n|t:|1700945634\n|move|p1a: Murkrow|Haze|p1a: Murkrow\n|-clearallboost\n|move|p2a: Ursaluna|Moonblast|p1a: Murkrow\n|-supereffective|p1a: Murkrow\n|-damage|p1a: Murkrow|0 fnt\n|faint|p1a: Murkrow\n|move|p2b: CHONKY BOI|Power-Up Punch|p1b: Shuckle\n|-damage|p1b: Shuckle|62\/100\n|-boost|p2b: CHONKY BOI|atk|1\n|move|p1b: Shuckle|Power Split|p2a: Ursaluna\n|-activate|p1b: Shuckle|move: Power Split|[of] p2a: Ursaluna\n|\n|-start|p2a: Ursaluna|perish2\n|-start|p2b: CHONKY BOI|perish2\n|-start|p1b: Shuckle|perish2\n|upkeep\n|inactive|Jg fj oh by my f has 90 seconds left.\n|inactiveoff|Battle timer is now OFF.\n|inactive|Battle timer is ON: inactive players will automatically lose when time's up. (requested by Bea_Has_a_Machamp)\n|\n|t:|1700945688\n|switch|p1a: Typhlosion|Typhlosion, M|100\/100\n|turn|4\n|inactive|Jg fj oh by my f has 90 seconds left.\n|\n|t:|1700945705\n|move|p1a: Typhlosion|Flamethrower|p2b: CHONKY BOI\n|-damage|p2b: CHONKY BOI|39\/100\n|move|p2a: Ursaluna|Earth Power|p1a: Typhlosion\n|-supereffective|p1a: Typhlosion\n|-damage|p1a: Typhlosion|24\/100\n|move|p2b: CHONKY BOI|Power-Up Punch|p1b: Shuckle\n|-damage|p1b: Shuckle|57\/100\n|-boost|p2b: CHONKY BOI|atk|1\n|move|p1b: Shuckle|Stealth Rock|p2a: Ursaluna\n|-sidestart|p2: Bea_Has_a_Machamp|move: Stealth Rock\n|\n|-end|p2b: CHONKY BOI|move: Taunt\n|-start|p2a: Ursaluna|perish1\n|-start|p2b: CHONKY BOI|perish1\n|-start|p1b: Shuckle|perish1\n|upkeep\n|turn|5\n|\n|t:|1700945720\n|switch|p2a: Palafin|Palafin-Hero, M|91\/100\n|-activate|p2a: Palafin|move: Sticky Web\n|-unboost|p2a: Palafin|spe|1\n|-damage|p2a: Palafin|78\/100|[from] Stealth Rock\n|-activate|p2a: Palafin|ability: Zero to Hero\n|switch|p2b: Clefairy|Clefairy, F|100\/100\n|-activate|p2b: Clefairy|move: Sticky Web\n|-unboost|p2b: Clefairy|spe|1\n|-damage|p2b: Clefairy|88\/100|[from] Stealth Rock\n|move|p1a: Typhlosion|Flamethrower|p2a: Palafin\n|-resisted|p2a: Palafin\n|-damage|p2a: Palafin|54\/100\n|move|p1b: Shuckle|Toxic|p2a: Palafin\n|-status|p2a: Palafin|tox\n|\n|-damage|p2a: Palafin|48\/100 tox|[from] psn\n|-start|p1b: Shuckle|perish0\n|upkeep\n|faint|p1b: Shuckle\n|inactive|Jg fj oh by my f has 90 seconds left.\n|\n|t:|1700945742\n|switch|p1b: Indeedee|Indeedee, M|100\/100\n|-fieldstart|move: Psychic Terrain|[from] ability: Psychic Surge|[of] p1b: Indeedee\n|turn|6\n|\n|t:|1700945753\n|-terastallize|p1b: Indeedee|Psychic\n|move|p2b: Clefairy|Follow Me|p2b: Clefairy\n|-singleturn|p2b: Clefairy|move: Follow Me\n|move|p2a: Palafin|Jet Punch|p1a: Typhlosion\n|-activate|p1a: Typhlosion|move: Psychic Terrain\n|move|p1a: Typhlosion|Flamethrower|p2b: Clefairy\n|-damage|p2b: Clefairy|25\/100\n|move|p1b: Indeedee|Expanding Force|p2a: Palafin|[spread] p2a,p2b\n|-damage|p2a: Palafin|0 fnt\n|-damage|p2b: Clefairy|0 fnt\n|faint|p2a: Palafin\n|faint|p2b: Clefairy\n|\n|upkeep\n|\n|t:|1700945766\n|switch|p2a: CHONKY BOI|Sentret, F|39\/100\n|switch|p2b: Cloyster|Cloyster, F|100\/100\n|-activate|p2b: Cloyster|move: Sticky Web\n|-unboost|p2b: Cloyster|spe|1\n|-damage|p2b: Cloyster|76\/100|[from] Stealth Rock\n|-activate|p2a: CHONKY BOI|move: Sticky Web\n|-unboost|p2a: CHONKY BOI|spe|1\n|-damage|p2a: CHONKY BOI|26\/100|[from] Stealth Rock\n|-item|p1a: Typhlosion|Choice Scarf|[from] ability: Frisk|[of] p2a: CHONKY BOI|[identify]\n|-item|p1b: Indeedee|Choice Scarf|[from] ability: Frisk|[of] p2a: CHONKY BOI|[identify]\n|turn|7\n|\n|t:|1700945776\n|move|p2a: CHONKY BOI|Follow Me|p2a: CHONKY BOI\n|-singleturn|p2a: CHONKY BOI|move: Follow Me\n|move|p1a: Typhlosion|Flamethrower|p2a: CHONKY BOI\n|-damage|p2a: CHONKY BOI|0 fnt\n|faint|p2a: CHONKY BOI\n|move|p1b: Indeedee|Expanding Force|p2b: Cloyster\n|-damage|p2b: Cloyster|0 fnt\n|faint|p2b: Cloyster\n|\n|upkeep\n|\n|t:|1700945785\n|switch|p2b: Ursaluna|Ursaluna-Bloodmoon, M|100\/100\n|switch|p2a: Clefable|Clefable, F|100\/100\n|-activate|p2a: Clefable|move: Sticky Web\n|-unboost|p2a: Clefable|spe|1\n|-damage|p2a: Clefable|88\/100|[from] Stealth Rock\n|-activate|p2b: Ursaluna|move: Sticky Web\n|-unboost|p2b: Ursaluna|spe|1\n|-damage|p2b: Ursaluna|94\/100|[from] Stealth Rock\n|turn|8\n|\n|t:|1700945794\n|move|p2a: Clefable|Follow Me|p2a: Clefable\n|-singleturn|p2a: Clefable|move: Follow Me\n|move|p1a: Typhlosion|Flamethrower|p2a: Clefable\n|-damage|p2a: Clefable|32\/100\n|move|p1b: Indeedee|Expanding Force|p2b: Ursaluna|[spread] p2a,p2b\n|-damage|p2a: Clefable|0 fnt\n|-damage|p2b: Ursaluna|12\/100\n|faint|p2a: Clefable\n|move|p2b: Ursaluna|Blood Moon|p1b: Indeedee\n|-damage|p1b: Indeedee|0 fnt\n|faint|p1b: Indeedee\n|\n|-heal|p2b: Ursaluna|18\/100|[from] item: Leftovers\n|upkeep\n|\n|t:|1700945805\n|switch|p1b: Kartana|Kartana|100\/100\n|turn|9\n|\n|t:|1700945814\n|-terastallize|p2b: Ursaluna|Ground\n|move|p1a: Typhlosion|Flamethrower|p2b: Ursaluna\n|-damage|p2b: Ursaluna|0 fnt\n|faint|p2b: Ursaluna\n|\n|win|Jg fj oh by my f\n|raw|Jg fj oh by my f's rating: 1042 &rarr; <strong>1072<\/strong><br \/>(+30 for winning)\n|raw|Bea_Has_a_Machamp's rating: 1000 &rarr; <strong>1000<\/strong><br \/>(+0 for losing)\n","uploadtime":1700945819,"views":0,"p1id":"jgfjohbymyf","p2id":"beahasamachamp","formatid":"gen9nationaldexdoubles","rating":1000,"private":0,"password":""}