{"id":"gen9nationaldexdoubles-1958886238","p1":"impastabot4000","p2":"the man74928yqe","format":"[Gen 9] National Dex Doubles","log":"|j|\u2606impastabot4000\n|j|\u2606the man74928yqe\n|t:|1696365679\n|gametype|doubles\n|player|p1|impastabot4000|nate|1172\n|player|p2|the man74928yqe|unknown|1115\n|teamsize|p1|6\n|teamsize|p2|6\n|gen|9\n|tier|[Gen 9] National Dex Doubles\n|rated|\n|rule|HP Percentage Mod: HP is shown in percentages\n|rule|Endless Battle Clause: Forcing endless battles is banned\n|rule|OHKO Clause: OHKO moves are banned\n|rule|Evasion Moves Clause: Evasion moves are banned\n|rule|Evasion Abilities Clause: Evasion abilities are banned\n|rule|Species Clause: Limit one of each Pok\u00e9mon\n|rule|Gravity Sleep Clause: The combination of sleep-inducing moves with imperfect accuracy and Gravity or Gigantamax Orbeetle are banned\n|clearpoke\n|poke|p1|Rillaboom, M|\n|poke|p1|Salamence, F|\n|poke|p1|Volcanion|\n|poke|p1|Chien-Pao|\n|poke|p1|Flutter Mane|\n|poke|p1|Ogerpon-Cornerstone, F|\n|poke|p2|Landorus-Therian, M|\n|poke|p2|Arcanine-Hisui, M|\n|poke|p2|Gyarados, M|\n|poke|p2|Salamence, F|\n|poke|p2|Staraptor, F|\n|poke|p2|Krookodile, M|\n|teampreview\n|inactive|Battle timer is ON: inactive players will automatically lose when time's up. (requested by the man74928yqe)\n|inactive|impastabot4000 also wants the timer to be on.\n|\n|t:|1696365707\n|start\n|switch|p1a: Salamence|Salamence, F|100\/100\n|switch|p1b: Rillaboom|Rillaboom, M|100\/100\n|switch|p2a: Landorus|Landorus-Therian, M|100\/100\n|switch|p2b: Gyarados|Gyarados, M, shiny|100\/100\n|-ability|p1a: Salamence|Intimidate|boost\n|-unboost|p2a: Landorus|atk|1\n|-unboost|p2b: Gyarados|atk|1\n|-ability|p2a: Landorus|Intimidate|boost\n|-unboost|p1a: Salamence|atk|1\n|-unboost|p1b: Rillaboom|atk|1\n|-fieldstart|move: Grassy Terrain|[from] ability: Grassy Surge|[of] p1b: Rillaboom\n|-ability|p2b: Gyarados|Intimidate|boost\n|-unboost|p1a: Salamence|atk|1\n|-unboost|p1b: Rillaboom|atk|1\n|turn|1\n|\n|t:|1696365728\n|detailschange|p1a: Salamence|Salamence-Mega, F\n|-mega|p1a: Salamence|Salamence|Salamencite\n|move|p2b: Gyarados|Protect|p2b: Gyarados\n|-singleturn|p2b: Gyarados|Protect\n|move|p1b: Rillaboom|Fake Out|p2b: Gyarados\n|-activate|p2b: Gyarados|move: Protect\n|move|p1a: Salamence|Tailwind|p1a: Salamence\n|-sidestart|p1: impastabot4000|move: Tailwind\n|move|p2a: Landorus|U-turn|p1b: Rillaboom\n|-supereffective|p1b: Rillaboom\n|-damage|p1b: Rillaboom|64\/100\n|\n|t:|1696365738\n|switch|p2a: Staraptor|Staraptor, F|100\/100|[from] U-turn\n|-ability|p2a: Staraptor|Intimidate|boost\n|-unboost|p1a: Salamence|atk|1\n|-unboost|p1b: Rillaboom|atk|1\n|\n|-heal|p1b: Rillaboom|70\/100|[from] Grassy Terrain\n|upkeep\n|turn|2\n|\n|t:|1696365752\n|switch|p2b: Landorus|Landorus-Therian, M|100\/100\n|-ability|p2b: Landorus|Intimidate|boost\n|-unboost|p1a: Salamence|atk|1\n|-unboost|p1b: Rillaboom|atk|1\n|move|p1a: Salamence|Dragon Dance|p1a: Salamence\n|-boost|p1a: Salamence|atk|1\n|-boost|p1a: Salamence|spe|1\n|move|p1b: Rillaboom|U-turn|p2a: Staraptor\n|-resisted|p2a: Staraptor\n|-damage|p2a: Staraptor|95\/100\n|\n|t:|1696365766\n|switch|p1b: Volcanion|Volcanion|100\/100|[from] U-turn\n|move|p2a: Staraptor|Brave Bird|p1b: Volcanion\n|-damage|p1b: Volcanion|48\/100\n|-damage|p2a: Staraptor|76\/100|[from] Recoil\n|\n|-heal|p1b: Volcanion|54\/100|[from] Grassy Terrain\n|upkeep\n|turn|3\n|\n|t:|1696365786\n|move|p2a: Staraptor|Protect|p2a: Staraptor\n|-singleturn|p2a: Staraptor|Protect\n|move|p1a: Salamence|Frustration|p2a: Staraptor\n|-activate|p2a: Staraptor|move: Protect\n|move|p1b: Volcanion|Hidden Power|p2a: Staraptor\n|-activate|p2a: Staraptor|move: Protect\n|move|p2b: Landorus|Toxic|p1a: Salamence|[miss]\n|-miss|p2b: Landorus|p1a: Salamence\n|\n|-heal|p1b: Volcanion|60\/100|[from] Grassy Terrain\n|upkeep\n|turn|4\n|inactive|the man74928yqe has 120 seconds left.\n|\n|t:|1696365824\n|move|p1a: Salamence|Frustration|p2b: Landorus\n|-damage|p2b: Landorus|73\/100\n|move|p1b: Volcanion|Hidden Power|p2b: Landorus\n|-supereffective|p2b: Landorus\n|-damage|p2b: Landorus|0 fnt\n|faint|p2b: Landorus\n|move|p2a: Staraptor|Close Combat|p1b: Volcanion\n|-crit|p1b: Volcanion\n|-damage|p1b: Volcanion|12\/100\n|-unboost|p2a: Staraptor|def|1\n|-unboost|p2a: Staraptor|spd|1\n|\n|-heal|p1b: Volcanion|19\/100|[from] Grassy Terrain\n|-sideend|p1: impastabot4000|move: Tailwind\n|upkeep\n|\n|t:|1696365840\n|switch|p2b: Salamence|Salamence, F|100\/100\n|-ability|p2b: Salamence|Intimidate|boost\n|-unboost|p1a: Salamence|atk|1\n|-unboost|p1b: Volcanion|atk|1\n|turn|5\n|inactive|the man74928yqe has 120 seconds left.\n|\n|t:|1696365854\n|switch|p1b: Rillaboom|Rillaboom, M|70\/100\n|detailschange|p2b: Salamence|Salamence-Mega, F\n|-mega|p2b: Salamence|Salamence|Salamencite\n|move|p1a: Salamence|Tailwind|p1a: Salamence\n|-sidestart|p1: impastabot4000|move: Tailwind\n|move|p2b: Salamence|Dragon Claw|p1a: Salamence\n|-supereffective|p1a: Salamence\n|-damage|p1a: Salamence|36\/100\n|move|p2a: Staraptor|Brave Bird|p1b: Rillaboom\n|-supereffective|p1b: Rillaboom\n|-damage|p1b: Rillaboom|0 fnt\n|faint|p1b: Rillaboom\n|-damage|p2a: Staraptor|47\/100|[from] Recoil\n|\n|-fieldend|move: Grassy Terrain\n|upkeep\n|\n|t:|1696365867\n|switch|p1b: Flutter Mane|Flutter Mane|100\/100\n|turn|6\n|\n|t:|1696365876\n|switch|p2b: Gyarados|Gyarados, M, shiny|100\/100\n|-ability|p2b: Gyarados|Intimidate|boost\n|-unboost|p1a: Salamence|atk|1\n|-unboost|p1b: Flutter Mane|atk|1\n|-terastallize|p1b: Flutter Mane|Fairy\n|move|p1a: Salamence|Dragon Dance|p1a: Salamence\n|-boost|p1a: Salamence|atk|1\n|-boost|p1a: Salamence|spe|1\n|move|p1b: Flutter Mane|Dazzling Gleam|p2a: Staraptor|[spread] p2a,p2b\n|-damage|p2a: Staraptor|0 fnt\n|-damage|p2b: Gyarados|38\/100\n|faint|p2a: Staraptor\n|\n|upkeep\n|\n|t:|1696365888\n|switch|p2a: Arcanine|Arcanine-Hisui, M, shiny|100\/100\n|-ability|p2a: Arcanine|Intimidate|boost\n|-unboost|p1a: Salamence|atk|1\n|-unboost|p1b: Flutter Mane|atk|1\n|turn|7\n|\n|t:|1696365907\n|-end|p1b: Flutter Mane|Protosynthesis|[silent]\n|switch|p1b: Chien-Pao|Chien-Pao|100\/100\n|-ability|p1b: Chien-Pao|Sword of Ruin\n|move|p1a: Salamence|Frustration|p2b: Gyarados\n|-damage|p2b: Gyarados|17\/100\n|-enditem|p2b: Gyarados|Figy Berry|[eat]\n|-heal|p2b: Gyarados|51\/100|[from] item: Figy Berry\n|move|p2a: Arcanine|Rock Slide|p1b: Chien-Pao|[spread] p1a,p1b\n|-supereffective|p1a: Salamence\n|-supereffective|p1b: Chien-Pao\n|-damage|p1a: Salamence|0 fnt\n|-enditem|p1b: Chien-Pao|Focus Sash\n|-damage|p1b: Chien-Pao|1\/100\n|faint|p1a: Salamence\n|move|p2b: Gyarados|Waterfall|p1b: Chien-Pao\n|-damage|p1b: Chien-Pao|0 fnt\n|faint|p1b: Chien-Pao\n|\n|upkeep\n|inactive|impastabot4000 has 120 seconds left.\n|\n|t:|1696365929\n|switch|p1b: Volcanion|Volcanion|19\/100\n|switch|p1a: Flutter Mane|Flutter Mane, tera:Fairy|100\/100\n|turn|8\n|\n|t:|1696365950\n|move|p1a: Flutter Mane|Dazzling Gleam|p2b: Gyarados|[spread] p2a,p2b\n|-resisted|p2a: Arcanine\n|-crit|p2a: Arcanine\n|-crit|p2b: Gyarados\n|-damage|p2a: Arcanine|42\/100\n|-damage|p2b: Gyarados|0 fnt\n|faint|p2b: Gyarados\n|move|p1b: Volcanion|Earth Power|p2a: Arcanine\n|-supereffective|p2a: Arcanine\n|-damage|p2a: Arcanine|0 fnt\n|faint|p2a: Arcanine\n|\n|-sideend|p1: impastabot4000|move: Tailwind\n|upkeep\n|\n|t:|1696365960\n|switch|p2a: Krookodile|Krookodile, M, shiny|100\/100\n|switch|p2b: Salamence|Salamence-Mega, F|100\/100\n|-ability|p2a: Krookodile|Intimidate|boost\n|-unboost|p1a: Flutter Mane|atk|1\n|-unboost|p1b: Volcanion|atk|1\n|turn|9\n|\n|t:|1696365976\n|move|p1a: Flutter Mane|Dazzling Gleam|p2a: Krookodile|[spread] p2a,p2b\n|-supereffective|p2a: Krookodile\n|-supereffective|p2b: Salamence\n|-damage|p2a: Krookodile|0 fnt\n|-damage|p2b: Salamence|0 fnt\n|faint|p2a: Krookodile\n|faint|p2b: Salamence\n|\n|win|impastabot4000\n|raw|impastabot4000's rating: 1172 &rarr; <strong>1193<\/strong><br \/>(+21 for winning)\n|raw|the man74928yqe's rating: 1115 &rarr; <strong>1094<\/strong><br \/>(-21 for losing)\n|l|\u2606the man74928yqe\n|c|\u2606impastabot4000|gg\n","uploadtime":1696365998,"views":9,"p1id":"impastabot4000","p2id":"theman74928yqe","formatid":"gen9nationaldexdoubles","rating":1094,"private":0,"password":""}