{"id":"gen9nationaldexdoubles-1955798517","p1":"blackbocha203","p2":"Monje-44","format":"[Gen 9] National Dex Doubles","log":"|j|\u2606blackbocha203\n|j|\u2606Monje-44\n|t:|1696029208\n|gametype|doubles\n|player|p1|blackbocha203|leon|\n|player|p2|Monje-44|backpacker|\n|teamsize|p1|2\n|teamsize|p2|2\n|gen|9\n|tier|[Gen 9] National Dex Doubles\n|rule|HP Percentage Mod: HP is shown in percentages\n|rule|Endless Battle Clause: Forcing endless battles is banned\n|rule|OHKO Clause: OHKO moves are banned\n|rule|Evasion Moves Clause: Evasion moves are banned\n|rule|Evasion Abilities Clause: Evasion abilities are banned\n|rule|Species Clause: Limit one of each Pok\u00e9mon\n|rule|Gravity Sleep Clause: The combination of sleep-inducing moves with imperfect accuracy and Gravity or Gigantamax Orbeetle are banned\n|clearpoke\n|poke|p1|Dunsparce, F|\n|poke|p1|Ferrothorn, F|\n|poke|p2|Oranguru, M|\n|poke|p2|Aerodactyl, M|\n|teampreview\n|j| alexiusb\n|j| pantostadooficial\n|\n|t:|1696029255\n|start\n|switch|p1a: Dunsparce|Dunsparce, F|100\/100\n|switch|p1b: Ferrothorn|Ferrothorn, F|100\/100\n|switch|p2a: Orangutano|Oranguru, M|100\/100\n|switch|p2b: Terodactil|Aerodactyl, M, shiny|100\/100\n|-ability|p2b: Terodactil|Unnerve\n|turn|1\n|\n|t:|1696029288\n|move|p2b: Terodactil|Fire Fang|p1b: Ferrothorn\n|-supereffective|p1b: Ferrothorn\n|-damage|p1b: Ferrothorn|36\/100\n|-damage|p2b: Terodactil|88\/100|[from] ability: Iron Barbs|[of] p1b: Ferrothorn\n|move|p2a: Orangutano|Instruct|p2b: Terodactil\n|-singleturn|p2b: Terodactil|move: Instruct|[of] p2a: Orangutano\n|move|p2b: Terodactil|Fire Fang|p1b: Ferrothorn\n|-supereffective|p1b: Ferrothorn\n|-damage|p1b: Ferrothorn|0 fnt\n|-damage|p2b: Terodactil|76\/100|[from] ability: Iron Barbs|[of] p1b: Ferrothorn\n|faint|p1b: Ferrothorn\n|move|p1a: Dunsparce|Glare|p2b: Terodactil\n|-status|p2b: Terodactil|par\n|\n|upkeep\n|turn|2\n|\n|t:|1696029305\n|move|p2a: Orangutano|Instruct|p2b: Terodactil\n|-singleturn|p2b: Terodactil|move: Instruct|[of] p2a: Orangutano\n|cant|p2b: Terodactil|par\n|move|p2b: Terodactil|Fire Fang|p1a: Dunsparce\n|-damage|p1a: Dunsparce|77\/100\n|move|p1a: Dunsparce|Glare|p2a: Orangutano\n|-status|p2a: Orangutano|par\n|\n|upkeep\n|turn|3\n|\n|t:|1696029319\n|move|p2b: Terodactil|Fire Fang|p1a: Dunsparce\n|-damage|p1a: Dunsparce|54\/100\n|cant|p2a: Orangutano|par\n|move|p1a: Dunsparce|Coil|p1a: Dunsparce\n|-boost|p1a: Dunsparce|atk|1\n|-boost|p1a: Dunsparce|def|1\n|-boost|p1a: Dunsparce|accuracy|1\n|\n|upkeep\n|turn|4\n|\n|t:|1696029335\n|cant|p2b: Terodactil|par\n|move|p2a: Orangutano|Instruct|p2b: Terodactil\n|-singleturn|p2b: Terodactil|move: Instruct|[of] p2a: Orangutano\n|move|p2b: Terodactil|Fire Fang|p1a: Dunsparce\n|-damage|p1a: Dunsparce|39\/100\n|cant|p1a: Dunsparce|flinch\n|\n|upkeep\n|turn|5\n|c|\u2606blackbocha203|LPM\n|c|\u2606blackbocha203|Por qu\u00e9 flinchea el puto aerodactyl\n|\n|t:|1696029372\n|move|p2b: Terodactil|Fire Fang|p1a: Dunsparce\n|-damage|p1a: Dunsparce|25\/100\n|move|p2a: Orangutano|Instruct|p2b: Terodactil\n|-singleturn|p2b: Terodactil|move: Instruct|[of] p2a: Orangutano\n|move|p2b: Terodactil|Fire Fang|p1a: Dunsparce\n|-damage|p1a: Dunsparce|9\/100\n|move|p1a: Dunsparce|Roost|p1a: Dunsparce\n|-heal|p1a: Dunsparce|59\/100\n|-singleturn|p1a: Dunsparce|move: Roost\n|\n|upkeep\n|turn|6\n|\n|t:|1696029387\n|move|p2b: Terodactil|Fire Fang|p1a: Dunsparce\n|-damage|p1a: Dunsparce|44\/100\n|move|p2a: Orangutano|Instruct|p2b: Terodactil\n|-singleturn|p2b: Terodactil|move: Instruct|[of] p2a: Orangutano\n|move|p2b: Terodactil|Fire Fang|p1a: Dunsparce\n|-damage|p1a: Dunsparce|31\/100\n|move|p1a: Dunsparce|Roost|p1a: Dunsparce\n|-heal|p1a: Dunsparce|81\/100\n|-singleturn|p1a: Dunsparce|move: Roost\n|\n|upkeep\n|turn|7\n|\n|t:|1696029401\n|move|p2b: Terodactil|Fire Fang|p1a: Dunsparce\n|-damage|p1a: Dunsparce|65\/100\n|cant|p2a: Orangutano|par\n|move|p1a: Dunsparce|Coil|p1a: Dunsparce\n|-boost|p1a: Dunsparce|atk|1\n|-boost|p1a: Dunsparce|def|1\n|-boost|p1a: Dunsparce|accuracy|1\n|\n|upkeep\n|turn|8\n|\n|t:|1696029414\n|cant|p2b: Terodactil|par\n|move|p2a: Orangutano|Instruct|p2b: Terodactil\n|-singleturn|p2b: Terodactil|move: Instruct|[of] p2a: Orangutano\n|move|p2b: Terodactil|Fire Fang|p1a: Dunsparce\n|-damage|p1a: Dunsparce|54\/100\n|cant|p1a: Dunsparce|flinch\n|\n|upkeep\n|turn|9\n|\n|t:|1696029429\n|move|p2b: Terodactil|Fire Fang|p1a: Dunsparce\n|-damage|p1a: Dunsparce|43\/100\n|move|p2a: Orangutano|Instruct|p2b: Terodactil\n|-singleturn|p2b: Terodactil|move: Instruct|[of] p2a: Orangutano\n|move|p2b: Terodactil|Fire Fang|p1a: Dunsparce\n|-damage|p1a: Dunsparce|31\/100\n|cant|p1a: Dunsparce|flinch\n|\n|upkeep\n|turn|10\n|\n|t:|1696029443\n|cant|p2b: Terodactil|par\n|move|p2a: Orangutano|Instruct|p2b: Terodactil\n|-singleturn|p2b: Terodactil|move: Instruct|[of] p2a: Orangutano\n|move|p2b: Terodactil|Fire Fang|p1a: Dunsparce\n|-damage|p1a: Dunsparce|19\/100\n|move|p1a: Dunsparce|Roost|p1a: Dunsparce\n|-heal|p1a: Dunsparce|69\/100\n|-singleturn|p1a: Dunsparce|move: Roost\n|\n|upkeep\n|turn|11\n|\n|t:|1696029456\n|cant|p2b: Terodactil|par\n|cant|p2a: Orangutano|par\n|move|p1a: Dunsparce|Roost|p1a: Dunsparce\n|-heal|p1a: Dunsparce|100\/100\n|-singleturn|p1a: Dunsparce|move: Roost\n|\n|upkeep\n|turn|12\n|\n|t:|1696029465\n|move|p2b: Terodactil|Fire Fang|p1a: Dunsparce\n|-damage|p1a: Dunsparce|90\/100\n|move|p2a: Orangutano|Instruct|p2b: Terodactil\n|-singleturn|p2b: Terodactil|move: Instruct|[of] p2a: Orangutano\n|move|p2b: Terodactil|Fire Fang|p1a: Dunsparce\n|-damage|p1a: Dunsparce|77\/100\n|cant|p1a: Dunsparce|flinch\n|\n|upkeep\n|turn|13\n|\n|t:|1696029480\n|cant|p2b: Terodactil|par\n|move|p2a: Orangutano|Instruct|p2b: Terodactil\n|-singleturn|p2b: Terodactil|move: Instruct|[of] p2a: Orangutano\n|move|p2b: Terodactil|Fire Fang|p1a: Dunsparce\n|-damage|p1a: Dunsparce|67\/100\n|cant|p1a: Dunsparce|flinch\n|\n|upkeep\n|turn|14\n|\n|t:|1696029494\n|move|p2b: Terodactil|Fire Fang|p1a: Dunsparce|[miss]\n|-miss|p2b: Terodactil|p1a: Dunsparce\n|cant|p2a: Orangutano|par\n|move|p1a: Dunsparce|Coil|p1a: Dunsparce\n|-boost|p1a: Dunsparce|atk|1\n|-boost|p1a: Dunsparce|def|1\n|-boost|p1a: Dunsparce|accuracy|1\n|\n|upkeep\n|turn|15\n|\n|t:|1696029505\n|cant|p2b: Terodactil|par\n|move|p2a: Orangutano|Instruct|p2b: Terodactil\n|-singleturn|p2b: Terodactil|move: Instruct|[of] p2a: Orangutano\n|cant|p2b: Terodactil|par\n|move|p1a: Dunsparce|Roost|p1a: Dunsparce\n|-heal|p1a: Dunsparce|100\/100\n|-singleturn|p1a: Dunsparce|move: Roost\n|\n|upkeep\n|turn|16\n|\n|t:|1696029527\n|cant|p2b: Terodactil|par\n|move|p2a: Orangutano|Instruct|p2b: Terodactil\n|-singleturn|p2b: Terodactil|move: Instruct|[of] p2a: Orangutano\n|move|p2b: Terodactil|Fire Fang|p1a: Dunsparce\n|-damage|p1a: Dunsparce|91\/100\n|move|p1a: Dunsparce|Coil|p1a: Dunsparce\n|-boost|p1a: Dunsparce|atk|1\n|-boost|p1a: Dunsparce|def|1\n|-boost|p1a: Dunsparce|accuracy|1\n|\n|upkeep\n|turn|17\n|\n|t:|1696029539\n|move|p2b: Terodactil|Fire Fang|p1a: Dunsparce\n|-damage|p1a: Dunsparce|84\/100\n|-status|p1a: Dunsparce|brn\n|move|p2a: Orangutano|Instruct|p2b: Terodactil\n|-singleturn|p2b: Terodactil|move: Instruct|[of] p2a: Orangutano\n|cant|p2b: Terodactil|par\n|cant|p1a: Dunsparce|flinch\n|\n|-damage|p1a: Dunsparce|78\/100 brn|[from] brn\n|upkeep\n|turn|18\n|\n|t:|1696029556\n|move|p2b: Terodactil|Fire Fang|p1a: Dunsparce\n|-damage|p1a: Dunsparce|70\/100 brn\n|move|p2a: Orangutano|Instruct|p2b: Terodactil\n|-singleturn|p2b: Terodactil|move: Instruct|[of] p2a: Orangutano\n|cant|p2b: Terodactil|par\n|move|p1a: Dunsparce|Coil|p1a: Dunsparce\n|-boost|p1a: Dunsparce|atk|1\n|-boost|p1a: Dunsparce|def|1\n|-boost|p1a: Dunsparce|accuracy|1\n|\n|-damage|p1a: Dunsparce|64\/100 brn|[from] brn\n|upkeep\n|turn|19\n|\n|t:|1696029570\n|move|p2b: Terodactil|Fire Fang|p1a: Dunsparce\n|-damage|p1a: Dunsparce|57\/100 brn\n|cant|p2a: Orangutano|par\n|move|p1a: Dunsparce|Roost|p1a: Dunsparce\n|-heal|p1a: Dunsparce|100\/100 brn\n|-singleturn|p1a: Dunsparce|move: Roost\n|\n|-damage|p1a: Dunsparce|94\/100 brn|[from] brn\n|upkeep\n|turn|20\n|\n|t:|1696029580\n|move|p2b: Terodactil|Fire Fang|p1a: Dunsparce\n|-damage|p1a: Dunsparce|88\/100 brn\n|move|p2a: Orangutano|Instruct|p2b: Terodactil\n|-singleturn|p2b: Terodactil|move: Instruct|[of] p2a: Orangutano\n|move|p2b: Terodactil|Fire Fang|p1a: Dunsparce\n|-damage|p1a: Dunsparce|81\/100 brn\n|move|p1a: Dunsparce|Glare|p2a: Orangutano\n|-fail|p2a: Orangutano|par\n|\n|-damage|p1a: Dunsparce|75\/100 brn|[from] brn\n|upkeep\n|turn|21\n|\n|t:|1696029602\n|cant|p2b: Terodactil|par\n|move|p2a: Orangutano|Instruct||[still]\n|-fail|p2a: Orangutano\n|move|p1a: Dunsparce|Body Slam|p2a: Orangutano\n|-damage|p2a: Orangutano|58\/100 par\n|\n|-damage|p1a: Dunsparce|69\/100 brn|[from] brn\n|upkeep\n|turn|22\n|\n|t:|1696029612\n|cant|p2b: Terodactil|par\n|cant|p2a: Orangutano|par\n|move|p1a: Dunsparce|Coil|p1a: Dunsparce\n|-boost|p1a: Dunsparce|atk|1\n|-boost|p1a: Dunsparce|def|1\n|-boost|p1a: Dunsparce|accuracy|1\n|\n|-damage|p1a: Dunsparce|63\/100 brn|[from] brn\n|upkeep\n|turn|23\n|\n|t:|1696029625\n|-activate|p2b: Terodactil|move: Struggle\n|move|p2b: Terodactil|Struggle|p1a: Dunsparce\n|-damage|p1a: Dunsparce|58\/100 brn\n|-damage|p2b: Terodactil|51\/100 par|[from] recoil\n|move|p2a: Orangutano|Instruct||[still]\n|-fail|p2a: Orangutano\n|move|p1a: Dunsparce|Roost|p1a: Dunsparce\n|-heal|p1a: Dunsparce|100\/100 brn\n|-singleturn|p1a: Dunsparce|move: Roost\n|\n|-damage|p1a: Dunsparce|94\/100 brn|[from] brn\n|upkeep\n|turn|24\n|\n|t:|1696029636\n|-activate|p2b: Terodactil|move: Struggle\n|move|p2b: Terodactil|Struggle|p1a: Dunsparce\n|-damage|p1a: Dunsparce|90\/100 brn\n|-damage|p2b: Terodactil|26\/100 par|[from] recoil\n|move|p2a: Orangutano|Instruct||[still]\n|-fail|p2a: Orangutano\n|move|p1a: Dunsparce|Body Slam|p2a: Orangutano\n|-damage|p2a: Orangutano|7\/100 par\n|\n|-damage|p1a: Dunsparce|84\/100 brn|[from] brn\n|upkeep\n|turn|25\n|\n|t:|1696029649\n|-activate|p2b: Terodactil|move: Struggle\n|move|p2b: Terodactil|Struggle|p1a: Dunsparce\n|-damage|p1a: Dunsparce|79\/100 brn\n|-damage|p2b: Terodactil|0 fnt|[from] recoil\n|faint|p2b: Terodactil\n|move|p2a: Orangutano|Instruct|p1a: Dunsparce\n|-singleturn|p1a: Dunsparce|move: Instruct|[of] p2a: Orangutano\n|move|p1a: Dunsparce|Body Slam|p2a: Orangutano\n|-damage|p2a: Orangutano|0 fnt\n|faint|p2a: Orangutano\n|\n|win|blackbocha203\n|c|\u2606blackbocha203|Gg\n|c|\u2606Monje-44|gg\n|l| pantostadooficial\n","uploadtime":1696029672,"views":20,"p1id":"blackbocha203","p2id":"monje44","formatid":"gen9nationaldexdoubles","rating":0,"private":0,"password":""}