{"id":"gen9nationaldexdoubles-1956470737","p1":"LezaXYZ","p2":"monolugar","format":"[Gen 9] National Dex Doubles","log":"|j|\u2606LezaXYZ\n|j|\u2606monolugar\n|t:|1696111096\n|gametype|doubles\n|player|p1|LezaXYZ|calem-masters|\n|player|p2|monolugar|1|\n|teamsize|p1|6\n|teamsize|p2|6\n|gen|9\n|tier|[Gen 9] National Dex Doubles\n|rule|HP Percentage Mod: HP is shown in percentages\n|rule|Endless Battle Clause: Forcing endless battles is banned\n|rule|OHKO Clause: OHKO moves are banned\n|rule|Evasion Moves Clause: Evasion moves are banned\n|rule|Evasion Abilities Clause: Evasion abilities are banned\n|rule|Species Clause: Limit one of each Pok\u00e9mon\n|rule|Gravity Sleep Clause: The combination of sleep-inducing moves with imperfect accuracy and Gravity or Gigantamax Orbeetle are banned\n|clearpoke\n|poke|p1|Flutter Mane|\n|poke|p1|Chi-Yu|\n|poke|p1|Landorus-Therian, M|\n|poke|p1|Urshifu-*, F|\n|poke|p1|Iron Hands|\n|poke|p1|Amoonguss, M|\n|poke|p2|Hatterene, F|\n|poke|p2|Ursaluna, F|\n|poke|p2|Cresselia, F|\n|poke|p2|Vikavolt, M|\n|poke|p2|Ampharos, M|\n|poke|p2|Stakataka|\n|teampreview\n|j| Lexxuus2\n|c|\u2606LezaXYZ|Okkk, nunca pense verte una trick room XD\n|j| MiniNargacuga\n|c| Lexxuus2|Ojo tr\n|c|\u2606monolugar|ese era el punto de este equipo\n|j| LazyDiancie\n|c|\u2606monolugar|algo que no te esperes de mi\n|\n|t:|1696111163\n|start\n|switch|p1a: Chi-Yu|Chi-Yu|100\/100\n|switch|p1b: Iron Hands|Iron Hands|100\/100\n|switch|p2a: Cresselia|Cresselia, F|100\/100\n|switch|p2b: Hatterene|Hatterene, F|100\/100\n|-ability|p1a: Chi-Yu|Beads of Ruin\n|turn|1\n|\n|t:|1696111177\n|move|p1b: Iron Hands|Fake Out|p2b: Hatterene\n|-damage|p2b: Hatterene|84\/100\n|move|p2a: Cresselia|Ally Switch|p2a: Cresselia\n|swap|p2a: Cresselia|1|[from] move: Ally Switch\n|move|p1a: Chi-Yu|Snarl|p2b: Cresselia|[spread] p2a,p2b\n|-supereffective|p2b: Cresselia\n|-damage|p2a: Hatterene|37\/100\n|-damage|p2b: Cresselia|55\/100\n|-unboost|p2a: Hatterene|spa|1\n|-unboost|p2b: Cresselia|spa|1\n|cant|p2a: Hatterene|flinch\n|\n|upkeep\n|turn|2\n|\n|t:|1696111193\n|move|p1a: Chi-Yu|Snarl|p2b: Cresselia|[spread] p2a,p2b\n|-supereffective|p2b: Cresselia\n|-damage|p2a: Hatterene|0 fnt\n|-damage|p2b: Cresselia|14\/100\n|-unboost|p2b: Cresselia|spa|1\n|faint|p2a: Hatterene\n|move|p1b: Iron Hands|Heavy Slam|p2b: Cresselia\n|-damage|p2b: Cresselia|0 fnt\n|faint|p2b: Cresselia\n|\n|upkeep\n|c| MiniNargacuga|Mono por qu\u00e9 no est\u00e1s en llamada we\n|c| Lexxuus2|Mi papa\n|c|\u2606monolugar|ok, ya perdi\n|c| MiniNargacuga|Aaaagh ya perdimos\n|\n|t:|1696111214\n|switch|p2b: osito cari\u00f1osito|Ursaluna, F|100\/100\n|switch|p2a: Stakataka|Stakataka, shiny|100\/100\n|turn|3\n|c| MiniNargacuga|Justo te hiba a decir eso. gg\n|\n|t:|1696111225\n|move|p1a: Chi-Yu|Snarl|p2b: osito cari\u00f1osito|[spread] p2a,p2b\n|-damage|p2a: Stakataka|59\/100\n|-damage|p2b: osito cari\u00f1osito|60\/100\n|-unboost|p2a: Stakataka|spa|1\n|-unboost|p2b: osito cari\u00f1osito|spa|1\n|move|p1b: Iron Hands|Drain Punch|p2a: Stakataka\n|-supereffective|p2a: Stakataka\n|-damage|p2a: Stakataka|0 fnt\n|faint|p2a: Stakataka\n|move|p2b: osito cari\u00f1osito|Headlong Rush|p1b: Iron Hands\n|-supereffective|p1b: Iron Hands\n|-damage|p1b: Iron Hands|16\/100\n|-unboost|p2b: osito cari\u00f1osito|def|1\n|-unboost|p2b: osito cari\u00f1osito|spd|1\n|\n|-status|p2b: osito cari\u00f1osito|brn|[from] item: Flame Orb\n|upkeep\n|j| ErHecks\n|c| Lexxuus2|Hiba\n|l| MiniNargacuga\n|\n|t:|1696111239\n|switch|p2a: Vikavolt|Vikavolt, M|100\/100\n|turn|4\n|j| 445-Garchomp\n|\n|t:|1696111253\n|-end|p1b: Iron Hands|Quark Drive|[silent]\n|switch|p1b: Amoonguss|Amoonguss, M|100\/100\n|-terastallize|p2a: Vikavolt|Fire\n|move|p1a: Chi-Yu|Snarl|p2b: osito cari\u00f1osito|[spread] p2a,p2b\n|-damage|p2a: Vikavolt|51\/100\n|-damage|p2b: osito cari\u00f1osito|0 fnt\n|-unboost|p2a: Vikavolt|spa|1\n|faint|p2b: osito cari\u00f1osito\n|move|p2a: Vikavolt|Bug Buzz|p1a: Chi-Yu\n|-damage|p1a: Chi-Yu|58\/100\n|-enditem|p2a: Vikavolt|Throat Spray\n|-boost|p2a: Vikavolt|spa|1|[from] item: Throat Spray\n|\n|upkeep\n|c| ErHecks|ah con que para eso era el team\n|c|\u2606monolugar|bueno, este combate fue vergonzoso\n|\n|t:|1696111278\n|switch|p2b: Ampharos|Ampharos, M|100\/100\n|turn|5\n|\n|t:|1696111287\n|detailschange|p2b: Ampharos|Ampharos-Mega, M\n|-mega|p2b: Ampharos|Ampharos|Ampharosite\n|-ability|p2b: Ampharos|Mold Breaker\n|move|p1b: Amoonguss|Protect|p1b: Amoonguss\n|-singleturn|p1b: Amoonguss|Protect\n|move|p1a: Chi-Yu|Snarl|p2b: Ampharos|[spread] p2b\n|-miss|p1a: Chi-Yu|p2a: Vikavolt\n|-damage|p2b: Ampharos|65\/100\n|-unboost|p2b: Ampharos|spa|1\n|move|p2b: Ampharos|Power Gem|p1a: Chi-Yu\n|-supereffective|p1a: Chi-Yu\n|-damage|p1a: Chi-Yu|0 fnt\n|faint|p1a: Chi-Yu\n|move|p2a: Vikavolt|Bug Buzz|p1b: Amoonguss\n|-activate|p1b: Amoonguss|move: Protect\n|\n|upkeep\n|\n|t:|1696111302\n|switch|p1a: Landorus|Landorus-Therian, M|100\/100\n|-ability|p1a: Landorus|Intimidate|boost\n|-unboost|p2a: Vikavolt|atk|1\n|-unboost|p2b: Ampharos|atk|1\n|turn|6\n|\n|t:|1696111314\n|move|p1b: Amoonguss|Rage Powder|p1b: Amoonguss\n|-singleturn|p1b: Amoonguss|move: Rage Powder\n|move|p1a: Landorus|Stomping Tantrum|p2b: Ampharos\n|-supereffective|p2b: Ampharos\n|-damage|p2b: Ampharos|0 fnt\n|faint|p2b: Ampharos\n|move|p2a: Vikavolt|Bug Buzz|p1b: Amoonguss\n|-damage|p1b: Amoonguss|64\/100\n|\n|-heal|p1b: Amoonguss|71\/100|[from] item: Leftovers\n|upkeep\n|turn|7\n|\n|t:|1696111329\n|move|p1b: Amoonguss|Rage Powder|p1b: Amoonguss\n|-singleturn|p1b: Amoonguss|move: Rage Powder\n|move|p1a: Landorus|Stomping Tantrum|p2a: Vikavolt\n|-immune|p2a: Vikavolt|[from] ability: Levitate\n|move|p2a: Vikavolt|Tera Blast|p1b: Amoonguss|[anim] Tera Blast Fire\n|-supereffective|p1b: Amoonguss\n|-damage|p1b: Amoonguss|8\/100\n|\n|-heal|p1b: Amoonguss|14\/100|[from] item: Leftovers\n|upkeep\n|turn|8\n|c|\u2606LezaXYZ|ah\n|c|\u2606LezaXYZ|XDDDDD\n|c| ErHecks|when olvidas levitate\n|\n|t:|1696111345\n|move|p1b: Amoonguss|Protect|p1b: Amoonguss\n|-singleturn|p1b: Amoonguss|Protect\n|move|p1a: Landorus|U-turn|p2a: Vikavolt\n|-resisted|p2a: Vikavolt\n|-damage|p2a: Vikavolt|37\/100\n|c|\u2606monolugar|leza atrasando mi derrota:\n|\n|t:|1696111352\n|switch|p1a: Urshifu|Urshifu-Rapid-Strike, F|100\/100|[from] U-turn\n|move|p2a: Vikavolt|Tera Blast|p1b: Amoonguss|[anim] Tera Blast Fire\n|-activate|p1b: Amoonguss|move: Protect\n|\n|-heal|p1b: Amoonguss|20\/100|[from] item: Leftovers\n|upkeep\n|turn|9\n|\n|t:|1696111359\n|switch|p1b: Landorus|Landorus-Therian, M|100\/100\n|-ability|p1b: Landorus|Intimidate|boost\n|-unboost|p2a: Vikavolt|atk|1\n|move|p1a: Urshifu|Surging Strikes|p2a: Vikavolt\n|-supereffective|p2a: Vikavolt\n|-crit|p2a: Vikavolt\n|-damage|p2a: Vikavolt|0 fnt\n|faint|p2a: Vikavolt\n|-hitcount|p2: Vikavolt|1\n|\n|win|LezaXYZ\n|l| Lexxuus2\n|l| ErHecks\n|l|\u2606monolugar\n|l| LazyDiancie\n|c| 445-Garchomp|https:\/\/play.pokemonshowdown.com\/battle-gen9nationaldexdoubles-1956473869\n|j| ELFRAN132\n|l| ELFRAN132\n|l| 445-Garchomp\n","uploadtime":1696111473,"views":9,"p1id":"lezaxyz","p2id":"monolugar","formatid":"gen9nationaldexdoubles","rating":0,"private":0,"password":""}