{"id":"gen9nationaldexdoubles-1992495755","p1":"MikazukiRex_","p2":"Chaos92031","format":"[Gen 9] National Dex Doubles","log":"|j|\u2606MikazukiRex_\n|j|\u2606Chaos92031\n|t:|1700194958\n|gametype|doubles\n|player|p1|MikazukiRex_|ltsurge|\n|player|p2|Chaos92031|blue|\n|teamsize|p1|6\n|teamsize|p2|6\n|gen|9\n|tier|[Gen 9] National Dex Doubles\n|rule|HP Percentage Mod: HP is shown in percentages\n|rule|Endless Battle Clause: Forcing endless battles is banned\n|rule|OHKO Clause: OHKO moves are banned\n|rule|Evasion Moves Clause: Evasion moves are banned\n|rule|Evasion Abilities Clause: Evasion abilities are banned\n|rule|Species Clause: Limit one of each Pok\u00e9mon\n|rule|Gravity Sleep Clause: The combination of sleep-inducing moves with imperfect accuracy and Gravity or Gigantamax Orbeetle are banned\n|clearpoke\n|poke|p1|Chi-Yu|\n|poke|p1|Tsareena, F|\n|poke|p1|Dragonite, M|\n|poke|p1|Great Tusk|\n|poke|p1|Murkrow, F|\n|poke|p1|Dragapult, M|\n|poke|p2|Charizard, M|\n|poke|p2|Chi-Yu|\n|poke|p2|Flutter Mane|\n|poke|p2|Whimsicott, F|\n|poke|p2|Kingambit, M|\n|poke|p2|Landorus-Therian, M|\n|teampreview\n|c|\u2606MikazukiRex_|time or no?\n|\n|t:|1700195032\n|start\n|switch|p1a: Murkrow|Murkrow, F|100\/100\n|switch|p1b: Dragonite|Dragonite, M|100\/100\n|switch|p2a: Whimsicott|Whimsicott, F|100\/100\n|switch|p2b: Landorus|Landorus-Therian, M|100\/100\n|-ability|p2b: Landorus|Intimidate|boost\n|-unboost|p1a: Murkrow|atk|1\n|-unboost|p1b: Dragonite|atk|1\n|turn|1\n|c|\u2606Chaos92031|whatever you prefer\n|c|\u2606MikazukiRex_|I don't mind\n|c|\u2606MikazukiRex_|no time I guess\n|\n|t:|1700195081\n|move|p2a: Whimsicott|Tailwind|p2a: Whimsicott\n|-sidestart|p2: Chaos92031|move: Tailwind\n|move|p1a: Murkrow|Tailwind|p1a: Murkrow\n|-sidestart|p1: MikazukiRex_|move: Tailwind\n|move|p2b: Landorus|U-turn|p1b: Dragonite\n|-resisted|p1b: Dragonite\n|-damage|p1b: Dragonite|95\/100\n|\n|t:|1700195092\n|switch|p2b: Kingambit|Kingambit, M|100\/100|[from] U-turn\n|move|p1b: Dragonite|Ice Spinner|p2b: Kingambit\n|-resisted|p2b: Kingambit\n|-damage|p2b: Kingambit|90\/100\n|\n|upkeep\n|turn|2\n|\n|t:|1700195108\n|move|p2a: Whimsicott|Encore|p1b: Dragonite\n|-start|p1b: Dragonite|Encore\n|move|p1a: Murkrow|Screech|p2b: Kingambit\n|-hint|Since gen 7, Dark is immune to Prankster moves.\n|-immune|p2b: Kingambit\n|move|p1b: Dragonite|Ice Spinner|p2a: Whimsicott\n|-supereffective|p2a: Whimsicott\n|-damage|p2a: Whimsicott|30\/100\n|move|p2b: Kingambit|Knock Off|p1a: Murkrow\n|-resisted|p1a: Murkrow\n|-crit|p1a: Murkrow\n|-damage|p1a: Murkrow|63\/100\n|-enditem|p1a: Murkrow|Eviolite|[from] move: Knock Off|[of] p2b: Kingambit\n|\n|upkeep\n|turn|3\n|c|\u2606MikazukiRex_|oh\n|c|\u2606MikazukiRex_|interestin\n|c|\u2606MikazukiRex_|about dark types\n|\n|t:|1700195150\n|switch|p2a: Charizard|Charizard, M|100\/100\n|move|p2b: Kingambit|Sucker Punch|p1b: Dragonite\n|-crit|p1b: Dragonite\n|-damage|p1b: Dragonite|35\/100\n|move|p1a: Murkrow|Brave Bird|p2a: Charizard\n|-damage|p2a: Charizard|73\/100\n|-damage|p1a: Murkrow|53\/100|[from] Recoil\n|move|p1b: Dragonite|Ice Spinner|p2a: Charizard\n|-damage|p2a: Charizard|34\/100\n|\n|upkeep\n|turn|4\n|\n|t:|1700195218\n|switch|p1b: Great Tusk|Great Tusk|100\/100\n|detailschange|p2a: Charizard|Charizard-Mega-Y, M\n|-mega|p2a: Charizard|Charizard|Charizardite Y\n|-weather|SunnyDay|[from] ability: Drought|[of] p2a: Charizard\n|-activate|p1b: Great Tusk|ability: Protosynthesis\n|-start|p1b: Great Tusk|protosynthesisatk\n|move|p2a: Charizard|Protect|p2a: Charizard\n|-singleturn|p2a: Charizard|Protect\n|move|p1a: Murkrow|Brave Bird|p2a: Charizard\n|-activate|p2a: Charizard|move: Protect\n|move|p2b: Kingambit|Iron Head|p1a: Murkrow\n|-damage|p1a: Murkrow|0 fnt\n|faint|p1a: Murkrow\n|\n|-weather|SunnyDay|[upkeep]\n|-sideend|p2: Chaos92031|move: Tailwind\n|-sideend|p1: MikazukiRex_|move: Tailwind\n|upkeep\n|\n|t:|1700195235\n|switch|p1a: Chi-Yu|Chi-Yu|100\/100\n|-ability|p1a: Chi-Yu|Beads of Ruin\n|turn|5\n|\n|t:|1700195279\n|move|p2b: Kingambit|Sucker Punch|p1a: Chi-Yu\n|-resisted|p1a: Chi-Yu\n|-damage|p1a: Chi-Yu|69\/100\n|move|p1a: Chi-Yu|Snarl|p2a: Charizard|[spread] p2a,p2b\n|-resisted|p2b: Kingambit\n|-damage|p2a: Charizard|0 fnt\n|-damage|p2b: Kingambit|76\/100\n|-unboost|p2b: Kingambit|spa|1\n|-ability|p2b: Kingambit|Defiant|boost\n|-boost|p2b: Kingambit|atk|2\n|faint|p2a: Charizard\n|move|p1b: Great Tusk|Headlong Rush|p2b: Kingambit\n|-supereffective|p2b: Kingambit\n|-damage|p2b: Kingambit|0 fnt\n|-unboost|p1b: Great Tusk|def|1\n|-unboost|p1b: Great Tusk|spd|1\n|faint|p2b: Kingambit\n|\n|-weather|SunnyDay|[upkeep]\n|upkeep\n|\n|t:|1700195296\n|switch|p2a: Whimsicott|Whimsicott, F|30\/100\n|switch|p2b: Flutter Mane|Flutter Mane|100\/100\n|-activate|p2b: Flutter Mane|ability: Protosynthesis\n|-start|p2b: Flutter Mane|protosynthesisspe\n|turn|6\n|\n|t:|1700195328\n|-terastallize|p2b: Flutter Mane|Fairy\n|-terastallize|p1a: Chi-Yu|Fire\n|move|p2a: Whimsicott|Tailwind|p2a: Whimsicott\n|-sidestart|p2: Chaos92031|move: Tailwind\n|move|p2b: Flutter Mane|Dazzling Gleam|p1a: Chi-Yu|[spread] p1a,p1b\n|-resisted|p1a: Chi-Yu\n|-supereffective|p1b: Great Tusk\n|-damage|p1a: Chi-Yu|34\/100\n|-damage|p1b: Great Tusk|0 fnt\n|faint|p1b: Great Tusk\n|-end|p1b: Great Tusk|Protosynthesis|[silent]\n|move|p1a: Chi-Yu|Snarl|p2b: Flutter Mane|[spread] p2a,p2b\n|-resisted|p2a: Whimsicott\n|-resisted|p2b: Flutter Mane\n|-damage|p2a: Whimsicott|0 fnt\n|-damage|p2b: Flutter Mane|79\/100\n|-unboost|p2b: Flutter Mane|spa|1\n|faint|p2a: Whimsicott\n|\n|-weather|SunnyDay|[upkeep]\n|upkeep\n|\n|t:|1700195350\n|switch|p2a: Chi-Yu|Chi-Yu|100\/100\n|switch|p1b: Tsareena|Tsareena, F|100\/100\n|-ability|p2a: Chi-Yu|Beads of Ruin\n|turn|7\n|\n|t:|1700195375\n|move|p2b: Flutter Mane|Dazzling Gleam|p1b: Tsareena|[spread] p1a,p1b\n|-resisted|p1a: Chi-Yu\n|-damage|p1a: Chi-Yu|9\/100\n|-damage|p1b: Tsareena|41\/100\n|-enditem|p1b: Tsareena|Sitrus Berry|[eat]\n|-heal|p1b: Tsareena|66\/100|[from] item: Sitrus Berry\n|move|p2a: Chi-Yu|Heat Wave|p1a: Chi-Yu|[spread] p1a,p1b\n|-resisted|p1a: Chi-Yu\n|-supereffective|p1b: Tsareena\n|-damage|p1a: Chi-Yu|0 fnt\n|-damage|p1b: Tsareena|0 fnt\n|faint|p1a: Chi-Yu\n|faint|p1b: Tsareena\n|\n|-weather|SunnyDay|[upkeep]\n|upkeep\n|\n|t:|1700195387\n|switch|p1a: Dragonite|Dragonite, M|35\/100\n|switch|p1b: Dragapult|Dragapult, M|100\/100\n|turn|8\n|c|\u2606MikazukiRex_|lmao\n|c|\u2606MikazukiRex_|yikes\n|c|\u2606Chaos92031|xd\n|\n|t:|1700195415\n|move|p1a: Dragonite|Extreme Speed|p2b: Flutter Mane\n|-damage|p2b: Flutter Mane|3\/100\n|move|p2b: Flutter Mane|Dazzling Gleam|p1b: Dragapult|[spread] p1a,p1b\n|-supereffective|p1a: Dragonite\n|-supereffective|p1b: Dragapult\n|-damage|p1a: Dragonite|0 fnt\n|-damage|p1b: Dragapult|0 fnt\n|faint|p1a: Dragonite\n|faint|p1b: Dragapult\n|\n|win|Chaos92031\n|c|\u2606Chaos92031|gg\n|c|\u2606MikazukiRex_|damn\n|c|\u2606MikazukiRex_|so close\n|c|\u2606Chaos92031|yuh\n|l|\u2606MikazukiRex_\n","uploadtime":1700195433,"views":14,"p1id":"mikazukirex","p2id":"chaos92031","formatid":"gen9nationaldexdoubles","rating":0,"private":0,"password":""}