{"id":"gen9nationaldexdoubles-1954124914","p1":"Kneebones","p2":"pot rocks","format":"[Gen 9] National Dex Doubles","log":"|j|\u2606Kneebones\n|j|\u2606pot rocks\n|t:|1695856274\n|gametype|doubles\n|player|p1|Kneebones|102|1082\n|player|p2|pot rocks|fisherman-gen4|1039\n|teamsize|p1|6\n|teamsize|p2|6\n|gen|9\n|tier|[Gen 9] National Dex Doubles\n|rated|\n|rule|HP Percentage Mod: HP is shown in percentages\n|rule|Endless Battle Clause: Forcing endless battles is banned\n|rule|OHKO Clause: OHKO moves are banned\n|rule|Evasion Moves Clause: Evasion moves are banned\n|rule|Evasion Abilities Clause: Evasion abilities are banned\n|rule|Species Clause: Limit one of each Pok\u00e9mon\n|rule|Gravity Sleep Clause: The combination of sleep-inducing moves with imperfect accuracy and Gravity or Gigantamax Orbeetle are banned\n|clearpoke\n|poke|p1|Indeedee-F, F|\n|poke|p1|Breloom, M|\n|poke|p1|Scizor, M|\n|poke|p1|Garchomp, F|\n|poke|p1|Talonflame, M|\n|poke|p1|Delphox, M|\n|poke|p2|Ambipom, M|\n|poke|p2|Jolteon, F|\n|poke|p2|Absol, M|\n|poke|p2|Tauros, M|\n|poke|p2|Pidove, F|\n|poke|p2|Weezing-Galar, M|\n|teampreview\n|inactive|Battle timer is ON: inactive players will automatically lose when time's up. (requested by pot rocks)\n|\n|t:|1695856290\n|start\n|switch|p1a: Indeedee|Indeedee-F, F|100\/100\n|switch|p1b: Delphox|Delphox, M|100\/100\n|switch|p2a: Ambipom|Ambipom, M|100\/100\n|switch|p2b: Jolteon|Jolteon, F|100\/100\n|-fieldstart|move: Psychic Terrain|[from] ability: Psychic Surge|[of] p1a: Indeedee\n|turn|1\n|inactive|pot rocks has 120 seconds left.\n|\n|t:|1695856330\n|move|p2b: Jolteon|Thunderbolt|p1b: Delphox\n|-damage|p1b: Delphox|51\/100\n|move|p2a: Ambipom|Smack Down|p1b: Delphox\n|-supereffective|p1b: Delphox\n|-damage|p1b: Delphox|0 fnt\n|faint|p1b: Delphox\n|move|p1a: Indeedee|Skill Swap|p2b: Jolteon\n|-activate|p1a: Indeedee|move: Skill Swap|Volt Absorb|Psychic Surge|[of] p2b: Jolteon\n|\n|upkeep\n|inactive|Kneebones has 120 seconds left.\n|c|\u2606pot rocks|Hehehhe\n|\n|t:|1695856367\n|switch|p1b: Scizor|Scizor, M|100\/100\n|turn|2\n|inactive|Kneebones has 120 seconds left.\n|inactive|pot rocks has 120 seconds left.\n|\n|t:|1695856393\n|detailschange|p1b: Scizor|Scizor-Mega, M\n|-mega|p1b: Scizor|Scizor|Scizorite\n|move|p2b: Jolteon|Thunderbolt|p1b: Scizor\n|-crit|p1b: Scizor\n|-damage|p1b: Scizor|36\/100\n|move|p2a: Ambipom|Double Hit|p1a: Indeedee\n|-damage|p1a: Indeedee|60\/100\n|-damage|p2a: Ambipom|84\/100|[from] item: Rocky Helmet|[of] p1a: Indeedee\n|-damage|p1a: Indeedee|20\/100\n|-damage|p2a: Ambipom|68\/100|[from] item: Rocky Helmet|[of] p1a: Indeedee\n|-hitcount|p1a: Indeedee|2\n|move|p1a: Indeedee|Mystical Fire|p2b: Jolteon\n|-damage|p2b: Jolteon|80\/100\n|-unboost|p2b: Jolteon|spa|1\n|move|p1b: Scizor|Swords Dance|p1b: Scizor\n|-boost|p1b: Scizor|atk|2\n|\n|upkeep\n|turn|3\n|inactive|Kneebones has 120 seconds left.\n|c|\u2606pot rocks|Pft\n|\n|t:|1695856437\n|move|p1a: Indeedee|Follow Me|p1a: Indeedee\n|-singleturn|p1a: Indeedee|move: Follow Me\n|move|p2b: Jolteon|Thunderbolt|p1a: Indeedee\n|-heal|p1a: Indeedee|45\/100|[from] ability: Volt Absorb|[of] p2b: Jolteon\n|move|p2a: Ambipom|Double Hit|p1a: Indeedee|[miss]\n|-miss|p2a: Ambipom|p1a: Indeedee\n|move|p1b: Scizor|Roost|p1b: Scizor\n|-heal|p1b: Scizor|86\/100\n|-singleturn|p1b: Scizor|move: Roost\n|\n|upkeep\n|turn|4\n|inactive|pot rocks has 120 seconds left.\n|\n|t:|1695856492\n|move|p1a: Indeedee|Follow Me|p1a: Indeedee\n|-singleturn|p1a: Indeedee|move: Follow Me\n|move|p2b: Jolteon|Tera Blast|p1a: Indeedee\n|-damage|p1a: Indeedee|28\/100\n|move|p2a: Ambipom|Double Hit|p1a: Indeedee\n|-damage|p1a: Indeedee|0 fnt\n|-damage|p2a: Ambipom|51\/100|[from] item: Rocky Helmet|[of] p1a: Indeedee\n|faint|p1a: Indeedee\n|-hitcount|p1: Indeedee|1\n|move|p1b: Scizor|Dual Wingbeat|p2a: Ambipom|[miss]\n|-miss|p1b: Scizor|p2a: Ambipom\n|\n|upkeep\n|inactive|Kneebones has 90 seconds left.\n|\n|t:|1695856512\n|switch|p1a: Breloom|Breloom, M|100\/100\n|turn|5\n|inactive|pot rocks has 120 seconds left.\n|inactive|Kneebones has 90 seconds left.\n|\n|t:|1695856535\n|-terastallize|p1a: Breloom|Fighting\n|move|p1a: Breloom|Protect|p1a: Breloom\n|-singleturn|p1a: Breloom|Protect\n|move|p2b: Jolteon|Thunderbolt|p1b: Scizor\n|-damage|p1b: Scizor|54\/100\n|move|p2a: Ambipom|Aerial Ace|p1a: Breloom\n|-activate|p1a: Breloom|move: Protect\n|move|p1b: Scizor|Dual Wingbeat|p2a: Ambipom\n|-damage|p2a: Ambipom|0 fnt\n|faint|p2a: Ambipom\n|-hitcount|p2: Ambipom|1\n|\n|-fieldend|move: Psychic Terrain\n|-status|p1a: Breloom|tox|[from] item: Toxic Orb\n|upkeep\n|\n|t:|1695856558\n|switch|p2a: Absol|Absol, M|100\/100\n|turn|6\n|inactive|pot rocks has 120 seconds left.\n|\n|t:|1695856569\n|move|p1b: Scizor|Bullet Punch|p2b: Jolteon\n|-resisted|p2b: Jolteon\n|-damage|p2b: Jolteon|4\/100\n|move|p2b: Jolteon|Thunderbolt|p1b: Scizor\n|-damage|p1b: Scizor|26\/100\n|move|p2a: Absol|Night Slash|p1b: Scizor\n|-crit|p1b: Scizor\n|-damage|p1b: Scizor|0 fnt\n|faint|p1b: Scizor\n|move|p1a: Breloom|Bulk Up|p1a: Breloom\n|-boost|p1a: Breloom|atk|1\n|-boost|p1a: Breloom|def|1\n|\n|upkeep\n|\n|t:|1695856585\n|switch|p1b: Garchomp|Garchomp, F|100\/100\n|turn|7\n|\n|t:|1695856599\n|move|p1a: Breloom|Protect|p1a: Breloom\n|-singleturn|p1a: Breloom|Protect\n|move|p2b: Jolteon|Hidden Power|p1b: Garchomp\n|-supereffective|p1b: Garchomp\n|-damage|p1b: Garchomp|38\/100\n|move|p1b: Garchomp|Earthquake|p2a: Absol|[spread] p2a,p2b\n|-activate|p1a: Breloom|move: Protect\n|-supereffective|p2b: Jolteon\n|-damage|p2a: Absol|0 fnt\n|-damage|p2b: Jolteon|0 fnt\n|faint|p2a: Absol\n|faint|p2b: Jolteon\n|-damage|p1b: Garchomp|28\/100|[from] item: Life Orb\n|\n|upkeep\n|\n|t:|1695856611\n|switch|p2b: Pidove|Pidove, F|100\/100\n|switch|p2a: Tauros|Tauros, M|100\/100\n|turn|8\n|\n|t:|1695856624\n|move|p2b: Pidove|Quick Attack|p2a: Tauros\n|-crit|p2a: Tauros\n|-damage|p2a: Tauros|86\/100\n|-setboost|p2a: Tauros|atk|6|[from] ability: Anger Point\n|move|p2a: Tauros|Earthquake|p1b: Garchomp|[spread] p1a,p1b\n|-immune|p2b: Pidove\n|-damage|p1a: Breloom|32\/100 tox\n|-damage|p1b: Garchomp|0 fnt\n|faint|p1b: Garchomp\n|move|p1a: Breloom|Rock Slide|p2b: Pidove|[spread] p2a,p2b\n|-supereffective|p2b: Pidove\n|-damage|p2a: Tauros|49\/100\n|-damage|p2b: Pidove|0 fnt\n|faint|p2b: Pidove\n|\n|-heal|p2a: Tauros|55\/100|[from] item: Leftovers\n|-heal|p1a: Breloom|44\/100 tox|[from] ability: Poison Heal\n|upkeep\n|\n|t:|1695856639\n|switch|p1b: Talonflame|Talonflame, M|100\/100\n|switch|p2b: Weezing|Weezing-Galar, M|100\/100\n|-ability|p2b: Weezing|Neutralizing Gas\n|turn|9\n|\n|t:|1695856657\n|move|p1a: Breloom|Protect|p1a: Breloom\n|-singleturn|p1a: Breloom|Protect\n|move|p2a: Tauros|Rock Slide|p1b: Talonflame|[spread] p1b\n|-activate|p1a: Breloom|move: Protect\n|-supereffective|p1b: Talonflame\n|-damage|p1b: Talonflame|0 fnt\n|faint|p1b: Talonflame\n|move|p2b: Weezing|Dazzling Gleam|p1a: Breloom\n|-activate|p1a: Breloom|move: Protect\n|\n|-heal|p2a: Tauros|61\/100|[from] item: Leftovers\n|-damage|p1a: Breloom|19\/100 tox|[from] psn\n|upkeep\n|turn|10\n|\n|t:|1695856672\n|move|p2a: Tauros|Raging Bull|p1a: Breloom\n|-damage|p1a: Breloom|0 fnt\n|faint|p1a: Breloom\n|\n|win|pot rocks\n|raw|Kneebones's rating: 1082 &rarr; <strong>1057<\/strong><br \/>(-25 for losing)\n|raw|pot rocks's rating: 1039 &rarr; <strong>1077<\/strong><br \/>(+38 for winning)\n|c|\u2606pot rocks|Gg\n","uploadtime":1695856680,"views":12,"p1id":"kneebones","p2id":"potrocks","formatid":"gen9nationaldexdoubles","rating":1057,"private":0,"password":""}