{"id":"gen9nationaldexdoubles-1986521885","p1":"DazzlingBrilliance","p2":"Chef Nando","format":"[Gen 9] National Dex Doubles","log":"|j|\u2606DazzlingBrilliance\n|j|\u2606Chef Nando\n|t:|1699487725\n|gametype|doubles\n|player|p1|DazzlingBrilliance|striker|1060\n|player|p2|Chef Nando|hilda|1164\n|teamsize|p1|6\n|teamsize|p2|6\n|gen|9\n|tier|[Gen 9] National Dex Doubles\n|rated|\n|rule|HP Percentage Mod: HP is shown in percentages\n|rule|Endless Battle Clause: Forcing endless battles is banned\n|rule|OHKO Clause: OHKO moves are banned\n|rule|Evasion Moves Clause: Evasion moves are banned\n|rule|Evasion Abilities Clause: Evasion abilities are banned\n|rule|Species Clause: Limit one of each Pok\u00e9mon\n|rule|Gravity Sleep Clause: The combination of sleep-inducing moves with imperfect accuracy and Gravity or Gigantamax Orbeetle are banned\n|clearpoke\n|poke|p1|Dodrio, M|\n|poke|p1|Golduck, M|\n|poke|p1|Primeape, M|\n|poke|p1|Arcanine, M|\n|poke|p1|Hypno, M|\n|poke|p1|Parasect, M|\n|poke|p2|Mr. Mime-Galar, M|\n|poke|p2|Tauros-Paldea-Combat, M|\n|poke|p2|Nidoqueen, F|\n|poke|p2|Gyarados, F|\n|poke|p2|Dragonite, F|\n|poke|p2|Zapdos-Galar|\n|teampreview\n|c|\u2606Chef Nando|nice\n|\n|t:|1699487740\n|start\n|switch|p1a: Arcanine|Arcanine, M, shiny|100\/100\n|switch|p1b: Hypno|Hypno, M, shiny|100\/100\n|switch|p2a: Mr. Mime|Mr. Mime-Galar, M|100\/100\n|switch|p2b: Nidoqueen|Nidoqueen, F|100\/100\n|-ability|p1a: Arcanine|Intimidate|boost\n|-unboost|p2a: Mr. Mime|atk|1\n|-unboost|p2b: Nidoqueen|atk|1\n|turn|1\n|inactive|Battle timer is ON: inactive players will automatically lose when time's up. (requested by Chef Nando)\n|l|\u2606DazzlingBrilliance\n|inactive|DazzlingBrilliance disconnected and has a minute to reconnect!\n|player|p1|\n|j|\u2606DazzlingBrilliance\n|inactive|DazzlingBrilliance reconnected and has 125 seconds left.\n|player|p1|DazzlingBrilliance|striker\n|inactive|DazzlingBrilliance has 120 seconds left.\n|inactive|DazzlingBrilliance has 90 seconds left.\n|\n|t:|1699487807\n|move|p2a: Mr. Mime|Skill Swap|p2b: Nidoqueen\n|-activate|p2a: Mr. Mime|move: Skill Swap|||[of] p2b: Nidoqueen\n|move|p1a: Arcanine|Will-O-Wisp|p2b: Nidoqueen|[miss]\n|-miss|p1a: Arcanine|p2b: Nidoqueen\n|move|p2b: Nidoqueen|Stealth Rock|p1a: Arcanine\n|-sidestart|p1: DazzlingBrilliance|move: Stealth Rock\n|move|p1b: Hypno|Thunder Wave|p2a: Mr. Mime\n|-status|p2a: Mr. Mime|par\n|\n|upkeep\n|turn|2\n|inactive|DazzlingBrilliance has 120 seconds left.\n|\n|t:|1699487848\n|move|p1a: Arcanine|Mud-Slap|p2b: Nidoqueen\n|-supereffective|p2b: Nidoqueen\n|-damage|p2b: Nidoqueen|91\/100\n|-unboost|p2b: Nidoqueen|accuracy|1\n|move|p1b: Hypno|Nasty Plot|p1b: Hypno\n|-boost|p1b: Hypno|spa|2\n|move|p2a: Mr. Mime|Psychic|p1a: Arcanine\n|-damage|p1a: Arcanine|36\/100\n|move|p2b: Nidoqueen|Roar|p1a: Arcanine\n|drag|p1a: Parasect|Parasect, M, shiny|100\/100\n|-damage|p1a: Parasect|75\/100|[from] Stealth Rock\n|\n|-heal|p1a: Parasect|82\/100|[from] item: Leftovers\n|upkeep\n|turn|3\n|inactive|DazzlingBrilliance has 120 seconds left.\n|inactive|DazzlingBrilliance has 90 seconds left.\n|\n|t:|1699487900\n|move|p1b: Hypno|Hex|p2a: Mr. Mime\n|-supereffective|p2a: Mr. Mime\n|-damage|p2a: Mr. Mime|0 fnt\n|faint|p2a: Mr. Mime\n|move|p1a: Parasect|Spore|p2b: Nidoqueen\n|-immune|p2b: Nidoqueen|[from] ability: Vital Spirit\n|move|p2b: Nidoqueen|Roar|p1b: Hypno\n|drag|p1b: Golduck|Golduck, M, shiny|100\/100\n|-damage|p1b: Golduck|88\/100|[from] Stealth Rock\n|-ability|p1b: Golduck|Cloud Nine\n|\n|-heal|p1b: Golduck|94\/100|[from] item: Leftovers\n|-heal|p1a: Parasect|88\/100|[from] item: Leftovers\n|upkeep\n|inactive|Chef Nando has 120 seconds left.\n|\n|t:|1699487920\n|switch|p2a: Zapdos|Zapdos-Galar, shiny|100\/100\n|turn|4\n|inactive|DazzlingBrilliance has 90 seconds left.\n|l|\u2606DazzlingBrilliance\n|inactive|DazzlingBrilliance disconnected and has a minute to reconnect!\n|player|p1|\n|j|\u2606DazzlingBrilliance\n|inactive|DazzlingBrilliance reconnected and has 65 seconds left.\n|player|p1|DazzlingBrilliance|striker\n|inactive|DazzlingBrilliance has 60 seconds left.\n|\n|t:|1699487990\n|move|p2a: Zapdos|Brave Bird|p1a: Parasect\n|-supereffective|p1a: Parasect\n|-damage|p1a: Parasect|0 fnt\n|faint|p1a: Parasect\n|-damage|p2a: Zapdos|75\/100|[from] Recoil\n|move|p1b: Golduck|Icy Wind|p2b: Nidoqueen|[spread] p2a\n|-miss|p1b: Golduck|p2b: Nidoqueen\n|-supereffective|p2a: Zapdos\n|-damage|p2a: Zapdos|55\/100\n|-unboost|p2a: Zapdos|spe|1\n|-ability|p2a: Zapdos|Defiant|boost\n|-boost|p2a: Zapdos|atk|2\n|move|p2b: Nidoqueen|Roar|p1b: Golduck\n|drag|p1b: Dodrio|Dodrio, M, shiny|100\/100\n|-damage|p1b: Dodrio|76\/100|[from] Stealth Rock\n|\n|upkeep\n|inactive|DazzlingBrilliance has 30 seconds left.\n|inactive|DazzlingBrilliance has 20 seconds left.\n|inactive|DazzlingBrilliance has 15 seconds left.\n|inactive|DazzlingBrilliance has 10 seconds left.\n|\n|t:|1699488030\n|switch|p1a: Hypno|Hypno, M, shiny|100\/100\n|-damage|p1a: Hypno|88\/100|[from] Stealth Rock\n|turn|5\n|inactive|DazzlingBrilliance has 30 seconds left.\n|inactive|DazzlingBrilliance has 20 seconds left.\n|inactive|DazzlingBrilliance has 15 seconds left.\n|inactive|DazzlingBrilliance has 10 seconds left.\n|inactive|DazzlingBrilliance has 5 seconds left.\n|\n|t:|1699488061\n|switch|p2a: Dragonite|Dragonite, F|100\/100\n|move|p1b: Dodrio|Acupressure|p1a: Hypno\n|-boost|p1a: Hypno|spe|2\n|move|p1a: Hypno|Thunder Wave|p2a: Dragonite\n|-status|p2a: Dragonite|par\n|move|p2b: Nidoqueen|Roar|p1b: Dodrio\n|drag|p1b: Primeape|Primeape, M, shiny|100\/100\n|-damage|p1b: Primeape|95\/100|[from] Stealth Rock\n|\n|-heal|p1a: Hypno|94\/100|[from] item: Leftovers\n|upkeep\n|turn|6\n|inactive|DazzlingBrilliance has 30 seconds left this turn.\n|inactive|DazzlingBrilliance has 20 seconds left.\n|inactive|DazzlingBrilliance has 15 seconds left.\n|inactive|DazzlingBrilliance has 10 seconds left.\n|\n|t:|1699488086\n|move|p1a: Hypno|Draining Kiss|p2a: Dragonite\n|-supereffective|p2a: Dragonite\n|-damage|p2a: Dragonite|89\/100 par\n|-heal|p1a: Hypno|100\/100|[from] drain|[of] p2a: Dragonite\n|move|p1b: Primeape|Hone Claws|p1b: Primeape\n|-boost|p1b: Primeape|atk|1\n|-boost|p1b: Primeape|accuracy|1\n|move|p2b: Nidoqueen|Sludge Wave|p1a: Hypno|[spread] p2a,p1a,p1b\n|-damage|p2a: Dragonite|72\/100 par\n|-damage|p1a: Hypno|80\/100\n|-damage|p1b: Primeape|70\/100\n|move|p2a: Dragonite|Hone Claws|p2a: Dragonite\n|-boost|p2a: Dragonite|atk|1\n|-boost|p2a: Dragonite|accuracy|1\n|\n|-heal|p1a: Hypno|87\/100|[from] item: Leftovers\n|-heal|p2a: Dragonite|78\/100 par|[from] item: Leftovers\n|upkeep\n|turn|7\n|inactive|DazzlingBrilliance has 30 seconds left.\n|inactive|DazzlingBrilliance has 20 seconds left.\n|inactive|DazzlingBrilliance has 15 seconds left.\n|inactive|DazzlingBrilliance has 10 seconds left.\n|\n|t:|1699488115\n|cant|p2a: Dragonite|par\n|move|p1a: Hypno|Nasty Plot|p1a: Hypno\n|-boost|p1a: Hypno|spa|2\n|move|p1b: Primeape|Dynamic Punch|p2b: Nidoqueen\n|-resisted|p2b: Nidoqueen\n|-damage|p2b: Nidoqueen|73\/100\n|-start|p2b: Nidoqueen|confusion\n|-damage|p1b: Primeape|54\/100|[from] item: Rocky Helmet|[of] p2b: Nidoqueen\n|-activate|p2b: Nidoqueen|confusion\n|-damage|p2b: Nidoqueen|70\/100|[from] confusion\n|\n|-heal|p1a: Hypno|93\/100|[from] item: Leftovers\n|-heal|p2a: Dragonite|84\/100 par|[from] item: Leftovers\n|upkeep\n|turn|8\n|inactive|DazzlingBrilliance has 30 seconds left.\n|inactive|DazzlingBrilliance has 20 seconds left.\n|inactive|DazzlingBrilliance has 15 seconds left.\n|inactive|DazzlingBrilliance has 10 seconds left.\n|inactive|DazzlingBrilliance has 5 seconds left.\n|\n|t:|1699488146\n|move|p1a: Hypno|Draining Kiss|p2a: Dragonite\n|-supereffective|p2a: Dragonite\n|-damage|p2a: Dragonite|44\/100 par\n|-heal|p1a: Hypno|100\/100|[from] drain|[of] p2a: Dragonite\n|move|p1b: Primeape|Stone Edge|p2b: Nidoqueen\n|-resisted|p2b: Nidoqueen\n|-crit|p2b: Nidoqueen\n|-damage|p2b: Nidoqueen|52\/100\n|cant|p2a: Dragonite|par\n|-activate|p2b: Nidoqueen|confusion\n|move|p2b: Nidoqueen|Roar|p1a: Hypno\n|drag|p1a: Dodrio|Dodrio, M, shiny|76\/100\n|-damage|p1a: Dodrio|51\/100|[from] Stealth Rock\n|\n|-heal|p2a: Dragonite|50\/100 par|[from] item: Leftovers\n|upkeep\n|turn|9\n|inactive|DazzlingBrilliance has 30 seconds left this turn.\n|inactive|DazzlingBrilliance has 20 seconds left.\n|inactive|DazzlingBrilliance has 15 seconds left.\n|inactive|DazzlingBrilliance has 10 seconds left.\n|inactive|DazzlingBrilliance has 5 seconds left.\n|\n|t:|1699488172\n|move|p1a: Dodrio|Acupressure|p1a: Dodrio\n|-boost|p1a: Dodrio|spd|2\n|move|p1b: Primeape|Stone Edge|p2a: Dragonite\n|-supereffective|p2a: Dragonite\n|-damage|p2a: Dragonite|0 fnt\n|faint|p2a: Dragonite\n|-activate|p2b: Nidoqueen|confusion\n|-damage|p2b: Nidoqueen|49\/100|[from] confusion\n|\n|upkeep\n|inactive|DazzlingBrilliance has 10 seconds left this turn.\n|\n|t:|1699488184\n|switch|p2a: Gyarados|Gyarados, F|100\/100\n|-ability|p2a: Gyarados|Intimidate|boost\n|-unboost|p1a: Dodrio|atk|1\n|-unboost|p1b: Primeape|atk|1\n|-ability|p1b: Primeape|Defiant|boost\n|-boost|p1b: Primeape|atk|2\n|turn|10\n|inactive|DazzlingBrilliance has 30 seconds left.\n|inactive|DazzlingBrilliance has 20 seconds left.\n|inactive|DazzlingBrilliance has 15 seconds left.\n|inactive|DazzlingBrilliance has 10 seconds left.\n|\n|t:|1699488213\n|move|p1a: Dodrio|Knock Off|p2b: Nidoqueen\n|-damage|p2b: Nidoqueen|40\/100\n|-damage|p1a: Dodrio|34\/100|[from] item: Rocky Helmet|[of] p2b: Nidoqueen\n|-enditem|p2b: Nidoqueen|Rocky Helmet|[from] move: Knock Off|[of] p1a: Dodrio\n|move|p1b: Primeape|Dynamic Punch|p2a: Gyarados\n|-resisted|p2a: Gyarados\n|-damage|p2a: Gyarados|68\/100\n|-start|p2a: Gyarados|confusion\n|-activate|p2a: Gyarados|confusion\n|-damage|p2a: Gyarados|58\/100|[from] confusion\n|-activate|p2b: Nidoqueen|confusion\n|-damage|p2b: Nidoqueen|37\/100|[from] confusion\n|\n|upkeep\n|turn|11\n|inactive|DazzlingBrilliance has 30 seconds left.\n|inactive|DazzlingBrilliance has 20 seconds left.\n|inactive|DazzlingBrilliance has 15 seconds left.\n|inactive|DazzlingBrilliance has 10 seconds left.\n|\n|t:|1699488241\n|move|p1a: Dodrio|Rest|p1a: Dodrio\n|-status|p1a: Dodrio|slp|[from] move: Rest\n|-heal|p1a: Dodrio|100\/100 slp|[silent]\n|move|p1b: Primeape|Stone Edge|p2a: Gyarados\n|-supereffective|p2a: Gyarados\n|-damage|p2a: Gyarados|0 fnt\n|faint|p2a: Gyarados\n|-end|p2b: Nidoqueen|confusion\n|move|p2b: Nidoqueen|Roar|p1b: Primeape\n|drag|p1b: Hypno|Hypno, M, shiny|100\/100\n|-damage|p1b: Hypno|88\/100|[from] Stealth Rock\n|\n|-heal|p1b: Hypno|94\/100|[from] item: Leftovers\n|upkeep\n|inactive|DazzlingBrilliance has 15 seconds left this turn.\n|inactive|Chef Nando has 120 seconds left.\n|\n|t:|1699488258\n|switch|p2a: Zapdos|Zapdos-Galar, shiny|55\/100\n|turn|12\n|inactive|DazzlingBrilliance has 30 seconds left.\n|inactive|DazzlingBrilliance has 20 seconds left.\n|\n|t:|1699488278\n|move|p2a: Zapdos|U-turn|p1b: Hypno\n|-supereffective|p1b: Hypno\n|-damage|p1b: Hypno|39\/100\n|inactive|DazzlingBrilliance has 25 seconds left this turn.\n|\n|t:|1699488283\n|switch|p2a: Tauros|Tauros-Paldea-Combat, M|100\/100|[from] U-turn\n|-ability|p2a: Tauros|Intimidate|boost\n|-unboost|p1a: Dodrio|atk|1\n|-unboost|p1b: Hypno|atk|1\n|cant|p1a: Dodrio|slp\n|move|p2b: Nidoqueen|Sludge Wave|p1b: Hypno|[spread] p1a,p1b\n|-miss|p2b: Nidoqueen|p2a: Tauros\n|-damage|p1a: Dodrio|85\/100 slp\n|-damage|p1b: Hypno|19\/100\n|move|p1b: Hypno|Thunder Wave|p2a: Tauros\n|-status|p2a: Tauros|par\n|\n|-heal|p1b: Hypno|25\/100|[from] item: Leftovers\n|upkeep\n|turn|13\n|inactive|DazzlingBrilliance has 30 seconds left.\n|inactive|DazzlingBrilliance has 20 seconds left.\n|inactive|DazzlingBrilliance has 15 seconds left.\n|inactive|DazzlingBrilliance has 10 seconds left.\n|inactive|DazzlingBrilliance has 5 seconds left.\n|\n|t:|1699488329\n|-curestatus|p1a: Dodrio|slp|[msg]\n|move|p1a: Dodrio|Air Cutter|p2a: Tauros|[spread] p2a,p2b\n|-supereffective|p2a: Tauros\n|-damage|p2a: Tauros|83\/100 par\n|-damage|p2b: Nidoqueen|25\/100\n|move|p1b: Hypno|Nasty Plot|p1b: Hypno\n|-boost|p1b: Hypno|spa|2\n|move|p2a: Tauros|Trailblaze|p1b: Hypno\n|-damage|p1b: Hypno|8\/100\n|-boost|p2a: Tauros|spe|1\n|move|p2b: Nidoqueen|Roar|p1a: Dodrio\n|drag|p1a: Golduck|Golduck, M, shiny|94\/100\n|-damage|p1a: Golduck|82\/100|[from] Stealth Rock\n|-ability|p1a: Golduck|Cloud Nine\n|\n|-heal|p1a: Golduck|88\/100|[from] item: Leftovers\n|-heal|p1b: Hypno|14\/100|[from] item: Leftovers\n|upkeep\n|turn|14\n|inactive|DazzlingBrilliance has 30 seconds left this turn.\n|inactive|DazzlingBrilliance has 20 seconds left.\n|inactive|DazzlingBrilliance has 15 seconds left.\n|inactive|DazzlingBrilliance has 10 seconds left.\n|inactive|DazzlingBrilliance has 5 seconds left.\n|\n|t:|1699488356\n|move|p1a: Golduck|Psych Up|p1b: Hypno\n|-copyboost|p1a: Golduck|p1b: Hypno|[from] move: Psych Up\n|move|p2b: Nidoqueen|Sludge Wave|p1a: Golduck|[spread] p2a,p1a,p1b\n|-crit|p1b: Hypno\n|-damage|p2a: Tauros|69\/100 par\n|-damage|p1a: Golduck|67\/100\n|-damage|p1b: Hypno|0 fnt\n|faint|p1b: Hypno\n|move|p2a: Tauros|Trailblaze|p1a: Golduck\n|-supereffective|p1a: Golduck\n|-damage|p1a: Golduck|34\/100\n|-boost|p2a: Tauros|spe|1\n|\n|-heal|p1a: Golduck|40\/100|[from] item: Leftovers\n|upkeep\n|inactive|DazzlingBrilliance has 10 seconds left this turn.\n|inactive|DazzlingBrilliance has 5 seconds left.\n|\n|t:|1699488364\n|switch|p1b: Arcanine|Arcanine, M, shiny|36\/100\n|-damage|p1b: Arcanine|11\/100|[from] Stealth Rock\n|-ability|p1b: Arcanine|Intimidate|boost\n|-unboost|p2a: Tauros|atk|1\n|-unboost|p2b: Nidoqueen|atk|1\n|turn|15\n|inactive|DazzlingBrilliance has 30 seconds left this turn.\n|inactive|DazzlingBrilliance has 20 seconds left.\n|inactive|DazzlingBrilliance has 15 seconds left.\n|\n|t:|1699488383\n|move|p1b: Arcanine|Mud-Slap|p2a: Tauros\n|-damage|p2a: Tauros|65\/100 par\n|-unboost|p2a: Tauros|accuracy|1\n|move|p1a: Golduck|Icy Wind|p2a: Tauros|[spread] p2a,p2b\n|-supereffective|p2b: Nidoqueen\n|-damage|p2a: Tauros|50\/100 par\n|-damage|p2b: Nidoqueen|0 fnt\n|-unboost|p2a: Tauros|spe|1\n|faint|p2b: Nidoqueen\n|cant|p2a: Tauros|par\n|\n|-heal|p1b: Arcanine|17\/100|[from] item: Leftovers\n|-heal|p1a: Golduck|46\/100|[from] item: Leftovers\n|upkeep\n|inactive|DazzlingBrilliance has 20 seconds left this turn.\n|\n|t:|1699488396\n|switch|p2b: Zapdos|Zapdos-Galar, shiny|55\/100\n|turn|16\n|inactive|DazzlingBrilliance has 30 seconds left.\n|inactive|DazzlingBrilliance has 20 seconds left.\n|inactive|DazzlingBrilliance has 15 seconds left.\n|\n|t:|1699488430\n|move|p2b: Zapdos|Thunderous Kick|p1b: Arcanine\n|-damage|p1b: Arcanine|0 fnt\n|faint|p1b: Arcanine\n|move|p1a: Golduck|Icy Wind|p2b: Zapdos|[spread] p2a,p2b\n|-supereffective|p2b: Zapdos\n|-damage|p2a: Tauros|35\/100 par\n|-damage|p2b: Zapdos|10\/100\n|-unboost|p2a: Tauros|spe|1\n|-unboost|p2b: Zapdos|spe|1\n|-ability|p2b: Zapdos|Defiant|boost\n|-boost|p2b: Zapdos|atk|2\n|move|p2a: Tauros|Earthquake|p1a: Golduck|[spread] \n|-immune|p2b: Zapdos\n|-miss|p2a: Tauros|p1a: Golduck\n|\n|-heal|p1a: Golduck|52\/100|[from] item: Leftovers\n|upkeep\n|inactive|DazzlingBrilliance has 20 seconds left this turn.\n|inactive|DazzlingBrilliance has 15 seconds left.\n|inactive|DazzlingBrilliance has 10 seconds left.\n|\n|t:|1699488442\n|switch|p1b: Primeape|Primeape, M, shiny|54\/100\n|-damage|p1b: Primeape|48\/100|[from] Stealth Rock\n|turn|17\n|inactive|DazzlingBrilliance has 30 seconds left.\n|-message|Chef Nando forfeited.\n|\n|win|DazzlingBrilliance\n|raw|DazzlingBrilliance's rating: 1060 &rarr; <strong>1100<\/strong><br \/>(+40 for winning)\n|raw|Chef Nando's rating: 1164 &rarr; <strong>1132<\/strong><br \/>(-32 for losing)\n|l|\u2606Chef Nando\n|l|\u2606DazzlingBrilliance\n|j|\u2606DazzlingBrilliance\n|player|p1|DazzlingBrilliance|striker\n","uploadtime":1699488480,"views":5,"p1id":"dazzlingbrilliance","p2id":"chefnando","formatid":"gen9nationaldexdoubles","rating":1100,"private":0,"password":""}