{"id":"gen9nationaldexdoubles-1975550945","p1":"Dino3240","p2":"Roy Kasoy","format":"[Gen 9] National Dex Doubles","log":"|j|\u2606Dino3240\n|j|\u2606Roy Kasoy\n|t:|1698203791\n|gametype|doubles\n|player|p1|Dino3240|hilbert|\n|player|p2|Roy Kasoy|hilbert|\n|teamsize|p1|6\n|teamsize|p2|6\n|gen|9\n|tier|[Gen 9] National Dex Doubles\n|rule|HP Percentage Mod: HP is shown in percentages\n|rule|Endless Battle Clause: Forcing endless battles is banned\n|rule|OHKO Clause: OHKO moves are banned\n|rule|Evasion Moves Clause: Evasion moves are banned\n|rule|Evasion Abilities Clause: Evasion abilities are banned\n|rule|Species Clause: Limit one of each Pok\u00e9mon\n|rule|Gravity Sleep Clause: The combination of sleep-inducing moves with imperfect accuracy and Gravity or Gigantamax Orbeetle are banned\n|clearpoke\n|poke|p1|Scorbunny, F|\n|poke|p1|Riolu, M|\n|poke|p1|Mudkip, M|\n|poke|p1|Treecko, M|\n|poke|p1|Charmander, F|\n|poke|p1|Bulbasaur, F|\n|poke|p2|Bulbasaur, M|\n|poke|p2|Litten, F|\n|poke|p2|Squirtle, F|\n|poke|p2|Larvitar, M|\n|poke|p2|Riolu, F|\n|poke|p2|Pichu, M|\n|teampreview\n|\n|t:|1698203817\n|start\n|switch|p1a: Charmander|Charmander, F|100\/100\n|switch|p1b: Treecko|Treecko, M|100\/100\n|switch|p2a: Pichu|Pichu, M|100\/100\n|switch|p2b: Riolu|Riolu, F|100\/100\n|turn|1\n|\n|t:|1698203837\n|move|p1b: Treecko|Protect|p1b: Treecko\n|-singleturn|p1b: Treecko|Protect\n|move|p2a: Pichu|Fake Out|p1b: Treecko\n|-activate|p1b: Treecko|move: Protect\n|move|p2b: Riolu|Ice Punch|p1b: Treecko\n|-activate|p1b: Treecko|move: Protect\n|move|p1a: Charmander|Heat Wave|p2a: Pichu|[spread] p2a,p2b\n|-damage|p2a: Pichu|0 fnt\n|-damage|p2b: Riolu|12\/100\n|faint|p2a: Pichu\n|\n|upkeep\n|\n|t:|1698203868\n|switch|p2a: Litten|Litten, F|100\/100\n|-ability|p2a: Litten|Intimidate|boost\n|-unboost|p1a: Charmander|atk|1\n|-unboost|p1b: Treecko|atk|1\n|turn|2\n|j| larsonshark\n|\n|t:|1698203889\n|-terastallize|p1b: Treecko|Water\n|move|p2a: Litten|Fake Out|p1a: Charmander\n|-damage|p1a: Charmander|79\/100\n|move|p2b: Riolu|Ice Punch|p1b: Treecko\n|-resisted|p1b: Treecko\n|-damage|p1b: Treecko|70\/100\n|move|p1b: Treecko|Giga Drain|p2b: Riolu\n|-damage|p2b: Riolu|0 fnt\n|-heal|p1b: Treecko|76\/100|[from] drain|[of] p2b: Riolu\n|faint|p2b: Riolu\n|-damage|p1b: Treecko|66\/100|[from] item: Life Orb\n|cant|p1a: Charmander|flinch\n|\n|upkeep\n|\n|t:|1698203929\n|switch|p2b: Squirtle|Squirtle, F|100\/100\n|turn|3\n|\n|t:|1698203951\n|move|p1b: Treecko|Substitute|p1b: Treecko\n|-start|p1b: Treecko|Substitute\n|-damage|p1b: Treecko|41\/100\n|move|p2a: Litten|Crunch|p1b: Treecko\n|-end|p1b: Treecko|Substitute\n|move|p1a: Charmander|Ancient Power|p2a: Litten\n|-supereffective|p2a: Litten\n|-damage|p2a: Litten|28\/100\n|move|p2b: Squirtle|Scald|p1a: Charmander\n|-supereffective|p1a: Charmander\n|-damage|p1a: Charmander|16\/100\n|\n|upkeep\n|turn|4\n|\n|t:|1698203983\n|move|p1b: Treecko|Protect|p1b: Treecko\n|-singleturn|p1b: Treecko|Protect\n|move|p2a: Litten|U-turn|p1b: Treecko\n|-activate|p1b: Treecko|move: Protect\n|move|p1a: Charmander|Ancient Power|p2a: Litten\n|-supereffective|p2a: Litten\n|-damage|p2a: Litten|0 fnt\n|faint|p2a: Litten\n|move|p2b: Squirtle|Scald|p1a: Charmander\n|-supereffective|p1a: Charmander\n|-damage|p1a: Charmander|0 fnt\n|faint|p1a: Charmander\n|\n|upkeep\n|\n|t:|1698204004\n|switch|p2a: Bulbasaur|Bulbasaur, M|100\/100\n|switch|p1a: Bulbasaur|Bulbasaur, F|100\/100\n|turn|5\n|\n|t:|1698204041\n|move|p2b: Squirtle|Protect|p2b: Squirtle\n|-singleturn|p2b: Squirtle|Protect\n|move|p1b: Treecko|Giga Drain|p2b: Squirtle\n|-activate|p2b: Squirtle|move: Protect\n|move|p2a: Bulbasaur|Leech Seed|p1b: Treecko\n|-start|p1b: Treecko|move: Leech Seed\n|move|p1a: Bulbasaur|Sleep Powder|p2b: Squirtle\n|-activate|p2b: Squirtle|move: Protect\n|\n|-damage|p1b: Treecko|29\/100|[from] Leech Seed|[of] p2a: Bulbasaur\n|upkeep\n|turn|6\n|\n|t:|1698204069\n|move|p1b: Treecko|Giga Drain|p2b: Squirtle\n|-supereffective|p2b: Squirtle\n|-damage|p2b: Squirtle|9\/100\n|-heal|p1b: Treecko|86\/100|[from] drain|[of] p2b: Squirtle\n|-damage|p1b: Treecko|76\/100|[from] item: Life Orb\n|move|p2a: Bulbasaur|Sludge Bomb|p1a: Bulbasaur\n|-damage|p1a: Bulbasaur|75\/100\n|move|p1a: Bulbasaur|Sleep Powder|p2a: Bulbasaur\n|-immune|p2a: Bulbasaur\n|move|p2b: Squirtle|Ice Beam|p1a: Bulbasaur\n|-supereffective|p1a: Bulbasaur\n|-damage|p1a: Bulbasaur|45\/100\n|\n|-damage|p1b: Treecko|64\/100|[from] Leech Seed|[of] p2a: Bulbasaur\n|upkeep\n|turn|7\n|\n|t:|1698204093\n|move|p2b: Squirtle|Protect|p2b: Squirtle\n|-singleturn|p2b: Squirtle|Protect\n|move|p1b: Treecko|Giga Drain|p2b: Squirtle\n|-activate|p2b: Squirtle|move: Protect\n|move|p2a: Bulbasaur|Giga Drain|p1b: Treecko\n|-supereffective|p1b: Treecko\n|-damage|p1b: Treecko|0 fnt\n|faint|p1b: Treecko\n|move|p1a: Bulbasaur|Sunny Day|p1a: Bulbasaur\n|-weather|SunnyDay\n|\n|-weather|SunnyDay|[upkeep]\n|upkeep\n|\n|t:|1698204108\n|switch|p1b: Scorbunny|Scorbunny, F|100\/100\n|turn|8\n|\n|t:|1698204151\n|-terastallize|p2a: Bulbasaur|Poison\n|move|p2a: Bulbasaur|Leech Seed|p1b: Scorbunny\n|-start|p1b: Scorbunny|move: Leech Seed\n|move|p1a: Bulbasaur|Giga Drain|p2b: Squirtle\n|-supereffective|p2b: Squirtle\n|-damage|p2b: Squirtle|0 fnt\n|-heal|p1a: Bulbasaur|49\/100|[from] drain|[of] p2b: Squirtle\n|faint|p2b: Squirtle\n|move|p1b: Scorbunny|Flare Blitz|p2a: Bulbasaur\n|-damage|p2a: Bulbasaur|0 fnt\n|faint|p2a: Bulbasaur\n|-damage|p1b: Scorbunny|63\/100|[from] Recoil\n|\n|-weather|SunnyDay|[upkeep]\n|upkeep\n|\n|t:|1698204169\n|switch|p2a: Larvitar|Larvitar, M|100\/100\n|turn|9\n|\n|t:|1698204178\n|move|p1a: Bulbasaur|Sleep Powder|p2a: Larvitar\n|-status|p2a: Larvitar|slp|[from] move: Sleep Powder\n|move|p1b: Scorbunny|Flare Blitz|p2a: Larvitar\n|-resisted|p2a: Larvitar\n|-damage|p2a: Larvitar|0 fnt\n|faint|p2a: Larvitar\n|-damage|p1b: Scorbunny|30\/100|[from] Recoil\n|\n|win|Dino3240\n","uploadtime":1698204190,"views":14,"p1id":"dino3240","p2id":"roykasoy","formatid":"gen9nationaldexdoubles","rating":0,"private":0,"password":""}