{"id":"gen9nationaldexdoubles-1948867549","p1":"Dr. Steve Jobs","p2":"the maraculous","format":"[Gen 9] National Dex Doubles","log":"|j|\u2606Dr. Steve Jobs\n|j|\u2606the maraculous\n|t:|1695308875\n|gametype|doubles\n|player|p1|Dr. Steve Jobs|hiker-gen4|1329\n|player|p2|the maraculous|dragontamer|1399\n|teamsize|p1|6\n|teamsize|p2|6\n|gen|9\n|tier|[Gen 9] National Dex Doubles\n|rated|\n|rule|HP Percentage Mod: HP is shown in percentages\n|rule|Endless Battle Clause: Forcing endless battles is banned\n|rule|OHKO Clause: OHKO moves are banned\n|rule|Evasion Moves Clause: Evasion moves are banned\n|rule|Evasion Abilities Clause: Evasion abilities are banned\n|rule|Species Clause: Limit one of each Pok\u00e9mon\n|rule|Gravity Sleep Clause: The combination of sleep-inducing moves with imperfect accuracy and Gravity or Gigantamax Orbeetle are banned\n|clearpoke\n|poke|p1|Eevee, M|\n|poke|p1|Espeon, F|\n|poke|p1|Flamigo, M|\n|poke|p1|Clefable, F|\n|poke|p1|Ogerpon-Hearthflame, F|\n|poke|p1|Marshadow|\n|poke|p2|Xurkitree|\n|poke|p2|Iron Valiant|\n|poke|p2|Chandelure, M|\n|poke|p2|Landorus-Therian, M|\n|poke|p2|Kartana|\n|poke|p2|Farigiraf, F|\n|teampreview\n|inactive|Battle timer is ON: inactive players will automatically lose when time's up. (requested by Dr. Steve Jobs)\n|inactive|the maraculous has 120 seconds left.\n|\n|t:|1695308913\n|start\n|switch|p1a: Eevee|Eevee, M|100\/100\n|switch|p1b: Clefable|Clefable, F|100\/100\n|switch|p2a: Xurkitree|Xurkitree|100\/100\n|switch|p2b: Iron Valiant|Iron Valiant|100\/100\n|turn|1\n|\n|t:|1695308926\n|move|p1b: Clefable|Follow Me|p1b: Clefable\n|-singleturn|p1b: Clefable|move: Follow Me\n|move|p2b: Iron Valiant|Moonblast|p1b: Clefable\n|-damage|p1b: Clefable|47\/100\n|-unboost|p1b: Clefable|spa|1\n|-damage|p2b: Iron Valiant|91\/100|[from] item: Life Orb\n|-zpower|p2a: Xurkitree\n|move|p2a: Xurkitree|Z-Electric Terrain|p2a: Xurkitree|[anim]Electric Terrain\n|-boost|p2a: Xurkitree|spe|1|[zeffect]\n|-fieldstart|move: Electric Terrain\n|-activate|p2b: Iron Valiant|ability: Quark Drive\n|-start|p2b: Iron Valiant|quarkdrivespe\n|-zpower|p1a: Eevee\n|move|p1a: Eevee|Extreme Evoboost|p1a: Eevee\n|-boost|p1a: Eevee|atk|2\n|-boost|p1a: Eevee|def|2\n|-boost|p1a: Eevee|spa|2\n|-boost|p1a: Eevee|spd|2\n|-boost|p1a: Eevee|spe|2\n|\n|upkeep\n|turn|2\n|\n|t:|1695308948\n|move|p1b: Clefable|Follow Me|p1b: Clefable\n|-singleturn|p1b: Clefable|move: Follow Me\n|move|p2b: Iron Valiant|Moonblast|p1b: Clefable\n|-damage|p1b: Clefable|0 fnt\n|faint|p1b: Clefable\n|-damage|p2b: Iron Valiant|81\/100|[from] item: Life Orb\n|move|p2a: Xurkitree|Rising Voltage|p1a: Eevee\n|-hint|Rising Voltage's BP doubled on grounded target.\n|-damage|p1a: Eevee|14\/100\n|move|p1a: Eevee|Baton Pass|p1a: Eevee\n|\n|t:|1695308961\n|switch|p1a: Marshadow|Marshadow|100\/100|[from] Baton Pass\n|\n|upkeep\n|\n|t:|1695308966\n|switch|p1b: Flamigo|Flamigo, M|100\/100\n|-copyboost|p1b: Flamigo|p1a: Marshadow|[from] ability: Costar\n|turn|3\n|\n|t:|1695308976\n|move|p1b: Flamigo|Wide Guard|p1b: Flamigo\n|-singleturn|p1b: Flamigo|Wide Guard\n|move|p1a: Marshadow|Spectral Thief||[still]\n|-clearpositiveboost|p2a: Xurkitree|p1a: Marshadow|move: Spectral Thief\n|-boost|p1a: Marshadow|spe|1\n|-anim|p1a: Marshadow|Spectral Thief|p2a: Xurkitree\n|-damage|p2a: Xurkitree|0 fnt\n|faint|p2a: Xurkitree\n|move|p2b: Iron Valiant|Destiny Bond|p2b: Iron Valiant\n|-singlemove|p2b: Iron Valiant|Destiny Bond\n|\n|upkeep\n|\n|t:|1695308982\n|switch|p2a: Kartana|Kartana|100\/100\n|turn|4\n|\n|t:|1695308993\n|move|p1a: Marshadow|Protect|p1a: Marshadow\n|-singleturn|p1a: Marshadow|Protect\n|move|p1b: Flamigo|Protect||[still]\n|-fail|p1b: Flamigo\n|move|p2b: Iron Valiant|Moonblast|p1a: Marshadow\n|-activate|p1a: Marshadow|move: Protect\n|move|p2a: Kartana|Tailwind|p2a: Kartana\n|-sidestart|p2: the maraculous|move: Tailwind\n|\n|upkeep\n|turn|5\n|l|\u2606Dr. Steve Jobs\n|inactive|Dr. Steve Jobs disconnected and has a minute to reconnect!\n|player|p1|\n|\n|t:|1695309012\n|move|p1a: Marshadow|Shadow Sneak|p2b: Iron Valiant\n|-damage|p2b: Iron Valiant|6\/100\n|move|p2b: Iron Valiant|Moonblast|p1a: Marshadow\n|-supereffective|p1a: Marshadow\n|-damage|p1a: Marshadow|40\/100\n|-unboost|p1a: Marshadow|spa|1\n|-damage|p2b: Iron Valiant|0 fnt|[from] item: Life Orb\n|faint|p2b: Iron Valiant\n|-end|p2b: Iron Valiant|Quark Drive|[silent]\n|move|p2a: Kartana|Leaf Blade|p1a: Marshadow\n|-damage|p1a: Marshadow|0 fnt\n|faint|p1a: Marshadow\n|-ability|p2a: Kartana|Beast Boost|boost\n|-boost|p2a: Kartana|atk|1\n|move|p1b: Flamigo|Close Combat|p2a: Kartana\n|-supereffective|p2a: Kartana\n|-enditem|p2a: Kartana|Focus Sash\n|-damage|p2a: Kartana|1\/100\n|-unboost|p1b: Flamigo|def|1\n|-unboost|p1b: Flamigo|spd|1\n|\n|-fieldend|move: Electric Terrain\n|upkeep\n|j|\u2606Dr. Steve Jobs\n|inactive|Dr. Steve Jobs reconnected and has 150 seconds left.\n|player|p1|Dr. Steve Jobs|hiker-gen4\n|\n|t:|1695309025\n|switch|p1a: Espeon|Espeon, F|100\/100\n|switch|p2b: Chandelure|Chandelure, M|100\/100\n|-item|p2b: Chandelure|Air Balloon\n|turn|6\n|\n|t:|1695309042\n|move|p2a: Kartana|Leaf Blade|p1a: Espeon\n|-damage|p1a: Espeon|0 fnt\n|faint|p1a: Espeon\n|-ability|p2a: Kartana|Beast Boost|boost\n|-boost|p2a: Kartana|atk|1\n|move|p1b: Flamigo|Brave Bird|p2b: Chandelure\n|-damage|p2b: Chandelure|0 fnt\n|-enditem|p2b: Chandelure|Air Balloon\n|faint|p2b: Chandelure\n|-damage|p1b: Flamigo|65\/100|[from] Recoil\n|\n|upkeep\n|\n|t:|1695309057\n|switch|p1a: Ogerpon|Ogerpon-Hearthflame, F|100\/100\n|switch|p2b: Farigiraf|Farigiraf, F|100\/100\n|-ability|p1a: Ogerpon|Mold Breaker\n|turn|7\n|j| 00000-1-k\n|\n|t:|1695309075\n|-terastallize|p2b: Farigiraf|Normal\n|move|p1b: Flamigo|Protect|p1b: Flamigo\n|-singleturn|p1b: Flamigo|Protect\n|move|p1a: Ogerpon|Spiky Shield|p1a: Ogerpon\n|-singleturn|p1a: Ogerpon|move: Protect\n|move|p2a: Kartana|Sacred Sword|p1a: Ogerpon\n|-activate|p1a: Ogerpon|move: Protect\n|-damage|p2a: Kartana|0 fnt|[from] Spiky Shield|[of] p1a: Ogerpon\n|faint|p2a: Kartana\n|move|p2b: Farigiraf|Hyper Voice|p1a: Ogerpon|[spread] \n|-activate|p1a: Ogerpon|move: Protect\n|-activate|p1b: Flamigo|move: Protect\n|\n|-sideend|p2: the maraculous|move: Tailwind\n|upkeep\n|\n|t:|1695309082\n|switch|p2a: Landorus|Landorus-Therian, M|100\/100\n|-ability|p2a: Landorus|Intimidate|boost\n|-unboost|p1a: Ogerpon|atk|1\n|-unboost|p1b: Flamigo|atk|1\n|turn|8\n|\n|t:|1695309104\n|-terastallize|p1a: Ogerpon|Fire\n|detailschange|p1a: Ogerpon|Ogerpon-Hearthflame-Tera, F, tera:Fire\n|-ability|p1a: Ogerpon|Embody Aspect (Hearthflame)|boost\n|-boost|p1a: Ogerpon|atk|1\n|move|p1b: Flamigo|Wide Guard|p1b: Flamigo\n|-singleturn|p1b: Flamigo|Wide Guard\n|move|p1a: Ogerpon|Wood Hammer|p2a: Landorus\n|-damage|p2a: Landorus|23\/100\n|-damage|p1a: Ogerpon|73\/100|[from] Recoil\n|move|p2a: Landorus|Rock Slide|p1a: Ogerpon|[spread] \n|-activate|p1a: Ogerpon|move: Wide Guard\n|-activate|p1b: Flamigo|move: Wide Guard\n|move|p2b: Farigiraf|Twin Beam|p1b: Flamigo\n|-supereffective|p1b: Flamigo\n|-damage|p1b: Flamigo|25\/100\n|-supereffective|p1b: Flamigo\n|-damage|p1b: Flamigo|0 fnt\n|faint|p1b: Flamigo\n|-hitcount|p1: Flamigo|2\n|\n|upkeep\n|inactive|Dr. Steve Jobs has 120 seconds left.\n|\n|t:|1695309125\n|switch|p1b: Eevee|Eevee, M|14\/100\n|turn|9\n|\n|t:|1695309136\n|move|p1a: Ogerpon|Spiky Shield|p1a: Ogerpon\n|-singleturn|p1a: Ogerpon|move: Protect\n|move|p1b: Eevee|Quick Attack||[still]\n|cant|p2b: Farigiraf|ability: Armor Tail|Quick Attack|[of] p1b: Eevee\n|move|p2a: Landorus|Stomping Tantrum|p1a: Ogerpon\n|-activate|p1a: Ogerpon|move: Protect\n|-damage|p2a: Landorus|10\/100|[from] Spiky Shield|[of] p1a: Ogerpon\n|move|p2b: Farigiraf|Hyper Voice|p1b: Eevee|[spread] p1b\n|-activate|p1a: Ogerpon|move: Protect\n|-damage|p1b: Eevee|0 fnt\n|faint|p1b: Eevee\n|\n|upkeep\n|turn|10\n|\n|t:|1695309153\n|move|p1a: Ogerpon|Ivy Cudgel|p2a: Landorus\n|-damage|p2a: Landorus|0 fnt\n|faint|p2a: Landorus\n|move|p2b: Farigiraf|Hyper Voice|p1a: Ogerpon\n|-damage|p1a: Ogerpon|6\/100\n|\n|upkeep\n|turn|11\n|\n|t:|1695309160\n|move|p1a: Ogerpon|Spiky Shield|p1a: Ogerpon\n|-singleturn|p1a: Ogerpon|move: Protect\n|move|p2b: Farigiraf|Hyper Voice|p1a: Ogerpon\n|-activate|p1a: Ogerpon|move: Protect\n|\n|upkeep\n|turn|12\n|\n|t:|1695309167\n|move|p1a: Ogerpon|Ivy Cudgel|p2b: Farigiraf\n|-damage|p2b: Farigiraf|17\/100\n|move|p2b: Farigiraf|Hyper Voice|p1a: Ogerpon\n|-damage|p1a: Ogerpon|0 fnt\n|faint|p1a: Ogerpon\n|\n|win|the maraculous\n|raw|Dr. Steve Jobs's rating: 1329 &rarr; <strong>1313<\/strong><br \/>(-16 for losing)\n|raw|the maraculous's rating: 1399 &rarr; <strong>1415<\/strong><br \/>(+16 for winning)\n|l|\u2606Dr. Steve Jobs\n","uploadtime":1695309179,"views":10,"p1id":"drstevejobs","p2id":"themaraculous","formatid":"gen9nationaldexdoubles","rating":1313,"private":0,"password":""}