{"id":"gen9nationaldexdoubles-1993356523","p1":"seraphine<333","p2":"Brendan(games)1","format":"[Gen 9] National Dex Doubles","log":"|j|\u2606seraphine<333\n|j|\u2606Brendan(games)1\n|t:|1700305047\n|gametype|doubles\n|player|p1|seraphine<333|dawn|1040\n|player|p2|Brendan(games)1|unknown|1047\n|teamsize|p1|6\n|teamsize|p2|6\n|gen|9\n|tier|[Gen 9] National Dex Doubles\n|rated|\n|rule|HP Percentage Mod: HP is shown in percentages\n|rule|Endless Battle Clause: Forcing endless battles is banned\n|rule|OHKO Clause: OHKO moves are banned\n|rule|Evasion Moves Clause: Evasion moves are banned\n|rule|Evasion Abilities Clause: Evasion abilities are banned\n|rule|Species Clause: Limit one of each Pok\u00e9mon\n|rule|Gravity Sleep Clause: The combination of sleep-inducing moves with imperfect accuracy and Gravity or Gigantamax Orbeetle are banned\n|clearpoke\n|poke|p1|Lilligant, F|\n|poke|p1|Jumpluff, M|\n|poke|p1|Clefairy, M|\n|poke|p1|Sylveon, M|\n|poke|p1|Gastrodon-East, M|\n|poke|p1|Breloom, F|\n|poke|p2|Armarouge, F|\n|poke|p2|Chien-Pao|\n|poke|p2|Iron Hands|\n|poke|p2|Gholdengo|\n|poke|p2|Ursaluna-Bloodmoon, M|\n|poke|p2|Palafin, F|\n|teampreview\n|inactive|Battle timer is ON: inactive players will automatically lose when time's up. (requested by seraphine<333)\n|c|\u2606seraphine<333|hello\n|\n|t:|1700305060\n|start\n|switch|p1a: Lily|Lilligant, F, shiny|100\/100\n|switch|p1b: Jumpy|Jumpluff, M, shiny|100\/100\n|switch|p2a: Palafin|Palafin, F|100\/100\n|switch|p2b: Chien-Pao|Chien-Pao|100\/100\n|-ability|p2b: Chien-Pao|Sword of Ruin\n|turn|1\n|c|\u2606Brendan(games)1|hi! are u doing a cute mon team?\n|\n|t:|1700305076\n|-terastallize|p1a: Lily|Rock\n|move|p2b: Chien-Pao|Swords Dance|p2b: Chien-Pao\n|-boost|p2b: Chien-Pao|atk|2\n|move|p1b: Jumpy|Sleep Powder|p2a: Palafin\n|-status|p2a: Palafin|slp|[from] move: Sleep Powder\n|cant|p2a: Palafin|slp\n|move|p1a: Lily|Quiver Dance|p1a: Lily\n|-boost|p1a: Lily|spa|1\n|-boost|p1a: Lily|spd|1\n|-boost|p1a: Lily|spe|1\n|\n|upkeep\n|turn|2\n|inactive|seraphine<333 has 120 seconds left.\n|\n|t:|1700305108\n|detailschange|p2a: Palafin|Palafin-Hero, F\n|switch|p2a: Iron Hands|Iron Hands|100\/100\n|-enditem|p2a: Iron Hands|Booster Energy\n|-activate|p2a: Iron Hands|ability: Quark Drive|[fromitem]\n|-start|p2a: Iron Hands|quarkdriveatk\n|move|p1a: Lily|Quiver Dance|p1a: Lily\n|-boost|p1a: Lily|spa|1\n|-boost|p1a: Lily|spd|1\n|-boost|p1a: Lily|spe|1\n|move|p2b: Chien-Pao|Brick Break|p1a: Lily\n|-supereffective|p1a: Lily\n|-damage|p1a: Lily|0 fnt\n|faint|p1a: Lily\n|-damage|p2b: Chien-Pao|91\/100|[from] item: Life Orb\n|move|p1b: Jumpy|Sleep Powder|p2b: Chien-Pao\n|-status|p2b: Chien-Pao|slp|[from] move: Sleep Powder\n|\n|upkeep\n|inactive|seraphine<333 has 120 seconds left.\n|inactive|seraphine<333 has 90 seconds left.\n|\n|t:|1700305144\n|switch|p1a: Silvie|Sylveon, M|100\/100\n|turn|3\n|\n|t:|1700305163\n|switch|p2b: Gholdengo|Gholdengo|100\/100\n|move|p2a: Iron Hands|Fake Out|p1b: Jumpy\n|-damage|p1b: Jumpy|74\/100\n|cant|p1b: Jumpy|flinch\n|move|p1a: Silvie|Calm Mind|p1a: Silvie\n|-boost|p1a: Silvie|spa|1\n|-boost|p1a: Silvie|spd|1\n|\n|upkeep\n|turn|4\n|\n|t:|1700305180\n|move|p1b: Jumpy|Sleep Powder|p2b: Gholdengo\n|-immune|p2b: Gholdengo|[from] ability: Good as Gold\n|move|p2b: Gholdengo|Make It Rain|p1b: Jumpy|[spread] p1a,p1b\n|-supereffective|p1a: Silvie\n|-crit|p1b: Jumpy\n|-damage|p1a: Silvie|53\/100\n|-damage|p1b: Jumpy|4\/100\n|-unboost|p2b: Gholdengo|spa|1\n|move|p1a: Silvie|Calm Mind|p1a: Silvie\n|-boost|p1a: Silvie|spa|1\n|-boost|p1a: Silvie|spd|1\n|move|p2a: Iron Hands|Thunder Punch|p1b: Jumpy\n|-damage|p1b: Jumpy|0 fnt\n|faint|p1b: Jumpy\n|\n|upkeep\n|\n|t:|1700305191\n|switch|p1b: Cleffy|Clefairy, M|100\/100\n|turn|5\n|\n|t:|1700305203\n|move|p1b: Cleffy|Follow Me|p1b: Cleffy\n|-singleturn|p1b: Cleffy|move: Follow Me\n|move|p2b: Gholdengo|Nasty Plot|p2b: Gholdengo\n|-boost|p2b: Gholdengo|spa|2\n|move|p1a: Silvie|Hyper Voice|p2a: Iron Hands|[spread] p2a,p2b\n|-supereffective|p2a: Iron Hands\n|-resisted|p2b: Gholdengo\n|-damage|p2a: Iron Hands|0 fnt\n|-damage|p2b: Gholdengo|37\/100\n|faint|p2a: Iron Hands\n|-end|p2a: Iron Hands|Quark Drive|[silent]\n|-damage|p1a: Silvie|43\/100|[from] item: Life Orb\n|\n|-heal|p2b: Gholdengo|43\/100|[from] item: Leftovers\n|upkeep\n|\n|t:|1700305215\n|switch|p2a: Ursaluna|Ursaluna-Bloodmoon, M|100\/100\n|turn|6\n|\n|t:|1700305235\n|move|p1b: Cleffy|Follow Me|p1b: Cleffy\n|-singleturn|p1b: Cleffy|move: Follow Me\n|move|p2b: Gholdengo|Make It Rain|p1b: Cleffy|[spread] p1a,p1b\n|-supereffective|p1a: Silvie\n|-supereffective|p1b: Cleffy\n|-damage|p1a: Silvie|0 fnt\n|-damage|p1b: Cleffy|0 fnt\n|-unboost|p2b: Gholdengo|spa|1\n|faint|p1a: Silvie\n|faint|p1b: Cleffy\n|move|p2a: Ursaluna|Blood Moon|p1: Silvie|[notarget]\n|-fail|p2a: Ursaluna\n|\n|-heal|p2b: Gholdengo|49\/100|[from] item: Leftovers\n|upkeep\n|\n|t:|1700305247\n|switch|p1a: shell boi|Gastrodon-East, M|100\/100\n|switch|p1b: Celantro|Breloom, F|100\/100\n|turn|7\n|\n|t:|1700305254\n|move|p2b: Gholdengo|Make It Rain|p1b: Celantro|[spread] p1a,p1b\n|-resisted|p1a: shell boi\n|-damage|p1a: shell boi|80\/100\n|-damage|p1b: Celantro|35\/100\n|-unboost|p2b: Gholdengo|spa|1\n|move|p1b: Celantro|Seed Bomb|p2a: Ursaluna\n|-supereffective|p2a: Ursaluna\n|-damage|p2a: Ursaluna|38\/100\n|move|p2a: Ursaluna|Calm Mind|p2a: Ursaluna\n|-boost|p2a: Ursaluna|spa|1\n|-boost|p2a: Ursaluna|spd|1\n|move|p1a: shell boi|Earth Power|p2b: Gholdengo\n|-supereffective|p2b: Gholdengo\n|-damage|p2b: Gholdengo|0 fnt\n|faint|p2b: Gholdengo\n|\n|-heal|p2a: Ursaluna|44\/100|[from] item: Leftovers\n|-heal|p1a: shell boi|86\/100|[from] item: Leftovers\n|upkeep\n|\n|t:|1700305265\n|switch|p2b: Armarouge|Armarouge, F|100\/100\n|turn|8\n|\n|t:|1700305289\n|move|p1b: Celantro|Close Combat|p2a: Ursaluna\n|-supereffective|p2a: Ursaluna\n|-damage|p2a: Ursaluna|0 fnt\n|-unboost|p1b: Celantro|def|1\n|-unboost|p1b: Celantro|spd|1\n|faint|p2a: Ursaluna\n|move|p2b: Armarouge|Psychic|p1b: Celantro\n|-supereffective|p1b: Celantro\n|-damage|p1b: Celantro|0 fnt\n|faint|p1b: Celantro\n|move|p1a: shell boi|Earth Power|p2b: Armarouge\n|-supereffective|p2b: Armarouge\n|-crit|p2b: Armarouge\n|-damage|p2b: Armarouge|0 fnt\n|faint|p2b: Armarouge\n|\n|-heal|p1a: shell boi|92\/100|[from] item: Leftovers\n|upkeep\n|\n|t:|1700305295\n|switch|p2b: Chien-Pao|Chien-Pao|91\/100 slp\n|switch|p2a: Palafin|Palafin-Hero, F|100\/100 slp\n|-ability|p2b: Chien-Pao|Sword of Ruin\n|-activate|p2a: Palafin|ability: Zero to Hero\n|turn|9\n|\n|t:|1700305319\n|cant|p2b: Chien-Pao|slp\n|cant|p2a: Palafin|slp\n|move|p1a: shell boi|Earth Power|p2b: Chien-Pao\n|-damage|p2b: Chien-Pao|29\/100 slp\n|\n|-heal|p1a: shell boi|98\/100|[from] item: Leftovers\n|upkeep\n|turn|10\n|c|\u2606Brendan(games)1|god this is gonna be abit long\n|\n|t:|1700305329\n|cant|p2b: Chien-Pao|slp\n|-curestatus|p2a: Palafin|slp|[msg]\n|move|p2a: Palafin|Ice Punch|p1a: shell boi\n|-damage|p1a: shell boi|45\/100\n|move|p1a: shell boi|Earth Power|p2b: Chien-Pao\n|-damage|p2b: Chien-Pao|0 fnt\n|faint|p2b: Chien-Pao\n|\n|-heal|p1a: shell boi|51\/100|[from] item: Leftovers\n|upkeep\n|turn|11\n|\n|t:|1700305343\n|move|p2a: Palafin|Liquidation|p1a: shell boi\n|-ability|p1a: shell boi|Storm Drain|boost\n|-boost|p1a: shell boi|spa|1\n|move|p1a: shell boi|Recover|p1a: shell boi\n|-heal|p1a: shell boi|100\/100\n|\n|upkeep\n|turn|12\n|\n|t:|1700305349\n|move|p2a: Palafin|Ice Punch|p1a: shell boi\n|-damage|p1a: shell boi|63\/100\n|move|p1a: shell boi|Earth Power|p2a: Palafin\n|-damage|p2a: Palafin|30\/100\n|\n|-heal|p1a: shell boi|69\/100|[from] item: Leftovers\n|upkeep\n|turn|13\n|c|\u2606Brendan(games)1|omg i forgot it could have storm drain as an ability\n|\n|t:|1700305363\n|move|p2a: Palafin|Ice Punch|p1a: shell boi\n|-damage|p1a: shell boi|30\/100\n|-status|p1a: shell boi|frz\n|cant|p1a: shell boi|frz\n|\n|-heal|p1a: shell boi|36\/100 frz|[from] item: Leftovers\n|upkeep\n|turn|14\n|c|\u2606seraphine<333|lol\n|c|\u2606Brendan(games)1|ggwp\n|c|\u2606seraphine<333|FUCK\n|c|\u2606Brendan(games)1|NO WAY\n|c|\u2606Brendan(games)1|OMG\n|\n|t:|1700305380\n|move|p2a: Palafin|Ice Punch|p1a: shell boi\n|-damage|p1a: shell boi|0 fnt\n|faint|p1a: shell boi\n|\n|win|Brendan(games)1\n|raw|seraphine&lt;333's rating: 1040 &rarr; <strong>1024<\/strong><br \/>(-16 for losing)\n|raw|Brendan(games)1's rating: 1047 &rarr; <strong>1079<\/strong><br \/>(+32 for winning)\n|c|\u2606Brendan(games)1|LUCK WAS ON MY SIDE\n|l|\u2606seraphine<333\n|c|\u2606Brendan(games)1|OMG NO WAY\n|c|\u2606Brendan(games)1|GG\n","uploadtime":1700305389,"views":10,"p1id":"seraphine333","p2id":"brendangames1","formatid":"gen9nationaldexdoubles","rating":1024,"private":0,"password":""}