{"id":"gen9nationaldexdoubles-1989582122","p1":"bibleisreal20994","p2":"fumbari 24","format":"[Gen 9] National Dex Doubles","log":"|j|\u2606bibleisreal20994\n|j|\u2606fumbari 24\n|t:|1699874628\n|gametype|doubles\n|player|p1|bibleisreal20994|ingo|1258\n|player|p2|fumbari 24|hilbert|1374\n|teamsize|p1|6\n|teamsize|p2|6\n|gen|9\n|tier|[Gen 9] National Dex Doubles\n|rated|\n|rule|HP Percentage Mod: HP is shown in percentages\n|rule|Endless Battle Clause: Forcing endless battles is banned\n|rule|OHKO Clause: OHKO moves are banned\n|rule|Evasion Moves Clause: Evasion moves are banned\n|rule|Evasion Abilities Clause: Evasion abilities are banned\n|rule|Species Clause: Limit one of each Pok\u00e9mon\n|rule|Gravity Sleep Clause: The combination of sleep-inducing moves with imperfect accuracy and Gravity or Gigantamax Orbeetle are banned\n|clearpoke\n|poke|p1|Swanna, M|\n|poke|p1|Politoed, F|\n|poke|p1|Talonflame, F|\n|poke|p1|Basculegion-F, F|\n|poke|p1|Shiftry, M|\n|poke|p1|Stakataka|\n|poke|p2|Iron Moth|\n|poke|p2|Tapu Koko|\n|poke|p2|Hariyama, M|\n|poke|p2|Farigiraf, F|\n|poke|p2|Sableye, M|\n|poke|p2|Heracross, M|\n|teampreview\n|inactive|Battle timer is ON: inactive players will automatically lose when time's up. (requested by bibleisreal20994)\n|\n|t:|1699874640\n|start\n|switch|p1a: Talonflame|Talonflame, F|100\/100\n|switch|p1b: Swanna|Swanna, M|100\/100\n|switch|p2a: J.H|Farigiraf, F|100\/100\n|switch|p2b: Raiden|Hariyama, M|100\/100\n|turn|1\n|\n|t:|1699874664\n|move|p2b: Raiden|Fake Out|p1b: Swanna\n|-damage|p1b: Swanna|77\/100\n|move|p1a: Talonflame|Taunt|p2a: J.H\n|-start|p2a: J.H|move: Taunt\n|cant|p1b: Swanna|flinch\n|cant|p2a: J.H|move: Taunt|Trick Room\n|\n|-status|p2b: Raiden|brn|[from] item: Flame Orb\n|upkeep\n|turn|2\n|\n|t:|1699874681\n|switch|p2b: Yami|Sableye, M|100\/100\n|-terastallize|p1b: Swanna|Grass\n|move|p1a: Talonflame|U-turn|p1b: Swanna\n|-supereffective|p1b: Swanna\n|-damage|p1b: Swanna|29\/100\n|-enditem|p1b: Swanna|Weakness Policy\n|-boost|p1b: Swanna|atk|2|[from] item: Weakness Policy\n|-boost|p1b: Swanna|spa|2|[from] item: Weakness Policy\n|\n|t:|1699874690\n|switch|p1a: Politoed|Politoed, F|100\/100|[from] U-turn\n|-weather|RainDance|[from] ability: Drizzle|[of] p1a: Politoed\n|move|p1b: Swanna|Hurricane|p2b: Yami\n|-damage|p2b: Yami|0 fnt\n|faint|p2b: Yami\n|move|p2a: J.H|Hyper Voice|p1a: Politoed|[spread] p1a,p1b\n|-damage|p1a: Politoed|76\/100\n|-damage|p1b: Swanna|0 fnt\n|faint|p1b: Swanna\n|-enditem|p2a: J.H|Throat Spray\n|-boost|p2a: J.H|spa|1|[from] item: Throat Spray\n|\n|-weather|RainDance|[upkeep]\n|upkeep\n|inactive|fumbari 24 has 120 seconds left.\n|\n|t:|1699874722\n|switch|p1b: Basculegion|Basculegion-F, F|100\/100\n|switch|p2b: Raijin|Tapu Koko, shiny|100\/100\n|-fieldstart|move: Electric Terrain|[from] ability: Electric Surge|[of] p2b: Raijin\n|turn|3\n|\n|t:|1699874741\n|switch|p1a: Shiftry|Shiftry, M|100\/100\n|move|p1b: Basculegion|Surf|p2b: Raijin|[spread] p1a,p2a,p2b\n|-resisted|p1a: Shiftry\n|-damage|p1a: Shiftry|52\/100\n|-damage|p2a: J.H|47\/100\n|-damage|p2b: Raijin|27\/100\n|move|p2b: Raijin|Electroweb|p1a: Shiftry|[spread] p1a,p1b\n|-resisted|p1a: Shiftry\n|-crit|p1a: Shiftry\n|-supereffective|p1b: Basculegion\n|-damage|p1a: Shiftry|27\/100\n|-damage|p1b: Basculegion|54\/100\n|-unboost|p1a: Shiftry|spe|1\n|-unboost|p1b: Basculegion|spe|1\n|move|p2a: J.H|Twin Beam|p1b: Basculegion\n|-damage|p1b: Basculegion|24\/100\n|-damage|p1b: Basculegion|0 fnt\n|faint|p1b: Basculegion\n|-hitcount|p1: Basculegion|2\n|\n|-weather|RainDance|[upkeep]\n|-end|p2a: J.H|move: Taunt\n|upkeep\n|\n|t:|1699874748\n|switch|p1b: Talonflame|Talonflame, F|100\/100\n|turn|4\n|\n|t:|1699874768\n|move|p1b: Talonflame|Tailwind|p1b: Talonflame\n|-sidestart|p1: bibleisreal20994|move: Tailwind\n|-ability|p1a: Shiftry|Wind Rider|boost\n|-boost|p1a: Shiftry|atk|1\n|move|p2b: Raijin|Electroweb|p1b: Talonflame|[spread] p1a,p1b\n|-resisted|p1a: Shiftry\n|-supereffective|p1b: Talonflame\n|-damage|p1a: Shiftry|11\/100\n|-damage|p1b: Talonflame|42\/100\n|-unboost|p1a: Shiftry|spe|1\n|-unboost|p1b: Talonflame|spe|1\n|move|p1a: Shiftry|Knock Off|p2a: J.H\n|-supereffective|p2a: J.H\n|-damage|p2a: J.H|0 fnt\n|faint|p2a: J.H\n|\n|-weather|RainDance|[upkeep]\n|upkeep\n|\n|t:|1699874782\n|switch|p2a: E.V.A|Iron Moth|100\/100\n|-activate|p2a: E.V.A|ability: Quark Drive\n|-start|p2a: E.V.A|quarkdrivespe\n|-enditem|p2a: E.V.A|Electric Seed\n|-boost|p2a: E.V.A|def|1|[from] item: Electric Seed\n|turn|5\n|-message|bibleisreal20994 forfeited.\n|\n|win|fumbari 24\n|raw|bibleisreal20994's rating: 1258 &rarr; <strong>1241<\/strong><br \/>(-17 for losing)\n|raw|fumbari 24's rating: 1374 &rarr; <strong>1388<\/strong><br \/>(+14 for winning)\n|l|\u2606bibleisreal20994\n","uploadtime":1699874805,"views":14,"p1id":"bibleisreal20994","p2id":"fumbari24","formatid":"gen9nationaldexdoubles","rating":1241,"private":0,"password":""}