{"id":"gen9nationaldexdoubles-1959161498","p1":"Theonlykev","p2":"jiangchengzi","format":"[Gen 9] National Dex Doubles","log":"|j|\u2606Theonlykev\n|j|\u2606jiangchengzi\n|t:|1696393878\n|gametype|doubles\n|player|p1|Theonlykev|ltsurge|1323\n|player|p2|jiangchengzi|caitlin|1171\n|teamsize|p1|6\n|teamsize|p2|6\n|gen|9\n|tier|[Gen 9] National Dex Doubles\n|rated|\n|rule|HP Percentage Mod: HP is shown in percentages\n|rule|Endless Battle Clause: Forcing endless battles is banned\n|rule|OHKO Clause: OHKO moves are banned\n|rule|Evasion Moves Clause: Evasion moves are banned\n|rule|Evasion Abilities Clause: Evasion abilities are banned\n|rule|Species Clause: Limit one of each Pok\u00e9mon\n|rule|Gravity Sleep Clause: The combination of sleep-inducing moves with imperfect accuracy and Gravity or Gigantamax Orbeetle are banned\n|clearpoke\n|poke|p1|Sinistcha-Masterpiece|\n|poke|p1|Iron Hands|\n|poke|p1|Dragapult, F|\n|poke|p1|Iron Valiant|\n|poke|p1|Ogerpon-Wellspring, F|\n|poke|p1|Pincurchin, F|\n|poke|p2|Grapploct, F|\n|poke|p2|Serperior, M|\n|poke|p2|Shuckle, M|\n|poke|p2|Diancie|\n|poke|p2|Iron Bundle|\n|poke|p2|Ninetales-Alola, F|\n|teampreview\n|\n|t:|1696393906\n|start\n|switch|p1a: Dragapult|Dragapult, F|100\/100\n|switch|p1b: Iron Hands|Iron Hands|100\/100\n|switch|p2a: Shuckle|Shuckle, M|100\/100\n|switch|p2b: Grapploct|Grapploct, F|100\/100\n|turn|1\n|\n|t:|1696393926\n|move|p2b: Grapploct|Protect|p2b: Grapploct\n|-singleturn|p2b: Grapploct|Protect\n|move|p1b: Iron Hands|Fake Out|p2b: Grapploct\n|-activate|p2b: Grapploct|move: Protect\n|move|p1a: Dragapult|Dragon Darts|p2a: Shuckle\n|-damage|p2a: Shuckle|81\/100\n|-anim|p1a: Dragapult|Dragon Darts|p2a: Shuckle\n|-damage|p2a: Shuckle|57\/100\n|-damage|p1a: Dragapult|91\/100|[from] item: Life Orb\n|move|p2a: Shuckle|Toxic|p1b: Iron Hands\n|-status|p1b: Iron Hands|tox\n|\n|-heal|p2a: Shuckle|63\/100|[from] item: Leftovers\n|-damage|p1b: Iron Hands|94\/100 tox|[from] psn\n|upkeep\n|turn|2\n|\n|t:|1696393954\n|move|p1a: Dragapult|Dragon Darts|p2a: Shuckle\n|-damage|p2a: Shuckle|42\/100\n|-anim|p1a: Dragapult|Dragon Darts|p2b: Grapploct\n|-damage|p2b: Grapploct|79\/100\n|-damage|p1a: Dragapult|81\/100|[from] item: Life Orb\n|move|p1b: Iron Hands|Drain Punch|p2a: Shuckle\n|-damage|p2a: Shuckle|16\/100\n|-heal|p1b: Iron Hands|100\/100 tox|[from] drain|[of] p2a: Shuckle\n|move|p2b: Grapploct|Octolock|p2a: Shuckle\n|-start|p2a: Shuckle|move: Octolock|[of] p2b: Grapploct\n|move|p2a: Shuckle|Sticky Web|p1b: Iron Hands\n|-sidestart|p1: Theonlykev|move: Sticky Web\n|\n|-heal|p2a: Shuckle|22\/100|[from] item: Leftovers\n|-damage|p1b: Iron Hands|88\/100 tox|[from] psn\n|-boost|p2a: Shuckle|def|1\n|-boost|p2a: Shuckle|spd|1\n|upkeep\n|turn|3\n|\n|t:|1696394004\n|move|p2a: Shuckle|Protect|p2a: Shuckle\n|-singleturn|p2a: Shuckle|Protect\n|move|p1a: Dragapult|Dragon Darts|p2b: Grapploct\n|-damage|p2b: Grapploct|56\/100\n|-anim|p1a: Dragapult|Dragon Darts|p2b: Grapploct\n|-damage|p2b: Grapploct|31\/100\n|-damage|p1a: Dragapult|71\/100|[from] item: Life Orb\n|move|p1b: Iron Hands|Drain Punch|p2a: Shuckle\n|-activate|p2a: Shuckle|move: Protect\n|move|p2b: Grapploct|Circle Throw|p1b: Iron Hands\n|-damage|p1b: Iron Hands|73\/100 tox\n|-end|p1b: Iron Hands|Quark Drive|[silent]\n|drag|p1b: Pincurchin|Pincurchin, F|100\/100\n|-activate|p1b: Pincurchin|move: Sticky Web\n|-unboost|p1b: Pincurchin|spe|1\n|-fieldstart|move: Electric Terrain|[from] ability: Electric Surge|[of] p1b: Pincurchin\n|\n|-heal|p2a: Shuckle|28\/100|[from] item: Leftovers\n|-boost|p2a: Shuckle|def|1\n|-boost|p2a: Shuckle|spd|1\n|upkeep\n|turn|4\n|\n|t:|1696394040\n|-terastallize|p2a: Shuckle|Steel\n|move|p2b: Grapploct|Close Combat|p1b: Pincurchin\n|-damage|p1b: Pincurchin|57\/100\n|-unboost|p2b: Grapploct|def|1\n|-unboost|p2b: Grapploct|spd|1\n|-enditem|p1b: Pincurchin|Eject Button\n|\n|t:|1696394053\n|switch|p1b: Iron Hands|Iron Hands|73\/100 tox\n|-activate|p1b: Iron Hands|move: Sticky Web\n|-unboost|p1b: Iron Hands|spe|1\n|-activate|p1b: Iron Hands|ability: Quark Drive\n|-start|p1b: Iron Hands|quarkdriveatk\n|move|p2a: Shuckle|Toxic|p1a: Dragapult\n|-status|p1a: Dragapult|tox\n|move|p1a: Dragapult|Dragon Tail|p2a: Shuckle\n|-resisted|p2a: Shuckle\n|-crit|p2a: Shuckle\n|-damage|p2a: Shuckle|7\/100\n|-damage|p1a: Dragapult|61\/100 tox|[from] item: Life Orb\n|drag|p2a: Diancie|Diancie|100\/100\n|\n|-damage|p1a: Dragapult|55\/100 tox|[from] psn\n|-damage|p1b: Iron Hands|67\/100 tox|[from] psn\n|upkeep\n|turn|5\n|\n|t:|1696394092\n|detailschange|p2a: Diancie|Diancie-Mega\n|-mega|p2a: Diancie|Diancie|Diancite\n|move|p1a: Dragapult|Phantom Force||[still]\n|-prepare|p1a: Dragapult|Phantom Force\n|move|p2a: Diancie|Play Rough|p1a: Dragapult|[miss]\n|-miss|p2a: Diancie|p1a: Dragapult\n|move|p1b: Iron Hands|Drain Punch|p2a: Diancie\n|-damage|p2a: Diancie|48\/100\n|-heal|p1b: Iron Hands|85\/100 tox|[from] drain|[of] p2a: Diancie\n|move|p2b: Grapploct|Circle Throw|p1b: Iron Hands\n|-damage|p1b: Iron Hands|71\/100 tox\n|-end|p1b: Iron Hands|Quark Drive|[silent]\n|drag|p1b: Pincurchin|Pincurchin, F|57\/100\n|-activate|p1b: Pincurchin|move: Sticky Web\n|-unboost|p1b: Pincurchin|spe|1\n|\n|-damage|p1a: Dragapult|43\/100 tox|[from] psn\n|upkeep\n|turn|6\n|\n|t:|1696394120\n|switch|p2a: Serperior|Serperior, M|100\/100\n|move|p1a: Dragapult|Phantom Force|p2a: Serperior|[from]lockedmove\n|-damage|p2a: Serperior|43\/100\n|-damage|p1a: Dragapult|34\/100 tox|[from] item: Life Orb\n|move|p2b: Grapploct|Close Combat|p1b: Pincurchin\n|-damage|p1b: Pincurchin|15\/100\n|-unboost|p2b: Grapploct|def|1\n|-unboost|p2b: Grapploct|spd|1\n|move|p1b: Pincurchin|Rising Voltage|p2b: Grapploct\n|-hint|Rising Voltage's BP doubled on grounded target.\n|-damage|p2b: Grapploct|0 fnt\n|faint|p2b: Grapploct\n|\n|-damage|p1a: Dragapult|16\/100 tox|[from] psn\n|upkeep\n|\n|t:|1696394143\n|switch|p2b: Iron Bundle|Iron Bundle|100\/100\n|-activate|p2b: Iron Bundle|ability: Quark Drive\n|-start|p2b: Iron Bundle|quarkdrivespa\n|turn|7\n|\n|t:|1696394160\n|switch|p1b: Iron Hands|Iron Hands|71\/100 tox\n|-activate|p1b: Iron Hands|move: Sticky Web\n|-unboost|p1b: Iron Hands|spe|1\n|-activate|p1b: Iron Hands|ability: Quark Drive\n|-start|p1b: Iron Hands|quarkdriveatk\n|move|p1a: Dragapult|Dragon Darts|p2b: Iron Bundle\n|-damage|p2b: Iron Bundle|65\/100\n|-anim|p1a: Dragapult|Dragon Darts|p2a: Serperior\n|-damage|p2a: Serperior|13\/100\n|-damage|p1a: Dragapult|6\/100 tox|[from] item: Life Orb\n|move|p2b: Iron Bundle|Blizzard|p1a: Dragapult|[spread] p1a\n|-miss|p2b: Iron Bundle|p1b: Iron Hands\n|-supereffective|p1a: Dragapult\n|-damage|p1a: Dragapult|0 fnt\n|faint|p1a: Dragapult\n|move|p2a: Serperior|Reflect|p2a: Serperior\n|-sidestart|p2: jiangchengzi|Reflect\n|\n|-damage|p1b: Iron Hands|65\/100 tox|[from] psn\n|-fieldend|move: Electric Terrain\n|-end|p2b: Iron Bundle|Quark Drive\n|-end|p1b: Iron Hands|Quark Drive\n|upkeep\n|-enditem|p2b: Iron Bundle|Booster Energy\n|-activate|p2b: Iron Bundle|ability: Quark Drive|[fromitem]\n|-start|p2b: Iron Bundle|quarkdrivespa\n|\n|t:|1696394187\n|switch|p1a: Sinistcha|Sinistcha-Masterpiece|100\/100\n|-activate|p1a: Sinistcha|move: Sticky Web\n|-unboost|p1a: Sinistcha|spe|1\n|-heal|p1b: Iron Hands|90\/100 tox|[from] ability: Hospitality|[of] p1a: Sinistcha\n|turn|8\n|\n|t:|1696394201\n|switch|p2a: Ninetales|Ninetales-Alola, F|100\/100\n|-weather|Snow|[from] ability: Snow Warning|[of] p2a: Ninetales\n|move|p1b: Iron Hands|Fake Out|p2a: Ninetales\n|-damage|p2a: Ninetales|90\/100\n|move|p2b: Iron Bundle|Blizzard|p1b: Iron Hands|[spread] p1a,p1b\n|-supereffective|p1a: Sinistcha\n|-enditem|p1a: Sinistcha|Focus Sash\n|-damage|p1a: Sinistcha|1\/100\n|-damage|p1b: Iron Hands|59\/100 tox\n|-status|p1a: Sinistcha|frz\n|-curestatus|p1a: Sinistcha|frz|[from] move: Matcha Gotcha\n|move|p1a: Sinistcha|Matcha Gotcha|p2a: Ninetales|[spread] p2a,p2b\n|-supereffective|p2b: Iron Bundle\n|-damage|p2a: Ninetales|48\/100\n|-heal|p1a: Sinistcha|20\/100|[from] drain|[of] p2a: Ninetales\n|-damage|p2b: Iron Bundle|0 fnt\n|-heal|p1a: Sinistcha|46\/100|[from] drain|[of] p2b: Iron Bundle\n|-status|p2a: Ninetales|brn\n|faint|p2b: Iron Bundle\n|-end|p2b: Iron Bundle|Quark Drive|[silent]\n|\n|-weather|Snow|[upkeep]\n|-damage|p1b: Iron Hands|47\/100 tox|[from] psn\n|-damage|p2a: Ninetales|42\/100 brn|[from] brn\n|upkeep\n|\n|t:|1696394228\n|switch|p2b: Diancie|Diancie-Mega|48\/100\n|turn|9\n|\n|t:|1696394238\n|move|p2b: Diancie|Diamond Storm|p1b: Iron Hands|[spread] p1a,p1b\n|-resisted|p1b: Iron Hands\n|-damage|p1a: Sinistcha|5\/100\n|-damage|p1b: Iron Hands|34\/100 tox\n|move|p2a: Ninetales|Blizzard|p1b: Iron Hands|[spread] p1a,p1b\n|-supereffective|p1a: Sinistcha\n|-crit|p1a: Sinistcha\n|-damage|p1a: Sinistcha|0 fnt\n|-damage|p1b: Iron Hands|16\/100 tox\n|faint|p1a: Sinistcha\n|move|p1b: Iron Hands|Drain Punch|p2a: Ninetales\n|-damage|p2a: Ninetales|12\/100 brn\n|-heal|p1b: Iron Hands|25\/100 tox|[from] drain|[of] p2a: Ninetales\n|\n|-weather|Snow|[upkeep]\n|-damage|p1b: Iron Hands|7\/100 tox|[from] psn\n|-damage|p2a: Ninetales|6\/100 brn|[from] brn\n|upkeep\n|\n|t:|1696394255\n|switch|p1a: Pincurchin|Pincurchin, F|15\/100\n|-activate|p1a: Pincurchin|move: Sticky Web\n|-unboost|p1a: Pincurchin|spe|1\n|-fieldstart|move: Electric Terrain|[from] ability: Electric Surge|[of] p1a: Pincurchin\n|-activate|p1b: Iron Hands|ability: Quark Drive\n|-start|p1b: Iron Hands|quarkdriveatk\n|turn|10\n|\n|t:|1696394268\n|move|p2b: Diancie|Diamond Storm|p1a: Pincurchin|[spread] p1a,p1b\n|-resisted|p1b: Iron Hands\n|-damage|p1a: Pincurchin|0 fnt\n|-damage|p1b: Iron Hands|0 fnt\n|faint|p1a: Pincurchin\n|faint|p1b: Iron Hands\n|-end|p1b: Iron Hands|Quark Drive|[silent]\n|move|p2a: Ninetales|Blizzard|p1: Pincurchin|[notarget]\n|-fail|p2a: Ninetales\n|\n|-weather|Snow|[upkeep]\n|-damage|p2a: Ninetales|0 fnt|[from] brn\n|faint|p2a: Ninetales\n|upkeep\n|\n|t:|1696394282\n|switch|p2a: Serperior|Serperior, M|13\/100\n|switch|p1b: Ogerpon|Ogerpon-Wellspring, F|100\/100\n|switch|p1a: Iron Valiant|Iron Valiant|100\/100\n|-activate|p1b: Ogerpon|move: Sticky Web\n|-unboost|p1b: Ogerpon|spe|1\n|-activate|p1a: Iron Valiant|move: Sticky Web\n|-unboost|p1a: Iron Valiant|spe|1\n|-activate|p1a: Iron Valiant|ability: Quark Drive\n|-start|p1a: Iron Valiant|quarkdrivespa\n|turn|11\n|\n|t:|1696394315\n|move|p1b: Ogerpon|Spiky Shield|p1b: Ogerpon\n|-singleturn|p1b: Ogerpon|move: Protect\n|move|p2a: Serperior|Grassy Terrain|p2a: Serperior\n|-fieldstart|move: Grassy Terrain\n|-end|p1a: Iron Valiant|Quark Drive\n|move|p2b: Diancie|Diamond Storm|p1a: Iron Valiant|[spread] p1a\n|-activate|p1b: Ogerpon|move: Protect\n|-resisted|p1a: Iron Valiant\n|-damage|p1a: Iron Valiant|74\/100\n|-boost|p2b: Diancie|def|2\n|move|p1a: Iron Valiant|Moonblast|p2b: Diancie\n|-damage|p2b: Diancie|0 fnt\n|faint|p2b: Diancie\n|\n|-weather|Snow|[upkeep]\n|-heal|p2a: Serperior|19\/100|[from] Grassy Terrain\n|-heal|p1a: Iron Valiant|80\/100|[from] Grassy Terrain\n|upkeep\n|\n|t:|1696394333\n|switch|p2b: Shuckle|Shuckle, M, tera:Steel|7\/100\n|turn|12\n|\n|t:|1696394344\n|-terastallize|p1b: Ogerpon|Water\n|detailschange|p1b: Ogerpon|Ogerpon-Wellspring-Tera, F, tera:Water\n|-ability|p1b: Ogerpon|Embody Aspect (Wellspring)|boost\n|-boost|p1b: Ogerpon|spd|1\n|move|p2b: Shuckle|Protect|p2b: Shuckle\n|-singleturn|p2b: Shuckle|Protect\n|move|p2a: Serperior|Light Screen|p2a: Serperior\n|-sidestart|p2: jiangchengzi|move: Light Screen\n|move|p1b: Ogerpon|Ivy Cudgel|p2a: Serperior\n|-resisted|p2a: Serperior\n|-damage|p2a: Serperior|0 fnt\n|faint|p2a: Serperior\n|move|p1a: Iron Valiant|Moonblast|p2b: Shuckle\n|-activate|p2b: Shuckle|move: Protect\n|\n|-weather|none\n|-heal|p1a: Iron Valiant|86\/100|[from] Grassy Terrain\n|-heal|p2b: Shuckle|13\/100|[from] Grassy Terrain\n|-heal|p2b: Shuckle|19\/100|[from] item: Leftovers\n|upkeep\n|turn|13\n|c|\u2606Theonlykev|Gg\n|-message|jiangchengzi forfeited.\n|\n|win|Theonlykev\n|raw|Theonlykev's rating: 1323 &rarr; <strong>1335<\/strong><br \/>(+12 for winning)\n|raw|jiangchengzi's rating: 1171 &rarr; <strong>1156<\/strong><br \/>(-15 for losing)\n|l|\u2606jiangchengzi\n","uploadtime":1696394373,"views":10,"p1id":"theonlykev","p2id":"jiangchengzi","formatid":"gen9nationaldexdoubles","rating":1156,"private":0,"password":""}