{"id":"gen9nationaldexdoubles-1999351225","p1":"BROCKISAROCK","p2":"Whaleu","format":"[Gen 9] National Dex Doubles","log":"|j|\u2606BROCKISAROCK\n|j|\u2606Whaleu\n|t:|1701064930\n|gametype|doubles\n|player|p1|BROCKISAROCK|brock|\n|player|p2|Whaleu|266|\n|teamsize|p1|6\n|teamsize|p2|6\n|gen|9\n|tier|[Gen 9] National Dex Doubles\n|rule|HP Percentage Mod: HP is shown in percentages\n|rule|Endless Battle Clause: Forcing endless battles is banned\n|rule|OHKO Clause: OHKO moves are banned\n|rule|Evasion Moves Clause: Evasion moves are banned\n|rule|Evasion Abilities Clause: Evasion abilities are banned\n|rule|Species Clause: Limit one of each Pok\u00e9mon\n|rule|Gravity Sleep Clause: The combination of sleep-inducing moves with imperfect accuracy and Gravity or Gigantamax Orbeetle are banned\n|rule|Item Clause: Limit one of each item\n|clearpoke\n|poke|p1|Gyarados, F|\n|poke|p1|Kricketune, F|\n|poke|p1|Krookodile, M|\n|poke|p1|Dudunsparce-*, F|\n|poke|p1|Machamp, M|\n|poke|p1|Sceptile, M|\n|poke|p2|Clefable, M|\n|poke|p2|Quaquaval, M|\n|poke|p2|Serperior, F|\n|poke|p2|Klinklang|\n|poke|p2|Nidoking, M|\n|poke|p2|Gliscor, M|\n|teampreview|4\n|j| prophetofsnacc\n|j| specner4\n|\n|t:|1701064968\n|start\n|switch|p1a: K ROOL|Krookodile, M|100\/100\n|switch|p1b: THE KING|Dudunsparce-Three-Segment, F|100\/100\n|switch|p2a: Clefable|Clefable, M|100\/100\n|switch|p2b: Gliscor|Gliscor, M|100\/100\n|turn|1\n|inactive|Battle timer is ON: inactive players will automatically lose when time's up. (requested by BROCKISAROCK)\n|j| Felis Regalis\n|\n|t:|1701065067\n|switch|p2a: Quaquaval|Quaquaval, M|100\/100\n|move|p1a: K ROOL|Knock Off|p2b: Gliscor\n|-damage|p2b: Gliscor|60\/100\n|-enditem|p2b: Gliscor|Toxic Orb|[from] move: Knock Off|[of] p1a: K ROOL\n|move|p2b: Gliscor|Earth Power|p1b: THE KING\n|-damage|p1b: THE KING|90\/100\n|move|p1b: THE KING|Tailwind|p1b: THE KING\n|-sidestart|p1: BROCKISAROCK|move: Tailwind\n|\n|upkeep\n|turn|2\n|inactive|BROCKISAROCK has 270 seconds left.\n|\n|t:|1701065105\n|switch|p1a: KUSH|Sceptile, M|100\/100\n|move|p1b: THE KING|Rock Slide|p2a: Quaquaval|[spread] p2a,p2b\n|-resisted|p2a: Quaquaval\n|-damage|p2a: Quaquaval|93\/100\n|-damage|p2b: Gliscor|49\/100\n|cant|p2b: Gliscor|flinch\n|move|p2a: Quaquaval|Close Combat|p1a: KUSH\n|-damage|p1a: KUSH|1\/100\n|-unboost|p2a: Quaquaval|def|1\n|-unboost|p2a: Quaquaval|spd|1\n|\n|upkeep\n|turn|3\n|inactive|BROCKISAROCK has 270 seconds left.\n|inactive|Whaleu has 270 seconds left.\n|\n|t:|1701065146\n|detailschange|p1a: KUSH|Sceptile-Mega, M\n|-mega|p1a: KUSH|Sceptile|Sceptilite\n|move|p1a: KUSH|Energy Ball|p2a: Quaquaval\n|-supereffective|p2a: Quaquaval\n|-damage|p2a: Quaquaval|0 fnt\n|faint|p2a: Quaquaval\n|move|p1b: THE KING|Rock Slide|p2b: Gliscor\n|-damage|p2b: Gliscor|34\/100\n|cant|p2b: Gliscor|flinch\n|\n|upkeep\n|inactive|Whaleu has 240 seconds left.\n|\n|t:|1701065196\n|switch|p2a: Nidoking|Nidoking, M|100\/100\n|turn|4\n|inactive|Whaleu has 240 seconds left.\n|inactive|BROCKISAROCK has 270 seconds left.\n|\n|t:|1701065219\n|move|p1a: KUSH|Energy Ball|p2b: Gliscor\n|-damage|p2b: Gliscor|0 fnt\n|faint|p2b: Gliscor\n|move|p1b: THE KING|Body Slam|p2a: Nidoking\n|-damage|p2a: Nidoking|58\/100\n|-status|p2a: Nidoking|par\n|move|p2a: Nidoking|Flamethrower|p1a: KUSH\n|-damage|p1a: KUSH|0 fnt\n|faint|p1a: KUSH\n|\n|-sideend|p1: BROCKISAROCK|move: Tailwind\n|upkeep\n|inactive|Whaleu has 240 seconds left.\n|\n|t:|1701065231\n|switch|p1a: COACH|Machamp, M|100\/100\n|switch|p2b: Clefable|Clefable, M|100\/100\n|turn|5\n|inactive|Whaleu has 240 seconds left.\n|\n|t:|1701065274\n|move|p1a: COACH|Light Screen|p1a: COACH\n|-sidestart|p1: BROCKISAROCK|move: Light Screen\n|move|p2b: Clefable|Moonblast|p1a: COACH\n|-supereffective|p1a: COACH\n|-damage|p1a: COACH|70\/100\n|move|p1b: THE KING|Rock Slide|p2b: Clefable|[spread] p2a\n|-miss|p1b: THE KING|p2b: Clefable\n|-resisted|p2a: Nidoking\n|-damage|p2a: Nidoking|49\/100 par\n|move|p2a: Nidoking|Ice Beam|p1b: THE KING\n|-damage|p1b: THE KING|73\/100\n|\n|-heal|p1a: COACH|76\/100|[from] item: Leftovers\n|upkeep\n|turn|6\n|inactive|Whaleu has 240 seconds left.\n|inactive|Whaleu has 210 seconds left.\n|\n|t:|1701065324\n|move|p1a: COACH|Coaching|p1b: THE KING\n|-boost|p1b: THE KING|atk|1\n|-boost|p1b: THE KING|def|1\n|move|p2b: Clefable|Thunder Wave|p1b: THE KING\n|-status|p1b: THE KING|par\n|-enditem|p1b: THE KING|Lum Berry|[eat]\n|-curestatus|p1b: THE KING|par|[msg]\n|move|p1b: THE KING|Rock Slide|p2b: Clefable|[spread] p2a,p2b\n|-resisted|p2a: Nidoking\n|-crit|p2a: Nidoking\n|-damage|p2a: Nidoking|28\/100 par\n|-damage|p2b: Clefable|87\/100\n|cant|p2a: Nidoking|flinch\n|\n|-heal|p1a: COACH|83\/100|[from] item: Leftovers\n|upkeep\n|turn|7\n|l| prophetofsnacc\n|inactive|Whaleu has 210 seconds left.\n|\n|t:|1701065361\n|switch|p1b: K ROOL|Krookodile, M|100\/100\n|move|p1a: COACH|Encore|p2b: Clefable\n|-start|p2b: Clefable|Encore\n|move|p2b: Clefable|Thunder Wave|p1b: K ROOL\n|-immune|p1b: K ROOL\n|move|p2a: Nidoking|Sludge Wave|p1b: K ROOL|[spread] p2b,p1a,p1b\n|-supereffective|p2b: Clefable\n|-resisted|p1b: K ROOL\n|-damage|p2b: Clefable|0 fnt\n|-damage|p1a: COACH|57\/100\n|-damage|p1b: K ROOL|80\/100\n|faint|p2b: Clefable\n|\n|-heal|p1a: COACH|64\/100|[from] item: Leftovers\n|upkeep\n|turn|8\n|inactive|Whaleu has 210 seconds left.\n|inactive|Whaleu has 180 seconds left.\n|\n|t:|1701065398\n|move|p1b: K ROOL|Knock Off|p2a: Nidoking\n|-damage|p2a: Nidoking|0 fnt\n|-enditem|p2a: Nidoking|Life Orb|[from] move: Knock Off|[of] p1b: K ROOL\n|faint|p2a: Nidoking\n|\n|win|BROCKISAROCK\n|l| specner4\n","uploadtime":1701065405,"views":4,"p1id":"brockisarock","p2id":"whaleu","formatid":"gen9nationaldexdoubles","rating":0,"private":0,"password":""}