{"id":"gen9nationaldexdoubles-1994558500","p1":"Splippi","p2":"MagnetYoshi","format":"[Gen 9] National Dex Doubles","log":"|j|\u2606Splippi\n|j|\u2606MagnetYoshi\n|t:|1700459658\n|gametype|doubles\n|player|p1|Splippi|riley|\n|player|p2|MagnetYoshi|silver|\n|teamsize|p1|6\n|teamsize|p2|6\n|gen|9\n|tier|[Gen 9] National Dex Doubles\n|rule|HP Percentage Mod: HP is shown in percentages\n|rule|Endless Battle Clause: Forcing endless battles is banned\n|rule|OHKO Clause: OHKO moves are banned\n|rule|Evasion Moves Clause: Evasion moves are banned\n|rule|Evasion Abilities Clause: Evasion abilities are banned\n|rule|Species Clause: Limit one of each Pok\u00e9mon\n|rule|Gravity Sleep Clause: The combination of sleep-inducing moves with imperfect accuracy and Gravity or Gigantamax Orbeetle are banned\n|clearpoke\n|poke|p1|Lucario, M|\n|poke|p1|Ursaluna, F|\n|poke|p1|Pelipper, M|\n|poke|p1|Chi-Yu|\n|poke|p1|Volcanion|\n|poke|p1|Gliscor, M|\n|poke|p2|Gastrodon, M|\n|poke|p2|Clodsire, M|\n|poke|p2|Lanturn, F|\n|poke|p2|Zebstrika, F|\n|poke|p2|Ambipom, M|\n|poke|p2|Azumarill, F|\n|teampreview\n|\n|t:|1700459665\n|start\n|switch|p1a: Lucario|Lucario, M|100\/100\n|switch|p1b: Pelipper|Pelipper, M|100\/100\n|switch|p2a: Ambipom|Ambipom, M|100\/100\n|switch|p2b: Azumarill|Azumarill, F|100\/100\n|-weather|RainDance|[from] ability: Drizzle|[of] p1b: Pelipper\n|turn|1\n|\n|t:|1700459674\n|move|p2a: Ambipom|Fake Out|p1a: Lucario\n|-resisted|p1a: Lucario\n|-damage|p1a: Lucario|73\/100\n|cant|p1a: Lucario|flinch\n|move|p1b: Pelipper|Hurricane|p2b: Azumarill\n|-damage|p2b: Azumarill|50\/100\n|-start|p2b: Azumarill|confusion\n|-enditem|p2b: Azumarill|Sitrus Berry|[eat]\n|-heal|p2b: Azumarill|75\/100|[from] item: Sitrus Berry\n|-activate|p2b: Azumarill|confusion\n|move|p2b: Azumarill|Belly Drum|p2b: Azumarill\n|-damage|p2b: Azumarill|25\/100\n|-setboost|p2b: Azumarill|atk|6|[from] move: Belly Drum\n|\n|-weather|RainDance|[upkeep]\n|upkeep\n|turn|2\n|\n|t:|1700459695\n|move|p2a: Ambipom|Power-Up Punch|p1a: Lucario\n|-supereffective|p1a: Lucario\n|-damage|p1a: Lucario|6\/100\n|-boost|p2a: Ambipom|atk|1\n|move|p1a: Lucario|Swords Dance|p1a: Lucario\n|-boost|p1a: Lucario|atk|2\n|move|p1b: Pelipper|Hurricane|p2b: Azumarill\n|-damage|p2b: Azumarill|0 fnt\n|faint|p2b: Azumarill\n|\n|-weather|RainDance|[upkeep]\n|upkeep\n|\n|t:|1700459706\n|switch|p2b: Zebstrika|Zebstrika, F|100\/100\n|turn|3\n|\n|t:|1700459731\n|move|p2b: Zebstrika|Flame Charge|p1b: Pelipper\n|-resisted|p1b: Pelipper\n|-damage|p1b: Pelipper|97\/100\n|-boost|p2b: Zebstrika|spe|1\n|move|p2a: Ambipom|Power-Up Punch|p1a: Lucario\n|-supereffective|p1a: Lucario\n|-damage|p1a: Lucario|0 fnt\n|-boost|p2a: Ambipom|atk|1\n|faint|p1a: Lucario\n|move|p1b: Pelipper|U-turn|p2b: Zebstrika\n|-damage|p2b: Zebstrika|85\/100\n|\n|t:|1700459748\n|switch|p1b: Gliscor|Gliscor, M|100\/100|[from] U-turn\n|\n|-weather|RainDance|[upkeep]\n|-status|p1b: Gliscor|tox|[from] item: Toxic Orb\n|upkeep\n|\n|t:|1700459755\n|switch|p1a: Volcanion|Volcanion|100\/100\n|-item|p1a: Volcanion|Air Balloon\n|turn|4\n|\n|t:|1700459797\n|-terastallize|p2a: Ambipom|Normal\n|move|p2b: Zebstrika|Hidden Power|p1b: Gliscor\n|-supereffective|p1b: Gliscor\n|-damage|p1b: Gliscor|37\/100 tox\n|move|p2a: Ambipom|Return|p1a: Volcanion\n|-damage|p1a: Volcanion|0 fnt\n|-enditem|p1a: Volcanion|Air Balloon\n|faint|p1a: Volcanion\n|move|p1b: Gliscor|Fling|p2b: Zebstrika\n|-damage|p2b: Zebstrika|68\/100\n|-status|p2b: Zebstrika|tox\n|-enditem|p1b: Gliscor|Toxic Orb|[from] move: Fling\n|\n|-weather|RainDance|[upkeep]\n|-damage|p2b: Zebstrika|62\/100 tox|[from] psn\n|-heal|p1b: Gliscor|50\/100 tox|[from] ability: Poison Heal\n|upkeep\n|\n|t:|1700459815\n|switch|p1a: Ursaluna|Ursaluna, F|100\/100\n|turn|5\n|\n|t:|1700459840\n|move|p2b: Zebstrika|Hidden Power|p1a: Ursaluna\n|-supereffective|p1a: Ursaluna\n|-damage|p1a: Ursaluna|61\/100\n|move|p2a: Ambipom|Return|p1a: Ursaluna\n|-damage|p1a: Ursaluna|0 fnt\n|faint|p1a: Ursaluna\n|move|p1b: Gliscor|Acrobatics|p2a: Ambipom\n|-damage|p2a: Ambipom|23\/100\n|\n|-weather|RainDance|[upkeep]\n|-damage|p2b: Zebstrika|49\/100 tox|[from] psn\n|-heal|p1b: Gliscor|62\/100 tox|[from] ability: Poison Heal\n|upkeep\n|\n|t:|1700459852\n|switch|p1a: Pelipper|Pelipper, M|97\/100\n|turn|6\n|\n|t:|1700459885\n|move|p2b: Zebstrika|Hidden Power|p1b: Gliscor\n|-supereffective|p1b: Gliscor\n|-damage|p1b: Gliscor|0 fnt\n|faint|p1b: Gliscor\n|move|p2a: Ambipom|Return|p1a: Pelipper\n|-damage|p1a: Pelipper|0 fnt\n|faint|p1a: Pelipper\n|\n|-weather|RainDance|[upkeep]\n|-damage|p2b: Zebstrika|31\/100 tox|[from] psn\n|upkeep\n|\n|t:|1700459896\n|switch|p1b: Chi-Yu|Chi-Yu|100\/100\n|-ability|p1b: Chi-Yu|Beads of Ruin\n|turn|7\n|\n|t:|1700459908\n|move|p2b: Zebstrika|Hidden Power|p1b: Chi-Yu\n|-supereffective|p1b: Chi-Yu\n|-damage|p1b: Chi-Yu|65\/100\n|move|p2a: Ambipom|Power-Up Punch|p1b: Chi-Yu\n|-supereffective|p1b: Chi-Yu\n|-damage|p1b: Chi-Yu|0 fnt\n|-boost|p2a: Ambipom|atk|1\n|faint|p1b: Chi-Yu\n|\n|win|MagnetYoshi\n|l|\u2606Splippi\n","uploadtime":1700460030,"views":12,"p1id":"splippi","p2id":"magnetyoshi","formatid":"gen9nationaldexdoubles","rating":0,"private":0,"password":""}