{"id":"gen9nationaldexdoubles-1986401636","p1":"Kromydas","p2":"Patatas6712","format":"[Gen 9] National Dex Doubles","log":"|j|\u203dKromydas\n|j|\u2606Patatas6712\n|t:|1699475892\n|gametype|doubles\n|player|p1|Kromydas|266|1196\n|player|p2|Patatas6712|riley|1226\n|teamsize|p1|6\n|teamsize|p2|6\n|gen|9\n|tier|[Gen 9] National Dex Doubles\n|rated|\n|rule|HP Percentage Mod: HP is shown in percentages\n|rule|Endless Battle Clause: Forcing endless battles is banned\n|rule|OHKO Clause: OHKO moves are banned\n|rule|Evasion Moves Clause: Evasion moves are banned\n|rule|Evasion Abilities Clause: Evasion abilities are banned\n|rule|Species Clause: Limit one of each Pok\u00e9mon\n|rule|Gravity Sleep Clause: The combination of sleep-inducing moves with imperfect accuracy and Gravity or Gigantamax Orbeetle are banned\n|clearpoke\n|poke|p1|Blaziken, F|\n|poke|p1|Zygarde|\n|poke|p1|Tropius, M|\n|poke|p1|Indeedee-F, F|\n|poke|p1|Blacephalon|\n|poke|p1|Alakazam, F|\n|poke|p2|Rillaboom, F|\n|poke|p2|Sceptile, M|\n|poke|p2|Armarouge, F|\n|poke|p2|Indeedee-F, F|\n|poke|p2|Sneasler, M|\n|poke|p2|Jirachi|\n|teampreview\n|c|\u2606Patatas6712|GLHF\n|\n|t:|1699475931\n|start\n|switch|p1a: Blacephalon|Blacephalon|100\/100\n|switch|p1b: Alakazam|Alakazam, F|100\/100\n|switch|p2a: Indeedee|Indeedee-F, F|100\/100\n|switch|p2b: Armarouge|Armarouge, F|100\/100\n|-fieldstart|move: Psychic Terrain|[from] ability: Psychic Surge|[of] p2a: Indeedee\n|-enditem|p2b: Armarouge|Psychic Seed\n|-boost|p2b: Armarouge|spd|1|[from] item: Psychic Seed\n|turn|1\n|\n|t:|1699475959\n|move|p2a: Indeedee|Follow Me|p2a: Indeedee\n|-singleturn|p2a: Indeedee|move: Follow Me\n|move|p1b: Alakazam|Skill Swap|p2a: Indeedee\n|-activate|p1b: Alakazam|move: Skill Swap|Psychic Surge|Magic Guard|[of] p2a: Indeedee\n|move|p1a: Blacephalon|Mind Blown|p2a: Indeedee|[spread] p1b,p2a\n|-start|p2b: Armarouge|ability: Flash Fire\n|-damage|p1b: Alakazam|0 fnt\n|-damage|p2a: Indeedee|20\/100\n|-damage|p1a: Blacephalon|50\/100|[from] mindblown\n|faint|p1b: Alakazam\n|-ability|p1a: Blacephalon|Beast Boost|boost\n|-boost|p1a: Blacephalon|spa|1\n|move|p2b: Armarouge|Expanding Force|p1a: Blacephalon\n|-damage|p1a: Blacephalon|0 fnt\n|faint|p1a: Blacephalon\n|\n|upkeep\n|\n|t:|1699475978\n|switch|p1b: Indeedee|Indeedee-F, F|100\/100\n|switch|p1a: Zygarde|Zygarde|100\/100\n|-ability|p1a: Zygarde|Aura Break\n|turn|2\n|c|\u2606Patatas6712|wtf no entendi nada\n|\n|t:|1699476009\n|move|p2a: Indeedee|Expanding Force|p1b: Indeedee|[spread] p1a,p1b\n|-resisted|p1b: Indeedee\n|-damage|p1a: Zygarde|51\/100\n|-damage|p1b: Indeedee|72\/100\n|move|p1b: Indeedee|Dazzling Gleam|p2a: Indeedee|[spread] p2a,p2b\n|-resisted|p2b: Armarouge\n|-damage|p2a: Indeedee|0 fnt\n|-damage|p2b: Armarouge|96\/100\n|faint|p2a: Indeedee\n|move|p1a: Zygarde|Thousand Waves|p2b: Armarouge\n|-supereffective|p2b: Armarouge\n|-damage|p2b: Armarouge|17\/100\n|-activate|p2b: Armarouge|trapped\n|move|p2b: Armarouge|Armor Cannon|p1b: Indeedee\n|-damage|p1b: Indeedee|0 fnt\n|-unboost|p2b: Armarouge|def|1\n|-unboost|p2b: Armarouge|spd|1\n|faint|p1b: Indeedee\n|\n|upkeep\n|\n|t:|1699476045\n|switch|p1b: Blaziken|Blaziken, F|100\/100\n|switch|p2a: Sneasler|Sneasler, M|100\/100\n|-enditem|p2a: Sneasler|Psychic Seed\n|-boost|p2a: Sneasler|spd|1|[from] item: Psychic Seed\n|turn|3\n|\n|t:|1699476061\n|detailschange|p1b: Blaziken|Blaziken-Mega, F\n|-mega|p1b: Blaziken|Blaziken|Blazikenite\n|-terastallize|p2a: Sneasler|Flying\n|-terastallize|p1a: Zygarde|Steel\n|move|p2a: Sneasler|Acrobatics|p1b: Blaziken\n|-supereffective|p1b: Blaziken\n|-damage|p1b: Blaziken|0 fnt\n|faint|p1b: Blaziken\n|move|p1a: Zygarde|Thousand Arrows|p2a: Sneasler|[spread] p2a,p2b\n|-supereffective|p2b: Armarouge\n|-damage|p2a: Sneasler|42\/100\n|-damage|p2b: Armarouge|0 fnt\n|-start|p2a: Sneasler|Smack Down\n|faint|p2b: Armarouge\n|\n|upkeep\n|\n|t:|1699476074\n|switch|p1b: Tropius|Tropius, M|100\/100\n|switch|p2b: Jirachi|Jirachi|100\/100\n|-enditem|p2b: Jirachi|Psychic Seed\n|-boost|p2b: Jirachi|spd|1|[from] item: Psychic Seed\n|turn|4\n|\n|t:|1699476098\n|move|p1b: Tropius|Protect|p1b: Tropius\n|-singleturn|p1b: Tropius|Protect\n|move|p2a: Sneasler|Acrobatics|p1b: Tropius\n|-activate|p1b: Tropius|move: Protect\n|move|p2b: Jirachi|Expanding Force|p1a: Zygarde|[spread] p1a\n|-activate|p1b: Tropius|move: Protect\n|-resisted|p1a: Zygarde\n|-damage|p1a: Zygarde|28\/100\n|move|p1a: Zygarde|Thousand Arrows|p2a: Sneasler|[spread] p2a,p2b\n|-supereffective|p2b: Jirachi\n|-damage|p2a: Sneasler|0 fnt\n|-damage|p2b: Jirachi|37\/100\n|faint|p2a: Sneasler\n|\n|upkeep\n|\n|t:|1699476111\n|switch|p2a: Rillaboom|Rillaboom, F|100\/100\n|-fieldstart|move: Grassy Terrain|[from] ability: Grassy Surge|[of] p2a: Rillaboom\n|turn|5\n|\n|t:|1699476126\n|move|p2a: Rillaboom|Fake Out|p1a: Zygarde\n|-resisted|p1a: Zygarde\n|-damage|p1a: Zygarde|22\/100\n|move|p2b: Jirachi|Follow Me|p2b: Jirachi\n|-singleturn|p2b: Jirachi|move: Follow Me\n|cant|p1a: Zygarde|flinch\n|move|p1b: Tropius|Substitute|p1b: Tropius\n|-start|p1b: Tropius|Substitute\n|-damage|p1b: Tropius|75\/100\n|\n|-heal|p2b: Jirachi|43\/100|[from] Grassy Terrain\n|-heal|p1a: Zygarde|28\/100|[from] Grassy Terrain\n|upkeep\n|turn|6\n|\n|t:|1699476157\n|move|p2b: Jirachi|Expanding Force|p1a: Zygarde\n|-resisted|p1a: Zygarde\n|-damage|p1a: Zygarde|11\/100\n|move|p2a: Rillaboom|Wood Hammer|p1a: Zygarde\n|-resisted|p1a: Zygarde\n|-damage|p1a: Zygarde|0 fnt\n|faint|p1a: Zygarde\n|-damage|p2a: Rillaboom|97\/100|[from] Recoil\n|move|p1b: Tropius|Hidden Power|p2a: Rillaboom\n|-supereffective|p2a: Rillaboom\n|-crit|p2a: Rillaboom\n|-damage|p2a: Rillaboom|50\/100\n|\n|-heal|p2b: Jirachi|49\/100|[from] Grassy Terrain\n|-heal|p2a: Rillaboom|57\/100|[from] Grassy Terrain\n|upkeep\n|turn|7\n|\n|t:|1699476179\n|switch|p2a: Sceptile|Sceptile, M|100\/100\n|-enditem|p2a: Sceptile|Grassy Seed\n|-boost|p2a: Sceptile|def|1|[from] item: Grassy Seed\n|move|p2b: Jirachi|Ally Switch|p2b: Jirachi\n|swap|p2b: Jirachi|0|[from] move: Ally Switch\n|move|p1b: Tropius|Hidden Power|p2a: Jirachi\n|-immune|p2a: Jirachi\n|\n|-heal|p2a: Jirachi|55\/100|[from] Grassy Terrain\n|upkeep\n|turn|8\n|\n|t:|1699476211\n|move|p1b: Tropius|Protect|p1b: Tropius\n|-singleturn|p1b: Tropius|Protect\n|move|p2b: Sceptile|Hidden Power|p1b: Tropius\n|-activate|p1b: Tropius|move: Protect\n|move|p2a: Jirachi|Expanding Force|p1b: Tropius\n|-activate|p1b: Tropius|move: Protect\n|\n|-heal|p2a: Jirachi|61\/100|[from] Grassy Terrain\n|upkeep\n|turn|9\n|inactive|Battle timer is ON: inactive players will automatically lose when time's up. (requested by Patatas6712)\n|c|\u2606Patatas6712|dale\n|inactive|Kromydas has 120 seconds left.\n|c|\u2606Patatas6712|bro\n|inactive|Kromydas has 90 seconds left.\n|c|\u2606Patatas6712|dale\n|c|\u2606Patatas6712|vas a perder\n|inactive|Kromydas has 60 seconds left.\n|\n|t:|1699476334\n|move|p2a: Jirachi|Follow Me|p2a: Jirachi\n|-singleturn|p2a: Jirachi|move: Follow Me\n|move|p2b: Sceptile|Hidden Power|p1b: Tropius\n|-supereffective|p1b: Tropius\n|-end|p1b: Tropius|Substitute\n|move|p1b: Tropius|Hidden Power|p2a: Jirachi\n|-immune|p2a: Jirachi\n|\n|-heal|p2a: Jirachi|67\/100|[from] Grassy Terrain\n|upkeep\n|turn|10\n|c|\u2606Patatas6712|te voy a reportar\n|\n|t:|1699476345\n|move|p1b: Tropius|Protect|p1b: Tropius\n|-singleturn|p1b: Tropius|Protect\n|move|p2a: Jirachi|Ally Switch|p2a: Jirachi\n|swap|p2a: Jirachi|1|[from] move: Ally Switch\n|move|p2a: Sceptile|Hidden Power|p1b: Tropius\n|-activate|p1b: Tropius|move: Protect\n|\n|-heal|p2b: Jirachi|74\/100|[from] Grassy Terrain\n|upkeep\n|turn|11\n|c|\u2606Patatas6712|por pesado\n|\n|t:|1699476353\n|move|p2b: Jirachi|Follow Me|p2b: Jirachi\n|-singleturn|p2b: Jirachi|move: Follow Me\n|move|p2a: Sceptile|Hidden Power|p1b: Tropius\n|-supereffective|p1b: Tropius\n|-damage|p1b: Tropius|50\/100\n|-enditem|p1b: Tropius|Sitrus Berry|[eat]\n|-heal|p1b: Tropius|75\/100|[from] item: Sitrus Berry\n|move|p1b: Tropius|Substitute|p1b: Tropius\n|-start|p1b: Tropius|Substitute\n|-damage|p1b: Tropius|50\/100\n|\n|-heal|p2b: Jirachi|80\/100|[from] Grassy Terrain\n|upkeep\n|turn|12\n|\n|t:|1699476373\n|move|p1b: Tropius|Protect|p1b: Tropius\n|-singleturn|p1b: Tropius|Protect\n|move|p2a: Sceptile|Hidden Power|p1b: Tropius\n|-activate|p1b: Tropius|move: Protect\n|move|p2b: Jirachi|Expanding Force|p1b: Tropius\n|-activate|p1b: Tropius|move: Protect\n|\n|-heal|p2b: Jirachi|86\/100|[from] Grassy Terrain\n|-fieldend|move: Grassy Terrain\n|upkeep\n|turn|13\n|inactive|Kromydas has 120 seconds left.\n|\n|t:|1699476413\n|move|p2a: Sceptile|Hidden Power|p1b: Tropius\n|-supereffective|p1b: Tropius\n|-end|p1b: Tropius|Substitute\n|move|p2b: Jirachi|Expanding Force|p1b: Tropius\n|-damage|p1b: Tropius|26\/100\n|move|p1b: Tropius|Hidden Power|p2b: Jirachi\n|-immune|p2b: Jirachi\n|\n|upkeep\n|turn|14\n|c|\u2606Patatas6712|dale\n|\n|t:|1699476432\n|move|p1b: Tropius|Protect|p1b: Tropius\n|-singleturn|p1b: Tropius|Protect\n|move|p2a: Sceptile|Hidden Power|p1b: Tropius\n|-activate|p1b: Tropius|move: Protect\n|move|p2b: Jirachi|Expanding Force|p1b: Tropius\n|-activate|p1b: Tropius|move: Protect\n|\n|upkeep\n|turn|15\n|c|\u2606Patatas6712|que pesado en serio\n|c|\u2606Patatas6712|GG\n|c|\u2606Patatas6712|ya perdiste\n|c|\u2606Patatas6712|aceptalo\n|inactive|Kromydas has 120 seconds left.\n|inactive|Kromydas has 90 seconds left.\n|c|\u2606Patatas6712|ya estas reportado por tardon\n|inactive|Kromydas has 60 seconds left.\n|c|\u2606Patatas6712|brooooooooooooooooooooo\n|inactive|Kromydas has 30 seconds left.\n|inactive|Kromydas has 20 seconds left.\n|inactive|Kromydas has 15 seconds left.\n|\n|t:|1699476568\n|move|p1b: Tropius|Protect|p1b: Tropius\n|-singleturn|p1b: Tropius|Protect\n|move|p2a: Sceptile|Hidden Power|p1b: Tropius\n|-activate|p1b: Tropius|move: Protect\n|move|p2b: Jirachi|Expanding Force|p1b: Tropius\n|-activate|p1b: Tropius|move: Protect\n|\n|-item|p1b: Tropius|Sitrus Berry|[from] ability: Harvest\n|upkeep\n|-enditem|p1b: Tropius|Sitrus Berry|[eat]\n|-heal|p1b: Tropius|51\/100|[from] item: Sitrus Berry\n|turn|16\n|inactive|Kromydas has 30 seconds left.\n|inactive|Kromydas has 20 seconds left.\n|inactive|Kromydas has 15 seconds left.\n|c|\u2606Patatas6712|ya pierde\n|inactive|Kromydas has 10 seconds left.\n|inactive|Kromydas has 5 seconds left.\n|\n|t:|1699476605\n|move|p1b: Tropius|Protect||[still]\n|-fail|p1b: Tropius\n|move|p2a: Sceptile|Hidden Power|p1b: Tropius\n|-supereffective|p1b: Tropius\n|-damage|p1b: Tropius|26\/100\n|move|p2b: Jirachi|Expanding Force|p1b: Tropius\n|-crit|p1b: Tropius\n|-damage|p1b: Tropius|0 fnt\n|faint|p1b: Tropius\n|\n|win|Patatas6712\n|inactive|Kromydas has 10 seconds left this turn.\n|raw|Kromydas's rating: 1196 &rarr; <strong>1173<\/strong><br \/>(-23 for losing)\n|raw|Patatas6712's rating: 1226 &rarr; <strong>1249<\/strong><br \/>(+23 for winning)\n|l|\u203dKromydas\n|c|\u2606Patatas6712|vale\n|c|\u2606Patatas6712|ya esta\n|c|\u2606Patatas6712|por fin\n|c|\u2606Patatas6712|que pesado\n","uploadtime":1699476627,"views":11,"p1id":"kromydas","p2id":"patatas6712","formatid":"gen9nationaldexdoubles","rating":1173,"private":0,"password":""}