{"id":"gen9nationaldexdoubles-1981019971","p1":"Naia_05","p2":"fumbari 24","format":"[Gen 9] National Dex Doubles","log":"|j|\u2606Naia_05\n|j|\u2606fumbari 24\n|t:|1698857263\n|gametype|doubles\n|player|p1|Naia_05|170|1343\n|player|p2|fumbari 24|hilbert|1390\n|teamsize|p1|6\n|teamsize|p2|6\n|gen|9\n|tier|[Gen 9] National Dex Doubles\n|rated|\n|rule|HP Percentage Mod: HP is shown in percentages\n|rule|Endless Battle Clause: Forcing endless battles is banned\n|rule|OHKO Clause: OHKO moves are banned\n|rule|Evasion Moves Clause: Evasion moves are banned\n|rule|Evasion Abilities Clause: Evasion abilities are banned\n|rule|Species Clause: Limit one of each Pok\u00e9mon\n|rule|Gravity Sleep Clause: The combination of sleep-inducing moves with imperfect accuracy and Gravity or Gigantamax Orbeetle are banned\n|clearpoke\n|poke|p1|Shiinotic, M|\n|poke|p1|Sableye, M|\n|poke|p1|Hariyama, F|\n|poke|p1|Mawile, M|\n|poke|p1|Iron Moth|\n|poke|p1|Ursaluna-Bloodmoon, M|\n|poke|p2|Tornadus, M|\n|poke|p2|Chi-Yu|\n|poke|p2|Krookodile, M|\n|poke|p2|Salamence, M|\n|poke|p2|Arcanine-Hisui, M|\n|poke|p2|Amoonguss, F|\n|teampreview\n|inactive|Battle timer is ON: inactive players will automatically lose when time's up. (requested by Naia_05)\n|\n|t:|1698857295\n|start\n|switch|p1a: Shiinotic|Shiinotic, M|100\/100\n|switch|p1b: Sableye|Sableye, M|100\/100\n|switch|p2a: Chi-Yu|Chi-Yu|100\/100\n|switch|p2b: Tornadus|Tornadus, M|100\/100\n|-ability|p2a: Chi-Yu|Beads of Ruin\n|turn|1\n|inactive|Naia_05 has 120 seconds left.\n|\n|t:|1698857328\n|-terastallize|p1a: Shiinotic|Dark\n|move|p2b: Tornadus|Sunny Day|p2b: Tornadus\n|-weather|SunnyDay\n|move|p1b: Sableye|Skill Swap|p1a: Shiinotic\n|-activate|p1b: Sableye|move: Skill Swap|||[of] p1a: Shiinotic\n|move|p1a: Shiinotic|Spore|p2b: Tornadus\n|-status|p2b: Tornadus|slp|[from] move: Spore\n|-zpower|p2a: Chi-Yu\n|move|p2a: Chi-Yu|Inferno Overdrive|p1a: Shiinotic|[zeffect]\n|-damage|p1a: Shiinotic|0 fnt\n|faint|p1a: Shiinotic\n|\n|-weather|SunnyDay|[upkeep]\n|upkeep\n|inactive|Naia_05 has 120 seconds left.\n|\n|t:|1698857344\n|switch|p1a: Ursaluna|Ursaluna-Bloodmoon, M|100\/100\n|turn|2\n|\n|t:|1698857356\n|switch|p2b: Atraco|Krookodile, M|100\/100\n|-ability|p2b: Atraco|Intimidate|boost\n|-unboost|p1a: Ursaluna|atk|1\n|-unboost|p1b: Sableye|atk|1\n|move|p1a: Ursaluna|Vacuum Wave|p2a: Chi-Yu\n|-supereffective|p2a: Chi-Yu\n|-damage|p2a: Chi-Yu|55\/100\n|move|p2a: Chi-Yu|Snarl|p1a: Ursaluna|[spread] p1a,p1b\n|-damage|p1a: Ursaluna|72\/100\n|-damage|p1b: Sableye|59\/100\n|-unboost|p1a: Ursaluna|spa|1\n|-unboost|p1b: Sableye|spa|1\n|move|p1b: Sableye|Taunt|p2b: Atraco\n|-start|p2b: Atraco|move: Taunt\n|\n|-weather|SunnyDay|[upkeep]\n|upkeep\n|turn|3\n|\n|t:|1698857375\n|move|p2a: Chi-Yu|Protect|p2a: Chi-Yu\n|-singleturn|p2a: Chi-Yu|Protect\n|move|p1a: Ursaluna|Vacuum Wave|p2a: Chi-Yu\n|-activate|p2a: Chi-Yu|move: Protect\n|move|p2b: Atraco|Snarl|p1a: Ursaluna|[spread] p1a\n|-miss|p2b: Atraco|p1b: Sableye\n|-damage|p1a: Ursaluna|58\/100\n|-unboost|p1a: Ursaluna|spa|1\n|move|p1b: Sableye|Skill Swap|p2b: Atraco\n|-activate|p1b: Sableye|move: Skill Swap|Intimidate|Rain Dish|[of] p2b: Atraco\n|-ability|p1b: Sableye|Intimidate|boost\n|-unboost|p2a: Chi-Yu|atk|1\n|-unboost|p2b: Atraco|atk|1\n|\n|-weather|SunnyDay|[upkeep]\n|upkeep\n|turn|4\n|\n|t:|1698857394\n|move|p1a: Ursaluna|Vacuum Wave|p2a: Chi-Yu\n|-supereffective|p2a: Chi-Yu\n|-damage|p2a: Chi-Yu|32\/100\n|move|p2a: Chi-Yu|Heat Wave|p1a: Ursaluna|[spread] p1a,p1b\n|-damage|p1a: Ursaluna|0 fnt\n|-damage|p1b: Sableye|0 fnt\n|faint|p1a: Ursaluna\n|faint|p1b: Sableye\n|move|p2b: Atraco|Snarl|p1: Ursaluna|[notarget]\n|-fail|p2b: Atraco\n|\n|-weather|SunnyDay|[upkeep]\n|-end|p2b: Atraco|move: Taunt\n|upkeep\n|\n|t:|1698857407\n|switch|p1b: Hariyama|Hariyama, F|100\/100\n|switch|p1a: Iron Moth|Iron Moth|100\/100\n|-enditem|p1a: Iron Moth|Booster Energy\n|-activate|p1a: Iron Moth|ability: Quark Drive|[fromitem]\n|-start|p1a: Iron Moth|quarkdrivespa\n|turn|5\n|\n|t:|1698857426\n|switch|p2a: Blue Flame|Salamence, M|100\/100\n|-ability|p2a: Blue Flame|Intimidate|boost\n|-unboost|p1a: Iron Moth|atk|1\n|-unboost|p1b: Hariyama|atk|1\n|-terastallize|p2b: Atraco|Ghost\n|move|p1a: Iron Moth|Heat Wave|p2a: Blue Flame|[spread] p2a\n|-miss|p1a: Iron Moth|p2b: Atraco\n|-resisted|p2a: Blue Flame\n|-damage|p2a: Blue Flame|49\/100\n|move|p2b: Atraco|Earthquake|p1a: Iron Moth|[spread] p1a,p1b\n|-immune|p2a: Blue Flame\n|-supereffective|p1a: Iron Moth\n|-damage|p1a: Iron Moth|0 fnt\n|-damage|p1b: Hariyama|79\/100\n|faint|p1a: Iron Moth\n|-end|p1a: Iron Moth|Quark Drive|[silent]\n|move|p1b: Hariyama|Belly Drum|p1b: Hariyama\n|-damage|p1b: Hariyama|29\/100\n|-setboost|p1b: Hariyama|atk|6|[from] move: Belly Drum\n|\n|-weather|none\n|-status|p1b: Hariyama|brn|[from] item: Flame Orb\n|upkeep\n|\n|t:|1698857440\n|switch|p1a: Mawile|Mawile, M|100\/100\n|-ability|p1a: Mawile|Intimidate|boost\n|-unboost|p2a: Blue Flame|atk|1\n|-unboost|p2b: Atraco|atk|1\n|turn|6\n|\n|t:|1698857457\n|detailschange|p2a: Blue Flame|Salamence-Mega, M\n|-mega|p2a: Blue Flame|Salamence|Salamencite\n|detailschange|p1a: Mawile|Mawile-Mega, M\n|-mega|p1a: Mawile|Mawile|Mawilite\n|move|p1a: Mawile|Sucker Punch|p2a: Blue Flame\n|-damage|p2a: Blue Flame|10\/100\n|move|p2a: Blue Flame|Hyper Voice|p1a: Mawile|[spread] p1a,p1b\n|-resisted|p1a: Mawile\n|-supereffective|p1b: Hariyama\n|-damage|p1a: Mawile|78\/100\n|-damage|p1b: Hariyama|0 fnt\n|faint|p1b: Hariyama\n|move|p2b: Atraco|Earthquake|p1a: Mawile|[spread] p1a\n|-immune|p2a: Blue Flame\n|-supereffective|p1a: Mawile\n|-damage|p1a: Mawile|49\/100\n|\n|upkeep\n|turn|7\n|-message|Naia_05 forfeited.\n|\n|win|fumbari 24\n|raw|Naia_05's rating: 1343 &rarr; <strong>1326<\/strong><br \/>(-17 for losing)\n|raw|fumbari 24's rating: 1390 &rarr; <strong>1407<\/strong><br \/>(+17 for winning)\n|l|\u2606Naia_05\n","uploadtime":1698857473,"views":16,"p1id":"naia05","p2id":"fumbari24","formatid":"gen9nationaldexdoubles","rating":1326,"private":0,"password":""}