{"id":"gen9nationaldexdoubles-1949979654","p1":"Jolly stranger","p2":"Relleth","format":"[Gen 9] National Dex Doubles","log":"|j|\u2606Jolly stranger\n|j|\u2606Relleth\n|t:|1695414366\n|gametype|doubles\n|player|p1|Jolly stranger|gentleman-gen4dp|\n|player|p2|Relleth|wallace|\n|teamsize|p1|6\n|teamsize|p2|6\n|gen|9\n|tier|[Gen 9] National Dex Doubles\n|rule|HP Percentage Mod: HP is shown in percentages\n|rule|Endless Battle Clause: Forcing endless battles is banned\n|rule|OHKO Clause: OHKO moves are banned\n|rule|Evasion Moves Clause: Evasion moves are banned\n|rule|Evasion Abilities Clause: Evasion abilities are banned\n|rule|Species Clause: Limit one of each Pok\u00e9mon\n|rule|Gravity Sleep Clause: The combination of sleep-inducing moves with imperfect accuracy and Gravity or Gigantamax Orbeetle are banned\n|clearpoke\n|poke|p1|Dudunsparce-*, M|\n|poke|p1|Maushold|\n|poke|p1|Arcanine, F|\n|poke|p1|Spinda, M|\n|poke|p1|Gengar, M|\n|poke|p1|Indeedee-F, F|\n|poke|p2|Mew|\n|poke|p2|Tsareena, F|\n|poke|p2|Iron Thorns|\n|poke|p2|Grimmsnarl, M|\n|poke|p2|Tyranitar, F|\n|poke|p2|Chi-Yu|\n|teampreview\n|j| SgtSmilies\n|\n|t:|1695414387\n|start\n|switch|p1a: Special Sweeper|Maushold|100\/100\n|switch|p1b: Dunsparcesparce|Dudunsparce-Three-Segment, M|100\/100\n|switch|p2a: Mew|Mew|100\/100\n|switch|p2b: No Dream Too Big|Grimmsnarl, M|100\/100\n|turn|1\n|\n|t:|1695414436\n|-terastallize|p1b: Dunsparcesparce|Psychic\n|move|p2b: No Dream Too Big|Reflect|p2b: No Dream Too Big\n|-sidestart|p2: Relleth|Reflect\n|move|p1a: Special Sweeper|Beat Up|p1b: Dunsparcesparce\n|-supereffective|p1b: Dunsparcesparce\n|-damage|p1b: Dunsparcesparce|97\/100\n|-ability|p1b: Dunsparcesparce|Rattled|boost\n|-boost|p1b: Dunsparcesparce|spe|1\n|-enditem|p1b: Dunsparcesparce|Weakness Policy\n|-boost|p1b: Dunsparcesparce|atk|2|[from] item: Weakness Policy\n|-boost|p1b: Dunsparcesparce|spa|2|[from] item: Weakness Policy\n|-supereffective|p1b: Dunsparcesparce\n|-damage|p1b: Dunsparcesparce|94\/100\n|-ability|p1b: Dunsparcesparce|Rattled|boost\n|-boost|p1b: Dunsparcesparce|spe|1\n|-supereffective|p1b: Dunsparcesparce\n|-damage|p1b: Dunsparcesparce|90\/100\n|-ability|p1b: Dunsparcesparce|Rattled|boost\n|-boost|p1b: Dunsparcesparce|spe|1\n|-supereffective|p1b: Dunsparcesparce\n|-damage|p1b: Dunsparcesparce|88\/100\n|-ability|p1b: Dunsparcesparce|Rattled|boost\n|-boost|p1b: Dunsparcesparce|spe|1\n|-supereffective|p1b: Dunsparcesparce\n|-damage|p1b: Dunsparcesparce|85\/100\n|-ability|p1b: Dunsparcesparce|Rattled|boost\n|-boost|p1b: Dunsparcesparce|spe|1\n|-supereffective|p1b: Dunsparcesparce\n|-damage|p1b: Dunsparcesparce|82\/100\n|-ability|p1b: Dunsparcesparce|Rattled|boost\n|-boost|p1b: Dunsparcesparce|spe|1\n|-hitcount|p1b: Dunsparcesparce|6\n|move|p1b: Dunsparcesparce|Boomburst|p2b: No Dream Too Big|[spread] p1a,p2a,p2b\n|-enditem|p1a: Special Sweeper|Focus Sash\n|-damage|p1a: Special Sweeper|1\/100\n|-damage|p2a: Mew|11\/100\n|-damage|p2b: No Dream Too Big|0 fnt\n|faint|p2b: No Dream Too Big\n|move|p2a: Mew|Tailwind|p2a: Mew\n|-sidestart|p2: Relleth|move: Tailwind\n|\n|upkeep\n|\n|t:|1695414499\n|switch|p2b: For You|Tyranitar, F|100\/100\n|-weather|Sandstorm|[from] ability: Sand Stream|[of] p2b: For You\n|turn|2\n|\n|t:|1695414527\n|move|p1b: Dunsparcesparce|Protect|p1b: Dunsparcesparce\n|-singleturn|p1b: Dunsparcesparce|Protect\n|move|p2a: Mew|Electric Terrain|p2a: Mew\n|-fieldstart|move: Electric Terrain\n|move|p1a: Special Sweeper|Thunder Wave|p2b: For You|[miss]\n|-miss|p1a: Special Sweeper|p2b: For You\n|move|p2b: For You|Knock Off|p1b: Dunsparcesparce\n|-activate|p1b: Dunsparcesparce|move: Protect\n|\n|-weather|Sandstorm|[upkeep]\n|-damage|p2a: Mew|5\/100|[from] Sandstorm\n|-damage|p1b: Dunsparcesparce|76\/100|[from] Sandstorm\n|-damage|p1a: Special Sweeper|0 fnt|[from] Sandstorm\n|faint|p1a: Special Sweeper\n|upkeep\n|\n|t:|1695414539\n|switch|p1a: Pachirisun't|Indeedee-F, F|100\/100\n|-fieldstart|move: Psychic Terrain|[from] ability: Psychic Surge|[of] p1a: Pachirisun't\n|turn|3\n|\n|t:|1695414561\n|move|p1a: Pachirisun't|Fake Out|p2b: For You\n|-activate|p2b: For You|move: Psychic Terrain\n|move|p2a: Mew|U-turn|p1a: Pachirisun't\n|-supereffective|p1a: Pachirisun't\n|-crit|p1a: Pachirisun't\n|-damage|p1a: Pachirisun't|37\/100\n|c|\u2606Jolly stranger|My stupidity...\n|c|\u2606Jolly stranger|Is astounding...\n|\n|t:|1695414577\n|switch|p2a: Tiramisu|Tsareena, F, shiny|100\/100|[from] U-turn\n|move|p1b: Dunsparcesparce|Stored Power|p2a: Tiramisu\n|-damage|p2a: Tiramisu|0 fnt\n|faint|p2a: Tiramisu\n|move|p2b: For You|Knock Off|p1b: Dunsparcesparce\n|-supereffective|p1b: Dunsparcesparce\n|-damage|p1b: Dunsparcesparce|0 fnt\n|faint|p1b: Dunsparcesparce\n|-damage|p2b: For You|91\/100|[from] item: Life Orb\n|\n|-weather|Sandstorm|[upkeep]\n|-damage|p1a: Pachirisun't|31\/100|[from] Sandstorm\n|upkeep\n|\n|t:|1695414604\n|switch|p2a: Mew|Mew|5\/100\n|switch|p1b: (He's got a gift)|Gengar, M|100\/100\n|turn|4\n|\n|t:|1695414663\n|move|p2a: Mew|Tailwind||[still]\n|-fail|p2a: Mew\n|move|p1b: (He's got a gift)|Destiny Bond|p1b: (He's got a gift)\n|-singlemove|p1b: (He's got a gift)|Destiny Bond\n|move|p2b: For You|Knock Off|p1b: (He's got a gift)\n|-supereffective|p1b: (He's got a gift)\n|-damage|p1b: (He's got a gift)|0 fnt\n|-enditem|p1b: (He's got a gift)|Custap Berry|[from] move: Knock Off|[of] p2b: For You\n|faint|p1b: (He's got a gift)\n|-activate|p1b: (He's got a gift)|move: Destiny Bond\n|faint|p2b: For You\n|move|p1a: Pachirisun't|Expanding Force|p2a: Mew\n|-resisted|p2a: Mew\n|-crit|p2a: Mew\n|-damage|p2a: Mew|0 fnt\n|faint|p2a: Mew\n|\n|-weather|Sandstorm|[upkeep]\n|-damage|p1a: Pachirisun't|25\/100|[from] Sandstorm\n|-sideend|p2: Relleth|move: Tailwind\n|upkeep\n|\n|t:|1695414681\n|switch|p1b: Befuddled|Arcanine, F|100\/100\n|switch|p2a: Big Papa|Iron Thorns|100\/100\n|switch|p2b: El Rojo Pascado|Chi-Yu|100\/100\n|-ability|p2b: El Rojo Pascado|Beads of Ruin\n|-ability|p1b: Befuddled|Intimidate|boost\n|-unboost|p2a: Big Papa|atk|1\n|-unboost|p2b: El Rojo Pascado|atk|1\n|turn|5\n|\n|t:|1695414708\n|-terastallize|p2a: Big Papa|Rock\n|move|p1a: Pachirisun't|Ally Switch|p1a: Pachirisun't\n|swap|p1a: Pachirisun't|1|[from] move: Ally Switch\n|move|p2b: El Rojo Pascado|Dark Pulse|p1b: Pachirisun't\n|-supereffective|p1b: Pachirisun't\n|-crit|p1b: Pachirisun't\n|-damage|p1b: Pachirisun't|0 fnt\n|faint|p1b: Pachirisun't\n|move|p1a: Befuddled|Close Combat|p2b: El Rojo Pascado\n|-supereffective|p2b: El Rojo Pascado\n|-damage|p2b: El Rojo Pascado|39\/100\n|-unboost|p1a: Befuddled|def|1\n|-unboost|p1a: Befuddled|spd|1\n|move|p2a: Big Papa|Rock Slide|p1a: Befuddled\n|-supereffective|p1a: Befuddled\n|-damage|p1a: Befuddled|0 fnt\n|faint|p1a: Befuddled\n|\n|-weather|Sandstorm|[upkeep]\n|-damage|p2b: El Rojo Pascado|33\/100|[from] Sandstorm\n|-sideend|p2: Relleth|Reflect\n|upkeep\n|\n|t:|1695414716\n|switch|p1b: Spinda|Spinda, M|100\/100\n|turn|6\n|\n|t:|1695414729\n|move|p1b: Spinda|Disable|p2b: El Rojo Pascado\n|-start|p2b: El Rojo Pascado|Disable|Dark Pulse\n|cant|p2b: El Rojo Pascado|Disable|Dark Pulse\n|move|p2a: Big Papa|Rock Slide|p1b: Spinda\n|-damage|p1b: Spinda|0 fnt\n|faint|p1b: Spinda\n|\n|win|Relleth\n|l|\u2606Jolly stranger\n","uploadtime":1695414739,"views":21,"p1id":"jollystranger","p2id":"relleth","formatid":"gen9nationaldexdoubles","rating":0,"private":0,"password":""}