{"id":"gen9nationaldexdoubles-1975037912","p1":"Rasangar","p2":"PAUL TALL","format":"[Gen 9] National Dex Doubles","log":"|j|\u2606Rasangar\n|j|\u2606PAUL TALL\n|t:|1698156994\n|gametype|doubles\n|player|p1|Rasangar|2|1119\n|player|p2|PAUL TALL|swimmerf|1045\n|teamsize|p1|6\n|teamsize|p2|6\n|gen|9\n|tier|[Gen 9] National Dex Doubles\n|rated|\n|rule|HP Percentage Mod: HP is shown in percentages\n|rule|Endless Battle Clause: Forcing endless battles is banned\n|rule|OHKO Clause: OHKO moves are banned\n|rule|Evasion Moves Clause: Evasion moves are banned\n|rule|Evasion Abilities Clause: Evasion abilities are banned\n|rule|Species Clause: Limit one of each Pok\u00e9mon\n|rule|Gravity Sleep Clause: The combination of sleep-inducing moves with imperfect accuracy and Gravity or Gigantamax Orbeetle are banned\n|clearpoke\n|poke|p1|Amoonguss, F|\n|poke|p1|Pelipper, F|\n|poke|p1|Palafin, M|\n|poke|p1|Great Tusk|\n|poke|p1|Gholdengo|\n|poke|p1|Garganacl, M|\n|poke|p2|Indeedee-F, F|\n|poke|p2|Clefairy, M|\n|poke|p2|Tyranitar, F|\n|poke|p2|Azumarill, F|\n|poke|p2|Flutter Mane|\n|poke|p2|Conkeldurr, M|\n|teampreview\n|inactive|Battle timer is ON: inactive players will automatically lose when time's up. (requested by PAUL TALL)\n|inactive|PAUL TALL has 120 seconds left.\n|inactive|PAUL TALL has 90 seconds left.\n|\n|t:|1698157076\n|start\n|switch|p1a: Palafin|Palafin, M, shiny|100\/100\n|switch|p1b: Great Tusk|Great Tusk|100\/100\n|switch|p2a: Indeedee|Indeedee-F, F, shiny|100\/100\n|switch|p2b: Tyranitar|Tyranitar, F|100\/100\n|-fieldstart|move: Psychic Terrain|[from] ability: Psychic Surge|[of] p2a: Indeedee\n|-weather|Sandstorm|[from] ability: Sand Stream|[of] p2b: Tyranitar\n|-enditem|p1b: Great Tusk|Booster Energy\n|-activate|p1b: Great Tusk|ability: Protosynthesis|[fromitem]\n|-start|p1b: Great Tusk|protosynthesisdef\n|turn|1\n|inactive|Rasangar has 120 seconds left.\n|inactive|PAUL TALL has 120 seconds left.\n|inactive|Rasangar has 90 seconds left.\n|\n|t:|1698157148\n|move|p1a: Palafin|Flip Turn|p2b: Tyranitar\n|-supereffective|p2b: Tyranitar\n|-damage|p2b: Tyranitar|42\/100\n|\n|t:|1698157152\n|detailschange|p1a: Palafin|Palafin-Hero, M, shiny\n|switch|p1a: Pelipper|Pelipper, F|100\/100|[from] Flip Turn\n|-weather|RainDance|[from] ability: Drizzle|[of] p1a: Pelipper\n|move|p1b: Great Tusk|Taunt|p2a: Indeedee\n|-start|p2a: Indeedee|move: Taunt\n|-zpower|p2a: Indeedee\n|move|p2a: Indeedee|Shattered Psyche|p1b: Great Tusk|[zeffect]\n|-supereffective|p1b: Great Tusk\n|-damage|p1b: Great Tusk|0 fnt\n|faint|p1b: Great Tusk\n|-end|p1b: Great Tusk|Protosynthesis|[silent]\n|move|p2b: Tyranitar|Curse|p2b: Tyranitar\n|-unboost|p2b: Tyranitar|spe|1\n|-boost|p2b: Tyranitar|atk|1\n|-boost|p2b: Tyranitar|def|1\n|\n|-weather|RainDance|[upkeep]\n|upkeep\n|\n|t:|1698157164\n|switch|p1b: Palafin|Palafin-Hero, M, shiny|100\/100\n|-activate|p1b: Palafin|ability: Zero to Hero\n|turn|2\n|\n|t:|1698157181\n|-terastallize|p1b: Palafin|Water\n|move|p1b: Palafin|Jet Punch|p2b: Tyranitar\n|-activate|p2b: Tyranitar|move: Psychic Terrain\n|move|p2a: Indeedee|Expanding Force|p1a: Pelipper|[spread] p1a,p1b\n|-damage|p1a: Pelipper|10\/100\n|-damage|p1b: Palafin|36\/100\n|move|p1a: Pelipper|Tailwind|p1a: Pelipper\n|-sidestart|p1: Rasangar|move: Tailwind\n|move|p2b: Tyranitar|Dragon Claw|p1a: Pelipper\n|-damage|p1a: Pelipper|0 fnt\n|faint|p1a: Pelipper\n|\n|-weather|RainDance|[upkeep]\n|upkeep\n|\n|t:|1698157193\n|switch|p1a: Amoonguss|Amoonguss, F, shiny|100\/100\n|turn|3\n|\n|t:|1698157203\n|move|p1b: Palafin|Jet Punch|p2b: Tyranitar\n|-activate|p2b: Tyranitar|move: Psychic Terrain\n|move|p1a: Amoonguss|Spore|p2a: Indeedee\n|-status|p2a: Indeedee|slp|[from] move: Spore\n|cant|p2a: Indeedee|slp\n|move|p2b: Tyranitar|Dragon Claw|p1b: Palafin\n|-damage|p1b: Palafin|0 fnt\n|faint|p1b: Palafin\n|\n|-weather|RainDance|[upkeep]\n|-end|p2a: Indeedee|move: Taunt\n|upkeep\n|inactive|Rasangar has 120 seconds left.\n|\n|t:|1698157213\n|switch|p1b: Gholdengo|Gholdengo|100\/100\n|turn|4\n|\n|t:|1698157222\n|move|p1b: Gholdengo|Nasty Plot|p1b: Gholdengo\n|-boost|p1b: Gholdengo|spa|2\n|move|p1a: Amoonguss|Spore|p2b: Tyranitar\n|-status|p2b: Tyranitar|slp|[from] move: Spore\n|cant|p2b: Tyranitar|slp\n|cant|p2a: Indeedee|slp\n|\n|-weather|RainDance|[upkeep]\n|upkeep\n|turn|5\n|\n|t:|1698157233\n|move|p1b: Gholdengo|Nasty Plot|p1b: Gholdengo\n|-boost|p1b: Gholdengo|spa|2\n|move|p1a: Amoonguss|Spore|p2a: Indeedee\n|-fail|p2a: Indeedee|slp\n|cant|p2b: Tyranitar|slp\n|cant|p2a: Indeedee|slp\n|\n|-weather|RainDance|[upkeep]\n|-sideend|p1: Rasangar|move: Tailwind\n|-fieldend|move: Psychic Terrain\n|upkeep\n|turn|6\n|\n|t:|1698157245\n|move|p1b: Gholdengo|Nasty Plot|p1b: Gholdengo\n|-boost|p1b: Gholdengo|spa|2\n|move|p1a: Amoonguss|Giga Drain|p2b: Tyranitar\n|-supereffective|p2b: Tyranitar\n|-damage|p2b: Tyranitar|5\/100 slp\n|-enditem|p2b: Tyranitar|Aguav Berry|[eat]\n|-heal|p2b: Tyranitar|38\/100 slp|[from] item: Aguav Berry\n|cant|p2b: Tyranitar|slp\n|-curestatus|p2a: Indeedee|slp|[msg]\n|move|p2a: Indeedee|Trick Room|p2a: Indeedee\n|-fieldstart|move: Trick Room|[of] p2a: Indeedee\n|\n|-weather|RainDance|[upkeep]\n|upkeep\n|turn|7\n|\n|t:|1698157270\n|-curestatus|p2b: Tyranitar|slp|[msg]\n|move|p2b: Tyranitar|Earthquake|p1b: Gholdengo|[spread] p2a,p1a,p1b\n|-supereffective|p1b: Gholdengo\n|-damage|p2a: Indeedee|40\/100\n|-damage|p1a: Amoonguss|61\/100\n|-damage|p1b: Gholdengo|26\/100\n|move|p1a: Amoonguss|Spore|p2a: Indeedee\n|-status|p2a: Indeedee|slp|[from] move: Spore\n|cant|p2a: Indeedee|slp\n|move|p1b: Gholdengo|Make It Rain|p2a: Indeedee|[spread] p2a,p2b\n|-supereffective|p2b: Tyranitar\n|-damage|p2a: Indeedee|0 fnt\n|-damage|p2b: Tyranitar|0 fnt\n|-unboost|p1b: Gholdengo|spa|1\n|faint|p2a: Indeedee\n|faint|p2b: Tyranitar\n|\n|-weather|RainDance|[upkeep]\n|upkeep\n|inactive|PAUL TALL has 120 seconds left.\n|c|\u2606PAUL TALL|bruh you fuc.king suck\n|n|\u203dPAUL TALL|paultall\n|c|&|\/log PAUL TALL was locked from talking by Artemis. (\u2606PAUL TALL: bruh you fuc.king suck)\n|c|&|\/raw <small>This action was done automatically. Want to learn more about the AI? <a href=\"https:\/\/www.smogon.com\/forums\/threads\/3570628\/#post-9056769\">Visit the information thread<\/a>.<\/small>\n|\n|t:|1698157295\n|switch|p2b: Azumarill|Azumarill, F|100\/100\n|switch|p2a: Conkeldurr|Conkeldurr, M|100\/100\n|turn|8\n|\n|t:|1698157311\n|move|p2a: Conkeldurr|Wide Guard|p2a: Conkeldurr\n|-singleturn|p2a: Conkeldurr|Wide Guard\n|move|p1a: Amoonguss|Spore|p2a: Conkeldurr\n|-status|p2a: Conkeldurr|slp|[from] move: Spore\n|move|p2b: Azumarill|Belly Drum|p2b: Azumarill\n|-damage|p2b: Azumarill|50\/100\n|-setboost|p2b: Azumarill|atk|6|[from] move: Belly Drum\n|move|p1b: Gholdengo|Make It Rain|p2a: Conkeldurr|[spread] \n|-activate|p2a: Conkeldurr|move: Wide Guard\n|-activate|p2b: Azumarill|move: Wide Guard\n|\n|-weather|none\n|upkeep\n|turn|9\n|\n|t:|1698157337\n|move|p1b: Gholdengo|Protect|p1b: Gholdengo\n|-singleturn|p1b: Gholdengo|Protect\n|move|p2b: Azumarill|Aqua Jet|p1b: Gholdengo\n|-activate|p1b: Gholdengo|move: Protect\n|move|p1a: Amoonguss|Spore|p2b: Azumarill\n|-status|p2b: Azumarill|slp|[from] move: Spore\n|cant|p2a: Conkeldurr|slp\n|\n|upkeep\n|turn|10\n|\n|t:|1698157352\n|cant|p2a: Conkeldurr|slp\n|cant|p2b: Azumarill|slp\n|move|p1a: Amoonguss|Giga Drain|p2b: Azumarill\n|-supereffective|p2b: Azumarill\n|-damage|p2b: Azumarill|7\/100 slp\n|-heal|p1a: Amoonguss|85\/100|[from] drain|[of] p2b: Azumarill\n|move|p1b: Gholdengo|Recover|p1b: Gholdengo\n|-heal|p1b: Gholdengo|76\/100\n|\n|-fieldend|move: Trick Room\n|upkeep\n|turn|11\n|\n|t:|1698157369\n|cant|p2b: Azumarill|slp\n|move|p1b: Gholdengo|Make It Rain|p2a: Conkeldurr|[spread] p2a,p2b\n|-damage|p2a: Conkeldurr|0 fnt\n|-damage|p2b: Azumarill|0 fnt\n|-unboost|p1b: Gholdengo|spa|1\n|faint|p2a: Conkeldurr\n|faint|p2b: Azumarill\n|move|p1a: Amoonguss|Giga Drain|p2: Conkeldurr|[notarget]\n|-fail|p1a: Amoonguss\n|\n|upkeep\n|\n|t:|1698157382\n|switch|p2b: Clefairy|Clefairy, M|100\/100\n|switch|p2a: Flutter Mane|Flutter Mane|100\/100\n|turn|12\n|\n|t:|1698157404\n|move|p1b: Gholdengo|Protect|p1b: Gholdengo\n|-singleturn|p1b: Gholdengo|Protect\n|move|p2b: Clefairy|Follow Me|p2b: Clefairy\n|-singleturn|p2b: Clefairy|move: Follow Me\n|move|p2a: Flutter Mane|Dark Pulse|p1a: Amoonguss\n|-damage|p1a: Amoonguss|56\/100\n|-damage|p2a: Flutter Mane|91\/100|[from] item: Life Orb\n|move|p1a: Amoonguss|Spore|p2b: Clefairy\n|-status|p2b: Clefairy|slp|[from] move: Spore\n|\n|upkeep\n|turn|13\n|\n|t:|1698157426\n|move|p1b: Gholdengo|Protect|p1b: Gholdengo\n|-singleturn|p1b: Gholdengo|Protect\n|cant|p2b: Clefairy|slp\n|move|p2a: Flutter Mane|Dark Pulse|p1a: Amoonguss\n|-damage|p1a: Amoonguss|26\/100\n|-damage|p2a: Flutter Mane|81\/100|[from] item: Life Orb\n|move|p1a: Amoonguss|Spore|p2a: Flutter Mane\n|-status|p2a: Flutter Mane|slp|[from] move: Spore\n|\n|upkeep\n|turn|14\n|\n|t:|1698157444\n|-curestatus|p2b: Clefairy|slp|[msg]\n|move|p2b: Clefairy|Follow Me|p2b: Clefairy\n|-singleturn|p2b: Clefairy|move: Follow Me\n|cant|p2a: Flutter Mane|slp\n|move|p1b: Gholdengo|Make It Rain|p2b: Clefairy|[spread] p2a,p2b\n|-supereffective|p2a: Flutter Mane\n|-supereffective|p2b: Clefairy\n|-damage|p2a: Flutter Mane|0 fnt\n|-damage|p2b: Clefairy|0 fnt\n|-unboost|p1b: Gholdengo|spa|1\n|faint|p2a: Flutter Mane\n|-end|p2a: Flutter Mane|Protosynthesis|[silent]\n|faint|p2b: Clefairy\n|\n|win|Rasangar\n|raw|Rasangar's rating: 1129 &rarr; <strong>1148<\/strong><br \/>(+19 for winning)\n|raw|PAUL TALL's rating: 1045 &rarr; <strong>1032<\/strong><br \/>(-13 for losing)\n","uploadtime":1698157287,"views":8,"p1id":"rasangar","p2id":"paultall","formatid":"gen9nationaldexdoubles","rating":1032,"private":0,"password":""}