{"id":"gen9nationaldexdoubles-1970089033","p1":"snowgust","p2":"TheInfiniteThunder","format":"[Gen 9] National Dex Doubles","log":"|j|\u2606snowgust\n|j|\u2606TheInfiniteThunder\n|t:|1697593015\n|gametype|doubles\n|player|p1|snowgust|265|1123\n|player|p2|TheInfiniteThunder|flint|1123\n|teamsize|p1|6\n|teamsize|p2|6\n|gen|9\n|tier|[Gen 9] National Dex Doubles\n|rated|\n|rule|HP Percentage Mod: HP is shown in percentages\n|rule|Endless Battle Clause: Forcing endless battles is banned\n|rule|OHKO Clause: OHKO moves are banned\n|rule|Evasion Moves Clause: Evasion moves are banned\n|rule|Evasion Abilities Clause: Evasion abilities are banned\n|rule|Species Clause: Limit one of each Pok\u00e9mon\n|rule|Gravity Sleep Clause: The combination of sleep-inducing moves with imperfect accuracy and Gravity or Gigantamax Orbeetle are banned\n|clearpoke\n|poke|p1|Dunsparce, M|\n|poke|p1|Dudunsparce-*, M|\n|poke|p1|Roaring Moon|\n|poke|p1|Sableye, F|\n|poke|p1|Blissey, F|\n|poke|p1|Dragonite, F|\n|poke|p2|Torterra, M|\n|poke|p2|Azumarill, M|\n|poke|p2|Uxie|\n|poke|p2|Ogerpon-Cornerstone, F|\n|poke|p2|Infernape, M|\n|poke|p2|Glimmora, F|\n|teampreview\n|\n|t:|1697593030\n|start\n|switch|p1a: Dunsparce|Dunsparce, M|100\/100\n|switch|p1b: Sableye|Sableye, F|100\/100\n|switch|p2a: Power-Up|Azumarill, M|100\/100\n|switch|p2b: Time to Switch|Uxie|100\/100\n|turn|1\n|c|\u2606TheInfiniteThunder|I was expectingbon dun duns to come out\n|c|\u2606TheInfiniteThunder|Both*\n|\n|t:|1697593064\n|move|p1b: Sableye|Gravity|p1b: Sableye\n|-fieldstart|move: Gravity\n|move|p1a: Dunsparce|Rock Slide|p2a: Power-Up|[spread] p2a,p2b\n|-damage|p2a: Power-Up|88\/100\n|-damage|p2b: Time to Switch|91\/100\n|cant|p2b: Time to Switch|flinch\n|cant|p2a: Power-Up|flinch\n|\n|-heal|p2b: Time to Switch|97\/100|[from] item: Leftovers\n|upkeep\n|turn|2\n|\n|t:|1697593080\n|move|p1b: Sableye|Thunder Wave|p2a: Power-Up\n|-status|p2a: Power-Up|par\n|move|p1a: Dunsparce|Rock Slide|p2b: Time to Switch|[spread] p2a,p2b\n|-damage|p2a: Power-Up|74\/100 par\n|-damage|p2b: Time to Switch|88\/100\n|cant|p2b: Time to Switch|flinch\n|cant|p2a: Power-Up|flinch\n|\n|-heal|p2b: Time to Switch|94\/100|[from] item: Leftovers\n|upkeep\n|turn|3\n|\n|t:|1697593096\n|move|p1b: Sableye|Thunder Wave|p2b: Time to Switch\n|-status|p2b: Time to Switch|par\n|move|p1a: Dunsparce|Rock Slide|p2a: Power-Up|[spread] p2a,p2b\n|-crit|p2a: Power-Up\n|-damage|p2a: Power-Up|54\/100 par\n|-damage|p2b: Time to Switch|85\/100 par\n|cant|p2b: Time to Switch|flinch\n|cant|p2a: Power-Up|flinch\n|\n|-heal|p2b: Time to Switch|91\/100 par|[from] item: Leftovers\n|upkeep\n|turn|4\n|\n|t:|1697593112\n|switch|p1b: Roaring Moon|Roaring Moon|100\/100\n|-enditem|p1b: Roaring Moon|Booster Energy\n|-activate|p1b: Roaring Moon|ability: Protosynthesis|[fromitem]\n|-start|p1b: Roaring Moon|protosynthesisatk\n|move|p1a: Dunsparce|Rock Slide|p2a: Power-Up|[spread] p2a,p2b\n|-damage|p2a: Power-Up|40\/100 par\n|-damage|p2b: Time to Switch|81\/100 par\n|cant|p2b: Time to Switch|flinch\n|cant|p2a: Power-Up|flinch\n|\n|-heal|p2b: Time to Switch|87\/100 par|[from] item: Leftovers\n|upkeep\n|turn|5\n|\n|t:|1697593133\n|move|p1b: Roaring Moon|Dragon Dance|p1b: Roaring Moon\n|-boost|p1b: Roaring Moon|atk|1\n|-boost|p1b: Roaring Moon|spe|1\n|move|p1a: Dunsparce|Rock Slide|p2b: Time to Switch|[spread] p2a,p2b\n|-damage|p2a: Power-Up|26\/100 par\n|-damage|p2b: Time to Switch|76\/100 par\n|cant|p2b: Time to Switch|flinch\n|cant|p2a: Power-Up|flinch\n|\n|-heal|p2b: Time to Switch|82\/100 par|[from] item: Leftovers\n|-fieldend|move: Gravity\n|upkeep\n|turn|6\n|\n|t:|1697593152\n|move|p1b: Roaring Moon|Rock Slide|p2a: Power-Up|[spread] p2a,p2b\n|-damage|p2a: Power-Up|0 fnt\n|-damage|p2b: Time to Switch|46\/100 par\n|faint|p2a: Power-Up\n|move|p1a: Dunsparce|Rock Slide|p2b: Time to Switch\n|-damage|p2b: Time to Switch|32\/100 par\n|cant|p2b: Time to Switch|par\n|\n|-heal|p2b: Time to Switch|38\/100 par|[from] item: Leftovers\n|upkeep\n|\n|t:|1697593167\n|switch|p2a: Ba-lasta|Infernape, M|100\/100\n|turn|7\n|\n|t:|1697593183\n|move|p2b: Time to Switch|Protect|p2b: Time to Switch\n|-singleturn|p2b: Time to Switch|Protect\n|move|p1b: Roaring Moon|Tailwind|p1b: Roaring Moon\n|-sidestart|p1: snowgust|move: Tailwind\n|move|p1a: Dunsparce|Rock Slide|p2b: Time to Switch|[spread] p2a\n|-activate|p2b: Time to Switch|move: Protect\n|-damage|p2a: Ba-lasta|82\/100\n|cant|p2a: Ba-lasta|flinch\n|\n|-heal|p2b: Time to Switch|45\/100 par|[from] item: Leftovers\n|upkeep\n|turn|8\n|\n|t:|1697593201\n|move|p1b: Roaring Moon|Knock Off|p2a: Ba-lasta\n|-resisted|p2a: Ba-lasta\n|-damage|p2a: Ba-lasta|0 fnt\n|-enditem|p2a: Ba-lasta|Weakness Policy|[from] move: Knock Off|[of] p1b: Roaring Moon\n|faint|p2a: Ba-lasta\n|move|p1a: Dunsparce|Rock Slide|p2b: Time to Switch\n|-damage|p2b: Time to Switch|32\/100 par\n|cant|p2b: Time to Switch|flinch\n|\n|-heal|p2b: Time to Switch|38\/100 par|[from] item: Leftovers\n|upkeep\n|\n|t:|1697593208\n|switch|p2a: Spins|Glimmora, F|100\/100\n|-item|p2a: Spins|Air Balloon\n|turn|9\n|c|\u2606snowgust|Poor mespit\n|\n|t:|1697593236\n|move|p2b: Time to Switch|Protect|p2b: Time to Switch\n|-singleturn|p2b: Time to Switch|Protect\n|move|p1b: Roaring Moon|Rock Slide|p2b: Time to Switch|[spread] p2a\n|-activate|p2b: Time to Switch|move: Protect\n|-damage|p2a: Spins|56\/100\n|-activate|p2a: Spins|ability: Toxic Debris\n|-sidestart|p1: snowgust|move: Toxic Spikes\n|-enditem|p2a: Spins|Air Balloon\n|move|p1a: Dunsparce|Rock Slide|p2a: Spins|[spread] p2a\n|-activate|p2b: Time to Switch|move: Protect\n|-damage|p2a: Spins|43\/100\n|-activate|p2a: Spins|ability: Toxic Debris\n|-sidestart|p1: snowgust|move: Toxic Spikes\n|cant|p2a: Spins|flinch\n|\n|-heal|p2b: Time to Switch|44\/100 par|[from] item: Leftovers\n|upkeep\n|turn|10\n|c|\u2606TheInfiniteThunder|...What Mesprit?\n|c|\u2606TheInfiniteThunder|Thats Uxie\n|\n|t:|1697593265\n|move|p1b: Roaring Moon|Rock Slide|p2b: Time to Switch|[spread] p2a,p2b\n|-crit|p2a: Spins\n|-damage|p2a: Spins|0 fnt\n|-damage|p2b: Time to Switch|12\/100 par\n|faint|p2a: Spins\n|move|p1a: Dunsparce|Rock Slide|p2b: Time to Switch\n|-damage|p2b: Time to Switch|0 fnt\n|faint|p2b: Time to Switch\n|\n|-sideend|p1: snowgust|move: Tailwind\n|upkeep\n|\n|t:|1697593273\n|switch|p2a: Branch|Torterra, M|100\/100\n|switch|p2b: Bon Pon|Ogerpon-Cornerstone, F|100\/100\n|turn|11\n|c|\u2606snowgust|That one lol\n|\n|t:|1697593298\n|move|p1b: Roaring Moon|Tailwind|p1b: Roaring Moon\n|-sidestart|p1: snowgust|move: Tailwind\n|move|p1a: Dunsparce|Rock Slide|p2b: Bon Pon|[spread] p2a,p2b\n|-resisted|p2a: Branch\n|-damage|p2a: Branch|94\/100\n|-damage|p2b: Bon Pon|83\/100\n|cant|p2b: Bon Pon|flinch\n|cant|p2a: Branch|flinch\n|\n|upkeep\n|turn|12\n|c|\u2606TheInfiniteThunder|!dt Rock Slide\n|raw|<ul class=\"utilichart\"><li class=\"result\"><span class=\"col movenamecol\"><a href=\"https:\/\/dex.pokemonshowdown.com\/moves\/rockslide\">Rock Slide<\/a><\/span> <span class=\"col typecol\"><img src=\"\/\/play.pokemonshowdown.com\/sprites\/types\/Rock.png\" alt=\"Rock\" width=\"32\" height=\"14\"><img src=\"\/\/play.pokemonshowdown.com\/sprites\/categories\/Physical.png\" alt=\"Physical\" width=\"32\" height=\"14\"><\/span> <span class=\"col labelcol\"><em>Power<\/em><br>75<\/span> <span class=\"col widelabelcol\"><em>Accuracy<\/em><br>90%<\/span> <span class=\"col pplabelcol\"><em>PP<\/em><br>16<\/span> <span class=\"col movedesccol\">30% chance to make the foe(s) flinch.<\/span> <\/li><li style=\"clear:both\"><\/li><\/ul>\n|raw|<font size=\"1\"><font color=\"#686868\">Priority:<\/font> 0&nbsp;|&ThickSpace;<font color=\"#686868\">Gen:<\/font> 1&nbsp;|&ThickSpace;&#10003; Boosted by Sheer Force&nbsp;|&ThickSpace;<font color=\"#686868\">Z-Power:<\/font> 140&nbsp;|&ThickSpace;<font color=\"#686868\">Dynamax Power:<\/font> 130&nbsp;|&ThickSpace;<font color=\"#686868\">Target:<\/font> All Adjacent Opponents<\/font>\n\n|\n|t:|1697593333\n|move|p1b: Roaring Moon|Rock Slide|p2b: Bon Pon|[spread] p2a,p2b\n|-resisted|p2a: Branch\n|-damage|p2a: Branch|71\/100\n|-damage|p2b: Bon Pon|26\/100\n|move|p1a: Dunsparce|Rock Slide|p2a: Branch|[spread] p2a,p2b\n|-resisted|p2a: Branch\n|-damage|p2a: Branch|65\/100\n|-damage|p2b: Bon Pon|10\/100\n|move|p2b: Bon Pon|Knock Off|p1a: Dunsparce\n|-damage|p1a: Dunsparce|51\/100\n|-enditem|p1a: Dunsparce|Choice Scarf|[from] move: Knock Off|[of] p2b: Bon Pon\n|move|p2a: Branch|Shell Smash|p2a: Branch\n|-unboost|p2a: Branch|def|1\n|-unboost|p2a: Branch|spd|1\n|-boost|p2a: Branch|atk|2\n|-boost|p2a: Branch|spa|2\n|-boost|p2a: Branch|spe|2\n|\n|upkeep\n|turn|13\n|c|\u2606TheInfiniteThunder|FINALLY\n|c|\u2606snowgust|Dun has serene grace\n|c|\u2606TheInfiniteThunder|I realized\n|\n|t:|1697593391\n|move|p1b: Roaring Moon|Knock Off|p2a: Branch\n|-damage|p2a: Branch|0 fnt\n|-enditem|p2a: Branch|Focus Sash|[from] move: Knock Off|[of] p1b: Roaring Moon\n|faint|p2a: Branch\n|move|p1a: Dunsparce|Rock Slide|p2b: Bon Pon|[miss]\n|-miss|p1a: Dunsparce|p2b: Bon Pon\n|move|p2b: Bon Pon|Ivy Cudgel|p1a: Dunsparce\n|-damage|p1a: Dunsparce|0 fnt\n|faint|p1a: Dunsparce\n|\n|upkeep\n|c|\u2606snowgust|:(\n|\n|t:|1697593411\n|switch|p1a: Dudunsparce|Dudunsparce, M|100\/100\n|-status|p1a: Dudunsparce|tox\n|turn|14\n|\n|t:|1697593418\n|-terastallize|p2b: Bon Pon|Rock\n|detailschange|p2b: Bon Pon|Ogerpon-Cornerstone-Tera, F, tera:Rock\n|-ability|p2b: Bon Pon|Embody Aspect (Cornerstone)|boost\n|-boost|p2b: Bon Pon|def|1\n|move|p2b: Bon Pon|Spiky Shield|p2b: Bon Pon\n|-singleturn|p2b: Bon Pon|move: Protect\n|move|p1b: Roaring Moon|Knock Off|p2b: Bon Pon\n|-activate|p2b: Bon Pon|move: Protect\n|-damage|p1b: Roaring Moon|88\/100|[from] Spiky Shield|[of] p2b: Bon Pon\n|move|p1a: Dudunsparce|Rock Slide|p2b: Bon Pon\n|-activate|p2b: Bon Pon|move: Protect\n|\n|-damage|p1a: Dudunsparce|94\/100 tox|[from] psn\n|-sideend|p1: snowgust|move: Tailwind\n|upkeep\n|turn|15\n|c|\u2606snowgust|Dun Dun shall avenge him\n|\n|t:|1697593452\n|move|p1b: Roaring Moon|Tailwind|p1b: Roaring Moon\n|-sidestart|p1: snowgust|move: Tailwind\n|move|p1a: Dudunsparce|Rock Slide|p2b: Bon Pon\n|-damage|p2b: Bon Pon|0 fnt\n|faint|p2b: Bon Pon\n|\n|win|snowgust\n|raw|snowgust's rating: 1123 &rarr; <strong>1148<\/strong><br \/>(+25 for winning)\n|raw|TheInfiniteThunder's rating: 1123 &rarr; <strong>1098<\/strong><br \/>(-25 for losing)\n|l|\u2606TheInfiniteThunder\n","uploadtime":1697593481,"views":9,"p1id":"snowgust","p2id":"theinfinitethunder","formatid":"gen9nationaldexdoubles","rating":1098,"private":0,"password":""}