{"id":"gen9nationaldexdoubles-1958562901","p1":"Nickalip","p2":"Pablopinto12","format":"[Gen 9] National Dex Doubles","log":"|j|\u2606Nickalip\n|j|\u2606Pablopinto12\n|t:|1696341198\n|gametype|doubles\n|player|p1|Nickalip|steven|\n|player|p2|Pablopinto12|ethan|\n|teamsize|p1|6\n|teamsize|p2|6\n|gen|9\n|tier|[Gen 9] National Dex Doubles\n|rule|HP Percentage Mod: HP is shown in percentages\n|rule|Endless Battle Clause: Forcing endless battles is banned\n|rule|OHKO Clause: OHKO moves are banned\n|rule|Evasion Moves Clause: Evasion moves are banned\n|rule|Evasion Abilities Clause: Evasion abilities are banned\n|rule|Species Clause: Limit one of each Pok\u00e9mon\n|rule|Gravity Sleep Clause: The combination of sleep-inducing moves with imperfect accuracy and Gravity or Gigantamax Orbeetle are banned\n|clearpoke\n|poke|p1|Iron Valiant|\n|poke|p1|Scizor, M|\n|poke|p1|Serperior, F|\n|poke|p1|Ceruledge, M|\n|poke|p1|Swampert, M|\n|poke|p1|Gardevoir, F|\n|poke|p2|Cinderace, M|\n|poke|p2|Toxapex, F|\n|poke|p2|Dondozo, M|\n|poke|p2|Maushold-Four|\n|poke|p2|Torkoal, F|\n|poke|p2|Goodra-Hisui, F|\n|teampreview\n|inactive|Battle timer is ON: inactive players will automatically lose when time's up. (requested by Pablopinto12)\n|\n|t:|1696341215\n|start\n|switch|p1a: Rana Qliaa|Swampert, M|100\/100\n|switch|p1b: Snake|Serperior, F, shiny|100\/100\n|switch|p2a: Darlin|Torkoal, F, shiny|100\/100\n|switch|p2b: Angelo|Goodra-Hisui, F|100\/100\n|-weather|SunnyDay|[from] ability: Drought|[of] p2a: Darlin\n|turn|1\n|\n|t:|1696341243\n|switch|p2b: Pablo|Dondozo, M, shiny|100\/100\n|move|p1b: Snake|Leaf Storm|p2a: Darlin\n|-resisted|p2a: Darlin\n|-damage|p2a: Darlin|70\/100\n|-boost|p1b: Snake|spa|2\n|move|p1a: Rana Qliaa|Earthquake|p2a: Darlin|[spread] p1b,p2a,p2b\n|-resisted|p1b: Snake\n|-supereffective|p2a: Darlin\n|-damage|p1b: Snake|84\/100\n|-damage|p2a: Darlin|35\/100\n|-damage|p2b: Pablo|84\/100\n|move|p2a: Darlin|Eruption|p1a: Rana Qliaa|[spread] p1a,p1b\n|-resisted|p1a: Rana Qliaa\n|-supereffective|p1b: Snake\n|-damage|p1a: Rana Qliaa|95\/100\n|-damage|p1b: Snake|38\/100\n|\n|-weather|SunnyDay|[upkeep]\n|-heal|p1b: Snake|44\/100|[from] item: Leftovers\n|-heal|p2b: Pablo|90\/100|[from] item: Leftovers\n|-heal|p2a: Darlin|41\/100|[from] item: Leftovers\n|upkeep\n|turn|2\n|inactive|Pablopinto12 has 270 seconds left.\n|\n|t:|1696341277\n|switch|p2a: Marcela|Toxapex, F, shiny|100\/100\n|move|p1b: Snake|Leaf Storm|p2a: Marcela\n|-crit|p2a: Marcela\n|-damage|p2a: Marcela|0 fnt\n|-boost|p1b: Snake|spa|2\n|faint|p2a: Marcela\n|move|p1a: Rana Qliaa|Stone Edge|p2b: Pablo\n|-damage|p2b: Pablo|75\/100\n|move|p2b: Pablo|Wave Crash|p1a: Rana Qliaa\n|-damage|p1a: Rana Qliaa|72\/100\n|-damage|p2b: Pablo|70\/100|[from] Recoil\n|\n|-weather|SunnyDay|[upkeep]\n|-heal|p1b: Snake|50\/100|[from] item: Leftovers\n|-heal|p2b: Pablo|76\/100|[from] item: Leftovers\n|upkeep\n|inactive|Pablopinto12 has 270 seconds left.\n|\n|t:|1696341299\n|switch|p2a: Miguelitos|Maushold-Four|100\/100\n|turn|3\n|inactive|Pablopinto12 has 270 seconds left.\n|\n|t:|1696341310\n|move|p1b: Snake|Giga Drain|p2a: Miguelitos\n|-damage|p2a: Miguelitos|0 fnt\n|-heal|p1b: Snake|99\/100|[from] drain|[of] p2a: Miguelitos\n|faint|p2a: Miguelitos\n|move|p1a: Rana Qliaa|Sludge Wave|p2b: Pablo|[spread] p1b,p2b\n|-supereffective|p1b: Snake\n|-damage|p1b: Snake|60\/100\n|-damage|p2b: Pablo|62\/100\n|-status|p2b: Pablo|psn\n|move|p2b: Pablo|Wave Crash|p1a: Rana Qliaa\n|-damage|p1a: Rana Qliaa|52\/100\n|-damage|p2b: Pablo|58\/100 psn|[from] Recoil\n|\n|-weather|SunnyDay|[upkeep]\n|-heal|p1b: Snake|66\/100|[from] item: Leftovers\n|-heal|p2b: Pablo|64\/100 psn|[from] item: Leftovers\n|-damage|p2b: Pablo|51\/100 psn|[from] psn\n|upkeep\n|inactive|Pablopinto12 has 270 seconds left.\n|\n|t:|1696341332\n|switch|p2a: Angelo|Goodra-Hisui, F|100\/100\n|turn|4\n|\n|t:|1696341340\n|move|p1b: Snake|Leaf Storm|p2b: Pablo\n|-supereffective|p2b: Pablo\n|-damage|p2b: Pablo|0 fnt\n|-boost|p1b: Snake|spa|2\n|faint|p2b: Pablo\n|move|p2a: Angelo|Flamethrower|p1b: Snake\n|-supereffective|p1b: Snake\n|-damage|p1b: Snake|0 fnt\n|faint|p1b: Snake\n|move|p1a: Rana Qliaa|Earthquake|p2a: Angelo\n|-supereffective|p2a: Angelo\n|-damage|p2a: Angelo|34\/100\n|\n|-weather|SunnyDay|[upkeep]\n|upkeep\n|\n|t:|1696341368\n|switch|p1b: K\u0101v|Ceruledge, M|100\/100\n|switch|p2b: Jos\u00e9|Cinderace, M, shiny|100\/100\n|turn|5\n|\n|t:|1696341382\n|move|p2b: Jos\u00e9|Sucker Punch|p1b: K\u0101v\n|-start|p2b: Jos\u00e9|typechange|Dark|[from] ability: Libero\n|-supereffective|p1b: K\u0101v\n|-damage|p1b: K\u0101v|0 fnt\n|faint|p1b: K\u0101v\n|move|p2a: Angelo|Hidden Power|p1a: Rana Qliaa\n|-supereffective|p1a: Rana Qliaa\n|-damage|p1a: Rana Qliaa|12\/100\n|move|p1a: Rana Qliaa|Earthquake|p2b: Jos\u00e9|[spread] p2a,p2b\n|-supereffective|p2a: Angelo\n|-damage|p2a: Angelo|0 fnt\n|-damage|p2b: Jos\u00e9|59\/100\n|faint|p2a: Angelo\n|\n|-weather|none\n|upkeep\n|\n|t:|1696341399\n|switch|p1b: Iron Valiant|Iron Valiant, shiny|100\/100\n|switch|p2a: Darlin|Torkoal, F, shiny|41\/100\n|-weather|SunnyDay|[from] ability: Drought|[of] p2a: Darlin\n|-enditem|p1b: Iron Valiant|Booster Energy\n|-activate|p1b: Iron Valiant|ability: Quark Drive|[fromitem]\n|-start|p1b: Iron Valiant|quarkdrivespe\n|turn|6\n|inactive|Pablopinto12 has 270 seconds left.\n|\n|t:|1696341438\n|-terastallize|p2b: Jos\u00e9|Fire\n|move|p1b: Iron Valiant|Drain Punch|p2b: Jos\u00e9\n|-damage|p2b: Jos\u00e9|0 fnt\n|faint|p2b: Jos\u00e9\n|move|p1a: Rana Qliaa|Surf|p2a: Darlin|[spread] p1b,p2a\n|-supereffective|p2a: Darlin\n|-damage|p1b: Iron Valiant|83\/100\n|-damage|p2a: Darlin|12\/100\n|move|p2a: Darlin|Eruption|p1b: Iron Valiant|[spread] p1a,p1b\n|-resisted|p1a: Rana Qliaa\n|-damage|p1a: Rana Qliaa|10\/100\n|-damage|p1b: Iron Valiant|72\/100\n|\n|-weather|SunnyDay|[upkeep]\n|-heal|p2a: Darlin|19\/100|[from] item: Leftovers\n|upkeep\n|turn|7\n|\n|t:|1696341460\n|move|p1b: Iron Valiant|Ice Punch|p2a: Darlin\n|-resisted|p2a: Darlin\n|-damage|p2a: Darlin|11\/100\n|move|p1a: Rana Qliaa|Sludge Wave|p2a: Darlin|[spread] p1b,p2a\n|-supereffective|p1b: Iron Valiant\n|-crit|p2a: Darlin\n|-damage|p1b: Iron Valiant|20\/100\n|-damage|p2a: Darlin|0 fnt\n|-status|p1b: Iron Valiant|psn\n|faint|p2a: Darlin\n|\n|win|Nickalip\n","uploadtime":1696341471,"views":9,"p1id":"nickalip","p2id":"pablopinto12","formatid":"gen9nationaldexdoubles","rating":0,"private":0,"password":""}