{"id":"gen9nationaldexdoubles-1995513295","p1":"LegendVGC","p2":"jky666","format":"[Gen 9] National Dex Doubles","log":"|j|\u2606LegendVGC\n|j|\u2606jky666\n|t:|1700578693\n|gametype|doubles\n|player|p1|LegendVGC|2|1151\n|player|p2|jky666|170|1219\n|teamsize|p1|6\n|teamsize|p2|6\n|gen|9\n|tier|[Gen 9] National Dex Doubles\n|rated|\n|rule|HP Percentage Mod: HP is shown in percentages\n|rule|Endless Battle Clause: Forcing endless battles is banned\n|rule|OHKO Clause: OHKO moves are banned\n|rule|Evasion Moves Clause: Evasion moves are banned\n|rule|Evasion Abilities Clause: Evasion abilities are banned\n|rule|Species Clause: Limit one of each Pok\u00e9mon\n|rule|Gravity Sleep Clause: The combination of sleep-inducing moves with imperfect accuracy and Gravity or Gigantamax Orbeetle are banned\n|clearpoke\n|poke|p1|Regigigas|\n|poke|p1|Tapu Fini|\n|poke|p1|Grafaiai, M|\n|poke|p1|Metagross|\n|poke|p1|Chi-Yu|\n|poke|p1|Iron Hands|\n|poke|p2|Cresselia, F|\n|poke|p2|Mawile, F|\n|poke|p2|Ursaluna, F|\n|poke|p2|Torkoal, F|\n|poke|p2|Hatterene, F|\n|poke|p2|Porygon2|\n|teampreview\n|inactive|Battle timer is ON: inactive players will automatically lose when time's up. (requested by jky666)\n|\n|t:|1700578708\n|start\n|switch|p1a: Regigigas|Regigigas|100\/100\n|switch|p1b: Grafaiai|Grafaiai, M|100\/100\n|switch|p2a: Hatterene|Hatterene, F|100\/100\n|switch|p2b: Torkoal|Torkoal, F|100\/100\n|-item|p1b: Grafaiai|Air Balloon\n|-start|p1a: Regigigas|ability: Slow Start\n|-weather|SunnyDay|[from] ability: Drought|[of] p2b: Torkoal\n|turn|1\n|c|\u2606LegendVGC|I wonder if this works\n|inactive|LegendVGC has 120 seconds left.\n|\n|t:|1700578739\n|switch|p2b: Porygon2|Porygon2|100\/100\n|-ability|p2b: Porygon2|Download|boost\n|-boost|p2b: Porygon2|atk|1\n|-terastallize|p1a: Regigigas|Normal\n|move|p1b: Grafaiai|Doodle|p2a: Hatterene\n|-end|p1a: Regigigas|Slow Start|[silent]\n|-endability|p1a: Regigigas|Slow Start|[from] move: Doodle\n|-ability|p1a: Regigigas|Magic Bounce|[from] move: Doodle\n|-endability|p1b: Grafaiai|Prankster|[from] move: Doodle\n|-ability|p1b: Grafaiai|Magic Bounce|[from] move: Doodle\n|move|p1a: Regigigas|Return|p2b: Porygon2\n|-damage|p2b: Porygon2|42\/100\n|move|p2a: Hatterene|Trick Room|p2a: Hatterene\n|-fieldstart|move: Trick Room|[of] p2a: Hatterene\n|\n|-weather|SunnyDay|[upkeep]\n|upkeep\n|turn|2\n|\n|t:|1700578759\n|move|p2a: Hatterene|Misty Explosion|p1b: Grafaiai|[spread] p2b,p1a,p1b\n|-resisted|p1b: Grafaiai\n|-damage|p2b: Porygon2|22\/100\n|-damage|p1a: Regigigas|80\/100\n|-damage|p1b: Grafaiai|81\/100\n|-enditem|p1b: Grafaiai|Air Balloon\n|faint|p2a: Hatterene\n|move|p1a: Regigigas|Drain Punch|p2b: Porygon2\n|-supereffective|p2b: Porygon2\n|-damage|p2b: Porygon2|0 fnt\n|-heal|p1a: Regigigas|90\/100|[from] drain|[of] p2b: Porygon2\n|faint|p2b: Porygon2\n|move|p1b: Grafaiai|Scary Face|p1a: Regigigas\n|move|p1a: Regigigas|Scary Face|p1b: Grafaiai|[from]ability: Magic Bounce\n|-unboost|p1b: Grafaiai|spe|2\n|\n|-weather|SunnyDay|[upkeep]\n|upkeep\n|\n|t:|1700578769\n|switch|p2a: Ursaluna|Ursaluna, F|100\/100\n|switch|p2b: Torkoal|Torkoal, F|100\/100\n|turn|3\n|\n|t:|1700578797\n|switch|p2a: Cresselia|Cresselia, F|100\/100\n|switch|p1b: Tapu Fini|Tapu Fini|100\/100\n|-fieldstart|move: Misty Terrain|[from] ability: Misty Surge|[of] p1b: Tapu Fini\n|-terastallize|p2b: Torkoal|Fire\n|move|p2b: Torkoal|Eruption|p1b: Tapu Fini|[spread] p1a,p1b\n|-resisted|p1b: Tapu Fini\n|-damage|p1a: Regigigas|17\/100\n|-damage|p1b: Tapu Fini|28\/100\n|move|p1a: Regigigas|Drain Punch|p2b: Torkoal\n|-damage|p2b: Torkoal|74\/100\n|-heal|p1a: Regigigas|28\/100|[from] drain|[of] p2b: Torkoal\n|\n|-weather|SunnyDay|[upkeep]\n|upkeep\n|turn|4\n|\n|t:|1700578813\n|move|p2a: Cresselia|Helping Hand|p2b: Torkoal\n|-singleturn|p2b: Torkoal|Helping Hand|[of] p2a: Cresselia\n|move|p2b: Torkoal|Eruption|p1a: Regigigas|[spread] p1a,p1b\n|-resisted|p1b: Tapu Fini\n|-crit|p1b: Tapu Fini\n|-damage|p1a: Regigigas|0 fnt\n|-damage|p1b: Tapu Fini|0 fnt\n|faint|p1a: Regigigas\n|faint|p1b: Tapu Fini\n|\n|-weather|SunnyDay|[upkeep]\n|upkeep\n|\n|t:|1700578833\n|switch|p1a: Iron Hands|Iron Hands|100\/100\n|switch|p1b: Chi-Yu|Chi-Yu|100\/100\n|-ability|p1b: Chi-Yu|Beads of Ruin\n|turn|5\n|\n|t:|1700578841\n|move|p2a: Cresselia|Helping Hand|p2b: Torkoal\n|-singleturn|p2b: Torkoal|Helping Hand|[of] p2a: Cresselia\n|move|p1a: Iron Hands|Fake Out|p2b: Torkoal\n|-damage|p2b: Torkoal|62\/100\n|cant|p2b: Torkoal|flinch\n|move|p1b: Chi-Yu|Heat Wave|p2b: Torkoal|[spread] p2a\n|-miss|p1b: Chi-Yu|p2b: Torkoal\n|-damage|p2a: Cresselia|42\/100\n|\n|-weather|none\n|-heal|p2a: Cresselia|48\/100|[from] item: Leftovers\n|-fieldend|move: Trick Room\n|upkeep\n|turn|6\n|\n|t:|1700578860\n|move|p1b: Chi-Yu|Heat Wave|p2a: Cresselia|[spread] p2a,p2b\n|-resisted|p2b: Torkoal\n|-damage|p2a: Cresselia|8\/100\n|-damage|p2b: Torkoal|22\/100\n|move|p1a: Iron Hands|Drain Punch|p2b: Torkoal\n|-damage|p2b: Torkoal|0 fnt\n|faint|p2b: Torkoal\n|move|p2a: Cresselia|Trick Room|p2a: Cresselia\n|-fieldstart|move: Trick Room|[of] p2a: Cresselia\n|\n|-heal|p2a: Cresselia|14\/100|[from] item: Leftovers\n|upkeep\n|\n|t:|1700578870\n|switch|p2b: Ursaluna|Ursaluna, F|100\/100\n|turn|7\n|\n|t:|1700578876\n|move|p2a: Cresselia|Helping Hand|p2b: Ursaluna\n|-singleturn|p2b: Ursaluna|Helping Hand|[of] p2a: Cresselia\n|move|p2b: Ursaluna|Earthquake|p1a: Iron Hands|[spread] p1a,p1b\n|-immune|p2a: Cresselia|[from] ability: Levitate\n|-supereffective|p1a: Iron Hands\n|-supereffective|p1b: Chi-Yu\n|-damage|p1a: Iron Hands|14\/100\n|-damage|p1b: Chi-Yu|0 fnt\n|faint|p1b: Chi-Yu\n|move|p1a: Iron Hands|Drain Punch|p2b: Ursaluna\n|-supereffective|p2b: Ursaluna\n|-damage|p2b: Ursaluna|35\/100\n|-heal|p1a: Iron Hands|44\/100|[from] drain|[of] p2b: Ursaluna\n|\n|-heal|p2a: Cresselia|21\/100|[from] item: Leftovers\n|-fieldend|Misty Terrain\n|-status|p2b: Ursaluna|brn|[from] item: Flame Orb\n|upkeep\n|\n|t:|1700578887\n|switch|p1b: Grafaiai|Grafaiai, M|81\/100\n|turn|8\n|\n|t:|1700578911\n|move|p2a: Cresselia|Helping Hand|p2b: Ursaluna\n|-singleturn|p2b: Ursaluna|Helping Hand|[of] p2a: Cresselia\n|move|p1b: Grafaiai|Scary Face|p1a: Iron Hands\n|-unboost|p1a: Iron Hands|spe|2\n|move|p1a: Iron Hands|Drain Punch|p2b: Ursaluna\n|-supereffective|p2b: Ursaluna\n|-damage|p2b: Ursaluna|0 fnt\n|-heal|p1a: Iron Hands|60\/100|[from] drain|[of] p2b: Ursaluna\n|faint|p2b: Ursaluna\n|\n|-heal|p2a: Cresselia|27\/100|[from] item: Leftovers\n|upkeep\n|\n|t:|1700578920\n|switch|p2b: Mawile|Mawile, F|100\/100\n|-ability|p2b: Mawile|Intimidate|boost\n|-unboost|p1a: Iron Hands|atk|1\n|-unboost|p1b: Grafaiai|atk|1\n|turn|9\n|\n|t:|1700578935\n|detailschange|p2b: Mawile|Mawile-Mega, F\n|-mega|p2b: Mawile|Mawile|Mawilite\n|move|p2a: Cresselia|Helping Hand|p2b: Mawile\n|-singleturn|p2b: Mawile|Helping Hand|[of] p2a: Cresselia\n|move|p1b: Grafaiai|Doodle|p2b: Mawile\n|-endability|p1b: Grafaiai|Prankster|[from] move: Doodle\n|-ability|p1b: Grafaiai|Huge Power|[from] move: Doodle\n|move|p1a: Iron Hands|Swords Dance|p1a: Iron Hands\n|-boost|p1a: Iron Hands|atk|2\n|move|p2b: Mawile|Play Rough|p1a: Iron Hands\n|-supereffective|p1a: Iron Hands\n|-damage|p1a: Iron Hands|0 fnt\n|faint|p1a: Iron Hands\n|-end|p1a: Iron Hands|Quark Drive|[silent]\n|\n|-heal|p2a: Cresselia|33\/100|[from] item: Leftovers\n|upkeep\n|\n|t:|1700578941\n|switch|p1a: Metagross|Metagross|100\/100\n|turn|10\n|\n|t:|1700578957\n|detailschange|p1a: Metagross|Metagross-Mega\n|-mega|p1a: Metagross|Metagross|Metagrossite\n|move|p2a: Cresselia|Helping Hand|p2b: Mawile\n|-singleturn|p2b: Mawile|Helping Hand|[of] p2a: Cresselia\n|move|p1a: Metagross|Bullet Punch|p2b: Mawile\n|-damage|p2b: Mawile|71\/100\n|move|p2b: Mawile|Fire Fang|p1a: Metagross\n|-supereffective|p1a: Metagross\n|-damage|p1a: Metagross|0 fnt\n|faint|p1a: Metagross\n|move|p1b: Grafaiai|Encore|p2b: Mawile\n|-start|p2b: Mawile|Encore\n|\n|-heal|p2a: Cresselia|39\/100|[from] item: Leftovers\n|-fieldend|move: Trick Room\n|upkeep\n|turn|11\n|-message|LegendVGC forfeited.\n|\n|win|jky666\n|raw|LegendVGC's rating: 1151 &rarr; <strong>1131<\/strong><br \/>(-20 for losing)\n|raw|jky666's rating: 1219 &rarr; <strong>1239<\/strong><br \/>(+20 for winning)\n|l|\u2606LegendVGC\n","uploadtime":1700578978,"views":3,"p1id":"legendvgc","p2id":"jky666","formatid":"gen9nationaldexdoubles","rating":1131,"private":0,"password":""}