{"id":"gen9nationaldexdoubles-1967487202","p1":"eeveebeast","p2":"Dalender","format":"[Gen 9] National Dex Doubles","log":"|j|\u2606eeveebeast\n|j|\u2606Dalender\n|t:|1697306514\n|gametype|doubles\n|player|p1|eeveebeast|170|1000\n|player|p2|Dalender|guitarist|1116\n|teamsize|p1|6\n|teamsize|p2|6\n|gen|9\n|tier|[Gen 9] National Dex Doubles\n|rated|\n|rule|HP Percentage Mod: HP is shown in percentages\n|rule|Endless Battle Clause: Forcing endless battles is banned\n|rule|OHKO Clause: OHKO moves are banned\n|rule|Evasion Moves Clause: Evasion moves are banned\n|rule|Evasion Abilities Clause: Evasion abilities are banned\n|rule|Species Clause: Limit one of each Pok\u00e9mon\n|rule|Gravity Sleep Clause: The combination of sleep-inducing moves with imperfect accuracy and Gravity or Gigantamax Orbeetle are banned\n|clearpoke\n|poke|p1|Pikachu-Alola, M|\n|poke|p1|Eevee, F|\n|poke|p1|Charizard, M|\n|poke|p1|Dragonite, F|\n|poke|p1|Sylveon, M|\n|poke|p1|Amoonguss, M|\n|poke|p2|Muk-Alola, M|\n|poke|p2|Clefairy, F|\n|poke|p2|Klefki, M|\n|poke|p2|Espeon, F|\n|poke|p2|Incineroar, F|\n|poke|p2|Lucario, F|\n|teampreview\n|\n|t:|1697306525\n|start\n|switch|p1a: Sylveon|Sylveon, M|100\/100\n|switch|p1b: Charizard|Charizard, M|100\/100\n|switch|p2a: Princesa|Incineroar, F|100\/100\n|switch|p2b: Keysay|Klefki, M|100\/100\n|-ability|p2a: Princesa|Intimidate|boost\n|-unboost|p1a: Sylveon|atk|1\n|-unboost|p1b: Charizard|atk|1\n|turn|1\n|\n|t:|1697306550\n|move|p2b: Keysay|Light Screen|p2b: Keysay\n|-sidestart|p2: Dalender|move: Light Screen\n|move|p1b: Charizard|Fire Fang|p2b: Keysay\n|-supereffective|p2b: Keysay\n|-damage|p2b: Keysay|63\/100\n|move|p1a: Sylveon|Moonblast|p2b: Keysay\n|-resisted|p2b: Keysay\n|-damage|p2b: Keysay|46\/100\n|move|p2a: Princesa|Taunt|p1a: Sylveon\n|-start|p1a: Sylveon|move: Taunt\n|\n|-heal|p2b: Keysay|52\/100|[from] item: Leftovers\n|upkeep\n|turn|2\n|\n|t:|1697306577\n|move|p2b: Keysay|Reflect|p2b: Keysay\n|-sidestart|p2: Dalender|Reflect\n|move|p1b: Charizard|Blaze Kick|p2b: Keysay\n|-supereffective|p2b: Keysay\n|-damage|p2b: Keysay|19\/100\n|move|p2a: Princesa|Snarl|p1a: Sylveon|[spread] p1a,p1b\n|-resisted|p1a: Sylveon\n|-damage|p1a: Sylveon|97\/100\n|-damage|p1b: Charizard|83\/100\n|-unboost|p1a: Sylveon|spa|1\n|-unboost|p1b: Charizard|spa|1\n|move|p1a: Sylveon|Moonblast|p2a: Princesa\n|-damage|p2a: Princesa|81\/100\n|\n|-heal|p2b: Keysay|26\/100|[from] item: Leftovers\n|upkeep\n|turn|3\n|\n|t:|1697306600\n|move|p2b: Keysay|Thunder Wave|p1b: Charizard\n|-status|p1b: Charizard|par\n|move|p1b: Charizard|Blaze Kick|p2b: Keysay\n|-supereffective|p2b: Keysay\n|-damage|p2b: Keysay|0 fnt\n|faint|p2b: Keysay\n|move|p1a: Sylveon|Dazzling Gleam|p2a: Princesa\n|-damage|p2a: Princesa|65\/100\n|move|p2a: Princesa|Snarl|p1b: Charizard|[spread] p1a,p1b\n|-resisted|p1a: Sylveon\n|-damage|p1a: Sylveon|93\/100\n|-damage|p1b: Charizard|69\/100 par\n|-unboost|p1a: Sylveon|spa|1\n|-unboost|p1b: Charizard|spa|1\n|\n|upkeep\n|\n|t:|1697306615\n|switch|p2b: Cleo|Clefairy, F|100\/100\n|turn|4\n|\n|t:|1697306628\n|move|p1b: Charizard|Blaze Kick|p2b: Cleo\n|-damage|p2b: Cleo|89\/100\n|move|p2a: Princesa|Snarl|p1b: Charizard|[spread] p1a,p1b\n|-resisted|p1a: Sylveon\n|-damage|p1a: Sylveon|89\/100\n|-damage|p1b: Charizard|54\/100 par\n|-unboost|p1a: Sylveon|spa|1\n|-unboost|p1b: Charizard|spa|1\n|move|p1a: Sylveon|Moonblast|p2b: Cleo\n|-damage|p2b: Cleo|79\/100\n|move|p2b: Cleo|Cosmic Power|p2b: Cleo\n|-boost|p2b: Cleo|def|1\n|-boost|p2b: Cleo|spd|1\n|\n|-end|p1a: Sylveon|move: Taunt\n|upkeep\n|turn|5\n|\n|t:|1697306657\n|move|p1b: Charizard|Fire Fang|p2b: Cleo\n|-damage|p2b: Cleo|72\/100\n|move|p2a: Princesa|Snarl|p1b: Charizard|[spread] p1a,p1b\n|-resisted|p1a: Sylveon\n|-damage|p1a: Sylveon|85\/100\n|-damage|p1b: Charizard|38\/100 par\n|-unboost|p1a: Sylveon|spa|1\n|-unboost|p1b: Charizard|spa|1\n|move|p1a: Sylveon|Dazzling Gleam|p2a: Princesa|[spread] p2a,p2b\n|-damage|p2a: Princesa|59\/100\n|-damage|p2b: Cleo|69\/100\n|move|p2b: Cleo|Cosmic Power|p2b: Cleo\n|-boost|p2b: Cleo|def|1\n|-boost|p2b: Cleo|spd|1\n|\n|-sideend|p2: Dalender|move: Light Screen\n|upkeep\n|turn|6\n|\n|t:|1697306680\n|move|p1b: Charizard|Blaze Kick|p2b: Cleo\n|-damage|p2b: Cleo|63\/100\n|move|p2a: Princesa|Snarl|p1a: Sylveon|[spread] p1a,p1b\n|-resisted|p1a: Sylveon\n|-damage|p1a: Sylveon|81\/100\n|-damage|p1b: Charizard|22\/100 par\n|-unboost|p1a: Sylveon|spa|1\n|-unboost|p1b: Charizard|spa|1\n|move|p1a: Sylveon|Body Slam|p2a: Princesa\n|-damage|p2a: Princesa|50\/100\n|-status|p2a: Princesa|par\n|move|p2b: Cleo|Cosmic Power|p2b: Cleo\n|-boost|p2b: Cleo|def|1\n|-boost|p2b: Cleo|spd|1\n|\n|-sideend|p2: Dalender|Reflect\n|upkeep\n|turn|7\n|\n|t:|1697306707\n|move|p1b: Charizard|Heat Wave|p2a: Princesa|[spread] p2b\n|-miss|p1b: Charizard|p2a: Princesa\n|-damage|p2b: Cleo|59\/100\n|move|p1a: Sylveon|Moonblast|p2a: Princesa\n|-damage|p2a: Princesa|39\/100 par\n|move|p2b: Cleo|Moonlight|p2b: Cleo\n|-heal|p2b: Cleo|100\/100\n|move|p2a: Princesa|Snarl|p1b: Charizard|[spread] p1a,p1b\n|-resisted|p1a: Sylveon\n|-damage|p1a: Sylveon|77\/100\n|-damage|p1b: Charizard|8\/100 par\n|-unboost|p1a: Sylveon|spa|1\n|-unboost|p1b: Charizard|spa|1\n|\n|upkeep\n|turn|8\n|\n|t:|1697306744\n|switch|p2a: Venus|Espeon, F|100\/100\n|detailschange|p1b: Charizard|Charizard-Mega-Y, M\n|-mega|p1b: Charizard|Charizard|Charizardite Y\n|-weather|SunnyDay|[from] ability: Drought|[of] p1b: Charizard\n|move|p1b: Charizard|Fire Fang|p2a: Venus|[miss]\n|-miss|p1b: Charizard|p2a: Venus\n|-zpower|p1a: Sylveon\n|move|p1a: Sylveon|Twinkle Tackle|p2b: Cleo|[zeffect]\n|-damage|p2b: Cleo|93\/100\n|move|p2b: Cleo|Cosmic Power|p2b: Cleo\n|-boost|p2b: Cleo|def|1\n|-boost|p2b: Cleo|spd|1\n|\n|-weather|SunnyDay|[upkeep]\n|upkeep\n|turn|9\n|\n|t:|1697306773\n|move|p2b: Cleo|Follow Me|p2b: Cleo\n|-singleturn|p2b: Cleo|move: Follow Me\n|move|p2a: Venus|Psych Up|p2b: Cleo\n|-copyboost|p2a: Venus|p2b: Cleo|[from] move: Psych Up\n|move|p1b: Charizard|Blaze Kick|p2b: Cleo\n|-damage|p2b: Cleo|82\/100\n|move|p1a: Sylveon|Heal Bell|p1a: Sylveon\n|-activate|p1a: Sylveon|move: Heal Bell\n|-curestatus|p1b: Charizard|par|[msg]\n|\n|-weather|SunnyDay|[upkeep]\n|upkeep\n|turn|10\n|\n|t:|1697306801\n|move|p1b: Charizard|Heat Wave|p2a: Venus|[spread] p2a,p2b\n|-damage|p2a: Venus|95\/100\n|-damage|p2b: Cleo|78\/100\n|move|p2a: Venus|Stored Power|p1a: Sylveon\n|-damage|p1a: Sylveon|6\/100\n|move|p1a: Sylveon|Dazzling Gleam|p2a: Venus|[spread] p2a,p2b\n|-damage|p2a: Venus|92\/100\n|-damage|p2b: Cleo|76\/100\n|move|p2b: Cleo|Stored Power|p1b: Charizard\n|-crit|p1b: Charizard\n|-damage|p1b: Charizard|0 fnt\n|faint|p1b: Charizard\n|\n|-weather|SunnyDay|[upkeep]\n|upkeep\n|\n|t:|1697306818\n|switch|p1b: Dragonite|Dragonite, F|100\/100\n|turn|11\n|\n|t:|1697306832\n|move|p2a: Venus|Dazzling Gleam|p1b: Dragonite|[spread] p1a,p1b\n|-supereffective|p1b: Dragonite\n|-damage|p1a: Sylveon|0 fnt\n|-damage|p1b: Dragonite|51\/100\n|faint|p1a: Sylveon\n|move|p1b: Dragonite|Aerial Ace|p2a: Venus\n|-damage|p2a: Venus|73\/100\n|move|p2b: Cleo|Cosmic Power|p2b: Cleo\n|-boost|p2b: Cleo|def|1\n|-boost|p2b: Cleo|spd|1\n|\n|-weather|SunnyDay|[upkeep]\n|upkeep\n|\n|t:|1697306847\n|switch|p1a: Amoonguss|Amoonguss, M|100\/100\n|turn|12\n|\n|t:|1697306871\n|move|p2a: Venus|Psych Up|p2b: Cleo\n|-copyboost|p2a: Venus|p2b: Cleo|[from] move: Psych Up\n|move|p1b: Dragonite|Air Slash|p2b: Cleo\n|-damage|p2b: Cleo|69\/100\n|move|p1a: Amoonguss|Clear Smog|p2a: Venus\n|-crit|p2a: Venus\n|-damage|p2a: Venus|47\/100\n|-clearboost|p2a: Venus\n|move|p2b: Cleo|Stored Power|p1a: Amoonguss\n|-supereffective|p1a: Amoonguss\n|-damage|p1a: Amoonguss|55\/100\n|\n|-weather|none\n|upkeep\n|turn|13\n|\n|t:|1697306897\n|-terastallize|p2b: Cleo|Steel\n|move|p1b: Dragonite|Aqua Jet|p2b: Cleo\n|-damage|p2b: Cleo|65\/100\n|move|p2a: Venus|Dazzling Gleam|p1b: Dragonite|[spread] p1a,p1b\n|-resisted|p1a: Amoonguss\n|-supereffective|p1b: Dragonite\n|-damage|p1a: Amoonguss|48\/100\n|-damage|p1b: Dragonite|5\/100\n|move|p1a: Amoonguss|Foul Play|p2a: Venus\n|-supereffective|p2a: Venus\n|-damage|p2a: Venus|7\/100\n|-enditem|p2a: Venus|Weakness Policy\n|-boost|p2a: Venus|atk|2|[from] item: Weakness Policy\n|-boost|p2a: Venus|spa|2|[from] item: Weakness Policy\n|move|p2b: Cleo|Cosmic Power|p2b: Cleo\n|-boost|p2b: Cleo|def|1\n|-boost|p2b: Cleo|spd|1\n|\n|upkeep\n|turn|14\n|\n|t:|1697306922\n|move|p2a: Venus|Stored Power|p1a: Amoonguss\n|-supereffective|p1a: Amoonguss\n|-damage|p1a: Amoonguss|0 fnt\n|faint|p1a: Amoonguss\n|move|p1b: Dragonite|Breaking Swipe|p2a: Venus|[spread] p2a,p2b\n|-resisted|p2b: Cleo\n|-damage|p2a: Venus|0 fnt\n|-damage|p2b: Cleo|62\/100\n|-unboost|p2b: Cleo|atk|1\n|faint|p2a: Venus\n|move|p2b: Cleo|Stored Power|p1b: Dragonite\n|-damage|p1b: Dragonite|0 fnt\n|faint|p1b: Dragonite\n|\n|upkeep\n|\n|t:|1697306938\n|switch|p2a: Princesa|Incineroar, F|39\/100 par\n|switch|p1b: Eevee|Eevee, F|100\/100\n|switch|p1a: Pikachu|Pikachu-Alola, M|100\/100\n|-ability|p2a: Princesa|Intimidate|boost\n|-unboost|p1a: Pikachu|atk|1\n|-unboost|p1b: Eevee|atk|1\n|turn|15\n|\n|t:|1697306958\n|cant|p2a: Princesa|par\n|move|p1a: Pikachu|Electric Terrain|p1a: Pikachu\n|-fieldstart|move: Electric Terrain\n|move|p1b: Eevee|Last Resort||[still]\n|-fail|p1b: Eevee\n|move|p2b: Cleo|Stored Power|p1b: Eevee\n|-damage|p1b: Eevee|42\/100\n|\n|upkeep\n|turn|16\n|\n|t:|1697306976\n|move|p1a: Pikachu|Thunderbolt|p2a: Princesa\n|-damage|p2a: Princesa|9\/100 par\n|-enditem|p2a: Princesa|Figy Berry|[eat]\n|-heal|p2a: Princesa|42\/100 par|[from] item: Figy Berry\n|move|p1b: Eevee|Heal Bell||[still]\n|-activate|p1b: Eevee|move: Heal Bell\n|-fail|p1b: Eevee\n|move|p2b: Cleo|Stored Power|p1b: Eevee\n|-damage|p1b: Eevee|0 fnt\n|faint|p1b: Eevee\n|move|p2a: Princesa|Snarl|p1a: Pikachu\n|-damage|p1a: Pikachu|58\/100\n|-unboost|p1a: Pikachu|spa|1\n|\n|upkeep\n|turn|17\n|\n|t:|1697306999\n|move|p1a: Pikachu|Tera Blast|p2a: Princesa\n|-damage|p2a: Princesa|34\/100 par\n|move|p2b: Cleo|Stored Power|p1a: Pikachu\n|-crit|p1a: Pikachu\n|-damage|p1a: Pikachu|0 fnt\n|faint|p1a: Pikachu\n|\n|win|Dalender\n|raw|eeveebeast's rating: 1000 &rarr; <strong>1000<\/strong><br \/>(+0 for losing)\n|raw|Dalender's rating: 1116 &rarr; <strong>1133<\/strong><br \/>(+17 for winning)\n|l|\u2606eeveebeast\n","uploadtime":1697307017,"views":9,"p1id":"eeveebeast","p2id":"dalender","formatid":"gen9nationaldexdoubles","rating":1000,"private":0,"password":""}