{"id":"gen9nationaldexdoubles-1968675406","p1":"fsaaa","p2":"Miiirza","format":"[Gen 9] National Dex Doubles","log":"|j|\u2606fsaaa\n|j|\u2606Miiirza\n|t:|1697451894\n|gametype|doubles\n|player|p1|fsaaa|volkner|1399\n|player|p2|Miiirza|102|1520\n|teamsize|p1|6\n|teamsize|p2|6\n|gen|9\n|tier|[Gen 9] National Dex Doubles\n|rated|\n|rule|HP Percentage Mod: HP is shown in percentages\n|rule|Endless Battle Clause: Forcing endless battles is banned\n|rule|OHKO Clause: OHKO moves are banned\n|rule|Evasion Moves Clause: Evasion moves are banned\n|rule|Evasion Abilities Clause: Evasion abilities are banned\n|rule|Species Clause: Limit one of each Pok\u00e9mon\n|rule|Gravity Sleep Clause: The combination of sleep-inducing moves with imperfect accuracy and Gravity or Gigantamax Orbeetle are banned\n|clearpoke\n|poke|p1|Tapu Fini|\n|poke|p1|Metagross|\n|poke|p1|Rillaboom, F|\n|poke|p1|Zygarde|\n|poke|p1|Incineroar, M|\n|poke|p1|Tornadus, M|\n|poke|p2|Incineroar, M|\n|poke|p2|Gastrodon-East, M|\n|poke|p2|Rillaboom, M|\n|poke|p2|Zygarde|\n|poke|p2|Amoonguss, M|\n|poke|p2|Chien-Pao|\n|teampreview\n|inactive|Battle timer is ON: inactive players will automatically lose when time's up. (requested by Miiirza)\n|inactive|fsaaa also wants the timer to be on.\n|inactive|fsaaa has 120 seconds left.\n|inactive|Miiirza has 120 seconds left.\n|\n|t:|1697451930\n|start\n|switch|p1a: Rillaboom|Rillaboom, F|100\/100\n|switch|p1b: Metagross|Metagross|100\/100\n|switch|p2a: Chien-Pao|Chien-Pao|100\/100\n|switch|p2b: Incineroar|Incineroar, M, shiny|100\/100\n|-ability|p2a: Chien-Pao|Sword of Ruin\n|-fieldstart|move: Grassy Terrain|[from] ability: Grassy Surge|[of] p1a: Rillaboom\n|-ability|p2b: Incineroar|Intimidate|boost\n|-unboost|p1a: Rillaboom|atk|1\n|-fail|p1b: Metagross|unboost|[from] ability: Clear Body|[of] p1b: Metagross\n|turn|1\n|\n|t:|1697451948\n|move|p2a: Chien-Pao|Protect|p2a: Chien-Pao\n|-singleturn|p2a: Chien-Pao|Protect\n|move|p1b: Metagross|Protect|p1b: Metagross\n|-singleturn|p1b: Metagross|Protect\n|move|p1a: Rillaboom|Fake Out|p2a: Chien-Pao\n|-activate|p2a: Chien-Pao|move: Protect\n|move|p2b: Incineroar|Knock Off|p1b: Metagross\n|-activate|p1b: Metagross|move: Protect\n|\n|upkeep\n|turn|2\n|\n|t:|1697451972\n|detailschange|p1b: Metagross|Metagross-Mega\n|-mega|p1b: Metagross|Metagross|Metagrossite\n|move|p2a: Chien-Pao|Crunch|p1b: Metagross\n|-supereffective|p1b: Metagross\n|-damage|p1b: Metagross|20\/100\n|move|p1b: Metagross|Steel Roller|p2a: Chien-Pao\n|-supereffective|p2a: Chien-Pao\n|-enditem|p2a: Chien-Pao|Focus Sash\n|-damage|p2a: Chien-Pao|1\/100\n|-fieldend|move: Grassy Terrain\n|move|p1a: Rillaboom|U-turn|p2a: Chien-Pao\n|-supereffective|p2a: Chien-Pao\n|-damage|p2a: Chien-Pao|0 fnt\n|faint|p2a: Chien-Pao\n|\n|t:|1697451984\n|switch|p1a: Incineroar|Incineroar, M|100\/100|[from] U-turn\n|-ability|p1a: Incineroar|Intimidate|boost\n|-unboost|p2b: Incineroar|atk|1\n|move|p2b: Incineroar|Parting Shot|p1a: Incineroar\n|-unboost|p1a: Incineroar|atk|1\n|-unboost|p1a: Incineroar|spa|1\n|\n|t:|1697451995\n|switch|p2b: Zygarde|Zygarde, shiny|100\/100|[from] Parting Shot\n|-ability|p2b: Zygarde|Aura Break\n|\n|upkeep\n|\n|t:|1697452001\n|switch|p2a: Incineroar|Incineroar, M, shiny|100\/100\n|-ability|p2a: Incineroar|Intimidate|boost\n|-unboost|p1a: Incineroar|atk|1\n|-unboost|p1b: Metagross|atk|1\n|turn|3\n|\n|t:|1697452011\n|switch|p1b: Tapu Fini|Tapu Fini|100\/100\n|-fieldstart|move: Misty Terrain|[from] ability: Misty Surge|[of] p1b: Tapu Fini\n|move|p2a: Incineroar|Fake Out|p1a: Incineroar\n|-damage|p1a: Incineroar|87\/100\n|cant|p1a: Incineroar|flinch\n|move|p2b: Zygarde|Dragon Dance|p2b: Zygarde\n|-boost|p2b: Zygarde|atk|1\n|-boost|p2b: Zygarde|spe|1\n|\n|upkeep\n|turn|4\n|\n|t:|1697452030\n|move|p1b: Tapu Fini|Moonblast|p2b: Zygarde\n|-supereffective|p2b: Zygarde\n|-damage|p2b: Zygarde|49\/100\n|move|p2b: Zygarde|Thousand Arrows|p1b: Tapu Fini|[spread] p1a,p1b\n|-supereffective|p1a: Incineroar\n|-damage|p1a: Incineroar|12\/100\n|-damage|p1b: Tapu Fini|60\/100\n|-enditem|p1a: Incineroar|Sitrus Berry|[eat]\n|-heal|p1a: Incineroar|37\/100|[from] item: Sitrus Berry\n|move|p2a: Incineroar|Parting Shot|p1b: Tapu Fini\n|-unboost|p1b: Tapu Fini|atk|1\n|-unboost|p1b: Tapu Fini|spa|1\n|\n|t:|1697452040\n|switch|p2a: Amoonguss|Amoonguss, M|100\/100|[from] Parting Shot\n|move|p1a: Incineroar|Parting Shot|p2b: Zygarde\n|-unboost|p2b: Zygarde|atk|1\n|-unboost|p2b: Zygarde|spa|1\n|\n|t:|1697452065\n|switch|p1a: Tornadus|Tornadus, M|100\/100|[from] Parting Shot\n|\n|-heal|p2b: Zygarde|55\/100|[from] item: Leftovers\n|upkeep\n|turn|5\n|\n|t:|1697452076\n|switch|p1b: Incineroar|Incineroar, M|37\/100\n|-ability|p1b: Incineroar|Intimidate|boost\n|-unboost|p2a: Amoonguss|atk|1\n|-unboost|p2b: Zygarde|atk|1\n|move|p2a: Amoonguss|Rage Powder|p2a: Amoonguss\n|-singleturn|p2a: Amoonguss|move: Rage Powder\n|move|p2b: Zygarde|Dragon Dance|p2b: Zygarde\n|-boost|p2b: Zygarde|atk|1\n|-boost|p2b: Zygarde|spe|1\n|move|p1a: Tornadus|Bleakwind Storm|p2b: Zygarde|[spread] p2b\n|-miss|p1a: Tornadus|p2a: Amoonguss\n|-damage|p2b: Zygarde|22\/100\n|-unboost|p2b: Zygarde|spe|1\n|\n|-heal|p2b: Zygarde|29\/100|[from] item: Leftovers\n|upkeep\n|turn|6\n|\n|t:|1697452095\n|move|p2b: Zygarde|Protect|p2b: Zygarde\n|-singleturn|p2b: Zygarde|Protect\n|move|p1b: Incineroar|Fake Out|p2b: Zygarde\n|-activate|p2b: Zygarde|move: Protect\n|move|p1a: Tornadus|Bleakwind Storm|p2b: Zygarde|[spread] p2a\n|-activate|p2b: Zygarde|move: Protect\n|-supereffective|p2a: Amoonguss\n|-damage|p2a: Amoonguss|16\/100\n|move|p2a: Amoonguss|Spore|p1a: Tornadus\n|-status|p1a: Tornadus|slp|[from] move: Spore\n|\n|-heal|p2b: Zygarde|35\/100|[from] item: Leftovers\n|-heal|p2a: Amoonguss|22\/100|[from] item: Leftovers\n|upkeep\n|turn|7\n|\n|t:|1697452116\n|switch|p1a: Rillaboom|Rillaboom, F|100\/100\n|-fieldstart|move: Grassy Terrain|[from] ability: Grassy Surge|[of] p1a: Rillaboom\n|move|p2b: Zygarde|Thousand Arrows|p1a: Rillaboom|[spread] p1a,p1b\n|-resisted|p1a: Rillaboom\n|-supereffective|p1b: Incineroar\n|-damage|p1a: Rillaboom|90\/100\n|-damage|p1b: Incineroar|0 fnt\n|faint|p1b: Incineroar\n|move|p2a: Amoonguss|Pollen Puff|p2b: Zygarde\n|-heal|p2b: Zygarde|85\/100\n|\n|-heal|p2b: Zygarde|91\/100|[from] Grassy Terrain\n|-heal|p2b: Zygarde|97\/100|[from] item: Leftovers\n|-heal|p1a: Rillaboom|96\/100|[from] Grassy Terrain\n|-heal|p2a: Amoonguss|28\/100|[from] Grassy Terrain\n|-heal|p2a: Amoonguss|35\/100|[from] item: Leftovers\n|upkeep\n|inactive|fsaaa has 120 seconds left.\n|\n|t:|1697452142\n|switch|p1b: Tapu Fini|Tapu Fini|60\/100\n|-fieldstart|move: Misty Terrain|[from] ability: Misty Surge|[of] p1b: Tapu Fini\n|turn|8\n|\n|t:|1697452148\n|switch|p2a: Incineroar|Incineroar, M, shiny|100\/100\n|-ability|p2a: Incineroar|Intimidate|boost\n|-unboost|p1a: Rillaboom|atk|1\n|-unboost|p1b: Tapu Fini|atk|1\n|move|p2b: Zygarde|Protect|p2b: Zygarde\n|-singleturn|p2b: Zygarde|Protect\n|move|p1a: Rillaboom|Fake Out|p2a: Incineroar\n|-damage|p2a: Incineroar|90\/100\n|move|p1b: Tapu Fini|Moonblast|p2b: Zygarde\n|-activate|p2b: Zygarde|move: Protect\n|\n|-heal|p2b: Zygarde|100\/100|[from] item: Leftovers\n|upkeep\n|turn|9\n|\n|t:|1697452162\n|switch|p1a: Tornadus|Tornadus, M|100\/100 slp\n|move|p2a: Incineroar|Fake Out|p1b: Tapu Fini\n|-damage|p1b: Tapu Fini|44\/100\n|cant|p1b: Tapu Fini|flinch\n|move|p2b: Zygarde|Dragon Dance|p2b: Zygarde\n|-boost|p2b: Zygarde|atk|1\n|-boost|p2b: Zygarde|spe|1\n|\n|upkeep\n|turn|10\n|\n|t:|1697452177\n|switch|p2a: Amoonguss|Amoonguss, M|68\/100\n|cant|p1a: Tornadus|slp\n|move|p2b: Zygarde|Thousand Arrows|p1a: Tornadus|[spread] p1a,p1b\n|-damage|p1a: Tornadus|52\/100 slp\n|-damage|p1b: Tapu Fini|4\/100\n|-start|p1a: Tornadus|Smack Down\n|move|p1b: Tapu Fini|Moonblast|p2b: Zygarde\n|-supereffective|p2b: Zygarde\n|-damage|p2b: Zygarde|45\/100\n|\n|-heal|p2b: Zygarde|51\/100|[from] item: Leftovers\n|-heal|p2a: Amoonguss|74\/100|[from] item: Leftovers\n|upkeep\n|turn|11\n|\n|t:|1697452192\n|cant|p1a: Tornadus|slp\n|move|p2b: Zygarde|Thousand Arrows|p1a: Tornadus|[spread] p1a,p1b\n|-damage|p1a: Tornadus|3\/100 slp\n|-damage|p1b: Tapu Fini|0 fnt\n|faint|p1b: Tapu Fini\n|move|p2a: Amoonguss|Pollen Puff|p2b: Zygarde\n|-heal|p2b: Zygarde|100\/100\n|\n|-heal|p2a: Amoonguss|80\/100|[from] item: Leftovers\n|upkeep\n|\n|t:|1697452207\n|switch|p1b: Metagross|Metagross-Mega|20\/100\n|turn|12\n|\n|t:|1697452213\n|switch|p2a: Incineroar|Incineroar, M, shiny|90\/100\n|-ability|p2a: Incineroar|Intimidate|boost\n|-unboost|p1a: Tornadus|atk|1\n|-unboost|p1b: Metagross|atk|1\n|-curestatus|p1a: Tornadus|slp|[msg]\n|move|p1a: Tornadus|Tailwind|p1a: Tornadus\n|-sidestart|p1: fsaaa|move: Tailwind\n|move|p1b: Metagross|Steel Roller|p2a: Incineroar\n|-resisted|p2a: Incineroar\n|-damage|p2a: Incineroar|60\/100\n|-fieldend|Misty Terrain\n|move|p2b: Zygarde|Thousand Arrows|p1b: Metagross|[spread] p1a,p1b\n|-supereffective|p1b: Metagross\n|-damage|p1a: Tornadus|0 fnt\n|-damage|p1b: Metagross|0 fnt\n|faint|p1a: Tornadus\n|faint|p1b: Metagross\n|\n|upkeep\n|\n|t:|1697452219\n|switch|p1b: Rillaboom|Rillaboom, F|96\/100\n|switch|p1a: Zygarde|Zygarde|100\/100\n|-ability|p1a: Zygarde|Aura Break\n|-fieldstart|move: Grassy Terrain|[from] ability: Grassy Surge|[of] p1b: Rillaboom\n|turn|13\n|\n|t:|1697452234\n|switch|p2a: Rillaboom|Rillaboom, M|100\/100\n|move|p2b: Zygarde|Protect|p2b: Zygarde\n|-singleturn|p2b: Zygarde|Protect\n|move|p1b: Rillaboom|Fake Out|p2a: Rillaboom\n|-damage|p2a: Rillaboom|84\/100\n|move|p1a: Zygarde|Dragon Dance|p1a: Zygarde\n|-boost|p1a: Zygarde|atk|1\n|-boost|p1a: Zygarde|spe|1\n|\n|-heal|p1b: Rillaboom|100\/100|[from] Grassy Terrain\n|-heal|p2a: Rillaboom|90\/100|[from] Grassy Terrain\n|upkeep\n|turn|14\n|\n|t:|1697452250\n|move|p1a: Zygarde|Protect|p1a: Zygarde\n|-singleturn|p1a: Zygarde|Protect\n|move|p2b: Zygarde|Dragon Dance|p2b: Zygarde\n|-boost|p2b: Zygarde|atk|1\n|-boost|p2b: Zygarde|spe|1\n|move|p1b: Rillaboom|Wood Hammer|p2b: Zygarde\n|-damage|p2b: Zygarde|38\/100\n|-damage|p1b: Rillaboom|79\/100|[from] Recoil\n|move|p2a: Rillaboom|U-turn|p1b: Rillaboom\n|-supereffective|p1b: Rillaboom\n|-damage|p1b: Rillaboom|30\/100\n|\n|t:|1697452261\n|switch|p2a: Incineroar|Incineroar, M, shiny|60\/100|[from] U-turn\n|-ability|p2a: Incineroar|Intimidate|boost\n|-unboost|p1a: Zygarde|atk|1\n|-unboost|p1b: Rillaboom|atk|1\n|\n|-heal|p2b: Zygarde|45\/100|[from] Grassy Terrain\n|-heal|p2b: Zygarde|51\/100|[from] item: Leftovers\n|-heal|p1b: Rillaboom|36\/100|[from] Grassy Terrain\n|-heal|p2a: Incineroar|67\/100|[from] Grassy Terrain\n|upkeep\n|turn|15\n|\n|t:|1697452280\n|-terastallize|p2b: Zygarde|Normal\n|-terastallize|p1b: Rillaboom|Grass\n|move|p2a: Incineroar|Fake Out|p1a: Zygarde\n|-damage|p1a: Zygarde|88\/100\n|move|p2b: Zygarde|Extreme Speed|p1b: Rillaboom\n|-damage|p1b: Rillaboom|0 fnt\n|faint|p1b: Rillaboom\n|cant|p1a: Zygarde|flinch\n|\n|-heal|p1a: Zygarde|94\/100|[from] Grassy Terrain\n|-heal|p1a: Zygarde|99\/100|[from] item: Leftovers\n|-heal|p2b: Zygarde|57\/100|[from] Grassy Terrain\n|-heal|p2b: Zygarde|63\/100|[from] item: Leftovers\n|-heal|p2a: Incineroar|73\/100|[from] Grassy Terrain\n|-sideend|p1: fsaaa|move: Tailwind\n|upkeep\n|turn|16\n|-message|fsaaa forfeited.\n|\n|win|Miiirza\n|raw|fsaaa's rating: 1399 &rarr; <strong>1386<\/strong><br \/>(-13 for losing)\n|raw|Miiirza's rating: 1520 &rarr; <strong>1533<\/strong><br \/>(+13 for winning)\n|l|\u2606fsaaa\n","uploadtime":1697452305,"views":15,"p1id":"fsaaa","p2id":"miiirza","formatid":"gen9nationaldexdoubles","rating":1386,"private":0,"password":""}