{"id":"gen9nationaldexdoubles-1963889397","p1":"LowksterP","p2":"bombi148","format":"[Gen 9] National Dex Doubles","log":"|j|\u2606LowksterP\n|j|\u2606bombi148\n|t:|1696911410\n|gametype|doubles\n|player|p1|LowksterP|striker|1071\n|player|p2|bombi148|101|1115\n|teamsize|p1|6\n|teamsize|p2|6\n|gen|9\n|tier|[Gen 9] National Dex Doubles\n|rated|\n|rule|HP Percentage Mod: HP is shown in percentages\n|rule|Endless Battle Clause: Forcing endless battles is banned\n|rule|OHKO Clause: OHKO moves are banned\n|rule|Evasion Moves Clause: Evasion moves are banned\n|rule|Evasion Abilities Clause: Evasion abilities are banned\n|rule|Species Clause: Limit one of each Pok\u00e9mon\n|rule|Gravity Sleep Clause: The combination of sleep-inducing moves with imperfect accuracy and Gravity or Gigantamax Orbeetle are banned\n|clearpoke\n|poke|p1|Altaria, M|\n|poke|p1|Primeape, M|\n|poke|p1|Gengar, M|\n|poke|p1|Eldegoss, F|\n|poke|p1|Arcanine, M|\n|poke|p1|Tentacruel, M|\n|poke|p2|Ninetales, F|\n|poke|p2|Incineroar, F|\n|poke|p2|Rotom-Heat|\n|poke|p2|Scovillain, F|\n|poke|p2|Salazzle, F|\n|poke|p2|Infernape, F|\n|teampreview\n|\n|t:|1696911437\n|start\n|switch|p1a: Pickle Tickle|Tentacruel, M, shiny|100\/100\n|switch|p1b: Arcanine|Arcanine, M, shiny|100\/100\n|switch|p2a: Infernape|Infernape, F, shiny|100\/100\n|switch|p2b: Rotom|Rotom-Heat, shiny|100\/100\n|-ability|p1b: Arcanine|Intimidate|boost\n|-unboost|p2a: Infernape|atk|1\n|-unboost|p2b: Rotom|atk|1\n|turn|1\n|\n|t:|1696911490\n|switch|p1a: Eldegoss|Eldegoss, F, shiny|100\/100\n|move|p2a: Infernape|Rock Slide|p1b: Arcanine|[spread] p1a,p1b\n|-crit|p1a: Eldegoss\n|-supereffective|p1b: Arcanine\n|-damage|p1a: Eldegoss|70\/100\n|-damage|p1b: Arcanine|67\/100\n|-ability|p1a: Eldegoss|Cotton Down\n|-unboost|p1b: Arcanine|spe|1\n|-unboost|p2a: Infernape|spe|1\n|-unboost|p2b: Rotom|spe|1\n|-damage|p2a: Infernape|91\/100|[from] item: Life Orb\n|move|p1b: Arcanine|Mud-Slap|p2a: Infernape\n|-supereffective|p2a: Infernape\n|-damage|p2a: Infernape|75\/100\n|-unboost|p2a: Infernape|accuracy|1\n|move|p2b: Rotom|Thunderbolt|p1a: Eldegoss\n|-resisted|p1a: Eldegoss\n|-damage|p1a: Eldegoss|51\/100\n|-ability|p1a: Eldegoss|Cotton Down\n|-unboost|p1b: Arcanine|spe|1\n|-unboost|p2a: Infernape|spe|1\n|-unboost|p2b: Rotom|spe|1\n|\n|-heal|p1a: Eldegoss|57\/100|[from] item: Leftovers\n|-heal|p1b: Arcanine|73\/100|[from] item: Leftovers\n|upkeep\n|turn|2\n|\n|t:|1696911529\n|move|p2a: Infernape|Swords Dance|p2a: Infernape\n|-boost|p2a: Infernape|atk|2\n|move|p1a: Eldegoss|Leech Seed|p2b: Rotom\n|-start|p2b: Rotom|move: Leech Seed\n|move|p1b: Arcanine|Psychic Fangs|p2a: Infernape\n|-supereffective|p2a: Infernape\n|-damage|p2a: Infernape|8\/100\n|move|p2b: Rotom|Volt Switch|p1a: Eldegoss\n|-resisted|p1a: Eldegoss\n|-damage|p1a: Eldegoss|41\/100\n|-ability|p1a: Eldegoss|Cotton Down\n|-unboost|p1b: Arcanine|spe|1\n|-unboost|p2a: Infernape|spe|1\n|-unboost|p2b: Rotom|spe|1\n|\n|t:|1696911555\n|switch|p2b: Ninetales|Ninetales, F, shiny|100\/100|[from] Volt Switch\n|-weather|SunnyDay|[from] ability: Drought|[of] p2b: Ninetales\n|\n|-weather|SunnyDay|[upkeep]\n|-heal|p1a: Eldegoss|47\/100|[from] item: Leftovers\n|-heal|p1b: Arcanine|80\/100|[from] item: Leftovers\n|upkeep\n|turn|3\n|\n|t:|1696911577\n|switch|p1a: Altaria|Altaria, M, shiny|100\/100\n|-ability|p1a: Altaria|Cloud Nine\n|move|p2b: Ninetales|Scorching Sands|p1b: Arcanine\n|-supereffective|p1b: Arcanine\n|-damage|p1b: Arcanine|12\/100\n|move|p2a: Infernape|Rock Slide|p1b: Arcanine|[spread] p1b\n|-miss|p2a: Infernape|p1a: Altaria\n|-supereffective|p1b: Arcanine\n|-damage|p1b: Arcanine|0 fnt\n|faint|p1b: Arcanine\n|-damage|p2a: Infernape|0 fnt|[from] item: Life Orb\n|faint|p2a: Infernape\n|\n|-weather|SunnyDay|[upkeep]\n|upkeep\n|\n|t:|1696911604\n|switch|p2a: Rotom|Rotom-Heat, shiny|100\/100\n|switch|p1b: Eldegoss|Eldegoss, F, shiny|47\/100\n|turn|4\n|\n|t:|1696911619\n|move|p2b: Ninetales|Scorching Sands|p1b: Eldegoss\n|-resisted|p1b: Eldegoss\n|-damage|p1b: Eldegoss|33\/100\n|-status|p1b: Eldegoss|brn\n|-ability|p1b: Eldegoss|Cotton Down\n|-unboost|p1a: Altaria|spe|1\n|-unboost|p2a: Rotom|spe|1\n|-unboost|p2b: Ninetales|spe|1\n|move|p1a: Altaria|Sing|p2a: Rotom\n|-status|p2a: Rotom|slp|[from] move: Sing\n|move|p1b: Eldegoss|Leech Seed|p2b: Ninetales\n|-start|p2b: Ninetales|move: Leech Seed\n|cant|p2a: Rotom|slp\n|\n|-weather|SunnyDay|[upkeep]\n|-heal|p1b: Eldegoss|39\/100 brn|[from] item: Leftovers\n|-damage|p2b: Ninetales|88\/100|[from] Leech Seed|[of] p1b: Eldegoss\n|-heal|p1b: Eldegoss|53\/100 brn|[silent]\n|-damage|p1b: Eldegoss|47\/100 brn|[from] brn\n|upkeep\n|turn|5\n|\n|t:|1696911655\n|switch|p1a: Pickle Tickle|Tentacruel, M, shiny|100\/100\n|switch|p2a: Salazzle|Salazzle, F, shiny|100\/100\n|move|p2b: Ninetales|Scorching Sands|p1b: Eldegoss\n|-resisted|p1b: Eldegoss\n|-damage|p1b: Eldegoss|33\/100 brn\n|-ability|p1b: Eldegoss|Cotton Down\n|-fail|p1a: Pickle Tickle|unboost|[from] ability: Clear Body|[of] p1a: Pickle Tickle\n|-unboost|p2a: Salazzle|spe|1\n|-unboost|p2b: Ninetales|spe|1\n|move|p1b: Eldegoss|Leech Seed|p2a: Salazzle\n|-start|p2a: Salazzle|move: Leech Seed\n|\n|-weather|SunnyDay|[upkeep]\n|-heal|p1b: Eldegoss|39\/100 brn|[from] item: Leftovers\n|-damage|p2a: Salazzle|88\/100|[from] Leech Seed|[of] p1b: Eldegoss\n|-heal|p1b: Eldegoss|52\/100 brn|[silent]\n|-damage|p2b: Ninetales|76\/100|[from] Leech Seed|[of] p1b: Eldegoss\n|-heal|p1b: Eldegoss|65\/100 brn|[silent]\n|-damage|p1b: Eldegoss|59\/100 brn|[from] brn\n|upkeep\n|turn|6\n|\n|t:|1696911687\n|switch|p1b: Altaria|Altaria, M, shiny|100\/100\n|-ability|p1b: Altaria|Cloud Nine\n|move|p2a: Salazzle|Flamethrower|p1b: Altaria\n|-resisted|p1b: Altaria\n|-damage|p1b: Altaria|79\/100\n|move|p1a: Pickle Tickle|Acupressure|p1a: Pickle Tickle\n|-boost|p1a: Pickle Tickle|atk|2\n|move|p2b: Ninetales|Scorching Sands|p1a: Pickle Tickle\n|-supereffective|p1a: Pickle Tickle\n|-damage|p1a: Pickle Tickle|41\/100\n|\n|-weather|none\n|-heal|p2a: Salazzle|94\/100|[from] item: Black Sludge\n|-damage|p2a: Salazzle|82\/100|[from] Leech Seed|[of] p1b: Altaria\n|-heal|p1b: Altaria|90\/100|[silent]\n|-damage|p2b: Ninetales|64\/100|[from] Leech Seed|[of] p1b: Altaria\n|-heal|p1b: Altaria|100\/100|[silent]\n|upkeep\n|turn|7\n|\n|t:|1696911732\n|move|p1b: Altaria|Sing|p2a: Salazzle|[miss]\n|-miss|p1b: Altaria|p2a: Salazzle\n|-enditem|p1b: Altaria|Blunder Policy\n|-boost|p1b: Altaria|spe|2\n|move|p2a: Salazzle|Nasty Plot|p2a: Salazzle\n|-boost|p2a: Salazzle|spa|2\n|move|p1a: Pickle Tickle|Knock Off|p2b: Ninetales\n|-damage|p2b: Ninetales|2\/100\n|-enditem|p2b: Ninetales|Choice Specs|[from] move: Knock Off|[of] p1a: Pickle Tickle\n|move|p2b: Ninetales|Scorching Sands|p1a: Pickle Tickle\n|-supereffective|p1a: Pickle Tickle\n|-crit|p1a: Pickle Tickle\n|-damage|p1a: Pickle Tickle|0 fnt\n|faint|p1a: Pickle Tickle\n|\n|-heal|p2a: Salazzle|88\/100|[from] item: Black Sludge\n|-damage|p2a: Salazzle|76\/100|[from] Leech Seed|[of] p1b: Altaria\n|-damage|p2b: Ninetales|0 fnt|[from] Leech Seed|[of] p1b: Altaria\n|faint|p2b: Ninetales\n|upkeep\n|\n|t:|1696911764\n|switch|p2b: Scovillain|Scovillain, F, shiny|100\/100\n|switch|p1a: Eldegoss|Eldegoss, F, shiny|59\/100 brn\n|turn|8\n|\n|t:|1696911813\n|move|p1b: Altaria|Hone Claws|p1b: Altaria\n|-boost|p1b: Altaria|atk|1\n|-boost|p1b: Altaria|accuracy|1\n|move|p2b: Scovillain|Solar Beam||[still]\n|-prepare|p2b: Scovillain|Solar Beam\n|move|p2a: Salazzle|Flamethrower|p1a: Eldegoss\n|-supereffective|p1a: Eldegoss\n|-damage|p1a: Eldegoss|0 fnt\n|-ability|p1a: Eldegoss|Cotton Down\n|-unboost|p1b: Altaria|spe|1\n|-unboost|p2a: Salazzle|spe|1\n|-unboost|p2b: Scovillain|spe|1\n|faint|p1a: Eldegoss\n|\n|-heal|p2a: Salazzle|82\/100|[from] item: Black Sludge\n|-damage|p2a: Salazzle|70\/100|[from] Leech Seed|[of] p1b: Altaria\n|upkeep\n|\n|t:|1696911838\n|switch|p1a: Bend Over|Gengar, M, shiny|100\/100\n|turn|9\n|\n|t:|1696911884\n|move|p1b: Altaria|Hone Claws|p1b: Altaria\n|-boost|p1b: Altaria|atk|1\n|-boost|p1b: Altaria|accuracy|1\n|move|p1a: Bend Over|Clear Smog|p2a: Salazzle\n|-resisted|p2a: Salazzle\n|-damage|p2a: Salazzle|52\/100\n|-clearboost|p2a: Salazzle\n|move|p2a: Salazzle|Disable|p1a: Bend Over\n|-start|p1a: Bend Over|Disable|Clear Smog\n|move|p2b: Scovillain|Solar Beam|p1b: Altaria|[from]lockedmove\n|-resisted|p1b: Altaria\n|-damage|p1b: Altaria|81\/100\n|-damage|p2b: Scovillain|91\/100|[from] item: Life Orb\n|\n|-heal|p2a: Salazzle|58\/100|[from] item: Black Sludge\n|-damage|p2a: Salazzle|45\/100|[from] Leech Seed|[of] p1b: Altaria\n|-heal|p1b: Altaria|92\/100|[silent]\n|upkeep\n|turn|10\n|\n|t:|1696911920\n|switch|p2a: Rotom|Rotom-Heat, shiny|100\/100 slp\n|switch|p2b: Incineroar|Incineroar, F, shiny|100\/100\n|-ability|p2b: Incineroar|Intimidate|boost\n|-unboost|p1a: Bend Over|atk|1\n|-unboost|p1b: Altaria|atk|1\n|move|p1b: Altaria|Sing|p2b: Incineroar\n|-status|p2b: Incineroar|slp|[from] move: Sing\n|move|p1a: Bend Over|Nasty Plot|p1a: Bend Over\n|-boost|p1a: Bend Over|spa|2\n|\n|upkeep\n|turn|11\n|\n|t:|1696911941\n|move|p1b: Altaria|Hone Claws|p1b: Altaria\n|-boost|p1b: Altaria|atk|1\n|-boost|p1b: Altaria|accuracy|1\n|move|p1a: Bend Over|Dazzling Gleam|p2b: Incineroar|[spread] p2a,p2b\n|-resisted|p2a: Rotom\n|-damage|p2a: Rotom|85\/100 slp\n|-damage|p2b: Incineroar|61\/100 slp\n|cant|p2a: Rotom|slp\n|cant|p2b: Incineroar|slp\n|\n|-heal|p2a: Rotom|91\/100 slp|[from] item: Leftovers\n|upkeep\n|turn|12\n|\n|t:|1696911968\n|move|p1b: Altaria|Acrobatics|p2b: Incineroar\n|-damage|p2b: Incineroar|15\/100 slp\n|move|p1a: Bend Over|Nasty Plot|p1a: Bend Over\n|-boost|p1a: Bend Over|spa|2\n|cant|p2a: Rotom|slp\n|cant|p2b: Incineroar|slp\n|\n|-heal|p2a: Rotom|97\/100 slp|[from] item: Leftovers\n|upkeep\n|turn|13\n|\n|t:|1696912009\n|move|p1b: Altaria|Acrobatics|p2a: Rotom\n|-resisted|p2a: Rotom\n|-damage|p2a: Rotom|57\/100 slp\n|move|p1a: Bend Over|Dazzling Gleam|p2a: Rotom|[spread] p2a,p2b\n|-resisted|p2a: Rotom\n|-damage|p2a: Rotom|32\/100 slp\n|-damage|p2b: Incineroar|0 fnt\n|faint|p2b: Incineroar\n|-curestatus|p2a: Rotom|slp|[msg]\n|move|p2a: Rotom|Thunderbolt|p1b: Altaria\n|-damage|p1b: Altaria|52\/100\n|\n|-heal|p2a: Rotom|39\/100|[from] item: Leftovers\n|-end|p1a: Bend Over|Disable\n|upkeep\n|\n|t:|1696912027\n|switch|p2b: Salazzle|Salazzle, F, shiny|45\/100\n|turn|14\n|\n|t:|1696912042\n|move|p1b: Altaria|Sing|p2a: Rotom\n|-status|p2a: Rotom|slp|[from] move: Sing\n|move|p2b: Salazzle|Dragon Pulse|p1a: Bend Over\n|-damage|p1a: Bend Over|59\/100\n|-start|p2b: Salazzle|Disable|Dragon Pulse|[from] ability: Cursed Body|[of] p1a: Bend Over\n|move|p1a: Bend Over|Dazzling Gleam|p2a: Rotom|[spread] p2a,p2b\n|-resisted|p2a: Rotom\n|-resisted|p2b: Salazzle\n|-damage|p2a: Rotom|12\/100 slp\n|-damage|p2b: Salazzle|22\/100\n|cant|p2a: Rotom|slp\n|\n|-heal|p2b: Salazzle|28\/100|[from] item: Black Sludge\n|-heal|p1a: Bend Over|65\/100|[from] item: Leftovers\n|-heal|p2a: Rotom|18\/100 slp|[from] item: Leftovers\n|upkeep\n|turn|15\n|\n|t:|1696912065\n|move|p1b: Altaria|Sing|p2b: Salazzle\n|-status|p2b: Salazzle|slp|[from] move: Sing\n|cant|p2b: Salazzle|slp\n|move|p1a: Bend Over|Nasty Plot|p1a: Bend Over\n|-boost|p1a: Bend Over|spa|2\n|cant|p2a: Rotom|slp\n|\n|-heal|p2b: Salazzle|34\/100 slp|[from] item: Black Sludge\n|-heal|p1a: Bend Over|71\/100|[from] item: Leftovers\n|-heal|p2a: Rotom|24\/100 slp|[from] item: Leftovers\n|upkeep\n|turn|16\n|\n|t:|1696912086\n|move|p1b: Altaria|Acrobatics|p2b: Salazzle\n|-damage|p2b: Salazzle|0 fnt\n|faint|p2b: Salazzle\n|move|p1a: Bend Over|Dazzling Gleam|p2a: Rotom\n|-resisted|p2a: Rotom\n|-damage|p2a: Rotom|0 fnt\n|faint|p2a: Rotom\n|\n|-heal|p1a: Bend Over|77\/100|[from] item: Leftovers\n|upkeep\n|\n|t:|1696912098\n|switch|p2b: Scovillain|Scovillain, F, shiny|91\/100\n|turn|17\n|\n|t:|1696912114\n|move|p1b: Altaria|Sing|p2b: Scovillain\n|-status|p2b: Scovillain|slp|[from] move: Sing\n|move|p1a: Bend Over|Clear Smog|p2b: Scovillain\n|-supereffective|p2b: Scovillain\n|-damage|p2b: Scovillain|0 fnt\n|-clearboost|p2b: Scovillain\n|faint|p2b: Scovillain\n|\n|win|LowksterP\n|raw|LowksterP's rating: 1071 &rarr; <strong>1104<\/strong><br \/>(+33 for winning)\n|raw|bombi148's rating: 1115 &rarr; <strong>1087<\/strong><br \/>(-28 for losing)\n|l|\u2606bombi148\n","uploadtime":1696912126,"views":6,"p1id":"lowksterp","p2id":"bombi148","formatid":"gen9nationaldexdoubles","rating":1087,"private":0,"password":""}