{"id":"gen9nationaldexdoubles-1976141149","p1":"FemboyThighs22","p2":"El Ryuk456","format":"[Gen 9] National Dex Doubles","log":"|j|\u2606FemboyThighs22\n|j|\u2606El Ryuk456\n|t:|1698267276\n|gametype|doubles\n|player|p1|FemboyThighs22|flannery|1105\n|player|p2|El Ryuk456|ingo|1390\n|teamsize|p1|6\n|teamsize|p2|6\n|gen|9\n|tier|[Gen 9] National Dex Doubles\n|rated|\n|rule|HP Percentage Mod: HP is shown in percentages\n|rule|Endless Battle Clause: Forcing endless battles is banned\n|rule|OHKO Clause: OHKO moves are banned\n|rule|Evasion Moves Clause: Evasion moves are banned\n|rule|Evasion Abilities Clause: Evasion abilities are banned\n|rule|Species Clause: Limit one of each Pok\u00e9mon\n|rule|Gravity Sleep Clause: The combination of sleep-inducing moves with imperfect accuracy and Gravity or Gigantamax Orbeetle are banned\n|clearpoke\n|poke|p1|Sirfetch\u2019d, F|\n|poke|p1|Zygarde|\n|poke|p1|Jirachi|\n|poke|p1|Urshifu-*, F|\n|poke|p1|Flutter Mane|\n|poke|p1|Amoonguss, M|\n|poke|p2|Landorus-Therian, M|\n|poke|p2|Chien-Pao|\n|poke|p2|Armarouge, M|\n|poke|p2|Blastoise, M|\n|poke|p2|Braviary, M|\n|poke|p2|Arboliva, F|\n|teampreview\n|inactive|Battle timer is ON: inactive players will automatically lose when time's up. (requested by FemboyThighs22)\n|c|\u2606FemboyThighs22|glhd\n|c|\u2606FemboyThighs22|*glhf\n|\n|t:|1698267291\n|start\n|switch|p1a: Zygarde|Zygarde|100\/100\n|switch|p1b: Sirfetch\u2019d|Sirfetch\u2019d, F|100\/100\n|switch|p2a: Landorus|Landorus-Therian, M|100\/100\n|switch|p2b: Chien-Pao|Chien-Pao|100\/100\n|-ability|p2a: Landorus|Intimidate|boost\n|-fail|p1a: Zygarde|unboost|[from] item: Clear Amulet|[of] p1a: Zygarde\n|-unboost|p1b: Sirfetch\u2019d|atk|1\n|-ability|p2b: Chien-Pao|Sword of Ruin\n|-ability|p1a: Zygarde|Aura Break\n|turn|1\n|\n|t:|1698267313\n|switch|p1b: AMONGLUS?@!!|Amoonguss, M, shiny|100\/100\n|switch|p1a: NINJAGO|Urshifu-Rapid-Strike, F|100\/100\n|move|p2a: Landorus|U-turn|p1a: NINJAGO\n|-resisted|p1a: NINJAGO\n|-damage|p1a: NINJAGO|82\/100\n|\n|t:|1698267324\n|switch|p2a: Braviary|Braviary, M|100\/100|[from] U-turn\n|move|p2b: Chien-Pao|Ice Spinner|p1a: NINJAGO\n|-resisted|p1a: NINJAGO\n|-damage|p1a: NINJAGO|57\/100\n|\n|upkeep\n|turn|2\n|\n|t:|1698267343\n|-terastallize|p1a: NINJAGO|Water\n|move|p2b: Chien-Pao|Ice Spinner|p1b: AMONGLUS?@!!\n|-supereffective|p1b: AMONGLUS?@!!\n|-damage|p1b: AMONGLUS?@!!|0 fnt\n|faint|p1b: AMONGLUS?@!!\n|move|p1a: NINJAGO|Surging Strikes|p2a: Braviary\n|-crit|p2a: Braviary\n|-damage|p2a: Braviary|54\/100\n|-crit|p2a: Braviary\n|-damage|p2a: Braviary|4\/100\n|-crit|p2a: Braviary\n|-damage|p2a: Braviary|0 fnt\n|faint|p2a: Braviary\n|-hitcount|p2: Braviary|3\n|\n|upkeep\n|\n|t:|1698267360\n|switch|p2a: Arboliva|Arboliva, F|100\/100\n|switch|p1b: PILLOWS|Flutter Mane|100\/100\n|turn|3\n|\n|t:|1698267369\n|move|p2b: Chien-Pao|Sucker Punch|p1b: PILLOWS\n|-damage|p1b: PILLOWS|25\/100\n|move|p1b: PILLOWS|Moonblast|p2a: Arboliva\n|-damage|p2a: Arboliva|44\/100\n|-fieldstart|move: Grassy Terrain|[from] ability: Seed Sower|[of] p2a: Arboliva\n|move|p1a: NINJAGO|Surging Strikes|p2b: Chien-Pao\n|-crit|p2b: Chien-Pao\n|-damage|p2b: Chien-Pao|60\/100\n|-crit|p2b: Chien-Pao\n|-damage|p2b: Chien-Pao|15\/100\n|-crit|p2b: Chien-Pao\n|-damage|p2b: Chien-Pao|0 fnt\n|faint|p2b: Chien-Pao\n|-hitcount|p2: Chien-Pao|3\n|move|p2a: Arboliva|Giga Drain|p1a: NINJAGO\n|-supereffective|p1a: NINJAGO\n|-damage|p1a: NINJAGO|0 fnt\n|-heal|p2a: Arboliva|70\/100|[from] drain|[of] p1a: NINJAGO\n|faint|p1a: NINJAGO\n|\n|-heal|p1b: PILLOWS|31\/100|[from] Grassy Terrain\n|-heal|p2a: Arboliva|77\/100|[from] Grassy Terrain\n|-heal|p2a: Arboliva|83\/100|[from] item: Leftovers\n|upkeep\n|\n|t:|1698267385\n|switch|p2b: Landorus|Landorus-Therian, M|100\/100\n|switch|p1a: Jirachi|Jirachi|100\/100\n|-ability|p2b: Landorus|Intimidate|boost\n|-unboost|p1a: Jirachi|atk|1\n|-unboost|p1b: PILLOWS|atk|1\n|turn|4\n|\n|t:|1698267400\n|move|p1a: Jirachi|Ally Switch|p1a: Jirachi\n|swap|p1a: Jirachi|1|[from] move: Ally Switch\n|move|p2b: Landorus|Rock Slide|p1a: PILLOWS|[spread] p1b\n|-miss|p2b: Landorus|p1a: PILLOWS\n|-resisted|p1b: Jirachi\n|-damage|p1b: Jirachi|93\/100\n|move|p1a: PILLOWS|Moonblast|p2b: Landorus\n|-damage|p2b: Landorus|10\/100\n|-unboost|p2b: Landorus|spa|1\n|move|p2a: Arboliva|Strength Sap|p1a: PILLOWS\n|-unboost|p1a: PILLOWS|atk|1\n|-heal|p2a: Arboliva|100\/100\n|\n|-heal|p1a: PILLOWS|37\/100|[from] Grassy Terrain\n|-heal|p1b: Jirachi|99\/100|[from] Grassy Terrain\n|upkeep\n|turn|5\n|\n|t:|1698267418\n|move|p2b: Landorus|Rock Slide|p1a: PILLOWS|[spread] p1a,p1b\n|-resisted|p1b: Jirachi\n|-damage|p1a: PILLOWS|0 fnt\n|-damage|p1b: Jirachi|92\/100\n|faint|p1a: PILLOWS\n|-end|p1a: PILLOWS|Protosynthesis|[silent]\n|move|p1b: Jirachi|Iron Head|p2a: Arboliva\n|-damage|p2a: Arboliva|84\/100\n|cant|p2a: Arboliva|flinch\n|\n|-heal|p1b: Jirachi|99\/100|[from] Grassy Terrain\n|-heal|p2a: Arboliva|90\/100|[from] Grassy Terrain\n|-heal|p2a: Arboliva|97\/100|[from] item: Leftovers\n|upkeep\n|\n|t:|1698267424\n|switch|p1a: Zygarde|Zygarde|100\/100\n|-ability|p1a: Zygarde|Aura Break\n|turn|6\n|\n|t:|1698267435\n|switch|p2b: Armarouge|Armarouge, M|100\/100\n|switch|p1b: Sirfetch\u2019d|Sirfetch\u2019d, F|100\/100\n|move|p1a: Zygarde|Dragon Dance|p1a: Zygarde\n|-boost|p1a: Zygarde|atk|1\n|-boost|p1a: Zygarde|spe|1\n|move|p2a: Arboliva|Giga Drain|p1a: Zygarde\n|-damage|p1a: Zygarde|60\/100\n|-heal|p2a: Arboliva|100\/100|[from] drain|[of] p1a: Zygarde\n|\n|-heal|p1a: Zygarde|66\/100|[from] Grassy Terrain\n|upkeep\n|turn|7\n|\n|t:|1698267449\n|move|p2b: Armarouge|Wide Guard|p2b: Armarouge\n|-singleturn|p2b: Armarouge|Wide Guard\n|move|p1a: Zygarde|Thousand Arrows|p2b: Armarouge|[spread] \n|-activate|p2a: Arboliva|move: Wide Guard\n|-activate|p2b: Armarouge|move: Wide Guard\n|move|p1b: Sirfetch\u2019d|Coaching|p1a: Zygarde\n|-boost|p1a: Zygarde|atk|1\n|-boost|p1a: Zygarde|def|1\n|move|p2a: Arboliva|Giga Drain|p1a: Zygarde\n|-damage|p1a: Zygarde|21\/100\n|\n|-heal|p1a: Zygarde|27\/100|[from] Grassy Terrain\n|-fieldend|move: Grassy Terrain\n|upkeep\n|turn|8\n|\n|t:|1698267464\n|-terastallize|p2a: Arboliva|Normal\n|move|p1a: Zygarde|Extreme Speed|p2b: Armarouge\n|-damage|p2b: Armarouge|55\/100\n|move|p1b: Sirfetch\u2019d|Close Combat|p2a: Arboliva\n|-supereffective|p2a: Arboliva\n|-damage|p2a: Arboliva|9\/100\n|-unboost|p1b: Sirfetch\u2019d|def|1\n|-unboost|p1b: Sirfetch\u2019d|spd|1\n|-fieldstart|move: Grassy Terrain|[from] ability: Seed Sower|[of] p2a: Arboliva\n|move|p2a: Arboliva|Hyper Voice|p1a: Zygarde|[spread] p1a,p1b\n|-damage|p1a: Zygarde|0 fnt\n|-damage|p1b: Sirfetch\u2019d|25\/100\n|faint|p1a: Zygarde\n|move|p2b: Armarouge|Trick Room|p2b: Armarouge\n|-fieldstart|move: Trick Room|[of] p2b: Armarouge\n|\n|-heal|p2a: Arboliva|15\/100|[from] Grassy Terrain\n|-heal|p2a: Arboliva|21\/100|[from] item: Leftovers\n|-heal|p2b: Armarouge|62\/100|[from] Grassy Terrain\n|-heal|p1b: Sirfetch\u2019d|31\/100|[from] Grassy Terrain\n|upkeep\n|\n|t:|1698267472\n|switch|p1a: Jirachi|Jirachi|99\/100\n|turn|9\n|\n|t:|1698267485\n|move|p2a: Arboliva|Strength Sap|p1b: Sirfetch\u2019d\n|-unboost|p1b: Sirfetch\u2019d|atk|1\n|-heal|p2a: Arboliva|100\/100\n|move|p2b: Armarouge|Heat Wave|p1a: Jirachi|[spread] p1a,p1b\n|-supereffective|p1a: Jirachi\n|-damage|p1a: Jirachi|48\/100\n|-damage|p1b: Sirfetch\u2019d|0 fnt\n|-enditem|p1a: Jirachi|Sitrus Berry|[eat]\n|-heal|p1a: Jirachi|73\/100|[from] item: Sitrus Berry\n|faint|p1b: Sirfetch\u2019d\n|move|p1a: Jirachi|Iron Head|p2b: Armarouge\n|-resisted|p2b: Armarouge\n|-damage|p2b: Armarouge|49\/100\n|-enditem|p2b: Armarouge|Sitrus Berry|[eat]\n|-heal|p2b: Armarouge|74\/100|[from] item: Sitrus Berry\n|\n|-heal|p2b: Armarouge|80\/100|[from] Grassy Terrain\n|-heal|p1a: Jirachi|79\/100|[from] Grassy Terrain\n|upkeep\n|turn|10\n|c|\u2606FemboyThighs22|gg\n|\n|t:|1698267499\n|move|p2a: Arboliva|Earth Power|p1a: Jirachi\n|-supereffective|p1a: Jirachi\n|-damage|p1a: Jirachi|37\/100\n|move|p2b: Armarouge|Heat Wave|p1a: Jirachi\n|-supereffective|p1a: Jirachi\n|-damage|p1a: Jirachi|0 fnt\n|faint|p1a: Jirachi\n|\n|win|El Ryuk456\n|raw|FemboyThighs22's rating: 1105 &rarr; <strong>1097<\/strong><br \/>(-8 for losing)\n|raw|El Ryuk456's rating: 1390 &rarr; <strong>1396<\/strong><br \/>(+6 for winning)\n|c|\u2606El Ryuk456|gg\n","uploadtime":1698267509,"views":9,"p1id":"femboythighs22","p2id":"elryuk456","formatid":"gen9nationaldexdoubles","rating":1097,"private":0,"password":""}