{"id":"gen9nationaldexdoubles-1956267997","p1":"E.F users be like","p2":"OrangeObama","format":"[Gen 9] National Dex Doubles","log":"|j|\u2606E.F users be like\n|j|\u2606OrangeObama\n|t:|1696091416\n|gametype|doubles\n|player|p1|E.F users be like|sabrina|1080\n|player|p2|OrangeObama|acetrainer-gen4dp|1160\n|teamsize|p1|6\n|teamsize|p2|6\n|gen|9\n|tier|[Gen 9] National Dex Doubles\n|rated|\n|rule|HP Percentage Mod: HP is shown in percentages\n|rule|Endless Battle Clause: Forcing endless battles is banned\n|rule|OHKO Clause: OHKO moves are banned\n|rule|Evasion Moves Clause: Evasion moves are banned\n|rule|Evasion Abilities Clause: Evasion abilities are banned\n|rule|Species Clause: Limit one of each Pok\u00e9mon\n|rule|Gravity Sleep Clause: The combination of sleep-inducing moves with imperfect accuracy and Gravity or Gigantamax Orbeetle are banned\n|clearpoke\n|poke|p1|Blastoise, F|\n|poke|p1|Blaziken, M|\n|poke|p1|Landorus-Therian, M|\n|poke|p1|Shaymin-Sky|\n|poke|p1|Weezing-Galar, M|\n|poke|p1|Type: Null|\n|poke|p2|Latios, M|\n|poke|p2|Landorus-Therian, M|\n|poke|p2|Ogerpon-Wellspring, F|\n|poke|p2|Hitmontop, M|\n|poke|p2|Clefairy, F|\n|poke|p2|Eevee, M|\n|teampreview\n|inactive|Battle timer is ON: inactive players will automatically lose when time's up. (requested by OrangeObama)\n|\n|t:|1696091442\n|start\n|switch|p1a: Blastoise|Blastoise, F|100\/100\n|switch|p1b: Blaziken|Blaziken, M|100\/100\n|switch|p2a: Hitmontop|Hitmontop, M|100\/100\n|switch|p2b: Eevee|Eevee, M|100\/100\n|-ability|p2a: Hitmontop|Intimidate|boost\n|-unboost|p1a: Blastoise|atk|1\n|-unboost|p1b: Blaziken|atk|1\n|turn|1\n|\n|t:|1696091463\n|detailschange|p1a: Blastoise|Blastoise-Mega, F\n|-mega|p1a: Blastoise|Blastoise|Blastoisinite\n|move|p2a: Hitmontop|Fake Out|p1b: Blaziken\n|-damage|p1b: Blaziken|80\/100\n|cant|p1b: Blaziken|flinch\n|move|p1a: Blastoise|Shell Smash|p1a: Blastoise\n|-unboost|p1a: Blastoise|def|1\n|-unboost|p1a: Blastoise|spd|1\n|-boost|p1a: Blastoise|atk|2\n|-boost|p1a: Blastoise|spa|2\n|-boost|p1a: Blastoise|spe|2\n|-zpower|p2b: Eevee\n|move|p2b: Eevee|Extreme Evoboost|p2b: Eevee\n|-boost|p2b: Eevee|atk|2\n|-boost|p2b: Eevee|def|2\n|-boost|p2b: Eevee|spa|2\n|-boost|p2b: Eevee|spd|2\n|-boost|p2b: Eevee|spe|2\n|\n|-ability|p1b: Blaziken|Speed Boost|boost\n|-boost|p1b: Blaziken|spe|1\n|upkeep\n|turn|2\n|\n|t:|1696091489\n|move|p2a: Hitmontop|Wide Guard|p2a: Hitmontop\n|-singleturn|p2a: Hitmontop|Wide Guard\n|move|p1a: Blastoise|Water Spout|p2b: Eevee|[spread] \n|-activate|p2a: Hitmontop|move: Wide Guard\n|-activate|p2b: Eevee|move: Wide Guard\n|move|p2b: Eevee|Baton Pass|p2b: Eevee\n|\n|t:|1696091497\n|switch|p2b: Latios|Latios, M|100\/100|[from] Baton Pass\n|move|p1b: Blaziken|Swords Dance|p1b: Blaziken\n|-boost|p1b: Blaziken|atk|2\n|\n|-ability|p1b: Blaziken|Speed Boost|boost\n|-boost|p1b: Blaziken|spe|1\n|upkeep\n|turn|3\n|inactive|OrangeObama has 120 seconds left.\n|\n|t:|1696091528\n|detailschange|p2b: Latios|Latios-Mega, M\n|-mega|p2b: Latios|Latios|Latiosite\n|move|p1b: Blaziken|Blaze Kick|p2a: Hitmontop\n|-damage|p2a: Hitmontop|0 fnt\n|faint|p2a: Hitmontop\n|-damage|p1b: Blaziken|70\/100|[from] item: Life Orb\n|move|p2b: Latios|Stored Power|p1a: Blastoise\n|-damage|p1a: Blastoise|0 fnt\n|faint|p1a: Blastoise\n|\n|-ability|p1b: Blaziken|Speed Boost|boost\n|-boost|p1b: Blaziken|spe|1\n|upkeep\n|\n|t:|1696091541\n|switch|p1a: Shaymin|Shaymin-Sky|100\/100\n|switch|p2a: Ogerpon|Ogerpon-Wellspring, F|100\/100\n|turn|4\n|\n|t:|1696091553\n|-terastallize|p2a: Ogerpon|Water\n|detailschange|p2a: Ogerpon|Ogerpon-Wellspring-Tera, F, tera:Water\n|-ability|p2a: Ogerpon|Embody Aspect (Wellspring)|boost\n|-boost|p2a: Ogerpon|spd|1\n|move|p1b: Blaziken|Protect|p1b: Blaziken\n|-singleturn|p1b: Blaziken|Protect\n|move|p2a: Ogerpon|Follow Me|p2a: Ogerpon\n|-singleturn|p2a: Ogerpon|move: Follow Me\n|move|p2b: Latios|Stored Power|p1a: Shaymin\n|-damage|p1a: Shaymin|0 fnt\n|faint|p1a: Shaymin\n|\n|-ability|p1b: Blaziken|Speed Boost|boost\n|-boost|p1b: Blaziken|spe|1\n|upkeep\n|\n|t:|1696091574\n|switch|p1a: Type: Null|Type: Null|100\/100\n|turn|5\n|inactive|E.F users be like has 120 seconds left.\n|\n|t:|1696091630\n|move|p1b: Blaziken|Protect||[still]\n|-fail|p1b: Blaziken\n|move|p2a: Ogerpon|Spiky Shield|p2a: Ogerpon\n|-singleturn|p2a: Ogerpon|move: Protect\n|move|p2b: Latios|Stored Power|p1b: Blaziken\n|-supereffective|p1b: Blaziken\n|-damage|p1b: Blaziken|0 fnt\n|faint|p1b: Blaziken\n|move|p1a: Type: Null|Swords Dance|p1a: Type: Null\n|-boost|p1a: Type: Null|atk|2\n|\n|upkeep\n|-message|E.F users be like forfeited.\n|\n|win|OrangeObama\n|raw|E.F users be like's rating: 1080 &rarr; <strong>1063<\/strong><br \/>(-17 for losing)\n|raw|OrangeObama's rating: 1160 &rarr; <strong>1179<\/strong><br \/>(+19 for winning)\n|l|\u2606E.F users be like\n","uploadtime":1696091643,"views":6,"p1id":"efusersbelike","p2id":"orangeobama","formatid":"gen9nationaldexdoubles","rating":1063,"private":0,"password":""}