{"id":"gen9nationaldexdoubles-1991883455","p1":"jin2jin","p2":"ajkbn","format":"[Gen 9] National Dex Doubles","log":"|j|\u2606jin2jin\n|j|\u2606ajkbn\n|t:|1700133280\n|gametype|doubles\n|player|p1|jin2jin|rosa|1312\n|player|p2|ajkbn|2|1159\n|teamsize|p1|6\n|teamsize|p2|6\n|gen|9\n|tier|[Gen 9] National Dex Doubles\n|rated|\n|rule|HP Percentage Mod: HP is shown in percentages\n|rule|Endless Battle Clause: Forcing endless battles is banned\n|rule|OHKO Clause: OHKO moves are banned\n|rule|Evasion Moves Clause: Evasion moves are banned\n|rule|Evasion Abilities Clause: Evasion abilities are banned\n|rule|Species Clause: Limit one of each Pok\u00e9mon\n|rule|Gravity Sleep Clause: The combination of sleep-inducing moves with imperfect accuracy and Gravity or Gigantamax Orbeetle are banned\n|clearpoke\n|poke|p1|Torkoal, F|\n|poke|p1|Whimsicott, F|\n|poke|p1|Venusaur, F|\n|poke|p1|Walking Wake|\n|poke|p1|Excadrill, F|\n|poke|p1|Charizard, F|\n|poke|p2|Krookodile, M|\n|poke|p2|Murkrow, F|\n|poke|p2|Hydreigon, F|\n|poke|p2|Sharpedo, F|\n|poke|p2|Meowscarada, M|\n|poke|p2|Zoroark, M|\n|teampreview\n|inactive|Battle timer is ON: inactive players will automatically lose when time's up. (requested by ajkbn)\n|\n|t:|1700133300\n|start\n|switch|p1a: Whimsicott|Whimsicott, F, shiny|100\/100\n|switch|p1b: Walking Wake|Walking Wake|100\/100\n|switch|p2a: Krookodile|Krookodile, M|100\/100\n|switch|p2b: Meowscarada|Meowscarada, M|100\/100\n|turn|1\n|\n|t:|1700133319\n|-terastallize|p2a: Krookodile|Grass\n|move|p1a: Whimsicott|Sunny Day|p1a: Whimsicott\n|-weather|SunnyDay\n|-activate|p1b: Walking Wake|ability: Protosynthesis\n|-start|p1b: Walking Wake|protosynthesisspa\n|move|p2b: Meowscarada|Flower Trick|p2a: Krookodile\n|-start|p2b: Meowscarada|typechange|Grass|[from] ability: Protean\n|-resisted|p2a: Krookodile\n|-crit|p2a: Krookodile\n|-damage|p2a: Krookodile|77\/100\n|-setboost|p2a: Krookodile|atk|6|[from] ability: Anger Point\n|move|p1b: Walking Wake|Hydro Steam|p2a: Krookodile\n|-resisted|p2a: Krookodile\n|-damage|p2a: Krookodile|28\/100\n|move|p2a: Krookodile|Scale Shot|p1b: Walking Wake\n|-supereffective|p1b: Walking Wake\n|-damage|p1b: Walking Wake|46\/100\n|-supereffective|p1b: Walking Wake\n|-damage|p1b: Walking Wake|0 fnt\n|faint|p1b: Walking Wake\n|-end|p1b: Walking Wake|Protosynthesis|[silent]\n|-hitcount|p1: Walking Wake|2\n|-unboost|p2a: Krookodile|def|1\n|-boost|p2a: Krookodile|spe|1\n|\n|-weather|SunnyDay|[upkeep]\n|-heal|p2a: Krookodile|34\/100|[from] item: Leftovers\n|upkeep\n|\n|t:|1700133330\n|switch|p1b: Charizard|Charizard, F, shiny|100\/100\n|turn|2\n|\n|t:|1700133347\n|move|p2a: Krookodile|Protect|p2a: Krookodile\n|-singleturn|p2a: Krookodile|Protect\n|move|p1a: Whimsicott|Tailwind|p1a: Whimsicott\n|-sidestart|p1: jin2jin|move: Tailwind\n|move|p1b: Charizard|Heat Wave|p2b: Meowscarada|[spread] p2b\n|-activate|p2a: Krookodile|move: Protect\n|-supereffective|p2b: Meowscarada\n|-enditem|p2b: Meowscarada|Focus Sash\n|-damage|p2b: Meowscarada|1\/100\n|-damage|p1b: Charizard|91\/100|[from] item: Life Orb\n|move|p2b: Meowscarada|U-turn|p1a: Whimsicott\n|-damage|p1a: Whimsicott|69\/100\n|\n|t:|1700133360\n|switch|p2b: Murkrow|Murkrow, F|100\/100|[from] U-turn\n|\n|-weather|SunnyDay|[upkeep]\n|-damage|p1b: Charizard|78\/100|[from] ability: Solar Power|[of] p1b: Charizard\n|-heal|p2a: Krookodile|40\/100|[from] item: Leftovers\n|upkeep\n|turn|3\n|\n|t:|1700133374\n|move|p1a: Whimsicott|Encore|p2a: Krookodile\n|-start|p2a: Krookodile|Encore\n|move|p2b: Murkrow|Tailwind|p2b: Murkrow\n|-sidestart|p2: ajkbn|move: Tailwind\n|move|p2a: Krookodile|Protect||[still]\n|-fail|p2a: Krookodile\n|move|p1b: Charizard|Heat Wave|p2b: Murkrow|[spread] p2a,p2b\n|-supereffective|p2a: Krookodile\n|-damage|p2a: Krookodile|0 fnt\n|-damage|p2b: Murkrow|0 fnt\n|faint|p2a: Krookodile\n|faint|p2b: Murkrow\n|-damage|p1b: Charizard|69\/100|[from] item: Life Orb\n|\n|-weather|SunnyDay|[upkeep]\n|-damage|p1b: Charizard|56\/100|[from] ability: Solar Power|[of] p1b: Charizard\n|upkeep\n|\n|t:|1700133391\n|switch|p2a: Sharpedo|Sharpedo, F|100\/100\n|switch|p2b: Hydreigon|Hydreigon, F|100\/100\n|turn|4\n|\n|t:|1700133405\n|move|p2b: Hydreigon|Protect|p2b: Hydreigon\n|-singleturn|p2b: Hydreigon|Protect\n|move|p1a: Whimsicott|Moonblast|p2b: Hydreigon\n|-activate|p2b: Hydreigon|move: Protect\n|move|p2a: Sharpedo|Ice Fang|p1a: Whimsicott\n|-supereffective|p1a: Whimsicott\n|-damage|p1a: Whimsicott|2\/100\n|move|p1b: Charizard|Air Slash|p2a: Sharpedo\n|-damage|p2a: Sharpedo|0 fnt\n|faint|p2a: Sharpedo\n|-damage|p1b: Charizard|46\/100|[from] item: Life Orb\n|\n|-weather|SunnyDay|[upkeep]\n|-damage|p1b: Charizard|34\/100|[from] ability: Solar Power|[of] p1b: Charizard\n|upkeep\n|\n|t:|1700133424\n|switch|p2a: Meowscarada|Meowscarada, M|1\/100\n|turn|5\n|\n|t:|1700133436\n|switch|p1a: Excadrill|Excadrill, F, shiny|100\/100\n|-ability|p1a: Excadrill|Mold Breaker\n|move|p2a: Meowscarada|U-turn|p1a: Excadrill\n|-start|p2a: Meowscarada|typechange|Bug|[from] ability: Protean\n|-resisted|p1a: Excadrill\n|-damage|p1a: Excadrill|77\/100\n|\n|t:|1700133444\n|switch|p2a: Hydreigon|Hydreigon, F|100\/100|[from] U-turn\n|move|p2b: Hydreigon|Dark Pulse|p1b: Charizard\n|-damage|p1b: Charizard|0 fnt\n|faint|p1b: Charizard\n|\n|-weather|none\n|-sideend|p1: jin2jin|move: Tailwind\n|upkeep\n|\n|t:|1700133451\n|switch|p1b: Whimsicott|Whimsicott, F, shiny|2\/100\n|turn|6\n|\n|t:|1700133462\n|move|p1a: Excadrill|Protect|p1a: Excadrill\n|-singleturn|p1a: Excadrill|Protect\n|move|p1b: Whimsicott|Tailwind|p1b: Whimsicott\n|-sidestart|p1: jin2jin|move: Tailwind\n|move|p2b: Hydreigon|Flamethrower|p1b: Whimsicott\n|-supereffective|p1b: Whimsicott\n|-damage|p1b: Whimsicott|0 fnt\n|faint|p1b: Whimsicott\n|move|p2a: Hydreigon|Heat Wave|p1a: Excadrill\n|-activate|p1a: Excadrill|move: Protect\n|\n|-sideend|p2: ajkbn|move: Tailwind\n|upkeep\n|\n|t:|1700133469\n|switch|p1b: Torkoal|Torkoal, F, shiny|100\/100\n|-weather|SunnyDay|[from] ability: Drought|[of] p1b: Torkoal\n|turn|7\n|\n|t:|1700133481\n|move|p1a: Excadrill|High Horsepower|p2a: Hydreigon\n|-damage|p2a: Hydreigon|51\/100\n|move|p2b: Hydreigon|Dark Pulse|p1b: Torkoal\n|-damage|p1b: Torkoal|45\/100\n|move|p2a: Hydreigon|Heat Wave|p1b: Torkoal|[spread] p1a,p1b\n|-supereffective|p1a: Excadrill\n|-resisted|p1b: Torkoal\n|-damage|p1a: Excadrill|0 fnt\n|-damage|p1b: Torkoal|17\/100\n|faint|p1a: Excadrill\n|-damage|p2a: Hydreigon|41\/100|[from] item: Life Orb\n|move|p1b: Torkoal|Heat Wave|p2b: Hydreigon|[spread] p2a,p2b\n|-resisted|p2a: Hydreigon\n|-damage|p2a: Hydreigon|17\/100\n|-damage|p2b: Hydreigon|7\/100\n|replace|p2b: Zoroark|Zoroark, M\n|-end|p2b: Zoroark|Illusion\n|\n|-weather|SunnyDay|[upkeep]\n|upkeep\n|\n|t:|1700133491\n|switch|p1a: Venusaur|Venusaur, F, shiny|100\/100\n|turn|8\n|\n|t:|1700133504\n|-terastallize|p1a: Venusaur|Fire\n|move|p1b: Torkoal|Protect|p1b: Torkoal\n|-singleturn|p1b: Torkoal|Protect\n|move|p1a: Venusaur|Weather Ball|p2b: Zoroark\n|-damage|p2b: Zoroark|0 fnt\n|faint|p2b: Zoroark\n|move|p2a: Hydreigon|Heat Wave|p1a: Venusaur|[spread] \n|-activate|p1b: Torkoal|move: Protect\n|-miss|p2a: Hydreigon|p1a: Venusaur\n|\n|-weather|SunnyDay|[upkeep]\n|upkeep\n|\n|t:|1700133515\n|switch|p2b: Meowscarada|Meowscarada, M|1\/100\n|turn|9\n|\n|t:|1700133526\n|move|p1a: Venusaur|Weather Ball|p2a: Hydreigon\n|-resisted|p2a: Hydreigon\n|-damage|p2a: Hydreigon|0 fnt\n|faint|p2a: Hydreigon\n|move|p2b: Meowscarada|Knock Off|p1a: Venusaur\n|-start|p2b: Meowscarada|typechange|Dark|[from] ability: Protean\n|-damage|p1a: Venusaur|44\/100\n|-enditem|p1a: Venusaur|Covert Cloak|[from] move: Knock Off|[of] p2b: Meowscarada\n|move|p1b: Torkoal|Earth Power|p2b: Meowscarada\n|-damage|p2b: Meowscarada|0 fnt\n|faint|p2b: Meowscarada\n|\n|win|jin2jin\n|raw|jin2jin's rating: 1312 &rarr; <strong>1324<\/strong><br \/>(+12 for winning)\n|raw|ajkbn's rating: 1159 &rarr; <strong>1144<\/strong><br \/>(-15 for losing)\n","uploadtime":1700133535,"views":8,"p1id":"jin2jin","p2id":"ajkbn","formatid":"gen9nationaldexdoubles","rating":1144,"private":0,"password":""}