{"id":"gen9nationaldexdoubles-1950053856","p1":"Mmiirrzzaa","p2":"R3d_VGC","format":"[Gen 9] National Dex Doubles","log":"|j|\u2606Mmiirrzzaa\n|j|\u2606R3d_VGC\n|t:|1695421216\n|gametype|doubles\n|player|p1|Mmiirrzzaa|102|1576\n|player|p2|R3d_VGC|lance|1482\n|teamsize|p1|6\n|teamsize|p2|6\n|gen|9\n|tier|[Gen 9] National Dex Doubles\n|rated|\n|rule|HP Percentage Mod: HP is shown in percentages\n|rule|Endless Battle Clause: Forcing endless battles is banned\n|rule|OHKO Clause: OHKO moves are banned\n|rule|Evasion Moves Clause: Evasion moves are banned\n|rule|Evasion Abilities Clause: Evasion abilities are banned\n|rule|Species Clause: Limit one of each Pok\u00e9mon\n|rule|Gravity Sleep Clause: The combination of sleep-inducing moves with imperfect accuracy and Gravity or Gigantamax Orbeetle are banned\n|clearpoke\n|poke|p1|Volcarona, M|\n|poke|p1|Smeargle, F|\n|poke|p1|Tapu Lele|\n|poke|p1|Tapu Fini|\n|poke|p1|Suicune|\n|poke|p1|Chien-Pao|\n|poke|p2|Salamence, F|\n|poke|p2|Grimmsnarl, M|\n|poke|p2|Incineroar, M|\n|poke|p2|Skeledirge, F|\n|poke|p2|Rillaboom, M|\n|poke|p2|Samurott-Hisui, F|\n|teampreview\n|inactive|Battle timer is ON: inactive players will automatically lose when time's up. (requested by Mmiirrzzaa)\n|inactive|R3d_VGC has 120 seconds left.\n|\n|t:|1695421254\n|start\n|switch|p1a: Miami Terror|Volcarona, M|100\/100\n|switch|p1b: Bobby Lee|Smeargle, F|100\/100\n|switch|p2a: Incineroar|Incineroar, M|100\/100\n|switch|p2b: Rillaboom|Rillaboom, M|100\/100\n|-fieldstart|move: Grassy Terrain|[from] ability: Grassy Surge|[of] p2b: Rillaboom\n|-ability|p2a: Incineroar|Intimidate|boost\n|-unboost|p1a: Miami Terror|atk|1\n|-unboost|p1b: Bobby Lee|atk|1\n|turn|1\n|\n|t:|1695421266\n|move|p1b: Bobby Lee|King's Shield|p1b: Bobby Lee\n|-singleturn|p1b: Bobby Lee|Protect\n|move|p1a: Miami Terror|Protect|p1a: Miami Terror\n|-singleturn|p1a: Miami Terror|Protect\n|move|p2a: Incineroar|Fake Out|p1a: Miami Terror\n|-activate|p1a: Miami Terror|move: Protect\n|move|p2b: Rillaboom|Wood Hammer|p1b: Bobby Lee\n|-activate|p1b: Bobby Lee|move: Protect\n|-unboost|p2b: Rillaboom|atk|1\n|\n|-ability|p1b: Bobby Lee|Moody|boost\n|-boost|p1b: Bobby Lee|spe|2\n|-unboost|p1b: Bobby Lee|spa|1\n|upkeep\n|turn|2\n|\n|t:|1695421284\n|move|p1b: Bobby Lee|Spore|p2a: Incineroar\n|-status|p2a: Incineroar|slp|[from] move: Spore\n|move|p1a: Miami Terror|Quiver Dance|p1a: Miami Terror\n|-boost|p1a: Miami Terror|spa|1\n|-boost|p1a: Miami Terror|spd|1\n|-boost|p1a: Miami Terror|spe|1\n|move|p2b: Rillaboom|Wood Hammer|p1b: Bobby Lee\n|-enditem|p1b: Bobby Lee|Focus Sash\n|-damage|p1b: Bobby Lee|1\/100\n|-damage|p2b: Rillaboom|75\/100|[from] Recoil\n|cant|p2a: Incineroar|slp\n|\n|-heal|p1b: Bobby Lee|7\/100|[from] Grassy Terrain\n|-heal|p2b: Rillaboom|81\/100|[from] Grassy Terrain\n|-ability|p1b: Bobby Lee|Moody|boost\n|-boost|p1b: Bobby Lee|spa|2\n|-unboost|p1b: Bobby Lee|spe|1\n|upkeep\n|turn|3\n|\n|t:|1695421302\n|switch|p2b: Skeledirge|Skeledirge, F|100\/100\n|move|p1b: Bobby Lee|King's Shield|p1b: Bobby Lee\n|-singleturn|p1b: Bobby Lee|Protect\n|move|p1a: Miami Terror|Quiver Dance|p1a: Miami Terror\n|-boost|p1a: Miami Terror|spa|1\n|-boost|p1a: Miami Terror|spd|1\n|-boost|p1a: Miami Terror|spe|1\n|cant|p2a: Incineroar|slp\n|\n|-heal|p1b: Bobby Lee|13\/100|[from] Grassy Terrain\n|-ability|p1b: Bobby Lee|Moody|boost\n|-boost|p1b: Bobby Lee|def|2\n|-unboost|p1b: Bobby Lee|spe|1\n|upkeep\n|turn|4\n|\n|t:|1695421319\n|switch|p2b: Rillaboom|Rillaboom, M|81\/100\n|move|p1a: Miami Terror|Protect|p1a: Miami Terror\n|-singleturn|p1a: Miami Terror|Protect\n|move|p1b: Bobby Lee|Spore|p2b: Rillaboom\n|-immune|p2b: Rillaboom\n|-curestatus|p2a: Incineroar|slp|[msg]\n|move|p2a: Incineroar|Flare Blitz|p1b: Bobby Lee\n|-damage|p1b: Bobby Lee|0 fnt\n|faint|p1b: Bobby Lee\n|-damage|p2a: Incineroar|97\/100|[from] Recoil\n|\n|-heal|p2b: Rillaboom|87\/100|[from] Grassy Terrain\n|-heal|p2a: Incineroar|100\/100|[from] Grassy Terrain\n|upkeep\n|\n|t:|1695421334\n|switch|p1b: Lana|Tapu Fini|100\/100\n|-fieldstart|move: Misty Terrain|[from] ability: Misty Surge|[of] p1b: Lana\n|turn|5\n|\n|t:|1695421342\n|switch|p2b: Skeledirge|Skeledirge, F|100\/100\n|move|p1a: Miami Terror|Heat Wave|p2b: Skeledirge|[spread] p2a,p2b\n|-resisted|p2a: Incineroar\n|-resisted|p2b: Skeledirge\n|-damage|p2a: Incineroar|76\/100\n|-damage|p2b: Skeledirge|87\/100\n|move|p1b: Lana|Psych Up|p1a: Miami Terror\n|-copyboost|p1b: Lana|p1a: Miami Terror|[from] move: Psych Up\n|move|p2a: Incineroar|Snarl|p1a: Miami Terror|[spread] p1a\n|-miss|p2a: Incineroar|p1b: Lana\n|-damage|p1a: Miami Terror|95\/100\n|-unboost|p1a: Miami Terror|spa|1\n|\n|-heal|p1a: Miami Terror|100\/100|[from] item: Leftovers\n|-heal|p2b: Skeledirge|93\/100|[from] item: Leftovers\n|upkeep\n|turn|6\n|\n|t:|1695421358\n|-terastallize|p2b: Skeledirge|Fairy\n|move|p1a: Miami Terror|Quiver Dance|p1a: Miami Terror\n|-boost|p1a: Miami Terror|spa|1\n|-boost|p1a: Miami Terror|spd|1\n|-boost|p1a: Miami Terror|spe|1\n|move|p1b: Lana|Muddy Water|p2b: Skeledirge|[spread] p2a,p2b\n|-supereffective|p2a: Incineroar\n|-damage|p2a: Incineroar|1\/100\n|-damage|p2b: Skeledirge|72\/100\n|-enditem|p2a: Incineroar|Sitrus Berry|[eat]\n|-heal|p2a: Incineroar|26\/100|[from] item: Sitrus Berry\n|move|p2a: Incineroar|Parting Shot|p1b: Lana\n|-unboost|p1b: Lana|atk|1\n|-unboost|p1b: Lana|spa|1\n|\n|t:|1695421364\n|switch|p2a: Rillaboom|Rillaboom, M|87\/100|[from] Parting Shot\n|-fieldstart|move: Grassy Terrain|[from] ability: Grassy Surge|[of] p2a: Rillaboom\n|move|p2b: Skeledirge|Torch Song|p1a: Miami Terror\n|-damage|p1a: Miami Terror|68\/100\n|-boost|p2b: Skeledirge|spa|1\n|\n|-heal|p1a: Miami Terror|75\/100|[from] Grassy Terrain\n|-heal|p1a: Miami Terror|81\/100|[from] item: Leftovers\n|-heal|p2a: Rillaboom|93\/100|[from] Grassy Terrain\n|-heal|p2b: Skeledirge|78\/100|[from] Grassy Terrain\n|-heal|p2b: Skeledirge|84\/100|[from] item: Leftovers\n|upkeep\n|turn|7\n|\n|t:|1695421384\n|switch|p1b: Phoebe|Tapu Lele|100\/100\n|-fieldstart|move: Psychic Terrain|[from] ability: Psychic Surge|[of] p1b: Phoebe\n|move|p1a: Miami Terror|Heat Wave|p2b: Skeledirge|[spread] p2a,p2b\n|-supereffective|p2a: Rillaboom\n|-damage|p2a: Rillaboom|12\/100\n|-damage|p2b: Skeledirge|58\/100\n|-status|p2a: Rillaboom|brn\n|move|p2a: Rillaboom|Grassy Glide|p1b: Phoebe\n|-damage|p1b: Phoebe|89\/100\n|move|p2b: Skeledirge|Torch Song|p1a: Miami Terror\n|-damage|p1a: Miami Terror|38\/100\n|-boost|p2b: Skeledirge|spa|1\n|\n|-heal|p1a: Miami Terror|44\/100|[from] item: Leftovers\n|-heal|p2b: Skeledirge|64\/100|[from] item: Leftovers\n|-damage|p2a: Rillaboom|6\/100 brn|[from] brn\n|upkeep\n|turn|8\n|\n|t:|1695421406\n|move|p1a: Miami Terror|Protect|p1a: Miami Terror\n|-singleturn|p1a: Miami Terror|Protect\n|move|p1b: Phoebe|Psych Up|p1a: Miami Terror\n|-copyboost|p1b: Phoebe|p1a: Miami Terror|[from] move: Psych Up\n|move|p2a: Rillaboom|U-turn|p1a: Miami Terror\n|-activate|p1a: Miami Terror|move: Protect\n|move|p2b: Skeledirge|Shadow Ball|p1b: Phoebe\n|-supereffective|p1b: Phoebe\n|-damage|p1b: Phoebe|0 fnt\n|faint|p1b: Phoebe\n|\n|-heal|p1a: Miami Terror|50\/100|[from] item: Leftovers\n|-heal|p2b: Skeledirge|70\/100|[from] item: Leftovers\n|-damage|p2a: Rillaboom|0 fnt|[from] brn\n|faint|p2a: Rillaboom\n|upkeep\n|\n|t:|1695421423\n|switch|p1b: Mi-Aow|Chien-Pao|100\/100\n|switch|p2a: Grimmsnarl|Grimmsnarl, M|100\/100\n|-ability|p1b: Mi-Aow|Sword of Ruin\n|turn|9\n|\n|t:|1695421434\n|move|p2a: Grimmsnarl|Reflect|p2a: Grimmsnarl\n|-sidestart|p2: R3d_VGC|Reflect\n|move|p1a: Miami Terror|Heat Wave|p2b: Skeledirge|[spread] p2a,p2b\n|-damage|p2a: Grimmsnarl|42\/100\n|-damage|p2b: Skeledirge|45\/100\n|move|p1b: Mi-Aow|Ice Spinner|p2b: Skeledirge\n|-damage|p2b: Skeledirge|16\/100\n|-fieldend|move: Psychic Terrain\n|move|p2b: Skeledirge|Slack Off|p2b: Skeledirge\n|-heal|p2b: Skeledirge|66\/100\n|\n|-heal|p1a: Miami Terror|56\/100|[from] item: Leftovers\n|-heal|p2b: Skeledirge|72\/100|[from] item: Leftovers\n|upkeep\n|turn|10\n|\n|t:|1695421450\n|move|p2a: Grimmsnarl|Light Screen|p2a: Grimmsnarl\n|-sidestart|p2: R3d_VGC|move: Light Screen\n|move|p1a: Miami Terror|Quiver Dance|p1a: Miami Terror\n|-boost|p1a: Miami Terror|spa|1\n|-boost|p1a: Miami Terror|spd|1\n|-boost|p1a: Miami Terror|spe|1\n|move|p1b: Mi-Aow|Ice Spinner|p2a: Grimmsnarl\n|-damage|p2a: Grimmsnarl|7\/100\n|move|p2b: Skeledirge|Slack Off|p2b: Skeledirge\n|-heal|p2b: Skeledirge|100\/100\n|\n|-heal|p1a: Miami Terror|63\/100|[from] item: Leftovers\n|upkeep\n|turn|11\n|\n|t:|1695421462\n|switch|p1b: Azura|Suicune|100\/100\n|move|p1a: Miami Terror|Protect|p1a: Miami Terror\n|-singleturn|p1a: Miami Terror|Protect\n|move|p2a: Grimmsnarl|Thunder Wave|p1a: Miami Terror\n|-activate|p1a: Miami Terror|move: Protect\n|move|p2b: Skeledirge|Torch Song|p1b: Azura\n|-resisted|p1b: Azura\n|-damage|p1b: Azura|73\/100\n|-boost|p2b: Skeledirge|spa|1\n|\n|-heal|p1a: Miami Terror|69\/100|[from] item: Leftovers\n|upkeep\n|turn|12\n|\n|t:|1695421476\n|move|p2a: Grimmsnarl|Thunder Wave|p1a: Miami Terror\n|-status|p1a: Miami Terror|par\n|move|p1a: Miami Terror|Quiver Dance|p1a: Miami Terror\n|-boost|p1a: Miami Terror|spa|1\n|-boost|p1a: Miami Terror|spd|1\n|-boost|p1a: Miami Terror|spe|1\n|move|p2b: Skeledirge|Torch Song|p1a: Miami Terror\n|-damage|p1a: Miami Terror|0 fnt\n|-boost|p2b: Skeledirge|spa|1\n|faint|p1a: Miami Terror\n|move|p1b: Azura|Roar|p2b: Skeledirge\n|drag|p2b: Incineroar|Incineroar, M|26\/100\n|-ability|p2b: Incineroar|Intimidate|boost\n|-fail|p1b: Azura|unboost|Attack|[from] ability: Inner Focus|[of] p1b: Azura\n|\n|upkeep\n|\n|t:|1695421491\n|switch|p1a: Lana|Tapu Fini|100\/100\n|-fieldstart|move: Misty Terrain|[from] ability: Misty Surge|[of] p1a: Lana\n|turn|13\n|\n|t:|1695421498\n|move|p2b: Incineroar|Fake Out|p1b: Azura\n|-damage|p1b: Azura|64\/100\n|move|p1b: Azura|Scald|p2b: Incineroar\n|-supereffective|p2b: Incineroar\n|-crit|p2b: Incineroar\n|-damage|p2b: Incineroar|0 fnt\n|faint|p2b: Incineroar\n|move|p1a: Lana|Muddy Water|p2a: Grimmsnarl\n|-damage|p2a: Grimmsnarl|0 fnt\n|faint|p2a: Grimmsnarl\n|\n|upkeep\n|\n|t:|1695421506\n|switch|p2b: Skeledirge|Skeledirge, F, tera:Fairy|100\/100\n|switch|p2a: Salamence|Salamence, F|100\/100\n|-ability|p2a: Salamence|Intimidate|boost\n|-unboost|p1a: Lana|atk|1\n|-fail|p1b: Azura|unboost|Attack|[from] ability: Inner Focus|[of] p1b: Azura\n|turn|14\n|\n|t:|1695421515\n|detailschange|p2a: Salamence|Salamence-Mega, F\n|-mega|p2a: Salamence|Salamence|Salamencite\n|move|p2a: Salamence|Double-Edge|p1b: Azura\n|-damage|p1b: Azura|10\/100\n|-enditem|p1b: Azura|Aguav Berry|[eat]\n|-heal|p1b: Azura|43\/100|[from] item: Aguav Berry\n|-damage|p2a: Salamence|81\/100|[from] Recoil\n|move|p1b: Azura|Ice Beam|p2a: Salamence\n|-supereffective|p2a: Salamence\n|-damage|p2a: Salamence|17\/100\n|move|p1a: Lana|Muddy Water|p2b: Skeledirge|[spread] \n|-miss|p1a: Lana|p2a: Salamence\n|-miss|p1a: Lana|p2b: Skeledirge\n|move|p2b: Skeledirge|Shadow Ball|p1b: Azura\n|-damage|p1b: Azura|16\/100\n|\n|upkeep\n|turn|15\n|\n|t:|1695421535\n|move|p2a: Salamence|Roost|p2a: Salamence\n|-heal|p2a: Salamence|67\/100\n|-singleturn|p2a: Salamence|move: Roost\n|move|p1b: Azura|Scald|p2b: Skeledirge\n|-damage|p2b: Skeledirge|79\/100\n|move|p1a: Lana|Dazzling Gleam|p2a: Salamence|[spread] p2a,p2b\n|-supereffective|p2a: Salamence\n|-damage|p2a: Salamence|38\/100\n|-damage|p2b: Skeledirge|66\/100\n|move|p2b: Skeledirge|Torch Song|p1b: Azura\n|-resisted|p1b: Azura\n|-damage|p1b: Azura|4\/100\n|-boost|p2b: Skeledirge|spa|1\n|\n|-heal|p2b: Skeledirge|72\/100|[from] item: Leftovers\n|upkeep\n|turn|16\n|\n|t:|1695421555\n|move|p2a: Salamence|Double-Edge|p1a: Lana\n|-damage|p1a: Lana|51\/100\n|-damage|p2a: Salamence|23\/100|[from] Recoil\n|move|p1b: Azura|Ice Beam|p2a: Salamence\n|-supereffective|p2a: Salamence\n|-damage|p2a: Salamence|0 fnt\n|faint|p2a: Salamence\n|move|p1a: Lana|Muddy Water|p2b: Skeledirge\n|-damage|p2b: Skeledirge|53\/100\n|move|p2b: Skeledirge|Torch Song|p1b: Azura\n|-resisted|p1b: Azura\n|-damage|p1b: Azura|0 fnt\n|-boost|p2b: Skeledirge|spa|1\n|faint|p1b: Azura\n|\n|-heal|p2b: Skeledirge|59\/100|[from] item: Leftovers\n|-sideend|p2: R3d_VGC|Reflect\n|upkeep\n|\n|t:|1695421571\n|switch|p2a: Samurott|Samurott-Hisui, F|100\/100\n|switch|p1b: Mi-Aow|Chien-Pao|100\/100\n|-ability|p1b: Mi-Aow|Sword of Ruin\n|turn|17\n|\n|t:|1695421581\n|move|p1b: Mi-Aow|Ice Spinner|p2b: Skeledirge\n|-damage|p2b: Skeledirge|16\/100\n|-fieldend|Misty Terrain\n|move|p2a: Samurott|Sacred Sword|p1b: Mi-Aow\n|-supereffective|p1b: Mi-Aow\n|-enditem|p1b: Mi-Aow|Focus Sash\n|-damage|p1b: Mi-Aow|1\/100\n|move|p1a: Lana|Taunt|p2b: Skeledirge\n|-start|p2b: Skeledirge|move: Taunt\n|cant|p2b: Skeledirge|move: Taunt|Slack Off\n|\n|-heal|p2b: Skeledirge|22\/100|[from] item: Leftovers\n|-sideend|p2: R3d_VGC|move: Light Screen\n|upkeep\n|turn|18\n|\n|t:|1695421598\n|move|p1b: Mi-Aow|Sacred Sword|p2a: Samurott\n|-supereffective|p2a: Samurott\n|-damage|p2a: Samurott|0 fnt\n|faint|p2a: Samurott\n|move|p1a: Lana|Dazzling Gleam|p2b: Skeledirge\n|-damage|p2b: Skeledirge|0 fnt\n|faint|p2b: Skeledirge\n|\n|win|Mmiirrzzaa\n|raw|Mmiirrzzaa's rating: 1576 &rarr; <strong>1591<\/strong><br \/>(+15 for winning)\n|raw|R3d_VGC's rating: 1482 &rarr; <strong>1467<\/strong><br \/>(-15 for losing)\n|l|\u2606R3d_VGC\n|c|\u2606Mmiirrzzaa|gg\n","uploadtime":1695421687,"views":4,"p1id":"mmiirrzzaa","p2id":"r3dvgc","formatid":"gen9nationaldexdoubles","rating":1467,"private":0,"password":""}