{"id":"gen9nationaldexdoubles-1962805932","p1":"NotArusef","p2":"Zera & Lucy","format":"[Gen 9] National Dex Doubles","log":"|j|\u2606NotArusef\n|j|\u2606Zera & Lucy\n|t:|1696793939\n|gametype|doubles\n|player|p1|NotArusef|pokemonranger-gen4|1177\n|player|p2|Zera & Lucy|cynthia|1213\n|teamsize|p1|6\n|teamsize|p2|6\n|gen|9\n|tier|[Gen 9] National Dex Doubles\n|rated|\n|rule|HP Percentage Mod: HP is shown in percentages\n|rule|Endless Battle Clause: Forcing endless battles is banned\n|rule|OHKO Clause: OHKO moves are banned\n|rule|Evasion Moves Clause: Evasion moves are banned\n|rule|Evasion Abilities Clause: Evasion abilities are banned\n|rule|Species Clause: Limit one of each Pok\u00e9mon\n|rule|Gravity Sleep Clause: The combination of sleep-inducing moves with imperfect accuracy and Gravity or Gigantamax Orbeetle are banned\n|clearpoke\n|poke|p1|Conkeldurr, M|\n|poke|p1|Slowking-Galar, M|\n|poke|p1|Slowbro, F|\n|poke|p1|Cofagrigus, M|\n|poke|p1|Sableye, F|\n|poke|p1|Cradily, F|\n|poke|p2|Indeedee, M|\n|poke|p2|Espeon, F|\n|poke|p2|Amoonguss, F|\n|poke|p2|Goodra-Hisui, F|\n|poke|p2|Sinistcha-Masterpiece|\n|poke|p2|Alakazam, M|\n|teampreview\n|inactive|Battle timer is ON: inactive players will automatically lose when time's up. (requested by Zera & Lucy)\n|inactive|NotArusef also wants the timer to be on.\n|\n|t:|1696793954\n|start\n|switch|p1a: Cofagrigus|Cofagrigus, M|100\/100\n|switch|p1b: Sableye|Sableye, F|100\/100\n|switch|p2a: Goodra|Goodra-Hisui, F|100\/100\n|switch|p2b: Amoonguss|Amoonguss, F|100\/100\n|turn|1\n|\n|t:|1696793966\n|move|p1b: Sableye|Taunt|p2b: Amoonguss\n|-start|p2b: Amoonguss|move: Taunt\n|move|p2a: Goodra|Curse|p2a: Goodra\n|-unboost|p2a: Goodra|spe|1\n|-boost|p2a: Goodra|atk|1\n|-boost|p2a: Goodra|def|1\n|cant|p2b: Amoonguss|move: Taunt|Spore\n|move|p1a: Cofagrigus|Trick Room|p1a: Cofagrigus\n|-fieldstart|move: Trick Room|[of] p1a: Cofagrigus\n|\n|upkeep\n|turn|2\n|\n|t:|1696793979\n|switch|p2b: Sinistcha|Sinistcha-Masterpiece|100\/100\n|move|p2a: Goodra|Curse|p2a: Goodra\n|-unboost|p2a: Goodra|spe|1\n|-boost|p2a: Goodra|atk|1\n|-boost|p2a: Goodra|def|1\n|move|p1a: Cofagrigus|Haze|p1a: Cofagrigus\n|-clearallboost\n|move|p1b: Sableye|Knock Off|p2a: Goodra\n|-damage|p2a: Goodra|77\/100\n|-damage|p1b: Sableye|84\/100|[from] item: Rocky Helmet|[of] p2a: Goodra\n|-ability|p2a: Goodra|Gooey\n|-unboost|p1b: Sableye|spe|1\n|-enditem|p2a: Goodra|Rocky Helmet|[from] move: Knock Off|[of] p1b: Sableye\n|\n|upkeep\n|turn|3\n|\n|t:|1696793999\n|switch|p2b: Amoonguss|Amoonguss, F|100\/100\n|move|p1b: Sableye|Knock Off|p2b: Amoonguss\n|-damage|p2b: Amoonguss|77\/100\n|-enditem|p2b: Amoonguss|Leftovers|[from] move: Knock Off|[of] p1b: Sableye\n|move|p1a: Cofagrigus|Body Press|p2a: Goodra\n|-supereffective|p2a: Goodra\n|-damage|p2a: Goodra|14\/100\n|-ability|p2a: Goodra|Gooey\n|-unboost|p1a: Cofagrigus|spe|1\n|move|p2a: Goodra|Curse|p2a: Goodra\n|-unboost|p2a: Goodra|spe|1\n|-boost|p2a: Goodra|atk|1\n|-boost|p2a: Goodra|def|1\n|\n|upkeep\n|turn|4\n|\n|t:|1696794027\n|switch|p2b: Sinistcha|Sinistcha-Masterpiece|100\/100\n|-heal|p2a: Goodra|39\/100|[from] ability: Hospitality|[of] p2b: Sinistcha\n|move|p1b: Sableye|Taunt|p2b: Sinistcha\n|-start|p2b: Sinistcha|move: Taunt\n|move|p1a: Cofagrigus|Body Press|p2a: Goodra\n|-supereffective|p2a: Goodra\n|-damage|p2a: Goodra|0 fnt\n|-ability|p2a: Goodra|Gooey\n|-unboost|p1a: Cofagrigus|spe|1\n|faint|p2a: Goodra\n|\n|upkeep\n|inactive|Zera & Lucy has 120 seconds left.\n|\n|t:|1696794048\n|switch|p2a: Amoonguss|Amoonguss, F|100\/100\n|turn|5\n|\n|t:|1696794057\n|move|p2a: Amoonguss|Rage Powder|p2a: Amoonguss\n|-singleturn|p2a: Amoonguss|move: Rage Powder\n|move|p1b: Sableye|Taunt|p2a: Amoonguss\n|-start|p2a: Amoonguss|move: Taunt\n|move|p1a: Cofagrigus|Shadow Ball|p2a: Amoonguss\n|-damage|p2a: Amoonguss|82\/100\n|move|p2b: Sinistcha|Shadow Ball|p1a: Cofagrigus\n|-supereffective|p1a: Cofagrigus\n|-damage|p1a: Cofagrigus|17\/100\n|-unboost|p1a: Cofagrigus|spd|1\n|\n|-fieldend|move: Trick Room\n|upkeep\n|turn|6\n|\n|t:|1696794082\n|switch|p2b: Espeon|Espeon, F|100\/100\n|switch|p2a: Indeedee|Indeedee, M|100\/100\n|-fieldstart|move: Psychic Terrain|[from] ability: Psychic Surge|[of] p2a: Indeedee\n|move|p1b: Sableye|Knock Off|p2b: Espeon\n|-supereffective|p2b: Espeon\n|-damage|p2b: Espeon|0 fnt\n|-enditem|p2b: Espeon|Choice Specs|[from] move: Knock Off|[of] p1b: Sableye\n|faint|p2b: Espeon\n|move|p1a: Cofagrigus|Trick Room|p1a: Cofagrigus\n|-fieldstart|move: Trick Room|[of] p1a: Cofagrigus\n|\n|upkeep\n|\n|t:|1696794102\n|switch|p2b: Amoonguss|Amoonguss, F|100\/100\n|turn|7\n|\n|t:|1696794116\n|switch|p1b: Conkeldurr|Conkeldurr, M|100\/100\n|move|p2b: Amoonguss|Rage Powder|p2b: Amoonguss\n|-singleturn|p2b: Amoonguss|move: Rage Powder\n|move|p1a: Cofagrigus|Body Press|p2b: Amoonguss\n|-resisted|p2b: Amoonguss\n|-damage|p2b: Amoonguss|87\/100\n|move|p2a: Indeedee|Shadow Ball|p1b: Conkeldurr\n|-damage|p1b: Conkeldurr|73\/100\n|\n|-status|p1b: Conkeldurr|brn|[from] item: Flame Orb\n|upkeep\n|turn|8\n|\n|t:|1696794146\n|switch|p1a: Slowking|Slowking-Galar, M|100\/100\n|move|p2b: Amoonguss|Rage Powder|p2b: Amoonguss\n|-singleturn|p2b: Amoonguss|move: Rage Powder\n|move|p1b: Conkeldurr|Drain Punch|p2b: Amoonguss\n|-resisted|p2b: Amoonguss\n|-damage|p2b: Amoonguss|55\/100\n|-heal|p1b: Conkeldurr|89\/100 brn|[from] drain|[of] p2b: Amoonguss\n|move|p2a: Indeedee|Expanding Force|p1a: Slowking|[spread] p1a,p1b\n|-supereffective|p1b: Conkeldurr\n|-damage|p1a: Slowking|60\/100\n|-damage|p1b: Conkeldurr|0 fnt\n|faint|p1b: Conkeldurr\n|\n|-heal|p1a: Slowking|66\/100|[from] item: Black Sludge\n|upkeep\n|inactive|NotArusef has 120 seconds left.\n|\n|t:|1696794169\n|switch|p1b: Cradily|Cradily, F|100\/100\n|turn|9\n|\n|t:|1696794194\n|-terastallize|p2a: Indeedee|Psychic\n|move|p2b: Amoonguss|Rage Powder|p2b: Amoonguss\n|-singleturn|p2b: Amoonguss|move: Rage Powder\n|move|p1a: Slowking|Flamethrower|p2b: Amoonguss\n|-supereffective|p2b: Amoonguss\n|-crit|p2b: Amoonguss\n|-damage|p2b: Amoonguss|0 fnt\n|faint|p2b: Amoonguss\n|move|p1b: Cradily|Ancient Power|p2a: Indeedee\n|-damage|p2a: Indeedee|75\/100\n|move|p2a: Indeedee|Expanding Force|p1a: Slowking|[spread] p1a,p1b\n|-damage|p1a: Slowking|14\/100\n|-damage|p1b: Cradily|58\/100\n|\n|-heal|p1a: Slowking|20\/100|[from] item: Black Sludge\n|upkeep\n|inactive|Zera & Lucy has 120 seconds left.\n|\n|t:|1696794208\n|switch|p2b: Sinistcha|Sinistcha-Masterpiece|100\/100\n|-heal|p2a: Indeedee|99\/100|[from] ability: Hospitality|[of] p2b: Sinistcha\n|turn|10\n|\n|t:|1696794219\n|switch|p1a: Cofagrigus|Cofagrigus, M|17\/100\n|move|p1b: Cradily|Leech Seed|p2a: Indeedee\n|-start|p2a: Indeedee|move: Leech Seed\n|move|p2b: Sinistcha|Matcha Gotcha|p1b: Cradily|[spread] p1a,p1b\n|-damage|p1a: Cofagrigus|0 fnt\n|-damage|p1b: Cradily|37\/100\n|faint|p1a: Cofagrigus\n|move|p2a: Indeedee|Expanding Force|p1b: Cradily\n|-damage|p1b: Cradily|0 fnt\n|faint|p1b: Cradily\n|\n|-fieldend|move: Trick Room\n|upkeep\n|\n|t:|1696794241\n|switch|p1b: Sableye|Sableye, F|84\/100\n|switch|p1a: Slowking|Slowking-Galar, M|53\/100\n|turn|11\n|\n|t:|1696794251\n|switch|p2b: Alakazam|Alakazam, M|100\/100\n|move|p2a: Indeedee|Expanding Force|p1b: Sableye|[spread] p1a\n|-immune|p1b: Sableye\n|-damage|p1a: Slowking|0 fnt\n|faint|p1a: Slowking\n|move|p1b: Sableye|Knock Off|p2b: Alakazam\n|-supereffective|p2b: Alakazam\n|-damage|p2b: Alakazam|17\/100\n|\n|-damage|p2a: Indeedee|87\/100|[from] Leech Seed|[of] p1b: Sableye\n|-heal|p1b: Sableye|95\/100|[silent]\n|upkeep\n|\n|t:|1696794262\n|switch|p1a: Slowbro|Slowbro, F|100\/100\n|turn|12\n|\n|t:|1696794270\n|detailschange|p2b: Alakazam|Alakazam-Mega, M\n|-mega|p2b: Alakazam|Alakazam|Alakazite\n|-ability|p2b: Alakazam|Prankster|[from] ability: Trace|[of] p1b: Sableye\n|move|p2a: Indeedee|Helping Hand|p2b: Alakazam\n|-singleturn|p2b: Alakazam|Helping Hand|[of] p2a: Indeedee\n|move|p2b: Alakazam|Dazzling Gleam|p1a: Slowbro|[spread] p1a,p1b\n|-supereffective|p1b: Sableye\n|-damage|p1a: Slowbro|62\/100\n|-damage|p1b: Sableye|0 fnt\n|faint|p1b: Sableye\n|move|p1a: Slowbro|Trick Room|p1a: Slowbro\n|-fieldstart|move: Trick Room|[of] p1a: Slowbro\n|\n|-heal|p1a: Slowbro|69\/100|[from] item: Leftovers\n|upkeep\n|turn|13\n|\n|t:|1696794290\n|move|p1a: Slowbro|Hydro Pump|p2a: Indeedee\n|-damage|p2a: Indeedee|12\/100\n|move|p2a: Indeedee|Shadow Ball|p1a: Slowbro\n|-supereffective|p1a: Slowbro\n|-damage|p1a: Slowbro|15\/100\n|move|p2b: Alakazam|Signal Beam|p1a: Slowbro\n|-supereffective|p1a: Slowbro\n|-damage|p1a: Slowbro|0 fnt\n|faint|p1a: Slowbro\n|\n|win|Zera & Lucy\n|raw|NotArusef's rating: 1177 &rarr; <strong>1155<\/strong><br \/>(-22 for losing)\n|raw|Zera &amp; Lucy's rating: 1213 &rarr; <strong>1235<\/strong><br \/>(+22 for winning)\n|l|\u2606NotArusef\n","uploadtime":1696794301,"views":6,"p1id":"notarusef","p2id":"zeralucy","formatid":"gen9nationaldexdoubles","rating":1155,"private":0,"password":""}