{"id":"gen9nationaldexdoubles-1958714133","p1":"Koge Takashii","p2":"ElonMusksSon","format":"[Gen 9] National Dex Doubles","log":"|j|\u2606Koge Takashii\n|j|\u2606ElonMusksSon\n|t:|1696352554\n|gametype|doubles\n|player|p1|Koge Takashii|brawly|1111\n|player|p2|ElonMusksSon|265|1090\n|teamsize|p1|6\n|teamsize|p2|6\n|gen|9\n|tier|[Gen 9] National Dex Doubles\n|rated|\n|rule|HP Percentage Mod: HP is shown in percentages\n|rule|Endless Battle Clause: Forcing endless battles is banned\n|rule|OHKO Clause: OHKO moves are banned\n|rule|Evasion Moves Clause: Evasion moves are banned\n|rule|Evasion Abilities Clause: Evasion abilities are banned\n|rule|Species Clause: Limit one of each Pok\u00e9mon\n|rule|Gravity Sleep Clause: The combination of sleep-inducing moves with imperfect accuracy and Gravity or Gigantamax Orbeetle are banned\n|clearpoke\n|poke|p1|Gholdengo|\n|poke|p1|Volbeat, M|\n|poke|p1|Tropius, M|\n|poke|p1|Illumise, F|\n|poke|p1|Charizard, M|\n|poke|p1|Tyranitar, M|\n|poke|p2|Rotom-Wash|\n|poke|p2|Garchomp, F|\n|poke|p2|Zoroark-Hisui, F|\n|poke|p2|Lucario, F|\n|poke|p2|Cresselia, F|\n|poke|p2|Ting-Lu|\n|teampreview\n|\n|t:|1696352570\n|start\n|switch|p1a: Volbeat|Volbeat, M, shiny|100\/100\n|switch|p1b: Tyranitar|Tyranitar, M, shiny|100\/100\n|switch|p2a: Cresselia|Cresselia, F|100\/100\n|switch|p2b: Ting-Lu|Ting-Lu|100\/100\n|-weather|Sandstorm|[from] ability: Sand Stream|[of] p1b: Tyranitar\n|-ability|p2b: Ting-Lu|Vessel of Ruin\n|turn|1\n|\n|t:|1696352579\n|move|p1a: Volbeat|Thunder Wave|p2a: Cresselia\n|-status|p2a: Cresselia|par\n|move|p1b: Tyranitar|Taunt|p2a: Cresselia\n|-start|p2a: Cresselia|move: Taunt\n|cant|p2a: Cresselia|move: Taunt|Calm Mind\n|move|p2b: Ting-Lu|Earthquake|p1b: Tyranitar|[spread] p1a,p1b\n|-immune|p2a: Cresselia|[from] ability: Levitate\n|-resisted|p1a: Volbeat\n|-supereffective|p1b: Tyranitar\n|-damage|p1a: Volbeat|81\/100\n|-damage|p1b: Tyranitar|35\/100\n|-enditem|p1a: Volbeat|Red Card|[of] p2b: Ting-Lu\n|drag|p2b: Lucario|Lucario, F|100\/100\n|\n|-weather|Sandstorm|[upkeep]\n|-damage|p1a: Volbeat|75\/100|[from] Sandstorm\n|-damage|p2a: Cresselia|94\/100 par|[from] Sandstorm\n|-heal|p2a: Cresselia|100\/100 par|[from] item: Leftovers\n|upkeep\n|turn|2\n|\n|t:|1696352608\n|switch|p1b: Gholdengo|Gholdengo, shiny|100\/100\n|move|p1a: Volbeat|Thunder Wave|p2b: Lucario\n|-status|p2b: Lucario|par\n|move|p2b: Lucario|Earthquake|p1a: Volbeat|[spread] p1a,p1b\n|-immune|p2a: Cresselia|[from] ability: Levitate\n|-resisted|p1a: Volbeat\n|-supereffective|p1b: Gholdengo\n|-damage|p1a: Volbeat|60\/100\n|-damage|p1b: Gholdengo|45\/100\n|move|p2a: Cresselia|Moonblast|p1b: Gholdengo\n|-resisted|p1b: Gholdengo\n|-damage|p1b: Gholdengo|35\/100\n|\n|-weather|Sandstorm|[upkeep]\n|-damage|p1a: Volbeat|54\/100|[from] Sandstorm\n|-damage|p2a: Cresselia|94\/100 par|[from] Sandstorm\n|-heal|p2a: Cresselia|100\/100 par|[from] item: Leftovers\n|upkeep\n|turn|3\n|\n|t:|1696352639\n|switch|p2a: Rotom|Rotom-Wash|100\/100\n|move|p1a: Volbeat|Light Screen|p1a: Volbeat\n|-sidestart|p1: Koge Takashii|move: Light Screen\n|move|p1b: Gholdengo|Confuse Ray|p2b: Lucario\n|-start|p2b: Lucario|confusion\n|-activate|p2b: Lucario|confusion\n|cant|p2b: Lucario|par\n|\n|-weather|Sandstorm|[upkeep]\n|-damage|p2a: Rotom|94\/100|[from] Sandstorm\n|-damage|p1a: Volbeat|47\/100|[from] Sandstorm\n|upkeep\n|turn|4\n|\n|t:|1696352671\n|switch|p2b: Ting-Lu|Ting-Lu|100\/100\n|-ability|p2b: Ting-Lu|Vessel of Ruin\n|-terastallize|p1b: Gholdengo|Electric\n|move|p1a: Volbeat|Tailwind|p1a: Volbeat\n|-sidestart|p1: Koge Takashii|move: Tailwind\n|move|p1b: Gholdengo|Nasty Plot|p1b: Gholdengo\n|-boost|p1b: Gholdengo|spa|2\n|move|p2a: Rotom|Hydro Pump|p1b: Gholdengo|[miss]\n|-miss|p2a: Rotom|p1b: Gholdengo\n|\n|-weather|Sandstorm|[upkeep]\n|-damage|p1b: Gholdengo|29\/100|[from] Sandstorm\n|-damage|p1a: Volbeat|41\/100|[from] Sandstorm\n|-damage|p2a: Rotom|88\/100|[from] Sandstorm\n|upkeep\n|turn|5\n|\n|t:|1696352694\n|move|p1b: Gholdengo|Make It Rain|p2a: Rotom|[spread] p2a,p2b\n|-resisted|p2a: Rotom\n|-damage|p2a: Rotom|61\/100\n|-damage|p2b: Ting-Lu|47\/100\n|-unboost|p1b: Gholdengo|spa|1\n|move|p1a: Volbeat|U-turn|p2b: Ting-Lu\n|-supereffective|p2b: Ting-Lu\n|-damage|p2b: Ting-Lu|24\/100\n|\n|t:|1696352705\n|switch|p1a: Tropius|Tropius, M|100\/100|[from] U-turn\n|move|p2a: Rotom|Hydro Pump|p1a: Tropius\n|-resisted|p1a: Tropius\n|-damage|p1a: Tropius|86\/100\n|move|p2b: Ting-Lu|Earthquake|p1b: Gholdengo|[spread] p1b\n|-immune|p2a: Rotom|[from] ability: Levitate\n|-immune|p1a: Tropius\n|-supereffective|p1b: Gholdengo\n|-damage|p1b: Gholdengo|0 fnt\n|faint|p1b: Gholdengo\n|\n|-weather|none\n|-heal|p2b: Ting-Lu|30\/100|[from] item: Leftovers\n|upkeep\n|\n|t:|1696352718\n|switch|p1b: Illumise|Illumise, F|100\/100\n|turn|6\n|\n|t:|1696352741\n|move|p1b: Illumise|Sunny Day|p1b: Illumise\n|-weather|SunnyDay\n|move|p1a: Tropius|Solar Beam||[still]\n|-prepare|p1a: Tropius|Solar Beam\n|-anim|p1a: Tropius|Solar Beam|p2a: Rotom\n|-supereffective|p2a: Rotom\n|-damage|p2a: Rotom|0 fnt\n|faint|p2a: Rotom\n|move|p2b: Ting-Lu|Rock Slide|p1b: Illumise|[spread] p1a\n|-miss|p2b: Ting-Lu|p1b: Illumise\n|-supereffective|p1a: Tropius\n|-damage|p1a: Tropius|41\/100\n|\n|-weather|SunnyDay|[upkeep]\n|-damage|p1a: Tropius|29\/100|[from] ability: Solar Power|[of] p1a: Tropius\n|-heal|p2b: Ting-Lu|36\/100|[from] item: Leftovers\n|upkeep\n|\n|t:|1696352766\n|switch|p2a: Garchomp|Garchomp, F|100\/100\n|turn|7\n|\n|t:|1696352796\n|move|p1b: Illumise|Thunder Wave|p2a: Garchomp\n|-status|p2a: Garchomp|par\n|move|p1a: Tropius|Solar Beam||[still]\n|-prepare|p1a: Tropius|Solar Beam\n|-anim|p1a: Tropius|Solar Beam|p2a: Garchomp\n|-enditem|p2a: Garchomp|Focus Sash\n|-damage|p2a: Garchomp|1\/100 par\n|replace|p2a: Zoroark|Zoroark-Hisui, F\n|-end|p2a: Zoroark|Illusion\n|cant|p2a: Zoroark|par\n|move|p2b: Ting-Lu|Rock Slide|p1b: Illumise|[spread] p1a\n|-miss|p2b: Ting-Lu|p1b: Illumise\n|-supereffective|p1a: Tropius\n|-damage|p1a: Tropius|0 fnt\n|faint|p1a: Tropius\n|\n|-weather|SunnyDay|[upkeep]\n|-heal|p2b: Ting-Lu|42\/100|[from] item: Leftovers\n|-sideend|p1: Koge Takashii|move: Light Screen\n|-sideend|p1: Koge Takashii|move: Tailwind\n|upkeep\n|\n|t:|1696352812\n|switch|p1a: Charizard|Charizard, M, shiny|100\/100\n|turn|8\n|\n|t:|1696352831\n|detailschange|p1a: Charizard|Charizard-Mega-X, M, shiny\n|-mega|p1a: Charizard|Charizard|Charizardite X\n|move|p2a: Zoroark|Protect|p2a: Zoroark\n|-singleturn|p2a: Zoroark|Protect\n|move|p1b: Illumise|Light Screen|p1b: Illumise\n|-sidestart|p1: Koge Takashii|move: Light Screen\n|move|p1a: Charizard|Dragon Dance|p1a: Charizard\n|-boost|p1a: Charizard|atk|1\n|-boost|p1a: Charizard|spe|1\n|move|p2b: Ting-Lu|Rock Slide|p1b: Illumise|[spread] p1b\n|-miss|p2b: Ting-Lu|p1a: Charizard\n|-supereffective|p1b: Illumise\n|-damage|p1b: Illumise|63\/100\n|-enditem|p1b: Illumise|Red Card|[of] p2b: Ting-Lu\n|drag|p2b: Garchomp|Garchomp, F|100\/100\n|\n|-weather|SunnyDay|[upkeep]\n|upkeep\n|turn|9\n|\n|t:|1696352877\n|switch|p1b: Tyranitar|Tyranitar, M, shiny|35\/100\n|-weather|Sandstorm|[from] ability: Sand Stream|[of] p1b: Tyranitar\n|move|p1a: Charizard|Sky Drop||[still]\n|-prepare|p1a: Charizard|Sky Drop|p2b: Garchomp\n|cant|p2a: Zoroark|par\n|\n|-weather|Sandstorm|[upkeep]\n|-damage|p1a: Charizard|94\/100|[from] Sandstorm\n|-damage|p2a: Zoroark|0 fnt|[from] Sandstorm\n|faint|p2a: Zoroark\n|upkeep\n|inactive|Battle timer is ON: inactive players will automatically lose when time's up. (requested by Koge Takashii)\n|\n|t:|1696352888\n|switch|p2a: Cresselia|Cresselia, F|100\/100 par\n|turn|10\n|\n|t:|1696352903\n|move|p1a: Charizard|Sky Drop|p2b: Garchomp|[from]lockedmove\n|-damage|p2b: Garchomp|67\/100\n|-end|p2b: Garchomp|Sky Drop\n|-damage|p1a: Charizard|82\/100|[from] ability: Rough Skin|[of] p2b: Garchomp\n|move|p2a: Cresselia|Moonblast|p1a: Charizard\n|-damage|p1a: Charizard|65\/100\n|move|p1b: Tyranitar|Dragon Tail|p2b: Garchomp\n|-supereffective|p2b: Garchomp\n|-damage|p2b: Garchomp|30\/100\n|-damage|p1b: Tyranitar|22\/100|[from] ability: Rough Skin|[of] p2b: Garchomp\n|drag|p2b: Lucario|Lucario, F|100\/100 par\n|\n|-weather|Sandstorm|[upkeep]\n|-damage|p1a: Charizard|59\/100|[from] Sandstorm\n|-damage|p2a: Cresselia|94\/100 par|[from] Sandstorm\n|-heal|p2a: Cresselia|100\/100 par|[from] item: Leftovers\n|upkeep\n|turn|11\n|\n|t:|1696352925\n|move|p1a: Charizard|Flamethrower|p2b: Lucario\n|-supereffective|p2b: Lucario\n|-damage|p2b: Lucario|0 fnt\n|faint|p2b: Lucario\n|move|p1b: Tyranitar|Taunt|p2a: Cresselia\n|-start|p2a: Cresselia|move: Taunt\n|cant|p2a: Cresselia|move: Taunt|Calm Mind\n|\n|-weather|Sandstorm|[upkeep]\n|-damage|p1a: Charizard|53\/100|[from] Sandstorm\n|-damage|p2a: Cresselia|94\/100 par|[from] Sandstorm\n|-heal|p2a: Cresselia|100\/100 par|[from] item: Leftovers\n|upkeep\n|\n|t:|1696352932\n|switch|p2b: Garchomp|Garchomp, F|30\/100\n|turn|12\n|\n|t:|1696352951\n|move|p1a: Charizard|Dragon Breath|p2b: Garchomp\n|-supereffective|p2b: Garchomp\n|-damage|p2b: Garchomp|0 fnt\n|faint|p2b: Garchomp\n|move|p1b: Tyranitar|Rock Slide|p2a: Cresselia\n|-damage|p2a: Cresselia|69\/100 par\n|cant|p2a: Cresselia|par\n|\n|-weather|Sandstorm|[upkeep]\n|-damage|p1a: Charizard|47\/100|[from] Sandstorm\n|-damage|p2a: Cresselia|63\/100 par|[from] Sandstorm\n|-heal|p2a: Cresselia|69\/100 par|[from] item: Leftovers\n|-sideend|p1: Koge Takashii|move: Light Screen\n|upkeep\n|-message|ElonMusksSon forfeited.\n|\n|win|Koge Takashii\n|raw|Koge Takashii's rating: 1111 &rarr; <strong>1134<\/strong><br \/>(+23 for winning)\n|raw|ElonMusksSon's rating: 1090 &rarr; <strong>1068<\/strong><br \/>(-22 for losing)\n|l|\u2606ElonMusksSon\n","uploadtime":1696353416,"views":11,"p1id":"kogetakashii","p2id":"elonmusksson","formatid":"gen9nationaldexdoubles","rating":1068,"private":0,"password":""}