{"id":"gen9nationaldexdoubles-1955751966","p1":"AutumnCookie","p2":"parkle","format":"[Gen 9] National Dex Doubles","log":"|j|\u2606AutumnCookie\n|j|\u2606parkle\n|t:|1696024460\n|gametype|doubles\n|player|p1|AutumnCookie|blue|\n|player|p2|parkle|nemona-v|\n|teamsize|p1|6\n|teamsize|p2|6\n|gen|9\n|tier|[Gen 9] National Dex Doubles\n|rule|HP Percentage Mod: HP is shown in percentages\n|rule|Endless Battle Clause: Forcing endless battles is banned\n|rule|OHKO Clause: OHKO moves are banned\n|rule|Evasion Moves Clause: Evasion moves are banned\n|rule|Evasion Abilities Clause: Evasion abilities are banned\n|rule|Species Clause: Limit one of each Pok\u00e9mon\n|rule|Gravity Sleep Clause: The combination of sleep-inducing moves with imperfect accuracy and Gravity or Gigantamax Orbeetle are banned\n|clearpoke\n|poke|p1|Lycanroc-Midnight, M|\n|poke|p1|Incineroar, M|\n|poke|p1|Golisopod, F|\n|poke|p1|Mimikyu, F|\n|poke|p1|Scrafty, M|\n|poke|p1|Electivire, M|\n|poke|p2|Lycanroc, F|\n|poke|p2|Goodra, F|\n|poke|p2|Dudunsparce-*, M|\n|poke|p2|Orthworm, M|\n|poke|p2|Pawmot, M|\n|poke|p2|Quaquaval, M|\n|teampreview\n|\n|t:|1696024499\n|start\n|switch|p1a: Scrafty|Scrafty, M|100\/100\n|switch|p1b: Golisopod|Golisopod, F|100\/100\n|switch|p2a: Lycanroc|Lycanroc, F|100\/100\n|switch|p2b: Dudunsparce|Dudunsparce-Three-Segment, M|100\/100\n|turn|1\n|\n|t:|1696024533\n|move|p1b: Golisopod|First Impression|p2b: Dudunsparce\n|-damage|p2b: Dudunsparce|49\/100\n|move|p2a: Lycanroc|Stealth Rock|p1a: Scrafty\n|-sidestart|p1: AutumnCookie|move: Stealth Rock\n|move|p1a: Scrafty|Bulk Up|p1a: Scrafty\n|-boost|p1a: Scrafty|atk|1\n|-boost|p1a: Scrafty|def|1\n|move|p2b: Dudunsparce|Coil|p2b: Dudunsparce\n|-boost|p2b: Dudunsparce|atk|1\n|-boost|p2b: Dudunsparce|def|1\n|-boost|p2b: Dudunsparce|accuracy|1\n|\n|upkeep\n|turn|2\n|\n|t:|1696024582\n|move|p2a: Lycanroc|Stone Edge|p1b: Golisopod\n|-supereffective|p1b: Golisopod\n|-damage|p1b: Golisopod|0 fnt\n|faint|p1b: Golisopod\n|-damage|p2a: Lycanroc|91\/100|[from] item: Life Orb\n|move|p1a: Scrafty|Drain Punch|p2b: Dudunsparce\n|-supereffective|p2b: Dudunsparce\n|-damage|p2b: Dudunsparce|4\/100\n|move|p2b: Dudunsparce|Hyper Drill|p1a: Scrafty\n|-damage|p1a: Scrafty|53\/100\n|\n|-heal|p1a: Scrafty|59\/100|[from] item: Leftovers\n|upkeep\n|c|\u2606AutumnCookie|Good luck with Scrafty now that it got a Bulk Up. With Moxie it will be even Worse .\n|c|\u2606parkle|im so sleepy this is unfair \/j\n|\n|t:|1696024631\n|switch|p1b: Mimikyu|Mimikyu, F|100\/100\n|-damage|p1b: Mimikyu|88\/100|[from] Stealth Rock\n|turn|3\n|c|\u2606AutumnCookie|LOL\n|\n|t:|1696024658\n|move|p2a: Lycanroc|Drill Run|p1a: Scrafty\n|-crit|p1a: Scrafty\n|-damage|p1a: Scrafty|13\/100\n|-damage|p2a: Lycanroc|81\/100|[from] item: Life Orb\n|move|p1b: Mimikyu|Play Rough|p2b: Dudunsparce\n|-damage|p2b: Dudunsparce|0 fnt\n|faint|p2b: Dudunsparce\n|-damage|p1b: Mimikyu|78\/100|[from] item: Life Orb\n|move|p1a: Scrafty|Drain Punch|p2a: Lycanroc\n|-supereffective|p2a: Lycanroc\n|-damage|p2a: Lycanroc|0 fnt\n|-heal|p1a: Scrafty|48\/100|[from] drain|[of] p2a: Lycanroc\n|faint|p2a: Lycanroc\n|-ability|p1a: Scrafty|Moxie|boost\n|-boost|p1a: Scrafty|atk|1\n|\n|-heal|p1a: Scrafty|54\/100|[from] item: Leftovers\n|upkeep\n|c|\u2606parkle|dudunsparce :(\n|\n|t:|1696024699\n|switch|p2a: Pawmot|Pawmot, M|100\/100\n|switch|p2b: Orthworm|Orthworm, M|100\/100\n|turn|4\n|c|\u2606AutumnCookie|That Scrafty ALREADY has over 400 attack at this point\n|\n|t:|1696024732\n|move|p2a: Pawmot|Close Combat|p1a: Scrafty\n|-supereffective|p1a: Scrafty\n|-damage|p1a: Scrafty|0 fnt\n|-unboost|p2a: Pawmot|def|1\n|-unboost|p2a: Pawmot|spd|1\n|faint|p1a: Scrafty\n|move|p1b: Mimikyu|Swords Dance|p1b: Mimikyu\n|-boost|p1b: Mimikyu|atk|2\n|move|p2b: Orthworm|Iron Tail|p1b: Mimikyu\n|-activate|p1b: Mimikyu|ability: Disguise\n|-damage|p1b: Mimikyu|78\/100\n|-unboost|p1b: Mimikyu|def|1\n|detailschange|p1b: Mimikyu|Mimikyu-Busted, F\n|-damage|p1b: Mimikyu|66\/100|[from] pokemon: Mimikyu-Busted\n|\n|upkeep\n|c|\u2606parkle|good thing i want it GONE\n|c|\u2606AutumnCookie|LOL REAL\n|\n|t:|1696024768\n|switch|p1a: Incineroar|Incineroar, M|100\/100\n|-damage|p1a: Incineroar|76\/100|[from] Stealth Rock\n|-ability|p1a: Incineroar|Intimidate|boost\n|-unboost|p2a: Pawmot|atk|1\n|-unboost|p2b: Orthworm|atk|1\n|turn|5\n|c|\u2606AutumnCookie|...actually this Mimikyu should scare you more.\n|\n|t:|1696024839\n|move|p2a: Pawmot|Revival Blessing|p2a: Pawmot\n|-enditem|p2a: Pawmot|Leppa Berry|[eat]\n|-activate|p2a: Pawmot|item: Leppa Berry|Revival Blessing|[consumed]\n|\n|t:|1696024845\n|-heal|p2: Lycanroc|50\/100|[from] move: Revival Blessing\n|move|p1b: Mimikyu|Play Rough|p2a: Pawmot\n|-supereffective|p2a: Pawmot\n|-damage|p2a: Pawmot|0 fnt\n|faint|p2a: Pawmot\n|-damage|p1b: Mimikyu|56\/100|[from] item: Life Orb\n|move|p1a: Incineroar|Fire Punch|p2b: Orthworm\n|-supereffective|p2b: Orthworm\n|-damage|p2b: Orthworm|46\/100\n|-enditem|p2b: Orthworm|Sitrus Berry|[eat]\n|-heal|p2b: Orthworm|71\/100|[from] item: Sitrus Berry\n|move|p2b: Orthworm|Iron Tail|p1b: Mimikyu\n|-supereffective|p1b: Mimikyu\n|-damage|p1b: Mimikyu|0 fnt\n|faint|p1b: Mimikyu\n|\n|upkeep\n|c|\u2606parkle|fuck your mimikyu <33\n|c|\u2606AutumnCookie|So real\n|\n|t:|1696024875\n|switch|p2a: Quaquaval|Quaquaval, M|100\/100\n|switch|p1b: Electivire|Electivire, M|100\/100\n|-damage|p1b: Electivire|88\/100|[from] Stealth Rock\n|turn|6\n|\n|t:|1696024940\n|move|p2a: Quaquaval|Aqua Step|p1a: Incineroar\n|-supereffective|p1a: Incineroar\n|-damage|p1a: Incineroar|0 fnt\n|-boost|p2a: Quaquaval|spe|1\n|faint|p1a: Incineroar\n|-ability|p2a: Quaquaval|Moxie|boost\n|-boost|p2a: Quaquaval|atk|1\n|move|p1b: Electivire|Thunderbolt|p2a: Quaquaval\n|-supereffective|p2a: Quaquaval\n|-damage|p2a: Quaquaval|0 fnt\n|faint|p2a: Quaquaval\n|move|p2b: Orthworm|Shed Tail|p2b: Orthworm\n|-start|p2b: Orthworm|Substitute|[from] move: Shed Tail\n|-damage|p2b: Orthworm|21\/100\n|\n|t:|1696024976\n|switch|p2b: Lycanroc|Lycanroc, F|50\/100|[from] Shed Tail\n|\n|upkeep\n|\n|t:|1696024983\n|switch|p2a: Goodra|Goodra, F|100\/100\n|switch|p1a: Lycanroc|Lycanroc-Midnight, M|100\/100\n|-damage|p1a: Lycanroc|88\/100|[from] Stealth Rock\n|turn|7\n|\n|t:|1696025051\n|move|p2b: Lycanroc|Drill Run|p1b: Electivire\n|-supereffective|p1b: Electivire\n|-damage|p1b: Electivire|0 fnt\n|faint|p1b: Electivire\n|-damage|p2b: Lycanroc|40\/100|[from] item: Life Orb\n|move|p2a: Goodra|Muddy Water|p1a: Lycanroc\n|-supereffective|p1a: Lycanroc\n|-damage|p1a: Lycanroc|5\/100\n|-unboost|p1a: Lycanroc|accuracy|1\n|move|p1a: Lycanroc|Trailblaze|p2b: Lycanroc\n|-supereffective|p2b: Lycanroc\n|-end|p2b: Lycanroc|Substitute\n|-boost|p1a: Lycanroc|spe|1\n|-damage|p1a: Lycanroc|0 fnt|[from] item: Life Orb\n|faint|p1a: Lycanroc\n|\n|win|parkle\n|c|\u2606parkle|TEEHEE\n|c|\u2606AutumnCookie|IT'S BEST OUT OF 3 THOUGH\n|c|\u2606parkle|life orb when life orb\n|c|\u2606parkle|OKAY LET ME HAVE THIS VICTORY DAMN\n|c|\u2606parkle|:(\n","uploadtime":1696025070,"views":8,"p1id":"autumncookie","p2id":"parkle","formatid":"gen9nationaldexdoubles","rating":0,"private":0,"password":""}