{"id":"gen9nationaldexdoubles-1985484304","p1":"fumbari 24","p2":"Birdie-BBY","format":"[Gen 9] National Dex Doubles","log":"|j|\u2606fumbari 24\n|j|\u2606Birdie-BBY\n|t:|1699378471\n|gametype|doubles\n|player|p1|fumbari 24|hilbert|1203\n|player|p2|Birdie-BBY|veteranf|1084\n|teamsize|p1|6\n|teamsize|p2|6\n|gen|9\n|tier|[Gen 9] National Dex Doubles\n|rated|\n|rule|HP Percentage Mod: HP is shown in percentages\n|rule|Endless Battle Clause: Forcing endless battles is banned\n|rule|OHKO Clause: OHKO moves are banned\n|rule|Evasion Moves Clause: Evasion moves are banned\n|rule|Evasion Abilities Clause: Evasion abilities are banned\n|rule|Species Clause: Limit one of each Pok\u00e9mon\n|rule|Gravity Sleep Clause: The combination of sleep-inducing moves with imperfect accuracy and Gravity or Gigantamax Orbeetle are banned\n|clearpoke\n|poke|p1|Manectric, M|\n|poke|p1|Crobat, F|\n|poke|p1|Boltund, M|\n|poke|p1|Lucario, M|\n|poke|p1|Tinkaton, F|\n|poke|p1|Arboliva, F|\n|poke|p2|Darkrai|\n|poke|p2|Brute Bonnet|\n|poke|p2|Wo-Chien|\n|poke|p2|Murkrow, M|\n|poke|p2|Guzzlord|\n|poke|p2|Incineroar, F|\n|teampreview\n|\n|t:|1699378480\n|start\n|switch|p1a: Lucario|Lucario, M|100\/100\n|switch|p1b: Tinkaton|Tinkaton, F|100\/100\n|switch|p2a: Incineroar|Incineroar, F|100\/100\n|switch|p2b: Murkrow|Murkrow, M|100\/100\n|-ability|p1b: Tinkaton|Mold Breaker\n|-ability|p2a: Incineroar|Intimidate|boost\n|-fail|p1a: Lucario|unboost|Attack|[from] ability: Inner Focus|[of] p1a: Lucario\n|-unboost|p1b: Tinkaton|atk|1\n|turn|1\n|\n|t:|1699378505\n|move|p1b: Tinkaton|Fake Out|p2b: Murkrow\n|-damage|p2b: Murkrow|95\/100\n|move|p2a: Incineroar|Fake Out|p1a: Lucario\n|-resisted|p1a: Lucario\n|-damage|p1a: Lucario|94\/100\n|cant|p2b: Murkrow|flinch\n|move|p1a: Lucario|Metal Sound|p2b: Murkrow\n|-unboost|p2b: Murkrow|spd|2\n|-enditem|p1a: Lucario|Throat Spray\n|-boost|p1a: Lucario|spa|1|[from] item: Throat Spray\n|\n|upkeep\n|turn|2\n|inactive|Battle timer is ON: inactive players will automatically lose when time's up. (requested by fumbari 24)\n|inactive|Birdie-BBY has 120 seconds left.\n|\n|t:|1699378536\n|-terastallize|p1a: Lucario|Fighting\n|move|p1a: Lucario|Vacuum Wave|p2b: Murkrow\n|-damage|p2b: Murkrow|21\/100\n|move|p2b: Murkrow|Tailwind|p2b: Murkrow\n|-sidestart|p2: Birdie-BBY|move: Tailwind\n|move|p2a: Incineroar|Parting Shot|p1b: Tinkaton\n|-unboost|p1b: Tinkaton|atk|1\n|-unboost|p1b: Tinkaton|spa|1\n|\n|t:|1699378549\n|switch|p2a: Brute Bonnet|Brute Bonnet, shiny|100\/100|[from] Parting Shot\n|-enditem|p2a: Brute Bonnet|Booster Energy\n|-activate|p2a: Brute Bonnet|ability: Protosynthesis|[fromitem]\n|-start|p2a: Brute Bonnet|protosynthesisatk\n|move|p1b: Tinkaton|Encore|p2b: Murkrow\n|-start|p2b: Murkrow|Encore\n|\n|upkeep\n|turn|3\n|\n|t:|1699378571\n|switch|p2b: Guzzlord|Guzzlord, shiny|100\/100\n|move|p1a: Lucario|Vacuum Wave|p2a: Brute Bonnet\n|-supereffective|p2a: Brute Bonnet\n|-damage|p2a: Brute Bonnet|40\/100\n|move|p1b: Tinkaton|Gigaton Hammer|p2a: Brute Bonnet\n|-damage|p2a: Brute Bonnet|22\/100\n|move|p2a: Brute Bonnet|Spore|p1b: Tinkaton\n|-activate|p1b: Tinkaton|item: Safety Goggles|Spore\n|\n|upkeep\n|turn|4\n|inactive|Birdie-BBY has 120 seconds left.\n|\n|t:|1699378607\n|-end|p2a: Brute Bonnet|Protosynthesis|[silent]\n|switch|p2a: Wo-Chien|Wo-Chien|100\/100\n|-ability|p2a: Wo-Chien|Tablets of Ruin\n|move|p1a: Lucario|Vacuum Wave|p2a: Wo-Chien\n|-supereffective|p2a: Wo-Chien\n|-damage|p2a: Wo-Chien|58\/100\n|move|p1b: Tinkaton|Skill Swap|p2b: Guzzlord\n|-activate|p1b: Tinkaton|move: Skill Swap|Beast Boost|Mold Breaker|[of] p2b: Guzzlord\n|-ability|p2b: Guzzlord|Mold Breaker\n|move|p2b: Guzzlord|Stockpile|p2b: Guzzlord\n|-start|p2b: Guzzlord|stockpile1\n|-boost|p2b: Guzzlord|def|1\n|-boost|p2b: Guzzlord|spd|1\n|\n|-heal|p2a: Wo-Chien|64\/100|[from] item: Leftovers\n|upkeep\n|turn|5\n|inactive|Birdie-BBY has 120 seconds left.\n|\n|t:|1699378638\n|-terastallize|p2b: Guzzlord|Fire\n|move|p2a: Wo-Chien|Leech Seed|p1b: Tinkaton\n|-start|p1b: Tinkaton|move: Leech Seed\n|move|p1b: Tinkaton|Encore|p2b: Guzzlord\n|-start|p2b: Guzzlord|Encore\n|move|p1a: Lucario|Metal Sound|p2a: Wo-Chien\n|-unboost|p2a: Wo-Chien|spd|2\n|move|p2b: Guzzlord|Stockpile|p2b: Guzzlord\n|-start|p2b: Guzzlord|stockpile2\n|-boost|p2b: Guzzlord|def|1\n|-boost|p2b: Guzzlord|spd|1\n|\n|-heal|p2a: Wo-Chien|70\/100|[from] item: Leftovers\n|-damage|p1b: Tinkaton|88\/100|[from] Leech Seed|[of] p2a: Wo-Chien\n|-heal|p2a: Wo-Chien|82\/100|[silent]\n|-sideend|p2: Birdie-BBY|move: Tailwind\n|upkeep\n|turn|6\n|inactive|Birdie-BBY has 120 seconds left.\n|\n|t:|1699378669\n|switch|p2a: Incineroar|Incineroar, F|100\/100\n|-ability|p2a: Incineroar|Intimidate|boost\n|-fail|p1a: Lucario|unboost|Attack|[from] ability: Inner Focus|[of] p1a: Lucario\n|-unboost|p1b: Tinkaton|atk|1\n|move|p1a: Lucario|Vacuum Wave|p2a: Incineroar\n|-supereffective|p2a: Incineroar\n|-damage|p2a: Incineroar|37\/100\n|move|p1b: Tinkaton|Skill Swap|p1a: Lucario\n|-activate|p1b: Tinkaton|move: Skill Swap|||[of] p1a: Lucario\n|move|p2b: Guzzlord|Stockpile|p2b: Guzzlord\n|-start|p2b: Guzzlord|stockpile3\n|-boost|p2b: Guzzlord|def|1\n|-boost|p2b: Guzzlord|spd|1\n|\n|-damage|p1b: Tinkaton|76\/100|[from] Leech Seed|[of] p2a: Incineroar\n|-heal|p2a: Incineroar|48\/100|[silent]\n|upkeep\n|turn|7\n|inactive|Birdie-BBY has 120 seconds left.\n|inactive|fumbari 24 has 120 seconds left.\n|\n|t:|1699378709\n|move|p1a: Lucario|Vacuum Wave|p2a: Incineroar\n|-supereffective|p2a: Incineroar\n|-damage|p2a: Incineroar|0 fnt\n|faint|p2a: Incineroar\n|-ability|p1a: Lucario|Beast Boost|boost\n|-boost|p1a: Lucario|spa|1\n|move|p1b: Tinkaton|Gigaton Hammer|p2b: Guzzlord\n|-resisted|p2b: Guzzlord\n|-damage|p2b: Guzzlord|98\/100\n|move|p2b: Guzzlord|Stockpile||[still]\n|-fail|p2b: Guzzlord\n|\n|-end|p2b: Guzzlord|Encore\n|upkeep\n|\n|t:|1699378724\n|switch|p2a: Murkrow|Murkrow, M|21\/100\n|turn|8\n|inactive|Birdie-BBY has 120 seconds left.\n|\n|t:|1699378741\n|move|p1a: Lucario|Vacuum Wave|p2a: Murkrow\n|-damage|p2a: Murkrow|0 fnt\n|faint|p2a: Murkrow\n|-ability|p1a: Lucario|Beast Boost|boost\n|-boost|p1a: Lucario|spa|1\n|move|p1b: Tinkaton|Encore|p2b: Guzzlord\n|-start|p2b: Guzzlord|Encore\n|move|p2b: Guzzlord|Stockpile||[still]\n|-fail|p2b: Guzzlord\n|\n|upkeep\n|inactive|Birdie-BBY has 120 seconds left.\n|\n|t:|1699378754\n|switch|p2a: Darkrai|Darkrai, shiny|100\/100\n|turn|9\n|\n|t:|1699378767\n|switch|p2b: Wo-Chien|Wo-Chien|82\/100\n|-ability|p2b: Wo-Chien|Tablets of Ruin\n|move|p1a: Lucario|Vacuum Wave|p2a: Darkrai\n|-supereffective|p2a: Darkrai\n|-damage|p2a: Darkrai|0 fnt\n|faint|p2a: Darkrai\n|-ability|p1a: Lucario|Beast Boost|boost\n|-boost|p1a: Lucario|spa|1\n|move|p1b: Tinkaton|Gigaton Hammer|p2b: Wo-Chien\n|-damage|p2b: Wo-Chien|73\/100\n|\n|-heal|p2b: Wo-Chien|79\/100|[from] item: Leftovers\n|upkeep\n|-message|Birdie-BBY forfeited.\n|\n|win|fumbari 24\n|raw|fumbari 24's rating: 1203 &rarr; <strong>1220<\/strong><br \/>(+17 for winning)\n|raw|Birdie-BBY's rating: 1084 &rarr; <strong>1069<\/strong><br \/>(-15 for losing)\n|l|\u2606Birdie-BBY\n","uploadtime":1699378779,"views":13,"p1id":"fumbari24","p2id":"birdiebby","formatid":"gen9nationaldexdoubles","rating":1069,"private":0,"password":""}