{"id":"gen9nationaldexdoubles-1979661456","p1":"alexklazomaniac","p2":"Tritus ELITE 4","format":"[Gen 9] National Dex Doubles","log":"|j|\u2606alexklazomaniac\n|j|\u2606Tritus ELITE 4\n|t:|1698700918\n|gametype|doubles\n|player|p1|alexklazomaniac|leaf-masters|1188\n|player|p2|Tritus ELITE 4|wulfric|1076\n|teamsize|p1|6\n|teamsize|p2|6\n|gen|9\n|tier|[Gen 9] National Dex Doubles\n|rated|\n|rule|HP Percentage Mod: HP is shown in percentages\n|rule|Endless Battle Clause: Forcing endless battles is banned\n|rule|OHKO Clause: OHKO moves are banned\n|rule|Evasion Moves Clause: Evasion moves are banned\n|rule|Evasion Abilities Clause: Evasion abilities are banned\n|rule|Species Clause: Limit one of each Pok\u00e9mon\n|rule|Gravity Sleep Clause: The combination of sleep-inducing moves with imperfect accuracy and Gravity or Gigantamax Orbeetle are banned\n|clearpoke\n|poke|p1|Zangoose, F|\n|poke|p1|Venusaur, M|\n|poke|p1|Porygon2|\n|poke|p1|Scizor, F|\n|poke|p1|Cloyster, M|\n|poke|p1|Aerodactyl, M|\n|poke|p2|Basculegion-F, F|\n|poke|p2|Swampert, M|\n|poke|p2|Pelipper, F|\n|poke|p2|Araquanid, M|\n|poke|p2|Milotic, F|\n|poke|p2|Ludicolo, M|\n|teampreview\n|\n|t:|1698700940\n|start\n|switch|p1a: Zangoose|Zangoose, F|100\/100\n|switch|p1b: Porygon2|Porygon2|100\/100\n|switch|p2a: Pelipper|Pelipper, F|100\/100\n|switch|p2b: Swampert|Swampert, M|100\/100\n|-weather|RainDance|[from] ability: Drizzle|[of] p2a: Pelipper\n|-ability|p1b: Porygon2|Download|boost\n|-boost|p1b: Porygon2|atk|1\n|turn|1\n|inactive|Battle timer is ON: inactive players will automatically lose when time's up. (requested by Tritus ELITE 4)\n|\n|t:|1698700964\n|switch|p1a: Venusaur|Venusaur, M|100\/100\n|detailschange|p2b: Swampert|Swampert-Mega, M\n|-mega|p2b: Swampert|Swampert|Swampertite\n|move|p2b: Swampert|Waterfall|p1a: Venusaur\n|-resisted|p1a: Venusaur\n|-damage|p1a: Venusaur|60\/100\n|move|p2a: Pelipper|Tailwind|p2a: Pelipper\n|-sidestart|p2: Tritus ELITE 4|move: Tailwind\n|move|p1b: Porygon2|Discharge|p2a: Pelipper|[spread] p1a,p2a\n|-immune|p2b: Swampert\n|-resisted|p1a: Venusaur\n|-supereffective|p2a: Pelipper\n|-damage|p1a: Venusaur|52\/100\n|-damage|p2a: Pelipper|13\/100\n|-status|p2a: Pelipper|par\n|\n|-weather|RainDance|[upkeep]\n|-heal|p2a: Pelipper|20\/100 par|[from] item: Leftovers\n|upkeep\n|turn|2\n|\n|t:|1698700992\n|detailschange|p1a: Venusaur|Venusaur-Mega, M\n|-mega|p1a: Venusaur|Venusaur|Venusaurite\n|move|p1b: Porygon2|Protect|p1b: Porygon2\n|-singleturn|p1b: Porygon2|Protect\n|move|p2b: Swampert|Earthquake|p1b: Porygon2|[spread] p1a\n|-activate|p1b: Porygon2|move: Protect\n|-immune|p2a: Pelipper\n|-damage|p1a: Venusaur|16\/100\n|move|p1a: Venusaur|Giga Drain|p2b: Swampert\n|-supereffective|p2b: Swampert\n|-damage|p2b: Swampert|0 fnt\n|-heal|p1a: Venusaur|63\/100|[from] drain|[of] p2b: Swampert\n|faint|p2b: Swampert\n|cant|p2a: Pelipper|par\n|\n|-weather|RainDance|[upkeep]\n|-heal|p2a: Pelipper|26\/100 par|[from] item: Leftovers\n|upkeep\n|inactive|Tritus ELITE 4 has 120 seconds left.\n|\n|t:|1698701009\n|switch|p2b: Milotic|Milotic, F|100\/100\n|turn|3\n|\n|t:|1698701025\n|switch|p2a: Araquanid|Araquanid, M|100\/100\n|move|p2b: Milotic|Icy Wind|p1a: Venusaur|[spread] p1a,p1b\n|-supereffective|p1a: Venusaur\n|-damage|p1a: Venusaur|56\/100\n|-damage|p1b: Porygon2|95\/100\n|-unboost|p1a: Venusaur|spe|1\n|-unboost|p1b: Porygon2|spe|1\n|move|p1a: Venusaur|Giga Drain|p2b: Milotic\n|-supereffective|p2b: Milotic\n|-damage|p2b: Milotic|46\/100\n|-heal|p1a: Venusaur|81\/100|[from] drain|[of] p2b: Milotic\n|move|p1b: Porygon2|Shadow Ball|p2a: Araquanid\n|-damage|p2a: Araquanid|76\/100\n|\n|-weather|RainDance|[upkeep]\n|-heal|p2b: Milotic|52\/100|[from] item: Leftovers\n|upkeep\n|turn|4\n|\n|t:|1698701043\n|move|p2b: Milotic|Light Screen|p2b: Milotic\n|-sidestart|p2: Tritus ELITE 4|move: Light Screen\n|move|p2a: Araquanid|Leech Life|p1a: Venusaur\n|-damage|p1a: Venusaur|51\/100\n|-heal|p2a: Araquanid|95\/100|[from] drain|[of] p1a: Venusaur\n|-damage|p2a: Araquanid|85\/100|[from] item: Life Orb\n|move|p1a: Venusaur|Giga Drain|p2b: Milotic\n|-supereffective|p2b: Milotic\n|-damage|p2b: Milotic|17\/100\n|-heal|p1a: Venusaur|68\/100|[from] drain|[of] p2b: Milotic\n|move|p1b: Porygon2|Discharge|p2a: Araquanid|[spread] p1a,p2a,p2b\n|-resisted|p1a: Venusaur\n|-crit|p1a: Venusaur\n|-supereffective|p2a: Araquanid\n|-supereffective|p2b: Milotic\n|-damage|p1a: Venusaur|57\/100\n|-damage|p2a: Araquanid|62\/100\n|-damage|p2b: Milotic|0 fnt\n|-status|p1a: Venusaur|par\n|-status|p2a: Araquanid|par\n|faint|p2b: Milotic\n|\n|-weather|RainDance|[upkeep]\n|-sideend|p2: Tritus ELITE 4|move: Tailwind\n|upkeep\n|\n|t:|1698701057\n|switch|p2b: Ludicolo|Ludicolo, M|100\/100\n|turn|5\n|\n|t:|1698701070\n|move|p2b: Ludicolo|Waterfall|p1a: Venusaur\n|-resisted|p1a: Venusaur\n|-damage|p1a: Venusaur|32\/100 par\n|-damage|p2b: Ludicolo|91\/100|[from] item: Life Orb\n|move|p1b: Porygon2|Discharge|p2a: Araquanid|[spread] p1a,p2a,p2b\n|-resisted|p1a: Venusaur\n|-supereffective|p2a: Araquanid\n|-damage|p1a: Venusaur|25\/100 par\n|-damage|p2a: Araquanid|36\/100 par\n|-damage|p2b: Ludicolo|76\/100\n|move|p1a: Venusaur|Sludge Bomb|p2b: Ludicolo\n|-supereffective|p2b: Ludicolo\n|-damage|p2b: Ludicolo|5\/100\n|move|p2a: Araquanid|Leech Life|p1a: Venusaur\n|-damage|p1a: Venusaur|0 fnt\n|-heal|p2a: Araquanid|52\/100 par|[from] drain|[of] p1a: Venusaur\n|faint|p1a: Venusaur\n|-damage|p2a: Araquanid|42\/100 par|[from] item: Life Orb\n|\n|-weather|none\n|upkeep\n|\n|t:|1698701092\n|switch|p1a: Scizor|Scizor, F|100\/100\n|turn|6\n|\n|t:|1698701105\n|move|p1a: Scizor|Bullet Punch|p2b: Ludicolo\n|-resisted|p2b: Ludicolo\n|-damage|p2b: Ludicolo|0 fnt\n|faint|p2b: Ludicolo\n|move|p1b: Porygon2|Foul Play|p2a: Araquanid\n|-damage|p2a: Araquanid|9\/100 par\n|move|p2a: Araquanid|Liquidation|p1b: Porygon2\n|-damage|p1b: Porygon2|40\/100\n|-damage|p2a: Araquanid|0 fnt|[from] item: Life Orb\n|faint|p2a: Araquanid\n|\n|upkeep\n|\n|t:|1698701116\n|switch|p2b: Pelipper|Pelipper, F|26\/100 par\n|switch|p2a: Basculegion|Basculegion-F, F|100\/100\n|-weather|RainDance|[from] ability: Drizzle|[of] p2b: Pelipper\n|turn|7\n|\n|t:|1698701135\n|-terastallize|p2a: Basculegion|Ghost\n|move|p1a: Scizor|Bullet Punch|p2b: Pelipper\n|-resisted|p2b: Pelipper\n|-damage|p2b: Pelipper|3\/100 par\n|move|p2a: Basculegion|Waterfall|p1b: Porygon2\n|-damage|p1b: Porygon2|0 fnt\n|faint|p1b: Porygon2\n|-damage|p2a: Basculegion|91\/100|[from] item: Life Orb\n|move|p2b: Pelipper|Tailwind|p2b: Pelipper\n|-sidestart|p2: Tritus ELITE 4|move: Tailwind\n|\n|-weather|RainDance|[upkeep]\n|-heal|p2b: Pelipper|9\/100 par|[from] item: Leftovers\n|upkeep\n|\n|t:|1698701149\n|switch|p1b: Zangoose|Zangoose, F|100\/100\n|turn|8\n|inactive|Tritus ELITE 4 has 120 seconds left.\n|\n|t:|1698701184\n|-terastallize|p1b: Zangoose|Dark\n|move|p1a: Scizor|Bullet Punch|p2b: Pelipper\n|-resisted|p2b: Pelipper\n|-damage|p2b: Pelipper|0 fnt\n|faint|p2b: Pelipper\n|move|p2a: Basculegion|Last Respects|p1a: Scizor\n|-enditem|p1a: Scizor|Focus Sash\n|-damage|p1a: Scizor|1\/100\n|-damage|p2a: Basculegion|81\/100|[from] item: Life Orb\n|move|p1b: Zangoose|Knock Off|p2a: Basculegion\n|-supereffective|p2a: Basculegion\n|-damage|p2a: Basculegion|0 fnt\n|-enditem|p2a: Basculegion|Life Orb|[from] move: Knock Off|[of] p1b: Zangoose\n|faint|p2a: Basculegion\n|\n|win|alexklazomaniac\n|raw|alexklazomaniac's rating: 1188 &rarr; <strong>1205<\/strong><br \/>(+17 for winning)\n|raw|Tritus ELITE 4's rating: 1076 &rarr; <strong>1061<\/strong><br \/>(-15 for losing)\n","uploadtime":1698701197,"views":8,"p1id":"alexklazomaniac","p2id":"trituselite4","formatid":"gen9nationaldexdoubles","rating":1061,"private":0,"password":""}