{"id":"gen9nationaldexdoubles-1972793633","p1":"omegashenronone","p2":"khush19","format":"[Gen 9] National Dex Doubles","log":"|j|\u2606omegashenronone\n|j|\u2606khush19\n|t:|1697895812\n|gametype|doubles\n|player|p1|omegashenronone|hugh|\n|player|p2|khush19|n|\n|teamsize|p1|6\n|teamsize|p2|6\n|gen|9\n|tier|[Gen 9] National Dex Doubles\n|rule|HP Percentage Mod: HP is shown in percentages\n|rule|Endless Battle Clause: Forcing endless battles is banned\n|rule|OHKO Clause: OHKO moves are banned\n|rule|Evasion Moves Clause: Evasion moves are banned\n|rule|Evasion Abilities Clause: Evasion abilities are banned\n|rule|Species Clause: Limit one of each Pok\u00e9mon\n|rule|Gravity Sleep Clause: The combination of sleep-inducing moves with imperfect accuracy and Gravity or Gigantamax Orbeetle are banned\n|clearpoke\n|poke|p1|Pelipper, F|\n|poke|p1|Gyarados, M|\n|poke|p1|Greninja-*, M|\n|poke|p1|Dracovish|\n|poke|p1|Walking Wake|\n|poke|p1|Rotom-Wash|\n|poke|p2|Cinderace, M|\n|poke|p2|Swampert, M|\n|poke|p2|Blaziken, F|\n|poke|p2|Mimikyu, F|\n|poke|p2|Greninja-*, F|\n|poke|p2|Zapdos|\n|teampreview\n|inactive|Battle timer is ON: inactive players will automatically lose when time's up. (requested by omegashenronone)\n|c|\u2606khush19|Glhf\n|\n|t:|1697895827\n|start\n|switch|p1a: Happy|Pelipper, F|100\/100\n|switch|p1b: Genji|Greninja, M, shiny|100\/100\n|switch|p2a: Blaziken|Blaziken, F|100\/100\n|switch|p2b: Zapdos|Zapdos|100\/100\n|-weather|RainDance|[from] ability: Drizzle|[of] p1a: Happy\n|turn|1\n|c|\u2606omegashenronone|You 2\n|\n|t:|1697895851\n|move|p2a: Blaziken|Protect|p2a: Blaziken\n|-singleturn|p2a: Blaziken|Protect\n|move|p1b: Genji|Ice Beam|p2b: Zapdos\n|-start|p1b: Genji|typechange|Ice|[from] ability: Protean\n|-supereffective|p2b: Zapdos\n|-damage|p2b: Zapdos|0 fnt\n|faint|p2b: Zapdos\n|move|p1a: Happy|Tailwind|p1a: Happy\n|-sidestart|p1: omegashenronone|move: Tailwind\n|\n|-weather|RainDance|[upkeep]\n|-ability|p2a: Blaziken|Speed Boost|boost\n|-boost|p2a: Blaziken|spe|1\n|upkeep\n|inactive|khush19 has 270 seconds left.\n|c|\u2606omegashenronone|That was your plan wasnt it\n|\n|t:|1697895868\n|switch|p2b: Swampert|Swampert, M|100\/100\n|turn|2\n|c|\u2606khush19|Nah\n|c|\u2606khush19|I never play with plans\n|j| AdvilPills\n|inactive|khush19 has 270 seconds left.\n|c|\u2606omegashenronone|Lol\n|c|\u2606khush19|I try to make them as the game goes\n|c|\u2606omegashenronone|You changed your team to add a legendary super effective against me\n|c|\u2606omegashenronone|And it got ohko'ed\n|inactive|khush19 has 240 seconds left.\n|\n|t:|1697895924\n|switch|p1b: CHERRY|Gyarados, M, shiny|100\/100\n|-ability|p1b: CHERRY|Intimidate|boost\n|-unboost|p2a: Blaziken|atk|1\n|-unboost|p2b: Swampert|atk|1\n|detailschange|p2b: Swampert|Swampert-Mega, M\n|-mega|p2b: Swampert|Swampert|Swampertite\n|-terastallize|p2a: Blaziken|Water\n|move|p2b: Swampert|Yawn|p1b: CHERRY\n|-start|p1b: CHERRY|move: Yawn|[of] p2b: Swampert\n|move|p2a: Blaziken|Thunder Punch|p1a: Happy\n|-supereffective|p1a: Happy\n|-damage|p1a: Happy|7\/100\n|-damage|p2a: Blaziken|91\/100|[from] item: Life Orb\n|move|p1a: Happy|Hurricane|p2a: Blaziken\n|-damage|p2a: Blaziken|34\/100\n|\n|-weather|RainDance|[upkeep]\n|-ability|p2a: Blaziken|Speed Boost|boost\n|-boost|p2a: Blaziken|spe|1\n|upkeep\n|turn|3\n|c| AdvilPills|Hi there\n|c|\u2606omegashenronone|Hello \ud83d\udc4b\n|c|\u2606omegashenronone|Tera is allowed?\n|inactive|khush19 has 240 seconds left.\n|inactive|omegashenronone has 270 seconds left.\n|c|\u2606omegashenronone|I keep in forgeting if it is or isnt\n|c| AdvilPills|ye\n|c| AdvilPills|it is 95% sure\n|\n|t:|1697895969\n|switch|p1b: Former rotom phone|Rotom-Wash, shiny|100\/100\n|move|p2a: Blaziken|Protect|p2a: Blaziken\n|-singleturn|p2a: Blaziken|Protect\n|move|p2b: Swampert|Ice Beam|p1a: Happy\n|-damage|p1a: Happy|0 fnt\n|faint|p1a: Happy\n|\n|-weather|RainDance|[upkeep]\n|-ability|p2a: Blaziken|Speed Boost|boost\n|-boost|p2a: Blaziken|spe|1\n|upkeep\n|\n|t:|1697895988\n|switch|p1a: Ze Fish?|Dracovish|100\/100\n|turn|4\n|inactive|omegashenronone has 270 seconds left.\n|inactive|khush19 has 240 seconds left.\n|\n|t:|1697895998\n|move|p1a: Ze Fish?|Fishious Rend|p2a: Blaziken\n|-resisted|p2a: Blaziken\n|-damage|p2a: Blaziken|0 fnt\n|faint|p2a: Blaziken\n|move|p2b: Swampert|Earthquake|p1b: Former rotom phone|[spread] p1a\n|-immune|p1b: Former rotom phone|[from] ability: Levitate\n|-damage|p1a: Ze Fish?|74\/100\n|move|p1b: Former rotom phone|Hyper Voice|p2b: Swampert\n|-damage|p2b: Swampert|75\/100\n|-damage|p1b: Former rotom phone|91\/100|[from] item: Life Orb\n|\n|-weather|RainDance|[upkeep]\n|-sideend|p1: omegashenronone|move: Tailwind\n|upkeep\n|inactive|khush19 has 240 seconds left.\n|\n|t:|1697896013\n|switch|p2a: Mimikyu|Mimikyu, F|100\/100\n|turn|5\n|\n|t:|1697896022\n|move|p2b: Swampert|Yawn|p1b: Former rotom phone\n|-start|p1b: Former rotom phone|move: Yawn|[of] p2b: Swampert\n|move|p1a: Ze Fish?|Fishious Rend|p2b: Swampert\n|-damage|p2b: Swampert|16\/100\n|move|p2a: Mimikyu|Play Rough|p1a: Ze Fish?\n|-supereffective|p1a: Ze Fish?\n|-damage|p1a: Ze Fish?|0 fnt\n|faint|p1a: Ze Fish?\n|-damage|p2a: Mimikyu|91\/100|[from] item: Life Orb\n|move|p1b: Former rotom phone|Hyper Voice|p2b: Swampert|[spread] p2b\n|-immune|p2a: Mimikyu\n|-damage|p2b: Swampert|0 fnt\n|faint|p2b: Swampert\n|-damage|p1b: Former rotom phone|81\/100|[from] item: Life Orb\n|\n|-weather|RainDance|[upkeep]\n|upkeep\n|inactive|khush19 has 270 seconds left.\n|\n|t:|1697896048\n|switch|p1a: Waking walk|Walking Wake|100\/100\n|switch|p2b: Cinderace|Cinderace, M|100\/100\n|-enditem|p1a: Waking walk|Booster Energy\n|-activate|p1a: Waking walk|ability: Protosynthesis|[fromitem]\n|-start|p1a: Waking walk|protosynthesisspa\n|turn|6\n|inactive|khush19 has 270 seconds left.\n|\n|t:|1697896077\n|-end|p1a: Waking walk|Protosynthesis|[silent]\n|switch|p1a: CHERRY|Gyarados, M, shiny|100\/100\n|-ability|p1a: CHERRY|Intimidate|boost\n|-unboost|p2a: Mimikyu|atk|1\n|-unboost|p2b: Cinderace|atk|1\n|move|p2b: Cinderace|Gunk Shot|p1b: Former rotom phone\n|-start|p2b: Cinderace|typechange|Poison|[from] ability: Libero\n|-damage|p1b: Former rotom phone|17\/100\n|-status|p1b: Former rotom phone|psn\n|-damage|p2b: Cinderace|91\/100|[from] item: Life Orb\n|move|p2a: Mimikyu|Play Rough|p1a: CHERRY\n|-damage|p1a: CHERRY|60\/100\n|-damage|p2a: Mimikyu|81\/100|[from] item: Life Orb\n|move|p1b: Former rotom phone|Thunder|p2b: Cinderace\n|-damage|p2b: Cinderace|0 fnt\n|faint|p2b: Cinderace\n|-damage|p1b: Former rotom phone|7\/100 psn|[from] item: Life Orb\n|\n|-weather|RainDance|[upkeep]\n|-damage|p1b: Former rotom phone|0 fnt|[from] psn\n|faint|p1b: Former rotom phone\n|upkeep\n|inactive|khush19 has 270 seconds left.\n|\n|t:|1697896101\n|switch|p2b: Greninja|Greninja, F|100\/100\n|switch|p1b: Genji|Greninja, M, shiny|100\/100\n|turn|7\n|inactive|khush19 has 270 seconds left.\n|\n|t:|1697896121\n|move|p1b: Genji|Scald|p2a: Mimikyu\n|-start|p1b: Genji|typechange|Water|[from] ability: Protean\n|-activate|p2a: Mimikyu|ability: Disguise\n|-damage|p2a: Mimikyu|81\/100\n|detailschange|p2a: Mimikyu|Mimikyu-Busted, F\n|-damage|p2a: Mimikyu|68\/100|[from] pokemon: Mimikyu-Busted\n|move|p2b: Greninja|Ice Beam|p1a: CHERRY\n|-start|p2b: Greninja|typechange|Ice|[from] ability: Protean\n|-damage|p1a: CHERRY|14\/100\n|move|p2a: Mimikyu|Play Rough|p1b: Genji\n|-damage|p1b: Genji|49\/100\n|-damage|p2a: Mimikyu|58\/100|[from] item: Life Orb\n|move|p1a: CHERRY|Waterfall|p2b: Greninja\n|-damage|p2b: Greninja|0 fnt\n|faint|p2b: Greninja\n|\n|-weather|RainDance|[upkeep]\n|upkeep\n|turn|8\n|inactive|khush19 has 270 seconds left.\n|\n|t:|1697896148\n|move|p2a: Mimikyu|Shadow Sneak|p1a: CHERRY\n|-damage|p1a: CHERRY|0 fnt\n|faint|p1a: CHERRY\n|-damage|p2a: Mimikyu|49\/100|[from] item: Life Orb\n|move|p1b: Genji|Scald|p2a: Mimikyu\n|-damage|p2a: Mimikyu|0 fnt\n|faint|p2a: Mimikyu\n|\n|win|omegashenronone\n|c|\u2606khush19|Gg\n|c|\u2606omegashenronone|Good game\n","uploadtime":1697896160,"views":6,"p1id":"omegashenronone","p2id":"khush19","formatid":"gen9nationaldexdoubles","rating":0,"private":0,"password":""}