{"id":"gen9nationaldexdoubles-1997821434","p1":"OrangeObama","p2":"something poketeam","format":"[Gen 9] National Dex Doubles","log":"|j|\u2606OrangeObama\n|j|\u2606something poketeam\n|t:|1700856349\n|gametype|doubles\n|player|p1|OrangeObama|acetrainer-gen4dp|1213\n|player|p2|something poketeam|1|1324\n|teamsize|p1|6\n|teamsize|p2|6\n|gen|9\n|tier|[Gen 9] National Dex Doubles\n|rated|\n|rule|HP Percentage Mod: HP is shown in percentages\n|rule|Endless Battle Clause: Forcing endless battles is banned\n|rule|OHKO Clause: OHKO moves are banned\n|rule|Evasion Moves Clause: Evasion moves are banned\n|rule|Evasion Abilities Clause: Evasion abilities are banned\n|rule|Species Clause: Limit one of each Pok\u00e9mon\n|rule|Gravity Sleep Clause: The combination of sleep-inducing moves with imperfect accuracy and Gravity or Gigantamax Orbeetle are banned\n|clearpoke\n|poke|p1|Latios, M|\n|poke|p1|Landorus-Therian, M|\n|poke|p1|Ogerpon-Wellspring, F|\n|poke|p1|Hitmontop, M|\n|poke|p1|Clefairy, F|\n|poke|p1|Eevee, M|\n|poke|p2|Primarina, F|\n|poke|p2|Comfey, F|\n|poke|p2|Metagross|\n|poke|p2|Incineroar, M|\n|poke|p2|Oranguru, F|\n|poke|p2|Ogerpon-Hearthflame, F|\n|teampreview\n|inactive|Battle timer is ON: inactive players will automatically lose when time's up. (requested by OrangeObama)\n|\n|t:|1700856363\n|start\n|switch|p1a: Hitmontop|Hitmontop, M|100\/100\n|switch|p1b: Eevee|Eevee, M|100\/100\n|switch|p2a: Comfey|Comfey, F|100\/100\n|switch|p2b: Primarina|Primarina, F|100\/100\n|-ability|p1a: Hitmontop|Intimidate|boost\n|-unboost|p2a: Comfey|atk|1\n|-unboost|p2b: Primarina|atk|1\n|turn|1\n|\n|t:|1700856390\n|move|p1a: Hitmontop|Wide Guard|p1a: Hitmontop\n|-singleturn|p1a: Hitmontop|Wide Guard\n|-zpower|p1b: Eevee\n|move|p1b: Eevee|Extreme Evoboost|p1b: Eevee\n|-boost|p1b: Eevee|atk|2\n|-boost|p1b: Eevee|def|2\n|-boost|p1b: Eevee|spa|2\n|-boost|p1b: Eevee|spd|2\n|-boost|p1b: Eevee|spe|2\n|move|p2b: Primarina|Moonblast|p1a: Hitmontop\n|-supereffective|p1a: Hitmontop\n|-damage|p1a: Hitmontop|0 fnt\n|faint|p1a: Hitmontop\n|move|p2a: Comfey|Trick Room|p2a: Comfey\n|-fieldstart|move: Trick Room|[of] p2a: Comfey\n|\n|upkeep\n|inactive|OrangeObama has 120 seconds left.\n|\n|t:|1700856413\n|switch|p1a: Clefairy|Clefairy, F|100\/100\n|turn|2\n|\n|t:|1700856424\n|switch|p2a: Oranguru|Oranguru, F|100\/100\n|-terastallize|p2b: Primarina|Water\n|move|p1a: Clefairy|Protect|p1a: Clefairy\n|-singleturn|p1a: Clefairy|Protect\n|move|p2b: Primarina|Hyper Voice|p1a: Clefairy|[spread] p1b\n|-activate|p1a: Clefairy|move: Protect\n|-damage|p1b: Eevee|73\/100\n|-enditem|p2b: Primarina|Throat Spray\n|-boost|p2b: Primarina|spa|1|[from] item: Throat Spray\n|move|p1b: Eevee|Baton Pass|p1b: Eevee\n|inactive|OrangeObama has 120 seconds left.\n|\n|t:|1700856439\n|switch|p1b: Latios|Latios, M|100\/100|[from] Baton Pass\n|\n|upkeep\n|turn|3\n|\n|t:|1700856450\n|detailschange|p1b: Latios|Latios-Mega, M\n|-mega|p1b: Latios|Latios|Latiosite\n|move|p1a: Clefairy|Follow Me|p1a: Clefairy\n|-singleturn|p1a: Clefairy|move: Follow Me\n|move|p2b: Primarina|Moonblast|p1a: Clefairy\n|-damage|p1a: Clefairy|30\/100\n|-unboost|p1a: Clefairy|spa|1\n|move|p2a: Oranguru|Instruct|p1a: Clefairy\n|-singleturn|p1a: Clefairy|move: Instruct|[of] p2a: Oranguru\n|move|p1a: Clefairy|Follow Me||[still]\n|-fail|p1a: Clefairy\n|move|p1b: Latios|Stored Power|p2b: Primarina\n|-damage|p2b: Primarina|0 fnt\n|faint|p2b: Primarina\n|\n|upkeep\n|\n|t:|1700856464\n|switch|p2b: Incineroar|Incineroar, M|100\/100\n|-ability|p2b: Incineroar|Intimidate|boost\n|-unboost|p1a: Clefairy|atk|1\n|-unboost|p1b: Latios|atk|1\n|turn|4\n|inactive|OrangeObama has 120 seconds left.\n|\n|t:|1700856496\n|move|p1a: Clefairy|Follow Me|p1a: Clefairy\n|-singleturn|p1a: Clefairy|move: Follow Me\n|move|p2b: Incineroar|Darkest Lariat|p1a: Clefairy\n|-resisted|p1a: Clefairy\n|-damage|p1a: Clefairy|12\/100\n|move|p2a: Oranguru|Instruct|p1a: Clefairy\n|-singleturn|p1a: Clefairy|move: Instruct|[of] p2a: Oranguru\n|move|p1a: Clefairy|Follow Me||[still]\n|-fail|p1a: Clefairy\n|move|p1b: Latios|Aura Sphere|p2b: Incineroar\n|-supereffective|p2b: Incineroar\n|-damage|p2b: Incineroar|4\/100\n|\n|upkeep\n|turn|5\n|\n|t:|1700856513\n|switch|p2a: Metagross|Metagross|100\/100\n|move|p1b: Latios|Protect|p1b: Latios\n|-singleturn|p1b: Latios|Protect\n|move|p1a: Clefairy|Moonblast|p2b: Incineroar\n|-damage|p2b: Incineroar|0 fnt\n|faint|p2b: Incineroar\n|\n|-fieldend|move: Trick Room\n|upkeep\n|\n|t:|1700856524\n|switch|p2b: Oranguru|Oranguru, F|100\/100\n|turn|6\n|\n|t:|1700856547\n|switch|p1a: Landorus|Landorus-Therian, M|100\/100\n|-ability|p1a: Landorus|Intimidate|boost\n|-fail|p2a: Metagross|unboost|[from] ability: Clear Body|[of] p2a: Metagross\n|-fail|p2b: Oranguru|unboost|Attack|[from] ability: Inner Focus|[of] p2b: Oranguru\n|move|p2a: Metagross|Bullet Punch|p1a: Landorus\n|-damage|p1a: Landorus|76\/100\n|move|p1b: Latios|Stored Power|p2b: Oranguru\n|-resisted|p2b: Oranguru\n|-damage|p2b: Oranguru|19\/100\n|move|p2b: Oranguru|Instruct|p2a: Metagross\n|-singleturn|p2a: Metagross|move: Instruct|[of] p2b: Oranguru\n|move|p2a: Metagross|Bullet Punch|p1a: Landorus\n|-damage|p1a: Landorus|55\/100\n|\n|-heal|p2b: Oranguru|25\/100|[from] item: Leftovers\n|upkeep\n|turn|7\n|c|\u2606something poketeam|gg\n|-message|something poketeam forfeited.\n|\n|win|OrangeObama\n|raw|OrangeObama's rating: 1213 &rarr; <strong>1246<\/strong><br \/>(+33 for winning)\n|raw|something poketeam's rating: 1324 &rarr; <strong>1298<\/strong><br \/>(-26 for losing)\n|l|\u2606something poketeam\n","uploadtime":1700856575,"views":0,"p1id":"orangeobama","p2id":"somethingpoketeam","formatid":"gen9nationaldexdoubles","rating":1246,"private":0,"password":""}