{"id":"gen9nationaldexdoubles-1999398884","p1":"JadeyB","p2":"CuteFeetsies","format":"[Gen 9] National Dex Doubles","log":"|j|\u2606JadeyB\n|j|\u2606CuteFeetsies\n|t:|1701073829\n|gametype|doubles\n|player|p1|JadeyB|cowgirl|\n|player|p2|CuteFeetsies|1|\n|teamsize|p1|6\n|teamsize|p2|6\n|gen|9\n|tier|[Gen 9] National Dex Doubles\n|rule|HP Percentage Mod: HP is shown in percentages\n|rule|Endless Battle Clause: Forcing endless battles is banned\n|rule|OHKO Clause: OHKO moves are banned\n|rule|Evasion Moves Clause: Evasion moves are banned\n|rule|Evasion Abilities Clause: Evasion abilities are banned\n|rule|Species Clause: Limit one of each Pok\u00e9mon\n|rule|Gravity Sleep Clause: The combination of sleep-inducing moves with imperfect accuracy and Gravity or Gigantamax Orbeetle are banned\n|clearpoke\n|poke|p1|Ninetales, L50, F|\n|poke|p1|Leavanny, L50, F|\n|poke|p1|Vikavolt, L50, F|\n|poke|p1|Gliscor, L50, M|\n|poke|p1|Heracross, L50, F|\n|poke|p1|Quagsire, L50, F|\n|poke|p2|Noivern, L50, M|\n|poke|p2|Basculegion, L50, M|\n|poke|p2|Indeedee-F, L50, F|\n|poke|p2|Arcanine, L50, M|\n|poke|p2|Weavile, L50, M|\n|poke|p2|Luxray, L50, F|\n|teampreview\n|\n|t:|1701073854\n|start\n|switch|p1a: Scrump|Gliscor, L50, M|100\/100\n|switch|p1b: Sherbert|Vikavolt, L50, F|100\/100\n|switch|p2a: Arcanine|Arcanine, L50, M|100\/100\n|switch|p2b: Weavile|Weavile, L50, M|100\/100\n|-ability|p2b: Weavile|Pressure\n|-ability|p2a: Arcanine|Intimidate|boost\n|-unboost|p1a: Scrump|atk|1\n|-unboost|p1b: Sherbert|atk|1\n|turn|1\n|\n|t:|1701073886\n|move|p1b: Sherbert|Protect|p1b: Sherbert\n|-singleturn|p1b: Sherbert|Protect\n|move|p2b: Weavile|Knock Off|p1a: Scrump\n|-damage|p1a: Scrump|60\/100\n|-enditem|p1a: Scrump|Toxic Orb|[from] move: Knock Off|[of] p2b: Weavile\n|move|p2a: Arcanine|Flare Blitz|p1b: Sherbert\n|-activate|p1b: Sherbert|move: Protect\n|move|p1a: Scrump|Toxic Spikes|p2b: Weavile\n|-sidestart|p2: CuteFeetsies|move: Toxic Spikes\n|\n|upkeep\n|turn|2\n|\n|t:|1701073918\n|move|p2b: Weavile|Ice Spinner|p1a: Scrump\n|-supereffective|p1a: Scrump\n|-damage|p1a: Scrump|0 fnt\n|faint|p1a: Scrump\n|move|p2a: Arcanine|Snarl|p1b: Sherbert\n|-damage|p1b: Sherbert|86\/100\n|-unboost|p1b: Sherbert|spa|1\n|move|p1b: Sherbert|Bug Buzz|p2b: Weavile\n|-supereffective|p2b: Weavile\n|-enditem|p2b: Weavile|Focus Sash\n|-damage|p2b: Weavile|1\/100\n|-unboost|p2b: Weavile|spd|1\n|\n|-heal|p1b: Sherbert|92\/100|[from] item: Leftovers\n|upkeep\n|\n|t:|1701073937\n|switch|p1a: Jam|Quagsire, L50, F, shiny|100\/100\n|turn|3\n|\n|t:|1701073965\n|move|p2b: Weavile|Ice Spinner|p1a: Jam\n|-damage|p1a: Jam|67\/100\n|-damage|p2b: Weavile|0 fnt|[from] item: Rocky Helmet|[of] p1a: Jam\n|faint|p2b: Weavile\n|move|p2a: Arcanine|Superpower|p1b: Sherbert\n|-resisted|p1b: Sherbert\n|-damage|p1b: Sherbert|74\/100\n|-unboost|p2a: Arcanine|atk|1\n|-unboost|p2a: Arcanine|def|1\n|-enditem|p2a: Arcanine|Eject Pack\n|\n|t:|1701073982\n|switch|p2a: Indeedee|Indeedee-F, L50, F|100\/100\n|-status|p2a: Indeedee|psn\n|-fieldstart|move: Psychic Terrain|[from] ability: Psychic Surge|[of] p2a: Indeedee\n|-enditem|p2a: Indeedee|Psychic Seed\n|-boost|p2a: Indeedee|spd|1|[from] item: Psychic Seed\n|move|p1b: Sherbert|Discharge|p2a: Indeedee|[spread] p2a\n|-immune|p1a: Jam\n|-damage|p2a: Indeedee|90\/100 psn\n|move|p1a: Jam|Earthquake|p2a: Indeedee|[spread] p2a\n|-immune|p1b: Sherbert|[from] ability: Levitate\n|-damage|p2a: Indeedee|45\/100 psn\n|\n|-heal|p1b: Sherbert|80\/100|[from] item: Leftovers\n|-damage|p2a: Indeedee|33\/100 psn|[from] psn\n|upkeep\n|\n|t:|1701074002\n|switch|p2b: Arcanine|Arcanine, L50, M|100\/100\n|-status|p2b: Arcanine|psn\n|-ability|p2b: Arcanine|Intimidate|boost\n|-unboost|p1a: Jam|atk|1\n|-unboost|p1b: Sherbert|atk|1\n|turn|4\n|\n|t:|1701074046\n|move|p2b: Arcanine|Flare Blitz|p1b: Sherbert\n|-supereffective|p1b: Sherbert\n|-damage|p1b: Sherbert|0 fnt\n|faint|p1b: Sherbert\n|-damage|p2b: Arcanine|71\/100 psn|[from] Recoil\n|move|p2a: Indeedee|Expanding Force|p1a: Jam\n|-damage|p1a: Jam|0 fnt\n|faint|p1a: Jam\n|\n|-damage|p2b: Arcanine|59\/100 psn|[from] psn\n|-damage|p2a: Indeedee|20\/100 psn|[from] psn\n|upkeep\n|\n|t:|1701074069\n|switch|p1b: Tomoyo|Leavanny, L50, F|100\/100\n|switch|p1a: Mochi|Ninetales, L50, F, shiny|100\/100\n|-weather|SunnyDay|[from] ability: Drought|[of] p1a: Mochi\n|turn|5\n|\n|t:|1701074102\n|move|p2a: Indeedee|Follow Me|p2a: Indeedee\n|-singleturn|p2a: Indeedee|move: Follow Me\n|move|p1b: Tomoyo|Lunge|p2a: Indeedee\n|-supereffective|p2a: Indeedee\n|-damage|p2a: Indeedee|0 fnt\n|faint|p2a: Indeedee\n|move|p2b: Arcanine|Snarl|p1a: Mochi|[spread] p1a,p1b\n|-damage|p1a: Mochi|90\/100\n|-damage|p1b: Tomoyo|87\/100\n|-unboost|p1a: Mochi|spa|1\n|-unboost|p1b: Tomoyo|spa|1\n|move|p1a: Mochi|Hex|p2b: Arcanine\n|-damage|p2b: Arcanine|26\/100 psn\n|\n|-weather|SunnyDay|[upkeep]\n|-damage|p2b: Arcanine|14\/100 psn|[from] psn\n|upkeep\n|\n|t:|1701074119\n|switch|p2a: Noivern|Noivern, L50, M|100\/100\n|turn|6\n|\n|t:|1701074211\n|-terastallize|p2a: Noivern|Normal\n|move|p1b: Tomoyo|Leaf Blade|p2a: Noivern\n|-damage|p2a: Noivern|40\/100\n|move|p2a: Noivern|Boomburst|p1b: Tomoyo|[spread] p2b,p1a,p1b\n|-damage|p2b: Arcanine|0 fnt\n|-damage|p1a: Mochi|19\/100\n|-damage|p1b: Tomoyo|10\/100\n|faint|p2b: Arcanine\n|-damage|p2a: Noivern|30\/100|[from] item: Life Orb\n|move|p1a: Mochi|Heat Wave|p2a: Noivern\n|-damage|p2a: Noivern|0 fnt\n|faint|p2a: Noivern\n|\n|-weather|SunnyDay|[upkeep]\n|upkeep\n|\n|t:|1701074224\n|switch|p2a: Basculegion|Basculegion, L50, M|100\/100\n|switch|p2b: Luxray|Luxray, L50, F|100\/100\n|-status|p2a: Basculegion|psn\n|-status|p2b: Luxray|psn\n|-ability|p2b: Luxray|Intimidate|boost\n|-unboost|p1a: Mochi|atk|1\n|-unboost|p1b: Tomoyo|atk|1\n|turn|7\n|\n|t:|1701074262\n|move|p1b: Tomoyo|Leaf Blade|p2a: Basculegion\n|-supereffective|p2a: Basculegion\n|-crit|p2a: Basculegion\n|-damage|p2a: Basculegion|0 fnt\n|faint|p2a: Basculegion\n|move|p1a: Mochi|Energy Ball|p2b: Luxray\n|-damage|p2b: Luxray|81\/100 psn\n|move|p2b: Luxray|Fire Fang|p1b: Tomoyo|[miss]\n|-miss|p2b: Luxray|p1b: Tomoyo\n|\n|-weather|SunnyDay|[upkeep]\n|-damage|p2b: Luxray|69\/100 psn|[from] psn\n|-fieldend|move: Psychic Terrain\n|upkeep\n|turn|8\n|\n|t:|1701074302\n|move|p1b: Tomoyo|Leaf Blade|p2b: Luxray\n|-crit|p2b: Luxray\n|-damage|p2b: Luxray|0 fnt\n|faint|p2b: Luxray\n|\n|win|JadeyB\n|l|\u2606CuteFeetsies\n|j|\u2606CuteFeetsies\n|player|p2|CuteFeetsies|1\n","uploadtime":1701074651,"views":2,"p1id":"jadeyb","p2id":"cutefeetsies","formatid":"gen9nationaldexdoubles","rating":0,"private":0,"password":""}