{"id":"gen9nationaldexdoubles-1959548115","p1":"Chumpette","p2":"Spooky Gorl","format":"[Gen 9] National Dex Doubles","log":"|j|\u2606Chumpette\n|j|\u2606Spooky Gorl\n|t:|1696436545\n|gametype|doubles\n|player|p1|Chumpette|boarder|\n|player|p2|Spooky Gorl|shauntal|\n|teamsize|p1|6\n|teamsize|p2|6\n|gen|9\n|tier|[Gen 9] National Dex Doubles\n|rule|HP Percentage Mod: HP is shown in percentages\n|rule|Endless Battle Clause: Forcing endless battles is banned\n|rule|OHKO Clause: OHKO moves are banned\n|rule|Evasion Moves Clause: Evasion moves are banned\n|rule|Evasion Abilities Clause: Evasion abilities are banned\n|rule|Species Clause: Limit one of each Pok\u00e9mon\n|rule|Gravity Sleep Clause: The combination of sleep-inducing moves with imperfect accuracy and Gravity or Gigantamax Orbeetle are banned\n|clearpoke\n|poke|p1|Ninetales-Alola, M|\n|poke|p1|Togekiss, M|\n|poke|p1|Vanilluxe, M|\n|poke|p1|Cloyster, M|\n|poke|p1|Jolteon, M|\n|poke|p1|Sandslash-Alola, F|\n|poke|p2|Milotic, F|\n|poke|p2|Dragapult, M|\n|poke|p2|Aurorus, F|\n|poke|p2|Aegislash, M|\n|poke|p2|Gourgeist-*, F|\n|poke|p2|Kingambit, M|\n|teampreview\n|\n|t:|1696436580\n|start\n|switch|p1a: Sycophant|Togekiss, M|100\/100\n|switch|p1b: The Messiah|Sandslash-Alola, F|100\/100\n|switch|p2a: Danger Plate|Aegislash, M, shiny|100\/100\n|switch|p2b: Rory|Aurorus, F, shiny|100\/100\n|turn|1\n|\n|t:|1696436619\n|move|p1a: Sycophant|Follow Me|p1a: Sycophant\n|-singleturn|p1a: Sycophant|move: Follow Me\n|move|p1b: The Messiah|Swords Dance|p1b: The Messiah\n|-boost|p1b: The Messiah|atk|2\n|move|p2a: Danger Plate|Iron Defense|p2a: Danger Plate\n|-boost|p2a: Danger Plate|def|2\n|move|p2b: Rory|Ice Beam|p1a: Sycophant\n|-supereffective|p1a: Sycophant\n|-damage|p1a: Sycophant|50\/100\n|\n|upkeep\n|turn|2\n|\n|t:|1696436668\n|move|p1a: Sycophant|Follow Me|p1a: Sycophant\n|-singleturn|p1a: Sycophant|move: Follow Me\n|move|p1b: The Messiah|Iron Head|p2b: Rory\n|-supereffective|p2b: Rory\n|-damage|p2b: Rory|0 fnt\n|faint|p2b: Rory\n|-formechange|p2a: Danger Plate|Aegislash-Blade||[from] ability: Stance Change\n|move|p2a: Danger Plate|Flash Cannon|p1a: Sycophant\n|-supereffective|p1a: Sycophant\n|-damage|p1a: Sycophant|0 fnt\n|faint|p1a: Sycophant\n|\n|upkeep\n|\n|t:|1696436687\n|switch|p1a: Winter|Ninetales-Alola, M|100\/100\n|switch|p2b: Tickled Pink|Milotic, F|100\/100\n|-weather|Snow|[from] ability: Snow Warning|[of] p1a: Winter\n|turn|3\n|\n|t:|1696436709\n|move|p1b: The Messiah|Triple Axel|p2a: Danger Plate\n|-resisted|p2a: Danger Plate\n|-damage|p2a: Danger Plate|94\/100\n|-resisted|p2a: Danger Plate\n|-damage|p2a: Danger Plate|81\/100\n|-resisted|p2a: Danger Plate\n|-damage|p2a: Danger Plate|62\/100\n|-hitcount|p2a: Danger Plate|3\n|move|p1a: Winter|Dark Pulse|p2a: Danger Plate\n|-supereffective|p2a: Danger Plate\n|-damage|p2a: Danger Plate|10\/100\n|move|p2b: Tickled Pink|Flip Turn|p1b: The Messiah\n|-damage|p1b: The Messiah|90\/100\n|\n|t:|1696436726\n|switch|p2b: Mother of Dragons|Dragapult, M|100\/100|[from] Flip Turn\n|move|p2a: Danger Plate|Iron Defense|p2a: Danger Plate\n|-boost|p2a: Danger Plate|def|2\n|\n|-weather|Snow|[upkeep]\n|upkeep\n|turn|4\n|\n|t:|1696436761\n|move|p1b: The Messiah|Triple Axel|p2b: Mother of Dragons\n|-supereffective|p2b: Mother of Dragons\n|-damage|p2b: Mother of Dragons|53\/100\n|-supereffective|p2b: Mother of Dragons\n|-damage|p2b: Mother of Dragons|0 fnt\n|faint|p2b: Mother of Dragons\n|-hitcount|p2: Mother of Dragons|2\n|move|p1a: Winter|Dark Pulse|p2a: Danger Plate\n|-supereffective|p2a: Danger Plate\n|-damage|p2a: Danger Plate|0 fnt\n|faint|p2a: Danger Plate\n|\n|-weather|Snow|[upkeep]\n|upkeep\n|\n|t:|1696436775\n|switch|p2b: Gourgeous|Gourgeist-Super, F, shiny|100\/100\n|switch|p2a: Tickled Pink|Milotic, F|100\/100\n|-item|p1a: Winter|Icy Rock|[from] ability: Frisk|[of] p2b: Gourgeous|[identify]\n|-item|p1b: The Messiah|Wide Lens|[from] ability: Frisk|[of] p2b: Gourgeous|[identify]\n|turn|5\n|\n|t:|1696436806\n|move|p1b: The Messiah|Brick Break|p2a: Tickled Pink\n|-damage|p2a: Tickled Pink|64\/100\n|move|p1a: Winter|Blizzard|p2b: Gourgeous|[spread] p2a,p2b\n|-resisted|p2a: Tickled Pink\n|-supereffective|p2b: Gourgeous\n|-damage|p2a: Tickled Pink|53\/100\n|-damage|p2b: Gourgeous|37\/100\n|move|p2a: Tickled Pink|Scald|p1b: The Messiah\n|-damage|p1b: The Messiah|43\/100\n|move|p2b: Gourgeous|Disable|p1b: The Messiah\n|-start|p1b: The Messiah|Disable|Brick Break\n|\n|-weather|Snow|[upkeep]\n|-heal|p2b: Gourgeous|43\/100|[from] item: Leftovers\n|upkeep\n|turn|6\n|\n|t:|1696436832\n|move|p1b: The Messiah|Triple Axel|p2a: Tickled Pink\n|-resisted|p2a: Tickled Pink\n|-damage|p2a: Tickled Pink|46\/100\n|-resisted|p2a: Tickled Pink\n|-damage|p2a: Tickled Pink|31\/100\n|-resisted|p2a: Tickled Pink\n|-damage|p2a: Tickled Pink|11\/100\n|-enditem|p2a: Tickled Pink|Aguav Berry|[eat]\n|-heal|p2a: Tickled Pink|45\/100|[from] item: Aguav Berry\n|-hitcount|p2a: Tickled Pink|3\n|move|p1a: Winter|Blizzard|p2b: Gourgeous|[spread] p2a,p2b\n|-resisted|p2a: Tickled Pink\n|-supereffective|p2b: Gourgeous\n|-damage|p2a: Tickled Pink|33\/100\n|-damage|p2b: Gourgeous|0 fnt\n|faint|p2b: Gourgeous\n|move|p2a: Tickled Pink|Recover|p2a: Tickled Pink\n|-heal|p2a: Tickled Pink|83\/100\n|\n|-weather|Snow|[upkeep]\n|upkeep\n|\n|t:|1696436852\n|switch|p2b: Chesster|Kingambit, M|100\/100\n|-activate|p2b: Chesster|ability: Supreme Overlord\n|-start|p2b: Chesster|fallen4|[silent]\n|turn|7\n|\n|t:|1696436911\n|move|p2b: Chesster|Sucker Punch|p1b: The Messiah\n|-damage|p1b: The Messiah|6\/100\n|move|p1b: The Messiah|Triple Axel|p2b: Chesster\n|-resisted|p2b: Chesster\n|-damage|p2b: Chesster|94\/100\n|-resisted|p2b: Chesster\n|-damage|p2b: Chesster|81\/100\n|-resisted|p2b: Chesster\n|-damage|p2b: Chesster|63\/100\n|-hitcount|p2b: Chesster|3\n|move|p1a: Winter|Moonblast|p2b: Chesster\n|-damage|p2b: Chesster|38\/100\n|move|p2a: Tickled Pink|Scald|p1b: The Messiah\n|-damage|p1b: The Messiah|0 fnt\n|faint|p1b: The Messiah\n|\n|-weather|Snow|[upkeep]\n|upkeep\n|\n|t:|1696436938\n|switch|p1b: MC Hammer|Jolteon, M|100\/100\n|turn|8\n|j| NotBugSme\n|\n|t:|1696436962\n|move|p1b: MC Hammer|Thunder Wave|p2b: Chesster\n|-status|p2b: Chesster|par\n|move|p1a: Winter|Moonblast|p2b: Chesster\n|-damage|p2b: Chesster|14\/100 par\n|move|p2a: Tickled Pink|Recover|p2a: Tickled Pink\n|-heal|p2a: Tickled Pink|100\/100\n|move|p2b: Chesster|Kowtow Cleave|p1b: MC Hammer\n|-damage|p1b: MC Hammer|0 fnt\n|faint|p1b: MC Hammer\n|\n|-weather|Snow|[upkeep]\n|upkeep\n|\n|t:|1696436976\n|switch|p1b: Judas|Cloyster, M|100\/100\n|turn|9\n|\n|t:|1696437012\n|move|p1a: Winter|Moonblast|p2b: Chesster\n|-damage|p2b: Chesster|0 fnt\n|faint|p2b: Chesster\n|-end|p2b: Chesster|fallen4|[silent]\n|move|p1b: Judas|Shell Smash|p1b: Judas\n|-unboost|p1b: Judas|def|1\n|-unboost|p1b: Judas|spd|1\n|-boost|p1b: Judas|atk|2\n|-boost|p1b: Judas|spa|2\n|-boost|p1b: Judas|spe|2\n|-enditem|p1b: Judas|White Herb\n|-clearnegativeboost|p1b: Judas|[silent]\n|move|p2a: Tickled Pink|Scald|p1a: Winter\n|-damage|p1a: Winter|69\/100\n|\n|-weather|Snow|[upkeep]\n|upkeep\n|turn|10\n|\n|t:|1696437050\n|move|p1b: Judas|Rock Blast|p2a: Tickled Pink\n|-damage|p2a: Tickled Pink|89\/100\n|-damage|p2a: Tickled Pink|76\/100\n|-damage|p2a: Tickled Pink|63\/100\n|-damage|p2a: Tickled Pink|50\/100\n|-damage|p2a: Tickled Pink|37\/100\n|-hitcount|p2a: Tickled Pink|5\n|move|p1a: Winter|Moonblast|p2a: Tickled Pink\n|-damage|p2a: Tickled Pink|11\/100\n|move|p2a: Tickled Pink|Scald|p1a: Winter\n|-damage|p1a: Winter|39\/100\n|\n|-weather|none\n|upkeep\n|turn|11\n|\n|t:|1696437065\n|move|p1b: Judas|Rock Blast|p2a: Tickled Pink\n|-damage|p2a: Tickled Pink|0 fnt\n|faint|p2a: Tickled Pink\n|-hitcount|p2: Tickled Pink|1\n|\n|win|Chumpette\n","uploadtime":1696437071,"views":14,"p1id":"chumpette","p2id":"spookygorl","formatid":"gen9nationaldexdoubles","rating":0,"private":0,"password":""}