{"id":"gen9nationaldexdoubles-1990893054","p1":"M4rlin","p2":"Elite R2Dnl","format":"[Gen 9] National Dex Doubles","log":"|j|\u2606M4rlin\n|j|\u2606Elite R2Dnl\n|t:|1700012184\n|gametype|doubles\n|player|p1|M4rlin|ingo|\n|player|p2|Elite R2Dnl|kimonogirl|\n|teamsize|p1|6\n|teamsize|p2|6\n|gen|9\n|tier|[Gen 9] National Dex Doubles\n|rule|HP Percentage Mod: HP is shown in percentages\n|rule|Endless Battle Clause: Forcing endless battles is banned\n|rule|OHKO Clause: OHKO moves are banned\n|rule|Evasion Moves Clause: Evasion moves are banned\n|rule|Evasion Abilities Clause: Evasion abilities are banned\n|rule|Species Clause: Limit one of each Pok\u00e9mon\n|rule|Gravity Sleep Clause: The combination of sleep-inducing moves with imperfect accuracy and Gravity or Gigantamax Orbeetle are banned\n|clearpoke\n|poke|p1|Klefki, M|\n|poke|p1|Excadrill, M|\n|poke|p1|Orthworm, M|\n|poke|p1|Jirachi|\n|poke|p1|Corviknight, F|\n|poke|p1|Ferrothorn, M|\n|poke|p2|Electrode-Hisui|\n|poke|p2|Thundurus, M|\n|poke|p2|Iron Hands|\n|poke|p2|Zapdos|\n|poke|p2|Rotom-Wash|\n|poke|p2|Dedenne, F|\n|teampreview\n|inactive|Battle timer is ON: inactive players will automatically lose when time's up. (requested by M4rlin)\n|c|\u2606Elite R2Dnl|kkkkkkk\n|c|\u2606M4rlin|Hello\n|c|\u2606Elite R2Dnl|ACERTEI TODOS\n|c|\u2606Elite R2Dnl|DO TEU TIME\n|inactive|M4rlin has 270 seconds left.\n|inactive|Elite R2Dnl has 270 seconds left.\n|c|\u2606Elite R2Dnl|mandei o link pro jose\n|inactiveoff|Battle timer is now OFF.\n|c|\u2606Elite R2Dnl|esperar ele\n|c|\u2606M4rlin|Mandei\n|j| RapaduraNarrator\n|c|\u2606Elite R2Dnl|The Narrator\n|c|\u2606M4rlin|3\n|c|\u2606M4rlin|2\n|c|\u2606M4rlin|1\n|c|\u2606M4rlin|Bora jose\n|c|\u2606M4rlin|On\n|c|\u2606Elite R2Dnl|to settado j\u00e1\n|\n|t:|1700012326\n|start\n|switch|p1a: The Crow'n|Corviknight, F|100\/100\n|switch|p1b: Subway|Orthworm, M|100\/100\n|switch|p2a: Venom|Electrode-Hisui|100\/100\n|switch|p2b: Chlodowech|Zapdos|100\/100\n|-ability|p1a: The Crow'n|Unnerve\n|turn|1\n|c|\u2606Elite R2Dnl|oloc\n|c|\u2606Elite R2Dnl|unnerve corv\n|c|\u2606Elite R2Dnl|esperto\n|\n|t:|1700012358\n|move|p1b: Subway|Protect|p1b: Subway\n|-singleturn|p1b: Subway|Protect\n|move|p2a: Venom|Taunt|p1b: Subway\n|-activate|p1b: Subway|move: Protect\n|move|p2b: Chlodowech|Thunderbolt|p1a: The Crow'n\n|-supereffective|p1a: The Crow'n\n|-damage|p1a: The Crow'n|9\/100\n|-enditem|p1a: The Crow'n|Sitrus Berry|[eat]\n|-heal|p1a: The Crow'n|34\/100|[from] item: Sitrus Berry\n|move|p1a: The Crow'n|Tailwind|p1a: The Crow'n\n|-sidestart|p1: M4rlin|move: Tailwind\n|\n|upkeep\n|turn|2\n|\n|t:|1700012385\n|switch|p2a: Torrent|Rotom-Wash|100\/100\n|move|p1a: The Crow'n|Brave Bird|p2a: Torrent\n|-resisted|p2a: Torrent\n|-damage|p2a: Torrent|87\/100\n|-damage|p1a: The Crow'n|30\/100|[from] Recoil\n|move|p1b: Subway|Rock Slide|p2a: Torrent|[spread] p2a,p2b\n|-supereffective|p2b: Chlodowech\n|-damage|p2a: Torrent|74\/100\n|-damage|p2b: Chlodowech|64\/100\n|move|p2b: Chlodowech|Heat Wave|p1a: The Crow'n|[spread] p1a,p1b\n|-supereffective|p1a: The Crow'n\n|-crit|p1a: The Crow'n\n|-supereffective|p1b: Subway\n|-damage|p1a: The Crow'n|0 fnt\n|-damage|p1b: Subway|27\/100\n|-enditem|p1b: Subway|Sitrus Berry|[eat]\n|-heal|p1b: Subway|52\/100|[from] item: Sitrus Berry\n|faint|p1a: The Crow'n\n|\n|upkeep\n|\n|t:|1700012410\n|switch|p1a: Spike|Ferrothorn, M|100\/100\n|turn|3\n|\n|t:|1700012435\n|switch|p2a: Bianca|Dedenne, F|100\/100\n|move|p1b: Subway|Shed Tail|p1b: Subway\n|-start|p1b: Subway|Substitute|[from] move: Shed Tail\n|-damage|p1b: Subway|2\/100\n|\n|t:|1700012450\n|switch|p1b: Primo do Monty|Excadrill, M, shiny|100\/100|[from] Shed Tail\n|move|p2b: Chlodowech|Heat Wave|p1b: Primo do Monty|[spread] p1a\n|-miss|p2b: Chlodowech|p1b: Primo do Monty\n|-supereffective|p1a: Spike\n|-damage|p1a: Spike|20\/100\n|-status|p1a: Spike|brn\n|-enditem|p1a: Spike|Sitrus Berry|[eat]\n|-heal|p1a: Spike|44\/100 brn|[from] item: Sitrus Berry\n|move|p1a: Spike|Gravity|p1a: Spike\n|-fieldstart|move: Gravity\n|\n|-damage|p1a: Spike|38\/100 brn|[from] brn\n|upkeep\n|turn|4\n|\n|t:|1700012515\n|switch|p2a: Venom|Electrode-Hisui|100\/100\n|switch|p2b: M\u00e3os de A\u00e7o|Iron Hands|100\/100\n|switch|p1a: Chaves|Klefki, M|100\/100\n|move|p1b: Primo do Monty|Earthquake|p2b: M\u00e3os de A\u00e7o|[spread] p1a,p2a,p2b\n|-supereffective|p1a: Chaves\n|-supereffective|p2b: M\u00e3os de A\u00e7o\n|-damage|p1a: Chaves|31\/100\n|-damage|p2a: Venom|19\/100\n|-damage|p2b: M\u00e3os de A\u00e7o|50\/100\n|-enditem|p2a: Venom|Jaboca Berry|[eat]\n|-damage|p1b: Primo do Monty|88\/100|[from] item: Jaboca Berry|[of] p2a: Venom\n|-enditem|p1a: Chaves|Sitrus Berry|[eat]\n|-heal|p1a: Chaves|56\/100|[from] item: Sitrus Berry\n|\n|-sideend|p1: M4rlin|move: Tailwind\n|upkeep\n|turn|5\n|\n|t:|1700012546\n|move|p2b: M\u00e3os de A\u00e7o|Fake Out|p1a: Chaves\n|-resisted|p1a: Chaves\n|-damage|p1a: Chaves|50\/100\n|cant|p1a: Chaves|flinch\n|move|p2a: Venom|Leaf Storm|p1b: Primo do Monty\n|-end|p1b: Primo do Monty|Substitute\n|-unboost|p2a: Venom|spa|2\n|move|p1b: Primo do Monty|Poison Jab|p2a: Venom\n|-supereffective|p2a: Venom\n|-damage|p2a: Venom|0 fnt\n|-damage|p1b: Primo do Monty|63\/100|[from] ability: Aftermath|[of] p2a: Venom\n|faint|p2a: Venom\n|\n|upkeep\n|\n|t:|1700012561\n|switch|p2a: Torrent|Rotom-Wash|74\/100\n|turn|6\n|\n|t:|1700012597\n|move|p1a: Chaves|Sandstorm|p1a: Chaves\n|-weather|Sandstorm\n|move|p1b: Primo do Monty|Earthquake|p2b: M\u00e3os de A\u00e7o|[spread] p1a,p2a,p2b\n|-supereffective|p1a: Chaves\n|-supereffective|p2a: Torrent\n|-supereffective|p2b: M\u00e3os de A\u00e7o\n|-damage|p1a: Chaves|0 fnt\n|-damage|p2a: Torrent|10\/100\n|-damage|p2b: M\u00e3os de A\u00e7o|0 fnt\n|-enditem|p2a: Torrent|Aguav Berry|[eat]\n|-heal|p2a: Torrent|44\/100|[from] item: Aguav Berry\n|faint|p1a: Chaves\n|faint|p2b: M\u00e3os de A\u00e7o\n|-end|p2b: M\u00e3os de A\u00e7o|Quark Drive|[silent]\n|move|p2a: Torrent|Hydro Pump|p1b: Primo do Monty\n|-supereffective|p1b: Primo do Monty\n|-damage|p1b: Primo do Monty|0 fnt\n|faint|p1b: Primo do Monty\n|\n|-weather|Sandstorm|[upkeep]\n|-damage|p2a: Torrent|37\/100|[from] Sandstorm\n|upkeep\n|c|\u2606M4rlin|Its gg now\n|\n|t:|1700012646\n|switch|p1b: Subway|Orthworm, M|2\/100\n|switch|p1a: Spike|Ferrothorn, M|38\/100 brn\n|switch|p2b: Chlodowech|Zapdos|64\/100\n|turn|7\n|\n|t:|1700012657\n|move|p2b: Chlodowech|Heat Wave|p1a: Spike|[spread] p1a,p1b\n|-supereffective|p1a: Spike\n|-supereffective|p1b: Subway\n|-damage|p1a: Spike|0 fnt\n|-damage|p1b: Subway|0 fnt\n|faint|p1a: Spike\n|faint|p1b: Subway\n|move|p2a: Torrent|Thunderbolt|p1: Spike|[notarget]\n|-fail|p2a: Torrent\n|\n|-weather|Sandstorm|[upkeep]\n|-damage|p2b: Chlodowech|58\/100|[from] Sandstorm\n|-damage|p2a: Torrent|31\/100|[from] Sandstorm\n|-fieldend|move: Gravity\n|upkeep\n|\n|t:|1700012662\n|switch|p1b: Illuminati|Jirachi|100\/100\n|turn|8\n|\n|t:|1700012678\n|move|p2b: Chlodowech|Heat Wave|p1b: Illuminati\n|-supereffective|p1b: Illuminati\n|-damage|p1b: Illuminati|57\/100\n|move|p1b: Illuminati|Hidden Power|p2a: Torrent\n|-supereffective|p2a: Torrent\n|-damage|p2a: Torrent|3\/100\n|move|p2a: Torrent|Thunderbolt|p1b: Illuminati\n|-damage|p1b: Illuminati|35\/100\n|-enditem|p1b: Illuminati|Sitrus Berry|[eat]\n|-heal|p1b: Illuminati|60\/100|[from] item: Sitrus Berry\n|\n|-weather|Sandstorm|[upkeep]\n|-damage|p2b: Chlodowech|52\/100|[from] Sandstorm\n|-damage|p2a: Torrent|0 fnt|[from] Sandstorm\n|faint|p2a: Torrent\n|upkeep\n|\n|t:|1700012691\n|switch|p2a: Bianca|Dedenne, F|100\/100\n|turn|9\n|c|\u2606Elite R2Dnl|se liga\n|\n|t:|1700012704\n|move|p2a: Bianca|Entrainment|p2b: Chlodowech\n|-endability|p2b: Chlodowech|Static|[from] move: Entrainment\n|-ability|p2b: Chlodowech|Plus|[from] move: Entrainment\n|move|p2b: Chlodowech|Thunderbolt|p1b: Illuminati\n|-damage|p1b: Illuminati|18\/100\n|move|p1b: Illuminati|Zen Headbutt|p2a: Bianca\n|-damage|p2a: Bianca|54\/100\n|\n|-weather|Sandstorm|[upkeep]\n|-damage|p2a: Bianca|48\/100|[from] Sandstorm\n|-damage|p2b: Chlodowech|46\/100|[from] Sandstorm\n|upkeep\n|turn|10\n|\n|t:|1700012720\n|move|p2a: Bianca|Electric Terrain|p2a: Bianca\n|-fieldstart|move: Electric Terrain\n|move|p2b: Chlodowech|Thunderbolt|p1b: Illuminati\n|-damage|p1b: Illuminati|0 fnt\n|faint|p1b: Illuminati\n|\n|win|Elite R2Dnl\n|c|\u2606M4rlin|Oq plus fez?\n|c|\u2606Elite R2Dnl|THUNDERS AND LIGHTNINGS\n|c|\u2606Elite R2Dnl|quando tem dois plus no campo\n|c|\u2606Elite R2Dnl|o sp atack deles fica 1.5\n|c|\u2606M4rlin|Yoooo\n|c|\u2606M4rlin|N sabia dessa\n|c|\u2606Elite R2Dnl|mano\n|c|\u2606M4rlin|Curti\n|c|\u2606Elite R2Dnl|tu lutou bem PRA CARAMBA\n|c|\u2606Elite R2Dnl|eu n percebi q excadrill tinha gravity\n|c|\u2606M4rlin|No no\n|c|\u2606M4rlin|Ferrothorn tem\n|c|\u2606Elite R2Dnl|eu pensava q o douglas ia trazer isso\n|c|\u2606Elite R2Dnl|ferrothorn\n|c|\u2606Elite R2Dnl|holy shit\n|c|\u2606M4rlin|Yeap\n|c|\u2606Elite R2Dnl|adoro q nenhum dos meus taunts funcionou\n|c|\u2606Elite R2Dnl|mas well realy cool\n|c|\u2606M4rlin|Eu ja tava com isso na cabe\u00e7a desde o in\u00edcio\n|c|\u2606M4rlin|Ja que eu sabia q vcs iriam trazer uns counter prl doug\n|c|\u2606Elite R2Dnl|se eu n tivesse feito o iron hands defensive\n|c|\u2606Elite R2Dnl|eu acho q tinha perdido\n","uploadtime":1700012858,"views":6,"p1id":"m4rlin","p2id":"eliter2dnl","formatid":"gen9nationaldexdoubles","rating":0,"private":0,"password":""}