{"id":"gen9nationaldexdoubles-1977629882","p1":"dethshed","p2":"Xeroum","format":"[Gen 9] National Dex Doubles","log":"|j|\u2606dethshed\n|j|\u2606Xeroum\n|t:|1698433352\n|gametype|doubles\n|player|p1|dethshed|265|1045\n|player|p2|Xeroum|youngn|1030\n|teamsize|p1|6\n|teamsize|p2|5\n|gen|9\n|tier|[Gen 9] National Dex Doubles\n|rated|\n|rule|HP Percentage Mod: HP is shown in percentages\n|rule|Endless Battle Clause: Forcing endless battles is banned\n|rule|OHKO Clause: OHKO moves are banned\n|rule|Evasion Moves Clause: Evasion moves are banned\n|rule|Evasion Abilities Clause: Evasion abilities are banned\n|rule|Species Clause: Limit one of each Pok\u00e9mon\n|rule|Gravity Sleep Clause: The combination of sleep-inducing moves with imperfect accuracy and Gravity or Gigantamax Orbeetle are banned\n|clearpoke\n|poke|p1|Darkrai|\n|poke|p1|Clefable, F|\n|poke|p1|Lurantis, F|\n|poke|p1|Goodra-Hisui, M|\n|poke|p1|Ninetales-Alola, M|\n|poke|p1|Scovillain, M|\n|poke|p2|Oricorio-Pom-Pom, M|\n|poke|p2|Volcarona, M|\n|poke|p2|Kommo-o, M|\n|poke|p2|Lilligant-Hisui, F|\n|poke|p2|Quaquaval, M|\n|teampreview\n|\n|t:|1698433358\n|start\n|switch|p1a: Clefable|Clefable, F|100\/100\n|switch|p1b: Ninetales|Ninetales-Alola, M|100\/100\n|switch|p2a: Oricorio|Oricorio-Pom-Pom, M, shiny|100\/100\n|switch|p2b: Volcarona|Volcarona, M|100\/100\n|-weather|Snow|[from] ability: Snow Warning|[of] p1b: Ninetales\n|turn|1\n|inactive|Battle timer is ON: inactive players will automatically lose when time's up. (requested by Xeroum)\n|\n|t:|1698433376\n|move|p2b: Volcarona|Quiver Dance|p2b: Volcarona\n|-boost|p2b: Volcarona|spa|1\n|-boost|p2b: Volcarona|spd|1\n|-boost|p2b: Volcarona|spe|1\n|-activate|p2a: Oricorio|ability: Dancer\n|move|p2a: Oricorio|Quiver Dance|p2a: Oricorio|[from]ability: Dancer\n|-boost|p2a: Oricorio|spa|1\n|-boost|p2a: Oricorio|spd|1\n|-boost|p2a: Oricorio|spe|1\n|move|p2a: Oricorio|Quiver Dance|p2a: Oricorio\n|-boost|p2a: Oricorio|spa|1\n|-boost|p2a: Oricorio|spd|1\n|-boost|p2a: Oricorio|spe|1\n|move|p1b: Ninetales|Aurora Veil|p1b: Ninetales\n|-sidestart|p1: dethshed|move: Aurora Veil\n|move|p1a: Clefable|Blizzard|p2a: Oricorio|[spread] p2a,p2b\n|-supereffective|p2a: Oricorio\n|-resisted|p2b: Volcarona\n|-damage|p2a: Oricorio|49\/100\n|-damage|p2b: Volcarona|91\/100\n|\n|-weather|Snow|[upkeep]\n|upkeep\n|turn|2\n|inactive|Xeroum has 120 seconds left.\n|\n|t:|1698433419\n|move|p2a: Oricorio|Revelation Dance|p1a: Clefable\n|-damage|p1a: Clefable|78\/100\n|move|p2b: Volcarona|Fiery Dance|p1b: Ninetales\n|-supereffective|p1b: Ninetales\n|-damage|p1b: Ninetales|6\/100\n|-boost|p2b: Volcarona|spa|1\n|-activate|p2a: Oricorio|ability: Dancer\n|move|p2a: Oricorio|Fiery Dance|p1b: Ninetales|[from]ability: Dancer\n|-supereffective|p1b: Ninetales\n|-damage|p1b: Ninetales|0 fnt\n|-boost|p2a: Oricorio|spa|1\n|faint|p1b: Ninetales\n|move|p1a: Clefable|Calm Mind|p1a: Clefable\n|-boost|p1a: Clefable|spa|1\n|-boost|p1a: Clefable|spd|1\n|\n|-weather|Snow|[upkeep]\n|-heal|p1a: Clefable|85\/100|[from] item: Leftovers\n|upkeep\n|inactive|dethshed has 120 seconds left.\n|\n|t:|1698433448\n|switch|p1b: Darkrai|Darkrai|100\/100\n|turn|3\n|\n|t:|1698433460\n|move|p2a: Oricorio|Revelation Dance|p1a: Clefable\n|-damage|p1a: Clefable|70\/100\n|move|p2b: Volcarona|Fiery Dance|p1a: Clefable\n|-damage|p1a: Clefable|54\/100\n|-activate|p2a: Oricorio|ability: Dancer\n|move|p2a: Oricorio|Fiery Dance|p1a: Clefable|[from]ability: Dancer\n|-damage|p1a: Clefable|44\/100\n|-boost|p2a: Oricorio|spa|1\n|move|p1b: Darkrai|Hypnosis|p2b: Volcarona\n|-status|p2b: Volcarona|slp|[from] move: Hypnosis\n|move|p1a: Clefable|Blizzard|p2a: Oricorio|[spread] p2a,p2b\n|-supereffective|p2a: Oricorio\n|-resisted|p2b: Volcarona\n|-damage|p2a: Oricorio|0 fnt\n|-damage|p2b: Volcarona|75\/100 slp\n|faint|p2a: Oricorio\n|\n|-weather|Snow|[upkeep]\n|-heal|p1a: Clefable|50\/100|[from] item: Leftovers\n|-damage|p2b: Volcarona|63\/100 slp|[from] ability: Bad Dreams|[of] p1b: Darkrai\n|upkeep\n|\n|t:|1698433481\n|switch|p2a: Lilligant|Lilligant-Hisui, F|100\/100\n|turn|4\n|\n|t:|1698433499\n|cant|p2b: Volcarona|slp\n|move|p1b: Darkrai|Rock Slide|p2a: Lilligant|[spread] p2a,p2b\n|-resisted|p2a: Lilligant\n|-crit|p2a: Lilligant\n|-supereffective|p2b: Volcarona\n|-damage|p2a: Lilligant|87\/100\n|-damage|p2b: Volcarona|0 fnt\n|faint|p2b: Volcarona\n|move|p2a: Lilligant|Leaf Blade|p1a: Clefable\n|-damage|p1a: Clefable|11\/100\n|move|p1a: Clefable|Flamethrower|p2a: Lilligant\n|-supereffective|p2a: Lilligant\n|-damage|p2a: Lilligant|0 fnt\n|faint|p2a: Lilligant\n|\n|-weather|Snow|[upkeep]\n|-heal|p1a: Clefable|17\/100|[from] item: Leftovers\n|upkeep\n|\n|t:|1698433513\n|switch|p2a: Aztecian|Kommo-o, M|100\/100\n|switch|p2b: Quaquaval|Quaquaval, M|100\/100\n|turn|5\n|\n|t:|1698433531\n|move|p1b: Darkrai|Hypnosis|p2b: Quaquaval\n|-status|p2b: Quaquaval|slp|[from] move: Hypnosis\n|move|p2a: Aztecian|Clangorous Soul|p2a: Aztecian\n|-boost|p2a: Aztecian|atk|1\n|-boost|p2a: Aztecian|def|1\n|-boost|p2a: Aztecian|spa|1\n|-boost|p2a: Aztecian|spd|1\n|-boost|p2a: Aztecian|spe|1\n|-damage|p2a: Aztecian|68\/100\n|-enditem|p2a: Aztecian|Throat Spray\n|-boost|p2a: Aztecian|spa|1|[from] item: Throat Spray\n|cant|p2b: Quaquaval|slp\n|move|p1a: Clefable|Dazzling Gleam|p2a: Aztecian|[spread] p2a,p2b\n|-supereffective|p2a: Aztecian\n|-supereffective|p2b: Quaquaval\n|-damage|p2a: Aztecian|0 fnt\n|-damage|p2b: Quaquaval|14\/100 slp\n|-enditem|p2b: Quaquaval|Iapapa Berry|[eat]\n|-heal|p2b: Quaquaval|47\/100 slp|[from] item: Iapapa Berry\n|faint|p2a: Aztecian\n|\n|-weather|none\n|-heal|p1a: Clefable|24\/100|[from] item: Leftovers\n|-sideend|p1: dethshed|move: Aurora Veil\n|-damage|p2b: Quaquaval|35\/100 slp|[from] ability: Bad Dreams|[of] p1b: Darkrai\n|upkeep\n|turn|6\n|-message|Xeroum forfeited.\n|\n|win|dethshed\n|raw|dethshed's rating: 1045 &rarr; <strong>1077<\/strong><br \/>(+32 for winning)\n|raw|Xeroum's rating: 1030 &rarr; <strong>1016<\/strong><br \/>(-14 for losing)\n|l|\u2606Xeroum\n","uploadtime":1698433567,"views":12,"p1id":"dethshed","p2id":"xeroum","formatid":"gen9nationaldexdoubles","rating":1016,"private":0,"password":""}