{"id":"gen9nationaldexdoubles-1993663915","p1":"Eliminathan","p2":"TheMoistFetus","format":"[Gen 9] National Dex Doubles","log":"|j|\u2606Eliminathan\n|j|\u2606TheMoistFetus\n|t:|1700343048\n|gametype|doubles\n|player|p1|Eliminathan|schoolkid-gen4|\n|player|p2|TheMoistFetus|bianca-pwt|\n|teamsize|p1|6\n|teamsize|p2|6\n|gen|9\n|tier|[Gen 9] National Dex Doubles\n|rule|HP Percentage Mod: HP is shown in percentages\n|rule|Endless Battle Clause: Forcing endless battles is banned\n|rule|OHKO Clause: OHKO moves are banned\n|rule|Evasion Moves Clause: Evasion moves are banned\n|rule|Evasion Abilities Clause: Evasion abilities are banned\n|rule|Species Clause: Limit one of each Pok\u00e9mon\n|rule|Gravity Sleep Clause: The combination of sleep-inducing moves with imperfect accuracy and Gravity or Gigantamax Orbeetle are banned\n|clearpoke\n|poke|p1|Zygarde|\n|poke|p1|Zamazenta-*|\n|poke|p1|Jirachi|\n|poke|p1|Kangaskhan, F|\n|poke|p1|Glimmora, M|\n|poke|p1|Iron Hands|\n|poke|p2|Chien-Pao|\n|poke|p2|Iron Bundle|\n|poke|p2|Ninetales-Alola, M|\n|poke|p2|Ogerpon-Cornerstone, F|\n|poke|p2|Tornadus, M|\n|poke|p2|Chi-Yu|\n|teampreview\n|j| Ryan1Baek\n|c|\u2606Eliminathan|glhf\n|c|\u2606TheMoistFetus|glhf\n|\n|t:|1700343104\n|start\n|switch|p1a: Kangaskhan|Kangaskhan, F|100\/100\n|switch|p1b: Iron Hands|Iron Hands|100\/100\n|switch|p2a: Mr Small|Tornadus, M, shiny|100\/100\n|switch|p2b: Darwin|Chi-Yu|100\/100\n|-ability|p2b: Darwin|Beads of Ruin\n|turn|1\n|\n|t:|1700343135\n|switch|p2b: Penny|Ogerpon-Cornerstone, F|100\/100\n|detailschange|p1a: Kangaskhan|Kangaskhan-Mega, F\n|-mega|p1a: Kangaskhan|Kangaskhan|Kangaskhanite\n|move|p1a: Kangaskhan|Fake Out|p2b: Penny\n|-resisted|p2b: Penny\n|-damage|p2b: Penny|90\/100\n|-resisted|p2b: Penny\n|-damage|p2b: Penny|87\/100\n|-hitcount|p2b: Penny|2\n|move|p2a: Mr Small|Bleakwind Storm|p1b: Iron Hands|[spread] p1a,p1b\n|-damage|p1a: Kangaskhan|75\/100\n|-damage|p1b: Iron Hands|87\/100\n|-unboost|p1a: Kangaskhan|spe|1\n|-unboost|p1b: Iron Hands|spe|1\n|move|p1b: Iron Hands|Drain Punch|p2b: Penny\n|-supereffective|p2b: Penny\n|-damage|p2b: Penny|0 fnt\n|-heal|p1b: Iron Hands|100\/100|[from] drain|[of] p2b: Penny\n|faint|p2b: Penny\n|\n|upkeep\n|\n|t:|1700343194\n|switch|p2b: Nicole|Chien-Pao|100\/100\n|-ability|p2b: Nicole|Sword of Ruin\n|turn|2\n|\n|t:|1700343228\n|move|p1a: Kangaskhan|Protect|p1a: Kangaskhan\n|-singleturn|p1a: Kangaskhan|Protect\n|move|p2b: Nicole|Icicle Crash|p1b: Iron Hands\n|-damage|p1b: Iron Hands|65\/100\n|move|p2a: Mr Small|Bleakwind Storm|p1a: Kangaskhan|[spread] \n|-activate|p1a: Kangaskhan|move: Protect\n|-miss|p2a: Mr Small|p1b: Iron Hands\n|cant|p1b: Iron Hands|flinch\n|\n|upkeep\n|turn|3\n|\n|t:|1700343256\n|switch|p1a: Glimmora|Glimmora, M|100\/100\n|-terastallize|p2b: Nicole|Ghost\n|move|p2b: Nicole|Sacred Sword|p1a: Glimmora\n|-damage|p1a: Glimmora|50\/100\n|-activate|p1a: Glimmora|ability: Toxic Debris\n|-sidestart|p2: TheMoistFetus|move: Toxic Spikes\n|move|p2a: Mr Small|Bleakwind Storm|p1a: Glimmora|[spread] p1a,p1b\n|-resisted|p1a: Glimmora\n|-damage|p1a: Glimmora|31\/100\n|-damage|p1b: Iron Hands|50\/100\n|-unboost|p1a: Glimmora|spe|1\n|move|p1b: Iron Hands|Wild Charge|p2a: Mr Small\n|-supereffective|p2a: Mr Small\n|-enditem|p2a: Mr Small|Focus Sash\n|-damage|p2a: Mr Small|1\/100\n|-damage|p1b: Iron Hands|32\/100|[from] Recoil\n|\n|upkeep\n|turn|4\n|\n|t:|1700343290\n|move|p2b: Nicole|Icicle Crash|p1b: Iron Hands\n|-damage|p1b: Iron Hands|0 fnt\n|faint|p1b: Iron Hands\n|-end|p1b: Iron Hands|Quark Drive|[silent]\n|move|p2a: Mr Small|Bleakwind Storm|p1a: Glimmora\n|-resisted|p1a: Glimmora\n|-damage|p1a: Glimmora|4\/100\n|move|p1a: Glimmora|Stealth Rock|p2b: Nicole\n|-sidestart|p2: TheMoistFetus|move: Stealth Rock\n|\n|upkeep\n|\n|t:|1700343306\n|switch|p1b: Zygarde|Zygarde|100\/100\n|-ability|p1b: Zygarde|Aura Break\n|turn|5\n|\n|t:|1700343349\n|-terastallize|p1b: Zygarde|Fire\n|move|p2b: Nicole|Protect|p2b: Nicole\n|-singleturn|p2b: Nicole|Protect\n|move|p1b: Zygarde|Extreme Speed|p2a: Mr Small\n|-damage|p2a: Mr Small|0 fnt\n|faint|p2a: Mr Small\n|move|p1a: Glimmora|Power Gem|p2b: Nicole\n|-activate|p2b: Nicole|move: Protect\n|\n|upkeep\n|\n|t:|1700343363\n|switch|p2a: Bobert|Iron Bundle, shiny|100\/100\n|-status|p2a: Bobert|psn\n|-damage|p2a: Bobert|76\/100 psn|[from] Stealth Rock\n|-enditem|p2a: Bobert|Booster Energy\n|-activate|p2a: Bobert|ability: Quark Drive|[fromitem]\n|-start|p2a: Bobert|quarkdrivespe\n|turn|6\n|\n|t:|1700343414\n|move|p1b: Zygarde|Protect|p1b: Zygarde\n|-singleturn|p1b: Zygarde|Protect\n|move|p2a: Bobert|Hydro Pump|p1b: Zygarde\n|-activate|p1b: Zygarde|move: Protect\n|move|p2b: Nicole|Sacred Sword|p1a: Glimmora\n|-damage|p1a: Glimmora|0 fnt\n|-activate|p1a: Glimmora|ability: Toxic Debris\n|-sidestart|p2: TheMoistFetus|move: Toxic Spikes\n|faint|p1a: Glimmora\n|\n|-damage|p2a: Bobert|63\/100 psn|[from] psn\n|upkeep\n|\n|t:|1700343426\n|switch|p1a: Kangaskhan|Kangaskhan-Mega, F|75\/100\n|turn|7\n|\n|t:|1700343465\n|move|p2a: Bobert|Protect|p2a: Bobert\n|-singleturn|p2a: Bobert|Protect\n|move|p1a: Kangaskhan|Sucker Punch|p2b: Nicole\n|-supereffective|p2b: Nicole\n|-damage|p2b: Nicole|51\/100\n|-supereffective|p2b: Nicole\n|-damage|p2b: Nicole|38\/100\n|-hitcount|p2b: Nicole|2\n|move|p2b: Nicole|Sacred Sword|p1a: Kangaskhan\n|-supereffective|p1a: Kangaskhan\n|-damage|p1a: Kangaskhan|15\/100\n|move|p1b: Zygarde|Dragon Dance|p1b: Zygarde\n|-boost|p1b: Zygarde|atk|1\n|-boost|p1b: Zygarde|spe|1\n|\n|-damage|p2a: Bobert|51\/100 psn|[from] psn\n|upkeep\n|turn|8\n|\n|t:|1700343493\n|move|p1b: Zygarde|Extreme Speed|p2a: Bobert\n|-damage|p2a: Bobert|0 fnt\n|faint|p2a: Bobert\n|-end|p2a: Bobert|Quark Drive|[silent]\n|move|p2b: Nicole|Sucker Punch|p1a: Kangaskhan\n|-damage|p1a: Kangaskhan|0 fnt\n|faint|p1a: Kangaskhan\n|\n|upkeep\n|\n|t:|1700343521\n|switch|p2a: Gumball|Ninetales-Alola, M|100\/100\n|switch|p1a: Jirachi|Jirachi|100\/100\n|-status|p2a: Gumball|tox\n|-damage|p2a: Gumball|76\/100 tox|[from] Stealth Rock\n|-weather|Snow|[from] ability: Snow Warning|[of] p2a: Gumball\n|turn|9\n|\n|t:|1700343537\n|move|p2b: Nicole|Sucker Punch|p1a: Jirachi\n|-supereffective|p1a: Jirachi\n|-damage|p1a: Jirachi|34\/100\n|move|p1b: Zygarde|Thousand Arrows|p2b: Nicole|[spread] p2a,p2b\n|-damage|p2a: Gumball|23\/100 tox\n|-damage|p2b: Nicole|0 fnt\n|faint|p2b: Nicole\n|move|p2a: Gumball|Blizzard|p1a: Jirachi|[spread] p1a,p1b\n|-resisted|p1a: Jirachi\n|-resisted|p1b: Zygarde\n|-damage|p1a: Jirachi|26\/100\n|-damage|p1b: Zygarde|90\/100\n|move|p1a: Jirachi|Iron Head|p2a: Gumball\n|-supereffective|p2a: Gumball\n|-crit|p2a: Gumball\n|-damage|p2a: Gumball|0 fnt\n|faint|p2a: Gumball\n|\n|-weather|Snow|[upkeep]\n|upkeep\n|c|\u2606TheMoistFetus|misread the protect\n|c|\u2606TheMoistFetus|ggs\n|c|\u2606Eliminathan|ggs\n|\n|t:|1700343557\n|switch|p2a: Darwin|Chi-Yu|100\/100\n|-status|p2a: Darwin|tox\n|-damage|p2a: Darwin|76\/100 tox|[from] Stealth Rock\n|-ability|p2a: Darwin|Beads of Ruin\n|turn|10\n|\n|t:|1700343565\n|move|p1a: Jirachi|Protect|p1a: Jirachi\n|-singleturn|p1a: Jirachi|Protect\n|move|p2a: Darwin|Heat Wave|p1b: Zygarde|[spread] p1b\n|-activate|p1a: Jirachi|move: Protect\n|-resisted|p1b: Zygarde\n|-damage|p1b: Zygarde|61\/100\n|move|p1b: Zygarde|Thousand Arrows|p2a: Darwin\n|-supereffective|p2a: Darwin\n|-damage|p2a: Darwin|0 fnt\n|faint|p2a: Darwin\n|\n|win|Eliminathan\n|l| Ryan1Baek\n","uploadtime":1700343578,"views":26,"p1id":"eliminathan","p2id":"themoistfetus","formatid":"gen9nationaldexdoubles","rating":0,"private":0,"password":""}