{"id":"gen9nationaldexdoubles-1984872650","p1":"Doeiwad1","p2":"GunGalione","format":"[Gen 9] National Dex Doubles","log":"|j|\u2606Doeiwad1\n|j|\u2606GunGalione\n|t:|1699306371\n|gametype|doubles\n|player|p1|Doeiwad1|elesa|1080\n|player|p2|GunGalione|pokemonranger-gen4|1338\n|teamsize|p1|6\n|teamsize|p2|6\n|gen|9\n|tier|[Gen 9] National Dex Doubles\n|rated|\n|rule|HP Percentage Mod: HP is shown in percentages\n|rule|Endless Battle Clause: Forcing endless battles is banned\n|rule|OHKO Clause: OHKO moves are banned\n|rule|Evasion Moves Clause: Evasion moves are banned\n|rule|Evasion Abilities Clause: Evasion abilities are banned\n|rule|Species Clause: Limit one of each Pok\u00e9mon\n|rule|Gravity Sleep Clause: The combination of sleep-inducing moves with imperfect accuracy and Gravity or Gigantamax Orbeetle are banned\n|clearpoke\n|poke|p1|Swoobat, M|\n|poke|p1|Blastoise, M|\n|poke|p1|Gastrodon-East, F|\n|poke|p1|Ogerpon-Wellspring, F|\n|poke|p1|Iron Bundle|\n|poke|p1|Sinistcha|\n|poke|p2|Typhlosion, F|\n|poke|p2|Chi-Yu|\n|poke|p2|Torkoal, F|\n|poke|p2|Heliolisk, M|\n|poke|p2|Manectric, M|\n|poke|p2|Talonflame, F|\n|teampreview\n|inactive|Battle timer is ON: inactive players will automatically lose when time's up. (requested by Doeiwad1)\n|\n|t:|1699306378\n|start\n|switch|p1a: Swoobat|Swoobat, M|100\/100\n|switch|p1b: Blastoise|Blastoise, M, shiny|100\/100\n|switch|p2a: Talonflame|Talonflame, F|100\/100\n|switch|p2b: Heliolisk|Heliolisk, M|100\/100\n|turn|1\n|c|\u2606GunGalione|Simple beam shell smash??\n|c|\u2606GunGalione|Fuck\n|\n|t:|1699306402\n|-terastallize|p2b: Heliolisk|Dark\n|-terastallize|p1b: Blastoise|Grass\n|move|p1a: Swoobat|Skill Swap|p1b: Blastoise\n|-activate|p1a: Swoobat|move: Skill Swap|||[of] p1b: Blastoise\n|move|p2a: Talonflame|U-turn|p2b: Heliolisk\n|-supereffective|p2b: Heliolisk\n|-damage|p2b: Heliolisk|43\/100\n|-enditem|p2b: Heliolisk|Weakness Policy\n|-boost|p2b: Heliolisk|atk|2|[from] item: Weakness Policy\n|-boost|p2b: Heliolisk|spa|2|[from] item: Weakness Policy\n|\n|t:|1699306415\n|switch|p2a: Manectric|Manectric, M, shiny|100\/100|[from] U-turn\n|move|p2b: Heliolisk|Parabolic Charge|p1b: Blastoise|[spread] p1a,p1b\n|-ability|p2a: Manectric|Lightning Rod|boost\n|-boost|p2a: Manectric|spa|1\n|-supereffective|p1a: Swoobat\n|-resisted|p1b: Blastoise\n|-enditem|p1a: Swoobat|Focus Sash\n|-damage|p1a: Swoobat|1\/100\n|-heal|p2b: Heliolisk|100\/100|[from] drain|[of] p1a: Swoobat\n|-damage|p1b: Blastoise|74\/100\n|move|p1b: Blastoise|Shell Smash|p1b: Blastoise\n|-unboost|p1b: Blastoise|def|2\n|-unboost|p1b: Blastoise|spd|2\n|-boost|p1b: Blastoise|atk|4\n|-boost|p1b: Blastoise|spa|4\n|-boost|p1b: Blastoise|spe|4\n|-enditem|p1b: Blastoise|White Herb\n|-clearnegativeboost|p1b: Blastoise|[silent]\n|\n|upkeep\n|turn|2\n|\n|t:|1699306437\n|move|p1b: Blastoise|Water Spout|p2a: Manectric|[spread] p2a,p2b\n|-damage|p2a: Manectric|0 fnt\n|-damage|p2b: Heliolisk|0 fnt\n|faint|p2a: Manectric\n|faint|p2b: Heliolisk\n|move|p1a: Swoobat|Speed Swap|p1b: Blastoise\n|-activate|p1a: Swoobat|move: Speed Swap|[of] p1b: Blastoise\n|\n|upkeep\n|\n|t:|1699306446\n|switch|p2b: Talonflame|Talonflame, F|100\/100\n|switch|p2a: Torkoal|Torkoal, F|100\/100\n|-weather|SunnyDay|[from] ability: Drought|[of] p2a: Torkoal\n|turn|3\n|\n|t:|1699306454\n|switch|p1a: Sinistcha|Sinistcha|100\/100\n|-heal|p1b: Blastoise|99\/100|[from] ability: Hospitality|[of] p1a: Sinistcha\n|move|p2b: Talonflame|Tailwind|p2b: Talonflame\n|-sidestart|p2: GunGalione|move: Tailwind\n|move|p1b: Blastoise|Water Spout|p2a: Torkoal|[spread] p2a,p2b\n|-supereffective|p2a: Torkoal\n|-supereffective|p2b: Talonflame\n|-damage|p2a: Torkoal|0 fnt\n|-enditem|p2b: Talonflame|Focus Sash\n|-damage|p2b: Talonflame|1\/100\n|faint|p2a: Torkoal\n|\n|-weather|SunnyDay|[upkeep]\n|upkeep\n|\n|t:|1699306464\n|switch|p2a: Chi-Yu|Chi-Yu|100\/100\n|-ability|p2a: Chi-Yu|Beads of Ruin\n|turn|4\n|\n|t:|1699306473\n|move|p1a: Sinistcha|Rage Powder|p1a: Sinistcha\n|-singleturn|p1a: Sinistcha|move: Rage Powder\n|move|p1b: Blastoise|Water Spout|p2a: Chi-Yu|[spread] p2a,p2b\n|-supereffective|p2a: Chi-Yu\n|-supereffective|p2b: Talonflame\n|-enditem|p2a: Chi-Yu|Focus Sash\n|-damage|p2a: Chi-Yu|1\/100\n|-damage|p2b: Talonflame|0 fnt\n|faint|p2b: Talonflame\n|move|p2a: Chi-Yu|Heat Wave|p1a: Sinistcha|[spread] p1a,p1b\n|-supereffective|p1a: Sinistcha\n|-supereffective|p1b: Blastoise\n|-damage|p1a: Sinistcha|0 fnt\n|-damage|p1b: Blastoise|0 fnt\n|faint|p1a: Sinistcha\n|faint|p1b: Blastoise\n|\n|-weather|SunnyDay|[upkeep]\n|upkeep\n|\n|t:|1699306482\n|switch|p2b: Typhlosion|Typhlosion, F, shiny|100\/100\n|switch|p1b: Iron Bundle|Iron Bundle|100\/100\n|switch|p1a: Gastrodon|Gastrodon-East, F|100\/100\n|-enditem|p1b: Iron Bundle|Booster Energy\n|-activate|p1b: Iron Bundle|ability: Quark Drive|[fromitem]\n|-start|p1b: Iron Bundle|quarkdrivespe\n|turn|5\n|\n|t:|1699306490\n|move|p2b: Typhlosion|Solar Beam||[still]\n|-prepare|p2b: Typhlosion|Solar Beam\n|-anim|p2b: Typhlosion|Solar Beam|p1a: Gastrodon\n|-supereffective|p1a: Gastrodon\n|-damage|p1a: Gastrodon|0 fnt\n|faint|p1a: Gastrodon\n|move|p2a: Chi-Yu|Heat Wave|p1b: Iron Bundle\n|-damage|p1b: Iron Bundle|0 fnt\n|faint|p1b: Iron Bundle\n|-end|p1b: Iron Bundle|Quark Drive|[silent]\n|\n|-weather|SunnyDay|[upkeep]\n|upkeep\n|\n|t:|1699306505\n|switch|p1b: Swoobat|Swoobat, M|1\/100\n|switch|p1a: Ogerpon|Ogerpon-Wellspring, F|100\/100\n|turn|6\n|\n|t:|1699306523\n|move|p1b: Swoobat|Helping Hand|p1a: Ogerpon\n|-singleturn|p1a: Ogerpon|Helping Hand|[of] p1b: Swoobat\n|move|p2b: Typhlosion|Solar Beam||[still]\n|-prepare|p2b: Typhlosion|Solar Beam\n|-anim|p2b: Typhlosion|Solar Beam|p1a: Ogerpon\n|-damage|p1a: Ogerpon|41\/100\n|move|p2a: Chi-Yu|Heat Wave|p1a: Ogerpon|[spread] p1a,p1b\n|-damage|p1a: Ogerpon|0 fnt\n|-damage|p1b: Swoobat|0 fnt\n|faint|p1a: Ogerpon\n|faint|p1b: Swoobat\n|\n|win|GunGalione\n|raw|Doeiwad1's rating: 1080 &rarr; <strong>1072<\/strong><br \/>(-8 for losing)\n|raw|GunGalione's rating: 1338 &rarr; <strong>1345<\/strong><br \/>(+7 for winning)\n|l|\u2606Doeiwad1\n|c|\u2606GunGalione|Holy shit this game\n|c|\u2606GunGalione|So crazy\n","uploadtime":1699306542,"views":6,"p1id":"doeiwad1","p2id":"gungalione","formatid":"gen9nationaldexdoubles","rating":1072,"private":0,"password":""}