{"id":"gen9nationaldexdoubles-1981181222","p1":"pigeon9","p2":"El Ryuk456","format":"[Gen 9] National Dex Doubles","log":"|j|\u2606pigeon9\n|j|\u2606El Ryuk456\n|t:|1698870253\n|gametype|doubles\n|player|p1|pigeon9|acerola|1282\n|player|p2|El Ryuk456|ingo|1563\n|teamsize|p1|6\n|teamsize|p2|6\n|gen|9\n|tier|[Gen 9] National Dex Doubles\n|rated|\n|rule|HP Percentage Mod: HP is shown in percentages\n|rule|Endless Battle Clause: Forcing endless battles is banned\n|rule|OHKO Clause: OHKO moves are banned\n|rule|Evasion Moves Clause: Evasion moves are banned\n|rule|Evasion Abilities Clause: Evasion abilities are banned\n|rule|Species Clause: Limit one of each Pok\u00e9mon\n|rule|Gravity Sleep Clause: The combination of sleep-inducing moves with imperfect accuracy and Gravity or Gigantamax Orbeetle are banned\n|clearpoke\n|poke|p1|Palafin, M|\n|poke|p1|Araquanid, F|\n|poke|p1|Swampert, M|\n|poke|p1|Pelipper, F|\n|poke|p1|Tornadus-Therian, M|\n|poke|p1|Greninja-*, M|\n|poke|p2|Landorus-Therian, M|\n|poke|p2|Chien-Pao|\n|poke|p2|Blastoise, M|\n|poke|p2|Braviary, M|\n|poke|p2|Armarouge, M|\n|poke|p2|Arboliva, F|\n|teampreview\n|inactive|Battle timer is ON: inactive players will automatically lose when time's up. (requested by pigeon9)\n|\n|t:|1698870283\n|start\n|switch|p1a: Pelipper|Pelipper, F|100\/100\n|switch|p1b: Palafin|Palafin, M|100\/100\n|switch|p2a: Bastion|Blastoise, M|100\/100\n|switch|p2b: Huayco|Landorus-Therian, M|100\/100\n|-ability|p2b: Huayco|Intimidate|boost\n|-unboost|p1a: Pelipper|atk|1\n|-unboost|p1b: Palafin|atk|1\n|-weather|RainDance|[from] ability: Drizzle|[of] p1a: Pelipper\n|turn|1\n|\n|t:|1698870291\n|detailschange|p2a: Bastion|Blastoise-Mega, M\n|-mega|p2a: Bastion|Blastoise|Blastoisinite\n|move|p2b: Huayco|Rock Slide|p1a: Pelipper|[spread] p1a,p1b\n|-supereffective|p1a: Pelipper\n|-damage|p1a: Pelipper|66\/100\n|-damage|p1b: Palafin|70\/100\n|move|p1b: Palafin|Flip Turn|p2a: Bastion\n|-resisted|p2a: Bastion\n|-damage|p2a: Bastion|86\/100\n|\n|t:|1698870303\n|detailschange|p1b: Palafin|Palafin-Hero, M\n|switch|p1b: Swampert|Swampert, M, shiny|100\/100|[from] Flip Turn\n|move|p2a: Bastion|Water Spout|p1b: Swampert|[spread] p1a,p1b\n|-resisted|p1a: Pelipper\n|-crit|p1a: Pelipper\n|-damage|p1a: Pelipper|0 fnt\n|-damage|p1b: Swampert|14\/100\n|faint|p1a: Pelipper\n|\n|-weather|RainDance|[upkeep]\n|upkeep\n|\n|t:|1698870309\n|switch|p1a: Tornadus|Tornadus-Therian, M|100\/100\n|turn|2\n|\n|t:|1698870327\n|switch|p2a: Olivia|Arboliva, F|100\/100\n|detailschange|p1b: Swampert|Swampert-Mega, M, shiny\n|-mega|p1b: Swampert|Swampert|Swampertite\n|-terastallize|p2b: Huayco|Water\n|-terastallize|p1a: Tornadus|Flying\n|move|p1b: Swampert|Ice Punch|p2b: Huayco\n|-resisted|p2b: Huayco\n|-damage|p2b: Huayco|81\/100\n|move|p2b: Huayco|Rock Slide|p1a: Tornadus|[spread] p1a,p1b\n|-supereffective|p1a: Tornadus\n|-crit|p1a: Tornadus\n|-resisted|p1b: Swampert\n|-damage|p1a: Tornadus|0 fnt\n|-damage|p1b: Swampert|4\/100\n|faint|p1a: Tornadus\n|\n|-weather|RainDance|[upkeep]\n|upkeep\n|\n|t:|1698870346\n|switch|p1a: Araquanid|Araquanid, F|100\/100\n|turn|3\n|\n|t:|1698870357\n|move|p1b: Swampert|Earthquake|p2b: Huayco|[spread] p1a,p2a,p2b\n|-resisted|p1a: Araquanid\n|-resisted|p2a: Olivia\n|-damage|p1a: Araquanid|74\/100\n|-damage|p2a: Olivia|81\/100\n|-damage|p2b: Huayco|30\/100\n|-fieldstart|move: Grassy Terrain|[from] ability: Seed Sower|[of] p2a: Olivia\n|move|p2b: Huayco|Rock Slide|p1b: Swampert|[spread] p1a,p1b\n|-supereffective|p1a: Araquanid\n|-resisted|p1b: Swampert\n|-damage|p1a: Araquanid|20\/100\n|-damage|p1b: Swampert|0 fnt\n|faint|p1b: Swampert\n|-zpower|p1a: Araquanid\n|move|p1a: Araquanid|Hydro Vortex|p2a: Olivia|[zeffect]\n|-resisted|p2a: Olivia\n|-damage|p2a: Olivia|4\/100\n|move|p2a: Olivia|Strength Sap|p1a: Araquanid\n|-unboost|p1a: Araquanid|atk|1\n|-heal|p2a: Olivia|77\/100\n|\n|-weather|RainDance|[upkeep]\n|-heal|p2b: Huayco|36\/100|[from] Grassy Terrain\n|-heal|p1a: Araquanid|27\/100|[from] Grassy Terrain\n|-heal|p2a: Olivia|83\/100|[from] Grassy Terrain\n|-heal|p2a: Olivia|89\/100|[from] item: Leftovers\n|upkeep\n|\n|t:|1698870374\n|switch|p1b: Greninja|Greninja, M|100\/100\n|turn|4\n|\n|t:|1698870387\n|move|p1a: Araquanid|Wide Guard|p1a: Araquanid\n|-singleturn|p1a: Araquanid|Wide Guard\n|move|p2b: Huayco|Rock Slide|p1b: Greninja|[spread] \n|-activate|p1a: Araquanid|move: Wide Guard\n|-activate|p1b: Greninja|move: Wide Guard\n|move|p1b: Greninja|Dark Pulse|p2a: Olivia\n|-damage|p2a: Olivia|49\/100\n|-damage|p1b: Greninja|91\/100|[from] item: Life Orb\n|move|p2a: Olivia|Giga Drain|p1b: Greninja\n|-supereffective|p1b: Greninja\n|-damage|p1b: Greninja|0 fnt\n|-heal|p2a: Olivia|85\/100|[from] drain|[of] p1b: Greninja\n|faint|p1b: Greninja\n|\n|-weather|RainDance|[upkeep]\n|-heal|p2b: Huayco|42\/100|[from] Grassy Terrain\n|-heal|p1a: Araquanid|33\/100|[from] Grassy Terrain\n|-heal|p2a: Olivia|91\/100|[from] Grassy Terrain\n|-heal|p2a: Olivia|97\/100|[from] item: Leftovers\n|upkeep\n|\n|t:|1698870398\n|switch|p1b: Palafin|Palafin-Hero, M|70\/100\n|-activate|p1b: Palafin|ability: Zero to Hero\n|turn|5\n|\n|t:|1698870412\n|move|p1a: Araquanid|Wide Guard|p1a: Araquanid\n|-singleturn|p1a: Araquanid|Wide Guard\n|move|p2b: Huayco|Rock Slide|p1a: Araquanid|[spread] \n|-activate|p1a: Araquanid|move: Wide Guard\n|-activate|p1b: Palafin|move: Wide Guard\n|move|p1b: Palafin|Close Combat|p2a: Olivia\n|-supereffective|p2a: Olivia\n|-damage|p2a: Olivia|0 fnt\n|-unboost|p1b: Palafin|def|1\n|-unboost|p1b: Palafin|spd|1\n|faint|p2a: Olivia\n|\n|-weather|RainDance|[upkeep]\n|-heal|p2b: Huayco|48\/100|[from] Grassy Terrain\n|-heal|p1b: Palafin|76\/100|[from] Grassy Terrain\n|-heal|p1a: Araquanid|39\/100|[from] Grassy Terrain\n|upkeep\n|\n|t:|1698870427\n|switch|p2a: Frossbit|Chien-Pao|100\/100\n|-ability|p2a: Frossbit|Sword of Ruin\n|turn|6\n|\n|t:|1698870443\n|move|p2b: Huayco|Rock Slide|p1a: Araquanid|[spread] p1a,p1b\n|-supereffective|p1a: Araquanid\n|-damage|p1a: Araquanid|0 fnt\n|-damage|p1b: Palafin|29\/100\n|faint|p1a: Araquanid\n|move|p2a: Frossbit|Sacred Sword|p1b: Palafin\n|-damage|p1b: Palafin|0 fnt\n|faint|p1b: Palafin\n|\n|win|El Ryuk456\n|raw|pigeon9's rating: 1282 &rarr; <strong>1274<\/strong><br \/>(-8 for losing)\n|raw|El Ryuk456's rating: 1563 &rarr; <strong>1570<\/strong><br \/>(+7 for winning)\n|l|\u2606pigeon9\n","uploadtime":1698870456,"views":11,"p1id":"pigeon9","p2id":"elryuk456","formatid":"gen9nationaldexdoubles","rating":1274,"private":0,"password":""}