{"id":"gen9nationaldexdoubles-1990065226","p1":"Sliptrap7","p2":"BOOOM lN UR FACE","format":"[Gen 9] National Dex Doubles","log":"|j|\u2606Sliptrap7\n|j|\u2606BOOOM lN UR FACE\n|t:|1699920788\n|gametype|doubles\n|player|p1|Sliptrap7|2|1112\n|player|p2|BOOOM lN UR FACE|richboy-gen4|1000\n|teamsize|p1|6\n|teamsize|p2|6\n|gen|9\n|tier|[Gen 9] National Dex Doubles\n|rated|\n|rule|HP Percentage Mod: HP is shown in percentages\n|rule|Endless Battle Clause: Forcing endless battles is banned\n|rule|OHKO Clause: OHKO moves are banned\n|rule|Evasion Moves Clause: Evasion moves are banned\n|rule|Evasion Abilities Clause: Evasion abilities are banned\n|rule|Species Clause: Limit one of each Pok\u00e9mon\n|rule|Gravity Sleep Clause: The combination of sleep-inducing moves with imperfect accuracy and Gravity or Gigantamax Orbeetle are banned\n|clearpoke\n|poke|p1|Charizard, M|\n|poke|p1|Grafaiai, F|\n|poke|p1|Sinistcha|\n|poke|p1|Walking Wake|\n|poke|p1|Iron Hands|\n|poke|p1|Farigiraf, F|\n|poke|p2|Indeedee, M|\n|poke|p2|Regieleki|\n|poke|p2|Meowscarada, F|\n|poke|p2|Spectrier|\n|poke|p2|Murkrow, F|\n|poke|p2|Shuckle, M|\n|teampreview\n|inactive|Battle timer is ON: inactive players will automatically lose when time's up. (requested by BOOOM lN UR FACE)\n|\n|t:|1699920810\n|start\n|switch|p1a: Farigiraf|Farigiraf, F|100\/100\n|switch|p1b: Iron Hands|Iron Hands|100\/100\n|switch|p2a: Murkrow|Murkrow, F|100\/100\n|switch|p2b: Shuckle|Shuckle, M|100\/100\n|turn|1\n|inactive|BOOOM lN UR FACE has 120 seconds left.\n|inactive|BOOOM lN UR FACE has 90 seconds left.\n|inactive|BOOOM lN UR FACE has 60 seconds left.\n|\n|t:|1699920913\n|move|p1b: Iron Hands|Fake Out|p2a: Murkrow\n|-damage|p2a: Murkrow|70\/100\n|cant|p2a: Murkrow|flinch\n|move|p1a: Farigiraf|Thunderbolt|p2a: Murkrow\n|-supereffective|p2a: Murkrow\n|-damage|p2a: Murkrow|0 fnt\n|faint|p2a: Murkrow\n|move|p2b: Shuckle|Toxic|p1a: Farigiraf\n|-status|p1a: Farigiraf|tox\n|\n|-damage|p1a: Farigiraf|94\/100 tox|[from] psn\n|upkeep\n|\n|t:|1699920924\n|switch|p2a: Spectrier|Spectrier|100\/100\n|turn|2\n|\n|t:|1699920952\n|move|p1a: Farigiraf|Protect|p1a: Farigiraf\n|-singleturn|p1a: Farigiraf|Protect\n|move|p2a: Spectrier|Dark Pulse|p1a: Farigiraf\n|-activate|p1a: Farigiraf|move: Protect\n|move|p1b: Iron Hands|Heavy Slam|p2a: Spectrier\n|-damage|p2a: Spectrier|29\/100\n|move|p2b: Shuckle|Power Split|p1b: Iron Hands\n|-activate|p2b: Shuckle|move: Power Split|[of] p1b: Iron Hands\n|\n|-damage|p1a: Farigiraf|82\/100 tox|[from] psn\n|upkeep\n|turn|3\n|inactive|Sliptrap7 has 120 seconds left.\n|\n|t:|1699920987\n|switch|p1a: Grafaiai|Grafaiai, F|100\/100\n|-end|p1b: Iron Hands|Quark Drive|[silent]\n|switch|p1b: Walking Wake|Walking Wake|100\/100\n|-enditem|p1b: Walking Wake|Booster Energy\n|-activate|p1b: Walking Wake|ability: Protosynthesis|[fromitem]\n|-start|p1b: Walking Wake|protosynthesisspa\n|move|p2a: Spectrier|Dark Pulse|p1a: Grafaiai\n|-damage|p1a: Grafaiai|72\/100\n|move|p2b: Shuckle|Toxic|p1b: Walking Wake\n|-status|p1b: Walking Wake|tox\n|\n|-damage|p1b: Walking Wake|94\/100 tox|[from] psn\n|upkeep\n|turn|4\n|inactive|BOOOM lN UR FACE has 90 seconds left.\n|\n|t:|1699921011\n|move|p2a: Spectrier|Psychic|p1a: Grafaiai\n|-supereffective|p1a: Grafaiai\n|-damage|p1a: Grafaiai|13\/100\n|-enditem|p1a: Grafaiai|Figy Berry|[eat]\n|-heal|p1a: Grafaiai|46\/100|[from] item: Figy Berry\n|-start|p1a: Grafaiai|confusion\n|move|p1b: Walking Wake|Hydro Steam|p2a: Spectrier\n|-damage|p2a: Spectrier|0 fnt\n|faint|p2a: Spectrier\n|-activate|p1a: Grafaiai|confusion\n|-damage|p1a: Grafaiai|37\/100|[from] confusion\n|move|p2b: Shuckle|Stealth Rock|p1b: Walking Wake\n|-sidestart|p1: Sliptrap7|move: Stealth Rock\n|\n|-damage|p1b: Walking Wake|82\/100 tox|[from] psn\n|upkeep\n|inactive|BOOOM lN UR FACE has 60 seconds left.\n|\n|t:|1699921041\n|switch|p2a: Regieleki|Regieleki|100\/100\n|turn|5\n|inactive|Sliptrap7 has 120 seconds left.\n|\n|t:|1699921075\n|switch|p2b: Meowscarada|Meowscarada, F|100\/100\n|move|p1b: Walking Wake|Protect|p1b: Walking Wake\n|-singleturn|p1b: Walking Wake|Protect\n|-activate|p1a: Grafaiai|confusion\n|-damage|p1a: Grafaiai|26\/100|[from] confusion\n|move|p2a: Regieleki|Thunderbolt|p1b: Walking Wake\n|-activate|p1b: Walking Wake|move: Protect\n|\n|-damage|p1b: Walking Wake|63\/100 tox|[from] psn\n|upkeep\n|turn|6\n|inactive|Sliptrap7 has 120 seconds left.\n|inactive|BOOOM lN UR FACE has 60 seconds left.\n|\n|t:|1699921108\n|-terastallize|p1b: Walking Wake|Ice\n|-activate|p1a: Grafaiai|confusion\n|-damage|p1a: Grafaiai|15\/100|[from] confusion\n|move|p2b: Meowscarada|Flower Trick|p1b: Walking Wake\n|-start|p2b: Meowscarada|typechange|Grass|[from] ability: Protean\n|-crit|p1b: Walking Wake\n|-damage|p1b: Walking Wake|8\/100 tox\n|move|p2a: Regieleki|Thunderbolt|p1a: Grafaiai\n|-damage|p1a: Grafaiai|0 fnt\n|faint|p1a: Grafaiai\n|move|p1b: Walking Wake|Tera Blast|p2b: Meowscarada|[anim] Tera Blast Ice\n|-supereffective|p2b: Meowscarada\n|-damage|p2b: Meowscarada|0 fnt\n|faint|p2b: Meowscarada\n|\n|-damage|p1b: Walking Wake|0 fnt|[from] psn\n|faint|p1b: Walking Wake\n|-end|p1b: Walking Wake|Protosynthesis|[silent]\n|upkeep\n|inactive|Sliptrap7 has 120 seconds left.\n|\n|t:|1699921137\n|switch|p2b: Indeedee|Indeedee, M|100\/100\n|switch|p1b: Farigiraf|Farigiraf, F|82\/100 tox\n|switch|p1a: Iron Hands|Iron Hands|100\/100\n|-fieldstart|move: Psychic Terrain|[from] ability: Psychic Surge|[of] p2b: Indeedee\n|-damage|p1b: Farigiraf|70\/100 tox|[from] Stealth Rock\n|-damage|p1a: Iron Hands|94\/100|[from] Stealth Rock\n|turn|7\n|inactive|BOOOM lN UR FACE has 90 seconds left.\n|inactive|Sliptrap7 has 120 seconds left.\n|\n|t:|1699921168\n|-terastallize|p2b: Indeedee|Psychic\n|move|p2a: Regieleki|Electro Ball|p1b: Farigiraf\n|-damage|p1b: Farigiraf|0 fnt\n|faint|p1b: Farigiraf\n|move|p2b: Indeedee|Expanding Force|p1a: Iron Hands\n|-supereffective|p1a: Iron Hands\n|-damage|p1a: Iron Hands|0 fnt\n|faint|p1a: Iron Hands\n|-end|p1a: Iron Hands|Quark Drive|[silent]\n|\n|upkeep\n|\n|t:|1699921183\n|switch|p1b: Charizard|Charizard, M|100\/100\n|switch|p1a: Sinistcha|Sinistcha|100\/100\n|-damage|p1b: Charizard|51\/100|[from] Stealth Rock\n|-damage|p1a: Sinistcha|88\/100|[from] Stealth Rock\n|-heal|p1b: Charizard|76\/100|[from] ability: Hospitality|[of] p1a: Sinistcha\n|turn|8\n|inactive|Sliptrap7 has 120 seconds left.\n|j| Cownipples\n|\n|t:|1699921198\n|move|p2a: Regieleki|Electro Ball|p1b: Charizard\n|-supereffective|p1b: Charizard\n|-damage|p1b: Charizard|0 fnt\n|faint|p1b: Charizard\n|move|p2b: Indeedee|Expanding Force|p1a: Sinistcha\n|-damage|p1a: Sinistcha|0 fnt\n|faint|p1a: Sinistcha\n|\n|win|BOOOM lN UR FACE\n|raw|Sliptrap7's rating: 1112 &rarr; <strong>1082<\/strong><br \/>(-30 for losing)\n|raw|BOOOM lN UR FACE's rating: 1046 &rarr; <strong>1085<\/strong><br \/>(+39 for winning)\n","uploadtime":1699921201,"views":5,"p1id":"sliptrap7","p2id":"booomlnurface","formatid":"gen9nationaldexdoubles","rating":1082,"private":0,"password":""}