{"id":"gen9nationaldexdoubles-1961651711","p1":"AdvancedDigit","p2":"Mallitz","format":"[Gen 9] National Dex Doubles","log":"|j|\u2606AdvancedDigit\n|j|\u2606Mallitz\n|t:|1696648209\n|gametype|doubles\n|player|p1|AdvancedDigit|hilbert|1071\n|player|p2|Mallitz|170|1000\n|teamsize|p1|6\n|teamsize|p2|6\n|gen|9\n|tier|[Gen 9] National Dex Doubles\n|rated|\n|rule|HP Percentage Mod: HP is shown in percentages\n|rule|Endless Battle Clause: Forcing endless battles is banned\n|rule|OHKO Clause: OHKO moves are banned\n|rule|Evasion Moves Clause: Evasion moves are banned\n|rule|Evasion Abilities Clause: Evasion abilities are banned\n|rule|Species Clause: Limit one of each Pok\u00e9mon\n|rule|Gravity Sleep Clause: The combination of sleep-inducing moves with imperfect accuracy and Gravity or Gigantamax Orbeetle are banned\n|clearpoke\n|poke|p1|Scizor, M|\n|poke|p1|Mr. Mime, M|\n|poke|p1|Clefairy, M|\n|poke|p1|Amoonguss, M|\n|poke|p1|Chi-Yu|\n|poke|p1|Volbeat, M|\n|poke|p2|Oricorio-Pom-Pom, M|\n|poke|p2|Quaquaval, F|\n|poke|p2|Flamigo, M|\n|poke|p2|Amoonguss, M|\n|poke|p2|Sableye, F|\n|poke|p2|Dragapult, F|\n|teampreview\n|\n|t:|1696648225\n|start\n|switch|p1a: Scizor|Scizor, M|100\/100\n|switch|p1b: Mr. Mime|Mr. Mime, M|100\/100\n|switch|p2a: Quaquaval|Quaquaval, F|100\/100\n|switch|p2b: Sableye|Sableye, F|100\/100\n|turn|1\n|\n|t:|1696648238\n|move|p2b: Sableye|Fake Out|p1b: Mr. Mime\n|-damage|p1b: Mr. Mime|90\/100\n|cant|p1b: Mr. Mime|flinch\n|move|p2a: Quaquaval|Swords Dance|p2a: Quaquaval\n|-boost|p2a: Quaquaval|atk|2\n|move|p1a: Scizor|Swords Dance|p1a: Scizor\n|-boost|p1a: Scizor|atk|2\n|\n|-heal|p1b: Mr. Mime|96\/100|[from] item: Leftovers\n|upkeep\n|turn|2\n|\n|t:|1696648255\n|switch|p2b: Oricorio|Oricorio-Pom-Pom, M|100\/100\n|move|p1b: Mr. Mime|Follow Me|p1b: Mr. Mime\n|-singleturn|p1b: Mr. Mime|move: Follow Me\n|move|p2a: Quaquaval|Aqua Step|p1b: Mr. Mime\n|-damage|p1b: Mr. Mime|0 fnt\n|-boost|p2a: Quaquaval|spe|1\n|faint|p1b: Mr. Mime\n|-ability|p2a: Quaquaval|Moxie|boost\n|-boost|p2a: Quaquaval|atk|1\n|-activate|p2b: Oricorio|ability: Dancer\n|move|p2b: Oricorio|Aqua Step|p1a: Scizor|[from]ability: Dancer\n|-damage|p1a: Scizor|82\/100\n|-boost|p2b: Oricorio|spe|1\n|move|p1a: Scizor|Trailblaze|p2a: Quaquaval\n|-supereffective|p2a: Quaquaval\n|-damage|p2a: Quaquaval|0 fnt\n|-boost|p1a: Scizor|spe|1\n|faint|p2a: Quaquaval\n|\n|upkeep\n|\n|t:|1696648281\n|switch|p1b: Clefairy|Clefairy, M|100\/100\n|switch|p2a: Dragapult|Dragapult, F|100\/100\n|turn|3\n|\n|t:|1696648292\n|move|p1b: Clefairy|Follow Me|p1b: Clefairy\n|-singleturn|p1b: Clefairy|move: Follow Me\n|move|p1a: Scizor|Bullet Punch|p2a: Dragapult\n|-damage|p2a: Dragapult|0 fnt\n|faint|p2a: Dragapult\n|move|p2b: Oricorio|Acrobatics|p1b: Clefairy\n|-damage|p1b: Clefairy|75\/100\n|\n|upkeep\n|\n|t:|1696648301\n|switch|p2a: Flamigo|Flamigo, M|100\/100\n|-copyboost|p2a: Flamigo|p2b: Oricorio|[from] ability: Costar\n|turn|4\n|\n|t:|1696648310\n|move|p1b: Clefairy|Follow Me|p1b: Clefairy\n|-singleturn|p1b: Clefairy|move: Follow Me\n|move|p1a: Scizor|Bullet Punch|p2a: Flamigo\n|-enditem|p2a: Flamigo|Focus Sash\n|-damage|p2a: Flamigo|1\/100\n|move|p2a: Flamigo|Brave Bird|p1b: Clefairy\n|-damage|p1b: Clefairy|13\/100\n|-damage|p2a: Flamigo|0 fnt|[from] Recoil\n|faint|p2a: Flamigo\n|move|p2b: Oricorio|Swords Dance|p2b: Oricorio\n|-boost|p2b: Oricorio|atk|2\n|\n|upkeep\n|\n|t:|1696648329\n|switch|p2a: Sableye|Sableye, F|100\/100\n|turn|5\n|\n|t:|1696648341\n|move|p1b: Clefairy|Follow Me|p1b: Clefairy\n|-singleturn|p1b: Clefairy|move: Follow Me\n|move|p1a: Scizor|Bullet Punch|p2a: Sableye\n|-damage|p2a: Sableye|16\/100\n|move|p2a: Sableye|Quash||[still]\n|-fail|p2a: Sableye\n|move|p2b: Oricorio|Acrobatics|p1b: Clefairy\n|-damage|p1b: Clefairy|0 fnt\n|faint|p1b: Clefairy\n|\n|upkeep\n|\n|t:|1696648349\n|switch|p1b: Amoonguss|Amoonguss, M|100\/100\n|turn|6\n|\n|t:|1696648358\n|move|p2a: Sableye|Fake Out||[still]\n|-hint|Fake Out only works on your first turn out.\n|-fail|p2a: Sableye\n|move|p1b: Amoonguss|Rage Powder|p1b: Amoonguss\n|-singleturn|p1b: Amoonguss|move: Rage Powder\n|move|p1a: Scizor|Bullet Punch|p2a: Sableye\n|-damage|p2a: Sableye|0 fnt\n|faint|p2a: Sableye\n|move|p2b: Oricorio|Acrobatics|p1b: Amoonguss\n|-supereffective|p1b: Amoonguss\n|-damage|p1b: Amoonguss|8\/100\n|\n|-heal|p1b: Amoonguss|14\/100|[from] item: Leftovers\n|upkeep\n|\n|t:|1696648368\n|switch|p2a: Amoonguss|Amoonguss, M|100\/100\n|turn|7\n|\n|t:|1696648377\n|-terastallize|p1a: Scizor|Steel\n|move|p1b: Amoonguss|Rage Powder|p1b: Amoonguss\n|-singleturn|p1b: Amoonguss|move: Rage Powder\n|move|p2a: Amoonguss|Rage Powder|p2a: Amoonguss\n|-singleturn|p2a: Amoonguss|move: Rage Powder\n|move|p1a: Scizor|Bullet Punch|p2a: Amoonguss\n|-damage|p2a: Amoonguss|12\/100\n|move|p2b: Oricorio|Acrobatics|p1b: Amoonguss\n|-supereffective|p1b: Amoonguss\n|-damage|p1b: Amoonguss|0 fnt\n|faint|p1b: Amoonguss\n|\n|upkeep\n|-message|Mallitz forfeited.\n|\n|win|AdvancedDigit\n|raw|AdvancedDigit's rating: 1071 &rarr; <strong>1094<\/strong><br \/>(+23 for winning)\n|raw|Mallitz's rating: 1000 &rarr; <strong>1000<\/strong><br \/>(+0 for losing)\n|l|\u2606Mallitz\n","uploadtime":1696648521,"views":15,"p1id":"advanceddigit","p2id":"mallitz","formatid":"gen9nationaldexdoubles","rating":1000,"private":0,"password":""}