{"id":"gen9nationaldexdoubles-1968845982","p1":"AdvancedDigit","p2":"twohoots","format":"[Gen 9] National Dex Doubles","log":"|j|\u2606AdvancedDigit\n|j|\u2606twohoots\n|t:|1697469600\n|gametype|doubles\n|player|p1|AdvancedDigit|hilbert|1160\n|player|p2|twohoots|102|1290\n|teamsize|p1|6\n|teamsize|p2|6\n|gen|9\n|tier|[Gen 9] National Dex Doubles\n|rated|\n|rule|HP Percentage Mod: HP is shown in percentages\n|rule|Endless Battle Clause: Forcing endless battles is banned\n|rule|OHKO Clause: OHKO moves are banned\n|rule|Evasion Moves Clause: Evasion moves are banned\n|rule|Evasion Abilities Clause: Evasion abilities are banned\n|rule|Species Clause: Limit one of each Pok\u00e9mon\n|rule|Gravity Sleep Clause: The combination of sleep-inducing moves with imperfect accuracy and Gravity or Gigantamax Orbeetle are banned\n|clearpoke\n|poke|p1|Chansey, F|\n|poke|p1|Dragonite, F|\n|poke|p1|Iron Hands|\n|poke|p1|Dusknoir, M|\n|poke|p1|Ursaluna, M|\n|poke|p1|Tornadus, M|\n|poke|p2|Murkrow, F|\n|poke|p2|Typhlosion, M|\n|poke|p2|Sinistcha|\n|poke|p2|Shiftry, F|\n|poke|p2|Landorus-Therian, M|\n|poke|p2|Milotic, M|\n|teampreview\n|\n|t:|1697469609\n|start\n|switch|p1a: Ursaluna|Ursaluna, M|100\/100\n|switch|p1b: Chansey|Chansey, F|100\/100\n|switch|p2a: Murkrow|Murkrow, F|100\/100\n|switch|p2b: Shiftry|Shiftry, F|100\/100\n|turn|1\n|inactive|Battle timer is ON: inactive players will automatically lose when time's up. (requested by AdvancedDigit)\n|\n|t:|1697469630\n|move|p2a: Murkrow|Tailwind|p2a: Murkrow\n|-sidestart|p2: twohoots|move: Tailwind\n|-ability|p2b: Shiftry|Wind Rider|boost\n|-boost|p2b: Shiftry|atk|1\n|move|p2b: Shiftry|Leaf Blade|p1a: Ursaluna\n|-supereffective|p1a: Ursaluna\n|-damage|p1a: Ursaluna|45\/100\n|move|p1a: Ursaluna|Metronome|p1a: Ursaluna\n|move|p1a: Ursaluna|Fissure|p2b: Shiftry|[from]move: Metronome\n|-damage|p2b: Shiftry|0 fnt\n|faint|p2b: Shiftry\n|-ohko\n|move|p1b: Chansey|Metronome|p1b: Chansey\n|move|p1b: Chansey|Flying Press|p2a: Murkrow|[from]move: Metronome\n|-damage|p2a: Murkrow|94\/100\n|\n|-heal|p1a: Ursaluna|51\/100|[from] item: Leftovers\n|upkeep\n|c|\u2606AdvancedDigit|NO WAY LMAOOO\n|\n|t:|1697469652\n|switch|p2b: Typhlosion|Typhlosion, M|100\/100\n|turn|2\n|\n|t:|1697469662\n|-terastallize|p2b: Typhlosion|Fire\n|move|p2a: Murkrow|Taunt|p1a: Ursaluna\n|-start|p1a: Ursaluna|move: Taunt\n|move|p2b: Typhlosion|Eruption|p1a: Ursaluna|[spread] p1a,p1b\n|-damage|p1a: Ursaluna|0 fnt\n|-damage|p1b: Chansey|86\/100\n|faint|p1a: Ursaluna\n|move|p1b: Chansey|Metronome|p1b: Chansey\n|move|p1b: Chansey|Eerie Spell|p2a: Murkrow|[from]move: Metronome\n|-immune|p2a: Murkrow\n|\n|upkeep\n|c|\u2606AdvancedDigit|oh come on man do u not know hwo to have fun\n|\n|t:|1697469682\n|switch|p1a: Iron Hands|Iron Hands|100\/100\n|turn|3\n|\n|t:|1697469692\n|move|p2a: Murkrow|Taunt|p1b: Chansey\n|-start|p1b: Chansey|move: Taunt\n|move|p2b: Typhlosion|Eruption|p1b: Chansey|[spread] p1a,p1b\n|-damage|p1a: Iron Hands|57\/100\n|-damage|p1b: Chansey|72\/100\n|move|p1a: Iron Hands|Metronome|p1a: Iron Hands\n|move|p1a: Iron Hands|Gastro Acid|p2a: Murkrow|[from]move: Metronome\n|-endability|p2a: Murkrow\n|cant|p1b: Chansey|move: Taunt|Metronome\n|\n|-heal|p1a: Iron Hands|63\/100|[from] item: Leftovers\n|upkeep\n|turn|4\n|c|\u2606twohoots|ok so if i just am good thats not fun for you\n|\n|t:|1697469710\n|switch|p2a: Sinistcha|Sinistcha|100\/100\n|move|p2b: Typhlosion|Will-O-Wisp|p1a: Iron Hands\n|-status|p1a: Iron Hands|brn\n|move|p1a: Iron Hands|Metronome|p1a: Iron Hands\n|move|p1a: Iron Hands|Extrasensory|p2b: Typhlosion|[from]move: Metronome\n|-damage|p2b: Typhlosion|86\/100\n|-activate|p1b: Chansey|move: Struggle\n|move|p1b: Chansey|Struggle|p2b: Typhlosion\n|-damage|p2b: Typhlosion|83\/100\n|-damage|p1b: Chansey|47\/100|[from] recoil\n|\n|-heal|p1a: Iron Hands|70\/100 brn|[from] item: Leftovers\n|-damage|p1a: Iron Hands|63\/100 brn|[from] brn\n|-sideend|p2: twohoots|move: Tailwind\n|upkeep\n|turn|5\n|c|\u2606AdvancedDigit|i mean u can win without taunt can u nott?\n|c|\u2606AdvancedDigit|are u scared of metronome that bad\n|c|\u2606twohoots|after the first turn gave you fissure?\n|inactive|twohoots has 120 seconds left.\n|\n|t:|1697469749\n|move|p2b: Typhlosion|Eruption|p1a: Iron Hands|[spread] p1a,p1b\n|-damage|p1a: Iron Hands|27\/100 brn\n|-damage|p1b: Chansey|35\/100\n|move|p2a: Sinistcha|Hex|p1a: Iron Hands\n|-damage|p1a: Iron Hands|0 fnt\n|faint|p1a: Iron Hands\n|-end|p1a: Iron Hands|Quark Drive|[silent]\n|-activate|p1b: Chansey|move: Struggle\n|move|p1b: Chansey|Struggle|p2a: Sinistcha\n|-damage|p2a: Sinistcha|98\/100\n|-damage|p1b: Chansey|10\/100|[from] recoil\n|\n|-end|p1b: Chansey|move: Taunt\n|upkeep\n|c|\u2606AdvancedDigit|do u know how lucky that it\n|c|\u2606AdvancedDigit|do u really think thatll happen again\n|\n|t:|1697469761\n|switch|p1a: Dusknoir|Dusknoir, M|100\/100\n|-ability|p1a: Dusknoir|Pressure\n|turn|6\n|\n|t:|1697469776\n|move|p2b: Typhlosion|Eruption|p1a: Dusknoir|[spread] p1a,p1b\n|-crit|p1a: Dusknoir\n|-damage|p1a: Dusknoir|24\/100\n|-damage|p1b: Chansey|0 fnt\n|faint|p1b: Chansey\n|move|p2a: Sinistcha|Hex|p1a: Dusknoir\n|-supereffective|p1a: Dusknoir\n|-damage|p1a: Dusknoir|0 fnt\n|faint|p1a: Dusknoir\n|\n|upkeep\n|c|\u2606twohoots|sorry you made a rly dumb strat that gets checked by taunt instantly\n|\n|t:|1697469790\n|switch|p1a: Dragonite|Dragonite, F|100\/100\n|switch|p1b: Tornadus|Tornadus, M|100\/100\n|turn|7\n|c|\u2606AdvancedDigit|so what is eveyr game suppsoed ot be takens eriously\n|c|\u2606twohoots|sorry you think that telling people theyre not being fun is an appropriate mode of engagement\n|\n|t:|1697469816\n|move|p1b: Tornadus|Metronome|p1b: Tornadus\n|move|p1b: Tornadus|Flame Wheel|p2b: Typhlosion|[from]move: Metronome\n|-start|p2b: Typhlosion|ability: Flash Fire\n|move|p2b: Typhlosion|Eruption|p1a: Dragonite|[spread] p1a,p1b\n|-resisted|p1a: Dragonite\n|-damage|p1a: Dragonite|83\/100\n|-damage|p1b: Tornadus|10\/100\n|move|p1a: Dragonite|Metronome|p1a: Dragonite\n|move|p1a: Dragonite|Gunk Shot|p2b: Typhlosion|[from]move: Metronome\n|-damage|p2b: Typhlosion|33\/100\n|move|p2a: Sinistcha|Strength Sap|p1a: Dragonite\n|-unboost|p1a: Dragonite|atk|1\n|-heal|p2a: Sinistcha|100\/100\n|\n|-heal|p1b: Tornadus|17\/100|[from] item: Leftovers\n|-heal|p1a: Dragonite|89\/100|[from] item: Leftovers\n|upkeep\n|turn|8\n|c|\u2606AdvancedDigit|is every showdown game meant to be serious then\n|c|\u2606AdvancedDigit|nobody can have fun playing\n|c|\u2606twohoots|im having fun\n|inactive|twohoots has 120 seconds left.\n|c|\u2606twohoots|if your idea of fun is when nobody has anything to counter you then maybe youll never find this site fun\n|c|\u2606AdvancedDigit|what is there to counter its a metronome team LMAOOOO\n|\n|t:|1697469863\n|move|p1b: Tornadus|Metronome|p1b: Tornadus\n|move|p1b: Tornadus|Withdraw|p1b: Tornadus|[from]move: Metronome\n|-boost|p1b: Tornadus|def|1\n|move|p2b: Typhlosion|Will-O-Wisp|p1a: Dragonite\n|-status|p1a: Dragonite|brn\n|move|p1a: Dragonite|Metronome|p1a: Dragonite\n|move|p1a: Dragonite|Fire Pledge|p2b: Typhlosion|[from]move: Metronome\n|-immune|p2b: Typhlosion|[from] ability: Flash Fire\n|move|p2a: Sinistcha|Hex|p1a: Dragonite\n|-damage|p1a: Dragonite|45\/100 brn\n|\n|-heal|p1b: Tornadus|23\/100|[from] item: Leftovers\n|-heal|p1a: Dragonite|51\/100 brn|[from] item: Leftovers\n|-damage|p1a: Dragonite|45\/100 brn|[from] brn\n|upkeep\n|turn|9\n|c|\u2606AdvancedDigit|nobody is losing to a metronome team\n|inactive|twohoots has 120 seconds left.\n|c|\u2606twohoots|you say that but i hard countered you\n|c|\u2606AdvancedDigit|when you didnt need to because you can easily win without taunt\n|c|\u2606twohoots|ok\n|c|\u2606twohoots|so you admit i can beat you easily\n|c|\u2606AdvancedDigit|nothing else to say to that?\n|inactive|twohoots has 90 seconds left.\n|c|\u2606AdvancedDigit|yeah anyone can\n|c|\u2606AdvancedDigit|the point of this team is that its meant to be fun\n|\n|t:|1697469914\n|move|p1b: Tornadus|Metronome|p1b: Tornadus\n|move|p1b: Tornadus|Low Sweep|p2b: Typhlosion|[from]move: Metronome\n|-damage|p2b: Typhlosion|9\/100\n|-unboost|p2b: Typhlosion|spe|1\n|move|p2b: Typhlosion|Extrasensory|p1b: Tornadus\n|-damage|p1b: Tornadus|0 fnt\n|faint|p1b: Tornadus\n|move|p1a: Dragonite|Metronome|p1a: Dragonite\n|move|p1a: Dragonite|Stockpile|p1a: Dragonite|[from]move: Metronome\n|-start|p1a: Dragonite|stockpile1\n|-boost|p1a: Dragonite|def|1\n|-boost|p1a: Dragonite|spd|1\n|move|p2a: Sinistcha|Hex|p1a: Dragonite\n|-damage|p1a: Dragonite|18\/100 brn\n|\n|-heal|p1a: Dragonite|24\/100 brn|[from] item: Leftovers\n|-damage|p1a: Dragonite|18\/100 brn|[from] brn\n|upkeep\n|turn|10\n|inactive|twohoots has 90 seconds left.\n|\n|t:|1697469933\n|move|p2b: Typhlosion|Shadow Ball|p1a: Dragonite\n|-damage|p1a: Dragonite|4\/100 brn\n|-unboost|p1a: Dragonite|spd|1\n|move|p1a: Dragonite|Metronome|p1a: Dragonite\n|move|p1a: Dragonite|Super Fang|p2a: Sinistcha|[from]move: Metronome\n|-immune|p2a: Sinistcha\n|move|p2a: Sinistcha|Hex|p1a: Dragonite\n|-damage|p1a: Dragonite|0 fnt\n|faint|p1a: Dragonite\n|\n|win|twohoots\n|raw|AdvancedDigit's rating: 1160 &rarr; <strong>1144<\/strong><br \/>(-16 for losing)\n|raw|twohoots's rating: 1290 &rarr; <strong>1306<\/strong><br \/>(+16 for winning)\n|c|\u2606AdvancedDigit|i literally said earlier you dont need taunt to win\n|c|\u2606twohoots|youre annoying\n|l|\u2606twohoots\n","uploadtime":1697469961,"views":8,"p1id":"advanceddigit","p2id":"twohoots","formatid":"gen9nationaldexdoubles","rating":1144,"private":0,"password":""}