{"id":"gen9nationaldexdoubles-1972908150","p1":"Phill110","p2":"Asumi95","format":"[Gen 9] National Dex Doubles","log":"|j|\u2606Phill110\n|j|\u2606Asumi95\n|t:|1697907795\n|gametype|doubles\n|player|p1|Phill110|veteran|\n|player|p2|Asumi95|102|\n|teamsize|p1|6\n|teamsize|p2|6\n|gen|9\n|tier|[Gen 9] National Dex Doubles\n|rule|HP Percentage Mod: HP is shown in percentages\n|rule|Endless Battle Clause: Forcing endless battles is banned\n|rule|OHKO Clause: OHKO moves are banned\n|rule|Evasion Moves Clause: Evasion moves are banned\n|rule|Evasion Abilities Clause: Evasion abilities are banned\n|rule|Species Clause: Limit one of each Pok\u00e9mon\n|rule|Gravity Sleep Clause: The combination of sleep-inducing moves with imperfect accuracy and Gravity or Gigantamax Orbeetle are banned\n|clearpoke\n|poke|p1|Zoroark, F|\n|poke|p1|Delphox, M|\n|poke|p1|Drifblim, F|\n|poke|p1|Dusclops, F|\n|poke|p1|Mimikyu, F|\n|poke|p1|Meowscarada, F|\n|poke|p2|Murkrow, M|\n|poke|p2|Sinistcha|\n|poke|p2|Chi-Yu|\n|poke|p2|Rotom-Wash|\n|poke|p2|Kingambit, F|\n|poke|p2|Chien-Pao|\n|teampreview\n|\n|t:|1697907846\n|start\n|switch|p1a: Dusclops|Dusclops, F|100\/100\n|switch|p1b: Delphox|Delphox, M|100\/100\n|switch|p2a: Munin|Murkrow, M|100\/100\n|switch|p2b: Oropez|Chi-Yu|100\/100\n|-ability|p2b: Oropez|Beads of Ruin\n|-ability|p1a: Dusclops|Pressure\n|turn|1\n|\n|t:|1697907880\n|-terastallize|p2b: Oropez|Water\n|move|p1b: Delphox|Ally Switch|p1b: Delphox\n|swap|p1b: Delphox|0|[from] move: Ally Switch\n|move|p2a: Munin|Quash|p1b: Dusclops\n|-activate|p1b: Dusclops|move: Quash\n|move|p2b: Oropez|Dark Pulse|p1a: Delphox\n|-supereffective|p1a: Delphox\n|-damage|p1a: Delphox|0 fnt\n|faint|p1a: Delphox\n|-damage|p2b: Oropez|91\/100|[from] item: Life Orb\n|move|p1b: Dusclops|Trick Room|p1b: Dusclops\n|-fieldstart|move: Trick Room|[of] p1b: Dusclops\n|\n|upkeep\n|\n|t:|1697907895\n|switch|p1a: Meowscarada|Meowscarada, F|100\/100\n|turn|2\n|\n|t:|1697907908\n|move|p2b: Oropez|Protect|p2b: Oropez\n|-singleturn|p2b: Oropez|Protect\n|move|p1b: Dusclops|Ice Beam|p2a: Munin\n|-supereffective|p2a: Munin\n|-damage|p2a: Munin|58\/100\n|move|p2a: Munin|Foul Play|p1b: Dusclops\n|-supereffective|p1b: Dusclops\n|-damage|p1b: Dusclops|79\/100\n|move|p1a: Meowscarada|Flower Trick|p2b: Oropez\n|-start|p1a: Meowscarada|typechange|Grass|[from] ability: Protean\n|-activate|p2b: Oropez|move: Protect\n|\n|upkeep\n|turn|3\n|\n|t:|1697907932\n|switch|p2b: Mulan|Kingambit, F|100\/100\n|move|p1b: Dusclops|Ice Beam|p2a: Munin\n|-supereffective|p2a: Munin\n|-damage|p2a: Munin|23\/100\n|move|p2a: Munin|Foul Play|p1a: Meowscarada\n|-damage|p1a: Meowscarada|23\/100\n|move|p1a: Meowscarada|Flower Trick|p2b: Mulan\n|-resisted|p2b: Mulan\n|-crit|p2b: Mulan\n|-damage|p2b: Mulan|81\/100\n|\n|upkeep\n|turn|4\n|\n|t:|1697907964\n|move|p1b: Dusclops|Ice Beam|p2a: Munin\n|-supereffective|p2a: Munin\n|-damage|p2a: Munin|0 fnt\n|faint|p2a: Munin\n|move|p2b: Mulan|Lash Out|p1b: Dusclops\n|-supereffective|p1b: Dusclops\n|-damage|p1b: Dusclops|31\/100\n|move|p1a: Meowscarada|Flower Trick|p2b: Mulan\n|-resisted|p2b: Mulan\n|-crit|p2b: Mulan\n|-damage|p2b: Mulan|62\/100\n|\n|upkeep\n|\n|t:|1697907983\n|switch|p2a: Oropez|Chi-Yu, tera:Water|91\/100\n|-ability|p2a: Oropez|Beads of Ruin\n|turn|5\n|\n|t:|1697907997\n|move|p2a: Oropez|Protect|p2a: Oropez\n|-singleturn|p2a: Oropez|Protect\n|move|p1b: Dusclops|Ice Beam|p2b: Mulan\n|-resisted|p2b: Mulan\n|-damage|p2b: Mulan|56\/100\n|move|p2b: Mulan|Lash Out|p1a: Meowscarada\n|-damage|p1a: Meowscarada|0 fnt\n|faint|p1a: Meowscarada\n|\n|-fieldend|move: Trick Room\n|upkeep\n|\n|t:|1697908009\n|switch|p1a: Mimikyu|Mimikyu, F|100\/100\n|turn|6\n|\n|t:|1697908023\n|-terastallize|p1a: Mimikyu|Fairy\n|move|p2a: Oropez|Dark Pulse|p1b: Dusclops\n|-supereffective|p1b: Dusclops\n|-damage|p1b: Dusclops|0 fnt\n|faint|p1b: Dusclops\n|-damage|p2a: Oropez|81\/100|[from] item: Life Orb\n|move|p1a: Mimikyu|Play Rough|p2b: Mulan\n|-damage|p2b: Mulan|4\/100\n|-damage|p1a: Mimikyu|91\/100|[from] item: Life Orb\n|move|p2b: Mulan|Iron Head|p1a: Mimikyu\n|-activate|p1a: Mimikyu|ability: Disguise\n|-damage|p1a: Mimikyu|91\/100\n|detailschange|p1a: Mimikyu|Mimikyu-Busted, F, tera:Fairy\n|-damage|p1a: Mimikyu|78\/100|[from] pokemon: Mimikyu-Busted\n|\n|upkeep\n|\n|t:|1697908042\n|switch|p1b: Drifblim|Drifblim, F|100\/100\n|turn|7\n|\n|t:|1697908061\n|move|p2a: Oropez|Dark Pulse|p1a: Mimikyu\n|-resisted|p1a: Mimikyu\n|-damage|p1a: Mimikyu|42\/100\n|-damage|p2a: Oropez|71\/100|[from] item: Life Orb\n|move|p1b: Drifblim|Dark Pulse|p2a: Oropez\n|-damage|p2a: Oropez|18\/100\n|move|p1a: Mimikyu|Play Rough|p2b: Mulan\n|-damage|p2b: Mulan|0 fnt\n|faint|p2b: Mulan\n|-damage|p1a: Mimikyu|32\/100|[from] item: Life Orb\n|\n|upkeep\n|\n|t:|1697908081\n|switch|p2b: DixanPlus|Rotom-Wash, shiny|100\/100\n|turn|8\n|\n|t:|1697908104\n|move|p2b: DixanPlus|Helping Hand|p2a: Oropez\n|-singleturn|p2a: Oropez|Helping Hand|[of] p2b: DixanPlus\n|move|p1a: Mimikyu|Shadow Sneak|p2a: Oropez\n|-damage|p2a: Oropez|0 fnt\n|faint|p2a: Oropez\n|-damage|p1a: Mimikyu|22\/100|[from] item: Life Orb\n|move|p1b: Drifblim|Dark Pulse|p2b: DixanPlus\n|-damage|p2b: DixanPlus|49\/100\n|\n|upkeep\n|\n|t:|1697908125\n|switch|p2a: Hielopahoe|Chien-Pao|100\/100\n|-ability|p2a: Hielopahoe|Sword of Ruin\n|turn|9\n|\n|t:|1697908156\n|move|p2a: Hielopahoe|Protect|p2a: Hielopahoe\n|-singleturn|p2a: Hielopahoe|Protect\n|move|p1b: Drifblim|Dark Pulse|p2b: DixanPlus\n|-damage|p2b: DixanPlus|0 fnt\n|faint|p2b: DixanPlus\n|move|p1a: Mimikyu|Play Rough|p2a: Hielopahoe\n|-activate|p2a: Hielopahoe|move: Protect\n|\n|upkeep\n|-message|Asumi95 forfeited.\n|\n|win|Phill110\n|l|\u2606Asumi95\n","uploadtime":1697908197,"views":14,"p1id":"phill110","p2id":"asumi95","formatid":"gen9nationaldexdoubles","rating":0,"private":0,"password":""}