{"id":"gen9nationaldexdoubles-1960629476","p1":"dc fui el FB","p2":"DracoAxel","format":"[Gen 9] National Dex Doubles","log":"|j|\u2606dc fui el FB\n|j|\u2606DracoAxel\n|t:|1696540518\n|gametype|doubles\n|player|p1|dc fui el FB|steven|\n|player|p2|DracoAxel|nate|\n|teamsize|p1|6\n|teamsize|p2|6\n|gen|9\n|tier|[Gen 9] National Dex Doubles\n|rule|HP Percentage Mod: HP is shown in percentages\n|rule|Endless Battle Clause: Forcing endless battles is banned\n|rule|OHKO Clause: OHKO moves are banned\n|rule|Evasion Moves Clause: Evasion moves are banned\n|rule|Evasion Abilities Clause: Evasion abilities are banned\n|rule|Species Clause: Limit one of each Pok\u00e9mon\n|rule|Gravity Sleep Clause: The combination of sleep-inducing moves with imperfect accuracy and Gravity or Gigantamax Orbeetle are banned\n|clearpoke\n|poke|p1|Cinderace, M|\n|poke|p1|Ursaluna, M|\n|poke|p1|Moltres-Galar|\n|poke|p1|Tapu Fini|\n|poke|p1|Grimmsnarl, M|\n|poke|p1|Ogerpon-Hearthflame, F|\n|poke|p2|Urshifu-*, M|\n|poke|p2|Regieleki|\n|poke|p2|Politoed, F|\n|poke|p2|Swampert, F|\n|poke|p2|Tornadus, M|\n|poke|p2|Kartana|\n|teampreview\n|\n|t:|1696540537\n|start\n|switch|p1a: Ursaluna|Ursaluna, M|100\/100\n|switch|p1b: Tapu Fini|Tapu Fini|100\/100\n|switch|p2a: Tornadus|Tornadus, M|100\/100\n|switch|p2b: Urshifu|Urshifu-Rapid-Strike, M|100\/100\n|-fieldstart|move: Misty Terrain|[from] ability: Misty Surge|[of] p1b: Tapu Fini\n|turn|1\n|\n|t:|1696540569\n|-terastallize|p1a: Ursaluna|Ground\n|move|p2a: Tornadus|Taunt|p1b: Tapu Fini\n|-start|p1b: Tapu Fini|move: Taunt\n|move|p2b: Urshifu|Bulk Up|p2b: Urshifu\n|-boost|p2b: Urshifu|atk|1\n|-boost|p2b: Urshifu|def|1\n|-zpower|p1b: Tapu Fini\n|move|p1b: Tapu Fini|Hydro Vortex|p2a: Tornadus|[zeffect]\n|-damage|p2a: Tornadus|25\/100\n|move|p1a: Ursaluna|Earthquake|p2b: Urshifu|[spread] p1b,p2b\n|-immune|p2a: Tornadus\n|-damage|p1b: Tapu Fini|51\/100\n|-damage|p2b: Urshifu|62\/100\n|\n|upkeep\n|turn|2\n|\n|t:|1696540602\n|move|p2a: Tornadus|Hurricane|p1a: Ursaluna\n|-crit|p1a: Ursaluna\n|-damage|p1a: Ursaluna|20\/100\n|move|p2b: Urshifu|Surging Strikes|p1a: Ursaluna\n|-supereffective|p1a: Ursaluna\n|-crit|p1a: Ursaluna\n|-damage|p1a: Ursaluna|0 fnt\n|faint|p1a: Ursaluna\n|-hitcount|p1: Ursaluna|1\n|-damage|p2b: Urshifu|53\/100|[from] item: Life Orb\n|move|p1b: Tapu Fini|Dazzling Gleam|p2b: Urshifu|[spread] p2a,p2b\n|-supereffective|p2b: Urshifu\n|-damage|p2a: Tornadus|0 fnt\n|-damage|p2b: Urshifu|0 fnt\n|faint|p2a: Tornadus\n|faint|p2b: Urshifu\n|\n|upkeep\n|\n|t:|1696540629\n|switch|p2a: Politoed|Politoed, F|100\/100\n|switch|p2b: Swampert|Swampert, F|100\/100\n|switch|p1a: Ogerpon|Ogerpon-Hearthflame, F|100\/100\n|-ability|p1a: Ogerpon|Mold Breaker\n|-weather|RainDance|[from] ability: Drizzle|[of] p2a: Politoed\n|turn|3\n|\n|t:|1696540657\n|detailschange|p2b: Swampert|Swampert-Mega, F\n|-mega|p2b: Swampert|Swampert|Swampertite\n|move|p2b: Swampert|Bulk Up|p2b: Swampert\n|-boost|p2b: Swampert|atk|1\n|-boost|p2b: Swampert|def|1\n|move|p1a: Ogerpon|Wood Hammer|p2b: Swampert\n|-supereffective|p2b: Swampert\n|-damage|p2b: Swampert|0 fnt\n|faint|p2b: Swampert\n|-damage|p1a: Ogerpon|63\/100|[from] Recoil\n|move|p1b: Tapu Fini|Dazzling Gleam|p2a: Politoed\n|-damage|p2a: Politoed|78\/100\n|move|p2a: Politoed|Hypnosis|p1a: Ogerpon\n|-activate|p1a: Ogerpon|move: Misty Terrain\n|\n|-weather|RainDance|[upkeep]\n|-heal|p2a: Politoed|84\/100|[from] item: Leftovers\n|-end|p1b: Tapu Fini|move: Taunt\n|upkeep\n|\n|t:|1696540676\n|switch|p2b: Regieleki|Regieleki|100\/100\n|turn|4\n|\n|t:|1696540716\n|switch|p1b: Grimmsnarl|Grimmsnarl, M|100\/100\n|move|p2b: Regieleki|Thunder|p1b: Grimmsnarl\n|-crit|p1b: Grimmsnarl\n|-damage|p1b: Grimmsnarl|5\/100\n|-damage|p2b: Regieleki|91\/100|[from] item: Life Orb\n|move|p1a: Ogerpon|Wood Hammer|p2a: Politoed\n|-supereffective|p2a: Politoed\n|-damage|p2a: Politoed|0 fnt\n|faint|p2a: Politoed\n|-damage|p1a: Ogerpon|34\/100|[from] Recoil\n|\n|-weather|RainDance|[upkeep]\n|upkeep\n|\n|t:|1696540728\n|switch|p2a: Kartana|Kartana|100\/100\n|turn|5\n|\n|t:|1696540758\n|move|p2a: Kartana|Protect|p2a: Kartana\n|-singleturn|p2a: Kartana|Protect\n|move|p2b: Regieleki|Thunder|p1a: Ogerpon\n|-resisted|p1a: Ogerpon\n|-damage|p1a: Ogerpon|0 fnt\n|faint|p1a: Ogerpon\n|-damage|p2b: Regieleki|81\/100|[from] item: Life Orb\n|move|p1b: Grimmsnarl|Spirit Break|p2b: Regieleki\n|-damage|p2b: Regieleki|16\/100\n|-unboost|p2b: Regieleki|spa|1\n|\n|-weather|RainDance|[upkeep]\n|-fieldend|Misty Terrain\n|upkeep\n|\n|t:|1696540784\n|switch|p1a: Tapu Fini|Tapu Fini|51\/100\n|-fieldstart|move: Misty Terrain|[from] ability: Misty Surge|[of] p1a: Tapu Fini\n|turn|6\n|\n|t:|1696540817\n|switch|p1a: Cinderace|Cinderace, M, shiny|100\/100\n|move|p1b: Grimmsnarl|Taunt|p2a: Kartana\n|-start|p2a: Kartana|move: Taunt\n|move|p2b: Regieleki|Thunder|p1b: Grimmsnarl\n|-damage|p1b: Grimmsnarl|0 fnt\n|faint|p1b: Grimmsnarl\n|-damage|p2b: Regieleki|6\/100|[from] item: Life Orb\n|move|p2a: Kartana|Leaf Blade|p1a: Cinderace\n|-resisted|p1a: Cinderace\n|-damage|p1a: Cinderace|60\/100\n|\n|-weather|RainDance|[upkeep]\n|upkeep\n|\n|t:|1696540845\n|switch|p1b: Moltres|Moltres-Galar|100\/100\n|turn|7\n|\n|t:|1696540861\n|move|p2b: Regieleki|Thunder|p1b: Moltres\n|-supereffective|p1b: Moltres\n|-damage|p1b: Moltres|13\/100\n|-ability|p1b: Moltres|Berserk|boost\n|-boost|p1b: Moltres|spa|1\n|-damage|p2b: Regieleki|0 fnt|[from] item: Life Orb\n|faint|p2b: Regieleki\n|move|p1a: Cinderace|Pyro Ball|p2a: Kartana\n|-supereffective|p2a: Kartana\n|-damage|p2a: Kartana|0 fnt\n|faint|p2a: Kartana\n|-damage|p1a: Cinderace|50\/100|[from] item: Life Orb\n|\n|win|dc fui el FB\n|l|\u2606DracoAxel\n","uploadtime":1696540882,"views":9,"p1id":"dcfuielfb","p2id":"dracoaxel","formatid":"gen9nationaldexdoubles","rating":0,"private":0,"password":""}