{"id":"gen9nationaldexdoubles-1952756153","p1":"ninjask 8","p2":"Ishigami\u77f3\u795e\u84bc\u592aSouta","format":"[Gen 9] National Dex Doubles","log":"|j|\u2606ninjask 8\n|j|\u2606Ishigami\u77f3\u795e\u84bc\u592aSouta\n|t:|1695724875\n|gametype|doubles\n|player|p1|ninjask 8|hilbert-masters|1311\n|player|p2|Ishigami\u77f3\u795e\u84bc\u592aSouta|cogita|1105\n|teamsize|p1|6\n|teamsize|p2|6\n|gen|9\n|tier|[Gen 9] National Dex Doubles\n|rated|\n|rule|HP Percentage Mod: HP is shown in percentages\n|rule|Endless Battle Clause: Forcing endless battles is banned\n|rule|OHKO Clause: OHKO moves are banned\n|rule|Evasion Moves Clause: Evasion moves are banned\n|rule|Evasion Abilities Clause: Evasion abilities are banned\n|rule|Species Clause: Limit one of each Pok\u00e9mon\n|rule|Gravity Sleep Clause: The combination of sleep-inducing moves with imperfect accuracy and Gravity or Gigantamax Orbeetle are banned\n|clearpoke\n|poke|p1|Indeedee-F, F|\n|poke|p1|Shiftry, M|\n|poke|p1|Tornadus, M|\n|poke|p1|Kommo-o, M|\n|poke|p1|Gardevoir, F|\n|poke|p1|Tapu Lele|\n|poke|p2|Tauros-Paldea-Aqua, M|\n|poke|p2|Cryogonal|\n|poke|p2|Whimsicott, F|\n|poke|p2|Metagross|\n|poke|p2|Baxcalibur, M|\n|poke|p2|Kingambit, F|\n|teampreview\n|\n|t:|1695724885\n|start\n|switch|p1a: Shiftry|Shiftry, M, shiny|100\/100\n|switch|p1b: Tornadus|Tornadus, M|100\/100\n|switch|p2a: Whimsicott|Whimsicott, F|100\/100\n|switch|p2b: Baxcalibur|Baxcalibur, M|100\/100\n|turn|1\n|\n|t:|1695724904\n|move|p1a: Shiftry|Fake Out|p2a: Whimsicott\n|-damage|p2a: Whimsicott|91\/100\n|move|p1b: Tornadus|Taunt|p2a: Whimsicott\n|-start|p2a: Whimsicott|move: Taunt\n|cant|p2a: Whimsicott|flinch\n|move|p2b: Baxcalibur|Dragon Dance|p2b: Baxcalibur\n|-boost|p2b: Baxcalibur|atk|1\n|-boost|p2b: Baxcalibur|spe|1\n|\n|upkeep\n|turn|2\n|\n|t:|1695724917\n|switch|p2a: Cryogonal|Cryogonal|100\/100\n|-terastallize|p1a: Shiftry|Rock\n|move|p1b: Tornadus|Tailwind|p1b: Tornadus\n|-sidestart|p1: ninjask 8|move: Tailwind\n|-ability|p1a: Shiftry|Wind Rider|boost\n|-boost|p1a: Shiftry|atk|1\n|move|p1a: Shiftry|Rock Slide|p2a: Cryogonal|[spread] p2a,p2b\n|-supereffective|p2a: Cryogonal\n|-supereffective|p2b: Baxcalibur\n|-damage|p2a: Cryogonal|0 fnt\n|-damage|p2b: Baxcalibur|28\/100\n|faint|p2a: Cryogonal\n|move|p2b: Baxcalibur|Icicle Spear|p1a: Shiftry\n|-damage|p1a: Shiftry|62\/100\n|-damage|p1a: Shiftry|24\/100\n|-damage|p1a: Shiftry|0 fnt\n|faint|p1a: Shiftry\n|-hitcount|p1: Shiftry|3\n|\n|upkeep\n|\n|t:|1695724925\n|switch|p2a: Whimsicott|Whimsicott, F|91\/100\n|switch|p1a: Tapu Lele|Tapu Lele|100\/100\n|-fieldstart|move: Psychic Terrain|[from] ability: Psychic Surge|[of] p1a: Tapu Lele\n|turn|3\n|\n|t:|1695724935\n|-terastallize|p2b: Baxcalibur|Steel\n|move|p2a: Whimsicott|Tailwind|p2a: Whimsicott\n|-sidestart|p2: Ishigami\u77f3\u795e\u84bc\u592aSouta|move: Tailwind\n|move|p1a: Tapu Lele|Dazzling Gleam|p2b: Baxcalibur|[spread] p2a,p2b\n|-resisted|p2b: Baxcalibur\n|-damage|p2a: Whimsicott|51\/100\n|-damage|p2b: Baxcalibur|12\/100\n|move|p2b: Baxcalibur|Iron Head|p1a: Tapu Lele\n|-supereffective|p1a: Tapu Lele\n|-damage|p1a: Tapu Lele|0 fnt\n|faint|p1a: Tapu Lele\n|move|p1b: Tornadus|Bleakwind Storm|p2a: Whimsicott|[spread] p2a,p2b\n|-supereffective|p2a: Whimsicott\n|-resisted|p2b: Baxcalibur\n|-damage|p2a: Whimsicott|0 fnt\n|-damage|p2b: Baxcalibur|0 fnt\n|faint|p2a: Whimsicott\n|faint|p2b: Baxcalibur\n|\n|upkeep\n|\n|t:|1695724950\n|switch|p1a: Kommo-o|Kommo-o, M|100\/100\n|switch|p2b: Kingambit|Kingambit, F|100\/100\n|switch|p2a: Metagross|Metagross|100\/100\n|-activate|p2b: Kingambit|ability: Supreme Overlord\n|-start|p2b: Kingambit|fallen3|[silent]\n|turn|4\n|\n|t:|1695724961\n|detailschange|p2a: Metagross|Metagross-Mega\n|-mega|p2a: Metagross|Metagross|Metagrossite\n|move|p1b: Tornadus|Heat Wave|p2b: Kingambit|[spread] p2a,p2b\n|-supereffective|p2a: Metagross\n|-supereffective|p2b: Kingambit\n|-damage|p2a: Metagross|51\/100\n|-damage|p2b: Kingambit|44\/100\n|move|p2a: Metagross|Psycho Cut|p1a: Kommo-o\n|-supereffective|p1a: Kommo-o\n|-damage|p1a: Kommo-o|0 fnt\n|faint|p1a: Kommo-o\n|move|p2b: Kingambit|Rock Polish|p2b: Kingambit\n|-boost|p2b: Kingambit|spe|2\n|\n|-heal|p2b: Kingambit|50\/100|[from] item: Leftovers\n|upkeep\n|\n|t:|1695724972\n|switch|p1a: Gardevoir|Gardevoir, F|100\/100\n|-ability|p1a: Gardevoir|Tough Claws|[from] ability: Trace|[of] p2a: Metagross\n|turn|5\n|\n|t:|1695724995\n|detailschange|p1a: Gardevoir|Gardevoir-Mega, F\n|-mega|p1a: Gardevoir|Gardevoir|Gardevoirite\n|move|p2b: Kingambit|Iron Head|p1a: Gardevoir\n|-supereffective|p1a: Gardevoir\n|-damage|p1a: Gardevoir|0 fnt\n|faint|p1a: Gardevoir\n|move|p1b: Tornadus|Heat Wave|p2b: Kingambit|[spread] p2a,p2b\n|-supereffective|p2a: Metagross\n|-supereffective|p2b: Kingambit\n|-damage|p2a: Metagross|0 fnt\n|-damage|p2b: Kingambit|0 fnt\n|faint|p2a: Metagross\n|faint|p2b: Kingambit\n|-end|p2b: Kingambit|fallen3|[silent]\n|\n|-sideend|p1: ninjask 8|move: Tailwind\n|upkeep\n|\n|t:|1695725003\n|switch|p1a: Indeedee|Indeedee-F, F|100\/100\n|switch|p2b: Tauros|Tauros-Paldea-Aqua, M|100\/100\n|turn|6\n|\n|t:|1695725011\n|move|p1b: Tornadus|Tailwind|p1b: Tornadus\n|-sidestart|p1: ninjask 8|move: Tailwind\n|move|p2b: Tauros|Rock Slide|p1a: Indeedee|[spread] \n|-miss|p2b: Tauros|p1a: Indeedee\n|-miss|p2b: Tauros|p1b: Tornadus\n|move|p1a: Indeedee|Expanding Force|p2b: Tauros\n|-supereffective|p2b: Tauros\n|-damage|p2b: Tauros|0 fnt\n|faint|p2b: Tauros\n|\n|win|ninjask 8\n|raw|ninjask 8's rating: 1311 &rarr; <strong>1320<\/strong><br \/>(+9 for winning)\n|raw|Ishigami\u77f3\u795e\u84bc\u592aSouta's rating: 1105 &rarr; <strong>1093<\/strong><br \/>(-12 for losing)\n|l|\u2606Ishigami\u77f3\u795e\u84bc\u592aSouta\n","uploadtime":1695725023,"views":9,"p1id":"ninjask8","p2id":"ishigamisouta","formatid":"gen9nationaldexdoubles","rating":1093,"private":0,"password":""}