{"id":"gen9nationaldexdoubles-1983627287","p1":"fumbari 24","p2":"kurono22","format":"[Gen 9] National Dex Doubles","log":"|j|\u2606fumbari 24\n|j|\u2606kurono22\n|t:|1699151141\n|gametype|doubles\n|player|p1|fumbari 24|hilbert|1454\n|player|p2|kurono22|brawly|1352\n|teamsize|p1|6\n|teamsize|p2|6\n|gen|9\n|tier|[Gen 9] National Dex Doubles\n|rated|\n|rule|HP Percentage Mod: HP is shown in percentages\n|rule|Endless Battle Clause: Forcing endless battles is banned\n|rule|OHKO Clause: OHKO moves are banned\n|rule|Evasion Moves Clause: Evasion moves are banned\n|rule|Evasion Abilities Clause: Evasion abilities are banned\n|rule|Species Clause: Limit one of each Pok\u00e9mon\n|rule|Gravity Sleep Clause: The combination of sleep-inducing moves with imperfect accuracy and Gravity or Gigantamax Orbeetle are banned\n|clearpoke\n|poke|p1|Enamorus, F|\n|poke|p1|Tapu Koko|\n|poke|p1|Sableye, M|\n|poke|p1|Heracross, M|\n|poke|p1|Wyrdeer, M|\n|poke|p1|Gastrodon, M|\n|poke|p2|Chi-Yu|\n|poke|p2|Kommo-o, F|\n|poke|p2|Gothitelle, F|\n|poke|p2|Farigiraf, F|\n|poke|p2|Murkrow, M|\n|poke|p2|Charizard, F|\n|teampreview\n|\n|t:|1699151168\n|start\n|switch|p1a: Raijin|Tapu Koko, shiny|100\/100\n|switch|p1b: Yami|Sableye, M|100\/100\n|switch|p2a: Kommo-o|Kommo-o, F|100\/100\n|switch|p2b: Gothitelle|Gothitelle, F|100\/100\n|-fieldstart|move: Electric Terrain|[from] ability: Electric Surge|[of] p1a: Raijin\n|turn|1\n|\n|t:|1699151186\n|move|p2b: Gothitelle|Fake Out|p1a: Raijin\n|-damage|p1a: Raijin|95\/100\n|move|p1b: Yami|Fake Out|p2b: Gothitelle\n|-damage|p2b: Gothitelle|94\/100\n|cant|p1a: Raijin|flinch\n|move|p2a: Kommo-o|Clangorous Soul|p2a: Kommo-o\n|-boost|p2a: Kommo-o|atk|1\n|-boost|p2a: Kommo-o|def|1\n|-boost|p2a: Kommo-o|spa|1\n|-boost|p2a: Kommo-o|spd|1\n|-boost|p2a: Kommo-o|spe|1\n|-damage|p2a: Kommo-o|68\/100\n|\n|-heal|p2b: Gothitelle|99\/100|[from] item: Leftovers\n|upkeep\n|turn|2\n|\n|t:|1699151211\n|move|p1b: Yami|Encore|p2a: Kommo-o\n|-start|p2a: Kommo-o|Encore\n|move|p1a: Raijin|Dazzling Gleam|p2b: Gothitelle|[spread] p2a,p2b\n|-supereffective|p2a: Kommo-o\n|-crit|p2a: Kommo-o\n|-damage|p2a: Kommo-o|0 fnt\n|-damage|p2b: Gothitelle|80\/100\n|faint|p2a: Kommo-o\n|move|p2b: Gothitelle|Psychic|p1a: Raijin\n|-crit|p1a: Raijin\n|-damage|p1a: Raijin|37\/100\n|\n|-heal|p2b: Gothitelle|86\/100|[from] item: Leftovers\n|upkeep\n|inactive|Battle timer is ON: inactive players will automatically lose when time's up. (requested by fumbari 24)\n|\n|t:|1699151228\n|switch|p2a: Chi-Yu|Chi-Yu|100\/100\n|-ability|p2a: Chi-Yu|Beads of Ruin\n|turn|3\n|\n|t:|1699151240\n|move|p1a: Raijin|Electroweb|p2b: Gothitelle|[spread] p2a,p2b\n|-damage|p2a: Chi-Yu|79\/100\n|-damage|p2b: Gothitelle|61\/100\n|-unboost|p2a: Chi-Yu|spe|1\n|-unboost|p2b: Gothitelle|spe|1\n|move|p2a: Chi-Yu|Heat Wave|p1a: Raijin|[spread] p1a,p1b\n|-damage|p1a: Raijin|0 fnt\n|-damage|p1b: Yami|42\/100\n|-enditem|p1b: Yami|Sitrus Berry|[eat]\n|-heal|p1b: Yami|67\/100|[from] item: Sitrus Berry\n|faint|p1a: Raijin\n|move|p2b: Gothitelle|Psychic|p1b: Yami\n|-immune|p1b: Yami\n|move|p1b: Yami|Knock Off|p2a: Chi-Yu\n|-resisted|p2a: Chi-Yu\n|-damage|p2a: Chi-Yu|58\/100\n|-enditem|p2a: Chi-Yu|Focus Sash|[from] move: Knock Off|[of] p1b: Yami\n|\n|-heal|p2b: Gothitelle|67\/100|[from] item: Leftovers\n|upkeep\n|inactive|fumbari 24 has 120 seconds left.\n|\n|t:|1699151267\n|switch|p1a: Genbu|Enamorus, F|100\/100\n|turn|4\n|\n|t:|1699151278\n|switch|p2a: Farigiraf|Farigiraf, F|100\/100\n|move|p1a: Genbu|Earth Power|p2a: Farigiraf\n|-damage|p2a: Farigiraf|73\/100\n|move|p2b: Gothitelle|Heal Pulse|p2a: Farigiraf\n|-heal|p2a: Farigiraf|100\/100\n|move|p1b: Yami|Knock Off|p2b: Gothitelle\n|-supereffective|p2b: Gothitelle\n|-damage|p2b: Gothitelle|16\/100\n|-enditem|p2b: Gothitelle|Leftovers|[from] move: Knock Off|[of] p1b: Yami\n|\n|upkeep\n|turn|5\n|\n|t:|1699151304\n|move|p1a: Genbu|Dazzling Gleam|p2a: Farigiraf|[spread] p2a,p2b\n|-crit|p2a: Farigiraf\n|-damage|p2a: Farigiraf|53\/100\n|-damage|p2b: Gothitelle|0 fnt\n|faint|p2b: Gothitelle\n|move|p2a: Farigiraf|Wish|p2a: Farigiraf\n|move|p1b: Yami|Knock Off|p2a: Farigiraf\n|-supereffective|p2a: Farigiraf\n|-damage|p2a: Farigiraf|0 fnt\n|-enditem|p2a: Farigiraf|Sitrus Berry|[from] move: Knock Off|[of] p1b: Yami\n|faint|p2a: Farigiraf\n|\n|-fieldend|move: Electric Terrain\n|upkeep\n|inactive|kurono22 has 120 seconds left.\n|\n|t:|1699151318\n|switch|p2b: Charizard|Charizard, F|100\/100\n|switch|p2a: Murkrow|Murkrow, M|100\/100\n|turn|6\n|\n|t:|1699151328\n|switch|p1b: Shelldon|Gastrodon, M|100\/100\n|detailschange|p2b: Charizard|Charizard-Mega-Y, F\n|-mega|p2b: Charizard|Charizard|Charizardite Y\n|-weather|SunnyDay|[from] ability: Drought|[of] p2b: Charizard\n|move|p1a: Genbu|Protect|p1a: Genbu\n|-singleturn|p1a: Genbu|Protect\n|move|p2a: Murkrow|Tailwind|p2a: Murkrow\n|-sidestart|p2: kurono22|move: Tailwind\n|move|p2b: Charizard|Heat Wave|p1b: Shelldon|[spread] p1b\n|-activate|p1a: Genbu|move: Protect\n|-resisted|p1b: Shelldon\n|-damage|p1b: Shelldon|73\/100\n|\n|-weather|SunnyDay|[upkeep]\n|upkeep\n|turn|7\n|\n|t:|1699151354\n|switch|p2a: Chi-Yu|Chi-Yu|58\/100\n|-ability|p2a: Chi-Yu|Beads of Ruin\n|move|p2b: Charizard|Heat Wave|p1a: Genbu|[spread] p1a,p1b\n|-resisted|p1b: Shelldon\n|-damage|p1a: Genbu|0 fnt\n|-damage|p1b: Shelldon|30\/100\n|faint|p1a: Genbu\n|move|p1b: Shelldon|Ice Beam|p2b: Charizard\n|-damage|p2b: Charizard|69\/100\n|\n|-weather|SunnyDay|[upkeep]\n|upkeep\n|\n|t:|1699151368\n|switch|p1a: Stoick|Wyrdeer, M|100\/100\n|-ability|p1a: Stoick|Intimidate|boost\n|-unboost|p2a: Chi-Yu|atk|1\n|-unboost|p2b: Charizard|atk|1\n|turn|8\n|\n|t:|1699151376\n|move|p1a: Stoick|Detect|p1a: Stoick\n|-singleturn|p1a: Stoick|Protect\n|move|p2a: Chi-Yu|Heat Wave|p1a: Stoick|[spread] \n|-activate|p1a: Stoick|move: Protect\n|-miss|p2a: Chi-Yu|p1b: Shelldon\n|move|p2b: Charizard|Heat Wave|p1b: Shelldon|[spread] p1b\n|-activate|p1a: Stoick|move: Protect\n|-resisted|p1b: Shelldon\n|-damage|p1b: Shelldon|0 fnt\n|faint|p1b: Shelldon\n|\n|-weather|SunnyDay|[upkeep]\n|upkeep\n|\n|t:|1699151383\n|switch|p1b: Yami|Sableye, M|67\/100\n|turn|9\n|\n|t:|1699151393\n|-terastallize|p1a: Stoick|Fire\n|move|p1b: Yami|Fake Out|p2a: Chi-Yu\n|-damage|p2a: Chi-Yu|46\/100\n|move|p2b: Charizard|Heat Wave|p1b: Yami|[spread] p1b\n|-miss|p2b: Charizard|p1a: Stoick\n|-damage|p1b: Yami|0 fnt\n|faint|p1b: Yami\n|cant|p2a: Chi-Yu|flinch\n|move|p1a: Stoick|Trick Room|p1a: Stoick\n|-fieldstart|move: Trick Room|[of] p1a: Stoick\n|\n|-weather|SunnyDay|[upkeep]\n|-sideend|p2: kurono22|move: Tailwind\n|upkeep\n|\n|t:|1699151401\n|switch|p1b: Heracles|Heracross, M|100\/100\n|turn|10\n|\n|t:|1699151416\n|detailschange|p1b: Heracles|Heracross-Mega, M\n|-mega|p1b: Heracles|Heracross|Heracronite\n|move|p1a: Stoick|Psyshield Bash|p2b: Charizard\n|-damage|p2b: Charizard|29\/100\n|-boost|p1a: Stoick|def|1\n|move|p1b: Heracles|Close Combat|p2a: Chi-Yu\n|-supereffective|p2a: Chi-Yu\n|-damage|p2a: Chi-Yu|0 fnt\n|-unboost|p1b: Heracles|def|1\n|-unboost|p1b: Heracles|spd|1\n|faint|p2a: Chi-Yu\n|move|p2b: Charizard|Air Slash|p1b: Heracles\n|-supereffective|p1b: Heracles\n|-damage|p1b: Heracles|0 fnt\n|faint|p1b: Heracles\n|\n|-weather|none\n|upkeep\n|\n|t:|1699151433\n|switch|p2a: Murkrow|Murkrow, M|100\/100\n|turn|11\n|\n|t:|1699151450\n|-terastallize|p2a: Murkrow|Dark\n|move|p2b: Charizard|Protect|p2b: Charizard\n|-singleturn|p2b: Charizard|Protect\n|move|p1a: Stoick|Psyshield Bash|p2b: Charizard\n|-activate|p2b: Charizard|move: Protect\n|move|p2a: Murkrow|Snarl|p1a: Stoick\n|-damage|p1a: Stoick|76\/100\n|-unboost|p1a: Stoick|spa|1\n|\n|upkeep\n|turn|12\n|j| wkx6v587\n|\n|t:|1699151473\n|move|p1a: Stoick|Psyshield Bash|p2b: Charizard\n|-damage|p2b: Charizard|0 fnt\n|-boost|p1a: Stoick|def|1\n|faint|p2b: Charizard\n|move|p2a: Murkrow|Snarl|p1a: Stoick\n|-damage|p1a: Stoick|49\/100\n|-unboost|p1a: Stoick|spa|1\n|\n|upkeep\n|turn|13\n|\n|t:|1699151482\n|move|p1a: Stoick|Tera Blast|p2a: Murkrow|[anim] Tera Blast Fire\n|-damage|p2a: Murkrow|63\/100\n|move|p2a: Murkrow|Snarl|p1a: Stoick\n|-damage|p1a: Stoick|23\/100\n|-unboost|p1a: Stoick|spa|1\n|-enditem|p1a: Stoick|Figy Berry|[eat]\n|-heal|p1a: Stoick|56\/100|[from] item: Figy Berry\n|\n|-fieldend|move: Trick Room\n|upkeep\n|turn|14\n|\n|t:|1699151495\n|move|p2a: Murkrow|Taunt|p1a: Stoick\n|-start|p1a: Stoick|move: Taunt\n|move|p1a: Stoick|Tera Blast|p2a: Murkrow|[anim] Tera Blast Fire\n|-damage|p2a: Murkrow|29\/100\n|\n|upkeep\n|turn|15\n|\n|t:|1699151501\n|move|p2a: Murkrow|Snarl|p1a: Stoick\n|-damage|p1a: Stoick|32\/100\n|-unboost|p1a: Stoick|spa|1\n|move|p1a: Stoick|Tera Blast|p2a: Murkrow|[anim] Tera Blast Fire\n|-damage|p2a: Murkrow|0 fnt\n|faint|p2a: Murkrow\n|\n|win|fumbari 24\n|raw|fumbari 24's rating: 1454 &rarr; <strong>1468<\/strong><br \/>(+14 for winning)\n|raw|kurono22's rating: 1352 &rarr; <strong>1338<\/strong><br \/>(-14 for losing)\n","uploadtime":1699151513,"views":8,"p1id":"fumbari24","p2id":"kurono22","formatid":"gen9nationaldexdoubles","rating":1338,"private":0,"password":""}