{"id":"gen9nationaldexdoubles-1948919238","p1":"Dyonilon","p2":"El Ryuk456","format":"[Gen 9] National Dex Doubles","log":"|j|\u2606Dyonilon\n|j|\u2606El Ryuk456\n|t:|1695312544\n|gametype|doubles\n|player|p1|Dyonilon|wallace|1311\n|player|p2|El Ryuk456|blaine|1268\n|teamsize|p1|6\n|teamsize|p2|6\n|gen|9\n|tier|[Gen 9] National Dex Doubles\n|rated|\n|rule|HP Percentage Mod: HP is shown in percentages\n|rule|Endless Battle Clause: Forcing endless battles is banned\n|rule|OHKO Clause: OHKO moves are banned\n|rule|Evasion Moves Clause: Evasion moves are banned\n|rule|Evasion Abilities Clause: Evasion abilities are banned\n|rule|Species Clause: Limit one of each Pok\u00e9mon\n|rule|Gravity Sleep Clause: The combination of sleep-inducing moves with imperfect accuracy and Gravity or Gigantamax Orbeetle are banned\n|clearpoke\n|poke|p1|Ursaluna, F|\n|poke|p1|Cresselia, F|\n|poke|p1|Flutter Mane|\n|poke|p1|Tinkaton, F|\n|poke|p1|Skeledirge, M|\n|poke|p1|Palafin, M|\n|poke|p2|Charizard, M|\n|poke|p2|Blastoise, M|\n|poke|p2|Pikachu, M|\n|poke|p2|Meowscarada, M|\n|poke|p2|Ursaluna-Bloodmoon, M|\n|poke|p2|Gardevoir, F|\n|teampreview\n|\n|t:|1695312554\n|start\n|switch|p1a: Cresselia|Cresselia, F|100\/100\n|switch|p1b: Ursaluna|Ursaluna, F|100\/100\n|switch|p2a: A.Banderas|Meowscarada, M|100\/100\n|switch|p2b: Pikachu|Pikachu, M|100\/100\n|turn|1\n|\n|t:|1695312569\n|-terastallize|p1b: Ursaluna|Grass\n|move|p2b: Pikachu|Fake Out|p1a: Cresselia\n|-damage|p1a: Cresselia|93\/100\n|move|p2a: A.Banderas|Taunt|p1a: Cresselia\n|-start|p2a: A.Banderas|typechange|Dark|[from] ability: Protean\n|-start|p1a: Cresselia|move: Taunt\n|move|p1b: Ursaluna|Swords Dance|p1b: Ursaluna\n|-boost|p1b: Ursaluna|atk|2\n|cant|p1a: Cresselia|flinch\n|\n|-status|p1b: Ursaluna|brn|[from] item: Flame Orb\n|upkeep\n|turn|2\n|inactive|Battle timer is ON: inactive players will automatically lose when time's up. (requested by El Ryuk456)\n|\n|t:|1695312595\n|move|p2a: A.Banderas|Knock Off|p1b: Ursaluna\n|-damage|p1b: Ursaluna|69\/100 brn\n|-enditem|p1b: Ursaluna|Flame Orb|[from] move: Knock Off|[of] p2a: A.Banderas\n|move|p2b: Pikachu|Thunderbolt|p1b: Ursaluna\n|-resisted|p1b: Ursaluna\n|-damage|p1b: Ursaluna|48\/100 brn\n|move|p1a: Cresselia|Psychic|p2b: Pikachu\n|-damage|p2b: Pikachu|37\/100\n|-unboost|p2b: Pikachu|spd|1\n|move|p1b: Ursaluna|Earthquake|p2a: A.Banderas|[spread] p2a,p2b\n|-immune|p1a: Cresselia|[from] ability: Levitate\n|-supereffective|p2b: Pikachu\n|-enditem|p2a: A.Banderas|Focus Sash\n|-damage|p2a: A.Banderas|1\/100\n|-damage|p2b: Pikachu|0 fnt\n|faint|p2b: Pikachu\n|\n|-damage|p1b: Ursaluna|42\/100 brn|[from] brn\n|upkeep\n|\n|t:|1695312616\n|switch|p2b: Charizard|Charizard, M|100\/100\n|turn|3\n|\n|t:|1695312631\n|detailschange|p2b: Charizard|Charizard-Mega-X, M\n|-mega|p2b: Charizard|Charizard|Charizardite X\n|move|p2a: A.Banderas|Knock Off|p1a: Cresselia\n|-supereffective|p1a: Cresselia\n|-damage|p1a: Cresselia|25\/100\n|-enditem|p1a: Cresselia|Focus Sash|[from] move: Knock Off|[of] p2a: A.Banderas\n|move|p2b: Charizard|Flare Blitz|p1b: Ursaluna\n|-supereffective|p1b: Ursaluna\n|-damage|p1b: Ursaluna|0 fnt\n|faint|p1b: Ursaluna\n|-damage|p2b: Charizard|83\/100|[from] Recoil\n|move|p1a: Cresselia|Psychic|p2b: Charizard\n|-damage|p2b: Charizard|56\/100\n|\n|-end|p1a: Cresselia|move: Taunt\n|upkeep\n|\n|t:|1695312645\n|switch|p1b: Tinkaton|Tinkaton, F|100\/100\n|-ability|p1b: Tinkaton|Mold Breaker\n|turn|4\n|\n|t:|1695312653\n|move|p2a: A.Banderas|Protect|p2a: A.Banderas\n|-singleturn|p2a: A.Banderas|Protect\n|move|p1b: Tinkaton|Fake Out|p2a: A.Banderas\n|-activate|p2a: A.Banderas|move: Protect\n|move|p2b: Charizard|Flare Blitz|p1a: Cresselia\n|-damage|p1a: Cresselia|0 fnt\n|faint|p1a: Cresselia\n|-damage|p2b: Charizard|45\/100|[from] Recoil\n|\n|upkeep\n|\n|t:|1695312663\n|switch|p1a: Flutter Mane|Flutter Mane|100\/100\n|turn|5\n|\n|t:|1695312673\n|move|p1b: Tinkaton|Protect|p1b: Tinkaton\n|-singleturn|p1b: Tinkaton|Protect\n|move|p1a: Flutter Mane|Thunderbolt|p2b: Charizard\n|-resisted|p2b: Charizard\n|-damage|p2b: Charizard|20\/100\n|move|p2a: A.Banderas|Knock Off|p1a: Flutter Mane\n|-damage|p1a: Flutter Mane|0 fnt\n|-enditem|p1a: Flutter Mane|Choice Specs|[from] move: Knock Off|[of] p2a: A.Banderas\n|faint|p1a: Flutter Mane\n|-end|p1a: Flutter Mane|Protosynthesis|[silent]\n|move|p2b: Charizard|Flare Blitz|p1b: Tinkaton\n|-activate|p1b: Tinkaton|move: Protect\n|\n|upkeep\n|\n|t:|1695312685\n|switch|p1a: Palafin|Palafin, M|100\/100\n|turn|6\n|\n|t:|1695312693\n|move|p2b: Charizard|Protect|p2b: Charizard\n|-singleturn|p2b: Charizard|Protect\n|move|p1a: Palafin|Flip Turn|p2b: Charizard\n|-activate|p2b: Charizard|move: Protect\n|move|p2a: A.Banderas|Flower Trick|p1a: Palafin\n|-supereffective|p1a: Palafin\n|-crit|p1a: Palafin\n|-damage|p1a: Palafin|18\/100\n|move|p1b: Tinkaton|Knock Off|p2a: A.Banderas\n|-resisted|p2a: A.Banderas\n|-damage|p2a: A.Banderas|0 fnt\n|faint|p2a: A.Banderas\n|\n|upkeep\n|\n|t:|1695312705\n|switch|p2a: Harbor|Blastoise, M|100\/100\n|turn|7\n|\n|t:|1695312713\n|move|p1b: Tinkaton|Protect|p1b: Tinkaton\n|-singleturn|p1b: Tinkaton|Protect\n|move|p2a: Harbor|Fake Out|p1a: Palafin\n|-damage|p1a: Palafin|8\/100\n|cant|p1a: Palafin|flinch\n|move|p2b: Charizard|Flare Blitz|p1b: Tinkaton\n|-activate|p1b: Tinkaton|move: Protect\n|\n|upkeep\n|turn|8\n|\n|t:|1695312729\n|detailschange|p1a: Palafin|Palafin-Hero, M\n|switch|p1a: Skeledirge|Skeledirge, M|100\/100\n|move|p2b: Charizard|Protect|p2b: Charizard\n|-singleturn|p2b: Charizard|Protect\n|move|p1b: Tinkaton|Knock Off|p2a: Harbor\n|-damage|p2a: Harbor|79\/100\n|-enditem|p2a: Harbor|Leftovers|[from] move: Knock Off|[of] p1b: Tinkaton\n|move|p2a: Harbor|Icy Wind|p1a: Skeledirge|[spread] p1a,p1b\n|-resisted|p1a: Skeledirge\n|-resisted|p1b: Tinkaton\n|-damage|p1a: Skeledirge|98\/100\n|-damage|p1b: Tinkaton|96\/100\n|-unboost|p1a: Skeledirge|spe|1\n|-unboost|p1b: Tinkaton|spe|1\n|\n|-heal|p1b: Tinkaton|100\/100|[from] item: Leftovers\n|upkeep\n|turn|9\n|\n|t:|1695312755\n|move|p1b: Tinkaton|Protect|p1b: Tinkaton\n|-singleturn|p1b: Tinkaton|Protect\n|move|p2b: Charizard|Roost|p2b: Charizard\n|-heal|p2b: Charizard|70\/100\n|-singleturn|p2b: Charizard|move: Roost\n|move|p2a: Harbor|Scald|p1a: Skeledirge\n|-supereffective|p1a: Skeledirge\n|-damage|p1a: Skeledirge|62\/100\n|move|p1a: Skeledirge|Night Shade|p2b: Charizard\n|-damage|p2b: Charizard|42\/100\n|\n|upkeep\n|turn|10\n|\n|t:|1695312776\n|move|p2b: Charizard|Flare Blitz|p1b: Tinkaton\n|-supereffective|p1b: Tinkaton\n|-damage|p1b: Tinkaton|0 fnt\n|faint|p1b: Tinkaton\n|-damage|p2b: Charizard|13\/100|[from] Recoil\n|move|p2a: Harbor|Scald|p1a: Skeledirge\n|-supereffective|p1a: Skeledirge\n|-damage|p1a: Skeledirge|28\/100\n|move|p1a: Skeledirge|Shadow Ball|p2b: Charizard\n|-damage|p2b: Charizard|0 fnt\n|faint|p2b: Charizard\n|\n|upkeep\n|\n|t:|1695312788\n|switch|p2b: Belle|Gardevoir, F, shiny|100\/100\n|switch|p1b: Palafin|Palafin-Hero, M|8\/100\n|-activate|p1b: Palafin|ability: Zero to Hero\n|-ability|p2b: Belle|Blaze|[from] ability: Trace|[of] p1a: Skeledirge\n|turn|11\n|\n|t:|1695312800\n|move|p1b: Palafin|Drain Punch|p2a: Harbor\n|-damage|p2a: Harbor|56\/100\n|-heal|p1b: Palafin|20\/100|[from] drain|[of] p2a: Harbor\n|move|p2a: Harbor|Scald|p1a: Skeledirge\n|-supereffective|p1a: Skeledirge\n|-damage|p1a: Skeledirge|0 fnt\n|faint|p1a: Skeledirge\n|move|p2b: Belle|Trick Room|p2b: Belle\n|-fieldstart|move: Trick Room|[of] p2b: Belle\n|\n|upkeep\n|turn|12\n|\n|t:|1695312813\n|move|p2b: Belle|Moonblast|p1b: Palafin\n|-damage|p1b: Palafin|0 fnt\n|faint|p1b: Palafin\n|\n|win|El Ryuk456\n|raw|Dyonilon's rating: 1311 &rarr; <strong>1289<\/strong><br \/>(-22 for losing)\n|raw|El Ryuk456's rating: 1268 &rarr; <strong>1296<\/strong><br \/>(+28 for winning)\n","uploadtime":1695312817,"views":13,"p1id":"dyonilon","p2id":"elryuk456","formatid":"gen9nationaldexdoubles","rating":1289,"private":0,"password":""}