{"id":"gen9nationaldexdoubles-1958276674","p1":"Atlost","p2":"Mikegn","format":"[Gen 9] National Dex Doubles","log":"|j|\u2606Atlost\n|j|\u2606Mikegn\n|t:|1696305588\n|gametype|doubles\n|player|p1|Atlost|170|1220\n|player|p2|Mikegn|101|1128\n|teamsize|p1|6\n|teamsize|p2|6\n|gen|9\n|tier|[Gen 9] National Dex Doubles\n|rated|\n|rule|HP Percentage Mod: HP is shown in percentages\n|rule|Endless Battle Clause: Forcing endless battles is banned\n|rule|OHKO Clause: OHKO moves are banned\n|rule|Evasion Moves Clause: Evasion moves are banned\n|rule|Evasion Abilities Clause: Evasion abilities are banned\n|rule|Species Clause: Limit one of each Pok\u00e9mon\n|rule|Gravity Sleep Clause: The combination of sleep-inducing moves with imperfect accuracy and Gravity or Gigantamax Orbeetle are banned\n|clearpoke\n|poke|p1|Swampert, F|\n|poke|p1|Pelipper, F|\n|poke|p1|Ferrothorn, F|\n|poke|p1|Thundurus-Therian, M|\n|poke|p1|Togekiss, F|\n|poke|p1|Cresselia, F|\n|poke|p2|Ninetales, F|\n|poke|p2|Flutter Mane|\n|poke|p2|Ceruledge, F|\n|poke|p2|Volcanion|\n|poke|p2|Scovillain, M|\n|poke|p2|Dragapult, F|\n|teampreview\n|\n|t:|1696305633\n|start\n|switch|p1a: Ferrothorn|Ferrothorn, F|100\/100\n|switch|p1b: Cresselia|Cresselia, F, shiny|100\/100\n|switch|p2a: Dragapult|Dragapult, F|100\/100\n|switch|p2b: Volcanion|Volcanion|100\/100\n|turn|1\n|\n|t:|1696305664\n|-terastallize|p1a: Ferrothorn|Fire\n|move|p2a: Dragapult|Light Screen|p2a: Dragapult\n|-sidestart|p2: Mikegn|move: Light Screen\n|move|p1b: Cresselia|Toxic|p2b: Volcanion\n|-status|p2b: Volcanion|tox\n|-enditem|p2b: Volcanion|Lum Berry|[eat]\n|-curestatus|p2b: Volcanion|tox|[msg]\n|move|p2b: Volcanion|Heat Wave|p1b: Cresselia|[spread] p1a,p1b\n|-resisted|p1a: Ferrothorn\n|-damage|p1a: Ferrothorn|84\/100\n|-damage|p1b: Cresselia|80\/100\n|move|p1a: Ferrothorn|Leech Seed|p2b: Volcanion\n|-start|p2b: Volcanion|move: Leech Seed\n|\n|-heal|p1a: Ferrothorn|90\/100|[from] item: Leftovers\n|-damage|p2b: Volcanion|88\/100|[from] Leech Seed|[of] p1a: Ferrothorn\n|-heal|p1a: Ferrothorn|100\/100|[silent]\n|upkeep\n|turn|2\n|\n|t:|1696305711\n|move|p1a: Ferrothorn|Protect|p1a: Ferrothorn\n|-singleturn|p1a: Ferrothorn|Protect\n|move|p2a: Dragapult|Reflect|p2a: Dragapult\n|-sidestart|p2: Mikegn|Reflect\n|move|p1b: Cresselia|Toxic|p2b: Volcanion\n|-status|p2b: Volcanion|tox\n|move|p2b: Volcanion|Steam Eruption|p1a: Ferrothorn\n|-activate|p1a: Ferrothorn|move: Protect\n|\n|-damage|p2b: Volcanion|76\/100 tox|[from] Leech Seed|[of] p1a: Ferrothorn\n|-damage|p2b: Volcanion|70\/100 tox|[from] psn\n|upkeep\n|turn|3\n|\n|t:|1696305746\n|switch|p1a: Swampert|Swampert, F|100\/100\n|move|p2a: Dragapult|U-turn|p1b: Cresselia\n|-supereffective|p1b: Cresselia\n|-damage|p1b: Cresselia|49\/100\n|\n|t:|1696305753\n|switch|p2a: Ninetales|Ninetales, F, shiny|100\/100|[from] U-turn\n|-weather|SunnyDay|[from] ability: Drought|[of] p2a: Ninetales\n|move|p1b: Cresselia|Icy Wind|p2a: Ninetales|[spread] p2a,p2b\n|-resisted|p2a: Ninetales\n|-resisted|p2b: Volcanion\n|-damage|p2a: Ninetales|98\/100\n|-damage|p2b: Volcanion|69\/100 tox\n|-unboost|p2a: Ninetales|spe|1\n|-enditem|p2a: Ninetales|Eject Pack\n|-unboost|p2b: Volcanion|spe|1\n|\n|t:|1696305778\n|switch|p2a: Ceruledge|Ceruledge, F|100\/100\n|move|p2b: Volcanion|Steam Eruption|p1a: Swampert\n|-damage|p1a: Swampert|68\/100\n|-status|p1a: Swampert|brn\n|\n|-weather|SunnyDay|[upkeep]\n|-damage|p2b: Volcanion|57\/100 tox|[from] Leech Seed|[of] p1a: Swampert\n|-heal|p1a: Swampert|79\/100 brn|[silent]\n|-damage|p2b: Volcanion|44\/100 tox|[from] psn\n|-damage|p1a: Swampert|73\/100 brn|[from] brn\n|upkeep\n|turn|4\n|\n|t:|1696305813\n|detailschange|p1a: Swampert|Swampert-Mega, F\n|-mega|p1a: Swampert|Swampert|Swampertite\n|move|p1b: Cresselia|Lunar Blessing|p1b: Cresselia|[spread] p1a,p1b\n|-heal|p1a: Swampert|98\/100 brn\n|-curestatus|p1a: Swampert|brn|[msg]\n|-heal|p1b: Cresselia|74\/100\n|move|p1a: Swampert|Earthquake|p2a: Ceruledge|[spread] p2a,p2b\n|-immune|p1b: Cresselia|[from] ability: Levitate\n|-supereffective|p2a: Ceruledge\n|-supereffective|p2b: Volcanion\n|-damage|p2a: Ceruledge|35\/100\n|-damage|p2b: Volcanion|0 fnt\n|-ability|p2a: Ceruledge|Weak Armor|boost\n|-unboost|p2a: Ceruledge|def|1\n|-boost|p2a: Ceruledge|spe|2\n|-enditem|p2a: Ceruledge|Weakness Policy\n|-boost|p2a: Ceruledge|atk|2|[from] item: Weakness Policy\n|-boost|p2a: Ceruledge|spa|2|[from] item: Weakness Policy\n|faint|p2b: Volcanion\n|move|p2a: Ceruledge|Bitter Blade|p1a: Swampert\n|-resisted|p1a: Swampert\n|-damage|p1a: Swampert|32\/100\n|-heal|p2a: Ceruledge|73\/100|[from] drain|[of] p1a: Swampert\n|\n|-weather|SunnyDay|[upkeep]\n|upkeep\n|\n|t:|1696305843\n|switch|p2b: Flutter Mane|Flutter Mane|100\/100\n|-activate|p2b: Flutter Mane|ability: Protosynthesis\n|-start|p2b: Flutter Mane|protosynthesisspa\n|turn|5\n|\n|t:|1696305859\n|switch|p1b: Pelipper|Pelipper, F|100\/100\n|-weather|RainDance|[from] ability: Drizzle|[of] p1b: Pelipper\n|-end|p2b: Flutter Mane|Protosynthesis\n|move|p1a: Swampert|Flip Turn|p2a: Ceruledge\n|-supereffective|p2a: Ceruledge\n|-damage|p2a: Ceruledge|0 fnt\n|faint|p2a: Ceruledge\n|\n|t:|1696305871\n|switch|p1a: Ferrothorn|Ferrothorn, F, tera:Fire|100\/100|[from] Flip Turn\n|move|p2b: Flutter Mane|Dazzling Gleam|p1b: Pelipper|[spread] p1a,p1b\n|-resisted|p1a: Ferrothorn\n|-damage|p1a: Ferrothorn|87\/100\n|-damage|p1b: Pelipper|68\/100\n|\n|-weather|RainDance|[upkeep]\n|-heal|p1a: Ferrothorn|93\/100|[from] item: Leftovers\n|upkeep\n|\n|t:|1696305881\n|switch|p2a: Ninetales|Ninetales, F, shiny|98\/100\n|-weather|SunnyDay|[from] ability: Drought|[of] p2a: Ninetales\n|-activate|p2b: Flutter Mane|ability: Protosynthesis\n|-start|p2b: Flutter Mane|protosynthesisspa\n|turn|6\n|\n|t:|1696305906\n|switch|p1b: Cresselia|Cresselia, F, shiny|74\/100\n|move|p2b: Flutter Mane|Shadow Ball|p1b: Cresselia\n|-supereffective|p1b: Cresselia\n|-damage|p1b: Cresselia|9\/100\n|-unboost|p1b: Cresselia|spd|1\n|-enditem|p1b: Cresselia|Wiki Berry|[eat]\n|-heal|p1b: Cresselia|42\/100|[from] item: Wiki Berry\n|move|p2a: Ninetales|Heat Wave|p1b: Cresselia|[spread] p1a,p1b\n|-resisted|p1a: Ferrothorn\n|-damage|p1a: Ferrothorn|78\/100\n|-damage|p1b: Cresselia|11\/100\n|move|p1a: Ferrothorn|Power Whip|p2b: Flutter Mane\n|-damage|p2b: Flutter Mane|38\/100\n|\n|-weather|SunnyDay|[upkeep]\n|-heal|p1a: Ferrothorn|84\/100|[from] item: Leftovers\n|upkeep\n|turn|7\n|\n|t:|1696305941\n|switch|p1b: Thundurus|Thundurus-Therian, M|100\/100\n|move|p2b: Flutter Mane|Shadow Ball|p1a: Ferrothorn\n|-damage|p1a: Ferrothorn|42\/100\n|-unboost|p1a: Ferrothorn|spd|1\n|move|p2a: Ninetales|Heat Wave|p1a: Ferrothorn|[spread] p1b\n|-miss|p2a: Ninetales|p1a: Ferrothorn\n|-damage|p1b: Thundurus|43\/100\n|move|p1a: Ferrothorn|Power Whip|p2b: Flutter Mane\n|-damage|p2b: Flutter Mane|0 fnt\n|faint|p2b: Flutter Mane\n|-end|p2b: Flutter Mane|Protosynthesis|[silent]\n|\n|-weather|SunnyDay|[upkeep]\n|-heal|p1a: Ferrothorn|48\/100|[from] item: Leftovers\n|upkeep\n|\n|t:|1696305973\n|switch|p2b: Scovillain|Scovillain, M|100\/100\n|turn|8\n|\n|t:|1696305986\n|switch|p1b: Pelipper|Pelipper, F|68\/100\n|-weather|RainDance|[from] ability: Drizzle|[of] p1b: Pelipper\n|move|p2a: Ninetales|Heat Wave|p1a: Ferrothorn|[spread] p1a,p1b\n|-resisted|p1a: Ferrothorn\n|-resisted|p1b: Pelipper\n|-damage|p1a: Ferrothorn|40\/100\n|-damage|p1b: Pelipper|61\/100\n|move|p2b: Scovillain|Substitute|p2b: Scovillain\n|-start|p2b: Scovillain|Substitute\n|-damage|p2b: Scovillain|76\/100\n|move|p1a: Ferrothorn|Leech Seed|p2a: Ninetales\n|-start|p2a: Ninetales|move: Leech Seed\n|\n|-weather|RainDance|[upkeep]\n|-heal|p2b: Scovillain|82\/100|[from] item: Leftovers\n|-heal|p1a: Ferrothorn|46\/100|[from] item: Leftovers\n|-damage|p2a: Ninetales|86\/100|[from] Leech Seed|[of] p1a: Ferrothorn\n|-heal|p1a: Ferrothorn|57\/100|[silent]\n|-sideend|p2: Mikegn|move: Light Screen\n|-ability|p2b: Scovillain|Moody|boost\n|-boost|p2b: Scovillain|spe|2\n|-unboost|p2b: Scovillain|spd|1\n|upkeep\n|turn|9\n|\n|t:|1696306019\n|switch|p2a: Dragapult|Dragapult, F|100\/100\n|move|p2b: Scovillain|Protect|p2b: Scovillain\n|-singleturn|p2b: Scovillain|Protect\n|move|p1b: Pelipper|Weather Ball|p2a: Dragapult\n|-resisted|p2a: Dragapult\n|-damage|p2a: Dragapult|76\/100\n|move|p1a: Ferrothorn|Curse|p1a: Ferrothorn\n|-unboost|p1a: Ferrothorn|spe|1\n|-boost|p1a: Ferrothorn|atk|1\n|-boost|p1a: Ferrothorn|def|1\n|\n|-weather|RainDance|[upkeep]\n|-heal|p2b: Scovillain|88\/100|[from] item: Leftovers\n|-heal|p1a: Ferrothorn|63\/100|[from] item: Leftovers\n|-sideend|p2: Mikegn|Reflect\n|-ability|p2b: Scovillain|Moody|boost\n|-boost|p2b: Scovillain|atk|2\n|-unboost|p2b: Scovillain|spd|1\n|upkeep\n|turn|10\n|\n|t:|1696306068\n|move|p2a: Dragapult|Reflect|p2a: Dragapult\n|-sidestart|p2: Mikegn|Reflect\n|move|p2b: Scovillain|Giga Drain|p1b: Pelipper\n|-crit|p1b: Pelipper\n|-damage|p1b: Pelipper|4\/100\n|-heal|p2b: Scovillain|100\/100|[from] drain|[of] p1b: Pelipper\n|move|p1b: Pelipper|Hurricane|p2b: Scovillain\n|-supereffective|p2b: Scovillain\n|-end|p2b: Scovillain|Substitute\n|move|p1a: Ferrothorn|Power Whip|p2a: Dragapult\n|-resisted|p2a: Dragapult\n|-damage|p2a: Dragapult|50\/100\n|\n|-weather|RainDance|[upkeep]\n|-heal|p1a: Ferrothorn|69\/100|[from] item: Leftovers\n|-ability|p2b: Scovillain|Moody|boost\n|-boost|p2b: Scovillain|spe|2\n|-unboost|p2b: Scovillain|spd|1\n|upkeep\n|turn|11\n|\n|t:|1696306097\n|switch|p1b: Togekiss|Togekiss, F|100\/100\n|move|p2b: Scovillain|Substitute|p2b: Scovillain\n|-start|p2b: Scovillain|Substitute\n|-damage|p2b: Scovillain|76\/100\n|move|p2a: Dragapult|Light Screen|p2a: Dragapult\n|-sidestart|p2: Mikegn|move: Light Screen\n|move|p1a: Ferrothorn|Leech Seed|p2a: Dragapult\n|-start|p2a: Dragapult|move: Leech Seed\n|\n|-weather|RainDance|[upkeep]\n|-heal|p2b: Scovillain|82\/100|[from] item: Leftovers\n|-heal|p1a: Ferrothorn|75\/100|[from] item: Leftovers\n|-damage|p2a: Dragapult|38\/100|[from] Leech Seed|[of] p1a: Ferrothorn\n|-heal|p1a: Ferrothorn|87\/100|[silent]\n|-ability|p2b: Scovillain|Moody|boost\n|-boost|p2b: Scovillain|atk|2\n|-unboost|p2b: Scovillain|def|1\n|upkeep\n|turn|12\n|\n|t:|1696306127\n|switch|p2a: Ninetales|Ninetales, F, shiny|86\/100\n|-weather|SunnyDay|[from] ability: Drought|[of] p2a: Ninetales\n|move|p2b: Scovillain|Fire Fang|p1b: Togekiss\n|-damage|p1b: Togekiss|8\/100\n|-enditem|p1b: Togekiss|Wiki Berry|[eat]\n|-heal|p1b: Togekiss|41\/100|[from] item: Wiki Berry\n|move|p1b: Togekiss|Dazzling Gleam|p2b: Scovillain|[spread] p2a,p2b\n|-resisted|p2b: Scovillain\n|-end|p2b: Scovillain|Substitute\n|-resisted|p2a: Ninetales\n|-damage|p2a: Ninetales|75\/100\n|move|p1a: Ferrothorn|Curse|p1a: Ferrothorn\n|-unboost|p1a: Ferrothorn|spe|1\n|-boost|p1a: Ferrothorn|atk|1\n|-boost|p1a: Ferrothorn|def|1\n|\n|-weather|SunnyDay|[upkeep]\n|-heal|p2b: Scovillain|88\/100|[from] item: Leftovers\n|-heal|p1a: Ferrothorn|93\/100|[from] item: Leftovers\n|-ability|p2b: Scovillain|Moody|boost\n|-boost|p2b: Scovillain|spd|2\n|-unboost|p2b: Scovillain|atk|1\n|upkeep\n|turn|13\n|\n|t:|1696306183\n|move|p1b: Togekiss|Follow Me|p1b: Togekiss\n|-singleturn|p1b: Togekiss|move: Follow Me\n|move|p2b: Scovillain|Fire Fang|p1b: Togekiss\n|-damage|p1b: Togekiss|0 fnt\n|faint|p1b: Togekiss\n|move|p1a: Ferrothorn|Power Whip|p2a: Ninetales|[miss]\n|-miss|p1a: Ferrothorn|p2a: Ninetales\n|move|p2a: Ninetales|Roar|p1a: Ferrothorn\n|drag|p1a: Thundurus|Thundurus-Therian, M|43\/100\n|\n|-weather|SunnyDay|[upkeep]\n|-heal|p2b: Scovillain|94\/100|[from] item: Leftovers\n|-ability|p2b: Scovillain|Moody|boost\n|-boost|p2b: Scovillain|def|2\n|-unboost|p2b: Scovillain|spa|1\n|upkeep\n|\n|t:|1696306205\n|switch|p1b: Cresselia|Cresselia, F, shiny|11\/100\n|turn|14\n|\n|t:|1696306235\n|switch|p2a: Dragapult|Dragapult, F|38\/100\n|move|p2b: Scovillain|Fire Fang|p1a: Thundurus\n|-damage|p1a: Thundurus|0 fnt\n|faint|p1a: Thundurus\n|move|p1b: Cresselia|Toxic|p2b: Scovillain|[miss]\n|-miss|p1b: Cresselia|p2b: Scovillain\n|\n|-weather|SunnyDay|[upkeep]\n|-heal|p2b: Scovillain|99\/100|[from] item: Leftovers\n|-ability|p2b: Scovillain|Moody|boost\n|-boost|p2b: Scovillain|spe|2\n|-unboost|p2b: Scovillain|spd|1\n|upkeep\n|\n|t:|1696306255\n|switch|p1a: Ferrothorn|Ferrothorn, F, tera:Fire|93\/100\n|turn|15\n|\n|t:|1696306284\n|move|p1b: Cresselia|Helping Hand|p1a: Ferrothorn\n|-singleturn|p1a: Ferrothorn|Helping Hand|[of] p1b: Cresselia\n|move|p2b: Scovillain|Substitute|p2b: Scovillain\n|-start|p2b: Scovillain|Substitute\n|-damage|p2b: Scovillain|75\/100\n|move|p2a: Dragapult|Dragon Darts|p1b: Cresselia\n|-damage|p1b: Cresselia|0 fnt\n|-anim|p2a: Dragapult|Dragon Darts|p1a: Ferrothorn\n|-damage|p1a: Ferrothorn|73\/100\n|faint|p1b: Cresselia\n|move|p1a: Ferrothorn|Power Whip|p2a: Dragapult\n|-resisted|p2a: Dragapult\n|-damage|p2a: Dragapult|13\/100\n|\n|-weather|SunnyDay|[upkeep]\n|-heal|p2b: Scovillain|81\/100|[from] item: Leftovers\n|-heal|p1a: Ferrothorn|79\/100|[from] item: Leftovers\n|-ability|p2b: Scovillain|Moody|boost\n|-boost|p2b: Scovillain|spd|2\n|-unboost|p2b: Scovillain|def|1\n|upkeep\n|\n|t:|1696306303\n|switch|p1b: Swampert|Swampert-Mega, F|32\/100\n|turn|16\n|\n|t:|1696306349\n|move|p2b: Scovillain|Giga Drain|p1b: Swampert\n|-supereffective|p1b: Swampert\n|-damage|p1b: Swampert|0 fnt\n|-heal|p2b: Scovillain|100\/100|[from] drain|[of] p1b: Swampert\n|faint|p1b: Swampert\n|move|p2a: Dragapult|Dragon Darts|p1a: Ferrothorn\n|-damage|p1a: Ferrothorn|62\/100\n|-anim|p2a: Dragapult|Dragon Darts|p1a: Ferrothorn\n|-damage|p1a: Ferrothorn|45\/100\n|move|p1a: Ferrothorn|Power Whip|p2a: Dragapult\n|-resisted|p2a: Dragapult\n|-damage|p2a: Dragapult|0 fnt\n|faint|p2a: Dragapult\n|\n|-weather|none\n|-heal|p1a: Ferrothorn|51\/100|[from] item: Leftovers\n|-ability|p2b: Scovillain|Moody|boost\n|-boost|p2b: Scovillain|spa|2\n|-unboost|p2b: Scovillain|spd|1\n|upkeep\n|\n|t:|1696306369\n|switch|p2a: Ninetales|Ninetales, F, shiny|75\/100\n|switch|p1b: Pelipper|Pelipper, F|4\/100\n|-weather|SunnyDay|[from] ability: Drought|[of] p2a: Ninetales\n|-weather|RainDance|[from] ability: Drizzle|[of] p1b: Pelipper\n|turn|17\n|\n|t:|1696306445\n|-terastallize|p2a: Ninetales|Fire\n|move|p2b: Scovillain|Fire Fang|p1a: Ferrothorn\n|-resisted|p1a: Ferrothorn\n|-damage|p1a: Ferrothorn|38\/100\n|-damage|p2b: Scovillain|88\/100|[from] ability: Iron Barbs|[of] p1a: Ferrothorn\n|move|p2a: Ninetales|Heat Wave|p1a: Ferrothorn|[spread] p1a,p1b\n|-resisted|p1a: Ferrothorn\n|-resisted|p1b: Pelipper\n|-damage|p1a: Ferrothorn|31\/100\n|-damage|p1b: Pelipper|0 fnt\n|faint|p1b: Pelipper\n|move|p1a: Ferrothorn|Leech Seed|p2a: Ninetales\n|-start|p2a: Ninetales|move: Leech Seed\n|\n|-weather|RainDance|[upkeep]\n|-heal|p2b: Scovillain|94\/100|[from] item: Leftovers\n|-heal|p1a: Ferrothorn|37\/100|[from] item: Leftovers\n|-damage|p2a: Ninetales|63\/100|[from] Leech Seed|[of] p1a: Ferrothorn\n|-heal|p1a: Ferrothorn|47\/100|[silent]\n|-sideend|p2: Mikegn|Reflect\n|-ability|p2b: Scovillain|Moody|boost\n|-boost|p2b: Scovillain|spa|2\n|-unboost|p2b: Scovillain|def|1\n|upkeep\n|turn|18\n|inactive|Battle timer is ON: inactive players will automatically lose when time's up. (requested by Mikegn)\n|inactive|Atlost has 120 seconds left.\n|inactive|Atlost has 90 seconds left.\n|inactive|Atlost has 60 seconds left.\n|inactive|Atlost has 30 seconds left.\n|inactive|Atlost has 20 seconds left.\n|inactive|Atlost has 15 seconds left.\n|inactive|Atlost has 10 seconds left.\n|inactive|Atlost has 5 seconds left.\n|-message|Atlost lost due to inactivity.\n|\n|win|Mikegn\n|raw|Atlost's rating: 1220 &rarr; <strong>1189<\/strong><br \/>(-31 for losing)\n|raw|Mikegn's rating: 1128 &rarr; <strong>1159<\/strong><br \/>(+31 for winning)\n|l|\u2606Mikegn\n","uploadtime":1696307785,"views":10,"p1id":"atlost","p2id":"mikegn","formatid":"gen9nationaldexdoubles","rating":1159,"private":0,"password":""}