{"id":"gen9nationaldexdoubles-1977101957","p1":"Harumi_0","p2":"yappax","format":"[Gen 9] National Dex Doubles","log":"|j|\u2606Harumi_0\n|j|\u2606yappax\n|t:|1698371728\n|gametype|doubles\n|player|p1|Harumi_0|backersf|1194\n|player|p2|yappax|acetrainerf-gen4dp|1113\n|teamsize|p1|6\n|teamsize|p2|6\n|gen|9\n|tier|[Gen 9] National Dex Doubles\n|rated|\n|rule|HP Percentage Mod: HP is shown in percentages\n|rule|Endless Battle Clause: Forcing endless battles is banned\n|rule|OHKO Clause: OHKO moves are banned\n|rule|Evasion Moves Clause: Evasion moves are banned\n|rule|Evasion Abilities Clause: Evasion abilities are banned\n|rule|Species Clause: Limit one of each Pok\u00e9mon\n|rule|Gravity Sleep Clause: The combination of sleep-inducing moves with imperfect accuracy and Gravity or Gigantamax Orbeetle are banned\n|clearpoke\n|poke|p1|Sceptile, M|\n|poke|p1|Venusaur, F|\n|poke|p1|Gardevoir, M|\n|poke|p1|Gallade, M|\n|poke|p1|Xurkitree|\n|poke|p1|Illumise, F|\n|poke|p2|Infernape, M|\n|poke|p2|Munkidori, M|\n|poke|p2|Oranguru, M|\n|poke|p2|Ambipom, M|\n|poke|p2|Rillaboom, M|\n|poke|p2|Primeape, F|\n|teampreview\n|inactive|Battle timer is ON: inactive players will automatically lose when time's up. (requested by Harumi_0)\n|c|\u2606Harumi_0|Glhf\n|c|\u2606yappax|you too\n|\n|t:|1698371753\n|start\n|switch|p1a: Illumise|Illumise, F, shiny|100\/100\n|switch|p1b: Xurkitree|Xurkitree, shiny|100\/100\n|switch|p2a: Primeape|Primeape, F, shiny|100\/100\n|switch|p2b: Ambipom|Ambipom, M|100\/100\n|turn|1\n|\n|t:|1698371770\n|-terastallize|p1b: Xurkitree|Electric\n|move|p2b: Ambipom|Fake Out|p1b: Xurkitree\n|-damage|p1b: Xurkitree|73\/100\n|move|p1a: Illumise|Tailwind|p1a: Illumise\n|-sidestart|p1: Harumi_0|move: Tailwind\n|cant|p1b: Xurkitree|flinch\n|move|p2a: Primeape|Close Combat|p1b: Xurkitree\n|-damage|p1b: Xurkitree|0 fnt\n|-unboost|p2a: Primeape|def|1\n|-unboost|p2a: Primeape|spd|1\n|faint|p1b: Xurkitree\n|\n|upkeep\n|inactive|Harumi_0 has 120 seconds left.\n|\n|t:|1698371793\n|switch|p1b: Gardevoir|Gardevoir, M|100\/100\n|turn|2\n|\n|t:|1698371809\n|switch|p2a: Oranguru|Oranguru, M|100\/100\n|detailschange|p1b: Gardevoir|Gardevoir-Mega, M\n|-mega|p1b: Gardevoir|Gardevoir|Gardevoirite\n|move|p1b: Gardevoir|Dazzling Gleam|p2b: Ambipom|[spread] p2a,p2b\n|-damage|p2a: Oranguru|71\/100\n|-damage|p2b: Ambipom|38\/100\n|move|p1a: Illumise|Bug Buzz|p2b: Ambipom\n|-damage|p2b: Ambipom|0 fnt\n|faint|p2b: Ambipom\n|\n|-heal|p2a: Oranguru|77\/100|[from] item: Leftovers\n|upkeep\n|\n|t:|1698371821\n|switch|p2b: Rillaboom|Rillaboom, M|100\/100\n|-fieldstart|move: Grassy Terrain|[from] ability: Grassy Surge|[of] p2b: Rillaboom\n|turn|3\n|\n|t:|1698371845\n|move|p2b: Rillaboom|Fake Out|p1a: Illumise\n|-damage|p1a: Illumise|81\/100\n|move|p1b: Gardevoir|Dazzling Gleam|p2b: Rillaboom|[spread] p2a,p2b\n|-damage|p2a: Oranguru|51\/100\n|-damage|p2b: Rillaboom|54\/100\n|cant|p1a: Illumise|flinch\n|move|p2a: Oranguru|Trick Room|p2a: Oranguru\n|-fieldstart|move: Trick Room|[of] p2a: Oranguru\n|\n|-heal|p2a: Oranguru|57\/100|[from] Grassy Terrain\n|-heal|p2a: Oranguru|64\/100|[from] item: Leftovers\n|-heal|p2b: Rillaboom|60\/100|[from] Grassy Terrain\n|-heal|p1a: Illumise|87\/100|[from] Grassy Terrain\n|upkeep\n|turn|4\n|\n|t:|1698371866\n|move|p2a: Oranguru|Taunt|p1a: Illumise\n|-start|p1a: Illumise|move: Taunt\n|move|p2b: Rillaboom|U-turn|p1b: Gardevoir\n|-damage|p1b: Gardevoir|57\/100\n|\n|t:|1698371872\n|switch|p2b: Munkidori|Munkidori, M|100\/100|[from] U-turn\n|move|p1a: Illumise|Bug Buzz|p2b: Munkidori\n|-crit|p2b: Munkidori\n|-damage|p2b: Munkidori|59\/100\n|move|p1b: Gardevoir|Dazzling Gleam|p2b: Munkidori|[spread] p2a,p2b\n|-resisted|p2b: Munkidori\n|-damage|p2a: Oranguru|37\/100\n|-damage|p2b: Munkidori|37\/100\n|\n|-heal|p2a: Oranguru|43\/100|[from] Grassy Terrain\n|-heal|p2a: Oranguru|49\/100|[from] item: Leftovers\n|-heal|p2b: Munkidori|43\/100|[from] Grassy Terrain\n|-heal|p1a: Illumise|93\/100|[from] Grassy Terrain\n|-heal|p1b: Gardevoir|63\/100|[from] Grassy Terrain\n|-sideend|p1: Harumi_0|move: Tailwind\n|upkeep\n|turn|5\n|\n|t:|1698371897\n|switch|p2a: Infernape|Infernape, M, shiny|100\/100\n|switch|p1b: Venusaur|Venusaur, F|100\/100\n|move|p1a: Illumise|Bug Buzz|p2a: Infernape\n|-resisted|p2a: Infernape\n|-damage|p2a: Infernape|92\/100\n|move|p2b: Munkidori|Shadow Ball|p1b: Venusaur\n|-damage|p1b: Venusaur|54\/100\n|-unboost|p1b: Venusaur|spd|1\n|\n|-heal|p1a: Illumise|99\/100|[from] Grassy Terrain\n|-heal|p1b: Venusaur|60\/100|[from] Grassy Terrain\n|-heal|p2b: Munkidori|49\/100|[from] Grassy Terrain\n|-heal|p2a: Infernape|98\/100|[from] Grassy Terrain\n|upkeep\n|turn|6\n|\n|t:|1698371916\n|move|p1a: Illumise|Bug Buzz|p2b: Munkidori\n|-damage|p2b: Munkidori|20\/100\n|move|p1b: Venusaur|Frenzy Plant|p2a: Infernape\n|-resisted|p2a: Infernape\n|-crit|p2a: Infernape\n|-damage|p2a: Infernape|4\/100\n|-mustrecharge|p1b: Venusaur\n|move|p2b: Munkidori|Shadow Ball|p1b: Venusaur\n|-damage|p1b: Venusaur|0 fnt\n|faint|p1b: Venusaur\n|move|p2a: Infernape|Fire Punch|p1a: Illumise\n|-supereffective|p1a: Illumise\n|-damage|p1a: Illumise|0 fnt\n|faint|p1a: Illumise\n|\n|-heal|p2b: Munkidori|26\/100|[from] Grassy Terrain\n|-heal|p2a: Infernape|10\/100|[from] Grassy Terrain\n|upkeep\n|\n|t:|1698371928\n|switch|p1a: Gallade|Gallade, M, shiny|100\/100\n|switch|p1b: Sceptile|Sceptile, M, shiny|100\/100\n|turn|7\n|c|\u2606Harumi_0|Thats a lot of damage\n|c|\u2606yappax|return to monkey\n|\n|t:|1698371951\n|move|p1b: Sceptile|Protect|p1b: Sceptile\n|-singleturn|p1b: Sceptile|Protect\n|move|p1a: Gallade|Knock Off|p2b: Munkidori\n|-supereffective|p2b: Munkidori\n|-damage|p2b: Munkidori|0 fnt\n|-enditem|p2b: Munkidori|Choice Specs|[from] move: Knock Off|[of] p1a: Gallade\n|faint|p2b: Munkidori\n|move|p2a: Infernape|Fire Punch|p1b: Sceptile\n|-activate|p1b: Sceptile|move: Protect\n|\n|-heal|p2a: Infernape|16\/100|[from] Grassy Terrain\n|-fieldend|move: Trick Room\n|upkeep\n|\n|t:|1698371964\n|switch|p2b: Primeape|Primeape, F, shiny|100\/100\n|turn|8\n|\n|t:|1698371985\n|-terastallize|p2b: Primeape|Steel\n|move|p1b: Sceptile|Hidden Power|p2a: Infernape\n|-damage|p2a: Infernape|0 fnt\n|faint|p2a: Infernape\n|move|p2b: Primeape|Rage Fist|p1a: Gallade\n|-supereffective|p1a: Gallade\n|-damage|p1a: Gallade|51\/100\n|move|p1a: Gallade|Psycho Cut|p2b: Primeape\n|-resisted|p2b: Primeape\n|-damage|p2b: Primeape|66\/100\n|\n|-heal|p2b: Primeape|72\/100|[from] Grassy Terrain\n|-heal|p1a: Gallade|57\/100|[from] Grassy Terrain\n|upkeep\n|\n|t:|1698372000\n|switch|p2a: Oranguru|Oranguru, M|49\/100\n|turn|9\n|\n|t:|1698372013\n|move|p2a: Oranguru|Ally Switch|p2a: Oranguru\n|swap|p2a: Oranguru|1|[from] move: Ally Switch\n|move|p1b: Sceptile|Giga Drain|p2a: Primeape\n|-resisted|p2a: Primeape\n|-damage|p2a: Primeape|49\/100\n|move|p2a: Primeape|Rage Fist|p1a: Gallade\n|-supereffective|p1a: Gallade\n|-damage|p1a: Gallade|0 fnt\n|faint|p1a: Gallade\n|\n|-heal|p2a: Primeape|55\/100|[from] Grassy Terrain\n|-heal|p2b: Oranguru|55\/100|[from] Grassy Terrain\n|-heal|p2b: Oranguru|62\/100|[from] item: Leftovers\n|upkeep\n|\n|t:|1698372020\n|switch|p1a: Gardevoir|Gardevoir-Mega, M|63\/100\n|turn|10\n|\n|t:|1698372030\n|move|p1b: Sceptile|Hidden Power|p2a: Primeape\n|-damage|p2a: Primeape|34\/100\n|move|p1a: Gardevoir|Dazzling Gleam|p2b: Oranguru|[spread] p2a,p2b\n|-resisted|p2a: Primeape\n|-damage|p2a: Primeape|14\/100\n|-damage|p2b: Oranguru|36\/100\n|move|p2a: Primeape|Rage Fist|p1a: Gardevoir\n|-supereffective|p1a: Gardevoir\n|-damage|p1a: Gardevoir|0 fnt\n|faint|p1a: Gardevoir\n|move|p2b: Oranguru|Instruct|p2a: Primeape\n|-singleturn|p2a: Primeape|move: Instruct|[of] p2b: Oranguru\n|move|p2a: Primeape|Rage Fist|p1b: Sceptile\n|-damage|p1b: Sceptile|0 fnt\n|faint|p1b: Sceptile\n|\n|win|yappax\n|raw|Harumi_0's rating: 1194 &rarr; <strong>1163<\/strong><br \/>(-31 for losing)\n|raw|yappax's rating: 1113 &rarr; <strong>1144<\/strong><br \/>(+31 for winning)\n|c|\u2606yappax|gg\n|c|\u2606Harumi_0|ggwp\n","uploadtime":1698372048,"views":4,"p1id":"harumi0","p2id":"yappax","formatid":"gen9nationaldexdoubles","rating":1144,"private":0,"password":""}