{"id":"gen9nationaldexdoubles-1951759310","p1":"i2ac","p2":"thehan13","format":"[Gen 9] National Dex Doubles","log":"|j|\u2606i2ac\n|j|\u2606thehan13\n|t:|1695616348\n|gametype|doubles\n|player|p1|i2ac|boarder|\n|player|p2|thehan13|hilbert|\n|teamsize|p1|6\n|teamsize|p2|6\n|gen|9\n|tier|[Gen 9] National Dex Doubles\n|rule|HP Percentage Mod: HP is shown in percentages\n|rule|Endless Battle Clause: Forcing endless battles is banned\n|rule|OHKO Clause: OHKO moves are banned\n|rule|Evasion Moves Clause: Evasion moves are banned\n|rule|Evasion Abilities Clause: Evasion abilities are banned\n|rule|Species Clause: Limit one of each Pok\u00e9mon\n|rule|Gravity Sleep Clause: The combination of sleep-inducing moves with imperfect accuracy and Gravity or Gigantamax Orbeetle are banned\n|clearpoke\n|poke|p1|Boltund, M|\n|poke|p1|Sceptile, F|\n|poke|p1|Spidops, F|\n|poke|p1|Garganacl, M|\n|poke|p1|Sunflora, M|\n|poke|p1|Murkrow, F|\n|poke|p2|Arcanine-Hisui, M|\n|poke|p2|Armarouge, M|\n|poke|p2|Scovillain, M|\n|poke|p2|Talonflame, F|\n|poke|p2|Tauros-Paldea-Blaze, M|\n|poke|p2|Charizard, M|\n|teampreview\n|\n|t:|1695616372\n|start\n|switch|p1a: Boltund|Boltund, M|100\/100\n|switch|p1b: Sceptile|Sceptile, F|100\/100\n|switch|p2a: Arcanine|Arcanine-Hisui, M, shiny|100\/100\n|switch|p2b: Talonflame|Talonflame, F, shiny|100\/100\n|turn|1\n|\n|t:|1695616393\n|detailschange|p1b: Sceptile|Sceptile-Mega, F\n|-mega|p1b: Sceptile|Sceptile|Sceptilite\n|move|p2b: Talonflame|Tailwind|p2b: Talonflame\n|-sidestart|p2: thehan13|move: Tailwind\n|move|p2a: Arcanine|Head Smash|p1a: Boltund\n|-damage|p1a: Boltund|0 fnt\n|faint|p1a: Boltund\n|move|p1b: Sceptile|Focus Blast|p2a: Arcanine|[miss]\n|-miss|p1b: Sceptile|p2a: Arcanine\n|\n|upkeep\n|\n|t:|1695616404\n|switch|p1a: Murkrow|Murkrow, F|100\/100\n|turn|2\n|\n|t:|1695616414\n|move|p1a: Murkrow|Tailwind|p1a: Murkrow\n|-sidestart|p1: i2ac|move: Tailwind\n|move|p1b: Sceptile|Focus Blast|p2a: Arcanine|[miss]\n|-miss|p1b: Sceptile|p2a: Arcanine\n|move|p2b: Talonflame|Flare Blitz|p1b: Sceptile\n|-damage|p1b: Sceptile|48\/100\n|-damage|p2b: Talonflame|87\/100|[from] Recoil\n|move|p2a: Arcanine|Head Smash|p1a: Murkrow\n|-supereffective|p1a: Murkrow\n|-damage|p1a: Murkrow|0 fnt\n|faint|p1a: Murkrow\n|\n|-heal|p2b: Talonflame|93\/100|[from] item: Leftovers\n|upkeep\n|\n|t:|1695616430\n|switch|p1a: Sunflora|Sunflora, M|100\/100\n|turn|3\n|\n|t:|1695616462\n|switch|p2a: Armarouge|Armarouge, M|100\/100\n|move|p1b: Sceptile|Giga Drain|p2a: Armarouge\n|-resisted|p2a: Armarouge\n|-damage|p2a: Armarouge|73\/100\n|-heal|p1b: Sceptile|67\/100|[from] drain|[of] p2a: Armarouge\n|move|p2b: Talonflame|Flare Blitz|p1b: Sceptile\n|-damage|p1b: Sceptile|17\/100\n|-damage|p2b: Talonflame|80\/100|[from] Recoil\n|move|p1a: Sunflora|Earth Power|p2a: Armarouge\n|-supereffective|p2a: Armarouge\n|-damage|p2a: Armarouge|0 fnt\n|faint|p2a: Armarouge\n|\n|-heal|p2b: Talonflame|86\/100|[from] item: Leftovers\n|upkeep\n|\n|t:|1695616480\n|switch|p2a: Charizard|Charizard, M, shiny|100\/100\n|turn|4\n|\n|t:|1695616500\n|switch|p1a: Garganacl|Garganacl, M|100\/100\n|move|p1b: Sceptile|Detect|p1b: Sceptile\n|-singleturn|p1b: Sceptile|Protect\n|move|p2b: Talonflame|Flare Blitz|p1a: Garganacl\n|-resisted|p1a: Garganacl\n|-damage|p1a: Garganacl|90\/100\n|-damage|p2b: Talonflame|83\/100|[from] Recoil\n|move|p2a: Charizard|Dragon Dance|p2a: Charizard\n|-boost|p2a: Charizard|atk|1\n|-boost|p2a: Charizard|spe|1\n|\n|-heal|p2b: Talonflame|89\/100|[from] item: Leftovers\n|-sideend|p2: thehan13|move: Tailwind\n|upkeep\n|turn|5\n|\n|t:|1695616519\n|detailschange|p2a: Charizard|Charizard-Mega-X, M, shiny\n|-mega|p2a: Charizard|Charizard|Charizardite X\n|move|p1b: Sceptile|Dragon Pulse|p2a: Charizard\n|-supereffective|p2a: Charizard\n|-damage|p2a: Charizard|0 fnt\n|faint|p2a: Charizard\n|move|p2b: Talonflame|Tailwind|p2b: Talonflame\n|-sidestart|p2: thehan13|move: Tailwind\n|move|p1a: Garganacl|Salt Cure|p2b: Talonflame\n|-supereffective|p2b: Talonflame\n|-damage|p2b: Talonflame|15\/100\n|-start|p2b: Talonflame|Salt Cure\n|\n|-heal|p2b: Talonflame|21\/100|[from] item: Leftovers\n|-damage|p2b: Talonflame|8\/100|[from] Salt Cure\n|-sideend|p1: i2ac|move: Tailwind\n|upkeep\n|\n|t:|1695616536\n|switch|p2a: Scovillain|Scovillain, M|100\/100\n|turn|6\n|\n|t:|1695616572\n|move|p1b: Sceptile|Detect|p1b: Sceptile\n|-singleturn|p1b: Sceptile|Protect\n|move|p2b: Talonflame|Roost|p2b: Talonflame\n|-heal|p2b: Talonflame|58\/100\n|-singleturn|p2b: Talonflame|move: Roost\n|move|p2a: Scovillain|Flamethrower|p1b: Sceptile\n|-activate|p1b: Sceptile|move: Protect\n|move|p1a: Garganacl|Salt Cure|p2a: Scovillain\n|-supereffective|p2a: Scovillain\n|-damage|p2a: Scovillain|51\/100\n|-start|p2a: Scovillain|Salt Cure\n|\n|-heal|p2b: Talonflame|64\/100|[from] item: Leftovers\n|-heal|p2a: Scovillain|57\/100|[from] item: Leftovers\n|-damage|p2b: Talonflame|52\/100|[from] Salt Cure\n|-damage|p2a: Scovillain|45\/100|[from] Salt Cure\n|-ability|p2a: Scovillain|Moody|boost\n|-boost|p2a: Scovillain|def|2\n|-unboost|p2a: Scovillain|spa|1\n|upkeep\n|turn|7\n|\n|t:|1695616610\n|switch|p1b: Spidops|Spidops, F|100\/100\n|move|p2b: Talonflame|Flare Blitz|p1b: Spidops\n|-supereffective|p1b: Spidops\n|-damage|p1b: Spidops|24\/100\n|-damage|p2b: Talonflame|34\/100|[from] Recoil\n|move|p2a: Scovillain|Leech Seed|p1a: Garganacl\n|-start|p1a: Garganacl|move: Leech Seed\n|move|p1a: Garganacl|Salt Cure|p2b: Talonflame\n|-supereffective|p2b: Talonflame\n|-damage|p2b: Talonflame|0 fnt\n|faint|p2b: Talonflame\n|\n|-heal|p2a: Scovillain|51\/100|[from] item: Leftovers\n|-heal|p1b: Spidops|30\/100|[from] item: Leftovers\n|-damage|p1a: Garganacl|78\/100|[from] Leech Seed|[of] p2a: Scovillain\n|-heal|p2a: Scovillain|64\/100|[silent]\n|-damage|p2a: Scovillain|51\/100|[from] Salt Cure\n|-ability|p2a: Scovillain|Moody|boost\n|-boost|p2a: Scovillain|spe|2\n|-unboost|p2a: Scovillain|atk|1\n|upkeep\n|\n|t:|1695616626\n|switch|p2b: Tauros|Tauros-Paldea-Blaze, M|100\/100\n|turn|8\n|\n|t:|1695616650\n|-terastallize|p2b: Tauros|Fighting\n|move|p1b: Spidops|First Impression|p2a: Scovillain\n|-damage|p2a: Scovillain|30\/100\n|move|p2a: Scovillain|Leech Seed|p1b: Spidops\n|-start|p1b: Spidops|move: Leech Seed\n|move|p2b: Tauros|Flame Charge|p1b: Spidops\n|-supereffective|p1b: Spidops\n|-damage|p1b: Spidops|0 fnt\n|-boost|p2b: Tauros|spe|1\n|faint|p1b: Spidops\n|move|p1a: Garganacl|Body Press|p2a: Scovillain\n|-damage|p2a: Scovillain|8\/100\n|\n|-heal|p2a: Scovillain|14\/100|[from] item: Leftovers\n|-damage|p1a: Garganacl|65\/100|[from] Leech Seed|[of] p2a: Scovillain\n|-heal|p2a: Scovillain|27\/100|[silent]\n|-damage|p2a: Scovillain|15\/100|[from] Salt Cure\n|-sideend|p2: thehan13|move: Tailwind\n|-ability|p2a: Scovillain|Moody|boost\n|-boost|p2a: Scovillain|atk|2\n|-unboost|p2a: Scovillain|def|1\n|upkeep\n|\n|t:|1695616685\n|switch|p1b: Sceptile|Sceptile-Mega, F|17\/100\n|turn|9\n|\n|t:|1695616708\n|move|p1b: Sceptile|Detect|p1b: Sceptile\n|-singleturn|p1b: Sceptile|Protect\n|move|p2b: Tauros|Outrage|p1a: Garganacl\n|-damage|p1a: Garganacl|40\/100\n|move|p2a: Scovillain|Stomping Tantrum|p1a: Garganacl\n|-supereffective|p1a: Garganacl\n|-damage|p1a: Garganacl|1\/100\n|move|p1a: Garganacl|Earthquake|p2b: Tauros|[spread] p2a,p2b\n|-activate|p1b: Sceptile|move: Protect\n|-damage|p2a: Scovillain|0 fnt\n|-damage|p2b: Tauros|79\/100\n|faint|p2a: Scovillain\n|\n|upkeep\n|\n|t:|1695616719\n|switch|p2a: Arcanine|Arcanine-Hisui, M, shiny|100\/100\n|turn|10\n|\n|t:|1695616754\n|move|p2b: Tauros|Outrage|p1b: Sceptile|[from]lockedmove\n|-supereffective|p1b: Sceptile\n|-damage|p1b: Sceptile|0 fnt\n|faint|p1b: Sceptile\n|-start|p2b: Tauros|confusion|[fatigue]\n|move|p2a: Arcanine|Head Smash|p1a: Garganacl\n|-damage|p1a: Garganacl|0 fnt\n|faint|p1a: Garganacl\n|\n|upkeep\n|\n|t:|1695616767\n|switch|p1b: Sunflora|Sunflora, M|100\/100\n|turn|11\n|\n|t:|1695616781\n|-activate|p2b: Tauros|confusion\n|-damage|p2b: Tauros|64\/100|[from] confusion\n|move|p2a: Arcanine|Head Smash|p1b: Sunflora|[miss]\n|-miss|p2a: Arcanine|p1b: Sunflora\n|move|p1b: Sunflora|Earth Power|p2a: Arcanine\n|-supereffective|p2a: Arcanine\n|-damage|p2a: Arcanine|0 fnt\n|faint|p2a: Arcanine\n|\n|upkeep\n|turn|12\n|\n|t:|1695616795\n|-terastallize|p1b: Sunflora|Fire\n|-activate|p2b: Tauros|confusion\n|-damage|p2b: Tauros|48\/100|[from] confusion\n|move|p1b: Sunflora|Earth Power|p2b: Tauros\n|-damage|p2b: Tauros|0 fnt\n|faint|p2b: Tauros\n|\n|win|i2ac\n|l|\u2606thehan13\n|c|\u2606i2ac|SUNFLORA ON TOP\n","uploadtime":1695616809,"views":8,"p1id":"i2ac","p2id":"thehan13","formatid":"gen9nationaldexdoubles","rating":0,"private":0,"password":""}