{"id":"gen9nationaldexdoubles-1963120545","p1":"Denvah_17","p2":"Umbrella Sunglass","format":"[Gen 9] National Dex Doubles","log":"|j|\u2606Denvah_17\n|j|\u2606Umbrella Sunglass\n|t:|1696829118\n|gametype|doubles\n|player|p1|Denvah_17|alder|1000\n|player|p2|Umbrella Sunglass|101|1050\n|teamsize|p1|6\n|teamsize|p2|6\n|gen|9\n|tier|[Gen 9] National Dex Doubles\n|rated|\n|rule|HP Percentage Mod: HP is shown in percentages\n|rule|Endless Battle Clause: Forcing endless battles is banned\n|rule|OHKO Clause: OHKO moves are banned\n|rule|Evasion Moves Clause: Evasion moves are banned\n|rule|Evasion Abilities Clause: Evasion abilities are banned\n|rule|Species Clause: Limit one of each Pok\u00e9mon\n|rule|Gravity Sleep Clause: The combination of sleep-inducing moves with imperfect accuracy and Gravity or Gigantamax Orbeetle are banned\n|clearpoke\n|poke|p1|Sinistcha-Masterpiece|\n|poke|p1|Enamorus, F|\n|poke|p1|Okidogi, M|\n|poke|p1|Volcanion|\n|poke|p1|Scizor, M|\n|poke|p1|Ursaluna-Bloodmoon, M|\n|poke|p2|Tornadus, M|\n|poke|p2|Castform, F|\n|poke|p2|Espeon, M|\n|poke|p2|Charizard, M|\n|poke|p2|Raikou|\n|poke|p2|Greninja-*, M|\n|teampreview\n|inactive|Battle timer is ON: inactive players will automatically lose when time's up. (requested by Denvah_17)\n|\n|t:|1696829140\n|start\n|switch|p1a: Grass Latte|Sinistcha-Masterpiece|100\/100\n|switch|p1b: Sonria|Enamorus, F|100\/100\n|switch|p2a: Weather Forecast|Tornadus, M|100\/100\n|switch|p2b: Espeon|Espeon, M|100\/100\n|turn|1\n|inactive|Denvah_17 has 120 seconds left.\n|\n|t:|1696829179\n|-terastallize|p1b: Sonria|Rock\n|move|p2a: Weather Forecast|Sunny Day|p2a: Weather Forecast\n|-weather|SunnyDay\n|move|p2b: Espeon|Weather Ball|p1a: Grass Latte\n|-supereffective|p1a: Grass Latte\n|-damage|p1a: Grass Latte|0 fnt\n|faint|p1a: Grass Latte\n|move|p1b: Sonria|Superpower|p2a: Weather Forecast\n|-resisted|p2a: Weather Forecast\n|-damage|p2a: Weather Forecast|75\/100\n|-boost|p1b: Sonria|atk|1\n|-boost|p1b: Sonria|def|1\n|\n|-weather|SunnyDay|[upkeep]\n|-heal|p2a: Weather Forecast|81\/100|[from] item: Leftovers\n|upkeep\n|\n|t:|1696829192\n|switch|p1a: Saxophone|Volcanion|100\/100\n|turn|2\n|\n|t:|1696829204\n|move|p2a: Weather Forecast|Rain Dance|p2a: Weather Forecast\n|-weather|RainDance\n|move|p2b: Espeon|Weather Ball|p1b: Sonria\n|-supereffective|p1b: Sonria\n|-damage|p1b: Sonria|0 fnt\n|faint|p1b: Sonria\n|move|p1a: Saxophone|Heat Wave|p2a: Weather Forecast|[spread] p2a,p2b\n|-damage|p2a: Weather Forecast|65\/100\n|-damage|p2b: Espeon|74\/100\n|\n|-weather|RainDance|[upkeep]\n|-heal|p2a: Weather Forecast|71\/100|[from] item: Leftovers\n|upkeep\n|inactive|Denvah_17 has 120 seconds left.\n|\n|t:|1696829215\n|switch|p1b: Sudafed|Scizor, M|100\/100\n|turn|3\n|\n|t:|1696829225\n|detailschange|p1b: Sudafed|Scizor-Mega, M\n|-mega|p1b: Sudafed|Scizor|Scizorite\n|move|p2a: Weather Forecast|Sandstorm|p2a: Weather Forecast\n|-weather|Sandstorm\n|move|p2b: Espeon|Weather Ball|p1a: Saxophone\n|-supereffective|p1a: Saxophone\n|-damage|p1a: Saxophone|0 fnt\n|faint|p1a: Saxophone\n|move|p1b: Sudafed|Swords Dance|p1b: Sudafed\n|-boost|p1b: Sudafed|atk|2\n|\n|-weather|Sandstorm|[upkeep]\n|-damage|p2b: Espeon|68\/100|[from] Sandstorm\n|-damage|p2a: Weather Forecast|65\/100|[from] Sandstorm\n|-heal|p2a: Weather Forecast|71\/100|[from] item: Leftovers\n|upkeep\n|\n|t:|1696829233\n|switch|p1a: Xi Jinping|Ursaluna-Bloodmoon, M|100\/100\n|turn|4\n|\n|t:|1696829247\n|move|p2a: Weather Forecast|Sunny Day|p2a: Weather Forecast\n|-weather|SunnyDay\n|move|p1b: Sudafed|Bullet Punch|p2b: Espeon\n|-damage|p2b: Espeon|0 fnt\n|faint|p2b: Espeon\n|move|p1a: Xi Jinping|Calm Mind|p1a: Xi Jinping\n|-boost|p1a: Xi Jinping|spa|1\n|-boost|p1a: Xi Jinping|spd|1\n|\n|-weather|SunnyDay|[upkeep]\n|-heal|p2a: Weather Forecast|77\/100|[from] item: Leftovers\n|upkeep\n|\n|t:|1696829258\n|switch|p2b: Raikou|Raikou|100\/100\n|-ability|p2b: Raikou|Pressure\n|turn|5\n|\n|t:|1696829271\n|move|p2a: Weather Forecast|Sunny Day||[still]\n|-fail|p2a: Weather Forecast\n|move|p1b: Sudafed|Bullet Punch|p2a: Weather Forecast\n|-damage|p2a: Weather Forecast|0 fnt\n|faint|p2a: Weather Forecast\n|move|p2b: Raikou|Weather Ball|p1b: Sudafed\n|-supereffective|p1b: Sudafed\n|-damage|p1b: Sudafed|0 fnt\n|faint|p1b: Sudafed\n|-damage|p2b: Raikou|91\/100|[from] item: Life Orb\n|move|p1a: Xi Jinping|Earth Power|p2b: Raikou\n|-supereffective|p2b: Raikou\n|-damage|p2b: Raikou|0 fnt\n|faint|p2b: Raikou\n|\n|-weather|SunnyDay|[upkeep]\n|upkeep\n|\n|t:|1696829286\n|switch|p2b: Greninja|Greninja, M|100\/100\n|switch|p2a: Charizard|Charizard, M|100\/100\n|switch|p1b: Dogecoin|Okidogi, M|100\/100\n|turn|6\n|\n|t:|1696829304\n|detailschange|p2a: Charizard|Charizard-Mega-Y, M\n|-mega|p2a: Charizard|Charizard|Charizardite Y\n|move|p2b: Greninja|Grass Knot|p1a: Xi Jinping\n|-start|p2b: Greninja|typechange|Grass|[from] ability: Protean\n|-supereffective|p1a: Xi Jinping\n|-damage|p1a: Xi Jinping|0 fnt\n|faint|p1a: Xi Jinping\n|move|p2a: Charizard|Solar Beam||[still]\n|-prepare|p2a: Charizard|Solar Beam\n|-anim|p2a: Charizard|Solar Beam|p1b: Dogecoin\n|-resisted|p1b: Dogecoin\n|-damage|p1b: Dogecoin|84\/100\n|move|p1b: Dogecoin|Drain Punch|p2b: Greninja\n|-damage|p2b: Greninja|31\/100\n|-heal|p1b: Dogecoin|100\/100|[from] drain|[of] p2b: Greninja\n|\n|-weather|SunnyDay|[upkeep]\n|upkeep\n|turn|7\n|\n|t:|1696829313\n|switch|p2b: Castform|Castform, F|100\/100\n|-formechange|p2b: Castform|Castform-Sunny|[msg]|[from] ability: Forecast\n|move|p2a: Charizard|Weather Ball|p1b: Dogecoin\n|-damage|p1b: Dogecoin|38\/100\n|move|p1b: Dogecoin|Ice Punch|p2b: Castform\n|-resisted|p2b: Castform\n|-damage|p2b: Castform|79\/100\n|\n|-weather|SunnyDay|[upkeep]\n|upkeep\n|turn|8\n|\n|t:|1696829321\n|move|p2a: Charizard|Weather Ball|p1b: Dogecoin\n|-damage|p1b: Dogecoin|0 fnt\n|faint|p1b: Dogecoin\n|\n|win|Umbrella Sunglass\n|raw|Denvah_17's rating: 1000 &rarr; <strong>1000<\/strong><br \/>(+0 for losing)\n|raw|Umbrella Sunglass's rating: 1050 &rarr; <strong>1078<\/strong><br \/>(+28 for winning)\n","uploadtime":1696829326,"views":26,"p1id":"denvah17","p2id":"umbrellasunglass","formatid":"gen9nationaldexdoubles","rating":1000,"private":0,"password":""}