{"id":"gen9nationaldexdoubles-1962614149","p1":"fumbari 24","p2":"music and apple","format":"[Gen 9] National Dex Doubles","log":"|j|\u2606fumbari 24\n|j|\u2606music and apple\n|t:|1696774779\n|gametype|doubles\n|player|p1|fumbari 24|266|1357\n|player|p2|music and apple|iris-gen5bw2|1359\n|teamsize|p1|6\n|teamsize|p2|6\n|gen|9\n|tier|[Gen 9] National Dex Doubles\n|rated|\n|rule|HP Percentage Mod: HP is shown in percentages\n|rule|Endless Battle Clause: Forcing endless battles is banned\n|rule|OHKO Clause: OHKO moves are banned\n|rule|Evasion Moves Clause: Evasion moves are banned\n|rule|Evasion Abilities Clause: Evasion abilities are banned\n|rule|Species Clause: Limit one of each Pok\u00e9mon\n|rule|Gravity Sleep Clause: The combination of sleep-inducing moves with imperfect accuracy and Gravity or Gigantamax Orbeetle are banned\n|clearpoke\n|poke|p1|Kommo-o, M|\n|poke|p1|Clefairy, F|\n|poke|p1|Volcanion|\n|poke|p1|Sinistcha|\n|poke|p1|Gardevoir, F|\n|poke|p1|Gallade, M|\n|poke|p2|Oranguru, M|\n|poke|p2|Cresselia, F|\n|poke|p2|Torkoal, M|\n|poke|p2|Heatran, M|\n|poke|p2|Iron Hands|\n|poke|p2|Brute Bonnet|\n|teampreview\n|inactive|Battle timer is ON: inactive players will automatically lose when time's up. (requested by music and apple)\n|\n|t:|1696774793\n|start\n|switch|p1a: Yohken|Kommo-o, M|100\/100\n|switch|p1b: Longyuan|Gallade, M|100\/100\n|switch|p2a: Oranguru|Oranguru, M|100\/100\n|switch|p2b: Heatran|Heatran, M|100\/100\n|turn|1\n|\n|t:|1696774810\n|-terastallize|p2b: Heatran|Grass\n|-zpower|p1a: Yohken\n|move|p1a: Yohken|Clangorous Soulblaze|p2b: Heatran|[zeffect]|[spread] p2a,p2b\n|-damage|p2a: Oranguru|54\/100\n|-damage|p2b: Heatran|41\/100\n|-boost|p1a: Yohken|atk|1\n|-boost|p1a: Yohken|def|1\n|-boost|p1a: Yohken|spa|1\n|-boost|p1a: Yohken|spd|1\n|-boost|p1a: Yohken|spe|1\n|move|p2b: Heatran|Eruption|p1b: Longyuan|[spread] p1a,p1b\n|-resisted|p1a: Yohken\n|-damage|p1a: Yohken|92\/100\n|-damage|p1b: Longyuan|75\/100\n|move|p1b: Longyuan|Trick Room|p1b: Longyuan\n|-fieldstart|move: Trick Room|[of] p1b: Longyuan\n|move|p2a: Oranguru|Trick Room|p2a: Oranguru\n|-fieldend|move: Trick Room\n|\n|-heal|p2b: Heatran|47\/100|[from] item: Leftovers\n|upkeep\n|turn|2\n|\n|t:|1696774832\n|move|p1a: Yohken|Clanging Scales|p2b: Heatran|[spread] p2a,p2b\n|-damage|p2a: Oranguru|17\/100\n|-damage|p2b: Heatran|0 fnt\n|faint|p2b: Heatran\n|-unboost|p1a: Yohken|def|1\n|move|p1b: Longyuan|Sacred Sword|p2a: Oranguru\n|-damage|p2a: Oranguru|0 fnt\n|faint|p2a: Oranguru\n|\n|upkeep\n|\n|t:|1696774839\n|switch|p2b: Iron Hands|Iron Hands|100\/100\n|switch|p2a: Cresselia|Cresselia, F|100\/100\n|-enditem|p2b: Iron Hands|Booster Energy\n|-activate|p2b: Iron Hands|ability: Quark Drive|[fromitem]\n|-start|p2b: Iron Hands|quarkdriveatk\n|turn|3\n|\n|t:|1696774851\n|move|p1b: Longyuan|Quick Guard|p1b: Longyuan\n|-singleturn|p1b: Longyuan|Quick Guard\n|move|p1a: Yohken|Taunt|p2a: Cresselia\n|-start|p2a: Cresselia|move: Taunt\n|move|p2b: Iron Hands|Wild Charge|p1b: Longyuan\n|-damage|p1b: Longyuan|0 fnt\n|faint|p1b: Longyuan\n|-damage|p2b: Iron Hands|87\/100|[from] Recoil\n|cant|p2a: Cresselia|move: Taunt|Trick Room\n|\n|upkeep\n|\n|t:|1696774865\n|switch|p1b: Mo Ye|Gardevoir, F|100\/100\n|-ability|p1b: Mo Ye|Levitate|[from] ability: Trace|[of] p2a: Cresselia\n|turn|4\n|\n|t:|1696774877\n|switch|p2a: Brute Bonnet|Brute Bonnet|100\/100\n|detailschange|p1b: Mo Ye|Gardevoir-Mega, F\n|-mega|p1b: Mo Ye|Gardevoir|Gardevoirite\n|move|p1a: Yohken|Clanging Scales|p2b: Iron Hands|[spread] p2a,p2b\n|-damage|p2a: Brute Bonnet|56\/100\n|-damage|p2b: Iron Hands|41\/100\n|-unboost|p1a: Yohken|def|1\n|move|p1b: Mo Ye|Hyper Voice|p2a: Brute Bonnet|[spread] p2a,p2b\n|-supereffective|p2a: Brute Bonnet\n|-supereffective|p2b: Iron Hands\n|-damage|p2a: Brute Bonnet|0 fnt\n|-damage|p2b: Iron Hands|0 fnt\n|faint|p2a: Brute Bonnet\n|-end|p2a: Brute Bonnet|Protosynthesis|[silent]\n|faint|p2b: Iron Hands\n|-end|p2b: Iron Hands|Quark Drive|[silent]\n|\n|upkeep\n|\n|t:|1696774881\n|switch|p2a: Cresselia|Cresselia, F|100\/100\n|switch|p2b: Torkoal|Torkoal, M|100\/100\n|-weather|SunnyDay|[from] ability: Drought|[of] p2b: Torkoal\n|turn|5\n|\n|t:|1696774897\n|move|p1a: Yohken|Taunt|p2a: Cresselia\n|-start|p2a: Cresselia|move: Taunt\n|move|p1b: Mo Ye|Psyshock|p2b: Torkoal\n|-crit|p2b: Torkoal\n|-damage|p2b: Torkoal|40\/100\n|move|p2b: Torkoal|Heat Wave|p1b: Mo Ye|[spread] p1a,p1b\n|-resisted|p1a: Yohken\n|-damage|p1a: Yohken|75\/100\n|-damage|p1b: Mo Ye|56\/100\n|cant|p2a: Cresselia|move: Taunt|Trick Room\n|\n|-weather|SunnyDay|[upkeep]\n|upkeep\n|turn|6\n|-message|music and apple forfeited.\n|\n|win|fumbari 24\n|raw|fumbari 24's rating: 1357 &rarr; <strong>1377<\/strong><br \/>(+20 for winning)\n|raw|music and apple's rating: 1359 &rarr; <strong>1339<\/strong><br \/>(-20 for losing)\n|l|\u2606music and apple\n","uploadtime":1696774918,"views":8,"p1id":"fumbari24","p2id":"musicandapple","formatid":"gen9nationaldexdoubles","rating":1339,"private":0,"password":""}