{"id":"gen9nationaldexdoubles-1963988588","p1":"Begula on SD","p2":"XX_1nfinity_XX","format":"[Gen 9] National Dex Doubles","log":"|j|\u2606Begula on SD\n|j|\u2606XX_1nfinity_XX\n|t:|1696926694\n|gametype|doubles\n|player|p1|Begula on SD|barry|\n|player|p2|XX_1nfinity_XX|lucas-gen4pt|\n|teamsize|p1|6\n|teamsize|p2|6\n|gen|9\n|tier|[Gen 9] National Dex Doubles\n|rule|HP Percentage Mod: HP is shown in percentages\n|rule|Endless Battle Clause: Forcing endless battles is banned\n|rule|OHKO Clause: OHKO moves are banned\n|rule|Evasion Moves Clause: Evasion moves are banned\n|rule|Evasion Abilities Clause: Evasion abilities are banned\n|rule|Species Clause: Limit one of each Pok\u00e9mon\n|rule|Gravity Sleep Clause: The combination of sleep-inducing moves with imperfect accuracy and Gravity or Gigantamax Orbeetle are banned\n|clearpoke\n|poke|p1|Alakazam, F|\n|poke|p1|Indeedee, M|\n|poke|p1|Munkidori, M|\n|poke|p1|Hoopa-Unbound|\n|poke|p1|Metagross|\n|poke|p1|Iron Hands|\n|poke|p2|Medicham, F|\n|poke|p2|Chansey, F|\n|poke|p2|Rotom-Wash|\n|poke|p2|Blaziken, M|\n|poke|p2|Whimsicott, F|\n|poke|p2|Chien-Pao|\n|teampreview\n|inactive|Battle timer is ON: inactive players will automatically lose when time's up. (requested by XX_1nfinity_XX)\n|inactive|Begula on SD also wants the timer to be on.\n|c|\u2606Begula on SD|Glhf\n|inactive|Begula on SD has 270 seconds left.\n|inactive|XX_1nfinity_XX has 270 seconds left.\n|c|\u2606XX_1nfinity_XX|u2\n|\n|t:|1696926742\n|start\n|switch|p1a: Iron Hands|Iron Hands|100\/100\n|switch|p1b: Metagross|Metagross|100\/100\n|switch|p2a: Blaziken|Blaziken, M|100\/100\n|switch|p2b: Rotom|Rotom-Wash|100\/100\n|turn|1\n|inactive|Begula on SD has 270 seconds left.\n|inactive|XX_1nfinity_XX has 270 seconds left.\n|\n|t:|1696926799\n|move|p2a: Blaziken|Protect|p2a: Blaziken\n|-singleturn|p2a: Blaziken|Protect\n|move|p2b: Rotom|Will-O-Wisp|p1a: Iron Hands\n|-status|p1a: Iron Hands|brn\n|move|p1b: Metagross|Power-Up Punch|p2a: Blaziken\n|-activate|p2a: Blaziken|move: Protect\n|move|p1a: Iron Hands|Close Combat|p2b: Rotom\n|-damage|p2b: Rotom|32\/100\n|-unboost|p1a: Iron Hands|def|1\n|-unboost|p1a: Iron Hands|spd|1\n|-damage|p1a: Iron Hands|91\/100 brn|[from] item: Life Orb\n|\n|-damage|p1a: Iron Hands|84\/100 brn|[from] brn\n|-ability|p2a: Blaziken|Speed Boost|boost\n|-boost|p2a: Blaziken|spe|1\n|upkeep\n|turn|2\n|\n|t:|1696926812\n|move|p2b: Rotom|Will-O-Wisp|p1b: Metagross\n|-status|p1b: Metagross|brn\n|move|p2a: Blaziken|Swords Dance|p2a: Blaziken\n|-boost|p2a: Blaziken|atk|2\n|move|p1b: Metagross|Power-Up Punch|p2a: Blaziken\n|-damage|p2a: Blaziken|90\/100\n|-boost|p1b: Metagross|atk|1\n|move|p1a: Iron Hands|Close Combat|p2b: Rotom\n|-damage|p2b: Rotom|0 fnt\n|-unboost|p1a: Iron Hands|def|1\n|-unboost|p1a: Iron Hands|spd|1\n|faint|p2b: Rotom\n|-damage|p1a: Iron Hands|74\/100 brn|[from] item: Life Orb\n|\n|-damage|p1b: Metagross|94\/100 brn|[from] brn\n|-damage|p1a: Iron Hands|68\/100 brn|[from] brn\n|-ability|p2a: Blaziken|Speed Boost|boost\n|-boost|p2a: Blaziken|spe|1\n|upkeep\n|\n|t:|1696926817\n|switch|p2b: Chien-Pao|Chien-Pao|100\/100\n|-ability|p2b: Chien-Pao|Sword of Ruin\n|turn|3\n|inactive|Begula on SD has 270 seconds left.\n|\n|t:|1696926848\n|move|p2a: Blaziken|Close Combat|p1a: Iron Hands\n|-damage|p1a: Iron Hands|0 fnt\n|-unboost|p2a: Blaziken|def|1\n|-unboost|p2a: Blaziken|spd|1\n|faint|p1a: Iron Hands\n|-end|p1a: Iron Hands|Quark Drive|[silent]\n|move|p2b: Chien-Pao|Crunch|p1b: Metagross\n|-supereffective|p1b: Metagross\n|-damage|p1b: Metagross|0 fnt\n|faint|p1b: Metagross\n|\n|-ability|p2a: Blaziken|Speed Boost|boost\n|-boost|p2a: Blaziken|spe|1\n|upkeep\n|c|\u2606Begula on SD|Oh no\n|\n|t:|1696926872\n|switch|p1b: Indeedee|Indeedee, M|100\/100\n|switch|p1a: Alakazam|Alakazam, F|100\/100\n|-fieldstart|move: Psychic Terrain|[from] ability: Psychic Surge|[of] p1b: Indeedee\n|turn|4\n|\n|t:|1696926889\n|detailschange|p1a: Alakazam|Alakazam-Mega, F\n|-mega|p1a: Alakazam|Alakazam|Alakazite\n|-ability|p1a: Alakazam|Sword of Ruin\n|-ability|p1a: Alakazam|Sword of Ruin|[from] ability: Trace|[of] p2b: Chien-Pao\n|move|p1a: Alakazam|Protect|p1a: Alakazam\n|-singleturn|p1a: Alakazam|Protect\n|move|p2a: Blaziken|Fire Punch|p1a: Alakazam\n|-activate|p1a: Alakazam|move: Protect\n|move|p2b: Chien-Pao|Crunch|p1b: Indeedee\n|-supereffective|p1b: Indeedee\n|-damage|p1b: Indeedee|0 fnt\n|faint|p1b: Indeedee\n|\n|-ability|p2a: Blaziken|Speed Boost|boost\n|-boost|p2a: Blaziken|spe|1\n|upkeep\n|c|\u2606Begula on SD|Yeah I think I lost this\n|\n|t:|1696926910\n|switch|p1b: Hoopa|Hoopa-Unbound|100\/100\n|turn|5\n|\n|t:|1696926923\n|move|p2a: Blaziken|Close Combat|p1b: Hoopa\n|-damage|p1b: Hoopa|0 fnt\n|-unboost|p2a: Blaziken|def|1\n|-unboost|p2a: Blaziken|spd|1\n|faint|p1b: Hoopa\n|move|p1a: Alakazam|Focus Blast|p2b: Chien-Pao\n|-supereffective|p2b: Chien-Pao\n|-damage|p2b: Chien-Pao|0 fnt\n|faint|p2b: Chien-Pao\n|\n|-ability|p2a: Blaziken|Speed Boost|boost\n|-boost|p2a: Blaziken|spe|1\n|upkeep\n|\n|t:|1696926935\n|switch|p2b: Medicham|Medicham, F, shiny|100\/100\n|switch|p1b: Munkidori|Munkidori, M|100\/100\n|turn|6\n|\n|t:|1696926955\n|detailschange|p2b: Medicham|Medicham-Mega, F, shiny\n|-mega|p2b: Medicham|Medicham|Medichamite\n|move|p2a: Blaziken|Fire Punch|p1a: Alakazam\n|-damage|p1a: Alakazam|0 fnt\n|faint|p1a: Alakazam\n|move|p1b: Munkidori|Nasty Plot|p1b: Munkidori\n|-boost|p1b: Munkidori|spa|2\n|move|p2b: Medicham|Rock Slide|p1b: Munkidori\n|-damage|p1b: Munkidori|36\/100\n|\n|-ability|p2a: Blaziken|Speed Boost|boost\n|-boost|p2a: Blaziken|spe|1\n|upkeep\n|turn|7\n|\n|t:|1696926966\n|move|p2a: Blaziken|Fire Punch|p1b: Munkidori\n|-damage|p1b: Munkidori|0 fnt\n|faint|p1b: Munkidori\n|\n|win|XX_1nfinity_XX\n","uploadtime":1696926984,"views":15,"p1id":"begulaonsd","p2id":"xx1nfinityxx","formatid":"gen9nationaldexdoubles","rating":0,"private":0,"password":""}