{"id":"gen9nationaldexdoubles-1979294638","p1":"Inkubone","p2":"Chad Tankers","format":"[Gen 9] National Dex Doubles","log":"|j|\u2606Inkubone\n|j|\u2606Chad Tankers\n|t:|1698667703\n|gametype|doubles\n|player|p1|Inkubone|yellow|1199\n|player|p2|Chad Tankers|piers|1496\n|teamsize|p1|6\n|teamsize|p2|6\n|gen|9\n|tier|[Gen 9] National Dex Doubles\n|rated|\n|rule|HP Percentage Mod: HP is shown in percentages\n|rule|Endless Battle Clause: Forcing endless battles is banned\n|rule|OHKO Clause: OHKO moves are banned\n|rule|Evasion Moves Clause: Evasion moves are banned\n|rule|Evasion Abilities Clause: Evasion abilities are banned\n|rule|Species Clause: Limit one of each Pok\u00e9mon\n|rule|Gravity Sleep Clause: The combination of sleep-inducing moves with imperfect accuracy and Gravity or Gigantamax Orbeetle are banned\n|clearpoke\n|poke|p1|Victini|\n|poke|p1|Audino, F|\n|poke|p1|Slowbro, M|\n|poke|p1|Clefairy, F|\n|poke|p1|Ursaluna, F|\n|poke|p1|Enamorus-Therian, F|\n|poke|p2|Kyurem-Black|\n|poke|p2|Tapu Koko|\n|poke|p2|Scizor, F|\n|poke|p2|Marshadow|\n|poke|p2|Volcanion|\n|poke|p2|Ninetales-Alola, F|\n|teampreview\n|inactive|Battle timer is ON: inactive players will automatically lose when time's up. (requested by Chad Tankers)\n|\n|t:|1698667717\n|start\n|switch|p1a: Slowbro|Slowbro, M|100\/100\n|switch|p1b: Enamorus|Enamorus-Therian, F|100\/100\n|switch|p2a: Tapu Koko|Tapu Koko|100\/100\n|switch|p2b: Kyurem|Kyurem-Black, shiny|100\/100\n|-fieldstart|move: Electric Terrain|[from] ability: Electric Surge|[of] p2a: Tapu Koko\n|-ability|p2b: Kyurem|Teravolt\n|turn|1\n|c|\u2606Inkubone|Hello good luck have fun\n|\n|t:|1698667739\n|-terastallize|p1a: Slowbro|Steel\n|move|p2a: Tapu Koko|Sky Drop||[still]\n|-prepare|p2a: Tapu Koko|Sky Drop|p1b: Enamorus\n|move|p2b: Kyurem|Dragon Dance|p2b: Kyurem\n|-boost|p2b: Kyurem|atk|1\n|-boost|p2b: Kyurem|spe|1\n|move|p1a: Slowbro|Trick Room|p1a: Slowbro\n|-fieldstart|move: Trick Room|[of] p1a: Slowbro\n|\n|upkeep\n|turn|2\n|c|\u2606Chad Tankers|U2\n|\n|t:|1698667763\n|-terastallize|p2b: Kyurem|Electric\n|move|p1a: Slowbro|Scald|p2b: Kyurem\n|-damage|p2b: Kyurem|65\/100\n|move|p2a: Tapu Koko|Sky Drop|p1b: Enamorus|[from]lockedmove\n|-immune|p1b: Enamorus\n|move|p2b: Kyurem|Fusion Bolt|p1a: Slowbro\n|-damage|p1a: Slowbro|0 fnt\n|faint|p1a: Slowbro\n|\n|upkeep\n|\n|t:|1698667777\n|switch|p1a: Ursaluna|Ursaluna, F|100\/100\n|turn|3\n|\n|t:|1698667788\n|move|p2b: Kyurem|Protect|p2b: Kyurem\n|-singleturn|p2b: Kyurem|Protect\n|move|p1b: Enamorus|Springtide Storm|p2a: Tapu Koko|[spread] \n|-activate|p2b: Kyurem|move: Protect\n|-miss|p1b: Enamorus|p2a: Tapu Koko\n|move|p1a: Ursaluna|High Horsepower|p2b: Kyurem\n|-activate|p2b: Kyurem|move: Protect\n|move|p2a: Tapu Koko|Sky Drop|p1a: Ursaluna\n|-fail|p1a: Ursaluna|move: Sky Drop|[heavy]\n|\n|-status|p1a: Ursaluna|brn|[from] item: Flame Orb\n|upkeep\n|turn|4\n|inactive|Chad Tankers has 120 seconds left.\n|c|\u2606Inkubone|My fat bear\n|\n|t:|1698667831\n|move|p1b: Enamorus|Springtide Storm|p2b: Kyurem|[spread] p2a\n|-miss|p1b: Enamorus|p2b: Kyurem\n|-damage|p2a: Tapu Koko|46\/100\n|-enditem|p2a: Tapu Koko|Sitrus Berry|[eat]\n|-heal|p2a: Tapu Koko|71\/100|[from] item: Sitrus Berry\n|move|p1a: Ursaluna|High Horsepower|p2b: Kyurem\n|-supereffective|p2b: Kyurem\n|-damage|p2b: Kyurem|0 fnt\n|faint|p2b: Kyurem\n|move|p2a: Tapu Koko|Nature's Madness|p1a: Ursaluna\n|-damage|p1a: Ursaluna|51\/100 brn\n|\n|-damage|p1a: Ursaluna|45\/100 brn|[from] brn\n|upkeep\n|\n|t:|1698667847\n|switch|p2b: Scizor|Scizor, F|100\/100\n|turn|5\n|inactive|Chad Tankers has 120 seconds left.\n|\n|t:|1698667863\n|switch|p1b: Audino|Audino, F|100\/100\n|detailschange|p2b: Scizor|Scizor-Mega, F\n|-mega|p2b: Scizor|Scizor|Scizorite\n|move|p2b: Scizor|Protect|p2b: Scizor\n|-singleturn|p2b: Scizor|Protect\n|move|p1a: Ursaluna|Rock Slide|p2a: Tapu Koko|[spread] p2a\n|-activate|p2b: Scizor|move: Protect\n|-damage|p2a: Tapu Koko|33\/100\n|move|p2a: Tapu Koko|Volt Switch|p1b: Audino\n|-damage|p1b: Audino|73\/100\n|inactive|Chad Tankers has 120 seconds left.\n|\n|t:|1698667881\n|switch|p2a: Volcanion|Volcanion|100\/100|[from] Volt Switch\n|\n|-damage|p1a: Ursaluna|39\/100 brn|[from] brn\n|-fieldend|move: Trick Room\n|-fieldend|move: Electric Terrain\n|upkeep\n|turn|6\n|j| wkx6v587\n|\n|t:|1698667893\n|switch|p1a: Clefairy|Clefairy, F|100\/100\n|move|p2b: Scizor|Swords Dance|p2b: Scizor\n|-boost|p2b: Scizor|atk|2\n|move|p2a: Volcanion|Steam Eruption|p1b: Audino\n|-damage|p1b: Audino|20\/100\n|-enditem|p1b: Audino|Aguav Berry|[eat]\n|-heal|p1b: Audino|53\/100|[from] item: Aguav Berry\n|move|p1b: Audino|Yawn|p2b: Scizor\n|-start|p2b: Scizor|move: Yawn|[of] p1b: Audino\n|\n|upkeep\n|turn|7\n|\n|t:|1698667915\n|switch|p2b: Tapu Koko|Tapu Koko|33\/100\n|-fieldstart|move: Electric Terrain|[from] ability: Electric Surge|[of] p2b: Tapu Koko\n|move|p1a: Clefairy|Follow Me|p1a: Clefairy\n|-singleturn|p1a: Clefairy|move: Follow Me\n|move|p2a: Volcanion|Heat Wave|p1a: Clefairy|[spread] p1a,p1b\n|-damage|p1a: Clefairy|75\/100\n|-damage|p1b: Audino|17\/100\n|move|p1b: Audino|Trick Room|p1b: Audino\n|-fieldstart|move: Trick Room|[of] p1b: Audino\n|\n|upkeep\n|turn|8\n|l| wkx6v587\n|j| wkx6v587\n|inactive|Inkubone has 120 seconds left.\n|\n|t:|1698667945\n|switch|p1b: Enamorus|Enamorus-Therian, F|100\/100\n|move|p1a: Clefairy|Chilling Water|p2b: Tapu Koko\n|-damage|p2b: Tapu Koko|23\/100\n|-unboost|p2b: Tapu Koko|atk|1\n|move|p2a: Volcanion|Heat Wave|p1a: Clefairy|[spread] p1a,p1b\n|-damage|p1a: Clefairy|50\/100\n|-damage|p1b: Enamorus|66\/100\n|move|p2b: Tapu Koko|Volt Switch|p1a: Clefairy\n|-damage|p1a: Clefairy|28\/100\n|l| wkx6v587\n|j| wkx6v587\n|\n|t:|1698667963\n|switch|p2b: Kitsune|Ninetales-Alola, F|100\/100|[from] Volt Switch\n|-weather|Snow|[from] ability: Snow Warning|[of] p2b: Kitsune\n|\n|-weather|Snow|[upkeep]\n|upkeep\n|turn|9\n|\n|t:|1698667981\n|move|p1a: Clefairy|Life Dew|p1a: Clefairy|[spread] p1a,p1b\n|-heal|p1a: Clefairy|53\/100\n|-heal|p1b: Enamorus|91\/100\n|move|p1b: Enamorus|Mystical Fire|p2b: Kitsune\n|-supereffective|p2b: Kitsune\n|-damage|p2b: Kitsune|40\/100\n|-unboost|p2b: Kitsune|spa|1\n|move|p2a: Volcanion|Steam Eruption|p1b: Enamorus\n|-damage|p1b: Enamorus|40\/100\n|-status|p1b: Enamorus|brn\n|move|p2b: Kitsune|Aurora Veil|p2b: Kitsune\n|-sidestart|p2: Chad Tankers|move: Aurora Veil\n|\n|-weather|Snow|[upkeep]\n|-damage|p1b: Enamorus|34\/100 brn|[from] brn\n|upkeep\n|turn|10\n|\n|t:|1698668002\n|move|p1a: Clefairy|Life Dew|p1a: Clefairy|[spread] p1a,p1b\n|-heal|p1a: Clefairy|78\/100\n|-heal|p1b: Enamorus|59\/100 brn\n|move|p1b: Enamorus|Springtide Storm|p2b: Kitsune|[spread] p2b\n|-miss|p1b: Enamorus|p2a: Volcanion\n|-damage|p2b: Kitsune|10\/100\n|move|p2a: Volcanion|Heat Wave|p1a: Clefairy|[spread] p1a\n|-miss|p2a: Volcanion|p1b: Enamorus\n|-damage|p1a: Clefairy|51\/100\n|move|p2b: Kitsune|Blizzard|p1a: Clefairy|[spread] p1a,p1b\n|-supereffective|p1b: Enamorus\n|-damage|p1a: Clefairy|39\/100\n|-damage|p1b: Enamorus|27\/100 brn\n|\n|-weather|Snow|[upkeep]\n|-damage|p1b: Enamorus|21\/100 brn|[from] brn\n|upkeep\n|turn|11\n|\n|t:|1698668031\n|move|p1a: Clefairy|Life Dew|p1a: Clefairy|[spread] p1a,p1b\n|-heal|p1a: Clefairy|64\/100\n|-heal|p1b: Enamorus|46\/100 brn\n|move|p1b: Enamorus|Springtide Storm|p2a: Volcanion|[spread] p2a,p2b\n|-resisted|p2a: Volcanion\n|-damage|p2a: Volcanion|93\/100\n|-damage|p2b: Kitsune|0 fnt\n|faint|p2b: Kitsune\n|move|p2a: Volcanion|Steam Eruption|p1b: Enamorus\n|-damage|p1b: Enamorus|0 fnt\n|faint|p1b: Enamorus\n|\n|-weather|Snow|[upkeep]\n|-fieldend|move: Trick Room\n|-fieldend|move: Electric Terrain\n|upkeep\n|\n|t:|1698668049\n|switch|p2b: Scizor|Scizor-Mega, F|100\/100\n|switch|p1b: Audino|Audino, F|50\/100\n|turn|12\n|\n|t:|1698668063\n|move|p1a: Clefairy|Follow Me|p1a: Clefairy\n|-singleturn|p1a: Clefairy|move: Follow Me\n|move|p2b: Scizor|Bullet Punch|p1a: Clefairy\n|-supereffective|p1a: Clefairy\n|-damage|p1a: Clefairy|0 fnt\n|faint|p1a: Clefairy\n|move|p2a: Volcanion|Steam Eruption|p1b: Audino\n|-damage|p1b: Audino|2\/100\n|move|p1b: Audino|Trick Room|p1b: Audino\n|-fieldstart|move: Trick Room|[of] p1b: Audino\n|\n|-weather|none\n|upkeep\n|\n|t:|1698668075\n|switch|p1a: Victini|Victini|100\/100\n|turn|13\n|\n|t:|1698668086\n|move|p2b: Scizor|Protect|p2b: Scizor\n|-singleturn|p2b: Scizor|Protect\n|move|p1b: Audino|Yawn|p2a: Volcanion\n|-start|p2a: Volcanion|move: Yawn|[of] p1b: Audino\n|move|p2a: Volcanion|Steam Eruption|p1a: Victini|[miss]\n|-miss|p2a: Volcanion|p1a: Victini\n|move|p1a: Victini|Substitute|p1a: Victini\n|-start|p1a: Victini|Substitute\n|-damage|p1a: Victini|76\/100\n|\n|-heal|p1a: Victini|82\/100|[from] item: Leftovers\n|upkeep\n|turn|14\n|\n|t:|1698668109\n|switch|p1b: Ursaluna|Ursaluna, F|39\/100 brn\n|switch|p2a: Tapu Koko|Tapu Koko|23\/100\n|-fieldstart|move: Electric Terrain|[from] ability: Electric Surge|[of] p2a: Tapu Koko\n|switch|p2b: Marshadow|Marshadow|100\/100\n|move|p1a: Victini|V-create|p2b: Marshadow\n|-damage|p2b: Marshadow|34\/100\n|-unboost|p1a: Victini|spe|1\n|-unboost|p1a: Victini|def|1\n|-unboost|p1a: Victini|spd|1\n|\n|-heal|p1a: Victini|88\/100|[from] item: Leftovers\n|-damage|p1b: Ursaluna|32\/100 brn|[from] brn\n|upkeep\n|turn|15\n|inactive|Inkubone has 120 seconds left.\n|inactive|Chad Tankers has 120 seconds left.\n|\n|t:|1698668155\n|move|p2b: Marshadow|Shadow Sneak|p1a: Victini\n|-supereffective|p1a: Victini\n|-end|p1a: Victini|Substitute\n|move|p1b: Ursaluna|High Horsepower|p2a: Tapu Koko\n|-supereffective|p2a: Tapu Koko\n|-damage|p2a: Tapu Koko|0 fnt\n|faint|p2a: Tapu Koko\n|move|p1a: Victini|Bolt Strike|p2b: Marshadow\n|-damage|p2b: Marshadow|0 fnt\n|faint|p2b: Marshadow\n|\n|-heal|p1a: Victini|94\/100|[from] item: Leftovers\n|-damage|p1b: Ursaluna|26\/100 brn|[from] brn\n|upkeep\n|\n|t:|1698668170\n|switch|p2a: Volcanion|Volcanion|93\/100\n|switch|p2b: Scizor|Scizor-Mega, F|100\/100\n|turn|16\n|\n|t:|1698668178\n|move|p2b: Scizor|Bullet Punch|p1b: Ursaluna\n|-damage|p1b: Ursaluna|2\/100 brn\n|move|p1b: Ursaluna|High Horsepower|p2a: Volcanion\n|-supereffective|p2a: Volcanion\n|-damage|p2a: Volcanion|0 fnt\n|faint|p2a: Volcanion\n|move|p1a: Victini|V-create|p2b: Scizor\n|-supereffective|p2b: Scizor\n|-damage|p2b: Scizor|0 fnt\n|-unboost|p1a: Victini|spe|1\n|-unboost|p1a: Victini|def|1\n|-unboost|p1a: Victini|spd|1\n|faint|p2b: Scizor\n|\n|win|Inkubone\n|raw|Inkubone's rating: 1199 &rarr; <strong>1241<\/strong><br \/>(+42 for winning)\n|raw|Chad Tankers's rating: 1496 &rarr; <strong>1462<\/strong><br \/>(-34 for losing)\n|c|\u2606Inkubone|Gg\n","uploadtime":1698668201,"views":10,"p1id":"inkubone","p2id":"chadtankers","formatid":"gen9nationaldexdoubles","rating":1241,"private":0,"password":""}