{"id":"gen9nationaldexdoubles-1955684337","p1":"Indominus T-Rex","p2":"El Ryuk456","format":"[Gen 9] National Dex Doubles","log":"|j|\u2606Indominus T-Rex\n|j|\u2606El Ryuk456\n|t:|1696018223\n|gametype|doubles\n|player|p1|Indominus T-Rex|lusamine-nihilego|1030\n|player|p2|El Ryuk456|blaine|1300\n|teamsize|p1|6\n|teamsize|p2|6\n|gen|9\n|tier|[Gen 9] National Dex Doubles\n|rated|\n|rule|HP Percentage Mod: HP is shown in percentages\n|rule|Endless Battle Clause: Forcing endless battles is banned\n|rule|OHKO Clause: OHKO moves are banned\n|rule|Evasion Moves Clause: Evasion moves are banned\n|rule|Evasion Abilities Clause: Evasion abilities are banned\n|rule|Species Clause: Limit one of each Pok\u00e9mon\n|rule|Gravity Sleep Clause: The combination of sleep-inducing moves with imperfect accuracy and Gravity or Gigantamax Orbeetle are banned\n|clearpoke\n|poke|p1|Naganadel|\n|poke|p1|Guzzlord|\n|poke|p1|Nihilego|\n|poke|p1|Buzzwole|\n|poke|p1|Pheromosa|\n|poke|p1|Xurkitree|\n|poke|p2|Sceptile, M|\n|poke|p2|Breloom, F|\n|poke|p2|Togekiss, M|\n|poke|p2|Hitmontop, M|\n|poke|p2|Luxray, F|\n|poke|p2|Empoleon, M|\n|teampreview\n|inactive|Battle timer is ON: inactive players will automatically lose when time's up. (requested by El Ryuk456)\n|\n|t:|1696018239\n|start\n|switch|p1a: Naganadel|Naganadel|100\/100\n|switch|p1b: Guzzlord|Guzzlord|100\/100\n|switch|p2a: Proteina|Hitmontop, M|100\/100\n|switch|p2b: Eggman|Togekiss, M|100\/100\n|-ability|p2a: Proteina|Intimidate|boost\n|-unboost|p1a: Naganadel|atk|1\n|-unboost|p1b: Guzzlord|atk|1\n|turn|1\n|\n|t:|1696018262\n|move|p2a: Proteina|Fake Out|p1a: Naganadel\n|-damage|p1a: Naganadel|87\/100\n|cant|p1a: Naganadel|flinch\n|move|p2b: Eggman|Tailwind|p2b: Eggman\n|-sidestart|p2: El Ryuk456|move: Tailwind\n|move|p1b: Guzzlord|Dragon Claw|p2a: Proteina\n|-damage|p2a: Proteina|75\/100\n|-enditem|p2a: Proteina|Eject Button\n|\n|t:|1696018277\n|switch|p2a: Leo|Sceptile, M|100\/100\n|\n|-heal|p1a: Naganadel|93\/100|[from] item: Black Sludge\n|upkeep\n|turn|2\n|\n|t:|1696018293\n|detailschange|p2a: Leo|Sceptile-Mega, M\n|-mega|p2a: Leo|Sceptile|Sceptilite\n|move|p2b: Eggman|Follow Me|p2b: Eggman\n|-singleturn|p2b: Eggman|move: Follow Me\n|move|p2a: Leo|Dragon Pulse|p1a: Naganadel\n|-supereffective|p1a: Naganadel\n|-damage|p1a: Naganadel|0 fnt\n|faint|p1a: Naganadel\n|move|p1b: Guzzlord|Dragon Claw|p2b: Eggman\n|-immune|p2b: Eggman\n|\n|upkeep\n|\n|t:|1696018304\n|switch|p1a: Nihilego|Nihilego|100\/100\n|turn|3\n|\n|t:|1696018332\n|move|p2a: Leo|Dragon Pulse|p1b: Guzzlord\n|-supereffective|p1b: Guzzlord\n|-crit|p1b: Guzzlord\n|-damage|p1b: Guzzlord|0 fnt\n|faint|p1b: Guzzlord\n|move|p2b: Eggman|Air Slash|p1a: Nihilego\n|-resisted|p1a: Nihilego\n|-damage|p1a: Nihilego|89\/100\n|cant|p1a: Nihilego|flinch\n|\n|upkeep\n|\n|t:|1696018347\n|switch|p1b: Buzzwole|Buzzwole|100\/100\n|turn|4\n|\n|t:|1696018355\n|move|p2a: Leo|Hidden Power|p1a: Nihilego\n|-supereffective|p1a: Nihilego\n|-damage|p1a: Nihilego|21\/100\n|move|p2b: Eggman|Air Slash|p1b: Buzzwole\n|-supereffective|p1b: Buzzwole\n|-damage|p1b: Buzzwole|0 fnt\n|faint|p1b: Buzzwole\n|move|p1a: Nihilego|Meteor Beam||[still]\n|-prepare|p1a: Nihilego|Meteor Beam\n|-boost|p1a: Nihilego|spa|1\n|-enditem|p1a: Nihilego|Power Herb\n|-anim|p1a: Nihilego|Meteor Beam|p2b: Eggman\n|-supereffective|p2b: Eggman\n|-damage|p2b: Eggman|0 fnt\n|faint|p2b: Eggman\n|-ability|p1a: Nihilego|Beast Boost|boost\n|-boost|p1a: Nihilego|spa|1\n|\n|-sideend|p2: El Ryuk456|move: Tailwind\n|upkeep\n|\n|t:|1696018370\n|switch|p2b: Proteina|Hitmontop, M|75\/100\n|switch|p1b: Pheromosa|Pheromosa|100\/100\n|-ability|p2b: Proteina|Intimidate|boost\n|-unboost|p1a: Nihilego|atk|1\n|-unboost|p1b: Pheromosa|atk|1\n|turn|5\n|\n|t:|1696018384\n|move|p2b: Proteina|Fake Out|p1b: Pheromosa\n|-damage|p1b: Pheromosa|79\/100\n|cant|p1b: Pheromosa|flinch\n|move|p2a: Leo|Hidden Power|p1a: Nihilego\n|-supereffective|p1a: Nihilego\n|-damage|p1a: Nihilego|0 fnt\n|faint|p1a: Nihilego\n|\n|upkeep\n|\n|t:|1696018393\n|switch|p1a: Xurkitree|Xurkitree|100\/100\n|turn|6\n|\n|t:|1696018406\n|move|p2a: Leo|Protect|p2a: Leo\n|-singleturn|p2a: Leo|Protect\n|move|p1b: Pheromosa|Triple Axel|p2a: Leo\n|-activate|p2a: Leo|move: Protect\n|move|p1a: Xurkitree|Thunderbolt|p2a: Leo\n|-activate|p2a: Leo|ability: Lightning Rod\n|-activate|p2a: Leo|move: Protect\n|move|p2b: Proteina|Close Combat|p1b: Pheromosa\n|-resisted|p1b: Pheromosa\n|-damage|p1b: Pheromosa|28\/100\n|-unboost|p2b: Proteina|def|1\n|-unboost|p2b: Proteina|spd|1\n|\n|upkeep\n|turn|7\n|\n|t:|1696018430\n|switch|p2a: Nala|Luxray, F|100\/100\n|-ability|p2a: Nala|Intimidate|boost\n|-unboost|p1a: Xurkitree|atk|1\n|-unboost|p1b: Pheromosa|atk|1\n|switch|p2b: Blossom|Breloom, F|100\/100\n|move|p1b: Pheromosa|Triple Axel|p2a: Nala\n|-damage|p2a: Nala|97\/100\n|-damage|p2a: Nala|89\/100\n|-damage|p2a: Nala|77\/100\n|-hitcount|p2a: Nala|3\n|move|p1a: Xurkitree|Thunderbolt|p2b: Blossom\n|-resisted|p2b: Blossom\n|-damage|p2b: Blossom|37\/100\n|\n|upkeep\n|turn|8\n|\n|t:|1696018457\n|move|p2b: Blossom|Mach Punch|p1b: Pheromosa\n|-resisted|p1b: Pheromosa\n|-damage|p1b: Pheromosa|0 fnt\n|faint|p1b: Pheromosa\n|move|p1a: Xurkitree|Calm Mind|p1a: Xurkitree\n|-boost|p1a: Xurkitree|spa|1\n|-boost|p1a: Xurkitree|spd|1\n|move|p2a: Nala|Volt Switch|p1a: Xurkitree\n|-resisted|p1a: Xurkitree\n|-damage|p1a: Xurkitree|89\/100\n|\n|t:|1696018464\n|switch|p2a: Proteina|Hitmontop, M|75\/100|[from] Volt Switch\n|-ability|p2a: Proteina|Intimidate|boost\n|-unboost|p1a: Xurkitree|atk|1\n|\n|upkeep\n|turn|9\n|\n|t:|1696018471\n|move|p2a: Proteina|Fake Out|p1a: Xurkitree\n|-damage|p1a: Xurkitree|76\/100\n|cant|p1a: Xurkitree|flinch\n|move|p2b: Blossom|Spore|p1a: Xurkitree\n|-status|p1a: Xurkitree|slp|[from] move: Spore\n|\n|upkeep\n|turn|10\n|\n|t:|1696018480\n|switch|p2a: Leo|Sceptile-Mega, M|100\/100\n|cant|p1a: Xurkitree|slp\n|move|p2b: Blossom|Bullet Seed|p1a: Xurkitree\n|-damage|p1a: Xurkitree|47\/100 slp\n|-damage|p1a: Xurkitree|19\/100 slp\n|-damage|p1a: Xurkitree|0 fnt\n|faint|p1a: Xurkitree\n|-hitcount|p1: Xurkitree|3\n|\n|win|El Ryuk456\n|raw|Indominus T-Rex's rating: 1030 &rarr; <strong>1025<\/strong><br \/>(-5 for losing)\n|raw|El Ryuk456's rating: 1300 &rarr; <strong>1309<\/strong><br \/>(+9 for winning)\n","uploadtime":1696018493,"views":8,"p1id":"indominustrex","p2id":"elryuk456","formatid":"gen9nationaldexdoubles","rating":1025,"private":0,"password":""}