{"id":"gen9nationaldexdoubles-1976308983","p1":"IDKwhatnameIwhat","p2":"Brick_Enjoyer_144","format":"[Gen 9] National Dex Doubles","log":"|j|\u2606IDKwhatnameIwhat\n|j|\u2606Brick_Enjoyer_144\n|t:|1698284926\n|gametype|doubles\n|player|p1|IDKwhatnameIwhat|plasmagrunt|1143\n|player|p2|Brick_Enjoyer_144|shauntal|1211\n|teamsize|p1|6\n|teamsize|p2|6\n|gen|9\n|tier|[Gen 9] National Dex Doubles\n|rated|\n|rule|HP Percentage Mod: HP is shown in percentages\n|rule|Endless Battle Clause: Forcing endless battles is banned\n|rule|OHKO Clause: OHKO moves are banned\n|rule|Evasion Moves Clause: Evasion moves are banned\n|rule|Evasion Abilities Clause: Evasion abilities are banned\n|rule|Species Clause: Limit one of each Pok\u00e9mon\n|rule|Gravity Sleep Clause: The combination of sleep-inducing moves with imperfect accuracy and Gravity or Gigantamax Orbeetle are banned\n|clearpoke\n|poke|p1|Torkoal, M|\n|poke|p1|Ursaluna, F|\n|poke|p1|Kommo-o, F|\n|poke|p1|Mimikyu, F|\n|poke|p1|Oranguru, M|\n|poke|p1|Indeedee-F, F|\n|poke|p2|Espeon, M|\n|poke|p2|Gallade, M|\n|poke|p2|Illumise, F|\n|poke|p2|Urshifu-*, F|\n|poke|p2|Ogerpon-Hearthflame, F|\n|poke|p2|Heatran, M|\n|teampreview\n|inactive|Battle timer is ON: inactive players will automatically lose when time's up. (requested by Brick_Enjoyer_144)\n|\n|t:|1698284939\n|start\n|switch|p1a: Mimikyu|Mimikyu, F|100\/100\n|switch|p1b: Ursaluna|Ursaluna, F|100\/100\n|switch|p2a: Espeon|Espeon, M|100\/100\n|switch|p2b: Heatran|Heatran, M|100\/100\n|turn|1\n|\n|t:|1698284956\n|move|p1b: Ursaluna|Protect|p1b: Ursaluna\n|-singleturn|p1b: Ursaluna|Protect\n|move|p2a: Espeon|Dazzling Gleam|p1b: Ursaluna|[spread] p1a\n|-activate|p1b: Ursaluna|move: Protect\n|-activate|p1a: Mimikyu|ability: Disguise\n|-damage|p1a: Mimikyu|100\/100\n|detailschange|p1a: Mimikyu|Mimikyu-Busted, F\n|-damage|p1a: Mimikyu|88\/100|[from] pokemon: Mimikyu-Busted\n|move|p2b: Heatran|Stealth Rock|p1b: Ursaluna\n|-sidestart|p1: IDKwhatnameIwhat|move: Stealth Rock\n|move|p1a: Mimikyu|Trick Room|p1a: Mimikyu\n|-fieldstart|move: Trick Room|[of] p1a: Mimikyu\n|\n|-status|p1b: Ursaluna|brn|[from] item: Flame Orb\n|upkeep\n|turn|2\n|\n|t:|1698284981\n|move|p2b: Heatran|Protect|p2b: Heatran\n|-singleturn|p2b: Heatran|Protect\n|move|p1b: Ursaluna|Facade|p2a: Espeon\n|-damage|p2a: Espeon|0 fnt\n|faint|p2a: Espeon\n|-zpower|p1a: Mimikyu\n|move|p1a: Mimikyu|Let's Snuggle Forever|p2b: Heatran|[zeffect]\n|-resisted|p2b: Heatran\n|-zbroken|p2b: Heatran\n|-damage|p2b: Heatran|98\/100\n|\n|-heal|p2b: Heatran|100\/100|[from] item: Leftovers\n|-damage|p1b: Ursaluna|94\/100 brn|[from] brn\n|upkeep\n|\n|t:|1698285000\n|switch|p2a: Illumise|Illumise, F|100\/100\n|turn|3\n|\n|t:|1698285009\n|move|p2a: Illumise|Trick|p1b: Ursaluna\n|-activate|p2a: Illumise|move: Trick|[of] p1b: Ursaluna\n|-item|p1b: Ursaluna|Sticky Barb|[from] move: Trick\n|-item|p2a: Illumise|Flame Orb|[from] move: Trick\n|move|p1b: Ursaluna|Facade|p2b: Heatran\n|-resisted|p2b: Heatran\n|-damage|p2b: Heatran|46\/100\n|move|p2b: Heatran|Magma Storm|p1a: Mimikyu\n|-damage|p1a: Mimikyu|52\/100\n|-activate|p1a: Mimikyu|move: Magma Storm|[of] p2b: Heatran\n|move|p1a: Mimikyu|Taunt|p2a: Illumise\n|-start|p2a: Illumise|move: Taunt\n|\n|-heal|p2b: Heatran|53\/100|[from] item: Leftovers\n|-damage|p1b: Ursaluna|88\/100 brn|[from] brn\n|-damage|p1a: Mimikyu|40\/100|[from] move: Magma Storm|[partiallytrapped]\n|-damage|p1b: Ursaluna|76\/100 brn|[from] item: Sticky Barb\n|-status|p2a: Illumise|brn|[from] item: Flame Orb\n|upkeep\n|turn|4\n|\n|t:|1698285037\n|move|p1b: Ursaluna|Facade|p2b: Heatran\n|-resisted|p2b: Heatran\n|-damage|p2b: Heatran|4\/100\n|move|p2b: Heatran|Toxic|p1a: Mimikyu\n|-status|p1a: Mimikyu|tox\n|move|p1a: Mimikyu|Pain Split|p2b: Heatran\n|-sethp|p2b: Heatran|18\/100|[from] move: Pain Split|[silent]\n|-sethp|p1a: Mimikyu|22\/100 tox|[from] move: Pain Split\n|move|p2a: Illumise|Seismic Toss|p1b: Ursaluna\n|-damage|p1b: Ursaluna|54\/100 brn\n|\n|-heal|p2b: Heatran|24\/100|[from] item: Leftovers\n|-damage|p1a: Mimikyu|16\/100 tox|[from] psn\n|-damage|p1b: Ursaluna|48\/100 brn|[from] brn\n|-damage|p2a: Illumise|95\/100 brn|[from] brn\n|-damage|p1a: Mimikyu|4\/100 tox|[from] move: Magma Storm|[partiallytrapped]\n|-damage|p1b: Ursaluna|36\/100 brn|[from] item: Sticky Barb\n|upkeep\n|turn|5\n|\n|t:|1698285065\n|move|p2b: Heatran|Protect|p2b: Heatran\n|-singleturn|p2b: Heatran|Protect\n|move|p1b: Ursaluna|Facade|p2b: Heatran\n|-activate|p2b: Heatran|move: Protect\n|move|p1a: Mimikyu|Play Rough|p2a: Illumise\n|-damage|p2a: Illumise|57\/100 brn\n|move|p2a: Illumise|Seismic Toss|p1b: Ursaluna\n|-damage|p1b: Ursaluna|15\/100 brn\n|\n|-heal|p2b: Heatran|31\/100|[from] item: Leftovers\n|-damage|p1a: Mimikyu|0 fnt|[from] psn\n|faint|p1a: Mimikyu\n|-damage|p1b: Ursaluna|8\/100 brn|[from] brn\n|-damage|p2a: Illumise|51\/100 brn|[from] brn\n|-fieldend|move: Trick Room\n|-damage|p1b: Ursaluna|0 fnt|[from] item: Sticky Barb\n|faint|p1b: Ursaluna\n|upkeep\n|inactive|IDKwhatnameIwhat has 120 seconds left.\n|\n|t:|1698285086\n|switch|p1a: Torkoal|Torkoal, M, shiny|100\/100\n|switch|p1b: Oranguru|Oranguru, M, shiny|100\/100\n|-damage|p1b: Oranguru|88\/100|[from] Stealth Rock\n|-damage|p1a: Torkoal|76\/100|[from] Stealth Rock\n|-weather|SunnyDay|[from] ability: Drought|[of] p1a: Torkoal\n|turn|6\n|inactive|IDKwhatnameIwhat has 120 seconds left.\n|\n|t:|1698285109\n|move|p2a: Illumise|Seismic Toss|p1a: Torkoal\n|-damage|p1a: Torkoal|47\/100\n|move|p2b: Heatran|Toxic|p1a: Torkoal\n|-status|p1a: Torkoal|tox\n|move|p1a: Torkoal|Eruption|p2b: Heatran|[spread] p2a\n|-start|p2b: Heatran|ability: Flash Fire\n|-supereffective|p2a: Illumise\n|-damage|p2a: Illumise|0 fnt\n|faint|p2a: Illumise\n|move|p1b: Oranguru|Trick Room|p1b: Oranguru\n|-fieldstart|move: Trick Room|[of] p1b: Oranguru\n|\n|-weather|SunnyDay|[upkeep]\n|-heal|p2b: Heatran|37\/100|[from] item: Leftovers\n|-damage|p1a: Torkoal|40\/100 tox|[from] psn\n|upkeep\n|\n|t:|1698285126\n|switch|p2a: Urshifu|Urshifu-Rapid-Strike, F|100\/100\n|turn|7\n|\n|t:|1698285142\n|move|p1a: Torkoal|Solar Beam||[still]\n|-prepare|p1a: Torkoal|Solar Beam\n|-anim|p1a: Torkoal|Solar Beam|p2a: Urshifu\n|-supereffective|p2a: Urshifu\n|-damage|p2a: Urshifu|0 fnt\n|faint|p2a: Urshifu\n|move|p1b: Oranguru|Reflect|p1b: Oranguru\n|-sidestart|p1: IDKwhatnameIwhat|Reflect\n|move|p2b: Heatran|Magma Storm|p1a: Torkoal|[miss]\n|-miss|p2b: Heatran|p1a: Torkoal\n|\n|-weather|SunnyDay|[upkeep]\n|-heal|p2b: Heatran|43\/100|[from] item: Leftovers\n|-damage|p1a: Torkoal|28\/100 tox|[from] psn\n|upkeep\n|\n|t:|1698285161\n|switch|p2a: Ogerpon|Ogerpon-Hearthflame, F|100\/100\n|-ability|p2a: Ogerpon|Mold Breaker\n|turn|8\n|\n|t:|1698285174\n|-terastallize|p2a: Ogerpon|Fire\n|detailschange|p2a: Ogerpon|Ogerpon-Hearthflame-Tera, F, tera:Fire\n|-ability|p2a: Ogerpon|Embody Aspect (Hearthflame)|boost\n|-boost|p2a: Ogerpon|atk|1\n|move|p2b: Heatran|Protect|p2b: Heatran\n|-singleturn|p2b: Heatran|Protect\n|move|p1a: Torkoal|Earthquake|p2a: Ogerpon|[spread] p1b,p2a\n|-activate|p2b: Heatran|move: Protect\n|-supereffective|p2a: Ogerpon\n|-damage|p1b: Oranguru|78\/100\n|-damage|p2a: Ogerpon|63\/100\n|move|p1b: Oranguru|Light Screen|p1b: Oranguru\n|-sidestart|p1: IDKwhatnameIwhat|move: Light Screen\n|move|p2a: Ogerpon|Horn Leech|p1b: Oranguru\n|-damage|p1b: Oranguru|33\/100\n|-heal|p2a: Ogerpon|92\/100|[from] drain|[of] p1b: Oranguru\n|\n|-weather|SunnyDay|[upkeep]\n|-heal|p2b: Heatran|49\/100|[from] item: Leftovers\n|-damage|p1a: Torkoal|10\/100 tox|[from] psn\n|upkeep\n|turn|9\n|\n|t:|1698285203\n|move|p1a: Torkoal|Earthquake|p2a: Ogerpon|[spread] p1b,p2a,p2b\n|-supereffective|p2a: Ogerpon\n|-supereffective|p2b: Heatran\n|-damage|p1b: Oranguru|23\/100\n|-damage|p2a: Ogerpon|52\/100\n|-damage|p2b: Heatran|3\/100\n|move|p1b: Oranguru|Instruct|p2b: Heatran\n|-singleturn|p2b: Heatran|move: Instruct|[of] p1b: Oranguru\n|move|p2b: Heatran|Protect||[still]\n|-fail|p2b: Heatran\n|move|p2b: Heatran|Magma Storm|p1a: Torkoal\n|-resisted|p1a: Torkoal\n|-damage|p1a: Torkoal|0 fnt\n|faint|p1a: Torkoal\n|move|p2a: Ogerpon|Horn Leech|p1b: Oranguru\n|-damage|p1b: Oranguru|0 fnt\n|-heal|p2a: Ogerpon|66\/100|[from] drain|[of] p1b: Oranguru\n|faint|p1b: Oranguru\n|\n|-weather|SunnyDay|[upkeep]\n|-heal|p2b: Heatran|9\/100|[from] item: Leftovers\n|upkeep\n|\n|t:|1698285213\n|switch|p1a: Kommo-o|Kommo-o, F, shiny|100\/100\n|switch|p1b: Indeedee|Indeedee-F, F, shiny|100\/100\n|-damage|p1a: Kommo-o|94\/100|[from] Stealth Rock\n|-damage|p1b: Indeedee|88\/100|[from] Stealth Rock\n|-fieldstart|move: Psychic Terrain|[from] ability: Psychic Surge|[of] p1b: Indeedee\n|-enditem|p1b: Indeedee|Psychic Seed\n|-boost|p1b: Indeedee|spd|1|[from] item: Psychic Seed\n|turn|10\n|\n|t:|1698285239\n|move|p2b: Heatran|Protect|p2b: Heatran\n|-singleturn|p2b: Heatran|Protect\n|move|p1b: Indeedee|Follow Me|p1b: Indeedee\n|-singleturn|p1b: Indeedee|move: Follow Me\n|move|p1a: Kommo-o|Clangorous Soul|p1a: Kommo-o\n|-boost|p1a: Kommo-o|atk|1\n|-boost|p1a: Kommo-o|def|1\n|-boost|p1a: Kommo-o|spa|1\n|-boost|p1a: Kommo-o|spd|1\n|-boost|p1a: Kommo-o|spe|1\n|-damage|p1a: Kommo-o|62\/100\n|-enditem|p1a: Kommo-o|Throat Spray\n|-boost|p1a: Kommo-o|spa|1|[from] item: Throat Spray\n|move|p2a: Ogerpon|Horn Leech|p1b: Indeedee\n|-damage|p1b: Indeedee|24\/100\n|-heal|p2a: Ogerpon|100\/100|[from] drain|[of] p1b: Indeedee\n|\n|-weather|none\n|-heal|p2b: Heatran|15\/100|[from] item: Leftovers\n|-fieldend|move: Trick Room\n|upkeep\n|turn|11\n|\n|t:|1698285266\n|-terastallize|p1a: Kommo-o|Normal\n|move|p2a: Ogerpon|Play Rough|p1a: Kommo-o\n|-damage|p1a: Kommo-o|40\/100\n|move|p1a: Kommo-o|Boomburst|p2b: Heatran|[spread] p1b,p2a,p2b\n|-resisted|p2b: Heatran\n|-damage|p1b: Indeedee|0 fnt\n|-damage|p2a: Ogerpon|0 fnt\n|-damage|p2b: Heatran|0 fnt\n|faint|p1b: Indeedee\n|faint|p2a: Ogerpon\n|faint|p2b: Heatran\n|\n|-sideend|p1: IDKwhatnameIwhat|Reflect\n|upkeep\n|inactive|Brick_Enjoyer_144 has 120 seconds left.\n|c|\u2606IDKwhatnameIwhat|gg\n|\n|t:|1698285281\n|switch|p2b: Gallade|Gallade, M|100\/100\n|turn|12\n|\n|t:|1698285290\n|move|p1a: Kommo-o|Boomburst|p2b: Gallade\n|-damage|p2b: Gallade|0 fnt\n|faint|p2b: Gallade\n|\n|win|IDKwhatnameIwhat\n|raw|IDKwhatnameIwhat's rating: 1143 &rarr; <strong>1173<\/strong><br \/>(+30 for winning)\n|raw|Brick_Enjoyer_144's rating: 1211 &rarr; <strong>1181<\/strong><br \/>(-30 for losing)\n|l|\u2606IDKwhatnameIwhat\n|c|\u2606Brick_Enjoyer_144|Gg\n","uploadtime":1698285301,"views":8,"p1id":"idkwhatnameiwhat","p2id":"brickenjoyer144","formatid":"gen9nationaldexdoubles","rating":1173,"private":0,"password":""}