{"id":"gen9nationaldexdoubles-1990610926","p1":"koodagameplay","p2":"arkmin Cydo","format":"[Gen 9] National Dex Doubles","log":"|j|\u2606koodagameplay\n|j|\u2606arkmin Cydo\n|t:|1699985571\n|gametype|doubles\n|player|p1|koodagameplay|pokemonbreederf-gen4|1045\n|player|p2|arkmin Cydo|thorton|1042\n|teamsize|p1|6\n|teamsize|p2|4\n|gen|9\n|tier|[Gen 9] National Dex Doubles\n|rated|\n|rule|HP Percentage Mod: HP is shown in percentages\n|rule|Endless Battle Clause: Forcing endless battles is banned\n|rule|OHKO Clause: OHKO moves are banned\n|rule|Evasion Moves Clause: Evasion moves are banned\n|rule|Evasion Abilities Clause: Evasion abilities are banned\n|rule|Species Clause: Limit one of each Pok\u00e9mon\n|rule|Gravity Sleep Clause: The combination of sleep-inducing moves with imperfect accuracy and Gravity or Gigantamax Orbeetle are banned\n|clearpoke\n|poke|p1|Dragonair, F|\n|poke|p1|Pikachu-Sinnoh, M|\n|poke|p1|Dodrio, M|\n|poke|p1|Quaquaval, F|\n|poke|p1|Lopunny, M|\n|poke|p1|Garchomp, F|\n|poke|p2|Barraskewda, M|\n|poke|p2|Kricketune, F|\n|poke|p2|Donphan, M|\n|poke|p2|Cinderace, F|\n|teampreview\n|inactive|Battle timer is ON: inactive players will automatically lose when time's up. (requested by arkmin Cydo)\n|\n|t:|1699985593\n|start\n|switch|p1a: Determination|Dragonair, F, shiny|100\/100\n|switch|p1b: Ash|Pikachu-Sinnoh, M|100\/100\n|switch|p2a: Kricketune|Kricketune, F|100\/100\n|switch|p2b: Barraskewda|Barraskewda, M|100\/100\n|turn|1\n|\n|t:|1699985619\n|-terastallize|p2b: Barraskewda|Water\n|move|p1b: Ash|Fake Out|p2b: Barraskewda\n|-damage|p2b: Barraskewda|66\/100\n|cant|p2b: Barraskewda|flinch\n|move|p2a: Kricketune|Sticky Web|p1b: Ash\n|-sidestart|p1: koodagameplay|move: Sticky Web\n|move|p1a: Determination|Reflect|p1a: Determination\n|-sidestart|p1: koodagameplay|Reflect\n|\n|upkeep\n|turn|2\n|j| chensheng25800\n|\n|t:|1699985651\n|switch|p2b: Donphan|Donphan, M|100\/100\n|move|p1b: Ash|Nuzzle|p2b: Donphan\n|-immune|p2b: Donphan\n|move|p2a: Kricketune|Trailblaze|p1a: Determination\n|-resisted|p1a: Determination\n|-damage|p1a: Determination|95\/100\n|-boost|p2a: Kricketune|spe|1\n|move|p1a: Determination|Toxic|p2a: Kricketune\n|-status|p2a: Kricketune|tox\n|\n|-damage|p2a: Kricketune|94\/100 tox|[from] psn\n|upkeep\n|turn|3\n|\n|t:|1699985672\n|move|p2a: Kricketune|Trailblaze|p1b: Ash\n|-damage|p1b: Ash|61\/100\n|-boost|p2a: Kricketune|spe|1\n|move|p1b: Ash|Knock Off|p2a: Kricketune\n|-damage|p2a: Kricketune|19\/100 tox\n|-enditem|p2a: Kricketune|Focus Sash|[from] move: Knock Off|[of] p1b: Ash\n|move|p2b: Donphan|Ice Spinner|p1a: Determination\n|-supereffective|p1a: Determination\n|-damage|p1a: Determination|64\/100\n|move|p1a: Determination|Toxic|p2b: Donphan|[miss]\n|-miss|p1a: Determination|p2b: Donphan\n|\n|-damage|p2a: Kricketune|7\/100 tox|[from] psn\n|upkeep\n|turn|4\n|\n|t:|1699985696\n|move|p2a: Kricketune|Fell Stinger|p1b: Ash\n|-damage|p1b: Ash|0 fnt\n|faint|p1b: Ash\n|-boost|p2a: Kricketune|atk|3\n|move|p2b: Donphan|Ice Spinner|p1a: Determination\n|-supereffective|p1a: Determination\n|-damage|p1a: Determination|37\/100\n|move|p1a: Determination|Toxic|p2b: Donphan\n|-status|p2b: Donphan|tox\n|\n|-damage|p2a: Kricketune|0 fnt|[from] psn\n|faint|p2a: Kricketune\n|-damage|p2b: Donphan|94\/100 tox|[from] psn\n|upkeep\n|\n|t:|1699985716\n|switch|p1b: Carnaval|Quaquaval, F|100\/100\n|switch|p2a: Cinderace|Cinderace, F|100\/100\n|-activate|p1b: Carnaval|move: Sticky Web\n|-unboost|p1b: Carnaval|spe|1\n|turn|5\n|\n|t:|1699985731\n|-terastallize|p1b: Carnaval|Water\n|-zpower|p2a: Cinderace\n|move|p2a: Cinderace|Z-Bulk Up|p2a: Cinderace|[anim]Bulk Up\n|-boost|p2a: Cinderace|atk|1|[zeffect]\n|-start|p2a: Cinderace|typechange|Fighting|[from] ability: Libero\n|-boost|p2a: Cinderace|atk|1\n|-boost|p2a: Cinderace|def|1\n|move|p1b: Carnaval|Aqua Step|p2b: Donphan\n|-supereffective|p2b: Donphan\n|-damage|p2b: Donphan|0 fnt\n|-boost|p1b: Carnaval|spe|1\n|faint|p2b: Donphan\n|-ability|p1b: Carnaval|Moxie|boost\n|-boost|p1b: Carnaval|atk|1\n|move|p1a: Determination|Thunder Wave|p2a: Cinderace|[miss]\n|-miss|p1a: Determination|p2a: Cinderace\n|\n|-sideend|p1: koodagameplay|Reflect\n|upkeep\n|\n|t:|1699985751\n|switch|p2b: Barraskewda|Barraskewda, M, tera:Water|66\/100\n|turn|6\n|\n|t:|1699985770\n|move|p2b: Barraskewda|Liquidation|p1a: Determination\n|-resisted|p1a: Determination\n|-damage|p1a: Determination|14\/100\n|move|p1b: Carnaval|Aqua Step|p2a: Cinderace\n|-damage|p2a: Cinderace|11\/100\n|-boost|p1b: Carnaval|spe|1\n|move|p2a: Cinderace|Gunk Shot|p1b: Carnaval\n|-damage|p1b: Carnaval|0 fnt\n|faint|p1b: Carnaval\n|move|p1a: Determination|Thunder Wave|p2b: Barraskewda\n|-status|p2b: Barraskewda|par\n|\n|upkeep\n|\n|t:|1699985785\n|switch|p1b: Cynthia|Garchomp, F|100\/100\n|-activate|p1b: Cynthia|move: Sticky Web\n|-unboost|p1b: Cynthia|spe|1\n|turn|7\n|\n|t:|1699985803\n|move|p2a: Cinderace|Gunk Shot|p1b: Cynthia\n|-resisted|p1b: Cynthia\n|-damage|p1b: Cynthia|65\/100\n|-status|p1b: Cynthia|psn\n|move|p1b: Cynthia|Earthquake|p2b: Barraskewda|[spread] p1a,p2a,p2b\n|-damage|p1a: Determination|0 fnt\n|-damage|p2a: Cinderace|0 fnt\n|-damage|p2b: Barraskewda|0 fnt\n|faint|p1a: Determination\n|faint|p2a: Cinderace\n|faint|p2b: Barraskewda\n|\n|win|koodagameplay\n|raw|koodagameplay's rating: 1045 &rarr; <strong>1078<\/strong><br \/>(+33 for winning)\n|raw|arkmin Cydo's rating: 1042 &rarr; <strong>1026<\/strong><br \/>(-16 for losing)\n|c|\u2606koodagameplay|gg\n|c|\u2606arkmin Cydo|gg\n|l|\u2606arkmin Cydo\n|l| chensheng25800\n","uploadtime":1699985938,"views":7,"p1id":"koodagameplay","p2id":"arkmincydo","formatid":"gen9nationaldexdoubles","rating":1026,"private":0,"password":""}