{"id":"gen9nationaldexdoubles-1969985622","p1":"ClownOfTheCentury6","p2":"lxvliiz","format":"[Gen 9] National Dex Doubles","log":"|j|\u2606ClownOfTheCentury6\n|j|\u2606lxvliiz\n|t:|1697582242\n|gametype|doubles\n|player|p1|ClownOfTheCentury6|harlequin|1204\n|player|p2|lxvliiz|gambler|1150\n|teamsize|p1|6\n|teamsize|p2|6\n|gen|9\n|tier|[Gen 9] National Dex Doubles\n|rated|\n|rule|HP Percentage Mod: HP is shown in percentages\n|rule|Endless Battle Clause: Forcing endless battles is banned\n|rule|OHKO Clause: OHKO moves are banned\n|rule|Evasion Moves Clause: Evasion moves are banned\n|rule|Evasion Abilities Clause: Evasion abilities are banned\n|rule|Species Clause: Limit one of each Pok\u00e9mon\n|rule|Gravity Sleep Clause: The combination of sleep-inducing moves with imperfect accuracy and Gravity or Gigantamax Orbeetle are banned\n|clearpoke\n|poke|p1|Crabominable, F|\n|poke|p1|Ninetales-Alola, M|\n|poke|p1|Regidrago|\n|poke|p1|Cofagrigus, F|\n|poke|p1|Regice|\n|poke|p1|Sandslash-Alola, F|\n|poke|p2|Nidoking, M|\n|poke|p2|Ogerpon-Cornerstone, F|\n|poke|p2|Eevee, M|\n|poke|p2|Volcarona, M|\n|poke|p2|Mr. Mime, M|\n|poke|p2|Medicham, M|\n|teampreview\n|\n|t:|1697582249\n|start\n|switch|p1a: Crabominable|Crabominable, F|100\/100\n|switch|p1b: Ninetales|Ninetales-Alola, M|100\/100\n|switch|p2a: testing1|Eevee, M|100\/100\n|switch|p2b: Mr. Mime|Mr. Mime, M|100\/100\n|-weather|Snow|[from] ability: Snow Warning|[of] p1b: Ninetales\n|turn|1\n|\n|t:|1697582263\n|move|p2b: Mr. Mime|Follow Me|p2b: Mr. Mime\n|-singleturn|p2b: Mr. Mime|move: Follow Me\n|move|p1b: Ninetales|Frost Breath|p2b: Mr. Mime|[miss]\n|-miss|p1b: Ninetales|p2b: Mr. Mime\n|move|p1a: Crabominable|Earthquake|p2a: testing1|[spread] p1b,p2a,p2b\n|-damage|p1b: Ninetales|78\/100\n|-damage|p2a: testing1|46\/100\n|-damage|p2b: Mr. Mime|53\/100\n|-zpower|p2a: testing1\n|move|p2a: testing1|Extreme Evoboost|p2a: testing1\n|-boost|p2a: testing1|atk|2\n|-boost|p2a: testing1|def|2\n|-boost|p2a: testing1|spa|2\n|-boost|p2a: testing1|spd|2\n|-boost|p2a: testing1|spe|2\n|\n|-weather|Snow|[upkeep]\n|upkeep\n|turn|2\n|inactive|Battle timer is ON: inactive players will automatically lose when time's up. (requested by ClownOfTheCentury6)\n|\n|t:|1697582289\n|move|p2b: Mr. Mime|Follow Me|p2b: Mr. Mime\n|-singleturn|p2b: Mr. Mime|move: Follow Me\n|move|p1b: Ninetales|Frost Breath|p2b: Mr. Mime\n|-crit|p2b: Mr. Mime\n|-damage|p2b: Mr. Mime|24\/100\n|move|p2a: testing1|Baton Pass|p2a: testing1\n|\n|t:|1697582295\n|switch|p2a: Medicham|Medicham, M|100\/100|[from] Baton Pass\n|move|p1a: Crabominable|Earthquake|p2b: Mr. Mime|[spread] p1b,p2a,p2b\n|-damage|p1b: Ninetales|55\/100\n|-damage|p2a: Medicham|78\/100\n|-damage|p2b: Mr. Mime|0 fnt\n|faint|p2b: Mr. Mime\n|\n|-weather|Snow|[upkeep]\n|upkeep\n|\n|t:|1697582299\n|switch|p2b: testing2|Ogerpon-Cornerstone, F|100\/100\n|turn|3\n|\n|t:|1697582323\n|detailschange|p2a: Medicham|Medicham-Mega, M\n|-mega|p2a: Medicham|Medicham|Medichamite\n|-terastallize|p2b: testing2|Rock\n|detailschange|p2b: testing2|Ogerpon-Cornerstone-Tera, F, tera:Rock\n|-ability|p2b: testing2|Embody Aspect (Cornerstone)|boost\n|-boost|p2b: testing2|def|1\n|-terastallize|p1a: Crabominable|Dark\n|move|p2b: testing2|Follow Me|p2b: testing2\n|-singleturn|p2b: testing2|move: Follow Me\n|move|p2a: Medicham|Power-Up Punch|p1a: Crabominable\n|-supereffective|p1a: Crabominable\n|-damage|p1a: Crabominable|0 fnt\n|-boost|p2a: Medicham|atk|1\n|faint|p1a: Crabominable\n|move|p1b: Ninetales|Frost Breath|p2b: testing2\n|-crit|p2b: testing2\n|-damage|p2b: testing2|67\/100\n|\n|-weather|Snow|[upkeep]\n|upkeep\n|\n|t:|1697582329\n|switch|p1a: Regidrago|Regidrago|100\/100\n|turn|4\n|\n|t:|1697582352\n|move|p2b: testing2|Follow Me|p2b: testing2\n|-singleturn|p2b: testing2|move: Follow Me\n|move|p2a: Medicham|Power-Up Punch|p1b: Ninetales\n|-damage|p1b: Ninetales|0 fnt\n|-boost|p2a: Medicham|atk|1\n|faint|p1b: Ninetales\n|move|p1a: Regidrago|Dragon Energy|p2a: Medicham|[spread] p2a,p2b\n|-damage|p2a: Medicham|25\/100\n|-damage|p2b: testing2|0 fnt\n|faint|p2b: testing2\n|\n|-weather|Snow|[upkeep]\n|upkeep\n|\n|t:|1697582378\n|switch|p2b: testing4|Volcarona, M|100\/100\n|switch|p1b: Cofagrigus|Cofagrigus, F|100\/100\n|turn|5\n|\n|t:|1697582389\n|move|p2b: testing4|Rage Powder|p2b: testing4\n|-singleturn|p2b: testing4|move: Rage Powder\n|move|p2a: Medicham|Zen Headbutt|p1a: Regidrago\n|-damage|p1a: Regidrago|0 fnt\n|faint|p1a: Regidrago\n|move|p1b: Cofagrigus|Shadow Ball|p2b: testing4\n|-damage|p2b: testing4|83\/100\n|\n|-weather|none\n|upkeep\n|\n|t:|1697582406\n|switch|p1a: Sandslash|Sandslash-Alola, F|100\/100\n|turn|6\n|\n|t:|1697582418\n|move|p2b: testing4|Rage Powder|p2b: testing4\n|-singleturn|p2b: testing4|move: Rage Powder\n|move|p2a: Medicham|Drain Punch|p1a: Sandslash\n|-supereffective|p1a: Sandslash\n|-damage|p1a: Sandslash|0 fnt\n|-heal|p2a: Medicham|81\/100|[from] drain|[of] p1a: Sandslash\n|faint|p1a: Sandslash\n|move|p1b: Cofagrigus|Shadow Ball|p2b: testing4\n|-damage|p2b: testing4|64\/100\n|-unboost|p2b: testing4|spd|1\n|\n|upkeep\n|\n|t:|1697582422\n|switch|p1a: Regice|Regice|100\/100\n|turn|7\n|\n|t:|1697582432\n|move|p2b: testing4|Rage Powder|p2b: testing4\n|-singleturn|p2b: testing4|move: Rage Powder\n|move|p2a: Medicham|Drain Punch|p1a: Regice\n|-supereffective|p1a: Regice\n|-damage|p1a: Regice|0 fnt\n|-heal|p2a: Medicham|100\/100|[from] drain|[of] p1a: Regice\n|faint|p1a: Regice\n|move|p1b: Cofagrigus|Shadow Ball|p2b: testing4\n|-crit|p2b: testing4\n|-damage|p2b: testing4|23\/100\n|-enditem|p2b: testing4|Wiki Berry|[eat]\n|-heal|p2b: testing4|57\/100|[from] item: Wiki Berry\n|\n|upkeep\n|turn|8\n|-message|ClownOfTheCentury6 forfeited.\n|\n|win|lxvliiz\n|raw|ClownOfTheCentury6's rating: 1204 &rarr; <strong>1175<\/strong><br \/>(-29 for losing)\n|raw|lxvliiz's rating: 1150 &rarr; <strong>1179<\/strong><br \/>(+29 for winning)\n|l|\u2606ClownOfTheCentury6\n","uploadtime":1697582445,"views":6,"p1id":"clownofthecentury6","p2id":"lxvliiz","formatid":"gen9nationaldexdoubles","rating":1175,"private":0,"password":""}