{"id":"gen9nationaldexdoubles-1972445290","p1":"JKogut","p2":"ChronoTrigonometry","format":"[Gen 9] National Dex Doubles","log":"|j|\u2606JKogut\n|j|\u2606ChronoTrigonometry\n|t:|1697843631\n|gametype|doubles\n|player|p1|JKogut|workerice|\n|player|p2|ChronoTrigonometry|riley|\n|teamsize|p1|6\n|teamsize|p2|6\n|gen|9\n|tier|[Gen 9] National Dex Doubles\n|rule|HP Percentage Mod: HP is shown in percentages\n|rule|Endless Battle Clause: Forcing endless battles is banned\n|rule|OHKO Clause: OHKO moves are banned\n|rule|Evasion Moves Clause: Evasion moves are banned\n|rule|Evasion Abilities Clause: Evasion abilities are banned\n|rule|Species Clause: Limit one of each Pok\u00e9mon\n|rule|Gravity Sleep Clause: The combination of sleep-inducing moves with imperfect accuracy and Gravity or Gigantamax Orbeetle are banned\n|clearpoke\n|poke|p1|Lickilicky, F|\n|poke|p1|Skeledirge, F|\n|poke|p1|Kommo-o, F|\n|poke|p1|Kilowattrel, F|\n|poke|p1|Cresselia, F|\n|poke|p1|Grimmsnarl, M|\n|poke|p2|Metagross|\n|poke|p2|Indeedee-F, F|\n|poke|p2|Dragonite, F|\n|poke|p2|Gholdengo|\n|poke|p2|Flamigo, F|\n|poke|p2|Amoonguss, F|\n|teampreview\n|j| Green133\n|\n|t:|1697843791\n|start\n|switch|p1a: Pop Star Barbie|Kommo-o, F, shiny|100\/100\n|switch|p1b: Alopecia Barbie|Skeledirge, F, shiny|100\/100\n|switch|p2a: imposter|Amoonguss, F, shiny|100\/100\n|switch|p2b: deez nites|Dragonite, F|100\/100\n|turn|1\n|\n|t:|1697843830\n|-terastallize|p1a: Pop Star Barbie|Steel\n|move|p2b: deez nites|Dragon Dance|p2b: deez nites\n|-boost|p2b: deez nites|atk|1\n|-boost|p2b: deez nites|spe|1\n|move|p1a: Pop Star Barbie|Breaking Swipe|p2a: imposter|[spread] p2a,p2b\n|-supereffective|p2b: deez nites\n|-damage|p2a: imposter|87\/100\n|-damage|p2b: deez nites|83\/100\n|-unboost|p2a: imposter|atk|1\n|move|p1b: Alopecia Barbie|Torch Song|p2a: imposter\n|-supereffective|p2a: imposter\n|-damage|p2a: imposter|35\/100\n|-boost|p1b: Alopecia Barbie|spa|1\n|move|p2a: imposter|Spore|p1b: Alopecia Barbie\n|-status|p1b: Alopecia Barbie|slp|[from] move: Spore\n|\n|-heal|p2a: imposter|41\/100|[from] item: Leftovers\n|upkeep\n|turn|2\n|\n|t:|1697843884\n|switch|p1b: Groovy Barbie|Grimmsnarl, M, shiny|100\/100\n|move|p2a: imposter|Protect|p2a: imposter\n|-singleturn|p2a: imposter|Protect\n|move|p2b: deez nites|Earthquake|p1b: Groovy Barbie|[spread] p1a,p1b\n|-activate|p2a: imposter|move: Protect\n|-supereffective|p1a: Pop Star Barbie\n|-crit|p1a: Pop Star Barbie\n|-damage|p1a: Pop Star Barbie|34\/100\n|-damage|p1b: Groovy Barbie|63\/100\n|move|p1a: Pop Star Barbie|Breaking Swipe|p2a: imposter|[spread] p2b\n|-activate|p2a: imposter|move: Protect\n|-supereffective|p2b: deez nites\n|-damage|p2b: deez nites|42\/100\n|\n|-heal|p2a: imposter|47\/100|[from] item: Leftovers\n|upkeep\n|turn|3\n|\n|t:|1697843911\n|-terastallize|p2b: deez nites|Normal\n|move|p2b: deez nites|Extreme Speed|p1b: Groovy Barbie\n|-damage|p1b: Groovy Barbie|2\/100\n|move|p1b: Groovy Barbie|Reflect|p1b: Groovy Barbie\n|-sidestart|p1: JKogut|Reflect\n|move|p1a: Pop Star Barbie|Breaking Swipe|p2b: deez nites|[spread] p2a,p2b\n|-damage|p2a: imposter|35\/100\n|-damage|p2b: deez nites|23\/100\n|-unboost|p2a: imposter|atk|1\n|move|p2a: imposter|Sludge Bomb|p1b: Groovy Barbie\n|-supereffective|p1b: Groovy Barbie\n|-damage|p1b: Groovy Barbie|0 fnt\n|faint|p1b: Groovy Barbie\n|\n|-heal|p2a: imposter|41\/100|[from] item: Leftovers\n|upkeep\n|\n|t:|1697843970\n|switch|p1b: \"The Birds\" Barbie|Kilowattrel, F, shiny|100\/100\n|turn|4\n|\n|t:|1697844101\n|move|p1b: \"The Birds\" Barbie|Protect|p1b: \"The Birds\" Barbie\n|-singleturn|p1b: \"The Birds\" Barbie|Protect\n|move|p2a: imposter|Protect|p2a: imposter\n|-singleturn|p2a: imposter|Protect\n|move|p2b: deez nites|Earthquake|p1a: Pop Star Barbie|[spread] p1a\n|-activate|p2a: imposter|move: Protect\n|-activate|p1b: \"The Birds\" Barbie|move: Protect\n|-supereffective|p1a: Pop Star Barbie\n|-damage|p1a: Pop Star Barbie|4\/100\n|move|p1a: Pop Star Barbie|Brick Break|p2b: deez nites\n|-supereffective|p2b: deez nites\n|-damage|p2b: deez nites|0 fnt\n|faint|p2b: deez nites\n|\n|-heal|p2a: imposter|48\/100|[from] item: Leftovers\n|upkeep\n|\n|t:|1697844125\n|switch|p2b: cheese stick|Gholdengo|100\/100\n|-item|p2b: cheese stick|Air Balloon\n|turn|5\n|\n|t:|1697844149\n|switch|p2a: jajaja|Indeedee-F, F, shiny|100\/100\n|-fieldstart|move: Psychic Terrain|[from] ability: Psychic Surge|[of] p2a: jajaja\n|-enditem|p2a: jajaja|Psychic Seed\n|-boost|p2a: jajaja|spd|1|[from] item: Psychic Seed\n|move|p2b: cheese stick|Protect|p2b: cheese stick\n|-singleturn|p2b: cheese stick|Protect\n|move|p1b: \"The Birds\" Barbie|Air Cutter|p2a: jajaja|[spread] p2a\n|-activate|p2b: cheese stick|move: Protect\n|-damage|p2a: jajaja|87\/100\n|move|p1a: Pop Star Barbie|Earthquake|p2b: cheese stick|[spread] p2a\n|-activate|p2b: cheese stick|move: Protect\n|-immune|p1b: \"The Birds\" Barbie\n|-damage|p2a: jajaja|70\/100\n|\n|upkeep\n|turn|6\n|\n|t:|1697844193\n|move|p1b: \"The Birds\" Barbie|Air Cutter|p2b: cheese stick|[spread] p2a,p2b\n|-resisted|p2b: cheese stick\n|-damage|p2a: jajaja|57\/100\n|-damage|p2b: cheese stick|90\/100\n|-enditem|p2b: cheese stick|Air Balloon\n|move|p2b: cheese stick|Nasty Plot|p2b: cheese stick\n|-boost|p2b: cheese stick|spa|2\n|move|p1a: Pop Star Barbie|Earthquake|p2b: cheese stick|[spread] p2a,p2b\n|-immune|p1b: \"The Birds\" Barbie\n|-supereffective|p2b: cheese stick\n|-damage|p2a: jajaja|38\/100\n|-damage|p2b: cheese stick|52\/100\n|move|p2a: jajaja|Expanding Force|p1b: \"The Birds\" Barbie|[spread] p1a,p1b\n|-resisted|p1a: Pop Star Barbie\n|-damage|p1a: Pop Star Barbie|0 fnt\n|-damage|p1b: \"The Birds\" Barbie|24\/100\n|faint|p1a: Pop Star Barbie\n|\n|upkeep\n|l| Green133\n|j| Green133\n|\n|t:|1697844285\n|switch|p1a: Alopecia Barbie|Skeledirge, F, shiny|100\/100 slp\n|turn|7\n|\n|t:|1697844317\n|switch|p1a: Curvy Barbie|Lickilicky, F|100\/100\n|-ability|p1a: Curvy Barbie|Cloud Nine\n|move|p1b: \"The Birds\" Barbie|Air Cutter|p2b: cheese stick|[spread] p2b\n|-miss|p1b: \"The Birds\" Barbie|p2a: jajaja\n|-resisted|p2b: cheese stick\n|-damage|p2b: cheese stick|41\/100\n|move|p2b: cheese stick|Shadow Ball|p1a: Curvy Barbie\n|-immune|p1a: Curvy Barbie\n|move|p2a: jajaja|Expanding Force|p1a: Curvy Barbie|[spread] p1a,p1b\n|-damage|p1a: Curvy Barbie|75\/100\n|-damage|p1b: \"The Birds\" Barbie|0 fnt\n|faint|p1b: \"The Birds\" Barbie\n|\n|upkeep\n|\n|t:|1697844351\n|switch|p1b: Moon God Barbie|Cresselia, F|100\/100\n|turn|8\n|\n|t:|1697844368\n|move|p2a: jajaja|Follow Me|p2a: jajaja\n|-singleturn|p2a: jajaja|move: Follow Me\n|move|p2b: cheese stick|Make It Rain|p1b: Moon God Barbie|[spread] p1a,p1b\n|-damage|p1a: Curvy Barbie|10\/100\n|-damage|p1b: Moon God Barbie|51\/100\n|-unboost|p2b: cheese stick|spa|1\n|move|p1a: Curvy Barbie|Dragon Tail|p2a: jajaja\n|-damage|p2a: jajaja|26\/100\n|drag|p2a: big meaty claws|Metagross|100\/100\n|move|p1b: Moon God Barbie|Trick Room|p1b: Moon God Barbie\n|-fieldstart|move: Trick Room|[of] p1b: Moon God Barbie\n|\n|upkeep\n|turn|9\n|\n|t:|1697844395\n|detailschange|p2a: big meaty claws|Metagross-Mega\n|-mega|p2a: big meaty claws|Metagross|Metagrossite\n|move|p2b: cheese stick|Protect|p2b: cheese stick\n|-singleturn|p2b: cheese stick|Protect\n|move|p1a: Curvy Barbie|Steel Roller|p2a: big meaty claws\n|-resisted|p2a: big meaty claws\n|-crit|p2a: big meaty claws\n|-damage|p2a: big meaty claws|87\/100\n|-fieldend|move: Psychic Terrain\n|move|p1b: Moon God Barbie|Lunar Blessing|p1b: Moon God Barbie|[spread] p1a,p1b\n|-heal|p1a: Curvy Barbie|35\/100\n|-heal|p1b: Moon God Barbie|76\/100\n|move|p2a: big meaty claws|Power-Up Punch|p1a: Curvy Barbie\n|-supereffective|p1a: Curvy Barbie\n|-damage|p1a: Curvy Barbie|14\/100\n|-boost|p2a: big meaty claws|atk|1\n|-damage|p2a: big meaty claws|71\/100|[from] item: Rocky Helmet|[of] p1a: Curvy Barbie\n|\n|upkeep\n|turn|10\n|\n|t:|1697844419\n|move|p1b: Moon God Barbie|Lunar Blessing|p1b: Moon God Barbie|[spread] p1a,p1b\n|-heal|p1a: Curvy Barbie|39\/100\n|-heal|p1b: Moon God Barbie|100\/100\n|move|p2b: cheese stick|Make It Rain|p1a: Curvy Barbie|[spread] p1a,p1b\n|-damage|p1a: Curvy Barbie|0 fnt\n|-damage|p1b: Moon God Barbie|62\/100\n|-unboost|p2b: cheese stick|spa|1\n|faint|p1a: Curvy Barbie\n|move|p2a: big meaty claws|Power-Up Punch|p1b: Moon God Barbie\n|-resisted|p1b: Moon God Barbie\n|-damage|p1b: Moon God Barbie|56\/100\n|-boost|p2a: big meaty claws|atk|1\n|\n|-sideend|p1: JKogut|Reflect\n|upkeep\n|\n|t:|1697844433\n|switch|p1a: Alopecia Barbie|Skeledirge, F, shiny|100\/100 slp\n|turn|11\n|\n|t:|1697844451\n|cant|p1a: Alopecia Barbie|slp\n|move|p1b: Moon God Barbie|Lunar Blessing|p1b: Moon God Barbie|[spread] p1a,p1b\n|-curestatus|p1a: Alopecia Barbie|slp|[msg]\n|-heal|p1b: Moon God Barbie|81\/100\n|move|p2b: cheese stick|Shadow Ball|p1a: Alopecia Barbie\n|-supereffective|p1a: Alopecia Barbie\n|-damage|p1a: Alopecia Barbie|34\/100\n|-unboost|p1a: Alopecia Barbie|spd|1\n|move|p2a: big meaty claws|Zen Headbutt|p1a: Alopecia Barbie\n|-damage|p1a: Alopecia Barbie|0 fnt\n|faint|p1a: Alopecia Barbie\n|\n|upkeep\n|turn|12\n|\n|t:|1697844470\n|move|p1b: Moon God Barbie|Dazzling Gleam|p2a: big meaty claws|[spread] p2a,p2b\n|-resisted|p2a: big meaty claws\n|-resisted|p2b: cheese stick\n|-damage|p2a: big meaty claws|66\/100\n|-damage|p2b: cheese stick|36\/100\n|move|p2b: cheese stick|Shadow Ball|p1b: Moon God Barbie\n|-supereffective|p1b: Moon God Barbie\n|-damage|p1b: Moon God Barbie|29\/100\n|-unboost|p1b: Moon God Barbie|spd|1\n|move|p2a: big meaty claws|Iron Head|p1b: Moon God Barbie\n|-damage|p1b: Moon God Barbie|0 fnt\n|faint|p1b: Moon God Barbie\n|\n|win|ChronoTrigonometry\n|l|\u2606ChronoTrigonometry\n","uploadtime":1697844483,"views":18,"p1id":"jkogut","p2id":"chronotrigonometry","formatid":"gen9nationaldexdoubles","rating":0,"private":0,"password":""}