{"id":"gen9nationaldexdoubles-1949085432","p1":"Dvitor2004","p2":"AerixThorn","format":"[Gen 9] National Dex Doubles","log":"|j|\u2606Dvitor2004\n|j|\u2606AerixThorn\n|t:|1695324708\n|gametype|doubles\n|player|p1|Dvitor2004|adaman|1091\n|player|p2|AerixThorn|riley|1114\n|teamsize|p1|6\n|teamsize|p2|6\n|gen|9\n|tier|[Gen 9] National Dex Doubles\n|rated|\n|rule|HP Percentage Mod: HP is shown in percentages\n|rule|Endless Battle Clause: Forcing endless battles is banned\n|rule|OHKO Clause: OHKO moves are banned\n|rule|Evasion Moves Clause: Evasion moves are banned\n|rule|Evasion Abilities Clause: Evasion abilities are banned\n|rule|Species Clause: Limit one of each Pok\u00e9mon\n|rule|Gravity Sleep Clause: The combination of sleep-inducing moves with imperfect accuracy and Gravity or Gigantamax Orbeetle are banned\n|clearpoke\n|poke|p1|Chandelure, M|\n|poke|p1|Ogerpon, F|\n|poke|p1|Gliscor, M|\n|poke|p1|Primarina, M|\n|poke|p1|Munkidori, M|\n|poke|p1|Vikavolt, M|\n|poke|p2|Maushold|\n|poke|p2|Kommo-o, M|\n|poke|p2|Grimmsnarl, M|\n|poke|p2|Klefki, F|\n|poke|p2|Clefable, M|\n|poke|p2|Veluza, F|\n|teampreview\n|inactive|Battle timer is ON: inactive players will automatically lose when time's up. (requested by AerixThorn)\n|\n|t:|1695324722\n|start\n|switch|p1a: Gliscor|Gliscor, M, shiny|100\/100\n|switch|p1b: Vikavolt|Vikavolt, M, shiny|100\/100\n|switch|p2a: Maushold|Maushold|100\/100\n|switch|p2b: Kommo-o|Kommo-o, M|100\/100\n|turn|1\n|inactive|Dvitor2004 has 120 seconds left.\n|inactive|Dvitor2004 has 90 seconds left.\n|\n|t:|1695324792\n|move|p2a: Maushold|Tidy Up|p2a: Maushold\n|-boost|p2a: Maushold|atk|1\n|-boost|p2a: Maushold|spe|1\n|move|p2b: Kommo-o|Clangorous Soul|p2b: Kommo-o\n|-boost|p2b: Kommo-o|atk|1\n|-boost|p2b: Kommo-o|def|1\n|-boost|p2b: Kommo-o|spa|1\n|-boost|p2b: Kommo-o|spd|1\n|-boost|p2b: Kommo-o|spe|1\n|-damage|p2b: Kommo-o|68\/100\n|move|p1a: Gliscor|Hone Claws|p1a: Gliscor\n|-boost|p1a: Gliscor|atk|1\n|-boost|p1a: Gliscor|accuracy|1\n|move|p1b: Vikavolt|Sticky Web|p2a: Maushold\n|-sidestart|p2: AerixThorn|move: Sticky Web\n|\n|-heal|p2b: Kommo-o|74\/100|[from] item: Leftovers\n|-status|p1a: Gliscor|tox|[from] item: Toxic Orb\n|upkeep\n|turn|2\n|inactive|Dvitor2004 has 90 seconds left.\n|\n|t:|1695324818\n|move|p2a: Maushold|Population Bomb|p1a: Gliscor\n|-damage|p1a: Gliscor|84\/100 tox\n|-damage|p1a: Gliscor|69\/100 tox\n|-damage|p1a: Gliscor|54\/100 tox\n|-damage|p1a: Gliscor|38\/100 tox\n|-damage|p1a: Gliscor|22\/100 tox\n|-hitcount|p1a: Gliscor|5\n|move|p2b: Kommo-o|Breaking Swipe|p1b: Vikavolt|[spread] p1a,p1b\n|-damage|p1a: Gliscor|0 fnt\n|-damage|p1b: Vikavolt|79\/100\n|-unboost|p1b: Vikavolt|atk|1\n|faint|p1a: Gliscor\n|move|p1b: Vikavolt|Thunderbolt|p2b: Kommo-o\n|-resisted|p2b: Kommo-o\n|-damage|p2b: Kommo-o|59\/100\n|-status|p2b: Kommo-o|par\n|\n|-heal|p2b: Kommo-o|65\/100 par|[from] item: Leftovers\n|-heal|p1b: Vikavolt|85\/100|[from] item: Leftovers\n|upkeep\n|\n|t:|1695324837\n|switch|p1a: Primarina|Primarina, M, shiny|100\/100\n|turn|3\n|inactive|Dvitor2004 has 90 seconds left.\n|\n|t:|1695324853\n|move|p2a: Maushold|Population Bomb|p1a: Primarina\n|-damage|p1a: Primarina|80\/100\n|-damage|p1a: Primarina|59\/100\n|-damage|p1a: Primarina|39\/100\n|-damage|p1a: Primarina|19\/100\n|-crit|p1a: Primarina\n|-damage|p1a: Primarina|0 fnt\n|faint|p1a: Primarina\n|-hitcount|p1: Primarina|5\n|move|p2b: Kommo-o|Breaking Swipe|p1b: Vikavolt\n|-damage|p1b: Vikavolt|53\/100\n|-unboost|p1b: Vikavolt|atk|1\n|move|p1b: Vikavolt|Thunderbolt|p2a: Maushold\n|-damage|p2a: Maushold|34\/100\n|\n|-heal|p2b: Kommo-o|71\/100 par|[from] item: Leftovers\n|-heal|p1b: Vikavolt|59\/100|[from] item: Leftovers\n|upkeep\n|inactive|Dvitor2004 has 90 seconds left.\n|\n|t:|1695324873\n|switch|p1a: Ogerpon|Ogerpon, F, shiny|100\/100\n|turn|4\n|\n|t:|1695324888\n|move|p2a: Maushold|Population Bomb|p1a: Ogerpon\n|-damage|p1a: Ogerpon|79\/100\n|-damage|p1a: Ogerpon|58\/100\n|-damage|p1a: Ogerpon|36\/100\n|-damage|p1a: Ogerpon|16\/100\n|-damage|p1a: Ogerpon|0 fnt\n|faint|p1a: Ogerpon\n|-hitcount|p1: Ogerpon|5\n|cant|p2b: Kommo-o|par\n|move|p1b: Vikavolt|Bug Buzz|p2b: Kommo-o\n|-immune|p2b: Kommo-o|[from] ability: Soundproof\n|\n|-heal|p2b: Kommo-o|77\/100 par|[from] item: Leftovers\n|-heal|p1b: Vikavolt|66\/100|[from] item: Leftovers\n|upkeep\n|inactive|Dvitor2004 has 90 seconds left.\n|\n|t:|1695324915\n|switch|p1a: Munkidori|Munkidori, M, shiny|100\/100\n|turn|5\n|\n|t:|1695324930\n|move|p2a: Maushold|Population Bomb|p1b: Vikavolt\n|-damage|p1b: Vikavolt|53\/100\n|-damage|p1b: Vikavolt|40\/100\n|-damage|p1b: Vikavolt|28\/100\n|-damage|p1b: Vikavolt|16\/100\n|-damage|p1b: Vikavolt|4\/100\n|-damage|p1b: Vikavolt|0 fnt\n|faint|p1b: Vikavolt\n|-hitcount|p1: Vikavolt|6\n|move|p1a: Munkidori|Psychic|p2b: Kommo-o\n|-supereffective|p2b: Kommo-o\n|-damage|p2b: Kommo-o|4\/100 par\n|move|p2b: Kommo-o|Iron Head|p1a: Munkidori\n|-damage|p1a: Munkidori|36\/100\n|\n|-heal|p1a: Munkidori|42\/100|[from] item: Black Sludge\n|-heal|p2b: Kommo-o|10\/100 par|[from] item: Leftovers\n|upkeep\n|inactive|Dvitor2004 has 90 seconds left.\n|\n|t:|1695324947\n|switch|p1b: Chandelure|Chandelure, M, shiny|100\/100\n|turn|6\n|\n|t:|1695324956\n|move|p2a: Maushold|Tidy Up|p2a: Maushold\n|-sideend|p2: AerixThorn|Sticky Web\n|-activate|p2a: Maushold|move: Tidy Up\n|-boost|p2a: Maushold|atk|1\n|-boost|p2a: Maushold|spe|1\n|move|p1a: Munkidori|Psychic|p2b: Kommo-o\n|-supereffective|p2b: Kommo-o\n|-damage|p2b: Kommo-o|0 fnt\n|faint|p2b: Kommo-o\n|move|p1b: Chandelure|Substitute|p1b: Chandelure\n|-start|p1b: Chandelure|Substitute\n|-damage|p1b: Chandelure|76\/100\n|\n|-heal|p1a: Munkidori|48\/100|[from] item: Black Sludge\n|upkeep\n|\n|t:|1695324960\n|switch|p2b: Grimmsnarl|Grimmsnarl, M|100\/100\n|turn|7\n|inactive|Dvitor2004 has 120 seconds left.\n|\n|t:|1695324981\n|move|p2b: Grimmsnarl|Light Screen|p2b: Grimmsnarl\n|-sidestart|p2: AerixThorn|move: Light Screen\n|move|p2a: Maushold|Population Bomb|p1a: Munkidori\n|-damage|p1a: Munkidori|10\/100\n|-damage|p1a: Munkidori|0 fnt\n|faint|p1a: Munkidori\n|-hitcount|p1: Munkidori|2\n|move|p1b: Chandelure|Shadow Ball|p2a: Maushold\n|-immune|p2a: Maushold\n|\n|upkeep\n|turn|8\n|\n|t:|1695325002\n|move|p2a: Maushold|Shadow Claw|p1b: Chandelure\n|-supereffective|p1b: Chandelure\n|-end|p1b: Chandelure|Substitute\n|move|p1b: Chandelure|Flamethrower|p2a: Maushold\n|-damage|p2a: Maushold|0 fnt\n|faint|p2a: Maushold\n|move|p2b: Grimmsnarl|Play Rough|p1b: Chandelure\n|-resisted|p1b: Chandelure\n|-damage|p1b: Chandelure|51\/100\n|\n|upkeep\n|\n|t:|1695325010\n|switch|p2a: Veluza|Veluza, F|100\/100\n|turn|9\n|\n|t:|1695325014\n|move|p2b: Grimmsnarl|Thunder Wave|p1b: Chandelure\n|-status|p1b: Chandelure|par\n|move|p2a: Veluza|Aqua Cutter|p1b: Chandelure\n|-supereffective|p1b: Chandelure\n|-damage|p1b: Chandelure|0 fnt\n|faint|p1b: Chandelure\n|\n|win|AerixThorn\n|raw|Dvitor2004's rating: 1091 &rarr; <strong>1069<\/strong><br \/>(-22 for losing)\n|raw|AerixThorn's rating: 1114 &rarr; <strong>1137<\/strong><br \/>(+23 for winning)\n|l|\u2606Dvitor2004\n","uploadtime":1695325030,"views":6,"p1id":"dvitor2004","p2id":"aerixthorn","formatid":"gen9nationaldexdoubles","rating":1069,"private":0,"password":""}