{"id":"gen9nationaldexdoubles-1970614570","p1":"lxvliiz","p2":"mint29","format":"[Gen 9] National Dex Doubles","log":"|j|\u2606lxvliiz\n|j|\u2606mint29\n|t:|1697652554\n|gametype|doubles\n|player|p1|lxvliiz|gambler|\n|player|p2|mint29|266|\n|teamsize|p1|6\n|teamsize|p2|6\n|gen|9\n|tier|[Gen 9] National Dex Doubles\n|rule|HP Percentage Mod: HP is shown in percentages\n|rule|Endless Battle Clause: Forcing endless battles is banned\n|rule|OHKO Clause: OHKO moves are banned\n|rule|Evasion Moves Clause: Evasion moves are banned\n|rule|Evasion Abilities Clause: Evasion abilities are banned\n|rule|Species Clause: Limit one of each Pok\u00e9mon\n|rule|Gravity Sleep Clause: The combination of sleep-inducing moves with imperfect accuracy and Gravity or Gigantamax Orbeetle are banned\n|clearpoke\n|poke|p1|Eevee, F|\n|poke|p1|Volcarona, M|\n|poke|p1|Medicham, F|\n|poke|p1|Ogerpon-Cornerstone, F|\n|poke|p1|Kommo-o, F|\n|poke|p1|Oricorio-Sensu, F|\n|poke|p2|Ogerpon-Wellspring, F|\n|poke|p2|Incineroar, F|\n|poke|p2|Ninetales-Alola, F|\n|poke|p2|Lucario, M|\n|poke|p2|Clodsire, M|\n|poke|p2|Sinistcha-Masterpiece|\n|teampreview\n|\n|t:|1697652567\n|start\n|switch|p1a: Kommo-o|Kommo-o, F|100\/100\n|switch|p1b: Oricorio|Oricorio-Sensu, F|100\/100\n|switch|p2a: Clodsire|Clodsire, M|100\/100\n|switch|p2b: Ogerpon|Ogerpon-Wellspring, F|100\/100\n|turn|1\n|\n|t:|1697652594\n|-terastallize|p2b: Ogerpon|Water\n|detailschange|p2b: Ogerpon|Ogerpon-Wellspring-Tera, F, tera:Water\n|-ability|p2b: Ogerpon|Embody Aspect (Wellspring)|boost\n|-boost|p2b: Ogerpon|spd|1\n|move|p2b: Ogerpon|Swords Dance|p2b: Ogerpon\n|-boost|p2b: Ogerpon|atk|2\n|-activate|p1b: Oricorio|ability: Dancer\n|move|p1b: Oricorio|Swords Dance|p1b: Oricorio|[from]ability: Dancer\n|-boost|p1b: Oricorio|atk|2\n|move|p1a: Kommo-o|Dragon Claw|p2a: Clodsire\n|-damage|p2a: Clodsire|58\/100\n|move|p1b: Oricorio|Revelation Dance|p2b: Ogerpon\n|-damage|p2b: Ogerpon|70\/100\n|move|p2a: Clodsire|Curse|p2a: Clodsire\n|-unboost|p2a: Clodsire|spe|1\n|-boost|p2a: Clodsire|atk|1\n|-boost|p2a: Clodsire|def|1\n|\n|-heal|p2a: Clodsire|64\/100|[from] item: Leftovers\n|upkeep\n|turn|2\n|l|\u2606mint29\n|player|p2|\n|c|\u2606lxvliiz|bruh\n|j|\u2606mint29\n|player|p2|mint29|266\n|\n|t:|1697652685\n|move|p2b: Ogerpon|Ivy Cudgel|p1b: Oricorio\n|-damage|p1b: Oricorio|0 fnt\n|faint|p1b: Oricorio\n|move|p1a: Kommo-o|Clangorous Soul|p1a: Kommo-o\n|-boost|p1a: Kommo-o|atk|1\n|-boost|p1a: Kommo-o|def|1\n|-boost|p1a: Kommo-o|spa|1\n|-boost|p1a: Kommo-o|spd|1\n|-boost|p1a: Kommo-o|spe|1\n|-damage|p1a: Kommo-o|68\/100\n|move|p2a: Clodsire|Gunk Shot|p1a: Kommo-o\n|-damage|p1a: Kommo-o|19\/100\n|\n|-heal|p2a: Clodsire|70\/100|[from] item: Leftovers\n|upkeep\n|\n|t:|1697652695\n|switch|p1b: testing1|Eevee, F, shiny|100\/100\n|turn|3\n|\n|t:|1697652714\n|move|p1a: Kommo-o|Dragon Claw|p2b: Ogerpon\n|-damage|p2b: Ogerpon|2\/100\n|move|p2b: Ogerpon|Ivy Cudgel|p1a: Kommo-o\n|-resisted|p1a: Kommo-o\n|-damage|p1a: Kommo-o|0 fnt\n|faint|p1a: Kommo-o\n|-zpower|p1b: testing1\n|move|p1b: testing1|Extreme Evoboost|p1b: testing1\n|-boost|p1b: testing1|atk|2\n|-boost|p1b: testing1|def|2\n|-boost|p1b: testing1|spa|2\n|-boost|p1b: testing1|spd|2\n|-boost|p1b: testing1|spe|2\n|move|p2a: Clodsire|Recover|p2a: Clodsire\n|-heal|p2a: Clodsire|100\/100\n|\n|upkeep\n|\n|t:|1697652718\n|switch|p1a: Ogerpon|Ogerpon-Cornerstone, F|100\/100\n|turn|4\n|\n|t:|1697652744\n|move|p1a: Ogerpon|Horn Leech|p2b: Ogerpon\n|-supereffective|p2b: Ogerpon\n|-damage|p2b: Ogerpon|0 fnt\n|faint|p2b: Ogerpon\n|move|p1b: testing1|Baton Pass|p1b: testing1\n|\n|t:|1697652750\n|switch|p1b: Medicham|Medicham, F|100\/100|[from] Baton Pass\n|move|p2a: Clodsire|Recover||[still]\n|-fail|p2a: Clodsire|heal\n|\n|upkeep\n|\n|t:|1697652754\n|switch|p2b: Sinistcha|Sinistcha-Masterpiece|100\/100\n|turn|5\n|\n|t:|1697652765\n|detailschange|p1b: Medicham|Medicham-Mega, F\n|-mega|p1b: Medicham|Medicham|Medichamite\n|move|p1a: Ogerpon|Follow Me|p1a: Ogerpon\n|-singleturn|p1a: Ogerpon|move: Follow Me\n|move|p1b: Medicham|Zen Headbutt|p2b: Sinistcha\n|-damage|p2b: Sinistcha|0 fnt\n|faint|p2b: Sinistcha\n|move|p2a: Clodsire|Gunk Shot|p1a: Ogerpon\n|-ability|p1a: Ogerpon|Sturdy\n|-damage|p1a: Ogerpon|1\/100\n|\n|upkeep\n|\n|t:|1697652778\n|switch|p2b: Incineroar|Incineroar, F|100\/100\n|-ability|p2b: Incineroar|Intimidate|boost\n|-unboost|p1a: Ogerpon|atk|1\n|-unboost|p1b: Medicham|atk|1\n|turn|6\n|\n|t:|1697652787\n|move|p1a: Ogerpon|Follow Me|p1a: Ogerpon\n|-singleturn|p1a: Ogerpon|move: Follow Me\n|move|p1b: Medicham|Power-Up Punch|p2b: Incineroar\n|-supereffective|p2b: Incineroar\n|-damage|p2b: Incineroar|0 fnt\n|-boost|p1b: Medicham|atk|1\n|faint|p2b: Incineroar\n|move|p2a: Clodsire|Earthquake|p1b: Medicham|[spread] p1a,p1b\n|-damage|p1a: Ogerpon|0 fnt\n|-damage|p1b: Medicham|67\/100\n|faint|p1a: Ogerpon\n|\n|upkeep\n|\n|t:|1697652797\n|switch|p1a: testing4|Volcarona, M, shiny|100\/100\n|switch|p2b: Ninetales|Ninetales-Alola, F|100\/100\n|-weather|Snow|[from] ability: Snow Warning|[of] p2b: Ninetales\n|turn|7\n|\n|t:|1697652812\n|move|p1a: testing4|Rage Powder|p1a: testing4\n|-singleturn|p1a: testing4|move: Rage Powder\n|move|p1b: Medicham|Zen Headbutt|p2a: Clodsire\n|-supereffective|p2a: Clodsire\n|-damage|p2a: Clodsire|0 fnt\n|faint|p2a: Clodsire\n|move|p2b: Ninetales|Aurora Veil|p2b: Ninetales\n|-sidestart|p2: mint29|move: Aurora Veil\n|\n|-weather|Snow|[upkeep]\n|upkeep\n|\n|t:|1697652824\n|switch|p2a: Lucario|Lucario, M|100\/100\n|turn|8\n|\n|t:|1697652843\n|move|p1a: testing4|Rage Powder|p1a: testing4\n|-singleturn|p1a: testing4|move: Rage Powder\n|move|p1b: Medicham|Drain Punch|p2b: Ninetales\n|-damage|p2b: Ninetales|10\/100\n|-heal|p1b: Medicham|100\/100|[from] drain|[of] p2b: Ninetales\n|move|p2a: Lucario|Dragon Pulse|p1a: testing4\n|-damage|p1a: testing4|84\/100\n|move|p2b: Ninetales|Blizzard|p1b: Medicham|[spread] p1a,p1b\n|-resisted|p1a: testing4\n|-damage|p1a: testing4|73\/100\n|-damage|p1b: Medicham|78\/100\n|\n|-weather|Snow|[upkeep]\n|upkeep\n|turn|9\n|\n|t:|1697652859\n|detailschange|p2a: Lucario|Lucario-Mega, M\n|-mega|p2a: Lucario|Lucario|Lucarionite\n|move|p1a: testing4|Rage Powder|p1a: testing4\n|-singleturn|p1a: testing4|move: Rage Powder\n|move|p1b: Medicham|Power-Up Punch|p2b: Ninetales\n|-damage|p2b: Ninetales|0 fnt\n|-boost|p1b: Medicham|atk|1\n|faint|p2b: Ninetales\n|move|p2a: Lucario|Thunder Punch|p1a: testing4\n|-damage|p1a: testing4|39\/100\n|\n|-weather|Snow|[upkeep]\n|upkeep\n|turn|10\n|\n|t:|1697652871\n|move|p1a: testing4|Rage Powder|p1a: testing4\n|-singleturn|p1a: testing4|move: Rage Powder\n|move|p1b: Medicham|Zen Headbutt|p2a: Lucario\n|-damage|p2a: Lucario|0 fnt\n|faint|p2a: Lucario\n|\n|win|lxvliiz\n|l|\u2606mint29\n","uploadtime":1697652958,"views":9,"p1id":"lxvliiz","p2id":"mint29","formatid":"gen9nationaldexdoubles","rating":0,"private":0,"password":""}