{"id":"gen9nationaldexdoubles-1964317449","p1":"Kipkai","p2":"Lord Highkage","format":"[Gen 9] National Dex Doubles","log":"|j|\u2606Kipkai\n|j|\u2606Lord Highkage\n|t:|1696959195\n|gametype|doubles\n|player|p1|Kipkai|unknown|\n|player|p2|Lord Highkage|266|\n|teamsize|p1|6\n|teamsize|p2|6\n|gen|9\n|tier|[Gen 9] National Dex Doubles\n|rule|HP Percentage Mod: HP is shown in percentages\n|rule|Endless Battle Clause: Forcing endless battles is banned\n|rule|OHKO Clause: OHKO moves are banned\n|rule|Evasion Moves Clause: Evasion moves are banned\n|rule|Evasion Abilities Clause: Evasion abilities are banned\n|rule|Species Clause: Limit one of each Pok\u00e9mon\n|rule|Gravity Sleep Clause: The combination of sleep-inducing moves with imperfect accuracy and Gravity or Gigantamax Orbeetle are banned\n|clearpoke\n|poke|p1|Amoonguss, M|\n|poke|p1|Cresselia, F|\n|poke|p1|Ursaluna, F|\n|poke|p1|Tornadus, M|\n|poke|p1|Thundurus-Therian, M|\n|poke|p1|Brambleghast, M|\n|poke|p2|Wyrdeer, M|\n|poke|p2|Milotic, F|\n|poke|p2|Electrode|\n|poke|p2|Graveler-Alola, F|\n|poke|p2|Weavile, M|\n|poke|p2|Ogerpon-Hearthflame, F|\n|teampreview\n|\n|t:|1696959205\n|start\n|switch|p1a: Tornadus|Tornadus, M, shiny|100\/100\n|switch|p1b: Thundurus|Thundurus-Therian, M, shiny|100\/100\n|switch|p2a: Weavile|Weavile, M|100\/100\n|switch|p2b: Wyrdeer|Wyrdeer, M|100\/100\n|-ability|p2a: Weavile|Pressure\n|-ability|p2b: Wyrdeer|Intimidate|boost\n|-unboost|p1a: Tornadus|atk|1\n|-unboost|p1b: Thundurus|atk|1\n|turn|1\n|\n|t:|1696959238\n|move|p2a: Weavile|Fake Out|p1a: Tornadus\n|-crit|p1a: Tornadus\n|-damage|p1a: Tornadus|68\/100\n|cant|p1a: Tornadus|flinch\n|move|p1b: Thundurus|Focus Blast|p2a: Weavile\n|-supereffective|p2a: Weavile\n|-enditem|p2a: Weavile|Focus Sash\n|-damage|p2a: Weavile|1\/100\n|move|p2b: Wyrdeer|Body Slam|p1b: Thundurus\n|-damage|p1b: Thundurus|47\/100\n|\n|upkeep\n|turn|2\n|\n|t:|1696959271\n|move|p2b: Wyrdeer|Protect|p2b: Wyrdeer\n|-singleturn|p2b: Wyrdeer|Protect\n|move|p1a: Tornadus|Tailwind|p1a: Tornadus\n|-sidestart|p1: Kipkai|move: Tailwind\n|move|p1b: Thundurus|Focus Blast|p2b: Wyrdeer\n|-activate|p2b: Wyrdeer|move: Protect\n|move|p2a: Weavile|Icicle Crash|p1b: Thundurus\n|-supereffective|p1b: Thundurus\n|-damage|p1b: Thundurus|0 fnt\n|faint|p1b: Thundurus\n|\n|upkeep\n|\n|t:|1696959282\n|switch|p1b: Brambleghast|Brambleghast, M|100\/100\n|-ability|p1b: Brambleghast|Wind Rider|boost\n|-boost|p1b: Brambleghast|atk|1\n|turn|3\n|\n|t:|1696959313\n|move|p1a: Tornadus|Tailwind||[still]\n|-fail|p1a: Tornadus\n|move|p1b: Brambleghast|Strength Sap|p2a: Weavile\n|-unboost|p2a: Weavile|atk|1\n|move|p2a: Weavile|Icicle Crash|p1b: Brambleghast|[miss]\n|-miss|p2a: Weavile|p1b: Brambleghast\n|move|p2b: Wyrdeer|Body Slam|p1a: Tornadus\n|-damage|p1a: Tornadus|19\/100\n|\n|upkeep\n|turn|4\n|\n|t:|1696959336\n|switch|p2a: Milotic|Milotic, F|100\/100\n|move|p1a: Tornadus|Protect|p1a: Tornadus\n|-singleturn|p1a: Tornadus|Protect\n|move|p1b: Brambleghast|Rapid Spin|p2a: Milotic\n|-damage|p2a: Milotic|71\/100\n|-boost|p1b: Brambleghast|spe|1\n|move|p2b: Wyrdeer|Psyshield Bash|p1a: Tornadus\n|-activate|p1a: Tornadus|move: Protect\n|\n|upkeep\n|turn|5\n|\n|t:|1696959365\n|switch|p2a: Ogerpon|Ogerpon-Hearthflame, F|100\/100\n|-ability|p2a: Ogerpon|Mold Breaker\n|move|p1a: Tornadus|Taunt|p2b: Wyrdeer\n|-start|p2b: Wyrdeer|move: Taunt\n|-enditem|p2b: Wyrdeer|Mental Herb\n|-end|p2b: Wyrdeer|move: Taunt\n|move|p1b: Brambleghast|Poltergeist|p2a: Ogerpon\n|-activate|p2a: Ogerpon|move: Poltergeist|Hearthflame Mask\n|-damage|p2a: Ogerpon|22\/100\n|move|p2b: Wyrdeer|Psyshield Bash|p1a: Tornadus\n|-damage|p1a: Tornadus|0 fnt\n|-boost|p2b: Wyrdeer|def|1\n|faint|p1a: Tornadus\n|\n|-sideend|p1: Kipkai|move: Tailwind\n|upkeep\n|\n|t:|1696959384\n|switch|p1a: Amoonguss|Amoonguss, M, shiny|100\/100\n|turn|6\n|\n|t:|1696959417\n|move|p1a: Amoonguss|Rage Powder|p1a: Amoonguss\n|-singleturn|p1a: Amoonguss|move: Rage Powder\n|move|p1b: Brambleghast|Poltergeist|p2a: Ogerpon\n|-activate|p2a: Ogerpon|move: Poltergeist|Hearthflame Mask\n|-damage|p2a: Ogerpon|0 fnt\n|faint|p2a: Ogerpon\n|move|p2b: Wyrdeer|Psyshield Bash|p1a: Amoonguss\n|-supereffective|p1a: Amoonguss\n|-damage|p1a: Amoonguss|52\/100\n|-boost|p2b: Wyrdeer|def|1\n|-damage|p2b: Wyrdeer|84\/100|[from] item: Rocky Helmet|[of] p1a: Amoonguss\n|\n|upkeep\n|\n|t:|1696959428\n|switch|p2a: Weavile|Weavile, M|1\/100\n|-ability|p2a: Weavile|Pressure\n|turn|7\n|\n|t:|1696959451\n|move|p1a: Amoonguss|Protect|p1a: Amoonguss\n|-singleturn|p1a: Amoonguss|Protect\n|move|p1b: Brambleghast|Rapid Spin|p2a: Weavile\n|-damage|p2a: Weavile|0 fnt\n|-boost|p1b: Brambleghast|spe|1\n|faint|p2a: Weavile\n|move|p2b: Wyrdeer|Psyshield Bash|p1a: Amoonguss\n|-activate|p1a: Amoonguss|move: Protect\n|\n|upkeep\n|\n|t:|1696959463\n|switch|p2a: Graveler|Graveler-Alola, F|100\/100\n|turn|8\n|\n|t:|1696959475\n|switch|p1a: Cresselia|Cresselia, F, shiny|100\/100\n|move|p1b: Brambleghast|Power Whip|p2a: Graveler\n|-supereffective|p2a: Graveler\n|-damage|p2a: Graveler|0 fnt\n|faint|p2a: Graveler\n|move|p2b: Wyrdeer|Psyshield Bash|p1b: Brambleghast\n|-damage|p1b: Brambleghast|53\/100\n|-boost|p2b: Wyrdeer|def|1\n|\n|upkeep\n|\n|t:|1696959487\n|switch|p2a: Milotic|Milotic, F|71\/100\n|turn|9\n|\n|t:|1696959508\n|move|p1b: Brambleghast|Power Whip|p2a: Milotic\n|-supereffective|p2a: Milotic\n|-damage|p2a: Milotic|0 fnt\n|faint|p2a: Milotic\n|move|p2b: Wyrdeer|Psyshield Bash|p1b: Brambleghast\n|-damage|p1b: Brambleghast|0 fnt\n|-boost|p2b: Wyrdeer|def|1\n|faint|p1b: Brambleghast\n|move|p1a: Cresselia|Lunar Blessing||[still]\n|-fail|p1a: Cresselia\n|\n|upkeep\n|\n|t:|1696959520\n|switch|p1b: Amoonguss|Amoonguss, M, shiny|85\/100\n|switch|p2a: Electrode|Electrode|100\/100\n|turn|10\n|\n|t:|1696959532\n|move|p2a: Electrode|Explosion|p1b: Amoonguss|[spread] p2b,p1a,p1b\n|-damage|p2b: Wyrdeer|62\/100\n|-damage|p1a: Cresselia|64\/100\n|-damage|p1b: Amoonguss|39\/100\n|faint|p2a: Electrode\n|move|p2b: Wyrdeer|Psyshield Bash|p1b: Amoonguss\n|-supereffective|p1b: Amoonguss\n|-damage|p1b: Amoonguss|0 fnt\n|-boost|p2b: Wyrdeer|def|1\n|-damage|p2b: Wyrdeer|45\/100|[from] item: Rocky Helmet|[of] p1b: Amoonguss\n|faint|p1b: Amoonguss\n|move|p1a: Cresselia|Trick Room|p1a: Cresselia\n|-fieldstart|move: Trick Room|[of] p1a: Cresselia\n|\n|upkeep\n|\n|t:|1696959542\n|switch|p1b: Ursaluna|Ursaluna, F, shiny|100\/100\n|turn|11\n|\n|t:|1696959555\n|move|p1a: Cresselia|Ally Switch|p1a: Cresselia\n|swap|p1a: Cresselia|1|[from] move: Ally Switch\n|move|p2b: Wyrdeer|Body Slam|p1b: Cresselia\n|-damage|p1b: Cresselia|41\/100\n|move|p1a: Ursaluna|Swords Dance|p1a: Ursaluna\n|-boost|p1a: Ursaluna|atk|2\n|\n|-status|p1a: Ursaluna|brn|[from] item: Flame Orb\n|upkeep\n|turn|12\n|\n|t:|1696959569\n|move|p1b: Cresselia|Lunar Blessing|p1b: Cresselia|[spread] p1a,p1b\n|-curestatus|p1a: Ursaluna|brn|[msg]\n|-heal|p1b: Cresselia|66\/100\n|move|p2b: Wyrdeer|Skill Swap|p1a: Ursaluna\n|-activate|p2b: Wyrdeer|move: Skill Swap|Guts|Intimidate|[of] p1a: Ursaluna\n|-ability|p1a: Ursaluna|Intimidate|boost\n|-unboost|p2b: Wyrdeer|atk|1\n|move|p1a: Ursaluna|Facade|p2b: Wyrdeer\n|-damage|p2b: Wyrdeer|21\/100\n|\n|-status|p1a: Ursaluna|brn|[from] item: Flame Orb\n|upkeep\n|turn|13\n|c|\u2606Lord Highkage|gg\n|\n|t:|1696959599\n|move|p1b: Cresselia|Psychic|p2b: Wyrdeer\n|-resisted|p2b: Wyrdeer\n|-damage|p2b: Wyrdeer|10\/100\n|move|p2b: Wyrdeer|Psyshield Bash|p1a: Ursaluna\n|-damage|p1a: Ursaluna|87\/100 brn\n|-boost|p2b: Wyrdeer|def|1\n|move|p1a: Ursaluna|Facade|p2b: Wyrdeer\n|-damage|p2b: Wyrdeer|0 fnt\n|faint|p2b: Wyrdeer\n|\n|win|Kipkai\n|l|\u2606Kipkai\n","uploadtime":1696959663,"views":8,"p1id":"kipkai","p2id":"lordhighkage","formatid":"gen9nationaldexdoubles","rating":0,"private":0,"password":""}