{"id":"gen9nationaldexdoubles-1988165981","p1":"Redzone92","p2":"Dreezy peezy","format":"[Gen 9] National Dex Doubles","log":"|j|\u2606Redzone92\n|j|\u2606Dreezy peezy\n|t:|1699678277\n|gametype|doubles\n|player|p1|Redzone92|alder|1183\n|player|p2|Dreezy peezy|hilda-wonderlauncher|1145\n|teamsize|p1|6\n|teamsize|p2|6\n|gen|9\n|tier|[Gen 9] National Dex Doubles\n|rated|\n|rule|HP Percentage Mod: HP is shown in percentages\n|rule|Endless Battle Clause: Forcing endless battles is banned\n|rule|OHKO Clause: OHKO moves are banned\n|rule|Evasion Moves Clause: Evasion moves are banned\n|rule|Evasion Abilities Clause: Evasion abilities are banned\n|rule|Species Clause: Limit one of each Pok\u00e9mon\n|rule|Gravity Sleep Clause: The combination of sleep-inducing moves with imperfect accuracy and Gravity or Gigantamax Orbeetle are banned\n|clearpoke\n|poke|p1|Zeraora|\n|poke|p1|Hydreigon, F|\n|poke|p1|Togekiss, M|\n|poke|p1|Cobalion|\n|poke|p1|Torterra, M|\n|poke|p1|Overqwil, F|\n|poke|p2|Raichu, M|\n|poke|p2|Scizor, M|\n|poke|p2|Ogerpon-Wellspring, F|\n|poke|p2|Ceruledge, M|\n|poke|p2|Dragonite, M|\n|poke|p2|Chansey, F|\n|teampreview\n|c|\u2606Dreezy peezy|glhf\n|inactive|Battle timer is ON: inactive players will automatically lose when time's up. (requested by Dreezy peezy)\n|\n|t:|1699678287\n|start\n|switch|p1a: Hydreigon|Hydreigon, F|100\/100\n|switch|p1b: Overqwil|Overqwil, F|100\/100\n|switch|p2a: Dragonite|Dragonite, M|100\/100\n|switch|p2b: Chansey|Chansey, F|100\/100\n|-ability|p1b: Overqwil|Intimidate|boost\n|-unboost|p2a: Dragonite|atk|1\n|-unboost|p2b: Chansey|atk|1\n|-item|p1b: Overqwil|Air Balloon\n|turn|1\n|c|\u2606Redzone92|glhf\n|\n|t:|1699678307\n|move|p1a: Hydreigon|Stealth Rock|p2b: Chansey\n|-sidestart|p2: Dreezy peezy|move: Stealth Rock\n|move|p1b: Overqwil|Swords Dance|p1b: Overqwil\n|-boost|p1b: Overqwil|atk|2\n|move|p2a: Dragonite|Dragon Claw|p1a: Hydreigon\n|-supereffective|p1a: Hydreigon\n|-damage|p1a: Hydreigon|37\/100\n|move|p2b: Chansey|Heal Pulse|p2a: Dragonite\n|-fail|p2a: Dragonite|heal\n|\n|upkeep\n|turn|2\n|\n|t:|1699678335\n|move|p1a: Hydreigon|Tailwind|p1a: Hydreigon\n|-sidestart|p1: Redzone92|move: Tailwind\n|move|p1b: Overqwil|Crunch|p2a: Dragonite\n|-damage|p2a: Dragonite|61\/100\n|move|p2a: Dragonite|Dragon Claw|p1a: Hydreigon\n|-supereffective|p1a: Hydreigon\n|-damage|p1a: Hydreigon|0 fnt\n|faint|p1a: Hydreigon\n|move|p2b: Chansey|Heal Pulse|p2a: Dragonite\n|-heal|p2a: Dragonite|100\/100\n|\n|upkeep\n|inactive|Redzone92 has 120 seconds left.\n|\n|t:|1699678350\n|switch|p1a: Togekiss|Togekiss, M|100\/100\n|turn|3\n|\n|t:|1699678371\n|move|p1a: Togekiss|Follow Me|p1a: Togekiss\n|-singleturn|p1a: Togekiss|move: Follow Me\n|move|p1b: Overqwil|Crunch|p2a: Dragonite\n|-damage|p2a: Dragonite|63\/100\n|move|p2a: Dragonite|Dragon Claw|p1a: Togekiss\n|-immune|p1a: Togekiss\n|move|p2b: Chansey|Heal Pulse|p1a: Togekiss\n|-fail|p1a: Togekiss|heal\n|\n|upkeep\n|turn|4\n|\n|t:|1699678383\n|move|p1a: Togekiss|Follow Me|p1a: Togekiss\n|-singleturn|p1a: Togekiss|move: Follow Me\n|move|p2a: Dragonite|Extreme Speed|p1a: Togekiss\n|-damage|p1a: Togekiss|79\/100\n|move|p1b: Overqwil|Crunch|p2a: Dragonite\n|-damage|p2a: Dragonite|0 fnt\n|faint|p2a: Dragonite\n|move|p2b: Chansey|Ice Beam|p1a: Togekiss\n|-supereffective|p1a: Togekiss\n|-damage|p1a: Togekiss|65\/100\n|\n|-heal|p1a: Togekiss|72\/100|[from] item: Leftovers\n|upkeep\n|\n|t:|1699678393\n|switch|p2a: ChiChi|Raichu, M|100\/100\n|-damage|p2a: ChiChi|88\/100|[from] Stealth Rock\n|turn|5\n|\n|t:|1699678409\n|switch|p1a: Torterra|Torterra, M|100\/100\n|move|p1b: Overqwil|Barb Barrage|p2a: ChiChi\n|-damage|p2a: ChiChi|0 fnt\n|faint|p2a: ChiChi\n|move|p2b: Chansey|Heal Pulse|p2: ChiChi|[notarget]\n|-fail|p2b: Chansey\n|\n|-sideend|p1: Redzone92|move: Tailwind\n|upkeep\n|\n|t:|1699678420\n|switch|p2a: Ceruledge|Ceruledge, M|100\/100\n|-damage|p2a: Ceruledge|76\/100|[from] Stealth Rock\n|turn|6\n|\n|t:|1699678431\n|switch|p1a: Togekiss|Togekiss, M|72\/100\n|-terastallize|p2a: Ceruledge|Fire\n|move|p1b: Overqwil|Crunch|p2a: Ceruledge\n|-damage|p2a: Ceruledge|0 fnt\n|faint|p2a: Ceruledge\n|move|p2b: Chansey|Heal Pulse|p2: Ceruledge|[notarget]\n|-fail|p2b: Chansey\n|\n|-heal|p1a: Togekiss|78\/100|[from] item: Leftovers\n|upkeep\n|\n|t:|1699678439\n|switch|p2a: Ogerpon|Ogerpon-Wellspring, F|100\/100\n|-damage|p2a: Ogerpon|88\/100|[from] Stealth Rock\n|turn|7\n|\n|t:|1699678455\n|move|p2b: Chansey|Protect|p2b: Chansey\n|-singleturn|p2b: Chansey|Protect\n|move|p2a: Ogerpon|Ivy Cudgel|p1b: Overqwil\n|-damage|p1b: Overqwil|29\/100\n|-enditem|p1b: Overqwil|Air Balloon\n|move|p1b: Overqwil|Barb Barrage|p2a: Ogerpon\n|-supereffective|p2a: Ogerpon\n|-damage|p2a: Ogerpon|0 fnt\n|faint|p2a: Ogerpon\n|move|p1a: Togekiss|Air Slash|p2b: Chansey\n|-activate|p2b: Chansey|move: Protect\n|\n|-heal|p1a: Togekiss|84\/100|[from] item: Leftovers\n|upkeep\n|\n|t:|1699678462\n|switch|p2a: Scizor|Scizor, M|100\/100\n|-damage|p2a: Scizor|88\/100|[from] Stealth Rock\n|turn|8\n|\n|t:|1699678479\n|move|p1a: Togekiss|Follow Me|p1a: Togekiss\n|-singleturn|p1a: Togekiss|move: Follow Me\n|move|p2a: Scizor|Bullet Punch|p1a: Togekiss\n|-supereffective|p1a: Togekiss\n|-damage|p1a: Togekiss|0 fnt\n|faint|p1a: Togekiss\n|-damage|p2a: Scizor|78\/100|[from] item: Life Orb\n|move|p1b: Overqwil|Crunch|p2a: Scizor\n|-damage|p2a: Scizor|0 fnt\n|faint|p2a: Scizor\n|move|p2b: Chansey|Heal Pulse|p2: Scizor|[notarget]\n|-fail|p2b: Chansey\n|\n|upkeep\n|-message|Dreezy peezy forfeited.\n|\n|win|Redzone92\n|raw|Redzone92's rating: 1183 &rarr; <strong>1205<\/strong><br \/>(+22 for winning)\n|raw|Dreezy peezy's rating: 1145 &rarr; <strong>1123<\/strong><br \/>(-22 for losing)\n|l|\u2606Dreezy peezy\n","uploadtime":1699678499,"views":19,"p1id":"redzone92","p2id":"dreezypeezy","formatid":"gen9nationaldexdoubles","rating":1123,"private":0,"password":""}