{"id":"gen9nationaldexdoubles-1996436479","p1":"Muggcat","p2":"fumbari 24","format":"[Gen 9] National Dex Doubles","log":"|j|\u203dMuggcat\n|j|\u2606fumbari 24\n|t:|1700681856\n|gametype|doubles\n|player|p1|Muggcat|266|1165\n|player|p2|fumbari 24|hilbert|1163\n|teamsize|p1|6\n|teamsize|p2|6\n|gen|9\n|tier|[Gen 9] National Dex Doubles\n|rated|\n|rule|HP Percentage Mod: HP is shown in percentages\n|rule|Endless Battle Clause: Forcing endless battles is banned\n|rule|OHKO Clause: OHKO moves are banned\n|rule|Evasion Moves Clause: Evasion moves are banned\n|rule|Evasion Abilities Clause: Evasion abilities are banned\n|rule|Species Clause: Limit one of each Pok\u00e9mon\n|rule|Gravity Sleep Clause: The combination of sleep-inducing moves with imperfect accuracy and Gravity or Gigantamax Orbeetle are banned\n|clearpoke\n|poke|p1|Raichu-Alola, M|\n|poke|p1|Golurk|\n|poke|p1|Regidrago|\n|poke|p1|Chi-Yu|\n|poke|p1|Urshifu-*, F|\n|poke|p1|Regieleki|\n|poke|p2|Baxcalibur, M|\n|poke|p2|Maushold|\n|poke|p2|Dipplin, F|\n|poke|p2|Abomasnow, M|\n|poke|p2|Cramorant, F|\n|poke|p2|Wigglytuff, F|\n|teampreview\n|inactive|Battle timer is ON: inactive players will automatically lose when time's up. (requested by fumbari 24)\n|\n|t:|1700681891\n|start\n|switch|p1a: Raichu|Raichu-Alola, M, shiny|100\/100\n|switch|p1b: Regidrago|Regidrago|100\/100\n|switch|p2a: Baxcalibur|Baxcalibur, M|100\/100\n|switch|p2b: Maushold|Maushold|100\/100\n|turn|1\n|\n|t:|1700681914\n|move|p2b: Maushold|Protect|p2b: Maushold\n|-singleturn|p2b: Maushold|Protect\n|move|p2a: Baxcalibur|Protect|p2a: Baxcalibur\n|-singleturn|p2a: Baxcalibur|Protect\n|move|p1a: Raichu|Fake Out|p2a: Baxcalibur\n|-activate|p2a: Baxcalibur|move: Protect\n|move|p1b: Regidrago|Dragon Energy|p2a: Baxcalibur|[spread] \n|-activate|p2a: Baxcalibur|move: Protect\n|-activate|p2b: Maushold|move: Protect\n|\n|upkeep\n|turn|2\n|\n|t:|1700681939\n|switch|p2b: Wigglytuff|Wigglytuff, F|100\/100\n|-terastallize|p1b: Regidrago|Steel\n|move|p2a: Baxcalibur|Ice Shard|p1b: Regidrago\n|-resisted|p1b: Regidrago\n|-damage|p1b: Regidrago|89\/100\n|move|p1a: Raichu|Rain Dance|p1a: Raichu\n|-weather|RainDance\n|move|p1b: Regidrago|Dragon Energy|p2a: Baxcalibur|[spread] p2a\n|-immune|p2b: Wigglytuff\n|-supereffective|p2a: Baxcalibur\n|-damage|p2a: Baxcalibur|0 fnt\n|faint|p2a: Baxcalibur\n|\n|-weather|RainDance|[upkeep]\n|upkeep\n|inactive|fumbari 24 has 120 seconds left.\n|\n|t:|1700681952\n|switch|p2a: Abomasnow|Abomasnow, M|100\/100\n|-weather|Snow|[from] ability: Snow Warning|[of] p2a: Abomasnow\n|turn|3\n|\n|t:|1700681972\n|switch|p2a: Dipplin|Dipplin, F|100\/100\n|-ability|p2a: Dipplin|Supersweet Syrup\n|-ability|p2a: Dipplin|Supersweet Syrup|boost\n|-unboost|p1a: Raichu|evasion|1\n|-unboost|p1b: Regidrago|evasion|1\n|move|p1a: Raichu|Rain Dance|p1a: Raichu\n|-weather|RainDance\n|move|p1b: Regidrago|Tera Blast|p2b: Wigglytuff|[anim] Tera Blast Steel\n|-supereffective|p2b: Wigglytuff\n|-damage|p2b: Wigglytuff|40\/100\n|move|p2b: Wigglytuff|Fire Blast|p1b: Regidrago\n|-supereffective|p1b: Regidrago\n|-damage|p1b: Regidrago|70\/100\n|-status|p1b: Regidrago|brn\n|\n|-weather|RainDance|[upkeep]\n|-damage|p1b: Regidrago|64\/100 brn|[from] brn\n|upkeep\n|turn|4\n|inactive|Muggcat has 120 seconds left.\n|inactive|fumbari 24 has 120 seconds left.\n|\n|t:|1700682014\n|switch|p2b: Maushold|Maushold|100\/100\n|move|p1a: Raichu|Light Screen|p1a: Raichu\n|-sidestart|p1: Muggcat|move: Light Screen\n|move|p1b: Regidrago|Tera Blast|p2b: Maushold|[anim] Tera Blast Steel\n|-damage|p2b: Maushold|69\/100\n|move|p2a: Dipplin|Syrup Bomb|p1b: Regidrago\n|-resisted|p1b: Regidrago\n|-damage|p1b: Regidrago|60\/100 brn\n|-start|p1b: Regidrago|Syrup Bomb\n|\n|-weather|RainDance|[upkeep]\n|-damage|p1b: Regidrago|53\/100 brn|[from] brn\n|-unboost|p1b: Regidrago|spe|1\n|upkeep\n|turn|5\n|inactive|Muggcat has 120 seconds left.\n|\n|t:|1700682054\n|switch|p1a: Chi-Yu|Chi-Yu|100\/100\n|-ability|p1a: Chi-Yu|Beads of Ruin\n|move|p2b: Maushold|Population Bomb|p1a: Chi-Yu\n|-damage|p1a: Chi-Yu|92\/100\n|-damage|p1a: Chi-Yu|82\/100\n|-damage|p1a: Chi-Yu|73\/100\n|-damage|p1a: Chi-Yu|65\/100\n|-damage|p1a: Chi-Yu|55\/100\n|-damage|p1a: Chi-Yu|46\/100\n|-damage|p1a: Chi-Yu|36\/100\n|-damage|p1a: Chi-Yu|27\/100\n|-damage|p1a: Chi-Yu|18\/100\n|-crit|p1a: Chi-Yu\n|-damage|p1a: Chi-Yu|5\/100\n|-hitcount|p1a: Chi-Yu|10\n|move|p1b: Regidrago|Draco Meteor|p2a: Dipplin\n|-supereffective|p2a: Dipplin\n|-damage|p2a: Dipplin|0 fnt\n|-unboost|p1b: Regidrago|spa|2\n|faint|p2a: Dipplin\n|\n|-weather|RainDance|[upkeep]\n|-damage|p1b: Regidrago|47\/100 brn|[from] brn\n|-unboost|p1b: Regidrago|spe|1\n|upkeep\n|inactive|fumbari 24 has 120 seconds left.\n|inactive|fumbari 24 has 90 seconds left.\n|\n|t:|1700682122\n|switch|p2a: Wigglytuff|Wigglytuff, F|40\/100\n|turn|6\n|inactive|Muggcat has 120 seconds left.\n|inactive|fumbari 24 has 90 seconds left.\n|\n|t:|1700682146\n|switch|p1a: Regieleki|Regieleki, shiny|100\/100\n|move|p2b: Maushold|Protect|p2b: Maushold\n|-singleturn|p2b: Maushold|Protect\n|move|p2a: Wigglytuff|Hyper Voice|p1a: Regieleki|[spread] p1a,p1b\n|-resisted|p1b: Regidrago\n|-damage|p1a: Regieleki|67\/100\n|-damage|p1b: Regidrago|42\/100 brn\n|move|p1b: Regidrago|Tera Blast|p2a: Wigglytuff|[anim] Tera Blast Steel\n|-supereffective|p2a: Wigglytuff\n|-damage|p2a: Wigglytuff|24\/100\n|\n|-weather|RainDance|[upkeep]\n|-damage|p1b: Regidrago|36\/100 brn|[from] brn\n|-unboost|p1b: Regidrago|spe|1\n|upkeep\n|turn|7\n|inactive|Muggcat has 120 seconds left.\n|\n|t:|1700682176\n|switch|p1b: Golurk|Golurk, shiny|100\/100\n|move|p1a: Regieleki|Thunder|p2b: Maushold\n|-damage|p2b: Maushold|8\/100\n|-status|p2b: Maushold|par\n|move|p2a: Wigglytuff|Hyper Voice|p1a: Regieleki|[spread] p1a\n|-immune|p1b: Golurk\n|-damage|p1a: Regieleki|31\/100\n|cant|p2b: Maushold|par\n|\n|-weather|none\n|upkeep\n|turn|8\n|inactive|Muggcat has 120 seconds left.\n|\n|t:|1700682205\n|move|p2b: Maushold|Follow Me|p2b: Maushold\n|-singleturn|p2b: Maushold|move: Follow Me\n|move|p1a: Regieleki|Electroweb|p2b: Maushold|[spread] p2a,p2b\n|-damage|p2a: Wigglytuff|8\/100\n|-damage|p2b: Maushold|0 fnt\n|-unboost|p2a: Wigglytuff|spe|1\n|-ability|p2a: Wigglytuff|Competitive|boost\n|-boost|p2a: Wigglytuff|spa|2\n|faint|p2b: Maushold\n|move|p1b: Golurk|Poltergeist|p2a: Wigglytuff\n|-immune|p2a: Wigglytuff\n|move|p2a: Wigglytuff|Chilling Water|p1b: Golurk\n|-supereffective|p1b: Golurk\n|-damage|p1b: Golurk|63\/100\n|\n|-sideend|p1: Muggcat|move: Light Screen\n|upkeep\n|inactive|fumbari 24 has 90 seconds left.\n|\n|t:|1700682229\n|switch|p2b: Abomasnow|Abomasnow, M|100\/100\n|-weather|Snow|[from] ability: Snow Warning|[of] p2b: Abomasnow\n|turn|9\n|\n|t:|1700682240\n|detailschange|p2b: Abomasnow|Abomasnow-Mega, M\n|-mega|p2b: Abomasnow|Abomasnow|Abomasite\n|move|p1a: Regieleki|Electroweb|p2b: Abomasnow|[spread] p2a,p2b\n|-resisted|p2b: Abomasnow\n|-damage|p2a: Wigglytuff|0 fnt\n|-damage|p2b: Abomasnow|92\/100\n|-unboost|p2b: Abomasnow|spe|1\n|faint|p2a: Wigglytuff\n|move|p1b: Golurk|Drain Punch|p2b: Abomasnow\n|-supereffective|p2b: Abomasnow\n|-damage|p2b: Abomasnow|51\/100\n|-heal|p1b: Golurk|82\/100|[from] drain|[of] p2b: Abomasnow\n|move|p2b: Abomasnow|Aurora Veil|p2b: Abomasnow\n|-sidestart|p2: fumbari 24|move: Aurora Veil\n|\n|-weather|Snow|[upkeep]\n|upkeep\n|\n|t:|1700682247\n|switch|p2a: Cramorant|Cramorant, F|100\/100\n|turn|10\n|inactive|fumbari 24 has 120 seconds left.\n|inactive|Muggcat has 120 seconds left.\n|\n|t:|1700682280\n|-terastallize|p2a: Cramorant|Ghost\n|move|p1a: Regieleki|Electroweb|p2a: Cramorant|[spread] p2a,p2b\n|-resisted|p2b: Abomasnow\n|-damage|p2a: Cramorant|83\/100\n|-damage|p2b: Abomasnow|45\/100\n|-unboost|p2a: Cramorant|spe|1\n|-unboost|p2b: Abomasnow|spe|1\n|move|p1b: Golurk|Drain Punch|p2b: Abomasnow\n|-supereffective|p2b: Abomasnow\n|-damage|p2b: Abomasnow|22\/100\n|-heal|p1b: Golurk|93\/100|[from] drain|[of] p2b: Abomasnow\n|move|p2a: Cramorant|Dive||[still]\n|-formechange|p2a: Cramorant|Cramorant-Gulping|\n|-prepare|p2a: Cramorant|Dive\n|move|p2b: Abomasnow|Giga Drain|p1b: Golurk\n|-supereffective|p1b: Golurk\n|-damage|p1b: Golurk|5\/100\n|-heal|p2b: Abomasnow|68\/100|[from] drain|[of] p1b: Golurk\n|\n|-weather|Snow|[upkeep]\n|-heal|p2a: Cramorant|89\/100|[from] item: Leftovers\n|upkeep\n|turn|11\n|inactive|fumbari 24 has 120 seconds left.\n|inactive|Muggcat has 120 seconds left.\n|\n|t:|1700682320\n|move|p1a: Regieleki|Protect|p1a: Regieleki\n|-singleturn|p1a: Regieleki|Protect\n|move|p1b: Golurk|Poltergeist|p2b: Abomasnow\n|-activate|p2b: Abomasnow|move: Poltergeist|Abomasite\n|-damage|p2b: Abomasnow|46\/100\n|move|p2a: Cramorant|Dive|p1a: Regieleki|[from]lockedmove\n|-activate|p1a: Regieleki|move: Protect\n|move|p2b: Abomasnow|Giga Drain|p1b: Golurk\n|-supereffective|p1b: Golurk\n|-damage|p1b: Golurk|0 fnt\n|-heal|p2b: Abomasnow|49\/100|[from] drain|[of] p1b: Golurk\n|faint|p1b: Golurk\n|\n|-weather|Snow|[upkeep]\n|-heal|p2a: Cramorant|95\/100|[from] item: Leftovers\n|upkeep\n|\n|t:|1700682340\n|switch|p1b: Chi-Yu|Chi-Yu|5\/100\n|-ability|p1b: Chi-Yu|Beads of Ruin\n|turn|12\n|\n|t:|1700682348\n|move|p2b: Abomasnow|Protect|p2b: Abomasnow\n|-singleturn|p2b: Abomasnow|Protect\n|move|p1a: Regieleki|Electroweb|p2b: Abomasnow|[spread] p2a\n|-activate|p2b: Abomasnow|move: Protect\n|-damage|p2a: Cramorant|75\/100\n|-unboost|p2a: Cramorant|spe|1\n|-damage|p1a: Regieleki|6\/100|[from] ability: Gulp Missile|[of] p2a: Cramorant\n|-unboost|p1a: Regieleki|def|1\n|-formechange|p2a: Cramorant|Cramorant|\n|move|p1b: Chi-Yu|Dark Pulse|p2a: Cramorant\n|-supereffective|p2a: Cramorant\n|-damage|p2a: Cramorant|0 fnt\n|faint|p2a: Cramorant\n|\n|-weather|Snow|[upkeep]\n|upkeep\n|turn|13\n|-message|fumbari 24 forfeited.\n|\n|win|Muggcat\n|raw|Muggcat's rating: 1165 &rarr; <strong>1190<\/strong><br \/>(+25 for winning)\n|raw|fumbari 24's rating: 1163 &rarr; <strong>1138<\/strong><br \/>(-25 for losing)\n|l|\u2606fumbari 24\n","uploadtime":1700682377,"views":9,"p1id":"muggcat","p2id":"fumbari24","formatid":"gen9nationaldexdoubles","rating":1138,"private":0,"password":""}