{"id":"gen9nationaldexdoubles-1971278899","p1":"snowgust","p2":"Electro_97","format":"[Gen 9] National Dex Doubles","log":"|j|\u2606snowgust\n|j|\u203dElectro_97\n|t:|1697726029\n|gametype|doubles\n|player|p1|snowgust|hiker-gen4|1213\n|player|p2|Electro_97|jrtrainer-gen1rb|1033\n|teamsize|p1|6\n|teamsize|p2|6\n|gen|9\n|tier|[Gen 9] National Dex Doubles\n|rated|\n|rule|HP Percentage Mod: HP is shown in percentages\n|rule|Endless Battle Clause: Forcing endless battles is banned\n|rule|OHKO Clause: OHKO moves are banned\n|rule|Evasion Moves Clause: Evasion moves are banned\n|rule|Evasion Abilities Clause: Evasion abilities are banned\n|rule|Species Clause: Limit one of each Pok\u00e9mon\n|rule|Gravity Sleep Clause: The combination of sleep-inducing moves with imperfect accuracy and Gravity or Gigantamax Orbeetle are banned\n|clearpoke\n|poke|p1|Dunsparce, F|\n|poke|p1|Dudunsparce-*, F|\n|poke|p1|Roaring Moon|\n|poke|p1|Sableye, F|\n|poke|p1|Sneasler, M|\n|poke|p1|Dragonite, F|\n|poke|p2|Gastrodon, F|\n|poke|p2|Pelipper, M|\n|poke|p2|Toxtricity-Low-Key, F|\n|poke|p2|Vaporeon, F|\n|poke|p2|Azumarill, M|\n|poke|p2|Rillaboom, F|\n|teampreview\n|\n|t:|1697726063\n|start\n|switch|p1a: Dudunsparce|Dudunsparce, F|100\/100\n|switch|p1b: Sableye|Sableye, F, shiny|100\/100\n|switch|p2a: Rillaboom|Rillaboom, F|100\/100\n|switch|p2b: Vaporeon|Vaporeon, F|100\/100\n|-fieldstart|move: Grassy Terrain|[from] ability: Grassy Surge|[of] p2a: Rillaboom\n|-enditem|p2b: Vaporeon|Grassy Seed\n|-boost|p2b: Vaporeon|def|1|[from] item: Grassy Seed\n|turn|1\n|\n|t:|1697726082\n|move|p2a: Rillaboom|Fake Out|p1a: Dudunsparce\n|-damage|p1a: Dudunsparce|85\/100\n|move|p1b: Sableye|Gravity|p1b: Sableye\n|-fieldstart|move: Gravity\n|cant|p1a: Dudunsparce|flinch\n|move|p2b: Vaporeon|Curse|p2b: Vaporeon\n|-unboost|p2b: Vaporeon|spe|1\n|-boost|p2b: Vaporeon|atk|1\n|-boost|p2b: Vaporeon|def|1\n|\n|-heal|p1a: Dudunsparce|91\/100|[from] Grassy Terrain\n|upkeep\n|turn|2\n|\n|t:|1697726112\n|move|p1b: Sableye|Thunder Wave|p2a: Rillaboom\n|-status|p2a: Rillaboom|par\n|move|p1a: Dudunsparce|Rock Slide|p2a: Rillaboom|[spread] p2a,p2b\n|-damage|p2a: Rillaboom|83\/100 par\n|-damage|p2b: Vaporeon|92\/100\n|cant|p2a: Rillaboom|flinch\n|cant|p2b: Vaporeon|flinch\n|\n|-heal|p1a: Dudunsparce|97\/100|[from] Grassy Terrain\n|-heal|p2a: Rillaboom|90\/100 par|[from] Grassy Terrain\n|-heal|p2a: Rillaboom|96\/100 par|[from] item: Leftovers\n|-heal|p2b: Vaporeon|98\/100|[from] Grassy Terrain\n|upkeep\n|turn|3\n|\n|t:|1697726142\n|move|p1b: Sableye|Thunder Wave|p2b: Vaporeon\n|-status|p2b: Vaporeon|par\n|move|p1a: Dudunsparce|Rock Slide|p2b: Vaporeon|[spread] p2a,p2b\n|-damage|p2a: Rillaboom|77\/100 par\n|-damage|p2b: Vaporeon|89\/100 par\n|cant|p2a: Rillaboom|flinch\n|move|p2b: Vaporeon|Curse|p2b: Vaporeon\n|-unboost|p2b: Vaporeon|spe|1\n|-boost|p2b: Vaporeon|atk|1\n|-boost|p2b: Vaporeon|def|1\n|\n|-heal|p1a: Dudunsparce|100\/100|[from] Grassy Terrain\n|-heal|p2a: Rillaboom|83\/100 par|[from] Grassy Terrain\n|-heal|p2a: Rillaboom|89\/100 par|[from] item: Leftovers\n|-heal|p2b: Vaporeon|96\/100 par|[from] Grassy Terrain\n|upkeep\n|turn|4\n|\n|t:|1697726165\n|move|p2b: Vaporeon|Quick Attack|p1a: Dudunsparce\n|-damage|p1a: Dudunsparce|85\/100\n|move|p1a: Dudunsparce|Rock Slide|p2b: Vaporeon|[spread] p2a,p2b\n|-damage|p2a: Rillaboom|72\/100 par\n|-damage|p2b: Vaporeon|88\/100 par\n|cant|p2a: Rillaboom|par\n|move|p1b: Sableye|Knock Off|p2a: Rillaboom\n|-damage|p2a: Rillaboom|44\/100 par\n|-enditem|p2a: Rillaboom|Leftovers|[from] move: Knock Off|[of] p1b: Sableye\n|\n|-heal|p1a: Dudunsparce|91\/100|[from] Grassy Terrain\n|-heal|p2a: Rillaboom|50\/100 par|[from] Grassy Terrain\n|-heal|p2b: Vaporeon|94\/100 par|[from] Grassy Terrain\n|upkeep\n|turn|5\n|\n|t:|1697726188\n|move|p1b: Sableye|Confuse Ray|p2b: Vaporeon\n|-start|p2b: Vaporeon|confusion\n|-activate|p2b: Vaporeon|confusion\n|cant|p2b: Vaporeon|par\n|move|p1a: Dudunsparce|Rock Slide|p2a: Rillaboom|[spread] p2a,p2b\n|-damage|p2a: Rillaboom|34\/100 par\n|-damage|p2b: Vaporeon|87\/100 par\n|move|p2a: Rillaboom|Knock Off|p1a: Dudunsparce\n|-damage|p1a: Dudunsparce|58\/100\n|-enditem|p1a: Dudunsparce|Choice Scarf|[from] move: Knock Off|[of] p2a: Rillaboom\n|\n|-heal|p1a: Dudunsparce|64\/100|[from] Grassy Terrain\n|-heal|p2a: Rillaboom|40\/100 par|[from] Grassy Terrain\n|-heal|p2b: Vaporeon|93\/100 par|[from] Grassy Terrain\n|-fieldend|move: Gravity\n|-fieldend|move: Grassy Terrain\n|upkeep\n|turn|6\n|\n|t:|1697726208\n|move|p1b: Sableye|Gravity|p1b: Sableye\n|-fieldstart|move: Gravity\n|-activate|p2b: Vaporeon|confusion\n|move|p2b: Vaporeon|Quick Attack|p1a: Dudunsparce\n|-damage|p1a: Dudunsparce|48\/100\n|move|p1a: Dudunsparce|Rock Slide|p2a: Rillaboom|[spread] p2a,p2b\n|-damage|p2a: Rillaboom|23\/100 par\n|-damage|p2b: Vaporeon|86\/100 par\n|cant|p2a: Rillaboom|flinch\n|\n|upkeep\n|turn|7\n|\n|t:|1697726222\n|switch|p1b: Dunsparce|Dunsparce, F|100\/100\n|-end|p2b: Vaporeon|confusion\n|move|p2b: Vaporeon|Quick Attack|p1a: Dudunsparce\n|-damage|p1a: Dudunsparce|33\/100\n|move|p1a: Dudunsparce|Rock Slide|p2a: Rillaboom|[spread] p2a,p2b\n|-damage|p2a: Rillaboom|4\/100 par\n|-damage|p2b: Vaporeon|78\/100 par\n|cant|p2a: Rillaboom|flinch\n|\n|upkeep\n|turn|8\n|\n|t:|1697726248\n|switch|p2a: Toxtricity|Toxtricity-Low-Key, F|100\/100\n|move|p2b: Vaporeon|Quick Attack|p1a: Dudunsparce\n|-damage|p1a: Dudunsparce|18\/100\n|move|p1b: Dunsparce|Rock Slide|p2b: Vaporeon|[spread] p2a,p2b\n|-damage|p2a: Toxtricity|84\/100\n|-damage|p2b: Vaporeon|72\/100 par\n|move|p1a: Dudunsparce|Rock Slide|p2b: Vaporeon|[spread] p2a,p2b\n|-crit|p2a: Toxtricity\n|-damage|p2a: Toxtricity|53\/100\n|-damage|p2b: Vaporeon|65\/100 par\n|\n|upkeep\n|turn|9\n|\n|t:|1697726273\n|move|p2b: Vaporeon|Quick Attack|p1a: Dudunsparce\n|-damage|p1a: Dudunsparce|3\/100\n|move|p1b: Dunsparce|Rock Slide|p2b: Vaporeon|[spread] p2a,p2b\n|-damage|p2a: Toxtricity|37\/100\n|-damage|p2b: Vaporeon|59\/100 par\n|move|p1a: Dudunsparce|Rock Slide|p2a: Toxtricity|[spread] p2a,p2b\n|-damage|p2a: Toxtricity|15\/100\n|-damage|p2b: Vaporeon|52\/100 par\n|cant|p2a: Toxtricity|flinch\n|\n|upkeep\n|turn|10\n|\n|t:|1697726289\n|switch|p1a: Sableye|Sableye, F, shiny|100\/100\n|move|p2b: Vaporeon|Quick Attack|p1a: Sableye\n|-immune|p1a: Sableye\n|move|p1b: Dunsparce|Rock Slide|p2a: Toxtricity|[spread] p2a,p2b\n|-damage|p2a: Toxtricity|0 fnt\n|-damage|p2b: Vaporeon|46\/100 par\n|faint|p2a: Toxtricity\n|\n|-fieldend|move: Gravity\n|upkeep\n|\n|t:|1697726300\n|switch|p2a: Rillaboom|Rillaboom, F|4\/100 par\n|-fieldstart|move: Grassy Terrain|[from] ability: Grassy Surge|[of] p2a: Rillaboom\n|turn|11\n|\n|t:|1697726312\n|-terastallize|p1b: Dunsparce|Ghost\n|move|p2a: Rillaboom|Fake Out|p1b: Dunsparce\n|-immune|p1b: Dunsparce\n|move|p1a: Sableye|Gravity|p1a: Sableye\n|-fieldstart|move: Gravity\n|move|p1b: Dunsparce|Rock Slide|p2a: Rillaboom|[spread] p2a,p2b\n|-damage|p2a: Rillaboom|0 fnt\n|-damage|p2b: Vaporeon|40\/100 par\n|faint|p2a: Rillaboom\n|cant|p2b: Vaporeon|flinch\n|\n|-heal|p2b: Vaporeon|46\/100 par|[from] Grassy Terrain\n|upkeep\n|\n|t:|1697726326\n|switch|p2a: Azumarill|Azumarill, M|100\/100\n|turn|12\n|\n|t:|1697726335\n|move|p2a: Azumarill|Aqua Jet|p1a: Sableye\n|-damage|p1a: Sableye|75\/100\n|move|p1a: Sableye|Thunder Wave|p2a: Azumarill\n|-status|p2a: Azumarill|par\n|move|p1b: Dunsparce|Rock Slide|p2b: Vaporeon|[spread] p2a,p2b\n|-damage|p2a: Azumarill|88\/100 par\n|-damage|p2b: Vaporeon|40\/100 par\n|move|p2b: Vaporeon|Wish|p2b: Vaporeon\n|\n|-heal|p1a: Sableye|81\/100|[from] Grassy Terrain\n|-heal|p1a: Sableye|87\/100|[from] item: Leftovers\n|-heal|p2a: Azumarill|94\/100 par|[from] Grassy Terrain\n|-heal|p2b: Vaporeon|47\/100 par|[from] Grassy Terrain\n|upkeep\n|turn|13\n|\n|t:|1697726355\n|move|p1a: Sableye|Confuse Ray|p2a: Azumarill\n|-start|p2a: Azumarill|confusion\n|-activate|p2a: Azumarill|confusion\n|move|p2a: Azumarill|Aqua Jet|p1a: Sableye\n|-damage|p1a: Sableye|61\/100\n|move|p2b: Vaporeon|Quick Attack|p1b: Dunsparce\n|-immune|p1b: Dunsparce\n|move|p1b: Dunsparce|Rock Slide|p2b: Vaporeon|[spread] p2a,p2b\n|-damage|p2a: Azumarill|82\/100 par\n|-damage|p2b: Vaporeon|40\/100 par\n|\n|-heal|p2b: Vaporeon|90\/100 par|[from] move: Wish|[wisher] Vaporeon\n|-heal|p1a: Sableye|68\/100|[from] Grassy Terrain\n|-heal|p1a: Sableye|74\/100|[from] item: Leftovers\n|-heal|p2a: Azumarill|88\/100 par|[from] Grassy Terrain\n|-heal|p2b: Vaporeon|96\/100 par|[from] Grassy Terrain\n|upkeep\n|turn|14\n|\n|t:|1697726388\n|-activate|p2a: Azumarill|confusion\n|cant|p2a: Azumarill|par\n|move|p1b: Dunsparce|Rock Slide|p2b: Vaporeon|[spread] p2a,p2b\n|-damage|p2a: Azumarill|74\/100 par\n|-damage|p2b: Vaporeon|91\/100 par\n|move|p1a: Sableye|Knock Off|p2a: Azumarill\n|-resisted|p2a: Azumarill\n|-damage|p2a: Azumarill|62\/100 par\n|-enditem|p2a: Azumarill|Sitrus Berry|[from] move: Knock Off|[of] p1a: Sableye\n|cant|p2b: Vaporeon|flinch\n|\n|-heal|p1a: Sableye|80\/100|[from] Grassy Terrain\n|-heal|p1a: Sableye|86\/100|[from] item: Leftovers\n|-heal|p2a: Azumarill|68\/100 par|[from] Grassy Terrain\n|-heal|p2b: Vaporeon|97\/100 par|[from] Grassy Terrain\n|upkeep\n|turn|15\n|\n|t:|1697726447\n|move|p1a: Sableye|Confuse Ray|p2b: Vaporeon\n|-start|p2b: Vaporeon|confusion\n|-activate|p2a: Azumarill|confusion\n|-damage|p2a: Azumarill|60\/100 par|[from] confusion\n|move|p1b: Dunsparce|Rock Slide|p2a: Azumarill|[spread] p2a,p2b\n|-damage|p2a: Azumarill|47\/100 par\n|-damage|p2b: Vaporeon|91\/100 par\n|-activate|p2b: Vaporeon|confusion\n|move|p2b: Vaporeon|Liquidation|p1a: Sableye\n|-damage|p1a: Sableye|41\/100\n|\n|-heal|p1a: Sableye|47\/100|[from] Grassy Terrain\n|-heal|p1a: Sableye|53\/100|[from] item: Leftovers\n|-heal|p2a: Azumarill|53\/100 par|[from] Grassy Terrain\n|-heal|p2b: Vaporeon|97\/100 par|[from] Grassy Terrain\n|-fieldend|move: Gravity\n|-fieldend|move: Grassy Terrain\n|upkeep\n|turn|16\n|inactive|Battle timer is ON: inactive players will automatically lose when time's up. (requested by snowgust)\n|\n|t:|1697726519\n|move|p1a: Sableye|Gravity|p1a: Sableye\n|-fieldstart|move: Gravity\n|move|p1b: Dunsparce|Rock Slide|p2a: Azumarill|[spread] p2a,p2b\n|-crit|p2a: Azumarill\n|-damage|p2a: Azumarill|33\/100 par\n|-damage|p2b: Vaporeon|91\/100 par\n|cant|p2a: Azumarill|flinch\n|cant|p2b: Vaporeon|flinch\n|\n|-heal|p1a: Sableye|59\/100|[from] item: Leftovers\n|upkeep\n|turn|17\n|inactive|Electro_97 has 120 seconds left.\n|inactive|Electro_97 has 90 seconds left.\n|\n|t:|1697726594\n|switch|p1a: Dragonite|Dragonite, F|100\/100\n|-end|p2a: Azumarill|confusion\n|move|p2a: Azumarill|Aqua Jet|p1a: Dragonite\n|-resisted|p1a: Dragonite\n|-damage|p1a: Dragonite|95\/100\n|move|p1b: Dunsparce|Rock Slide|p2a: Azumarill|[spread] p2a,p2b\n|-crit|p2a: Azumarill\n|-damage|p2a: Azumarill|14\/100 par\n|-damage|p2b: Vaporeon|85\/100 par\n|-activate|p2b: Vaporeon|confusion\n|cant|p2b: Vaporeon|par\n|\n|-heal|p1a: Dragonite|100\/100|[from] item: Leftovers\n|upkeep\n|turn|18\n|inactive|Electro_97 has 90 seconds left.\n|\n|t:|1697726609\n|switch|p2a: Pelipper|Pelipper, M|100\/100\n|-weather|RainDance|[from] ability: Drizzle|[of] p2a: Pelipper\n|move|p1b: Dunsparce|Rock Slide|p2b: Vaporeon|[spread] p2a,p2b\n|-supereffective|p2a: Pelipper\n|-damage|p2a: Pelipper|71\/100\n|-damage|p2b: Vaporeon|80\/100 par\n|move|p1a: Dragonite|Substitute|p1a: Dragonite\n|-start|p1a: Dragonite|Substitute\n|-damage|p1a: Dragonite|76\/100\n|cant|p2b: Vaporeon|flinch\n|\n|-weather|RainDance|[upkeep]\n|-heal|p1a: Dragonite|82\/100|[from] item: Leftovers\n|upkeep\n|turn|19\n|\n|t:|1697726634\n|move|p1b: Dunsparce|Rock Slide|p2a: Pelipper|[spread] p2a,p2b\n|-supereffective|p2a: Pelipper\n|-damage|p2a: Pelipper|44\/100\n|-damage|p2b: Vaporeon|74\/100 par\n|move|p1a: Dragonite|Thunder Wave|p2a: Pelipper\n|-status|p2a: Pelipper|par\n|cant|p2a: Pelipper|flinch\n|cant|p2b: Vaporeon|flinch\n|\n|-weather|RainDance|[upkeep]\n|-heal|p1a: Dragonite|88\/100|[from] item: Leftovers\n|upkeep\n|turn|20\n|inactive|Electro_97 has 90 seconds left.\n|\n|t:|1697726676\n|switch|p2a: Gastrodon|Gastrodon, F|100\/100\n|-end|p2b: Vaporeon|confusion\n|move|p2b: Vaporeon|Quick Attack|p1a: Dragonite\n|-activate|p1a: Dragonite|move: Substitute|[damage]\n|move|p1b: Dunsparce|Rock Slide|p2b: Vaporeon|[spread] p2a,p2b\n|-resisted|p2a: Gastrodon\n|-damage|p2a: Gastrodon|93\/100\n|-damage|p2b: Vaporeon|68\/100 par\n|move|p1a: Dragonite|Dragon Dance|p1a: Dragonite\n|-boost|p1a: Dragonite|atk|1\n|-boost|p1a: Dragonite|spe|1\n|\n|-weather|RainDance|[upkeep]\n|-heal|p1a: Dragonite|94\/100|[from] item: Leftovers\n|-heal|p2a: Gastrodon|99\/100|[from] item: Leftovers\n|-fieldend|move: Gravity\n|upkeep\n|turn|21\n|inactive|Electro_97 has 90 seconds left.\n|-message|Electro_97 forfeited.\n|\n|win|snowgust\n|raw|snowgust's rating: 1213 &rarr; <strong>1226<\/strong><br \/>(+13 for winning)\n|raw|Electro_97's rating: 1033 &rarr; <strong>1025<\/strong><br \/>(-8 for losing)\n|l|\u203dElectro_97\n","uploadtime":1697726708,"views":7,"p1id":"snowgust","p2id":"electro97","formatid":"gen9nationaldexdoubles","rating":1025,"private":0,"password":""}