{"id":"gen9nationaldexdoubles-1949321198","p1":"Legindarisch","p2":"Coomake","format":"[Gen 9] National Dex Doubles","log":"|j|\u2606Legindarisch\n|j|\u2606Coomake\n|t:|1695346988\n|gametype|doubles\n|player|p1|Legindarisch|hiker-gen4|1356\n|player|p2|Coomake|265|1338\n|teamsize|p1|6\n|teamsize|p2|6\n|gen|9\n|tier|[Gen 9] National Dex Doubles\n|rated|\n|rule|HP Percentage Mod: HP is shown in percentages\n|rule|Endless Battle Clause: Forcing endless battles is banned\n|rule|OHKO Clause: OHKO moves are banned\n|rule|Evasion Moves Clause: Evasion moves are banned\n|rule|Evasion Abilities Clause: Evasion abilities are banned\n|rule|Species Clause: Limit one of each Pok\u00e9mon\n|rule|Gravity Sleep Clause: The combination of sleep-inducing moves with imperfect accuracy and Gravity or Gigantamax Orbeetle are banned\n|clearpoke\n|poke|p1|Corviknight, M|\n|poke|p1|Mamoswine, M|\n|poke|p1|Azumarill, F|\n|poke|p1|Gengar, M|\n|poke|p1|Blaziken, F|\n|poke|p1|Hydreigon, F|\n|poke|p2|Marshadow|\n|poke|p2|Chien-Pao|\n|poke|p2|Flutter Mane|\n|poke|p2|Dragonite, F|\n|poke|p2|Greninja-*, M|\n|poke|p2|Alakazam, M|\n|teampreview\n|inactive|Battle timer is ON: inactive players will automatically lose when time's up. (requested by Coomake)\n|\n|t:|1695347018\n|start\n|switch|p1a: Lilly|Hydreigon, F, shiny|100\/100\n|switch|p1b: Titan|Corviknight, M|100\/100\n|switch|p2a: Marshadow|Marshadow|100\/100\n|switch|p2b: Greninja|Greninja, M|100\/100\n|-ability|p1b: Titan|Pressure\n|turn|1\n|\n|t:|1695347035\n|-terastallize|p1a: Lilly|Electric\n|-zpower|p2a: Marshadow\n|move|p2a: Marshadow|Soul-Stealing 7-Star Strike|p1b: Titan|[zeffect]\n|-damage|p1b: Titan|36\/100\n|-damage|p2a: Marshadow|84\/100|[from] item: Rocky Helmet|[of] p1b: Titan\n|move|p1a: Lilly|Tera Blast|p2b: Greninja|[anim] Tera Blast Electric\n|-supereffective|p2b: Greninja\n|-damage|p2b: Greninja|2\/100\n|move|p2b: Greninja|Ice Beam|p1a: Lilly\n|-damage|p1a: Lilly|79\/100\n|move|p1b: Titan|Tailwind|p1b: Titan\n|-sidestart|p1: Legindarisch|move: Tailwind\n|\n|upkeep\n|turn|2\n|inactive|Legindarisch has 120 seconds left.\n|inactive|Coomake has 120 seconds left.\n|\n|t:|1695347079\n|move|p2b: Greninja|Water Shuriken|p1b: Titan\n|-damage|p1b: Titan|29\/100\n|-damage|p1b: Titan|21\/100\n|-damage|p1b: Titan|13\/100\n|-damage|p1b: Titan|6\/100\n|-damage|p1b: Titan|0 fnt\n|faint|p1b: Titan\n|-ability|p2b: Greninja|Battle Bond|boost\n|-boost|p2b: Greninja|atk|1\n|-boost|p2b: Greninja|spa|1\n|-boost|p2b: Greninja|spe|1\n|-activate|p2b: Greninja|ability: Battle Bond\n|-hitcount|p1: Titan|5\n|move|p1a: Lilly|Tera Blast|p2a: Marshadow|[anim] Tera Blast Electric\n|-damage|p2a: Marshadow|38\/100\n|move|p2a: Marshadow|Close Combat|p1a: Lilly\n|-damage|p1a: Lilly|5\/100\n|-unboost|p2a: Marshadow|def|1\n|-unboost|p2a: Marshadow|spd|1\n|\n|upkeep\n|\n|t:|1695347107\n|switch|p1b: Bubbles|Azumarill, F, shiny|100\/100\n|turn|3\n|\n|t:|1695347124\n|switch|p2a: Alakazam|Alakazam, M|100\/100\n|move|p2b: Greninja|Water Shuriken|p1a: Lilly\n|-damage|p1a: Lilly|0 fnt\n|faint|p1a: Lilly\n|-hitcount|p1: Lilly|1\n|move|p1b: Bubbles|Aqua Jet|p2b: Greninja\n|-resisted|p2b: Greninja\n|-damage|p2b: Greninja|0 fnt\n|faint|p2b: Greninja\n|\n|upkeep\n|inactive|Legindarisch has 120 seconds left.\n|\n|t:|1695347140\n|switch|p1a: Daemon|Gengar, M|100\/100\n|switch|p2b: Dragonite|Dragonite, F|100\/100\n|turn|4\n|\n|t:|1695347151\n|switch|p1b: Sigurd|Mamoswine, M|100\/100\n|detailschange|p2a: Alakazam|Alakazam-Mega, M\n|-mega|p2a: Alakazam|Alakazam|Alakazite\n|-ability|p2a: Alakazam|Thick Fat|[from] ability: Trace|[of] p1b: Sigurd\n|move|p1a: Daemon|Shadow Ball|p2a: Alakazam\n|-supereffective|p2a: Alakazam\n|-damage|p2a: Alakazam|0 fnt\n|faint|p2a: Alakazam\n|move|p2b: Dragonite|Dragon Dance|p2b: Dragonite\n|-boost|p2b: Dragonite|atk|1\n|-boost|p2b: Dragonite|spe|1\n|\n|-sideend|p1: Legindarisch|move: Tailwind\n|upkeep\n|\n|t:|1695347161\n|switch|p2a: Chien-Pao|Chien-Pao|100\/100\n|-ability|p2a: Chien-Pao|Sword of Ruin\n|turn|5\n|\n|t:|1695347175\n|switch|p1a: Bubbles|Azumarill, F, shiny|100\/100\n|move|p1b: Sigurd|Ice Shard|p2b: Dragonite\n|-supereffective|p2b: Dragonite\n|-damage|p2b: Dragonite|41\/100\n|-enditem|p2b: Dragonite|Weakness Policy\n|-boost|p2b: Dragonite|atk|2|[from] item: Weakness Policy\n|-boost|p2b: Dragonite|spa|2|[from] item: Weakness Policy\n|move|p2a: Chien-Pao|Ice Spinner|p1a: Bubbles\n|-resisted|p1a: Bubbles\n|-damage|p1a: Bubbles|76\/100\n|move|p2b: Dragonite|Iron Head|p1b: Sigurd\n|-supereffective|p1b: Sigurd\n|-damage|p1b: Sigurd|0 fnt\n|faint|p1b: Sigurd\n|\n|upkeep\n|inactive|Legindarisch has 120 seconds left.\n|\n|t:|1695347202\n|switch|p1b: Muay|Blaziken, F|100\/100\n|turn|6\n|\n|t:|1695347226\n|-terastallize|p2b: Dragonite|Steel\n|move|p2a: Chien-Pao|Protect|p2a: Chien-Pao\n|-singleturn|p2a: Chien-Pao|Protect\n|move|p1b: Muay|Protect|p1b: Muay\n|-singleturn|p1b: Muay|Protect\n|move|p2b: Dragonite|Waterfall|p1b: Muay\n|-activate|p1b: Muay|move: Protect\n|move|p1a: Bubbles|Play Rough|p2b: Dragonite\n|-resisted|p2b: Dragonite\n|-damage|p2b: Dragonite|0 fnt\n|faint|p2b: Dragonite\n|\n|-ability|p1b: Muay|Speed Boost|boost\n|-boost|p1b: Muay|spe|1\n|upkeep\n|inactive|Coomake has 120 seconds left.\n|\n|t:|1695347244\n|switch|p2b: Flutter Mane|Flutter Mane|100\/100\n|-enditem|p2b: Flutter Mane|Booster Energy\n|-activate|p2b: Flutter Mane|ability: Protosynthesis|[fromitem]\n|-start|p2b: Flutter Mane|protosynthesisspa\n|turn|7\n|\n|t:|1695347255\n|move|p1b: Muay|Flare Blitz|p2b: Flutter Mane\n|-damage|p2b: Flutter Mane|0 fnt\n|faint|p2b: Flutter Mane\n|-end|p2b: Flutter Mane|Protosynthesis|[silent]\n|-damage|p1b: Muay|66\/100|[from] Recoil\n|move|p2a: Chien-Pao|Sacred Sword|p1b: Muay\n|-damage|p1b: Muay|7\/100\n|move|p1a: Bubbles|Play Rough|p2a: Chien-Pao\n|-supereffective|p2a: Chien-Pao\n|-enditem|p2a: Chien-Pao|Focus Sash\n|-damage|p2a: Chien-Pao|1\/100\n|\n|-ability|p1b: Muay|Speed Boost|boost\n|-boost|p1b: Muay|spe|1\n|upkeep\n|\n|t:|1695347263\n|switch|p2b: Marshadow|Marshadow|38\/100\n|turn|8\n|\n|t:|1695347275\n|move|p1b: Muay|Protect|p1b: Muay\n|-singleturn|p1b: Muay|Protect\n|move|p2a: Chien-Pao|Sucker Punch||[still]\n|-fail|p2a: Chien-Pao\n|move|p2b: Marshadow|Spectral Thief|p1a: Bubbles\n|-damage|p1a: Bubbles|18\/100\n|move|p1a: Bubbles|Play Rough|p2b: Marshadow\n|-supereffective|p2b: Marshadow\n|-damage|p2b: Marshadow|0 fnt\n|faint|p2b: Marshadow\n|\n|-ability|p1b: Muay|Speed Boost|boost\n|-boost|p1b: Muay|spe|1\n|upkeep\n|turn|9\n|-message|Coomake forfeited.\n|\n|win|Legindarisch\n|raw|Legindarisch's rating: 1356 &rarr; <strong>1375<\/strong><br \/>(+19 for winning)\n|raw|Coomake's rating: 1338 &rarr; <strong>1319<\/strong><br \/>(-19 for losing)\n|l|\u2606Coomake\n|c|\u2606Legindarisch|gg\n","uploadtime":1695347325,"views":9,"p1id":"legindarisch","p2id":"coomake","formatid":"gen9nationaldexdoubles","rating":1319,"private":0,"password":""}