{"id":"gen9nationaldexdoubles-1996151242","p1":"Bootus Stankus","p2":"Atlost","format":"[Gen 9] National Dex Doubles","log":"|j|\u2606Bootus Stankus\n|j|\u2606Atlost\n|t:|1700651798\n|gametype|doubles\n|player|p1|Bootus Stankus|iris|1248\n|player|p2|Atlost|bugcatcher-gen4dp|1225\n|teamsize|p1|6\n|teamsize|p2|6\n|gen|9\n|tier|[Gen 9] National Dex Doubles\n|rated|\n|rule|HP Percentage Mod: HP is shown in percentages\n|rule|Endless Battle Clause: Forcing endless battles is banned\n|rule|OHKO Clause: OHKO moves are banned\n|rule|Evasion Moves Clause: Evasion moves are banned\n|rule|Evasion Abilities Clause: Evasion abilities are banned\n|rule|Species Clause: Limit one of each Pok\u00e9mon\n|rule|Gravity Sleep Clause: The combination of sleep-inducing moves with imperfect accuracy and Gravity or Gigantamax Orbeetle are banned\n|clearpoke\n|poke|p1|Arboliva, M|\n|poke|p1|Farigiraf, F|\n|poke|p1|Clefairy, M|\n|poke|p1|Zamazenta-*|\n|poke|p1|Glastrier|\n|poke|p1|Hoopa|\n|poke|p2|Ogerpon-Wellspring, F|\n|poke|p2|Pelipper, M|\n|poke|p2|Swampert, F|\n|poke|p2|Ludicolo, M|\n|poke|p2|Urshifu-*, M|\n|poke|p2|Cresselia, F|\n|teampreview\n|\n|t:|1700651808\n|start\n|switch|p1a: Farigiraf|Farigiraf, F, shiny|100\/100\n|switch|p1b: Hoopa|Hoopa|100\/100\n|switch|p2a: Pelipper|Pelipper, M|100\/100\n|switch|p2b: Ludicolo|Ludicolo, M|100\/100\n|-weather|RainDance|[from] ability: Drizzle|[of] p2a: Pelipper\n|turn|1\n|\n|t:|1700651840\n|move|p1b: Hoopa|Protect|p1b: Hoopa\n|-singleturn|p1b: Hoopa|Protect\n|move|p2b: Ludicolo|Surf|p1b: Hoopa|[spread] p2a,p1a\n|-activate|p1b: Hoopa|move: Protect\n|-resisted|p2a: Pelipper\n|-damage|p2a: Pelipper|79\/100\n|-damage|p1a: Farigiraf|63\/100\n|move|p2a: Pelipper|U-turn|p2b: Ludicolo\n|-supereffective|p2b: Ludicolo\n|-damage|p2b: Ludicolo|77\/100\n|-enditem|p2b: Ludicolo|Weakness Policy\n|-boost|p2b: Ludicolo|atk|2|[from] item: Weakness Policy\n|-boost|p2b: Ludicolo|spa|2|[from] item: Weakness Policy\n|\n|t:|1700651848\n|switch|p2a: Cresselia|Cresselia, F|100\/100|[from] U-turn\n|move|p1a: Farigiraf|Trick Room|p1a: Farigiraf\n|-fieldstart|move: Trick Room|[of] p1a: Farigiraf\n|\n|-weather|RainDance|[upkeep]\n|upkeep\n|turn|2\n|\n|t:|1700651884\n|move|p1a: Farigiraf|Sunny Day|p1a: Farigiraf\n|-weather|SunnyDay\n|move|p1b: Hoopa|Psychic|p1a: Farigiraf\n|-resisted|p1a: Farigiraf\n|-damage|p1a: Farigiraf|35\/100\n|-damage|p1b: Hoopa|91\/100|[from] item: Life Orb\n|move|p2b: Ludicolo|Energy Ball|p1b: Hoopa\n|-damage|p1b: Hoopa|19\/100\n|move|p2a: Cresselia|Trick Room|p2a: Cresselia\n|-fieldend|move: Trick Room\n|\n|-weather|SunnyDay|[upkeep]\n|upkeep\n|turn|3\n|\n|t:|1700651950\n|switch|p2a: Pelipper|Pelipper, M|79\/100\n|-weather|RainDance|[from] ability: Drizzle|[of] p2a: Pelipper\n|move|p2b: Ludicolo|Surf|p1b: Hoopa|[spread] p2a,p1a,p1b\n|-resisted|p2a: Pelipper\n|-damage|p2a: Pelipper|37\/100\n|-damage|p1a: Farigiraf|0 fnt\n|-damage|p1b: Hoopa|0 fnt\n|faint|p1a: Farigiraf\n|faint|p1b: Hoopa\n|\n|-weather|RainDance|[upkeep]\n|upkeep\n|\n|t:|1700651968\n|switch|p1b: Arboliva|Arboliva, M|100\/100\n|switch|p1a: Clefairy|Clefairy, M, shiny|100\/100\n|turn|4\n|\n|t:|1700651986\n|move|p1a: Clefairy|Follow Me|p1a: Clefairy\n|-singleturn|p1a: Clefairy|move: Follow Me\n|move|p2b: Ludicolo|Blizzard|p1a: Clefairy|[spread] p1a,p1b\n|-supereffective|p1b: Arboliva\n|-damage|p1a: Clefairy|59\/100\n|-damage|p1b: Arboliva|41\/100\n|-enditem|p1b: Arboliva|Sitrus Berry|[eat]\n|-heal|p1b: Arboliva|66\/100|[from] item: Sitrus Berry\n|move|p2a: Pelipper|Hurricane|p1a: Clefairy\n|-damage|p1a: Clefairy|31\/100\n|move|p1b: Arboliva|Leech Seed|p2a: Pelipper\n|-start|p2a: Pelipper|move: Leech Seed\n|\n|-weather|RainDance|[upkeep]\n|-damage|p2a: Pelipper|25\/100|[from] Leech Seed|[of] p1b: Arboliva\n|-heal|p1b: Arboliva|78\/100|[silent]\n|-item|p1b: Arboliva|Sitrus Berry|[from] ability: Harvest\n|upkeep\n|turn|5\n|inactive|Battle timer is ON: inactive players will automatically lose when time's up. (requested by Atlost)\n|\n|t:|1700652064\n|switch|p2a: Ogerpon|Ogerpon-Wellspring, F|100\/100\n|-terastallize|p2b: Ludicolo|Water\n|move|p1a: Clefairy|Protect|p1a: Clefairy\n|-singleturn|p1a: Clefairy|Protect\n|move|p2b: Ludicolo|Surf|p1a: Clefairy|[spread] p1b\n|-activate|p1a: Clefairy|move: Protect\n|-immune|p2a: Ogerpon|[from] ability: Water Absorb\n|-resisted|p1b: Arboliva\n|-damage|p1b: Arboliva|40\/100\n|-enditem|p1b: Arboliva|Sitrus Berry|[eat]\n|-heal|p1b: Arboliva|65\/100|[from] item: Sitrus Berry\n|move|p1b: Arboliva|Giga Drain|p2b: Ludicolo\n|-supereffective|p2b: Ludicolo\n|-damage|p2b: Ludicolo|2\/100\n|-heal|p1b: Arboliva|97\/100|[from] drain|[of] p2b: Ludicolo\n|\n|-weather|RainDance|[upkeep]\n|upkeep\n|turn|6\n|\n|t:|1700652086\n|move|p1a: Clefairy|Protect||[still]\n|-fail|p1a: Clefairy\n|move|p2a: Ogerpon|Follow Me|p2a: Ogerpon\n|-singleturn|p2a: Ogerpon|move: Follow Me\n|move|p2b: Ludicolo|Surf|p1b: Arboliva|[spread] p1a,p1b\n|-immune|p2a: Ogerpon|[from] ability: Water Absorb\n|-resisted|p1b: Arboliva\n|-damage|p1a: Clefairy|0 fnt\n|-damage|p1b: Arboliva|61\/100\n|faint|p1a: Clefairy\n|move|p1b: Arboliva|Giga Drain|p2a: Ogerpon\n|-damage|p2a: Ogerpon|66\/100\n|-heal|p1b: Arboliva|79\/100|[from] drain|[of] p2a: Ogerpon\n|\n|-weather|RainDance|[upkeep]\n|-item|p1b: Arboliva|Sitrus Berry|[from] ability: Harvest\n|upkeep\n|inactive|Bootus Stankus has 120 seconds left.\n|\n|t:|1700652115\n|switch|p1a: Zamazenta|Zamazenta|100\/100\n|-ability|p1a: Zamazenta|Dauntless Shield|boost\n|-boost|p1a: Zamazenta|def|1\n|turn|7\n|\n|t:|1700652129\n|move|p2a: Ogerpon|Helping Hand|p2b: Ludicolo\n|-singleturn|p2b: Ludicolo|Helping Hand|[of] p2a: Ogerpon\n|move|p1a: Zamazenta|Protect|p1a: Zamazenta\n|-singleturn|p1a: Zamazenta|Protect\n|move|p2b: Ludicolo|Blizzard|p1b: Arboliva|[spread] \n|-activate|p1a: Zamazenta|move: Protect\n|-miss|p2b: Ludicolo|p1b: Arboliva\n|move|p1b: Arboliva|Giga Drain|p2b: Ludicolo\n|-supereffective|p2b: Ludicolo\n|-damage|p2b: Ludicolo|0 fnt\n|-heal|p1b: Arboliva|80\/100|[from] drain|[of] p2b: Ludicolo\n|faint|p2b: Ludicolo\n|\n|-weather|RainDance|[upkeep]\n|upkeep\n|inactive|Atlost has 120 seconds left.\n|\n|t:|1700652162\n|switch|p2b: Urshifu|Urshifu-Rapid-Strike, M|100\/100\n|turn|8\n|inactive|Bootus Stankus has 120 seconds left.\n|\n|t:|1700652221\n|-terastallize|p1b: Arboliva|Grass\n|move|p1a: Zamazenta|Coaching|p1b: Arboliva\n|-boost|p1b: Arboliva|atk|1\n|-boost|p1b: Arboliva|def|1\n|move|p2b: Urshifu|Close Combat|p1b: Arboliva\n|-damage|p1b: Arboliva|39\/100\n|-unboost|p2b: Urshifu|def|1\n|-unboost|p2b: Urshifu|spd|1\n|-enditem|p1b: Arboliva|Sitrus Berry|[eat]\n|-heal|p1b: Arboliva|63\/100|[from] item: Sitrus Berry\n|move|p2a: Ogerpon|Wood Hammer|p1b: Arboliva\n|-resisted|p1b: Arboliva\n|-damage|p1b: Arboliva|45\/100\n|-damage|p2a: Ogerpon|60\/100|[from] Recoil\n|move|p1b: Arboliva|Giga Drain|p2b: Urshifu\n|-supereffective|p2b: Urshifu\n|-damage|p2b: Urshifu|0 fnt\n|-heal|p1b: Arboliva|95\/100|[from] drain|[of] p2b: Urshifu\n|faint|p2b: Urshifu\n|\n|-weather|RainDance|[upkeep]\n|upkeep\n|inactive|Atlost has 120 seconds left.\n|\n|t:|1700652242\n|switch|p2b: Pelipper|Pelipper, M|25\/100\n|turn|9\n|inactive|Bootus Stankus has 120 seconds left.\n|\n|t:|1700652271\n|move|p2a: Ogerpon|Follow Me|p2a: Ogerpon\n|-singleturn|p2a: Ogerpon|move: Follow Me\n|move|p1a: Zamazenta|Snarl|p2a: Ogerpon|[spread] p2a,p2b\n|-damage|p2a: Ogerpon|53\/100\n|-damage|p2b: Pelipper|17\/100\n|-unboost|p2a: Ogerpon|spa|1\n|-unboost|p2b: Pelipper|spa|1\n|move|p2b: Pelipper|Hurricane|p1b: Arboliva\n|-supereffective|p1b: Arboliva\n|-damage|p1b: Arboliva|53\/100\n|move|p1b: Arboliva|Giga Drain|p2a: Ogerpon\n|-damage|p2a: Ogerpon|13\/100\n|-heal|p1b: Arboliva|74\/100|[from] drain|[of] p2a: Ogerpon\n|\n|-weather|RainDance|[upkeep]\n|upkeep\n|turn|10\n|inactive|Bootus Stankus has 120 seconds left.\n|\n|t:|1700652294\n|switch|p2b: Cresselia|Cresselia, F|100\/100\n|move|p1a: Zamazenta|Coaching|p1b: Arboliva\n|-boost|p1b: Arboliva|atk|1\n|-boost|p1b: Arboliva|def|1\n|move|p2a: Ogerpon|Ivy Cudgel|p1a: Zamazenta|[anim] Ivy Cudgel Water\n|-damage|p1a: Zamazenta|55\/100\n|move|p1b: Arboliva|Giga Drain|p2a: Ogerpon\n|-damage|p2a: Ogerpon|0 fnt\n|-heal|p1b: Arboliva|80\/100|[from] drain|[of] p2a: Ogerpon\n|faint|p2a: Ogerpon\n|\n|-weather|none\n|-item|p1b: Arboliva|Sitrus Berry|[from] ability: Harvest\n|upkeep\n|inactive|Atlost has 120 seconds left.\n|\n|t:|1700652310\n|switch|p2a: Pelipper|Pelipper, M|17\/100\n|-weather|RainDance|[from] ability: Drizzle|[of] p2a: Pelipper\n|turn|11\n|\n|t:|1700652322\n|move|p2b: Cresselia|Helping Hand|p2a: Pelipper\n|-singleturn|p2a: Pelipper|Helping Hand|[of] p2b: Cresselia\n|move|p1a: Zamazenta|Snarl|p2a: Pelipper|[spread] p2a,p2b\n|-supereffective|p2b: Cresselia\n|-damage|p2a: Pelipper|10\/100\n|-damage|p2b: Cresselia|91\/100\n|-unboost|p2a: Pelipper|spa|1\n|-unboost|p2b: Cresselia|spa|1\n|move|p2a: Pelipper|Hurricane|p1b: Arboliva\n|-supereffective|p1b: Arboliva\n|-damage|p1b: Arboliva|18\/100\n|-start|p1b: Arboliva|confusion\n|-enditem|p1b: Arboliva|Sitrus Berry|[eat]\n|-heal|p1b: Arboliva|42\/100|[from] item: Sitrus Berry\n|-activate|p1b: Arboliva|confusion\n|move|p1b: Arboliva|Leech Seed|p2b: Cresselia\n|-start|p2b: Cresselia|move: Leech Seed\n|\n|-weather|RainDance|[upkeep]\n|-damage|p2b: Cresselia|79\/100|[from] Leech Seed|[of] p1b: Arboliva\n|-heal|p1b: Arboliva|58\/100|[silent]\n|-item|p1b: Arboliva|Sitrus Berry|[from] ability: Harvest\n|upkeep\n|turn|12\n|\n|t:|1700652344\n|move|p2b: Cresselia|Helping Hand|p2a: Pelipper\n|-singleturn|p2a: Pelipper|Helping Hand|[of] p2b: Cresselia\n|-end|p1b: Arboliva|confusion\n|move|p1b: Arboliva|Protect|p1b: Arboliva\n|-singleturn|p1b: Arboliva|Protect\n|move|p1a: Zamazenta|Snarl|p2b: Cresselia|[spread] p2a,p2b\n|-supereffective|p2b: Cresselia\n|-damage|p2a: Pelipper|2\/100\n|-damage|p2b: Cresselia|71\/100\n|-unboost|p2a: Pelipper|spa|1\n|-unboost|p2b: Cresselia|spa|1\n|move|p2a: Pelipper|Hurricane|p1b: Arboliva\n|-activate|p1b: Arboliva|move: Protect\n|\n|-weather|RainDance|[upkeep]\n|-damage|p2b: Cresselia|58\/100|[from] Leech Seed|[of] p1b: Arboliva\n|-heal|p1b: Arboliva|74\/100|[silent]\n|upkeep\n|turn|13\n|inactive|Bootus Stankus has 120 seconds left.\n|inactive|Bootus Stankus has 90 seconds left.\n|\n|t:|1700652407\n|switch|p2a: Swampert|Swampert, F|100\/100\n|move|p2b: Cresselia|Protect|p2b: Cresselia\n|-singleturn|p2b: Cresselia|Protect\n|move|p1a: Zamazenta|Snarl|p2b: Cresselia|[spread] p2a\n|-activate|p2b: Cresselia|move: Protect\n|-damage|p2a: Swampert|94\/100\n|-unboost|p2a: Swampert|spa|1\n|move|p1b: Arboliva|Leech Seed|p2a: Swampert\n|-start|p2a: Swampert|move: Leech Seed\n|\n|-weather|RainDance|[upkeep]\n|-damage|p2b: Cresselia|46\/100|[from] Leech Seed|[of] p1b: Arboliva\n|-heal|p1b: Arboliva|90\/100|[silent]\n|-damage|p2a: Swampert|81\/100|[from] Leech Seed|[of] p1b: Arboliva\n|-heal|p1b: Arboliva|100\/100|[silent]\n|upkeep\n|turn|14\n|\n|t:|1700652432\n|detailschange|p2a: Swampert|Swampert-Mega, F\n|-mega|p2a: Swampert|Swampert|Swampertite\n|move|p2b: Cresselia|Helping Hand|p2a: Swampert\n|-singleturn|p2a: Swampert|Helping Hand|[of] p2b: Cresselia\n|move|p2a: Swampert|Liquidation|p1a: Zamazenta\n|-damage|p1a: Zamazenta|7\/100\n|move|p1a: Zamazenta|Reflect|p1a: Zamazenta\n|-sidestart|p1: Bootus Stankus|Reflect\n|move|p1b: Arboliva|Giga Drain|p2a: Swampert\n|-supereffective|p2a: Swampert\n|-damage|p2a: Swampert|0 fnt\n|faint|p2a: Swampert\n|\n|-weather|RainDance|[upkeep]\n|-damage|p2b: Cresselia|33\/100|[from] Leech Seed|[of] p1b: Arboliva\n|upkeep\n|-message|Atlost forfeited.\n|\n|win|Bootus Stankus\n|raw|Bootus Stankus's rating: 1248 &rarr; <strong>1271<\/strong><br \/>(+23 for winning)\n|raw|Atlost's rating: 1225 &rarr; <strong>1202<\/strong><br \/>(-23 for losing)\n|l|\u2606Atlost\n","uploadtime":1700652491,"views":0,"p1id":"bootusstankus","p2id":"atlost","formatid":"gen9nationaldexdoubles","rating":1202,"private":0,"password":""}