{"id":"gen9nationaldexdoubles-1971540475","p1":"Theadonia","p2":"untrue_reality","format":"[Gen 9] National Dex Doubles","log":"|j|\u2606Theadonia\n|j|\u2606untrue_reality\n|t:|1697746731\n|gametype|doubles\n|player|p1|Theadonia|roxie|1090\n|player|p2|untrue_reality|psychic-gen2|1330\n|teamsize|p1|6\n|teamsize|p2|6\n|gen|9\n|tier|[Gen 9] National Dex Doubles\n|rated|\n|rule|HP Percentage Mod: HP is shown in percentages\n|rule|Endless Battle Clause: Forcing endless battles is banned\n|rule|OHKO Clause: OHKO moves are banned\n|rule|Evasion Moves Clause: Evasion moves are banned\n|rule|Evasion Abilities Clause: Evasion abilities are banned\n|rule|Species Clause: Limit one of each Pok\u00e9mon\n|rule|Gravity Sleep Clause: The combination of sleep-inducing moves with imperfect accuracy and Gravity or Gigantamax Orbeetle are banned\n|clearpoke\n|poke|p1|Delphox, F|\n|poke|p1|Oricorio-Sensu, F|\n|poke|p1|Kommo-o, F|\n|poke|p1|Wailord, F|\n|poke|p1|Cresselia, F|\n|poke|p1|Ribombee, F|\n|poke|p2|Palafin, M|\n|poke|p2|Iron Hands|\n|poke|p2|Landorus, M|\n|poke|p2|Incineroar, M|\n|poke|p2|Gholdengo|\n|poke|p2|Pelipper, M|\n|teampreview\n|inactive|Battle timer is ON: inactive players will automatically lose when time's up. (requested by untrue_reality)\n|\n|t:|1697746758\n|start\n|switch|p1a: Oricorio|Oricorio-Sensu, F, shiny|100\/100\n|switch|p1b: Ribombee|Ribombee, F|100\/100\n|switch|p2a: Gholdengo|Gholdengo|100\/100\n|switch|p2b: Iron Hands|Iron Hands|100\/100\n|turn|1\n|\n|t:|1697746769\n|move|p2a: Gholdengo|Protect|p2a: Gholdengo\n|-singleturn|p2a: Gholdengo|Protect\n|move|p1b: Ribombee|Quiver Dance|p1b: Ribombee\n|-boost|p1b: Ribombee|spa|1\n|-boost|p1b: Ribombee|spd|1\n|-boost|p1b: Ribombee|spe|1\n|-activate|p1a: Oricorio|ability: Dancer\n|move|p1a: Oricorio|Quiver Dance|p1a: Oricorio|[from]ability: Dancer\n|-boost|p1a: Oricorio|spa|1\n|-boost|p1a: Oricorio|spd|1\n|-boost|p1a: Oricorio|spe|1\n|move|p1a: Oricorio|Quiver Dance|p1a: Oricorio\n|-boost|p1a: Oricorio|spa|1\n|-boost|p1a: Oricorio|spd|1\n|-boost|p1a: Oricorio|spe|1\n|move|p2b: Iron Hands|Wild Charge|p1a: Oricorio\n|-supereffective|p1a: Oricorio\n|-damage|p1a: Oricorio|29\/100\n|-damage|p2b: Iron Hands|88\/100|[from] Recoil\n|\n|upkeep\n|turn|2\n|\n|t:|1697746789\n|switch|p2a: Incineroar|Incineroar, M|100\/100\n|-ability|p2a: Incineroar|Intimidate|boost\n|-unboost|p1a: Oricorio|atk|1\n|-unboost|p1b: Ribombee|atk|1\n|move|p1b: Ribombee|Pollen Puff|p1a: Oricorio\n|-heal|p1a: Oricorio|79\/100\n|move|p1a: Oricorio|Substitute|p1a: Oricorio\n|-start|p1a: Oricorio|Substitute\n|-damage|p1a: Oricorio|54\/100\n|move|p2b: Iron Hands|Wild Charge|p1a: Oricorio\n|-supereffective|p1a: Oricorio\n|-end|p1a: Oricorio|Substitute\n|-damage|p2b: Iron Hands|84\/100|[from] Recoil|[of] p1a: Oricorio\n|\n|upkeep\n|turn|3\n|\n|t:|1697746807\n|move|p1b: Ribombee|Dazzling Gleam|p2b: Iron Hands|[spread] p2a,p2b\n|-supereffective|p2b: Iron Hands\n|-damage|p2a: Incineroar|60\/100\n|-damage|p2b: Iron Hands|49\/100\n|move|p1a: Oricorio|Substitute|p1a: Oricorio\n|-start|p1a: Oricorio|Substitute\n|-damage|p1a: Oricorio|29\/100\n|move|p2a: Incineroar|Knock Off|p1a: Oricorio\n|-supereffective|p1a: Oricorio\n|-end|p1a: Oricorio|Substitute\n|move|p2b: Iron Hands|Heavy Slam|p1b: Ribombee\n|-supereffective|p1b: Ribombee\n|-enditem|p1b: Ribombee|Focus Sash\n|-damage|p1b: Ribombee|1\/100\n|\n|upkeep\n|turn|4\n|\n|t:|1697746827\n|move|p1b: Ribombee|Quiver Dance|p1b: Ribombee\n|-boost|p1b: Ribombee|spa|1\n|-boost|p1b: Ribombee|spd|1\n|-boost|p1b: Ribombee|spe|1\n|-activate|p1a: Oricorio|ability: Dancer\n|move|p1a: Oricorio|Quiver Dance|p1a: Oricorio|[from]ability: Dancer\n|-boost|p1a: Oricorio|spa|1\n|-boost|p1a: Oricorio|spd|1\n|-boost|p1a: Oricorio|spe|1\n|move|p1a: Oricorio|Substitute|p1a: Oricorio\n|-start|p1a: Oricorio|Substitute\n|-damage|p1a: Oricorio|4\/100\n|-enditem|p1a: Oricorio|Aguav Berry|[eat]\n|-heal|p1a: Oricorio|37\/100|[from] item: Aguav Berry\n|move|p2a: Incineroar|Knock Off|p1a: Oricorio\n|-supereffective|p1a: Oricorio\n|-end|p1a: Oricorio|Substitute\n|move|p2b: Iron Hands|Heavy Slam|p1a: Oricorio\n|-damage|p1a: Oricorio|4\/100\n|\n|upkeep\n|turn|5\n|\n|t:|1697746838\n|move|p1b: Ribombee|Pollen Puff|p1a: Oricorio\n|-heal|p1a: Oricorio|54\/100\n|move|p1a: Oricorio|Substitute|p1a: Oricorio\n|-start|p1a: Oricorio|Substitute\n|-damage|p1a: Oricorio|29\/100\n|move|p2a: Incineroar|Knock Off|p1b: Ribombee\n|-resisted|p1b: Ribombee\n|-damage|p1b: Ribombee|0 fnt\n|faint|p1b: Ribombee\n|move|p2b: Iron Hands|Heavy Slam|p1a: Oricorio\n|-end|p1a: Oricorio|Substitute\n|\n|upkeep\n|\n|t:|1697746843\n|switch|p1b: Kommo-o|Kommo-o, F, shiny|100\/100\n|turn|6\n|\n|t:|1697746869\n|move|p1a: Oricorio|Baton Pass|p1a: Oricorio\n|\n|t:|1697746872\n|switch|p1a: Wailord|Wailord, F, shiny|100\/100|[from] Baton Pass\n|-ability|p1a: Wailord|Pressure\n|-zpower|p1b: Kommo-o\n|move|p1b: Kommo-o|Clangorous Soulblaze|p2a: Incineroar|[zeffect]|[spread] p2a,p2b\n|-damage|p2a: Incineroar|14\/100\n|-damage|p2b: Iron Hands|29\/100\n|-enditem|p2a: Incineroar|Sitrus Berry|[eat]\n|-heal|p2a: Incineroar|39\/100|[from] item: Sitrus Berry\n|-boost|p1b: Kommo-o|atk|1\n|-boost|p1b: Kommo-o|def|1\n|-boost|p1b: Kommo-o|spa|1\n|-boost|p1b: Kommo-o|spd|1\n|-boost|p1b: Kommo-o|spe|1\n|move|p2a: Incineroar|Knock Off|p1a: Wailord\n|-damage|p1a: Wailord|60\/100\n|-enditem|p1a: Wailord|Leftovers|[from] move: Knock Off|[of] p2a: Incineroar\n|move|p2b: Iron Hands|Wild Charge|p1a: Wailord\n|-supereffective|p1a: Wailord\n|-damage|p1a: Wailord|0 fnt\n|faint|p1a: Wailord\n|-damage|p2b: Iron Hands|14\/100|[from] Recoil\n|\n|upkeep\n|\n|t:|1697746884\n|switch|p1a: Cresselia|Cresselia, F|100\/100\n|turn|7\n|\n|t:|1697746900\n|move|p1b: Kommo-o|Clangorous Soul|p1b: Kommo-o\n|-boost|p1b: Kommo-o|atk|1\n|-boost|p1b: Kommo-o|def|1\n|-boost|p1b: Kommo-o|spa|1\n|-boost|p1b: Kommo-o|spd|1\n|-boost|p1b: Kommo-o|spe|1\n|-damage|p1b: Kommo-o|68\/100\n|move|p1a: Cresselia|Psych Up|p1b: Kommo-o\n|-copyboost|p1a: Cresselia|p1b: Kommo-o|[from] move: Psych Up\n|move|p2a: Incineroar|Parting Shot|p1b: Kommo-o\n|-immune|p1b: Kommo-o|[from] ability: Soundproof\n|move|p2b: Iron Hands|Drain Punch|p1b: Kommo-o\n|-damage|p1b: Kommo-o|51\/100\n|-heal|p2b: Iron Hands|18\/100|[from] drain|[of] p1b: Kommo-o\n|\n|upkeep\n|turn|8\n|\n|t:|1697746919\n|move|p1b: Kommo-o|Clangorous Soul|p1b: Kommo-o\n|-boost|p1b: Kommo-o|atk|1\n|-boost|p1b: Kommo-o|def|1\n|-boost|p1b: Kommo-o|spa|1\n|-boost|p1b: Kommo-o|spd|1\n|-boost|p1b: Kommo-o|spe|1\n|-damage|p1b: Kommo-o|18\/100\n|move|p1a: Cresselia|Dazzling Gleam|p2a: Incineroar|[spread] p2a,p2b\n|-supereffective|p2b: Iron Hands\n|-damage|p2a: Incineroar|13\/100\n|-damage|p2b: Iron Hands|0 fnt\n|faint|p2b: Iron Hands\n|-end|p2b: Iron Hands|Quark Drive|[silent]\n|move|p2a: Incineroar|Knock Off|p1a: Cresselia\n|-supereffective|p1a: Cresselia\n|-damage|p1a: Cresselia|71\/100\n|-enditem|p1a: Cresselia|Leftovers|[from] move: Knock Off|[of] p2a: Incineroar\n|\n|upkeep\n|\n|t:|1697746933\n|switch|p2b: Gholdengo|Gholdengo|100\/100\n|turn|9\n|\n|t:|1697746959\n|move|p1b: Kommo-o|Drain Punch|p2a: Incineroar\n|-supereffective|p2a: Incineroar\n|-damage|p2a: Incineroar|0 fnt\n|-heal|p1b: Kommo-o|26\/100|[from] drain|[of] p2a: Incineroar\n|faint|p2a: Incineroar\n|move|p1a: Cresselia|Lunar Blessing|p1a: Cresselia|[spread] p1a,p1b\n|-heal|p1a: Cresselia|96\/100\n|-heal|p1b: Kommo-o|51\/100\n|move|p2b: Gholdengo|Make It Rain|p1a: Cresselia|[spread] p1a,p1b\n|-damage|p1a: Cresselia|82\/100\n|-damage|p1b: Kommo-o|33\/100\n|-unboost|p2b: Gholdengo|spa|1\n|\n|upkeep\n|inactive|untrue_reality has 120 seconds left.\n|\n|t:|1697746970\n|switch|p2a: Landorus|Landorus, M|100\/100\n|turn|10\n|inactive|Theadonia has 120 seconds left.\n|\n|t:|1697747002\n|-terastallize|p2a: Landorus|Ground\n|move|p1b: Kommo-o|Clanging Scales|p2a: Landorus|[spread] p2a,p2b\n|-resisted|p2b: Gholdengo\n|-damage|p2a: Landorus|11\/100\n|-damage|p2b: Gholdengo|72\/100\n|-unboost|p1b: Kommo-o|def|1\n|move|p2a: Landorus|Sandsear Storm|p1b: Kommo-o|[spread] p1b\n|-immune|p1a: Cresselia|[from] ability: Levitate\n|-damage|p1b: Kommo-o|0 fnt\n|faint|p1b: Kommo-o\n|move|p1a: Cresselia|Lunar Blessing|p1a: Cresselia\n|-heal|p1a: Cresselia|100\/100\n|move|p2b: Gholdengo|Nasty Plot|p2b: Gholdengo\n|-boost|p2b: Gholdengo|spa|2\n|\n|-heal|p2b: Gholdengo|78\/100|[from] item: Leftovers\n|upkeep\n|inactive|Theadonia has 120 seconds left.\n|\n|t:|1697747015\n|switch|p1b: Delphox|Delphox, F, shiny|100\/100\n|turn|11\n|\n|t:|1697747027\n|switch|p2a: Pelipper|Pelipper, M|100\/100\n|-weather|RainDance|[from] ability: Drizzle|[of] p2a: Pelipper\n|move|p2b: Gholdengo|Protect|p2b: Gholdengo\n|-singleturn|p2b: Gholdengo|Protect\n|move|p1a: Cresselia|Dazzling Gleam|p2b: Gholdengo|[spread] p2a\n|-activate|p2b: Gholdengo|move: Protect\n|-damage|p2a: Pelipper|58\/100\n|-enditem|p2a: Pelipper|Eject Button\n|\n|t:|1697747035\n|switch|p2a: Palafin|Palafin, M|100\/100\n|move|p1b: Delphox|Heat Wave|p2b: Gholdengo|[spread] p2a\n|-activate|p2b: Gholdengo|move: Protect\n|-resisted|p2a: Palafin\n|-damage|p2a: Palafin|90\/100\n|\n|-weather|RainDance|[upkeep]\n|-heal|p2b: Gholdengo|84\/100|[from] item: Leftovers\n|upkeep\n|turn|12\n|\n|t:|1697747055\n|-terastallize|p1b: Delphox|Grass\n|move|p1a: Cresselia|Stored Power|p2b: Gholdengo\n|-resisted|p2b: Gholdengo\n|-damage|p2b: Gholdengo|16\/100\n|move|p1b: Delphox|Role Play|p1a: Cresselia\n|-endability|p1b: Delphox|Magician|[from] move: Role Play\n|-ability|p1b: Delphox|Levitate|[from] move: Role Play|[of] p1a: Cresselia\n|-zpower|p2a: Palafin\n|move|p2a: Palafin|Hydro Vortex|p1a: Cresselia|[zeffect]\n|-damage|p1a: Cresselia|69\/100\n|move|p2b: Gholdengo|Make It Rain|p1a: Cresselia|[spread] p1a,p1b\n|-damage|p1a: Cresselia|50\/100\n|-damage|p1b: Delphox|30\/100\n|-unboost|p2b: Gholdengo|spa|1\n|\n|-weather|RainDance|[upkeep]\n|-heal|p2b: Gholdengo|22\/100|[from] item: Leftovers\n|upkeep\n|turn|13\n|\n|t:|1697747083\n|move|p2a: Palafin|Jet Punch|p1b: Delphox\n|-resisted|p1b: Delphox\n|-damage|p1b: Delphox|2\/100\n|move|p1a: Cresselia|Stored Power|p2a: Palafin\n|-damage|p2a: Palafin|0 fnt\n|faint|p2a: Palafin\n|move|p1b: Delphox|Heat Wave|p2b: Gholdengo\n|-supereffective|p2b: Gholdengo\n|-crit|p2b: Gholdengo\n|-damage|p2b: Gholdengo|0 fnt\n|faint|p2b: Gholdengo\n|\n|-weather|RainDance|[upkeep]\n|upkeep\n|inactive|untrue_reality has 120 seconds left.\n|\n|t:|1697747094\n|switch|p2a: Landorus|Landorus, M, tera:Ground|11\/100\n|switch|p2b: Pelipper|Pelipper, M|58\/100\n|turn|14\n|\n|t:|1697747107\n|move|p2b: Pelipper|Wide Guard|p2b: Pelipper\n|-singleturn|p2b: Pelipper|Wide Guard\n|move|p2a: Landorus|U-turn|p1a: Cresselia\n|-supereffective|p1a: Cresselia\n|-damage|p1a: Cresselia|37\/100\n|move|p1a: Cresselia|Dazzling Gleam|p2a: Landorus|[spread] \n|-activate|p2a: Landorus|move: Wide Guard\n|-activate|p2b: Pelipper|move: Wide Guard\n|move|p1b: Delphox|Copycat|p1b: Delphox\n|move|p1b: Delphox|Dazzling Gleam|p2a: Landorus|[from]move: Copycat|[spread] \n|-activate|p2a: Landorus|move: Wide Guard\n|-activate|p2b: Pelipper|move: Wide Guard\n|\n|-weather|RainDance|[upkeep]\n|upkeep\n|turn|15\n|\n|t:|1697747119\n|move|p2b: Pelipper|Helping Hand|p2a: Landorus\n|-singleturn|p2a: Landorus|Helping Hand|[of] p2b: Pelipper\n|move|p2a: Landorus|U-turn|p1a: Cresselia\n|-supereffective|p1a: Cresselia\n|-damage|p1a: Cresselia|19\/100\n|move|p1a: Cresselia|Lunar Blessing|p1a: Cresselia|[spread] p1a,p1b\n|-heal|p1a: Cresselia|44\/100\n|-heal|p1b: Delphox|27\/100\n|move|p1b: Delphox|Copycat|p1b: Delphox\n|move|p1b: Delphox|Lunar Blessing|p1b: Delphox|[from]move: Copycat|[spread] p1a,p1b\n|-heal|p1a: Cresselia|69\/100\n|-heal|p1b: Delphox|52\/100\n|\n|-weather|none\n|upkeep\n|turn|16\n|-message|untrue_reality forfeited.\n|\n|win|Theadonia\n|raw|Theadonia's rating: 1090 &rarr; <strong>1132<\/strong><br \/>(+42 for winning)\n|raw|untrue_reality's rating: 1330 &rarr; <strong>1298<\/strong><br \/>(-32 for losing)\n|l|\u2606untrue_reality\n","uploadtime":1697747135,"views":6,"p1id":"theadonia","p2id":"untruereality","formatid":"gen9nationaldexdoubles","rating":1132,"private":0,"password":""}