{"id":"gen9nationaldexdoubles-1993156451","p1":"El Ryuk456","p2":"VivaLaResistance","format":"[Gen 9] National Dex Doubles","log":"|j|\u2606El Ryuk456\n|j|\u2606VivaLaResistance\n|t:|1700271610\n|gametype|doubles\n|player|p1|El Ryuk456|ingo|1345\n|player|p2|VivaLaResistance|valerie|1138\n|teamsize|p1|6\n|teamsize|p2|6\n|gen|9\n|tier|[Gen 9] National Dex Doubles\n|rated|\n|rule|HP Percentage Mod: HP is shown in percentages\n|rule|Endless Battle Clause: Forcing endless battles is banned\n|rule|OHKO Clause: OHKO moves are banned\n|rule|Evasion Moves Clause: Evasion moves are banned\n|rule|Evasion Abilities Clause: Evasion abilities are banned\n|rule|Species Clause: Limit one of each Pok\u00e9mon\n|rule|Gravity Sleep Clause: The combination of sleep-inducing moves with imperfect accuracy and Gravity or Gigantamax Orbeetle are banned\n|clearpoke\n|poke|p1|Incineroar, M|\n|poke|p1|Tapu Koko|\n|poke|p1|Salamence, M|\n|poke|p1|Snorlax, M|\n|poke|p1|Tatsugiri-Droopy, F|\n|poke|p1|Liepard, F|\n|poke|p2|Ogerpon-Hearthflame, F|\n|poke|p2|Sneasler, M|\n|poke|p2|Rillaboom, F|\n|poke|p2|Clefairy, F|\n|poke|p2|Charizard, F|\n|poke|p2|Flutter Mane|\n|teampreview\n|\n|t:|1700271624\n|start\n|switch|p1a: Incineroar|Incineroar, M|100\/100\n|switch|p1b: Tapu Koko|Tapu Koko|100\/100\n|switch|p2a: Rillaboom|Rillaboom, F|100\/100\n|switch|p2b: Sneasler|Sneasler, M|100\/100\n|-fieldstart|move: Electric Terrain|[from] ability: Electric Surge|[of] p1b: Tapu Koko\n|-fieldstart|move: Grassy Terrain|[from] ability: Grassy Surge|[of] p2a: Rillaboom\n|-enditem|p2b: Sneasler|Grassy Seed\n|-boost|p2b: Sneasler|def|1|[from] item: Grassy Seed\n|-ability|p1a: Incineroar|Intimidate|boost\n|-unboost|p2a: Rillaboom|atk|1\n|-unboost|p2b: Sneasler|atk|1\n|turn|1\n|\n|t:|1700271635\n|switch|p1b: Salamence|Salamence, M|100\/100\n|-ability|p1b: Salamence|Intimidate|boost\n|-unboost|p2a: Rillaboom|atk|1\n|-unboost|p2b: Sneasler|atk|1\n|move|p2b: Sneasler|Fake Out|p1a: Incineroar\n|-damage|p1a: Incineroar|94\/100\n|move|p2a: Rillaboom|Fake Out|p1b: Salamence\n|-damage|p1b: Salamence|92\/100\n|cant|p1a: Incineroar|flinch\n|\n|-heal|p1a: Incineroar|99\/100|[from] Grassy Terrain\n|upkeep\n|turn|2\n|\n|t:|1700271654\n|switch|p2b: Flutter Mane|Flutter Mane|100\/100\n|detailschange|p1b: Salamence|Salamence-Mega, M\n|-mega|p1b: Salamence|Salamence|Salamencite\n|move|p1b: Salamence|Double-Edge|p2b: Flutter Mane\n|-damage|p2b: Flutter Mane|0 fnt\n|faint|p2b: Flutter Mane\n|-end|p2b: Flutter Mane|Protosynthesis|[silent]\n|-damage|p1b: Salamence|67\/100|[from] Recoil\n|move|p2a: Rillaboom|U-turn|p1a: Incineroar\n|-damage|p1a: Incineroar|88\/100\n|\n|t:|1700271662\n|switch|p2a: Charizard|Charizard, F|100\/100|[from] U-turn\n|move|p1a: Incineroar|Flare Blitz|p2a: Charizard\n|-resisted|p2a: Charizard\n|-damage|p2a: Charizard|70\/100\n|-damage|p1a: Incineroar|80\/100|[from] Recoil\n|\n|-heal|p1a: Incineroar|86\/100|[from] Grassy Terrain\n|upkeep\n|\n|t:|1700271670\n|switch|p2b: Ogerpon|Ogerpon-Hearthflame, F|100\/100\n|-ability|p2b: Ogerpon|Mold Breaker\n|turn|3\n|\n|t:|1700271682\n|detailschange|p2a: Charizard|Charizard-Mega-Y, F\n|-mega|p2a: Charizard|Charizard|Charizardite Y\n|-weather|SunnyDay|[from] ability: Drought|[of] p2a: Charizard\n|-terastallize|p2b: Ogerpon|Fire\n|detailschange|p2b: Ogerpon|Ogerpon-Hearthflame-Tera, F, tera:Fire\n|-ability|p2b: Ogerpon|Embody Aspect (Hearthflame)|boost\n|-boost|p2b: Ogerpon|atk|1\n|move|p2b: Ogerpon|Spiky Shield|p2b: Ogerpon\n|-singleturn|p2b: Ogerpon|move: Protect\n|move|p1a: Incineroar|Snatch|p1a: Incineroar\n|-singleturn|p1a: Incineroar|Snatch\n|move|p1b: Salamence|Roost|p1b: Salamence\n|-activate|p1a: Incineroar|move: Snatch|[of] p1b: Salamence\n|move|p1a: Incineroar|Roost|p1a: Incineroar|[from]Snatch\n|-heal|p1a: Incineroar|100\/100\n|-singleturn|p1a: Incineroar|move: Roost\n|move|p2a: Charizard|Heat Wave|p1b: Salamence|[spread] p1a,p1b\n|-resisted|p1a: Incineroar\n|-resisted|p1b: Salamence\n|-damage|p1a: Incineroar|77\/100\n|-damage|p1b: Salamence|35\/100\n|\n|-weather|SunnyDay|[upkeep]\n|-heal|p1a: Incineroar|84\/100|[from] Grassy Terrain\n|upkeep\n|turn|4\n|\n|t:|1700271706\n|move|p1b: Salamence|Double-Edge|p2b: Ogerpon\n|-damage|p2b: Ogerpon|0 fnt\n|faint|p2b: Ogerpon\n|-damage|p1b: Salamence|6\/100|[from] Recoil\n|move|p2a: Charizard|Heat Wave|p1b: Salamence|[spread] p1a,p1b\n|-resisted|p1a: Incineroar\n|-resisted|p1b: Salamence\n|-damage|p1a: Incineroar|61\/100\n|-damage|p1b: Salamence|0 fnt\n|faint|p1b: Salamence\n|move|p1a: Incineroar|Snarl|p2a: Charizard\n|-damage|p2a: Charizard|55\/100\n|-unboost|p2a: Charizard|spa|1\n|\n|-weather|SunnyDay|[upkeep]\n|-heal|p1a: Incineroar|67\/100|[from] Grassy Terrain\n|upkeep\n|\n|t:|1700271718\n|switch|p1b: Tapu Koko|Tapu Koko|100\/100\n|switch|p2b: Sneasler|Sneasler, M|100\/100\n|-fieldstart|move: Electric Terrain|[from] ability: Electric Surge|[of] p1b: Tapu Koko\n|turn|5\n|\n|t:|1700271737\n|switch|p1b: Snorlax|Snorlax, M|100\/100\n|move|p2b: Sneasler|Close Combat|p1a: Incineroar\n|-supereffective|p1a: Incineroar\n|-damage|p1a: Incineroar|0 fnt\n|-unboost|p2b: Sneasler|def|1\n|-unboost|p2b: Sneasler|spd|1\n|faint|p1a: Incineroar\n|move|p2a: Charizard|Solar Beam||[still]\n|-prepare|p2a: Charizard|Solar Beam\n|-anim|p2a: Charizard|Solar Beam|p1b: Snorlax\n|-damage|p1b: Snorlax|80\/100\n|\n|-weather|SunnyDay|[upkeep]\n|upkeep\n|\n|t:|1700271749\n|switch|p1a: Tapu Koko|Tapu Koko|100\/100\n|turn|6\n|\n|t:|1700271763\n|-terastallize|p1b: Snorlax|Ghost\n|move|p1a: Tapu Koko|Discharge|p2b: Sneasler|[spread] p1b,p2a,p2b\n|-supereffective|p2a: Charizard\n|-crit|p2b: Sneasler\n|-damage|p1b: Snorlax|52\/100\n|-damage|p2a: Charizard|0 fnt\n|-damage|p2b: Sneasler|0 fnt\n|faint|p2a: Charizard\n|faint|p2b: Sneasler\n|move|p1b: Snorlax|Belly Drum|p1b: Snorlax\n|-damage|p1b: Snorlax|2\/100\n|-setboost|p1b: Snorlax|atk|6|[from] move: Belly Drum\n|-enditem|p1b: Snorlax|Figy Berry|[eat]\n|-heal|p1b: Snorlax|35\/100|[from] item: Figy Berry\n|\n|-weather|SunnyDay|[upkeep]\n|upkeep\n|\n|t:|1700271768\n|switch|p2b: Clefairy|Clefairy, F|100\/100\n|switch|p2a: Rillaboom|Rillaboom, F|100\/100\n|-fieldstart|move: Grassy Terrain|[from] ability: Grassy Surge|[of] p2a: Rillaboom\n|turn|7\n|\n|t:|1700271777\n|switch|p1a: Liepard|Liepard, F|100\/100\n|move|p2b: Clefairy|Follow Me|p2b: Clefairy\n|-singleturn|p2b: Clefairy|move: Follow Me\n|move|p2a: Rillaboom|Knock Off|p1b: Snorlax\n|-supereffective|p1b: Snorlax\n|-damage|p1b: Snorlax|1\/100\n|move|p1b: Snorlax|Recycle|p1b: Snorlax\n|-item|p1b: Snorlax|Figy Berry|[from] move: Recycle\n|-enditem|p1b: Snorlax|Figy Berry|[eat]\n|-heal|p1b: Snorlax|34\/100|[from] item: Figy Berry\n|\n|-weather|none\n|-heal|p1b: Snorlax|40\/100|[from] Grassy Terrain\n|upkeep\n|turn|8\n|\n|t:|1700271791\n|move|p1a: Liepard|Fake Out|p2a: Rillaboom\n|-damage|p2a: Rillaboom|95\/100\n|cant|p2a: Rillaboom|flinch\n|move|p1b: Snorlax|Recycle|p1b: Snorlax\n|-item|p1b: Snorlax|Figy Berry|[from] move: Recycle\n|-enditem|p1b: Snorlax|Figy Berry|[eat]\n|-heal|p1b: Snorlax|74\/100|[from] item: Figy Berry\n|move|p2b: Clefairy|Icy Wind|p1a: Liepard|[spread] p1a,p1b\n|-crit|p1a: Liepard\n|-damage|p1a: Liepard|89\/100\n|-damage|p1b: Snorlax|70\/100\n|-unboost|p1a: Liepard|spe|1\n|-unboost|p1b: Snorlax|spe|1\n|\n|-heal|p2a: Rillaboom|100\/100|[from] Grassy Terrain\n|-heal|p1a: Liepard|95\/100|[from] Grassy Terrain\n|-heal|p1b: Snorlax|76\/100|[from] Grassy Terrain\n|upkeep\n|turn|9\n|\n|t:|1700271812\n|switch|p1a: Tapu Koko|Tapu Koko|100\/100\n|-fieldstart|move: Electric Terrain|[from] ability: Electric Surge|[of] p1a: Tapu Koko\n|move|p2b: Clefairy|Follow Me|p2b: Clefairy\n|-singleturn|p2b: Clefairy|move: Follow Me\n|move|p2a: Rillaboom|Knock Off|p1b: Snorlax\n|-supereffective|p1b: Snorlax\n|-crit|p1b: Snorlax\n|-damage|p1b: Snorlax|29\/100\n|move|p1b: Snorlax|Facade|p2b: Clefairy\n|-damage|p2b: Clefairy|0 fnt\n|faint|p2b: Clefairy\n|\n|upkeep\n|turn|10\n|\n|t:|1700271827\n|move|p1a: Tapu Koko|Volt Switch|p2a: Rillaboom\n|-resisted|p2a: Rillaboom\n|-damage|p2a: Rillaboom|66\/100\n|\n|t:|1700271829\n|switch|p1a: Liepard|Liepard, F|95\/100|[from] Volt Switch\n|-enditem|p1a: Liepard|Electric Seed\n|-boost|p1a: Liepard|def|1|[from] item: Electric Seed\n|move|p2a: Rillaboom|Knock Off|p1b: Snorlax\n|-supereffective|p1b: Snorlax\n|-damage|p1b: Snorlax|0 fnt\n|faint|p1b: Snorlax\n|\n|upkeep\n|\n|t:|1700271840\n|switch|p1b: Tapu Koko|Tapu Koko|100\/100\n|turn|11\n|\n|t:|1700271847\n|move|p1a: Liepard|Fake Out|p2a: Rillaboom\n|-damage|p2a: Rillaboom|59\/100\n|move|p1b: Tapu Koko|Thunderbolt|p2a: Rillaboom\n|-resisted|p2a: Rillaboom\n|-damage|p2a: Rillaboom|14\/100\n|cant|p2a: Rillaboom|flinch\n|\n|upkeep\n|turn|12\n|-message|VivaLaResistance forfeited.\n|\n|win|El Ryuk456\n|raw|El Ryuk456's rating: 1345 &rarr; <strong>1354<\/strong><br \/>(+9 for winning)\n|raw|VivaLaResistance's rating: 1138 &rarr; <strong>1126<\/strong><br \/>(-12 for losing)\n|l|\u2606VivaLaResistance\n","uploadtime":1700271858,"views":12,"p1id":"elryuk456","p2id":"vivalaresistance","formatid":"gen9nationaldexdoubles","rating":1126,"private":0,"password":""}