{"id":"gen9nationaldexdoubles-1993700130","p1":"SupaMexicanMan","p2":"El Ryuk456","format":"[Gen 9] National Dex Doubles","log":"|j|\u2606SupaMexicanMan\n|j|\u2606El Ryuk456\n|t:|1700347024\n|gametype|doubles\n|player|p1|SupaMexicanMan|richboy-gen4|1297\n|player|p2|El Ryuk456|ingo|1357\n|teamsize|p1|6\n|teamsize|p2|6\n|gen|9\n|tier|[Gen 9] National Dex Doubles\n|rated|\n|rule|HP Percentage Mod: HP is shown in percentages\n|rule|Endless Battle Clause: Forcing endless battles is banned\n|rule|OHKO Clause: OHKO moves are banned\n|rule|Evasion Moves Clause: Evasion moves are banned\n|rule|Evasion Abilities Clause: Evasion abilities are banned\n|rule|Species Clause: Limit one of each Pok\u00e9mon\n|rule|Gravity Sleep Clause: The combination of sleep-inducing moves with imperfect accuracy and Gravity or Gigantamax Orbeetle are banned\n|clearpoke\n|poke|p1|Hatterene, F|\n|poke|p1|Grimmsnarl, M|\n|poke|p1|Ceruledge, M|\n|poke|p1|Gholdengo|\n|poke|p1|Amoonguss, F|\n|poke|p1|Buzzwole|\n|poke|p2|Shiftry, M|\n|poke|p2|Tornadus, M|\n|poke|p2|Kilowattrel, M|\n|poke|p2|Chien-Pao|\n|poke|p2|Talonflame, M|\n|poke|p2|Kingambit, M|\n|teampreview\n|\n|t:|1700347046\n|start\n|switch|p1a: Hatterene|Hatterene, F|100\/100\n|switch|p1b: Grimmsnarl|Grimmsnarl, M|100\/100\n|switch|p2a: Shiftry|Shiftry, M|100\/100\n|switch|p2b: Tornadus|Tornadus, M|100\/100\n|turn|1\n|inactive|Battle timer is ON: inactive players will automatically lose when time's up. (requested by El Ryuk456)\n|\n|t:|1700347065\n|move|p2a: Shiftry|Fake Out|p1a: Hatterene\n|-damage|p1a: Hatterene|88\/100\n|move|p2b: Tornadus|Tailwind|p2b: Tornadus\n|-sidestart|p2: El Ryuk456|move: Tailwind\n|-ability|p2a: Shiftry|Wind Rider|boost\n|-boost|p2a: Shiftry|atk|1\n|move|p1b: Grimmsnarl|Reflect|p1b: Grimmsnarl\n|-sidestart|p1: SupaMexicanMan|Reflect\n|cant|p1a: Hatterene|flinch\n|\n|upkeep\n|turn|2\n|\n|t:|1700347085\n|switch|p2b: Kingambit|Kingambit, M|100\/100\n|move|p1b: Grimmsnarl|Light Screen|p1b: Grimmsnarl\n|-sidestart|p1: SupaMexicanMan|move: Light Screen\n|move|p2a: Shiftry|Knock Off|p1a: Hatterene\n|-damage|p1a: Hatterene|47\/100\n|-enditem|p1a: Hatterene|Focus Sash|[from] move: Knock Off|[of] p2a: Shiftry\n|move|p1a: Hatterene|Trick Room|p1a: Hatterene\n|-fieldstart|move: Trick Room|[of] p1a: Hatterene\n|\n|upkeep\n|turn|3\n|\n|t:|1700347097\n|move|p2a: Shiftry|Protect|p2a: Shiftry\n|-singleturn|p2a: Shiftry|Protect\n|move|p1a: Hatterene|Dazzling Gleam|p2b: Kingambit|[spread] p2b\n|-activate|p2a: Shiftry|move: Protect\n|-damage|p2b: Kingambit|86\/100\n|move|p1b: Grimmsnarl|Spirit Break|p2b: Kingambit\n|-damage|p2b: Kingambit|66\/100\n|-unboost|p2b: Kingambit|spa|1\n|-ability|p2b: Kingambit|Defiant|boost\n|-boost|p2b: Kingambit|atk|2\n|move|p2b: Kingambit|Iron Head|p1a: Hatterene\n|-supereffective|p1a: Hatterene\n|-damage|p1a: Hatterene|0 fnt\n|faint|p1a: Hatterene\n|\n|upkeep\n|\n|t:|1700347113\n|switch|p1a: Ceruledge|Ceruledge, M|100\/100\n|turn|4\n|\n|t:|1700347126\n|-terastallize|p2b: Kingambit|Dark\n|move|p1b: Grimmsnarl|Spirit Break|p2a: Shiftry\n|-supereffective|p2a: Shiftry\n|-enditem|p2a: Shiftry|Focus Sash\n|-damage|p2a: Shiftry|1\/100\n|-unboost|p2a: Shiftry|spa|1\n|move|p1a: Ceruledge|Bitter Blade|p2b: Kingambit\n|-damage|p2b: Kingambit|27\/100\n|-damage|p1a: Ceruledge|91\/100|[from] item: Life Orb\n|move|p2b: Kingambit|Iron Head|p1b: Grimmsnarl\n|-supereffective|p1b: Grimmsnarl\n|-damage|p1b: Grimmsnarl|0 fnt\n|faint|p1b: Grimmsnarl\n|move|p2a: Shiftry|Knock Off|p1a: Ceruledge\n|-supereffective|p1a: Ceruledge\n|-damage|p1a: Ceruledge|3\/100\n|-enditem|p1a: Ceruledge|Life Orb|[from] move: Knock Off|[of] p2a: Shiftry\n|\n|-sideend|p2: El Ryuk456|move: Tailwind\n|upkeep\n|\n|t:|1700347146\n|switch|p1b: Buzzwole|Buzzwole|100\/100\n|turn|5\n|\n|t:|1700347157\n|switch|p2a: Talonflame|Talonflame, M|100\/100\n|move|p2b: Kingambit|Sucker Punch||[still]\n|-fail|p2b: Kingambit\n|move|p1a: Ceruledge|Swords Dance|p1a: Ceruledge\n|-boost|p1a: Ceruledge|atk|2\n|move|p1b: Buzzwole|Drain Punch|p2b: Kingambit\n|-supereffective|p2b: Kingambit\n|-damage|p2b: Kingambit|0 fnt\n|faint|p2b: Kingambit\n|-ability|p1b: Buzzwole|Beast Boost|boost\n|-boost|p1b: Buzzwole|atk|1\n|\n|upkeep\n|\n|t:|1700347168\n|switch|p2b: Chien-Pao|Chien-Pao|100\/100\n|-ability|p2b: Chien-Pao|Sword of Ruin\n|turn|6\n|\n|t:|1700347177\n|move|p1a: Ceruledge|Shadow Sneak|p2a: Talonflame\n|-damage|p2a: Talonflame|52\/100\n|move|p2b: Chien-Pao|Sucker Punch||[still]\n|-fail|p2b: Chien-Pao\n|move|p1b: Buzzwole|Drain Punch|p2b: Chien-Pao\n|-supereffective|p2b: Chien-Pao\n|-damage|p2b: Chien-Pao|0 fnt\n|faint|p2b: Chien-Pao\n|-ability|p1b: Buzzwole|Beast Boost|boost\n|-boost|p1b: Buzzwole|atk|1\n|move|p2a: Talonflame|Will-O-Wisp|p1b: Buzzwole\n|-status|p1b: Buzzwole|brn\n|\n|-damage|p1b: Buzzwole|94\/100 brn|[from] brn\n|-fieldend|move: Trick Room\n|upkeep\n|\n|t:|1700347188\n|switch|p2b: Tornadus|Tornadus, M|100\/100\n|turn|7\n|\n|t:|1700347197\n|move|p1a: Ceruledge|Shadow Sneak|p2a: Talonflame\n|-damage|p2a: Talonflame|10\/100\n|-enditem|p2a: Talonflame|Sitrus Berry|[eat]\n|-heal|p2a: Talonflame|35\/100|[from] item: Sitrus Berry\n|move|p2b: Tornadus|Bleakwind Storm|p1a: Ceruledge|[spread] p1a,p1b\n|-supereffective|p1b: Buzzwole\n|-damage|p1a: Ceruledge|0 fnt\n|-damage|p1b: Buzzwole|31\/100 brn\n|faint|p1a: Ceruledge\n|move|p2a: Talonflame|Tailwind|p2a: Talonflame\n|-sidestart|p2: El Ryuk456|move: Tailwind\n|move|p1b: Buzzwole|Ice Punch|p2b: Tornadus\n|-supereffective|p2b: Tornadus\n|-damage|p2b: Tornadus|37\/100\n|\n|-damage|p1b: Buzzwole|25\/100 brn|[from] brn\n|upkeep\n|\n|t:|1700347211\n|switch|p1a: Gholdengo|Gholdengo|100\/100\n|turn|8\n|\n|t:|1700347220\n|move|p2b: Tornadus|Rain Dance|p2b: Tornadus\n|-weather|RainDance\n|move|p2a: Talonflame|Heat Wave|p1a: Gholdengo|[spread] p1a,p1b\n|-supereffective|p1a: Gholdengo\n|-supereffective|p1b: Buzzwole\n|-damage|p1a: Gholdengo|90\/100\n|-damage|p1b: Buzzwole|17\/100 brn\n|move|p1b: Buzzwole|Ice Punch|p2b: Tornadus\n|-supereffective|p2b: Tornadus\n|-damage|p2b: Tornadus|0 fnt\n|faint|p2b: Tornadus\n|-ability|p1b: Buzzwole|Beast Boost|boost\n|-boost|p1b: Buzzwole|atk|1\n|move|p1a: Gholdengo|Thunderbolt|p2a: Talonflame\n|-supereffective|p2a: Talonflame\n|-damage|p2a: Talonflame|0 fnt\n|faint|p2a: Talonflame\n|\n|-weather|RainDance|[upkeep]\n|-damage|p1b: Buzzwole|10\/100 brn|[from] brn\n|-sideend|p1: SupaMexicanMan|Reflect\n|upkeep\n|\n|t:|1700347228\n|switch|p2b: Kilowattrel|Kilowattrel, M|100\/100\n|switch|p2a: Shiftry|Shiftry, M|1\/100\n|-ability|p2a: Shiftry|Wind Rider|boost\n|-boost|p2a: Shiftry|atk|1\n|turn|9\n|\n|t:|1700347260\n|move|p2b: Kilowattrel|Thunder|p1b: Buzzwole\n|-damage|p1b: Buzzwole|0 fnt\n|faint|p1b: Buzzwole\n|move|p2a: Shiftry|Knock Off|p1a: Gholdengo\n|-supereffective|p1a: Gholdengo\n|-damage|p1a: Gholdengo|0 fnt\n|-enditem|p1a: Gholdengo|Metal Coat|[from] move: Knock Off|[of] p2a: Shiftry\n|faint|p1a: Gholdengo\n|\n|-weather|RainDance|[upkeep]\n|-sideend|p1: SupaMexicanMan|move: Light Screen\n|upkeep\n|inactive|SupaMexicanMan has 120 seconds left.\n|\n|t:|1700347281\n|switch|p1b: Amoonguss|Amoonguss, F|100\/100\n|turn|10\n|\n|t:|1700347288\n|move|p2b: Kilowattrel|Hurricane|p1b: Amoonguss\n|-supereffective|p1b: Amoonguss\n|-damage|p1b: Amoonguss|0 fnt\n|faint|p1b: Amoonguss\n|\n|win|El Ryuk456\n|raw|SupaMexicanMan's rating: 1297 &rarr; <strong>1276<\/strong><br \/>(-21 for losing)\n|raw|El Ryuk456's rating: 1357 &rarr; <strong>1374<\/strong><br \/>(+17 for winning)\n|l|\u2606SupaMexicanMan\n","uploadtime":1700347294,"views":5,"p1id":"supamexicanman","p2id":"elryuk456","formatid":"gen9nationaldexdoubles","rating":1276,"private":0,"password":""}