{"id":"gen9nationaldexdoubles-1952513473","p1":"Brick_Enjoyer_144","p2":"IXLFL","format":"[Gen 9] National Dex Doubles","log":"|j|\u2606Brick_Enjoyer_144\n|j|\u2606IXLFL\n|t:|1695692247\n|gametype|doubles\n|player|p1|Brick_Enjoyer_144|shauntal|1103\n|player|p2|IXLFL|cynthia-gen4|1176\n|teamsize|p1|6\n|teamsize|p2|6\n|gen|9\n|tier|[Gen 9] National Dex Doubles\n|rated|\n|rule|HP Percentage Mod: HP is shown in percentages\n|rule|Endless Battle Clause: Forcing endless battles is banned\n|rule|OHKO Clause: OHKO moves are banned\n|rule|Evasion Moves Clause: Evasion moves are banned\n|rule|Evasion Abilities Clause: Evasion abilities are banned\n|rule|Species Clause: Limit one of each Pok\u00e9mon\n|rule|Gravity Sleep Clause: The combination of sleep-inducing moves with imperfect accuracy and Gravity or Gigantamax Orbeetle are banned\n|clearpoke\n|poke|p1|Spiritomb, F|\n|poke|p1|Cetitan, M|\n|poke|p1|Porygon2|\n|poke|p1|Stakataka|\n|poke|p1|Vikavolt, F|\n|poke|p1|Volcanion|\n|poke|p2|Charizard, F|\n|poke|p2|Iron Moth|\n|poke|p2|Iron Hands|\n|poke|p2|Amoonguss, M|\n|poke|p2|Palafin, F|\n|poke|p2|Whimsicott, M|\n|teampreview\n|inactive|Battle timer is ON: inactive players will automatically lose when time's up. (requested by Brick_Enjoyer_144)\n|\n|t:|1695692267\n|start\n|switch|p1a: Spiritomb|Spiritomb, F|100\/100\n|switch|p1b: Cetitan|Cetitan, M|100\/100\n|switch|p2a: Palafin|Palafin, F|100\/100\n|switch|p2b: Iron Hands|Iron Hands|100\/100\n|-ability|p1a: Spiritomb|Pressure\n|turn|1\n|\n|t:|1695692294\n|move|p2b: Iron Hands|Fake Out|p1b: Cetitan\n|-damage|p1b: Cetitan|87\/100\n|move|p2a: Palafin|Flip Turn|p1a: Spiritomb\n|-damage|p1a: Spiritomb|62\/100\n|\n|t:|1695692300\n|detailschange|p2a: Palafin|Palafin-Hero, F\n|switch|p2a: Charizard|Charizard, F|100\/100|[from] Flip Turn\n|cant|p1b: Cetitan|flinch\n|move|p1a: Spiritomb|Trick Room|p1a: Spiritomb\n|-fieldstart|move: Trick Room|[of] p1a: Spiritomb\n|\n|-heal|p1a: Spiritomb|68\/100|[from] item: Leftovers\n|upkeep\n|turn|2\n|inactive|IXLFL has 120 seconds left.\n|\n|t:|1695692332\n|-end|p2b: Iron Hands|Quark Drive|[silent]\n|switch|p2b: Iron Moth|Iron Moth|100\/100\n|-enditem|p2b: Iron Moth|Booster Energy\n|-activate|p2b: Iron Moth|ability: Quark Drive|[fromitem]\n|-start|p2b: Iron Moth|quarkdrivespa\n|detailschange|p2a: Charizard|Charizard-Mega-Y, F\n|-mega|p2a: Charizard|Charizard|Charizardite Y\n|-weather|SunnyDay|[from] ability: Drought|[of] p2a: Charizard\n|move|p1a: Spiritomb|Sucker Punch|p2a: Charizard\n|-damage|p2a: Charizard|62\/100\n|move|p1b: Cetitan|Liquidation|p2a: Charizard\n|-supereffective|p2a: Charizard\n|-damage|p2a: Charizard|0 fnt\n|faint|p2a: Charizard\n|\n|-weather|SunnyDay|[upkeep]\n|-heal|p1a: Spiritomb|74\/100|[from] item: Leftovers\n|upkeep\n|inactive|IXLFL has 120 seconds left.\n|\n|t:|1695692347\n|switch|p2a: sus|Amoonguss, M|100\/100\n|turn|3\n|\n|t:|1695692366\n|-terastallize|p2b: Iron Moth|Fire\n|move|p2a: sus|Spore|p1a: Spiritomb\n|-status|p1a: Spiritomb|slp|[from] move: Spore\n|cant|p1a: Spiritomb|slp\n|move|p1b: Cetitan|Icicle Crash|p2a: sus|[miss]\n|-miss|p1b: Cetitan|p2a: sus\n|move|p2b: Iron Moth|Heat Wave|p1a: Spiritomb|[spread] p1a\n|-miss|p2b: Iron Moth|p1b: Cetitan\n|-damage|p1a: Spiritomb|0 fnt\n|faint|p1a: Spiritomb\n|\n|-weather|SunnyDay|[upkeep]\n|upkeep\n|inactive|Brick_Enjoyer_144 has 120 seconds left.\n|\n|t:|1695692388\n|switch|p1a: Vikavolt|Vikavolt, F|100\/100\n|turn|4\n|inactive|Brick_Enjoyer_144 has 120 seconds left.\n|\n|t:|1695692413\n|move|p2a: sus|Spore|p1b: Cetitan\n|-status|p1b: Cetitan|slp|[from] move: Spore\n|move|p1a: Vikavolt|Bug Buzz|p2a: sus\n|-crit|p2a: sus\n|-damage|p2a: sus|3\/100\n|cant|p1b: Cetitan|slp\n|move|p2b: Iron Moth|Heat Wave|p1b: Cetitan|[spread] p1a,p1b\n|-supereffective|p1a: Vikavolt\n|-supereffective|p1b: Cetitan\n|-damage|p1a: Vikavolt|0 fnt\n|-damage|p1b: Cetitan|0 fnt\n|faint|p1a: Vikavolt\n|faint|p1b: Cetitan\n|\n|-weather|SunnyDay|[upkeep]\n|-heal|p2a: sus|10\/100|[from] item: Leftovers\n|upkeep\n|inactive|Brick_Enjoyer_144 has 120 seconds left.\n|\n|t:|1695692425\n|switch|p1a: Stakataka|Stakataka|100\/100\n|switch|p1b: Porygon2|Porygon2|100\/100\n|-ability|p1b: Porygon2|Regenerator|[from] ability: Trace|[of] p2a: sus\n|turn|5\n|\n|t:|1695692441\n|move|p1a: Stakataka|Body Press|p2b: Iron Moth\n|-crit|p2b: Iron Moth\n|-damage|p2b: Iron Moth|0 fnt\n|faint|p2b: Iron Moth\n|-end|p2b: Iron Moth|Quark Drive|[silent]\n|-ability|p1a: Stakataka|Beast Boost|boost\n|-boost|p1a: Stakataka|def|1\n|move|p2a: sus|Spore|p1a: Stakataka\n|-status|p1a: Stakataka|slp|[from] move: Spore\n|move|p1b: Porygon2|Foul Play|p2a: sus\n|-damage|p2a: sus|0 fnt\n|faint|p2a: sus\n|\n|-weather|SunnyDay|[upkeep]\n|-fieldend|move: Trick Room\n|upkeep\n|\n|t:|1695692460\n|switch|p2b: Iron Hands|Iron Hands|100\/100\n|switch|p2a: Palafin|Palafin-Hero, F|100\/100\n|-activate|p2a: Palafin|ability: Zero to Hero\n|turn|6\n|\n|t:|1695692476\n|move|p2a: Palafin|Wave Crash|p1b: Porygon2\n|-damage|p1b: Porygon2|63\/100\n|-damage|p2a: Palafin|87\/100|[from] Recoil\n|move|p2b: Iron Hands|Drain Punch|p1a: Stakataka\n|-supereffective|p1a: Stakataka\n|-damage|p1a: Stakataka|60\/100 slp\n|cant|p1a: Stakataka|slp\n|move|p1b: Porygon2|Trick Room|p1b: Porygon2\n|-fieldstart|move: Trick Room|[of] p1b: Porygon2\n|\n|-weather|none\n|upkeep\n|turn|7\n|\n|t:|1695692497\n|cant|p1a: Stakataka|slp\n|move|p2b: Iron Hands|Drain Punch|p1b: Porygon2\n|-supereffective|p1b: Porygon2\n|-damage|p1b: Porygon2|14\/100\n|move|p2a: Palafin|Wave Crash|p1a: Stakataka\n|-supereffective|p1a: Stakataka\n|-damage|p1a: Stakataka|0 fnt\n|faint|p1a: Stakataka\n|-damage|p2a: Palafin|68\/100|[from] Recoil\n|move|p1b: Porygon2|Teleport|p1b: Porygon2\n|\n|t:|1695692509\n|switch|p1b: Volcanion|Volcanion|100\/100|[from] Teleport\n|\n|upkeep\n|\n|t:|1695692514\n|switch|p1a: Porygon2|Porygon2|48\/100\n|turn|8\n|\n|t:|1695692537\n|move|p2b: Iron Hands|Wild Charge|p1b: Volcanion\n|-supereffective|p1b: Volcanion\n|-damage|p1b: Volcanion|29\/100\n|-damage|p2b: Iron Hands|87\/100|[from] Recoil\n|move|p1a: Porygon2|Recover|p1a: Porygon2\n|-heal|p1a: Porygon2|98\/100\n|move|p1b: Volcanion|Focus Blast|p2a: Palafin|[miss]\n|-miss|p1b: Volcanion|p2a: Palafin\n|move|p2a: Palafin|Wave Crash|p1a: Porygon2\n|-damage|p1a: Porygon2|11\/100\n|-damage|p2a: Palafin|37\/100|[from] Recoil\n|\n|upkeep\n|turn|9\n|\n|t:|1695692559\n|move|p2b: Iron Hands|Wild Charge|p1b: Volcanion\n|-supereffective|p1b: Volcanion\n|-damage|p1b: Volcanion|0 fnt\n|faint|p1b: Volcanion\n|-damage|p2b: Iron Hands|82\/100|[from] Recoil\n|move|p1a: Porygon2|Recover|p1a: Porygon2\n|-heal|p1a: Porygon2|61\/100\n|move|p2a: Palafin|Wave Crash|p1a: Porygon2\n|-damage|p1a: Porygon2|0 fnt\n|faint|p1a: Porygon2\n|-damage|p2a: Palafin|15\/100|[from] Recoil\n|\n|win|IXLFL\n|raw|Brick_Enjoyer_144's rating: 1103 &rarr; <strong>1083<\/strong><br \/>(-20 for losing)\n|raw|IXLFL's rating: 1176 &rarr; <strong>1196<\/strong><br \/>(+20 for winning)\n|c|\u2606IXLFL|gg\n|l|\u2606IXLFL\n","uploadtime":1695692576,"views":8,"p1id":"brickenjoyer144","p2id":"ixlfl","formatid":"gen9nationaldexdoubles","rating":1083,"private":0,"password":""}