{"id":"gen9nationaldexdoubles-1973184182","p1":"BrunoMasterNps","p2":"Sir_Duckling","format":"[Gen 9] National Dex Doubles","log":"|j|\u2606BrunoMasterNps\n|j|\u2606Sir_Duckling\n|t:|1697936901\n|gametype|doubles\n|player|p1|BrunoMasterNps|lucas-gen4pt|1000\n|player|p2|Sir_Duckling|170|1068\n|teamsize|p1|6\n|teamsize|p2|6\n|gen|9\n|tier|[Gen 9] National Dex Doubles\n|rated|\n|rule|HP Percentage Mod: HP is shown in percentages\n|rule|Endless Battle Clause: Forcing endless battles is banned\n|rule|OHKO Clause: OHKO moves are banned\n|rule|Evasion Moves Clause: Evasion moves are banned\n|rule|Evasion Abilities Clause: Evasion abilities are banned\n|rule|Species Clause: Limit one of each Pok\u00e9mon\n|rule|Gravity Sleep Clause: The combination of sleep-inducing moves with imperfect accuracy and Gravity or Gigantamax Orbeetle are banned\n|clearpoke\n|poke|p1|Decidueye, M|\n|poke|p1|Sceptile, M|\n|poke|p1|Swanna, M|\n|poke|p1|Lanturn, M|\n|poke|p1|Kingambit, M|\n|poke|p1|Weezing-Galar, M|\n|poke|p2|Tyranitar, M|\n|poke|p2|Ninetales, M|\n|poke|p2|Abomasnow, F|\n|poke|p2|Pelipper, M|\n|poke|p2|Castform, F|\n|poke|p2|Tornadus-Therian, M|\n|teampreview\n|c|\u2606Sir_Duckling|:)\n|c|\u2606BrunoMasterNps|:(\n|\n|t:|1697936928\n|start\n|switch|p1a: Sceptile|Sceptile, M|100\/100\n|switch|p1b: Swanna|Swanna, M|100\/100\n|switch|p2a: Castform|Castform, F|100\/100\n|switch|p2b: Pelipper|Pelipper, M|100\/100\n|-weather|RainDance|[from] ability: Drizzle|[of] p2b: Pelipper\n|-formechange|p2a: Castform|Castform-Rainy|[msg]|[from] ability: Forecast\n|turn|1\n|\n|t:|1697936952\n|switch|p2a: Tornadus|Tornadus-Therian, M|100\/100\n|detailschange|p1a: Sceptile|Sceptile-Mega, M\n|-mega|p1a: Sceptile|Sceptile|Sceptilite\n|move|p1a: Sceptile|Energy Ball|p2a: Tornadus\n|-resisted|p2a: Tornadus\n|-damage|p2a: Tornadus|67\/100\n|move|p1b: Swanna|Knock Off|p2b: Pelipper\n|-damage|p2b: Pelipper|73\/100\n|-enditem|p2b: Pelipper|Life Orb|[from] move: Knock Off|[of] p1b: Swanna\n|move|p2b: Pelipper|Hurricane|p1a: Sceptile\n|-supereffective|p1a: Sceptile\n|-damage|p1a: Sceptile|0 fnt\n|faint|p1a: Sceptile\n|\n|-weather|RainDance|[upkeep]\n|upkeep\n|\n|t:|1697936983\n|switch|p1a: Decidueye|Decidueye, M, shiny|100\/100\n|turn|2\n|\n|t:|1697936996\n|move|p2a: Tornadus|Hurricane|p1b: Swanna\n|-damage|p1b: Swanna|8\/100\n|move|p1b: Swanna|Knock Off|p2b: Pelipper\n|-damage|p2b: Pelipper|53\/100\n|-zpower|p1a: Decidueye\n|move|p1a: Decidueye|Sinister Arrow Raid|p2a: Tornadus|[zeffect]\n|-crit|p2a: Tornadus\n|-damage|p2a: Tornadus|0 fnt\n|faint|p2a: Tornadus\n|move|p2b: Pelipper|Hurricane|p1a: Decidueye\n|-supereffective|p1a: Decidueye\n|-damage|p1a: Decidueye|0 fnt\n|faint|p1a: Decidueye\n|\n|-weather|RainDance|[upkeep]\n|upkeep\n|\n|t:|1697937012\n|switch|p2a: Castform|Castform, F|100\/100\n|switch|p1a: Weezing|Weezing-Galar, M|100\/100\n|-formechange|p2a: Castform|Castform-Rainy|[msg]|[from] ability: Forecast\n|turn|3\n|\n|t:|1697937045\n|move|p1b: Swanna|Flip Turn|p2b: Pelipper\n|-resisted|p2b: Pelipper\n|-damage|p2b: Pelipper|31\/100\n|\n|t:|1697937050\n|switch|p1b: Lanturn|Lanturn, M|100\/100|[from] Flip Turn\n|move|p1a: Weezing|Dazzling Gleam|p2b: Pelipper|[spread] p2a,p2b\n|-damage|p2a: Castform|75\/100\n|-damage|p2b: Pelipper|6\/100\n|move|p2a: Castform|Thunder|p1a: Weezing\n|-damage|p1a: Weezing|53\/100\n|-enditem|p1a: Weezing|Red Card|[of] p2a: Castform\n|drag|p2a: Tyranitar|Tyranitar, M|100\/100\n|-weather|Sandstorm|[from] ability: Sand Stream|[of] p2a: Tyranitar\n|move|p2b: Pelipper|Blizzard|p1a: Weezing|[spread] p1a\n|-miss|p2b: Pelipper|p1b: Lanturn\n|-damage|p1a: Weezing|9\/100\n|-status|p1a: Weezing|frz\n|\n|-weather|Sandstorm|[upkeep]\n|-damage|p1a: Weezing|3\/100 frz|[from] Sandstorm\n|-damage|p1b: Lanturn|94\/100|[from] Sandstorm\n|-damage|p2b: Pelipper|0 fnt|[from] Sandstorm\n|faint|p2b: Pelipper\n|upkeep\n|c|\u2606Sir_Duckling|XD\n|\n|t:|1697937072\n|switch|p2b: Castform|Castform, F|75\/100\n|turn|4\n|\n|t:|1697937100\n|detailschange|p2a: Tyranitar|Tyranitar-Mega, M\n|-mega|p2a: Tyranitar|Tyranitar|Tyranitarite\n|-terastallize|p1b: Lanturn|Flying\n|cant|p1a: Weezing|frz\n|move|p1b: Lanturn|Ice Beam|p2a: Tyranitar\n|-damage|p2a: Tyranitar|87\/100\n|move|p2a: Tyranitar|Rock Slide|p1b: Lanturn|[spread] p1a,p1b\n|-supereffective|p1b: Lanturn\n|-damage|p1a: Weezing|0 fnt\n|-damage|p1b: Lanturn|0 fnt\n|faint|p1a: Weezing\n|faint|p1b: Lanturn\n|move|p2b: Castform|Weather Ball|p1: Weezing|[notarget]\n|-fail|p2b: Castform\n|\n|-weather|Sandstorm|[upkeep]\n|-damage|p2b: Castform|69\/100|[from] Sandstorm\n|-heal|p2b: Castform|75\/100|[from] item: Leftovers\n|upkeep\n|\n|t:|1697937119\n|switch|p1a: Kingambit|Kingambit, M, shiny|100\/100\n|switch|p1b: Swanna|Swanna, M|8\/100\n|-activate|p1a: Kingambit|ability: Supreme Overlord\n|-start|p1a: Kingambit|fallen4|[silent]\n|turn|5\n|\n|t:|1697937145\n|move|p1b: Swanna|Roost|p1b: Swanna\n|-heal|p1b: Swanna|58\/100\n|-singleturn|p1b: Swanna|move: Roost\n|move|p2a: Tyranitar|Earthquake|p1a: Kingambit|[spread] p2b,p1a,p1b\n|-supereffective|p1a: Kingambit\n|-damage|p2b: Castform|33\/100\n|-damage|p1a: Kingambit|53\/100\n|-damage|p1b: Swanna|0 fnt\n|faint|p1b: Swanna\n|move|p2b: Castform|Weather Ball|p1a: Kingambit\n|-resisted|p1a: Kingambit\n|-damage|p1a: Kingambit|40\/100\n|move|p1a: Kingambit|Brick Break|p2a: Tyranitar\n|-supereffective|p2a: Tyranitar\n|-damage|p2a: Tyranitar|0 fnt\n|faint|p2a: Tyranitar\n|\n|-weather|Sandstorm|[upkeep]\n|-damage|p2b: Castform|27\/100|[from] Sandstorm\n|-heal|p2b: Castform|33\/100|[from] item: Leftovers\n|upkeep\n|\n|t:|1697937158\n|switch|p2a: Ninetales|Ninetales, M|100\/100\n|-weather|SunnyDay|[from] ability: Drought|[of] p2a: Ninetales\n|-formechange|p2b: Castform|Castform-Sunny|[msg]|[from] ability: Forecast\n|turn|6\n|c|\u2606Sir_Duckling|gg\n|\n|t:|1697937171\n|move|p2a: Ninetales|Heat Wave|p1a: Kingambit\n|-supereffective|p1a: Kingambit\n|-damage|p1a: Kingambit|0 fnt\n|faint|p1a: Kingambit\n|-end|p1a: Kingambit|fallen4|[silent]\n|\n|win|Sir_Duckling\n|raw|BrunoMasterNps's rating: 1000 &rarr; <strong>1000<\/strong><br \/>(+0 for losing)\n|raw|Sir_Duckling's rating: 1068 &rarr; <strong>1092<\/strong><br \/>(+24 for winning)\n|l|\u2606BrunoMasterNps\n","uploadtime":1697937182,"views":13,"p1id":"brunomasternps","p2id":"sirduckling","formatid":"gen9nationaldexdoubles","rating":1000,"private":0,"password":""}