{"id":"gen9nationaldexdoubles-1951784317","p1":"luckihandzjr","p2":"Lilytheloudmouth","format":"[Gen 9] National Dex Doubles","log":"|j|\u2606luckihandzjr\n|j|\u2606Lilytheloudmouth\n|t:|1695619924\n|gametype|doubles\n|player|p1|luckihandzjr|interviewers|1126\n|player|p2|Lilytheloudmouth|baker|1049\n|teamsize|p1|6\n|teamsize|p2|6\n|gen|9\n|tier|[Gen 9] National Dex Doubles\n|rated|\n|rule|HP Percentage Mod: HP is shown in percentages\n|rule|Endless Battle Clause: Forcing endless battles is banned\n|rule|OHKO Clause: OHKO moves are banned\n|rule|Evasion Moves Clause: Evasion moves are banned\n|rule|Evasion Abilities Clause: Evasion abilities are banned\n|rule|Species Clause: Limit one of each Pok\u00e9mon\n|rule|Gravity Sleep Clause: The combination of sleep-inducing moves with imperfect accuracy and Gravity or Gigantamax Orbeetle are banned\n|clearpoke\n|poke|p1|Castform, M|\n|poke|p1|Ninetales-Alola, F|\n|poke|p1|Torkoal, M|\n|poke|p1|Jynx, F|\n|poke|p1|Pelipper, M|\n|poke|p1|Leavanny, F|\n|poke|p2|Munkidori, M|\n|poke|p2|Grafaiai, M|\n|poke|p2|Slaking, M|\n|poke|p2|Rillaboom, M|\n|poke|p2|Infernape, M|\n|poke|p2|Simipour, F|\n|teampreview\n|c|\u2606luckihandzjr|Todays weather report\n|c|\u2606luckihandzjr|tune in\n|c|\u2606luckihandzjr|because theres a high chance of\n|\n|t:|1695619956\n|start\n|switch|p1a: TODAYS WEATHER IS|Castform, M, shiny|100\/100\n|switch|p1b: SOGGY|Pelipper, M, shiny|100\/100\n|switch|p2a: Grafaiai|Grafaiai, M|100\/100\n|switch|p2b: Slaking|Slaking, M|100\/100\n|-weather|RainDance|[from] ability: Drizzle|[of] p1b: SOGGY\n|-formechange|p1a: TODAYS WEATHER IS|Castform-Rainy|[msg]|[from] ability: Forecast\n|turn|1\n|c|\u2606Lilytheloudmouth|monkeys?\n|c|\u2606luckihandzjr|yes\n|c|\u2606Lilytheloudmouth|there is for sure a high chance of monkeys\n|c|\u2606luckihandzjr|its raining monkeys\n|\n|t:|1695619990\n|move|p2a: Grafaiai|Taunt|p1b: SOGGY\n|-start|p1b: SOGGY|move: Taunt\n|move|p1a: TODAYS WEATHER IS|Weather Ball|p2b: Slaking\n|-damage|p2b: Slaking|48\/100\n|move|p2b: Slaking|Wild Charge|p1a: TODAYS WEATHER IS\n|-supereffective|p1a: TODAYS WEATHER IS\n|-damage|p1a: TODAYS WEATHER IS|0 fnt\n|faint|p1a: TODAYS WEATHER IS\n|-damage|p2b: Slaking|32\/100|[from] Recoil\n|move|p1b: SOGGY|Whirlpool|p2b: Slaking|[miss]\n|-miss|p1b: SOGGY|p2b: Slaking\n|\n|-weather|RainDance|[upkeep]\n|-heal|p2b: Slaking|38\/100|[from] item: Leftovers\n|upkeep\n|c|\u2606luckihandzjr|NOOOOOO FORECAST IS DEAD\n|\n|t:|1695620008\n|switch|p1a: Reporter Dani|Jynx, F|100\/100\n|turn|2\n|c|\u2606Lilytheloudmouth|sorry lol, i love castforme\n|c|\u2606luckihandzjr|he needs more love\n|\n|t:|1695620032\n|move|p1a: Reporter Dani|Fake Out|p2b: Slaking\n|-damage|p2b: Slaking|34\/100\n|move|p2a: Grafaiai|Doodle|p1a: Reporter Dani\n|-endability|p2a: Grafaiai|Prankster|[from] move: Doodle\n|-ability|p2a: Grafaiai|Dry Skin|[from] move: Doodle\n|-endability|p2b: Slaking|Truant|[from] move: Doodle\n|-ability|p2b: Slaking|Dry Skin|[from] move: Doodle\n|cant|p2b: Slaking|flinch\n|move|p1b: SOGGY|Surf|p2a: Grafaiai|[spread] \n|-immune|p1a: Reporter Dani|[from] ability: Dry Skin\n|-immune|p2a: Grafaiai|[from] ability: Dry Skin\n|-heal|p2b: Slaking|59\/100|[from] ability: Dry Skin|[of] p1b: SOGGY\n|\n|-weather|RainDance|[upkeep]\n|-heal|p2b: Slaking|72\/100|[from] ability: Dry Skin\n|-heal|p2b: Slaking|78\/100|[from] item: Leftovers\n|upkeep\n|turn|3\n|c|\u2606luckihandzjr|GOD DAMN\n|c|\u2606luckihandzjr|you do have a pretty big brian\n|c|\u2606Lilytheloudmouth|doodle is awesome\n|c|\u2606Lilytheloudmouth|im wasting it on monkey team\n|c|\u2606Lilytheloudmouth|lol\n|c|\u2606luckihandzjr|!dt slaking\n|raw|<div class=\"message\"><ul class=\"utilichart\"><li class=\"result\"><span class=\"col numcol\">(DUU)<\/span> <span class=\"col iconcol\"><psicon pokemon=\"slaking\"\/><\/span> <span class=\"col pokemonnamecol\" style=\"white-space:nowrap\"><a href=\"https:\/\/dex.pokemonshowdown.com\/pokemon\/slaking\" target=\"_blank\">Slaking<\/a><\/span> <span class=\"col typecol\"><img src=\"https:\/\/play.pokemonshowdown.com\/sprites\/types\/Normal.png\" alt=\"Normal\" height=\"14\" width=\"32\"><\/span> <span style=\"float:left;min-height:26px\"><span class=\"col abilitycol\">Truant<\/span><span class=\"col abilitycol\"><\/span><\/span><span style=\"float:left;min-height:26px\"><span class=\"col statcol\"><em>HP<\/em><br \/>150<\/span> <span class=\"col statcol\"><em>Atk<\/em><br \/>160<\/span> <span class=\"col statcol\"><em>Def<\/em><br \/>100<\/span> <span class=\"col statcol\"><em>SpA<\/em><br \/>95<\/span> <span class=\"col statcol\"><em>SpD<\/em><br \/>65<\/span> <span class=\"col statcol\"><em>Spe<\/em><br \/>100<\/span> <span class=\"col bstcol\"><em>BST<br \/>670<\/em><\/span> <\/span><\/li><li style=\"clear:both\"><\/li><\/ul><\/div>\n|raw|<font size=\"1\"><font color=\"#686868\">Dex#:<\/font> 289&nbsp;|&ThickSpace;<font color=\"#686868\">Gen:<\/font> 3&nbsp;|&ThickSpace;<font color=\"#686868\">Height:<\/font> 2 m&nbsp;|&ThickSpace;<font color=\"#686868\">Weight:<\/font> 130.5 kg <em>(100 BP)<\/em>&nbsp;|&ThickSpace;<font color=\"#686868\">Dex Colour:<\/font> Brown&nbsp;|&ThickSpace;<font color=\"#686868\">Egg Group(s):<\/font> Field&nbsp;|&ThickSpace;<font color=\"#686868\">Does Not Evolve<\/font><\/font>\n\n|\n|t:|1695620086\n|switch|p1b: Sunny and clear|Torkoal, M|100\/100\n|-weather|SunnyDay|[from] ability: Drought|[of] p1b: Sunny and clear\n|move|p2b: Slaking|Knock Off|p1a: Reporter Dani\n|-supereffective|p1a: Reporter Dani\n|-damage|p1a: Reporter Dani|0 fnt\n|-enditem|p1a: Reporter Dani|Assault Vest|[from] move: Knock Off|[of] p2b: Slaking\n|faint|p1a: Reporter Dani\n|move|p2a: Grafaiai|Toxic|p1b: Sunny and clear\n|-status|p1b: Sunny and clear|tox\n|\n|-weather|SunnyDay|[upkeep]\n|-damage|p2b: Slaking|65\/100|[from] ability: Dry Skin|[of] p2b: Slaking\n|-damage|p2a: Grafaiai|88\/100|[from] ability: Dry Skin|[of] p2a: Grafaiai\n|-heal|p2b: Slaking|71\/100|[from] item: Leftovers\n|-heal|p2a: Grafaiai|94\/100|[from] item: Black Sludge\n|-damage|p1b: Sunny and clear|94\/100 tox|[from] psn\n|upkeep\n|c|\u2606luckihandzjr|seems like a dry spell\n|c|\u2606Lilytheloudmouth|oh no the dry skin\n|c|\u2606Lilytheloudmouth|omg is this an all weather team i love that\n|c|\u2606luckihandzjr|you thought i wasnt prepared for this\n|\n|t:|1695620116\n|switch|p1a: WeatherLady Va-nes|Leavanny, F|100\/100\n|turn|4\n|\n|t:|1695620142\n|-terastallize|p1a: WeatherLady Va-nes|Ground\n|move|p1a: WeatherLady Va-nes|Tera Blast|p2a: Grafaiai|[anim] Tera Blast Ground\n|-supereffective|p2a: Grafaiai\n|-damage|p2a: Grafaiai|0 fnt\n|faint|p2a: Grafaiai\n|move|p2b: Slaking|Body Slam|p1b: Sunny and clear\n|-damage|p1b: Sunny and clear|64\/100 tox\n|-enditem|p1b: Sunny and clear|Red Card|[of] p2b: Slaking\n|drag|p2b: Simipour|Simipour, F|100\/100\n|move|p1b: Sunny and clear|Eruption|p2b: Simipour\n|-resisted|p2b: Simipour\n|-damage|p2b: Simipour|67\/100\n|\n|-weather|SunnyDay|[upkeep]\n|-heal|p2b: Simipour|73\/100|[from] item: Leftovers\n|-damage|p1b: Sunny and clear|52\/100 tox|[from] psn\n|upkeep\n|c|\u2606luckihandzjr|fuck\n|\n|t:|1695620157\n|switch|p2a: Infernape|Infernape, M|100\/100\n|turn|5\n|c|\u2606luckihandzjr|i was hoping for rilla\n|\n|t:|1695620176\n|move|p2a: Infernape|Vacuum Wave|p1a: WeatherLady Va-nes\n|-damage|p1a: WeatherLady Va-nes|67\/100\n|-damage|p2a: Infernape|91\/100|[from] item: Life Orb\n|move|p1a: WeatherLady Va-nes|Tera Blast|p2a: Infernape|[anim] Tera Blast Ground\n|-supereffective|p2a: Infernape\n|-damage|p2a: Infernape|0 fnt\n|faint|p2a: Infernape\n|move|p2b: Simipour|Surf|p1b: Sunny and clear|[spread] p1a,p1b\n|-supereffective|p1a: WeatherLady Va-nes\n|-supereffective|p1b: Sunny and clear\n|-damage|p1a: WeatherLady Va-nes|26\/100\n|-damage|p1b: Sunny and clear|11\/100 tox\n|move|p1b: Sunny and clear|Toxic|p2b: Simipour|[miss]\n|-miss|p1b: Sunny and clear|p2b: Simipour\n|\n|-weather|SunnyDay|[upkeep]\n|-heal|p2b: Simipour|79\/100|[from] item: Leftovers\n|-damage|p1b: Sunny and clear|0 fnt|[from] psn\n|faint|p1b: Sunny and clear\n|upkeep\n|\n|t:|1695620196\n|switch|p2a: Slaking|Slaking, M|71\/100\n|switch|p1b: Icy w\/light wind|Ninetales-Alola, F|100\/100\n|-weather|Snow|[from] ability: Snow Warning|[of] p1b: Icy w\/light wind\n|turn|6\n|\n|t:|1695620218\n|switch|p1a: SOGGY|Pelipper, M, shiny|100\/100\n|-weather|RainDance|[from] ability: Drizzle|[of] p1a: SOGGY\n|move|p1b: Icy w\/light wind|Moonblast|p2a: Slaking\n|-damage|p2a: Slaking|33\/100\n|move|p2a: Slaking|Earthquake|p1b: Icy w\/light wind|[spread] p2b,p1b\n|-immune|p1a: SOGGY\n|-damage|p2b: Simipour|41\/100\n|-damage|p1b: Icy w\/light wind|50\/100\n|move|p2b: Simipour|Ice Beam|p1a: SOGGY\n|-damage|p1a: SOGGY|66\/100\n|\n|-weather|RainDance|[upkeep]\n|-heal|p2a: Slaking|39\/100|[from] item: Leftovers\n|-heal|p2b: Simipour|47\/100|[from] item: Leftovers\n|upkeep\n|turn|7\n|\n|t:|1695620240\n|switch|p2a: Rillaboom|Rillaboom, M|100\/100\n|-fieldstart|move: Grassy Terrain|[from] ability: Grassy Surge|[of] p2a: Rillaboom\n|move|p1b: Icy w\/light wind|Blizzard|p2b: Simipour|[spread] p2b\n|-miss|p1b: Icy w\/light wind|p2a: Rillaboom\n|-resisted|p2b: Simipour\n|-damage|p2b: Simipour|26\/100\n|move|p2b: Simipour|Aqua Ring|p2b: Simipour\n|-start|p2b: Simipour|Aqua Ring\n|move|p1a: SOGGY|Surf|p2a: Rillaboom|[spread] p1b,p2a,p2b\n|-resisted|p2a: Rillaboom\n|-resisted|p2b: Simipour\n|-damage|p1b: Icy w\/light wind|13\/100\n|-damage|p2a: Rillaboom|77\/100\n|-damage|p2b: Simipour|3\/100\n|\n|-weather|RainDance|[upkeep]\n|-heal|p1b: Icy w\/light wind|19\/100|[from] Grassy Terrain\n|-heal|p2a: Rillaboom|83\/100|[from] Grassy Terrain\n|-heal|p2b: Simipour|9\/100|[from] Grassy Terrain\n|-heal|p2b: Simipour|15\/100|[from] item: Leftovers\n|-heal|p2b: Simipour|21\/100|[from] Aqua Ring\n|upkeep\n|turn|8\n|\n|t:|1695620271\n|move|p2a: Rillaboom|Grassy Glide|p1a: SOGGY\n|-damage|p1a: SOGGY|30\/100\n|-enditem|p1a: SOGGY|Sitrus Berry|[eat]\n|-heal|p1a: SOGGY|55\/100|[from] item: Sitrus Berry\n|-damage|p2a: Rillaboom|73\/100|[from] item: Life Orb\n|move|p1b: Icy w\/light wind|Blizzard|p2b: Simipour|[spread] \n|-miss|p1b: Icy w\/light wind|p2a: Rillaboom\n|-miss|p1b: Icy w\/light wind|p2b: Simipour\n|move|p2b: Simipour|Ice Beam|p1a: SOGGY\n|-damage|p1a: SOGGY|18\/100\n|move|p1a: SOGGY|U-turn|p2b: Simipour\n|-damage|p2b: Simipour|11\/100\n|c|\u2606luckihandzjr|fucking dick n cheese\n|\n|t:|1695620288\n|switch|p1a: WeatherLady Va-nes|Leavanny, F, tera:Ground|26\/100|[from] U-turn\n|\n|-weather|RainDance|[upkeep]\n|-heal|p1b: Icy w\/light wind|25\/100|[from] Grassy Terrain\n|-heal|p2a: Rillaboom|79\/100|[from] Grassy Terrain\n|-heal|p1a: WeatherLady Va-nes|32\/100|[from] Grassy Terrain\n|-heal|p2b: Simipour|17\/100|[from] Grassy Terrain\n|-heal|p2b: Simipour|23\/100|[from] item: Leftovers\n|-heal|p2b: Simipour|29\/100|[from] Aqua Ring\n|upkeep\n|turn|9\n|\n|t:|1695620302\n|move|p1b: Icy w\/light wind|Ice Shard|p2a: Rillaboom\n|-supereffective|p2a: Rillaboom\n|-damage|p2a: Rillaboom|56\/100\n|move|p2a: Rillaboom|Superpower|p1b: Icy w\/light wind\n|-crit|p1b: Icy w\/light wind\n|-damage|p1b: Icy w\/light wind|0 fnt\n|-unboost|p2a: Rillaboom|atk|1\n|-unboost|p2a: Rillaboom|def|1\n|faint|p1b: Icy w\/light wind\n|-damage|p2a: Rillaboom|46\/100|[from] item: Life Orb\n|move|p1a: WeatherLady Va-nes|Lunge|p2a: Rillaboom\n|-supereffective|p2a: Rillaboom\n|-damage|p2a: Rillaboom|0 fnt\n|faint|p2a: Rillaboom\n|move|p2b: Simipour|Ice Beam|p1a: WeatherLady Va-nes\n|-supereffective|p1a: WeatherLady Va-nes\n|-damage|p1a: WeatherLady Va-nes|0 fnt\n|faint|p1a: WeatherLady Va-nes\n|\n|-weather|RainDance|[upkeep]\n|-heal|p2b: Simipour|36\/100|[from] Grassy Terrain\n|-heal|p2b: Simipour|42\/100|[from] item: Leftovers\n|-heal|p2b: Simipour|48\/100|[from] Aqua Ring\n|upkeep\n|c|\u2606luckihandzjr|now its just soggy\n|c|\u2606luckihandzjr|soggy is my weakest link tbh\n|c|\u2606Lilytheloudmouth|soggy monkeys\n|\n|t:|1695620333\n|switch|p1b: SOGGY|Pelipper, M, shiny|18\/100\n|switch|p2a: Munkidori|Munkidori, M|100\/100\n|turn|10\n|\n|t:|1695620349\n|move|p2a: Munkidori|Psychic|p1b: SOGGY\n|-damage|p1b: SOGGY|0 fnt\n|faint|p1b: SOGGY\n|-damage|p2a: Munkidori|91\/100|[from] item: Life Orb\n|\n|win|Lilytheloudmouth\n|raw|luckihandzjr's rating: 1126 &rarr; <strong>1096<\/strong><br \/>(-30 for losing)\n|raw|Lilytheloudmouth's rating: 1049 &rarr; <strong>1089<\/strong><br \/>(+40 for winning)\n","uploadtime":1695620287,"views":11,"p1id":"luckihandzjr","p2id":"lilytheloudmouth","formatid":"gen9nationaldexdoubles","rating":1089,"private":0,"password":""}