{"id":"gen9nationaldexdoubles-1996711256","p1":"K3ppr","p2":"Kin+ak (\u2727\u2207\u2727)","format":"[Gen 9] National Dex Doubles","log":"|j|\u2606K3ppr\n|j|\u2606Kin+ak (\u2727\u2207\u2727)\n|t:|1700712974\n|gametype|doubles\n|player|p1|K3ppr|#dwcopiii|\n|player|p2|Kin+ak (\u2727\u2207\u2727)|wally|\n|teamsize|p1|6\n|teamsize|p2|6\n|gen|9\n|tier|[Gen 9] National Dex Doubles\n|rule|HP Percentage Mod: HP is shown in percentages\n|rule|Endless Battle Clause: Forcing endless battles is banned\n|rule|OHKO Clause: OHKO moves are banned\n|rule|Evasion Moves Clause: Evasion moves are banned\n|rule|Evasion Abilities Clause: Evasion abilities are banned\n|rule|Species Clause: Limit one of each Pok\u00e9mon\n|rule|Gravity Sleep Clause: The combination of sleep-inducing moves with imperfect accuracy and Gravity or Gigantamax Orbeetle are banned\n|clearpoke\n|poke|p1|Glimmora, M|\n|poke|p1|Kingambit, M|\n|poke|p1|Rillaboom, F|\n|poke|p1|Salamence, F|\n|poke|p1|Urshifu-*, F|\n|poke|p1|Whimsicott, F|\n|poke|p2|Charizard, F|\n|poke|p2|Chi-Yu|\n|poke|p2|Flutter Mane|\n|poke|p2|Ogerpon-Hearthflame, F|\n|poke|p2|Rillaboom, F|\n|poke|p2|Walking Wake|\n|teampreview\n|\n|t:|1700712998\n|start\n|switch|p1a: Whimsicott|Whimsicott, F|100\/100\n|switch|p1b: Urshifu|Urshifu-Rapid-Strike, F|100\/100\n|switch|p2a: Charizard|Charizard, F|100\/100\n|switch|p2b: Walking Wake|Walking Wake|100\/100\n|turn|1\n|c|\u2606Kin+ak (\u2727\u2207\u2727)|glhf\n|c|\u2606K3ppr|glhf\n|\n|t:|1700713026\n|detailschange|p2a: Charizard|Charizard-Mega-Y, F\n|-mega|p2a: Charizard|Charizard|Charizardite Y\n|-weather|SunnyDay|[from] ability: Drought|[of] p2a: Charizard\n|-activate|p2b: Walking Wake|ability: Protosynthesis\n|-start|p2b: Walking Wake|protosynthesisspe\n|move|p2b: Walking Wake|Dragon Pulse|p1b: Urshifu\n|-damage|p1b: Urshifu|2\/100\n|move|p1a: Whimsicott|Moonblast|p2b: Walking Wake\n|-supereffective|p2b: Walking Wake\n|-damage|p2b: Walking Wake|21\/100\n|-unboost|p2b: Walking Wake|spa|1\n|move|p2a: Charizard|Tailwind|p2a: Charizard\n|-sidestart|p2: Kin+ak (\u2727\u2207\u2727)|move: Tailwind\n|move|p1b: Urshifu|Surging Strikes|p2a: Charizard\n|-supereffective|p2a: Charizard\n|-crit|p2a: Charizard\n|-damage|p2a: Charizard|57\/100\n|-supereffective|p2a: Charizard\n|-crit|p2a: Charizard\n|-damage|p2a: Charizard|14\/100\n|-supereffective|p2a: Charizard\n|-crit|p2a: Charizard\n|-damage|p2a: Charizard|0 fnt\n|faint|p2a: Charizard\n|-hitcount|p2: Charizard|3\n|\n|-weather|SunnyDay|[upkeep]\n|upkeep\n|\n|t:|1700713038\n|switch|p2a: Flutter Mane|Flutter Mane|100\/100\n|-activate|p2a: Flutter Mane|ability: Protosynthesis\n|-start|p2a: Flutter Mane|protosynthesisspe\n|turn|2\n|\n|t:|1700713050\n|switch|p1b: Kingambit|Kingambit, M, shiny|100\/100\n|move|p1a: Whimsicott|Tailwind|p1a: Whimsicott\n|-sidestart|p1: K3ppr|move: Tailwind\n|move|p2a: Flutter Mane|Moonblast|p1a: Whimsicott\n|-crit|p1a: Whimsicott\n|-enditem|p1a: Whimsicott|Focus Sash\n|-damage|p1a: Whimsicott|1\/100\n|-damage|p2a: Flutter Mane|91\/100|[from] item: Life Orb\n|move|p2b: Walking Wake|Dragon Pulse|p1b: Kingambit\n|-resisted|p1b: Kingambit\n|-damage|p1b: Kingambit|79\/100\n|\n|-weather|SunnyDay|[upkeep]\n|upkeep\n|turn|3\n|\n|t:|1700713079\n|-end|p2b: Walking Wake|Protosynthesis|[silent]\n|switch|p2b: Rillaboom|Rillaboom, F|100\/100\n|-fieldstart|move: Grassy Terrain|[from] ability: Grassy Surge|[of] p2b: Rillaboom\n|move|p1a: Whimsicott|Encore|p2a: Flutter Mane\n|-start|p2a: Flutter Mane|Encore\n|move|p1b: Kingambit|Sucker Punch|p2a: Flutter Mane\n|-damage|p2a: Flutter Mane|0 fnt\n|faint|p2a: Flutter Mane\n|-end|p2a: Flutter Mane|Protosynthesis|[silent]\n|\n|-weather|SunnyDay|[upkeep]\n|-heal|p1a: Whimsicott|7\/100|[from] Grassy Terrain\n|-heal|p1b: Kingambit|85\/100|[from] Grassy Terrain\n|upkeep\n|c|\u2606Kin+ak (\u2727\u2207\u2727)|ee\n|\n|t:|1700713088\n|switch|p2a: Ogerpon|Ogerpon-Hearthflame, F|100\/100\n|-ability|p2a: Ogerpon|Mold Breaker\n|turn|4\n|\n|t:|1700713097\n|move|p1a: Whimsicott|Protect|p1a: Whimsicott\n|-singleturn|p1a: Whimsicott|Protect\n|move|p1b: Kingambit|Protect|p1b: Kingambit\n|-singleturn|p1b: Kingambit|Protect\n|move|p2a: Ogerpon|Grassy Glide|p1a: Whimsicott\n|-activate|p1a: Whimsicott|move: Protect\n|move|p2b: Rillaboom|U-turn|p1b: Kingambit\n|-activate|p1b: Kingambit|move: Protect\n|\n|-weather|SunnyDay|[upkeep]\n|-heal|p1a: Whimsicott|13\/100|[from] Grassy Terrain\n|-heal|p1b: Kingambit|91\/100|[from] Grassy Terrain\n|-sideend|p2: Kin+ak (\u2727\u2207\u2727)|move: Tailwind\n|upkeep\n|turn|5\n|\n|t:|1700713119\n|move|p1a: Whimsicott|Encore|p2a: Ogerpon\n|-start|p2a: Ogerpon|Encore\n|move|p2b: Rillaboom|Grassy Glide|p1a: Whimsicott\n|-resisted|p1a: Whimsicott\n|-damage|p1a: Whimsicott|0 fnt\n|faint|p1a: Whimsicott\n|move|p2a: Ogerpon|Grassy Glide|p1b: Kingambit\n|-resisted|p1b: Kingambit\n|-damage|p1b: Kingambit|75\/100\n|move|p1b: Kingambit|Knock Off|p2b: Rillaboom\n|-damage|p2b: Rillaboom|39\/100\n|-enditem|p2b: Rillaboom|Assault Vest|[from] move: Knock Off|[of] p1b: Kingambit\n|\n|-weather|none\n|-heal|p1b: Kingambit|81\/100|[from] Grassy Terrain\n|-heal|p2b: Rillaboom|45\/100|[from] Grassy Terrain\n|-sideend|p1: K3ppr|move: Tailwind\n|upkeep\n|\n|t:|1700713127\n|switch|p1a: Salamence|Salamence, F|100\/100\n|-ability|p1a: Salamence|Intimidate|boost\n|-unboost|p2a: Ogerpon|atk|1\n|-unboost|p2b: Rillaboom|atk|1\n|turn|6\n|\n|t:|1700713133\n|switch|p2a: Chi-Yu|Chi-Yu|100\/100\n|-ability|p2a: Chi-Yu|Beads of Ruin\n|detailschange|p1a: Salamence|Salamence-Mega, F\n|-mega|p1a: Salamence|Salamence|Salamencite\n|move|p1a: Salamence|Tailwind|p1a: Salamence\n|-sidestart|p1: K3ppr|move: Tailwind\n|move|p1b: Kingambit|Swords Dance|p1b: Kingambit\n|-boost|p1b: Kingambit|atk|2\n|move|p2b: Rillaboom|U-turn|p1a: Salamence\n|-resisted|p1a: Salamence\n|-damage|p1a: Salamence|94\/100\n|\n|t:|1700713141\n|switch|p2b: Ogerpon|Ogerpon-Hearthflame, F|100\/100|[from] U-turn\n|-ability|p2b: Ogerpon|Mold Breaker\n|\n|-heal|p1b: Kingambit|87\/100|[from] Grassy Terrain\n|upkeep\n|turn|7\n|\n|t:|1700713155\n|move|p1b: Kingambit|Sucker Punch|p2a: Chi-Yu\n|-resisted|p2a: Chi-Yu\n|-damage|p2a: Chi-Yu|15\/100\n|move|p1a: Salamence|Hyper Voice|p2a: Chi-Yu|[spread] p2a,p2b\n|-supereffective|p2b: Ogerpon\n|-damage|p2a: Chi-Yu|0 fnt\n|-damage|p2b: Ogerpon|0 fnt\n|faint|p2a: Chi-Yu\n|faint|p2b: Ogerpon\n|\n|-heal|p1b: Kingambit|93\/100|[from] Grassy Terrain\n|-fieldend|move: Grassy Terrain\n|upkeep\n|\n|t:|1700713163\n|switch|p2b: Rillaboom|Rillaboom, F|45\/100\n|switch|p2a: Walking Wake|Walking Wake|21\/100\n|-fieldstart|move: Grassy Terrain|[from] ability: Grassy Surge|[of] p2b: Rillaboom\n|turn|8\n|-message|Kin+ak (\u2727\u2207\u2727) forfeited.\n|\n|win|K3ppr\n|l|\u2606Kin+ak (\u2727\u2207\u2727)\n|c|\u2606K3ppr|gg\n|l|\u2606K3ppr\n|j|\u2606K3ppr\n|player|p1|K3ppr|#dwcopiii\n","uploadtime":1700713653,"views":23,"p1id":"k3ppr","p2id":"kinak","formatid":"gen9nationaldexdoubles","rating":0,"private":0,"password":""}