{"id":"gen9nationaldexdoubles-1959538921","p1":"Spooky Gorl","p2":"Chumpette","format":"[Gen 9] National Dex Doubles","log":"|j|\u2606Spooky Gorl\n|j|\u2606Chumpette\n|t:|1696435851\n|gametype|doubles\n|player|p1|Spooky Gorl|shauntal|\n|player|p2|Chumpette|boarder|\n|teamsize|p1|6\n|teamsize|p2|6\n|gen|9\n|tier|[Gen 9] National Dex Doubles\n|rule|HP Percentage Mod: HP is shown in percentages\n|rule|Endless Battle Clause: Forcing endless battles is banned\n|rule|OHKO Clause: OHKO moves are banned\n|rule|Evasion Moves Clause: Evasion moves are banned\n|rule|Evasion Abilities Clause: Evasion abilities are banned\n|rule|Species Clause: Limit one of each Pok\u00e9mon\n|rule|Gravity Sleep Clause: The combination of sleep-inducing moves with imperfect accuracy and Gravity or Gigantamax Orbeetle are banned\n|clearpoke\n|poke|p1|Milotic, F|\n|poke|p1|Dragapult, M|\n|poke|p1|Aurorus, F|\n|poke|p1|Aegislash, M|\n|poke|p1|Gourgeist-*, F|\n|poke|p1|Kingambit, M|\n|poke|p2|Ninetales-Alola, M|\n|poke|p2|Togekiss, F|\n|poke|p2|Vanilluxe, F|\n|poke|p2|Cloyster, M|\n|poke|p2|Jolteon, F|\n|poke|p2|Sandslash-Alola, F|\n|teampreview\n|\n|t:|1696435871\n|start\n|switch|p1a: Tickled Pink|Milotic, F|100\/100\n|switch|p1b: Mother of Dragons|Dragapult, M|100\/100\n|switch|p2a: Sycophant|Togekiss, F|100\/100\n|switch|p2b: The Messiah|Sandslash-Alola, F|100\/100\n|turn|1\n|\n|t:|1696435951\n|move|p2a: Sycophant|Follow Me|p2a: Sycophant\n|-singleturn|p2a: Sycophant|move: Follow Me\n|move|p2b: The Messiah|Swords Dance|p2b: The Messiah\n|-boost|p2b: The Messiah|atk|2\n|move|p1a: Tickled Pink|Icy Wind|p2b: The Messiah|[spread] p2b\n|-miss|p1a: Tickled Pink|p2a: Sycophant\n|-resisted|p2b: The Messiah\n|-damage|p2b: The Messiah|96\/100\n|-unboost|p2b: The Messiah|spe|1\n|move|p1b: Mother of Dragons|Dragon Tail|p2a: Sycophant\n|-immune|p2a: Sycophant\n|\n|upkeep\n|turn|2\n|\n|t:|1696436012\n|move|p2a: Sycophant|Follow Me|p2a: Sycophant\n|-singleturn|p2a: Sycophant|move: Follow Me\n|move|p1b: Mother of Dragons|Phantom Force||[still]\n|-prepare|p1b: Mother of Dragons|Phantom Force\n|move|p1a: Tickled Pink|Scald|p2a: Sycophant\n|-damage|p2a: Sycophant|85\/100\n|move|p2b: The Messiah|Swords Dance|p2b: The Messiah\n|-boost|p2b: The Messiah|atk|2\n|\n|upkeep\n|turn|3\n|\n|t:|1696436030\n|move|p2a: Sycophant|Follow Me|p2a: Sycophant\n|-singleturn|p2a: Sycophant|move: Follow Me\n|move|p1b: Mother of Dragons|Phantom Force|p2a: Sycophant|[from]lockedmove\n|-damage|p2a: Sycophant|53\/100\n|-damage|p1b: Mother of Dragons|84\/100|[from] item: Rocky Helmet|[of] p2a: Sycophant\n|move|p1a: Tickled Pink|Icy Wind|p2b: The Messiah|[spread] p2a\n|-miss|p1a: Tickled Pink|p2b: The Messiah\n|-supereffective|p2a: Sycophant\n|-damage|p2a: Sycophant|42\/100\n|-unboost|p2a: Sycophant|spe|1\n|move|p2b: The Messiah|Swords Dance|p2b: The Messiah\n|-boost|p2b: The Messiah|atk|2\n|\n|upkeep\n|turn|4\n|\n|t:|1696436094\n|move|p2a: Sycophant|Helping Hand|p2b: The Messiah\n|-singleturn|p2b: The Messiah|Helping Hand|[of] p2a: Sycophant\n|move|p1b: Mother of Dragons|Phantom Force||[still]\n|-prepare|p1b: Mother of Dragons|Phantom Force\n|move|p1a: Tickled Pink|Scald|p2b: The Messiah\n|-damage|p2b: The Messiah|49\/100\n|move|p2b: The Messiah|Brick Break|p1a: Tickled Pink\n|-damage|p1a: Tickled Pink|0 fnt\n|faint|p1a: Tickled Pink\n|\n|upkeep\n|\n|t:|1696436122\n|switch|p1a: Rory|Aurorus, F, shiny|100\/100\n|turn|5\n|\n|t:|1696436154\n|move|p2a: Sycophant|Follow Me|p2a: Sycophant\n|-singleturn|p2a: Sycophant|move: Follow Me\n|move|p1b: Mother of Dragons|Phantom Force|p2a: Sycophant|[from]lockedmove\n|-damage|p2a: Sycophant|9\/100\n|-damage|p1b: Mother of Dragons|67\/100|[from] item: Rocky Helmet|[of] p2a: Sycophant\n|move|p2b: The Messiah|Iron Head|p1a: Rory\n|-supereffective|p1a: Rory\n|-damage|p1a: Rory|0 fnt\n|faint|p1a: Rory\n|\n|upkeep\n|\n|t:|1696436190\n|switch|p1a: Danger Plate|Aegislash, M, shiny|100\/100\n|turn|6\n|\n|t:|1696436260\n|move|p2a: Sycophant|Follow Me|p2a: Sycophant\n|-singleturn|p2a: Sycophant|move: Follow Me\n|move|p1b: Mother of Dragons|Phantom Force||[still]\n|-prepare|p1b: Mother of Dragons|Phantom Force\n|move|p2b: The Messiah|Triple Axel|p1a: Danger Plate\n|-resisted|p1a: Danger Plate\n|-damage|p1a: Danger Plate|88\/100\n|-resisted|p1a: Danger Plate\n|-crit|p1a: Danger Plate\n|-damage|p1a: Danger Plate|50\/100\n|-resisted|p1a: Danger Plate\n|-damage|p1a: Danger Plate|13\/100\n|-hitcount|p1a: Danger Plate|3\n|-formechange|p1a: Danger Plate|Aegislash-Blade||[from] ability: Stance Change\n|move|p1a: Danger Plate|Close Combat|p2a: Sycophant\n|-resisted|p2a: Sycophant\n|-damage|p2a: Sycophant|0 fnt\n|-unboost|p1a: Danger Plate|def|1\n|-unboost|p1a: Danger Plate|spd|1\n|-damage|p1a: Danger Plate|0 fnt|[from] item: Rocky Helmet|[of] p2a: Sycophant\n|faint|p2a: Sycophant\n|faint|p1a: Danger Plate\n|\n|upkeep\n|\n|t:|1696436281\n|switch|p2a: Winter|Ninetales-Alola, M|100\/100\n|switch|p1a: Gourgeous|Gourgeist-Super, F, shiny|100\/100\n|-weather|Snow|[from] ability: Snow Warning|[of] p2a: Winter\n|-item|p2a: Winter|Icy Rock|[from] ability: Frisk|[of] p1a: Gourgeous|[identify]\n|-item|p2b: The Messiah|Wide Lens|[from] ability: Frisk|[of] p1a: Gourgeous|[identify]\n|turn|7\n|\n|t:|1696436309\n|move|p1b: Mother of Dragons|Phantom Force|p2a: Winter|[from]lockedmove\n|-damage|p2a: Winter|68\/100\n|move|p2a: Winter|Blizzard|p1b: Mother of Dragons|[spread] p1a,p1b\n|-supereffective|p1a: Gourgeous\n|-supereffective|p1b: Mother of Dragons\n|-damage|p1a: Gourgeous|36\/100\n|-damage|p1b: Mother of Dragons|0 fnt\n|faint|p1b: Mother of Dragons\n|move|p2b: The Messiah|Triple Axel|p1a: Gourgeous\n|-supereffective|p1a: Gourgeous\n|-damage|p1a: Gourgeous|0 fnt\n|faint|p1a: Gourgeous\n|-hitcount|p1: Gourgeous|1\n|\n|-weather|Snow|[upkeep]\n|upkeep\n|\n|t:|1696436328\n|switch|p1b: Chesster|Kingambit, M|100\/100\n|-activate|p1b: Chesster|ability: Supreme Overlord\n|-start|p1b: Chesster|fallen5|[silent]\n|turn|8\n|\n|t:|1696436361\n|move|p1b: Chesster|Sucker Punch|p2a: Winter\n|-resisted|p2a: Winter\n|-damage|p2a: Winter|38\/100\n|move|p2a: Winter|Moonblast|p1b: Chesster\n|-damage|p1b: Chesster|77\/100\n|move|p2b: The Messiah|Brick Break|p1b: Chesster\n|-supereffective|p1b: Chesster\n|-damage|p1b: Chesster|0 fnt\n|faint|p1b: Chesster\n|-end|p1b: Chesster|fallen5|[silent]\n|\n|win|Chumpette\n","uploadtime":1696436373,"views":17,"p1id":"spookygorl","p2id":"chumpette","formatid":"gen9nationaldexdoubles","rating":0,"private":0,"password":""}