{"id":"gen9nationaldexdoubles-1978329980","p1":"Pugwah","p2":"kitty teve","format":"[Gen 9] National Dex Doubles","log":"|j|\u2606Pugwah\n|j|\u2606kitty teve\n|t:|1698525841\n|gametype|doubles\n|player|p1|Pugwah|169|1404\n|player|p2|kitty teve|iris-gen5bw2|1539\n|teamsize|p1|6\n|teamsize|p2|6\n|gen|9\n|tier|[Gen 9] National Dex Doubles\n|rated|\n|rule|HP Percentage Mod: HP is shown in percentages\n|rule|Endless Battle Clause: Forcing endless battles is banned\n|rule|OHKO Clause: OHKO moves are banned\n|rule|Evasion Moves Clause: Evasion moves are banned\n|rule|Evasion Abilities Clause: Evasion abilities are banned\n|rule|Species Clause: Limit one of each Pok\u00e9mon\n|rule|Gravity Sleep Clause: The combination of sleep-inducing moves with imperfect accuracy and Gravity or Gigantamax Orbeetle are banned\n|clearpoke\n|poke|p1|Charizard, M|\n|poke|p1|Chi-Yu|\n|poke|p1|Venusaur, M|\n|poke|p1|Terrakion|\n|poke|p1|Landorus-Therian, M|\n|poke|p1|Rillaboom, M|\n|poke|p2|Flutter Mane|\n|poke|p2|Stakataka|\n|poke|p2|Ogerpon-Wellspring, F|\n|poke|p2|Ursaluna-Bloodmoon, M|\n|poke|p2|Incineroar, F|\n|poke|p2|Salamence, F|\n|teampreview\n|inactive|Battle timer is ON: inactive players will automatically lose when time's up. (requested by kitty teve)\n|\n|t:|1698525854\n|start\n|switch|p1a: Charizard|Charizard, M|100\/100\n|switch|p1b: Venusaur|Venusaur, M|100\/100\n|switch|p2a: kitty!:D|Incineroar, F|100\/100\n|switch|p2b: Stakataka|Stakataka|100\/100\n|-ability|p2a: kitty!:D|Intimidate|boost\n|-unboost|p1a: Charizard|atk|1\n|-unboost|p1b: Venusaur|atk|1\n|turn|1\n|\n|t:|1698525880\n|detailschange|p1a: Charizard|Charizard-Mega-Y, M\n|-mega|p1a: Charizard|Charizard|Charizardite Y\n|-weather|SunnyDay|[from] ability: Drought|[of] p1a: Charizard\n|move|p2a: kitty!:D|Fake Out|p1b: Venusaur\n|-damage|p1b: Venusaur|87\/100\n|cant|p1b: Venusaur|flinch\n|move|p1a: Charizard|Heat Wave|p2b: Stakataka|[spread] p2a,p2b\n|-resisted|p2a: kitty!:D\n|-damage|p2a: kitty!:D|84\/100\n|-damage|p2b: Stakataka|42\/100\n|move|p2b: Stakataka|Trick Room|p2b: Stakataka\n|-fieldstart|move: Trick Room|[of] p2b: Stakataka\n|\n|-weather|SunnyDay|[upkeep]\n|upkeep\n|turn|2\n|\n|t:|1698525898\n|move|p1a: Charizard|Protect|p1a: Charizard\n|-singleturn|p1a: Charizard|Protect\n|move|p2b: Stakataka|Rock Slide|p1a: Charizard|[spread] p1b\n|-activate|p1a: Charizard|move: Protect\n|-damage|p1b: Venusaur|47\/100\n|move|p2a: kitty!:D|Flare Blitz|p1b: Venusaur\n|-supereffective|p1b: Venusaur\n|-damage|p1b: Venusaur|0 fnt\n|faint|p1b: Venusaur\n|-damage|p2a: kitty!:D|72\/100|[from] Recoil\n|\n|-weather|SunnyDay|[upkeep]\n|upkeep\n|\n|t:|1698525913\n|switch|p1b: Rillaboom|Rillaboom, M|100\/100\n|-fieldstart|move: Grassy Terrain|[from] ability: Grassy Surge|[of] p1b: Rillaboom\n|-enditem|p1b: Rillaboom|Grassy Seed\n|-boost|p1b: Rillaboom|def|1|[from] item: Grassy Seed\n|turn|3\n|\n|t:|1698525929\n|switch|p2b: Salamence|Salamence, F|100\/100\n|-ability|p2b: Salamence|Intimidate|boost\n|-unboost|p1a: Charizard|atk|1\n|-unboost|p1b: Rillaboom|atk|1\n|move|p1b: Rillaboom|Fake Out|p2b: Salamence\n|-damage|p2b: Salamence|90\/100\n|move|p2a: kitty!:D|Snarl|p1a: Charizard|[spread] p1a,p1b\n|-damage|p1a: Charizard|88\/100\n|-damage|p1b: Rillaboom|86\/100\n|-unboost|p1a: Charizard|spa|1\n|-unboost|p1b: Rillaboom|spa|1\n|move|p1a: Charizard|Heat Wave|p2b: Salamence|[spread] p2b\n|-miss|p1a: Charizard|p2a: kitty!:D\n|-resisted|p2b: Salamence\n|-damage|p2b: Salamence|72\/100\n|\n|-weather|SunnyDay|[upkeep]\n|-heal|p2a: kitty!:D|78\/100|[from] Grassy Terrain\n|-heal|p1b: Rillaboom|92\/100|[from] Grassy Terrain\n|upkeep\n|turn|4\n|\n|t:|1698525959\n|detailschange|p2b: Salamence|Salamence-Mega, F\n|-mega|p2b: Salamence|Salamence|Salamencite\n|move|p2a: kitty!:D|Snarl|p1a: Charizard|[spread] p1a,p1b\n|-damage|p1a: Charizard|78\/100\n|-damage|p1b: Rillaboom|77\/100\n|-unboost|p1a: Charizard|spa|1\n|-unboost|p1b: Rillaboom|spa|1\n|move|p2b: Salamence|Hyper Voice|p1b: Rillaboom|[spread] p1a,p1b\n|-supereffective|p1b: Rillaboom\n|-damage|p1a: Charizard|39\/100\n|-damage|p1b: Rillaboom|0 fnt\n|faint|p1b: Rillaboom\n|move|p1a: Charizard|Fire Pledge|p2b: Salamence\n|-resisted|p2b: Salamence\n|-damage|p2b: Salamence|57\/100\n|\n|-weather|SunnyDay|[upkeep]\n|-heal|p2a: kitty!:D|84\/100|[from] Grassy Terrain\n|upkeep\n|\n|t:|1698525970\n|switch|p1b: Terrakion|Terrakion|100\/100\n|turn|5\n|\n|t:|1698525982\n|switch|p1a: Landorus|Landorus-Therian, M|100\/100\n|-ability|p1a: Landorus|Intimidate|boost\n|-unboost|p2a: kitty!:D|atk|1\n|-unboost|p2b: Salamence|atk|1\n|move|p2a: kitty!:D|Flare Blitz|p1b: Terrakion\n|-resisted|p1b: Terrakion\n|-damage|p1b: Terrakion|73\/100\n|-damage|p2a: kitty!:D|77\/100|[from] Recoil\n|move|p2b: Salamence|Hyper Voice|p1b: Terrakion|[spread] p1a,p1b\n|-damage|p1a: Landorus|51\/100\n|-damage|p1b: Terrakion|33\/100\n|move|p1b: Terrakion|Rock Slide|p2a: kitty!:D|[spread] p2a,p2b\n|-supereffective|p2a: kitty!:D\n|-supereffective|p2b: Salamence\n|-damage|p2a: kitty!:D|35\/100\n|-damage|p2b: Salamence|18\/100\n|\n|-weather|none\n|-heal|p2a: kitty!:D|41\/100|[from] Grassy Terrain\n|-heal|p1b: Terrakion|39\/100|[from] Grassy Terrain\n|-fieldend|move: Trick Room\n|upkeep\n|turn|6\n|\n|t:|1698526008\n|switch|p2a: Flutter Mane|Flutter Mane|100\/100\n|move|p1a: Landorus|U-turn|p2a: Flutter Mane\n|-resisted|p2a: Flutter Mane\n|-damage|p2a: Flutter Mane|90\/100\n|inactive|Pugwah has 120 seconds left.\n|\n|t:|1698526026\n|switch|p1a: Charizard|Charizard-Mega-Y, M|39\/100|[from] U-turn\n|-weather|SunnyDay|[from] ability: Drought|[of] p1a: Charizard\n|-activate|p2a: Flutter Mane|ability: Protosynthesis\n|-start|p2a: Flutter Mane|protosynthesisspe\n|move|p1b: Terrakion|Rock Slide|p2b: Salamence|[spread] p2a\n|-miss|p1b: Terrakion|p2b: Salamence\n|-damage|p2a: Flutter Mane|44\/100\n|move|p2b: Salamence|Hyper Voice|p1a: Charizard|[spread] p1a,p1b\n|-damage|p1a: Charizard|0 fnt\n|-damage|p1b: Terrakion|0 fnt\n|faint|p1a: Charizard\n|faint|p1b: Terrakion\n|\n|-weather|SunnyDay|[upkeep]\n|-heal|p2a: Flutter Mane|50\/100|[from] Grassy Terrain\n|upkeep\n|inactive|Pugwah has 120 seconds left.\n|\n|t:|1698526035\n|switch|p1b: Landorus|Landorus-Therian, M|51\/100\n|switch|p1a: Chi-Yu|Chi-Yu|100\/100\n|-ability|p1b: Landorus|Intimidate|boost\n|-unboost|p2a: Flutter Mane|atk|1\n|-unboost|p2b: Salamence|atk|1\n|-ability|p1a: Chi-Yu|Beads of Ruin\n|turn|7\n|\n|t:|1698526052\n|-terastallize|p1a: Chi-Yu|Fire\n|move|p2a: Flutter Mane|Memento|p1a: Chi-Yu\n|-unboost|p1a: Chi-Yu|atk|2\n|-unboost|p1a: Chi-Yu|spa|2\n|faint|p2a: Flutter Mane\n|-end|p2a: Flutter Mane|Protosynthesis|[silent]\n|move|p1b: Landorus|Rock Slide|p2b: Salamence|[miss]\n|-miss|p1b: Landorus|p2b: Salamence\n|move|p1a: Chi-Yu|Heat Wave|p2b: Salamence\n|-resisted|p2b: Salamence\n|-damage|p2b: Salamence|0 fnt\n|faint|p2b: Salamence\n|\n|-weather|SunnyDay|[upkeep]\n|-fieldend|move: Grassy Terrain\n|upkeep\n|\n|t:|1698526069\n|switch|p2a: Ursaluna|Ursaluna-Bloodmoon, M|100\/100\n|switch|p2b: kitty!:D|Incineroar, F|41\/100\n|-ability|p2b: kitty!:D|Intimidate|boost\n|-unboost|p1a: Chi-Yu|atk|1\n|-unboost|p1b: Landorus|atk|1\n|turn|8\n|inactive|kitty teve has 120 seconds left.\n|\n|t:|1698526103\n|-terastallize|p2a: Ursaluna|Normal\n|move|p2b: kitty!:D|Fake Out|p1b: Landorus\n|-damage|p1b: Landorus|37\/100\n|cant|p1b: Landorus|flinch\n|move|p1a: Chi-Yu|Heat Wave|p2b: kitty!:D|[spread] p2a,p2b\n|-resisted|p2b: kitty!:D\n|-damage|p2a: Ursaluna|0 fnt\n|-damage|p2b: kitty!:D|19\/100\n|faint|p2a: Ursaluna\n|\n|-weather|SunnyDay|[upkeep]\n|upkeep\n|inactive|kitty teve has 120 seconds left.\n|\n|t:|1698526115\n|switch|p2a: Stakataka|Stakataka|42\/100\n|turn|9\n|\n|t:|1698526125\n|move|p1b: Landorus|Rock Slide|p2b: kitty!:D|[spread] p2a,p2b\n|-resisted|p2a: Stakataka\n|-supereffective|p2b: kitty!:D\n|-damage|p2a: Stakataka|38\/100\n|-damage|p2b: kitty!:D|0 fnt\n|faint|p2b: kitty!:D\n|move|p1a: Chi-Yu|Heat Wave|p2a: Stakataka\n|-damage|p2a: Stakataka|0 fnt\n|faint|p2a: Stakataka\n|\n|-weather|SunnyDay|[upkeep]\n|upkeep\n|\n|t:|1698526130\n|switch|p2b: Ogerpon|Ogerpon-Wellspring, F|100\/100\n|turn|10\n|\n|t:|1698526136\n|move|p2b: Ogerpon|Spiky Shield|p2b: Ogerpon\n|-singleturn|p2b: Ogerpon|move: Protect\n|move|p1b: Landorus|Rock Slide|p2b: Ogerpon\n|-activate|p2b: Ogerpon|move: Protect\n|move|p1a: Chi-Yu|Heat Wave|p2b: Ogerpon\n|-activate|p2b: Ogerpon|move: Protect\n|\n|-weather|none\n|upkeep\n|turn|11\n|\n|t:|1698526149\n|move|p1b: Landorus|Rock Slide|p2b: Ogerpon\n|-damage|p2b: Ogerpon|77\/100\n|cant|p2b: Ogerpon|flinch\n|move|p1a: Chi-Yu|Heat Wave|p2b: Ogerpon\n|-damage|p2b: Ogerpon|0 fnt\n|faint|p2b: Ogerpon\n|\n|win|Pugwah\n|raw|Pugwah's rating: 1404 &rarr; <strong>1431<\/strong><br \/>(+27 for winning)\n|raw|kitty teve's rating: 1539 &rarr; <strong>1512<\/strong><br \/>(-27 for losing)\n|l|\u2606kitty teve\n|c|\u2606Pugwah|XD\n|c|\u2606Pugwah|sry\n","uploadtime":1698526429,"views":4,"p1id":"pugwah","p2id":"kittyteve","formatid":"gen9nationaldexdoubles","rating":1431,"private":0,"password":""}