{"id":"gen9nationaldexdoubles-1983696049","p1":"Xalvadore","p2":"lamebagels","format":"[Gen 9] National Dex Doubles","log":"|j|\u2606Xalvadore\n|j|\u2606lamebagels\n|t:|1699162495\n|gametype|doubles\n|player|p1|Xalvadore|marnie|1382\n|player|p2|lamebagels|rei-isekai|1266\n|teamsize|p1|6\n|teamsize|p2|6\n|gen|9\n|tier|[Gen 9] National Dex Doubles\n|rated|\n|rule|HP Percentage Mod: HP is shown in percentages\n|rule|Endless Battle Clause: Forcing endless battles is banned\n|rule|OHKO Clause: OHKO moves are banned\n|rule|Evasion Moves Clause: Evasion moves are banned\n|rule|Evasion Abilities Clause: Evasion abilities are banned\n|rule|Species Clause: Limit one of each Pok\u00e9mon\n|rule|Gravity Sleep Clause: The combination of sleep-inducing moves with imperfect accuracy and Gravity or Gigantamax Orbeetle are banned\n|clearpoke\n|poke|p1|Tyranitar, M|\n|poke|p1|Gastrodon, F|\n|poke|p1|Excadrill, F|\n|poke|p1|Zapdos|\n|poke|p1|Latias, F|\n|poke|p1|Hitmontop, M|\n|poke|p2|Vivillon-Pokeball, M|\n|poke|p2|Torracat, F|\n|poke|p2|Tyranitar, F|\n|poke|p2|Zapdos-Galar|\n|poke|p2|Cresselia, F|\n|poke|p2|Landorus-Therian, M|\n|teampreview\n|c|\u2606Xalvadore|Male T-Tar vs Female T-Tar\n|\n|t:|1699162521\n|start\n|switch|p1a: Excadrill|Excadrill, F|100\/100\n|switch|p1b: Hitmontop|Hitmontop, M|100\/100\n|switch|p2a: 90|Landorus-Therian, M|100\/100\n|switch|p2b: smokey|Torracat, F|100\/100\n|-ability|p2b: smokey|Intimidate|boost\n|-unboost|p1a: Excadrill|atk|1\n|-unboost|p1b: Hitmontop|atk|1\n|-ability|p2a: 90|Intimidate|boost\n|-unboost|p1a: Excadrill|atk|1\n|-unboost|p1b: Hitmontop|atk|1\n|-ability|p1b: Hitmontop|Intimidate|boost\n|-unboost|p2a: 90|atk|1\n|-unboost|p2b: smokey|atk|1\n|turn|1\n|\n|t:|1699162540\n|move|p1a: Excadrill|Protect|p1a: Excadrill\n|-singleturn|p1a: Excadrill|Protect\n|move|p2b: smokey|Fake Out|p1a: Excadrill\n|-activate|p1a: Excadrill|move: Protect\n|move|p1b: Hitmontop|Wide Guard|p1b: Hitmontop\n|-singleturn|p1b: Hitmontop|Wide Guard\n|move|p2a: 90|Sandsear Storm|p1a: Excadrill|[spread] \n|-activate|p1a: Excadrill|move: Wide Guard\n|-activate|p1b: Hitmontop|move: Wide Guard\n|\n|upkeep\n|turn|2\n|\n|t:|1699162564\n|switch|p1a: Latias|Latias, F|100\/100\n|switch|p1b: Gastrodon|Gastrodon, F|100\/100\n|move|p2b: smokey|Flare Blitz|p1a: Latias\n|-resisted|p1a: Latias\n|-damage|p1a: Latias|88\/100\n|-damage|p2b: smokey|96\/100|[from] Recoil\n|move|p2a: 90|Psychic|p1a: Latias\n|-resisted|p1a: Latias\n|-damage|p1a: Latias|73\/100\n|-damage|p2a: 90|91\/100|[from] item: Life Orb\n|\n|upkeep\n|turn|3\n|\n|t:|1699162583\n|switch|p2a: shyranitar|Tyranitar, F|100\/100\n|-weather|Sandstorm|[from] ability: Sand Stream|[of] p2a: shyranitar\n|move|p1a: Latias|Draco Meteor|p2b: smokey\n|-damage|p2b: smokey|39\/100\n|-unboost|p1a: Latias|spa|2\n|move|p2b: smokey|Parting Shot|p1a: Latias\n|-unboost|p1a: Latias|atk|1\n|-unboost|p1a: Latias|spa|1\n|\n|t:|1699162611\n|switch|p2b: mon 5-25|Cresselia, F, shiny|100\/100|[from] Parting Shot\n|move|p1b: Gastrodon|Ice Beam|p2a: shyranitar\n|-damage|p2a: shyranitar|92\/100\n|\n|-weather|Sandstorm|[upkeep]\n|-damage|p1a: Latias|67\/100|[from] Sandstorm\n|-damage|p2b: mon 5-25|94\/100|[from] Sandstorm\n|upkeep\n|turn|4\n|\n|t:|1699162624\n|move|p2b: mon 5-25|Ally Switch|p2b: mon 5-25\n|swap|p2b: mon 5-25|0|[from] move: Ally Switch\n|move|p1a: Latias|Tailwind|p1a: Latias\n|-sidestart|p1: Xalvadore|move: Tailwind\n|move|p1b: Gastrodon|Toxic|p2b: shyranitar\n|-status|p2b: shyranitar|tox\n|move|p2b: shyranitar|Knock Off|p1a: Latias\n|-supereffective|p1a: Latias\n|-damage|p1a: Latias|0 fnt\n|-enditem|p1a: Latias|Sitrus Berry|[from] move: Knock Off|[of] p2b: shyranitar\n|faint|p1a: Latias\n|\n|-weather|Sandstorm|[upkeep]\n|-damage|p2a: mon 5-25|88\/100|[from] Sandstorm\n|-damage|p2b: shyranitar|86\/100 tox|[from] psn\n|upkeep\n|\n|t:|1699162655\n|switch|p1a: Tyranitar|Tyranitar, M|100\/100\n|turn|5\n|\n|t:|1699162682\n|switch|p2b: 90|Landorus-Therian, M|91\/100\n|-ability|p2b: 90|Intimidate|boost\n|-unboost|p1a: Tyranitar|atk|1\n|-unboost|p1b: Gastrodon|atk|1\n|move|p1a: Tyranitar|Crunch|p2a: mon 5-25\n|-supereffective|p2a: mon 5-25\n|-damage|p2a: mon 5-25|50\/100\n|-unboost|p2a: mon 5-25|def|1\n|move|p1b: Gastrodon|Earth Power|p2b: 90\n|-immune|p2b: 90\n|move|p2a: mon 5-25|Lunar Blessing|p2a: mon 5-25|[spread] p2a,p2b\n|-heal|p2a: mon 5-25|75\/100\n|-heal|p2b: 90|100\/100\n|\n|-weather|Sandstorm|[upkeep]\n|-damage|p2a: mon 5-25|69\/100|[from] Sandstorm\n|upkeep\n|turn|6\n|\n|t:|1699162721\n|switch|p2a: shyranitar|Tyranitar, F|86\/100 tox\n|move|p1a: Tyranitar|Crunch|p2a: shyranitar\n|-resisted|p2a: shyranitar\n|-damage|p2a: shyranitar|74\/100 tox\n|move|p1b: Gastrodon|Toxic|p2b: 90\n|-status|p2b: 90|tox\n|move|p2b: 90|Sandsear Storm|p1a: Tyranitar|[spread] p1b\n|-miss|p2b: 90|p1a: Tyranitar\n|-damage|p1b: Gastrodon|57\/100\n|-damage|p2b: 90|91\/100 tox|[from] item: Life Orb\n|\n|-weather|Sandstorm|[upkeep]\n|-damage|p2b: 90|85\/100 tox|[from] psn\n|-damage|p2a: shyranitar|68\/100 tox|[from] psn\n|upkeep\n|turn|7\n|\n|t:|1699162744\n|switch|p2a: mon 5-25|Cresselia, F, shiny|69\/100\n|move|p1a: Tyranitar|Protect|p1a: Tyranitar\n|-singleturn|p1a: Tyranitar|Protect\n|move|p1b: Gastrodon|Recover|p1b: Gastrodon\n|-heal|p1b: Gastrodon|100\/100\n|move|p2b: 90|Sandsear Storm|p1b: Gastrodon|[spread] \n|-activate|p1a: Tyranitar|move: Protect\n|-miss|p2b: 90|p1b: Gastrodon\n|\n|-weather|none\n|-damage|p2b: 90|73\/100 tox|[from] psn\n|-sideend|p1: Xalvadore|move: Tailwind\n|upkeep\n|turn|8\n|\n|t:|1699162758\n|move|p2a: mon 5-25|Lunar Blessing|p2a: mon 5-25|[spread] p2a,p2b\n|-heal|p2a: mon 5-25|94\/100\n|-heal|p2b: 90|97\/100 tox\n|-curestatus|p2b: 90|tox|[msg]\n|move|p2b: 90|Sandsear Storm|p1b: Gastrodon|[spread] p1b\n|-miss|p2b: 90|p1a: Tyranitar\n|-damage|p1b: Gastrodon|58\/100\n|-damage|p2b: 90|88\/100|[from] item: Life Orb\n|move|p1a: Tyranitar|Crunch|p2a: mon 5-25\n|-supereffective|p2a: mon 5-25\n|-damage|p2a: mon 5-25|56\/100\n|move|p1b: Gastrodon|Ice Beam|p2b: 90\n|-supereffective|p2b: 90\n|-damage|p2b: 90|14\/100\n|\n|upkeep\n|turn|9\n|\n|t:|1699162787\n|-terastallize|p2b: 90|Steel\n|move|p2a: mon 5-25|Lunar Blessing|p2a: mon 5-25|[spread] p2a,p2b\n|-heal|p2a: mon 5-25|81\/100\n|-heal|p2b: 90|39\/100\n|move|p2b: 90|Sandsear Storm|p1a: Tyranitar|[spread] p1a,p1b\n|-supereffective|p1a: Tyranitar\n|-damage|p1a: Tyranitar|27\/100\n|-damage|p1b: Gastrodon|14\/100\n|-enditem|p1b: Gastrodon|Sitrus Berry|[eat]\n|-heal|p1b: Gastrodon|39\/100|[from] item: Sitrus Berry\n|-damage|p2b: 90|29\/100|[from] item: Life Orb\n|move|p1a: Tyranitar|Crunch|p2b: 90\n|-damage|p2b: 90|2\/100\n|-unboost|p2b: 90|def|1\n|move|p1b: Gastrodon|Toxic|p2a: mon 5-25|[miss]\n|-miss|p1b: Gastrodon|p2a: mon 5-25\n|\n|upkeep\n|turn|10\n|\n|t:|1699162809\n|move|p2a: mon 5-25|Lunar Blessing|p2a: mon 5-25|[spread] p2a,p2b\n|-heal|p2a: mon 5-25|100\/100\n|-heal|p2b: 90|27\/100\n|move|p2b: 90|Sandsear Storm|p1b: Gastrodon|[spread] p1a\n|-miss|p2b: 90|p1b: Gastrodon\n|-supereffective|p1a: Tyranitar\n|-damage|p1a: Tyranitar|0 fnt\n|faint|p1a: Tyranitar\n|-damage|p2b: 90|17\/100|[from] item: Life Orb\n|move|p1b: Gastrodon|Recover|p1b: Gastrodon\n|-heal|p1b: Gastrodon|89\/100\n|\n|upkeep\n|\n|t:|1699162822\n|switch|p1a: Zapdos|Zapdos|100\/100\n|-ability|p1a: Zapdos|Pressure\n|turn|11\n|\n|t:|1699162829\n|switch|p2b: shyranitar|Tyranitar, F|68\/100 tox\n|-weather|Sandstorm|[from] ability: Sand Stream|[of] p2b: shyranitar\n|move|p1a: Zapdos|Discharge|p2b: shyranitar|[spread] p2a,p2b\n|-immune|p1b: Gastrodon\n|-damage|p2a: mon 5-25|84\/100\n|-damage|p2b: shyranitar|54\/100 tox\n|move|p2a: mon 5-25|Lunar Blessing|p2a: mon 5-25|[spread] p2a,p2b\n|-heal|p2a: mon 5-25|100\/100\n|-heal|p2b: shyranitar|79\/100 tox\n|-curestatus|p2b: shyranitar|tox|[msg]\n|move|p1b: Gastrodon|Toxic|p2a: mon 5-25|[miss]\n|-miss|p1b: Gastrodon|p2a: mon 5-25\n|\n|-weather|Sandstorm|[upkeep]\n|-damage|p1a: Zapdos|94\/100|[from] Sandstorm\n|-damage|p2a: mon 5-25|94\/100|[from] Sandstorm\n|upkeep\n|turn|12\n|\n|t:|1699162849\n|move|p1a: Zapdos|Detect|p1a: Zapdos\n|-singleturn|p1a: Zapdos|Protect\n|move|p2a: mon 5-25|Mud-Slap|p1b: Gastrodon\n|-damage|p1b: Gastrodon|85\/100\n|-unboost|p1b: Gastrodon|accuracy|1\n|move|p2b: shyranitar|Rock Slide|p1a: Zapdos|[spread] p1b\n|-activate|p1a: Zapdos|move: Protect\n|-resisted|p1b: Gastrodon\n|-damage|p1b: Gastrodon|73\/100\n|cant|p1b: Gastrodon|flinch\n|\n|-weather|Sandstorm|[upkeep]\n|-damage|p1a: Zapdos|88\/100|[from] Sandstorm\n|-damage|p2a: mon 5-25|88\/100|[from] Sandstorm\n|upkeep\n|turn|13\n|\n|t:|1699162877\n|switch|p1a: Hitmontop|Hitmontop, M|100\/100\n|-ability|p1a: Hitmontop|Intimidate|boost\n|-unboost|p2a: mon 5-25|atk|1\n|-unboost|p2b: shyranitar|atk|1\n|move|p2a: mon 5-25|Mud-Slap|p1b: Gastrodon\n|-damage|p1b: Gastrodon|69\/100\n|-unboost|p1b: Gastrodon|accuracy|1\n|move|p2b: shyranitar|Knock Off|p1b: Gastrodon\n|-damage|p1b: Gastrodon|50\/100\n|move|p1b: Gastrodon|Toxic|p2a: mon 5-25\n|-status|p2a: mon 5-25|tox\n|\n|-weather|Sandstorm|[upkeep]\n|-damage|p2a: mon 5-25|82\/100 tox|[from] Sandstorm\n|-damage|p1a: Hitmontop|94\/100|[from] Sandstorm\n|-damage|p2a: mon 5-25|75\/100 tox|[from] psn\n|upkeep\n|turn|14\n|c|\u2606lamebagels|we also both have a zapdos\n|c|\u2606Xalvadore|I struggle to play Doubles without the Kanto version\n|c|\u2606lamebagels|i really think its superior to the galar variant, but Geococcyx californianus is too good an animal to not love\n|\n|t:|1699162970\n|switch|p2b: smokey|Torracat, F|39\/100\n|-ability|p2b: smokey|Intimidate|boost\n|-unboost|p1a: Hitmontop|atk|1\n|-unboost|p1b: Gastrodon|atk|1\n|move|p2a: mon 5-25|Lunar Blessing|p2a: mon 5-25|[spread] p2a,p2b\n|-heal|p2a: mon 5-25|100\/100 tox\n|-curestatus|p2a: mon 5-25|tox|[msg]\n|-heal|p2b: smokey|64\/100\n|move|p1a: Hitmontop|Close Combat|p2b: smokey\n|-damage|p2b: smokey|30\/100\n|-unboost|p1a: Hitmontop|def|1\n|-unboost|p1a: Hitmontop|spd|1\n|move|p1b: Gastrodon|Ice Beam|p2a: mon 5-25|[miss]\n|-miss|p1b: Gastrodon|p2a: mon 5-25\n|\n|-weather|Sandstorm|[upkeep]\n|-damage|p2b: smokey|24\/100|[from] Sandstorm\n|-damage|p2a: mon 5-25|94\/100|[from] Sandstorm\n|-damage|p1a: Hitmontop|88\/100|[from] Sandstorm\n|upkeep\n|turn|15\n|\n|t:|1699162993\n|move|p2b: smokey|Fake Out|p1b: Gastrodon\n|-damage|p1b: Gastrodon|43\/100\n|move|p2a: mon 5-25|Mud-Slap|p1b: Gastrodon\n|-crit|p1b: Gastrodon\n|-damage|p1b: Gastrodon|38\/100\n|-unboost|p1b: Gastrodon|accuracy|1\n|move|p1a: Hitmontop|Close Combat|p2b: smokey\n|-damage|p2b: smokey|0 fnt\n|-unboost|p1a: Hitmontop|def|1\n|-unboost|p1a: Hitmontop|spd|1\n|faint|p2b: smokey\n|cant|p1b: Gastrodon|flinch\n|\n|-weather|none\n|upkeep\n|\n|t:|1699163005\n|switch|p2b: policulture|Vivillon-Pokeball, M|100\/100\n|turn|16\n|c|\u2606Xalvadore|That's how I feel about Hippowdon, playing as a Hippo is just too cool\n|c|\u2606Xalvadore|Though I had to switch to Tar because I got smacked by a rain team in a tournament with a prior version of this team with Hippo and Hydreigon (now wouldn't that be nice to have now lol)\n|c|\u2606lamebagels|hippowdon as a concept is also just too cool. sand hippo that\u2019s half submerged in sand most of the time with naturally occurring sexual dimorphism\n|c|\u2606Xalvadore|I'll start saying that\n|c|\u2606lamebagels|that\u2019s unfortunate\n|c|\u2606lamebagels|yes lol\n|\n|t:|1699163082\n|switch|p1a: Excadrill|Excadrill, F|100\/100\n|move|p2a: mon 5-25|Ally Switch|p2a: mon 5-25\n|swap|p2a: mon 5-25|1|[from] move: Ally Switch\n|move|p2a: policulture|Sleep Powder|p1a: Excadrill\n|-status|p1a: Excadrill|slp|[from] move: Sleep Powder\n|move|p1b: Gastrodon|Recover|p1b: Gastrodon\n|-heal|p1b: Gastrodon|88\/100\n|\n|upkeep\n|turn|17\n|\n|t:|1699163098\n|switch|p2a: shyranitar|Tyranitar, F|79\/100\n|-weather|Sandstorm|[from] ability: Sand Stream|[of] p2a: shyranitar\n|cant|p1a: Excadrill|slp\n|move|p2b: mon 5-25|Mud-Slap|p1a: Excadrill\n|-supereffective|p1a: Excadrill\n|-damage|p1a: Excadrill|91\/100 slp\n|-unboost|p1a: Excadrill|accuracy|1\n|move|p1b: Gastrodon|Toxic|p2b: mon 5-25|[miss]\n|-miss|p1b: Gastrodon|p2b: mon 5-25\n|\n|-weather|Sandstorm|[upkeep]\n|-damage|p2b: mon 5-25|88\/100|[from] Sandstorm\n|upkeep\n|turn|18\n|\n|t:|1699163114\n|switch|p1b: Hitmontop|Hitmontop, M|88\/100\n|-ability|p1b: Hitmontop|Intimidate|boost\n|-unboost|p2a: shyranitar|atk|1\n|-unboost|p2b: mon 5-25|atk|1\n|-curestatus|p1a: Excadrill|slp|[msg]\n|move|p1a: Excadrill|Substitute|p1a: Excadrill\n|-start|p1a: Excadrill|Substitute\n|-damage|p1a: Excadrill|66\/100\n|move|p2b: mon 5-25|Mud-Slap|p1a: Excadrill\n|-supereffective|p1a: Excadrill\n|-activate|p1a: Excadrill|move: Substitute|[damage]\n|move|p2a: shyranitar|Knock Off|p1a: Excadrill\n|-end|p1a: Excadrill|Substitute\n|\n|-weather|Sandstorm|[upkeep]\n|-damage|p2b: mon 5-25|82\/100|[from] Sandstorm\n|-damage|p1b: Hitmontop|82\/100|[from] Sandstorm\n|upkeep\n|turn|19\n|\n|t:|1699163145\n|switch|p2a: policulture|Vivillon-Pokeball, M|100\/100\n|move|p1b: Hitmontop|Fake Out|p2b: mon 5-25\n|-damage|p2b: mon 5-25|77\/100\n|-zpower|p1a: Excadrill\n|move|p1a: Excadrill|Tectonic Rage|p2a: policulture|[zeffect]\n|-immune|p2a: policulture\n|cant|p2b: mon 5-25|flinch\n|\n|-weather|Sandstorm|[upkeep]\n|-damage|p2a: policulture|94\/100|[from] Sandstorm\n|-damage|p2b: mon 5-25|71\/100|[from] Sandstorm\n|-damage|p1b: Hitmontop|75\/100|[from] Sandstorm\n|upkeep\n|turn|20\n|c|\u2606Xalvadore|DAMN IT\n|\n|t:|1699163198\n|switch|p1b: Gastrodon|Gastrodon, F|88\/100\n|move|p2a: policulture|Protect|p2a: policulture\n|-singleturn|p2a: policulture|Protect\n|move|p1a: Excadrill|Substitute|p1a: Excadrill\n|-start|p1a: Excadrill|Substitute\n|-damage|p1a: Excadrill|41\/100\n|move|p2b: mon 5-25|Trick Room|p2b: mon 5-25\n|-fieldstart|move: Trick Room|[of] p2b: mon 5-25\n|\n|-weather|Sandstorm|[upkeep]\n|-damage|p2b: mon 5-25|65\/100|[from] Sandstorm\n|-damage|p2a: policulture|88\/100|[from] Sandstorm\n|upkeep\n|turn|21\n|\n|t:|1699163212\n|switch|p2a: 90|Landorus-Therian, M, tera:Steel|17\/100\n|-ability|p2a: 90|Intimidate|boost\n|-immune|p1a: Excadrill\n|-unboost|p1b: Gastrodon|atk|1\n|move|p1b: Gastrodon|Toxic|p2b: mon 5-25\n|-status|p2b: mon 5-25|tox\n|move|p2b: mon 5-25|Lunar Blessing|p2b: mon 5-25|[spread] p2a,p2b\n|-heal|p2a: 90|42\/100\n|-heal|p2b: mon 5-25|90\/100 tox\n|-curestatus|p2b: mon 5-25|tox|[msg]\n|move|p1a: Excadrill|Rock Slide|p2b: mon 5-25|[spread] p2b\n|-miss|p1a: Excadrill|p2a: 90\n|-damage|p2b: mon 5-25|76\/100\n|\n|-weather|none\n|upkeep\n|turn|22\n|\n|t:|1699163237\n|move|p1b: Gastrodon|Toxic|p2b: mon 5-25\n|-status|p2b: mon 5-25|tox\n|move|p2a: 90|Sandsear Storm|p1b: Gastrodon|[spread] p1a,p1b\n|-supereffective|p1a: Excadrill\n|-end|p1a: Excadrill|Substitute\n|-damage|p1b: Gastrodon|46\/100\n|-damage|p2a: 90|32\/100|[from] item: Life Orb\n|move|p2b: mon 5-25|Lunar Blessing|p2b: mon 5-25|[spread] p2a,p2b\n|-heal|p2a: 90|57\/100\n|-heal|p2b: mon 5-25|100\/100 tox\n|-curestatus|p2b: mon 5-25|tox|[msg]\n|move|p1a: Excadrill|Earthquake|p2b: mon 5-25|[spread] p1b,p2a\n|-immune|p2b: mon 5-25|[from] ability: Levitate\n|-supereffective|p2a: 90\n|-damage|p1b: Gastrodon|14\/100\n|-damage|p2a: 90|0 fnt\n|faint|p2a: 90\n|\n|upkeep\n|\n|t:|1699163258\n|switch|p2a: daffodil|Zapdos-Galar, shiny|100\/100\n|turn|23\n|\n|t:|1699163269\n|move|p1a: Excadrill|Protect|p1a: Excadrill\n|-singleturn|p1a: Excadrill|Protect\n|move|p1b: Gastrodon|Recover|p1b: Gastrodon\n|-heal|p1b: Gastrodon|64\/100\n|move|p2b: mon 5-25|Mud-Slap|p1b: Gastrodon\n|-damage|p1b: Gastrodon|60\/100\n|-unboost|p1b: Gastrodon|accuracy|1\n|move|p2a: daffodil|Close Combat|p1a: Excadrill\n|-activate|p1a: Excadrill|move: Protect\n|\n|upkeep\n|turn|24\n|\n|t:|1699163286\n|switch|p1a: Zapdos|Zapdos|88\/100\n|-ability|p1a: Zapdos|Pressure\n|move|p1b: Gastrodon|Recover|p1b: Gastrodon\n|-heal|p1b: Gastrodon|100\/100\n|move|p2b: mon 5-25|Mud-Slap|p1a: Zapdos\n|-immune|p1a: Zapdos\n|move|p2a: daffodil|Close Combat|p1b: Gastrodon\n|-damage|p1b: Gastrodon|22\/100\n|-unboost|p2a: daffodil|def|1\n|-unboost|p2a: daffodil|spd|1\n|\n|-fieldend|move: Trick Room\n|upkeep\n|turn|25\n|\n|t:|1699163312\n|switch|p2a: policulture|Vivillon-Pokeball, M|88\/100\n|move|p1a: Zapdos|Discharge|p2b: mon 5-25|[spread] p2a,p2b\n|-immune|p1b: Gastrodon\n|-supereffective|p2a: policulture\n|-damage|p2a: policulture|0 fnt\n|-damage|p2b: mon 5-25|88\/100\n|faint|p2a: policulture\n|move|p1b: Gastrodon|Recover|p1b: Gastrodon\n|-heal|p1b: Gastrodon|72\/100\n|move|p2b: mon 5-25|Trick Room|p2b: mon 5-25\n|-fieldstart|move: Trick Room|[of] p2b: mon 5-25\n|\n|upkeep\n|\n|t:|1699163325\n|switch|p2a: shyranitar|Tyranitar, F|79\/100\n|-weather|Sandstorm|[from] ability: Sand Stream|[of] p2a: shyranitar\n|turn|26\n|\n|t:|1699163333\n|move|p1a: Zapdos|Detect|p1a: Zapdos\n|-singleturn|p1a: Zapdos|Protect\n|move|p1b: Gastrodon|Toxic|p2b: mon 5-25|[miss]\n|-miss|p1b: Gastrodon|p2b: mon 5-25\n|move|p2a: shyranitar|Rock Slide|p1b: Gastrodon|[spread] p1b\n|-activate|p1a: Zapdos|move: Protect\n|-resisted|p1b: Gastrodon\n|-damage|p1b: Gastrodon|61\/100\n|move|p2b: mon 5-25|Mud-Slap|p1b: Gastrodon\n|-damage|p1b: Gastrodon|57\/100\n|-unboost|p1b: Gastrodon|accuracy|1\n|\n|-weather|Sandstorm|[upkeep]\n|-damage|p2b: mon 5-25|82\/100|[from] Sandstorm\n|-damage|p1a: Zapdos|82\/100|[from] Sandstorm\n|upkeep\n|turn|27\n|\n|t:|1699163359\n|move|p1b: Gastrodon|Toxic|p2b: mon 5-25\n|-status|p2b: mon 5-25|tox\n|move|p2a: shyranitar|Knock Off|p1a: Zapdos\n|-damage|p1a: Zapdos|32\/100\n|-enditem|p1a: Zapdos|Sitrus Berry|[from] move: Knock Off|[of] p2a: shyranitar\n|move|p2b: mon 5-25|Mud-Slap|p1b: Gastrodon\n|-damage|p1b: Gastrodon|54\/100\n|-unboost|p1b: Gastrodon|accuracy|1\n|move|p1a: Zapdos|Discharge|p2b: mon 5-25|[spread] p2a,p2b\n|-immune|p1b: Gastrodon\n|-damage|p2a: shyranitar|66\/100\n|-damage|p2b: mon 5-25|66\/100 tox\n|\n|-weather|Sandstorm|[upkeep]\n|-damage|p2b: mon 5-25|60\/100 tox|[from] Sandstorm\n|-damage|p1a: Zapdos|26\/100|[from] Sandstorm\n|-damage|p2b: mon 5-25|54\/100 tox|[from] psn\n|upkeep\n|turn|28\n|\n|t:|1699163377\n|move|p1a: Zapdos|Detect|p1a: Zapdos\n|-singleturn|p1a: Zapdos|Protect\n|move|p1b: Gastrodon|Earth Power|p2a: shyranitar|[miss]\n|-miss|p1b: Gastrodon|p2a: shyranitar\n|move|p2a: shyranitar|Rock Slide|p1a: Zapdos|[spread] \n|-activate|p1a: Zapdos|move: Protect\n|-miss|p2a: shyranitar|p1b: Gastrodon\n|move|p2b: mon 5-25|Mud-Slap|p1b: Gastrodon\n|-damage|p1b: Gastrodon|50\/100\n|-unboost|p1b: Gastrodon|accuracy|1\n|\n|-weather|Sandstorm|[upkeep]\n|-damage|p2b: mon 5-25|48\/100 tox|[from] Sandstorm\n|-damage|p1a: Zapdos|19\/100|[from] Sandstorm\n|-damage|p2b: mon 5-25|35\/100 tox|[from] psn\n|upkeep\n|turn|29\n|\n|t:|1699163402\n|switch|p2b: daffodil|Zapdos-Galar, shiny|100\/100\n|move|p1b: Gastrodon|Recover|p1b: Gastrodon\n|-heal|p1b: Gastrodon|99\/100\n|move|p2a: shyranitar|Rock Slide|p1a: Zapdos|[spread] p1b\n|-miss|p2a: shyranitar|p1a: Zapdos\n|-resisted|p1b: Gastrodon\n|-damage|p1b: Gastrodon|88\/100\n|move|p1a: Zapdos|Discharge|p2b: daffodil|[spread] p2a,p2b\n|-immune|p1b: Gastrodon\n|-supereffective|p2b: daffodil\n|-damage|p2a: shyranitar|52\/100\n|-damage|p2b: daffodil|40\/100\n|\n|-weather|Sandstorm|[upkeep]\n|-damage|p2b: daffodil|34\/100|[from] Sandstorm\n|-damage|p1a: Zapdos|13\/100|[from] Sandstorm\n|-fieldend|move: Trick Room\n|upkeep\n|turn|30\n|\n|t:|1699163427\n|switch|p2b: mon 5-25|Cresselia, F, shiny|35\/100 tox\n|switch|p1b: Hitmontop|Hitmontop, M|75\/100\n|-ability|p1b: Hitmontop|Intimidate|boost\n|-unboost|p2a: shyranitar|atk|1\n|-unboost|p2b: mon 5-25|atk|1\n|move|p1a: Zapdos|Discharge|p2b: mon 5-25|[spread] p1b,p2a,p2b\n|-damage|p1b: Hitmontop|50\/100\n|-damage|p2a: shyranitar|38\/100\n|-damage|p2b: mon 5-25|20\/100 tox\n|-status|p2a: shyranitar|par\n|-enditem|p2b: mon 5-25|Aguav Berry|[eat]\n|-heal|p2b: mon 5-25|53\/100 tox|[from] item: Aguav Berry\n|-enditem|p1b: Hitmontop|Sitrus Berry|[eat]\n|-heal|p1b: Hitmontop|75\/100|[from] item: Sitrus Berry\n|move|p2a: shyranitar|Rock Slide|p1a: Zapdos|[spread] p1a,p1b\n|-supereffective|p1a: Zapdos\n|-resisted|p1b: Hitmontop\n|-damage|p1a: Zapdos|0 fnt\n|-damage|p1b: Hitmontop|63\/100\n|faint|p1a: Zapdos\n|\n|-weather|none\n|-damage|p2b: mon 5-25|47\/100 tox|[from] psn\n|upkeep\n|\n|t:|1699163455\n|switch|p1a: Gastrodon|Gastrodon, F|88\/100\n|turn|31\n|\n|t:|1699163467\n|move|p1b: Hitmontop|Fake Out|p2b: mon 5-25\n|-damage|p2b: mon 5-25|40\/100 tox\n|move|p1a: Gastrodon|Earth Power|p2a: shyranitar\n|-supereffective|p2a: shyranitar\n|-damage|p2a: shyranitar|0 fnt\n|faint|p2a: shyranitar\n|cant|p2b: mon 5-25|flinch\n|\n|-damage|p2b: mon 5-25|28\/100 tox|[from] psn\n|upkeep\n|\n|t:|1699163469\n|switch|p2a: daffodil|Zapdos-Galar, shiny|34\/100\n|turn|32\n|c|\u2606lamebagels|ggwp\n|c|\u2606Xalvadore|gg\n|\n|t:|1699163487\n|move|p2b: mon 5-25|Ally Switch|p2b: mon 5-25\n|swap|p2b: mon 5-25|0|[from] move: Ally Switch\n|move|p1b: Hitmontop|Mach Punch|p2a: mon 5-25\n|-resisted|p2a: mon 5-25\n|-damage|p2a: mon 5-25|23\/100 tox\n|move|p2b: daffodil|Brave Bird|p1b: Hitmontop\n|-supereffective|p1b: Hitmontop\n|-damage|p1b: Hitmontop|0 fnt\n|faint|p1b: Hitmontop\n|-damage|p2b: daffodil|16\/100|[from] Recoil\n|move|p1a: Gastrodon|Ice Beam|p2a: mon 5-25\n|-damage|p2a: mon 5-25|13\/100 tox\n|\n|-damage|p2a: mon 5-25|0 fnt|[from] psn\n|faint|p2a: mon 5-25\n|upkeep\n|c|\u2606Xalvadore|You made me earn it\n|\n|t:|1699163500\n|switch|p1b: Excadrill|Excadrill, F|41\/100\n|turn|33\n|c|\u2606lamebagels|happy to lose to a good fight\n|c|\u2606Xalvadore|Great mentality\n|\n|t:|1699163512\n|move|p1b: Excadrill|Rock Slide|p2b: daffodil\n|-damage|p2b: daffodil|0 fnt\n|faint|p2b: daffodil\n|\n|win|Xalvadore\n|raw|Xalvadore's rating: 1382 &rarr; <strong>1396<\/strong><br \/>(+14 for winning)\n|raw|lamebagels's rating: 1266 &rarr; <strong>1249<\/strong><br \/>(-17 for losing)\n|c|\u2606Xalvadore|gg again\n|c|\u2606lamebagels|gl\n|c|\u2606Xalvadore|Thanks\n","uploadtime":1699163520,"views":6,"p1id":"xalvadore","p2id":"lamebagels","formatid":"gen9nationaldexdoubles","rating":1249,"private":0,"password":""}