{"id":"gen9nationaldexdoubles-1961955834","p1":"Chad Tankers","p2":"kitsu-aria","format":"[Gen 9] National Dex Doubles","log":"|j|\u2606Chad Tankers\n|j|\u2606kitsu-aria\n|t:|1696692745\n|gametype|doubles\n|player|p1|Chad Tankers|burglar|1370\n|player|p2|kitsu-aria|rocketgruntf|1417\n|teamsize|p1|6\n|teamsize|p2|6\n|gen|9\n|tier|[Gen 9] National Dex Doubles\n|rated|\n|rule|HP Percentage Mod: HP is shown in percentages\n|rule|Endless Battle Clause: Forcing endless battles is banned\n|rule|OHKO Clause: OHKO moves are banned\n|rule|Evasion Moves Clause: Evasion moves are banned\n|rule|Evasion Abilities Clause: Evasion abilities are banned\n|rule|Species Clause: Limit one of each Pok\u00e9mon\n|rule|Gravity Sleep Clause: The combination of sleep-inducing moves with imperfect accuracy and Gravity or Gigantamax Orbeetle are banned\n|clearpoke\n|poke|p1|Medicham, M|\n|poke|p1|Zygarde|\n|poke|p1|Whimsicott, M|\n|poke|p1|Volcanion|\n|poke|p1|Flutter Mane|\n|poke|p1|Kingambit, M|\n|poke|p2|Crawdaunt, M|\n|poke|p2|Volcanion|\n|poke|p2|Diancie|\n|poke|p2|Flutter Mane|\n|poke|p2|Ursaluna, M|\n|poke|p2|Indeedee-F, F|\n|teampreview\n|inactive|Battle timer is ON: inactive players will automatically lose when time's up. (requested by Chad Tankers)\n|inactive|Chad Tankers has 120 seconds left.\n|\n|t:|1696692793\n|start\n|switch|p1a: Kingambit|Kingambit, M, shiny|100\/100\n|switch|p1b: Volcanion|Volcanion|100\/100\n|switch|p2a: \ud83d\udc8ePrincess\ud83d\udc8e\u2728|Diancie|100\/100\n|switch|p2b: FiveTurnsInTheRoom|Ursaluna, M|100\/100\n|turn|1\n|inactive|Chad Tankers has 120 seconds left.\n|\n|t:|1696692828\n|move|p1b: Volcanion|Steam Eruption|p2b: FiveTurnsInTheRoom\n|-supereffective|p2b: FiveTurnsInTheRoom\n|-damage|p2b: FiveTurnsInTheRoom|3\/100\n|-status|p2b: FiveTurnsInTheRoom|brn\n|move|p1a: Kingambit|Kowtow Cleave|p2b: FiveTurnsInTheRoom\n|-damage|p2b: FiveTurnsInTheRoom|0 fnt\n|faint|p2b: FiveTurnsInTheRoom\n|move|p2a: \ud83d\udc8ePrincess\ud83d\udc8e\u2728|Trick Room|p2a: \ud83d\udc8ePrincess\ud83d\udc8e\u2728\n|-fieldstart|move: Trick Room|[of] p2a: \ud83d\udc8ePrincess\ud83d\udc8e\u2728\n|\n|upkeep\n|\n|t:|1696692841\n|switch|p2b: Larry la Langosta|Crawdaunt, M|100\/100\n|turn|2\n|\n|t:|1696692857\n|switch|p2a: Volcanion|Volcanion|100\/100\n|move|p2b: Larry la Langosta|Knock Off|p1b: Volcanion\n|-damage|p1b: Volcanion|30\/100\n|-enditem|p1b: Volcanion|Assault Vest|[from] move: Knock Off|[of] p2b: Larry la Langosta\n|-damage|p2b: Larry la Langosta|90\/100|[from] item: Life Orb\n|move|p1a: Kingambit|Swords Dance|p1a: Kingambit\n|-boost|p1a: Kingambit|atk|2\n|move|p1b: Volcanion|Steam Eruption|p2a: Volcanion\n|-immune|p2a: Volcanion|[from] ability: Water Absorb\n|\n|upkeep\n|turn|3\n|inactive|Chad Tankers has 120 seconds left.\n|inactive|kitsu-aria has 120 seconds left.\n|inactive|Chad Tankers has 90 seconds left.\n|\n|t:|1696692918\n|switch|p2b: Cleanup Maid|Indeedee-F, F|100\/100\n|-fieldstart|move: Psychic Terrain|[from] ability: Psychic Surge|[of] p2b: Cleanup Maid\n|move|p1a: Kingambit|Sucker Punch|p2a: Volcanion\n|-activate|p2a: Volcanion|move: Psychic Terrain\n|move|p2a: Volcanion|Body Press|p1a: Kingambit\n|-supereffective|p1a: Kingambit\n|-damage|p1a: Kingambit|37\/100\n|move|p1b: Volcanion|Earth Power|p2a: Volcanion\n|-supereffective|p2a: Volcanion\n|-crit|p2a: Volcanion\n|-damage|p2a: Volcanion|32\/100\n|\n|upkeep\n|turn|4\n|inactive|Chad Tankers has 90 seconds left.\n|\n|t:|1696692948\n|move|p1a: Kingambit|Protect|p1a: Kingambit\n|-singleturn|p1a: Kingambit|Protect\n|move|p2a: Volcanion|Steam Eruption|p1a: Kingambit\n|-activate|p1a: Kingambit|move: Protect\n|move|p1b: Volcanion|Steam Eruption|p2b: Cleanup Maid\n|-damage|p2b: Cleanup Maid|49\/100\n|-status|p2b: Cleanup Maid|brn\n|move|p2b: Cleanup Maid|Expanding Force|p1b: Volcanion|[spread] p1b\n|-activate|p1a: Kingambit|move: Protect\n|-damage|p1b: Volcanion|0 fnt\n|faint|p1b: Volcanion\n|\n|-damage|p2b: Cleanup Maid|42\/100 brn|[from] brn\n|upkeep\n|inactive|Chad Tankers has 90 seconds left.\n|\n|t:|1696692967\n|switch|p1b: Flutter Mane|Flutter Mane|100\/100\n|turn|5\n|inactive|Chad Tankers has 90 seconds left.\n|\n|t:|1696692985\n|move|p2a: Volcanion|Heat Wave|p1a: Kingambit|[spread] p1a,p1b\n|-supereffective|p1a: Kingambit\n|-damage|p1a: Kingambit|0 fnt\n|-damage|p1b: Flutter Mane|59\/100\n|faint|p1a: Kingambit\n|move|p2b: Cleanup Maid|Expanding Force|p1b: Flutter Mane\n|-damage|p1b: Flutter Mane|0 fnt\n|faint|p1b: Flutter Mane\n|-end|p1b: Flutter Mane|Protosynthesis|[silent]\n|\n|-damage|p2b: Cleanup Maid|36\/100 brn|[from] brn\n|-fieldend|move: Trick Room\n|upkeep\n|inactive|Chad Tankers has 90 seconds left.\n|\n|t:|1696693004\n|switch|p1b: Whimsicott|Whimsicott, M|100\/100\n|switch|p1a: Zygarde|Zygarde|100\/100\n|-ability|p1a: Zygarde|Aura Break\n|turn|6\n|\n|t:|1696693014\n|move|p1b: Whimsicott|Tailwind|p1b: Whimsicott\n|-sidestart|p1: Chad Tankers|move: Tailwind\n|move|p1a: Zygarde|Thousand Arrows|p2a: Volcanion|[spread] p2a,p2b\n|-supereffective|p2a: Volcanion\n|-damage|p2a: Volcanion|0 fnt\n|-damage|p2b: Cleanup Maid|0 fnt\n|faint|p2a: Volcanion\n|faint|p2b: Cleanup Maid\n|\n|upkeep\n|\n|t:|1696693023\n|switch|p2b: \ud83d\udc8ePrincess\ud83d\udc8e\u2728|Diancie|100\/100\n|switch|p2a: Fluttershy|Flutter Mane|100\/100\n|-enditem|p2a: Fluttershy|Booster Energy\n|-activate|p2a: Fluttershy|ability: Protosynthesis|[fromitem]\n|-start|p2a: Fluttershy|protosynthesisspa\n|turn|7\n|inactive|Chad Tankers has 120 seconds left.\n|\n|t:|1696693034\n|move|p1b: Whimsicott|Moonblast|p2b: \ud83d\udc8ePrincess\ud83d\udc8e\u2728\n|-damage|p2b: \ud83d\udc8ePrincess\ud83d\udc8e\u2728|72\/100\n|move|p1a: Zygarde|Thousand Arrows|p2a: Fluttershy|[spread] p2a,p2b\n|-supereffective|p2b: \ud83d\udc8ePrincess\ud83d\udc8e\u2728\n|-damage|p2a: Fluttershy|9\/100\n|-damage|p2b: \ud83d\udc8ePrincess\ud83d\udc8e\u2728|0 fnt\n|faint|p2b: \ud83d\udc8ePrincess\ud83d\udc8e\u2728\n|move|p2a: Fluttershy|Dazzling Gleam|p1a: Zygarde|[spread] p1a,p1b\n|-supereffective|p1a: Zygarde\n|-damage|p1a: Zygarde|21\/100\n|-damage|p1b: Whimsicott|31\/100\n|\n|-fieldend|move: Psychic Terrain\n|upkeep\n|\n|t:|1696693040\n|switch|p2b: Larry la Langosta|Crawdaunt, M|90\/100\n|turn|8\n|\n|t:|1696693056\n|move|p2b: Larry la Langosta|Aqua Jet|p1a: Zygarde\n|-damage|p1a: Zygarde|0 fnt\n|faint|p1a: Zygarde\n|-damage|p2b: Larry la Langosta|80\/100|[from] item: Life Orb\n|move|p1b: Whimsicott|Moonblast|p2b: Larry la Langosta\n|-supereffective|p2b: Larry la Langosta\n|-damage|p2b: Larry la Langosta|0 fnt\n|faint|p2b: Larry la Langosta\n|move|p2a: Fluttershy|Dazzling Gleam|p1b: Whimsicott\n|-damage|p1b: Whimsicott|0 fnt\n|faint|p1b: Whimsicott\n|\n|upkeep\n|c|\u2606kitsu-aria|Gg\n|\n|t:|1696693070\n|switch|p1b: Medicham|Medicham, M, shiny|100\/100\n|turn|9\n|\n|t:|1696693076\n|detailschange|p1b: Medicham|Medicham-Mega, M, shiny\n|-mega|p1b: Medicham|Medicham|Medichamite\n|move|p2a: Fluttershy|Protect|p2a: Fluttershy\n|-singleturn|p2a: Fluttershy|Protect\n|move|p1b: Medicham|Bullet Punch|p2a: Fluttershy\n|-activate|p2a: Fluttershy|move: Protect\n|\n|-sideend|p1: Chad Tankers|move: Tailwind\n|upkeep\n|turn|10\n|\n|t:|1696693085\n|move|p1b: Medicham|Bullet Punch|p2a: Fluttershy\n|-supereffective|p2a: Fluttershy\n|-damage|p2a: Fluttershy|0 fnt\n|faint|p2a: Fluttershy\n|-end|p2a: Fluttershy|Protosynthesis|[silent]\n|\n|win|Chad Tankers\n|raw|Chad Tankers's rating: 1370 &rarr; <strong>1392<\/strong><br \/>(+22 for winning)\n|raw|kitsu-aria's rating: 1407 &rarr; <strong>1385<\/strong><br \/>(-22 for losing)\n|c|\u2606Chad Tankers|Ggs\n","uploadtime":1696693189,"views":8,"p1id":"chadtankers","p2id":"kitsuaria","formatid":"gen9nationaldexdoubles","rating":1385,"private":0,"password":""}