{"id":"gen9nationaldexdoubles-1963371313","p1":"Denvah_17","p2":"gimmeginandtonic","format":"[Gen 9] National Dex Doubles","log":"|j|\u2606Denvah_17\n|j|\u2606gimmeginandtonic\n|t:|1696862137\n|gametype|doubles\n|player|p1|Denvah_17|alder|1353\n|player|p2|gimmeginandtonic|265|1244\n|teamsize|p1|6\n|teamsize|p2|6\n|gen|9\n|tier|[Gen 9] National Dex Doubles\n|rated|\n|rule|HP Percentage Mod: HP is shown in percentages\n|rule|Endless Battle Clause: Forcing endless battles is banned\n|rule|OHKO Clause: OHKO moves are banned\n|rule|Evasion Moves Clause: Evasion moves are banned\n|rule|Evasion Abilities Clause: Evasion abilities are banned\n|rule|Species Clause: Limit one of each Pok\u00e9mon\n|rule|Gravity Sleep Clause: The combination of sleep-inducing moves with imperfect accuracy and Gravity or Gigantamax Orbeetle are banned\n|clearpoke\n|poke|p1|Sinistcha-Masterpiece|\n|poke|p1|Enamorus, F|\n|poke|p1|Volcanion|\n|poke|p1|Scizor, F|\n|poke|p1|Okidogi, M|\n|poke|p1|Ursaluna-Bloodmoon, M|\n|poke|p2|Regidrago|\n|poke|p2|Flutter Mane|\n|poke|p2|Urshifu-*, F|\n|poke|p2|Maushold-Four|\n|poke|p2|Moltres-Galar|\n|poke|p2|Goodra-Hisui, F|\n|teampreview\n|inactive|Battle timer is ON: inactive players will automatically lose when time's up. (requested by Denvah_17)\n|\n|t:|1696862145\n|start\n|switch|p1a: Sonria|Enamorus, F|100\/100\n|switch|p1b: Grass Latte|Sinistcha-Masterpiece|100\/100\n|switch|p2a: Moltres|Moltres-Galar|100\/100\n|switch|p2b: Maushold|Maushold-Four|100\/100\n|turn|1\n|\n|t:|1696862157\n|move|p2b: Maushold|Population Bomb|p1a: Sonria\n|-damage|p1a: Sonria|85\/100\n|-damage|p1a: Sonria|66\/100\n|-damage|p1a: Sonria|47\/100\n|-damage|p1a: Sonria|30\/100\n|-damage|p1a: Sonria|13\/100\n|-damage|p1a: Sonria|0 fnt\n|faint|p1a: Sonria\n|-hitcount|p1: Sonria|6\n|move|p2a: Moltres|Fiery Wrath|p1b: Grass Latte\n|-supereffective|p1b: Grass Latte\n|-damage|p1b: Grass Latte|31\/100\n|-enditem|p1b: Grass Latte|Weakness Policy\n|-boost|p1b: Grass Latte|atk|2|[from] item: Weakness Policy\n|-boost|p1b: Grass Latte|spa|2|[from] item: Weakness Policy\n|move|p1b: Grass Latte|Calm Mind|p1b: Grass Latte\n|-boost|p1b: Grass Latte|spa|1\n|-boost|p1b: Grass Latte|spd|1\n|\n|upkeep\n|inactive|Denvah_17 has 120 seconds left.\n|\n|t:|1696862183\n|switch|p1a: Dogecoin|Okidogi, M|100\/100\n|turn|2\n|\n|t:|1696862193\n|-terastallize|p1b: Grass Latte|Grass\n|move|p2b: Maushold|Population Bomb|p1a: Dogecoin\n|-damage|p1a: Dogecoin|91\/100\n|-damage|p1a: Dogecoin|81\/100\n|-damage|p1a: Dogecoin|72\/100\n|-damage|p1a: Dogecoin|62\/100\n|-damage|p1a: Dogecoin|53\/100\n|-damage|p1a: Dogecoin|44\/100\n|-damage|p1a: Dogecoin|36\/100\n|-damage|p1a: Dogecoin|26\/100\n|-damage|p1a: Dogecoin|17\/100\n|-damage|p1a: Dogecoin|8\/100\n|-hitcount|p1a: Dogecoin|10\n|move|p1a: Dogecoin|Drain Punch|p2b: Maushold\n|-supereffective|p2b: Maushold\n|-damage|p2b: Maushold|0 fnt\n|-heal|p1a: Dogecoin|49\/100|[from] drain|[of] p2b: Maushold\n|faint|p2b: Maushold\n|move|p2a: Moltres|Fiery Wrath|p1a: Dogecoin|[spread] p1a,p1b\n|-resisted|p1a: Dogecoin\n|-damage|p1a: Dogecoin|39\/100\n|-damage|p1b: Grass Latte|11\/100\n|move|p1b: Grass Latte|Matcha Gotcha|p2a: Moltres\n|-resisted|p2a: Moltres\n|-damage|p2a: Moltres|57\/100\n|-heal|p1b: Grass Latte|38\/100|[from] drain|[of] p2a: Moltres\n|\n|upkeep\n|\n|t:|1696862203\n|switch|p2b: Regidrago|Regidrago|100\/100\n|turn|3\n|inactive|Denvah_17 has 120 seconds left.\n|\n|t:|1696862233\n|move|p1a: Dogecoin|Ice Punch|p2b: Regidrago\n|-supereffective|p2b: Regidrago\n|-damage|p2b: Regidrago|48\/100\n|move|p2a: Moltres|Tailwind|p2a: Moltres\n|-sidestart|p2: gimmeginandtonic|move: Tailwind\n|move|p2b: Regidrago|Dragon Energy|p1a: Dogecoin|[spread] p1a,p1b\n|-crit|p1b: Grass Latte\n|-damage|p1a: Dogecoin|4\/100\n|-damage|p1b: Grass Latte|0 fnt\n|faint|p1b: Grass Latte\n|\n|upkeep\n|inactive|Denvah_17 has 120 seconds left.\n|\n|t:|1696862247\n|switch|p1b: Sudafed|Scizor, F|100\/100\n|turn|4\n|\n|t:|1696862268\n|detailschange|p1b: Sudafed|Scizor-Mega, F\n|-mega|p1b: Sudafed|Scizor|Scizorite\n|move|p2a: Moltres|Air Slash|p1b: Sudafed\n|-damage|p1b: Sudafed|74\/100\n|move|p2b: Regidrago|Dragon Energy|p1b: Sudafed|[spread] p1a,p1b\n|-resisted|p1b: Sudafed\n|-damage|p1a: Dogecoin|0 fnt\n|-damage|p1b: Sudafed|51\/100\n|faint|p1a: Dogecoin\n|move|p1b: Sudafed|Swords Dance|p1b: Sudafed\n|-boost|p1b: Sudafed|atk|2\n|\n|upkeep\n|inactive|Denvah_17 has 120 seconds left.\n|\n|t:|1696862298\n|switch|p1a: Xi Jinping|Ursaluna-Bloodmoon, M|100\/100\n|turn|5\n|inactive|Denvah_17 has 120 seconds left.\n|\n|t:|1696862318\n|move|p1b: Sudafed|Bullet Punch|p2b: Regidrago\n|-damage|p2b: Regidrago|0 fnt\n|faint|p2b: Regidrago\n|move|p2a: Moltres|Air Slash|p1b: Sudafed\n|-damage|p1b: Sudafed|21\/100\n|move|p1a: Xi Jinping|Calm Mind|p1a: Xi Jinping\n|-boost|p1a: Xi Jinping|spa|1\n|-boost|p1a: Xi Jinping|spd|1\n|\n|upkeep\n|\n|t:|1696862331\n|switch|p2b: Urshifu|Urshifu-Rapid-Strike, F|100\/100\n|turn|6\n|\n|t:|1696862344\n|move|p2b: Urshifu|Aqua Jet|p1b: Sudafed\n|-damage|p1b: Sudafed|5\/100\n|move|p1b: Sudafed|Bullet Punch|p2a: Moltres\n|-damage|p2a: Moltres|0 fnt\n|faint|p2a: Moltres\n|move|p1a: Xi Jinping|Blood Moon|p2b: Urshifu\n|-damage|p2b: Urshifu|0 fnt\n|faint|p2b: Urshifu\n|\n|-sideend|p2: gimmeginandtonic|move: Tailwind\n|upkeep\n|\n|t:|1696862350\n|switch|p2b: Goodra|Goodra-Hisui, F|100\/100\n|switch|p2a: Flutter Mane|Flutter Mane|100\/100\n|turn|7\n|\n|t:|1696862364\n|-terastallize|p2a: Flutter Mane|Ghost\n|move|p1b: Sudafed|Bullet Punch|p2a: Flutter Mane\n|-enditem|p2a: Flutter Mane|Focus Sash\n|-damage|p2a: Flutter Mane|1\/100\n|move|p2a: Flutter Mane|Dazzling Gleam|p1b: Sudafed|[spread] p1a,p1b\n|-resisted|p1b: Sudafed\n|-damage|p1a: Xi Jinping|74\/100\n|-damage|p1b: Sudafed|0 fnt\n|faint|p1b: Sudafed\n|move|p2b: Goodra|Acid Armor|p2b: Goodra\n|-boost|p2b: Goodra|def|2\n|move|p1a: Xi Jinping|Earth Power|p2b: Goodra\n|-supereffective|p2b: Goodra\n|-damage|p2b: Goodra|0 fnt\n|faint|p2b: Goodra\n|\n|-heal|p1a: Xi Jinping|80\/100|[from] item: Leftovers\n|upkeep\n|\n|t:|1696862376\n|switch|p1b: Saxophone|Volcanion|100\/100\n|turn|8\n|\n|t:|1696862388\n|move|p2a: Flutter Mane|Dazzling Gleam|p1b: Saxophone|[spread] p1a,p1b\n|-resisted|p1b: Saxophone\n|-damage|p1a: Xi Jinping|54\/100\n|-damage|p1b: Saxophone|83\/100\n|move|p1b: Saxophone|Steam Eruption|p2a: Flutter Mane\n|-damage|p2a: Flutter Mane|0 fnt\n|faint|p2a: Flutter Mane\n|-end|p2a: Flutter Mane|Protosynthesis|[silent]\n|\n|win|Denvah_17\n|raw|Denvah_17's rating: 1353 &rarr; <strong>1367<\/strong><br \/>(+14 for winning)\n|raw|gimmeginandtonic's rating: 1244 &rarr; <strong>1227<\/strong><br \/>(-17 for losing)\n|l|\u2606gimmeginandtonic\n","uploadtime":1696862396,"views":4,"p1id":"denvah17","p2id":"gimmeginandtonic","formatid":"gen9nationaldexdoubles","rating":1227,"private":0,"password":""}