{"id":"gen9nationaldexdoubles-1989169658","p1":"Vican259","p2":"xephos223","format":"[Gen 9] National Dex Doubles","log":"|j|\u2606Vican259\n|j|\u2606xephos223\n|t:|1699819580\n|gametype|doubles\n|player|p1|Vican259|bellelba|\n|player|p2|xephos223|gambler|\n|teamsize|p1|6\n|teamsize|p2|6\n|gen|9\n|tier|[Gen 9] National Dex Doubles\n|rule|HP Percentage Mod: HP is shown in percentages\n|rule|Endless Battle Clause: Forcing endless battles is banned\n|rule|OHKO Clause: OHKO moves are banned\n|rule|Evasion Moves Clause: Evasion moves are banned\n|rule|Evasion Abilities Clause: Evasion abilities are banned\n|rule|Species Clause: Limit one of each Pok\u00e9mon\n|rule|Gravity Sleep Clause: The combination of sleep-inducing moves with imperfect accuracy and Gravity or Gigantamax Orbeetle are banned\n|clearpoke\n|poke|p1|Ting-Lu|\n|poke|p1|Crawdaunt, F|\n|poke|p1|Honchkrow, M|\n|poke|p1|Wo-Chien|\n|poke|p1|Houndoom, F|\n|poke|p1|Hydreigon, F|\n|poke|p2|Gallade, M|\n|poke|p2|Ceruledge, M|\n|poke|p2|Iron Moth|\n|poke|p2|Raichu-Alola, M|\n|poke|p2|Decidueye, F|\n|poke|p2|Toxapex, M|\n|teampreview\n|\n|t:|1699819621\n|start\n|switch|p1a: No sp atac|Ting-Lu|100\/100\n|switch|p1b: Honchkrow|Honchkrow, M|100\/100\n|switch|p2a: Toxapex|Toxapex, M|100\/100\n|switch|p2b: Decidueye|Decidueye, F|100\/100\n|-ability|p1a: No sp atac|Vessel of Ruin\n|turn|1\n|\n|t:|1699819644\n|move|p2b: Decidueye|Leaf Blade|p1a: No sp atac\n|-supereffective|p1a: No sp atac\n|-damage|p1a: No sp atac|56\/100\n|move|p1b: Honchkrow|Night Slash|p2b: Decidueye\n|-supereffective|p2b: Decidueye\n|-damage|p2b: Decidueye|0 fnt\n|faint|p2b: Decidueye\n|-ability|p1b: Honchkrow|Moxie|boost\n|-boost|p1b: Honchkrow|atk|1\n|move|p1a: No sp atac|Stealth Rock|p2a: Toxapex\n|-sidestart|p2: xephos223|move: Stealth Rock\n|move|p2a: Toxapex|Scald|p1b: Honchkrow\n|-damage|p1b: Honchkrow|80\/100\n|-status|p1b: Honchkrow|brn\n|\n|-heal|p1a: No sp atac|62\/100|[from] item: Leftovers\n|-damage|p1b: Honchkrow|74\/100 brn|[from] brn\n|upkeep\n|\n|t:|1699819668\n|switch|p2b: Raichu|Raichu-Alola, M|100\/100\n|-damage|p2b: Raichu|88\/100|[from] Stealth Rock\n|turn|2\n|\n|t:|1699819680\n|-terastallize|p2b: Raichu|Normal\n|move|p2b: Raichu|Rising Voltage|p1b: Honchkrow\n|-supereffective|p1b: Honchkrow\n|-damage|p1b: Honchkrow|0 fnt\n|faint|p1b: Honchkrow\n|move|p1a: No sp atac|Earthquake|p2b: Raichu|[spread] p2a,p2b\n|-supereffective|p2a: Toxapex\n|-damage|p2a: Toxapex|63\/100\n|-damage|p2b: Raichu|15\/100\n|move|p2a: Toxapex|Haze|p2a: Toxapex\n|-clearallboost\n|\n|-heal|p1a: No sp atac|68\/100|[from] item: Leftovers\n|-heal|p2a: Toxapex|69\/100|[from] item: Black Sludge\n|upkeep\n|\n|t:|1699819696\n|switch|p1b: Crawdaunt|Crawdaunt, F|100\/100\n|turn|3\n|\n|t:|1699819707\n|move|p1a: No sp atac|Protect|p1a: No sp atac\n|-singleturn|p1a: No sp atac|Protect\n|move|p1b: Crawdaunt|Aqua Jet|p2b: Raichu\n|-damage|p2b: Raichu|0 fnt\n|faint|p2b: Raichu\n|move|p2a: Toxapex|Scald|p1a: No sp atac\n|-activate|p1a: No sp atac|move: Protect\n|\n|-heal|p1a: No sp atac|74\/100|[from] item: Leftovers\n|-heal|p2a: Toxapex|75\/100|[from] item: Black Sludge\n|upkeep\n|\n|t:|1699819722\n|switch|p2b: Gallade|Gallade, M|100\/100\n|-damage|p2b: Gallade|94\/100|[from] Stealth Rock\n|turn|4\n|\n|t:|1699819741\n|move|p1b: Crawdaunt|Aqua Jet|p2b: Gallade\n|-damage|p2b: Gallade|21\/100\n|move|p2b: Gallade|Sacred Sword|p1a: No sp atac\n|-supereffective|p1a: No sp atac\n|-damage|p1a: No sp atac|0 fnt\n|faint|p1a: No sp atac\n|move|p2a: Toxapex|Scald|p1b: Crawdaunt\n|-resisted|p1b: Crawdaunt\n|-damage|p1b: Crawdaunt|84\/100\n|\n|-heal|p2a: Toxapex|82\/100|[from] item: Black Sludge\n|upkeep\n|\n|t:|1699819772\n|switch|p1a: Hydreigon|Hydreigon, F|100\/100\n|turn|5\n|\n|t:|1699819789\n|-terastallize|p1a: Hydreigon|Steel\n|move|p1b: Crawdaunt|Aqua Jet|p2b: Gallade\n|-damage|p2b: Gallade|0 fnt\n|faint|p2b: Gallade\n|move|p1a: Hydreigon|Flash Cannon|p2a: Toxapex\n|-resisted|p2a: Toxapex\n|-damage|p2a: Toxapex|58\/100\n|move|p2a: Toxapex|Toxic Spikes|p1b: Crawdaunt\n|-sidestart|p1: Vican259|move: Toxic Spikes\n|\n|-heal|p2a: Toxapex|64\/100|[from] item: Black Sludge\n|upkeep\n|\n|t:|1699819800\n|switch|p2b: Iron Moth|Iron Moth|100\/100\n|-damage|p2b: Iron Moth|76\/100|[from] Stealth Rock\n|-enditem|p2b: Iron Moth|Booster Energy\n|-activate|p2b: Iron Moth|ability: Quark Drive|[fromitem]\n|-start|p2b: Iron Moth|quarkdrivespa\n|turn|6\n|\n|t:|1699819813\n|move|p1b: Crawdaunt|Aqua Jet|p2b: Iron Moth\n|-supereffective|p2b: Iron Moth\n|-damage|p2b: Iron Moth|0 fnt\n|faint|p2b: Iron Moth\n|-end|p2b: Iron Moth|Quark Drive|[silent]\n|move|p1a: Hydreigon|Flash Cannon|p2a: Toxapex\n|-resisted|p2a: Toxapex\n|-damage|p2a: Toxapex|38\/100\n|move|p2a: Toxapex|Toxic Spikes|p1b: Crawdaunt\n|-sidestart|p1: Vican259|move: Toxic Spikes\n|\n|-heal|p2a: Toxapex|44\/100|[from] item: Black Sludge\n|upkeep\n|\n|t:|1699819822\n|switch|p2b: Ceruledge|Ceruledge, M, shiny|100\/100\n|-damage|p2b: Ceruledge|76\/100|[from] Stealth Rock\n|turn|7\n|\n|t:|1699819831\n|move|p1b: Crawdaunt|Aqua Jet|p2b: Ceruledge\n|-supereffective|p2b: Ceruledge\n|-damage|p2b: Ceruledge|0 fnt\n|faint|p2b: Ceruledge\n|move|p1a: Hydreigon|Flash Cannon|p2a: Toxapex\n|-resisted|p2a: Toxapex\n|-damage|p2a: Toxapex|19\/100\n|move|p2a: Toxapex|Recover|p2a: Toxapex\n|-heal|p2a: Toxapex|69\/100\n|\n|-heal|p2a: Toxapex|75\/100|[from] item: Black Sludge\n|upkeep\n|turn|8\n|\n|t:|1699819844\n|move|p1b: Crawdaunt|Aqua Jet|p2a: Toxapex\n|-resisted|p2a: Toxapex\n|-damage|p2a: Toxapex|63\/100\n|move|p1a: Hydreigon|Flash Cannon|p2a: Toxapex\n|-resisted|p2a: Toxapex\n|-crit|p2a: Toxapex\n|-damage|p2a: Toxapex|26\/100\n|move|p2a: Toxapex|Scald|p1a: Hydreigon\n|-damage|p1a: Hydreigon|81\/100\n|-status|p1a: Hydreigon|brn\n|\n|-heal|p2a: Toxapex|32\/100|[from] item: Black Sludge\n|-damage|p1a: Hydreigon|75\/100 brn|[from] brn\n|upkeep\n|turn|9\n|\n|t:|1699819858\n|move|p1b: Crawdaunt|Aqua Jet|p2a: Toxapex\n|-resisted|p2a: Toxapex\n|-damage|p2a: Toxapex|20\/100\n|move|p1a: Hydreigon|Flash Cannon|p2a: Toxapex\n|-resisted|p2a: Toxapex\n|-damage|p2a: Toxapex|0 fnt\n|faint|p2a: Toxapex\n|\n|win|Vican259\n","uploadtime":1699819868,"views":8,"p1id":"vican259","p2id":"xephos223","formatid":"gen9nationaldexdoubles","rating":0,"private":0,"password":""}