{"id":"gen9nationaldexdoubles-1987210421","p1":"Vican259","p2":"xephos223","format":"[Gen 9] National Dex Doubles","log":"|j|\u2606Vican259\n|j|\u2606xephos223\n|t:|1699565584\n|gametype|doubles\n|player|p1|Vican259|bellelba|\n|player|p2|xephos223|gambler|\n|teamsize|p1|6\n|teamsize|p2|6\n|gen|9\n|tier|[Gen 9] National Dex Doubles\n|rule|HP Percentage Mod: HP is shown in percentages\n|rule|Endless Battle Clause: Forcing endless battles is banned\n|rule|OHKO Clause: OHKO moves are banned\n|rule|Evasion Moves Clause: Evasion moves are banned\n|rule|Evasion Abilities Clause: Evasion abilities are banned\n|rule|Species Clause: Limit one of each Pok\u00e9mon\n|rule|Gravity Sleep Clause: The combination of sleep-inducing moves with imperfect accuracy and Gravity or Gigantamax Orbeetle are banned\n|clearpoke\n|poke|p1|Ting-Lu|\n|poke|p1|Crawdaunt, M|\n|poke|p1|Honchkrow, F|\n|poke|p1|Wo-Chien|\n|poke|p1|Houndoom, F|\n|poke|p1|Hydreigon, F|\n|poke|p2|Gallade, M|\n|poke|p2|Ceruledge, F|\n|poke|p2|Iron Moth|\n|poke|p2|Raichu-Alola, M|\n|poke|p2|Decidueye, F|\n|poke|p2|Toxapex, M|\n|teampreview\n|\n|t:|1699565633\n|start\n|switch|p1a: No atac|Wo-Chien|100\/100\n|switch|p1b: Houndoom|Houndoom, F|100\/100\n|switch|p2a: Iron Moth|Iron Moth|100\/100\n|switch|p2b: Ceruledge|Ceruledge, F, shiny|100\/100\n|-ability|p1a: No atac|Tablets of Ruin\n|-enditem|p2a: Iron Moth|Booster Energy\n|-activate|p2a: Iron Moth|ability: Quark Drive|[fromitem]\n|-start|p2a: Iron Moth|quarkdrivespa\n|turn|1\n|\n|t:|1699565713\n|move|p2a: Iron Moth|Sunny Day|p2a: Iron Moth\n|-weather|SunnyDay\n|move|p1b: Houndoom|Dark Pulse|p2a: Iron Moth\n|-damage|p2a: Iron Moth|62\/100\n|move|p2b: Ceruledge|Swords Dance|p2b: Ceruledge\n|-boost|p2b: Ceruledge|atk|2\n|move|p1a: No atac|Ruination|p2a: Iron Moth\n|-damage|p2a: Iron Moth|31\/100\n|\n|-weather|SunnyDay|[upkeep]\n|upkeep\n|turn|2\n|\n|t:|1699565767\n|move|p2a: Iron Moth|Bug Buzz|p1a: No atac\n|-supereffective|p1a: No atac\n|-damage|p1a: No atac|0 fnt\n|faint|p1a: No atac\n|move|p1b: Houndoom|Dark Pulse|p2a: Iron Moth\n|-damage|p2a: Iron Moth|0 fnt\n|faint|p2a: Iron Moth\n|-end|p2a: Iron Moth|Quark Drive|[silent]\n|move|p2b: Ceruledge|Bitter Blade|p1b: Houndoom\n|-start|p1b: Houndoom|ability: Flash Fire\n|\n|-weather|SunnyDay|[upkeep]\n|upkeep\n|\n|t:|1699565786\n|switch|p2a: Toxapex|Toxapex, M|100\/100\n|switch|p1a: No sp atac|Ting-Lu|100\/100\n|-ability|p1a: No sp atac|Vessel of Ruin\n|turn|3\n|\n|t:|1699565819\n|detailschange|p1b: Houndoom|Houndoom-Mega, F\n|-mega|p1b: Houndoom|Houndoom|Houndoominite\n|-end|p1b: Houndoom|ability: Flash Fire|[silent]\n|move|p1b: Houndoom|Dark Pulse|p2a: Toxapex\n|-damage|p2a: Toxapex|61\/100\n|move|p2b: Ceruledge|Solar Blade||[still]\n|-prepare|p2b: Ceruledge|Solar Blade\n|-anim|p2b: Ceruledge|Solar Blade|p1a: No sp atac\n|-supereffective|p1a: No sp atac\n|-damage|p1a: No sp atac|0 fnt\n|faint|p1a: No sp atac\n|move|p2a: Toxapex|Toxic Spikes|p1b: Houndoom\n|-sidestart|p1: Vican259|move: Toxic Spikes\n|\n|-weather|SunnyDay|[upkeep]\n|-damage|p1b: Houndoom|88\/100|[from] ability: Solar Power|[of] p1b: Houndoom\n|-heal|p2a: Toxapex|67\/100|[from] item: Black Sludge\n|upkeep\n|\n|t:|1699565847\n|switch|p1a: Crawdaunt|Crawdaunt, M|100\/100\n|-status|p1a: Crawdaunt|psn\n|turn|4\n|\n|t:|1699565891\n|move|p1a: Crawdaunt|Aqua Jet|p2b: Ceruledge\n|-supereffective|p2b: Ceruledge\n|-damage|p2b: Ceruledge|39\/100\n|-ability|p2b: Ceruledge|Weak Armor|boost\n|-unboost|p2b: Ceruledge|def|1\n|-boost|p2b: Ceruledge|spe|2\n|move|p2b: Ceruledge|Solar Blade||[still]\n|-prepare|p2b: Ceruledge|Solar Blade\n|-anim|p2b: Ceruledge|Solar Blade|p1a: Crawdaunt\n|-supereffective|p1a: Crawdaunt\n|-damage|p1a: Crawdaunt|0 fnt\n|faint|p1a: Crawdaunt\n|move|p1b: Houndoom|Dark Pulse|p2b: Ceruledge\n|-supereffective|p2b: Ceruledge\n|-damage|p2b: Ceruledge|0 fnt\n|faint|p2b: Ceruledge\n|move|p2a: Toxapex|Toxic Spikes|p1b: Houndoom\n|-sidestart|p1: Vican259|move: Toxic Spikes\n|\n|-weather|SunnyDay|[upkeep]\n|-damage|p1b: Houndoom|76\/100|[from] ability: Solar Power|[of] p1b: Houndoom\n|-heal|p2a: Toxapex|74\/100|[from] item: Black Sludge\n|upkeep\n|\n|t:|1699565913\n|switch|p2b: Gallade|Gallade, M|100\/100\n|switch|p1a: Honchkrow|Honchkrow, F|100\/100\n|turn|5\n|\n|t:|1699565939\n|-terastallize|p2b: Gallade|Dark\n|move|p1b: Houndoom|Will-O-Wisp|p2b: Gallade\n|-status|p2b: Gallade|brn\n|move|p2b: Gallade|Sacred Sword|p1b: Houndoom\n|-supereffective|p1b: Houndoom\n|-damage|p1b: Houndoom|0 fnt\n|faint|p1b: Houndoom\n|move|p1a: Honchkrow|Defog|p2b: Gallade\n|-unboost|p2b: Gallade|evasion|1\n|-sideend|p1: Vican259|Toxic Spikes|[from] move: Defog|[of] p1a: Honchkrow\n|move|p2a: Toxapex|Scald|p1a: Honchkrow\n|-damage|p1a: Honchkrow|86\/100\n|-status|p1a: Honchkrow|brn\n|\n|-weather|none\n|-heal|p2a: Toxapex|80\/100|[from] item: Black Sludge\n|-damage|p2b: Gallade|94\/100 brn|[from] brn\n|-damage|p1a: Honchkrow|80\/100 brn|[from] brn\n|upkeep\n|\n|t:|1699565956\n|switch|p1b: Hydreigon|Hydreigon, F|100\/100\n|turn|6\n|\n|t:|1699566035\n|-terastallize|p1b: Hydreigon|Steel\n|move|p1b: Hydreigon|Flash Cannon|p2b: Gallade\n|-damage|p2b: Gallade|23\/100 brn\n|move|p2b: Gallade|Sacred Sword|p1b: Hydreigon\n|-supereffective|p1b: Hydreigon\n|-damage|p1b: Hydreigon|0 fnt\n|faint|p1b: Hydreigon\n|move|p1a: Honchkrow|Brave Bird|p2b: Gallade\n|-damage|p2b: Gallade|0 fnt\n|faint|p2b: Gallade\n|-ability|p1a: Honchkrow|Moxie|boost\n|-boost|p1a: Honchkrow|atk|1\n|-damage|p1a: Honchkrow|74\/100 brn|[from] Recoil\n|move|p2a: Toxapex|Scald|p1a: Honchkrow\n|-damage|p1a: Honchkrow|46\/100 brn\n|\n|-heal|p2a: Toxapex|86\/100|[from] item: Black Sludge\n|-damage|p1a: Honchkrow|40\/100 brn|[from] brn\n|upkeep\n|\n|t:|1699566053\n|switch|p2b: Raichu|Raichu-Alola, M|100\/100\n|turn|7\n|\n|t:|1699566062\n|move|p2b: Raichu|Rising Voltage|p1a: Honchkrow\n|-supereffective|p1a: Honchkrow\n|-damage|p1a: Honchkrow|0 fnt\n|faint|p1a: Honchkrow\n|\n|win|xephos223\n","uploadtime":1699566068,"views":17,"p1id":"vican259","p2id":"xephos223","formatid":"gen9nationaldexdoubles","rating":0,"private":0,"password":""}