{"id":"gen9nationaldexdoubles-1973688579","p1":"Deagle50uu","p2":"EvaEnDonos","format":"[Gen 9] National Dex Doubles","log":"|j|\u2606Deagle50uu\n|j|\u2606EvaEnDonos\n|t:|1698003546\n|gametype|doubles\n|player|p1|Deagle50uu|266|\n|player|p2|EvaEnDonos|170|\n|teamsize|p1|6\n|teamsize|p2|6\n|gen|9\n|tier|[Gen 9] National Dex Doubles\n|rule|HP Percentage Mod: HP is shown in percentages\n|rule|Endless Battle Clause: Forcing endless battles is banned\n|rule|OHKO Clause: OHKO moves are banned\n|rule|Evasion Moves Clause: Evasion moves are banned\n|rule|Evasion Abilities Clause: Evasion abilities are banned\n|rule|Species Clause: Limit one of each Pok\u00e9mon\n|rule|Gravity Sleep Clause: The combination of sleep-inducing moves with imperfect accuracy and Gravity or Gigantamax Orbeetle are banned\n|clearpoke\n|poke|p1|Tyranitar, F|\n|poke|p1|Terrakion|\n|poke|p1|Rhyperior, M|\n|poke|p1|Tyrantrum, M|\n|poke|p1|Aggron, M|\n|poke|p1|Aerodactyl, M|\n|poke|p2|Heracross, F|\n|poke|p2|Ninjask, M|\n|poke|p2|Araquanid, F|\n|poke|p2|Volcarona, F|\n|poke|p2|Vikavolt, M|\n|poke|p2|Scyther, F|\n|teampreview\n|\n|t:|1698003558\n|start\n|switch|p1a: Tyranitar|Tyranitar, F|100\/100\n|switch|p1b: Aerodactyl|Aerodactyl, M|100\/100\n|switch|p2a: Heracross|Heracross, F|100\/100\n|switch|p2b: Araquanid|Araquanid, F|100\/100\n|-ability|p1b: Aerodactyl|Pressure\n|-weather|Sandstorm|[from] ability: Sand Stream|[of] p1a: Tyranitar\n|turn|1\n|\n|t:|1698003580\n|detailschange|p2a: Heracross|Heracross-Mega, F\n|-mega|p2a: Heracross|Heracross|Heracronite\n|move|p1b: Aerodactyl|Stone Edge|p2b: Araquanid\n|-supereffective|p2b: Araquanid\n|-damage|p2b: Araquanid|9\/100\n|move|p1a: Tyranitar|Earthquake|p2b: Araquanid|[spread] p2a,p2b\n|-immune|p1b: Aerodactyl\n|-resisted|p2a: Heracross\n|-resisted|p2b: Araquanid\n|-damage|p2a: Heracross|90\/100\n|-damage|p2b: Araquanid|0 fnt\n|faint|p2b: Araquanid\n|move|p2a: Heracross|Brick Break|p1a: Tyranitar\n|-supereffective|p1a: Tyranitar\n|-damage|p1a: Tyranitar|0 fnt\n|faint|p1a: Tyranitar\n|\n|-weather|Sandstorm|[upkeep]\n|-damage|p2a: Heracross|84\/100|[from] Sandstorm\n|upkeep\n|\n|t:|1698003600\n|switch|p1a: Tyrantrum|Tyrantrum, M|100\/100\n|switch|p2b: Vikavolt|Vikavolt, M|100\/100\n|turn|2\n|\n|t:|1698003632\n|move|p1b: Aerodactyl|Aerial Ace|p2b: Vikavolt\n|-damage|p2b: Vikavolt|71\/100\n|move|p1a: Tyrantrum|Fire Fang|p2a: Heracross\n|-supereffective|p2a: Heracross\n|-damage|p2a: Heracross|30\/100\n|move|p2a: Heracross|Brick Break|p1a: Tyrantrum\n|-supereffective|p1a: Tyrantrum\n|-damage|p1a: Tyrantrum|0 fnt\n|faint|p1a: Tyrantrum\n|move|p2b: Vikavolt|Thunderbolt|p1b: Aerodactyl\n|-supereffective|p1b: Aerodactyl\n|-damage|p1b: Aerodactyl|0 fnt\n|faint|p1b: Aerodactyl\n|\n|-weather|Sandstorm|[upkeep]\n|-damage|p2a: Heracross|24\/100|[from] Sandstorm\n|-damage|p2b: Vikavolt|65\/100|[from] Sandstorm\n|upkeep\n|\n|t:|1698003644\n|switch|p1b: Rhyperior|Rhyperior, M|100\/100\n|switch|p1a: Aggron|Aggron, M|100\/100\n|turn|3\n|\n|t:|1698003672\n|detailschange|p1a: Aggron|Aggron-Mega, M\n|-mega|p1a: Aggron|Aggron|Aggronite\n|move|p1a: Aggron|Head Smash|p2b: Vikavolt|[miss]\n|-miss|p1a: Aggron|p2b: Vikavolt\n|move|p2a: Heracross|Brick Break|p1b: Rhyperior\n|-supereffective|p1b: Rhyperior\n|-crit|p1b: Rhyperior\n|-damage|p1b: Rhyperior|28\/100\n|move|p2b: Vikavolt|Thunderbolt|p1a: Aggron\n|-damage|p1a: Aggron|0 fnt\n|faint|p1a: Aggron\n|move|p1b: Rhyperior|Ice Punch|p2a: Heracross\n|-damage|p2a: Heracross|0 fnt\n|faint|p2a: Heracross\n|\n|-weather|Sandstorm|[upkeep]\n|-damage|p2b: Vikavolt|59\/100|[from] Sandstorm\n|-heal|p1b: Rhyperior|34\/100|[from] item: Leftovers\n|upkeep\n|\n|t:|1698003713\n|switch|p1a: Terrakion|Terrakion|100\/100\n|switch|p2a: Volcarona|Volcarona, F|100\/100\n|turn|4\n|\n|t:|1698003789\n|move|p1a: Terrakion|Stone Edge|p2a: Volcarona\n|-supereffective|p2a: Volcarona\n|-damage|p2a: Volcarona|0 fnt\n|faint|p2a: Volcarona\n|move|p2b: Vikavolt|Thunderbolt|p1a: Terrakion\n|-damage|p1a: Terrakion|37\/100\n|move|p1b: Rhyperior|Ice Punch|p2b: Vikavolt\n|-crit|p2b: Vikavolt\n|-damage|p2b: Vikavolt|11\/100\n|\n|-weather|Sandstorm|[upkeep]\n|-damage|p2b: Vikavolt|5\/100|[from] Sandstorm\n|-heal|p1b: Rhyperior|40\/100|[from] item: Leftovers\n|upkeep\n|\n|t:|1698003806\n|switch|p2a: Scyther|Scyther, F|100\/100\n|turn|5\n|\n|t:|1698003824\n|move|p1a: Terrakion|Stone Edge|p2a: Scyther|[miss]\n|-miss|p1a: Terrakion|p2a: Scyther\n|move|p2a: Scyther|Trailblaze|p1b: Rhyperior\n|-supereffective|p1b: Rhyperior\n|-damage|p1b: Rhyperior|0 fnt\n|-boost|p2a: Scyther|spe|1\n|faint|p1b: Rhyperior\n|move|p2b: Vikavolt|Thunderbolt|p1a: Terrakion\n|-damage|p1a: Terrakion|0 fnt\n|faint|p1a: Terrakion\n|\n|win|EvaEnDonos\n","uploadtime":1698003844,"views":8,"p1id":"deagle50uu","p2id":"evaendonos","formatid":"gen9nationaldexdoubles","rating":0,"private":0,"password":""}