{"id":"gen9nationaldexdoubles-1998719889","p1":"Kakurega","p2":"kevthechamp","format":"[Gen 9] National Dex Doubles","log":"|j|\u2606Kakurega\n|j|\u2606kevthechamp\n|t:|1700977532\n|gametype|doubles\n|player|p1|Kakurega|psychic|\n|player|p2|kevthechamp|red|\n|teamsize|p1|6\n|teamsize|p2|6\n|gen|9\n|tier|[Gen 9] National Dex Doubles\n|rule|HP Percentage Mod: HP is shown in percentages\n|rule|Endless Battle Clause: Forcing endless battles is banned\n|rule|OHKO Clause: OHKO moves are banned\n|rule|Evasion Moves Clause: Evasion moves are banned\n|rule|Evasion Abilities Clause: Evasion abilities are banned\n|rule|Species Clause: Limit one of each Pok\u00e9mon\n|rule|Gravity Sleep Clause: The combination of sleep-inducing moves with imperfect accuracy and Gravity or Gigantamax Orbeetle are banned\n|clearpoke\n|poke|p1|Charizard, M|\n|poke|p1|Electrode|\n|poke|p1|Ditto|\n|poke|p1|Koffing, L1, M|\n|poke|p1|Omastar, M|\n|poke|p1|Blastoise, F|\n|poke|p2|Charizard, M|\n|poke|p2|Arcanine, F|\n|poke|p2|Venusaur, M|\n|poke|p2|Slowbro-Galar, M|\n|poke|p2|Moltres-Galar|\n|poke|p2|Gyarados, M|\n|teampreview\n|inactive|Battle timer is ON: inactive players will automatically lose when time's up. (requested by kevthechamp)\n|inactive|kevthechamp has 270 seconds left.\n|inactive|kevthechamp has 240 seconds left.\n|inactiveoff|Battle timer is now OFF.\n|\n|t:|1700977626\n|start\n|switch|p1a: Koffing|Koffing, L1, M|100\/100\n|switch|p1b: Omastar|Omastar, M|100\/100\n|switch|p2a: Slowbro|Slowbro-Galar, M, shiny|100\/100\n|switch|p2b: Gyarados|Gyarados, M, shiny|100\/100\n|-ability|p1a: Koffing|Neutralizing Gas\n|turn|1\n|\n|t:|1700977654\n|move|p1b: Omastar|Protect|p1b: Omastar\n|-singleturn|p1b: Omastar|Protect\n|move|p1a: Koffing|Protect|p1a: Koffing\n|-singleturn|p1a: Koffing|Protect\n|move|p2b: Gyarados|Thunder Wave|p1b: Omastar\n|-activate|p1b: Omastar|move: Protect\n|move|p2a: Slowbro|Psychic|p1a: Koffing\n|-activate|p1a: Koffing|move: Protect\n|\n|upkeep\n|turn|2\n|j| GameBro180\n|j| Chef Nando\n|\n|t:|1700977682\n|move|p2b: Gyarados|Thunder Wave|p1b: Omastar\n|-status|p1b: Omastar|par\n|move|p2a: Slowbro|Psychic|p1a: Koffing\n|-supereffective|p1a: Koffing\n|-enditem|p1a: Koffing|Focus Sash\n|-damage|p1a: Koffing|9\/100\n|-unboost|p1a: Koffing|spd|1\n|move|p1b: Omastar|Stealth Rock|p2a: Slowbro\n|-sidestart|p2: kevthechamp|move: Stealth Rock\n|move|p1a: Koffing|Pain Split|p2a: Slowbro\n|-sethp|p2a: Slowbro|50\/100|[from] move: Pain Split|[silent]\n|-sethp|p1a: Koffing|100\/100|[from] move: Pain Split\n|\n|-heal|p2a: Slowbro|57\/100|[from] item: Black Sludge\n|upkeep\n|turn|3\n|c| GameBro180|Go AJ!\n|\n|t:|1700977717\n|move|p2b: Gyarados|Thunder Wave|p1a: Koffing|[miss]\n|-miss|p2b: Gyarados|p1a: Koffing\n|move|p2a: Slowbro|Slack Off|p2a: Slowbro\n|-heal|p2a: Slowbro|100\/100\n|move|p1b: Omastar|Ancient Power|p2b: Gyarados\n|-supereffective|p2b: Gyarados\n|-damage|p2b: Gyarados|64\/100\n|move|p1a: Koffing|Destiny Bond|p1a: Koffing\n|-singlemove|p1a: Koffing|Destiny Bond\n|\n|upkeep\n|turn|4\n|\n|t:|1700977741\n|move|p2b: Gyarados|Thunder Wave|p1a: Koffing\n|-status|p1a: Koffing|par\n|move|p2a: Slowbro|Psychic|p1b: Omastar\n|-crit|p1b: Omastar\n|-damage|p1b: Omastar|38\/100 par\n|move|p1b: Omastar|Ancient Power|p2b: Gyarados\n|-supereffective|p2b: Gyarados\n|-damage|p2b: Gyarados|27\/100\n|cant|p1a: Koffing|par\n|\n|upkeep\n|turn|5\n|\n|t:|1700977769\n|cant|p1a: Koffing|par\n|move|p2b: Gyarados|Crunch|p1b: Omastar\n|-damage|p1b: Omastar|22\/100 par\n|move|p2a: Slowbro|Psychic|p1a: Koffing\n|-supereffective|p1a: Koffing\n|-damage|p1a: Koffing|0 fnt\n|faint|p1a: Koffing\n|-end|p1a: Koffing|ability: Neutralizing Gas\n|move|p1b: Omastar|Ancient Power|p2b: Gyarados\n|-supereffective|p2b: Gyarados\n|-damage|p2b: Gyarados|0 fnt\n|faint|p2b: Gyarados\n|\n|upkeep\n|c| Chef Nando|let go no 6-0!!!!\n|\n|t:|1700977810\n|switch|p2b: Arcanine|Arcanine, F, shiny|100\/100\n|switch|p1a: Charizard|Charizard, M|100\/100\n|-damage|p2b: Arcanine|76\/100|[from] Stealth Rock\n|-ability|p2b: Arcanine|Intimidate|boost\n|-unboost|p1a: Charizard|atk|1\n|-unboost|p1b: Omastar|atk|1\n|turn|6\n|c| GameBro180|lol\n|\n|t:|1700977834\n|detailschange|p1a: Charizard|Charizard-Mega-X, M\n|-mega|p1a: Charizard|Charizard|Charizardite X\n|move|p2b: Arcanine|Close Combat|p1b: Omastar\n|-supereffective|p1b: Omastar\n|-damage|p1b: Omastar|0 fnt\n|-unboost|p2b: Arcanine|def|1\n|-unboost|p2b: Arcanine|spd|1\n|faint|p1b: Omastar\n|move|p2a: Slowbro|Scald|p1a: Charizard\n|-damage|p1a: Charizard|74\/100\n|move|p1a: Charizard|Dragon Tail|p2b: Arcanine\n|-damage|p2b: Arcanine|22\/100\n|drag|p2b: Moltres|Moltres-Galar|100\/100\n|-damage|p2b: Moltres|76\/100|[from] Stealth Rock\n|\n|upkeep\n|\n|t:|1700977853\n|switch|p1b: Electrode|Electrode|100\/100\n|turn|7\n|\n|t:|1700977867\n|-terastallize|p2b: Moltres|Ground\n|move|p1b: Electrode|Volt Switch|p2b: Moltres\n|-immune|p2b: Moltres\n|move|p2b: Moltres|Nasty Plot|p2b: Moltres\n|-boost|p2b: Moltres|spa|2\n|move|p2a: Slowbro|Scald|p1a: Charizard\n|-damage|p1a: Charizard|51\/100\n|move|p1a: Charizard|Dragon Tail|p2a: Slowbro\n|-damage|p2a: Slowbro|81\/100\n|drag|p2a: Venusaur|Venusaur, M, shiny|100\/100\n|-damage|p2a: Venusaur|88\/100|[from] Stealth Rock\n|\n|-heal|p2a: Venusaur|94\/100|[from] item: Leftovers\n|upkeep\n|turn|8\n|\n|t:|1700977912\n|move|p1b: Electrode|Volt Switch|p2a: Venusaur\n|-resisted|p2a: Venusaur\n|-damage|p2a: Venusaur|73\/100\n|\n|t:|1700977920\n|switch|p1b: Blastoise|Blastoise, F|100\/100|[from] Volt Switch\n|move|p2b: Moltres|Air Slash|p1a: Charizard\n|-damage|p1a: Charizard|0 fnt\n|faint|p1a: Charizard\n|move|p2a: Venusaur|Substitute|p2a: Venusaur\n|-start|p2a: Venusaur|Substitute\n|-damage|p2a: Venusaur|48\/100\n|\n|-heal|p2a: Venusaur|54\/100|[from] item: Leftovers\n|upkeep\n|\n|t:|1700977937\n|switch|p1a: Electrode|Electrode|100\/100\n|turn|9\n|\n|t:|1700977963\n|-terastallize|p1a: Electrode|Ice\n|move|p1b: Blastoise|Fake Out|p2b: Moltres\n|-damage|p2b: Moltres|56\/100\n|-damage|p1b: Blastoise|91\/100|[from] item: Life Orb\n|move|p1a: Electrode|Tera Blast|p2b: Moltres|[anim] Tera Blast Ice\n|-supereffective|p2b: Moltres\n|-damage|p2b: Moltres|0 fnt\n|faint|p2b: Moltres\n|move|p2a: Venusaur|Sleep Powder|p1b: Blastoise\n|-status|p1b: Blastoise|slp|[from] move: Sleep Powder\n|\n|-heal|p2a: Venusaur|60\/100|[from] item: Leftovers\n|upkeep\n|\n|t:|1700977977\n|switch|p2b: Charizard|Charizard, M|100\/100\n|-damage|p2b: Charizard|51\/100|[from] Stealth Rock\n|turn|10\n|\n|t:|1700977995\n|detailschange|p2b: Charizard|Charizard-Mega-Y, M\n|-mega|p2b: Charizard|Charizard|Charizardite Y\n|-weather|SunnyDay|[from] ability: Drought|[of] p2b: Charizard\n|cant|p1b: Blastoise|slp\n|move|p2a: Venusaur|Sleep Powder|p1a: Electrode\n|-status|p1a: Electrode|slp|[from] move: Sleep Powder\n|cant|p1a: Electrode|slp\n|move|p2b: Charizard|Fire Blast|p1a: Electrode\n|-supereffective|p1a: Electrode\n|-damage|p1a: Electrode|0 fnt\n|faint|p1a: Electrode\n|\n|-weather|SunnyDay|[upkeep]\n|-heal|p2a: Venusaur|66\/100|[from] item: Leftovers\n|upkeep\n|\n|t:|1700978019\n|switch|p1a: Ditto|Ditto|100\/100\n|-transform|p1a: Ditto|p2b: Charizard|[from] ability: Imposter\n|turn|11\n|-message|kevthechamp forfeited.\n|\n|win|Kakurega\n|l|\u2606kevthechamp\n|l|\u2606Kakurega\n|l| GameBro180\n","uploadtime":1700978207,"views":27,"p1id":"kakurega","p2id":"kevthechamp","formatid":"gen9nationaldexdoubles","rating":0,"private":0,"password":""}