{"id":"gen9nationaldexdoubles-1959798773","p1":"PopokoYa","p2":"StevenStoneForReal","format":"[Gen 9] National Dex Doubles","log":"|j|\u203dPopokoYa\n|j|\u2606StevenStoneForReal\n|t:|1696456422\n|gametype|doubles\n|player|p1|PopokoYa|pokekid|1189\n|player|p2|StevenStoneForReal|1|1140\n|teamsize|p1|6\n|teamsize|p2|6\n|gen|9\n|tier|[Gen 9] National Dex Doubles\n|rated|\n|rule|HP Percentage Mod: HP is shown in percentages\n|rule|Endless Battle Clause: Forcing endless battles is banned\n|rule|OHKO Clause: OHKO moves are banned\n|rule|Evasion Moves Clause: Evasion moves are banned\n|rule|Evasion Abilities Clause: Evasion abilities are banned\n|rule|Species Clause: Limit one of each Pok\u00e9mon\n|rule|Gravity Sleep Clause: The combination of sleep-inducing moves with imperfect accuracy and Gravity or Gigantamax Orbeetle are banned\n|clearpoke\n|poke|p1|Sableye, M|\n|poke|p1|Flamigo, F|\n|poke|p1|Meowscarada, M|\n|poke|p1|Indeedee-F, F|\n|poke|p1|Hatterene, F|\n|poke|p1|Krookodile, M|\n|poke|p2|Mawile, M|\n|poke|p2|Goodra, M|\n|poke|p2|Sceptile, M|\n|poke|p2|Ninetales, F|\n|poke|p2|Landorus-Therian, M|\n|poke|p2|Flutter Mane|\n|teampreview\n|inactive|Battle timer is ON: inactive players will automatically lose when time's up. (requested by PopokoYa)\n|\n|t:|1696456433\n|start\n|switch|p1a: Meowscarada|Meowscarada, M|100\/100\n|switch|p1b: Krookodile|Krookodile, M|100\/100\n|switch|p2a: Ninetales|Ninetales, F, shiny|100\/100\n|switch|p2b: Sceptile|Sceptile, M|100\/100\n|-weather|SunnyDay|[from] ability: Drought|[of] p2a: Ninetales\n|turn|1\n|\n|t:|1696456449\n|-terastallize|p1b: Krookodile|Fire\n|move|p1a: Meowscarada|Flower Trick|p1b: Krookodile\n|-resisted|p1b: Krookodile\n|-crit|p1b: Krookodile\n|-damage|p1b: Krookodile|77\/100\n|-setboost|p1b: Krookodile|atk|6|[from] ability: Anger Point\n|move|p2b: Sceptile|Solar Blade||[still]\n|-prepare|p2b: Sceptile|Solar Blade\n|-anim|p2b: Sceptile|Solar Blade|p1b: Krookodile\n|-resisted|p1b: Krookodile\n|-damage|p1b: Krookodile|45\/100\n|move|p1b: Krookodile|Earthquake|p2a: Ninetales|[spread] p1a,p2a,p2b\n|-resisted|p1a: Meowscarada\n|-supereffective|p2a: Ninetales\n|-resisted|p2b: Sceptile\n|-damage|p1a: Meowscarada|11\/100\n|-damage|p2a: Ninetales|0 fnt\n|-enditem|p2b: Sceptile|Focus Sash\n|-damage|p2b: Sceptile|1\/100\n|faint|p2a: Ninetales\n|\n|-weather|SunnyDay|[upkeep]\n|upkeep\n|inactive|StevenStoneForReal has 120 seconds left.\n|\n|t:|1696456473\n|switch|p2a: Landorus|Landorus-Therian, M|100\/100\n|-ability|p2a: Landorus|Intimidate|boost\n|-unboost|p1a: Meowscarada|atk|1\n|-unboost|p1b: Krookodile|atk|1\n|turn|2\n|inactive|StevenStoneForReal has 120 seconds left.\n|\n|t:|1696456501\n|switch|p2b: Goodra|Goodra, M, shiny|100\/100\n|move|p1b: Krookodile|Protect|p1b: Krookodile\n|-singleturn|p1b: Krookodile|Protect\n|move|p1a: Meowscarada|Flower Trick|p2b: Goodra\n|-ability|p2b: Goodra|Sap Sipper|boost\n|-boost|p2b: Goodra|atk|1\n|move|p2a: Landorus|U-turn|p1a: Meowscarada\n|-supereffective|p1a: Meowscarada\n|-damage|p1a: Meowscarada|0 fnt\n|faint|p1a: Meowscarada\n|inactive|StevenStoneForReal has 120 seconds left.\n|\n|t:|1696456518\n|switch|p2a: Sceptile|Sceptile, M|1\/100|[from] U-turn\n|\n|-weather|SunnyDay|[upkeep]\n|upkeep\n|\n|t:|1696456528\n|switch|p1a: Indeedee|Indeedee-F, F, shiny|100\/100\n|-fieldstart|move: Psychic Terrain|[from] ability: Psychic Surge|[of] p1a: Indeedee\n|turn|3\n|\n|t:|1696456537\n|move|p1a: Indeedee|Follow Me|p1a: Indeedee\n|-singleturn|p1a: Indeedee|move: Follow Me\n|move|p2a: Sceptile|Drain Punch|p1a: Indeedee\n|-damage|p1a: Indeedee|64\/100\n|-heal|p2a: Sceptile|19\/100|[from] drain|[of] p1a: Indeedee\n|move|p1b: Krookodile|Earthquake|p2a: Sceptile|[spread] p1a,p2a,p2b\n|-resisted|p2a: Sceptile\n|-damage|p1a: Indeedee|0 fnt\n|-damage|p2a: Sceptile|0 fnt\n|-damage|p2b: Goodra|0 fnt\n|faint|p1a: Indeedee\n|faint|p2a: Sceptile\n|faint|p2b: Goodra\n|\n|-weather|SunnyDay|[upkeep]\n|upkeep\n|\n|t:|1696456557\n|switch|p2a: Landorus|Landorus-Therian, M|100\/100\n|switch|p1a: Flamigo|Flamigo, F, shiny|100\/100\n|switch|p2b: Flutter Mane|Flutter Mane|100\/100\n|-ability|p2a: Landorus|Intimidate|boost\n|-unboost|p1a: Flamigo|atk|1\n|-unboost|p1b: Krookodile|atk|1\n|-activate|p2b: Flutter Mane|ability: Protosynthesis\n|-start|p2b: Flutter Mane|protosynthesisspe\n|-copyboost|p1a: Flamigo|p1b: Krookodile|[from] ability: Costar\n|turn|4\n|\n|t:|1696456584\n|move|p1b: Krookodile|Protect|p1b: Krookodile\n|-singleturn|p1b: Krookodile|Protect\n|move|p2b: Flutter Mane|Psyshock|p1b: Krookodile\n|-activate|p1b: Krookodile|move: Protect\n|move|p2a: Landorus|Stone Edge|p1a: Flamigo\n|-crit|p1a: Flamigo\n|-damage|p1a: Flamigo|18\/100\n|move|p1a: Flamigo|Tailwind|p1a: Flamigo\n|-sidestart|p1: PopokoYa|move: Tailwind\n|\n|-weather|SunnyDay|[upkeep]\n|upkeep\n|turn|5\n|\n|t:|1696456602\n|move|p1b: Krookodile|Rock Slide|p2b: Flutter Mane|[spread] p2a,p2b\n|-damage|p2a: Landorus|32\/100\n|-damage|p2b: Flutter Mane|0 fnt\n|faint|p2b: Flutter Mane\n|-end|p2b: Flutter Mane|Protosynthesis|[silent]\n|move|p1a: Flamigo|Acrobatics|p2a: Landorus\n|-damage|p2a: Landorus|0 fnt\n|faint|p2a: Landorus\n|\n|-weather|SunnyDay|[upkeep]\n|upkeep\n|\n|t:|1696456615\n|switch|p2a: Mawile|Mawile, M|100\/100\n|-ability|p2a: Mawile|Intimidate|boost\n|-unboost|p1a: Flamigo|atk|1\n|-unboost|p1b: Krookodile|atk|1\n|turn|6\n|\n|t:|1696456621\n|detailschange|p2a: Mawile|Mawile-Mega, M\n|-mega|p2a: Mawile|Mawile|Mawilite\n|move|p2a: Mawile|Sucker Punch|p1b: Krookodile\n|-activate|p1b: Krookodile|move: Psychic Terrain\n|move|p1b: Krookodile|Earthquake|p2a: Mawile|[spread] p2a\n|-immune|p1a: Flamigo\n|-supereffective|p2a: Mawile\n|-damage|p2a: Mawile|0 fnt\n|faint|p2a: Mawile\n|\n|win|PopokoYa\n|raw|PopokoYa's rating: 1189 &rarr; <strong>1210<\/strong><br \/>(+21 for winning)\n|raw|StevenStoneForReal's rating: 1140 &rarr; <strong>1119<\/strong><br \/>(-21 for losing)\n","uploadtime":1696456633,"views":10,"p1id":"popokoya","p2id":"stevenstoneforreal","formatid":"gen9nationaldexdoubles","rating":1119,"private":0,"password":""}