{"id":"gen9nationaldexdoubles-1952285254","p1":"Alnamir","p2":"Penguin Stylez","format":"[Gen 9] National Dex Doubles","log":"|j|\u2606Alnamir\n|j|\u2606Penguin Stylez\n|t:|1695670954\n|gametype|doubles\n|player|p1|Alnamir|ash|1108\n|player|p2|Penguin Stylez|170|1080\n|teamsize|p1|6\n|teamsize|p2|6\n|gen|9\n|tier|[Gen 9] National Dex Doubles\n|rated|\n|rule|HP Percentage Mod: HP is shown in percentages\n|rule|Endless Battle Clause: Forcing endless battles is banned\n|rule|OHKO Clause: OHKO moves are banned\n|rule|Evasion Moves Clause: Evasion moves are banned\n|rule|Evasion Abilities Clause: Evasion abilities are banned\n|rule|Species Clause: Limit one of each Pok\u00e9mon\n|rule|Gravity Sleep Clause: The combination of sleep-inducing moves with imperfect accuracy and Gravity or Gigantamax Orbeetle are banned\n|clearpoke\n|poke|p1|Tornadus, M|\n|poke|p1|Charizard, M|\n|poke|p1|Kommo-o, M|\n|poke|p1|Maushold|\n|poke|p1|Flamigo, M|\n|poke|p1|Great Tusk|\n|poke|p2|Raticate, M|\n|poke|p2|Sinistcha|\n|poke|p2|Dragonite, F|\n|poke|p2|Amoonguss, M|\n|poke|p2|Crawdaunt, F|\n|poke|p2|Indeedee-F, F|\n|teampreview\n|\n|t:|1695670968\n|start\n|switch|p1a: Tornadus|Tornadus, M|100\/100\n|switch|p1b: Charizard|Charizard, M|100\/100\n|switch|p2a: Raticate|Raticate, M|100\/100\n|switch|p2b: Dragonite|Dragonite, F|100\/100\n|turn|1\n|\n|t:|1695670987\n|detailschange|p1b: Charizard|Charizard-Mega-Y, M\n|-mega|p1b: Charizard|Charizard|Charizardite Y\n|-weather|SunnyDay|[from] ability: Drought|[of] p1b: Charizard\n|move|p1a: Tornadus|Tailwind|p1a: Tornadus\n|-sidestart|p1: Alnamir|move: Tailwind\n|move|p1b: Charizard|Heat Wave|p2a: Raticate|[spread] p2a,p2b\n|-crit|p2a: Raticate\n|-resisted|p2b: Dragonite\n|-enditem|p2a: Raticate|Focus Sash\n|-damage|p2a: Raticate|1\/100\n|-damage|p2b: Dragonite|83\/100\n|move|p2b: Dragonite|Dragon Dance|p2b: Dragonite\n|-boost|p2b: Dragonite|atk|1\n|-boost|p2b: Dragonite|spe|1\n|move|p2a: Raticate|Endeavor|p1b: Charizard\n|-damage|p1b: Charizard|1\/100\n|\n|-weather|SunnyDay|[upkeep]\n|upkeep\n|turn|2\n|\n|t:|1695671012\n|move|p1b: Charizard|Protect|p1b: Charizard\n|-singleturn|p1b: Charizard|Protect\n|move|p1a: Tornadus|Bleakwind Storm|p2a: Raticate|[spread] p2a\n|-miss|p1a: Tornadus|p2b: Dragonite\n|-damage|p2a: Raticate|0 fnt\n|faint|p2a: Raticate\n|move|p2b: Dragonite|Dragon Dance|p2b: Dragonite\n|-boost|p2b: Dragonite|atk|1\n|-boost|p2b: Dragonite|spe|1\n|\n|-weather|SunnyDay|[upkeep]\n|upkeep\n|\n|t:|1695671036\n|switch|p2a: Sinistcha|Sinistcha|100\/100\n|-heal|p2b: Dragonite|100\/100|[from] ability: Hospitality|[of] p2a: Sinistcha\n|turn|3\n|\n|t:|1695671064\n|switch|p1a: Kommo-o|Kommo-o, M|100\/100\n|switch|p2a: Crawdaunt|Crawdaunt, F|100\/100\n|move|p1b: Charizard|Heat Wave|p2b: Dragonite|[spread] p2a,p2b\n|-resisted|p2a: Crawdaunt\n|-resisted|p2b: Dragonite\n|-damage|p2a: Crawdaunt|44\/100\n|-damage|p2b: Dragonite|81\/100\n|-status|p2b: Dragonite|brn\n|move|p2b: Dragonite|Dragon Dance|p2b: Dragonite\n|-boost|p2b: Dragonite|atk|1\n|-boost|p2b: Dragonite|spe|1\n|\n|-weather|SunnyDay|[upkeep]\n|-damage|p2b: Dragonite|75\/100 brn|[from] brn\n|upkeep\n|turn|4\n|\n|t:|1695671087\n|move|p2a: Crawdaunt|Aqua Jet|p1b: Charizard\n|-supereffective|p1b: Charizard\n|-damage|p1b: Charizard|0 fnt\n|faint|p1b: Charizard\n|-damage|p2a: Crawdaunt|34\/100|[from] item: Life Orb\n|move|p2b: Dragonite|Outrage|p1a: Kommo-o\n|-supereffective|p1a: Kommo-o\n|-damage|p1a: Kommo-o|0 fnt\n|faint|p1a: Kommo-o\n|\n|-weather|SunnyDay|[upkeep]\n|-damage|p2b: Dragonite|69\/100 brn|[from] brn\n|-sideend|p1: Alnamir|move: Tailwind\n|upkeep\n|\n|t:|1695671113\n|switch|p1b: Tornadus|Tornadus, M|100\/100\n|switch|p1a: Great Tusk|Great Tusk|100\/100\n|-activate|p1a: Great Tusk|ability: Protosynthesis\n|-start|p1a: Great Tusk|protosynthesisatk\n|turn|5\n|-message|Alnamir forfeited.\n|\n|win|Penguin Stylez\n|raw|Alnamir's rating: 1108 &rarr; <strong>1081<\/strong><br \/>(-27 for losing)\n|raw|Penguin Stylez's rating: 1080 &rarr; <strong>1110<\/strong><br \/>(+30 for winning)\n|l|\u2606Alnamir\n","uploadtime":1695671131,"views":7,"p1id":"alnamir","p2id":"penguinstylez","formatid":"gen9nationaldexdoubles","rating":1081,"private":0,"password":""}