{"id":"gen9nationaldexdoubles-1970728321","p1":"gonegeb","p2":"Wherley2","format":"[Gen 9] National Dex Doubles","log":"|j|\u2606gonegeb\n|j|\u2606Wherley2\n|t:|1697661709\n|gametype|doubles\n|player|p1|gonegeb|alain|1000\n|player|p2|Wherley2|clay|1072\n|teamsize|p1|6\n|teamsize|p2|6\n|gen|9\n|tier|[Gen 9] National Dex Doubles\n|rated|\n|rule|HP Percentage Mod: HP is shown in percentages\n|rule|Endless Battle Clause: Forcing endless battles is banned\n|rule|OHKO Clause: OHKO moves are banned\n|rule|Evasion Moves Clause: Evasion moves are banned\n|rule|Evasion Abilities Clause: Evasion abilities are banned\n|rule|Species Clause: Limit one of each Pok\u00e9mon\n|rule|Gravity Sleep Clause: The combination of sleep-inducing moves with imperfect accuracy and Gravity or Gigantamax Orbeetle are banned\n|clearpoke\n|poke|p1|Lucario, M|\n|poke|p1|Umbreon, M|\n|poke|p1|Arcanine, F|\n|poke|p1|Ursaluna-Bloodmoon, M|\n|poke|p1|Ceruledge, M|\n|poke|p1|Maushold|\n|poke|p2|Sandy Shocks|\n|poke|p2|Tinkaton, F|\n|poke|p2|Articuno-Galar|\n|poke|p2|Gothitelle, F|\n|poke|p2|Chien-Pao|\n|poke|p2|Hariyama, F|\n|teampreview\n|\n|t:|1697661726\n|start\n|switch|p1a: Bloodborne|Ursaluna-Bloodmoon, M|100\/100\n|switch|p1b: Howlite|Maushold|100\/100\n|switch|p2a: Tinkaton|Tinkaton, F|100\/100\n|switch|p2b: Hariyama|Hariyama, F|100\/100\n|-ability|p2a: Tinkaton|Mold Breaker\n|turn|1\n|\n|t:|1697661759\n|move|p2a: Tinkaton|Fake Out|p1a: Bloodborne\n|-damage|p1a: Bloodborne|94\/100\n|move|p1b: Howlite|Follow Me|p1b: Howlite\n|-singleturn|p1b: Howlite|move: Follow Me\n|cant|p1a: Bloodborne|flinch\n|move|p2b: Hariyama|Close Combat|p1b: Howlite\n|-supereffective|p1b: Howlite\n|-damage|p1b: Howlite|0 fnt\n|-unboost|p2b: Hariyama|def|1\n|-unboost|p2b: Hariyama|spd|1\n|faint|p1b: Howlite\n|\n|-status|p2b: Hariyama|brn|[from] item: Flame Orb\n|upkeep\n|\n|t:|1697661775\n|switch|p1b: Pryna|Arcanine, F, shiny|100\/100\n|-ability|p1b: Pryna|Intimidate|boost\n|-unboost|p2a: Tinkaton|atk|1\n|-unboost|p2b: Hariyama|atk|1\n|turn|2\n|inactive|Battle timer is ON: inactive players will automatically lose when time's up. (requested by Wherley2)\n|\n|t:|1697661828\n|switch|p2b: Gothitelle|Gothitelle, F|100\/100\n|move|p2a: Tinkaton|Gigaton Hammer|p1a: Bloodborne\n|-damage|p1a: Bloodborne|66\/100\n|move|p1b: Pryna|Flare Blitz|p2a: Tinkaton\n|-supereffective|p2a: Tinkaton\n|-damage|p2a: Tinkaton|0 fnt\n|faint|p2a: Tinkaton\n|-damage|p1b: Pryna|74\/100|[from] Recoil\n|move|p1a: Bloodborne|Hyper Voice|p2b: Gothitelle\n|-damage|p2b: Gothitelle|49\/100\n|-enditem|p1a: Bloodborne|Throat Spray\n|-boost|p1a: Bloodborne|spa|1|[from] item: Throat Spray\n|\n|upkeep\n|\n|t:|1697661849\n|switch|p2a: Sandy Shocks|Sandy Shocks|100\/100\n|-enditem|p2a: Sandy Shocks|Booster Energy\n|-activate|p2a: Sandy Shocks|ability: Protosynthesis|[fromitem]\n|-start|p2a: Sandy Shocks|protosynthesisspe\n|turn|3\n|\n|t:|1697661876\n|move|p2a: Sandy Shocks|Earthquake|p1a: Bloodborne|[spread] p2b,p1a,p1b\n|-supereffective|p1b: Pryna\n|-damage|p2b: Gothitelle|27\/100\n|-damage|p1a: Bloodborne|51\/100\n|-damage|p1b: Pryna|39\/100\n|move|p1b: Pryna|Morning Sun|p1b: Pryna\n|-heal|p1b: Pryna|89\/100\n|move|p2b: Gothitelle|Psyshock|p1b: Pryna\n|-damage|p1b: Pryna|44\/100\n|move|p1a: Bloodborne|Hyper Voice|p2a: Sandy Shocks|[spread] p2a,p2b\n|-damage|p2a: Sandy Shocks|26\/100\n|-damage|p2b: Gothitelle|0 fnt\n|faint|p2b: Gothitelle\n|\n|upkeep\n|\n|t:|1697661882\n|switch|p2b: Hariyama|Hariyama, F|100\/100 brn\n|turn|4\n|\n|t:|1697661905\n|move|p1a: Bloodborne|Protect|p1a: Bloodborne\n|-singleturn|p1a: Bloodborne|Protect\n|move|p2b: Hariyama|Fake Out|p1b: Pryna\n|-damage|p1b: Pryna|24\/100\n|-enditem|p1b: Pryna|Iapapa Berry|[eat]\n|-heal|p1b: Pryna|58\/100|[from] item: Iapapa Berry\n|move|p2a: Sandy Shocks|Earthquake|p1a: Bloodborne|[spread] p2b,p1b\n|-activate|p1a: Bloodborne|move: Protect\n|-supereffective|p1b: Pryna\n|-damage|p2b: Hariyama|77\/100 brn\n|-damage|p1b: Pryna|21\/100\n|cant|p1b: Pryna|flinch\n|\n|-damage|p2b: Hariyama|71\/100 brn|[from] brn\n|upkeep\n|turn|5\n|\n|t:|1697661933\n|switch|p1b: Umbra|Umbreon, M, shiny|100\/100\n|move|p2b: Hariyama|Fake Out||[still]\n|-hint|Fake Out only works on your first turn out.\n|-fail|p2b: Hariyama\n|move|p2a: Sandy Shocks|Earthquake|p1b: Umbra|[spread] p2b,p1a,p1b\n|-crit|p2b: Hariyama\n|-damage|p2b: Hariyama|36\/100 brn\n|-damage|p1a: Bloodborne|36\/100\n|-damage|p1b: Umbra|82\/100\n|move|p1a: Bloodborne|Hyper Voice|p2b: Hariyama|[spread] p2a,p2b\n|-damage|p2a: Sandy Shocks|0 fnt\n|-damage|p2b: Hariyama|0 fnt\n|faint|p2a: Sandy Shocks\n|-end|p2a: Sandy Shocks|Protosynthesis|[silent]\n|faint|p2b: Hariyama\n|\n|-heal|p1b: Umbra|88\/100|[from] item: Leftovers\n|upkeep\n|\n|t:|1697661943\n|switch|p2a: Chien-Pao|Chien-Pao|100\/100\n|switch|p2b: Articuno|Articuno-Galar|100\/100\n|-ability|p2a: Chien-Pao|Sword of Ruin\n|turn|6\n|c|\u2606gonegeb|?\n|\n|t:|1697661962\n|move|p2a: Chien-Pao|Ice Spinner|p1a: Bloodborne\n|-supereffective|p1a: Bloodborne\n|-damage|p1a: Bloodborne|0 fnt\n|faint|p1a: Bloodborne\n|move|p2b: Articuno|Calm Mind|p2b: Articuno\n|-boost|p2b: Articuno|spa|1\n|-boost|p2b: Articuno|spd|1\n|move|p1b: Umbra|Foul Play|p2b: Articuno\n|-supereffective|p2b: Articuno\n|-damage|p2b: Articuno|25\/100\n|-enditem|p2b: Articuno|Weakness Policy\n|-boost|p2b: Articuno|atk|2|[from] item: Weakness Policy\n|-boost|p2b: Articuno|spa|2|[from] item: Weakness Policy\n|\n|-heal|p1b: Umbra|94\/100|[from] item: Leftovers\n|upkeep\n|\n|t:|1697661981\n|switch|p1a: Anubis|Lucario, M|100\/100\n|turn|7\n|\n|t:|1697662000\n|-terastallize|p2b: Articuno|Psychic\n|-terastallize|p1a: Anubis|Normal\n|move|p1a: Anubis|Extreme Speed|p2b: Articuno\n|-damage|p2b: Articuno|0 fnt\n|faint|p2b: Articuno\n|move|p2a: Chien-Pao|Sacred Sword|p1a: Anubis\n|-supereffective|p1a: Anubis\n|-crit|p1a: Anubis\n|-enditem|p1a: Anubis|Focus Sash\n|-damage|p1a: Anubis|1\/100\n|move|p1b: Umbra|Yawn|p2a: Chien-Pao\n|-start|p2a: Chien-Pao|move: Yawn|[of] p1b: Umbra\n|\n|-heal|p1b: Umbra|99\/100|[from] item: Leftovers\n|upkeep\n|turn|8\n|\n|t:|1697662026\n|move|p1a: Anubis|Extreme Speed|p2a: Chien-Pao\n|-damage|p2a: Chien-Pao|49\/100\n|move|p2a: Chien-Pao|Ice Shard|p1a: Anubis\n|-damage|p1a: Anubis|0 fnt\n|faint|p1a: Anubis\n|move|p1b: Umbra|Foul Play|p2a: Chien-Pao\n|-resisted|p2a: Chien-Pao\n|-damage|p2a: Chien-Pao|16\/100\n|\n|-heal|p1b: Umbra|100\/100|[from] item: Leftovers\n|-end|p2a: Chien-Pao|move: Yawn|[silent]\n|-status|p2a: Chien-Pao|slp\n|upkeep\n|\n|t:|1697662036\n|switch|p1a: Pryna|Arcanine, F, shiny|21\/100\n|-ability|p1a: Pryna|Intimidate|boost\n|-unboost|p2a: Chien-Pao|atk|1\n|turn|9\n|c|\u2606gonegeb|gg\n|\n|t:|1697662046\n|move|p1b: Umbra|Protect|p1b: Umbra\n|-singleturn|p1b: Umbra|Protect\n|move|p1a: Pryna|Extreme Speed|p2a: Chien-Pao\n|-damage|p2a: Chien-Pao|0 fnt\n|faint|p2a: Chien-Pao\n|\n|win|gonegeb\n|raw|gonegeb's rating: 1000 &rarr; <strong>1048<\/strong><br \/>(+48 for winning)\n|raw|Wherley2's rating: 1072 &rarr; <strong>1047<\/strong><br \/>(-25 for losing)\n|l|\u2606Wherley2\n","uploadtime":1697662060,"views":10,"p1id":"gonegeb","p2id":"wherley2","formatid":"gen9nationaldexdoubles","rating":1047,"private":0,"password":""}