{"id":"gen9nationaldexdoubles-1960352361","p1":"Bradeni","p2":"DaveTheDino","format":"[Gen 9] National Dex Doubles","log":"|j|\u2606Bradeni\n|j|\u2606DaveTheDino\n|t:|1696519099\n|gametype|doubles\n|player|p1|Bradeni|dawn|\n|player|p2|DaveTheDino|266|\n|teamsize|p1|6\n|teamsize|p2|6\n|gen|9\n|tier|[Gen 9] National Dex Doubles\n|rule|HP Percentage Mod: HP is shown in percentages\n|rule|Endless Battle Clause: Forcing endless battles is banned\n|rule|OHKO Clause: OHKO moves are banned\n|rule|Evasion Moves Clause: Evasion moves are banned\n|rule|Evasion Abilities Clause: Evasion abilities are banned\n|rule|Species Clause: Limit one of each Pok\u00e9mon\n|rule|Gravity Sleep Clause: The combination of sleep-inducing moves with imperfect accuracy and Gravity or Gigantamax Orbeetle are banned\n|clearpoke\n|poke|p1|Seismitoad, M|\n|poke|p1|Spiritomb, F|\n|poke|p1|Togekiss, M|\n|poke|p1|Goodra-Hisui, M|\n|poke|p1|Cloyster, M|\n|poke|p1|Gardevoir, F|\n|poke|p2|Spiritomb, M|\n|poke|p2|Lucario, F|\n|poke|p2|Garchomp, M|\n|poke|p2|Togekiss, F|\n|poke|p2|Roserade, M|\n|poke|p2|Milotic, M|\n|teampreview\n|\n|t:|1696519116\n|start\n|switch|p1a: Cloyster|Cloyster, M, shiny|100\/100\n|switch|p1b: Brrrrr|Seismitoad, M|100\/100\n|switch|p2a: Roserade|Roserade, M|100\/100\n|switch|p2b: Lucario|Lucario, F|100\/100\n|turn|1\n|\n|t:|1696519155\n|move|p2a: Roserade|Energy Ball|p1b: Brrrrr\n|-supereffective|p1b: Brrrrr\n|-damage|p1b: Brrrrr|0 fnt\n|faint|p1b: Brrrrr\n|move|p2b: Lucario|Aura Sphere|p1a: Cloyster\n|-supereffective|p1a: Cloyster\n|-damage|p1a: Cloyster|0 fnt\n|faint|p1a: Cloyster\n|\n|upkeep\n|\n|t:|1696519167\n|switch|p1a: Goodra|Goodra-Hisui, M, shiny|100\/100\n|switch|p1b: LastResort|Togekiss, M, shiny|100\/100\n|turn|2\n|\n|t:|1696519185\n|switch|p2a: Milotic|Milotic, M|100\/100\n|move|p1b: LastResort|Future Sight|p2a: Milotic\n|-start|p1b: LastResort|move: Future Sight\n|move|p2b: Lucario|Aura Sphere|p1a: Goodra\n|-supereffective|p1a: Goodra\n|-damage|p1a: Goodra|49\/100\n|move|p1a: Goodra|Shelter|p1a: Goodra\n|-boost|p1a: Goodra|def|2\n|\n|upkeep\n|turn|3\n|\n|t:|1696519211\n|move|p1b: LastResort|Future Sight||[still]\n|-fail|p1b: LastResort\n|move|p2b: Lucario|Aura Sphere|p1a: Goodra\n|-supereffective|p1a: Goodra\n|-damage|p1a: Goodra|3\/100\n|move|p1a: Goodra|Body Press|p2b: Lucario\n|-supereffective|p2b: Lucario\n|-enditem|p2b: Lucario|Focus Sash\n|-damage|p2b: Lucario|1\/100\n|move|p2a: Milotic|Mirror Coat||[still]\n|-fail|p2a: Milotic\n|\n|upkeep\n|turn|4\n|\n|t:|1696519243\n|switch|p1b: Mother Dearest|Gardevoir, F, shiny|100\/100\n|-ability|p1b: Mother Dearest|Marvel Scale|[from] ability: Trace|[of] p2a: Milotic\n|switch|p1a: MyExes|Spiritomb, F, shiny|100\/100\n|-item|p1a: MyExes|Air Balloon\n|move|p2b: Lucario|Aura Sphere|p1a: MyExes\n|-immune|p1a: MyExes\n|move|p2a: Milotic|Ice Beam|p1b: Mother Dearest\n|-damage|p1b: Mother Dearest|77\/100\n|-status|p1b: Mother Dearest|frz\n|\n|-end|p2a: Milotic|move: Future Sight\n|-damage|p2a: Milotic|73\/100\n|-heal|p2a: Milotic|79\/100|[from] item: Leftovers\n|upkeep\n|turn|5\n|inactive|Battle timer is ON: inactive players will automatically lose when time's up. (requested by Bradeni)\n|\n|t:|1696519301\n|move|p2b: Lucario|Aura Sphere|p1b: Mother Dearest\n|-resisted|p1b: Mother Dearest\n|-damage|p1b: Mother Dearest|68\/100 frz\n|move|p2a: Milotic|Scald|p1a: MyExes\n|-damage|p1a: MyExes|65\/100\n|-enditem|p1a: MyExes|Air Balloon\n|cant|p1b: Mother Dearest|frz\n|move|p1a: MyExes|Dark Pulse|p2b: Lucario\n|-resisted|p2b: Lucario\n|-damage|p2b: Lucario|0 fnt\n|faint|p2b: Lucario\n|\n|-heal|p2a: Milotic|85\/100|[from] item: Leftovers\n|upkeep\n|\n|t:|1696519320\n|switch|p2b: Togekiss|Togekiss, F|100\/100\n|turn|6\n|inactive|Bradeni has 270 seconds left.\n|\n|t:|1696519353\n|move|p2b: Togekiss|Air Slash|p1a: MyExes\n|-damage|p1a: MyExes|28\/100\n|move|p2a: Milotic|Ice Beam|p1b: Mother Dearest\n|-damage|p1b: Mother Dearest|46\/100 frz\n|-enditem|p1b: Mother Dearest|Sitrus Berry|[eat]\n|-heal|p1b: Mother Dearest|71\/100 frz|[from] item: Sitrus Berry\n|cant|p1b: Mother Dearest|frz\n|cant|p1a: MyExes|flinch\n|\n|-heal|p2a: Milotic|91\/100|[from] item: Leftovers\n|upkeep\n|turn|7\n|\n|t:|1696519370\n|move|p2b: Togekiss|Air Slash|p1a: MyExes\n|-damage|p1a: MyExes|0 fnt\n|faint|p1a: MyExes\n|move|p2a: Milotic|Ice Beam|p1b: Mother Dearest\n|-damage|p1b: Mother Dearest|46\/100 frz\n|-curestatus|p1b: Mother Dearest|frz|[msg]\n|move|p1b: Mother Dearest|Mystical Fire|p2a: Milotic\n|-resisted|p2a: Milotic\n|-damage|p2a: Milotic|82\/100\n|-unboost|p2a: Milotic|spa|1\n|\n|-heal|p2a: Milotic|88\/100|[from] item: Leftovers\n|upkeep\n|\n|t:|1696519383\n|switch|p1a: LastResort|Togekiss, M, shiny|100\/100\n|turn|8\n|\n|t:|1696519400\n|move|p1a: LastResort|Future Sight|p2b: Togekiss\n|-start|p1a: LastResort|move: Future Sight\n|move|p2b: Togekiss|Air Slash|p1b: Mother Dearest\n|-damage|p1b: Mother Dearest|10\/100\n|move|p2a: Milotic|Ice Beam|p1a: LastResort\n|-supereffective|p1a: LastResort\n|-damage|p1a: LastResort|73\/100\n|cant|p1b: Mother Dearest|flinch\n|\n|-heal|p2a: Milotic|94\/100|[from] item: Leftovers\n|upkeep\n|turn|9\n|\n|t:|1696519427\n|move|p1a: LastResort|Future Sight||[still]\n|-fail|p1a: LastResort\n|move|p2b: Togekiss|Air Slash|p1b: Mother Dearest\n|-damage|p1b: Mother Dearest|0 fnt\n|faint|p1b: Mother Dearest\n|move|p2a: Milotic|Ice Beam|p1a: LastResort\n|-supereffective|p1a: LastResort\n|-damage|p1a: LastResort|42\/100\n|\n|-heal|p2a: Milotic|100\/100|[from] item: Leftovers\n|upkeep\n|\n|t:|1696519437\n|switch|p1b: Goodra|Goodra-Hisui, M, shiny|3\/100\n|turn|10\n|\n|t:|1696519457\n|move|p2b: Togekiss|Air Slash|p1b: Goodra\n|-resisted|p1b: Goodra\n|-damage|p1b: Goodra|0 fnt\n|faint|p1b: Goodra\n|move|p1a: LastResort|Future Sight|p2a: Milotic\n|-start|p1a: LastResort|move: Future Sight\n|move|p2a: Milotic|Ice Beam|p1a: LastResort\n|-supereffective|p1a: LastResort\n|-damage|p1a: LastResort|15\/100\n|-status|p1a: LastResort|frz\n|\n|-end|p2b: Togekiss|move: Future Sight\n|-damage|p2b: Togekiss|69\/100\n|upkeep\n|turn|11\n|\n|t:|1696519471\n|move|p2b: Togekiss|Air Slash|p1a: LastResort\n|-damage|p1a: LastResort|0 fnt\n|faint|p1a: LastResort\n|\n|win|DaveTheDino\n|l|\u2606Bradeni\n","uploadtime":1696519507,"views":20,"p1id":"bradeni","p2id":"davethedino","formatid":"gen9nationaldexdoubles","rating":0,"private":0,"password":""}