{"id":"gen9nationaldexdoubles-1956626686","p1":"patrickthisisnt","p2":"DrakeTamer63","format":"[Gen 9] National Dex Doubles","log":"|j|\u2606patrickthisisnt\n|j|\u2606DrakeTamer63\n|t:|1696128152\n|gametype|doubles\n|player|p1|patrickthisisnt|170|1000\n|player|p2|DrakeTamer63|brycenman|1040\n|teamsize|p1|6\n|teamsize|p2|6\n|gen|9\n|tier|[Gen 9] National Dex Doubles\n|rated|\n|rule|HP Percentage Mod: HP is shown in percentages\n|rule|Endless Battle Clause: Forcing endless battles is banned\n|rule|OHKO Clause: OHKO moves are banned\n|rule|Evasion Moves Clause: Evasion moves are banned\n|rule|Evasion Abilities Clause: Evasion abilities are banned\n|rule|Species Clause: Limit one of each Pok\u00e9mon\n|rule|Gravity Sleep Clause: The combination of sleep-inducing moves with imperfect accuracy and Gravity or Gigantamax Orbeetle are banned\n|clearpoke\n|poke|p1|Heracross, M|\n|poke|p1|Medicham, M|\n|poke|p1|Sableye, F|\n|poke|p1|Conkeldurr, M|\n|poke|p1|Snorlax, F|\n|poke|p1|Lucario, M|\n|poke|p2|Heracross, F|\n|poke|p2|Tornadus, M|\n|poke|p2|Brambleghast, F|\n|poke|p2|Fezandipiti, M|\n|poke|p2|Ogerpon-Wellspring, F|\n|poke|p2|Gliscor, M|\n|teampreview\n|inactive|Battle timer is ON: inactive players will automatically lose when time's up. (requested by DrakeTamer63)\n|\n|t:|1696128157\n|start\n|switch|p1a: Snorlax|Snorlax, F|100\/100\n|switch|p1b: Lucario|Lucario, M|100\/100\n|switch|p2a: Tornadus|Tornadus, M, shiny|100\/100\n|switch|p2b: Fezandipiti|Fezandipiti, M|100\/100\n|turn|1\n|\n|t:|1696128174\n|move|p2a: Tornadus|Tailwind|p2a: Tornadus\n|-sidestart|p2: DrakeTamer63|move: Tailwind\n|move|p2b: Fezandipiti|Heat Wave|p1b: Lucario|[spread] p1a,p1b\n|-crit|p1a: Snorlax\n|-supereffective|p1b: Lucario\n|-damage|p1a: Snorlax|88\/100\n|-damage|p1b: Lucario|51\/100\n|move|p1a: Snorlax|Belly Drum|p1a: Snorlax\n|-damage|p1a: Snorlax|38\/100\n|-setboost|p1a: Snorlax|atk|6|[from] move: Belly Drum\n|-enditem|p1a: Snorlax|Aguav Berry|[eat]\n|-heal|p1a: Snorlax|72\/100|[from] item: Aguav Berry\n|move|p1b: Lucario|Roar|p2a: Tornadus\n|drag|p2a: Brambleghast|Brambleghast, F, shiny|100\/100\n|-ability|p2a: Brambleghast|Wind Rider|boost\n|-boost|p2a: Brambleghast|atk|1\n|\n|upkeep\n|turn|2\n|\n|t:|1696128196\n|switch|p1b: Heracross|Heracross, M|100\/100\n|move|p2a: Brambleghast|Strength Sap|p1a: Snorlax\n|-unboost|p1a: Snorlax|atk|1\n|move|p2b: Fezandipiti|Heat Wave|p1b: Heracross|[spread] p1a,p1b\n|-supereffective|p1b: Heracross\n|-damage|p1a: Snorlax|63\/100\n|-damage|p1b: Heracross|62\/100\n|move|p1a: Snorlax|Earthquake|p2a: Brambleghast|[spread] p1b,p2a,p2b\n|-resisted|p1b: Heracross\n|-crit|p1b: Heracross\n|-resisted|p2a: Brambleghast\n|-supereffective|p2b: Fezandipiti\n|-damage|p1b: Heracross|0 fnt\n|-damage|p2a: Brambleghast|44\/100\n|-damage|p2b: Fezandipiti|0 fnt\n|faint|p1b: Heracross\n|faint|p2b: Fezandipiti\n|\n|upkeep\n|\n|t:|1696128224\n|switch|p1b: Lucario|Lucario, M|51\/100\n|switch|p2b: Heracross|Heracross, F, shiny|100\/100\n|turn|3\n|\n|t:|1696128233\n|detailschange|p2b: Heracross|Heracross-Mega, F, shiny\n|-mega|p2b: Heracross|Heracross|Heracronite\n|move|p1b: Lucario|Follow Me|p1b: Lucario\n|-singleturn|p1b: Lucario|move: Follow Me\n|move|p2a: Brambleghast|Strength Sap|p1b: Lucario\n|-unboost|p1b: Lucario|atk|1\n|-heal|p2a: Brambleghast|100\/100\n|move|p2b: Heracross|Arm Thrust|p1b: Lucario\n|-supereffective|p1b: Lucario\n|-damage|p1b: Lucario|17\/100\n|-supereffective|p1b: Lucario\n|-damage|p1b: Lucario|0 fnt\n|faint|p1b: Lucario\n|-hitcount|p1: Lucario|2\n|move|p1a: Snorlax|Body Slam|p2b: Heracross\n|-damage|p2b: Heracross|7\/100\n|-status|p2b: Heracross|par\n|\n|upkeep\n|\n|t:|1696128258\n|switch|p1b: Sableye|Sableye, F|100\/100\n|turn|4\n|\n|t:|1696128269\n|move|p2a: Brambleghast|Phantom Force||[still]\n|-prepare|p2a: Brambleghast|Phantom Force\n|move|p1b: Sableye|Knock Off|p2a: Brambleghast|[miss]\n|-miss|p1b: Sableye|p2a: Brambleghast\n|move|p2b: Heracross|Arm Thrust|p1a: Snorlax\n|-supereffective|p1a: Snorlax\n|-damage|p1a: Snorlax|41\/100\n|-supereffective|p1a: Snorlax\n|-damage|p1a: Snorlax|19\/100\n|-supereffective|p1a: Snorlax\n|-damage|p1a: Snorlax|0 fnt\n|faint|p1a: Snorlax\n|-hitcount|p1: Snorlax|3\n|\n|-sideend|p2: DrakeTamer63|move: Tailwind\n|upkeep\n|\n|t:|1696128283\n|switch|p1a: Conkeldurr|Conkeldurr, M|100\/100\n|turn|5\n|\n|t:|1696128299\n|switch|p2b: Gliscor|Gliscor, M, shiny|100\/100\n|move|p2a: Brambleghast|Phantom Force|p1b: Sableye|[from]lockedmove\n|-enditem|p1b: Sableye|Focus Sash\n|-damage|p1b: Sableye|1\/100\n|move|p1b: Sableye|Knock Off|p2a: Brambleghast\n|-supereffective|p2a: Brambleghast\n|-damage|p2a: Brambleghast|0 fnt\n|-enditem|p2a: Brambleghast|Clear Amulet|[from] move: Knock Off|[of] p1b: Sableye\n|faint|p2a: Brambleghast\n|move|p1a: Conkeldurr|Power-Up Punch|p2b: Gliscor\n|-resisted|p2b: Gliscor\n|-damage|p2b: Gliscor|92\/100\n|-boost|p1a: Conkeldurr|atk|1\n|\n|-status|p2b: Gliscor|tox|[from] item: Toxic Orb\n|upkeep\n|\n|t:|1696128312\n|switch|p2a: Tornadus|Tornadus, M, shiny|100\/100\n|turn|6\n|\n|t:|1696128335\n|move|p2a: Tornadus|Tailwind|p2a: Tornadus\n|-sidestart|p2: DrakeTamer63|move: Tailwind\n|move|p1b: Sableye|Thunder Wave|p2a: Tornadus\n|-status|p2a: Tornadus|par\n|move|p2b: Gliscor|Fling|p1a: Conkeldurr\n|-resisted|p1a: Conkeldurr\n|-damage|p1a: Conkeldurr|97\/100\n|-status|p1a: Conkeldurr|tox\n|-enditem|p2b: Gliscor|Toxic Orb|[from] move: Fling\n|move|p1a: Conkeldurr|Power-Up Punch|p2b: Gliscor\n|-resisted|p2b: Gliscor\n|-damage|p2b: Gliscor|72\/100 tox\n|-boost|p1a: Conkeldurr|atk|1\n|\n|-heal|p2b: Gliscor|84\/100 tox|[from] ability: Poison Heal\n|-damage|p1a: Conkeldurr|91\/100 tox|[from] psn\n|upkeep\n|turn|7\n|\n|t:|1696128364\n|move|p2b: Gliscor|Acrobatics|p1a: Conkeldurr\n|-supereffective|p1a: Conkeldurr\n|-damage|p1a: Conkeldurr|10\/100 tox\n|move|p2a: Tornadus|Bleakwind Storm|p1b: Sableye|[spread] p1a,p1b\n|-supereffective|p1a: Conkeldurr\n|-damage|p1a: Conkeldurr|0 fnt\n|-damage|p1b: Sableye|0 fnt\n|faint|p1a: Conkeldurr\n|faint|p1b: Sableye\n|\n|-heal|p2b: Gliscor|97\/100 tox|[from] ability: Poison Heal\n|upkeep\n|inactive|patrickthisisnt has 120 seconds left.\n|\n|t:|1696128378\n|switch|p1b: Medicham|Medicham, M|100\/100\n|turn|8\n|\n|t:|1696128389\n|-terastallize|p2b: Gliscor|Fairy\n|-terastallize|p1b: Medicham|Steel\n|move|p1b: Medicham|Bullet Punch|p2a: Tornadus\n|-damage|p2a: Tornadus|79\/100 par\n|move|p2b: Gliscor|Acrobatics|p1b: Medicham\n|-resisted|p1b: Medicham\n|-damage|p1b: Medicham|65\/100\n|move|p2a: Tornadus|Bleakwind Storm|p1b: Medicham\n|-resisted|p1b: Medicham\n|-damage|p1b: Medicham|38\/100\n|\n|-heal|p2b: Gliscor|100\/100 tox|[from] ability: Poison Heal\n|upkeep\n|turn|9\n|\n|t:|1696128407\n|switch|p2b: Ogerpon|Ogerpon-Wellspring, F|100\/100\n|move|p1b: Medicham|Bullet Punch|p2b: Ogerpon\n|-resisted|p2b: Ogerpon\n|-damage|p2b: Ogerpon|91\/100\n|cant|p2a: Tornadus|par\n|\n|-sideend|p2: DrakeTamer63|move: Tailwind\n|upkeep\n|turn|10\n|-message|patrickthisisnt forfeited.\n|\n|win|DrakeTamer63\n|raw|patrickthisisnt's rating: 1000 &rarr; <strong>1000<\/strong><br \/>(+0 for losing)\n|raw|DrakeTamer63's rating: 1040 &rarr; <strong>1070<\/strong><br \/>(+30 for winning)\n|l|\u2606patrickthisisnt\n","uploadtime":1696128418,"views":4,"p1id":"patrickthisisnt","p2id":"draketamer63","formatid":"gen9nationaldexdoubles","rating":1000,"private":0,"password":""}