{"id":"gen9nationaldexdoubles-1960248424","p1":"Golbur","p2":"CoffeeDrummer","format":"[Gen 9] National Dex Doubles","log":"|j|\u2606Golbur\n|j|\u2606CoffeeDrummer\n|t:|1696510585\n|gametype|doubles\n|player|p1|Golbur|roxie|1105\n|player|p2|CoffeeDrummer|bugcatcher-gen4dp|1030\n|teamsize|p1|6\n|teamsize|p2|6\n|gen|9\n|tier|[Gen 9] National Dex Doubles\n|rated|\n|rule|HP Percentage Mod: HP is shown in percentages\n|rule|Endless Battle Clause: Forcing endless battles is banned\n|rule|OHKO Clause: OHKO moves are banned\n|rule|Evasion Moves Clause: Evasion moves are banned\n|rule|Evasion Abilities Clause: Evasion abilities are banned\n|rule|Species Clause: Limit one of each Pok\u00e9mon\n|rule|Gravity Sleep Clause: The combination of sleep-inducing moves with imperfect accuracy and Gravity or Gigantamax Orbeetle are banned\n|clearpoke\n|poke|p1|Aromatisse, F|\n|poke|p1|Stakataka|\n|poke|p1|Torterra, F|\n|poke|p1|Vivillon-Elegant, F|\n|poke|p1|Grapploct, F|\n|poke|p1|Tsareena, F|\n|poke|p2|Golisopod, F|\n|poke|p2|Galvantula, M|\n|poke|p2|Buzzwole|\n|poke|p2|Ribombee, F|\n|poke|p2|Iron Moth|\n|poke|p2|Beedrill, F|\n|teampreview\n|inactive|Battle timer is ON: inactive players will automatically lose when time's up. (requested by Golbur)\n|\n|t:|1696510607\n|start\n|switch|p1a: Stakataka|Stakataka|100\/100\n|switch|p1b: Goopie|Torterra, F|100\/100\n|switch|p2a: Voltula|Galvantula, M|100\/100\n|switch|p2b: Tectass|Golisopod, F|100\/100\n|turn|1\n|\n|t:|1696510621\n|move|p2a: Voltula|Sticky Web|p1a: Stakataka\n|-sidestart|p1: Golbur|move: Sticky Web\n|move|p2b: Tectass|Spikes|p1b: Goopie\n|-sidestart|p1: Golbur|Spikes\n|move|p1b: Goopie|Stealth Rock|p2b: Tectass\n|-sidestart|p2: CoffeeDrummer|move: Stealth Rock\n|move|p1a: Stakataka|Trick Room|p1a: Stakataka\n|-fieldstart|move: Trick Room|[of] p1a: Stakataka\n|\n|upkeep\n|turn|2\n|\n|t:|1696510646\n|switch|p2a: Masskito|Buzzwole|100\/100\n|-damage|p2a: Masskito|88\/100|[from] Stealth Rock\n|move|p1a: Stakataka|Gyro Ball|p2a: Masskito\n|-damage|p2a: Masskito|32\/100\n|move|p1b: Goopie|Light Screen|p1b: Goopie\n|-sidestart|p1: Golbur|move: Light Screen\n|move|p2b: Tectass|Spikes|p1a: Stakataka\n|-sidestart|p1: Golbur|Spikes\n|\n|upkeep\n|turn|3\n|\n|t:|1696510673\n|move|p1a: Stakataka|Gyro Ball|p2a: Masskito\n|-damage|p2a: Masskito|0 fnt\n|faint|p2a: Masskito\n|-ability|p1a: Stakataka|Beast Boost|boost\n|-boost|p1a: Stakataka|def|1\n|move|p1b: Goopie|Reflect|p1b: Goopie\n|-sidestart|p1: Golbur|Reflect\n|move|p2b: Tectass|Knock Off|p1a: Stakataka\n|-damage|p1a: Stakataka|94\/100\n|-enditem|p1a: Stakataka|Aguav Berry|[from] move: Knock Off|[of] p2b: Tectass\n|\n|upkeep\n|\n|t:|1696510680\n|switch|p2a: Bibor-Mega|Beedrill, F|100\/100\n|-damage|p2a: Bibor-Mega|76\/100|[from] Stealth Rock\n|turn|4\n|\n|t:|1696510695\n|switch|p1b: Spoopie|Aromatisse, F|100\/100\n|-activate|p1b: Spoopie|move: Sticky Web\n|-unboost|p1b: Spoopie|spe|1\n|-damage|p1b: Spoopie|84\/100|[from] Spikes\n|detailschange|p2a: Bibor-Mega|Beedrill-Mega, F\n|-mega|p2a: Bibor-Mega|Beedrill|Beedrillite\n|move|p1a: Stakataka|Gyro Ball|p2a: Bibor-Mega\n|-damage|p2a: Bibor-Mega|0 fnt\n|faint|p2a: Bibor-Mega\n|-ability|p1a: Stakataka|Beast Boost|boost\n|-boost|p1a: Stakataka|def|1\n|move|p2b: Tectass|Knock Off|p1b: Spoopie\n|-resisted|p1b: Spoopie\n|-damage|p1b: Spoopie|75\/100\n|-enditem|p1b: Spoopie|Aguav Berry|[from] move: Knock Off|[of] p2b: Tectass\n|\n|upkeep\n|\n|t:|1696510709\n|switch|p2a: Eisenfalten|Iron Moth|100\/100\n|-damage|p2a: Eisenfalten|76\/100|[from] Stealth Rock\n|-enditem|p2a: Eisenfalten|Booster Energy\n|-activate|p2a: Eisenfalten|ability: Quark Drive|[fromitem]\n|-start|p2a: Eisenfalten|quarkdrivespa\n|turn|5\n|\n|t:|1696510727\n|switch|p2b: Bandelby|Ribombee, F|100\/100\n|-damage|p2b: Bandelby|76\/100|[from] Stealth Rock\n|move|p1a: Stakataka|Gyro Ball|p2a: Eisenfalten\n|-resisted|p2a: Eisenfalten\n|-damage|p2a: Eisenfalten|19\/100\n|move|p1b: Spoopie|Psychic|p2a: Eisenfalten\n|-supereffective|p2a: Eisenfalten\n|-damage|p2a: Eisenfalten|0 fnt\n|faint|p2a: Eisenfalten\n|-end|p2a: Eisenfalten|Quark Drive|[silent]\n|\n|-fieldend|move: Trick Room\n|upkeep\n|inactive|CoffeeDrummer has 120 seconds left.\n|\n|t:|1696510756\n|switch|p2a: Tectass|Golisopod, F|100\/100\n|turn|6\n|\n|t:|1696510772\n|move|p2a: Tectass|Aqua Jet|p1a: Stakataka\n|-supereffective|p1a: Stakataka\n|-damage|p1a: Stakataka|87\/100\n|move|p2b: Bandelby|Stun Spore|p1a: Stakataka\n|-status|p1a: Stakataka|par\n|move|p1b: Spoopie|Nasty Plot|p1b: Spoopie\n|-boost|p1b: Spoopie|spa|2\n|move|p1a: Stakataka|Trick Room|p1a: Stakataka\n|-fieldstart|move: Trick Room|[of] p1a: Stakataka\n|\n|upkeep\n|turn|7\n|\n|t:|1696510790\n|move|p2a: Tectass|Aqua Jet|p1a: Stakataka\n|-supereffective|p1a: Stakataka\n|-damage|p1a: Stakataka|81\/100 par\n|cant|p1a: Stakataka|par\n|move|p1b: Spoopie|Thunderbolt|p2a: Tectass\n|-supereffective|p2a: Tectass\n|-crit|p2a: Tectass\n|-damage|p2a: Tectass|0 fnt\n|faint|p2a: Tectass\n|move|p2b: Bandelby|Stun Spore|p1b: Spoopie|[miss]\n|-miss|p2b: Bandelby|p1b: Spoopie\n|\n|upkeep\n|\n|t:|1696510801\n|switch|p2a: Voltula|Galvantula, M|100\/100\n|turn|8\n|c|\u2606CoffeeDrummer|Ggs\n|-message|CoffeeDrummer forfeited.\n|\n|win|Golbur\n|raw|Golbur's rating: 1105 &rarr; <strong>1125<\/strong><br \/>(+20 for winning)\n|raw|CoffeeDrummer's rating: 1030 &rarr; <strong>1019<\/strong><br \/>(-11 for losing)\n|l|\u2606CoffeeDrummer\n|l|\u2606Golbur\n|j|\u2606Golbur\n|player|p1|Golbur|roxie\n","uploadtime":1696510816,"views":12,"p1id":"golbur","p2id":"coffeedrummer","formatid":"gen9nationaldexdoubles","rating":1019,"private":0,"password":""}