{"id":"gen9nationaldexdoubles-1965391989","p1":"Crystalnite","p2":"mosy 2003","format":"[Gen 9] National Dex Doubles","log":"|j|\u2606Crystalnite\n|j|\u2606mosy 2003\n|t:|1697068304\n|gametype|doubles\n|player|p1|Crystalnite|iono|1000\n|player|p2|mosy 2003|170|1000\n|teamsize|p1|6\n|teamsize|p2|6\n|gen|9\n|tier|[Gen 9] National Dex Doubles\n|rated|\n|rule|HP Percentage Mod: HP is shown in percentages\n|rule|Endless Battle Clause: Forcing endless battles is banned\n|rule|OHKO Clause: OHKO moves are banned\n|rule|Evasion Moves Clause: Evasion moves are banned\n|rule|Evasion Abilities Clause: Evasion abilities are banned\n|rule|Species Clause: Limit one of each Pok\u00e9mon\n|rule|Gravity Sleep Clause: The combination of sleep-inducing moves with imperfect accuracy and Gravity or Gigantamax Orbeetle are banned\n|clearpoke\n|poke|p1|Incineroar, M|\n|poke|p1|Primarina, F|\n|poke|p1|Rillaboom, M|\n|poke|p1|Kommo-o, M|\n|poke|p1|Accelgor, M|\n|poke|p1|Palossand, F|\n|poke|p2|Oricorio-Sensu, F|\n|poke|p2|Volcarona, M|\n|poke|p2|Lilligant, F|\n|poke|p2|Charizard, M|\n|poke|p2|Pheromosa|\n|poke|p2|Accelgor, M|\n|teampreview\n|\n|t:|1697068317\n|start\n|switch|p1a: Incineroar|Incineroar, M|100\/100\n|switch|p1b: Palossand|Palossand, F|100\/100\n|switch|p2a: Oricorio|Oricorio-Sensu, F|100\/100\n|switch|p2b: Volcarona|Volcarona, M|100\/100\n|-ability|p1a: Incineroar|Intimidate|boost\n|-unboost|p2a: Oricorio|atk|1\n|-unboost|p2b: Volcarona|atk|1\n|turn|1\n|\n|t:|1697068339\n|move|p2b: Volcarona|Quiver Dance|p2b: Volcarona\n|-boost|p2b: Volcarona|spa|1\n|-boost|p2b: Volcarona|spd|1\n|-boost|p2b: Volcarona|spe|1\n|-activate|p2a: Oricorio|ability: Dancer\n|move|p2a: Oricorio|Quiver Dance|p2a: Oricorio|[from]ability: Dancer\n|-boost|p2a: Oricorio|spa|1\n|-boost|p2a: Oricorio|spd|1\n|-boost|p2a: Oricorio|spe|1\n|move|p2a: Oricorio|Quiver Dance|p2a: Oricorio\n|-boost|p2a: Oricorio|spa|1\n|-boost|p2a: Oricorio|spd|1\n|-boost|p2a: Oricorio|spe|1\n|move|p1a: Incineroar|Parting Shot|p2b: Volcarona\n|-unboost|p2b: Volcarona|atk|1\n|-unboost|p2b: Volcarona|spa|1\n|inactive|Battle timer is ON: inactive players will automatically lose when time's up. (requested by mosy 2003)\n|\n|t:|1697068354\n|switch|p1a: Kommo-o|Kommo-o, M|100\/100|[from] Parting Shot\n|move|p1b: Palossand|Skill Swap|p1a: Kommo-o\n|-activate|p1b: Palossand|move: Skill Swap|||[of] p1a: Kommo-o\n|\n|upkeep\n|turn|2\n|\n|t:|1697068368\n|move|p2a: Oricorio|Protect|p2a: Oricorio\n|-singleturn|p2a: Oricorio|Protect\n|move|p2b: Volcarona|Quiver Dance|p2b: Volcarona\n|-boost|p2b: Volcarona|spa|1\n|-boost|p2b: Volcarona|spd|1\n|-boost|p2b: Volcarona|spe|1\n|-activate|p2a: Oricorio|ability: Dancer\n|move|p2a: Oricorio|Quiver Dance|p2a: Oricorio|[from]ability: Dancer\n|-boost|p2a: Oricorio|spa|1\n|-boost|p2a: Oricorio|spd|1\n|-boost|p2a: Oricorio|spe|1\n|move|p1b: Palossand|Stealth Rock|p2b: Volcarona\n|-sidestart|p2: mosy 2003|move: Stealth Rock\n|move|p1a: Kommo-o|Dragon Tail|p2a: Oricorio\n|-activate|p2a: Oricorio|move: Protect\n|\n|upkeep\n|turn|3\n|\n|t:|1697068389\n|move|p1a: Kommo-o|Protect|p1a: Kommo-o\n|-singleturn|p1a: Kommo-o|Protect\n|move|p2a: Oricorio|Substitute|p2a: Oricorio\n|-start|p2a: Oricorio|Substitute\n|-damage|p2a: Oricorio|76\/100\n|move|p2b: Volcarona|Quiver Dance|p2b: Volcarona\n|-boost|p2b: Volcarona|spa|1\n|-boost|p2b: Volcarona|spd|1\n|-boost|p2b: Volcarona|spe|1\n|-activate|p2a: Oricorio|ability: Dancer\n|move|p2a: Oricorio|Quiver Dance|p2a: Oricorio|[from]ability: Dancer\n|-boost|p2a: Oricorio|spa|1\n|-boost|p2a: Oricorio|spd|1\n|-boost|p2a: Oricorio|spe|1\n|move|p1b: Palossand|Skill Swap|p2a: Oricorio\n|-activate|p1b: Palossand|move: Skill Swap|Dancer|Soundproof|[of] p2a: Oricorio\n|\n|-heal|p2a: Oricorio|82\/100|[from] item: Leftovers\n|upkeep\n|turn|4\n|\n|t:|1697068415\n|move|p2a: Oricorio|Protect|p2a: Oricorio\n|-singleturn|p2a: Oricorio|Protect\n|move|p2b: Volcarona|Quiver Dance|p2b: Volcarona\n|-boost|p2b: Volcarona|spa|1\n|-boost|p2b: Volcarona|spd|1\n|-boost|p2b: Volcarona|spe|1\n|-activate|p1b: Palossand|ability: Dancer\n|move|p1b: Palossand|Quiver Dance|p1b: Palossand|[from]ability: Dancer\n|-boost|p1b: Palossand|spa|1\n|-boost|p1b: Palossand|spd|1\n|-boost|p1b: Palossand|spe|1\n|move|p1b: Palossand|Scorching Sands|p2b: Volcarona\n|-damage|p2b: Volcarona|88\/100\n|move|p1a: Kommo-o|Dragon Tail|p2b: Volcarona\n|-damage|p2b: Volcarona|56\/100\n|-status|p1a: Kommo-o|brn|[from] ability: Flame Body|[of] p2b: Volcarona\n|drag|p2b: Lilligant|Lilligant, F|100\/100\n|-damage|p2b: Lilligant|88\/100|[from] Stealth Rock\n|\n|-heal|p2a: Oricorio|88\/100|[from] item: Leftovers\n|-damage|p1a: Kommo-o|94\/100 brn|[from] brn\n|upkeep\n|turn|5\n|inactive|Crystalnite has 120 seconds left.\n|\n|t:|1697068448\n|move|p1a: Kommo-o|Protect|p1a: Kommo-o\n|-singleturn|p1a: Kommo-o|Protect\n|move|p2a: Oricorio|Baton Pass|p2a: Oricorio\n|\n|t:|1697068453\n|switch|p2a: Charizard|Charizard, M|100\/100|[from] Baton Pass\n|-damage|p2a: Charizard|51\/100|[from] Stealth Rock\n|move|p2b: Lilligant|Sleep Powder|p1b: Palossand\n|-status|p1b: Palossand|slp|[from] move: Sleep Powder\n|cant|p1b: Palossand|slp\n|\n|-damage|p1a: Kommo-o|88\/100 brn|[from] brn\n|upkeep\n|turn|6\n|\n|t:|1697068472\n|switch|p1b: Incineroar|Incineroar, M|100\/100\n|-ability|p1b: Incineroar|Intimidate|boost\n|-immune|p2a: Charizard\n|-unboost|p2b: Lilligant|atk|1\n|detailschange|p2a: Charizard|Charizard-Mega-Y, M\n|-mega|p2a: Charizard|Charizard|Charizardite Y\n|-weather|SunnyDay|[from] ability: Drought|[of] p2a: Charizard\n|move|p2a: Charizard|Heat Wave|p1a: Kommo-o|[spread] p1a,p1b\n|-resisted|p1a: Kommo-o\n|-resisted|p1b: Incineroar\n|-damage|p1a: Kommo-o|12\/100 brn\n|-damage|p1b: Incineroar|31\/100\n|move|p2b: Lilligant|Petal Dance|p1a: Kommo-o\n|-resisted|p1a: Kommo-o\n|-damage|p1a: Kommo-o|0 fnt\n|faint|p1a: Kommo-o\n|\n|-weather|SunnyDay|[upkeep]\n|upkeep\n|inactive|Crystalnite has 120 seconds left.\n|\n|t:|1697068493\n|switch|p1a: Palossand|Palossand, F|100\/100 slp\n|turn|7\n|\n|t:|1697068504\n|move|p1b: Incineroar|Fake Out|p2b: Lilligant\n|-damage|p2b: Lilligant|73\/100\n|move|p2a: Charizard|Heat Wave|p1b: Incineroar|[spread] p1a,p1b\n|-resisted|p1b: Incineroar\n|-damage|p1a: Palossand|0 fnt\n|-damage|p1b: Incineroar|0 fnt\n|faint|p1a: Palossand\n|faint|p1b: Incineroar\n|cant|p2b: Lilligant|flinch\n|\n|-weather|SunnyDay|[upkeep]\n|upkeep\n|c|\u2606Crystalnite|gg\n|-message|Crystalnite forfeited.\n|\n|win|mosy 2003\n|raw|Crystalnite's rating: 1000 &rarr; <strong>1000<\/strong><br \/>(+0 for losing)\n|raw|mosy 2003's rating: 1000 &rarr; <strong>1040<\/strong><br \/>(+40 for winning)\n|l|\u2606Crystalnite\n","uploadtime":1697068523,"views":6,"p1id":"crystalnite","p2id":"mosy2003","formatid":"gen9nationaldexdoubles","rating":1000,"private":0,"password":""}