{"id":"gen9nationaldexdoubles-1967875442","p1":"YoBuddyTheBaker","p2":"Slash Death","format":"[Gen 9] National Dex Doubles","log":"|j|\u2606YoBuddyTheBaker\n|j|\u2606Slash Death\n|t:|1697350649\n|gametype|doubles\n|player|p1|YoBuddyTheBaker|baker|\n|player|p2|Slash Death|unknown|\n|teamsize|p1|6\n|teamsize|p2|6\n|gen|9\n|tier|[Gen 9] National Dex Doubles\n|rated|Tournament battle\n|rule|HP Percentage Mod: HP is shown in percentages\n|rule|Endless Battle Clause: Forcing endless battles is banned\n|rule|OHKO Clause: OHKO moves are banned\n|rule|Evasion Moves Clause: Evasion moves are banned\n|rule|Evasion Abilities Clause: Evasion abilities are banned\n|rule|Species Clause: Limit one of each Pok\u00e9mon\n|rule|Gravity Sleep Clause: The combination of sleep-inducing moves with imperfect accuracy and Gravity or Gigantamax Orbeetle are banned\n|clearpoke\n|poke|p1|Kingambit, M|\n|poke|p1|Marshadow|\n|poke|p1|Zygarde|\n|poke|p1|Volcanion|\n|poke|p1|Whimsicott, F|\n|poke|p1|Zamazenta-*|\n|poke|p2|Ting-Lu|\n|poke|p2|Iron Hands|\n|poke|p2|Palafin, M|\n|poke|p2|Rillaboom, F|\n|poke|p2|Jirachi|\n|poke|p2|Diancie|\n|teampreview\n|j| SacredStar3\n|\n|t:|1697350684\n|start\n|switch|p1a: Marshadow|Marshadow|100\/100\n|switch|p1b: Zamazenta|Zamazenta|100\/100\n|switch|p2a: Minerals|Diancie|100\/100\n|switch|p2b: Super Dumbass|Palafin, M|100\/100\n|-ability|p1b: Zamazenta|Dauntless Shield|boost\n|-boost|p1b: Zamazenta|def|1\n|turn|1\n|\n|t:|1697350716\n|move|p2b: Super Dumbass|Protect|p2b: Super Dumbass\n|-singleturn|p2b: Super Dumbass|Protect\n|move|p1b: Zamazenta|Coaching|p1a: Marshadow\n|-boost|p1a: Marshadow|atk|1\n|-boost|p1a: Marshadow|def|1\n|move|p1a: Marshadow|Spectral Thief|p2a: Minerals\n|-damage|p2a: Minerals|35\/100\n|-enditem|p2a: Minerals|Sitrus Berry|[eat]\n|-heal|p2a: Minerals|60\/100|[from] item: Sitrus Berry\n|-damage|p1a: Marshadow|91\/100|[from] item: Life Orb\n|move|p2a: Minerals|Trick Room|p2a: Minerals\n|-fieldstart|move: Trick Room|[of] p2a: Minerals\n|\n|upkeep\n|turn|2\n|\n|t:|1697350751\n|detailschange|p2b: Super Dumbass|Palafin-Hero, M\n|switch|p2b: Bowl of Cereal|Ting-Lu|100\/100\n|-ability|p2b: Bowl of Cereal|Vessel of Ruin\n|move|p2a: Minerals|Moonblast|p1a: Marshadow\n|-supereffective|p1a: Marshadow\n|-damage|p1a: Marshadow|37\/100\n|move|p1a: Marshadow|Close Combat|p2b: Bowl of Cereal\n|-supereffective|p2b: Bowl of Cereal\n|-damage|p2b: Bowl of Cereal|0 fnt\n|-unboost|p1a: Marshadow|def|1\n|-unboost|p1a: Marshadow|spd|1\n|faint|p2b: Bowl of Cereal\n|-damage|p1a: Marshadow|27\/100|[from] item: Life Orb\n|move|p1b: Zamazenta|Heavy Slam|p2a: Minerals\n|-supereffective|p2a: Minerals\n|-damage|p2a: Minerals|0 fnt\n|faint|p2a: Minerals\n|\n|upkeep\n|\n|t:|1697350770\n|switch|p2b: Wishes coming true|Jirachi|100\/100\n|switch|p2a: Super Dumbass|Palafin-Hero, M|100\/100\n|-activate|p2a: Super Dumbass|ability: Zero to Hero\n|turn|3\n|\n|t:|1697350819\n|switch|p1a: Kingambit|Kingambit, M|100\/100\n|move|p2a: Super Dumbass|Jet Punch|p1a: Kingambit\n|-damage|p1a: Kingambit|69\/100\n|move|p2b: Wishes coming true|Toxic|p1b: Zamazenta\n|-status|p1b: Zamazenta|tox\n|move|p1b: Zamazenta|Coaching|p1a: Kingambit\n|-boost|p1a: Kingambit|atk|1\n|-boost|p1a: Kingambit|def|1\n|\n|-damage|p1b: Zamazenta|94\/100 tox|[from] psn\n|upkeep\n|turn|4\n|l| SacredStar3\n|\n|t:|1697350838\n|switch|p2b: To a T|Iron Hands|100\/100\n|-terastallize|p1a: Kingambit|Fairy\n|move|p1a: Kingambit|Knock Off|p2b: To a T\n|-resisted|p2b: To a T\n|-damage|p2b: To a T|70\/100\n|-enditem|p2b: To a T|Assault Vest|[from] move: Knock Off|[of] p1a: Kingambit\n|move|p2a: Super Dumbass|Drain Punch|p1a: Kingambit\n|-resisted|p1a: Kingambit\n|-damage|p1a: Kingambit|61\/100\n|move|p1b: Zamazenta|Coaching|p1a: Kingambit\n|-boost|p1a: Kingambit|atk|1\n|-boost|p1a: Kingambit|def|1\n|\n|-damage|p1b: Zamazenta|82\/100 tox|[from] psn\n|upkeep\n|turn|5\n|j|%Smudge\n|\n|t:|1697350874\n|switch|p1b: Whimsicott|Whimsicott, F|100\/100\n|move|p2b: To a T|Fake Out|p1a: Kingambit\n|-damage|p1a: Kingambit|55\/100\n|cant|p1a: Kingambit|flinch\n|move|p2a: Super Dumbass|Bulk Up|p2a: Super Dumbass\n|-boost|p2a: Super Dumbass|atk|1\n|-boost|p2a: Super Dumbass|def|1\n|\n|-fieldend|move: Trick Room\n|upkeep\n|turn|6\n|\n|t:|1697350886\n|move|p1b: Whimsicott|Encore|p2a: Super Dumbass\n|-start|p2a: Super Dumbass|Encore\n|move|p2a: Super Dumbass|Bulk Up|p2a: Super Dumbass\n|-boost|p2a: Super Dumbass|atk|1\n|-boost|p2a: Super Dumbass|def|1\n|move|p1a: Kingambit|Tera Blast|p2b: To a T|[anim] Tera Blast Fairy\n|-supereffective|p2b: To a T\n|-damage|p2b: To a T|0 fnt\n|faint|p2b: To a T\n|-end|p2b: To a T|Quark Drive|[silent]\n|\n|upkeep\n|\n|t:|1697350892\n|switch|p2b: Wishes coming true|Jirachi|100\/100\n|turn|7\n|\n|t:|1697350935\n|-terastallize|p2b: Wishes coming true|Water\n|move|p1b: Whimsicott|Tailwind|p1b: Whimsicott\n|-sidestart|p1: YoBuddyTheBaker|move: Tailwind\n|move|p1a: Kingambit|Knock Off|p2b: Wishes coming true\n|-damage|p2b: Wishes coming true|28\/100\n|-enditem|p2b: Wishes coming true|Safety Goggles|[from] move: Knock Off|[of] p1a: Kingambit\n|move|p2b: Wishes coming true|Toxic|p1a: Kingambit\n|-status|p1a: Kingambit|tox\n|move|p2a: Super Dumbass|Bulk Up|p2a: Super Dumbass\n|-boost|p2a: Super Dumbass|atk|1\n|-boost|p2a: Super Dumbass|def|1\n|\n|-damage|p1a: Kingambit|49\/100 tox|[from] psn\n|upkeep\n|turn|8\n|\n|t:|1697350955\n|move|p2b: Wishes coming true|Follow Me|p2b: Wishes coming true\n|-singleturn|p2b: Wishes coming true|move: Follow Me\n|move|p1b: Whimsicott|Moonblast|p2b: Wishes coming true\n|-damage|p2b: Wishes coming true|7\/100\n|-unboost|p2b: Wishes coming true|spa|1\n|move|p1a: Kingambit|Knock Off|p2b: Wishes coming true\n|-damage|p2b: Wishes coming true|0 fnt\n|faint|p2b: Wishes coming true\n|move|p2a: Super Dumbass|Bulk Up|p2a: Super Dumbass\n|-boost|p2a: Super Dumbass|atk|1\n|-boost|p2a: Super Dumbass|def|1\n|\n|-damage|p1a: Kingambit|37\/100 tox|[from] psn\n|-end|p2a: Super Dumbass|Encore\n|upkeep\n|\n|t:|1697350960\n|switch|p2b: King Dunk|Rillaboom, F|100\/100\n|-fieldstart|move: Grassy Terrain|[from] ability: Grassy Surge|[of] p2b: King Dunk\n|turn|9\n|\n|t:|1697350970\n|move|p2b: King Dunk|Fake Out|p1b: Whimsicott\n|-damage|p1b: Whimsicott|81\/100\n|move|p1b: Whimsicott|Encore|p2a: Super Dumbass\n|-start|p2a: Super Dumbass|Encore\n|move|p2a: Super Dumbass|Bulk Up|p2a: Super Dumbass\n|-boost|p2a: Super Dumbass|atk|1\n|-boost|p2a: Super Dumbass|def|1\n|move|p1a: Kingambit|Knock Off|p2b: King Dunk\n|-damage|p2b: King Dunk|0 fnt\n|-enditem|p2b: King Dunk|Assault Vest|[from] move: Knock Off|[of] p1a: Kingambit\n|faint|p2b: King Dunk\n|\n|-heal|p1b: Whimsicott|88\/100|[from] Grassy Terrain\n|-heal|p1a: Kingambit|43\/100 tox|[from] Grassy Terrain\n|-damage|p1a: Kingambit|25\/100 tox|[from] psn\n|upkeep\n|turn|10\n|c|\u2606Slash Death|Oh\n|-message|Slash Death forfeited.\n|\n|win|YoBuddyTheBaker\n|n|\u2606YoBuddyTheBaker|yobuddythebaker\n|n|\u2606Slash Death|slashdeath\n|n| Smudge|smudge\n|c|\u2606YoBuddyTheBaker|gg\n|c| Smudge|evil ass mon\n|c|\u2606Slash Death|gg\n|c| Smudge|good line tho\n|c| Smudge|that was the correct play\n|c|\u2606Slash Death|!dt covert cloak\n|raw|<ul class=\"utilichart\"><li class=\"result\"><span class=\"col itemiconcol\"><psicon item=\"covertcloak\"><\/span> <span class=\"col namecol\"><a href=\"https:\/\/dex.pokemonshowdown.com\/items\/covertcloak\">Covert Cloak<\/a><\/span> <span class=\"col itemdesccol\">Holder is not affected by the secondary effect of another Pokemon's attack.<\/span> <\/li><li style=\"clear:both\"><\/li><\/ul>\n|raw|<font size=\"1\"><font color=\"#686868\">Gen:<\/font> 9&nbsp;|&ThickSpace;<font color=\"#686868\">Fling Base Power:<\/font> 30<\/font>\n\n|c|\u2606Slash Death|ban this item plz (joke)\n|c| Smudge|haha\n|l|\u2606Slash Death\n","uploadtime":1697351041,"views":22,"p1id":"yobuddythebaker","p2id":"slashdeath","formatid":"gen9nationaldexdoubles","rating":0,"private":0,"password":""}