{"id":"gen9nationaldexdoubles-1994707127","p1":"Kes.Pur","p2":"Hi oh f i","format":"[Gen 9] National Dex Doubles","log":"|j|\u2606Kes.Pur\n|j|\u2606Hi oh f i\n|t:|1700483836\n|gametype|doubles\n|player|p1|Kes.Pur|psychic-gen4|1000\n|player|p2|Hi oh f i|battlegirl-gen4|1000\n|teamsize|p1|6\n|teamsize|p2|6\n|gen|9\n|tier|[Gen 9] National Dex Doubles\n|rated|\n|rule|HP Percentage Mod: HP is shown in percentages\n|rule|Endless Battle Clause: Forcing endless battles is banned\n|rule|OHKO Clause: OHKO moves are banned\n|rule|Evasion Moves Clause: Evasion moves are banned\n|rule|Evasion Abilities Clause: Evasion abilities are banned\n|rule|Species Clause: Limit one of each Pok\u00e9mon\n|rule|Gravity Sleep Clause: The combination of sleep-inducing moves with imperfect accuracy and Gravity or Gigantamax Orbeetle are banned\n|clearpoke\n|poke|p1|Kommo-o, M|\n|poke|p1|Clefairy, M|\n|poke|p1|Oricorio-Pom-Pom, F|\n|poke|p1|Maushold-Four|\n|poke|p1|Breloom, M|\n|poke|p1|Cloyster, F|\n|poke|p2|Indeedee, M|\n|poke|p2|Deoxys-Attack|\n|poke|p2|Typhlosion, M|\n|poke|p2|Kartana|\n|poke|p2|Murkrow, M|\n|poke|p2|Shuckle, M|\n|teampreview\n|inactive|Battle timer is ON: inactive players will automatically lose when time's up. (requested by Hi oh f i)\n|\n|t:|1700483850\n|start\n|switch|p1a: Scrambled|Kommo-o, M|100\/100\n|switch|p1b: Egg|Clefairy, M|100\/100\n|switch|p2a: Murkrow|Murkrow, M|100\/100\n|switch|p2b: Shuckle|Shuckle, M|100\/100\n|turn|1\n|\n|t:|1700483866\n|move|p2a: Murkrow|Perish Song|p2a: Murkrow\n|-start|p1a: Scrambled|perish3|[silent]\n|-start|p1b: Egg|perish3|[silent]\n|-start|p2a: Murkrow|perish3|[silent]\n|-start|p2b: Shuckle|perish3|[silent]\n|-fieldactivate|move: Perish Song\n|move|p1a: Scrambled|Substitute|p1a: Scrambled\n|-start|p1a: Scrambled|Substitute\n|-damage|p1a: Scrambled|75\/100\n|move|p1b: Egg|Thunder Wave|p2a: Murkrow\n|-status|p2a: Murkrow|par\n|move|p2b: Shuckle|Sticky Web|p1b: Egg\n|-sidestart|p1: Kes.Pur|move: Sticky Web\n|\n|-start|p1a: Scrambled|perish3\n|-start|p2a: Murkrow|perish3\n|-start|p1b: Egg|perish3\n|-start|p2b: Shuckle|perish3\n|upkeep\n|turn|2\n|\n|t:|1700483884\n|move|p2a: Murkrow|Taunt|p1b: Egg\n|-start|p1b: Egg|move: Taunt\n|move|p1a: Scrambled|Drain Punch|p2a: Murkrow\n|-damage|p2a: Murkrow|55\/100 par\n|-heal|p1a: Scrambled|100\/100|[from] drain|[of] p2a: Murkrow\n|cant|p1b: Egg|move: Taunt|Thunder Wave\n|move|p2b: Shuckle|Stealth Rock|p1b: Egg\n|-sidestart|p1: Kes.Pur|move: Stealth Rock\n|\n|-start|p1a: Scrambled|perish2\n|-start|p2a: Murkrow|perish2\n|-start|p1b: Egg|perish2\n|-start|p2b: Shuckle|perish2\n|upkeep\n|turn|3\n|\n|t:|1700483904\n|switch|p1a: Yolk|Oricorio-Pom-Pom, F|100\/100\n|-damage|p1a: Yolk|76\/100|[from] Stealth Rock\n|move|p2a: Murkrow|Tailwind|p2a: Murkrow\n|-sidestart|p2: Hi oh f i|move: Tailwind\n|move|p1b: Egg|Draining Kiss|p2a: Murkrow\n|-supereffective|p2a: Murkrow\n|-damage|p2a: Murkrow|4\/100 par\n|move|p2b: Shuckle|Toxic|p1b: Egg\n|-status|p1b: Egg|tox\n|\n|-start|p2a: Murkrow|perish1\n|-start|p1b: Egg|perish1\n|-start|p2b: Shuckle|perish1\n|upkeep\n|turn|4\n|\n|t:|1700483924\n|switch|p1b: Guava (egg)|Breloom, M|100\/100\n|-activate|p1b: Guava (egg)|move: Sticky Web\n|-unboost|p1b: Guava (egg)|spe|1\n|-damage|p1b: Guava (egg)|94\/100|[from] Stealth Rock\n|move|p2a: Murkrow|Taunt|p1a: Yolk\n|-start|p1a: Yolk|move: Taunt\n|cant|p1a: Yolk|move: Taunt|Quiver Dance\n|move|p2b: Shuckle|Power Split|p1b: Guava (egg)\n|-activate|p2b: Shuckle|move: Power Split|[of] p1b: Guava (egg)\n|\n|-start|p2a: Murkrow|perish0\n|-start|p2b: Shuckle|perish0\n|faint|p2a: Murkrow\n|faint|p2b: Shuckle\n|upkeep\n|\n|t:|1700483940\n|switch|p2a: Typhlosion|Typhlosion, M|100\/100\n|switch|p2b: Indeedee|Indeedee, M|100\/100\n|-fieldstart|move: Psychic Terrain|[from] ability: Psychic Surge|[of] p2b: Indeedee\n|turn|5\n|inactive|Kes.Pur has 120 seconds left.\n|\n|t:|1700483979\n|-terastallize|p2b: Indeedee|Psychic\n|move|p2a: Typhlosion|Eruption|p1a: Yolk|[spread] p1a,p1b\n|-supereffective|p1b: Guava (egg)\n|-damage|p1a: Yolk|0 fnt\n|-damage|p1b: Guava (egg)|0 fnt\n|faint|p1a: Yolk\n|faint|p1b: Guava (egg)\n|move|p2b: Indeedee|Expanding Force|p1: Yolk|[notarget]\n|-fail|p2b: Indeedee\n|\n|upkeep\n|\n|t:|1700484000\n|switch|p1a: Egg|Clefairy, M|100\/100 tox\n|switch|p1b: Hard boiled|Cloyster, F|100\/100\n|-activate|p1b: Hard boiled|move: Sticky Web\n|-unboost|p1b: Hard boiled|spe|1\n|-damage|p1b: Hard boiled|76\/100|[from] Stealth Rock\n|-enditem|p1b: Hard boiled|White Herb\n|-clearnegativeboost|p1b: Hard boiled|[silent]\n|-activate|p1a: Egg|move: Sticky Web\n|-unboost|p1a: Egg|spe|1\n|turn|6\n|inactive|Kes.Pur has 120 seconds left.\n|\n|t:|1700484028\n|move|p1a: Egg|Follow Me|p1a: Egg\n|-singleturn|p1a: Egg|move: Follow Me\n|move|p2a: Typhlosion|Eruption|p1a: Egg|[spread] p1a,p1b\n|-damage|p1a: Egg|70\/100 tox\n|-damage|p1b: Hard boiled|0 fnt\n|faint|p1b: Hard boiled\n|move|p2b: Indeedee|Expanding Force|p1a: Egg\n|-damage|p1a: Egg|0 fnt\n|faint|p1a: Egg\n|\n|-sideend|p2: Hi oh f i|move: Tailwind\n|upkeep\n|-message|Kes.Pur forfeited.\n|\n|win|Hi oh f i\n|raw|Kes.Pur's rating: 1000 &rarr; <strong>1000<\/strong><br \/>(+0 for losing)\n|raw|Hi oh f i's rating: 1000 &rarr; <strong>1040<\/strong><br \/>(+40 for winning)\n|l|\u2606Kes.Pur\n","uploadtime":1700484048,"views":1,"p1id":"kespur","p2id":"hiohfi","formatid":"gen9nationaldexdoubles","rating":1000,"private":0,"password":""}