{"id":"gen9nationaldexdoubles-1999271614","p1":"Maybebetterthanu","p2":"Snorkle Porkle","format":"[Gen 9] National Dex Doubles","log":"|j|\u2606Maybebetterthanu\n|j|\u2606Snorkle Porkle\n|t:|1701053363\n|gametype|doubles\n|player|p1|Maybebetterthanu|fantina|\n|player|p2|Snorkle Porkle|266|\n|teamsize|p1|6\n|teamsize|p2|6\n|gen|9\n|tier|[Gen 9] National Dex Doubles\n|rule|HP Percentage Mod: HP is shown in percentages\n|rule|Endless Battle Clause: Forcing endless battles is banned\n|rule|OHKO Clause: OHKO moves are banned\n|rule|Evasion Moves Clause: Evasion moves are banned\n|rule|Evasion Abilities Clause: Evasion abilities are banned\n|rule|Species Clause: Limit one of each Pok\u00e9mon\n|rule|Gravity Sleep Clause: The combination of sleep-inducing moves with imperfect accuracy and Gravity or Gigantamax Orbeetle are banned\n|clearpoke\n|poke|p1|Ribombee, M|\n|poke|p1|Porygon2|\n|poke|p1|Gliscor, F|\n|poke|p1|Dhelmise|\n|poke|p1|Walking Wake|\n|poke|p1|Slowbro, M|\n|poke|p2|Metagross|\n|poke|p2|Weezing-Galar, M|\n|poke|p2|Dragapult, M|\n|poke|p2|Tapu Koko|\n|poke|p2|Raichu-Alola, M|\n|poke|p2|Basculegion-F, F|\n|teampreview\n|\n|t:|1701053390\n|start\n|switch|p1a: Anchor Arms|Dhelmise|100\/100\n|switch|p1b: Groose is Loose|Porygon2|100\/100\n|switch|p2a: Flipper|Basculegion-F, F|100\/100\n|switch|p2b: Sumo|Tapu Koko|100\/100\n|-fieldstart|move: Electric Terrain|[from] ability: Electric Surge|[of] p2b: Sumo\n|-ability|p1b: Groose is Loose|Swift Swim|[from] ability: Trace|[of] p2a: Flipper\n|turn|1\n|\n|t:|1701053405\n|move|p1a: Anchor Arms|Protect|p1a: Anchor Arms\n|-singleturn|p1a: Anchor Arms|Protect\n|move|p2b: Sumo|Rain Dance|p2b: Sumo\n|-weather|RainDance\n|move|p2a: Flipper|Substitute|p2a: Flipper\n|-start|p2a: Flipper|Substitute\n|-damage|p2a: Flipper|75\/100\n|move|p1b: Groose is Loose|Trick Room|p1b: Groose is Loose\n|-fieldstart|move: Trick Room|[of] p1b: Groose is Loose\n|\n|-weather|RainDance|[upkeep]\n|-heal|p2a: Flipper|82\/100|[from] item: Leftovers\n|upkeep\n|turn|2\n|\n|t:|1701053440\n|-terastallize|p1a: Anchor Arms|Steel\n|move|p1a: Anchor Arms|Anchor Shot|p2b: Sumo\n|-damage|p2b: Sumo|31\/100\n|-activate|p2b: Sumo|trapped\n|-enditem|p2b: Sumo|Red Card|[of] p1a: Anchor Arms\n|drag|p1a: Guzzler|Gliscor, F, shiny|100\/100\n|move|p1b: Groose is Loose|Thunderbolt|p2a: Flipper\n|-supereffective|p2a: Flipper\n|-end|p2a: Flipper|Substitute\n|move|p2b: Sumo|Thunder Punch|p1b: Groose is Loose\n|-crit|p1b: Groose is Loose\n|-damage|p1b: Groose is Loose|53\/100\n|move|p2a: Flipper|Soak|p1b: Groose is Loose\n|-start|p1b: Groose is Loose|typechange|Water\n|\n|-weather|RainDance|[upkeep]\n|-heal|p2a: Flipper|88\/100|[from] item: Leftovers\n|-status|p1a: Guzzler|tox|[from] item: Toxic Orb\n|upkeep\n|turn|3\n|\n|t:|1701053529\n|switch|p1a: Dial Up|Slowbro, M|100\/100\n|switch|p1b: Anchor Arms|Dhelmise, tera:Steel|100\/100\n|switch|p2a: Danny Phantom|Dragapult, M|100\/100\n|move|p2b: Sumo|Thunder Punch|p1b: Anchor Arms\n|-damage|p1b: Anchor Arms|65\/100\n|\n|-weather|RainDance|[upkeep]\n|-heal|p1b: Anchor Arms|71\/100|[from] item: Leftovers\n|upkeep\n|turn|4\n|\n|t:|1701053562\n|switch|p2b: Minato|Raichu-Alola, M|100\/100\n|move|p1a: Dial Up|Scald|p2b: Minato\n|-damage|p2b: Minato|55\/100\n|-status|p2b: Minato|brn\n|move|p1b: Anchor Arms|Poltergeist|p2a: Danny Phantom\n|-activate|p2a: Danny Phantom|move: Poltergeist|Heavy-Duty Boots\n|-supereffective|p2a: Danny Phantom\n|-damage|p2a: Danny Phantom|0 fnt\n|faint|p2a: Danny Phantom\n|\n|-weather|RainDance|[upkeep]\n|-heal|p1b: Anchor Arms|77\/100|[from] item: Leftovers\n|-damage|p2b: Minato|49\/100 brn|[from] brn\n|upkeep\n|\n|t:|1701053579\n|switch|p2a: Flipper|Basculegion-F, F|88\/100\n|turn|5\n|\n|t:|1701053617\n|move|p2b: Minato|Fake Out|p1b: Anchor Arms\n|-resisted|p1b: Anchor Arms\n|-damage|p1b: Anchor Arms|76\/100\n|move|p1a: Dial Up|Scald|p2b: Minato\n|-damage|p2b: Minato|2\/100 brn\n|cant|p1b: Anchor Arms|flinch\n|move|p2a: Flipper|Substitute|p2a: Flipper\n|-start|p2a: Flipper|Substitute\n|-damage|p2a: Flipper|63\/100\n|\n|-weather|none\n|-heal|p1b: Anchor Arms|82\/100|[from] item: Leftovers\n|-heal|p2a: Flipper|69\/100|[from] item: Leftovers\n|-damage|p2b: Minato|0 fnt|[from] brn\n|faint|p2b: Minato\n|-fieldend|move: Trick Room\n|-fieldend|move: Electric Terrain\n|upkeep\n|\n|t:|1701053637\n|switch|p2b: Sumo|Tapu Koko|31\/100\n|-fieldstart|move: Electric Terrain|[from] ability: Electric Surge|[of] p2b: Sumo\n|turn|6\n|\n|t:|1701053680\n|switch|p2b: Buried Treasure|Metagross, shiny|100\/100\n|switch|p1a: Tiny Tim|Ribombee, M|100\/100\n|move|p2a: Flipper|Rain Dance|p2a: Flipper\n|-weather|RainDance\n|move|p1b: Anchor Arms|Anchor Shot|p2b: Buried Treasure\n|-resisted|p2b: Buried Treasure\n|-damage|p2b: Buried Treasure|85\/100\n|-activate|p2b: Buried Treasure|trapped\n|-damage|p1b: Anchor Arms|65\/100|[from] item: Rocky Helmet|[of] p2b: Buried Treasure\n|\n|-weather|RainDance|[upkeep]\n|-heal|p2a: Flipper|75\/100|[from] item: Leftovers\n|-heal|p1b: Anchor Arms|71\/100|[from] item: Leftovers\n|upkeep\n|turn|7\n|\n|t:|1701053708\n|move|p1a: Tiny Tim|Helping Hand|p1b: Anchor Arms\n|-singleturn|p1b: Anchor Arms|Helping Hand|[of] p1a: Tiny Tim\n|move|p2a: Flipper|Shadow Ball|p1b: Anchor Arms\n|-damage|p1b: Anchor Arms|39\/100\n|move|p2b: Buried Treasure|Meteor Mash|p1a: Tiny Tim\n|-supereffective|p1a: Tiny Tim\n|-enditem|p1a: Tiny Tim|Focus Sash\n|-damage|p1a: Tiny Tim|1\/100\n|move|p1b: Anchor Arms|Poltergeist|p2b: Buried Treasure\n|-activate|p2b: Buried Treasure|move: Poltergeist|Rocky Helmet\n|-supereffective|p2b: Buried Treasure\n|-damage|p2b: Buried Treasure|2\/100\n|\n|-weather|RainDance|[upkeep]\n|-heal|p2a: Flipper|81\/100|[from] item: Leftovers\n|-heal|p1b: Anchor Arms|45\/100|[from] item: Leftovers\n|upkeep\n|turn|8\n|\n|t:|1701053773\n|switch|p1a: Dial Up|Slowbro, M|100\/100\n|move|p2b: Buried Treasure|Bullet Punch|p1b: Anchor Arms\n|-resisted|p1b: Anchor Arms\n|-damage|p1b: Anchor Arms|38\/100\n|move|p2a: Flipper|Shadow Ball|p1b: Anchor Arms\n|-damage|p1b: Anchor Arms|6\/100\n|move|p1b: Anchor Arms|Anchor Shot|p2b: Buried Treasure\n|-resisted|p2b: Buried Treasure\n|-damage|p2b: Buried Treasure|0 fnt\n|-damage|p1b: Anchor Arms|0 fnt|[from] item: Rocky Helmet|[of] p2b: Buried Treasure\n|faint|p2b: Buried Treasure\n|faint|p1b: Anchor Arms\n|\n|-weather|RainDance|[upkeep]\n|-heal|p2a: Flipper|87\/100|[from] item: Leftovers\n|upkeep\n|\n|t:|1701053799\n|switch|p2b: Sumo|Tapu Koko|31\/100\n|switch|p1b: Groose is Loose|Porygon2|53\/100\n|-ability|p1b: Groose is Loose|Electric Surge|[from] ability: Trace|[of] p2b: Sumo\n|turn|9\n|\n|t:|1701053835\n|switch|p1a: Tiny Tim|Ribombee, M|1\/100\n|move|p2a: Flipper|Soak|p1b: Groose is Loose\n|-start|p1b: Groose is Loose|typechange|Water\n|move|p2b: Sumo|Thunder Punch|p1b: Groose is Loose\n|-supereffective|p1b: Groose is Loose\n|-damage|p1b: Groose is Loose|0 fnt\n|faint|p1b: Groose is Loose\n|\n|-weather|RainDance|[upkeep]\n|-heal|p2a: Flipper|93\/100|[from] item: Leftovers\n|upkeep\n|\n|t:|1701053875\n|switch|p1b: Dial Up|Slowbro, M|100\/100\n|turn|10\n|\n|t:|1701053891\n|move|p2a: Flipper|Shadow Ball|p1b: Dial Up\n|-supereffective|p1b: Dial Up\n|-damage|p1b: Dial Up|51\/100\n|move|p1a: Tiny Tim|Light Screen|p1a: Tiny Tim\n|-sidestart|p1: Maybebetterthanu|move: Light Screen\n|move|p2b: Sumo|Thunder Punch|p1b: Dial Up\n|-supereffective|p1b: Dial Up\n|-damage|p1b: Dial Up|0 fnt\n|faint|p1b: Dial Up\n|\n|-weather|none\n|-heal|p2a: Flipper|99\/100|[from] item: Leftovers\n|-fieldend|move: Electric Terrain\n|upkeep\n|j| landlord79\n|\n|t:|1701053985\n|switch|p1b: Tiptoeing Torrent|Walking Wake|100\/100\n|-enditem|p1b: Tiptoeing Torrent|Booster Energy\n|-activate|p1b: Tiptoeing Torrent|ability: Protosynthesis|[fromitem]\n|-start|p1b: Tiptoeing Torrent|protosynthesisspe\n|turn|11\n|\n|t:|1701054031\n|move|p1b: Tiptoeing Torrent|Dragon Pulse|p2a: Flipper\n|-end|p2a: Flipper|Substitute\n|move|p1a: Tiny Tim|Moonblast|p2b: Sumo\n|-damage|p2b: Sumo|0 fnt\n|faint|p2b: Sumo\n|move|p2a: Flipper|Shadow Ball|p1b: Tiptoeing Torrent\n|-damage|p1b: Tiptoeing Torrent|79\/100\n|\n|-heal|p2a: Flipper|100\/100|[from] item: Leftovers\n|upkeep\n|\n|t:|1701054042\n|switch|p2b: Mobile Factory|Weezing-Galar, M|100\/100\n|turn|12\n|\n|t:|1701054100\n|move|p1a: Tiny Tim|Helping Hand|p1b: Tiptoeing Torrent\n|-singleturn|p1b: Tiptoeing Torrent|Helping Hand|[of] p1a: Tiny Tim\n|move|p1b: Tiptoeing Torrent|Scald|p2b: Mobile Factory\n|-damage|p2b: Mobile Factory|16\/100\n|-status|p2b: Mobile Factory|brn\n|move|p2a: Flipper|Shadow Ball|p1b: Tiptoeing Torrent\n|-damage|p1b: Tiptoeing Torrent|58\/100\n|move|p2b: Mobile Factory|Strange Steam|p1b: Tiptoeing Torrent\n|-supereffective|p1b: Tiptoeing Torrent\n|-damage|p1b: Tiptoeing Torrent|17\/100\n|-start|p1b: Tiptoeing Torrent|confusion\n|\n|-heal|p2b: Mobile Factory|22\/100 brn|[from] item: Black Sludge\n|-damage|p2b: Mobile Factory|16\/100 brn|[from] brn\n|upkeep\n|turn|13\n|\n|t:|1701054168\n|-activate|p1b: Tiptoeing Torrent|confusion\n|move|p1b: Tiptoeing Torrent|Knock Off|p2a: Flipper\n|-supereffective|p2a: Flipper\n|-damage|p2a: Flipper|68\/100\n|-enditem|p2a: Flipper|Leftovers|[from] move: Knock Off|[of] p1b: Tiptoeing Torrent\n|move|p1a: Tiny Tim|Moonblast|p2b: Mobile Factory\n|-resisted|p2b: Mobile Factory\n|-damage|p2b: Mobile Factory|0 fnt\n|faint|p2b: Mobile Factory\n|move|p2a: Flipper|Shadow Ball|p1b: Tiptoeing Torrent\n|-damage|p1b: Tiptoeing Torrent|0 fnt\n|faint|p1b: Tiptoeing Torrent\n|-end|p1b: Tiptoeing Torrent|Protosynthesis|[silent]\n|\n|upkeep\n|\n|t:|1701054180\n|switch|p1b: Guzzler|Gliscor, F, shiny|100\/100 tox\n|turn|14\n|\n|t:|1701054223\n|move|p1a: Tiny Tim|Moonblast|p2a: Flipper\n|-damage|p2a: Flipper|46\/100\n|-unboost|p2a: Flipper|spa|1\n|move|p1b: Guzzler|High Horsepower|p2a: Flipper\n|-damage|p2a: Flipper|15\/100\n|move|p2a: Flipper|Shadow Ball|p1a: Tiny Tim\n|-damage|p1a: Tiny Tim|0 fnt\n|faint|p1a: Tiny Tim\n|\n|-sideend|p1: Maybebetterthanu|move: Light Screen\n|upkeep\n|turn|15\n|c|\u2606Snorkle Porkle|gg\n|c|\u2606Maybebetterthanu|make your move please\n|c|\u2606Snorkle Porkle|i did\n|\n|t:|1701054349\n|move|p1b: Guzzler|High Horsepower|p2a: Flipper\n|-damage|p2a: Flipper|0 fnt\n|faint|p2a: Flipper\n|\n|win|Maybebetterthanu\n|c|\u2606Maybebetterthanu|must have been server lag\n|c|\u2606Maybebetterthanu|gg\n","uploadtime":1701054360,"views":21,"p1id":"maybebetterthanu","p2id":"snorkleporkle","formatid":"gen9nationaldexdoubles","rating":0,"private":0,"password":""}