{"id":"gen9nationaldexdoubles-1990833212","p1":"plartosplarto","p2":"Hiub oh fkggj","format":"[Gen 9] National Dex Doubles","log":"|j|\u2606plartosplarto\n|j|\u2606Hiub oh fkggj\n|t:|1700005557\n|gametype|doubles\n|player|p1|plartosplarto|juggler|1022\n|player|p2|Hiub oh fkggj|lucas|1000\n|teamsize|p1|6\n|teamsize|p2|6\n|gen|9\n|tier|[Gen 9] National Dex Doubles\n|rated|\n|rule|HP Percentage Mod: HP is shown in percentages\n|rule|Endless Battle Clause: Forcing endless battles is banned\n|rule|OHKO Clause: OHKO moves are banned\n|rule|Evasion Moves Clause: Evasion moves are banned\n|rule|Evasion Abilities Clause: Evasion abilities are banned\n|rule|Species Clause: Limit one of each Pok\u00e9mon\n|rule|Gravity Sleep Clause: The combination of sleep-inducing moves with imperfect accuracy and Gravity or Gigantamax Orbeetle are banned\n|clearpoke\n|poke|p1|Lokix, F|\n|poke|p1|Pachirisu, F|\n|poke|p1|Slowking, M|\n|poke|p1|Slaking, M|\n|poke|p1|Dunsparce, M|\n|poke|p1|Maushold-Four|\n|poke|p2|Indeedee, M|\n|poke|p2|Deoxys-Attack|\n|poke|p2|Typhlosion, M|\n|poke|p2|Kartana|\n|poke|p2|Murkrow, F|\n|poke|p2|Shuckle, M|\n|teampreview\n|\n|t:|1700005562\n|start\n|switch|p1a: Pachirisu|Pachirisu, F|100\/100\n|switch|p1b: Lokix|Lokix, F|100\/100\n|switch|p2a: Murkrow|Murkrow, F|100\/100\n|switch|p2b: Shuckle|Shuckle, M|100\/100\n|turn|1\n|inactive|Battle timer is ON: inactive players will automatically lose when time's up. (requested by Hiub oh fkggj)\n|\n|t:|1700005592\n|move|p1a: Pachirisu|Follow Me|p1a: Pachirisu\n|-singleturn|p1a: Pachirisu|move: Follow Me\n|move|p2a: Murkrow|Perish Song|p2a: Murkrow\n|-start|p1a: Pachirisu|perish3|[silent]\n|-start|p1b: Lokix|perish3|[silent]\n|-start|p2a: Murkrow|perish3|[silent]\n|-start|p2b: Shuckle|perish3|[silent]\n|-fieldactivate|move: Perish Song\n|move|p1b: Lokix|Axe Kick|p2b: Shuckle\n|-damage|p2b: Shuckle|71\/100\n|-damage|p1b: Lokix|91\/100|[from] item: Life Orb\n|move|p2b: Shuckle|Stealth Rock|p1a: Pachirisu\n|-sidestart|p1: plartosplarto|move: Stealth Rock\n|\n|-start|p1b: Lokix|perish3\n|-start|p1a: Pachirisu|perish3\n|-start|p2a: Murkrow|perish3\n|-start|p2b: Shuckle|perish3\n|upkeep\n|turn|2\n|inactive|plartosplarto has 120 seconds left.\n|\n|t:|1700005635\n|switch|p1a: Dunsparce|Dunsparce, M|100\/100\n|-damage|p1a: Dunsparce|88\/100|[from] Stealth Rock\n|move|p2a: Murkrow|Taunt|p1a: Dunsparce\n|-start|p1a: Dunsparce|move: Taunt\n|move|p1b: Lokix|X-Scissor|p2a: Murkrow\n|-damage|p2a: Murkrow|42\/100\n|-damage|p1b: Lokix|81\/100|[from] item: Life Orb\n|move|p2b: Shuckle|Sticky Web|p1a: Dunsparce\n|-sidestart|p1: plartosplarto|move: Sticky Web\n|\n|-start|p1b: Lokix|perish2\n|-start|p2a: Murkrow|perish2\n|-start|p2b: Shuckle|perish2\n|upkeep\n|turn|3\n|inactive|plartosplarto has 120 seconds left.\n|\n|t:|1700005663\n|move|p2a: Murkrow|Perish Song|p2a: Murkrow\n|-start|p1a: Dunsparce|perish3|[silent]\n|-fieldactivate|move: Perish Song\n|move|p1b: Lokix|X-Scissor|p2a: Murkrow\n|-damage|p2a: Murkrow|0 fnt\n|faint|p2a: Murkrow\n|-damage|p1b: Lokix|71\/100|[from] item: Life Orb\n|move|p1a: Dunsparce|Hyper Drill|p2b: Shuckle\n|-resisted|p2b: Shuckle\n|-damage|p2b: Shuckle|63\/100\n|move|p2b: Shuckle|Power Split|p1a: Dunsparce\n|-activate|p2b: Shuckle|move: Power Split|[of] p1a: Dunsparce\n|\n|-start|p1b: Lokix|perish1\n|-start|p1a: Dunsparce|perish3\n|-start|p2b: Shuckle|perish1\n|upkeep\n|inactive|Hiub oh fkggj has 120 seconds left.\n|\n|t:|1700005682\n|switch|p2a: Kartana|Kartana|100\/100\n|turn|4\n|\n|t:|1700005694\n|switch|p1b: Slaking|Slaking, M|100\/100\n|-damage|p1b: Slaking|88\/100|[from] Stealth Rock\n|-activate|p1b: Slaking|move: Sticky Web\n|-unboost|p1b: Slaking|spe|1\n|switch|p1a: Slowking|Slowking, M|100\/100\n|-damage|p1a: Slowking|88\/100|[from] Stealth Rock\n|-activate|p1a: Slowking|move: Sticky Web\n|-unboost|p1a: Slowking|spe|1\n|switch|p2b: Indeedee|Indeedee, M|100\/100\n|-fieldstart|move: Psychic Terrain|[from] ability: Psychic Surge|[of] p2b: Indeedee\n|move|p2a: Kartana|Sacred Sword|p1a: Slowking\n|-resisted|p1a: Slowking\n|-damage|p1a: Slowking|65\/100\n|\n|upkeep\n|turn|5\n|inactive|plartosplarto has 120 seconds left.\n|inactive|Hiub oh fkggj has 120 seconds left.\n|\n|t:|1700005746\n|move|p2a: Kartana|Sacred Sword|p1b: Slaking\n|-supereffective|p1b: Slaking\n|-damage|p1b: Slaking|35\/100\n|move|p2b: Indeedee|Energy Ball|p1a: Slowking\n|-supereffective|p1a: Slowking\n|-damage|p1a: Slowking|26\/100\n|-enditem|p1a: Slowking|Rowap Berry|[eat]\n|-damage|p2b: Indeedee|88\/100|[from] item: Rowap Berry|[of] p1a: Slowking\n|move|p1b: Slaking|Body Press|p2a: Kartana\n|-supereffective|p2a: Kartana\n|-damage|p2a: Kartana|60\/100\n|move|p1a: Slowking|Trick Room|p1a: Slowking\n|-fieldstart|move: Trick Room|[of] p1a: Slowking\n|\n|upkeep\n|turn|6\n|inactive|Hiub oh fkggj has 120 seconds left.\n|inactive|plartosplarto has 120 seconds left.\n|inactive|Hiub oh fkggj has 90 seconds left.\n|inactive|plartosplarto has 90 seconds left.\n|inactive|Hiub oh fkggj has 60 seconds left.\n|\n|t:|1700005815\n|switch|p2b: Typhlosion|Typhlosion, M|100\/100\n|switch|p2a: Shuckle|Shuckle, M|63\/100\n|move|p1a: Slowking|Trick|p1b: Slaking\n|-activate|p1a: Slowking|move: Trick|[of] p1b: Slaking\n|-enditem|p1b: Slaking|Assault Vest|[silent]|[from] move: Trick\n|-item|p1a: Slowking|Assault Vest|[from] move: Trick\n|cant|p1b: Slaking|ability: Truant\n|\n|upkeep\n|turn|7\n|-message|plartosplarto forfeited.\n|\n|win|Hiub oh fkggj\n|raw|plartosplarto's rating: 1022 &rarr; <strong>1008<\/strong><br \/>(-14 for losing)\n|raw|Hiub oh fkggj's rating: 1000 &rarr; <strong>1043<\/strong><br \/>(+43 for winning)\n|l|\u2606plartosplarto\n","uploadtime":1700005830,"views":5,"p1id":"plartosplarto","p2id":"hiubohfkggj","formatid":"gen9nationaldexdoubles","rating":1008,"private":0,"password":""}