{"id":"gen9nationaldexdoubles-1970543045","p1":"snowgust","p2":"Andres624342","format":"[Gen 9] National Dex Doubles","log":"|j|\u2606snowgust\n|j|\u2606Andres624342\n|t:|1697647080\n|gametype|doubles\n|player|p1|snowgust|1|1139\n|player|p2|Andres624342|169|1041\n|teamsize|p1|6\n|teamsize|p2|6\n|gen|9\n|tier|[Gen 9] National Dex Doubles\n|rated|\n|rule|HP Percentage Mod: HP is shown in percentages\n|rule|Endless Battle Clause: Forcing endless battles is banned\n|rule|OHKO Clause: OHKO moves are banned\n|rule|Evasion Moves Clause: Evasion moves are banned\n|rule|Evasion Abilities Clause: Evasion abilities are banned\n|rule|Species Clause: Limit one of each Pok\u00e9mon\n|rule|Gravity Sleep Clause: The combination of sleep-inducing moves with imperfect accuracy and Gravity or Gigantamax Orbeetle are banned\n|clearpoke\n|poke|p1|Dunsparce, F|\n|poke|p1|Dudunsparce-*, M|\n|poke|p1|Roaring Moon|\n|poke|p1|Sableye, F|\n|poke|p1|Blissey, F|\n|poke|p1|Dragonite, M|\n|poke|p2|Mudsdale, M|\n|poke|p2|Sawsbuck, M|\n|poke|p2|Wigglytuff, M|\n|poke|p2|Oranguru, F|\n|poke|p2|Lumineon, F|\n|poke|p2|Ambipom, F|\n|teampreview\n|\n|t:|1697647085\n|start\n|switch|p1a: Dunsparce|Dunsparce, F|100\/100\n|switch|p1b: Sableye|Sableye, F|100\/100\n|switch|p2a: Mudsdale|Mudsdale, M|100\/100\n|switch|p2b: Oranguru|Oranguru, F|100\/100\n|turn|1\n|\n|t:|1697647100\n|move|p1b: Sableye|Taunt|p2b: Oranguru\n|-start|p2b: Oranguru|move: Taunt\n|move|p1a: Dunsparce|Rock Slide|p2a: Mudsdale|[spread] p2a,p2b\n|-resisted|p2a: Mudsdale\n|-damage|p2a: Mudsdale|95\/100\n|-damage|p2b: Oranguru|90\/100\n|-ability|p2a: Mudsdale|Stamina|boost\n|-boost|p2a: Mudsdale|def|1\n|cant|p2b: Oranguru|flinch\n|cant|p2a: Mudsdale|flinch\n|\n|upkeep\n|turn|2\n|\n|t:|1697647119\n|move|p1b: Sableye|Gravity|p1b: Sableye\n|-fieldstart|move: Gravity\n|move|p1a: Dunsparce|Rock Slide|p2a: Mudsdale|[spread] p2a,p2b\n|-resisted|p2a: Mudsdale\n|-damage|p2a: Mudsdale|90\/100\n|-damage|p2b: Oranguru|79\/100\n|-ability|p2a: Mudsdale|Stamina|boost\n|-boost|p2a: Mudsdale|def|1\n|cant|p2b: Oranguru|flinch\n|move|p2a: Mudsdale|High Horsepower|p1b: Sableye\n|-damage|p1b: Sableye|54\/100\n|\n|-heal|p1b: Sableye|60\/100|[from] item: Leftovers\n|upkeep\n|turn|3\n|\n|t:|1697647144\n|move|p1b: Sableye|Confuse Ray|p2a: Mudsdale\n|-start|p2a: Mudsdale|confusion\n|move|p1a: Dunsparce|Rock Slide|p2a: Mudsdale|[spread] p2a,p2b\n|-resisted|p2a: Mudsdale\n|-damage|p2a: Mudsdale|87\/100\n|-damage|p2b: Oranguru|68\/100\n|-ability|p2a: Mudsdale|Stamina|boost\n|-boost|p2a: Mudsdale|def|1\n|cant|p2b: Oranguru|flinch\n|-activate|p2a: Mudsdale|confusion\n|move|p2a: Mudsdale|High Horsepower|p1b: Sableye\n|-damage|p1b: Sableye|11\/100\n|\n|-heal|p1b: Sableye|18\/100|[from] item: Leftovers\n|-end|p2b: Oranguru|move: Taunt\n|upkeep\n|turn|4\n|\n|t:|1697647168\n|switch|p2b: Sawsbuck|Sawsbuck, M|100\/100\n|move|p1b: Sableye|Taunt|p2b: Sawsbuck\n|-start|p2b: Sawsbuck|move: Taunt\n|move|p1a: Dunsparce|Rock Slide|p2a: Mudsdale|[spread] p2a,p2b\n|-resisted|p2a: Mudsdale\n|-damage|p2a: Mudsdale|85\/100\n|-damage|p2b: Sawsbuck|85\/100\n|-ability|p2a: Mudsdale|Stamina|boost\n|-boost|p2a: Mudsdale|def|1\n|-activate|p2a: Mudsdale|confusion\n|move|p2a: Mudsdale|Iron Head|p1b: Sableye\n|-damage|p1b: Sableye|0 fnt\n|faint|p1b: Sableye\n|\n|upkeep\n|\n|t:|1697647188\n|switch|p1b: Roaring Moon|Roaring Moon|100\/100\n|-enditem|p1b: Roaring Moon|Booster Energy\n|-activate|p1b: Roaring Moon|ability: Protosynthesis|[fromitem]\n|-start|p1b: Roaring Moon|protosynthesisatk\n|turn|5\n|\n|t:|1697647203\n|move|p1b: Roaring Moon|Tailwind|p1b: Roaring Moon\n|-sidestart|p1: snowgust|move: Tailwind\n|move|p1a: Dunsparce|Rock Slide|p2b: Sawsbuck|[spread] p2a,p2b\n|-resisted|p2a: Mudsdale\n|-damage|p2a: Mudsdale|83\/100\n|-damage|p2b: Sawsbuck|69\/100\n|-ability|p2a: Mudsdale|Stamina|boost\n|-boost|p2a: Mudsdale|def|1\n|move|p2b: Sawsbuck|Wild Charge|p1b: Roaring Moon\n|-resisted|p1b: Roaring Moon\n|-damage|p1b: Roaring Moon|86\/100\n|-damage|p2b: Sawsbuck|66\/100|[from] Recoil\n|cant|p2a: Mudsdale|flinch\n|\n|upkeep\n|turn|6\n|\n|t:|1697647225\n|move|p1b: Roaring Moon|Knock Off|p2a: Mudsdale\n|-damage|p2a: Mudsdale|63\/100\n|-ability|p2a: Mudsdale|Stamina|boost\n|-boost|p2a: Mudsdale|def|1\n|-enditem|p2a: Mudsdale|Assault Vest|[from] move: Knock Off|[of] p1b: Roaring Moon\n|move|p1a: Dunsparce|Rock Slide|p2b: Sawsbuck|[spread] p2a,p2b\n|-resisted|p2a: Mudsdale\n|-damage|p2a: Mudsdale|61\/100\n|-damage|p2b: Sawsbuck|50\/100\n|cant|p2b: Sawsbuck|flinch\n|-activate|p2a: Mudsdale|confusion\n|move|p2a: Mudsdale|Iron Head|p1b: Roaring Moon\n|-damage|p1b: Roaring Moon|48\/100\n|\n|-end|p2b: Sawsbuck|move: Taunt\n|-fieldend|move: Gravity\n|upkeep\n|turn|7\n|\n|t:|1697647249\n|move|p1b: Roaring Moon|Dragon Dance|p1b: Roaring Moon\n|-boost|p1b: Roaring Moon|atk|1\n|-boost|p1b: Roaring Moon|spe|1\n|move|p1a: Dunsparce|Rock Slide|p2b: Sawsbuck|[spread] p2a\n|-miss|p1a: Dunsparce|p2b: Sawsbuck\n|-resisted|p2a: Mudsdale\n|-damage|p2a: Mudsdale|60\/100\n|move|p2b: Sawsbuck|Horn Leech|p1a: Dunsparce\n|-crit|p1a: Dunsparce\n|-damage|p1a: Dunsparce|39\/100\n|-heal|p2b: Sawsbuck|79\/100|[from] drain|[of] p1a: Dunsparce\n|cant|p2a: Mudsdale|flinch\n|\n|upkeep\n|turn|8\n|\n|t:|1697647268\n|move|p1b: Roaring Moon|Rock Slide|p2a: Mudsdale|[spread] p2a,p2b\n|-resisted|p2a: Mudsdale\n|-damage|p2a: Mudsdale|54\/100\n|-damage|p2b: Sawsbuck|23\/100\n|move|p1a: Dunsparce|Rock Slide|p2b: Sawsbuck|[spread] p2a,p2b\n|-resisted|p2a: Mudsdale\n|-damage|p2a: Mudsdale|53\/100\n|-damage|p2b: Sawsbuck|7\/100\n|move|p2b: Sawsbuck|Horn Leech|p1a: Dunsparce\n|-damage|p1a: Dunsparce|3\/100\n|-heal|p2b: Sawsbuck|24\/100|[from] drain|[of] p1a: Dunsparce\n|cant|p2a: Mudsdale|flinch\n|\n|-sideend|p1: snowgust|move: Tailwind\n|upkeep\n|turn|9\n|\n|t:|1697647287\n|move|p1b: Roaring Moon|Rock Slide|p2b: Sawsbuck|[spread] p2a,p2b\n|-resisted|p2a: Mudsdale\n|-damage|p2a: Mudsdale|48\/100\n|-damage|p2b: Sawsbuck|0 fnt\n|faint|p2b: Sawsbuck\n|move|p1a: Dunsparce|Rock Slide|p2a: Mudsdale\n|-resisted|p2a: Mudsdale\n|-damage|p2a: Mudsdale|46\/100\n|cant|p2a: Mudsdale|flinch\n|\n|upkeep\n|\n|t:|1697647299\n|switch|p2b: Lumineon|Lumineon, F|100\/100\n|turn|10\n|\n|t:|1697647310\n|move|p1b: Roaring Moon|Knock Off|p2b: Lumineon\n|-damage|p2b: Lumineon|0 fnt\n|-enditem|p2b: Lumineon|Leftovers|[from] move: Knock Off|[of] p1b: Roaring Moon\n|faint|p2b: Lumineon\n|move|p1a: Dunsparce|Rock Slide|p2a: Mudsdale\n|-resisted|p2a: Mudsdale\n|-damage|p2a: Mudsdale|44\/100\n|cant|p2a: Mudsdale|flinch\n|\n|upkeep\n|\n|t:|1697647322\n|switch|p2b: Ambipom|Ambipom, F|100\/100\n|turn|11\n|\n|t:|1697647329\n|move|p2b: Ambipom|Fake Out|p1b: Roaring Moon\n|-damage|p1b: Roaring Moon|2\/100\n|-damage|p2b: Ambipom|91\/100|[from] item: Life Orb\n|cant|p1b: Roaring Moon|flinch\n|move|p1a: Dunsparce|Rock Slide|p2a: Mudsdale|[spread] p2b\n|-miss|p1a: Dunsparce|p2a: Mudsdale\n|-damage|p2b: Ambipom|75\/100\n|-end|p2a: Mudsdale|confusion\n|move|p2a: Mudsdale|Close Combat|p1b: Roaring Moon\n|-supereffective|p1b: Roaring Moon\n|-damage|p1b: Roaring Moon|0 fnt\n|-unboost|p2a: Mudsdale|def|1\n|-unboost|p2a: Mudsdale|spd|1\n|faint|p1b: Roaring Moon\n|-end|p1b: Roaring Moon|Protosynthesis|[silent]\n|\n|upkeep\n|\n|t:|1697647347\n|switch|p1b: Dragonite|Dragonite, M|100\/100\n|turn|12\n|\n|t:|1697647354\n|move|p1a: Dunsparce|Rock Slide|p2a: Mudsdale|[spread] p2a,p2b\n|-resisted|p2a: Mudsdale\n|-damage|p2a: Mudsdale|42\/100\n|-damage|p2b: Ambipom|61\/100\n|-ability|p2a: Mudsdale|Stamina|boost\n|-boost|p2a: Mudsdale|def|1\n|move|p2b: Ambipom|Knock Off|p2a: Mudsdale\n|-damage|p2a: Mudsdale|35\/100\n|-damage|p2b: Ambipom|51\/100|[from] item: Life Orb\n|move|p1b: Dragonite|Thunder Wave|p2b: Ambipom\n|-status|p2b: Ambipom|par\n|move|p2a: Mudsdale|Iron Head|p1b: Dragonite\n|-damage|p1b: Dragonite|88\/100\n|\n|-heal|p1b: Dragonite|94\/100|[from] item: Leftovers\n|upkeep\n|turn|13\n|\n|t:|1697647380\n|move|p1a: Dunsparce|Rock Slide|p2a: Mudsdale|[spread] p2b\n|-miss|p1a: Dunsparce|p2a: Mudsdale\n|-damage|p2b: Ambipom|34\/100 par\n|move|p1b: Dragonite|Substitute|p1b: Dragonite\n|-start|p1b: Dragonite|Substitute\n|-damage|p1b: Dragonite|69\/100\n|move|p2b: Ambipom|Knock Off|p1b: Dragonite\n|-end|p1b: Dragonite|Substitute\n|-damage|p2b: Ambipom|24\/100 par|[from] item: Life Orb\n|move|p2a: Mudsdale|Body Slam|p1b: Dragonite\n|-damage|p1b: Dragonite|40\/100\n|\n|-heal|p1b: Dragonite|46\/100|[from] item: Leftovers\n|upkeep\n|turn|14\n|\n|t:|1697647401\n|move|p1a: Dunsparce|Rock Slide|p2b: Ambipom|[spread] p2a,p2b\n|-resisted|p2a: Mudsdale\n|-damage|p2a: Mudsdale|33\/100\n|-damage|p2b: Ambipom|9\/100 par\n|move|p1b: Dragonite|Dragon Dance|p1b: Dragonite\n|-boost|p1b: Dragonite|atk|1\n|-boost|p1b: Dragonite|spe|1\n|cant|p2b: Ambipom|flinch\n|cant|p2a: Mudsdale|flinch\n|\n|-heal|p1b: Dragonite|53\/100|[from] item: Leftovers\n|upkeep\n|turn|15\n|\n|t:|1697647417\n|move|p1a: Dunsparce|Rock Slide|p2b: Ambipom|[spread] p2a,p2b\n|-resisted|p2a: Mudsdale\n|-damage|p2a: Mudsdale|32\/100\n|-damage|p2b: Ambipom|0 fnt\n|faint|p2b: Ambipom\n|move|p1b: Dragonite|Dragon Dance|p1b: Dragonite\n|-boost|p1b: Dragonite|atk|1\n|-boost|p1b: Dragonite|spe|1\n|cant|p2a: Mudsdale|flinch\n|\n|-heal|p1b: Dragonite|59\/100|[from] item: Leftovers\n|upkeep\n|\n|t:|1697647431\n|switch|p2b: Wigglytuff|Wigglytuff, M|100\/100\n|turn|16\n|\n|t:|1697647438\n|move|p1b: Dragonite|Rock Slide|p2a: Mudsdale|[spread] p2a,p2b\n|-resisted|p2a: Mudsdale\n|-crit|p2b: Wigglytuff\n|-damage|p2a: Mudsdale|28\/100\n|-damage|p2b: Wigglytuff|44\/100\n|move|p1a: Dunsparce|Rock Slide|p2b: Wigglytuff|[spread] p2a,p2b\n|-resisted|p2a: Mudsdale\n|-damage|p2a: Mudsdale|26\/100\n|-damage|p2b: Wigglytuff|30\/100\n|cant|p2b: Wigglytuff|flinch\n|move|p2a: Mudsdale|Body Slam|p1b: Dragonite\n|-damage|p1b: Dragonite|31\/100\n|\n|-heal|p1b: Dragonite|38\/100|[from] item: Leftovers\n|upkeep\n|turn|17\n|\n|t:|1697647460\n|switch|p1a: Dudunsparce|Dudunsparce, M|100\/100\n|move|p1b: Dragonite|Rock Slide|p2a: Mudsdale|[spread] p2a,p2b\n|-resisted|p2a: Mudsdale\n|-damage|p2a: Mudsdale|22\/100\n|-damage|p2b: Wigglytuff|0 fnt\n|faint|p2b: Wigglytuff\n|cant|p2a: Mudsdale|flinch\n|\n|-heal|p1b: Dragonite|44\/100|[from] item: Leftovers\n|upkeep\n|\n|t:|1697647471\n|switch|p2b: Oranguru|Oranguru, F|68\/100\n|turn|18\n|\n|t:|1697647478\n|move|p1b: Dragonite|Thunder Wave|p2b: Oranguru\n|-status|p2b: Oranguru|par\n|move|p1a: Dudunsparce|Rock Slide|p2a: Mudsdale|[spread] p2a\n|-miss|p1a: Dudunsparce|p2b: Oranguru\n|-resisted|p2a: Mudsdale\n|-damage|p2a: Mudsdale|20\/100\n|cant|p2a: Mudsdale|flinch\n|move|p2b: Oranguru|Trick Room|p2b: Oranguru\n|-fieldstart|move: Trick Room|[of] p2b: Oranguru\n|\n|-heal|p1b: Dragonite|50\/100|[from] item: Leftovers\n|upkeep\n|turn|19\n|\n|t:|1697647503\n|move|p2b: Oranguru|Energy Ball|p1b: Dragonite\n|-resisted|p1b: Dragonite\n|-damage|p1b: Dragonite|47\/100\n|move|p2a: Mudsdale|Body Slam|p1b: Dragonite\n|-damage|p1b: Dragonite|18\/100\n|move|p1a: Dudunsparce|Coil|p1a: Dudunsparce\n|-boost|p1a: Dudunsparce|atk|1\n|-boost|p1a: Dudunsparce|def|1\n|-boost|p1a: Dudunsparce|accuracy|1\n|move|p1b: Dragonite|Substitute|p1b: Dragonite\n|-fail|p1b: Dragonite|move: Substitute|[weak]\n|\n|-heal|p1b: Dragonite|25\/100|[from] item: Leftovers\n|upkeep\n|turn|20\n|\n|t:|1697647521\n|move|p2b: Oranguru|Reflect|p2b: Oranguru\n|-sidestart|p2: Andres624342|Reflect\n|move|p2a: Mudsdale|Body Slam|p1b: Dragonite\n|-damage|p1b: Dragonite|0 fnt\n|faint|p1b: Dragonite\n|move|p1a: Dudunsparce|Coil|p1a: Dudunsparce\n|-boost|p1a: Dudunsparce|atk|1\n|-boost|p1a: Dudunsparce|def|1\n|-boost|p1a: Dudunsparce|accuracy|1\n|\n|upkeep\n|\n|t:|1697647530\n|switch|p1b: Dunsparce|Dunsparce, F|3\/100\n|turn|21\n|\n|t:|1697647543\n|move|p2b: Oranguru|Energy Ball|p1b: Dunsparce\n|-damage|p1b: Dunsparce|0 fnt\n|faint|p1b: Dunsparce\n|move|p2a: Mudsdale|Close Combat|p1a: Dudunsparce\n|-supereffective|p1a: Dudunsparce\n|-damage|p1a: Dudunsparce|59\/100\n|-unboost|p2a: Mudsdale|def|1\n|-unboost|p2a: Mudsdale|spd|1\n|move|p1a: Dudunsparce|Coil|p1a: Dudunsparce\n|-boost|p1a: Dudunsparce|atk|1\n|-boost|p1a: Dudunsparce|def|1\n|-boost|p1a: Dudunsparce|accuracy|1\n|\n|-heal|p1a: Dudunsparce|65\/100|[from] item: Leftovers\n|upkeep\n|\n|t:|1697647555\n|switch|p1b: Blissey|Blissey, F|100\/100\n|turn|22\n|\n|t:|1697647570\n|move|p2b: Oranguru|Energy Ball|p1b: Blissey\n|-damage|p1b: Blissey|93\/100\n|move|p2a: Mudsdale|High Horsepower|p1b: Blissey\n|-damage|p1b: Blissey|0 fnt\n|faint|p1b: Blissey\n|move|p1a: Dudunsparce|Rock Slide|p2b: Oranguru|[spread] p2a,p2b\n|-resisted|p2a: Mudsdale\n|-damage|p2a: Mudsdale|16\/100\n|-damage|p2b: Oranguru|41\/100 par\n|-ability|p2a: Mudsdale|Stamina|boost\n|-boost|p2a: Mudsdale|def|1\n|\n|-heal|p1a: Dudunsparce|71\/100|[from] item: Leftovers\n|-fieldend|move: Trick Room\n|upkeep\n|turn|23\n|\n|t:|1697647588\n|move|p1a: Dudunsparce|Rock Slide|p2a: Mudsdale|[spread] p2a,p2b\n|-resisted|p2a: Mudsdale\n|-damage|p2a: Mudsdale|13\/100\n|-damage|p2b: Oranguru|14\/100 par\n|cant|p2a: Mudsdale|flinch\n|cant|p2b: Oranguru|flinch\n|\n|-heal|p1a: Dudunsparce|77\/100|[from] item: Leftovers\n|upkeep\n|turn|24\n|\n|t:|1697647603\n|move|p1a: Dudunsparce|Rock Slide|p2b: Oranguru|[spread] p2a,p2b\n|-resisted|p2a: Mudsdale\n|-damage|p2a: Mudsdale|9\/100\n|-damage|p2b: Oranguru|0 fnt\n|faint|p2b: Oranguru\n|cant|p2a: Mudsdale|flinch\n|\n|-heal|p1a: Dudunsparce|83\/100|[from] item: Leftovers\n|upkeep\n|turn|25\n|\n|t:|1697647614\n|move|p1a: Dudunsparce|Rock Slide|p2a: Mudsdale\n|-resisted|p2a: Mudsdale\n|-damage|p2a: Mudsdale|5\/100\n|cant|p2a: Mudsdale|flinch\n|\n|-heal|p1a: Dudunsparce|89\/100|[from] item: Leftovers\n|upkeep\n|turn|26\n|\n|t:|1697647624\n|move|p1a: Dudunsparce|Rock Slide|p2a: Mudsdale\n|-resisted|p2a: Mudsdale\n|-damage|p2a: Mudsdale|0 fnt\n|faint|p2a: Mudsdale\n|\n|win|snowgust\n|raw|snowgust's rating: 1139 &rarr; <strong>1157<\/strong><br \/>(+18 for winning)\n|raw|Andres624342's rating: 1041 &rarr; <strong>1029<\/strong><br \/>(-12 for losing)\n|c|\u2606snowgust|gg\n","uploadtime":1697647642,"views":10,"p1id":"snowgust","p2id":"andres624342","formatid":"gen9nationaldexdoubles","rating":1029,"private":0,"password":""}