{"id":"gen9nationaldexdoubles-1977131987","p1":"JacintoElGrande","p2":"Elnutriajp","format":"[Gen 9] National Dex Doubles","log":"|j|\u2606JacintoElGrande\n|j|\u2606Elnutriajp\n|t:|1698375254\n|gametype|doubles\n|player|p1|JacintoElGrande|doctor-gen8|\n|player|p2|Elnutriajp|lucas|\n|teamsize|p1|6\n|teamsize|p2|6\n|gen|9\n|tier|[Gen 9] National Dex Doubles\n|rule|HP Percentage Mod: HP is shown in percentages\n|rule|Endless Battle Clause: Forcing endless battles is banned\n|rule|OHKO Clause: OHKO moves are banned\n|rule|Evasion Moves Clause: Evasion moves are banned\n|rule|Evasion Abilities Clause: Evasion abilities are banned\n|rule|Species Clause: Limit one of each Pok\u00e9mon\n|rule|Gravity Sleep Clause: The combination of sleep-inducing moves with imperfect accuracy and Gravity or Gigantamax Orbeetle are banned\n|clearpoke\n|poke|p1|Galvantula, M|\n|poke|p1|Beedrill, F|\n|poke|p1|Scizor, M|\n|poke|p1|Vikavolt, F|\n|poke|p1|Frosmoth, F|\n|poke|p1|Crustle, F|\n|poke|p2|Rillaboom, F|\n|poke|p2|Venusaur, F|\n|poke|p2|Trevenant, M|\n|poke|p2|Whimsicott, F|\n|poke|p2|Leafeon, F|\n|poke|p2|Lilligant, F|\n|teampreview\n|c|\u2606Elnutriajp|ahora para devolver la anterior XD\n|c|\u2606JacintoElGrande|gl hf\n|c|\u2606JacintoElGrande|no era necesario\n|c|\u2606JacintoElGrande|pero se aprecia\n|\n|t:|1698375309\n|start\n|switch|p1a: Beedrill|Beedrill, F, shiny|100\/100\n|switch|p1b: Frosmoth|Frosmoth, F|100\/100\n|switch|p2a: Karimero|Rillaboom, F|100\/100\n|switch|p2b: Eliot|Trevenant, M, shiny|100\/100\n|-fieldstart|move: Grassy Terrain|[from] ability: Grassy Surge|[of] p2a: Karimero\n|turn|1\n|\n|t:|1698375332\n|move|p1a: Beedrill|Protect|p1a: Beedrill\n|-singleturn|p1a: Beedrill|Protect\n|move|p1b: Frosmoth|Protect|p1b: Frosmoth\n|-singleturn|p1b: Frosmoth|Protect\n|move|p2a: Karimero|Fake Out|p1b: Frosmoth\n|-activate|p1b: Frosmoth|move: Protect\n|move|p2b: Eliot|Curse|p1b: Frosmoth\n|-start|p1b: Frosmoth|Curse|[of] p2b: Eliot\n|-damage|p2b: Eliot|50\/100\n|-enditem|p2b: Eliot|Sitrus Berry|[eat]\n|-heal|p2b: Eliot|75\/100|[from] item: Sitrus Berry\n|\n|-heal|p2b: Eliot|82\/100|[from] Grassy Terrain\n|-damage|p1b: Frosmoth|76\/100|[from] Curse\n|upkeep\n|turn|2\n|\n|t:|1698375363\n|switch|p1b: Galvantula|Galvantula, M|100\/100\n|detailschange|p1a: Beedrill|Beedrill-Mega, F, shiny\n|-mega|p1a: Beedrill|Beedrill|Beedrillite\n|move|p1a: Beedrill|Poison Jab|p2a: Karimero\n|-supereffective|p2a: Karimero\n|-damage|p2a: Karimero|0 fnt\n|faint|p2a: Karimero\n|move|p2b: Eliot|Leech Seed|p1a: Beedrill\n|-start|p1a: Beedrill|move: Leech Seed\n|\n|-heal|p2b: Eliot|88\/100|[from] Grassy Terrain\n|-damage|p1a: Beedrill|88\/100|[from] Leech Seed|[of] p2b: Eliot\n|-heal|p2b: Eliot|97\/100|[silent]\n|upkeep\n|\n|t:|1698375378\n|switch|p2a: Lillia|Lilligant, F|100\/100\n|turn|3\n|\n|t:|1698375403\n|move|p1a: Beedrill|Fell Stinger|p2a: Lillia\n|-supereffective|p2a: Lillia\n|-damage|p2a: Lillia|0 fnt\n|faint|p2a: Lillia\n|-boost|p1a: Beedrill|atk|3\n|move|p1b: Galvantula|Bug Buzz|p2b: Eliot\n|-damage|p2b: Eliot|70\/100\n|move|p2b: Eliot|Curse|p1b: Galvantula\n|-start|p1b: Galvantula|Curse|[of] p2b: Eliot\n|-damage|p2b: Eliot|20\/100\n|\n|-heal|p1a: Beedrill|94\/100|[from] Grassy Terrain\n|-heal|p2b: Eliot|26\/100|[from] Grassy Terrain\n|-damage|p1a: Beedrill|82\/100|[from] Leech Seed|[of] p2b: Eliot\n|-heal|p2b: Eliot|35\/100|[silent]\n|-damage|p1b: Galvantula|76\/100|[from] Curse\n|-item|p2b: Eliot|Sitrus Berry|[from] ability: Harvest\n|upkeep\n|-enditem|p2b: Eliot|Sitrus Berry|[eat]\n|-heal|p2b: Eliot|60\/100|[from] item: Sitrus Berry\n|c|\u2606Elnutriajp|lo malo de planta es que nadie mete sol por salir al.campo XD\n|\n|t:|1698375431\n|switch|p2a: Javi|Whimsicott, F|100\/100\n|turn|4\n|c|\u2606JacintoElGrande|y planta es como debil a todo xd\n|c|\u2606JacintoElGrande|pero por lo menos suelen tener tipos secundarios pa equilibrar\n|\n|t:|1698375501\n|move|p2a: Javi|Tailwind|p2a: Javi\n|-sidestart|p2: Elnutriajp|move: Tailwind\n|move|p1a: Beedrill|Poison Jab|p2a: Javi\n|-supereffective|p2a: Javi\n|-damage|p2a: Javi|0 fnt\n|faint|p2a: Javi\n|move|p1b: Galvantula|Bug Buzz|p2b: Eliot\n|-damage|p2b: Eliot|31\/100\n|move|p2b: Eliot|Haze|p2b: Eliot\n|-clearallboost\n|\n|-heal|p1a: Beedrill|88\/100|[from] Grassy Terrain\n|-heal|p1b: Galvantula|82\/100|[from] Grassy Terrain\n|-heal|p2b: Eliot|38\/100|[from] Grassy Terrain\n|-damage|p1a: Beedrill|76\/100|[from] Leech Seed|[of] p2b: Eliot\n|-heal|p2b: Eliot|46\/100|[silent]\n|-damage|p1b: Galvantula|57\/100|[from] Curse\n|-item|p2b: Eliot|Sitrus Berry|[from] ability: Harvest\n|upkeep\n|-enditem|p2b: Eliot|Sitrus Berry|[eat]\n|-heal|p2b: Eliot|71\/100|[from] item: Sitrus Berry\n|c|\u2606Elnutriajp|mataste a javi :c\n|\n|t:|1698375534\n|switch|p2a: Rosemary|Leafeon, F|100\/100\n|turn|5\n|c|\u2606JacintoElGrande|con un x4 de un beedrill a +3 con adaptable\n|c|\u2606JacintoElGrande|no se sinti\u00f3  bien :c\n|\n|t:|1698375574\n|-terastallize|p2a: Rosemary|Normal\n|move|p2a: Rosemary|X-Scissor|p1b: Galvantula\n|-damage|p1b: Galvantula|9\/100\n|move|p1a: Beedrill|Fell Stinger|p2a: Rosemary\n|-damage|p2a: Rosemary|64\/100\n|move|p1b: Galvantula|Bug Buzz|p2b: Eliot\n|-damage|p2b: Eliot|41\/100\n|-unboost|p2b: Eliot|spd|1\n|move|p2b: Eliot|Curse|p1a: Beedrill\n|-start|p1a: Beedrill|Curse|[of] p2b: Eliot\n|-damage|p2b: Eliot|0 fnt\n|faint|p2b: Eliot\n|\n|-heal|p2a: Rosemary|70\/100|[from] Grassy Terrain\n|-heal|p1a: Beedrill|82\/100|[from] Grassy Terrain\n|-heal|p1b: Galvantula|15\/100|[from] Grassy Terrain\n|-damage|p1a: Beedrill|57\/100|[from] Curse\n|-damage|p1b: Galvantula|0 fnt|[from] Curse\n|faint|p1b: Galvantula\n|upkeep\n|\n|t:|1698375612\n|switch|p1b: Scizor|Scizor, M|100\/100\n|switch|p2b: Lechuga|Venusaur, F, shiny|100\/100\n|turn|6\n|c|\u2606Elnutriajp|por cierto, mi lechuga es una leyenda en los shinys\n|c|\u2606JacintoElGrande|en que sentido?\n|c|\u2606Elnutriajp|un venasaur HEMBRA, shiny OSCURO e  Pok\u00e9mon go\n|c|\u2606JacintoElGrande|wow\n|c|\u2606Elnutriajp|las probabilidades son bajas a cagar XD\n|c|\u2606JacintoElGrande|ivs perfectos tambi\u00e9n?\n|c|\u2606Elnutriajp|solo en ataque XD\n|c|\u2606Elnutriajp|ojal\u00e1 pero eso ya e imposible\n|c|\u2606Elnutriajp|pero ya que sea shiny oscuro era mucho pedir, pero hembra? xdd\n|\n|t:|1698375740\n|switch|p1a: Crustle|Crustle, F|100\/100\n|-terastallize|p1b: Scizor|Steel\n|move|p1b: Scizor|Bullet Punch|p2a: Rosemary\n|-damage|p2a: Rosemary|27\/100\n|move|p2a: Rosemary|Facade|p1a: Crustle\n|-resisted|p1a: Crustle\n|-damage|p1a: Crustle|83\/100\n|move|p2b: Lechuga|Sunny Day|p2b: Lechuga\n|-weather|SunnyDay\n|\n|-weather|SunnyDay|[upkeep]\n|-heal|p2a: Rosemary|33\/100|[from] Grassy Terrain\n|-heal|p1a: Crustle|89\/100|[from] Grassy Terrain\n|upkeep\n|turn|7\n|c|\u2606JacintoElGrande|cuantas son las chances m\u00e1s o menos?\n|\n|t:|1698375765\n|detailschange|p2b: Lechuga|Venusaur-Mega, F, shiny\n|-mega|p2b: Lechuga|Venusaur|Venusaurite\n|move|p1b: Scizor|Bullet Punch|p2a: Rosemary\n|-damage|p2a: Rosemary|0 fnt\n|faint|p2a: Rosemary\n|move|p2b: Lechuga|Petal Blizzard|p1a: Crustle|[spread] p1a,p1b\n|-resisted|p1b: Scizor\n|-damage|p1a: Crustle|47\/100\n|-damage|p1b: Scizor|80\/100\n|move|p1a: Crustle|Shell Smash|p1a: Crustle\n|-unboost|p1a: Crustle|def|1\n|-unboost|p1a: Crustle|spd|1\n|-boost|p1a: Crustle|atk|2\n|-boost|p1a: Crustle|spa|2\n|-boost|p1a: Crustle|spe|2\n|-enditem|p1a: Crustle|White Herb\n|-clearnegativeboost|p1a: Crustle|[silent]\n|\n|-weather|SunnyDay|[upkeep]\n|-heal|p1a: Crustle|53\/100|[from] Grassy Terrain\n|-heal|p1b: Scizor|87\/100|[from] Grassy Terrain\n|-sideend|p2: Elnutriajp|move: Tailwind\n|upkeep\n|turn|8\n|c|\u2606Elnutriajp|a ver, shiny oscuro Bulbasaur, solo el lider rocket te puede dar, ose acada 6 reclutas y encontrar al lider, luego la prov de 1\/600, m\u00e1s el hombre que es 12.50% y encima te puede tocar otro oscuro\n|c|\u2606Elnutriajp|osea no es farmeable XD\n|\n|t:|1698375876\n|move|p1a: Crustle|Rock Blast|p2b: Lechuga\n|-damage|p2b: Lechuga|80\/100\n|-damage|p2b: Lechuga|60\/100\n|-hitcount|p2b: Lechuga|2\n|move|p2b: Lechuga|Petal Blizzard|p1a: Crustle|[spread] p1a,p1b\n|-resisted|p1b: Scizor\n|-damage|p1a: Crustle|8\/100\n|-damage|p1b: Scizor|67\/100\n|move|p1b: Scizor|Bug Bite|p2b: Lechuga\n|-damage|p2b: Lechuga|14\/100\n|\n|-weather|SunnyDay|[upkeep]\n|-heal|p1a: Crustle|14\/100|[from] Grassy Terrain\n|-heal|p2b: Lechuga|20\/100|[from] Grassy Terrain\n|-heal|p1b: Scizor|73\/100|[from] Grassy Terrain\n|-fieldend|move: Grassy Terrain\n|upkeep\n|turn|9\n|c|\u2606JacintoElGrande|chucha\n|c|\u2606JacintoElGrande|eso es caleta\n|c|\u2606Elnutriajp|y sin hacks\n|c|\u2606Elnutriajp|fue al lado de mi casa\n|c|\u2606Elnutriajp|que es lo mejor\n|\n|t:|1698375931\n|move|p1b: Scizor|Bullet Punch|p2b: Lechuga\n|-damage|p2b: Lechuga|0 fnt\n|faint|p2b: Lechuga\n|\n|win|JacintoElGrande\n|c|\u2606JacintoElGrande|o sea que fue a domicilio xD\n|c|\u2606JacintoElGrande|que mejor\n|c|\u2606JacintoElGrande|ggs\n|c|\u2606Elnutriajp|dejame te muestro xd\n","uploadtime":1698375950,"views":11,"p1id":"jacintoelgrande","p2id":"elnutriajp","formatid":"gen9nationaldexdoubles","rating":0,"private":0,"password":""}