{"id":"gen9nationaldexdoubles-1950895474","p1":"El Ryuk456","p2":"LAIDEN22","format":"[Gen 9] National Dex Doubles","log":"|j|\u2606El Ryuk456\n|j|\u2606LAIDEN22\n|t:|1695517013\n|gametype|doubles\n|player|p1|El Ryuk456|blaine|1245\n|player|p2|LAIDEN22|1|1425\n|teamsize|p1|6\n|teamsize|p2|6\n|gen|9\n|tier|[Gen 9] National Dex Doubles\n|rated|\n|rule|HP Percentage Mod: HP is shown in percentages\n|rule|Endless Battle Clause: Forcing endless battles is banned\n|rule|OHKO Clause: OHKO moves are banned\n|rule|Evasion Moves Clause: Evasion moves are banned\n|rule|Evasion Abilities Clause: Evasion abilities are banned\n|rule|Species Clause: Limit one of each Pok\u00e9mon\n|rule|Gravity Sleep Clause: The combination of sleep-inducing moves with imperfect accuracy and Gravity or Gigantamax Orbeetle are banned\n|clearpoke\n|poke|p1|Krookodile, M|\n|poke|p1|Excadrill, M|\n|poke|p1|Mandibuzz, F|\n|poke|p1|Salamence, M|\n|poke|p1|Quaquaval, M|\n|poke|p1|Amoonguss, F|\n|poke|p2|Dracovish|\n|poke|p2|Tyranitar, M|\n|poke|p2|Zygarde|\n|poke|p2|Aerodactyl, F|\n|poke|p2|Klefki, M|\n|poke|p2|Chien-Pao|\n|teampreview\n|inactive|Battle timer is ON: inactive players will automatically lose when time's up. (requested by LAIDEN22)\n|inactive|LAIDEN22 has 120 seconds left.\n|\n|t:|1695517044\n|start\n|switch|p1a: Atraco|Krookodile, M|100\/100\n|switch|p1b: Speckles|Excadrill, M|100\/100\n|switch|p2a: SKYDROP|Aerodactyl, F|100\/100\n|switch|p2b: CHAR|Tyranitar, M|100\/100\n|-ability|p2a: SKYDROP|Unnerve\n|-ability|p1b: Speckles|Mold Breaker\n|-ability|p1a: Atraco|Intimidate|boost\n|-unboost|p2a: SKYDROP|atk|1\n|-unboost|p2b: CHAR|atk|1\n|-weather|Sandstorm|[from] ability: Sand Stream|[of] p2b: CHAR\n|turn|1\n|\n|t:|1695517064\n|detailschange|p2a: SKYDROP|Aerodactyl-Mega, F\n|-mega|p2a: SKYDROP|Aerodactyl|Aerodactylite\n|move|p2a: SKYDROP|Sky Drop||[still]\n|-prepare|p2a: SKYDROP|Sky Drop|p1a: Atraco\n|move|p1b: Speckles|Iron Head|p2a: SKYDROP|[miss]\n|-miss|p1b: Speckles|p2a: SKYDROP\n|move|p2b: CHAR|Knock Off|p1b: Speckles\n|-damage|p1b: Speckles|68\/100\n|\n|-weather|Sandstorm|[upkeep]\n|upkeep\n|turn|2\n|\n|t:|1695517078\n|move|p2a: SKYDROP|Sky Drop|p1a: Atraco|[from]lockedmove\n|-damage|p1a: Atraco|75\/100\n|-end|p1a: Atraco|Sky Drop\n|move|p1b: Speckles|Iron Head|p2a: SKYDROP\n|-supereffective|p2a: SKYDROP\n|-damage|p2a: SKYDROP|7\/100\n|move|p1a: Atraco|Stomping Tantrum|p2b: CHAR\n|-supereffective|p2b: CHAR\n|-damage|p2b: CHAR|55\/100\n|move|p2b: CHAR|Low Kick|p1b: Speckles\n|-supereffective|p1b: Speckles\n|-damage|p1b: Speckles|26\/100\n|\n|-weather|Sandstorm|[upkeep]\n|upkeep\n|turn|3\n|\n|t:|1695517106\n|move|p1b: Speckles|Protect|p1b: Speckles\n|-singleturn|p1b: Speckles|Protect\n|move|p2a: SKYDROP|Tailwind|p2a: SKYDROP\n|-sidestart|p2: LAIDEN22|move: Tailwind\n|move|p2b: CHAR|Low Kick|p1b: Speckles\n|-activate|p1b: Speckles|move: Protect\n|move|p1a: Atraco|Rock Slide|p2a: SKYDROP|[spread] p2a\n|-miss|p1a: Atraco|p2b: CHAR\n|-supereffective|p2a: SKYDROP\n|-damage|p2a: SKYDROP|0 fnt\n|faint|p2a: SKYDROP\n|\n|-weather|Sandstorm|[upkeep]\n|upkeep\n|j| qasxcfdcvbjhygtf\n|\n|t:|1695517120\n|switch|p2a: BRR|Dracovish|100\/100\n|turn|4\n|\n|t:|1695517128\n|switch|p1b: Blue Flame|Salamence, M|100\/100\n|-ability|p1b: Blue Flame|Intimidate|boost\n|-unboost|p2a: BRR|atk|1\n|-unboost|p2b: CHAR|atk|1\n|switch|p1a: Hortencia|Amoonguss, F|100\/100\n|move|p2a: BRR|Fishious Rend|p1a: Hortencia\n|-resisted|p1a: Hortencia\n|-damage|p1a: Hortencia|75\/100\n|-damage|p2a: BRR|84\/100|[from] item: Rocky Helmet|[of] p1a: Hortencia\n|move|p2b: CHAR|Low Kick|p1b: Blue Flame\n|-resisted|p1b: Blue Flame\n|-damage|p1b: Blue Flame|90\/100\n|\n|-weather|Sandstorm|[upkeep]\n|-damage|p1b: Blue Flame|84\/100|[from] Sandstorm\n|-damage|p1a: Hortencia|69\/100|[from] Sandstorm\n|upkeep\n|turn|5\n|\n|t:|1695517154\n|switch|p2b: IDK|Chien-Pao|100\/100\n|-ability|p2b: IDK|Sword of Ruin\n|move|p2a: BRR|Protect|p2a: BRR\n|-singleturn|p2a: BRR|Protect\n|move|p1b: Blue Flame|Protect|p1b: Blue Flame\n|-singleturn|p1b: Blue Flame|Protect\n|move|p1a: Hortencia|Spore|p2a: BRR\n|-activate|p2a: BRR|move: Protect\n|\n|-weather|none\n|upkeep\n|turn|6\n|\n|t:|1695517173\n|switch|p2a: CHAR|Tyranitar, M|55\/100\n|-weather|Sandstorm|[from] ability: Sand Stream|[of] p2a: CHAR\n|detailschange|p1b: Blue Flame|Salamence-Mega, M\n|-mega|p1b: Blue Flame|Salamence|Salamencite\n|-terastallize|p1a: Hortencia|Water\n|move|p1a: Hortencia|Rage Powder|p1a: Hortencia\n|-singleturn|p1a: Hortencia|move: Rage Powder\n|move|p2b: IDK|Ice Spinner|p1a: Hortencia\n|-resisted|p1a: Hortencia\n|-damage|p1a: Hortencia|40\/100\n|-damage|p2b: IDK|84\/100|[from] item: Rocky Helmet|[of] p1a: Hortencia\n|-damage|p2b: IDK|74\/100|[from] item: Life Orb\n|move|p1b: Blue Flame|Dragon Dance|p1b: Blue Flame\n|-boost|p1b: Blue Flame|atk|1\n|-boost|p1b: Blue Flame|spe|1\n|\n|-weather|Sandstorm|[upkeep]\n|-damage|p2b: IDK|68\/100|[from] Sandstorm\n|-damage|p1b: Blue Flame|78\/100|[from] Sandstorm\n|-damage|p1a: Hortencia|34\/100|[from] Sandstorm\n|-sideend|p2: LAIDEN22|move: Tailwind\n|upkeep\n|turn|7\n|\n|t:|1695517194\n|move|p1a: Hortencia|Rage Powder|p1a: Hortencia\n|-singleturn|p1a: Hortencia|move: Rage Powder\n|move|p1b: Blue Flame|Double-Edge|p2a: CHAR\n|-resisted|p2a: CHAR\n|-damage|p2a: CHAR|0 fnt\n|faint|p2a: CHAR\n|-damage|p1b: Blue Flame|57\/100|[from] Recoil\n|move|p2b: IDK|Ice Spinner|p1a: Hortencia\n|-resisted|p1a: Hortencia\n|-damage|p1a: Hortencia|6\/100\n|-damage|p2b: IDK|51\/100|[from] item: Rocky Helmet|[of] p1a: Hortencia\n|-damage|p2b: IDK|41\/100|[from] item: Life Orb\n|\n|-weather|Sandstorm|[upkeep]\n|-damage|p1b: Blue Flame|50\/100|[from] Sandstorm\n|-damage|p2b: IDK|35\/100|[from] Sandstorm\n|-damage|p1a: Hortencia|0 fnt|[from] Sandstorm\n|faint|p1a: Hortencia\n|upkeep\n|\n|t:|1695517207\n|switch|p2a: Alright|Klefki, M|100\/100\n|switch|p1a: Fabu|Quaquaval, M|100\/100\n|turn|8\n|\n|t:|1695517214\n|move|p1b: Blue Flame|Protect|p1b: Blue Flame\n|-singleturn|p1b: Blue Flame|Protect\n|move|p2a: Alright|Thunder Wave|p1b: Blue Flame\n|-activate|p1b: Blue Flame|move: Protect\n|move|p2b: IDK|Ice Spinner|p1b: Blue Flame\n|-activate|p1b: Blue Flame|move: Protect\n|move|p1a: Fabu|Aqua Step|p2b: IDK\n|-damage|p2b: IDK|0 fnt\n|-boost|p1a: Fabu|spe|1\n|faint|p2b: IDK\n|-ability|p1a: Fabu|Moxie|boost\n|-boost|p1a: Fabu|atk|1\n|\n|-weather|Sandstorm|[upkeep]\n|-damage|p1b: Blue Flame|44\/100|[from] Sandstorm\n|-damage|p1a: Fabu|95\/100|[from] Sandstorm\n|upkeep\n|\n|t:|1695517217\n|switch|p2b: PRETTY BROKEN|Zygarde|100\/100\n|-ability|p2b: PRETTY BROKEN|Aura Break\n|turn|9\n|\n|t:|1695517232\n|move|p2a: Alright|Thunder Wave|p1b: Blue Flame\n|-status|p1b: Blue Flame|par\n|move|p1a: Fabu|Aqua Step|p2b: PRETTY BROKEN\n|-damage|p2b: PRETTY BROKEN|59\/100\n|-boost|p1a: Fabu|spe|1\n|move|p1b: Blue Flame|Double-Edge|p2b: PRETTY BROKEN\n|-damage|p2b: PRETTY BROKEN|0 fnt\n|faint|p2b: PRETTY BROKEN\n|-damage|p1b: Blue Flame|22\/100 par|[from] Recoil\n|\n|-weather|Sandstorm|[upkeep]\n|-damage|p1a: Fabu|89\/100|[from] Sandstorm\n|-damage|p1b: Blue Flame|16\/100 par|[from] Sandstorm\n|upkeep\n|-message|LAIDEN22 forfeited.\n|\n|win|El Ryuk456\n|raw|El Ryuk456's rating: 1245 &rarr; <strong>1282<\/strong><br \/>(+37 for winning)\n|raw|LAIDEN22's rating: 1425 &rarr; <strong>1395<\/strong><br \/>(-30 for losing)\n|l|\u2606LAIDEN22\n","uploadtime":1695517248,"views":15,"p1id":"elryuk456","p2id":"laiden22","formatid":"gen9nationaldexdoubles","rating":1282,"private":0,"password":""}