{"id":"gen9nationaldexdoubles-2000017314","p1":"SussyBoiSoSus","p2":"SakuramajiMaya","format":"[Gen 9] National Dex Doubles","log":"|j|\u2606SussyBoiSoSus\n|j|\u2606SakuramajiMaya\n|t:|1701141681\n|gametype|doubles\n|player|p1|SussyBoiSoSus|gambler|1260\n|player|p2|SakuramajiMaya|1|1319\n|teamsize|p1|6\n|teamsize|p2|6\n|gen|9\n|tier|[Gen 9] National Dex Doubles\n|rated|\n|rule|HP Percentage Mod: HP is shown in percentages\n|rule|Endless Battle Clause: Forcing endless battles is banned\n|rule|OHKO Clause: OHKO moves are banned\n|rule|Evasion Moves Clause: Evasion moves are banned\n|rule|Evasion Abilities Clause: Evasion abilities are banned\n|rule|Species Clause: Limit one of each Pok\u00e9mon\n|rule|Gravity Sleep Clause: The combination of sleep-inducing moves with imperfect accuracy and Gravity or Gigantamax Orbeetle are banned\n|clearpoke\n|poke|p1|Rabsca, F|\n|poke|p1|Landorus-Therian, M|\n|poke|p1|Golem-Alola, F|\n|poke|p1|Hatterene, F|\n|poke|p1|Houndstone, F|\n|poke|p1|Indeedee-F, F|\n|poke|p2|Charizard, M|\n|poke|p2|Flutter Mane|\n|poke|p2|Venusaur, F|\n|poke|p2|Tornadus, M|\n|poke|p2|Iron Hands|\n|poke|p2|Arcanine-Hisui, F|\n|teampreview\n|inactive|Battle timer is ON: inactive players will automatically lose when time's up. (requested by SussyBoiSoSus)\n|\n|t:|1701141720\n|start\n|switch|p1a: Necromancer|Rabsca, F|100\/100\n|switch|p1b: Sweeper?|Landorus-Therian, M|100\/100\n|switch|p2a: Arcanine|Arcanine-Hisui, F|100\/100\n|switch|p2b: Iron Hands|Iron Hands|100\/100\n|-ability|p1b: Sweeper?|Intimidate|boost\n|-unboost|p2a: Arcanine|atk|1\n|-unboost|p2b: Iron Hands|atk|1\n|-ability|p2a: Arcanine|Intimidate|boost\n|-unboost|p1a: Necromancer|atk|1\n|-unboost|p1b: Sweeper?|atk|1\n|turn|1\n|\n|t:|1701141743\n|switch|p1a: Idk a name|Indeedee-F, F|100\/100\n|-fieldstart|move: Psychic Terrain|[from] ability: Psychic Surge|[of] p1a: Idk a name\n|move|p2b: Iron Hands|Fake Out|p1a: Idk a name\n|-activate|p1a: Idk a name|move: Psychic Terrain\n|move|p1b: Sweeper?|Earthquake|p2b: Iron Hands|[spread] p1a,p2a,p2b\n|-supereffective|p2a: Arcanine\n|-supereffective|p2b: Iron Hands\n|-damage|p1a: Idk a name|64\/100\n|-damage|p2a: Arcanine|0 fnt\n|-damage|p2b: Iron Hands|63\/100\n|faint|p2a: Arcanine\n|-enditem|p1a: Idk a name|Eject Button\n|inactive|SussyBoiSoSus has 120 seconds left.\n|\n|t:|1701141758\n|switch|p1a: Necromancer|Rabsca, F|100\/100\n|\n|upkeep\n|\n|t:|1701141780\n|switch|p2a: Venusaur|Venusaur, F|100\/100\n|turn|2\n|j| S1r.sweepsaLot\n|l| S1r.sweepsaLot\n|\n|t:|1701141795\n|switch|p1b: TNT|Golem-Alola, F|100\/100\n|-end|p2b: Iron Hands|Quark Drive|[silent]\n|switch|p2b: Tornadus|Tornadus, M|100\/100\n|move|p2a: Venusaur|Sleep Powder|p1a: Necromancer\n|-status|p1a: Necromancer|slp|[from] move: Sleep Powder\n|cant|p1a: Necromancer|slp\n|\n|upkeep\n|turn|3\n|\n|t:|1701141818\n|-terastallize|p1b: TNT|Grass\n|move|p2b: Tornadus|Tailwind|p2b: Tornadus\n|-sidestart|p2: SakuramajiMaya|move: Tailwind\n|move|p2a: Venusaur|Sleep Powder|p1b: TNT\n|-immune|p1b: TNT\n|move|p1b: TNT|Explosion|p2b: Tornadus|[spread] p2a,p2b\n|-activate|p1a: Necromancer|ability: Telepathy\n|-resisted|p2a: Venusaur\n|-supereffective|p2b: Tornadus\n|-damage|p2a: Venusaur|0 fnt\n|-damage|p2b: Tornadus|0 fnt\n|faint|p1b: TNT\n|faint|p2a: Venusaur\n|faint|p2b: Tornadus\n|cant|p1a: Necromancer|slp\n|\n|upkeep\n|\n|t:|1701141833\n|switch|p2b: Flutter Mane|Flutter Mane|100\/100\n|switch|p2a: Charizard|Charizard, M|100\/100\n|switch|p1b: Sweeper?|Landorus-Therian, M|100\/100\n|-ability|p1b: Sweeper?|Intimidate|boost\n|-unboost|p2a: Charizard|atk|1\n|-unboost|p2b: Flutter Mane|atk|1\n|turn|4\n|j| S1r.sweepsaLot\n|\n|t:|1701141858\n|detailschange|p2a: Charizard|Charizard-Mega-Y, M\n|-mega|p2a: Charizard|Charizard|Charizardite Y\n|-weather|SunnyDay|[from] ability: Drought|[of] p2a: Charizard\n|-activate|p2b: Flutter Mane|ability: Protosynthesis\n|-start|p2b: Flutter Mane|protosynthesisspa\n|-terastallize|p2b: Flutter Mane|Fairy\n|move|p2b: Flutter Mane|Dazzling Gleam|p1b: Sweeper?|[spread] p1a,p1b\n|-damage|p1a: Necromancer|47\/100 slp\n|-damage|p1b: Sweeper?|16\/100\n|move|p2a: Charizard|Heat Wave|p1a: Necromancer|[spread] p1a,p1b\n|-supereffective|p1a: Necromancer\n|-crit|p1a: Necromancer\n|-damage|p1a: Necromancer|0 fnt\n|-damage|p1b: Sweeper?|0 fnt\n|faint|p1a: Necromancer\n|faint|p1b: Sweeper?\n|\n|-weather|SunnyDay|[upkeep]\n|upkeep\n|inactive|SussyBoiSoSus has 120 seconds left.\n|\n|t:|1701141880\n|switch|p1b: Doggo|Houndstone, F|100\/100\n|switch|p1a: Wizzard|Hatterene, F|100\/100\n|turn|5\n|\n|t:|1701141890\n|move|p1a: Wizzard|Protect|p1a: Wizzard\n|-singleturn|p1a: Wizzard|Protect\n|move|p2b: Flutter Mane|Dazzling Gleam|p1b: Doggo|[spread] p1b\n|-activate|p1a: Wizzard|move: Protect\n|-damage|p1b: Doggo|23\/100\n|move|p2a: Charizard|Heat Wave|p1b: Doggo|[spread] p1b\n|-activate|p1a: Wizzard|move: Protect\n|-damage|p1b: Doggo|0 fnt\n|faint|p1b: Doggo\n|\n|-weather|SunnyDay|[upkeep]\n|-fieldend|move: Psychic Terrain\n|upkeep\n|\n|t:|1701141902\n|switch|p1b: Idk a name|Indeedee-F, F|64\/100\n|-fieldstart|move: Psychic Terrain|[from] ability: Psychic Surge|[of] p1b: Idk a name\n|turn|6\n|\n|t:|1701141910\n|move|p1b: Idk a name|Follow Me|p1b: Idk a name\n|-singleturn|p1b: Idk a name|move: Follow Me\n|move|p2b: Flutter Mane|Dazzling Gleam|p1b: Idk a name|[spread] p1a,p1b\n|-damage|p1a: Wizzard|37\/100\n|-damage|p1b: Idk a name|15\/100\n|move|p2a: Charizard|Heat Wave|p1b: Idk a name|[spread] p1a,p1b\n|-damage|p1a: Wizzard|0 fnt\n|-damage|p1b: Idk a name|0 fnt\n|faint|p1a: Wizzard\n|faint|p1b: Idk a name\n|\n|win|SakuramajiMaya\n|raw|SussyBoiSoSus's rating: 1260 &rarr; <strong>1239<\/strong><br \/>(-21 for losing)\n|raw|SakuramajiMaya's rating: 1319 &rarr; <strong>1336<\/strong><br \/>(+17 for winning)\n|l|\u2606SussyBoiSoSus\n","uploadtime":1701141927,"views":7,"p1id":"sussyboisosus","p2id":"sakuramajimaya","formatid":"gen9nationaldexdoubles","rating":1239,"private":0,"password":""}