{"id":"gen9nationaldexdoubles-1973905705","p1":"Krishy2007","p2":"iron drill 434","format":"[Gen 9] National Dex Doubles","log":"|j|\u2606Krishy2007\n|j|\u2606iron drill 434\n|t:|1698026563\n|gametype|doubles\n|player|p1|Krishy2007|266|\n|player|p2|iron drill 434|101|\n|teamsize|p1|6\n|teamsize|p2|6\n|gen|9\n|tier|[Gen 9] National Dex Doubles\n|rule|HP Percentage Mod: HP is shown in percentages\n|rule|Endless Battle Clause: Forcing endless battles is banned\n|rule|OHKO Clause: OHKO moves are banned\n|rule|Evasion Moves Clause: Evasion moves are banned\n|rule|Evasion Abilities Clause: Evasion abilities are banned\n|rule|Species Clause: Limit one of each Pok\u00e9mon\n|rule|Gravity Sleep Clause: The combination of sleep-inducing moves with imperfect accuracy and Gravity or Gigantamax Orbeetle are banned\n|clearpoke\n|poke|p1|Grimmsnarl, M|\n|poke|p1|Cinderace, M|\n|poke|p1|Goodra-Hisui, M|\n|poke|p1|Landorus-Therian, M|\n|poke|p1|Cradily, M|\n|poke|p1|Aegislash, F|\n|poke|p2|Tapu Koko|\n|poke|p2|Dragapult, M|\n|poke|p2|Dondozo, M|\n|poke|p2|Metagross|\n|poke|p2|Weezing-Galar, F|\n|poke|p2|Raichu-Alola, F|\n|teampreview\n|inactive|Battle timer is ON: inactive players will automatically lose when time's up. (requested by Krishy2007)\n|\n|t:|1698026592\n|start\n|switch|p1a: Grimmsnarl|Grimmsnarl, M, shiny|100\/100\n|switch|p1b: Goodra|Goodra-Hisui, M|100\/100\n|switch|p2a: Honest Abe|Weezing-Galar, F, shiny|100\/100\n|switch|p2b: Danny Phantom|Dragapult, M|100\/100\n|-ability|p2a: Honest Abe|Neutralizing Gas\n|turn|1\n|inactive|iron drill 434 has 270 seconds left.\n|\n|t:|1698026650\n|move|p2b: Danny Phantom|Shadow Ball|p1a: Grimmsnarl\n|-resisted|p1a: Grimmsnarl\n|-damage|p1a: Grimmsnarl|88\/100\n|move|p2a: Honest Abe|Will-O-Wisp|p1b: Goodra|[miss]\n|-miss|p2a: Honest Abe|p1b: Goodra\n|move|p1a: Grimmsnarl|Light Screen|p1a: Grimmsnarl\n|-sidestart|p1: Krishy2007|move: Light Screen\n|move|p1b: Goodra|Heavy Slam|p2a: Honest Abe\n|-supereffective|p2a: Honest Abe\n|-damage|p2a: Honest Abe|43\/100\n|-damage|p1b: Goodra|84\/100|[from] item: Rocky Helmet|[of] p2a: Honest Abe\n|\n|-heal|p1b: Goodra|90\/100|[from] item: Leftovers\n|upkeep\n|turn|2\n|inactive|iron drill 434 has 240 seconds left.\n|inactive|iron drill 434 has 210 seconds left.\n|\n|t:|1698026732\n|move|p2b: Danny Phantom|U-turn|p1a: Grimmsnarl\n|-damage|p1a: Grimmsnarl|64\/100\n|\n|t:|1698026746\n|switch|p2b: Tap Yo Coconuts|Tapu Koko|100\/100|[from] U-turn\n|move|p2a: Honest Abe|Defog|p1a: Grimmsnarl\n|-unboost|p1a: Grimmsnarl|evasion|1\n|-sideend|p1: Krishy2007|move: Light Screen\n|move|p1b: Goodra|Heavy Slam|p2a: Honest Abe\n|-supereffective|p2a: Honest Abe\n|-damage|p2a: Honest Abe|0 fnt\n|-damage|p1b: Goodra|74\/100|[from] item: Rocky Helmet|[of] p2a: Honest Abe\n|faint|p2a: Honest Abe\n|-end|p2a: Honest Abe|ability: Neutralizing Gas\n|-fieldstart|move: Electric Terrain|[from] ability: Electric Surge|[of] p2b: Tap Yo Coconuts\n|move|p1a: Grimmsnarl|Taunt|p2b: Tap Yo Coconuts\n|-start|p2b: Tap Yo Coconuts|move: Taunt\n|\n|-heal|p1b: Goodra|80\/100|[from] item: Leftovers\n|upkeep\n|inactive|iron drill 434 has 180 seconds left.\n|\n|t:|1698026765\n|switch|p2a: Minato|Raichu-Alola, F|100\/100\n|turn|3\n|inactive|iron drill 434 has 180 seconds left.\n|\n|t:|1698026789\n|move|p2a: Minato|Fake Out|p1a: Grimmsnarl\n|-damage|p1a: Grimmsnarl|55\/100\n|cant|p1a: Grimmsnarl|flinch\n|move|p2b: Tap Yo Coconuts|Thunderbolt|p1a: Grimmsnarl\n|-damage|p1a: Grimmsnarl|25\/100\n|move|p1b: Goodra|Heavy Slam|p2b: Tap Yo Coconuts\n|-damage|p2b: Tap Yo Coconuts|57\/100\n|\n|-heal|p1b: Goodra|86\/100|[from] item: Leftovers\n|upkeep\n|turn|4\n|inactive|iron drill 434 has 180 seconds left.\n|inactive|iron drill 434 has 150 seconds left.\n|\n|t:|1698026864\n|switch|p1b: Landorus|Landorus-Therian, M, shiny|100\/100\n|-ability|p1b: Landorus|Intimidate|boost\n|-unboost|p2a: Minato|atk|1\n|-unboost|p2b: Tap Yo Coconuts|atk|1\n|move|p1a: Grimmsnarl|Parting Shot|p2a: Minato\n|-unboost|p2a: Minato|atk|1\n|-unboost|p2a: Minato|spa|1\n|inactive|Krishy2007 has 270 seconds left.\n|\n|t:|1698026890\n|switch|p1a: Aegislash|Aegislash, F, shiny|100\/100|[from] Parting Shot\n|move|p2a: Minato|Wish|p2a: Minato\n|move|p2b: Tap Yo Coconuts|U-turn|p1a: Aegislash\n|-resisted|p1a: Aegislash\n|-damage|p1a: Aegislash|98\/100\n|\n|t:|1698026904\n|switch|p2b: Old Wise Man|Dondozo, M, shiny|100\/100|[from] U-turn\n|\n|upkeep\n|turn|5\n|inactive|iron drill 434 has 150 seconds left.\n|inactive|Krishy2007 has 270 seconds left.\n|inactive|iron drill 434 has 120 seconds left.\n|\n|t:|1698026964\n|switch|p2a: Tap Yo Coconuts|Tapu Koko|57\/100\n|switch|p1a: Cradily|Cradily, M, shiny|100\/100\n|move|p1b: Landorus|Earthquake|p2a: Tap Yo Coconuts|[spread] p1a,p2a,p2b\n|-supereffective|p2a: Tap Yo Coconuts\n|-damage|p1a: Cradily|70\/100\n|-damage|p2a: Tap Yo Coconuts|0 fnt\n|-damage|p2b: Old Wise Man|81\/100\n|faint|p2a: Tap Yo Coconuts\n|move|p2b: Old Wise Man|Ice Fang|p1b: Landorus\n|-supereffective|p1b: Landorus\n|-damage|p1b: Landorus|30\/100\n|\n|-heal|p1b: Landorus|36\/100|[from] item: Leftovers\n|-heal|p1a: Cradily|76\/100|[from] item: Leftovers\n|-heal|p2b: Old Wise Man|87\/100|[from] item: Leftovers\n|upkeep\n|inactive|iron drill 434 has 90 seconds left.\n|\n|t:|1698026991\n|switch|p2a: Danny Phantom|Dragapult, M|100\/100\n|turn|6\n|inactive|iron drill 434 has 90 seconds left.\n|inactive|Krishy2007 has 270 seconds left.\n|\n|t:|1698027024\n|switch|p1b: Goodra|Goodra-Hisui, M|86\/100\n|move|p2a: Danny Phantom|Draco Meteor|p1b: Goodra\n|-damage|p1b: Goodra|51\/100\n|-unboost|p2a: Danny Phantom|spa|2\n|move|p1a: Cradily|Giga Drain|p2b: Old Wise Man\n|-supereffective|p2b: Old Wise Man\n|-damage|p2b: Old Wise Man|45\/100\n|-heal|p1a: Cradily|100\/100|[from] drain|[of] p2b: Old Wise Man\n|move|p2b: Old Wise Man|Ice Fang|p1a: Cradily\n|-supereffective|p1a: Cradily\n|-damage|p1a: Cradily|78\/100\n|\n|-heal|p1b: Goodra|58\/100|[from] item: Leftovers\n|-heal|p1a: Cradily|84\/100|[from] item: Leftovers\n|-heal|p2b: Old Wise Man|51\/100|[from] item: Leftovers\n|-fieldend|move: Electric Terrain\n|upkeep\n|turn|7\n|inactive|iron drill 434 has 90 seconds left.\n|inactive|iron drill 434 has 60 seconds left.\n|\n|t:|1698027068\n|switch|p2b: Minato|Raichu-Alola, F|100\/100\n|move|p2a: Danny Phantom|U-turn|p1a: Cradily\n|-supereffective|p1a: Cradily\n|-damage|p1a: Cradily|52\/100\n|inactive|iron drill 434 has 60 seconds left.\n|\n|t:|1698027079\n|switch|p2a: Old Wise Man|Dondozo, M, shiny|51\/100|[from] U-turn\n|move|p1b: Goodra|Heavy Slam|p2a: Old Wise Man\n|-resisted|p2a: Old Wise Man\n|-damage|p2a: Old Wise Man|48\/100\n|move|p1a: Cradily|Giga Drain|p2b: Minato\n|-damage|p2b: Minato|76\/100\n|-heal|p1a: Cradily|63\/100|[from] drain|[of] p2b: Minato\n|\n|-heal|p1b: Goodra|64\/100|[from] item: Leftovers\n|-heal|p1a: Cradily|69\/100|[from] item: Leftovers\n|-heal|p2a: Old Wise Man|54\/100|[from] item: Leftovers\n|upkeep\n|turn|8\n|inactive|iron drill 434 has 60 seconds left.\n|\n|t:|1698027117\n|move|p1b: Goodra|Protect|p1b: Goodra\n|-singleturn|p1b: Goodra|Protect\n|move|p2b: Minato|Fake Out|p1a: Cradily\n|-resisted|p1a: Cradily\n|-damage|p1a: Cradily|66\/100\n|cant|p1a: Cradily|flinch\n|move|p2a: Old Wise Man|Ice Fang|p1b: Goodra\n|-activate|p1b: Goodra|move: Protect\n|\n|-heal|p1b: Goodra|70\/100|[from] item: Leftovers\n|-heal|p1a: Cradily|73\/100|[from] item: Leftovers\n|-heal|p2a: Old Wise Man|60\/100|[from] item: Leftovers\n|upkeep\n|turn|9\n|inactive|iron drill 434 has 60 seconds left.\n|inactive|Krishy2007 has 270 seconds left.\n|\n|t:|1698027172\n|-terastallize|p2b: Minato|Electric\n|move|p2b: Minato|Wish|p2b: Minato\n|move|p1b: Goodra|Acid Armor|p1b: Goodra\n|-boost|p1b: Goodra|def|2\n|move|p1a: Cradily|Giga Drain|p2a: Old Wise Man\n|-supereffective|p2a: Old Wise Man\n|-damage|p2a: Old Wise Man|15\/100\n|-heal|p1a: Cradily|100\/100|[from] drain|[of] p2a: Old Wise Man\n|move|p2a: Old Wise Man|Ice Fang|p1b: Goodra\n|-damage|p1b: Goodra|60\/100\n|\n|-heal|p1b: Goodra|66\/100|[from] item: Leftovers\n|-heal|p2a: Old Wise Man|21\/100|[from] item: Leftovers\n|upkeep\n|turn|10\n|inactive|iron drill 434 has 60 seconds left.\n|\n|t:|1698027204\n|switch|p2a: Buried Treasure|Metagross, shiny|100\/100\n|move|p2b: Minato|Electric Terrain|p2b: Minato\n|-fieldstart|move: Electric Terrain\n|move|p1b: Goodra|Heavy Slam|p2b: Minato\n|-resisted|p2b: Minato\n|-damage|p2b: Minato|38\/100\n|move|p1a: Cradily|Giga Drain|p2a: Buried Treasure\n|-resisted|p2a: Buried Treasure\n|-damage|p2a: Buried Treasure|95\/100\n|\n|-heal|p2b: Minato|88\/100|[from] move: Wish|[wisher] Minato\n|-heal|p1b: Goodra|72\/100|[from] item: Leftovers\n|upkeep\n|turn|11\n|inactive|Krishy2007 has 270 seconds left.\n|inactive|iron drill 434 has 60 seconds left.\n|\n|t:|1698027233\n|move|p1b: Goodra|Protect|p1b: Goodra\n|-singleturn|p1b: Goodra|Protect\n|move|p2b: Minato|Wish|p2b: Minato\n|move|p2a: Buried Treasure|Ice Punch|p1a: Cradily\n|-supereffective|p1a: Cradily\n|-damage|p1a: Cradily|73\/100\n|move|p1a: Cradily|Earth Power|p2b: Minato\n|-supereffective|p2b: Minato\n|-damage|p2b: Minato|44\/100\n|\n|-heal|p1b: Goodra|78\/100|[from] item: Leftovers\n|-heal|p1a: Cradily|79\/100|[from] item: Leftovers\n|upkeep\n|turn|12\n|inactive|iron drill 434 has 60 seconds left.\n|inactive|Krishy2007 has 270 seconds left.\n|\n|t:|1698027281\n|move|p2b: Minato|Rising Voltage|p1a: Cradily\n|-hint|Rising Voltage's BP doubled on grounded target.\n|-resisted|p1a: Cradily\n|-damage|p1a: Cradily|21\/100\n|move|p2a: Buried Treasure|Meteor Mash|p1a: Cradily\n|-supereffective|p1a: Cradily\n|-damage|p1a: Cradily|0 fnt\n|faint|p1a: Cradily\n|move|p1b: Goodra|Acid Armor|p1b: Goodra\n|-boost|p1b: Goodra|def|2\n|\n|-heal|p2b: Minato|94\/100|[from] move: Wish|[wisher] Minato\n|-heal|p1b: Goodra|85\/100|[from] item: Leftovers\n|upkeep\n|inactive|Krishy2007 has 240 seconds left.\n|\n|t:|1698027300\n|switch|p1a: Cinderace|Cinderace, M, shiny|100\/100\n|turn|13\n|inactive|Krishy2007 has 240 seconds left.\n|\n|t:|1698027348\n|move|p2a: Buried Treasure|Bullet Punch|p1a: Cinderace\n|-resisted|p1a: Cinderace\n|-damage|p1a: Cinderace|89\/100\n|move|p2b: Minato|Rising Voltage|p1a: Cinderace\n|-hint|Rising Voltage's BP doubled on grounded target.\n|-damage|p1a: Cinderace|0 fnt\n|faint|p1a: Cinderace\n|move|p1b: Goodra|Body Press|p2a: Buried Treasure\n|-damage|p2a: Buried Treasure|44\/100\n|\n|-heal|p1b: Goodra|91\/100|[from] item: Leftovers\n|upkeep\n|\n|t:|1698027358\n|switch|p1a: Aegislash|Aegislash, F, shiny|98\/100\n|turn|14\n|inactive|iron drill 434 has 90 seconds left.\n|j| usagi the weeb\n|inactive|Krishy2007 has 210 seconds left.\n|\n|t:|1698027402\n|switch|p2b: Old Wise Man|Dondozo, M, shiny|21\/100\n|switch|p1a: Landorus|Landorus-Therian, M, shiny|36\/100\n|-ability|p1a: Landorus|Intimidate|boost\n|-fail|p2a: Buried Treasure|unboost|[from] ability: Clear Body|[of] p2a: Buried Treasure\n|-unboost|p2b: Old Wise Man|atk|1\n|move|p2a: Buried Treasure|Earthquake|p1b: Goodra|[spread] p2b,p1b\n|-immune|p1a: Landorus\n|-supereffective|p1b: Goodra\n|-damage|p2b: Old Wise Man|11\/100\n|-damage|p1b: Goodra|79\/100\n|move|p1b: Goodra|Body Press|p2a: Buried Treasure\n|-damage|p2a: Buried Treasure|0 fnt\n|faint|p2a: Buried Treasure\n|\n|-heal|p1a: Landorus|42\/100|[from] item: Leftovers\n|-heal|p1b: Goodra|86\/100|[from] item: Leftovers\n|-heal|p2b: Old Wise Man|18\/100|[from] item: Leftovers\n|-fieldend|move: Electric Terrain\n|upkeep\n|inactive|iron drill 434 has 60 seconds left.\n|\n|t:|1698027424\n|switch|p2a: Danny Phantom|Dragapult, M|100\/100\n|turn|15\n|inactive|iron drill 434 has 60 seconds left.\n|inactive|Krishy2007 has 210 seconds left.\n|\n|t:|1698027457\n|switch|p1a: Aegislash|Aegislash, F, shiny|98\/100\n|move|p2a: Danny Phantom|Surf|p1a: Aegislash|[spread] p2b,p1a,p1b\n|-resisted|p2b: Old Wise Man\n|-crit|p1a: Aegislash\n|-resisted|p1b: Goodra\n|-damage|p2b: Old Wise Man|9\/100\n|-damage|p1a: Aegislash|71\/100\n|-damage|p1b: Goodra|80\/100\n|move|p1b: Goodra|Body Press|p2b: Old Wise Man\n|-damage|p2b: Old Wise Man|0 fnt\n|faint|p2b: Old Wise Man\n|\n|-heal|p1b: Goodra|86\/100|[from] item: Leftovers\n|upkeep\n|\n|t:|1698027468\n|switch|p2b: Minato|Raichu-Alola, F, tera:Electric|94\/100\n|turn|16\n|inactive|iron drill 434 has 60 seconds left.\n|inactive|Krishy2007 has 210 seconds left.\n|inactive|iron drill 434 has 30 seconds left.\n|inactive|iron drill 434 has 20 seconds left.\n|inactive|iron drill 434 has 15 seconds left.\n|inactive|iron drill 434 has 10 seconds left.\n|inactive|iron drill 434 has 5 seconds left.\n|-message|iron drill 434 lost due to inactivity.\n|\n|win|Krishy2007\n|l| usagi the weeb\n|l|\u2606Krishy2007\n|j|\u2606Krishy2007\n|player|p1|Krishy2007|266\n","uploadtime":1698027639,"views":25,"p1id":"krishy2007","p2id":"irondrill434","formatid":"gen9nationaldexdoubles","rating":0,"private":0,"password":""}