{"id":"gen9nationaldexdoubles-1975541886","p1":"Trainer $pitt","p2":"schoolteen","format":"[Gen 9] National Dex Doubles","log":"|j|\u2606Trainer $pitt\n|j|\u2606schoolteen\n|t:|1698202715\n|gametype|doubles\n|player|p1|Trainer $pitt|flannery|1021\n|player|p2|schoolteen|cheryl|1042\n|teamsize|p1|6\n|teamsize|p2|6\n|gen|9\n|tier|[Gen 9] National Dex Doubles\n|rated|\n|rule|HP Percentage Mod: HP is shown in percentages\n|rule|Endless Battle Clause: Forcing endless battles is banned\n|rule|OHKO Clause: OHKO moves are banned\n|rule|Evasion Moves Clause: Evasion moves are banned\n|rule|Evasion Abilities Clause: Evasion abilities are banned\n|rule|Species Clause: Limit one of each Pok\u00e9mon\n|rule|Gravity Sleep Clause: The combination of sleep-inducing moves with imperfect accuracy and Gravity or Gigantamax Orbeetle are banned\n|clearpoke\n|poke|p1|Cresselia, F|\n|poke|p1|Ninetales-Alola, F|\n|poke|p1|Goodra-Hisui, F|\n|poke|p1|Tsareena, F|\n|poke|p1|Gliscor, F|\n|poke|p1|Typhlosion-Hisui, F|\n|poke|p2|Roaring Moon|\n|poke|p2|Charizard, F|\n|poke|p2|Leavanny, F|\n|poke|p2|Decidueye-Hisui, F|\n|poke|p2|Linoone, F|\n|poke|p2|Furret, F|\n|teampreview\n|inactive|Battle timer is ON: inactive players will automatically lose when time's up. (requested by schoolteen)\n|\n|t:|1698202739\n|start\n|switch|p1a: Ninetales|Ninetales-Alola, F, shiny|100\/100\n|switch|p1b: Typhlosion|Typhlosion-Hisui, F, shiny|100\/100\n|switch|p2a: Charizard|Charizard, F|100\/100\n|switch|p2b: Roaring Moon|Roaring Moon|100\/100\n|-item|p2a: Charizard|Charizardite Y|[from] ability: Frisk|[of] p1b: Typhlosion|[identify]\n|-weather|Snow|[from] ability: Snow Warning|[of] p1a: Ninetales\n|turn|1\n|\n|t:|1698202757\n|switch|p1b: Gliscor|Gliscor, F|100\/100\n|detailschange|p2a: Charizard|Charizard-Mega-Y, F\n|-mega|p2a: Charizard|Charizard|Charizardite Y\n|-weather|SunnyDay|[from] ability: Drought|[of] p2a: Charizard\n|-activate|p2b: Roaring Moon|ability: Protosynthesis\n|-start|p2b: Roaring Moon|protosynthesisatk\n|move|p2b: Roaring Moon|Dragon Dance|p2b: Roaring Moon\n|-boost|p2b: Roaring Moon|atk|1\n|-boost|p2b: Roaring Moon|spe|1\n|move|p1a: Ninetales|Aurora Veil||[still]\n|-fail|p1a: Ninetales\n|move|p2a: Charizard|Scorching Sands|p1b: Gliscor\n|-immune|p1b: Gliscor\n|\n|-weather|SunnyDay|[upkeep]\n|-status|p1b: Gliscor|tox|[from] item: Toxic Orb\n|upkeep\n|turn|2\n|\n|t:|1698202783\n|move|p2b: Roaring Moon|Earthquake|p1b: Gliscor|[spread] p1a\n|-immune|p2a: Charizard\n|-immune|p1b: Gliscor\n|-damage|p1a: Ninetales|36\/100\n|move|p1a: Ninetales|Encore|p2a: Charizard\n|-start|p2a: Charizard|Encore\n|move|p2a: Charizard|Scorching Sands|p1a: Ninetales\n|-damage|p1a: Ninetales|8\/100\n|move|p1b: Gliscor|Toxic Spikes|p2a: Charizard\n|-sidestart|p2: schoolteen|move: Toxic Spikes\n|\n|-weather|SunnyDay|[upkeep]\n|upkeep\n|turn|3\n|\n|t:|1698202803\n|move|p2b: Roaring Moon|Dragon Rush|p1b: Gliscor\n|-damage|p1b: Gliscor|31\/100 tox\n|move|p1a: Ninetales|Dazzling Gleam|p2a: Charizard|[spread] p2a,p2b\n|-resisted|p2a: Charizard\n|-supereffective|p2b: Roaring Moon\n|-damage|p2a: Charizard|91\/100\n|-damage|p2b: Roaring Moon|25\/100\n|move|p2a: Charizard|Scorching Sands|p1a: Ninetales\n|-damage|p1a: Ninetales|0 fnt\n|faint|p1a: Ninetales\n|cant|p1b: Gliscor|flinch\n|\n|-weather|SunnyDay|[upkeep]\n|-heal|p1b: Gliscor|43\/100 tox|[from] ability: Poison Heal\n|upkeep\n|\n|t:|1698202821\n|switch|p1a: Typhlosion|Typhlosion-Hisui, F, shiny|100\/100\n|-item|p2a: Charizard|Charizardite Y|[from] ability: Frisk|[of] p1a: Typhlosion|[identify]\n|turn|4\n|\n|t:|1698202849\n|switch|p2a: Leavanny|Leavanny, F|100\/100\n|-status|p2a: Leavanny|psn\n|move|p1b: Gliscor|Protect|p1b: Gliscor\n|-singleturn|p1b: Gliscor|Protect\n|move|p2b: Roaring Moon|Earthquake|p1a: Typhlosion|[spread] p2a,p1a\n|-activate|p1b: Gliscor|move: Protect\n|-resisted|p2a: Leavanny\n|-supereffective|p1a: Typhlosion\n|-damage|p2a: Leavanny|82\/100 psn\n|-damage|p1a: Typhlosion|0 fnt\n|faint|p1a: Typhlosion\n|\n|-weather|SunnyDay|[upkeep]\n|-damage|p2a: Leavanny|69\/100 psn|[from] psn\n|-heal|p1b: Gliscor|56\/100 tox|[from] ability: Poison Heal\n|upkeep\n|\n|t:|1698202864\n|switch|p1a: Cresselia|Cresselia, F, shiny|100\/100\n|turn|5\n|\n|t:|1698202890\n|move|p2a: Leavanny|Sticky Web|p1a: Cresselia\n|-sidestart|p1: Trainer $pitt|move: Sticky Web\n|move|p2b: Roaring Moon|Dragon Rush|p1a: Cresselia\n|-damage|p1a: Cresselia|44\/100\n|move|p1b: Gliscor|Toxic Spikes|p2b: Roaring Moon\n|-sidestart|p2: schoolteen|move: Toxic Spikes\n|move|p1a: Cresselia|Ice Beam|p2b: Roaring Moon\n|-supereffective|p2b: Roaring Moon\n|-damage|p2b: Roaring Moon|0 fnt\n|faint|p2b: Roaring Moon\n|-end|p2b: Roaring Moon|Protosynthesis|[silent]\n|\n|-weather|none\n|-heal|p1a: Cresselia|50\/100|[from] item: Leftovers\n|-damage|p2a: Leavanny|57\/100 psn|[from] psn\n|-heal|p1b: Gliscor|68\/100 tox|[from] ability: Poison Heal\n|upkeep\n|\n|t:|1698202900\n|switch|p2b: Charizard|Charizard-Mega-Y, F|91\/100\n|-weather|SunnyDay|[from] ability: Drought|[of] p2b: Charizard\n|turn|6\n|\n|t:|1698202922\n|move|p1b: Gliscor|Protect|p1b: Gliscor\n|-singleturn|p1b: Gliscor|Protect\n|move|p2a: Leavanny|Swords Dance|p2a: Leavanny\n|-boost|p2a: Leavanny|atk|2\n|move|p2b: Charizard|Solar Beam||[still]\n|-prepare|p2b: Charizard|Solar Beam\n|-anim|p2b: Charizard|Solar Beam|p1a: Cresselia\n|-damage|p1a: Cresselia|16\/100\n|move|p1a: Cresselia|Expanding Force|p2b: Charizard\n|-damage|p2b: Charizard|71\/100\n|\n|-weather|SunnyDay|[upkeep]\n|-heal|p1a: Cresselia|22\/100|[from] item: Leftovers\n|-damage|p2a: Leavanny|44\/100 psn|[from] psn\n|-heal|p1b: Gliscor|81\/100 tox|[from] ability: Poison Heal\n|upkeep\n|turn|7\n|inactive|schoolteen has 120 seconds left.\n|\n|t:|1698202953\n|move|p1a: Cresselia|Protect|p1a: Cresselia\n|-singleturn|p1a: Cresselia|Protect\n|move|p2a: Leavanny|Leaf Blade|p1a: Cresselia\n|-activate|p1a: Cresselia|move: Protect\n|move|p2b: Charizard|Flamethrower|p1b: Gliscor\n|-damage|p1b: Gliscor|0 fnt\n|faint|p1b: Gliscor\n|\n|-weather|SunnyDay|[upkeep]\n|-heal|p1a: Cresselia|28\/100|[from] item: Leftovers\n|-damage|p2a: Leavanny|32\/100 psn|[from] psn\n|upkeep\n|inactive|Trainer $pitt has 120 seconds left.\n|\n|t:|1698202966\n|switch|p1b: Goodra|Goodra-Hisui, F|100\/100\n|-activate|p1b: Goodra|move: Sticky Web\n|-unboost|p1b: Goodra|spe|1\n|turn|8\n|\n|t:|1698202987\n|move|p2a: Leavanny|Leaf Blade|p1a: Cresselia\n|-damage|p1a: Cresselia|0 fnt\n|faint|p1a: Cresselia\n|move|p2b: Charizard|Scorching Sands|p1b: Goodra\n|-supereffective|p1b: Goodra\n|-crit|p1b: Goodra\n|-damage|p1b: Goodra|57\/100\n|move|p1b: Goodra|Dragon Tail|p2b: Charizard\n|-damage|p2b: Charizard|41\/100\n|drag|p2b: Decidueye|Decidueye-Hisui, F, shiny|100\/100\n|-status|p2b: Decidueye|tox\n|\n|-weather|SunnyDay|[upkeep]\n|-heal|p1b: Goodra|63\/100|[from] item: Leftovers\n|-damage|p2a: Leavanny|20\/100 psn|[from] psn\n|-damage|p2b: Decidueye|95\/100 tox|[from] psn\n|upkeep\n|\n|t:|1698202991\n|switch|p1a: Tsareena|Tsareena, F, shiny|100\/100\n|-activate|p1a: Tsareena|move: Sticky Web\n|-unboost|p1a: Tsareena|spe|1\n|turn|9\n|\n|t:|1698203005\n|move|p2a: Leavanny|Poison Jab|p1a: Tsareena\n|-supereffective|p1a: Tsareena\n|-damage|p1a: Tsareena|0 fnt\n|faint|p1a: Tsareena\n|move|p2b: Decidueye|Triple Arrows|p1b: Goodra\n|-supereffective|p1b: Goodra\n|-damage|p1b: Goodra|0 fnt\n|faint|p1b: Goodra\n|\n|win|schoolteen\n|raw|Trainer $pitt's rating: 1021 &rarr; <strong>1009<\/strong><br \/>(-12 for losing)\n|raw|schoolteen's rating: 1042 &rarr; <strong>1074<\/strong><br \/>(+32 for winning)\n|l|\u2606Trainer $pitt\n","uploadtime":1698203019,"views":13,"p1id":"trainerpitt","p2id":"schoolteen","formatid":"gen9nationaldexdoubles","rating":1009,"private":0,"password":""}