{"id":"gen9nationaldexdoubles-1968529445","p1":"snail_chips","p2":"Theadonia","format":"[Gen 9] National Dex Doubles","log":"|j|\u2606snail_chips\n|j|\u2606Theadonia\n|t:|1697428984\n|gametype|doubles\n|player|p1|snail_chips|ruinmaniac|1112\n|player|p2|Theadonia|caitlin|1126\n|teamsize|p1|6\n|teamsize|p2|6\n|gen|9\n|tier|[Gen 9] National Dex Doubles\n|rated|\n|rule|HP Percentage Mod: HP is shown in percentages\n|rule|Endless Battle Clause: Forcing endless battles is banned\n|rule|OHKO Clause: OHKO moves are banned\n|rule|Evasion Moves Clause: Evasion moves are banned\n|rule|Evasion Abilities Clause: Evasion abilities are banned\n|rule|Species Clause: Limit one of each Pok\u00e9mon\n|rule|Gravity Sleep Clause: The combination of sleep-inducing moves with imperfect accuracy and Gravity or Gigantamax Orbeetle are banned\n|clearpoke\n|poke|p1|Primeape, M|\n|poke|p1|Honchkrow, F|\n|poke|p1|Indeedee-F, F|\n|poke|p1|Abomasnow, M|\n|poke|p1|Cetitan, M|\n|poke|p1|Politoed, M|\n|poke|p2|Delphox, F|\n|poke|p2|Oricorio-Sensu, F|\n|poke|p2|Kommo-o, M|\n|poke|p2|Wailord, F|\n|poke|p2|Cresselia, F|\n|poke|p2|Ribombee, F|\n|teampreview\n|\n|t:|1697428987\n|start\n|switch|p1a: Primeape|Primeape, M|100\/100\n|switch|p1b: Honchkrow|Honchkrow, F|100\/100\n|switch|p2a: Oricorio|Oricorio-Sensu, F, shiny|100\/100\n|switch|p2b: Ribombee|Ribombee, F|100\/100\n|turn|1\n|\n|t:|1697429005\n|-terastallize|p1a: Primeape|Dark\n|move|p2b: Ribombee|Quiver Dance|p2b: Ribombee\n|-boost|p2b: Ribombee|spa|1\n|-boost|p2b: Ribombee|spd|1\n|-boost|p2b: Ribombee|spe|1\n|-activate|p2a: Oricorio|ability: Dancer\n|move|p2a: Oricorio|Quiver Dance|p2a: Oricorio|[from]ability: Dancer\n|-boost|p2a: Oricorio|spa|1\n|-boost|p2a: Oricorio|spd|1\n|-boost|p2a: Oricorio|spe|1\n|move|p2a: Oricorio|Quiver Dance|p2a: Oricorio\n|-boost|p2a: Oricorio|spa|1\n|-boost|p2a: Oricorio|spd|1\n|-boost|p2a: Oricorio|spe|1\n|move|p1a: Primeape|Night Slash|p2a: Oricorio\n|-supereffective|p2a: Oricorio\n|-damage|p2a: Oricorio|41\/100\n|move|p1b: Honchkrow|Night Slash|p1a: Primeape\n|-resisted|p1a: Primeape\n|-crit|p1a: Primeape\n|-damage|p1a: Primeape|75\/100\n|-setboost|p1a: Primeape|atk|6|[from] ability: Anger Point\n|\n|upkeep\n|turn|2\n|\n|t:|1697429037\n|-terastallize|p2a: Oricorio|Fairy\n|move|p2b: Ribombee|Dazzling Gleam|p1a: Primeape|[spread] p1a,p1b\n|-supereffective|p1a: Primeape\n|-supereffective|p1b: Honchkrow\n|-damage|p1a: Primeape|0 fnt\n|-damage|p1b: Honchkrow|0 fnt\n|faint|p1a: Primeape\n|faint|p1b: Honchkrow\n|move|p2a: Oricorio|Substitute|p2a: Oricorio\n|-start|p2a: Oricorio|Substitute\n|-damage|p2a: Oricorio|16\/100\n|-enditem|p2a: Oricorio|Aguav Berry|[eat]\n|-heal|p2a: Oricorio|49\/100|[from] item: Aguav Berry\n|\n|upkeep\n|\n|t:|1697429054\n|switch|p1a: Indeedee|Indeedee-F, F|100\/100\n|switch|p1b: Abomasnow|Abomasnow, M|100\/100\n|-fieldstart|move: Psychic Terrain|[from] ability: Psychic Surge|[of] p1a: Indeedee\n|-weather|Snow|[from] ability: Snow Warning|[of] p1b: Abomasnow\n|turn|3\n|\n|t:|1697429073\n|move|p2b: Ribombee|Quiver Dance|p2b: Ribombee\n|-boost|p2b: Ribombee|spa|1\n|-boost|p2b: Ribombee|spd|1\n|-boost|p2b: Ribombee|spe|1\n|-activate|p2a: Oricorio|ability: Dancer\n|move|p2a: Oricorio|Quiver Dance|p2a: Oricorio|[from]ability: Dancer\n|-boost|p2a: Oricorio|spa|1\n|-boost|p2a: Oricorio|spd|1\n|-boost|p2a: Oricorio|spe|1\n|move|p2a: Oricorio|Baton Pass|p2a: Oricorio\n|\n|t:|1697429083\n|switch|p2a: Wailord|Wailord, F, shiny|100\/100|[from] Baton Pass\n|-ability|p2a: Wailord|Pressure\n|move|p1a: Indeedee|Hyper Voice|p2b: Ribombee|[spread] p2a,p2b\n|-damage|p2a: Wailord|89\/100\n|-damage|p2b: Ribombee|79\/100\n|move|p1b: Abomasnow|Aurora Veil|p1b: Abomasnow\n|-sidestart|p1: snail_chips|move: Aurora Veil\n|\n|-weather|Snow|[upkeep]\n|-heal|p2a: Wailord|96\/100|[from] item: Leftovers\n|upkeep\n|turn|4\n|\n|t:|1697429108\n|move|p2b: Ribombee|Speed Swap|p2a: Wailord\n|-activate|p2b: Ribombee|move: Speed Swap|[of] p2a: Wailord\n|move|p2a: Wailord|Water Spout|p1a: Indeedee|[spread] p1a,p1b\n|-resisted|p1b: Abomasnow\n|-damage|p1a: Indeedee|22\/100\n|-damage|p1b: Abomasnow|61\/100\n|move|p1a: Indeedee|Expanding Force|p2a: Wailord|[spread] p2a,p2b\n|-end|p2a: Wailord|Substitute\n|-damage|p2b: Ribombee|48\/100\n|move|p1b: Abomasnow|Giga Drain|p2a: Wailord\n|-supereffective|p2a: Wailord\n|-damage|p2a: Wailord|68\/100\n|-heal|p1b: Abomasnow|82\/100|[from] drain|[of] p2a: Wailord\n|\n|-weather|Snow|[upkeep]\n|-heal|p2a: Wailord|74\/100|[from] item: Leftovers\n|-heal|p1a: Indeedee|28\/100|[from] item: Leftovers\n|upkeep\n|turn|5\n|\n|t:|1697429137\n|move|p2a: Wailord|Water Spout|p1b: Abomasnow|[spread] p1a,p1b\n|-resisted|p1b: Abomasnow\n|-damage|p1a: Indeedee|0 fnt\n|-damage|p1b: Abomasnow|51\/100\n|faint|p1a: Indeedee\n|move|p2b: Ribombee|Dazzling Gleam|p1b: Abomasnow\n|-damage|p1b: Abomasnow|0 fnt\n|faint|p1b: Abomasnow\n|\n|-weather|Snow|[upkeep]\n|-heal|p2a: Wailord|80\/100|[from] item: Leftovers\n|upkeep\n|\n|t:|1697429146\n|switch|p1a: Cetitan|Cetitan, M|100\/100\n|switch|p1b: Politoed|Politoed, M|100\/100\n|turn|6\n|\n|t:|1697429163\n|move|p2a: Wailord|Water Spout|p1a: Cetitan|[spread] p1a\n|-immune|p1b: Politoed|[from] ability: Water Absorb\n|-damage|p1a: Cetitan|49\/100\n|move|p1a: Cetitan|Knock Off|p2a: Wailord\n|-damage|p2a: Wailord|42\/100\n|-enditem|p2a: Wailord|Leftovers|[from] move: Knock Off|[of] p1a: Cetitan\n|move|p2b: Ribombee|Pollen Puff|p2a: Wailord\n|-heal|p2a: Wailord|92\/100\n|move|p1b: Politoed|Ice Beam|p2b: Ribombee\n|-damage|p2b: Ribombee|25\/100\n|\n|-weather|Snow|[upkeep]\n|upkeep\n|turn|7\n|\n|t:|1697429192\n|move|p2a: Wailord|Hidden Power|p1b: Politoed\n|-supereffective|p1b: Politoed\n|-damage|p1b: Politoed|45\/100\n|move|p1a: Cetitan|High Horsepower|p2b: Ribombee\n|-resisted|p2b: Ribombee\n|-damage|p2b: Ribombee|0 fnt\n|faint|p2b: Ribombee\n|move|p1b: Politoed|Rest|p1b: Politoed\n|-status|p1b: Politoed|slp|[from] move: Rest\n|-heal|p1b: Politoed|100\/100 slp|[silent]\n|\n|-weather|none\n|-fieldend|move: Psychic Terrain\n|upkeep\n|\n|t:|1697429202\n|switch|p2b: Kommo-o|Kommo-o, M, shiny|100\/100\n|turn|8\n|\n|t:|1697429216\n|move|p2a: Wailord|Water Spout|p1a: Cetitan|[spread] p1a\n|-immune|p1b: Politoed|[from] ability: Water Absorb\n|-damage|p1a: Cetitan|0 fnt\n|faint|p1a: Cetitan\n|-zpower|p2b: Kommo-o\n|move|p2b: Kommo-o|Clangorous Soulblaze|p1b: Politoed|[zeffect]\n|-damage|p1b: Politoed|62\/100 slp\n|-boost|p2b: Kommo-o|atk|1\n|-boost|p2b: Kommo-o|def|1\n|-boost|p2b: Kommo-o|spa|1\n|-boost|p2b: Kommo-o|spd|1\n|-boost|p2b: Kommo-o|spe|1\n|cant|p1b: Politoed|slp\n|-zpower|p1b: Politoed\n|move|p1b: Politoed|Z-Sleep Talk|p1b: Politoed|[anim]Sleep Talk\n|-start|p1b: Politoed|move: Focus Energy|[zeffect]\n|move|p1b: Politoed|Hydro Vortex|p2a: Wailord|[from]move: Sleep Talk\n|-resisted|p2a: Wailord\n|-damage|p2a: Wailord|75\/100\n|\n|upkeep\n|turn|9\n|\n|t:|1697429244\n|move|p2a: Wailord|Hidden Power|p1b: Politoed\n|-supereffective|p1b: Politoed\n|-damage|p1b: Politoed|8\/100 slp\n|move|p2b: Kommo-o|Drain Punch|p1b: Politoed\n|-damage|p1b: Politoed|0 fnt\n|faint|p1b: Politoed\n|\n|win|Theadonia\n|raw|snail_chips's rating: 1112 &rarr; <strong>1088<\/strong><br \/>(-24 for losing)\n|raw|Theadonia's rating: 1126 &rarr; <strong>1150<\/strong><br \/>(+24 for winning)\n|c|\u2606snail_chips|gg\\\n|l|\u2606snail_chips\n","uploadtime":1697429254,"views":13,"p1id":"snailchips","p2id":"theadonia","formatid":"gen9nationaldexdoubles","rating":1088,"private":0,"password":""}