{"id":"gen9nationaldexdoubles-1998404959","p1":"KRONEL2426","p2":"EstemanACG1","format":"[Gen 9] National Dex Doubles","log":"|j|\u2606KRONEL2426\n|j|\u2606EstemanACG1\n|t:|1700938610\n|gametype|doubles\n|player|p1|KRONEL2426|hugh|1173\n|player|p2|EstemanACG1|riley|1294\n|teamsize|p1|6\n|teamsize|p2|6\n|gen|9\n|tier|[Gen 9] National Dex Doubles\n|rated|\n|rule|HP Percentage Mod: HP is shown in percentages\n|rule|Endless Battle Clause: Forcing endless battles is banned\n|rule|OHKO Clause: OHKO moves are banned\n|rule|Evasion Moves Clause: Evasion moves are banned\n|rule|Evasion Abilities Clause: Evasion abilities are banned\n|rule|Species Clause: Limit one of each Pok\u00e9mon\n|rule|Gravity Sleep Clause: The combination of sleep-inducing moves with imperfect accuracy and Gravity or Gigantamax Orbeetle are banned\n|clearpoke\n|poke|p1|Toxapex, F|\n|poke|p1|Amoonguss, F|\n|poke|p1|Corviknight, F|\n|poke|p1|Kommo-o, F|\n|poke|p1|Volcarona, F|\n|poke|p1|Landorus-Therian, M|\n|poke|p2|Pincurchin, M|\n|poke|p2|Iron Hands|\n|poke|p2|Hatterene, F|\n|poke|p2|Dusclops, F|\n|poke|p2|Camerupt, M|\n|poke|p2|Bronzong|\n|teampreview\n|c|\u2606EstemanACG1|o no\n|\n|t:|1700938625\n|start\n|switch|p1a: Amoonguss|Amoonguss, F|100\/100\n|switch|p1b: Volcarona|Volcarona, F|100\/100\n|switch|p2a: Dusclops|Dusclops, F|100\/100\n|switch|p2b: Camerupt|Camerupt, M|100\/100\n|-ability|p2a: Dusclops|Pressure\n|turn|1\n|inactive|Battle timer is ON: inactive players will automatically lose when time's up. (requested by EstemanACG1)\n|\n|t:|1700938640\n|detailschange|p2b: Camerupt|Camerupt-Mega, M\n|-mega|p2b: Camerupt|Camerupt|Cameruptite\n|move|p1b: Volcarona|Fiery Dance|p2a: Dusclops\n|-damage|p2a: Dusclops|77\/100\n|-boost|p1b: Volcarona|spa|1\n|move|p1a: Amoonguss|Spore|p2b: Camerupt\n|-status|p2b: Camerupt|slp|[from] move: Spore\n|cant|p2b: Camerupt|slp\n|move|p2a: Dusclops|Trick Room|p2a: Dusclops\n|-fieldstart|move: Trick Room|[of] p2a: Dusclops\n|\n|upkeep\n|turn|2\n|\n|t:|1700938656\n|-curestatus|p2b: Camerupt|slp|[msg]\n|move|p2b: Camerupt|Fire Blast|p1a: Amoonguss\n|-supereffective|p1a: Amoonguss\n|-enditem|p1a: Amoonguss|Focus Sash\n|-damage|p1a: Amoonguss|1\/100\n|move|p2a: Dusclops|Poltergeist|p1b: Volcarona\n|-activate|p1b: Volcarona|move: Poltergeist|Heavy-Duty Boots\n|-damage|p1b: Volcarona|56\/100\n|move|p1a: Amoonguss|Spore|p2a: Dusclops\n|-status|p2a: Dusclops|slp|[from] move: Spore\n|move|p1b: Volcarona|Fiery Dance|p2a: Dusclops\n|-damage|p2a: Dusclops|45\/100 slp\n|-boost|p1b: Volcarona|spa|1\n|\n|upkeep\n|turn|3\n|\n|t:|1700938684\n|switch|p1a: Toxapex|Toxapex, F|100\/100\n|move|p2b: Camerupt|Earth Power|p1a: Toxapex\n|-supereffective|p1a: Toxapex\n|-damage|p1a: Toxapex|0 fnt\n|faint|p1a: Toxapex\n|cant|p2a: Dusclops|slp\n|move|p1b: Volcarona|Fiery Dance|p2a: Dusclops\n|-damage|p2a: Dusclops|3\/100 slp\n|\n|upkeep\n|inactive|KRONEL2426 has 120 seconds left.\n|\n|t:|1700938701\n|switch|p1a: Landorus|Landorus-Therian, M|100\/100\n|-ability|p1a: Landorus|Intimidate|boost\n|-unboost|p2a: Dusclops|atk|1\n|-unboost|p2b: Camerupt|atk|1\n|turn|4\n|inactive|EstemanACG1 has 120 seconds left.\n|\n|t:|1700938752\n|-terastallize|p1b: Volcarona|Water\n|move|p2b: Camerupt|Fire Blast|p1b: Volcarona\n|-resisted|p1b: Volcarona\n|-damage|p1b: Volcarona|11\/100\n|-curestatus|p2a: Dusclops|slp|[msg]\n|move|p2a: Dusclops|Rock Slide|p1a: Landorus|[spread] p1a,p1b\n|-damage|p1a: Landorus|93\/100\n|-damage|p1b: Volcarona|1\/100\n|move|p1b: Volcarona|Quiver Dance|p1b: Volcarona\n|-boost|p1b: Volcarona|spa|1\n|-boost|p1b: Volcarona|spd|1\n|-boost|p1b: Volcarona|spe|1\n|move|p1a: Landorus|Rock Slide|p2a: Dusclops|[spread] p2a\n|-miss|p1a: Landorus|p2b: Camerupt\n|-damage|p2a: Dusclops|0 fnt\n|faint|p2a: Dusclops\n|\n|upkeep\n|\n|t:|1700938762\n|switch|p2a: Hatterene|Hatterene, F|100\/100\n|turn|5\n|inactive|EstemanACG1 has 120 seconds left.\n|\n|t:|1700938779\n|move|p2b: Camerupt|Fire Blast|p1a: Landorus\n|-damage|p1a: Landorus|0 fnt\n|faint|p1a: Landorus\n|move|p2a: Hatterene|Dazzling Gleam|p1b: Volcarona\n|-damage|p1b: Volcarona|0 fnt\n|faint|p1b: Volcarona\n|-damage|p2a: Hatterene|91\/100|[from] item: Life Orb\n|\n|-fieldend|move: Trick Room\n|upkeep\n|-message|KRONEL2426 forfeited.\n|\n|win|EstemanACG1\n|raw|KRONEL2426's rating: 1173 &rarr; <strong>1156<\/strong><br \/>(-17 for losing)\n|raw|EstemanACG1's rating: 1294 &rarr; <strong>1311<\/strong><br \/>(+17 for winning)\n|l|\u2606KRONEL2426\n|j| Inkubone\n|l| Inkubone\n","uploadtime":1700938797,"views":1,"p1id":"kronel2426","p2id":"estemanacg1","formatid":"gen9nationaldexdoubles","rating":1156,"private":0,"password":""}