{"id":"gen9nationaldexdoubles-1965825517","p1":"OVERBUS42","p2":"Gocks","format":"[Gen 9] National Dex Doubles","log":"|j|\u2606OVERBUS42\n|j|\u2606Gocks\n|t:|1697122493\n|gametype|doubles\n|player|p1|OVERBUS42|265|1271\n|player|p2|Gocks|101|1371\n|teamsize|p1|6\n|teamsize|p2|6\n|gen|9\n|tier|[Gen 9] National Dex Doubles\n|rated|\n|rule|HP Percentage Mod: HP is shown in percentages\n|rule|Endless Battle Clause: Forcing endless battles is banned\n|rule|OHKO Clause: OHKO moves are banned\n|rule|Evasion Moves Clause: Evasion moves are banned\n|rule|Evasion Abilities Clause: Evasion abilities are banned\n|rule|Species Clause: Limit one of each Pok\u00e9mon\n|rule|Gravity Sleep Clause: The combination of sleep-inducing moves with imperfect accuracy and Gravity or Gigantamax Orbeetle are banned\n|clearpoke\n|poke|p1|Snorlax, F|\n|poke|p1|Sableye, M|\n|poke|p1|Cetitan, M|\n|poke|p1|Cresselia, F|\n|poke|p1|Raichu, M|\n|poke|p1|Porygon-Z|\n|poke|p2|Eevee, F|\n|poke|p2|Espeon, F|\n|poke|p2|Hattrem, F|\n|poke|p2|Indeedee-F, F|\n|poke|p2|Gardevoir, F|\n|poke|p2|Gothitelle, F|\n|teampreview\n|inactive|Battle timer is ON: inactive players will automatically lose when time's up. (requested by OVERBUS42)\n|\n|t:|1697122507\n|start\n|switch|p1a: Porygon-Z|Porygon-Z|100\/100\n|switch|p1b: Raichu|Raichu, M|100\/100\n|switch|p2a: Eevee|Eevee, F|100\/100\n|switch|p2b: Indeedee|Indeedee-F, F|100\/100\n|-fieldstart|move: Psychic Terrain|[from] ability: Psychic Surge|[of] p2b: Indeedee\n|-enditem|p2b: Indeedee|Psychic Seed\n|-boost|p2b: Indeedee|spd|1|[from] item: Psychic Seed\n|turn|1\n|\n|t:|1697122518\n|move|p2b: Indeedee|Follow Me|p2b: Indeedee\n|-singleturn|p2b: Indeedee|move: Follow Me\n|move|p1b: Raichu|Discharge|p2a: Eevee|[spread] p1a,p2a,p2b\n|-damage|p1a: Porygon-Z|67\/100\n|-damage|p2a: Eevee|64\/100\n|-damage|p2b: Indeedee|85\/100\n|-status|p2a: Eevee|par\n|-status|p2b: Indeedee|par\n|-zpower|p1a: Porygon-Z\n|move|p1a: Porygon-Z|Z-Conversion|p1a: Porygon-Z|[anim]Conversion\n|-boost|p1a: Porygon-Z|atk|1|[zeffect]\n|-boost|p1a: Porygon-Z|def|1|[zeffect]\n|-boost|p1a: Porygon-Z|spa|1|[zeffect]\n|-boost|p1a: Porygon-Z|spd|1|[zeffect]\n|-boost|p1a: Porygon-Z|spe|1|[zeffect]\n|-start|p1a: Porygon-Z|typechange|Electric\n|cant|p2a: Eevee|par\n|\n|upkeep\n|turn|2\n|c|\u2606OVERBUS42|I'm so sorry\n|inactive|OVERBUS42 has 120 seconds left.\n|c|\u2606Gocks|okay\n|c|\u2606OVERBUS42|Pokemon is filled with RNG\n|\n|t:|1697122554\n|move|p1b: Raichu|Follow Me|p1b: Raichu\n|-singleturn|p1b: Raichu|move: Follow Me\n|move|p2b: Indeedee|Follow Me|p2b: Indeedee\n|-singleturn|p2b: Indeedee|move: Follow Me\n|move|p1a: Porygon-Z|Discharge|p2a: Eevee|[spread] p2a,p2b\n|-ability|p1b: Raichu|Lightning Rod|boost\n|-boost|p1b: Raichu|spa|1\n|-damage|p2a: Eevee|0 fnt\n|-damage|p2b: Indeedee|44\/100 par\n|faint|p2a: Eevee\n|\n|upkeep\n|\n|t:|1697122569\n|switch|p2a: Gardevoir|Gardevoir, F|100\/100\n|turn|3\n|\n|t:|1697122584\n|detailschange|p2a: Gardevoir|Gardevoir-Mega, F\n|-mega|p2a: Gardevoir|Gardevoir|Gardevoirite\n|move|p1b: Raichu|Follow Me|p1b: Raichu\n|-singleturn|p1b: Raichu|move: Follow Me\n|move|p2b: Indeedee|Follow Me|p2b: Indeedee\n|-singleturn|p2b: Indeedee|move: Follow Me\n|move|p1a: Porygon-Z|Discharge|p2a: Gardevoir|[spread] p2a,p2b\n|-ability|p1b: Raichu|Lightning Rod|boost\n|-boost|p1b: Raichu|spa|1\n|-damage|p2a: Gardevoir|37\/100\n|-damage|p2b: Indeedee|6\/100 par\n|move|p2a: Gardevoir|Expanding Force|p1b: Raichu|[spread] p1a,p1b\n|-damage|p1a: Porygon-Z|0 fnt\n|-enditem|p1b: Raichu|Focus Sash\n|-damage|p1b: Raichu|1\/100\n|faint|p1a: Porygon-Z\n|\n|upkeep\n|\n|t:|1697122599\n|switch|p1a: Cresselia|Cresselia, F|100\/100\n|turn|4\n|\n|t:|1697122614\n|move|p1a: Cresselia|Ally Switch|p1a: Cresselia\n|swap|p1a: Cresselia|1|[from] move: Ally Switch\n|move|p2b: Indeedee|Follow Me|p2b: Indeedee\n|-singleturn|p2b: Indeedee|move: Follow Me\n|move|p1a: Raichu|Discharge|p2b: Indeedee|[spread] p1b,p2a,p2b\n|-damage|p1b: Cresselia|73\/100\n|-damage|p2a: Gardevoir|0 fnt\n|-damage|p2b: Indeedee|0 fnt\n|faint|p2a: Gardevoir\n|faint|p2b: Indeedee\n|\n|upkeep\n|\n|t:|1697122627\n|switch|p2a: Espeon|Espeon, F|100\/100\n|switch|p2b: Hattrem|Hattrem, F|100\/100\n|turn|5\n|\n|t:|1697122637\n|switch|p2b: Gothitelle|Gothitelle, F|100\/100\n|-terastallize|p2a: Espeon|Psychic\n|move|p1b: Cresselia|Ally Switch||[still]\n|-fail|p1b: Cresselia\n|move|p1a: Raichu|Discharge|p2b: Gothitelle|[spread] p1b,p2a,p2b\n|-damage|p1b: Cresselia|49\/100\n|-damage|p2a: Espeon|33\/100\n|-damage|p2b: Gothitelle|68\/100\n|-status|p2b: Gothitelle|par\n|move|p2a: Espeon|Expanding Force|p1b: Cresselia|[spread] p1a,p1b\n|-resisted|p1b: Cresselia\n|-damage|p1a: Raichu|0 fnt\n|-damage|p1b: Cresselia|30\/100\n|faint|p1a: Raichu\n|\n|-fieldend|move: Psychic Terrain\n|upkeep\n|\n|t:|1697122652\n|switch|p1a: Cetitan|Cetitan, M|100\/100\n|turn|6\n|\n|t:|1697122667\n|move|p2b: Gothitelle|Fake Out|p1a: Cetitan\n|-damage|p1a: Cetitan|95\/100\n|cant|p1a: Cetitan|flinch\n|move|p2a: Espeon|Expanding Force|p1b: Cresselia\n|-resisted|p1b: Cresselia\n|-damage|p1b: Cresselia|16\/100\n|move|p1b: Cresselia|Trick Room|p1b: Cresselia\n|-fieldstart|move: Trick Room|[of] p1b: Cresselia\n|\n|upkeep\n|turn|7\n|\n|t:|1697122689\n|switch|p2a: Hattrem|Hattrem, F|100\/100\n|move|p1b: Cresselia|Ally Switch|p1b: Cresselia\n|swap|p1b: Cresselia|0|[from] move: Ally Switch\n|cant|p2b: Gothitelle|par\n|move|p1b: Cetitan|Earthquake|p2a: Hattrem|[spread] p2a,p2b\n|-immune|p1a: Cresselia|[from] ability: Levitate\n|-damage|p2a: Hattrem|77\/100\n|-damage|p2b: Gothitelle|43\/100 par\n|\n|upkeep\n|turn|8\n|\n|t:|1697122705\n|-terastallize|p1b: Cetitan|Ground\n|cant|p2b: Gothitelle|par\n|move|p2a: Hattrem|Charm|p1b: Cetitan\n|-unboost|p1b: Cetitan|atk|2\n|move|p1a: Cresselia|Lunar Blessing|p1a: Cresselia|[spread] p1a,p1b\n|-heal|p1a: Cresselia|41\/100\n|-heal|p1b: Cetitan|100\/100\n|move|p1b: Cetitan|Belly Drum|p1b: Cetitan\n|-damage|p1b: Cetitan|50\/100\n|-setboost|p1b: Cetitan|atk|6|[from] move: Belly Drum\n|-enditem|p1b: Cetitan|Sitrus Berry|[eat]\n|-heal|p1b: Cetitan|75\/100|[from] item: Sitrus Berry\n|\n|upkeep\n|turn|9\n|\n|t:|1697122727\n|move|p1a: Cresselia|Ally Switch|p1a: Cresselia\n|swap|p1a: Cresselia|1|[from] move: Ally Switch\n|cant|p2b: Gothitelle|par\n|move|p2a: Hattrem|Charm|p1b: Cresselia\n|-unboost|p1b: Cresselia|atk|2\n|move|p1a: Cetitan|Earthquake|p2a: Hattrem|[spread] p2a,p2b\n|-immune|p1b: Cresselia|[from] ability: Levitate\n|-damage|p2a: Hattrem|0 fnt\n|-damage|p2b: Gothitelle|0 fnt\n|faint|p2a: Hattrem\n|faint|p2b: Gothitelle\n|\n|upkeep\n|\n|t:|1697122734\n|switch|p2b: Espeon|Espeon, F, tera:Psychic|33\/100\n|turn|10\n|inactive|OVERBUS42 has 120 seconds left.\n|c|\u2606OVERBUS42|not forfeiting, you have earned my respect\n|\n|t:|1697122776\n|move|p1a: Cetitan|Ice Shard|p2b: Espeon\n|-damage|p2b: Espeon|0 fnt\n|faint|p2b: Espeon\n|\n|win|OVERBUS42\n|raw|OVERBUS42's rating: 1271 &rarr; <strong>1303<\/strong><br \/>(+32 for winning)\n|raw|Gocks's rating: 1371 &rarr; <strong>1345<\/strong><br \/>(-26 for losing)\n|c|\u2606OVERBUS42|GG\n|c|\u2606Gocks|gg\n|c|\u2606OVERBUS42|you not so much bad RNG\n|c|\u2606Gocks|have a game again?\n","uploadtime":1697122845,"views":7,"p1id":"overbus42","p2id":"gocks","formatid":"gen9nationaldexdoubles","rating":1303,"private":0,"password":""}