{"id":"gen9nationaldexdoubles-1959373077","p1":"escaravelhodosexo","p2":"estoura Velha","format":"[Gen 9] National Dex Doubles","log":"|j|\u2606escaravelhodosexo\n|j|\u2606estoura Velha\n|t:|1696422514\n|gametype|doubles\n|player|p1|escaravelhodosexo|drayden|\n|player|p2|estoura Velha|drayden|\n|teamsize|p1|6\n|teamsize|p2|6\n|gen|9\n|tier|[Gen 9] National Dex Doubles\n|rule|HP Percentage Mod: HP is shown in percentages\n|rule|Endless Battle Clause: Forcing endless battles is banned\n|rule|OHKO Clause: OHKO moves are banned\n|rule|Evasion Moves Clause: Evasion moves are banned\n|rule|Evasion Abilities Clause: Evasion abilities are banned\n|rule|Species Clause: Limit one of each Pok\u00e9mon\n|rule|Gravity Sleep Clause: The combination of sleep-inducing moves with imperfect accuracy and Gravity or Gigantamax Orbeetle are banned\n|clearpoke\n|poke|p1|Ursaluna-Bloodmoon, M|\n|poke|p1|Skeledirge, F|\n|poke|p1|Sinistcha|\n|poke|p1|Goodra, F|\n|poke|p1|Lycanroc, M|\n|poke|p1|Kingambit, M|\n|poke|p2|Haxorus, F|\n|poke|p2|Bouffalant, M|\n|poke|p2|Baxcalibur, M|\n|poke|p2|Salazzle, F|\n|poke|p2|Duraludon, F|\n|poke|p2|Kingdra, M|\n|teampreview\n|\n|t:|1696422556\n|start\n|switch|p1a: Skeledirge|Skeledirge, F|100\/100\n|switch|p1b: Lycanroc|Lycanroc, M|100\/100\n|switch|p2a: Duraludon|Duraludon, F|100\/100\n|switch|p2b: Kingdra|Kingdra, M|100\/100\n|turn|1\n|\n|t:|1696422606\n|switch|p2b: Bouffalant|Bouffalant, M|100\/100\n|move|p1b: Lycanroc|Stone Edge|p2a: Duraludon\n|-resisted|p2a: Duraludon\n|-damage|p2a: Duraludon|80\/100\n|move|p2a: Duraludon|Light Screen|p2a: Duraludon\n|-sidestart|p2: estoura Velha|move: Light Screen\n|move|p1a: Skeledirge|Torch Song|p2a: Duraludon\n|-damage|p2a: Duraludon|26\/100\n|-boost|p1a: Skeledirge|spa|1\n|\n|upkeep\n|turn|2\n|\n|t:|1696422663\n|move|p1b: Lycanroc|Play Rough|p2b: Bouffalant\n|-damage|p2b: Bouffalant|75\/100\n|move|p2a: Duraludon|Flash Cannon|p1b: Lycanroc\n|-supereffective|p1b: Lycanroc\n|-damage|p1b: Lycanroc|0 fnt\n|faint|p1b: Lycanroc\n|move|p1a: Skeledirge|Torch Song|p2b: Bouffalant\n|-damage|p2b: Bouffalant|42\/100\n|-boost|p1a: Skeledirge|spa|1\n|move|p2b: Bouffalant|High Horsepower|p1a: Skeledirge\n|-supereffective|p1a: Skeledirge\n|-damage|p1a: Skeledirge|58\/100\n|\n|upkeep\n|\n|t:|1696422683\n|switch|p1b: Kingambit|Kingambit, M|100\/100\n|-activate|p1b: Kingambit|ability: Supreme Overlord\n|-start|p1b: Kingambit|fallen1|[silent]\n|turn|3\n|\n|t:|1696422729\n|move|p2a: Duraludon|Thunder|p1b: Kingambit\n|-damage|p1b: Kingambit|56\/100\n|move|p1a: Skeledirge|Torch Song|p2b: Bouffalant\n|-damage|p2b: Bouffalant|0 fnt\n|-boost|p1a: Skeledirge|spa|1\n|faint|p2b: Bouffalant\n|move|p1b: Kingambit|Zen Headbutt|p2a: Duraludon|[miss]\n|-miss|p1b: Kingambit|p2a: Duraludon\n|\n|upkeep\n|\n|t:|1696422746\n|switch|p2b: Baxcalibur|Baxcalibur, M|100\/100\n|turn|4\n|\n|t:|1696422779\n|switch|p1a: Goodra|Goodra, F|100\/100\n|move|p2b: Baxcalibur|Glaive Rush|p1b: Kingambit\n|-resisted|p1b: Kingambit\n|-damage|p1b: Kingambit|34\/100\n|-singlemove|p2b: Baxcalibur|Glaive Rush|[silent]\n|move|p2a: Duraludon|Light Screen||[still]\n|-fail|p2a: Duraludon\n|move|p1b: Kingambit|Kowtow Cleave|p2b: Baxcalibur\n|-damage|p2b: Baxcalibur|20\/100\n|\n|upkeep\n|turn|5\n|\n|t:|1696422830\n|switch|p2a: Kingdra|Kingdra, M|100\/100\n|move|p2b: Baxcalibur|Glaive Rush|p1a: Goodra\n|-supereffective|p1a: Goodra\n|-damage|p1a: Goodra|0 fnt\n|-singlemove|p2b: Baxcalibur|Glaive Rush|[silent]\n|faint|p1a: Goodra\n|move|p1b: Kingambit|Iron Head|p2b: Baxcalibur\n|-supereffective|p2b: Baxcalibur\n|-damage|p2b: Baxcalibur|0 fnt\n|faint|p2b: Baxcalibur\n|\n|-sideend|p2: estoura Velha|move: Light Screen\n|upkeep\n|\n|t:|1696422858\n|switch|p2b: Duraludon|Duraludon, F|26\/100\n|switch|p1a: Skeledirge|Skeledirge, F|58\/100\n|turn|6\n|\n|t:|1696422894\n|move|p2b: Duraludon|Dragon Pulse|p1a: Skeledirge\n|-damage|p1a: Skeledirge|8\/100\n|move|p2a: Kingdra|Hydro Pump|p1b: Kingambit|[miss]\n|-miss|p2a: Kingdra|p1b: Kingambit\n|move|p1a: Skeledirge|Rest|p1a: Skeledirge\n|-status|p1a: Skeledirge|slp|[from] move: Rest\n|-heal|p1a: Skeledirge|100\/100 slp|[silent]\n|move|p1b: Kingambit|Kowtow Cleave|p2a: Kingdra\n|-damage|p2a: Kingdra|39\/100\n|\n|upkeep\n|turn|7\n|\n|t:|1696422941\n|move|p2a: Kingdra|Hydro Pump|p1b: Kingambit\n|-damage|p1b: Kingambit|0 fnt\n|faint|p1b: Kingambit\n|-end|p1b: Kingambit|fallen1|[silent]\n|move|p2b: Duraludon|Flash Cannon|p1a: Skeledirge\n|-resisted|p1a: Skeledirge\n|-damage|p1a: Skeledirge|76\/100 slp\n|cant|p1a: Skeledirge|slp\n|\n|upkeep\n|\n|t:|1696422976\n|switch|p1b: Sinistcha|Sinistcha|100\/100\n|-heal|p1a: Skeledirge|100\/100 slp|[from] ability: Hospitality|[of] p1b: Sinistcha\n|turn|8\n|\n|t:|1696423029\n|move|p2b: Duraludon|Dragon Pulse|p1b: Sinistcha\n|-damage|p1b: Sinistcha|42\/100\n|move|p2a: Kingdra|Hydro Pump|p1a: Skeledirge\n|-supereffective|p1a: Skeledirge\n|-damage|p1a: Skeledirge|0 fnt\n|faint|p1a: Skeledirge\n|move|p1b: Sinistcha|Trick Room|p1b: Sinistcha\n|-fieldstart|move: Trick Room|[of] p1b: Sinistcha\n|\n|upkeep\n|\n|t:|1696423040\n|switch|p1a: Ursaluna|Ursaluna-Bloodmoon, M|100\/100\n|turn|9\n|\n|t:|1696423080\n|move|p1a: Ursaluna|Earth Power|p2b: Duraludon\n|-supereffective|p2b: Duraludon\n|-damage|p2b: Duraludon|0 fnt\n|faint|p2b: Duraludon\n|move|p1b: Sinistcha|Matcha Gotcha|p2a: Kingdra\n|-damage|p2a: Kingdra|0 fnt\n|-heal|p1b: Sinistcha|62\/100|[from] drain|[of] p2a: Kingdra\n|faint|p2a: Kingdra\n|\n|upkeep\n|\n|t:|1696423089\n|switch|p2b: Salazzle|Salazzle, F|100\/100\n|switch|p2a: Haxorus|Haxorus, F|100\/100\n|-ability|p2a: Haxorus|Mold Breaker\n|turn|10\n|\n|t:|1696423138\n|move|p1a: Ursaluna|Earth Power|p2b: Salazzle\n|-supereffective|p2b: Salazzle\n|-damage|p2b: Salazzle|0 fnt\n|faint|p2b: Salazzle\n|move|p1b: Sinistcha|Hex|p2a: Haxorus\n|-damage|p2a: Haxorus|54\/100\n|move|p2a: Haxorus|Brick Break|p1a: Ursaluna\n|-supereffective|p1a: Ursaluna\n|-damage|p1a: Ursaluna|65\/100\n|\n|upkeep\n|turn|11\n|\n|t:|1696423179\n|move|p1a: Ursaluna|Blood Moon|p2a: Haxorus\n|-damage|p2a: Haxorus|0 fnt\n|faint|p2a: Haxorus\n|\n|win|escaravelhodosexo\n","uploadtime":1696423188,"views":9,"p1id":"escaravelhodosexo","p2id":"estouravelha","formatid":"gen9nationaldexdoubles","rating":0,"private":0,"password":""}