{"id":"gen9nationaldexdoubles-1980278942","p1":"Loomymc","p2":"Siro4__","format":"[Gen 9] National Dex Doubles","log":"|j|\u2606Loomymc\n|j|\u2606Siro4__\n|t:|1698771850\n|gametype|doubles\n|player|p1|Loomymc|cynthia|\n|player|p2|Siro4__|170|\n|teamsize|p1|6\n|teamsize|p2|6\n|gen|9\n|tier|[Gen 9] National Dex Doubles\n|rule|HP Percentage Mod: HP is shown in percentages\n|rule|Endless Battle Clause: Forcing endless battles is banned\n|rule|OHKO Clause: OHKO moves are banned\n|rule|Evasion Moves Clause: Evasion moves are banned\n|rule|Evasion Abilities Clause: Evasion abilities are banned\n|rule|Species Clause: Limit one of each Pok\u00e9mon\n|rule|Gravity Sleep Clause: The combination of sleep-inducing moves with imperfect accuracy and Gravity or Gigantamax Orbeetle are banned\n|clearpoke\n|poke|p1|Nihilego|\n|poke|p1|Orbeetle, M|\n|poke|p1|Scizor, F|\n|poke|p1|Terrakion|\n|poke|p1|Vikavolt, F|\n|poke|p1|Stonjourner, F|\n|poke|p2|Rillaboom, F|\n|poke|p2|Greninja-*, M|\n|poke|p2|Urshifu-*, F|\n|poke|p2|Pelipper, M|\n|poke|p2|Ludicolo, F|\n|poke|p2|Tsareena, F|\n|teampreview\n|j| real kyao\n|\n|t:|1698771890\n|start\n|switch|p1a: Nihilego|Nihilego|100\/100\n|switch|p1b: Orbeetle|Orbeetle, M|100\/100\n|switch|p2a: Tsareena|Tsareena, F|100\/100\n|switch|p2b: Greninja|Greninja, M|100\/100\n|turn|1\n|\n|t:|1698771912\n|move|p2b: Greninja|Toxic Spikes|p1a: Nihilego\n|-start|p2b: Greninja|typechange|Poison|[from] ability: Protean\n|-sidestart|p1: Loomymc|move: Toxic Spikes\n|move|p1b: Orbeetle|Sticky Web|p2b: Greninja\n|-sidestart|p2: Siro4__|move: Sticky Web\n|move|p1a: Nihilego|Corrosive Gas|p2b: Greninja|[spread] p1b,p2a,p2b\n|-enditem|p1b: Orbeetle|Light Clay|[from] move: Corrosive Gas|[of] p1a: Nihilego\n|-enditem|p2a: Tsareena|Figy Berry|[from] move: Corrosive Gas|[of] p1a: Nihilego\n|-enditem|p2b: Greninja|Expert Belt|[from] move: Corrosive Gas|[of] p1a: Nihilego\n|move|p2a: Tsareena|High Jump Kick|p1a: Nihilego\n|-damage|p1a: Nihilego|42\/100\n|\n|-heal|p1a: Nihilego|48\/100|[from] item: Black Sludge\n|upkeep\n|turn|2\n|\n|t:|1698771941\n|move|p2a: Tsareena|Helping Hand|p2b: Greninja\n|-singleturn|p2b: Greninja|Helping Hand|[of] p2a: Tsareena\n|move|p2b: Greninja|U-turn|p1a: Nihilego\n|-resisted|p1a: Nihilego\n|-damage|p1a: Nihilego|25\/100\n|\n|t:|1698771956\n|switch|p2b: Pelipper|Pelipper, M|100\/100|[from] U-turn\n|-weather|RainDance|[from] ability: Drizzle|[of] p2b: Pelipper\n|move|p1b: Orbeetle|Reflect|p1b: Orbeetle\n|-sidestart|p1: Loomymc|Reflect\n|move|p1a: Nihilego|Sludge Bomb|p2a: Tsareena\n|-supereffective|p2a: Tsareena\n|-damage|p2a: Tsareena|42\/100\n|\n|-weather|RainDance|[upkeep]\n|-heal|p1a: Nihilego|31\/100|[from] item: Black Sludge\n|upkeep\n|turn|3\n|\n|t:|1698771972\n|move|p1b: Orbeetle|Light Screen|p1b: Orbeetle\n|-sidestart|p1: Loomymc|move: Light Screen\n|move|p1a: Nihilego|Sludge Bomb|p2a: Tsareena\n|-supereffective|p2a: Tsareena\n|-damage|p2a: Tsareena|0 fnt\n|faint|p2a: Tsareena\n|-ability|p1a: Nihilego|Beast Boost|boost\n|-boost|p1a: Nihilego|spd|1\n|move|p2b: Pelipper|Tailwind|p2b: Pelipper\n|-sidestart|p2: Siro4__|move: Tailwind\n|\n|-weather|RainDance|[upkeep]\n|-heal|p1a: Nihilego|37\/100|[from] item: Black Sludge\n|upkeep\n|\n|t:|1698771985\n|switch|p2a: Ludicolo|Ludicolo, F|100\/100\n|-activate|p2a: Ludicolo|move: Sticky Web\n|-unboost|p2a: Ludicolo|spe|1\n|turn|4\n|\n|t:|1698772021\n|move|p2a: Ludicolo|Hydro Pump|p1a: Nihilego\n|-supereffective|p1a: Nihilego\n|-damage|p1a: Nihilego|8\/100\n|move|p2b: Pelipper|Hurricane|p1b: Orbeetle\n|-supereffective|p1b: Orbeetle\n|-damage|p1b: Orbeetle|35\/100\n|-start|p1b: Orbeetle|confusion\n|-activate|p1b: Orbeetle|confusion\n|move|p1b: Orbeetle|U-turn|p2a: Ludicolo\n|-supereffective|p2a: Ludicolo\n|-damage|p2a: Ludicolo|65\/100\n|\n|t:|1698772028\n|switch|p1b: Vikavolt|Vikavolt, F, shiny|100\/100|[from] U-turn\n|move|p1a: Nihilego|Sludge Bomb|p2a: Ludicolo\n|-supereffective|p2a: Ludicolo\n|-damage|p2a: Ludicolo|0 fnt\n|faint|p2a: Ludicolo\n|-ability|p1a: Nihilego|Beast Boost|boost\n|-boost|p1a: Nihilego|spd|1\n|\n|-weather|RainDance|[upkeep]\n|-heal|p1a: Nihilego|14\/100|[from] item: Black Sludge\n|upkeep\n|\n|t:|1698772051\n|switch|p2a: Urshifu|Urshifu-Rapid-Strike, F|100\/100\n|-activate|p2a: Urshifu|move: Sticky Web\n|-unboost|p2a: Urshifu|spe|1\n|turn|5\n|\n|t:|1698772071\n|move|p2a: Urshifu|Protect|p2a: Urshifu\n|-singleturn|p2a: Urshifu|Protect\n|move|p2b: Pelipper|Hurricane|p1b: Vikavolt\n|-damage|p1b: Vikavolt|58\/100\n|move|p1a: Nihilego|Sludge Bomb|p2a: Urshifu\n|-activate|p2a: Urshifu|move: Protect\n|move|p1b: Vikavolt|Thunderbolt|p2b: Pelipper\n|-supereffective|p2b: Pelipper\n|-damage|p2b: Pelipper|0 fnt\n|faint|p2b: Pelipper\n|-damage|p1b: Vikavolt|48\/100|[from] item: Life Orb\n|\n|-weather|RainDance|[upkeep]\n|-heal|p1a: Nihilego|20\/100|[from] item: Black Sludge\n|upkeep\n|\n|t:|1698772085\n|switch|p2b: Greninja|Greninja, M|100\/100\n|-activate|p2b: Greninja|move: Sticky Web\n|-unboost|p2b: Greninja|spe|1\n|turn|6\n|\n|t:|1698772103\n|move|p1a: Nihilego|Ally Switch|p1a: Nihilego\n|swap|p1a: Nihilego|1|[from] move: Ally Switch\n|move|p2b: Greninja|Brutal Swing|p1a: Vikavolt|[spread] p2a,p1a,p1b\n|-start|p2b: Greninja|typechange|Dark|[from] ability: Protean\n|-resisted|p2a: Urshifu\n|-damage|p2a: Urshifu|90\/100\n|-damage|p1a: Vikavolt|34\/100\n|-damage|p1b: Nihilego|0 fnt\n|faint|p1b: Nihilego\n|move|p2a: Urshifu|Close Combat|p1a: Vikavolt\n|-resisted|p1a: Vikavolt\n|-damage|p1a: Vikavolt|4\/100\n|-unboost|p2a: Urshifu|def|1\n|-unboost|p2a: Urshifu|spd|1\n|-damage|p2a: Urshifu|80\/100|[from] item: Life Orb\n|move|p1a: Vikavolt|Thunderbolt|p2a: Urshifu\n|-supereffective|p2a: Urshifu\n|-damage|p2a: Urshifu|0 fnt\n|faint|p2a: Urshifu\n|-damage|p1a: Vikavolt|0 fnt|[from] item: Life Orb\n|faint|p1a: Vikavolt\n|\n|-weather|RainDance|[upkeep]\n|-sideend|p1: Loomymc|Reflect\n|-sideend|p2: Siro4__|move: Tailwind\n|upkeep\n|\n|t:|1698772122\n|switch|p2a: Rillaboom|Rillaboom, F|100\/100\n|switch|p1b: Orbeetle|Orbeetle, M|35\/100\n|switch|p1a: Scizor|Scizor, F|100\/100\n|-status|p1b: Orbeetle|psn\n|-activate|p2a: Rillaboom|move: Sticky Web\n|-unboost|p2a: Rillaboom|spe|1\n|-fieldstart|move: Grassy Terrain|[from] ability: Grassy Surge|[of] p2a: Rillaboom\n|turn|7\n|\n|t:|1698772174\n|detailschange|p1a: Scizor|Scizor-Mega, F\n|-mega|p1a: Scizor|Scizor|Scizorite\n|move|p1b: Orbeetle|Reflect|p1b: Orbeetle\n|-sidestart|p1: Loomymc|Reflect\n|move|p2b: Greninja|Gunk Shot|p1b: Orbeetle\n|-damage|p1b: Orbeetle|11\/100 psn\n|move|p1a: Scizor|Swords Dance|p1a: Scizor\n|-boost|p1a: Scizor|atk|2\n|move|p2a: Rillaboom|Wood Hammer|p1a: Scizor\n|-resisted|p1a: Scizor\n|-damage|p1a: Scizor|89\/100\n|-damage|p2a: Rillaboom|97\/100|[from] Recoil\n|\n|-weather|RainDance|[upkeep]\n|-heal|p1b: Orbeetle|17\/100 psn|[from] Grassy Terrain\n|-heal|p1a: Scizor|95\/100|[from] Grassy Terrain\n|-heal|p2a: Rillaboom|100\/100|[from] Grassy Terrain\n|-damage|p1b: Orbeetle|5\/100 psn|[from] psn\n|-sideend|p1: Loomymc|move: Light Screen\n|upkeep\n|turn|8\n|\n|t:|1698772196\n|move|p2a: Rillaboom|Fake Out||[still]\n|-hint|Fake Out only works on your first turn out.\n|-fail|p2a: Rillaboom\n|move|p1b: Orbeetle|Light Screen|p1b: Orbeetle\n|-sidestart|p1: Loomymc|move: Light Screen\n|move|p2b: Greninja|U-turn|p1b: Orbeetle\n|-supereffective|p1b: Orbeetle\n|-damage|p1b: Orbeetle|0 fnt\n|faint|p1b: Orbeetle\n|move|p1a: Scizor|Dual Wingbeat|p2a: Rillaboom\n|-supereffective|p2a: Rillaboom\n|-damage|p2a: Rillaboom|3\/100\n|-supereffective|p2a: Rillaboom\n|-damage|p2a: Rillaboom|0 fnt\n|faint|p2a: Rillaboom\n|-hitcount|p2: Rillaboom|2\n|\n|-weather|RainDance|[upkeep]\n|-heal|p1a: Scizor|100\/100|[from] Grassy Terrain\n|upkeep\n|\n|t:|1698772211\n|switch|p1b: Stonjourner|Stonjourner, F|100\/100\n|-status|p1b: Stonjourner|psn\n|turn|9\n|\n|t:|1698772270\n|move|p1b: Stonjourner|Protect|p1b: Stonjourner\n|-singleturn|p1b: Stonjourner|Protect\n|move|p1a: Scizor|Bullet Punch|p2b: Greninja\n|-damage|p2b: Greninja|0 fnt\n|faint|p2b: Greninja\n|\n|win|Loomymc\n","uploadtime":1698772295,"views":18,"p1id":"loomymc","p2id":"siro4","formatid":"gen9nationaldexdoubles","rating":0,"private":0,"password":""}