{"id":"gen9nationaldexdoubles-1994430059","p1":"goffu-trainer","p2":"kooflah","format":"[Gen 9] National Dex Doubles","log":"|j|\u2606goffu-trainer\n|j|\u2606kooflah\n|t:|1700443033\n|gametype|doubles\n|player|p1|goffu-trainer|rocketgrunt|1273\n|player|p2|kooflah|170|1328\n|teamsize|p1|6\n|teamsize|p2|6\n|gen|9\n|tier|[Gen 9] National Dex Doubles\n|rated|\n|rule|HP Percentage Mod: HP is shown in percentages\n|rule|Endless Battle Clause: Forcing endless battles is banned\n|rule|OHKO Clause: OHKO moves are banned\n|rule|Evasion Moves Clause: Evasion moves are banned\n|rule|Evasion Abilities Clause: Evasion abilities are banned\n|rule|Species Clause: Limit one of each Pok\u00e9mon\n|rule|Gravity Sleep Clause: The combination of sleep-inducing moves with imperfect accuracy and Gravity or Gigantamax Orbeetle are banned\n|clearpoke\n|poke|p1|Snorlax, F|\n|poke|p1|Mimikyu, F|\n|poke|p1|Cresselia, F|\n|poke|p1|Amoonguss, M|\n|poke|p1|Ursaluna, M|\n|poke|p1|Dracovish|\n|poke|p2|Gardevoir, F|\n|poke|p2|Sinistcha-Masterpiece|\n|poke|p2|Landorus-Therian, M|\n|poke|p2|Thundurus, M|\n|poke|p2|Chi-Yu|\n|poke|p2|Aegislash, F|\n|teampreview\n|inactive|Battle timer is ON: inactive players will automatically lose when time's up. (requested by goffu-trainer)\n|\n|t:|1700443052\n|start\n|switch|p1a: Mimikyu|Mimikyu, F|100\/100\n|switch|p1b: Snorlax|Snorlax, F|100\/100\n|switch|p2a: Sinistcha|Sinistcha-Masterpiece, shiny|100\/100\n|switch|p2b: Chi-Yu|Chi-Yu|100\/100\n|-ability|p2b: Chi-Yu|Beads of Ruin\n|turn|1\n|\n|t:|1700443072\n|-terastallize|p2b: Chi-Yu|Grass\n|move|p2b: Chi-Yu|Dark Pulse|p1a: Mimikyu\n|-activate|p1a: Mimikyu|ability: Disguise\n|-damage|p1a: Mimikyu|100\/100\n|detailschange|p1a: Mimikyu|Mimikyu-Busted, F\n|-damage|p1a: Mimikyu|88\/100|[from] pokemon: Mimikyu-Busted\n|-damage|p2b: Chi-Yu|91\/100|[from] item: Life Orb\n|move|p2a: Sinistcha|Matcha Gotcha|p1a: Mimikyu|[spread] p1a,p1b\n|-damage|p1a: Mimikyu|52\/100\n|-damage|p1b: Snorlax|84\/100\n|-status|p1b: Snorlax|brn\n|move|p1b: Snorlax|Belly Drum|p1b: Snorlax\n|-damage|p1b: Snorlax|34\/100 brn\n|-setboost|p1b: Snorlax|atk|6|[from] move: Belly Drum\n|-enditem|p1b: Snorlax|Sitrus Berry|[eat]\n|-heal|p1b: Snorlax|59\/100 brn|[from] item: Sitrus Berry\n|move|p1a: Mimikyu|Trick Room|p1a: Mimikyu\n|-fieldstart|move: Trick Room|[of] p1a: Mimikyu\n|\n|-damage|p1b: Snorlax|53\/100 brn|[from] brn\n|upkeep\n|turn|2\n|\n|t:|1700443102\n|move|p2a: Sinistcha|Rage Powder|p2a: Sinistcha\n|-singleturn|p2a: Sinistcha|move: Rage Powder\n|move|p1b: Snorlax|Ice Punch|p2a: Sinistcha\n|-supereffective|p2a: Sinistcha\n|-damage|p2a: Sinistcha|49\/100\n|move|p1a: Mimikyu|Play Rough|p2a: Sinistcha\n|-damage|p2a: Sinistcha|22\/100\n|move|p2b: Chi-Yu|Heat Wave|p1b: Snorlax|[spread] p1a,p1b\n|-damage|p1a: Mimikyu|0 fnt\n|-damage|p1b: Snorlax|19\/100 brn\n|faint|p1a: Mimikyu\n|-damage|p2b: Chi-Yu|81\/100|[from] item: Life Orb\n|\n|-damage|p1b: Snorlax|13\/100 brn|[from] brn\n|upkeep\n|inactive|goffu-trainer has 120 seconds left.\n|\n|t:|1700443125\n|switch|p1a: Dracovish|Dracovish|100\/100\n|turn|3\n|\n|t:|1700443135\n|move|p2a: Sinistcha|Rage Powder|p2a: Sinistcha\n|-singleturn|p2a: Sinistcha|move: Rage Powder\n|move|p1b: Snorlax|Ice Punch|p2a: Sinistcha\n|-supereffective|p2a: Sinistcha\n|-damage|p2a: Sinistcha|0 fnt\n|faint|p2a: Sinistcha\n|move|p1a: Dracovish|Fishious Rend|p2b: Chi-Yu\n|-resisted|p2b: Chi-Yu\n|-damage|p2b: Chi-Yu|0 fnt\n|faint|p2b: Chi-Yu\n|\n|-damage|p1b: Snorlax|7\/100 brn|[from] brn\n|upkeep\n|inactive|kooflah has 120 seconds left.\n|\n|t:|1700443163\n|switch|p2a: Landorus|Landorus-Therian, M, shiny|100\/100\n|switch|p2b: Thundurus|Thundurus, M, shiny|100\/100\n|-ability|p2a: Landorus|Intimidate|boost\n|-unboost|p1a: Dracovish|atk|1\n|-unboost|p1b: Snorlax|atk|1\n|turn|4\n|\n|t:|1700443186\n|move|p1b: Snorlax|Ice Punch|p2a: Landorus\n|-supereffective|p2a: Landorus\n|-damage|p2a: Landorus|0 fnt\n|faint|p2a: Landorus\n|move|p1a: Dracovish|Fishious Rend|p2b: Thundurus\n|-damage|p2b: Thundurus|0 fnt\n|faint|p2b: Thundurus\n|\n|-damage|p1b: Snorlax|1\/100 brn|[from] brn\n|upkeep\n|\n|t:|1700443195\n|switch|p2a: Gardevoir|Gardevoir, F, shiny|100\/100\n|switch|p2b: Aegislash|Aegislash, F, shiny|100\/100\n|turn|5\n|\n|t:|1700443212\n|move|p2a: Gardevoir|Protect|p2a: Gardevoir\n|-singleturn|p2a: Gardevoir|Protect\n|move|p1b: Snorlax|High Horsepower|p2b: Aegislash\n|-supereffective|p2b: Aegislash\n|-damage|p2b: Aegislash|32\/100\n|move|p2b: Aegislash|Toxic|p1a: Dracovish\n|-status|p1a: Dracovish|tox\n|move|p1a: Dracovish|Fishious Rend|p2a: Gardevoir\n|-activate|p2a: Gardevoir|move: Protect\n|\n|-heal|p2b: Aegislash|38\/100|[from] item: Leftovers\n|-damage|p1a: Dracovish|94\/100 tox|[from] psn\n|-damage|p1b: Snorlax|0 fnt|[from] brn\n|faint|p1b: Snorlax\n|-fieldend|move: Trick Room\n|upkeep\n|\n|t:|1700443229\n|switch|p1b: Cresselia|Cresselia, F|100\/100\n|turn|6\n|\n|t:|1700443240\n|detailschange|p2a: Gardevoir|Gardevoir-Mega, F, shiny\n|-mega|p2a: Gardevoir|Gardevoir|Gardevoirite\n|move|p2a: Gardevoir|Hyper Voice|p1b: Cresselia|[spread] p1a,p1b\n|-supereffective|p1a: Dracovish\n|-damage|p1a: Dracovish|0 fnt\n|-damage|p1b: Cresselia|64\/100\n|faint|p1a: Dracovish\n|-formechange|p2b: Aegislash|Aegislash-Blade||[from] ability: Stance Change\n|move|p2b: Aegislash|Shadow Ball|p1b: Cresselia\n|-supereffective|p1b: Cresselia\n|-damage|p1b: Cresselia|0 fnt\n|faint|p1b: Cresselia\n|\n|-heal|p2b: Aegislash|45\/100|[from] item: Leftovers\n|upkeep\n|\n|t:|1700443256\n|switch|p1b: Amoonguss|Amoonguss, M|100\/100\n|switch|p1a: Ursaluna|Ursaluna, M|100\/100\n|turn|7\n|\n|t:|1700443275\n|move|p1a: Ursaluna|Protect|p1a: Ursaluna\n|-singleturn|p1a: Ursaluna|Protect\n|move|p1b: Amoonguss|Protect|p1b: Amoonguss\n|-singleturn|p1b: Amoonguss|Protect\n|move|p2a: Gardevoir|Psyshock|p1b: Amoonguss\n|-activate|p1b: Amoonguss|move: Protect\n|move|p2b: Aegislash|Shadow Ball|p1b: Amoonguss\n|-activate|p1b: Amoonguss|move: Protect\n|\n|-heal|p2b: Aegislash|51\/100|[from] item: Leftovers\n|-status|p1a: Ursaluna|brn|[from] item: Flame Orb\n|upkeep\n|turn|8\n|inactive|kooflah has 120 seconds left.\n|\n|t:|1700443310\n|move|p1b: Amoonguss|Rage Powder|p1b: Amoonguss\n|-singleturn|p1b: Amoonguss|move: Rage Powder\n|move|p2a: Gardevoir|Psyshock|p1b: Amoonguss\n|-supereffective|p1b: Amoonguss\n|-damage|p1b: Amoonguss|22\/100\n|move|p2b: Aegislash|Shadow Ball|p1b: Amoonguss\n|-crit|p1b: Amoonguss\n|-damage|p1b: Amoonguss|0 fnt\n|faint|p1b: Amoonguss\n|move|p1a: Ursaluna|Facade|p2a: Gardevoir\n|-crit|p2a: Gardevoir\n|-damage|p2a: Gardevoir|0 fnt\n|faint|p2a: Gardevoir\n|\n|-heal|p2b: Aegislash|57\/100|[from] item: Leftovers\n|-damage|p1a: Ursaluna|94\/100 brn|[from] brn\n|upkeep\n|turn|9\n|\n|t:|1700443330\n|-formechange|p2b: Aegislash|Aegislash||[from] ability: Stance Change\n|move|p2b: Aegislash|King's Shield|p2b: Aegislash\n|-singleturn|p2b: Aegislash|Protect\n|move|p1a: Ursaluna|Headlong Rush|p2b: Aegislash\n|-activate|p2b: Aegislash|move: Protect\n|-unboost|p1a: Ursaluna|atk|1\n|\n|-heal|p2b: Aegislash|63\/100|[from] item: Leftovers\n|-damage|p1a: Ursaluna|88\/100 brn|[from] brn\n|upkeep\n|turn|10\n|\n|t:|1700443343\n|move|p2b: Aegislash|Substitute|p2b: Aegislash\n|-start|p2b: Aegislash|Substitute\n|-damage|p2b: Aegislash|38\/100\n|move|p1a: Ursaluna|Headlong Rush|p2b: Aegislash\n|-supereffective|p2b: Aegislash\n|-end|p2b: Aegislash|Substitute\n|-unboost|p1a: Ursaluna|def|1\n|-unboost|p1a: Ursaluna|spd|1\n|\n|-heal|p2b: Aegislash|44\/100|[from] item: Leftovers\n|-damage|p1a: Ursaluna|82\/100 brn|[from] brn\n|upkeep\n|turn|11\n|\n|t:|1700443356\n|move|p2b: Aegislash|King's Shield|p2b: Aegislash\n|-singleturn|p2b: Aegislash|Protect\n|move|p1a: Ursaluna|Headlong Rush|p2b: Aegislash\n|-activate|p2b: Aegislash|move: Protect\n|-unboost|p1a: Ursaluna|atk|1\n|\n|-heal|p2b: Aegislash|50\/100|[from] item: Leftovers\n|-damage|p1a: Ursaluna|76\/100 brn|[from] brn\n|upkeep\n|turn|12\n|\n|t:|1700443368\n|move|p2b: Aegislash|Substitute|p2b: Aegislash\n|-start|p2b: Aegislash|Substitute\n|-damage|p2b: Aegislash|25\/100\n|move|p1a: Ursaluna|Headlong Rush|p2b: Aegislash\n|-supereffective|p2b: Aegislash\n|-end|p2b: Aegislash|Substitute\n|-unboost|p1a: Ursaluna|def|1\n|-unboost|p1a: Ursaluna|spd|1\n|\n|-heal|p2b: Aegislash|32\/100|[from] item: Leftovers\n|-damage|p1a: Ursaluna|69\/100 brn|[from] brn\n|upkeep\n|turn|13\n|\n|t:|1700443388\n|move|p2b: Aegislash|King's Shield|p2b: Aegislash\n|-singleturn|p2b: Aegislash|Protect\n|move|p1a: Ursaluna|Headlong Rush|p2b: Aegislash\n|-activate|p2b: Aegislash|move: Protect\n|-unboost|p1a: Ursaluna|atk|1\n|\n|-heal|p2b: Aegislash|38\/100|[from] item: Leftovers\n|-damage|p1a: Ursaluna|63\/100 brn|[from] brn\n|upkeep\n|turn|14\n|\n|t:|1700443400\n|move|p2b: Aegislash|Substitute|p2b: Aegislash\n|-start|p2b: Aegislash|Substitute\n|-damage|p2b: Aegislash|13\/100\n|move|p1a: Ursaluna|Headlong Rush|p2b: Aegislash\n|-supereffective|p2b: Aegislash\n|-end|p2b: Aegislash|Substitute\n|-unboost|p1a: Ursaluna|def|1\n|-unboost|p1a: Ursaluna|spd|1\n|\n|-heal|p2b: Aegislash|19\/100|[from] item: Leftovers\n|-damage|p1a: Ursaluna|57\/100 brn|[from] brn\n|upkeep\n|turn|15\n|\n|t:|1700443414\n|move|p2b: Aegislash|King's Shield|p2b: Aegislash\n|-singleturn|p2b: Aegislash|Protect\n|move|p1a: Ursaluna|Headlong Rush|p2b: Aegislash\n|-activate|p2b: Aegislash|move: Protect\n|-unboost|p1a: Ursaluna|atk|1\n|\n|-heal|p2b: Aegislash|25\/100|[from] item: Leftovers\n|-damage|p1a: Ursaluna|51\/100 brn|[from] brn\n|upkeep\n|turn|16\n|\n|t:|1700443427\n|move|p2b: Aegislash|King's Shield|p2b: Aegislash\n|-singleturn|p2b: Aegislash|Protect\n|move|p1a: Ursaluna|Headlong Rush|p2b: Aegislash\n|-activate|p2b: Aegislash|move: Protect\n|-unboost|p1a: Ursaluna|atk|1\n|\n|-heal|p2b: Aegislash|31\/100|[from] item: Leftovers\n|-damage|p1a: Ursaluna|45\/100 brn|[from] brn\n|upkeep\n|turn|17\n|\n|t:|1700443442\n|move|p2b: Aegislash|Substitute|p2b: Aegislash\n|-start|p2b: Aegislash|Substitute\n|-damage|p2b: Aegislash|6\/100\n|move|p1a: Ursaluna|Seed Bomb|p2b: Aegislash\n|-resisted|p2b: Aegislash\n|-activate|p2b: Aegislash|move: Substitute|[damage]\n|\n|-heal|p2b: Aegislash|13\/100|[from] item: Leftovers\n|-damage|p1a: Ursaluna|38\/100 brn|[from] brn\n|upkeep\n|turn|18\n|\n|t:|1700443457\n|move|p2b: Aegislash|King's Shield|p2b: Aegislash\n|-singleturn|p2b: Aegislash|Protect\n|move|p1a: Ursaluna|Seed Bomb|p2b: Aegislash\n|-activate|p2b: Aegislash|move: Protect\n|\n|-heal|p2b: Aegislash|19\/100|[from] item: Leftovers\n|-damage|p1a: Ursaluna|32\/100 brn|[from] brn\n|upkeep\n|turn|19\n|\n|t:|1700443467\n|move|p2b: Aegislash|King's Shield||[still]\n|-fail|p2b: Aegislash\n|move|p1a: Ursaluna|Seed Bomb|p2b: Aegislash\n|-resisted|p2b: Aegislash\n|-activate|p2b: Aegislash|move: Substitute|[damage]\n|\n|-heal|p2b: Aegislash|25\/100|[from] item: Leftovers\n|-damage|p1a: Ursaluna|26\/100 brn|[from] brn\n|upkeep\n|turn|20\n|\n|t:|1700443478\n|move|p2b: Aegislash|King's Shield|p2b: Aegislash\n|-singleturn|p2b: Aegislash|Protect\n|move|p1a: Ursaluna|Seed Bomb|p2b: Aegislash\n|-activate|p2b: Aegislash|move: Protect\n|\n|-heal|p2b: Aegislash|31\/100|[from] item: Leftovers\n|-damage|p1a: Ursaluna|20\/100 brn|[from] brn\n|upkeep\n|turn|21\n|\n|t:|1700443489\n|move|p2b: Aegislash|King's Shield||[still]\n|-fail|p2b: Aegislash\n|move|p1a: Ursaluna|Seed Bomb|p2b: Aegislash\n|-resisted|p2b: Aegislash\n|-activate|p2b: Aegislash|move: Substitute|[damage]\n|\n|-heal|p2b: Aegislash|37\/100|[from] item: Leftovers\n|-damage|p1a: Ursaluna|13\/100 brn|[from] brn\n|upkeep\n|turn|22\n|\n|t:|1700443501\n|move|p2b: Aegislash|King's Shield|p2b: Aegislash\n|-singleturn|p2b: Aegislash|Protect\n|move|p1a: Ursaluna|Seed Bomb|p2b: Aegislash\n|-activate|p2b: Aegislash|move: Protect\n|\n|-heal|p2b: Aegislash|43\/100|[from] item: Leftovers\n|-damage|p1a: Ursaluna|7\/100 brn|[from] brn\n|upkeep\n|turn|23\n|\n|t:|1700443513\n|move|p2b: Aegislash|King's Shield|p2b: Aegislash\n|-singleturn|p2b: Aegislash|Protect\n|move|p1a: Ursaluna|Seed Bomb|p2b: Aegislash\n|-activate|p2b: Aegislash|move: Protect\n|\n|-heal|p2b: Aegislash|50\/100|[from] item: Leftovers\n|-damage|p1a: Ursaluna|1\/100 brn|[from] brn\n|upkeep\n|turn|24\n|\n|t:|1700443525\n|move|p2b: Aegislash|King's Shield||[still]\n|-fail|p2b: Aegislash\n|move|p1a: Ursaluna|Seed Bomb|p2b: Aegislash\n|-resisted|p2b: Aegislash\n|-activate|p2b: Aegislash|move: Substitute|[damage]\n|\n|-heal|p2b: Aegislash|56\/100|[from] item: Leftovers\n|-damage|p1a: Ursaluna|0 fnt|[from] brn\n|faint|p1a: Ursaluna\n|\n|win|kooflah\n|upkeep\n|raw|goffu-trainer's rating: 1273 &rarr; <strong>1252<\/strong><br \/>(-21 for losing)\n|raw|kooflah's rating: 1328 &rarr; <strong>1345<\/strong><br \/>(+17 for winning)\n|l|\u2606goffu-trainer\n","uploadtime":1700443539,"views":5,"p1id":"goffutrainer","p2id":"kooflah","formatid":"gen9nationaldexdoubles","rating":1252,"private":0,"password":""}