{"id":"gen9nationaldexdoubles-1993802932","p1":"El Ryuk456","p2":"MasterHand","format":"[Gen 9] National Dex Doubles","log":"|j|\u2606El Ryuk456\n|j|\u2606MasterHand\n|t:|1700359134\n|gametype|doubles\n|player|p1|El Ryuk456|ingo|1314\n|player|p2|MasterHand|volkner|1286\n|teamsize|p1|6\n|teamsize|p2|6\n|gen|9\n|tier|[Gen 9] National Dex Doubles\n|rated|\n|rule|HP Percentage Mod: HP is shown in percentages\n|rule|Endless Battle Clause: Forcing endless battles is banned\n|rule|OHKO Clause: OHKO moves are banned\n|rule|Evasion Moves Clause: Evasion moves are banned\n|rule|Evasion Abilities Clause: Evasion abilities are banned\n|rule|Species Clause: Limit one of each Pok\u00e9mon\n|rule|Gravity Sleep Clause: The combination of sleep-inducing moves with imperfect accuracy and Gravity or Gigantamax Orbeetle are banned\n|clearpoke\n|poke|p1|Urshifu-*, F|\n|poke|p1|Dragonite, F|\n|poke|p1|Tapu Fini|\n|poke|p1|Marowak, F|\n|poke|p1|Aegislash, M|\n|poke|p1|Ogerpon-Wellspring, F|\n|poke|p2|Iron Hands|\n|poke|p2|Oranguru, M|\n|poke|p2|Blastoise, F|\n|poke|p2|Greninja-*, M|\n|poke|p2|Slowbro-Galar, F|\n|poke|p2|Linoone, M|\n|teampreview\n|\n|t:|1700359156\n|start\n|switch|p1a: Urshifu|Urshifu-Rapid-Strike, F|100\/100\n|switch|p1b: Ogerpon|Ogerpon-Wellspring, F|100\/100\n|switch|p2a: Comfy Kong|Oranguru, M|100\/100\n|switch|p2b: Mecha-Heatah|Iron Hands|100\/100\n|-enditem|p2b: Mecha-Heatah|Booster Energy\n|-activate|p2a: Comfy Kong|ability: Symbiosis|Life Orb|[of] p2b: Mecha-Heatah\n|-activate|p2b: Mecha-Heatah|ability: Quark Drive|[fromitem]\n|-start|p2b: Mecha-Heatah|quarkdriveatk\n|turn|1\n|\n|t:|1700359173\n|switch|p1a: Marowak|Marowak, F|100\/100\n|move|p2b: Mecha-Heatah|Fake Out|p1a: Marowak\n|-damage|p1a: Marowak|74\/100\n|-damage|p2b: Mecha-Heatah|91\/100|[from] item: Life Orb\n|move|p1b: Ogerpon|Swords Dance|p1b: Ogerpon\n|-boost|p1b: Ogerpon|atk|2\n|move|p2a: Comfy Kong|Trick Room|p2a: Comfy Kong\n|-fieldstart|move: Trick Room|[of] p2a: Comfy Kong\n|\n|upkeep\n|turn|2\n|\n|t:|1700359198\n|move|p1a: Marowak|Bonemerang|p2b: Mecha-Heatah\n|-supereffective|p2b: Mecha-Heatah\n|-damage|p2b: Mecha-Heatah|44\/100\n|-supereffective|p2b: Mecha-Heatah\n|-damage|p2b: Mecha-Heatah|0 fnt\n|faint|p2b: Mecha-Heatah\n|-end|p2b: Mecha-Heatah|Quark Drive|[silent]\n|-hitcount|p2: Mecha-Heatah|2\n|move|p2a: Comfy Kong|Instruct|p2: Mecha-Heatah|[notarget]\n|-fail|p2a: Comfy Kong\n|move|p1b: Ogerpon|Horn Leech|p2a: Comfy Kong\n|-damage|p2a: Comfy Kong|26\/100\n|\n|upkeep\n|\n|t:|1700359209\n|switch|p2b: DJ Quik|Slowbro-Galar, F|100\/100\n|turn|3\n|\n|t:|1700359226\n|-terastallize|p1b: Ogerpon|Water\n|detailschange|p1b: Ogerpon|Ogerpon-Wellspring-Tera, F, tera:Water\n|-ability|p1b: Ogerpon|Embody Aspect (Wellspring)|boost\n|-boost|p1b: Ogerpon|spd|1\n|move|p2b: DJ Quik|Drain Punch|p1a: Marowak\n|-damage|p1a: Marowak|49\/100\n|move|p1a: Marowak|Bonemerang|p2b: DJ Quik\n|-supereffective|p2b: DJ Quik\n|-damage|p2b: DJ Quik|36\/100\n|-supereffective|p2b: DJ Quik\n|-damage|p2b: DJ Quik|0 fnt\n|faint|p2b: DJ Quik\n|-hitcount|p2: DJ Quik|2\n|move|p2a: Comfy Kong|Energy Ball|p1a: Marowak\n|-supereffective|p1a: Marowak\n|-damage|p1a: Marowak|1\/100\n|move|p1b: Ogerpon|Ivy Cudgel|p2a: Comfy Kong|[anim] Ivy Cudgel Water\n|-damage|p2a: Comfy Kong|0 fnt\n|faint|p2a: Comfy Kong\n|\n|upkeep\n|inactive|Battle timer is ON: inactive players will automatically lose when time's up. (requested by El Ryuk456)\n|\n|t:|1700359253\n|switch|p2b: Blastoise|Blastoise, F|100\/100\n|switch|p2a: Raybeezy|Linoone, M|100\/100\n|turn|4\n|\n|t:|1700359270\n|move|p2b: Blastoise|Follow Me|p2b: Blastoise\n|-singleturn|p2b: Blastoise|move: Follow Me\n|move|p1a: Marowak|Brick Break|p2b: Blastoise\n|-damage|p2b: Blastoise|66\/100\n|move|p1b: Ogerpon|Horn Leech|p2b: Blastoise\n|-supereffective|p2b: Blastoise\n|-damage|p2b: Blastoise|0 fnt\n|faint|p2b: Blastoise\n|move|p2a: Raybeezy|Belly Drum|p2a: Raybeezy\n|-damage|p2a: Raybeezy|51\/100\n|-setboost|p2a: Raybeezy|atk|6|[from] move: Belly Drum\n|\n|upkeep\n|\n|t:|1700359276\n|switch|p2b: Hydrabusa\u2660\ufe0f|Greninja, M|100\/100\n|turn|5\n|\n|t:|1700359291\n|move|p2a: Raybeezy|Extreme Speed|p1a: Marowak\n|-damage|p1a: Marowak|0 fnt\n|faint|p1a: Marowak\n|move|p1b: Ogerpon|Ivy Cudgel|p2a: Raybeezy|[anim] Ivy Cudgel Water\n|-crit|p2a: Raybeezy\n|-damage|p2a: Raybeezy|0 fnt\n|faint|p2a: Raybeezy\n|move|p2b: Hydrabusa\u2660\ufe0f|Gunk Shot|p1b: Ogerpon\n|-damage|p1b: Ogerpon|77\/100\n|\n|-fieldend|move: Trick Room\n|upkeep\n|c|\u2606MasterHand|Gg\n|\n|t:|1700359302\n|switch|p1a: Urshifu|Urshifu-Rapid-Strike, F|100\/100\n|turn|6\n|c|\u2606El Ryuk456|gg\n|\n|t:|1700359319\n|move|p2b: Hydrabusa\u2660\ufe0f|Mat Block||[still]\n|-hint|Mat Block only works on your first turn out.\n|-fail|p2b: Hydrabusa\u2660\ufe0f\n|move|p1b: Ogerpon|Horn Leech|p2b: Hydrabusa\u2660\ufe0f\n|-supereffective|p2b: Hydrabusa\u2660\ufe0f\n|-damage|p2b: Hydrabusa\u2660\ufe0f|0 fnt\n|-heal|p1b: Ogerpon|100\/100|[from] drain|[of] p2b: Hydrabusa\u2660\ufe0f\n|faint|p2b: Hydrabusa\u2660\ufe0f\n|\n|win|El Ryuk456\n|raw|El Ryuk456's rating: 1314 &rarr; <strong>1332<\/strong><br \/>(+18 for winning)\n|raw|MasterHand's rating: 1286 &rarr; <strong>1263<\/strong><br \/>(-23 for losing)\n","uploadtime":1700359328,"views":7,"p1id":"elryuk456","p2id":"masterhand","formatid":"gen9nationaldexdoubles","rating":1263,"private":0,"password":""}