{"id":"gen9nationaldexdoubles-1984851641","p1":"SgtSmilies","p2":"Relleth","format":"[Gen 9] National Dex Doubles","log":"|j|\u2606SgtSmilies\n|j|\u2606Relleth\n|t:|1699304482\n|gametype|doubles\n|player|p1|SgtSmilies|acetrainerf|\n|player|p2|Relleth|wallace|\n|teamsize|p1|6\n|teamsize|p2|6\n|gen|9\n|tier|[Gen 9] National Dex Doubles\n|rule|HP Percentage Mod: HP is shown in percentages\n|rule|Endless Battle Clause: Forcing endless battles is banned\n|rule|OHKO Clause: OHKO moves are banned\n|rule|Evasion Moves Clause: Evasion moves are banned\n|rule|Evasion Abilities Clause: Evasion abilities are banned\n|rule|Species Clause: Limit one of each Pok\u00e9mon\n|rule|Gravity Sleep Clause: The combination of sleep-inducing moves with imperfect accuracy and Gravity or Gigantamax Orbeetle are banned\n|clearpoke\n|poke|p1|Dracovish|\n|poke|p1|Chien-Pao|\n|poke|p1|Murkrow, F|\n|poke|p1|Lilligant, F|\n|poke|p1|Slither Wing|\n|poke|p1|Torkoal, F|\n|poke|p2|Mew|\n|poke|p2|Togekiss, M|\n|poke|p2|Grimmsnarl, M|\n|poke|p2|Sneasler, F|\n|poke|p2|Chi-Yu|\n|poke|p2|Grafaiai, F|\n|teampreview\n|j| Datagne\n|\n|t:|1699304499\n|start\n|switch|p1a: mr fish|Dracovish|100\/100\n|switch|p1b: Weavile-Ruin|Chien-Pao|100\/100\n|switch|p2a: Mr. Fr.|Grimmsnarl, M|100\/100\n|switch|p2b: Mr. Finger|Grafaiai, F, shiny|100\/100\n|-ability|p1b: Weavile-Ruin|Sword of Ruin\n|turn|1\n|\n|t:|1699304593\n|move|p2b: Mr. Finger|Parting Shot|p1a: mr fish\n|-unboost|p1a: mr fish|atk|1\n|-unboost|p1a: mr fish|spa|1\n|inactive|Battle timer is ON: inactive players will automatically lose when time's up. (requested by Relleth)\n|\n|t:|1699304612\n|switch|p2b: Mr. Pink|Mew|100\/100|[from] Parting Shot\n|move|p2a: Mr. Fr.|Reflect|p2a: Mr. Fr.\n|-sidestart|p2: Relleth|Reflect\n|move|p1b: Weavile-Ruin|Psychic Fangs|p2b: Mr. Pink\n|-sideend|p2: Relleth|Reflect\n|-resisted|p2b: Mr. Pink\n|-damage|p2b: Mr. Pink|85\/100\n|move|p1a: mr fish|Fishious Rend|p2a: Mr. Fr.\n|-crit|p2a: Mr. Fr.\n|-damage|p2a: Mr. Fr.|7\/100\n|\n|upkeep\n|turn|2\n|\n|t:|1699304637\n|move|p2b: Mr. Pink|Fake Out|p1b: Weavile-Ruin\n|-damage|p1b: Weavile-Ruin|88\/100\n|move|p2a: Mr. Fr.|Trick|p1a: mr fish\n|-activate|p2a: Mr. Fr.|move: Trick|[of] p1a: mr fish\n|-item|p1a: mr fish|Iron Ball|[from] move: Trick\n|-item|p2a: Mr. Fr.|Choice Scarf|[from] move: Trick\n|move|p1b: Weavile-Ruin|Crunch|p2b: Mr. Pink\n|-supereffective|p2b: Mr. Pink\n|-damage|p2b: Mr. Pink|3\/100\n|move|p1a: mr fish|Fishious Rend|p2b: Mr. Pink\n|-damage|p2b: Mr. Pink|0 fnt\n|faint|p2b: Mr. Pink\n|\n|upkeep\n|inactive|Relleth has 270 seconds left.\n|\n|t:|1699304653\n|switch|p2b: Mr. Finger|Grafaiai, F, shiny|100\/100\n|turn|3\n|inactive|Relleth has 270 seconds left.\n|\n|t:|1699304697\n|move|p2b: Mr. Finger|Toxic|p1a: mr fish\n|-status|p1a: mr fish|tox\n|move|p2a: Mr. Fr.|Parting Shot|p1b: Weavile-Ruin\n|-hint|Since gen 7, Dark is immune to Prankster moves.\n|-immune|p1b: Weavile-Ruin\n|move|p1b: Weavile-Ruin|Psychic Fangs|p2b: Mr. Finger\n|-supereffective|p2b: Mr. Finger\n|-damage|p2b: Mr. Finger|16\/100\n|move|p1a: mr fish|Fishious Rend|p2a: Mr. Fr.\n|-crit|p2a: Mr. Fr.\n|-damage|p2a: Mr. Fr.|0 fnt\n|faint|p2a: Mr. Fr.\n|\n|-damage|p1a: mr fish|94\/100 tox|[from] psn\n|upkeep\n|inactive|Relleth has 240 seconds left.\n|\n|t:|1699304718\n|switch|p2a: Mr. Party|Togekiss, M|100\/100\n|turn|4\n|inactive|Relleth has 240 seconds left.\n|inactive|SgtSmilies has 270 seconds left.\n|\n|t:|1699304770\n|move|p2b: Mr. Finger|Parting Shot|p1a: mr fish\n|-unboost|p1a: mr fish|atk|1\n|-unboost|p1a: mr fish|spa|1\n|inactive|Relleth has 240 seconds left.\n|\n|t:|1699304780\n|switch|p2b: Mr. Blue Sky|Sneasler, F|100\/100|[from] Parting Shot\n|move|p1b: Weavile-Ruin|Ice Spinner|p2a: Mr. Party\n|-supereffective|p2a: Mr. Party\n|-damage|p2a: Mr. Party|0 fnt\n|faint|p2a: Mr. Party\n|move|p1a: mr fish|Fishious Rend|p2b: Mr. Blue Sky\n|-damage|p2b: Mr. Blue Sky|0 fnt\n|faint|p2b: Mr. Blue Sky\n|\n|-damage|p1a: mr fish|82\/100 tox|[from] psn\n|upkeep\n|inactive|Relleth has 240 seconds left.\n|\n|t:|1699304791\n|switch|p2b: Mr. Fish|Chi-Yu|100\/100\n|switch|p2a: Mr. Finger|Grafaiai, F, shiny|16\/100\n|-ability|p2b: Mr. Fish|Beads of Ruin\n|turn|5\n|inactive|Relleth has 240 seconds left.\n|\n|t:|1699304825\n|-terastallize|p2b: Mr. Fish|Fairy\n|move|p2a: Mr. Finger|Parting Shot|p1a: mr fish\n|-unboost|p1a: mr fish|atk|1\n|-unboost|p1a: mr fish|spa|1\n|move|p2b: Mr. Fish|Tera Blast|p1b: Weavile-Ruin|[anim] Tera Blast Fairy\n|-supereffective|p1b: Weavile-Ruin\n|-damage|p1b: Weavile-Ruin|0 fnt\n|faint|p1b: Weavile-Ruin\n|move|p1a: mr fish|Fishious Rend|p2b: Mr. Fish\n|-damage|p2b: Mr. Fish|65\/100\n|\n|-damage|p1a: mr fish|63\/100 tox|[from] psn\n|upkeep\n|inactive|SgtSmilies has 270 seconds left.\n|\n|t:|1699304843\n|switch|p1b: Murkrow|Murkrow, F|100\/100\n|turn|6\n|inactive|SgtSmilies has 270 seconds left.\n|\n|t:|1699304866\n|move|p2a: Mr. Finger|Doodle|p1a: mr fish\n|-endability|p2a: Mr. Finger|Prankster|[from] move: Doodle\n|-ability|p2a: Mr. Finger|Strong Jaw|[from] move: Doodle\n|-endability|p2b: Mr. Fish|Beads of Ruin|[from] move: Doodle\n|-ability|p2b: Mr. Fish|Strong Jaw|[from] move: Doodle\n|move|p1b: Murkrow|Tailwind|p1b: Murkrow\n|-sidestart|p1: SgtSmilies|move: Tailwind\n|move|p2b: Mr. Fish|Tera Blast|p1b: Murkrow|[anim] Tera Blast Fairy\n|-supereffective|p1b: Murkrow\n|-damage|p1b: Murkrow|0 fnt\n|faint|p1b: Murkrow\n|move|p1a: mr fish|Fishious Rend|p2a: Mr. Finger\n|-damage|p2a: Mr. Finger|0 fnt\n|faint|p2a: Mr. Finger\n|\n|-damage|p1a: mr fish|38\/100 tox|[from] psn\n|upkeep\n|inactive|SgtSmilies has 270 seconds left.\n|\n|t:|1699304893\n|switch|p1b: Lilligant|Lilligant, F|100\/100\n|turn|7\n|inactive|SgtSmilies has 270 seconds left.\n|inactive|Relleth has 270 seconds left.\n|c| Datagne|I believe in Mr Fish\n|\n|t:|1699304907\n|move|p1b: Lilligant|Leaf Storm|p2b: Mr. Fish\n|-damage|p2b: Mr. Fish|0 fnt\n|-unboost|p1b: Lilligant|spa|2\n|faint|p2b: Mr. Fish\n|\n|win|SgtSmilies\n","uploadtime":1699304923,"views":7,"p1id":"sgtsmilies","p2id":"relleth","formatid":"gen9nationaldexdoubles","rating":0,"private":0,"password":""}