{"id":"gen9nationaldexdoubles-1953004325","p1":"ewbrammer91","p2":"Yume__ice idiot","format":"[Gen 9] National Dex Doubles","log":"|j|\u2606ewbrammer91\n|j|\u2606Yume__ice idiot\n|t:|1695746879\n|gametype|doubles\n|player|p1|ewbrammer91|brock|1116\n|player|p2|Yume__ice idiot|pokemonbreeder-gen4|1096\n|teamsize|p1|6\n|teamsize|p2|6\n|gen|9\n|tier|[Gen 9] National Dex Doubles\n|rated|\n|rule|HP Percentage Mod: HP is shown in percentages\n|rule|Endless Battle Clause: Forcing endless battles is banned\n|rule|OHKO Clause: OHKO moves are banned\n|rule|Evasion Moves Clause: Evasion moves are banned\n|rule|Evasion Abilities Clause: Evasion abilities are banned\n|rule|Species Clause: Limit one of each Pok\u00e9mon\n|rule|Gravity Sleep Clause: The combination of sleep-inducing moves with imperfect accuracy and Gravity or Gigantamax Orbeetle are banned\n|clearpoke\n|poke|p1|Tyranitar, F|\n|poke|p1|Glimmora, F|\n|poke|p1|Kleavor, M|\n|poke|p1|Lycanroc-Dusk, F|\n|poke|p1|Arcanine-Hisui, M|\n|poke|p1|Landorus, M|\n|poke|p2|Baxcalibur, M|\n|poke|p2|Ninetales-Alola, M|\n|poke|p2|Chien-Pao|\n|poke|p2|Cetitan, M|\n|poke|p2|Iron Bundle|\n|poke|p2|Rotom-Frost|\n|teampreview\n|inactive|Battle timer is ON: inactive players will automatically lose when time's up. (requested by ewbrammer91)\n|\n|t:|1695746892\n|start\n|switch|p1a: Tyranitar|Tyranitar, F|100\/100\n|switch|p1b: Kleavor|Kleavor, M|100\/100\n|switch|p2a: Does he know?|Cetitan, M, shiny|100\/100\n|switch|p2b: Icicle|Chien-Pao|100\/100\n|-ability|p2b: Icicle|Sword of Ruin\n|-weather|Sandstorm|[from] ability: Sand Stream|[of] p1a: Tyranitar\n|turn|1\n|\n|t:|1695746910\n|move|p2b: Icicle|Sacred Sword|p1a: Tyranitar\n|-supereffective|p1a: Tyranitar\n|-damage|p1a: Tyranitar|0 fnt\n|faint|p1a: Tyranitar\n|move|p2a: Does he know?|Ice Spinner|p1b: Kleavor\n|-damage|p1b: Kleavor|41\/100\n|move|p1b: Kleavor|Stone Axe|p2b: Icicle\n|-supereffective|p2b: Icicle\n|-damage|p2b: Icicle|0 fnt\n|-sidestart|p2: Yume__ice idiot|move: Stealth Rock\n|faint|p2b: Icicle\n|\n|-weather|Sandstorm|[upkeep]\n|-damage|p2a: Does he know?|94\/100|[from] Sandstorm\n|-heal|p2a: Does he know?|100\/100|[from] item: Leftovers\n|upkeep\n|\n|t:|1695746925\n|switch|p2b: Aroura|Ninetales-Alola, M, shiny|100\/100\n|switch|p1a: Glimmora|Glimmora, F|100\/100\n|-damage|p2b: Aroura|76\/100|[from] Stealth Rock\n|-weather|Snow|[from] ability: Snow Warning|[of] p2b: Aroura\n|turn|2\n|\n|t:|1695746938\n|move|p2a: Does he know?|Liquidation|p1b: Kleavor\n|-supereffective|p1b: Kleavor\n|-damage|p1b: Kleavor|0 fnt\n|faint|p1b: Kleavor\n|move|p2b: Aroura|Aurora Veil|p2b: Aroura\n|-sidestart|p2: Yume__ice idiot|move: Aurora Veil\n|move|p1a: Glimmora|Mortal Spin|p2a: Does he know?|[spread] p2a,p2b\n|-supereffective|p2b: Aroura\n|-damage|p2a: Does he know?|98\/100\n|-damage|p2b: Aroura|70\/100\n|-status|p2a: Does he know?|psn\n|-status|p2b: Aroura|psn\n|\n|-weather|Snow|[upkeep]\n|-heal|p2a: Does he know?|100\/100 psn|[from] item: Leftovers\n|-damage|p2a: Does he know?|88\/100 psn|[from] psn\n|-damage|p2b: Aroura|58\/100 psn|[from] psn\n|upkeep\n|\n|t:|1695746954\n|switch|p1b: Lycanroc|Lycanroc-Dusk, F|100\/100\n|turn|3\n|\n|t:|1695746962\n|switch|p2b: MacnCheese|Rotom-Frost, shiny|100\/100\n|-damage|p2b: MacnCheese|75\/100|[from] Stealth Rock\n|move|p1b: Lycanroc|Accelerock|p2b: MacnCheese\n|-supereffective|p2b: MacnCheese\n|-damage|p2b: MacnCheese|38\/100\n|move|p2a: Does he know?|Earthquake|p1b: Lycanroc|[spread] p1a,p1b\n|-immune|p2b: MacnCheese|[from] ability: Levitate\n|-supereffective|p1a: Glimmora\n|-supereffective|p1b: Lycanroc\n|-damage|p1a: Glimmora|0 fnt\n|-damage|p1b: Lycanroc|28\/100\n|-activate|p1a: Glimmora|ability: Toxic Debris\n|-sidestart|p2: Yume__ice idiot|move: Toxic Spikes\n|faint|p1a: Glimmora\n|\n|-weather|Snow|[upkeep]\n|-heal|p2a: Does he know?|94\/100 psn|[from] item: Leftovers\n|-damage|p2a: Does he know?|82\/100 psn|[from] psn\n|upkeep\n|\n|t:|1695746984\n|switch|p1a: Landorus|Landorus, M|100\/100\n|turn|4\n|\n|t:|1695746999\n|-terastallize|p1a: Landorus|Rock\n|-terastallize|p2b: MacnCheese|Water\n|move|p1b: Lycanroc|Accelerock|p2a: Does he know?\n|-supereffective|p2a: Does he know?\n|-damage|p2a: Does he know?|50\/100 psn\n|move|p2a: Does he know?|Liquidation|p1b: Lycanroc\n|-supereffective|p1b: Lycanroc\n|-damage|p1b: Lycanroc|0 fnt\n|faint|p1b: Lycanroc\n|move|p1a: Landorus|Sandsear Storm|p2b: MacnCheese|[spread] p2a\n|-immune|p2b: MacnCheese|[from] ability: Levitate\n|-damage|p2a: Does he know?|2\/100 psn\n|move|p2b: MacnCheese|Tera Blast|p1a: Landorus|[anim] Tera Blast Water\n|-supereffective|p1a: Landorus\n|-damage|p1a: Landorus|18\/100\n|\n|-weather|Snow|[upkeep]\n|-heal|p2a: Does he know?|8\/100 psn|[from] item: Leftovers\n|-damage|p2a: Does he know?|0 fnt|[from] psn\n|faint|p2a: Does he know?\n|upkeep\n|\n|t:|1695747021\n|switch|p1b: Arcanine|Arcanine-Hisui, M|100\/100\n|switch|p2a: I dont OU|Baxcalibur, M, shiny|100\/100\n|-damage|p2a: I dont OU|75\/100|[from] Stealth Rock\n|-status|p2a: I dont OU|psn\n|turn|5\n|\n|t:|1695747044\n|move|p1b: Arcanine|Wild Charge|p2b: MacnCheese\n|-supereffective|p2b: MacnCheese\n|-damage|p2b: MacnCheese|0 fnt\n|faint|p2b: MacnCheese\n|move|p1a: Landorus|Sandsear Storm|p2a: I dont OU\n|-damage|p2a: I dont OU|16\/100 psn\n|move|p2a: I dont OU|Earthquake|p1b: Arcanine|[spread] p1a,p1b\n|-supereffective|p1a: Landorus\n|-supereffective|p1b: Arcanine\n|-damage|p1a: Landorus|0 fnt\n|-damage|p1b: Arcanine|0 fnt\n|faint|p1a: Landorus\n|faint|p1b: Arcanine\n|\n|win|Yume__ice idiot\n|raw|ewbrammer91's rating: 1116 &rarr; <strong>1090<\/strong><br \/>(-26 for losing)\n|raw|Yume__ice idiot's rating: 1096 &rarr; <strong>1123<\/strong><br \/>(+27 for winning)\n|l|\u2606ewbrammer91\n","uploadtime":1695747064,"views":4,"p1id":"ewbrammer91","p2id":"yumeiceidiot","formatid":"gen9nationaldexdoubles","rating":1090,"private":0,"password":""}