{"id":"gen9nationaldexdoubles-1989154641","p1":"Vican259","p2":"thatsrealnito2","format":"[Gen 9] National Dex Doubles","log":"|j|\u2606Vican259\n|j|\u2606thatsrealnito2\n|t:|1699818030\n|gametype|doubles\n|player|p1|Vican259|bellelba|\n|player|p2|thatsrealnito2|iris-gen5bw2|\n|teamsize|p1|6\n|teamsize|p2|6\n|gen|9\n|tier|[Gen 9] National Dex Doubles\n|rule|HP Percentage Mod: HP is shown in percentages\n|rule|Endless Battle Clause: Forcing endless battles is banned\n|rule|OHKO Clause: OHKO moves are banned\n|rule|Evasion Moves Clause: Evasion moves are banned\n|rule|Evasion Abilities Clause: Evasion abilities are banned\n|rule|Species Clause: Limit one of each Pok\u00e9mon\n|rule|Gravity Sleep Clause: The combination of sleep-inducing moves with imperfect accuracy and Gravity or Gigantamax Orbeetle are banned\n|clearpoke\n|poke|p1|Ting-Lu|\n|poke|p1|Crawdaunt, M|\n|poke|p1|Honchkrow, M|\n|poke|p1|Wo-Chien|\n|poke|p1|Houndoom, F|\n|poke|p1|Hydreigon, F|\n|poke|p2|Dracozolt|\n|poke|p2|Flygon, F|\n|poke|p2|Appletun, F|\n|poke|p2|Goodra, F|\n|poke|p2|Noivern, M|\n|poke|p2|Turtonator, F|\n|teampreview\n|\n|t:|1699818043\n|start\n|switch|p1a: No atac|Wo-Chien|100\/100\n|switch|p1b: Hydreigon|Hydreigon, F|100\/100\n|switch|p2a: goggles|Flygon, F|100\/100\n|switch|p2b: zolt|Dracozolt, shiny|100\/100\n|-ability|p1a: No atac|Tablets of Ruin\n|turn|1\n|\n|t:|1699818064\n|-terastallize|p1b: Hydreigon|Steel\n|move|p1a: No atac|Protect|p1a: No atac\n|-singleturn|p1a: No atac|Protect\n|move|p2a: goggles|Sandstorm|p2a: goggles\n|-weather|Sandstorm\n|move|p2b: zolt|Bolt Beak|p1b: Hydreigon\n|-damage|p1b: Hydreigon|25\/100\n|move|p1b: Hydreigon|Draco Meteor|p2b: zolt\n|-supereffective|p2b: zolt\n|-damage|p2b: zolt|0 fnt\n|-unboost|p1b: Hydreigon|spa|2\n|faint|p2b: zolt\n|\n|-weather|Sandstorm|[upkeep]\n|-damage|p1a: No atac|94\/100|[from] Sandstorm\n|-heal|p1a: No atac|100\/100|[from] item: Leftovers\n|upkeep\n|\n|t:|1699818083\n|switch|p2b: Turtle|Turtonator, F|100\/100\n|turn|2\n|\n|t:|1699818113\n|switch|p1b: Houndoom|Houndoom, F|100\/100\n|move|p2a: goggles|Stone Edge|p1b: Houndoom|[miss]\n|-miss|p2a: goggles|p1b: Houndoom\n|move|p2b: Turtle|Shell Smash|p2b: Turtle\n|-unboost|p2b: Turtle|def|1\n|-unboost|p2b: Turtle|spd|1\n|-boost|p2b: Turtle|atk|2\n|-boost|p2b: Turtle|spa|2\n|-boost|p2b: Turtle|spe|2\n|-enditem|p2b: Turtle|White Herb\n|-clearnegativeboost|p2b: Turtle|[silent]\n|move|p1a: No atac|Leech Seed|p2a: goggles|[miss]\n|-miss|p1a: No atac|p2a: goggles\n|\n|-weather|Sandstorm|[upkeep]\n|-damage|p2b: Turtle|94\/100|[from] Sandstorm\n|-damage|p1b: Houndoom|95\/100|[from] Sandstorm\n|-damage|p1a: No atac|94\/100|[from] Sandstorm\n|-heal|p1a: No atac|100\/100|[from] item: Leftovers\n|upkeep\n|turn|3\n|\n|t:|1699818153\n|detailschange|p1b: Houndoom|Houndoom-Mega, F\n|-mega|p1b: Houndoom|Houndoom|Houndoominite\n|move|p1a: No atac|Protect|p1a: No atac\n|-singleturn|p1a: No atac|Protect\n|move|p2b: Turtle|Flash Cannon|p1b: Houndoom\n|-resisted|p1b: Houndoom\n|-damage|p1b: Houndoom|70\/100\n|-unboost|p1b: Houndoom|spd|1\n|move|p1b: Houndoom|Dark Pulse|p2b: Turtle\n|-damage|p2b: Turtle|29\/100\n|move|p2a: goggles|Stone Edge|p1b: Houndoom\n|-supereffective|p1b: Houndoom\n|-damage|p1b: Houndoom|4\/100\n|-damage|p2a: goggles|91\/100|[from] item: Life Orb\n|\n|-weather|Sandstorm|[upkeep]\n|-damage|p2b: Turtle|23\/100|[from] Sandstorm\n|-damage|p1b: Houndoom|0 fnt|[from] Sandstorm\n|-damage|p1a: No atac|94\/100|[from] Sandstorm\n|faint|p1b: Houndoom\n|-heal|p1a: No atac|100\/100|[from] item: Leftovers\n|upkeep\n|\n|t:|1699818200\n|switch|p1b: Crawdaunt|Crawdaunt, M|100\/100\n|turn|4\n|\n|t:|1699818218\n|switch|p2a: goo|Goodra, F|100\/100\n|move|p1b: Crawdaunt|Aqua Jet|p2b: Turtle\n|-damage|p2b: Turtle|0 fnt\n|faint|p2b: Turtle\n|move|p1a: No atac|Leech Seed|p2a: goo\n|-ability|p2a: goo|Sap Sipper|boost\n|-boost|p2a: goo|atk|1\n|\n|-weather|Sandstorm|[upkeep]\n|-damage|p2a: goo|94\/100|[from] Sandstorm\n|-damage|p1b: Crawdaunt|95\/100|[from] Sandstorm\n|-damage|p1a: No atac|94\/100|[from] Sandstorm\n|-heal|p1a: No atac|100\/100|[from] item: Leftovers\n|upkeep\n|\n|t:|1699818235\n|switch|p2b: a good boi|Appletun, F|100\/100\n|turn|5\n|c|\u2606Vican259|!weakness honchkrow\n|c|!Vican259|\/raw <div class=\"infobox\">Honchkrow (ignoring abilities):<br \/><span class=\"message-effect-weak\">Weaknesses<\/span>: Electric, Fairy, Ice, Rock<br \/><span class=\"message-effect-resist\">Resistances<\/span>: Dark, Ghost, Grass<br \/><span class=\"message-effect-immune\">Immunities<\/span>: Ground, Psychic, Prankster<\/div>\n|\n|t:|1699818264\n|switch|p1b: Honchkrow|Honchkrow, M|100\/100\n|move|p1a: No atac|Protect|p1a: No atac\n|-singleturn|p1a: No atac|Protect\n|move|p2a: goo|Thunderbolt|p1b: Honchkrow\n|-supereffective|p1b: Honchkrow\n|-damage|p1b: Honchkrow|0 fnt\n|faint|p1b: Honchkrow\n|move|p2b: a good boi|Leech Seed|p1a: No atac\n|-activate|p1a: No atac|move: Protect\n|\n|-weather|none\n|upkeep\n|\n|t:|1699818275\n|switch|p1b: No sp atac|Ting-Lu|100\/100\n|-ability|p1b: No sp atac|Vessel of Ruin\n|turn|6\n|\n|t:|1699818300\n|move|p2a: goo|Hydro Pump|p1b: No sp atac\n|-supereffective|p1b: No sp atac\n|-damage|p1b: No sp atac|61\/100\n|move|p1a: No atac|Pollen Puff|p2b: a good boi\n|-supereffective|p2b: a good boi\n|-damage|p2b: a good boi|82\/100\n|move|p1b: No sp atac|Stealth Rock|p2a: goo\n|-sidestart|p2: thatsrealnito2|move: Stealth Rock\n|move|p2b: a good boi|Apple Acid|p1a: No atac\n|-resisted|p1a: No atac\n|-damage|p1a: No atac|94\/100\n|-unboost|p1a: No atac|spd|1\n|\n|-heal|p1a: No atac|99\/100|[from] item: Leftovers\n|-heal|p1b: No sp atac|67\/100|[from] item: Leftovers\n|-heal|p2b: a good boi|88\/100|[from] item: Leftovers\n|upkeep\n|turn|7\n|\n|t:|1699818325\n|move|p1a: No atac|Protect|p1a: No atac\n|-singleturn|p1a: No atac|Protect\n|move|p2a: goo|Fire Blast|p1a: No atac\n|-activate|p1a: No atac|move: Protect\n|move|p1b: No sp atac|Earthquake|p2a: goo|[spread] p2a,p2b\n|-activate|p1a: No atac|move: Protect\n|-resisted|p2b: a good boi\n|-damage|p2a: goo|62\/100\n|-damage|p2b: a good boi|76\/100\n|move|p2b: a good boi|Apple Acid|p1b: No sp atac\n|-supereffective|p1b: No sp atac\n|-damage|p1b: No sp atac|43\/100\n|-unboost|p1b: No sp atac|spd|1\n|\n|-heal|p1a: No atac|100\/100|[from] item: Leftovers\n|-heal|p1b: No sp atac|49\/100|[from] item: Leftovers\n|-heal|p2b: a good boi|82\/100|[from] item: Leftovers\n|upkeep\n|turn|8\n|\n|t:|1699818375\n|switch|p1a: Hydreigon|Hydreigon, F, tera:Steel|25\/100\n|move|p2a: goo|Hydro Pump|p1b: No sp atac\n|-supereffective|p1b: No sp atac\n|-damage|p1b: No sp atac|0 fnt\n|faint|p1b: No sp atac\n|move|p2b: a good boi|Leech Seed|p1a: Hydreigon\n|-start|p1a: Hydreigon|move: Leech Seed\n|\n|-heal|p2b: a good boi|88\/100|[from] item: Leftovers\n|-damage|p1a: Hydreigon|13\/100|[from] Leech Seed|[of] p2b: a good boi\n|-heal|p2b: a good boi|97\/100|[silent]\n|upkeep\n|\n|t:|1699818390\n|switch|p1b: No atac|Wo-Chien|100\/100\n|-ability|p1b: No atac|Tablets of Ruin\n|turn|9\n|\n|t:|1699818411\n|move|p1a: Hydreigon|Draco Meteor|p2b: a good boi\n|-supereffective|p2b: a good boi\n|-damage|p2b: a good boi|0 fnt\n|-unboost|p1a: Hydreigon|spa|2\n|faint|p2b: a good boi\n|move|p2a: goo|Fire Blast|p1b: No atac\n|-supereffective|p1b: No atac\n|-damage|p1b: No atac|54\/100\n|move|p1b: No atac|Pollen Puff|p1a: Hydreigon\n|-heal|p1a: Hydreigon|63\/100\n|\n|-heal|p1b: No atac|60\/100|[from] item: Leftovers\n|upkeep\n|\n|t:|1699818424\n|switch|p2b: Mr Bat|Noivern, M|100\/100\n|turn|10\n|\n|t:|1699818446\n|switch|p1a: Crawdaunt|Crawdaunt, M|95\/100\n|move|p1b: No atac|Protect|p1b: No atac\n|-singleturn|p1b: No atac|Protect\n|move|p2b: Mr Bat|Draco Meteor|p1a: Crawdaunt\n|-damage|p1a: Crawdaunt|0 fnt\n|-unboost|p2b: Mr Bat|spa|2\n|faint|p1a: Crawdaunt\n|move|p2a: goo|Fire Blast|p1b: No atac\n|-activate|p1b: No atac|move: Protect\n|\n|-heal|p1b: No atac|66\/100|[from] item: Leftovers\n|upkeep\n|\n|t:|1699818459\n|switch|p1a: Hydreigon|Hydreigon, F, tera:Steel|63\/100\n|turn|11\n|\n|t:|1699818509\n|move|p1b: No atac|Protect||[still]\n|-fail|p1b: No atac\n|move|p2b: Mr Bat|Draco Meteor|p1a: Hydreigon|[miss]\n|-miss|p2b: Mr Bat|p1a: Hydreigon\n|move|p1a: Hydreigon|Flash Cannon|p2a: goo\n|-damage|p2a: goo|14\/100\n|move|p2a: goo|Fire Blast|p1b: No atac\n|-supereffective|p1b: No atac\n|-damage|p1b: No atac|18\/100\n|\n|-heal|p1b: No atac|24\/100|[from] item: Leftovers\n|upkeep\n|turn|12\n|\n|t:|1699818539\n|move|p1b: No atac|Protect|p1b: No atac\n|-singleturn|p1b: No atac|Protect\n|move|p2b: Mr Bat|U-turn|p1b: No atac\n|-activate|p1b: No atac|move: Protect\n|move|p1a: Hydreigon|Flash Cannon|p2a: goo\n|-damage|p2a: goo|0 fnt\n|faint|p2a: goo\n|\n|-heal|p1b: No atac|30\/100|[from] item: Leftovers\n|upkeep\n|\n|t:|1699818548\n|switch|p2a: goggles|Flygon, F|91\/100\n|-damage|p2a: goggles|85\/100|[from] Stealth Rock\n|turn|13\n|\n|t:|1699818570\n|-terastallize|p2a: goggles|Ground\n|move|p2b: Mr Bat|Flamethrower|p1a: Hydreigon\n|-supereffective|p1a: Hydreigon\n|-damage|p1a: Hydreigon|34\/100\n|move|p2a: goggles|Stone Edge|p1a: Hydreigon\n|-resisted|p1a: Hydreigon\n|-damage|p1a: Hydreigon|16\/100\n|-damage|p2a: goggles|75\/100|[from] item: Life Orb\n|move|p1a: Hydreigon|Flash Cannon|p2a: goggles\n|-damage|p2a: goggles|0 fnt\n|faint|p2a: goggles\n|move|p1b: No atac|Leech Seed|p2b: Mr Bat\n|-start|p2b: Mr Bat|move: Leech Seed\n|\n|-heal|p1b: No atac|36\/100|[from] item: Leftovers\n|-damage|p2b: Mr Bat|88\/100|[from] Leech Seed|[of] p1b: No atac\n|-heal|p1b: No atac|46\/100|[silent]\n|upkeep\n|turn|14\n|\n|t:|1699818594\n|move|p1b: No atac|Protect|p1b: No atac\n|-singleturn|p1b: No atac|Protect\n|move|p2b: Mr Bat|Flamethrower|p1a: Hydreigon\n|-supereffective|p1a: Hydreigon\n|-crit|p1a: Hydreigon\n|-damage|p1a: Hydreigon|0 fnt\n|faint|p1a: Hydreigon\n|\n|-heal|p1b: No atac|53\/100|[from] item: Leftovers\n|-damage|p2b: Mr Bat|76\/100|[from] Leech Seed|[of] p1b: No atac\n|-heal|p1b: No atac|63\/100|[silent]\n|upkeep\n|turn|15\n|\n|t:|1699818608\n|move|p2b: Mr Bat|Flamethrower|p1b: No atac\n|-supereffective|p1b: No atac\n|-damage|p1b: No atac|47\/100\n|move|p1b: No atac|Ruination|p2b: Mr Bat\n|-damage|p2b: Mr Bat|38\/100\n|\n|-heal|p1b: No atac|53\/100|[from] item: Leftovers\n|-damage|p2b: Mr Bat|26\/100|[from] Leech Seed|[of] p1b: No atac\n|-heal|p1b: No atac|64\/100|[silent]\n|upkeep\n|turn|16\n|\n|t:|1699818622\n|move|p1b: No atac|Protect|p1b: No atac\n|-singleturn|p1b: No atac|Protect\n|move|p2b: Mr Bat|Roost|p2b: Mr Bat\n|-heal|p2b: Mr Bat|76\/100\n|-singleturn|p2b: Mr Bat|move: Roost\n|\n|-heal|p1b: No atac|70\/100|[from] item: Leftovers\n|-damage|p2b: Mr Bat|64\/100|[from] Leech Seed|[of] p1b: No atac\n|-heal|p1b: No atac|80\/100|[silent]\n|upkeep\n|turn|17\n|\n|t:|1699818632\n|move|p2b: Mr Bat|Flamethrower|p1b: No atac\n|-supereffective|p1b: No atac\n|-crit|p1b: No atac\n|-damage|p1b: No atac|36\/100\n|move|p1b: No atac|Ruination|p2b: Mr Bat\n|-damage|p2b: Mr Bat|32\/100\n|\n|-heal|p1b: No atac|42\/100|[from] item: Leftovers\n|-damage|p2b: Mr Bat|20\/100|[from] Leech Seed|[of] p1b: No atac\n|-heal|p1b: No atac|52\/100|[silent]\n|upkeep\n|turn|18\n|\n|t:|1699818644\n|move|p2b: Mr Bat|Roost|p2b: Mr Bat\n|-heal|p2b: Mr Bat|70\/100\n|-singleturn|p2b: Mr Bat|move: Roost\n|move|p1b: No atac|Pollen Puff|p2b: Mr Bat\n|-damage|p2b: Mr Bat|44\/100\n|\n|-heal|p1b: No atac|59\/100|[from] item: Leftovers\n|-damage|p2b: Mr Bat|31\/100|[from] Leech Seed|[of] p1b: No atac\n|-heal|p1b: No atac|69\/100|[silent]\n|upkeep\n|turn|19\n|\n|t:|1699818655\n|move|p1b: No atac|Protect|p1b: No atac\n|-singleturn|p1b: No atac|Protect\n|move|p2b: Mr Bat|Flamethrower|p1b: No atac\n|-activate|p1b: No atac|move: Protect\n|\n|-heal|p1b: No atac|75\/100|[from] item: Leftovers\n|-damage|p2b: Mr Bat|19\/100|[from] Leech Seed|[of] p1b: No atac\n|-heal|p1b: No atac|85\/100|[silent]\n|upkeep\n|turn|20\n|\n|t:|1699818666\n|move|p2b: Mr Bat|Flamethrower|p1b: No atac\n|-supereffective|p1b: No atac\n|-damage|p1b: No atac|70\/100\n|move|p1b: No atac|Ruination|p2b: Mr Bat\n|-damage|p2b: Mr Bat|10\/100\n|\n|-heal|p1b: No atac|76\/100|[from] item: Leftovers\n|-damage|p2b: Mr Bat|0 fnt|[from] Leech Seed|[of] p1b: No atac\n|-heal|p1b: No atac|84\/100|[silent]\n|faint|p2b: Mr Bat\n|\n|win|Vican259\n|upkeep\n","uploadtime":1699818683,"views":9,"p1id":"vican259","p2id":"thatsrealnito2","formatid":"gen9nationaldexdoubles","rating":0,"private":0,"password":""}