{"id":"gen9nationaldexdoubles-1978448919","p1":"Okto481","p2":"BillyArticuno27","format":"[Gen 9] National Dex Doubles","log":"|j|\u2606Okto481\n|j|\u2606BillyArticuno27\n|t:|1698540378\n|gametype|doubles\n|player|p1|Okto481|cynthia|\n|player|p2|BillyArticuno27|unknown|\n|teamsize|p1|6\n|teamsize|p2|6\n|gen|9\n|tier|[Gen 9] National Dex Doubles\n|rule|HP Percentage Mod: HP is shown in percentages\n|rule|Endless Battle Clause: Forcing endless battles is banned\n|rule|OHKO Clause: OHKO moves are banned\n|rule|Evasion Moves Clause: Evasion moves are banned\n|rule|Evasion Abilities Clause: Evasion abilities are banned\n|rule|Species Clause: Limit one of each Pok\u00e9mon\n|rule|Gravity Sleep Clause: The combination of sleep-inducing moves with imperfect accuracy and Gravity or Gigantamax Orbeetle are banned\n|clearpoke\n|poke|p1|Tapu Lele|\n|poke|p1|Gardevoir, F|\n|poke|p1|Gallade, M|\n|poke|p1|Indeedee-F, F|\n|poke|p1|Dottler, M|\n|poke|p1|Armarouge, F|\n|poke|p2|Galvantula, F|\n|poke|p2|Kleavor, F|\n|poke|p2|Araquanid, F|\n|poke|p2|Volcarona, F|\n|poke|p2|Scizor, M|\n|poke|p2|Heracross, M|\n|teampreview\n|c|\u2606BillyArticuno27|glhf\n|c|\u2606BillyArticuno27|mind if my friend watches btw\n|c|\u2606Okto481|np\n|j| YaBoiCrim\n|\n|t:|1698540424\n|start\n|switch|p1a: Indeedee|Indeedee-F, F|100\/100\n|switch|p1b: Dottler|Dottler, M|100\/100\n|switch|p2a: Galvantula|Galvantula, F|100\/100\n|switch|p2b: Kleavor|Kleavor, F|100\/100\n|-fieldstart|move: Psychic Terrain|[from] ability: Psychic Surge|[of] p1a: Indeedee\n|turn|1\n|j| des121\n|c|\u2606BillyArticuno27|psychic leader vs the psychic who runs a bug gym XD this is gonna be good\n|j| Sencopion\n|\n|t:|1698540452\n|move|p2b: Kleavor|Stone Axe|p1b: Dottler\n|-supereffective|p1b: Dottler\n|-damage|p1b: Dottler|13\/100\n|-sidestart|p1: Okto481|move: Stealth Rock\n|move|p2a: Galvantula|Thunder Wave|p1b: Dottler\n|-status|p1b: Dottler|par\n|move|p1a: Indeedee|Expanding Force|p2b: Kleavor|[spread] p2a,p2b\n|-crit|p2b: Kleavor\n|-damage|p2a: Galvantula|14\/100\n|-damage|p2b: Kleavor|0 fnt\n|faint|p2b: Kleavor\n|move|p1b: Dottler|Sticky Web|p2a: Galvantula\n|-sidestart|p2: BillyArticuno27|move: Sticky Web\n|\n|upkeep\n|\n|t:|1698540461\n|switch|p2b: Volcarona|Volcarona, F|100\/100\n|turn|2\n|c|\u2606Okto481|it certainly will\n|c|\u2606Okto481|it will\n|j| Syph0n_78\n|j| I like bug alots\n|\n|t:|1698540492\n|move|p2a: Galvantula|Thunder Wave|p1a: Indeedee\n|-status|p1a: Indeedee|par\n|move|p2b: Volcarona|Quiver Dance|p2b: Volcarona\n|-boost|p2b: Volcarona|spa|1\n|-boost|p2b: Volcarona|spd|1\n|-boost|p2b: Volcarona|spe|1\n|cant|p1a: Indeedee|par\n|move|p1b: Dottler|Reflect|p1b: Dottler\n|-sidestart|p1: Okto481|Reflect\n|\n|upkeep\n|turn|3\n|c| Syph0n_78|yo dottler eviolite based as fuck ngl\n|c|\u2606BillyArticuno27|i expected espeon so since that's not on your team i have to stick to plan a XD\n|\n|t:|1698540507\n|switch|p1b: Gallade|Gallade, M|100\/100\n|-damage|p1b: Gallade|94\/100|[from] Stealth Rock\n|move|p2b: Volcarona|Bug Buzz|p1a: Indeedee\n|-supereffective|p1a: Indeedee\n|-enditem|p1a: Indeedee|Tanga Berry|[eat]\n|-enditem|p1a: Indeedee|Tanga Berry|[weaken]\n|-damage|p1a: Indeedee|18\/100 par\n|move|p2a: Galvantula|Bug Buzz|p1a: Indeedee\n|-supereffective|p1a: Indeedee\n|-damage|p1a: Indeedee|0 fnt\n|faint|p1a: Indeedee\n|\n|upkeep\n|\n|t:|1698540525\n|switch|p1a: Armarouge|Armarouge, F|100\/100\n|-damage|p1a: Armarouge|76\/100|[from] Stealth Rock\n|turn|4\n|\n|t:|1698540534\n|move|p2b: Volcarona|Bug Buzz|p1b: Gallade\n|-damage|p1b: Gallade|12\/100\n|move|p2a: Galvantula|Thunder Wave|p1a: Armarouge\n|-status|p1a: Armarouge|par\n|move|p1b: Gallade|Hidden Power|p1a: Armarouge\n|-supereffective|p1a: Armarouge\n|-damage|p1a: Armarouge|54\/100 par\n|-enditem|p1a: Armarouge|Weakness Policy\n|-boost|p1a: Armarouge|atk|2|[from] item: Weakness Policy\n|-boost|p1a: Armarouge|spa|2|[from] item: Weakness Policy\n|move|p1a: Armarouge|Expanding Force|p2a: Galvantula|[spread] p2a,p2b\n|-damage|p2a: Galvantula|0 fnt\n|-damage|p2b: Volcarona|12\/100\n|faint|p2a: Galvantula\n|\n|upkeep\n|c| I like bug alots|True\n|\n|t:|1698540543\n|switch|p2a: Araquanid|Araquanid, F|100\/100\n|-activate|p2a: Araquanid|move: Sticky Web\n|-unboost|p2a: Araquanid|spe|1\n|turn|5\n|\n|t:|1698540552\n|move|p2b: Volcarona|Bug Buzz|p1b: Gallade\n|-damage|p1b: Gallade|0 fnt\n|faint|p1b: Gallade\n|cant|p1a: Armarouge|par\n|move|p2a: Araquanid|Liquidation|p1a: Armarouge\n|-supereffective|p1a: Armarouge\n|-damage|p1a: Armarouge|0 fnt\n|faint|p1a: Armarouge\n|\n|-fieldend|move: Psychic Terrain\n|upkeep\n|c| Sencopion|Holy shit, nice play\n|\n|t:|1698540558\n|switch|p1b: Gardevoir|Gardevoir, F|100\/100\n|switch|p1a: Tapu Lele|Tapu Lele|100\/100\n|-damage|p1a: Tapu Lele|88\/100|[from] Stealth Rock\n|-fieldstart|move: Psychic Terrain|[from] ability: Psychic Surge|[of] p1a: Tapu Lele\n|-damage|p1b: Gardevoir|88\/100|[from] Stealth Rock\n|-ability|p1b: Gardevoir|Water Bubble|[from] ability: Trace|[of] p2a: Araquanid\n|turn|6\n|c| Sencopion|Okto\n|\n|t:|1698540569\n|detailschange|p1b: Gardevoir|Gardevoir-Mega, F\n|-mega|p1b: Gardevoir|Gardevoir|Gardevoirite\n|move|p2b: Volcarona|Bug Buzz|p1a: Tapu Lele\n|-damage|p1a: Tapu Lele|8\/100\n|move|p1a: Tapu Lele|Psychic|p2a: Araquanid\n|-damage|p2a: Araquanid|69\/100\n|move|p1b: Gardevoir|Expanding Force|p2b: Volcarona|[spread] p2a,p2b\n|-damage|p2a: Araquanid|28\/100\n|-damage|p2b: Volcarona|0 fnt\n|faint|p2b: Volcarona\n|move|p2a: Araquanid|Liquidation|p1b: Gardevoir\n|-damage|p1b: Gardevoir|15\/100\n|-unboost|p1b: Gardevoir|def|1\n|\n|-sideend|p1: Okto481|Reflect\n|upkeep\n|c|\u2606Okto481|yeah?\n|\n|t:|1698540574\n|switch|p2b: Heracross|Heracross, M|100\/100\n|-activate|p2b: Heracross|move: Sticky Web\n|-unboost|p2b: Heracross|spe|1\n|turn|7\n|c|\u2606BillyArticuno27|time to get serious\n|\n|t:|1698540594\n|-terastallize|p2b: Heracross|Bug\n|move|p1a: Tapu Lele|Psychic|p2b: Heracross\n|-damage|p2b: Heracross|33\/100\n|move|p1b: Gardevoir|Expanding Force|p2a: Araquanid|[spread] p2a,p2b\n|-damage|p2a: Araquanid|0 fnt\n|-damage|p2b: Heracross|0 fnt\n|faint|p2a: Araquanid\n|faint|p2b: Heracross\n|\n|upkeep\n|c|\u2606BillyArticuno27|dang XD that's gg\n|\n|t:|1698540604\n|switch|p2a: Scizor|Scizor, M|100\/100\n|-activate|p2a: Scizor|move: Sticky Web\n|-unboost|p2a: Scizor|spe|1\n|turn|8\n|c|\u2606Okto481|gg\n|c| Syph0n_78|not necessarily\n|c| Syph0n_78|unless they got like\n|c| Syph0n_78|fire moves\n|\n|t:|1698540614\n|detailschange|p2a: Scizor|Scizor-Mega, M\n|-mega|p2a: Scizor|Scizor|Scizorite\n|move|p1a: Tapu Lele|Psychic|p2a: Scizor\n|-resisted|p2a: Scizor\n|-damage|p2a: Scizor|73\/100\n|move|p1b: Gardevoir|Mystical Fire|p2a: Scizor\n|-supereffective|p2a: Scizor\n|-damage|p2a: Scizor|0 fnt\n|faint|p2a: Scizor\n|\n|win|Okto481\n|c|\u2606BillyArticuno27|lele costs me since terrain\n|c| Syph0n_78|scizor can clutch up\n|c| Syph0n_78|oh nah they got fire\n|c| Syph0n_78|gg\n|c| YaBoiCrim|ggs\n|c|\u2606Okto481|gg\n|c|\u2606BillyArticuno27|gg\n|c|\u2606Okto481|played well\n|c| Sencopion|gg\n|c| Syph0n_78|Damn dude\n|c| Syph0n_78|Psychic beats bug\n|c| Syph0n_78|my nutsack\n","uploadtime":1698540637,"views":25,"p1id":"okto481","p2id":"billyarticuno27","formatid":"gen9nationaldexdoubles","rating":0,"private":0,"password":""}