{"id":"gen9nationaldexdoubles-1979829174","p1":"pollin777","p2":"decidoustree","format":"[Gen 9] National Dex Doubles","log":"|j|\u2606pollin777\n|j|\u2606decidoustree\n|t:|1698717573\n|gametype|doubles\n|player|p1|pollin777|ethan|1130\n|player|p2|decidoustree|cheren-gen5bw2|1069\n|teamsize|p1|6\n|teamsize|p2|6\n|gen|9\n|tier|[Gen 9] National Dex Doubles\n|rated|\n|rule|HP Percentage Mod: HP is shown in percentages\n|rule|Endless Battle Clause: Forcing endless battles is banned\n|rule|OHKO Clause: OHKO moves are banned\n|rule|Evasion Moves Clause: Evasion moves are banned\n|rule|Evasion Abilities Clause: Evasion abilities are banned\n|rule|Species Clause: Limit one of each Pok\u00e9mon\n|rule|Gravity Sleep Clause: The combination of sleep-inducing moves with imperfect accuracy and Gravity or Gigantamax Orbeetle are banned\n|clearpoke\n|poke|p1|Amoonguss, M|\n|poke|p1|Dusclops, M|\n|poke|p1|Tornadus, M|\n|poke|p1|Articuno-Galar|\n|poke|p1|Garchomp, M|\n|poke|p1|Iron Bundle|\n|poke|p2|Indeedee-F, F|\n|poke|p2|Scolipede, F|\n|poke|p2|Whimsicott, F|\n|poke|p2|Audino, F|\n|poke|p2|Hariyama, F|\n|poke|p2|Ditto|\n|teampreview\n|inactive|Battle timer is ON: inactive players will automatically lose when time's up. (requested by pollin777)\n|\n|t:|1698717588\n|start\n|switch|p1a: Tornadus|Tornadus, M|100\/100\n|switch|p1b: Dusclops|Dusclops, M|100\/100\n|switch|p2a: Nitride|Audino, F|100\/100\n|switch|p2b: Alcohol|Hariyama, F|100\/100\n|-ability|p1b: Dusclops|Pressure\n|turn|1\n|\n|t:|1698717615\n|detailschange|p2a: Nitride|Audino-Mega, F\n|-mega|p2a: Nitride|Audino|Audinite\n|move|p1a: Tornadus|Taunt|p2a: Nitride\n|-start|p2a: Nitride|move: Taunt\n|move|p2b: Alcohol|Knock Off|p1b: Dusclops\n|-supereffective|p1b: Dusclops\n|-damage|p1b: Dusclops|56\/100\n|-enditem|p1b: Dusclops|Eviolite|[from] move: Knock Off|[of] p2b: Alcohol\n|move|p1b: Dusclops|Will-O-Wisp|p2b: Alcohol\n|-status|p2b: Alcohol|brn\n|cant|p2a: Nitride|move: Taunt|Trick Room\n|\n|-damage|p2b: Alcohol|94\/100 brn|[from] brn\n|upkeep\n|turn|2\n|inactive|decidoustree has 120 seconds left.\n|\n|t:|1698717646\n|switch|p2a: Amide|Indeedee-F, F|100\/100\n|-fieldstart|move: Psychic Terrain|[from] ability: Psychic Surge|[of] p2a: Amide\n|move|p1a: Tornadus|Tailwind|p1a: Tornadus\n|-sidestart|p1: pollin777|move: Tailwind\n|move|p1b: Dusclops|Hex|p2b: Alcohol\n|-damage|p2b: Alcohol|77\/100 brn\n|move|p2b: Alcohol|Knock Off|p1b: Dusclops\n|-supereffective|p1b: Dusclops\n|-damage|p1b: Dusclops|34\/100\n|\n|-damage|p2b: Alcohol|71\/100 brn|[from] brn\n|upkeep\n|turn|3\n|inactive|decidoustree has 120 seconds left.\n|\n|t:|1698717677\n|-terastallize|p2a: Amide|Psychic\n|move|p1a: Tornadus|Taunt|p2a: Amide\n|-activate|p2a: Amide|move: Psychic Terrain\n|move|p2a: Amide|Expanding Force|p1a: Tornadus|[spread] p1a,p1b\n|-crit|p1a: Tornadus\n|-damage|p1a: Tornadus|2\/100\n|-damage|p1b: Dusclops|0 fnt\n|faint|p1b: Dusclops\n|move|p2b: Alcohol|Knock Off|p1a: Tornadus\n|-damage|p1a: Tornadus|0 fnt\n|faint|p1a: Tornadus\n|\n|-damage|p2b: Alcohol|65\/100 brn|[from] brn\n|upkeep\n|inactive|pollin777 has 120 seconds left.\n|\n|t:|1698717697\n|switch|p1a: Articuno|Articuno-Galar|100\/100\n|switch|p1b: Garchomp|Garchomp, M|100\/100\n|turn|4\n|\n|t:|1698717721\n|move|p1b: Garchomp|Outrage|p2b: Alcohol\n|-damage|p2b: Alcohol|0 fnt\n|faint|p2b: Alcohol\n|move|p1a: Articuno|Air Slash|p2a: Amide\n|-damage|p2a: Amide|81\/100\n|cant|p2a: Amide|flinch\n|\n|upkeep\n|\n|t:|1698717731\n|switch|p2b: Nitride|Audino-Mega, F|100\/100\n|turn|5\n|\n|t:|1698717744\n|move|p1b: Garchomp|Outrage|p2a: Amide|[from]lockedmove\n|-damage|p2a: Amide|13\/100\n|move|p1a: Articuno|Freezing Glare|p2b: Nitride\n|-damage|p2b: Nitride|75\/100\n|move|p2a: Amide|Expanding Force|p1a: Articuno|[spread] p1a,p1b\n|-resisted|p1a: Articuno\n|-damage|p1a: Articuno|76\/100\n|-damage|p1b: Garchomp|47\/100\n|move|p2b: Nitride|Trick Room|p2b: Nitride\n|-fieldstart|move: Trick Room|[of] p2b: Nitride\n|\n|-heal|p1a: Articuno|82\/100|[from] item: Leftovers\n|-sideend|p1: pollin777|move: Tailwind\n|upkeep\n|turn|6\n|inactive|pollin777 has 120 seconds left.\n|\n|t:|1698717777\n|move|p2b: Nitride|Hyper Voice|p1b: Garchomp|[spread] p1a,p1b\n|-damage|p1a: Articuno|65\/100\n|-damage|p1b: Garchomp|26\/100\n|move|p2a: Amide|Dazzling Gleam|p1a: Articuno|[spread] p1a,p1b\n|-supereffective|p1b: Garchomp\n|-damage|p1a: Articuno|52\/100\n|-damage|p1b: Garchomp|0 fnt\n|faint|p1b: Garchomp\n|move|p1a: Articuno|Calm Mind|p1a: Articuno\n|-boost|p1a: Articuno|spa|1\n|-boost|p1a: Articuno|spd|1\n|\n|-heal|p1a: Articuno|58\/100|[from] item: Leftovers\n|-fieldend|move: Psychic Terrain\n|upkeep\n|inactive|pollin777 has 120 seconds left.\n|\n|t:|1698717784\n|switch|p1b: Amoonguss|Amoonguss, M|100\/100\n|turn|7\n|\n|t:|1698717808\n|move|p1b: Amoonguss|Sludge Bomb|p2b: Nitride\n|-supereffective|p2b: Nitride\n|-damage|p2b: Nitride|41\/100\n|move|p2b: Nitride|Yawn|p1a: Articuno\n|-start|p1a: Articuno|move: Yawn|[of] p2b: Nitride\n|move|p2a: Amide|Expanding Force|p1b: Amoonguss\n|-supereffective|p1b: Amoonguss\n|-damage|p1b: Amoonguss|52\/100\n|-enditem|p1b: Amoonguss|Red Card|[of] p2a: Amide\n|drag|p2a: Butanol|Whimsicott, F|100\/100\n|move|p1a: Articuno|Recover|p1a: Articuno\n|-heal|p1a: Articuno|100\/100\n|\n|upkeep\n|turn|8\n|inactive|decidoustree has 120 seconds left.\n|inactive|pollin777 has 120 seconds left.\n|\n|t:|1698717863\n|move|p2a: Butanol|Substitute|p2a: Butanol\n|-start|p2a: Butanol|Substitute\n|-damage|p2a: Butanol|75\/100\n|move|p1b: Amoonguss|Sludge Bomb|p2a: Butanol\n|-supereffective|p2a: Butanol\n|-end|p2a: Butanol|Substitute\n|move|p2b: Nitride|Yawn|p1b: Amoonguss\n|-start|p1b: Amoonguss|move: Yawn|[of] p2b: Nitride\n|move|p1a: Articuno|Freezing Glare|p2b: Nitride\n|-damage|p2b: Nitride|0 fnt\n|faint|p2b: Nitride\n|\n|-heal|p2a: Butanol|82\/100|[from] item: Leftovers\n|-end|p1a: Articuno|move: Yawn|[silent]\n|-status|p1a: Articuno|slp\n|upkeep\n|inactive|decidoustree has 90 seconds left.\n|j| wkx6v587\n|\n|t:|1698717893\n|switch|p2b: Methyl|Ditto|100\/100\n|-transform|p2b: Methyl|p1a: Articuno|[from] ability: Imposter\n|turn|9\n|inactive|decidoustree has 90 seconds left.\n|j| NatsumiChan2\n|\n|t:|1698717918\n|move|p2a: Butanol|Substitute|p2a: Butanol\n|-start|p2a: Butanol|Substitute\n|-damage|p2a: Butanol|57\/100\n|move|p1b: Amoonguss|Spore|p2b: Methyl\n|-status|p2b: Methyl|slp|[from] move: Spore\n|cant|p1a: Articuno|slp\n|cant|p2b: Methyl|slp\n|\n|-heal|p2a: Butanol|63\/100|[from] item: Leftovers\n|-end|p1b: Amoonguss|move: Yawn|[silent]\n|-status|p1b: Amoonguss|slp\n|-fieldend|move: Trick Room\n|upkeep\n|turn|10\n|inactive|decidoustree has 90 seconds left.\n|l| wkx6v587\n|inactive|decidoustree has 60 seconds left.\n|\n|t:|1698717966\n|move|p2a: Butanol|Leech Seed|p1a: Articuno|[miss]\n|-miss|p2a: Butanol|p1a: Articuno\n|-curestatus|p2b: Methyl|slp|[msg]\n|move|p2b: Methyl|Air Slash|p1b: Amoonguss\n|-supereffective|p1b: Amoonguss\n|-damage|p1b: Amoonguss|0 fnt\n|faint|p1b: Amoonguss\n|cant|p1a: Articuno|slp\n|\n|-heal|p2a: Butanol|69\/100|[from] item: Leftovers\n|upkeep\n|\n|t:|1698717976\n|switch|p1b: Iron Bundle|Iron Bundle|100\/100\n|turn|11\n|\n|t:|1698717997\n|-terastallize|p1b: Iron Bundle|Fire\n|move|p2a: Butanol|Leech Seed|p1a: Articuno\n|-start|p1a: Articuno|move: Leech Seed\n|move|p1b: Iron Bundle|Ice Beam|p2b: Methyl\n|-supereffective|p2b: Methyl\n|-damage|p2b: Methyl|2\/100\n|move|p2b: Methyl|Air Slash|p1a: Articuno\n|-damage|p1a: Articuno|71\/100 slp\n|cant|p1a: Articuno|slp\n|\n|-heal|p2a: Butanol|75\/100|[from] item: Leftovers\n|-heal|p1a: Articuno|77\/100 slp|[from] item: Leftovers\n|-damage|p1a: Articuno|64\/100 slp|[from] Leech Seed|[of] p2a: Butanol\n|-heal|p2a: Butanol|90\/100|[silent]\n|upkeep\n|turn|12\n|inactive|decidoustree has 90 seconds left.\n|\n|t:|1698718020\n|move|p2a: Butanol|Leech Seed|p1b: Iron Bundle\n|-start|p1b: Iron Bundle|move: Leech Seed\n|move|p1b: Iron Bundle|Ice Beam|p2a: Butanol\n|-supereffective|p2a: Butanol\n|-end|p2a: Butanol|Substitute\n|move|p2b: Methyl|Air Slash|p1b: Iron Bundle\n|-damage|p1b: Iron Bundle|14\/100\n|-curestatus|p1a: Articuno|slp|[msg]\n|move|p1a: Articuno|Air Slash|p2b: Methyl\n|-damage|p2b: Methyl|0 fnt\n|faint|p2b: Methyl\n|\n|-heal|p2a: Butanol|96\/100|[from] item: Leftovers\n|-heal|p1a: Articuno|71\/100|[from] item: Leftovers\n|-damage|p1b: Iron Bundle|1\/100|[from] Leech Seed|[of] p2a: Butanol\n|-heal|p2a: Butanol|100\/100|[silent]\n|-damage|p1a: Articuno|58\/100|[from] Leech Seed|[of] p2a: Butanol\n|upkeep\n|inactive|decidoustree has 60 seconds left.\n|\n|t:|1698718043\n|switch|p2b: Acidic Chloride|Scolipede, F|100\/100\n|turn|13\n|\n|t:|1698718049\n|move|p2a: Butanol|Substitute|p2a: Butanol\n|-start|p2a: Butanol|Substitute\n|-damage|p2a: Butanol|75\/100\n|move|p1b: Iron Bundle|Ice Beam|p2a: Butanol\n|-supereffective|p2a: Butanol\n|-end|p2a: Butanol|Substitute\n|move|p2b: Acidic Chloride|Rock Slide|p1a: Articuno|[spread] p1a\n|-miss|p2b: Acidic Chloride|p1b: Iron Bundle\n|-supereffective|p1a: Articuno\n|-damage|p1a: Articuno|33\/100\n|cant|p1a: Articuno|flinch\n|\n|-heal|p2a: Butanol|82\/100|[from] item: Leftovers\n|-heal|p1a: Articuno|39\/100|[from] item: Leftovers\n|-damage|p1b: Iron Bundle|0 fnt|[from] Leech Seed|[of] p2a: Butanol\n|-heal|p2a: Butanol|82\/100|[silent]\n|faint|p1b: Iron Bundle\n|-end|p1b: Iron Bundle|Quark Drive|[silent]\n|-damage|p1a: Articuno|27\/100|[from] Leech Seed|[of] p2a: Butanol\n|-heal|p2a: Butanol|97\/100|[silent]\n|-ability|p2b: Acidic Chloride|Speed Boost|boost\n|-boost|p2b: Acidic Chloride|spe|1\n|upkeep\n|turn|14\n|inactive|decidoustree has 90 seconds left.\n|\n|t:|1698718070\n|move|p2a: Butanol|Substitute|p2a: Butanol\n|-start|p2a: Butanol|Substitute\n|-damage|p2a: Butanol|72\/100\n|move|p2b: Acidic Chloride|Rock Slide|p1a: Articuno\n|-supereffective|p1a: Articuno\n|-damage|p1a: Articuno|0 fnt\n|faint|p1a: Articuno\n|\n|win|decidoustree\n|raw|pollin777's rating: 1130 &rarr; <strong>1101<\/strong><br \/>(-29 for losing)\n|raw|decidoustree's rating: 1069 &rarr; <strong>1104<\/strong><br \/>(+35 for winning)\n|l|\u2606pollin777\n","uploadtime":1698718082,"views":8,"p1id":"pollin777","p2id":"decidoustree","formatid":"gen9nationaldexdoubles","rating":1101,"private":0,"password":""}