{"id":"gen9nationaldexdoubles-1987204361","p1":"Hatda01238","p2":"QEUhfpisudv","format":"[Gen 9] National Dex Doubles","log":"|j|\u2606Hatda01238\n|j|\u2606QEUhfpisudv\n|t:|1699565017\n|gametype|doubles\n|player|p1|Hatda01238|102|1021\n|player|p2|QEUhfpisudv|ninjaboy|1108\n|teamsize|p1|6\n|teamsize|p2|6\n|gen|9\n|tier|[Gen 9] National Dex Doubles\n|rated|\n|rule|HP Percentage Mod: HP is shown in percentages\n|rule|Endless Battle Clause: Forcing endless battles is banned\n|rule|OHKO Clause: OHKO moves are banned\n|rule|Evasion Moves Clause: Evasion moves are banned\n|rule|Evasion Abilities Clause: Evasion abilities are banned\n|rule|Species Clause: Limit one of each Pok\u00e9mon\n|rule|Gravity Sleep Clause: The combination of sleep-inducing moves with imperfect accuracy and Gravity or Gigantamax Orbeetle are banned\n|clearpoke\n|poke|p1|Comfey, M|\n|poke|p1|Blissey, F|\n|poke|p1|Urshifu-*, M|\n|poke|p1|Dragonite, F|\n|poke|p1|Scizor, M|\n|poke|p1|Cinderace, M|\n|poke|p2|Sinistcha-Masterpiece|\n|poke|p2|Rillaboom, M|\n|poke|p2|Jirachi|\n|poke|p2|Ursaluna, F|\n|poke|p2|Oranguru, M|\n|poke|p2|Indeedee-F, F|\n|teampreview\n|inactive|Battle timer is ON: inactive players will automatically lose when time's up. (requested by QEUhfpisudv)\n|\n|t:|1699565031\n|start\n|switch|p1a: Mr. Fister|Scizor, M|100\/100\n|switch|p1b: Bald boi|Dragonite, F|100\/100\n|switch|p2a: Rillaboom|Rillaboom, M|100\/100\n|switch|p2b: Sinistcha|Sinistcha-Masterpiece|100\/100\n|-fieldstart|move: Grassy Terrain|[from] ability: Grassy Surge|[of] p2a: Rillaboom\n|turn|1\n|\n|t:|1699565050\n|detailschange|p1a: Mr. Fister|Scizor-Mega, M\n|-mega|p1a: Mr. Fister|Scizor|Scizorite\n|move|p2a: Rillaboom|Fake Out|p1b: Bald boi\n|-damage|p1b: Bald boi|92\/100\n|cant|p1b: Bald boi|flinch\n|move|p1a: Mr. Fister|Swords Dance|p1a: Mr. Fister\n|-boost|p1a: Mr. Fister|atk|2\n|-zpower|p2b: Sinistcha\n|move|p2b: Sinistcha|Z-Trick Room|p2b: Sinistcha|[anim]Trick Room\n|-boost|p2b: Sinistcha|accuracy|1|[zeffect]\n|-fieldstart|move: Trick Room|[of] p2b: Sinistcha\n|\n|upkeep\n|turn|2\n|inactive|Hatda01238 has 120 seconds left.\n|\n|t:|1699565087\n|move|p1b: Bald boi|Extreme Speed|p2a: Rillaboom\n|-damage|p2a: Rillaboom|66\/100\n|move|p1a: Mr. Fister|Bullet Punch|p2b: Sinistcha\n|-damage|p2b: Sinistcha|19\/100\n|move|p2b: Sinistcha|Nasty Plot|p2b: Sinistcha\n|-boost|p2b: Sinistcha|spa|2\n|move|p2a: Rillaboom|U-turn|p1b: Bald boi\n|-resisted|p1b: Bald boi\n|-damage|p1b: Bald boi|78\/100\n|inactive|QEUhfpisudv has 120 seconds left.\n|\n|t:|1699565109\n|switch|p2a: Ursaluna|Ursaluna, F|100\/100|[from] U-turn\n|\n|-heal|p2b: Sinistcha|25\/100|[from] Grassy Terrain\n|-status|p2a: Ursaluna|brn|[from] item: Flame Orb\n|upkeep\n|turn|3\n|\n|t:|1699565127\n|switch|p2a: Indeedee|Indeedee-F, F|100\/100\n|-fieldstart|move: Psychic Terrain|[from] ability: Psychic Surge|[of] p2a: Indeedee\n|move|p1b: Bald boi|Extreme Speed|p2a: Indeedee\n|-activate|p2a: Indeedee|move: Psychic Terrain\n|move|p1a: Mr. Fister|Bullet Punch|p2b: Sinistcha\n|-activate|p2b: Sinistcha|move: Psychic Terrain\n|move|p2b: Sinistcha|Matcha Gotcha|p1a: Mr. Fister|[spread] p1a,p1b\n|-resisted|p1a: Mr. Fister\n|-resisted|p1b: Bald boi\n|-damage|p1a: Mr. Fister|80\/100\n|-heal|p2b: Sinistcha|35\/100|[from] drain|[of] p1a: Mr. Fister\n|-damage|p1b: Bald boi|61\/100\n|-heal|p2b: Sinistcha|45\/100|[from] drain|[of] p1b: Bald boi\n|\n|upkeep\n|turn|4\n|\n|t:|1699565152\n|move|p2a: Indeedee|Follow Me|p2a: Indeedee\n|-singleturn|p2a: Indeedee|move: Follow Me\n|move|p2b: Sinistcha|Nasty Plot|p2b: Sinistcha\n|-boost|p2b: Sinistcha|spa|2\n|move|p1a: Mr. Fister|Return|p2a: Indeedee\n|-damage|p2a: Indeedee|9\/100\n|move|p1b: Bald boi|Dual Wingbeat|p2a: Indeedee\n|-damage|p2a: Indeedee|0 fnt\n|faint|p2a: Indeedee\n|-hitcount|p2: Indeedee|1\n|\n|upkeep\n|inactive|QEUhfpisudv has 120 seconds left.\n|\n|t:|1699565172\n|switch|p2a: Jirachi|Jirachi|100\/100\n|-enditem|p2a: Jirachi|Room Service\n|-unboost|p2a: Jirachi|spe|1|[from] item: Room Service\n|turn|5\n|inactive|Hatda01238 has 120 seconds left.\n|\n|t:|1699565213\n|move|p2a: Jirachi|Zen Headbutt|p1b: Bald boi\n|-damage|p1b: Bald boi|8\/100\n|-enditem|p1b: Bald boi|Sitrus Berry|[eat]\n|-heal|p1b: Bald boi|33\/100|[from] item: Sitrus Berry\n|move|p2b: Sinistcha|Shadow Ball|p1a: Mr. Fister\n|-damage|p1a: Mr. Fister|0 fnt\n|faint|p1a: Mr. Fister\n|move|p1b: Bald boi|Dual Wingbeat|p2b: Sinistcha|[miss]\n|-miss|p1b: Bald boi|p2b: Sinistcha\n|\n|-fieldend|move: Trick Room\n|upkeep\n|\n|t:|1699565236\n|switch|p1a: Zacian :)|Comfey, M|100\/100\n|turn|6\n|\n|t:|1699565247\n|move|p1a: Zacian :)|Floral Healing|p1b: Bald boi\n|-heal|p1b: Bald boi|83\/100\n|move|p1b: Bald boi|Dual Wingbeat|p2b: Sinistcha\n|-supereffective|p2b: Sinistcha\n|-damage|p2b: Sinistcha|0 fnt\n|faint|p2b: Sinistcha\n|-hitcount|p2: Sinistcha|1\n|move|p2a: Jirachi|Trick Room|p2a: Jirachi\n|-fieldstart|move: Trick Room|[of] p2a: Jirachi\n|\n|upkeep\n|\n|t:|1699565259\n|switch|p2b: Ursaluna|Ursaluna, F|100\/100 brn\n|turn|7\n|inactive|Hatda01238 has 120 seconds left.\n|\n|t:|1699565283\n|move|p1a: Zacian :)|Floral Healing|p1b: Bald boi\n|-heal|p1b: Bald boi|100\/100\n|move|p2b: Ursaluna|Facade|p1b: Bald boi\n|-damage|p1b: Bald boi|37\/100\n|move|p2a: Jirachi|Iron Head|p1a: Zacian :)\n|-supereffective|p1a: Zacian :)\n|-crit|p1a: Zacian :)\n|-damage|p1a: Zacian :)|1\/100\n|move|p1b: Bald boi|Brick Break|p2a: Jirachi\n|-damage|p2a: Jirachi|77\/100\n|\n|-damage|p2b: Ursaluna|94\/100 brn|[from] brn\n|-fieldend|move: Psychic Terrain\n|upkeep\n|turn|8\n|inactive|Hatda01238 has 120 seconds left.\n|\n|t:|1699565328\n|move|p1b: Bald boi|Extreme Speed|p2b: Ursaluna\n|-damage|p2b: Ursaluna|71\/100 brn\n|move|p2b: Ursaluna|Facade|p1b: Bald boi\n|-damage|p1b: Bald boi|0 fnt\n|faint|p1b: Bald boi\n|move|p2a: Jirachi|Iron Head|p1a: Zacian :)\n|-supereffective|p1a: Zacian :)\n|-damage|p1a: Zacian :)|0 fnt\n|faint|p1a: Zacian :)\n|\n|-damage|p2b: Ursaluna|64\/100 brn|[from] brn\n|upkeep\n|\n|t:|1699565341\n|switch|p1a: Bussy|Blissey, F|100\/100\n|switch|p1b: Chalupa Muncher|Urshifu-Rapid-Strike, M|100\/100\n|turn|9\n|inactive|Hatda01238 has 120 seconds left.\n|\n|t:|1699565356\n|move|p2b: Ursaluna|Facade|p1a: Bussy\n|-damage|p1a: Bussy|0 fnt\n|faint|p1a: Bussy\n|move|p2a: Jirachi|Zen Headbutt|p1b: Chalupa Muncher\n|-supereffective|p1b: Chalupa Muncher\n|-damage|p1b: Chalupa Muncher|44\/100\n|cant|p1b: Chalupa Muncher|flinch\n|\n|-damage|p2b: Ursaluna|58\/100 brn|[from] brn\n|upkeep\n|-message|Hatda01238 forfeited.\n|\n|win|QEUhfpisudv\n|raw|Hatda01238's rating: 1021 &rarr; <strong>1011<\/strong><br \/>(-10 for losing)\n|raw|QEUhfpisudv's rating: 1108 &rarr; <strong>1127<\/strong><br \/>(+19 for winning)\n|l|\u2606Hatda01238\n","uploadtime":1699565369,"views":5,"p1id":"hatda01238","p2id":"qeuhfpisudv","formatid":"gen9nationaldexdoubles","rating":1011,"private":0,"password":""}