{"id":"gen9nationaldexdoubles-1965041243","p1":"Mokaccino321","p2":"Wesley#1FAN","format":"[Gen 9] National Dex Doubles","log":"|j|\u2606Mokaccino321\n|j|\u2606Wesley#1FAN\n|t:|1697037835\n|gametype|doubles\n|player|p1|Mokaccino321|1|\n|player|p2|Wesley#1FAN|caitlin|\n|teamsize|p1|6\n|teamsize|p2|6\n|gen|9\n|tier|[Gen 9] National Dex Doubles\n|rule|HP Percentage Mod: HP is shown in percentages\n|rule|Endless Battle Clause: Forcing endless battles is banned\n|rule|OHKO Clause: OHKO moves are banned\n|rule|Evasion Moves Clause: Evasion moves are banned\n|rule|Evasion Abilities Clause: Evasion abilities are banned\n|rule|Species Clause: Limit one of each Pok\u00e9mon\n|rule|Gravity Sleep Clause: The combination of sleep-inducing moves with imperfect accuracy and Gravity or Gigantamax Orbeetle are banned\n|clearpoke\n|poke|p1|Zygarde|\n|poke|p1|Ninetales-Alola, F|\n|poke|p1|Cresselia, F|\n|poke|p1|Whimsicott, F|\n|poke|p1|Chien-Pao|\n|poke|p1|Rillaboom, F|\n|poke|p2|Malamar, M|\n|poke|p2|Victini|\n|poke|p2|Alakazam, F|\n|poke|p2|Gardevoir, F|\n|poke|p2|Slowking-Galar, M|\n|poke|p2|Farigiraf, F|\n|teampreview\n|\n|t:|1697037851\n|start\n|switch|p1a: Whimsicott|Whimsicott, F|100\/100\n|switch|p1b: Zygarde|Zygarde|100\/100\n|switch|p2a: Malamar|Malamar, M|100\/100\n|switch|p2b: Victini|Victini|100\/100\n|-ability|p1b: Zygarde|Aura Break\n|turn|1\n|c|\u2606Mokaccino321|oh no\n|c|\u2606Mokaccino321|you gonnafinal gambit me are u\n|c|\u2606Mokaccino321|with that victini\n|\n|t:|1697037872\n|move|p1b: Zygarde|Protect|p1b: Zygarde\n|-singleturn|p1b: Zygarde|Protect\n|move|p1a: Whimsicott|Moonblast|p2a: Malamar\n|-supereffective|p2a: Malamar\n|-damage|p2a: Malamar|35\/100\n|move|p2b: Victini|Skill Swap|p2a: Malamar\n|-activate|p2b: Victini|move: Skill Swap|||[of] p2a: Malamar\n|move|p2a: Malamar|Reflect|p2a: Malamar\n|-sidestart|p2: Wesley#1FAN|Reflect\n|\n|upkeep\n|turn|2\n|c|\u2606Wesley#1FAN|um\n|c|\u2606Mokaccino321|oh\n|\n|t:|1697037890\n|move|p1a: Whimsicott|Encore|p2b: Victini\n|-start|p2b: Victini|Encore\n|move|p2b: Victini|Skill Swap|p1b: Zygarde\n|-activate|p2b: Victini|move: Skill Swap|Aura Break|Contrary|[of] p1b: Zygarde\n|-ability|p2b: Victini|Aura Break\n|move|p1b: Zygarde|Coil|p1b: Zygarde\n|-unboost|p1b: Zygarde|atk|1\n|-unboost|p1b: Zygarde|def|1\n|-unboost|p1b: Zygarde|accuracy|1\n|move|p2a: Malamar|Light Screen|p2a: Malamar\n|-sidestart|p2: Wesley#1FAN|move: Light Screen\n|\n|upkeep\n|turn|3\n|c|\u2606Mokaccino321|LOL\n|c|\u2606Mokaccino321|KMS\n|c|\u2606Wesley#1FAN|...\n|c|\u2606Mokaccino321|HAHAHA\n|c|\u2606Wesley#1FAN|LMAOOOO\n|c|\u2606Mokaccino321|KMS\n|\n|t:|1697037927\n|switch|p1b: Rillaboom|Rillaboom, F|100\/100\n|-fieldstart|move: Grassy Terrain|[from] ability: Grassy Surge|[of] p1b: Rillaboom\n|move|p1a: Whimsicott|Moonblast|p2a: Malamar\n|-supereffective|p2a: Malamar\n|-damage|p2a: Malamar|0 fnt\n|faint|p2a: Malamar\n|move|p2b: Victini|Skill Swap|p1b: Rillaboom\n|-activate|p2b: Victini|move: Skill Swap|Grassy Surge|Aura Break|[of] p1b: Rillaboom\n|-ability|p1b: Rillaboom|Aura Break\n|\n|upkeep\n|c|\u2606Mokaccino321|IM SO CONFUSED BY\n|c|\u2606Wesley#1FAN|EVERYTHING IS FUCKED\n|c|\u2606Mokaccino321|what skills\n|c|\u2606Mokaccino321|we have\n|\n|t:|1697037954\n|switch|p2a: Farigiraf|Farigiraf, F|100\/100\n|turn|4\n|c|\u2606Wesley#1FAN|what am i gonna do wit grassy surge\n|\n|t:|1697037972\n|move|p1a: Whimsicott|Moonblast|p2a: Farigiraf\n|-damage|p2a: Farigiraf|84\/100\n|-unboost|p2a: Farigiraf|spa|1\n|move|p2b: Victini|Skill Swap|p1a: Whimsicott\n|-activate|p2b: Victini|move: Skill Swap|Prankster|Grassy Surge|[of] p1a: Whimsicott\n|move|p1b: Rillaboom|Knock Off|p2a: Farigiraf\n|-supereffective|p2a: Farigiraf\n|-crit|p2a: Farigiraf\n|-damage|p2a: Farigiraf|0 fnt\n|-enditem|p2a: Farigiraf|Assault Vest|[from] move: Knock Off|[of] p1b: Rillaboom\n|faint|p2a: Farigiraf\n|\n|-end|p2b: Victini|Encore\n|upkeep\n|c|\u2606Wesley#1FAN|gimme this on\n|c|\u2606Wesley#1FAN|im just fucken\n|c|\u2606Wesley#1FAN|choosing abilities as i go\n|\n|t:|1697038005\n|switch|p2a: Gardevoir|Gardevoir, F|100\/100\n|turn|5\n|\n|t:|1697038019\n|detailschange|p2a: Gardevoir|Gardevoir-Mega, F\n|-mega|p2a: Gardevoir|Gardevoir|Gardevoirite\n|move|p1a: Whimsicott|Encore|p2b: Victini\n|-start|p2b: Victini|Encore\n|move|p2b: Victini|Skill Swap|p1b: Rillaboom\n|-activate|p2b: Victini|move: Skill Swap|Aura Break|Prankster|[of] p1b: Rillaboom\n|-ability|p2b: Victini|Aura Break\n|move|p2a: Gardevoir|Wish|p2a: Gardevoir\n|move|p1b: Rillaboom|U-turn|p2a: Gardevoir\n|-damage|p2a: Gardevoir|76\/100\n|c|\u2606Wesley#1FAN|ENOUGH\n|\n|t:|1697038032\n|switch|p1b: Ninetales|Ninetales-Alola, F|100\/100|[from] U-turn\n|-weather|Snow|[from] ability: Snow Warning|[of] p1b: Ninetales\n|\n|-weather|Snow|[upkeep]\n|-heal|p2a: Gardevoir|83\/100|[from] Grassy Terrain\n|upkeep\n|turn|6\n|\n|t:|1697038041\n|switch|p2b: Alakazam|Alakazam, F, shiny|100\/100\n|switch|p2a: Slowking|Slowking-Galar, M|100\/100\n|move|p1a: Whimsicott|Encore||[still]\n|-fail|p1a: Whimsicott\n|move|p1b: Ninetales|Aurora Veil|p1b: Ninetales\n|-sidestart|p1: Mokaccino321|move: Aurora Veil\n|\n|-weather|Snow|[upkeep]\n|upkeep\n|turn|7\n|\n|t:|1697038052\n|switch|p2b: Victini|Victini|100\/100\n|move|p1a: Whimsicott|Taunt|p2a: Slowking\n|-start|p2a: Slowking|move: Taunt\n|move|p1b: Ninetales|Blizzard|p2b: Victini|[spread] p2a,p2b\n|-resisted|p2b: Victini\n|-crit|p2b: Victini\n|-damage|p2a: Slowking|83\/100\n|-damage|p2b: Victini|80\/100\n|move|p2a: Slowking|Sludge Wave|p1a: Whimsicott|[spread] p2b,p1a,p1b\n|-supereffective|p1a: Whimsicott\n|-supereffective|p1b: Ninetales\n|-damage|p2b: Victini|58\/100\n|-enditem|p1a: Whimsicott|Focus Sash\n|-damage|p1a: Whimsicott|1\/100\n|-damage|p1b: Ninetales|39\/100\n|-status|p2b: Victini|psn\n|\n|-weather|Snow|[upkeep]\n|-heal|p1a: Whimsicott|7\/100|[from] Grassy Terrain\n|-heal|p1b: Ninetales|45\/100|[from] Grassy Terrain\n|-heal|p2b: Victini|64\/100 psn|[from] Grassy Terrain\n|-heal|p2a: Slowking|89\/100|[from] Grassy Terrain\n|-heal|p2a: Slowking|95\/100|[from] item: Leftovers\n|-damage|p2b: Victini|52\/100 psn|[from] psn\n|-fieldend|move: Grassy Terrain\n|upkeep\n|turn|8\n|\n|t:|1697038070\n|move|p1b: Ninetales|Protect|p1b: Ninetales\n|-singleturn|p1b: Ninetales|Protect\n|move|p1a: Whimsicott|Tailwind|p1a: Whimsicott\n|-sidestart|p1: Mokaccino321|move: Tailwind\n|move|p2b: Victini|Brick Break|p1b: Ninetales\n|-activate|p1b: Ninetales|move: Protect\n|move|p2a: Slowking|Sludge Wave|p1b: Ninetales|[spread] p2b,p1a\n|-activate|p1b: Ninetales|move: Protect\n|-supereffective|p1a: Whimsicott\n|-damage|p2b: Victini|31\/100 psn\n|-damage|p1a: Whimsicott|0 fnt\n|faint|p1a: Whimsicott\n|\n|-weather|Snow|[upkeep]\n|-heal|p2a: Slowking|100\/100|[from] item: Leftovers\n|-damage|p2b: Victini|19\/100 psn|[from] psn\n|-sideend|p2: Wesley#1FAN|Reflect\n|upkeep\n|\n|t:|1697038078\n|switch|p1a: Zygarde|Zygarde|100\/100\n|-ability|p1a: Zygarde|Aura Break\n|turn|9\n|c|\u2606Wesley#1FAN|of course MY mon got toxiced\n|\n|t:|1697038101\n|switch|p1b: Cresselia|Cresselia, F|100\/100\n|move|p1a: Zygarde|Thousand Arrows|p2a: Slowking|[spread] p2a,p2b\n|-supereffective|p2a: Slowking\n|-supereffective|p2b: Victini\n|-damage|p2a: Slowking|45\/100\n|-damage|p2b: Victini|0 fnt\n|faint|p2b: Victini\n|move|p2a: Slowking|Sludge Wave|p1a: Zygarde|[spread] p1a,p1b\n|-resisted|p1a: Zygarde\n|-damage|p1a: Zygarde|92\/100\n|-damage|p1b: Cresselia|87\/100\n|\n|-weather|none\n|-heal|p2a: Slowking|51\/100|[from] item: Leftovers\n|-end|p2a: Slowking|move: Taunt\n|-sideend|p2: Wesley#1FAN|move: Light Screen\n|upkeep\n|c|\u2606Wesley#1FAN|this battle is so fuckd lol we just go next\n|c|\u2606Mokaccino321|lmaoo\n|\n|t:|1697038112\n|switch|p2b: Alakazam|Alakazam, F, shiny|100\/100\n|turn|10\n|c|\u2606Mokaccino321|i love whimsicott\n|c|\u2606Mokaccino321|such a troll\n|\n|t:|1697038128\n|move|p1a: Zygarde|Coil|p1a: Zygarde\n|-boost|p1a: Zygarde|atk|1\n|-boost|p1a: Zygarde|def|1\n|-boost|p1a: Zygarde|accuracy|1\n|move|p1b: Cresselia|Moonblast|p2b: Alakazam\n|-damage|p2b: Alakazam|76\/100\n|move|p2b: Alakazam|Dazzling Gleam|p1b: Cresselia|[spread] p1a,p1b\n|-supereffective|p1a: Zygarde\n|-damage|p1a: Zygarde|66\/100\n|-damage|p1b: Cresselia|77\/100\n|move|p2a: Slowking|Psyshock|p1a: Zygarde\n|-damage|p1a: Zygarde|53\/100\n|\n|-heal|p2a: Slowking|57\/100|[from] item: Leftovers\n|upkeep\n|turn|11\n|c|\u2606Wesley#1FAN|illlumise in meta now too\n|\n|t:|1697038144\n|move|p1a: Zygarde|Thousand Arrows|p2a: Slowking|[spread] p2a,p2b\n|-supereffective|p2a: Slowking\n|-damage|p2a: Slowking|0 fnt\n|-damage|p2b: Alakazam|0 fnt\n|faint|p2a: Slowking\n|faint|p2b: Alakazam\n|move|p1b: Cresselia|Lunar Blessing|p1b: Cresselia|[spread] p1a,p1b\n|-heal|p1a: Zygarde|78\/100\n|-heal|p1b: Cresselia|100\/100\n|\n|-sideend|p1: Mokaccino321|move: Tailwind\n|upkeep\n|\n|t:|1697038148\n|switch|p2b: Gardevoir|Gardevoir-Mega, F|83\/100\n|turn|12\n|c|\u2606Wesley#1FAN|WE GO AgAIN\n|\n|t:|1697038158\n|move|p2b: Gardevoir|Dazzling Gleam|p1a: Zygarde|[spread] p1a,p1b\n|-supereffective|p1a: Zygarde\n|-damage|p1a: Zygarde|39\/100\n|-damage|p1b: Cresselia|86\/100\n|move|p1a: Zygarde|Thousand Arrows|p2b: Gardevoir\n|-damage|p2b: Gardevoir|8\/100\n|move|p1b: Cresselia|Moonblast|p2b: Gardevoir\n|-damage|p2b: Gardevoir|0 fnt\n|faint|p2b: Gardevoir\n|\n|win|Mokaccino321\n|l|\u2606Wesley#1FAN\n|c|\u2606Mokaccino321|oki\n|l|\u2606Mokaccino321\n|j|\u2606Mokaccino321\n|player|p1|Mokaccino321|1\n","uploadtime":1697038491,"views":28,"p1id":"mokaccino321","p2id":"wesley1fan","formatid":"gen9nationaldexdoubles","rating":0,"private":0,"password":""}