{"id":"gen9nationaldexdoubles-1996460513","p1":"fumbari 24","p2":"DiamondSDGaming","format":"[Gen 9] National Dex Doubles","log":"|j|\u2606fumbari 24\n|j|\u2606DiamondSDGaming\n|t:|1700684179\n|gametype|doubles\n|player|p1|fumbari 24|hilbert|1062\n|player|p2|DiamondSDGaming|plasmagrunt|1000\n|teamsize|p1|6\n|teamsize|p2|6\n|gen|9\n|tier|[Gen 9] National Dex Doubles\n|rated|\n|rule|HP Percentage Mod: HP is shown in percentages\n|rule|Endless Battle Clause: Forcing endless battles is banned\n|rule|OHKO Clause: OHKO moves are banned\n|rule|Evasion Moves Clause: Evasion moves are banned\n|rule|Evasion Abilities Clause: Evasion abilities are banned\n|rule|Species Clause: Limit one of each Pok\u00e9mon\n|rule|Gravity Sleep Clause: The combination of sleep-inducing moves with imperfect accuracy and Gravity or Gigantamax Orbeetle are banned\n|clearpoke\n|poke|p1|Baxcalibur, M|\n|poke|p1|Dipplin, F|\n|poke|p1|Abomasnow, M|\n|poke|p1|Wigglytuff, F|\n|poke|p1|Pelipper, F|\n|poke|p1|Maushold-Four|\n|poke|p2|Torkoal, M|\n|poke|p2|Lurantis, F|\n|poke|p2|Noivern, M|\n|poke|p2|Porygon2|\n|poke|p2|Corviknight, M|\n|poke|p2|Excadrill, M|\n|teampreview\n|\n|t:|1700684201\n|start\n|switch|p1a: Baxcalibur|Baxcalibur, M|100\/100\n|switch|p1b: Pelipper|Pelipper, F|100\/100\n|switch|p2a: Sundowner|Torkoal, M|100\/100\n|switch|p2b: Monsoon|Porygon2|100\/100\n|-weather|RainDance|[from] ability: Drizzle|[of] p1b: Pelipper\n|-ability|p2b: Monsoon|Download|boost\n|-boost|p2b: Monsoon|spa|1\n|-weather|SunnyDay|[from] ability: Drought|[of] p2a: Sundowner\n|turn|1\n|c|\u2606DiamondSDGaming|Hi\n|\n|t:|1700684217\n|move|p2a: Sundowner|Protect|p2a: Sundowner\n|-singleturn|p2a: Sundowner|Protect\n|move|p1a: Baxcalibur|Swords Dance|p1a: Baxcalibur\n|-boost|p1a: Baxcalibur|atk|2\n|move|p1b: Pelipper|Chilling Water|p2a: Sundowner\n|-activate|p2a: Sundowner|move: Protect\n|move|p2b: Monsoon|Trick Room|p2b: Monsoon\n|-fieldstart|move: Trick Room|[of] p2b: Monsoon\n|\n|-weather|SunnyDay|[upkeep]\n|upkeep\n|turn|2\n|inactive|Battle timer is ON: inactive players will automatically lose when time's up. (requested by fumbari 24)\n|\n|t:|1700684243\n|move|p1b: Pelipper|Wide Guard|p1b: Pelipper\n|-singleturn|p1b: Pelipper|Wide Guard\n|move|p2a: Sundowner|Stealth Rock|p1b: Pelipper\n|-sidestart|p1: fumbari 24|move: Stealth Rock\n|move|p2b: Monsoon|Thunderbolt|p1b: Pelipper\n|-supereffective|p1b: Pelipper\n|-damage|p1b: Pelipper|0 fnt\n|faint|p1b: Pelipper\n|move|p1a: Baxcalibur|Glaive Rush|p2a: Sundowner\n|-damage|p2a: Sundowner|4\/100\n|-singlemove|p1a: Baxcalibur|Glaive Rush|[silent]\n|\n|-weather|SunnyDay|[upkeep]\n|upkeep\n|\n|t:|1700684256\n|switch|p1b: Abomasnow|Abomasnow, M|100\/100\n|-damage|p1b: Abomasnow|75\/100|[from] Stealth Rock\n|-weather|Snow|[from] ability: Snow Warning|[of] p1b: Abomasnow\n|turn|3\n|inactive|fumbari 24 has 120 seconds left.\n|\n|t:|1700684298\n|switch|p2b: Raiden|Corviknight, M, shiny|100\/100\n|detailschange|p1b: Abomasnow|Abomasnow-Mega, M\n|-mega|p1b: Abomasnow|Abomasnow|Abomasite\n|move|p2a: Sundowner|Protect|p2a: Sundowner\n|-singleturn|p2a: Sundowner|Protect\n|move|p1a: Baxcalibur|Ice Shard|p2a: Sundowner\n|-activate|p2a: Sundowner|move: Protect\n|move|p1b: Abomasnow|Aurora Veil|p1b: Abomasnow\n|-sidestart|p1: fumbari 24|move: Aurora Veil\n|\n|-weather|Snow|[upkeep]\n|upkeep\n|turn|4\n|\n|t:|1700684324\n|switch|p2a: Monsoon|Porygon2|100\/100\n|-ability|p2a: Monsoon|Download|boost\n|-boost|p2a: Monsoon|atk|1\n|move|p1a: Baxcalibur|Ice Shard|p2a: Monsoon\n|-damage|p2a: Monsoon|71\/100\n|move|p1b: Abomasnow|Blizzard|p2a: Monsoon|[spread] p2a,p2b\n|-crit|p2b: Raiden\n|-damage|p2a: Monsoon|49\/100\n|-damage|p2b: Raiden|18\/100\n|move|p2b: Raiden|Iron Defense|p2b: Raiden\n|-boost|p2b: Raiden|def|2\n|\n|-weather|Snow|[upkeep]\n|upkeep\n|turn|5\n|\n|t:|1700684353\n|move|p1b: Abomasnow|Blizzard|p2a: Monsoon|[spread] p2a,p2b\n|-damage|p2a: Monsoon|28\/100\n|-damage|p2b: Raiden|0 fnt\n|faint|p2b: Raiden\n|move|p2a: Monsoon|Thunder Wave|p1b: Abomasnow\n|-status|p1b: Abomasnow|par\n|move|p1a: Baxcalibur|Glaive Rush|p2a: Monsoon\n|-damage|p2a: Monsoon|0 fnt\n|-singlemove|p1a: Baxcalibur|Glaive Rush|[silent]\n|faint|p2a: Monsoon\n|\n|-weather|Snow|[upkeep]\n|-fieldend|move: Trick Room\n|upkeep\n|inactive|DiamondSDGaming has 120 seconds left.\n|\n|t:|1700684366\n|switch|p2b: Mistral|Lurantis, F|100\/100\n|switch|p2a: Sundowner|Torkoal, M|4\/100\n|-weather|SunnyDay|[from] ability: Drought|[of] p2a: Sundowner\n|turn|6\n|\n|t:|1700684381\n|switch|p1b: Maushold|Maushold-Four|100\/100\n|-damage|p1b: Maushold|88\/100|[from] Stealth Rock\n|-terastallize|p2b: Mistral|Grass\n|move|p1a: Baxcalibur|Ice Shard|p2a: Sundowner\n|-resisted|p2a: Sundowner\n|-damage|p2a: Sundowner|0 fnt\n|faint|p2a: Sundowner\n|move|p2b: Mistral|Superpower|p1a: Baxcalibur\n|-supereffective|p1a: Baxcalibur\n|-damage|p1a: Baxcalibur|58\/100\n|-boost|p2b: Mistral|atk|1\n|-boost|p2b: Mistral|def|1\n|-damage|p2b: Mistral|91\/100|[from] item: Life Orb\n|\n|-weather|SunnyDay|[upkeep]\n|upkeep\n|\n|t:|1700684397\n|switch|p2a: JetstreamSam|Noivern, M, shiny|100\/100\n|turn|7\n|\n|t:|1700684412\n|-terastallize|p1b: Maushold|Ghost\n|move|p2b: Mistral|Protect|p2b: Mistral\n|-singleturn|p2b: Mistral|Protect\n|move|p1b: Maushold|Follow Me|p1b: Maushold\n|-singleturn|p1b: Maushold|move: Follow Me\n|move|p1a: Baxcalibur|Ice Shard|p2a: JetstreamSam\n|-supereffective|p2a: JetstreamSam\n|-damage|p2a: JetstreamSam|0 fnt\n|faint|p2a: JetstreamSam\n|\n|-weather|SunnyDay|[upkeep]\n|-sideend|p1: fumbari 24|move: Aurora Veil\n|upkeep\n|\n|t:|1700684422\n|switch|p2a: Armstrong|Excadrill, M|100\/100\n|-ability|p2a: Armstrong|Mold Breaker\n|turn|8\n|\n|t:|1700684435\n|move|p1b: Maushold|Follow Me|p1b: Maushold\n|-singleturn|p1b: Maushold|move: Follow Me\n|move|p1a: Baxcalibur|Glaive Rush|p2b: Mistral\n|-damage|p2b: Mistral|0 fnt\n|-singlemove|p1a: Baxcalibur|Glaive Rush|[silent]\n|faint|p2b: Mistral\n|move|p2a: Armstrong|Brick Break|p1b: Maushold\n|-immune|p1b: Maushold\n|\n|-weather|SunnyDay|[upkeep]\n|upkeep\n|turn|9\n|\n|t:|1700684447\n|move|p1b: Maushold|Follow Me|p1b: Maushold\n|-singleturn|p1b: Maushold|move: Follow Me\n|move|p1a: Baxcalibur|Swords Dance|p1a: Baxcalibur\n|-boost|p1a: Baxcalibur|atk|2\n|move|p2a: Armstrong|Earthquake|p1a: Baxcalibur|[spread] p1a,p1b\n|-damage|p1a: Baxcalibur|19\/100\n|-damage|p1b: Maushold|32\/100\n|\n|-weather|SunnyDay|[upkeep]\n|upkeep\n|turn|10\n|\n|t:|1700684463\n|switch|p1b: Abomasnow|Abomasnow-Mega, M|75\/100 par\n|-damage|p1b: Abomasnow|50\/100 par|[from] Stealth Rock\n|-weather|Snow|[from] ability: Snow Warning|[of] p1b: Abomasnow\n|move|p1a: Baxcalibur|Glaive Rush|p2a: Armstrong\n|-resisted|p2a: Armstrong\n|-crit|p2a: Armstrong\n|-damage|p2a: Armstrong|0 fnt\n|-singlemove|p1a: Baxcalibur|Glaive Rush|[silent]\n|faint|p2a: Armstrong\n|\n|win|fumbari 24\n|raw|fumbari 24's rating: 1062 &rarr; <strong>1087<\/strong><br \/>(+25 for winning)\n|raw|DiamondSDGaming's rating: 1000 &rarr; <strong>1000<\/strong><br \/>(+0 for losing)\n|c|\u2606DiamondSDGaming|i didnt think much of megas\n","uploadtime":1700684472,"views":2,"p1id":"fumbari24","p2id":"diamondsdgaming","formatid":"gen9nationaldexdoubles","rating":1000,"private":0,"password":""}