{"id":"gen9nationaldexdoubles-1949672346","p1":"El Ryuk456","p2":"yxyqnGO","format":"[Gen 9] National Dex Doubles","log":"|j|\u2606El Ryuk456\n|j|\u2606yxyqnGO\n|t:|1695390328\n|gametype|doubles\n|player|p1|El Ryuk456|blaine|1247\n|player|p2|yxyqnGO|pokemonranger-gen4|1330\n|teamsize|p1|6\n|teamsize|p2|6\n|gen|9\n|tier|[Gen 9] National Dex Doubles\n|rated|\n|rule|HP Percentage Mod: HP is shown in percentages\n|rule|Endless Battle Clause: Forcing endless battles is banned\n|rule|OHKO Clause: OHKO moves are banned\n|rule|Evasion Moves Clause: Evasion moves are banned\n|rule|Evasion Abilities Clause: Evasion abilities are banned\n|rule|Species Clause: Limit one of each Pok\u00e9mon\n|rule|Gravity Sleep Clause: The combination of sleep-inducing moves with imperfect accuracy and Gravity or Gigantamax Orbeetle are banned\n|clearpoke\n|poke|p1|Blastoise, M|\n|poke|p1|Sableye, M|\n|poke|p1|Corviknight, M|\n|poke|p1|Gardevoir, F|\n|poke|p1|Skeledirge, M|\n|poke|p1|Meowscarada, M|\n|poke|p2|Shiftry, M|\n|poke|p2|Kilowattrel, M|\n|poke|p2|Chien-Pao|\n|poke|p2|Brambleghast, F|\n|poke|p2|Ribombee, M|\n|poke|p2|Cramorant, F|\n|teampreview\n|inactive|Battle timer is ON: inactive players will automatically lose when time's up. (requested by yxyqnGO)\n|\n|t:|1695390344\n|start\n|switch|p1a: A.Banderas|Meowscarada, M|100\/100\n|switch|p1b: Rookie|Skeledirge, M|100\/100\n|switch|p2a: Ribombee|Ribombee, M|100\/100\n|switch|p2b: Shiftry|Shiftry, M|100\/100\n|turn|1\n|\n|t:|1695390372\n|-terastallize|p2b: Shiftry|Rock\n|move|p2b: Shiftry|Fake Out|p1a: A.Banderas\n|-damage|p1a: A.Banderas|75\/100\n|-damage|p2b: Shiftry|91\/100|[from] item: Life Orb\n|move|p2a: Ribombee|Tailwind|p2a: Ribombee\n|-sidestart|p2: yxyqnGO|move: Tailwind\n|-ability|p2b: Shiftry|Wind Rider|boost\n|-boost|p2b: Shiftry|atk|1\n|cant|p1a: A.Banderas|flinch\n|move|p1b: Rookie|Snarl|p2b: Shiftry|[spread] p2a\n|-miss|p1b: Rookie|p2b: Shiftry\n|-resisted|p2a: Ribombee\n|-damage|p2a: Ribombee|90\/100\n|\n|upkeep\n|turn|2\n|\n|t:|1695390405\n|-terastallize|p1b: Rookie|Grass\n|move|p1a: A.Banderas|Protect|p1a: A.Banderas\n|-start|p1a: A.Banderas|typechange|Normal|[from] ability: Protean\n|-singleturn|p1a: A.Banderas|Protect\n|move|p2a: Ribombee|U-turn|p1a: A.Banderas\n|-activate|p1a: A.Banderas|move: Protect\n|move|p2b: Shiftry|Rock Slide|p1b: Rookie|[spread] \n|-activate|p1a: A.Banderas|move: Protect\n|-miss|p2b: Shiftry|p1b: Rookie\n|move|p1b: Rookie|Torch Song|p2a: Ribombee\n|-supereffective|p2a: Ribombee\n|-damage|p2a: Ribombee|0 fnt\n|-boost|p1b: Rookie|spa|1\n|faint|p2a: Ribombee\n|\n|upkeep\n|inactive|yxyqnGO has 120 seconds left.\n|\n|t:|1695390427\n|switch|p2a: Chien-Pao|Chien-Pao|100\/100\n|-ability|p2a: Chien-Pao|Sword of Ruin\n|turn|3\n|\n|t:|1695390439\n|move|p2a: Chien-Pao|Ice Spinner|p1b: Rookie\n|-supereffective|p1b: Rookie\n|-damage|p1b: Rookie|14\/100\n|-enditem|p1b: Rookie|Sitrus Berry|[eat]\n|-heal|p1b: Rookie|39\/100|[from] item: Sitrus Berry\n|move|p2b: Shiftry|Rock Slide|p1a: A.Banderas|[spread] p1a,p1b\n|-damage|p1a: A.Banderas|0 fnt\n|-damage|p1b: Rookie|3\/100\n|faint|p1a: A.Banderas\n|-damage|p2b: Shiftry|81\/100|[from] item: Life Orb\n|move|p1b: Rookie|Torch Song|p2a: Chien-Pao\n|-supereffective|p2a: Chien-Pao\n|-enditem|p2a: Chien-Pao|Focus Sash\n|-damage|p2a: Chien-Pao|1\/100\n|-boost|p1b: Rookie|spa|1\n|\n|upkeep\n|\n|t:|1695390456\n|switch|p1a: Yami|Sableye, M|100\/100\n|turn|4\n|\n|t:|1695390477\n|move|p1a: Yami|Fake Out|p2b: Shiftry\n|-resisted|p2b: Shiftry\n|-damage|p2b: Shiftry|73\/100\n|move|p2a: Chien-Pao|Sucker Punch||[still]\n|-fail|p2a: Chien-Pao\n|cant|p2b: Shiftry|flinch\n|move|p1b: Rookie|Snarl|p2a: Chien-Pao|[spread] p2a,p2b\n|-resisted|p2a: Chien-Pao\n|-damage|p2a: Chien-Pao|0 fnt\n|-damage|p2b: Shiftry|28\/100\n|-unboost|p2b: Shiftry|spa|1\n|faint|p2a: Chien-Pao\n|\n|-sideend|p2: yxyqnGO|move: Tailwind\n|upkeep\n|\n|t:|1695390491\n|switch|p2a: Kilowattrel|Kilowattrel, M|100\/100\n|turn|5\n|\n|t:|1695390498\n|move|p1a: Yami|Quash|p2b: Shiftry\n|-activate|p2b: Shiftry|move: Quash\n|move|p2a: Kilowattrel|Tailwind|p2a: Kilowattrel\n|-sidestart|p2: yxyqnGO|move: Tailwind\n|-start|p2a: Kilowattrel|Charge|Tailwind|[from] ability: Wind Power\n|-ability|p2b: Shiftry|Wind Rider|boost\n|-boost|p2b: Shiftry|atk|1\n|move|p1b: Rookie|Snarl|p2b: Shiftry|[spread] p2a,p2b\n|-damage|p2a: Kilowattrel|56\/100\n|-damage|p2b: Shiftry|0 fnt\n|-unboost|p2a: Kilowattrel|spa|1\n|faint|p2b: Shiftry\n|\n|upkeep\n|\n|t:|1695390528\n|switch|p2b: Brambleghast|Brambleghast, F|100\/100\n|-ability|p2b: Brambleghast|Wind Rider|boost\n|-boost|p2b: Brambleghast|atk|1\n|turn|6\n|\n|t:|1695390536\n|move|p2b: Brambleghast|Shadow Sneak|p1b: Rookie\n|-damage|p1b: Rookie|0 fnt\n|faint|p1b: Rookie\n|move|p1a: Yami|Will-O-Wisp|p2b: Brambleghast\n|-status|p2b: Brambleghast|brn\n|move|p2a: Kilowattrel|Volt Switch|p1a: Yami\n|-damage|p1a: Yami|53\/100\n|-end|p2a: Kilowattrel|Charge|[silent]\n|\n|t:|1695390546\n|switch|p2a: Cramorant|Cramorant, F|100\/100|[from] Volt Switch\n|\n|-heal|p1a: Yami|59\/100|[from] item: Leftovers\n|-damage|p2b: Brambleghast|95\/100 brn|[from] brn\n|upkeep\n|\n|t:|1695390564\n|switch|p1b: Belle|Gardevoir, F, shiny|100\/100\n|-ability|p1b: Belle|Wind Rider|[from] ability: Trace|[of] p2b: Brambleghast\n|turn|7\n|\n|t:|1695390586\n|move|p2b: Brambleghast|Shadow Sneak|p1a: Yami\n|-damage|p1a: Yami|41\/100\n|move|p1a: Yami|Quash||[still]\n|-fail|p1a: Yami\n|move|p2a: Cramorant|Surf|p1b: Belle|[spread] p2b,p1a,p1b\n|-formechange|p2a: Cramorant|Cramorant-Gulping|\n|-resisted|p2b: Brambleghast\n|-damage|p2b: Brambleghast|79\/100 brn\n|-damage|p1a: Yami|16\/100\n|-damage|p1b: Belle|79\/100\n|move|p1b: Belle|Dazzling Gleam|p2b: Brambleghast|[spread] p2a,p2b\n|-damage|p2a: Cramorant|80\/100\n|-damage|p2b: Brambleghast|27\/100 brn\n|-damage|p1b: Belle|54\/100|[from] ability: Gulp Missile|[of] p2a: Cramorant\n|-unboost|p1b: Belle|def|1\n|-formechange|p2a: Cramorant|Cramorant|\n|\n|-heal|p1a: Yami|23\/100|[from] item: Leftovers\n|-damage|p2b: Brambleghast|22\/100 brn|[from] brn\n|upkeep\n|turn|8\n|inactive|yxyqnGO has 120 seconds left.\n|\n|t:|1695390629\n|move|p2b: Brambleghast|Poltergeist|p1b: Belle\n|-activate|p1b: Belle|move: Poltergeist|Choice Scarf\n|-supereffective|p1b: Belle\n|-damage|p1b: Belle|0 fnt\n|faint|p1b: Belle\n|move|p2a: Cramorant|Surf|p1a: Yami|[spread] p2b,p1a\n|-formechange|p2a: Cramorant|Cramorant-Gulping|\n|-resisted|p2b: Brambleghast\n|-damage|p2b: Brambleghast|4\/100 brn\n|-damage|p1a: Yami|0 fnt\n|faint|p1a: Yami\n|\n|-damage|p2b: Brambleghast|0 fnt|[from] brn\n|faint|p2b: Brambleghast\n|-sideend|p2: yxyqnGO|move: Tailwind\n|upkeep\n|\n|t:|1695390639\n|switch|p2b: Kilowattrel|Kilowattrel, M|56\/100\n|switch|p1b: Harbor|Blastoise, M|100\/100\n|switch|p1a: Silva|Corviknight, M, shiny|100\/100\n|turn|9\n|\n|t:|1695390663\n|detailschange|p1b: Harbor|Blastoise-Mega, M\n|-mega|p1b: Harbor|Blastoise|Blastoisinite\n|move|p2b: Kilowattrel|Thunder|p1b: Harbor|[miss]\n|-miss|p2b: Kilowattrel|p1b: Harbor\n|move|p2a: Cramorant|Air Cutter|p1b: Harbor|[spread] p1a,p1b\n|-resisted|p1a: Silva\n|-damage|p1a: Silva|95\/100\n|-damage|p1b: Harbor|88\/100\n|move|p1b: Harbor|Water Spout|p2b: Kilowattrel|[spread] p2a,p2b\n|-resisted|p2a: Cramorant\n|-damage|p2a: Cramorant|62\/100\n|-damage|p2b: Kilowattrel|0 fnt\n|-damage|p1b: Harbor|63\/100|[from] ability: Gulp Missile|[of] p2a: Cramorant\n|-unboost|p1b: Harbor|def|1\n|-formechange|p2a: Cramorant|Cramorant|\n|faint|p2b: Kilowattrel\n|move|p1a: Silva|Brave Bird|p2a: Cramorant\n|-damage|p2a: Cramorant|4\/100\n|-damage|p1a: Silva|79\/100|[from] Recoil\n|\n|upkeep\n|turn|10\n|\n|t:|1695390690\n|move|p2a: Cramorant|Surf|p1a: Silva|[spread] p1a,p1b\n|-formechange|p2a: Cramorant|Cramorant-Gorging|\n|-resisted|p1b: Harbor\n|-damage|p1a: Silva|62\/100\n|-damage|p1b: Harbor|54\/100\n|move|p1b: Harbor|Aura Sphere|p2a: Cramorant\n|-resisted|p2a: Cramorant\n|-damage|p2a: Cramorant|0 fnt\n|-damage|p1b: Harbor|29\/100|[from] ability: Gulp Missile|[of] p2a: Cramorant\n|-status|p1b: Harbor|par\n|-formechange|p2a: Cramorant|Cramorant|\n|faint|p2a: Cramorant\n|\n|win|El Ryuk456\n|raw|El Ryuk456's rating: 1247 &rarr; <strong>1278<\/strong><br \/>(+31 for winning)\n|raw|yxyqnGO's rating: 1330 &rarr; <strong>1305<\/strong><br \/>(-25 for losing)\n|l|\u2606yxyqnGO\n","uploadtime":1695390816,"views":11,"p1id":"elryuk456","p2id":"yxyqngo","formatid":"gen9nationaldexdoubles","rating":1278,"private":0,"password":""}