{"id":"gen9nationaldexdoubles-1953732018","p1":"Dyonilon","p2":"So do fj","format":"[Gen 9] National Dex Doubles","log":"|j|\u2606Dyonilon\n|j|\u2606So do fj\n|t:|1695824128\n|gametype|doubles\n|player|p1|Dyonilon|wallace|1228\n|player|p2|So do fj|lucas|1040\n|teamsize|p1|6\n|teamsize|p2|6\n|gen|9\n|tier|[Gen 9] National Dex Doubles\n|rated|\n|rule|HP Percentage Mod: HP is shown in percentages\n|rule|Endless Battle Clause: Forcing endless battles is banned\n|rule|OHKO Clause: OHKO moves are banned\n|rule|Evasion Moves Clause: Evasion moves are banned\n|rule|Evasion Abilities Clause: Evasion abilities are banned\n|rule|Species Clause: Limit one of each Pok\u00e9mon\n|rule|Gravity Sleep Clause: The combination of sleep-inducing moves with imperfect accuracy and Gravity or Gigantamax Orbeetle are banned\n|clearpoke\n|poke|p1|Ursaluna, F|\n|poke|p1|Cresselia, F|\n|poke|p1|Flutter Mane|\n|poke|p1|Tinkaton, F|\n|poke|p1|Skeledirge, F|\n|poke|p1|Palafin, M|\n|poke|p2|Blastoise, M|\n|poke|p2|Clefable, F|\n|poke|p2|Indeedee-F, F|\n|poke|p2|Mr. Mime, F|\n|poke|p2|Glastrier|\n|poke|p2|Oranguru, M|\n|teampreview\n|\n|t:|1695824140\n|start\n|switch|p1a: Cresselia|Cresselia, F|100\/100\n|switch|p1b: Ursaluna|Ursaluna, F|100\/100\n|switch|p2a: Glastrier|Glastrier|100\/100\n|switch|p2b: Indeedee|Indeedee-F, F|100\/100\n|-fieldstart|move: Psychic Terrain|[from] ability: Psychic Surge|[of] p2b: Indeedee\n|turn|1\n|inactive|Battle timer is ON: inactive players will automatically lose when time's up. (requested by Dyonilon)\n|\n|t:|1695824162\n|-terastallize|p2a: Glastrier|Ice\n|move|p2b: Indeedee|Follow Me|p2b: Indeedee\n|-singleturn|p2b: Indeedee|move: Follow Me\n|move|p1a: Cresselia|Reflect|p1a: Cresselia\n|-sidestart|p1: Dyonilon|Reflect\n|move|p1b: Ursaluna|Swords Dance|p1b: Ursaluna\n|-boost|p1b: Ursaluna|atk|2\n|move|p2a: Glastrier|Icicle Spear|p1a: Cresselia\n|-damage|p1a: Cresselia|89\/100\n|-damage|p1a: Cresselia|79\/100\n|-damage|p1a: Cresselia|68\/100\n|-damage|p1a: Cresselia|59\/100\n|-hitcount|p1a: Cresselia|4\n|\n|-status|p1b: Ursaluna|brn|[from] item: Flame Orb\n|upkeep\n|turn|2\n|\n|t:|1695824183\n|move|p2a: Glastrier|Protect|p2a: Glastrier\n|-singleturn|p2a: Glastrier|Protect\n|move|p1b: Ursaluna|Earthquake|p2a: Glastrier|[spread] p2b\n|-activate|p2a: Glastrier|move: Protect\n|-immune|p1a: Cresselia|[from] ability: Levitate\n|-enditem|p2b: Indeedee|Focus Sash\n|-damage|p2b: Indeedee|1\/100\n|move|p1a: Cresselia|Trick Room|p1a: Cresselia\n|-fieldstart|move: Trick Room|[of] p1a: Cresselia\n|move|p2b: Indeedee|Trick Room|p2b: Indeedee\n|-fieldend|move: Trick Room\n|\n|-damage|p1b: Ursaluna|94\/100 brn|[from] brn\n|upkeep\n|turn|3\n|\n|t:|1695824200\n|move|p2b: Indeedee|Follow Me|p2b: Indeedee\n|-singleturn|p2b: Indeedee|move: Follow Me\n|move|p1a: Cresselia|Lunar Blessing|p1a: Cresselia|[spread] p1a,p1b\n|-heal|p1a: Cresselia|84\/100\n|-heal|p1b: Ursaluna|100\/100 brn\n|-curestatus|p1b: Ursaluna|brn|[msg]\n|move|p1b: Ursaluna|Earthquake|p2a: Glastrier|[spread] p2a,p2b\n|-immune|p1a: Cresselia|[from] ability: Levitate\n|-damage|p2a: Glastrier|41\/100\n|-damage|p2b: Indeedee|0 fnt\n|faint|p2b: Indeedee\n|move|p2a: Glastrier|Icicle Spear|p1b: Ursaluna\n|-supereffective|p1b: Ursaluna\n|-damage|p1b: Ursaluna|80\/100\n|-supereffective|p1b: Ursaluna\n|-damage|p1b: Ursaluna|60\/100\n|-supereffective|p1b: Ursaluna\n|-damage|p1b: Ursaluna|39\/100\n|-supereffective|p1b: Ursaluna\n|-damage|p1b: Ursaluna|18\/100\n|-hitcount|p1b: Ursaluna|4\n|\n|-status|p1b: Ursaluna|brn|[from] item: Flame Orb\n|upkeep\n|inactive|So do fj has 120 seconds left.\n|\n|t:|1695824223\n|switch|p2b: Mr. Mime|Mr. Mime, F|100\/100\n|turn|4\n|\n|t:|1695824228\n|move|p2b: Mr. Mime|Wide Guard|p2b: Mr. Mime\n|-singleturn|p2b: Mr. Mime|Wide Guard\n|move|p1b: Ursaluna|Earthquake|p2a: Glastrier|[spread] \n|-activate|p2a: Glastrier|move: Wide Guard\n|-activate|p2b: Mr. Mime|move: Wide Guard\n|-immune|p1a: Cresselia|[from] ability: Levitate\n|move|p2a: Glastrier|Icicle Spear|p1b: Ursaluna\n|-supereffective|p1b: Ursaluna\n|-damage|p1b: Ursaluna|0 fnt\n|faint|p1b: Ursaluna\n|-ability|p2a: Glastrier|Chilling Neigh|boost\n|-boost|p2a: Glastrier|atk|1\n|-hitcount|p1: Ursaluna|1\n|move|p1a: Cresselia|Trick Room|p1a: Cresselia\n|-fieldstart|move: Trick Room|[of] p1a: Cresselia\n|\n|upkeep\n|\n|t:|1695824242\n|switch|p1b: Skeledirge|Skeledirge, F|100\/100\n|turn|5\n|\n|t:|1695824262\n|move|p2b: Mr. Mime|Follow Me|p2b: Mr. Mime\n|-singleturn|p2b: Mr. Mime|move: Follow Me\n|move|p2a: Glastrier|Icicle Spear|p1a: Cresselia\n|-damage|p1a: Cresselia|68\/100\n|-damage|p1a: Cresselia|52\/100\n|-damage|p1a: Cresselia|37\/100\n|-damage|p1a: Cresselia|21\/100\n|-damage|p1a: Cresselia|6\/100\n|-hitcount|p1a: Cresselia|5\n|move|p1b: Skeledirge|Torch Song|p2b: Mr. Mime\n|-immune|p2b: Mr. Mime|[from] ability: Soundproof\n|move|p1a: Cresselia|Lunar Blessing|p1a: Cresselia|[spread] p1a,p1b\n|-heal|p1a: Cresselia|31\/100\n|\n|-sideend|p1: Dyonilon|Reflect\n|-fieldend|move: Psychic Terrain\n|upkeep\n|turn|6\n|\n|t:|1695824280\n|move|p2b: Mr. Mime|Follow Me|p2b: Mr. Mime\n|-singleturn|p2b: Mr. Mime|move: Follow Me\n|move|p2a: Glastrier|Icicle Spear|p1a: Cresselia\n|-damage|p1a: Cresselia|10\/100\n|-damage|p1a: Cresselia|0 fnt\n|faint|p1a: Cresselia\n|-ability|p2a: Glastrier|Chilling Neigh|boost\n|-boost|p2a: Glastrier|atk|1\n|-hitcount|p1: Cresselia|2\n|move|p1b: Skeledirge|Torch Song|p2b: Mr. Mime\n|-immune|p2b: Mr. Mime|[from] ability: Soundproof\n|\n|upkeep\n|\n|t:|1695824291\n|switch|p1a: Tinkaton|Tinkaton, F|100\/100\n|-ability|p1a: Tinkaton|Mold Breaker\n|turn|7\n|\n|t:|1695824307\n|move|p2b: Mr. Mime|Follow Me|p2b: Mr. Mime\n|-singleturn|p2b: Mr. Mime|move: Follow Me\n|move|p2a: Glastrier|Stomping Tantrum|p1a: Tinkaton\n|-supereffective|p1a: Tinkaton\n|-damage|p1a: Tinkaton|0 fnt\n|faint|p1a: Tinkaton\n|-ability|p2a: Glastrier|Chilling Neigh|boost\n|-boost|p2a: Glastrier|atk|1\n|move|p1b: Skeledirge|Shadow Ball|p2b: Mr. Mime\n|-supereffective|p2b: Mr. Mime\n|-damage|p2b: Mr. Mime|39\/100\n|\n|upkeep\n|\n|t:|1695824318\n|switch|p1a: Palafin|Palafin, M|100\/100\n|turn|8\n|\n|t:|1695824330\n|move|p2b: Mr. Mime|Follow Me|p2b: Mr. Mime\n|-singleturn|p2b: Mr. Mime|move: Follow Me\n|move|p2a: Glastrier|Stomping Tantrum|p1b: Skeledirge\n|-supereffective|p1b: Skeledirge\n|-damage|p1b: Skeledirge|0 fnt\n|faint|p1b: Skeledirge\n|-ability|p2a: Glastrier|Chilling Neigh|boost\n|-boost|p2a: Glastrier|atk|1\n|move|p1a: Palafin|Flip Turn|p2b: Mr. Mime\n|-damage|p2b: Mr. Mime|17\/100\n|\n|t:|1695824339\n|detailschange|p1a: Palafin|Palafin-Hero, M\n|switch|p1a: Flutter Mane|Flutter Mane|100\/100|[from] Flip Turn\n|\n|-fieldend|move: Trick Room\n|upkeep\n|\n|t:|1695824344\n|switch|p1b: Palafin|Palafin-Hero, M|100\/100\n|-activate|p1b: Palafin|ability: Zero to Hero\n|turn|9\n|\n|t:|1695824358\n|move|p2a: Glastrier|Protect|p2a: Glastrier\n|-singleturn|p2a: Glastrier|Protect\n|move|p2b: Mr. Mime|Follow Me|p2b: Mr. Mime\n|-singleturn|p2b: Mr. Mime|move: Follow Me\n|move|p1b: Palafin|Jet Punch|p2b: Mr. Mime\n|-damage|p2b: Mr. Mime|0 fnt\n|faint|p2b: Mr. Mime\n|move|p1a: Flutter Mane|Mystical Fire|p2a: Glastrier\n|-activate|p2a: Glastrier|move: Protect\n|\n|upkeep\n|\n|t:|1695824371\n|switch|p2b: Oranguru|Oranguru, M|100\/100\n|turn|10\n|\n|t:|1695824378\n|move|p2b: Oranguru|Ally Switch|p2b: Oranguru\n|swap|p2b: Oranguru|0|[from] move: Ally Switch\n|move|p1b: Palafin|Jet Punch|p2b: Glastrier\n|-damage|p2b: Glastrier|16\/100\n|move|p1a: Flutter Mane|Mystical Fire|p2a: Oranguru\n|-damage|p2a: Oranguru|68\/100\n|-unboost|p2a: Oranguru|spa|1\n|-enditem|p2a: Oranguru|White Herb\n|-clearnegativeboost|p2a: Oranguru|[silent]\n|move|p2b: Glastrier|Icicle Spear|p1a: Flutter Mane\n|-crit|p1a: Flutter Mane\n|-damage|p1a: Flutter Mane|0 fnt\n|faint|p1a: Flutter Mane\n|-end|p1a: Flutter Mane|Protosynthesis|[silent]\n|-ability|p2b: Glastrier|Chilling Neigh|boost\n|-boost|p2b: Glastrier|atk|1\n|-hitcount|p1: Flutter Mane|1\n|\n|upkeep\n|turn|11\n|inactive|So do fj has 120 seconds left.\n|\n|t:|1695824411\n|move|p2b: Glastrier|Protect|p2b: Glastrier\n|-singleturn|p2b: Glastrier|Protect\n|move|p1b: Palafin|Jet Punch|p2a: Oranguru\n|-damage|p2a: Oranguru|40\/100\n|move|p2a: Oranguru|Trick Room|p2a: Oranguru\n|-fieldstart|move: Trick Room|[of] p2a: Oranguru\n|\n|upkeep\n|turn|12\n|inactive|So do fj has 120 seconds left.\n|\n|t:|1695824445\n|move|p1b: Palafin|Jet Punch|p2b: Glastrier\n|-damage|p2b: Glastrier|0 fnt\n|faint|p2b: Glastrier\n|move|p2a: Oranguru|Instruct|p2: Glastrier|[notarget]\n|-fail|p2a: Oranguru\n|\n|upkeep\n|\n|t:|1695824447\n|switch|p2b: Blastoise|Blastoise, M|100\/100\n|turn|13\n|\n|t:|1695824454\n|move|p1b: Palafin|Jet Punch|p2a: Oranguru\n|-damage|p2a: Oranguru|12\/100\n|move|p2a: Oranguru|Instruct||[still]\n|-fail|p2a: Oranguru\n|move|p2b: Blastoise|Scald|p1b: Palafin\n|-resisted|p1b: Palafin\n|-damage|p1b: Palafin|87\/100\n|\n|upkeep\n|turn|14\n|\n|t:|1695824470\n|move|p1b: Palafin|Jet Punch|p2a: Oranguru\n|-damage|p2a: Oranguru|0 fnt\n|faint|p2a: Oranguru\n|move|p2b: Blastoise|Scald|p1b: Palafin\n|-resisted|p1b: Palafin\n|-damage|p1b: Palafin|75\/100\n|\n|upkeep\n|\n|t:|1695824472\n|switch|p2a: Clefable|Clefable, F|100\/100\n|turn|15\n|\n|t:|1695824480\n|move|p2a: Clefable|Helping Hand|p2b: Blastoise\n|-singleturn|p2b: Blastoise|Helping Hand|[of] p2a: Clefable\n|move|p1b: Palafin|Jet Punch|p2a: Clefable\n|-damage|p2a: Clefable|70\/100\n|move|p2b: Blastoise|Scald|p1b: Palafin\n|-resisted|p1b: Palafin\n|-damage|p1b: Palafin|55\/100\n|-status|p1b: Palafin|brn\n|\n|-damage|p1b: Palafin|49\/100 brn|[from] brn\n|-fieldend|move: Trick Room\n|upkeep\n|turn|16\n|\n|t:|1695824496\n|move|p2a: Clefable|Helping Hand|p2b: Blastoise\n|-singleturn|p2b: Blastoise|Helping Hand|[of] p2a: Clefable\n|move|p1b: Palafin|Jet Punch|p2a: Clefable\n|-damage|p2a: Clefable|56\/100\n|move|p2b: Blastoise|Dark Pulse|p1b: Palafin\n|-damage|p1b: Palafin|21\/100 brn\n|\n|-damage|p1b: Palafin|15\/100 brn|[from] brn\n|upkeep\n|turn|17\n|\n|t:|1695824507\n|-terastallize|p1b: Palafin|Fighting\n|move|p2a: Clefable|Helping Hand|p2b: Blastoise\n|-singleturn|p2b: Blastoise|Helping Hand|[of] p2a: Clefable\n|move|p1b: Palafin|Jet Punch|p2a: Clefable\n|-damage|p2a: Clefable|41\/100\n|move|p2b: Blastoise|Dark Pulse|p1b: Palafin\n|-resisted|p1b: Palafin\n|-damage|p1b: Palafin|0 fnt\n|faint|p1b: Palafin\n|\n|win|So do fj\n|raw|Dyonilon's rating: 1228 &rarr; <strong>1191<\/strong><br \/>(-37 for losing)\n|raw|So do fj's rating: 1040 &rarr; <strong>1091<\/strong><br \/>(+51 for winning)\n","uploadtime":1695824518,"views":12,"p1id":"dyonilon","p2id":"sodofj","formatid":"gen9nationaldexdoubles","rating":1091,"private":0,"password":""}