{"id":"gen9nationaldexdoubles-1995152988","p1":"Davarv","p2":"Mistery Gold","format":"[Gen 9] National Dex Doubles","log":"|j|\u2606Davarv\n|j|\u2606Mistery Gold\n|t:|1700528487\n|gametype|doubles\n|player|p1|Davarv|giovanni|\n|player|p2|Mistery Gold|tate|\n|teamsize|p1|6\n|teamsize|p2|6\n|gen|9\n|tier|[Gen 9] National Dex Doubles\n|rule|HP Percentage Mod: HP is shown in percentages\n|rule|Endless Battle Clause: Forcing endless battles is banned\n|rule|OHKO Clause: OHKO moves are banned\n|rule|Evasion Moves Clause: Evasion moves are banned\n|rule|Evasion Abilities Clause: Evasion abilities are banned\n|rule|Species Clause: Limit one of each Pok\u00e9mon\n|rule|Gravity Sleep Clause: The combination of sleep-inducing moves with imperfect accuracy and Gravity or Gigantamax Orbeetle are banned\n|clearpoke\n|poke|p1|Pelipper, M|\n|poke|p1|Swampert, F|\n|poke|p1|Ludicolo, F|\n|poke|p1|Politoed, M|\n|poke|p1|Kartana|\n|poke|p1|Grimmsnarl, M|\n|poke|p2|Torkoal, F|\n|poke|p2|Venusaur, F|\n|poke|p2|Walking Wake|\n|poke|p2|Typhlosion-Hisui, F|\n|poke|p2|Ogerpon-Hearthflame, F|\n|poke|p2|Cresselia, F|\n|teampreview\n|c|\u2606Davarv|GL\n|\n|t:|1700528544\n|start\n|switch|p1a: Grimmsnarl|Grimmsnarl, M|100\/100\n|switch|p1b: Politoed|Politoed, M|100\/100\n|switch|p2a: Torkoal|Torkoal, F|100\/100\n|switch|p2b: Ogerpon|Ogerpon-Hearthflame, F|100\/100\n|-ability|p2b: Ogerpon|Mold Breaker\n|-weather|RainDance|[from] ability: Drizzle|[of] p1b: Politoed\n|-weather|SunnyDay|[from] ability: Drought|[of] p2a: Torkoal\n|turn|1\n|j| s.daninja\n|c| s.daninja|Oh no\n|c| s.daninja|Sol vs lluvia\n|\n|t:|1700528645\n|switch|p1b: Pelipper|Pelipper, M|100\/100\n|-weather|RainDance|[from] ability: Drizzle|[of] p1b: Pelipper\n|-terastallize|p2b: Ogerpon|Fire\n|detailschange|p2b: Ogerpon|Ogerpon-Hearthflame-Tera, F, tera:Fire\n|-ability|p2b: Ogerpon|Embody Aspect (Hearthflame)|boost\n|-boost|p2b: Ogerpon|atk|1\n|move|p1a: Grimmsnarl|Taunt|p2a: Torkoal\n|-start|p2a: Torkoal|move: Taunt\n|move|p2b: Ogerpon|Ivy Cudgel|p1a: Grimmsnarl|[anim] Ivy Cudgel Fire\n|-damage|p1a: Grimmsnarl|26\/100\n|move|p2a: Torkoal|Solar Beam||[still]\n|-prepare|p2a: Torkoal|Solar Beam\n|\n|-weather|RainDance|[upkeep]\n|upkeep\n|turn|2\n|c| s.daninja|Que miedo\n|c| s.daninja|Yo sacaria al porno de ogros\n|\n|t:|1700528686\n|move|p1a: Grimmsnarl|Reflect|p1a: Grimmsnarl\n|-sidestart|p1: Davarv|Reflect\n|move|p2b: Ogerpon|Horn Leech|p1b: Pelipper\n|-damage|p1b: Pelipper|67\/100\n|move|p1b: Pelipper|Scald|p2a: Torkoal\n|-supereffective|p2a: Torkoal\n|-damage|p2a: Torkoal|2\/100\n|move|p2a: Torkoal|Solar Beam|p1b: Pelipper|[from]lockedmove\n|-damage|p1b: Pelipper|41\/100\n|\n|-weather|RainDance|[upkeep]\n|-heal|p2a: Torkoal|8\/100|[from] item: Leftovers\n|upkeep\n|turn|3\n|c| s.daninja|Vamos gold aun puedes salvarlo sacalo se ca a morir\n|\n|t:|1700528710\n|switch|p2a: Cresselia|Cresselia, F|100\/100\n|move|p1a: Grimmsnarl|Light Screen|p1a: Grimmsnarl\n|-sidestart|p1: Davarv|move: Light Screen\n|move|p2b: Ogerpon|Ivy Cudgel|p1a: Grimmsnarl|[anim] Ivy Cudgel Fire\n|-damage|p1a: Grimmsnarl|0 fnt\n|faint|p1a: Grimmsnarl\n|move|p1b: Pelipper|Roost|p1b: Pelipper\n|-heal|p1b: Pelipper|92\/100\n|-singleturn|p1b: Pelipper|move: Roost\n|\n|-weather|RainDance|[upkeep]\n|upkeep\n|\n|t:|1700528732\n|switch|p1a: Ludicolo|Ludicolo, F|100\/100\n|turn|4\n|\n|t:|1700528752\n|move|p1a: Ludicolo|Weather Ball|p2b: Ogerpon\n|-supereffective|p2b: Ogerpon\n|-damage|p2b: Ogerpon|0 fnt\n|faint|p2b: Ogerpon\n|-damage|p1a: Ludicolo|91\/100|[from] item: Life Orb\n|move|p2a: Cresselia|Calm Mind|p2a: Cresselia\n|-boost|p2a: Cresselia|spa|1\n|-boost|p2a: Cresselia|spd|1\n|move|p1b: Pelipper|U-turn|p2a: Cresselia\n|-supereffective|p2a: Cresselia\n|-damage|p2a: Cresselia|90\/100\n|c| s.daninja|Noooo\n|\n|t:|1700528781\n|switch|p1b: Kartana|Kartana|100\/100|[from] U-turn\n|\n|-weather|RainDance|[upkeep]\n|upkeep\n|\n|t:|1700528790\n|switch|p2b: Torkoal|Torkoal, F|8\/100\n|-weather|SunnyDay|[from] ability: Drought|[of] p2b: Torkoal\n|turn|5\n|\n|t:|1700528809\n|switch|p1a: Politoed|Politoed, M|100\/100\n|-weather|RainDance|[from] ability: Drizzle|[of] p1a: Politoed\n|move|p1b: Kartana|Knock Off|p2b: Torkoal\n|-damage|p2b: Torkoal|0 fnt\n|-enditem|p2b: Torkoal|Leftovers|[from] move: Knock Off|[of] p1b: Kartana\n|faint|p2b: Torkoal\n|-ability|p1b: Kartana|Beast Boost|boost\n|-boost|p1b: Kartana|atk|1\n|move|p2a: Cresselia|Calm Mind|p2a: Cresselia\n|-boost|p2a: Cresselia|spa|1\n|-boost|p2a: Cresselia|spd|1\n|\n|-weather|RainDance|[upkeep]\n|upkeep\n|\n|t:|1700528837\n|switch|p2b: Venusaur|Venusaur, F|100\/100\n|turn|6\n|\n|t:|1700528861\n|detailschange|p2b: Venusaur|Venusaur-Mega, F\n|-mega|p2b: Venusaur|Venusaur|Venusaurite\n|move|p1b: Kartana|Knock Off|p2a: Cresselia\n|-supereffective|p2a: Cresselia\n|-damage|p2a: Cresselia|0 fnt\n|-enditem|p2a: Cresselia|Ganlon Berry|[from] move: Knock Off|[of] p1b: Kartana\n|faint|p2a: Cresselia\n|-ability|p1b: Kartana|Beast Boost|boost\n|-boost|p1b: Kartana|atk|1\n|move|p2b: Venusaur|Leech Seed|p1a: Politoed\n|-start|p1a: Politoed|move: Leech Seed\n|move|p1a: Politoed|Ice Beam|p2b: Venusaur\n|-supereffective|p2b: Venusaur\n|-damage|p2b: Venusaur|84\/100\n|\n|-weather|RainDance|[upkeep]\n|-damage|p1a: Politoed|88\/100|[from] Leech Seed|[of] p2b: Venusaur\n|-heal|p2b: Venusaur|99\/100|[silent]\n|upkeep\n|\n|t:|1700528878\n|switch|p2a: Typhlosion|Typhlosion-Hisui, F|100\/100\n|turn|7\n|\n|t:|1700528896\n|move|p2a: Typhlosion|Eruption|p1b: Kartana|[spread] p1a,p1b\n|-resisted|p1a: Politoed\n|-supereffective|p1b: Kartana\n|-damage|p1a: Politoed|79\/100\n|-enditem|p1b: Kartana|Focus Sash\n|-damage|p1b: Kartana|1\/100\n|move|p1b: Kartana|Knock Off|p2a: Typhlosion\n|-supereffective|p2a: Typhlosion\n|-damage|p2a: Typhlosion|0 fnt\n|-enditem|p2a: Typhlosion|Choice Scarf|[from] move: Knock Off|[of] p1b: Kartana\n|faint|p2a: Typhlosion\n|-ability|p1b: Kartana|Beast Boost|boost\n|-boost|p1b: Kartana|atk|1\n|move|p2b: Venusaur|Sleep Powder|p1a: Politoed|[miss]\n|-miss|p2b: Venusaur|p1a: Politoed\n|move|p1a: Politoed|Ice Beam|p2b: Venusaur\n|-supereffective|p2b: Venusaur\n|-damage|p2b: Venusaur|84\/100\n|\n|-weather|RainDance|[upkeep]\n|-heal|p1a: Politoed|85\/100|[from] item: Leftovers\n|-damage|p1a: Politoed|73\/100|[from] Leech Seed|[of] p2b: Venusaur\n|-heal|p2b: Venusaur|99\/100|[silent]\n|upkeep\n|\n|t:|1700528902\n|switch|p2a: Walking Wake|Walking Wake|100\/100\n|turn|8\n|\n|t:|1700528939\n|move|p1b: Kartana|Leaf Blade|p2a: Walking Wake\n|-damage|p2a: Walking Wake|0 fnt\n|faint|p2a: Walking Wake\n|-end|p2a: Walking Wake|Protosynthesis|[silent]\n|-ability|p1b: Kartana|Beast Boost|boost\n|-boost|p1b: Kartana|atk|1\n|move|p2b: Venusaur|Giga Drain|p1b: Kartana\n|-resisted|p1b: Kartana\n|-damage|p1b: Kartana|0 fnt\n|-heal|p2b: Venusaur|99\/100|[from] drain|[of] p1b: Kartana\n|faint|p1b: Kartana\n|move|p1a: Politoed|Ice Beam|p2b: Venusaur\n|-supereffective|p2b: Venusaur\n|-damage|p2b: Venusaur|85\/100\n|\n|-weather|RainDance|[upkeep]\n|-heal|p1a: Politoed|79\/100|[from] item: Leftovers\n|-damage|p1a: Politoed|66\/100|[from] Leech Seed|[of] p2b: Venusaur\n|-heal|p2b: Venusaur|99\/100|[silent]\n|upkeep\n|c| s.daninja|4vs1\n|\n|t:|1700528969\n|switch|p1b: Pelipper|Pelipper, M|92\/100\n|turn|9\n|c|\u2606Mistery Gold|Veamos que hace mi Venusar haora XD\n|l| s.daninja\n|\n|t:|1700529004\n|switch|p1a: Ludicolo|Ludicolo, F|91\/100\n|move|p2b: Venusaur|Sleep Powder|p1b: Pelipper|[miss]\n|-miss|p2b: Venusaur|p1b: Pelipper\n|move|p1b: Pelipper|Scald|p2b: Venusaur\n|-resisted|p2b: Venusaur\n|-damage|p2b: Venusaur|85\/100\n|-status|p2b: Venusaur|brn\n|\n|-weather|none\n|-damage|p2b: Venusaur|79\/100 brn|[from] brn\n|-sideend|p1: Davarv|Reflect\n|upkeep\n|turn|10\n|j| s.daninja\n|l| s.daninja\n|\n|t:|1700529038\n|switch|p1b: Politoed|Politoed, M|66\/100\n|-weather|RainDance|[from] ability: Drizzle|[of] p1b: Politoed\n|move|p1a: Ludicolo|Knock Off|p2b: Venusaur\n|-damage|p2b: Venusaur|69\/100 brn\n|-damage|p1a: Ludicolo|81\/100|[from] item: Life Orb\n|move|p2b: Venusaur|Leech Seed|p1b: Politoed\n|-start|p1b: Politoed|move: Leech Seed\n|\n|-weather|RainDance|[upkeep]\n|-heal|p1b: Politoed|73\/100|[from] item: Leftovers\n|-damage|p1b: Politoed|60\/100|[from] Leech Seed|[of] p2b: Venusaur\n|-heal|p2b: Venusaur|83\/100 brn|[silent]\n|-damage|p2b: Venusaur|77\/100 brn|[from] brn\n|-sideend|p1: Davarv|move: Light Screen\n|upkeep\n|turn|11\n|j| s.daninja\n|\n|t:|1700529054\n|switch|p1b: Pelipper|Pelipper, M|92\/100\n|move|p1a: Ludicolo|Ice Beam|p2b: Venusaur\n|-supereffective|p2b: Venusaur\n|-damage|p2b: Venusaur|48\/100 brn\n|-damage|p1a: Ludicolo|71\/100|[from] item: Life Orb\n|move|p2b: Venusaur|Giga Drain|p1b: Pelipper\n|-damage|p1b: Pelipper|49\/100\n|-heal|p2b: Venusaur|69\/100 brn|[from] drain|[of] p1b: Pelipper\n|\n|-weather|RainDance|[upkeep]\n|-damage|p2b: Venusaur|63\/100 brn|[from] brn\n|upkeep\n|turn|12\n|c| s.daninja|Waos\n|\n|t:|1700529083\n|move|p1a: Ludicolo|Ice Beam|p2b: Venusaur\n|-supereffective|p2b: Venusaur\n|-damage|p2b: Venusaur|36\/100 brn\n|-damage|p1a: Ludicolo|61\/100|[from] item: Life Orb\n|move|p2b: Venusaur|Sleep Powder|p1b: Pelipper\n|-status|p1b: Pelipper|slp|[from] move: Sleep Powder\n|cant|p1b: Pelipper|slp\n|\n|-weather|RainDance|[upkeep]\n|-damage|p2b: Venusaur|30\/100 brn|[from] brn\n|upkeep\n|turn|13\n|\n|t:|1700529098\n|move|p1a: Ludicolo|Ice Beam|p2b: Venusaur\n|-supereffective|p2b: Venusaur\n|-damage|p2b: Venusaur|1\/100 brn\n|-damage|p1a: Ludicolo|51\/100|[from] item: Life Orb\n|move|p2b: Venusaur|Giga Drain|p1a: Ludicolo\n|-damage|p1a: Ludicolo|18\/100\n|-heal|p2b: Venusaur|16\/100 brn|[from] drain|[of] p1a: Ludicolo\n|-curestatus|p1b: Pelipper|slp|[msg]\n|move|p1b: Pelipper|Scald|p2b: Venusaur\n|-resisted|p2b: Venusaur\n|-damage|p2b: Venusaur|1\/100 brn\n|\n|-weather|RainDance|[upkeep]\n|-damage|p2b: Venusaur|0 fnt|[from] brn\n|faint|p2b: Venusaur\n|\n|win|Davarv\n|upkeep\n|c|\u2606Davarv|gg\n","uploadtime":1700529123,"views":21,"p1id":"davarv","p2id":"misterygold","formatid":"gen9nationaldexdoubles","rating":0,"private":0,"password":""}