{"id":"gen9nationaldexdoubles-1949246709","p1":"Thalassophobia","p2":"wizard_gang","format":"[Gen 9] National Dex Doubles","log":"|j|\u2606Thalassophobia\n|j|\u2606wizard_gang\n|t:|1695339310\n|gametype|doubles\n|player|p1|Thalassophobia|pokekid|1012\n|player|p2|wizard_gang|102|1091\n|teamsize|p1|6\n|teamsize|p2|6\n|gen|9\n|tier|[Gen 9] National Dex Doubles\n|rated|\n|rule|HP Percentage Mod: HP is shown in percentages\n|rule|Endless Battle Clause: Forcing endless battles is banned\n|rule|OHKO Clause: OHKO moves are banned\n|rule|Evasion Moves Clause: Evasion moves are banned\n|rule|Evasion Abilities Clause: Evasion abilities are banned\n|rule|Species Clause: Limit one of each Pok\u00e9mon\n|rule|Gravity Sleep Clause: The combination of sleep-inducing moves with imperfect accuracy and Gravity or Gigantamax Orbeetle are banned\n|clearpoke\n|poke|p1|Umbreon, M|\n|poke|p1|Vaporeon, M|\n|poke|p1|Breloom, F|\n|poke|p1|Sylveon, M|\n|poke|p1|Milotic, F|\n|poke|p1|Zoroark, F|\n|poke|p2|Fezandipiti, M|\n|poke|p2|Flutter Mane|\n|poke|p2|Chi-Yu|\n|poke|p2|Cresselia, F|\n|poke|p2|Greninja-*, M|\n|poke|p2|Zapdos-Galar|\n|teampreview\n|inactive|Battle timer is ON: inactive players will automatically lose when time's up. (requested by Thalassophobia)\n|\n|t:|1695339323\n|start\n|switch|p1a: Milotic|Milotic, F|100\/100\n|switch|p1b: Vaporeon|Vaporeon, M|100\/100\n|switch|p2a: Flutter Mane|Flutter Mane|100\/100\n|switch|p2b: Chi-Yu|Chi-Yu|100\/100\n|-ability|p2b: Chi-Yu|Beads of Ruin\n|-enditem|p2a: Flutter Mane|Booster Energy\n|-activate|p2a: Flutter Mane|ability: Protosynthesis|[fromitem]\n|-start|p2a: Flutter Mane|protosynthesisspe\n|turn|1\n|\n|t:|1695339352\n|switch|p2b: Cresselia|Cresselia, F|100\/100\n|move|p2a: Flutter Mane|Icy Wind|p1b: Vaporeon|[spread] p1a,p1b\n|-resisted|p1a: Milotic\n|-resisted|p1b: Vaporeon\n|-damage|p1a: Milotic|94\/100\n|-damage|p1b: Vaporeon|94\/100\n|-unboost|p1a: Milotic|spe|1\n|-unboost|p1b: Vaporeon|spe|1\n|move|p1a: Milotic|Surf|p2a: Flutter Mane|[spread] p2a,p2b\n|-heal|p1b: Vaporeon|100\/100|[from] ability: Water Absorb|[of] p1a: Milotic\n|-damage|p2a: Flutter Mane|67\/100\n|-damage|p2b: Cresselia|86\/100\n|move|p1b: Vaporeon|Scald|p2b: Cresselia\n|-crit|p2b: Cresselia\n|-damage|p2b: Cresselia|58\/100\n|\n|-heal|p2b: Cresselia|64\/100|[from] item: Leftovers\n|upkeep\n|turn|2\n|\n|t:|1695339377\n|move|p2a: Flutter Mane|Icy Wind|p1b: Vaporeon|[spread] p1a,p1b\n|-resisted|p1a: Milotic\n|-resisted|p1b: Vaporeon\n|-damage|p1a: Milotic|88\/100\n|-damage|p1b: Vaporeon|95\/100\n|-unboost|p1a: Milotic|spe|1\n|-unboost|p1b: Vaporeon|spe|1\n|move|p2b: Cresselia|Lunar Blessing|p2b: Cresselia|[spread] p2a,p2b\n|-heal|p2a: Flutter Mane|92\/100\n|-heal|p2b: Cresselia|89\/100\n|move|p1a: Milotic|Surf|p2a: Flutter Mane|[spread] p2a,p2b\n|-heal|p1b: Vaporeon|100\/100|[from] ability: Water Absorb|[of] p1a: Milotic\n|-damage|p2a: Flutter Mane|62\/100\n|-damage|p2b: Cresselia|75\/100\n|move|p1b: Vaporeon|Hyper Voice|p2a: Flutter Mane|[spread] p2b\n|-immune|p2a: Flutter Mane\n|-damage|p2b: Cresselia|63\/100\n|\n|-heal|p2b: Cresselia|69\/100|[from] item: Leftovers\n|upkeep\n|turn|3\n|inactive|Thalassophobia has 120 seconds left.\n|inactive|wizard_gang has 120 seconds left.\n|\n|t:|1695339415\n|-end|p2a: Flutter Mane|Protosynthesis|[silent]\n|switch|p2a: Greninja|Greninja, M|100\/100\n|switch|p1b: Umbreon|Umbreon, M, shiny|100\/100\n|move|p2b: Cresselia|Lunar Blessing|p2b: Cresselia|[spread] p2a,p2b\n|-heal|p2b: Cresselia|94\/100\n|move|p1a: Milotic|Toxic|p2b: Cresselia\n|-status|p2b: Cresselia|tox\n|\n|-heal|p2b: Cresselia|99\/100 tox|[from] item: Leftovers\n|-damage|p2b: Cresselia|94\/100 tox|[from] psn\n|upkeep\n|turn|4\n|inactive|Thalassophobia has 120 seconds left.\n|\n|t:|1695339438\n|-terastallize|p1b: Umbreon|Flying\n|move|p2a: Greninja|Mat Block|p2a: Greninja\n|-singleturn|p2a: Greninja|Mat Block\n|move|p1b: Umbreon|Calm Mind|p1b: Umbreon\n|-boost|p1b: Umbreon|spa|1\n|-boost|p1b: Umbreon|spd|1\n|move|p2b: Cresselia|Dazzling Gleam|p1a: Milotic|[spread] p1a,p1b\n|-damage|p1a: Milotic|78\/100\n|-damage|p1b: Umbreon|95\/100\n|move|p1a: Milotic|Draining Kiss|p2a: Greninja\n|-activate|p2a: Greninja|move: Mat Block|Draining Kiss\n|\n|-heal|p1b: Umbreon|100\/100|[from] item: Leftovers\n|-heal|p2b: Cresselia|99\/100 tox|[from] item: Leftovers\n|-damage|p2b: Cresselia|88\/100 tox|[from] psn\n|upkeep\n|turn|5\n|\n|t:|1695339465\n|switch|p2b: Fezandipiti|Fezandipiti, M|100\/100\n|move|p2a: Greninja|Ice Beam|p1b: Umbreon\n|-supereffective|p1b: Umbreon\n|-damage|p1b: Umbreon|76\/100\n|move|p1b: Umbreon|Calm Mind|p1b: Umbreon\n|-boost|p1b: Umbreon|spa|1\n|-boost|p1b: Umbreon|spd|1\n|move|p1a: Milotic|Draining Kiss|p2a: Greninja\n|-supereffective|p2a: Greninja\n|-damage|p2a: Greninja|56\/100\n|-heal|p1a: Milotic|100\/100|[from] drain|[of] p2a: Greninja\n|\n|-heal|p1b: Umbreon|82\/100|[from] item: Leftovers\n|upkeep\n|turn|6\n|\n|t:|1695339492\n|move|p2a: Greninja|Endure|p2a: Greninja\n|-singleturn|p2a: Greninja|move: Endure\n|move|p2b: Fezandipiti|Toxic|p1b: Umbreon\n|-status|p1b: Umbreon|tox\n|move|p1b: Umbreon|Baton Pass|p1b: Umbreon\n|inactive|Thalassophobia has 120 seconds left.\n|\n|t:|1695339508\n|switch|p1b: Sylveon|Sylveon, M|100\/100|[from] Baton Pass\n|move|p1a: Milotic|Draining Kiss|p2a: Greninja\n|-supereffective|p2a: Greninja\n|-damage|p2a: Greninja|9\/100\n|\n|upkeep\n|turn|7\n|\n|t:|1695339533\n|move|p2b: Fezandipiti|Protect|p2b: Fezandipiti\n|-singleturn|p2b: Fezandipiti|Protect\n|move|p2a: Greninja|Surf|p1b: Sylveon|[spread] p1a,p1b\n|-activate|p2b: Fezandipiti|move: Protect\n|-resisted|p1a: Milotic\n|-damage|p1a: Milotic|79\/100\n|-damage|p1b: Sylveon|88\/100\n|move|p1b: Sylveon|Dazzling Gleam|p2a: Greninja|[spread] p2a\n|-activate|p2b: Fezandipiti|move: Protect\n|-supereffective|p2a: Greninja\n|-damage|p2a: Greninja|0 fnt\n|faint|p2a: Greninja\n|move|p1a: Milotic|Draining Kiss|p2b: Fezandipiti\n|-activate|p2b: Fezandipiti|move: Protect\n|\n|upkeep\n|inactive|wizard_gang has 120 seconds left.\n|\n|t:|1695339546\n|switch|p2a: Zapdos|Zapdos-Galar|100\/100\n|turn|8\n|inactive|wizard_gang has 120 seconds left.\n|inactive|Thalassophobia has 120 seconds left.\n|\n|t:|1695339579\n|switch|p1a: Umbreon|Umbreon, M, shiny, tera:Flying|82\/100 tox\n|move|p2a: Zapdos|Brave Bird|p1b: Sylveon\n|-damage|p1b: Sylveon|12\/100\n|-damage|p2a: Zapdos|70\/100|[from] Recoil\n|move|p2b: Fezandipiti|Toxic|p1b: Sylveon\n|-status|p1b: Sylveon|tox\n|move|p1b: Sylveon|Hyper Voice|p2a: Zapdos|[spread] p2a,p2b\n|-supereffective|p2a: Zapdos\n|-resisted|p2b: Fezandipiti\n|-damage|p2a: Zapdos|0 fnt\n|-damage|p2b: Fezandipiti|79\/100\n|faint|p2a: Zapdos\n|\n|-heal|p2b: Fezandipiti|85\/100|[from] item: Leftovers\n|-heal|p1a: Umbreon|88\/100 tox|[from] item: Leftovers\n|-damage|p1a: Umbreon|82\/100 tox|[from] psn\n|-damage|p1b: Sylveon|6\/100 tox|[from] psn\n|upkeep\n|inactive|wizard_gang has 120 seconds left.\n|\n|t:|1695339595\n|switch|p2a: Flutter Mane|Flutter Mane|62\/100\n|turn|9\n|\n|t:|1695339605\n|switch|p1b: Vaporeon|Vaporeon, M|100\/100\n|move|p2a: Flutter Mane|Icy Wind|p1a: Umbreon|[spread] p1a,p1b\n|-supereffective|p1a: Umbreon\n|-resisted|p1b: Vaporeon\n|-damage|p1a: Umbreon|61\/100 tox\n|-damage|p1b: Vaporeon|95\/100\n|-unboost|p1a: Umbreon|spe|1\n|-unboost|p1b: Vaporeon|spe|1\n|move|p2b: Fezandipiti|Taunt|p1a: Umbreon\n|-start|p1a: Umbreon|move: Taunt\n|cant|p1a: Umbreon|move: Taunt|Wish\n|\n|-heal|p2b: Fezandipiti|92\/100|[from] item: Leftovers\n|-heal|p1b: Vaporeon|100\/100|[from] item: Leftovers\n|-heal|p1a: Umbreon|68\/100 tox|[from] item: Leftovers\n|-damage|p1a: Umbreon|55\/100 tox|[from] psn\n|upkeep\n|turn|10\n|\n|t:|1695339630\n|switch|p1a: Breloom|Breloom, F|100\/100\n|move|p2a: Flutter Mane|Icy Wind|p1a: Breloom|[spread] p1a,p1b\n|-supereffective|p1a: Breloom\n|-resisted|p1b: Vaporeon\n|-damage|p1a: Breloom|55\/100\n|-damage|p1b: Vaporeon|95\/100\n|-unboost|p1a: Breloom|spe|1\n|-unboost|p1b: Vaporeon|spe|1\n|move|p2b: Fezandipiti|Toxic|p1b: Vaporeon\n|-status|p1b: Vaporeon|tox\n|move|p1b: Vaporeon|Heal Bell|p1b: Vaporeon\n|-activate|p1b: Vaporeon|move: Heal Bell\n|-curestatus|p1b: Vaporeon|tox|[msg]\n|-curestatus|p1: Sylveon|tox|[msg]\n|-curestatus|p1: Umbreon|tox|[msg]\n|\n|-heal|p2b: Fezandipiti|98\/100|[from] item: Leftovers\n|-heal|p1b: Vaporeon|100\/100|[from] item: Leftovers\n|-status|p1a: Breloom|tox|[from] item: Toxic Orb\n|upkeep\n|turn|11\n|inactive|Thalassophobia has 120 seconds left.\n|\n|t:|1695339660\n|move|p1a: Breloom|Protect|p1a: Breloom\n|-singleturn|p1a: Breloom|Protect\n|move|p2a: Flutter Mane|Icy Wind|p1b: Vaporeon|[spread] p1b\n|-activate|p1a: Breloom|move: Protect\n|-resisted|p1b: Vaporeon\n|-damage|p1b: Vaporeon|95\/100\n|-unboost|p1b: Vaporeon|spe|1\n|move|p2b: Fezandipiti|Taunt|p1b: Vaporeon\n|-start|p1b: Vaporeon|move: Taunt\n|move|p1b: Vaporeon|Scald|p2a: Flutter Mane\n|-damage|p2a: Flutter Mane|22\/100\n|\n|-heal|p2b: Fezandipiti|100\/100|[from] item: Leftovers\n|-heal|p1b: Vaporeon|100\/100|[from] item: Leftovers\n|-heal|p1a: Breloom|68\/100 tox|[from] ability: Poison Heal\n|upkeep\n|turn|12\n|\n|t:|1695339685\n|move|p2a: Flutter Mane|Icy Wind|p1a: Breloom|[spread] p1a,p1b\n|-supereffective|p1a: Breloom\n|-resisted|p1b: Vaporeon\n|-damage|p1a: Breloom|20\/100 tox\n|-damage|p1b: Vaporeon|95\/100\n|-unboost|p1a: Breloom|spe|1\n|-unboost|p1b: Vaporeon|spe|1\n|move|p2b: Fezandipiti|Toxic|p1b: Vaporeon\n|-status|p1b: Vaporeon|tox\n|move|p1a: Breloom|Spore|p2b: Fezandipiti\n|-status|p2b: Fezandipiti|slp|[from] move: Spore\n|move|p1b: Vaporeon|Scald|p2a: Flutter Mane\n|-crit|p2a: Flutter Mane\n|-damage|p2a: Flutter Mane|0 fnt\n|faint|p2a: Flutter Mane\n|-end|p2a: Flutter Mane|Protosynthesis|[silent]\n|\n|-heal|p1b: Vaporeon|100\/100 tox|[from] item: Leftovers\n|-heal|p1a: Breloom|32\/100 tox|[from] ability: Poison Heal\n|-damage|p1b: Vaporeon|94\/100 tox|[from] psn\n|upkeep\n|\n|t:|1695339697\n|switch|p2a: Chi-Yu|Chi-Yu|100\/100\n|-ability|p2a: Chi-Yu|Beads of Ruin\n|turn|13\n|\n|t:|1695339714\n|-terastallize|p2a: Chi-Yu|Ghost\n|move|p1a: Breloom|Protect|p1a: Breloom\n|-singleturn|p1a: Breloom|Protect\n|move|p2a: Chi-Yu|Heat Wave|p1a: Breloom|[spread] \n|-activate|p1a: Breloom|move: Protect\n|-miss|p2a: Chi-Yu|p1b: Vaporeon\n|cant|p2b: Fezandipiti|slp\n|move|p1b: Vaporeon|Scald|p2a: Chi-Yu\n|-damage|p2a: Chi-Yu|57\/100\n|\n|-heal|p1b: Vaporeon|100\/100 tox|[from] item: Leftovers\n|-heal|p1a: Breloom|44\/100 tox|[from] ability: Poison Heal\n|-damage|p1b: Vaporeon|88\/100 tox|[from] psn\n|-end|p1b: Vaporeon|move: Taunt\n|upkeep\n|turn|14\n|\n|t:|1695339740\n|switch|p2a: Cresselia|Cresselia, F|88\/100 tox\n|switch|p1a: Umbreon|Umbreon, M, shiny, tera:Flying|55\/100\n|-curestatus|p2b: Fezandipiti|slp|[msg]\n|move|p2b: Fezandipiti|Taunt|p1b: Vaporeon\n|-start|p1b: Vaporeon|move: Taunt\n|cant|p1b: Vaporeon|move: Taunt|Heal Bell\n|\n|-heal|p1a: Umbreon|61\/100|[from] item: Leftovers\n|-heal|p2a: Cresselia|94\/100 tox|[from] item: Leftovers\n|-heal|p1b: Vaporeon|94\/100 tox|[from] item: Leftovers\n|-damage|p2a: Cresselia|88\/100 tox|[from] psn\n|-damage|p1b: Vaporeon|75\/100 tox|[from] psn\n|upkeep\n|turn|15\n|\n|t:|1695339766\n|move|p2b: Fezandipiti|Toxic|p1a: Umbreon\n|-status|p1a: Umbreon|tox\n|move|p1a: Umbreon|Hyper Voice|p2a: Cresselia|[spread] p2a,p2b\n|-damage|p2a: Cresselia|83\/100 tox\n|-damage|p2b: Fezandipiti|95\/100\n|move|p2a: Cresselia|Lunar Blessing|p2a: Cresselia|[spread] p2a,p2b\n|-heal|p2a: Cresselia|100\/100 tox\n|-curestatus|p2a: Cresselia|tox|[msg]\n|-heal|p2b: Fezandipiti|100\/100\n|move|p1b: Vaporeon|Hyper Voice|p2b: Fezandipiti|[spread] p2a,p2b\n|-damage|p2a: Cresselia|89\/100\n|-damage|p2b: Fezandipiti|89\/100\n|\n|-heal|p2b: Fezandipiti|95\/100|[from] item: Leftovers\n|-heal|p1a: Umbreon|68\/100 tox|[from] item: Leftovers\n|-heal|p2a: Cresselia|95\/100|[from] item: Leftovers\n|-heal|p1b: Vaporeon|82\/100 tox|[from] item: Leftovers\n|-damage|p1a: Umbreon|61\/100 tox|[from] psn\n|-damage|p1b: Vaporeon|57\/100 tox|[from] psn\n|upkeep\n|turn|16\n|\n|t:|1695339796\n|switch|p2a: Chi-Yu|Chi-Yu, tera:Ghost|57\/100\n|-ability|p2a: Chi-Yu|Beads of Ruin\n|switch|p1b: Breloom|Breloom, F|100\/100\n|move|p2b: Fezandipiti|Taunt|p1a: Umbreon\n|-start|p1a: Umbreon|move: Taunt\n|cant|p1a: Umbreon|move: Taunt|Wish\n|\n|-heal|p2b: Fezandipiti|100\/100|[from] item: Leftovers\n|-heal|p1a: Umbreon|68\/100 tox|[from] item: Leftovers\n|-damage|p1a: Umbreon|55\/100 tox|[from] psn\n|upkeep\n|turn|17\n|\n|t:|1695339825\n|switch|p1a: Vaporeon|Vaporeon, M|57\/100 tox\n|move|p1b: Breloom|Dark Pulse|p2a: Chi-Yu\n|-supereffective|p2a: Chi-Yu\n|-damage|p2a: Chi-Yu|0 fnt\n|faint|p2a: Chi-Yu\n|move|p2b: Fezandipiti|Taunt|p1b: Breloom\n|-start|p1b: Breloom|move: Taunt\n|\n|-heal|p1a: Vaporeon|63\/100 tox|[from] item: Leftovers\n|-damage|p1a: Vaporeon|57\/100 tox|[from] psn\n|upkeep\n|\n|t:|1695339835\n|switch|p2a: Cresselia|Cresselia, F|95\/100\n|turn|18\n|\n|t:|1695339853\n|move|p2a: Cresselia|Ally Switch|p2a: Cresselia\n|swap|p2a: Cresselia|1|[from] move: Ally Switch\n|move|p1b: Breloom|Dark Pulse|p2a: Fezandipiti\n|-resisted|p2a: Fezandipiti\n|-damage|p2a: Fezandipiti|89\/100\n|move|p2a: Fezandipiti|Taunt|p1a: Vaporeon\n|-start|p1a: Vaporeon|move: Taunt\n|move|p1a: Vaporeon|Ice Beam|p2b: Cresselia\n|-damage|p2b: Cresselia|81\/100\n|\n|-heal|p2a: Fezandipiti|95\/100|[from] item: Leftovers\n|-heal|p1a: Vaporeon|63\/100 tox|[from] item: Leftovers\n|-heal|p2b: Cresselia|87\/100|[from] item: Leftovers\n|-damage|p1a: Vaporeon|50\/100 tox|[from] psn\n|upkeep\n|turn|19\n|\n|t:|1695339874\n|move|p1b: Breloom|Dark Pulse|p2b: Cresselia\n|-supereffective|p2b: Cresselia\n|-damage|p2b: Cresselia|46\/100\n|move|p2a: Fezandipiti|Tailwind|p2a: Fezandipiti\n|-sidestart|p2: wizard_gang|move: Tailwind\n|move|p2b: Cresselia|Dazzling Gleam|p1b: Breloom|[spread] p1a,p1b\n|-supereffective|p1b: Breloom\n|-crit|p1b: Breloom\n|-damage|p1a: Vaporeon|42\/100 tox\n|-damage|p1b: Breloom|38\/100\n|replace|p1b: Zoroark|Zoroark, F\n|-end|p1b: Zoroark|Illusion\n|move|p1a: Vaporeon|Ice Beam|p2b: Cresselia\n|-damage|p2b: Cresselia|32\/100\n|\n|-heal|p2a: Fezandipiti|100\/100|[from] item: Leftovers\n|-heal|p2b: Cresselia|39\/100|[from] item: Leftovers\n|-heal|p1a: Vaporeon|48\/100 tox|[from] item: Leftovers\n|-damage|p1a: Vaporeon|30\/100 tox|[from] psn\n|upkeep\n|turn|20\n|\n|t:|1695339902\n|switch|p1b: Breloom|Breloom, F|44\/100 tox\n|switch|p1a: Milotic|Milotic, F|79\/100\n|move|p2a: Fezandipiti|Toxic|p1b: Breloom\n|-fail|p1b: Breloom|tox\n|move|p2b: Cresselia|Lunar Blessing|p2b: Cresselia|[spread] p2a,p2b\n|-heal|p2b: Cresselia|64\/100\n|\n|-heal|p2b: Cresselia|70\/100|[from] item: Leftovers\n|-heal|p1b: Breloom|57\/100 tox|[from] ability: Poison Heal\n|upkeep\n|turn|21\n|\n|t:|1695339925\n|switch|p1b: Vaporeon|Vaporeon, M|30\/100 tox\n|move|p2b: Cresselia|Ally Switch|p2b: Cresselia\n|swap|p2b: Cresselia|0|[from] move: Ally Switch\n|move|p2b: Fezandipiti|Taunt|p1b: Vaporeon\n|-start|p1b: Vaporeon|move: Taunt\n|move|p1a: Milotic|Surf|p2a: Cresselia|[spread] p2a,p2b\n|-heal|p1b: Vaporeon|55\/100 tox|[from] ability: Water Absorb|[of] p1a: Milotic\n|-damage|p2a: Cresselia|54\/100\n|-damage|p2b: Fezandipiti|84\/100\n|\n|-heal|p2b: Fezandipiti|90\/100|[from] item: Leftovers\n|-heal|p2a: Cresselia|60\/100|[from] item: Leftovers\n|-heal|p1b: Vaporeon|61\/100 tox|[from] item: Leftovers\n|-damage|p1b: Vaporeon|55\/100 tox|[from] psn\n|upkeep\n|turn|22\n|\n|t:|1695339946\n|switch|p1b: Breloom|Breloom, F|57\/100 tox\n|move|p2b: Fezandipiti|Toxic|p1a: Milotic\n|-status|p1a: Milotic|tox\n|move|p2a: Cresselia|Lunar Blessing|p2a: Cresselia|[spread] p2a,p2b\n|-heal|p2a: Cresselia|85\/100\n|-heal|p2b: Fezandipiti|100\/100\n|move|p1a: Milotic|Surf|p2a: Cresselia|[spread] p1b,p2a,p2b\n|-resisted|p1b: Breloom\n|-damage|p1b: Breloom|33\/100 tox\n|-damage|p2a: Cresselia|72\/100\n|-damage|p2b: Fezandipiti|83\/100\n|\n|-heal|p2b: Fezandipiti|89\/100|[from] item: Leftovers\n|-heal|p2a: Cresselia|78\/100|[from] item: Leftovers\n|-damage|p1a: Milotic|73\/100 tox|[from] psn\n|-heal|p1b: Breloom|46\/100 tox|[from] ability: Poison Heal\n|-sideend|p2: wizard_gang|move: Tailwind\n|upkeep\n|turn|23\n|\n|t:|1695339965\n|move|p1b: Breloom|Protect|p1b: Breloom\n|-singleturn|p1b: Breloom|Protect\n|move|p1a: Milotic|Toxic|p2a: Cresselia\n|-status|p2a: Cresselia|tox\n|move|p2b: Fezandipiti|Taunt|p1b: Breloom\n|-activate|p1b: Breloom|move: Protect\n|move|p2a: Cresselia|Dazzling Gleam|p1a: Milotic|[spread] p1a\n|-activate|p1b: Breloom|move: Protect\n|-damage|p1a: Milotic|64\/100 tox\n|\n|-heal|p2b: Fezandipiti|95\/100|[from] item: Leftovers\n|-heal|p2a: Cresselia|84\/100 tox|[from] item: Leftovers\n|-damage|p1a: Milotic|52\/100 tox|[from] psn\n|-heal|p1b: Breloom|58\/100 tox|[from] ability: Poison Heal\n|-damage|p2a: Cresselia|78\/100 tox|[from] psn\n|upkeep\n|turn|24\n|\n|t:|1695339994\n|switch|p1a: Milotic|Milotic, F|38\/100\n|move|p2b: Fezandipiti|Taunt|p1b: Breloom\n|-start|p1b: Breloom|move: Taunt\n|cant|p1b: Breloom|move: Taunt|Spore\n|move|p2a: Cresselia|Dazzling Gleam|p1b: Breloom|[spread] p1a,p1b\n|-supereffective|p1a: Milotic\n|-supereffective|p1b: Breloom\n|-damage|p1a: Milotic|0 fnt\n|-damage|p1b: Breloom|22\/100 tox\n|replace|p1a: Zoroark|Zoroark, F\n|-end|p1a: Zoroark|Illusion\n|faint|p1a: Zoroark\n|\n|-heal|p2b: Fezandipiti|100\/100|[from] item: Leftovers\n|-heal|p2a: Cresselia|84\/100 tox|[from] item: Leftovers\n|-heal|p1b: Breloom|34\/100 tox|[from] ability: Poison Heal\n|-damage|p2a: Cresselia|72\/100 tox|[from] psn\n|upkeep\n|inactive|Thalassophobia has 120 seconds left.\n|\n|t:|1695340005\n|switch|p1a: Vaporeon|Vaporeon, M|55\/100 tox\n|turn|25\n|\n|t:|1695340020\n|move|p2b: Fezandipiti|Taunt|p1a: Vaporeon\n|-start|p1a: Vaporeon|move: Taunt\n|move|p1b: Breloom|Drain Punch|p2a: Cresselia\n|-resisted|p2a: Cresselia\n|-damage|p2a: Cresselia|60\/100 tox\n|-heal|p1b: Breloom|43\/100 tox|[from] drain|[of] p2a: Cresselia\n|move|p1a: Vaporeon|Hyper Voice|p2b: Fezandipiti|[spread] p2a,p2b\n|-damage|p2a: Cresselia|48\/100 tox\n|-damage|p2b: Fezandipiti|88\/100\n|move|p2a: Cresselia|Dazzling Gleam|p1a: Vaporeon|[spread] p1a,p1b\n|-supereffective|p1b: Breloom\n|-damage|p1a: Vaporeon|47\/100 tox\n|-damage|p1b: Breloom|9\/100 tox\n|\n|-heal|p2b: Fezandipiti|94\/100|[from] item: Leftovers\n|-heal|p1a: Vaporeon|53\/100 tox|[from] item: Leftovers\n|-heal|p2a: Cresselia|54\/100 tox|[from] item: Leftovers\n|-heal|p1b: Breloom|22\/100 tox|[from] ability: Poison Heal\n|-damage|p1a: Vaporeon|47\/100 tox|[from] psn\n|-damage|p2a: Cresselia|36\/100 tox|[from] psn\n|upkeep\n|turn|26\n|inactive|Thalassophobia has 120 seconds left.\n|\n|t:|1695340050\n|switch|p1b: Milotic|Milotic, F|52\/100 tox\n|switch|p1a: Umbreon|Umbreon, M, shiny, tera:Flying|55\/100 tox\n|move|p2b: Fezandipiti|Tailwind|p2b: Fezandipiti\n|-sidestart|p2: wizard_gang|move: Tailwind\n|move|p2a: Cresselia|Lunar Blessing|p2a: Cresselia|[spread] p2a,p2b\n|-heal|p2a: Cresselia|61\/100 tox\n|-curestatus|p2a: Cresselia|tox|[msg]\n|-heal|p2b: Fezandipiti|100\/100\n|\n|-heal|p2a: Cresselia|67\/100|[from] item: Leftovers\n|-heal|p1a: Umbreon|61\/100 tox|[from] item: Leftovers\n|-damage|p1b: Milotic|46\/100 tox|[from] psn\n|-damage|p1a: Umbreon|55\/100 tox|[from] psn\n|upkeep\n|turn|27\n|\n|t:|1695340078\n|move|p2b: Fezandipiti|Taunt|p1a: Umbreon\n|-start|p1a: Umbreon|move: Taunt\n|move|p2a: Cresselia|Dazzling Gleam|p1b: Milotic|[spread] p1a,p1b\n|-damage|p1a: Umbreon|47\/100 tox\n|-damage|p1b: Milotic|36\/100 tox\n|move|p1b: Milotic|Toxic|p2a: Cresselia\n|-status|p2a: Cresselia|tox\n|move|p1a: Umbreon|Hyper Voice|p2b: Fezandipiti|[spread] p2a,p2b\n|-damage|p2a: Cresselia|62\/100 tox\n|-damage|p2b: Fezandipiti|95\/100\n|\n|-heal|p2b: Fezandipiti|100\/100|[from] item: Leftovers\n|-heal|p2a: Cresselia|68\/100 tox|[from] item: Leftovers\n|-heal|p1a: Umbreon|53\/100 tox|[from] item: Leftovers\n|-damage|p2a: Cresselia|62\/100 tox|[from] psn\n|-damage|p1b: Milotic|24\/100 tox|[from] psn\n|-damage|p1a: Umbreon|41\/100 tox|[from] psn\n|upkeep\n|turn|28\n|\n|t:|1695340098\n|switch|p1a: Vaporeon|Vaporeon, M|47\/100 tox\n|move|p2b: Fezandipiti|Taunt|p1b: Milotic\n|-start|p1b: Milotic|move: Taunt\n|move|p2a: Cresselia|Dazzling Gleam|p1a: Vaporeon|[spread] p1a,p1b\n|-damage|p1a: Vaporeon|38\/100 tox\n|-damage|p1b: Milotic|15\/100 tox\n|move|p1b: Milotic|Surf|p2b: Fezandipiti|[spread] p2a,p2b\n|-heal|p1a: Vaporeon|63\/100 tox|[from] ability: Water Absorb|[of] p1b: Milotic\n|-damage|p2a: Cresselia|47\/100 tox\n|-damage|p2b: Fezandipiti|84\/100\n|\n|-heal|p2b: Fezandipiti|90\/100|[from] item: Leftovers\n|-heal|p2a: Cresselia|53\/100 tox|[from] item: Leftovers\n|-heal|p1a: Vaporeon|69\/100 tox|[from] item: Leftovers\n|-damage|p2a: Cresselia|41\/100 tox|[from] psn\n|-damage|p1b: Milotic|0 fnt|[from] psn\n|faint|p1b: Milotic\n|-damage|p1a: Vaporeon|63\/100 tox|[from] psn\n|upkeep\n|\n|t:|1695340105\n|switch|p1b: Sylveon|Sylveon, M|6\/100\n|turn|29\n|\n|t:|1695340118\n|move|p2b: Fezandipiti|Toxic|p1b: Sylveon\n|-status|p1b: Sylveon|tox\n|move|p2a: Cresselia|Lunar Blessing|p2a: Cresselia|[spread] p2a,p2b\n|-heal|p2a: Cresselia|66\/100 tox\n|-curestatus|p2a: Cresselia|tox|[msg]\n|-heal|p2b: Fezandipiti|100\/100\n|move|p1a: Vaporeon|Heal Bell|p1a: Vaporeon\n|-activate|p1a: Vaporeon|move: Heal Bell\n|-curestatus|p1a: Vaporeon|tox|[msg]\n|-curestatus|p1b: Sylveon|tox|[msg]\n|-curestatus|p1: Umbreon|tox|[msg]\n|-curestatus|p1: Breloom|tox|[msg]\n|move|p1b: Sylveon|Hyper Voice|p2a: Cresselia|[spread] p2a,p2b\n|-resisted|p2b: Fezandipiti\n|-damage|p2a: Cresselia|48\/100\n|-damage|p2b: Fezandipiti|88\/100\n|\n|-heal|p2b: Fezandipiti|94\/100|[from] item: Leftovers\n|-heal|p2a: Cresselia|54\/100|[from] item: Leftovers\n|-heal|p1a: Vaporeon|69\/100|[from] item: Leftovers\n|-sideend|p2: wizard_gang|move: Tailwind\n|upkeep\n|turn|30\n|\n|t:|1695340142\n|move|p2b: Fezandipiti|Taunt|p1a: Vaporeon\n|-start|p1a: Vaporeon|move: Taunt\n|move|p1a: Vaporeon|Scald|p2a: Cresselia\n|-damage|p2a: Cresselia|34\/100\n|-status|p2a: Cresselia|brn\n|move|p2a: Cresselia|Dazzling Gleam|p1a: Vaporeon|[spread] p1a,p1b\n|-damage|p1a: Vaporeon|60\/100\n|-damage|p1b: Sylveon|1\/100\n|move|p1b: Sylveon|Mystical Fire|p2a: Cresselia\n|-damage|p2a: Cresselia|21\/100 brn\n|-unboost|p2a: Cresselia|spa|1\n|\n|-heal|p2b: Fezandipiti|100\/100|[from] item: Leftovers\n|-heal|p1a: Vaporeon|67\/100|[from] item: Leftovers\n|-heal|p2a: Cresselia|27\/100 brn|[from] item: Leftovers\n|-damage|p2a: Cresselia|21\/100 brn|[from] brn\n|upkeep\n|turn|31\n|\n|t:|1695340160\n|move|p2b: Fezandipiti|Tailwind|p2b: Fezandipiti\n|-sidestart|p2: wizard_gang|move: Tailwind\n|move|p2a: Cresselia|Lunar Blessing|p2a: Cresselia|[spread] p2a,p2b\n|-heal|p2a: Cresselia|46\/100 brn\n|-curestatus|p2a: Cresselia|brn|[msg]\n|move|p1a: Vaporeon|Scald|p2a: Cresselia\n|-damage|p2a: Cresselia|26\/100\n|move|p1b: Sylveon|Hyper Voice|p2b: Fezandipiti|[spread] p2a,p2b\n|-resisted|p2b: Fezandipiti\n|-damage|p2a: Cresselia|4\/100\n|-damage|p2b: Fezandipiti|89\/100\n|\n|-heal|p2b: Fezandipiti|95\/100|[from] item: Leftovers\n|-heal|p2a: Cresselia|10\/100|[from] item: Leftovers\n|-heal|p1a: Vaporeon|73\/100|[from] item: Leftovers\n|upkeep\n|turn|32\n|\n|t:|1695340173\n|move|p2b: Fezandipiti|Toxic|p1a: Vaporeon\n|-status|p1a: Vaporeon|tox\n|move|p2a: Cresselia|Dazzling Gleam|p1b: Sylveon|[spread] p1a,p1b\n|-damage|p1a: Vaporeon|68\/100 tox\n|-damage|p1b: Sylveon|0 fnt\n|faint|p1b: Sylveon\n|move|p1a: Vaporeon|Scald|p2a: Cresselia\n|-damage|p2a: Cresselia|0 fnt\n|faint|p2a: Cresselia\n|\n|-heal|p2b: Fezandipiti|100\/100|[from] item: Leftovers\n|-heal|p1a: Vaporeon|74\/100 tox|[from] item: Leftovers\n|-damage|p1a: Vaporeon|68\/100 tox|[from] psn\n|-end|p1a: Vaporeon|move: Taunt\n|upkeep\n|\n|t:|1695340178\n|switch|p1b: Breloom|Breloom, F|22\/100\n|turn|33\n|\n|t:|1695340201\n|move|p1b: Breloom|Protect|p1b: Breloom\n|-singleturn|p1b: Breloom|Protect\n|move|p2b: Fezandipiti|Taunt|p1b: Breloom\n|-activate|p1b: Breloom|move: Protect\n|move|p1a: Vaporeon|Heal Bell|p1a: Vaporeon\n|-activate|p1a: Vaporeon|move: Heal Bell\n|-curestatus|p1a: Vaporeon|tox|[msg]\n|\n|-heal|p1a: Vaporeon|74\/100|[from] item: Leftovers\n|-status|p1b: Breloom|tox|[from] item: Toxic Orb\n|upkeep\n|turn|34\n|\n|t:|1695340216\n|move|p2b: Fezandipiti|Taunt|p1b: Breloom\n|-start|p1b: Breloom|move: Taunt\n|cant|p1b: Breloom|move: Taunt|Spore\n|move|p1a: Vaporeon|Ice Beam|p2b: Fezandipiti\n|-damage|p2b: Fezandipiti|83\/100\n|\n|-heal|p2b: Fezandipiti|89\/100|[from] item: Leftovers\n|-heal|p1a: Vaporeon|80\/100|[from] item: Leftovers\n|-heal|p1b: Breloom|34\/100 tox|[from] ability: Poison Heal\n|-sideend|p2: wizard_gang|move: Tailwind\n|upkeep\n|turn|35\n|\n|t:|1695340233\n|switch|p1b: Umbreon|Umbreon, M, shiny, tera:Flying|41\/100\n|move|p2b: Fezandipiti|Taunt|p1a: Vaporeon\n|-start|p1a: Vaporeon|move: Taunt\n|move|p1a: Vaporeon|Scald|p2b: Fezandipiti\n|-damage|p2b: Fezandipiti|65\/100\n|-status|p2b: Fezandipiti|brn\n|\n|-heal|p2b: Fezandipiti|71\/100 brn|[from] item: Leftovers\n|-heal|p1b: Umbreon|47\/100|[from] item: Leftovers\n|-heal|p1a: Vaporeon|87\/100|[from] item: Leftovers\n|-damage|p2b: Fezandipiti|65\/100 brn|[from] brn\n|upkeep\n|turn|36\n|\n|t:|1695340242\n|move|p2b: Fezandipiti|Toxic|p1b: Umbreon\n|-status|p1b: Umbreon|tox\n|move|p1b: Umbreon|Wish|p1b: Umbreon\n|move|p1a: Vaporeon|Scald|p2b: Fezandipiti\n|-damage|p2b: Fezandipiti|43\/100 brn\n|\n|-heal|p2b: Fezandipiti|49\/100 brn|[from] item: Leftovers\n|-heal|p1a: Vaporeon|93\/100|[from] item: Leftovers\n|-heal|p1b: Umbreon|53\/100 tox|[from] item: Leftovers\n|-damage|p1b: Umbreon|47\/100 tox|[from] psn\n|-damage|p2b: Fezandipiti|43\/100 brn|[from] brn\n|upkeep\n|turn|37\n|\n|t:|1695340250\n|move|p2b: Fezandipiti|Taunt|p1b: Umbreon\n|-start|p1b: Umbreon|move: Taunt\n|move|p1a: Vaporeon|Scald|p2b: Fezandipiti\n|-damage|p2b: Fezandipiti|20\/100 brn\n|cant|p1b: Umbreon|move: Taunt|Calm Mind\n|\n|-heal|p1b: Umbreon|97\/100 tox|[from] move: Wish|[wisher] Umbreon\n|-heal|p2b: Fezandipiti|26\/100 brn|[from] item: Leftovers\n|-heal|p1a: Vaporeon|99\/100|[from] item: Leftovers\n|-heal|p1b: Umbreon|100\/100 tox|[from] item: Leftovers\n|-damage|p1b: Umbreon|88\/100 tox|[from] psn\n|-damage|p2b: Fezandipiti|20\/100 brn|[from] brn\n|-end|p1a: Vaporeon|move: Taunt\n|upkeep\n|turn|38\n|\n|t:|1695340262\n|move|p2b: Fezandipiti|Taunt|p1a: Vaporeon\n|-start|p1a: Vaporeon|move: Taunt\n|move|p1b: Umbreon|Hyper Voice|p2b: Fezandipiti\n|-damage|p2b: Fezandipiti|12\/100 brn\n|move|p1a: Vaporeon|Scald|p2b: Fezandipiti\n|-damage|p2b: Fezandipiti|0 fnt\n|faint|p2b: Fezandipiti\n|\n|win|Thalassophobia\n|raw|Thalassophobia's rating: 1012 &rarr; <strong>1059<\/strong><br \/>(+47 for winning)\n|raw|wizard_gang's rating: 1091 &rarr; <strong>1062<\/strong><br \/>(-29 for losing)\n|c|\u2606Thalassophobia|gg\n|c|\u2606wizard_gang|bro that was so tense\n|c|\u2606wizard_gang|gg\n|c|\u2606Thalassophobia|lol\n|c|\u2606wizard_gang|I cant even be mad\n|c|\u2606Thalassophobia|:D\n|c|\u2606wizard_gang|ggs man ggs\n|c|\u2606wizard_gang|funny af fight\n|c|\u2606Thalassophobia|ye\n|l|\u2606Thalassophobia\n","uploadtime":1695340299,"views":17,"p1id":"thalassophobia","p2id":"wizardgang","formatid":"gen9nationaldexdoubles","rating":1059,"private":0,"password":""}