{"id":"gen9nationaldexdoubles-1992376636","p1":"Rykkouga369","p2":"kitsu-aria","format":"[Gen 9] National Dex Doubles","log":"|j|\u2606Rykkouga369\n|j|\u2606kitsu-aria\n|t:|1700180464\n|gametype|doubles\n|player|p1|Rykkouga369|koga|1421\n|player|p2|kitsu-aria|roxie|1649\n|teamsize|p1|6\n|teamsize|p2|6\n|gen|9\n|tier|[Gen 9] National Dex Doubles\n|rated|\n|rule|HP Percentage Mod: HP is shown in percentages\n|rule|Endless Battle Clause: Forcing endless battles is banned\n|rule|OHKO Clause: OHKO moves are banned\n|rule|Evasion Moves Clause: Evasion moves are banned\n|rule|Evasion Abilities Clause: Evasion abilities are banned\n|rule|Species Clause: Limit one of each Pok\u00e9mon\n|rule|Gravity Sleep Clause: The combination of sleep-inducing moves with imperfect accuracy and Gravity or Gigantamax Orbeetle are banned\n|clearpoke\n|poke|p1|Whimsicott, F|\n|poke|p1|Greninja-*, M|\n|poke|p1|Incineroar, M|\n|poke|p1|Metagross|\n|poke|p1|Tapu Koko|\n|poke|p1|Marshadow|\n|poke|p2|Grimmsnarl, M|\n|poke|p2|Excadrill, F|\n|poke|p2|Dracovish|\n|poke|p2|Tyranitar, F|\n|poke|p2|Glimmora, M|\n|poke|p2|Marshadow|\n|teampreview\n|\n|t:|1700180481\n|start\n|switch|p1a: Marshadow|Marshadow|100\/100\n|switch|p1b: Greninja|Greninja, M|100\/100\n|switch|p2a: Marshadow|Marshadow|100\/100\n|switch|p2b: Grimmsnarl|Grimmsnarl, M|100\/100\n|turn|1\n|\n|t:|1700180504\n|move|p2a: Marshadow|Protect|p2a: Marshadow\n|-singleturn|p2a: Marshadow|Protect\n|-zpower|p1a: Marshadow\n|move|p1a: Marshadow|Soul-Stealing 7-Star Strike|p2a: Marshadow|[zeffect]\n|-supereffective|p2a: Marshadow\n|-zbroken|p2a: Marshadow\n|-damage|p2a: Marshadow|43\/100\n|move|p1b: Greninja|Scald|p2b: Grimmsnarl\n|-damage|p2b: Grimmsnarl|73\/100\n|move|p2b: Grimmsnarl|Spirit Break|p1a: Marshadow\n|-supereffective|p1a: Marshadow\n|-damage|p1a: Marshadow|22\/100\n|-unboost|p1a: Marshadow|spa|1\n|\n|upkeep\n|turn|2\n|\n|t:|1700180532\n|switch|p2a: Glimmora|Glimmora, M|100\/100\n|switch|p1b: Metagross|Metagross, shiny|100\/100\n|move|p1a: Marshadow|Shadow Sneak|p2a: Glimmora\n|-damage|p2a: Glimmora|68\/100\n|-activate|p2a: Glimmora|ability: Toxic Debris\n|-sidestart|p1: Rykkouga369|move: Toxic Spikes\n|move|p2b: Grimmsnarl|Reflect|p2b: Grimmsnarl\n|-sidestart|p2: kitsu-aria|Reflect\n|\n|upkeep\n|turn|3\n|\n|t:|1700180562\n|switch|p1a: Greninja|Greninja, M|100\/100\n|-status|p1a: Greninja|psn\n|switch|p2a: Excadrill|Excadrill, F|100\/100\n|detailschange|p1b: Metagross|Metagross-Mega, shiny\n|-mega|p1b: Metagross|Metagross|Metagrossite\n|move|p1b: Metagross|Iron Head|p2b: Grimmsnarl\n|-supereffective|p2b: Grimmsnarl\n|-damage|p2b: Grimmsnarl|0 fnt\n|faint|p2b: Grimmsnarl\n|\n|-damage|p1a: Greninja|88\/100 psn|[from] psn\n|upkeep\n|\n|t:|1700180581\n|switch|p2b: Tyranitar|Tyranitar, F|100\/100\n|-weather|Sandstorm|[from] ability: Sand Stream|[of] p2b: Tyranitar\n|turn|4\n|\n|t:|1700180594\n|move|p2a: Excadrill|High Horsepower|p1b: Metagross\n|-supereffective|p1b: Metagross\n|-damage|p1b: Metagross|14\/100\n|move|p1a: Greninja|Scald|p2a: Excadrill\n|-supereffective|p2a: Excadrill\n|-damage|p2a: Excadrill|7\/100\n|-status|p2a: Excadrill|brn\n|move|p1b: Metagross|Iron Head|p2a: Excadrill\n|-resisted|p2a: Excadrill\n|-damage|p2a: Excadrill|0 fnt\n|faint|p2a: Excadrill\n|move|p2b: Tyranitar|Stealth Rock|p1a: Greninja\n|-sidestart|p1: Rykkouga369|move: Stealth Rock\n|\n|-weather|Sandstorm|[upkeep]\n|-damage|p1a: Greninja|82\/100 psn|[from] Sandstorm\n|-damage|p1a: Greninja|70\/100 psn|[from] psn\n|upkeep\n|\n|t:|1700180609\n|switch|p2a: Dracovish|Dracovish|100\/100\n|turn|5\n|\n|t:|1700180620\n|move|p2a: Dracovish|Leech Life|p1a: Greninja\n|-supereffective|p1a: Greninja\n|-damage|p1a: Greninja|0 fnt\n|faint|p1a: Greninja\n|-damage|p2a: Dracovish|91\/100|[from] item: Life Orb\n|move|p1b: Metagross|Zen Headbutt|p2a: Dracovish\n|-damage|p2a: Dracovish|48\/100\n|move|p2b: Tyranitar|Knock Off|p1b: Metagross\n|-supereffective|p1b: Metagross\n|-damage|p1b: Metagross|0 fnt\n|faint|p1b: Metagross\n|\n|-weather|Sandstorm|[upkeep]\n|upkeep\n|\n|t:|1700180633\n|switch|p1a: Whimsicott|Whimsicott, F|100\/100\n|switch|p1b: Tapu Koko|Tapu Koko, shiny|100\/100\n|-status|p1b: Tapu Koko|psn\n|-damage|p1b: Tapu Koko|88\/100 psn|[from] Stealth Rock\n|-fieldstart|move: Electric Terrain|[from] ability: Electric Surge|[of] p1b: Tapu Koko\n|-status|p1a: Whimsicott|psn\n|-damage|p1a: Whimsicott|88\/100 psn|[from] Stealth Rock\n|turn|6\n|\n|t:|1700180644\n|move|p2a: Dracovish|Protect|p2a: Dracovish\n|-singleturn|p2a: Dracovish|Protect\n|move|p1a: Whimsicott|Tailwind|p1a: Whimsicott\n|-sidestart|p1: Rykkouga369|move: Tailwind\n|move|p1b: Tapu Koko|Dazzling Gleam|p2a: Dracovish|[spread] p2b\n|-activate|p2a: Dracovish|move: Protect\n|-supereffective|p2b: Tyranitar\n|-damage|p2b: Tyranitar|78\/100\n|move|p2b: Tyranitar|Knock Off|p1b: Tapu Koko\n|-resisted|p1b: Tapu Koko\n|-damage|p1b: Tapu Koko|56\/100 psn\n|-enditem|p1b: Tapu Koko|Covert Cloak|[from] move: Knock Off|[of] p2b: Tyranitar\n|\n|-weather|Sandstorm|[upkeep]\n|-damage|p1b: Tapu Koko|50\/100 psn|[from] Sandstorm\n|-damage|p1a: Whimsicott|82\/100 psn|[from] Sandstorm\n|-damage|p1b: Tapu Koko|38\/100 psn|[from] psn\n|-damage|p1a: Whimsicott|70\/100 psn|[from] psn\n|upkeep\n|turn|7\n|\n|t:|1700180677\n|switch|p2a: Glimmora|Glimmora, M|68\/100\n|move|p1b: Tapu Koko|Dazzling Gleam|p2b: Tyranitar|[spread] p2a,p2b\n|-resisted|p2a: Glimmora\n|-supereffective|p2b: Tyranitar\n|-damage|p2a: Glimmora|62\/100\n|-damage|p2b: Tyranitar|56\/100\n|move|p1a: Whimsicott|Giga Drain|p2b: Tyranitar\n|-supereffective|p2b: Tyranitar\n|-damage|p2b: Tyranitar|40\/100\n|-heal|p1a: Whimsicott|80\/100 psn|[from] drain|[of] p2b: Tyranitar\n|-enditem|p2b: Tyranitar|Sitrus Berry|[eat]\n|-heal|p2b: Tyranitar|65\/100|[from] item: Sitrus Berry\n|move|p2b: Tyranitar|Knock Off|p1b: Tapu Koko\n|-resisted|p1b: Tapu Koko\n|-damage|p1b: Tapu Koko|19\/100 psn\n|\n|-weather|Sandstorm|[upkeep]\n|-damage|p1b: Tapu Koko|13\/100 psn|[from] Sandstorm\n|-damage|p1a: Whimsicott|74\/100 psn|[from] Sandstorm\n|-damage|p1b: Tapu Koko|1\/100 psn|[from] psn\n|-damage|p1a: Whimsicott|62\/100 psn|[from] psn\n|upkeep\n|turn|8\n|\n|t:|1700180718\n|-terastallize|p1a: Whimsicott|Water\n|move|p1b: Tapu Koko|Dazzling Gleam|p2b: Tyranitar|[spread] p2a,p2b\n|-resisted|p2a: Glimmora\n|-supereffective|p2b: Tyranitar\n|-damage|p2a: Glimmora|55\/100\n|-damage|p2b: Tyranitar|45\/100\n|move|p1a: Whimsicott|Giga Drain|p2a: Glimmora\n|-damage|p2a: Glimmora|45\/100\n|-heal|p1a: Whimsicott|68\/100 psn|[from] drain|[of] p2a: Glimmora\n|move|p2a: Glimmora|Power Gem|p1a: Whimsicott\n|-damage|p1a: Whimsicott|2\/100 psn\n|-enditem|p1a: Whimsicott|Sitrus Berry|[eat]\n|-heal|p1a: Whimsicott|27\/100 psn|[from] item: Sitrus Berry\n|move|p2b: Tyranitar|Knock Off|p1a: Whimsicott\n|-damage|p1a: Whimsicott|1\/100 psn\n|\n|-weather|none\n|-damage|p1b: Tapu Koko|0 fnt|[from] psn\n|faint|p1b: Tapu Koko\n|-damage|p1a: Whimsicott|0 fnt|[from] psn\n|faint|p1a: Whimsicott\n|upkeep\n|\n|t:|1700180736\n|switch|p1b: Marshadow|Marshadow|22\/100\n|switch|p1a: Incineroar|Incineroar, M|100\/100\n|-status|p1b: Marshadow|psn\n|-damage|p1b: Marshadow|16\/100 psn|[from] Stealth Rock\n|-status|p1a: Incineroar|psn\n|-damage|p1a: Incineroar|76\/100 psn|[from] Stealth Rock\n|-ability|p1a: Incineroar|Intimidate|boost\n|-unboost|p2a: Glimmora|atk|1\n|-unboost|p2b: Tyranitar|atk|1\n|turn|9\n|\n|t:|1700180756\n|move|p2b: Tyranitar|Protect|p2b: Tyranitar\n|-singleturn|p2b: Tyranitar|Protect\n|move|p1a: Incineroar|Fake Out|p2b: Tyranitar\n|-activate|p2b: Tyranitar|move: Protect\n|move|p1b: Marshadow|Spectral Thief|p2a: Glimmora\n|-damage|p2a: Glimmora|14\/100\n|-activate|p2a: Glimmora|ability: Toxic Debris\n|-sidestart|p1: Rykkouga369|move: Toxic Spikes\n|move|p2a: Glimmora|Power Gem|p1a: Incineroar\n|-supereffective|p1a: Incineroar\n|-damage|p1a: Incineroar|2\/100 psn\n|\n|-heal|p1a: Incineroar|8\/100 psn|[from] item: Leftovers\n|-damage|p1b: Marshadow|3\/100 psn|[from] psn\n|-damage|p1a: Incineroar|0 fnt|[from] psn\n|faint|p1a: Incineroar\n|-sideend|p2: kitsu-aria|Reflect\n|-sideend|p1: Rykkouga369|move: Tailwind\n|upkeep\n|turn|10\n|-message|Rykkouga369 forfeited.\n|\n|win|kitsu-aria\n|raw|Rykkouga369's rating: 1421 &rarr; <strong>1413<\/strong><br \/>(-8 for losing)\n|raw|kitsu-aria's rating: 1649 &rarr; <strong>1657<\/strong><br \/>(+8 for winning)\n|l|\u2606Rykkouga369\n","uploadtime":1700180777,"views":22,"p1id":"rykkouga369","p2id":"kitsuaria","formatid":"gen9nationaldexdoubles","rating":1413,"private":0,"password":""}