{"id":"gen9nationaldexdoubles-1980477138","p1":"OrangeLord","p2":"Omgoddard","format":"[Gen 9] National Dex Doubles","log":"|j|\u2606OrangeLord\n|j|\u2606Omgoddard\n|t:|1698788624\n|gametype|doubles\n|player|p1|OrangeLord|will|1304\n|player|p2|Omgoddard|hilda-wonderlauncher|1046\n|teamsize|p1|6\n|teamsize|p2|6\n|gen|9\n|tier|[Gen 9] National Dex Doubles\n|rated|\n|rule|HP Percentage Mod: HP is shown in percentages\n|rule|Endless Battle Clause: Forcing endless battles is banned\n|rule|OHKO Clause: OHKO moves are banned\n|rule|Evasion Moves Clause: Evasion moves are banned\n|rule|Evasion Abilities Clause: Evasion abilities are banned\n|rule|Species Clause: Limit one of each Pok\u00e9mon\n|rule|Gravity Sleep Clause: The combination of sleep-inducing moves with imperfect accuracy and Gravity or Gigantamax Orbeetle are banned\n|clearpoke\n|poke|p1|Bouffalant, M|\n|poke|p1|Arboliva, M|\n|poke|p1|Farigiraf, F|\n|poke|p1|Ursaluna, F|\n|poke|p1|Bewear, M|\n|poke|p1|Snorlax, M|\n|poke|p2|Tyranitar, M|\n|poke|p2|Arcanine-Hisui, M|\n|poke|p2|Sinistcha-Masterpiece|\n|poke|p2|Iron Hands|\n|poke|p2|Sylveon, F|\n|poke|p2|Arboliva, F|\n|teampreview\n|\n|t:|1698788639\n|start\n|switch|p1a: Farigiraf|Farigiraf, F, shiny|100\/100\n|switch|p1b: Bewear|Bewear, M, shiny|100\/100\n|switch|p2a: Arboliva|Arboliva, F, shiny|100\/100\n|switch|p2b: Arcanine|Arcanine-Hisui, M, shiny|100\/100\n|-ability|p2b: Arcanine|Intimidate|boost\n|-unboost|p1a: Farigiraf|atk|1\n|-unboost|p1b: Bewear|atk|1\n|turn|1\n|inactive|Battle timer is ON: inactive players will automatically lose when time's up. (requested by Omgoddard)\n|inactive|OrangeLord has 120 seconds left.\n|\n|t:|1698788673\n|switch|p2b: Candy|Sylveon, F, shiny|100\/100\n|move|p1a: Farigiraf|Psyshock|p2a: Arboliva\n|-damage|p2a: Arboliva|64\/100\n|-fieldstart|move: Grassy Terrain|[from] ability: Seed Sower|[of] p2a: Arboliva\n|move|p2a: Arboliva|Strength Sap|p1b: Bewear\n|-unboost|p1b: Bewear|atk|1\n|-heal|p2a: Arboliva|100\/100\n|move|p1b: Bewear|Bulk Up|p1b: Bewear\n|-boost|p1b: Bewear|atk|1\n|-boost|p1b: Bewear|def|1\n|\n|upkeep\n|turn|2\n|\n|t:|1698788694\n|move|p1b: Bewear|Wide Guard|p1b: Bewear\n|-singleturn|p1b: Bewear|Wide Guard\n|move|p2b: Candy|Hyper Voice|p1a: Farigiraf|[spread] \n|-activate|p1a: Farigiraf|move: Wide Guard\n|-activate|p1b: Bewear|move: Wide Guard\n|move|p1a: Farigiraf|Psyshock|p2b: Candy\n|-damage|p2b: Candy|61\/100\n|move|p2a: Arboliva|Leech Seed|p1a: Farigiraf\n|-start|p1a: Farigiraf|move: Leech Seed\n|\n|-heal|p2b: Candy|67\/100|[from] Grassy Terrain\n|-damage|p1a: Farigiraf|88\/100|[from] Leech Seed|[of] p2a: Arboliva\n|upkeep\n|turn|3\n|\n|t:|1698788724\n|switch|p1a: Bouffalant|Bouffalant, M, shiny|100\/100\n|move|p2b: Candy|Protect|p2b: Candy\n|-singleturn|p2b: Candy|Protect\n|move|p1b: Bewear|Wide Guard|p1b: Bewear\n|-singleturn|p1b: Bewear|Wide Guard\n|move|p2a: Arboliva|Earth Power|p1a: Bouffalant\n|-damage|p1a: Bouffalant|77\/100\n|\n|-heal|p1a: Bouffalant|83\/100|[from] Grassy Terrain\n|-heal|p1a: Bouffalant|89\/100|[from] item: Leftovers\n|-heal|p2b: Candy|73\/100|[from] Grassy Terrain\n|upkeep\n|turn|4\n|\n|t:|1698788749\n|switch|p2b: Arcanine|Arcanine-Hisui, M, shiny|100\/100\n|-ability|p2b: Arcanine|Intimidate|boost\n|-unboost|p1a: Bouffalant|atk|1\n|-unboost|p1b: Bewear|atk|1\n|move|p1b: Bewear|Wide Guard|p1b: Bewear\n|-singleturn|p1b: Bewear|Wide Guard\n|move|p1a: Bouffalant|Head Charge|p2a: Arboliva\n|-damage|p2a: Arboliva|53\/100\n|-damage|p1a: Bouffalant|78\/100|[from] Recoil\n|move|p2a: Arboliva|Leech Seed|p1b: Bewear\n|-start|p1b: Bewear|move: Leech Seed\n|\n|-heal|p1a: Bouffalant|85\/100|[from] Grassy Terrain\n|-heal|p1a: Bouffalant|91\/100|[from] item: Leftovers\n|-heal|p2a: Arboliva|59\/100|[from] Grassy Terrain\n|-damage|p1b: Bewear|88\/100|[from] Leech Seed|[of] p2a: Arboliva\n|-heal|p2a: Arboliva|75\/100|[silent]\n|upkeep\n|turn|5\n|\n|t:|1698788776\n|switch|p1b: Arboliva|Arboliva, M|100\/100\n|move|p2b: Arcanine|Stealth Rock|p1a: Bouffalant\n|-sidestart|p1: OrangeLord|move: Stealth Rock\n|move|p1a: Bouffalant|Swords Dance|p1a: Bouffalant\n|-boost|p1a: Bouffalant|atk|2\n|move|p2a: Arboliva|Strength Sap|p1a: Bouffalant\n|-unboost|p1a: Bouffalant|atk|1\n|-heal|p2a: Arboliva|100\/100\n|\n|-heal|p1a: Bouffalant|97\/100|[from] Grassy Terrain\n|-heal|p1a: Bouffalant|100\/100|[from] item: Leftovers\n|-fieldend|move: Grassy Terrain\n|upkeep\n|turn|6\n|\n|t:|1698788802\n|switch|p2b: Brian hands|Iron Hands|100\/100\n|move|p1a: Bouffalant|Swords Dance|p1a: Bouffalant\n|-boost|p1a: Bouffalant|atk|2\n|move|p2a: Arboliva|Leech Seed|p1a: Bouffalant|[miss]\n|-miss|p2a: Arboliva|p1a: Bouffalant\n|move|p1b: Arboliva|Earth Power|p2b: Brian hands\n|-supereffective|p2b: Brian hands\n|-damage|p2b: Brian hands|70\/100\n|-unboost|p2b: Brian hands|spd|1\n|\n|upkeep\n|turn|7\n|\n|t:|1698788820\n|move|p2b: Brian hands|Fake Out|p1a: Bouffalant\n|-damage|p1a: Bouffalant|85\/100\n|cant|p1a: Bouffalant|flinch\n|move|p1b: Arboliva|Dazzling Gleam|p2b: Brian hands|[spread] p2a,p2b\n|-supereffective|p2b: Brian hands\n|-damage|p2a: Arboliva|84\/100\n|-damage|p2b: Brian hands|35\/100\n|-fieldstart|move: Grassy Terrain|[from] ability: Seed Sower|[of] p2a: Arboliva\n|move|p2a: Arboliva|Leech Seed|p1a: Bouffalant\n|-start|p1a: Bouffalant|move: Leech Seed\n|\n|-heal|p1a: Bouffalant|91\/100|[from] Grassy Terrain\n|-heal|p1a: Bouffalant|97\/100|[from] item: Leftovers\n|-heal|p2b: Brian hands|41\/100|[from] Grassy Terrain\n|-heal|p2a: Arboliva|90\/100|[from] Grassy Terrain\n|-damage|p1a: Bouffalant|85\/100|[from] Leech Seed|[of] p2a: Arboliva\n|-heal|p2a: Arboliva|100\/100|[silent]\n|upkeep\n|turn|8\n|inactive|Omgoddard has 120 seconds left.\n|\n|t:|1698788865\n|switch|p2a: Sinistcha|Sinistcha-Masterpiece|100\/100\n|-heal|p2b: Brian hands|66\/100|[from] ability: Hospitality|[of] p2a: Sinistcha\n|move|p1a: Bouffalant|Head Charge|p2a: Sinistcha\n|-immune|p2a: Sinistcha\n|move|p2b: Brian hands|Drain Punch|p1a: Bouffalant\n|-supereffective|p1a: Bouffalant\n|-damage|p1a: Bouffalant|6\/100\n|-heal|p2b: Brian hands|95\/100|[from] drain|[of] p1a: Bouffalant\n|move|p1b: Arboliva|Giga Drain|p2b: Brian hands\n|-damage|p2b: Brian hands|54\/100\n|\n|-heal|p1a: Bouffalant|12\/100|[from] Grassy Terrain\n|-heal|p1a: Bouffalant|18\/100|[from] item: Leftovers\n|-heal|p2b: Brian hands|60\/100|[from] Grassy Terrain\n|-damage|p1a: Bouffalant|6\/100|[from] Leech Seed|[of] p2a: Sinistcha\n|upkeep\n|turn|9\n|inactive|Omgoddard has 120 seconds left.\n|\n|t:|1698788904\n|-end|p2b: Brian hands|Quark Drive|[silent]\n|switch|p2b: Arcanine|Arcanine-Hisui, M, shiny|100\/100\n|-ability|p2b: Arcanine|Intimidate|boost\n|-unboost|p1a: Bouffalant|atk|1\n|-unboost|p1b: Arboliva|atk|1\n|move|p2a: Sinistcha|Matcha Gotcha|p1b: Arboliva|[spread] p1a,p1b\n|-resisted|p1b: Arboliva\n|-damage|p1a: Bouffalant|0 fnt\n|-damage|p1b: Arboliva|91\/100\n|faint|p1a: Bouffalant\n|move|p1b: Arboliva|Earth Power|p2b: Arcanine\n|-supereffective|p2b: Arcanine\n|-damage|p2b: Arcanine|0 fnt\n|faint|p2b: Arcanine\n|\n|-heal|p1b: Arboliva|97\/100|[from] Grassy Terrain\n|upkeep\n|inactive|Omgoddard has 120 seconds left.\n|\n|t:|1698788928\n|switch|p2b: Arboliva|Arboliva, F, shiny|100\/100\n|switch|p1a: Snorlax|Snorlax, M, shiny|100\/100\n|-damage|p1a: Snorlax|88\/100|[from] Stealth Rock\n|turn|10\n|inactive|Omgoddard has 120 seconds left.\n|\n|t:|1698788957\n|move|p2a: Sinistcha|Stun Spore|p1a: Snorlax\n|-status|p1a: Snorlax|par\n|move|p1b: Arboliva|Dazzling Gleam|p2b: Arboliva|[spread] p2a,p2b\n|-crit|p2a: Sinistcha\n|-damage|p2a: Sinistcha|69\/100\n|-damage|p2b: Arboliva|86\/100\n|move|p2b: Arboliva|Hyper Voice|p1a: Snorlax|[spread] p1a,p1b\n|-damage|p1a: Snorlax|73\/100 par\n|-damage|p1b: Arboliva|83\/100\n|move|p1a: Snorlax|Curse|p1a: Snorlax\n|-unboost|p1a: Snorlax|spe|1\n|-boost|p1a: Snorlax|atk|1\n|-boost|p1a: Snorlax|def|1\n|\n|-heal|p2a: Sinistcha|75\/100|[from] Grassy Terrain\n|-heal|p1b: Arboliva|89\/100|[from] Grassy Terrain\n|-heal|p2b: Arboliva|92\/100|[from] Grassy Terrain\n|-heal|p1a: Snorlax|79\/100 par|[from] Grassy Terrain\n|-heal|p1a: Snorlax|85\/100 par|[from] item: Leftovers\n|upkeep\n|turn|11\n|inactive|Omgoddard has 120 seconds left.\n|\n|t:|1698788988\n|switch|p1b: Farigiraf|Farigiraf, F, shiny|88\/100\n|-damage|p1b: Farigiraf|76\/100|[from] Stealth Rock\n|move|p2a: Sinistcha|Shadow Ball|p1b: Farigiraf\n|-immune|p1b: Farigiraf\n|move|p2b: Arboliva|Leech Seed|p1a: Snorlax\n|-start|p1a: Snorlax|move: Leech Seed\n|move|p1a: Snorlax|Darkest Lariat|p2a: Sinistcha\n|-supereffective|p2a: Sinistcha\n|-damage|p2a: Sinistcha|10\/100\n|-enditem|p2a: Sinistcha|Sitrus Berry|[eat]\n|-heal|p2a: Sinistcha|34\/100|[from] item: Sitrus Berry\n|\n|-heal|p2a: Sinistcha|41\/100|[from] Grassy Terrain\n|-heal|p1b: Farigiraf|82\/100|[from] Grassy Terrain\n|-heal|p2b: Arboliva|98\/100|[from] Grassy Terrain\n|-heal|p1a: Snorlax|92\/100 par|[from] Grassy Terrain\n|-heal|p1a: Snorlax|98\/100 par|[from] item: Leftovers\n|-damage|p1a: Snorlax|85\/100 par|[from] Leech Seed|[of] p2b: Arboliva\n|-heal|p2b: Arboliva|100\/100|[silent]\n|-fieldend|move: Grassy Terrain\n|upkeep\n|turn|12\n|inactive|Omgoddard has 120 seconds left.\n|\n|t:|1698789031\n|switch|p2b: Tyranitar|Tyranitar, M|100\/100\n|-weather|Sandstorm|[from] ability: Sand Stream|[of] p2b: Tyranitar\n|move|p2a: Sinistcha|Matcha Gotcha|p1b: Farigiraf|[spread] p1a,p1b\n|-damage|p1a: Snorlax|72\/100 par\n|-heal|p2a: Sinistcha|52\/100|[from] drain|[of] p1a: Snorlax\n|-damage|p1b: Farigiraf|60\/100\n|-heal|p2a: Sinistcha|67\/100|[from] drain|[of] p1b: Farigiraf\n|move|p1a: Snorlax|Darkest Lariat|p2a: Sinistcha\n|-supereffective|p2a: Sinistcha\n|-damage|p2a: Sinistcha|8\/100\n|move|p1b: Farigiraf|Trick Room|p1b: Farigiraf\n|-fieldstart|move: Trick Room|[of] p1b: Farigiraf\n|\n|-weather|Sandstorm|[upkeep]\n|-damage|p1a: Snorlax|66\/100 par|[from] Sandstorm\n|-damage|p1b: Farigiraf|54\/100|[from] Sandstorm\n|-damage|p2a: Sinistcha|2\/100|[from] Sandstorm\n|-heal|p1a: Snorlax|72\/100 par|[from] item: Leftovers\n|-damage|p1a: Snorlax|59\/100 par|[from] Leech Seed|[of] p2b: Tyranitar\n|upkeep\n|turn|13\n|inactive|Omgoddard has 120 seconds left.\n|inactive|Omgoddard has 90 seconds left.\n|\n|t:|1698789078\n|move|p1a: Snorlax|Curse|p1a: Snorlax\n|-unboost|p1a: Snorlax|spe|1\n|-boost|p1a: Snorlax|atk|1\n|-boost|p1a: Snorlax|def|1\n|move|p1b: Farigiraf|Dazzling Gleam|p2a: Sinistcha|[spread] p2a,p2b\n|-supereffective|p2b: Tyranitar\n|-damage|p2a: Sinistcha|0 fnt\n|-damage|p2b: Tyranitar|80\/100\n|faint|p2a: Sinistcha\n|move|p2b: Tyranitar|Pursuit|p1b: Farigiraf\n|-supereffective|p1b: Farigiraf\n|-damage|p1b: Farigiraf|8\/100\n|-enditem|p1b: Farigiraf|Sitrus Berry|[eat]\n|-heal|p1b: Farigiraf|33\/100|[from] item: Sitrus Berry\n|\n|-weather|Sandstorm|[upkeep]\n|-damage|p1a: Snorlax|53\/100 par|[from] Sandstorm\n|-damage|p1b: Farigiraf|27\/100|[from] Sandstorm\n|-heal|p1a: Snorlax|59\/100 par|[from] item: Leftovers\n|-damage|p1a: Snorlax|47\/100 par|[from] Leech Seed|[of] p2b: Tyranitar\n|-heal|p2b: Tyranitar|98\/100|[silent]\n|upkeep\n|\n|t:|1698789099\n|switch|p2a: Brian hands|Iron Hands|60\/100\n|turn|14\n|inactive|Omgoddard has 90 seconds left.\n|\n|t:|1698789110\n|move|p2a: Brian hands|Fake Out||[still]\n|cant|p1b: Farigiraf|ability: Armor Tail|Fake Out|[of] p2a: Brian hands\n|move|p1a: Snorlax|Rest|p1a: Snorlax\n|-status|p1a: Snorlax|slp|[from] move: Rest\n|-heal|p1a: Snorlax|100\/100 slp|[silent]\n|move|p1b: Farigiraf|Psyshock|p2a: Brian hands\n|-supereffective|p2a: Brian hands\n|-damage|p2a: Brian hands|17\/100\n|move|p2b: Tyranitar|Rock Slide|p1b: Farigiraf|[spread] p1a\n|-miss|p2b: Tyranitar|p1b: Farigiraf\n|-damage|p1a: Snorlax|89\/100 slp\n|\n|-weather|Sandstorm|[upkeep]\n|-damage|p1a: Snorlax|83\/100 slp|[from] Sandstorm\n|-damage|p2a: Brian hands|11\/100|[from] Sandstorm\n|-damage|p1b: Farigiraf|21\/100|[from] Sandstorm\n|-heal|p1a: Snorlax|89\/100 slp|[from] item: Leftovers\n|-damage|p1a: Snorlax|76\/100 slp|[from] Leech Seed|[of] p2b: Tyranitar\n|-heal|p2b: Tyranitar|100\/100|[silent]\n|upkeep\n|turn|15\n|inactive|Omgoddard has 90 seconds left.\n|\n|t:|1698789139\n|-end|p2a: Brian hands|Quark Drive|[silent]\n|switch|p2a: Arboliva|Arboliva, F, shiny|100\/100\n|cant|p1a: Snorlax|slp\n|move|p1b: Farigiraf|Dazzling Gleam|p2b: Tyranitar|[spread] p2a,p2b\n|-supereffective|p2b: Tyranitar\n|-damage|p2a: Arboliva|88\/100\n|-damage|p2b: Tyranitar|80\/100\n|-fieldstart|move: Grassy Terrain|[from] ability: Seed Sower|[of] p2a: Arboliva\n|move|p2b: Tyranitar|Dragon Tail|p1a: Snorlax\n|-damage|p1a: Snorlax|67\/100 slp\n|drag|p1a: Ursaluna|Ursaluna, F, shiny|100\/100\n|-damage|p1a: Ursaluna|94\/100|[from] Stealth Rock\n|\n|-weather|Sandstorm|[upkeep]\n|-damage|p2a: Arboliva|82\/100|[from] Sandstorm\n|-damage|p1b: Farigiraf|15\/100|[from] Sandstorm\n|-heal|p1a: Ursaluna|100\/100|[from] Grassy Terrain\n|-heal|p2a: Arboliva|88\/100|[from] Grassy Terrain\n|-heal|p1b: Farigiraf|21\/100|[from] Grassy Terrain\n|-heal|p2b: Tyranitar|86\/100|[from] Grassy Terrain\n|-status|p1a: Ursaluna|brn|[from] item: Flame Orb\n|upkeep\n|turn|16\n|inactive|Omgoddard has 90 seconds left.\n|inactive|Omgoddard has 60 seconds left.\n|\n|t:|1698789193\n|switch|p2b: Brian hands|Iron Hands|11\/100\n|move|p1a: Ursaluna|Drain Punch|p2a: Arboliva\n|-supereffective|p2a: Arboliva\n|-damage|p2a: Arboliva|8\/100\n|move|p2a: Arboliva|Hyper Voice|p1b: Farigiraf|[spread] p1a,p1b\n|-damage|p1a: Ursaluna|76\/100 brn\n|-damage|p1b: Farigiraf|0 fnt\n|faint|p1b: Farigiraf\n|\n|-weather|none\n|-heal|p1a: Ursaluna|82\/100 brn|[from] Grassy Terrain\n|-heal|p2a: Arboliva|14\/100|[from] Grassy Terrain\n|-heal|p2b: Brian hands|17\/100|[from] Grassy Terrain\n|-damage|p1a: Ursaluna|76\/100 brn|[from] brn\n|-fieldend|move: Trick Room\n|upkeep\n|\n|t:|1698789206\n|switch|p1b: Arboliva|Arboliva, M|89\/100\n|-damage|p1b: Arboliva|77\/100|[from] Stealth Rock\n|turn|17\n|\n|t:|1698789219\n|move|p1a: Ursaluna|Protect|p1a: Ursaluna\n|-singleturn|p1a: Ursaluna|Protect\n|move|p2b: Brian hands|Fake Out|p1a: Ursaluna\n|-activate|p1a: Ursaluna|move: Protect\n|move|p1b: Arboliva|Dazzling Gleam|p2b: Brian hands|[spread] p2a,p2b\n|-supereffective|p2b: Brian hands\n|-damage|p2a: Arboliva|0 fnt\n|-damage|p2b: Brian hands|0 fnt\n|faint|p2a: Arboliva\n|faint|p2b: Brian hands\n|-end|p2b: Brian hands|Quark Drive|[silent]\n|\n|-heal|p1b: Arboliva|83\/100|[from] Grassy Terrain\n|-heal|p1a: Ursaluna|82\/100 brn|[from] Grassy Terrain\n|-damage|p1a: Ursaluna|76\/100 brn|[from] brn\n|upkeep\n|\n|t:|1698789240\n|switch|p2b: Candy|Sylveon, F, shiny|73\/100\n|switch|p2a: Tyranitar|Tyranitar, M|86\/100\n|-weather|Sandstorm|[from] ability: Sand Stream|[of] p2a: Tyranitar\n|turn|18\n|\n|t:|1698789255\n|detailschange|p2a: Tyranitar|Tyranitar-Mega, M\n|-mega|p2a: Tyranitar|Tyranitar|Tyranitarite\n|-terastallize|p2b: Candy|Fairy\n|move|p2a: Tyranitar|Dragon Dance|p2a: Tyranitar\n|-boost|p2a: Tyranitar|atk|1\n|-boost|p2a: Tyranitar|spe|1\n|move|p2b: Candy|Hyper Voice|p1a: Ursaluna|[spread] p1a,p1b\n|-crit|p1b: Arboliva\n|-damage|p1a: Ursaluna|15\/100 brn\n|-damage|p1b: Arboliva|29\/100\n|move|p1b: Arboliva|Giga Drain|p2a: Tyranitar\n|-supereffective|p2a: Tyranitar\n|-crit|p2a: Tyranitar\n|-damage|p2a: Tyranitar|0 fnt\n|-heal|p1b: Arboliva|74\/100|[from] drain|[of] p2a: Tyranitar\n|faint|p2a: Tyranitar\n|move|p1a: Ursaluna|Drain Punch|p2b: Candy\n|-resisted|p2b: Candy\n|-damage|p2b: Candy|47\/100\n|-heal|p1a: Ursaluna|27\/100 brn|[from] drain|[of] p2b: Candy\n|\n|-weather|Sandstorm|[upkeep]\n|-damage|p2b: Candy|41\/100|[from] Sandstorm\n|-damage|p1b: Arboliva|68\/100|[from] Sandstorm\n|-heal|p2b: Candy|47\/100|[from] Grassy Terrain\n|-heal|p1b: Arboliva|74\/100|[from] Grassy Terrain\n|-heal|p1a: Ursaluna|33\/100 brn|[from] Grassy Terrain\n|-damage|p1a: Ursaluna|27\/100 brn|[from] brn\n|upkeep\n|turn|19\n|inactive|Omgoddard has 90 seconds left.\n|\n|t:|1698789278\n|move|p2b: Candy|Hyper Voice|p1a: Ursaluna|[spread] p1a,p1b\n|-damage|p1a: Ursaluna|0 fnt\n|-damage|p1b: Arboliva|42\/100\n|faint|p1a: Ursaluna\n|move|p1b: Arboliva|Giga Drain|p2b: Candy\n|-damage|p2b: Candy|12\/100\n|-heal|p1b: Arboliva|61\/100|[from] drain|[of] p2b: Candy\n|\n|-weather|Sandstorm|[upkeep]\n|-damage|p2b: Candy|6\/100|[from] Sandstorm\n|-damage|p1b: Arboliva|55\/100|[from] Sandstorm\n|-heal|p2b: Candy|12\/100|[from] Grassy Terrain\n|-heal|p1b: Arboliva|61\/100|[from] Grassy Terrain\n|-fieldend|move: Grassy Terrain\n|upkeep\n|\n|t:|1698789288\n|switch|p1a: Bewear|Bewear, M, shiny|88\/100\n|-damage|p1a: Bewear|82\/100|[from] Stealth Rock\n|turn|20\n|\n|t:|1698789295\n|move|p1a: Bewear|Wide Guard|p1a: Bewear\n|-singleturn|p1a: Bewear|Wide Guard\n|move|p2b: Candy|Psychic|p1a: Bewear\n|-supereffective|p1a: Bewear\n|-damage|p1a: Bewear|25\/100\n|move|p1b: Arboliva|Giga Drain|p2b: Candy\n|-damage|p2b: Candy|0 fnt\n|-heal|p1b: Arboliva|67\/100|[from] drain|[of] p2b: Candy\n|faint|p2b: Candy\n|\n|win|OrangeLord\n|raw|OrangeLord's rating: 1304 &rarr; <strong>1311<\/strong><br \/>(+7 for winning)\n|raw|Omgoddard's rating: 1046 &rarr; <strong>1040<\/strong><br \/>(-6 for losing)\n","uploadtime":1698789303,"views":8,"p1id":"orangelord","p2id":"omgoddard","formatid":"gen9nationaldexdoubles","rating":1040,"private":0,"password":""}