{"id":"gen9nationaldexdoubles-1993268656","p1":"AceTheInadequate","p2":"TheShinyBisharp360","format":"[Gen 9] National Dex Doubles","log":"|j|\u2606AceTheInadequate\n|j|\u2606TheShinyBisharp360\n|t:|1700287300\n|gametype|doubles\n|player|p1|AceTheInadequate|guitarist|\n|player|p2|TheShinyBisharp360|265|\n|teamsize|p1|6\n|teamsize|p2|6\n|gen|9\n|tier|[Gen 9] National Dex Doubles\n|rule|HP Percentage Mod: HP is shown in percentages\n|rule|Endless Battle Clause: Forcing endless battles is banned\n|rule|OHKO Clause: OHKO moves are banned\n|rule|Evasion Moves Clause: Evasion moves are banned\n|rule|Evasion Abilities Clause: Evasion abilities are banned\n|rule|Species Clause: Limit one of each Pok\u00e9mon\n|rule|Gravity Sleep Clause: The combination of sleep-inducing moves with imperfect accuracy and Gravity or Gigantamax Orbeetle are banned\n|clearpoke\n|poke|p1|Volcarona, M|\n|poke|p1|Scizor, F|\n|poke|p1|Slither Wing|\n|poke|p1|Araquanid, M|\n|poke|p1|Ribombee, F|\n|poke|p1|Galvantula, F|\n|poke|p2|Darmanitan-Galar, F|\n|poke|p2|Iron Bundle|\n|poke|p2|Baxcalibur, M|\n|poke|p2|Mamoswine, M|\n|poke|p2|Cetitan, F|\n|poke|p2|Ninetales-Alola, M|\n|teampreview\n|\n|t:|1700287324\n|start\n|switch|p1a: Here comes the sun|Volcarona, M|100\/100\n|switch|p1b: Jazz??|Ribombee, F|100\/100\n|switch|p2a: Ninetales|Ninetales-Alola, M|100\/100\n|switch|p2b: Darmanitan|Darmanitan-Galar, F|100\/100\n|-weather|Snow|[from] ability: Snow Warning|[of] p2a: Ninetales\n|turn|1\n|\n|t:|1700287347\n|move|p2a: Ninetales|Protect|p2a: Ninetales\n|-singleturn|p2a: Ninetales|Protect\n|move|p2b: Darmanitan|Earthquake|p1b: Jazz??|[spread] p1a,p1b\n|-activate|p2a: Ninetales|move: Protect\n|-resisted|p1b: Jazz??\n|-damage|p1a: Here comes the sun|34\/100\n|-damage|p1b: Jazz??|63\/100\n|move|p1b: Jazz??|Dazzling Gleam|p2b: Darmanitan|[spread] p2b\n|-activate|p2a: Ninetales|move: Protect\n|-damage|p2b: Darmanitan|55\/100\n|move|p1a: Here comes the sun|Quiver Dance|p1a: Here comes the sun\n|-boost|p1a: Here comes the sun|spa|1\n|-boost|p1a: Here comes the sun|spd|1\n|-boost|p1a: Here comes the sun|spe|1\n|\n|-weather|Snow|[upkeep]\n|upkeep\n|turn|2\n|\n|t:|1700287370\n|move|p2b: Darmanitan|Earthquake|p1b: Jazz??|[spread] p2a,p1a,p1b\n|-resisted|p1b: Jazz??\n|-damage|p2a: Ninetales|57\/100\n|-damage|p1a: Here comes the sun|0 fnt\n|-damage|p1b: Jazz??|20\/100\n|faint|p1a: Here comes the sun\n|move|p2a: Ninetales|Aurora Veil|p2a: Ninetales\n|-sidestart|p2: TheShinyBisharp360|move: Aurora Veil\n|move|p1b: Jazz??|Sticky Web|p2b: Darmanitan\n|-sidestart|p2: TheShinyBisharp360|move: Sticky Web\n|\n|-weather|Snow|[upkeep]\n|upkeep\n|\n|t:|1700287378\n|switch|p1a: McQueen|Scizor, F|100\/100\n|turn|3\n|\n|t:|1700287391\n|detailschange|p1a: McQueen|Scizor-Mega, F\n|-mega|p1a: McQueen|Scizor|Scizorite\n|-terastallize|p2b: Darmanitan|Ground\n|move|p1a: McQueen|Bullet Punch|p2b: Darmanitan\n|-damage|p2b: Darmanitan|18\/100\n|move|p2b: Darmanitan|Earthquake|p1a: McQueen|[spread] p2a,p1a,p1b\n|-resisted|p1b: Jazz??\n|-damage|p2a: Ninetales|17\/100\n|-damage|p1a: McQueen|58\/100\n|-damage|p1b: Jazz??|0 fnt\n|faint|p1b: Jazz??\n|move|p2a: Ninetales|Blizzard|p1a: McQueen\n|-resisted|p1a: McQueen\n|-damage|p1a: McQueen|37\/100\n|\n|-weather|Snow|[upkeep]\n|upkeep\n|\n|t:|1700287400\n|switch|p1b: Vegeta|Slither Wing, shiny|100\/100\n|-enditem|p1b: Vegeta|Booster Energy\n|-activate|p1b: Vegeta|ability: Protosynthesis|[fromitem]\n|-start|p1b: Vegeta|protosynthesisatk\n|turn|4\n|\n|t:|1700287424\n|switch|p2b: Iron Bundle|Iron Bundle|100\/100\n|-activate|p2b: Iron Bundle|move: Sticky Web\n|-unboost|p2b: Iron Bundle|spe|1\n|-enditem|p2b: Iron Bundle|Booster Energy\n|-activate|p2b: Iron Bundle|ability: Quark Drive|[fromitem]\n|-start|p2b: Iron Bundle|quarkdrivespa\n|move|p2a: Ninetales|Protect|p2a: Ninetales\n|-singleturn|p2a: Ninetales|Protect\n|move|p1b: Vegeta|First Impression|p2b: Iron Bundle\n|-damage|p2b: Iron Bundle|67\/100\n|move|p1a: McQueen|Bullet Punch|p2a: Ninetales\n|-activate|p2a: Ninetales|move: Protect\n|\n|-weather|Snow|[upkeep]\n|upkeep\n|turn|5\n|\n|t:|1700287454\n|move|p1a: McQueen|Protect|p1a: McQueen\n|-singleturn|p1a: McQueen|Protect\n|move|p2a: Ninetales|Blizzard|p1a: McQueen|[spread] p1b\n|-activate|p1a: McQueen|move: Protect\n|-damage|p1b: Vegeta|69\/100\n|move|p1b: Vegeta|Close Combat|p2b: Iron Bundle\n|-supereffective|p2b: Iron Bundle\n|-damage|p2b: Iron Bundle|0 fnt\n|-unboost|p1b: Vegeta|def|1\n|-unboost|p1b: Vegeta|spd|1\n|faint|p2b: Iron Bundle\n|-end|p2b: Iron Bundle|Quark Drive|[silent]\n|\n|-weather|none\n|upkeep\n|\n|t:|1700287482\n|switch|p2b: Darmanitan|Darmanitan-Galar, F, tera:Ground|18\/100\n|-activate|p2b: Darmanitan|move: Sticky Web\n|-unboost|p2b: Darmanitan|spe|1\n|turn|6\n|\n|t:|1700287500\n|move|p2a: Ninetales|Protect|p2a: Ninetales\n|-singleturn|p2a: Ninetales|Protect\n|move|p1a: McQueen|Protect|p1a: McQueen\n|-singleturn|p1a: McQueen|Protect\n|move|p2b: Darmanitan|Flare Blitz|p1a: McQueen\n|-activate|p1a: McQueen|move: Protect\n|move|p1b: Vegeta|Earthquake|p2b: Darmanitan|[spread] p2b\n|-activate|p1a: McQueen|move: Protect\n|-activate|p2a: Ninetales|move: Protect\n|-damage|p2b: Darmanitan|0 fnt\n|faint|p2b: Darmanitan\n|\n|upkeep\n|\n|t:|1700287528\n|switch|p2b: Baxcalibur|Baxcalibur, M|100\/100\n|-activate|p2b: Baxcalibur|move: Sticky Web\n|-unboost|p2b: Baxcalibur|spe|1\n|turn|7\n|\n|t:|1700287546\n|switch|p2a: Mamoswine|Mamoswine, M|100\/100\n|-activate|p2a: Mamoswine|move: Sticky Web\n|-unboost|p2a: Mamoswine|spe|1\n|move|p1a: McQueen|Bullet Punch|p2a: Mamoswine\n|-supereffective|p2a: Mamoswine\n|-damage|p2a: Mamoswine|46\/100\n|move|p1b: Vegeta|Close Combat|p2b: Baxcalibur\n|-supereffective|p2b: Baxcalibur\n|-damage|p2b: Baxcalibur|0 fnt\n|-unboost|p1b: Vegeta|def|1\n|-unboost|p1b: Vegeta|spd|1\n|faint|p2b: Baxcalibur\n|\n|upkeep\n|\n|t:|1700287562\n|switch|p2b: Ninetales|Ninetales-Alola, M|17\/100\n|-activate|p2b: Ninetales|move: Sticky Web\n|-unboost|p2b: Ninetales|spe|1\n|-weather|Snow|[from] ability: Snow Warning|[of] p2b: Ninetales\n|turn|8\n|\n|t:|1700287610\n|move|p2b: Ninetales|Protect|p2b: Ninetales\n|-singleturn|p2b: Ninetales|Protect\n|move|p1a: McQueen|Bullet Punch|p2a: Mamoswine\n|-supereffective|p2a: Mamoswine\n|-damage|p2a: Mamoswine|10\/100\n|move|p1b: Vegeta|Close Combat|p2b: Ninetales\n|-activate|p2b: Ninetales|move: Protect\n|move|p2a: Mamoswine|Earthquake|p1b: Vegeta|[spread] p1a,p1b\n|-activate|p2b: Ninetales|move: Protect\n|-resisted|p1b: Vegeta\n|-damage|p1a: McQueen|10\/100\n|-damage|p1b: Vegeta|18\/100\n|\n|-weather|Snow|[upkeep]\n|upkeep\n|turn|9\n|\n|t:|1700287633\n|move|p1b: Vegeta|Protect|p1b: Vegeta\n|-singleturn|p1b: Vegeta|Protect\n|move|p1a: McQueen|Bullet Punch|p2b: Ninetales\n|-supereffective|p2b: Ninetales\n|-damage|p2b: Ninetales|0 fnt\n|faint|p2b: Ninetales\n|move|p2a: Mamoswine|Earthquake|p1b: Vegeta|[spread] p1a\n|-activate|p1b: Vegeta|move: Protect\n|-damage|p1a: McQueen|0 fnt\n|faint|p1a: McQueen\n|\n|-weather|Snow|[upkeep]\n|-sideend|p2: TheShinyBisharp360|move: Aurora Veil\n|upkeep\n|\n|t:|1700287647\n|switch|p2b: Cetitan|Cetitan, F|100\/100\n|switch|p1a: Bumblebee|Galvantula, F, shiny|100\/100\n|-activate|p2b: Cetitan|move: Sticky Web\n|-unboost|p2b: Cetitan|spe|1\n|turn|10\n|\n|t:|1700287674\n|-end|p1b: Vegeta|Protosynthesis|[silent]\n|switch|p1b: Apollo|Araquanid, M|100\/100\n|move|p2b: Cetitan|Earthquake|p1b: Apollo|[spread] p2a,p1a,p1b\n|-resisted|p1b: Apollo\n|-damage|p2a: Mamoswine|0 fnt\n|-damage|p1a: Bumblebee|60\/100\n|-damage|p1b: Apollo|87\/100\n|faint|p2a: Mamoswine\n|move|p1a: Bumblebee|Thunder|p2b: Cetitan\n|-damage|p2b: Cetitan|50\/100\n|-enditem|p2b: Cetitan|Sitrus Berry|[eat]\n|-heal|p2b: Cetitan|75\/100|[from] item: Sitrus Berry\n|\n|-weather|Snow|[upkeep]\n|upkeep\n|turn|11\n|\n|t:|1700287694\n|move|p2b: Cetitan|Earthquake|p1a: Bumblebee|[spread] p1a,p1b\n|-resisted|p1b: Apollo\n|-damage|p1a: Bumblebee|14\/100\n|-damage|p1b: Apollo|75\/100\n|move|p1a: Bumblebee|Thunder|p2b: Cetitan\n|-damage|p2b: Cetitan|21\/100\n|move|p1b: Apollo|Toxic|p2b: Cetitan\n|-status|p2b: Cetitan|tox\n|\n|-weather|Snow|[upkeep]\n|-damage|p2b: Cetitan|15\/100 tox|[from] psn\n|upkeep\n|turn|12\n|-message|TheShinyBisharp360 forfeited.\n|\n|win|AceTheInadequate\n|l|\u2606TheShinyBisharp360\n","uploadtime":1700287738,"views":12,"p1id":"acetheinadequate","p2id":"theshinybisharp360","formatid":"gen9nationaldexdoubles","rating":0,"private":0,"password":""}