{"id":"gen9nationaldexdoubles-1956601175","p1":"Wyrmguy","p2":"MosheahVOWS","format":"[Gen 9] National Dex Doubles","log":"|j|\u2606Wyrmguy\n|j|\u2606MosheahVOWS\n|t:|1696125356\n|gametype|doubles\n|player|p1|Wyrmguy|1|\n|player|p2|MosheahVOWS|burglar|\n|teamsize|p1|6\n|teamsize|p2|6\n|gen|9\n|tier|[Gen 9] National Dex Doubles\n|rule|HP Percentage Mod: HP is shown in percentages\n|rule|Endless Battle Clause: Forcing endless battles is banned\n|rule|OHKO Clause: OHKO moves are banned\n|rule|Evasion Moves Clause: Evasion moves are banned\n|rule|Evasion Abilities Clause: Evasion abilities are banned\n|rule|Species Clause: Limit one of each Pok\u00e9mon\n|rule|Gravity Sleep Clause: The combination of sleep-inducing moves with imperfect accuracy and Gravity or Gigantamax Orbeetle are banned\n|clearpoke\n|poke|p1|Lilligant-Hisui, F|\n|poke|p1|Torkoal, M|\n|poke|p1|Gardevoir, F|\n|poke|p1|Swampert, M|\n|poke|p1|Celesteela|\n|poke|p1|Tapu Fini|\n|poke|p2|Skarmory, M|\n|poke|p2|Tapu Koko|\n|poke|p2|Latios, M|\n|poke|p2|Lopunny, M|\n|poke|p2|Heatran, F|\n|poke|p2|Iron Thorns|\n|teampreview\n|j| GoDDanteX\n|j| Redzone92\n|\n|t:|1696125413\n|start\n|switch|p1a: Celesteela|Celesteela|100\/100\n|switch|p1b: Swampert|Swampert, M|100\/100\n|switch|p2a: Tapu Koko|Tapu Koko|100\/100\n|switch|p2b: Lopunny|Lopunny, M|100\/100\n|-fieldstart|move: Electric Terrain|[from] ability: Electric Surge|[of] p2a: Tapu Koko\n|turn|1\n|\n|t:|1696125453\n|detailschange|p2b: Lopunny|Lopunny-Mega, M\n|-mega|p2b: Lopunny|Lopunny|Lopunnite\n|move|p2b: Lopunny|Fake Out|p1b: Swampert\n|-crit|p1b: Swampert\n|-damage|p1b: Swampert|71\/100\n|move|p2a: Tapu Koko|Volt Switch|p1a: Celesteela\n|-supereffective|p1a: Celesteela\n|-damage|p1a: Celesteela|21\/100\n|\n|t:|1696125465\n|switch|p2a: Iron Thorns|Iron Thorns|100\/100|[from] Volt Switch\n|-activate|p2a: Iron Thorns|ability: Quark Drive\n|-start|p2a: Iron Thorns|quarkdriveatk\n|move|p1a: Celesteela|Meteor Beam||[still]\n|-prepare|p1a: Celesteela|Meteor Beam\n|-boost|p1a: Celesteela|spa|1\n|-enditem|p1a: Celesteela|Power Herb\n|-anim|p1a: Celesteela|Meteor Beam|p2a: Iron Thorns\n|-damage|p2a: Iron Thorns|39\/100\n|cant|p1b: Swampert|flinch\n|\n|upkeep\n|turn|2\n|\n|t:|1696125503\n|move|p2a: Iron Thorns|Protect|p2a: Iron Thorns\n|-singleturn|p2a: Iron Thorns|Protect\n|move|p2b: Lopunny|Drain Punch|p1a: Celesteela\n|-damage|p1a: Celesteela|0 fnt\n|faint|p1a: Celesteela\n|move|p1b: Swampert|Earthquake|p2a: Iron Thorns|[spread] p2b\n|-activate|p2a: Iron Thorns|move: Protect\n|-damage|p2b: Lopunny|65\/100\n|\n|upkeep\n|\n|t:|1696125537\n|switch|p1a: Torkoal|Torkoal, M|100\/100\n|-weather|SunnyDay|[from] ability: Drought|[of] p1a: Torkoal\n|turn|3\n|\n|t:|1696125563\n|move|p2b: Lopunny|Return|p1b: Swampert\n|-damage|p1b: Swampert|23\/100\n|-enditem|p1b: Swampert|Aguav Berry|[eat]\n|-heal|p1b: Swampert|56\/100|[from] item: Aguav Berry\n|move|p2a: Iron Thorns|Thunder Wave|p1a: Torkoal\n|-status|p1a: Torkoal|par\n|move|p1b: Swampert|Flip Turn|p2a: Iron Thorns\n|-supereffective|p2a: Iron Thorns\n|-damage|p2a: Iron Thorns|22\/100\n|\n|t:|1696125574\n|switch|p1b: Lilligant|Lilligant-Hisui, F|100\/100|[from] Flip Turn\n|move|p1a: Torkoal|Eruption|p2a: Iron Thorns|[spread] p2a,p2b\n|-resisted|p2a: Iron Thorns\n|-damage|p2a: Iron Thorns|0 fnt\n|-damage|p2b: Lopunny|0 fnt\n|faint|p2a: Iron Thorns\n|-end|p2a: Iron Thorns|Quark Drive|[silent]\n|faint|p2b: Lopunny\n|\n|-weather|SunnyDay|[upkeep]\n|upkeep\n|\n|t:|1696125600\n|switch|p2b: Latios|Latios, M|100\/100\n|switch|p2a: Skarmory|Skarmory, M|100\/100\n|turn|4\n|\n|t:|1696125633\n|-terastallize|p1b: Lilligant|Fire\n|-terastallize|p2b: Latios|Dragon\n|move|p1b: Lilligant|Victory Dance|p1b: Lilligant\n|-boost|p1b: Lilligant|atk|1\n|-boost|p1b: Lilligant|def|1\n|-boost|p1b: Lilligant|spe|1\n|move|p2b: Latios|Draco Meteor|p1a: Torkoal|[miss]\n|-miss|p2b: Latios|p1a: Torkoal\n|move|p2a: Skarmory|Swords Dance|p2a: Skarmory\n|-boost|p2a: Skarmory|atk|2\n|cant|p1a: Torkoal|par\n|\n|-weather|SunnyDay|[upkeep]\n|upkeep\n|turn|5\n|\n|t:|1696125653\n|move|p1b: Lilligant|Tera Blast|p2a: Skarmory|[anim] Tera Blast Fire\n|-supereffective|p2a: Skarmory\n|-damage|p2a: Skarmory|0 fnt\n|faint|p2a: Skarmory\n|-damage|p1b: Lilligant|91\/100|[from] item: Life Orb\n|move|p2b: Latios|Draco Meteor|p1a: Torkoal\n|-damage|p1a: Torkoal|0 fnt\n|-unboost|p2b: Latios|spa|2\n|faint|p1a: Torkoal\n|\n|-weather|SunnyDay|[upkeep]\n|-fieldend|move: Electric Terrain\n|upkeep\n|\n|t:|1696125666\n|switch|p2a: Tapu Koko|Tapu Koko|100\/100\n|switch|p1a: Tapu Fini|Tapu Fini|100\/100\n|-fieldstart|move: Electric Terrain|[from] ability: Electric Surge|[of] p2a: Tapu Koko\n|-fieldstart|move: Misty Terrain|[from] ability: Misty Surge|[of] p1a: Tapu Fini\n|turn|6\n|\n|t:|1696125692\n|switch|p2b: Heatran|Heatran, F|100\/100\n|switch|p1a: Gardevoir|Gardevoir, F, shiny|100\/100\n|-fieldstart|move: Electric Terrain|[from] ability: Electric Surge|[of] p1a: Gardevoir\n|-ability|p1a: Gardevoir|Electric Surge|[from] ability: Trace|[of] p2a: Tapu Koko\n|move|p1b: Lilligant|Tera Blast|p2a: Tapu Koko|[anim] Tera Blast Fire\n|-enditem|p2a: Tapu Koko|Focus Sash\n|-damage|p2a: Tapu Koko|1\/100\n|-damage|p1b: Lilligant|81\/100|[from] item: Life Orb\n|move|p2a: Tapu Koko|Taunt|p1a: Gardevoir\n|-start|p1a: Gardevoir|move: Taunt\n|\n|-weather|SunnyDay|[upkeep]\n|upkeep\n|turn|7\n|\n|t:|1696125734\n|detailschange|p1a: Gardevoir|Gardevoir-Mega, F, shiny\n|-mega|p1a: Gardevoir|Gardevoir|Gardevoirite\n|move|p1b: Lilligant|Solar Blade||[still]\n|-prepare|p1b: Lilligant|Solar Blade\n|-anim|p1b: Lilligant|Solar Blade|p2a: Tapu Koko\n|-damage|p2a: Tapu Koko|0 fnt\n|faint|p2a: Tapu Koko\n|-damage|p1b: Lilligant|71\/100|[from] item: Life Orb\n|move|p2b: Heatran|Flash Cannon|p1a: Gardevoir\n|-supereffective|p1a: Gardevoir\n|-damage|p1a: Gardevoir|23\/100\n|move|p1a: Gardevoir|Hyper Voice|p2b: Heatran\n|-resisted|p2b: Heatran\n|-damage|p2b: Heatran|82\/100\n|\n|-weather|SunnyDay|[upkeep]\n|upkeep\n|\n|t:|1696125750\n|switch|p2a: Latios|Latios, M, tera:Dragon|100\/100\n|turn|8\n|\n|t:|1696125767\n|switch|p1a: Tapu Fini|Tapu Fini|100\/100\n|-fieldstart|move: Misty Terrain|[from] ability: Misty Surge|[of] p1a: Tapu Fini\n|move|p1b: Lilligant|Close Combat|p2b: Heatran\n|-supereffective|p2b: Heatran\n|-crit|p2b: Heatran\n|-damage|p2b: Heatran|0 fnt\n|-unboost|p1b: Lilligant|def|1\n|-unboost|p1b: Lilligant|spd|1\n|faint|p2b: Heatran\n|-damage|p1b: Lilligant|61\/100|[from] item: Life Orb\n|move|p2a: Latios|Draco Meteor|p1b: Lilligant\n|-damage|p1b: Lilligant|0 fnt\n|-unboost|p2a: Latios|spa|2\n|faint|p1b: Lilligant\n|\n|-weather|SunnyDay|[upkeep]\n|upkeep\n|\n|t:|1696125783\n|switch|p1b: Gardevoir|Gardevoir-Mega, F, shiny|23\/100\n|turn|9\n|\n|t:|1696125796\n|move|p2a: Latios|Draco Meteor|p1b: Gardevoir\n|-immune|p1b: Gardevoir\n|move|p1b: Gardevoir|Hyper Voice|p2a: Latios\n|-supereffective|p2a: Latios\n|-damage|p2a: Latios|0 fnt\n|faint|p2a: Latios\n|\n|win|Wyrmguy\n|l|\u2606MosheahVOWS\n","uploadtime":1696125815,"views":5,"p1id":"wyrmguy","p2id":"mosheahvows","formatid":"gen9nationaldexdoubles","rating":0,"private":0,"password":""}