{"id":"gen9nationaldexdoubles-1955497574","p1":"purrglar","p2":"fumbari 24","format":"[Gen 9] National Dex Doubles","log":"|j|\u2606purrglar\n|j|\u2606fumbari 24\n|t:|1696002866\n|gametype|doubles\n|player|p1|purrglar|petrel|1208\n|player|p2|fumbari 24|266|1334\n|teamsize|p1|6\n|teamsize|p2|6\n|gen|9\n|tier|[Gen 9] National Dex Doubles\n|rated|\n|rule|HP Percentage Mod: HP is shown in percentages\n|rule|Endless Battle Clause: Forcing endless battles is banned\n|rule|OHKO Clause: OHKO moves are banned\n|rule|Evasion Moves Clause: Evasion moves are banned\n|rule|Evasion Abilities Clause: Evasion abilities are banned\n|rule|Species Clause: Limit one of each Pok\u00e9mon\n|rule|Gravity Sleep Clause: The combination of sleep-inducing moves with imperfect accuracy and Gravity or Gigantamax Orbeetle are banned\n|clearpoke\n|poke|p1|Armarouge, M|\n|poke|p1|Amoonguss, M|\n|poke|p1|Bronzong|\n|poke|p1|Torkoal, L99, M|\n|poke|p1|Iron Hands|\n|poke|p1|Indeedee-F, F|\n|poke|p2|Metagross|\n|poke|p2|Blaziken, M|\n|poke|p2|Armaldo, M|\n|poke|p2|Pelipper, M|\n|poke|p2|Cradily, M|\n|poke|p2|Machamp, F|\n|teampreview\n|inactive|Battle timer is ON: inactive players will automatically lose when time's up. (requested by purrglar)\n|c|\u2606purrglar|cool team, glhf\n|\n|t:|1696002893\n|start\n|switch|p1a: ding dong|Bronzong, shiny|100\/100\n|switch|p1b: \"Hariyama\"|Iron Hands|100\/100\n|switch|p2a: Metagross|Metagross, shiny|100\/100\n|switch|p2b: Inferno|Blaziken, M|100\/100\n|turn|1\n|\n|t:|1696002901\n|detailschange|p2a: Metagross|Metagross-Mega, shiny\n|-mega|p2a: Metagross|Metagross|Metagrossite\n|move|p1b: \"Hariyama\"|Fake Out|p2a: Metagross\n|-resisted|p2a: Metagross\n|-damage|p2a: Metagross|94\/100\n|cant|p2a: Metagross|flinch\n|-zpower|p2b: Inferno\n|move|p2b: Inferno|Inferno Overdrive|p1a: ding dong|[zeffect]\n|-supereffective|p1a: ding dong\n|-damage|p1a: ding dong|13\/100\n|-zpower|p1a: ding dong\n|move|p1a: ding dong|Z-Trick Room|p1a: ding dong|[anim]Trick Room\n|-boost|p1a: ding dong|accuracy|1|[zeffect]\n|-fieldstart|move: Trick Room|[of] p1a: ding dong\n|\n|-ability|p2b: Inferno|Speed Boost|boost\n|-boost|p2b: Inferno|spe|1\n|upkeep\n|turn|2\n|inactive|purrglar has 120 seconds left.\n|\n|t:|1696002933\n|-end|p1b: \"Hariyama\"|Quark Drive|[silent]\n|switch|p1b: agree|Indeedee-F, F, shiny|100\/100\n|-fieldstart|move: Psychic Terrain|[from] ability: Psychic Surge|[of] p1b: agree\n|-enditem|p1b: agree|Psychic Seed\n|-boost|p1b: agree|spd|1|[from] item: Psychic Seed\n|move|p2a: Metagross|Protect|p2a: Metagross\n|-singleturn|p2a: Metagross|Protect\n|move|p2b: Inferno|Protect|p2b: Inferno\n|-singleturn|p2b: Inferno|Protect\n|move|p1a: ding dong|Hypnosis|p2b: Inferno\n|-activate|p2b: Inferno|move: Protect\n|\n|-ability|p2b: Inferno|Speed Boost|boost\n|-boost|p2b: Inferno|spe|1\n|upkeep\n|turn|3\n|\n|t:|1696002952\n|switch|p1b: Armarouge|Armarouge, M|100\/100\n|move|p1a: ding dong|Hypnosis|p2b: Inferno\n|-status|p2b: Inferno|slp|[from] move: Hypnosis\n|move|p2a: Metagross|Meteor Mash|p1a: ding dong\n|-resisted|p1a: ding dong\n|-damage|p1a: ding dong|0 fnt\n|faint|p1a: ding dong\n|cant|p2b: Inferno|slp\n|\n|-ability|p2b: Inferno|Speed Boost|boost\n|-boost|p2b: Inferno|spe|1\n|upkeep\n|\n|t:|1696002960\n|switch|p1a: heat|Torkoal, L99, M|100\/100\n|-weather|SunnyDay|[from] ability: Drought|[of] p1a: heat\n|turn|4\n|\n|t:|1696002982\n|move|p1a: heat|Eruption|p2a: Metagross|[spread] p2a,p2b\n|-supereffective|p2a: Metagross\n|-resisted|p2b: Inferno\n|-damage|p2a: Metagross|0 fnt\n|-damage|p2b: Inferno|26\/100 slp\n|faint|p2a: Metagross\n|move|p1b: Armarouge|Expanding Force|p2b: Inferno\n|-supereffective|p2b: Inferno\n|-damage|p2b: Inferno|0 fnt\n|faint|p2b: Inferno\n|\n|-weather|SunnyDay|[upkeep]\n|upkeep\n|\n|t:|1696002991\n|switch|p2b: Cradily|Cradily, M|100\/100\n|switch|p2a: La bomba|Machamp, F|100\/100\n|turn|5\n|\n|t:|1696002997\n|move|p2a: La bomba|Wide Guard|p2a: La bomba\n|-singleturn|p2a: La bomba|Wide Guard\n|move|p1a: heat|Eruption|p2a: La bomba|[spread] \n|-activate|p2a: La bomba|move: Wide Guard\n|-activate|p2b: Cradily|move: Wide Guard\n|move|p2b: Cradily|Meteor Beam||[still]\n|-prepare|p2b: Cradily|Meteor Beam\n|-boost|p2b: Cradily|spa|1\n|-enditem|p2b: Cradily|Power Herb\n|-anim|p2b: Cradily|Meteor Beam|p1b: Armarouge\n|-supereffective|p1b: Armarouge\n|-damage|p1b: Armarouge|0 fnt\n|faint|p1b: Armarouge\n|\n|-weather|SunnyDay|[upkeep]\n|-fieldend|move: Trick Room\n|upkeep\n|\n|t:|1696003016\n|switch|p1b: agree|Indeedee-F, F, shiny|100\/100\n|turn|6\n|\n|t:|1696003024\n|switch|p1a: \"Hariyama\"|Iron Hands|100\/100\n|move|p2a: La bomba|Wide Guard|p2a: La bomba\n|-singleturn|p2a: La bomba|Wide Guard\n|move|p1b: agree|Psychic|p2a: La bomba\n|-supereffective|p2a: La bomba\n|-damage|p2a: La bomba|37\/100\n|move|p2b: Cradily|Meteor Beam||[still]\n|-prepare|p2b: Cradily|Meteor Beam\n|-boost|p2b: Cradily|spa|1\n|\n|-weather|SunnyDay|[upkeep]\n|-heal|p2a: La bomba|43\/100|[from] item: Leftovers\n|-fieldend|move: Psychic Terrain\n|upkeep\n|turn|7\n|\n|t:|1696003038\n|-terastallize|p2a: La bomba|Dark\n|move|p1a: \"Hariyama\"|Fake Out|p2b: Cradily\n|-resisted|p2b: Cradily\n|-damage|p2b: Cradily|93\/100\n|move|p2a: La bomba|Knock Off|p1b: agree\n|-supereffective|p1b: agree\n|-damage|p1b: agree|48\/100\n|cant|p2b: Cradily|flinch\n|move|p1b: agree|Trick Room|p1b: agree\n|-fieldstart|move: Trick Room|[of] p1b: agree\n|\n|-weather|SunnyDay|[upkeep]\n|-heal|p2a: La bomba|49\/100|[from] item: Leftovers\n|upkeep\n|turn|8\n|\n|t:|1696003055\n|move|p2b: Cradily|Protect|p2b: Cradily\n|-singleturn|p2b: Cradily|Protect\n|move|p2a: La bomba|Protect|p2a: La bomba\n|-singleturn|p2a: La bomba|Protect\n|move|p1a: \"Hariyama\"|Close Combat|p2a: La bomba\n|-activate|p2a: La bomba|move: Protect\n|move|p1b: agree|Psychic|p2b: Cradily\n|-activate|p2b: Cradily|move: Protect\n|\n|-weather|none\n|-heal|p2a: La bomba|56\/100|[from] item: Leftovers\n|upkeep\n|turn|9\n|\n|t:|1696003078\n|switch|p2a: Mine mine|Pelipper, M|100\/100\n|-weather|RainDance|[from] ability: Drizzle|[of] p2a: Mine mine\n|switch|p1b: heat|Torkoal, L99, M|100\/100\n|-weather|SunnyDay|[from] ability: Drought|[of] p1b: heat\n|move|p2b: Cradily|Leech Seed|p1a: \"Hariyama\"\n|-start|p1a: \"Hariyama\"|move: Leech Seed\n|move|p1a: \"Hariyama\"|Close Combat|p2b: Cradily\n|-supereffective|p2b: Cradily\n|-damage|p2b: Cradily|0 fnt\n|-unboost|p1a: \"Hariyama\"|def|1\n|-unboost|p1a: \"Hariyama\"|spd|1\n|faint|p2b: Cradily\n|\n|-weather|SunnyDay|[upkeep]\n|upkeep\n|\n|t:|1696003093\n|switch|p2b: La bomba|Machamp, F, tera:Dark|56\/100\n|turn|10\n|\n|t:|1696003100\n|move|p2b: La bomba|Protect|p2b: La bomba\n|-singleturn|p2b: La bomba|Protect\n|move|p2a: Mine mine|Protect|p2a: Mine mine\n|-singleturn|p2a: Mine mine|Protect\n|move|p1b: heat|Solar Beam||[still]\n|-prepare|p1b: heat|Solar Beam\n|-anim|p1b: heat|Solar Beam|p2b: La bomba\n|-activate|p2b: La bomba|move: Protect\n|move|p1a: \"Hariyama\"|Wild Charge|p2a: Mine mine\n|-activate|p2a: Mine mine|move: Protect\n|\n|-weather|SunnyDay|[upkeep]\n|-heal|p2b: La bomba|62\/100|[from] item: Leftovers\n|-damage|p1a: \"Hariyama\"|88\/100|[from] Leech Seed|[of] p2b: La bomba\n|-heal|p2b: La bomba|77\/100|[silent]\n|upkeep\n|turn|11\n|\n|t:|1696003110\n|switch|p2a: Armaldo|Armaldo, M|100\/100\n|move|p2b: La bomba|Protect||[still]\n|-fail|p2b: La bomba\n|move|p1b: heat|Solar Beam||[still]\n|-prepare|p1b: heat|Solar Beam\n|-anim|p1b: heat|Solar Beam|p2b: La bomba\n|-damage|p2b: La bomba|36\/100\n|move|p1a: \"Hariyama\"|Wild Charge|p2a: Armaldo\n|-damage|p2a: Armaldo|39\/100\n|-enditem|p2a: Armaldo|Sitrus Berry|[eat]\n|-heal|p2a: Armaldo|64\/100|[from] item: Sitrus Berry\n|-damage|p1a: \"Hariyama\"|78\/100|[from] Recoil\n|\n|-weather|SunnyDay|[upkeep]\n|-heal|p2b: La bomba|42\/100|[from] item: Leftovers\n|-damage|p1a: \"Hariyama\"|66\/100|[from] Leech Seed|[of] p2b: La bomba\n|-heal|p2b: La bomba|58\/100|[silent]\n|-fieldend|move: Trick Room\n|upkeep\n|turn|12\n|\n|t:|1696003126\n|switch|p2b: Mine mine|Pelipper, M|100\/100\n|-weather|RainDance|[from] ability: Drizzle|[of] p2b: Mine mine\n|move|p2a: Armaldo|Rock Slide|p1a: \"Hariyama\"|[spread] p1b\n|-miss|p2a: Armaldo|p1a: \"Hariyama\"\n|-supereffective|p1b: heat\n|-damage|p1b: heat|58\/100\n|move|p1a: \"Hariyama\"|Close Combat|p2b: Mine mine\n|-resisted|p2b: Mine mine\n|-damage|p2b: Mine mine|67\/100\n|-unboost|p1a: \"Hariyama\"|def|1\n|-unboost|p1a: \"Hariyama\"|spd|1\n|-damage|p1a: \"Hariyama\"|49\/100|[from] item: Rocky Helmet|[of] p2b: Mine mine\n|move|p1b: heat|Solar Beam||[still]\n|-prepare|p1b: heat|Solar Beam\n|\n|-weather|RainDance|[upkeep]\n|-damage|p1a: \"Hariyama\"|37\/100|[from] Leech Seed|[of] p2b: Mine mine\n|-heal|p2b: Mine mine|85\/100|[silent]\n|upkeep\n|turn|13\n|\n|t:|1696003146\n|-end|p1a: \"Hariyama\"|Quark Drive|[silent]\n|switch|p1a: agree|Indeedee-F, F, shiny|48\/100\n|-fieldstart|move: Psychic Terrain|[from] ability: Psychic Surge|[of] p1a: agree\n|move|p2a: Armaldo|Rock Slide|p1a: agree|[spread] p1a,p1b\n|-supereffective|p1b: heat\n|-damage|p1a: agree|18\/100\n|-damage|p1b: heat|10\/100\n|move|p2b: Mine mine|Hurricane|p1a: agree\n|-damage|p1a: agree|0 fnt\n|faint|p1a: agree\n|move|p1b: heat|Solar Beam|p2a: Armaldo|[from]lockedmove\n|-damage|p2a: Armaldo|32\/100\n|\n|-weather|RainDance|[upkeep]\n|upkeep\n|\n|t:|1696003161\n|switch|p1a: \"Hariyama\"|Iron Hands|37\/100\n|turn|14\n|\n|t:|1696003173\n|switch|p1b: edible|Amoonguss, M, shiny|100\/100\n|move|p2a: Armaldo|Rock Slide|p1a: \"Hariyama\"|[spread] p1a,p1b\n|-resisted|p1a: \"Hariyama\"\n|-damage|p1a: \"Hariyama\"|26\/100\n|-damage|p1b: edible|73\/100\n|-enditem|p1b: edible|Eject Button\n|\n|t:|1696003180\n|switch|p1b: heat|Torkoal, L99, M|10\/100\n|-weather|SunnyDay|[from] ability: Drought|[of] p1b: heat\n|move|p2b: Mine mine|Hurricane|p1a: \"Hariyama\"|[miss]\n|-miss|p2b: Mine mine|p1a: \"Hariyama\"\n|move|p1a: \"Hariyama\"|Wild Charge|p2b: Mine mine\n|-supereffective|p2b: Mine mine\n|-damage|p2b: Mine mine|0 fnt\n|-damage|p1a: \"Hariyama\"|9\/100|[from] item: Rocky Helmet|[of] p2b: Mine mine\n|faint|p2b: Mine mine\n|-damage|p1a: \"Hariyama\"|0 fnt|[from] Recoil\n|faint|p1a: \"Hariyama\"\n|-end|p1a: \"Hariyama\"|Quark Drive|[silent]\n|\n|-weather|SunnyDay|[upkeep]\n|upkeep\n|\n|t:|1696003185\n|switch|p2b: La bomba|Machamp, F, tera:Dark|58\/100\n|switch|p1a: edible|Amoonguss, M, shiny|100\/100\n|turn|15\n|\n|t:|1696003194\n|move|p2a: Armaldo|Rock Slide|p1b: heat|[spread] p1b\n|-miss|p2a: Armaldo|p1a: edible\n|-supereffective|p1b: heat\n|-damage|p1b: heat|0 fnt\n|faint|p1b: heat\n|move|p2b: La bomba|Dynamic Punch|p1a: edible\n|-resisted|p1a: edible\n|-damage|p1a: edible|81\/100\n|-start|p1a: edible|confusion\n|-activate|p1a: edible|confusion\n|-damage|p1a: edible|75\/100|[from] confusion\n|\n|-weather|SunnyDay|[upkeep]\n|-heal|p2b: La bomba|64\/100|[from] item: Leftovers\n|upkeep\n|turn|16\n|\n|t:|1696003208\n|move|p2a: Armaldo|Rock Slide|p1a: edible|[miss]\n|-miss|p2a: Armaldo|p1a: edible\n|move|p2b: La bomba|Knock Off|p1a: edible\n|-damage|p1a: edible|49\/100\n|-end|p1a: edible|confusion\n|move|p1a: edible|Pollen Puff|p2b: La bomba\n|-supereffective|p2b: La bomba\n|-damage|p2b: La bomba|34\/100\n|\n|-weather|SunnyDay|[upkeep]\n|-heal|p2b: La bomba|40\/100|[from] item: Leftovers\n|upkeep\n|turn|17\n|\n|t:|1696003223\n|move|p2a: Armaldo|Rock Slide|p1a: edible\n|-damage|p1a: edible|8\/100\n|move|p2b: La bomba|Dynamic Punch|p1a: edible\n|-resisted|p1a: edible\n|-damage|p1a: edible|0 fnt\n|faint|p1a: edible\n|\n|win|fumbari 24\n|raw|purrglar's rating: 1208 &rarr; <strong>1192<\/strong><br \/>(-16 for losing)\n|raw|fumbari 24's rating: 1334 &rarr; <strong>1347<\/strong><br \/>(+13 for winning)\n|l|\u2606purrglar\n|j| El Ryuk456\n","uploadtime":1696003269,"views":7,"p1id":"purrglar","p2id":"fumbari24","formatid":"gen9nationaldexdoubles","rating":1192,"private":0,"password":""}