{"id":"gen9nationaldexdoubles-1988283569","p1":"fumbari 24","p2":"SuperZachattacka","format":"[Gen 9] National Dex Doubles","log":"|j|\u2606fumbari 24\n|j|\u2606SuperZachattacka\n|t:|1699701366\n|gametype|doubles\n|player|p1|fumbari 24|hilbert|1366\n|player|p2|SuperZachattacka|swimmer-gen4|1237\n|teamsize|p1|6\n|teamsize|p2|6\n|gen|9\n|tier|[Gen 9] National Dex Doubles\n|rated|\n|rule|HP Percentage Mod: HP is shown in percentages\n|rule|Endless Battle Clause: Forcing endless battles is banned\n|rule|OHKO Clause: OHKO moves are banned\n|rule|Evasion Moves Clause: Evasion moves are banned\n|rule|Evasion Abilities Clause: Evasion abilities are banned\n|rule|Species Clause: Limit one of each Pok\u00e9mon\n|rule|Gravity Sleep Clause: The combination of sleep-inducing moves with imperfect accuracy and Gravity or Gigantamax Orbeetle are banned\n|clearpoke\n|poke|p1|Thundurus-Therian, M|\n|poke|p1|Latias, F|\n|poke|p1|Blastoise, M|\n|poke|p1|Pelipper, M|\n|poke|p1|Gardevoir, F|\n|poke|p1|Meowscarada, M|\n|poke|p2|Kangaskhan, F|\n|poke|p2|Mightyena, M|\n|poke|p2|Medicham, M|\n|poke|p2|Regigigas|\n|poke|p2|Keldeo-Resolute|\n|poke|p2|Clefairy, M|\n|teampreview\n|inactive|Battle timer is ON: inactive players will automatically lose when time's up. (requested by SuperZachattacka)\n|c|\u2606SuperZachattacka|Glhf\n|\n|t:|1699701388\n|start\n|switch|p1a: Strike|Thundurus-Therian, M|100\/100\n|switch|p1b: Harbor|Blastoise, M|100\/100\n|switch|p2a: Kangaskhan|Kangaskhan, F|100\/100\n|switch|p2b: Mightyena|Mightyena, M|100\/100\n|-ability|p2b: Mightyena|Intimidate|boost\n|-unboost|p1a: Strike|atk|1\n|-unboost|p1b: Harbor|atk|1\n|turn|1\n|\n|t:|1699701405\n|move|p2a: Kangaskhan|Fake Out|p1a: Strike\n|-crit|p1a: Strike\n|-damage|p1a: Strike|55\/100\n|move|p1b: Harbor|Fake Out|p2b: Mightyena\n|-damage|p2b: Mightyena|93\/100\n|cant|p1a: Strike|flinch\n|cant|p2b: Mightyena|flinch\n|\n|upkeep\n|turn|2\n|\n|t:|1699701429\n|switch|p2b: Clefairy|Clefairy, M|100\/100\n|move|p1b: Harbor|Follow Me|p1b: Harbor\n|-singleturn|p1b: Harbor|move: Follow Me\n|move|p1a: Strike|Wildbolt Storm|p2a: Kangaskhan|[spread] p2a,p2b\n|-crit|p2a: Kangaskhan\n|-damage|p2a: Kangaskhan|51\/100\n|-damage|p2b: Clefairy|68\/100\n|move|p2a: Kangaskhan|Last Resort|p1b: Harbor\n|-damage|p1b: Harbor|45\/100\n|\n|-heal|p1b: Harbor|51\/100|[from] item: Leftovers\n|upkeep\n|turn|3\n|\n|t:|1699701458\n|move|p1a: Strike|Volt Switch|p2a: Kangaskhan\n|-damage|p2a: Kangaskhan|22\/100\n|\n|t:|1699701461\n|switch|p1a: Mine Mine|Pelipper, M|100\/100|[from] Volt Switch\n|-weather|RainDance|[from] ability: Drizzle|[of] p1a: Mine Mine\n|move|p2a: Kangaskhan|Last Resort|p1a: Mine Mine\n|-damage|p1a: Mine Mine|24\/100\n|move|p1b: Harbor|Scald|p2a: Kangaskhan\n|-crit|p2a: Kangaskhan\n|-damage|p2a: Kangaskhan|0 fnt\n|faint|p2a: Kangaskhan\n|move|p2b: Clefairy|Heal Pulse|p2: Kangaskhan|[notarget]\n|-fail|p2b: Clefairy\n|\n|-weather|RainDance|[upkeep]\n|-heal|p1b: Harbor|57\/100|[from] ability: Rain Dish\n|-heal|p1b: Harbor|63\/100|[from] item: Leftovers\n|upkeep\n|inactive|SuperZachattacka has 120 seconds left.\n|\n|t:|1699701482\n|switch|p2a: Mightyena|Mightyena, M|93\/100\n|-ability|p2a: Mightyena|Intimidate|boost\n|-unboost|p1a: Mine Mine|atk|1\n|-unboost|p1b: Harbor|atk|1\n|turn|4\n|\n|t:|1699701491\n|move|p2a: Mightyena|Crunch|p1a: Mine Mine\n|-damage|p1a: Mine Mine|0 fnt\n|faint|p1a: Mine Mine\n|move|p1b: Harbor|Scald|p2a: Mightyena\n|-damage|p2a: Mightyena|41\/100\n|-status|p2a: Mightyena|brn\n|move|p2b: Clefairy|Moonblast|p1b: Harbor\n|-damage|p1b: Harbor|43\/100\n|\n|-weather|RainDance|[upkeep]\n|-heal|p1b: Harbor|49\/100|[from] ability: Rain Dish\n|-heal|p1b: Harbor|55\/100|[from] item: Leftovers\n|-damage|p2a: Mightyena|35\/100 brn|[from] brn\n|upkeep\n|\n|t:|1699701499\n|switch|p1a: Strike|Thundurus-Therian, M|55\/100\n|turn|5\n|\n|t:|1699701515\n|move|p1a: Strike|Wildbolt Storm|p2a: Mightyena|[spread] p2a,p2b\n|-damage|p2a: Mightyena|0 fnt\n|-damage|p2b: Clefairy|39\/100\n|-status|p2b: Clefairy|par\n|faint|p2a: Mightyena\n|move|p1b: Harbor|Scald|p2b: Clefairy\n|-damage|p2b: Clefairy|11\/100 par\n|move|p2b: Clefairy|Moonblast|p1a: Strike\n|-damage|p1a: Strike|39\/100\n|-unboost|p1a: Strike|spa|1\n|\n|-weather|RainDance|[upkeep]\n|-heal|p1b: Harbor|61\/100|[from] ability: Rain Dish\n|-heal|p1b: Harbor|67\/100|[from] item: Leftovers\n|upkeep\n|\n|t:|1699701529\n|switch|p2a: Medicham|Medicham, M|100\/100\n|turn|6\n|\n|t:|1699701541\n|switch|p1a: Mirage|Latias, F|100\/100\n|detailschange|p2a: Medicham|Medicham-Mega, M\n|-mega|p2a: Medicham|Medicham|Medichamite\n|move|p2a: Medicham|Fake Out|p1a: Mirage\n|-damage|p1a: Mirage|79\/100\n|move|p1b: Harbor|Scald|p2b: Clefairy\n|-crit|p2b: Clefairy\n|-damage|p2b: Clefairy|0 fnt\n|faint|p2b: Clefairy\n|\n|-weather|RainDance|[upkeep]\n|-heal|p1b: Harbor|73\/100|[from] ability: Rain Dish\n|-heal|p1b: Harbor|80\/100|[from] item: Leftovers\n|upkeep\n|inactive|SuperZachattacka has 120 seconds left.\n|\n|t:|1699701582\n|switch|p2b: Keldeo|Keldeo-Resolute|100\/100\n|turn|7\n|l|\u2606fumbari 24\n|inactive|fumbari 24 disconnected and has a minute to reconnect!\n|player|p1|\n|j|\u2606fumbari 24\n|inactive|fumbari 24 reconnected and has 130 seconds left.\n|player|p1|fumbari 24|hilbert\n|inactive|fumbari 24 has 120 seconds left.\n|\n|t:|1699701614\n|switch|p2a: Regigigas|Regigigas|100\/100\n|-start|p2a: Regigigas|ability: Slow Start\n|move|p2b: Keldeo|Icy Wind|p1a: Mirage|[spread] p1a\n|-miss|p2b: Keldeo|p1b: Harbor\n|-supereffective|p1a: Mirage\n|-damage|p1a: Mirage|53\/100\n|-unboost|p1a: Mirage|spe|1\n|-damage|p2b: Keldeo|91\/100|[from] item: Life Orb\n|-zpower|p1a: Mirage\n|move|p1a: Mirage|Shattered Psyche|p2b: Keldeo|[zeffect]\n|-supereffective|p2b: Keldeo\n|-damage|p2b: Keldeo|0 fnt\n|faint|p2b: Keldeo\n|move|p1b: Harbor|Scald|p2a: Regigigas\n|-damage|p2a: Regigigas|71\/100\n|-status|p2a: Regigigas|brn\n|\n|-weather|RainDance|[upkeep]\n|-heal|p1b: Harbor|86\/100|[from] ability: Rain Dish\n|-heal|p1b: Harbor|92\/100|[from] item: Leftovers\n|-heal|p2a: Regigigas|77\/100 brn|[from] item: Leftovers\n|-damage|p2a: Regigigas|71\/100 brn|[from] brn\n|upkeep\n|inactive|SuperZachattacka has 120 seconds left.\n|l|\u2606fumbari 24\n|inactive|fumbari 24 disconnected and has a minute to reconnect!\n|player|p1|\n|\n|t:|1699701647\n|switch|p2b: Medicham|Medicham-Mega, M|100\/100\n|turn|8\n|inactive|SuperZachattacka has 120 seconds left.\n|j|\u2606fumbari 24\n|inactive|fumbari 24 reconnected and has 140 seconds left.\n|player|p1|fumbari 24|hilbert\n|\n|t:|1699701666\n|move|p2b: Medicham|Fake Out|p1a: Mirage\n|-damage|p1a: Mirage|30\/100\n|move|p1b: Harbor|Follow Me|p1b: Harbor\n|-singleturn|p1b: Harbor|move: Follow Me\n|cant|p1a: Mirage|flinch\n|move|p2a: Regigigas|Knock Off|p1b: Harbor\n|-damage|p1b: Harbor|84\/100\n|-enditem|p1b: Harbor|Leftovers|[from] move: Knock Off|[of] p2a: Regigigas\n|\n|-weather|RainDance|[upkeep]\n|-heal|p1b: Harbor|91\/100|[from] ability: Rain Dish\n|-heal|p2a: Regigigas|77\/100 brn|[from] item: Leftovers\n|-damage|p2a: Regigigas|71\/100 brn|[from] brn\n|upkeep\n|turn|9\n|inactive|SuperZachattacka has 120 seconds left.\n|\n|t:|1699701709\n|move|p1b: Harbor|Follow Me|p1b: Harbor\n|-singleturn|p1b: Harbor|move: Follow Me\n|move|p2b: Medicham|Skill Swap|p1b: Harbor\n|-activate|p2b: Medicham|move: Skill Swap|Rain Dish|Pure Power|[of] p1b: Harbor\n|move|p1a: Mirage|Icy Wind|p2a: Regigigas|[spread] p2a,p2b\n|-damage|p2a: Regigigas|61\/100 brn\n|-damage|p2b: Medicham|83\/100\n|-unboost|p2a: Regigigas|spe|1\n|-unboost|p2b: Medicham|spe|1\n|move|p2a: Regigigas|Knock Off|p1b: Harbor\n|-damage|p1b: Harbor|86\/100\n|\n|-weather|RainDance|[upkeep]\n|-heal|p2b: Medicham|89\/100|[from] ability: Rain Dish\n|-heal|p2a: Regigigas|67\/100 brn|[from] item: Leftovers\n|-damage|p2a: Regigigas|61\/100 brn|[from] brn\n|upkeep\n|turn|10\n|inactive|SuperZachattacka has 120 seconds left.\n|\n|t:|1699701725\n|move|p1b: Harbor|Follow Me|p1b: Harbor\n|-singleturn|p1b: Harbor|move: Follow Me\n|move|p2b: Medicham|Skill Swap|p1b: Harbor\n|-activate|p2b: Medicham|move: Skill Swap|Pure Power|Rain Dish|[of] p1b: Harbor\n|move|p1a: Mirage|Recover|p1a: Mirage\n|-heal|p1a: Mirage|80\/100\n|move|p2a: Regigigas|Knock Off|p1b: Harbor\n|-damage|p1b: Harbor|81\/100\n|\n|-weather|none\n|-heal|p2a: Regigigas|67\/100 brn|[from] item: Leftovers\n|-damage|p2a: Regigigas|61\/100 brn|[from] brn\n|upkeep\n|turn|11\n|inactive|SuperZachattacka has 120 seconds left.\n|inactive|SuperZachattacka has 90 seconds left.\n|\n|t:|1699701776\n|move|p1b: Harbor|Follow Me|p1b: Harbor\n|-singleturn|p1b: Harbor|move: Follow Me\n|move|p2b: Medicham|Zen Headbutt|p1b: Harbor\n|-damage|p1b: Harbor|34\/100\n|move|p1a: Mirage|Icy Wind|p2b: Medicham|[spread] p2a,p2b\n|-damage|p2a: Regigigas|48\/100 brn\n|-damage|p2b: Medicham|71\/100\n|-unboost|p2a: Regigigas|spe|1\n|-unboost|p2b: Medicham|spe|1\n|move|p2a: Regigigas|Facade|p1b: Harbor\n|-crit|p1b: Harbor\n|-damage|p1b: Harbor|0 fnt\n|faint|p1b: Harbor\n|\n|-heal|p2a: Regigigas|55\/100 brn|[from] item: Leftovers\n|-damage|p2a: Regigigas|48\/100 brn|[from] brn\n|-end|p2a: Regigigas|Slow Start\n|upkeep\n|\n|t:|1699701792\n|switch|p1b: Belle|Gardevoir, F, shiny|100\/100\n|-ability|p1b: Belle|Pure Power|[from] ability: Trace|[of] p2b: Medicham\n|turn|12\n|inactive|SuperZachattacka has 90 seconds left.\n|inactive|SuperZachattacka has 60 seconds left.\n|c|\u2606fumbari 24|Gg\n|c|\u2606SuperZachattacka|Gg\n|inactive|SuperZachattacka has 30 seconds left.\n|\n|t:|1699701880\n|detailschange|p1b: Belle|Gardevoir-Mega, F, shiny\n|-mega|p1b: Belle|Gardevoir|Gardevoirite\n|move|p1b: Belle|Hyper Voice|p2a: Regigigas|[spread] p2a,p2b\n|-supereffective|p2b: Medicham\n|-damage|p2a: Regigigas|3\/100 brn\n|-damage|p2b: Medicham|0 fnt\n|faint|p2b: Medicham\n|move|p1a: Mirage|Psychic|p2a: Regigigas\n|-damage|p2a: Regigigas|0 fnt\n|faint|p2a: Regigigas\n|-end|p2a: Regigigas|Slow Start|[silent]\n|\n|win|fumbari 24\n|raw|fumbari 24's rating: 1366 &rarr; <strong>1379<\/strong><br \/>(+13 for winning)\n|raw|SuperZachattacka's rating: 1237 &rarr; <strong>1221<\/strong><br \/>(-16 for losing)\n|l|\u2606SuperZachattacka\n","uploadtime":1699701899,"views":10,"p1id":"fumbari24","p2id":"superzachattacka","formatid":"gen9nationaldexdoubles","rating":1221,"private":0,"password":""}