{"id":"gen9nationaldexdoubles-1972882061","p1":"Overlord Veilmor","p2":"50stunzeed","format":"[Gen 9] National Dex Doubles","log":"|j|\u2606Overlord Veilmor\n|j|\u260650stunzeed\n|t:|1697905193\n|gametype|doubles\n|player|p1|Overlord Veilmor|colress|1040\n|player|p2|50stunzeed|proton|1078\n|teamsize|p1|6\n|teamsize|p2|6\n|gen|9\n|tier|[Gen 9] National Dex Doubles\n|rated|\n|rule|HP Percentage Mod: HP is shown in percentages\n|rule|Endless Battle Clause: Forcing endless battles is banned\n|rule|OHKO Clause: OHKO moves are banned\n|rule|Evasion Moves Clause: Evasion moves are banned\n|rule|Evasion Abilities Clause: Evasion abilities are banned\n|rule|Species Clause: Limit one of each Pok\u00e9mon\n|rule|Gravity Sleep Clause: The combination of sleep-inducing moves with imperfect accuracy and Gravity or Gigantamax Orbeetle are banned\n|clearpoke\n|poke|p1|Jumpluff, M|\n|poke|p1|Trevenant, F|\n|poke|p1|Sinistcha-Masterpiece|\n|poke|p1|Lilligant-Hisui, F|\n|poke|p1|Sunflora, M|\n|poke|p1|Arboliva, F|\n|poke|p2|Jirachi|\n|poke|p2|Eevee, F|\n|poke|p2|Manaphy|\n|poke|p2|Regigigas|\n|poke|p2|Indeedee-F, F|\n|poke|p2|Flamigo, F|\n|teampreview\n|\n|t:|1697905206\n|start\n|switch|p1a: Jumpluff|Jumpluff, M|100\/100\n|switch|p1b: Sunflora|Sunflora, M|100\/100\n|switch|p2a: Flamigo|Flamigo, F|100\/100\n|switch|p2b: Indeedee|Indeedee-F, F|100\/100\n|-copyboost|p2a: Flamigo|p2b: Indeedee|[from] ability: Costar\n|-fieldstart|move: Psychic Terrain|[from] ability: Psychic Surge|[of] p2b: Indeedee\n|turn|1\n|\n|t:|1697905213\n|move|p1a: Jumpluff|Sunny Day|p1a: Jumpluff\n|-weather|SunnyDay\n|move|p2a: Flamigo|Agility|p2a: Flamigo\n|-boost|p2a: Flamigo|spe|2\n|move|p2b: Indeedee|Skill Swap|p2a: Flamigo\n|-activate|p2b: Indeedee|move: Skill Swap|||[of] p2a: Flamigo\n|-copyboost|p2b: Indeedee|p2a: Flamigo|[from] ability: Costar\n|move|p1b: Sunflora|Substitute|p1b: Sunflora\n|-start|p1b: Sunflora|Substitute\n|-damage|p1b: Sunflora|76\/100\n|\n|-weather|SunnyDay|[upkeep]\n|-damage|p1b: Sunflora|63\/100|[from] ability: Solar Power|[of] p1b: Sunflora\n|-heal|p1b: Sunflora|69\/100|[from] item: Leftovers\n|upkeep\n|turn|2\n|\n|t:|1697905238\n|switch|p2a: Eevee|Eevee, F|100\/100\n|move|p2b: Indeedee|Follow Me|p2b: Indeedee\n|-singleturn|p2b: Indeedee|move: Follow Me\n|move|p1a: Jumpluff|Tailwind|p1a: Jumpluff\n|-sidestart|p1: Overlord Veilmor|move: Tailwind\n|move|p1b: Sunflora|Giga Drain|p2b: Indeedee\n|-damage|p2b: Indeedee|69\/100\n|-heal|p1b: Sunflora|84\/100|[from] drain|[of] p2b: Indeedee\n|\n|-weather|SunnyDay|[upkeep]\n|-damage|p1b: Sunflora|71\/100|[from] ability: Solar Power|[of] p1b: Sunflora\n|-heal|p1b: Sunflora|78\/100|[from] item: Leftovers\n|upkeep\n|turn|3\n|\n|t:|1697905264\n|move|p2b: Indeedee|Follow Me|p2b: Indeedee\n|-singleturn|p2b: Indeedee|move: Follow Me\n|move|p1a: Jumpluff|U-turn|p2b: Indeedee\n|-supereffective|p2b: Indeedee\n|-damage|p2b: Indeedee|45\/100\n|\n|t:|1697905271\n|switch|p1a: Trevenant|Trevenant, F|100\/100|[from] U-turn\n|-zpower|p2a: Eevee\n|move|p2a: Eevee|Extreme Evoboost|p2a: Eevee\n|-boost|p2a: Eevee|atk|2\n|-boost|p2a: Eevee|def|2\n|-boost|p2a: Eevee|spa|2\n|-boost|p2a: Eevee|spd|2\n|-boost|p2a: Eevee|spe|2\n|move|p1b: Sunflora|Earth Power|p2b: Indeedee\n|-damage|p2b: Indeedee|17\/100\n|-enditem|p2b: Indeedee|Aguav Berry|[eat]\n|-heal|p2b: Indeedee|50\/100|[from] item: Aguav Berry\n|\n|-weather|SunnyDay|[upkeep]\n|-damage|p1b: Sunflora|65\/100|[from] ability: Solar Power|[of] p1b: Sunflora\n|-heal|p1b: Sunflora|71\/100|[from] item: Leftovers\n|upkeep\n|turn|4\n|\n|t:|1697905321\n|move|p2a: Eevee|Substitute|p2a: Eevee\n|-start|p2a: Eevee|Substitute\n|-damage|p2a: Eevee|76\/100\n|move|p2b: Indeedee|Psych Up|p2a: Eevee\n|-copyboost|p2b: Indeedee|p2a: Eevee|[from] move: Psych Up\n|move|p1a: Trevenant|Leech Seed||[still]\n|-fail|p1a: Trevenant\n|move|p1b: Sunflora|Giga Drain|p2a: Eevee\n|-end|p2a: Eevee|Substitute\n|-heal|p1b: Sunflora|82\/100|[from] drain|[of] p2a: Eevee\n|\n|-weather|SunnyDay|[upkeep]\n|-damage|p1b: Sunflora|70\/100|[from] ability: Solar Power|[of] p1b: Sunflora\n|-heal|p1b: Sunflora|76\/100|[from] item: Leftovers\n|upkeep\n|turn|5\n|\n|t:|1697905366\n|switch|p1a: Arboliva|Arboliva, F|100\/100\n|switch|p1b: Lilligant|Lilligant-Hisui, F|100\/100\n|move|p2a: Eevee|Baton Pass|p2a: Eevee\n|\n|t:|1697905373\n|switch|p2a: Regigigas|Regigigas, shiny|100\/100|[from] Baton Pass\n|-start|p2a: Regigigas|ability: Slow Start\n|move|p2b: Indeedee|Skill Swap|p2a: Regigigas\n|-activate|p2b: Indeedee|move: Skill Swap|||[of] p2a: Regigigas\n|-end|p2a: Regigigas|Slow Start|[silent]\n|-start|p2b: Indeedee|ability: Slow Start\n|-copyboost|p2a: Regigigas|p2b: Indeedee|[from] ability: Costar\n|\n|-weather|SunnyDay|[upkeep]\n|-sideend|p1: Overlord Veilmor|move: Tailwind\n|-fieldend|move: Psychic Terrain\n|upkeep\n|turn|6\n|\n|t:|1697905395\n|move|p2a: Regigigas|Iron Head|p1b: Lilligant\n|-damage|p1b: Lilligant|0 fnt\n|faint|p1b: Lilligant\n|move|p2b: Indeedee|Baton Pass|p2b: Indeedee\n|\n|t:|1697905403\n|-end|p2b: Indeedee|Slow Start|[silent]\n|switch|p2b: Jirachi|Jirachi|100\/100|[from] Baton Pass\n|-item|p2b: Jirachi|Air Balloon\n|move|p1a: Arboliva|Hyper Voice|p2b: Jirachi|[spread] p2a,p2b\n|-resisted|p2b: Jirachi\n|-damage|p2a: Regigigas|89\/100\n|-damage|p2b: Jirachi|91\/100\n|-enditem|p2b: Jirachi|Air Balloon\n|-enditem|p1a: Arboliva|Throat Spray\n|-boost|p1a: Arboliva|spa|1|[from] item: Throat Spray\n|\n|-weather|SunnyDay|[upkeep]\n|upkeep\n|\n|t:|1697905416\n|switch|p1b: Jumpluff|Jumpluff, M|100\/100\n|turn|7\n|\n|t:|1697905429\n|move|p1b: Jumpluff|Tailwind|p1b: Jumpluff\n|-sidestart|p1: Overlord Veilmor|move: Tailwind\n|move|p2b: Jirachi|Skill Swap|p2a: Regigigas\n|-activate|p2b: Jirachi|move: Skill Swap|||[of] p2a: Regigigas\n|-copyboost|p2b: Jirachi|p2a: Regigigas|[from] ability: Costar\n|move|p2a: Regigigas|Iron Head|p2b: Jirachi\n|-resisted|p2b: Jirachi\n|-damage|p2b: Jirachi|75\/100\n|move|p1a: Arboliva|Dazzling Gleam|p2b: Jirachi|[spread] p2a,p2b\n|-resisted|p2b: Jirachi\n|-damage|p2a: Regigigas|79\/100\n|-damage|p2b: Jirachi|67\/100\n|\n|-weather|SunnyDay|[upkeep]\n|upkeep\n|turn|8\n|\n|t:|1697905457\n|move|p1b: Jumpluff|U-turn|p2b: Jirachi\n|-damage|p2b: Jirachi|61\/100\n|\n|t:|1697905465\n|switch|p1b: Trevenant|Trevenant, F|100\/100|[from] U-turn\n|move|p2b: Jirachi|Dazzling Gleam|p1b: Trevenant|[spread] p1a,p1b\n|-damage|p1a: Arboliva|68\/100\n|-damage|p1b: Trevenant|74\/100\n|-fieldstart|move: Grassy Terrain|[from] ability: Seed Sower|[of] p1a: Arboliva\n|move|p2a: Regigigas|Smack Down|p1b: Trevenant\n|-damage|p1b: Trevenant|30\/100\n|-enditem|p1b: Trevenant|Sitrus Berry|[eat]\n|-heal|p1b: Trevenant|55\/100|[from] item: Sitrus Berry\n|move|p1a: Arboliva|Solar Beam||[still]\n|-prepare|p1a: Arboliva|Solar Beam\n|-anim|p1a: Arboliva|Solar Beam|p2a: Regigigas\n|-damage|p2a: Regigigas|41\/100\n|\n|-weather|none\n|-heal|p2a: Regigigas|47\/100|[from] Grassy Terrain\n|-heal|p2b: Jirachi|68\/100|[from] Grassy Terrain\n|-heal|p1b: Trevenant|61\/100|[from] Grassy Terrain\n|-heal|p1a: Arboliva|75\/100|[from] Grassy Terrain\n|-item|p1b: Trevenant|Sitrus Berry|[from] ability: Harvest\n|upkeep\n|turn|9\n|\n|t:|1697905497\n|move|p2b: Jirachi|Ancient Power|p1b: Trevenant\n|-damage|p1b: Trevenant|34\/100\n|-enditem|p1b: Trevenant|Sitrus Berry|[eat]\n|-heal|p1b: Trevenant|59\/100|[from] item: Sitrus Berry\n|move|p2a: Regigigas|Return|p1a: Arboliva\n|-damage|p1a: Arboliva|0 fnt\n|faint|p1a: Arboliva\n|move|p1b: Trevenant|Curse|p2b: Jirachi\n|-start|p2b: Jirachi|Curse|[of] p1b: Trevenant\n|-damage|p1b: Trevenant|9\/100\n|\n|-heal|p2a: Regigigas|53\/100|[from] Grassy Terrain\n|-heal|p2b: Jirachi|74\/100|[from] Grassy Terrain\n|-heal|p1b: Trevenant|15\/100|[from] Grassy Terrain\n|-damage|p2b: Jirachi|49\/100|[from] Curse\n|upkeep\n|\n|t:|1697905516\n|switch|p1a: Sinistcha|Sinistcha-Masterpiece|100\/100\n|-heal|p1b: Trevenant|40\/100|[from] ability: Hospitality|[of] p1a: Sinistcha\n|turn|10\n|\n|t:|1697905528\n|switch|p2b: Eevee|Eevee, F|76\/100\n|move|p1b: Trevenant|Protect|p1b: Trevenant\n|-singleturn|p1b: Trevenant|Protect\n|move|p2a: Regigigas|Iron Head|p1b: Trevenant\n|-activate|p1b: Trevenant|move: Protect\n|move|p1a: Sinistcha|Matcha Gotcha|p2a: Regigigas|[spread] p2a,p2b\n|-damage|p2a: Regigigas|40\/100\n|-damage|p2b: Eevee|10\/100\n|-status|p2a: Regigigas|brn\n|\n|-heal|p2a: Regigigas|46\/100 brn|[from] Grassy Terrain\n|-heal|p1b: Trevenant|46\/100|[from] Grassy Terrain\n|-heal|p2b: Eevee|16\/100|[from] Grassy Terrain\n|-damage|p2a: Regigigas|40\/100 brn|[from] brn\n|-sideend|p1: Overlord Veilmor|move: Tailwind\n|-item|p1b: Trevenant|Sitrus Berry|[from] ability: Harvest\n|upkeep\n|-enditem|p1b: Trevenant|Sitrus Berry|[eat]\n|-heal|p1b: Trevenant|71\/100|[from] item: Sitrus Berry\n|turn|11\n|\n|t:|1697905559\n|move|p2a: Regigigas|Iron Head|p1b: Trevenant\n|-damage|p1b: Trevenant|31\/100\n|move|p2b: Eevee|Wish|p2b: Eevee\n|move|p1a: Sinistcha|Matcha Gotcha|p2a: Regigigas|[spread] p2a,p2b\n|-damage|p2a: Regigigas|26\/100 brn\n|-damage|p2b: Eevee|0 fnt\n|faint|p2b: Eevee\n|cant|p1b: Trevenant|flinch\n|\n|-heal|p2a: Regigigas|32\/100 brn|[from] Grassy Terrain\n|-heal|p1b: Trevenant|37\/100|[from] Grassy Terrain\n|-damage|p2a: Regigigas|26\/100 brn|[from] brn\n|upkeep\n|\n|t:|1697905574\n|switch|p2b: Jirachi|Jirachi|49\/100\n|turn|12\n|\n|t:|1697905587\n|switch|p1b: Jumpluff|Jumpluff, M|100\/100\n|move|p2a: Regigigas|Iron Head|p1a: Sinistcha\n|-damage|p1a: Sinistcha|68\/100\n|move|p2b: Jirachi|Ancient Power|p1b: Jumpluff\n|-supereffective|p1b: Jumpluff\n|-damage|p1b: Jumpluff|66\/100\n|move|p1a: Sinistcha|Strength Sap|p2b: Jirachi\n|-unboost|p2b: Jirachi|atk|1\n|-heal|p1a: Sinistcha|100\/100\n|\n|-heal|p2b: Jirachi|95\/100|[from] move: Wish|[wisher] Eevee\n|-heal|p2a: Regigigas|32\/100 brn|[from] Grassy Terrain\n|-heal|p2b: Jirachi|100\/100|[from] Grassy Terrain\n|-damage|p2a: Regigigas|26\/100 brn|[from] brn\n|-fieldend|move: Grassy Terrain\n|upkeep\n|turn|13\n|\n|t:|1697905609\n|move|p2a: Regigigas|Iron Head|p1a: Sinistcha\n|-damage|p1a: Sinistcha|70\/100\n|move|p1b: Jumpluff|Sunny Day|p1b: Jumpluff\n|-weather|SunnyDay\n|move|p2b: Jirachi|Ancient Power|p1b: Jumpluff\n|-supereffective|p1b: Jumpluff\n|-damage|p1b: Jumpluff|30\/100\n|cant|p1a: Sinistcha|flinch\n|\n|-weather|SunnyDay|[upkeep]\n|-damage|p2a: Regigigas|20\/100 brn|[from] brn\n|upkeep\n|turn|14\n|\n|t:|1697905627\n|move|p1b: Jumpluff|Strength Sap|p2b: Jirachi\n|-unboost|p2b: Jirachi|atk|1\n|-heal|p1b: Jumpluff|64\/100\n|move|p2a: Regigigas|Smack Down|p1b: Jumpluff\n|-supereffective|p1b: Jumpluff\n|-crit|p1b: Jumpluff\n|-damage|p1b: Jumpluff|0 fnt\n|faint|p1b: Jumpluff\n|move|p2b: Jirachi|Dazzling Gleam|p1a: Sinistcha\n|-damage|p1a: Sinistcha|42\/100\n|move|p1a: Sinistcha|Matcha Gotcha|p2a: Regigigas|[spread] p2a,p2b\n|-resisted|p2b: Jirachi\n|-damage|p2a: Regigigas|11\/100 brn\n|-heal|p1a: Sinistcha|47\/100|[from] drain|[of] p2a: Regigigas\n|-damage|p2b: Jirachi|85\/100\n|-heal|p1a: Sinistcha|55\/100|[from] drain|[of] p2b: Jirachi\n|\n|-weather|SunnyDay|[upkeep]\n|-damage|p2a: Regigigas|5\/100 brn|[from] brn\n|upkeep\n|\n|t:|1697905648\n|switch|p1b: Sunflora|Sunflora, M|76\/100\n|turn|15\n|\n|t:|1697905670\n|switch|p2b: Flamigo|Flamigo, F|100\/100\n|-copyboost|p2b: Flamigo|p2a: Regigigas|[from] ability: Costar\n|move|p2a: Regigigas|Return|p1b: Sunflora\n|-damage|p1b: Sunflora|0 fnt\n|faint|p1b: Sunflora\n|move|p1a: Sinistcha|Strength Sap|p2b: Flamigo\n|-unboost|p2b: Flamigo|atk|1\n|-heal|p1a: Sinistcha|100\/100\n|\n|-weather|SunnyDay|[upkeep]\n|-damage|p2a: Regigigas|0 fnt|[from] brn\n|faint|p2a: Regigigas\n|upkeep\n|\n|t:|1697905685\n|switch|p2a: Medic|Manaphy|100\/100\n|switch|p1b: Trevenant|Trevenant, F|37\/100\n|turn|16\n|\n|t:|1697905695\n|move|p2b: Flamigo|Protect|p2b: Flamigo\n|-singleturn|p2b: Flamigo|Protect\n|move|p1b: Trevenant|Protect|p1b: Trevenant\n|-singleturn|p1b: Trevenant|Protect\n|move|p2a: Medic|Heart Swap|p2b: Flamigo\n|-activate|p2b: Flamigo|move: Protect\n|move|p1a: Sinistcha|Matcha Gotcha|p2a: Medic|[spread] p2a\n|-activate|p2b: Flamigo|move: Protect\n|-supereffective|p2a: Medic\n|-damage|p2a: Medic|60\/100\n|\n|-weather|SunnyDay|[upkeep]\n|-heal|p2a: Medic|66\/100|[from] item: Leftovers\n|-item|p1b: Trevenant|Sitrus Berry|[from] ability: Harvest\n|upkeep\n|-enditem|p1b: Trevenant|Sitrus Berry|[eat]\n|-heal|p1b: Trevenant|62\/100|[from] item: Sitrus Berry\n|turn|17\n|\n|t:|1697905726\n|move|p2b: Flamigo|Agility|p2b: Flamigo\n|-boost|p2b: Flamigo|spe|2\n|move|p2a: Medic|Heart Swap|p2b: Flamigo\n|-swapboost|p2a: Medic|p2b: Flamigo|[from] move: Heart Swap\n|move|p1a: Sinistcha|Matcha Gotcha|p2a: Medic|[spread] p2a,p2b\n|-supereffective|p2a: Medic\n|-crit|p2a: Medic\n|-resisted|p2b: Flamigo\n|-damage|p2a: Medic|5\/100\n|-damage|p2b: Flamigo|87\/100\n|move|p1b: Trevenant|Curse|p2b: Flamigo\n|-start|p2b: Flamigo|Curse|[of] p1b: Trevenant\n|-damage|p1b: Trevenant|12\/100\n|\n|-weather|SunnyDay|[upkeep]\n|-heal|p2a: Medic|11\/100|[from] item: Leftovers\n|-damage|p2b: Flamigo|62\/100|[from] Curse\n|-item|p1b: Trevenant|Sitrus Berry|[from] ability: Harvest\n|upkeep\n|-enditem|p1b: Trevenant|Sitrus Berry|[eat]\n|-heal|p1b: Trevenant|37\/100|[from] item: Sitrus Berry\n|turn|18\n|\n|t:|1697905752\n|switch|p2b: Jirachi|Jirachi|85\/100\n|move|p1b: Trevenant|Protect|p1b: Trevenant\n|-singleturn|p1b: Trevenant|Protect\n|move|p2a: Medic|Heart Swap|p2b: Jirachi\n|-swapboost|p2a: Medic|p2b: Jirachi|[from] move: Heart Swap\n|move|p1a: Sinistcha|Matcha Gotcha|p2a: Medic|[spread] p2a,p2b\n|-supereffective|p2a: Medic\n|-resisted|p2b: Jirachi\n|-damage|p2a: Medic|0 fnt\n|-damage|p2b: Jirachi|76\/100\n|faint|p2a: Medic\n|\n|-weather|SunnyDay|[upkeep]\n|-item|p1b: Trevenant|Sitrus Berry|[from] ability: Harvest\n|upkeep\n|-enditem|p1b: Trevenant|Sitrus Berry|[eat]\n|-heal|p1b: Trevenant|61\/100|[from] item: Sitrus Berry\n|\n|t:|1697905769\n|switch|p2a: Indeedee|Indeedee-F, F|50\/100\n|-fieldstart|move: Psychic Terrain|[from] ability: Psychic Surge|[of] p2a: Indeedee\n|turn|19\n|\n|t:|1697905790\n|move|p2b: Jirachi|Dazzling Gleam|p1b: Trevenant|[spread] p1a,p1b\n|-crit|p1a: Sinistcha\n|-damage|p1a: Sinistcha|35\/100\n|-damage|p1b: Trevenant|35\/100\n|move|p2a: Indeedee|Psych Up|p2b: Jirachi\n|-copyboost|p2a: Indeedee|p2b: Jirachi|[from] move: Psych Up\n|move|p1a: Sinistcha|Shadow Ball|p2b: Jirachi\n|-supereffective|p2b: Jirachi\n|-damage|p2b: Jirachi|28\/100\n|-unboost|p2b: Jirachi|spd|1\n|move|p1b: Trevenant|Leech Seed|p2a: Indeedee\n|-start|p2a: Indeedee|move: Leech Seed\n|\n|-weather|SunnyDay|[upkeep]\n|-damage|p2a: Indeedee|38\/100|[from] Leech Seed|[of] p1b: Trevenant\n|-heal|p1b: Trevenant|46\/100|[silent]\n|-item|p1b: Trevenant|Sitrus Berry|[from] ability: Harvest\n|upkeep\n|-enditem|p1b: Trevenant|Sitrus Berry|[eat]\n|-heal|p1b: Trevenant|71\/100|[from] item: Sitrus Berry\n|turn|20\n|\n|t:|1697905816\n|move|p1b: Trevenant|Protect|p1b: Trevenant\n|-singleturn|p1b: Trevenant|Protect\n|move|p2a: Indeedee|Follow Me|p2a: Indeedee\n|-singleturn|p2a: Indeedee|move: Follow Me\n|move|p2b: Jirachi|Dazzling Gleam|p1b: Trevenant|[spread] p1a\n|-activate|p1b: Trevenant|move: Protect\n|-damage|p1a: Sinistcha|0 fnt\n|faint|p1a: Sinistcha\n|\n|-weather|none\n|-damage|p2a: Indeedee|25\/100|[from] Leech Seed|[of] p1b: Trevenant\n|-heal|p1b: Trevenant|82\/100|[silent]\n|upkeep\n|turn|21\n|c|\u2606Overlord Veilmor|Gg\n|\n|t:|1697905846\n|switch|p2b: Flamigo|Flamigo, F|62\/100\n|-copyboost|p2b: Flamigo|p2a: Indeedee|[from] ability: Costar\n|move|p2a: Indeedee|Skill Swap|p1b: Trevenant\n|-activate|p2a: Indeedee|move: Skill Swap|Harvest|Psychic Surge|[of] p1b: Trevenant\n|move|p1b: Trevenant|Curse|p2b: Flamigo\n|-start|p2b: Flamigo|Curse|[of] p1b: Trevenant\n|-damage|p1b: Trevenant|32\/100\n|\n|-damage|p2a: Indeedee|13\/100|[from] Leech Seed|[of] p1b: Trevenant\n|-heal|p1b: Trevenant|42\/100|[silent]\n|-damage|p2b: Flamigo|37\/100|[from] Curse\n|-item|p2a: Indeedee|Aguav Berry|[from] ability: Harvest\n|upkeep\n|-enditem|p2a: Indeedee|Aguav Berry|[eat]\n|-heal|p2a: Indeedee|46\/100|[from] item: Aguav Berry\n|turn|22\n|-message|50stunzeed forfeited.\n|\n|win|Overlord Veilmor\n|raw|Overlord Veilmor's rating: 1040 &rarr; <strong>1078<\/strong><br \/>(+38 for winning)\n|raw|50stunzeed's rating: 1078 &rarr; <strong>1054<\/strong><br \/>(-24 for losing)\n|l|\u260650stunzeed\n","uploadtime":1697905880,"views":9,"p1id":"overlordveilmor","p2id":"50stunzeed","formatid":"gen9nationaldexdoubles","rating":1054,"private":0,"password":""}