{"id":"gen9nationaldexdoubles-1991673351","p1":"DazzlingBrilliance","p2":"CIerk","format":"[Gen 9] National Dex Doubles","log":"|j|\u2606DazzlingBrilliance\n|j|\u2606CIerk\n|t:|1700101086\n|gametype|doubles\n|player|p1|DazzlingBrilliance|striker|1013\n|player|p2|CIerk|clerkf|1000\n|teamsize|p1|6\n|teamsize|p2|6\n|gen|9\n|tier|[Gen 9] National Dex Doubles\n|rated|\n|rule|HP Percentage Mod: HP is shown in percentages\n|rule|Endless Battle Clause: Forcing endless battles is banned\n|rule|OHKO Clause: OHKO moves are banned\n|rule|Evasion Moves Clause: Evasion moves are banned\n|rule|Evasion Abilities Clause: Evasion abilities are banned\n|rule|Species Clause: Limit one of each Pok\u00e9mon\n|rule|Gravity Sleep Clause: The combination of sleep-inducing moves with imperfect accuracy and Gravity or Gigantamax Orbeetle are banned\n|clearpoke\n|poke|p1|Blissey, F|\n|poke|p1|Tentacruel, M|\n|poke|p1|Hypno, M|\n|poke|p1|Altaria, M|\n|poke|p1|Eldegoss, F|\n|poke|p1|Chandelure, M|\n|poke|p2|Tauros, M|\n|poke|p2|Ninetales-Alola, M|\n|poke|p2|Dragonite, M|\n|poke|p2|Wo-Chien|\n|poke|p2|Kommo-o, M|\n|poke|p2|Heatran, F|\n|teampreview\n|\n|t:|1700101099\n|start\n|switch|p1a: Hypno|Hypno, M, shiny|100\/100\n|switch|p1b: Pickle Tickle|Tentacruel, M, shiny|100\/100\n|switch|p2a: Tom|Tauros, M|100\/100\n|switch|p2b: Nick|Ninetales-Alola, M|100\/100\n|-weather|Snow|[from] ability: Snow Warning|[of] p2b: Nick\n|turn|1\n|\n|t:|1700101117\n|move|p2b: Nick|Frost Breath|p2a: Tom\n|-crit|p2a: Tom\n|-damage|p2a: Tom|70\/100\n|-setboost|p2a: Tom|atk|6|[from] ability: Anger Point\n|move|p2a: Tom|Earthquake|p1b: Pickle Tickle|[spread] p2b,p1a,p1b\n|-supereffective|p1b: Pickle Tickle\n|-damage|p2b: Nick|24\/100\n|-damage|p1a: Hypno|14\/100\n|-damage|p1b: Pickle Tickle|0 fnt\n|faint|p1b: Pickle Tickle\n|move|p1a: Hypno|Thunder Wave|p2b: Nick\n|-status|p2b: Nick|par\n|\n|-weather|Snow|[upkeep]\n|-heal|p1a: Hypno|20\/100|[from] item: Leftovers\n|upkeep\n|\n|t:|1700101136\n|switch|p1b: Eldegoss|Eldegoss, F, shiny|100\/100\n|turn|2\n|\n|t:|1700101148\n|move|p2a: Tom|Double-Edge|p1b: Eldegoss\n|-damage|p1b: Eldegoss|0 fnt\n|faint|p1b: Eldegoss\n|-damage|p2a: Tom|40\/100|[from] Recoil\n|move|p1a: Hypno|Thunder Wave|p2a: Tom\n|-status|p2a: Tom|par\n|move|p2b: Nick|Blizzard|p1a: Hypno\n|-damage|p1a: Hypno|0 fnt\n|faint|p1a: Hypno\n|\n|-weather|Snow|[upkeep]\n|upkeep\n|\n|t:|1700101161\n|switch|p1a: Blissey|Blissey, F, shiny|100\/100\n|switch|p1b: Chandelure|Chandelure, M, shiny|100\/100\n|turn|3\n|\n|t:|1700101179\n|move|p2a: Tom|Endure|p2a: Tom\n|-singleturn|p2a: Tom|move: Endure\n|move|p1b: Chandelure|Clear Smog|p2a: Tom\n|-damage|p2a: Tom|15\/100 par\n|-clearboost|p2a: Tom\n|-enditem|p2a: Tom|Salac Berry|[eat]\n|-boost|p2a: Tom|spe|1|[from] item: Salac Berry\n|move|p1a: Blissey|Charge Beam|p2b: Nick\n|-damage|p2b: Nick|15\/100 par\n|-boost|p1a: Blissey|spa|1\n|move|p2b: Nick|Blizzard|p1b: Chandelure|[spread] p1a,p1b\n|-resisted|p1b: Chandelure\n|-damage|p1a: Blissey|93\/100\n|-damage|p1b: Chandelure|91\/100\n|-status|p1b: Chandelure|frz\n|\n|-weather|Snow|[upkeep]\n|-heal|p1b: Chandelure|97\/100 frz|[from] item: Leftovers\n|-heal|p1a: Blissey|99\/100|[from] item: Leftovers\n|upkeep\n|turn|4\n|\n|t:|1700101210\n|move|p2a: Tom|Reversal|p1a: Blissey\n|-supereffective|p1a: Blissey\n|-damage|p1a: Blissey|49\/100\n|cant|p1b: Chandelure|frz\n|move|p1a: Blissey|Mud-Slap|p2a: Tom\n|-damage|p2a: Tom|6\/100 par\n|-unboost|p2a: Tom|accuracy|1\n|move|p2b: Nick|Frost Breath|p1b: Chandelure\n|-resisted|p1b: Chandelure\n|-crit|p1b: Chandelure\n|-damage|p1b: Chandelure|85\/100 frz\n|\n|-weather|Snow|[upkeep]\n|-heal|p1b: Chandelure|91\/100 frz|[from] item: Leftovers\n|-heal|p1a: Blissey|55\/100|[from] item: Leftovers\n|upkeep\n|turn|5\n|\n|t:|1700101249\n|move|p2a: Tom|Reversal|p1a: Blissey\n|-supereffective|p1a: Blissey\n|-damage|p1a: Blissey|0 fnt\n|faint|p1a: Blissey\n|cant|p1b: Chandelure|frz\n|cant|p2b: Nick|par\n|\n|-weather|none\n|-heal|p1b: Chandelure|97\/100 frz|[from] item: Leftovers\n|upkeep\n|\n|t:|1700101258\n|switch|p1a: Altaria|Altaria, M, shiny|100\/100\n|-ability|p1a: Altaria|Cloud Nine\n|turn|6\n|inactive|Battle timer is ON: inactive players will automatically lose when time's up. (requested by CIerk)\n|\n|t:|1700101317\n|move|p1a: Altaria|Fly||[still]\n|-prepare|p1a: Altaria|Fly\n|move|p2a: Tom|Double-Edge|p1a: Altaria|[miss]\n|-miss|p2a: Tom|p1a: Altaria\n|-curestatus|p1b: Chandelure|frz|[msg]\n|move|p1b: Chandelure|Heat Wave|p2a: Tom|[spread] p2a\n|-miss|p1b: Chandelure|p2b: Nick\n|-damage|p2a: Tom|0 fnt\n|faint|p2a: Tom\n|move|p2b: Nick|Frost Breath|p1a: Altaria|[miss]\n|-miss|p2b: Nick|p1a: Altaria\n|\n|-heal|p1b: Chandelure|100\/100|[from] item: Leftovers\n|upkeep\n|\n|t:|1700101334\n|switch|p2a: Henriette|Heatran, F|100\/100\n|turn|7\n|\n|t:|1700101346\n|move|p1a: Altaria|Fly|p2a: Henriette|[from]lockedmove\n|-resisted|p2a: Henriette\n|-damage|p2a: Henriette|92\/100\n|move|p1b: Chandelure|Clear Smog|p2b: Nick\n|-supereffective|p2b: Nick\n|-damage|p2b: Nick|0 fnt\n|-clearboost|p2b: Nick\n|faint|p2b: Nick\n|move|p2a: Henriette|Dark Pulse|p1b: Chandelure\n|-supereffective|p1b: Chandelure\n|-damage|p1b: Chandelure|27\/100\n|\n|-heal|p1b: Chandelure|33\/100|[from] item: Leftovers\n|upkeep\n|\n|t:|1700101363\n|switch|p2b: Kyle|Kommo-o, M|100\/100\n|turn|8\n|\n|t:|1700101382\n|-terastallize|p1a: Altaria|Steel\n|move|p2b: Kyle|Clanging Scales|p1a: Altaria|[spread] p1a,p1b\n|-resisted|p1a: Altaria\n|-damage|p1a: Altaria|81\/100\n|-damage|p1b: Chandelure|0 fnt\n|faint|p1b: Chandelure\n|-unboost|p2b: Kyle|def|1\n|move|p1a: Altaria|Hone Claws|p1a: Altaria\n|-boost|p1a: Altaria|atk|1\n|-boost|p1a: Altaria|accuracy|1\n|move|p2a: Henriette|Dark Pulse|p1a: Altaria\n|-damage|p1a: Altaria|47\/100\n|\n|-heal|p1a: Altaria|53\/100|[from] item: Leftovers\n|upkeep\n|turn|9\n|\n|t:|1700101403\n|move|p2b: Kyle|Flamethrower|p1a: Altaria\n|-supereffective|p1a: Altaria\n|-crit|p1a: Altaria\n|-damage|p1a: Altaria|0 fnt\n|faint|p1a: Altaria\n|\n|win|CIerk\n|raw|DazzlingBrilliance's rating: 1013 &rarr; <strong>1001<\/strong><br \/>(-12 for losing)\n|raw|CIerk's rating: 1000 &rarr; <strong>1041<\/strong><br \/>(+41 for winning)\n|l|\u2606DazzlingBrilliance\n","uploadtime":1700101413,"views":9,"p1id":"dazzlingbrilliance","p2id":"cierk","formatid":"gen9nationaldexdoubles","rating":1001,"private":0,"password":""}