{"id":"gen9nationaldexdoubles-1963770980","p1":"kingspeed51","p2":"MamboToshi","format":"[Gen 9] National Dex Doubles","log":"|j|\u2606kingspeed51\n|j|\u2606MamboToshi\n|t:|1696898438\n|gametype|doubles\n|player|p1|kingspeed51|169|1138\n|player|p2|MamboToshi|shadowtriad|1093\n|teamsize|p1|6\n|teamsize|p2|6\n|gen|9\n|tier|[Gen 9] National Dex Doubles\n|rated|\n|rule|HP Percentage Mod: HP is shown in percentages\n|rule|Endless Battle Clause: Forcing endless battles is banned\n|rule|OHKO Clause: OHKO moves are banned\n|rule|Evasion Moves Clause: Evasion moves are banned\n|rule|Evasion Abilities Clause: Evasion abilities are banned\n|rule|Species Clause: Limit one of each Pok\u00e9mon\n|rule|Gravity Sleep Clause: The combination of sleep-inducing moves with imperfect accuracy and Gravity or Gigantamax Orbeetle are banned\n|clearpoke\n|poke|p1|Metagross|\n|poke|p1|Salamence, F|\n|poke|p1|Iron Moth|\n|poke|p1|Greninja-*, M|\n|poke|p1|Whimsicott, F|\n|poke|p1|Chansey, F|\n|poke|p2|Metagross|\n|poke|p2|Zamazenta-*|\n|poke|p2|Tapu Fini|\n|poke|p2|Landorus-Therian, M|\n|poke|p2|Rillaboom, M|\n|poke|p2|Roaring Moon|\n|teampreview\n|\n|t:|1696898460\n|start\n|switch|p1a: Whimsicott|Whimsicott, F|100\/100\n|switch|p1b: Iron Moth|Iron Moth|100\/100\n|switch|p2a: Rillaboom|Rillaboom, M|100\/100\n|switch|p2b: Metagross|Metagross|100\/100\n|-fieldstart|move: Grassy Terrain|[from] ability: Grassy Surge|[of] p2a: Rillaboom\n|-enditem|p1b: Iron Moth|Booster Energy\n|-activate|p1b: Iron Moth|ability: Quark Drive|[fromitem]\n|-start|p1b: Iron Moth|quarkdrivespa\n|turn|1\n|inactive|Battle timer is ON: inactive players will automatically lose when time's up. (requested by MamboToshi)\n|\n|t:|1696898472\n|detailschange|p2b: Metagross|Metagross-Mega\n|-mega|p2b: Metagross|Metagross|Metagrossite\n|move|p1b: Iron Moth|Protect|p1b: Iron Moth\n|-singleturn|p1b: Iron Moth|Protect\n|move|p2a: Rillaboom|Fake Out|p1b: Iron Moth\n|-activate|p1b: Iron Moth|move: Protect\n|move|p1a: Whimsicott|Tailwind|p1a: Whimsicott\n|-sidestart|p1: kingspeed51|move: Tailwind\n|move|p2b: Metagross|Earthquake|p1b: Iron Moth|[spread] p2a,p1a\n|-activate|p1b: Iron Moth|move: Protect\n|-resisted|p2a: Rillaboom\n|-resisted|p1a: Whimsicott\n|-damage|p2a: Rillaboom|94\/100\n|-damage|p1a: Whimsicott|92\/100\n|\n|-heal|p1a: Whimsicott|99\/100|[from] Grassy Terrain\n|-heal|p2a: Rillaboom|99\/100|[from] Grassy Terrain\n|upkeep\n|turn|2\n|\n|t:|1696898494\n|switch|p1a: Salamence|Salamence, F|100\/100\n|-ability|p1a: Salamence|Intimidate|boost\n|-unboost|p2a: Rillaboom|atk|1\n|-unboost|p2b: Metagross|atk|1\n|switch|p2a: Landorus|Landorus-Therian, M|100\/100\n|-ability|p2a: Landorus|Intimidate|boost\n|-unboost|p1a: Salamence|atk|1\n|-unboost|p1b: Iron Moth|atk|1\n|move|p1b: Iron Moth|Fiery Dance|p2b: Metagross\n|-supereffective|p2b: Metagross\n|-damage|p2b: Metagross|0 fnt\n|faint|p2b: Metagross\n|\n|upkeep\n|inactive|MamboToshi has 120 seconds left.\n|\n|t:|1696898511\n|switch|p2b: Tapu Fini|Tapu Fini|100\/100\n|-fieldstart|move: Misty Terrain|[from] ability: Misty Surge|[of] p2b: Tapu Fini\n|turn|3\n|\n|t:|1696898534\n|-terastallize|p1b: Iron Moth|Grass\n|move|p1a: Salamence|Protect|p1a: Salamence\n|-singleturn|p1a: Salamence|Protect\n|move|p1b: Iron Moth|Energy Ball|p2b: Tapu Fini\n|-supereffective|p2b: Tapu Fini\n|-damage|p2b: Tapu Fini|34\/100\n|move|p2b: Tapu Fini|Moonblast|p1a: Salamence\n|-activate|p1a: Salamence|move: Protect\n|move|p2a: Landorus|Rock Slide|p1b: Iron Moth|[spread] p1b\n|-activate|p1a: Salamence|move: Protect\n|-damage|p1b: Iron Moth|70\/100\n|\n|upkeep\n|turn|4\n|\n|t:|1696898554\n|switch|p1a: Chansey|Chansey, F|100\/100\n|move|p1b: Iron Moth|Energy Ball|p2b: Tapu Fini\n|-supereffective|p2b: Tapu Fini\n|-damage|p2b: Tapu Fini|0 fnt\n|faint|p2b: Tapu Fini\n|move|p2a: Landorus|Rock Slide|p1b: Iron Moth|[spread] p1a\n|-miss|p2a: Landorus|p1b: Iron Moth\n|-damage|p1a: Chansey|88\/100\n|\n|-sideend|p1: kingspeed51|move: Tailwind\n|upkeep\n|\n|t:|1696898567\n|switch|p2b: Roaring Moon|Roaring Moon|100\/100\n|-enditem|p2b: Roaring Moon|Booster Energy\n|-activate|p2b: Roaring Moon|ability: Protosynthesis|[fromitem]\n|-start|p2b: Roaring Moon|protosynthesisspe\n|turn|5\n|\n|t:|1696898584\n|-terastallize|p2b: Roaring Moon|Flying\n|move|p1b: Iron Moth|Protect|p1b: Iron Moth\n|-singleturn|p1b: Iron Moth|Protect\n|move|p2b: Roaring Moon|Acrobatics|p1b: Iron Moth\n|-activate|p1b: Iron Moth|move: Protect\n|move|p2a: Landorus|Stealth Rock|p1b: Iron Moth\n|-sidestart|p1: kingspeed51|move: Stealth Rock\n|move|p1a: Chansey|Toxic|p2b: Roaring Moon\n|-status|p2b: Roaring Moon|tox\n|\n|-damage|p2b: Roaring Moon|94\/100 tox|[from] psn\n|upkeep\n|turn|6\n|\n|t:|1696898609\n|-end|p1b: Iron Moth|Quark Drive|[silent]\n|switch|p1b: Whimsicott|Whimsicott, F|99\/100\n|-damage|p1b: Whimsicott|86\/100|[from] Stealth Rock\n|move|p2b: Roaring Moon|Tailwind|p2b: Roaring Moon\n|-sidestart|p2: MamboToshi|move: Tailwind\n|move|p2a: Landorus|Rock Slide|p1b: Whimsicott|[spread] p1a,p1b\n|-damage|p1a: Chansey|75\/100\n|-damage|p1b: Whimsicott|62\/100\n|move|p1a: Chansey|Toxic|p2a: Landorus\n|-status|p2a: Landorus|tox\n|\n|-damage|p2b: Roaring Moon|82\/100 tox|[from] psn\n|-damage|p2a: Landorus|94\/100 tox|[from] psn\n|upkeep\n|turn|7\n|\n|t:|1696898627\n|move|p1b: Whimsicott|Tailwind|p1b: Whimsicott\n|-sidestart|p1: kingspeed51|move: Tailwind\n|move|p2b: Roaring Moon|Acrobatics|p1b: Whimsicott\n|-supereffective|p1b: Whimsicott\n|-damage|p1b: Whimsicott|0 fnt\n|faint|p1b: Whimsicott\n|move|p2a: Landorus|Rock Slide|p1a: Chansey\n|-damage|p1a: Chansey|58\/100\n|cant|p1a: Chansey|flinch\n|\n|-damage|p2b: Roaring Moon|64\/100 tox|[from] psn\n|-damage|p2a: Landorus|82\/100 tox|[from] psn\n|-fieldend|Misty Terrain\n|upkeep\n|\n|t:|1696898638\n|switch|p1b: Iron Moth|Iron Moth, tera:Grass|70\/100\n|-damage|p1b: Iron Moth|57\/100|[from] Stealth Rock\n|turn|8\n|\n|t:|1696898650\n|move|p1b: Iron Moth|Protect|p1b: Iron Moth\n|-singleturn|p1b: Iron Moth|Protect\n|move|p2b: Roaring Moon|Acrobatics|p1b: Iron Moth\n|-activate|p1b: Iron Moth|move: Protect\n|move|p2a: Landorus|U-turn|p1a: Chansey\n|-damage|p1a: Chansey|43\/100\n|\n|t:|1696898657\n|switch|p2a: Zazamenta|Zamazenta|100\/100|[from] U-turn\n|-ability|p2a: Zazamenta|Dauntless Shield|boost\n|-boost|p2a: Zazamenta|def|1\n|move|p1a: Chansey|Soft-Boiled|p1a: Chansey\n|-heal|p1a: Chansey|93\/100\n|\n|-damage|p2b: Roaring Moon|39\/100 tox|[from] psn\n|upkeep\n|turn|9\n|\n|t:|1696898672\n|-end|p1b: Iron Moth|Quark Drive|[silent]\n|switch|p1b: Salamence|Salamence, F|100\/100\n|-damage|p1b: Salamence|76\/100|[from] Stealth Rock\n|-ability|p1b: Salamence|Intimidate|boost\n|-unboost|p2a: Zazamenta|atk|1\n|-unboost|p2b: Roaring Moon|atk|1\n|move|p2b: Roaring Moon|Acrobatics|p1b: Salamence\n|-damage|p1b: Salamence|27\/100\n|move|p2a: Zazamenta|Body Press|p1a: Chansey\n|-supereffective|p1a: Chansey\n|-damage|p1a: Chansey|36\/100\n|move|p1a: Chansey|Soft-Boiled|p1a: Chansey\n|-heal|p1a: Chansey|86\/100\n|\n|-damage|p2b: Roaring Moon|9\/100 tox|[from] psn\n|-sideend|p2: MamboToshi|move: Tailwind\n|upkeep\n|turn|10\n|\n|t:|1696898695\n|move|p1b: Salamence|Dual Wingbeat|p2a: Zazamenta\n|-supereffective|p2a: Zazamenta\n|-damage|p2a: Zazamenta|68\/100\n|-supereffective|p2a: Zazamenta\n|-damage|p2a: Zazamenta|36\/100\n|-hitcount|p2a: Zazamenta|2\n|-damage|p1b: Salamence|17\/100|[from] item: Life Orb\n|move|p2b: Roaring Moon|Tailwind|p2b: Roaring Moon\n|-sidestart|p2: MamboToshi|move: Tailwind\n|move|p2a: Zazamenta|Body Press|p1b: Salamence\n|-resisted|p1b: Salamence\n|-damage|p1b: Salamence|0 fnt\n|faint|p1b: Salamence\n|move|p1a: Chansey|Soft-Boiled|p1a: Chansey\n|-heal|p1a: Chansey|100\/100\n|\n|-damage|p2b: Roaring Moon|0 fnt|[from] psn\n|faint|p2b: Roaring Moon\n|-end|p2b: Roaring Moon|Protosynthesis|[silent]\n|-sideend|p1: kingspeed51|move: Tailwind\n|upkeep\n|\n|t:|1696898717\n|switch|p2b: Rillaboom|Rillaboom, M|99\/100\n|switch|p1b: Metagross|Metagross|100\/100\n|-fieldstart|move: Grassy Terrain|[from] ability: Grassy Surge|[of] p2b: Rillaboom\n|-damage|p1b: Metagross|95\/100|[from] Stealth Rock\n|turn|11\n|\n|t:|1696898733\n|move|p2b: Rillaboom|Fake Out|p1a: Chansey\n|-damage|p1a: Chansey|91\/100\n|move|p2a: Zazamenta|Coaching|p2b: Rillaboom\n|-boost|p2b: Rillaboom|atk|1\n|-boost|p2b: Rillaboom|def|1\n|move|p1b: Metagross|Zen Headbutt|p2a: Zazamenta\n|-supereffective|p2a: Zazamenta\n|-damage|p2a: Zazamenta|0 fnt\n|faint|p2a: Zazamenta\n|cant|p1a: Chansey|flinch\n|\n|-heal|p2b: Rillaboom|100\/100|[from] Grassy Terrain\n|-heal|p1b: Metagross|100\/100|[from] Grassy Terrain\n|-heal|p1a: Chansey|97\/100|[from] Grassy Terrain\n|upkeep\n|\n|t:|1696898746\n|switch|p2a: Landorus|Landorus-Therian, M|82\/100 tox\n|-ability|p2a: Landorus|Intimidate|boost\n|-unboost|p1a: Chansey|atk|1\n|-fail|p1b: Metagross|unboost|[from] ability: Clear Body|[of] p1b: Metagross\n|turn|12\n|\n|t:|1696898759\n|move|p2b: Rillaboom|Grassy Glide|p1b: Metagross\n|-resisted|p1b: Metagross\n|-damage|p1b: Metagross|73\/100\n|move|p2a: Landorus|Stomping Tantrum|p1b: Metagross\n|-supereffective|p1b: Metagross\n|-damage|p1b: Metagross|4\/100\n|-enditem|p1b: Metagross|Weakness Policy\n|-boost|p1b: Metagross|atk|2|[from] item: Weakness Policy\n|-boost|p1b: Metagross|spa|2|[from] item: Weakness Policy\n|move|p1b: Metagross|Ice Punch|p2a: Landorus\n|-supereffective|p2a: Landorus\n|-damage|p2a: Landorus|0 fnt\n|faint|p2a: Landorus\n|move|p1a: Chansey|Toxic|p2b: Rillaboom\n|-status|p2b: Rillaboom|tox\n|\n|-heal|p1b: Metagross|10\/100|[from] Grassy Terrain\n|-heal|p1a: Chansey|100\/100|[from] Grassy Terrain\n|-damage|p2b: Rillaboom|94\/100 tox|[from] psn\n|upkeep\n|turn|13\n|-message|MamboToshi forfeited.\n|\n|win|kingspeed51\n|raw|kingspeed51's rating: 1138 &rarr; <strong>1160<\/strong><br \/>(+22 for winning)\n|raw|MamboToshi's rating: 1093 &rarr; <strong>1072<\/strong><br \/>(-21 for losing)\n|l|\u2606MamboToshi\n","uploadtime":1696898779,"views":8,"p1id":"kingspeed51","p2id":"mambotoshi","formatid":"gen9nationaldexdoubles","rating":1072,"private":0,"password":""}