{"id":"gen9nationaldexdoubles-1970172762","p1":"ThatSanchezyBoi","p2":"Noibaat 500","format":"[Gen 9] National Dex Doubles","log":"|j|\u2606ThatSanchezyBoi\n|j|\u2606Noibaat 500\n|t:|1697604827\n|gametype|doubles\n|player|p1|ThatSanchezyBoi|veteran|1171\n|player|p2|Noibaat 500|giovanni|1043\n|teamsize|p1|6\n|teamsize|p2|6\n|gen|9\n|tier|[Gen 9] National Dex Doubles\n|rated|\n|rule|HP Percentage Mod: HP is shown in percentages\n|rule|Endless Battle Clause: Forcing endless battles is banned\n|rule|OHKO Clause: OHKO moves are banned\n|rule|Evasion Moves Clause: Evasion moves are banned\n|rule|Evasion Abilities Clause: Evasion abilities are banned\n|rule|Species Clause: Limit one of each Pok\u00e9mon\n|rule|Gravity Sleep Clause: The combination of sleep-inducing moves with imperfect accuracy and Gravity or Gigantamax Orbeetle are banned\n|clearpoke\n|poke|p1|Regigigas|\n|poke|p1|Weezing-Galar, M|\n|poke|p1|Tornadus, M|\n|poke|p1|Palafin, M|\n|poke|p1|Sinistcha-Masterpiece|\n|poke|p1|Dragonite, M|\n|poke|p2|Comfey, M|\n|poke|p2|Grimmsnarl, M|\n|poke|p2|Appletun, M|\n|poke|p2|Ogerpon-Wellspring, F|\n|poke|p2|Araquanid, M|\n|poke|p2|Noivern, F|\n|teampreview\n|\n|t:|1697604841\n|start\n|switch|p1a: Tornadus|Tornadus, M|100\/100\n|switch|p1b: Palafin|Palafin, M|100\/100\n|switch|p2a: Ogerpon|Ogerpon-Wellspring, F|100\/100\n|switch|p2b: Noivern|Noivern, F|100\/100\n|-item|p1a: Tornadus|Mental Herb|[from] ability: Frisk|[of] p2b: Noivern|[identify]\n|-item|p1b: Palafin|Sitrus Berry|[from] ability: Frisk|[of] p2b: Noivern|[identify]\n|turn|1\n|\n|t:|1697604858\n|detailschange|p1b: Palafin|Palafin-Hero, M\n|switch|p1b: Dragonite|Dragonite, M|100\/100\n|move|p1a: Tornadus|Tailwind|p1a: Tornadus\n|-sidestart|p1: ThatSanchezyBoi|move: Tailwind\n|move|p2b: Noivern|Tailwind|p2b: Noivern\n|-sidestart|p2: Noibaat 500|move: Tailwind\n|move|p2a: Ogerpon|Swords Dance|p2a: Ogerpon\n|-boost|p2a: Ogerpon|atk|2\n|\n|upkeep\n|turn|2\n|\n|t:|1697604875\n|move|p2b: Noivern|Air Cutter|p1b: Dragonite|[spread] p1a,p1b\n|-damage|p1a: Tornadus|84\/100\n|-damage|p1b: Dragonite|90\/100\n|move|p2a: Ogerpon|Leech Seed|p1a: Tornadus\n|-start|p1a: Tornadus|move: Leech Seed\n|move|p1b: Dragonite|Dual Wingbeat|p2a: Ogerpon\n|-supereffective|p2a: Ogerpon\n|-damage|p2a: Ogerpon|25\/100\n|-supereffective|p2a: Ogerpon\n|-damage|p2a: Ogerpon|0 fnt\n|faint|p2a: Ogerpon\n|-hitcount|p2: Ogerpon|2\n|-damage|p1b: Dragonite|80\/100|[from] item: Life Orb\n|move|p1a: Tornadus|Bleakwind Storm|p2b: Noivern\n|-damage|p2b: Noivern|43\/100\n|\n|upkeep\n|\n|t:|1697604880\n|switch|p2a: Comfey|Comfey, M|100\/100\n|turn|3\n|\n|t:|1697604892\n|move|p2b: Noivern|Air Cutter|p1a: Tornadus|[spread] p1a,p1b\n|-crit|p1a: Tornadus\n|-damage|p1a: Tornadus|59\/100\n|-damage|p1b: Dragonite|61\/100\n|move|p2a: Comfey|Calm Mind|p2a: Comfey\n|-boost|p2a: Comfey|spa|1\n|-boost|p2a: Comfey|spd|1\n|move|p1b: Dragonite|Dragon Dance|p1b: Dragonite\n|-boost|p1b: Dragonite|atk|1\n|-boost|p1b: Dragonite|spe|1\n|move|p1a: Tornadus|Bleakwind Storm|p2a: Comfey|[spread] p2a,p2b\n|-damage|p2a: Comfey|72\/100\n|-damage|p2b: Noivern|0 fnt\n|faint|p2b: Noivern\n|\n|-heal|p2a: Comfey|78\/100|[from] item: Leftovers\n|-damage|p1a: Tornadus|46\/100|[from] Leech Seed|[of] p2a: Comfey\n|-heal|p2a: Comfey|96\/100|[silent]\n|upkeep\n|\n|t:|1697604900\n|switch|p2b: Araquanid|Araquanid, M|100\/100\n|turn|4\n|\n|t:|1697604938\n|move|p2b: Araquanid|Protect|p2b: Araquanid\n|-singleturn|p2b: Araquanid|Protect\n|move|p2a: Comfey|Draining Kiss|p1b: Dragonite\n|-supereffective|p1b: Dragonite\n|-damage|p1b: Dragonite|0 fnt\n|-heal|p2a: Comfey|100\/100|[from] drain|[of] p1b: Dragonite\n|faint|p1b: Dragonite\n|move|p1a: Tornadus|Bleakwind Storm|p2a: Comfey|[spread] p2a\n|-activate|p2b: Araquanid|move: Protect\n|-damage|p2a: Comfey|70\/100\n|\n|-heal|p2a: Comfey|76\/100|[from] item: Leftovers\n|-damage|p1a: Tornadus|34\/100|[from] Leech Seed|[of] p2a: Comfey\n|-heal|p2a: Comfey|94\/100|[silent]\n|-sideend|p1: ThatSanchezyBoi|move: Tailwind\n|-sideend|p2: Noibaat 500|move: Tailwind\n|upkeep\n|\n|t:|1697604955\n|switch|p1b: Palafin|Palafin-Hero, M|100\/100\n|-activate|p1b: Palafin|ability: Zero to Hero\n|turn|5\n|\n|t:|1697604968\n|move|p1a: Tornadus|Tailwind|p1a: Tornadus\n|-sidestart|p1: ThatSanchezyBoi|move: Tailwind\n|move|p1b: Palafin|Wave Crash|p2a: Comfey\n|-damage|p2a: Comfey|0 fnt\n|faint|p2a: Comfey\n|-damage|p1b: Palafin|79\/100|[from] Recoil\n|move|p2b: Araquanid|Rain Dance|p2b: Araquanid\n|-weather|RainDance\n|\n|-weather|RainDance|[upkeep]\n|upkeep\n|\n|t:|1697604971\n|switch|p2a: Appletun|Appletun, M|100\/100\n|turn|6\n|\n|t:|1697604984\n|move|p1b: Palafin|Drain Punch|p2a: Appletun\n|-damage|p2a: Appletun|73\/100\n|-heal|p1b: Palafin|96\/100|[from] drain|[of] p2a: Appletun\n|move|p1a: Tornadus|Bleakwind Storm|p2a: Appletun|[spread] p2a,p2b\n|-supereffective|p2a: Appletun\n|-supereffective|p2b: Araquanid\n|-damage|p2a: Appletun|14\/100\n|-damage|p2b: Araquanid|65\/100\n|-unboost|p2b: Araquanid|spe|1\n|-activate|p2a: Appletun|ability: Ripen\n|-enditem|p2a: Appletun|Sitrus Berry|[eat]\n|-heal|p2a: Appletun|63\/100|[from] item: Sitrus Berry\n|move|p2a: Appletun|Apple Acid|p1b: Palafin\n|-supereffective|p1b: Palafin\n|-damage|p1b: Palafin|16\/100\n|-unboost|p1b: Palafin|spd|1\n|-enditem|p1b: Palafin|Sitrus Berry|[eat]\n|-heal|p1b: Palafin|41\/100|[from] item: Sitrus Berry\n|move|p2b: Araquanid|Liquidation|p1a: Tornadus\n|-damage|p1a: Tornadus|0 fnt\n|faint|p1a: Tornadus\n|\n|-weather|RainDance|[upkeep]\n|upkeep\n|\n|t:|1697605006\n|switch|p1a: Sinistcha|Sinistcha-Masterpiece|100\/100\n|-heal|p1b: Palafin|66\/100|[from] ability: Hospitality|[of] p1a: Sinistcha\n|turn|7\n|\n|t:|1697605032\n|move|p1b: Palafin|Acrobatics|p2a: Appletun\n|-supereffective|p2a: Appletun\n|-damage|p2a: Appletun|0 fnt\n|faint|p2a: Appletun\n|move|p1a: Sinistcha|Matcha Gotcha|p2b: Araquanid\n|-damage|p2b: Araquanid|39\/100\n|move|p2b: Araquanid|Leech Life|p1a: Sinistcha\n|-damage|p1a: Sinistcha|82\/100\n|-heal|p2b: Araquanid|49\/100|[from] drain|[of] p1a: Sinistcha\n|\n|-weather|RainDance|[upkeep]\n|-heal|p1a: Sinistcha|88\/100|[from] item: Leftovers\n|upkeep\n|\n|t:|1697605034\n|switch|p2a: Grimmsnarl|Grimmsnarl, M|100\/100\n|turn|8\n|\n|t:|1697605059\n|move|p2b: Araquanid|Protect|p2b: Araquanid\n|-singleturn|p2b: Araquanid|Protect\n|move|p2a: Grimmsnarl|Reflect|p2a: Grimmsnarl\n|-sidestart|p2: Noibaat 500|Reflect\n|move|p1b: Palafin|Drain Punch|p2a: Grimmsnarl\n|-damage|p2a: Grimmsnarl|77\/100\n|-heal|p1b: Palafin|79\/100|[from] drain|[of] p2a: Grimmsnarl\n|move|p1a: Sinistcha|Strength Sap|p2a: Grimmsnarl\n|-unboost|p2a: Grimmsnarl|atk|1\n|-heal|p1a: Sinistcha|100\/100\n|\n|-weather|RainDance|[upkeep]\n|-heal|p2a: Grimmsnarl|83\/100|[from] item: Leftovers\n|-sideend|p1: ThatSanchezyBoi|move: Tailwind\n|upkeep\n|turn|9\n|\n|t:|1697605075\n|move|p2a: Grimmsnarl|Light Screen|p2a: Grimmsnarl\n|-sidestart|p2: Noibaat 500|move: Light Screen\n|move|p1b: Palafin|Acrobatics|p2b: Araquanid\n|-supereffective|p2b: Araquanid\n|-damage|p2b: Araquanid|0 fnt\n|faint|p2b: Araquanid\n|move|p1a: Sinistcha|Matcha Gotcha|p2a: Grimmsnarl\n|-damage|p2a: Grimmsnarl|53\/100\n|\n|-weather|none\n|-heal|p2a: Grimmsnarl|59\/100|[from] item: Leftovers\n|upkeep\n|turn|10\n|-message|Noibaat 500 forfeited.\n|\n|win|ThatSanchezyBoi\n|raw|ThatSanchezyBoi's rating: 1171 &rarr; <strong>1187<\/strong><br \/>(+16 for winning)\n|raw|Noibaat 500's rating: 1043 &rarr; <strong>1032<\/strong><br \/>(-11 for losing)\n|l|\u2606Noibaat 500\n|c|\u2606ThatSanchezyBoi|gg\n","uploadtime":1697605122,"views":11,"p1id":"thatsanchezyboi","p2id":"noibaat500","formatid":"gen9nationaldexdoubles","rating":1032,"private":0,"password":""}