{"id":"gen9nationaldexdoubles-1975249305","p1":"lxvliiz","p2":"Lgbeet","format":"[Gen 9] National Dex Doubles","log":"|j|\u2606lxvliiz\n|j|\u2606Lgbeet\n|t:|1698173541\n|gametype|doubles\n|player|p1|lxvliiz|101|1138\n|player|p2|Lgbeet|pokefanf|1064\n|teamsize|p1|6\n|teamsize|p2|6\n|gen|9\n|tier|[Gen 9] National Dex Doubles\n|rated|\n|rule|HP Percentage Mod: HP is shown in percentages\n|rule|Endless Battle Clause: Forcing endless battles is banned\n|rule|OHKO Clause: OHKO moves are banned\n|rule|Evasion Moves Clause: Evasion moves are banned\n|rule|Evasion Abilities Clause: Evasion abilities are banned\n|rule|Species Clause: Limit one of each Pok\u00e9mon\n|rule|Gravity Sleep Clause: The combination of sleep-inducing moves with imperfect accuracy and Gravity or Gigantamax Orbeetle are banned\n|clearpoke\n|poke|p1|Eevee, F|\n|poke|p1|Oricorio-Sensu, M|\n|poke|p1|Ogerpon-Cornerstone, F|\n|poke|p1|Jirachi|\n|poke|p1|Volcarona, M|\n|poke|p1|Latias, F|\n|poke|p2|Onix, M|\n|poke|p2|Steelix, M|\n|poke|p2|Arboliva, F|\n|poke|p2|Gardevoir, M|\n|poke|p2|Minior|\n|poke|p2|Flamigo, F|\n|teampreview\n|\n|t:|1698173561\n|start\n|switch|p1a: Jirachi|Jirachi|100\/100\n|switch|p1b: Eevee|Eevee, F|100\/100\n|switch|p2a: Onix|Onix, M|100\/100\n|switch|p2b: Minior|Minior|100\/100\n|-formechange|p2b: Minior|Minior-Meteor||[from] ability: Shields Down\n|turn|1\n|\n|t:|1698173577\n|move|p1a: Jirachi|Follow Me|p1a: Jirachi\n|-singleturn|p1a: Jirachi|move: Follow Me\n|move|p2a: Onix|Earthquake|p1a: Jirachi|[spread] p1a,p1b\n|-immune|p2b: Minior\n|-supereffective|p1a: Jirachi\n|-damage|p1a: Jirachi|61\/100\n|-damage|p1b: Eevee|44\/100\n|-zpower|p1b: Eevee\n|move|p1b: Eevee|Extreme Evoboost|p1b: Eevee\n|-boost|p1b: Eevee|atk|2\n|-boost|p1b: Eevee|def|2\n|-boost|p1b: Eevee|spa|2\n|-boost|p1b: Eevee|spd|2\n|-boost|p1b: Eevee|spe|2\n|move|p2b: Minior|Stealth Rock|p1a: Jirachi\n|-sidestart|p1: lxvliiz|move: Stealth Rock\n|\n|-heal|p1a: Jirachi|68\/100|[from] item: Leftovers\n|upkeep\n|turn|2\n|\n|t:|1698173598\n|move|p1b: Eevee|Baton Pass|p1b: Eevee\n|\n|t:|1698173600\n|switch|p1b: Oricorio|Oricorio-Sensu, M|100\/100|[from] Baton Pass\n|-damage|p1b: Oricorio|76\/100|[from] Stealth Rock\n|move|p1a: Jirachi|Doom Desire|p2b: Minior\n|-start|p1a: Jirachi|Doom Desire\n|move|p2a: Onix|Earthquake|p1b: Oricorio|[spread] p1a\n|-immune|p2b: Minior\n|-immune|p1b: Oricorio\n|-supereffective|p1a: Jirachi\n|-damage|p1a: Jirachi|29\/100\n|move|p2b: Minior|Acrobatics|p1b: Oricorio\n|-damage|p1b: Oricorio|45\/100\n|\n|-heal|p1a: Jirachi|35\/100|[from] item: Leftovers\n|upkeep\n|turn|3\n|\n|t:|1698173617\n|move|p1a: Jirachi|Follow Me|p1a: Jirachi\n|-singleturn|p1a: Jirachi|move: Follow Me\n|move|p1b: Oricorio|Baton Pass|p1b: Oricorio\n|\n|t:|1698173620\n|switch|p1b: Latias|Latias, F|100\/100|[from] Baton Pass\n|-damage|p1b: Latias|88\/100|[from] Stealth Rock\n|move|p2a: Onix|Earthquake|p1a: Jirachi|[spread] p1a\n|-immune|p2b: Minior\n|-immune|p1b: Latias|[from] ability: Levitate\n|-supereffective|p1a: Jirachi\n|-damage|p1a: Jirachi|0 fnt\n|faint|p1a: Jirachi\n|move|p2b: Minior|Rock Slide|p1b: Latias\n|-damage|p1b: Latias|75\/100\n|\n|upkeep\n|\n|t:|1698173623\n|switch|p1a: Volcarona|Volcarona, M|100\/100\n|-damage|p1a: Volcarona|51\/100|[from] Stealth Rock\n|turn|4\n|\n|t:|1698173641\n|detailschange|p1b: Latias|Latias-Mega, F\n|-mega|p1b: Latias|Latias|Latiasite\n|move|p1a: Volcarona|Rage Powder|p1a: Volcarona\n|-singleturn|p1a: Volcarona|move: Rage Powder\n|move|p1b: Latias|Ice Beam|p2a: Onix\n|-supereffective|p2a: Onix\n|-damage|p2a: Onix|0 fnt\n|faint|p2a: Onix\n|move|p2b: Minior|Rock Slide|p1b: Latias|[spread] p1a,p1b\n|-supereffective|p1a: Volcarona\n|-damage|p1a: Volcarona|0 fnt\n|-damage|p1b: Latias|67\/100\n|faint|p1a: Volcarona\n|\n|-end|p2b: Minior|move: Doom Desire\n|-supereffective|p2b: Minior\n|-damage|p2b: Minior|0 fnt\n|faint|p2b: Minior\n|upkeep\n|\n|t:|1698173657\n|switch|p2b: Gardevoir|Gardevoir, M|100\/100\n|switch|p1a: Ogerpon|Ogerpon-Cornerstone, F|100\/100\n|switch|p2a: Steelix|Steelix, M|100\/100\n|-damage|p1a: Ogerpon|88\/100|[from] Stealth Rock\n|turn|5\n|\n|t:|1698173682\n|detailschange|p2a: Steelix|Steelix-Mega, M\n|-mega|p2a: Steelix|Steelix|Steelixite\n|move|p1a: Ogerpon|Follow Me|p1a: Ogerpon\n|-singleturn|p1a: Ogerpon|move: Follow Me\n|move|p1b: Latias|Ice Beam|p2b: Gardevoir\n|-damage|p2b: Gardevoir|20\/100\n|move|p2b: Gardevoir|Dazzling Gleam|p1b: Latias|[spread] p1a,p1b\n|-supereffective|p1b: Latias\n|-damage|p1a: Ogerpon|36\/100\n|-damage|p1b: Latias|35\/100\n|move|p2a: Steelix|Gyro Ball|p1a: Ogerpon\n|-supereffective|p1a: Ogerpon\n|-crit|p1a: Ogerpon\n|-damage|p1a: Ogerpon|0 fnt\n|faint|p1a: Ogerpon\n|\n|upkeep\n|\n|t:|1698173688\n|switch|p1a: Eevee|Eevee, F|44\/100\n|-damage|p1a: Eevee|32\/100|[from] Stealth Rock\n|turn|6\n|\n|t:|1698173699\n|move|p1a: Eevee|Quick Attack|p2b: Gardevoir\n|-crit|p2b: Gardevoir\n|-damage|p2b: Gardevoir|0 fnt\n|faint|p2b: Gardevoir\n|move|p1b: Latias|Psychic|p2a: Steelix\n|-resisted|p2a: Steelix\n|-damage|p2a: Steelix|50\/100\n|move|p2a: Steelix|Iron Head|p1b: Latias\n|-damage|p1b: Latias|19\/100\n|\n|upkeep\n|\n|t:|1698173709\n|switch|p2b: Flamigo|Flamigo, F|100\/100\n|turn|7\n|\n|t:|1698173717\n|move|p1a: Eevee|Quick Attack|p2b: Flamigo\n|-damage|p2b: Flamigo|77\/100\n|move|p1b: Latias|Roost|p1b: Latias\n|-heal|p1b: Latias|69\/100\n|-singleturn|p1b: Latias|move: Roost\n|move|p2b: Flamigo|U-turn|p1a: Eevee\n|-damage|p1a: Eevee|0 fnt\n|faint|p1a: Eevee\n|\n|t:|1698173725\n|switch|p2b: Arboliva|Arboliva, F|100\/100|[from] U-turn\n|move|p2a: Steelix|Iron Head|p1b: Latias\n|-damage|p1b: Latias|49\/100\n|\n|upkeep\n|\n|t:|1698173727\n|switch|p1a: Oricorio|Oricorio-Sensu, M|45\/100\n|-damage|p1a: Oricorio|20\/100|[from] Stealth Rock\n|turn|8\n|\n|t:|1698173742\n|-terastallize|p1a: Oricorio|Ghost\n|move|p1b: Latias|Roost|p1b: Latias\n|-heal|p1b: Latias|99\/100\n|-singleturn|p1b: Latias|move: Roost\n|move|p1a: Oricorio|Roost|p1a: Oricorio\n|-heal|p1a: Oricorio|70\/100\n|move|p2b: Arboliva|Hyper Voice|p1a: Oricorio|[spread] p1b\n|-immune|p1a: Oricorio\n|-damage|p1b: Latias|90\/100\n|move|p2a: Steelix|Iron Head|p1b: Latias\n|-damage|p1b: Latias|73\/100\n|\n|upkeep\n|turn|9\n|\n|t:|1698173763\n|move|p1b: Latias|Psychic|p2a: Steelix\n|-resisted|p2a: Steelix\n|-damage|p2a: Steelix|0 fnt\n|faint|p2a: Steelix\n|move|p1a: Oricorio|Quiver Dance|p1a: Oricorio\n|-boost|p1a: Oricorio|spa|1\n|-boost|p1a: Oricorio|spd|1\n|-boost|p1a: Oricorio|spe|1\n|move|p2b: Arboliva|Leech Seed|p1b: Latias\n|-start|p1b: Latias|move: Leech Seed\n|\n|-damage|p1b: Latias|60\/100|[from] Leech Seed|[of] p2b: Arboliva\n|upkeep\n|\n|t:|1698173767\n|switch|p2a: Flamigo|Flamigo, F|77\/100\n|turn|10\n|\n|t:|1698173777\n|move|p1b: Latias|Ice Beam|p2b: Arboliva\n|-supereffective|p2b: Arboliva\n|-damage|p2b: Arboliva|4\/100\n|-fieldstart|move: Grassy Terrain|[from] ability: Seed Sower|[of] p2b: Arboliva\n|move|p1a: Oricorio|Revelation Dance|p2a: Flamigo\n|-damage|p2a: Flamigo|0 fnt\n|faint|p2a: Flamigo\n|move|p2b: Arboliva|Leech Seed||[still]\n|-fail|p2b: Arboliva\n|\n|-heal|p1a: Oricorio|76\/100|[from] Grassy Terrain\n|-heal|p2b: Arboliva|10\/100|[from] Grassy Terrain\n|-heal|p2b: Arboliva|16\/100|[from] item: Leftovers\n|-damage|p1b: Latias|48\/100|[from] Leech Seed|[of] p2b: Arboliva\n|-heal|p2b: Arboliva|29\/100|[silent]\n|upkeep\n|turn|11\n|\n|t:|1698173793\n|move|p2b: Arboliva|Protect|p2b: Arboliva\n|-singleturn|p2b: Arboliva|Protect\n|move|p1b: Latias|Ice Beam|p2b: Arboliva\n|-activate|p2b: Arboliva|move: Protect\n|move|p1a: Oricorio|Quiver Dance|p1a: Oricorio\n|-boost|p1a: Oricorio|spa|1\n|-boost|p1a: Oricorio|spd|1\n|-boost|p1a: Oricorio|spe|1\n|\n|-heal|p1a: Oricorio|83\/100|[from] Grassy Terrain\n|-heal|p2b: Arboliva|35\/100|[from] Grassy Terrain\n|-heal|p2b: Arboliva|41\/100|[from] item: Leftovers\n|-damage|p1b: Latias|36\/100|[from] Leech Seed|[of] p2b: Arboliva\n|-heal|p2b: Arboliva|53\/100|[silent]\n|upkeep\n|turn|12\n|\n|t:|1698173803\n|move|p1a: Oricorio|Quiver Dance|p1a: Oricorio\n|-boost|p1a: Oricorio|spa|1\n|-boost|p1a: Oricorio|spd|1\n|-boost|p1a: Oricorio|spe|1\n|move|p1b: Latias|Roost|p1b: Latias\n|-heal|p1b: Latias|86\/100\n|-singleturn|p1b: Latias|move: Roost\n|move|p2b: Arboliva|Energy Ball|p1b: Latias\n|-resisted|p1b: Latias\n|-damage|p1b: Latias|77\/100\n|\n|-heal|p1a: Oricorio|89\/100|[from] Grassy Terrain\n|-heal|p2b: Arboliva|59\/100|[from] Grassy Terrain\n|-heal|p2b: Arboliva|65\/100|[from] item: Leftovers\n|-damage|p1b: Latias|65\/100|[from] Leech Seed|[of] p2b: Arboliva\n|-heal|p2b: Arboliva|78\/100|[silent]\n|upkeep\n|turn|13\n|\n|t:|1698173816\n|move|p1a: Oricorio|Revelation Dance|p2b: Arboliva\n|-immune|p2b: Arboliva\n|move|p1b: Latias|Ice Beam|p2b: Arboliva\n|-supereffective|p2b: Arboliva\n|-damage|p2b: Arboliva|0 fnt\n|faint|p2b: Arboliva\n|\n|win|lxvliiz\n|raw|lxvliiz's rating: 1138 &rarr; <strong>1158<\/strong><br \/>(+20 for winning)\n|raw|Lgbeet's rating: 1064 &rarr; <strong>1049<\/strong><br \/>(-15 for losing)\n|l|\u2606Lgbeet\n|c|\u2606lxvliiz|gg\n","uploadtime":1698173828,"views":7,"p1id":"lxvliiz","p2id":"lgbeet","formatid":"gen9nationaldexdoubles","rating":1049,"private":0,"password":""}