{"id":"gen9nationaldexdoubles-1952076907","p1":"Shido464","p2":"TuhinG","format":"[Gen 9] National Dex Doubles","log":"|j|\u2606Shido464\n|j|\u2606TuhinG\n|t:|1695655208\n|gametype|doubles\n|player|p1|Shido464|shadowtriad|1090\n|player|p2|TuhinG|acetrainer|1121\n|teamsize|p1|6\n|teamsize|p2|6\n|gen|9\n|tier|[Gen 9] National Dex Doubles\n|rated|\n|rule|HP Percentage Mod: HP is shown in percentages\n|rule|Endless Battle Clause: Forcing endless battles is banned\n|rule|OHKO Clause: OHKO moves are banned\n|rule|Evasion Moves Clause: Evasion moves are banned\n|rule|Evasion Abilities Clause: Evasion abilities are banned\n|rule|Species Clause: Limit one of each Pok\u00e9mon\n|rule|Gravity Sleep Clause: The combination of sleep-inducing moves with imperfect accuracy and Gravity or Gigantamax Orbeetle are banned\n|clearpoke\n|poke|p1|Sceptile, M|\n|poke|p1|Pelipper, M|\n|poke|p1|Basculegion, M|\n|poke|p1|Scizor, M|\n|poke|p1|Goodra-Hisui, M|\n|poke|p1|Muk-Alola, M|\n|poke|p2|Appletun, M|\n|poke|p2|Grimmsnarl, M|\n|poke|p2|Dragonite, M|\n|poke|p2|Glimmora, F|\n|poke|p2|Clodsire, F|\n|poke|p2|Goodra, M|\n|teampreview\n|inactive|Battle timer is ON: inactive players will automatically lose when time's up. (requested by TuhinG)\n|\n|t:|1695655226\n|start\n|switch|p1a: Goodra|Goodra-Hisui, M|100\/100\n|switch|p1b: Pelipper|Pelipper, M|100\/100\n|switch|p2a: Grimmsnarl|Grimmsnarl, M, shiny|100\/100\n|switch|p2b: Glimmora|Glimmora, F|100\/100\n|-weather|RainDance|[from] ability: Drizzle|[of] p1b: Pelipper\n|turn|1\n|\n|t:|1695655244\n|move|p2a: Grimmsnarl|Light Screen|p2a: Grimmsnarl\n|-sidestart|p2: TuhinG|move: Light Screen\n|move|p2b: Glimmora|Stealth Rock|p1b: Pelipper\n|-sidestart|p1: Shido464|move: Stealth Rock\n|move|p1b: Pelipper|Defog|p2a: Grimmsnarl\n|-unboost|p2a: Grimmsnarl|evasion|1\n|-sideend|p2: TuhinG|move: Light Screen\n|-sideend|p1: Shido464|Stealth Rock|[from] move: Defog|[of] p1b: Pelipper\n|move|p1a: Goodra|Flash Cannon|p2a: Grimmsnarl\n|-supereffective|p2a: Grimmsnarl\n|-damage|p2a: Grimmsnarl|41\/100\n|\n|-weather|RainDance|[upkeep]\n|upkeep\n|turn|2\n|\n|t:|1695655261\n|move|p2a: Grimmsnarl|Reflect|p2a: Grimmsnarl\n|-sidestart|p2: TuhinG|Reflect\n|move|p2b: Glimmora|Spikes|p1a: Goodra\n|-sidestart|p1: Shido464|Spikes\n|move|p1b: Pelipper|Defog|p2a: Grimmsnarl\n|-unboost|p2a: Grimmsnarl|evasion|1\n|-sideend|p2: TuhinG|Reflect\n|-sideend|p1: Shido464|Spikes|[from] move: Defog|[of] p1b: Pelipper\n|move|p1a: Goodra|Flash Cannon|p2a: Grimmsnarl\n|-supereffective|p2a: Grimmsnarl\n|-damage|p2a: Grimmsnarl|0 fnt\n|faint|p2a: Grimmsnarl\n|\n|-weather|RainDance|[upkeep]\n|upkeep\n|\n|t:|1695655278\n|switch|p2a: Dragonite|Dragonite, M, shiny|100\/100\n|turn|3\n|\n|t:|1695655293\n|-terastallize|p2a: Dragonite|Normal\n|move|p2b: Glimmora|Toxic|p1b: Pelipper\n|-status|p1b: Pelipper|tox\n|move|p2a: Dragonite|Dragon Dance|p2a: Dragonite\n|-boost|p2a: Dragonite|atk|1\n|-boost|p2a: Dragonite|spe|1\n|move|p1b: Pelipper|Surf|p2a: Dragonite|[spread] p1a,p2a,p2b\n|-resisted|p1a: Goodra\n|-supereffective|p2b: Glimmora\n|-damage|p1a: Goodra|88\/100\n|-damage|p2a: Dragonite|78\/100\n|-damage|p2b: Glimmora|4\/100\n|-enditem|p2b: Glimmora|Aguav Berry|[eat]\n|-heal|p2b: Glimmora|37\/100|[from] item: Aguav Berry\n|move|p1a: Goodra|Dragon Pulse|p2a: Dragonite\n|-damage|p2a: Dragonite|50\/100\n|\n|-weather|RainDance|[upkeep]\n|-heal|p2a: Dragonite|56\/100|[from] item: Leftovers\n|-heal|p1a: Goodra|94\/100|[from] item: Leftovers\n|-damage|p1b: Pelipper|94\/100 tox|[from] psn\n|upkeep\n|turn|4\n|\n|t:|1695655322\n|move|p2a: Dragonite|Aqua Jet|p1b: Pelipper\n|-resisted|p1b: Pelipper\n|-damage|p1b: Pelipper|74\/100 tox\n|move|p2b: Glimmora|Mortal Spin|p1a: Goodra|[spread] p1b\n|-immune|p1a: Goodra\n|-damage|p1b: Pelipper|70\/100 tox\n|move|p1b: Pelipper|Tailwind|p1b: Pelipper\n|-sidestart|p1: Shido464|move: Tailwind\n|move|p1a: Goodra|Dragon Pulse|p2a: Dragonite\n|-damage|p2a: Dragonite|27\/100\n|\n|-weather|RainDance|[upkeep]\n|-heal|p2a: Dragonite|33\/100|[from] item: Leftovers\n|-heal|p1a: Goodra|99\/100|[from] item: Leftovers\n|-damage|p1b: Pelipper|57\/100 tox|[from] psn\n|upkeep\n|turn|5\n|\n|t:|1695655350\n|switch|p2b: Clodsire|Clodsire, F|100\/100\n|move|p1b: Pelipper|Surf|p2b: Clodsire|[spread] p1a,p2a\n|-immune|p2b: Clodsire|[from] ability: Water Absorb\n|-resisted|p1a: Goodra\n|-damage|p1a: Goodra|88\/100\n|-damage|p2a: Dragonite|0 fnt\n|faint|p2a: Dragonite\n|move|p1a: Goodra|Dragon Pulse|p2b: Clodsire\n|-damage|p2b: Clodsire|76\/100\n|\n|-weather|none\n|-heal|p1a: Goodra|94\/100|[from] item: Leftovers\n|-heal|p2b: Clodsire|82\/100|[from] item: Leftovers\n|-damage|p1b: Pelipper|39\/100 tox|[from] psn\n|upkeep\n|inactive|TuhinG has 120 seconds left.\n|\n|t:|1695655366\n|switch|p2a: Appletun|Appletun, M, shiny|100\/100\n|turn|6\n|\n|t:|1695655385\n|switch|p1b: Scizor|Scizor, M|100\/100\n|move|p1a: Goodra|Dragon Pulse|p2a: Appletun\n|-supereffective|p2a: Appletun\n|-damage|p2a: Appletun|51\/100\n|move|p2a: Appletun|Leech Seed|p1a: Goodra\n|-ability|p1a: Goodra|Sap Sipper|boost\n|-boost|p1a: Goodra|atk|1\n|move|p2b: Clodsire|Liquidation|p1a: Goodra\n|-resisted|p1a: Goodra\n|-damage|p1a: Goodra|86\/100\n|\n|-heal|p1a: Goodra|93\/100|[from] item: Leftovers\n|-heal|p2a: Appletun|57\/100|[from] item: Leftovers\n|-heal|p2b: Clodsire|88\/100|[from] item: Leftovers\n|upkeep\n|turn|7\n|\n|t:|1695655408\n|move|p1b: Scizor|Bug Bite|p2a: Appletun\n|-supereffective|p2a: Appletun\n|-damage|p2a: Appletun|0 fnt\n|faint|p2a: Appletun\n|move|p1a: Goodra|Dragon Pulse|p2b: Clodsire\n|-damage|p2b: Clodsire|65\/100\n|move|p2b: Clodsire|Liquidation|p1b: Scizor\n|-damage|p1b: Scizor|84\/100\n|-damage|p2b: Clodsire|48\/100|[from] item: Rocky Helmet|[of] p1b: Scizor\n|\n|-heal|p1a: Goodra|99\/100|[from] item: Leftovers\n|-heal|p2b: Clodsire|55\/100|[from] item: Leftovers\n|-sideend|p1: Shido464|move: Tailwind\n|upkeep\n|inactive|TuhinG has 120 seconds left.\n|\n|t:|1695655424\n|switch|p2a: Goodra|Goodra, M|100\/100\n|turn|8\n|\n|t:|1695655433\n|move|p2a: Goodra|Flamethrower|p1a: Goodra\n|-damage|p1a: Goodra|86\/100\n|move|p1b: Scizor|Swords Dance|p1b: Scizor\n|-boost|p1b: Scizor|atk|2\n|move|p1a: Goodra|Dragon Pulse|p2a: Goodra\n|-supereffective|p2a: Goodra\n|-damage|p2a: Goodra|55\/100\n|move|p2b: Clodsire|Liquidation|p1a: Goodra\n|-resisted|p1a: Goodra\n|-damage|p1a: Goodra|77\/100\n|\n|-heal|p1a: Goodra|83\/100|[from] item: Leftovers\n|-heal|p2b: Clodsire|61\/100|[from] item: Leftovers\n|upkeep\n|turn|9\n|\n|t:|1695655451\n|switch|p1b: Pelipper|Pelipper, M|39\/100 tox\n|-weather|RainDance|[from] ability: Drizzle|[of] p1b: Pelipper\n|move|p2a: Goodra|Flamethrower|p1b: Pelipper\n|-resisted|p1b: Pelipper\n|-damage|p1b: Pelipper|30\/100 tox\n|move|p1a: Goodra|Dragon Pulse|p2a: Goodra\n|-supereffective|p2a: Goodra\n|-damage|p2a: Goodra|10\/100\n|move|p2b: Clodsire|Liquidation|p1a: Goodra\n|-resisted|p1a: Goodra\n|-damage|p1a: Goodra|72\/100\n|\n|-weather|RainDance|[upkeep]\n|-heal|p1a: Goodra|78\/100|[from] item: Leftovers\n|-heal|p2b: Clodsire|67\/100|[from] item: Leftovers\n|-damage|p1b: Pelipper|23\/100 tox|[from] psn\n|upkeep\n|turn|10\n|\n|t:|1695655474\n|switch|p1b: Scizor|Scizor, M|84\/100\n|move|p2a: Goodra|Dragon Pulse|p1a: Goodra\n|-damage|p1a: Goodra|59\/100\n|move|p1a: Goodra|Dragon Pulse|p2a: Goodra\n|-supereffective|p2a: Goodra\n|-damage|p2a: Goodra|0 fnt\n|faint|p2a: Goodra\n|move|p2b: Clodsire|Liquidation|p1a: Goodra\n|-resisted|p1a: Goodra\n|-damage|p1a: Goodra|46\/100\n|\n|-weather|RainDance|[upkeep]\n|-heal|p1a: Goodra|52\/100|[from] item: Leftovers\n|-heal|p2b: Clodsire|73\/100|[from] item: Leftovers\n|upkeep\n|inactive|TuhinG has 120 seconds left.\n|\n|t:|1695655491\n|switch|p2a: Glimmora|Glimmora, F|37\/100\n|turn|11\n|\n|t:|1695655505\n|move|p2a: Glimmora|Stealth Rock|p1a: Goodra\n|-sidestart|p1: Shido464|move: Stealth Rock\n|move|p1b: Scizor|Swords Dance|p1b: Scizor\n|-boost|p1b: Scizor|atk|2\n|move|p1a: Goodra|Flash Cannon|p2a: Glimmora\n|-supereffective|p2a: Glimmora\n|-damage|p2a: Glimmora|0 fnt\n|faint|p2a: Glimmora\n|move|p2b: Clodsire|Liquidation|p1a: Goodra\n|-resisted|p1a: Goodra\n|-damage|p1a: Goodra|40\/100\n|\n|-weather|RainDance|[upkeep]\n|-heal|p1a: Goodra|46\/100|[from] item: Leftovers\n|-heal|p2b: Clodsire|79\/100|[from] item: Leftovers\n|upkeep\n|turn|12\n|\n|t:|1695655524\n|move|p1b: Scizor|Bug Bite|p2b: Clodsire\n|-resisted|p2b: Clodsire\n|-damage|p2b: Clodsire|47\/100\n|move|p1a: Goodra|Dragon Pulse|p2b: Clodsire\n|-damage|p2b: Clodsire|25\/100\n|move|p2b: Clodsire|Liquidation|p1a: Goodra\n|-resisted|p1a: Goodra\n|-damage|p1a: Goodra|32\/100\n|-unboost|p1a: Goodra|def|1\n|\n|-weather|RainDance|[upkeep]\n|-heal|p1a: Goodra|38\/100|[from] item: Leftovers\n|-heal|p2b: Clodsire|31\/100|[from] item: Leftovers\n|upkeep\n|turn|13\n|-message|TuhinG forfeited.\n|\n|win|Shido464\n|raw|Shido464's rating: 1090 &rarr; <strong>1119<\/strong><br \/>(+29 for winning)\n|raw|TuhinG's rating: 1121 &rarr; <strong>1094<\/strong><br \/>(-27 for losing)\n|l|\u2606TuhinG\n","uploadtime":1695655540,"views":11,"p1id":"shido464","p2id":"tuhing","formatid":"gen9nationaldexdoubles","rating":1094,"private":0,"password":""}