{"id":"gen9nationaldexdoubles-1957329679","p1":"Zinner02","p2":"chompskyhonk76","format":"[Gen 9] National Dex Doubles","log":"|j|\u2606Zinner02\n|j|\u2606chompskyhonk76\n|t:|1696209219\n|gametype|doubles\n|player|p1|Zinner02|hilda-wonderlauncher|1101\n|player|p2|chompskyhonk76|265|1096\n|teamsize|p1|6\n|teamsize|p2|6\n|gen|9\n|tier|[Gen 9] National Dex Doubles\n|rated|\n|rule|HP Percentage Mod: HP is shown in percentages\n|rule|Endless Battle Clause: Forcing endless battles is banned\n|rule|OHKO Clause: OHKO moves are banned\n|rule|Evasion Moves Clause: Evasion moves are banned\n|rule|Evasion Abilities Clause: Evasion abilities are banned\n|rule|Species Clause: Limit one of each Pok\u00e9mon\n|rule|Gravity Sleep Clause: The combination of sleep-inducing moves with imperfect accuracy and Gravity or Gigantamax Orbeetle are banned\n|clearpoke\n|poke|p1|Staraptor, F|\n|poke|p1|Crabominable, F|\n|poke|p1|Oranguru, M|\n|poke|p1|Bruxish, L1, F|\n|poke|p1|Farigiraf, M|\n|poke|p1|Camerupt, F|\n|poke|p2|Cresselia, F|\n|poke|p2|Ninetales-Alola, F|\n|poke|p2|Ursaluna-Bloodmoon, M|\n|poke|p2|Baxcalibur, M|\n|poke|p2|Urshifu-*, F|\n|poke|p2|Rillaboom, M|\n|teampreview\n|c|\u2606chompskyhonk76|glhf\n|inactive|Battle timer is ON: inactive players will automatically lose when time's up. (requested by chompskyhonk76)\n|\n|t:|1696209252\n|start\n|switch|p1a: Staraptor|Staraptor, F|100\/100\n|switch|p1b: Bruxish|Bruxish, L1, F|100\/100\n|switch|p2a: Rillaboom|Rillaboom, M|100\/100\n|switch|p2b: Ninetales|Ninetales-Alola, F|100\/100\n|-ability|p1a: Staraptor|Intimidate|boost\n|-unboost|p2a: Rillaboom|atk|1\n|-unboost|p2b: Ninetales|atk|1\n|-weather|Snow|[from] ability: Snow Warning|[of] p2b: Ninetales\n|-fieldstart|move: Grassy Terrain|[from] ability: Grassy Surge|[of] p2a: Rillaboom\n|turn|1\n|\n|t:|1696209272\n|move|p2a: Rillaboom|Fake Out||[still]\n|cant|p1b: Bruxish|ability: Dazzling|Fake Out|[of] p2a: Rillaboom\n|move|p1a: Staraptor|Final Gambit|p2b: Ninetales\n|-enditem|p2b: Ninetales|Focus Sash\n|-damage|p2b: Ninetales|1\/100\n|faint|p1a: Staraptor\n|move|p2b: Ninetales|Aurora Veil|p2b: Ninetales\n|-sidestart|p2: chompskyhonk76|move: Aurora Veil\n|move|p1b: Bruxish|Trick Room|p1b: Bruxish\n|-fieldstart|move: Trick Room|[of] p1b: Bruxish\n|\n|-weather|Snow|[upkeep]\n|-heal|p2b: Ninetales|7\/100|[from] Grassy Terrain\n|upkeep\n|\n|t:|1696209286\n|switch|p1a: Crabominable|Crabominable, F|100\/100\n|turn|2\n|inactive|chompskyhonk76 has 120 seconds left.\n|\n|t:|1696209339\n|switch|p2b: Urshifu|Urshifu-Rapid-Strike, F|100\/100\n|move|p1b: Bruxish|Frost Breath|p1a: Crabominable\n|-resisted|p1a: Crabominable\n|-crit|p1a: Crabominable\n|-damage|p1a: Crabominable|99\/100\n|-setboost|p1a: Crabominable|atk|6|[from] ability: Anger Point\n|move|p1a: Crabominable|Rock Slide|p2a: Rillaboom|[spread] p2a,p2b\n|-resisted|p2b: Urshifu\n|-damage|p2a: Rillaboom|40\/100\n|-damage|p2b: Urshifu|73\/100\n|cant|p2a: Rillaboom|flinch\n|\n|-weather|Snow|[upkeep]\n|-heal|p1a: Crabominable|100\/100|[from] Grassy Terrain\n|-heal|p2a: Rillaboom|47\/100|[from] Grassy Terrain\n|-heal|p2b: Urshifu|79\/100|[from] Grassy Terrain\n|upkeep\n|turn|3\n|inactive|chompskyhonk76 has 120 seconds left.\n|\n|t:|1696209368\n|move|p1b: Bruxish|Psychic Fangs|p2b: Urshifu\n|-sideend|p2: chompskyhonk76|move: Aurora Veil\n|-supereffective|p2b: Urshifu\n|-damage|p2b: Urshifu|78\/100\n|move|p1a: Crabominable|Rock Slide|p2a: Rillaboom|[spread] p2a,p2b\n|-resisted|p2b: Urshifu\n|-damage|p2a: Rillaboom|0 fnt\n|-damage|p2b: Urshifu|38\/100\n|faint|p2a: Rillaboom\n|cant|p2b: Urshifu|flinch\n|\n|-weather|Snow|[upkeep]\n|-heal|p2b: Urshifu|44\/100|[from] Grassy Terrain\n|upkeep\n|\n|t:|1696209380\n|switch|p2a: Ursaluna|Ursaluna-Bloodmoon, M|100\/100\n|turn|4\n|\n|t:|1696209400\n|move|p1b: Bruxish|Taunt|p2a: Ursaluna\n|-start|p2a: Ursaluna|move: Taunt\n|move|p1a: Crabominable|Ice Hammer|p2a: Ursaluna\n|-supereffective|p2a: Ursaluna\n|-damage|p2a: Ursaluna|0 fnt\n|-unboost|p1a: Crabominable|spe|1\n|faint|p2a: Ursaluna\n|move|p2b: Urshifu|Close Combat|p1a: Crabominable\n|-supereffective|p1a: Crabominable\n|-damage|p1a: Crabominable|7\/100\n|-unboost|p2b: Urshifu|def|1\n|-unboost|p2b: Urshifu|spd|1\n|\n|-weather|Snow|[upkeep]\n|-heal|p1a: Crabominable|13\/100|[from] Grassy Terrain\n|-heal|p2b: Urshifu|51\/100|[from] Grassy Terrain\n|upkeep\n|c|\u2606chompskyhonk76|damn this team is good\n|\n|t:|1696209419\n|switch|p2a: Cresselia|Cresselia, F|100\/100\n|turn|5\n|inactive|chompskyhonk76 has 120 seconds left.\n|\n|t:|1696209428\n|move|p2a: Cresselia|Ally Switch|p2a: Cresselia\n|swap|p2a: Cresselia|1|[from] move: Ally Switch\n|move|p2a: Urshifu|Aqua Jet||[still]\n|cant|p1b: Bruxish|ability: Dazzling|Aqua Jet|[of] p2a: Urshifu\n|move|p1b: Bruxish|Taunt|p2a: Urshifu\n|-start|p2a: Urshifu|move: Taunt\n|move|p1a: Crabominable|Drain Punch|p2b: Cresselia\n|-resisted|p2b: Cresselia\n|-damage|p2b: Cresselia|40\/100\n|-heal|p1a: Crabominable|47\/100|[from] drain|[of] p2b: Cresselia\n|\n|-weather|none\n|-heal|p1a: Crabominable|53\/100|[from] Grassy Terrain\n|-heal|p2a: Urshifu|57\/100|[from] Grassy Terrain\n|-fieldend|move: Trick Room\n|-fieldend|move: Grassy Terrain\n|upkeep\n|turn|6\n|\n|t:|1696209444\n|move|p2a: Urshifu|Close Combat|p1a: Crabominable\n|-supereffective|p1a: Crabominable\n|-damage|p1a: Crabominable|0 fnt\n|-unboost|p2a: Urshifu|def|1\n|-unboost|p2a: Urshifu|spd|1\n|faint|p1a: Crabominable\n|move|p2b: Cresselia|Lunar Blessing|p2b: Cresselia|[spread] p2a,p2b\n|-heal|p2a: Urshifu|82\/100\n|-heal|p2b: Cresselia|65\/100\n|move|p1b: Bruxish|Trick Room|p1b: Bruxish\n|-fieldstart|move: Trick Room|[of] p1b: Bruxish\n|\n|upkeep\n|\n|t:|1696209455\n|switch|p1a: Camerupt|Camerupt, F|100\/100\n|turn|7\n|c|\u2606chompskyhonk76|god that was a nightmare\n|\n|t:|1696209468\n|move|p2b: Cresselia|Ally Switch|p2b: Cresselia\n|swap|p2b: Cresselia|0|[from] move: Ally Switch\n|move|p2b: Urshifu|Aqua Jet||[still]\n|cant|p1b: Bruxish|ability: Dazzling|Aqua Jet|[of] p2b: Urshifu\n|move|p1b: Bruxish|Frost Breath|p1a: Camerupt|[miss]\n|-miss|p1b: Bruxish|p1a: Camerupt\n|move|p1a: Camerupt|Earthquake|p2b: Urshifu|[spread] p1b,p2b\n|-immune|p2a: Cresselia|[from] ability: Levitate\n|-crit|p1b: Bruxish\n|-enditem|p1b: Bruxish|Focus Sash\n|-damage|p1b: Bruxish|8\/100\n|-damage|p2b: Urshifu|4\/100\n|\n|upkeep\n|turn|8\n|\n|t:|1696209484\n|move|p1b: Bruxish|Frost Breath|p1a: Camerupt\n|-crit|p1a: Camerupt\n|-damage|p1a: Camerupt|99\/100\n|-setboost|p1a: Camerupt|atk|6|[from] ability: Anger Point\n|move|p1a: Camerupt|Earthquake|p2a: Cresselia|[spread] p1b,p2b\n|-immune|p2a: Cresselia|[from] ability: Levitate\n|-damage|p1b: Bruxish|0 fnt\n|-damage|p2b: Urshifu|0 fnt\n|faint|p1b: Bruxish\n|faint|p2b: Urshifu\n|move|p2a: Cresselia|Lunar Blessing|p2a: Cresselia\n|-heal|p2a: Cresselia|90\/100\n|\n|upkeep\n|\n|t:|1696209498\n|switch|p1b: Oranguru|Oranguru, M|100\/100\n|switch|p2b: Baxcalibur|Baxcalibur, M|100\/100\n|turn|9\n|\n|t:|1696209516\n|detailschange|p1a: Camerupt|Camerupt-Mega, F\n|-mega|p1a: Camerupt|Camerupt|Cameruptite\n|move|p2a: Cresselia|Ally Switch|p2a: Cresselia\n|swap|p2a: Cresselia|1|[from] move: Ally Switch\n|move|p1a: Camerupt|Rock Slide|p2a: Baxcalibur|[spread] p2b\n|-miss|p1a: Camerupt|p2a: Baxcalibur\n|-damage|p2b: Cresselia|19\/100\n|move|p1b: Oranguru|Instruct|p1a: Camerupt\n|-singleturn|p1a: Camerupt|move: Instruct|[of] p1b: Oranguru\n|move|p1a: Camerupt|Rock Slide|p2b: Cresselia|[spread] p2a,p2b\n|-supereffective|p2a: Baxcalibur\n|-damage|p2a: Baxcalibur|0 fnt\n|-damage|p2b: Cresselia|0 fnt\n|faint|p2a: Baxcalibur\n|faint|p2b: Cresselia\n|\n|upkeep\n|c|\u2606chompskyhonk76|my god this is too much\n|inactive|chompskyhonk76 has 120 seconds left.\n|c|\u2606chompskyhonk76|gg man\n|c|\u2606chompskyhonk76|i was not prepared\n|\n|t:|1696209551\n|switch|p2b: Ninetales|Ninetales-Alola, F|7\/100\n|-weather|Snow|[from] ability: Snow Warning|[of] p2b: Ninetales\n|turn|10\n|c|\u2606Zinner02|Special thanks to Revenge Killer anda his strategy\n|\n|t:|1696209566\n|move|p1a: Camerupt|Explosion|p2b: Ninetales|[spread] p2b\n|-activate|p1b: Oranguru|ability: Telepathy\n|-damage|p2b: Ninetales|0 fnt\n|faint|p1a: Camerupt\n|faint|p2b: Ninetales\n|\n|win|Zinner02\n|raw|Zinner02's rating: 1101 &rarr; <strong>1126<\/strong><br \/>(+25 for winning)\n|raw|chompskyhonk76's rating: 1096 &rarr; <strong>1072<\/strong><br \/>(-24 for losing)\n|c|\u2606chompskyhonk76|its alot lol\n|c|\u2606chompskyhonk76|wanna rematch?\n|c|\u2606chompskyhonk76|gg\n|c|\u2606Zinner02|Why not\n|l|\u2606chompskyhonk76\n|l|\u2606Zinner02\n|j|\u2606Zinner02\n|player|p1|Zinner02|hilda-wonderlauncher\n","uploadtime":1696209904,"views":4,"p1id":"zinner02","p2id":"chompskyhonk76","formatid":"gen9nationaldexdoubles","rating":1072,"private":0,"password":""}