{"id":"gen9nationaldexdoubles-1986402503","p1":"playernines","p2":"BaconG0d1","format":"[Gen 9] National Dex Doubles","log":"|j|\u2606playernines\n|j|\u2606BaconG0d1\n|t:|1699475971\n|gametype|doubles\n|player|p1|playernines|lance|\n|player|p2|BaconG0d1|gentleman|\n|teamsize|p1|6\n|teamsize|p2|6\n|gen|9\n|tier|[Gen 9] National Dex Doubles\n|rule|HP Percentage Mod: HP is shown in percentages\n|rule|Endless Battle Clause: Forcing endless battles is banned\n|rule|OHKO Clause: OHKO moves are banned\n|rule|Evasion Moves Clause: Evasion moves are banned\n|rule|Evasion Abilities Clause: Evasion abilities are banned\n|rule|Species Clause: Limit one of each Pok\u00e9mon\n|rule|Gravity Sleep Clause: The combination of sleep-inducing moves with imperfect accuracy and Gravity or Gigantamax Orbeetle are banned\n|clearpoke\n|poke|p1|Ogerpon-Hearthflame, F|\n|poke|p1|Rillaboom, F|\n|poke|p1|Sinistcha|\n|poke|p1|Brute Bonnet|\n|poke|p1|Lilligant-Hisui, F|\n|poke|p1|Arboliva, F|\n|poke|p2|Bronzong|\n|poke|p2|Scizor, M|\n|poke|p2|Hoopa-Unbound|\n|poke|p2|Golurk|\n|poke|p2|Porygon2|\n|poke|p2|Volcanion|\n|teampreview\n|c|\u2606playernines|gl hf !\n|inactive|Battle timer is ON: inactive players will automatically lose when time's up. (requested by BaconG0d1)\n|inactiveoff|Battle timer is now OFF.\n|c|\u2606BaconG0d1|you too\n|\n|t:|1699476055\n|start\n|switch|p1a: Grodd|Rillaboom, F|100\/100\n|switch|p1b: Brute Bonnet|Brute Bonnet|100\/100\n|switch|p2a: Bronzong|Bronzong, shiny|100\/100\n|switch|p2b: Volcanion|Volcanion|100\/100\n|-fieldstart|move: Grassy Terrain|[from] ability: Grassy Surge|[of] p1a: Grodd\n|turn|1\n|\n|t:|1699476081\n|move|p1a: Grodd|Fake Out|p2b: Volcanion\n|-damage|p2b: Volcanion|88\/100\n|move|p1b: Brute Bonnet|Spore|p2b: Volcanion\n|-status|p2b: Volcanion|slp|[from] move: Spore\n|cant|p2b: Volcanion|slp\n|move|p2a: Bronzong|Trick Room|p2a: Bronzong\n|-fieldstart|move: Trick Room|[of] p2a: Bronzong\n|\n|-heal|p2b: Volcanion|94\/100 slp|[from] Grassy Terrain\n|upkeep\n|turn|2\n|\n|t:|1699476110\n|switch|p2b: Scizor|Scizor, M, shiny|100\/100\n|move|p2a: Bronzong|Stealth Rock|p1b: Brute Bonnet\n|-sidestart|p1: playernines|move: Stealth Rock\n|move|p1b: Brute Bonnet|Bullet Seed|p2b: Scizor\n|-resisted|p2b: Scizor\n|-crit|p2b: Scizor\n|-damage|p2b: Scizor|94\/100\n|-resisted|p2b: Scizor\n|-damage|p2b: Scizor|89\/100\n|-resisted|p2b: Scizor\n|-damage|p2b: Scizor|85\/100\n|-resisted|p2b: Scizor\n|-damage|p2b: Scizor|81\/100\n|-hitcount|p2b: Scizor|4\n|move|p1a: Grodd|Knock Off|p2b: Scizor\n|-crit|p2b: Scizor\n|-damage|p2b: Scizor|43\/100\n|\n|-heal|p2b: Scizor|49\/100|[from] Grassy Terrain\n|upkeep\n|turn|3\n|\n|t:|1699476157\n|detailschange|p2b: Scizor|Scizor-Mega, M, shiny\n|-mega|p2b: Scizor|Scizor|Scizorite\n|-terastallize|p1b: Brute Bonnet|Water\n|move|p2a: Bronzong|Helping Hand|p2b: Scizor\n|-singleturn|p2b: Scizor|Helping Hand|[of] p2a: Bronzong\n|move|p1b: Brute Bonnet|Spore|p2b: Scizor\n|-status|p2b: Scizor|slp|[from] move: Spore\n|cant|p2b: Scizor|slp\n|move|p1a: Grodd|U-turn|p2b: Scizor\n|-resisted|p2b: Scizor\n|-damage|p2b: Scizor|39\/100 slp\n|\n|t:|1699476171\n|switch|p1a: Arboliva|Arboliva, F|100\/100|[from] U-turn\n|-damage|p1a: Arboliva|88\/100|[from] Stealth Rock\n|\n|-heal|p1a: Arboliva|94\/100|[from] Grassy Terrain\n|-heal|p2b: Scizor|45\/100 slp|[from] Grassy Terrain\n|upkeep\n|turn|4\n|c|\u2606BaconG0d1|Darn you sleep clause\n|c|\u2606BaconG0d1|Or more like lack of sleep clause\n|c|\u2606playernines|one of the fun things about doubles lol\n|\n|t:|1699476240\n|move|p2a: Bronzong|Helping Hand|p2b: Scizor\n|-singleturn|p2b: Scizor|Helping Hand|[of] p2a: Bronzong\n|move|p1a: Arboliva|Earth Power|p2b: Scizor\n|-damage|p2b: Scizor|10\/100 slp\n|move|p1b: Brute Bonnet|Bullet Seed|p2b: Scizor\n|-resisted|p2b: Scizor\n|-damage|p2b: Scizor|7\/100 slp\n|-resisted|p2b: Scizor\n|-damage|p2b: Scizor|3\/100 slp\n|-resisted|p2b: Scizor\n|-damage|p2b: Scizor|0 fnt\n|faint|p2b: Scizor\n|-hitcount|p2: Scizor|3\n|\n|-heal|p1a: Arboliva|100\/100|[from] Grassy Terrain\n|upkeep\n|\n|t:|1699476264\n|switch|p2b: Hoopa|Hoopa-Unbound|100\/100\n|turn|5\n|\n|t:|1699476306\n|move|p2b: Hoopa|Ally Switch|p2b: Hoopa\n|swap|p2b: Hoopa|0|[from] move: Ally Switch\n|move|p2b: Bronzong|Telekinesis|p1a: Arboliva\n|-start|p1a: Arboliva|Telekinesis\n|move|p1a: Arboliva|Pollen Puff|p2b: Bronzong\n|-damage|p2b: Bronzong|69\/100\n|move|p1b: Brute Bonnet|Spore|p2a: Hoopa\n|-status|p2a: Hoopa|slp|[from] move: Spore\n|\n|-fieldend|move: Trick Room\n|-fieldend|move: Grassy Terrain\n|upkeep\n|turn|6\n|\n|t:|1699476351\n|-terastallize|p2a: Hoopa|Steel\n|move|p2b: Bronzong|Helping Hand|p2a: Hoopa\n|-singleturn|p2a: Hoopa|Helping Hand|[of] p2b: Bronzong\n|cant|p2a: Hoopa|slp\n|move|p1b: Brute Bonnet|Bullet Seed|p2b: Bronzong\n|-resisted|p2b: Bronzong\n|-damage|p2b: Bronzong|65\/100\n|-resisted|p2b: Bronzong\n|-crit|p2b: Bronzong\n|-damage|p2b: Bronzong|57\/100\n|-resisted|p2b: Bronzong\n|-damage|p2b: Bronzong|52\/100\n|-resisted|p2b: Bronzong\n|-damage|p2b: Bronzong|47\/100\n|-resisted|p2b: Bronzong\n|-damage|p2b: Bronzong|43\/100\n|-hitcount|p2b: Bronzong|5\n|move|p1a: Arboliva|Pollen Puff|p2a: Hoopa\n|-resisted|p2a: Hoopa\n|-damage|p2a: Hoopa|88\/100 slp\n|\n|-heal|p2a: Hoopa|94\/100 slp|[from] item: Leftovers\n|upkeep\n|turn|7\n|\n|t:|1699476383\n|move|p2b: Bronzong|Helping Hand|p2a: Hoopa\n|-singleturn|p2a: Hoopa|Helping Hand|[of] p2b: Bronzong\n|cant|p2a: Hoopa|slp\n|move|p1b: Brute Bonnet|Bullet Seed|p2b: Bronzong\n|-resisted|p2b: Bronzong\n|-damage|p2b: Bronzong|38\/100\n|-resisted|p2b: Bronzong\n|-crit|p2b: Bronzong\n|-damage|p2b: Bronzong|30\/100\n|-resisted|p2b: Bronzong\n|-damage|p2b: Bronzong|26\/100\n|-resisted|p2b: Bronzong\n|-damage|p2b: Bronzong|21\/100\n|-resisted|p2b: Bronzong\n|-damage|p2b: Bronzong|16\/100\n|-hitcount|p2b: Bronzong|5\n|move|p1a: Arboliva|Earth Power|p2a: Hoopa\n|-supereffective|p2a: Hoopa\n|-damage|p2a: Hoopa|48\/100 slp\n|\n|-heal|p2a: Hoopa|54\/100 slp|[from] item: Leftovers\n|-end|p1a: Arboliva|Telekinesis\n|upkeep\n|turn|8\n|\n|t:|1699476402\n|move|p2b: Bronzong|Helping Hand|p2a: Hoopa\n|-singleturn|p2a: Hoopa|Helping Hand|[of] p2b: Bronzong\n|-curestatus|p2a: Hoopa|slp|[msg]\n|move|p2a: Hoopa|Hyperspace Fury|p1b: Brute Bonnet\n|-damage|p1b: Brute Bonnet|27\/100\n|-unboost|p2a: Hoopa|def|1\n|move|p1b: Brute Bonnet|Bullet Seed|p2a: Hoopa\n|-resisted|p2a: Hoopa\n|-damage|p2a: Hoopa|39\/100\n|-resisted|p2a: Hoopa\n|-damage|p2a: Hoopa|24\/100\n|-resisted|p2a: Hoopa\n|-damage|p2a: Hoopa|9\/100\n|-resisted|p2a: Hoopa\n|-damage|p2a: Hoopa|0 fnt\n|faint|p2a: Hoopa\n|-hitcount|p2: Hoopa|4\n|move|p1a: Arboliva|Earth Power|p2b: Bronzong\n|-immune|p2b: Bronzong|[from] ability: Levitate\n|\n|upkeep\n|\n|t:|1699476425\n|switch|p2a: Golurk|Golurk, shiny|100\/100\n|turn|9\n|c|\u2606playernines|I forgot to add steel to my pok\u00e9mon\n|c|\u2606playernines|restrictions lol\n|\n|t:|1699476473\n|move|p2b: Bronzong|Helping Hand|p2a: Golurk\n|-singleturn|p2a: Golurk|Helping Hand|[of] p2b: Bronzong\n|move|p1b: Brute Bonnet|Bullet Seed|p2a: Golurk\n|-supereffective|p2a: Golurk\n|-damage|p2a: Golurk|72\/100\n|-supereffective|p2a: Golurk\n|-damage|p2a: Golurk|44\/100\n|-supereffective|p2a: Golurk\n|-damage|p2a: Golurk|14\/100\n|-supereffective|p2a: Golurk\n|-damage|p2a: Golurk|0 fnt\n|faint|p2a: Golurk\n|-hitcount|p2: Golurk|4\n|move|p1a: Arboliva|Pollen Puff|p2b: Bronzong\n|-damage|p2b: Bronzong|0 fnt\n|faint|p2b: Bronzong\n|\n|upkeep\n|-message|BaconG0d1 forfeited.\n|\n|win|playernines\n|c|\u2606BaconG0d1|gg\n|c|\u2606playernines|gg\n|l|\u2606BaconG0d1\n","uploadtime":1699476568,"views":8,"p1id":"playernines","p2id":"bacong0d1","formatid":"gen9nationaldexdoubles","rating":0,"private":0,"password":""}