{"id":"gen9nationaldexdoubles-1993608244","p1":"Uwadorin","p2":"Shashterpiece","format":"[Gen 9] National Dex Doubles","log":"|j|\u2606Uwadorin\n|j|\u2606Shashterpiece\n|t:|1700336995\n|gametype|doubles\n|player|p1|Uwadorin|266|1046\n|player|p2|Shashterpiece|blue|1081\n|teamsize|p1|6\n|teamsize|p2|6\n|gen|9\n|tier|[Gen 9] National Dex Doubles\n|rated|\n|rule|HP Percentage Mod: HP is shown in percentages\n|rule|Endless Battle Clause: Forcing endless battles is banned\n|rule|OHKO Clause: OHKO moves are banned\n|rule|Evasion Moves Clause: Evasion moves are banned\n|rule|Evasion Abilities Clause: Evasion abilities are banned\n|rule|Species Clause: Limit one of each Pok\u00e9mon\n|rule|Gravity Sleep Clause: The combination of sleep-inducing moves with imperfect accuracy and Gravity or Gigantamax Orbeetle are banned\n|clearpoke\n|poke|p1|Sableye, F|\n|poke|p1|Florges, F|\n|poke|p1|Whiscash, F|\n|poke|p1|Amoonguss, M|\n|poke|p1|Marshadow|\n|poke|p1|Gholdengo|\n|poke|p2|Flutter Mane|\n|poke|p2|Dragonite, F|\n|poke|p2|Chien-Pao|\n|poke|p2|Amoonguss, F|\n|poke|p2|Arcanine-Hisui, F|\n|poke|p2|Iron Bundle|\n|teampreview\n|inactive|Battle timer is ON: inactive players will automatically lose when time's up. (requested by Shashterpiece)\n|\n|t:|1700337024\n|start\n|switch|p1a: Gholdengo|Gholdengo|100\/100\n|switch|p1b: Florges|Florges, F|100\/100\n|switch|p2a: Amoonguss|Amoonguss, F, shiny|100\/100\n|switch|p2b: Arcanine|Arcanine-Hisui, F, shiny|100\/100\n|-ability|p2b: Arcanine|Intimidate|boost\n|-unboost|p1a: Gholdengo|atk|1\n|-unboost|p1b: Florges|atk|1\n|turn|1\n|inactive|Uwadorin has 120 seconds left.\n|\n|t:|1700337064\n|switch|p1a: Sableye|Sableye, F|100\/100\n|move|p2b: Arcanine|Flare Blitz|p1a: Sableye\n|-damage|p1a: Sableye|26\/100\n|-damage|p2b: Arcanine|81\/100|[from] Recoil\n|move|p1b: Florges|Psychic|p2a: Amoonguss\n|-supereffective|p2a: Amoonguss\n|-damage|p2a: Amoonguss|46\/100\n|move|p2a: Amoonguss|Spore|p1b: Florges\n|-status|p1b: Florges|slp|[from] move: Spore\n|\n|upkeep\n|turn|2\n|inactive|Uwadorin has 120 seconds left.\n|inactive|Shashterpiece has 120 seconds left.\n|inactive|Shashterpiece has 90 seconds left.\n|\n|t:|1700337127\n|move|p1a: Sableye|Recover|p1a: Sableye\n|-heal|p1a: Sableye|76\/100\n|move|p2b: Arcanine|Flare Blitz|p1b: Florges\n|-damage|p1b: Florges|23\/100 slp\n|-enditem|p1b: Florges|Iapapa Berry|[eat]\n|-heal|p1b: Florges|56\/100 slp|[from] item: Iapapa Berry\n|-damage|p2b: Arcanine|56\/100|[from] Recoil\n|cant|p1b: Florges|slp\n|move|p2a: Amoonguss|Clear Smog|p1a: Sableye\n|-resisted|p1a: Sableye\n|-damage|p1a: Sableye|64\/100\n|-clearboost|p1a: Sableye\n|\n|upkeep\n|turn|3\n|inactive|Uwadorin has 120 seconds left.\n|inactive|Shashterpiece has 90 seconds left.\n|\n|t:|1700337158\n|move|p1a: Sableye|Recover|p1a: Sableye\n|-heal|p1a: Sableye|100\/100\n|move|p2b: Arcanine|Flare Blitz|p1a: Sableye\n|-damage|p1a: Sableye|25\/100\n|-status|p1a: Sableye|brn\n|-damage|p2b: Arcanine|36\/100|[from] Recoil\n|cant|p1b: Florges|slp\n|move|p2a: Amoonguss|Pollen Puff|p2b: Arcanine\n|-heal|p2b: Arcanine|86\/100\n|\n|-damage|p1a: Sableye|19\/100 brn|[from] brn\n|upkeep\n|turn|4\n|j| Art_0r\n|inactive|Shashterpiece has 90 seconds left.\n|\n|t:|1700337180\n|move|p1a: Sableye|Recover|p1a: Sableye\n|-heal|p1a: Sableye|69\/100 brn\n|move|p2b: Arcanine|Flare Blitz|p1b: Florges\n|-damage|p1b: Florges|0 fnt\n|faint|p1b: Florges\n|-damage|p2b: Arcanine|68\/100|[from] Recoil\n|move|p2a: Amoonguss|Pollen Puff|p2b: Arcanine\n|-heal|p2b: Arcanine|100\/100\n|\n|-damage|p1a: Sableye|63\/100 brn|[from] brn\n|upkeep\n|inactive|Uwadorin has 120 seconds left.\n|\n|t:|1700337197\n|switch|p1b: Whiscash|Whiscash, F|100\/100\n|turn|5\n|inactive|Shashterpiece has 90 seconds left.\n|\n|t:|1700337232\n|-terastallize|p2b: Arcanine|Fairy\n|move|p2a: Amoonguss|Rage Powder|p2a: Amoonguss\n|-singleturn|p2a: Amoonguss|move: Rage Powder\n|move|p2b: Arcanine|Tera Blast|p1a: Sableye|[anim] Tera Blast Fairy\n|-supereffective|p1a: Sableye\n|-damage|p1a: Sableye|0 fnt\n|faint|p1a: Sableye\n|move|p1b: Whiscash|Earthquake|p2b: Arcanine|[spread] p2a,p2b\n|-damage|p2a: Amoonguss|23\/100\n|-damage|p2b: Arcanine|72\/100\n|\n|upkeep\n|inactive|Uwadorin has 120 seconds left.\n|\n|t:|1700337248\n|switch|p1a: Gholdengo|Gholdengo|100\/100\n|turn|6\n|inactive|Uwadorin has 120 seconds left.\n|\n|t:|1700337273\n|move|p2a: Amoonguss|Rage Powder|p2a: Amoonguss\n|-singleturn|p2a: Amoonguss|move: Rage Powder\n|move|p2b: Arcanine|Flare Blitz|p1a: Gholdengo\n|-supereffective|p1a: Gholdengo\n|-damage|p1a: Gholdengo|0 fnt\n|faint|p1a: Gholdengo\n|-damage|p2b: Arcanine|38\/100|[from] Recoil\n|move|p1b: Whiscash|Rock Slide|p2b: Arcanine|[spread] p2a,p2b\n|-damage|p2a: Amoonguss|12\/100\n|-damage|p2b: Arcanine|25\/100\n|\n|upkeep\n|inactive|Uwadorin has 120 seconds left.\n|\n|t:|1700337295\n|switch|p1a: Marshadow|Marshadow|100\/100\n|turn|7\n|inactive|Uwadorin has 120 seconds left.\n|\n|t:|1700337325\n|move|p1a: Marshadow|Spectral Thief|p2a: Amoonguss\n|-damage|p2a: Amoonguss|0 fnt\n|-damage|p1a: Marshadow|84\/100|[from] item: Rocky Helmet|[of] p2a: Amoonguss\n|faint|p2a: Amoonguss\n|move|p2b: Arcanine|Tera Blast|p1a: Marshadow|[anim] Tera Blast Fairy\n|-supereffective|p1a: Marshadow\n|-damage|p1a: Marshadow|0 fnt\n|faint|p1a: Marshadow\n|move|p1b: Whiscash|Rock Slide|p2b: Arcanine\n|-damage|p2b: Arcanine|5\/100\n|\n|upkeep\n|inactive|Uwadorin has 120 seconds left.\n|\n|t:|1700337349\n|switch|p1a: Amoonguss|Amoonguss, M|100\/100\n|switch|p2a: Iron Bundle|Iron Bundle, shiny|100\/100\n|-enditem|p2a: Iron Bundle|Booster Energy\n|-activate|p2a: Iron Bundle|ability: Quark Drive|[fromitem]\n|-start|p2a: Iron Bundle|quarkdrivespe\n|turn|8\n|inactive|Shashterpiece has 120 seconds left.\n|\n|t:|1700337381\n|-terastallize|p1a: Amoonguss|Poison\n|move|p2a: Iron Bundle|Freeze-Dry|p1b: Whiscash\n|-supereffective|p1b: Whiscash\n|-damage|p1b: Whiscash|0 fnt\n|faint|p1b: Whiscash\n|move|p2b: Arcanine|Flare Blitz|p1a: Amoonguss\n|-damage|p1a: Amoonguss|45\/100\n|-status|p2b: Arcanine|psn|[from] ability: Effect Spore|[of] p1a: Amoonguss\n|-damage|p2b: Arcanine|0 fnt|[from] Recoil\n|faint|p2b: Arcanine\n|move|p1a: Amoonguss|Spore|p2a: Iron Bundle\n|-status|p2a: Iron Bundle|slp|[from] move: Spore\n|\n|upkeep\n|inactive|Shashterpiece has 120 seconds left.\n|-message|Uwadorin forfeited.\n|\n|win|Shashterpiece\n|raw|Uwadorin's rating: 1046 &rarr; <strong>1031<\/strong><br \/>(-15 for losing)\n|raw|Shashterpiece's rating: 1081 &rarr; <strong>1106<\/strong><br \/>(+25 for winning)\n|l|\u2606Uwadorin\n|l| Art_0r\n","uploadtime":1700337409,"views":9,"p1id":"uwadorin","p2id":"shashterpiece","formatid":"gen9nationaldexdoubles","rating":1031,"private":0,"password":""}