{"id":"gen9nationaldexdoubles-1982112602","p1":"KRONEL2426","p2":"Mongoose556","format":"[Gen 9] National Dex Doubles","log":"|j|\u2606KRONEL2426\n|j|\u2606Mongoose556\n|t:|1698969109\n|gametype|doubles\n|player|p1|KRONEL2426|hugh|1311\n|player|p2|Mongoose556|may|1281\n|teamsize|p1|6\n|teamsize|p2|6\n|gen|9\n|tier|[Gen 9] National Dex Doubles\n|rated|\n|rule|HP Percentage Mod: HP is shown in percentages\n|rule|Endless Battle Clause: Forcing endless battles is banned\n|rule|OHKO Clause: OHKO moves are banned\n|rule|Evasion Moves Clause: Evasion moves are banned\n|rule|Evasion Abilities Clause: Evasion abilities are banned\n|rule|Species Clause: Limit one of each Pok\u00e9mon\n|rule|Gravity Sleep Clause: The combination of sleep-inducing moves with imperfect accuracy and Gravity or Gigantamax Orbeetle are banned\n|clearpoke\n|poke|p1|Landorus-Therian, M|\n|poke|p1|Volcarona, F|\n|poke|p1|Corviknight, F|\n|poke|p1|Baxcalibur, F|\n|poke|p1|Amoonguss, F|\n|poke|p1|Grimmsnarl, M|\n|poke|p2|Inteleon, M|\n|poke|p2|Swampert, M|\n|poke|p2|Araquanid, F|\n|poke|p2|Tauros-Paldea-Aqua, M|\n|poke|p2|Cramorant, M|\n|poke|p2|Ogerpon-Wellspring, F|\n|teampreview\n|\n|t:|1698969130\n|start\n|switch|p1a: Grimmsnarl|Grimmsnarl, M|100\/100\n|switch|p1b: Volcarona|Volcarona, F|100\/100\n|switch|p2a: Throat Goat|Cramorant, M|100\/100\n|switch|p2b: Randall|Inteleon, M, shiny|100\/100\n|turn|1\n|\n|t:|1698969150\n|-terastallize|p1b: Volcarona|Water\n|move|p1a: Grimmsnarl|Fake Out|p2a: Throat Goat\n|-damage|p2a: Throat Goat|81\/100\n|move|p2b: Randall|Snipe Shot|p1a: Grimmsnarl\n|-crit|p1a: Grimmsnarl\n|-damage|p1a: Grimmsnarl|29\/100\n|move|p1b: Volcarona|Quiver Dance|p1b: Volcarona\n|-boost|p1b: Volcarona|spa|1\n|-boost|p1b: Volcarona|spd|1\n|-boost|p1b: Volcarona|spe|1\n|cant|p2a: Throat Goat|flinch\n|\n|upkeep\n|turn|2\n|\n|t:|1698969169\n|move|p1a: Grimmsnarl|Parting Shot|p2a: Throat Goat\n|-unboost|p2a: Throat Goat|atk|1\n|-unboost|p2a: Throat Goat|spa|1\n|\n|t:|1698969173\n|switch|p1a: Amoonguss|Amoonguss, F|100\/100|[from] Parting Shot\n|move|p1b: Volcarona|Giga Drain|p2b: Randall\n|-supereffective|p2b: Randall\n|-damage|p2b: Randall|0 fnt\n|faint|p2b: Randall\n|move|p2a: Throat Goat|Tailwind|p2a: Throat Goat\n|-sidestart|p2: Mongoose556|move: Tailwind\n|\n|upkeep\n|\n|t:|1698969179\n|switch|p2b: Ogerp\u00f6rn|Ogerpon-Wellspring, F|100\/100\n|turn|3\n|\n|t:|1698969191\n|move|p2b: Ogerp\u00f6rn|Horn Leech|p1b: Volcarona\n|-supereffective|p1b: Volcarona\n|-damage|p1b: Volcarona|0 fnt\n|faint|p1b: Volcarona\n|move|p2a: Throat Goat|Air Slash|p1a: Amoonguss\n|-supereffective|p1a: Amoonguss\n|-damage|p1a: Amoonguss|76\/100\n|move|p1a: Amoonguss|Spore|p2a: Throat Goat\n|-status|p2a: Throat Goat|slp|[from] move: Spore\n|\n|upkeep\n|\n|t:|1698969206\n|switch|p1b: Baxcalibur|Baxcalibur, F|100\/100\n|turn|4\n|\n|t:|1698969215\n|move|p2b: Ogerp\u00f6rn|Brick Break|p1b: Baxcalibur\n|-supereffective|p1b: Baxcalibur\n|-damage|p1b: Baxcalibur|46\/100\n|cant|p2a: Throat Goat|slp\n|move|p1b: Baxcalibur|Dragon Dance|p1b: Baxcalibur\n|-boost|p1b: Baxcalibur|atk|1\n|-boost|p1b: Baxcalibur|spe|1\n|move|p1a: Amoonguss|Synthesis|p1a: Amoonguss\n|-heal|p1a: Amoonguss|100\/100\n|\n|upkeep\n|turn|5\n|\n|t:|1698969237\n|switch|p1a: Landorus|Landorus-Therian, M|100\/100\n|-ability|p1a: Landorus|Intimidate|boost\n|-unboost|p2a: Throat Goat|atk|1\n|-unboost|p2b: Ogerp\u00f6rn|atk|1\n|move|p2b: Ogerp\u00f6rn|Brick Break|p1b: Baxcalibur\n|-supereffective|p1b: Baxcalibur\n|-damage|p1b: Baxcalibur|3\/100\n|cant|p2a: Throat Goat|slp\n|move|p1b: Baxcalibur|Icicle Spear|p2b: Ogerp\u00f6rn\n|-damage|p2b: Ogerp\u00f6rn|71\/100\n|-damage|p2b: Ogerp\u00f6rn|43\/100\n|-hitcount|p2b: Ogerp\u00f6rn|2\n|\n|-sideend|p2: Mongoose556|move: Tailwind\n|upkeep\n|turn|6\n|\n|t:|1698969262\n|switch|p1b: Corviknight|Corviknight, F|100\/100\n|-ability|p1b: Corviknight|Pressure\n|move|p2b: Ogerp\u00f6rn|Ivy Cudgel|p1a: Landorus\n|-supereffective|p1a: Landorus\n|-crit|p1a: Landorus\n|-damage|p1a: Landorus|0 fnt\n|faint|p1a: Landorus\n|-curestatus|p2a: Throat Goat|slp|[msg]\n|move|p2a: Throat Goat|Surf|p1b: Corviknight|[spread] p1b\n|-heal|p2b: Ogerp\u00f6rn|68\/100|[from] ability: Water Absorb|[of] p2a: Throat Goat\n|-formechange|p2a: Throat Goat|Cramorant-Gulping|\n|-crit|p1b: Corviknight\n|-damage|p1b: Corviknight|76\/100\n|\n|-heal|p1b: Corviknight|82\/100|[from] item: Leftovers\n|upkeep\n|\n|t:|1698969279\n|switch|p1a: Grimmsnarl|Grimmsnarl, M|29\/100\n|turn|7\n|\n|t:|1698969286\n|move|p1a: Grimmsnarl|Fake Out|p2a: Throat Goat\n|-damage|p2a: Throat Goat|60\/100\n|-damage|p1a: Grimmsnarl|4\/100|[from] ability: Gulp Missile|[of] p2a: Throat Goat\n|-unboost|p1a: Grimmsnarl|def|1\n|-formechange|p2a: Throat Goat|Cramorant|\n|move|p2b: Ogerp\u00f6rn|Ivy Cudgel|p1b: Corviknight\n|-damage|p1b: Corviknight|51\/100\n|cant|p2a: Throat Goat|flinch\n|move|p1b: Corviknight|Brave Bird|p2b: Ogerp\u00f6rn\n|-supereffective|p2b: Ogerp\u00f6rn\n|-damage|p2b: Ogerp\u00f6rn|0 fnt\n|faint|p2b: Ogerp\u00f6rn\n|-damage|p1b: Corviknight|34\/100|[from] Recoil\n|\n|-heal|p1b: Corviknight|41\/100|[from] item: Leftovers\n|upkeep\n|\n|t:|1698969296\n|switch|p2b: Araquanid|Araquanid, F, shiny|100\/100\n|turn|8\n|\n|t:|1698969310\n|move|p1a: Grimmsnarl|Reflect|p1a: Grimmsnarl\n|-sidestart|p1: KRONEL2426|Reflect\n|move|p2a: Throat Goat|Surf|p1a: Grimmsnarl|[spread] p1a,p1b\n|-immune|p2b: Araquanid|[from] ability: Water Absorb\n|-formechange|p2a: Throat Goat|Cramorant-Gulping|\n|-damage|p1a: Grimmsnarl|0 fnt\n|-damage|p1b: Corviknight|29\/100\n|faint|p1a: Grimmsnarl\n|move|p1b: Corviknight|Roost|p1b: Corviknight\n|-heal|p1b: Corviknight|78\/100\n|-singleturn|p1b: Corviknight|move: Roost\n|move|p2b: Araquanid|Rain Dance|p2b: Araquanid\n|-weather|RainDance\n|\n|-weather|RainDance|[upkeep]\n|-heal|p1b: Corviknight|85\/100|[from] item: Leftovers\n|upkeep\n|\n|t:|1698969326\n|switch|p1a: Amoonguss|Amoonguss, F|100\/100\n|turn|9\n|\n|t:|1698969333\n|move|p2a: Throat Goat|Air Slash|p1a: Amoonguss\n|-supereffective|p1a: Amoonguss\n|-damage|p1a: Amoonguss|76\/100\n|move|p1b: Corviknight|Bulk Up|p1b: Corviknight\n|-boost|p1b: Corviknight|atk|1\n|-boost|p1b: Corviknight|def|1\n|move|p2b: Araquanid|Lunge|p1a: Amoonguss\n|-damage|p1a: Amoonguss|56\/100\n|-unboost|p1a: Amoonguss|atk|1\n|move|p1a: Amoonguss|Spore|p2a: Throat Goat\n|-status|p2a: Throat Goat|slp|[from] move: Spore\n|\n|-weather|RainDance|[upkeep]\n|-heal|p1b: Corviknight|91\/100|[from] item: Leftovers\n|upkeep\n|turn|10\n|\n|t:|1698969357\n|switch|p2a: BeefCake|Swampert, M, shiny|100\/100\n|move|p1b: Corviknight|Brave Bird|p2b: Araquanid\n|-supereffective|p2b: Araquanid\n|-damage|p2b: Araquanid|0 fnt\n|faint|p2b: Araquanid\n|-damage|p1b: Corviknight|63\/100|[from] Recoil\n|move|p1a: Amoonguss|Synthesis|p1a: Amoonguss\n|-heal|p1a: Amoonguss|81\/100\n|\n|-weather|RainDance|[upkeep]\n|-heal|p1b: Corviknight|69\/100|[from] item: Leftovers\n|upkeep\n|\n|t:|1698969367\n|switch|p2b: Throat Goat|Cramorant, M|60\/100 slp\n|turn|11\n|\n|t:|1698969381\n|cant|p2b: Throat Goat|slp\n|move|p1b: Corviknight|Brave Bird|p2b: Throat Goat\n|-damage|p2b: Throat Goat|0 fnt\n|faint|p2b: Throat Goat\n|-damage|p1b: Corviknight|56\/100|[from] Recoil\n|move|p2a: BeefCake|Darkest Lariat|p1b: Corviknight\n|-damage|p1b: Corviknight|40\/100\n|move|p1a: Amoonguss|Spore|p2a: BeefCake\n|-status|p2a: BeefCake|slp|[from] move: Spore\n|\n|-weather|RainDance|[upkeep]\n|-heal|p1b: Corviknight|46\/100|[from] item: Leftovers\n|upkeep\n|c|\u2606Mongoose556|Wow sleep spam. How original\n|\n|t:|1698969392\n|switch|p2b: Hydrotaur|Tauros-Paldea-Aqua, M|100\/100\n|-ability|p2b: Hydrotaur|Intimidate|boost\n|-unboost|p1a: Amoonguss|atk|1\n|-unboost|p1b: Corviknight|atk|1\n|turn|12\n|\n|t:|1698969405\n|move|p2b: Hydrotaur|Raging Bull|p1b: Corviknight\n|-sideend|p1: KRONEL2426|Reflect\n|-damage|p1b: Corviknight|3\/100\n|-damage|p2b: Hydrotaur|91\/100|[from] item: Life Orb\n|move|p1b: Corviknight|Brave Bird|p2b: Hydrotaur\n|-supereffective|p2b: Hydrotaur\n|-damage|p2b: Hydrotaur|7\/100\n|-damage|p1b: Corviknight|0 fnt|[from] Recoil\n|faint|p1b: Corviknight\n|cant|p2a: BeefCake|slp\n|move|p1a: Amoonguss|Pollen Puff|p1: Corviknight|[notarget]\n|-fail|p1a: Amoonguss\n|\n|-weather|none\n|upkeep\n|\n|t:|1698969421\n|switch|p1b: Baxcalibur|Baxcalibur, F|3\/100\n|turn|13\n|\n|t:|1698969430\n|move|p2b: Hydrotaur|Lash Out|p1b: Baxcalibur\n|-damage|p1b: Baxcalibur|0 fnt\n|faint|p1b: Baxcalibur\n|-damage|p2b: Hydrotaur|0 fnt|[from] item: Life Orb\n|faint|p2b: Hydrotaur\n|cant|p2a: BeefCake|slp\n|move|p1a: Amoonguss|Pollen Puff|p2a: BeefCake\n|-damage|p2a: BeefCake|90\/100 slp\n|\n|upkeep\n|turn|14\n|\n|t:|1698969446\n|-terastallize|p2a: BeefCake|Water\n|-curestatus|p2a: BeefCake|slp|[msg]\n|move|p2a: BeefCake|Ice Punch|p1a: Amoonguss\n|-supereffective|p1a: Amoonguss\n|-damage|p1a: Amoonguss|28\/100\n|move|p1a: Amoonguss|Substitute|p1a: Amoonguss\n|-start|p1a: Amoonguss|Substitute\n|-damage|p1a: Amoonguss|3\/100\n|\n|upkeep\n|turn|15\n|\n|t:|1698969458\n|move|p2a: BeefCake|Ice Punch|p1a: Amoonguss\n|-supereffective|p1a: Amoonguss\n|-end|p1a: Amoonguss|Substitute\n|move|p1a: Amoonguss|Spore|p2a: BeefCake\n|-status|p2a: BeefCake|slp|[from] move: Spore\n|\n|upkeep\n|turn|16\n|\n|t:|1698969465\n|cant|p2a: BeefCake|slp\n|move|p1a: Amoonguss|Synthesis|p1a: Amoonguss\n|-heal|p1a: Amoonguss|53\/100\n|\n|upkeep\n|turn|17\n|\n|t:|1698969472\n|-curestatus|p2a: BeefCake|slp|[msg]\n|move|p2a: BeefCake|Ice Punch|p1a: Amoonguss\n|-supereffective|p1a: Amoonguss\n|-damage|p1a: Amoonguss|0 fnt\n|faint|p1a: Amoonguss\n|\n|win|Mongoose556\n|raw|KRONEL2426's rating: 1311 &rarr; <strong>1289<\/strong><br \/>(-22 for losing)\n|raw|Mongoose556's rating: 1281 &rarr; <strong>1308<\/strong><br \/>(+27 for winning)\n|l|\u2606KRONEL2426\n","uploadtime":1698969489,"views":8,"p1id":"kronel2426","p2id":"mongoose556","formatid":"gen9nationaldexdoubles","rating":1289,"private":0,"password":""}