{"id":"gen9nationaldexdoubles-1953077256","p1":"Clabeh","p2":"NotBugSme","format":"[Gen 9] National Dex Doubles","log":"|j|\u2606Clabeh\n|j|\u2606NotBugSme\n|t:|1695752402\n|gametype|doubles\n|player|p1|Clabeh|1|\n|player|p2|NotBugSme|depotagent|\n|teamsize|p1|6\n|teamsize|p2|6\n|gen|9\n|tier|[Gen 9] National Dex Doubles\n|rule|HP Percentage Mod: HP is shown in percentages\n|rule|Endless Battle Clause: Forcing endless battles is banned\n|rule|OHKO Clause: OHKO moves are banned\n|rule|Evasion Moves Clause: Evasion moves are banned\n|rule|Evasion Abilities Clause: Evasion abilities are banned\n|rule|Species Clause: Limit one of each Pok\u00e9mon\n|rule|Gravity Sleep Clause: The combination of sleep-inducing moves with imperfect accuracy and Gravity or Gigantamax Orbeetle are banned\n|clearpoke\n|poke|p1|Claydol|\n|poke|p1|Seismitoad, M|\n|poke|p1|Ninetales, F|\n|poke|p1|Tyranitar, F|\n|poke|p1|Venusaur, F|\n|poke|p1|Cinderace, F|\n|poke|p2|Kingambit, F|\n|poke|p2|Avalugg-Hisui, F|\n|poke|p2|Tyranitar, M|\n|poke|p2|Carbink|\n|poke|p2|Aggron, F|\n|poke|p2|Archeops, F|\n|teampreview\n|\n|t:|1695752413\n|start\n|switch|p1a: Claydol|Claydol|100\/100\n|switch|p1b: Seismitoad|Seismitoad, M|100\/100\n|switch|p2a: Tyranitar|Tyranitar, M, shiny|100\/100\n|switch|p2b: Carbink|Carbink, shiny|100\/100\n|-weather|Sandstorm|[from] ability: Sand Stream|[of] p2a: Tyranitar\n|turn|1\n|\n|t:|1695752440\n|move|p1b: Seismitoad|Earthquake|p2a: Tyranitar|[spread] p2a,p2b\n|-immune|p1a: Claydol|[from] ability: Levitate\n|-supereffective|p2a: Tyranitar\n|-supereffective|p2b: Carbink\n|-damage|p2a: Tyranitar|38\/100\n|-damage|p2b: Carbink|56\/100\n|move|p2a: Tyranitar|Crunch|p1a: Claydol\n|-supereffective|p1a: Claydol\n|-damage|p1a: Claydol|30\/100\n|move|p1a: Claydol|Iron Defense|p1a: Claydol\n|-boost|p1a: Claydol|def|2\n|move|p2b: Carbink|Iron Defense|p2b: Carbink\n|-boost|p2b: Carbink|def|2\n|\n|-weather|Sandstorm|[upkeep]\n|-heal|p1a: Claydol|36\/100|[from] item: Leftovers\n|-heal|p2b: Carbink|62\/100|[from] item: Leftovers\n|upkeep\n|turn|2\n|\n|t:|1695752461\n|move|p1b: Seismitoad|Earthquake|p2a: Tyranitar|[spread] p2a,p2b\n|-immune|p1a: Claydol|[from] ability: Levitate\n|-supereffective|p2a: Tyranitar\n|-supereffective|p2b: Carbink\n|-crit|p2b: Carbink\n|-damage|p2a: Tyranitar|0 fnt\n|-damage|p2b: Carbink|0 fnt\n|faint|p2a: Tyranitar\n|faint|p2b: Carbink\n|move|p1a: Claydol|Iron Defense|p1a: Claydol\n|-boost|p1a: Claydol|def|2\n|\n|-weather|Sandstorm|[upkeep]\n|-heal|p1a: Claydol|42\/100|[from] item: Leftovers\n|upkeep\n|\n|t:|1695752499\n|switch|p2a: Archeops|Archeops, F, shiny|100\/100\n|switch|p2b: Aggron|Aggron, F, shiny|100\/100\n|turn|3\n|\n|t:|1695752522\n|move|p2a: Archeops|Meteor Beam||[still]\n|-prepare|p2a: Archeops|Meteor Beam\n|-boost|p2a: Archeops|spa|1\n|-enditem|p2a: Archeops|Power Herb\n|-anim|p2a: Archeops|Meteor Beam|p1b: Seismitoad\n|-resisted|p1b: Seismitoad\n|-damage|p1b: Seismitoad|66\/100\n|move|p1b: Seismitoad|Earthquake|p2b: Aggron|[spread] p2b\n|-immune|p1a: Claydol|[from] ability: Levitate\n|-immune|p2a: Archeops\n|-supereffective|p2b: Aggron\n|-damage|p2b: Aggron|31\/100\n|move|p1a: Claydol|Smack Down|p2a: Archeops\n|-supereffective|p2a: Archeops\n|-damage|p2a: Archeops|75\/100\n|-start|p2a: Archeops|Smack Down\n|move|p2b: Aggron|Iron Head|p1a: Claydol\n|-damage|p1a: Claydol|34\/100\n|\n|-weather|Sandstorm|[upkeep]\n|-heal|p1a: Claydol|40\/100|[from] item: Leftovers\n|upkeep\n|turn|4\n|\n|t:|1695752573\n|move|p2a: Archeops|Earth Power|p1a: Claydol\n|-immune|p1a: Claydol|[from] ability: Levitate\n|move|p1b: Seismitoad|Earthquake|p2b: Aggron|[spread] p2a,p2b\n|-immune|p1a: Claydol|[from] ability: Levitate\n|-supereffective|p2a: Archeops\n|-supereffective|p2b: Aggron\n|-damage|p2a: Archeops|0 fnt\n|-damage|p2b: Aggron|0 fnt\n|faint|p2a: Archeops\n|faint|p2b: Aggron\n|move|p1a: Claydol|Iron Defense|p1a: Claydol\n|-boost|p1a: Claydol|def|2\n|\n|-weather|Sandstorm|[upkeep]\n|-heal|p1a: Claydol|46\/100|[from] item: Leftovers\n|upkeep\n|\n|t:|1695752586\n|switch|p2a: Avalugg|Avalugg-Hisui, F, shiny|100\/100\n|switch|p2b: Kingambit|Kingambit, F, shiny|100\/100\n|-activate|p2b: Kingambit|ability: Supreme Overlord\n|-start|p2b: Kingambit|fallen4|[silent]\n|turn|5\n|\n|t:|1695752600\n|move|p2b: Kingambit|Sucker Punch|p1a: Claydol\n|-supereffective|p1a: Claydol\n|-damage|p1a: Claydol|17\/100\n|move|p1b: Seismitoad|Brick Break|p2b: Kingambit\n|-supereffective|p2b: Kingambit\n|-damage|p2b: Kingambit|36\/100\n|move|p1a: Claydol|Body Press|p2a: Avalugg\n|-supereffective|p2a: Avalugg\n|-ability|p2a: Avalugg|Sturdy\n|-damage|p2a: Avalugg|1\/100\n|move|p2a: Avalugg|Body Press|p1b: Seismitoad\n|-damage|p1b: Seismitoad|21\/100\n|\n|-weather|Sandstorm|[upkeep]\n|-heal|p1a: Claydol|23\/100|[from] item: Leftovers\n|upkeep\n|turn|6\n|\n|t:|1695752622\n|move|p2b: Kingambit|Sucker Punch||[still]\n|-fail|p2b: Kingambit\n|move|p1b: Seismitoad|Earthquake|p2b: Kingambit|[spread] p2a,p2b\n|-immune|p1a: Claydol|[from] ability: Levitate\n|-supereffective|p2a: Avalugg\n|-supereffective|p2b: Kingambit\n|-damage|p2a: Avalugg|0 fnt\n|-damage|p2b: Kingambit|0 fnt\n|faint|p2a: Avalugg\n|faint|p2b: Kingambit\n|-end|p2b: Kingambit|fallen4|[silent]\n|\n|win|Clabeh\n|l|\u2606NotBugSme\n","uploadtime":1695752639,"views":17,"p1id":"clabeh","p2id":"notbugsme","formatid":"gen9nationaldexdoubles","rating":0,"private":0,"password":""}