{"id":"gen9nationaldexdoubles-1972805874","p1":"Brick_Enjoyer_144","p2":"captainnemo101","format":"[Gen 9] National Dex Doubles","log":"|j|\u2606Brick_Enjoyer_144\n|j|\u2606captainnemo101\n|t:|1697897343\n|gametype|doubles\n|player|p1|Brick_Enjoyer_144|shauntal|1203\n|player|p2|captainnemo101|2|1330\n|teamsize|p1|6\n|teamsize|p2|6\n|gen|9\n|tier|[Gen 9] National Dex Doubles\n|rated|\n|rule|HP Percentage Mod: HP is shown in percentages\n|rule|Endless Battle Clause: Forcing endless battles is banned\n|rule|OHKO Clause: OHKO moves are banned\n|rule|Evasion Moves Clause: Evasion moves are banned\n|rule|Evasion Abilities Clause: Evasion abilities are banned\n|rule|Species Clause: Limit one of each Pok\u00e9mon\n|rule|Gravity Sleep Clause: The combination of sleep-inducing moves with imperfect accuracy and Gravity or Gigantamax Orbeetle are banned\n|clearpoke\n|poke|p1|Banette, M|\n|poke|p1|Iron Valiant|\n|poke|p1|Dragonite, M|\n|poke|p1|Palafin, F|\n|poke|p1|Electrode-Hisui|\n|poke|p1|Meowscarada, M|\n|poke|p2|Skeledirge, F|\n|poke|p2|Quaquaval, M|\n|poke|p2|Jirachi|\n|poke|p2|Gliscor, M|\n|poke|p2|Garchomp, M|\n|poke|p2|Toxtricity, M|\n|teampreview\n|inactive|Battle timer is ON: inactive players will automatically lose when time's up. (requested by Brick_Enjoyer_144)\n|\n|t:|1697897350\n|start\n|switch|p1a: Electrode|Electrode-Hisui|100\/100\n|switch|p1b: Palafin|Palafin, F|100\/100\n|switch|p2a: Skeledirge|Skeledirge, F, shiny|100\/100\n|switch|p2b: Quaquaval|Quaquaval, M, shiny|100\/100\n|turn|1\n|\n|t:|1697897373\n|detailschange|p1b: Palafin|Palafin-Hero, F\n|switch|p1b: Banette|Banette, M|100\/100\n|-item|p2a: Skeledirge|Leftovers|[from] ability: Frisk|[of] p1b: Banette|[identify]\n|move|p1a: Electrode|Volt Switch|p2b: Quaquaval\n|-supereffective|p2b: Quaquaval\n|-damage|p2b: Quaquaval|14\/100\n|\n|t:|1697897384\n|switch|p1a: Palafin|Palafin-Hero, F|100\/100|[from] Volt Switch\n|-activate|p1a: Palafin|ability: Zero to Hero\n|move|p2b: Quaquaval|Water Pledge|p1b: Banette\n|-waiting|p2b: Quaquaval|p2a: Skeledirge\n|move|p2a: Skeledirge|Fire Pledge|p1b: Banette|[from]move: Water Pledge\n|-combine\n|-damage|p1b: Banette|43\/100\n|-sidestart|p2: captainnemo101|Water Pledge\n|\n|upkeep\n|turn|2\n|inactive|Brick_Enjoyer_144 has 120 seconds left.\n|\n|t:|1697897428\n|switch|p2a: Jirachi|Jirachi, shiny|100\/100\n|detailschange|p1b: Banette|Banette-Mega, M\n|-mega|p1b: Banette|Banette|Banettite\n|move|p1a: Palafin|Jet Punch|p2a: Jirachi\n|-damage|p2a: Jirachi|60\/100\n|-damage|p1a: Palafin|91\/100|[from] item: Life Orb\n|move|p1b: Banette|Disable|p2b: Quaquaval\n|-start|p2b: Quaquaval|Disable|Water Pledge\n|move|p2b: Quaquaval|Ice Spinner|p1b: Banette\n|-damage|p1b: Banette|9\/100\n|\n|upkeep\n|turn|3\n|inactive|Brick_Enjoyer_144 has 120 seconds left.\n|inactive|captainnemo101 has 120 seconds left.\n|\n|t:|1697897459\n|switch|p1b: Electrode|Electrode-Hisui|100\/100\n|move|p1a: Palafin|Jet Punch|p2b: Quaquaval\n|-resisted|p2b: Quaquaval\n|-damage|p2b: Quaquaval|0 fnt\n|faint|p2b: Quaquaval\n|-damage|p1a: Palafin|81\/100|[from] item: Life Orb\n|move|p2a: Jirachi|Iron Head|p1a: Palafin\n|-resisted|p1a: Palafin\n|-damage|p1a: Palafin|61\/100\n|\n|upkeep\n|inactive|captainnemo101 has 120 seconds left.\n|\n|t:|1697897472\n|switch|p2b: Toxtricity|Toxtricity, M, shiny|100\/100\n|-item|p2b: Toxtricity|Air Balloon\n|turn|4\n|inactive|Brick_Enjoyer_144 has 120 seconds left.\n|\n|t:|1697897496\n|-terastallize|p2b: Toxtricity|Electric\n|move|p1b: Electrode|Volt Switch|p2a: Jirachi\n|-damage|p2a: Jirachi|37\/100\n|inactive|Brick_Enjoyer_144 has 120 seconds left.\n|\n|t:|1697897503\n|switch|p1b: Meowscarada|Meowscarada, M|100\/100|[from] Volt Switch\n|move|p1a: Palafin|Zen Headbutt|p2b: Toxtricity\n|-damage|p2b: Toxtricity|43\/100\n|-enditem|p2b: Toxtricity|Air Balloon\n|-damage|p1a: Palafin|51\/100|[from] item: Life Orb\n|move|p2a: Jirachi|Iron Head|p1a: Palafin\n|-resisted|p1a: Palafin\n|-damage|p1a: Palafin|32\/100\n|move|p2b: Toxtricity|Overdrive|p1b: Meowscarada|[spread] p1a,p1b\n|-supereffective|p1a: Palafin\n|-resisted|p1b: Meowscarada\n|-damage|p1a: Palafin|0 fnt\n|-damage|p1b: Meowscarada|61\/100\n|faint|p1a: Palafin\n|\n|-sideend|p2: captainnemo101|Water Pledge\n|upkeep\n|inactive|Brick_Enjoyer_144 has 120 seconds left.\n|\n|t:|1697897516\n|switch|p1a: Electrode|Electrode-Hisui|100\/100\n|turn|5\n|\n|t:|1697897541\n|move|p1a: Electrode|Volt Switch|p2a: Jirachi\n|-damage|p2a: Jirachi|13\/100\n|\n|t:|1697897548\n|switch|p1a: Iron Valiant|Iron Valiant|100\/100|[from] Volt Switch\n|-enditem|p1a: Iron Valiant|Booster Energy\n|-activate|p1a: Iron Valiant|ability: Quark Drive|[fromitem]\n|-start|p1a: Iron Valiant|quarkdrivespe\n|move|p1b: Meowscarada|Flower Trick|p2b: Toxtricity\n|-start|p1b: Meowscarada|typechange|Grass|[from] ability: Protean\n|-crit|p2b: Toxtricity\n|-damage|p2b: Toxtricity|0 fnt\n|faint|p2b: Toxtricity\n|move|p2a: Jirachi|Ice Punch|p1b: Meowscarada\n|-supereffective|p1b: Meowscarada\n|-damage|p1b: Meowscarada|0 fnt\n|faint|p1b: Meowscarada\n|\n|upkeep\n|\n|t:|1697897565\n|switch|p1b: Electrode|Electrode-Hisui|100\/100\n|switch|p2b: Skeledirge|Skeledirge, F, shiny|100\/100\n|turn|6\n|inactive|captainnemo101 has 120 seconds left.\n|\n|t:|1697897606\n|move|p1a: Iron Valiant|Shadow Ball|p2b: Skeledirge\n|-supereffective|p2b: Skeledirge\n|-damage|p2b: Skeledirge|45\/100\n|move|p1b: Electrode|Volt Switch|p2a: Jirachi\n|-damage|p2a: Jirachi|0 fnt\n|faint|p2a: Jirachi\n|\n|t:|1697897614\n|switch|p1b: Banette|Banette-Mega, M|9\/100|[from] Volt Switch\n|move|p2b: Skeledirge|Fire Pledge|p1b: Banette\n|-crit|p1b: Banette\n|-damage|p1b: Banette|0 fnt\n|faint|p1b: Banette\n|\n|-heal|p2b: Skeledirge|51\/100|[from] item: Leftovers\n|upkeep\n|\n|t:|1697897621\n|switch|p2a: Garchomp|Garchomp, M, shiny|100\/100\n|switch|p1b: Electrode|Electrode-Hisui|100\/100\n|turn|7\n|\n|t:|1697897634\n|move|p1a: Iron Valiant|Shadow Ball|p2b: Skeledirge\n|-supereffective|p2b: Skeledirge\n|-damage|p2b: Skeledirge|0 fnt\n|faint|p2b: Skeledirge\n|move|p1b: Electrode|Chloroblast|p2a: Garchomp\n|-damage|p2a: Garchomp|36\/100\n|-damage|p1b: Electrode|50\/100|[from] Recoil\n|move|p2a: Garchomp|Rock Slide|p1a: Iron Valiant|[spread] p1a,p1b\n|-resisted|p1a: Iron Valiant\n|-damage|p1a: Iron Valiant|88\/100\n|-damage|p1b: Electrode|19\/100\n|\n|-heal|p1b: Electrode|25\/100|[from] item: Leftovers\n|upkeep\n|\n|t:|1697897640\n|switch|p2b: Gliscor|Gliscor, M|100\/100\n|turn|8\n|\n|t:|1697897658\n|move|p1a: Iron Valiant|Dazzling Gleam|p2a: Garchomp|[spread] p2a,p2b\n|-supereffective|p2a: Garchomp\n|-damage|p2a: Garchomp|0 fnt\n|-damage|p2b: Gliscor|53\/100\n|faint|p2a: Garchomp\n|move|p1b: Electrode|Chloroblast|p2b: Gliscor\n|-damage|p2b: Gliscor|0 fnt\n|faint|p2b: Gliscor\n|-damage|p1b: Electrode|0 fnt|[from] Recoil\n|faint|p1b: Electrode\n|\n|win|Brick_Enjoyer_144\n|raw|Brick_Enjoyer_144's rating: 1203 &rarr; <strong>1237<\/strong><br \/>(+34 for winning)\n|raw|captainnemo101's rating: 1330 &rarr; <strong>1303<\/strong><br \/>(-27 for losing)\n","uploadtime":1697897671,"views":8,"p1id":"brickenjoyer144","p2id":"captainnemo101","formatid":"gen9nationaldexdoubles","rating":1237,"private":0,"password":""}