{"id":"gen9nationaldexdoubles-1958395752","p1":"QCSS","p2":"wlaaa","format":"[Gen 9] National Dex Doubles","log":"|j|\u2606QCSS\n|j|\u2606wlaaa\n|t:|1696322840\n|gametype|doubles\n|player|p1|QCSS|roxie|\n|player|p2|wlaaa|dawn-gen4pt|\n|teamsize|p1|6\n|teamsize|p2|6\n|gen|9\n|tier|[Gen 9] National Dex Doubles\n|rule|HP Percentage Mod: HP is shown in percentages\n|rule|Endless Battle Clause: Forcing endless battles is banned\n|rule|OHKO Clause: OHKO moves are banned\n|rule|Evasion Moves Clause: Evasion moves are banned\n|rule|Evasion Abilities Clause: Evasion abilities are banned\n|rule|Species Clause: Limit one of each Pok\u00e9mon\n|rule|Gravity Sleep Clause: The combination of sleep-inducing moves with imperfect accuracy and Gravity or Gigantamax Orbeetle are banned\n|clearpoke\n|poke|p1|Stonjourner, F|\n|poke|p1|Lycanroc-Dusk, F|\n|poke|p1|Diancie|\n|poke|p1|Tyranitar, M|\n|poke|p1|Lileep, M|\n|poke|p1|Silvally-*|\n|poke|p2|Pincurchin, M|\n|poke|p2|Xurkitree|\n|poke|p2|Oricorio-Pom-Pom, F|\n|poke|p2|Rotom-Wash|\n|poke|p2|Pawmot, M|\n|poke|p2|Victini|\n|teampreview\n|inactive|Battle timer is ON: inactive players will automatically lose when time's up. (requested by QCSS)\n|\n|t:|1696322851\n|start\n|switch|p1a: Lileep|Lileep, M|100\/100\n|switch|p1b: Tyranitar|Tyranitar, M|100\/100\n|switch|p2a: Rotom|Rotom-Wash|100\/100\n|switch|p2b: Oricorio|Oricorio-Pom-Pom, F|100\/100\n|-weather|Sandstorm|[from] ability: Sand Stream|[of] p1b: Tyranitar\n|turn|1\n|j| jiangchengzi\n|\n|t:|1696322868\n|move|p2b: Oricorio|Tailwind|p2b: Oricorio\n|-sidestart|p2: wlaaa|move: Tailwind\n|move|p2a: Rotom|Hydro Pump|p1a: Lileep\n|-activate|p1a: Lileep|ability: Storm Drain\n|-ability|p1a: Lileep|Storm Drain|boost\n|-boost|p1a: Lileep|spa|1\n|move|p1b: Tyranitar|Rock Slide|p2b: Oricorio|[spread] p2a,p2b\n|-supereffective|p2b: Oricorio\n|-damage|p2a: Rotom|40\/100\n|-damage|p2b: Oricorio|0 fnt\n|faint|p2b: Oricorio\n|move|p1a: Lileep|Stealth Rock|p2a: Rotom\n|-sidestart|p2: wlaaa|move: Stealth Rock\n|\n|-weather|Sandstorm|[upkeep]\n|-damage|p2a: Rotom|34\/100|[from] Sandstorm\n|-heal|p2a: Rotom|40\/100|[from] item: Leftovers\n|upkeep\n|\n|t:|1696322885\n|switch|p2b: Pawmot|Pawmot, M|100\/100\n|-damage|p2b: Pawmot|94\/100|[from] Stealth Rock\n|turn|2\n|\n|t:|1696322909\n|switch|p1b: Diancie|Diancie|100\/100\n|move|p2b: Pawmot|Fake Out|p1b: Diancie\n|-resisted|p1b: Diancie\n|-damage|p1b: Diancie|94\/100\n|move|p2a: Rotom|Hydro Pump|p1a: Lileep\n|-activate|p1a: Lileep|ability: Storm Drain\n|-ability|p1a: Lileep|Storm Drain|boost\n|-boost|p1a: Lileep|spa|1\n|move|p1a: Lileep|Confuse Ray|p2b: Pawmot\n|-start|p2b: Pawmot|confusion\n|\n|-weather|Sandstorm|[upkeep]\n|-damage|p2b: Pawmot|88\/100|[from] Sandstorm\n|-damage|p2a: Rotom|34\/100|[from] Sandstorm\n|-heal|p2a: Rotom|40\/100|[from] item: Leftovers\n|upkeep\n|turn|3\n|\n|t:|1696322935\n|detailschange|p1b: Diancie|Diancie-Mega\n|-mega|p1b: Diancie|Diancie|Diancite\n|-activate|p2b: Pawmot|confusion\n|move|p2b: Pawmot|Double Shock|p1b: Diancie\n|-damage|p1b: Diancie|16\/100\n|-start|p2b: Pawmot|typechange|???\/Fighting|[from] move: Double Shock\n|move|p2a: Rotom|Discharge|p1a: Lileep|[spread] p1a,p1b\n|-heal|p2b: Pawmot|100\/100|[from] ability: Volt Absorb|[of] p2a: Rotom\n|-resisted|p1a: Lileep\n|-damage|p1a: Lileep|96\/100\n|-damage|p1b: Diancie|0 fnt\n|faint|p1b: Diancie\n|move|p1a: Lileep|Toxic|p2b: Pawmot\n|-status|p2b: Pawmot|tox\n|\n|-weather|Sandstorm|[upkeep]\n|-damage|p2b: Pawmot|94\/100 tox|[from] Sandstorm\n|-damage|p2a: Rotom|34\/100|[from] Sandstorm\n|-heal|p2a: Rotom|40\/100|[from] item: Leftovers\n|-damage|p2b: Pawmot|88\/100 tox|[from] psn\n|upkeep\n|inactive|QCSS has 270 seconds left.\n|\n|t:|1696322961\n|switch|p1b: Stonjourner|Stonjourner, F|100\/100\n|-item|p1b: Stonjourner|Air Balloon\n|turn|4\n|inactive|QCSS has 270 seconds left.\n|\n|t:|1696322983\n|switch|p2b: Pincurchin|Pincurchin, M|100\/100\n|-damage|p2b: Pincurchin|88\/100|[from] Stealth Rock\n|-fieldstart|move: Electric Terrain|[from] ability: Electric Surge|[of] p2b: Pincurchin\n|move|p2a: Rotom|Discharge|p1b: Stonjourner|[spread] p2b,p1a,p1b\n|-resisted|p2b: Pincurchin\n|-resisted|p1a: Lileep\n|-damage|p2b: Pincurchin|71\/100\n|-damage|p1a: Lileep|91\/100\n|-damage|p1b: Stonjourner|50\/100\n|-status|p1a: Lileep|par\n|-enditem|p1b: Stonjourner|Air Balloon\n|move|p1b: Stonjourner|Rock Slide|p2a: Rotom|[spread] p2a,p2b\n|-crit|p2b: Pincurchin\n|-damage|p2a: Rotom|10\/100\n|-damage|p2b: Pincurchin|23\/100\n|move|p1a: Lileep|Toxic|p2a: Rotom|[miss]\n|-miss|p1a: Lileep|p2a: Rotom\n|\n|-weather|Sandstorm|[upkeep]\n|-damage|p2a: Rotom|4\/100|[from] Sandstorm\n|-damage|p2b: Pincurchin|17\/100|[from] Sandstorm\n|-heal|p2a: Rotom|10\/100|[from] item: Leftovers\n|-sideend|p2: wlaaa|move: Tailwind\n|upkeep\n|turn|5\n|inactive|QCSS has 270 seconds left.\n|inactive|wlaaa has 270 seconds left.\n|\n|t:|1696323026\n|switch|p1a: Lycanroc|Lycanroc-Dusk, F|100\/100\n|move|p2b: Pincurchin|Sucker Punch|p1b: Stonjourner\n|-damage|p1b: Stonjourner|39\/100\n|move|p2a: Rotom|Volt Switch|p1b: Stonjourner\n|-damage|p1b: Stonjourner|0 fnt\n|faint|p1b: Stonjourner\n|\n|t:|1696323037\n|switch|p2a: Victini|Victini|100\/100|[from] Volt Switch\n|-damage|p2a: Victini|75\/100|[from] Stealth Rock\n|\n|-weather|none\n|upkeep\n|\n|t:|1696323049\n|switch|p1b: Silvally|Silvally-Fire|100\/100\n|turn|6\n|inactive|QCSS has 270 seconds left.\n|\n|t:|1696323061\n|-terastallize|p2a: Victini|Electric\n|move|p2b: Pincurchin|Sucker Punch|p1a: Lycanroc\n|-damage|p1a: Lycanroc|63\/100\n|-zpower|p1a: Lycanroc\n|move|p1a: Lycanroc|Splintered Stormshards|p2a: Victini|[zeffect]\n|-damage|p2a: Victini|1\/100\n|-fieldend|move: Electric Terrain\n|move|p1b: Silvally|Heat Wave|p2b: Pincurchin|[spread] p2a,p2b\n|-damage|p2a: Victini|0 fnt\n|-damage|p2b: Pincurchin|0 fnt\n|faint|p2a: Victini\n|faint|p2b: Pincurchin\n|\n|upkeep\n|inactive|wlaaa has 270 seconds left.\n|\n|t:|1696323081\n|switch|p2a: Pawmot|Pawmot, M|88\/100 tox\n|switch|p2b: Xurkitree|Xurkitree|100\/100\n|-damage|p2a: Pawmot|82\/100 tox|[from] Stealth Rock\n|-damage|p2b: Xurkitree|88\/100|[from] Stealth Rock\n|turn|7\n|inactive|wlaaa has 270 seconds left.\n|\n|t:|1696323101\n|move|p2a: Pawmot|Fake Out|p1b: Silvally\n|-damage|p1b: Silvally|88\/100\n|move|p1a: Lycanroc|Drill Run|p2a: Pawmot\n|-supereffective|p2a: Pawmot\n|-damage|p2a: Pawmot|0 fnt\n|faint|p2a: Pawmot\n|cant|p1b: Silvally|flinch\n|move|p2b: Xurkitree|Discharge|p1b: Silvally|[spread] p1a,p1b\n|-damage|p1a: Lycanroc|0 fnt\n|-damage|p1b: Silvally|41\/100\n|faint|p1a: Lycanroc\n|-ability|p2b: Xurkitree|Beast Boost|boost\n|-boost|p2b: Xurkitree|spa|1\n|\n|upkeep\n|\n|t:|1696323119\n|switch|p1a: Lileep|Lileep, M|91\/100 par\n|switch|p2a: Rotom|Rotom-Wash|10\/100\n|-damage|p2a: Rotom|0 fnt|[from] Stealth Rock\n|faint|p2a: Rotom\n|turn|8\n|\n|t:|1696323136\n|move|p1b: Silvally|Multi-Attack|p2b: Xurkitree\n|-damage|p2b: Xurkitree|18\/100\n|move|p2b: Xurkitree|Discharge|p1a: Lileep|[spread] p1a,p1b\n|-resisted|p1a: Lileep\n|-damage|p1a: Lileep|75\/100 par\n|-damage|p1b: Silvally|0 fnt\n|faint|p1b: Silvally\n|-ability|p2b: Xurkitree|Beast Boost|boost\n|-boost|p2b: Xurkitree|spa|1\n|move|p1a: Lileep|Confuse Ray|p2b: Xurkitree\n|-start|p2b: Xurkitree|confusion\n|\n|upkeep\n|\n|t:|1696323149\n|switch|p1b: Tyranitar|Tyranitar, M|100\/100\n|-weather|Sandstorm|[from] ability: Sand Stream|[of] p1b: Tyranitar\n|turn|9\n|\n|t:|1696323159\n|-activate|p2b: Xurkitree|confusion\n|move|p2b: Xurkitree|Dazzling Gleam|p1a: Lileep|[spread] p1a,p1b\n|-supereffective|p1b: Tyranitar\n|-damage|p1a: Lileep|53\/100 par\n|-damage|p1b: Tyranitar|26\/100\n|move|p1b: Tyranitar|Crunch|p2b: Xurkitree\n|-damage|p2b: Xurkitree|0 fnt\n|faint|p2b: Xurkitree\n|\n|win|QCSS\n|l| jiangchengzi\n|l|\u2606wlaaa\n","uploadtime":1696323180,"views":9,"p1id":"qcss","p2id":"wlaaa","formatid":"gen9nationaldexdoubles","rating":0,"private":0,"password":""}