{"id":"gen9nationaldexdoubles-1998667624","p1":"lxvliiz","p2":"pokefanboy2012","format":"[Gen 9] National Dex Doubles","log":"|j|\u2606lxvliiz\n|j|\u2606pokefanboy2012\n|t:|1700969896\n|gametype|doubles\n|player|p1|lxvliiz|firebreather|1108\n|player|p2|pokefanboy2012|265|1025\n|teamsize|p1|6\n|teamsize|p2|6\n|gen|9\n|tier|[Gen 9] National Dex Doubles\n|rated|\n|rule|HP Percentage Mod: HP is shown in percentages\n|rule|Endless Battle Clause: Forcing endless battles is banned\n|rule|OHKO Clause: OHKO moves are banned\n|rule|Evasion Moves Clause: Evasion moves are banned\n|rule|Evasion Abilities Clause: Evasion abilities are banned\n|rule|Species Clause: Limit one of each Pok\u00e9mon\n|rule|Gravity Sleep Clause: The combination of sleep-inducing moves with imperfect accuracy and Gravity or Gigantamax Orbeetle are banned\n|clearpoke\n|poke|p1|Tyranitar, M|\n|poke|p1|Dracovish|\n|poke|p1|Excadrill, F|\n|poke|p1|Skarmory, M|\n|poke|p1|Dugtrio-Alola, M|\n|poke|p1|Diancie|\n|poke|p2|Stantler, M|\n|poke|p2|Shuckle, M|\n|poke|p2|Girafarig, M|\n|poke|p2|Politoed, M|\n|poke|p2|Slowking, M|\n|poke|p2|Misdreavus, F|\n|teampreview\n|\n|t:|1700969907\n|start\n|switch|p1a: Tyranitar|Tyranitar, M|100\/100\n|switch|p1b: Dracovish|Dracovish|100\/100\n|switch|p2a: Toadie|Politoed, M|100\/100\n|switch|p2b: King|Slowking, M|100\/100\n|-weather|Sandstorm|[from] ability: Sand Stream|[of] p1a: Tyranitar\n|turn|1\n|c|\u2606lxvliiz|hi\n|\n|t:|1700969928\n|-terastallize|p1b: Dracovish|Water\n|move|p1b: Dracovish|Fishious Rend|p2a: Toadie\n|-immune|p2a: Toadie|[from] ability: Water Absorb\n|move|p1a: Tyranitar|Crunch|p2b: King\n|-supereffective|p2b: King\n|-damage|p2b: King|7\/100\n|move|p2a: Toadie|Hydro Pump|p1a: Tyranitar\n|-supereffective|p1a: Tyranitar\n|-damage|p1a: Tyranitar|49\/100\n|-enditem|p1a: Tyranitar|Sitrus Berry|[eat]\n|-heal|p1a: Tyranitar|74\/100|[from] item: Sitrus Berry\n|move|p2b: King|Psychic|p1b: Dracovish\n|-damage|p1b: Dracovish|47\/100\n|\n|-weather|Sandstorm|[upkeep]\n|-damage|p2a: Toadie|95\/100|[from] Sandstorm\n|-damage|p2b: King|1\/100|[from] Sandstorm\n|upkeep\n|turn|2\n|c|\u2606lxvliiz|oh\n|\n|t:|1700969954\n|switch|p1b: Excadrill|Excadrill, F|100\/100\n|move|p1a: Tyranitar|Crunch|p2b: King\n|-supereffective|p2b: King\n|-damage|p2b: King|0 fnt\n|faint|p2b: King\n|move|p2a: Toadie|Hydro Pump|p1a: Tyranitar\n|-supereffective|p1a: Tyranitar\n|-damage|p1a: Tyranitar|27\/100\n|\n|-weather|Sandstorm|[upkeep]\n|-damage|p2a: Toadie|89\/100|[from] Sandstorm\n|upkeep\n|\n|t:|1700969966\n|switch|p2b: Moose|Stantler, M|100\/100\n|-ability|p2b: Moose|Intimidate|boost\n|-unboost|p1a: Tyranitar|atk|1\n|-unboost|p1b: Excadrill|atk|1\n|turn|3\n|\n|t:|1700969976\n|switch|p1a: Skarmory|Skarmory, M|100\/100\n|move|p1b: Excadrill|Iron Head|p2a: Toadie\n|-resisted|p2a: Toadie\n|-damage|p2a: Toadie|71\/100\n|move|p2b: Moose|Double Kick|p1b: Excadrill\n|-supereffective|p1b: Excadrill\n|-damage|p1b: Excadrill|78\/100\n|-supereffective|p1b: Excadrill\n|-damage|p1b: Excadrill|56\/100\n|-hitcount|p1b: Excadrill|2\n|move|p2a: Toadie|Hydro Pump|p1a: Skarmory\n|-damage|p1a: Skarmory|51\/100\n|\n|-weather|Sandstorm|[upkeep]\n|-damage|p2b: Moose|94\/100|[from] Sandstorm\n|-damage|p2a: Toadie|65\/100|[from] Sandstorm\n|-heal|p1b: Excadrill|62\/100|[from] item: Leftovers\n|-heal|p1a: Skarmory|57\/100|[from] item: Leftovers\n|upkeep\n|turn|4\n|\n|t:|1700970010\n|move|p1b: Excadrill|Toxic|p2a: Toadie\n|-status|p2a: Toadie|tox\n|move|p2b: Moose|Wild Charge|p1b: Excadrill\n|-immune|p1b: Excadrill\n|move|p2a: Toadie|Hydro Pump|p1a: Skarmory\n|-damage|p1a: Skarmory|4\/100\n|move|p1a: Skarmory|Spikes|p2a: Toadie\n|-sidestart|p2: pokefanboy2012|Spikes\n|\n|-weather|Sandstorm|[upkeep]\n|-damage|p2b: Moose|88\/100|[from] Sandstorm\n|-damage|p2a: Toadie|59\/100 tox|[from] Sandstorm\n|-heal|p1b: Excadrill|68\/100|[from] item: Leftovers\n|-heal|p1a: Skarmory|10\/100|[from] item: Leftovers\n|-damage|p2a: Toadie|53\/100 tox|[from] psn\n|upkeep\n|turn|5\n|\n|t:|1700970031\n|move|p1b: Excadrill|Iron Head|p2b: Moose\n|-damage|p2b: Moose|48\/100\n|cant|p2b: Moose|flinch\n|move|p2a: Toadie|Hydro Pump|p1b: Excadrill\n|-supereffective|p1b: Excadrill\n|-damage|p1b: Excadrill|0 fnt\n|faint|p1b: Excadrill\n|move|p1a: Skarmory|Spikes|p2a: Toadie\n|-sidestart|p2: pokefanboy2012|Spikes\n|\n|-weather|none\n|-heal|p1a: Skarmory|16\/100|[from] item: Leftovers\n|-damage|p2a: Toadie|42\/100 tox|[from] psn\n|upkeep\n|\n|t:|1700970046\n|switch|p1b: Diancie|Diancie|100\/100\n|turn|6\n|\n|t:|1700970053\n|switch|p1a: Tyranitar|Tyranitar, M|27\/100\n|-weather|Sandstorm|[from] ability: Sand Stream|[of] p1a: Tyranitar\n|move|p1b: Diancie|Iron Defense|p1b: Diancie\n|-boost|p1b: Diancie|def|2\n|move|p2b: Moose|Wild Charge|p1a: Tyranitar\n|-damage|p1a: Tyranitar|7\/100\n|-damage|p2b: Moose|42\/100|[from] Recoil\n|move|p2a: Toadie|Hydro Pump|p1b: Diancie\n|-supereffective|p1b: Diancie\n|-damage|p1b: Diancie|46\/100\n|\n|-weather|Sandstorm|[upkeep]\n|-damage|p2b: Moose|36\/100|[from] Sandstorm\n|-damage|p2a: Toadie|36\/100 tox|[from] Sandstorm\n|-damage|p2a: Toadie|18\/100 tox|[from] psn\n|upkeep\n|turn|7\n|\n|t:|1700970076\n|switch|p2a: Doppio|Girafarig, M|100\/100\n|-damage|p2a: Doppio|84\/100|[from] Spikes\n|detailschange|p1b: Diancie|Diancie-Mega\n|-mega|p1b: Diancie|Diancie|Diancite\n|move|p1b: Diancie|Diamond Storm|p2a: Doppio|[spread] p2a,p2b\n|-damage|p2a: Doppio|12\/100\n|-damage|p2b: Moose|0 fnt\n|-boost|p1b: Diancie|def|2\n|faint|p2b: Moose\n|move|p1a: Tyranitar|Stealth Rock|p2a: Doppio\n|-sidestart|p2: pokefanboy2012|move: Stealth Rock\n|\n|-weather|Sandstorm|[upkeep]\n|-damage|p2a: Doppio|6\/100|[from] Sandstorm\n|upkeep\n|\n|t:|1700970091\n|switch|p2b: Carrie|Misdreavus, F|100\/100\n|-damage|p2b: Carrie|88\/100|[from] Stealth Rock\n|turn|8\n|\n|t:|1700970106\n|switch|p1a: Skarmory|Skarmory, M|16\/100\n|move|p1b: Diancie|Diamond Storm|p2a: Doppio|[spread] p2a,p2b\n|-damage|p2a: Doppio|0 fnt\n|-damage|p2b: Carrie|14\/100\n|-boost|p1b: Diancie|def|2\n|faint|p2a: Doppio\n|move|p2b: Carrie|Attract|p1a: Skarmory\n|-start|p1a: Skarmory|Attract\n|\n|-weather|Sandstorm|[upkeep]\n|-damage|p2b: Carrie|8\/100|[from] Sandstorm\n|-heal|p1a: Skarmory|22\/100|[from] item: Leftovers\n|upkeep\n|\n|t:|1700970121\n|switch|p2a: Juice|Shuckle, M|100\/100\n|-damage|p2a: Juice|84\/100|[from] Spikes\n|-damage|p2a: Juice|59\/100|[from] Stealth Rock\n|turn|9\n|\n|t:|1700970137\n|move|p1b: Diancie|Diamond Storm|p2a: Juice|[spread] p2a,p2b\n|-supereffective|p2a: Juice\n|-damage|p2a: Juice|0 fnt\n|-damage|p2b: Carrie|0 fnt\n|faint|p2a: Juice\n|faint|p2b: Carrie\n|-end|p1a: Skarmory|Attract|[silent]\n|move|p1a: Skarmory|Roost|p1a: Skarmory\n|-heal|p1a: Skarmory|72\/100\n|-singleturn|p1a: Skarmory|move: Roost\n|\n|-weather|Sandstorm|[upkeep]\n|-heal|p1a: Skarmory|78\/100|[from] item: Leftovers\n|upkeep\n|\n|t:|1700970153\n|switch|p2a: Toadie|Politoed, M|18\/100 tox\n|-damage|p2a: Toadie|1\/100 tox|[from] Spikes\n|-damage|p2a: Toadie|0 fnt|[from] Stealth Rock\n|faint|p2a: Toadie\n|\n|win|lxvliiz\n|raw|lxvliiz's rating: 1108 &rarr; <strong>1127<\/strong><br \/>(+19 for winning)\n|raw|pokefanboy2012's rating: 1025 &rarr; <strong>1014<\/strong><br \/>(-11 for losing)\n","uploadtime":1700970157,"views":0,"p1id":"lxvliiz","p2id":"pokefanboy2012","formatid":"gen9nationaldexdoubles","rating":1014,"private":0,"password":""}