{"id":"gen9nationaldexdoubles-1963728869","p1":"JKogut","p2":"ChronoTrigonometry","format":"[Gen 9] National Dex Doubles","log":"|j|\u2606JKogut\n|j|\u2606ChronoTrigonometry\n|t:|1696894103\n|gametype|doubles\n|player|p1|JKogut|workerice|\n|player|p2|ChronoTrigonometry|riley|\n|teamsize|p1|6\n|teamsize|p2|6\n|gen|9\n|tier|[Gen 9] National Dex Doubles\n|rule|HP Percentage Mod: HP is shown in percentages\n|rule|Endless Battle Clause: Forcing endless battles is banned\n|rule|OHKO Clause: OHKO moves are banned\n|rule|Evasion Moves Clause: Evasion moves are banned\n|rule|Evasion Abilities Clause: Evasion abilities are banned\n|rule|Species Clause: Limit one of each Pok\u00e9mon\n|rule|Gravity Sleep Clause: The combination of sleep-inducing moves with imperfect accuracy and Gravity or Gigantamax Orbeetle are banned\n|clearpoke\n|poke|p1|Lickilicky, F|\n|poke|p1|Skeledirge, F|\n|poke|p1|Kommo-o, F|\n|poke|p1|Kilowattrel, F|\n|poke|p1|Cresselia, F|\n|poke|p1|Grimmsnarl, M|\n|poke|p2|Metagross|\n|poke|p2|Indeedee-F, F|\n|poke|p2|Dragonite, M|\n|poke|p2|Gholdengo|\n|poke|p2|Flamigo, M|\n|poke|p2|Amoonguss, M|\n|teampreview\n|j| 18bluecat\n|j| annoying oranje\n|j| Specific360\n|l| 18bluecat\n|j| Sasha_Notices\n|\n|t:|1696894183\n|start\n|switch|p1a: Curvy Barbie|Lickilicky, F|100\/100\n|switch|p1b: Groovy Barbie|Grimmsnarl, M, shiny|100\/100\n|switch|p2a: cheese stick|Gholdengo|100\/100\n|switch|p2b: imposter|Amoonguss, M, shiny|100\/100\n|-item|p2a: cheese stick|Air Balloon\n|-ability|p1a: Curvy Barbie|Cloud Nine\n|turn|1\n|\n|t:|1696894247\n|-terastallize|p1b: Groovy Barbie|Poison\n|move|p1b: Groovy Barbie|Light Screen|p1b: Groovy Barbie\n|-sidestart|p1: JKogut|move: Light Screen\n|move|p2a: cheese stick|Make It Rain|p1a: Curvy Barbie|[spread] p1a,p1b\n|-damage|p1a: Curvy Barbie|78\/100\n|-damage|p1b: Groovy Barbie|72\/100\n|-unboost|p2a: cheese stick|spa|1\n|move|p2b: imposter|Sludge Bomb|p1b: Groovy Barbie\n|-resisted|p1b: Groovy Barbie\n|-crit|p1b: Groovy Barbie\n|-damage|p1b: Groovy Barbie|54\/100\n|move|p1a: Curvy Barbie|Dragon Tail|p2a: cheese stick\n|-resisted|p2a: cheese stick\n|-damage|p2a: cheese stick|95\/100\n|-enditem|p2a: cheese stick|Air Balloon\n|drag|p2a: amigo|Flamigo, M|100\/100\n|-copyboost|p2a: amigo|p2b: imposter|[from] ability: Costar\n|\n|upkeep\n|turn|2\n|\n|t:|1696894276\n|switch|p2a: jajaja|Indeedee-F, F, shiny|100\/100\n|-fieldstart|move: Psychic Terrain|[from] ability: Psychic Surge|[of] p2a: jajaja\n|-enditem|p2a: jajaja|Psychic Seed\n|-boost|p2a: jajaja|spd|1|[from] item: Psychic Seed\n|move|p1b: Groovy Barbie|Reflect|p1b: Groovy Barbie\n|-sidestart|p1: JKogut|Reflect\n|move|p1a: Curvy Barbie|Icy Wind|p2b: imposter|[spread] p2a,p2b\n|-crit|p2a: jajaja\n|-supereffective|p2b: imposter\n|-crit|p2b: imposter\n|-damage|p2a: jajaja|89\/100\n|-damage|p2b: imposter|81\/100\n|-unboost|p2a: jajaja|spe|1\n|-unboost|p2b: imposter|spe|1\n|move|p2b: imposter|Spore|p1b: Groovy Barbie\n|-status|p1b: Groovy Barbie|slp|[from] move: Spore\n|\n|-heal|p2b: imposter|87\/100|[from] item: Leftovers\n|upkeep\n|turn|3\n|\n|t:|1696894328\n|switch|p1b: \"The Birds\" Barbie|Kilowattrel, F, shiny|100\/100\n|move|p2a: jajaja|Expanding Force|p1a: Curvy Barbie|[spread] p1a,p1b\n|-damage|p1a: Curvy Barbie|59\/100\n|-damage|p1b: \"The Birds\" Barbie|52\/100\n|move|p1a: Curvy Barbie|Steel Roller|p2b: imposter\n|-damage|p2b: imposter|67\/100\n|-fieldend|move: Psychic Terrain\n|move|p2b: imposter|Spore|p1b: \"The Birds\" Barbie\n|-status|p1b: \"The Birds\" Barbie|slp|[from] move: Spore\n|\n|-heal|p2b: imposter|73\/100|[from] item: Leftovers\n|upkeep\n|turn|4\n|\n|t:|1696894355\n|switch|p1b: Alopecia Barbie|Skeledirge, F, shiny|100\/100\n|move|p2a: jajaja|Helping Hand|p2b: imposter\n|-singleturn|p2b: imposter|Helping Hand|[of] p2a: jajaja\n|move|p1a: Curvy Barbie|Icy Wind|p2b: imposter|[spread] p2a,p2b\n|-supereffective|p2b: imposter\n|-damage|p2a: jajaja|85\/100\n|-damage|p2b: imposter|60\/100\n|-unboost|p2a: jajaja|spe|1\n|-unboost|p2b: imposter|spe|1\n|move|p2b: imposter|Sludge Bomb|p1b: Alopecia Barbie\n|-resisted|p1b: Alopecia Barbie\n|-damage|p1b: Alopecia Barbie|91\/100\n|\n|-heal|p1b: Alopecia Barbie|97\/100|[from] item: Leftovers\n|-heal|p2b: imposter|67\/100|[from] item: Leftovers\n|upkeep\n|turn|5\n|\n|t:|1696894393\n|switch|p2a: cheese stick|Gholdengo|95\/100\n|-terastallize|p2b: imposter|Water\n|move|p2b: imposter|Rage Powder|p2b: imposter\n|-singleturn|p2b: imposter|move: Rage Powder\n|move|p1b: Alopecia Barbie|Torch Song|p2b: imposter\n|-resisted|p2b: imposter\n|-damage|p2b: imposter|53\/100\n|-boost|p1b: Alopecia Barbie|spa|1\n|move|p1a: Curvy Barbie|Dragon Tail|p2b: imposter\n|-damage|p2b: imposter|44\/100\n|drag|p2b: amigo|Flamigo, M|100\/100\n|-copyboost|p2b: amigo|p2a: cheese stick|[from] ability: Costar\n|\n|-heal|p1b: Alopecia Barbie|100\/100|[from] item: Leftovers\n|upkeep\n|turn|6\n|\n|t:|1696894433\n|switch|p2b: jajaja|Indeedee-F, F, shiny|85\/100\n|-fieldstart|move: Psychic Terrain|[from] ability: Psychic Surge|[of] p2b: jajaja\n|move|p1a: Curvy Barbie|Helping Hand|p1b: Alopecia Barbie\n|-singleturn|p1b: Alopecia Barbie|Helping Hand|[of] p1a: Curvy Barbie\n|move|p2a: cheese stick|Protect|p2a: cheese stick\n|-singleturn|p2a: cheese stick|Protect\n|move|p1b: Alopecia Barbie|Torch Song|p2a: cheese stick\n|-activate|p2a: cheese stick|move: Protect\n|\n|upkeep\n|turn|7\n|\n|t:|1696894463\n|switch|p2a: imposter|Amoonguss, M, shiny, tera:Water|77\/100\n|move|p2b: jajaja|Protect|p2b: jajaja\n|-singleturn|p2b: jajaja|Protect\n|move|p1b: Alopecia Barbie|Torch Song|p2a: imposter\n|-resisted|p2a: imposter\n|-damage|p2a: imposter|56\/100\n|-boost|p1b: Alopecia Barbie|spa|1\n|move|p1a: Curvy Barbie|Steel Roller|p2b: jajaja\n|-activate|p2b: jajaja|move: Protect\n|\n|-heal|p2a: imposter|63\/100|[from] item: Leftovers\n|upkeep\n|turn|8\n|\n|t:|1696894485\n|move|p2a: imposter|Rage Powder|p2a: imposter\n|-singleturn|p2a: imposter|move: Rage Powder\n|move|p2b: jajaja|Expanding Force|p1b: Alopecia Barbie|[spread] p1a,p1b\n|-damage|p1a: Curvy Barbie|39\/100\n|-damage|p1b: Alopecia Barbie|82\/100\n|move|p1b: Alopecia Barbie|Torch Song|p2a: imposter\n|-resisted|p2a: imposter\n|-damage|p2a: imposter|37\/100\n|-boost|p1b: Alopecia Barbie|spa|1\n|move|p1a: Curvy Barbie|Steel Roller|p2a: imposter\n|-resisted|p2a: imposter\n|-damage|p2a: imposter|27\/100\n|-fieldend|move: Psychic Terrain\n|\n|-heal|p1b: Alopecia Barbie|88\/100|[from] item: Leftovers\n|-heal|p2a: imposter|33\/100|[from] item: Leftovers\n|-sideend|p1: JKogut|move: Light Screen\n|upkeep\n|turn|9\n|\n|t:|1696894531\n|switch|p2b: cheese stick|Gholdengo|95\/100\n|move|p1a: Curvy Barbie|Helping Hand|p1b: Alopecia Barbie\n|-singleturn|p1b: Alopecia Barbie|Helping Hand|[of] p1a: Curvy Barbie\n|move|p2a: imposter|Rage Powder|p2a: imposter\n|-singleturn|p2a: imposter|move: Rage Powder\n|move|p1b: Alopecia Barbie|Snarl|p2b: cheese stick|[spread] p2a,p2b\n|-supereffective|p2b: cheese stick\n|-damage|p2a: imposter|2\/100\n|-damage|p2b: cheese stick|12\/100\n|-unboost|p2a: imposter|spa|1\n|-unboost|p2b: cheese stick|spa|1\n|\n|-heal|p1b: Alopecia Barbie|94\/100|[from] item: Leftovers\n|-heal|p2a: imposter|8\/100|[from] item: Leftovers\n|-sideend|p1: JKogut|Reflect\n|upkeep\n|turn|10\n|\n|t:|1696894594\n|switch|p2a: jajaja|Indeedee-F, F, shiny|85\/100\n|-fieldstart|move: Psychic Terrain|[from] ability: Psychic Surge|[of] p2a: jajaja\n|move|p2b: cheese stick|Shadow Ball|p1b: Alopecia Barbie\n|-supereffective|p1b: Alopecia Barbie\n|-damage|p1b: Alopecia Barbie|25\/100\n|move|p1b: Alopecia Barbie|Torch Song|p2a: jajaja\n|-damage|p2a: jajaja|14\/100\n|-boost|p1b: Alopecia Barbie|spa|1\n|move|p1a: Curvy Barbie|Dragon Tail|p2a: jajaja\n|-damage|p2a: jajaja|4\/100\n|drag|p2a: deez nites|Dragonite, M|100\/100\n|\n|-heal|p1b: Alopecia Barbie|32\/100|[from] item: Leftovers\n|upkeep\n|turn|11\n|\n|t:|1696894638\n|move|p2b: cheese stick|Protect|p2b: cheese stick\n|-singleturn|p2b: cheese stick|Protect\n|move|p1b: Alopecia Barbie|Protect|p1b: Alopecia Barbie\n|-singleturn|p1b: Alopecia Barbie|Protect\n|move|p2a: deez nites|Dragon Dance|p2a: deez nites\n|-boost|p2a: deez nites|atk|1\n|-boost|p2a: deez nites|spe|1\n|move|p1a: Curvy Barbie|Icy Wind|p2b: cheese stick|[spread] \n|-activate|p2b: cheese stick|move: Protect\n|-miss|p1a: Curvy Barbie|p2a: deez nites\n|\n|-heal|p1b: Alopecia Barbie|38\/100|[from] item: Leftovers\n|upkeep\n|turn|12\n|\n|t:|1696894680\n|switch|p2b: amigo|Flamigo, M|100\/100\n|-copyboost|p2b: amigo|p2a: deez nites|[from] ability: Costar\n|move|p2a: deez nites|Earthquake|p1b: Alopecia Barbie|[spread] p1a,p1b\n|-immune|p2b: amigo\n|-supereffective|p1b: Alopecia Barbie\n|-damage|p1a: Curvy Barbie|9\/100\n|-damage|p1b: Alopecia Barbie|0 fnt\n|faint|p1b: Alopecia Barbie\n|move|p1a: Curvy Barbie|Dragon Tail|p2a: deez nites\n|-supereffective|p2a: deez nites\n|-damage|p2a: deez nites|88\/100\n|drag|p2a: jajaja|Indeedee-F, F, shiny|4\/100\n|\n|upkeep\n|\n|t:|1696894696\n|switch|p1b: \"The Birds\" Barbie|Kilowattrel, F, shiny|52\/100 slp\n|turn|13\n|\n|t:|1696894715\n|move|p2b: amigo|Copycat||[still]\n|-fail|p2b: amigo\n|cant|p1b: \"The Birds\" Barbie|slp\n|move|p2a: jajaja|Expanding Force|p1b: \"The Birds\" Barbie|[spread] p1a,p1b\n|-damage|p1a: Curvy Barbie|0 fnt\n|-damage|p1b: \"The Birds\" Barbie|0 fnt\n|faint|p1a: Curvy Barbie\n|faint|p1b: \"The Birds\" Barbie\n|\n|upkeep\n|\n|t:|1696894738\n|switch|p1b: Groovy Barbie|Grimmsnarl, M, shiny, tera:Poison|54\/100 slp\n|switch|p1a: Moon God Barbie|Cresselia, F|100\/100\n|turn|14\n|\n|t:|1696894757\n|cant|p1b: Groovy Barbie|slp\n|move|p2b: amigo|Brave Bird|p1a: Moon God Barbie\n|-damage|p1a: Moon God Barbie|54\/100\n|-damage|p2b: amigo|80\/100|[from] Recoil\n|move|p1a: Moon God Barbie|Lunar Blessing|p1a: Moon God Barbie|[spread] p1a,p1b\n|-heal|p1a: Moon God Barbie|79\/100\n|-heal|p1b: Groovy Barbie|79\/100 slp\n|-curestatus|p1b: Groovy Barbie|slp|[msg]\n|move|p2a: jajaja|Expanding Force|p1a: Moon God Barbie|[spread] p1a,p1b\n|-resisted|p1a: Moon God Barbie\n|-supereffective|p1b: Groovy Barbie\n|-damage|p1a: Moon God Barbie|68\/100\n|-damage|p1b: Groovy Barbie|9\/100\n|\n|-fieldend|move: Psychic Terrain\n|upkeep\n|turn|15\n|\n|t:|1696894788\n|move|p2a: jajaja|Protect|p2a: jajaja\n|-singleturn|p2a: jajaja|Protect\n|move|p1b: Groovy Barbie|Reflect|p1b: Groovy Barbie\n|-sidestart|p1: JKogut|Reflect\n|move|p2b: amigo|Brave Bird|p1b: Groovy Barbie\n|-damage|p1b: Groovy Barbie|0 fnt\n|faint|p1b: Groovy Barbie\n|-damage|p2b: amigo|76\/100|[from] Recoil\n|move|p1a: Moon God Barbie|Lunar Blessing|p1a: Moon God Barbie\n|-heal|p1a: Moon God Barbie|93\/100\n|\n|upkeep\n|\n|t:|1696894800\n|switch|p1b: Pop Star Barbie|Kommo-o, F, shiny|100\/100\n|turn|16\n|\n|t:|1696894821\n|switch|p2a: big meaty claws|Metagross|100\/100\n|move|p2b: amigo|Brave Bird|p1b: Pop Star Barbie\n|-supereffective|p1b: Pop Star Barbie\n|-damage|p1b: Pop Star Barbie|38\/100\n|-damage|p2b: amigo|54\/100|[from] Recoil\n|move|p1b: Pop Star Barbie|Breaking Swipe|p2b: amigo|[spread] p2a,p2b\n|-resisted|p2a: big meaty claws\n|-damage|p2a: big meaty claws|93\/100\n|-damage|p2b: amigo|33\/100\n|move|p1a: Moon God Barbie|Dazzling Gleam|p2a: big meaty claws|[spread] p2a,p2b\n|-resisted|p2a: big meaty claws\n|-supereffective|p2b: amigo\n|-damage|p2a: big meaty claws|88\/100\n|-damage|p2b: amigo|3\/100\n|\n|upkeep\n|turn|17\n|j| Green133\n|\n|t:|1696894864\n|detailschange|p2a: big meaty claws|Metagross-Mega\n|-mega|p2a: big meaty claws|Metagross|Metagrossite\n|move|p2b: amigo|Detect|p2b: amigo\n|-singleturn|p2b: amigo|Protect\n|move|p2a: big meaty claws|Zen Headbutt|p1b: Pop Star Barbie\n|-supereffective|p1b: Pop Star Barbie\n|-damage|p1b: Pop Star Barbie|0 fnt\n|faint|p1b: Pop Star Barbie\n|move|p1a: Moon God Barbie|Dazzling Gleam|p2a: big meaty claws|[spread] p2a\n|-activate|p2b: amigo|move: Protect\n|-resisted|p2a: big meaty claws\n|-damage|p2a: big meaty claws|84\/100\n|\n|upkeep\n|turn|18\n|\n|t:|1696894884\n|switch|p2b: cheese stick|Gholdengo|12\/100\n|move|p2a: big meaty claws|Power-Up Punch|p1a: Moon God Barbie\n|-resisted|p1a: Moon God Barbie\n|-damage|p1a: Moon God Barbie|89\/100\n|-boost|p2a: big meaty claws|atk|1\n|move|p1a: Moon God Barbie|Dazzling Gleam|p2a: big meaty claws|[spread] p2a,p2b\n|-resisted|p2a: big meaty claws\n|-resisted|p2b: cheese stick\n|-damage|p2a: big meaty claws|79\/100\n|-damage|p2b: cheese stick|6\/100\n|\n|upkeep\n|turn|19\n|\n|t:|1696894900\n|move|p2a: big meaty claws|Iron Head|p1a: Moon God Barbie\n|-damage|p1a: Moon God Barbie|54\/100\n|move|p2b: cheese stick|Shadow Ball|p1a: Moon God Barbie\n|-supereffective|p1a: Moon God Barbie\n|-damage|p1a: Moon God Barbie|2\/100\n|cant|p1a: Moon God Barbie|flinch\n|\n|upkeep\n|turn|20\n|\n|t:|1696894912\n|move|p2a: big meaty claws|Iron Head|p1a: Moon God Barbie\n|-damage|p1a: Moon God Barbie|0 fnt\n|faint|p1a: Moon God Barbie\n|\n|win|ChronoTrigonometry\n|l| Specific360\n|l| Green133\n|l| Sasha_Notices\n|l|\u2606ChronoTrigonometry\n","uploadtime":1696894943,"views":10,"p1id":"jkogut","p2id":"chronotrigonometry","formatid":"gen9nationaldexdoubles","rating":0,"private":0,"password":""}