{"id":"gen9nationaldexdoubles-1961559957","p1":"CrazyQuilman157","p2":"TalisWaffle","format":"[Gen 9] National Dex Doubles","log":"|j|\u2606CrazyQuilman157\n|j|\u2606TalisWaffle\n|t:|1696637818\n|gametype|doubles\n|player|p1|CrazyQuilman157|scientist-gen4dp|1000\n|player|p2|TalisWaffle|lance|1081\n|teamsize|p1|6\n|teamsize|p2|6\n|gen|9\n|tier|[Gen 9] National Dex Doubles\n|rated|\n|rule|HP Percentage Mod: HP is shown in percentages\n|rule|Endless Battle Clause: Forcing endless battles is banned\n|rule|OHKO Clause: OHKO moves are banned\n|rule|Evasion Moves Clause: Evasion moves are banned\n|rule|Evasion Abilities Clause: Evasion abilities are banned\n|rule|Species Clause: Limit one of each Pok\u00e9mon\n|rule|Gravity Sleep Clause: The combination of sleep-inducing moves with imperfect accuracy and Gravity or Gigantamax Orbeetle are banned\n|clearpoke\n|poke|p1|Klefki, M|\n|poke|p1|Ursaluna, M|\n|poke|p1|Slowking-Galar, F|\n|poke|p1|Frosmoth, M|\n|poke|p1|Skeledirge, F|\n|poke|p1|Appletun, F|\n|poke|p2|Ambipom, F|\n|poke|p2|Meowscarada, M|\n|poke|p2|Sinistcha|\n|poke|p2|Incineroar, M|\n|poke|p2|Palafin, F|\n|poke|p2|Regieleki|\n|teampreview\n|\n|t:|1696637822\n|start\n|switch|p1a: The Jingler|Klefki, M|100\/100\n|switch|p1b: Big Redd|Ursaluna, M, shiny|100\/100\n|switch|p2a: Palafin|Palafin, F, shiny|100\/100\n|switch|p2b: Regieleki|Regieleki, shiny|100\/100\n|turn|1\n|\n|t:|1696637836\n|move|p2b: Regieleki|Electroweb|p1a: The Jingler|[spread] p1a\n|-immune|p1b: Big Redd\n|-damage|p1a: The Jingler|54\/100\n|-unboost|p1a: The Jingler|spe|1\n|move|p2a: Palafin|Flip Turn|p1b: Big Redd\n|-supereffective|p1b: Big Redd\n|-damage|p1b: Big Redd|54\/100\n|\n|t:|1696637847\n|detailschange|p2a: Palafin|Palafin-Hero, F, shiny\n|switch|p2a: Sinistcha|Sinistcha, shiny|100\/100|[from] Flip Turn\n|move|p1b: Big Redd|Belly Drum|p1b: Big Redd\n|-damage|p1b: Big Redd|4\/100\n|-setboost|p1b: Big Redd|atk|6|[from] move: Belly Drum\n|move|p1a: The Jingler|Trick Room|p1a: The Jingler\n|-fieldstart|move: Trick Room|[of] p1a: The Jingler\n|\n|-status|p1b: Big Redd|brn|[from] item: Flame Orb\n|upkeep\n|turn|2\n|\n|t:|1696637866\n|switch|p1a: Fern|Slowking-Galar, F|100\/100\n|move|p1b: Big Redd|Drain Punch|p2b: Regieleki\n|-damage|p2b: Regieleki|0 fnt\n|-heal|p1b: Big Redd|37\/100 brn|[from] drain|[of] p2b: Regieleki\n|faint|p2b: Regieleki\n|move|p2a: Sinistcha|Nasty Plot|p2a: Sinistcha\n|-boost|p2a: Sinistcha|spa|2\n|\n|-damage|p1b: Big Redd|31\/100 brn|[from] brn\n|upkeep\n|\n|t:|1696637874\n|switch|p2b: Palafin|Palafin-Hero, F, shiny|100\/100\n|-activate|p2b: Palafin|ability: Zero to Hero\n|turn|3\n|\n|t:|1696637892\n|move|p2b: Palafin|Jet Punch|p1b: Big Redd\n|-supereffective|p1b: Big Redd\n|-damage|p1b: Big Redd|0 fnt\n|faint|p1b: Big Redd\n|move|p1a: Fern|Toxic Spikes|p2a: Sinistcha\n|-sidestart|p2: TalisWaffle|move: Toxic Spikes\n|move|p2a: Sinistcha|Matcha Gotcha|p1a: Fern\n|-resisted|p1a: Fern\n|-damage|p1a: Fern|61\/100\n|-status|p1a: Fern|brn\n|-enditem|p1a: Fern|Red Card|[of] p2a: Sinistcha\n|drag|p2a: Incineroar|Incineroar, M, shiny|100\/100\n|-status|p2a: Incineroar|psn\n|-ability|p2a: Incineroar|Intimidate|boost\n|-unboost|p1a: Fern|atk|1\n|\n|-damage|p2a: Incineroar|88\/100 psn|[from] psn\n|-damage|p1a: Fern|55\/100 brn|[from] brn\n|upkeep\n|\n|t:|1696637914\n|switch|p1b: Gracie|Appletun, F|100\/100\n|turn|4\n|\n|t:|1696637925\n|-terastallize|p1b: Gracie|Electric\n|move|p2a: Incineroar|Fake Out|p1b: Gracie\n|-enditem|p2a: Incineroar|Normal Gem|[from] gem\n|-damage|p1b: Gracie|83\/100\n|move|p2b: Palafin|Jet Punch|p1a: Fern\n|-damage|p1a: Fern|0 fnt\n|faint|p1a: Fern\n|cant|p1b: Gracie|flinch\n|\n|-damage|p2a: Incineroar|76\/100 psn|[from] psn\n|upkeep\n|\n|t:|1696637942\n|switch|p1a: Annaisse|Skeledirge, F|100\/100\n|turn|5\n|\n|t:|1696637954\n|-terastallize|p2b: Palafin|Water\n|move|p2b: Palafin|Jet Punch|p1a: Annaisse\n|-supereffective|p1a: Annaisse\n|-damage|p1a: Annaisse|0 fnt\n|-damage|p2b: Palafin|84\/100|[from] item: Rocky Helmet|[of] p1a: Annaisse\n|faint|p1a: Annaisse\n|move|p1b: Gracie|Apple Acid|p2b: Palafin\n|-supereffective|p2b: Palafin\n|-damage|p2b: Palafin|0 fnt\n|faint|p2b: Palafin\n|move|p2a: Incineroar|Taunt|p1b: Gracie\n|-start|p1b: Gracie|move: Taunt\n|\n|-damage|p2a: Incineroar|63\/100 psn|[from] psn\n|-fieldend|move: Trick Room\n|upkeep\n|\n|t:|1696637968\n|switch|p2b: Sinistcha|Sinistcha, shiny|100\/100\n|switch|p1a: The Jingler|Klefki, M|54\/100\n|-status|p2b: Sinistcha|psn\n|-heal|p2a: Incineroar|88\/100 psn|[from] ability: Hospitality|[of] p2b: Sinistcha\n|turn|6\n|\n|t:|1696637985\n|move|p1a: The Jingler|Light Screen|p1a: The Jingler\n|-sidestart|p1: CrazyQuilman157|move: Light Screen\n|move|p2b: Sinistcha|Nasty Plot|p2b: Sinistcha\n|-boost|p2b: Sinistcha|spa|2\n|move|p2a: Incineroar|Drain Punch|p1b: Gracie\n|-damage|p1b: Gracie|56\/100\n|-heal|p2a: Incineroar|100\/100 psn|[from] drain|[of] p1b: Gracie\n|move|p1b: Gracie|Tera Blast|p2a: Incineroar|[anim] Tera Blast Electric\n|-damage|p2a: Incineroar|64\/100 psn\n|\n|-damage|p2b: Sinistcha|88\/100 psn|[from] psn\n|-damage|p2a: Incineroar|52\/100 psn|[from] psn\n|upkeep\n|turn|7\n|\n|t:|1696638002\n|move|p2b: Sinistcha|Matcha Gotcha|p1b: Gracie|[spread] p1a\n|-miss|p2b: Sinistcha|p1b: Gracie\n|-resisted|p1a: The Jingler\n|-damage|p1a: The Jingler|24\/100\n|-heal|p2b: Sinistcha|100\/100 psn|[from] drain|[of] p1a: The Jingler\n|-damage|p2b: Sinistcha|91\/100 psn|[from] item: Life Orb\n|move|p2a: Incineroar|Taunt|p1a: The Jingler\n|-start|p1a: The Jingler|move: Taunt\n|move|p1b: Gracie|Apple Acid|p2a: Incineroar\n|-resisted|p2a: Incineroar\n|-damage|p2a: Incineroar|34\/100 psn\n|-unboost|p2a: Incineroar|spd|1\n|cant|p1a: The Jingler|move: Taunt|Trick Room\n|\n|-damage|p2b: Sinistcha|78\/100 psn|[from] psn\n|-damage|p2a: Incineroar|22\/100 psn|[from] psn\n|upkeep\n|turn|8\n|\n|t:|1696638025\n|move|p2b: Sinistcha|Matcha Gotcha|p1b: Gracie|[spread] p1a,p1b\n|-resisted|p1a: The Jingler\n|-damage|p1a: The Jingler|0 fnt\n|-heal|p2b: Sinistcha|91\/100 psn|[from] drain|[of] p1a: The Jingler\n|-damage|p1b: Gracie|9\/100\n|-heal|p2b: Sinistcha|100\/100 psn|[from] drain|[of] p1b: Gracie\n|-activate|p1b: Gracie|ability: Ripen\n|-enditem|p1b: Gracie|Aguav Berry|[eat]\n|-heal|p1b: Gracie|76\/100|[from] item: Aguav Berry\n|faint|p1a: The Jingler\n|-damage|p2b: Sinistcha|91\/100 psn|[from] item: Life Orb\n|move|p2a: Incineroar|Drain Punch|p1b: Gracie\n|-damage|p1b: Gracie|51\/100\n|-heal|p2a: Incineroar|38\/100 psn|[from] drain|[of] p1b: Gracie\n|move|p1b: Gracie|Tera Blast|p2a: Incineroar|[anim] Tera Blast Electric\n|-damage|p2a: Incineroar|0 fnt\n|faint|p2a: Incineroar\n|\n|-damage|p2b: Sinistcha|78\/100 psn|[from] psn\n|-end|p1b: Gracie|move: Taunt\n|upkeep\n|\n|t:|1696638044\n|switch|p1a: Indrid|Frosmoth, M|100\/100\n|switch|p2a: Ambipom|Ambipom, F, shiny|100\/100\n|-status|p2a: Ambipom|psn\n|turn|9\n|\n|t:|1696638062\n|move|p2a: Ambipom|Switcheroo|p1a: Indrid\n|-activate|p2a: Ambipom|move: Trick|[of] p1a: Indrid\n|-item|p1a: Indrid|Big Nugget|[from] move: Switcheroo\n|-item|p2a: Ambipom|Heavy-Duty Boots|[from] move: Switcheroo\n|move|p2b: Sinistcha|Matcha Gotcha|p1a: Indrid|[spread] p1a,p1b\n|-resisted|p1a: Indrid\n|-damage|p1a: Indrid|85\/100\n|-heal|p2b: Sinistcha|87\/100 psn|[from] drain|[of] p1a: Indrid\n|-damage|p1b: Gracie|3\/100\n|-heal|p2b: Sinistcha|100\/100 psn|[from] drain|[of] p1b: Gracie\n|-damage|p2b: Sinistcha|91\/100 psn|[from] item: Life Orb\n|move|p1a: Indrid|Air Slash|p2b: Sinistcha\n|-supereffective|p2b: Sinistcha\n|-damage|p2b: Sinistcha|32\/100 psn\n|move|p1b: Gracie|Recycle|p1b: Gracie\n|-item|p1b: Gracie|Aguav Berry|[from] move: Recycle\n|-activate|p1b: Gracie|ability: Ripen\n|-enditem|p1b: Gracie|Aguav Berry|[eat]\n|-heal|p1b: Gracie|70\/100|[from] item: Aguav Berry\n|\n|-damage|p2a: Ambipom|88\/100 psn|[from] psn\n|-damage|p2b: Sinistcha|20\/100 psn|[from] psn\n|upkeep\n|turn|10\n|\n|t:|1696638089\n|move|p2a: Ambipom|Pursuit|p1b: Gracie\n|-damage|p1b: Gracie|57\/100\n|move|p2b: Sinistcha|Matcha Gotcha|p1b: Gracie|[spread] p1a,p1b\n|-resisted|p1a: Indrid\n|-damage|p1a: Indrid|70\/100\n|-heal|p2b: Sinistcha|29\/100 psn|[from] drain|[of] p1a: Indrid\n|-damage|p1b: Gracie|9\/100\n|-heal|p2b: Sinistcha|65\/100 psn|[from] drain|[of] p1b: Gracie\n|-damage|p2b: Sinistcha|55\/100 psn|[from] item: Life Orb\n|move|p1a: Indrid|Air Slash|p2b: Sinistcha\n|-supereffective|p2b: Sinistcha\n|-damage|p2b: Sinistcha|0 fnt\n|faint|p2b: Sinistcha\n|move|p1b: Gracie|Recycle|p1b: Gracie\n|-item|p1b: Gracie|Aguav Berry|[from] move: Recycle\n|-activate|p1b: Gracie|ability: Ripen\n|-enditem|p1b: Gracie|Aguav Berry|[eat]\n|-heal|p1b: Gracie|76\/100|[from] item: Aguav Berry\n|\n|-damage|p2a: Ambipom|76\/100 psn|[from] psn\n|-sideend|p1: CrazyQuilman157|move: Light Screen\n|upkeep\n|\n|t:|1696638097\n|switch|p2b: Meowscarada|Meowscarada, M, shiny|100\/100\n|-status|p2b: Meowscarada|psn\n|turn|11\n|\n|t:|1696638116\n|move|p2b: Meowscarada|Play Rough|p1b: Gracie\n|-start|p2b: Meowscarada|typechange|Fairy|[from] ability: Protean\n|-damage|p1b: Gracie|33\/100\n|move|p2a: Ambipom|Switcheroo|p2b: Meowscarada\n|-activate|p2a: Ambipom|move: Trick|[of] p2b: Meowscarada\n|-item|p2b: Meowscarada|Heavy-Duty Boots|[from] move: Switcheroo\n|-enditem|p2a: Ambipom|Heavy-Duty Boots|[silent]|[from] move: Switcheroo\n|move|p1a: Indrid|Bug Buzz|p2b: Meowscarada\n|-resisted|p2b: Meowscarada\n|-damage|p2b: Meowscarada|58\/100 psn\n|move|p1b: Gracie|Apple Acid|p2a: Ambipom\n|-damage|p2a: Ambipom|13\/100 psn\n|-unboost|p2a: Ambipom|spd|1\n|\n|-damage|p2b: Meowscarada|46\/100 psn|[from] psn\n|-damage|p2a: Ambipom|0 fnt|[from] psn\n|faint|p2a: Ambipom\n|upkeep\n|turn|12\n|\n|t:|1696638141\n|move|p2b: Meowscarada|Play Rough|p1b: Gracie|[miss]\n|-miss|p2b: Meowscarada|p1b: Gracie\n|move|p1a: Indrid|Air Slash|p2b: Meowscarada\n|-damage|p2b: Meowscarada|4\/100 psn\n|move|p1b: Gracie|Apple Acid|p2b: Meowscarada\n|-damage|p2b: Meowscarada|0 fnt\n|faint|p2b: Meowscarada\n|\n|win|CrazyQuilman157\n|raw|CrazyQuilman157's rating: 1000 &rarr; <strong>1049<\/strong><br \/>(+49 for winning)\n|raw|TalisWaffle's rating: 1081 &rarr; <strong>1054<\/strong><br \/>(-27 for losing)\n|l|\u2606TalisWaffle\n|c|\u2606CrazyQuilman157|Gg\n","uploadtime":1696638154,"views":10,"p1id":"crazyquilman157","p2id":"taliswaffle","formatid":"gen9nationaldexdoubles","rating":1049,"private":0,"password":""}