{"id":"gen9nationaldexdoubles-1954591590","p1":"sneakycamel","p2":"ServingOfSalsa","format":"[Gen 9] National Dex Doubles","log":"|j|\u2606sneakycamel\n|j|\u2606ServingOfSalsa\n|t:|1695911216\n|gametype|doubles\n|player|p1|sneakycamel|harlequin|1294\n|player|p2|ServingOfSalsa|barry|1089\n|teamsize|p1|6\n|teamsize|p2|6\n|gen|9\n|tier|[Gen 9] National Dex Doubles\n|rated|\n|rule|HP Percentage Mod: HP is shown in percentages\n|rule|Endless Battle Clause: Forcing endless battles is banned\n|rule|OHKO Clause: OHKO moves are banned\n|rule|Evasion Moves Clause: Evasion moves are banned\n|rule|Evasion Abilities Clause: Evasion abilities are banned\n|rule|Species Clause: Limit one of each Pok\u00e9mon\n|rule|Gravity Sleep Clause: The combination of sleep-inducing moves with imperfect accuracy and Gravity or Gigantamax Orbeetle are banned\n|clearpoke\n|poke|p1|Masquerain, F|\n|poke|p1|Spectrier|\n|poke|p1|Guzzlord|\n|poke|p1|Iron Hands|\n|poke|p1|Dusclops, F|\n|poke|p1|Chien-Pao|\n|poke|p2|Skeledirge, M|\n|poke|p2|Swampert, M|\n|poke|p2|Electrode-Hisui|\n|poke|p2|Reuniclus, F|\n|poke|p2|Lucario, M|\n|poke|p2|Togekiss, F|\n|teampreview\n|inactive|Battle timer is ON: inactive players will automatically lose when time's up. (requested by ServingOfSalsa)\n|\n|t:|1695911245\n|start\n|switch|p1a: Guzzlord|Guzzlord|100\/100\n|switch|p1b: Masquerain|Masquerain, F|100\/100\n|switch|p2a: Cerebellum|Reuniclus, F|100\/100\n|switch|p2b: Marble|Lucario, M|100\/100\n|-ability|p1b: Masquerain|Intimidate|boost\n|-unboost|p2a: Cerebellum|atk|1\n|-fail|p2b: Marble|unboost|Attack|[from] ability: Inner Focus|[of] p2b: Marble\n|turn|1\n|\n|t:|1695911274\n|switch|p1a: Dusclops|Dusclops, F|100\/100\n|-ability|p1a: Dusclops|Pressure\n|detailschange|p2b: Marble|Lucario-Mega, M\n|-mega|p2b: Marble|Lucario|Lucarionite\n|move|p2b: Marble|Flash Cannon|p1a: Dusclops\n|-damage|p1a: Dusclops|74\/100\n|move|p1b: Masquerain|Quiver Dance|p1b: Masquerain\n|-boost|p1b: Masquerain|spa|1\n|-boost|p1b: Masquerain|spd|1\n|-boost|p1b: Masquerain|spe|1\n|move|p2a: Cerebellum|Psychic Terrain|p2a: Cerebellum\n|-fieldstart|move: Psychic Terrain\n|\n|upkeep\n|turn|2\n|\n|t:|1695911299\n|move|p1b: Masquerain|Bug Buzz|p2a: Cerebellum\n|-supereffective|p2a: Cerebellum\n|-damage|p2a: Cerebellum|0 fnt\n|faint|p2a: Cerebellum\n|move|p2b: Marble|Flash Cannon|p1a: Dusclops\n|-damage|p1a: Dusclops|46\/100\n|move|p1a: Dusclops|Night Shade|p2b: Marble\n|-damage|p2b: Marble|65\/100\n|\n|upkeep\n|\n|t:|1695911309\n|switch|p2a: Old\u00e9ball|Electrode-Hisui|100\/100\n|turn|3\n|\n|t:|1695911328\n|move|p1a: Dusclops|Ally Switch|p1a: Dusclops\n|swap|p1a: Dusclops|1|[from] move: Ally Switch\n|move|p2a: Old\u00e9ball|Energy Ball|p1a: Masquerain\n|-resisted|p1a: Masquerain\n|-damage|p1a: Masquerain|93\/100\n|move|p1a: Masquerain|Bug Buzz|p2a: Old\u00e9ball\n|-supereffective|p2a: Old\u00e9ball\n|-damage|p2a: Old\u00e9ball|0 fnt\n|faint|p2a: Old\u00e9ball\n|move|p2b: Marble|Drain Punch|p1b: Dusclops\n|-immune|p1b: Dusclops\n|\n|upkeep\n|\n|t:|1695911343\n|switch|p2a: Flincher|Togekiss, F|100\/100\n|turn|4\n|\n|t:|1695911360\n|-terastallize|p1a: Masquerain|Water\n|move|p1a: Masquerain|Quiver Dance|p1a: Masquerain\n|-boost|p1a: Masquerain|spa|1\n|-boost|p1a: Masquerain|spd|1\n|-boost|p1a: Masquerain|spe|1\n|move|p2b: Marble|Flash Cannon|p1b: Dusclops\n|-damage|p1b: Dusclops|18\/100\n|-unboost|p1b: Dusclops|spd|1\n|move|p2a: Flincher|Flamethrower|p1a: Masquerain\n|-resisted|p1a: Masquerain\n|-damage|p1a: Masquerain|83\/100\n|move|p1b: Dusclops|Pain Split|p2a: Flincher\n|-sethp|p2a: Flincher|58\/100|[from] move: Pain Split|[silent]\n|-sethp|p1b: Dusclops|64\/100|[from] move: Pain Split\n|\n|upkeep\n|turn|5\n|\n|t:|1695911383\n|move|p1a: Masquerain|Hydro Pump|p2a: Flincher\n|-damage|p2a: Flincher|0 fnt\n|faint|p2a: Flincher\n|move|p2b: Marble|Aura Sphere|p1a: Masquerain\n|-damage|p1a: Masquerain|43\/100\n|move|p1b: Dusclops|Night Shade|p2b: Marble\n|-damage|p2b: Marble|29\/100\n|\n|-fieldend|move: Psychic Terrain\n|upkeep\n|\n|t:|1695911393\n|switch|p2a: Palustagnum|Swampert, M|100\/100\n|turn|6\n|\n|t:|1695911415\n|move|p2b: Marble|Bullet Punch|p1b: Dusclops\n|-damage|p1b: Dusclops|42\/100\n|move|p1a: Masquerain|Bug Buzz|p2a: Palustagnum\n|-damage|p2a: Palustagnum|19\/100\n|move|p2a: Palustagnum|High Horsepower|p1a: Masquerain\n|-damage|p1a: Masquerain|0 fnt\n|faint|p1a: Masquerain\n|move|p1b: Dusclops|Trick Room|p1b: Dusclops\n|-fieldstart|move: Trick Room|[of] p1b: Dusclops\n|\n|upkeep\n|\n|t:|1695911426\n|switch|p1a: Guzzlord|Guzzlord|100\/100\n|turn|7\n|\n|t:|1695911436\n|move|p2b: Marble|Bullet Punch|p1b: Dusclops\n|-damage|p1b: Dusclops|22\/100\n|move|p1b: Dusclops|Night Shade|p2a: Palustagnum\n|-damage|p2a: Palustagnum|0 fnt\n|faint|p2a: Palustagnum\n|move|p1a: Guzzlord|Body Press|p2b: Marble\n|-supereffective|p2b: Marble\n|-damage|p2b: Marble|0 fnt\n|faint|p2b: Marble\n|-ability|p1a: Guzzlord|Beast Boost|boost\n|-boost|p1a: Guzzlord|atk|1\n|\n|upkeep\n|-message|ServingOfSalsa forfeited.\n|\n|win|sneakycamel\n|raw|sneakycamel's rating: 1294 &rarr; <strong>1306<\/strong><br \/>(+12 for winning)\n|raw|ServingOfSalsa's rating: 1089 &rarr; <strong>1078<\/strong><br \/>(-11 for losing)\n|l|\u2606ServingOfSalsa\n","uploadtime":1695911508,"views":8,"p1id":"sneakycamel","p2id":"servingofsalsa","formatid":"gen9nationaldexdoubles","rating":1078,"private":0,"password":""}