{"id":"gen9nationaldexdoubles-1971964527","p1":"LAIDEN22","p2":"fumbari 24","format":"[Gen 9] National Dex Doubles","log":"|j|\u2606LAIDEN22\n|j|\u2606fumbari 24\n|t:|1697798649\n|gametype|doubles\n|player|p1|LAIDEN22|2|1421\n|player|p2|fumbari 24|hilbert|1416\n|teamsize|p1|6\n|teamsize|p2|6\n|gen|9\n|tier|[Gen 9] National Dex Doubles\n|rated|\n|rule|HP Percentage Mod: HP is shown in percentages\n|rule|Endless Battle Clause: Forcing endless battles is banned\n|rule|OHKO Clause: OHKO moves are banned\n|rule|Evasion Moves Clause: Evasion moves are banned\n|rule|Evasion Abilities Clause: Evasion abilities are banned\n|rule|Species Clause: Limit one of each Pok\u00e9mon\n|rule|Gravity Sleep Clause: The combination of sleep-inducing moves with imperfect accuracy and Gravity or Gigantamax Orbeetle are banned\n|clearpoke\n|poke|p1|Palafin, F|\n|poke|p1|Landorus-Therian, M|\n|poke|p1|Charizard, M|\n|poke|p1|Ninetales-Alola, F|\n|poke|p1|Sandslash-Alola, M|\n|poke|p1|Heatran, F|\n|poke|p2|Krookodile, M|\n|poke|p2|Salamence, M|\n|poke|p2|Chi-Yu|\n|poke|p2|Tornadus, M|\n|poke|p2|Arcanine-Hisui, M|\n|poke|p2|Amoonguss, F|\n|teampreview\n|inactive|Battle timer is ON: inactive players will automatically lose when time's up. (requested by LAIDEN22)\n|\n|t:|1697798665\n|start\n|switch|p1a: SNOWWWWW|Ninetales-Alola, F|100\/100\n|switch|p1b: JETPIN|Palafin, F|100\/100\n|switch|p2a: Tornadus|Tornadus, M|100\/100\n|switch|p2b: Chi-Yu|Chi-Yu|100\/100\n|-weather|Snow|[from] ability: Snow Warning|[of] p1a: SNOWWWWW\n|-ability|p2b: Chi-Yu|Beads of Ruin\n|turn|1\n|\n|t:|1697798696\n|switch|p1a: HEATTY|Heatran, F|100\/100\n|-terastallize|p1b: JETPIN|Water\n|-terastallize|p2b: Chi-Yu|Ghost\n|move|p2a: Tornadus|Tailwind|p2a: Tornadus\n|-sidestart|p2: fumbari 24|move: Tailwind\n|move|p2b: Chi-Yu|Heat Wave|p1b: JETPIN|[spread] p1b\n|-start|p1a: HEATTY|ability: Flash Fire\n|-resisted|p1b: JETPIN\n|-damage|p1b: JETPIN|77\/100\n|-status|p1b: JETPIN|brn\n|move|p1b: JETPIN|Wave Crash|p2b: Chi-Yu\n|-damage|p2b: Chi-Yu|67\/100\n|-damage|p1b: JETPIN|68\/100 brn|[from] Recoil\n|\n|-weather|Snow|[upkeep]\n|-damage|p1b: JETPIN|62\/100 brn|[from] brn\n|upkeep\n|turn|2\n|\n|t:|1697798724\n|detailschange|p1b: JETPIN|Palafin-Hero, F, tera:Water\n|switch|p1b: OVERRATED|Charizard, M|100\/100\n|move|p2a: Tornadus|Bleakwind Storm|p1b: OVERRATED|[spread] p1a\n|-miss|p2a: Tornadus|p1b: OVERRATED\n|-resisted|p1a: HEATTY\n|-damage|p1a: HEATTY|87\/100\n|move|p2b: Chi-Yu|Snarl|p1b: OVERRATED|[spread] p1a,p1b\n|-damage|p1a: HEATTY|68\/100\n|-damage|p1b: OVERRATED|70\/100\n|-unboost|p1a: HEATTY|spa|1\n|-unboost|p1b: OVERRATED|spa|1\n|move|p1a: HEATTY|Heavy Slam|p2b: Chi-Yu\n|-damage|p2b: Chi-Yu|31\/100\n|\n|-weather|Snow|[upkeep]\n|-heal|p1a: HEATTY|74\/100|[from] item: Leftovers\n|upkeep\n|turn|3\n|inactive|LAIDEN22 has 120 seconds left.\n|\n|t:|1697798755\n|switch|p2a: Arcanine|Arcanine-Hisui, M|100\/100\n|switch|p2b: Blue Flame|Salamence, M|100\/100\n|-ability|p2b: Blue Flame|Intimidate|boost\n|-unboost|p1a: HEATTY|atk|1\n|-unboost|p1b: OVERRATED|atk|1\n|move|p1b: OVERRATED|Protect|p1b: OVERRATED\n|-singleturn|p1b: OVERRATED|Protect\n|move|p1a: HEATTY|Heat Wave|p2a: Arcanine|[spread] p2a,p2b\n|-resisted|p2a: Arcanine\n|-resisted|p2b: Blue Flame\n|-damage|p2a: Arcanine|91\/100\n|-damage|p2b: Blue Flame|83\/100\n|\n|-weather|Snow|[upkeep]\n|-heal|p1a: HEATTY|80\/100|[from] item: Leftovers\n|upkeep\n|turn|4\n|inactive|fumbari 24 has 120 seconds left.\n|\n|t:|1697798792\n|-end|p1a: HEATTY|ability: Flash Fire|[silent]\n|switch|p1a: Unfair|Landorus-Therian, M|100\/100\n|-ability|p1a: Unfair|Intimidate|boost\n|-fail|p2a: Arcanine|unboost|[from] item: Clear Amulet|[of] p2a: Arcanine\n|-unboost|p2b: Blue Flame|atk|1\n|detailschange|p2b: Blue Flame|Salamence-Mega, M\n|-mega|p2b: Blue Flame|Salamence|Salamencite\n|detailschange|p1b: OVERRATED|Charizard-Mega-X, M\n|-mega|p1b: OVERRATED|Charizard|Charizardite X\n|move|p2b: Blue Flame|Hyper Voice|p1b: OVERRATED|[spread] p1a,p1b\n|-damage|p1a: Unfair|70\/100\n|-damage|p1b: OVERRATED|28\/100\n|move|p2a: Arcanine|Rock Slide|p1b: OVERRATED|[spread] p1a,p1b\n|-supereffective|p1b: OVERRATED\n|-crit|p1b: OVERRATED\n|-damage|p1a: Unfair|37\/100\n|-damage|p1b: OVERRATED|0 fnt\n|faint|p1b: OVERRATED\n|\n|-weather|Snow|[upkeep]\n|-sideend|p2: fumbari 24|move: Tailwind\n|upkeep\n|inactive|LAIDEN22 has 120 seconds left.\n|\n|t:|1697798814\n|switch|p1b: MAD AND BAD|Sandslash-Alola, M|100\/100\n|turn|5\n|inactive|LAIDEN22 has 120 seconds left.\n|\n|t:|1697798830\n|move|p2a: Arcanine|Protect|p2a: Arcanine\n|-singleturn|p2a: Arcanine|Protect\n|move|p1b: MAD AND BAD|Earthquake|p2b: Blue Flame|[spread] \n|-activate|p2a: Arcanine|move: Protect\n|-immune|p1a: Unfair\n|-immune|p2b: Blue Flame\n|move|p2b: Blue Flame|Tailwind|p2b: Blue Flame\n|-sidestart|p2: fumbari 24|move: Tailwind\n|move|p1a: Unfair|U-turn|p2a: Arcanine\n|-activate|p2a: Arcanine|move: Protect\n|\n|-weather|none\n|upkeep\n|turn|6\n|j| Nyx_The_Minx\n|inactive|LAIDEN22 has 120 seconds left.\n|\n|t:|1697798856\n|switch|p2b: Atraco|Krookodile, M|100\/100\n|-ability|p2b: Atraco|Intimidate|boost\n|-unboost|p1a: Unfair|atk|1\n|-unboost|p1b: MAD AND BAD|atk|1\n|switch|p2a: Tornadus|Tornadus, M|100\/100\n|move|p1b: MAD AND BAD|Protect|p1b: MAD AND BAD\n|-singleturn|p1b: MAD AND BAD|Protect\n|move|p1a: Unfair|Earthquake|p2b: Atraco|[spread] p2b\n|-activate|p1b: MAD AND BAD|move: Protect\n|-immune|p2a: Tornadus\n|-damage|p2b: Atraco|69\/100\n|\n|upkeep\n|turn|7\n|l| Nyx_The_Minx\n|\n|t:|1697798886\n|switch|p1b: SNOWWWWW|Ninetales-Alola, F|100\/100\n|-weather|Snow|[from] ability: Snow Warning|[of] p1b: SNOWWWWW\n|move|p2a: Tornadus|Bleakwind Storm|p1a: Unfair|[spread] p1b\n|-miss|p2a: Tornadus|p1a: Unfair\n|-damage|p1b: SNOWWWWW|72\/100\n|-unboost|p1b: SNOWWWWW|spe|1\n|move|p2b: Atraco|Rock Slide|p1a: Unfair|[spread] p1a,p1b\n|-supereffective|p1b: SNOWWWWW\n|-damage|p1a: Unfair|20\/100\n|-damage|p1b: SNOWWWWW|45\/100\n|move|p1a: Unfair|U-turn|p2b: Atraco\n|-supereffective|p2b: Atraco\n|-damage|p2b: Atraco|29\/100\n|-enditem|p2b: Atraco|Sitrus Berry|[eat]\n|-heal|p2b: Atraco|54\/100|[from] item: Sitrus Berry\n|inactive|LAIDEN22 has 120 seconds left.\n|\n|t:|1697798904\n|switch|p1a: JETPIN|Palafin-Hero, F, tera:Water|62\/100 brn|[from] U-turn\n|-activate|p1a: JETPIN|ability: Zero to Hero\n|\n|-weather|Snow|[upkeep]\n|-damage|p1a: JETPIN|56\/100 brn|[from] brn\n|upkeep\n|turn|8\n|\n|t:|1697798917\n|switch|p2b: Amoonguss|Amoonguss, F|100\/100\n|switch|p1b: Unfair|Landorus-Therian, M|20\/100\n|-ability|p1b: Unfair|Intimidate|boost\n|-unboost|p2a: Tornadus|atk|1\n|-unboost|p2b: Amoonguss|atk|1\n|move|p2a: Tornadus|Sunny Day|p2a: Tornadus\n|-weather|SunnyDay\n|move|p1a: JETPIN|Drain Punch|p2b: Amoonguss\n|-resisted|p2b: Amoonguss\n|-damage|p2b: Amoonguss|95\/100\n|-heal|p1a: JETPIN|59\/100 brn|[from] drain|[of] p2b: Amoonguss\n|-damage|p1a: JETPIN|43\/100 brn|[from] item: Rocky Helmet|[of] p2b: Amoonguss\n|\n|-weather|SunnyDay|[upkeep]\n|-damage|p1a: JETPIN|37\/100 brn|[from] brn\n|-sideend|p2: fumbari 24|move: Tailwind\n|upkeep\n|turn|9\n|\n|t:|1697798942\n|switch|p1a: SNOWWWWW|Ninetales-Alola, F|45\/100\n|-weather|Snow|[from] ability: Snow Warning|[of] p1a: SNOWWWWW\n|move|p2a: Tornadus|Bleakwind Storm|p1a: SNOWWWWW|[spread] p1a\n|-miss|p2a: Tornadus|p1b: Unfair\n|-damage|p1a: SNOWWWWW|17\/100\n|move|p1b: Unfair|Knock Off|p2b: Amoonguss\n|-damage|p2b: Amoonguss|65\/100\n|-damage|p1b: Unfair|4\/100|[from] item: Rocky Helmet|[of] p2b: Amoonguss\n|-enditem|p2b: Amoonguss|Rocky Helmet|[from] move: Knock Off|[of] p1b: Unfair\n|move|p2b: Amoonguss|Pollen Puff|p1b: Unfair\n|-resisted|p1b: Unfair\n|-damage|p1b: Unfair|0 fnt\n|faint|p1b: Unfair\n|\n|-weather|Snow|[upkeep]\n|upkeep\n|\n|t:|1697798959\n|switch|p1b: MAD AND BAD|Sandslash-Alola, M|100\/100\n|turn|10\n|j| jasonpokemon123\n|\n|t:|1697798971\n|switch|p2b: Atraco|Krookodile, M|54\/100\n|-ability|p2b: Atraco|Intimidate|boost\n|-unboost|p1a: SNOWWWWW|atk|1\n|-unboost|p1b: MAD AND BAD|atk|1\n|move|p2a: Tornadus|Sunny Day|p2a: Tornadus\n|-weather|SunnyDay\n|move|p1a: SNOWWWWW|Aurora Veil||[still]\n|-fail|p1a: SNOWWWWW\n|move|p1b: MAD AND BAD|Triple Axel|p2b: Atraco|[miss]\n|-miss|p1b: MAD AND BAD|p2b: Atraco\n|\n|-weather|SunnyDay|[upkeep]\n|upkeep\n|turn|11\n|\n|t:|1697798992\n|switch|p1a: HEATTY|Heatran, F|80\/100\n|move|p1b: MAD AND BAD|Protect|p1b: MAD AND BAD\n|-singleturn|p1b: MAD AND BAD|Protect\n|move|p2a: Tornadus|Tailwind|p2a: Tornadus\n|-sidestart|p2: fumbari 24|move: Tailwind\n|move|p2b: Atraco|Rock Slide|p1a: HEATTY|[spread] p1a\n|-activate|p1b: MAD AND BAD|move: Protect\n|-damage|p1a: HEATTY|68\/100\n|\n|-weather|SunnyDay|[upkeep]\n|-heal|p1a: HEATTY|74\/100|[from] item: Leftovers\n|upkeep\n|turn|12\n|\n|t:|1697799012\n|switch|p2a: Arcanine|Arcanine-Hisui, M|91\/100\n|switch|p1a: SNOWWWWW|Ninetales-Alola, F|17\/100\n|-weather|Snow|[from] ability: Snow Warning|[of] p1a: SNOWWWWW\n|move|p2b: Atraco|Stomping Tantrum|p1a: SNOWWWWW\n|-damage|p1a: SNOWWWWW|0 fnt\n|faint|p1a: SNOWWWWW\n|move|p1b: MAD AND BAD|Triple Axel|p2b: Atraco\n|-supereffective|p2b: Atraco\n|-damage|p2b: Atraco|40\/100\n|-supereffective|p2b: Atraco\n|-damage|p2b: Atraco|13\/100\n|-supereffective|p2b: Atraco\n|-damage|p2b: Atraco|0 fnt\n|faint|p2b: Atraco\n|-hitcount|p2: Atraco|3\n|-damage|p1b: MAD AND BAD|91\/100|[from] item: Life Orb\n|\n|-weather|Snow|[upkeep]\n|upkeep\n|j| ddddddabai\n|\n|t:|1697799021\n|switch|p1a: JETPIN|Palafin-Hero, F, tera:Water|37\/100 brn\n|switch|p2b: Tornadus|Tornadus, M|100\/100\n|turn|13\n|\n|t:|1697799031\n|move|p2b: Tornadus|Sunny Day|p2b: Tornadus\n|-weather|SunnyDay\n|move|p2a: Arcanine|Flare Blitz|p1b: MAD AND BAD\n|-supereffective|p1b: MAD AND BAD\n|-damage|p1b: MAD AND BAD|0 fnt\n|faint|p1b: MAD AND BAD\n|move|p1a: JETPIN|Wave Crash|p2b: Tornadus\n|-damage|p2b: Tornadus|74\/100\n|-damage|p1a: JETPIN|28\/100 brn|[from] Recoil\n|\n|-weather|SunnyDay|[upkeep]\n|-damage|p1a: JETPIN|22\/100 brn|[from] brn\n|upkeep\n|j| Nyx_The_Minx\n|-message|LAIDEN22 forfeited.\n|\n|win|fumbari 24\n|raw|LAIDEN22's rating: 1421 &rarr; <strong>1401<\/strong><br \/>(-20 for losing)\n|raw|fumbari 24's rating: 1416 &rarr; <strong>1436<\/strong><br \/>(+20 for winning)\n|l|\u2606LAIDEN22\n","uploadtime":1697799048,"views":10,"p1id":"laiden22","p2id":"fumbari24","formatid":"gen9nationaldexdoubles","rating":1401,"private":0,"password":""}