{"id":"gen9nationaldexdoubles-1958827032","p1":"Koge Takashii","p2":"Bootus Stankus","format":"[Gen 9] National Dex Doubles","log":"|j|\u2606Koge Takashii\n|j|\u2606Bootus Stankus\n|t:|1696360916\n|gametype|doubles\n|player|p1|Koge Takashii|brawly|1150\n|player|p2|Bootus Stankus|alder|1105\n|teamsize|p1|6\n|teamsize|p2|6\n|gen|9\n|tier|[Gen 9] National Dex Doubles\n|rated|\n|rule|HP Percentage Mod: HP is shown in percentages\n|rule|Endless Battle Clause: Forcing endless battles is banned\n|rule|OHKO Clause: OHKO moves are banned\n|rule|Evasion Moves Clause: Evasion moves are banned\n|rule|Evasion Abilities Clause: Evasion abilities are banned\n|rule|Species Clause: Limit one of each Pok\u00e9mon\n|rule|Gravity Sleep Clause: The combination of sleep-inducing moves with imperfect accuracy and Gravity or Gigantamax Orbeetle are banned\n|clearpoke\n|poke|p1|Gholdengo|\n|poke|p1|Volbeat, M|\n|poke|p1|Tropius, M|\n|poke|p1|Illumise, F|\n|poke|p1|Charizard, M|\n|poke|p1|Tyranitar, M|\n|poke|p2|Gourgeist-*, M|\n|poke|p2|Trevenant, M|\n|poke|p2|Flutter Mane|\n|poke|p2|Zoroark-Hisui, M|\n|poke|p2|Mimikyu, M|\n|poke|p2|Chandelure, F|\n|teampreview\n|\n|t:|1696360957\n|start\n|switch|p1a: Volbeat|Volbeat, M, shiny|100\/100\n|switch|p1b: Tyranitar|Tyranitar, M, shiny|100\/100\n|switch|p2a: Babby Costume|Mimikyu, M|100\/100\n|switch|p2b: Ghoul Gal|Flutter Mane|100\/100\n|-weather|Sandstorm|[from] ability: Sand Stream|[of] p1b: Tyranitar\n|-enditem|p2b: Ghoul Gal|Booster Energy\n|-activate|p2b: Ghoul Gal|ability: Protosynthesis|[fromitem]\n|-start|p2b: Ghoul Gal|protosynthesisspe\n|turn|1\n|\n|t:|1696361002\n|detailschange|p1b: Tyranitar|Tyranitar-Mega, M, shiny\n|-mega|p1b: Tyranitar|Tyranitar|Tyranitarite\n|-terastallize|p1a: Volbeat|Rock\n|move|p1a: Volbeat|Tailwind|p1a: Volbeat\n|-sidestart|p1: Koge Takashii|move: Tailwind\n|move|p2b: Ghoul Gal|Dazzling Gleam|p1b: Tyranitar|[spread] p1a,p1b\n|-supereffective|p1b: Tyranitar\n|-damage|p1a: Volbeat|78\/100\n|-damage|p1b: Tyranitar|68\/100\n|-enditem|p1a: Volbeat|Red Card|[of] p2b: Ghoul Gal\n|-end|p2b: Ghoul Gal|Protosynthesis|[silent]\n|drag|p2b: Eerie Lights|Chandelure, F|100\/100\n|move|p1b: Tyranitar|Taunt|p2a: Babby Costume\n|-start|p2a: Babby Costume|move: Taunt\n|replace|p2a: Specter Sport|Zoroark-Hisui, M\n|-end|p2a: Specter Sport|Illusion\n|-zpower|p2a: Specter Sport\n|move|p2a: Specter Sport|Z-Happy Hour|p2a: Specter Sport|[anim]Happy Hour\n|-boost|p2a: Specter Sport|atk|1|[zeffect]\n|-boost|p2a: Specter Sport|def|1|[zeffect]\n|-boost|p2a: Specter Sport|spa|1|[zeffect]\n|-boost|p2a: Specter Sport|spd|1|[zeffect]\n|-boost|p2a: Specter Sport|spe|1|[zeffect]\n|\n|-weather|Sandstorm|[upkeep]\n|-damage|p2a: Specter Sport|95\/100|[from] Sandstorm\n|-damage|p2b: Eerie Lights|94\/100|[from] Sandstorm\n|upkeep\n|turn|2\n|\n|t:|1696361078\n|move|p1a: Volbeat|Thunder Wave|p2a: Specter Sport\n|-status|p2a: Specter Sport|par\n|move|p1b: Tyranitar|Rock Slide|p2a: Specter Sport|[spread] p2a,p2b\n|-supereffective|p2b: Eerie Lights\n|-damage|p2a: Specter Sport|51\/100 par\n|-damage|p2b: Eerie Lights|16\/100\n|cant|p2a: Specter Sport|flinch\n|move|p2b: Eerie Lights|Energy Ball|p1a: Volbeat\n|-supereffective|p1a: Volbeat\n|-damage|p1a: Volbeat|28\/100\n|\n|-weather|Sandstorm|[upkeep]\n|-damage|p2a: Specter Sport|45\/100 par|[from] Sandstorm\n|-damage|p2b: Eerie Lights|10\/100|[from] Sandstorm\n|upkeep\n|turn|3\n|\n|t:|1696361106\n|move|p1b: Tyranitar|Rock Slide|p2a: Specter Sport|[spread] p2a,p2b\n|-supereffective|p2b: Eerie Lights\n|-damage|p2a: Specter Sport|0 fnt\n|-damage|p2b: Eerie Lights|0 fnt\n|faint|p2a: Specter Sport\n|faint|p2b: Eerie Lights\n|move|p1a: Volbeat|U-turn|p2: Specter Sport|[notarget]\n|-fail|p1a: Volbeat\n|\n|-weather|Sandstorm|[upkeep]\n|upkeep\n|\n|t:|1696361117\n|switch|p2a: Ghoul Gal|Flutter Mane|100\/100\n|switch|p2b: Decorative Tree|Trevenant, M|100\/100\n|turn|4\n|\n|t:|1696361143\n|move|p1a: Volbeat|Thunder Wave|p2a: Ghoul Gal\n|-status|p2a: Ghoul Gal|par\n|move|p1b: Tyranitar|Taunt|p2b: Decorative Tree\n|-start|p2b: Decorative Tree|move: Taunt\n|move|p2a: Ghoul Gal|Dazzling Gleam|p1b: Tyranitar|[spread] p1a,p1b\n|-supereffective|p1b: Tyranitar\n|-damage|p1a: Volbeat|5\/100\n|-damage|p1b: Tyranitar|37\/100\n|cant|p2b: Decorative Tree|move: Taunt|Leech Seed\n|\n|-weather|Sandstorm|[upkeep]\n|-damage|p2a: Ghoul Gal|95\/100 par|[from] Sandstorm\n|-damage|p2b: Decorative Tree|94\/100|[from] Sandstorm\n|-sideend|p1: Koge Takashii|move: Tailwind\n|upkeep\n|turn|5\n|\n|t:|1696361171\n|switch|p2b: Babby Costume|Mimikyu, M|100\/100\n|move|p1a: Volbeat|Thunder Wave|p2b: Babby Costume\n|-status|p2b: Babby Costume|par\n|move|p1b: Tyranitar|Rock Slide|p2b: Babby Costume|[spread] p2a,p2b\n|-damage|p2a: Ghoul Gal|22\/100 par\n|-activate|p2b: Babby Costume|ability: Disguise\n|-damage|p2b: Babby Costume|100\/100 par\n|detailschange|p2b: Babby Costume|Mimikyu-Busted, M\n|-damage|p2b: Babby Costume|88\/100 par|[from] pokemon: Mimikyu-Busted\n|move|p2a: Ghoul Gal|Misty Terrain|p2a: Ghoul Gal\n|-fieldstart|move: Misty Terrain\n|\n|-weather|none\n|upkeep\n|turn|6\n|\n|t:|1696361207\n|switch|p1b: Gholdengo|Gholdengo, shiny|100\/100\n|move|p1a: Volbeat|Tailwind|p1a: Volbeat\n|-sidestart|p1: Koge Takashii|move: Tailwind\n|move|p2b: Babby Costume|Trick|p1a: Volbeat\n|-activate|p2b: Babby Costume|move: Trick|[of] p1a: Volbeat\n|-item|p1a: Volbeat|Choice Scarf|[from] move: Trick\n|-enditem|p2b: Babby Costume|Choice Scarf|[silent]|[from] move: Trick\n|cant|p2a: Ghoul Gal|par\n|\n|upkeep\n|turn|7\n|\n|t:|1696361234\n|move|p1a: Volbeat|U-turn|p2a: Ghoul Gal\n|-resisted|p2a: Ghoul Gal\n|-damage|p2a: Ghoul Gal|12\/100 par\n|\n|t:|1696361241\n|switch|p1a: Tyranitar|Tyranitar-Mega, M, shiny|37\/100|[from] U-turn\n|-weather|Sandstorm|[from] ability: Sand Stream|[of] p1a: Tyranitar\n|move|p1b: Gholdengo|Make It Rain|p2a: Ghoul Gal|[spread] p2a,p2b\n|-supereffective|p2a: Ghoul Gal\n|-supereffective|p2b: Babby Costume\n|-damage|p2a: Ghoul Gal|0 fnt\n|-damage|p2b: Babby Costume|0 fnt\n|-unboost|p1b: Gholdengo|spa|1\n|faint|p2a: Ghoul Gal\n|-end|p2a: Ghoul Gal|Protosynthesis|[silent]\n|faint|p2b: Babby Costume\n|\n|-weather|Sandstorm|[upkeep]\n|upkeep\n|\n|t:|1696361252\n|switch|p2a: Jack o lantern|Gourgeist, M|100\/100\n|switch|p2b: Decorative Tree|Trevenant, M|94\/100\n|-enditem|p2a: Jack o lantern|Misty Seed\n|-boost|p2a: Jack o lantern|spd|1|[from] item: Misty Seed\n|turn|8\n|\n|t:|1696361287\n|move|p1b: Gholdengo|Nasty Plot|p1b: Gholdengo\n|-boost|p1b: Gholdengo|spa|2\n|move|p1a: Tyranitar|Taunt|p2b: Decorative Tree\n|-start|p2b: Decorative Tree|move: Taunt\n|move|p2a: Jack o lantern|Leech Seed|p1a: Tyranitar\n|-start|p1a: Tyranitar|move: Leech Seed\n|move|p2b: Decorative Tree|Phantom Force||[still]\n|-prepare|p2b: Decorative Tree|Phantom Force\n|\n|-weather|Sandstorm|[upkeep]\n|-damage|p2a: Jack o lantern|94\/100|[from] Sandstorm\n|-damage|p2b: Decorative Tree|88\/100|[from] Sandstorm\n|-damage|p1a: Tyranitar|24\/100|[from] Leech Seed|[of] p2a: Jack o lantern\n|-heal|p2a: Jack o lantern|100\/100|[silent]\n|upkeep\n|turn|9\n|\n|t:|1696361315\n|move|p1b: Gholdengo|Make It Rain|p2a: Jack o lantern|[spread] p2a\n|-miss|p1b: Gholdengo|p2b: Decorative Tree\n|-crit|p2a: Jack o lantern\n|-damage|p2a: Jack o lantern|0 fnt\n|-unboost|p1b: Gholdengo|spa|1\n|faint|p2a: Jack o lantern\n|move|p1a: Tyranitar|Taunt|p2b: Decorative Tree|[miss]\n|-miss|p1a: Tyranitar|p2b: Decorative Tree\n|move|p2b: Decorative Tree|Phantom Force|p1b: Gholdengo|[from]lockedmove\n|-supereffective|p1b: Gholdengo\n|-damage|p1b: Gholdengo|22\/100\n|\n|-weather|Sandstorm|[upkeep]\n|-damage|p2b: Decorative Tree|82\/100|[from] Sandstorm\n|-sideend|p1: Koge Takashii|move: Tailwind\n|-fieldend|Misty Terrain\n|upkeep\n|turn|10\n|-message|Bootus Stankus forfeited.\n|\n|win|Koge Takashii\n|raw|Koge Takashii's rating: 1150 &rarr; <strong>1172<\/strong><br \/>(+22 for winning)\n|raw|Bootus Stankus's rating: 1105 &rarr; <strong>1083<\/strong><br \/>(-22 for losing)\n|l|\u2606Bootus Stankus\n","uploadtime":1696361513,"views":8,"p1id":"kogetakashii","p2id":"bootusstankus","formatid":"gen9nationaldexdoubles","rating":1083,"private":0,"password":""}