{"id":"gen9nationaldexdoubles-1965632469","p1":"Schuey_007","p2":"sniper12138","format":"[Gen 9] National Dex Doubles","log":"|j|\u2606Schuey_007\n|j|\u2606sniper12138\n|t:|1697100120\n|gametype|doubles\n|player|p1|Schuey_007|benga|1141\n|player|p2|sniper12138|170|1088\n|teamsize|p1|6\n|teamsize|p2|6\n|gen|9\n|tier|[Gen 9] National Dex Doubles\n|rated|\n|rule|HP Percentage Mod: HP is shown in percentages\n|rule|Endless Battle Clause: Forcing endless battles is banned\n|rule|OHKO Clause: OHKO moves are banned\n|rule|Evasion Moves Clause: Evasion moves are banned\n|rule|Evasion Abilities Clause: Evasion abilities are banned\n|rule|Species Clause: Limit one of each Pok\u00e9mon\n|rule|Gravity Sleep Clause: The combination of sleep-inducing moves with imperfect accuracy and Gravity or Gigantamax Orbeetle are banned\n|clearpoke\n|poke|p1|Glimmora, F|\n|poke|p1|Clodsire, M|\n|poke|p1|Toxapex, F|\n|poke|p1|Ariados, M|\n|poke|p1|Fezandipiti, M|\n|poke|p1|Sneasler, M|\n|poke|p2|Hatterene, F|\n|poke|p2|Sinistcha-Masterpiece|\n|poke|p2|Ursaluna-Bloodmoon, M|\n|poke|p2|Scizor, F|\n|poke|p2|Ferrothorn, M|\n|poke|p2|Baxcalibur, M|\n|teampreview\n|\n|t:|1697100132\n|start\n|switch|p1a: Glimmora|Glimmora, F|100\/100\n|switch|p1b: Ariados|Ariados, M|100\/100\n|switch|p2a: Hatterene|Hatterene, F|100\/100\n|switch|p2b: Scizor|Scizor, F|100\/100\n|turn|1\n|\n|t:|1697100153\n|detailschange|p2b: Scizor|Scizor-Mega, F\n|-mega|p2b: Scizor|Scizor|Scizorite\n|move|p1a: Glimmora|Earth Power|p2b: Scizor\n|-damage|p2b: Scizor|71\/100\n|move|p1b: Ariados|Sticky Web|p2a: Hatterene\n|move|p2a: Hatterene|Sticky Web|p1b: Ariados|[from]ability: Magic Bounce\n|-sidestart|p1: Schuey_007|move: Sticky Web\n|move|p2b: Scizor|Swords Dance|p2b: Scizor\n|-boost|p2b: Scizor|atk|2\n|move|p2a: Hatterene|Trick Room|p2a: Hatterene\n|-fieldstart|move: Trick Room|[of] p2a: Hatterene\n|\n|upkeep\n|turn|2\n|\n|t:|1697100172\n|move|p2b: Scizor|Detect|p2b: Scizor\n|-singleturn|p2b: Scizor|Protect\n|move|p2a: Hatterene|Misty Explosion|p1b: Ariados|[spread] p1a,p1b\n|-activate|p2b: Scizor|move: Protect\n|-resisted|p1a: Glimmora\n|-resisted|p1b: Ariados\n|-damage|p1a: Glimmora|70\/100\n|-damage|p1b: Ariados|62\/100\n|faint|p2a: Hatterene\n|move|p1b: Ariados|Swords Dance|p1b: Ariados\n|-boost|p1b: Ariados|atk|2\n|move|p1a: Glimmora|Earth Power|p2b: Scizor\n|-activate|p2b: Scizor|move: Protect\n|\n|upkeep\n|\n|t:|1697100189\n|switch|p2a: Ursaluna|Ursaluna-Bloodmoon, M|100\/100\n|turn|3\n|\n|t:|1697100201\n|move|p2b: Scizor|Bullet Punch|p1a: Glimmora\n|-supereffective|p1a: Glimmora\n|-damage|p1a: Glimmora|0 fnt\n|-activate|p1a: Glimmora|ability: Toxic Debris\n|-sidestart|p2: sniper12138|move: Toxic Spikes\n|faint|p1a: Glimmora\n|move|p2a: Ursaluna|Blood Moon|p1b: Ariados\n|-damage|p1b: Ariados|0 fnt\n|faint|p1b: Ariados\n|\n|upkeep\n|\n|t:|1697100207\n|switch|p1b: Toxapex|Toxapex, F|100\/100\n|switch|p1a: Clodsire|Clodsire, M|100\/100\n|-activate|p1a: Clodsire|move: Sticky Web\n|-unboost|p1a: Clodsire|spe|1\n|-activate|p1b: Toxapex|move: Sticky Web\n|-unboost|p1b: Toxapex|spe|1\n|turn|4\n|\n|t:|1697100232\n|move|p1a: Clodsire|Stealth Rock|p2b: Scizor\n|-sidestart|p2: sniper12138|move: Stealth Rock\n|move|p1b: Toxapex|Haze|p1b: Toxapex\n|-clearallboost\n|-zpower|p2a: Ursaluna\n|move|p2a: Ursaluna|Breakneck Blitz|p1a: Clodsire|[zeffect]\n|-damage|p1a: Clodsire|25\/100\n|move|p2b: Scizor|Swords Dance|p2b: Scizor\n|-boost|p2b: Scizor|atk|2\n|\n|-heal|p1a: Clodsire|31\/100|[from] item: Leftovers\n|upkeep\n|turn|5\n|\n|t:|1697100249\n|move|p2b: Scizor|Bullet Punch|p1a: Clodsire\n|-damage|p1a: Clodsire|0 fnt\n|faint|p1a: Clodsire\n|move|p1b: Toxapex|Chilling Water|p2a: Ursaluna\n|-supereffective|p2a: Ursaluna\n|-damage|p2a: Ursaluna|78\/100\n|-unboost|p2a: Ursaluna|atk|1\n|move|p2a: Ursaluna|Blood Moon|p1b: Toxapex\n|-damage|p1b: Toxapex|36\/100\n|\n|-heal|p1b: Toxapex|42\/100|[from] item: Black Sludge\n|-fieldend|move: Trick Room\n|upkeep\n|\n|t:|1697100257\n|switch|p1a: Fezandipiti|Fezandipiti, M|100\/100\n|-activate|p1a: Fezandipiti|move: Sticky Web\n|-unboost|p1a: Fezandipiti|spe|1\n|turn|6\n|\n|t:|1697100268\n|move|p2b: Scizor|Bullet Punch|p1a: Fezandipiti\n|-supereffective|p1a: Fezandipiti\n|-damage|p1a: Fezandipiti|0 fnt\n|faint|p1a: Fezandipiti\n|move|p2a: Ursaluna|Vacuum Wave|p1b: Toxapex\n|-resisted|p1b: Toxapex\n|-damage|p1b: Toxapex|36\/100\n|move|p1b: Toxapex|Chilling Water|p2a: Ursaluna\n|-supereffective|p2a: Ursaluna\n|-damage|p2a: Ursaluna|57\/100\n|-unboost|p2a: Ursaluna|atk|1\n|\n|-heal|p1b: Toxapex|42\/100|[from] item: Black Sludge\n|upkeep\n|\n|t:|1697100279\n|switch|p1a: Sneasler|Sneasler, M|100\/100\n|-activate|p1a: Sneasler|move: Sticky Web\n|-unboost|p1a: Sneasler|spe|1\n|turn|7\n|\n|t:|1697100291\n|move|p2b: Scizor|Bullet Punch|p1a: Sneasler\n|-damage|p1a: Sneasler|0 fnt\n|faint|p1a: Sneasler\n|move|p2a: Ursaluna|Earth Power|p1b: Toxapex\n|-supereffective|p1b: Toxapex\n|-damage|p1b: Toxapex|0 fnt\n|faint|p1b: Toxapex\n|\n|win|sniper12138\n|raw|Schuey_007's rating: 1141 &rarr; <strong>1112<\/strong><br \/>(-29 for losing)\n|raw|sniper12138's rating: 1088 &rarr; <strong>1119<\/strong><br \/>(+31 for winning)\n|l|\u2606Schuey_007\n","uploadtime":1697100302,"views":9,"p1id":"schuey007","p2id":"sniper12138","formatid":"gen9nationaldexdoubles","rating":1112,"private":0,"password":""}