{"id":"gen9nationaldexdoubles-1959810880","p1":"MageDream\/UHE","p2":"NotArusef","format":"[Gen 9] National Dex Doubles","log":"|j|\u2606MageDream\/UHE\n|j|\u2606NotArusef\n|t:|1696457565\n|gametype|doubles\n|player|p1|MageDream\/UHE|chuck|1281\n|player|p2|NotArusef|pokemonranger-gen4|1181\n|teamsize|p1|6\n|teamsize|p2|6\n|gen|9\n|tier|[Gen 9] National Dex Doubles\n|rated|\n|rule|HP Percentage Mod: HP is shown in percentages\n|rule|Endless Battle Clause: Forcing endless battles is banned\n|rule|OHKO Clause: OHKO moves are banned\n|rule|Evasion Moves Clause: Evasion moves are banned\n|rule|Evasion Abilities Clause: Evasion abilities are banned\n|rule|Species Clause: Limit one of each Pok\u00e9mon\n|rule|Gravity Sleep Clause: The combination of sleep-inducing moves with imperfect accuracy and Gravity or Gigantamax Orbeetle are banned\n|clearpoke\n|poke|p1|Goodra-Hisui, F|\n|poke|p1|Dipplin, M|\n|poke|p1|Malamar, M|\n|poke|p1|Beedrill, M|\n|poke|p1|Ninetales-Alola, M|\n|poke|p1|Marowak-Alola, F|\n|poke|p2|Stunfisk-Galar, M|\n|poke|p2|Slowking-Galar, M|\n|poke|p2|Slowbro, F|\n|poke|p2|Runerigus, M|\n|poke|p2|Sableye, F|\n|poke|p2|Cradily, F|\n|teampreview\n|inactive|Battle timer is ON: inactive players will automatically lose when time's up. (requested by NotArusef)\n|\n|t:|1696457583\n|start\n|switch|p1a: Goodra|Goodra-Hisui, F|100\/100\n|switch|p1b: Marowak|Marowak-Alola, F|100\/100\n|switch|p2a: Runerigus|Runerigus, M|100\/100\n|switch|p2b: Sableye|Sableye, F|100\/100\n|turn|1\n|inactive|MageDream\/UHE has 120 seconds left.\n|inactive|MageDream\/UHE has 90 seconds left.\n|\n|t:|1696457648\n|move|p2b: Sableye|Taunt|p1a: Goodra\n|-start|p1a: Goodra|move: Taunt\n|move|p1b: Marowak|Rock Slide|p2b: Sableye|[spread] p2a\n|-miss|p1b: Marowak|p2b: Sableye\n|-resisted|p2a: Runerigus\n|-damage|p2a: Runerigus|88\/100\n|move|p1a: Goodra|Ice Beam|p2a: Runerigus\n|-supereffective|p2a: Runerigus\n|-damage|p2a: Runerigus|32\/100\n|-damage|p1a: Goodra|91\/100|[from] item: Life Orb\n|move|p2a: Runerigus|Trick Room|p2a: Runerigus\n|-fieldstart|move: Trick Room|[of] p2a: Runerigus\n|\n|upkeep\n|turn|2\n|inactive|MageDream\/UHE has 90 seconds left.\n|inactive|NotArusef has 120 seconds left.\n|\n|t:|1696457696\n|switch|p2a: Stunfisk|Stunfisk-Galar, M|100\/100\n|-terastallize|p1b: Marowak|Water\n|move|p2b: Sableye|Knock Off|p1b: Marowak\n|-damage|p1b: Marowak|74\/100\n|-enditem|p1b: Marowak|Thick Club|[from] move: Knock Off|[of] p2b: Sableye\n|move|p1a: Goodra|Earthquake|p2a: Stunfisk|[spread] p1b,p2a,p2b\n|-supereffective|p2a: Stunfisk\n|-damage|p1b: Marowak|51\/100\n|-damage|p2a: Stunfisk|63\/100\n|-damage|p2b: Sableye|78\/100\n|-damage|p1a: Goodra|81\/100|[from] item: Life Orb\n|move|p1b: Marowak|Flare Blitz|p2b: Sableye\n|-damage|p2b: Sableye|32\/100\n|-damage|p1b: Marowak|37\/100|[from] Recoil\n|\n|upkeep\n|turn|3\n|inactive|MageDream\/UHE has 90 seconds left.\n|\n|t:|1696457727\n|switch|p1a: Dipplin|Dipplin, M, shiny|100\/100\n|move|p2b: Sableye|Reflect|p2b: Sableye\n|-sidestart|p2: NotArusef|Reflect\n|move|p2a: Stunfisk|Curse|p2a: Stunfisk\n|-unboost|p2a: Stunfisk|spe|1\n|-boost|p2a: Stunfisk|atk|1\n|-boost|p2a: Stunfisk|def|1\n|move|p1b: Marowak|Bulldoze|p2b: Sableye|[spread] p1a,p2a,p2b\n|-resisted|p1a: Dipplin\n|-supereffective|p2a: Stunfisk\n|-damage|p1a: Dipplin|97\/100\n|-damage|p2a: Stunfisk|55\/100\n|-damage|p2b: Sableye|23\/100\n|-unboost|p1a: Dipplin|spe|1\n|-unboost|p2a: Stunfisk|spe|1\n|-unboost|p2b: Sableye|spe|1\n|\n|upkeep\n|turn|4\n|inactive|MageDream\/UHE has 60 seconds left.\n|\n|t:|1696457759\n|move|p2a: Stunfisk|Curse|p2a: Stunfisk\n|-unboost|p2a: Stunfisk|spe|1\n|-boost|p2a: Stunfisk|atk|1\n|-boost|p2a: Stunfisk|def|1\n|move|p1a: Dipplin|Syrup Bomb|p2a: Stunfisk|[miss]\n|-miss|p1a: Dipplin|p2a: Stunfisk\n|move|p2b: Sableye|Knock Off|p1a: Dipplin\n|-damage|p1a: Dipplin|82\/100\n|-activate|p1a: Dipplin|ability: Sticky Hold\n|move|p1b: Marowak|Shadow Bone|p2b: Sableye\n|-damage|p2b: Sableye|0 fnt\n|faint|p2b: Sableye\n|\n|upkeep\n|inactive|NotArusef has 120 seconds left.\n|\n|t:|1696457781\n|switch|p2b: Slowking|Slowking-Galar, M|100\/100\n|turn|5\n|\n|t:|1696457802\n|switch|p1b: Goodra|Goodra-Hisui, F|81\/100\n|move|p2a: Stunfisk|Stomping Tantrum|p1b: Goodra\n|-supereffective|p1b: Goodra\n|-damage|p1b: Goodra|0 fnt\n|faint|p1b: Goodra\n|move|p1a: Dipplin|Dragon Breath|p2b: Slowking\n|-damage|p2b: Slowking|80\/100\n|move|p2b: Slowking|Sludge Bomb|p1a: Dipplin\n|-supereffective|p1a: Dipplin\n|-damage|p1a: Dipplin|13\/100\n|\n|-heal|p2b: Slowking|86\/100|[from] item: Black Sludge\n|-fieldend|move: Trick Room\n|upkeep\n|\n|t:|1696457816\n|switch|p1b: Beedrill|Beedrill, M|100\/100\n|turn|6\n|\n|t:|1696457827\n|detailschange|p1b: Beedrill|Beedrill-Mega, M\n|-mega|p1b: Beedrill|Beedrill|Beedrillite\n|move|p1b: Beedrill|Pin Missile|p2b: Slowking\n|-damage|p2b: Slowking|75\/100\n|-damage|p2b: Slowking|62\/100\n|-damage|p2b: Slowking|51\/100\n|-damage|p2b: Slowking|39\/100\n|-hitcount|p2b: Slowking|4\n|move|p1a: Dipplin|Syrup Bomb|p2a: Stunfisk\n|-damage|p2a: Stunfisk|30\/100\n|-start|p2a: Stunfisk|Syrup Bomb\n|move|p2a: Stunfisk|Stomping Tantrum|p1b: Beedrill\n|-damage|p1b: Beedrill|0 fnt\n|faint|p1b: Beedrill\n|move|p2b: Slowking|Trick Room|p2b: Slowking\n|-fieldstart|move: Trick Room|[of] p2b: Slowking\n|\n|-heal|p2b: Slowking|45\/100|[from] item: Black Sludge\n|-unboost|p2a: Stunfisk|spe|1\n|upkeep\n|\n|t:|1696457843\n|switch|p1b: Marowak|Marowak-Alola, F, tera:Water|37\/100\n|turn|7\n|inactive|MageDream\/UHE has 90 seconds left.\n|\n|t:|1696457864\n|move|p2a: Stunfisk|Metal Claw|p1a: Dipplin\n|-damage|p1a: Dipplin|0 fnt\n|faint|p1a: Dipplin\n|move|p2b: Slowking|Sludge Bomb|p1b: Marowak\n|-damage|p1b: Marowak|0 fnt\n|faint|p1b: Marowak\n|\n|-heal|p2b: Slowking|51\/100|[from] item: Black Sludge\n|-unboost|p2a: Stunfisk|spe|1\n|upkeep\n|\n|t:|1696457875\n|switch|p1a: Malamar|Malamar, M|100\/100\n|switch|p1b: Ninetales|Ninetales-Alola, M|100\/100\n|-weather|Snow|[from] ability: Snow Warning|[of] p1b: Ninetales\n|turn|8\n|inactive|MageDream\/UHE has 90 seconds left.\n|\n|t:|1696457891\n|move|p2a: Stunfisk|Metal Claw|p1b: Ninetales\n|-supereffective|p1b: Ninetales\n|-damage|p1b: Ninetales|0 fnt\n|faint|p1b: Ninetales\n|move|p2b: Slowking|Sludge Bomb|p1a: Malamar\n|-damage|p1a: Malamar|48\/100\n|move|p1a: Malamar|Night Slash|p2b: Slowking\n|-supereffective|p2b: Slowking\n|-damage|p2b: Slowking|7\/100\n|\n|-weather|Snow|[upkeep]\n|-heal|p2b: Slowking|13\/100|[from] item: Black Sludge\n|-end|p2a: Stunfisk|Syrup Bomb\n|upkeep\n|turn|9\n|-message|MageDream\/UHE forfeited.\n|\n|win|NotArusef\n|raw|MageDream&#x2f;UHE's rating: 1281 &rarr; <strong>1249<\/strong><br \/>(-32 for losing)\n|raw|NotArusef's rating: 1181 &rarr; <strong>1213<\/strong><br \/>(+32 for winning)\n|l|\u2606MageDream\/UHE\n","uploadtime":1696457907,"views":12,"p1id":"magedreamuhe","p2id":"notarusef","formatid":"gen9nationaldexdoubles","rating":1213,"private":0,"password":""}