{"id":"gen9nationaldexdoubles-1954813612","p1":"fifier","p2":"SakiiTenma","format":"[Gen 9] National Dex Doubles","log":"|j|\u2606fifier\n|j|\u2606SakiiTenma\n|t:|1695928067\n|gametype|doubles\n|player|p1|fifier|266|\n|player|p2|SakiiTenma|yellow|\n|teamsize|p1|6\n|teamsize|p2|6\n|gen|9\n|tier|[Gen 9] National Dex Doubles\n|rule|HP Percentage Mod: HP is shown in percentages\n|rule|Endless Battle Clause: Forcing endless battles is banned\n|rule|OHKO Clause: OHKO moves are banned\n|rule|Evasion Moves Clause: Evasion moves are banned\n|rule|Evasion Abilities Clause: Evasion abilities are banned\n|rule|Species Clause: Limit one of each Pok\u00e9mon\n|rule|Gravity Sleep Clause: The combination of sleep-inducing moves with imperfect accuracy and Gravity or Gigantamax Orbeetle are banned\n|clearpoke\n|poke|p1|Ogerpon-Hearthflame, F|\n|poke|p1|Chi-Yu|\n|poke|p1|Heatran, F|\n|poke|p1|Rotom-Heat|\n|poke|p1|Arcanine, F|\n|poke|p1|Charizard, M|\n|poke|p2|Indeedee-F, F|\n|poke|p2|Kangaskhan, F|\n|poke|p2|Zoroark-Hisui, F|\n|poke|p2|Porygon2|\n|poke|p2|Staraptor, M|\n|poke|p2|Ursaluna-Bloodmoon, M|\n|teampreview\n|j| El_Gran_Wigglytuff\n|\n|t:|1695928100\n|start\n|switch|p1a: Chi-Yu|Chi-Yu|100\/100\n|switch|p1b: Rotom|Rotom-Heat|100\/100\n|switch|p2a: Staraptor|Staraptor, M|100\/100\n|switch|p2b: Porygon2|Porygon2|100\/100\n|-ability|p2a: Staraptor|Intimidate|boost\n|-unboost|p1a: Chi-Yu|atk|1\n|-unboost|p1b: Rotom|atk|1\n|-ability|p1a: Chi-Yu|Beads of Ruin\n|-ability|p2b: Porygon2|Download|boost\n|-boost|p2b: Porygon2|atk|1\n|turn|1\n|\n|t:|1695928143\n|move|p1a: Chi-Yu|Protect|p1a: Chi-Yu\n|-singleturn|p1a: Chi-Yu|Protect\n|move|p2a: Staraptor|U-turn|p1b: Rotom\n|-resisted|p1b: Rotom\n|-damage|p1b: Rotom|82\/100\n|\n|t:|1695928153\n|switch|p2a: Kangaskhan|Kangaskhan, F|100\/100|[from] U-turn\n|move|p1b: Rotom|Volt Switch|p2a: Kangaskhan\n|-damage|p2a: Kangaskhan|30\/100\n|replace|p2a: Zoroark|Zoroark-Hisui, F\n|-end|p2a: Zoroark|Illusion\n|\n|t:|1695928175\n|switch|p1b: Heatran|Heatran, F|100\/100|[from] Volt Switch\n|move|p2b: Porygon2|Tri Attack|p1a: Chi-Yu\n|-activate|p1a: Chi-Yu|move: Protect\n|\n|upkeep\n|turn|2\n|\n|t:|1695928197\n|switch|p1a: Charizard|Charizard, M|100\/100\n|-terastallize|p1b: Heatran|Grass\n|move|p2a: Zoroark|Bitter Malice|p1b: Heatran\n|-damage|p1b: Heatran|47\/100\n|-unboost|p1b: Heatran|atk|1\n|move|p1b: Heatran|Magma Storm|p2b: Porygon2\n|-damage|p2b: Porygon2|76\/100\n|-activate|p2b: Porygon2|move: Magma Storm|[of] p1b: Heatran\n|move|p2b: Porygon2|Tri Attack|p1a: Charizard\n|-damage|p1a: Charizard|65\/100\n|\n|-heal|p1b: Heatran|53\/100|[from] item: Leftovers\n|-damage|p2b: Porygon2|64\/100|[from] move: Magma Storm|[partiallytrapped]\n|upkeep\n|turn|3\n|c|\u2606fifier|heatran mi planta favorito\n|\n|t:|1695928222\n|detailschange|p1a: Charizard|Charizard-Mega-Y, M\n|-mega|p1a: Charizard|Charizard|Charizardite Y\n|-weather|SunnyDay|[from] ability: Drought|[of] p1a: Charizard\n|move|p1a: Charizard|Protect|p1a: Charizard\n|-singleturn|p1a: Charizard|Protect\n|move|p2a: Zoroark|Bitter Malice|p1b: Heatran\n|-damage|p1b: Heatran|5\/100\n|-unboost|p1b: Heatran|atk|1\n|move|p1b: Heatran|Flash Cannon|p2a: Zoroark\n|-damage|p2a: Zoroark|0 fnt\n|faint|p2a: Zoroark\n|move|p2b: Porygon2|Tri Attack|p1b: Heatran\n|-damage|p1b: Heatran|0 fnt\n|faint|p1b: Heatran\n|\n|-weather|SunnyDay|[upkeep]\n|-end|p2b: Porygon2|Magma Storm|[partiallytrapped]|[silent]\n|upkeep\n|c|\u2606fifier|jrewoifhusdhfjiksd\n|\n|t:|1695928255\n|switch|p2a: Ursaluna|Ursaluna-Bloodmoon, M|100\/100\n|switch|p1b: Ogerpon|Ogerpon-Hearthflame, F|100\/100\n|-ability|p1b: Ogerpon|Mold Breaker\n|turn|4\n|\n|t:|1695928272\n|move|p2a: Ursaluna|Protect|p2a: Ursaluna\n|-singleturn|p2a: Ursaluna|Protect\n|move|p1b: Ogerpon|Ivy Cudgel|p2b: Porygon2\n|-damage|p2b: Porygon2|9\/100\n|move|p1a: Charizard|Flamethrower|p2b: Porygon2\n|-damage|p2b: Porygon2|0 fnt\n|faint|p2b: Porygon2\n|\n|-weather|SunnyDay|[upkeep]\n|upkeep\n|\n|t:|1695928287\n|switch|p2b: Staraptor|Staraptor, M|100\/100\n|-ability|p2b: Staraptor|Intimidate|boost\n|-unboost|p1a: Charizard|atk|1\n|-unboost|p1b: Ogerpon|atk|1\n|turn|5\n|\n|t:|1695928301\n|switch|p1b: Arcanine|Arcanine, F|100\/100\n|-ability|p1b: Arcanine|Intimidate|boost\n|-unboost|p2a: Ursaluna|atk|1\n|-unboost|p2b: Staraptor|atk|1\n|move|p2b: Staraptor|Return|p1b: Arcanine\n|-damage|p1b: Arcanine|45\/100\n|move|p1a: Charizard|Air Slash|p2a: Ursaluna\n|-damage|p2a: Ursaluna|48\/100\n|cant|p2a: Ursaluna|flinch\n|\n|-weather|SunnyDay|[upkeep]\n|upkeep\n|turn|6\n|c|\u2606fifier|xd\n|c| El_Gran_Wigglytuff|Entonces...\n|c|\u2606fifier|hago la de marcos\n|c| El_Gran_Wigglytuff|Se sigue contando la victoria de Zephyr?\n|c|\u2606fifier|contra marcos?\n|c| El_Gran_Wigglytuff|Sobre Marcos, digo\n|c|\u2606fifier|si\n|\n|t:|1695928338\n|move|p1b: Arcanine|Protect|p1b: Arcanine\n|-singleturn|p1b: Arcanine|Protect\n|move|p2b: Staraptor|Return|p1b: Arcanine\n|-activate|p1b: Arcanine|move: Protect\n|move|p1a: Charizard|Flamethrower|p2b: Staraptor\n|-crit|p2b: Staraptor\n|-damage|p2b: Staraptor|0 fnt\n|faint|p2b: Staraptor\n|-zpower|p2a: Ursaluna\n|move|p2a: Ursaluna|Breakneck Blitz|p1a: Charizard|[zeffect]\n|-damage|p1a: Charizard|0 fnt\n|faint|p1a: Charizard\n|\n|-weather|SunnyDay|[upkeep]\n|upkeep\n|\n|t:|1695928364\n|switch|p1a: Chi-Yu|Chi-Yu|100\/100\n|switch|p2b: Indeedee|Indeedee-F, F|100\/100\n|-ability|p1a: Chi-Yu|Beads of Ruin\n|-fieldstart|move: Psychic Terrain|[from] ability: Psychic Surge|[of] p2b: Indeedee\n|-enditem|p2b: Indeedee|Psychic Seed\n|-boost|p2b: Indeedee|spd|1|[from] item: Psychic Seed\n|turn|7\n|\n|t:|1695928402\n|move|p2b: Indeedee|Follow Me|p2b: Indeedee\n|-singleturn|p2b: Indeedee|move: Follow Me\n|move|p1a: Chi-Yu|Heat Wave|p2a: Ursaluna|[spread] p2a,p2b\n|-damage|p2a: Ursaluna|0 fnt\n|-damage|p2b: Indeedee|55\/100\n|faint|p2a: Ursaluna\n|move|p1b: Arcanine|Flare Blitz|p2b: Indeedee\n|-damage|p2b: Indeedee|0 fnt\n|faint|p2b: Indeedee\n|-damage|p1b: Arcanine|29\/100|[from] Recoil\n|\n|-weather|none\n|upkeep\n|\n|t:|1695928408\n|switch|p2b: Kangaskhan|Kangaskhan, F|100\/100\n|turn|8\n|\n|t:|1695928418\n|detailschange|p2b: Kangaskhan|Kangaskhan-Mega, F\n|-mega|p2b: Kangaskhan|Kangaskhan|Kangaskhanite\n|move|p2b: Kangaskhan|Frustration|p1a: Chi-Yu\n|-damage|p1a: Chi-Yu|29\/100\n|-damage|p1a: Chi-Yu|12\/100\n|-hitcount|p1a: Chi-Yu|2\n|move|p1a: Chi-Yu|Nasty Plot|p1a: Chi-Yu\n|-boost|p1a: Chi-Yu|spa|2\n|move|p1b: Arcanine|Will-O-Wisp|p2b: Kangaskhan\n|-status|p2b: Kangaskhan|brn\n|\n|-damage|p2b: Kangaskhan|95\/100 brn|[from] brn\n|upkeep\n|turn|9\n|-message|SakiiTenma forfeited.\n|\n|win|fifier\n|l|\u2606SakiiTenma\n|c|\u2606fifier|gg\n","uploadtime":1695928430,"views":10,"p1id":"fifier","p2id":"sakiitenma","formatid":"gen9nationaldexdoubles","rating":0,"private":0,"password":""}