{"id":"gen9nationaldexdoubles-1959889533","p1":"Theadonia","p2":"sabertooth290","format":"[Gen 9] National Dex Doubles","log":"|j|\u2606Theadonia\n|j|\u2606sabertooth290\n|t:|1696465566\n|gametype|doubles\n|player|p1|Theadonia|caitlin|1169\n|player|p2|sabertooth290|clay|1156\n|teamsize|p1|6\n|teamsize|p2|6\n|gen|9\n|tier|[Gen 9] National Dex Doubles\n|rated|\n|rule|HP Percentage Mod: HP is shown in percentages\n|rule|Endless Battle Clause: Forcing endless battles is banned\n|rule|OHKO Clause: OHKO moves are banned\n|rule|Evasion Moves Clause: Evasion moves are banned\n|rule|Evasion Abilities Clause: Evasion abilities are banned\n|rule|Species Clause: Limit one of each Pok\u00e9mon\n|rule|Gravity Sleep Clause: The combination of sleep-inducing moves with imperfect accuracy and Gravity or Gigantamax Orbeetle are banned\n|clearpoke\n|poke|p1|Delphox, M|\n|poke|p1|Oricorio-Sensu, F|\n|poke|p1|Kommo-o, M|\n|poke|p1|Riolu, F|\n|poke|p1|Cresselia, F|\n|poke|p1|Smeargle, M|\n|poke|p2|Charizard, M|\n|poke|p2|Whimsicott, F|\n|poke|p2|Sableye, F|\n|poke|p2|Ursaluna-Bloodmoon, M|\n|poke|p2|Amoonguss, F|\n|poke|p2|Toxapex, F|\n|teampreview\n|inactive|Battle timer is ON: inactive players will automatically lose when time's up. (requested by sabertooth290)\n|\n|t:|1696465577\n|start\n|switch|p1a: Kommo-o|Kommo-o, M, shiny|100\/100\n|switch|p1b: Smeargle|Smeargle, M|100\/100\n|switch|p2a: Amoonguss|Amoonguss, F|100\/100\n|switch|p2b: Sableye|Sableye, F|100\/100\n|turn|1\n|\n|t:|1696465583\n|move|p2b: Sableye|Will-O-Wisp|p1a: Kommo-o\n|-status|p1a: Kommo-o|brn\n|move|p1b: Smeargle|Simple Beam|p1a: Kommo-o\n|-endability|p1a: Kommo-o|Soundproof|[from] move: Simple Beam\n|-ability|p1a: Kommo-o|Simple|[from] move: Simple Beam\n|-zpower|p1a: Kommo-o\n|move|p1a: Kommo-o|Clangorous Soulblaze|p2b: Sableye|[zeffect]|[spread] p2a,p2b\n|-crit|p2a: Amoonguss\n|-damage|p2a: Amoonguss|34\/100\n|-damage|p2b: Sableye|27\/100\n|-boost|p1a: Kommo-o|atk|2\n|-boost|p1a: Kommo-o|def|2\n|-boost|p1a: Kommo-o|spa|2\n|-boost|p1a: Kommo-o|spd|2\n|-boost|p1a: Kommo-o|spe|2\n|move|p2a: Amoonguss|Spore|p1b: Smeargle\n|-status|p1b: Smeargle|slp|[from] move: Spore\n|\n|-heal|p2b: Sableye|33\/100|[from] item: Leftovers\n|-heal|p2a: Amoonguss|40\/100|[from] item: Leftovers\n|-damage|p1a: Kommo-o|94\/100 brn|[from] brn\n|upkeep\n|turn|2\n|\n|t:|1696465605\n|switch|p1b: Cresselia|Cresselia, F|100\/100\n|move|p2a: Amoonguss|Rage Powder|p2a: Amoonguss\n|-singleturn|p2a: Amoonguss|move: Rage Powder\n|move|p1a: Kommo-o|Poison Jab|p2a: Amoonguss\n|-damage|p2a: Amoonguss|20\/100\n|move|p2b: Sableye|Hex|p1a: Kommo-o\n|-damage|p1a: Kommo-o|70\/100 brn\n|\n|-heal|p2b: Sableye|39\/100|[from] item: Leftovers\n|-heal|p2a: Amoonguss|26\/100|[from] item: Leftovers\n|-damage|p1a: Kommo-o|63\/100 brn|[from] brn\n|upkeep\n|turn|3\n|\n|t:|1696465625\n|move|p1a: Kommo-o|Poison Jab|p2a: Amoonguss\n|-damage|p2a: Amoonguss|7\/100\n|move|p1b: Cresselia|Lunar Blessing|p1b: Cresselia|[spread] p1a,p1b\n|-heal|p1a: Kommo-o|88\/100 brn\n|-curestatus|p1a: Kommo-o|brn|[msg]\n|move|p2b: Sableye|Hex|p1a: Kommo-o\n|-damage|p1a: Kommo-o|77\/100\n|move|p2a: Amoonguss|Spore|p1b: Cresselia\n|-status|p1b: Cresselia|slp|[from] move: Spore\n|\n|-heal|p2b: Sableye|45\/100|[from] item: Leftovers\n|-heal|p2a: Amoonguss|14\/100|[from] item: Leftovers\n|upkeep\n|turn|4\n|\n|t:|1696465642\n|switch|p2a: Toxapex|Toxapex, F|100\/100\n|move|p2b: Sableye|Will-O-Wisp|p1a: Kommo-o\n|-status|p1a: Kommo-o|brn\n|move|p1a: Kommo-o|Poison Jab|p2a: Toxapex\n|-resisted|p2a: Toxapex\n|-damage|p2a: Toxapex|93\/100\n|cant|p1b: Cresselia|slp\n|\n|-heal|p2b: Sableye|51\/100|[from] item: Leftovers\n|-heal|p2a: Toxapex|99\/100|[from] item: Leftovers\n|-damage|p1a: Kommo-o|71\/100 brn|[from] brn\n|upkeep\n|turn|5\n|\n|t:|1696465657\n|move|p2b: Sableye|Calm Mind|p2b: Sableye\n|-boost|p2b: Sableye|spa|1\n|-boost|p2b: Sableye|spd|1\n|move|p1a: Kommo-o|Poison Jab|p2b: Sableye\n|-resisted|p2b: Sableye\n|-damage|p2b: Sableye|33\/100\n|cant|p1b: Cresselia|slp\n|move|p2a: Toxapex|Haze|p2a: Toxapex\n|-clearallboost\n|\n|-heal|p2b: Sableye|39\/100|[from] item: Leftovers\n|-heal|p2a: Toxapex|100\/100|[from] item: Leftovers\n|-damage|p1a: Kommo-o|64\/100 brn|[from] brn\n|upkeep\n|turn|6\n|\n|t:|1696465673\n|move|p1a: Kommo-o|Poison Jab|p2b: Sableye\n|-resisted|p2b: Sableye\n|-damage|p2b: Sableye|30\/100\n|-curestatus|p1b: Cresselia|slp|[msg]\n|move|p1b: Cresselia|Lunar Blessing|p1b: Cresselia|[spread] p1a,p1b\n|-heal|p1a: Kommo-o|90\/100 brn\n|-curestatus|p1a: Kommo-o|brn|[msg]\n|move|p2b: Sableye|Hex|p1a: Kommo-o\n|-damage|p1a: Kommo-o|65\/100\n|move|p2a: Toxapex|Toxic|p1b: Cresselia\n|-status|p1b: Cresselia|tox\n|\n|-heal|p2b: Sableye|36\/100|[from] item: Leftovers\n|-damage|p1b: Cresselia|94\/100 tox|[from] psn\n|upkeep\n|turn|7\n|\n|t:|1696465690\n|move|p2b: Sableye|Will-O-Wisp|p1a: Kommo-o\n|-status|p1a: Kommo-o|brn\n|move|p1a: Kommo-o|Poison Jab|p2b: Sableye\n|-resisted|p2b: Sableye\n|-damage|p2b: Sableye|27\/100\n|-status|p2b: Sableye|psn\n|move|p1b: Cresselia|Lunar Blessing|p1b: Cresselia|[spread] p1a,p1b\n|-heal|p1a: Kommo-o|90\/100 brn\n|-curestatus|p1a: Kommo-o|brn|[msg]\n|-heal|p1b: Cresselia|100\/100 tox\n|-curestatus|p1b: Cresselia|tox|[msg]\n|move|p2a: Toxapex|Scald|p1a: Kommo-o\n|-resisted|p1a: Kommo-o\n|-damage|p1a: Kommo-o|80\/100\n|\n|-heal|p2b: Sableye|33\/100 psn|[from] item: Leftovers\n|-damage|p2b: Sableye|21\/100 psn|[from] psn\n|upkeep\n|turn|8\n|\n|t:|1696465713\n|move|p1a: Kommo-o|Poison Jab|p2b: Sableye\n|-resisted|p2b: Sableye\n|-damage|p2b: Sableye|4\/100 psn\n|move|p1b: Cresselia|Icy Wind|p2a: Toxapex|[spread] p2a,p2b\n|-resisted|p2a: Toxapex\n|-crit|p2a: Toxapex\n|-damage|p2a: Toxapex|94\/100\n|-damage|p2b: Sableye|0 fnt\n|-unboost|p2a: Toxapex|spe|1\n|faint|p2b: Sableye\n|move|p2a: Toxapex|Toxic|p1b: Cresselia\n|-status|p1b: Cresselia|tox\n|\n|-heal|p2a: Toxapex|99\/100|[from] item: Leftovers\n|-damage|p1b: Cresselia|94\/100 tox|[from] psn\n|upkeep\n|\n|t:|1696465725\n|switch|p2b: Charizard|Charizard, M|100\/100\n|turn|9\n|\n|t:|1696465731\n|switch|p2a: Whimsicott|Whimsicott, F|100\/100\n|detailschange|p2b: Charizard|Charizard-Mega-Y, M\n|-mega|p2b: Charizard|Charizard|Charizardite Y\n|-weather|SunnyDay|[from] ability: Drought|[of] p2b: Charizard\n|move|p1a: Kommo-o|Clangorous Soul|p1a: Kommo-o\n|-boost|p1a: Kommo-o|atk|2\n|-boost|p1a: Kommo-o|def|2\n|-boost|p1a: Kommo-o|spa|2\n|-boost|p1a: Kommo-o|spd|2\n|-boost|p1a: Kommo-o|spe|2\n|-damage|p1a: Kommo-o|47\/100\n|move|p2b: Charizard|Heat Wave|p1a: Kommo-o|[spread] p1a,p1b\n|-resisted|p1a: Kommo-o\n|-damage|p1a: Kommo-o|28\/100\n|-damage|p1b: Cresselia|54\/100 tox\n|move|p1b: Cresselia|Psych Up|p1a: Kommo-o\n|-copyboost|p1b: Cresselia|p1a: Kommo-o|[from] move: Psych Up\n|\n|-weather|SunnyDay|[upkeep]\n|-heal|p1b: Cresselia|60\/100 tox|[from] item: Leftovers\n|-damage|p1b: Cresselia|48\/100 tox|[from] psn\n|upkeep\n|turn|10\n|\n|t:|1696465755\n|move|p1a: Kommo-o|Poison Jab|p2a: Whimsicott\n|-supereffective|p2a: Whimsicott\n|-enditem|p2a: Whimsicott|Focus Sash\n|-damage|p2a: Whimsicott|1\/100\n|move|p1b: Cresselia|Lunar Blessing|p1b: Cresselia|[spread] p1a,p1b\n|-heal|p1a: Kommo-o|53\/100\n|-heal|p1b: Cresselia|73\/100 tox\n|-curestatus|p1b: Cresselia|tox|[msg]\n|move|p2a: Whimsicott|Moonblast|p1a: Kommo-o\n|-supereffective|p1a: Kommo-o\n|-damage|p1a: Kommo-o|0 fnt\n|faint|p1a: Kommo-o\n|move|p2b: Charizard|Heat Wave|p1b: Cresselia\n|-damage|p1b: Cresselia|48\/100\n|\n|-weather|SunnyDay|[upkeep]\n|-heal|p1b: Cresselia|54\/100|[from] item: Leftovers\n|upkeep\n|\n|t:|1696465767\n|switch|p1a: Riolu|Riolu, F|100\/100\n|turn|11\n|\n|t:|1696465774\n|move|p2a: Whimsicott|Tailwind|p2a: Whimsicott\n|-sidestart|p2: sabertooth290|move: Tailwind\n|move|p1a: Riolu|Coaching|p1b: Cresselia\n|-boost|p1b: Cresselia|atk|1\n|-boost|p1b: Cresselia|def|1\n|move|p2b: Charizard|Heat Wave|p1a: Riolu|[spread] p1a,p1b\n|-damage|p1a: Riolu|3\/100\n|-damage|p1b: Cresselia|34\/100\n|move|p1b: Cresselia|Icy Wind|p2a: Whimsicott|[spread] p2a,p2b\n|-supereffective|p2a: Whimsicott\n|-damage|p2a: Whimsicott|0 fnt\n|-damage|p2b: Charizard|81\/100\n|-unboost|p2b: Charizard|spe|1\n|faint|p2a: Whimsicott\n|\n|-weather|SunnyDay|[upkeep]\n|-heal|p1b: Cresselia|40\/100|[from] item: Leftovers\n|upkeep\n|\n|t:|1696465791\n|switch|p2a: Toxapex|Toxapex, F|100\/100\n|turn|12\n|\n|t:|1696465809\n|move|p1a: Riolu|Coaching|p1b: Cresselia\n|-boost|p1b: Cresselia|atk|1\n|-boost|p1b: Cresselia|def|1\n|move|p1b: Cresselia|Stored Power|p2a: Toxapex\n|-supereffective|p2a: Toxapex\n|-damage|p2a: Toxapex|0 fnt\n|faint|p2a: Toxapex\n|move|p2b: Charizard|Heat Wave|p1b: Cresselia|[spread] p1a,p1b\n|-crit|p1a: Riolu\n|-damage|p1a: Riolu|0 fnt\n|-damage|p1b: Cresselia|22\/100\n|-status|p1b: Cresselia|brn\n|faint|p1a: Riolu\n|\n|-weather|SunnyDay|[upkeep]\n|-heal|p1b: Cresselia|28\/100 brn|[from] item: Leftovers\n|-damage|p1b: Cresselia|22\/100 brn|[from] brn\n|upkeep\n|\n|t:|1696465824\n|switch|p1a: Smeargle|Smeargle, M|100\/100 slp\n|switch|p2a: Amoonguss|Amoonguss, F|47\/100\n|turn|13\n|\n|t:|1696465833\n|move|p2a: Amoonguss|Rage Powder|p2a: Amoonguss\n|-singleturn|p2a: Amoonguss|move: Rage Powder\n|move|p1b: Cresselia|Lunar Blessing|p1b: Cresselia|[spread] p1a,p1b\n|-curestatus|p1a: Smeargle|slp|[msg]\n|-heal|p1b: Cresselia|47\/100 brn\n|-curestatus|p1b: Cresselia|brn|[msg]\n|move|p1a: Smeargle|Jungle Healing|p1a: Smeargle|[spread] p1a,p1b\n|-heal|p1b: Cresselia|72\/100\n|move|p2b: Charizard|Heat Wave|p1b: Cresselia|[spread] p1a,p1b\n|-damage|p1a: Smeargle|0 fnt\n|-damage|p1b: Cresselia|53\/100\n|faint|p1a: Smeargle\n|\n|-weather|none\n|-heal|p1b: Cresselia|59\/100|[from] item: Leftovers\n|-heal|p2a: Amoonguss|53\/100|[from] item: Leftovers\n|upkeep\n|\n|t:|1696465847\n|switch|p1a: Delphox|Delphox, M, shiny|100\/100\n|turn|14\n|\n|t:|1696465856\n|move|p1b: Cresselia|Stored Power|p2b: Charizard\n|-damage|p2b: Charizard|0 fnt\n|faint|p2b: Charizard\n|move|p1a: Delphox|Heat Wave|p2a: Amoonguss\n|-supereffective|p2a: Amoonguss\n|-damage|p2a: Amoonguss|0 fnt\n|faint|p2a: Amoonguss\n|\n|-heal|p1b: Cresselia|65\/100|[from] item: Leftovers\n|-sideend|p2: sabertooth290|move: Tailwind\n|upkeep\n|\n|t:|1696465862\n|switch|p2b: Ursaluna|Ursaluna-Bloodmoon, M|100\/100\n|turn|15\n|\n|t:|1696465873\n|move|p1b: Cresselia|Stored Power|p2b: Ursaluna\n|-damage|p2b: Ursaluna|0 fnt\n|faint|p2b: Ursaluna\n|\n|win|Theadonia\n|raw|Theadonia's rating: 1169 &rarr; <strong>1193<\/strong><br \/>(+24 for winning)\n|raw|sabertooth290's rating: 1156 &rarr; <strong>1132<\/strong><br \/>(-24 for losing)\n|c|\u2606Theadonia|Gg\n|l|\u2606sabertooth290\n","uploadtime":1696465892,"views":5,"p1id":"theadonia","p2id":"sabertooth290","formatid":"gen9nationaldexdoubles","rating":1132,"private":0,"password":""}