{"id":"gen9nationaldexdoubles-1983024144","p1":"b.dusty","p2":"Art_0r","format":"[Gen 9] National Dex Doubles","log":"|j|\u2606b.dusty\n|j|\u2606Art_0r\n|t:|1699071523\n|gametype|doubles\n|player|p1|b.dusty|waitress-gen4|1081\n|player|p2|Art_0r|dawn-gen4pt|1077\n|teamsize|p1|6\n|teamsize|p2|6\n|gen|9\n|tier|[Gen 9] National Dex Doubles\n|rated|\n|rule|HP Percentage Mod: HP is shown in percentages\n|rule|Endless Battle Clause: Forcing endless battles is banned\n|rule|OHKO Clause: OHKO moves are banned\n|rule|Evasion Moves Clause: Evasion moves are banned\n|rule|Evasion Abilities Clause: Evasion abilities are banned\n|rule|Species Clause: Limit one of each Pok\u00e9mon\n|rule|Gravity Sleep Clause: The combination of sleep-inducing moves with imperfect accuracy and Gravity or Gigantamax Orbeetle are banned\n|clearpoke\n|poke|p1|Lanturn, F|\n|poke|p1|Kommo-o, M|\n|poke|p1|Sinistcha-Masterpiece|\n|poke|p1|Iron Moth|\n|poke|p1|Grimmsnarl, M|\n|poke|p1|Iron Hands|\n|poke|p2|Tinkaton, F|\n|poke|p2|Weavile, M|\n|poke|p2|Masquerain, F|\n|poke|p2|Mesprit|\n|poke|p2|Dugtrio-Alola, M|\n|poke|p2|Toxapex, M|\n|teampreview\n|\n|t:|1699071547\n|start\n|switch|p1a: Iron Hands|Iron Hands|100\/100\n|switch|p1b: Iron Moth|Iron Moth|100\/100\n|switch|p2a: Dialogo|Tinkaton, F|100\/100\n|switch|p2b: Weavile|Weavile, M|100\/100\n|-enditem|p1b: Iron Moth|Booster Energy\n|-activate|p1b: Iron Moth|ability: Quark Drive|[fromitem]\n|-start|p1b: Iron Moth|quarkdrivespa\n|turn|1\n|\n|t:|1699071580\n|move|p2a: Dialogo|Fake Out|p1a: Iron Hands\n|-crit|p1a: Iron Hands\n|-damage|p1a: Iron Hands|89\/100\n|cant|p1a: Iron Hands|flinch\n|move|p2b: Weavile|Lash Out|p1b: Iron Moth\n|-damage|p1b: Iron Moth|32\/100\n|move|p1b: Iron Moth|Substitute|p1b: Iron Moth\n|-start|p1b: Iron Moth|Substitute\n|-damage|p1b: Iron Moth|7\/100\n|\n|upkeep\n|turn|2\n|\n|t:|1699071633\n|switch|p2b: Matue|Mesprit|100\/100\n|move|p1b: Iron Moth|Fiery Dance|p2b: Matue\n|-damage|p2b: Matue|61\/100\n|-boost|p1b: Iron Moth|spa|1\n|move|p2a: Dialogo|Play Rough|p1a: Iron Hands\n|-supereffective|p1a: Iron Hands\n|-damage|p1a: Iron Hands|34\/100\n|move|p1a: Iron Hands|Volt Switch|p2b: Matue\n|-damage|p2b: Matue|52\/100\n|\n|t:|1699071656\n|-end|p1a: Iron Hands|Quark Drive|[silent]\n|switch|p1a: Sinistcha|Sinistcha-Masterpiece|100\/100|[from] Volt Switch\n|-heal|p1b: Iron Moth|32\/100|[from] ability: Hospitality|[of] p1a: Sinistcha\n|\n|upkeep\n|turn|3\n|\n|t:|1699071683\n|-terastallize|p2b: Matue|Electric\n|move|p1a: Sinistcha|Protect|p1a: Sinistcha\n|-singleturn|p1a: Sinistcha|Protect\n|move|p1b: Iron Moth|Fiery Dance|p2a: Dialogo\n|-supereffective|p2a: Dialogo\n|-damage|p2a: Dialogo|0 fnt\n|-boost|p1b: Iron Moth|spa|1\n|faint|p2a: Dialogo\n|move|p2b: Matue|Substitute|p2b: Matue\n|-start|p2b: Matue|Substitute\n|-damage|p2b: Matue|27\/100\n|\n|upkeep\n|\n|t:|1699071709\n|switch|p2a: Toxapex|Toxapex, M, shiny|100\/100\n|turn|4\n|inactive|Battle timer is ON: inactive players will automatically lose when time's up. (requested by Art_0r)\n|\n|t:|1699071760\n|move|p2a: Toxapex|Baneful Bunker|p2a: Toxapex\n|-singleturn|p2a: Toxapex|move: Protect\n|move|p1b: Iron Moth|Fiery Dance|p2b: Matue\n|-end|p2b: Matue|Substitute\n|-boost|p1b: Iron Moth|spa|1\n|move|p2b: Matue|Thunderbolt|p1b: Iron Moth\n|-end|p1b: Iron Moth|Substitute\n|move|p1a: Sinistcha|Matcha Gotcha|p2a: Toxapex|[spread] p2b\n|-activate|p2a: Toxapex|move: Protect\n|-damage|p2b: Matue|10\/100\n|-enditem|p2b: Matue|Mago Berry|[eat]\n|-heal|p2b: Matue|43\/100|[from] item: Mago Berry\n|\n|upkeep\n|turn|5\n|inactive|Art_0r has 120 seconds left.\n|\n|t:|1699071808\n|move|p2b: Matue|Ally Switch|p2b: Matue\n|swap|p2b: Matue|0|[from] move: Ally Switch\n|move|p1b: Iron Moth|Energy Ball|p2a: Matue\n|-damage|p2a: Matue|0 fnt\n|faint|p2a: Matue\n|move|p1a: Sinistcha|Matcha Gotcha|p2b: Toxapex\n|-damage|p2b: Toxapex|74\/100\n|move|p2b: Toxapex|Sludge Bomb|p1a: Sinistcha\n|-damage|p1a: Sinistcha|74\/100\n|\n|upkeep\n|\n|t:|1699071820\n|switch|p2a: Weavile|Weavile, M|100\/100\n|turn|6\n|inactive|Art_0r has 120 seconds left.\n|inactive|b.dusty has 120 seconds left.\n|\n|t:|1699071863\n|-end|p1b: Iron Moth|Quark Drive|[silent]\n|switch|p1b: Grimmsnarl|Grimmsnarl, M|100\/100\n|move|p1a: Sinistcha|Protect|p1a: Sinistcha\n|-singleturn|p1a: Sinistcha|Protect\n|move|p2a: Weavile|Fake Out|p1b: Grimmsnarl\n|-damage|p1b: Grimmsnarl|88\/100\n|move|p2b: Toxapex|Icy Wind|p1a: Sinistcha|[spread] p1b\n|-activate|p1a: Sinistcha|move: Protect\n|-damage|p1b: Grimmsnarl|78\/100\n|-unboost|p1b: Grimmsnarl|spe|1\n|\n|upkeep\n|turn|7\n|inactive|b.dusty has 120 seconds left.\n|inactive|Art_0r has 120 seconds left.\n|\n|t:|1699071899\n|move|p1b: Grimmsnarl|Reflect|p1b: Grimmsnarl\n|-sidestart|p1: b.dusty|Reflect\n|move|p2a: Weavile|Icicle Crash|p1a: Sinistcha\n|-supereffective|p1a: Sinistcha\n|-damage|p1a: Sinistcha|33\/100\n|move|p1a: Sinistcha|Matcha Gotcha|p2b: Toxapex|[spread] p2a,p2b\n|-damage|p2a: Weavile|66\/100\n|-heal|p1a: Sinistcha|47\/100|[from] drain|[of] p2a: Weavile\n|-damage|p2b: Toxapex|56\/100\n|-heal|p1a: Sinistcha|55\/100|[from] drain|[of] p2b: Toxapex\n|move|p2b: Toxapex|Sludge Bomb|p1b: Grimmsnarl\n|-supereffective|p1b: Grimmsnarl\n|-damage|p1b: Grimmsnarl|28\/100\n|-status|p1b: Grimmsnarl|psn\n|\n|-damage|p1b: Grimmsnarl|15\/100 psn|[from] psn\n|upkeep\n|turn|8\n|inactive|b.dusty has 120 seconds left.\n|inactive|Art_0r has 120 seconds left.\n|inactive|b.dusty has 90 seconds left.\n|\n|t:|1699071941\n|move|p2a: Weavile|Icicle Crash|p1a: Sinistcha\n|-supereffective|p1a: Sinistcha\n|-damage|p1a: Sinistcha|10\/100\n|move|p1a: Sinistcha|Strength Sap|p2a: Weavile\n|-unboost|p2a: Weavile|atk|1\n|-heal|p1a: Sinistcha|100\/100\n|move|p2b: Toxapex|Icy Wind|p1b: Grimmsnarl|[spread] p1a,p1b\n|-supereffective|p1a: Sinistcha\n|-crit|p1b: Grimmsnarl\n|-damage|p1a: Sinistcha|84\/100\n|-damage|p1b: Grimmsnarl|3\/100 psn\n|-unboost|p1a: Sinistcha|spe|1\n|-unboost|p1b: Grimmsnarl|spe|1\n|move|p1b: Grimmsnarl|Spirit Break|p2a: Weavile\n|-supereffective|p2a: Weavile\n|-damage|p2a: Weavile|0 fnt\n|faint|p2a: Weavile\n|\n|-damage|p1b: Grimmsnarl|0 fnt|[from] psn\n|faint|p1b: Grimmsnarl\n|upkeep\n|inactive|Art_0r has 120 seconds left.\n|\n|t:|1699071966\n|switch|p2a: Masquerain|Masquerain, F|100\/100\n|switch|p1b: Kommo-o|Kommo-o, M|100\/100\n|-ability|p2a: Masquerain|Intimidate|boost\n|-unboost|p1a: Sinistcha|atk|1\n|-unboost|p1b: Kommo-o|atk|1\n|turn|9\n|\n|t:|1699071991\n|-terastallize|p1b: Kommo-o|Steel\n|move|p2b: Toxapex|Baneful Bunker|p2b: Toxapex\n|-singleturn|p2b: Toxapex|move: Protect\n|move|p1b: Kommo-o|Clangorous Soul|p1b: Kommo-o\n|-boost|p1b: Kommo-o|atk|1\n|-boost|p1b: Kommo-o|def|1\n|-boost|p1b: Kommo-o|spa|1\n|-boost|p1b: Kommo-o|spd|1\n|-boost|p1b: Kommo-o|spe|1\n|-damage|p1b: Kommo-o|68\/100\n|-enditem|p1b: Kommo-o|Throat Spray\n|-boost|p1b: Kommo-o|spa|1|[from] item: Throat Spray\n|move|p2a: Masquerain|Air Cutter|p1a: Sinistcha|[spread] p1a,p1b\n|-supereffective|p1a: Sinistcha\n|-resisted|p1b: Kommo-o\n|-damage|p1a: Sinistcha|56\/100\n|-damage|p1b: Kommo-o|62\/100\n|move|p1a: Sinistcha|Matcha Gotcha|p2a: Masquerain|[spread] p2a\n|-activate|p2b: Toxapex|move: Protect\n|-resisted|p2a: Masquerain\n|-damage|p2a: Masquerain|93\/100\n|-heal|p1a: Sinistcha|59\/100|[from] drain|[of] p2a: Masquerain\n|-status|p2a: Masquerain|brn\n|\n|-damage|p2a: Masquerain|87\/100 brn|[from] brn\n|upkeep\n|turn|10\n|inactive|b.dusty has 90 seconds left.\n|inactive|Art_0r has 120 seconds left.\n|\n|t:|1699072024\n|move|p2b: Toxapex|Wide Guard|p2b: Toxapex\n|-singleturn|p2b: Toxapex|Wide Guard\n|move|p1b: Kommo-o|Clanging Scales|p2b: Toxapex|[spread] \n|-activate|p2a: Masquerain|move: Wide Guard\n|-activate|p2b: Toxapex|move: Wide Guard\n|move|p2a: Masquerain|Leech Life|p1a: Sinistcha\n|-damage|p1a: Sinistcha|53\/100\n|-heal|p2a: Masquerain|91\/100 brn|[from] drain|[of] p1a: Sinistcha\n|move|p1a: Sinistcha|Matcha Gotcha|p2a: Masquerain|[spread] \n|-activate|p2a: Masquerain|move: Wide Guard\n|-activate|p2b: Toxapex|move: Wide Guard\n|\n|-damage|p2a: Masquerain|84\/100 brn|[from] brn\n|upkeep\n|turn|11\n|inactive|b.dusty has 90 seconds left.\n|inactive|Art_0r has 120 seconds left.\n|\n|t:|1699072052\n|switch|p1a: Iron Hands|Iron Hands|34\/100\n|move|p1b: Kommo-o|Clanging Scales|p2b: Toxapex|[spread] p2a,p2b\n|-damage|p2a: Masquerain|0 fnt\n|-damage|p2b: Toxapex|0 fnt\n|faint|p2a: Masquerain\n|faint|p2b: Toxapex\n|-unboost|p1b: Kommo-o|def|1\n|\n|upkeep\n|inactive|Art_0r has 120 seconds left.\n|\n|t:|1699072063\n|switch|p2b: mi-o-jo|Dugtrio-Alola, M|100\/100\n|turn|12\n|\n|t:|1699072071\n|move|p1a: Iron Hands|Fake Out|p2b: mi-o-jo\n|-resisted|p2b: mi-o-jo\n|-damage|p2b: mi-o-jo|81\/100\n|-ability|p2b: mi-o-jo|Tangling Hair\n|-unboost|p1a: Iron Hands|spe|1\n|move|p1b: Kommo-o|Close Combat|p2b: mi-o-jo\n|-supereffective|p2b: mi-o-jo\n|-crit|p2b: mi-o-jo\n|-damage|p2b: mi-o-jo|0 fnt\n|-unboost|p1b: Kommo-o|def|1\n|-unboost|p1b: Kommo-o|spd|1\n|-ability|p2b: mi-o-jo|Tangling Hair\n|-unboost|p1b: Kommo-o|spe|1\n|faint|p2b: mi-o-jo\n|\n|win|b.dusty\n|raw|b.dusty's rating: 1081 &rarr; <strong>1109<\/strong><br \/>(+28 for winning)\n|raw|Art_0r's rating: 1077 &rarr; <strong>1056<\/strong><br \/>(-21 for losing)\n|l|\u2606Art_0r\n|c|\u2606b.dusty|Gg\n","uploadtime":1699072091,"views":25,"p1id":"bdusty","p2id":"art0r","formatid":"gen9nationaldexdoubles","rating":1056,"private":0,"password":""}