{"id":"gen9nationaldexdoubles-1952135865","p1":"XMarcosPr710","p2":"elmaptiv","format":"[Gen 9] National Dex Doubles","log":"|j|\u2606XMarcosPr710\n|j|\u2606elmaptiv\n|t:|1695659681\n|gametype|doubles\n|player|p1|XMarcosPr710|benga|\n|player|p2|elmaptiv|ghetsis|\n|teamsize|p1|6\n|teamsize|p2|6\n|gen|9\n|tier|[Gen 9] National Dex Doubles\n|rule|HP Percentage Mod: HP is shown in percentages\n|rule|Endless Battle Clause: Forcing endless battles is banned\n|rule|OHKO Clause: OHKO moves are banned\n|rule|Evasion Moves Clause: Evasion moves are banned\n|rule|Evasion Abilities Clause: Evasion abilities are banned\n|rule|Species Clause: Limit one of each Pok\u00e9mon\n|rule|Gravity Sleep Clause: The combination of sleep-inducing moves with imperfect accuracy and Gravity or Gigantamax Orbeetle are banned\n|clearpoke\n|poke|p1|Torkoal, M|\n|poke|p1|Camerupt, F|\n|poke|p1|Lilligant-Hisui, F|\n|poke|p1|Slowbro, F|\n|poke|p1|Malamar, M|\n|poke|p1|Vikavolt, F|\n|poke|p2|Ogerpon-Cornerstone, F|\n|poke|p2|Sinistcha-Masterpiece|\n|poke|p2|Sawsbuck-Autumn, F|\n|poke|p2|Brambleghast, M|\n|poke|p2|Volcarona, F|\n|poke|p2|Grimmsnarl, M|\n|teampreview\n|\n|t:|1695659707\n|start\n|switch|p1a: Torkoal|Torkoal, M|100\/100\n|switch|p1b: Lilligant|Lilligant-Hisui, F|100\/100\n|switch|p2a: Feliz juaguelin|Grimmsnarl, M|100\/100\n|switch|p2b: SIUUUUUUUUUUUUUUUU|Volcarona, F|100\/100\n|-weather|SunnyDay|[from] ability: Drought|[of] p1a: Torkoal\n|turn|1\n|\n|t:|1695659726\n|move|p1a: Torkoal|Protect|p1a: Torkoal\n|-singleturn|p1a: Torkoal|Protect\n|move|p2a: Feliz juaguelin|Reflect|p2a: Feliz juaguelin\n|-sidestart|p2: elmaptiv|Reflect\n|move|p1b: Lilligant|Sleep Powder|p2b: SIUUUUUUUUUUUUUUUU\n|-status|p2b: SIUUUUUUUUUUUUUUUU|slp|[from] move: Sleep Powder\n|cant|p2b: SIUUUUUUUUUUUUUUUU|slp\n|\n|-weather|SunnyDay|[upkeep]\n|upkeep\n|turn|2\n|\n|t:|1695659737\n|-terastallize|p1a: Torkoal|Fire\n|move|p2a: Feliz juaguelin|Thunder Wave|p1b: Lilligant\n|-status|p1b: Lilligant|par\n|move|p1b: Lilligant|Sleep Powder|p2a: Feliz juaguelin\n|-status|p2a: Feliz juaguelin|slp|[from] move: Sleep Powder\n|cant|p2b: SIUUUUUUUUUUUUUUUU|slp\n|move|p1a: Torkoal|Eruption|p2a: Feliz juaguelin|[spread] p2a,p2b\n|-damage|p2a: Feliz juaguelin|9\/100 slp\n|-damage|p2b: SIUUUUUUUUUUUUUUUU|0 fnt\n|faint|p2b: SIUUUUUUUUUUUUUUUU\n|\n|-weather|SunnyDay|[upkeep]\n|upkeep\n|\n|t:|1695659763\n|switch|p2b: Opon oto\u00f1o|Ogerpon-Cornerstone, F|100\/100\n|turn|3\n|\n|t:|1695659790\n|-terastallize|p2b: Opon oto\u00f1o|Rock\n|detailschange|p2b: Opon oto\u00f1o|Ogerpon-Cornerstone-Tera, F, tera:Rock\n|-ability|p2b: Opon oto\u00f1o|Embody Aspect (Cornerstone)|boost\n|-boost|p2b: Opon oto\u00f1o|def|1\n|move|p1a: Torkoal|Protect|p1a: Torkoal\n|-singleturn|p1a: Torkoal|Protect\n|cant|p2a: Feliz juaguelin|slp\n|move|p2b: Opon oto\u00f1o|Ivy Cudgel|p1a: Torkoal\n|-activate|p1a: Torkoal|move: Protect\n|move|p1b: Lilligant|Sleep Powder|p2b: Opon oto\u00f1o\n|-status|p2b: Opon oto\u00f1o|slp|[from] move: Sleep Powder\n|\n|-weather|SunnyDay|[upkeep]\n|upkeep\n|turn|4\n|\n|t:|1695659823\n|cant|p2b: Opon oto\u00f1o|slp\n|cant|p2a: Feliz juaguelin|slp\n|move|p1b: Lilligant|Close Combat|p2b: Opon oto\u00f1o\n|-supereffective|p2b: Opon oto\u00f1o\n|-damage|p2b: Opon oto\u00f1o|50\/100 slp\n|-unboost|p1b: Lilligant|def|1\n|-unboost|p1b: Lilligant|spd|1\n|move|p1a: Torkoal|Earth Power|p2b: Opon oto\u00f1o\n|-supereffective|p2b: Opon oto\u00f1o\n|-damage|p2b: Opon oto\u00f1o|0 fnt\n|faint|p2b: Opon oto\u00f1o\n|\n|-weather|SunnyDay|[upkeep]\n|upkeep\n|\n|t:|1695659835\n|switch|p2b: Corzo galego|Sawsbuck-Autumn, F|100\/100\n|turn|5\n|\n|t:|1695659847\n|-curestatus|p2a: Feliz juaguelin|slp|[msg]\n|move|p2a: Feliz juaguelin|Parting Shot|p1a: Torkoal\n|-unboost|p1a: Torkoal|atk|1\n|-unboost|p1a: Torkoal|spa|1\n|\n|t:|1695659854\n|switch|p2a: *nada*|Brambleghast, M|100\/100|[from] Parting Shot\n|cant|p1b: Lilligant|par\n|move|p2b: Corzo galego|Body Slam|p1a: Torkoal\n|-damage|p1a: Torkoal|75\/100\n|-status|p1a: Torkoal|par\n|move|p1a: Torkoal|Eruption|p2a: *nada*|[spread] p2a,p2b\n|-supereffective|p2a: *nada*\n|-supereffective|p2b: Corzo galego\n|-damage|p2a: *nada*|0 fnt\n|-damage|p2b: Corzo galego|0 fnt\n|faint|p2a: *nada*\n|faint|p2b: Corzo galego\n|\n|-weather|none\n|upkeep\n|\n|t:|1695659860\n|switch|p2b: Feliz juaguelin|Grimmsnarl, M|9\/100\n|switch|p2a: Sopita|Sinistcha-Masterpiece|100\/100\n|-heal|p2b: Feliz juaguelin|34\/100|[from] ability: Hospitality|[of] p2a: Sopita\n|turn|6\n|\n|t:|1695659871\n|switch|p1b: Malamar|Malamar, M|100\/100\n|move|p2b: Feliz juaguelin|Light Screen|p2b: Feliz juaguelin\n|-sidestart|p2: elmaptiv|move: Light Screen\n|move|p2a: Sopita|Nasty Plot|p2a: Sopita\n|-boost|p2a: Sopita|spa|2\n|move|p1a: Torkoal|Flamethrower|p2a: Sopita\n|-supereffective|p2a: Sopita\n|-damage|p2a: Sopita|39\/100\n|-enditem|p2a: Sopita|Sitrus Berry|[eat]\n|-heal|p2a: Sopita|64\/100|[from] item: Sitrus Berry\n|\n|upkeep\n|turn|7\n|\n|t:|1695659888\n|move|p2b: Feliz juaguelin|Parting Shot|p1a: Torkoal\n|-unboost|p1a: Torkoal|atk|1\n|-unboost|p1a: Torkoal|spa|1\n|move|p2a: Sopita|Shadow Ball|p1b: Malamar\n|-damage|p1b: Malamar|0 fnt\n|faint|p1b: Malamar\n|move|p1a: Torkoal|Flamethrower|p2a: Sopita\n|-supereffective|p2a: Sopita\n|-damage|p2a: Sopita|11\/100\n|\n|upkeep\n|\n|t:|1695659894\n|switch|p1b: Slowbro|Slowbro, F|100\/100\n|turn|8\n|\n|t:|1695659903\n|switch|p1a: Lilligant|Lilligant-Hisui, F|100\/100 par\n|move|p2b: Feliz juaguelin|Thunder Wave|p1b: Slowbro\n|-status|p1b: Slowbro|par\n|move|p2a: Sopita|Matcha Gotcha|p1b: Slowbro|[spread] p1b\n|-miss|p2a: Sopita|p1a: Lilligant\n|-supereffective|p1b: Slowbro\n|-damage|p1b: Slowbro|0 fnt\n|-heal|p2a: Sopita|68\/100|[from] drain|[of] p1b: Slowbro\n|faint|p1b: Slowbro\n|\n|-sideend|p2: elmaptiv|Reflect\n|upkeep\n|\n|t:|1695659909\n|switch|p1b: Torkoal|Torkoal, M, tera:Fire|75\/100 par\n|-weather|SunnyDay|[from] ability: Drought|[of] p1b: Torkoal\n|turn|9\n|\n|t:|1695659923\n|move|p2b: Feliz juaguelin|Parting Shot|p1b: Torkoal\n|-unboost|p1b: Torkoal|atk|1\n|-unboost|p1b: Torkoal|spa|1\n|cant|p1a: Lilligant|par\n|move|p2a: Sopita|Matcha Gotcha|p1b: Torkoal|[spread] p1a,p1b\n|-resisted|p1a: Lilligant\n|-resisted|p1b: Torkoal\n|-damage|p1a: Lilligant|57\/100 par\n|-heal|p2a: Sopita|90\/100|[from] drain|[of] p1a: Lilligant\n|-damage|p1b: Torkoal|35\/100 par\n|-heal|p2a: Sopita|100\/100|[from] drain|[of] p1b: Torkoal\n|move|p1b: Torkoal|Flamethrower|p2a: Sopita\n|-supereffective|p2a: Sopita\n|-damage|p2a: Sopita|7\/100\n|\n|-weather|SunnyDay|[upkeep]\n|upkeep\n|turn|10\n|\n|t:|1695659943\n|move|p2b: Feliz juaguelin|Reflect|p2b: Feliz juaguelin\n|-sidestart|p2: elmaptiv|Reflect\n|move|p1a: Lilligant|After You|p1b: Torkoal\n|-activate|p1b: Torkoal|move: After You\n|move|p1b: Torkoal|Eruption|p2b: Feliz juaguelin|[spread] p2a,p2b\n|-supereffective|p2a: Sopita\n|-damage|p2a: Sopita|0 fnt\n|-damage|p2b: Feliz juaguelin|22\/100\n|faint|p2a: Sopita\n|\n|-weather|SunnyDay|[upkeep]\n|upkeep\n|turn|11\n|c|\u2606elmaptiv|gg\n|\n|t:|1695659960\n|move|p2b: Feliz juaguelin|Parting Shot|p1b: Torkoal\n|-unboost|p1b: Torkoal|atk|1\n|-unboost|p1b: Torkoal|spa|1\n|move|p1a: Lilligant|Close Combat|p2b: Feliz juaguelin\n|-damage|p2b: Feliz juaguelin|0 fnt\n|-unboost|p1a: Lilligant|def|1\n|-unboost|p1a: Lilligant|spd|1\n|faint|p2b: Feliz juaguelin\n|\n|win|XMarcosPr710\n|c|\u2606XMarcosPr710|Gg\n|c|\u2606elmaptiv|este equipo sufre mucho contra sol\n","uploadtime":1695659971,"views":7,"p1id":"xmarcospr710","p2id":"elmaptiv","formatid":"gen9nationaldexdoubles","rating":0,"private":0,"password":""}