{"id":"gen9nationaldexdoubles-1952620128","p1":"captainnemo101","p2":"Mascara De Planta","format":"[Gen 9] National Dex Doubles","log":"|j|\u2606captainnemo101\n|j|\u2606Mascara De Planta\n|t:|1695704817\n|gametype|doubles\n|player|p1|captainnemo101|266|1286\n|player|p2|Mascara De Planta|170|1289\n|teamsize|p1|6\n|teamsize|p2|6\n|gen|9\n|tier|[Gen 9] National Dex Doubles\n|rated|\n|rule|HP Percentage Mod: HP is shown in percentages\n|rule|Endless Battle Clause: Forcing endless battles is banned\n|rule|OHKO Clause: OHKO moves are banned\n|rule|Evasion Moves Clause: Evasion moves are banned\n|rule|Evasion Abilities Clause: Evasion abilities are banned\n|rule|Species Clause: Limit one of each Pok\u00e9mon\n|rule|Gravity Sleep Clause: The combination of sleep-inducing moves with imperfect accuracy and Gravity or Gigantamax Orbeetle are banned\n|clearpoke\n|poke|p1|Ursaluna, F|\n|poke|p1|Hatterene, F|\n|poke|p1|Indeedee, M|\n|poke|p1|Torkoal, F|\n|poke|p1|Copperajah, M|\n|poke|p1|Oranguru, M|\n|poke|p2|Torkoal, M|\n|poke|p2|Flutter Mane|\n|poke|p2|Walking Wake|\n|poke|p2|Volcanion|\n|poke|p2|Chien-Pao|\n|poke|p2|Kingambit, M|\n|teampreview\n|\n|t:|1695704836\n|start\n|switch|p1a: Indeedee|Indeedee, M|100\/100\n|switch|p1b: Oranguru|Oranguru, M|100\/100\n|switch|p2a: PeloeQk|Flutter Mane|100\/100\n|switch|p2b: Cheems-Pao|Chien-Pao|100\/100\n|-ability|p2b: Cheems-Pao|Sword of Ruin\n|-fieldstart|move: Psychic Terrain|[from] ability: Psychic Surge|[of] p1a: Indeedee\n|turn|1\n|\n|t:|1695704850\n|-terastallize|p1b: Oranguru|Normal\n|move|p2b: Cheems-Pao|Ice Spinner|p1a: Indeedee\n|-damage|p1a: Indeedee|7\/100\n|-fieldend|move: Psychic Terrain\n|move|p2a: PeloeQk|Calm Mind|p2a: PeloeQk\n|-boost|p2a: PeloeQk|spa|1\n|-boost|p2a: PeloeQk|spd|1\n|move|p1a: Indeedee|Expanding Force|p2a: PeloeQk\n|-damage|p2a: PeloeQk|75\/100\n|move|p1b: Oranguru|Trick Room|p1b: Oranguru\n|-fieldstart|move: Trick Room|[of] p1b: Oranguru\n|\n|upkeep\n|turn|2\n|\n|t:|1695704876\n|move|p1b: Oranguru|Psychic|p2a: PeloeQk\n|-damage|p2a: PeloeQk|58\/100\n|move|p1a: Indeedee|Expanding Force|p2a: PeloeQk\n|-crit|p2a: PeloeQk\n|-damage|p2a: PeloeQk|9\/100\n|move|p2a: PeloeQk|Dazzling Gleam|p1a: Indeedee|[spread] p1a,p1b\n|-damage|p1a: Indeedee|0 fnt\n|-damage|p1b: Oranguru|66\/100\n|faint|p1a: Indeedee\n|-damage|p2a: PeloeQk|0 fnt|[from] item: Life Orb\n|faint|p2a: PeloeQk\n|-end|p2a: PeloeQk|Protosynthesis|[silent]\n|move|p2b: Cheems-Pao|Sacred Sword|p1b: Oranguru\n|-supereffective|p1b: Oranguru\n|-damage|p1b: Oranguru|0 fnt\n|faint|p1b: Oranguru\n|\n|upkeep\n|\n|t:|1695704894\n|switch|p1b: Copperajah|Copperajah, M|100\/100\n|switch|p1a: Torkoal|Torkoal, F|100\/100\n|switch|p2a: Volcanion|Volcanion|100\/100\n|-weather|SunnyDay|[from] ability: Drought|[of] p1a: Torkoal\n|turn|3\n|\n|t:|1695704907\n|switch|p2b: Agua Potable|Walking Wake|100\/100\n|-activate|p2b: Agua Potable|ability: Protosynthesis\n|-start|p2b: Agua Potable|protosynthesisspe\n|move|p1a: Torkoal|Eruption|p2a: Volcanion|[spread] p2a,p2b\n|-resisted|p2a: Volcanion\n|-resisted|p2b: Agua Potable\n|-damage|p2a: Volcanion|83\/100\n|-damage|p2b: Agua Potable|77\/100\n|move|p1b: Copperajah|High Horsepower|p2a: Volcanion\n|-supereffective|p2a: Volcanion\n|-damage|p2a: Volcanion|31\/100\n|move|p2a: Volcanion|Heat Wave|p1a: Torkoal|[spread] p1a,p1b\n|-resisted|p1a: Torkoal\n|-supereffective|p1b: Copperajah\n|-damage|p1a: Torkoal|68\/100\n|-damage|p1b: Copperajah|9\/100\n|\n|-weather|SunnyDay|[upkeep]\n|-heal|p1b: Copperajah|15\/100|[from] item: Leftovers\n|-heal|p2a: Volcanion|37\/100|[from] item: Leftovers\n|upkeep\n|turn|4\n|\n|t:|1695704936\n|move|p2a: Volcanion|Protect|p2a: Volcanion\n|-singleturn|p2a: Volcanion|Protect\n|move|p1a: Torkoal|Solar Beam||[still]\n|-prepare|p1a: Torkoal|Solar Beam\n|-anim|p1a: Torkoal|Solar Beam|p2b: Agua Potable\n|-damage|p2b: Agua Potable|36\/100\n|move|p1b: Copperajah|High Horsepower|p2a: Volcanion\n|-activate|p2a: Volcanion|move: Protect\n|move|p2b: Agua Potable|Flip Turn|p1b: Copperajah\n|-damage|p1b: Copperajah|8\/100\n|\n|t:|1695704952\n|-end|p2b: Agua Potable|Protosynthesis|[silent]\n|switch|p2b: Cheems-Pao|Chien-Pao|100\/100|[from] Flip Turn\n|-ability|p2b: Cheems-Pao|Sword of Ruin\n|\n|-weather|SunnyDay|[upkeep]\n|-heal|p1b: Copperajah|14\/100|[from] item: Leftovers\n|-heal|p2a: Volcanion|43\/100|[from] item: Leftovers\n|upkeep\n|turn|5\n|\n|t:|1695704963\n|move|p2b: Cheems-Pao|Sucker Punch|p1b: Copperajah\n|-damage|p1b: Copperajah|0 fnt\n|faint|p1b: Copperajah\n|move|p1a: Torkoal|Eruption|p2b: Cheems-Pao|[spread] p2a,p2b\n|-resisted|p2a: Volcanion\n|-supereffective|p2b: Cheems-Pao\n|-damage|p2a: Volcanion|32\/100\n|-enditem|p2b: Cheems-Pao|Focus Sash\n|-damage|p2b: Cheems-Pao|1\/100\n|move|p2a: Volcanion|Scorching Sands|p1a: Torkoal\n|-supereffective|p1a: Torkoal\n|-damage|p1a: Torkoal|11\/100\n|\n|-weather|SunnyDay|[upkeep]\n|-heal|p2a: Volcanion|38\/100|[from] item: Leftovers\n|-fieldend|move: Trick Room\n|upkeep\n|\n|t:|1695704976\n|switch|p1b: Hatterene|Hatterene, F|100\/100\n|turn|6\n|\n|t:|1695704985\n|move|p2b: Cheems-Pao|Crunch|p1b: Hatterene\n|-damage|p1b: Hatterene|36\/100\n|move|p2a: Volcanion|Heat Wave|p1a: Torkoal|[spread] p1a,p1b\n|-resisted|p1a: Torkoal\n|-damage|p1a: Torkoal|0 fnt\n|-damage|p1b: Hatterene|0 fnt\n|faint|p1a: Torkoal\n|faint|p1b: Hatterene\n|\n|-weather|SunnyDay|[upkeep]\n|-heal|p2a: Volcanion|44\/100|[from] item: Leftovers\n|upkeep\n|\n|t:|1695704998\n|switch|p1a: Ursaluna|Ursaluna, F, shiny|100\/100\n|turn|7\n|\n|t:|1695705004\n|move|p1a: Ursaluna|Protect|p1a: Ursaluna\n|-singleturn|p1a: Ursaluna|Protect\n|move|p2b: Cheems-Pao|Ice Spinner|p1a: Ursaluna\n|-activate|p1a: Ursaluna|move: Protect\n|move|p2a: Volcanion|Steam Eruption|p1a: Ursaluna\n|-activate|p1a: Ursaluna|move: Protect\n|\n|-weather|none\n|-heal|p2a: Volcanion|50\/100|[from] item: Leftovers\n|-status|p1a: Ursaluna|brn|[from] item: Flame Orb\n|upkeep\n|turn|8\n|\n|t:|1695705018\n|move|p2b: Cheems-Pao|Ice Spinner|p1a: Ursaluna\n|-supereffective|p1a: Ursaluna\n|-damage|p1a: Ursaluna|22\/100 brn\n|move|p2a: Volcanion|Steam Eruption|p1a: Ursaluna\n|-supereffective|p1a: Ursaluna\n|-damage|p1a: Ursaluna|0 fnt\n|faint|p1a: Ursaluna\n|\n|win|Mascara De Planta\n|raw|captainnemo101's rating: 1286 &rarr; <strong>1261<\/strong><br \/>(-25 for losing)\n|raw|Mascara De Planta's rating: 1289 &rarr; <strong>1314<\/strong><br \/>(+25 for winning)\n","uploadtime":1695705030,"views":8,"p1id":"captainnemo101","p2id":"mascaradeplanta","formatid":"gen9nationaldexdoubles","rating":1261,"private":0,"password":""}