{"id":"gen9nationaldexdoubles-1960904099","p1":"cheezedeez","p2":"Nettle3","format":"[Gen 9] National Dex Doubles","log":"|j|\u2606cheezedeez\n|j|\u2606Nettle3\n|t:|1696571225\n|gametype|doubles\n|player|p1|cheezedeez|pokekid|1199\n|player|p2|Nettle3|lady|1165\n|teamsize|p1|6\n|teamsize|p2|6\n|gen|9\n|tier|[Gen 9] National Dex Doubles\n|rated|\n|rule|HP Percentage Mod: HP is shown in percentages\n|rule|Endless Battle Clause: Forcing endless battles is banned\n|rule|OHKO Clause: OHKO moves are banned\n|rule|Evasion Moves Clause: Evasion moves are banned\n|rule|Evasion Abilities Clause: Evasion abilities are banned\n|rule|Species Clause: Limit one of each Pok\u00e9mon\n|rule|Gravity Sleep Clause: The combination of sleep-inducing moves with imperfect accuracy and Gravity or Gigantamax Orbeetle are banned\n|clearpoke\n|poke|p1|Kangaskhan, F|\n|poke|p1|Cobalion|\n|poke|p1|Maushold-Four|\n|poke|p1|Flutter Mane|\n|poke|p1|Farigiraf, M|\n|poke|p1|Gliscor, F|\n|poke|p2|Grafaiai, M|\n|poke|p2|Regigigas|\n|poke|p2|Volcarona, F|\n|poke|p2|Oricorio-Pom-Pom, F|\n|poke|p2|Kommo-o, F|\n|poke|p2|Sylveon, M|\n|teampreview\n|\n|t:|1696571236\n|start\n|switch|p1a: Kangaskhan|Kangaskhan, F|100\/100\n|switch|p1b: Flutter Mane|Flutter Mane|100\/100\n|switch|p2a: Guy 2 Jr|Grafaiai, M|100\/100\n|switch|p2b: Titan|Regigigas, shiny|100\/100\n|-start|p2b: Titan|ability: Slow Start\n|turn|1\n|\n|t:|1696571268\n|detailschange|p1a: Kangaskhan|Kangaskhan-Mega, F\n|-mega|p1a: Kangaskhan|Kangaskhan|Kangaskhanite\n|-terastallize|p1b: Flutter Mane|Fairy\n|move|p1a: Kangaskhan|Fake Out|p2a: Guy 2 Jr\n|-damage|p2a: Guy 2 Jr|70\/100\n|-damage|p2a: Guy 2 Jr|62\/100\n|-hitcount|p2a: Guy 2 Jr|2\n|cant|p2a: Guy 2 Jr|flinch\n|move|p1b: Flutter Mane|Moonblast|p2b: Titan\n|-damage|p2b: Titan|61\/100\n|move|p2b: Titan|Drain Punch|p1a: Kangaskhan\n|-supereffective|p1a: Kangaskhan\n|-damage|p1a: Kangaskhan|66\/100\n|-heal|p2b: Titan|75\/100|[from] drain|[of] p1a: Kangaskhan\n|\n|upkeep\n|turn|2\n|\n|t:|1696571287\n|-terastallize|p2b: Titan|Fairy\n|move|p2a: Guy 2 Jr|Doodle|p1a: Kangaskhan\n|-block|p2a: Guy 2 Jr|item: Ability Shield\n|-end|p2b: Titan|Slow Start|[silent]\n|-endability|p2b: Titan|Slow Start|[from] move: Doodle\n|-ability|p2b: Titan|Parental Bond|[from] move: Doodle\n|move|p1b: Flutter Mane|Moonblast|p2b: Titan\n|-damage|p2b: Titan|33\/100\n|move|p1a: Kangaskhan|Low Kick|p2b: Titan\n|-resisted|p2b: Titan\n|-damage|p2b: Titan|17\/100\n|-resisted|p2b: Titan\n|-damage|p2b: Titan|14\/100\n|-hitcount|p2b: Titan|2\n|move|p2b: Titan|Drain Punch|p1a: Kangaskhan\n|-supereffective|p1a: Kangaskhan\n|-damage|p1a: Kangaskhan|0 fnt\n|-heal|p2b: Titan|41\/100|[from] drain|[of] p1a: Kangaskhan\n|faint|p1a: Kangaskhan\n|-hitcount|p1: Kangaskhan|1\n|\n|upkeep\n|\n|t:|1696571305\n|switch|p1a: Gliscor|Gliscor, F|100\/100\n|turn|3\n|\n|t:|1696571331\n|move|p2a: Guy 2 Jr|Parting Shot|p1b: Flutter Mane\n|-unboost|p1b: Flutter Mane|atk|1\n|-unboost|p1b: Flutter Mane|spa|1\n|\n|t:|1696571347\n|switch|p2a: Momagawo|Kommo-o, F|100\/100|[from] Parting Shot\n|move|p1b: Flutter Mane|Moonblast|p2b: Titan\n|-damage|p2b: Titan|13\/100\n|move|p1a: Gliscor|High Horsepower|p2a: Momagawo\n|-damage|p2a: Momagawo|59\/100\n|move|p2b: Titan|Body Slam|p1a: Gliscor\n|-damage|p1a: Gliscor|59\/100\n|-status|p1a: Gliscor|par\n|-damage|p1a: Gliscor|49\/100 par\n|-hitcount|p1a: Gliscor|2\n|\n|upkeep\n|turn|4\n|c|\u2606cheezedeez|MEN\n|\n|t:|1696571378\n|switch|p2a: Sylveon|Sylveon, M|100\/100\n|move|p1b: Flutter Mane|Moonblast|p2a: Sylveon\n|-damage|p2a: Sylveon|63\/100\n|move|p2b: Titan|Body Slam|p1a: Gliscor\n|-damage|p1a: Gliscor|7\/100 par\n|-damage|p1a: Gliscor|0 fnt\n|faint|p1a: Gliscor\n|-hitcount|p1: Gliscor|2\n|\n|-heal|p2a: Sylveon|69\/100|[from] item: Leftovers\n|upkeep\n|c|\u2606Nettle3|true\n|\n|t:|1696571395\n|switch|p1a: Farigiraf|Farigiraf, M|100\/100\n|turn|5\n|c|\u2606cheezedeez|JUST DIE REGITRASHGAS\n|\n|t:|1696571418\n|move|p1b: Flutter Mane|Moonblast|p2b: Titan\n|-damage|p2b: Titan|0 fnt\n|faint|p2b: Titan\n|move|p2a: Sylveon|Hyper Voice|p1a: Farigiraf|[spread] p1a,p1b\n|-damage|p1a: Farigiraf|65\/100\n|-damage|p1b: Flutter Mane|68\/100\n|move|p1a: Farigiraf|Psychic|p2a: Sylveon\n|-damage|p2a: Sylveon|45\/100\n|\n|-heal|p2a: Sylveon|51\/100|[from] item: Leftovers\n|upkeep\n|\n|t:|1696571435\n|switch|p2b: Guy 2 Jr|Grafaiai, M|62\/100\n|turn|6\n|\n|t:|1696571457\n|move|p2b: Guy 2 Jr|Parting Shot||[still]\n|cant|p1a: Farigiraf|ability: Armor Tail|Parting Shot|[of] p2b: Guy 2 Jr\n|move|p1b: Flutter Mane|Moonblast|p2a: Sylveon\n|-damage|p2a: Sylveon|8\/100\n|move|p2a: Sylveon|Hyper Voice|p1b: Flutter Mane|[spread] p1a,p1b\n|-crit|p1b: Flutter Mane\n|-damage|p1a: Farigiraf|31\/100\n|-damage|p1b: Flutter Mane|15\/100\n|-enditem|p1a: Farigiraf|Sitrus Berry|[eat]\n|-heal|p1a: Farigiraf|56\/100|[from] item: Sitrus Berry\n|move|p1a: Farigiraf|Psychic|p2b: Guy 2 Jr\n|-supereffective|p2b: Guy 2 Jr\n|-damage|p2b: Guy 2 Jr|0 fnt\n|faint|p2b: Guy 2 Jr\n|\n|-heal|p2a: Sylveon|14\/100|[from] item: Leftovers\n|upkeep\n|\n|t:|1696571468\n|switch|p2b: Orei|Oricorio-Pom-Pom, F, shiny|100\/100\n|turn|7\n|c|\u2606cheezedeez|farigiraf > amongus\n|\n|t:|1696571489\n|move|p1b: Flutter Mane|Moonblast|p2b: Orei\n|-damage|p2b: Orei|30\/100\n|-unboost|p2b: Orei|spa|1\n|move|p2b: Orei|Quiver Dance|p2b: Orei\n|-boost|p2b: Orei|spa|1\n|-boost|p2b: Orei|spd|1\n|-boost|p2b: Orei|spe|1\n|move|p1a: Farigiraf|Psychic|p2a: Sylveon\n|-damage|p2a: Sylveon|0 fnt\n|faint|p2a: Sylveon\n|\n|upkeep\n|c|\u2606Nettle3|sus\n|\n|t:|1696571504\n|switch|p2a: Volcarona|Volcarona, F|100\/100\n|turn|8\n|\n|t:|1696571521\n|-end|p1b: Flutter Mane|Protosynthesis|[silent]\n|switch|p1b: Maushold|Maushold-Four|100\/100\n|move|p2b: Orei|Roost|p2b: Orei\n|-heal|p2b: Orei|80\/100\n|-singleturn|p2b: Orei|move: Roost\n|move|p2a: Volcarona|Quiver Dance|p2a: Volcarona\n|-boost|p2a: Volcarona|spa|1\n|-boost|p2a: Volcarona|spd|1\n|-boost|p2a: Volcarona|spe|1\n|-activate|p2b: Orei|ability: Dancer\n|move|p2b: Orei|Quiver Dance|p2b: Orei|[from]ability: Dancer\n|-boost|p2b: Orei|spa|1\n|-boost|p2b: Orei|spd|1\n|-boost|p2b: Orei|spe|1\n|move|p1a: Farigiraf|Psychic|p2b: Orei\n|-damage|p2b: Orei|55\/100\n|\n|upkeep\n|turn|9\n|\n|t:|1696571548\n|move|p1a: Farigiraf|Protect|p1a: Farigiraf\n|-singleturn|p1a: Farigiraf|Protect\n|move|p2a: Volcarona|Bug Buzz|p1a: Farigiraf\n|-activate|p1a: Farigiraf|move: Protect\n|move|p2b: Orei|Revelation Dance|p1b: Maushold\n|-damage|p1b: Maushold|42\/100\n|move|p1b: Maushold|Encore|p2a: Volcarona\n|-start|p2a: Volcarona|Encore\n|\n|upkeep\n|turn|10\n|\n|t:|1696571565\n|move|p1b: Maushold|Helping Hand|p1a: Farigiraf\n|-singleturn|p1a: Farigiraf|Helping Hand|[of] p1b: Maushold\n|move|p2a: Volcarona|Bug Buzz|p1a: Farigiraf\n|-supereffective|p1a: Farigiraf\n|-damage|p1a: Farigiraf|0 fnt\n|faint|p1a: Farigiraf\n|move|p2b: Orei|Revelation Dance|p1b: Maushold\n|-damage|p1b: Maushold|0 fnt\n|faint|p1b: Maushold\n|\n|upkeep\n|\n|t:|1696571576\n|switch|p1b: Cobalion|Cobalion|100\/100\n|switch|p1a: Flutter Mane|Flutter Mane, tera:Fairy|15\/100\n|turn|11\n|\n|t:|1696571592\n|move|p2a: Volcarona|Bug Buzz|p1a: Flutter Mane\n|-resisted|p1a: Flutter Mane\n|-damage|p1a: Flutter Mane|0 fnt\n|faint|p1a: Flutter Mane\n|-end|p1a: Flutter Mane|Protosynthesis|[silent]\n|move|p2b: Orei|Revelation Dance|p1b: Cobalion\n|-damage|p1b: Cobalion|43\/100\n|move|p1b: Cobalion|Iron Head|p2b: Orei\n|-resisted|p2b: Orei\n|-damage|p2b: Orei|38\/100\n|-damage|p1b: Cobalion|33\/100|[from] item: Life Orb\n|\n|upkeep\n|turn|12\n|c|\u2606cheezedeez|am ded\n|\n|t:|1696571611\n|move|p2a: Volcarona|Bug Buzz|p1b: Cobalion\n|-resisted|p1b: Cobalion\n|-damage|p1b: Cobalion|5\/100\n|move|p2b: Orei|Revelation Dance|p1b: Cobalion\n|-damage|p1b: Cobalion|0 fnt\n|faint|p1b: Cobalion\n|\n|win|Nettle3\n|raw|cheezedeez's rating: 1199 &rarr; <strong>1172<\/strong><br \/>(-27 for losing)\n|raw|Nettle3's rating: 1165 &rarr; <strong>1192<\/strong><br \/>(+27 for winning)\n","uploadtime":1696571414,"views":7,"p1id":"cheezedeez","p2id":"nettle3","formatid":"gen9nationaldexdoubles","rating":1172,"private":0,"password":""}