{"id":"gen9nationaldexdoubles-1999045857","p1":"Psicodelicia96","p2":"ELGRANCRAC","format":"[Gen 9] National Dex Doubles","log":"|j|\u2606Psicodelicia96\n|j|\u2606ELGRANCRAC\n|t:|1701027340\n|gametype|doubles\n|player|p1|Psicodelicia96|burgh|\n|player|p2|ELGRANCRAC|red|\n|teamsize|p1|6\n|teamsize|p2|6\n|gen|9\n|tier|[Gen 9] National Dex Doubles\n|rule|HP Percentage Mod: HP is shown in percentages\n|rule|Endless Battle Clause: Forcing endless battles is banned\n|rule|OHKO Clause: OHKO moves are banned\n|rule|Evasion Moves Clause: Evasion moves are banned\n|rule|Evasion Abilities Clause: Evasion abilities are banned\n|rule|Species Clause: Limit one of each Pok\u00e9mon\n|rule|Gravity Sleep Clause: The combination of sleep-inducing moves with imperfect accuracy and Gravity or Gigantamax Orbeetle are banned\n|clearpoke\n|poke|p1|Oricorio-Pom-Pom, F|\n|poke|p1|Volcarona, F|\n|poke|p1|Cresselia, F|\n|poke|p1|Chien-Pao|\n|poke|p1|Ogerpon-Wellspring, F|\n|poke|p1|Landorus-Therian, M|\n|poke|p2|Oricorio-Pom-Pom, F|\n|poke|p2|Volcarona, M|\n|poke|p2|Hawlucha, M|\n|poke|p2|Kingambit, M|\n|poke|p2|Cresselia, F|\n|poke|p2|Rillaboom, M|\n|teampreview\n|inactive|Battle timer is ON: inactive players will automatically lose when time's up. (requested by ELGRANCRAC)\n|c|\u2606ELGRANCRAC|Suerte\n|inactive|Psicodelicia96 has 270 seconds left.\n|\n|t:|1701027376\n|start\n|switch|p1a: Oricorio|Oricorio-Pom-Pom, F, shiny|100\/100\n|switch|p1b: Volcarona|Volcarona, F, shiny|100\/100\n|switch|p2a: Pom pom|Oricorio-Pom-Pom, F, shiny|100\/100\n|switch|p2b: Peruano|Rillaboom, M, shiny|100\/100\n|-fieldstart|move: Grassy Terrain|[from] ability: Grassy Surge|[of] p2b: Peruano\n|turn|1\n|\n|t:|1701027400\n|move|p2b: Peruano|Fake Out|p1b: Volcarona\n|-damage|p1b: Volcarona|85\/100\n|-damage|p2b: Peruano|84\/100|[from] item: Rocky Helmet|[of] p1b: Volcarona\n|cant|p1b: Volcarona|flinch\n|move|p1a: Oricorio|Taunt|p2a: Pom pom\n|-start|p2a: Pom pom|move: Taunt\n|cant|p2a: Pom pom|move: Taunt|Tailwind\n|\n|-heal|p1b: Volcarona|91\/100|[from] Grassy Terrain\n|-heal|p2b: Peruano|90\/100|[from] Grassy Terrain\n|upkeep\n|turn|2\n|\n|t:|1701027424\n|move|p1b: Volcarona|Quiver Dance|p1b: Volcarona\n|-boost|p1b: Volcarona|spa|1\n|-boost|p1b: Volcarona|spd|1\n|-boost|p1b: Volcarona|spe|1\n|-activate|p2a: Pom pom|ability: Dancer\n|cant|p2a: Pom pom|move: Taunt|Quiver Dance\n|-activate|p1a: Oricorio|ability: Dancer\n|move|p1a: Oricorio|Quiver Dance|p1a: Oricorio|[from]ability: Dancer\n|-boost|p1a: Oricorio|spa|1\n|-boost|p1a: Oricorio|spd|1\n|-boost|p1a: Oricorio|spe|1\n|move|p1a: Oricorio|Tailwind|p1a: Oricorio\n|-sidestart|p1: Psicodelicia96|move: Tailwind\n|move|p2a: Pom pom|Hurricane|p1b: Volcarona\n|-supereffective|p1b: Volcarona\n|-damage|p1b: Volcarona|40\/100\n|move|p2b: Peruano|Wood Hammer|p1a: Oricorio\n|-resisted|p1a: Oricorio\n|-crit|p1a: Oricorio\n|-damage|p1a: Oricorio|4\/100\n|-damage|p2b: Peruano|67\/100|[from] Recoil\n|\n|-heal|p1b: Volcarona|47\/100|[from] Grassy Terrain\n|-heal|p2b: Peruano|73\/100|[from] Grassy Terrain\n|upkeep\n|turn|3\n|inactive|Psicodelicia96 has 270 seconds left.\n|inactive|ELGRANCRAC has 270 seconds left.\n|\n|t:|1701027483\n|move|p1b: Volcarona|Fiery Dance|p2a: Pom pom\n|-damage|p2a: Pom pom|24\/100\n|-boost|p1b: Volcarona|spa|1\n|-activate|p2a: Pom pom|ability: Dancer\n|move|p2a: Pom pom|Fiery Dance|p1b: Volcarona|[from]ability: Dancer\n|-damage|p1b: Volcarona|35\/100\n|-activate|p1a: Oricorio|ability: Dancer\n|move|p1a: Oricorio|Fiery Dance|p2a: Pom pom|[from]ability: Dancer\n|-damage|p2a: Pom pom|0 fnt\n|-boost|p1a: Oricorio|spa|1\n|faint|p2a: Pom pom\n|move|p1a: Oricorio|Air Slash|p2b: Peruano\n|-supereffective|p2b: Peruano\n|-damage|p2b: Peruano|0 fnt\n|faint|p2b: Peruano\n|\n|-heal|p1b: Volcarona|41\/100|[from] Grassy Terrain\n|upkeep\n|inactive|ELGRANCRAC has 270 seconds left.\n|\n|t:|1701027500\n|switch|p2a: El santo|Hawlucha, M, shiny|100\/100\n|switch|p2b: Larva|Volcarona, M, shiny|100\/100\n|-enditem|p2a: El santo|Grassy Seed\n|-boost|p2a: El santo|def|1|[from] item: Grassy Seed\n|turn|4\n|inactive|Psicodelicia96 has 270 seconds left.\n|inactive|Psicodelicia96 has 240 seconds left.\n|inactive|Psicodelicia96 has 210 seconds left.\n|\n|t:|1701027571\n|move|p1b: Volcarona|Fiery Dance|p2b: Larva\n|-damage|p2b: Larva|25\/100\n|-activate|p1a: Oricorio|ability: Dancer\n|move|p1a: Oricorio|Fiery Dance|p2b: Larva|[from]ability: Dancer\n|-damage|p2b: Larva|0 fnt\n|faint|p2b: Larva\n|move|p1a: Oricorio|Revelation Dance|p2a: El santo\n|-supereffective|p2a: El santo\n|-damage|p2a: El santo|0 fnt\n|faint|p2a: El santo\n|\n|-heal|p1b: Volcarona|47\/100|[from] Grassy Terrain\n|upkeep\n|\n|t:|1701027584\n|switch|p2a: Cress|Cresselia, F, shiny|100\/100\n|switch|p2b: Adolfus|Kingambit, M|100\/100\n|-activate|p2b: Adolfus|ability: Supreme Overlord\n|-start|p2b: Adolfus|fallen4|[silent]\n|turn|5\n|inactive|Psicodelicia96 has 210 seconds left.\n|\n|t:|1701027623\n|-terastallize|p2a: Cress|Poison\n|move|p2b: Adolfus|Sucker Punch|p1b: Volcarona\n|-damage|p1b: Volcarona|0 fnt\n|-damage|p2b: Adolfus|84\/100|[from] item: Rocky Helmet|[of] p1b: Volcarona\n|faint|p1b: Volcarona\n|move|p1a: Oricorio|Taunt|p2a: Cress\n|-start|p2a: Cress|move: Taunt\n|cant|p2a: Cress|move: Taunt|Calm Mind\n|\n|-heal|p2b: Adolfus|90\/100|[from] Grassy Terrain\n|-sideend|p1: Psicodelicia96|move: Tailwind\n|-fieldend|move: Grassy Terrain\n|upkeep\n|\n|t:|1701027637\n|switch|p1b: Landorus|Landorus-Therian, M, shiny|100\/100\n|-ability|p1b: Landorus|Intimidate|boost\n|-unboost|p2a: Cress|atk|1\n|-unboost|p2b: Adolfus|atk|1\n|turn|6\n|inactive|Psicodelicia96 has 210 seconds left.\n|\n|t:|1701027673\n|move|p2b: Adolfus|Sucker Punch|p1b: Landorus\n|-damage|p1b: Landorus|55\/100\n|move|p1a: Oricorio|Tailwind|p1a: Oricorio\n|-sidestart|p1: Psicodelicia96|move: Tailwind\n|move|p1b: Landorus|U-turn|p2a: Cress\n|-resisted|p2a: Cress\n|-damage|p2a: Cress|93\/100\n|inactive|Psicodelicia96 has 180 seconds left.\n|\n|t:|1701027696\n|switch|p1b: Ogerpon|Ogerpon-Wellspring, F|100\/100|[from] U-turn\n|move|p2a: Cress|Moonblast|p1b: Ogerpon\n|-damage|p1b: Ogerpon|80\/100\n|-unboost|p1b: Ogerpon|spa|1\n|\n|-heal|p2a: Cress|99\/100|[from] item: Leftovers\n|upkeep\n|turn|7\n|inactive|Psicodelicia96 has 180 seconds left.\n|\n|t:|1701027720\n|-terastallize|p1b: Ogerpon|Water\n|detailschange|p1b: Ogerpon|Ogerpon-Wellspring-Tera, F, tera:Water\n|-ability|p1b: Ogerpon|Embody Aspect (Wellspring)|boost\n|-boost|p1b: Ogerpon|spd|1\n|move|p1a: Oricorio|Revelation Dance|p2b: Adolfus\n|-damage|p2b: Adolfus|0 fnt\n|faint|p2b: Adolfus\n|-end|p2b: Adolfus|fallen4|[silent]\n|move|p1b: Ogerpon|Ivy Cudgel|p2a: Cress|[anim] Ivy Cudgel Water\n|-damage|p2a: Cress|58\/100\n|move|p2a: Cress|Moonblast|p1a: Oricorio\n|-damage|p1a: Oricorio|0 fnt\n|faint|p1a: Oricorio\n|\n|-heal|p2a: Cress|64\/100|[from] item: Leftovers\n|-end|p2a: Cress|move: Taunt\n|upkeep\n|\n|t:|1701027741\n|switch|p1a: Chien-Pao|Chien-Pao|100\/100\n|-ability|p1a: Chien-Pao|Sword of Ruin\n|turn|8\n|inactive|Psicodelicia96 has 180 seconds left.\n|\n|t:|1701027754\n|move|p1a: Chien-Pao|Swords Dance|p1a: Chien-Pao\n|-boost|p1a: Chien-Pao|atk|2\n|move|p1b: Ogerpon|Ivy Cudgel|p2a: Cress|[anim] Ivy Cudgel Water\n|-damage|p2a: Cress|12\/100\n|move|p2a: Cress|Moonlight|p2a: Cress\n|-heal|p2a: Cress|62\/100\n|\n|-heal|p2a: Cress|68\/100|[from] item: Leftovers\n|upkeep\n|turn|9\n|\n|t:|1701027769\n|move|p1a: Chien-Pao|Ice Spinner|p2a: Cress\n|-damage|p2a: Cress|16\/100\n|move|p1b: Ogerpon|Ivy Cudgel|p2a: Cress|[anim] Ivy Cudgel Water\n|-damage|p2a: Cress|0 fnt\n|faint|p2a: Cress\n|\n|win|Psicodelicia96\n|l|\u2606ELGRANCRAC\n|j|\u2606ELGRANCRAC\n|player|p2|ELGRANCRAC|red\n","uploadtime":1701027815,"views":9,"p1id":"psicodelicia96","p2id":"elgrancrac","formatid":"gen9nationaldexdoubles","rating":0,"private":0,"password":""}