{"id":"gen9nationaldexdoubles-1992020148","p1":"magicgril","p2":"Prapple2","format":"[Gen 9] National Dex Doubles","log":"|j|\u2606magicgril\n|j|\u2606Prapple2\n|t:|1700148316\n|gametype|doubles\n|player|p1|magicgril|rosa-masters|1508\n|player|p2|Prapple2|caitlin|1212\n|teamsize|p1|6\n|teamsize|p2|6\n|gen|9\n|tier|[Gen 9] National Dex Doubles\n|rated|\n|rule|HP Percentage Mod: HP is shown in percentages\n|rule|Endless Battle Clause: Forcing endless battles is banned\n|rule|OHKO Clause: OHKO moves are banned\n|rule|Evasion Moves Clause: Evasion moves are banned\n|rule|Evasion Abilities Clause: Evasion abilities are banned\n|rule|Species Clause: Limit one of each Pok\u00e9mon\n|rule|Gravity Sleep Clause: The combination of sleep-inducing moves with imperfect accuracy and Gravity or Gigantamax Orbeetle are banned\n|clearpoke\n|poke|p1|Tapu Lele|\n|poke|p1|Deoxys-Attack|\n|poke|p1|Alakazam, F|\n|poke|p1|Flutter Mane|\n|poke|p1|Ogerpon-Hearthflame, F|\n|poke|p1|Tornadus, M|\n|poke|p2|Tapu Lele|\n|poke|p2|Clefable, F|\n|poke|p2|Mawile, F|\n|poke|p2|Hatterene, F|\n|poke|p2|Grimmsnarl, M|\n|poke|p2|Diancie|\n|teampreview\n|\n|t:|1700148348\n|start\n|switch|p1a: Tapu Lele|Tapu Lele|100\/100\n|switch|p1b: Flutter Mane|Flutter Mane|100\/100\n|switch|p2a: Grimmsnarl|Grimmsnarl, M|100\/100\n|switch|p2b: Hatterene|Hatterene, F|100\/100\n|-fieldstart|move: Psychic Terrain|[from] ability: Psychic Surge|[of] p1a: Tapu Lele\n|turn|1\n|inactive|Battle timer is ON: inactive players will automatically lose when time's up. (requested by magicgril)\n|\n|t:|1700148375\n|move|p2a: Grimmsnarl|Light Screen|p2a: Grimmsnarl\n|-sidestart|p2: Prapple2|move: Light Screen\n|move|p1b: Flutter Mane|Shadow Ball|p2b: Hatterene\n|-supereffective|p2b: Hatterene\n|-damage|p2b: Hatterene|17\/100\n|-unboost|p2b: Hatterene|spd|1\n|move|p1a: Tapu Lele|Moonblast|p2b: Hatterene\n|-damage|p2b: Hatterene|0 fnt\n|faint|p2b: Hatterene\n|-damage|p1a: Tapu Lele|91\/100|[from] item: Life Orb\n|\n|upkeep\n|\n|t:|1700148395\n|switch|p2b: Diancie|Diancie|100\/100\n|turn|2\n|\n|t:|1700148404\n|-terastallize|p1b: Flutter Mane|Ghost\n|move|p2a: Grimmsnarl|Reflect|p2a: Grimmsnarl\n|-sidestart|p2: Prapple2|Reflect\n|move|p1b: Flutter Mane|Shadow Ball|p2b: Diancie\n|-damage|p2b: Diancie|51\/100\n|move|p1a: Tapu Lele|Psychic|p2b: Diancie\n|-damage|p2b: Diancie|12\/100\n|-damage|p1a: Tapu Lele|81\/100|[from] item: Life Orb\n|move|p2b: Diancie|Trick Room|p2b: Diancie\n|-fieldstart|move: Trick Room|[of] p2b: Diancie\n|\n|-heal|p2b: Diancie|18\/100|[from] item: Leftovers\n|upkeep\n|turn|3\n|\n|t:|1700148419\n|switch|p2a: Mawile|Mawile, F|100\/100\n|-ability|p2a: Mawile|Intimidate|boost\n|-unboost|p1a: Tapu Lele|atk|1\n|-unboost|p1b: Flutter Mane|atk|1\n|move|p2b: Diancie|Diamond Storm|p1b: Flutter Mane|[spread] p1a,p1b\n|-damage|p1a: Tapu Lele|43\/100\n|-damage|p1b: Flutter Mane|43\/100\n|move|p1a: Tapu Lele|Psychic|p2b: Diancie\n|-damage|p2b: Diancie|0 fnt\n|faint|p2b: Diancie\n|-damage|p1a: Tapu Lele|33\/100|[from] item: Life Orb\n|move|p1b: Flutter Mane|Shadow Ball|p2a: Mawile\n|-damage|p2a: Mawile|3\/100\n|\n|upkeep\n|\n|t:|1700148427\n|switch|p2b: Tapu Lele|Tapu Lele|100\/100\n|turn|4\n|\n|t:|1700148435\n|detailschange|p2a: Mawile|Mawile-Mega, F\n|-mega|p2a: Mawile|Mawile|Mawilite\n|move|p1a: Tapu Lele|Ally Switch|p1a: Tapu Lele\n|swap|p1a: Tapu Lele|1|[from] move: Ally Switch\n|move|p2a: Mawile|Sucker Punch||[still]\n|-fail|p2a: Mawile\n|move|p2b: Tapu Lele|Psychic|p1a: Flutter Mane\n|-damage|p1a: Flutter Mane|0 fnt\n|faint|p1a: Flutter Mane\n|-end|p1a: Flutter Mane|Protosynthesis|[silent]\n|-damage|p2b: Tapu Lele|91\/100|[from] item: Life Orb\n|\n|upkeep\n|\n|t:|1700148447\n|switch|p1a: Ogerpon|Ogerpon-Hearthflame, F|100\/100\n|-ability|p1a: Ogerpon|Mold Breaker\n|turn|5\n|\n|t:|1700148458\n|move|p2a: Mawile|Sucker Punch|p1a: Ogerpon\n|-activate|p1a: Ogerpon|move: Psychic Terrain\n|move|p2b: Tapu Lele|Psychic|p1a: Ogerpon\n|-damage|p1a: Ogerpon|0 fnt\n|faint|p1a: Ogerpon\n|-damage|p2b: Tapu Lele|81\/100|[from] item: Life Orb\n|move|p1b: Tapu Lele|Psychic|p2a: Mawile\n|-resisted|p2a: Mawile\n|-damage|p2a: Mawile|0 fnt\n|faint|p2a: Mawile\n|-damage|p1b: Tapu Lele|23\/100|[from] item: Life Orb\n|\n|-fieldend|move: Psychic Terrain\n|upkeep\n|\n|t:|1700148466\n|switch|p2a: Clefable|Clefable, F|100\/100\n|switch|p1a: Deoxys|Deoxys-Attack|100\/100\n|-ability|p1a: Deoxys|Pressure\n|turn|6\n|\n|t:|1700148474\n|move|p2a: Clefable|Helping Hand|p2b: Tapu Lele\n|-singleturn|p2b: Tapu Lele|Helping Hand|[of] p2a: Clefable\n|move|p2b: Tapu Lele|Dazzling Gleam|p1b: Tapu Lele|[spread] p1a,p1b\n|-enditem|p1a: Deoxys|Focus Sash\n|-damage|p1a: Deoxys|1\/100\n|-damage|p1b: Tapu Lele|0 fnt\n|faint|p1b: Tapu Lele\n|-damage|p2b: Tapu Lele|71\/100|[from] item: Life Orb\n|move|p1a: Deoxys|Psycho Boost|p2b: Tapu Lele\n|-resisted|p2b: Tapu Lele\n|-damage|p2b: Tapu Lele|45\/100\n|-unboost|p1a: Deoxys|spa|2\n|\n|-fieldend|move: Trick Room\n|upkeep\n|\n|t:|1700148481\n|switch|p1b: Alakazam|Alakazam, F|100\/100\n|turn|7\n|\n|t:|1700148494\n|detailschange|p1b: Alakazam|Alakazam-Mega, F\n|-mega|p1b: Alakazam|Alakazam|Alakazite\n|-ability|p1b: Alakazam|Unaware|[from] ability: Trace|[of] p2a: Clefable\n|move|p1a: Deoxys|Protect|p1a: Deoxys\n|-singleturn|p1a: Deoxys|Protect\n|move|p2a: Clefable|Follow Me|p2a: Clefable\n|-singleturn|p2a: Clefable|move: Follow Me\n|move|p1b: Alakazam|Shadow Ball|p2a: Clefable\n|-damage|p2a: Clefable|85\/100\n|move|p2b: Tapu Lele|Dazzling Gleam|p1a: Deoxys|[spread] p1b\n|-activate|p1a: Deoxys|move: Protect\n|-damage|p1b: Alakazam|44\/100\n|-damage|p2b: Tapu Lele|35\/100|[from] item: Life Orb\n|\n|-heal|p2a: Clefable|91\/100|[from] item: Leftovers\n|upkeep\n|turn|8\n|inactive|magicgril has 120 seconds left.\n|\n|t:|1700148526\n|switch|p1b: Tornadus|Tornadus, M|100\/100\n|move|p2a: Clefable|Follow Me|p2a: Clefable\n|-singleturn|p2a: Clefable|move: Follow Me\n|move|p1a: Deoxys|Psycho Boost|p2a: Clefable\n|-damage|p2a: Clefable|47\/100\n|-unboost|p1a: Deoxys|spa|2\n|move|p2b: Tapu Lele|Dazzling Gleam|p1a: Deoxys|[spread] p1a,p1b\n|-damage|p1a: Deoxys|0 fnt\n|-damage|p1b: Tornadus|52\/100\n|faint|p1a: Deoxys\n|-damage|p2b: Tapu Lele|25\/100|[from] item: Life Orb\n|\n|-heal|p2a: Clefable|54\/100|[from] item: Leftovers\n|-sideend|p2: Prapple2|move: Light Screen\n|upkeep\n|inactive|magicgril has 120 seconds left.\n|\n|t:|1700148533\n|switch|p1a: Alakazam|Alakazam-Mega, F|44\/100\n|-ability|p1a: Alakazam|Unaware|[from] ability: Trace|[of] p2a: Clefable\n|turn|9\n|\n|t:|1700148544\n|move|p2a: Clefable|Follow Me|p2a: Clefable\n|-singleturn|p2a: Clefable|move: Follow Me\n|move|p1a: Alakazam|Expanding Force|p2a: Clefable\n|-damage|p2a: Clefable|21\/100\n|move|p1b: Tornadus|Bleakwind Storm|p2a: Clefable|[spread] p2b\n|-miss|p1b: Tornadus|p2a: Clefable\n|-damage|p2b: Tapu Lele|0 fnt\n|faint|p2b: Tapu Lele\n|\n|-heal|p2a: Clefable|27\/100|[from] item: Leftovers\n|-sideend|p2: Prapple2|Reflect\n|upkeep\n|\n|t:|1700148554\n|switch|p2b: Grimmsnarl|Grimmsnarl, M|100\/100\n|turn|10\n|\n|t:|1700148564\n|move|p2b: Grimmsnarl|Fake Out|p1a: Alakazam\n|-damage|p1a: Alakazam|22\/100\n|cant|p1a: Alakazam|flinch\n|move|p1b: Tornadus|Bleakwind Storm|p2b: Grimmsnarl|[spread] p2a,p2b\n|-damage|p2a: Clefable|6\/100\n|-damage|p2b: Grimmsnarl|77\/100\n|-unboost|p2b: Grimmsnarl|spe|1\n|move|p2a: Clefable|Soft-Boiled|p2a: Clefable\n|-heal|p2a: Clefable|56\/100\n|\n|-heal|p2a: Clefable|62\/100|[from] item: Leftovers\n|upkeep\n|turn|11\n|\n|t:|1700148575\n|move|p2b: Grimmsnarl|Light Screen|p2b: Grimmsnarl\n|-sidestart|p2: Prapple2|move: Light Screen\n|move|p1a: Alakazam|Dazzling Gleam|p2a: Clefable|[spread] p2a,p2b\n|-supereffective|p2b: Grimmsnarl\n|-damage|p2a: Clefable|50\/100\n|-damage|p2b: Grimmsnarl|48\/100\n|move|p1b: Tornadus|Bleakwind Storm|p2a: Clefable|[spread] p2a,p2b\n|-damage|p2a: Clefable|38\/100\n|-damage|p2b: Grimmsnarl|32\/100\n|-unboost|p2a: Clefable|spe|1\n|move|p2a: Clefable|Soft-Boiled|p2a: Clefable\n|-heal|p2a: Clefable|88\/100\n|\n|-heal|p2a: Clefable|94\/100|[from] item: Leftovers\n|upkeep\n|turn|12\n|\n|t:|1700148586\n|move|p2b: Grimmsnarl|Parting Shot|p1b: Tornadus\n|-unboost|p1b: Tornadus|atk|1\n|-unboost|p1b: Tornadus|spa|1\n|move|p1a: Alakazam|Dazzling Gleam|p2a: Clefable|[spread] p2a,p2b\n|-supereffective|p2b: Grimmsnarl\n|-damage|p2a: Clefable|83\/100\n|-damage|p2b: Grimmsnarl|6\/100\n|move|p1b: Tornadus|Bleakwind Storm|p2b: Grimmsnarl|[spread] p2a,p2b\n|-damage|p2a: Clefable|70\/100\n|-damage|p2b: Grimmsnarl|0 fnt\n|-unboost|p2a: Clefable|spe|1\n|faint|p2b: Grimmsnarl\n|move|p2a: Clefable|Dazzling Gleam|p1b: Tornadus|[spread] p1a,p1b\n|-damage|p1a: Alakazam|0 fnt\n|-damage|p1b: Tornadus|33\/100\n|faint|p1a: Alakazam\n|\n|-heal|p2a: Clefable|76\/100|[from] item: Leftovers\n|upkeep\n|turn|13\n|\n|t:|1700148598\n|move|p1b: Tornadus|Bleakwind Storm|p2a: Clefable|[miss]\n|-miss|p1b: Tornadus|p2a: Clefable\n|move|p2a: Clefable|Dazzling Gleam|p1b: Tornadus\n|-damage|p1b: Tornadus|4\/100\n|\n|-heal|p2a: Clefable|82\/100|[from] item: Leftovers\n|upkeep\n|turn|14\n|\n|t:|1700148601\n|move|p1b: Tornadus|Bleakwind Storm|p2a: Clefable\n|-damage|p2a: Clefable|62\/100\n|-unboost|p2a: Clefable|spe|1\n|move|p2a: Clefable|Dazzling Gleam|p1b: Tornadus\n|-damage|p1b: Tornadus|0 fnt\n|faint|p1b: Tornadus\n|\n|win|Prapple2\n|raw|magicgril's rating: 1508 &rarr; <strong>1474<\/strong><br \/>(-34 for losing)\n|raw|Prapple2's rating: 1212 &rarr; <strong>1254<\/strong><br \/>(+42 for winning)\n|l|\u2606magicgril\n","uploadtime":1700148612,"views":5,"p1id":"magicgril","p2id":"prapple2","formatid":"gen9nationaldexdoubles","rating":1254,"private":0,"password":""}