{"id":"gen9nationaldexdoubles-1994518566","p1":"Zwellish","p2":"Nonexistent_0","format":"[Gen 9] National Dex Doubles","log":"|j|\u2606Zwellish\n|j|\u2606Nonexistent_0\n|inactive|Battle timer is ON: inactive players will automatically lose when time's up.\n|t:|1700453640\n|gametype|doubles\n|player|p1|Zwellish|grimsley|\n|player|p2|Nonexistent_0|beni-ninja|\n|teamsize|p1|6\n|teamsize|p2|6\n|gen|9\n|tier|[Gen 9] National Dex Doubles\n|rated|Tournament battle\n|rule|HP Percentage Mod: HP is shown in percentages\n|rule|Endless Battle Clause: Forcing endless battles is banned\n|rule|OHKO Clause: OHKO moves are banned\n|rule|Evasion Moves Clause: Evasion moves are banned\n|rule|Evasion Abilities Clause: Evasion abilities are banned\n|rule|Species Clause: Limit one of each Pok\u00e9mon\n|rule|Gravity Sleep Clause: The combination of sleep-inducing moves with imperfect accuracy and Gravity or Gigantamax Orbeetle are banned\n|rule|Re-Evolution Mod: Pok\u00e9mon gain the boosts they would gain from evolving again\n|clearpoke\n|poke|p1|Fraxure, M|\n|poke|p1|Nidoqueen, F|\n|poke|p1|Rattata-Alola, F|\n|poke|p1|Porygon2|\n|poke|p1|Maushold-Four|\n|poke|p1|Zweilous, M|\n|poke|p2|Sneasler, M|\n|poke|p2|Eevee, M|\n|poke|p2|Hatterene, F|\n|poke|p2|Sandslash-Alola, M|\n|poke|p2|Wugtrio, F|\n|poke|p2|Banette, F|\n|teampreview\n|j|*Lady Monita \u2746\n|inactive|Zwellish also wants the timer to be on.\n|inactive|Nonexistent_0 also wants the timer to be on.\n|j| DabBuster184\n|c|\u2606Zwellish|glhf\n|c|\u2606Nonexistent_0|Glhf\n|\n|t:|1700453670\n|start\n|switch|p1a: Fraxure|Fraxure, M|100\/100\n|switch|p1b: Maushold|Maushold-Four|100\/100\n|switch|p2a: Banette|Banette, F|100\/100\n|switch|p2b: Sandslash|Sandslash-Alola, M|100\/100\n|-ability|p1a: Fraxure|Mold Breaker\n|turn|1\n|j| Magiquaza\n|inactive|Nonexistent_0 has 120 seconds left.\n|j| mr.pickup\n|\n|t:|1700453726\n|switch|p1a: Porygon2|Porygon2|100\/100\n|-ability|p1a: Porygon2|Download|boost\n|-boost|p1a: Porygon2|spa|1\n|move|p1b: Maushold|Thunder Wave|p2b: Sandslash\n|-status|p2b: Sandslash|par\n|move|p2a: Banette|Thunder Wave|p1b: Maushold|[miss]\n|-miss|p2a: Banette|p1b: Maushold\n|move|p2b: Sandslash|Snowscape|p2b: Sandslash\n|-weather|Snow\n|\n|-weather|Snow|[upkeep]\n|upkeep\n|turn|2\n|\n|t:|1700453749\n|move|p1b: Maushold|Super Fang|p2b: Sandslash\n|-damage|p2b: Sandslash|50\/100 par\n|move|p2b: Sandslash|Iron Head|p1b: Maushold\n|-damage|p1b: Maushold|52\/100\n|-damage|p2b: Sandslash|41\/100 par|[from] item: Life Orb\n|move|p2a: Banette|Knock Off|p1a: Porygon2\n|-damage|p1a: Porygon2|84\/100\n|-enditem|p1a: Porygon2|Eviolite|[from] move: Knock Off|[of] p2a: Banette\n|move|p1a: Porygon2|Shadow Ball|p2a: Banette\n|-supereffective|p2a: Banette\n|-damage|p2a: Banette|19\/100\n|-start|p1a: Porygon2|Disable|Shadow Ball|[from] ability: Cursed Body|[of] p2a: Banette\n|\n|-weather|Snow|[upkeep]\n|-heal|p2a: Banette|25\/100|[from] item: Leftovers\n|upkeep\n|turn|3\n|inactive|Nonexistent_0 has 120 seconds left.\n|\n|t:|1700453776\n|move|p1b: Maushold|Super Fang|p2b: Sandslash\n|-damage|p2b: Sandslash|21\/100 par\n|cant|p2b: Sandslash|par\n|move|p2a: Banette|Thunder Wave|p1b: Maushold\n|-status|p1b: Maushold|par\n|move|p1a: Porygon2|Blizzard|p2b: Sandslash|[spread] p2a,p2b\n|-resisted|p2b: Sandslash\n|-damage|p2a: Banette|0 fnt\n|-damage|p2b: Sandslash|10\/100 par\n|faint|p2a: Banette\n|\n|-weather|Snow|[upkeep]\n|upkeep\n|inactive|Nonexistent_0 has 90 seconds left.\n|\n|t:|1700453804\n|switch|p2a: Wugtrio|Wugtrio, F|100\/100\n|turn|4\n|\n|t:|1700453819\n|move|p2a: Wugtrio|Liquidation|p1a: Porygon2\n|-damage|p1a: Porygon2|42\/100\n|move|p2b: Sandslash|Iron Head|p1b: Maushold\n|-damage|p1b: Maushold|0 fnt\n|faint|p1b: Maushold\n|-damage|p2b: Sandslash|0 fnt|[from] item: Life Orb\n|faint|p2b: Sandslash\n|move|p1a: Porygon2|Tri Attack|p2a: Wugtrio\n|-damage|p2a: Wugtrio|25\/100\n|\n|-weather|Snow|[upkeep]\n|upkeep\n|\n|t:|1700453838\n|switch|p1b: Fraxure|Fraxure, M|100\/100\n|switch|p2b: Hatterene|Hatterene, F|100\/100\n|-ability|p1b: Fraxure|Mold Breaker\n|turn|5\n|\n|t:|1700453846\n|move|p1b: Fraxure|First Impression|p2b: Hatterene\n|-damage|p2b: Hatterene|66\/100\n|move|p2a: Wugtrio|Liquidation|p1a: Porygon2\n|-damage|p1a: Porygon2|0 fnt\n|faint|p1a: Porygon2\n|move|p2b: Hatterene|Dazzling Gleam|p1b: Fraxure\n|-supereffective|p1b: Fraxure\n|-damage|p1b: Fraxure|0 fnt\n|faint|p1b: Fraxure\n|\n|-weather|none\n|-heal|p2b: Hatterene|72\/100|[from] item: Leftovers\n|upkeep\n|\n|t:|1700453853\n|switch|p1a: Nidoqueen|Nidoqueen, F|100\/100\n|switch|p1b: Rattata|Rattata-Alola, F|100\/100\n|turn|6\n|\n|t:|1700453864\n|-terastallize|p1a: Nidoqueen|Poison\n|move|p2a: Wugtrio|Liquidation|p1a: Nidoqueen\n|-damage|p1a: Nidoqueen|44\/100\n|-unboost|p1a: Nidoqueen|def|1\n|move|p1b: Rattata|Double-Edge|p2a: Wugtrio\n|-damage|p2a: Wugtrio|0 fnt\n|-ability|p2a: Wugtrio|Gooey\n|-unboost|p1b: Rattata|spe|1\n|faint|p2a: Wugtrio\n|-damage|p1b: Rattata|90\/100|[from] Recoil\n|move|p1a: Nidoqueen|Sludge Bomb|p2b: Hatterene\n|-supereffective|p2b: Hatterene\n|-damage|p2b: Hatterene|0 fnt\n|faint|p2b: Hatterene\n|\n|upkeep\n|\n|t:|1700453880\n|switch|p2a: Sneasler|Sneasler, M|100\/100\n|switch|p2b: Eevee|Eevee, M|100\/100\n|turn|7\n|\n|t:|1700453889\n|move|p2a: Sneasler|Fake Out|p1a: Nidoqueen\n|-damage|p1a: Nidoqueen|19\/100\n|-damage|p2a: Sneasler|91\/100|[from] item: Life Orb\n|cant|p1a: Nidoqueen|flinch\n|-zpower|p2b: Eevee\n|move|p2b: Eevee|Extreme Evoboost|p2b: Eevee\n|-boost|p2b: Eevee|atk|2\n|-boost|p2b: Eevee|def|2\n|-boost|p2b: Eevee|spa|2\n|-boost|p2b: Eevee|spd|2\n|-boost|p2b: Eevee|spe|2\n|move|p1b: Rattata|Double-Edge|p2b: Eevee\n|-damage|p2b: Eevee|59\/100\n|-damage|p1b: Rattata|73\/100|[from] Recoil\n|\n|upkeep\n|turn|8\n|\n|t:|1700453902\n|move|p1b: Rattata|Sucker Punch|p2b: Eevee\n|-damage|p2b: Eevee|31\/100\n|move|p2b: Eevee|Return|p1a: Nidoqueen\n|-damage|p1a: Nidoqueen|0 fnt\n|faint|p1a: Nidoqueen\n|move|p2a: Sneasler|Dire Claw|p1b: Rattata\n|-damage|p1b: Rattata|0 fnt\n|faint|p1b: Rattata\n|-damage|p2a: Sneasler|81\/100|[from] item: Life Orb\n|\n|upkeep\n|\n|t:|1700453908\n|switch|p1b: Zweilous|Zweilous, M|100\/100\n|turn|9\n|c|\u2606Zwellish|gg wp\n|\n|t:|1700453921\n|-terastallize|p2a: Sneasler|Fighting\n|move|p2b: Eevee|Yawn|p1b: Zweilous\n|-start|p1b: Zweilous|move: Yawn|[of] p2b: Eevee\n|move|p2a: Sneasler|Close Combat|p1b: Zweilous\n|-supereffective|p1b: Zweilous\n|-damage|p1b: Zweilous|0 fnt\n|-unboost|p2a: Sneasler|def|1\n|-unboost|p2a: Sneasler|spd|1\n|faint|p1b: Zweilous\n|-damage|p2a: Sneasler|71\/100|[from] item: Life Orb\n|\n|win|Nonexistent_0\n|n|\u2606Zwellish|zwellish\n|n|\u2606Nonexistent_0|nonexistent0\n|n|*Lady Monita \u2746|ladymonita\n|n| DabBuster184|dabbuster184\n|n| Magiquaza|magiquaza\n|n| mr.pickup|mrpickup\n","uploadtime":1700453922,"views":2,"p1id":"zwellish","p2id":"nonexistent0","formatid":"gen9nationaldexdoubles","rating":0,"private":0,"password":""}