{"id":"gen9nationaldexdoubles-1992078901","p1":"fumbari 24","p2":"Material Pain","format":"[Gen 9] National Dex Doubles","log":"|j|\u2606fumbari 24\n|j|\u2606Material Pain\n|t:|1700153296\n|gametype|doubles\n|player|p1|fumbari 24|hilbert|1316\n|player|p2|Material Pain|hugh|1490\n|teamsize|p1|6\n|teamsize|p2|6\n|gen|9\n|tier|[Gen 9] National Dex Doubles\n|rated|\n|rule|HP Percentage Mod: HP is shown in percentages\n|rule|Endless Battle Clause: Forcing endless battles is banned\n|rule|OHKO Clause: OHKO moves are banned\n|rule|Evasion Moves Clause: Evasion moves are banned\n|rule|Evasion Abilities Clause: Evasion abilities are banned\n|rule|Species Clause: Limit one of each Pok\u00e9mon\n|rule|Gravity Sleep Clause: The combination of sleep-inducing moves with imperfect accuracy and Gravity or Gigantamax Orbeetle are banned\n|clearpoke\n|poke|p1|Celesteela|\n|poke|p1|Thundurus, M|\n|poke|p1|Ting-Lu|\n|poke|p1|Gardevoir, F|\n|poke|p1|Blastoise, M|\n|poke|p1|Blaziken, M|\n|poke|p2|Metagross|\n|poke|p2|Milotic, F|\n|poke|p2|Tapu Lele|\n|poke|p2|Armarouge, F|\n|poke|p2|Hydreigon, M|\n|poke|p2|Regieleki|\n|teampreview\n|\n|t:|1700153330\n|start\n|switch|p1a: Celesteela|Celesteela|100\/100\n|switch|p1b: Ting-Lu|Ting-Lu|100\/100\n|switch|p2a: Regieleki|Regieleki|100\/100\n|switch|p2b: Tapu Lele|Tapu Lele|100\/100\n|-fieldstart|move: Psychic Terrain|[from] ability: Psychic Surge|[of] p2b: Tapu Lele\n|-ability|p1b: Ting-Lu|Vessel of Ruin\n|turn|1\n|inactive|Battle timer is ON: inactive players will automatically lose when time's up. (requested by Material Pain)\n|inactive|fumbari 24 has 120 seconds left.\n|\n|t:|1700153415\n|move|p2a: Regieleki|Protect|p2a: Regieleki\n|-singleturn|p2a: Regieleki|Protect\n|-zpower|p2b: Tapu Lele\n|move|p2b: Tapu Lele|All-Out Pummeling|p1b: Ting-Lu|[zeffect]\n|-supereffective|p1b: Ting-Lu\n|-damage|p1b: Ting-Lu|57\/100\n|move|p1a: Celesteela|Substitute|p1a: Celesteela\n|-start|p1a: Celesteela|Substitute\n|-damage|p1a: Celesteela|75\/100\n|move|p1b: Ting-Lu|Snarl|p2a: Regieleki|[spread] p2b\n|-activate|p2a: Regieleki|move: Protect\n|-damage|p2b: Tapu Lele|91\/100\n|-unboost|p2b: Tapu Lele|spa|1\n|\n|-heal|p1a: Celesteela|82\/100|[from] item: Leftovers\n|upkeep\n|turn|2\n|\n|t:|1700153435\n|switch|p2b: Milotic|Milotic, F|100\/100\n|move|p1a: Celesteela|Protect|p1a: Celesteela\n|-singleturn|p1a: Celesteela|Protect\n|move|p2a: Regieleki|Volt Switch|p1a: Celesteela\n|-activate|p1a: Celesteela|move: Protect\n|move|p1b: Ting-Lu|Stomping Tantrum|p2a: Regieleki\n|-supereffective|p2a: Regieleki\n|-damage|p2a: Regieleki|0 fnt\n|faint|p2a: Regieleki\n|\n|-heal|p1a: Celesteela|88\/100|[from] item: Leftovers\n|upkeep\n|\n|t:|1700153442\n|switch|p2a: Armarouge|Armarouge, F|100\/100\n|turn|3\n|\n|t:|1700153465\n|move|p2a: Armarouge|Heat Wave|p1a: Celesteela|[spread] p1a,p1b\n|-supereffective|p1a: Celesteela\n|-end|p1a: Celesteela|Substitute\n|-damage|p1b: Ting-Lu|39\/100\n|move|p2b: Milotic|Scald|p1b: Ting-Lu\n|-supereffective|p1b: Ting-Lu\n|-damage|p1b: Ting-Lu|15\/100\n|move|p1a: Celesteela|Leech Seed|p2a: Armarouge\n|-start|p2a: Armarouge|move: Leech Seed\n|move|p1b: Ting-Lu|Stomping Tantrum|p2a: Armarouge\n|-supereffective|p2a: Armarouge\n|-damage|p2a: Armarouge|30\/100\n|-ability|p2a: Armarouge|Weak Armor|boost\n|-unboost|p2a: Armarouge|def|1\n|-boost|p2a: Armarouge|spe|2\n|\n|-heal|p1a: Celesteela|94\/100|[from] item: Leftovers\n|-damage|p2a: Armarouge|18\/100|[from] Leech Seed|[of] p1a: Celesteela\n|-heal|p1a: Celesteela|100\/100|[silent]\n|upkeep\n|turn|4\n|\n|t:|1700153485\n|switch|p2a: Tapu Lele|Tapu Lele|91\/100\n|move|p1a: Celesteela|Protect|p1a: Celesteela\n|-singleturn|p1a: Celesteela|Protect\n|move|p2b: Milotic|Scald|p1b: Ting-Lu\n|-supereffective|p1b: Ting-Lu\n|-damage|p1b: Ting-Lu|0 fnt\n|faint|p1b: Ting-Lu\n|\n|upkeep\n|\n|t:|1700153497\n|switch|p1b: Strike|Thundurus, M|100\/100\n|turn|5\n|\n|t:|1700153505\n|-terastallize|p2b: Milotic|Grass\n|move|p2a: Tapu Lele|Taunt|p1a: Celesteela\n|-start|p1a: Celesteela|move: Taunt\n|move|p2b: Milotic|Icy Wind|p1a: Celesteela|[spread] p1a,p1b\n|-supereffective|p1b: Strike\n|-damage|p1a: Celesteela|91\/100\n|-damage|p1b: Strike|78\/100\n|-unboost|p1a: Celesteela|spe|1\n|-unboost|p1b: Strike|spe|1\n|move|p1b: Strike|Thunderbolt|p2b: Milotic\n|-resisted|p2b: Milotic\n|-damage|p2b: Milotic|85\/100\n|move|p1a: Celesteela|Heavy Slam|p2a: Tapu Lele\n|-supereffective|p2a: Tapu Lele\n|-damage|p2a: Tapu Lele|0 fnt\n|faint|p2a: Tapu Lele\n|-ability|p1a: Celesteela|Beast Boost|boost\n|-boost|p1a: Celesteela|atk|1\n|\n|-heal|p1a: Celesteela|97\/100|[from] item: Leftovers\n|-fieldend|move: Psychic Terrain\n|upkeep\n|\n|t:|1700153518\n|switch|p2a: Armarouge|Armarouge, F|18\/100\n|turn|6\n|\n|t:|1700153531\n|move|p1b: Strike|Thunder Wave|p2a: Armarouge\n|-status|p2a: Armarouge|par\n|move|p2b: Milotic|Icy Wind|p1a: Celesteela|[spread] p1a,p1b\n|-supereffective|p1b: Strike\n|-damage|p1a: Celesteela|89\/100\n|-damage|p1b: Strike|56\/100\n|-unboost|p1a: Celesteela|spe|1\n|-unboost|p1b: Strike|spe|1\n|move|p2a: Armarouge|Heat Wave|p1b: Strike|[spread] p1a,p1b\n|-supereffective|p1a: Celesteela\n|-damage|p1a: Celesteela|10\/100\n|-damage|p1b: Strike|4\/100\n|-status|p1b: Strike|brn\n|move|p1a: Celesteela|Heavy Slam|p2a: Armarouge\n|-resisted|p2a: Armarouge\n|-damage|p2a: Armarouge|0 fnt\n|faint|p2a: Armarouge\n|-ability|p1a: Celesteela|Beast Boost|boost\n|-boost|p1a: Celesteela|atk|1\n|\n|-heal|p1a: Celesteela|17\/100|[from] item: Leftovers\n|-damage|p1b: Strike|0 fnt|[from] brn\n|faint|p1b: Strike\n|upkeep\n|\n|t:|1700153540\n|switch|p2a: Hydreigon|Hydreigon, M|100\/100\n|switch|p1b: Harbor|Blastoise, M|100\/100\n|turn|7\n|\n|t:|1700153553\n|move|p1b: Harbor|Follow Me|p1b: Harbor\n|-singleturn|p1b: Harbor|move: Follow Me\n|move|p2a: Hydreigon|Tailwind|p2a: Hydreigon\n|-sidestart|p2: Material Pain|move: Tailwind\n|move|p2b: Milotic|Icy Wind|p1a: Celesteela|[spread] p1a,p1b\n|-resisted|p1b: Harbor\n|-damage|p1a: Celesteela|8\/100\n|-damage|p1b: Harbor|95\/100\n|-unboost|p1a: Celesteela|spe|1\n|-unboost|p1b: Harbor|spe|1\n|move|p1a: Celesteela|Heavy Slam|p2b: Milotic\n|-damage|p2b: Milotic|0 fnt\n|faint|p2b: Milotic\n|-ability|p1a: Celesteela|Beast Boost|boost\n|-boost|p1a: Celesteela|atk|1\n|\n|-heal|p1a: Celesteela|14\/100|[from] item: Leftovers\n|-end|p1a: Celesteela|move: Taunt\n|upkeep\n|-message|Material Pain forfeited.\n|\n|win|fumbari 24\n|raw|fumbari 24's rating: 1316 &rarr; <strong>1345<\/strong><br \/>(+29 for winning)\n|raw|Material Pain's rating: 1490 &rarr; <strong>1461<\/strong><br \/>(-29 for losing)\n|l|\u2606Material Pain\n","uploadtime":1700153566,"views":8,"p1id":"fumbari24","p2id":"materialpain","formatid":"gen9nationaldexdoubles","rating":1345,"private":0,"password":""}