{"id":"gen9nationaldexdoubles-1966192435","p1":"tanukikuki","p2":"YokoSpaghetti","format":"[Gen 9] National Dex Doubles","log":"|j|\u2606tanukikuki\n|j|\u2606YokoSpaghetti\n|t:|1697154231\n|gametype|doubles\n|player|p1|tanukikuki|pokemonbreederf-gen4|1041\n|player|p2|YokoSpaghetti|266|1149\n|teamsize|p1|6\n|teamsize|p2|6\n|gen|9\n|tier|[Gen 9] National Dex Doubles\n|rated|\n|rule|HP Percentage Mod: HP is shown in percentages\n|rule|Endless Battle Clause: Forcing endless battles is banned\n|rule|OHKO Clause: OHKO moves are banned\n|rule|Evasion Moves Clause: Evasion moves are banned\n|rule|Evasion Abilities Clause: Evasion abilities are banned\n|rule|Species Clause: Limit one of each Pok\u00e9mon\n|rule|Gravity Sleep Clause: The combination of sleep-inducing moves with imperfect accuracy and Gravity or Gigantamax Orbeetle are banned\n|clearpoke\n|poke|p1|Falinks|\n|poke|p1|Decidueye-Hisui, M|\n|poke|p1|Flamigo, M|\n|poke|p1|Swoobat, M|\n|poke|p1|Clefairy, F|\n|poke|p1|Togekiss, F|\n|poke|p2|Serperior, F|\n|poke|p2|Zapdos|\n|poke|p2|Gliscor, F|\n|poke|p2|Sableye, M|\n|poke|p2|Jirachi|\n|poke|p2|Dunsparce, F|\n|teampreview\n|inactive|Battle timer is ON: inactive players will automatically lose when time's up. (requested by YokoSpaghetti)\n|\n|t:|1697154236\n|start\n|switch|p1a: Buncha Doods|Falinks|100\/100\n|switch|p1b: Hat Bird|Decidueye-Hisui, M|100\/100\n|switch|p2a: Sableye|Sableye, M, shiny|100\/100\n|switch|p2b: Serperior|Serperior, F, shiny|100\/100\n|turn|1\n|\n|t:|1697154248\n|move|p2a: Sableye|Thunder Wave|p1b: Hat Bird\n|-status|p1b: Hat Bird|par\n|move|p2b: Serperior|Glare|p1a: Buncha Doods\n|-status|p1a: Buncha Doods|par\n|move|p1a: Buncha Doods|No Retreat|p1a: Buncha Doods\n|-boost|p1a: Buncha Doods|atk|1\n|-boost|p1a: Buncha Doods|def|1\n|-boost|p1a: Buncha Doods|spa|1\n|-boost|p1a: Buncha Doods|spd|1\n|-boost|p1a: Buncha Doods|spe|1\n|-start|p1a: Buncha Doods|move: No Retreat\n|move|p1b: Hat Bird|U-turn|p2b: Serperior\n|-supereffective|p2b: Serperior\n|-damage|p2b: Serperior|59\/100\n|\n|t:|1697154260\n|switch|p1b: Flaming Joe|Flamigo, M|100\/100|[from] U-turn\n|-copyboost|p1b: Flaming Joe|p1a: Buncha Doods|[from] ability: Costar\n|\n|upkeep\n|turn|2\n|\n|t:|1697154277\n|-terastallize|p2b: Serperior|Ground\n|move|p1b: Flaming Joe|Protect|p1b: Flaming Joe\n|-singleturn|p1b: Flaming Joe|Protect\n|move|p2a: Sableye|Encore|p1a: Buncha Doods\n|-start|p1a: Buncha Doods|Encore\n|move|p2b: Serperior|Glare|p1b: Flaming Joe\n|-activate|p1b: Flaming Joe|move: Protect\n|move|p1a: Buncha Doods|No Retreat||[still]\n|-fail|p1a: Buncha Doods\n|\n|upkeep\n|turn|3\n|\n|t:|1697154297\n|move|p2a: Sableye|Thunder Wave|p1b: Flaming Joe\n|-status|p1b: Flaming Joe|par\n|move|p2b: Serperior|Leaf Storm|p1a: Buncha Doods\n|-crit|p1a: Buncha Doods\n|-damage|p1a: Buncha Doods|3\/100 par\n|-boost|p2b: Serperior|spa|2\n|move|p1b: Flaming Joe|Liquidation|p2b: Serperior\n|-supereffective|p2b: Serperior\n|-damage|p2b: Serperior|0 fnt\n|faint|p2b: Serperior\n|move|p1a: Buncha Doods|No Retreat||[still]\n|-fail|p1a: Buncha Doods\n|\n|upkeep\n|\n|t:|1697154312\n|switch|p2b: Zapdos|Zapdos, shiny|100\/100\n|turn|4\n|\n|t:|1697154321\n|move|p1b: Flaming Joe|Protect|p1b: Flaming Joe\n|-singleturn|p1b: Flaming Joe|Protect\n|move|p2a: Sableye|Confuse Ray|p1b: Flaming Joe\n|-activate|p1b: Flaming Joe|move: Protect\n|move|p2b: Zapdos|Heat Wave|p1b: Flaming Joe|[spread] p1a\n|-activate|p1b: Flaming Joe|move: Protect\n|-damage|p1a: Buncha Doods|0 fnt\n|faint|p1a: Buncha Doods\n|\n|upkeep\n|\n|t:|1697154334\n|switch|p1a: Hunka Hunka|Swoobat, M|100\/100\n|turn|5\n|\n|t:|1697154344\n|-terastallize|p1a: Hunka Hunka|Ground\n|move|p2a: Sableye|Thunder Wave|p1a: Hunka Hunka\n|-immune|p1a: Hunka Hunka\n|move|p2b: Zapdos|Heat Wave|p1b: Flaming Joe|[spread] p1a,p1b\n|-damage|p1a: Hunka Hunka|48\/100\n|-damage|p1b: Flaming Joe|73\/100 par\n|move|p1a: Hunka Hunka|Psych Up|p1b: Flaming Joe\n|-copyboost|p1a: Hunka Hunka|p1b: Flaming Joe|[from] move: Psych Up\n|cant|p1b: Flaming Joe|par\n|\n|upkeep\n|turn|6\n|\n|t:|1697154365\n|move|p1b: Flaming Joe|Protect|p1b: Flaming Joe\n|-singleturn|p1b: Flaming Joe|Protect\n|move|p2a: Sableye|Encore|p1a: Hunka Hunka\n|-start|p1a: Hunka Hunka|Encore\n|move|p1a: Hunka Hunka|Psych Up|p2a: Sableye\n|-copyboost|p1a: Hunka Hunka|p2a: Sableye|[from] move: Psych Up\n|move|p2b: Zapdos|Hidden Power|p1a: Hunka Hunka\n|-supereffective|p1a: Hunka Hunka\n|-damage|p1a: Hunka Hunka|0 fnt\n|faint|p1a: Hunka Hunka\n|\n|upkeep\n|-message|tanukikuki forfeited.\n|\n|win|YokoSpaghetti\n|raw|tanukikuki's rating: 1041 &rarr; <strong>1030<\/strong><br \/>(-11 for losing)\n|raw|YokoSpaghetti's rating: 1149 &rarr; <strong>1166<\/strong><br \/>(+17 for winning)\n|l|\u2606tanukikuki\n","uploadtime":1697154392,"views":8,"p1id":"tanukikuki","p2id":"yokospaghetti","formatid":"gen9nationaldexdoubles","rating":1030,"private":0,"password":""}