{"id":"gen9nationaldexdoubles-1948182404","p1":"ball slayer 9000","p2":"burger man i guess","format":"[Gen 9] National Dex Doubles","log":"|j|\u2606ball slayer 9000\n|j|\u2606burger man i guess\n|t:|1695236778\n|gametype|doubles\n|player|p1|ball slayer 9000|gentleman|\n|player|p2|burger man i guess|265|\n|teamsize|p1|6\n|teamsize|p2|4\n|gen|9\n|tier|[Gen 9] National Dex Doubles\n|rule|HP Percentage Mod: HP is shown in percentages\n|rule|Endless Battle Clause: Forcing endless battles is banned\n|rule|OHKO Clause: OHKO moves are banned\n|rule|Evasion Moves Clause: Evasion moves are banned\n|rule|Evasion Abilities Clause: Evasion abilities are banned\n|rule|Species Clause: Limit one of each Pok\u00e9mon\n|rule|Gravity Sleep Clause: The combination of sleep-inducing moves with imperfect accuracy and Gravity or Gigantamax Orbeetle are banned\n|clearpoke\n|poke|p1|Glimmora, F|\n|poke|p1|Grimmsnarl, M|\n|poke|p1|Haxorus, M|\n|poke|p1|Corviknight, F|\n|poke|p1|Slowking-Galar, M|\n|poke|p1|Gholdengo|\n|poke|p2|Dipplin, M|\n|poke|p2|Landorus-Therian, M|\n|poke|p2|Ogerpon-Hearthflame, F|\n|poke|p2|Beedrill, M|\n|teampreview\n|c|\u2606ball slayer 9000|hiii\n|c|\u2606burger man i guess|abble\n|c|\u2606burger man i guess|:3\n|\n|t:|1695236792\n|start\n|switch|p1a: Glimmora|Glimmora, F|100\/100\n|switch|p1b: Grimmsnarl|Grimmsnarl, M|100\/100\n|switch|p2a: b|Dipplin, M|100\/100\n|switch|p2b: Landorus|Landorus-Therian, M|100\/100\n|-ability|p2b: Landorus|Intimidate|boost\n|-unboost|p1a: Glimmora|atk|1\n|-unboost|p1b: Grimmsnarl|atk|1\n|-ability|p2a: b|Supersweet Syrup\n|-ability|p2a: b|Supersweet Syrup|boost\n|-unboost|p1a: Glimmora|evasion|1\n|-unboost|p1b: Grimmsnarl|evasion|1\n|turn|1\n|c|\u2606ball slayer 9000|why the lando t\n|c|\u2606ball slayer 9000|ew\n|c|\u2606ball slayer 9000|brody is NOT running lando t\n|c|\u2606ball slayer 9000|WILD\n|\n|t:|1695236832\n|-terastallize|p2b: Landorus|Ground\n|move|p1b: Grimmsnarl|Reflect|p1b: Grimmsnarl\n|-sidestart|p1: ball slayer 9000|Reflect\n|move|p2b: Landorus|Sandsear Storm|p1b: Grimmsnarl|[spread] p1a,p1b\n|-supereffective|p1a: Glimmora\n|-enditem|p1a: Glimmora|Focus Sash\n|-damage|p1a: Glimmora|1\/100\n|-damage|p1b: Grimmsnarl|76\/100\n|move|p1a: Glimmora|Stealth Rock|p2a: b\n|-sidestart|p2: burger man i guess|move: Stealth Rock\n|move|p2a: b|Syrup Bomb|p1a: Glimmora\n|-damage|p1a: Glimmora|0 fnt\n|faint|p1a: Glimmora\n|\n|upkeep\n|\n|t:|1695236857\n|switch|p1a: Gholdengo|Gholdengo|100\/100\n|turn|2\n|c|\u2606ball slayer 9000|now do you switch here\n|c|\u2606ball slayer 9000|sir\n|c|\u2606ball slayer 9000|be honest\n|c|\u2606ball slayer 9000|:thumbsup:\n|c|\u2606burger man i guess|yes\n|c|\u2606burger man i guess|i switch out lando t\n|c|\u2606burger man i guess|:thumbsup:\n|c|\u2606ball slayer 9000|WAIT WHY DID YOU BRING OPERGON\n|c|\u2606ball slayer 9000|OH GOD\n|c|\u2606ball slayer 9000|im fucked\n|c|\u2606burger man i guess|she gonn m\n|c|\u2606burger man i guess|mk\n|c|\u2606burger man i guess|m\n|c|\u2606burger man i guess|s\n|c|\u2606burger man i guess|t\n|\n|t:|1695236918\n|move|p1b: Grimmsnarl|Parting Shot|p2a: b\n|-unboost|p2a: b|atk|1\n|-unboost|p2a: b|spa|1\n|c|\u2606burger man i guess|b\n|\n|t:|1695236941\n|switch|p1b: Haxorus|Haxorus, M|100\/100|[from] Parting Shot\n|-ability|p1b: Haxorus|Mold Breaker\n|move|p1a: Gholdengo|Dazzling Gleam|p2a: b|[spread] p2a,p2b\n|-supereffective|p2a: b\n|-damage|p2a: b|69\/100\n|-damage|p2b: Landorus|74\/100\n|move|p2b: Landorus|Sandsear Storm|p1b: Haxorus|[spread] p1a,p1b\n|-supereffective|p1a: Gholdengo\n|-damage|p1a: Gholdengo|19\/100\n|-damage|p1b: Haxorus|55\/100\n|move|p2a: b|Syrup Bomb|p1a: Gholdengo\n|-resisted|p1a: Gholdengo\n|-damage|p1a: Gholdengo|13\/100\n|-start|p1a: Gholdengo|Syrup Bomb\n|\n|-unboost|p1a: Gholdengo|spe|1\n|upkeep\n|turn|3\n|c|\u2606ball slayer 9000|oh my god thats tanky\n|c|\u2606burger man i guess|eviolite dipplin\n|c|\u2606ball slayer 9000|WAIT\n|c|\u2606ball slayer 9000|WHAT\n|c|\u2606ball slayer 9000|IT CAN RUN EVIOLITE??\n|c|\u2606ball slayer 9000|WTF???\n|\n|t:|1695236985\n|move|p2b: Landorus|Sandsear Storm|p1a: Gholdengo|[spread] p1a,p1b\n|-supereffective|p1a: Gholdengo\n|-damage|p1a: Gholdengo|0 fnt\n|-damage|p1b: Haxorus|2\/100\n|faint|p1a: Gholdengo\n|move|p1b: Haxorus|Dragon Dance|p1b: Haxorus\n|-boost|p1b: Haxorus|atk|1\n|-boost|p1b: Haxorus|spe|1\n|move|p2a: b|Pollen Puff|p2b: Landorus\n|-heal|p2b: Landorus|100\/100\n|\n|upkeep\n|c|\u2606ball slayer 9000|why can it run eviolite :(\n|c|\u2606burger man i guess|funy\n|\n|t:|1695237000\n|switch|p1a: Slowking|Slowking-Galar, M|100\/100\n|turn|4\n|\n|t:|1695237021\n|move|p1b: Haxorus|Earthquake|p2a: b|[spread] p1a,p2a,p2b\n|-supereffective|p1a: Slowking\n|-resisted|p2a: b\n|-crit|p2b: Landorus\n|-damage|p1a: Slowking|44\/100\n|-damage|p2a: b|56\/100\n|-damage|p2b: Landorus|0 fnt\n|faint|p2b: Landorus\n|-damage|p1b: Haxorus|0 fnt|[from] item: Life Orb\n|faint|p1b: Haxorus\n|move|p2a: b|Syrup Bomb|p1a: Slowking|[miss]\n|-miss|p2a: b|p1a: Slowking\n|move|p1a: Slowking|Thunder Wave|p2a: b\n|-status|p2a: b|par\n|\n|upkeep\n|c|\u2606ball slayer 9000|grr\n|\n|t:|1695237036\n|switch|p1b: Corviknight|Corviknight, F|100\/100\n|switch|p2b: Ogerpon|Ogerpon-Hearthflame, F|100\/100\n|-damage|p2b: Ogerpon|76\/100|[from] Stealth Rock\n|-ability|p2b: Ogerpon|Mold Breaker\n|turn|5\n|\n|t:|1695237063\n|move|p2b: Ogerpon|Ivy Cudgel|p1b: Corviknight\n|-supereffective|p1b: Corviknight\n|-damage|p1b: Corviknight|29\/100\n|move|p1b: Corviknight|Body Press|p2a: b\n|-damage|p2a: b|48\/100 par\n|move|p1a: Slowking|Thunder Wave|p2b: Ogerpon|[miss]\n|-miss|p1a: Slowking|p2b: Ogerpon\n|move|p2a: b|Pollen Puff|p2b: Ogerpon\n|-heal|p2b: Ogerpon|100\/100\n|\n|-heal|p1b: Corviknight|36\/100|[from] item: Leftovers\n|upkeep\n|turn|6\n|c|\u2606ball slayer 9000|HOW IS IT SO TANKY\n|c|\u2606ball slayer 9000|WTF\n|c|\u2606burger man i guess|eviolite\n|c|\u2606burger man i guess|525 defenes\n|c|\u2606burger man i guess|loer\n|c|\u2606burger man i guess|idio\n|c|\u2606ball slayer 9000|???\n|c|\u2606ball slayer 9000|how\n|\n|t:|1695237094\n|switch|p1b: Grimmsnarl|Grimmsnarl, M|76\/100\n|move|p2b: Ogerpon|Ivy Cudgel|p1b: Grimmsnarl\n|-crit|p1b: Grimmsnarl\n|-damage|p1b: Grimmsnarl|0 fnt\n|faint|p1b: Grimmsnarl\n|move|p1a: Slowking|Sludge Bomb|p2a: b\n|-supereffective|p2a: b\n|-damage|p2a: b|0 fnt\n|faint|p2a: b\n|\n|upkeep\n|c|\u2606ball slayer 9000|OH MY GOD\n|c|\u2606ball slayer 9000|THAT CRIT MATTERED\n|c|\u2606ball slayer 9000|SCREW YOU\n|\n|t:|1695237106\n|switch|p1b: Corviknight|Corviknight, F|36\/100\n|switch|p2a: Beedrill|Beedrill, M|100\/100\n|-damage|p2a: Beedrill|75\/100|[from] Stealth Rock\n|turn|7\n|c|\u2606burger man i guess|no it didnt\n|c|\u2606ball slayer 9000|it did\n|c|\u2606ball slayer 9000|no cap\n|\n|t:|1695237143\n|detailschange|p2a: Beedrill|Beedrill-Mega, M\n|-mega|p2a: Beedrill|Beedrill|Beedrillite\n|move|p2a: Beedrill|Protect|p2a: Beedrill\n|-singleturn|p2a: Beedrill|Protect\n|move|p2b: Ogerpon|Knock Off|p1a: Slowking\n|-supereffective|p1a: Slowking\n|-damage|p1a: Slowking|5\/100\n|-enditem|p1a: Slowking|Heavy-Duty Boots|[from] move: Knock Off|[of] p2b: Ogerpon\n|move|p1b: Corviknight|Bulk Up|p1b: Corviknight\n|-boost|p1b: Corviknight|atk|1\n|-boost|p1b: Corviknight|def|1\n|move|p1a: Slowking|Thunder Wave|p2b: Ogerpon\n|-status|p2b: Ogerpon|par\n|\n|-heal|p1b: Corviknight|42\/100|[from] item: Leftovers\n|upkeep\n|turn|8\n|c|\u2606ball slayer 9000|YES\n|c|\u2606ball slayer 9000|HAHA\n|\n|t:|1695237181\n|move|p2a: Beedrill|Poison Jab|p1a: Slowking\n|-resisted|p1a: Slowking\n|-damage|p1a: Slowking|0 fnt\n|faint|p1a: Slowking\n|move|p1b: Corviknight|Bulk Up|p1b: Corviknight\n|-boost|p1b: Corviknight|atk|1\n|-boost|p1b: Corviknight|def|1\n|move|p2b: Ogerpon|Ivy Cudgel|p1b: Corviknight\n|-supereffective|p1b: Corviknight\n|-damage|p1b: Corviknight|3\/100\n|\n|-heal|p1b: Corviknight|9\/100|[from] item: Leftovers\n|-sideend|p1: ball slayer 9000|Reflect\n|upkeep\n|turn|9\n|c|\u2606ball slayer 9000|oh ma gawd\n|c|\u2606ball slayer 9000|thats so toxic\n|c|\u2606ball slayer 9000|oml\n|c|\u2606burger man i guess|4 v 6\n|c|\u2606burger man i guess|loser\n|c|\u2606ball slayer 9000|shut up\n|c|\u2606ball slayer 9000|bug abuser\n|c|\u2606ball slayer 9000|smh..\n|c|\u2606burger man i guess|wht\n|c|\u2606burger man i guess|it not bbug\n|c|\u2606burger man i guess|idio\n|c|\u2606ball slayer 9000|dipplin is literally a fully evod mon\n|c|\u2606ball slayer 9000|fym not a bug\n|c|\u2606burger man i guess|dipplin = new evo in prt 2\n|c|\u2606ball slayer 9000|grr\n|c|\u2606burger man i guess|attack\n|c|\u2606burger man i guess|loser\n|c|\u2606burger man i guess|idio\n|c|\u2606ball slayer 9000|:(\n|c|\u2606ball slayer 9000|i did tho\n|c|\u2606ball slayer 9000|i attacked\n|\n|t:|1695237249\n|-terastallize|p1b: Corviknight|Dark\n|move|p2a: Beedrill|X-Scissor|p1b: Corviknight\n|-supereffective|p1b: Corviknight\n|-damage|p1b: Corviknight|0 fnt\n|faint|p1b: Corviknight\n|\n|win|burger man i guess\n|c|\u2606ball slayer 9000|nvm\n|c|\u2606ball slayer 9000|:(\n|c|\u2606burger man i guess|i foind fihe\n|c|\u2606ball slayer 9000|loser\n|c|\u2606ball slayer 9000|..\n","uploadtime":1695237261,"views":21,"p1id":"ballslayer9000","p2id":"burgermaniguess","formatid":"gen9nationaldexdoubles","rating":0,"private":0,"password":""}