{"id":"gen9nationaldexdoubles-1969033753","p1":"LegendSylveon","p2":"hbaef erg","format":"[Gen 9] National Dex Doubles","log":"|j|\u2606LegendSylveon\n|j|\u2606hbaef erg\n|t:|1697484428\n|gametype|doubles\n|player|p1|LegendSylveon|camper|1026\n|player|p2|hbaef erg|lucas|1000\n|teamsize|p1|6\n|teamsize|p2|6\n|gen|9\n|tier|[Gen 9] National Dex Doubles\n|rated|\n|rule|HP Percentage Mod: HP is shown in percentages\n|rule|Endless Battle Clause: Forcing endless battles is banned\n|rule|OHKO Clause: OHKO moves are banned\n|rule|Evasion Moves Clause: Evasion moves are banned\n|rule|Evasion Abilities Clause: Evasion abilities are banned\n|rule|Species Clause: Limit one of each Pok\u00e9mon\n|rule|Gravity Sleep Clause: The combination of sleep-inducing moves with imperfect accuracy and Gravity or Gigantamax Orbeetle are banned\n|clearpoke\n|poke|p1|Ribombee, F|\n|poke|p1|Comfey, M|\n|poke|p1|Togepi, M|\n|poke|p1|Dachsbun, M|\n|poke|p1|Tapu Bulu|\n|poke|p1|Rapidash-Galar, M|\n|poke|p2|Indeedee-F, F|\n|poke|p2|Oranguru, F|\n|poke|p2|Glastrier|\n|poke|p2|Hoopa-Unbound|\n|poke|p2|Ursaluna, F|\n|poke|p2|Zygarde|\n|teampreview\n|\n|t:|1697484433\n|start\n|switch|p1a: Wanda|Ribombee, F, shiny|100\/100\n|switch|p1b: Cosmo|Comfey, M|100\/100\n|switch|p2a: Hoopa|Hoopa-Unbound|100\/100\n|switch|p2b: Zygarde|Zygarde|100\/100\n|-ability|p2b: Zygarde|Aura Break\n|turn|1\n|inactive|Battle timer is ON: inactive players will automatically lose when time's up. (requested by hbaef erg)\n|\n|t:|1697484451\n|move|p1b: Cosmo|Draining Kiss|p2b: Zygarde\n|-supereffective|p2b: Zygarde\n|-damage|p2b: Zygarde|82\/100\n|move|p1a: Wanda|Bug Buzz|p2a: Hoopa\n|-supereffective|p2a: Hoopa\n|-damage|p2a: Hoopa|0 fnt\n|faint|p2a: Hoopa\n|-damage|p1a: Wanda|91\/100|[from] item: Life Orb\n|move|p2b: Zygarde|Coil|p2b: Zygarde\n|-boost|p2b: Zygarde|atk|1\n|-boost|p2b: Zygarde|def|1\n|-boost|p2b: Zygarde|accuracy|1\n|\n|upkeep\n|\n|t:|1697484464\n|switch|p2a: Indeedee|Indeedee-F, F|100\/100\n|-fieldstart|move: Psychic Terrain|[from] ability: Psychic Surge|[of] p2a: Indeedee\n|turn|2\n|\n|t:|1697484474\n|move|p1a: Wanda|Bug Buzz|p2a: Indeedee\n|-supereffective|p2a: Indeedee\n|-damage|p2a: Indeedee|10\/100\n|-damage|p1a: Wanda|81\/100|[from] item: Life Orb\n|move|p1b: Cosmo|Leech Seed|p2b: Zygarde\n|-start|p2b: Zygarde|move: Leech Seed\n|move|p2b: Zygarde|Coil|p2b: Zygarde\n|-boost|p2b: Zygarde|atk|1\n|-boost|p2b: Zygarde|def|1\n|-boost|p2b: Zygarde|accuracy|1\n|move|p2a: Indeedee|Trick Room|p2a: Indeedee\n|-fieldstart|move: Trick Room|[of] p2a: Indeedee\n|-enditem|p2b: Zygarde|Room Service\n|-unboost|p2b: Zygarde|spe|1|[from] item: Room Service\n|\n|-damage|p2b: Zygarde|70\/100|[from] Leech Seed|[of] p1b: Cosmo\n|upkeep\n|turn|3\n|\n|t:|1697484495\n|move|p1b: Cosmo|Draining Kiss|p2a: Indeedee\n|-activate|p2a: Indeedee|move: Psychic Terrain\n|move|p2b: Zygarde|Coil|p2b: Zygarde\n|-boost|p2b: Zygarde|atk|1\n|-boost|p2b: Zygarde|def|1\n|-boost|p2b: Zygarde|accuracy|1\n|move|p2a: Indeedee|Heal Pulse|p2b: Zygarde\n|-heal|p2b: Zygarde|100\/100\n|move|p1a: Wanda|Moonblast|p2b: Zygarde\n|-supereffective|p2b: Zygarde\n|-damage|p2b: Zygarde|31\/100\n|-damage|p1a: Wanda|71\/100|[from] item: Life Orb\n|\n|-damage|p2b: Zygarde|19\/100|[from] Leech Seed|[of] p1b: Cosmo\n|upkeep\n|turn|4\n|\n|t:|1697484520\n|-terastallize|p2b: Zygarde|Steel\n|move|p1b: Cosmo|Floral Healing|p1a: Wanda\n|-heal|p1a: Wanda|100\/100\n|move|p2b: Zygarde|Thousand Arrows|p1b: Cosmo|[spread] p1a,p1b\n|-resisted|p1a: Wanda\n|-damage|p1a: Wanda|38\/100\n|-damage|p1b: Cosmo|33\/100\n|move|p2a: Indeedee|Heal Pulse|p2b: Zygarde\n|-heal|p2b: Zygarde|69\/100\n|move|p1a: Wanda|Moonblast|p2b: Zygarde\n|-resisted|p2b: Zygarde\n|-damage|p2b: Zygarde|51\/100\n|-damage|p1a: Wanda|28\/100|[from] item: Life Orb\n|\n|-heal|p1b: Cosmo|39\/100|[from] item: Leftovers\n|-damage|p2b: Zygarde|39\/100|[from] Leech Seed|[of] p1b: Cosmo\n|-heal|p1b: Cosmo|56\/100|[silent]\n|upkeep\n|turn|5\n|inactive|LegendSylveon has 120 seconds left.\n|\n|t:|1697484552\n|-terastallize|p1a: Wanda|Bug\n|move|p1b: Cosmo|Floral Healing|p1a: Wanda\n|-heal|p1a: Wanda|78\/100\n|move|p2b: Zygarde|Thousand Arrows|p1b: Cosmo|[spread] p1a,p1b\n|-resisted|p1a: Wanda\n|-damage|p1a: Wanda|15\/100\n|-damage|p1b: Cosmo|0 fnt\n|faint|p1b: Cosmo\n|move|p2a: Indeedee|Heal Pulse|p2b: Zygarde\n|-heal|p2b: Zygarde|89\/100\n|move|p1a: Wanda|Bug Buzz|p2b: Zygarde\n|-resisted|p2b: Zygarde\n|-damage|p2b: Zygarde|67\/100\n|-damage|p1a: Wanda|5\/100|[from] item: Life Orb\n|\n|upkeep\n|inactive|LegendSylveon has 120 seconds left.\n|\n|t:|1697484566\n|switch|p1b: Poof|Togepi, M|100\/100\n|turn|6\n|\n|t:|1697484577\n|move|p1b: Poof|Flamethrower|p2b: Zygarde\n|-supereffective|p2b: Zygarde\n|-damage|p2b: Zygarde|45\/100\n|-status|p2b: Zygarde|brn\n|move|p2b: Zygarde|Thousand Arrows|p1b: Poof|[spread] p1a,p1b\n|-resisted|p1a: Wanda\n|-damage|p1a: Wanda|0 fnt\n|-damage|p1b: Poof|64\/100\n|faint|p1a: Wanda\n|move|p2a: Indeedee|Heal Pulse|p2b: Zygarde\n|-heal|p2b: Zygarde|95\/100 brn\n|\n|-damage|p2b: Zygarde|83\/100 brn|[from] Leech Seed|[of] p1b: Poof\n|-heal|p1b: Poof|83\/100|[silent]\n|-damage|p2b: Zygarde|77\/100 brn|[from] brn\n|-fieldend|move: Trick Room\n|-fieldend|move: Psychic Terrain\n|upkeep\n|inactive|LegendSylveon has 120 seconds left.\n|\n|t:|1697484593\n|switch|p1a: Jorgen|Tapu Bulu|100\/100\n|-fieldstart|move: Grassy Terrain|[from] ability: Grassy Surge|[of] p1a: Jorgen\n|turn|7\n|\n|t:|1697484604\n|-zpower|p1a: Jorgen\n|move|p1a: Jorgen|All-Out Pummeling|p2b: Zygarde|[zeffect]\n|-supereffective|p2b: Zygarde\n|-damage|p2b: Zygarde|39\/100 brn\n|move|p2b: Zygarde|Thousand Arrows|p1b: Poof|[spread] p1a,p1b\n|-resisted|p1a: Jorgen\n|-damage|p1a: Jorgen|88\/100\n|-damage|p1b: Poof|52\/100\n|move|p1b: Poof|Ancient Power|p2a: Indeedee\n|-damage|p2a: Indeedee|0 fnt\n|faint|p2a: Indeedee\n|\n|-heal|p1a: Jorgen|94\/100|[from] Grassy Terrain\n|-heal|p2b: Zygarde|45\/100 brn|[from] Grassy Terrain\n|-heal|p1b: Poof|58\/100|[from] Grassy Terrain\n|-damage|p2b: Zygarde|32\/100 brn|[from] Leech Seed|[of] p1b: Poof\n|-heal|p1b: Poof|77\/100|[silent]\n|-damage|p2b: Zygarde|26\/100 brn|[from] brn\n|upkeep\n|\n|t:|1697484626\n|switch|p2a: Oranguru|Oranguru, F|100\/100\n|turn|8\n|\n|t:|1697484645\n|move|p1a: Jorgen|Close Combat|p2b: Zygarde\n|-supereffective|p2b: Zygarde\n|-damage|p2b: Zygarde|0 fnt\n|-unboost|p1a: Jorgen|def|1\n|-unboost|p1a: Jorgen|spd|1\n|faint|p2b: Zygarde\n|move|p1b: Poof|Ancient Power|p2a: Oranguru\n|-damage|p2a: Oranguru|90\/100\n|-boost|p1b: Poof|atk|1\n|-boost|p1b: Poof|def|1\n|-boost|p1b: Poof|spa|1\n|-boost|p1b: Poof|spd|1\n|-boost|p1b: Poof|spe|1\n|move|p2a: Oranguru|Trick Room|p2a: Oranguru\n|-fieldstart|move: Trick Room|[of] p2a: Oranguru\n|\n|-heal|p2a: Oranguru|97\/100|[from] Grassy Terrain\n|-heal|p1b: Poof|83\/100|[from] Grassy Terrain\n|-heal|p1a: Jorgen|99\/100|[from] Grassy Terrain\n|upkeep\n|\n|t:|1697484656\n|switch|p2b: Glastrier|Glastrier|100\/100\n|turn|9\n|\n|t:|1697484671\n|move|p2b: Glastrier|Icicle Spear|p1a: Jorgen\n|-supereffective|p1a: Jorgen\n|-damage|p1a: Jorgen|56\/100\n|-supereffective|p1a: Jorgen\n|-damage|p1a: Jorgen|13\/100\n|-supereffective|p1a: Jorgen\n|-damage|p1a: Jorgen|0 fnt\n|faint|p1a: Jorgen\n|-ability|p2b: Glastrier|Chilling Neigh|boost\n|-boost|p2b: Glastrier|atk|1\n|-hitcount|p1: Jorgen|3\n|move|p2a: Oranguru|Instruct|p2b: Glastrier\n|-singleturn|p2b: Glastrier|move: Instruct|[of] p2a: Oranguru\n|move|p2b: Glastrier|Icicle Spear|p1b: Poof\n|-damage|p1b: Poof|65\/100\n|-damage|p1b: Poof|47\/100\n|-damage|p1b: Poof|28\/100\n|-damage|p1b: Poof|8\/100\n|-damage|p1b: Poof|0 fnt\n|faint|p1b: Poof\n|-ability|p2b: Glastrier|Chilling Neigh|boost\n|-boost|p2b: Glastrier|atk|1\n|-hitcount|p1: Poof|5\n|\n|-heal|p2a: Oranguru|100\/100|[from] Grassy Terrain\n|upkeep\n|inactive|LegendSylveon has 120 seconds left.\n|\n|t:|1697484694\n|switch|p1b: Juandissimo|Rapidash-Galar, M|100\/100\n|switch|p1a: Sparky|Dachsbun, M|100\/100\n|turn|10\n|\n|t:|1697484705\n|move|p2b: Glastrier|Icicle Spear|p1b: Juandissimo\n|-crit|p1b: Juandissimo\n|-damage|p1b: Juandissimo|27\/100\n|-damage|p1b: Juandissimo|0 fnt\n|faint|p1b: Juandissimo\n|-ability|p2b: Glastrier|Chilling Neigh|boost\n|-boost|p2b: Glastrier|atk|1\n|-hitcount|p1: Juandissimo|2\n|move|p2a: Oranguru|Instruct|p2b: Glastrier\n|-singleturn|p2b: Glastrier|move: Instruct|[of] p2a: Oranguru\n|move|p2b: Glastrier|Icicle Spear|p1a: Sparky\n|-damage|p1a: Sparky|71\/100\n|-damage|p1a: Sparky|42\/100\n|-damage|p1a: Sparky|13\/100\n|-damage|p1a: Sparky|0 fnt\n|faint|p1a: Sparky\n|-hitcount|p1: Sparky|4\n|\n|win|hbaef erg\n|raw|LegendSylveon's rating: 1026 &rarr; <strong>1011<\/strong><br \/>(-15 for losing)\n|raw|hbaef erg's rating: 1000 &rarr; <strong>1043<\/strong><br \/>(+43 for winning)\n|l|\u2606LegendSylveon\n","uploadtime":1697484723,"views":12,"p1id":"legendsylveon","p2id":"hbaeferg","formatid":"gen9nationaldexdoubles","rating":1011,"private":0,"password":""}