{"id":"gen9nationaldexdoubles-1964145254","p1":"Mokaccino321","p2":"willi1668","format":"[Gen 9] National Dex Doubles","log":"|j|\u2606Mokaccino321\n|j|\u2606willi1668\n|t:|1696945534\n|gametype|doubles\n|player|p1|Mokaccino321|2|\n|player|p2|willi1668|lucas|\n|teamsize|p1|6\n|teamsize|p2|6\n|gen|9\n|tier|[Gen 9] National Dex Doubles\n|rule|HP Percentage Mod: HP is shown in percentages\n|rule|Endless Battle Clause: Forcing endless battles is banned\n|rule|OHKO Clause: OHKO moves are banned\n|rule|Evasion Moves Clause: Evasion moves are banned\n|rule|Evasion Abilities Clause: Evasion abilities are banned\n|rule|Species Clause: Limit one of each Pok\u00e9mon\n|rule|Gravity Sleep Clause: The combination of sleep-inducing moves with imperfect accuracy and Gravity or Gigantamax Orbeetle are banned\n|clearpoke\n|poke|p1|Cradily, F|\n|poke|p1|Aerodactyl, M|\n|poke|p1|Arcanine-Hisui, F|\n|poke|p1|Nihilego|\n|poke|p1|Tyranitar, M|\n|poke|p1|Aggron, F|\n|poke|p2|Lucario, M|\n|poke|p2|Gyarados, M|\n|poke|p2|Charizard, M|\n|poke|p2|Garchomp, M|\n|poke|p2|Kleavor, F|\n|poke|p2|Gengar, M|\n|teampreview\n|c|\u2606Mokaccino321|Hello :3\n|c|\u2606Mokaccino321|Remember you need to have the EXACT Team (such as IVs, EVs, Nature, Ability, Moves) in-game in order for  your win to count~\n|c|\u2606Mokaccino321|If you win this battle, you will be required to ping your Team in-game for verification prior to getting the badge!\n|c|\u2606Mokaccino321|(also no tera xd)\n|c|\u2606willi1668|No tera\n|\n|t:|1696945547\n|start\n|switch|p1a: Aerodactyl|Aerodactyl, M|100\/100\n|switch|p1b: Tyranitar|Tyranitar, M|100\/100\n|switch|p2a: Lucario|Lucario, M, shiny|100\/100\n|switch|p2b: Gengar|Gengar, M|100\/100\n|-ability|p1a: Aerodactyl|Unnerve\n|-weather|Sandstorm|[from] ability: Sand Stream|[of] p1b: Tyranitar\n|turn|1\n|\n|t:|1696945558\n|move|p1a: Aerodactyl|Sky Drop||[still]\n|-prepare|p1a: Aerodactyl|Sky Drop|p2a: Lucario\n|move|p2b: Gengar|Dark Pulse|p1a: Aerodactyl|[miss]\n|-miss|p2b: Gengar|p1a: Aerodactyl\n|move|p1b: Tyranitar|Crunch|p2b: Gengar\n|-supereffective|p2b: Gengar\n|-damage|p2b: Gengar|0 fnt\n|-start|p1b: Tyranitar|Disable|Crunch|[from] ability: Cursed Body|[of] p2b: Gengar\n|faint|p2b: Gengar\n|-damage|p1b: Tyranitar|91\/100|[from] item: Life Orb\n|\n|-weather|Sandstorm|[upkeep]\n|upkeep\n|\n|t:|1696945571\n|switch|p2b: Garchomp|Garchomp, M, shiny|100\/100\n|turn|2\n|\n|t:|1696945581\n|move|p1a: Aerodactyl|Sky Drop|p2a: Lucario|[from]lockedmove\n|-damage|p2a: Lucario|70\/100\n|-end|p2a: Lucario|Sky Drop\n|move|p2b: Garchomp|Dragon Claw|p1a: Aerodactyl\n|-damage|p1a: Aerodactyl|40\/100\n|move|p1b: Tyranitar|Ice Punch|p2b: Garchomp\n|-supereffective|p2b: Garchomp\n|-damage|p2b: Garchomp|0 fnt\n|-damage|p1b: Tyranitar|78\/100|[from] ability: Rough Skin|[of] p2b: Garchomp\n|faint|p2b: Garchomp\n|-damage|p1b: Tyranitar|68\/100|[from] item: Life Orb\n|move|p2a: Lucario|Aura Sphere|p1b: Tyranitar\n|-supereffective|p1b: Tyranitar\n|-damage|p1b: Tyranitar|0 fnt\n|faint|p1b: Tyranitar\n|\n|-weather|Sandstorm|[upkeep]\n|upkeep\n|\n|t:|1696945602\n|switch|p2b: Kleavor|Kleavor, F, shiny|100\/100\n|switch|p1b: Cradily|Cradily, F|100\/100\n|turn|3\n|\n|t:|1696945613\n|move|p1a: Aerodactyl|Tailwind|p1a: Aerodactyl\n|-sidestart|p1: Mokaccino321|move: Tailwind\n|move|p1b: Cradily|Earth Power|p2a: Lucario\n|-supereffective|p2a: Lucario\n|-damage|p2a: Lucario|11\/100\n|move|p2a: Lucario|Aura Sphere|p1b: Cradily\n|-supereffective|p1b: Cradily\n|-damage|p1b: Cradily|73\/100\n|move|p2b: Kleavor|X-Scissor|p1a: Aerodactyl\n|-resisted|p1a: Aerodactyl\n|-damage|p1a: Aerodactyl|14\/100\n|\n|-weather|Sandstorm|[upkeep]\n|upkeep\n|turn|4\n|\n|t:|1696945626\n|move|p1a: Aerodactyl|Sky Drop||[still]\n|-prepare|p1a: Aerodactyl|Sky Drop|p2a: Lucario\n|move|p1b: Cradily|Meteor Beam||[still]\n|-prepare|p1b: Cradily|Meteor Beam\n|-boost|p1b: Cradily|spa|1\n|-enditem|p1b: Cradily|Power Herb\n|-anim|p1b: Cradily|Meteor Beam|p2b: Kleavor\n|-supereffective|p2b: Kleavor\n|-damage|p2b: Kleavor|0 fnt\n|faint|p2b: Kleavor\n|\n|-weather|Sandstorm|[upkeep]\n|upkeep\n|\n|t:|1696945630\n|switch|p2b: Gyarados|Gyarados, M, shiny|100\/100\n|-ability|p2b: Gyarados|Intimidate|boost\n|-unboost|p1a: Aerodactyl|atk|1\n|-unboost|p1b: Cradily|atk|1\n|turn|5\n|\n|t:|1696945637\n|detailschange|p2b: Gyarados|Gyarados-Mega, M, shiny\n|-mega|p2b: Gyarados|Gyarados|Gyaradosite\n|-ability|p2b: Gyarados|Mold Breaker\n|move|p1a: Aerodactyl|Sky Drop|p2a: Lucario|[from]lockedmove\n|-damage|p2a: Lucario|0 fnt\n|faint|p2a: Lucario\n|move|p1b: Cradily|Giga Drain|p2b: Gyarados\n|-supereffective|p2b: Gyarados\n|-damage|p2b: Gyarados|54\/100\n|-heal|p1b: Cradily|98\/100|[from] drain|[of] p2b: Gyarados\n|move|p2b: Gyarados|Crunch|p1a: Aerodactyl\n|-damage|p1a: Aerodactyl|0 fnt\n|faint|p1a: Aerodactyl\n|\n|-weather|none\n|upkeep\n|\n|t:|1696945655\n|switch|p1a: Arcanine|Arcanine-Hisui, F|100\/100\n|switch|p2a: Charizard|Charizard, M, shiny|100\/100\n|turn|6\n|\n|t:|1696945662\n|move|p1a: Arcanine|Head Smash|p2b: Gyarados\n|-damage|p2b: Gyarados|0 fnt\n|faint|p2b: Gyarados\n|-damage|p1a: Arcanine|91\/100|[from] item: Life Orb\n|move|p2a: Charizard|Flare Blitz|p1b: Cradily\n|-damage|p1b: Cradily|54\/100\n|-damage|p2a: Charizard|85\/100|[from] Recoil\n|move|p1b: Cradily|Meteor Beam||[still]\n|-prepare|p1b: Cradily|Meteor Beam\n|-boost|p1b: Cradily|spa|1\n|\n|-sideend|p1: Mokaccino321|move: Tailwind\n|upkeep\n|turn|7\n|\n|t:|1696945675\n|move|p1a: Arcanine|Extreme Speed|p2a: Charizard\n|-damage|p2a: Charizard|45\/100\n|-damage|p1a: Arcanine|81\/100|[from] item: Life Orb\n|move|p2a: Charizard|Flare Blitz|p1b: Cradily\n|-damage|p1b: Cradily|10\/100\n|-damage|p2a: Charizard|30\/100|[from] Recoil\n|move|p1b: Cradily|Meteor Beam|p2a: Charizard|[from]lockedmove\n|-supereffective|p2a: Charizard\n|-damage|p2a: Charizard|0 fnt\n|faint|p2a: Charizard\n|\n|win|Mokaccino321\n|c|\u2606willi1668|Gg\n|c|\u2606Mokaccino321|gg :3\n","uploadtime":1696945693,"views":14,"p1id":"mokaccino321","p2id":"willi1668","formatid":"gen9nationaldexdoubles","rating":0,"private":0,"password":""}