{"id":"gen9nationaldexdoubles-1998264940","p1":"flutteringfairryyy","p2":"Ancientguirus","format":"[Gen 9] National Dex Doubles","log":"|j|\u2606flutteringfairryyy\n|j|\u2606Ancientguirus\n|t:|1700921979\n|gametype|doubles\n|player|p1|flutteringfairryyy|idol|\n|player|p2|Ancientguirus|raihan|\n|teamsize|p1|6\n|teamsize|p2|6\n|gen|9\n|tier|[Gen 9] National Dex Doubles\n|rule|HP Percentage Mod: HP is shown in percentages\n|rule|Endless Battle Clause: Forcing endless battles is banned\n|rule|OHKO Clause: OHKO moves are banned\n|rule|Evasion Moves Clause: Evasion moves are banned\n|rule|Evasion Abilities Clause: Evasion abilities are banned\n|rule|Species Clause: Limit one of each Pok\u00e9mon\n|rule|Gravity Sleep Clause: The combination of sleep-inducing moves with imperfect accuracy and Gravity or Gigantamax Orbeetle are banned\n|clearpoke\n|poke|p1|Furfrou-Matron, F|\n|poke|p1|Audino, F|\n|poke|p1|Dubwool, M|\n|poke|p1|Cinccino, M|\n|poke|p1|Delcatty, F|\n|poke|p1|Lopunny, F|\n|poke|p2|Swampert, M|\n|poke|p2|Typhlosion-Hisui, M|\n|poke|p2|Skeledirge, M|\n|poke|p2|Quaquaval, M|\n|poke|p2|Rillaboom, M|\n|poke|p2|Venusaur, M|\n|teampreview\n|\n|t:|1700922005\n|start\n|switch|p1a: Furfrou|Furfrou-Matron, F|100\/100\n|switch|p1b: Audino|Audino, F|100\/100\n|switch|p2a: Skeledirge|Skeledirge, M|100\/100\n|switch|p2b: Quaquaval|Quaquaval, M|100\/100\n|turn|1\n|\n|t:|1700922035\n|move|p1b: Audino|Protect|p1b: Audino\n|-singleturn|p1b: Audino|Protect\n|move|p1a: Furfrou|Substitute|p1a: Furfrou\n|-start|p1a: Furfrou|Substitute\n|-damage|p1a: Furfrou|75\/100\n|move|p2b: Quaquaval|Aqua Step|p1b: Audino\n|-activate|p1b: Audino|move: Protect\n|move|p2a: Skeledirge|Torch Song|p1b: Audino\n|-activate|p1b: Audino|move: Protect\n|\n|-heal|p1a: Furfrou|82\/100|[from] item: Leftovers\n|upkeep\n|turn|2\n|\n|t:|1700922052\n|detailschange|p1b: Audino|Audino-Mega, F\n|-mega|p1b: Audino|Audino|Audinite\n|move|p1a: Furfrou|Cotton Guard|p1a: Furfrou\n|-boost|p1a: Furfrou|def|3\n|move|p2b: Quaquaval|Brick Break|p1a: Furfrou\n|-supereffective|p1a: Furfrou\n|-activate|p1a: Furfrou|move: Substitute|[damage]\n|move|p2a: Skeledirge|Torch Song|p1a: Furfrou\n|-damage|p1a: Furfrou|30\/100\n|-boost|p2a: Skeledirge|spa|1\n|move|p1b: Audino|Dazzling Gleam|p2b: Quaquaval|[spread] p2a,p2b\n|-resisted|p2a: Skeledirge\n|-supereffective|p2b: Quaquaval\n|-damage|p2a: Skeledirge|95\/100\n|-damage|p2b: Quaquaval|55\/100\n|\n|-heal|p1a: Furfrou|36\/100|[from] item: Leftovers\n|-heal|p2b: Quaquaval|62\/100|[from] item: Leftovers\n|upkeep\n|turn|3\n|\n|t:|1700922076\n|move|p1a: Furfrou|Protect|p1a: Furfrou\n|-singleturn|p1a: Furfrou|Protect\n|move|p2b: Quaquaval|Aqua Step|p1b: Audino\n|-damage|p1b: Audino|76\/100\n|-boost|p2b: Quaquaval|spe|1\n|move|p2a: Skeledirge|Torch Song|p1b: Audino\n|-damage|p1b: Audino|36\/100\n|-boost|p2a: Skeledirge|spa|1\n|move|p1b: Audino|Life Dew|p1b: Audino|[spread] p1a,p1b\n|-heal|p1a: Furfrou|61\/100\n|-heal|p1b: Audino|61\/100\n|\n|-heal|p2b: Quaquaval|68\/100|[from] item: Leftovers\n|-heal|p1a: Furfrou|68\/100|[from] item: Leftovers\n|upkeep\n|turn|4\n|\n|t:|1700922097\n|move|p2b: Quaquaval|Brick Break|p1a: Furfrou\n|-supereffective|p1a: Furfrou\n|-end|p1a: Furfrou|Substitute\n|move|p1a: Furfrou|Cotton Guard|p1a: Furfrou\n|-boost|p1a: Furfrou|def|3\n|move|p2a: Skeledirge|Torch Song|p1a: Furfrou\n|-damage|p1a: Furfrou|0 fnt\n|-boost|p2a: Skeledirge|spa|1\n|faint|p1a: Furfrou\n|move|p1b: Audino|Life Dew|p1b: Audino\n|-heal|p1b: Audino|86\/100\n|\n|-heal|p2b: Quaquaval|74\/100|[from] item: Leftovers\n|upkeep\n|\n|t:|1700922137\n|switch|p1a: Lopunny|Lopunny, F|100\/100\n|turn|5\n|\n|t:|1700922173\n|move|p1b: Audino|Protect|p1b: Audino\n|-singleturn|p1b: Audino|Protect\n|move|p2b: Quaquaval|Brick Break|p1a: Lopunny\n|-supereffective|p1a: Lopunny\n|-damage|p1a: Lopunny|0 fnt\n|faint|p1a: Lopunny\n|-ability|p2b: Quaquaval|Moxie|boost\n|-boost|p2b: Quaquaval|atk|1\n|move|p2a: Skeledirge|Torch Song|p1b: Audino\n|-activate|p1b: Audino|move: Protect\n|\n|-heal|p2b: Quaquaval|80\/100|[from] item: Leftovers\n|upkeep\n|\n|t:|1700922195\n|switch|p1a: Cinccino|Cinccino, M|100\/100\n|turn|6\n|\n|t:|1700922218\n|move|p1a: Cinccino|Protect|p1a: Cinccino\n|-singleturn|p1a: Cinccino|Protect\n|move|p2b: Quaquaval|Brick Break|p1a: Cinccino\n|-activate|p1a: Cinccino|move: Protect\n|move|p2a: Skeledirge|Torch Song|p1a: Cinccino\n|-activate|p1a: Cinccino|move: Protect\n|move|p1b: Audino|Substitute|p1b: Audino\n|-start|p1b: Audino|Substitute\n|-damage|p1b: Audino|61\/100\n|\n|-heal|p2b: Quaquaval|86\/100|[from] item: Leftovers\n|upkeep\n|turn|7\n|\n|t:|1700922249\n|move|p2b: Quaquaval|Brick Break|p1a: Cinccino\n|-supereffective|p1a: Cinccino\n|-damage|p1a: Cinccino|0 fnt\n|faint|p1a: Cinccino\n|-ability|p2b: Quaquaval|Moxie|boost\n|-boost|p2b: Quaquaval|atk|1\n|move|p2a: Skeledirge|Earth Power|p1b: Audino\n|-end|p1b: Audino|Substitute\n|move|p1b: Audino|Life Dew|p1b: Audino\n|-heal|p1b: Audino|86\/100\n|\n|-heal|p2b: Quaquaval|92\/100|[from] item: Leftovers\n|upkeep\n|\n|t:|1700922265\n|switch|p1a: Dubwool|Dubwool, M|100\/100\n|turn|8\n|\n|t:|1700922304\n|switch|p2b: Rillaboom|Rillaboom, M|100\/100\n|-fieldstart|move: Grassy Terrain|[from] ability: Grassy Surge|[of] p2b: Rillaboom\n|-enditem|p2b: Rillaboom|Grassy Seed\n|-boost|p2b: Rillaboom|def|1|[from] item: Grassy Seed\n|move|p1a: Dubwool|Protect|p1a: Dubwool\n|-singleturn|p1a: Dubwool|Protect\n|move|p2a: Skeledirge|Torch Song|p1b: Audino\n|-damage|p1b: Audino|18\/100\n|-boost|p2a: Skeledirge|spa|1\n|move|p1b: Audino|Dazzling Gleam|p2b: Rillaboom|[spread] p2a,p2b\n|-resisted|p2a: Skeledirge\n|-damage|p2a: Skeledirge|89\/100\n|-damage|p2b: Rillaboom|76\/100\n|\n|-heal|p2b: Rillaboom|82\/100|[from] Grassy Terrain\n|-heal|p2a: Skeledirge|95\/100|[from] Grassy Terrain\n|-heal|p1b: Audino|24\/100|[from] Grassy Terrain\n|upkeep\n|turn|9\n|\n|t:|1700922332\n|move|p1b: Audino|Protect|p1b: Audino\n|-singleturn|p1b: Audino|Protect\n|move|p2b: Rillaboom|Fake Out|p1a: Dubwool\n|-damage|p1a: Dubwool|95\/100\n|cant|p1a: Dubwool|flinch\n|move|p2a: Skeledirge|Earth Power|p1b: Audino\n|-activate|p1b: Audino|move: Protect\n|\n|-heal|p2b: Rillaboom|88\/100|[from] Grassy Terrain\n|-heal|p1a: Dubwool|100\/100|[from] Grassy Terrain\n|-heal|p2a: Skeledirge|100\/100|[from] Grassy Terrain\n|-heal|p1b: Audino|30\/100|[from] Grassy Terrain\n|upkeep\n|turn|10\n|\n|t:|1700922379\n|move|p2b: Rillaboom|Wood Hammer|p1b: Audino\n|-damage|p1b: Audino|0 fnt\n|faint|p1b: Audino\n|-damage|p2b: Rillaboom|78\/100|[from] Recoil\n|move|p1a: Dubwool|Cotton Guard|p1a: Dubwool\n|-boost|p1a: Dubwool|def|3\n|move|p2a: Skeledirge|Torch Song|p1a: Dubwool\n|-damage|p1a: Dubwool|0 fnt\n|-boost|p2a: Skeledirge|spa|1\n|faint|p1a: Dubwool\n|\n|-heal|p2b: Rillaboom|84\/100|[from] Grassy Terrain\n|upkeep\n|\n|t:|1700922398\n|switch|p1a: Delcatty|Delcatty, F|100\/100\n|turn|11\n|\n|t:|1700922414\n|-terastallize|p1a: Delcatty|Normal\n|move|p1a: Delcatty|Fake Out|p2a: Skeledirge\n|-immune|p2a: Skeledirge\n|move|p2b: Rillaboom|Acrobatics|p1a: Delcatty\n|-damage|p1a: Delcatty|36\/100\n|move|p2a: Skeledirge|Torch Song|p1a: Delcatty\n|-damage|p1a: Delcatty|0 fnt\n|-boost|p2a: Skeledirge|spa|1\n|faint|p1a: Delcatty\n|\n|win|Ancientguirus\n|l|\u2606flutteringfairryyy\n","uploadtime":1700922466,"views":1,"p1id":"flutteringfairryyy","p2id":"ancientguirus","formatid":"gen9nationaldexdoubles","rating":0,"private":0,"password":""}