{"id":"gen9nationaldexdoubles-1967649514","p1":"mmmirza","p2":"DracoToxic357","format":"[Gen 9] National Dex Doubles","log":"|j|\u2606mmmirza\n|j|\u2606DracoToxic357\n|t:|1697322925\n|gametype|doubles\n|player|p1|mmmirza|2|1000\n|player|p2|DracoToxic357|lance|1000\n|teamsize|p1|6\n|teamsize|p2|6\n|gen|9\n|tier|[Gen 9] National Dex Doubles\n|rated|\n|rule|HP Percentage Mod: HP is shown in percentages\n|rule|Endless Battle Clause: Forcing endless battles is banned\n|rule|OHKO Clause: OHKO moves are banned\n|rule|Evasion Moves Clause: Evasion moves are banned\n|rule|Evasion Abilities Clause: Evasion abilities are banned\n|rule|Species Clause: Limit one of each Pok\u00e9mon\n|rule|Gravity Sleep Clause: The combination of sleep-inducing moves with imperfect accuracy and Gravity or Gigantamax Orbeetle are banned\n|clearpoke\n|poke|p1|Volcarona, F|\n|poke|p1|Smeargle, M|\n|poke|p1|Tapu Lele|\n|poke|p1|Tapu Fini|\n|poke|p1|Suicune|\n|poke|p1|Chien-Pao|\n|poke|p2|Skuntank, M|\n|poke|p2|Kingambit, F|\n|poke|p2|Houndoom, M|\n|poke|p2|Persian-Alola, F|\n|poke|p2|Lokix, M|\n|poke|p2|Sableye, M|\n|teampreview\n|inactive|Battle timer is ON: inactive players will automatically lose when time's up. (requested by mmmirza)\n|\n|t:|1697322931\n|start\n|switch|p1a: Miami Terror|Volcarona, F|100\/100\n|switch|p1b: Bobby Lee|Smeargle, M|100\/100\n|switch|p2a: Skuntank|Skuntank, M|100\/100\n|switch|p2b: Kingambit|Kingambit, F|100\/100\n|turn|1\n|\n|t:|1697322946\n|move|p2a: Skuntank|Sucker Punch||[still]\n|-fail|p2a: Skuntank\n|move|p1b: Bobby Lee|Spore|p2b: Kingambit\n|-status|p2b: Kingambit|slp|[from] move: Spore\n|move|p1a: Miami Terror|Quiver Dance|p1a: Miami Terror\n|-boost|p1a: Miami Terror|spa|1\n|-boost|p1a: Miami Terror|spd|1\n|-boost|p1a: Miami Terror|spe|1\n|cant|p2b: Kingambit|slp\n|\n|-ability|p1b: Bobby Lee|Moody|boost\n|-boost|p1b: Bobby Lee|spd|2\n|-unboost|p1b: Bobby Lee|def|1\n|upkeep\n|turn|2\n|\n|t:|1697322964\n|move|p1a: Miami Terror|Quiver Dance|p1a: Miami Terror\n|-boost|p1a: Miami Terror|spa|1\n|-boost|p1a: Miami Terror|spd|1\n|-boost|p1a: Miami Terror|spe|1\n|move|p1b: Bobby Lee|Spore|p2a: Skuntank\n|-status|p2a: Skuntank|slp|[from] move: Spore\n|cant|p2a: Skuntank|slp\n|cant|p2b: Kingambit|slp\n|\n|-ability|p1b: Bobby Lee|Moody|boost\n|-boost|p1b: Bobby Lee|spa|2\n|-unboost|p1b: Bobby Lee|spe|1\n|upkeep\n|turn|3\n|c|\u2606DracoToxic357|That's a cheap trick.\n|c|\u2606mmmirza|yup it is\n|\n|t:|1697322990\n|move|p1b: Bobby Lee|Follow Me|p1b: Bobby Lee\n|-singleturn|p1b: Bobby Lee|move: Follow Me\n|cant|p2a: Skuntank|slp\n|move|p1a: Miami Terror|Heat Wave|p2b: Kingambit|[spread] p2a,p2b\n|-supereffective|p2b: Kingambit\n|-damage|p2a: Skuntank|28\/100 slp\n|-damage|p2b: Kingambit|0 fnt\n|faint|p2b: Kingambit\n|\n|-heal|p2a: Skuntank|34\/100 slp|[from] item: Black Sludge\n|-ability|p1b: Bobby Lee|Moody|boost\n|-boost|p1b: Bobby Lee|spd|2\n|-unboost|p1b: Bobby Lee|atk|1\n|upkeep\n|inactive|DracoToxic357 has 120 seconds left.\n|\n|t:|1697323004\n|switch|p2b: Persian|Persian-Alola, F|100\/100\n|turn|4\n|\n|t:|1697323013\n|move|p1b: Bobby Lee|King's Shield|p1b: Bobby Lee\n|-singleturn|p1b: Bobby Lee|Protect\n|move|p2b: Persian|Fake Out|p1b: Bobby Lee\n|-activate|p1b: Bobby Lee|move: Protect\n|-unboost|p2b: Persian|atk|1\n|move|p1a: Miami Terror|Heat Wave|p2b: Persian|[spread] p2a\n|-miss|p1a: Miami Terror|p2b: Persian\n|-damage|p2a: Skuntank|0 fnt\n|faint|p2a: Skuntank\n|\n|-ability|p1b: Bobby Lee|Moody|boost\n|-boost|p1b: Bobby Lee|atk|2\n|-unboost|p1b: Bobby Lee|spa|1\n|upkeep\n|\n|t:|1697323027\n|switch|p2a: Houndoom|Houndoom, M|100\/100\n|turn|5\n|\n|t:|1697323034\n|move|p1a: Miami Terror|Protect|p1a: Miami Terror\n|-singleturn|p1a: Miami Terror|Protect\n|move|p2b: Persian|Power Gem|p1a: Miami Terror\n|-activate|p1a: Miami Terror|move: Protect\n|move|p2a: Houndoom|Destiny Bond|p2a: Houndoom\n|-singlemove|p2a: Houndoom|Destiny Bond\n|move|p1b: Bobby Lee|Spore|p2a: Houndoom\n|-status|p2a: Houndoom|slp|[from] move: Spore\n|\n|-ability|p1b: Bobby Lee|Moody|boost\n|-boost|p1b: Bobby Lee|spd|2\n|-unboost|p1b: Bobby Lee|def|1\n|upkeep\n|turn|6\n|\n|t:|1697323058\n|move|p1b: Bobby Lee|Follow Me|p1b: Bobby Lee\n|-singleturn|p1b: Bobby Lee|move: Follow Me\n|move|p1a: Miami Terror|Giga Drain|p2b: Persian\n|-damage|p2b: Persian|31\/100\n|move|p2b: Persian|Play Rough|p1b: Bobby Lee\n|-damage|p1b: Bobby Lee|60\/100\n|-unboost|p1b: Bobby Lee|atk|1\n|cant|p2a: Houndoom|slp\n|\n|-ability|p1b: Bobby Lee|Moody|boost\n|-boost|p1b: Bobby Lee|def|2\n|-unboost|p1b: Bobby Lee|spe|1\n|upkeep\n|turn|7\n|\n|t:|1697323079\n|move|p1a: Miami Terror|Giga Drain|p2b: Persian\n|-damage|p2b: Persian|0 fnt\n|faint|p2b: Persian\n|-curestatus|p2a: Houndoom|slp|[msg]\n|move|p2a: Houndoom|Psychic Fangs|p1b: Bobby Lee\n|-damage|p1b: Bobby Lee|14\/100\n|move|p1b: Bobby Lee|Spore|p2a: Houndoom\n|-status|p2a: Houndoom|slp|[from] move: Spore\n|\n|-ability|p1b: Bobby Lee|Moody|boost\n|-boost|p1b: Bobby Lee|def|2\n|-unboost|p1b: Bobby Lee|spa|1\n|upkeep\n|\n|t:|1697323093\n|switch|p2b: Lokix|Lokix, M|100\/100\n|turn|8\n|\n|t:|1697323105\n|move|p1b: Bobby Lee|King's Shield|p1b: Bobby Lee\n|-singleturn|p1b: Bobby Lee|Protect\n|move|p1a: Miami Terror|Heat Wave|p2b: Lokix|[spread] p2a,p2b\n|-resisted|p2a: Houndoom\n|-supereffective|p2b: Lokix\n|-damage|p2a: Houndoom|65\/100 slp\n|-damage|p2b: Lokix|0 fnt\n|faint|p2b: Lokix\n|cant|p2a: Houndoom|slp\n|\n|-ability|p1b: Bobby Lee|Moody|boost\n|-boost|p1b: Bobby Lee|spa|2\n|-unboost|p1b: Bobby Lee|atk|1\n|upkeep\n|\n|t:|1697323116\n|switch|p2b: Sableye|Sableye, M|100\/100\n|turn|9\n|\n|t:|1697323137\n|switch|p1b: Phoebe|Tapu Lele|100\/100\n|-fieldstart|move: Psychic Terrain|[from] ability: Psychic Surge|[of] p1b: Phoebe\n|detailschange|p2b: Sableye|Sableye-Mega, M\n|-mega|p2b: Sableye|Sableye|Sablenite\n|-terastallize|p2a: Houndoom|Dark\n|move|p2b: Sableye|Fake Out|p1b: Phoebe\n|-activate|p1b: Phoebe|move: Psychic Terrain\n|move|p1a: Miami Terror|Heat Wave|p2b: Sableye|[spread] p2a,p2b\n|-damage|p2a: Houndoom|0 fnt\n|-damage|p2b: Sableye|30\/100\n|faint|p2a: Houndoom\n|\n|upkeep\n|turn|10\n|\n|t:|1697323151\n|move|p1a: Miami Terror|Giga Drain|p2b: Sableye\n|-damage|p2b: Sableye|0 fnt\n|faint|p2b: Sableye\n|\n|win|mmmirza\n|raw|mmmirza's rating: 1000 &rarr; <strong>1040<\/strong><br \/>(+40 for winning)\n|raw|DracoToxic357's rating: 1000 &rarr; <strong>1000<\/strong><br \/>(+0 for losing)\n|c|\u2606mmmirza|gg\n","uploadtime":1697323161,"views":3,"p1id":"mmmirza","p2id":"dracotoxic357","formatid":"gen9nationaldexdoubles","rating":1000,"private":0,"password":""}