{"id":"gen9nationaldexdoubles-1965737078","p1":"Sakura the blossom","p2":"KnownAsSage","format":"[Gen 9] National Dex Doubles","log":"|j|\u2606Sakura the blossom\n|j|\u2606KnownAsSage\n|t:|1697114547\n|gametype|doubles\n|player|p1|Sakura the blossom|caitlin|\n|player|p2|KnownAsSage|veteran|\n|teamsize|p1|6\n|teamsize|p2|6\n|gen|9\n|tier|[Gen 9] National Dex Doubles\n|rule|HP Percentage Mod: HP is shown in percentages\n|rule|Endless Battle Clause: Forcing endless battles is banned\n|rule|OHKO Clause: OHKO moves are banned\n|rule|Evasion Moves Clause: Evasion moves are banned\n|rule|Evasion Abilities Clause: Evasion abilities are banned\n|rule|Species Clause: Limit one of each Pok\u00e9mon\n|rule|Gravity Sleep Clause: The combination of sleep-inducing moves with imperfect accuracy and Gravity or Gigantamax Orbeetle are banned\n|clearpoke\n|poke|p1|Hatterene, F|\n|poke|p1|Indeedee-F, F|\n|poke|p1|Reuniclus, F|\n|poke|p1|Musharna, F|\n|poke|p1|Mawile, F|\n|poke|p1|Pangoro, M|\n|poke|p2|Greninja-*, M|\n|poke|p2|Carracosta, F|\n|poke|p2|Donphan, F|\n|poke|p2|Torkoal, M|\n|poke|p2|Zoroark, M|\n|poke|p2|Oranguru, F|\n|teampreview\n|inactive|Battle timer is ON: inactive players will automatically lose when time's up. (requested by Sakura the blossom)\n|c|\u2606KnownAsSage|ooh\n|c|\u2606Sakura the blossom|Gl hg\n|c|\u2606KnownAsSage|i was expecting the other team now demmm\n|c|\u2606KnownAsSage|glhf\n|inactive|Sakura the blossom has 270 seconds left.\n|\n|t:|1697114586\n|start\n|switch|p1a: Pangoro|Pangoro, M|100\/100\n|switch|p1b: Musharna|Musharna, F|100\/100\n|switch|p2a: Greninja|Greninja, M|100\/100\n|switch|p2b: Torkoal|Torkoal, M|100\/100\n|-activate|p1b: Musharna|ability: Forewarn|Scald|[of] p2a: Greninja\n|turn|1\n|\n|t:|1697114608\n|move|p2b: Torkoal|Trick|p1a: Pangoro\n|-activate|p2b: Torkoal|move: Trick|[of] p1a: Pangoro\n|-item|p1a: Pangoro|Choice Scarf|[from] move: Trick\n|-item|p2b: Torkoal|Wide Lens|[from] move: Trick\n|move|p2a: Greninja|Dark Pulse|p1b: Musharna\n|-supereffective|p1b: Musharna\n|-damage|p1b: Musharna|44\/100\n|-enditem|p1b: Musharna|Sitrus Berry|[eat]\n|-heal|p1b: Musharna|69\/100|[from] item: Sitrus Berry\n|move|p1a: Pangoro|Hammer Arm|p2b: Torkoal\n|-supereffective|p2b: Torkoal\n|-damage|p2b: Torkoal|0 fnt\n|-unboost|p1a: Pangoro|spe|1\n|replace|p2b: Zoroark|Zoroark, M\n|-end|p2b: Zoroark|Illusion\n|faint|p2b: Zoroark\n|move|p1b: Musharna|Moonblast|p2a: Greninja\n|-supereffective|p2a: Greninja\n|-enditem|p2a: Greninja|Focus Sash\n|-damage|p2a: Greninja|1\/100\n|\n|upkeep\n|inactive|KnownAsSage has 270 seconds left.\n|\n|t:|1697114634\n|switch|p2b: Torkoal|Torkoal, M|100\/100\n|-weather|SunnyDay|[from] ability: Drought|[of] p2b: Torkoal\n|turn|2\n|\n|t:|1697114649\n|move|p2a: Greninja|Dark Pulse|p1b: Musharna\n|-supereffective|p1b: Musharna\n|-crit|p1b: Musharna\n|-damage|p1b: Musharna|0 fnt\n|faint|p1b: Musharna\n|-ability|p2a: Greninja|Battle Bond|boost\n|-boost|p2a: Greninja|atk|1\n|-boost|p2a: Greninja|spa|1\n|-boost|p2a: Greninja|spe|1\n|-activate|p2a: Greninja|ability: Battle Bond\n|move|p1a: Pangoro|Hammer Arm|p2a: Greninja\n|-supereffective|p2a: Greninja\n|-damage|p2a: Greninja|0 fnt\n|-unboost|p1a: Pangoro|spe|1\n|faint|p2a: Greninja\n|move|p2b: Torkoal|Eruption|p1a: Pangoro\n|-damage|p1a: Pangoro|0 fnt\n|faint|p1a: Pangoro\n|\n|-weather|SunnyDay|[upkeep]\n|upkeep\n|inactive|Sakura the blossom has 270 seconds left.\n|\n|t:|1697114682\n|switch|p2a: Oranguru|Oranguru, F|100\/100\n|switch|p1a: Indeedee|Indeedee-F, F, shiny|100\/100\n|switch|p1b: Reuniclus|Reuniclus, F, shiny|100\/100\n|-fieldstart|move: Psychic Terrain|[from] ability: Psychic Surge|[of] p1a: Indeedee\n|-enditem|p1a: Indeedee|Psychic Seed\n|-boost|p1a: Indeedee|spd|1|[from] item: Psychic Seed\n|turn|3\n|\n|t:|1697114697\n|move|p1a: Indeedee|Psychic|p2b: Torkoal\n|-damage|p2b: Torkoal|38\/100\n|move|p2b: Torkoal|Eruption|p1b: Reuniclus|[spread] p1a,p1b\n|-damage|p1a: Indeedee|85\/100\n|-damage|p1b: Reuniclus|79\/100\n|move|p1b: Reuniclus|Expanding Force|p2a: Oranguru|[spread] p2a,p2b\n|-resisted|p2a: Oranguru\n|-damage|p2a: Oranguru|68\/100\n|-damage|p2b: Torkoal|0 fnt\n|faint|p2b: Torkoal\n|move|p2a: Oranguru|Trick Room|p2a: Oranguru\n|-fieldstart|move: Trick Room|[of] p2a: Oranguru\n|\n|-weather|SunnyDay|[upkeep]\n|-heal|p2a: Oranguru|75\/100|[from] item: Leftovers\n|upkeep\n|\n|t:|1697114711\n|switch|p2b: Carracosta|Carracosta, F|100\/100\n|turn|4\n|c|\u2606Sakura the blossom|Ty for the trick room\n|c|\u2606KnownAsSage|oof\n|\n|t:|1697114730\n|move|p2b: Carracosta|Aqua Jet|p1a: Indeedee\n|-activate|p1a: Indeedee|move: Psychic Terrain\n|move|p1b: Reuniclus|Expanding Force|p2a: Oranguru|[spread] p2a,p2b\n|-resisted|p2a: Oranguru\n|-damage|p2a: Oranguru|39\/100\n|-ability|p2b: Carracosta|Sturdy\n|-damage|p2b: Carracosta|1\/100\n|-enditem|p2b: Carracosta|Liechi Berry|[eat]\n|-boost|p2b: Carracosta|atk|1|[from] item: Liechi Berry\n|move|p2a: Oranguru|Shadow Ball|p1a: Indeedee\n|-immune|p1a: Indeedee\n|move|p1a: Indeedee|Dazzling Gleam|p2a: Oranguru|[spread] p2a,p2b\n|-damage|p2a: Oranguru|27\/100\n|-damage|p2b: Carracosta|0 fnt\n|faint|p2b: Carracosta\n|\n|-weather|SunnyDay|[upkeep]\n|-heal|p2a: Oranguru|34\/100|[from] item: Leftovers\n|upkeep\n|c|\u2606KnownAsSage|oh ye dem\n|c|\u2606KnownAsSage|oooooof\n|inactive|KnownAsSage has 270 seconds left.\n|\n|t:|1697114751\n|switch|p2b: Donphan|Donphan, F|100\/100\n|turn|5\n|\n|t:|1697114762\n|move|p1b: Reuniclus|Expanding Force|p2b: Donphan|[spread] p2a,p2b\n|-resisted|p2a: Oranguru\n|-damage|p2a: Oranguru|0 fnt\n|-damage|p2b: Donphan|6\/100\n|faint|p2a: Oranguru\n|move|p2b: Donphan|Superpower|p1a: Indeedee\n|-damage|p1a: Indeedee|41\/100\n|-unboost|p2b: Donphan|atk|1\n|-unboost|p2b: Donphan|def|1\n|move|p1a: Indeedee|Dazzling Gleam|p2b: Donphan\n|-damage|p2b: Donphan|0 fnt\n|faint|p2b: Donphan\n|\n|win|Sakura the blossom\n|c|\u2606KnownAsSage|sadge\n|c|\u2606KnownAsSage|ggs\n|c|\u2606Sakura the blossom|Gg\n","uploadtime":1697114779,"views":10,"p1id":"sakuratheblossom","p2id":"knownassage","formatid":"gen9nationaldexdoubles","rating":0,"private":0,"password":""}