{"id":"gen9nationaldexdoubles-1982894636","p1":"shortbeen","p2":"GoDDanteX","format":"[Gen 9] National Dex Doubles","log":"|j|\u2606shortbeen\n|j|\u2606GoDDanteX\n|t:|1699055861\n|gametype|doubles\n|player|p1|shortbeen|giovanni|1140\n|player|p2|GoDDanteX|blue|1121\n|teamsize|p1|6\n|teamsize|p2|6\n|gen|9\n|tier|[Gen 9] National Dex Doubles\n|rated|\n|rule|HP Percentage Mod: HP is shown in percentages\n|rule|Endless Battle Clause: Forcing endless battles is banned\n|rule|OHKO Clause: OHKO moves are banned\n|rule|Evasion Moves Clause: Evasion moves are banned\n|rule|Evasion Abilities Clause: Evasion abilities are banned\n|rule|Species Clause: Limit one of each Pok\u00e9mon\n|rule|Gravity Sleep Clause: The combination of sleep-inducing moves with imperfect accuracy and Gravity or Gigantamax Orbeetle are banned\n|clearpoke\n|poke|p1|Glimmora, F|\n|poke|p1|Skarmory, F|\n|poke|p1|Hatterene, F|\n|poke|p1|Baxcalibur, M|\n|poke|p1|Sinistcha-Masterpiece|\n|poke|p1|Ninetales-Alola, M|\n|poke|p2|Tyranitar, M|\n|poke|p2|Keldeo-Resolute|\n|poke|p2|Swellow, M|\n|poke|p2|Gardevoir, F|\n|poke|p2|Heatran, M|\n|poke|p2|Goodra, M|\n|teampreview\n|\n|t:|1699055867\n|start\n|switch|p1a: Glimmora|Glimmora, F|100\/100\n|switch|p1b: Skarmory|Skarmory, F|100\/100\n|switch|p2a: Tyranitar|Tyranitar, M|100\/100\n|switch|p2b: Heatran|Heatran, M|100\/100\n|-weather|Sandstorm|[from] ability: Sand Stream|[of] p2a: Tyranitar\n|turn|1\n|\n|t:|1699055880\n|-terastallize|p2a: Tyranitar|Steel\n|move|p1a: Glimmora|Stealth Rock|p2a: Tyranitar\n|-sidestart|p2: GoDDanteX|move: Stealth Rock\n|move|p2a: Tyranitar|Dragon Dance|p2a: Tyranitar\n|-boost|p2a: Tyranitar|atk|1\n|-boost|p2a: Tyranitar|spe|1\n|move|p2b: Heatran|Earth Power|p1a: Glimmora\n|-supereffective|p1a: Glimmora\n|-damage|p1a: Glimmora|3\/100\n|move|p1b: Skarmory|Whirlwind|p2b: Heatran\n|drag|p2b: Keldeo|Keldeo-Resolute|100\/100\n|-damage|p2b: Keldeo|94\/100|[from] Stealth Rock\n|\n|-weather|Sandstorm|[upkeep]\n|-damage|p2b: Keldeo|88\/100|[from] Sandstorm\n|upkeep\n|turn|2\n|\n|t:|1699055904\n|move|p2b: Keldeo|Calm Mind|p2b: Keldeo\n|-boost|p2b: Keldeo|spa|1\n|-boost|p2b: Keldeo|spd|1\n|move|p2a: Tyranitar|Rock Slide|p1b: Skarmory|[spread] p1b\n|-miss|p2a: Tyranitar|p1a: Glimmora\n|-damage|p1b: Skarmory|74\/100\n|move|p1a: Glimmora|Spikes|p2b: Keldeo\n|-sidestart|p2: GoDDanteX|Spikes\n|cant|p1b: Skarmory|flinch\n|\n|-weather|Sandstorm|[upkeep]\n|-damage|p2b: Keldeo|82\/100|[from] Sandstorm\n|upkeep\n|turn|3\n|\n|t:|1699055930\n|move|p2b: Keldeo|Scald|p1b: Skarmory\n|-crit|p1b: Skarmory\n|-damage|p1b: Skarmory|0 fnt\n|faint|p1b: Skarmory\n|move|p2a: Tyranitar|Rock Slide|p1a: Glimmora\n|-damage|p1a: Glimmora|0 fnt\n|-activate|p1a: Glimmora|ability: Toxic Debris\n|-sidestart|p2: GoDDanteX|move: Toxic Spikes\n|faint|p1a: Glimmora\n|\n|-weather|Sandstorm|[upkeep]\n|-damage|p2b: Keldeo|76\/100|[from] Sandstorm\n|upkeep\n|\n|t:|1699055950\n|switch|p1a: Ninetales|Ninetales-Alola, M|100\/100\n|switch|p1b: Sinistcha|Sinistcha-Masterpiece|100\/100\n|-weather|Snow|[from] ability: Snow Warning|[of] p1a: Ninetales\n|turn|4\n|\n|t:|1699055973\n|move|p1a: Ninetales|Aurora Veil|p1a: Ninetales\n|-sidestart|p1: shortbeen|move: Aurora Veil\n|move|p2b: Keldeo|Scald|p1a: Ninetales\n|-crit|p1a: Ninetales\n|-damage|p1a: Ninetales|2\/100\n|move|p2a: Tyranitar|Crunch|p1b: Sinistcha\n|-supereffective|p1b: Sinistcha\n|-damage|p1b: Sinistcha|20\/100\n|move|p1b: Sinistcha|Calm Mind|p1b: Sinistcha\n|-boost|p1b: Sinistcha|spa|1\n|-boost|p1b: Sinistcha|spd|1\n|\n|-weather|Snow|[upkeep]\n|-heal|p1b: Sinistcha|26\/100|[from] item: Leftovers\n|upkeep\n|turn|5\n|\n|t:|1699055990\n|move|p1a: Ninetales|Freeze-Dry|p2b: Keldeo\n|-supereffective|p2b: Keldeo\n|-damage|p2b: Keldeo|42\/100\n|move|p2b: Keldeo|Icy Wind|p1a: Ninetales|[spread] p1a,p1b\n|-resisted|p1a: Ninetales\n|-supereffective|p1b: Sinistcha\n|-damage|p1a: Ninetales|0 fnt\n|-damage|p1b: Sinistcha|0 fnt\n|faint|p1a: Ninetales\n|faint|p1b: Sinistcha\n|move|p2a: Tyranitar|Crunch|p1: Ninetales|[notarget]\n|-fail|p2a: Tyranitar\n|\n|-weather|Snow|[upkeep]\n|upkeep\n|\n|t:|1699056001\n|switch|p1a: Baxcalibur|Baxcalibur, M|100\/100\n|switch|p1b: Hatterene|Hatterene, F|100\/100\n|turn|6\n|\n|t:|1699056018\n|-terastallize|p1a: Baxcalibur|Steel\n|move|p2b: Keldeo|Secret Sword|p1a: Baxcalibur\n|-supereffective|p1a: Baxcalibur\n|-damage|p1a: Baxcalibur|0 fnt\n|faint|p1a: Baxcalibur\n|move|p2a: Tyranitar|Rock Slide|p1b: Hatterene\n|-damage|p1b: Hatterene|49\/100\n|move|p1b: Hatterene|Mystical Fire|p2a: Tyranitar\n|-supereffective|p2a: Tyranitar\n|-damage|p2a: Tyranitar|40\/100\n|-unboost|p2a: Tyranitar|spa|1\n|\n|-weather|Snow|[upkeep]\n|-heal|p1b: Hatterene|55\/100|[from] item: Leftovers\n|upkeep\n|turn|7\n|\n|t:|1699056038\n|move|p2b: Keldeo|Scald|p1b: Hatterene\n|-damage|p1b: Hatterene|8\/100\n|move|p2a: Tyranitar|Rock Slide|p1b: Hatterene\n|-damage|p1b: Hatterene|0 fnt\n|faint|p1b: Hatterene\n|\n|win|GoDDanteX\n|raw|shortbeen's rating: 1140 &rarr; <strong>1114<\/strong><br \/>(-26 for losing)\n|raw|GoDDanteX's rating: 1121 &rarr; <strong>1147<\/strong><br \/>(+26 for winning)\n|l|\u2606shortbeen\n","uploadtime":1699056048,"views":12,"p1id":"shortbeen","p2id":"goddantex","formatid":"gen9nationaldexdoubles","rating":1114,"private":0,"password":""}