{"id":"gen9nationaldexdoubles-1975176588","p1":"retgfrgtr","p2":"lxvliiz","format":"[Gen 9] National Dex Doubles","log":"|j|\u2606retgfrgtr\n|j|\u2606lxvliiz\n|t:|1698167832\n|gametype|doubles\n|player|p1|retgfrgtr|blackbelt|1000\n|player|p2|lxvliiz|101|1159\n|teamsize|p1|6\n|teamsize|p2|6\n|gen|9\n|tier|[Gen 9] National Dex Doubles\n|rated|\n|rule|HP Percentage Mod: HP is shown in percentages\n|rule|Endless Battle Clause: Forcing endless battles is banned\n|rule|OHKO Clause: OHKO moves are banned\n|rule|Evasion Moves Clause: Evasion moves are banned\n|rule|Evasion Abilities Clause: Evasion abilities are banned\n|rule|Species Clause: Limit one of each Pok\u00e9mon\n|rule|Gravity Sleep Clause: The combination of sleep-inducing moves with imperfect accuracy and Gravity or Gigantamax Orbeetle are banned\n|clearpoke\n|poke|p1|Noivern, F|\n|poke|p1|Sandy Shocks|\n|poke|p1|Hawlucha, M|\n|poke|p1|Slaking, F|\n|poke|p1|Rillaboom, F|\n|poke|p1|Typhlosion, M|\n|poke|p2|Murkrow, M|\n|poke|p2|Regidrago|\n|poke|p2|Dragapult, F|\n|poke|p2|Ogerpon-Cornerstone, F|\n|poke|p2|Volcarona, F|\n|poke|p2|Charizard, F|\n|teampreview\n|\n|t:|1698167837\n|start\n|switch|p1a: Hawlucha|Hawlucha, M|100\/100\n|switch|p1b: Rillaboom|Rillaboom, F|100\/100\n|switch|p2a: Murkrow|Murkrow, M|100\/100\n|switch|p2b: Regidrago|Regidrago|100\/100\n|-fieldstart|move: Grassy Terrain|[from] ability: Grassy Surge|[of] p1b: Rillaboom\n|-enditem|p1a: Hawlucha|Grassy Seed\n|-boost|p1a: Hawlucha|def|1|[from] item: Grassy Seed\n|turn|1\n|\n|t:|1698167869\n|-terastallize|p2b: Regidrago|Dragon\n|move|p2a: Murkrow|Tailwind|p2a: Murkrow\n|-sidestart|p2: lxvliiz|move: Tailwind\n|move|p1a: Hawlucha|Drain Punch|p2a: Murkrow\n|-damage|p2a: Murkrow|39\/100\n|move|p2b: Regidrago|Dragon Energy|p1b: Rillaboom|[spread] p1a,p1b\n|-damage|p1a: Hawlucha|0 fnt\n|-damage|p1b: Rillaboom|0 fnt\n|faint|p1a: Hawlucha\n|faint|p1b: Rillaboom\n|\n|upkeep\n|c|\u2606lxvliiz|rejection\n|\n|t:|1698167896\n|switch|p1a: Sandy Shocks|Sandy Shocks|100\/100\n|switch|p1b: Slaking|Slaking, F|100\/100\n|-enditem|p1a: Sandy Shocks|Booster Energy\n|-activate|p1a: Sandy Shocks|ability: Protosynthesis|[fromitem]\n|-start|p1a: Sandy Shocks|protosynthesisspe\n|turn|2\n|\n|t:|1698167909\n|move|p2b: Regidrago|Dragon Energy|p1a: Sandy Shocks|[spread] p1a,p1b\n|-damage|p1a: Sandy Shocks|0 fnt\n|-enditem|p1b: Slaking|Focus Sash\n|-damage|p1b: Slaking|1\/100\n|faint|p1a: Sandy Shocks\n|-end|p1a: Sandy Shocks|Protosynthesis|[silent]\n|move|p1b: Slaking|Play Rough|p2b: Regidrago\n|-supereffective|p2b: Regidrago\n|-damage|p2b: Regidrago|13\/100\n|move|p2a: Murkrow|Whirlwind|p1b: Slaking\n|drag|p1b: Typhlosion|Typhlosion, M|100\/100\n|\n|-heal|p2b: Regidrago|19\/100|[from] Grassy Terrain\n|upkeep\n|\n|t:|1698167927\n|switch|p1a: Noivern|Noivern, F|100\/100\n|turn|3\n|\n|t:|1698167950\n|move|p2a: Murkrow|Taunt|p1b: Typhlosion\n|-start|p1b: Typhlosion|move: Taunt\n|move|p1b: Typhlosion|Quick Attack|p2b: Regidrago\n|-damage|p2b: Regidrago|9\/100\n|move|p2b: Regidrago|Dragon Energy|p1a: Noivern|[spread] p1a,p1b\n|-supereffective|p1a: Noivern\n|-damage|p1a: Noivern|71\/100\n|-damage|p1b: Typhlosion|87\/100\n|move|p1a: Noivern|Heat Wave|p2b: Regidrago|[spread] p2a,p2b\n|-resisted|p2b: Regidrago\n|-damage|p2a: Murkrow|13\/100\n|-damage|p2b: Regidrago|0 fnt\n|faint|p2b: Regidrago\n|\n|-heal|p1b: Typhlosion|93\/100|[from] Grassy Terrain\n|upkeep\n|\n|t:|1698167968\n|switch|p2b: Dragapult|Dragapult, F|100\/100\n|turn|4\n|\n|t:|1698167987\n|-terastallize|p1a: Noivern|Flying\n|move|p2b: Dragapult|Dragon Darts|p1a: Noivern\n|-damage|p1a: Noivern|40\/100\n|-anim|p2b: Dragapult|Dragon Darts|p1b: Typhlosion\n|-damage|p1b: Typhlosion|59\/100\n|move|p1a: Noivern|Heat Wave|p2a: Murkrow|[spread] p2b\n|-miss|p1a: Noivern|p2a: Murkrow\n|-resisted|p2b: Dragapult\n|-damage|p2b: Dragapult|88\/100\n|move|p1b: Typhlosion|Heat Wave|p2a: Murkrow|[spread] p2a,p2b\n|-resisted|p2b: Dragapult\n|-damage|p2a: Murkrow|0 fnt\n|-damage|p2b: Dragapult|70\/100\n|faint|p2a: Murkrow\n|\n|-heal|p2b: Dragapult|76\/100|[from] Grassy Terrain\n|-heal|p1b: Typhlosion|65\/100|[from] Grassy Terrain\n|-sideend|p2: lxvliiz|move: Tailwind\n|upkeep\n|\n|t:|1698168007\n|switch|p2a: Charizard|Charizard, F|100\/100\n|turn|5\n|\n|t:|1698168026\n|switch|p1b: Slaking|Slaking, F|1\/100\n|detailschange|p2a: Charizard|Charizard-Mega-X, F\n|-mega|p2a: Charizard|Charizard|Charizardite X\n|move|p2b: Dragapult|Dragon Darts|p1b: Slaking\n|-damage|p1b: Slaking|0 fnt\n|-anim|p2b: Dragapult|Dragon Darts|p1a: Noivern\n|-damage|p1a: Noivern|5\/100\n|faint|p1b: Slaking\n|move|p1a: Noivern|Boomburst|p2b: Dragapult|[spread] p2a\n|-immune|p2b: Dragapult\n|-damage|p2a: Charizard|69\/100\n|move|p2a: Charizard|Flame Charge|p1a: Noivern\n|-damage|p1a: Noivern|0 fnt\n|-boost|p2a: Charizard|spe|1\n|faint|p1a: Noivern\n|\n|-heal|p2b: Dragapult|82\/100|[from] Grassy Terrain\n|-heal|p2a: Charizard|75\/100|[from] Grassy Terrain\n|-fieldend|move: Grassy Terrain\n|upkeep\n|\n|t:|1698168050\n|switch|p1a: Typhlosion|Typhlosion, M|65\/100\n|turn|6\n|\n|t:|1698168059\n|move|p2b: Dragapult|Outrage|p1a: Typhlosion\n|-damage|p1a: Typhlosion|0 fnt\n|faint|p1a: Typhlosion\n|\n|win|lxvliiz\n|raw|retgfrgtr's rating: 1000 &rarr; <strong>1000<\/strong><br \/>(+0 for losing)\n|raw|lxvliiz's rating: 1159 &rarr; <strong>1173<\/strong><br \/>(+14 for winning)\n|l|\u2606retgfrgtr\n|c|\u2606lxvliiz|gg\n","uploadtime":1698168068,"views":6,"p1id":"retgfrgtr","p2id":"lxvliiz","formatid":"gen9nationaldexdoubles","rating":1000,"private":0,"password":""}