{"id":"gen9nationaldexdoubles-1982962945","p1":"SuperFrogAdam","p2":"goaliemonster07","format":"[Gen 9] National Dex Doubles","log":"|j|\u2606SuperFrogAdam\n|j|\u2606goaliemonster07\n|t:|1699063741\n|gametype|doubles\n|player|p1|SuperFrogAdam|flannery|\n|player|p2|goaliemonster07|flannery|\n|teamsize|p1|6\n|teamsize|p2|6\n|gen|9\n|tier|[Gen 9] National Dex Doubles\n|rule|HP Percentage Mod: HP is shown in percentages\n|rule|Endless Battle Clause: Forcing endless battles is banned\n|rule|OHKO Clause: OHKO moves are banned\n|rule|Evasion Moves Clause: Evasion moves are banned\n|rule|Evasion Abilities Clause: Evasion abilities are banned\n|rule|Species Clause: Limit one of each Pok\u00e9mon\n|rule|Gravity Sleep Clause: The combination of sleep-inducing moves with imperfect accuracy and Gravity or Gigantamax Orbeetle are banned\n|clearpoke\n|poke|p1|Venusaur, F|\n|poke|p1|Ninetales, F|\n|poke|p1|Raichu, M|\n|poke|p1|Arcanine, F|\n|poke|p1|Umbreon, F|\n|poke|p1|Totodile, F|\n|poke|p2|Politoed, F|\n|poke|p2|Seismitoad, F|\n|poke|p2|Breloom, M|\n|poke|p2|Gyarados, F|\n|poke|p2|Toxicroak, F|\n|poke|p2|Exeggutor-Alola, F|\n|teampreview\n|\n|t:|1699063783\n|start\n|switch|p1a: Venusaur|Venusaur, F|100\/100\n|switch|p1b: Ninetales|Ninetales, F|100\/100\n|switch|p2a: Gyarados|Gyarados, F|100\/100\n|switch|p2b: Seismitoad|Seismitoad, F|100\/100\n|-weather|SunnyDay|[from] ability: Drought|[of] p1b: Ninetales\n|-ability|p2a: Gyarados|Intimidate|boost\n|-unboost|p1a: Venusaur|atk|1\n|-unboost|p1b: Ninetales|atk|1\n|turn|1\n|\n|t:|1699063816\n|switch|p2a: Politoed|Politoed, F|100\/100\n|-weather|RainDance|[from] ability: Drizzle|[of] p2a: Politoed\n|move|p2b: Seismitoad|Earthquake|p1b: Ninetales|[spread] p2a,p1a,p1b\n|-supereffective|p1b: Ninetales\n|-damage|p2a: Politoed|75\/100\n|-damage|p1a: Venusaur|55\/100\n|-damage|p1b: Ninetales|0 fnt\n|faint|p1b: Ninetales\n|move|p1a: Venusaur|Sleep Powder|p2b: Seismitoad\n|-status|p2b: Seismitoad|slp|[from] move: Sleep Powder\n|\n|-weather|RainDance|[upkeep]\n|upkeep\n|\n|t:|1699063847\n|switch|p1b: Arcanine|Arcanine, F|100\/100\n|-ability|p1b: Arcanine|Intimidate|boost\n|-unboost|p2a: Politoed|atk|1\n|-unboost|p2b: Seismitoad|atk|1\n|turn|2\n|\n|t:|1699063903\n|cant|p2b: Seismitoad|slp\n|move|p1b: Arcanine|Morning Sun|p1b: Arcanine\n|-fail|p1b: Arcanine|heal\n|move|p1a: Venusaur|Growth|p1a: Venusaur\n|-boost|p1a: Venusaur|atk|1\n|-boost|p1a: Venusaur|spa|1\n|move|p2a: Politoed|Bounce||[still]\n|-prepare|p2a: Politoed|Bounce\n|\n|-weather|RainDance|[upkeep]\n|upkeep\n|turn|3\n|\n|t:|1699063943\n|cant|p2b: Seismitoad|slp\n|move|p1b: Arcanine|Wild Charge|p2b: Seismitoad\n|-immune|p2b: Seismitoad\n|move|p1a: Venusaur|Giga Drain|p2b: Seismitoad\n|-supereffective|p2b: Seismitoad\n|-damage|p2b: Seismitoad|0 fnt\n|-heal|p1a: Venusaur|100\/100|[from] drain|[of] p2b: Seismitoad\n|faint|p2b: Seismitoad\n|-damage|p1a: Venusaur|91\/100|[from] item: Life Orb\n|move|p2a: Politoed|Bounce|p1a: Venusaur|[from]lockedmove|[miss]\n|-miss|p2a: Politoed|p1a: Venusaur\n|\n|-weather|RainDance|[upkeep]\n|upkeep\n|\n|t:|1699063972\n|switch|p2b: Gyarados|Gyarados, F|100\/100\n|-ability|p2b: Gyarados|Intimidate|boost\n|-unboost|p1a: Venusaur|atk|1\n|-unboost|p1b: Arcanine|atk|1\n|turn|4\n|\n|t:|1699064025\n|move|p1b: Arcanine|Wild Charge|p2b: Gyarados\n|-supereffective|p2b: Gyarados\n|-damage|p2b: Gyarados|0 fnt\n|faint|p2b: Gyarados\n|-damage|p1b: Arcanine|75\/100|[from] Recoil\n|move|p1a: Venusaur|Sleep Powder|p2a: Politoed\n|-status|p2a: Politoed|slp|[from] move: Sleep Powder\n|cant|p2a: Politoed|slp\n|\n|-weather|RainDance|[upkeep]\n|upkeep\n|\n|t:|1699064043\n|switch|p2b: Toxicroak|Toxicroak, F|100\/100\n|turn|5\n|\n|t:|1699064084\n|switch|p2a: Breloom|Breloom, M|100\/100\n|move|p2b: Toxicroak|Sucker Punch|p1b: Arcanine\n|-damage|p1b: Arcanine|39\/100\n|-damage|p2b: Toxicroak|91\/100|[from] item: Life Orb\n|move|p1b: Arcanine|Flare Blitz|p2b: Toxicroak\n|-crit|p2b: Toxicroak\n|-damage|p2b: Toxicroak|15\/100\n|-damage|p1b: Arcanine|15\/100|[from] Recoil\n|-enditem|p1b: Arcanine|Iapapa Berry|[eat]\n|-heal|p1b: Arcanine|49\/100|[from] item: Iapapa Berry\n|move|p1a: Venusaur|Sludge Bomb|p2a: Breloom\n|-supereffective|p2a: Breloom\n|-damage|p2a: Breloom|0 fnt\n|faint|p2a: Breloom\n|-damage|p1a: Venusaur|81\/100|[from] item: Life Orb\n|\n|-weather|none\n|upkeep\n|\n|t:|1699064108\n|switch|p2a: Politoed|Politoed, F|75\/100 slp\n|-weather|RainDance|[from] ability: Drizzle|[of] p2a: Politoed\n|turn|6\n|\n|t:|1699064162\n|move|p2b: Toxicroak|Sucker Punch|p1b: Arcanine\n|-damage|p1b: Arcanine|16\/100\n|-damage|p2b: Toxicroak|5\/100|[from] item: Life Orb\n|move|p1b: Arcanine|Flare Blitz|p2a: Politoed\n|-resisted|p2a: Politoed\n|-damage|p2a: Politoed|68\/100 slp\n|-damage|p1b: Arcanine|14\/100|[from] Recoil\n|move|p1a: Venusaur|Sludge Bomb|p2a: Politoed\n|-damage|p2a: Politoed|18\/100 slp\n|-damage|p1a: Venusaur|71\/100|[from] item: Life Orb\n|cant|p2a: Politoed|slp\n|\n|-weather|RainDance|[upkeep]\n|-heal|p2b: Toxicroak|18\/100|[from] ability: Dry Skin\n|upkeep\n|turn|7\n|\n|t:|1699064223\n|switch|p2a: Exeggutor|Exeggutor-Alola, F|100\/100\n|-item|p1a: Venusaur|Life Orb|[from] ability: Frisk|[of] p2a: Exeggutor|[identify]\n|move|p1b: Arcanine|Wild Charge|p2a: Exeggutor\n|-resisted|p2a: Exeggutor\n|-damage|p2a: Exeggutor|96\/100\n|-damage|p1b: Arcanine|12\/100|[from] Recoil\n|move|p2b: Toxicroak|Drain Punch|p1b: Arcanine\n|-damage|p1b: Arcanine|0 fnt\n|-heal|p2b: Toxicroak|24\/100|[from] drain|[of] p1b: Arcanine\n|faint|p1b: Arcanine\n|-damage|p2b: Toxicroak|14\/100|[from] item: Life Orb\n|move|p1a: Venusaur|Growth|p1a: Venusaur\n|-boost|p1a: Venusaur|atk|1\n|-boost|p1a: Venusaur|spa|1\n|\n|-weather|RainDance|[upkeep]\n|-heal|p2b: Toxicroak|27\/100|[from] ability: Dry Skin\n|upkeep\n|\n|t:|1699064245\n|switch|p1b: Raichu|Raichu, M, shiny|100\/100\n|turn|8\n|\n|t:|1699064283\n|move|p2b: Toxicroak|Drain Punch|p1b: Raichu\n|-damage|p1b: Raichu|52\/100\n|-heal|p2b: Toxicroak|52\/100|[from] drain|[of] p1b: Raichu\n|-damage|p2b: Toxicroak|42\/100|[from] item: Life Orb\n|move|p1a: Venusaur|Sleep Powder|p2a: Exeggutor\n|-immune|p2a: Exeggutor\n|move|p1b: Raichu|Nuzzle|p2b: Toxicroak\n|-damage|p2b: Toxicroak|33\/100\n|-status|p2b: Toxicroak|par\n|move|p2a: Exeggutor|Flamethrower|p1a: Venusaur\n|-supereffective|p1a: Venusaur\n|-damage|p1a: Venusaur|12\/100\n|\n|-weather|RainDance|[upkeep]\n|-heal|p2b: Toxicroak|46\/100 par|[from] ability: Dry Skin\n|upkeep\n|turn|9\n|\n|t:|1699064325\n|move|p1a: Venusaur|Sleep Powder|p2a: Exeggutor\n|-immune|p2a: Exeggutor\n|move|p1b: Raichu|Grass Knot|p2a: Exeggutor\n|-resisted|p2a: Exeggutor\n|-damage|p2a: Exeggutor|89\/100\n|move|p2b: Toxicroak|Gunk Shot|p1b: Raichu\n|-damage|p1b: Raichu|0 fnt\n|faint|p1b: Raichu\n|-damage|p2b: Toxicroak|36\/100 par|[from] item: Life Orb\n|move|p2a: Exeggutor|Flamethrower|p1a: Venusaur\n|-supereffective|p1a: Venusaur\n|-damage|p1a: Venusaur|0 fnt\n|faint|p1a: Venusaur\n|\n|-weather|RainDance|[upkeep]\n|-heal|p2b: Toxicroak|48\/100 par|[from] ability: Dry Skin\n|upkeep\n|\n|t:|1699064348\n|switch|p1a: Umbreon|Umbreon, F|100\/100\n|switch|p1b: Totodile|Totodile, F, shiny|100\/100\n|turn|10\n|\n|t:|1699064404\n|switch|p2a: Politoed|Politoed, F|18\/100 slp\n|move|p1b: Totodile|Waterfall|p2b: Toxicroak\n|-heal|p2b: Toxicroak|73\/100 par|[from] ability: Dry Skin|[of] p1b: Totodile\n|move|p1a: Umbreon|Foul Play|p2a: Politoed\n|-damage|p2a: Politoed|0 fnt\n|faint|p2a: Politoed\n|move|p2b: Toxicroak|Drain Punch|p1a: Umbreon\n|-supereffective|p1a: Umbreon\n|-damage|p1a: Umbreon|32\/100\n|-heal|p2b: Toxicroak|100\/100 par|[from] drain|[of] p1a: Umbreon\n|-damage|p2b: Toxicroak|91\/100 par|[from] item: Life Orb\n|\n|-weather|none\n|-heal|p1a: Umbreon|39\/100|[from] item: Leftovers\n|upkeep\n|\n|t:|1699064422\n|switch|p2a: Exeggutor|Exeggutor-Alola, F|89\/100\n|-item|p1a: Umbreon|Leftovers|[from] ability: Frisk|[of] p2a: Exeggutor|[identify]\n|-item|p1b: Totodile|Eviolite|[from] ability: Frisk|[of] p2a: Exeggutor|[identify]\n|turn|11\n|\n|t:|1699064473\n|move|p2b: Toxicroak|Sucker Punch|p1b: Totodile\n|-damage|p1b: Totodile|63\/100\n|-damage|p2b: Toxicroak|81\/100 par|[from] item: Life Orb\n|move|p1b: Totodile|Ice Punch|p2a: Exeggutor\n|-supereffective|p2a: Exeggutor\n|-damage|p2a: Exeggutor|0 fnt\n|faint|p2a: Exeggutor\n|move|p1a: Umbreon|Wish|p1a: Umbreon\n|\n|-heal|p1a: Umbreon|45\/100|[from] item: Leftovers\n|upkeep\n|turn|12\n|\n|t:|1699064496\n|move|p1a: Umbreon|Protect|p1a: Umbreon\n|-singleturn|p1a: Umbreon|Protect\n|move|p1b: Totodile|Aqua Jet|p2b: Toxicroak\n|-heal|p2b: Toxicroak|100\/100 par|[from] ability: Dry Skin|[of] p1b: Totodile\n|move|p2b: Toxicroak|Drain Punch|p1a: Umbreon\n|-activate|p1a: Umbreon|move: Protect\n|\n|-heal|p1a: Umbreon|95\/100|[from] move: Wish|[wisher] Umbreon\n|-heal|p1a: Umbreon|100\/100|[from] item: Leftovers\n|upkeep\n|turn|13\n|\n|t:|1699064542\n|move|p1a: Umbreon|Protect||[still]\n|-fail|p1a: Umbreon\n|move|p1b: Totodile|Dragon Dance|p1b: Totodile\n|-boost|p1b: Totodile|atk|1\n|-boost|p1b: Totodile|spe|1\n|move|p2b: Toxicroak|Gunk Shot|p1b: Totodile\n|-damage|p1b: Totodile|0 fnt\n|faint|p1b: Totodile\n|-damage|p2b: Toxicroak|91\/100 par|[from] item: Life Orb\n|\n|upkeep\n|turn|14\n|\n|t:|1699064558\n|move|p1a: Umbreon|Toxic||[still]\n|-fail|p1a: Umbreon\n|move|p2b: Toxicroak|Drain Punch|p1a: Umbreon\n|-supereffective|p1a: Umbreon\n|-damage|p1a: Umbreon|35\/100\n|-heal|p2b: Toxicroak|100\/100 par|[from] drain|[of] p1a: Umbreon\n|-damage|p2b: Toxicroak|91\/100 par|[from] item: Life Orb\n|\n|-heal|p1a: Umbreon|41\/100|[from] item: Leftovers\n|upkeep\n|turn|15\n|\n|t:|1699064576\n|move|p1a: Umbreon|Protect|p1a: Umbreon\n|-singleturn|p1a: Umbreon|Protect\n|move|p2b: Toxicroak|Drain Punch|p1a: Umbreon\n|-activate|p1a: Umbreon|move: Protect\n|\n|-heal|p1a: Umbreon|47\/100|[from] item: Leftovers\n|upkeep\n|turn|16\n|\n|t:|1699064591\n|move|p1a: Umbreon|Wish|p1a: Umbreon\n|move|p2b: Toxicroak|Swords Dance|p2b: Toxicroak\n|-boost|p2b: Toxicroak|atk|2\n|\n|-heal|p1a: Umbreon|53\/100|[from] item: Leftovers\n|upkeep\n|turn|17\n|\n|t:|1699064601\n|move|p1a: Umbreon|Protect|p1a: Umbreon\n|-singleturn|p1a: Umbreon|Protect\n|cant|p2b: Toxicroak|par\n|\n|-heal|p1a: Umbreon|100\/100|[from] move: Wish|[wisher] Umbreon\n|upkeep\n|turn|18\n|\n|t:|1699064616\n|move|p1a: Umbreon|Foul Play|p2b: Toxicroak\n|-resisted|p2b: Toxicroak\n|-damage|p2b: Toxicroak|21\/100 par\n|move|p2b: Toxicroak|Gunk Shot|p1a: Umbreon|[miss]\n|-miss|p2b: Toxicroak|p1a: Umbreon\n|\n|upkeep\n|turn|19\n|\n|t:|1699064629\n|move|p1a: Umbreon|Foul Play|p2b: Toxicroak\n|-resisted|p2b: Toxicroak\n|-crit|p2b: Toxicroak\n|-damage|p2b: Toxicroak|0 fnt\n|faint|p2b: Toxicroak\n|\n|win|SuperFrogAdam\n|l|\u2606goaliemonster07\n","uploadtime":1699064773,"views":5,"p1id":"superfrogadam","p2id":"goaliemonster07","formatid":"gen9nationaldexdoubles","rating":0,"private":0,"password":""}