{"id":"gen9nationaldexdoubles-1973712307","p1":"cynda3","p2":"MightySalmon","format":"[Gen 9] National Dex Doubles","log":"|j|\u2606cynda3\n|j|\u2606MightySalmon\n|t:|1698005888\n|gametype|doubles\n|player|p1|cynda3|lyra|\n|player|p2|MightySalmon|harlequin|\n|teamsize|p1|6\n|teamsize|p2|6\n|gen|9\n|tier|[Gen 9] National Dex Doubles\n|rule|HP Percentage Mod: HP is shown in percentages\n|rule|Endless Battle Clause: Forcing endless battles is banned\n|rule|OHKO Clause: OHKO moves are banned\n|rule|Evasion Moves Clause: Evasion moves are banned\n|rule|Evasion Abilities Clause: Evasion abilities are banned\n|rule|Species Clause: Limit one of each Pok\u00e9mon\n|rule|Gravity Sleep Clause: The combination of sleep-inducing moves with imperfect accuracy and Gravity or Gigantamax Orbeetle are banned\n|clearpoke\n|poke|p1|Volcarona, M|\n|poke|p1|Araquanid, F|\n|poke|p1|Illumise, F|\n|poke|p1|Shuckle, F|\n|poke|p1|Pinsir, M|\n|poke|p1|Slither Wing|\n|poke|p2|Ceruledge, M|\n|poke|p2|Ninetales, M|\n|poke|p2|Delphox, M|\n|poke|p2|Infernape, F|\n|poke|p2|Magcargo, F|\n|poke|p2|Talonflame, F|\n|teampreview\n|\n|t:|1698005912\n|start\n|switch|p1a: Thrickster|Illumise, F, shiny|100\/100\n|switch|p1b: Hey hola|Slither Wing|100\/100\n|switch|p2a: Ninetales|Ninetales, M|100\/100\n|switch|p2b: Delphox|Delphox, M|100\/100\n|-weather|SunnyDay|[from] ability: Drought|[of] p2a: Ninetales\n|-activate|p1b: Hey hola|ability: Protosynthesis\n|-start|p1b: Hey hola|protosynthesisatk\n|turn|1\n|\n|t:|1698005942\n|move|p1a: Thrickster|Trick|p2b: Delphox\n|-activate|p1a: Thrickster|move: Trick|[of] p2b: Delphox\n|-item|p2b: Delphox|Choice Band|[from] move: Trick\n|-item|p1a: Thrickster|Leftovers|[from] move: Trick\n|move|p2b: Delphox|Fire Blast|p1a: Thrickster\n|-supereffective|p1a: Thrickster\n|-damage|p1a: Thrickster|0 fnt\n|faint|p1a: Thrickster\n|move|p2a: Ninetales|Flamethrower|p1b: Hey hola\n|-supereffective|p1b: Hey hola\n|-damage|p1b: Hey hola|0 fnt\n|faint|p1b: Hey hola\n|-end|p1b: Hey hola|Protosynthesis|[silent]\n|\n|-weather|SunnyDay|[upkeep]\n|upkeep\n|\n|t:|1698005957\n|switch|p1b: Caracol|Shuckle, F, shiny|100\/100\n|switch|p1a: Ara\u00f1ita|Araquanid, F, shiny|100\/100\n|turn|2\n|\n|t:|1698005971\n|move|p2b: Delphox|Fire Blast|p1b: Caracol\n|-damage|p1b: Caracol|54\/100\n|move|p2a: Ninetales|Flamethrower|p1a: Ara\u00f1ita\n|-damage|p1a: Ara\u00f1ita|75\/100\n|move|p1a: Ara\u00f1ita|Liquidation|p2a: Ninetales\n|-supereffective|p2a: Ninetales\n|-damage|p2a: Ninetales|72\/100\n|move|p1b: Caracol|Stealth Rock|p2a: Ninetales\n|-sidestart|p2: MightySalmon|move: Stealth Rock\n|\n|-weather|SunnyDay|[upkeep]\n|-heal|p1a: Ara\u00f1ita|81\/100|[from] item: Leftovers\n|-heal|p1b: Caracol|60\/100|[from] item: Leftovers\n|upkeep\n|turn|3\n|\n|t:|1698005995\n|move|p2b: Delphox|Fire Blast|p1b: Caracol\n|-damage|p1b: Caracol|16\/100\n|move|p2a: Ninetales|Disable|p1a: Ara\u00f1ita\n|-start|p1a: Ara\u00f1ita|Disable|Liquidation\n|cant|p1a: Ara\u00f1ita|Disable|Liquidation\n|move|p1b: Caracol|Sticky Web|p2b: Delphox\n|-sidestart|p2: MightySalmon|move: Sticky Web\n|\n|-weather|SunnyDay|[upkeep]\n|-heal|p1a: Ara\u00f1ita|87\/100|[from] item: Leftovers\n|-heal|p1b: Caracol|23\/100|[from] item: Leftovers\n|upkeep\n|turn|4\n|\n|t:|1698006014\n|move|p2b: Delphox|Fire Blast|p1b: Caracol\n|-damage|p1b: Caracol|0 fnt\n|faint|p1b: Caracol\n|move|p2a: Ninetales|Encore|p1a: Ara\u00f1ita\n|-start|p1a: Ara\u00f1ita|Encore\n|cant|p1a: Ara\u00f1ita|Disable|Liquidation\n|\n|-weather|SunnyDay|[upkeep]\n|-heal|p1a: Ara\u00f1ita|93\/100|[from] item: Leftovers\n|upkeep\n|\n|t:|1698006024\n|switch|p1b: FIUMMMMMM|Pinsir, M|100\/100\n|turn|5\n|\n|t:|1698006034\n|switch|p1a: Mvp|Volcarona, M, shiny|100\/100\n|detailschange|p1b: FIUMMMMMM|Pinsir-Mega, M\n|-mega|p1b: FIUMMMMMM|Pinsir|Pinsirite\n|move|p1b: FIUMMMMMM|Knock Off|p2b: Delphox\n|-supereffective|p2b: Delphox\n|-damage|p2b: Delphox|0 fnt\n|-enditem|p2b: Delphox|Choice Band|[from] move: Knock Off|[of] p1b: FIUMMMMMM\n|faint|p2b: Delphox\n|move|p2a: Ninetales|Flamethrower|p1b: FIUMMMMMM\n|-supereffective|p1b: FIUMMMMMM\n|-damage|p1b: FIUMMMMMM|0 fnt\n|faint|p1b: FIUMMMMMM\n|\n|-weather|none\n|upkeep\n|\n|t:|1698006050\n|switch|p1b: Ara\u00f1ita|Araquanid, F, shiny|93\/100\n|switch|p2b: Infernape|Infernape, F|100\/100\n|-damage|p2b: Infernape|88\/100|[from] Stealth Rock\n|-activate|p2b: Infernape|move: Sticky Web\n|-unboost|p2b: Infernape|spe|1\n|turn|6\n|\n|t:|1698006068\n|-singleturn|p2b: Infernape|move: Focus Punch\n|move|p2a: Ninetales|Flamethrower|p1b: Ara\u00f1ita\n|-damage|p1b: Ara\u00f1ita|77\/100\n|-status|p1b: Ara\u00f1ita|brn\n|move|p1a: Mvp|Quiver Dance|p1a: Mvp\n|-boost|p1a: Mvp|spa|1\n|-boost|p1a: Mvp|spd|1\n|-boost|p1a: Mvp|spe|1\n|move|p1b: Ara\u00f1ita|Liquidation|p2a: Ninetales\n|-supereffective|p2a: Ninetales\n|-damage|p2a: Ninetales|44\/100\n|move|p2b: Infernape|Focus Punch|p1a: Mvp\n|-resisted|p1a: Mvp\n|-damage|p1a: Mvp|41\/100\n|\n|-heal|p1b: Ara\u00f1ita|83\/100 brn|[from] item: Leftovers\n|-damage|p1b: Ara\u00f1ita|77\/100 brn|[from] brn\n|upkeep\n|turn|7\n|\n|t:|1698006105\n|switch|p2a: Magcargo|Magcargo, F|100\/100\n|-damage|p2a: Magcargo|76\/100|[from] Stealth Rock\n|-activate|p2a: Magcargo|move: Sticky Web\n|-unboost|p2a: Magcargo|spe|1\n|move|p1a: Mvp|Quiver Dance|p1a: Mvp\n|-boost|p1a: Mvp|spa|1\n|-boost|p1a: Mvp|spd|1\n|-boost|p1a: Mvp|spe|1\n|move|p2b: Infernape|Fire Punch|p1b: Ara\u00f1ita\n|-damage|p1b: Ara\u00f1ita|33\/100 brn\n|move|p1b: Ara\u00f1ita|Liquidation|p2b: Infernape\n|-supereffective|p2b: Infernape\n|-damage|p2b: Infernape|55\/100\n|-damage|p1b: Ara\u00f1ita|16\/100 brn|[from] item: Rocky Helmet|[of] p2b: Infernape\n|\n|-heal|p1b: Ara\u00f1ita|22\/100 brn|[from] item: Leftovers\n|-damage|p1b: Ara\u00f1ita|16\/100 brn|[from] brn\n|upkeep\n|turn|8\n|\n|t:|1698006130\n|move|p1b: Ara\u00f1ita|Wide Guard|p1b: Ara\u00f1ita\n|-singleturn|p1b: Ara\u00f1ita|Wide Guard\n|move|p1a: Mvp|Giga Drain|p2a: Magcargo\n|-damage|p2a: Magcargo|0 fnt\n|-heal|p1a: Mvp|80\/100|[from] drain|[of] p2a: Magcargo\n|faint|p2a: Magcargo\n|move|p2b: Infernape|Close Combat|p1a: Mvp\n|-resisted|p1a: Mvp\n|-damage|p1a: Mvp|40\/100\n|-unboost|p2b: Infernape|def|1\n|-unboost|p2b: Infernape|spd|1\n|\n|-heal|p1b: Ara\u00f1ita|22\/100 brn|[from] item: Leftovers\n|-damage|p1b: Ara\u00f1ita|16\/100 brn|[from] brn\n|upkeep\n|\n|t:|1698006145\n|switch|p2a: Talonflame|Talonflame, F|100\/100\n|-damage|p2a: Talonflame|51\/100|[from] Stealth Rock\n|turn|9\n|\n|t:|1698006182\n|move|p1a: Mvp|Heat Wave|p2b: Infernape|[spread] p2a,p2b\n|-resisted|p2a: Talonflame\n|-resisted|p2b: Infernape\n|-damage|p2a: Talonflame|4\/100\n|-damage|p2b: Infernape|0 fnt\n|faint|p2b: Infernape\n|move|p2a: Talonflame|Dual Wingbeat|p1a: Mvp\n|-supereffective|p1a: Mvp\n|-damage|p1a: Mvp|5\/100\n|-supereffective|p1a: Mvp\n|-damage|p1a: Mvp|0 fnt\n|faint|p1a: Mvp\n|-hitcount|p1: Mvp|2\n|move|p1b: Ara\u00f1ita|Liquidation|p2a: Talonflame\n|-supereffective|p2a: Talonflame\n|-damage|p2a: Talonflame|0 fnt\n|faint|p2a: Talonflame\n|\n|-heal|p1b: Ara\u00f1ita|22\/100 brn|[from] item: Leftovers\n|-damage|p1b: Ara\u00f1ita|16\/100 brn|[from] brn\n|upkeep\n|\n|t:|1698006198\n|switch|p2a: Ceruledge|Ceruledge, M|100\/100\n|switch|p2b: Ninetales|Ninetales, M|44\/100\n|-damage|p2b: Ninetales|19\/100|[from] Stealth Rock\n|-activate|p2b: Ninetales|move: Sticky Web\n|-unboost|p2b: Ninetales|spe|1\n|-weather|SunnyDay|[from] ability: Drought|[of] p2b: Ninetales\n|-damage|p2a: Ceruledge|76\/100|[from] Stealth Rock\n|-activate|p2a: Ceruledge|move: Sticky Web\n|-unboost|p2a: Ceruledge|spe|1\n|turn|10\n|\n|t:|1698006223\n|move|p2b: Ninetales|Flamethrower|p1b: Ara\u00f1ita\n|-damage|p1b: Ara\u00f1ita|0 fnt\n|faint|p1b: Ara\u00f1ita\n|\n|win|MightySalmon\n|l|\u2606MightySalmon\n","uploadtime":1698006241,"views":12,"p1id":"cynda3","p2id":"mightysalmon","formatid":"gen9nationaldexdoubles","rating":0,"private":0,"password":""}