{"id":"gen9nationaldexdoubles-1960880992","p1":"Regulusmon","p2":"Lilytheloudmouth","format":"[Gen 9] National Dex Doubles","log":"|j|\u2606Regulusmon\n|j|\u2606Lilytheloudmouth\n|t:|1696567710\n|gametype|doubles\n|player|p1|Regulusmon|n|1000\n|player|p2|Lilytheloudmouth|roxie|1102\n|teamsize|p1|6\n|teamsize|p2|6\n|gen|9\n|tier|[Gen 9] National Dex Doubles\n|rated|\n|rule|HP Percentage Mod: HP is shown in percentages\n|rule|Endless Battle Clause: Forcing endless battles is banned\n|rule|OHKO Clause: OHKO moves are banned\n|rule|Evasion Moves Clause: Evasion moves are banned\n|rule|Evasion Abilities Clause: Evasion abilities are banned\n|rule|Species Clause: Limit one of each Pok\u00e9mon\n|rule|Gravity Sleep Clause: The combination of sleep-inducing moves with imperfect accuracy and Gravity or Gigantamax Orbeetle are banned\n|clearpoke\n|poke|p1|Zoroark, M|\n|poke|p1|Nidoking, M|\n|poke|p1|Tapu Lele|\n|poke|p1|Pachirisu, F|\n|poke|p1|Corviknight, M|\n|poke|p1|Ribombee, F|\n|poke|p2|Munkidori, M|\n|poke|p2|Grafaiai, M|\n|poke|p2|Slaking, M|\n|poke|p2|Rillaboom, M|\n|poke|p2|Infernape, M|\n|poke|p2|Simipour, F|\n|teampreview\n|\n|t:|1696567726\n|start\n|switch|p1a: Ribombee|Ribombee, F|100\/100\n|switch|p1b: Wyber|Nidoking, M|100\/100\n|switch|p2a: Hot Monkey|Infernape, M|100\/100\n|switch|p2b: Mossy Monkey|Rillaboom, M|100\/100\n|-fieldstart|move: Grassy Terrain|[from] ability: Grassy Surge|[of] p2b: Mossy Monkey\n|turn|1\n|\n|t:|1696567754\n|move|p2b: Mossy Monkey|Fake Out|p1a: Ribombee\n|-damage|p1a: Ribombee|76\/100\n|cant|p1a: Ribombee|flinch\n|move|p2a: Hot Monkey|Nasty Plot|p2a: Hot Monkey\n|-boost|p2a: Hot Monkey|spa|2\n|move|p1b: Wyber|Flamethrower|p2b: Mossy Monkey\n|-supereffective|p2b: Mossy Monkey\n|-damage|p2b: Mossy Monkey|38\/100\n|\n|-heal|p1a: Ribombee|82\/100|[from] Grassy Terrain\n|-heal|p2b: Mossy Monkey|44\/100|[from] Grassy Terrain\n|upkeep\n|turn|2\n|\n|t:|1696567775\n|move|p2a: Hot Monkey|Vacuum Wave|p1b: Wyber\n|-supereffective|p1b: Wyber\n|-damage|p1b: Wyber|0 fnt\n|replace|p1b: Dami|Zoroark, M, shiny\n|-end|p1b: Dami|Illusion\n|faint|p1b: Dami\n|move|p1a: Ribombee|Tailwind|p1a: Ribombee\n|-sidestart|p1: Regulusmon|move: Tailwind\n|move|p2b: Mossy Monkey|Drain Punch|p1a: Ribombee\n|-resisted|p1a: Ribombee\n|-damage|p1a: Ribombee|69\/100\n|-heal|p2b: Mossy Monkey|49\/100|[from] drain|[of] p1a: Ribombee\n|\n|-heal|p1a: Ribombee|75\/100|[from] Grassy Terrain\n|-heal|p2b: Mossy Monkey|55\/100|[from] Grassy Terrain\n|upkeep\n|\n|t:|1696567793\n|switch|p1b: Misha|Pachirisu, F|100\/100\n|turn|3\n|\n|t:|1696567805\n|move|p1a: Ribombee|Sticky Web|p2a: Hot Monkey\n|-sidestart|p2: Lilytheloudmouth|move: Sticky Web\n|move|p1b: Misha|Nuzzle|p2a: Hot Monkey\n|-damage|p2a: Hot Monkey|94\/100\n|-status|p2a: Hot Monkey|par\n|move|p2b: Mossy Monkey|Knock Off|p1b: Misha\n|-damage|p1b: Misha|48\/100\n|-enditem|p1b: Misha|Electric Seed|[from] move: Knock Off|[of] p2b: Mossy Monkey\n|cant|p2a: Hot Monkey|par\n|\n|-heal|p1a: Ribombee|81\/100|[from] Grassy Terrain\n|-heal|p1b: Misha|54\/100|[from] Grassy Terrain\n|-heal|p2b: Mossy Monkey|61\/100|[from] Grassy Terrain\n|-heal|p2a: Hot Monkey|100\/100 par|[from] Grassy Terrain\n|upkeep\n|turn|4\n|\n|t:|1696567830\n|move|p1a: Ribombee|Moonblast|p2a: Hot Monkey\n|-damage|p2a: Hot Monkey|37\/100 par\n|move|p1b: Misha|Nuzzle|p2b: Mossy Monkey\n|-resisted|p2b: Mossy Monkey\n|-damage|p2b: Mossy Monkey|59\/100\n|-status|p2b: Mossy Monkey|par\n|move|p2a: Hot Monkey|Nasty Plot|p2a: Hot Monkey\n|-boost|p2a: Hot Monkey|spa|2\n|move|p2b: Mossy Monkey|Knock Off|p1a: Ribombee\n|-resisted|p1a: Ribombee\n|-damage|p1a: Ribombee|51\/100\n|-enditem|p1a: Ribombee|Focus Sash|[from] move: Knock Off|[of] p2b: Mossy Monkey\n|\n|-heal|p1a: Ribombee|57\/100|[from] Grassy Terrain\n|-heal|p1b: Misha|60\/100|[from] Grassy Terrain\n|-heal|p2a: Hot Monkey|43\/100 par|[from] Grassy Terrain\n|-heal|p2b: Mossy Monkey|65\/100 par|[from] Grassy Terrain\n|upkeep\n|turn|5\n|\n|t:|1696567860\n|move|p1a: Ribombee|Moonblast|p2a: Hot Monkey\n|-damage|p2a: Hot Monkey|0 fnt\n|faint|p2a: Hot Monkey\n|move|p1b: Misha|Electric Terrain|p1b: Misha\n|-fieldstart|move: Electric Terrain\n|move|p2b: Mossy Monkey|Drain Punch|p1b: Misha\n|-damage|p1b: Misha|20\/100\n|-heal|p2b: Mossy Monkey|81\/100 par|[from] drain|[of] p1b: Misha\n|\n|-sideend|p1: Regulusmon|move: Tailwind\n|upkeep\n|\n|t:|1696567872\n|switch|p2a: Smart monkey|Munkidori, M|100\/100\n|-activate|p2a: Smart monkey|move: Sticky Web\n|-unboost|p2a: Smart monkey|spe|1\n|turn|6\n|\n|t:|1696567892\n|switch|p2b: Little Monkey|Grafaiai, M|100\/100\n|-activate|p2b: Little Monkey|move: Sticky Web\n|-unboost|p2b: Little Monkey|spe|1\n|move|p1a: Ribombee|Tailwind|p1a: Ribombee\n|-sidestart|p1: Regulusmon|move: Tailwind\n|move|p1b: Misha|Nuzzle|p2a: Smart monkey\n|-damage|p2a: Smart monkey|93\/100\n|-status|p2a: Smart monkey|par\n|move|p2a: Smart monkey|Sludge Wave|p1b: Misha|[spread] p2b,p1a,p1b\n|-resisted|p2b: Little Monkey\n|-supereffective|p1a: Ribombee\n|-damage|p2b: Little Monkey|76\/100\n|-damage|p1a: Ribombee|0 fnt\n|-damage|p1b: Misha|0 fnt\n|faint|p1a: Ribombee\n|faint|p1b: Misha\n|-damage|p2a: Smart monkey|83\/100 par|[from] item: Life Orb\n|\n|-heal|p2b: Little Monkey|82\/100|[from] item: Black Sludge\n|upkeep\n|\n|t:|1696567915\n|switch|p1a: Regulus|Corviknight, M, shiny|100\/100\n|switch|p1b: Wyber|Nidoking, M|100\/100\n|turn|7\n|\n|t:|1696567929\n|move|p2b: Little Monkey|Parting Shot|p1a: Regulus\n|-ability|p1a: Regulus|Mirror Armor\n|-unboost|p2b: Little Monkey|atk|1\n|-ability|p1a: Regulus|Mirror Armor\n|-unboost|p2b: Little Monkey|spa|1\n|\n|t:|1696567939\n|switch|p2b: Wet Monkey|Simipour, F|100\/100|[from] Parting Shot\n|-activate|p2b: Wet Monkey|move: Sticky Web\n|-unboost|p2b: Wet Monkey|spe|1\n|move|p1b: Wyber|Earth Power|p2a: Smart monkey\n|-supereffective|p2a: Smart monkey\n|-damage|p2a: Smart monkey|0 fnt\n|faint|p2a: Smart monkey\n|move|p1a: Regulus|Bulk Up|p1a: Regulus\n|-boost|p1a: Regulus|atk|1\n|-boost|p1a: Regulus|def|1\n|\n|upkeep\n|\n|t:|1696567953\n|switch|p2a: Mossy Monkey|Rillaboom, M|81\/100 par\n|-activate|p2a: Mossy Monkey|move: Sticky Web\n|-unboost|p2a: Mossy Monkey|spe|1\n|-fieldstart|move: Grassy Terrain|[from] ability: Grassy Surge|[of] p2a: Mossy Monkey\n|turn|8\n|\n|t:|1696567969\n|move|p2a: Mossy Monkey|Fake Out|p1a: Regulus\n|-resisted|p1a: Regulus\n|-damage|p1a: Regulus|97\/100\n|move|p1b: Wyber|Thunderbolt|p2b: Wet Monkey\n|-supereffective|p2b: Wet Monkey\n|-damage|p2b: Wet Monkey|32\/100\n|cant|p1a: Regulus|flinch\n|move|p2b: Wet Monkey|Ice Beam|p1a: Regulus\n|-damage|p1a: Regulus|79\/100\n|\n|-heal|p1a: Regulus|85\/100|[from] item: Leftovers\n|-heal|p2b: Wet Monkey|38\/100|[from] Grassy Terrain\n|-heal|p2b: Wet Monkey|45\/100|[from] item: Leftovers\n|-heal|p2a: Mossy Monkey|87\/100 par|[from] Grassy Terrain\n|upkeep\n|turn|9\n|\n|t:|1696567989\n|move|p1b: Wyber|Thunderbolt|p2b: Wet Monkey\n|-supereffective|p2b: Wet Monkey\n|-damage|p2b: Wet Monkey|0 fnt\n|faint|p2b: Wet Monkey\n|move|p1a: Regulus|Bulk Up|p1a: Regulus\n|-boost|p1a: Regulus|atk|1\n|-boost|p1a: Regulus|def|1\n|move|p2a: Mossy Monkey|Drum Beating|p1b: Wyber\n|-damage|p1b: Wyber|21\/100\n|-unboost|p1b: Wyber|spe|1\n|\n|-heal|p1b: Wyber|27\/100|[from] Grassy Terrain\n|-heal|p1a: Regulus|91\/100|[from] item: Leftovers\n|-heal|p2a: Mossy Monkey|93\/100 par|[from] Grassy Terrain\n|-sideend|p1: Regulusmon|move: Tailwind\n|upkeep\n|\n|t:|1696568005\n|switch|p2b: Little Monkey|Grafaiai, M|82\/100\n|-activate|p2b: Little Monkey|move: Sticky Web\n|-unboost|p2b: Little Monkey|spe|1\n|turn|10\n|\n|t:|1696568025\n|move|p2b: Little Monkey|Switcheroo|p1a: Regulus\n|-activate|p2b: Little Monkey|move: Trick|[of] p1a: Regulus\n|-item|p1a: Regulus|Black Sludge|[from] move: Switcheroo\n|-item|p2b: Little Monkey|Leftovers|[from] move: Switcheroo\n|move|p1b: Wyber|Sludge Wave|p2a: Mossy Monkey|[spread] p2a,p2b\n|-immune|p1a: Regulus\n|-supereffective|p2a: Mossy Monkey\n|-crit|p2a: Mossy Monkey\n|-resisted|p2b: Little Monkey\n|-damage|p2a: Mossy Monkey|0 fnt\n|-damage|p2b: Little Monkey|64\/100\n|faint|p2a: Mossy Monkey\n|move|p1a: Regulus|Bulk Up|p1a: Regulus\n|-boost|p1a: Regulus|atk|1\n|-boost|p1a: Regulus|def|1\n|\n|-heal|p2b: Little Monkey|70\/100|[from] Grassy Terrain\n|-heal|p2b: Little Monkey|76\/100|[from] item: Leftovers\n|-heal|p1b: Wyber|33\/100|[from] Grassy Terrain\n|-damage|p1a: Regulus|79\/100|[from] item: Black Sludge\n|upkeep\n|\n|t:|1696568040\n|switch|p2a: Big Monkey|Slaking, M|100\/100\n|-activate|p2a: Big Monkey|move: Sticky Web\n|-unboost|p2a: Big Monkey|spe|1\n|turn|11\n|\n|t:|1696568056\n|move|p2b: Little Monkey|Doodle|p1b: Wyber\n|-endability|p2a: Big Monkey|Truant|[from] move: Doodle\n|-ability|p2a: Big Monkey|Sheer Force|[from] move: Doodle\n|-endability|p2b: Little Monkey|Prankster|[from] move: Doodle\n|-ability|p2b: Little Monkey|Sheer Force|[from] move: Doodle\n|move|p2a: Big Monkey|Drain Punch|p1b: Wyber\n|-resisted|p1b: Wyber\n|-damage|p1b: Wyber|12\/100\n|move|p1b: Wyber|Earth Power|p2b: Little Monkey\n|-supereffective|p2b: Little Monkey\n|-damage|p2b: Little Monkey|0 fnt\n|faint|p2b: Little Monkey\n|move|p1a: Regulus|Body Press|p2a: Big Monkey\n|-supereffective|p2a: Big Monkey\n|-damage|p2a: Big Monkey|20\/100\n|\n|-heal|p2a: Big Monkey|26\/100|[from] Grassy Terrain\n|-heal|p2a: Big Monkey|32\/100|[from] item: Leftovers\n|-heal|p1b: Wyber|18\/100|[from] Grassy Terrain\n|-damage|p1a: Regulus|67\/100|[from] item: Black Sludge\n|upkeep\n|turn|12\n|\n|t:|1696568095\n|move|p2a: Big Monkey|Drain Punch|p1a: Regulus\n|-damage|p1a: Regulus|57\/100\n|-heal|p2a: Big Monkey|36\/100|[from] drain|[of] p1a: Regulus\n|move|p1b: Wyber|Sludge Wave|p2a: Big Monkey|[spread] p2a\n|-immune|p1a: Regulus\n|-damage|p2a: Big Monkey|0 fnt\n|faint|p2a: Big Monkey\n|\n|win|Regulusmon\n|raw|Regulusmon's rating: 1000 &rarr; <strong>1051<\/strong><br \/>(+51 for winning)\n|raw|Lilytheloudmouth's rating: 1102 &rarr; <strong>1070<\/strong><br \/>(-32 for losing)\n","uploadtime":1696568110,"views":23,"p1id":"regulusmon","p2id":"lilytheloudmouth","formatid":"gen9nationaldexdoubles","rating":1051,"private":0,"password":""}