{"id":"gen9nationaldexdoubles-1967769328","p1":"7urtle2","p2":"LightNovas","format":"[Gen 9] National Dex Doubles","log":"|j|\u26067urtle2\n|j|\u2606LightNovas\n|t:|1697336371\n|gametype|doubles\n|player|p1|7urtle2|n|1098\n|player|p2|LightNovas|cynthia|1149\n|teamsize|p1|6\n|teamsize|p2|6\n|gen|9\n|tier|[Gen 9] National Dex Doubles\n|rated|\n|rule|HP Percentage Mod: HP is shown in percentages\n|rule|Endless Battle Clause: Forcing endless battles is banned\n|rule|OHKO Clause: OHKO moves are banned\n|rule|Evasion Moves Clause: Evasion moves are banned\n|rule|Evasion Abilities Clause: Evasion abilities are banned\n|rule|Species Clause: Limit one of each Pok\u00e9mon\n|rule|Gravity Sleep Clause: The combination of sleep-inducing moves with imperfect accuracy and Gravity or Gigantamax Orbeetle are banned\n|clearpoke\n|poke|p1|Victini|\n|poke|p1|Malamar, F|\n|poke|p1|Polteageist-Antique|\n|poke|p1|Haxorus, F|\n|poke|p1|Ogerpon-Wellspring, F|\n|poke|p1|Maushold-Four|\n|poke|p2|Torkoal, F|\n|poke|p2|Ninetales-Alola, M|\n|poke|p2|Slowking, M|\n|poke|p2|Pelipper, M|\n|poke|p2|Dragonite, M|\n|poke|p2|Ogerpon-Wellspring, F|\n|teampreview\n|inactive|Battle timer is ON: inactive players will automatically lose when time's up. (requested by 7urtle2)\n|\n|t:|1697336397\n|start\n|switch|p1a: Malamar|Malamar, F|100\/100\n|switch|p1b: Polteageist|Polteageist-Antique|100\/100\n|switch|p2a: Nami|Ninetales-Alola, M|100\/100\n|switch|p2b: Wildcard|Dragonite, M|100\/100\n|-weather|Snow|[from] ability: Snow Warning|[of] p2a: Nami\n|turn|1\n|\n|t:|1697336415\n|move|p2a: Nami|Aurora Veil|p2a: Nami\n|-sidestart|p2: LightNovas|move: Aurora Veil\n|move|p1a: Malamar|Simple Beam|p1b: Polteageist\n|-endability|p1b: Polteageist|Weak Armor|[from] move: Simple Beam\n|-ability|p1b: Polteageist|Simple|[from] move: Simple Beam\n|move|p2b: Wildcard|Blizzard|p1b: Polteageist|[spread] p1a,p1b\n|-crit|p1b: Polteageist\n|-damage|p1a: Malamar|68\/100\n|-damage|p1b: Polteageist|59\/100\n|-status|p1a: Malamar|frz\n|move|p1b: Polteageist|Shell Smash|p1b: Polteageist\n|-unboost|p1b: Polteageist|def|2\n|-unboost|p1b: Polteageist|spd|2\n|-boost|p1b: Polteageist|atk|4\n|-boost|p1b: Polteageist|spa|4\n|-boost|p1b: Polteageist|spe|4\n|-enditem|p1b: Polteageist|White Herb\n|-clearnegativeboost|p1b: Polteageist|[silent]\n|\n|-weather|Snow|[upkeep]\n|upkeep\n|turn|2\n|c|\u2606LightNovas|oh fuck\n|c|\u2606LightNovas|oh no\n|c|\u2606LightNovas|oh no\n|c|\u2606LightNovas|pleaes freeze\n|c|\u2606LightNovas|WRONG POKEMON DRAGONITE\n|c|\u2606LightNovas|AAAAAAAAAAAAAAAAAAAAAAAAAAAAAAAAAAAAAAA\n|inactive|7urtle2 has 120 seconds left.\n|\n|t:|1697336448\n|switch|p1a: Maushold|Maushold-Four|100\/100\n|move|p1b: Polteageist|Giga Drain|p2a: Nami\n|-damage|p2a: Nami|28\/100\n|-heal|p1b: Polteageist|94\/100|[from] drain|[of] p2a: Nami\n|move|p2a: Nami|Weather Ball|p1b: Polteageist\n|-damage|p1b: Polteageist|66\/100\n|move|p2b: Wildcard|Blizzard|p1b: Polteageist|[spread] p1a,p1b\n|-damage|p1a: Maushold|70\/100\n|-damage|p1b: Polteageist|47\/100\n|\n|-weather|Snow|[upkeep]\n|-heal|p1a: Maushold|76\/100|[from] item: Leftovers\n|upkeep\n|turn|3\n|c|\u2606LightNovas|oh scrwe me-\n|\n|t:|1697336466\n|move|p2a: Nami|Protect|p2a: Nami\n|-singleturn|p2a: Nami|Protect\n|move|p1a: Maushold|Follow Me|p1a: Maushold\n|-singleturn|p1a: Maushold|move: Follow Me\n|move|p1b: Polteageist|Giga Drain|p2a: Nami\n|-activate|p2a: Nami|move: Protect\n|move|p2b: Wildcard|Blizzard|p1b: Polteageist|[spread] p1a,p1b\n|-crit|p1a: Maushold\n|-damage|p1a: Maushold|32\/100\n|-damage|p1b: Polteageist|26\/100\n|\n|-weather|Snow|[upkeep]\n|-heal|p1a: Maushold|38\/100|[from] item: Leftovers\n|upkeep\n|turn|4\n|\n|t:|1697336478\n|move|p2a: Nami|Protect|p2a: Nami\n|-singleturn|p2a: Nami|Protect\n|move|p1a: Maushold|Follow Me|p1a: Maushold\n|-singleturn|p1a: Maushold|move: Follow Me\n|move|p1b: Polteageist|Shadow Ball|p2b: Wildcard\n|-damage|p2b: Wildcard|51\/100\n|-unboost|p2b: Wildcard|spd|1\n|move|p2b: Wildcard|Blizzard|p1b: Polteageist|[spread] p1a,p1b\n|-damage|p1a: Maushold|8\/100\n|-damage|p1b: Polteageist|5\/100\n|-status|p1b: Polteageist|frz\n|\n|-weather|Snow|[upkeep]\n|-heal|p1a: Maushold|14\/100|[from] item: Leftovers\n|upkeep\n|turn|5\n|c|\u2606LightNovas|YEEEEES\n|-message|7urtle2 forfeited.\n|\n|win|LightNovas\n|raw|7urtle2's rating: 1098 &rarr; <strong>1077<\/strong><br \/>(-21 for losing)\n|raw|LightNovas's rating: 1149 &rarr; <strong>1170<\/strong><br \/>(+21 for winning)\n|l|\u26067urtle2\n","uploadtime":1697336509,"views":10,"p1id":"7urtle2","p2id":"lightnovas","formatid":"gen9nationaldexdoubles","rating":1077,"private":0,"password":""}