{"id":"gen9nationaldexdoubles-1972372132","p1":"aquadragon135","p2":"Hiif jf","format":"[Gen 9] National Dex Doubles","log":"|j|\u2606aquadragon135\n|j|\u2606Hiif jf\n|t:|1697835904\n|gametype|doubles\n|player|p1|aquadragon135|lady|1047\n|player|p2|Hiif jf|lucas|1000\n|teamsize|p1|6\n|teamsize|p2|6\n|gen|9\n|tier|[Gen 9] National Dex Doubles\n|rated|\n|rule|HP Percentage Mod: HP is shown in percentages\n|rule|Endless Battle Clause: Forcing endless battles is banned\n|rule|OHKO Clause: OHKO moves are banned\n|rule|Evasion Moves Clause: Evasion moves are banned\n|rule|Evasion Abilities Clause: Evasion abilities are banned\n|rule|Species Clause: Limit one of each Pok\u00e9mon\n|rule|Gravity Sleep Clause: The combination of sleep-inducing moves with imperfect accuracy and Gravity or Gigantamax Orbeetle are banned\n|clearpoke\n|poke|p1|Dachsbun, M|\n|poke|p1|Druddigon, F|\n|poke|p1|Zebstrika, M|\n|poke|p1|Centiskorch, M|\n|poke|p1|Farigiraf, M|\n|poke|p1|Carracosta, F|\n|poke|p2|Indeedee, M|\n|poke|p2|Deoxys-Attack|\n|poke|p2|Typhlosion, M|\n|poke|p2|Kartana|\n|poke|p2|Murkrow, F|\n|poke|p2|Shuckle, F|\n|teampreview\n|inactive|Battle timer is ON: inactive players will automatically lose when time's up. (requested by aquadragon135)\n|\n|t:|1697835929\n|start\n|switch|p1a: Carracosta|Carracosta, F|100\/100\n|switch|p1b: Centiskorch|Centiskorch, M|100\/100\n|switch|p2a: Murkrow|Murkrow, F|100\/100\n|switch|p2b: Shuckle|Shuckle, F|100\/100\n|turn|1\n|inactive|Hiif jf has 120 seconds left.\n|\n|t:|1697835959\n|move|p2a: Murkrow|Perish Song|p2a: Murkrow\n|-start|p1a: Carracosta|perish3|[silent]\n|-start|p1b: Centiskorch|perish3|[silent]\n|-start|p2a: Murkrow|perish3|[silent]\n|-start|p2b: Shuckle|perish3|[silent]\n|-fieldactivate|move: Perish Song\n|move|p1b: Centiskorch|Burn Up|p2b: Shuckle\n|-damage|p2b: Shuckle|71\/100\n|-start|p1b: Centiskorch|typechange|???\/Bug|[from] move: Burn Up\n|move|p1a: Carracosta|Razor Shell|p2b: Shuckle\n|-supereffective|p2b: Shuckle\n|-damage|p2b: Shuckle|34\/100\n|move|p2b: Shuckle|Stealth Rock|p1b: Centiskorch\n|-sidestart|p1: aquadragon135|move: Stealth Rock\n|\n|-start|p2a: Murkrow|perish3\n|-start|p1b: Centiskorch|perish3\n|-start|p1a: Carracosta|perish3\n|-start|p2b: Shuckle|perish3\n|upkeep\n|turn|2\n|\n|t:|1697835985\n|move|p2a: Murkrow|Tailwind|p2a: Murkrow\n|-sidestart|p2: Hiif jf|move: Tailwind\n|move|p1b: Centiskorch|Leech Life|p2a: Murkrow\n|-damage|p2a: Murkrow|52\/100\n|move|p1a: Carracosta|Razor Shell|p2b: Shuckle\n|-supereffective|p2b: Shuckle\n|-damage|p2b: Shuckle|0 fnt\n|faint|p2b: Shuckle\n|\n|-start|p2a: Murkrow|perish2\n|-start|p1b: Centiskorch|perish2\n|-start|p1a: Carracosta|perish2\n|upkeep\n|inactive|Hiif jf has 120 seconds left.\n|inactive|Hiif jf has 90 seconds left.\n|\n|t:|1697836037\n|switch|p2b: Typhlosion|Typhlosion, M|100\/100\n|turn|3\n|inactive|Hiif jf has 90 seconds left.\n|\n|t:|1697836062\n|move|p2a: Murkrow|Taunt|p1b: Centiskorch\n|-start|p1b: Centiskorch|move: Taunt\n|move|p1a: Carracosta|Aqua Jet|p2b: Typhlosion\n|-supereffective|p2b: Typhlosion\n|-damage|p2b: Typhlosion|54\/100\n|move|p2b: Typhlosion|Seismic Toss|p1b: Centiskorch\n|-damage|p1b: Centiskorch|73\/100\n|move|p1b: Centiskorch|Leech Life|p2a: Murkrow\n|-damage|p2a: Murkrow|3\/100\n|-heal|p1b: Centiskorch|95\/100|[from] drain|[of] p2a: Murkrow\n|\n|-start|p2a: Murkrow|perish1\n|-start|p1b: Centiskorch|perish1\n|-start|p1a: Carracosta|perish1\n|upkeep\n|turn|4\n|\n|t:|1697836087\n|switch|p1b: Druddigon|Druddigon, F|100\/100\n|switch|p1a: Dachsbun|Dachsbun, M|100\/100\n|-damage|p1a: Dachsbun|88\/100|[from] Stealth Rock\n|move|p2a: Murkrow|Taunt|p1a: Dachsbun\n|-start|p1a: Dachsbun|move: Taunt\n|move|p2b: Typhlosion|Seismic Toss|p1b: Druddigon\n|-damage|p1b: Druddigon|71\/100\n|\n|-heal|p1a: Dachsbun|94\/100|[from] item: Leftovers\n|-start|p2a: Murkrow|perish0\n|faint|p2a: Murkrow\n|upkeep\n|inactive|Hiif jf has 90 seconds left.\n|\n|t:|1697836105\n|switch|p2a: Kartana|Kartana|100\/100\n|turn|5\n|\n|t:|1697836132\n|-terastallize|p1a: Dachsbun|Grass\n|move|p2b: Typhlosion|Seismic Toss|p1a: Dachsbun\n|-damage|p1a: Dachsbun|55\/100\n|move|p2a: Kartana|Smart Strike|p1a: Dachsbun\n|-damage|p1a: Dachsbun|2\/100\n|move|p1a: Dachsbun|Psychic Fangs|p2b: Typhlosion\n|-damage|p2b: Typhlosion|26\/100\n|move|p1b: Druddigon|Fire Punch|p2a: Kartana\n|-supereffective|p2a: Kartana\n|-damage|p2a: Kartana|0 fnt\n|faint|p2a: Kartana\n|\n|-heal|p1a: Dachsbun|8\/100|[from] item: Leftovers\n|-sideend|p2: Hiif jf|move: Tailwind\n|upkeep\n|\n|t:|1697836147\n|switch|p2a: Indeedee|Indeedee, M|100\/100\n|-fieldstart|move: Psychic Terrain|[from] ability: Psychic Surge|[of] p2a: Indeedee\n|turn|6\n|inactive|Hiif jf has 120 seconds left.\n|\n|t:|1697836154\n|-terastallize|p2a: Indeedee|Psychic\n|move|p1b: Druddigon|Sucker Punch|p2b: Typhlosion\n|-activate|p2b: Typhlosion|move: Psychic Terrain\n|move|p2b: Typhlosion|Seismic Toss|p1b: Druddigon\n|-damage|p1b: Druddigon|42\/100\n|move|p2a: Indeedee|Expanding Force|p1b: Druddigon|[spread] p1a,p1b\n|-damage|p1a: Dachsbun|0 fnt\n|-damage|p1b: Druddigon|0 fnt\n|faint|p1a: Dachsbun\n|faint|p1b: Druddigon\n|\n|upkeep\n|\n|t:|1697836173\n|switch|p1a: Farigiraf|Farigiraf, M|100\/100\n|switch|p1b: Centiskorch|Centiskorch, M|95\/100\n|-damage|p1a: Farigiraf|88\/100|[from] Stealth Rock\n|-damage|p1b: Centiskorch|45\/100|[from] Stealth Rock\n|turn|7\n|\n|t:|1697836188\n|move|p2b: Typhlosion|Seismic Toss|p1a: Farigiraf\n|-damage|p1a: Farigiraf|63\/100\n|move|p2a: Indeedee|Expanding Force|p1a: Farigiraf|[spread] p1a,p1b\n|-resisted|p1a: Farigiraf\n|-damage|p1a: Farigiraf|23\/100\n|-damage|p1b: Centiskorch|0 fnt\n|faint|p1b: Centiskorch\n|move|p1a: Farigiraf|Agility|p1a: Farigiraf\n|-boost|p1a: Farigiraf|spe|2\n|\n|upkeep\n|\n|t:|1697836199\n|switch|p1b: Zebstrika|Zebstrika, M|100\/100\n|-damage|p1b: Zebstrika|88\/100|[from] Stealth Rock\n|turn|8\n|\n|t:|1697836210\n|move|p2b: Typhlosion|Seismic Toss|p1b: Zebstrika\n|-damage|p1b: Zebstrika|54\/100\n|move|p2a: Indeedee|Expanding Force|p1b: Zebstrika|[spread] p1a,p1b\n|-resisted|p1a: Farigiraf\n|-damage|p1a: Farigiraf|0 fnt\n|-damage|p1b: Zebstrika|0 fnt\n|faint|p1a: Farigiraf\n|faint|p1b: Zebstrika\n|\n|upkeep\n|\n|t:|1697836217\n|switch|p1b: Carracosta|Carracosta, F|100\/100\n|-damage|p1b: Carracosta|88\/100|[from] Stealth Rock\n|turn|9\n|\n|t:|1697836221\n|move|p1b: Carracosta|Aqua Jet|p2b: Typhlosion\n|-activate|p2b: Typhlosion|move: Psychic Terrain\n|move|p2b: Typhlosion|Seismic Toss|p1b: Carracosta\n|-damage|p1b: Carracosta|53\/100\n|move|p2a: Indeedee|Expanding Force|p1b: Carracosta\n|-damage|p1b: Carracosta|0 fnt\n|faint|p1b: Carracosta\n|\n|win|Hiif jf\n|raw|aquadragon135's rating: 1047 &rarr; <strong>1028<\/strong><br \/>(-19 for losing)\n|raw|Hiif jf's rating: 1000 &rarr; <strong>1045<\/strong><br \/>(+45 for winning)\n|l|\u2606aquadragon135\n","uploadtime":1697836227,"views":6,"p1id":"aquadragon135","p2id":"hiifjf","formatid":"gen9nationaldexdoubles","rating":1028,"private":0,"password":""}