{"id":"gen9nationaldexdoubles-1990871639","p1":"DropAAmogus","p2":"OdeioSenha","format":"[Gen 9] National Dex Doubles","log":"|j|\u2606DropAAmogus\n|j|\u2606OdeioSenha\n|t:|1700009790\n|gametype|doubles\n|player|p1|DropAAmogus|101|\n|player|p2|OdeioSenha|169|\n|teamsize|p1|6\n|teamsize|p2|6\n|gen|9\n|tier|[Gen 9] National Dex Doubles\n|rule|HP Percentage Mod: HP is shown in percentages\n|rule|Endless Battle Clause: Forcing endless battles is banned\n|rule|OHKO Clause: OHKO moves are banned\n|rule|Evasion Moves Clause: Evasion moves are banned\n|rule|Evasion Abilities Clause: Evasion abilities are banned\n|rule|Species Clause: Limit one of each Pok\u00e9mon\n|rule|Gravity Sleep Clause: The combination of sleep-inducing moves with imperfect accuracy and Gravity or Gigantamax Orbeetle are banned\n|clearpoke\n|poke|p1|Gholdengo|\n|poke|p1|Garganacl, M|\n|poke|p1|Pelipper, F|\n|poke|p1|Feebas, F|\n|poke|p1|Azumarill, F|\n|poke|p1|Iron Hands|\n|poke|p2|Shuckle, M|\n|poke|p2|Indeedee-F, F|\n|poke|p2|Jirachi|\n|poke|p2|Clefable, M|\n|poke|p2|Electabuzz, F|\n|poke|p2|Mew|\n|teampreview\n|inactive|Battle timer is ON: inactive players will automatically lose when time's up. (requested by DropAAmogus)\n|\n|t:|1700009798\n|start\n|switch|p1a: Feebas|Feebas, F|100\/100\n|switch|p1b: Pelipper|Pelipper, F|100\/100\n|switch|p2a: Testing|Shuckle, M|100\/100\n|switch|p2b: Indeedee|Indeedee-F, F|100\/100\n|-fieldstart|move: Psychic Terrain|[from] ability: Psychic Surge|[of] p2b: Indeedee\n|-weather|RainDance|[from] ability: Drizzle|[of] p1b: Pelipper\n|turn|1\n|c|\u2606OdeioSenha|se tu usa taunt\n|c|\u2606OdeioSenha|mortes iram ocorrer\n|\n|t:|1700009812\n|move|p1b: Pelipper|Protect|p1b: Pelipper\n|-singleturn|p1b: Pelipper|Protect\n|move|p1a: Feebas|Hypnosis|p2a: Testing\n|-status|p2a: Testing|slp|[from] move: Hypnosis\n|cant|p2a: Testing|slp\n|move|p2b: Indeedee|Trick Room|p2b: Indeedee\n|-fieldstart|move: Trick Room|[of] p2b: Indeedee\n|\n|-weather|RainDance|[upkeep]\n|upkeep\n|turn|2\n|c|\u2606OdeioSenha|hypnosis na indeedee entendo\n|c|\u2606OdeioSenha|mais no shuckle \u00e9 diferenciado\n|inactive|DropAAmogus has 270 seconds left.\n|inactive|OdeioSenha has 270 seconds left.\n|\n|t:|1700009850\n|-terastallize|p2a: Testing|Flying\n|move|p1a: Feebas|Protect|p1a: Feebas\n|-singleturn|p1a: Feebas|Protect\n|cant|p2a: Testing|slp\n|move|p1b: Pelipper|Blizzard|p2b: Indeedee|[spread] p2a,p2b\n|-supereffective|p2a: Testing\n|-crit|p2a: Testing\n|-crit|p2b: Indeedee\n|-damage|p2a: Testing|56\/100 slp\n|-damage|p2b: Indeedee|76\/100\n|move|p2b: Indeedee|Safeguard|p2b: Indeedee\n|-sidestart|p2: OdeioSenha|Safeguard\n|\n|-weather|RainDance|[upkeep]\n|upkeep\n|turn|3\n|\n|t:|1700009869\n|move|p1b: Pelipper|Protect|p1b: Pelipper\n|-singleturn|p1b: Pelipper|Protect\n|move|p2b: Indeedee|Follow Me|p2b: Indeedee\n|-singleturn|p2b: Indeedee|move: Follow Me\n|cant|p2a: Testing|slp\n|move|p1a: Feebas|Toxic|p2b: Indeedee\n|-activate|p2b: Indeedee|move: Safeguard\n|\n|-weather|RainDance|[upkeep]\n|upkeep\n|turn|4\n|\n|t:|1700009889\n|move|p1b: Pelipper|Protect|p1b: Pelipper\n|-singleturn|p1b: Pelipper|Protect\n|move|p2b: Indeedee|Follow Me|p2b: Indeedee\n|-singleturn|p2b: Indeedee|move: Follow Me\n|-curestatus|p2a: Testing|slp|[msg]\n|move|p2a: Testing|Power Trick|p2a: Testing\n|-start|p2a: Testing|Power Trick\n|move|p1a: Feebas|Hypnosis|p2b: Indeedee\n|-activate|p2b: Indeedee|move: Safeguard\n|\n|-weather|RainDance|[upkeep]\n|upkeep\n|turn|5\n|\n|t:|1700009907\n|move|p2b: Indeedee|Helping Hand|p2a: Testing\n|-singleturn|p2a: Testing|Helping Hand|[of] p2b: Indeedee\n|move|p1a: Feebas|Protect|p1a: Feebas\n|-singleturn|p1a: Feebas|Protect\n|move|p2a: Testing|Rock Slide|p1a: Feebas|[spread] p1b\n|-activate|p1a: Feebas|move: Protect\n|-supereffective|p1b: Pelipper\n|-enditem|p1b: Pelipper|Focus Sash\n|-damage|p1b: Pelipper|1\/100\n|cant|p1b: Pelipper|flinch\n|\n|-weather|none\n|-fieldend|move: Trick Room\n|upkeep\n|turn|6\n|c|\u2606DropAAmogus|n\n|c|\u2606DropAAmogus|A N\n|\n|t:|1700009935\n|move|p1b: Pelipper|Protect|p1b: Pelipper\n|-singleturn|p1b: Pelipper|Protect\n|move|p1a: Feebas|Hypnosis|p2a: Testing\n|-activate|p2a: Testing|move: Safeguard\n|move|p2a: Testing|Rock Slide|p1a: Feebas|[spread] p1a\n|-activate|p1b: Pelipper|move: Protect\n|-damage|p1a: Feebas|0 fnt\n|faint|p1a: Feebas\n|move|p2b: Indeedee|Trick Room|p2b: Indeedee\n|-fieldstart|move: Trick Room|[of] p2b: Indeedee\n|\n|-sideend|p2: OdeioSenha|Safeguard\n|upkeep\n|\n|t:|1700009946\n|switch|p1a: Azumarill|Azumarill, F|100\/100\n|turn|7\n|\n|t:|1700009954\n|move|p2b: Indeedee|Helping Hand|p2a: Testing\n|-singleturn|p2a: Testing|Helping Hand|[of] p2b: Indeedee\n|move|p1b: Pelipper|Protect|p1b: Pelipper\n|-singleturn|p1b: Pelipper|Protect\n|move|p2a: Testing|Rock Slide|p1a: Azumarill|[spread] p1a\n|-activate|p1b: Pelipper|move: Protect\n|-damage|p1a: Azumarill|28\/100\n|cant|p1a: Azumarill|flinch\n|\n|upkeep\n|turn|8\n|c|\u2606DropAAmogus|sortudo\n|\n|t:|1700009969\n|move|p2b: Indeedee|Helping Hand|p2a: Testing\n|-singleturn|p2a: Testing|Helping Hand|[of] p2b: Indeedee\n|move|p1a: Azumarill|Protect|p1a: Azumarill\n|-singleturn|p1a: Azumarill|Protect\n|move|p2a: Testing|Rock Slide|p1b: Pelipper|[spread] \n|-activate|p1a: Azumarill|move: Protect\n|-miss|p2a: Testing|p1b: Pelipper\n|move|p1b: Pelipper|Blizzard|p2b: Indeedee|[spread] p2a,p2b\n|-supereffective|p2a: Testing\n|-damage|p2a: Testing|30\/100\n|-damage|p2b: Indeedee|59\/100\n|-status|p2b: Indeedee|frz\n|\n|-fieldend|move: Psychic Terrain\n|upkeep\n|turn|9\n|c|\u2606OdeioSenha|\u00b4\u00b4sortudo\u00b4\u00b4\n|\n|t:|1700009991\n|switch|p2b: Jirachi|Jirachi|100\/100\n|move|p1b: Pelipper|Protect|p1b: Pelipper\n|-singleturn|p1b: Pelipper|Protect\n|move|p2a: Testing|Rock Slide|p1a: Azumarill|[spread] p1a\n|-activate|p1b: Pelipper|move: Protect\n|-damage|p1a: Azumarill|0 fnt\n|faint|p1a: Azumarill\n|\n|upkeep\n|\n|t:|1700010003\n|switch|p1a: Iron Hands|Iron Hands|100\/100\n|-enditem|p1a: Iron Hands|Booster Energy\n|-activate|p1a: Iron Hands|ability: Quark Drive|[fromitem]\n|-start|p1a: Iron Hands|quarkdriveatk\n|turn|10\n|\n|t:|1700010022\n|move|p1a: Iron Hands|Fake Out|p2a: Testing\n|-damage|p2a: Testing|0 fnt\n|faint|p2a: Testing\n|move|p2b: Jirachi|Follow Me|p2b: Jirachi\n|-singleturn|p2b: Jirachi|move: Follow Me\n|move|p1b: Pelipper|Scald|p2b: Jirachi\n|-damage|p2b: Jirachi|80\/100\n|\n|-heal|p2b: Jirachi|86\/100|[from] item: Leftovers\n|-fieldend|move: Trick Room\n|upkeep\n|c|\u2606OdeioSenha|OXI Q ?\n|\n|t:|1700010033\n|switch|p2a: Indeedee|Indeedee-F, F|59\/100 frz\n|-fieldstart|move: Psychic Terrain|[from] ability: Psychic Surge|[of] p2a: Indeedee\n|turn|11\n|\n|t:|1700010045\n|switch|p2a: Mew|Mew|100\/100\n|move|p1b: Pelipper|Protect|p1b: Pelipper\n|-singleturn|p1b: Pelipper|Protect\n|move|p2b: Jirachi|Follow Me|p2b: Jirachi\n|-singleturn|p2b: Jirachi|move: Follow Me\n|move|p1a: Iron Hands|Belly Drum|p1a: Iron Hands\n|-damage|p1a: Iron Hands|51\/100\n|-setboost|p1a: Iron Hands|atk|6|[from] move: Belly Drum\n|\n|-heal|p2b: Jirachi|92\/100|[from] item: Leftovers\n|upkeep\n|turn|12\n|c|\u2606DropAAmogus|B E L L Y  - - D R U M\n|\n|t:|1700010061\n|move|p2b: Jirachi|Helping Hand|p2a: Mew\n|-singleturn|p2a: Mew|Helping Hand|[of] p2b: Jirachi\n|move|p1b: Pelipper|Protect||[still]\n|-fail|p1b: Pelipper\n|move|p2a: Mew|Expanding Force|p1b: Pelipper|[spread] p1a,p1b\n|-supereffective|p1a: Iron Hands\n|-damage|p1a: Iron Hands|0 fnt\n|-damage|p1b: Pelipper|0 fnt\n|faint|p1a: Iron Hands\n|-end|p1a: Iron Hands|Quark Drive|[silent]\n|faint|p1b: Pelipper\n|\n|-heal|p2b: Jirachi|98\/100|[from] item: Leftovers\n|upkeep\n|c|\u2606OdeioSenha|terei q usar isto\n|\n|t:|1700010075\n|switch|p1a: Garganacl|Garganacl, M|100\/100\n|switch|p1b: Gholdengo|Gholdengo|100\/100\n|turn|13\n|\n|t:|1700010090\n|move|p2b: Jirachi|Follow Me|p2b: Jirachi\n|-singleturn|p2b: Jirachi|move: Follow Me\n|move|p2a: Mew|Light Screen|p2a: Mew\n|-sidestart|p2: OdeioSenha|move: Light Screen\n|move|p1b: Gholdengo|Shadow Ball|p2b: Jirachi\n|-supereffective|p2b: Jirachi\n|-damage|p2b: Jirachi|50\/100\n|move|p1a: Garganacl|Salt Cure|p2b: Jirachi\n|-resisted|p2b: Jirachi\n|-damage|p2b: Jirachi|46\/100\n|-start|p2b: Jirachi|Salt Cure\n|\n|-heal|p2b: Jirachi|52\/100|[from] item: Leftovers\n|-damage|p2b: Jirachi|27\/100|[from] Salt Cure\n|upkeep\n|turn|14\n|\n|t:|1700010108\n|move|p1a: Garganacl|Protect|p1a: Garganacl\n|-singleturn|p1a: Garganacl|Protect\n|move|p2b: Jirachi|Follow Me|p2b: Jirachi\n|-singleturn|p2b: Jirachi|move: Follow Me\n|move|p2a: Mew|Expanding Force|p1b: Gholdengo|[spread] p1b\n|-activate|p1a: Garganacl|move: Protect\n|-resisted|p1b: Gholdengo\n|-damage|p1b: Gholdengo|82\/100\n|move|p1b: Gholdengo|Nasty Plot|p1b: Gholdengo\n|-boost|p1b: Gholdengo|spa|2\n|\n|-heal|p1b: Gholdengo|88\/100|[from] item: Leftovers\n|-heal|p2b: Jirachi|33\/100|[from] item: Leftovers\n|-damage|p2b: Jirachi|8\/100|[from] Salt Cure\n|upkeep\n|turn|15\n|\n|t:|1700010128\n|move|p2b: Jirachi|Helping Hand|p2a: Mew\n|-singleturn|p2a: Mew|Helping Hand|[of] p2b: Jirachi\n|move|p2a: Mew|Expanding Force|p1b: Gholdengo|[spread] p1a,p1b\n|-resisted|p1b: Gholdengo\n|-damage|p1a: Garganacl|43\/100\n|-damage|p1b: Gholdengo|57\/100\n|move|p1b: Gholdengo|Shadow Ball|p2a: Mew\n|-supereffective|p2a: Mew\n|-damage|p2a: Mew|22\/100\n|move|p1a: Garganacl|Body Press|p2b: Jirachi\n|-damage|p2b: Jirachi|0 fnt\n|faint|p2b: Jirachi\n|\n|-heal|p1b: Gholdengo|63\/100|[from] item: Leftovers\n|-heal|p1a: Garganacl|49\/100|[from] item: Leftovers\n|upkeep\n|\n|t:|1700010148\n|switch|p2b: Electabuzz|Electabuzz, F|100\/100\n|turn|16\n|\n|t:|1700010162\n|move|p2b: Electabuzz|Follow Me|p2b: Electabuzz\n|-singleturn|p2b: Electabuzz|move: Follow Me\n|move|p2a: Mew|Expanding Force|p1b: Gholdengo|[spread] p1a,p1b\n|-crit|p1a: Garganacl\n|-resisted|p1b: Gholdengo\n|-damage|p1a: Garganacl|0 fnt\n|-damage|p1b: Gholdengo|44\/100\n|faint|p1a: Garganacl\n|move|p1b: Gholdengo|Recover|p1b: Gholdengo\n|-heal|p1b: Gholdengo|94\/100\n|\n|-heal|p1b: Gholdengo|99\/100|[from] item: Leftovers\n|upkeep\n|turn|17\n|\n|t:|1700010175\n|move|p2b: Electabuzz|Follow Me|p2b: Electabuzz\n|-singleturn|p2b: Electabuzz|move: Follow Me\n|move|p2a: Mew|Haze|p2a: Mew\n|-clearallboost\n|move|p1b: Gholdengo|Shadow Ball|p2b: Electabuzz\n|-crit|p2b: Electabuzz\n|-damage|p2b: Electabuzz|51\/100\n|\n|-heal|p1b: Gholdengo|100\/100|[from] item: Leftovers\n|-sideend|p2: OdeioSenha|move: Light Screen\n|upkeep\n|turn|18\n|c|\u2606DropAAmogus|ESTOU APELANDO PARA ISSO\n|c|\u2606DropAAmogus|vamo faze chuva?\n|\n|t:|1700010193\n|move|p2b: Electabuzz|Follow Me|p2b: Electabuzz\n|-singleturn|p2b: Electabuzz|move: Follow Me\n|move|p2a: Mew|Expanding Force|p1b: Gholdengo\n|-resisted|p1b: Gholdengo\n|-damage|p1b: Gholdengo|77\/100\n|move|p1b: Gholdengo|Make It Rain|p2a: Mew|[spread] p2a,p2b\n|-crit|p2a: Mew\n|-resisted|p2b: Electabuzz\n|-damage|p2a: Mew|0 fnt\n|-damage|p2b: Electabuzz|34\/100\n|-unboost|p1b: Gholdengo|spa|1\n|faint|p2a: Mew\n|\n|-heal|p1b: Gholdengo|83\/100|[from] item: Leftovers\n|-fieldend|move: Psychic Terrain\n|upkeep\n|c|\u2606OdeioSenha|\u00e9 n tenho mais nd\n|c|\u2606OdeioSenha|f\n|-message|OdeioSenha forfeited.\n|\n|win|DropAAmogus\n|l|\u2606OdeioSenha\n","uploadtime":1700010252,"views":5,"p1id":"dropaamogus","p2id":"odeiosenha","formatid":"gen9nationaldexdoubles","rating":0,"private":0,"password":""}