{"id":"gen9nationaldexdoubles-1973659685","p1":"decidoustree","p2":"spirosssssss","format":"[Gen 9] National Dex Doubles","log":"|j|\u2606decidoustree\n|j|\u2606spirosssssss\n|t:|1698000727\n|gametype|doubles\n|player|p1|decidoustree|cheren-gen5bw2|1046\n|player|p2|spirosssssss|266|1000\n|teamsize|p1|6\n|teamsize|p2|6\n|gen|9\n|tier|[Gen 9] National Dex Doubles\n|rated|\n|rule|HP Percentage Mod: HP is shown in percentages\n|rule|Endless Battle Clause: Forcing endless battles is banned\n|rule|OHKO Clause: OHKO moves are banned\n|rule|Evasion Moves Clause: Evasion moves are banned\n|rule|Evasion Abilities Clause: Evasion abilities are banned\n|rule|Species Clause: Limit one of each Pok\u00e9mon\n|rule|Gravity Sleep Clause: The combination of sleep-inducing moves with imperfect accuracy and Gravity or Gigantamax Orbeetle are banned\n|clearpoke\n|poke|p1|Jirachi|\n|poke|p1|Mismagius, F|\n|poke|p1|Audino, F|\n|poke|p1|Delphox, F|\n|poke|p1|Mienshao, M|\n|poke|p1|Altaria, F|\n|poke|p2|Slaking, F|\n|poke|p2|Medicham, M|\n|poke|p2|Sinistcha-Masterpiece|\n|poke|p2|Salamence, F|\n|poke|p2|Eelektross, M|\n|poke|p2|Clefairy, M|\n|teampreview\n|\n|t:|1698000735\n|start\n|switch|p1a: Machiavellian Bach|Jirachi|100\/100\n|switch|p1b: Jerma|Mienshao, M|100\/100\n|switch|p2a: Slaking|Slaking, F|100\/100\n|switch|p2b: Medicham|Medicham, M|100\/100\n|turn|1\n|inactive|Battle timer is ON: inactive players will automatically lose when time's up. (requested by spirosssssss)\n|\n|t:|1698000755\n|move|p1b: Jerma|High Jump Kick|p2a: Slaking\n|-supereffective|p2a: Slaking\n|-damage|p2a: Slaking|0 fnt\n|-damage|p1b: Jerma|84\/100|[from] item: Rocky Helmet|[of] p2a: Slaking\n|faint|p2a: Slaking\n|-damage|p1b: Jerma|74\/100|[from] item: Life Orb\n|move|p2b: Medicham|Skill Swap|p2: Slaking|[notarget]\n|-fail|p2b: Medicham\n|move|p1a: Machiavellian Bach|Cosmic Power|p1a: Machiavellian Bach\n|-boost|p1a: Machiavellian Bach|def|1\n|-boost|p1a: Machiavellian Bach|spd|1\n|\n|upkeep\n|\n|t:|1698000768\n|switch|p2a: Clefairy|Clefairy, M|100\/100\n|turn|2\n|\n|t:|1698000791\n|detailschange|p2b: Medicham|Medicham-Mega, M\n|-mega|p2b: Medicham|Medicham|Medichamite\n|move|p1b: Jerma|Stone Edge|p2a: Clefairy\n|-damage|p2a: Clefairy|46\/100\n|-damage|p1b: Jerma|64\/100|[from] item: Life Orb\n|move|p2b: Medicham|Psycho Cut|p1b: Jerma\n|-supereffective|p1b: Jerma\n|-damage|p1b: Jerma|0 fnt\n|faint|p1b: Jerma\n|move|p1a: Machiavellian Bach|Charge Beam|p2a: Clefairy\n|-damage|p2a: Clefairy|39\/100\n|-boost|p1a: Machiavellian Bach|spa|1\n|move|p2a: Clefairy|Stealth Rock|p1a: Machiavellian Bach\n|-sidestart|p1: decidoustree|move: Stealth Rock\n|\n|upkeep\n|\n|t:|1698000804\n|switch|p1b: Osaka|Audino, F|100\/100\n|-damage|p1b: Osaka|88\/100|[from] Stealth Rock\n|turn|3\n|\n|t:|1698000828\n|move|p2a: Clefairy|Follow Me|p2a: Clefairy\n|-singleturn|p2a: Clefairy|move: Follow Me\n|move|p2b: Medicham|Drain Punch|p1b: Osaka\n|-supereffective|p1b: Osaka\n|-damage|p1b: Osaka|0 fnt\n|-damage|p2b: Medicham|84\/100|[from] item: Rocky Helmet|[of] p1b: Osaka\n|faint|p1b: Osaka\n|move|p1a: Machiavellian Bach|Stored Power|p2a: Clefairy\n|-damage|p2a: Clefairy|15\/100\n|\n|upkeep\n|\n|t:|1698000839\n|switch|p1b: Miscellaneous|Mismagius, F|100\/100\n|-damage|p1b: Miscellaneous|88\/100|[from] Stealth Rock\n|turn|4\n|\n|t:|1698000857\n|move|p2a: Clefairy|Follow Me|p2a: Clefairy\n|-singleturn|p2a: Clefairy|move: Follow Me\n|move|p1b: Miscellaneous|Icy Wind|p2a: Clefairy|[spread] p2a,p2b\n|-crit|p2b: Medicham\n|-damage|p2a: Clefairy|8\/100\n|-damage|p2b: Medicham|63\/100\n|-unboost|p2a: Clefairy|spe|1\n|-unboost|p2b: Medicham|spe|1\n|move|p1a: Machiavellian Bach|Stored Power|p2a: Clefairy\n|-damage|p2a: Clefairy|0 fnt\n|faint|p2a: Clefairy\n|move|p2b: Medicham|Psycho Cut|p1b: Miscellaneous\n|-damage|p1b: Miscellaneous|0 fnt\n|faint|p1b: Miscellaneous\n|\n|upkeep\n|\n|t:|1698000881\n|switch|p1b: Lemonade|Delphox, F|100\/100\n|switch|p2a: Salamence|Salamence, F|100\/100\n|-ability|p2a: Salamence|Intimidate|boost\n|-unboost|p1a: Machiavellian Bach|atk|1\n|-unboost|p1b: Lemonade|atk|1\n|-damage|p1b: Lemonade|76\/100|[from] Stealth Rock\n|turn|5\n|\n|t:|1698000905\n|move|p2a: Salamence|Earthquake|p1a: Machiavellian Bach|[spread] p2b,p1a,p1b\n|-supereffective|p1a: Machiavellian Bach\n|-supereffective|p1b: Lemonade\n|-damage|p2b: Medicham|22\/100\n|-damage|p1a: Machiavellian Bach|72\/100\n|-damage|p1b: Lemonade|0 fnt\n|faint|p1b: Lemonade\n|move|p1a: Machiavellian Bach|Cosmic Power|p1a: Machiavellian Bach\n|-boost|p1a: Machiavellian Bach|def|1\n|-boost|p1a: Machiavellian Bach|spd|1\n|move|p2b: Medicham|Drain Punch|p1a: Machiavellian Bach\n|-damage|p1a: Machiavellian Bach|45\/100\n|-heal|p2b: Medicham|40\/100|[from] drain|[of] p1a: Machiavellian Bach\n|\n|-heal|p1a: Machiavellian Bach|51\/100|[from] item: Leftovers\n|upkeep\n|\n|t:|1698000918\n|switch|p1b: Fluffy|Altaria, F|100\/100\n|-damage|p1b: Fluffy|75\/100|[from] Stealth Rock\n|turn|6\n|inactive|decidoustree has 120 seconds left.\n|\n|t:|1698000954\n|switch|p2a: Sinistcha|Sinistcha-Masterpiece|100\/100\n|-heal|p2b: Medicham|64\/100|[from] ability: Hospitality|[of] p2a: Sinistcha\n|detailschange|p1b: Fluffy|Altaria-Mega, F\n|-mega|p1b: Fluffy|Altaria|Altarianite\n|-terastallize|p1a: Machiavellian Bach|Psychic\n|move|p1a: Machiavellian Bach|Stored Power|p2b: Medicham\n|-damage|p2b: Medicham|0 fnt\n|faint|p2b: Medicham\n|move|p1b: Fluffy|Hyper Voice|p2a: Sinistcha\n|-damage|p2a: Sinistcha|49\/100\n|\n|-heal|p1a: Machiavellian Bach|57\/100|[from] item: Leftovers\n|upkeep\n|\n|t:|1698000976\n|switch|p2b: Eelektross|Eelektross, M|100\/100\n|turn|7\n|\n|t:|1698000992\n|move|p1a: Machiavellian Bach|Stored Power|p2a: Sinistcha\n|-damage|p2a: Sinistcha|0 fnt\n|faint|p2a: Sinistcha\n|move|p1b: Fluffy|Hyper Voice|p2b: Eelektross\n|-damage|p2b: Eelektross|56\/100\n|move|p2b: Eelektross|Wild Charge|p1a: Machiavellian Bach\n|-damage|p1a: Machiavellian Bach|39\/100\n|-damage|p2b: Eelektross|52\/100|[from] Recoil\n|\n|-heal|p1a: Machiavellian Bach|46\/100|[from] item: Leftovers\n|-heal|p2b: Eelektross|58\/100|[from] item: Leftovers\n|upkeep\n|\n|t:|1698001008\n|switch|p2a: Salamence|Salamence, F|100\/100\n|-ability|p2a: Salamence|Intimidate|boost\n|-unboost|p1a: Machiavellian Bach|atk|1\n|-unboost|p1b: Fluffy|atk|1\n|turn|8\n|\n|t:|1698001022\n|-terastallize|p2b: Eelektross|Electric\n|move|p2a: Salamence|Earthquake|p1a: Machiavellian Bach|[spread] p1a,p1b\n|-immune|p2b: Eelektross|[from] ability: Levitate\n|-damage|p1a: Machiavellian Bach|35\/100\n|-damage|p1b: Fluffy|53\/100\n|move|p1a: Machiavellian Bach|Stored Power|p2b: Eelektross\n|-damage|p2b: Eelektross|0 fnt\n|faint|p2b: Eelektross\n|move|p1b: Fluffy|Hyper Voice|p2a: Salamence\n|-supereffective|p2a: Salamence\n|-damage|p2a: Salamence|0 fnt\n|faint|p2a: Salamence\n|\n|win|decidoustree\n|raw|decidoustree's rating: 1046 &rarr; <strong>1075<\/strong><br \/>(+29 for winning)\n|raw|spirosssssss's rating: 1000 &rarr; <strong>1000<\/strong><br \/>(+0 for losing)\n","uploadtime":1698001036,"views":12,"p1id":"decidoustree","p2id":"spirosssssss","formatid":"gen9nationaldexdoubles","rating":1000,"private":0,"password":""}