{"id":"gen9nationaldexdoubles-1993742752","p1":"jdsan27","p2":"Hahahhaha easy","format":"[Gen 9] National Dex Doubles","log":"|j|\u2606jdsan27\n|j|\u2606Hahahhaha easy\n|t:|1700351902\n|gametype|doubles\n|player|p1|jdsan27|ethan|1118\n|player|p2|Hahahhaha easy|battlegirl-gen4|1000\n|teamsize|p1|6\n|teamsize|p2|6\n|gen|9\n|tier|[Gen 9] National Dex Doubles\n|rated|\n|rule|HP Percentage Mod: HP is shown in percentages\n|rule|Endless Battle Clause: Forcing endless battles is banned\n|rule|OHKO Clause: OHKO moves are banned\n|rule|Evasion Moves Clause: Evasion moves are banned\n|rule|Evasion Abilities Clause: Evasion abilities are banned\n|rule|Species Clause: Limit one of each Pok\u00e9mon\n|rule|Gravity Sleep Clause: The combination of sleep-inducing moves with imperfect accuracy and Gravity or Gigantamax Orbeetle are banned\n|clearpoke\n|poke|p1|Charizard, M|\n|poke|p1|Lapras, F|\n|poke|p1|Gengar, M|\n|poke|p1|Krookodile, M|\n|poke|p1|Breloom, M|\n|poke|p1|Toxtricity, M|\n|poke|p2|Indeedee, M|\n|poke|p2|Deoxys-Attack|\n|poke|p2|Typhlosion, F|\n|poke|p2|Kartana|\n|poke|p2|Murkrow, M|\n|poke|p2|Shuckle, F|\n|teampreview\n|inactive|Battle timer is ON: inactive players will automatically lose when time's up. (requested by Hahahhaha easy)\n|\n|t:|1700351912\n|start\n|switch|p1a: Charizard|Charizard, M|100\/100\n|switch|p1b: Krookodile|Krookodile, M|100\/100\n|switch|p2a: Murkrow|Murkrow, M|100\/100\n|switch|p2b: Shuckle|Shuckle, F|100\/100\n|-ability|p1b: Krookodile|Intimidate|boost\n|-unboost|p2a: Murkrow|atk|1\n|-unboost|p2b: Shuckle|atk|1\n|turn|1\n|\n|t:|1700351928\n|detailschange|p1a: Charizard|Charizard-Mega-Y, M\n|-mega|p1a: Charizard|Charizard|Charizardite Y\n|-weather|SunnyDay|[from] ability: Drought|[of] p1a: Charizard\n|move|p2a: Murkrow|Perish Song|p2a: Murkrow\n|-start|p1a: Charizard|perish3|[silent]\n|-start|p1b: Krookodile|perish3|[silent]\n|-start|p2a: Murkrow|perish3|[silent]\n|-start|p2b: Shuckle|perish3|[silent]\n|-fieldactivate|move: Perish Song\n|move|p1a: Charizard|Flamethrower|p2b: Shuckle\n|-damage|p2b: Shuckle|45\/100\n|move|p1b: Krookodile|Brick Break|p2b: Shuckle\n|-damage|p2b: Shuckle|28\/100\n|move|p2b: Shuckle|Stealth Rock|p1b: Krookodile\n|-sidestart|p1: jdsan27|move: Stealth Rock\n|\n|-weather|SunnyDay|[upkeep]\n|-start|p1a: Charizard|perish3\n|-start|p1b: Krookodile|perish3\n|-start|p2a: Murkrow|perish3\n|-start|p2b: Shuckle|perish3\n|upkeep\n|turn|2\n|\n|t:|1700351949\n|move|p2a: Murkrow|Taunt|p1a: Charizard\n|-start|p1a: Charizard|move: Taunt\n|move|p1a: Charizard|Flamethrower|p2b: Shuckle\n|-damage|p2b: Shuckle|0 fnt\n|faint|p2b: Shuckle\n|move|p1b: Krookodile|Smack Down|p2a: Murkrow\n|-supereffective|p2a: Murkrow\n|-damage|p2a: Murkrow|54\/100\n|-start|p2a: Murkrow|Smack Down\n|\n|-weather|SunnyDay|[upkeep]\n|-start|p1a: Charizard|perish2\n|-start|p1b: Krookodile|perish2\n|-start|p2a: Murkrow|perish2\n|upkeep\n|inactive|Hahahhaha easy has 120 seconds left.\n|\n|t:|1700351972\n|switch|p2b: Kartana|Kartana|100\/100\n|turn|3\n|\n|t:|1700351981\n|move|p2a: Murkrow|Tailwind|p2a: Murkrow\n|-sidestart|p2: Hahahhaha easy|move: Tailwind\n|move|p2b: Kartana|Leaf Blade|p1b: Krookodile\n|-supereffective|p1b: Krookodile\n|-enditem|p1b: Krookodile|Focus Sash\n|-damage|p1b: Krookodile|1\/100\n|move|p1a: Charizard|Flamethrower|p2b: Kartana\n|-supereffective|p2b: Kartana\n|-damage|p2b: Kartana|0 fnt\n|faint|p2b: Kartana\n|move|p1b: Krookodile|Earthquake|p2a: Murkrow|[spread] p2a\n|-immune|p1a: Charizard\n|-damage|p2a: Murkrow|0 fnt\n|faint|p2a: Murkrow\n|\n|-weather|SunnyDay|[upkeep]\n|-start|p1a: Charizard|perish1\n|-start|p1b: Krookodile|perish1\n|upkeep\n|inactive|Hahahhaha easy has 120 seconds left.\n|\n|t:|1700352002\n|switch|p2b: Typhlosion|Typhlosion, F|100\/100\n|switch|p2a: Indeedee|Indeedee, M|100\/100\n|-fieldstart|move: Psychic Terrain|[from] ability: Psychic Surge|[of] p2a: Indeedee\n|turn|4\n|\n|t:|1700352016\n|-terastallize|p2a: Indeedee|Psychic\n|move|p2b: Typhlosion|Eruption|p1b: Krookodile|[spread] p1a,p1b\n|-resisted|p1a: Charizard\n|-crit|p1a: Charizard\n|-damage|p1a: Charizard|29\/100\n|-damage|p1b: Krookodile|0 fnt\n|faint|p1b: Krookodile\n|move|p2a: Indeedee|Expanding Force|p1a: Charizard\n|-damage|p1a: Charizard|0 fnt\n|faint|p1a: Charizard\n|\n|-weather|SunnyDay|[upkeep]\n|upkeep\n|\n|t:|1700352030\n|switch|p1a: Lapras|Lapras, F|100\/100\n|switch|p1b: Breloom|Breloom, M|100\/100\n|-damage|p1b: Breloom|94\/100|[from] Stealth Rock\n|-damage|p1a: Lapras|75\/100|[from] Stealth Rock\n|turn|5\n|\n|t:|1700352042\n|move|p1b: Breloom|Mach Punch|p2b: Typhlosion\n|-activate|p2b: Typhlosion|move: Psychic Terrain\n|move|p2b: Typhlosion|Eruption|p1a: Lapras|[spread] p1a,p1b\n|-supereffective|p1b: Breloom\n|-damage|p1a: Lapras|12\/100\n|-damage|p1b: Breloom|0 fnt\n|faint|p1b: Breloom\n|move|p2a: Indeedee|Expanding Force|p1a: Lapras\n|-damage|p1a: Lapras|0 fnt\n|faint|p1a: Lapras\n|\n|-weather|none\n|upkeep\n|\n|t:|1700352056\n|switch|p1b: Toxtricity|Toxtricity, M|100\/100\n|switch|p1a: Gengar|Gengar, M, shiny|100\/100\n|-damage|p1b: Toxtricity|88\/100|[from] Stealth Rock\n|-damage|p1a: Gengar|88\/100|[from] Stealth Rock\n|turn|6\n|\n|t:|1700352067\n|-terastallize|p1a: Gengar|Fairy\n|move|p2b: Typhlosion|Eruption|p1a: Gengar|[spread] p1a,p1b\n|-damage|p1a: Gengar|0 fnt\n|-damage|p1b: Toxtricity|12\/100\n|faint|p1a: Gengar\n|move|p2a: Indeedee|Expanding Force|p1b: Toxtricity\n|-supereffective|p1b: Toxtricity\n|-damage|p1b: Toxtricity|0 fnt\n|faint|p1b: Toxtricity\n|\n|win|Hahahhaha easy\n|raw|jdsan27's rating: 1118 &rarr; <strong>1085<\/strong><br \/>(-33 for losing)\n|raw|Hahahhaha easy's rating: 1000 &rarr; <strong>1053<\/strong><br \/>(+53 for winning)\n","uploadtime":1700352074,"views":4,"p1id":"jdsan27","p2id":"hahahhahaeasy","formatid":"gen9nationaldexdoubles","rating":1053,"private":0,"password":""}