{"id":"gen9nationaldexdoubles-1978338537","p1":"Championjolteons","p2":"Telimonster0608","format":"[Gen 9] National Dex Doubles","log":"|j|\u2606Championjolteons\n|j|\u2606Telimonster0608\n|t:|1698526809\n|gametype|doubles\n|player|p1|Championjolteons|steven|\n|player|p2|Telimonster0608|clair|\n|teamsize|p1|6\n|teamsize|p2|6\n|gen|9\n|tier|[Gen 9] National Dex Doubles\n|rule|HP Percentage Mod: HP is shown in percentages\n|rule|Endless Battle Clause: Forcing endless battles is banned\n|rule|OHKO Clause: OHKO moves are banned\n|rule|Evasion Moves Clause: Evasion moves are banned\n|rule|Evasion Abilities Clause: Evasion abilities are banned\n|rule|Species Clause: Limit one of each Pok\u00e9mon\n|rule|Gravity Sleep Clause: The combination of sleep-inducing moves with imperfect accuracy and Gravity or Gigantamax Orbeetle are banned\n|clearpoke\n|poke|p1|Delphox, F|\n|poke|p1|Hariyama, F|\n|poke|p1|Braviary, M|\n|poke|p1|Dipplin, M|\n|poke|p1|Sandslash-Alola, M|\n|poke|p1|Vaporeon, F|\n|poke|p2|Skeledirge, F|\n|poke|p2|Weezing-Galar, F|\n|poke|p2|Articuno-Galar|\n|poke|p2|Ursaluna, F|\n|poke|p2|Ogerpon-Wellspring, F|\n|poke|p2|Goodra-Hisui, F|\n|teampreview\n|\n|t:|1698526839\n|start\n|switch|p1a: Delphox|Delphox, F|100\/100\n|switch|p1b: Hariyama|Hariyama, F|100\/100\n|switch|p2a: Ogerpon|Ogerpon-Wellspring, F|100\/100\n|switch|p2b: Skeledirge|Skeledirge, F|100\/100\n|turn|1\n|\n|t:|1698526900\n|move|p2a: Ogerpon|Ivy Cudgel|p1a: Delphox\n|-supereffective|p1a: Delphox\n|-damage|p1a: Delphox|0 fnt\n|faint|p1a: Delphox\n|move|p2b: Skeledirge|Earth Power|p1b: Hariyama\n|-damage|p1b: Hariyama|79\/100\n|move|p1b: Hariyama|Knock Off|p2a: Ogerpon\n|-damage|p2a: Ogerpon|72\/100\n|\n|upkeep\n|\n|t:|1698526918\n|switch|p1a: Sandslash|Sandslash-Alola, M|100\/100\n|turn|2\n|\n|t:|1698526953\n|move|p2a: Ogerpon|Spiky Shield|p2a: Ogerpon\n|-singleturn|p2a: Ogerpon|move: Protect\n|move|p2b: Skeledirge|Torch Song|p1b: Hariyama\n|-damage|p1b: Hariyama|65\/100\n|-boost|p2b: Skeledirge|spa|1\n|move|p1b: Hariyama|Knock Off|p2a: Ogerpon\n|-activate|p2a: Ogerpon|move: Protect\n|-damage|p1b: Hariyama|53\/100|[from] Spiky Shield|[of] p2a: Ogerpon\n|move|p1a: Sandslash|Icicle Spear|p2b: Skeledirge\n|-resisted|p2b: Skeledirge\n|-damage|p2b: Skeledirge|96\/100\n|-resisted|p2b: Skeledirge\n|-damage|p2b: Skeledirge|90\/100\n|-resisted|p2b: Skeledirge\n|-crit|p2b: Skeledirge\n|-damage|p2b: Skeledirge|83\/100\n|-resisted|p2b: Skeledirge\n|-damage|p2b: Skeledirge|78\/100\n|-resisted|p2b: Skeledirge\n|-damage|p2b: Skeledirge|73\/100\n|-hitcount|p2b: Skeledirge|5\n|\n|upkeep\n|turn|3\n|\n|t:|1698526994\n|move|p2a: Ogerpon|Play Rough|p1b: Hariyama|[miss]\n|-miss|p2a: Ogerpon|p1b: Hariyama\n|move|p2b: Skeledirge|Torch Song|p1a: Sandslash\n|-supereffective|p1a: Sandslash\n|-damage|p1a: Sandslash|0 fnt\n|-boost|p2b: Skeledirge|spa|1\n|faint|p1a: Sandslash\n|move|p1b: Hariyama|Knock Off|p2a: Ogerpon\n|-damage|p2a: Ogerpon|40\/100\n|\n|upkeep\n|\n|t:|1698527023\n|switch|p1a: Braviary|Braviary, M|100\/100\n|turn|4\n|\n|t:|1698527079\n|switch|p2b: Doug Dimadome\ud83e\uddda\u200d\u2640\ufe0f|Weezing-Galar, F|100\/100\n|-ability|p2b: Doug Dimadome\ud83e\uddda\u200d\u2640\ufe0f|Neutralizing Gas\n|move|p2a: Ogerpon|Ivy Cudgel|p1b: Hariyama\n|-damage|p1b: Hariyama|0 fnt\n|faint|p1b: Hariyama\n|move|p1a: Braviary|Brave Bird|p2a: Ogerpon\n|-supereffective|p2a: Ogerpon\n|-damage|p2a: Ogerpon|0 fnt\n|faint|p2a: Ogerpon\n|-damage|p1a: Braviary|89\/100|[from] Recoil\n|\n|upkeep\n|\n|t:|1698527104\n|switch|p2a: Articuno|Articuno-Galar|100\/100\n|switch|p1b: Vaporeon|Vaporeon, F|100\/100\n|turn|5\n|\n|t:|1698527168\n|move|p1a: Braviary|Brave Bird|p2b: Doug Dimadome\ud83e\uddda\u200d\u2640\ufe0f\n|-damage|p2b: Doug Dimadome\ud83e\uddda\u200d\u2640\ufe0f|62\/100\n|-damage|p1a: Braviary|73\/100|[from] item: Rocky Helmet|[of] p2b: Doug Dimadome\ud83e\uddda\u200d\u2640\ufe0f\n|-damage|p1a: Braviary|60\/100|[from] Recoil\n|move|p2a: Articuno|Shadow Ball|p1b: Vaporeon\n|-damage|p1b: Vaporeon|76\/100\n|move|p1b: Vaporeon|Scald|p2a: Articuno\n|-damage|p2a: Articuno|73\/100\n|move|p2b: Doug Dimadome\ud83e\uddda\u200d\u2640\ufe0f|Strange Steam|p1a: Braviary\n|-damage|p1a: Braviary|24\/100\n|\n|-heal|p1b: Vaporeon|82\/100|[from] item: Leftovers\n|upkeep\n|turn|6\n|\n|t:|1698527206\n|move|p1a: Braviary|Brave Bird|p2a: Articuno\n|-damage|p2a: Articuno|9\/100\n|-damage|p1a: Braviary|0 fnt|[from] Recoil\n|faint|p1a: Braviary\n|move|p2a: Articuno|Future Sight|p1b: Vaporeon\n|-start|p2a: Articuno|move: Future Sight\n|move|p1b: Vaporeon|Scald|p2b: Doug Dimadome\ud83e\uddda\u200d\u2640\ufe0f\n|-damage|p2b: Doug Dimadome\ud83e\uddda\u200d\u2640\ufe0f|20\/100\n|move|p2b: Doug Dimadome\ud83e\uddda\u200d\u2640\ufe0f|Strange Steam|p1b: Vaporeon\n|-damage|p1b: Vaporeon|63\/100\n|\n|-heal|p1b: Vaporeon|69\/100|[from] item: Leftovers\n|upkeep\n|\n|t:|1698527225\n|switch|p1a: Dipplin|Dipplin, M, shiny|100\/100\n|turn|7\n|\n|t:|1698527243\n|move|p2a: Articuno|Recover|p2a: Articuno\n|-heal|p2a: Articuno|59\/100\n|move|p1b: Vaporeon|Scald|p2b: Doug Dimadome\ud83e\uddda\u200d\u2640\ufe0f\n|-damage|p2b: Doug Dimadome\ud83e\uddda\u200d\u2640\ufe0f|0 fnt\n|faint|p2b: Doug Dimadome\ud83e\uddda\u200d\u2640\ufe0f\n|-end|p2b: Doug Dimadome\ud83e\uddda\u200d\u2640\ufe0f|ability: Neutralizing Gas\n|-ability|p1a: Dipplin|Supersweet Syrup\n|-ability|p1a: Dipplin|Supersweet Syrup|boost\n|-unboost|p2a: Articuno|evasion|1\n|-ability|p2a: Articuno|Competitive|boost\n|-boost|p2a: Articuno|spa|2\n|move|p1a: Dipplin|Leaf Storm|p2a: Articuno\n|-resisted|p2a: Articuno\n|-crit|p2a: Articuno\n|-damage|p2a: Articuno|16\/100\n|-unboost|p1a: Dipplin|spa|2\n|\n|-heal|p1b: Vaporeon|75\/100|[from] item: Leftovers\n|upkeep\n|\n|t:|1698527271\n|switch|p2b: Gary\ud83d\udc0c|Goodra-Hisui, F|100\/100\n|turn|8\n|\n|t:|1698527289\n|move|p2a: Articuno|Recover|p2a: Articuno\n|-heal|p2a: Articuno|66\/100\n|move|p1b: Vaporeon|Scald|p1a: Dipplin\n|-resisted|p1a: Dipplin\n|-damage|p1a: Dipplin|93\/100\n|-status|p1a: Dipplin|brn\n|move|p2b: Gary\ud83d\udc0c|Draco Meteor|p1b: Vaporeon\n|-crit|p1b: Vaporeon\n|-damage|p1b: Vaporeon|20\/100\n|-unboost|p2b: Gary\ud83d\udc0c|spa|2\n|move|p1a: Dipplin|Leaf Storm|p2a: Articuno\n|-resisted|p2a: Articuno\n|-damage|p2a: Articuno|52\/100\n|-unboost|p1a: Dipplin|spa|2\n|\n|-end|p1b: Vaporeon|move: Future Sight\n|-damage|p1b: Vaporeon|0 fnt\n|faint|p1b: Vaporeon\n|-damage|p1a: Dipplin|86\/100 brn|[from] brn\n|upkeep\n|turn|9\n|\n|t:|1698527335\n|move|p2a: Articuno|Air Slash|p1a: Dipplin\n|-supereffective|p1a: Dipplin\n|-damage|p1a: Dipplin|0 fnt\n|faint|p1a: Dipplin\n|\n|win|Telimonster0608\n","uploadtime":1698527353,"views":4,"p1id":"championjolteons","p2id":"telimonster0608","formatid":"gen9nationaldexdoubles","rating":0,"private":0,"password":""}