{"id":"gen9nationaldexdoubles-1993816008","p1":"ILoveJ","p2":"Pioneeringvoyager","format":"[Gen 9] National Dex Doubles","log":"|j|\u2606ILoveJ\n|j|\u2606Pioneeringvoyager\n|t:|1700360790\n|gametype|doubles\n|player|p1|ILoveJ|lyra|1120\n|player|p2|Pioneeringvoyager|emmet|1222\n|teamsize|p1|6\n|teamsize|p2|6\n|gen|9\n|tier|[Gen 9] National Dex Doubles\n|rated|\n|rule|HP Percentage Mod: HP is shown in percentages\n|rule|Endless Battle Clause: Forcing endless battles is banned\n|rule|OHKO Clause: OHKO moves are banned\n|rule|Evasion Moves Clause: Evasion moves are banned\n|rule|Evasion Abilities Clause: Evasion abilities are banned\n|rule|Species Clause: Limit one of each Pok\u00e9mon\n|rule|Gravity Sleep Clause: The combination of sleep-inducing moves with imperfect accuracy and Gravity or Gigantamax Orbeetle are banned\n|clearpoke\n|poke|p1|Lopunny, M|\n|poke|p1|Togekiss, M|\n|poke|p1|Kommo-o, F|\n|poke|p1|Manectric, M|\n|poke|p1|Zebstrika, M|\n|poke|p1|Scizor, M|\n|poke|p2|Regigigas|\n|poke|p2|Weezing, M|\n|poke|p2|Incineroar, M|\n|poke|p2|Grimmsnarl, M|\n|poke|p2|Metagross|\n|poke|p2|Roaring Moon|\n|teampreview\n|inactive|Battle timer is ON: inactive players will automatically lose when time's up. (requested by ILoveJ)\n|\n|t:|1700360818\n|start\n|switch|p1a: Manectric|Manectric, M|100\/100\n|switch|p1b: Zebstrika|Zebstrika, M|100\/100\n|switch|p2a: Regigigas|Regigigas|100\/100\n|switch|p2b: Weezing|Weezing, M|100\/100\n|-ability|p2b: Weezing|Neutralizing Gas\n|turn|1\n|\n|t:|1700360832\n|move|p2a: Regigigas|Protect|p2a: Regigigas\n|-singleturn|p2a: Regigigas|Protect\n|move|p2b: Weezing|Protect|p2b: Weezing\n|-singleturn|p2b: Weezing|Protect\n|move|p1a: Manectric|Discharge|p2b: Weezing|[spread] p1b\n|-activate|p2a: Regigigas|move: Protect\n|-activate|p2b: Weezing|move: Protect\n|-resisted|p1b: Zebstrika\n|-damage|p1b: Zebstrika|79\/100\n|move|p1b: Zebstrika|Discharge|p2a: Regigigas|[spread] p1a\n|-activate|p2a: Regigigas|move: Protect\n|-activate|p2b: Weezing|move: Protect\n|-resisted|p1a: Manectric\n|-damage|p1a: Manectric|78\/100\n|\n|upkeep\n|turn|2\n|inactive|Pioneeringvoyager has 120 seconds left.\n|\n|t:|1700360873\n|move|p1a: Manectric|Discharge|p2b: Weezing|[spread] p1b,p2a,p2b\n|-resisted|p1b: Zebstrika\n|-damage|p1b: Zebstrika|55\/100\n|-damage|p2a: Regigigas|67\/100\n|-damage|p2b: Weezing|45\/100\n|move|p1b: Zebstrika|Discharge|p2a: Regigigas|[spread] p1a,p2a,p2b\n|-resisted|p1a: Manectric\n|-damage|p1a: Manectric|55\/100\n|-damage|p2a: Regigigas|45\/100\n|-damage|p2b: Weezing|13\/100\n|-status|p2a: Regigigas|par\n|move|p2b: Weezing|Taunt|p1a: Manectric\n|-start|p1a: Manectric|move: Taunt\n|move|p2a: Regigigas|High Horsepower|p1b: Zebstrika\n|-supereffective|p1b: Zebstrika\n|-damage|p1b: Zebstrika|0 fnt\n|faint|p1b: Zebstrika\n|\n|upkeep\n|l|\u2606ILoveJ\n|inactive|ILoveJ disconnected and has a minute to reconnect!\n|player|p1|\n|inactive|ILoveJ has 30 seconds to reconnect!\n|inactive|ILoveJ has 20 seconds to reconnect!\n|inactive|ILoveJ has 15 seconds to reconnect!\n|inactive|ILoveJ has 10 seconds to reconnect!\n|j|\u2606ILoveJ\n|inactive|ILoveJ reconnected and has 80 seconds left.\n|player|p1|ILoveJ|lyra\n|l|\u2606ILoveJ\n|inactive|ILoveJ disconnected and has a minute to reconnect!\n|player|p1|\n|j|\u2606ILoveJ\n|inactive|ILoveJ reconnected and has 75 seconds left.\n|player|p1|ILoveJ|lyra\n|\n|t:|1700360949\n|switch|p1b: Kommo-o|Kommo-o, F|100\/100\n|turn|3\n|inactive|ILoveJ has 90 seconds left.\n|\n|t:|1700360957\n|switch|p1a: Togekiss|Togekiss, M|100\/100\n|move|p2b: Weezing|Protect|p2b: Weezing\n|-singleturn|p2b: Weezing|Protect\n|-zpower|p1b: Kommo-o\n|move|p1b: Kommo-o|Clangorous Soulblaze|p2a: Regigigas|[zeffect]|[spread] p2a,p2b\n|-zbroken|p2b: Weezing\n|-damage|p2a: Regigigas|6\/100 par\n|-damage|p2b: Weezing|0 fnt\n|faint|p2b: Weezing\n|-end|p2b: Weezing|ability: Neutralizing Gas\n|-start|p2a: Regigigas|ability: Slow Start\n|-boost|p1b: Kommo-o|atk|1\n|-boost|p1b: Kommo-o|def|1\n|-boost|p1b: Kommo-o|spa|1\n|-boost|p1b: Kommo-o|spd|1\n|-boost|p1b: Kommo-o|spe|1\n|cant|p2a: Regigigas|par\n|\n|upkeep\n|\n|t:|1700360977\n|switch|p2b: Grimmsnarl|Grimmsnarl, M|100\/100\n|turn|4\n|\n|t:|1700360996\n|-terastallize|p2b: Grimmsnarl|Ghost\n|move|p2a: Regigigas|Protect|p2a: Regigigas\n|-singleturn|p2a: Regigigas|Protect\n|move|p2b: Grimmsnarl|Light Screen|p2b: Grimmsnarl\n|-sidestart|p2: Pioneeringvoyager|move: Light Screen\n|move|p1b: Kommo-o|Earthquake|p2b: Grimmsnarl|[spread] p2b\n|-activate|p2a: Regigigas|move: Protect\n|-immune|p1a: Togekiss\n|-damage|p2b: Grimmsnarl|65\/100\n|move|p1a: Togekiss|Thunder Wave|p2b: Grimmsnarl\n|-status|p2b: Grimmsnarl|par\n|\n|upkeep\n|turn|5\n|inactive|ILoveJ has 120 seconds left.\n|\n|t:|1700361012\n|-end|p2a: Regigigas|Slow Start|[silent]\n|switch|p2a: Incineroar|Incineroar, M|100\/100\n|-ability|p2a: Incineroar|Intimidate|boost\n|-unboost|p1a: Togekiss|atk|1\n|-unboost|p1b: Kommo-o|atk|1\n|move|p1b: Kommo-o|Earthquake|p2a: Incineroar|[spread] p2a,p2b\n|-immune|p1a: Togekiss\n|-supereffective|p2a: Incineroar\n|-damage|p2a: Incineroar|65\/100\n|-damage|p2b: Grimmsnarl|37\/100 par\n|move|p1a: Togekiss|Ancient Power|p2a: Incineroar\n|-supereffective|p2a: Incineroar\n|-damage|p2a: Incineroar|42\/100\n|-boost|p1a: Togekiss|atk|1\n|-boost|p1a: Togekiss|def|1\n|-boost|p1a: Togekiss|spa|1\n|-boost|p1a: Togekiss|spd|1\n|-boost|p1a: Togekiss|spe|1\n|-enditem|p2a: Incineroar|Sitrus Berry|[eat]\n|-heal|p2a: Incineroar|67\/100|[from] item: Sitrus Berry\n|move|p2b: Grimmsnarl|Spirit Break|p1b: Kommo-o\n|-supereffective|p1b: Kommo-o\n|-damage|p1b: Kommo-o|26\/100\n|-unboost|p1b: Kommo-o|spa|1\n|\n|upkeep\n|turn|6\n|\n|t:|1700361034\n|move|p2a: Incineroar|Fake Out|p1b: Kommo-o\n|-damage|p1b: Kommo-o|20\/100\n|cant|p2b: Grimmsnarl|par\n|cant|p1b: Kommo-o|flinch\n|move|p1a: Togekiss|Ancient Power|p2a: Incineroar\n|-supereffective|p2a: Incineroar\n|-crit|p2a: Incineroar\n|-damage|p2a: Incineroar|0 fnt\n|-boost|p1a: Togekiss|atk|1\n|-boost|p1a: Togekiss|def|1\n|-boost|p1a: Togekiss|spa|1\n|-boost|p1a: Togekiss|spd|1\n|-boost|p1a: Togekiss|spe|1\n|faint|p2a: Incineroar\n|\n|upkeep\n|\n|t:|1700361046\n|switch|p2a: Metagross|Metagross, shiny|100\/100\n|turn|7\n|c|\u2606ILoveJ|wtf\n|\n|t:|1700361056\n|detailschange|p2a: Metagross|Metagross-Mega, shiny\n|-mega|p2a: Metagross|Metagross|Metagrossite\n|move|p2a: Metagross|Bullet Punch|p1a: Togekiss\n|-supereffective|p1a: Togekiss\n|-damage|p1a: Togekiss|78\/100\n|move|p2b: Grimmsnarl|Parting Shot|p1a: Togekiss\n|-unboost|p1a: Togekiss|atk|1\n|-unboost|p1a: Togekiss|spa|1\n|\n|t:|1700361063\n|switch|p2b: Regigigas|Regigigas|6\/100 par|[from] Parting Shot\n|-start|p2b: Regigigas|ability: Slow Start\n|move|p1b: Kommo-o|Earthquake|p2a: Metagross|[spread] p2a,p2b\n|-immune|p1a: Togekiss\n|-supereffective|p2a: Metagross\n|-damage|p2a: Metagross|67\/100\n|-damage|p2b: Regigigas|0 fnt\n|faint|p2b: Regigigas\n|-end|p2b: Regigigas|Slow Start|[silent]\n|move|p1a: Togekiss|Ancient Power|p2a: Metagross\n|-resisted|p2a: Metagross\n|-damage|p2a: Metagross|59\/100\n|\n|-heal|p1a: Togekiss|84\/100|[from] item: Leftovers\n|upkeep\n|\n|t:|1700361076\n|switch|p2b: Grimmsnarl|Grimmsnarl, M, tera:Ghost|37\/100 par\n|turn|8\n|\n|t:|1700361085\n|move|p2b: Grimmsnarl|Fake Out|p1b: Kommo-o\n|-damage|p1b: Kommo-o|13\/100\n|cant|p1b: Kommo-o|flinch\n|move|p1a: Togekiss|Thunder Wave|p2a: Metagross\n|-status|p2a: Metagross|par\n|move|p2a: Metagross|Cosmic Power|p2a: Metagross\n|-boost|p2a: Metagross|def|1\n|-boost|p2a: Metagross|spd|1\n|\n|-heal|p1a: Togekiss|90\/100|[from] item: Leftovers\n|upkeep\n|turn|9\n|\n|t:|1700361107\n|move|p2b: Grimmsnarl|Parting Shot|p1a: Togekiss\n|-unboost|p1a: Togekiss|atk|1\n|-unboost|p1a: Togekiss|spa|1\n|\n|t:|1700361109\n|switch|p2b: Roaring Moon|Roaring Moon|100\/100|[from] Parting Shot\n|-enditem|p2b: Roaring Moon|Booster Energy\n|-activate|p2b: Roaring Moon|ability: Protosynthesis|[fromitem]\n|-start|p2b: Roaring Moon|protosynthesisatk\n|move|p1b: Kommo-o|Earthquake|p2a: Metagross|[spread] p2a,p2b\n|-immune|p1a: Togekiss\n|-supereffective|p2a: Metagross\n|-damage|p2a: Metagross|37\/100 par\n|-damage|p2b: Roaring Moon|74\/100\n|move|p1a: Togekiss|Ancient Power|p2b: Roaring Moon\n|-damage|p2b: Roaring Moon|60\/100\n|move|p2a: Metagross|Body Press|p1b: Kommo-o\n|-damage|p1b: Kommo-o|0 fnt\n|faint|p1b: Kommo-o\n|\n|-heal|p1a: Togekiss|96\/100|[from] item: Leftovers\n|upkeep\n|\n|t:|1700361125\n|switch|p1b: Lopunny|Lopunny, M|100\/100\n|turn|10\n|\n|t:|1700361140\n|detailschange|p1b: Lopunny|Lopunny-Mega, M\n|-mega|p1b: Lopunny|Lopunny|Lopunnite\n|move|p1b: Lopunny|Fake Out|p2a: Metagross\n|-resisted|p2a: Metagross\n|-damage|p2a: Metagross|32\/100 par\n|cant|p2a: Metagross|flinch\n|move|p1a: Togekiss|Thunder Wave|p2b: Roaring Moon\n|-status|p2b: Roaring Moon|par\n|move|p2b: Roaring Moon|Acrobatics|p1b: Lopunny\n|-supereffective|p1b: Lopunny\n|-damage|p1b: Lopunny|0 fnt\n|faint|p1b: Lopunny\n|\n|-heal|p1a: Togekiss|100\/100|[from] item: Leftovers\n|upkeep\n|\n|t:|1700361150\n|switch|p1b: Scizor|Scizor, M|100\/100\n|turn|11\n|\n|t:|1700361161\n|move|p2a: Metagross|Bullet Punch|p1a: Togekiss\n|-supereffective|p1a: Togekiss\n|-damage|p1a: Togekiss|75\/100\n|move|p1a: Togekiss|Ancient Power|p2a: Metagross\n|-resisted|p2a: Metagross\n|-damage|p2a: Metagross|29\/100 par\n|move|p1b: Scizor|Swords Dance|p1b: Scizor\n|-boost|p1b: Scizor|atk|2\n|move|p2b: Roaring Moon|Knock Off|p1b: Scizor\n|-damage|p1b: Scizor|26\/100\n|-enditem|p1b: Scizor|Focus Sash|[from] move: Knock Off|[of] p2b: Roaring Moon\n|\n|-heal|p1a: Togekiss|81\/100|[from] item: Leftovers\n|-sideend|p2: Pioneeringvoyager|move: Light Screen\n|upkeep\n|turn|12\n|\n|t:|1700361178\n|move|p1b: Scizor|Bullet Punch|p2b: Roaring Moon\n|-damage|p2b: Roaring Moon|0 fnt\n|faint|p2b: Roaring Moon\n|-end|p2b: Roaring Moon|Protosynthesis|[silent]\n|move|p2a: Metagross|Bullet Punch|p1b: Scizor\n|-resisted|p1b: Scizor\n|-damage|p1b: Scizor|14\/100\n|move|p1a: Togekiss|Air Slash|p2a: Metagross\n|-resisted|p2a: Metagross\n|-crit|p2a: Metagross\n|-damage|p2a: Metagross|6\/100 par\n|\n|-heal|p1a: Togekiss|87\/100|[from] item: Leftovers\n|upkeep\n|inactive|Pioneeringvoyager has 120 seconds left.\n|c|\u2606Pioneeringvoyager|I guess you have all three abilities at once on kiss\n|\n|t:|1700361201\n|switch|p2b: Grimmsnarl|Grimmsnarl, M, tera:Ghost|37\/100 par\n|turn|13\n|\n|t:|1700361207\n|move|p2b: Grimmsnarl|Fake Out|p1b: Scizor\n|-resisted|p1b: Scizor\n|-damage|p1b: Scizor|8\/100\n|cant|p1b: Scizor|flinch\n|move|p2a: Metagross|Bullet Punch|p1b: Scizor\n|-resisted|p1b: Scizor\n|-damage|p1b: Scizor|0 fnt\n|faint|p1b: Scizor\n|move|p1a: Togekiss|Ancient Power|p2a: Metagross\n|-resisted|p2a: Metagross\n|-damage|p2a: Metagross|0 fnt\n|faint|p2a: Metagross\n|\n|-heal|p1a: Togekiss|93\/100|[from] item: Leftovers\n|upkeep\n|\n|t:|1700361215\n|switch|p1b: Manectric|Manectric, M|55\/100\n|turn|14\n|\n|t:|1700361225\n|move|p2b: Grimmsnarl|Light Screen|p2b: Grimmsnarl\n|-sidestart|p2: Pioneeringvoyager|move: Light Screen\n|move|p1a: Togekiss|Air Slash|p2b: Grimmsnarl\n|-damage|p2b: Grimmsnarl|16\/100 par\n|move|p1b: Manectric|Thunderbolt|p2b: Grimmsnarl\n|-damage|p2b: Grimmsnarl|0 fnt\n|faint|p2b: Grimmsnarl\n|\n|win|ILoveJ\n|raw|ILoveJ's rating: 1120 &rarr; <strong>1152<\/strong><br \/>(+32 for winning)\n|raw|Pioneeringvoyager's rating: 1222 &rarr; <strong>1190<\/strong><br \/>(-32 for losing)\n|c|\u2606ILoveJ|nope\n|c|\u2606ILoveJ|js serene\n|c|\u2606ILoveJ|gg\n|c|\u2606Pioneeringvoyager|Expecting super luck at this rate\n|c|\u2606ILoveJ|lma\n|c|\u2606Pioneeringvoyager|but no\n|c|\u2606ILoveJ|\ud83d\ude2d\ud83d\ude2d js serence\n|c|\u2606Pioneeringvoyager|no scope lens\n","uploadtime":1700361263,"views":14,"p1id":"ilovej","p2id":"pioneeringvoyager","formatid":"gen9nationaldexdoubles","rating":1152,"private":0,"password":""}