{"id":"gen9nationaldexdoubles-1990002289","p1":"AmethystEolide","p2":"Elite Four Spiffy","format":"[Gen 9] National Dex Doubles","log":"|j|\u2606AmethystEolide\n|j|\u2606Elite Four Spiffy\n|t:|1699914285\n|gametype|doubles\n|player|p1|AmethystEolide|waitress|1061\n|player|p2|Elite Four Spiffy|ethan-masters|1166\n|teamsize|p1|6\n|teamsize|p2|6\n|gen|9\n|tier|[Gen 9] National Dex Doubles\n|rated|\n|rule|HP Percentage Mod: HP is shown in percentages\n|rule|Endless Battle Clause: Forcing endless battles is banned\n|rule|OHKO Clause: OHKO moves are banned\n|rule|Evasion Moves Clause: Evasion moves are banned\n|rule|Evasion Abilities Clause: Evasion abilities are banned\n|rule|Species Clause: Limit one of each Pok\u00e9mon\n|rule|Gravity Sleep Clause: The combination of sleep-inducing moves with imperfect accuracy and Gravity or Gigantamax Orbeetle are banned\n|clearpoke\n|poke|p1|Diancie|\n|poke|p1|Claydol|\n|poke|p1|Cofagrigus, M|\n|poke|p1|Kabutops, M|\n|poke|p1|Bronzong|\n|poke|p1|Steelix, F|\n|poke|p2|Charizard, F|\n|poke|p2|Darmanitan, F|\n|poke|p2|Turtonator, F|\n|poke|p2|Ceruledge, F|\n|poke|p2|Armarouge, F|\n|poke|p2|Cinderace, F|\n|teampreview\n|inactive|Battle timer is ON: inactive players will automatically lose when time's up. (requested by Elite Four Spiffy)\n|\n|t:|1699914301\n|start\n|switch|p1a: Uzume|Claydol|100\/100\n|switch|p1b: Onice|Steelix, F|100\/100\n|switch|p2a: Sol|Charizard, F|100\/100\n|switch|p2b: Lola|Cinderace, F|100\/100\n|turn|1\n|\n|t:|1699914324\n|switch|p1a: Diancie|Diancie|100\/100\n|detailschange|p2a: Sol|Charizard-Mega-Y, F\n|-mega|p2a: Sol|Charizard|Charizardite Y\n|-weather|SunnyDay|[from] ability: Drought|[of] p2a: Sol\n|detailschange|p1b: Onice|Steelix-Mega, F\n|-mega|p1b: Onice|Steelix|Steelixite\n|move|p2b: Lola|Trailblaze|p1a: Diancie\n|-start|p2b: Lola|typechange|Grass|[from] ability: Libero\n|-supereffective|p1a: Diancie\n|-damage|p1a: Diancie|42\/100\n|-boost|p2b: Lola|spe|1\n|move|p2a: Sol|Weather Ball|p1b: Onice\n|-supereffective|p1b: Onice\n|-damage|p1b: Onice|0 fnt\n|faint|p1b: Onice\n|\n|-weather|SunnyDay|[upkeep]\n|upkeep\n|inactive|AmethystEolide has 120 seconds left.\n|\n|t:|1699914360\n|switch|p1b: Uzume|Claydol|100\/100\n|turn|2\n|inactive|AmethystEolide has 120 seconds left.\n|\n|t:|1699914369\n|-terastallize|p1b: Uzume|Ice\n|move|p2b: Lola|Trailblaze|p1a: Diancie\n|-supereffective|p1a: Diancie\n|-damage|p1a: Diancie|0 fnt\n|-boost|p2b: Lola|spe|1\n|faint|p1a: Diancie\n|move|p2a: Sol|Solar Beam||[still]\n|-prepare|p2a: Sol|Solar Beam\n|-anim|p2a: Sol|Solar Beam|p1b: Uzume\n|-damage|p1b: Uzume|51\/100\n|move|p1b: Uzume|Ice Beam|p2b: Lola\n|-supereffective|p2b: Lola\n|-damage|p2b: Lola|0 fnt\n|faint|p2b: Lola\n|\n|-weather|SunnyDay|[upkeep]\n|-heal|p1b: Uzume|58\/100|[from] item: Leftovers\n|upkeep\n|inactive|AmethystEolide has 120 seconds left.\n|\n|t:|1699914410\n|switch|p2b: Scarlett|Darmanitan, F|100\/100\n|switch|p1a: Tuth|Cofagrigus, M|100\/100\n|turn|3\n|inactive|AmethystEolide has 120 seconds left.\n|\n|t:|1699914430\n|move|p2b: Scarlett|Flare Blitz|p1a: Tuth\n|-damage|p1a: Tuth|0 fnt\n|-activate|p1a: Tuth|ability: Mummy|Sheer Force|[of] p2b: Scarlett\n|faint|p1a: Tuth\n|-damage|p2b: Scarlett|70\/100|[from] Recoil\n|-damage|p2b: Scarlett|60\/100|[from] item: Life Orb\n|move|p2a: Sol|Weather Ball|p1b: Uzume\n|-supereffective|p1b: Uzume\n|-damage|p1b: Uzume|0 fnt\n|faint|p1b: Uzume\n|\n|-weather|SunnyDay|[upkeep]\n|upkeep\n|inactive|AmethystEolide has 90 seconds left.\n|\n|t:|1699914461\n|switch|p1b: Bell|Bronzong|100\/100\n|switch|p1a: Shogun|Kabutops, M|100\/100\n|turn|4\n|\n|t:|1699914475\n|-terastallize|p2b: Scarlett|Fire\n|move|p2b: Scarlett|Flare Blitz|p1b: Bell\n|-supereffective|p1b: Bell\n|-damage|p1b: Bell|0 fnt\n|faint|p1b: Bell\n|-damage|p2b: Scarlett|28\/100|[from] Recoil\n|-damage|p2b: Scarlett|18\/100|[from] item: Life Orb\n|move|p1a: Shogun|Stone Edge|p2a: Sol\n|-supereffective|p2a: Sol\n|-damage|p2a: Sol|0 fnt\n|faint|p2a: Sol\n|\n|-weather|SunnyDay|[upkeep]\n|upkeep\n|\n|t:|1699914491\n|switch|p2a: Shelly|Turtonator, F|100\/100\n|turn|5\n|inactive|AmethystEolide has 120 seconds left.\n|\n|t:|1699914531\n|move|p2b: Scarlett|Iron Head|p1a: Shogun\n|-damage|p1a: Shogun|64\/100\n|-damage|p2b: Scarlett|8\/100|[from] item: Life Orb\n|move|p1a: Shogun|Hone Claws|p1a: Shogun\n|-boost|p1a: Shogun|atk|1\n|-boost|p1a: Shogun|accuracy|1\n|move|p2a: Shelly|Dragon Pulse|p1a: Shogun\n|-damage|p1a: Shogun|0 fnt\n|faint|p1a: Shogun\n|\n|win|Elite Four Spiffy\n|raw|AmethystEolide's rating: 1061 &rarr; <strong>1047<\/strong><br \/>(-14 for losing)\n|raw|Elite Four Spiffy's rating: 1166 &rarr; <strong>1184<\/strong><br \/>(+18 for winning)\n|l|\u2606AmethystEolide\n","uploadtime":1699914544,"views":9,"p1id":"amethysteolide","p2id":"elitefourspiffy","formatid":"gen9nationaldexdoubles","rating":1047,"private":0,"password":""}