{"id":"gen9nationaldexdoubles-1999641627","p1":"lxvliiz","p2":"XerneaZay745","format":"[Gen 9] National Dex Doubles","log":"|j|\u2606lxvliiz\n|j|\u2606XerneaZay745\n|t:|1701103795\n|gametype|doubles\n|player|p1|lxvliiz|firebreather|1060\n|player|p2|XerneaZay745|hooligans|1000\n|teamsize|p1|6\n|teamsize|p2|6\n|gen|9\n|tier|[Gen 9] National Dex Doubles\n|rated|\n|rule|HP Percentage Mod: HP is shown in percentages\n|rule|Endless Battle Clause: Forcing endless battles is banned\n|rule|OHKO Clause: OHKO moves are banned\n|rule|Evasion Moves Clause: Evasion moves are banned\n|rule|Evasion Abilities Clause: Evasion abilities are banned\n|rule|Species Clause: Limit one of each Pok\u00e9mon\n|rule|Gravity Sleep Clause: The combination of sleep-inducing moves with imperfect accuracy and Gravity or Gigantamax Orbeetle are banned\n|clearpoke\n|poke|p1|Tyranitar, M|\n|poke|p1|Dracovish|\n|poke|p1|Excadrill, M|\n|poke|p1|Skarmory, F|\n|poke|p1|Diancie|\n|poke|p1|Hippowdon, F|\n|poke|p2|Garchomp, F|\n|poke|p2|Blaziken, M|\n|poke|p2|Aegislash, F|\n|poke|p2|Toxtricity-Low-Key, M|\n|poke|p2|Gardevoir, F|\n|poke|p2|Scizor, M|\n|teampreview\n|c|\u2606lxvliiz|nice team\n|\n|t:|1701103817\n|start\n|switch|p1a: Hippowdon|Hippowdon, F|100\/100\n|switch|p1b: Dracovish|Dracovish|100\/100\n|switch|p2a: Circles|Scizor, M|100\/100\n|switch|p2b: Gardevoir|Gardevoir, F|100\/100\n|-weather|Sandstorm|[from] ability: Sand Stream|[of] p1a: Hippowdon\n|turn|1\n|c|\u2606lxvliiz|ngl im gonna lose \ud83d\udc80\n|\n|t:|1701103838\n|-terastallize|p1b: Dracovish|Water\n|move|p1b: Dracovish|Fishious Rend|p2b: Gardevoir\n|-damage|p2b: Gardevoir|0 fnt\n|faint|p2b: Gardevoir\n|move|p2a: Circles|Trailblaze|p1b: Dracovish\n|-supereffective|p1b: Dracovish\n|-damage|p1b: Dracovish|35\/100\n|-boost|p2a: Circles|spe|1\n|move|p1a: Hippowdon|Substitute|p1a: Hippowdon\n|-start|p1a: Hippowdon|Substitute\n|-damage|p1a: Hippowdon|76\/100\n|\n|-weather|Sandstorm|[upkeep]\n|-heal|p1a: Hippowdon|82\/100|[from] item: Leftovers\n|upkeep\n|\n|t:|1701103856\n|switch|p2b: Blaziken|Blaziken, M|100\/100\n|turn|2\n|\n|t:|1701103889\n|move|p1b: Dracovish|Fishious Rend|p2b: Blaziken\n|-supereffective|p2b: Blaziken\n|-damage|p2b: Blaziken|0 fnt\n|faint|p2b: Blaziken\n|move|p2a: Circles|Trailblaze|p1b: Dracovish\n|-supereffective|p1b: Dracovish\n|-damage|p1b: Dracovish|0 fnt\n|-boost|p2a: Circles|spe|1\n|faint|p1b: Dracovish\n|move|p1a: Hippowdon|Body Press|p2a: Circles\n|-damage|p2a: Circles|74\/100\n|\n|-weather|Sandstorm|[upkeep]\n|-heal|p1a: Hippowdon|88\/100|[from] item: Leftovers\n|upkeep\n|\n|t:|1701103909\n|switch|p2b: Toxtricity|Toxtricity-Low-Key, M|100\/100\n|switch|p1b: Excadrill|Excadrill, M|100\/100\n|turn|3\n|\n|t:|1701103931\n|switch|p1a: Skarmory|Skarmory, F|100\/100\n|-terastallize|p2b: Toxtricity|Flying\n|move|p2a: Circles|Bullet Punch|p1a: Skarmory\n|-resisted|p1a: Skarmory\n|-damage|p1a: Skarmory|89\/100\n|-ability|p1a: Skarmory|Weak Armor|boost\n|-unboost|p1a: Skarmory|def|1\n|-boost|p1a: Skarmory|spe|2\n|move|p1b: Excadrill|Earthquake|p2a: Circles|[spread] p2a\n|-immune|p1a: Skarmory\n|-immune|p2b: Toxtricity\n|-crit|p2a: Circles\n|-damage|p2a: Circles|7\/100\n|move|p2b: Toxtricity|Power-Up Punch|p1b: Excadrill\n|-supereffective|p1b: Excadrill\n|-damage|p1b: Excadrill|64\/100\n|-boost|p2b: Toxtricity|atk|1\n|\n|-weather|Sandstorm|[upkeep]\n|-damage|p2b: Toxtricity|94\/100|[from] Sandstorm\n|-heal|p1b: Excadrill|70\/100|[from] item: Leftovers\n|-heal|p1a: Skarmory|95\/100|[from] item: Leftovers\n|-damage|p2b: Toxtricity|82\/100|[from] item: Black Sludge\n|upkeep\n|turn|4\n|\n|t:|1701103980\n|move|p1b: Excadrill|Earthquake|p2a: Circles|[spread] p2a\n|-immune|p1a: Skarmory\n|-immune|p2b: Toxtricity\n|-damage|p2a: Circles|0 fnt\n|faint|p2a: Circles\n|move|p1a: Skarmory|Toxic|p2b: Toxtricity\n|-status|p2b: Toxtricity|tox\n|move|p2b: Toxtricity|Discharge|p1a: Skarmory|[spread] p1a\n|-immune|p1b: Excadrill\n|-supereffective|p1a: Skarmory\n|-damage|p1a: Skarmory|10\/100\n|\n|-weather|Sandstorm|[upkeep]\n|-damage|p2b: Toxtricity|76\/100 tox|[from] Sandstorm\n|-heal|p1b: Excadrill|76\/100|[from] item: Leftovers\n|-heal|p1a: Skarmory|16\/100|[from] item: Leftovers\n|-damage|p2b: Toxtricity|63\/100 tox|[from] item: Black Sludge\n|-damage|p2b: Toxtricity|57\/100 tox|[from] psn\n|upkeep\n|\n|t:|1701104006\n|switch|p2a: Garchomp|Garchomp, F|100\/100\n|turn|5\n|\n|t:|1701104026\n|switch|p1a: Diancie|Diancie|100\/100\n|move|p1b: Excadrill|Iron Head|p2a: Garchomp\n|-damage|p2a: Garchomp|56\/100\n|-damage|p1b: Excadrill|64\/100|[from] ability: Rough Skin|[of] p2a: Garchomp\n|move|p2a: Garchomp|Aqua Tail|p1b: Excadrill\n|-supereffective|p1b: Excadrill\n|-damage|p1b: Excadrill|0 fnt\n|faint|p1b: Excadrill\n|move|p2b: Toxtricity|Power-Up Punch|p1a: Diancie\n|-damage|p1a: Diancie|80\/100\n|-boost|p2b: Toxtricity|atk|1\n|\n|-weather|none\n|-heal|p2a: Garchomp|62\/100|[from] item: Leftovers\n|-damage|p2b: Toxtricity|45\/100 tox|[from] item: Black Sludge\n|-damage|p2b: Toxtricity|32\/100 tox|[from] psn\n|upkeep\n|\n|t:|1701104040\n|switch|p1b: Hippowdon|Hippowdon, F|88\/100\n|-weather|Sandstorm|[from] ability: Sand Stream|[of] p1b: Hippowdon\n|turn|6\n|\n|t:|1701104061\n|move|p2a: Garchomp|Earthquake|p1a: Diancie|[spread] p1a,p1b\n|-immune|p2b: Toxtricity\n|-supereffective|p1a: Diancie\n|-damage|p1a: Diancie|5\/100\n|-damage|p1b: Hippowdon|67\/100\n|move|p1a: Diancie|Iron Defense|p1a: Diancie\n|-boost|p1a: Diancie|def|2\n|move|p2b: Toxtricity|Throat Chop|p1b: Hippowdon\n|-damage|p1b: Hippowdon|48\/100\n|-start|p1b: Hippowdon|Throat Chop|[silent]\n|move|p1b: Hippowdon|Substitute|p1b: Hippowdon\n|-start|p1b: Hippowdon|Substitute\n|-damage|p1b: Hippowdon|23\/100\n|\n|-weather|Sandstorm|[upkeep]\n|-damage|p2b: Toxtricity|26\/100 tox|[from] Sandstorm\n|-heal|p2a: Garchomp|68\/100|[from] item: Leftovers\n|-damage|p2b: Toxtricity|13\/100 tox|[from] item: Black Sludge\n|-heal|p1b: Hippowdon|30\/100|[from] item: Leftovers\n|-damage|p2b: Toxtricity|0 fnt|[from] psn\n|faint|p2b: Toxtricity\n|upkeep\n|\n|t:|1701104082\n|switch|p2b: Aegislash|Aegislash, F|100\/100\n|turn|7\n|\n|t:|1701104099\n|detailschange|p1a: Diancie|Diancie-Mega\n|-mega|p1a: Diancie|Diancie|Diancite\n|move|p1a: Diancie|Diamond Storm|p2a: Garchomp|[spread] p2a,p2b\n|-resisted|p2a: Garchomp\n|-resisted|p2b: Aegislash\n|-damage|p2a: Garchomp|47\/100\n|-damage|p2b: Aegislash|83\/100\n|move|p1b: Hippowdon|Body Press|p2a: Garchomp\n|-damage|p2a: Garchomp|17\/100\n|-damage|p1b: Hippowdon|17\/100|[from] ability: Rough Skin|[of] p2a: Garchomp\n|-formechange|p2b: Aegislash|Aegislash-Blade||[from] ability: Stance Change\n|move|p2b: Aegislash|Gyro Ball|p1b: Hippowdon\n|-activate|p1b: Hippowdon|move: Substitute|[damage]\n|move|p2a: Garchomp|Dragon Tail|p1a: Diancie\n|-immune|p1a: Diancie\n|\n|-weather|Sandstorm|[upkeep]\n|-heal|p2a: Garchomp|23\/100|[from] item: Leftovers\n|-heal|p1b: Hippowdon|23\/100|[from] item: Leftovers\n|-end|p1b: Hippowdon|Throat Chop|[silent]\n|upkeep\n|turn|8\n|\n|t:|1701104124\n|move|p1a: Diancie|Diamond Storm|p2b: Aegislash|[spread] p2a,p2b\n|-resisted|p2a: Garchomp\n|-resisted|p2b: Aegislash\n|-damage|p2a: Garchomp|0 fnt\n|-damage|p2b: Aegislash|40\/100\n|faint|p2a: Garchomp\n|move|p1b: Hippowdon|Body Press|p2b: Aegislash\n|-immune|p2b: Aegislash\n|move|p2b: Aegislash|Close Combat|p1b: Hippowdon\n|-end|p1b: Hippowdon|Substitute\n|-unboost|p2b: Aegislash|def|1\n|-unboost|p2b: Aegislash|spd|1\n|\n|-weather|Sandstorm|[upkeep]\n|-heal|p1b: Hippowdon|30\/100|[from] item: Leftovers\n|upkeep\n|turn|9\n|\n|t:|1701104142\n|switch|p1b: Skarmory|Skarmory, F|16\/100\n|move|p1a: Diancie|Diamond Storm|p2b: Aegislash\n|-resisted|p2b: Aegislash\n|-crit|p2b: Aegislash\n|-damage|p2b: Aegislash|0 fnt\n|-boost|p1a: Diancie|def|2\n|faint|p2b: Aegislash\n|\n|win|lxvliiz\n|raw|lxvliiz's rating: 1092 &rarr; <strong>1111<\/strong><br \/>(+19 for winning)\n|raw|XerneaZay745's rating: 1000 &rarr; <strong>1000<\/strong><br \/>(+0 for losing)\n|c|\u2606lxvliiz|gg\n","uploadtime":1701104151,"views":0,"p1id":"lxvliiz","p2id":"xerneazay745","formatid":"gen9nationaldexdoubles","rating":1000,"private":0,"password":""}