{"id":"gen9nationaldexdoubles-1959688384","p1":"braislago98","p2":"Tron09","format":"[Gen 9] National Dex Doubles","log":"|j|\u2606braislago98\n|j|\u2606Tron09\n|t:|1696447093\n|gametype|doubles\n|player|p1|braislago98|266|\n|player|p2|Tron09|veteran|\n|teamsize|p1|6\n|teamsize|p2|6\n|gen|9\n|tier|[Gen 9] National Dex Doubles\n|rule|HP Percentage Mod: HP is shown in percentages\n|rule|Endless Battle Clause: Forcing endless battles is banned\n|rule|OHKO Clause: OHKO moves are banned\n|rule|Evasion Moves Clause: Evasion moves are banned\n|rule|Evasion Abilities Clause: Evasion abilities are banned\n|rule|Species Clause: Limit one of each Pok\u00e9mon\n|rule|Gravity Sleep Clause: The combination of sleep-inducing moves with imperfect accuracy and Gravity or Gigantamax Orbeetle are banned\n|clearpoke\n|poke|p1|Raichu-Alola, F|\n|poke|p1|Thundurus-Therian, M|\n|poke|p1|Iron Hands|\n|poke|p1|Pincurchin, M|\n|poke|p1|Electivire, M|\n|poke|p1|Hydreigon, M|\n|poke|p2|Charizard, F|\n|poke|p2|Scovillain, M|\n|poke|p2|Landorus-Therian, M|\n|poke|p2|Iron Bundle|\n|poke|p2|Ninetales-Alola, F|\n|poke|p2|Vikavolt, F|\n|teampreview\n|inactive|Battle timer is ON: inactive players will automatically lose when time's up. (requested by braislago98)\n|\n|t:|1696447147\n|start\n|switch|p1a: Pincurchin|Pincurchin, M|100\/100\n|switch|p1b: Raichu|Raichu-Alola, F|100\/100\n|switch|p2a: Ninetales|Ninetales-Alola, F|100\/100\n|switch|p2b: Landorus|Landorus-Therian, M|100\/100\n|-weather|Snow|[from] ability: Snow Warning|[of] p2a: Ninetales\n|-ability|p2b: Landorus|Intimidate|boost\n|-unboost|p1a: Pincurchin|atk|1\n|-unboost|p1b: Raichu|atk|1\n|-fieldstart|move: Electric Terrain|[from] ability: Electric Surge|[of] p1a: Pincurchin\n|turn|1\n|inactive|braislago98 has 270 seconds left.\n|\n|t:|1696447193\n|switch|p1b: Thundurus|Thundurus-Therian, M|100\/100\n|move|p2a: Ninetales|Aurora Veil|p2a: Ninetales\n|-sidestart|p2: Tron09|move: Aurora Veil\n|move|p2b: Landorus|Earthquake|p1a: Pincurchin|[spread] p2a,p1a\n|-immune|p1b: Thundurus\n|-supereffective|p1a: Pincurchin\n|-damage|p2a: Ninetales|70\/100\n|-damage|p1a: Pincurchin|30\/100\n|move|p1a: Pincurchin|Toxic Spikes|p2b: Landorus\n|-sidestart|p2: Tron09|move: Toxic Spikes\n|\n|-weather|Snow|[upkeep]\n|upkeep\n|turn|2\n|inactive|braislago98 has 270 seconds left.\n|\n|t:|1696447218\n|move|p1a: Pincurchin|Protect|p1a: Pincurchin\n|-singleturn|p1a: Pincurchin|Protect\n|move|p2a: Ninetales|Ice Beam|p1b: Thundurus\n|-supereffective|p1b: Thundurus\n|-damage|p1b: Thundurus|8\/100\n|move|p1b: Thundurus|Grass Knot|p2b: Landorus\n|-damage|p2b: Landorus|61\/100\n|-damage|p1b: Thundurus|0 fnt|[from] item: Rocky Helmet|[of] p2b: Landorus\n|faint|p1b: Thundurus\n|move|p2b: Landorus|Defog|p1a: Pincurchin\n|-activate|p1a: Pincurchin|move: Protect\n|\n|-weather|Snow|[upkeep]\n|upkeep\n|inactive|braislago98 has 240 seconds left.\n|\n|t:|1696447239\n|switch|p1b: Hydreigon|Hydreigon, M|100\/100\n|turn|3\n|\n|t:|1696447251\n|-terastallize|p1b: Hydreigon|Electric\n|move|p1b: Hydreigon|Heat Wave|p2a: Ninetales|[spread] p2a,p2b\n|-supereffective|p2a: Ninetales\n|-damage|p2a: Ninetales|26\/100\n|-damage|p2b: Landorus|38\/100\n|move|p2a: Ninetales|Moonblast|p1b: Hydreigon\n|-damage|p1b: Hydreigon|59\/100\n|move|p2b: Landorus|Defog|p1b: Hydreigon\n|-unboost|p1b: Hydreigon|evasion|1\n|-sideend|p2: Tron09|Toxic Spikes|[from] move: Defog|[of] p2b: Landorus\n|-fieldend|move: Electric Terrain\n|move|p1a: Pincurchin|Discharge|p2a: Ninetales|[spread] p1b,p2a\n|-immune|p2b: Landorus\n|-resisted|p1b: Hydreigon\n|-damage|p1b: Hydreigon|48\/100\n|-damage|p2a: Ninetales|10\/100\n|\n|-weather|Snow|[upkeep]\n|upkeep\n|turn|4\n|inactive|braislago98 has 270 seconds left.\n|\n|t:|1696447278\n|move|p1b: Hydreigon|Heat Wave|p2b: Landorus|[spread] p2a,p2b\n|-supereffective|p2a: Ninetales\n|-damage|p2a: Ninetales|0 fnt\n|-damage|p2b: Landorus|17\/100\n|faint|p2a: Ninetales\n|move|p2b: Landorus|Earthquake|p1a: Pincurchin|[spread] p1a\n|-immune|p1b: Hydreigon|[from] ability: Levitate\n|-supereffective|p1a: Pincurchin\n|-damage|p1a: Pincurchin|0 fnt\n|faint|p1a: Pincurchin\n|\n|-weather|Snow|[upkeep]\n|upkeep\n|inactive|braislago98 has 270 seconds left.\n|\n|t:|1696447300\n|switch|p2a: Iron Bundle|Iron Bundle|100\/100\n|switch|p1a: Iron Hands|Iron Hands|100\/100\n|-enditem|p2a: Iron Bundle|Booster Energy\n|-activate|p2a: Iron Bundle|ability: Quark Drive|[fromitem]\n|-start|p2a: Iron Bundle|quarkdrivespe\n|turn|5\n|\n|t:|1696447312\n|move|p1a: Iron Hands|Fake Out|p2a: Iron Bundle\n|-damage|p2a: Iron Bundle|93\/100\n|cant|p2a: Iron Bundle|flinch\n|move|p1b: Hydreigon|Heat Wave|p2b: Landorus|[spread] p2a,p2b\n|-damage|p2a: Iron Bundle|54\/100\n|-damage|p2b: Landorus|0 fnt\n|faint|p2b: Landorus\n|\n|-weather|none\n|upkeep\n|\n|t:|1696447318\n|switch|p2b: Vikavolt|Vikavolt, F|100\/100\n|turn|6\n|\n|t:|1696447332\n|move|p2a: Iron Bundle|Blizzard|p1a: Iron Hands|[spread] p1a,p1b\n|-damage|p1a: Iron Hands|80\/100\n|-damage|p1b: Hydreigon|0 fnt\n|faint|p1b: Hydreigon\n|move|p1a: Iron Hands|Wild Charge|p2a: Iron Bundle\n|-supereffective|p2a: Iron Bundle\n|-damage|p2a: Iron Bundle|0 fnt\n|faint|p2a: Iron Bundle\n|-end|p2a: Iron Bundle|Quark Drive|[silent]\n|-damage|p1a: Iron Hands|72\/100|[from] Recoil\n|move|p2b: Vikavolt|Sticky Web|p1a: Iron Hands\n|-sidestart|p1: braislago98|move: Sticky Web\n|\n|upkeep\n|\n|t:|1696447346\n|switch|p2a: Charizard|Charizard, F|100\/100\n|switch|p1b: Electivire|Electivire, M|100\/100\n|-item|p1b: Electivire|Air Balloon\n|turn|7\n|\n|t:|1696447361\n|detailschange|p2a: Charizard|Charizard-Mega-Y, F\n|-mega|p2a: Charizard|Charizard|Charizardite Y\n|-weather|SunnyDay|[from] ability: Drought|[of] p2a: Charizard\n|move|p2a: Charizard|Flamethrower|p1a: Iron Hands\n|-damage|p1a: Iron Hands|27\/100\n|move|p1b: Electivire|Wild Charge|p2a: Charizard\n|-supereffective|p2a: Charizard\n|-damage|p2a: Charizard|0 fnt\n|faint|p2a: Charizard\n|-damage|p1b: Electivire|75\/100|[from] Recoil\n|move|p1a: Iron Hands|Wild Charge|p2b: Vikavolt\n|-resisted|p2b: Vikavolt\n|-damage|p2b: Vikavolt|83\/100\n|-damage|p1a: Iron Hands|24\/100|[from] Recoil\n|move|p2b: Vikavolt|Volt Switch|p1b: Electivire\n|-ability|p1b: Electivire|Motor Drive|boost\n|-boost|p1b: Electivire|spe|1\n|\n|-weather|SunnyDay|[upkeep]\n|upkeep\n|\n|t:|1696447371\n|switch|p2a: Scovillain|Scovillain, M|100\/100\n|turn|8\n|\n|t:|1696447391\n|-end|p1a: Iron Hands|Quark Drive|[silent]\n|switch|p1a: Raichu|Raichu-Alola, F|100\/100\n|-activate|p1a: Raichu|move: Sticky Web\n|-unboost|p1a: Raichu|spe|1\n|move|p1b: Electivire|Protect|p1b: Electivire\n|-singleturn|p1b: Electivire|Protect\n|move|p2a: Scovillain|Flamethrower|p1b: Electivire\n|-activate|p1b: Electivire|move: Protect\n|move|p2b: Vikavolt|Zap Cannon|p1a: Raichu\n|-resisted|p1a: Raichu\n|-damage|p1a: Raichu|50\/100\n|\n|-weather|SunnyDay|[upkeep]\n|-sideend|p2: Tron09|move: Aurora Veil\n|upkeep\n|turn|9\n|\n|t:|1696447417\n|move|p2a: Scovillain|Flamethrower|p1b: Electivire\n|-damage|p1b: Electivire|0 fnt\n|-enditem|p1b: Electivire|Air Balloon\n|faint|p1b: Electivire\n|move|p1a: Raichu|Discharge|p2a: Scovillain|[spread] p2a,p2b\n|-resisted|p2a: Scovillain\n|-resisted|p2b: Vikavolt\n|-damage|p2a: Scovillain|71\/100\n|-damage|p2b: Vikavolt|63\/100\n|-status|p2a: Scovillain|par\n|-damage|p1a: Raichu|40\/100|[from] item: Life Orb\n|move|p2b: Vikavolt|Bug Buzz|p1a: Raichu\n|-supereffective|p1a: Raichu\n|-damage|p1a: Raichu|0 fnt\n|faint|p1a: Raichu\n|\n|-weather|SunnyDay|[upkeep]\n|upkeep\n|inactive|braislago98 has 270 seconds left.\n|\n|t:|1696447432\n|switch|p1b: Iron Hands|Iron Hands|24\/100\n|-activate|p1b: Iron Hands|move: Sticky Web\n|-unboost|p1b: Iron Hands|spe|1\n|turn|10\n|c|\u2606braislago98|gg\n|\n|t:|1696447445\n|-terastallize|p2b: Vikavolt|Bug\n|move|p2a: Scovillain|Flamethrower|p1b: Iron Hands\n|-damage|p1b: Iron Hands|0 fnt\n|faint|p1b: Iron Hands\n|-end|p1b: Iron Hands|Quark Drive|[silent]\n|\n|win|Tron09\n|l|\u2606Tron09\n","uploadtime":1696447452,"views":4,"p1id":"braislago98","p2id":"tron09","formatid":"gen9nationaldexdoubles","rating":0,"private":0,"password":""}