{"id":"gen9nationaldexdoubles-1981763156","p1":"sesna","p2":"lxvliiz","format":"[Gen 9] National Dex Doubles","log":"|j|\u203dsesna\n|j|\u2606lxvliiz\n|t:|1698939772\n|gametype|doubles\n|player|p1|sesna|fisherman-gen4|1032\n|player|p2|lxvliiz|gambler|1111\n|teamsize|p1|6\n|teamsize|p2|6\n|gen|9\n|tier|[Gen 9] National Dex Doubles\n|rated|\n|rule|HP Percentage Mod: HP is shown in percentages\n|rule|Endless Battle Clause: Forcing endless battles is banned\n|rule|OHKO Clause: OHKO moves are banned\n|rule|Evasion Moves Clause: Evasion moves are banned\n|rule|Evasion Abilities Clause: Evasion abilities are banned\n|rule|Species Clause: Limit one of each Pok\u00e9mon\n|rule|Gravity Sleep Clause: The combination of sleep-inducing moves with imperfect accuracy and Gravity or Gigantamax Orbeetle are banned\n|clearpoke\n|poke|p1|Ninjask, M|\n|poke|p1|Greninja-*, M|\n|poke|p1|Corviknight, M|\n|poke|p1|Arbok, M|\n|poke|p1|Steelix, M|\n|poke|p1|Heracross, M|\n|poke|p2|Kommo-o, M|\n|poke|p2|Volcarona, M|\n|poke|p2|Oricorio-Pom-Pom, F|\n|poke|p2|Quaquaval, F|\n|poke|p2|Flamigo, M|\n|poke|p2|Lilligant-Hisui, F|\n|teampreview\n|\n|t:|1698939779\n|start\n|switch|p1a: Greninja|Greninja, M|100\/100\n|switch|p1b: Ninjask|Ninjask, M, shiny|100\/100\n|switch|p2a: dancee|Kommo-o, M, shiny|100\/100\n|switch|p2b: dancer|Oricorio-Pom-Pom, F, shiny|100\/100\n|turn|1\n|\n|t:|1698939797\n|-terastallize|p2a: dancee|Ghost\n|move|p1a: Greninja|Water Shuriken|p2a: dancee\n|-damage|p2a: dancee|92\/100\n|-damage|p2a: dancee|85\/100\n|-damage|p2a: dancee|77\/100\n|-hitcount|p2a: dancee|3\n|move|p1b: Ninjask|Dual Wingbeat|p2b: dancer\n|-resisted|p2b: dancer\n|-damage|p2b: dancer|86\/100\n|-resisted|p2b: dancer\n|-damage|p2b: dancer|73\/100\n|-hitcount|p2b: dancer|2\n|move|p2b: dancer|Revelation Dance|p1a: Greninja\n|-supereffective|p1a: Greninja\n|-damage|p1a: Greninja|0 fnt\n|faint|p1a: Greninja\n|move|p2a: dancee|Clangorous Soul|p2a: dancee\n|-boost|p2a: dancee|atk|1\n|-boost|p2a: dancee|def|1\n|-boost|p2a: dancee|spa|1\n|-boost|p2a: dancee|spd|1\n|-boost|p2a: dancee|spe|1\n|-damage|p2a: dancee|44\/100\n|-activate|p2b: dancer|ability: Dancer\n|move|p2b: dancer|Clangorous Soul|p2b: dancer|[from]ability: Dancer\n|-boost|p2b: dancer|atk|1\n|-boost|p2b: dancer|def|1\n|-boost|p2b: dancer|spa|1\n|-boost|p2b: dancer|spd|1\n|-boost|p2b: dancer|spe|1\n|-damage|p2b: dancer|40\/100\n|\n|upkeep\n|\n|t:|1698939824\n|switch|p1a: Arbok|Arbok, M, shiny|100\/100\n|turn|2\n|\n|t:|1698939841\n|move|p2b: dancer|Roost|p2b: dancer\n|-heal|p2b: dancer|90\/100\n|-singleturn|p2b: dancer|move: Roost\n|move|p2a: dancee|Dragon Claw|p1a: Arbok\n|-damage|p1a: Arbok|8\/100\n|move|p1b: Ninjask|Swords Dance|p1b: Ninjask\n|-boost|p1b: Ninjask|atk|2\n|-enditem|p2b: dancer|Mirror Herb\n|-boost|p2b: dancer|atk|2|[from] item: Mirror Herb\n|-activate|p2b: dancer|ability: Dancer\n|move|p2b: dancer|Swords Dance|p2b: dancer|[from]ability: Dancer\n|-boost|p2b: dancer|atk|2\n|move|p1a: Arbok|Gunk Shot|p2b: dancer\n|-damage|p2b: dancer|38\/100\n|\n|-heal|p1a: Arbok|14\/100|[from] item: Leftovers\n|upkeep\n|turn|3\n|\n|t:|1698939864\n|switch|p1b: Steelix|Steelix, M, shiny|100\/100\n|switch|p1a: Corviknight|Corviknight, M, shiny|100\/100\n|move|p2b: dancer|Roost|p2b: dancer\n|-heal|p2b: dancer|88\/100\n|-singleturn|p2b: dancer|move: Roost\n|move|p2a: dancee|Shadow Claw|p1a: Corviknight\n|-damage|p1a: Corviknight|61\/100\n|-damage|p2a: dancee|28\/100|[from] item: Rocky Helmet|[of] p1a: Corviknight\n|\n|upkeep\n|turn|4\n|\n|t:|1698939882\n|move|p2b: dancer|Revelation Dance|p1a: Corviknight\n|-supereffective|p1a: Corviknight\n|-damage|p1a: Corviknight|0 fnt\n|faint|p1a: Corviknight\n|move|p2a: dancee|Shadow Claw|p1b: Steelix\n|-damage|p1b: Steelix|75\/100\n|move|p1b: Steelix|Head Smash|p2a: dancee\n|-damage|p2a: dancee|2\/100\n|-damage|p1b: Steelix|58\/100|[from] item: Rocky Helmet|[of] p2a: dancee\n|\n|upkeep\n|\n|t:|1698939894\n|switch|p1a: Heracross|Heracross, M|100\/100\n|turn|5\n|\n|t:|1698939909\n|detailschange|p1a: Heracross|Heracross-Mega, M\n|-mega|p1a: Heracross|Heracross|Heracronite\n|move|p2b: dancer|Revelation Dance|p1a: Heracross\n|-damage|p1a: Heracross|48\/100\n|move|p2a: dancee|Shadow Claw|p1b: Steelix\n|-damage|p1b: Steelix|32\/100\n|move|p1b: Steelix|Earthquake|p2b: dancer|[spread] p1a,p2a\n|-immune|p2b: dancer\n|-resisted|p1a: Heracross\n|-damage|p1a: Heracross|34\/100\n|-damage|p2a: dancee|0 fnt\n|faint|p2a: dancee\n|move|p1a: Heracross|Counter||[still]\n|-fail|p1a: Heracross\n|\n|upkeep\n|\n|t:|1698939925\n|switch|p2a: dance dance dance|Flamigo, M, shiny|100\/100\n|-copyboost|p2a: dance dance dance|p2b: dancer|[from] ability: Costar\n|turn|6\n|\n|t:|1698939936\n|move|p2b: dancer|Revelation Dance|p1a: Heracross\n|-damage|p1a: Heracross|0 fnt\n|faint|p1a: Heracross\n|move|p2a: dance dance dance|Acrobatics|p1b: Steelix\n|-resisted|p1b: Steelix\n|-damage|p1b: Steelix|0 fnt\n|faint|p1b: Steelix\n|\n|upkeep\n|-message|sesna forfeited.\n|\n|win|lxvliiz\n|raw|sesna's rating: 1032 &rarr; <strong>1021<\/strong><br \/>(-11 for losing)\n|raw|lxvliiz's rating: 1111 &rarr; <strong>1130<\/strong><br \/>(+19 for winning)\n|l|\u203dsesna\n|c|\u2606lxvliiz|gg\n","uploadtime":1698939947,"views":8,"p1id":"sesna","p2id":"lxvliiz","formatid":"gen9nationaldexdoubles","rating":1021,"private":0,"password":""}