{"id":"gen9nationaldexdoubles-1988027068","p1":"Ubitroll","p2":"DoomedTaurus","format":"[Gen 9] National Dex Doubles","log":"|j|\u2606Ubitroll\n|j|\u2606DoomedTaurus\n|t:|1699660732\n|gametype|doubles\n|player|p1|Ubitroll|depotagent|\n|player|p2|DoomedTaurus|steven|\n|teamsize|p1|6\n|teamsize|p2|6\n|gen|9\n|tier|[Gen 9] National Dex Doubles\n|rule|HP Percentage Mod: HP is shown in percentages\n|rule|Endless Battle Clause: Forcing endless battles is banned\n|rule|OHKO Clause: OHKO moves are banned\n|rule|Evasion Moves Clause: Evasion moves are banned\n|rule|Evasion Abilities Clause: Evasion abilities are banned\n|rule|Species Clause: Limit one of each Pok\u00e9mon\n|rule|Gravity Sleep Clause: The combination of sleep-inducing moves with imperfect accuracy and Gravity or Gigantamax Orbeetle are banned\n|clearpoke\n|poke|p1|Azumarill, F|\n|poke|p1|Iron Valiant|\n|poke|p1|Tinkaton, F|\n|poke|p1|Sylveon, M|\n|poke|p1|Gardevoir, M|\n|poke|p1|Dachsbun, F|\n|poke|p2|Keldeo-Resolute|\n|poke|p2|Gyarados, F|\n|poke|p2|Cloyster, F|\n|poke|p2|Ludicolo, M|\n|poke|p2|Slowking, M|\n|poke|p2|Wailord, F|\n|teampreview\n|\n|t:|1699660776\n|start\n|switch|p1a: Gardevoir|Gardevoir, M, shiny|100\/100\n|switch|p1b: Iron Valiant|Iron Valiant|100\/100\n|switch|p2a: Ludicolo|Ludicolo, M|100\/100\n|switch|p2b: Gyarados|Gyarados, F|100\/100\n|-enditem|p1b: Iron Valiant|Booster Energy\n|-activate|p1b: Iron Valiant|ability: Quark Drive|[fromitem]\n|-start|p1b: Iron Valiant|quarkdrivespe\n|-ability|p1a: Gardevoir|Swift Swim|[from] ability: Trace|[of] p2a: Ludicolo\n|turn|1\n|\n|t:|1699660809\n|detailschange|p2b: Gyarados|Gyarados-Mega, F\n|-mega|p2b: Gyarados|Gyarados|Gyaradosite\n|-ability|p2b: Gyarados|Mold Breaker\n|detailschange|p1a: Gardevoir|Gardevoir-Mega, M, shiny\n|-mega|p1a: Gardevoir|Gardevoir|Gardevoirite\n|move|p1b: Iron Valiant|Swords Dance|p1b: Iron Valiant\n|-boost|p1b: Iron Valiant|atk|2\n|move|p2b: Gyarados|Waterfall|p1b: Iron Valiant\n|-damage|p1b: Iron Valiant|35\/100\n|move|p2a: Ludicolo|Rain Dance|p2a: Ludicolo\n|-weather|RainDance\n|move|p1a: Gardevoir|Hyper Voice|p2b: Gyarados|[spread] p2a,p2b\n|-supereffective|p2b: Gyarados\n|-damage|p2a: Ludicolo|48\/100\n|-damage|p2b: Gyarados|13\/100\n|\n|-weather|RainDance|[upkeep]\n|upkeep\n|turn|2\n|\n|t:|1699660835\n|move|p1b: Iron Valiant|Knock Off|p2b: Gyarados\n|-resisted|p2b: Gyarados\n|-damage|p2b: Gyarados|0 fnt\n|faint|p2b: Gyarados\n|move|p2a: Ludicolo|Giga Drain|p1a: Gardevoir\n|-damage|p1a: Gardevoir|77\/100\n|-heal|p2a: Ludicolo|61\/100|[from] drain|[of] p1a: Gardevoir\n|move|p1a: Gardevoir|Hyper Voice|p2a: Ludicolo\n|-damage|p2a: Ludicolo|0 fnt\n|faint|p2a: Ludicolo\n|\n|-weather|RainDance|[upkeep]\n|upkeep\n|\n|t:|1699660859\n|switch|p2b: Wailord|Wailord, F|100\/100\n|switch|p2a: Cloyster|Cloyster, F|100\/100\n|-ability|p2b: Wailord|Pressure\n|turn|3\n|\n|t:|1699660899\n|move|p1b: Iron Valiant|Close Combat|p2a: Cloyster\n|-supereffective|p2a: Cloyster\n|-enditem|p2a: Cloyster|Focus Sash\n|-damage|p2a: Cloyster|1\/100\n|-unboost|p1b: Iron Valiant|def|1\n|-unboost|p1b: Iron Valiant|spd|1\n|move|p2a: Cloyster|Shell Smash|p2a: Cloyster\n|-unboost|p2a: Cloyster|def|1\n|-unboost|p2a: Cloyster|spd|1\n|-boost|p2a: Cloyster|atk|2\n|-boost|p2a: Cloyster|spa|2\n|-boost|p2a: Cloyster|spe|2\n|move|p1a: Gardevoir|Psychic|p2b: Wailord\n|-damage|p2b: Wailord|52\/100\n|move|p2b: Wailord|Toxic|p1a: Gardevoir\n|-status|p1a: Gardevoir|tox\n|\n|-weather|RainDance|[upkeep]\n|-heal|p2b: Wailord|59\/100|[from] item: Leftovers\n|-damage|p1a: Gardevoir|71\/100 tox|[from] psn\n|upkeep\n|turn|4\n|\n|t:|1699660929\n|move|p2b: Wailord|Protect|p2b: Wailord\n|-singleturn|p2b: Wailord|Protect\n|move|p1b: Iron Valiant|Knock Off|p2a: Cloyster\n|-damage|p2a: Cloyster|0 fnt\n|faint|p2a: Cloyster\n|move|p1a: Gardevoir|Hyper Voice|p2b: Wailord\n|-activate|p2b: Wailord|move: Protect\n|\n|-weather|RainDance|[upkeep]\n|-heal|p2b: Wailord|65\/100|[from] item: Leftovers\n|-damage|p1a: Gardevoir|59\/100 tox|[from] psn\n|upkeep\n|\n|t:|1699660946\n|switch|p2a: Keldeo|Keldeo-Resolute|100\/100\n|turn|5\n|\n|t:|1699660961\n|move|p1b: Iron Valiant|Close Combat|p2a: Keldeo\n|-damage|p2a: Keldeo|0 fnt\n|-unboost|p1b: Iron Valiant|def|1\n|-unboost|p1b: Iron Valiant|spd|1\n|faint|p2a: Keldeo\n|move|p1a: Gardevoir|Hyper Voice|p2b: Wailord\n|-damage|p2b: Wailord|5\/100\n|move|p2b: Wailord|Substitute|p2b: Wailord\n|-fail|p2b: Wailord|move: Substitute|[weak]\n|\n|-weather|RainDance|[upkeep]\n|-heal|p2b: Wailord|12\/100|[from] item: Leftovers\n|-damage|p1a: Gardevoir|40\/100 tox|[from] psn\n|upkeep\n|\n|t:|1699660973\n|switch|p2a: Slowking|Slowking, M|100\/100\n|turn|6\n|\n|t:|1699660988\n|move|p2b: Wailord|Protect|p2b: Wailord\n|-singleturn|p2b: Wailord|Protect\n|move|p1b: Iron Valiant|Knock Off|p2a: Slowking\n|-supereffective|p2a: Slowking\n|-damage|p2a: Slowking|6\/100\n|-enditem|p2a: Slowking|Heavy-Duty Boots|[from] move: Knock Off|[of] p1b: Iron Valiant\n|move|p1a: Gardevoir|Hyper Voice|p2a: Slowking|[spread] p2a\n|-activate|p2b: Wailord|move: Protect\n|-damage|p2a: Slowking|0 fnt\n|faint|p2a: Slowking\n|\n|-weather|RainDance|[upkeep]\n|-heal|p2b: Wailord|18\/100|[from] item: Leftovers\n|-damage|p1a: Gardevoir|15\/100 tox|[from] psn\n|upkeep\n|turn|7\n|\n|t:|1699661010\n|move|p1b: Iron Valiant|Close Combat|p2b: Wailord\n|-damage|p2b: Wailord|0 fnt\n|-unboost|p1b: Iron Valiant|def|1\n|-unboost|p1b: Iron Valiant|spd|1\n|faint|p2b: Wailord\n|\n|win|Ubitroll\n","uploadtime":1699661022,"views":7,"p1id":"ubitroll","p2id":"doomedtaurus","formatid":"gen9nationaldexdoubles","rating":0,"private":0,"password":""}