{"id":"gen9nationaldexdoubles-1957741458","p1":"Nickalip","p2":"Pablopinto12","format":"[Gen 9] National Dex Doubles","log":"|j|\u2606Nickalip\n|j|\u2606Pablopinto12\n|t:|1696257567\n|gametype|doubles\n|player|p1|Nickalip|steven|\n|player|p2|Pablopinto12|ethan|\n|teamsize|p1|6\n|teamsize|p2|6\n|gen|9\n|tier|[Gen 9] National Dex Doubles\n|rule|HP Percentage Mod: HP is shown in percentages\n|rule|Endless Battle Clause: Forcing endless battles is banned\n|rule|OHKO Clause: OHKO moves are banned\n|rule|Evasion Moves Clause: Evasion moves are banned\n|rule|Evasion Abilities Clause: Evasion abilities are banned\n|rule|Species Clause: Limit one of each Pok\u00e9mon\n|rule|Gravity Sleep Clause: The combination of sleep-inducing moves with imperfect accuracy and Gravity or Gigantamax Orbeetle are banned\n|clearpoke\n|poke|p1|Iron Valiant|\n|poke|p1|Scizor, M|\n|poke|p1|Serperior, F|\n|poke|p1|Ceruledge, M|\n|poke|p1|Swampert, M|\n|poke|p1|Gardevoir, F|\n|poke|p2|Cinderace, M|\n|poke|p2|Toxapex, F|\n|poke|p2|Goodra, M|\n|poke|p2|Dondozo, M|\n|poke|p2|Maushold-Four|\n|poke|p2|Torkoal, M|\n|teampreview\n|inactive|Battle timer is ON: inactive players will automatically lose when time's up. (requested by Pablopinto12)\n|\n|t:|1696257581\n|start\n|switch|p1a: Iron Valiant|Iron Valiant, shiny|100\/100\n|switch|p1b: Himiko|Gardevoir, F|100\/100\n|switch|p2a: Marcela|Toxapex, F, shiny|100\/100\n|switch|p2b: Arturo|Goodra, M|100\/100\n|-ability|p1b: Himiko|Regenerator|[from] ability: Trace|[of] p2a: Marcela\n|-enditem|p1a: Iron Valiant|Booster Energy\n|-activate|p1a: Iron Valiant|ability: Quark Drive|[fromitem]\n|-start|p1a: Iron Valiant|quarkdrivespe\n|turn|1\n|inactive|Nickalip has 270 seconds left.\n|\n|t:|1696257611\n|switch|p2b: Dondozo|Dondozo, M, shiny|100\/100\n|move|p1a: Iron Valiant|Ice Punch|p2b: Dondozo\n|-resisted|p2b: Dondozo\n|-damage|p2b: Dondozo|92\/100\n|move|p1b: Himiko|Psychic|p2a: Marcela\n|-supereffective|p2a: Marcela\n|-damage|p2a: Marcela|31\/100\n|move|p2a: Marcela|Toxic Spikes|p1a: Iron Valiant\n|-sidestart|p1: Nickalip|move: Toxic Spikes\n|\n|-heal|p2a: Marcela|38\/100|[from] item: Black Sludge\n|-heal|p2b: Dondozo|98\/100|[from] item: Leftovers\n|upkeep\n|turn|2\n|\n|t:|1696257636\n|switch|p2b: Arturo|Goodra, M|100\/100\n|move|p2a: Marcela|Baneful Bunker|p2a: Marcela\n|-singleturn|p2a: Marcela|move: Protect\n|move|p1a: Iron Valiant|Psycho Cut|p2b: Arturo\n|-damage|p2b: Arturo|72\/100\n|move|p1b: Himiko|Thunderbolt|p2a: Marcela\n|-activate|p2a: Marcela|move: Protect\n|\n|-heal|p2a: Marcela|44\/100|[from] item: Black Sludge\n|upkeep\n|turn|3\n|inactive|Pablopinto12 has 270 seconds left.\n|\n|t:|1696257673\n|switch|p2a: Dondozo|Dondozo, M, shiny|98\/100\n|move|p1a: Iron Valiant|Drain Punch|p2b: Arturo\n|-damage|p2b: Arturo|25\/100\n|move|p1b: Himiko|Psychic|p2a: Dondozo\n|-damage|p2a: Dondozo|52\/100\n|move|p2b: Arturo|Surf|p1b: Himiko|[spread] p2a,p1a,p1b\n|-resisted|p2a: Dondozo\n|-damage|p2a: Dondozo|44\/100\n|-damage|p1a: Iron Valiant|69\/100\n|-damage|p1b: Himiko|82\/100\n|\n|-heal|p2a: Dondozo|50\/100|[from] item: Leftovers\n|upkeep\n|turn|4\n|inactive|Pablopinto12 has 270 seconds left.\n|\n|t:|1696257707\n|move|p1a: Iron Valiant|Drain Punch|p2a: Dondozo\n|-damage|p2a: Dondozo|28\/100\n|-heal|p1a: Iron Valiant|89\/100|[from] drain|[of] p2a: Dondozo\n|move|p1b: Himiko|Moonblast|p2b: Arturo\n|-supereffective|p2b: Arturo\n|-damage|p2b: Arturo|0 fnt\n|faint|p2b: Arturo\n|move|p2a: Dondozo|Rest|p2a: Dondozo\n|-status|p2a: Dondozo|slp|[from] move: Rest\n|-heal|p2a: Dondozo|100\/100 slp|[silent]\n|\n|upkeep\n|\n|t:|1696257730\n|switch|p2b: Maushold|Maushold-Four|100\/100\n|turn|5\n|\n|t:|1696257747\n|move|p1a: Iron Valiant|Drain Punch|p2b: Maushold\n|-supereffective|p2b: Maushold\n|-damage|p2b: Maushold|0 fnt\n|-heal|p1a: Iron Valiant|100\/100|[from] drain|[of] p2b: Maushold\n|faint|p2b: Maushold\n|move|p1b: Himiko|Thunderbolt|p2a: Dondozo\n|-supereffective|p2a: Dondozo\n|-damage|p2a: Dondozo|39\/100 slp\n|cant|p2a: Dondozo|slp\n|move|p2a: Dondozo|Sleep Talk|p2a: Dondozo\n|move|p2a: Dondozo|Wave Crash|p1b: Himiko|[from]move: Sleep Talk\n|-damage|p1b: Himiko|0 fnt\n|faint|p1b: Himiko\n|-damage|p2a: Dondozo|25\/100 slp|[from] Recoil\n|\n|-heal|p2a: Dondozo|31\/100 slp|[from] item: Leftovers\n|upkeep\n|inactive|Pablopinto12 has 270 seconds left.\n|\n|t:|1696257773\n|switch|p2b: Torkoal|Torkoal, M, shiny|100\/100\n|switch|p1b: Snake|Serperior, F, shiny|100\/100\n|-status|p1b: Snake|psn\n|-weather|SunnyDay|[from] ability: Drought|[of] p2b: Torkoal\n|turn|6\n|\n|t:|1696257793\n|move|p1a: Iron Valiant|Shadow Ball|p2b: Torkoal\n|-damage|p2b: Torkoal|73\/100\n|move|p1b: Snake|Leaf Storm|p2a: Dondozo\n|-supereffective|p2a: Dondozo\n|-damage|p2a: Dondozo|0 fnt\n|-boost|p1b: Snake|spa|2\n|faint|p2a: Dondozo\n|move|p2b: Torkoal|Eruption|p1a: Iron Valiant|[spread] p1a,p1b\n|-supereffective|p1b: Snake\n|-damage|p1a: Iron Valiant|33\/100\n|-damage|p1b: Snake|16\/100 psn\n|\n|-weather|SunnyDay|[upkeep]\n|-heal|p1b: Snake|22\/100 psn|[from] item: Leftovers\n|-heal|p2b: Torkoal|79\/100|[from] item: Leftovers\n|-damage|p1b: Snake|10\/100 psn|[from] psn\n|upkeep\n|inactive|Pablopinto12 has 270 seconds left.\n|\n|t:|1696257814\n|switch|p2a: Marcela|Toxapex, F, shiny|77\/100\n|turn|7\n|\n|t:|1696257823\n|move|p2a: Marcela|Baneful Bunker|p2a: Marcela\n|-singleturn|p2a: Marcela|move: Protect\n|move|p1a: Iron Valiant|Psycho Cut|p2a: Marcela\n|-activate|p2a: Marcela|move: Protect\n|move|p1b: Snake|Dragon Pulse|p2b: Torkoal\n|-damage|p2b: Torkoal|28\/100\n|move|p2b: Torkoal|Earthquake|p1b: Snake|[spread] p1a,p1b\n|-activate|p2a: Marcela|move: Protect\n|-resisted|p1b: Snake\n|-damage|p1a: Iron Valiant|13\/100\n|-damage|p1b: Snake|1\/100 psn\n|\n|-weather|SunnyDay|[upkeep]\n|-heal|p1b: Snake|7\/100 psn|[from] item: Leftovers\n|-heal|p2a: Marcela|83\/100|[from] item: Black Sludge\n|-heal|p2b: Torkoal|34\/100|[from] item: Leftovers\n|-damage|p1b: Snake|0 fnt|[from] psn\n|faint|p1b: Snake\n|upkeep\n|\n|t:|1696257845\n|switch|p1b: Rana Qliaa|Swampert, M|100\/100\n|-status|p1b: Rana Qliaa|psn\n|turn|8\n|inactive|Pablopinto12 has 270 seconds left.\n|\n|t:|1696257876\n|move|p1a: Iron Valiant|Drain Punch|p2b: Torkoal\n|-damage|p2b: Torkoal|8\/100\n|-heal|p1a: Iron Valiant|28\/100|[from] drain|[of] p2b: Torkoal\n|move|p1b: Rana Qliaa|Earthquake|p2b: Torkoal|[spread] p1a,p2a,p2b\n|-supereffective|p2a: Marcela\n|-supereffective|p2b: Torkoal\n|-damage|p1a: Iron Valiant|0 fnt\n|-damage|p2a: Marcela|42\/100\n|-damage|p2b: Torkoal|0 fnt\n|faint|p1a: Iron Valiant\n|-end|p1a: Iron Valiant|Quark Drive|[silent]\n|faint|p2b: Torkoal\n|move|p2a: Marcela|Liquidation|p1b: Rana Qliaa\n|-damage|p1b: Rana Qliaa|93\/100 psn\n|\n|-weather|SunnyDay|[upkeep]\n|-heal|p2a: Marcela|48\/100|[from] item: Black Sludge\n|-damage|p1b: Rana Qliaa|80\/100 psn|[from] psn\n|upkeep\n|inactive|Nickalip has 270 seconds left.\n|\n|t:|1696257910\n|switch|p1a: K\u0101v|Ceruledge, M|100\/100\n|switch|p2b: Jos\u00e9|Cinderace, M, shiny|100\/100\n|-status|p1a: K\u0101v|psn\n|turn|9\n|inactive|Pablopinto12 has 270 seconds left.\n|\n|t:|1696257954\n|move|p2b: Jos\u00e9|Bounce||[still]\n|-prepare|p2b: Jos\u00e9|Bounce\n|-start|p2b: Jos\u00e9|typechange|Flying|[from] ability: Libero\n|-zpower|p1a: K\u0101v\n|move|p1a: K\u0101v|Never-Ending Nightmare|p2a: Marcela|[zeffect]\n|-damage|p2a: Marcela|0 fnt\n|faint|p2a: Marcela\n|move|p1b: Rana Qliaa|Earthquake|p2b: Jos\u00e9|[spread] p1a\n|-miss|p1b: Rana Qliaa|p2b: Jos\u00e9\n|-supereffective|p1a: K\u0101v\n|-damage|p1a: K\u0101v|21\/100 psn\n|-ability|p1a: K\u0101v|Weak Armor|boost\n|-unboost|p1a: K\u0101v|def|1\n|-boost|p1a: K\u0101v|spe|2\n|\n|-weather|SunnyDay|[upkeep]\n|-damage|p1a: K\u0101v|9\/100 psn|[from] psn\n|-damage|p1b: Rana Qliaa|68\/100 psn|[from] psn\n|upkeep\n|turn|10\n|inactive|Pablopinto12 has 270 seconds left.\n|\n|t:|1696257979\n|switch|p1a: Choro-Y|Scizor, M, shiny|100\/100\n|move|p2b: Jos\u00e9|Bounce|p1b: Rana Qliaa|[from]lockedmove|[miss]\n|-miss|p2b: Jos\u00e9|p1b: Rana Qliaa\n|move|p1b: Rana Qliaa|Stone Edge|p2b: Jos\u00e9\n|-supereffective|p2b: Jos\u00e9\n|-damage|p2b: Jos\u00e9|23\/100\n|\n|-weather|none\n|-damage|p1b: Rana Qliaa|56\/100 psn|[from] psn\n|upkeep\n|turn|11\n|\n|t:|1696257999\n|detailschange|p1a: Choro-Y|Scizor-Mega, M, shiny\n|-mega|p1a: Choro-Y|Scizor|Scizorite\n|-terastallize|p2b: Jos\u00e9|Fire\n|-terastallize|p1b: Rana Qliaa|Bug\n|move|p1a: Choro-Y|Bullet Punch|p2b: Jos\u00e9\n|-resisted|p2b: Jos\u00e9\n|-damage|p2b: Jos\u00e9|1\/100\n|move|p2b: Jos\u00e9|Pyro Ball|p1b: Rana Qliaa\n|-supereffective|p1b: Rana Qliaa\n|-damage|p1b: Rana Qliaa|0 fnt\n|faint|p1b: Rana Qliaa\n|\n|upkeep\n|\n|t:|1696258012\n|switch|p1b: K\u0101v|Ceruledge, M|9\/100 psn\n|turn|12\n|\n|t:|1696258021\n|move|p1a: Choro-Y|Protect|p1a: Choro-Y\n|-singleturn|p1a: Choro-Y|Protect\n|move|p2b: Jos\u00e9|Sucker Punch|p1b: K\u0101v\n|-supereffective|p1b: K\u0101v\n|-damage|p1b: K\u0101v|0 fnt\n|faint|p1b: K\u0101v\n|\n|upkeep\n|turn|13\n|\n|t:|1696258038\n|move|p2b: Jos\u00e9|Sucker Punch|p1a: Choro-Y\n|-damage|p1a: Choro-Y|83\/100\n|move|p1a: Choro-Y|Bullet Punch|p2b: Jos\u00e9\n|-resisted|p2b: Jos\u00e9\n|-damage|p2b: Jos\u00e9|0 fnt\n|faint|p2b: Jos\u00e9\n|\n|win|Nickalip\n","uploadtime":1696258052,"views":17,"p1id":"nickalip","p2id":"pablopinto12","formatid":"gen9nationaldexdoubles","rating":0,"private":0,"password":""}