{"id":"gen9nationaldexdoubles-1988275979","p1":"SuperZachattacka","p2":"fumbari 24","format":"[Gen 9] National Dex Doubles","log":"|j|\u2606SuperZachattacka\n|j|\u2606fumbari 24\n|t:|1699699850\n|gametype|doubles\n|player|p1|SuperZachattacka|swimmer-gen4|1217\n|player|p2|fumbari 24|hilbert|1329\n|teamsize|p1|6\n|teamsize|p2|6\n|gen|9\n|tier|[Gen 9] National Dex Doubles\n|rated|\n|rule|HP Percentage Mod: HP is shown in percentages\n|rule|Endless Battle Clause: Forcing endless battles is banned\n|rule|OHKO Clause: OHKO moves are banned\n|rule|Evasion Moves Clause: Evasion moves are banned\n|rule|Evasion Abilities Clause: Evasion abilities are banned\n|rule|Species Clause: Limit one of each Pok\u00e9mon\n|rule|Gravity Sleep Clause: The combination of sleep-inducing moves with imperfect accuracy and Gravity or Gigantamax Orbeetle are banned\n|clearpoke\n|poke|p1|Kangaskhan, F|\n|poke|p1|Mightyena, M|\n|poke|p1|Medicham, M|\n|poke|p1|Regigigas|\n|poke|p1|Keldeo-Resolute|\n|poke|p1|Clefairy, F|\n|poke|p2|Thundurus, M|\n|poke|p2|Latias, F|\n|poke|p2|Blastoise, M|\n|poke|p2|Staraptor, M|\n|poke|p2|Blaziken, M|\n|poke|p2|Bronzong|\n|teampreview\n|inactive|Battle timer is ON: inactive players will automatically lose when time's up. (requested by SuperZachattacka)\n|\n|t:|1699699868\n|start\n|switch|p1a: Kangaskhan|Kangaskhan, F|100\/100\n|switch|p1b: Mightyena|Mightyena, M|100\/100\n|switch|p2a: Blaziken|Blaziken, M|100\/100\n|switch|p2b: Big Ben|Bronzong|100\/100\n|-ability|p1b: Mightyena|Intimidate|boost\n|-unboost|p2a: Blaziken|atk|1\n|-unboost|p2b: Big Ben|atk|1\n|turn|1\n|c|\u2606SuperZachattacka|Glhf\n|\n|t:|1699699888\n|switch|p1a: Clefairy|Clefairy, F|100\/100\n|detailschange|p2a: Blaziken|Blaziken-Mega, M\n|-mega|p2a: Blaziken|Blaziken|Blazikenite\n|move|p2a: Blaziken|Protect|p2a: Blaziken\n|-singleturn|p2a: Blaziken|Protect\n|move|p1b: Mightyena|Crunch|p2b: Big Ben\n|-supereffective|p2b: Big Ben\n|-damage|p2b: Big Ben|17\/100\n|-zpower|p2b: Big Ben\n|move|p2b: Big Ben|Z-Trick Room|p2b: Big Ben|[anim]Trick Room\n|-boost|p2b: Big Ben|accuracy|1|[zeffect]\n|-fieldstart|move: Trick Room|[of] p2b: Big Ben\n|\n|-ability|p2a: Blaziken|Speed Boost|boost\n|-boost|p2a: Blaziken|spe|1\n|upkeep\n|turn|2\n|\n|t:|1699699907\n|switch|p2a: Harbor|Blastoise, M|100\/100\n|move|p1a: Clefairy|Follow Me|p1a: Clefairy\n|-singleturn|p1a: Clefairy|move: Follow Me\n|move|p2b: Big Ben|Hypnosis|p1a: Clefairy\n|-status|p1a: Clefairy|slp|[from] move: Hypnosis\n|move|p1b: Mightyena|Crunch|p2b: Big Ben\n|-supereffective|p2b: Big Ben\n|-damage|p2b: Big Ben|0 fnt\n|faint|p2b: Big Ben\n|\n|upkeep\n|\n|t:|1699699920\n|switch|p2b: Staraptor|Staraptor, M|100\/100\n|-ability|p2b: Staraptor|Intimidate|boost\n|-unboost|p1a: Clefairy|atk|1\n|-unboost|p1b: Mightyena|atk|1\n|turn|3\n|\n|t:|1699699931\n|cant|p1a: Clefairy|slp\n|move|p2a: Harbor|Scald|p1b: Mightyena\n|-damage|p1b: Mightyena|65\/100\n|move|p1b: Mightyena|Crunch|p2a: Harbor\n|-damage|p2a: Harbor|76\/100\n|move|p2b: Staraptor|U-turn|p1b: Mightyena\n|-supereffective|p1b: Mightyena\n|-damage|p1b: Mightyena|5\/100\n|\n|t:|1699699946\n|switch|p2b: Thundurus|Thundurus, M|100\/100|[from] U-turn\n|\n|-heal|p2a: Harbor|82\/100|[from] item: Leftovers\n|upkeep\n|turn|4\n|\n|t:|1699699961\n|move|p2b: Thundurus|Taunt|p1a: Clefairy\n|-start|p1a: Clefairy|move: Taunt\n|cant|p1a: Clefairy|slp\n|move|p2a: Harbor|Scald|p1b: Mightyena\n|-damage|p1b: Mightyena|0 fnt\n|faint|p1b: Mightyena\n|\n|-heal|p2a: Harbor|88\/100|[from] item: Leftovers\n|upkeep\n|\n|t:|1699699979\n|switch|p1b: Kangaskhan|Kangaskhan, F|100\/100\n|turn|5\n|\n|t:|1699699989\n|move|p1b: Kangaskhan|Fake Out|p2a: Harbor\n|-damage|p2a: Harbor|74\/100\n|cant|p1a: Clefairy|slp\n|cant|p2a: Harbor|flinch\n|move|p2b: Thundurus|Thunderbolt|p1b: Kangaskhan\n|-damage|p1b: Kangaskhan|66\/100\n|\n|-heal|p2a: Harbor|80\/100|[from] item: Leftovers\n|-fieldend|move: Trick Room\n|upkeep\n|turn|6\n|\n|t:|1699700004\n|move|p1b: Kangaskhan|Last Resort|p2a: Harbor\n|-damage|p2a: Harbor|29\/100\n|move|p2b: Thundurus|Thunderbolt|p1b: Kangaskhan\n|-damage|p1b: Kangaskhan|31\/100\n|move|p2a: Harbor|Life Dew||[still]|[spread] p2a,p2b\n|-heal|p2a: Harbor|54\/100\n|-fail|p2b: Thundurus|heal\n|-curestatus|p1a: Clefairy|slp|[msg]\n|move|p1a: Clefairy|Moonblast|p2b: Thundurus\n|-damage|p2b: Thundurus|80\/100\n|-unboost|p2b: Thundurus|spa|1\n|\n|-heal|p2a: Harbor|60\/100|[from] item: Leftovers\n|-end|p1a: Clefairy|move: Taunt\n|upkeep\n|turn|7\n|\n|t:|1699700021\n|move|p1a: Clefairy|Follow Me|p1a: Clefairy\n|-singleturn|p1a: Clefairy|move: Follow Me\n|move|p2b: Thundurus|Taunt|p1a: Clefairy\n|-start|p1a: Clefairy|move: Taunt\n|move|p1b: Kangaskhan|Last Resort|p2a: Harbor\n|-damage|p2a: Harbor|9\/100\n|move|p2a: Harbor|Life Dew|p2a: Harbor|[spread] p2a,p2b\n|-heal|p2a: Harbor|34\/100\n|-heal|p2b: Thundurus|100\/100\n|\n|-heal|p2a: Harbor|40\/100|[from] item: Leftovers\n|upkeep\n|turn|8\n|\n|t:|1699700047\n|switch|p2a: Mirage|Latias, F|100\/100\n|switch|p1a: Medicham|Medicham, M|100\/100\n|move|p1b: Kangaskhan|Last Resort|p2a: Mirage\n|-damage|p2a: Mirage|23\/100\n|-enditem|p2a: Mirage|Sitrus Berry|[eat]\n|-heal|p2a: Mirage|48\/100|[from] item: Sitrus Berry\n|move|p2b: Thundurus|Thunderbolt|p1b: Kangaskhan\n|-damage|p1b: Kangaskhan|4\/100\n|\n|upkeep\n|turn|9\n|\n|t:|1699700067\n|detailschange|p1a: Medicham|Medicham-Mega, M\n|-mega|p1a: Medicham|Medicham|Medichamite\n|move|p1a: Medicham|Fake Out|p2b: Thundurus\n|-damage|p2b: Thundurus|75\/100\n|move|p1b: Kangaskhan|Last Resort|p2a: Mirage\n|-damage|p2a: Mirage|0 fnt\n|faint|p2a: Mirage\n|cant|p2b: Thundurus|flinch\n|\n|upkeep\n|\n|t:|1699700081\n|switch|p2a: Staraptor|Staraptor, M|100\/100\n|-ability|p2a: Staraptor|Intimidate|boost\n|-unboost|p1a: Medicham|atk|1\n|-fail|p1b: Kangaskhan|unboost|Attack|[from] ability: Scrappy|[of] p1b: Kangaskhan\n|turn|10\n|\n|t:|1699700094\n|move|p2a: Staraptor|U-turn|p1b: Kangaskhan\n|-damage|p1b: Kangaskhan|0 fnt\n|faint|p1b: Kangaskhan\n|\n|t:|1699700102\n|switch|p2a: Harbor|Blastoise, M|40\/100|[from] U-turn\n|move|p1a: Medicham|Zen Headbutt|p2a: Harbor\n|-damage|p2a: Harbor|10\/100\n|move|p2b: Thundurus|Thunderbolt|p1a: Medicham\n|-damage|p1a: Medicham|63\/100\n|\n|-heal|p2a: Harbor|16\/100|[from] item: Leftovers\n|upkeep\n|\n|t:|1699700106\n|switch|p1b: Regigigas|Regigigas|100\/100\n|-start|p1b: Regigigas|ability: Slow Start\n|turn|11\n|\n|t:|1699700121\n|move|p2a: Harbor|Fake Out|p1b: Regigigas\n|-damage|p1b: Regigigas|94\/100\n|move|p2b: Thundurus|Taunt|p1a: Medicham\n|-start|p1a: Medicham|move: Taunt\n|cant|p1a: Medicham|move: Taunt|Skill Swap\n|cant|p1b: Regigigas|flinch\n|\n|-heal|p2a: Harbor|22\/100|[from] item: Leftovers\n|-heal|p1b: Regigigas|100\/100|[from] item: Leftovers\n|upkeep\n|turn|12\n|\n|t:|1699700133\n|switch|p1a: Clefairy|Clefairy, F|100\/100\n|move|p2b: Thundurus|Thunderbolt|p1a: Clefairy\n|-damage|p1a: Clefairy|81\/100\n|move|p2a: Harbor|Life Dew|p2a: Harbor|[spread] p2a,p2b\n|-heal|p2a: Harbor|47\/100\n|-heal|p2b: Thundurus|99\/100\n|move|p1b: Regigigas|Knock Off|p2a: Harbor\n|-damage|p2a: Harbor|33\/100\n|-enditem|p2a: Harbor|Leftovers|[from] move: Knock Off|[of] p1b: Regigigas\n|\n|upkeep\n|turn|13\n|\n|t:|1699700156\n|move|p2b: Thundurus|Taunt|p1a: Clefairy\n|-start|p1a: Clefairy|move: Taunt\n|move|p2a: Harbor|Life Dew|p2a: Harbor|[spread] p2a,p2b\n|-heal|p2a: Harbor|58\/100\n|-heal|p2b: Thundurus|100\/100\n|move|p1b: Regigigas|Knock Off|p2b: Thundurus\n|-crit|p2b: Thundurus\n|-damage|p2b: Thundurus|71\/100\n|-enditem|p2b: Thundurus|Safety Goggles|[from] move: Knock Off|[of] p1b: Regigigas\n|move|p1a: Clefairy|Moonblast|p2a: Harbor\n|-damage|p2a: Harbor|38\/100\n|-unboost|p2a: Harbor|spa|1\n|\n|upkeep\n|turn|14\n|\n|t:|1699700180\n|move|p1b: Regigigas|Protect|p1b: Regigigas\n|-singleturn|p1b: Regigigas|Protect\n|move|p2b: Thundurus|Thunderbolt|p1b: Regigigas\n|-activate|p1b: Regigigas|move: Protect\n|move|p2a: Harbor|Scald|p1b: Regigigas\n|-activate|p1b: Regigigas|move: Protect\n|move|p1a: Clefairy|Moonblast|p2b: Thundurus\n|-damage|p2b: Thundurus|50\/100\n|-unboost|p2b: Thundurus|spa|1\n|\n|upkeep\n|turn|15\n|\n|t:|1699700198\n|move|p2b: Thundurus|Thunderbolt|p1b: Regigigas\n|-damage|p1b: Regigigas|87\/100\n|move|p2a: Harbor|Scald|p1b: Regigigas\n|-damage|p1b: Regigigas|76\/100\n|move|p1b: Regigigas|Drain Punch|p2a: Harbor\n|-damage|p2a: Harbor|27\/100\n|-heal|p1b: Regigigas|82\/100|[from] drain|[of] p2a: Harbor\n|move|p1a: Clefairy|Moonblast|p2a: Harbor\n|-damage|p2a: Harbor|10\/100\n|-unboost|p2a: Harbor|spa|1\n|\n|-heal|p1b: Regigigas|88\/100|[from] item: Leftovers\n|-end|p1a: Clefairy|move: Taunt\n|-end|p1b: Regigigas|Slow Start\n|upkeep\n|turn|16\n|\n|t:|1699700224\n|move|p2a: Harbor|Follow Me|p2a: Harbor\n|-singleturn|p2a: Harbor|move: Follow Me\n|move|p1a: Clefairy|Follow Me|p1a: Clefairy\n|-singleturn|p1a: Clefairy|move: Follow Me\n|move|p2b: Thundurus|Taunt|p1a: Clefairy\n|-start|p1a: Clefairy|move: Taunt\n|move|p1b: Regigigas|Knock Off|p2a: Harbor\n|-damage|p2a: Harbor|0 fnt\n|faint|p2a: Harbor\n|\n|-heal|p1b: Regigigas|94\/100|[from] item: Leftovers\n|upkeep\n|\n|t:|1699700231\n|switch|p2a: Staraptor|Staraptor, M|100\/100\n|-ability|p2a: Staraptor|Intimidate|boost\n|-unboost|p1a: Clefairy|atk|1\n|-unboost|p1b: Regigigas|atk|1\n|turn|17\n|\n|t:|1699700242\n|move|p2a: Staraptor|U-turn|p1a: Clefairy\n|-resisted|p1a: Clefairy\n|-damage|p1a: Clefairy|72\/100\n|\n|t:|1699700245\n|switch|p2a: Blaziken|Blaziken-Mega, M|100\/100|[from] U-turn\n|move|p1b: Regigigas|Drain Punch|p2a: Blaziken\n|-damage|p2a: Blaziken|74\/100\n|-heal|p1b: Regigigas|100\/100|[from] drain|[of] p2a: Blaziken\n|move|p2b: Thundurus|Thunderbolt|p1a: Clefairy\n|-damage|p1a: Clefairy|56\/100\n|move|p1a: Clefairy|Moonblast|p2b: Thundurus\n|-damage|p2b: Thundurus|28\/100\n|\n|upkeep\n|turn|18\n|\n|t:|1699700266\n|move|p2a: Blaziken|Protect|p2a: Blaziken\n|-singleturn|p2a: Blaziken|Protect\n|move|p1b: Regigigas|Knock Off|p2b: Thundurus\n|-damage|p2b: Thundurus|8\/100\n|move|p2b: Thundurus|Thunderbolt|p1a: Clefairy\n|-damage|p1a: Clefairy|40\/100\n|move|p1a: Clefairy|Moonblast|p2a: Blaziken\n|-activate|p2a: Blaziken|move: Protect\n|\n|-ability|p2a: Blaziken|Speed Boost|boost\n|-boost|p2a: Blaziken|spe|1\n|upkeep\n|turn|19\n|\n|t:|1699700282\n|move|p2a: Blaziken|Heat Wave|p1b: Regigigas|[spread] p1a,p1b\n|-damage|p1a: Clefairy|9\/100\n|-damage|p1b: Regigigas|75\/100\n|move|p1b: Regigigas|Drain Punch|p2a: Blaziken\n|-damage|p2a: Blaziken|47\/100\n|-heal|p1b: Regigigas|87\/100|[from] drain|[of] p2a: Blaziken\n|move|p2b: Thundurus|Thunderbolt|p1a: Clefairy\n|-damage|p1a: Clefairy|0 fnt\n|faint|p1a: Clefairy\n|\n|-heal|p1b: Regigigas|94\/100|[from] item: Leftovers\n|-ability|p2a: Blaziken|Speed Boost|boost\n|-boost|p2a: Blaziken|spe|1\n|upkeep\n|\n|t:|1699700293\n|switch|p1a: Medicham|Medicham-Mega, M|63\/100\n|turn|20\n|\n|t:|1699700318\n|move|p2a: Blaziken|Protect|p2a: Blaziken\n|-singleturn|p2a: Blaziken|Protect\n|move|p1a: Medicham|Fake Out|p2b: Thundurus\n|-damage|p2b: Thundurus|0 fnt\n|faint|p2b: Thundurus\n|move|p1b: Regigigas|Knock Off|p2a: Blaziken\n|-activate|p2a: Blaziken|move: Protect\n|\n|-heal|p1b: Regigigas|99\/100|[from] item: Leftovers\n|-ability|p2a: Blaziken|Speed Boost|boost\n|-boost|p2a: Blaziken|spe|1\n|upkeep\n|\n|t:|1699700323\n|switch|p2b: Staraptor|Staraptor, M|100\/100\n|-ability|p2b: Staraptor|Intimidate|boost\n|-unboost|p1a: Medicham|atk|1\n|-unboost|p1b: Regigigas|atk|1\n|turn|21\n|\n|t:|1699700351\n|move|p2a: Blaziken|Aura Sphere|p1b: Regigigas\n|-supereffective|p1b: Regigigas\n|-damage|p1b: Regigigas|25\/100\n|move|p2b: Staraptor|Brave Bird|p1a: Medicham\n|-supereffective|p1a: Medicham\n|-damage|p1a: Medicham|0 fnt\n|faint|p1a: Medicham\n|-damage|p2b: Staraptor|85\/100|[from] Recoil\n|move|p1b: Regigigas|Facade|p2a: Blaziken\n|-damage|p2a: Blaziken|21\/100\n|\n|-heal|p1b: Regigigas|31\/100|[from] item: Leftovers\n|-ability|p2a: Blaziken|Speed Boost|boost\n|-boost|p2a: Blaziken|spe|1\n|upkeep\n|inactive|SuperZachattacka has 120 seconds left.\n|\n|t:|1699700363\n|switch|p1a: Keldeo|Keldeo-Resolute|100\/100\n|turn|22\n|\n|t:|1699700372\n|move|p1b: Regigigas|Protect|p1b: Regigigas\n|-singleturn|p1b: Regigigas|Protect\n|move|p2a: Blaziken|Aura Sphere|p1b: Regigigas\n|-activate|p1b: Regigigas|move: Protect\n|move|p2b: Staraptor|Brave Bird|p1a: Keldeo\n|-supereffective|p1a: Keldeo\n|-damage|p1a: Keldeo|0 fnt\n|faint|p1a: Keldeo\n|-damage|p2b: Staraptor|52\/100|[from] Recoil\n|\n|-heal|p1b: Regigigas|37\/100|[from] item: Leftovers\n|-ability|p2a: Blaziken|Speed Boost|boost\n|-boost|p2a: Blaziken|spe|1\n|upkeep\n|turn|23\n|\n|t:|1699700383\n|move|p2a: Blaziken|Aura Sphere|p1b: Regigigas\n|-supereffective|p1b: Regigigas\n|-damage|p1b: Regigigas|0 fnt\n|faint|p1b: Regigigas\n|-end|p1b: Regigigas|Slow Start|[silent]\n|\n|win|fumbari 24\n|raw|SuperZachattacka's rating: 1217 &rarr; <strong>1200<\/strong><br \/>(-17 for losing)\n|raw|fumbari 24's rating: 1329 &rarr; <strong>1343<\/strong><br \/>(+14 for winning)\n|c|\u2606SuperZachattacka|Gg\n","uploadtime":1699700393,"views":10,"p1id":"superzachattacka","p2id":"fumbari24","formatid":"gen9nationaldexdoubles","rating":1200,"private":0,"password":""}