{"id":"gen9nationaldexdoubles-1977287804","p1":"A long name really","p2":"ablanari565","format":"[Gen 9] National Dex Doubles","log":"|j|\u2606A long name really\n|j|\u2606ablanari565\n|t:|1698399803\n|gametype|doubles\n|player|p1|A long name really|candice|1042\n|player|p2|ablanari565|brycenman|1136\n|teamsize|p1|6\n|teamsize|p2|6\n|gen|9\n|tier|[Gen 9] National Dex Doubles\n|rated|\n|rule|HP Percentage Mod: HP is shown in percentages\n|rule|Endless Battle Clause: Forcing endless battles is banned\n|rule|OHKO Clause: OHKO moves are banned\n|rule|Evasion Moves Clause: Evasion moves are banned\n|rule|Evasion Abilities Clause: Evasion abilities are banned\n|rule|Species Clause: Limit one of each Pok\u00e9mon\n|rule|Gravity Sleep Clause: The combination of sleep-inducing moves with imperfect accuracy and Gravity or Gigantamax Orbeetle are banned\n|clearpoke\n|poke|p1|Honchkrow, M|\n|poke|p1|Ribombee, M|\n|poke|p1|Luvdisc, M|\n|poke|p1|Indeedee-F, F|\n|poke|p1|Armarouge, F|\n|poke|p1|Chien-Pao|\n|poke|p2|Munkidori, M|\n|poke|p2|Ogerpon-Cornerstone, F|\n|poke|p2|Pidgeot, M|\n|poke|p2|Regieleki|\n|poke|p2|Ambipom, M|\n|poke|p2|Porygon2|\n|teampreview\n|inactive|Battle timer is ON: inactive players will automatically lose when time's up. (requested by A long name really)\n|\n|t:|1698399811\n|start\n|switch|p1a: Honchkrow|Honchkrow, M|100\/100\n|switch|p1b: Ribombee|Ribombee, M|100\/100\n|switch|p2a: Pidgeot|Pidgeot, M|100\/100\n|switch|p2b: Ambipom|Ambipom, M|100\/100\n|turn|1\n|\n|t:|1698399825\n|detailschange|p2a: Pidgeot|Pidgeot-Mega, M\n|-mega|p2a: Pidgeot|Pidgeot|Pidgeotite\n|-terastallize|p2b: Ambipom|Normal\n|move|p2b: Ambipom|Fake Out|p1a: Honchkrow\n|-damage|p1a: Honchkrow|66\/100\n|move|p1b: Ribombee|Sticky Web|p2b: Ambipom\n|-sidestart|p2: ablanari565|move: Sticky Web\n|move|p2a: Pidgeot|Heat Wave|p1a: Honchkrow|[spread] p1a,p1b\n|-supereffective|p1b: Ribombee\n|-damage|p1a: Honchkrow|31\/100\n|-damage|p1b: Ribombee|24\/100\n|cant|p1a: Honchkrow|flinch\n|\n|upkeep\n|turn|2\n|\n|t:|1698399844\n|move|p1b: Ribombee|Moonblast|p2b: Ambipom\n|-damage|p2b: Ambipom|53\/100\n|-unboost|p2b: Ambipom|spa|1\n|move|p2a: Pidgeot|Heat Wave|p1b: Ribombee|[spread] p1a,p1b\n|-supereffective|p1b: Ribombee\n|-damage|p1a: Honchkrow|0 fnt\n|-damage|p1b: Ribombee|0 fnt\n|faint|p1a: Honchkrow\n|faint|p1b: Ribombee\n|move|p2b: Ambipom|Acrobatics|p1: Honchkrow|[notarget]\n|-fail|p2b: Ambipom\n|\n|upkeep\n|\n|t:|1698399849\n|switch|p1b: Armarouge|Armarouge, F|100\/100\n|switch|p1a: Indeedee|Indeedee-F, F|100\/100\n|-fieldstart|move: Psychic Terrain|[from] ability: Psychic Surge|[of] p1a: Indeedee\n|turn|3\n|\n|t:|1698399864\n|move|p2a: Pidgeot|Hurricane|p1b: Armarouge\n|-damage|p1b: Armarouge|37\/100\n|move|p2b: Ambipom|Tail Slap|p1a: Indeedee|[miss]\n|-miss|p2b: Ambipom|p1a: Indeedee\n|move|p1a: Indeedee|Expanding Force|p2b: Ambipom|[spread] p2a,p2b\n|-damage|p2a: Pidgeot|33\/100\n|-damage|p2b: Ambipom|0 fnt\n|faint|p2b: Ambipom\n|move|p1b: Armarouge|Expanding Force|p2a: Pidgeot\n|-damage|p2a: Pidgeot|0 fnt\n|faint|p2a: Pidgeot\n|\n|upkeep\n|\n|t:|1698399880\n|switch|p2a: Porygon2|Porygon2|100\/100\n|switch|p2b: Ogerpon|Ogerpon-Cornerstone, F|100\/100\n|-activate|p2b: Ogerpon|move: Sticky Web\n|-unboost|p2b: Ogerpon|spe|1\n|-activate|p2a: Porygon2|move: Sticky Web\n|-unboost|p2a: Porygon2|spe|1\n|-ability|p2a: Porygon2|Psychic Surge|[from] ability: Trace|[of] p1a: Indeedee\n|turn|4\n|\n|t:|1698399898\n|move|p1a: Indeedee|Expanding Force|p2a: Porygon2|[spread] p2a,p2b\n|-damage|p2a: Porygon2|69\/100\n|-damage|p2b: Ogerpon|44\/100\n|move|p2b: Ogerpon|Knock Off|p1b: Armarouge\n|-supereffective|p1b: Armarouge\n|-damage|p1b: Armarouge|0 fnt\n|-enditem|p1b: Armarouge|Focus Sash|[from] move: Knock Off|[of] p2b: Ogerpon\n|faint|p1b: Armarouge\n|move|p2a: Porygon2|Signal Beam|p1a: Indeedee\n|-supereffective|p1a: Indeedee\n|-damage|p1a: Indeedee|49\/100\n|\n|-heal|p1a: Indeedee|55\/100|[from] item: Leftovers\n|upkeep\n|\n|t:|1698399903\n|switch|p1b: Luvdisc|Luvdisc, M|100\/100\n|turn|5\n|\n|t:|1698399914\n|move|p1b: Luvdisc|Heal Pulse|p1a: Indeedee\n|-heal|p1a: Indeedee|100\/100\n|move|p1a: Indeedee|Expanding Force|p2a: Porygon2|[spread] p2a,p2b\n|-damage|p2a: Porygon2|37\/100\n|-damage|p2b: Ogerpon|0 fnt\n|faint|p2b: Ogerpon\n|move|p2a: Porygon2|Signal Beam|p1a: Indeedee\n|-supereffective|p1a: Indeedee\n|-damage|p1a: Indeedee|49\/100\n|\n|-heal|p1a: Indeedee|55\/100|[from] item: Leftovers\n|upkeep\n|\n|t:|1698399925\n|switch|p2b: Munkidori|Munkidori, M|100\/100\n|-activate|p2b: Munkidori|move: Sticky Web\n|-unboost|p2b: Munkidori|spe|1\n|turn|6\n|\n|t:|1698399938\n|move|p1b: Luvdisc|Heal Pulse|p1a: Indeedee\n|-heal|p1a: Indeedee|100\/100\n|move|p1a: Indeedee|Expanding Force|p2a: Porygon2|[spread] p2a,p2b\n|-crit|p2a: Porygon2\n|-damage|p2a: Porygon2|0 fnt\n|-damage|p2b: Munkidori|38\/100\n|faint|p2a: Porygon2\n|move|p2b: Munkidori|Sludge Wave|p1a: Indeedee|[spread] p1a,p1b\n|-damage|p1a: Indeedee|45\/100\n|-damage|p1b: Luvdisc|0 fnt\n|-status|p1a: Indeedee|tox|[from] ability: Toxic Chain|[of] p2b: Munkidori\n|faint|p1b: Luvdisc\n|-damage|p2b: Munkidori|28\/100|[from] item: Life Orb\n|\n|-heal|p1a: Indeedee|51\/100 tox|[from] item: Leftovers\n|-damage|p1a: Indeedee|45\/100 tox|[from] psn\n|upkeep\n|\n|t:|1698399953\n|switch|p1b: Chien-Pao|Chien-Pao|100\/100\n|switch|p2a: Regieleki|Regieleki|100\/100\n|-activate|p2a: Regieleki|move: Sticky Web\n|-unboost|p2a: Regieleki|spe|1\n|-ability|p1b: Chien-Pao|Sword of Ruin\n|turn|7\n|\n|t:|1698399969\n|move|p2a: Regieleki|Extreme Speed|p1b: Chien-Pao\n|-activate|p1b: Chien-Pao|move: Psychic Terrain\n|move|p1b: Chien-Pao|Crunch|p2a: Regieleki\n|-damage|p2a: Regieleki|2\/100\n|move|p1a: Indeedee|Expanding Force|p2a: Regieleki|[spread] p2a,p2b\n|-damage|p2a: Regieleki|0 fnt\n|-damage|p2b: Munkidori|0 fnt\n|faint|p2a: Regieleki\n|faint|p2b: Munkidori\n|\n|win|A long name really\n|raw|A long name really's rating: 1042 &rarr; <strong>1085<\/strong><br \/>(+43 for winning)\n|raw|ablanari565's rating: 1136 &rarr; <strong>1104<\/strong><br \/>(-32 for losing)\n|c|\u2606A long name really|Gg\n","uploadtime":1698399977,"views":13,"p1id":"alongnamereally","p2id":"ablanari565","formatid":"gen9nationaldexdoubles","rating":1085,"private":0,"password":""}