{"id":"gen9nationaldexdoubles-1970886873","p1":"the maraculous","p2":"Castor Sanchez","format":"[Gen 9] National Dex Doubles","log":"|j|\u2606the maraculous\n|j|\u2606Castor Sanchez\n|t:|1697677389\n|gametype|doubles\n|player|p1|the maraculous|dragontamer|1442\n|player|p2|Castor Sanchez|pokekid|1477\n|teamsize|p1|6\n|teamsize|p2|6\n|gen|9\n|tier|[Gen 9] National Dex Doubles\n|rated|\n|rule|HP Percentage Mod: HP is shown in percentages\n|rule|Endless Battle Clause: Forcing endless battles is banned\n|rule|OHKO Clause: OHKO moves are banned\n|rule|Evasion Moves Clause: Evasion moves are banned\n|rule|Evasion Abilities Clause: Evasion abilities are banned\n|rule|Species Clause: Limit one of each Pok\u00e9mon\n|rule|Gravity Sleep Clause: The combination of sleep-inducing moves with imperfect accuracy and Gravity or Gigantamax Orbeetle are banned\n|clearpoke\n|poke|p1|Xurkitree|\n|poke|p1|Iron Valiant|\n|poke|p1|Chandelure, M|\n|poke|p1|Landorus-Therian, M|\n|poke|p1|Kartana|\n|poke|p1|Farigiraf, M|\n|poke|p2|Pelipper, F|\n|poke|p2|Swampert, F|\n|poke|p2|Thundurus, M|\n|poke|p2|Gholdengo|\n|poke|p2|Cresselia, F|\n|poke|p2|Kingambit, M|\n|teampreview\n|inactive|Battle timer is ON: inactive players will automatically lose when time's up. (requested by Castor Sanchez)\n|\n|t:|1697677405\n|start\n|switch|p1a: Landorus|Landorus-Therian, M|100\/100\n|switch|p1b: Chandelure|Chandelure, M|100\/100\n|switch|p2a: Cresselia|Cresselia, F|100\/100\n|switch|p2b: Pelipper|Pelipper, F|100\/100\n|-ability|p1a: Landorus|Intimidate|boost\n|-unboost|p2a: Cresselia|atk|1\n|-unboost|p2b: Pelipper|atk|1\n|-item|p1b: Chandelure|Air Balloon\n|-weather|RainDance|[from] ability: Drizzle|[of] p2b: Pelipper\n|turn|1\n|\n|t:|1697677422\n|move|p2a: Cresselia|Helping Hand|p2b: Pelipper\n|-singleturn|p2b: Pelipper|Helping Hand|[of] p2a: Cresselia\n|move|p1a: Landorus|Knock Off|p2b: Pelipper\n|-damage|p2b: Pelipper|59\/100\n|-enditem|p2b: Pelipper|Damp Rock|[from] move: Knock Off|[of] p1a: Landorus\n|move|p1b: Chandelure|Imprison|p1b: Chandelure\n|-start|p1b: Chandelure|move: Imprison\n|move|p2b: Pelipper|U-turn|p1b: Chandelure\n|-resisted|p1b: Chandelure\n|-damage|p1b: Chandelure|98\/100\n|-enditem|p1b: Chandelure|Air Balloon\n|\n|t:|1697677431\n|switch|p2b: Swampert|Swampert, F|100\/100|[from] U-turn\n|\n|-weather|RainDance|[upkeep]\n|upkeep\n|turn|2\n|\n|t:|1697677442\n|detailschange|p2b: Swampert|Swampert-Mega, F\n|-mega|p2b: Swampert|Swampert|Swampertite\n|move|p2a: Cresselia|Helping Hand|p2b: Swampert\n|-singleturn|p2b: Swampert|Helping Hand|[of] p2a: Cresselia\n|move|p2b: Swampert|Liquidation|p1b: Chandelure\n|-supereffective|p1b: Chandelure\n|-damage|p1b: Chandelure|0 fnt\n|faint|p1b: Chandelure\n|move|p1a: Landorus|Knock Off|p2a: Cresselia\n|-supereffective|p2a: Cresselia\n|-damage|p2a: Cresselia|43\/100\n|-enditem|p2a: Cresselia|Mental Herb|[from] move: Knock Off|[of] p1a: Landorus\n|\n|-weather|RainDance|[upkeep]\n|upkeep\n|\n|t:|1697677451\n|switch|p1b: Kartana|Kartana|100\/100\n|turn|3\n|\n|t:|1697677461\n|switch|p2a: Thundurus|Thundurus, M|100\/100\n|move|p2b: Swampert|Protect|p2b: Swampert\n|-singleturn|p2b: Swampert|Protect\n|move|p1b: Kartana|Tailwind|p1b: Kartana\n|-sidestart|p1: the maraculous|move: Tailwind\n|move|p1a: Landorus|U-turn|p2a: Thundurus\n|-resisted|p2a: Thundurus\n|-damage|p2a: Thundurus|77\/100\n|\n|t:|1697677473\n|switch|p1a: Iron Valiant|Iron Valiant|100\/100|[from] U-turn\n|\n|-weather|RainDance|[upkeep]\n|upkeep\n|turn|4\n|\n|t:|1697677487\n|switch|p2b: Kingambit|Kingambit, M|100\/100\n|move|p2a: Thundurus|Thunder Wave|p1a: Iron Valiant\n|-status|p1a: Iron Valiant|par\n|move|p1b: Kartana|Leaf Blade|p2b: Kingambit\n|-resisted|p2b: Kingambit\n|-damage|p2b: Kingambit|79\/100\n|cant|p1a: Iron Valiant|par\n|\n|-weather|RainDance|[upkeep]\n|-heal|p2b: Kingambit|85\/100|[from] item: Leftovers\n|upkeep\n|turn|5\n|\n|t:|1697677508\n|-end|p1a: Iron Valiant|Quark Drive|[silent]\n|switch|p1a: Farigiraf|Farigiraf, M|100\/100\n|move|p2b: Kingambit|Protect|p2b: Kingambit\n|-singleturn|p2b: Kingambit|Protect\n|move|p2a: Thundurus|Thunder Wave||[still]\n|cant|p1a: Farigiraf|ability: Armor Tail|Thunder Wave|[of] p2a: Thundurus\n|move|p1b: Kartana|Leaf Blade|p2a: Thundurus\n|-resisted|p2a: Thundurus\n|-damage|p2a: Thundurus|36\/100\n|\n|-weather|RainDance|[upkeep]\n|-heal|p2b: Kingambit|91\/100|[from] item: Leftovers\n|upkeep\n|turn|6\n|\n|t:|1697677523\n|move|p1b: Kartana|Sacred Sword|p2b: Kingambit\n|-supereffective|p2b: Kingambit\n|-damage|p2b: Kingambit|0 fnt\n|faint|p2b: Kingambit\n|-ability|p1b: Kartana|Beast Boost|boost\n|-boost|p1b: Kartana|atk|1\n|move|p2a: Thundurus|Wildbolt Storm|p1b: Kartana|[spread] p1a,p1b\n|-resisted|p1b: Kartana\n|-damage|p1a: Farigiraf|62\/100\n|-damage|p1b: Kartana|42\/100\n|move|p1a: Farigiraf|Hyper Voice|p2a: Thundurus\n|-damage|p2a: Thundurus|0 fnt\n|faint|p2a: Thundurus\n|\n|-weather|RainDance|[upkeep]\n|-heal|p1a: Farigiraf|68\/100|[from] item: Leftovers\n|-sideend|p1: the maraculous|move: Tailwind\n|upkeep\n|\n|t:|1697677535\n|switch|p2a: Gholdengo|Gholdengo|100\/100\n|switch|p2b: Swampert|Swampert-Mega, F|100\/100\n|turn|7\n|\n|t:|1697677542\n|move|p2b: Swampert|High Horsepower|p1b: Kartana\n|-damage|p1b: Kartana|0 fnt\n|faint|p1b: Kartana\n|move|p2a: Gholdengo|Nasty Plot|p2a: Gholdengo\n|-boost|p2a: Gholdengo|spa|2\n|move|p1a: Farigiraf|Hyper Voice|p2b: Swampert|[spread] p2b\n|-immune|p2a: Gholdengo\n|-damage|p2b: Swampert|68\/100\n|\n|-weather|RainDance|[upkeep]\n|-heal|p1a: Farigiraf|74\/100|[from] item: Leftovers\n|upkeep\n|\n|t:|1697677551\n|switch|p1b: Landorus|Landorus-Therian, M|100\/100\n|-ability|p1b: Landorus|Intimidate|boost\n|-unboost|p2a: Gholdengo|atk|1\n|-unboost|p2b: Swampert|atk|1\n|turn|8\n|\n|t:|1697677562\n|move|p2b: Swampert|Ice Punch|p1b: Landorus\n|-supereffective|p1b: Landorus\n|-damage|p1b: Landorus|2\/100\n|-zpower|p2a: Gholdengo\n|move|p2a: Gholdengo|Corkscrew Crash|p1a: Farigiraf|[zeffect]\n|-damage|p1a: Farigiraf|0 fnt\n|faint|p1a: Farigiraf\n|move|p1b: Landorus|Knock Off|p2a: Gholdengo\n|-supereffective|p2a: Gholdengo\n|-damage|p2a: Gholdengo|43\/100\n|\n|-weather|none\n|upkeep\n|\n|t:|1697677574\n|switch|p1a: Xurkitree|Xurkitree|100\/100\n|turn|9\n|\n|t:|1697677584\n|switch|p2b: Pelipper|Pelipper, F|59\/100\n|-weather|RainDance|[from] ability: Drizzle|[of] p2b: Pelipper\n|move|p2a: Gholdengo|Make It Rain|p1a: Xurkitree|[spread] p1a,p1b\n|-resisted|p1a: Xurkitree\n|-damage|p1a: Xurkitree|36\/100\n|-damage|p1b: Landorus|0 fnt\n|-unboost|p2a: Gholdengo|spa|1\n|faint|p1b: Landorus\n|move|p1a: Xurkitree|Energy Ball|p2b: Pelipper\n|-damage|p2b: Pelipper|2\/100\n|\n|-weather|RainDance|[upkeep]\n|upkeep\n|\n|t:|1697677596\n|switch|p1b: Iron Valiant|Iron Valiant|100\/100 par\n|turn|10\n|\n|t:|1697677602\n|cant|p1b: Iron Valiant|par\n|move|p2a: Gholdengo|Make It Rain|p1a: Xurkitree|[spread] p1a,p1b\n|-resisted|p1a: Xurkitree\n|-supereffective|p1b: Iron Valiant\n|-damage|p1a: Xurkitree|0 fnt\n|-damage|p1b: Iron Valiant|0 fnt\n|-unboost|p2a: Gholdengo|spa|1\n|faint|p1a: Xurkitree\n|faint|p1b: Iron Valiant\n|-end|p1b: Iron Valiant|Quark Drive|[silent]\n|\n|win|Castor Sanchez\n|raw|the maraculous's rating: 1442 &rarr; <strong>1424<\/strong><br \/>(-18 for losing)\n|raw|Castor Sanchez's rating: 1477 &rarr; <strong>1495<\/strong><br \/>(+18 for winning)\n","uploadtime":1697677606,"views":8,"p1id":"themaraculous","p2id":"castorsanchez","formatid":"gen9nationaldexdoubles","rating":1424,"private":0,"password":""}