{"id":"gen9nationaldexdoubles-1965307202","p1":"Tometozrbad","p2":"TecAVR","format":"[Gen 9] National Dex Doubles","log":"|j|\u2606Tometozrbad\n|j|\u203dTecAVR\n|t:|1697059588\n|gametype|doubles\n|player|p1|Tometozrbad|102|1084\n|player|p2|TecAVR|2|1000\n|teamsize|p1|6\n|teamsize|p2|6\n|gen|9\n|tier|[Gen 9] National Dex Doubles\n|rated|\n|rule|HP Percentage Mod: HP is shown in percentages\n|rule|Endless Battle Clause: Forcing endless battles is banned\n|rule|OHKO Clause: OHKO moves are banned\n|rule|Evasion Moves Clause: Evasion moves are banned\n|rule|Evasion Abilities Clause: Evasion abilities are banned\n|rule|Species Clause: Limit one of each Pok\u00e9mon\n|rule|Gravity Sleep Clause: The combination of sleep-inducing moves with imperfect accuracy and Gravity or Gigantamax Orbeetle are banned\n|clearpoke\n|poke|p1|Krookodile, M|\n|poke|p1|Meowscarada, F|\n|poke|p1|Flamigo, M|\n|poke|p1|Heatran, M|\n|poke|p1|Dondozo, M|\n|poke|p1|Togetic, M|\n|poke|p2|Raichu, M|\n|poke|p2|Suicune|\n|poke|p2|Heatran, M|\n|poke|p2|Golurk|\n|poke|p2|Gardevoir, M|\n|poke|p2|Dragonite, M|\n|teampreview\n|inactive|Battle timer is ON: inactive players will automatically lose when time's up. (requested by Tometozrbad)\n|\n|t:|1697059600\n|start\n|switch|p1a: Krookodile|Krookodile, M|100\/100\n|switch|p1b: Meowscarada|Meowscarada, F|100\/100\n|switch|p2a: Dragonite|Dragonite, M|100\/100\n|switch|p2b: Raichu|Raichu, M|100\/100\n|turn|1\n|\n|t:|1697059610\n|move|p1b: Meowscarada|Protect|p1b: Meowscarada\n|-singleturn|p1b: Meowscarada|Protect\n|move|p1a: Krookodile|Protect|p1a: Krookodile\n|-singleturn|p1a: Krookodile|Protect\n|move|p2b: Raichu|Fake Out|p1b: Meowscarada\n|-activate|p1b: Meowscarada|move: Protect\n|move|p2a: Dragonite|Tailwind|p2a: Dragonite\n|-sidestart|p2: TecAVR|move: Tailwind\n|\n|upkeep\n|turn|2\n|\n|t:|1697059629\n|move|p2b: Raichu|Encore|p1a: Krookodile\n|-start|p1a: Krookodile|Encore\n|move|p2a: Dragonite|Dragon Claw|p1b: Meowscarada\n|-damage|p1b: Meowscarada|44\/100\n|move|p1b: Meowscarada|Flower Trick|p1a: Krookodile\n|-supereffective|p1a: Krookodile\n|-crit|p1a: Krookodile\n|-damage|p1a: Krookodile|13\/100\n|-setboost|p1a: Krookodile|atk|6|[from] ability: Anger Point\n|-enditem|p1a: Krookodile|Salac Berry|[eat]\n|-boost|p1a: Krookodile|spe|1|[from] item: Salac Berry\n|move|p1a: Krookodile|Protect||[still]\n|-fail|p1a: Krookodile\n|\n|upkeep\n|turn|3\n|\n|t:|1697059649\n|move|p1a: Krookodile|Protect|p1a: Krookodile\n|-singleturn|p1a: Krookodile|Protect\n|move|p1b: Meowscarada|Ally Switch|p1b: Meowscarada\n|swap|p1b: Meowscarada|0|[from] move: Ally Switch\n|move|p2b: Raichu|Nuzzle|p1b: Krookodile\n|-activate|p1b: Krookodile|move: Protect\n|move|p2a: Dragonite|Dragon Claw|p1a: Meowscarada\n|-damage|p1a: Meowscarada|0 fnt\n|faint|p1a: Meowscarada\n|\n|upkeep\n|\n|t:|1697059660\n|switch|p1a: Togetic|Togetic, M|100\/100\n|turn|4\n|\n|t:|1697059678\n|move|p1b: Krookodile|Protect||[still]\n|-fail|p1b: Krookodile\n|move|p2a: Dragonite|Extreme Speed|p1a: Togetic\n|-damage|p1a: Togetic|78\/100\n|move|p1a: Togetic|Follow Me|p1a: Togetic\n|-singleturn|p1a: Togetic|move: Follow Me\n|move|p2b: Raichu|Nuzzle|p1a: Togetic\n|-supereffective|p1a: Togetic\n|-damage|p1a: Togetic|64\/100\n|-status|p1a: Togetic|par\n|\n|-end|p1b: Krookodile|Encore\n|-sideend|p2: TecAVR|move: Tailwind\n|upkeep\n|turn|5\n|\n|t:|1697059700\n|switch|p1a: Flamigo|Flamigo, M|100\/100\n|-copyboost|p1a: Flamigo|p1b: Krookodile|[from] ability: Costar\n|move|p2a: Dragonite|Extreme Speed|p1b: Krookodile\n|-damage|p1b: Krookodile|0 fnt\n|faint|p1b: Krookodile\n|move|p2b: Raichu|Volt Switch|p1a: Flamigo\n|-supereffective|p1a: Flamigo\n|-damage|p1a: Flamigo|39\/100\n|\n|t:|1697059712\n|switch|p2b: Golurk|Golurk|100\/100|[from] Volt Switch\n|\n|upkeep\n|\n|t:|1697059720\n|switch|p1b: Togetic|Togetic, M|64\/100 par\n|turn|6\n|\n|t:|1697059740\n|move|p2a: Dragonite|Extreme Speed|p1a: Flamigo\n|-damage|p1a: Flamigo|0 fnt\n|faint|p1a: Flamigo\n|cant|p1b: Togetic|par\n|move|p2b: Golurk|Stone Edge|p1b: Togetic\n|-supereffective|p1b: Togetic\n|-damage|p1b: Togetic|4\/100 par\n|\n|upkeep\n|-message|Tometozrbad forfeited.\n|\n|win|TecAVR\n|raw|Tometozrbad's rating: 1106 &rarr; <strong>1074<\/strong><br \/>(-32 for losing)\n|raw|TecAVR's rating: 1000 &rarr; <strong>1052<\/strong><br \/>(+52 for winning)\n|l|\u2606Tometozrbad\n","uploadtime":1697059756,"views":10,"p1id":"tometozrbad","p2id":"tecavr","formatid":"gen9nationaldexdoubles","rating":1052,"private":0,"password":""}