{"id":"gen9nationaldexdoubles-1957621423","p1":"sun141","p2":"dusttrustblueberry","format":"[Gen 9] National Dex Doubles","log":"|j|\u2606sun141\n|j|\u2606dusttrustblueberry\n|t:|1696246673\n|gametype|doubles\n|player|p1|sun141|giovanni|1257\n|player|p2|dusttrustblueberry|steven-masters2|1441\n|teamsize|p1|6\n|teamsize|p2|6\n|gen|9\n|tier|[Gen 9] National Dex Doubles\n|rated|\n|rule|HP Percentage Mod: HP is shown in percentages\n|rule|Endless Battle Clause: Forcing endless battles is banned\n|rule|OHKO Clause: OHKO moves are banned\n|rule|Evasion Moves Clause: Evasion moves are banned\n|rule|Evasion Abilities Clause: Evasion abilities are banned\n|rule|Species Clause: Limit one of each Pok\u00e9mon\n|rule|Gravity Sleep Clause: The combination of sleep-inducing moves with imperfect accuracy and Gravity or Gigantamax Orbeetle are banned\n|clearpoke\n|poke|p1|Rillaboom, M|\n|poke|p1|Flutter Mane|\n|poke|p1|Iron Bundle|\n|poke|p1|Incineroar, F|\n|poke|p1|Pelipper, F|\n|poke|p1|Urshifu-*, M|\n|poke|p2|Ribombee, F|\n|poke|p2|Armarouge, F|\n|poke|p2|Indeedee-F, F|\n|poke|p2|Frosmoth, F|\n|poke|p2|Amoonguss, M|\n|poke|p2|Incineroar, F|\n|teampreview\n|inactive|Battle timer is ON: inactive players will automatically lose when time's up. (requested by dusttrustblueberry)\n|\n|t:|1696246700\n|start\n|switch|p1a: Iron Bundle|Iron Bundle|100\/100\n|switch|p1b: Flutter Mane|Flutter Mane|100\/100\n|switch|p2a: Ribombee|Ribombee, F|100\/100\n|switch|p2b: Indeedee|Indeedee-F, F|100\/100\n|-fieldstart|move: Psychic Terrain|[from] ability: Psychic Surge|[of] p2b: Indeedee\n|-enditem|p1b: Flutter Mane|Booster Energy\n|-activate|p1b: Flutter Mane|ability: Protosynthesis|[fromitem]\n|-start|p1b: Flutter Mane|protosynthesisspe\n|-enditem|p1a: Iron Bundle|Booster Energy\n|-activate|p1a: Iron Bundle|ability: Quark Drive|[fromitem]\n|-start|p1a: Iron Bundle|quarkdrivespe\n|turn|1\n|\n|t:|1696246716\n|move|p2b: Indeedee|Follow Me|p2b: Indeedee\n|-singleturn|p2b: Indeedee|move: Follow Me\n|move|p1b: Flutter Mane|Dazzling Gleam|p2a: Ribombee|[spread] p2a,p2b\n|-damage|p2a: Ribombee|42\/100\n|-damage|p2b: Indeedee|79\/100\n|move|p1a: Iron Bundle|Blizzard|p2b: Indeedee|[spread] p2b\n|-miss|p1a: Iron Bundle|p2a: Ribombee\n|-damage|p2b: Indeedee|51\/100\n|move|p2a: Ribombee|Sticky Web|p1a: Iron Bundle\n|-sidestart|p1: sun141|move: Sticky Web\n|\n|upkeep\n|turn|2\n|inactive|dusttrustblueberry has 120 seconds left.\n|\n|t:|1696246757\n|move|p1b: Flutter Mane|Dazzling Gleam|p2a: Ribombee|[spread] p2a,p2b\n|-damage|p2a: Ribombee|0 fnt\n|-damage|p2b: Indeedee|28\/100\n|faint|p2a: Ribombee\n|move|p1a: Iron Bundle|Blizzard|p2b: Indeedee\n|-damage|p2b: Indeedee|0 fnt\n|faint|p2b: Indeedee\n|\n|upkeep\n|inactive|dusttrustblueberry has 90 seconds left.\n|\n|t:|1696246794\n|switch|p2a: Frosmoth|Frosmoth, F|100\/100\n|switch|p2b: Incineroar|Incineroar, F|100\/100\n|-ability|p2b: Incineroar|Intimidate|boost\n|-unboost|p1a: Iron Bundle|atk|1\n|-unboost|p1b: Flutter Mane|atk|1\n|turn|3\n|\n|t:|1696246808\n|move|p1b: Flutter Mane|Mystical Fire|p2a: Frosmoth\n|-supereffective|p2a: Frosmoth\n|-damage|p2a: Frosmoth|32\/100\n|-unboost|p2a: Frosmoth|spa|1\n|move|p1a: Iron Bundle|Hydro Pump|p2a: Frosmoth|[miss]\n|-miss|p1a: Iron Bundle|p2a: Frosmoth\n|move|p2a: Frosmoth|Quiver Dance|p2a: Frosmoth\n|-boost|p2a: Frosmoth|spa|1\n|-boost|p2a: Frosmoth|spd|1\n|-boost|p2a: Frosmoth|spe|1\n|move|p2b: Incineroar|Parting Shot|p1b: Flutter Mane\n|-unboost|p1b: Flutter Mane|atk|1\n|-unboost|p1b: Flutter Mane|spa|1\n|inactive|dusttrustblueberry has 90 seconds left.\n|\n|t:|1696246820\n|switch|p2b: Amoonguss|Amoonguss, M|100\/100|[from] Parting Shot\n|\n|-heal|p2a: Frosmoth|38\/100|[from] item: Leftovers\n|upkeep\n|turn|4\n|\n|t:|1696246835\n|switch|p2b: Incineroar|Incineroar, F|100\/100\n|-ability|p2b: Incineroar|Intimidate|boost\n|-unboost|p1a: Iron Bundle|atk|1\n|-unboost|p1b: Flutter Mane|atk|1\n|-terastallize|p2a: Frosmoth|Water\n|move|p1b: Flutter Mane|Mystical Fire|p2b: Incineroar\n|-resisted|p2b: Incineroar\n|-damage|p2b: Incineroar|93\/100\n|-unboost|p2b: Incineroar|spa|1\n|move|p1a: Iron Bundle|Blizzard|p2b: Incineroar|[spread] p2a,p2b\n|-resisted|p2a: Frosmoth\n|-resisted|p2b: Incineroar\n|-crit|p2b: Incineroar\n|-damage|p2a: Frosmoth|29\/100\n|-damage|p2b: Incineroar|67\/100\n|move|p2a: Frosmoth|Quiver Dance|p2a: Frosmoth\n|-boost|p2a: Frosmoth|spa|1\n|-boost|p2a: Frosmoth|spd|1\n|-boost|p2a: Frosmoth|spe|1\n|\n|-heal|p2a: Frosmoth|35\/100|[from] item: Leftovers\n|upkeep\n|turn|5\n|inactive|dusttrustblueberry has 120 seconds left.\n|\n|t:|1696246866\n|-end|p1b: Flutter Mane|Protosynthesis|[silent]\n|switch|p1b: Rillaboom|Rillaboom, M|100\/100\n|-activate|p1b: Rillaboom|move: Sticky Web\n|-unboost|p1b: Rillaboom|spe|1\n|-fieldstart|move: Grassy Terrain|[from] ability: Grassy Surge|[of] p1b: Rillaboom\n|move|p1a: Iron Bundle|Freeze-Dry|p2a: Frosmoth\n|-supereffective|p2a: Frosmoth\n|-damage|p2a: Frosmoth|12\/100\n|move|p2a: Frosmoth|Quiver Dance|p2a: Frosmoth\n|-boost|p2a: Frosmoth|spa|1\n|-boost|p2a: Frosmoth|spd|1\n|-boost|p2a: Frosmoth|spe|1\n|move|p2b: Incineroar|Flare Blitz|p1b: Rillaboom\n|-supereffective|p1b: Rillaboom\n|-damage|p1b: Rillaboom|8\/100\n|-damage|p2b: Incineroar|35\/100|[from] Recoil\n|\n|-heal|p2a: Frosmoth|18\/100|[from] Grassy Terrain\n|-heal|p2a: Frosmoth|24\/100|[from] item: Leftovers\n|-heal|p2b: Incineroar|42\/100|[from] Grassy Terrain\n|-heal|p1b: Rillaboom|15\/100|[from] Grassy Terrain\n|-heal|p1b: Rillaboom|21\/100|[from] item: Leftovers\n|upkeep\n|turn|6\n|\n|t:|1696246890\n|move|p2a: Frosmoth|Protect|p2a: Frosmoth\n|-singleturn|p2a: Frosmoth|Protect\n|move|p1b: Rillaboom|Grassy Glide|p2a: Frosmoth\n|-activate|p2a: Frosmoth|move: Protect\n|move|p1a: Iron Bundle|Hydro Pump|p2b: Incineroar\n|-supereffective|p2b: Incineroar\n|-damage|p2b: Incineroar|0 fnt\n|faint|p2b: Incineroar\n|\n|-heal|p2a: Frosmoth|30\/100|[from] Grassy Terrain\n|-heal|p2a: Frosmoth|36\/100|[from] item: Leftovers\n|-heal|p1b: Rillaboom|27\/100|[from] Grassy Terrain\n|-heal|p1b: Rillaboom|33\/100|[from] item: Leftovers\n|upkeep\n|\n|t:|1696246900\n|switch|p2b: Armarouge|Armarouge, F|100\/100\n|turn|7\n|\n|t:|1696246911\n|switch|p1b: Incineroar|Incineroar, F|100\/100\n|-activate|p1b: Incineroar|move: Sticky Web\n|-unboost|p1b: Incineroar|spe|1\n|-ability|p1b: Incineroar|Intimidate|boost\n|-unboost|p2a: Frosmoth|atk|1\n|-unboost|p2b: Armarouge|atk|1\n|move|p2b: Armarouge|Ally Switch|p2b: Armarouge\n|swap|p2b: Armarouge|0|[from] move: Ally Switch\n|move|p1a: Iron Bundle|Hydro Pump|p2b: Frosmoth\n|-resisted|p2b: Frosmoth\n|-damage|p2b: Frosmoth|30\/100\n|move|p2b: Frosmoth|Blizzard|p1b: Incineroar|[spread] p1a,p1b\n|-resisted|p1a: Iron Bundle\n|-crit|p1a: Iron Bundle\n|-resisted|p1b: Incineroar\n|-damage|p1a: Iron Bundle|41\/100\n|-damage|p1b: Incineroar|61\/100\n|\n|-heal|p1a: Iron Bundle|47\/100|[from] Grassy Terrain\n|-heal|p2b: Frosmoth|36\/100|[from] Grassy Terrain\n|-heal|p2b: Frosmoth|42\/100|[from] item: Leftovers\n|-heal|p1b: Incineroar|67\/100|[from] Grassy Terrain\n|-heal|p1b: Incineroar|73\/100|[from] item: Leftovers\n|upkeep\n|turn|8\n|\n|t:|1696246939\n|switch|p2a: Amoonguss|Amoonguss, M|100\/100\n|move|p1b: Incineroar|Fake Out|p2a: Amoonguss\n|-damage|p2a: Amoonguss|90\/100\n|move|p1a: Iron Bundle|Hydro Pump|p2a: Amoonguss\n|-resisted|p2a: Amoonguss\n|-damage|p2a: Amoonguss|69\/100\n|move|p2b: Frosmoth|Tera Blast|p1b: Incineroar|[anim] Tera Blast Water\n|-supereffective|p1b: Incineroar\n|-damage|p1b: Incineroar|0 fnt\n|faint|p1b: Incineroar\n|\n|-heal|p1a: Iron Bundle|53\/100|[from] Grassy Terrain\n|-heal|p2b: Frosmoth|48\/100|[from] Grassy Terrain\n|-heal|p2b: Frosmoth|54\/100|[from] item: Leftovers\n|-heal|p2a: Amoonguss|75\/100|[from] Grassy Terrain\n|upkeep\n|inactive|sun141 has 120 seconds left.\n|\n|t:|1696246954\n|switch|p1b: Rillaboom|Rillaboom, M|33\/100\n|-activate|p1b: Rillaboom|move: Sticky Web\n|-unboost|p1b: Rillaboom|spe|1\n|turn|9\n|\n|t:|1696246973\n|switch|p2a: Armarouge|Armarouge, F|100\/100\n|move|p2b: Frosmoth|Protect|p2b: Frosmoth\n|-singleturn|p2b: Frosmoth|Protect\n|move|p1b: Rillaboom|Grassy Glide|p2b: Frosmoth\n|-activate|p2b: Frosmoth|move: Protect\n|move|p1a: Iron Bundle|Blizzard|p2b: Frosmoth|[spread] p2a\n|-activate|p2b: Frosmoth|move: Protect\n|-resisted|p2a: Armarouge\n|-damage|p2a: Armarouge|80\/100\n|\n|-heal|p1a: Iron Bundle|59\/100|[from] Grassy Terrain\n|-heal|p2b: Frosmoth|60\/100|[from] Grassy Terrain\n|-heal|p2b: Frosmoth|66\/100|[from] item: Leftovers\n|-heal|p2a: Armarouge|86\/100|[from] Grassy Terrain\n|-heal|p1b: Rillaboom|39\/100|[from] Grassy Terrain\n|-heal|p1b: Rillaboom|46\/100|[from] item: Leftovers\n|-fieldend|move: Grassy Terrain\n|upkeep\n|turn|10\n|\n|t:|1696247000\n|switch|p1b: Urshifu|Urshifu-Rapid-Strike, M|100\/100\n|-activate|p1b: Urshifu|move: Sticky Web\n|-unboost|p1b: Urshifu|spe|1\n|move|p2a: Armarouge|Ally Switch|p2a: Armarouge\n|swap|p2a: Armarouge|1|[from] move: Ally Switch\n|move|p1a: Iron Bundle|Hydro Pump|p2a: Frosmoth|[miss]\n|-miss|p1a: Iron Bundle|p2a: Frosmoth\n|move|p2a: Frosmoth|Blizzard|p1b: Urshifu|[spread] p1a\n|-miss|p2a: Frosmoth|p1b: Urshifu\n|-resisted|p1a: Iron Bundle\n|-damage|p1a: Iron Bundle|18\/100\n|\n|-heal|p2a: Frosmoth|72\/100|[from] item: Leftovers\n|upkeep\n|turn|11\n|inactive|dusttrustblueberry has 120 seconds left.\n|\n|t:|1696247032\n|move|p1a: Iron Bundle|Blizzard|p2b: Armarouge|[spread] p2a\n|-miss|p1a: Iron Bundle|p2b: Armarouge\n|-resisted|p2a: Frosmoth\n|-damage|p2a: Frosmoth|67\/100\n|move|p2a: Frosmoth|Blizzard|p1a: Iron Bundle|[spread] p1a,p1b\n|-resisted|p1a: Iron Bundle\n|-resisted|p1b: Urshifu\n|-damage|p1a: Iron Bundle|0 fnt\n|-damage|p1b: Urshifu|40\/100\n|faint|p1a: Iron Bundle\n|-end|p1a: Iron Bundle|Quark Drive|[silent]\n|move|p1b: Urshifu|Surging Strikes|p2a: Frosmoth\n|-resisted|p2a: Frosmoth\n|-crit|p2a: Frosmoth\n|-damage|p2a: Frosmoth|49\/100\n|-resisted|p2a: Frosmoth\n|-crit|p2a: Frosmoth\n|-damage|p2a: Frosmoth|33\/100\n|-resisted|p2a: Frosmoth\n|-crit|p2a: Frosmoth\n|-damage|p2a: Frosmoth|16\/100\n|-hitcount|p2a: Frosmoth|3\n|move|p2b: Armarouge|Expanding Force|p1b: Urshifu\n|-supereffective|p1b: Urshifu\n|-damage|p1b: Urshifu|0 fnt\n|faint|p1b: Urshifu\n|\n|-heal|p2a: Frosmoth|22\/100|[from] item: Leftovers\n|upkeep\n|inactive|sun141 has 120 seconds left.\n|\n|t:|1696247055\n|switch|p1a: Pelipper|Pelipper, F|100\/100\n|switch|p1b: Flutter Mane|Flutter Mane|100\/100\n|-activate|p1b: Flutter Mane|move: Sticky Web\n|-unboost|p1b: Flutter Mane|spe|1\n|-weather|RainDance|[from] ability: Drizzle|[of] p1a: Pelipper\n|turn|12\n|inactive|sun141 has 120 seconds left.\n|\n|t:|1696247072\n|switch|p2b: Amoonguss|Amoonguss, M|100\/100\n|move|p2a: Frosmoth|Blizzard|p1b: Flutter Mane|[spread] p1b\n|-miss|p2a: Frosmoth|p1a: Pelipper\n|-damage|p1b: Flutter Mane|10\/100\n|move|p1b: Flutter Mane|Dazzling Gleam|p2b: Amoonguss|[spread] p2a,p2b\n|-resisted|p2b: Amoonguss\n|-crit|p2b: Amoonguss\n|-damage|p2a: Frosmoth|13\/100\n|-damage|p2b: Amoonguss|81\/100\n|move|p1a: Pelipper|Hydro Pump|p2b: Amoonguss\n|-resisted|p2b: Amoonguss\n|-damage|p2b: Amoonguss|59\/100\n|\n|-weather|RainDance|[upkeep]\n|-heal|p2a: Frosmoth|19\/100|[from] item: Leftovers\n|upkeep\n|turn|13\n|\n|t:|1696247089\n|move|p2a: Frosmoth|Blizzard|p1a: Pelipper|[spread] p1a,p1b\n|-damage|p1a: Pelipper|0 fnt\n|-damage|p1b: Flutter Mane|0 fnt\n|faint|p1a: Pelipper\n|faint|p1b: Flutter Mane\n|-end|p1b: Flutter Mane|Protosynthesis|[silent]\n|move|p2b: Amoonguss|Pollen Puff|p2a: Frosmoth\n|-heal|p2a: Frosmoth|69\/100\n|\n|-weather|RainDance|[upkeep]\n|-heal|p2a: Frosmoth|75\/100|[from] item: Leftovers\n|upkeep\n|-message|sun141 forfeited.\n|\n|win|dusttrustblueberry\n|raw|sun141's rating: 1257 &rarr; <strong>1244<\/strong><br \/>(-13 for losing)\n|raw|dusttrustblueberry's rating: 1441 &rarr; <strong>1451<\/strong><br \/>(+10 for winning)\n|l|\u2606sun141\n","uploadtime":1696247101,"views":11,"p1id":"sun141","p2id":"dusttrustblueberry","formatid":"gen9nationaldexdoubles","rating":1244,"private":0,"password":""}