{"id":"gen9nationaldexdoubles-1971829196","p1":"Marlene 420","p2":"Brick_Enjoyer_144","format":"[Gen 9] National Dex Doubles","log":"|j|\u2606Marlene 420\n|j|\u2606Brick_Enjoyer_144\n|t:|1697777845\n|gametype|doubles\n|player|p1|Marlene 420|cheryl|1116\n|player|p2|Brick_Enjoyer_144|shauntal|1126\n|teamsize|p1|6\n|teamsize|p2|6\n|gen|9\n|tier|[Gen 9] National Dex Doubles\n|rated|\n|rule|HP Percentage Mod: HP is shown in percentages\n|rule|Endless Battle Clause: Forcing endless battles is banned\n|rule|OHKO Clause: OHKO moves are banned\n|rule|Evasion Moves Clause: Evasion moves are banned\n|rule|Evasion Abilities Clause: Evasion abilities are banned\n|rule|Species Clause: Limit one of each Pok\u00e9mon\n|rule|Gravity Sleep Clause: The combination of sleep-inducing moves with imperfect accuracy and Gravity or Gigantamax Orbeetle are banned\n|clearpoke\n|poke|p1|Gardevoir, F|\n|poke|p1|Pheromosa|\n|poke|p1|Lopunny, F|\n|poke|p1|Hatterene, F|\n|poke|p1|Meloetta|\n|poke|p1|Diancie|\n|poke|p2|Espeon, F|\n|poke|p2|Gallade, M|\n|poke|p2|Illumise, F|\n|poke|p2|Urshifu-*, F|\n|poke|p2|Ogerpon-Hearthflame, F|\n|poke|p2|Heatran, F|\n|teampreview\n|inactive|Battle timer is ON: inactive players will automatically lose when time's up. (requested by Brick_Enjoyer_144)\n|\n|t:|1697777852\n|start\n|switch|p1a: Lola|Lopunny, F, shiny|100\/100\n|switch|p1b: Melody|Meloetta|100\/100\n|switch|p2a: Heatran|Heatran, F|100\/100\n|switch|p2b: Illumise|Illumise, F|100\/100\n|turn|1\n|\n|t:|1697777873\n|detailschange|p1a: Lola|Lopunny-Mega, F, shiny\n|-mega|p1a: Lola|Lopunny|Lopunnite\n|move|p1a: Lola|Fake Out|p2b: Illumise\n|-damage|p2b: Illumise|74\/100\n|cant|p2b: Illumise|flinch\n|move|p1b: Melody|Relic Song|p2b: Illumise|[spread] p2a,p2b\n|-resisted|p2a: Heatran\n|-damage|p2a: Heatran|94\/100\n|-damage|p2b: Illumise|50\/100\n|-formechange|p1b: Melody|Meloetta-Pirouette|[msg]\n|move|p2a: Heatran|Stealth Rock|p1a: Lola\n|-sidestart|p1: Marlene 420|move: Stealth Rock\n|\n|-damage|p2b: Illumise|38\/100|[from] item: Black Sludge\n|-heal|p2a: Heatran|99\/100|[from] item: Leftovers\n|upkeep\n|turn|2\n|\n|t:|1697777897\n|move|p2b: Illumise|Thunder Wave|p1a: Lola\n|-status|p1a: Lola|par\n|move|p1b: Melody|Close Combat|p2a: Heatran\n|-supereffective|p2a: Heatran\n|-damage|p2a: Heatran|0 fnt\n|-unboost|p1b: Melody|def|1\n|-unboost|p1b: Melody|spd|1\n|faint|p2a: Heatran\n|move|p1a: Lola|Fire Punch|p2b: Illumise\n|-supereffective|p2b: Illumise\n|-damage|p2b: Illumise|0 fnt\n|faint|p2b: Illumise\n|\n|upkeep\n|inactive|Brick_Enjoyer_144 has 120 seconds left.\n|\n|t:|1697777914\n|switch|p2b: Gallade|Gallade, M|100\/100\n|switch|p2a: Espeon|Espeon, F|100\/100\n|turn|3\n|\n|t:|1697777924\n|switch|p1b: Katherine|Hatterene, F|100\/100\n|-damage|p1b: Katherine|88\/100|[from] Stealth Rock\n|switch|p1a: Dianita|Diancie|100\/100\n|-damage|p1a: Dianita|88\/100|[from] Stealth Rock\n|move|p2a: Espeon|Psychic|p1a: Dianita\n|-damage|p1a: Dianita|33\/100\n|move|p2b: Gallade|Agility|p2b: Gallade\n|-boost|p2b: Gallade|spe|2\n|\n|-heal|p1a: Dianita|39\/100|[from] item: Leftovers\n|-heal|p1b: Katherine|94\/100|[from] item: Leftovers\n|upkeep\n|turn|4\n|inactive|Marlene 420 has 120 seconds left.\n|inactive|Brick_Enjoyer_144 has 120 seconds left.\n|\n|t:|1697777961\n|move|p2b: Gallade|Leaf Blade|p1b: Katherine\n|-damage|p1b: Katherine|16\/100\n|-damage|p2b: Gallade|91\/100|[from] item: Life Orb\n|move|p2a: Espeon|Psychic|p1a: Dianita\n|-damage|p1a: Dianita|0 fnt\n|faint|p1a: Dianita\n|move|p1b: Katherine|Draining Kiss|p2b: Gallade\n|-supereffective|p2b: Gallade\n|-damage|p2b: Gallade|42\/100\n|-heal|p1b: Katherine|48\/100|[from] drain|[of] p2b: Gallade\n|\n|-heal|p1b: Katherine|54\/100|[from] item: Leftovers\n|upkeep\n|\n|t:|1697777978\n|switch|p1a: Gardenia|Gardevoir, F|100\/100\n|-damage|p1a: Gardenia|88\/100|[from] Stealth Rock\n|-ability|p1a: Gardenia|Magic Bounce|[from] ability: Trace|[of] p2a: Espeon\n|turn|5\n|inactive|Marlene 420 has 120 seconds left.\n|\n|t:|1697777994\n|move|p2b: Gallade|Leaf Blade|p1b: Katherine\n|-damage|p1b: Katherine|0 fnt\n|faint|p1b: Katherine\n|-damage|p2b: Gallade|33\/100|[from] item: Life Orb\n|move|p1a: Gardenia|Moonblast|p2b: Gallade\n|-supereffective|p2b: Gallade\n|-damage|p2b: Gallade|0 fnt\n|faint|p2b: Gallade\n|move|p2a: Espeon|Psychic|p1a: Gardenia\n|-resisted|p1a: Gardenia\n|-damage|p1a: Gardenia|47\/100\n|\n|upkeep\n|\n|t:|1697778013\n|switch|p2b: Ogerpon|Ogerpon-Hearthflame, F|100\/100\n|switch|p1b: Melody|Meloetta|100\/100\n|-ability|p2b: Ogerpon|Mold Breaker\n|-damage|p1b: Melody|88\/100|[from] Stealth Rock\n|turn|6\n|\n|t:|1697778039\n|move|p1a: Gardenia|Moonblast|p2a: Espeon\n|-damage|p2a: Espeon|27\/100\n|move|p2b: Ogerpon|Ivy Cudgel|p1a: Gardenia\n|-damage|p1a: Gardenia|0 fnt\n|faint|p1a: Gardenia\n|move|p2a: Espeon|Psychic|p1b: Melody\n|-resisted|p1b: Melody\n|-damage|p1b: Melody|59\/100\n|move|p1b: Melody|Relic Song|p2a: Espeon|[spread] p2a,p2b\n|-damage|p2a: Espeon|0 fnt\n|-damage|p2b: Ogerpon|75\/100\n|faint|p2a: Espeon\n|-formechange|p1b: Melody|Meloetta-Pirouette|[msg]\n|\n|upkeep\n|\n|t:|1697778059\n|switch|p2a: Urshifu|Urshifu-Rapid-Strike, F|100\/100\n|switch|p1a: Lola|Lopunny-Mega, F, shiny|100\/100 par\n|-damage|p1a: Lola|95\/100 par|[from] Stealth Rock\n|turn|7\n|\n|t:|1697778073\n|-terastallize|p2b: Ogerpon|Fire\n|detailschange|p2b: Ogerpon|Ogerpon-Hearthflame-Tera, F, tera:Fire\n|-ability|p2b: Ogerpon|Embody Aspect (Hearthflame)|boost\n|-boost|p2b: Ogerpon|atk|1\n|cant|p1a: Lola|par\n|-zpower|p1b: Melody\n|move|p1b: Melody|Subzero Slammer|p2b: Ogerpon|[zeffect]\n|-resisted|p2b: Ogerpon\n|-damage|p2b: Ogerpon|41\/100\n|move|p2b: Ogerpon|Ivy Cudgel|p1b: Melody\n|-damage|p1b: Melody|0 fnt\n|faint|p1b: Melody\n|move|p2a: Urshifu|Surging Strikes|p1a: Lola\n|-crit|p1a: Lola\n|-damage|p1a: Lola|52\/100 par\n|-crit|p1a: Lola\n|-damage|p1a: Lola|10\/100 par\n|-crit|p1a: Lola\n|-damage|p1a: Lola|0 fnt\n|faint|p1a: Lola\n|-hitcount|p1: Lola|3\n|\n|upkeep\n|inactive|Marlene 420 has 120 seconds left.\n|\n|t:|1697778102\n|switch|p1b: Phersefone|Pheromosa, shiny|100\/100\n|-damage|p1b: Phersefone|88\/100|[from] Stealth Rock\n|turn|8\n|\n|t:|1697778121\n|move|p1b: Phersefone|High Jump Kick|p2a: Urshifu\n|-damage|p2a: Urshifu|21\/100\n|-damage|p1b: Phersefone|78\/100|[from] item: Life Orb\n|move|p2b: Ogerpon|Ivy Cudgel|p1b: Phersefone\n|-supereffective|p1b: Phersefone\n|-damage|p1b: Phersefone|0 fnt\n|faint|p1b: Phersefone\n|\n|win|Brick_Enjoyer_144\n|raw|Marlene 420's rating: 1116 &rarr; <strong>1092<\/strong><br \/>(-24 for losing)\n|raw|Brick_Enjoyer_144's rating: 1126 &rarr; <strong>1150<\/strong><br \/>(+24 for winning)\n|l|\u2606Marlene 420\n","uploadtime":1697778132,"views":12,"p1id":"marlene420","p2id":"brickenjoyer144","formatid":"gen9nationaldexdoubles","rating":1092,"private":0,"password":""}