{"id":"gen9nationaldexdoubles-1989906709","p1":"MrMewtwo11080","p2":"fubbernuckles","format":"[Gen 9] National Dex Doubles","log":"|j|\u203dMrMewtwo11080\n|j|\u203dfubbernuckles\n|t:|1699905644\n|gametype|doubles\n|player|p1|MrMewtwo11080|policeman|1064\n|player|p2|fubbernuckles|marlon|1184\n|teamsize|p1|6\n|teamsize|p2|6\n|gen|9\n|tier|[Gen 9] National Dex Doubles\n|rated|\n|rule|HP Percentage Mod: HP is shown in percentages\n|rule|Endless Battle Clause: Forcing endless battles is banned\n|rule|OHKO Clause: OHKO moves are banned\n|rule|Evasion Moves Clause: Evasion moves are banned\n|rule|Evasion Abilities Clause: Evasion abilities are banned\n|rule|Species Clause: Limit one of each Pok\u00e9mon\n|rule|Gravity Sleep Clause: The combination of sleep-inducing moves with imperfect accuracy and Gravity or Gigantamax Orbeetle are banned\n|clearpoke\n|poke|p1|Jirachi|\n|poke|p1|Hatterene, F|\n|poke|p1|Landorus-Therian, M|\n|poke|p1|Ursaluna-Bloodmoon, M|\n|poke|p1|Pelipper, M|\n|poke|p1|Maushold-Four|\n|poke|p2|Swoobat, M|\n|poke|p2|Rillaboom, M|\n|poke|p2|Corviknight, M|\n|poke|p2|Garchomp, M|\n|poke|p2|Basculegion, M|\n|poke|p2|Heatran, F|\n|teampreview\n|inactive|Battle timer is ON: inactive players will automatically lose when time's up. (requested by fubbernuckles)\n|\n|t:|1699905666\n|start\n|switch|p1a: Jirachi|Jirachi|100\/100\n|switch|p1b: Hatterene|Hatterene, F, shiny|100\/100\n|switch|p2a: Swoobat|Swoobat, M, shiny|100\/100\n|switch|p2b: Rillaboom|Rillaboom, M|100\/100\n|-fieldstart|move: Grassy Terrain|[from] ability: Grassy Surge|[of] p2b: Rillaboom\n|-enditem|p2a: Swoobat|Grassy Seed\n|-boost|p2a: Swoobat|def|2|[from] item: Grassy Seed\n|-item|p1b: Hatterene|Air Balloon\n|turn|1\n|inactive|fubbernuckles has 120 seconds left.\n|\n|t:|1699905705\n|-terastallize|p2b: Rillaboom|Grass\n|move|p1a: Jirachi|Follow Me|p1a: Jirachi\n|-singleturn|p1a: Jirachi|move: Follow Me\n|move|p2a: Swoobat|Calm Mind|p2a: Swoobat\n|-boost|p2a: Swoobat|spa|2\n|-boost|p2a: Swoobat|spd|2\n|move|p2b: Rillaboom|Wood Hammer|p1a: Jirachi\n|-resisted|p1a: Jirachi\n|-damage|p1a: Jirachi|46\/100\n|-enditem|p1a: Jirachi|Sitrus Berry|[eat]\n|-heal|p1a: Jirachi|71\/100|[from] item: Sitrus Berry\n|-damage|p2b: Rillaboom|83\/100|[from] Recoil\n|move|p1b: Hatterene|Agility|p1b: Hatterene\n|-boost|p1b: Hatterene|spe|2\n|\n|-heal|p2b: Rillaboom|89\/100|[from] Grassy Terrain\n|-heal|p1a: Jirachi|77\/100|[from] Grassy Terrain\n|upkeep\n|turn|2\n|\n|t:|1699905731\n|move|p1a: Jirachi|Follow Me|p1a: Jirachi\n|-singleturn|p1a: Jirachi|move: Follow Me\n|move|p2a: Swoobat|Air Slash|p1a: Jirachi\n|-resisted|p1a: Jirachi\n|-damage|p1a: Jirachi|57\/100\n|move|p2b: Rillaboom|Wood Hammer|p1a: Jirachi\n|-resisted|p1a: Jirachi\n|-damage|p1a: Jirachi|0 fnt\n|faint|p1a: Jirachi\n|-damage|p2b: Rillaboom|70\/100|[from] Recoil\n|move|p1b: Hatterene|Calm Mind|p1b: Hatterene\n|-boost|p1b: Hatterene|spa|1\n|-boost|p1b: Hatterene|spd|1\n|\n|-heal|p2b: Rillaboom|76\/100|[from] Grassy Terrain\n|upkeep\n|inactive|MrMewtwo11080 has 120 seconds left.\n|\n|t:|1699905744\n|switch|p1a: Maushold|Maushold-Four, shiny|100\/100\n|turn|3\n|\n|t:|1699905771\n|move|p2a: Swoobat|Air Slash|p1b: Hatterene\n|-damage|p1b: Hatterene|62\/100\n|-enditem|p1b: Hatterene|Air Balloon\n|move|p2b: Rillaboom|Wood Hammer|p1a: Maushold\n|-damage|p1a: Maushold|0 fnt\n|faint|p1a: Maushold\n|-damage|p2b: Rillaboom|48\/100|[from] Recoil\n|move|p1b: Hatterene|Calm Mind|p1b: Hatterene\n|-boost|p1b: Hatterene|spa|1\n|-boost|p1b: Hatterene|spd|1\n|\n|-heal|p2b: Rillaboom|54\/100|[from] Grassy Terrain\n|-heal|p1b: Hatterene|68\/100|[from] Grassy Terrain\n|upkeep\n|\n|t:|1699905781\n|switch|p1a: Pelipper|Pelipper, M, shiny|100\/100\n|-weather|RainDance|[from] ability: Drizzle|[of] p1a: Pelipper\n|turn|4\n|\n|t:|1699905791\n|move|p2a: Swoobat|Calm Mind|p2a: Swoobat\n|-boost|p2a: Swoobat|spa|2\n|-boost|p2a: Swoobat|spd|2\n|move|p2b: Rillaboom|Wood Hammer|p1a: Pelipper\n|-damage|p1a: Pelipper|0 fnt\n|faint|p1a: Pelipper\n|-damage|p2b: Rillaboom|29\/100|[from] Recoil\n|move|p1b: Hatterene|Calm Mind|p1b: Hatterene\n|-boost|p1b: Hatterene|spa|1\n|-boost|p1b: Hatterene|spd|1\n|\n|-weather|RainDance|[upkeep]\n|-heal|p2b: Rillaboom|35\/100|[from] Grassy Terrain\n|-heal|p1b: Hatterene|74\/100|[from] Grassy Terrain\n|upkeep\n|\n|t:|1699905798\n|switch|p1a: Landorus|Landorus-Therian, M, shiny|100\/100\n|-ability|p1a: Landorus|Intimidate|boost\n|-unboost|p2a: Swoobat|atk|2\n|-unboost|p2b: Rillaboom|atk|1\n|turn|5\n|inactive|fubbernuckles has 120 seconds left.\n|\n|t:|1699905833\n|move|p2a: Swoobat|Stored Power|p1b: Hatterene\n|-resisted|p1b: Hatterene\n|-crit|p1b: Hatterene\n|-damage|p1b: Hatterene|0 fnt\n|faint|p1b: Hatterene\n|move|p1a: Landorus|Sandsear Storm|p2b: Rillaboom|[spread] p2b\n|-immune|p2a: Swoobat\n|-resisted|p2b: Rillaboom\n|-damage|p2b: Rillaboom|20\/100\n|-status|p2b: Rillaboom|brn\n|move|p2b: Rillaboom|Wood Hammer|p1a: Landorus\n|-damage|p1a: Landorus|35\/100\n|-damage|p2b: Rillaboom|0 fnt|[from] Recoil\n|faint|p2b: Rillaboom\n|\n|-weather|RainDance|[upkeep]\n|-fieldend|move: Grassy Terrain\n|upkeep\n|\n|t:|1699905843\n|switch|p2b: Basculegion|Basculegion, M|100\/100\n|switch|p1b: Ursaluna|Ursaluna-Bloodmoon, M|100\/100\n|turn|6\n|\n|t:|1699905863\n|move|p2b: Basculegion|Wave Crash|p1b: Ursaluna\n|-supereffective|p1b: Ursaluna\n|-damage|p1b: Ursaluna|0 fnt\n|faint|p1b: Ursaluna\n|-damage|p2b: Basculegion|69\/100|[from] Recoil\n|move|p2a: Swoobat|Stored Power|p1a: Landorus\n|-damage|p1a: Landorus|0 fnt\n|faint|p1a: Landorus\n|\n|win|fubbernuckles\n|raw|MrMewtwo11080's rating: 1064 &rarr; <strong>1051<\/strong><br \/>(-13 for losing)\n|raw|fubbernuckles's rating: 1184 &rarr; <strong>1201<\/strong><br \/>(+17 for winning)\n|l|\u203dMrMewtwo11080\n","uploadtime":1699905876,"views":6,"p1id":"mrmewtwo11080","p2id":"fubbernuckles","formatid":"gen9nationaldexdoubles","rating":1051,"private":0,"password":""}