{"id":"gen9nationaldexdoubles-1984972331","p1":"the maraculous","p2":"ratpacker","format":"[Gen 9] National Dex Doubles","log":"|j|\u2606the maraculous\n|j|\u2606ratpacker\n|t:|1699316303\n|gametype|doubles\n|player|p1|the maraculous|dragontamer|1339\n|player|p2|ratpacker|twins|1624\n|teamsize|p1|6\n|teamsize|p2|6\n|gen|9\n|tier|[Gen 9] National Dex Doubles\n|rated|\n|rule|HP Percentage Mod: HP is shown in percentages\n|rule|Endless Battle Clause: Forcing endless battles is banned\n|rule|OHKO Clause: OHKO moves are banned\n|rule|Evasion Moves Clause: Evasion moves are banned\n|rule|Evasion Abilities Clause: Evasion abilities are banned\n|rule|Species Clause: Limit one of each Pok\u00e9mon\n|rule|Gravity Sleep Clause: The combination of sleep-inducing moves with imperfect accuracy and Gravity or Gigantamax Orbeetle are banned\n|clearpoke\n|poke|p1|Gallade, M|\n|poke|p1|Moltres-Galar|\n|poke|p1|Charizard, F|\n|poke|p1|Comfey, M|\n|poke|p1|Goodra-Hisui, M|\n|poke|p1|Espathra, M|\n|poke|p2|Tornadus, M|\n|poke|p2|Indeedee-F, F|\n|poke|p2|Zygarde|\n|poke|p2|Chi-Yu|\n|poke|p2|Gardevoir, F|\n|poke|p2|Urshifu-*, F|\n|teampreview\n|inactive|Battle timer is ON: inactive players will automatically lose when time's up. (requested by ratpacker)\n|\n|t:|1699316319\n|start\n|switch|p1a: Moltres|Moltres-Galar|100\/100\n|switch|p1b: Comfey|Comfey, M|100\/100\n|switch|p2a: Tornadus|Tornadus, M|100\/100\n|switch|p2b: Gardevoir|Gardevoir, F|100\/100\n|-ability|p2b: Gardevoir|Triage|[from] ability: Trace|[of] p1b: Comfey\n|turn|1\n|\n|t:|1699316332\n|detailschange|p2b: Gardevoir|Gardevoir-Mega, F\n|-mega|p2b: Gardevoir|Gardevoir|Gardevoirite\n|move|p2a: Tornadus|Tailwind|p2a: Tornadus\n|-sidestart|p2: ratpacker|move: Tailwind\n|move|p2b: Gardevoir|Hyper Voice|p1a: Moltres|[spread] p1a,p1b\n|-supereffective|p1a: Moltres\n|-damage|p1a: Moltres|9\/100\n|-damage|p1b: Comfey|29\/100\n|-ability|p1a: Moltres|Berserk|boost\n|-boost|p1a: Moltres|spa|1\n|-enditem|p1a: Moltres|Sitrus Berry|[eat]\n|-heal|p1a: Moltres|34\/100|[from] item: Sitrus Berry\n|move|p1a: Moltres|Fiery Wrath|p2b: Gardevoir|[spread] p2a,p2b\n|-crit|p2a: Tornadus\n|-damage|p2a: Tornadus|16\/100\n|-damage|p2b: Gardevoir|57\/100\n|move|p1b: Comfey|Leech Seed|p2b: Gardevoir\n|-start|p2b: Gardevoir|move: Leech Seed\n|\n|-damage|p2b: Gardevoir|45\/100|[from] Leech Seed|[of] p1b: Comfey\n|-heal|p1b: Comfey|46\/100|[silent]\n|upkeep\n|turn|2\n|\n|t:|1699316361\n|switch|p2a: Indeedee|Indeedee-F, F|100\/100\n|-fieldstart|move: Psychic Terrain|[from] ability: Psychic Surge|[of] p2a: Indeedee\n|move|p1b: Comfey|Draining Kiss|p2a: Indeedee\n|-activate|p2a: Indeedee|move: Psychic Terrain\n|move|p2b: Gardevoir|Hyper Voice|p1a: Moltres|[spread] p1a,p1b\n|-supereffective|p1a: Moltres\n|-damage|p1a: Moltres|0 fnt\n|-damage|p1b: Comfey|0 fnt\n|faint|p1a: Moltres\n|faint|p1b: Comfey\n|\n|upkeep\n|\n|t:|1699316369\n|switch|p1a: Gallade|Gallade, M|100\/100\n|switch|p1b: Espathra|Espathra, M|100\/100\n|turn|3\n|\n|t:|1699316387\n|switch|p2a: Zygarde|Zygarde|100\/100\n|-ability|p2a: Zygarde|Aura Break\n|-enditem|p2a: Zygarde|Psychic Seed\n|-boost|p2a: Zygarde|spd|1|[from] item: Psychic Seed\n|move|p1a: Gallade|Wide Guard|p1a: Gallade\n|-singleturn|p1a: Gallade|Wide Guard\n|move|p2b: Gardevoir|Hyper Voice|p1b: Espathra|[spread] \n|-activate|p1a: Gallade|move: Wide Guard\n|-activate|p1b: Espathra|move: Wide Guard\n|move|p1b: Espathra|Calm Mind|p1b: Espathra\n|-boost|p1b: Espathra|spa|1\n|-boost|p1b: Espathra|spd|1\n|\n|-damage|p2b: Gardevoir|33\/100|[from] Leech Seed|[of] p1b: Espathra\n|-ability|p1b: Espathra|Speed Boost|boost\n|-boost|p1b: Espathra|spe|1\n|upkeep\n|turn|4\n|\n|t:|1699316408\n|switch|p2b: Tornadus|Tornadus, M|16\/100\n|move|p1b: Espathra|Protect|p1b: Espathra\n|-singleturn|p1b: Espathra|Protect\n|move|p2a: Zygarde|Coil|p2a: Zygarde\n|-boost|p2a: Zygarde|atk|1\n|-boost|p2a: Zygarde|def|1\n|-boost|p2a: Zygarde|accuracy|1\n|move|p1a: Gallade|Psycho Cut|p2b: Tornadus\n|-damage|p2b: Tornadus|0 fnt\n|faint|p2b: Tornadus\n|\n|-sideend|p2: ratpacker|move: Tailwind\n|-ability|p1b: Espathra|Speed Boost|boost\n|-boost|p1b: Espathra|spe|1\n|upkeep\n|inactive|ratpacker has 120 seconds left.\n|\n|t:|1699316424\n|switch|p2b: Urshifu|Urshifu-Rapid-Strike, F|100\/100\n|turn|5\n|\n|t:|1699316434\n|move|p1b: Espathra|Dazzling Gleam|p2a: Zygarde|[spread] p2a,p2b\n|-supereffective|p2a: Zygarde\n|-supereffective|p2b: Urshifu\n|-damage|p2a: Zygarde|74\/100\n|-damage|p2b: Urshifu|29\/100\n|move|p2b: Urshifu|U-turn|p1b: Espathra\n|-supereffective|p1b: Espathra\n|-damage|p1b: Espathra|11\/100\n|\n|t:|1699316444\n|switch|p2b: Indeedee|Indeedee-F, F|100\/100|[from] U-turn\n|move|p2a: Zygarde|Thousand Arrows|p1a: Gallade|[spread] p1a,p1b\n|-damage|p1a: Gallade|38\/100\n|-damage|p1b: Espathra|0 fnt\n|faint|p1b: Espathra\n|move|p1a: Gallade|Sacred Sword|p2a: Zygarde\n|-damage|p2a: Zygarde|24\/100\n|\n|upkeep\n|\n|t:|1699316452\n|switch|p1b: Goodra|Goodra-Hisui, M|100\/100\n|turn|6\n|inactive|the maraculous has 120 seconds left.\n|\n|t:|1699316482\n|-terastallize|p1b: Goodra|Water\n|move|p2a: Zygarde|Thousand Arrows|p1b: Goodra|[spread] p1a,p1b\n|-crit|p1a: Gallade\n|-damage|p1a: Gallade|0 fnt\n|-damage|p1b: Goodra|60\/100\n|faint|p1a: Gallade\n|move|p2b: Indeedee|Psychic|p1b: Goodra\n|-damage|p1b: Goodra|41\/100\n|move|p1b: Goodra|Dragon Pulse|p2a: Zygarde\n|-supereffective|p2a: Zygarde\n|-damage|p2a: Zygarde|0 fnt\n|faint|p2a: Zygarde\n|\n|-fieldend|move: Psychic Terrain\n|upkeep\n|inactive|ratpacker has 120 seconds left.\n|\n|t:|1699316517\n|switch|p2a: Urshifu|Urshifu-Rapid-Strike, F|29\/100\n|switch|p1a: Charizard|Charizard, F|100\/100\n|turn|7\n|\n|t:|1699316526\n|detailschange|p1a: Charizard|Charizard-Mega-X, F\n|-mega|p1a: Charizard|Charizard|Charizardite X\n|move|p2a: Urshifu|Close Combat|p1b: Goodra\n|-damage|p1b: Goodra|0 fnt\n|-unboost|p2a: Urshifu|def|1\n|-unboost|p2a: Urshifu|spd|1\n|faint|p1b: Goodra\n|move|p1a: Charizard|Dragon Dance|p1a: Charizard\n|-boost|p1a: Charizard|atk|1\n|-boost|p1a: Charizard|spe|1\n|move|p2b: Indeedee|Trick Room|p2b: Indeedee\n|-fieldstart|move: Trick Room|[of] p2b: Indeedee\n|\n|upkeep\n|turn|8\n|-message|the maraculous forfeited.\n|\n|win|ratpacker\n|raw|the maraculous's rating: 1339 &rarr; <strong>1333<\/strong><br \/>(-6 for losing)\n|raw|ratpacker's rating: 1624 &rarr; <strong>1630<\/strong><br \/>(+6 for winning)\n","uploadtime":1699316538,"views":17,"p1id":"themaraculous","p2id":"ratpacker","formatid":"gen9nationaldexdoubles","rating":1333,"private":0,"password":""}