{"id":"gen9nationaldexdoubles-1998387298","p1":"coolowenna","p2":"The Ganyu","format":"[Gen 9] National Dex Doubles","log":"|j|\u2606coolowenna\n|j|\u2606The Ganyu\n|t:|1700936620\n|gametype|doubles\n|player|p1|coolowenna|hilbert-wonderlauncher|1056\n|player|p2|The Ganyu|guitarist|1088\n|teamsize|p1|6\n|teamsize|p2|6\n|gen|9\n|tier|[Gen 9] National Dex Doubles\n|rated|\n|rule|HP Percentage Mod: HP is shown in percentages\n|rule|Endless Battle Clause: Forcing endless battles is banned\n|rule|OHKO Clause: OHKO moves are banned\n|rule|Evasion Moves Clause: Evasion moves are banned\n|rule|Evasion Abilities Clause: Evasion abilities are banned\n|rule|Species Clause: Limit one of each Pok\u00e9mon\n|rule|Gravity Sleep Clause: The combination of sleep-inducing moves with imperfect accuracy and Gravity or Gigantamax Orbeetle are banned\n|clearpoke\n|poke|p1|Oricorio-Pom-Pom, F|\n|poke|p1|Volcarona, F|\n|poke|p1|Palafin, F|\n|poke|p1|Ursaluna-Bloodmoon, M|\n|poke|p1|Enamorus, F|\n|poke|p1|Klefki, F|\n|poke|p2|Ursaluna-Bloodmoon, M|\n|poke|p2|Sylveon, F|\n|poke|p2|Cyclizar, F|\n|poke|p2|Ditto|\n|poke|p2|Farigiraf, F|\n|poke|p2|Maushold-Four|\n|teampreview\n|inactive|Battle timer is ON: inactive players will automatically lose when time's up. (requested by coolowenna)\n|\n|t:|1700936634\n|start\n|switch|p1a: Klefki|Klefki, F|100\/100\n|switch|p1b: Palafin|Palafin, F|100\/100\n|switch|p2a: Sailor venus|Farigiraf, F, shiny|100\/100\n|switch|p2b: The boss|Cyclizar, F|100\/100\n|turn|1\n|\n|t:|1700936654\n|move|p1a: Klefki|Light Screen|p1a: Klefki\n|-sidestart|p1: coolowenna|move: Light Screen\n|move|p2b: The boss|Dragon Claw|p1b: Palafin\n|-damage|p1b: Palafin|63\/100\n|move|p1b: Palafin|Flip Turn|p2b: The boss\n|-resisted|p2b: The boss\n|-damage|p2b: The boss|80\/100\n|\n|t:|1700936666\n|detailschange|p1b: Palafin|Palafin-Hero, F\n|switch|p1b: Enamorus|Enamorus, F|100\/100|[from] Flip Turn\n|move|p2a: Sailor venus|Trick Room|p2a: Sailor venus\n|-fieldstart|move: Trick Room|[of] p2a: Sailor venus\n|\n|upkeep\n|turn|2\n|\n|t:|1700936685\n|switch|p2b: Sickly Anna|Ditto, shiny|100\/100\n|-transform|p2b: Sickly Anna|p1a: Klefki|[from] ability: Imposter\n|move|p1a: Klefki|Light Screen||[still]\n|-fail|p1a: Klefki\n|move|p2a: Sailor venus|Future Sight|p1b: Enamorus\n|-start|p2a: Sailor venus|move: Future Sight\n|move|p1b: Enamorus|Play Rough|p2b: Sickly Anna\n|-resisted|p2b: Sickly Anna\n|-damage|p2b: Sickly Anna|74\/100\n|-damage|p1b: Enamorus|91\/100|[from] item: Life Orb\n|\n|-heal|p2b: Sickly Anna|80\/100|[from] item: Leftovers\n|upkeep\n|turn|3\n|\n|t:|1700936711\n|move|p2b: Sickly Anna|Reflect|p2b: Sickly Anna\n|-sidestart|p2: The Ganyu|Reflect\n|move|p1a: Klefki|Spikes|p2b: Sickly Anna\n|-sidestart|p2: The Ganyu|Spikes\n|move|p2a: Sailor venus|Energy Ball|p1a: Klefki\n|-resisted|p1a: Klefki\n|-damage|p1a: Klefki|89\/100\n|move|p1b: Enamorus|Superpower|p2b: Sickly Anna\n|-damage|p2b: Sickly Anna|52\/100\n|-boost|p1b: Enamorus|atk|1\n|-boost|p1b: Enamorus|def|1\n|-damage|p1b: Enamorus|81\/100|[from] item: Life Orb\n|\n|-heal|p2b: Sickly Anna|58\/100|[from] item: Leftovers\n|upkeep\n|turn|4\n|\n|t:|1700936736\n|move|p1a: Klefki|Spikes|p2b: Sickly Anna\n|-sidestart|p2: The Ganyu|Spikes\n|move|p2b: Sickly Anna|Light Screen|p2b: Sickly Anna\n|-sidestart|p2: The Ganyu|move: Light Screen\n|move|p2a: Sailor venus|Future Sight||[still]\n|-fail|p2a: Sailor venus\n|move|p1b: Enamorus|Superpower|p2b: Sickly Anna\n|-damage|p2b: Sickly Anna|12\/100\n|-boost|p1b: Enamorus|atk|1\n|-boost|p1b: Enamorus|def|1\n|-damage|p1b: Enamorus|71\/100|[from] item: Life Orb\n|\n|-end|p1b: Enamorus|move: Future Sight\n|-damage|p1b: Enamorus|17\/100\n|-heal|p2b: Sickly Anna|18\/100|[from] item: Leftovers\n|upkeep\n|turn|5\n|inactive|coolowenna has 120 seconds left.\n|\n|t:|1700936775\n|move|p2b: Sickly Anna|Defog|p1a: Klefki\n|-unboost|p1a: Klefki|evasion|1\n|-sideend|p1: coolowenna|move: Light Screen\n|-sideend|p2: The Ganyu|Spikes|[from] move: Defog|[of] p2b: Sickly Anna\n|move|p1a: Klefki|Spikes|p2b: Sickly Anna\n|-sidestart|p2: The Ganyu|Spikes\n|move|p2a: Sailor venus|Dazzling Gleam|p1b: Enamorus|[spread] p1a,p1b\n|-resisted|p1a: Klefki\n|-damage|p1a: Klefki|76\/100\n|-damage|p1b: Enamorus|0 fnt\n|faint|p1b: Enamorus\n|\n|-heal|p2b: Sickly Anna|24\/100|[from] item: Leftovers\n|-fieldend|move: Trick Room\n|upkeep\n|\n|t:|1700936789\n|switch|p1b: Palafin|Palafin-Hero, F|63\/100\n|-activate|p1b: Palafin|ability: Zero to Hero\n|turn|6\n|\n|t:|1700936806\n|move|p1a: Klefki|Light Screen|p1a: Klefki\n|-sidestart|p1: coolowenna|move: Light Screen\n|move|p2b: Sickly Anna|Spikes|p1b: Palafin\n|-sidestart|p1: coolowenna|Spikes\n|move|p1b: Palafin|Drain Punch|p2b: Sickly Anna\n|-damage|p2b: Sickly Anna|3\/100\n|-heal|p1b: Palafin|70\/100|[from] drain|[of] p2b: Sickly Anna\n|move|p2a: Sailor venus|Trick Room|p2a: Sailor venus\n|-fieldstart|move: Trick Room|[of] p2a: Sailor venus\n|\n|-heal|p2b: Sickly Anna|9\/100|[from] item: Leftovers\n|-heal|p1b: Palafin|76\/100|[from] item: Leftovers\n|upkeep\n|turn|7\n|\n|t:|1700936831\n|move|p2b: Sickly Anna|Spikes|p1b: Palafin\n|-sidestart|p1: coolowenna|Spikes\n|move|p1a: Klefki|Defog|p2a: Sailor venus\n|-unboost|p2a: Sailor venus|evasion|1\n|-sideend|p2: The Ganyu|Reflect\n|-sideend|p2: The Ganyu|move: Light Screen\n|-sideend|p2: The Ganyu|Spikes|[from] move: Defog|[of] p1a: Klefki\n|-sideend|p1: coolowenna|Spikes|[from] move: Defog|[of] p1a: Klefki\n|move|p1b: Palafin|Jet Punch|p2b: Sickly Anna\n|-crit|p2b: Sickly Anna\n|-damage|p2b: Sickly Anna|0 fnt\n|faint|p2b: Sickly Anna\n|move|p2a: Sailor venus|Energy Ball|p1b: Palafin\n|-supereffective|p1b: Palafin\n|-damage|p1b: Palafin|39\/100\n|\n|-heal|p1b: Palafin|45\/100|[from] item: Leftovers\n|upkeep\n|inactive|The Ganyu has 120 seconds left.\n|\n|t:|1700936853\n|switch|p2b: Freddy Fasbear|Ursaluna-Bloodmoon, M|100\/100\n|turn|8\n|\n|t:|1700936871\n|switch|p1a: Ursaluna|Ursaluna-Bloodmoon, M|100\/100\n|move|p2b: Freddy Fasbear|Protect|p2b: Freddy Fasbear\n|-singleturn|p2b: Freddy Fasbear|Protect\n|move|p2a: Sailor venus|Energy Ball|p1b: Palafin\n|-supereffective|p1b: Palafin\n|-damage|p1b: Palafin|7\/100\n|-unboost|p1b: Palafin|spd|1\n|move|p1b: Palafin|Drain Punch|p2b: Freddy Fasbear\n|-activate|p2b: Freddy Fasbear|move: Protect\n|\n|-heal|p1b: Palafin|14\/100|[from] item: Leftovers\n|upkeep\n|turn|9\n|\n|t:|1700936893\n|switch|p2b: The boss|Cyclizar, F|100\/100\n|move|p1a: Ursaluna|Earth Power|p2a: Sailor venus\n|-damage|p2a: Sailor venus|66\/100\n|move|p2a: Sailor venus|Future Sight|p1b: Palafin\n|-start|p2a: Sailor venus|move: Future Sight\n|move|p1b: Palafin|Drain Punch|p2b: The boss\n|-supereffective|p2b: The boss\n|-damage|p2b: The boss|0 fnt\n|-heal|p1b: Palafin|49\/100|[from] drain|[of] p2b: The boss\n|faint|p2b: The boss\n|\n|-heal|p1b: Palafin|55\/100|[from] item: Leftovers\n|upkeep\n|inactive|The Ganyu has 120 seconds left.\n|\n|t:|1700936911\n|switch|p2b: Freddy Fasbear|Ursaluna-Bloodmoon, M|100\/100\n|turn|10\n|\n|t:|1700936921\n|move|p1a: Ursaluna|Blood Moon|p2a: Sailor venus\n|-damage|p2a: Sailor venus|9\/100\n|-enditem|p2a: Sailor venus|Starf Berry|[eat]\n|-boost|p2a: Sailor venus|spd|2|[from] item: Starf Berry\n|move|p2a: Sailor venus|Energy Ball|p1b: Palafin\n|-supereffective|p1b: Palafin\n|-damage|p1b: Palafin|0 fnt\n|faint|p1b: Palafin\n|move|p2b: Freddy Fasbear|Substitute|p2b: Freddy Fasbear\n|-start|p2b: Freddy Fasbear|Substitute\n|-damage|p2b: Freddy Fasbear|76\/100\n|\n|-fieldend|move: Trick Room\n|upkeep\n|\n|t:|1700936936\n|switch|p1b: Klefki|Klefki, F|76\/100\n|turn|11\n|\n|t:|1700936954\n|switch|p2a: Sailor Moon|Sylveon, F, shiny|100\/100\n|move|p2b: Freddy Fasbear|Protect|p2b: Freddy Fasbear\n|-singleturn|p2b: Freddy Fasbear|Protect\n|move|p1b: Klefki|Spikes|p2a: Sailor Moon\n|-sidestart|p2: The Ganyu|Spikes\n|move|p1a: Ursaluna|Earth Power|p2a: Sailor Moon\n|-damage|p2a: Sailor Moon|70\/100\n|\n|-end|p1b: Klefki|move: Future Sight\n|-resisted|p1b: Klefki\n|-damage|p1b: Klefki|51\/100\n|upkeep\n|turn|12\n|inactive|coolowenna has 120 seconds left.\n|\n|t:|1700936997\n|move|p1b: Klefki|Light Screen||[still]\n|-fail|p1b: Klefki\n|move|p2b: Freddy Fasbear|Blood Moon|p1a: Ursaluna\n|-damage|p1a: Ursaluna|39\/100\n|move|p2a: Sailor Moon|Copycat|p2a: Sailor Moon\n|move|p2a: Sailor Moon|Blood Moon|p1b: Klefki|[from]move: Copycat\n|-resisted|p1b: Klefki\n|-damage|p1b: Klefki|6\/100\n|-damage|p2a: Sailor Moon|60\/100|[from] item: Life Orb\n|move|p1a: Ursaluna|Hammer Arm|p2a: Sailor Moon\n|-resisted|p2a: Sailor Moon\n|-damage|p2a: Sailor Moon|47\/100\n|-unboost|p1a: Ursaluna|spe|1\n|\n|-heal|p1a: Ursaluna|45\/100|[from] item: Leftovers\n|upkeep\n|turn|13\n|inactive|coolowenna has 120 seconds left.\n|\n|t:|1700937026\n|move|p2a: Sailor Moon|Protect|p2a: Sailor Moon\n|-singleturn|p2a: Sailor Moon|Protect\n|move|p1b: Klefki|Reflect|p1b: Klefki\n|-sidestart|p1: coolowenna|Reflect\n|move|p2b: Freddy Fasbear|Moonblast|p1a: Ursaluna\n|-damage|p1a: Ursaluna|15\/100\n|move|p1a: Ursaluna|Blood Moon|p2a: Sailor Moon\n|-activate|p2a: Sailor Moon|move: Protect\n|\n|-heal|p1a: Ursaluna|21\/100|[from] item: Leftovers\n|-sideend|p1: coolowenna|move: Light Screen\n|upkeep\n|turn|14\n|inactive|coolowenna has 120 seconds left.\n|c|\u2606coolowenna|Oh my god not this ffs youtuber starts\n|-message|coolowenna forfeited.\n|\n|win|The Ganyu\n|raw|coolowenna's rating: 1056 &rarr; <strong>1039<\/strong><br \/>(-17 for losing)\n|raw|The Ganyu's rating: 1088 &rarr; <strong>1112<\/strong><br \/>(+24 for winning)\n|l|\u2606coolowenna\n","uploadtime":1700937136,"views":18,"p1id":"coolowenna","p2id":"theganyu","formatid":"gen9nationaldexdoubles","rating":1039,"private":0,"password":""}