{"id":"gen9nationaldexdoubles-1973242184","p1":"dravus","p2":"Golbur","format":"[Gen 9] National Dex Doubles","log":"|j|\u2606dravus\n|j|\u2606Golbur\n|t:|1697943426\n|gametype|doubles\n|player|p1|dravus|byron|1154\n|player|p2|Golbur|roxie|1083\n|teamsize|p1|6\n|teamsize|p2|6\n|gen|9\n|tier|[Gen 9] National Dex Doubles\n|rated|\n|rule|HP Percentage Mod: HP is shown in percentages\n|rule|Endless Battle Clause: Forcing endless battles is banned\n|rule|OHKO Clause: OHKO moves are banned\n|rule|Evasion Moves Clause: Evasion moves are banned\n|rule|Evasion Abilities Clause: Evasion abilities are banned\n|rule|Species Clause: Limit one of each Pok\u00e9mon\n|rule|Gravity Sleep Clause: The combination of sleep-inducing moves with imperfect accuracy and Gravity or Gigantamax Orbeetle are banned\n|clearpoke\n|poke|p1|Roserade, F|\n|poke|p1|Volcarona, M|\n|poke|p1|Oricorio-Pom-Pom, F|\n|poke|p1|Walking Wake|\n|poke|p1|Archeops, M|\n|poke|p1|Hatterene, F|\n|poke|p2|Aromatisse, F|\n|poke|p2|Stakataka|\n|poke|p2|Torterra, F|\n|poke|p2|Vivillon-Elegant, F|\n|poke|p2|Grapploct, F|\n|poke|p2|Tsareena, F|\n|teampreview\n|inactive|Battle timer is ON: inactive players will automatically lose when time's up. (requested by Golbur)\n|inactive|dravus also wants the timer to be on.\n|\n|t:|1697943435\n|start\n|switch|p1a: Volcarona|Volcarona, M|100\/100\n|switch|p1b: Oricorio|Oricorio-Pom-Pom, F, shiny|100\/100\n|switch|p2a: Aromatisse|Aromatisse, F, shiny|100\/100\n|switch|p2b: Stakataka|Stakataka|100\/100\n|turn|1\n|\n|t:|1697943454\n|move|p1a: Volcarona|Quiver Dance|p1a: Volcarona\n|-boost|p1a: Volcarona|spa|1\n|-boost|p1a: Volcarona|spd|1\n|-boost|p1a: Volcarona|spe|1\n|-activate|p1b: Oricorio|ability: Dancer\n|move|p1b: Oricorio|Quiver Dance|p1b: Oricorio|[from]ability: Dancer\n|-boost|p1b: Oricorio|spa|1\n|-boost|p1b: Oricorio|spd|1\n|-boost|p1b: Oricorio|spe|1\n|move|p1b: Oricorio|Revelation Dance|p2a: Aromatisse\n|-damage|p2a: Aromatisse|44\/100\n|move|p2a: Aromatisse|Nasty Plot|p2a: Aromatisse\n|-boost|p2a: Aromatisse|spa|2\n|-enditem|p1b: Oricorio|Mirror Herb\n|-boost|p1b: Oricorio|spa|2|[from] item: Mirror Herb\n|move|p2b: Stakataka|Trick Room|p2b: Stakataka\n|-fieldstart|move: Trick Room|[of] p2b: Stakataka\n|\n|upkeep\n|turn|2\n|inactive|Golbur has 120 seconds left.\n|\n|t:|1697943485\n|-terastallize|p1b: Oricorio|Ground\n|move|p2b: Stakataka|Gyro Ball|p1a: Volcarona\n|-resisted|p1a: Volcarona\n|-damage|p1a: Volcarona|58\/100\n|move|p2a: Aromatisse|Moonblast|p1b: Oricorio\n|-damage|p1b: Oricorio|15\/100\n|-unboost|p1b: Oricorio|spa|1\n|move|p1b: Oricorio|Revelation Dance|p2b: Stakataka\n|-supereffective|p2b: Stakataka\n|-enditem|p2b: Stakataka|Focus Sash\n|-damage|p2b: Stakataka|1\/100\n|move|p1a: Volcarona|Flamethrower|p2a: Aromatisse\n|-damage|p2a: Aromatisse|0 fnt\n|faint|p2a: Aromatisse\n|\n|upkeep\n|inactive|Golbur has 120 seconds left.\n|\n|t:|1697943495\n|switch|p2a: Tsareena|Tsareena, F|100\/100\n|-enditem|p2a: Tsareena|Room Service\n|-unboost|p2a: Tsareena|spe|1|[from] item: Room Service\n|turn|3\n|\n|t:|1697943516\n|move|p2b: Stakataka|Body Slam|p1b: Oricorio\n|-damage|p1b: Oricorio|0 fnt\n|faint|p1b: Oricorio\n|-ability|p2b: Stakataka|Beast Boost|boost\n|-boost|p2b: Stakataka|def|1\n|move|p2a: Tsareena|Acrobatics|p1a: Volcarona\n|-supereffective|p1a: Volcarona\n|-damage|p1a: Volcarona|0 fnt\n|-status|p2a: Tsareena|brn|[from] ability: Flame Body|[of] p1a: Volcarona\n|faint|p1a: Volcarona\n|\n|-damage|p2a: Tsareena|94\/100 brn|[from] brn\n|upkeep\n|c|\u2606Golbur|Bru\n|inactive|dravus has 120 seconds left.\n|\n|t:|1697943536\n|switch|p1b: Walking Wake|Walking Wake|100\/100\n|switch|p1a: Roserade|Roserade, F|100\/100\n|-enditem|p1b: Walking Wake|Booster Energy\n|-activate|p1b: Walking Wake|ability: Protosynthesis|[fromitem]\n|-start|p1b: Walking Wake|protosynthesisspe\n|turn|4\n|\n|t:|1697943557\n|move|p2b: Stakataka|Body Slam|p1b: Walking Wake\n|-damage|p1b: Walking Wake|64\/100\n|-status|p1b: Walking Wake|par\n|move|p2a: Tsareena|Trop Kick|p1b: Walking Wake\n|-damage|p1b: Walking Wake|46\/100 par\n|-unboost|p1b: Walking Wake|atk|1\n|move|p1a: Roserade|Venoshock|p2a: Tsareena\n|-supereffective|p2a: Tsareena\n|-damage|p2a: Tsareena|27\/100 brn\n|move|p1b: Walking Wake|Hydro Steam|p2b: Stakataka\n|-supereffective|p2b: Stakataka\n|-damage|p2b: Stakataka|0 fnt\n|faint|p2b: Stakataka\n|\n|-damage|p2a: Tsareena|21\/100 brn|[from] brn\n|upkeep\n|inactive|Golbur has 120 seconds left.\n|\n|t:|1697943574\n|switch|p2b: Torterra|Torterra, F|100\/100\n|turn|5\n|\n|t:|1697943583\n|move|p2a: Tsareena|Acrobatics|p1a: Roserade\n|-supereffective|p1a: Roserade\n|-damage|p1a: Roserade|35\/100\n|move|p2b: Torterra|Light Screen|p2b: Torterra\n|-sidestart|p2: Golbur|move: Light Screen\n|move|p1a: Roserade|Venoshock|p2a: Tsareena\n|-supereffective|p2a: Tsareena\n|-damage|p2a: Tsareena|0 fnt\n|faint|p2a: Tsareena\n|move|p1b: Walking Wake|Flamethrower|p2b: Torterra\n|-supereffective|p2b: Torterra\n|-damage|p2b: Torterra|67\/100\n|\n|-fieldend|move: Trick Room\n|upkeep\n|\n|t:|1697943595\n|switch|p2a: Grapploct|Grapploct, F|100\/100\n|turn|6\n|\n|t:|1697943608\n|move|p1b: Walking Wake|Flamethrower|p2b: Torterra\n|-supereffective|p2b: Torterra\n|-damage|p2b: Torterra|34\/100\n|-status|p2b: Torterra|brn\n|move|p1a: Roserade|Venoshock|p2b: Torterra\n|-damage|p2b: Torterra|15\/100 brn\n|move|p2b: Torterra|Body Slam|p1a: Roserade\n|-damage|p1a: Roserade|19\/100\n|-status|p1a: Roserade|par\n|move|p2a: Grapploct|Ice Punch|p1b: Walking Wake\n|-damage|p1b: Walking Wake|16\/100 par\n|\n|-damage|p2b: Torterra|9\/100 brn|[from] brn\n|upkeep\n|turn|7\n|\n|t:|1697943627\n|move|p1b: Walking Wake|Flamethrower|p2b: Torterra\n|-supereffective|p2b: Torterra\n|-damage|p2b: Torterra|0 fnt\n|faint|p2b: Torterra\n|move|p2a: Grapploct|Ice Punch|p1b: Walking Wake\n|-damage|p1b: Walking Wake|0 fnt\n|faint|p1b: Walking Wake\n|-end|p1b: Walking Wake|Protosynthesis|[silent]\n|move|p1a: Roserade|Giga Drain|p2a: Grapploct\n|-damage|p2a: Grapploct|75\/100\n|-heal|p1a: Roserade|41\/100 par|[from] drain|[of] p2a: Grapploct\n|\n|-heal|p2a: Grapploct|81\/100|[from] item: Leftovers\n|upkeep\n|\n|t:|1697943640\n|switch|p1b: Archeops|Archeops, M|100\/100\n|switch|p2b: Vivillon|Vivillon-Elegant, F|100\/100\n|turn|8\n|\n|t:|1697943647\n|-terastallize|p2b: Vivillon|Fairy\n|move|p1b: Archeops|Rock Slide|p2b: Vivillon|[spread] p2a,p2b\n|-resisted|p2a: Grapploct\n|-damage|p2a: Grapploct|65\/100\n|-damage|p2b: Vivillon|60\/100\n|move|p2b: Vivillon|Sleep Powder|p1b: Archeops\n|-status|p1b: Archeops|slp|[from] move: Sleep Powder\n|cant|p2a: Grapploct|flinch\n|cant|p1a: Roserade|par\n|\n|-heal|p2a: Grapploct|71\/100|[from] item: Leftovers\n|upkeep\n|turn|9\n|\n|t:|1697943672\n|cant|p1b: Archeops|slp\n|move|p2b: Vivillon|Hurricane|p1a: Roserade\n|-supereffective|p1a: Roserade\n|-damage|p1a: Roserade|0 fnt\n|faint|p1a: Roserade\n|move|p2a: Grapploct|Ice Punch|p1b: Archeops\n|-supereffective|p1b: Archeops\n|-crit|p1b: Archeops\n|-damage|p1b: Archeops|0 fnt\n|faint|p1b: Archeops\n|\n|-heal|p2a: Grapploct|77\/100|[from] item: Leftovers\n|upkeep\n|\n|t:|1697943684\n|switch|p1b: Hatterene|Hatterene, F, shiny|100\/100\n|turn|10\n|\n|t:|1697943701\n|move|p2b: Vivillon|Draining Kiss|p1b: Hatterene\n|-damage|p1b: Hatterene|75\/100\n|-heal|p2b: Vivillon|80\/100|[from] drain|[of] p1b: Hatterene\n|move|p2a: Grapploct|Octolock|p1b: Hatterene\n|-start|p1b: Hatterene|move: Octolock|[of] p2a: Grapploct\n|move|p1b: Hatterene|Psyshock|p2a: Grapploct\n|-supereffective|p2a: Grapploct\n|-damage|p2a: Grapploct|29\/100\n|\n|-heal|p2a: Grapploct|35\/100|[from] item: Leftovers\n|-unboost|p1b: Hatterene|def|1\n|-unboost|p1b: Hatterene|spd|1\n|upkeep\n|turn|11\n|\n|t:|1697943725\n|move|p2b: Vivillon|Pollen Puff|p2a: Grapploct\n|-heal|p2a: Grapploct|85\/100\n|move|p2a: Grapploct|Ice Punch|p1b: Hatterene\n|-damage|p1b: Hatterene|44\/100\n|move|p1b: Hatterene|Draining Kiss|p2a: Grapploct\n|-supereffective|p2a: Grapploct\n|-damage|p2a: Grapploct|51\/100\n|-heal|p1b: Hatterene|73\/100|[from] drain|[of] p2a: Grapploct\n|\n|-heal|p2a: Grapploct|57\/100|[from] item: Leftovers\n|-unboost|p1b: Hatterene|def|1\n|-unboost|p1b: Hatterene|spd|1\n|upkeep\n|turn|12\n|\n|t:|1697943741\n|move|p2b: Vivillon|Pollen Puff|p2a: Grapploct\n|-heal|p2a: Grapploct|100\/100\n|move|p2a: Grapploct|Ice Punch|p1b: Hatterene\n|-damage|p1b: Hatterene|30\/100\n|move|p1b: Hatterene|Psyshock|p2b: Vivillon\n|-damage|p2b: Vivillon|52\/100\n|\n|-unboost|p1b: Hatterene|def|1\n|-unboost|p1b: Hatterene|spd|1\n|-sideend|p2: Golbur|move: Light Screen\n|upkeep\n|turn|13\n|-message|dravus forfeited.\n|\n|win|Golbur\n|raw|dravus's rating: 1154 &rarr; <strong>1124<\/strong><br \/>(-30 for losing)\n|raw|Golbur's rating: 1083 &rarr; <strong>1116<\/strong><br \/>(+33 for winning)\n|l|\u2606dravus\n","uploadtime":1697943755,"views":10,"p1id":"dravus","p2id":"golbur","formatid":"gen9nationaldexdoubles","rating":1116,"private":0,"password":""}