{"id":"gen9nationaldexdoubles-1962166634","p1":"cornpopbad","p2":"Kin+ak (\u2727\u2207\u2727)","format":"[Gen 9] National Dex Doubles","log":"|j|\u2606cornpopbad\n|j|\u2606Kin+ak (\u2727\u2207\u2727)\n|t:|1696713770\n|gametype|doubles\n|player|p1|cornpopbad|nate|\n|player|p2|Kin+ak (\u2727\u2207\u2727)|wally|\n|teamsize|p1|6\n|teamsize|p2|6\n|gen|9\n|tier|[Gen 9] National Dex Doubles\n|rated|Tournament battle\n|rule|HP Percentage Mod: HP is shown in percentages\n|rule|Endless Battle Clause: Forcing endless battles is banned\n|rule|OHKO Clause: OHKO moves are banned\n|rule|Evasion Moves Clause: Evasion moves are banned\n|rule|Evasion Abilities Clause: Evasion abilities are banned\n|rule|Species Clause: Limit one of each Pok\u00e9mon\n|rule|Gravity Sleep Clause: The combination of sleep-inducing moves with imperfect accuracy and Gravity or Gigantamax Orbeetle are banned\n|clearpoke\n|poke|p1|Metagross|\n|poke|p1|Flutter Mane|\n|poke|p1|Rillaboom, M|\n|poke|p1|Volcanion|\n|poke|p1|Kingambit, F|\n|poke|p1|Tornadus, M|\n|poke|p2|Charizard, F|\n|poke|p2|Chi-Yu|\n|poke|p2|Flutter Mane|\n|poke|p2|Ogerpon-Hearthflame, F|\n|poke|p2|Rillaboom, F|\n|poke|p2|Walking Wake|\n|teampreview\n|inactive|Battle timer is ON: inactive players will automatically lose when time's up. (requested by cornpopbad)\n|j| TMony99\n|\n|t:|1696713789\n|start\n|switch|p1a: Rillaboom|Rillaboom, M|100\/100\n|switch|p1b: Tornadus|Tornadus, M|100\/100\n|switch|p2a: Rillaboom|Rillaboom, F|100\/100\n|switch|p2b: Ogerpon|Ogerpon-Hearthflame, F|100\/100\n|-ability|p2b: Ogerpon|Mold Breaker\n|-fieldstart|move: Grassy Terrain|[from] ability: Grassy Surge|[of] p2a: Rillaboom\n|turn|1\n|inactive|cornpopbad has 120 seconds left.\n|\n|t:|1696713827\n|move|p2a: Rillaboom|Fake Out|p1b: Tornadus\n|-damage|p1b: Tornadus|78\/100\n|move|p1a: Rillaboom|Fake Out|p2a: Rillaboom\n|-damage|p2a: Rillaboom|88\/100\n|cant|p1b: Tornadus|flinch\n|move|p2b: Ogerpon|Swords Dance|p2b: Ogerpon\n|-boost|p2b: Ogerpon|atk|2\n|\n|-heal|p2a: Rillaboom|94\/100|[from] Grassy Terrain\n|upkeep\n|turn|2\n|inactive|cornpopbad has 120 seconds left.\n|inactive|Kin+ak (\u2727\u2207\u2727) has 120 seconds left.\n|\n|t:|1696713865\n|-terastallize|p1a: Rillaboom|Rock\n|move|p1b: Tornadus|Tailwind|p1b: Tornadus\n|-sidestart|p1: cornpopbad|move: Tailwind\n|move|p1a: Rillaboom|Tera Blast|p2b: Ogerpon|[anim] Tera Blast Rock\n|-supereffective|p2b: Ogerpon\n|-damage|p2b: Ogerpon|0 fnt\n|faint|p2b: Ogerpon\n|move|p2a: Rillaboom|Wood Hammer|p1b: Tornadus\n|-resisted|p1b: Tornadus\n|-damage|p1b: Tornadus|20\/100\n|-damage|p2a: Rillaboom|79\/100|[from] Recoil\n|\n|-heal|p2a: Rillaboom|85\/100|[from] Grassy Terrain\n|upkeep\n|inactive|Kin+ak (\u2727\u2207\u2727) has 120 seconds left.\n|\n|t:|1696713879\n|switch|p2b: Walking Wake|Walking Wake|100\/100\n|turn|3\n|\n|t:|1696713891\n|switch|p1a: Volcanion|Volcanion|100\/100\n|move|p2a: Rillaboom|Grassy Glide|p1a: Volcanion\n|-damage|p1a: Volcanion|68\/100\n|-zpower|p1b: Tornadus\n|move|p1b: Tornadus|Supersonic Skystrike|p2a: Rillaboom|[zeffect]\n|-supereffective|p2a: Rillaboom\n|-damage|p2a: Rillaboom|0 fnt\n|faint|p2a: Rillaboom\n|move|p2b: Walking Wake|Hydro Steam|p1b: Tornadus\n|-damage|p1b: Tornadus|0 fnt\n|faint|p1b: Tornadus\n|\n|-heal|p1a: Volcanion|74\/100|[from] Grassy Terrain\n|upkeep\n|c|\u2606Kin+ak (\u2727\u2207\u2727)|Guata...\n|\n|t:|1696713913\n|switch|p1b: Flutter Mane|Flutter Mane|100\/100\n|switch|p2a: Flutter Mane|Flutter Mane|100\/100\n|turn|4\n|c|\u2606Kin+ak (\u2727\u2207\u2727)|That Rock Tera was so random\n|\n|t:|1696713929\n|-end|p2b: Walking Wake|Protosynthesis|[silent]\n|switch|p2b: Charizard|Charizard, F|100\/100\n|move|p1b: Flutter Mane|Dazzling Gleam|p2a: Flutter Mane|[spread] p2a,p2b\n|-resisted|p2b: Charizard\n|-damage|p2a: Flutter Mane|49\/100\n|-damage|p2b: Charizard|70\/100\n|move|p2a: Flutter Mane|Mystical Fire|p1a: Volcanion\n|-resisted|p1a: Volcanion\n|-damage|p1a: Volcanion|69\/100\n|-unboost|p1a: Volcanion|spa|1\n|-damage|p2a: Flutter Mane|39\/100|[from] item: Life Orb\n|move|p1a: Volcanion|Steam Eruption|p2a: Flutter Mane|[miss]\n|-miss|p1a: Volcanion|p2a: Flutter Mane\n|\n|-heal|p2a: Flutter Mane|45\/100|[from] Grassy Terrain\n|-heal|p1a: Volcanion|75\/100|[from] Grassy Terrain\n|upkeep\n|turn|5\n|c|\u2606cornpopbad|it's actually one the best teras on rilla\n|c|\u2606cornpopbad|for this meta\n|\n|t:|1696713955\n|-end|p2a: Flutter Mane|Protosynthesis|[silent]\n|switch|p2a: Chi-Yu|Chi-Yu|100\/100\n|-ability|p2a: Chi-Yu|Beads of Ruin\n|switch|p1a: Rillaboom|Rillaboom, M, tera:Rock|100\/100\n|detailschange|p2b: Charizard|Charizard-Mega-Y, F\n|-mega|p2b: Charizard|Charizard|Charizardite Y\n|-weather|SunnyDay|[from] ability: Drought|[of] p2b: Charizard\n|-activate|p1b: Flutter Mane|ability: Protosynthesis\n|-start|p1b: Flutter Mane|protosynthesisspe\n|move|p2b: Charizard|Protect|p2b: Charizard\n|-singleturn|p2b: Charizard|Protect\n|move|p1b: Flutter Mane|Dazzling Gleam|p2b: Charizard|[spread] p2a\n|-activate|p2b: Charizard|move: Protect\n|-damage|p2a: Chi-Yu|41\/100\n|\n|-weather|SunnyDay|[upkeep]\n|-heal|p2a: Chi-Yu|47\/100|[from] Grassy Terrain\n|-sideend|p1: cornpopbad|move: Tailwind\n|-fieldend|move: Grassy Terrain\n|upkeep\n|turn|6\n|\n|t:|1696713976\n|move|p1a: Rillaboom|Fake Out|p2b: Charizard\n|-damage|p2b: Charizard|51\/100\n|move|p1b: Flutter Mane|Dazzling Gleam|p2b: Charizard|[spread] p2a,p2b\n|-resisted|p2b: Charizard\n|-damage|p2a: Chi-Yu|0 fnt\n|-damage|p2b: Charizard|17\/100\n|faint|p2a: Chi-Yu\n|cant|p2b: Charizard|flinch\n|\n|-weather|SunnyDay|[upkeep]\n|upkeep\n|\n|t:|1696713984\n|switch|p2a: Walking Wake|Walking Wake|100\/100\n|-activate|p2a: Walking Wake|ability: Protosynthesis\n|-start|p2a: Walking Wake|protosynthesisspe\n|turn|7\n|\n|t:|1696713994\n|-terastallize|p2a: Walking Wake|Fire\n|move|p2b: Charizard|Protect|p2b: Charizard\n|-singleturn|p2b: Charizard|Protect\n|move|p1b: Flutter Mane|Dazzling Gleam|p2a: Walking Wake|[spread] p2a\n|-activate|p2b: Charizard|move: Protect\n|-resisted|p2a: Walking Wake\n|-damage|p2a: Walking Wake|70\/100\n|move|p2a: Walking Wake|Hydro Steam|p1a: Rillaboom\n|-supereffective|p1a: Rillaboom\n|-damage|p1a: Rillaboom|0 fnt\n|faint|p1a: Rillaboom\n|\n|-weather|SunnyDay|[upkeep]\n|upkeep\n|\n|t:|1696714006\n|switch|p1a: Kingambit|Kingambit, F|100\/100\n|turn|8\n|\n|t:|1696714011\n|move|p1a: Kingambit|Sucker Punch|p2a: Walking Wake\n|-damage|p2a: Walking Wake|24\/100\n|move|p1b: Flutter Mane|Dazzling Gleam|p2a: Walking Wake|[spread] p2a,p2b\n|-resisted|p2a: Walking Wake\n|-resisted|p2b: Charizard\n|-damage|p2a: Walking Wake|0 fnt\n|-damage|p2b: Charizard|0 fnt\n|faint|p2a: Walking Wake\n|-end|p2a: Walking Wake|Protosynthesis|[silent]\n|faint|p2b: Charizard\n|\n|-weather|SunnyDay|[upkeep]\n|upkeep\n|\n|t:|1696714015\n|switch|p2b: Flutter Mane|Flutter Mane|45\/100\n|-activate|p2b: Flutter Mane|ability: Protosynthesis\n|-start|p2b: Flutter Mane|protosynthesisspe\n|turn|9\n|\n|t:|1696714024\n|move|p1a: Kingambit|Sucker Punch|p2b: Flutter Mane\n|-damage|p2b: Flutter Mane|0 fnt\n|faint|p2b: Flutter Mane\n|-end|p2b: Flutter Mane|Protosynthesis|[silent]\n|\n|win|cornpopbad\n|n|\u2606cornpopbad|cornpopbad\n|n|\u2606Kin+ak (\u2727\u2207\u2727)|kinak\n|n| TMony99|tmony99\n","uploadtime":1696714025,"views":16,"p1id":"cornpopbad","p2id":"kinak","formatid":"gen9nationaldexdoubles","rating":0,"private":0,"password":""}