{"id":"gen9nationaldexdoubles-1958148858","p1":"ULTRA Nights","p2":"Lejix","format":"[Gen 9] National Dex Doubles","log":"|j|\u2606ULTRA Nights\n|j|\u2606Lejix\n|t:|1696292524\n|gametype|doubles\n|player|p1|ULTRA Nights|169|\n|player|p2|Lejix|hugh|\n|teamsize|p1|6\n|teamsize|p2|6\n|gen|9\n|tier|[Gen 9] National Dex Doubles\n|rule|HP Percentage Mod: HP is shown in percentages\n|rule|Endless Battle Clause: Forcing endless battles is banned\n|rule|OHKO Clause: OHKO moves are banned\n|rule|Evasion Moves Clause: Evasion moves are banned\n|rule|Evasion Abilities Clause: Evasion abilities are banned\n|rule|Species Clause: Limit one of each Pok\u00e9mon\n|rule|Gravity Sleep Clause: The combination of sleep-inducing moves with imperfect accuracy and Gravity or Gigantamax Orbeetle are banned\n|clearpoke\n|poke|p1|Zangoose, M|\n|poke|p1|Honchkrow, M|\n|poke|p1|Dragonite, F|\n|poke|p1|Zoroark-Hisui, F|\n|poke|p1|Klefki, M|\n|poke|p1|Ceruledge, F|\n|poke|p2|Carbink|\n|poke|p2|Gholdengo|\n|poke|p2|Scream Tail|\n|poke|p2|Cinderace, M|\n|poke|p2|Goodra-Hisui, M|\n|poke|p2|Muk, F|\n|teampreview\n|j| Dooooooooooooood\n|\n|t:|1696292600\n|start\n|switch|p1a: FRIENDSHIP|Zangoose, M, shiny|100\/100\n|switch|p1b: WINS|Honchkrow, M, shiny|100\/100\n|switch|p2a: Scream Tail|Scream Tail|100\/100\n|switch|p2b: Goodra|Goodra-Hisui, M|100\/100\n|turn|1\n|j| Aesthetic Chills\n|\n|t:|1696292646\n|move|p2a: Scream Tail|Thunder Wave|p1a: FRIENDSHIP\n|-status|p1a: FRIENDSHIP|par\n|move|p1b: WINS|Toxic||[still]\n|-fail|p1b: WINS\n|move|p2b: Goodra|Acid Armor|p2b: Goodra\n|-boost|p2b: Goodra|def|2\n|cant|p1a: FRIENDSHIP|par\n|\n|upkeep\n|turn|2\n|\n|t:|1696292744\n|move|p2a: Scream Tail|Dazzling Gleam|p1a: FRIENDSHIP|[spread] p1a,p1b\n|-supereffective|p1b: WINS\n|-damage|p1a: FRIENDSHIP|79\/100 par\n|-damage|p1b: WINS|52\/100\n|move|p1b: WINS|U-turn|p2a: Scream Tail\n|-damage|p2a: Scream Tail|79\/100\n|\n|t:|1696292752\n|switch|p1b: Klefki|Klefki, M|100\/100|[from] U-turn\n|move|p2b: Goodra|Body Press|p1a: FRIENDSHIP\n|-supereffective|p1a: FRIENDSHIP\n|-damage|p1a: FRIENDSHIP|0 fnt\n|faint|p1a: FRIENDSHIP\n|\n|-heal|p2a: Scream Tail|85\/100|[from] item: Leftovers\n|upkeep\n|\n|t:|1696292793\n|switch|p1a: or not|Ceruledge, F|100\/100\n|turn|3\n|\n|t:|1696292844\n|move|p1b: Klefki|Reflect|p1b: Klefki\n|-sidestart|p1: ULTRA Nights|Reflect\n|move|p2a: Scream Tail|Thunder Wave|p1a: or not\n|-status|p1a: or not|par\n|move|p1a: or not|Swords Dance|p1a: or not\n|-boost|p1a: or not|atk|2\n|move|p2b: Goodra|Body Press|p1b: Klefki\n|-damage|p1b: Klefki|70\/100\n|\n|-heal|p2a: Scream Tail|91\/100|[from] item: Leftovers\n|-heal|p1b: Klefki|76\/100|[from] item: Leftovers\n|upkeep\n|turn|4\n|\n|t:|1696292877\n|move|p1b: Klefki|Thunder Wave|p2b: Goodra\n|-status|p2b: Goodra|par\n|move|p2a: Scream Tail|Fake Tears|p1a: or not\n|-unboost|p1a: or not|spd|2\n|move|p1a: or not|Bitter Blade|p2a: Scream Tail\n|-damage|p2a: Scream Tail|18\/100\n|move|p2b: Goodra|Dragon Pulse|p1a: or not\n|-damage|p1a: or not|9\/100 par\n|\n|-heal|p2a: Scream Tail|25\/100|[from] item: Leftovers\n|-heal|p1b: Klefki|82\/100|[from] item: Leftovers\n|upkeep\n|turn|5\n|\n|t:|1696292910\n|move|p1b: Klefki|Spikes|p2a: Scream Tail\n|-sidestart|p2: Lejix|Spikes\n|move|p1a: or not|Shadow Sneak|p2a: Scream Tail\n|-supereffective|p2a: Scream Tail\n|-damage|p2a: Scream Tail|0 fnt\n|faint|p2a: Scream Tail\n|-end|p2a: Scream Tail|Protosynthesis|[silent]\n|move|p2b: Goodra|Acid Armor|p2b: Goodra\n|-boost|p2b: Goodra|def|2\n|\n|-heal|p1b: Klefki|88\/100|[from] item: Leftovers\n|upkeep\n|\n|t:|1696292945\n|switch|p2a: Carbink|Carbink|100\/100\n|-damage|p2a: Carbink|88\/100|[from] Spikes\n|turn|6\n|\n|t:|1696292974\n|move|p1b: Klefki|Thunder Wave|p2a: Carbink|[miss]\n|-miss|p1b: Klefki|p2a: Carbink\n|cant|p1a: or not|par\n|move|p2b: Goodra|Dragon Pulse|p1a: or not\n|-damage|p1a: or not|0 fnt\n|faint|p1a: or not\n|move|p2a: Carbink|Trick Room|p2a: Carbink\n|-fieldstart|move: Trick Room|[of] p2a: Carbink\n|\n|-heal|p1b: Klefki|94\/100|[from] item: Leftovers\n|upkeep\n|\n|t:|1696293085\n|switch|p1a: WINS|Honchkrow, M, shiny|52\/100\n|turn|7\n|\n|t:|1696293209\n|cant|p2b: Goodra|par\n|move|p2a: Carbink|Stealth Rock|p1a: WINS\n|-sidestart|p1: ULTRA Nights|move: Stealth Rock\n|move|p1b: Klefki|Foul Play|p2a: Carbink\n|-resisted|p2a: Carbink\n|-damage|p2a: Carbink|85\/100\n|-damage|p1b: Klefki|77\/100|[from] item: Rocky Helmet|[of] p2a: Carbink\n|move|p1a: WINS|Brave Bird|p2a: Carbink\n|-resisted|p2a: Carbink\n|-damage|p2a: Carbink|63\/100\n|-damage|p1a: WINS|36\/100|[from] item: Rocky Helmet|[of] p2a: Carbink\n|-damage|p1a: WINS|30\/100|[from] Recoil\n|\n|-heal|p1b: Klefki|83\/100|[from] item: Leftovers\n|-sideend|p1: ULTRA Nights|Reflect\n|upkeep\n|turn|8\n|\n|t:|1696293259\n|move|p2b: Goodra|Dragon Pulse|p1a: WINS\n|-damage|p1a: WINS|0 fnt\n|faint|p1a: WINS\n|move|p2a: Carbink|Body Press|p1b: Klefki\n|-damage|p1b: Klefki|49\/100\n|move|p1b: Klefki|Foul Play|p2b: Goodra\n|-damage|p2b: Goodra|94\/100 par\n|\n|-heal|p2b: Goodra|99\/100 par|[from] item: Leftovers\n|-heal|p1b: Klefki|55\/100|[from] item: Leftovers\n|upkeep\n|\n|t:|1696293339\n|switch|p1a: Dragonite|Dragonite, F|100\/100\n|turn|9\n|\n|t:|1696293356\n|move|p1b: Klefki|Thunder Wave|p2a: Carbink\n|-status|p2a: Carbink|par\n|cant|p2a: Carbink|par\n|move|p2b: Goodra|Ice Beam|p1a: Dragonite\n|-supereffective|p1a: Dragonite\n|-damage|p1a: Dragonite|49\/100\n|move|p1a: Dragonite|Earthquake|p2a: Carbink|[spread] p1b,p2a,p2b\n|-supereffective|p1b: Klefki\n|-supereffective|p2a: Carbink\n|-supereffective|p2b: Goodra\n|-damage|p1b: Klefki|0 fnt\n|-damage|p2a: Carbink|28\/100 par\n|-damage|p2b: Goodra|83\/100 par\n|faint|p1b: Klefki\n|\n|-heal|p2b: Goodra|89\/100 par|[from] item: Leftovers\n|upkeep\n|\n|t:|1696293372\n|switch|p1b: Zoroark|Zoroark-Hisui, F, shiny|100\/100\n|-damage|p1b: Zoroark|88\/100|[from] Stealth Rock\n|turn|10\n|\n|t:|1696293444\n|move|p1a: Dragonite|Extreme Speed|p2a: Carbink\n|-resisted|p2a: Carbink\n|-damage|p2a: Carbink|19\/100 par\n|-damage|p1a: Dragonite|33\/100|[from] item: Rocky Helmet|[of] p2a: Carbink\n|move|p2a: Carbink|Body Press|p1a: Dragonite\n|-resisted|p1a: Dragonite\n|-damage|p1a: Dragonite|17\/100\n|move|p2b: Goodra|Ice Beam|p1a: Dragonite\n|-supereffective|p1a: Dragonite\n|-damage|p1a: Dragonite|0 fnt\n|faint|p1a: Dragonite\n|move|p1b: Zoroark|Flamethrower|p2b: Goodra\n|-damage|p2b: Goodra|67\/100 par\n|-damage|p1b: Zoroark|78\/100|[from] item: Life Orb\n|\n|-heal|p2b: Goodra|73\/100 par|[from] item: Leftovers\n|-fieldend|move: Trick Room\n|upkeep\n|turn|11\n|\n|t:|1696293469\n|-terastallize|p1b: Zoroark|Normal\n|move|p1b: Zoroark|Grass Knot|p2a: Carbink\n|-supereffective|p2a: Carbink\n|-damage|p2a: Carbink|4\/100 par\n|-damage|p1b: Zoroark|62\/100|[from] item: Rocky Helmet|[of] p2a: Carbink\n|-damage|p1b: Zoroark|52\/100|[from] item: Life Orb\n|move|p2b: Goodra|Dragon Pulse|p1b: Zoroark\n|-damage|p1b: Zoroark|0 fnt\n|faint|p1b: Zoroark\n|\n|win|Lejix\n|l|\u2606ULTRA Nights\n|l| Dooooooooooooood\n|l|\u2606Lejix\n","uploadtime":1696293794,"views":11,"p1id":"ultranights","p2id":"lejix","formatid":"gen9nationaldexdoubles","rating":0,"private":0,"password":""}