{"id":"gen9nationaldexdoubles-1992380663","p1":"Delreynan","p2":"Lilytheloudmouth","format":"[Gen 9] National Dex Doubles","log":"|j|\u2606Delreynan\n|j|\u2606Lilytheloudmouth\n|t:|1700180933\n|gametype|doubles\n|player|p1|Delreynan|cynthia-gen4|1052\n|player|p2|Lilytheloudmouth|roxie|1060\n|teamsize|p1|6\n|teamsize|p2|6\n|gen|9\n|tier|[Gen 9] National Dex Doubles\n|rated|\n|rule|HP Percentage Mod: HP is shown in percentages\n|rule|Endless Battle Clause: Forcing endless battles is banned\n|rule|OHKO Clause: OHKO moves are banned\n|rule|Evasion Moves Clause: Evasion moves are banned\n|rule|Evasion Abilities Clause: Evasion abilities are banned\n|rule|Species Clause: Limit one of each Pok\u00e9mon\n|rule|Gravity Sleep Clause: The combination of sleep-inducing moves with imperfect accuracy and Gravity or Gigantamax Orbeetle are banned\n|clearpoke\n|poke|p1|Greninja-*, M|\n|poke|p1|Politoed, M|\n|poke|p1|Bellibolt, M|\n|poke|p1|Venusaur, M|\n|poke|p1|Toxicroak, M|\n|poke|p1|Seismitoad, M|\n|poke|p2|Okidogi, M|\n|poke|p2|Munkidori, M|\n|poke|p2|Gliscor, M|\n|poke|p2|Oranguru, M|\n|poke|p2|Kingambit, M|\n|poke|p2|Gholdengo|\n|teampreview\n|inactive|Battle timer is ON: inactive players will automatically lose when time's up. (requested by Delreynan)\n|\n|t:|1700180950\n|start\n|switch|p1a: R\u00e3|Politoed, M|100\/100\n|switch|p1b: Maconheiro|Seismitoad, M|100\/100\n|switch|p2a: envy|Munkidori, M|100\/100\n|switch|p2b: sloth|Oranguru, M|100\/100\n|-weather|RainDance|[from] ability: Drizzle|[of] p1a: R\u00e3\n|turn|1\n|\n|t:|1700180965\n|move|p1b: Maconheiro|Stealth Rock|p2b: sloth\n|-sidestart|p2: Lilytheloudmouth|move: Stealth Rock\n|move|p2a: envy|Sludge Wave|p1b: Maconheiro|[spread] p1a,p1b\n|-activate|p2b: sloth|ability: Telepathy\n|-resisted|p1b: Maconheiro\n|-damage|p1a: R\u00e3|66\/100\n|-damage|p1b: Maconheiro|75\/100\n|-damage|p2a: envy|91\/100|[from] item: Life Orb\n|move|p1a: R\u00e3|Perish Song|p1a: R\u00e3\n|-start|p1a: R\u00e3|perish3|[silent]\n|-start|p1b: Maconheiro|perish3|[silent]\n|-start|p2a: envy|perish3|[silent]\n|-start|p2b: sloth|perish3|[silent]\n|-fieldactivate|move: Perish Song\n|move|p2b: sloth|Instruct|p2a: envy\n|-singleturn|p2a: envy|move: Instruct|[of] p2b: sloth\n|move|p2a: envy|Sludge Wave|p1a: R\u00e3|[spread] p1a,p1b\n|-activate|p2b: sloth|ability: Telepathy\n|-resisted|p1b: Maconheiro\n|-damage|p1a: R\u00e3|32\/100\n|-damage|p1b: Maconheiro|50\/100\n|-damage|p2a: envy|81\/100|[from] item: Life Orb\n|\n|-weather|RainDance|[upkeep]\n|-heal|p1b: Maconheiro|56\/100|[from] item: Leftovers\n|-start|p1b: Maconheiro|perish3\n|-start|p2a: envy|perish3\n|-start|p1a: R\u00e3|perish3\n|-start|p2b: sloth|perish3\n|upkeep\n|turn|2\n|inactive|Delreynan has 120 seconds left.\n|\n|t:|1700181001\n|switch|p1a: Cururu vegano|Venusaur, M|100\/100\n|move|p1b: Maconheiro|Icy Wind|p2b: sloth|[spread] p2a,p2b\n|-damage|p2a: envy|68\/100\n|-damage|p2b: sloth|92\/100\n|-unboost|p2a: envy|spe|1\n|-unboost|p2b: sloth|spe|1\n|move|p2a: envy|Sludge Wave|p1b: Maconheiro|[spread] p1a,p1b\n|-activate|p2b: sloth|ability: Telepathy\n|-resisted|p1b: Maconheiro\n|-damage|p1a: Cururu vegano|58\/100\n|-damage|p1b: Maconheiro|30\/100\n|-damage|p2a: envy|58\/100|[from] item: Life Orb\n|move|p2b: sloth|Instruct|p2a: envy\n|-singleturn|p2a: envy|move: Instruct|[of] p2b: sloth\n|move|p2a: envy|Sludge Wave|p1b: Maconheiro|[spread] p1a,p1b\n|-activate|p2b: sloth|ability: Telepathy\n|-resisted|p1b: Maconheiro\n|-damage|p1a: Cururu vegano|13\/100\n|-damage|p1b: Maconheiro|3\/100\n|-damage|p2a: envy|48\/100|[from] item: Life Orb\n|\n|-weather|RainDance|[upkeep]\n|-heal|p1b: Maconheiro|9\/100|[from] item: Leftovers\n|-heal|p2b: sloth|98\/100|[from] item: Leftovers\n|-start|p1b: Maconheiro|perish2\n|-start|p2a: envy|perish2\n|-start|p2b: sloth|perish2\n|upkeep\n|turn|3\n|inactive|Delreynan has 120 seconds left.\n|inactive|Lilytheloudmouth has 120 seconds left.\n|\n|t:|1700181034\n|switch|p2b: Gluttony|Gliscor, M|100\/100\n|-damage|p2b: Gluttony|88\/100|[from] Stealth Rock\n|detailschange|p1a: Cururu vegano|Venusaur-Mega, M\n|-mega|p1a: Cururu vegano|Venusaur|Venusaurite\n|move|p1b: Maconheiro|Earth Power|p2a: envy\n|-supereffective|p2a: envy\n|-damage|p2a: envy|0 fnt\n|faint|p2a: envy\n|move|p1a: Cururu vegano|Leech Seed|p2b: Gluttony\n|-start|p2b: Gluttony|move: Leech Seed\n|\n|-weather|RainDance|[upkeep]\n|-heal|p1b: Maconheiro|15\/100|[from] item: Leftovers\n|-damage|p2b: Gluttony|76\/100|[from] Leech Seed|[of] p1a: Cururu vegano\n|-heal|p1a: Cururu vegano|25\/100|[silent]\n|-start|p1b: Maconheiro|perish1\n|-status|p2b: Gluttony|tox|[from] item: Toxic Orb\n|upkeep\n|inactive|Lilytheloudmouth has 120 seconds left.\n|\n|t:|1700181050\n|switch|p2a: Wrath|Okidogi, M|100\/100\n|-damage|p2a: Wrath|95\/100|[from] Stealth Rock\n|turn|4\n|\n|t:|1700181062\n|move|p1b: Maconheiro|Icy Wind|p2a: Wrath|[spread] p2a,p2b\n|-supereffective|p2b: Gluttony\n|-damage|p2a: Wrath|83\/100\n|-damage|p2b: Gluttony|17\/100 tox\n|-unboost|p2a: Wrath|spe|1\n|-unboost|p2b: Gluttony|spe|1\n|move|p1a: Cururu vegano|Leech Seed|p2a: Wrath\n|-start|p2a: Wrath|move: Leech Seed\n|move|p2b: Gluttony|U-turn|p1a: Cururu vegano\n|-damage|p1a: Cururu vegano|14\/100\n|\n|t:|1700181072\n|switch|p2b: sloth|Oranguru, M|98\/100|[from] U-turn\n|-damage|p2b: sloth|86\/100|[from] Stealth Rock\n|move|p2a: Wrath|Brick Break|p1b: Maconheiro\n|-damage|p1b: Maconheiro|0 fnt\n|faint|p1b: Maconheiro\n|\n|-weather|RainDance|[upkeep]\n|-heal|p2b: sloth|92\/100|[from] item: Leftovers\n|-heal|p2a: Wrath|89\/100|[from] item: Leftovers\n|-damage|p2a: Wrath|77\/100|[from] Leech Seed|[of] p1a: Cururu vegano\n|-heal|p1a: Cururu vegano|25\/100|[silent]\n|upkeep\n|inactive|Delreynan has 120 seconds left.\n|\n|t:|1700181096\n|switch|p1b: Cururu obeso|Bellibolt, M|100\/100\n|turn|5\n|\n|t:|1700181114\n|move|p1a: Cururu vegano|Earth Power|p2a: Wrath\n|-supereffective|p2a: Wrath\n|-damage|p2a: Wrath|1\/100\n|move|p2a: Wrath|Knock Off|p1a: Cururu vegano\n|-damage|p1a: Cururu vegano|7\/100\n|-zpower|p1b: Cururu obeso\n|move|p1b: Cururu obeso|Gigavolt Havoc|p2b: sloth|[zeffect]\n|-damage|p2b: sloth|40\/100\n|move|p2b: sloth|Trick Room|p2b: sloth\n|-fieldstart|move: Trick Room|[of] p2b: sloth\n|\n|-weather|RainDance|[upkeep]\n|-heal|p2a: Wrath|7\/100|[from] item: Leftovers\n|-heal|p2b: sloth|46\/100|[from] item: Leftovers\n|-damage|p2a: Wrath|0 fnt|[from] Leech Seed|[of] p1a: Cururu vegano\n|-heal|p1a: Cururu vegano|12\/100|[silent]\n|faint|p2a: Wrath\n|upkeep\n|\n|t:|1700181131\n|switch|p2a: Greed|Gholdengo|100\/100\n|-damage|p2a: Greed|94\/100|[from] Stealth Rock\n|turn|6\n|\n|t:|1700181146\n|switch|p2b: Gluttony|Gliscor, M|17\/100 tox\n|-damage|p2b: Gluttony|4\/100 tox|[from] Stealth Rock\n|move|p1b: Cururu obeso|Discharge|p2b: Gluttony|[spread] p1a,p2a\n|-immune|p2b: Gluttony\n|-resisted|p1a: Cururu vegano\n|-damage|p1a: Cururu vegano|2\/100\n|-damage|p2a: Greed|77\/100\n|move|p2a: Greed|Dazzling Gleam|p1b: Cururu obeso|[spread] p1a,p1b\n|-resisted|p1a: Cururu vegano\n|-damage|p1a: Cururu vegano|0 fnt\n|-damage|p1b: Cururu obeso|78\/100\n|-start|p1b: Cururu obeso|Charge|Dazzling Gleam|[from] ability: Electromorphosis\n|faint|p1a: Cururu vegano\n|\n|-weather|RainDance|[upkeep]\n|-heal|p2b: Gluttony|17\/100 tox|[from] ability: Poison Heal\n|upkeep\n|inactive|Delreynan has 120 seconds left.\n|\n|t:|1700181167\n|switch|p1a: Sapo maromba|Toxicroak, M|100\/100\n|turn|7\n|\n|t:|1700181181\n|move|p2b: Gluttony|Protect|p2b: Gluttony\n|-singleturn|p2b: Gluttony|Protect\n|move|p1a: Sapo maromba|Sucker Punch|p2a: Greed\n|-supereffective|p2a: Greed\n|-damage|p2a: Greed|33\/100\n|move|p1b: Cururu obeso|Tera Blast|p2b: Gluttony\n|-activate|p2b: Gluttony|move: Protect\n|move|p2a: Greed|Dazzling Gleam|p1b: Cururu obeso|[spread] p1a,p1b\n|-damage|p1a: Sapo maromba|62\/100\n|-damage|p1b: Cururu obeso|57\/100\n|-start|p1b: Cururu obeso|Charge|Dazzling Gleam|[from] ability: Electromorphosis\n|\n|-weather|RainDance|[upkeep]\n|-heal|p1a: Sapo maromba|74\/100|[from] ability: Dry Skin\n|-heal|p2b: Gluttony|29\/100 tox|[from] ability: Poison Heal\n|upkeep\n|turn|8\n|\n|t:|1700181203\n|move|p1a: Sapo maromba|Sucker Punch|p2a: Greed\n|-supereffective|p2a: Greed\n|-damage|p2a: Greed|0 fnt\n|faint|p2a: Greed\n|move|p1b: Cururu obeso|Hyper Voice|p2b: Gluttony\n|-damage|p2b: Gluttony|0 fnt\n|faint|p2b: Gluttony\n|\n|-weather|none\n|upkeep\n|\n|t:|1700181211\n|switch|p2a: sloth|Oranguru, M|46\/100\n|switch|p2b: Pride|Kingambit, M|100\/100\n|-damage|p2b: Pride|94\/100|[from] Stealth Rock\n|-activate|p2b: Pride|ability: Supreme Overlord\n|-start|p2b: Pride|fallen4|[silent]\n|-damage|p2a: sloth|33\/100|[from] Stealth Rock\n|turn|9\n|\n|t:|1700181240\n|switch|p1a: R\u00e3|Politoed, M|32\/100\n|-weather|RainDance|[from] ability: Drizzle|[of] p1a: R\u00e3\n|move|p1b: Cururu obeso|Discharge|p2a: sloth|[spread] p1a,p2a,p2b\n|-supereffective|p1a: R\u00e3\n|-damage|p1a: R\u00e3|0 fnt\n|-damage|p2a: sloth|0 fnt\n|-damage|p2b: Pride|42\/100\n|-status|p2b: Pride|par\n|faint|p1a: R\u00e3\n|faint|p2a: sloth\n|-end|p1b: Cururu obeso|Charge|[silent]\n|move|p2b: Pride|Iron Head|p1b: Cururu obeso\n|-resisted|p1b: Cururu obeso\n|-damage|p1b: Cururu obeso|29\/100\n|-start|p1b: Cururu obeso|Charge|Iron Head|[from] ability: Electromorphosis\n|\n|-weather|RainDance|[upkeep]\n|-heal|p2b: Pride|48\/100 par|[from] item: Leftovers\n|-fieldend|move: Trick Room\n|upkeep\n|inactive|Delreynan has 120 seconds left.\n|\n|t:|1700181271\n|switch|p1a: Perereca ninja|Greninja, M|100\/100\n|turn|10\n|\n|t:|1700181278\n|-terastallize|p1a: Perereca ninja|Water\n|move|p1a: Perereca ninja|Water Shuriken|p2b: Pride\n|-damage|p2b: Pride|35\/100 par\n|-damage|p2b: Pride|23\/100 par\n|-hitcount|p2b: Pride|2\n|cant|p2b: Pride|par\n|move|p1b: Cururu obeso|Hyper Voice|p2b: Pride\n|-resisted|p2b: Pride\n|-damage|p2b: Pride|10\/100 par\n|\n|-weather|RainDance|[upkeep]\n|-heal|p2b: Pride|16\/100 par|[from] item: Leftovers\n|upkeep\n|turn|11\n|\n|t:|1700181293\n|move|p1a: Perereca ninja|Water Shuriken|p2b: Pride\n|-damage|p2b: Pride|3\/100 par\n|-damage|p2b: Pride|0 fnt\n|faint|p2b: Pride\n|-end|p2b: Pride|fallen4|[silent]\n|-hitcount|p2: Pride|2\n|\n|win|Delreynan\n|raw|Delreynan's rating: 1052 &rarr; <strong>1085<\/strong><br \/>(+33 for winning)\n|raw|Lilytheloudmouth's rating: 1060 &rarr; <strong>1041<\/strong><br \/>(-19 for losing)\n","uploadtime":1700181299,"views":5,"p1id":"delreynan","p2id":"lilytheloudmouth","formatid":"gen9nationaldexdoubles","rating":1041,"private":0,"password":""}