{"id":"gen9nationaldexdoubles-1958191451","p1":"Mokaccino321","p2":"AwsomeSauce2121","format":"[Gen 9] National Dex Doubles","log":"|j|\u2606Mokaccino321\n|j|\u2606AwsomeSauce2121\n|t:|1696296612\n|gametype|doubles\n|player|p1|Mokaccino321|1|\n|player|p2|AwsomeSauce2121|169|\n|teamsize|p1|6\n|teamsize|p2|6\n|gen|9\n|tier|[Gen 9] National Dex Doubles\n|rule|HP Percentage Mod: HP is shown in percentages\n|rule|Endless Battle Clause: Forcing endless battles is banned\n|rule|OHKO Clause: OHKO moves are banned\n|rule|Evasion Moves Clause: Evasion moves are banned\n|rule|Evasion Abilities Clause: Evasion abilities are banned\n|rule|Species Clause: Limit one of each Pok\u00e9mon\n|rule|Gravity Sleep Clause: The combination of sleep-inducing moves with imperfect accuracy and Gravity or Gigantamax Orbeetle are banned\n|clearpoke\n|poke|p1|Cradily, F|\n|poke|p1|Aerodactyl, F|\n|poke|p1|Arcanine-Hisui, F|\n|poke|p1|Nihilego|\n|poke|p1|Tyranitar, F|\n|poke|p1|Aggron, M|\n|poke|p2|Goodra, F|\n|poke|p2|Greninja-*, M|\n|poke|p2|Swampert, F|\n|poke|p2|Dragonite, F|\n|poke|p2|Blaziken, F|\n|poke|p2|Metagross|\n|teampreview\n|c|\u2606Mokaccino321|Oh btw\n|c|\u2606Mokaccino321|Mega Blaziken and Mega Metagoss are banned\n|c|\u2606Mokaccino321|So if you mega them  you ll have to change em\n|c|\u2606Mokaccino321|but if u dont mega i think its ok\n|c|\u2606Mokaccino321|Also no Tera\n|\n|t:|1696296658\n|start\n|switch|p1a: Aerodactyl|Aerodactyl, F|100\/100\n|switch|p1b: Nihilego|Nihilego|100\/100\n|switch|p2a: Goodra|Goodra, F|100\/100\n|switch|p2b: Swampert|Swampert, F|100\/100\n|-ability|p1a: Aerodactyl|Unnerve\n|turn|1\n|\n|t:|1696296687\n|move|p1a: Aerodactyl|Sky Drop||[still]\n|-prepare|p1a: Aerodactyl|Sky Drop|p2a: Goodra\n|move|p1b: Nihilego|Grass Knot|p2b: Swampert\n|-supereffective|p2b: Swampert\n|-damage|p2b: Swampert|0 fnt\n|faint|p2b: Swampert\n|-ability|p1b: Nihilego|Beast Boost|boost\n|-boost|p1b: Nihilego|spa|1\n|\n|upkeep\n|\n|t:|1696296697\n|switch|p2b: Greninja|Greninja, M|100\/100\n|turn|2\n|\n|t:|1696296716\n|move|p1b: Nihilego|Protect|p1b: Nihilego\n|-singleturn|p1b: Nihilego|Protect\n|move|p2b: Greninja|Water Shuriken|p1b: Nihilego\n|-activate|p1b: Nihilego|move: Protect\n|move|p1a: Aerodactyl|Sky Drop|p2a: Goodra|[from]lockedmove\n|-damage|p2a: Goodra|67\/100\n|-end|p2a: Goodra|Sky Drop\n|move|p2a: Goodra|Water Pulse|p1a: Aerodactyl\n|-supereffective|p1a: Aerodactyl\n|-damage|p1a: Aerodactyl|59\/100\n|\n|upkeep\n|turn|3\n|\n|t:|1696296740\n|switch|p1a: Cradily|Cradily, F|100\/100\n|move|p2b: Greninja|Water Shuriken|p1a: Cradily\n|-ability|p1a: Cradily|Storm Drain|boost\n|-boost|p1a: Cradily|spa|1\n|-zpower|p1b: Nihilego\n|move|p1b: Nihilego|Continental Crush|p2b: Greninja|[zeffect]\n|-crit|p2b: Greninja\n|-damage|p2b: Greninja|0 fnt\n|faint|p2b: Greninja\n|-ability|p1b: Nihilego|Beast Boost|boost\n|-boost|p1b: Nihilego|spa|1\n|move|p2a: Goodra|Water Pulse|p1a: Cradily\n|-ability|p1a: Cradily|Storm Drain|boost\n|-boost|p1a: Cradily|spa|1\n|\n|upkeep\n|\n|t:|1696296760\n|switch|p2b: Dragonite|Dragonite, F|100\/100\n|turn|4\n|\n|t:|1696296775\n|move|p1b: Nihilego|Protect|p1b: Nihilego\n|-singleturn|p1b: Nihilego|Protect\n|move|p2a: Goodra|Flamethrower|p1a: Cradily\n|-damage|p1a: Cradily|84\/100\n|move|p2b: Dragonite|Hurricane|p1a: Cradily\n|-damage|p1a: Cradily|64\/100\n|move|p1a: Cradily|Meteor Beam||[still]\n|-prepare|p1a: Cradily|Meteor Beam\n|-boost|p1a: Cradily|spa|1\n|-enditem|p1a: Cradily|Power Herb\n|-anim|p1a: Cradily|Meteor Beam|p2b: Dragonite\n|-supereffective|p2b: Dragonite\n|-damage|p2b: Dragonite|2\/100\n|\n|upkeep\n|turn|5\n|\n|t:|1696296797\n|move|p1a: Cradily|Protect|p1a: Cradily\n|-singleturn|p1a: Cradily|Protect\n|move|p1b: Nihilego|Sludge Wave|p2a: Goodra|[spread] p2a,p2b\n|-activate|p1a: Cradily|move: Protect\n|-crit|p2b: Dragonite\n|-damage|p2a: Goodra|9\/100\n|-damage|p2b: Dragonite|0 fnt\n|faint|p2b: Dragonite\n|-ability|p1b: Nihilego|Beast Boost|boost\n|-boost|p1b: Nihilego|spa|1\n|move|p2a: Goodra|Flamethrower|p1a: Cradily\n|-activate|p1a: Cradily|move: Protect\n|\n|upkeep\n|\n|t:|1696296810\n|switch|p2b: Blaziken|Blaziken, F|100\/100\n|turn|6\n|\n|t:|1696296819\n|move|p1b: Nihilego|Sludge Wave|p2a: Goodra|[spread] p1a,p2a,p2b\n|-damage|p1a: Cradily|10\/100\n|-damage|p2a: Goodra|0 fnt\n|-damage|p2b: Blaziken|0 fnt\n|faint|p2a: Goodra\n|faint|p2b: Blaziken\n|-ability|p1b: Nihilego|Beast Boost|boost\n|-boost|p1b: Nihilego|spa|2\n|move|p1a: Cradily|Earth Power|p2: Goodra|[notarget]\n|-fail|p1a: Cradily\n|\n|upkeep\n|\n|t:|1696296852\n|switch|p2b: Metagross|Metagross|100\/100\n|turn|7\n|\n|t:|1696296866\n|move|p1b: Nihilego|Grass Knot|p2b: Metagross\n|-resisted|p2b: Metagross\n|-damage|p2b: Metagross|12\/100\n|move|p2b: Metagross|Hammer Arm|p1a: Cradily\n|-supereffective|p1a: Cradily\n|-damage|p1a: Cradily|0 fnt\n|-unboost|p2b: Metagross|spe|1\n|faint|p1a: Cradily\n|\n|upkeep\n|\n|t:|1696296872\n|switch|p1a: Arcanine|Arcanine-Hisui, F|100\/100\n|turn|8\n|\n|t:|1696296882\n|move|p1b: Nihilego|Grass Knot|p2b: Metagross\n|-resisted|p2b: Metagross\n|-damage|p2b: Metagross|0 fnt\n|faint|p2b: Metagross\n|\n|win|Mokaccino321\n|l|\u2606AwsomeSauce2121\n|c|\u2606Mokaccino321|gg :3\n","uploadtime":1696296944,"views":17,"p1id":"mokaccino321","p2id":"awsomesauce2121","formatid":"gen9nationaldexdoubles","rating":0,"private":0,"password":""}