{"id":"gen9nationaldexdoubles-1972924646","p1":"Skyhero752","p2":"Overlord Veilmor","format":"[Gen 9] National Dex Doubles","log":"|j|\u2606Skyhero752\n|j|\u2606Overlord Veilmor\n|t:|1697909423\n|gametype|doubles\n|player|p1|Skyhero752|sightseer|\n|player|p2|Overlord Veilmor|colress|\n|teamsize|p1|6\n|teamsize|p2|6\n|gen|9\n|tier|[Gen 9] National Dex Doubles\n|rule|HP Percentage Mod: HP is shown in percentages\n|rule|Endless Battle Clause: Forcing endless battles is banned\n|rule|OHKO Clause: OHKO moves are banned\n|rule|Evasion Moves Clause: Evasion moves are banned\n|rule|Evasion Abilities Clause: Evasion abilities are banned\n|rule|Species Clause: Limit one of each Pok\u00e9mon\n|rule|Gravity Sleep Clause: The combination of sleep-inducing moves with imperfect accuracy and Gravity or Gigantamax Orbeetle are banned\n|clearpoke\n|poke|p1|Meowscarada, F|\n|poke|p1|Farigiraf, F|\n|poke|p1|Grafaiai, F|\n|poke|p1|Malamar, F|\n|poke|p1|Indeedee-F, F|\n|poke|p1|Kilowattrel, F|\n|poke|p2|Jumpluff, F|\n|poke|p2|Trevenant, F|\n|poke|p2|Sinistcha-Masterpiece|\n|poke|p2|Lilligant-Hisui, F|\n|poke|p2|Arboliva, M|\n|poke|p2|Venusaur, F|\n|teampreview\n|\n|t:|1697909442\n|start\n|switch|p1a: Meowscarada|Meowscarada, F|100\/100\n|switch|p1b: Farigiraf|Farigiraf, F|100\/100\n|switch|p2a: Jumpluff|Jumpluff, F|100\/100\n|switch|p2b: Trevenant|Trevenant, F|100\/100\n|turn|1\n|\n|t:|1697909457\n|move|p1a: Meowscarada|Fling|p1b: Farigiraf\n|-start|p1a: Meowscarada|typechange|Dark|[from] ability: Protean\n|-supereffective|p1b: Farigiraf\n|-damage|p1b: Farigiraf|90\/100\n|-boost|p1b: Farigiraf|spe|1|[from] item: Salac Berry\n|-enditem|p1b: Farigiraf|Weakness Policy\n|-boost|p1b: Farigiraf|atk|2|[from] item: Weakness Policy\n|-boost|p1b: Farigiraf|spa|2|[from] item: Weakness Policy\n|-enditem|p1a: Meowscarada|Salac Berry|[from] move: Fling\n|move|p2a: Jumpluff|Sunny Day|p2a: Jumpluff\n|-weather|SunnyDay\n|move|p1b: Farigiraf|Stored Power|p2a: Jumpluff\n|-damage|p2a: Jumpluff|0 fnt\n|faint|p2a: Jumpluff\n|move|p2b: Trevenant|Curse|p1a: Meowscarada\n|-start|p1a: Meowscarada|Curse|[of] p2b: Trevenant\n|-damage|p2b: Trevenant|50\/100\n|-enditem|p2b: Trevenant|Sitrus Berry|[eat]\n|-heal|p2b: Trevenant|75\/100|[from] item: Sitrus Berry\n|\n|-weather|SunnyDay|[upkeep]\n|-damage|p1a: Meowscarada|76\/100|[from] Curse\n|-item|p2b: Trevenant|Sitrus Berry|[from] ability: Harvest\n|upkeep\n|\n|t:|1697909487\n|switch|p2a: Venusaur|Venusaur, F|100\/100\n|turn|2\n|\n|t:|1697909500\n|detailschange|p2a: Venusaur|Venusaur-Mega, F\n|-mega|p2a: Venusaur|Venusaur|Venusaurite\n|move|p2b: Trevenant|Protect|p2b: Trevenant\n|-singleturn|p2b: Trevenant|Protect\n|move|p1a: Meowscarada|Ally Switch|p1a: Meowscarada\n|swap|p1a: Meowscarada|1|[from] move: Ally Switch\n|move|p1a: Farigiraf|Stored Power|p2a: Venusaur\n|-supereffective|p2a: Venusaur\n|-damage|p2a: Venusaur|0 fnt\n|faint|p2a: Venusaur\n|\n|-weather|SunnyDay|[upkeep]\n|-damage|p1b: Meowscarada|51\/100|[from] Curse\n|-activate|p1a: Farigiraf|ability: Cud Chew\n|-enditem|p1a: Farigiraf|Salac Berry|[eat]\n|-boost|p1a: Farigiraf|spe|1|[from] item: Salac Berry\n|upkeep\n|\n|t:|1697909527\n|switch|p2a: Lilligant|Lilligant-Hisui, F|100\/100\n|turn|3\n|\n|t:|1697909547\n|move|p1a: Farigiraf|Stored Power|p2a: Lilligant\n|-supereffective|p2a: Lilligant\n|-damage|p2a: Lilligant|0 fnt\n|faint|p2a: Lilligant\n|move|p1b: Meowscarada|Acrobatics|p2b: Trevenant\n|-supereffective|p2b: Trevenant\n|-damage|p2b: Trevenant|0 fnt\n|faint|p2b: Trevenant\n|\n|-weather|SunnyDay|[upkeep]\n|-damage|p1b: Meowscarada|26\/100|[from] Curse\n|upkeep\n|\n|t:|1697909556\n|switch|p2a: Arboliva|Arboliva, M|100\/100\n|switch|p2b: Sinistcha|Sinistcha-Masterpiece|100\/100\n|turn|4\n|\n|t:|1697909573\n|-terastallize|p1a: Farigiraf|Fairy\n|move|p1a: Farigiraf|Dazzling Gleam|p2a: Arboliva|[spread] p2a,p2b\n|-damage|p2a: Arboliva|51\/100\n|-damage|p2b: Sinistcha|22\/100\n|-fieldstart|move: Grassy Terrain|[from] ability: Seed Sower|[of] p2a: Arboliva\n|move|p1b: Meowscarada|Acrobatics|p2b: Sinistcha\n|-supereffective|p2b: Sinistcha\n|-damage|p2b: Sinistcha|0 fnt\n|faint|p2b: Sinistcha\n|move|p2a: Arboliva|Strength Sap|p1a: Farigiraf\n|-unboost|p1a: Farigiraf|atk|1\n|-heal|p2a: Arboliva|100\/100\n|\n|-weather|SunnyDay|[upkeep]\n|-heal|p1a: Farigiraf|96\/100|[from] Grassy Terrain\n|-heal|p1b: Meowscarada|32\/100|[from] Grassy Terrain\n|-damage|p1b: Meowscarada|7\/100|[from] Curse\n|upkeep\n|turn|5\n|\n|t:|1697909594\n|move|p1a: Farigiraf|Stored Power|p2a: Arboliva\n|-crit|p2a: Arboliva\n|-damage|p2a: Arboliva|0 fnt\n|faint|p2a: Arboliva\n|\n|win|Skyhero752\n|l|\u2606Overlord Veilmor\n","uploadtime":1697909621,"views":7,"p1id":"skyhero752","p2id":"overlordveilmor","formatid":"gen9nationaldexdoubles","rating":0,"private":0,"password":""}