{"id":"gen9nationaldexdoubles-1975942814","p1":"MermaidSiren","p2":"ARCH1V3D","format":"[Gen 9] National Dex Doubles","log":"|j|\u2606MermaidSiren\n|j|\u2606ARCH1V3D\n|t:|1698251053\n|gametype|doubles\n|player|p1|MermaidSiren|swimmerf-gen4|1124\n|player|p2|ARCH1V3D|2|1044\n|teamsize|p1|6\n|teamsize|p2|6\n|gen|9\n|tier|[Gen 9] National Dex Doubles\n|rated|\n|rule|HP Percentage Mod: HP is shown in percentages\n|rule|Endless Battle Clause: Forcing endless battles is banned\n|rule|OHKO Clause: OHKO moves are banned\n|rule|Evasion Moves Clause: Evasion moves are banned\n|rule|Evasion Abilities Clause: Evasion abilities are banned\n|rule|Species Clause: Limit one of each Pok\u00e9mon\n|rule|Gravity Sleep Clause: The combination of sleep-inducing moves with imperfect accuracy and Gravity or Gigantamax Orbeetle are banned\n|clearpoke\n|poke|p1|Primarina, F|\n|poke|p1|Corsola-Galar, F|\n|poke|p1|Clamperl, M|\n|poke|p1|Dhelmise|\n|poke|p1|Wishiwashi, F|\n|poke|p1|Milotic, F|\n|poke|p2|Gastrodon, M|\n|poke|p2|Iron Bundle|\n|poke|p2|Ninetales-Alola, M|\n|poke|p2|Honchkrow, F|\n|poke|p2|Grimmsnarl, M|\n|poke|p2|Jirachi|\n|teampreview\n|\n|t:|1698251084\n|start\n|switch|p1a: Corsola|Corsola-Galar, F|100\/100\n|switch|p1b: Clamperl|Clamperl, M|100\/100\n|switch|p2a: Jirachi|Jirachi|100\/100\n|switch|p2b: Gastrodon|Gastrodon, M|100\/100\n|turn|1\n|\n|t:|1698251109\n|-terastallize|p2b: Gastrodon|Fire\n|move|p2a: Jirachi|Cosmic Power|p2a: Jirachi\n|-boost|p2a: Jirachi|def|1\n|-boost|p2a: Jirachi|spd|1\n|move|p2b: Gastrodon|Earth Power|p1a: Corsola\n|-damage|p1a: Corsola|61\/100\n|move|p1b: Clamperl|Ice Beam|p2b: Gastrodon\n|-resisted|p2b: Gastrodon\n|-damage|p2b: Gastrodon|78\/100\n|-status|p2b: Gastrodon|frz\n|move|p1a: Corsola|Strength Sap|p2b: Gastrodon\n|-unboost|p2b: Gastrodon|atk|1\n|-heal|p1a: Corsola|100\/100\n|\n|upkeep\n|turn|2\n|\n|t:|1698251138\n|move|p2a: Jirachi|Cosmic Power|p2a: Jirachi\n|-boost|p2a: Jirachi|def|1\n|-boost|p2a: Jirachi|spd|1\n|cant|p2b: Gastrodon|frz\n|move|p1b: Clamperl|Ice Beam|p2b: Gastrodon\n|-resisted|p2b: Gastrodon\n|-damage|p2b: Gastrodon|57\/100 frz\n|move|p1a: Corsola|Will-O-Wisp|p2a: Jirachi\n|-status|p2a: Jirachi|brn\n|\n|-damage|p2a: Jirachi|94\/100 brn|[from] brn\n|upkeep\n|turn|3\n|\n|t:|1698251167\n|move|p2a: Jirachi|Cosmic Power|p2a: Jirachi\n|-boost|p2a: Jirachi|def|1\n|-boost|p2a: Jirachi|spd|1\n|cant|p2b: Gastrodon|frz\n|move|p1b: Clamperl|Ice Beam|p2a: Jirachi\n|-resisted|p2a: Jirachi\n|-damage|p2a: Jirachi|89\/100 brn\n|move|p1a: Corsola|Hex|p2b: Gastrodon\n|-damage|p2b: Gastrodon|29\/100 frz\n|\n|-damage|p2a: Jirachi|82\/100 brn|[from] brn\n|upkeep\n|turn|4\n|\n|t:|1698251183\n|move|p2a: Jirachi|Cosmic Power|p2a: Jirachi\n|-boost|p2a: Jirachi|def|1\n|-boost|p2a: Jirachi|spd|1\n|-curestatus|p2b: Gastrodon|frz|[msg]\n|move|p2b: Gastrodon|Muddy Water|p1a: Corsola|[spread] p1a,p1b\n|-resisted|p1b: Clamperl\n|-damage|p1a: Corsola|73\/100\n|-damage|p1b: Clamperl|69\/100\n|-start|p2b: Gastrodon|Disable|Muddy Water|[from] ability: Cursed Body|[of] p1a: Corsola\n|move|p1b: Clamperl|Toxic|p2b: Gastrodon\n|-status|p2b: Gastrodon|tox\n|move|p1a: Corsola|Hex|p2b: Gastrodon\n|-damage|p2b: Gastrodon|0 fnt\n|faint|p2b: Gastrodon\n|\n|-heal|p1a: Corsola|79\/100|[from] item: Leftovers\n|-damage|p2a: Jirachi|76\/100 brn|[from] brn\n|upkeep\n|\n|t:|1698251202\n|switch|p2b: Honchkrow|Honchkrow, F|100\/100\n|turn|5\n|\n|t:|1698251214\n|move|p2b: Honchkrow|Sucker Punch||[still]\n|-fail|p2b: Honchkrow\n|move|p2a: Jirachi|Cosmic Power|p2a: Jirachi\n|-boost|p2a: Jirachi|def|1\n|-boost|p2a: Jirachi|spd|1\n|move|p1b: Clamperl|Toxic|p2b: Honchkrow\n|-status|p2b: Honchkrow|tox\n|move|p1a: Corsola|Strength Sap|p2b: Honchkrow\n|-unboost|p2b: Honchkrow|atk|1\n|-heal|p1a: Corsola|100\/100\n|\n|-damage|p2b: Honchkrow|94\/100 tox|[from] psn\n|-damage|p2a: Jirachi|70\/100 brn|[from] brn\n|upkeep\n|turn|6\n|\n|t:|1698251235\n|-zpower|p2b: Honchkrow\n|move|p2b: Honchkrow|Black Hole Eclipse|p1a: Corsola|[zeffect]\n|-supereffective|p1a: Corsola\n|-damage|p1a: Corsola|8\/100\n|move|p2a: Jirachi|Cosmic Power|p2a: Jirachi\n|-boost|p2a: Jirachi|def|1\n|-boost|p2a: Jirachi|spd|1\n|move|p1b: Clamperl|Ice Beam|p2b: Honchkrow\n|-supereffective|p2b: Honchkrow\n|-damage|p2b: Honchkrow|0 fnt\n|faint|p2b: Honchkrow\n|move|p1a: Corsola|Strength Sap|p2a: Jirachi\n|-unboost|p2a: Jirachi|atk|1\n|-heal|p1a: Corsola|70\/100\n|\n|-heal|p1a: Corsola|76\/100|[from] item: Leftovers\n|-damage|p2a: Jirachi|64\/100 brn|[from] brn\n|upkeep\n|\n|t:|1698251252\n|switch|p2b: Grimmsnarl|Grimmsnarl, M|100\/100\n|turn|7\n|\n|t:|1698251262\n|move|p2a: Jirachi|Follow Me|p2a: Jirachi\n|-singleturn|p2a: Jirachi|move: Follow Me\n|move|p2b: Grimmsnarl|Bulk Up|p2b: Grimmsnarl\n|-boost|p2b: Grimmsnarl|atk|1\n|-boost|p2b: Grimmsnarl|def|1\n|move|p1b: Clamperl|Toxic|p2a: Jirachi|[miss]\n|-miss|p1b: Clamperl|p2a: Jirachi\n|move|p1a: Corsola|Strength Sap|p2a: Jirachi\n|-unboost|p2a: Jirachi|atk|1\n|-heal|p1a: Corsola|100\/100\n|\n|-damage|p2a: Jirachi|58\/100 brn|[from] brn\n|upkeep\n|turn|8\n|\n|t:|1698251281\n|move|p2a: Jirachi|Follow Me|p2a: Jirachi\n|-singleturn|p2a: Jirachi|move: Follow Me\n|move|p2b: Grimmsnarl|Bulk Up|p2b: Grimmsnarl\n|-boost|p2b: Grimmsnarl|atk|1\n|-boost|p2b: Grimmsnarl|def|1\n|move|p1b: Clamperl|Scald|p2a: Jirachi\n|-damage|p2a: Jirachi|49\/100 brn\n|move|p1a: Corsola|Hex|p2a: Jirachi\n|-supereffective|p2a: Jirachi\n|-damage|p2a: Jirachi|38\/100 brn\n|\n|-damage|p2a: Jirachi|32\/100 brn|[from] brn\n|upkeep\n|turn|9\n|\n|t:|1698251314\n|switch|p1a: Primarina|Primarina, F, shiny|100\/100\n|move|p2b: Grimmsnarl|Bulk Up|p2b: Grimmsnarl\n|-boost|p2b: Grimmsnarl|atk|1\n|-boost|p2b: Grimmsnarl|def|1\n|move|p2a: Jirachi|Wish|p2a: Jirachi\n|move|p1b: Clamperl|Surf|p2b: Grimmsnarl|[spread] p1a,p2a,p2b\n|-resisted|p1a: Primarina\n|-damage|p1a: Primarina|86\/100\n|-damage|p2a: Jirachi|24\/100 brn\n|-damage|p2b: Grimmsnarl|46\/100\n|-enditem|p2a: Jirachi|Aguav Berry|[eat]\n|-heal|p2a: Jirachi|57\/100 brn|[from] item: Aguav Berry\n|\n|-damage|p2a: Jirachi|51\/100 brn|[from] brn\n|upkeep\n|turn|10\n|\n|t:|1698251331\n|move|p2a: Jirachi|Follow Me|p2a: Jirachi\n|-singleturn|p2a: Jirachi|move: Follow Me\n|move|p2b: Grimmsnarl|Spirit Break|p1b: Clamperl\n|-damage|p1b: Clamperl|0 fnt\n|faint|p1b: Clamperl\n|move|p1a: Primarina|Moonblast|p2a: Jirachi\n|-resisted|p2a: Jirachi\n|-damage|p2a: Jirachi|47\/100 brn\n|\n|-heal|p2a: Jirachi|97\/100 brn|[from] move: Wish|[wisher] Jirachi\n|-damage|p2a: Jirachi|91\/100 brn|[from] brn\n|upkeep\n|\n|t:|1698251344\n|switch|p1b: Corsola|Corsola-Galar, F|100\/100\n|turn|11\n|\n|t:|1698251359\n|switch|p1b: Wishiwashi|Wishiwashi, F|100\/100\n|-formechange|p1b: Wishiwashi|Wishiwashi-School||[from] ability: Schooling\n|move|p2a: Jirachi|Follow Me|p2a: Jirachi\n|-singleturn|p2a: Jirachi|move: Follow Me\n|move|p2b: Grimmsnarl|Bulk Up|p2b: Grimmsnarl\n|-boost|p2b: Grimmsnarl|atk|1\n|-boost|p2b: Grimmsnarl|def|1\n|move|p1a: Primarina|Sparkling Aria|p2b: Grimmsnarl|[spread] p1b,p2a,p2b\n|-resisted|p1b: Wishiwashi\n|-damage|p1b: Wishiwashi|86\/100\n|-damage|p2a: Jirachi|86\/100 brn\n|-damage|p2b: Grimmsnarl|7\/100\n|-curestatus|p2a: Jirachi|brn|[msg]\n|\n|upkeep\n|turn|12\n|\n|t:|1698251391\n|move|p2a: Jirachi|Energy Ball|p1a: Primarina\n|-supereffective|p1a: Primarina\n|-damage|p1a: Primarina|67\/100\n|move|p1a: Primarina|Sparkling Aria|p2b: Grimmsnarl|[spread] p1b,p2a,p2b\n|-resisted|p1b: Wishiwashi\n|-damage|p1b: Wishiwashi|72\/100\n|-damage|p2a: Jirachi|80\/100\n|-damage|p2b: Grimmsnarl|0 fnt\n|faint|p2b: Grimmsnarl\n|move|p1b: Wishiwashi|Earthquake|p2a: Jirachi|[spread] p1a,p2a\n|-supereffective|p2a: Jirachi\n|-damage|p1a: Primarina|15\/100\n|-damage|p2a: Jirachi|64\/100\n|\n|upkeep\n|\n|t:|1698251399\n|switch|p2b: Ninetales|Ninetales-Alola, M|100\/100\n|-weather|Snow|[from] ability: Snow Warning|[of] p2b: Ninetales\n|turn|13\n|\n|t:|1698251411\n|switch|p1a: Corsola|Corsola-Galar, F|100\/100\n|switch|p1b: Milotic|Milotic, F|100\/100\n|move|p2a: Jirachi|Follow Me|p2a: Jirachi\n|-singleturn|p2a: Jirachi|move: Follow Me\n|move|p2b: Ninetales|Aurora Veil|p2b: Ninetales\n|-sidestart|p2: ARCH1V3D|move: Aurora Veil\n|\n|-weather|Snow|[upkeep]\n|-status|p1b: Milotic|brn|[from] item: Flame Orb\n|upkeep\n|turn|14\n|\n|t:|1698251428\n|move|p2a: Jirachi|Follow Me|p2a: Jirachi\n|-singleturn|p2a: Jirachi|move: Follow Me\n|move|p2b: Ninetales|Freeze-Dry|p1b: Milotic\n|-supereffective|p1b: Milotic\n|-damage|p1b: Milotic|62\/100 brn\n|move|p1b: Milotic|Hydro Pump|p2a: Jirachi|[miss]\n|-miss|p1b: Milotic|p2a: Jirachi\n|move|p1a: Corsola|Strength Sap|p2a: Jirachi\n|-unboost|p2a: Jirachi|atk|1\n|\n|-weather|Snow|[upkeep]\n|-damage|p1b: Milotic|56\/100 brn|[from] brn\n|upkeep\n|turn|15\n|\n|t:|1698251443\n|move|p2b: Ninetales|Blizzard|p1b: Milotic|[spread] p1a,p1b\n|-resisted|p1b: Milotic\n|-damage|p1a: Corsola|68\/100\n|-damage|p1b: Milotic|45\/100 brn\n|-start|p2b: Ninetales|Disable|Blizzard|[from] ability: Cursed Body|[of] p1a: Corsola\n|move|p2a: Jirachi|Energy Ball|p1b: Milotic\n|-supereffective|p1b: Milotic\n|-damage|p1b: Milotic|15\/100 brn\n|move|p1b: Milotic|Recover|p1b: Milotic\n|-heal|p1b: Milotic|65\/100 brn\n|move|p1a: Corsola|Hex|p2a: Jirachi\n|-supereffective|p2a: Jirachi\n|-damage|p2a: Jirachi|60\/100\n|\n|-weather|Snow|[upkeep]\n|-heal|p1a: Corsola|74\/100|[from] item: Leftovers\n|-damage|p1b: Milotic|59\/100 brn|[from] brn\n|upkeep\n|turn|16\n|\n|t:|1698251464\n|move|p2a: Jirachi|Follow Me|p2a: Jirachi\n|-singleturn|p2a: Jirachi|move: Follow Me\n|move|p2b: Ninetales|Draining Kiss|p1a: Corsola\n|-damage|p1a: Corsola|57\/100\n|move|p1b: Milotic|Recover|p1b: Milotic\n|-heal|p1b: Milotic|100\/100 brn\n|move|p1a: Corsola|Strength Sap|p2a: Jirachi\n|-unboost|p2a: Jirachi|atk|1\n|-heal|p1a: Corsola|82\/100\n|\n|-weather|Snow|[upkeep]\n|-heal|p1a: Corsola|88\/100|[from] item: Leftovers\n|-damage|p1b: Milotic|94\/100 brn|[from] brn\n|upkeep\n|turn|17\n|\n|t:|1698251486\n|move|p2b: Ninetales|Freeze-Dry|p1b: Milotic\n|-supereffective|p1b: Milotic\n|-damage|p1b: Milotic|57\/100 brn\n|move|p2a: Jirachi|Energy Ball|p1b: Milotic\n|-supereffective|p1b: Milotic\n|-damage|p1b: Milotic|26\/100 brn\n|move|p1b: Milotic|Hydro Pump|p2a: Jirachi\n|-damage|p2a: Jirachi|56\/100\n|move|p1a: Corsola|Hex|p2a: Jirachi\n|-supereffective|p2a: Jirachi\n|-damage|p2a: Jirachi|53\/100\n|\n|-weather|none\n|-heal|p1a: Corsola|94\/100|[from] item: Leftovers\n|-damage|p1b: Milotic|20\/100 brn|[from] brn\n|-sideend|p2: ARCH1V3D|move: Aurora Veil\n|upkeep\n|turn|18\n|\n|t:|1698251514\n|move|p1b: Milotic|Protect|p1b: Milotic\n|-singleturn|p1b: Milotic|Protect\n|move|p2b: Ninetales|Freeze-Dry|p1b: Milotic\n|-activate|p1b: Milotic|move: Protect\n|move|p2a: Jirachi|Wish|p2a: Jirachi\n|move|p1a: Corsola|Will-O-Wisp|p2b: Ninetales\n|-status|p2b: Ninetales|brn\n|\n|-heal|p1a: Corsola|99\/100|[from] item: Leftovers\n|-damage|p2b: Ninetales|95\/100 brn|[from] brn\n|-damage|p1b: Milotic|14\/100 brn|[from] brn\n|-end|p2b: Ninetales|Disable\n|upkeep\n|turn|19\n|\n|t:|1698251532\n|switch|p1b: Wishiwashi|Wishiwashi, F|72\/100\n|-formechange|p1b: Wishiwashi|Wishiwashi-School||[from] ability: Schooling\n|move|p2b: Ninetales|Freeze-Dry|p1b: Wishiwashi\n|-supereffective|p1b: Wishiwashi\n|-damage|p1b: Wishiwashi|31\/100\n|-status|p1b: Wishiwashi|frz\n|move|p2a: Jirachi|Energy Ball|p1a: Corsola\n|-damage|p1a: Corsola|81\/100\n|move|p1a: Corsola|Hex|p2b: Ninetales\n|-damage|p2b: Ninetales|56\/100 brn\n|\n|-heal|p2a: Jirachi|100\/100|[from] move: Wish|[wisher] Jirachi\n|-heal|p2b: Ninetales|61\/100 brn|[from] item: Leftovers\n|-heal|p1a: Corsola|87\/100|[from] item: Leftovers\n|-damage|p2b: Ninetales|56\/100 brn|[from] brn\n|upkeep\n|turn|20\n|inactive|Battle timer is ON: inactive players will automatically lose when time's up. (requested by MermaidSiren)\n|\n|t:|1698251591\n|move|p2b: Ninetales|Freeze-Dry|p1b: Wishiwashi\n|-supereffective|p1b: Wishiwashi\n|-damage|p1b: Wishiwashi|0 fnt\n|faint|p1b: Wishiwashi\n|move|p2a: Jirachi|Energy Ball|p1a: Corsola\n|-damage|p1a: Corsola|68\/100\n|-start|p2a: Jirachi|Disable|Energy Ball|[from] ability: Cursed Body|[of] p1a: Corsola\n|move|p1a: Corsola|Hex|p2b: Ninetales\n|-damage|p2b: Ninetales|19\/100 brn\n|\n|-heal|p2b: Ninetales|25\/100 brn|[from] item: Leftovers\n|-heal|p1a: Corsola|74\/100|[from] item: Leftovers\n|-damage|p2b: Ninetales|19\/100 brn|[from] brn\n|upkeep\n|\n|t:|1698251613\n|switch|p1b: Milotic|Milotic, F|14\/100 brn\n|turn|21\n|\n|t:|1698251628\n|move|p1b: Milotic|Protect|p1b: Milotic\n|-singleturn|p1b: Milotic|Protect\n|move|p2a: Jirachi|Follow Me|p2a: Jirachi\n|-singleturn|p2a: Jirachi|move: Follow Me\n|move|p2b: Ninetales|Blizzard|p1b: Milotic|[spread] p1a\n|-activate|p1b: Milotic|move: Protect\n|-damage|p1a: Corsola|45\/100\n|move|p1a: Corsola|Hex|p2a: Jirachi\n|-supereffective|p2a: Jirachi\n|-damage|p2a: Jirachi|96\/100\n|\n|-heal|p2b: Ninetales|25\/100 brn|[from] item: Leftovers\n|-heal|p1a: Corsola|51\/100|[from] item: Leftovers\n|-damage|p2b: Ninetales|19\/100 brn|[from] brn\n|-damage|p1b: Milotic|8\/100 brn|[from] brn\n|upkeep\n|turn|22\n|\n|t:|1698251651\n|move|p2a: Jirachi|Follow Me|p2a: Jirachi\n|-singleturn|p2a: Jirachi|move: Follow Me\n|move|p2b: Ninetales|Freeze-Dry|p1b: Milotic\n|-supereffective|p1b: Milotic\n|-damage|p1b: Milotic|0 fnt\n|faint|p1b: Milotic\n|move|p1a: Corsola|Strength Sap|p2a: Jirachi\n|-unboost|p2a: Jirachi|atk|1\n|-heal|p1a: Corsola|71\/100\n|\n|-heal|p2b: Ninetales|25\/100 brn|[from] item: Leftovers\n|-heal|p1a: Corsola|77\/100|[from] item: Leftovers\n|-damage|p2b: Ninetales|19\/100 brn|[from] brn\n|upkeep\n|\n|t:|1698251665\n|switch|p1b: Dhelmise|Dhelmise|100\/100\n|turn|23\n|\n|t:|1698251687\n|move|p2a: Jirachi|Follow Me|p2a: Jirachi\n|-singleturn|p2a: Jirachi|move: Follow Me\n|move|p2b: Ninetales|Freeze-Dry|p1b: Dhelmise\n|-supereffective|p1b: Dhelmise\n|-damage|p1b: Dhelmise|37\/100\n|move|p1b: Dhelmise|Shadow Claw|p2a: Jirachi\n|-supereffective|p2a: Jirachi\n|-damage|p2a: Jirachi|78\/100\n|move|p1a: Corsola|Will-O-Wisp|p2a: Jirachi\n|-status|p2a: Jirachi|brn\n|\n|-heal|p2b: Ninetales|25\/100 brn|[from] item: Leftovers\n|-heal|p1a: Corsola|83\/100|[from] item: Leftovers\n|-damage|p2b: Ninetales|19\/100 brn|[from] brn\n|-damage|p2a: Jirachi|72\/100 brn|[from] brn\n|-end|p2a: Jirachi|Disable\n|upkeep\n|turn|24\n|inactive|MermaidSiren has 120 seconds left.\n|\n|t:|1698251718\n|move|p2b: Ninetales|Freeze-Dry|p1b: Dhelmise\n|-supereffective|p1b: Dhelmise\n|-damage|p1b: Dhelmise|0 fnt\n|faint|p1b: Dhelmise\n|move|p2a: Jirachi|Energy Ball|p1a: Corsola\n|-damage|p1a: Corsola|63\/100\n|move|p1a: Corsola|Hex|p2b: Ninetales\n|-damage|p2b: Ninetales|0 fnt\n|faint|p2b: Ninetales\n|\n|-heal|p1a: Corsola|69\/100|[from] item: Leftovers\n|-damage|p2a: Jirachi|65\/100 brn|[from] brn\n|upkeep\n|\n|t:|1698251731\n|switch|p2b: Iron Bundle|Iron Bundle|100\/100\n|switch|p1b: Primarina|Primarina, F, shiny|15\/100\n|-enditem|p2b: Iron Bundle|Booster Energy\n|-activate|p2b: Iron Bundle|ability: Quark Drive|[fromitem]\n|-start|p2b: Iron Bundle|quarkdrivespe\n|turn|25\n|\n|t:|1698251754\n|-terastallize|p1b: Primarina|Fairy\n|move|p2b: Iron Bundle|Freeze-Dry|p1a: Corsola\n|-damage|p1a: Corsola|38\/100\n|move|p2a: Jirachi|Energy Ball|p1b: Primarina\n|-damage|p1b: Primarina|4\/100\n|move|p1b: Primarina|Moonblast|p2b: Iron Bundle\n|-damage|p2b: Iron Bundle|0 fnt\n|faint|p2b: Iron Bundle\n|-end|p2b: Iron Bundle|Quark Drive|[silent]\n|move|p1a: Corsola|Strength Sap|p2a: Jirachi\n|-unboost|p2a: Jirachi|atk|1\n|-heal|p1a: Corsola|56\/100\n|\n|-heal|p1a: Corsola|61\/100|[from] item: Leftovers\n|-damage|p2a: Jirachi|59\/100 brn|[from] brn\n|upkeep\n|turn|26\n|c|\u2606ARCH1V3D|uh oh\n|\n|t:|1698251779\n|move|p2a: Jirachi|Energy Ball|p1b: Primarina\n|-damage|p1b: Primarina|0 fnt\n|faint|p1b: Primarina\n|move|p1a: Corsola|Hex|p2a: Jirachi\n|-supereffective|p2a: Jirachi\n|-damage|p2a: Jirachi|49\/100 brn\n|\n|-heal|p1a: Corsola|67\/100|[from] item: Leftovers\n|-damage|p2a: Jirachi|43\/100 brn|[from] brn\n|upkeep\n|turn|27\n|\n|t:|1698251789\n|move|p2a: Jirachi|Energy Ball|p1a: Corsola\n|-damage|p1a: Corsola|47\/100\n|-start|p2a: Jirachi|Disable|Energy Ball|[from] ability: Cursed Body|[of] p1a: Corsola\n|move|p1a: Corsola|Hex|p2a: Jirachi\n|-supereffective|p2a: Jirachi\n|-damage|p2a: Jirachi|32\/100 brn\n|\n|-heal|p1a: Corsola|53\/100|[from] item: Leftovers\n|-damage|p2a: Jirachi|26\/100 brn|[from] brn\n|upkeep\n|turn|28\n|\n|t:|1698251800\n|move|p2a: Jirachi|Wish|p2a: Jirachi\n|move|p1a: Corsola|Hex|p2a: Jirachi\n|-supereffective|p2a: Jirachi\n|-damage|p2a: Jirachi|15\/100 brn\n|\n|-heal|p1a: Corsola|59\/100|[from] item: Leftovers\n|-damage|p2a: Jirachi|9\/100 brn|[from] brn\n|upkeep\n|turn|29\n|\n|t:|1698251808\n|move|p2a: Jirachi|Cosmic Power|p2a: Jirachi\n|-boost|p2a: Jirachi|def|0\n|-boost|p2a: Jirachi|spd|0\n|move|p1a: Corsola|Hex|p2a: Jirachi\n|-supereffective|p2a: Jirachi\n|-damage|p2a: Jirachi|0 fnt\n|faint|p2a: Jirachi\n|\n|win|MermaidSiren\n|raw|MermaidSiren's rating: 1124 &rarr; <strong>1143<\/strong><br \/>(+19 for winning)\n|raw|ARCH1V3D's rating: 1044 &rarr; <strong>1031<\/strong><br \/>(-13 for losing)\n|l|\u2606ARCH1V3D\n|c|\u2606MermaidSiren|LOL\n","uploadtime":1698251841,"views":15,"p1id":"mermaidsiren","p2id":"arch1v3d","formatid":"gen9nationaldexdoubles","rating":1031,"private":0,"password":""}