{"id":"gen9nationaldexdoubles-1973447519","p1":"ug pio","p2":"unknowndsrfdfaafa","format":"[Gen 9] National Dex Doubles","log":"|j|\u2606ug pio\n|j|\u2606unknowndsrfdfaafa\n|t:|1697977088\n|gametype|doubles\n|player|p1|ug pio|camper|1077\n|player|p2|unknowndsrfdfaafa|dawn|1065\n|teamsize|p1|6\n|teamsize|p2|6\n|gen|9\n|tier|[Gen 9] National Dex Doubles\n|rated|\n|rule|HP Percentage Mod: HP is shown in percentages\n|rule|Endless Battle Clause: Forcing endless battles is banned\n|rule|OHKO Clause: OHKO moves are banned\n|rule|Evasion Moves Clause: Evasion moves are banned\n|rule|Evasion Abilities Clause: Evasion abilities are banned\n|rule|Species Clause: Limit one of each Pok\u00e9mon\n|rule|Gravity Sleep Clause: The combination of sleep-inducing moves with imperfect accuracy and Gravity or Gigantamax Orbeetle are banned\n|clearpoke\n|poke|p1|Indeedee-F, F|\n|poke|p1|Oranguru, M|\n|poke|p1|Glastrier|\n|poke|p1|Hoopa-Unbound|\n|poke|p1|Ursaluna, M|\n|poke|p1|Zygarde|\n|poke|p2|Magmortar, F|\n|poke|p2|Gothitelle, F|\n|poke|p2|Rampardos, F|\n|poke|p2|Skuntank, M|\n|poke|p2|Walrein, F|\n|poke|p2|Cradily, F|\n|teampreview\n|inactive|Battle timer is ON: inactive players will automatically lose when time's up. (requested by unknowndsrfdfaafa)\n|inactive|unknowndsrfdfaafa has 120 seconds left.\n|\n|t:|1697977140\n|start\n|switch|p1a: Hoopa|Hoopa-Unbound|100\/100\n|switch|p1b: Zygarde|Zygarde|100\/100\n|switch|p2a: Gothitelle|Gothitelle, F|100\/100\n|switch|p2b: Skuntank|Skuntank, M|100\/100\n|-ability|p1b: Zygarde|Aura Break\n|turn|1\n|\n|t:|1697977158\n|move|p2a: Gothitelle|Fake Out|p1b: Zygarde\n|-damage|p1b: Zygarde|97\/100\n|move|p2b: Skuntank|Toxic Spikes|p1b: Zygarde\n|-sidestart|p1: ug pio|move: Toxic Spikes\n|cant|p1b: Zygarde|flinch\n|move|p1a: Hoopa|Trick Room|p1a: Hoopa\n|-fieldstart|move: Trick Room|[of] p1a: Hoopa\n|-enditem|p1b: Zygarde|Room Service\n|-unboost|p1b: Zygarde|spe|1|[from] item: Room Service\n|-enditem|p1a: Hoopa|Room Service\n|-unboost|p1a: Hoopa|spe|1|[from] item: Room Service\n|\n|upkeep\n|turn|2\n|\n|t:|1697977180\n|move|p1a: Hoopa|Dark Pulse|p2a: Gothitelle\n|-supereffective|p2a: Gothitelle\n|-damage|p2a: Gothitelle|0 fnt\n|faint|p2a: Gothitelle\n|move|p1b: Zygarde|Coil|p1b: Zygarde\n|-boost|p1b: Zygarde|atk|1\n|-boost|p1b: Zygarde|def|1\n|-boost|p1b: Zygarde|accuracy|1\n|move|p2b: Skuntank|Toxic Spikes|p1a: Hoopa\n|-sidestart|p1: ug pio|move: Toxic Spikes\n|\n|upkeep\n|\n|t:|1697977190\n|switch|p2a: Walrein|Walrein, F|100\/100\n|turn|3\n|inactive|unknowndsrfdfaafa has 120 seconds left.\n|\n|t:|1697977222\n|-terastallize|p1b: Zygarde|Steel\n|move|p2b: Skuntank|Sucker Punch|p1a: Hoopa\n|-damage|p1a: Hoopa|67\/100\n|move|p1a: Hoopa|Dark Pulse|p2a: Walrein\n|-damage|p2a: Walrein|58\/100\n|-item|p1a: Hoopa|Chesto Berry|[from] ability: Magician|[of] p2a: Walrein\n|move|p1b: Zygarde|Coil|p1b: Zygarde\n|-boost|p1b: Zygarde|atk|1\n|-boost|p1b: Zygarde|def|1\n|-boost|p1b: Zygarde|accuracy|1\n|cant|p2a: Walrein|flinch\n|\n|upkeep\n|turn|4\n|\n|t:|1697977251\n|switch|p2b: Cradily|Cradily, F|100\/100\n|move|p1a: Hoopa|Dark Pulse|p2a: Walrein\n|-damage|p2a: Walrein|16\/100\n|move|p1b: Zygarde|Coil|p1b: Zygarde\n|-boost|p1b: Zygarde|atk|1\n|-boost|p1b: Zygarde|def|1\n|-boost|p1b: Zygarde|accuracy|1\n|move|p2a: Walrein|Surf|p1b: Zygarde|[spread] p1a,p1b\n|-ability|p2b: Cradily|Storm Drain|boost\n|-boost|p2b: Cradily|spa|1\n|-damage|p1a: Hoopa|52\/100\n|-damage|p1b: Zygarde|84\/100\n|\n|upkeep\n|turn|5\n|\n|t:|1697977266\n|move|p1a: Hoopa|Dark Pulse|p2b: Cradily\n|-crit|p2b: Cradily\n|-damage|p2b: Cradily|27\/100\n|move|p1b: Zygarde|Thousand Arrows|p2a: Walrein|[spread] p2a,p2b\n|-damage|p2a: Walrein|0 fnt\n|-damage|p2b: Cradily|0 fnt\n|faint|p2a: Walrein\n|faint|p2b: Cradily\n|\n|-fieldend|move: Trick Room\n|upkeep\n|-message|unknowndsrfdfaafa forfeited.\n|\n|win|ug pio\n|raw|ug pio's rating: 1077 &rarr; <strong>1104<\/strong><br \/>(+27 for winning)\n|raw|unknowndsrfdfaafa's rating: 1065 &rarr; <strong>1046<\/strong><br \/>(-19 for losing)\n|l|\u2606unknowndsrfdfaafa\n","uploadtime":1697977283,"views":10,"p1id":"ugpio","p2id":"unknowndsrfdfaafa","formatid":"gen9nationaldexdoubles","rating":1046,"private":0,"password":""}