{"id":"gen9nationaldexdoubles-1997205047","p1":"Luguca","p2":"Theadonia","format":"[Gen 9] National Dex Doubles","log":"|j|\u2606Luguca\n|j|\u2606Theadonia\n|t:|1700775363\n|gametype|doubles\n|player|p1|Luguca|caitlin|1108\n|player|p2|Theadonia|roxie|1076\n|teamsize|p1|6\n|teamsize|p2|6\n|gen|9\n|tier|[Gen 9] National Dex Doubles\n|rated|\n|rule|HP Percentage Mod: HP is shown in percentages\n|rule|Endless Battle Clause: Forcing endless battles is banned\n|rule|OHKO Clause: OHKO moves are banned\n|rule|Evasion Moves Clause: Evasion moves are banned\n|rule|Evasion Abilities Clause: Evasion abilities are banned\n|rule|Species Clause: Limit one of each Pok\u00e9mon\n|rule|Gravity Sleep Clause: The combination of sleep-inducing moves with imperfect accuracy and Gravity or Gigantamax Orbeetle are banned\n|clearpoke\n|poke|p1|Hippowdon, F|\n|poke|p1|Garganacl, F|\n|poke|p1|Ogerpon-Wellspring, F|\n|poke|p1|Flutter Mane|\n|poke|p1|Cottonee, F|\n|poke|p1|Incineroar, F|\n|poke|p2|Delphox, F|\n|poke|p2|Oricorio-Sensu, F|\n|poke|p2|Kommo-o, M|\n|poke|p2|Wailord, M|\n|poke|p2|Cresselia, F|\n|poke|p2|Ribombee, F|\n|teampreview\n|\n|t:|1700775375\n|start\n|switch|p1a: Hippowdon|Hippowdon, F, shiny|100\/100\n|switch|p1b: Garganacl|Garganacl, F|100\/100\n|switch|p2a: Oricorio|Oricorio-Sensu, F, shiny|100\/100\n|switch|p2b: Ribombee|Ribombee, F|100\/100\n|-weather|Sandstorm|[from] ability: Sand Stream|[of] p1a: Hippowdon\n|turn|1\n|\n|t:|1700775391\n|move|p2b: Ribombee|Quiver Dance|p2b: Ribombee\n|-boost|p2b: Ribombee|spa|1\n|-boost|p2b: Ribombee|spd|1\n|-boost|p2b: Ribombee|spe|1\n|-activate|p2a: Oricorio|ability: Dancer\n|move|p2a: Oricorio|Quiver Dance|p2a: Oricorio|[from]ability: Dancer\n|-boost|p2a: Oricorio|spa|1\n|-boost|p2a: Oricorio|spd|1\n|-boost|p2a: Oricorio|spe|1\n|move|p2a: Oricorio|Quiver Dance|p2a: Oricorio\n|-boost|p2a: Oricorio|spa|1\n|-boost|p2a: Oricorio|spd|1\n|-boost|p2a: Oricorio|spe|1\n|move|p1a: Hippowdon|Sand Tomb|p2b: Ribombee\n|-resisted|p2b: Ribombee\n|-crit|p2b: Ribombee\n|-damage|p2b: Ribombee|81\/100\n|-activate|p2b: Ribombee|move: Sand Tomb|[of] p1a: Hippowdon\n|move|p1b: Garganacl|Salt Cure|p2b: Ribombee\n|-supereffective|p2b: Ribombee\n|-damage|p2b: Ribombee|21\/100\n|-start|p2b: Ribombee|Salt Cure\n|\n|-weather|Sandstorm|[upkeep]\n|-damage|p2b: Ribombee|15\/100|[from] Sandstorm\n|-damage|p2a: Oricorio|94\/100|[from] Sandstorm\n|-damage|p2b: Ribombee|0 fnt|[from] move: Sand Tomb|[partiallytrapped]\n|faint|p2b: Ribombee\n|upkeep\n|\n|t:|1700775396\n|switch|p2b: Kommo-o|Kommo-o, M, shiny|100\/100\n|turn|2\n|\n|t:|1700775424\n|move|p1b: Garganacl|Wide Guard|p1b: Garganacl\n|-singleturn|p1b: Garganacl|Wide Guard\n|move|p2a: Oricorio|Substitute|p2a: Oricorio\n|-start|p2a: Oricorio|Substitute\n|-damage|p2a: Oricorio|69\/100\n|move|p2b: Kommo-o|Clangorous Soul|p2b: Kommo-o\n|-boost|p2b: Kommo-o|atk|1\n|-boost|p2b: Kommo-o|def|1\n|-boost|p2b: Kommo-o|spa|1\n|-boost|p2b: Kommo-o|spd|1\n|-boost|p2b: Kommo-o|spe|1\n|-damage|p2b: Kommo-o|68\/100\n|-activate|p2a: Oricorio|ability: Dancer\n|move|p2a: Oricorio|Clangorous Soul|p2a: Oricorio|[from]ability: Dancer\n|-boost|p2a: Oricorio|atk|1\n|-boost|p2a: Oricorio|def|1\n|-boost|p2a: Oricorio|spa|1\n|-boost|p2a: Oricorio|spd|1\n|-boost|p2a: Oricorio|spe|1\n|-damage|p2a: Oricorio|36\/100\n|move|p1a: Hippowdon|Yawn|p2b: Kommo-o\n|-start|p2b: Kommo-o|move: Yawn|[of] p1a: Hippowdon\n|\n|-weather|Sandstorm|[upkeep]\n|-damage|p2a: Oricorio|30\/100|[from] Sandstorm\n|-damage|p2b: Kommo-o|61\/100|[from] Sandstorm\n|upkeep\n|turn|3\n|\n|t:|1700775448\n|move|p1a: Hippowdon|Protect|p1a: Hippowdon\n|-singleturn|p1a: Hippowdon|Protect\n|move|p1b: Garganacl|Protect|p1b: Garganacl\n|-singleturn|p1b: Garganacl|Protect\n|move|p2a: Oricorio|Quiver Dance|p2a: Oricorio\n|-boost|p2a: Oricorio|spa|1\n|-boost|p2a: Oricorio|spd|1\n|-boost|p2a: Oricorio|spe|1\n|move|p2b: Kommo-o|Drain Punch|p1b: Garganacl\n|-activate|p1b: Garganacl|move: Protect\n|\n|-weather|Sandstorm|[upkeep]\n|-damage|p2a: Oricorio|24\/100|[from] Sandstorm\n|-damage|p2b: Kommo-o|55\/100|[from] Sandstorm\n|-enditem|p2a: Oricorio|Aguav Berry|[eat]\n|-heal|p2a: Oricorio|57\/100|[from] item: Aguav Berry\n|-end|p2b: Kommo-o|move: Yawn|[silent]\n|-status|p2b: Kommo-o|slp\n|upkeep\n|turn|4\n|\n|t:|1700775469\n|move|p2a: Oricorio|Quiver Dance|p2a: Oricorio\n|-boost|p2a: Oricorio|spa|1\n|-boost|p2a: Oricorio|spd|1\n|-boost|p2a: Oricorio|spe|1\n|cant|p2b: Kommo-o|slp\n|move|p1a: Hippowdon|Sand Tomb|p2b: Kommo-o\n|-damage|p2b: Kommo-o|46\/100 slp\n|-activate|p2b: Kommo-o|move: Sand Tomb|[of] p1a: Hippowdon\n|move|p1b: Garganacl|Salt Cure|p2a: Oricorio\n|-supereffective|p2a: Oricorio\n|-activate|p2a: Oricorio|move: Substitute|[damage]\n|\n|-weather|Sandstorm|[upkeep]\n|-damage|p2a: Oricorio|51\/100|[from] Sandstorm\n|-damage|p2b: Kommo-o|40\/100 slp|[from] Sandstorm\n|-damage|p2b: Kommo-o|23\/100 slp|[from] move: Sand Tomb|[partiallytrapped]\n|upkeep\n|turn|5\n|\n|t:|1700775498\n|move|p2a: Oricorio|Baton Pass|p2a: Oricorio\n|\n|t:|1700775501\n|switch|p2a: Wailord|Wailord, M, shiny|100\/100|[from] Baton Pass\n|-ability|p2a: Wailord|Pressure\n|cant|p2b: Kommo-o|slp\n|move|p1a: Hippowdon|Yawn||[still]\n|-fail|p1a: Hippowdon\n|move|p1b: Garganacl|Salt Cure|p2b: Kommo-o\n|-resisted|p2b: Kommo-o\n|-damage|p2b: Kommo-o|19\/100 slp\n|-start|p2b: Kommo-o|Salt Cure\n|\n|-weather|none\n|-damage|p2b: Kommo-o|2\/100 slp|[from] move: Sand Tomb|[partiallytrapped]\n|-damage|p2b: Kommo-o|0 fnt|[from] Salt Cure\n|faint|p2b: Kommo-o\n|upkeep\n|\n|t:|1700775513\n|switch|p2b: Cresselia|Cresselia, F|100\/100\n|turn|6\n|\n|t:|1700775531\n|switch|p1a: Cottonee|Cottonee, F|100\/100\n|move|p2a: Wailord|Water Spout|p1a: Cottonee|[spread] p1a,p1b\n|-resisted|p1a: Cottonee\n|-supereffective|p1b: Garganacl\n|-damage|p1a: Cottonee|8\/100\n|-damage|p1b: Garganacl|0 fnt\n|faint|p1b: Garganacl\n|move|p2b: Cresselia|Psych Up|p2a: Wailord\n|-copyboost|p2b: Cresselia|p2a: Wailord|[from] move: Psych Up\n|\n|upkeep\n|\n|t:|1700775545\n|switch|p1b: Ogerpon|Ogerpon-Wellspring, F|100\/100\n|turn|7\n|\n|t:|1700775555\n|move|p1b: Ogerpon|Spiky Shield|p1b: Ogerpon\n|-singleturn|p1b: Ogerpon|move: Protect\n|move|p1a: Cottonee|Tailwind|p1a: Cottonee\n|-sidestart|p1: Luguca|move: Tailwind\n|move|p2b: Cresselia|Stored Power|p1b: Ogerpon\n|-activate|p1b: Ogerpon|move: Protect\n|move|p2a: Wailord|Hidden Power|p1a: Cottonee\n|-resisted|p1a: Cottonee\n|-damage|p1a: Cottonee|0 fnt\n|faint|p1a: Cottonee\n|\n|upkeep\n|\n|t:|1700775568\n|switch|p1a: Incineroar|Incineroar, F|100\/100\n|-ability|p1a: Incineroar|Intimidate|boost\n|-immune|p2a: Wailord\n|-unboost|p2b: Cresselia|atk|1\n|turn|8\n|\n|t:|1700775577\n|move|p1a: Incineroar|Fake Out|p2b: Cresselia\n|-damage|p2b: Cresselia|96\/100\n|cant|p2b: Cresselia|flinch\n|move|p1b: Ogerpon|Horn Leech|p2a: Wailord\n|-supereffective|p2a: Wailord\n|-end|p2a: Wailord|Substitute\n|move|p2a: Wailord|Water Spout|p1a: Incineroar|[spread] p1a\n|-immune|p1b: Ogerpon|[from] ability: Water Absorb\n|-supereffective|p1a: Incineroar\n|-damage|p1a: Incineroar|0 fnt\n|faint|p1a: Incineroar\n|\n|-heal|p2b: Cresselia|100\/100|[from] item: Leftovers\n|upkeep\n|\n|t:|1700775591\n|switch|p1a: Flutter Mane|Flutter Mane|100\/100\n|-enditem|p1a: Flutter Mane|Booster Energy\n|-activate|p1a: Flutter Mane|ability: Protosynthesis|[fromitem]\n|-start|p1a: Flutter Mane|protosynthesisspe\n|turn|9\n|\n|t:|1700775609\n|move|p1a: Flutter Mane|Icy Wind|p2a: Wailord|[spread] p2a,p2b\n|-resisted|p2a: Wailord\n|-damage|p2a: Wailord|98\/100\n|-damage|p2b: Cresselia|98\/100\n|-unboost|p2a: Wailord|spe|1\n|-unboost|p2b: Cresselia|spe|1\n|move|p2b: Cresselia|Stored Power|p1b: Ogerpon\n|-damage|p1b: Ogerpon|0 fnt\n|faint|p1b: Ogerpon\n|move|p2a: Wailord|Water Spout|p1a: Flutter Mane\n|-damage|p1a: Flutter Mane|0 fnt\n|faint|p1a: Flutter Mane\n|-end|p1a: Flutter Mane|Protosynthesis|[silent]\n|\n|-heal|p2b: Cresselia|100\/100|[from] item: Leftovers\n|-heal|p2a: Wailord|100\/100|[from] item: Leftovers\n|upkeep\n|\n|t:|1700775625\n|switch|p1a: Hippowdon|Hippowdon, F, shiny|100\/100\n|-weather|Sandstorm|[from] ability: Sand Stream|[of] p1a: Hippowdon\n|turn|10\n|\n|t:|1700775632\n|-terastallize|p1a: Hippowdon|Grass\n|move|p2b: Cresselia|Stored Power|p1a: Hippowdon\n|-damage|p1a: Hippowdon|0 fnt\n|faint|p1a: Hippowdon\n|\n|win|Theadonia\n|raw|Luguca's rating: 1108 &rarr; <strong>1081<\/strong><br \/>(-27 for losing)\n|raw|Theadonia's rating: 1076 &rarr; <strong>1107<\/strong><br \/>(+31 for winning)\n|l|\u2606Luguca\n","uploadtime":1700775639,"views":0,"p1id":"luguca","p2id":"theadonia","formatid":"gen9nationaldexdoubles","rating":1081,"private":0,"password":""}