{"id":"gen9nationaldexdoubles-1956555369","p1":"Noonmaster9818","p2":"potential paradox","format":"[Gen 9] National Dex Doubles","log":"|j|\u2606Noonmaster9818\n|j|\u2606potential paradox\n|t:|1696120369\n|gametype|doubles\n|player|p1|Noonmaster9818|policeman-gen4|1288\n|player|p2|potential paradox|boarder|1309\n|teamsize|p1|6\n|teamsize|p2|6\n|gen|9\n|tier|[Gen 9] National Dex Doubles\n|rated|\n|rule|HP Percentage Mod: HP is shown in percentages\n|rule|Endless Battle Clause: Forcing endless battles is banned\n|rule|OHKO Clause: OHKO moves are banned\n|rule|Evasion Moves Clause: Evasion moves are banned\n|rule|Evasion Abilities Clause: Evasion abilities are banned\n|rule|Species Clause: Limit one of each Pok\u00e9mon\n|rule|Gravity Sleep Clause: The combination of sleep-inducing moves with imperfect accuracy and Gravity or Gigantamax Orbeetle are banned\n|clearpoke\n|poke|p1|Regigigas|\n|poke|p1|Scizor, F|\n|poke|p1|Whimsicott, F|\n|poke|p1|Thundurus, M|\n|poke|p1|Garchomp, M|\n|poke|p1|Ceruledge, M|\n|poke|p2|Incineroar, F|\n|poke|p2|Blastoise, F|\n|poke|p2|Jirachi|\n|poke|p2|Diancie|\n|poke|p2|Lucario, M|\n|poke|p2|Volcanion|\n|teampreview\n|inactive|Battle timer is ON: inactive players will automatically lose when time's up. (requested by potential paradox)\n|inactive|Noonmaster9818 also wants the timer to be on.\n|\n|t:|1696120383\n|start\n|switch|p1a: Ceruledge|Ceruledge, M|100\/100\n|switch|p1b: Garchomp|Garchomp, M|100\/100\n|switch|p2a: Incineroar|Incineroar, F|100\/100\n|switch|p2b: Blastoise|Blastoise, F|100\/100\n|-item|p1a: Ceruledge|Air Balloon\n|-ability|p2a: Incineroar|Intimidate|boost\n|-unboost|p1a: Ceruledge|atk|1\n|-unboost|p1b: Garchomp|atk|1\n|turn|1\n|\n|t:|1696120408\n|move|p2a: Incineroar|Fake Out|p1b: Garchomp\n|-damage|p1b: Garchomp|89\/100\n|-damage|p2a: Incineroar|88\/100|[from] ability: Rough Skin|[of] p1b: Garchomp\n|cant|p1b: Garchomp|flinch\n|move|p2b: Blastoise|Shell Smash|p2b: Blastoise\n|-unboost|p2b: Blastoise|def|1\n|-unboost|p2b: Blastoise|spd|1\n|-boost|p2b: Blastoise|atk|2\n|-boost|p2b: Blastoise|spa|2\n|-boost|p2b: Blastoise|spe|2\n|move|p1a: Ceruledge|Close Combat|p2a: Incineroar\n|-supereffective|p2a: Incineroar\n|-damage|p2a: Incineroar|40\/100\n|-unboost|p1a: Ceruledge|def|1\n|-unboost|p1a: Ceruledge|spd|1\n|-enditem|p2a: Incineroar|Sitrus Berry|[eat]\n|-heal|p2a: Incineroar|65\/100|[from] item: Sitrus Berry\n|\n|upkeep\n|turn|2\n|\n|t:|1696120428\n|move|p1a: Ceruledge|Shadow Sneak|p2b: Blastoise\n|-damage|p2b: Blastoise|78\/100\n|move|p2b: Blastoise|Water Pledge|p1a: Ceruledge\n|-supereffective|p1a: Ceruledge\n|-damage|p1a: Ceruledge|0 fnt\n|-enditem|p1a: Ceruledge|Air Balloon\n|faint|p1a: Ceruledge\n|-zpower|p1b: Garchomp\n|move|p1b: Garchomp|Tectonic Rage|p2b: Blastoise|[zeffect]\n|-damage|p2b: Blastoise|0 fnt\n|faint|p2b: Blastoise\n|move|p2a: Incineroar|Parting Shot|p1b: Garchomp\n|-unboost|p1b: Garchomp|atk|1\n|-unboost|p1b: Garchomp|spa|1\n|\n|t:|1696120438\n|switch|p2a: Lucario|Lucario, M|100\/100|[from] Parting Shot\n|\n|upkeep\n|\n|t:|1696120447\n|switch|p2b: Incineroar|Incineroar, F|65\/100\n|switch|p1a: Thundurus|Thundurus, M|100\/100\n|-ability|p2b: Incineroar|Intimidate|boost\n|-unboost|p1a: Thundurus|atk|1\n|-ability|p1a: Thundurus|Defiant|boost\n|-boost|p1a: Thundurus|atk|2\n|-unboost|p1b: Garchomp|atk|1\n|turn|3\n|\n|t:|1696120461\n|detailschange|p2a: Lucario|Lucario-Mega, M\n|-mega|p2a: Lucario|Lucario|Lucarionite\n|move|p1a: Thundurus|Protect|p1a: Thundurus\n|-singleturn|p1a: Thundurus|Protect\n|move|p1b: Garchomp|Protect|p1b: Garchomp\n|-singleturn|p1b: Garchomp|Protect\n|move|p2b: Incineroar|Fake Out|p1a: Thundurus\n|-activate|p1a: Thundurus|move: Protect\n|move|p2a: Lucario|Ice Punch|p1b: Garchomp\n|-activate|p1b: Garchomp|move: Protect\n|\n|upkeep\n|turn|4\n|\n|t:|1696120485\n|switch|p1b: Regigigas|Regigigas|100\/100\n|-start|p1b: Regigigas|ability: Slow Start\n|-terastallize|p1a: Thundurus|Flying\n|move|p2a: Lucario|Ice Punch|p1a: Thundurus\n|-supereffective|p1a: Thundurus\n|-damage|p1a: Thundurus|14\/100\n|move|p1a: Thundurus|Acrobatics|p2a: Lucario\n|-damage|p2a: Lucario|0 fnt\n|faint|p2a: Lucario\n|move|p2b: Incineroar|Knock Off|p1a: Thundurus\n|-damage|p1a: Thundurus|0 fnt\n|faint|p1a: Thundurus\n|\n|upkeep\n|\n|t:|1696120502\n|switch|p2a: Volcanion|Volcanion|100\/100\n|switch|p1a: Whimsicott|Whimsicott, F|100\/100\n|-item|p2a: Volcanion|Air Balloon\n|turn|5\n|\n|t:|1696120518\n|move|p2b: Incineroar|Fake Out||[still]\n|-hint|Fake Out only works on your first turn out.\n|-fail|p2b: Incineroar\n|move|p1a: Whimsicott|Worry Seed|p1b: Regigigas\n|-end|p1b: Regigigas|Slow Start|[silent]\n|-endability|p1b: Regigigas|Slow Start|[from] move: Worry Seed\n|-ability|p1b: Regigigas|Insomnia|[from] move: Worry Seed\n|move|p1b: Regigigas|High Horsepower|p2b: Incineroar\n|-supereffective|p2b: Incineroar\n|-damage|p2b: Incineroar|0 fnt\n|faint|p2b: Incineroar\n|move|p2a: Volcanion|Flamethrower|p1a: Whimsicott\n|-supereffective|p1a: Whimsicott\n|-enditem|p1a: Whimsicott|Focus Sash\n|-damage|p1a: Whimsicott|1\/100\n|\n|upkeep\n|\n|t:|1696120526\n|switch|p2b: Jirachi|Jirachi|100\/100\n|turn|6\n|\n|t:|1696120541\n|move|p1a: Whimsicott|Stun Spore|p2b: Jirachi\n|-status|p2b: Jirachi|par\n|move|p1b: Regigigas|Body Slam|p2a: Volcanion\n|-damage|p2a: Volcanion|56\/100\n|-enditem|p2a: Volcanion|Air Balloon\n|move|p2a: Volcanion|Steam Eruption|p1b: Regigigas\n|-damage|p1b: Regigigas|46\/100\n|move|p2b: Jirachi|Ancient Power|p1a: Whimsicott\n|-damage|p1a: Whimsicott|0 fnt\n|faint|p1a: Whimsicott\n|\n|upkeep\n|\n|t:|1696120555\n|switch|p1a: Garchomp|Garchomp, M|89\/100\n|turn|7\n|\n|t:|1696120567\n|move|p2a: Volcanion|Protect|p2a: Volcanion\n|-singleturn|p2a: Volcanion|Protect\n|move|p1a: Garchomp|Rock Slide|p2a: Volcanion|[spread] p2b\n|-activate|p2a: Volcanion|move: Protect\n|-resisted|p2b: Jirachi\n|-damage|p2b: Jirachi|89\/100 par\n|move|p1b: Regigigas|High Horsepower|p2a: Volcanion\n|-activate|p2a: Volcanion|move: Protect\n|move|p2b: Jirachi|Body Slam|p1a: Garchomp\n|-damage|p1a: Garchomp|66\/100\n|-status|p1a: Garchomp|par\n|-damage|p2b: Jirachi|76\/100 par|[from] ability: Rough Skin|[of] p1a: Garchomp\n|\n|upkeep\n|turn|8\n|\n|t:|1696120592\n|move|p1b: Regigigas|Protect|p1b: Regigigas\n|-singleturn|p1b: Regigigas|Protect\n|move|p2a: Volcanion|Steam Eruption|p1b: Regigigas\n|-activate|p1b: Regigigas|move: Protect\n|cant|p1a: Garchomp|par\n|move|p2b: Jirachi|Iron Head|p1a: Garchomp\n|-damage|p1a: Garchomp|33\/100 par\n|-damage|p2b: Jirachi|64\/100 par|[from] ability: Rough Skin|[of] p1a: Garchomp\n|\n|upkeep\n|turn|9\n|\n|t:|1696120606\n|move|p1b: Regigigas|High Horsepower|p2a: Volcanion\n|-supereffective|p2a: Volcanion\n|-damage|p2a: Volcanion|0 fnt\n|faint|p2a: Volcanion\n|move|p1a: Garchomp|Rock Slide|p2b: Jirachi\n|-resisted|p2b: Jirachi\n|-crit|p2b: Jirachi\n|-damage|p2b: Jirachi|43\/100 par\n|-enditem|p2b: Jirachi|Sitrus Berry|[eat]\n|-heal|p2b: Jirachi|68\/100 par|[from] item: Sitrus Berry\n|cant|p2b: Jirachi|flinch\n|\n|upkeep\n|\n|t:|1696120615\n|switch|p2a: Diancie|Diancie|100\/100\n|turn|10\n|\n|t:|1696120627\n|move|p1b: Regigigas|Protect|p1b: Regigigas\n|-singleturn|p1b: Regigigas|Protect\n|move|p2a: Diancie|Diamond Storm|p1b: Regigigas|[spread] p1a\n|-activate|p1b: Regigigas|move: Protect\n|-resisted|p1a: Garchomp\n|-damage|p1a: Garchomp|15\/100 par\n|-boost|p2a: Diancie|def|2\n|move|p1a: Garchomp|Earthquake|p2b: Jirachi|[spread] p2a,p2b\n|-activate|p1b: Regigigas|move: Protect\n|-supereffective|p2a: Diancie\n|-supereffective|p2b: Jirachi\n|-damage|p2a: Diancie|60\/100\n|-damage|p2b: Jirachi|0 fnt\n|-enditem|p2a: Diancie|Weakness Policy\n|-boost|p2a: Diancie|atk|2|[from] item: Weakness Policy\n|-boost|p2a: Diancie|spa|2|[from] item: Weakness Policy\n|faint|p2b: Jirachi\n|\n|upkeep\n|turn|11\n|\n|t:|1696120644\n|move|p1b: Regigigas|High Horsepower|p2a: Diancie\n|-supereffective|p2a: Diancie\n|-damage|p2a: Diancie|20\/100\n|move|p2a: Diancie|Rock Polish|p2a: Diancie\n|-boost|p2a: Diancie|spe|2\n|move|p1a: Garchomp|Rock Slide|p2a: Diancie\n|-damage|p2a: Diancie|6\/100\n|\n|upkeep\n|turn|12\n|\n|t:|1696120655\n|move|p2a: Diancie|Dazzling Gleam|p1b: Regigigas|[spread] p1a,p1b\n|-supereffective|p1a: Garchomp\n|-damage|p1a: Garchomp|0 fnt\n|-damage|p1b: Regigigas|12\/100\n|faint|p1a: Garchomp\n|move|p1b: Regigigas|Body Slam|p2a: Diancie\n|-resisted|p2a: Diancie\n|-damage|p2a: Diancie|0 fnt\n|faint|p2a: Diancie\n|\n|win|Noonmaster9818\n|raw|Noonmaster9818's rating: 1288 &rarr; <strong>1315<\/strong><br \/>(+27 for winning)\n|raw|potential paradox's rating: 1309 &rarr; <strong>1288<\/strong><br \/>(-21 for losing)\n|c|\u2606potential paradox|gg\n","uploadtime":1696120663,"views":7,"p1id":"noonmaster9818","p2id":"potentialparadox","formatid":"gen9nationaldexdoubles","rating":1288,"private":0,"password":""}