{"id":"gen9nationaldexdoubles-1996282635","p1":"Material Pain","p2":"Pancake Tuesday","format":"[Gen 9] National Dex Doubles","log":"|j|\u2606Material Pain\n|j|\u2606Pancake Tuesday\n|t:|1700667257\n|gametype|doubles\n|player|p1|Material Pain|hugh|1517\n|player|p2|Pancake Tuesday|cynthia|1396\n|teamsize|p1|6\n|teamsize|p2|6\n|gen|9\n|tier|[Gen 9] National Dex Doubles\n|rated|\n|rule|HP Percentage Mod: HP is shown in percentages\n|rule|Endless Battle Clause: Forcing endless battles is banned\n|rule|OHKO Clause: OHKO moves are banned\n|rule|Evasion Moves Clause: Evasion moves are banned\n|rule|Evasion Abilities Clause: Evasion abilities are banned\n|rule|Species Clause: Limit one of each Pok\u00e9mon\n|rule|Gravity Sleep Clause: The combination of sleep-inducing moves with imperfect accuracy and Gravity or Gigantamax Orbeetle are banned\n|clearpoke\n|poke|p1|Metagross|\n|poke|p1|Milotic, M|\n|poke|p1|Tapu Lele|\n|poke|p1|Armarouge, F|\n|poke|p1|Hydreigon, M|\n|poke|p1|Regieleki|\n|poke|p2|Deoxys-Attack|\n|poke|p2|Tapu Lele|\n|poke|p2|Landorus, M|\n|poke|p2|Zapdos|\n|poke|p2|Dragapult, M|\n|poke|p2|Metagross|\n|teampreview\n|inactive|Battle timer is ON: inactive players will automatically lose when time's up. (requested by Pancake Tuesday)\n|inactive|Pancake Tuesday has 120 seconds left.\n|\n|t:|1700667288\n|start\n|switch|p1a: Regieleki|Regieleki|100\/100\n|switch|p1b: Hydreigon|Hydreigon, M|100\/100\n|switch|p2a: Metagross|Metagross|100\/100\n|switch|p2b: Dragapult|Dragapult, M|100\/100\n|turn|1\n|inactive|Pancake Tuesday has 120 seconds left.\n|inactive|Material Pain has 120 seconds left.\n|inactive|Pancake Tuesday has 90 seconds left.\n|\n|t:|1700667371\n|detailschange|p2a: Metagross|Metagross-Mega\n|-mega|p2a: Metagross|Metagross|Metagrossite\n|-terastallize|p1b: Hydreigon|Dark\n|move|p1a: Regieleki|Electroweb|p2b: Dragapult|[spread] p2b\n|-miss|p1a: Regieleki|p2a: Metagross\n|-resisted|p2b: Dragapult\n|-damage|p2b: Dragapult|82\/100\n|move|p2b: Dragapult|Dragon Darts|p1b: Hydreigon\n|-damage|p1b: Hydreigon|61\/100\n|-anim|p2b: Dragapult|Dragon Darts|p1a: Regieleki\n|-damage|p1a: Regieleki|30\/100\n|move|p2a: Metagross|Stomping Tantrum|p1a: Regieleki\n|-supereffective|p1a: Regieleki\n|-damage|p1a: Regieleki|0 fnt\n|faint|p1a: Regieleki\n|move|p1b: Hydreigon|Dark Pulse|p2a: Metagross\n|-supereffective|p2a: Metagross\n|-damage|p2a: Metagross|0 fnt\n|faint|p2a: Metagross\n|\n|upkeep\n|inactive|Pancake Tuesday has 90 seconds left.\n|inactive|Pancake Tuesday has 60 seconds left.\n|l|\u2606Material Pain\n|inactive|Material Pain disconnected and has a minute to reconnect!\n|player|p1|\n|j|\u2606Material Pain\n|inactive|Material Pain reconnected.\n|player|p1|Material Pain|hugh\n|inactive|Pancake Tuesday has 30 seconds left.\n|inactive|Pancake Tuesday has 20 seconds left.\n|inactive|Pancake Tuesday has 15 seconds left.\n|inactive|Pancake Tuesday has 10 seconds left.\n|inactive|Pancake Tuesday has 5 seconds left.\n|\n|t:|1700667474\n|switch|p1a: Tapu Lele|Tapu Lele|100\/100\n|switch|p2a: Zapdos|Zapdos|100\/100\n|-fieldstart|move: Psychic Terrain|[from] ability: Psychic Surge|[of] p1a: Tapu Lele\n|-enditem|p2a: Zapdos|Psychic Seed\n|-boost|p2a: Zapdos|spd|1|[from] item: Psychic Seed\n|turn|2\n|inactive|Pancake Tuesday has 30 seconds left this turn.\n|inactive|Pancake Tuesday has 20 seconds left.\n|inactive|Pancake Tuesday has 15 seconds left.\n|\n|t:|1700667494\n|switch|p2b: Landorus|Landorus, M|100\/100\n|move|p1b: Hydreigon|Tailwind|p1b: Hydreigon\n|-sidestart|p1: Material Pain|move: Tailwind\n|move|p1a: Tapu Lele|Psyshock|p2a: Zapdos\n|-damage|p2a: Zapdos|49\/100\n|move|p2a: Zapdos|Tailwind|p2a: Zapdos\n|-sidestart|p2: Pancake Tuesday|move: Tailwind\n|\n|upkeep\n|turn|3\n|inactive|Pancake Tuesday has 30 seconds left.\n|inactive|Pancake Tuesday has 20 seconds left.\n|inactive|Material Pain has 120 seconds left.\n|\n|t:|1700667528\n|move|p2b: Landorus|Sludge Bomb|p1a: Tapu Lele\n|-supereffective|p1a: Tapu Lele\n|-damage|p1a: Tapu Lele|0 fnt\n|faint|p1a: Tapu Lele\n|move|p1b: Hydreigon|Dark Pulse|p2b: Landorus\n|-damage|p2b: Landorus|29\/100\n|move|p2a: Zapdos|Hurricane|p1b: Hydreigon|[miss]\n|-miss|p2a: Zapdos|p1b: Hydreigon\n|\n|upkeep\n|inactive|Pancake Tuesday has 25 seconds left this turn.\n|inactive|Material Pain has 120 seconds left.\n|\n|t:|1700667537\n|switch|p1a: Metagross|Metagross|100\/100\n|turn|4\n|inactive|Pancake Tuesday has 30 seconds left.\n|\n|t:|1700667562\n|detailschange|p1a: Metagross|Metagross-Mega\n|-mega|p1a: Metagross|Metagross|Metagrossite\n|move|p1a: Metagross|Ice Punch|p2b: Landorus\n|-supereffective|p2b: Landorus\n|-damage|p2b: Landorus|0 fnt\n|faint|p2b: Landorus\n|move|p1b: Hydreigon|Dark Pulse|p2a: Zapdos\n|-damage|p2a: Zapdos|21\/100\n|move|p2a: Zapdos|Thunderbolt|p1a: Metagross\n|-crit|p1a: Metagross\n|-damage|p1a: Metagross|35\/100\n|\n|upkeep\n|inactive|Pancake Tuesday has 30 seconds left.\n|\n|t:|1700667576\n|switch|p2b: Dragapult|Dragapult, M|82\/100\n|turn|5\n|\n|t:|1700667584\n|move|p1a: Metagross|Protect|p1a: Metagross\n|-singleturn|p1a: Metagross|Protect\n|move|p2b: Dragapult|Phantom Force||[still]\n|-prepare|p2b: Dragapult|Phantom Force\n|move|p1b: Hydreigon|Dark Pulse|p2b: Dragapult|[miss]\n|-miss|p1b: Hydreigon|p2b: Dragapult\n|move|p2a: Zapdos|Roost|p2a: Zapdos\n|-heal|p2a: Zapdos|71\/100\n|-singleturn|p2a: Zapdos|move: Roost\n|\n|-sideend|p2: Pancake Tuesday|move: Tailwind\n|-sideend|p1: Material Pain|move: Tailwind\n|upkeep\n|turn|6\n|inactive|Pancake Tuesday has 60 seconds left.\n|\n|t:|1700667598\n|switch|p1a: Milotic|Milotic, M|100\/100\n|move|p2b: Dragapult|Phantom Force|p1a: Milotic|[from]lockedmove\n|-damage|p1a: Milotic|19\/100\n|move|p1b: Hydreigon|Dark Pulse|p2b: Dragapult\n|-supereffective|p2b: Dragapult\n|-damage|p2b: Dragapult|0 fnt\n|faint|p2b: Dragapult\n|move|p2a: Zapdos|Thunderbolt|p1b: Hydreigon\n|-damage|p1b: Hydreigon|16\/100\n|\n|-fieldend|move: Psychic Terrain\n|upkeep\n|inactive|Pancake Tuesday has 60 seconds left.\n|\n|t:|1700667611\n|switch|p2b: Tapu Lele|Tapu Lele|100\/100\n|-fieldstart|move: Psychic Terrain|[from] ability: Psychic Surge|[of] p2b: Tapu Lele\n|turn|7\n|\n|t:|1700667630\n|move|p2b: Tapu Lele|Protect|p2b: Tapu Lele\n|-singleturn|p2b: Tapu Lele|Protect\n|move|p1b: Hydreigon|Tailwind|p1b: Hydreigon\n|-sidestart|p1: Material Pain|move: Tailwind\n|move|p1a: Milotic|Icy Wind|p2b: Tapu Lele|[spread] p2a\n|-activate|p2b: Tapu Lele|move: Protect\n|-supereffective|p2a: Zapdos\n|-damage|p2a: Zapdos|60\/100\n|-unboost|p2a: Zapdos|spe|1\n|move|p2a: Zapdos|Tailwind|p2a: Zapdos\n|-sidestart|p2: Pancake Tuesday|move: Tailwind\n|\n|upkeep\n|turn|8\n|\n|t:|1700667647\n|move|p1b: Hydreigon|Dark Pulse|p2a: Zapdos\n|-damage|p2a: Zapdos|33\/100\n|move|p2b: Tapu Lele|Psychic|p1a: Milotic\n|-crit|p1a: Milotic\n|-damage|p1a: Milotic|0 fnt\n|faint|p1a: Milotic\n|move|p2a: Zapdos|Thunderbolt|p1b: Hydreigon\n|-damage|p1b: Hydreigon|0 fnt\n|faint|p1b: Hydreigon\n|\n|upkeep\n|\n|t:|1700667651\n|switch|p1b: Metagross|Metagross-Mega|35\/100\n|switch|p1a: Armarouge|Armarouge, F|100\/100\n|turn|9\n|\n|t:|1700667675\n|move|p2b: Tapu Lele|Protect|p2b: Tapu Lele\n|-singleturn|p2b: Tapu Lele|Protect\n|move|p1b: Metagross|Iron Head|p2b: Tapu Lele\n|-activate|p2b: Tapu Lele|move: Protect\n|move|p1a: Armarouge|Expanding Force|p2b: Tapu Lele|[spread] p2a\n|-activate|p2b: Tapu Lele|move: Protect\n|-damage|p2a: Zapdos|0 fnt\n|faint|p2a: Zapdos\n|\n|upkeep\n|\n|t:|1700667684\n|switch|p2a: Deoxys|Deoxys-Attack|100\/100\n|-ability|p2a: Deoxys|Pressure\n|turn|10\n|inactive|Pancake Tuesday has 120 seconds left.\n|\n|t:|1700667701\n|move|p2a: Deoxys|Knock Off|p1b: Metagross\n|-supereffective|p1b: Metagross\n|-damage|p1b: Metagross|0 fnt\n|faint|p1b: Metagross\n|-zpower|p2b: Tapu Lele\n|move|p2b: Tapu Lele|Shattered Psyche|p1a: Armarouge|[zeffect]\n|-resisted|p1a: Armarouge\n|-damage|p1a: Armarouge|20\/100\n|move|p1a: Armarouge|Expanding Force|p2b: Tapu Lele|[spread] p2a,p2b\n|-resisted|p2a: Deoxys\n|-resisted|p2b: Tapu Lele\n|-enditem|p2a: Deoxys|Focus Sash\n|-damage|p2a: Deoxys|1\/100\n|-damage|p2b: Tapu Lele|50\/100\n|\n|-sideend|p1: Material Pain|move: Tailwind\n|-sideend|p2: Pancake Tuesday|move: Tailwind\n|upkeep\n|turn|11\n|-message|Material Pain forfeited.\n|\n|win|Pancake Tuesday\n|raw|Material Pain's rating: 1517 &rarr; <strong>1490<\/strong><br \/>(-27 for losing)\n|raw|Pancake Tuesday's rating: 1396 &rarr; <strong>1423<\/strong><br \/>(+27 for winning)\n|l|\u2606Material Pain\n","uploadtime":1700667949,"views":0,"p1id":"materialpain","p2id":"pancaketuesday","formatid":"gen9nationaldexdoubles","rating":1423,"private":0,"password":""}