{"id":"gen9nationaldexdoubles-1968006469","p1":"Relleth","p2":"Leonarth5","format":"[Gen 9] National Dex Doubles","log":"|j|\u2606Relleth\n|j|\u2606Leonarth5\n|t:|1697373149\n|gametype|doubles\n|player|p1|Relleth|wallace|\n|player|p2|Leonarth5|acetrainersnowf|\n|teamsize|p1|6\n|teamsize|p2|6\n|gen|9\n|tier|[Gen 9] National Dex Doubles\n|rule|HP Percentage Mod: HP is shown in percentages\n|rule|Endless Battle Clause: Forcing endless battles is banned\n|rule|OHKO Clause: OHKO moves are banned\n|rule|Evasion Moves Clause: Evasion moves are banned\n|rule|Evasion Abilities Clause: Evasion abilities are banned\n|rule|Species Clause: Limit one of each Pok\u00e9mon\n|rule|Gravity Sleep Clause: The combination of sleep-inducing moves with imperfect accuracy and Gravity or Gigantamax Orbeetle are banned\n|clearpoke\n|poke|p1|Sneasler, F|\n|poke|p1|Mew|\n|poke|p1|Tyranitar, F|\n|poke|p1|Togekiss, M|\n|poke|p1|Grimmsnarl, M|\n|poke|p1|Chi-Yu|\n|poke|p2|Muk-Alola, F|\n|poke|p2|Cresselia, F|\n|poke|p2|Azumarill, M|\n|poke|p2|Scizor, M|\n|poke|p2|Landorus, M|\n|poke|p2|Meowscarada, F|\n|teampreview\n|j| SgtSmilies\n|j| Datagne\n|\n|t:|1697373177\n|start\n|switch|p1a: Zucchini|Sneasler, F|100\/100\n|switch|p1b: Jam|Grimmsnarl, M|100\/100\n|switch|p2a: Scizor|Scizor, M|100\/100\n|switch|p2b: Cresselia|Cresselia, F, shiny|100\/100\n|turn|1\n|\n|t:|1697373205\n|move|p1b: Jam|Fake Out|p2b: Cresselia\n|-damage|p2b: Cresselia|92\/100\n|move|p2a: Scizor|Bullet Punch|p1b: Jam\n|-supereffective|p1b: Jam\n|-damage|p1b: Jam|0 fnt\n|faint|p1b: Jam\n|move|p1a: Zucchini|Fire Punch|p2a: Scizor\n|-supereffective|p2a: Scizor\n|-damage|p2a: Scizor|0 fnt\n|faint|p2a: Scizor\n|cant|p2b: Cresselia|flinch\n|\n|-heal|p2b: Cresselia|98\/100|[from] item: Leftovers\n|upkeep\n|\n|t:|1697373232\n|switch|p2a: Meowscarada|Meowscarada, F, shiny|100\/100\n|switch|p1b: Raspberry|Mew, shiny|100\/100\n|turn|2\n|\n|t:|1697373274\n|move|p2b: Cresselia|Helping Hand|p2a: Meowscarada\n|-singleturn|p2a: Meowscarada|Helping Hand|[of] p2b: Cresselia\n|move|p1b: Raspberry|Fake Out|p2b: Cresselia\n|-crit|p2b: Cresselia\n|-damage|p2b: Cresselia|90\/100\n|move|p1a: Zucchini|Fire Punch|p2a: Meowscarada\n|-supereffective|p2a: Meowscarada\n|-crit|p2a: Meowscarada\n|-enditem|p2a: Meowscarada|Focus Sash\n|-damage|p2a: Meowscarada|1\/100\n|-status|p2a: Meowscarada|psn|[from] ability: Poison Touch|[of] p1a: Zucchini\n|move|p2a: Meowscarada|Knock Off|p1b: Raspberry\n|-start|p2a: Meowscarada|typechange|Dark|[from] ability: Protean\n|-supereffective|p1b: Raspberry\n|-damage|p1b: Raspberry|0 fnt\n|-enditem|p1b: Raspberry|Bright Powder|[from] move: Knock Off|[of] p2a: Meowscarada\n|faint|p1b: Raspberry\n|\n|-heal|p2b: Cresselia|96\/100|[from] item: Leftovers\n|-damage|p2a: Meowscarada|0 fnt|[from] psn\n|faint|p2a: Meowscarada\n|upkeep\n|\n|t:|1697373298\n|switch|p2a: Azumarill|Azumarill, M|100\/100\n|switch|p1b: Cheese|Togekiss, M, shiny|100\/100\n|turn|3\n|\n|t:|1697373363\n|switch|p1a: El Rojo Pascado|Chi-Yu|100\/100\n|-ability|p1a: El Rojo Pascado|Beads of Ruin\n|switch|p2a: Landorus|Landorus, M|100\/100\n|move|p1b: Cheese|Tailwind|p1b: Cheese\n|-sidestart|p1: Relleth|move: Tailwind\n|move|p2b: Cresselia|Psychic|p1a: El Rojo Pascado\n|-immune|p1a: El Rojo Pascado\n|\n|-heal|p2b: Cresselia|100\/100|[from] item: Leftovers\n|upkeep\n|turn|4\n|\n|t:|1697373427\n|switch|p2b: Azumarill|Azumarill, M|100\/100\n|move|p1b: Cheese|Follow Me|p1b: Cheese\n|-singleturn|p1b: Cheese|move: Follow Me\n|move|p1a: El Rojo Pascado|Dark Pulse|p2a: Landorus\n|-damage|p2a: Landorus|4\/100\n|cant|p2a: Landorus|flinch\n|\n|upkeep\n|turn|5\n|\n|t:|1697373490\n|switch|p2a: Muk|Muk-Alola, F, shiny|100\/100\n|move|p1a: El Rojo Pascado|Dark Pulse|p2a: Muk\n|-resisted|p2a: Muk\n|-damage|p2a: Muk|64\/100\n|move|p1b: Cheese|Air Slash|p2b: Azumarill\n|-damage|p2b: Azumarill|54\/100\n|cant|p2b: Azumarill|flinch\n|\n|-heal|p2a: Muk|70\/100|[from] item: Black Sludge\n|upkeep\n|turn|6\n|\n|t:|1697373548\n|switch|p1a: Jawbreaker|Tyranitar, F|100\/100\n|-weather|Sandstorm|[from] ability: Sand Stream|[of] p1a: Jawbreaker\n|move|p2b: Azumarill|Aqua Jet|p1a: Jawbreaker\n|-supereffective|p1a: Jawbreaker\n|-damage|p1a: Jawbreaker|36\/100\n|-damage|p2b: Azumarill|44\/100|[from] item: Life Orb\n|move|p1b: Cheese|Air Slash|p2b: Azumarill\n|-damage|p2b: Azumarill|3\/100\n|move|p2a: Muk|Poison Jab|p1b: Cheese\n|-supereffective|p1b: Cheese\n|-damage|p1b: Cheese|12\/100\n|-status|p1b: Cheese|psn\n|\n|-weather|Sandstorm|[upkeep]\n|-damage|p1b: Cheese|6\/100 psn|[from] Sandstorm\n|-damage|p2b: Azumarill|0 fnt|[from] Sandstorm\n|-damage|p2a: Muk|64\/100|[from] Sandstorm\n|faint|p2b: Azumarill\n|-ability|p2a: Muk|Huge Power|[from] ability: Power of Alchemy|[of] p2b: Azumarill\n|-heal|p1b: Cheese|12\/100 psn|[from] item: Leftovers\n|-heal|p2a: Muk|70\/100|[from] item: Black Sludge\n|-damage|p1b: Cheese|0 fnt|[from] psn\n|faint|p1b: Cheese\n|-sideend|p1: Relleth|move: Tailwind\n|upkeep\n|\n|t:|1697373592\n|switch|p1b: El Rojo Pascado|Chi-Yu|100\/100\n|switch|p2b: Landorus|Landorus, M|4\/100\n|-ability|p1b: El Rojo Pascado|Beads of Ruin\n|turn|7\n|\n|t:|1697373643\n|move|p2b: Landorus|Sandsear Storm|p1a: Jawbreaker|[spread] p1a,p1b\n|-supereffective|p1a: Jawbreaker\n|-supereffective|p1b: El Rojo Pascado\n|-damage|p1a: Jawbreaker|0 fnt\n|-damage|p1b: El Rojo Pascado|0 fnt\n|faint|p1a: Jawbreaker\n|faint|p1b: El Rojo Pascado\n|move|p2a: Muk|Drain Punch|p1: Jawbreaker|[notarget]\n|-fail|p2a: Muk\n|\n|-weather|Sandstorm|[upkeep]\n|-damage|p2a: Muk|64\/100|[from] Sandstorm\n|-heal|p2a: Muk|70\/100|[from] item: Black Sludge\n|upkeep\n|\n|t:|1697373654\n|switch|p1a: Zucchini|Sneasler, F|100\/100\n|turn|8\n|\n|t:|1697373660\n|move|p1a: Zucchini|Fake Out|p2b: Landorus\n|-damage|p2b: Landorus|0 fnt\n|faint|p2b: Landorus\n|move|p2a: Muk|Zen Headbutt|p1a: Zucchini\n|-supereffective|p1a: Zucchini\n|-damage|p1a: Zucchini|0 fnt\n|faint|p1a: Zucchini\n|\n|win|Leonarth5\n","uploadtime":1697373669,"views":15,"p1id":"relleth","p2id":"leonarth5","formatid":"gen9nationaldexdoubles","rating":0,"private":0,"password":""}