{"id":"gen9nationaldexdoubles-1970587418","p1":"Chumpette","p2":"Clabeh","format":"[Gen 9] National Dex Doubles","log":"|j|\u2606Chumpette\n|j|\u2606Clabeh\n|t:|1697650476\n|gametype|doubles\n|player|p1|Chumpette|boarder|\n|player|p2|Clabeh|102|\n|teamsize|p1|6\n|teamsize|p2|6\n|gen|9\n|tier|[Gen 9] National Dex Doubles\n|rule|HP Percentage Mod: HP is shown in percentages\n|rule|Endless Battle Clause: Forcing endless battles is banned\n|rule|OHKO Clause: OHKO moves are banned\n|rule|Evasion Moves Clause: Evasion moves are banned\n|rule|Evasion Abilities Clause: Evasion abilities are banned\n|rule|Species Clause: Limit one of each Pok\u00e9mon\n|rule|Gravity Sleep Clause: The combination of sleep-inducing moves with imperfect accuracy and Gravity or Gigantamax Orbeetle are banned\n|clearpoke\n|poke|p1|Ninetales-Alola, F|\n|poke|p1|Togekiss, M|\n|poke|p1|Vanilluxe, F|\n|poke|p1|Cloyster, F|\n|poke|p1|Jolteon, M|\n|poke|p1|Sandslash-Alola, M|\n|poke|p2|Claydol|\n|poke|p2|Seismitoad, M|\n|poke|p2|Ninetales, M|\n|poke|p2|Tyranitar, F|\n|poke|p2|Venusaur, F|\n|poke|p2|Cinderace, F|\n|teampreview\n|\n|t:|1697650483\n|start\n|switch|p1a: Vanilla Ice|Vanilluxe, F|100\/100\n|switch|p1b: The Messiah|Sandslash-Alola, M|100\/100\n|switch|p2a: Venusaur|Venusaur, F|100\/100\n|switch|p2b: Cinderace|Cinderace, F|100\/100\n|-weather|Snow|[from] ability: Snow Warning|[of] p1a: Vanilla Ice\n|turn|1\n|\n|t:|1697650505\n|move|p1b: The Messiah|Triple Axel|p2a: Venusaur\n|-supereffective|p2a: Venusaur\n|-damage|p2a: Venusaur|73\/100\n|-supereffective|p2a: Venusaur\n|-damage|p2a: Venusaur|21\/100\n|-supereffective|p2a: Venusaur\n|-damage|p2a: Venusaur|0 fnt\n|faint|p2a: Venusaur\n|-hitcount|p2: Venusaur|3\n|move|p2b: Cinderace|Fire Pledge|p1b: The Messiah\n|-supereffective|p1b: The Messiah\n|-damage|p1b: The Messiah|0 fnt\n|faint|p1b: The Messiah\n|move|p1a: Vanilla Ice|Water Pulse|p2b: Cinderace\n|-supereffective|p2b: Cinderace\n|-damage|p2b: Cinderace|46\/100\n|\n|-weather|Snow|[upkeep]\n|upkeep\n|\n|t:|1697650545\n|switch|p2a: Ninetales|Ninetales, M|100\/100\n|switch|p1b: MC Hammer|Jolteon, M|100\/100\n|-weather|SunnyDay|[from] ability: Drought|[of] p2a: Ninetales\n|turn|2\n|\n|t:|1697650595\n|switch|p1a: Sycophant|Togekiss, M|100\/100\n|move|p1b: MC Hammer|Thunderbolt|p2b: Cinderace\n|-damage|p2b: Cinderace|0 fnt\n|faint|p2b: Cinderace\n|move|p2a: Ninetales|Heat Wave|p1a: Sycophant|[spread] p1b\n|-miss|p2a: Ninetales|p1a: Sycophant\n|-damage|p1b: MC Hammer|44\/100\n|\n|-weather|SunnyDay|[upkeep]\n|upkeep\n|\n|t:|1697650606\n|switch|p2b: Seismitoad|Seismitoad, M|100\/100\n|turn|3\n|\n|t:|1697650615\n|move|p1b: MC Hammer|Thunder Wave|p2a: Ninetales\n|-status|p2a: Ninetales|par\n|move|p2b: Seismitoad|Ice Punch|p1a: Sycophant\n|-supereffective|p1a: Sycophant\n|-damage|p1a: Sycophant|58\/100\n|-damage|p2b: Seismitoad|84\/100|[from] item: Rocky Helmet|[of] p1a: Sycophant\n|move|p1a: Sycophant|Air Slash|p2b: Seismitoad\n|-damage|p2b: Seismitoad|61\/100\n|move|p2a: Ninetales|Heat Wave|p1b: MC Hammer|[spread] p1a,p1b\n|-damage|p1a: Sycophant|36\/100\n|-damage|p1b: MC Hammer|0 fnt\n|faint|p1b: MC Hammer\n|\n|-weather|SunnyDay|[upkeep]\n|upkeep\n|\n|t:|1697650646\n|switch|p1b: Vanilla Ice|Vanilluxe, F|100\/100\n|-weather|Snow|[from] ability: Snow Warning|[of] p1b: Vanilla Ice\n|turn|4\n|\n|t:|1697650674\n|move|p2b: Seismitoad|Ice Punch|p1a: Sycophant\n|-supereffective|p1a: Sycophant\n|-damage|p1a: Sycophant|0 fnt\n|-damage|p2b: Seismitoad|44\/100|[from] item: Rocky Helmet|[of] p1a: Sycophant\n|faint|p1a: Sycophant\n|move|p1b: Vanilla Ice|Freeze-Dry|p2b: Seismitoad\n|-supereffective|p2b: Seismitoad\n|-damage|p2b: Seismitoad|0 fnt\n|faint|p2b: Seismitoad\n|move|p2a: Ninetales|Heat Wave|p1b: Vanilla Ice\n|-supereffective|p1b: Vanilla Ice\n|-damage|p1b: Vanilla Ice|48\/100\n|\n|-weather|Snow|[upkeep]\n|upkeep\n|\n|t:|1697650691\n|switch|p2b: Tyranitar|Tyranitar, F|100\/100\n|switch|p1a: Judas|Cloyster, F|100\/100\n|-weather|Sandstorm|[from] ability: Sand Stream|[of] p2b: Tyranitar\n|turn|5\n|\n|t:|1697650733\n|move|p1a: Judas|Icicle Spear|p2b: Tyranitar\n|-damage|p2b: Tyranitar|91\/100\n|-damage|p2b: Tyranitar|82\/100\n|-damage|p2b: Tyranitar|73\/100\n|-damage|p2b: Tyranitar|63\/100\n|-damage|p2b: Tyranitar|54\/100\n|-hitcount|p2b: Tyranitar|5\n|move|p1b: Vanilla Ice|Signal Beam|p2b: Tyranitar\n|-supereffective|p2b: Tyranitar\n|-damage|p2b: Tyranitar|34\/100\n|move|p2a: Ninetales|Heat Wave|p1a: Judas|[spread] p1a,p1b\n|-supereffective|p1b: Vanilla Ice\n|-damage|p1a: Judas|35\/100\n|-damage|p1b: Vanilla Ice|13\/100\n|move|p2b: Tyranitar|Rock Slide|p1a: Judas|[spread] p1b\n|-miss|p2b: Tyranitar|p1a: Judas\n|-supereffective|p1b: Vanilla Ice\n|-damage|p1b: Vanilla Ice|0 fnt\n|faint|p1b: Vanilla Ice\n|\n|-weather|Sandstorm|[upkeep]\n|-damage|p1a: Judas|28\/100|[from] Sandstorm\n|-damage|p2a: Ninetales|95\/100 par|[from] Sandstorm\n|upkeep\n|\n|t:|1697650753\n|switch|p1b: Winter|Ninetales-Alola, F|100\/100\n|-weather|Snow|[from] ability: Snow Warning|[of] p1b: Winter\n|turn|6\n|\n|t:|1697650787\n|switch|p2a: Claydol|Claydol|100\/100\n|move|p1b: Winter|Moonblast|p2b: Tyranitar\n|-supereffective|p2b: Tyranitar\n|-damage|p2b: Tyranitar|0 fnt\n|faint|p2b: Tyranitar\n|move|p1a: Judas|Rock Blast|p2a: Claydol\n|-resisted|p2a: Claydol\n|-crit|p2a: Claydol\n|-damage|p2a: Claydol|96\/100\n|-resisted|p2a: Claydol\n|-damage|p2a: Claydol|93\/100\n|-resisted|p2a: Claydol\n|-damage|p2a: Claydol|90\/100\n|-resisted|p2a: Claydol\n|-damage|p2a: Claydol|87\/100\n|-resisted|p2a: Claydol\n|-damage|p2a: Claydol|84\/100\n|-hitcount|p2a: Claydol|5\n|\n|-weather|Snow|[upkeep]\n|-heal|p2a: Claydol|90\/100|[from] item: Leftovers\n|upkeep\n|\n|t:|1697650803\n|switch|p2b: Ninetales|Ninetales, M|95\/100 par\n|-weather|SunnyDay|[from] ability: Drought|[of] p2b: Ninetales\n|turn|7\n|\n|t:|1697650839\n|move|p1b: Winter|Dark Pulse|p2a: Claydol\n|-supereffective|p2a: Claydol\n|-damage|p2a: Claydol|54\/100\n|move|p1a: Judas|Rock Blast|p2b: Ninetales\n|-supereffective|p2b: Ninetales\n|-damage|p2b: Ninetales|72\/100 par\n|-supereffective|p2b: Ninetales\n|-damage|p2b: Ninetales|49\/100 par\n|-supereffective|p2b: Ninetales\n|-damage|p2b: Ninetales|26\/100 par\n|-supereffective|p2b: Ninetales\n|-crit|p2b: Ninetales\n|-damage|p2b: Ninetales|0 fnt\n|faint|p2b: Ninetales\n|-hitcount|p2: Ninetales|4\n|move|p2a: Claydol|Body Press|p1a: Judas\n|-supereffective|p1a: Judas\n|-damage|p1a: Judas|0 fnt\n|faint|p1a: Judas\n|\n|-weather|SunnyDay|[upkeep]\n|-heal|p2a: Claydol|60\/100|[from] item: Leftovers\n|upkeep\n|turn|8\n|\n|t:|1697650901\n|move|p1b: Winter|Dark Pulse|p2a: Claydol\n|-supereffective|p2a: Claydol\n|-damage|p2a: Claydol|27\/100\n|move|p2a: Claydol|Body Press|p1b: Winter\n|-damage|p1b: Winter|67\/100\n|\n|-weather|SunnyDay|[upkeep]\n|-heal|p2a: Claydol|33\/100|[from] item: Leftovers\n|upkeep\n|turn|9\n|\n|t:|1697650911\n|move|p1b: Winter|Dark Pulse|p2a: Claydol\n|-supereffective|p2a: Claydol\n|-damage|p2a: Claydol|0 fnt\n|faint|p2a: Claydol\n|\n|win|Chumpette\n","uploadtime":1697650917,"views":21,"p1id":"chumpette","p2id":"clabeh","formatid":"gen9nationaldexdoubles","rating":0,"private":0,"password":""}