{"id":"gen9nationaldexdoubles-1998049030","p1":"its_notacewastaken","p2":"Strangeraffe","format":"[Gen 9] National Dex Doubles","log":"|j|\u2606its_notacewastaken\n|j|\u2606Strangeraffe\n|t:|1700883645\n|gametype|doubles\n|player|p1|its_notacewastaken|giovanni|1228\n|player|p2|Strangeraffe|1|1095\n|teamsize|p1|6\n|teamsize|p2|6\n|gen|9\n|tier|[Gen 9] National Dex Doubles\n|rated|\n|rule|HP Percentage Mod: HP is shown in percentages\n|rule|Endless Battle Clause: Forcing endless battles is banned\n|rule|OHKO Clause: OHKO moves are banned\n|rule|Evasion Moves Clause: Evasion moves are banned\n|rule|Evasion Abilities Clause: Evasion abilities are banned\n|rule|Species Clause: Limit one of each Pok\u00e9mon\n|rule|Gravity Sleep Clause: The combination of sleep-inducing moves with imperfect accuracy and Gravity or Gigantamax Orbeetle are banned\n|clearpoke\n|poke|p1|Chien-Pao|\n|poke|p1|Dragapult, M|\n|poke|p1|Clefable, F|\n|poke|p1|Garganacl, M|\n|poke|p1|Hippowdon, M|\n|poke|p1|Kartana|\n|poke|p2|Passimian, M|\n|poke|p2|Espathra, M|\n|poke|p2|Flamigo, F|\n|poke|p2|Lokix, M|\n|poke|p2|Clefable, M|\n|poke|p2|Azumarill, M|\n|teampreview\n|\n|t:|1700883652\n|start\n|switch|p1a: Moto Moto|Hippowdon, M|100\/100\n|switch|p1b: Basalt|Garganacl, M|100\/100\n|switch|p2a: Passimian|Passimian, M, shiny|100\/100\n|switch|p2b: Azumarill|Azumarill, M|100\/100\n|-weather|Sandstorm|[from] ability: Sand Stream|[of] p1a: Moto Moto\n|turn|1\n|\n|t:|1700883670\n|-terastallize|p1b: Basalt|Fairy\n|move|p2a: Passimian|Protect|p2a: Passimian\n|-singleturn|p2a: Passimian|Protect\n|move|p2b: Azumarill|Belly Drum|p2b: Azumarill\n|-damage|p2b: Azumarill|50\/100\n|-setboost|p2b: Azumarill|atk|6|[from] move: Belly Drum\n|-enditem|p2b: Azumarill|Sitrus Berry|[eat]\n|-heal|p2b: Azumarill|75\/100|[from] item: Sitrus Berry\n|move|p1a: Moto Moto|Sand Tomb|p2b: Azumarill\n|-damage|p2b: Azumarill|61\/100\n|-activate|p2b: Azumarill|move: Sand Tomb|[of] p1a: Moto Moto\n|move|p1b: Basalt|Salt Cure|p2b: Azumarill\n|-damage|p2b: Azumarill|48\/100\n|-start|p2b: Azumarill|Salt Cure\n|\n|-weather|Sandstorm|[upkeep]\n|-damage|p2a: Passimian|94\/100|[from] Sandstorm\n|-damage|p2b: Azumarill|42\/100|[from] Sandstorm\n|-damage|p1b: Basalt|94\/100|[from] Sandstorm\n|-heal|p1b: Basalt|100\/100|[from] item: Leftovers\n|-damage|p2b: Azumarill|29\/100|[from] move: Sand Tomb|[partiallytrapped]\n|-damage|p2b: Azumarill|4\/100|[from] Salt Cure\n|upkeep\n|turn|2\n|\n|t:|1700883700\n|-terastallize|p2a: Passimian|Flying\n|move|p2b: Azumarill|Aqua Jet|p1a: Moto Moto\n|-supereffective|p1a: Moto Moto\n|-damage|p1a: Moto Moto|0 fnt\n|-damage|p2b: Azumarill|0 fnt|[from] item: Rocky Helmet|[of] p1a: Moto Moto\n|faint|p1a: Moto Moto\n|faint|p2b: Azumarill\n|-ability|p2a: Passimian|Huge Power|[from] ability: Receiver|[of] p2b: Azumarill\n|move|p2a: Passimian|Acrobatics|p1b: Basalt\n|-damage|p1b: Basalt|59\/100\n|move|p1b: Basalt|Iron Defense|p1b: Basalt\n|-boost|p1b: Basalt|def|2\n|\n|-weather|Sandstorm|[upkeep]\n|-damage|p2a: Passimian|88\/100|[from] Sandstorm\n|-damage|p1b: Basalt|52\/100|[from] Sandstorm\n|-heal|p1b: Basalt|59\/100|[from] item: Leftovers\n|upkeep\n|\n|t:|1700883727\n|switch|p2b: Clefable|Clefable, M|100\/100\n|switch|p1a: Chien-Pao|Chien-Pao|100\/100\n|-ability|p1a: Chien-Pao|Sword of Ruin\n|turn|3\n|\n|t:|1700883743\n|move|p2a: Passimian|Protect|p2a: Passimian\n|-singleturn|p2a: Passimian|Protect\n|move|p1a: Chien-Pao|Icicle Crash|p2a: Passimian\n|-activate|p2a: Passimian|move: Protect\n|move|p2b: Clefable|Thunderbolt|p1b: Basalt\n|-damage|p1b: Basalt|39\/100\n|move|p1b: Basalt|Recover|p1b: Basalt\n|-heal|p1b: Basalt|89\/100\n|\n|-weather|Sandstorm|[upkeep]\n|-damage|p1a: Chien-Pao|95\/100|[from] Sandstorm\n|-damage|p2a: Passimian|82\/100|[from] Sandstorm\n|-damage|p1b: Basalt|83\/100|[from] Sandstorm\n|-heal|p1b: Basalt|89\/100|[from] item: Leftovers\n|upkeep\n|turn|4\n|\n|t:|1700883777\n|move|p1a: Chien-Pao|Icicle Crash|p2a: Passimian\n|-supereffective|p2a: Passimian\n|-damage|p2a: Passimian|0 fnt\n|faint|p2a: Passimian\n|-damage|p1a: Chien-Pao|85\/100|[from] item: Life Orb\n|move|p2b: Clefable|Thunderbolt|p1b: Basalt\n|-damage|p1b: Basalt|71\/100\n|move|p1b: Basalt|Salt Cure|p2b: Clefable\n|-damage|p2b: Clefable|78\/100\n|-start|p2b: Clefable|Salt Cure\n|\n|-weather|Sandstorm|[upkeep]\n|-damage|p1a: Chien-Pao|79\/100|[from] Sandstorm\n|-damage|p1b: Basalt|65\/100|[from] Sandstorm\n|-heal|p1b: Basalt|71\/100|[from] item: Leftovers\n|upkeep\n|\n|t:|1700883785\n|switch|p2a: Flamigo|Flamigo, F|100\/100\n|turn|5\n|\n|t:|1700883804\n|move|p1a: Chien-Pao|Protect|p1a: Chien-Pao\n|-singleturn|p1a: Chien-Pao|Protect\n|move|p2a: Flamigo|Liquidation|p1b: Basalt\n|-damage|p1b: Basalt|52\/100\n|move|p2b: Clefable|Flamethrower|p1a: Chien-Pao\n|-activate|p1a: Chien-Pao|move: Protect\n|move|p1b: Basalt|Recover|p1b: Basalt\n|-heal|p1b: Basalt|100\/100\n|\n|-weather|none\n|upkeep\n|turn|6\n|\n|t:|1700883832\n|switch|p2a: Espathra|Espathra, M|100\/100\n|move|p1a: Chien-Pao|Icicle Crash|p2b: Clefable\n|-damage|p2b: Clefable|0 fnt\n|faint|p2b: Clefable\n|-damage|p1a: Chien-Pao|69\/100|[from] item: Life Orb\n|move|p1b: Basalt|Salt Cure|p2a: Espathra\n|-damage|p2a: Espathra|71\/100\n|-start|p2a: Espathra|Salt Cure\n|\n|-heal|p2a: Espathra|77\/100|[from] item: Leftovers\n|-damage|p2a: Espathra|64\/100|[from] Salt Cure\n|upkeep\n|\n|t:|1700883852\n|switch|p2b: Lokix|Lokix, M|100\/100\n|turn|7\n|\n|t:|1700883867\n|move|p2b: Lokix|First Impression|p1b: Basalt\n|-resisted|p1b: Basalt\n|-damage|p1b: Basalt|82\/100\n|move|p1a: Chien-Pao|Sucker Punch|p2a: Espathra\n|-supereffective|p2a: Espathra\n|-damage|p2a: Espathra|0 fnt\n|faint|p2a: Espathra\n|-damage|p1a: Chien-Pao|59\/100|[from] item: Life Orb\n|move|p1b: Basalt|Body Press|p2b: Lokix\n|-damage|p2b: Lokix|13\/100\n|\n|-heal|p1b: Basalt|88\/100|[from] item: Leftovers\n|upkeep\n|\n|t:|1700883873\n|switch|p2a: Flamigo|Flamigo, F|100\/100\n|turn|8\n|\n|t:|1700883893\n|move|p1a: Chien-Pao|Protect|p1a: Chien-Pao\n|-singleturn|p1a: Chien-Pao|Protect\n|move|p2b: Lokix|Axe Kick|p1a: Chien-Pao\n|-activate|p1a: Chien-Pao|move: Protect\n|-damage|p2b: Lokix|0 fnt|[from] highjumpkick\n|faint|p2b: Lokix\n|move|p2a: Flamigo|Brave Bird|p1b: Basalt\n|-damage|p1b: Basalt|48\/100\n|-damage|p2a: Flamigo|83\/100|[from] Recoil\n|move|p1b: Basalt|Salt Cure|p2a: Flamigo\n|-damage|p2a: Flamigo|57\/100\n|-start|p2a: Flamigo|Salt Cure\n|\n|-heal|p1b: Basalt|54\/100|[from] item: Leftovers\n|-damage|p2a: Flamigo|45\/100|[from] Salt Cure\n|upkeep\n|turn|9\n|\n|t:|1700883913\n|move|p1a: Chien-Pao|Icicle Crash|p2a: Flamigo\n|-supereffective|p2a: Flamigo\n|-damage|p2a: Flamigo|0 fnt\n|faint|p2a: Flamigo\n|-damage|p1a: Chien-Pao|49\/100|[from] item: Life Orb\n|\n|win|its_notacewastaken\n|raw|its_notacewastaken's rating: 1228 &rarr; <strong>1244<\/strong><br \/>(+16 for winning)\n|raw|Strangeraffe's rating: 1095 &rarr; <strong>1080<\/strong><br \/>(-15 for losing)\n|l|\u2606Strangeraffe\n","uploadtime":1700883919,"views":1,"p1id":"itsnotacewastaken","p2id":"strangeraffe","formatid":"gen9nationaldexdoubles","rating":1080,"private":0,"password":""}