{"id":"gen9nationaldexdoubles-1956211642","p1":"eragon11145","p2":"the JRL","format":"[Gen 9] National Dex Doubles","log":"|j|\u2606eragon11145\n|j|\u2606the JRL\n|t:|1696085846\n|gametype|doubles\n|player|p1|eragon11145|#dwcopiii|\n|player|p2|the JRL|#scl3islanders2|\n|teamsize|p1|6\n|teamsize|p2|6\n|gen|9\n|tier|[Gen 9] National Dex Doubles\n|rule|HP Percentage Mod: HP is shown in percentages\n|rule|Endless Battle Clause: Forcing endless battles is banned\n|rule|OHKO Clause: OHKO moves are banned\n|rule|Evasion Moves Clause: Evasion moves are banned\n|rule|Evasion Abilities Clause: Evasion abilities are banned\n|rule|Species Clause: Limit one of each Pok\u00e9mon\n|rule|Gravity Sleep Clause: The combination of sleep-inducing moves with imperfect accuracy and Gravity or Gigantamax Orbeetle are banned\n|clearpoke\n|poke|p1|Rillaboom, M|\n|poke|p1|Stakataka|\n|poke|p1|Zamazenta-*|\n|poke|p1|Salamence, M|\n|poke|p1|Tapu Fini|\n|poke|p1|Ogerpon-Hearthflame, F|\n|poke|p2|Latias, F|\n|poke|p2|Jirachi|\n|poke|p2|Incineroar, M|\n|poke|p2|Smeargle, M|\n|poke|p2|Eevee, M|\n|poke|p2|Flamigo, F|\n|teampreview\n|inactive|Battle timer is ON: inactive players will automatically lose when time's up. (requested by eragon11145)\n|inactive|the JRL also wants the timer to be on.\n|j|+Mada\n|inactive|eragon11145 has 270 seconds left.\n|inactive|the JRL has 270 seconds left.\n|j| NinjaSnapple\n|inactive|eragon11145 has 240 seconds left.\n|inactive|the JRL has 240 seconds left.\n|c|\u2606eragon11145|glhf\n|c|\u2606the JRL|u2\n|inactive|eragon11145 has 210 seconds left.\n|\n|t:|1696085947\n|start\n|switch|p1a: Rillaboom|Rillaboom, M|100\/100\n|switch|p1b: Stakataka|Stakataka|100\/100\n|switch|p2a: Eevee|Eevee, M|100\/100\n|switch|p2b: Incineroar|Incineroar, M|100\/100\n|-ability|p2b: Incineroar|Intimidate|boost\n|-unboost|p1a: Rillaboom|atk|1\n|-unboost|p1b: Stakataka|atk|1\n|-fieldstart|move: Grassy Terrain|[from] ability: Grassy Surge|[of] p1a: Rillaboom\n|turn|1\n|inactive|eragon11145 has 270 seconds left.\n|inactive|the JRL has 270 seconds left.\n|\n|t:|1696085978\n|switch|p2b: Jirachi|Jirachi|100\/100\n|switch|p1b: Salamence|Salamence, M|100\/100\n|-ability|p1b: Salamence|Intimidate|boost\n|-unboost|p2a: Eevee|atk|1\n|-unboost|p2b: Jirachi|atk|1\n|move|p2a: Eevee|Protect|p2a: Eevee\n|-singleturn|p2a: Eevee|Protect\n|move|p1a: Rillaboom|Fake Out|p2a: Eevee\n|-activate|p2a: Eevee|move: Protect\n|\n|upkeep\n|turn|2\n|j|+lax\n|j| DKM\n|j| Xurkiyee\n|j| Rasche\n|l| DKM\n|l| Xurkiyee\n|inactive|the JRL has 270 seconds left.\n|j| Xurkiyee\n|j|+Fragments\n|inactive|the JRL has 240 seconds left.\n|l| Xurkiyee\n|\n|t:|1696086040\n|detailschange|p1b: Salamence|Salamence-Mega, M\n|-mega|p1b: Salamence|Salamence|Salamencite\n|move|p2b: Jirachi|Follow Me|p2b: Jirachi\n|-singleturn|p2b: Jirachi|move: Follow Me\n|move|p1b: Salamence|Hyper Voice|p2b: Jirachi|[spread] p2a,p2b\n|-resisted|p2b: Jirachi\n|-damage|p2a: Eevee|53\/100\n|-damage|p2b: Jirachi|89\/100\n|-zpower|p2a: Eevee\n|move|p2a: Eevee|Extreme Evoboost|p2a: Eevee\n|-boost|p2a: Eevee|atk|2\n|-boost|p2a: Eevee|def|2\n|-boost|p2a: Eevee|spa|2\n|-boost|p2a: Eevee|spd|2\n|-boost|p2a: Eevee|spe|2\n|move|p1a: Rillaboom|U-turn|p2b: Jirachi\n|-damage|p2b: Jirachi|75\/100\n|\n|t:|1696086053\n|switch|p1a: Stakataka|Stakataka|100\/100|[from] U-turn\n|\n|-heal|p2a: Eevee|59\/100|[from] Grassy Terrain\n|-heal|p2b: Jirachi|81\/100|[from] Grassy Terrain\n|upkeep\n|turn|3\n|inactive|the JRL has 240 seconds left.\n|\n|t:|1696086078\n|switch|p1b: Rillaboom|Rillaboom, M|100\/100\n|switch|p2b: Incineroar|Incineroar, M|100\/100\n|-ability|p2b: Incineroar|Intimidate|boost\n|-unboost|p1a: Stakataka|atk|1\n|-unboost|p1b: Rillaboom|atk|1\n|move|p2a: Eevee|Baton Pass|p2a: Eevee\n|inactive|the JRL has 240 seconds left.\n|\n|t:|1696086087\n|switch|p2a: Latias|Latias, F|100\/100|[from] Baton Pass\n|move|p1a: Stakataka|Trick Room|p1a: Stakataka\n|-fieldstart|move: Trick Room|[of] p1a: Stakataka\n|\n|upkeep\n|turn|4\n|inactive|the JRL has 240 seconds left.\n|inactive|eragon11145 has 270 seconds left.\n|\n|t:|1696086127\n|switch|p1b: Tapu Fini|Tapu Fini|100\/100\n|-fieldstart|move: Misty Terrain|[from] ability: Misty Surge|[of] p1b: Tapu Fini\n|detailschange|p2a: Latias|Latias-Mega, F\n|-mega|p2a: Latias|Latias|Latiasite\n|move|p2b: Incineroar|Fake Out|p1a: Stakataka\n|-resisted|p1a: Stakataka\n|-crit|p1a: Stakataka\n|-damage|p1a: Stakataka|98\/100\n|cant|p1a: Stakataka|flinch\n|move|p2a: Latias|Aura Sphere|p1a: Stakataka\n|-supereffective|p1a: Stakataka\n|-damage|p1a: Stakataka|0 fnt\n|faint|p1a: Stakataka\n|\n|upkeep\n|\n|t:|1696086137\n|switch|p1a: Rillaboom|Rillaboom, M|100\/100\n|-fieldstart|move: Grassy Terrain|[from] ability: Grassy Surge|[of] p1a: Rillaboom\n|turn|5\n|j| click_hax_win\n|\n|t:|1696086157\n|move|p1a: Rillaboom|Fake Out|p2b: Incineroar\n|-damage|p2b: Incineroar|89\/100\n|move|p1b: Tapu Fini|Calm Mind|p1b: Tapu Fini\n|-boost|p1b: Tapu Fini|spa|1\n|-boost|p1b: Tapu Fini|spd|1\n|cant|p2b: Incineroar|flinch\n|move|p2a: Latias|Stored Power|p1b: Tapu Fini\n|-damage|p1b: Tapu Fini|0 fnt\n|faint|p1b: Tapu Fini\n|\n|-heal|p2b: Incineroar|95\/100|[from] Grassy Terrain\n|upkeep\n|\n|t:|1696086170\n|switch|p1b: Zamazenta|Zamazenta|100\/100\n|-ability|p1b: Zamazenta|Dauntless Shield|boost\n|-boost|p1b: Zamazenta|def|1\n|turn|6\n|inactive|the JRL has 270 seconds left.\n|\n|t:|1696086190\n|-terastallize|p1b: Zamazenta|Fairy\n|move|p1a: Rillaboom|U-turn|p2a: Latias\n|-supereffective|p2a: Latias\n|-damage|p2a: Latias|81\/100\n|\n|t:|1696086195\n|switch|p1a: Ogerpon|Ogerpon-Hearthflame, F|100\/100|[from] U-turn\n|-ability|p1a: Ogerpon|Mold Breaker\n|move|p2b: Incineroar|Taunt|p1b: Zamazenta\n|-start|p1b: Zamazenta|move: Taunt\n|move|p1b: Zamazenta|Play Rough|p2a: Latias\n|-supereffective|p2a: Latias\n|-damage|p2a: Latias|53\/100\n|move|p2a: Latias|Stored Power|p1a: Ogerpon\n|-damage|p1a: Ogerpon|0 fnt\n|faint|p1a: Ogerpon\n|\n|-heal|p2b: Incineroar|100\/100|[from] Grassy Terrain\n|upkeep\n|\n|t:|1696086211\n|switch|p1a: Rillaboom|Rillaboom, M|100\/100\n|turn|7\n|\n|t:|1696086220\n|move|p1a: Rillaboom|Fake Out|p2b: Incineroar\n|-damage|p2b: Incineroar|88\/100\n|cant|p2b: Incineroar|flinch\n|move|p1b: Zamazenta|Play Rough|p2a: Latias\n|-supereffective|p2a: Latias\n|-damage|p2a: Latias|22\/100\n|move|p2a: Latias|Recover|p2a: Latias\n|-heal|p2a: Latias|72\/100\n|\n|-heal|p2b: Incineroar|94\/100|[from] Grassy Terrain\n|-fieldend|move: Trick Room\n|upkeep\n|turn|8\n|c|\u2606eragon11145|gg\n|-message|eragon11145 forfeited.\n|\n|win|the JRL\n|c|\u2606the JRL|gg\n","uploadtime":1696086236,"views":187,"p1id":"eragon11145","p2id":"thejrl","formatid":"gen9nationaldexdoubles","rating":0,"private":0,"password":""}