{"id":"gen9nationaldexdoubles-1993137197","p1":"bibleisreal20994","p2":"larsonshark","format":"[Gen 9] National Dex Doubles","log":"|j|\u2606bibleisreal20994\n|j|\u2606larsonshark\n|t:|1700269171\n|gametype|doubles\n|player|p1|bibleisreal20994|ingo|1288\n|player|p2|larsonshark|caitlin|1404\n|teamsize|p1|6\n|teamsize|p2|6\n|gen|9\n|tier|[Gen 9] National Dex Doubles\n|rated|\n|rule|HP Percentage Mod: HP is shown in percentages\n|rule|Endless Battle Clause: Forcing endless battles is banned\n|rule|OHKO Clause: OHKO moves are banned\n|rule|Evasion Moves Clause: Evasion moves are banned\n|rule|Evasion Abilities Clause: Evasion abilities are banned\n|rule|Species Clause: Limit one of each Pok\u00e9mon\n|rule|Gravity Sleep Clause: The combination of sleep-inducing moves with imperfect accuracy and Gravity or Gigantamax Orbeetle are banned\n|clearpoke\n|poke|p1|Obstagoon, M|\n|poke|p1|Ribombee, F|\n|poke|p1|Hatterene, F|\n|poke|p1|Torkoal, M|\n|poke|p1|Sandy Shocks|\n|poke|p1|Banette, M|\n|poke|p2|Tornadus, M|\n|poke|p2|Indeedee, M|\n|poke|p2|Chi-Yu|\n|poke|p2|Darmanitan-Galar, F|\n|poke|p2|Gholdengo|\n|poke|p2|Blastoise, M|\n|teampreview\n|inactive|Battle timer is ON: inactive players will automatically lose when time's up. (requested by larsonshark)\n|inactive|bibleisreal20994 also wants the timer to be on.\n|\n|t:|1700269201\n|start\n|switch|p1a: Hatterene|Hatterene, F|100\/100\n|switch|p1b: Obstagoon|Obstagoon, M|100\/100\n|switch|p2a: Tornadus|Tornadus, M|100\/100\n|switch|p2b: Indeedee|Indeedee, M|100\/100\n|-fieldstart|move: Psychic Terrain|[from] ability: Psychic Surge|[of] p2b: Indeedee\n|turn|1\n|\n|t:|1700269212\n|switch|p2b: Darmanitan|Darmanitan-Galar, F|100\/100\n|move|p1b: Obstagoon|Obstruct|p1b: Obstagoon\n|-singleturn|p1b: Obstagoon|Protect\n|move|p2a: Tornadus|Tailwind|p2a: Tornadus\n|-sidestart|p2: larsonshark|move: Tailwind\n|move|p1a: Hatterene|Magic Powder|p2a: Tornadus\n|-start|p2a: Tornadus|typechange|Psychic\n|\n|upkeep\n|turn|2\n|\n|t:|1700269236\n|switch|p1b: Torkoal|Torkoal, M|100\/100\n|-weather|SunnyDay|[from] ability: Drought|[of] p1b: Torkoal\n|move|p2a: Tornadus|Bleakwind Storm|p1a: Hatterene|[spread] p1a,p1b\n|-damage|p1a: Hatterene|77\/100\n|-damage|p1b: Torkoal|71\/100\n|move|p2b: Darmanitan|Earthquake|p1b: Torkoal|[spread] p2a,p1a,p1b\n|-supereffective|p1b: Torkoal\n|-crit|p1b: Torkoal\n|-damage|p2a: Tornadus|0 fnt\n|-damage|p1a: Hatterene|0 fnt\n|-damage|p1b: Torkoal|0 fnt\n|faint|p2a: Tornadus\n|faint|p1a: Hatterene\n|faint|p1b: Torkoal\n|\n|-weather|SunnyDay|[upkeep]\n|upkeep\n|\n|t:|1700269252\n|switch|p2a: Blastoise|Blastoise, M|100\/100\n|switch|p1b: Ribombee|Ribombee, F|100\/100\n|switch|p1a: Banette|Banette, M|100\/100\n|turn|3\n|\n|t:|1700269260\n|detailschange|p2a: Blastoise|Blastoise-Mega, M\n|-mega|p2a: Blastoise|Blastoise|Blastoisinite\n|detailschange|p1a: Banette|Banette-Mega, M\n|-mega|p1a: Banette|Banette|Banettite\n|move|p1a: Banette|Destiny Bond|p1a: Banette\n|-singlemove|p1a: Banette|Destiny Bond\n|move|p2b: Darmanitan|Earthquake|p1b: Ribombee|[spread] p2a,p1a,p1b\n|-resisted|p1b: Ribombee\n|-damage|p2a: Blastoise|31\/100\n|-damage|p1a: Banette|20\/100\n|-damage|p1b: Ribombee|49\/100\n|move|p2a: Blastoise|Water Spout|p1a: Banette|[spread] p1a,p1b\n|-damage|p1a: Banette|7\/100\n|-damage|p1b: Ribombee|35\/100\n|move|p1b: Ribombee|Sticky Web|p2a: Blastoise\n|-sidestart|p2: larsonshark|move: Sticky Web\n|\n|-weather|SunnyDay|[upkeep]\n|upkeep\n|turn|4\n|\n|t:|1700269282\n|move|p2a: Blastoise|Surf|p1b: Ribombee|[spread] p2b,p1a,p1b\n|-damage|p2b: Darmanitan|73\/100\n|-damage|p1a: Banette|0 fnt\n|-damage|p1b: Ribombee|10\/100\n|faint|p1a: Banette\n|-activate|p1a: Banette|move: Destiny Bond\n|faint|p2a: Blastoise\n|move|p2b: Darmanitan|Earthquake|p1b: Ribombee\n|-resisted|p1b: Ribombee\n|-damage|p1b: Ribombee|0 fnt\n|faint|p1b: Ribombee\n|\n|-weather|SunnyDay|[upkeep]\n|-sideend|p2: larsonshark|move: Tailwind\n|upkeep\n|\n|t:|1700269295\n|switch|p1b: Obstagoon|Obstagoon, M|100\/100\n|switch|p2a: Chi-Yu|Chi-Yu|100\/100\n|switch|p1a: Sandy Shocks|Sandy Shocks|100\/100\n|-activate|p1a: Sandy Shocks|ability: Protosynthesis\n|-start|p1a: Sandy Shocks|protosynthesisspe\n|-activate|p2a: Chi-Yu|move: Sticky Web\n|-unboost|p2a: Chi-Yu|spe|1\n|-ability|p2a: Chi-Yu|Beads of Ruin\n|turn|5\n|\n|t:|1700269312\n|switch|p2b: Indeedee|Indeedee, M|100\/100\n|-activate|p2b: Indeedee|move: Sticky Web\n|-unboost|p2b: Indeedee|spe|1\n|-terastallize|p1a: Sandy Shocks|Electric\n|move|p1b: Obstagoon|Obstruct|p1b: Obstagoon\n|-singleturn|p1b: Obstagoon|Protect\n|move|p1a: Sandy Shocks|Discharge|p2b: Indeedee|[spread] p2a,p2b\n|-activate|p1b: Obstagoon|move: Protect\n|-damage|p2a: Chi-Yu|36\/100\n|-damage|p2b: Indeedee|4\/100\n|move|p2a: Chi-Yu|Heat Wave|p1b: Obstagoon|[spread] p1a\n|-activate|p1b: Obstagoon|move: Protect\n|-damage|p1a: Sandy Shocks|10\/100\n|\n|-weather|SunnyDay|[upkeep]\n|-heal|p2a: Chi-Yu|42\/100|[from] item: Leftovers\n|upkeep\n|turn|6\n|\n|t:|1700269335\n|move|p2a: Chi-Yu|Protect|p2a: Chi-Yu\n|-singleturn|p2a: Chi-Yu|Protect\n|move|p1a: Sandy Shocks|Discharge|p2a: Chi-Yu|[spread] p1b,p2b\n|-activate|p2a: Chi-Yu|move: Protect\n|-damage|p1b: Obstagoon|13\/100\n|-damage|p2b: Indeedee|0 fnt\n|faint|p2b: Indeedee\n|move|p1b: Obstagoon|Knock Off|p2a: Chi-Yu\n|-activate|p2a: Chi-Yu|move: Protect\n|\n|-weather|SunnyDay|[upkeep]\n|-heal|p2a: Chi-Yu|48\/100|[from] item: Leftovers\n|upkeep\n|\n|t:|1700269345\n|switch|p2b: Gholdengo|Gholdengo|100\/100\n|-activate|p2b: Gholdengo|move: Sticky Web\n|-unboost|p2b: Gholdengo|spe|1\n|turn|7\n|\n|t:|1700269352\n|-terastallize|p2b: Gholdengo|Ghost\n|move|p1b: Obstagoon|Obstruct|p1b: Obstagoon\n|-singleturn|p1b: Obstagoon|Protect\n|move|p1a: Sandy Shocks|Discharge|p2a: Chi-Yu|[spread] p2a,p2b\n|-activate|p1b: Obstagoon|move: Protect\n|-damage|p2a: Chi-Yu|0 fnt\n|-damage|p2b: Gholdengo|10\/100\n|faint|p2a: Chi-Yu\n|move|p2b: Gholdengo|Make It Rain|p1a: Sandy Shocks|[spread] p1a\n|-activate|p1b: Obstagoon|move: Protect\n|-resisted|p1a: Sandy Shocks\n|-damage|p1a: Sandy Shocks|0 fnt\n|-unboost|p2b: Gholdengo|spa|1\n|faint|p1a: Sandy Shocks\n|-end|p1a: Sandy Shocks|Protosynthesis|[silent]\n|\n|-weather|SunnyDay|[upkeep]\n|upkeep\n|l|\u2606bibleisreal20994\n|inactive|bibleisreal20994 disconnected and has a minute to reconnect!\n|player|p1|\n|\n|t:|1700269360\n|switch|p2a: Darmanitan|Darmanitan-Galar, F|73\/100\n|-activate|p2a: Darmanitan|move: Sticky Web\n|-unboost|p2a: Darmanitan|spe|1\n|turn|8\n|j|\u2606bibleisreal20994\n|inactive|bibleisreal20994 reconnected and has 145 seconds left.\n|player|p1|bibleisreal20994|ingo\n|\n|t:|1700269376\n|move|p2b: Gholdengo|Make It Rain|p1b: Obstagoon\n|-crit|p1b: Obstagoon\n|-damage|p1b: Obstagoon|0 fnt\n|-unboost|p2b: Gholdengo|spa|1\n|faint|p1b: Obstagoon\n|\n|win|larsonshark\n|raw|bibleisreal20994's rating: 1288 &rarr; <strong>1271<\/strong><br \/>(-17 for losing)\n|raw|larsonshark's rating: 1404 &rarr; <strong>1418<\/strong><br \/>(+14 for winning)\n|l|\u2606bibleisreal20994\n|l|\u2606larsonshark\n|j|\u2606larsonshark\n|player|p2|larsonshark|caitlin\n","uploadtime":1700269689,"views":9,"p1id":"bibleisreal20994","p2id":"larsonshark","formatid":"gen9nationaldexdoubles","rating":1271,"private":0,"password":""}