{"id":"gen9nationaldexdoubles-1982137845","p1":"ERBESTIONE","p2":"Karma225555556","format":"[Gen 9] National Dex Doubles","log":"|j|\u2606ERBESTIONE\n|j|\u2606Karma225555556\n|t:|1698971755\n|gametype|doubles\n|player|p1|ERBESTIONE|pokemaniac|1078\n|player|p2|Karma225555556|169|1072\n|teamsize|p1|6\n|teamsize|p2|6\n|gen|9\n|tier|[Gen 9] National Dex Doubles\n|rated|\n|rule|HP Percentage Mod: HP is shown in percentages\n|rule|Endless Battle Clause: Forcing endless battles is banned\n|rule|OHKO Clause: OHKO moves are banned\n|rule|Evasion Moves Clause: Evasion moves are banned\n|rule|Evasion Abilities Clause: Evasion abilities are banned\n|rule|Species Clause: Limit one of each Pok\u00e9mon\n|rule|Gravity Sleep Clause: The combination of sleep-inducing moves with imperfect accuracy and Gravity or Gigantamax Orbeetle are banned\n|clearpoke\n|poke|p1|Qwilfish-Hisui, F|\n|poke|p1|Bisharp, M|\n|poke|p1|Milotic, M|\n|poke|p1|Wo-Chien|\n|poke|p1|Wyrdeer, M|\n|poke|p1|Primeape, F|\n|poke|p2|Regigigas|\n|poke|p2|Oricorio-Pom-Pom, M|\n|poke|p2|Uxie|\n|poke|p2|Dracovish|\n|poke|p2|Arctozolt|\n|poke|p2|Gigalith, M|\n|teampreview\n|\n|t:|1698971763\n|start\n|switch|p1a: Wyrdeer|Wyrdeer, M|100\/100\n|switch|p1b: Milotic|Milotic, M|100\/100\n|switch|p2a: Oricorio|Oricorio-Pom-Pom, M, shiny|100\/100\n|switch|p2b: Uxie|Uxie, shiny|100\/100\n|-ability|p1a: Wyrdeer|Intimidate|boost\n|-unboost|p2a: Oricorio|atk|1\n|-unboost|p2b: Uxie|atk|1\n|turn|1\n|\n|t:|1698971777\n|move|p2b: Uxie|Skill Swap|p2a: Oricorio\n|-activate|p2b: Uxie|move: Skill Swap|||[of] p2a: Oricorio\n|move|p2a: Oricorio|Quiver Dance|p2a: Oricorio\n|-boost|p2a: Oricorio|spa|1\n|-boost|p2a: Oricorio|spd|1\n|-boost|p2a: Oricorio|spe|1\n|-activate|p2b: Uxie|ability: Dancer\n|move|p2b: Uxie|Quiver Dance|p2b: Uxie|[from]ability: Dancer\n|-boost|p2b: Uxie|spa|1\n|-boost|p2b: Uxie|spd|1\n|-boost|p2b: Uxie|spe|1\n|move|p1b: Milotic|Ice Beam|p2a: Oricorio\n|-supereffective|p2a: Oricorio\n|-damage|p2a: Oricorio|55\/100\n|-status|p2a: Oricorio|frz\n|move|p1a: Wyrdeer|Skill Swap|p2a: Oricorio\n|-activate|p1a: Wyrdeer|move: Skill Swap|Levitate|Intimidate|[of] p2a: Oricorio\n|-ability|p2a: Oricorio|Intimidate|boost\n|-unboost|p1a: Wyrdeer|atk|1\n|-unboost|p1b: Milotic|atk|1\n|-ability|p1b: Milotic|Competitive|boost\n|-boost|p1b: Milotic|spa|2\n|\n|upkeep\n|turn|2\n|inactive|Battle timer is ON: inactive players will automatically lose when time's up. (requested by Karma225555556)\n|\n|t:|1698971849\n|move|p2b: Uxie|Dazzling Gleam|p1b: Milotic|[spread] p1a,p1b\n|-damage|p1a: Wyrdeer|88\/100\n|-damage|p1b: Milotic|89\/100\n|cant|p2a: Oricorio|frz\n|move|p1b: Milotic|Scald|p2b: Uxie\n|-damage|p2b: Uxie|71\/100\n|move|p1a: Wyrdeer|Trick Room|p1a: Wyrdeer\n|-fieldstart|move: Trick Room|[of] p1a: Wyrdeer\n|\n|-heal|p2b: Uxie|77\/100|[from] item: Leftovers\n|upkeep\n|turn|3\n|\n|t:|1698971866\n|move|p2b: Uxie|Protect|p2b: Uxie\n|-singleturn|p2b: Uxie|Protect\n|move|p1a: Wyrdeer|Skill Swap|p2a: Oricorio\n|-activate|p1a: Wyrdeer|move: Skill Swap|Intimidate|Levitate|[of] p2a: Oricorio\n|-ability|p1a: Wyrdeer|Intimidate|boost\n|-unboost|p2a: Oricorio|atk|1\n|-unboost|p2b: Uxie|atk|1\n|move|p1b: Milotic|Scald|p2b: Uxie\n|-activate|p2b: Uxie|move: Protect\n|cant|p2a: Oricorio|frz\n|\n|-heal|p2b: Uxie|83\/100|[from] item: Leftovers\n|upkeep\n|turn|4\n|\n|t:|1698971883\n|move|p1a: Wyrdeer|Skill Swap|p2b: Uxie\n|-activate|p1a: Wyrdeer|move: Skill Swap|Dancer|Intimidate|[of] p2b: Uxie\n|-ability|p2b: Uxie|Intimidate|boost\n|-unboost|p1a: Wyrdeer|atk|1\n|-unboost|p1b: Milotic|atk|1\n|-ability|p1b: Milotic|Competitive|boost\n|-boost|p1b: Milotic|spa|2\n|move|p1b: Milotic|Scald|p2b: Uxie\n|-damage|p2b: Uxie|36\/100\n|cant|p2a: Oricorio|frz\n|move|p2b: Uxie|Reflect|p2b: Uxie\n|-sidestart|p2: Karma225555556|Reflect\n|\n|-heal|p2b: Uxie|42\/100|[from] item: Leftovers\n|upkeep\n|turn|5\n|\n|t:|1698971906\n|move|p1a: Wyrdeer|Psyshield Bash|p2a: Oricorio\n|-damage|p2a: Oricorio|43\/100 frz\n|-boost|p1a: Wyrdeer|def|1\n|-damage|p1a: Wyrdeer|71\/100|[from] item: Rocky Helmet|[of] p2a: Oricorio\n|move|p1b: Milotic|Ice Beam|p2a: Oricorio\n|-supereffective|p2a: Oricorio\n|-damage|p2a: Oricorio|0 fnt\n|faint|p2a: Oricorio\n|move|p2b: Uxie|Skill Swap|p1b: Milotic\n|-activate|p2b: Uxie|move: Skill Swap|Competitive|Intimidate|[of] p1b: Milotic\n|-ability|p1b: Milotic|Intimidate|boost\n|-unboost|p2b: Uxie|atk|1\n|-ability|p2b: Uxie|Competitive|boost\n|-boost|p2b: Uxie|spa|2\n|\n|-heal|p2b: Uxie|49\/100|[from] item: Leftovers\n|upkeep\n|inactive|Karma225555556 has 120 seconds left.\n|\n|t:|1698971925\n|switch|p2a: Regigigas|Regigigas, shiny|100\/100\n|-start|p2a: Regigigas|ability: Slow Start\n|turn|6\n|\n|t:|1698971941\n|move|p1a: Wyrdeer|Skill Swap|p2b: Uxie\n|-activate|p1a: Wyrdeer|move: Skill Swap|Competitive|Dancer|[of] p2b: Uxie\n|move|p2a: Regigigas|Heat Crash|p1a: Wyrdeer\n|-damage|p1a: Wyrdeer|56\/100\n|move|p1b: Milotic|Ice Beam|p2b: Uxie\n|-damage|p2b: Uxie|14\/100\n|move|p2b: Uxie|Skill Swap|p2a: Regigigas\n|-activate|p2b: Uxie|move: Skill Swap|||[of] p2a: Regigigas\n|-end|p2a: Regigigas|Slow Start|[silent]\n|-start|p2b: Uxie|ability: Slow Start\n|\n|-heal|p2b: Uxie|20\/100|[from] item: Leftovers\n|-fieldend|move: Trick Room\n|upkeep\n|turn|7\n|\n|t:|1698971965\n|move|p2a: Regigigas|Darkest Lariat|p1a: Wyrdeer\n|-supereffective|p1a: Wyrdeer\n|-damage|p1a: Wyrdeer|0 fnt\n|faint|p1a: Wyrdeer\n|move|p2b: Uxie|Dazzling Gleam|p1b: Milotic\n|-damage|p1b: Milotic|65\/100\n|move|p1b: Milotic|Ice Beam|p2b: Uxie\n|-crit|p2b: Uxie\n|-damage|p2b: Uxie|0 fnt\n|faint|p2b: Uxie\n|-end|p2b: Uxie|Slow Start|[silent]\n|\n|upkeep\n|\n|t:|1698971978\n|switch|p2b: Dracovish|Dracovish, shiny|100\/100\n|switch|p1a: Primeape|Primeape, F|100\/100\n|turn|8\n|c|\u2606ERBESTIONE|Interesting\n|\n|t:|1698971990\n|move|p2b: Dracovish|Fishious Rend|p1a: Primeape\n|-damage|p1a: Primeape|0 fnt\n|faint|p1a: Primeape\n|move|p2a: Regigigas|Darkest Lariat|p1b: Milotic\n|-damage|p1b: Milotic|40\/100\n|-enditem|p1b: Milotic|Sitrus Berry|[eat]\n|-heal|p1b: Milotic|65\/100|[from] item: Sitrus Berry\n|move|p1b: Milotic|Draining Kiss|p2b: Dracovish\n|-supereffective|p2b: Dracovish\n|-damage|p2b: Dracovish|15\/100\n|-heal|p1b: Milotic|100\/100|[from] drain|[of] p2b: Dracovish\n|\n|-sideend|p2: Karma225555556|Reflect\n|upkeep\n|\n|t:|1698972000\n|switch|p1a: Qwilfish|Qwilfish-Hisui, F|100\/100\n|turn|9\n|\n|t:|1698972016\n|move|p2b: Dracovish|Fishious Rend|p1a: Qwilfish\n|-damage|p1a: Qwilfish|17\/100\n|-status|p2b: Dracovish|psn|[from] ability: Poison Point|[of] p1a: Qwilfish\n|move|p2a: Regigigas|Body Press|p1b: Milotic\n|-damage|p1b: Milotic|86\/100\n|move|p1a: Qwilfish|Acupressure|p1b: Milotic\n|-boost|p1b: Milotic|spa|2\n|move|p1b: Milotic|Draining Kiss|p2a: Regigigas\n|-damage|p2a: Regigigas|74\/100\n|-heal|p1b: Milotic|100\/100|[from] drain|[of] p2a: Regigigas\n|\n|-damage|p2b: Dracovish|3\/100 psn|[from] psn\n|upkeep\n|turn|10\n|\n|t:|1698972038\n|move|p1a: Qwilfish|Aqua Jet|p2b: Dracovish\n|-resisted|p2b: Dracovish\n|-damage|p2b: Dracovish|0 fnt\n|faint|p2b: Dracovish\n|move|p2a: Regigigas|Darkest Lariat|p1a: Qwilfish\n|-resisted|p1a: Qwilfish\n|-damage|p1a: Qwilfish|5\/100\n|-status|p2a: Regigigas|psn|[from] ability: Poison Point|[of] p1a: Qwilfish\n|move|p1b: Milotic|Scald|p2a: Regigigas\n|-damage|p2a: Regigigas|16\/100 psn\n|\n|-damage|p2a: Regigigas|3\/100 psn|[from] psn\n|upkeep\n|\n|t:|1698972052\n|switch|p2b: Gigalith|Gigalith, M, shiny|100\/100\n|-weather|Sandstorm|[from] ability: Sand Stream|[of] p2b: Gigalith\n|turn|11\n|\n|t:|1698972072\n|move|p1a: Qwilfish|Aqua Jet|p2a: Regigigas\n|-damage|p2a: Regigigas|0 fnt\n|faint|p2a: Regigigas\n|move|p1b: Milotic|Scald|p2b: Gigalith\n|-supereffective|p2b: Gigalith\n|-damage|p2b: Gigalith|0 fnt\n|faint|p2b: Gigalith\n|\n|-weather|Sandstorm|[upkeep]\n|-damage|p1a: Qwilfish|0 fnt|[from] Sandstorm\n|-damage|p1b: Milotic|94\/100|[from] Sandstorm\n|faint|p1a: Qwilfish\n|upkeep\n|\n|t:|1698972091\n|switch|p1a: Bisharp|Bisharp, M|100\/100\n|switch|p2b: Arctozolt|Arctozolt, shiny|100\/100\n|turn|12\n|\n|t:|1698972105\n|move|p2b: Arctozolt|Bolt Beak|p1b: Milotic\n|-supereffective|p1b: Milotic\n|-damage|p1b: Milotic|0 fnt\n|faint|p1b: Milotic\n|move|p1a: Bisharp|Swords Dance|p1a: Bisharp\n|-boost|p1a: Bisharp|atk|2\n|\n|-weather|Sandstorm|[upkeep]\n|-damage|p2b: Arctozolt|94\/100|[from] Sandstorm\n|upkeep\n|\n|t:|1698972109\n|switch|p1b: Wo-Chien|Wo-Chien|100\/100\n|-ability|p1b: Wo-Chien|Tablets of Ruin\n|turn|13\n|\n|t:|1698972126\n|-terastallize|p1a: Bisharp|Dragon\n|move|p2b: Arctozolt|Icicle Spear|p1b: Wo-Chien\n|-supereffective|p1b: Wo-Chien\n|-damage|p1b: Wo-Chien|89\/100\n|-supereffective|p1b: Wo-Chien\n|-damage|p1b: Wo-Chien|78\/100\n|-supereffective|p1b: Wo-Chien\n|-damage|p1b: Wo-Chien|66\/100\n|-supereffective|p1b: Wo-Chien\n|-damage|p1b: Wo-Chien|54\/100\n|-supereffective|p1b: Wo-Chien\n|-damage|p1b: Wo-Chien|41\/100\n|-hitcount|p1b: Wo-Chien|5\n|move|p1a: Bisharp|Iron Head|p2b: Arctozolt\n|-damage|p2b: Arctozolt|35\/100\n|move|p1b: Wo-Chien|Pollen Puff|p2b: Arctozolt\n|-damage|p2b: Arctozolt|10\/100\n|\n|-weather|Sandstorm|[upkeep]\n|-damage|p2b: Arctozolt|3\/100|[from] Sandstorm\n|-damage|p1a: Bisharp|95\/100|[from] Sandstorm\n|-damage|p1b: Wo-Chien|34\/100|[from] Sandstorm\n|-heal|p1b: Wo-Chien|41\/100|[from] item: Leftovers\n|upkeep\n|turn|14\n|c|\u2606ERBESTIONE|Gg\n|inactive|Karma225555556 has 120 seconds left.\n|\n|t:|1698972156\n|-terastallize|p2b: Arctozolt|Electric\n|move|p1a: Bisharp|Sucker Punch|p2b: Arctozolt\n|-damage|p2b: Arctozolt|0 fnt\n|faint|p2b: Arctozolt\n|\n|win|ERBESTIONE\n|raw|ERBESTIONE's rating: 1078 &rarr; <strong>1106<\/strong><br \/>(+28 for winning)\n|raw|Karma225555556's rating: 1072 &rarr; <strong>1052<\/strong><br \/>(-20 for losing)\n","uploadtime":1698972160,"views":27,"p1id":"erbestione","p2id":"karma225555556","formatid":"gen9nationaldexdoubles","rating":1052,"private":0,"password":""}