{"id":"gen9nationaldexdoubles-1993151706","p1":"Trash_can_45","p2":"CronkForce","format":"[Gen 9] National Dex Doubles","log":"|j|\u2606Trash_can_45\n|j|\u2606CronkForce\n|t:|1700271014\n|gametype|doubles\n|player|p1|Trash_can_45|skyla|\n|player|p2|CronkForce|ghetsis|\n|teamsize|p1|6\n|teamsize|p2|6\n|gen|9\n|tier|[Gen 9] National Dex Doubles\n|rule|HP Percentage Mod: HP is shown in percentages\n|rule|Endless Battle Clause: Forcing endless battles is banned\n|rule|OHKO Clause: OHKO moves are banned\n|rule|Evasion Moves Clause: Evasion moves are banned\n|rule|Evasion Abilities Clause: Evasion abilities are banned\n|rule|Species Clause: Limit one of each Pok\u00e9mon\n|rule|Gravity Sleep Clause: The combination of sleep-inducing moves with imperfect accuracy and Gravity or Gigantamax Orbeetle are banned\n|clearpoke\n|poke|p1|Indeedee-F, F|\n|poke|p1|Farigiraf, M|\n|poke|p1|Torkoal, M|\n|poke|p1|Ting-Lu|\n|poke|p1|Slowbro, M|\n|poke|p1|Ferrothorn, F|\n|poke|p2|Mamoswine, F|\n|poke|p2|Landorus-Therian, M|\n|poke|p2|Arcanine-Hisui, F|\n|poke|p2|Torkoal, M|\n|poke|p2|Hatterene, F|\n|poke|p2|Kingambit, M|\n|teampreview\n|\n|t:|1700271032\n|start\n|switch|p1a: Indeedee|Indeedee-F, F, shiny|100\/100\n|switch|p1b: Farigiraf|Farigiraf, M|100\/100\n|switch|p2a: Coal Minor|Torkoal, M, shiny|100\/100\n|switch|p2b: Hatterene|Hatterene, F, shiny|100\/100\n|-fieldstart|move: Psychic Terrain|[from] ability: Psychic Surge|[of] p1a: Indeedee\n|-weather|SunnyDay|[from] ability: Drought|[of] p2a: Coal Minor\n|turn|1\n|j| ultramandyna\n|\n|t:|1700271055\n|move|p1a: Indeedee|Follow Me|p1a: Indeedee\n|-singleturn|p1a: Indeedee|move: Follow Me\n|move|p2a: Coal Minor|Eruption|p1a: Indeedee|[spread] p1a,p1b\n|-crit|p1b: Farigiraf\n|-damage|p1a: Indeedee|19\/100\n|-damage|p1b: Farigiraf|0 fnt\n|faint|p1b: Farigiraf\n|move|p2b: Hatterene|Trick Room|p2b: Hatterene\n|-fieldstart|move: Trick Room|[of] p2b: Hatterene\n|\n|-weather|SunnyDay|[upkeep]\n|upkeep\n|\n|t:|1700271067\n|switch|p1b: Ting-Lu|Ting-Lu|100\/100\n|-ability|p1b: Ting-Lu|Vessel of Ruin\n|turn|2\n|l| ultramandyna\n|\n|t:|1700271094\n|move|p1b: Ting-Lu|Protect|p1b: Ting-Lu\n|-singleturn|p1b: Ting-Lu|Protect\n|move|p1a: Indeedee|Protect|p1a: Indeedee\n|-singleturn|p1a: Indeedee|Protect\n|move|p2a: Coal Minor|Earth Power|p1b: Ting-Lu\n|-activate|p1b: Ting-Lu|move: Protect\n|move|p2b: Hatterene|Psyshock|p1a: Indeedee\n|-activate|p1a: Indeedee|move: Protect\n|\n|-weather|SunnyDay|[upkeep]\n|upkeep\n|turn|3\n|\n|t:|1700271125\n|move|p1b: Ting-Lu|Protect|p1b: Ting-Lu\n|-singleturn|p1b: Ting-Lu|Protect\n|move|p2a: Coal Minor|Flamethrower|p1a: Indeedee\n|-damage|p1a: Indeedee|0 fnt\n|faint|p1a: Indeedee\n|move|p2b: Hatterene|Mystical Fire|p1b: Ting-Lu\n|-activate|p1b: Ting-Lu|move: Protect\n|\n|-weather|SunnyDay|[upkeep]\n|upkeep\n|\n|t:|1700271141\n|switch|p1a: Slowbro|Slowbro, M|100\/100\n|turn|4\n|\n|t:|1700271159\n|switch|p2a: King|Kingambit, M, shiny|100\/100\n|move|p1b: Ting-Lu|Protect||[still]\n|-fail|p1b: Ting-Lu\n|move|p2b: Hatterene|Misty Explosion|p1a: Slowbro|[spread] p2a,p1a,p1b\n|-supereffective|p1b: Ting-Lu\n|-crit|p1b: Ting-Lu\n|-damage|p2a: King|79\/100\n|-damage|p1a: Slowbro|70\/100\n|-damage|p1b: Ting-Lu|37\/100\n|faint|p2b: Hatterene\n|move|p1a: Slowbro|Scald|p2a: King\n|-damage|p2a: King|73\/100\n|-status|p2a: King|brn\n|\n|-weather|SunnyDay|[upkeep]\n|-heal|p1b: Ting-Lu|43\/100|[from] item: Leftovers\n|-damage|p2a: King|67\/100 brn|[from] brn\n|upkeep\n|\n|t:|1700271176\n|switch|p2b: Ice Age Thing|Mamoswine, F|100\/100\n|turn|5\n|\n|t:|1700271191\n|move|p1a: Slowbro|Scald|p2b: Ice Age Thing\n|-supereffective|p2b: Ice Age Thing\n|-damage|p2b: Ice Age Thing|70\/100\n|move|p1b: Ting-Lu|Stomping Tantrum|p2a: King\n|-supereffective|p2a: King\n|-damage|p2a: King|0 fnt\n|faint|p2a: King\n|move|p2b: Ice Age Thing|Knock Off|p1a: Slowbro\n|-supereffective|p1a: Slowbro\n|-damage|p1a: Slowbro|31\/100\n|-enditem|p1a: Slowbro|Heavy-Duty Boots|[from] move: Knock Off|[of] p2b: Ice Age Thing\n|\n|-weather|none\n|-heal|p1b: Ting-Lu|49\/100|[from] item: Leftovers\n|-fieldend|move: Trick Room\n|upkeep\n|\n|t:|1700271207\n|switch|p2a: Landorus|Landorus-Therian, M, shiny|100\/100\n|-ability|p2a: Landorus|Intimidate|boost\n|-unboost|p1a: Slowbro|atk|1\n|-unboost|p1b: Ting-Lu|atk|1\n|turn|6\n|\n|t:|1700271231\n|-terastallize|p2a: Landorus|Flying\n|move|p2a: Landorus|Tera Blast|p1b: Ting-Lu|[anim] Tera Blast Flying\n|-damage|p1b: Ting-Lu|14\/100\n|move|p2b: Ice Age Thing|Earthquake|p1a: Slowbro|[spread] p1a,p1b\n|-immune|p2a: Landorus\n|-damage|p1a: Slowbro|8\/100\n|-damage|p1b: Ting-Lu|0 fnt\n|faint|p1b: Ting-Lu\n|move|p1a: Slowbro|Slack Off|p1a: Slowbro\n|-heal|p1a: Slowbro|58\/100\n|\n|upkeep\n|\n|t:|1700271246\n|switch|p1b: Torkoal|Torkoal, M, shiny|100\/100\n|-weather|SunnyDay|[from] ability: Drought|[of] p1b: Torkoal\n|turn|7\n|\n|t:|1700271279\n|move|p2a: Landorus|Tera Blast|p1b: Torkoal|[anim] Tera Blast Flying\n|-damage|p1b: Torkoal|50\/100\n|move|p2b: Ice Age Thing|Earthquake|p1a: Slowbro|[spread] p1a,p1b\n|-immune|p2a: Landorus\n|-supereffective|p1b: Torkoal\n|-damage|p1a: Slowbro|33\/100\n|-damage|p1b: Torkoal|0 fnt\n|faint|p1b: Torkoal\n|move|p1a: Slowbro|Scald|p2a: Landorus\n|-damage|p2a: Landorus|84\/100\n|-status|p2a: Landorus|brn\n|\n|-weather|SunnyDay|[upkeep]\n|-damage|p2a: Landorus|78\/100 brn|[from] brn\n|upkeep\n|\n|t:|1700271291\n|switch|p1b: Ferrothorn|Ferrothorn, F, shiny|100\/100\n|turn|8\n|\n|t:|1700271301\n|move|p2a: Landorus|Tera Blast|p1a: Slowbro|[anim] Tera Blast Flying\n|-damage|p1a: Slowbro|15\/100\n|move|p2b: Ice Age Thing|Earthquake|p1b: Ferrothorn|[spread] p1a,p1b\n|-immune|p2a: Landorus\n|-damage|p1a: Slowbro|0 fnt\n|-damage|p1b: Ferrothorn|77\/100\n|faint|p1a: Slowbro\n|move|p1b: Ferrothorn|Iron Defense|p1b: Ferrothorn\n|-boost|p1b: Ferrothorn|def|2\n|\n|-weather|SunnyDay|[upkeep]\n|-heal|p1b: Ferrothorn|83\/100|[from] item: Leftovers\n|-damage|p2a: Landorus|72\/100 brn|[from] brn\n|-fieldend|move: Psychic Terrain\n|upkeep\n|turn|9\n|\n|t:|1700271321\n|move|p2a: Landorus|Tera Blast|p1b: Ferrothorn|[anim] Tera Blast Flying\n|-damage|p1b: Ferrothorn|74\/100\n|move|p2b: Ice Age Thing|Icicle Crash|p1b: Ferrothorn|[miss]\n|-miss|p2b: Ice Age Thing|p1b: Ferrothorn\n|move|p1b: Ferrothorn|Iron Defense|p1b: Ferrothorn\n|-boost|p1b: Ferrothorn|def|2\n|\n|-weather|SunnyDay|[upkeep]\n|-heal|p1b: Ferrothorn|80\/100|[from] item: Leftovers\n|-damage|p2a: Landorus|66\/100 brn|[from] brn\n|upkeep\n|turn|10\n|\n|t:|1700271338\n|move|p2a: Landorus|Tera Blast|p1b: Ferrothorn|[anim] Tera Blast Flying\n|-damage|p1b: Ferrothorn|73\/100\n|move|p2b: Ice Age Thing|Icicle Crash|p1b: Ferrothorn\n|-damage|p1b: Ferrothorn|64\/100\n|cant|p1b: Ferrothorn|flinch\n|\n|-weather|SunnyDay|[upkeep]\n|-heal|p1b: Ferrothorn|70\/100|[from] item: Leftovers\n|-damage|p2a: Landorus|59\/100 brn|[from] brn\n|upkeep\n|turn|11\n|\n|t:|1700271360\n|switch|p2a: Coal Minor|Torkoal, M, shiny|100\/100\n|move|p2b: Ice Age Thing|Knock Off|p1b: Ferrothorn\n|-crit|p1b: Ferrothorn\n|-damage|p1b: Ferrothorn|40\/100\n|-damage|p2b: Ice Age Thing|58\/100|[from] ability: Iron Barbs|[of] p1b: Ferrothorn\n|-enditem|p1b: Ferrothorn|Leftovers|[from] move: Knock Off|[of] p2b: Ice Age Thing\n|move|p1b: Ferrothorn|Leech Seed|p2b: Ice Age Thing\n|-start|p2b: Ice Age Thing|move: Leech Seed\n|\n|-weather|none\n|-damage|p2b: Ice Age Thing|45\/100|[from] Leech Seed|[of] p1b: Ferrothorn\n|-heal|p1b: Ferrothorn|53\/100|[silent]\n|upkeep\n|turn|12\n|\n|t:|1700271386\n|move|p1b: Ferrothorn|Protect|p1b: Ferrothorn\n|-singleturn|p1b: Ferrothorn|Protect\n|move|p2b: Ice Age Thing|Ice Shard|p1b: Ferrothorn\n|-activate|p1b: Ferrothorn|move: Protect\n|move|p2a: Coal Minor|Eruption|p1b: Ferrothorn\n|-activate|p1b: Ferrothorn|move: Protect\n|\n|-damage|p2b: Ice Age Thing|33\/100|[from] Leech Seed|[of] p1b: Ferrothorn\n|-heal|p1b: Ferrothorn|66\/100|[silent]\n|upkeep\n|turn|13\n|\n|t:|1700271400\n|-terastallize|p1b: Ferrothorn|Water\n|move|p2b: Ice Age Thing|Ice Shard|p1b: Ferrothorn\n|-resisted|p1b: Ferrothorn\n|-crit|p1b: Ferrothorn\n|-damage|p1b: Ferrothorn|57\/100\n|move|p1b: Ferrothorn|Body Press|p2a: Coal Minor\n|-damage|p2a: Coal Minor|35\/100\n|move|p2a: Coal Minor|Eruption|p1b: Ferrothorn\n|-resisted|p1b: Ferrothorn\n|-damage|p1b: Ferrothorn|46\/100\n|\n|-damage|p2b: Ice Age Thing|20\/100|[from] Leech Seed|[of] p1b: Ferrothorn\n|-heal|p1b: Ferrothorn|59\/100|[silent]\n|upkeep\n|turn|14\n|\n|t:|1700271418\n|move|p2b: Ice Age Thing|Earthquake|p1b: Ferrothorn|[spread] p2a,p1b\n|-supereffective|p2a: Coal Minor\n|-damage|p2a: Coal Minor|0 fnt\n|-damage|p1b: Ferrothorn|51\/100\n|faint|p2a: Coal Minor\n|move|p1b: Ferrothorn|Body Press|p2b: Ice Age Thing\n|-supereffective|p2b: Ice Age Thing\n|-damage|p2b: Ice Age Thing|0 fnt\n|faint|p2b: Ice Age Thing\n|\n|upkeep\n|\n|t:|1700271428\n|switch|p2b: Arcanine|Arcanine-Hisui, F, shiny|100\/100\n|switch|p2a: Landorus|Landorus-Therian, M, shiny, tera:Flying|59\/100 brn\n|-ability|p2a: Landorus|Intimidate|boost\n|-unboost|p1b: Ferrothorn|atk|1\n|turn|15\n|\n|t:|1700271445\n|move|p2a: Landorus|Tera Blast|p1b: Ferrothorn|[anim] Tera Blast Flying\n|-damage|p1b: Ferrothorn|44\/100\n|move|p2b: Arcanine|Wild Charge|p1b: Ferrothorn\n|-supereffective|p1b: Ferrothorn\n|-damage|p1b: Ferrothorn|27\/100\n|-damage|p2b: Arcanine|88\/100|[from] ability: Iron Barbs|[of] p1b: Ferrothorn\n|move|p1b: Ferrothorn|Leech Seed|p2b: Arcanine\n|-start|p2b: Arcanine|move: Leech Seed\n|\n|-damage|p2b: Arcanine|76\/100|[from] Leech Seed|[of] p1b: Ferrothorn\n|-heal|p1b: Ferrothorn|39\/100|[silent]\n|-damage|p2a: Landorus|53\/100 brn|[from] brn\n|upkeep\n|turn|16\n|\n|t:|1700271463\n|move|p1b: Ferrothorn|Protect|p1b: Ferrothorn\n|-singleturn|p1b: Ferrothorn|Protect\n|move|p2a: Landorus|Tera Blast|p1b: Ferrothorn|[anim] Tera Blast Flying\n|-activate|p1b: Ferrothorn|move: Protect\n|move|p2b: Arcanine|Wild Charge|p1b: Ferrothorn\n|-activate|p1b: Ferrothorn|move: Protect\n|\n|-damage|p2b: Arcanine|63\/100|[from] Leech Seed|[of] p1b: Ferrothorn\n|-heal|p1b: Ferrothorn|50\/100|[silent]\n|-damage|p2a: Landorus|47\/100 brn|[from] brn\n|upkeep\n|turn|17\n|\n|t:|1700271479\n|move|p2a: Landorus|Tera Blast|p1b: Ferrothorn|[anim] Tera Blast Flying\n|-damage|p1b: Ferrothorn|44\/100\n|move|p2b: Arcanine|Wild Charge|p1b: Ferrothorn\n|-supereffective|p1b: Ferrothorn\n|-damage|p1b: Ferrothorn|25\/100\n|-damage|p2b: Arcanine|51\/100|[from] ability: Iron Barbs|[of] p1b: Ferrothorn\n|move|p1b: Ferrothorn|Iron Defense|p1b: Ferrothorn\n|-boost|p1b: Ferrothorn|def|2\n|\n|-damage|p2b: Arcanine|39\/100|[from] Leech Seed|[of] p1b: Ferrothorn\n|-heal|p1b: Ferrothorn|37\/100|[silent]\n|-damage|p2a: Landorus|41\/100 brn|[from] brn\n|upkeep\n|turn|18\n|\n|t:|1700271495\n|move|p1b: Ferrothorn|Protect|p1b: Ferrothorn\n|-singleturn|p1b: Ferrothorn|Protect\n|move|p2a: Landorus|Tera Blast|p1b: Ferrothorn|[anim] Tera Blast Flying\n|-activate|p1b: Ferrothorn|move: Protect\n|move|p2b: Arcanine|Wild Charge|p1b: Ferrothorn\n|-activate|p1b: Ferrothorn|move: Protect\n|\n|-damage|p2b: Arcanine|26\/100|[from] Leech Seed|[of] p1b: Ferrothorn\n|-heal|p1b: Ferrothorn|49\/100|[silent]\n|-damage|p2a: Landorus|34\/100 brn|[from] brn\n|upkeep\n|turn|19\n|\n|t:|1700271511\n|move|p2a: Landorus|Tera Blast|p1b: Ferrothorn|[anim] Tera Blast Flying\n|-damage|p1b: Ferrothorn|44\/100\n|move|p2b: Arcanine|Wild Charge|p1b: Ferrothorn\n|-supereffective|p1b: Ferrothorn\n|-damage|p1b: Ferrothorn|31\/100\n|-damage|p2b: Arcanine|14\/100|[from] ability: Iron Barbs|[of] p1b: Ferrothorn\n|move|p1b: Ferrothorn|Body Press|p2b: Arcanine\n|-supereffective|p2b: Arcanine\n|-damage|p2b: Arcanine|0 fnt\n|faint|p2b: Arcanine\n|\n|-damage|p2a: Landorus|28\/100 brn|[from] brn\n|upkeep\n|turn|20\n|\n|t:|1700271527\n|move|p2a: Landorus|Tera Blast|p1b: Ferrothorn|[anim] Tera Blast Flying\n|-damage|p1b: Ferrothorn|26\/100\n|move|p1b: Ferrothorn|Body Press|p2a: Landorus\n|-resisted|p2a: Landorus\n|-damage|p2a: Landorus|0 fnt\n|faint|p2a: Landorus\n|\n|win|Trash_can_45\n|l|\u2606CronkForce\n","uploadtime":1700271543,"views":17,"p1id":"trashcan45","p2id":"cronkforce","formatid":"gen9nationaldexdoubles","rating":0,"private":0,"password":""}