{"id":"gen9nationaldexdoubles-1987133681","p1":"jongus donguss","p2":"ERBESTIONE","format":"[Gen 9] National Dex Doubles","log":"|j|\u2606jongus donguss\n|j|\u2606ERBESTIONE\n|t:|1699558838\n|gametype|doubles\n|player|p1|jongus donguss|ghetsis-gen5bw|1107\n|player|p2|ERBESTIONE|pokemaniac|1047\n|teamsize|p1|6\n|teamsize|p2|6\n|gen|9\n|tier|[Gen 9] National Dex Doubles\n|rated|\n|rule|HP Percentage Mod: HP is shown in percentages\n|rule|Endless Battle Clause: Forcing endless battles is banned\n|rule|OHKO Clause: OHKO moves are banned\n|rule|Evasion Moves Clause: Evasion moves are banned\n|rule|Evasion Abilities Clause: Evasion abilities are banned\n|rule|Species Clause: Limit one of each Pok\u00e9mon\n|rule|Gravity Sleep Clause: The combination of sleep-inducing moves with imperfect accuracy and Gravity or Gigantamax Orbeetle are banned\n|clearpoke\n|poke|p1|Torkoal, F|\n|poke|p1|Charizard, F|\n|poke|p1|Leavanny, F|\n|poke|p1|Heliolisk, F|\n|poke|p1|Heatran, F|\n|poke|p1|Roaring Moon|\n|poke|p2|Rapidash, M|\n|poke|p2|Armarouge, M|\n|poke|p2|Tornadus, M|\n|poke|p2|Moltres-Galar|\n|poke|p2|Indeedee-F, F|\n|poke|p2|Clawitzer, F|\n|teampreview\n|inactive|Battle timer is ON: inactive players will automatically lose when time's up. (requested by jongus donguss)\n|inactive|ERBESTIONE also wants the timer to be on.\n|\n|t:|1699558866\n|start\n|switch|p1a: Leavanny|Leavanny, F|100\/100\n|switch|p1b: Torkoal|Torkoal, F|100\/100\n|switch|p2a: Indeedee|Indeedee-F, F|100\/100\n|switch|p2b: Clawitzer|Clawitzer, F|100\/100\n|-fieldstart|move: Psychic Terrain|[from] ability: Psychic Surge|[of] p2a: Indeedee\n|-weather|SunnyDay|[from] ability: Drought|[of] p1b: Torkoal\n|turn|1\n|\n|t:|1699558891\n|-terastallize|p2b: Clawitzer|Dragon\n|move|p1a: Leavanny|Lunge|p2a: Indeedee\n|-supereffective|p2a: Indeedee\n|-damage|p2a: Indeedee|22\/100\n|-unboost|p2a: Indeedee|atk|1\n|-damage|p1a: Leavanny|84\/100|[from] item: Rocky Helmet|[of] p2a: Indeedee\n|move|p2b: Clawitzer|Terrain Pulse|p1b: Torkoal\n|-damage|p1b: Torkoal|0 fnt\n|faint|p1b: Torkoal\n|move|p2a: Indeedee|Mystical Fire|p1a: Leavanny\n|-supereffective|p1a: Leavanny\n|-damage|p1a: Leavanny|0 fnt\n|faint|p1a: Leavanny\n|\n|-weather|SunnyDay|[upkeep]\n|upkeep\n|inactive|jongus donguss has 120 seconds left.\n|\n|t:|1699558906\n|switch|p1a: Heliolisk|Heliolisk, F|100\/100\n|switch|p1b: Heatran|Heatran, F|100\/100\n|-item|p1b: Heatran|Air Balloon\n|turn|2\n|\n|t:|1699558920\n|move|p2a: Indeedee|Follow Me|p2a: Indeedee\n|-singleturn|p2a: Indeedee|move: Follow Me\n|move|p1a: Heliolisk|Dragon Pulse|p2a: Indeedee\n|-damage|p2a: Indeedee|0 fnt\n|faint|p2a: Indeedee\n|move|p2b: Clawitzer|Terrain Pulse|p1b: Heatran\n|-resisted|p1b: Heatran\n|-damage|p1b: Heatran|55\/100\n|-enditem|p1b: Heatran|Air Balloon\n|move|p1b: Heatran|Heat Wave|p2b: Clawitzer\n|-resisted|p2b: Clawitzer\n|-damage|p2b: Clawitzer|48\/100\n|\n|-weather|SunnyDay|[upkeep]\n|-damage|p1a: Heliolisk|88\/100|[from] ability: Solar Power|[of] p1a: Heliolisk\n|-heal|p1a: Heliolisk|94\/100|[from] item: Leftovers\n|upkeep\n|\n|t:|1699558936\n|switch|p2a: Armarouge|Armarouge, M|100\/100\n|turn|3\n|\n|t:|1699558945\n|switch|p2b: Tornadus|Tornadus, M|100\/100\n|move|p1a: Heliolisk|Dragon Pulse|p2b: Tornadus\n|-damage|p2b: Tornadus|68\/100\n|move|p1b: Heatran|Earth Power|p2a: Armarouge\n|-supereffective|p2a: Armarouge\n|-damage|p2a: Armarouge|49\/100\n|move|p2a: Armarouge|Aura Sphere|p1b: Heatran\n|-supereffective|p1b: Heatran\n|-damage|p1b: Heatran|5\/100\n|\n|-weather|SunnyDay|[upkeep]\n|-damage|p1a: Heliolisk|82\/100|[from] ability: Solar Power|[of] p1a: Heliolisk\n|-heal|p1a: Heliolisk|88\/100|[from] item: Leftovers\n|upkeep\n|turn|4\n|\n|t:|1699558973\n|move|p2b: Tornadus|Tailwind|p2b: Tornadus\n|-sidestart|p2: ERBESTIONE|move: Tailwind\n|move|p2a: Armarouge|Expanding Force|p1a: Heliolisk|[spread] p1a,p1b\n|-resisted|p1b: Heatran\n|-damage|p1a: Heliolisk|0 fnt\n|-damage|p1b: Heatran|0 fnt\n|faint|p1a: Heliolisk\n|faint|p1b: Heatran\n|\n|-weather|SunnyDay|[upkeep]\n|upkeep\n|\n|t:|1699558981\n|switch|p1a: Roaring Moon|Roaring Moon|100\/100\n|switch|p1b: Charizard|Charizard, F|100\/100\n|-activate|p1a: Roaring Moon|ability: Protosynthesis\n|-start|p1a: Roaring Moon|protosynthesisatk\n|turn|5\n|\n|t:|1699559004\n|detailschange|p1b: Charizard|Charizard-Mega-Y, F\n|-mega|p1b: Charizard|Charizard|Charizardite Y\n|move|p2b: Tornadus|Bleakwind Storm|p1b: Charizard|[spread] p1a,p1b\n|-damage|p1a: Roaring Moon|68\/100\n|-damage|p1b: Charizard|69\/100\n|-unboost|p1b: Charizard|spe|1\n|move|p2a: Armarouge|Aura Sphere|p1a: Roaring Moon\n|-supereffective|p1a: Roaring Moon\n|-crit|p1a: Roaring Moon\n|-damage|p1a: Roaring Moon|0 fnt\n|faint|p1a: Roaring Moon\n|-end|p1a: Roaring Moon|Protosynthesis|[silent]\n|move|p1b: Charizard|Weather Ball|p2b: Tornadus\n|-damage|p2b: Tornadus|0 fnt\n|faint|p2b: Tornadus\n|\n|-weather|SunnyDay|[upkeep]\n|-fieldend|move: Psychic Terrain\n|upkeep\n|inactive|ERBESTIONE has 120 seconds left.\n|\n|t:|1699559022\n|switch|p2b: Clawitzer|Clawitzer, F, tera:Dragon|48\/100\n|turn|6\n|-message|jongus donguss forfeited.\n|\n|win|ERBESTIONE\n|raw|jongus donguss's rating: 1107 &rarr; <strong>1078<\/strong><br \/>(-29 for losing)\n|raw|ERBESTIONE's rating: 1047 &rarr; <strong>1086<\/strong><br \/>(+39 for winning)\n|l|\u2606jongus donguss\n","uploadtime":1699559029,"views":7,"p1id":"jongusdonguss","p2id":"erbestione","formatid":"gen9nationaldexdoubles","rating":1078,"private":0,"password":""}