{"id":"gen9nationaldexdoubles-1986247266","p1":"lxvliiz","p2":"Drakerson","format":"[Gen 9] National Dex Doubles","log":"|j|\u2606lxvliiz\n|j|\u2606Drakerson\n|t:|1699463136\n|gametype|doubles\n|player|p1|lxvliiz|guitarist|1074\n|player|p2|Drakerson|benga|1136\n|teamsize|p1|6\n|teamsize|p2|6\n|gen|9\n|tier|[Gen 9] National Dex Doubles\n|rated|\n|rule|HP Percentage Mod: HP is shown in percentages\n|rule|Endless Battle Clause: Forcing endless battles is banned\n|rule|OHKO Clause: OHKO moves are banned\n|rule|Evasion Moves Clause: Evasion moves are banned\n|rule|Evasion Abilities Clause: Evasion abilities are banned\n|rule|Species Clause: Limit one of each Pok\u00e9mon\n|rule|Gravity Sleep Clause: The combination of sleep-inducing moves with imperfect accuracy and Gravity or Gigantamax Orbeetle are banned\n|clearpoke\n|poke|p1|Kommo-o, F|\n|poke|p1|Volcarona, F|\n|poke|p1|Oricorio-Pom-Pom, F|\n|poke|p1|Quaquaval, F|\n|poke|p1|Flamigo, M|\n|poke|p1|Marshadow|\n|poke|p2|Charizard, M|\n|poke|p2|Torkoal, M|\n|poke|p2|Ceruledge, M|\n|poke|p2|Lilligant-Hisui, F|\n|poke|p2|Walking Wake|\n|poke|p2|Venusaur, F|\n|teampreview\n|\n|t:|1699463145\n|start\n|switch|p1a: dance with me|Volcarona, F, shiny|100\/100\n|switch|p1b: dancer|Oricorio-Pom-Pom, F, shiny|100\/100\n|switch|p2a: Torkoal|Torkoal, M|100\/100\n|switch|p2b: Lilligant|Lilligant-Hisui, F, shiny|100\/100\n|-weather|SunnyDay|[from] ability: Drought|[of] p2a: Torkoal\n|turn|1\n|c|\u2606lxvliiz|oh no\n|\n|t:|1699463156\n|switch|p2b: Ceruledge|Ceruledge, M|100\/100\n|-terastallize|p1b: dancer|Electric\n|move|p1b: dancer|Revelation Dance|p2a: Torkoal\n|-damage|p2a: Torkoal|31\/100\n|move|p1a: dance with me|Fiery Dance|p2b: Ceruledge\n|-start|p2b: Ceruledge|ability: Flash Fire\n|move|p2a: Torkoal|Eruption|p1a: dance with me|[spread] p1a,p1b\n|-damage|p1a: dance with me|84\/100\n|-damage|p1b: dancer|78\/100\n|\n|-weather|SunnyDay|[upkeep]\n|upkeep\n|turn|2\n|\n|t:|1699463178\n|move|p2a: Torkoal|Protect|p2a: Torkoal\n|-singleturn|p2a: Torkoal|Protect\n|move|p1b: dancer|Revelation Dance|p2b: Ceruledge\n|-damage|p2b: Ceruledge|37\/100\n|move|p1a: dance with me|Quiver Dance|p1a: dance with me\n|-boost|p1a: dance with me|spa|1\n|-boost|p1a: dance with me|spd|1\n|-boost|p1a: dance with me|spe|1\n|-activate|p1b: dancer|ability: Dancer\n|move|p1b: dancer|Quiver Dance|p1b: dancer|[from]ability: Dancer\n|-boost|p1b: dancer|spa|1\n|-boost|p1b: dancer|spd|1\n|-boost|p1b: dancer|spe|1\n|move|p2b: Ceruledge|Bitter Blade|p1a: dance with me\n|-damage|p1a: dance with me|0 fnt\n|-heal|p2b: Ceruledge|82\/100|[from] drain|[of] p1a: dance with me\n|faint|p1a: dance with me\n|\n|-weather|SunnyDay|[upkeep]\n|upkeep\n|\n|t:|1699463198\n|switch|p1a: dance floor|Marshadow|100\/100\n|turn|3\n|\n|t:|1699463211\n|move|p1a: dance floor|Shadow Sneak|p2b: Ceruledge\n|-supereffective|p2b: Ceruledge\n|-damage|p2b: Ceruledge|0 fnt\n|faint|p2b: Ceruledge\n|move|p1b: dancer|Revelation Dance|p2a: Torkoal\n|-damage|p2a: Torkoal|0 fnt\n|faint|p2a: Torkoal\n|\n|-weather|SunnyDay|[upkeep]\n|upkeep\n|\n|t:|1699463219\n|switch|p2b: Walking Wake|Walking Wake|100\/100\n|switch|p2a: Venusaur|Venusaur, F, shiny|100\/100\n|-activate|p2b: Walking Wake|ability: Protosynthesis\n|-start|p2b: Walking Wake|protosynthesisspa\n|turn|4\n|\n|t:|1699463237\n|move|p2a: Venusaur|Sludge Bomb|p1b: dancer\n|-crit|p1b: dancer\n|-damage|p1b: dancer|0 fnt\n|faint|p1b: dancer\n|-zpower|p1a: dance floor\n|move|p1a: dance floor|Soul-Stealing 7-Star Strike|p2a: Venusaur|[zeffect]\n|-damage|p2a: Venusaur|0 fnt\n|faint|p2a: Venusaur\n|move|p2b: Walking Wake|Hydro Steam|p1a: dance floor\n|-crit|p1a: dance floor\n|-damage|p1a: dance floor|0 fnt\n|faint|p1a: dance floor\n|\n|-weather|SunnyDay|[upkeep]\n|upkeep\n|\n|t:|1699463257\n|switch|p1a: dance dance dance|Kommo-o, F, shiny|100\/100\n|switch|p1b: dance party|Flamigo, M, shiny|100\/100\n|switch|p2a: Lilligant|Lilligant-Hisui, F, shiny|100\/100\n|-copyboost|p1b: dance party|p1a: dance dance dance|[from] ability: Costar\n|turn|5\n|\n|t:|1699463280\n|move|p2a: Lilligant|Ice Spinner|p1a: dance dance dance\n|-supereffective|p1a: dance dance dance\n|-damage|p1a: dance dance dance|38\/100\n|-damage|p2a: Lilligant|84\/100|[from] item: Rocky Helmet|[of] p1a: dance dance dance\n|-damage|p2a: Lilligant|74\/100|[from] item: Life Orb\n|move|p1b: dance party|Fly||[still]\n|-prepare|p1b: dance party|Fly\n|-enditem|p1b: dance party|Power Herb\n|-anim|p1b: dance party|Fly|p2a: Lilligant\n|-supereffective|p2a: Lilligant\n|-damage|p2a: Lilligant|0 fnt\n|faint|p2a: Lilligant\n|move|p1a: dance dance dance|Dragon Claw|p2b: Walking Wake\n|-supereffective|p2b: Walking Wake\n|-damage|p2b: Walking Wake|31\/100\n|move|p2b: Walking Wake|Hydro Steam|p1b: dance party\n|-damage|p1b: dance party|0 fnt\n|faint|p1b: dance party\n|\n|-weather|none\n|-end|p2b: Walking Wake|Protosynthesis\n|upkeep\n|\n|t:|1699463297\n|switch|p2a: Charizard|Charizard, M|100\/100\n|switch|p1b: dancing|Quaquaval, F, shiny|100\/100\n|turn|6\n|\n|t:|1699463307\n|move|p2a: Charizard|Protect|p2a: Charizard\n|-singleturn|p2a: Charizard|Protect\n|move|p1a: dance dance dance|Dragon Claw|p2b: Walking Wake\n|-supereffective|p2b: Walking Wake\n|-damage|p2b: Walking Wake|0 fnt\n|faint|p2b: Walking Wake\n|-end|p2b: Walking Wake|Protosynthesis|[silent]\n|move|p1b: dancing|Aqua Step|p2a: Charizard\n|-activate|p2a: Charizard|move: Protect\n|\n|upkeep\n|turn|7\n|\n|t:|1699463319\n|move|p2a: Charizard|Air Slash|p1b: dancing\n|-supereffective|p1b: dancing\n|-damage|p1b: dancing|9\/100\n|move|p1a: dance dance dance|Dragon Claw|p2a: Charizard\n|-damage|p2a: Charizard|46\/100\n|move|p1b: dancing|Aqua Step|p2a: Charizard\n|-supereffective|p2a: Charizard\n|-damage|p2a: Charizard|0 fnt\n|-boost|p1b: dancing|spe|1\n|faint|p2a: Charizard\n|\n|win|lxvliiz\n|raw|lxvliiz's rating: 1074 &rarr; <strong>1108<\/strong><br \/>(+34 for winning)\n|raw|Drakerson's rating: 1136 &rarr; <strong>1107<\/strong><br \/>(-29 for losing)\n|c|\u2606lxvliiz|gg\n|c|\u2606Drakerson|gg\n","uploadtime":1699463331,"views":5,"p1id":"lxvliiz","p2id":"drakerson","formatid":"gen9nationaldexdoubles","rating":1107,"private":0,"password":""}