{"id":"gen9nationaldexdoubles-1957604580","p1":"jiangchengzi","p2":"woshihaiwang55555","format":"[Gen 9] National Dex Doubles","log":"|j|\u2606jiangchengzi\n|j|\u2606woshihaiwang55555\n|t:|1696244634\n|gametype|doubles\n|player|p1|jiangchengzi|iris-gen5bw2|\n|player|p2|woshihaiwang55555|veteranf|\n|teamsize|p1|6\n|teamsize|p2|6\n|gen|9\n|tier|[Gen 9] National Dex Doubles\n|rule|HP Percentage Mod: HP is shown in percentages\n|rule|Endless Battle Clause: Forcing endless battles is banned\n|rule|OHKO Clause: OHKO moves are banned\n|rule|Evasion Moves Clause: Evasion moves are banned\n|rule|Evasion Abilities Clause: Evasion abilities are banned\n|rule|Species Clause: Limit one of each Pok\u00e9mon\n|rule|Gravity Sleep Clause: The combination of sleep-inducing moves with imperfect accuracy and Gravity or Gigantamax Orbeetle are banned\n|clearpoke\n|poke|p1|Iron Hands|\n|poke|p1|Bellibolt, F|\n|poke|p1|Tapu Koko|\n|poke|p1|Pikachu-Alola, M|\n|poke|p1|Manectric, F|\n|poke|p1|Iron Valiant|\n|poke|p2|Cramorant, F|\n|poke|p2|Butterfree, M|\n|poke|p2|Togekiss, F|\n|poke|p2|Corviknight, M|\n|poke|p2|Pinsir, F|\n|poke|p2|Ting-Lu|\n|teampreview\n|\n|t:|1696244658\n|start\n|switch|p1a: Tapu Koko|Tapu Koko|100\/100\n|switch|p1b: Manectric|Manectric, F|100\/100\n|switch|p2a: Corviknight|Corviknight, M|100\/100\n|switch|p2b: Ting-Lu|Ting-Lu|100\/100\n|-fieldstart|move: Electric Terrain|[from] ability: Electric Surge|[of] p1a: Tapu Koko\n|-ability|p2b: Ting-Lu|Vessel of Ruin\n|turn|1\n|\n|t:|1696244687\n|detailschange|p1b: Manectric|Manectric-Mega, F\n|-mega|p1b: Manectric|Manectric|Manectite\n|-ability|p1b: Manectric|Intimidate|boost\n|-ability|p2a: Corviknight|Mirror Armor\n|-unboost|p1b: Manectric|atk|1\n|-unboost|p2b: Ting-Lu|atk|1\n|move|p1b: Manectric|Hidden Power|p2b: Ting-Lu\n|-supereffective|p2b: Ting-Lu\n|-damage|p2b: Ting-Lu|84\/100\n|-zpower|p1a: Tapu Koko\n|move|p1a: Tapu Koko|Twinkle Tackle|p2b: Ting-Lu|[zeffect]\n|-supereffective|p2b: Ting-Lu\n|-damage|p2b: Ting-Lu|29\/100\n|move|p2a: Corviknight|Iron Defense|p2a: Corviknight\n|-boost|p2a: Corviknight|def|2\n|move|p2b: Ting-Lu|Earthquake|p1b: Manectric|[spread] p1a,p1b\n|-immune|p2a: Corviknight\n|-supereffective|p1a: Tapu Koko\n|-supereffective|p1b: Manectric\n|-damage|p1a: Tapu Koko|32\/100\n|-damage|p1b: Manectric|26\/100\n|\n|upkeep\n|turn|2\n|\n|t:|1696244718\n|move|p1b: Manectric|Rising Voltage|p2a: Corviknight\n|-supereffective|p2a: Corviknight\n|-crit|p2a: Corviknight\n|-damage|p2a: Corviknight|18\/100\n|move|p1a: Tapu Koko|Dazzling Gleam|p2b: Ting-Lu|[spread] p2a,p2b\n|-resisted|p2a: Corviknight\n|-supereffective|p2b: Ting-Lu\n|-damage|p2a: Corviknight|11\/100\n|-damage|p2b: Ting-Lu|8\/100\n|move|p2a: Corviknight|Body Press|p1b: Manectric\n|-damage|p1b: Manectric|0 fnt\n|faint|p1b: Manectric\n|move|p2b: Ting-Lu|Earthquake|p1a: Tapu Koko|[spread] p1a\n|-immune|p2a: Corviknight\n|-supereffective|p1a: Tapu Koko\n|-damage|p1a: Tapu Koko|0 fnt\n|faint|p1a: Tapu Koko\n|\n|-heal|p2a: Corviknight|17\/100|[from] item: Leftovers\n|upkeep\n|\n|t:|1696244745\n|switch|p1b: Iron Hands|Iron Hands, shiny|100\/100\n|switch|p1a: Iron Valiant|Iron Valiant, shiny|100\/100\n|-activate|p1a: Iron Valiant|ability: Quark Drive\n|-start|p1a: Iron Valiant|quarkdrivespe\n|-activate|p1b: Iron Hands|ability: Quark Drive\n|-start|p1b: Iron Hands|quarkdriveatk\n|turn|3\n|\n|t:|1696244770\n|move|p1b: Iron Hands|Fake Out|p2b: Ting-Lu\n|-damage|p2b: Ting-Lu|0 fnt\n|faint|p2b: Ting-Lu\n|move|p1a: Iron Valiant|Zen Headbutt|p2a: Corviknight\n|-resisted|p2a: Corviknight\n|-crit|p2a: Corviknight\n|-damage|p2a: Corviknight|3\/100\n|cant|p2a: Corviknight|flinch\n|\n|-heal|p2a: Corviknight|9\/100|[from] item: Leftovers\n|upkeep\n|\n|t:|1696244788\n|switch|p2b: Togekiss|Togekiss, F|100\/100\n|turn|4\n|\n|t:|1696244809\n|move|p1a: Iron Valiant|Close Combat|p2a: Corviknight\n|-damage|p2a: Corviknight|0 fnt\n|-unboost|p1a: Iron Valiant|def|1\n|-unboost|p1a: Iron Valiant|spd|1\n|faint|p2a: Corviknight\n|move|p2b: Togekiss|Yawn|p1a: Iron Valiant\n|-activate|p1a: Iron Valiant|move: Electric Terrain\n|move|p1b: Iron Hands|Wild Charge|p2b: Togekiss\n|-supereffective|p2b: Togekiss\n|-damage|p2b: Togekiss|0 fnt\n|faint|p2b: Togekiss\n|-damage|p1b: Iron Hands|81\/100|[from] Recoil\n|\n|upkeep\n|c|\u2606jiangchengzi|\u5929\u624d\n|\n|t:|1696244834\n|switch|p2b: Pinsir|Pinsir, F|100\/100\n|switch|p2a: Butterfree|Butterfree, M|100\/100\n|turn|5\n|\n|t:|1696244863\n|detailschange|p2b: Pinsir|Pinsir-Mega, F\n|-mega|p2b: Pinsir|Pinsir|Pinsirite\n|move|p1a: Iron Valiant|Zen Headbutt|p2a: Butterfree\n|-damage|p2a: Butterfree|46\/100\n|move|p2b: Pinsir|Earthquake|p1a: Iron Valiant|[spread] p1a,p1b\n|-immune|p2a: Butterfree\n|-supereffective|p1b: Iron Hands\n|-damage|p1a: Iron Valiant|41\/100\n|-damage|p1b: Iron Hands|41\/100\n|move|p2a: Butterfree|Quiver Dance|p2a: Butterfree\n|-boost|p2a: Butterfree|spa|1\n|-boost|p2a: Butterfree|spd|1\n|-boost|p2a: Butterfree|spe|1\n|move|p1b: Iron Hands|Wild Charge|p2b: Pinsir\n|-supereffective|p2b: Pinsir\n|-damage|p2b: Pinsir|0 fnt\n|faint|p2b: Pinsir\n|-damage|p1b: Iron Hands|27\/100|[from] Recoil\n|\n|-fieldend|move: Electric Terrain\n|-end|p1a: Iron Valiant|Quark Drive\n|-end|p1b: Iron Hands|Quark Drive\n|upkeep\n|-enditem|p1a: Iron Valiant|Booster Energy\n|-activate|p1a: Iron Valiant|ability: Quark Drive|[fromitem]\n|-start|p1a: Iron Valiant|quarkdrivespe\n|\n|t:|1696244878\n|switch|p2b: Cramorant|Cramorant, F|100\/100\n|turn|6\n|\n|t:|1696244904\n|move|p1a: Iron Valiant|Zen Headbutt|p2a: Butterfree\n|-damage|p2a: Butterfree|0 fnt\n|faint|p2a: Butterfree\n|move|p2b: Cramorant|Air Slash|p1b: Iron Hands\n|-damage|p1b: Iron Hands|3\/100\n|move|p1b: Iron Hands|Wild Charge|p2b: Cramorant\n|-supereffective|p2b: Cramorant\n|-damage|p2b: Cramorant|0 fnt\n|faint|p2b: Cramorant\n|-damage|p1b: Iron Hands|0 fnt|[from] Recoil\n|faint|p1b: Iron Hands\n|-end|p1b: Iron Hands|Quark Drive|[silent]\n|\n|win|jiangchengzi\n|l|\u2606woshihaiwang55555\n|l|\u2606jiangchengzi\n|j|\u2606jiangchengzi\n|player|p1|jiangchengzi|iris-gen5bw2\n","uploadtime":1696245149,"views":8,"p1id":"jiangchengzi","p2id":"woshihaiwang55555","formatid":"gen9nationaldexdoubles","rating":0,"private":0,"password":""}