{"id":"gen9nationaldexdoubles-1985027725","p1":"hhafxyz","p2":"OilCompany3000","format":"[Gen 9] National Dex Doubles","log":"|j|\u2606hhafxyz\n|j|\u2606OilCompany3000\n|t:|1699322257\n|gametype|doubles\n|player|p1|hhafxyz|rocketgruntf|1298\n|player|p2|OilCompany3000|unknown|1217\n|teamsize|p1|6\n|teamsize|p2|6\n|gen|9\n|tier|[Gen 9] National Dex Doubles\n|rated|\n|rule|HP Percentage Mod: HP is shown in percentages\n|rule|Endless Battle Clause: Forcing endless battles is banned\n|rule|OHKO Clause: OHKO moves are banned\n|rule|Evasion Moves Clause: Evasion moves are banned\n|rule|Evasion Abilities Clause: Evasion abilities are banned\n|rule|Species Clause: Limit one of each Pok\u00e9mon\n|rule|Gravity Sleep Clause: The combination of sleep-inducing moves with imperfect accuracy and Gravity or Gigantamax Orbeetle are banned\n|clearpoke\n|poke|p1|Iron Hands|\n|poke|p1|Indeedee-F, F|\n|poke|p1|Armarouge, F|\n|poke|p1|Cresselia, F|\n|poke|p1|Ursaluna, M|\n|poke|p1|Torkoal, M|\n|poke|p2|Guzzlord|\n|poke|p2|Diancie|\n|poke|p2|Latios, M|\n|poke|p2|Amoonguss, F|\n|poke|p2|Stakataka|\n|poke|p2|Incineroar, M|\n|teampreview\n|\n|t:|1699322287\n|start\n|switch|p1a: Indeedee|Indeedee-F, F|100\/100\n|switch|p1b: Armarouge|Armarouge, F|100\/100\n|switch|p2a: Incineroar|Incineroar, M|100\/100\n|switch|p2b: Hom3 Invasion|Guzzlord|100\/100\n|-fieldstart|move: Psychic Terrain|[from] ability: Psychic Surge|[of] p1a: Indeedee\n|-ability|p2a: Incineroar|Intimidate|boost\n|-unboost|p1a: Indeedee|atk|1\n|-unboost|p1b: Armarouge|atk|1\n|turn|1\n|\n|t:|1699322305\n|move|p1b: Armarouge|Protect|p1b: Armarouge\n|-singleturn|p1b: Armarouge|Protect\n|move|p2a: Incineroar|Knock Off|p1a: Indeedee\n|-supereffective|p1a: Indeedee\n|-damage|p1a: Indeedee|0 fnt\n|-enditem|p1a: Indeedee|Mental Herb|[from] move: Knock Off|[of] p2a: Incineroar\n|faint|p1a: Indeedee\n|move|p2b: Hom3 Invasion|Snarl|p1b: Armarouge\n|-activate|p1b: Armarouge|move: Protect\n|\n|upkeep\n|\n|t:|1699322322\n|switch|p1a: Iron Hands|Iron Hands|100\/100\n|turn|2\n|\n|t:|1699322356\n|switch|p2b: Latios|Latios, M|100\/100\n|move|p1a: Iron Hands|Fake Out|p2b: Latios\n|-hint|Psychic Terrain doesn't affect Pok\u00e9mon immune to Ground.\n|-damage|p2b: Latios|79\/100\n|move|p2a: Incineroar|Parting Shot|p1b: Armarouge\n|-unboost|p1b: Armarouge|atk|1\n|-unboost|p1b: Armarouge|spa|1\n|\n|t:|1699322373\n|switch|p2a: Hom3 Invasion|Guzzlord|100\/100|[from] Parting Shot\n|move|p1b: Armarouge|Armor Cannon|p2a: Hom3 Invasion\n|-resisted|p2a: Hom3 Invasion\n|-damage|p2a: Hom3 Invasion|86\/100\n|-unboost|p1b: Armarouge|def|1\n|-unboost|p1b: Armarouge|spd|1\n|\n|-heal|p2a: Hom3 Invasion|92\/100|[from] item: Leftovers\n|upkeep\n|turn|3\n|\n|t:|1699322397\n|switch|p1b: Cresselia|Cresselia, F|100\/100\n|move|p2b: Latios|Simple Beam|p2a: Hom3 Invasion\n|-endability|p2a: Hom3 Invasion|Beast Boost|[from] move: Simple Beam\n|-ability|p2a: Hom3 Invasion|Simple|[from] move: Simple Beam\n|move|p1a: Iron Hands|Drain Punch|p2a: Hom3 Invasion\n|-supereffective|p2a: Hom3 Invasion\n|-damage|p2a: Hom3 Invasion|31\/100\n|move|p2a: Hom3 Invasion|Stockpile|p2a: Hom3 Invasion\n|-start|p2a: Hom3 Invasion|stockpile1\n|-boost|p2a: Hom3 Invasion|def|2\n|-boost|p2a: Hom3 Invasion|spd|2\n|\n|-heal|p2a: Hom3 Invasion|37\/100|[from] item: Leftovers\n|upkeep\n|turn|4\n|\n|t:|1699322424\n|switch|p2b: Diancie|Diancie|100\/100\n|move|p1b: Cresselia|Helping Hand|p1a: Iron Hands\n|-singleturn|p1a: Iron Hands|Helping Hand|[of] p1b: Cresselia\n|move|p2a: Hom3 Invasion|Protect|p2a: Hom3 Invasion\n|-singleturn|p2a: Hom3 Invasion|Protect\n|move|p1a: Iron Hands|Drain Punch|p2a: Hom3 Invasion\n|-activate|p2a: Hom3 Invasion|move: Protect\n|\n|-heal|p2a: Hom3 Invasion|43\/100|[from] item: Leftovers\n|upkeep\n|turn|5\n|\n|t:|1699322446\n|-terastallize|p2a: Hom3 Invasion|Fighting\n|move|p1b: Cresselia|Moonblast|p2a: Hom3 Invasion\n|-supereffective|p2a: Hom3 Invasion\n|-damage|p2a: Hom3 Invasion|32\/100\n|move|p1a: Iron Hands|Heavy Slam|p2b: Diancie\n|-supereffective|p2b: Diancie\n|-damage|p2b: Diancie|0 fnt\n|faint|p2b: Diancie\n|move|p2a: Hom3 Invasion|Stockpile|p2a: Hom3 Invasion\n|-start|p2a: Hom3 Invasion|stockpile2\n|-boost|p2a: Hom3 Invasion|def|2\n|-boost|p2a: Hom3 Invasion|spd|2\n|\n|-heal|p2a: Hom3 Invasion|38\/100|[from] item: Leftovers\n|-fieldend|move: Psychic Terrain\n|upkeep\n|\n|t:|1699322456\n|switch|p2b: Amoonguss|Amoonguss, F|100\/100\n|turn|6\n|\n|t:|1699322476\n|-terastallize|p1a: Iron Hands|Grass\n|move|p1b: Cresselia|Helping Hand|p1a: Iron Hands\n|-singleturn|p1a: Iron Hands|Helping Hand|[of] p1b: Cresselia\n|move|p1a: Iron Hands|Drain Punch|p2a: Hom3 Invasion\n|-damage|p2a: Hom3 Invasion|24\/100\n|move|p2a: Hom3 Invasion|Snarl|p1a: Iron Hands|[spread] p1a,p1b\n|-supereffective|p1b: Cresselia\n|-damage|p1a: Iron Hands|93\/100\n|-damage|p1b: Cresselia|88\/100\n|-unboost|p1a: Iron Hands|spa|1\n|move|p2b: Amoonguss|Pollen Puff|p2a: Hom3 Invasion\n|-heal|p2a: Hom3 Invasion|74\/100\n|\n|-heal|p2a: Hom3 Invasion|80\/100|[from] item: Leftovers\n|upkeep\n|turn|7\n|\n|t:|1699322516\n|switch|p2b: Incineroar|Incineroar, M|100\/100\n|-ability|p2b: Incineroar|Intimidate|boost\n|-unboost|p1a: Iron Hands|atk|1\n|-unboost|p1b: Cresselia|atk|1\n|move|p1a: Iron Hands|Heavy Slam|p2b: Incineroar\n|-resisted|p2b: Incineroar\n|-damage|p2b: Incineroar|89\/100\n|move|p2a: Hom3 Invasion|Stockpile|p2a: Hom3 Invasion\n|-start|p2a: Hom3 Invasion|stockpile3\n|-boost|p2a: Hom3 Invasion|def|2\n|-boost|p2a: Hom3 Invasion|spd|2\n|move|p1b: Cresselia|Trick Room|p1b: Cresselia\n|-fieldstart|move: Trick Room|[of] p1b: Cresselia\n|\n|-heal|p2a: Hom3 Invasion|86\/100|[from] item: Leftovers\n|upkeep\n|turn|8\n|\n|t:|1699322542\n|-end|p1a: Iron Hands|Quark Drive|[silent]\n|switch|p1a: Torkoal|Torkoal, M|100\/100\n|-weather|SunnyDay|[from] ability: Drought|[of] p1a: Torkoal\n|move|p1b: Cresselia|Protect|p1b: Cresselia\n|-singleturn|p1b: Cresselia|Protect\n|move|p2a: Hom3 Invasion|Body Press|p1a: Torkoal\n|-damage|p1a: Torkoal|31\/100\n|move|p2b: Incineroar|Knock Off|p1b: Cresselia\n|-activate|p1b: Cresselia|move: Protect\n|\n|-weather|SunnyDay|[upkeep]\n|-heal|p2a: Hom3 Invasion|92\/100|[from] item: Leftovers\n|upkeep\n|turn|9\n|\n|t:|1699322571\n|move|p1b: Cresselia|Helping Hand|p1a: Torkoal\n|-singleturn|p1a: Torkoal|Helping Hand|[of] p1b: Cresselia\n|move|p1a: Torkoal|Heat Wave|p2a: Hom3 Invasion|[spread] p2a,p2b\n|-resisted|p2b: Incineroar\n|-damage|p2a: Hom3 Invasion|74\/100\n|-damage|p2b: Incineroar|53\/100\n|move|p2a: Hom3 Invasion|Snarl|p1a: Torkoal|[spread] p1a,p1b\n|-supereffective|p1b: Cresselia\n|-damage|p1a: Torkoal|12\/100\n|-damage|p1b: Cresselia|74\/100\n|-unboost|p1a: Torkoal|spa|1\n|move|p2b: Incineroar|Knock Off|p1b: Cresselia\n|-supereffective|p1b: Cresselia\n|-damage|p1b: Cresselia|16\/100\n|-enditem|p1b: Cresselia|Covert Cloak|[from] move: Knock Off|[of] p2b: Incineroar\n|\n|-weather|SunnyDay|[upkeep]\n|-heal|p2a: Hom3 Invasion|80\/100|[from] item: Leftovers\n|upkeep\n|turn|10\n|\n|t:|1699322603\n|move|p1b: Cresselia|Helping Hand|p1a: Torkoal\n|-singleturn|p1a: Torkoal|Helping Hand|[of] p1b: Cresselia\n|move|p1a: Torkoal|Heat Wave|p2a: Hom3 Invasion|[spread] p2a,p2b\n|-resisted|p2b: Incineroar\n|-damage|p2a: Hom3 Invasion|67\/100\n|-damage|p2b: Incineroar|27\/100\n|-enditem|p2b: Incineroar|Sitrus Berry|[eat]\n|-heal|p2b: Incineroar|52\/100|[from] item: Sitrus Berry\n|move|p2a: Hom3 Invasion|Snarl|p1b: Cresselia|[spread] p1a,p1b\n|-supereffective|p1b: Cresselia\n|-damage|p1a: Torkoal|0 fnt\n|-damage|p1b: Cresselia|3\/100\n|-unboost|p1b: Cresselia|spa|1\n|faint|p1a: Torkoal\n|move|p2b: Incineroar|Parting Shot|p1b: Cresselia\n|-unboost|p1b: Cresselia|atk|1\n|-unboost|p1b: Cresselia|spa|1\n|\n|t:|1699322616\n|switch|p2b: Amoonguss|Amoonguss, F|100\/100|[from] Parting Shot\n|\n|-weather|SunnyDay|[upkeep]\n|-heal|p2a: Hom3 Invasion|73\/100|[from] item: Leftovers\n|upkeep\n|\n|t:|1699322632\n|switch|p1a: Ursaluna|Ursaluna, M|100\/100\n|turn|11\n|\n|t:|1699322657\n|move|p1a: Ursaluna|Protect|p1a: Ursaluna\n|-singleturn|p1a: Ursaluna|Protect\n|move|p1b: Cresselia|Protect|p1b: Cresselia\n|-singleturn|p1b: Cresselia|Protect\n|move|p2b: Amoonguss|Pollen Puff|p1b: Cresselia\n|-activate|p1b: Cresselia|move: Protect\n|move|p2a: Hom3 Invasion|Body Press|p1a: Ursaluna\n|-activate|p1a: Ursaluna|move: Protect\n|\n|-weather|SunnyDay|[upkeep]\n|-heal|p2a: Hom3 Invasion|79\/100|[from] item: Leftovers\n|-fieldend|move: Trick Room\n|-status|p1a: Ursaluna|brn|[from] item: Flame Orb\n|upkeep\n|turn|12\n|\n|t:|1699322687\n|move|p1b: Cresselia|Helping Hand|p1a: Ursaluna\n|-singleturn|p1a: Ursaluna|Helping Hand|[of] p1b: Cresselia\n|move|p1a: Ursaluna|Earthquake|p2b: Amoonguss|[spread] p2a,p2b\n|-immune|p1b: Cresselia|[from] ability: Levitate\n|-damage|p2a: Hom3 Invasion|63\/100\n|-damage|p2b: Amoonguss|34\/100\n|move|p2a: Hom3 Invasion|Body Press|p1a: Ursaluna\n|-supereffective|p1a: Ursaluna\n|-damage|p1a: Ursaluna|0 fnt\n|faint|p1a: Ursaluna\n|move|p2b: Amoonguss|Pollen Puff|p2a: Hom3 Invasion\n|-heal|p2a: Hom3 Invasion|100\/100\n|\n|-weather|none\n|upkeep\n|\n|t:|1699322717\n|switch|p1a: Armarouge|Armarouge, F|100\/100\n|turn|13\n|\n|t:|1699322731\n|switch|p2b: Stakataka|Stakataka|100\/100\n|move|p1b: Cresselia|Moonblast|p2a: Hom3 Invasion\n|-supereffective|p2a: Hom3 Invasion\n|-damage|p2a: Hom3 Invasion|97\/100\n|move|p1a: Armarouge|Armor Cannon|p2b: Stakataka\n|-damage|p2b: Stakataka|26\/100\n|-unboost|p1a: Armarouge|def|1\n|-unboost|p1a: Armarouge|spd|1\n|move|p2a: Hom3 Invasion|Snarl|p1b: Cresselia|[spread] p1a,p1b\n|-supereffective|p1a: Armarouge\n|-supereffective|p1b: Cresselia\n|-damage|p1a: Armarouge|57\/100\n|-damage|p1b: Cresselia|0 fnt\n|-unboost|p1a: Armarouge|spa|1\n|-enditem|p1a: Armarouge|Weakness Policy\n|-boost|p1a: Armarouge|atk|2|[from] item: Weakness Policy\n|-boost|p1a: Armarouge|spa|2|[from] item: Weakness Policy\n|faint|p1b: Cresselia\n|\n|-heal|p2a: Hom3 Invasion|100\/100|[from] item: Leftovers\n|upkeep\n|\n|t:|1699322752\n|switch|p1b: Iron Hands|Iron Hands, tera:Grass|93\/100\n|turn|14\n|\n|t:|1699322766\n|move|p1b: Iron Hands|Fake Out|p2b: Stakataka\n|-resisted|p2b: Stakataka\n|-damage|p2b: Stakataka|23\/100\n|move|p1a: Armarouge|Armor Cannon|p2a: Hom3 Invasion\n|-damage|p2a: Hom3 Invasion|82\/100\n|-unboost|p1a: Armarouge|def|1\n|-unboost|p1a: Armarouge|spd|1\n|move|p2a: Hom3 Invasion|Body Press|p1a: Armarouge\n|-resisted|p1a: Armarouge\n|-damage|p1a: Armarouge|0 fnt\n|faint|p1a: Armarouge\n|cant|p2b: Stakataka|flinch\n|\n|-heal|p2a: Hom3 Invasion|88\/100|[from] item: Leftovers\n|upkeep\n|turn|15\n|-message|hhafxyz forfeited.\n|\n|win|OilCompany3000\n|raw|hhafxyz's rating: 1298 &rarr; <strong>1267<\/strong><br \/>(-31 for losing)\n|raw|OilCompany3000's rating: 1217 &rarr; <strong>1248<\/strong><br \/>(+31 for winning)\n|l|\u2606hhafxyz\n","uploadtime":1699322793,"views":8,"p1id":"hhafxyz","p2id":"oilcompany3000","formatid":"gen9nationaldexdoubles","rating":1248,"private":0,"password":""}