{"id":"gen9nationaldexdoubles-1972797612","p1":"omegashenronone","p2":"khush19","format":"[Gen 9] National Dex Doubles","log":"|j|\u2606omegashenronone\n|j|\u2606khush19\n|t:|1697896314\n|gametype|doubles\n|player|p1|omegashenronone|hugh|\n|player|p2|khush19|n|\n|teamsize|p1|6\n|teamsize|p2|6\n|gen|9\n|tier|[Gen 9] National Dex Doubles\n|rule|HP Percentage Mod: HP is shown in percentages\n|rule|Endless Battle Clause: Forcing endless battles is banned\n|rule|OHKO Clause: OHKO moves are banned\n|rule|Evasion Moves Clause: Evasion moves are banned\n|rule|Evasion Abilities Clause: Evasion abilities are banned\n|rule|Species Clause: Limit one of each Pok\u00e9mon\n|rule|Gravity Sleep Clause: The combination of sleep-inducing moves with imperfect accuracy and Gravity or Gigantamax Orbeetle are banned\n|clearpoke\n|poke|p1|Pelipper, M|\n|poke|p1|Gyarados, F|\n|poke|p1|Greninja-*, M|\n|poke|p1|Dracovish|\n|poke|p1|Walking Wake|\n|poke|p1|Rotom-Wash|\n|poke|p2|Cinderace, M|\n|poke|p2|Swampert, M|\n|poke|p2|Blaziken, F|\n|poke|p2|Mimikyu, M|\n|poke|p2|Greninja-*, F|\n|poke|p2|Zapdos|\n|teampreview\n|inactive|Battle timer is ON: inactive players will automatically lose when time's up. (requested by omegashenronone)\n|c|\u2606khush19|Glhf\n|c|\u2606omegashenronone|U 2\n|inactive|khush19 has 270 seconds left.\n|inactive|khush19 has 240 seconds left.\n|\n|t:|1697896394\n|start\n|switch|p1a: Happy|Pelipper, M|100\/100\n|switch|p1b: Ze Fish?|Dracovish|100\/100\n|switch|p2a: Cinderace|Cinderace, M|100\/100\n|switch|p2b: Blaziken|Blaziken, F|100\/100\n|-weather|RainDance|[from] ability: Drizzle|[of] p1a: Happy\n|turn|1\n|\n|t:|1697896423\n|move|p2b: Blaziken|Protect|p2b: Blaziken\n|-singleturn|p2b: Blaziken|Protect\n|move|p2a: Cinderace|Sucker Punch|p1b: Ze Fish?\n|-start|p2a: Cinderace|typechange|Dark|[from] ability: Libero\n|-crit|p1b: Ze Fish?\n|-damage|p1b: Ze Fish?|34\/100\n|-damage|p2a: Cinderace|91\/100|[from] item: Life Orb\n|move|p1b: Ze Fish?|Fishious Rend|p2a: Cinderace\n|-damage|p2a: Cinderace|0 fnt\n|faint|p2a: Cinderace\n|move|p1a: Happy|Tailwind|p1a: Happy\n|-sidestart|p1: omegashenronone|move: Tailwind\n|\n|-weather|RainDance|[upkeep]\n|-ability|p2b: Blaziken|Speed Boost|boost\n|-boost|p2b: Blaziken|spe|1\n|upkeep\n|inactive|khush19 has 270 seconds left.\n|c|\u2606omegashenronone|Ze Fish!\n|\n|t:|1697896444\n|switch|p2a: Mimikyu|Mimikyu, M|100\/100\n|turn|2\n|inactive|khush19 has 270 seconds left.\n|\n|t:|1697896460\n|-terastallize|p2b: Blaziken|Water\n|move|p1b: Ze Fish?|Fishious Rend|p2b: Blaziken\n|-resisted|p2b: Blaziken\n|-damage|p2b: Blaziken|0 fnt\n|faint|p2b: Blaziken\n|move|p1a: Happy|Icy Wind|p2a: Mimikyu\n|-activate|p2a: Mimikyu|ability: Disguise\n|-damage|p2a: Mimikyu|100\/100\n|-unboost|p2a: Mimikyu|spe|1\n|detailschange|p2a: Mimikyu|Mimikyu-Busted, M\n|-damage|p2a: Mimikyu|88\/100|[from] pokemon: Mimikyu-Busted\n|move|p2a: Mimikyu|Play Rough|p1b: Ze Fish?\n|-supereffective|p1b: Ze Fish?\n|-damage|p1b: Ze Fish?|0 fnt\n|faint|p1b: Ze Fish?\n|-damage|p2a: Mimikyu|78\/100|[from] item: Life Orb\n|\n|-weather|RainDance|[upkeep]\n|upkeep\n|\n|t:|1697896480\n|switch|p1b: Genji|Greninja, M, shiny|100\/100\n|switch|p2b: Zapdos|Zapdos|100\/100\n|turn|3\n|\n|t:|1697896492\n|move|p2b: Zapdos|Protect|p2b: Zapdos\n|-singleturn|p2b: Zapdos|Protect\n|move|p1b: Genji|Ice Beam|p2b: Zapdos\n|-start|p1b: Genji|typechange|Ice|[from] ability: Protean\n|-activate|p2b: Zapdos|move: Protect\n|move|p1a: Happy|Icy Wind|p2a: Mimikyu|[spread] p2a\n|-activate|p2b: Zapdos|move: Protect\n|-damage|p2a: Mimikyu|67\/100\n|-unboost|p2a: Mimikyu|spe|1\n|move|p2a: Mimikyu|Play Rough|p1b: Genji\n|-damage|p1b: Genji|23\/100\n|-damage|p2a: Mimikyu|57\/100|[from] item: Life Orb\n|\n|-weather|RainDance|[upkeep]\n|upkeep\n|turn|4\n|\n|t:|1697896516\n|move|p2a: Mimikyu|Shadow Sneak|p1b: Genji\n|-damage|p1b: Genji|0 fnt\n|faint|p1b: Genji\n|-damage|p2a: Mimikyu|47\/100|[from] item: Life Orb\n|move|p1a: Happy|U-turn|p2a: Mimikyu\n|-resisted|p2a: Mimikyu\n|-damage|p2a: Mimikyu|44\/100\n|\n|t:|1697896523\n|switch|p1a: Waking walk|Walking Wake|100\/100|[from] U-turn\n|-enditem|p1a: Waking walk|Booster Energy\n|-activate|p1a: Waking walk|ability: Protosynthesis|[fromitem]\n|-start|p1a: Waking walk|protosynthesisspa\n|move|p2b: Zapdos|Tailwind|p2b: Zapdos\n|-sidestart|p2: khush19|move: Tailwind\n|\n|-weather|RainDance|[upkeep]\n|-sideend|p1: omegashenronone|move: Tailwind\n|upkeep\n|\n|t:|1697896526\n|switch|p1b: Former rotom phone|Rotom-Wash, shiny|100\/100\n|turn|5\n|\n|t:|1697896550\n|move|p2a: Mimikyu|Shadow Sneak|p1a: Waking walk\n|-damage|p1a: Waking walk|76\/100\n|-damage|p2a: Mimikyu|34\/100|[from] item: Life Orb\n|move|p2b: Zapdos|Discharge|p1b: Former rotom phone|[spread] p2a,p1a,p1b\n|-crit|p1a: Waking walk\n|-damage|p2a: Mimikyu|0 fnt\n|-damage|p1a: Waking walk|23\/100\n|-damage|p1b: Former rotom phone|67\/100\n|faint|p2a: Mimikyu\n|move|p1a: Waking walk|Dragon Pulse|p2b: Zapdos\n|-damage|p2b: Zapdos|30\/100\n|move|p1b: Former rotom phone|Thunder|p2b: Zapdos\n|-damage|p2b: Zapdos|0 fnt\n|faint|p2b: Zapdos\n|-damage|p1b: Former rotom phone|57\/100|[from] item: Life Orb\n|\n|-weather|RainDance|[upkeep]\n|upkeep\n|c|\u2606omegashenronone|Blundered\n|inactive|khush19 has 270 seconds left.\n|\n|t:|1697896569\n|switch|p2b: Swampert|Swampert, M|100\/100\n|switch|p2a: Greninja|Greninja, F|100\/100\n|turn|6\n|inactive|khush19 has 270 seconds left.\n|\n|t:|1697896599\n|move|p2a: Greninja|Dark Pulse|p1b: Former rotom phone\n|-start|p2a: Greninja|typechange|Dark|[from] ability: Protean\n|-damage|p1b: Former rotom phone|16\/100\n|move|p2b: Swampert|Ice Beam|p1a: Waking walk\n|-damage|p1a: Waking walk|5\/100\n|move|p1a: Waking walk|Hydro Steam|p2b: Swampert\n|-damage|p2b: Swampert|25\/100\n|move|p1b: Former rotom phone|Thunder|p2a: Greninja\n|-damage|p2a: Greninja|2\/100\n|-status|p2a: Greninja|par\n|-damage|p1b: Former rotom phone|6\/100|[from] item: Life Orb\n|\n|-weather|RainDance|[upkeep]\n|upkeep\n|turn|7\n|inactive|khush19 has 270 seconds left.\n|c|\u2606khush19|Luck\n|\n|t:|1697896635\n|detailschange|p2b: Swampert|Swampert-Mega, M\n|-mega|p2b: Swampert|Swampert|Swampertite\n|move|p2b: Swampert|Scald|p1a: Waking walk\n|-resisted|p1a: Waking walk\n|-damage|p1a: Waking walk|0 fnt\n|faint|p1a: Waking walk\n|-end|p1a: Waking walk|Protosynthesis|[silent]\n|cant|p2a: Greninja|par\n|move|p1b: Former rotom phone|Hyper Voice|p2b: Swampert|[spread] p2a,p2b\n|-damage|p2a: Greninja|0 fnt\n|-damage|p2b: Swampert|3\/100\n|faint|p2a: Greninja\n|-damage|p1b: Former rotom phone|0 fnt|[from] item: Life Orb\n|faint|p1b: Former rotom phone\n|\n|-weather|RainDance|[upkeep]\n|-sideend|p2: khush19|move: Tailwind\n|upkeep\n|inactive|omegashenronone has 270 seconds left.\n|\n|t:|1697896647\n|switch|p1a: CHERRY|Gyarados, F, shiny|100\/100\n|switch|p1b: Happy|Pelipper, M|100\/100\n|-ability|p1a: CHERRY|Intimidate|boost\n|-unboost|p2b: Swampert|atk|1\n|turn|8\n|c|\u2606omegashenronone|Good game\n|\n|t:|1697896661\n|move|p2b: Swampert|Ice Beam|p1a: CHERRY\n|-damage|p1a: CHERRY|81\/100\n|-status|p1a: CHERRY|frz\n|cant|p1a: CHERRY|frz\n|move|p1b: Happy|U-turn|p2b: Swampert\n|-damage|p2b: Swampert|0 fnt\n|faint|p2b: Swampert\n|\n|win|omegashenronone\n","uploadtime":1697896667,"views":8,"p1id":"omegashenronone","p2id":"khush19","formatid":"gen9nationaldexdoubles","rating":0,"private":0,"password":""}