{"id":"gen9nationaldexdoubles-1990860280","p1":"ILoveJ","p2":"lxvliiz","format":"[Gen 9] National Dex Doubles","log":"|j|\u2606ILoveJ\n|j|\u2606lxvliiz\n|t:|1700008550\n|gametype|doubles\n|player|p1|ILoveJ|lyra|1221\n|player|p2|lxvliiz|guitarist|1229\n|teamsize|p1|6\n|teamsize|p2|6\n|gen|9\n|tier|[Gen 9] National Dex Doubles\n|rated|\n|rule|HP Percentage Mod: HP is shown in percentages\n|rule|Endless Battle Clause: Forcing endless battles is banned\n|rule|OHKO Clause: OHKO moves are banned\n|rule|Evasion Moves Clause: Evasion moves are banned\n|rule|Evasion Abilities Clause: Evasion abilities are banned\n|rule|Species Clause: Limit one of each Pok\u00e9mon\n|rule|Gravity Sleep Clause: The combination of sleep-inducing moves with imperfect accuracy and Gravity or Gigantamax Orbeetle are banned\n|clearpoke\n|poke|p1|Oricorio-Pom-Pom, F|\n|poke|p1|Gliscor, M|\n|poke|p1|Greninja-*, M|\n|poke|p1|Iron Bundle|\n|poke|p1|Volcarona, M|\n|poke|p1|Lucario, F|\n|poke|p2|Torkoal, M|\n|poke|p2|Charizard, F|\n|poke|p2|Rotom-Heat|\n|poke|p2|Heatran, M|\n|poke|p2|Iron Moth|\n|poke|p2|Typhlosion, F|\n|teampreview\n|inactive|Battle timer is ON: inactive players will automatically lose when time's up. (requested by ILoveJ)\n|\n|t:|1700008579\n|start\n|switch|p1a: Volcarona|Volcarona, M|100\/100\n|switch|p1b: Oricorio|Oricorio-Pom-Pom, F|100\/100\n|switch|p2a: Heatran|Heatran, M|100\/100\n|switch|p2b: Typhlosion|Typhlosion, F|100\/100\n|turn|1\n|\n|t:|1700008588\n|-terastallize|p2a: Heatran|Fire\n|move|p1b: Oricorio|Protect|p1b: Oricorio\n|-singleturn|p1b: Oricorio|Protect\n|move|p2b: Typhlosion|Lava Plume|p1b: Oricorio|[spread] p1a\n|-activate|p1b: Oricorio|move: Protect\n|-start|p2a: Heatran|ability: Flash Fire\n|-damage|p1a: Volcarona|76\/100\n|move|p2a: Heatran|Lava Plume|p1b: Oricorio|[spread] p1a\n|-activate|p1b: Oricorio|move: Protect\n|-start|p2b: Typhlosion|ability: Flash Fire\n|-damage|p1a: Volcarona|6\/100\n|move|p1a: Volcarona|Quiver Dance|p1a: Volcarona\n|-boost|p1a: Volcarona|spa|1\n|-boost|p1a: Volcarona|spd|1\n|-boost|p1a: Volcarona|spe|1\n|-activate|p1b: Oricorio|ability: Dancer\n|move|p1b: Oricorio|Quiver Dance|p1b: Oricorio|[from]ability: Dancer\n|-boost|p1b: Oricorio|spa|1\n|-boost|p1b: Oricorio|spd|1\n|-boost|p1b: Oricorio|spe|1\n|\n|-heal|p1a: Volcarona|12\/100|[from] item: Leftovers\n|upkeep\n|turn|2\n|c|\u2606lxvliiz|hi\n|c|\u2606ILoveJ|hi\n|inactive|ILoveJ has 120 seconds left.\n|\n|t:|1700008622\n|move|p2b: Typhlosion|Lava Plume|p1a: Volcarona|[spread] p1a,p1b\n|-immune|p2a: Heatran|[from] ability: Flash Fire\n|-damage|p1a: Volcarona|0 fnt\n|-damage|p1b: Oricorio|60\/100\n|faint|p1a: Volcarona\n|move|p1b: Oricorio|Revelation Dance|p2b: Typhlosion\n|-damage|p2b: Typhlosion|30\/100\n|move|p2a: Heatran|Eruption|p1b: Oricorio\n|-damage|p1b: Oricorio|0 fnt\n|faint|p1b: Oricorio\n|\n|upkeep\n|inactive|ILoveJ has 120 seconds left.\n|\n|t:|1700008632\n|switch|p1b: Iron Bundle|Iron Bundle|100\/100\n|switch|p1a: Greninja|Greninja, M|100\/100\n|-enditem|p1b: Iron Bundle|Booster Energy\n|-activate|p1b: Iron Bundle|ability: Quark Drive|[fromitem]\n|-start|p1b: Iron Bundle|quarkdrivespe\n|turn|3\n|c|\u2606lxvliiz|just trying out a silly team i thought of and then found on reddit \ud83d\udc80\n|\n|t:|1700008656\n|-end|p2b: Typhlosion|ability: Flash Fire|[silent]\n|switch|p2b: Torkoal|Torkoal, M|100\/100\n|-weather|SunnyDay|[from] ability: Drought|[of] p2b: Torkoal\n|move|p1b: Iron Bundle|Protect|p1b: Iron Bundle\n|-singleturn|p1b: Iron Bundle|Protect\n|move|p1a: Greninja|Dark Pulse|p2b: Torkoal\n|-damage|p2b: Torkoal|53\/100\n|move|p2a: Heatran|Eruption|p1b: Iron Bundle|[spread] p1a\n|-activate|p1b: Iron Bundle|move: Protect\n|-resisted|p1a: Greninja\n|-crit|p1a: Greninja\n|-enditem|p1a: Greninja|Focus Sash\n|-damage|p1a: Greninja|1\/100\n|\n|-weather|SunnyDay|[upkeep]\n|upkeep\n|turn|4\n|c|\u2606ILoveJ|lol\n|c|\u2606ILoveJ|k ew it\n|inactive|lxvliiz has 120 seconds left.\n|\n|t:|1700008687\n|switch|p2b: Rotom|Rotom-Heat|100\/100\n|move|p1b: Iron Bundle|Freeze-Dry|p2b: Rotom\n|-resisted|p2b: Rotom\n|-damage|p2b: Rotom|80\/100\n|move|p1a: Greninja|Dark Pulse|p2a: Heatran\n|-damage|p2a: Heatran|66\/100\n|cant|p2a: Heatran|flinch\n|\n|-weather|SunnyDay|[upkeep]\n|upkeep\n|turn|5\n|\n|t:|1700008711\n|move|p1b: Iron Bundle|Protect|p1b: Iron Bundle\n|-singleturn|p1b: Iron Bundle|Protect\n|move|p1a: Greninja|Dark Pulse|p2a: Heatran\n|-damage|p2a: Heatran|32\/100\n|move|p2b: Rotom|Volt Switch|p1a: Greninja\n|-supereffective|p1a: Greninja\n|-damage|p1a: Greninja|0 fnt\n|faint|p1a: Greninja\n|inactive|lxvliiz has 120 seconds left.\n|\n|t:|1700008721\n|switch|p2b: Typhlosion|Typhlosion, F|30\/100|[from] Volt Switch\n|move|p2a: Heatran|Eruption|p1b: Iron Bundle\n|-activate|p1b: Iron Bundle|move: Protect\n|\n|-weather|SunnyDay|[upkeep]\n|upkeep\n|\n|t:|1700008726\n|switch|p1a: Gliscor|Gliscor, M|100\/100\n|turn|6\n|\n|t:|1700008734\n|move|p1a: Gliscor|Protect|p1a: Gliscor\n|-singleturn|p1a: Gliscor|Protect\n|move|p1b: Iron Bundle|Freeze-Dry|p2b: Typhlosion\n|-resisted|p2b: Typhlosion\n|-damage|p2b: Typhlosion|8\/100\n|move|p2b: Typhlosion|Lava Plume|p1a: Gliscor|[spread] p1b\n|-activate|p1a: Gliscor|move: Protect\n|-immune|p2a: Heatran|[from] ability: Flash Fire\n|-damage|p1b: Iron Bundle|22\/100\n|-status|p1b: Iron Bundle|brn\n|move|p2a: Heatran|Lava Plume|p1b: Iron Bundle|[spread] p1b\n|-activate|p1a: Gliscor|move: Protect\n|-start|p2b: Typhlosion|ability: Flash Fire\n|-damage|p1b: Iron Bundle|0 fnt\n|faint|p1b: Iron Bundle\n|-end|p1b: Iron Bundle|Quark Drive|[silent]\n|\n|-weather|SunnyDay|[upkeep]\n|-status|p1a: Gliscor|tox|[from] item: Toxic Orb\n|upkeep\n|\n|t:|1700008745\n|switch|p1b: Lucario|Lucario, F|100\/100\n|turn|7\n|\n|t:|1700008759\n|detailschange|p1b: Lucario|Lucario-Mega, F\n|-mega|p1b: Lucario|Lucario|Lucarionite\n|move|p1b: Lucario|Bullet Punch|p2b: Typhlosion\n|-resisted|p2b: Typhlosion\n|-crit|p2b: Typhlosion\n|-damage|p2b: Typhlosion|0 fnt\n|faint|p2b: Typhlosion\n|move|p1a: Gliscor|Knock Off|p2a: Heatran\n|-damage|p2a: Heatran|2\/100\n|-enditem|p2a: Heatran|Charcoal|[from] move: Knock Off|[of] p1a: Gliscor\n|move|p2a: Heatran|Lava Plume|p1b: Lucario|[spread] p1a,p1b\n|-supereffective|p1b: Lucario\n|-damage|p1a: Gliscor|0 fnt\n|-damage|p1b: Lucario|0 fnt\n|faint|p1a: Gliscor\n|faint|p1b: Lucario\n|\n|win|lxvliiz\n|raw|ILoveJ's rating: 1221 &rarr; <strong>1197<\/strong><br \/>(-24 for losing)\n|raw|lxvliiz's rating: 1229 &rarr; <strong>1253<\/strong><br \/>(+24 for winning)\n|c|\u2606lxvliiz|gg\n|l|\u2606ILoveJ\n","uploadtime":1700008799,"views":8,"p1id":"ilovej","p2id":"lxvliiz","formatid":"gen9nationaldexdoubles","rating":1197,"private":0,"password":""}