{"id":"gen9nationaldexdoubles-1980285895","p1":"multiingbe","p2":"lamebagels","format":"[Gen 9] National Dex Doubles","log":"|j|\u2606multiingbe\n|j|\u2606lamebagels\n|t:|1698772401\n|gametype|doubles\n|player|p1|multiingbe|kimonogirl|1000\n|player|p2|lamebagels|molayne|1062\n|teamsize|p1|6\n|teamsize|p2|6\n|gen|9\n|tier|[Gen 9] National Dex Doubles\n|rated|\n|rule|HP Percentage Mod: HP is shown in percentages\n|rule|Endless Battle Clause: Forcing endless battles is banned\n|rule|OHKO Clause: OHKO moves are banned\n|rule|Evasion Moves Clause: Evasion moves are banned\n|rule|Evasion Abilities Clause: Evasion abilities are banned\n|rule|Species Clause: Limit one of each Pok\u00e9mon\n|rule|Gravity Sleep Clause: The combination of sleep-inducing moves with imperfect accuracy and Gravity or Gigantamax Orbeetle are banned\n|clearpoke\n|poke|p1|Azumarill, F|\n|poke|p1|Dewgong, M|\n|poke|p1|Ninetales-Alola, M|\n|poke|p1|Blastoise, M|\n|poke|p1|Volbeat, M|\n|poke|p1|Comfey, F|\n|poke|p2|Purrloin, M|\n|poke|p2|Murkrow, F|\n|poke|p2|Mimikyu, F|\n|poke|p2|Gliscor, M|\n|poke|p2|Gourgeist-*, M|\n|poke|p2|Houndstone, F|\n|teampreview\n|\n|t:|1698772419\n|start\n|switch|p1a: Ueuwady|Dewgong, M, shiny|100\/100\n|switch|p1b: Etudelki|Azumarill, F|100\/100\n|switch|p2a: Mimikyu|Mimikyu, F, shiny|100\/100\n|switch|p2b: Purrloin|Purrloin, M, shiny|100\/100\n|turn|1\n|\n|t:|1698772448\n|move|p1a: Ueuwady|Fake Out|p2b: Purrloin\n|-damage|p2b: Purrloin|83\/100\n|cant|p2b: Purrloin|flinch\n|move|p1b: Etudelki|Aqua Jet|p2a: Mimikyu\n|-activate|p2a: Mimikyu|ability: Disguise\n|-damage|p2a: Mimikyu|100\/100\n|detailschange|p2a: Mimikyu|Mimikyu-Busted, F, shiny\n|-damage|p2a: Mimikyu|88\/100|[from] pokemon: Mimikyu-Busted\n|move|p2a: Mimikyu|Wood Hammer|p1a: Ueuwady\n|-supereffective|p1a: Ueuwady\n|-damage|p1a: Ueuwady|9\/100\n|-damage|p2a: Mimikyu|42\/100|[from] Recoil\n|-damage|p2a: Mimikyu|32\/100|[from] item: Life Orb\n|\n|upkeep\n|turn|2\n|\n|t:|1698772466\n|move|p2a: Mimikyu|Shadow Sneak|p1a: Ueuwady\n|-damage|p1a: Ueuwady|0 fnt\n|faint|p1a: Ueuwady\n|-damage|p2a: Mimikyu|22\/100|[from] item: Life Orb\n|move|p2b: Purrloin|Baton Pass|p2b: Purrloin\n|\n|t:|1698772469\n|switch|p2b: Gourgeist|Gourgeist-Small, M, shiny|100\/100|[from] Baton Pass\n|-item|p1b: Etudelki|Assault Vest|[from] ability: Frisk|[of] p2b: Gourgeist|[identify]\n|move|p1b: Etudelki|Aqua Jet|p2a: Mimikyu\n|-crit|p2a: Mimikyu\n|-damage|p2a: Mimikyu|0 fnt\n|faint|p2a: Mimikyu\n|\n|upkeep\n|\n|t:|1698772483\n|switch|p2a: Purrloin|Purrloin, M, shiny|83\/100\n|switch|p1a: Vamauah|Ninetales-Alola, M|100\/100\n|-weather|Snow|[from] ability: Snow Warning|[of] p1a: Vamauah\n|turn|3\n|\n|t:|1698772511\n|-terastallize|p1a: Vamauah|Ice\n|move|p2a: Purrloin|Fake Out|p1a: Vamauah\n|-damage|p1a: Vamauah|93\/100\n|cant|p1a: Vamauah|flinch\n|move|p1b: Etudelki|Ice Punch|p2b: Gourgeist\n|-supereffective|p2b: Gourgeist\n|-damage|p2b: Gourgeist|60\/100\n|move|p2b: Gourgeist|Trick-or-Treat||[still]\n|-fail|p2b: Gourgeist\n|\n|-weather|Snow|[upkeep]\n|upkeep\n|turn|4\n|\n|t:|1698772529\n|move|p1a: Vamauah|Blizzard|p2b: Gourgeist|[spread] p2a,p2b\n|-supereffective|p2b: Gourgeist\n|-damage|p2a: Purrloin|0 fnt\n|-damage|p2b: Gourgeist|0 fnt\n|faint|p2a: Purrloin\n|faint|p2b: Gourgeist\n|move|p1b: Etudelki|Ice Punch|p2: Purrloin|[notarget]\n|-fail|p1b: Etudelki\n|\n|-weather|Snow|[upkeep]\n|upkeep\n|\n|t:|1698772534\n|switch|p2b: Murkrow|Murkrow, F|100\/100\n|switch|p2a: Houndstone|Houndstone, F, shiny|100\/100\n|turn|5\n|\n|t:|1698772552\n|-terastallize|p2a: Houndstone|Water\n|move|p2b: Murkrow|Tailwind|p2b: Murkrow\n|-sidestart|p2: lamebagels|move: Tailwind\n|move|p2a: Houndstone|Will-O-Wisp|p1b: Etudelki\n|-status|p1b: Etudelki|brn\n|move|p1a: Vamauah|Covet|p2a: Houndstone\n|-damage|p2a: Houndstone|95\/100\n|-item|p1a: Vamauah|Leftovers|[from] move: Covet|[of] p2a: Houndstone\n|move|p1b: Etudelki|Ice Punch|p2b: Murkrow\n|-supereffective|p2b: Murkrow\n|-crit|p2b: Murkrow\n|-damage|p2b: Murkrow|34\/100\n|-status|p2b: Murkrow|frz\n|\n|-weather|Snow|[upkeep]\n|-heal|p1a: Vamauah|99\/100|[from] item: Leftovers\n|-damage|p1b: Etudelki|94\/100 brn|[from] brn\n|upkeep\n|turn|6\n|-message|multiingbe forfeited.\n|\n|win|lamebagels\n|raw|multiingbe's rating: 1000 &rarr; <strong>1000<\/strong><br \/>(+0 for losing)\n|raw|lamebagels's rating: 1062 &rarr; <strong>1087<\/strong><br \/>(+25 for winning)\n|l|\u2606lamebagels\n","uploadtime":1698772574,"views":5,"p1id":"multiingbe","p2id":"lamebagels","formatid":"gen9nationaldexdoubles","rating":1000,"private":0,"password":""}