{"id":"gen9nationaldexdoubles-1955866093","p1":"Roseraie","p2":"hhxh_Queen","format":"[Gen 9] National Dex Doubles","log":"|j|\u2606Roseraie\n|j|\u2606hhxh_Queen\n|t:|1696036468\n|gametype|doubles\n|player|p1|Roseraie|102|1219\n|player|p2|hhxh_Queen|rosa-masters|1050\n|teamsize|p1|6\n|teamsize|p2|6\n|gen|9\n|tier|[Gen 9] National Dex Doubles\n|rated|\n|rule|HP Percentage Mod: HP is shown in percentages\n|rule|Endless Battle Clause: Forcing endless battles is banned\n|rule|OHKO Clause: OHKO moves are banned\n|rule|Evasion Moves Clause: Evasion moves are banned\n|rule|Evasion Abilities Clause: Evasion abilities are banned\n|rule|Species Clause: Limit one of each Pok\u00e9mon\n|rule|Gravity Sleep Clause: The combination of sleep-inducing moves with imperfect accuracy and Gravity or Gigantamax Orbeetle are banned\n|clearpoke\n|poke|p1|Lopunny, F|\n|poke|p1|Chandelure, M|\n|poke|p1|Tornadus, M|\n|poke|p1|Flutter Mane|\n|poke|p1|Ninetales, F|\n|poke|p1|Leavanny, F|\n|poke|p2|Roaring Moon|\n|poke|p2|Charizard, F|\n|poke|p2|Flutter Mane|\n|poke|p2|Whimsicott, F|\n|poke|p2|Walking Wake|\n|poke|p2|Venusaur, M|\n|teampreview\n|inactive|Battle timer is ON: inactive players will automatically lose when time's up. (requested by hhxh_Queen)\n|\n|t:|1696036516\n|start\n|switch|p1a: Chandelure|Chandelure, M|100\/100\n|switch|p1b: Tornadus|Tornadus, M|100\/100\n|switch|p2a: \u810f\u4e1c\u897f|Whimsicott, F, shiny|100\/100\n|switch|p2b: Roaring Moon|Roaring Moon, shiny|100\/100\n|turn|1\n|inactive|hhxh_Queen has 120 seconds left.\n|\n|t:|1696036549\n|move|p2a: \u810f\u4e1c\u897f|Tailwind|p2a: \u810f\u4e1c\u897f\n|-sidestart|p2: hhxh_Queen|move: Tailwind\n|move|p1b: Tornadus|Tailwind|p1b: Tornadus\n|-sidestart|p1: Roseraie|move: Tailwind\n|move|p2b: Roaring Moon|Knock Off|p1a: Chandelure\n|-supereffective|p1a: Chandelure\n|-damage|p1a: Chandelure|0 fnt\n|-enditem|p1a: Chandelure|Assault Vest|[from] move: Knock Off|[of] p2b: Roaring Moon\n|faint|p1a: Chandelure\n|\n|upkeep\n|\n|t:|1696036575\n|switch|p1a: Lopunny|Lopunny, F|100\/100\n|turn|2\n|\n|t:|1696036590\n|-end|p2b: Roaring Moon|Protosynthesis|[silent]\n|switch|p2b: Venusaur|Venusaur, M|100\/100\n|detailschange|p1a: Lopunny|Lopunny-Mega, F\n|-mega|p1a: Lopunny|Lopunny|Lopunnite\n|move|p1a: Lopunny|Fake Out|p2b: Venusaur\n|-damage|p2b: Venusaur|70\/100\n|move|p2a: \u810f\u4e1c\u897f|Encore|p1b: Tornadus\n|-start|p1b: Tornadus|Encore\n|move|p1b: Tornadus|Tailwind||[still]\n|-fail|p1b: Tornadus\n|\n|upkeep\n|turn|3\n|inactive|Roseraie has 120 seconds left.\n|\n|t:|1696036635\n|move|p2a: \u810f\u4e1c\u897f|Encore|p1a: Lopunny\n|-start|p1a: Lopunny|Encore\n|move|p1b: Tornadus|Tailwind||[still]\n|-fail|p1b: Tornadus\n|move|p1a: Lopunny|Fake Out||[still]\n|-hint|Fake Out only works on your first turn out.\n|-fail|p1a: Lopunny\n|move|p2b: Venusaur|Sleep Powder|p1b: Tornadus\n|-status|p1b: Tornadus|slp|[from] move: Sleep Powder\n|\n|upkeep\n|turn|4\n|\n|t:|1696036647\n|switch|p1a: Ninetales|Ninetales, F|100\/100\n|-weather|SunnyDay|[from] ability: Drought|[of] p1a: Ninetales\n|switch|p1b: Leavanny|Leavanny, F|100\/100\n|move|p2a: \u810f\u4e1c\u897f|Sunny Day||[still]\n|-fail|p2a: \u810f\u4e1c\u897f\n|move|p2b: Venusaur|Sleep Powder|p1a: Ninetales|[miss]\n|-miss|p2b: Venusaur|p1a: Ninetales\n|\n|-weather|SunnyDay|[upkeep]\n|-sideend|p1: Roseraie|move: Tailwind\n|-sideend|p2: hhxh_Queen|move: Tailwind\n|upkeep\n|turn|5\n|\n|t:|1696036664\n|-terastallize|p1b: Leavanny|Poison\n|move|p2a: \u810f\u4e1c\u897f|Tailwind|p2a: \u810f\u4e1c\u897f\n|-sidestart|p2: hhxh_Queen|move: Tailwind\n|move|p2b: Venusaur|Sludge Bomb|p1b: Leavanny\n|-resisted|p1b: Leavanny\n|-damage|p1b: Leavanny|58\/100\n|-damage|p2b: Venusaur|60\/100|[from] item: Life Orb\n|move|p1b: Leavanny|Poison Jab|p2a: \u810f\u4e1c\u897f\n|-supereffective|p2a: \u810f\u4e1c\u897f\n|-damage|p2a: \u810f\u4e1c\u897f|0 fnt\n|faint|p2a: \u810f\u4e1c\u897f\n|move|p1a: Ninetales|Flamethrower|p2b: Venusaur\n|-supereffective|p2b: Venusaur\n|-damage|p2b: Venusaur|0 fnt\n|faint|p2b: Venusaur\n|\n|-weather|SunnyDay|[upkeep]\n|upkeep\n|\n|t:|1696036682\n|switch|p2a: Walking Wake|Walking Wake|100\/100\n|switch|p2b: Roaring Moon|Roaring Moon, shiny|100\/100\n|-activate|p2a: Walking Wake|ability: Protosynthesis\n|-start|p2a: Walking Wake|protosynthesisspa\n|-activate|p2b: Roaring Moon|ability: Protosynthesis\n|-start|p2b: Roaring Moon|protosynthesisatk\n|turn|6\n|inactive|Roseraie has 120 seconds left.\n|\n|t:|1696036713\n|switch|p1a: Tornadus|Tornadus, M|100\/100 slp\n|move|p2a: Walking Wake|Hydro Steam|p1a: Tornadus\n|-damage|p1a: Tornadus|0 fnt\n|faint|p1a: Tornadus\n|-damage|p2a: Walking Wake|91\/100|[from] item: Life Orb\n|move|p2b: Roaring Moon|Knock Off|p1b: Leavanny\n|-damage|p1b: Leavanny|0 fnt\n|-enditem|p1b: Leavanny|White Herb|[from] move: Knock Off|[of] p2b: Roaring Moon\n|faint|p1b: Leavanny\n|\n|-weather|SunnyDay|[upkeep]\n|upkeep\n|inactive|Roseraie has 120 seconds left.\n|\n|t:|1696036725\n|switch|p1b: Flutter Mane|Flutter Mane|100\/100\n|switch|p1a: Lopunny|Lopunny-Mega, F|100\/100\n|-activate|p1b: Flutter Mane|ability: Protosynthesis\n|-start|p1b: Flutter Mane|protosynthesisspa\n|turn|7\n|inactive|Roseraie has 120 seconds left.\n|\n|t:|1696036749\n|move|p2a: Walking Wake|Protect|p2a: Walking Wake\n|-singleturn|p2a: Walking Wake|Protect\n|move|p1a: Lopunny|Fake Out|p2a: Walking Wake\n|-activate|p2a: Walking Wake|move: Protect\n|move|p2b: Roaring Moon|Knock Off|p1b: Flutter Mane\n|-damage|p1b: Flutter Mane|0 fnt\n|-enditem|p1b: Flutter Mane|Assault Vest|[from] move: Knock Off|[of] p2b: Roaring Moon\n|faint|p1b: Flutter Mane\n|-end|p1b: Flutter Mane|Protosynthesis|[silent]\n|\n|-weather|SunnyDay|[upkeep]\n|upkeep\n|inactive|Roseraie has 120 seconds left.\n|\n|t:|1696036756\n|switch|p1b: Ninetales|Ninetales, F|100\/100\n|turn|8\n|\n|t:|1696036768\n|move|p2a: Walking Wake|Hydro Steam|p1b: Ninetales\n|-supereffective|p1b: Ninetales\n|-damage|p1b: Ninetales|0 fnt\n|faint|p1b: Ninetales\n|-damage|p2a: Walking Wake|81\/100|[from] item: Life Orb\n|move|p2b: Roaring Moon|Outrage|p1a: Lopunny\n|-damage|p1a: Lopunny|0 fnt\n|faint|p1a: Lopunny\n|\n|win|hhxh_Queen\n|raw|Roseraie's rating: 1219 &rarr; <strong>1183<\/strong><br \/>(-36 for losing)\n|raw|hhxh_Queen's rating: 1050 &rarr; <strong>1097<\/strong><br \/>(+47 for winning)\n|l|\u2606Roseraie\n","uploadtime":1696036771,"views":8,"p1id":"roseraie","p2id":"hhxhqueen","formatid":"gen9nationaldexdoubles","rating":1097,"private":0,"password":""}