{"id":"gen9nationaldexdoubles-1974056861","p1":"LightMale","p2":"cdkw2","format":"[Gen 9] National Dex Doubles","log":"|j|\u2606LightMale\n|j|\u2606cdkw2\n|t:|1698049222\n|gametype|doubles\n|player|p1|LightMale|policeman-gen4|1095\n|player|p2|cdkw2|170|1000\n|teamsize|p1|6\n|teamsize|p2|6\n|gen|9\n|tier|[Gen 9] National Dex Doubles\n|rated|\n|rule|HP Percentage Mod: HP is shown in percentages\n|rule|Endless Battle Clause: Forcing endless battles is banned\n|rule|OHKO Clause: OHKO moves are banned\n|rule|Evasion Moves Clause: Evasion moves are banned\n|rule|Evasion Abilities Clause: Evasion abilities are banned\n|rule|Species Clause: Limit one of each Pok\u00e9mon\n|rule|Gravity Sleep Clause: The combination of sleep-inducing moves with imperfect accuracy and Gravity or Gigantamax Orbeetle are banned\n|clearpoke\n|poke|p1|Honchkrow, M|\n|poke|p1|Greninja-*, M|\n|poke|p1|Golurk|\n|poke|p1|Aegislash, M|\n|poke|p1|Breloom, M|\n|poke|p1|Infernape, M|\n|poke|p2|Torkoal, M|\n|poke|p2|Indeedee-F, F|\n|poke|p2|Numel, M|\n|poke|p2|Charjabug, M|\n|poke|p2|Amoonguss, M|\n|poke|p2|Jirachi|\n|teampreview\n|inactive|Battle timer is ON: inactive players will automatically lose when time's up. (requested by LightMale)\n|inactive|cdkw2 also wants the timer to be on.\n|\n|t:|1698049240\n|start\n|switch|p1a: Honchkrow|Honchkrow, M, shiny|100\/100\n|switch|p1b: Greninja|Greninja, M|100\/100\n|switch|p2a: Torkoal|Torkoal, M|100\/100\n|switch|p2b: Indeedee|Indeedee-F, F, shiny|100\/100\n|-fieldstart|move: Psychic Terrain|[from] ability: Psychic Surge|[of] p2b: Indeedee\n|-weather|SunnyDay|[from] ability: Drought|[of] p2a: Torkoal\n|turn|1\n|l|\u2606LightMale\n|inactive|LightMale disconnected and has a minute to reconnect!\n|player|p1|\n|j|\u2606LightMale\n|inactive|LightMale reconnected and has 120 seconds left.\n|player|p1|LightMale|policeman-gen4\n|\n|t:|1698049288\n|move|p1b: Greninja|Water Shuriken|p2a: Torkoal\n|-activate|p2a: Torkoal|move: Psychic Terrain\n|move|p1a: Honchkrow|Night Slash|p2b: Indeedee\n|-supereffective|p2b: Indeedee\n|-crit|p2b: Indeedee\n|-damage|p2b: Indeedee|0 fnt\n|faint|p2b: Indeedee\n|move|p2a: Torkoal|Overheat|p1a: Honchkrow\n|-damage|p1a: Honchkrow|11\/100\n|-unboost|p2a: Torkoal|spa|2\n|-enditem|p2a: Torkoal|Eject Pack\n|\n|t:|1698049300\n|switch|p2a: Numel|Numel, M, shiny|100\/100\n|\n|-weather|SunnyDay|[upkeep]\n|upkeep\n|l|\u2606LightMale\n|inactive|LightMale disconnected and has a minute to reconnect!\n|player|p1|\n|\n|t:|1698049308\n|switch|p2b: Amoonguss|Amoonguss, M, shiny|100\/100\n|turn|2\n|inactive|LightMale has 30 seconds to reconnect!\n|inactive|LightMale has 20 seconds to reconnect!\n|inactive|LightMale has 15 seconds to reconnect!\n|inactive|LightMale has 10 seconds to reconnect!\n|inactive|LightMale has 5 seconds to reconnect!\n|j|\u2606LightMale\n|inactive|LightMale reconnected and has 85 seconds left.\n|player|p1|LightMale|policeman-gen4\n|\n|t:|1698049372\n|-terastallize|p2a: Numel|Ghost\n|move|p2b: Amoonguss|Rage Powder|p2b: Amoonguss\n|-singleturn|p2b: Amoonguss|move: Rage Powder\n|move|p1b: Greninja|Water Shuriken|p2b: Amoonguss\n|-activate|p2b: Amoonguss|move: Psychic Terrain\n|move|p1a: Honchkrow|Air Cutter|p2a: Numel|[spread] p2a,p2b\n|-crit|p2a: Numel\n|-supereffective|p2b: Amoonguss\n|-crit|p2b: Amoonguss\n|-damage|p2a: Numel|62\/100\n|-damage|p2b: Amoonguss|62\/100\n|move|p2a: Numel|Growth|p2a: Numel\n|-boost|p2a: Numel|atk|4\n|-boost|p2a: Numel|spa|4\n|\n|-weather|SunnyDay|[upkeep]\n|upkeep\n|turn|3\n|inactive|LightMale has 90 seconds left.\n|\n|t:|1698049400\n|move|p2b: Amoonguss|Rage Powder|p2b: Amoonguss\n|-singleturn|p2b: Amoonguss|move: Rage Powder\n|move|p1b: Greninja|Water Shuriken|p2b: Amoonguss\n|-activate|p2b: Amoonguss|move: Psychic Terrain\n|move|p1a: Honchkrow|Air Cutter|p2b: Amoonguss|[spread] p2a,p2b\n|-crit|p2a: Numel\n|-supereffective|p2b: Amoonguss\n|-crit|p2b: Amoonguss\n|-damage|p2a: Numel|22\/100\n|-damage|p2b: Amoonguss|23\/100\n|move|p2a: Numel|Heat Wave|p1b: Greninja|[spread] p1a,p1b\n|-resisted|p1b: Greninja\n|-damage|p1a: Honchkrow|0 fnt\n|-damage|p1b: Greninja|3\/100\n|faint|p1a: Honchkrow\n|\n|-weather|SunnyDay|[upkeep]\n|upkeep\n|\n|t:|1698049406\n|switch|p1a: Aegislash|Aegislash, M|100\/100\n|turn|4\n|\n|t:|1698049418\n|move|p1a: Aegislash|King's Shield|p1a: Aegislash\n|-singleturn|p1a: Aegislash|Protect\n|move|p2b: Amoonguss|Rage Powder|p2b: Amoonguss\n|-singleturn|p2b: Amoonguss|move: Rage Powder\n|move|p1b: Greninja|Water Shuriken|p2b: Amoonguss\n|-activate|p2b: Amoonguss|move: Psychic Terrain\n|move|p2a: Numel|Heat Wave|p1a: Aegislash|[spread] p1b\n|-activate|p1a: Aegislash|move: Protect\n|-resisted|p1b: Greninja\n|-damage|p1b: Greninja|0 fnt\n|faint|p1b: Greninja\n|\n|-weather|SunnyDay|[upkeep]\n|upkeep\n|\n|t:|1698049429\n|switch|p1b: Golurk|Golurk|100\/100\n|turn|5\n|inactive|LightMale has 120 seconds left.\n|\n|t:|1698049443\n|move|p2b: Amoonguss|Rage Powder|p2b: Amoonguss\n|-singleturn|p2b: Amoonguss|move: Rage Powder\n|-formechange|p1a: Aegislash|Aegislash-Blade||[from] ability: Stance Change\n|move|p1a: Aegislash|Psycho Cut|p2b: Amoonguss\n|-supereffective|p2b: Amoonguss\n|-damage|p2b: Amoonguss|0 fnt\n|faint|p2b: Amoonguss\n|-damage|p1a: Aegislash|91\/100|[from] item: Life Orb\n|move|p1b: Golurk|Poltergeist|p2a: Numel\n|-activate|p2a: Numel|move: Poltergeist|Eviolite\n|-supereffective|p2a: Numel\n|-damage|p2a: Numel|0 fnt\n|faint|p2a: Numel\n|\n|-weather|none\n|-fieldend|move: Psychic Terrain\n|upkeep\n|\n|t:|1698049458\n|switch|p2a: Torkoal|Torkoal, M|100\/100\n|switch|p2b: Charjabug|Charjabug, M, shiny|100\/100\n|-weather|SunnyDay|[from] ability: Drought|[of] p2a: Torkoal\n|turn|6\n|\n|t:|1698049475\n|move|p1a: Aegislash|Shadow Claw|p2b: Charjabug\n|-damage|p2b: Charjabug|47\/100\n|-damage|p1a: Aegislash|81\/100|[from] item: Life Orb\n|move|p1b: Golurk|Poltergeist|p2b: Charjabug\n|-activate|p2b: Charjabug|move: Poltergeist|Assault Vest\n|-damage|p2b: Charjabug|0 fnt\n|faint|p2b: Charjabug\n|move|p2a: Torkoal|Overheat|p1a: Aegislash\n|-supereffective|p1a: Aegislash\n|-damage|p1a: Aegislash|0 fnt\n|-unboost|p2a: Torkoal|spa|2\n|faint|p1a: Aegislash\n|\n|-weather|SunnyDay|[upkeep]\n|upkeep\n|\n|t:|1698049488\n|switch|p1a: Infernape|Infernape, M|100\/100\n|switch|p2b: Jirachi|Jirachi|100\/100\n|turn|7\n|inactive|cdkw2 has 120 seconds left.\n|\n|t:|1698049526\n|move|p1a: Infernape|Earthquake|p2a: Torkoal|[spread] p1b,p2a,p2b\n|-supereffective|p2a: Torkoal\n|-supereffective|p2b: Jirachi\n|-damage|p1b: Golurk|67\/100\n|-damage|p2a: Torkoal|69\/100\n|-damage|p2b: Jirachi|60\/100\n|-damage|p1a: Infernape|91\/100|[from] item: Life Orb\n|move|p2b: Jirachi|Toxic|p1a: Infernape|[miss]\n|-miss|p2b: Jirachi|p1a: Infernape\n|move|p1b: Golurk|Earthquake|p2b: Jirachi|[spread] p1a,p2a,p2b\n|-supereffective|p1a: Infernape\n|-supereffective|p2a: Torkoal\n|-supereffective|p2b: Jirachi\n|-damage|p1a: Infernape|0 fnt\n|-damage|p2a: Torkoal|20\/100\n|-damage|p2b: Jirachi|0 fnt\n|faint|p1a: Infernape\n|faint|p2b: Jirachi\n|move|p2a: Torkoal|Ancient Power|p1b: Golurk\n|-resisted|p1b: Golurk\n|-damage|p1b: Golurk|64\/100\n|\n|-weather|SunnyDay|[upkeep]\n|upkeep\n|\n|t:|1698049537\n|switch|p1a: Breloom|Breloom, M|100\/100\n|turn|8\n|\n|t:|1698049543\n|-terastallize|p1a: Breloom|Fighting\n|move|p1a: Breloom|Mach Punch|p2a: Torkoal\n|-damage|p2a: Torkoal|0 fnt\n|faint|p2a: Torkoal\n|\n|win|LightMale\n|raw|LightMale's rating: 1095 &rarr; <strong>1114<\/strong><br \/>(+19 for winning)\n|raw|cdkw2's rating: 1000 &rarr; <strong>1000<\/strong><br \/>(+0 for losing)\n","uploadtime":1698049546,"views":12,"p1id":"lightmale","p2id":"cdkw2","formatid":"gen9nationaldexdoubles","rating":1000,"private":0,"password":""}