{"id":"gen9nationaldexdoubles-1962516750","p1":"El_Gran_Wigglytuff","p2":"XMarcosPr710","format":"[Gen 9] National Dex Doubles","log":"|j|\u2606El_Gran_Wigglytuff\n|j|\u2606XMarcosPr710\n|t:|1696761089\n|gametype|doubles\n|player|p1|El_Gran_Wigglytuff|benga|\n|player|p2|XMarcosPr710|benga|\n|teamsize|p1|6\n|teamsize|p2|6\n|gen|9\n|tier|[Gen 9] National Dex Doubles\n|rule|HP Percentage Mod: HP is shown in percentages\n|rule|Endless Battle Clause: Forcing endless battles is banned\n|rule|OHKO Clause: OHKO moves are banned\n|rule|Evasion Moves Clause: Evasion moves are banned\n|rule|Evasion Abilities Clause: Evasion abilities are banned\n|rule|Species Clause: Limit one of each Pok\u00e9mon\n|rule|Gravity Sleep Clause: The combination of sleep-inducing moves with imperfect accuracy and Gravity or Gigantamax Orbeetle are banned\n|clearpoke\n|poke|p1|Iron Hands|\n|poke|p1|Great Tusk|\n|poke|p1|Lucario, F|\n|poke|p1|Kommo-o, M|\n|poke|p1|Lilligant-Hisui, F|\n|poke|p1|Okidogi, M|\n|poke|p2|Iron Hands|\n|poke|p2|Rotom-Wash|\n|poke|p2|Zapdos|\n|poke|p2|Manectric, F|\n|poke|p2|Thundurus, M|\n|poke|p2|Tapu Koko|\n|teampreview\n|c|\u2606XMarcosPr710|Gl Hf\n|\n|t:|1696761108\n|start\n|switch|p1a: Iron Hands|Iron Hands|100\/100\n|switch|p1b: Lilligant|Lilligant-Hisui, F|100\/100\n|switch|p2a: ZapGod|Zapdos|100\/100\n|switch|p2b: Mi padre|Thundurus, M|100\/100\n|turn|1\n|j| fifier\n|\n|t:|1696761131\n|switch|p2a: Best gen 9 mon?|Iron Hands|100\/100\n|-terastallize|p1b: Lilligant|Electric\n|-terastallize|p2b: Mi padre|Ghost\n|move|p1a: Iron Hands|Fake Out|p2b: Mi padre\n|-immune|p2b: Mi padre\n|move|p2b: Mi padre|Thunder Wave|p1b: Lilligant\n|-immune|p1b: Lilligant\n|move|p1b: Lilligant|Victory Dance|p1b: Lilligant\n|-boost|p1b: Lilligant|atk|1\n|-boost|p1b: Lilligant|def|1\n|-boost|p1b: Lilligant|spe|1\n|\n|upkeep\n|turn|2\n|c| fifier|ese turno\n|c| fifier|JAJAJAAJ\n|\n|t:|1696761150\n|move|p2b: Mi padre|Scary Face|p1b: Lilligant\n|-unboost|p1b: Lilligant|spe|2\n|move|p1b: Lilligant|Leaf Blade|p2b: Mi padre\n|-damage|p2b: Mi padre|23\/100\n|-enditem|p2b: Mi padre|Sitrus Berry|[eat]\n|-heal|p2b: Mi padre|47\/100|[from] item: Sitrus Berry\n|-damage|p1b: Lilligant|91\/100|[from] item: Life Orb\n|move|p2a: Best gen 9 mon?|Drain Punch|p1b: Lilligant\n|-damage|p1b: Lilligant|43\/100\n|move|p1a: Iron Hands|Drain Punch|p2b: Mi padre\n|-immune|p2b: Mi padre\n|\n|upkeep\n|turn|3\n|c|\u2606XMarcosPr710|God Drain Punch\n|c| fifier|dime que fue missclick\n|\n|t:|1696761173\n|switch|p2b: ZapGod|Zapdos|100\/100\n|move|p1b: Lilligant|Leaf Blade|p2b: ZapGod\n|-resisted|p2b: ZapGod\n|-damage|p2b: ZapGod|61\/100\n|-damage|p1b: Lilligant|33\/100|[from] item: Life Orb\n|move|p2a: Best gen 9 mon?|Drain Punch|p1b: Lilligant\n|-damage|p1b: Lilligant|0 fnt\n|faint|p1b: Lilligant\n|move|p1a: Iron Hands|Drain Punch|p2a: Best gen 9 mon?\n|-crit|p2a: Best gen 9 mon?\n|-damage|p2a: Best gen 9 mon?|44\/100\n|-damage|p1a: Iron Hands|91\/100|[from] item: Life Orb\n|\n|upkeep\n|\n|t:|1696761187\n|switch|p1b: Lucario|Lucario, F|100\/100\n|turn|4\n|\n|t:|1696761225\n|detailschange|p1b: Lucario|Lucario-Mega, F\n|-mega|p1b: Lucario|Lucario|Lucarionite\n|move|p1b: Lucario|Bone Rush|p2a: Best gen 9 mon?\n|-supereffective|p2a: Best gen 9 mon?\n|-damage|p2a: Best gen 9 mon?|32\/100\n|-supereffective|p2a: Best gen 9 mon?\n|-damage|p2a: Best gen 9 mon?|20\/100\n|-supereffective|p2a: Best gen 9 mon?\n|-damage|p2a: Best gen 9 mon?|9\/100\n|-supereffective|p2a: Best gen 9 mon?\n|-damage|p2a: Best gen 9 mon?|0 fnt\n|faint|p2a: Best gen 9 mon?\n|-end|p2a: Best gen 9 mon?|Quark Drive|[silent]\n|-hitcount|p2: Best gen 9 mon?|4\n|-zpower|p2b: ZapGod\n|move|p2b: ZapGod|Supersonic Skystrike|p1a: Iron Hands|[zeffect]\n|-damage|p1a: Iron Hands|17\/100\n|move|p1a: Iron Hands|Ice Punch|p2b: ZapGod\n|-supereffective|p2b: ZapGod\n|-damage|p2b: ZapGod|0 fnt\n|faint|p2b: ZapGod\n|-damage|p1a: Iron Hands|7\/100|[from] item: Life Orb\n|\n|upkeep\n|\n|t:|1696761248\n|switch|p2b: Tapu Godko|Tapu Koko, shiny|100\/100\n|switch|p2a: Remus Lupin|Manectric, F|100\/100\n|-fieldstart|move: Electric Terrain|[from] ability: Electric Surge|[of] p2b: Tapu Godko\n|-activate|p1a: Iron Hands|ability: Quark Drive\n|-start|p1a: Iron Hands|quarkdriveatk\n|turn|5\n|c| fifier|XD\n|c|\u2606XMarcosPr710|a\n|c|\u2606XMarcosPr710|Pensaba que era 2 hits nomas\n|\n|t:|1696761273\n|detailschange|p2a: Remus Lupin|Manectric-Mega, F\n|-mega|p2a: Remus Lupin|Manectric|Manectite\n|-ability|p2a: Remus Lupin|Intimidate|boost\n|-unboost|p1a: Iron Hands|atk|1\n|-unboost|p1b: Lucario|atk|1\n|move|p1b: Lucario|Extreme Speed|p2a: Remus Lupin\n|-damage|p2a: Remus Lupin|73\/100\n|move|p2a: Remus Lupin|Flamethrower|p1b: Lucario\n|-supereffective|p1b: Lucario\n|-damage|p1b: Lucario|2\/100\n|move|p2b: Tapu Godko|Dazzling Gleam|p1b: Lucario|[spread] p1a,p1b\n|-supereffective|p1a: Iron Hands\n|-crit|p1b: Lucario\n|-damage|p1a: Iron Hands|0 fnt\n|-damage|p1b: Lucario|0 fnt\n|faint|p1a: Iron Hands\n|-end|p1a: Iron Hands|Quark Drive|[silent]\n|faint|p1b: Lucario\n|\n|upkeep\n|\n|t:|1696761281\n|switch|p1b: Okidogi|Okidogi, M|100\/100\n|switch|p1a: Great Tusk|Great Tusk|100\/100\n|turn|6\n|c|\u2606XMarcosPr710|Epico como le salt\u00f3 el roll de 0%\n|\n|t:|1696761297\n|move|p2a: Remus Lupin|Protect|p2a: Remus Lupin\n|-singleturn|p2a: Remus Lupin|Protect\n|move|p1a: Great Tusk|Headlong Rush|p2a: Remus Lupin\n|-activate|p2a: Remus Lupin|move: Protect\n|move|p2b: Tapu Godko|Dazzling Gleam|p1a: Great Tusk|[spread] p1a,p1b\n|-supereffective|p1a: Great Tusk\n|-crit|p1a: Great Tusk\n|-damage|p1a: Great Tusk|0 fnt\n|-damage|p1b: Okidogi|79\/100\n|faint|p1a: Great Tusk\n|-end|p1a: Great Tusk|Protosynthesis|[silent]\n|move|p1b: Okidogi|Poison Jab|p2b: Tapu Godko\n|-supereffective|p2b: Tapu Godko\n|-enditem|p2b: Tapu Godko|Focus Sash\n|-damage|p2b: Tapu Godko|1\/100\n|\n|upkeep\n|c| fifier|Okigodi\n|\n|t:|1696761310\n|switch|p1a: Kommo-o|Kommo-o, M|100\/100\n|turn|7\n|c|\u2606XMarcosPr710|Okigodgi\n|\n|t:|1696761317\n|move|p2a: Remus Lupin|Thunderbolt|p1b: Okidogi\n|-damage|p1b: Okidogi|25\/100\n|move|p2b: Tapu Godko|Dazzling Gleam|p1b: Okidogi|[spread] p1a,p1b\n|-supereffective|p1a: Kommo-o\n|-damage|p1a: Kommo-o|0 fnt\n|-damage|p1b: Okidogi|4\/100\n|faint|p1a: Kommo-o\n|move|p1b: Okidogi|Ice Punch|p2b: Tapu Godko\n|-damage|p2b: Tapu Godko|0 fnt\n|faint|p2b: Tapu Godko\n|\n|upkeep\n|\n|t:|1696761323\n|switch|p2b: Mi padre|Thundurus, M, tera:Ghost|47\/100\n|turn|8\n|c|\u2606XMarcosPr710|GG\n|c| fifier|ojo remontada\n|c|\u2606El_Gran_Wigglytuff|Contra 2 voladores y 1 Hada es casi imposible\n|\n|t:|1696761334\n|move|p2a: Remus Lupin|Thunderbolt|p1b: Okidogi\n|-damage|p1b: Okidogi|0 fnt\n|faint|p1b: Okidogi\n|\n|win|XMarcosPr710\n|c|\u2606El_Gran_Wigglytuff|No era Justo\n|l|\u2606El_Gran_Wigglytuff\n|c|\u2606XMarcosPr710|Revisa los tipo electrico que hay B)\n","uploadtime":1696761361,"views":23,"p1id":"elgranwigglytuff","p2id":"xmarcospr710","formatid":"gen9nationaldexdoubles","rating":0,"private":0,"password":""}