{"id":"gen9nationaldexdoubles-1995715724","p1":"Mibombilla","p2":"Star Guarden","format":"[Gen 9] National Dex Doubles","log":"|j|\u2606Mibombilla\n|j|\u2606Star Guarden\n|t:|1700596484\n|gametype|doubles\n|player|p1|Mibombilla|benga|\n|player|p2|Star Guarden|lance|\n|teamsize|p1|6\n|teamsize|p2|6\n|gen|9\n|tier|[Gen 9] National Dex Doubles\n|rule|HP Percentage Mod: HP is shown in percentages\n|rule|Endless Battle Clause: Forcing endless battles is banned\n|rule|OHKO Clause: OHKO moves are banned\n|rule|Evasion Moves Clause: Evasion moves are banned\n|rule|Evasion Abilities Clause: Evasion abilities are banned\n|rule|Species Clause: Limit one of each Pok\u00e9mon\n|rule|Gravity Sleep Clause: The combination of sleep-inducing moves with imperfect accuracy and Gravity or Gigantamax Orbeetle are banned\n|clearpoke\n|poke|p1|Vaporeon, F|\n|poke|p1|Umbreon, M|\n|poke|p1|Espeon, M|\n|poke|p1|Leafeon, M|\n|poke|p1|Glaceon, M|\n|poke|p1|Sylveon, F|\n|poke|p2|Seedot, F|\n|poke|p2|Lucario, M|\n|poke|p2|Unfezant, F|\n|poke|p2|Metagross|\n|poke|p2|Gastrodon, F|\n|poke|p2|Amoonguss, F|\n|teampreview\n|c|\u2606Mibombilla|Ese equipo no es el de Heix\n|\n|t:|1700596542\n|start\n|switch|p1a: Veganeon|Leafeon, M|100\/100\n|switch|p1b: Kafka|Espeon, M|100\/100\n|switch|p2a: Ejecutor|Seedot, F|100\/100\n|switch|p2b: Shirai Ryu|Lucario, M|100\/100\n|turn|1\n|\n|t:|1700596564\n|detailschange|p2b: Shirai Ryu|Lucario-Mega, M\n|-mega|p2b: Shirai Ryu|Lucario|Lucarionite\n|move|p1b: Kafka|Reflect|p1b: Kafka\n|-sidestart|p1: Mibombilla|Reflect\n|move|p1a: Veganeon|Swords Dance|p1a: Veganeon\n|-boost|p1a: Veganeon|atk|2\n|move|p2b: Shirai Ryu|Agility|p2b: Shirai Ryu\n|-boost|p2b: Shirai Ryu|spe|2\n|move|p2a: Ejecutor|Beat Up|p2b: Shirai Ryu\n|-resisted|p2b: Shirai Ryu\n|-damage|p2b: Shirai Ryu|99\/100\n|-resisted|p2b: Shirai Ryu\n|-damage|p2b: Shirai Ryu|99\/100\n|-resisted|p2b: Shirai Ryu\n|-damage|p2b: Shirai Ryu|98\/100\n|-resisted|p2b: Shirai Ryu\n|-damage|p2b: Shirai Ryu|97\/100\n|-resisted|p2b: Shirai Ryu\n|-damage|p2b: Shirai Ryu|96\/100\n|-resisted|p2b: Shirai Ryu\n|-damage|p2b: Shirai Ryu|95\/100\n|-hitcount|p2b: Shirai Ryu|6\n|\n|upkeep\n|turn|2\n|\n|t:|1700596619\n|switch|p2a: Heena|Unfezant, F|100\/100\n|move|p2b: Shirai Ryu|Earthquake|p1b: Kafka|[spread] p1a,p1b\n|-immune|p2a: Heena\n|-resisted|p1a: Veganeon\n|-crit|p1b: Kafka\n|-damage|p1a: Veganeon|91\/100\n|-damage|p1b: Kafka|21\/100\n|move|p1b: Kafka|Light Screen|p1b: Kafka\n|-sidestart|p1: Mibombilla|move: Light Screen\n|move|p1a: Veganeon|Swords Dance|p1a: Veganeon\n|-boost|p1a: Veganeon|atk|2\n|\n|upkeep\n|turn|3\n|\n|t:|1700596649\n|move|p2b: Shirai Ryu|Bullet Punch|p1b: Kafka\n|-damage|p1b: Kafka|0 fnt\n|faint|p1b: Kafka\n|move|p1a: Veganeon|Leaf Blade|p2a: Heena\n|-resisted|p2a: Heena\n|-damage|p2a: Heena|33\/100\n|move|p2a: Heena|Psych Up|p2b: Shirai Ryu\n|-copyboost|p2a: Heena|p2b: Shirai Ryu|[from] move: Psych Up\n|\n|upkeep\n|\n|t:|1700596658\n|switch|p1b: Hela|Glaceon, M|100\/100\n|turn|4\n|\n|t:|1700596669\n|move|p2b: Shirai Ryu|Bullet Punch|p1b: Hela\n|-supereffective|p1b: Hela\n|-damage|p1b: Hela|58\/100\n|move|p2a: Heena|Dual Wingbeat|p1a: Veganeon\n|-supereffective|p1a: Veganeon\n|-crit|p1a: Veganeon\n|-damage|p1a: Veganeon|43\/100\n|-supereffective|p1a: Veganeon\n|-crit|p1a: Veganeon\n|-damage|p1a: Veganeon|0 fnt\n|faint|p1a: Veganeon\n|-hitcount|p1: Veganeon|2\n|move|p1b: Hela|Freeze-Dry|p2a: Heena\n|-supereffective|p2a: Heena\n|-damage|p2a: Heena|0 fnt\n|faint|p2a: Heena\n|\n|upkeep\n|\n|t:|1700596692\n|switch|p1a: La Oshi no Ko|Sylveon, F|100\/100\n|switch|p2a: Sra. Seta|Amoonguss, F, shiny|100\/100\n|turn|5\n|\n|t:|1700596745\n|move|p2b: Shirai Ryu|Bullet Punch|p1a: La Oshi no Ko\n|-supereffective|p1a: La Oshi no Ko\n|-damage|p1a: La Oshi no Ko|49\/100\n|move|p1b: Hela|Freeze-Dry|p2b: Shirai Ryu\n|-resisted|p2b: Shirai Ryu\n|-damage|p2b: Shirai Ryu|60\/100\n|move|p1a: La Oshi no Ko|Calm Mind|p1a: La Oshi no Ko\n|-boost|p1a: La Oshi no Ko|spa|1\n|-boost|p1a: La Oshi no Ko|spd|1\n|move|p2a: Sra. Seta|Sunny Day|p2a: Sra. Seta\n|-weather|SunnyDay\n|\n|-weather|SunnyDay|[upkeep]\n|upkeep\n|turn|6\n|\n|t:|1700596767\n|move|p2b: Shirai Ryu|Bullet Punch|p1a: La Oshi no Ko\n|-supereffective|p1a: La Oshi no Ko\n|-damage|p1a: La Oshi no Ko|0 fnt\n|faint|p1a: La Oshi no Ko\n|move|p1b: Hela|Chilling Water|p2b: Shirai Ryu\n|-crit|p2b: Shirai Ryu\n|-damage|p2b: Shirai Ryu|39\/100\n|-unboost|p2b: Shirai Ryu|atk|1\n|move|p2a: Sra. Seta|Pollen Puff|p2b: Shirai Ryu\n|-heal|p2b: Shirai Ryu|89\/100\n|\n|-weather|SunnyDay|[upkeep]\n|upkeep\n|\n|t:|1700596778\n|switch|p1a: En t\u00e9rminos de...|Vaporeon, F|100\/100\n|turn|7\n|\n|t:|1700596826\n|move|p2b: Shirai Ryu|Bullet Punch|p1b: Hela\n|-supereffective|p1b: Hela\n|-damage|p1b: Hela|33\/100\n|move|p1a: En t\u00e9rminos de...|Rain Dance|p1a: En t\u00e9rminos de...\n|-weather|RainDance\n|move|p1b: Hela|Chilling Water|p2b: Shirai Ryu\n|-damage|p2b: Shirai Ryu|47\/100\n|-unboost|p2b: Shirai Ryu|atk|1\n|move|p2a: Sra. Seta|Sunny Day|p2a: Sra. Seta\n|-weather|SunnyDay\n|\n|-weather|SunnyDay|[upkeep]\n|upkeep\n|turn|8\n|\n|t:|1700596849\n|move|p2b: Shirai Ryu|Close Combat|p1b: Hela\n|-supereffective|p1b: Hela\n|-damage|p1b: Hela|0 fnt\n|-unboost|p2b: Shirai Ryu|def|1\n|-unboost|p2b: Shirai Ryu|spd|1\n|faint|p1b: Hela\n|move|p1a: En t\u00e9rminos de...|Aqua Ring|p1a: En t\u00e9rminos de...\n|-start|p1a: En t\u00e9rminos de...|Aqua Ring\n|move|p2a: Sra. Seta|Pollen Puff|p2b: Shirai Ryu\n|-heal|p2b: Shirai Ryu|97\/100\n|\n|-weather|SunnyDay|[upkeep]\n|-sideend|p1: Mibombilla|Reflect\n|upkeep\n|\n|t:|1700596860\n|switch|p1b: My Black Bro|Umbreon, M|100\/100\n|turn|9\n|\n|t:|1700596875\n|switch|p2b: Platagross|Metagross, shiny|100\/100\n|move|p2a: Sra. Seta|Rage Powder|p2a: Sra. Seta\n|-singleturn|p2a: Sra. Seta|move: Rage Powder\n|move|p1b: My Black Bro|Toxic|p2a: Sra. Seta\n|-immune|p2a: Sra. Seta\n|move|p1a: En t\u00e9rminos de...|Acid Armor|p1a: En t\u00e9rminos de...\n|-boost|p1a: En t\u00e9rminos de...|def|2\n|\n|-weather|SunnyDay|[upkeep]\n|-sideend|p1: Mibombilla|move: Light Screen\n|upkeep\n|turn|10\n|\n|t:|1700596907\n|move|p2a: Sra. Seta|Rage Powder|p2a: Sra. Seta\n|-singleturn|p2a: Sra. Seta|move: Rage Powder\n|move|p2b: Platagross|Meteor Beam||[still]\n|-prepare|p2b: Platagross|Meteor Beam\n|-boost|p2b: Platagross|spa|1\n|move|p1b: My Black Bro|Dark Pulse|p2a: Sra. Seta\n|-damage|p2a: Sra. Seta|84\/100\n|move|p1a: En t\u00e9rminos de...|Acid Armor|p1a: En t\u00e9rminos de...\n|-boost|p1a: En t\u00e9rminos de...|def|2\n|\n|-weather|SunnyDay|[upkeep]\n|upkeep\n|turn|11\n|\n|t:|1700596924\n|move|p2b: Platagross|Meteor Beam|p1b: My Black Bro|[from]lockedmove|[miss]\n|-miss|p2b: Platagross|p1b: My Black Bro\n|move|p1b: My Black Bro|Calm Mind|p1b: My Black Bro\n|-boost|p1b: My Black Bro|spa|1\n|-boost|p1b: My Black Bro|spd|1\n|move|p1a: En t\u00e9rminos de...|Acid Armor|p1a: En t\u00e9rminos de...\n|-boost|p1a: En t\u00e9rminos de...|def|2\n|move|p2a: Sra. Seta|Synthesis|p2a: Sra. Seta\n|-heal|p2a: Sra. Seta|100\/100\n|\n|-weather|SunnyDay|[upkeep]\n|upkeep\n|turn|12\n|\n|t:|1700596947\n|move|p2a: Sra. Seta|Rage Powder|p2a: Sra. Seta\n|-singleturn|p2a: Sra. Seta|move: Rage Powder\n|move|p2b: Platagross|Meteor Beam||[still]\n|-prepare|p2b: Platagross|Meteor Beam\n|-boost|p2b: Platagross|spa|1\n|move|p1b: My Black Bro|Calm Mind|p1b: My Black Bro\n|-boost|p1b: My Black Bro|spa|1\n|-boost|p1b: My Black Bro|spd|1\n|move|p1a: En t\u00e9rminos de...|Scald|p2a: Sra. Seta\n|-resisted|p2a: Sra. Seta\n|-damage|p2a: Sra. Seta|94\/100\n|\n|-weather|SunnyDay|[upkeep]\n|upkeep\n|turn|13\n|\n|t:|1700596997\n|move|p2b: Platagross|Meteor Beam|p1b: My Black Bro|[from]lockedmove\n|-damage|p1b: My Black Bro|75\/100\n|move|p1a: En t\u00e9rminos de...|Scald|p2b: Platagross\n|-damage|p2b: Platagross|82\/100\n|move|p1b: My Black Bro|Calm Mind|p1b: My Black Bro\n|-boost|p1b: My Black Bro|spa|1\n|-boost|p1b: My Black Bro|spd|1\n|move|p2a: Sra. Seta|Pollen Puff|p1b: My Black Bro\n|-supereffective|p1b: My Black Bro\n|-damage|p1b: My Black Bro|64\/100\n|\n|-weather|SunnyDay|[upkeep]\n|upkeep\n|turn|14\n|\n|t:|1700597018\n|move|p2a: Sra. Seta|Rage Powder|p2a: Sra. Seta\n|-singleturn|p2a: Sra. Seta|move: Rage Powder\n|move|p2b: Platagross|Meteor Beam||[still]\n|-prepare|p2b: Platagross|Meteor Beam\n|-boost|p2b: Platagross|spa|1\n|move|p1b: My Black Bro|Wish|p1b: My Black Bro\n|move|p1a: En t\u00e9rminos de...|Rain Dance|p1a: En t\u00e9rminos de...\n|-weather|RainDance\n|\n|-weather|RainDance|[upkeep]\n|upkeep\n|turn|15\n|\n|t:|1700597055\n|move|p2b: Platagross|Meteor Beam|p1a: En t\u00e9rminos de...|[from]lockedmove\n|-damage|p1a: En t\u00e9rminos de...|56\/100\n|move|p1a: En t\u00e9rminos de...|Scald|p2b: Platagross\n|-damage|p2b: Platagross|28\/100\n|-status|p2b: Platagross|brn\n|move|p1b: My Black Bro|Calm Mind|p1b: My Black Bro\n|-boost|p1b: My Black Bro|spa|1\n|-boost|p1b: My Black Bro|spd|1\n|move|p2a: Sra. Seta|Sunny Day|p2a: Sra. Seta\n|-weather|SunnyDay\n|\n|-weather|SunnyDay|[upkeep]\n|-heal|p1b: My Black Bro|100\/100|[from] move: Wish|[wisher] My Black Bro\n|-heal|p1a: En t\u00e9rminos de...|62\/100|[from] item: Leftovers\n|-heal|p1a: En t\u00e9rminos de...|68\/100|[from] Aqua Ring\n|-damage|p2b: Platagross|22\/100 brn|[from] brn\n|upkeep\n|turn|16\n|\n|t:|1700597087\n|-terastallize|p2b: Platagross|Steel\n|move|p2b: Platagross|Meteor Beam||[still]\n|-prepare|p2b: Platagross|Meteor Beam\n|-boost|p2b: Platagross|spa|1\n|move|p1a: En t\u00e9rminos de...|Rain Dance|p1a: En t\u00e9rminos de...\n|-weather|RainDance\n|move|p1b: My Black Bro|Toxic||[still]\n|-fail|p1b: My Black Bro\n|move|p2a: Sra. Seta|Pollen Puff|p2b: Platagross\n|-heal|p2b: Platagross|72\/100 brn\n|\n|-weather|RainDance|[upkeep]\n|-heal|p1a: En t\u00e9rminos de...|75\/100|[from] item: Leftovers\n|-heal|p1a: En t\u00e9rminos de...|81\/100|[from] Aqua Ring\n|-damage|p2b: Platagross|66\/100 brn|[from] brn\n|upkeep\n|turn|17\n|\n|t:|1700597110\n|move|p2a: Sra. Seta|Rage Powder|p2a: Sra. Seta\n|-singleturn|p2a: Sra. Seta|move: Rage Powder\n|move|p2b: Platagross|Meteor Beam|p1a: En t\u00e9rminos de...|[from]lockedmove\n|-damage|p1a: En t\u00e9rminos de...|23\/100\n|move|p1a: En t\u00e9rminos de...|Scald|p2a: Sra. Seta\n|-resisted|p2a: Sra. Seta\n|-damage|p2a: Sra. Seta|75\/100\n|move|p1b: My Black Bro|Dark Pulse|p2a: Sra. Seta\n|-damage|p2a: Sra. Seta|31\/100\n|\n|-weather|RainDance|[upkeep]\n|-heal|p1a: En t\u00e9rminos de...|29\/100|[from] item: Leftovers\n|-heal|p1a: En t\u00e9rminos de...|36\/100|[from] Aqua Ring\n|-damage|p2b: Platagross|60\/100 brn|[from] brn\n|upkeep\n|turn|18\n|\n|t:|1700597160\n|move|p2b: Platagross|Meteor Beam||[still]\n|-prepare|p2b: Platagross|Meteor Beam\n|-boost|p2b: Platagross|spa|1\n|move|p1a: En t\u00e9rminos de...|Scald|p2b: Platagross\n|-damage|p2b: Platagross|3\/100 brn\n|move|p1b: My Black Bro|Calm Mind|p1b: My Black Bro\n|-boost|p1b: My Black Bro|spa|1\n|-boost|p1b: My Black Bro|spd|1\n|move|p2a: Sra. Seta|Sunny Day|p2a: Sra. Seta\n|-weather|SunnyDay\n|\n|-weather|SunnyDay|[upkeep]\n|-heal|p1a: En t\u00e9rminos de...|42\/100|[from] item: Leftovers\n|-heal|p1a: En t\u00e9rminos de...|48\/100|[from] Aqua Ring\n|-damage|p2b: Platagross|0 fnt|[from] brn\n|faint|p2b: Platagross\n|upkeep\n|\n|t:|1700597220\n|switch|p2b: Gast\u00f3n|Gastrodon, F|100\/100\n|turn|19\n|\n|t:|1700597231\n|move|p1b: My Black Bro|Calm Mind|p1b: My Black Bro\n|-boost|p1b: My Black Bro|spa|1\n|-boost|p1b: My Black Bro|spd|1\n|move|p1a: En t\u00e9rminos de...|Scald|p2b: Gast\u00f3n\n|-activate|p2b: Gast\u00f3n|ability: Storm Drain\n|-ability|p2b: Gast\u00f3n|Storm Drain|boost\n|-boost|p2b: Gast\u00f3n|spa|1\n|move|p2b: Gast\u00f3n|Muddy Water|p1a: En t\u00e9rminos de...|[spread] p1a,p1b\n|-resisted|p1a: En t\u00e9rminos de...\n|-damage|p1a: En t\u00e9rminos de...|43\/100\n|-damage|p1b: My Black Bro|97\/100\n|-unboost|p1a: En t\u00e9rminos de...|accuracy|1\n|move|p2a: Sra. Seta|Synthesis|p2a: Sra. Seta\n|-heal|p2a: Sra. Seta|97\/100\n|\n|-weather|SunnyDay|[upkeep]\n|-heal|p1a: En t\u00e9rminos de...|49\/100|[from] item: Leftovers\n|-heal|p1a: En t\u00e9rminos de...|55\/100|[from] Aqua Ring\n|upkeep\n|turn|20\n|\n|t:|1700597290\n|move|p1b: My Black Bro|Toxic|p2b: Gast\u00f3n\n|-status|p2b: Gast\u00f3n|tox\n|move|p1a: En t\u00e9rminos de...|Scald|p2b: Gast\u00f3n\n|-activate|p2b: Gast\u00f3n|ability: Storm Drain\n|-ability|p2b: Gast\u00f3n|Storm Drain|boost\n|-boost|p2b: Gast\u00f3n|spa|1\n|move|p2b: Gast\u00f3n|Muddy Water|p1b: My Black Bro|[spread] p1b\n|-miss|p2b: Gast\u00f3n|p1a: En t\u00e9rminos de...\n|-damage|p1b: My Black Bro|92\/100\n|move|p2a: Sra. Seta|Pollen Puff|p1a: En t\u00e9rminos de...\n|-damage|p1a: En t\u00e9rminos de...|45\/100\n|\n|-weather|SunnyDay|[upkeep]\n|-heal|p1a: En t\u00e9rminos de...|51\/100|[from] item: Leftovers\n|-heal|p1a: En t\u00e9rminos de...|57\/100|[from] Aqua Ring\n|-damage|p2b: Gast\u00f3n|94\/100 tox|[from] psn\n|upkeep\n|turn|21\n|\n|t:|1700597317\n|move|p2a: Sra. Seta|Rage Powder|p2a: Sra. Seta\n|-singleturn|p2a: Sra. Seta|move: Rage Powder\n|move|p1b: My Black Bro|Dark Pulse|p2a: Sra. Seta\n|-damage|p2a: Sra. Seta|31\/100\n|move|p1a: En t\u00e9rminos de...|Rain Dance|p1a: En t\u00e9rminos de...\n|-weather|RainDance\n|move|p2b: Gast\u00f3n|Muddy Water|p1a: En t\u00e9rminos de...|[spread] p1a,p1b\n|-resisted|p1a: En t\u00e9rminos de...\n|-damage|p1a: En t\u00e9rminos de...|35\/100\n|-damage|p1b: My Black Bro|78\/100\n|-unboost|p1b: My Black Bro|accuracy|1\n|\n|-weather|RainDance|[upkeep]\n|-heal|p1a: En t\u00e9rminos de...|41\/100|[from] item: Leftovers\n|-heal|p2b: Gast\u00f3n|100\/100 tox|[from] item: Leftovers\n|-heal|p1a: En t\u00e9rminos de...|47\/100|[from] Aqua Ring\n|-damage|p2b: Gast\u00f3n|88\/100 tox|[from] psn\n|upkeep\n|turn|22\n|\n|t:|1700597338\n|move|p1a: En t\u00e9rminos de...|Acid Armor|p1a: En t\u00e9rminos de...\n|-boost|p1a: En t\u00e9rminos de...|def|0\n|move|p1b: My Black Bro|Dark Pulse|p2a: Sra. Seta|[miss]\n|-miss|p1b: My Black Bro|p2a: Sra. Seta\n|move|p2b: Gast\u00f3n|Muddy Water|p1b: My Black Bro|[spread] p1a,p1b\n|-resisted|p1a: En t\u00e9rminos de...\n|-damage|p1a: En t\u00e9rminos de...|23\/100\n|-damage|p1b: My Black Bro|63\/100\n|move|p2a: Sra. Seta|Sunny Day|p2a: Sra. Seta\n|-weather|SunnyDay\n|\n|-weather|SunnyDay|[upkeep]\n|-heal|p1a: En t\u00e9rminos de...|30\/100|[from] item: Leftovers\n|-heal|p2b: Gast\u00f3n|94\/100 tox|[from] item: Leftovers\n|-heal|p1a: En t\u00e9rminos de...|36\/100|[from] Aqua Ring\n|-damage|p2b: Gast\u00f3n|76\/100 tox|[from] psn\n|upkeep\n|turn|23\n|\n|t:|1700597374\n|move|p1a: En t\u00e9rminos de...|Rain Dance|p1a: En t\u00e9rminos de...\n|-weather|RainDance\n|move|p1b: My Black Bro|Wish|p1b: My Black Bro\n|move|p2b: Gast\u00f3n|Muddy Water|p1b: My Black Bro|[spread] p1b\n|-miss|p2b: Gast\u00f3n|p1a: En t\u00e9rminos de...\n|-damage|p1b: My Black Bro|48\/100\n|-enditem|p1b: My Black Bro|Sitrus Berry|[eat]\n|-heal|p1b: My Black Bro|73\/100|[from] item: Sitrus Berry\n|move|p2a: Sra. Seta|Sunny Day|p2a: Sra. Seta\n|-weather|SunnyDay\n|\n|-weather|SunnyDay|[upkeep]\n|-heal|p1a: En t\u00e9rminos de...|42\/100|[from] item: Leftovers\n|-heal|p2b: Gast\u00f3n|82\/100 tox|[from] item: Leftovers\n|-heal|p1a: En t\u00e9rminos de...|48\/100|[from] Aqua Ring\n|-damage|p2b: Gast\u00f3n|58\/100 tox|[from] psn\n|upkeep\n|turn|24\n|\n|t:|1700597400\n|move|p1a: En t\u00e9rminos de...|Aqua Ring||[still]\n|-fail|p1a: En t\u00e9rminos de...\n|move|p1b: My Black Bro|Dark Pulse|p2a: Sra. Seta\n|-damage|p2a: Sra. Seta|0 fnt\n|faint|p2a: Sra. Seta\n|move|p2b: Gast\u00f3n|Muddy Water|p1b: My Black Bro|[spread] p1a,p1b\n|-resisted|p1a: En t\u00e9rminos de...\n|-crit|p1b: My Black Bro\n|-damage|p1a: En t\u00e9rminos de...|41\/100\n|-damage|p1b: My Black Bro|46\/100\n|-unboost|p1b: My Black Bro|accuracy|1\n|\n|-weather|SunnyDay|[upkeep]\n|-heal|p1b: My Black Bro|96\/100|[from] move: Wish|[wisher] My Black Bro\n|-heal|p1a: En t\u00e9rminos de...|48\/100|[from] item: Leftovers\n|-heal|p2b: Gast\u00f3n|64\/100 tox|[from] item: Leftovers\n|-heal|p1a: En t\u00e9rminos de...|54\/100|[from] Aqua Ring\n|-damage|p2b: Gast\u00f3n|34\/100 tox|[from] psn\n|upkeep\n|\n|t:|1700597420\n|switch|p2a: Ejecutor|Seedot, F|100\/100\n|turn|25\n|\n|t:|1700597428\n|switch|p2b: Shirai Ryu|Lucario-Mega, M|97\/100\n|move|p2a: Ejecutor|Beat Up|p2b: Shirai Ryu\n|-resisted|p2b: Shirai Ryu\n|-damage|p2b: Shirai Ryu|96\/100\n|-resisted|p2b: Shirai Ryu\n|-damage|p2b: Shirai Ryu|95\/100\n|-hitcount|p2b: Shirai Ryu|2\n|move|p1a: En t\u00e9rminos de...|Rain Dance|p1a: En t\u00e9rminos de...\n|-weather|RainDance\n|move|p1b: My Black Bro|Dark Pulse|p2a: Ejecutor\n|-damage|p2a: Ejecutor|0 fnt\n|faint|p2a: Ejecutor\n|\n|-weather|RainDance|[upkeep]\n|-heal|p1a: En t\u00e9rminos de...|60\/100|[from] item: Leftovers\n|-heal|p1a: En t\u00e9rminos de...|66\/100|[from] Aqua Ring\n|upkeep\n|\n|t:|1700597446\n|switch|p2a: Gast\u00f3n|Gastrodon, F|34\/100 tox\n|turn|26\n|\n|t:|1700597466\n|move|p2b: Shirai Ryu|Close Combat|p1b: My Black Bro\n|-supereffective|p1b: My Black Bro\n|-damage|p1b: My Black Bro|0 fnt\n|-unboost|p2b: Shirai Ryu|def|1\n|-unboost|p2b: Shirai Ryu|spd|1\n|faint|p1b: My Black Bro\n|move|p1a: En t\u00e9rminos de...|Scald|p2a: Gast\u00f3n\n|-activate|p2a: Gast\u00f3n|ability: Storm Drain\n|-ability|p2a: Gast\u00f3n|Storm Drain|boost\n|-boost|p2a: Gast\u00f3n|spa|1\n|move|p2a: Gast\u00f3n|Recover|p2a: Gast\u00f3n\n|-heal|p2a: Gast\u00f3n|84\/100 tox\n|\n|-weather|RainDance|[upkeep]\n|-heal|p1a: En t\u00e9rminos de...|73\/100|[from] item: Leftovers\n|-heal|p2a: Gast\u00f3n|90\/100 tox|[from] item: Leftovers\n|-heal|p1a: En t\u00e9rminos de...|79\/100|[from] Aqua Ring\n|-damage|p2a: Gast\u00f3n|84\/100 tox|[from] psn\n|upkeep\n|turn|27\n|\n|t:|1700597528\n|move|p2b: Shirai Ryu|Earthquake|p1a: En t\u00e9rminos de...|[spread] p2a,p1a\n|-damage|p2a: Gast\u00f3n|59\/100 tox\n|-damage|p1a: En t\u00e9rminos de...|71\/100\n|move|p1a: En t\u00e9rminos de...|Scald|p2a: Gast\u00f3n\n|-activate|p2a: Gast\u00f3n|ability: Storm Drain\n|-ability|p2a: Gast\u00f3n|Storm Drain|boost\n|-boost|p2a: Gast\u00f3n|spa|1\n|move|p2a: Gast\u00f3n|Earth Power|p1a: En t\u00e9rminos de...\n|-damage|p1a: En t\u00e9rminos de...|28\/100\n|\n|-weather|RainDance|[upkeep]\n|-heal|p1a: En t\u00e9rminos de...|35\/100|[from] item: Leftovers\n|-heal|p2a: Gast\u00f3n|65\/100 tox|[from] item: Leftovers\n|-heal|p1a: En t\u00e9rminos de...|41\/100|[from] Aqua Ring\n|-damage|p2a: Gast\u00f3n|53\/100 tox|[from] psn\n|upkeep\n|turn|28\n|\n|t:|1700597571\n|-terastallize|p1a: En t\u00e9rminos de...|Water\n|move|p2b: Shirai Ryu|Close Combat|p1a: En t\u00e9rminos de...\n|-damage|p1a: En t\u00e9rminos de...|15\/100\n|-unboost|p2b: Shirai Ryu|def|1\n|-unboost|p2b: Shirai Ryu|spd|1\n|move|p1a: En t\u00e9rminos de...|Rain Dance||[still]\n|-fail|p1a: En t\u00e9rminos de...\n|move|p2a: Gast\u00f3n|Earth Power|p1a: En t\u00e9rminos de...\n|-damage|p1a: En t\u00e9rminos de...|0 fnt\n|faint|p1a: En t\u00e9rminos de...\n|\n|win|Star Guarden\n","uploadtime":1700597586,"views":8,"p1id":"mibombilla","p2id":"starguarden","formatid":"gen9nationaldexdoubles","rating":0,"private":0,"password":""}