{"id":"gen9nationaldexdoubles-1950634184","p1":"Coreslice","p2":"XAankX","format":"[Gen 9] National Dex Doubles","log":"|j|\u2606Coreslice\n|j|\u2606XAankX\n|t:|1695491790\n|gametype|doubles\n|player|p1|Coreslice|170|1000\n|player|p2|XAankX|hilbert|1045\n|teamsize|p1|6\n|teamsize|p2|6\n|gen|9\n|tier|[Gen 9] National Dex Doubles\n|rated|\n|rule|HP Percentage Mod: HP is shown in percentages\n|rule|Endless Battle Clause: Forcing endless battles is banned\n|rule|OHKO Clause: OHKO moves are banned\n|rule|Evasion Moves Clause: Evasion moves are banned\n|rule|Evasion Abilities Clause: Evasion abilities are banned\n|rule|Species Clause: Limit one of each Pok\u00e9mon\n|rule|Gravity Sleep Clause: The combination of sleep-inducing moves with imperfect accuracy and Gravity or Gigantamax Orbeetle are banned\n|clearpoke\n|poke|p1|Typhlosion-Hisui, M|\n|poke|p1|Arbok, F|\n|poke|p1|Lilligant, F|\n|poke|p1|Togekiss, M|\n|poke|p1|Tyranitar, M|\n|poke|p1|Slowking, M|\n|poke|p2|Sceptile, M|\n|poke|p2|Dragonite, F|\n|poke|p2|Mimikyu, M|\n|poke|p2|Infernape, M|\n|poke|p2|Umbreon, M|\n|poke|p2|Haxorus, M|\n|teampreview\n|inactive|Battle timer is ON: inactive players will automatically lose when time's up. (requested by XAankX)\n|\n|t:|1695491807\n|start\n|switch|p1a: Arbok|Arbok, F, shiny|100\/100\n|switch|p1b: Tyranitar|Tyranitar, M|100\/100\n|switch|p2a: Jessie|Haxorus, M, shiny|100\/100\n|switch|p2b: Zero|Mimikyu, M|100\/100\n|-ability|p1b: Tyranitar|Unnerve\n|-ability|p2a: Jessie|Mold Breaker\n|turn|1\n|\n|t:|1695491825\n|move|p2a: Jessie|Swords Dance|p2a: Jessie\n|-boost|p2a: Jessie|atk|2\n|move|p2b: Zero|Swords Dance|p2b: Zero\n|-boost|p2b: Zero|atk|2\n|move|p1a: Arbok|Coil|p1a: Arbok\n|-boost|p1a: Arbok|atk|1\n|-boost|p1a: Arbok|def|1\n|-boost|p1a: Arbok|accuracy|1\n|move|p1b: Tyranitar|Stealth Rock|p2a: Jessie\n|-sidestart|p2: XAankX|move: Stealth Rock\n|\n|upkeep\n|turn|2\n|\n|t:|1695491840\n|move|p2a: Jessie|Outrage|p1a: Arbok\n|-damage|p1a: Arbok|0 fnt\n|faint|p1a: Arbok\n|move|p2b: Zero|Shadow Claw|p1b: Tyranitar\n|-resisted|p1b: Tyranitar\n|-damage|p1b: Tyranitar|84\/100\n|move|p1b: Tyranitar|Knock Off|p2b: Zero\n|-activate|p2b: Zero|ability: Disguise\n|-damage|p2b: Zero|100\/100\n|detailschange|p2b: Zero|Mimikyu-Busted, M\n|-damage|p2b: Zero|88\/100|[from] pokemon: Mimikyu-Busted\n|\n|-heal|p1b: Tyranitar|90\/100|[from] item: Leftovers\n|upkeep\n|\n|t:|1695491865\n|switch|p1a: Togekiss|Togekiss, M|100\/100\n|turn|3\n|\n|t:|1695491878\n|move|p2a: Jessie|Outrage|p1b: Tyranitar|[from]lockedmove\n|-damage|p1b: Tyranitar|0 fnt\n|faint|p1b: Tyranitar\n|move|p2b: Zero|Shadow Claw|p1a: Togekiss\n|-damage|p1a: Togekiss|42\/100\n|move|p1a: Togekiss|Thunder Wave|p2a: Jessie\n|-status|p2a: Jessie|par\n|-enditem|p2a: Jessie|Lum Berry|[eat]\n|-curestatus|p2a: Jessie|par|[msg]\n|\n|upkeep\n|\n|t:|1695491893\n|switch|p1b: Lilligant|Lilligant, F, shiny|100\/100\n|turn|4\n|\n|t:|1695491913\n|-terastallize|p1b: Lilligant|Fairy\n|move|p2a: Jessie|Outrage|p1b: Lilligant|[from]lockedmove\n|-immune|p1b: Lilligant\n|-start|p2a: Jessie|confusion|[fatigue]\n|move|p2b: Zero|Shadow Claw|p1a: Togekiss\n|-damage|p1a: Togekiss|0 fnt\n|faint|p1a: Togekiss\n|move|p1b: Lilligant|Pollen Puff|p1: Togekiss|[notarget]\n|-fail|p1b: Lilligant\n|\n|upkeep\n|\n|t:|1695491924\n|switch|p1a: Slowking|Slowking, M, shiny|100\/100\n|turn|5\n|\n|t:|1695491938\n|-activate|p2a: Jessie|confusion\n|move|p2a: Jessie|Iron Head|p1b: Lilligant\n|-supereffective|p1b: Lilligant\n|-damage|p1b: Lilligant|0 fnt\n|faint|p1b: Lilligant\n|move|p2b: Zero|Shadow Claw|p1a: Slowking\n|-supereffective|p1a: Slowking\n|-damage|p1a: Slowking|0 fnt\n|faint|p1a: Slowking\n|\n|upkeep\n|\n|t:|1695491946\n|switch|p1a: Typhlosion|Typhlosion-Hisui, M, shiny|100\/100\n|turn|6\n|c|\u2606Coreslice|Gg\n|\n|t:|1695491960\n|move|p2b: Zero|Shadow Sneak|p1a: Typhlosion\n|-supereffective|p1a: Typhlosion\n|-damage|p1a: Typhlosion|0 fnt\n|faint|p1a: Typhlosion\n|\n|win|XAankX\n|raw|Coreslice's rating: 1000 &rarr; <strong>1000<\/strong><br \/>(+0 for losing)\n|raw|XAankX's rating: 1045 &rarr; <strong>1074<\/strong><br \/>(+29 for winning)\n|c|\u2606XAankX|gg\n|l|\u2606Coreslice\n","uploadtime":1695491968,"views":11,"p1id":"coreslice","p2id":"xaankx","formatid":"gen9nationaldexdoubles","rating":1000,"private":0,"password":""}