{"id":"gen9nationaldexdoubles-1983493332","p1":"GuacamoleDoritos","p2":"Ace427","format":"[Gen 9] National Dex Doubles","log":"|j|\u2606GuacamoleDoritos\n|j|\u2606Ace427\n|t:|1699136062\n|gametype|doubles\n|player|p1|GuacamoleDoritos|102|1133\n|player|p2|Ace427|dawn|1083\n|teamsize|p1|6\n|teamsize|p2|6\n|gen|9\n|tier|[Gen 9] National Dex Doubles\n|rated|\n|rule|HP Percentage Mod: HP is shown in percentages\n|rule|Endless Battle Clause: Forcing endless battles is banned\n|rule|OHKO Clause: OHKO moves are banned\n|rule|Evasion Moves Clause: Evasion moves are banned\n|rule|Evasion Abilities Clause: Evasion abilities are banned\n|rule|Species Clause: Limit one of each Pok\u00e9mon\n|rule|Gravity Sleep Clause: The combination of sleep-inducing moves with imperfect accuracy and Gravity or Gigantamax Orbeetle are banned\n|clearpoke\n|poke|p1|Ninetales-Alola, M|\n|poke|p1|Abomasnow, F|\n|poke|p1|Baxcalibur, M|\n|poke|p1|Froslass, F|\n|poke|p1|Iron Bundle|\n|poke|p1|Chien-Pao|\n|poke|p2|Dusclops, F|\n|poke|p2|Escavalier, M|\n|poke|p2|Iron Hands|\n|poke|p2|Pincurchin, M|\n|poke|p2|Flareon, M|\n|poke|p2|Clefable, F|\n|teampreview\n|\n|t:|1699136075\n|start\n|switch|p1a: Nine Carey|Ninetales-Alola, M|100\/100\n|switch|p1b: Careylass|Froslass, F|100\/100\n|switch|p2a: Peter|Pincurchin, M|100\/100\n|switch|p2b: Catch These|Iron Hands|100\/100\n|-weather|Snow|[from] ability: Snow Warning|[of] p1a: Nine Carey\n|-fieldstart|move: Electric Terrain|[from] ability: Electric Surge|[of] p2a: Peter\n|-activate|p2b: Catch These|ability: Quark Drive\n|-start|p2b: Catch These|quarkdriveatk\n|turn|1\n|\n|t:|1699136098\n|move|p2b: Catch These|Fake Out|p1a: Nine Carey\n|-damage|p1a: Nine Carey|82\/100\n|move|p1b: Careylass|Blizzard|p2a: Peter|[spread] p2a,p2b\n|-damage|p2a: Peter|63\/100\n|-damage|p2b: Catch These|83\/100\n|cant|p1a: Nine Carey|flinch\n|move|p2a: Peter|Thunder Wave|p1b: Careylass|[miss]\n|-miss|p2a: Peter|p1b: Careylass\n|\n|-weather|Snow|[upkeep]\n|-heal|p2a: Peter|69\/100|[from] item: Leftovers\n|upkeep\n|turn|2\n|\n|t:|1699136122\n|move|p1b: Careylass|Blizzard|p2b: Catch These|[spread] p2a,p2b\n|-damage|p2a: Peter|31\/100\n|-damage|p2b: Catch These|65\/100\n|-status|p2b: Catch These|frz\n|move|p1a: Nine Carey|Moonblast|p2a: Peter\n|-damage|p2a: Peter|0 fnt\n|faint|p2a: Peter\n|-curestatus|p2b: Catch These|frz|[msg]\n|move|p2b: Catch These|Drain Punch|p1a: Nine Carey\n|-damage|p1a: Nine Carey|33\/100\n|-heal|p2b: Catch These|82\/100|[from] drain|[of] p1a: Nine Carey\n|\n|-weather|Snow|[upkeep]\n|upkeep\n|\n|t:|1699136169\n|switch|p2a: Steve|Escavalier, M|100\/100\n|turn|3\n|\n|t:|1699136187\n|move|p1b: Careylass|Blizzard|p2b: Catch These|[spread] p2a,p2b\n|-resisted|p2a: Steve\n|-damage|p2a: Steve|86\/100\n|-damage|p2b: Catch These|62\/100\n|move|p1a: Nine Carey|Aurora Veil|p1a: Nine Carey\n|-sidestart|p1: GuacamoleDoritos|move: Aurora Veil\n|move|p2b: Catch These|Volt Switch|p1a: Nine Carey\n|-damage|p1a: Nine Carey|23\/100\n|\n|t:|1699136196\n|-end|p2b: Catch These|Quark Drive|[silent]\n|switch|p2b: Stella|Dusclops, F|100\/100|[from] Volt Switch\n|-ability|p2b: Stella|Pressure\n|move|p2a: Steve|Knock Off|p1b: Careylass\n|-supereffective|p1b: Careylass\n|-damage|p1b: Careylass|42\/100\n|-enditem|p1b: Careylass|Choice Scarf|[from] move: Knock Off|[of] p2a: Steve\n|\n|-weather|Snow|[upkeep]\n|upkeep\n|turn|4\n|\n|t:|1699136215\n|-terastallize|p2a: Steve|Fire\n|move|p1b: Careylass|Hex|p2b: Stella\n|-supereffective|p2b: Stella\n|-damage|p2b: Stella|75\/100\n|move|p1a: Nine Carey|Toxic|p2b: Stella\n|-status|p2b: Stella|tox\n|move|p2a: Steve|Swords Dance|p2a: Steve\n|-boost|p2a: Steve|atk|2\n|move|p2b: Stella|Trick Room|p2b: Stella\n|-fieldstart|move: Trick Room|[of] p2b: Stella\n|\n|-weather|Snow|[upkeep]\n|-damage|p2b: Stella|69\/100 tox|[from] psn\n|upkeep\n|turn|5\n|\n|t:|1699136244\n|move|p2b: Stella|Shadow Sneak|p1b: Careylass\n|-supereffective|p1b: Careylass\n|-damage|p1b: Careylass|28\/100\n|move|p2a: Steve|Iron Head|p1a: Nine Carey\n|-supereffective|p1a: Nine Carey\n|-damage|p1a: Nine Carey|0 fnt\n|faint|p1a: Nine Carey\n|move|p1b: Careylass|Hex|p2b: Stella\n|-supereffective|p2b: Stella\n|-damage|p2b: Stella|26\/100 tox\n|\n|-weather|none\n|-damage|p2b: Stella|14\/100 tox|[from] psn\n|-fieldend|move: Electric Terrain\n|upkeep\n|\n|t:|1699136256\n|switch|p1a: Abomacarey|Abomasnow, F|100\/100\n|-weather|Snow|[from] ability: Snow Warning|[of] p1a: Abomacarey\n|turn|6\n|\n|t:|1699136270\n|move|p1a: Abomacarey|Protect|p1a: Abomacarey\n|-singleturn|p1a: Abomacarey|Protect\n|move|p2b: Stella|Shadow Sneak|p1b: Careylass\n|-supereffective|p1b: Careylass\n|-damage|p1b: Careylass|12\/100\n|move|p2a: Steve|Iron Head|p1a: Abomacarey\n|-activate|p1a: Abomacarey|move: Protect\n|move|p1b: Careylass|Shadow Ball|p2a: Steve\n|-damage|p2a: Steve|59\/100\n|-unboost|p2a: Steve|spd|1\n|\n|-weather|Snow|[upkeep]\n|-damage|p2b: Stella|0 fnt|[from] psn\n|faint|p2b: Stella\n|upkeep\n|\n|t:|1699136290\n|switch|p2b: Jerry|Flareon, M|100\/100\n|turn|7\n|\n|t:|1699136343\n|move|p1a: Abomacarey|Protect|p1a: Abomacarey\n|-singleturn|p1a: Abomacarey|Protect\n|move|p2a: Steve|Iron Head|p1a: Abomacarey\n|-activate|p1a: Abomacarey|move: Protect\n|move|p2b: Jerry|Heat Wave|p1a: Abomacarey|[spread] p1b\n|-activate|p1a: Abomacarey|move: Protect\n|-supereffective|p1b: Careylass\n|-damage|p1b: Careylass|0 fnt\n|faint|p1b: Careylass\n|\n|-weather|Snow|[upkeep]\n|upkeep\n|\n|t:|1699136354\n|switch|p1b: Mariahlibur|Baxcalibur, M|100\/100\n|turn|8\n|\n|t:|1699136368\n|move|p2a: Steve|Iron Head|p1b: Mariahlibur\n|-supereffective|p1b: Mariahlibur\n|-damage|p1b: Mariahlibur|20\/100\n|move|p1a: Abomacarey|Leech Seed|p2a: Steve\n|-start|p2a: Steve|move: Leech Seed\n|move|p2b: Jerry|Heat Wave|p1b: Mariahlibur|[spread] p1a,p1b\n|-supereffective|p1a: Abomacarey\n|-crit|p1b: Mariahlibur\n|-damage|p1a: Abomacarey|13\/100\n|-damage|p1b: Mariahlibur|0 fnt\n|faint|p1b: Mariahlibur\n|\n|-weather|Snow|[upkeep]\n|-damage|p2a: Steve|47\/100|[from] Leech Seed|[of] p1a: Abomacarey\n|-heal|p1a: Abomacarey|24\/100|[silent]\n|-fieldend|move: Trick Room\n|upkeep\n|\n|t:|1699136391\n|switch|p1b: Mariah Bundle|Iron Bundle|100\/100\n|-enditem|p1b: Mariah Bundle|Booster Energy\n|-activate|p1b: Mariah Bundle|ability: Quark Drive|[fromitem]\n|-start|p1b: Mariah Bundle|quarkdrivespe\n|turn|9\n|\n|t:|1699136417\n|switch|p1a: Chien-Pao|Chien-Pao|100\/100\n|-ability|p1a: Chien-Pao|Sword of Ruin\n|move|p1b: Mariah Bundle|Flip Turn|p2b: Jerry\n|-supereffective|p2b: Jerry\n|-damage|p2b: Jerry|32\/100\n|\n|t:|1699136425\n|-end|p1b: Mariah Bundle|Quark Drive|[silent]\n|switch|p1b: Abomacarey|Abomasnow, F|24\/100|[from] Flip Turn\n|move|p2b: Jerry|Heat Wave|p1a: Chien-Pao|[spread] p1a,p1b\n|-supereffective|p1a: Chien-Pao\n|-supereffective|p1b: Abomacarey\n|-crit|p1b: Abomacarey\n|-damage|p1a: Chien-Pao|0 fnt\n|-damage|p1b: Abomacarey|0 fnt\n|faint|p1a: Chien-Pao\n|faint|p1b: Abomacarey\n|move|p2a: Steve|Knock Off|p1: Chien-Pao|[notarget]\n|-fail|p2a: Steve\n|\n|-weather|Snow|[upkeep]\n|upkeep\n|\n|t:|1699136438\n|switch|p1b: Mariah Bundle|Iron Bundle|100\/100\n|turn|10\n|\n|t:|1699136448\n|move|p1b: Mariah Bundle|Flip Turn|p2a: Steve\n|-supereffective|p2a: Steve\n|-damage|p2a: Steve|19\/100\n|move|p2b: Jerry|Heat Wave|p1b: Mariah Bundle\n|-damage|p1b: Mariah Bundle|18\/100\n|move|p2a: Steve|Iron Head|p1b: Mariah Bundle\n|-damage|p1b: Mariah Bundle|0 fnt\n|faint|p1b: Mariah Bundle\n|-end|p1b: Mariah Bundle|Quark Drive|[silent]\n|\n|win|Ace427\n|raw|GuacamoleDoritos's rating: 1133 &rarr; <strong>1104<\/strong><br \/>(-29 for losing)\n|raw|Ace427's rating: 1083 &rarr; <strong>1114<\/strong><br \/>(+31 for winning)\n|c|\u2606Ace427|gg\n","uploadtime":1699136458,"views":11,"p1id":"guacamoledoritos","p2id":"ace427","formatid":"gen9nationaldexdoubles","rating":1104,"private":0,"password":""}