{"id":"gen9nationaldexdoubles-1981679205","p1":"ThatSpartacist","p2":"UltraVapor","format":"[Gen 9] National Dex Doubles","log":"|j|\u2606ThatSpartacist\n|j|\u2606UltraVapor\n|t:|1698932998\n|gametype|doubles\n|player|p1|ThatSpartacist|n|1000\n|player|p2|UltraVapor|shelly|1048\n|teamsize|p1|6\n|teamsize|p2|6\n|gen|9\n|tier|[Gen 9] National Dex Doubles\n|rated|\n|rule|HP Percentage Mod: HP is shown in percentages\n|rule|Endless Battle Clause: Forcing endless battles is banned\n|rule|OHKO Clause: OHKO moves are banned\n|rule|Evasion Moves Clause: Evasion moves are banned\n|rule|Evasion Abilities Clause: Evasion abilities are banned\n|rule|Species Clause: Limit one of each Pok\u00e9mon\n|rule|Gravity Sleep Clause: The combination of sleep-inducing moves with imperfect accuracy and Gravity or Gigantamax Orbeetle are banned\n|clearpoke\n|poke|p1|Swoobat, F|\n|poke|p1|Kommo-o, F|\n|poke|p1|Indeedee-F, F|\n|poke|p1|Milotic, F|\n|poke|p1|Golduck, M|\n|poke|p1|Dusclops, M|\n|poke|p2|Pelipper, F|\n|poke|p2|Vaporeon, F|\n|poke|p2|Walking Wake|\n|poke|p2|Basculegion, M|\n|poke|p2|Ogerpon-Wellspring, F|\n|poke|p2|Urshifu-*, M|\n|teampreview\n|\n|t:|1698933010\n|start\n|switch|p1a: Swoobat|Swoobat, F|100\/100\n|switch|p1b: Kommo-o|Kommo-o, F, shiny|100\/100\n|switch|p2a: Pelipper|Pelipper, F|100\/100\n|switch|p2b: Ogerpon|Ogerpon-Wellspring, F|100\/100\n|-weather|RainDance|[from] ability: Drizzle|[of] p2a: Pelipper\n|turn|1\n|\n|t:|1698933033\n|move|p1a: Swoobat|Skill Swap|p1b: Kommo-o\n|-activate|p1a: Swoobat|move: Skill Swap|||[of] p1b: Kommo-o\n|move|p2b: Ogerpon|Ivy Cudgel|p1a: Swoobat\n|-damage|p1a: Swoobat|0 fnt\n|faint|p1a: Swoobat\n|move|p1b: Kommo-o|Clangorous Soul|p1b: Kommo-o\n|-boost|p1b: Kommo-o|atk|2\n|-boost|p1b: Kommo-o|def|2\n|-boost|p1b: Kommo-o|spa|2\n|-boost|p1b: Kommo-o|spd|2\n|-boost|p1b: Kommo-o|spe|2\n|-damage|p1b: Kommo-o|68\/100\n|-enditem|p1b: Kommo-o|Throat Spray\n|-boost|p1b: Kommo-o|spa|2|[from] item: Throat Spray\n|move|p2a: Pelipper|Tailwind|p2a: Pelipper\n|-sidestart|p2: UltraVapor|move: Tailwind\n|\n|-weather|RainDance|[upkeep]\n|upkeep\n|\n|t:|1698933049\n|switch|p1a: Indeedee|Indeedee-F, F, shiny|100\/100\n|-fieldstart|move: Psychic Terrain|[from] ability: Psychic Surge|[of] p1a: Indeedee\n|turn|2\n|\n|t:|1698933061\n|move|p1b: Kommo-o|Protect|p1b: Kommo-o\n|-singleturn|p1b: Kommo-o|Protect\n|move|p2b: Ogerpon|Ivy Cudgel|p1a: Indeedee\n|-damage|p1a: Indeedee|0 fnt\n|faint|p1a: Indeedee\n|move|p2a: Pelipper|Toxic|p1b: Kommo-o\n|-activate|p1b: Kommo-o|move: Protect\n|\n|-weather|RainDance|[upkeep]\n|upkeep\n|\n|t:|1698933079\n|switch|p1a: Milotic|Milotic, F, shiny|100\/100\n|turn|3\n|\n|t:|1698933092\n|move|p1a: Milotic|Protect|p1a: Milotic\n|-singleturn|p1a: Milotic|Protect\n|move|p2b: Ogerpon|Horn Leech|p1a: Milotic\n|-activate|p1a: Milotic|move: Protect\n|move|p1b: Kommo-o|Boomburst|p2a: Pelipper|[spread] p2a,p2b\n|-activate|p1a: Milotic|move: Protect\n|-damage|p2a: Pelipper|0 fnt\n|-damage|p2b: Ogerpon|0 fnt\n|faint|p2a: Pelipper\n|faint|p2b: Ogerpon\n|\n|-weather|RainDance|[upkeep]\n|upkeep\n|\n|t:|1698933110\n|switch|p2b: Vaporeon|Vaporeon, F, shiny|100\/100\n|switch|p2a: Basculegion|Basculegion, M|100\/100\n|turn|4\n|\n|t:|1698933131\n|move|p2a: Basculegion|Psychic Fangs|p1b: Kommo-o\n|-supereffective|p1b: Kommo-o\n|-damage|p1b: Kommo-o|16\/100\n|-damage|p2a: Basculegion|91\/100|[from] item: Life Orb\n|move|p1b: Kommo-o|Boomburst|p2a: Basculegion|[spread] p1a,p2b\n|-immune|p2a: Basculegion\n|-damage|p1a: Milotic|27\/100\n|-damage|p2b: Vaporeon|18\/100\n|move|p2b: Vaporeon|Aqua Ring|p2b: Vaporeon\n|-start|p2b: Vaporeon|Aqua Ring\n|move|p1a: Milotic|Recover|p1a: Milotic\n|-heal|p1a: Milotic|77\/100\n|\n|-weather|RainDance|[upkeep]\n|-heal|p2b: Vaporeon|25\/100|[from] item: Leftovers\n|-heal|p1a: Milotic|83\/100|[from] item: Leftovers\n|-heal|p2b: Vaporeon|31\/100|[from] Aqua Ring\n|-sideend|p2: UltraVapor|move: Tailwind\n|upkeep\n|turn|5\n|\n|t:|1698933165\n|move|p1b: Kommo-o|Protect|p1b: Kommo-o\n|-singleturn|p1b: Kommo-o|Protect\n|move|p2a: Basculegion|Psychic Fangs|p1b: Kommo-o\n|-activate|p1b: Kommo-o|move: Protect\n|move|p1a: Milotic|Scald|p2a: Basculegion\n|-resisted|p2a: Basculegion\n|-damage|p2a: Basculegion|56\/100\n|move|p2b: Vaporeon|Calm Mind|p2b: Vaporeon\n|-boost|p2b: Vaporeon|spa|1\n|-boost|p2b: Vaporeon|spd|1\n|\n|-weather|RainDance|[upkeep]\n|-heal|p1a: Milotic|90\/100|[from] item: Leftovers\n|-heal|p2b: Vaporeon|37\/100|[from] item: Leftovers\n|-heal|p2b: Vaporeon|43\/100|[from] Aqua Ring\n|upkeep\n|turn|6\n|\n|t:|1698933193\n|move|p1b: Kommo-o|Boomburst|p2b: Vaporeon|[spread] p1a,p2b\n|-immune|p2a: Basculegion\n|-damage|p1a: Milotic|18\/100\n|-damage|p2b: Vaporeon|0 fnt\n|faint|p2b: Vaporeon\n|move|p2a: Basculegion|Psychic Fangs|p1b: Kommo-o\n|-supereffective|p1b: Kommo-o\n|-damage|p1b: Kommo-o|0 fnt\n|faint|p1b: Kommo-o\n|-damage|p2a: Basculegion|46\/100|[from] item: Life Orb\n|move|p1a: Milotic|Scald|p2a: Basculegion\n|-resisted|p2a: Basculegion\n|-damage|p2a: Basculegion|15\/100\n|-status|p2a: Basculegion|brn\n|\n|-weather|RainDance|[upkeep]\n|-heal|p1a: Milotic|24\/100|[from] item: Leftovers\n|-damage|p2a: Basculegion|9\/100 brn|[from] brn\n|-fieldend|move: Psychic Terrain\n|upkeep\n|-message|ThatSpartacist forfeited.\n|\n|win|UltraVapor\n|raw|ThatSpartacist's rating: 1000 &rarr; <strong>1000<\/strong><br \/>(+0 for losing)\n|raw|UltraVapor's rating: 1048 &rarr; <strong>1076<\/strong><br \/>(+28 for winning)\n|l|\u2606ThatSpartacist\n|c|\u2606UltraVapor|gg\n","uploadtime":1698933221,"views":9,"p1id":"thatspartacist","p2id":"ultravapor","formatid":"gen9nationaldexdoubles","rating":1000,"private":0,"password":""}