{"id":"gen9nationaldexdoubles-1950838400","p1":"2wb","p2":"Datagne","format":"[Gen 9] National Dex Doubles","log":"|j|\u26062wb\n|j|\u2606Datagne\n|t:|1695511012\n|gametype|doubles\n|player|p1|2wb|backersf|\n|player|p2|Datagne|will|\n|teamsize|p1|6\n|teamsize|p2|6\n|gen|9\n|tier|[Gen 9] National Dex Doubles\n|rule|HP Percentage Mod: HP is shown in percentages\n|rule|Endless Battle Clause: Forcing endless battles is banned\n|rule|OHKO Clause: OHKO moves are banned\n|rule|Evasion Moves Clause: Evasion moves are banned\n|rule|Evasion Abilities Clause: Evasion abilities are banned\n|rule|Species Clause: Limit one of each Pok\u00e9mon\n|rule|Gravity Sleep Clause: The combination of sleep-inducing moves with imperfect accuracy and Gravity or Gigantamax Orbeetle are banned\n|clearpoke\n|poke|p1|Sableye, F|\n|poke|p1|Walking Wake|\n|poke|p1|Tornadus-Therian, M|\n|poke|p1|Roaring Moon|\n|poke|p1|Scream Tail|\n|poke|p1|Heatran, M|\n|poke|p2|Klefki, M|\n|poke|p2|Kingambit, F|\n|poke|p2|Gigalith, M|\n|poke|p2|Clodsire, F|\n|poke|p2|Great Tusk|\n|poke|p2|Enamorus-Therian, F|\n|teampreview\n|j| Camdar\n|\n|t:|1695511201\n|start\n|switch|p1a: Gemnie|Sableye, F|100\/100\n|switch|p1b: Puzzling Guard|Scream Tail|100\/100\n|switch|p2a: Jingles|Klefki, M, shiny|100\/100\n|switch|p2b: Tortle|Enamorus-Therian, F, shiny|100\/100\n|turn|1\n|\n|t:|1695511245\n|move|p2a: Jingles|Protect|p2a: Jingles\n|-singleturn|p2a: Jingles|Protect\n|move|p1a: Gemnie|Protect|p1a: Gemnie\n|-singleturn|p1a: Gemnie|Protect\n|move|p1b: Puzzling Guard|Light Screen|p1b: Puzzling Guard\n|-sidestart|p1: 2wb|move: Light Screen\n|move|p2b: Tortle|Taunt|p1a: Gemnie\n|-activate|p1a: Gemnie|move: Protect\n|\n|upkeep\n|turn|2\n|\n|t:|1695511283\n|switch|p2a: Aun|Kingambit, F|100\/100\n|move|p1a: Gemnie|Taunt|p2a: Aun\n|-hint|Since gen 7, Dark is immune to Prankster moves.\n|-immune|p2a: Aun\n|move|p1b: Puzzling Guard|Reflect|p1b: Puzzling Guard\n|-sidestart|p1: 2wb|Reflect\n|move|p2b: Tortle|Springtide Storm|p1b: Puzzling Guard|[spread] p1a,p1b\n|-supereffective|p1a: Gemnie\n|-damage|p1a: Gemnie|46\/100\n|-damage|p1b: Puzzling Guard|82\/100\n|-unboost|p1b: Puzzling Guard|atk|1\n|\n|upkeep\n|turn|3\n|\n|t:|1695511317\n|-end|p1b: Puzzling Guard|Protosynthesis|[silent]\n|switch|p1b: Salmon|Roaring Moon|100\/100\n|move|p1a: Gemnie|Sunny Day|p1a: Gemnie\n|-weather|SunnyDay\n|-activate|p1b: Salmon|ability: Protosynthesis\n|-start|p1b: Salmon|protosynthesisatk\n|move|p2a: Aun|Kowtow Cleave|p1b: Salmon\n|-resisted|p1b: Salmon\n|-damage|p1b: Salmon|71\/100\n|-damage|p2a: Aun|91\/100|[from] item: Life Orb\n|move|p2b: Tortle|Springtide Storm|p1a: Gemnie|[spread] p1a,p1b\n|-supereffective|p1a: Gemnie\n|-supereffective|p1b: Salmon\n|-damage|p1a: Gemnie|0 fnt\n|-damage|p1b: Salmon|0 fnt\n|faint|p1a: Gemnie\n|faint|p1b: Salmon\n|-end|p1b: Salmon|Protosynthesis|[silent]\n|\n|-weather|SunnyDay|[upkeep]\n|upkeep\n|c|\u26062wb|<shook>\n|c|\u2606Datagne|No murder dargon pls\n|\n|t:|1695511355\n|switch|p1b: Phones|Walking Wake|100\/100\n|switch|p1a: Klaus Antares|Tornadus-Therian, M|100\/100\n|-activate|p1b: Phones|ability: Protosynthesis\n|-start|p1b: Phones|protosynthesisspa\n|turn|4\n|\n|t:|1695511402\n|switch|p2a: Limestone|Gigalith, M, shiny|100\/100\n|-weather|Sandstorm|[from] ability: Sand Stream|[of] p2a: Limestone\n|-end|p1b: Phones|Protosynthesis\n|-terastallize|p1b: Phones|Water\n|move|p2b: Tortle|Protect|p2b: Tortle\n|-singleturn|p2b: Tortle|Protect\n|move|p1b: Phones|Hydro Steam|p2b: Tortle\n|-activate|p2b: Tortle|move: Protect\n|move|p1a: Klaus Antares|Icy Wind|p2b: Tortle|[spread] p2a\n|-activate|p2b: Tortle|move: Protect\n|-damage|p2a: Limestone|96\/100\n|-unboost|p2a: Limestone|spe|1\n|\n|-weather|Sandstorm|[upkeep]\n|-damage|p1b: Phones|94\/100|[from] Sandstorm\n|-damage|p1a: Klaus Antares|95\/100|[from] Sandstorm\n|upkeep\n|turn|5\n|\n|t:|1695511436\n|switch|p2b: Friend|Clodsire, F|100\/100\n|move|p1b: Phones|Hydro Steam|p2a: Limestone\n|-supereffective|p2a: Limestone\n|-damage|p2a: Limestone|9\/100\n|move|p1a: Klaus Antares|Heat Wave|p2a: Limestone|[spread] p2a\n|-miss|p1a: Klaus Antares|p2b: Friend\n|-resisted|p2a: Limestone\n|-damage|p2a: Limestone|4\/100\n|move|p2a: Limestone|Rock Slide|p1a: Klaus Antares|[spread] p1a,p1b\n|-supereffective|p1a: Klaus Antares\n|-damage|p1a: Klaus Antares|64\/100\n|-damage|p1b: Phones|78\/100\n|\n|-weather|Sandstorm|[upkeep]\n|-damage|p1b: Phones|72\/100|[from] Sandstorm\n|-damage|p1a: Klaus Antares|58\/100|[from] Sandstorm\n|upkeep\n|turn|6\n|\n|t:|1695511468\n|-end|p1b: Phones|Protosynthesis|[silent]\n|switch|p1b: Heatran|Heatran, M|100\/100\n|move|p2a: Limestone|Wide Guard|p2a: Limestone\n|-singleturn|p2a: Limestone|Wide Guard\n|move|p1a: Klaus Antares|U-turn|p2b: Friend\n|-resisted|p2b: Friend\n|-damage|p2b: Friend|92\/100\n|\n|t:|1695511476\n|switch|p1a: Puzzling Guard|Scream Tail|82\/100|[from] U-turn\n|move|p2b: Friend|Curse|p2b: Friend\n|-unboost|p2b: Friend|spe|1\n|-boost|p2b: Friend|atk|1\n|-boost|p2b: Friend|def|1\n|\n|-weather|Sandstorm|[upkeep]\n|-damage|p1a: Puzzling Guard|76\/100|[from] Sandstorm\n|-heal|p2b: Friend|98\/100|[from] item: Black Sludge\n|upkeep\n|turn|7\n|\n|t:|1695511556\n|move|p2b: Friend|Protect|p2b: Friend\n|-singleturn|p2b: Friend|Protect\n|move|p1a: Puzzling Guard|Play Rough|p2a: Limestone\n|-damage|p2a: Limestone|0 fnt\n|faint|p2a: Limestone\n|move|p1b: Heatran|Rock Slide|p2b: Friend\n|-activate|p2b: Friend|move: Protect\n|\n|-weather|Sandstorm|[upkeep]\n|-damage|p1a: Puzzling Guard|70\/100|[from] Sandstorm\n|-heal|p2b: Friend|100\/100|[from] item: Black Sludge\n|upkeep\n|\n|t:|1695511568\n|switch|p2a: Jingles|Klefki, M, shiny|100\/100\n|turn|8\n|\n|t:|1695511587\n|-end|p1a: Puzzling Guard|Protosynthesis|[silent]\n|switch|p1a: Klaus Antares|Tornadus-Therian, M|91\/100\n|move|p2a: Jingles|Light Screen|p2a: Jingles\n|-sidestart|p2: Datagne|move: Light Screen\n|move|p1b: Heatran|Heat Wave|p2b: Friend|[spread] p2a\n|-miss|p1b: Heatran|p2b: Friend\n|-supereffective|p2a: Jingles\n|-damage|p2a: Jingles|54\/100\n|-status|p2a: Jingles|brn\n|move|p2b: Friend|Curse|p2b: Friend\n|-unboost|p2b: Friend|spe|1\n|-boost|p2b: Friend|atk|1\n|-boost|p2b: Friend|def|1\n|\n|-weather|Sandstorm|[upkeep]\n|-damage|p1a: Klaus Antares|85\/100|[from] Sandstorm\n|-damage|p2a: Jingles|48\/100 brn|[from] brn\n|-sideend|p1: 2wb|move: Light Screen\n|upkeep\n|turn|9\n|\n|t:|1695511629\n|move|p1a: Klaus Antares|Bleakwind Storm|p2a: Jingles|[spread] p2a,p2b\n|-resisted|p2a: Jingles\n|-damage|p2a: Jingles|40\/100 brn\n|-damage|p2b: Friend|90\/100\n|-unboost|p2b: Friend|spe|1\n|move|p1b: Heatran|Heat Wave|p2b: Friend|[spread] p2a,p2b\n|-supereffective|p2a: Jingles\n|-damage|p2a: Jingles|0 fnt\n|-damage|p2b: Friend|76\/100\n|faint|p2a: Jingles\n|move|p2b: Friend|Recover|p2b: Friend\n|-heal|p2b: Friend|100\/100\n|\n|-weather|Sandstorm|[upkeep]\n|-damage|p1a: Klaus Antares|79\/100|[from] Sandstorm\n|-sideend|p1: 2wb|Reflect\n|upkeep\n|\n|t:|1695511650\n|switch|p2a: Tortle|Enamorus-Therian, F, shiny|100\/100\n|turn|10\n|\n|t:|1695511683\n|move|p1a: Klaus Antares|Heat Wave|p2a: Tortle|[spread] p2a,p2b\n|-damage|p2a: Tortle|92\/100\n|-damage|p2b: Friend|94\/100\n|-status|p2b: Friend|brn\n|move|p1b: Heatran|Fire Blast|p2b: Friend\n|-damage|p2b: Friend|73\/100 brn\n|move|p2a: Tortle|Earth Power|p1b: Heatran\n|-supereffective|p1b: Heatran\n|-damage|p1b: Heatran|17\/100\n|move|p2b: Friend|Rock Slide|p1a: Klaus Antares|[spread] p1a,p1b\n|-supereffective|p1a: Klaus Antares\n|-damage|p1a: Klaus Antares|60\/100\n|-damage|p1b: Heatran|7\/100\n|\n|-weather|Sandstorm|[upkeep]\n|-damage|p1a: Klaus Antares|54\/100|[from] Sandstorm\n|-heal|p2a: Tortle|98\/100|[from] item: Leftovers\n|-heal|p2b: Friend|79\/100 brn|[from] item: Black Sludge\n|-damage|p2b: Friend|73\/100 brn|[from] brn\n|upkeep\n|turn|11\n|\n|t:|1695511728\n|move|p1a: Klaus Antares|Heat Wave|p2b: Friend|[spread] p2a,p2b\n|-damage|p2a: Tortle|89\/100\n|-damage|p2b: Friend|66\/100 brn\n|move|p1b: Heatran|Fire Blast|p2a: Tortle\n|-crit|p2a: Tortle\n|-damage|p2a: Tortle|24\/100\n|move|p2a: Tortle|Springtide Storm|p1b: Heatran|[spread] p1b\n|-miss|p2a: Tortle|p1a: Klaus Antares\n|-resisted|p1b: Heatran\n|-crit|p1b: Heatran\n|-damage|p1b: Heatran|0 fnt\n|faint|p1b: Heatran\n|move|p2b: Friend|Recover|p2b: Friend\n|-heal|p2b: Friend|100\/100 brn\n|\n|-weather|none\n|-heal|p2a: Tortle|31\/100|[from] item: Leftovers\n|-damage|p2b: Friend|94\/100 brn|[from] brn\n|upkeep\n|\n|t:|1695511746\n|switch|p1b: Phones|Walking Wake, tera:Water|72\/100\n|turn|12\n|\n|t:|1695511774\n|move|p2a: Tortle|Protect|p2a: Tortle\n|-singleturn|p2a: Tortle|Protect\n|move|p1b: Phones|Hydro Steam|p2b: Friend\n|-heal|p2b: Friend|100\/100 brn|[from] ability: Water Absorb|[of] p1b: Phones\n|move|p1a: Klaus Antares|U-turn|p2b: Friend\n|-resisted|p2b: Friend\n|-damage|p2b: Friend|97\/100 brn\n|\n|t:|1695511782\n|switch|p1a: Puzzling Guard|Scream Tail|70\/100|[from] U-turn\n|move|p2b: Friend|Rock Slide|p1b: Phones|[spread] p1a,p1b\n|-damage|p1a: Puzzling Guard|63\/100\n|-damage|p1b: Phones|62\/100\n|\n|-heal|p2a: Tortle|37\/100|[from] item: Leftovers\n|-heal|p2b: Friend|100\/100 brn|[from] item: Black Sludge\n|-damage|p2b: Friend|94\/100 brn|[from] brn\n|upkeep\n|turn|13\n|\n|t:|1695511803\n|move|p1b: Phones|Hydro Steam|p2a: Tortle\n|-damage|p2a: Tortle|0 fnt\n|faint|p2a: Tortle\n|move|p1a: Puzzling Guard|Reflect|p1a: Puzzling Guard\n|-sidestart|p1: 2wb|Reflect\n|move|p2b: Friend|Curse|p2b: Friend\n|-unboost|p2b: Friend|spe|1\n|-boost|p2b: Friend|atk|1\n|-boost|p2b: Friend|def|1\n|\n|-heal|p2b: Friend|100\/100 brn|[from] item: Black Sludge\n|-damage|p2b: Friend|94\/100 brn|[from] brn\n|upkeep\n|\n|t:|1695511822\n|switch|p2a: Horny|Great Tusk|100\/100\n|turn|14\n|\n|t:|1695511842\n|-terastallize|p2a: Horny|Ground\n|move|p2b: Friend|Protect|p2b: Friend\n|-singleturn|p2b: Friend|Protect\n|move|p2a: Horny|Earthquake|p1b: Phones|[spread] p1a,p1b\n|-activate|p2b: Friend|move: Protect\n|-damage|p1a: Puzzling Guard|41\/100\n|-damage|p1b: Phones|26\/100\n|move|p1b: Phones|Hydro Steam|p2a: Horny\n|-supereffective|p2a: Horny\n|-damage|p2a: Horny|0 fnt\n|faint|p2a: Horny\n|-end|p2a: Horny|Protosynthesis|[silent]\n|move|p1a: Puzzling Guard|Psychic Fangs|p2b: Friend\n|-activate|p2b: Friend|move: Protect\n|\n|-heal|p2b: Friend|100\/100 brn|[from] item: Black Sludge\n|-damage|p2b: Friend|94\/100 brn|[from] brn\n|upkeep\n|\n|t:|1695511857\n|switch|p2a: Aun|Kingambit, F|91\/100\n|turn|15\n|\n|t:|1695511879\n|move|p1b: Phones|Hydro Steam|p2a: Aun\n|-damage|p2a: Aun|38\/100\n|move|p1a: Puzzling Guard|Play Rough|p2a: Aun\n|-damage|p2a: Aun|22\/100\n|-unboost|p2a: Aun|atk|1\n|-ability|p2a: Aun|Defiant|boost\n|-boost|p2a: Aun|atk|2\n|move|p2a: Aun|Iron Head|p1a: Puzzling Guard\n|-supereffective|p1a: Puzzling Guard\n|-damage|p1a: Puzzling Guard|0 fnt\n|faint|p1a: Puzzling Guard\n|-end|p1a: Puzzling Guard|Protosynthesis|[silent]\n|-damage|p2a: Aun|12\/100|[from] item: Life Orb\n|move|p2b: Friend|Rock Slide|p1b: Phones\n|-damage|p1b: Phones|13\/100\n|\n|-heal|p2b: Friend|100\/100 brn|[from] item: Black Sludge\n|-damage|p2b: Friend|94\/100 brn|[from] brn\n|-sideend|p2: Datagne|move: Light Screen\n|upkeep\n|\n|t:|1695511897\n|switch|p1a: Klaus Antares|Tornadus-Therian, M|87\/100\n|turn|16\n|\n|t:|1695511956\n|move|p2a: Aun|Protect|p2a: Aun\n|-singleturn|p2a: Aun|Protect\n|move|p1b: Phones|Hydro Steam|p2a: Aun\n|-activate|p2a: Aun|move: Protect\n|move|p1a: Klaus Antares|Bleakwind Storm|p2b: Friend|[spread] p2b\n|-activate|p2a: Aun|move: Protect\n|-damage|p2b: Friend|79\/100 brn\n|move|p2b: Friend|Rock Slide|p1b: Phones|[spread] p1a,p1b\n|-supereffective|p1a: Klaus Antares\n|-damage|p1a: Klaus Antares|72\/100\n|-damage|p1b: Phones|4\/100\n|\n|-heal|p2b: Friend|86\/100 brn|[from] item: Black Sludge\n|-damage|p2b: Friend|79\/100 brn|[from] brn\n|upkeep\n|turn|17\n|\n|t:|1695511975\n|move|p1b: Phones|Hydro Steam|p2a: Aun\n|-damage|p2a: Aun|0 fnt\n|faint|p2a: Aun\n|move|p1a: Klaus Antares|Bleakwind Storm|p2b: Friend|[miss]\n|-miss|p1a: Klaus Antares|p2b: Friend\n|move|p2b: Friend|Curse|p2b: Friend\n|-unboost|p2b: Friend|spe|1\n|-boost|p2b: Friend|atk|1\n|-boost|p2b: Friend|def|1\n|\n|-heal|p2b: Friend|86\/100 brn|[from] item: Black Sludge\n|-damage|p2b: Friend|79\/100 brn|[from] brn\n|upkeep\n|turn|18\n|\n|t:|1695511992\n|move|p1b: Phones|Hydro Steam|p2b: Friend\n|-heal|p2b: Friend|100\/100 brn|[from] ability: Water Absorb|[of] p1b: Phones\n|move|p1a: Klaus Antares|Bleakwind Storm|p2b: Friend|[miss]\n|-miss|p1a: Klaus Antares|p2b: Friend\n|move|p2b: Friend|Curse|p2b: Friend\n|-unboost|p2b: Friend|spe|1\n|-boost|p2b: Friend|atk|1\n|-boost|p2b: Friend|def|1\n|\n|-damage|p2b: Friend|94\/100 brn|[from] brn\n|upkeep\n|turn|19\n|c|\u26062wb|beautiful...\n|c| Camdar|oh my god\n|c|\u2606Datagne|The fren hold strong\n|j| SgtSmilies\n|c|\u26062wb|So the misplay on 14~16 of not switching will kill me.\n|c| SgtSmilies|i just came here to tell you how fucked up this is\n|\n|t:|1695512023\n|move|p1b: Phones|Hydro Steam|p2b: Friend\n|-heal|p2b: Friend|100\/100 brn|[from] ability: Water Absorb|[of] p1b: Phones\n|move|p1a: Klaus Antares|Bleakwind Storm|p2b: Friend|[miss]\n|-miss|p1a: Klaus Antares|p2b: Friend\n|move|p2b: Friend|Curse|p2b: Friend\n|-boost|p2b: Friend|atk|1\n|-boost|p2b: Friend|def|1\n|\n|-damage|p2b: Friend|94\/100 brn|[from] brn\n|upkeep\n|turn|20\n|c| SgtSmilies|dat this is not okay\n|c|\u26062wb|so smilies remember when i was talking about how i think 80% accuracy is bad\n|c|\u26062wb|remember that conversation\n|c|\u2606Datagne|80% sucks\n|c| Camdar|to be fair, i don't think it mattered\n|\n|t:|1695512055\n|move|p1b: Phones|Hydro Steam|p2b: Friend\n|-heal|p2b: Friend|100\/100 brn|[from] ability: Water Absorb|[of] p1b: Phones\n|move|p1a: Klaus Antares|Icy Wind|p2b: Friend\n|-supereffective|p2b: Friend\n|-damage|p2b: Friend|86\/100 brn\n|move|p2b: Friend|Recover|p2b: Friend\n|-heal|p2b: Friend|100\/100 brn\n|\n|-damage|p2b: Friend|94\/100 brn|[from] brn\n|-sideend|p1: 2wb|Reflect\n|upkeep\n|turn|21\n|c| SgtSmilies|i dont think bleakwind storm has done anything of consequence this whole game whether it hit or not LOL\n|\n|t:|1695512070\n|move|p1b: Phones|Hydro Steam|p2b: Friend\n|-heal|p2b: Friend|100\/100 brn|[from] ability: Water Absorb|[of] p1b: Phones\n|move|p1a: Klaus Antares|Icy Wind|p2b: Friend\n|-supereffective|p2b: Friend\n|-damage|p2b: Friend|86\/100 brn\n|move|p2b: Friend|Rock Slide|p1b: Phones|[spread] p1a\n|-miss|p2b: Friend|p1b: Phones\n|-supereffective|p1a: Klaus Antares\n|-damage|p1a: Klaus Antares|31\/100\n|\n|-heal|p2b: Friend|93\/100 brn|[from] item: Black Sludge\n|-damage|p2b: Friend|86\/100 brn|[from] brn\n|upkeep\n|turn|22\n|c|\u26062wb|no, it would not have REALLY mattered\n|c| SgtSmilies|NOOOOOOOOOOOOOOOOOOOOOOOOOOOO THE MISS\n|c|\u26062wb|of course phones dodges\n|c| Camdar|THE MISS\n|c|\u2606Datagne|Wow\n|\n|t:|1695512091\n|move|p1b: Phones|Hydro Steam|p2b: Friend\n|-heal|p2b: Friend|100\/100 brn|[from] ability: Water Absorb|[of] p1b: Phones\n|move|p1a: Klaus Antares|Bleakwind Storm|p2b: Friend\n|-damage|p2b: Friend|80\/100 brn\n|move|p2b: Friend|Rock Slide|p1b: Phones|[spread] p1a,p1b\n|-supereffective|p1a: Klaus Antares\n|-damage|p1a: Klaus Antares|0 fnt\n|-damage|p1b: Phones|0 fnt\n|faint|p1a: Klaus Antares\n|faint|p1b: Phones\n|-end|p1b: Phones|Protosynthesis|[silent]\n|\n|win|Datagne\n|c|\u26062wb|look at this rng\n|c|\u2606Datagne|I'm sorry Wan\n|c|\u26062wb|lol\n|c|\u26062wb|no no\n|c| SgtSmilies|bro\n|c|\u26062wb|i made two massive errors\n|c| SgtSmilies|thats fucked up\n","uploadtime":1695512114,"views":29,"p1id":"2wb","p2id":"datagne","formatid":"gen9nationaldexdoubles","rating":0,"private":0,"password":""}