{"id":"gen9nationaldexdoubles-1977712204","p1":"Boersma","p2":"kuyfoutfoui","format":"[Gen 9] National Dex Doubles","log":"|j|\u2606Boersma\n|j|\u2606kuyfoutfoui\n|t:|1698441182\n|gametype|doubles\n|player|p1|Boersma|giovanni|1098\n|player|p2|kuyfoutfoui|lucas|1050\n|teamsize|p1|6\n|teamsize|p2|6\n|gen|9\n|tier|[Gen 9] National Dex Doubles\n|rated|\n|rule|HP Percentage Mod: HP is shown in percentages\n|rule|Endless Battle Clause: Forcing endless battles is banned\n|rule|OHKO Clause: OHKO moves are banned\n|rule|Evasion Moves Clause: Evasion moves are banned\n|rule|Evasion Abilities Clause: Evasion abilities are banned\n|rule|Species Clause: Limit one of each Pok\u00e9mon\n|rule|Gravity Sleep Clause: The combination of sleep-inducing moves with imperfect accuracy and Gravity or Gigantamax Orbeetle are banned\n|clearpoke\n|poke|p1|Electivire, F|\n|poke|p1|Zeraora|\n|poke|p1|Ursaluna, M|\n|poke|p1|Coalossal, M|\n|poke|p1|Slowbro-Galar, M|\n|poke|p1|Toxapex, F|\n|poke|p2|Indeedee-F, F|\n|poke|p2|Oranguru, M|\n|poke|p2|Glastrier|\n|poke|p2|Hoopa-Unbound|\n|poke|p2|Ursaluna, M|\n|poke|p2|Zygarde|\n|teampreview\n|\n|t:|1698441192\n|start\n|switch|p1a: Electivire|Electivire, F, shiny|100\/100\n|switch|p1b: Zeraora|Zeraora, shiny|100\/100\n|switch|p2a: Hoopa|Hoopa-Unbound|100\/100\n|switch|p2b: Zygarde|Zygarde|100\/100\n|-item|p1b: Zeraora|Air Balloon\n|-item|p1a: Electivire|Air Balloon\n|-ability|p2b: Zygarde|Aura Break\n|turn|1\n|\n|t:|1698441207\n|move|p1b: Zeraora|Fake Out|p2b: Zygarde\n|-damage|p2b: Zygarde|93\/100\n|move|p1a: Electivire|Power-Up Punch|p2b: Zygarde\n|-damage|p2b: Zygarde|83\/100\n|-boost|p1a: Electivire|atk|1\n|cant|p2b: Zygarde|flinch\n|move|p2a: Hoopa|Trick Room|p2a: Hoopa\n|-fieldstart|move: Trick Room|[of] p2a: Hoopa\n|-enditem|p2b: Zygarde|Room Service\n|-unboost|p2b: Zygarde|spe|1|[from] item: Room Service\n|-enditem|p2a: Hoopa|Room Service\n|-unboost|p2a: Hoopa|spe|1|[from] item: Room Service\n|\n|upkeep\n|turn|2\n|\n|t:|1698441225\n|move|p2a: Hoopa|Dark Pulse|p1b: Zeraora\n|-damage|p1b: Zeraora|27\/100\n|-enditem|p1b: Zeraora|Air Balloon\n|move|p2b: Zygarde|Coil|p2b: Zygarde\n|-boost|p2b: Zygarde|atk|1\n|-boost|p2b: Zygarde|def|1\n|-boost|p2b: Zygarde|accuracy|1\n|move|p1a: Electivire|Ice Punch|p2b: Zygarde\n|-supereffective|p2b: Zygarde\n|-damage|p2b: Zygarde|3\/100\n|move|p1b: Zeraora|Discharge|p2a: Hoopa|[spread] p2a\n|-ability|p1a: Electivire|Motor Drive|boost\n|-boost|p1a: Electivire|spe|1\n|-immune|p2b: Zygarde\n|-damage|p2a: Hoopa|81\/100\n|\n|upkeep\n|turn|3\n|\n|t:|1698441255\n|move|p2a: Hoopa|Dark Pulse|p1a: Electivire\n|-damage|p1a: Electivire|27\/100\n|-enditem|p1a: Electivire|Air Balloon\n|move|p2b: Zygarde|Thousand Arrows|p1a: Electivire|[spread] p1a,p1b\n|-supereffective|p1a: Electivire\n|-supereffective|p1b: Zeraora\n|-damage|p1a: Electivire|0 fnt\n|-damage|p1b: Zeraora|0 fnt\n|faint|p1a: Electivire\n|faint|p1b: Zeraora\n|\n|upkeep\n|inactive|Battle timer is ON: inactive players will automatically lose when time's up. (requested by kuyfoutfoui)\n|\n|t:|1698441268\n|switch|p1a: Slowbro|Slowbro-Galar, M|100\/100\n|switch|p1b: Coalossal|Coalossal, M, shiny|100\/100\n|turn|4\n|inactive|Boersma has 120 seconds left.\n|\n|t:|1698441300\n|move|p1b: Coalossal|Heat Crash|p2a: Hoopa\n|-damage|p2a: Hoopa|58\/100\n|move|p1a: Slowbro|Flamethrower|p2b: Zygarde\n|-resisted|p2b: Zygarde\n|-damage|p2b: Zygarde|0 fnt\n|faint|p2b: Zygarde\n|-damage|p1a: Slowbro|91\/100|[from] item: Life Orb\n|move|p2a: Hoopa|Dark Pulse|p1b: Coalossal\n|-damage|p1b: Coalossal|67\/100\n|-item|p2a: Hoopa|Assault Vest|[from] ability: Magician|[of] p1b: Coalossal\n|\n|upkeep\n|\n|t:|1698441317\n|switch|p2b: Ursaluna|Ursaluna, M|100\/100\n|turn|5\n|\n|t:|1698441331\n|move|p1b: Coalossal|High Horsepower|p2b: Ursaluna\n|-damage|p2b: Ursaluna|81\/100\n|move|p1a: Slowbro|Shell Side Arm|p2a: Hoopa|[anim] Shell Side Arm Physical\n|-damage|p2a: Hoopa|7\/100\n|-hint|Physical Shell Side Arm\n|-damage|p1a: Slowbro|81\/100|[from] item: Life Orb\n|move|p2b: Ursaluna|Headlong Rush|p1b: Coalossal\n|-supereffective|p1b: Coalossal\n|-damage|p1b: Coalossal|0 fnt\n|-unboost|p2b: Ursaluna|def|1\n|-unboost|p2b: Ursaluna|spd|1\n|faint|p1b: Coalossal\n|move|p2a: Hoopa|Dark Pulse|p1a: Slowbro\n|-supereffective|p1a: Slowbro\n|-damage|p1a: Slowbro|0 fnt\n|faint|p1a: Slowbro\n|\n|-fieldend|move: Trick Room\n|-status|p2b: Ursaluna|brn|[from] item: Flame Orb\n|upkeep\n|\n|t:|1698441342\n|switch|p1a: Toxapex|Toxapex, F, shiny|100\/100\n|switch|p1b: Ursaluna|Ursaluna, M|100\/100\n|turn|6\n|\n|t:|1698441357\n|move|p1b: Ursaluna|Protect|p1b: Ursaluna\n|-singleturn|p1b: Ursaluna|Protect\n|move|p1a: Toxapex|Baneful Bunker|p1a: Toxapex\n|-singleturn|p1a: Toxapex|move: Protect\n|move|p2a: Hoopa|Psyshock|p1a: Toxapex\n|-activate|p1a: Toxapex|move: Protect\n|move|p2b: Ursaluna|Close Combat|p1b: Ursaluna\n|-activate|p1b: Ursaluna|move: Protect\n|\n|-damage|p2b: Ursaluna|75\/100 brn|[from] brn\n|-status|p1b: Ursaluna|brn|[from] item: Flame Orb\n|upkeep\n|turn|7\n|\n|t:|1698441372\n|move|p1b: Ursaluna|Facade|p2b: Ursaluna\n|-damage|p2b: Ursaluna|0 fnt\n|faint|p2b: Ursaluna\n|move|p1a: Toxapex|Scald|p2a: Hoopa\n|-damage|p2a: Hoopa|0 fnt\n|faint|p2a: Hoopa\n|\n|-damage|p1b: Ursaluna|94\/100 brn|[from] brn\n|upkeep\n|\n|t:|1698441383\n|switch|p2a: Glastrier|Glastrier|100\/100\n|switch|p2b: Indeedee|Indeedee-F, F|100\/100\n|-fieldstart|move: Psychic Terrain|[from] ability: Psychic Surge|[of] p2b: Indeedee\n|turn|8\n|\n|t:|1698441419\n|move|p1a: Toxapex|Baneful Bunker|p1a: Toxapex\n|-singleturn|p1a: Toxapex|move: Protect\n|move|p2a: Glastrier|Protect|p2a: Glastrier\n|-singleturn|p2a: Glastrier|Protect\n|move|p1b: Ursaluna|Facade|p2a: Glastrier\n|-activate|p2a: Glastrier|move: Protect\n|move|p2b: Indeedee|Trick Room|p2b: Indeedee\n|-fieldstart|move: Trick Room|[of] p2b: Indeedee\n|\n|-damage|p1b: Ursaluna|88\/100 brn|[from] brn\n|upkeep\n|turn|9\n|\n|t:|1698441446\n|move|p1a: Toxapex|Baneful Bunker||[still]\n|-fail|p1a: Toxapex\n|move|p1b: Ursaluna|Protect|p1b: Ursaluna\n|-singleturn|p1b: Ursaluna|Protect\n|move|p2b: Indeedee|Follow Me|p2b: Indeedee\n|-singleturn|p2b: Indeedee|move: Follow Me\n|move|p2a: Glastrier|Stomping Tantrum|p1a: Toxapex\n|-supereffective|p1a: Toxapex\n|-damage|p1a: Toxapex|63\/100\n|\n|-heal|p1a: Toxapex|69\/100|[from] item: Leftovers\n|-damage|p1b: Ursaluna|82\/100 brn|[from] brn\n|upkeep\n|turn|10\n|\n|t:|1698441461\n|-terastallize|p2a: Glastrier|Ice\n|-terastallize|p1b: Ursaluna|Ground\n|move|p1a: Toxapex|Baneful Bunker|p1a: Toxapex\n|-singleturn|p1a: Toxapex|move: Protect\n|move|p2b: Indeedee|Follow Me|p2b: Indeedee\n|-singleturn|p2b: Indeedee|move: Follow Me\n|move|p2a: Glastrier|Icicle Spear|p1b: Ursaluna\n|-supereffective|p1b: Ursaluna\n|-damage|p1b: Ursaluna|52\/100 brn\n|-supereffective|p1b: Ursaluna\n|-damage|p1b: Ursaluna|24\/100 brn\n|-supereffective|p1b: Ursaluna\n|-damage|p1b: Ursaluna|0 fnt\n|faint|p1b: Ursaluna\n|-ability|p2a: Glastrier|Chilling Neigh|boost\n|-boost|p2a: Glastrier|atk|1\n|-hitcount|p1: Ursaluna|3\n|\n|-heal|p1a: Toxapex|75\/100|[from] item: Leftovers\n|upkeep\n|turn|11\n|\n|t:|1698441482\n|move|p2b: Indeedee|Follow Me|p2b: Indeedee\n|-singleturn|p2b: Indeedee|move: Follow Me\n|move|p2a: Glastrier|Stomping Tantrum|p1a: Toxapex\n|-supereffective|p1a: Toxapex\n|-damage|p1a: Toxapex|22\/100\n|move|p1a: Toxapex|Scald|p2b: Indeedee\n|-damage|p2b: Indeedee|85\/100\n|\n|-heal|p1a: Toxapex|28\/100|[from] item: Leftovers\n|upkeep\n|turn|12\n|\n|t:|1698441493\n|move|p2b: Indeedee|Follow Me|p2b: Indeedee\n|-singleturn|p2b: Indeedee|move: Follow Me\n|move|p2a: Glastrier|Icicle Spear|p1a: Toxapex\n|-resisted|p1a: Toxapex\n|-crit|p1a: Toxapex\n|-damage|p1a: Toxapex|13\/100\n|-resisted|p1a: Toxapex\n|-damage|p1a: Toxapex|3\/100\n|-resisted|p1a: Toxapex\n|-damage|p1a: Toxapex|0 fnt\n|faint|p1a: Toxapex\n|-hitcount|p1: Toxapex|3\n|\n|win|kuyfoutfoui\n|raw|Boersma's rating: 1098 &rarr; <strong>1070<\/strong><br \/>(-28 for losing)\n|raw|kuyfoutfoui's rating: 1050 &rarr; <strong>1087<\/strong><br \/>(+37 for winning)\n|l|\u2606Boersma\n","uploadtime":1698441509,"views":6,"p1id":"boersma","p2id":"kuyfoutfoui","formatid":"gen9nationaldexdoubles","rating":1070,"private":0,"password":""}