{"id":"gen9nationaldexdoubles-1996711298","p1":"gfsn\u7535\u68cd\u5973\u513f\u7c73\u8bfa","p2":"Old McBruh","format":"[Gen 9] National Dex Doubles","log":"|j|\u2606gfsn\u7535\u68cd\u5973\u513f\u7c73\u8bfa\n|j|\u2606Old McBruh\n|t:|1700712981\n|gametype|doubles\n|player|p1|gfsn\u7535\u68cd\u5973\u513f\u7c73\u8bfa|rosa|1331\n|player|p2|Old McBruh|colress|1562\n|teamsize|p1|6\n|teamsize|p2|6\n|gen|9\n|tier|[Gen 9] National Dex Doubles\n|rated|\n|rule|HP Percentage Mod: HP is shown in percentages\n|rule|Endless Battle Clause: Forcing endless battles is banned\n|rule|OHKO Clause: OHKO moves are banned\n|rule|Evasion Moves Clause: Evasion moves are banned\n|rule|Evasion Abilities Clause: Evasion abilities are banned\n|rule|Species Clause: Limit one of each Pok\u00e9mon\n|rule|Gravity Sleep Clause: The combination of sleep-inducing moves with imperfect accuracy and Gravity or Gigantamax Orbeetle are banned\n|clearpoke\n|poke|p1|Trevenant, F|\n|poke|p1|Ursaluna, F|\n|poke|p1|Marowak-Alola, F|\n|poke|p1|Alakazam, F|\n|poke|p1|Indeedee-F, F|\n|poke|p1|Amoonguss, F|\n|poke|p2|Flutter Mane|\n|poke|p2|Whimsicott, M|\n|poke|p2|Chi-Yu|\n|poke|p2|Charizard, F|\n|poke|p2|Iron Hands|\n|poke|p2|Marshadow|\n|teampreview\n|inactive|Battle timer is ON: inactive players will automatically lose when time's up. (requested by gfsn\u7535\u68cd\u5973\u513f\u7c73\u8bfa)\n|\n|t:|1700712995\n|start\n|switch|p1a: Indeedee|Indeedee-F, F|100\/100\n|switch|p1b: Alakazam|Alakazam, F|100\/100\n|switch|p2a: Flutter Mane|Flutter Mane|100\/100\n|switch|p2b: Whimsicott|Whimsicott, M|100\/100\n|-fieldstart|move: Psychic Terrain|[from] ability: Psychic Surge|[of] p1a: Indeedee\n|-enditem|p1a: Indeedee|Psychic Seed\n|-boost|p1a: Indeedee|spd|1|[from] item: Psychic Seed\n|turn|1\n|\n|t:|1700713014\n|detailschange|p1b: Alakazam|Alakazam-Mega, F\n|-mega|p1b: Alakazam|Alakazam|Alakazite\n|-ability|p1b: Alakazam|Prankster|[from] ability: Trace|[of] p2b: Whimsicott\n|move|p2a: Flutter Mane|Protect|p2a: Flutter Mane\n|-singleturn|p2a: Flutter Mane|Protect\n|move|p1a: Indeedee|Follow Me|p1a: Indeedee\n|-singleturn|p1a: Indeedee|move: Follow Me\n|move|p2b: Whimsicott|Tailwind|p2b: Whimsicott\n|-sidestart|p2: Old McBruh|move: Tailwind\n|move|p1b: Alakazam|Expanding Force|p2a: Flutter Mane|[spread] p2b\n|-activate|p2a: Flutter Mane|move: Protect\n|-enditem|p2b: Whimsicott|Focus Sash\n|-damage|p2b: Whimsicott|1\/100\n|\n|upkeep\n|turn|2\n|j| S1r.sweepsaLot\n|\n|t:|1700713041\n|-end|p2a: Flutter Mane|Protosynthesis|[silent]\n|switch|p2a: Chi-Yu|Chi-Yu|100\/100\n|-ability|p2a: Chi-Yu|Beads of Ruin\n|move|p1b: Alakazam|Protect|p1b: Alakazam\n|-singleturn|p1b: Alakazam|Protect\n|move|p2b: Whimsicott|Moonblast|p1b: Alakazam\n|-activate|p1b: Alakazam|move: Protect\n|move|p1a: Indeedee|Trick Room|p1a: Indeedee\n|-fieldstart|move: Trick Room|[of] p1a: Indeedee\n|\n|upkeep\n|turn|3\n|l| S1r.sweepsaLot\n|\n|t:|1700713068\n|move|p2a: Chi-Yu|Protect|p2a: Chi-Yu\n|-singleturn|p2a: Chi-Yu|Protect\n|move|p1a: Indeedee|Follow Me|p1a: Indeedee\n|-singleturn|p1a: Indeedee|move: Follow Me\n|move|p1b: Alakazam|Nasty Plot|p1b: Alakazam\n|-boost|p1b: Alakazam|spa|2\n|move|p2b: Whimsicott|Moonblast|p1a: Indeedee\n|-damage|p1a: Indeedee|78\/100\n|\n|upkeep\n|turn|4\n|j| km118\n|\n|t:|1700713088\n|move|p1a: Indeedee|Follow Me|p1a: Indeedee\n|-singleturn|p1a: Indeedee|move: Follow Me\n|move|p1b: Alakazam|Dazzling Gleam|p2a: Chi-Yu|[spread] p2a,p2b\n|-damage|p2a: Chi-Yu|28\/100\n|-damage|p2b: Whimsicott|0 fnt\n|faint|p2b: Whimsicott\n|move|p2a: Chi-Yu|Heat Wave|p1b: Alakazam|[spread] p1a,p1b\n|-damage|p1a: Indeedee|47\/100\n|-damage|p1b: Alakazam|40\/100\n|\n|-sideend|p2: Old McBruh|move: Tailwind\n|upkeep\n|\n|t:|1700713101\n|switch|p2b: Charizard|Charizard, F|100\/100\n|turn|5\n|\n|t:|1700713122\n|move|p2a: Chi-Yu|Protect|p2a: Chi-Yu\n|-singleturn|p2a: Chi-Yu|Protect\n|move|p2b: Charizard|Protect|p2b: Charizard\n|-singleturn|p2b: Charizard|Protect\n|move|p1a: Indeedee|Follow Me|p1a: Indeedee\n|-singleturn|p1a: Indeedee|move: Follow Me\n|move|p1b: Alakazam|Dazzling Gleam|p2a: Chi-Yu|[spread] \n|-activate|p2a: Chi-Yu|move: Protect\n|-activate|p2b: Charizard|move: Protect\n|\n|-fieldend|move: Psychic Terrain\n|upkeep\n|turn|6\n|l| km118\n|\n|t:|1700713140\n|switch|p2a: Iron Hands|Iron Hands|100\/100\n|detailschange|p2b: Charizard|Charizard-Mega-Y, F\n|-mega|p2b: Charizard|Charizard|Charizardite Y\n|-weather|SunnyDay|[from] ability: Drought|[of] p2b: Charizard\n|move|p1a: Indeedee|Follow Me|p1a: Indeedee\n|-singleturn|p1a: Indeedee|move: Follow Me\n|move|p2b: Charizard|Heat Wave|p1a: Indeedee|[spread] p1a,p1b\n|-damage|p1a: Indeedee|11\/100\n|-damage|p1b: Alakazam|0 fnt\n|faint|p1b: Alakazam\n|\n|-weather|SunnyDay|[upkeep]\n|-fieldend|move: Trick Room\n|upkeep\n|\n|t:|1700713159\n|switch|p1b: Trevenant|Trevenant, F, shiny|100\/100\n|-item|p2a: Iron Hands|Assault Vest|[from] ability: Frisk|[of] p1b: Trevenant|[identify]\n|-item|p2b: Charizard|Charizardite Y|[from] ability: Frisk|[of] p1b: Trevenant|[identify]\n|turn|7\n|\n|t:|1700713171\n|-terastallize|p1b: Trevenant|Fire\n|move|p1a: Indeedee|Follow Me|p1a: Indeedee\n|-singleturn|p1a: Indeedee|move: Follow Me\n|move|p2b: Charizard|Heat Wave|p1a: Indeedee|[spread] p1b\n|-miss|p2b: Charizard|p1a: Indeedee\n|-resisted|p1b: Trevenant\n|-damage|p1b: Trevenant|79\/100\n|move|p2a: Iron Hands|Ice Punch|p1a: Indeedee\n|-damage|p1a: Indeedee|0 fnt\n|faint|p1a: Indeedee\n|move|p1b: Trevenant|Trick Room|p1b: Trevenant\n|-fieldstart|move: Trick Room|[of] p1b: Trevenant\n|\n|-weather|SunnyDay|[upkeep]\n|upkeep\n|\n|t:|1700713190\n|switch|p1a: Marowak|Marowak-Alola, F, shiny|100\/100\n|turn|8\n|\n|t:|1700713202\n|move|p1b: Trevenant|Will-O-Wisp|p2a: Iron Hands\n|-status|p2a: Iron Hands|brn\n|move|p1a: Marowak|Flare Blitz|p2b: Charizard\n|-resisted|p2b: Charizard\n|-damage|p2b: Charizard|0 fnt\n|faint|p2b: Charizard\n|move|p2a: Iron Hands|Wild Charge|p1b: Trevenant\n|-damage|p1b: Trevenant|45\/100\n|-damage|p2a: Iron Hands|94\/100 brn|[from] Recoil\n|\n|-weather|SunnyDay|[upkeep]\n|-damage|p2a: Iron Hands|88\/100 brn|[from] brn\n|upkeep\n|\n|t:|1700713213\n|switch|p2b: Flutter Mane|Flutter Mane|100\/100\n|-activate|p2b: Flutter Mane|ability: Protosynthesis\n|-start|p2b: Flutter Mane|protosynthesisspa\n|turn|9\n|\n|t:|1700713230\n|move|p2b: Flutter Mane|Protect|p2b: Flutter Mane\n|-singleturn|p2b: Flutter Mane|Protect\n|move|p1b: Trevenant|Poltergeist|p2b: Flutter Mane\n|-activate|p2b: Flutter Mane|move: Protect\n|move|p1a: Marowak|Flare Blitz|p2a: Iron Hands\n|-damage|p2a: Iron Hands|0 fnt\n|faint|p2a: Iron Hands\n|-end|p2a: Iron Hands|Quark Drive|[silent]\n|\n|-weather|SunnyDay|[upkeep]\n|upkeep\n|\n|t:|1700713241\n|switch|p2a: Marshadow|Marshadow|100\/100\n|turn|10\n|\n|t:|1700713253\n|-end|p2b: Flutter Mane|Protosynthesis|[silent]\n|switch|p2b: Chi-Yu|Chi-Yu|28\/100\n|-ability|p2b: Chi-Yu|Beads of Ruin\n|move|p1b: Trevenant|Poltergeist|p2b: Chi-Yu\n|-activate|p2b: Chi-Yu|move: Poltergeist|Focus Sash\n|-resisted|p2b: Chi-Yu\n|-crit|p2b: Chi-Yu\n|-damage|p2b: Chi-Yu|0 fnt\n|faint|p2b: Chi-Yu\n|move|p1a: Marowak|Flare Blitz|p2a: Marshadow\n|-damage|p2a: Marshadow|0 fnt\n|faint|p2a: Marshadow\n|\n|-weather|none\n|upkeep\n|-message|Old McBruh forfeited.\n|\n|win|gfsn\u7535\u68cd\u5973\u513f\u7c73\u8bfa\n|raw|gfsn\u7535\u68cd\u5973\u513f\u7c73\u8bfa's rating: 1331 &rarr; <strong>1363<\/strong><br \/>(+32 for winning)\n|raw|Old McBruh's rating: 1562 &rarr; <strong>1530<\/strong><br \/>(-32 for losing)\n|l|\u2606Old McBruh\n","uploadtime":1700713292,"views":14,"p1id":"gfsn","p2id":"oldmcbruh","formatid":"gen9nationaldexdoubles","rating":1363,"private":0,"password":""}