{"id":"gen9nationaldexdoubles-1980492103","p1":"TheBosses27","p2":"Omgoddard","format":"[Gen 9] National Dex Doubles","log":"|j|\u2606TheBosses27\n|j|\u2606Omgoddard\n|t:|1698790110\n|gametype|doubles\n|player|p1|TheBosses27|bruno|1039\n|player|p2|Omgoddard|hilda-wonderlauncher|1119\n|teamsize|p1|6\n|teamsize|p2|6\n|gen|9\n|tier|[Gen 9] National Dex Doubles\n|rated|\n|rule|HP Percentage Mod: HP is shown in percentages\n|rule|Endless Battle Clause: Forcing endless battles is banned\n|rule|OHKO Clause: OHKO moves are banned\n|rule|Evasion Moves Clause: Evasion moves are banned\n|rule|Evasion Abilities Clause: Evasion abilities are banned\n|rule|Species Clause: Limit one of each Pok\u00e9mon\n|rule|Gravity Sleep Clause: The combination of sleep-inducing moves with imperfect accuracy and Gravity or Gigantamax Orbeetle are banned\n|clearpoke\n|poke|p1|Indeedee-F, F|\n|poke|p1|Armarouge, M|\n|poke|p1|Kingambit, M|\n|poke|p1|Iron Hands|\n|poke|p1|Torkoal, F|\n|poke|p1|Salamence, M|\n|poke|p2|Tyranitar, M|\n|poke|p2|Arcanine-Hisui, F|\n|poke|p2|Sinistcha-Masterpiece|\n|poke|p2|Iron Hands|\n|poke|p2|Sylveon, F|\n|poke|p2|Arboliva, F|\n|teampreview\n|inactive|Battle timer is ON: inactive players will automatically lose when time's up. (requested by TheBosses27)\n|\n|t:|1698790123\n|start\n|switch|p1a: Indeedee|Indeedee-F, F|100\/100\n|switch|p1b: Iron Hands|Iron Hands|100\/100\n|switch|p2a: Arcanine|Arcanine-Hisui, F, shiny|100\/100\n|switch|p2b: Candy|Sylveon, F, shiny|100\/100\n|-ability|p2a: Arcanine|Intimidate|boost\n|-unboost|p1a: Indeedee|atk|1\n|-unboost|p1b: Iron Hands|atk|1\n|-fieldstart|move: Psychic Terrain|[from] ability: Psychic Surge|[of] p1a: Indeedee\n|turn|1\n|\n|t:|1698790136\n|move|p2a: Arcanine|Stealth Rock|p1a: Indeedee\n|-sidestart|p1: TheBosses27|move: Stealth Rock\n|move|p2b: Candy|Hyper Voice|p1b: Iron Hands|[spread] p1a,p1b\n|-supereffective|p1b: Iron Hands\n|-damage|p1a: Indeedee|63\/100\n|-damage|p1b: Iron Hands|45\/100\n|move|p1b: Iron Hands|Volt Switch|p2a: Arcanine\n|-damage|p2a: Arcanine|88\/100\n|\n|t:|1698790143\n|-end|p1b: Iron Hands|Quark Drive|[silent]\n|switch|p1b: Armarouge|Armarouge, M|100\/100|[from] Volt Switch\n|-damage|p1b: Armarouge|76\/100|[from] Stealth Rock\n|move|p1a: Indeedee|Trick Room|p1a: Indeedee\n|-fieldstart|move: Trick Room|[of] p1a: Indeedee\n|\n|-heal|p2a: Arcanine|94\/100|[from] item: Leftovers\n|upkeep\n|turn|2\n|\n|t:|1698790167\n|move|p1a: Indeedee|Helping Hand|p1b: Armarouge\n|-singleturn|p1b: Armarouge|Helping Hand|[of] p1a: Indeedee\n|move|p2a: Arcanine|Extreme Speed|p1b: Armarouge\n|-activate|p1b: Armarouge|move: Psychic Terrain\n|move|p2b: Candy|Shadow Ball|p1b: Armarouge\n|-supereffective|p1b: Armarouge\n|-damage|p1b: Armarouge|13\/100\n|-unboost|p1b: Armarouge|spd|1\n|move|p1b: Armarouge|Expanding Force|p2a: Arcanine|[spread] p2a,p2b\n|-damage|p2a: Arcanine|0 fnt\n|-damage|p2b: Candy|0 fnt\n|faint|p2a: Arcanine\n|faint|p2b: Candy\n|\n|upkeep\n|inactive|Omgoddard has 120 seconds left.\n|\n|t:|1698790197\n|switch|p2b: Arboliva|Arboliva, F, shiny|100\/100\n|switch|p2a: Tyranitar|Tyranitar, M|100\/100\n|-weather|Sandstorm|[from] ability: Sand Stream|[of] p2a: Tyranitar\n|turn|3\n|inactive|Omgoddard has 120 seconds left.\n|\n|t:|1698790218\n|switch|p2a: Brian hands|Iron Hands|100\/100\n|move|p1a: Indeedee|Protect|p1a: Indeedee\n|-singleturn|p1a: Indeedee|Protect\n|move|p2b: Arboliva|Strength Sap|p1b: Armarouge\n|-unboost|p1b: Armarouge|atk|1\n|move|p1b: Armarouge|Expanding Force|p2a: Brian hands|[spread] p2a,p2b\n|-supereffective|p2a: Brian hands\n|-damage|p2a: Brian hands|0 fnt\n|-damage|p2b: Arboliva|26\/100\n|-fieldstart|move: Grassy Terrain|[from] ability: Seed Sower|[of] p2b: Arboliva\n|faint|p2a: Brian hands\n|-end|p2a: Brian hands|Quark Drive|[silent]\n|\n|-weather|Sandstorm|[upkeep]\n|-damage|p2b: Arboliva|20\/100|[from] Sandstorm\n|-damage|p1b: Armarouge|7\/100|[from] Sandstorm\n|-damage|p1a: Indeedee|57\/100|[from] Sandstorm\n|-heal|p2b: Arboliva|26\/100|[from] Grassy Terrain\n|-heal|p1b: Armarouge|13\/100|[from] Grassy Terrain\n|-heal|p1a: Indeedee|63\/100|[from] Grassy Terrain\n|upkeep\n|\n|t:|1698790240\n|switch|p2a: Tyranitar|Tyranitar, M|100\/100\n|turn|4\n|inactive|Omgoddard has 120 seconds left.\n|\n|t:|1698790251\n|detailschange|p2a: Tyranitar|Tyranitar-Mega, M\n|-mega|p2a: Tyranitar|Tyranitar|Tyranitarite\n|move|p2b: Arboliva|Hyper Voice|p1b: Armarouge|[spread] p1a,p1b\n|-damage|p1a: Indeedee|41\/100\n|-damage|p1b: Armarouge|0 fnt\n|faint|p1b: Armarouge\n|move|p2a: Tyranitar|Dragon Dance|p2a: Tyranitar\n|-boost|p2a: Tyranitar|atk|1\n|-boost|p2a: Tyranitar|spe|1\n|move|p1a: Indeedee|Expanding Force|p2b: Arboliva\n|-damage|p2b: Arboliva|6\/100\n|\n|-weather|Sandstorm|[upkeep]\n|-damage|p2b: Arboliva|0 fnt|[from] Sandstorm\n|-damage|p1a: Indeedee|35\/100|[from] Sandstorm\n|faint|p2b: Arboliva\n|-heal|p1a: Indeedee|41\/100|[from] Grassy Terrain\n|upkeep\n|\n|t:|1698790266\n|switch|p2b: Sinistcha|Sinistcha-Masterpiece|100\/100\n|switch|p1b: Torkoal|Torkoal, F|100\/100\n|-damage|p1b: Torkoal|75\/100|[from] Stealth Rock\n|-weather|SunnyDay|[from] ability: Drought|[of] p1b: Torkoal\n|turn|5\n|\n|t:|1698790289\n|move|p1a: Indeedee|Helping Hand|p1b: Torkoal\n|-singleturn|p1b: Torkoal|Helping Hand|[of] p1a: Indeedee\n|move|p1b: Torkoal|Solar Beam||[still]\n|-prepare|p1b: Torkoal|Solar Beam\n|-anim|p1b: Torkoal|Solar Beam|p2a: Tyranitar\n|-supereffective|p2a: Tyranitar\n|-damage|p2a: Tyranitar|0 fnt\n|faint|p2a: Tyranitar\n|move|p2b: Sinistcha|Stun Spore|p1b: Torkoal\n|-status|p1b: Torkoal|par\n|\n|-weather|SunnyDay|[upkeep]\n|-heal|p1b: Torkoal|82\/100 par|[from] Grassy Terrain\n|-heal|p1a: Indeedee|47\/100|[from] Grassy Terrain\n|-fieldend|move: Trick Room\n|upkeep\n|turn|6\n|\n|t:|1698790306\n|switch|p1b: Iron Hands|Iron Hands|45\/100\n|-damage|p1b: Iron Hands|39\/100|[from] Stealth Rock\n|move|p2b: Sinistcha|Matcha Gotcha|p1a: Indeedee|[spread] p1a\n|-miss|p2b: Sinistcha|p1b: Iron Hands\n|-damage|p1a: Indeedee|19\/100\n|-status|p1a: Indeedee|brn\n|move|p1a: Indeedee|Trick Room|p1a: Indeedee\n|-fieldstart|move: Trick Room|[of] p1a: Indeedee\n|\n|-weather|SunnyDay|[upkeep]\n|-heal|p1b: Iron Hands|45\/100|[from] Grassy Terrain\n|-heal|p1a: Indeedee|25\/100 brn|[from] Grassy Terrain\n|-damage|p1a: Indeedee|19\/100 brn|[from] brn\n|upkeep\n|turn|7\n|\n|t:|1698790324\n|-terastallize|p2b: Sinistcha|Grass\n|move|p1a: Indeedee|Protect|p1a: Indeedee\n|-singleturn|p1a: Indeedee|Protect\n|move|p1b: Iron Hands|Volt Switch|p2b: Sinistcha\n|-resisted|p2b: Sinistcha\n|-damage|p2b: Sinistcha|94\/100\n|\n|t:|1698790330\n|-end|p1b: Iron Hands|Quark Drive|[silent]\n|switch|p1b: Kingambit|Kingambit, M|100\/100|[from] Volt Switch\n|-damage|p1b: Kingambit|94\/100|[from] Stealth Rock\n|move|p2b: Sinistcha|Matcha Gotcha|p1b: Kingambit|[spread] p1b\n|-activate|p1a: Indeedee|move: Protect\n|-resisted|p1b: Kingambit\n|-damage|p1b: Kingambit|71\/100\n|-heal|p2b: Sinistcha|100\/100|[from] drain|[of] p1b: Kingambit\n|\n|-weather|SunnyDay|[upkeep]\n|-heal|p1b: Kingambit|77\/100|[from] Grassy Terrain\n|-heal|p1a: Indeedee|25\/100 brn|[from] Grassy Terrain\n|-damage|p1a: Indeedee|19\/100 brn|[from] brn\n|-fieldend|move: Grassy Terrain\n|upkeep\n|turn|8\n|\n|t:|1698790345\n|move|p1a: Indeedee|Helping Hand|p1b: Kingambit\n|-singleturn|p1b: Kingambit|Helping Hand|[of] p1a: Indeedee\n|move|p1b: Kingambit|Kowtow Cleave|p2b: Sinistcha\n|-damage|p2b: Sinistcha|20\/100\n|-enditem|p2b: Sinistcha|Sitrus Berry|[eat]\n|-heal|p2b: Sinistcha|45\/100|[from] item: Sitrus Berry\n|move|p2b: Sinistcha|Matcha Gotcha|p1a: Indeedee|[spread] p1a,p1b\n|-resisted|p1b: Kingambit\n|-damage|p1a: Indeedee|0 fnt\n|-heal|p2b: Sinistcha|55\/100|[from] drain|[of] p1a: Indeedee\n|-damage|p1b: Kingambit|57\/100\n|-heal|p2b: Sinistcha|68\/100|[from] drain|[of] p1b: Kingambit\n|faint|p1a: Indeedee\n|\n|-weather|SunnyDay|[upkeep]\n|upkeep\n|\n|t:|1698790351\n|switch|p1a: Torkoal|Torkoal, F|82\/100 par\n|-damage|p1a: Torkoal|57\/100 par|[from] Stealth Rock\n|turn|9\n|\n|t:|1698790366\n|-terastallize|p1a: Torkoal|Fire\n|move|p1b: Kingambit|Sucker Punch||[still]\n|-fail|p1b: Kingambit\n|move|p1a: Torkoal|Eruption|p2b: Sinistcha\n|-supereffective|p2b: Sinistcha\n|-damage|p2b: Sinistcha|0 fnt\n|faint|p2b: Sinistcha\n|\n|win|TheBosses27\n|raw|TheBosses27's rating: 1039 &rarr; <strong>1081<\/strong><br \/>(+42 for winning)\n|raw|Omgoddard's rating: 1119 &rarr; <strong>1088<\/strong><br \/>(-31 for losing)\n|l|\u2606Omgoddard\n","uploadtime":1698790376,"views":6,"p1id":"thebosses27","p2id":"omgoddard","formatid":"gen9nationaldexdoubles","rating":1081,"private":0,"password":""}