{"id":"gen9nationaldexdoubles-1984698477","p1":"sabertooth290","p2":"I win eezy sorry","format":"[Gen 9] National Dex Doubles","log":"|j|\u2606sabertooth290\n|j|\u2606I win eezy sorry\n|t:|1699291798\n|gametype|doubles\n|player|p1|sabertooth290|clay|1153\n|player|p2|I win eezy sorry|acetrainer-gen4dp|1000\n|teamsize|p1|6\n|teamsize|p2|6\n|gen|9\n|tier|[Gen 9] National Dex Doubles\n|rated|\n|rule|HP Percentage Mod: HP is shown in percentages\n|rule|Endless Battle Clause: Forcing endless battles is banned\n|rule|OHKO Clause: OHKO moves are banned\n|rule|Evasion Moves Clause: Evasion moves are banned\n|rule|Evasion Abilities Clause: Evasion abilities are banned\n|rule|Species Clause: Limit one of each Pok\u00e9mon\n|rule|Gravity Sleep Clause: The combination of sleep-inducing moves with imperfect accuracy and Gravity or Gigantamax Orbeetle are banned\n|clearpoke\n|poke|p1|Indeedee-F, F|\n|poke|p1|Armarouge, M|\n|poke|p1|Typhlosion, M|\n|poke|p1|Blacephalon|\n|poke|p1|Haxorus, F|\n|poke|p1|Palafin, F|\n|poke|p2|Zygarde|\n|poke|p2|Blastoise, F|\n|poke|p2|Clefable, M|\n|poke|p2|Indeedee-F, F|\n|poke|p2|Venomoth, F|\n|poke|p2|Mr. Mime, F|\n|teampreview\n|inactive|Battle timer is ON: inactive players will automatically lose when time's up. (requested by sabertooth290)\n|\n|t:|1699291806\n|start\n|switch|p1a: Blacephalon|Blacephalon|100\/100\n|switch|p1b: Typhlosion|Typhlosion, M|100\/100\n|switch|p2a: Zygarde|Zygarde|100\/100\n|switch|p2b: Blastoise|Blastoise, F|100\/100\n|-ability|p2a: Zygarde|Aura Break\n|turn|1\n|inactive|I win eezy sorry has 120 seconds left.\n|inactive|I win eezy sorry has 90 seconds left.\n|inactive|I win eezy sorry has 60 seconds left.\n|\n|t:|1699291917\n|-terastallize|p1b: Typhlosion|Grass\n|move|p2a: Zygarde|Protect|p2a: Zygarde\n|-singleturn|p2a: Zygarde|Protect\n|move|p1a: Blacephalon|Mind Blown|p2a: Zygarde|[spread] p2b\n|-activate|p2a: Zygarde|move: Protect\n|-start|p1b: Typhlosion|ability: Flash Fire\n|-resisted|p2b: Blastoise\n|-damage|p2b: Blastoise|58\/100\n|-damage|p1a: Blacephalon|50\/100|[from] mindblown\n|move|p1b: Typhlosion|Tera Blast|p2b: Blastoise|[anim] Tera Blast Grass\n|-supereffective|p2b: Blastoise\n|-damage|p2b: Blastoise|0 fnt\n|faint|p2b: Blastoise\n|-damage|p1b: Typhlosion|91\/100|[from] item: Life Orb\n|\n|upkeep\n|\n|t:|1699291931\n|switch|p2b: Mr. Mime|Mr. Mime, F|100\/100\n|turn|2\n|\n|t:|1699291939\n|move|p2b: Mr. Mime|Wide Guard|p2b: Mr. Mime\n|-singleturn|p2b: Mr. Mime|Wide Guard\n|move|p1a: Blacephalon|Mind Blown|p2b: Mr. Mime|[spread] \n|-activate|p2a: Zygarde|move: Wide Guard\n|-activate|p2b: Mr. Mime|move: Wide Guard\n|-immune|p1b: Typhlosion|[from] ability: Flash Fire\n|-damage|p1a: Blacephalon|0 fnt|[from] mindblown\n|faint|p1a: Blacephalon\n|move|p1b: Typhlosion|Eruption|p2b: Mr. Mime|[spread] \n|-activate|p2a: Zygarde|move: Wide Guard\n|-activate|p2b: Mr. Mime|move: Wide Guard\n|move|p2a: Zygarde|Dragon Dance|p2a: Zygarde\n|-boost|p2a: Zygarde|atk|1\n|-boost|p2a: Zygarde|spe|1\n|\n|upkeep\n|\n|t:|1699291950\n|switch|p1a: Haxorus|Haxorus, F|100\/100\n|turn|3\n|inactive|I win eezy sorry has 90 seconds left.\n|inactive|I win eezy sorry has 60 seconds left.\n|inactive|I win eezy sorry has 30 seconds left.\n|\n|t:|1699292024\n|-terastallize|p2a: Zygarde|Steel\n|move|p2b: Mr. Mime|Wide Guard|p2b: Mr. Mime\n|-singleturn|p2b: Mr. Mime|Wide Guard\n|move|p2a: Zygarde|Dragon Dance|p2a: Zygarde\n|-boost|p2a: Zygarde|atk|1\n|-boost|p2a: Zygarde|spe|1\n|move|p1b: Typhlosion|Hidden Power|p2a: Zygarde\n|-damage|p2a: Zygarde|79\/100\n|-damage|p1b: Typhlosion|81\/100|[from] item: Life Orb\n|move|p1a: Haxorus|Iron Head|p2b: Mr. Mime\n|-supereffective|p2b: Mr. Mime\n|-enditem|p2b: Mr. Mime|Focus Sash\n|-damage|p2b: Mr. Mime|1\/100\n|\n|upkeep\n|turn|4\n|inactive|I win eezy sorry has 30 seconds left.\n|\n|t:|1699292049\n|move|p2b: Mr. Mime|Follow Me|p2b: Mr. Mime\n|-singleturn|p2b: Mr. Mime|move: Follow Me\n|move|p2a: Zygarde|Thousand Arrows|p1a: Haxorus|[spread] p1a,p1b\n|-resisted|p1b: Typhlosion\n|-damage|p1a: Haxorus|11\/100\n|-damage|p1b: Typhlosion|29\/100\n|move|p1b: Typhlosion|Flamethrower|p2b: Mr. Mime\n|-damage|p2b: Mr. Mime|0 fnt\n|faint|p2b: Mr. Mime\n|-damage|p1b: Typhlosion|20\/100|[from] item: Life Orb\n|move|p1a: Haxorus|Iron Head|p2a: Zygarde\n|-resisted|p2a: Zygarde\n|-damage|p2a: Zygarde|64\/100\n|\n|upkeep\n|inactive|I win eezy sorry has 30 seconds left.\n|\n|t:|1699292058\n|switch|p2b: Indeedee|Indeedee-F, F|100\/100\n|-fieldstart|move: Psychic Terrain|[from] ability: Psychic Surge|[of] p2b: Indeedee\n|turn|5\n|\n|t:|1699292063\n|move|p2a: Zygarde|Thousand Arrows|p1b: Typhlosion|[spread] p1a,p1b\n|-resisted|p1b: Typhlosion\n|-damage|p1a: Haxorus|0 fnt\n|-damage|p1b: Typhlosion|0 fnt\n|faint|p1a: Haxorus\n|faint|p1b: Typhlosion\n|move|p2b: Indeedee|Heal Pulse|p2a: Zygarde\n|-heal|p2a: Zygarde|100\/100\n|\n|upkeep\n|-message|sabertooth290 forfeited.\n|\n|win|I win eezy sorry\n|raw|sabertooth290's rating: 1153 &rarr; <strong>1119<\/strong><br \/>(-34 for losing)\n|raw|I win eezy sorry's rating: 1029 &rarr; <strong>1077<\/strong><br \/>(+48 for winning)\n|l|\u2606sabertooth290\n","uploadtime":1699292187,"views":6,"p1id":"sabertooth290","p2id":"iwineezysorry","formatid":"gen9nationaldexdoubles","rating":1077,"private":0,"password":""}