{"id":"gen9nationaldexdoubles-1976513173","p1":"Targan Likoris","p2":"Le Rat qui tabasse","format":"[Gen 9] National Dex Doubles","log":"|j|\u2606Targan Likoris\n|j|\u2606Le Rat qui tabasse\n|t:|1698315510\n|gametype|doubles\n|player|p1|Targan Likoris|red|\n|player|p2|Le Rat qui tabasse|steven|\n|teamsize|p1|6\n|teamsize|p2|4\n|gen|9\n|tier|[Gen 9] National Dex Doubles\n|rule|HP Percentage Mod: HP is shown in percentages\n|rule|Endless Battle Clause: Forcing endless battles is banned\n|rule|OHKO Clause: OHKO moves are banned\n|rule|Evasion Moves Clause: Evasion moves are banned\n|rule|Evasion Abilities Clause: Evasion abilities are banned\n|rule|Species Clause: Limit one of each Pok\u00e9mon\n|rule|Gravity Sleep Clause: The combination of sleep-inducing moves with imperfect accuracy and Gravity or Gigantamax Orbeetle are banned\n|clearpoke\n|poke|p1|Absol, L35, F|\n|poke|p1|Morgrem, L35, M|\n|poke|p1|Obstagoon, L35, M|\n|poke|p1|Shiftry, L35, M|\n|poke|p1|Honchkrow, L30, F|\n|poke|p1|Zorua, L29, M|\n|poke|p2|Steelix, L40, F|\n|poke|p2|Slowking-Galar, L40, F|\n|poke|p2|Diggersby, L40, F|\n|poke|p2|Avalugg, L40, M|\n|teampreview\n|\n|t:|1698315539\n|start\n|switch|p1a: Ixon|Obstagoon, L35, M|100\/100\n|switch|p1b: Absol|Absol, L35, F|100\/100\n|switch|p2a: Slowking|Slowking-Galar, L40, F|100\/100\n|switch|p2b: Steelix|Steelix, L40, F|100\/100\n|turn|1\n|\n|t:|1698315567\n|move|p1a: Ixon|Fire Punch|p2b: Steelix\n|-supereffective|p2b: Steelix\n|-damage|p2b: Steelix|83\/100\n|move|p1b: Absol|Superpower|p2a: Slowking\n|-resisted|p2a: Slowking\n|-damage|p2a: Slowking|88\/100\n|-unboost|p1b: Absol|atk|1\n|-unboost|p1b: Absol|def|1\n|move|p2b: Steelix|Curse|p2b: Steelix\n|-unboost|p2b: Steelix|spe|1\n|-boost|p2b: Steelix|atk|1\n|-boost|p2b: Steelix|def|1\n|move|p2a: Slowking|Trick Room|p2a: Slowking\n|-fieldstart|move: Trick Room|[of] p2a: Slowking\n|\n|-status|p1a: Ixon|brn|[from] item: Flame Orb\n|upkeep\n|turn|2\n|\n|t:|1698315602\n|move|p2b: Steelix|Gyro Ball|p1a: Ixon\n|-damage|p1a: Ixon|0 fnt\n|faint|p1a: Ixon\n|move|p2a: Slowking|Chilly Reception|p2a: Slowking\n|-weather|Snow\n|\n|t:|1698315610\n|switch|p2a: Avalugg|Avalugg, L40, M|100\/100|[from] Chilly Reception\n|move|p1b: Absol|Superpower|p2b: Steelix\n|-supereffective|p2b: Steelix\n|-damage|p2b: Steelix|60\/100\n|-unboost|p1b: Absol|atk|1\n|-unboost|p1b: Absol|def|1\n|\n|-weather|Snow|[upkeep]\n|upkeep\n|\n|t:|1698315628\n|switch|p1a: Corboss|Honchkrow, L30, F|100\/100\n|turn|3\n|\n|t:|1698315645\n|move|p2b: Steelix|Gyro Ball|p1b: Absol\n|-damage|p1b: Absol|0 fnt\n|faint|p1b: Absol\n|move|p2a: Avalugg|Aurora Veil|p2a: Avalugg\n|-sidestart|p2: Le Rat qui tabasse|move: Aurora Veil\n|move|p1a: Corboss|Night Slash|p2b: Steelix\n|-damage|p2b: Steelix|54\/100\n|\n|-weather|Snow|[upkeep]\n|upkeep\n|\n|t:|1698315656\n|switch|p1b: Fourbelin|Morgrem, L35, M|100\/100\n|turn|4\n|\n|t:|1698315695\n|move|p2b: Steelix|Gyro Ball|p1b: Fourbelin\n|-supereffective|p1b: Fourbelin\n|-damage|p1b: Fourbelin|0 fnt\n|faint|p1b: Fourbelin\n|move|p2a: Avalugg|Body Press|p1a: Corboss\n|-damage|p1a: Corboss|0 fnt\n|faint|p1a: Corboss\n|\n|-weather|Snow|[upkeep]\n|upkeep\n|\n|t:|1698315707\n|switch|p1b: Tengalice|Shiftry, L29, M|100\/100\n|switch|p1a: Tengalice|Shiftry, L35, M|100\/100\n|turn|5\n|\n|t:|1698315728\n|move|p2b: Steelix|Gyro Ball|p1a: Tengalice\n|-crit|p1a: Tengalice\n|-damage|p1a: Tengalice|0 fnt\n|faint|p1a: Tengalice\n|move|p2a: Avalugg|Ice Spinner|p1b: Tengalice\n|-crit|p1b: Tengalice\n|-damage|p1b: Tengalice|0 fnt\n|replace|p1b: Zorua|Zorua, L29, M\n|-end|p1b: Zorua|Illusion\n|faint|p1b: Zorua\n|\n|win|Le Rat qui tabasse\n","uploadtime":1698315741,"views":12,"p1id":"targanlikoris","p2id":"leratquitabasse","formatid":"gen9nationaldexdoubles","rating":0,"private":0,"password":""}