{"id":"gen9nationaldexdoubles-1972528748","p1":"GuitarheroVGC","p2":"Old McBruh","format":"[Gen 9] National Dex Doubles","log":"|j|\u2606GuitarheroVGC\n|j|\u2606Old McBruh\n|t:|1697853288\n|gametype|doubles\n|player|p1|GuitarheroVGC|kimonogirl|\n|player|p2|Old McBruh|colress|\n|teamsize|p1|6\n|teamsize|p2|6\n|gen|9\n|tier|[Gen 9] National Dex Doubles\n|rated|Tournament battle\n|rule|HP Percentage Mod: HP is shown in percentages\n|rule|Endless Battle Clause: Forcing endless battles is banned\n|rule|OHKO Clause: OHKO moves are banned\n|rule|Evasion Moves Clause: Evasion moves are banned\n|rule|Evasion Abilities Clause: Evasion abilities are banned\n|rule|Species Clause: Limit one of each Pok\u00e9mon\n|rule|Gravity Sleep Clause: The combination of sleep-inducing moves with imperfect accuracy and Gravity or Gigantamax Orbeetle are banned\n|clearpoke\n|poke|p1|Marshadow|\n|poke|p1|Diancie|\n|poke|p1|Tapu Fini|\n|poke|p1|Incineroar, M|\n|poke|p1|Scizor, M|\n|poke|p1|Zapdos|\n|poke|p2|Zygarde|\n|poke|p2|Ninetales-Alola, F|\n|poke|p2|Cresselia, F|\n|poke|p2|Whimsicott, M|\n|poke|p2|Chien-Pao|\n|poke|p2|Rillaboom, F|\n|teampreview\n|inactive|Battle timer is ON: inactive players will automatically lose when time's up. (requested by GuitarheroVGC)\n|c|\u2606Old McBruh|glhf\n|inactive|GuitarheroVGC has 120 seconds left.\n|\n|t:|1697853330\n|start\n|switch|p1a: Scizor|Scizor, M|100\/100\n|switch|p1b: Diancie|Diancie|100\/100\n|switch|p2a: Girlboss|Ninetales-Alola, F|100\/100\n|switch|p2b: Annoying Fluffball|Whimsicott, M|100\/100\n|-weather|Snow|[from] ability: Snow Warning|[of] p2a: Girlboss\n|turn|1\n|\n|t:|1697853347\n|detailschange|p1a: Scizor|Scizor-Mega, M\n|-mega|p1a: Scizor|Scizor|Scizorite\n|move|p2b: Annoying Fluffball|Taunt|p1b: Diancie\n|-start|p1b: Diancie|move: Taunt\n|move|p1a: Scizor|Bullet Punch|p2a: Girlboss\n|-supereffective|p2a: Girlboss\n|-damage|p2a: Girlboss|0 fnt\n|faint|p2a: Girlboss\n|cant|p1b: Diancie|move: Taunt|Trick Room\n|\n|-weather|Snow|[upkeep]\n|upkeep\n|\n|t:|1697853355\n|switch|p2a: The Immortal|Zygarde|100\/100\n|-ability|p2a: The Immortal|Aura Break\n|turn|2\n|\n|t:|1697853364\n|switch|p1b: Incineroar|Incineroar, M|100\/100\n|-ability|p1b: Incineroar|Intimidate|boost\n|-fail|p2a: The Immortal|unboost|[from] item: Clear Amulet|[of] p2a: The Immortal\n|-unboost|p2b: Annoying Fluffball|atk|1\n|move|p2b: Annoying Fluffball|Encore|p1a: Scizor\n|-start|p1a: Scizor|Encore\n|move|p1a: Scizor|Bullet Punch|p2b: Annoying Fluffball\n|-supereffective|p2b: Annoying Fluffball\n|-damage|p2b: Annoying Fluffball|0 fnt\n|faint|p2b: Annoying Fluffball\n|move|p2a: The Immortal|Coil|p2a: The Immortal\n|-boost|p2a: The Immortal|atk|1\n|-boost|p2a: The Immortal|def|1\n|-boost|p2a: The Immortal|accuracy|1\n|\n|-weather|Snow|[upkeep]\n|upkeep\n|\n|t:|1697853376\n|switch|p2b: Wriothesley|Chien-Pao|100\/100\n|-ability|p2b: Wriothesley|Sword of Ruin\n|turn|3\n|\n|t:|1697853381\n|move|p2b: Wriothesley|Protect|p2b: Wriothesley\n|-singleturn|p2b: Wriothesley|Protect\n|move|p2a: The Immortal|Protect|p2a: The Immortal\n|-singleturn|p2a: The Immortal|Protect\n|move|p1b: Incineroar|Fake Out|p2a: The Immortal\n|-activate|p2a: The Immortal|move: Protect\n|move|p1a: Scizor|Bullet Punch|p2b: Wriothesley\n|-activate|p2b: Wriothesley|move: Protect\n|\n|-weather|Snow|[upkeep]\n|upkeep\n|turn|4\n|\n|t:|1697853388\n|switch|p2b: Partner in crime|Cresselia, F|100\/100\n|-terastallize|p1b: Incineroar|Grass\n|move|p1a: Scizor|Bullet Punch|p2b: Partner in crime\n|-damage|p2b: Partner in crime|80\/100\n|move|p2a: The Immortal|Coil|p2a: The Immortal\n|-boost|p2a: The Immortal|atk|1\n|-boost|p2a: The Immortal|def|1\n|-boost|p2a: The Immortal|accuracy|1\n|move|p1b: Incineroar|Parting Shot|p2a: The Immortal\n|-fail|p2a: The Immortal|unboost|[from] item: Clear Amulet|[of] p2a: The Immortal\n|\n|-weather|Snow|[upkeep]\n|-end|p1a: Scizor|Encore\n|upkeep\n|turn|5\n|\n|t:|1697853410\n|move|p2b: Partner in crime|Protect|p2b: Partner in crime\n|-singleturn|p2b: Partner in crime|Protect\n|move|p2a: The Immortal|Coil|p2a: The Immortal\n|-boost|p2a: The Immortal|atk|1\n|-boost|p2a: The Immortal|def|1\n|-boost|p2a: The Immortal|accuracy|1\n|move|p1a: Scizor|Swords Dance|p1a: Scizor\n|-boost|p1a: Scizor|atk|2\n|move|p1b: Incineroar|Parting Shot|p2b: Partner in crime\n|-activate|p2b: Partner in crime|move: Protect\n|\n|-weather|none\n|upkeep\n|turn|6\n|\n|t:|1697853423\n|switch|p2b: Wriothesley|Chien-Pao|100\/100\n|-ability|p2b: Wriothesley|Sword of Ruin\n|move|p2a: The Immortal|Thousand Arrows|p1b: Incineroar|[spread] p1a,p1b\n|-resisted|p1b: Incineroar\n|-damage|p1a: Scizor|32\/100\n|-damage|p1b: Incineroar|64\/100\n|move|p1a: Scizor|Swords Dance|p1a: Scizor\n|-boost|p1a: Scizor|atk|2\n|move|p1b: Incineroar|Knock Off|p2a: The Immortal\n|-damage|p2a: The Immortal|84\/100\n|-enditem|p2a: The Immortal|Clear Amulet|[from] move: Knock Off|[of] p1b: Incineroar\n|\n|upkeep\n|turn|7\n|\n|t:|1697853439\n|switch|p1b: Tapu Fini|Tapu Fini|100\/100\n|-fieldstart|move: Misty Terrain|[from] ability: Misty Surge|[of] p1b: Tapu Fini\n|move|p2b: Wriothesley|Sucker Punch|p1a: Scizor\n|-damage|p1a: Scizor|0 fnt\n|faint|p1a: Scizor\n|move|p2a: The Immortal|Thousand Arrows|p1b: Tapu Fini\n|-damage|p1b: Tapu Fini|0 fnt\n|faint|p1b: Tapu Fini\n|\n|upkeep\n|\n|t:|1697853449\n|switch|p1b: Marshadow|Marshadow|100\/100\n|switch|p1a: Incineroar|Incineroar, M, tera:Grass|64\/100\n|-ability|p1a: Incineroar|Intimidate|boost\n|-unboost|p2a: The Immortal|atk|1\n|-unboost|p2b: Wriothesley|atk|1\n|turn|8\n|\n|t:|1697853457\n|move|p2b: Wriothesley|Protect|p2b: Wriothesley\n|-singleturn|p2b: Wriothesley|Protect\n|move|p2a: The Immortal|Protect|p2a: The Immortal\n|-singleturn|p2a: The Immortal|Protect\n|move|p1a: Incineroar|Fake Out|p2b: Wriothesley\n|-activate|p2b: Wriothesley|move: Protect\n|move|p1b: Marshadow|Spectral Thief|p2a: The Immortal\n|-activate|p2a: The Immortal|move: Protect\n|\n|upkeep\n|turn|9\n|\n|t:|1697853474\n|-terastallize|p2a: The Immortal|Normal\n|move|p2b: Wriothesley|Ice Spinner|p1a: Incineroar\n|-supereffective|p1a: Incineroar\n|-damage|p1a: Incineroar|4\/100\n|-fieldend|Misty Terrain\n|-enditem|p1a: Incineroar|Sitrus Berry|[eat]\n|-heal|p1a: Incineroar|28\/100|[from] item: Sitrus Berry\n|move|p1b: Marshadow|Spectral Thief|p2a: The Immortal\n|-immune|p2a: The Immortal\n|move|p2a: The Immortal|Thousand Arrows|p1a: Incineroar|[spread] p1a,p1b\n|-resisted|p1a: Incineroar\n|-damage|p1a: Incineroar|0 fnt\n|-damage|p1b: Marshadow|20\/100\n|faint|p1a: Incineroar\n|\n|upkeep\n|-message|GuitarheroVGC forfeited.\n|\n|win|Old McBruh\n|n|\u2606GuitarheroVGC|guitarherovgc\n|n|\u2606Old McBruh|oldmcbruh\n","uploadtime":1697853484,"views":11,"p1id":"guitarherovgc","p2id":"oldmcbruh","formatid":"gen9nationaldexdoubles","rating":0,"private":0,"password":""}