{"id":"gen9nationaldexdoubles-1984048797","p1":"Chunkle","p2":"Redzone92","format":"[Gen 9] National Dex Doubles","log":"|j|\u2606Chunkle\n|j|\u2606Redzone92\n|t:|1699213398\n|gametype|doubles\n|player|p1|Chunkle|ballguy|1101\n|player|p2|Redzone92|alder|1070\n|teamsize|p1|6\n|teamsize|p2|6\n|gen|9\n|tier|[Gen 9] National Dex Doubles\n|rated|\n|rule|HP Percentage Mod: HP is shown in percentages\n|rule|Endless Battle Clause: Forcing endless battles is banned\n|rule|OHKO Clause: OHKO moves are banned\n|rule|Evasion Moves Clause: Evasion moves are banned\n|rule|Evasion Abilities Clause: Evasion abilities are banned\n|rule|Species Clause: Limit one of each Pok\u00e9mon\n|rule|Gravity Sleep Clause: The combination of sleep-inducing moves with imperfect accuracy and Gravity or Gigantamax Orbeetle are banned\n|clearpoke\n|poke|p1|Grimmsnarl, M|\n|poke|p1|Tornadus, M|\n|poke|p1|Hatterene, F|\n|poke|p1|Clefable, M|\n|poke|p1|Hariyama, F|\n|poke|p1|Dragonite, M|\n|poke|p2|Zeraora|\n|poke|p2|Noivern, M|\n|poke|p2|Togekiss, M|\n|poke|p2|Durant, M|\n|poke|p2|Scrafty, F|\n|poke|p2|Torterra, F|\n|teampreview\n|\n|t:|1699213408\n|start\n|switch|p1a: Grimble|Grimmsnarl, M|100\/100\n|switch|p1b: woosh|Tornadus, M|100\/100\n|switch|p2a: Togekiss|Togekiss, M|100\/100\n|switch|p2b: Torterra|Torterra, F|100\/100\n|turn|1\n|\n|t:|1699213435\n|move|p2a: Togekiss|Follow Me|p2a: Togekiss\n|-singleturn|p2a: Togekiss|move: Follow Me\n|move|p1b: woosh|Tailwind|p1b: woosh\n|-sidestart|p1: Chunkle|move: Tailwind\n|move|p1a: Grimble|Light Screen|p1a: Grimble\n|-sidestart|p1: Chunkle|move: Light Screen\n|move|p2b: Torterra|Shell Smash|p2b: Torterra\n|-unboost|p2b: Torterra|def|1\n|-unboost|p2b: Torterra|spd|1\n|-boost|p2b: Torterra|atk|2\n|-boost|p2b: Torterra|spa|2\n|-boost|p2b: Torterra|spe|2\n|-enditem|p2b: Torterra|White Herb\n|-clearnegativeboost|p2b: Torterra|[silent]\n|\n|upkeep\n|turn|2\n|\n|t:|1699213453\n|move|p1b: woosh|Metronome|p1b: woosh\n|move|p1b: woosh|Guard Split|p2a: Togekiss|[from]move: Metronome\n|-activate|p1b: woosh|move: Guard Split|[of] p2a: Togekiss\n|move|p1a: Grimble|Reflect|p1a: Grimble\n|-sidestart|p1: Chunkle|Reflect\n|move|p2b: Torterra|Rock Slide|p1a: Grimble|[spread] p1a,p1b\n|-supereffective|p1b: woosh\n|-damage|p1a: Grimble|74\/100\n|-damage|p1b: woosh|46\/100\n|move|p2a: Togekiss|Draining Kiss|p1a: Grimble\n|-supereffective|p1a: Grimble\n|-damage|p1a: Grimble|53\/100\n|\n|upkeep\n|turn|3\n|\n|t:|1699213471\n|move|p2a: Togekiss|Follow Me|p2a: Togekiss\n|-singleturn|p2a: Togekiss|move: Follow Me\n|move|p1b: woosh|Metronome|p1b: woosh\n|move|p1b: woosh|Shift Gear|p1b: woosh|[from]move: Metronome\n|-boost|p1b: woosh|spe|2\n|-boost|p1b: woosh|atk|1\n|move|p1a: Grimble|Metronome|p1a: Grimble\n|move|p1a: Grimble|Aurora Veil||[from]move: Metronome|[still]\n|-fail|p1a: Grimble\n|move|p2b: Torterra|Rock Slide|p1b: woosh|[spread] p1a,p1b\n|-supereffective|p1b: woosh\n|-damage|p1a: Grimble|24\/100\n|-damage|p1b: woosh|0 fnt\n|faint|p1b: woosh\n|\n|upkeep\n|\n|t:|1699213484\n|switch|p1b: Flabellum|Clefable, M|100\/100\n|turn|4\n|\n|t:|1699213491\n|move|p2a: Togekiss|Follow Me|p2a: Togekiss\n|-singleturn|p2a: Togekiss|move: Follow Me\n|move|p1a: Grimble|Parting Shot|p2a: Togekiss\n|-unboost|p2a: Togekiss|atk|1\n|-unboost|p2a: Togekiss|spa|1\n|\n|t:|1699213497\n|switch|p1a: Hariyama|Hariyama, F|100\/100|[from] Parting Shot\n|move|p2b: Torterra|Earthquake|p1a: Hariyama|[spread] p1a,p1b\n|-immune|p2a: Togekiss\n|-damage|p1a: Hariyama|52\/100\n|-damage|p1b: Flabellum|47\/100\n|move|p1b: Flabellum|Wish|p1b: Flabellum\n|\n|-heal|p1b: Flabellum|54\/100|[from] item: Leftovers\n|-sideend|p1: Chunkle|move: Tailwind\n|-status|p1a: Hariyama|brn|[from] item: Flame Orb\n|upkeep\n|turn|5\n|\n|t:|1699213515\n|move|p2b: Torterra|Earthquake|p1b: Flabellum|[spread] p1a,p1b\n|-immune|p2a: Togekiss\n|-damage|p1a: Hariyama|7\/100 brn\n|-damage|p1b: Flabellum|3\/100\n|move|p2a: Togekiss|Air Slash|p1a: Hariyama\n|-supereffective|p1a: Hariyama\n|-damage|p1a: Hariyama|0 fnt\n|faint|p1a: Hariyama\n|move|p1b: Flabellum|Metronome|p1b: Flabellum\n|move|p1b: Flabellum|Grass Knot|p2a: Togekiss|[from]move: Metronome\n|-resisted|p2a: Togekiss\n|-damage|p2a: Togekiss|96\/100\n|\n|-heal|p1b: Flabellum|53\/100|[from] move: Wish|[wisher] Flabellum\n|-heal|p2a: Togekiss|100\/100|[from] item: Leftovers\n|-heal|p1b: Flabellum|59\/100|[from] item: Leftovers\n|upkeep\n|\n|t:|1699213530\n|switch|p1a: Grimble|Grimmsnarl, M|24\/100\n|turn|6\n|\n|t:|1699213535\n|move|p2a: Togekiss|Follow Me|p2a: Togekiss\n|-singleturn|p2a: Togekiss|move: Follow Me\n|move|p1a: Grimble|Metronome|p1a: Grimble\n|move|p1a: Grimble|Misty Explosion|p2a: Togekiss|[from]move: Metronome|[spread] p1b,p2a,p2b\n|-damage|p1b: Flabellum|47\/100\n|-damage|p2a: Togekiss|84\/100\n|-damage|p2b: Torterra|71\/100\n|faint|p1a: Grimble\n|move|p2b: Torterra|Earthquake|p1b: Flabellum|[spread] p1b\n|-immune|p2a: Togekiss\n|-damage|p1b: Flabellum|0 fnt\n|faint|p1b: Flabellum\n|\n|-heal|p2a: Togekiss|90\/100|[from] item: Leftovers\n|upkeep\n|\n|t:|1699213549\n|switch|p1b: Drangen|Dragonite, M|100\/100\n|switch|p1a: Hat|Hatterene, F|100\/100\n|turn|7\n|\n|t:|1699213555\n|move|p2a: Togekiss|Follow Me|p2a: Togekiss\n|-singleturn|p2a: Togekiss|move: Follow Me\n|move|p2b: Torterra|Rock Slide|p1a: Hat|[spread] \n|-miss|p2b: Torterra|p1a: Hat\n|-miss|p2b: Torterra|p1b: Drangen\n|move|p1b: Drangen|Metronome|p1b: Drangen\n|move|p1b: Drangen|Calm Mind|p1b: Drangen|[from]move: Metronome\n|-boost|p1b: Drangen|spa|1\n|-boost|p1b: Drangen|spd|1\n|move|p1a: Hat|Metronome|p1a: Hat\n|move|p1a: Hat|Burning Jealousy|p2a: Togekiss|[from]move: Metronome|[spread] p2a,p2b\n|-supereffective|p2b: Torterra\n|-damage|p2a: Togekiss|76\/100\n|-damage|p2b: Torterra|23\/100\n|-damage|p1a: Hat|91\/100|[from] item: Life Orb\n|\n|-heal|p2a: Togekiss|82\/100|[from] item: Leftovers\n|upkeep\n|turn|8\n|\n|t:|1699213580\n|-terastallize|p1b: Drangen|Dragon\n|move|p2b: Torterra|Rock Slide|p1b: Drangen|[spread] p1a,p1b\n|-damage|p1a: Hat|72\/100\n|-damage|p1b: Drangen|90\/100\n|move|p2a: Togekiss|Yawn|p1b: Drangen\n|-start|p1b: Drangen|move: Yawn|[of] p2a: Togekiss\n|move|p1b: Drangen|Metronome|p1b: Drangen\n|move|p1b: Drangen|Echoed Voice|p2b: Torterra|[from]move: Metronome\n|-damage|p2b: Torterra|6\/100\n|move|p1a: Hat|Metronome|p1a: Hat\n|move|p1a: Hat|Brutal Swing|p2a: Togekiss|[from]move: Metronome|[spread] p1b,p2a,p2b\n|-resisted|p2a: Togekiss\n|-damage|p1b: Drangen|82\/100\n|-damage|p2a: Togekiss|76\/100\n|-damage|p2b: Torterra|0 fnt\n|faint|p2b: Torterra\n|-damage|p1a: Hat|62\/100|[from] item: Life Orb\n|\n|-heal|p2a: Togekiss|82\/100|[from] item: Leftovers\n|-sideend|p1: Chunkle|move: Light Screen\n|upkeep\n|\n|t:|1699213607\n|switch|p2b: Scrafty|Scrafty, F|100\/100\n|turn|9\n|c|\u2606Chunkle|YEEAH GET READY GET READY\n|c|\u2606Redzone92|for?\n|\n|t:|1699213630\n|move|p2b: Scrafty|Fake Out|p1b: Drangen\n|-damage|p1b: Drangen|77\/100\n|move|p2a: Togekiss|Air Slash|p1a: Hat\n|-damage|p1a: Hat|39\/100\n|cant|p1b: Drangen|flinch\n|cant|p1a: Hat|flinch\n|\n|-heal|p2a: Togekiss|88\/100|[from] item: Leftovers\n|-end|p1b: Drangen|move: Yawn|[silent]\n|-status|p1b: Drangen|slp\n|-sideend|p1: Chunkle|Reflect\n|upkeep\n|turn|10\n|c|\u2606Chunkle|IDFK WHATEVER METRONOME PICKS\n|\n|t:|1699213647\n|move|p2a: Togekiss|Draining Kiss|p1b: Drangen\n|-supereffective|p1b: Drangen\n|-damage|p1b: Drangen|61\/100 slp\n|-heal|p2a: Togekiss|100\/100|[from] drain|[of] p1b: Drangen\n|cant|p1b: Drangen|slp\n|move|p2b: Scrafty|Iron Head|p1a: Hat\n|-supereffective|p1a: Hat\n|-damage|p1a: Hat|11\/100\n|move|p1a: Hat|Metronome|p1a: Hat\n|move|p1a: Hat|Roar|p2a: Togekiss|[from]move: Metronome\n|drag|p2a: Noivern|Noivern, M|100\/100\n|\n|upkeep\n|turn|11\n|\n|t:|1699213666\n|move|p2a: Noivern|Draco Meteor|p1b: Drangen\n|-supereffective|p1b: Drangen\n|-crit|p1b: Drangen\n|-damage|p1b: Drangen|0 fnt\n|-unboost|p2a: Noivern|spa|2\n|faint|p1b: Drangen\n|move|p2b: Scrafty|Iron Head|p1a: Hat\n|-supereffective|p1a: Hat\n|-crit|p1a: Hat\n|-damage|p1a: Hat|0 fnt\n|faint|p1a: Hat\n|\n|win|Redzone92\n|raw|Chunkle's rating: 1101 &rarr; <strong>1074<\/strong><br \/>(-27 for losing)\n|raw|Redzone92's rating: 1070 &rarr; <strong>1102<\/strong><br \/>(+32 for winning)\n|c|\u2606Redzone92|gg\n|c|\u2606Chunkle|rigged\n|l|\u2606Chunkle\n|c|\u2606Redzone92|?\n","uploadtime":1699213681,"views":13,"p1id":"chunkle","p2id":"redzone92","formatid":"gen9nationaldexdoubles","rating":1074,"private":0,"password":""}