{"id":"gen9nationaldexdoubles-1969263855","p1":"Numa no Kage","p2":"Clea_Foxx96","format":"[Gen 9] National Dex Doubles","log":"|j|\u2606Numa no Kage\n|j|\u2606Clea_Foxx96\n|t:|1697507512\n|gametype|doubles\n|player|p1|Numa no Kage|acetrainer|1201\n|player|p2|Clea_Foxx96|bianca|1099\n|teamsize|p1|6\n|teamsize|p2|6\n|gen|9\n|tier|[Gen 9] National Dex Doubles\n|rated|\n|rule|HP Percentage Mod: HP is shown in percentages\n|rule|Endless Battle Clause: Forcing endless battles is banned\n|rule|OHKO Clause: OHKO moves are banned\n|rule|Evasion Moves Clause: Evasion moves are banned\n|rule|Evasion Abilities Clause: Evasion abilities are banned\n|rule|Species Clause: Limit one of each Pok\u00e9mon\n|rule|Gravity Sleep Clause: The combination of sleep-inducing moves with imperfect accuracy and Gravity or Gigantamax Orbeetle are banned\n|clearpoke\n|poke|p1|Swampert, M|\n|poke|p1|Wo-Chien|\n|poke|p1|Cradily, M|\n|poke|p1|Amoonguss, M|\n|poke|p1|Walking Wake|\n|poke|p1|Politoed, F|\n|poke|p2|Alcremie-Caramel-Swirl, F|\n|poke|p2|Kingambit, M|\n|poke|p2|Gastrodon-East, M|\n|poke|p2|Oricorio-Pom-Pom, F|\n|poke|p2|Dhelmise|\n|poke|p2|Blaziken, M|\n|teampreview\n|inactive|Battle timer is ON: inactive players will automatically lose when time's up. (requested by Numa no Kage)\n|\n|t:|1697507534\n|start\n|switch|p1a: Politoed|Politoed, F|100\/100\n|switch|p1b: Walking Wake|Walking Wake|100\/100\n|switch|p2a: Alcremie|Alcremie-Caramel-Swirl, F|100\/100\n|switch|p2b: Gastrodon|Gastrodon-East, M|100\/100\n|-weather|RainDance|[from] ability: Drizzle|[of] p1a: Politoed\n|turn|1\n|\n|t:|1697507547\n|-end|p1b: Walking Wake|Protosynthesis|[silent]\n|switch|p1b: Amoonguss|Amoonguss, M|100\/100\n|move|p1a: Politoed|Toxic|p2b: Gastrodon\n|-status|p2b: Gastrodon|tox\n|move|p2a: Alcremie|Decorate|p2b: Gastrodon\n|-boost|p2b: Gastrodon|atk|2\n|-boost|p2b: Gastrodon|spa|2\n|move|p2b: Gastrodon|Icy Wind|p1a: Politoed|[spread] p1a,p1b\n|-resisted|p1a: Politoed\n|-supereffective|p1b: Amoonguss\n|-damage|p1a: Politoed|92\/100\n|-damage|p1b: Amoonguss|69\/100\n|-unboost|p1a: Politoed|spe|1\n|-unboost|p1b: Amoonguss|spe|1\n|\n|-weather|RainDance|[upkeep]\n|-heal|p1b: Amoonguss|75\/100|[from] item: Leftovers\n|-damage|p2b: Gastrodon|94\/100 tox|[from] psn\n|upkeep\n|turn|2\n|\n|t:|1697507568\n|move|p1b: Amoonguss|Protect|p1b: Amoonguss\n|-singleturn|p1b: Amoonguss|Protect\n|move|p2a: Alcremie|Mystical Fire|p1b: Amoonguss\n|-activate|p1b: Amoonguss|move: Protect\n|move|p1a: Politoed|Toxic|p2a: Alcremie\n|-status|p2a: Alcremie|tox\n|move|p2b: Gastrodon|Icy Wind|p1a: Politoed|[spread] p1a\n|-activate|p1b: Amoonguss|move: Protect\n|-resisted|p1a: Politoed\n|-damage|p1a: Politoed|85\/100\n|-unboost|p1a: Politoed|spe|1\n|\n|-weather|RainDance|[upkeep]\n|-heal|p1b: Amoonguss|82\/100|[from] item: Leftovers\n|-damage|p2a: Alcremie|95\/100 tox|[from] psn\n|-damage|p2b: Gastrodon|82\/100 tox|[from] psn\n|upkeep\n|turn|3\n|\n|t:|1697507587\n|move|p2a: Alcremie|Mystical Fire|p1b: Amoonguss\n|-supereffective|p1b: Amoonguss\n|-damage|p1b: Amoonguss|66\/100\n|-unboost|p1b: Amoonguss|spa|1\n|move|p2b: Gastrodon|Icy Wind|p1b: Amoonguss|[spread] p1a\n|-miss|p2b: Gastrodon|p1b: Amoonguss\n|-resisted|p1a: Politoed\n|-damage|p1a: Politoed|76\/100\n|-unboost|p1a: Politoed|spe|1\n|move|p1a: Politoed|Whirlpool|p2b: Gastrodon\n|-activate|p2b: Gastrodon|ability: Storm Drain\n|-ability|p2b: Gastrodon|Storm Drain|boost\n|-boost|p2b: Gastrodon|spa|1\n|move|p1b: Amoonguss|Giga Drain|p2b: Gastrodon\n|-supereffective|p2b: Gastrodon\n|-enditem|p2b: Gastrodon|Rindo Berry|[eat]\n|-enditem|p2b: Gastrodon|Rindo Berry|[weaken]\n|-damage|p2b: Gastrodon|51\/100 tox\n|-heal|p1b: Amoonguss|82\/100|[from] drain|[of] p2b: Gastrodon\n|\n|-weather|RainDance|[upkeep]\n|-heal|p2a: Alcremie|100\/100 tox|[from] item: Leftovers\n|-heal|p1b: Amoonguss|88\/100|[from] item: Leftovers\n|-damage|p2a: Alcremie|89\/100 tox|[from] psn\n|-damage|p2b: Gastrodon|33\/100 tox|[from] psn\n|upkeep\n|turn|4\n|inactive|Numa no Kage has 120 seconds left.\n|\n|t:|1697507618\n|move|p1b: Amoonguss|Protect|p1b: Amoonguss\n|-singleturn|p1b: Amoonguss|Protect\n|move|p2a: Alcremie|Mystical Fire|p1a: Politoed\n|-resisted|p1a: Politoed\n|-damage|p1a: Politoed|73\/100\n|-unboost|p1a: Politoed|spa|1\n|move|p2b: Gastrodon|Sludge Bomb|p1a: Politoed\n|-damage|p1a: Politoed|27\/100\n|move|p1a: Politoed|Icy Wind|p2b: Gastrodon|[spread] p2a,p2b\n|-damage|p2a: Alcremie|84\/100 tox\n|-damage|p2b: Gastrodon|27\/100 tox\n|-unboost|p2a: Alcremie|spe|1\n|-unboost|p2b: Gastrodon|spe|1\n|\n|-weather|RainDance|[upkeep]\n|-heal|p2a: Alcremie|90\/100 tox|[from] item: Leftovers\n|-heal|p1b: Amoonguss|94\/100|[from] item: Leftovers\n|-damage|p2a: Alcremie|72\/100 tox|[from] psn\n|-damage|p2b: Gastrodon|3\/100 tox|[from] psn\n|upkeep\n|turn|5\n|inactive|Numa no Kage has 120 seconds left.\n|inactive|Clea_Foxx96 has 120 seconds left.\n|\n|t:|1697507658\n|switch|p1a: Walking Wake|Walking Wake|100\/100\n|move|p2a: Alcremie|Mystical Fire|p1b: Amoonguss\n|-supereffective|p1b: Amoonguss\n|-damage|p1b: Amoonguss|78\/100\n|-unboost|p1b: Amoonguss|spa|1\n|move|p2b: Gastrodon|Sludge Bomb|p1a: Walking Wake\n|-damage|p1a: Walking Wake|16\/100\n|move|p1b: Amoonguss|Giga Drain|p2a: Alcremie\n|-damage|p2a: Alcremie|63\/100 tox\n|-heal|p1b: Amoonguss|82\/100|[from] drain|[of] p2a: Alcremie\n|\n|-weather|RainDance|[upkeep]\n|-heal|p2a: Alcremie|69\/100 tox|[from] item: Leftovers\n|-heal|p1b: Amoonguss|88\/100|[from] item: Leftovers\n|-damage|p2a: Alcremie|45\/100 tox|[from] psn\n|-damage|p2b: Gastrodon|0 fnt|[from] psn\n|faint|p2b: Gastrodon\n|upkeep\n|inactive|Clea_Foxx96 has 120 seconds left.\n|\n|t:|1697507676\n|switch|p2b: Kingambit|Kingambit, M|100\/100\n|-activate|p2b: Kingambit|ability: Supreme Overlord\n|-start|p2b: Kingambit|fallen1|[silent]\n|turn|6\n|\n|t:|1697507687\n|-end|p1a: Walking Wake|Protosynthesis|[silent]\n|switch|p1a: Wo-Chien|Wo-Chien|100\/100\n|-ability|p1a: Wo-Chien|Tablets of Ruin\n|move|p2b: Kingambit|Sucker Punch||[still]\n|-fail|p2b: Kingambit\n|move|p2a: Alcremie|Decorate|p2b: Kingambit\n|-boost|p2b: Kingambit|atk|2\n|-boost|p2b: Kingambit|spa|2\n|move|p1b: Amoonguss|Spore|p2b: Kingambit\n|-status|p2b: Kingambit|slp|[from] move: Spore\n|\n|-weather|RainDance|[upkeep]\n|-heal|p2a: Alcremie|51\/100 tox|[from] item: Leftovers\n|-heal|p1b: Amoonguss|94\/100|[from] item: Leftovers\n|-damage|p2a: Alcremie|21\/100 tox|[from] psn\n|upkeep\n|turn|7\n|\n|t:|1697507717\n|cant|p2b: Kingambit|slp\n|move|p1a: Wo-Chien|Mud-Slap|p2b: Kingambit\n|-supereffective|p2b: Kingambit\n|-damage|p2b: Kingambit|89\/100 slp\n|-unboost|p2b: Kingambit|accuracy|1\n|move|p2a: Alcremie|Mystical Fire|p1a: Wo-Chien\n|-supereffective|p1a: Wo-Chien\n|-damage|p1a: Wo-Chien|89\/100\n|-unboost|p1a: Wo-Chien|spa|1\n|move|p1b: Amoonguss|Giga Drain|p2a: Alcremie\n|-damage|p2a: Alcremie|12\/100 tox\n|-heal|p1b: Amoonguss|98\/100|[from] drain|[of] p2a: Alcremie\n|\n|-weather|RainDance|[upkeep]\n|-heal|p2a: Alcremie|18\/100 tox|[from] item: Leftovers\n|-heal|p1b: Amoonguss|100\/100|[from] item: Leftovers\n|-damage|p2a: Alcremie|0 fnt|[from] psn\n|faint|p2a: Alcremie\n|upkeep\n|\n|t:|1697507736\n|switch|p2a: Oricorio|Oricorio-Pom-Pom, F, shiny|100\/100\n|turn|8\n|\n|t:|1697507747\n|-zpower|p2a: Oricorio\n|move|p2a: Oricorio|Supersonic Skystrike|p1b: Amoonguss|[zeffect]\n|-supereffective|p1b: Amoonguss\n|-damage|p1b: Amoonguss|7\/100\n|cant|p2b: Kingambit|slp\n|move|p1a: Wo-Chien|Mud-Slap|p2b: Kingambit\n|-supereffective|p2b: Kingambit\n|-damage|p2b: Kingambit|80\/100 slp\n|-unboost|p2b: Kingambit|accuracy|1\n|move|p1b: Amoonguss|Spore|p2a: Oricorio\n|-status|p2a: Oricorio|slp|[from] move: Spore\n|\n|-weather|none\n|-heal|p1b: Amoonguss|14\/100|[from] item: Leftovers\n|upkeep\n|turn|9\n|\n|t:|1697507776\n|cant|p2a: Oricorio|slp\n|cant|p2b: Kingambit|slp\n|move|p1a: Wo-Chien|Mud-Slap|p2b: Kingambit\n|-supereffective|p2b: Kingambit\n|-damage|p2b: Kingambit|71\/100 slp\n|-unboost|p2b: Kingambit|accuracy|1\n|move|p1b: Amoonguss|Pollen Puff|p2b: Kingambit\n|-damage|p2b: Kingambit|62\/100 slp\n|\n|-heal|p1b: Amoonguss|20\/100|[from] item: Leftovers\n|upkeep\n|turn|10\n|\n|t:|1697507792\n|move|p1b: Amoonguss|Protect|p1b: Amoonguss\n|-singleturn|p1b: Amoonguss|Protect\n|cant|p2a: Oricorio|slp\n|-curestatus|p2b: Kingambit|slp|[msg]\n|move|p2b: Kingambit|Swords Dance|p2b: Kingambit\n|-boost|p2b: Kingambit|atk|2\n|-activate|p2a: Oricorio|ability: Dancer\n|cant|p2a: Oricorio|slp\n|move|p1a: Wo-Chien|Mud-Slap|p2b: Kingambit\n|-supereffective|p2b: Kingambit\n|-damage|p2b: Kingambit|54\/100\n|-unboost|p2b: Kingambit|accuracy|1\n|\n|-heal|p1b: Amoonguss|26\/100|[from] item: Leftovers\n|upkeep\n|turn|11\n|\n|t:|1697507820\n|-curestatus|p2a: Oricorio|slp|[msg]\n|move|p2a: Oricorio|Air Slash|p1b: Amoonguss\n|-supereffective|p1b: Amoonguss\n|-damage|p1b: Amoonguss|0 fnt\n|faint|p1b: Amoonguss\n|move|p2b: Kingambit|Iron Head|p1a: Wo-Chien|[miss]\n|-miss|p2b: Kingambit|p1a: Wo-Chien\n|move|p1a: Wo-Chien|Mud-Slap|p2b: Kingambit\n|-supereffective|p2b: Kingambit\n|-damage|p2b: Kingambit|45\/100\n|-unboost|p2b: Kingambit|accuracy|1\n|-enditem|p2b: Kingambit|Sitrus Berry|[eat]\n|-heal|p2b: Kingambit|70\/100|[from] item: Sitrus Berry\n|\n|upkeep\n|inactive|Numa no Kage has 120 seconds left.\n|\n|t:|1697507834\n|switch|p1b: Politoed|Politoed, F|27\/100\n|-weather|RainDance|[from] ability: Drizzle|[of] p1b: Politoed\n|turn|12\n|\n|t:|1697507847\n|move|p2a: Oricorio|Quiver Dance|p2a: Oricorio\n|-boost|p2a: Oricorio|spa|1\n|-boost|p2a: Oricorio|spd|1\n|-boost|p2a: Oricorio|spe|1\n|move|p1b: Politoed|Icy Wind|p2b: Kingambit|[spread] p2a,p2b\n|-supereffective|p2a: Oricorio\n|-resisted|p2b: Kingambit\n|-damage|p2a: Oricorio|80\/100\n|-damage|p2b: Kingambit|66\/100\n|-unboost|p2a: Oricorio|spe|1\n|-unboost|p2b: Kingambit|spe|1\n|move|p1a: Wo-Chien|Snarl|p2b: Kingambit|[spread] p2a,p2b\n|-resisted|p2b: Kingambit\n|-damage|p2a: Oricorio|68\/100\n|-damage|p2b: Kingambit|60\/100\n|-unboost|p2a: Oricorio|spa|1\n|-unboost|p2b: Kingambit|spa|1\n|move|p2b: Kingambit|Swords Dance|p2b: Kingambit\n|-boost|p2b: Kingambit|atk|2\n|-activate|p2a: Oricorio|ability: Dancer\n|move|p2a: Oricorio|Swords Dance|p2a: Oricorio|[from]ability: Dancer\n|-boost|p2a: Oricorio|atk|2\n|\n|-weather|RainDance|[upkeep]\n|upkeep\n|turn|13\n|\n|t:|1697507874\n|move|p2b: Kingambit|Sucker Punch|p1b: Politoed|[miss]\n|-miss|p2b: Kingambit|p1b: Politoed\n|move|p2a: Oricorio|Air Slash|p1a: Wo-Chien\n|-supereffective|p1a: Wo-Chien\n|-damage|p1a: Wo-Chien|53\/100\n|move|p1b: Politoed|Whirlpool|p2b: Kingambit|[miss]\n|-miss|p1b: Politoed|p2b: Kingambit\n|move|p1a: Wo-Chien|Snarl|p2a: Oricorio|[spread] p2a,p2b\n|-resisted|p2b: Kingambit\n|-damage|p2a: Oricorio|55\/100\n|-damage|p2b: Kingambit|54\/100\n|-unboost|p2a: Oricorio|spa|1\n|-unboost|p2b: Kingambit|spa|1\n|\n|-weather|RainDance|[upkeep]\n|upkeep\n|turn|14\n|\n|t:|1697507894\n|move|p2b: Kingambit|Sucker Punch|p1b: Politoed|[miss]\n|-miss|p2b: Kingambit|p1b: Politoed\n|move|p2a: Oricorio|Quiver Dance|p2a: Oricorio\n|-boost|p2a: Oricorio|spa|1\n|-boost|p2a: Oricorio|spd|1\n|-boost|p2a: Oricorio|spe|1\n|move|p1b: Politoed|Whirlpool|p2b: Kingambit\n|-damage|p2b: Kingambit|37\/100\n|-activate|p2b: Kingambit|move: Whirlpool|[of] p1b: Politoed\n|move|p1a: Wo-Chien|Pollen Puff|p1b: Politoed\n|-heal|p1b: Politoed|77\/100\n|\n|-weather|RainDance|[upkeep]\n|-damage|p2b: Kingambit|25\/100|[from] move: Whirlpool|[partiallytrapped]\n|upkeep\n|turn|15\n|\n|t:|1697507914\n|move|p2b: Kingambit|Sucker Punch|p1a: Wo-Chien|[miss]\n|-miss|p2b: Kingambit|p1a: Wo-Chien\n|move|p2a: Oricorio|Revelation Dance|p1b: Politoed\n|-supereffective|p1b: Politoed\n|-damage|p1b: Politoed|23\/100\n|move|p1b: Politoed|Icy Wind|p2a: Oricorio|[spread] p2a,p2b\n|-supereffective|p2a: Oricorio\n|-resisted|p2b: Kingambit\n|-damage|p2a: Oricorio|43\/100\n|-damage|p2b: Kingambit|20\/100\n|-unboost|p2a: Oricorio|spe|1\n|-unboost|p2b: Kingambit|spe|1\n|move|p1a: Wo-Chien|Snarl|p2b: Kingambit|[spread] p2a,p2b\n|-resisted|p2b: Kingambit\n|-damage|p2a: Oricorio|33\/100\n|-damage|p2b: Kingambit|14\/100\n|-unboost|p2a: Oricorio|spa|1\n|-unboost|p2b: Kingambit|spa|1\n|\n|-weather|RainDance|[upkeep]\n|-damage|p2b: Kingambit|1\/100|[from] move: Whirlpool|[partiallytrapped]\n|upkeep\n|turn|16\n|\n|t:|1697507938\n|move|p2b: Kingambit|Sucker Punch|p1b: Politoed\n|-damage|p1b: Politoed|0 fnt\n|faint|p1b: Politoed\n|move|p2a: Oricorio|Quiver Dance|p2a: Oricorio\n|-boost|p2a: Oricorio|spa|1\n|-boost|p2a: Oricorio|spd|1\n|-boost|p2a: Oricorio|spe|1\n|move|p1a: Wo-Chien|Pollen Puff|p1: Politoed|[notarget]\n|-fail|p1a: Wo-Chien\n|\n|-weather|RainDance|[upkeep]\n|-end|p2b: Kingambit|Whirlpool|[partiallytrapped]|[silent]\n|upkeep\n|inactive|Numa no Kage has 120 seconds left.\n|\n|t:|1697507956\n|switch|p1b: Walking Wake|Walking Wake|16\/100\n|turn|17\n|\n|t:|1697507963\n|move|p2b: Kingambit|Sucker Punch|p1b: Walking Wake\n|-damage|p1b: Walking Wake|0 fnt\n|faint|p1b: Walking Wake\n|-end|p1b: Walking Wake|Protosynthesis|[silent]\n|move|p2a: Oricorio|Air Slash|p1a: Wo-Chien\n|-supereffective|p1a: Wo-Chien\n|-damage|p1a: Wo-Chien|18\/100\n|cant|p1a: Wo-Chien|flinch\n|\n|-weather|RainDance|[upkeep]\n|upkeep\n|\n|t:|1697507969\n|switch|p1b: Swampert|Swampert, M|100\/100\n|turn|18\n|\n|t:|1697507978\n|detailschange|p1b: Swampert|Swampert-Mega, M\n|-mega|p1b: Swampert|Swampert|Swampertite\n|move|p2b: Kingambit|Sucker Punch|p1b: Swampert|[miss]\n|-miss|p2b: Kingambit|p1b: Swampert\n|move|p2a: Oricorio|Air Slash|p1a: Wo-Chien\n|-supereffective|p1a: Wo-Chien\n|-damage|p1a: Wo-Chien|0 fnt\n|faint|p1a: Wo-Chien\n|move|p1b: Swampert|Liquidation|p2b: Kingambit\n|-damage|p2b: Kingambit|0 fnt\n|faint|p2b: Kingambit\n|-end|p2b: Kingambit|fallen1|[silent]\n|\n|-weather|RainDance|[upkeep]\n|upkeep\n|\n|t:|1697507990\n|switch|p2b: Dhelmise|Dhelmise, shiny|100\/100\n|switch|p1a: Cradily|Cradily, M|100\/100\n|turn|19\n|\n|t:|1697508003\n|-terastallize|p1a: Cradily|Poison\n|move|p2a: Oricorio|Hidden Power|p1a: Cradily\n|-resisted|p1a: Cradily\n|-damage|p1a: Cradily|95\/100\n|move|p1b: Swampert|Ice Punch|p2a: Oricorio\n|-supereffective|p2a: Oricorio\n|-damage|p2a: Oricorio|0 fnt\n|faint|p2a: Oricorio\n|move|p2b: Dhelmise|Power Whip|p1b: Swampert\n|-supereffective|p1b: Swampert\n|-crit|p1b: Swampert\n|-damage|p1b: Swampert|0 fnt\n|faint|p1b: Swampert\n|move|p1a: Cradily|Stockpile|p1a: Cradily\n|-start|p1a: Cradily|stockpile1\n|-boost|p1a: Cradily|def|1\n|-boost|p1a: Cradily|spd|1\n|\n|-weather|none\n|-heal|p1a: Cradily|100\/100|[from] item: Leftovers\n|upkeep\n|\n|t:|1697508022\n|switch|p2a: Blaziken|Blaziken, M|100\/100\n|turn|20\n|\n|t:|1697508033\n|detailschange|p2a: Blaziken|Blaziken-Mega, M\n|-mega|p2a: Blaziken|Blaziken|Blazikenite\n|move|p2a: Blaziken|Protect|p2a: Blaziken\n|-singleturn|p2a: Blaziken|Protect\n|move|p2b: Dhelmise|Phantom Force||[still]\n|-prepare|p2b: Dhelmise|Phantom Force\n|move|p1a: Cradily|Stockpile|p1a: Cradily\n|-start|p1a: Cradily|stockpile2\n|-boost|p1a: Cradily|def|1\n|-boost|p1a: Cradily|spd|1\n|\n|-ability|p2a: Blaziken|Speed Boost|boost\n|-boost|p2a: Blaziken|spe|1\n|upkeep\n|turn|21\n|\n|t:|1697508048\n|move|p2a: Blaziken|Thunder Punch|p1a: Cradily\n|-damage|p1a: Cradily|87\/100\n|move|p2b: Dhelmise|Phantom Force|p1a: Cradily|[from]lockedmove\n|-damage|p1a: Cradily|65\/100\n|move|p1a: Cradily|Leech Seed|p2a: Blaziken\n|-start|p2a: Blaziken|move: Leech Seed\n|\n|-heal|p1a: Cradily|71\/100|[from] item: Leftovers\n|-damage|p2a: Blaziken|88\/100|[from] Leech Seed|[of] p1a: Cradily\n|-heal|p1a: Cradily|81\/100|[silent]\n|-ability|p2a: Blaziken|Speed Boost|boost\n|-boost|p2a: Blaziken|spe|1\n|upkeep\n|turn|22\n|\n|t:|1697508064\n|-terastallize|p2b: Dhelmise|Ghost\n|move|p2a: Blaziken|Thunder Punch|p1a: Cradily\n|-damage|p1a: Cradily|65\/100\n|move|p2b: Dhelmise|Phantom Force||[still]\n|-prepare|p2b: Dhelmise|Phantom Force\n|move|p1a: Cradily|Stockpile|p1a: Cradily\n|-start|p1a: Cradily|stockpile3\n|-boost|p1a: Cradily|def|1\n|-boost|p1a: Cradily|spd|1\n|\n|-heal|p1a: Cradily|71\/100|[from] item: Leftovers\n|-damage|p2a: Blaziken|76\/100|[from] Leech Seed|[of] p1a: Cradily\n|-heal|p1a: Cradily|81\/100|[silent]\n|-ability|p2a: Blaziken|Speed Boost|boost\n|-boost|p2a: Blaziken|spe|1\n|upkeep\n|turn|23\n|\n|t:|1697508085\n|move|p2a: Blaziken|Flare Blitz|p1a: Cradily\n|-damage|p1a: Cradily|51\/100\n|-damage|p2a: Blaziken|64\/100|[from] Recoil\n|move|p2b: Dhelmise|Phantom Force|p1a: Cradily|[from]lockedmove\n|-damage|p1a: Cradily|24\/100\n|move|p1a: Cradily|Leech Seed|p2b: Dhelmise|[miss]\n|-miss|p1a: Cradily|p2b: Dhelmise\n|\n|-heal|p1a: Cradily|30\/100|[from] item: Leftovers\n|-damage|p2a: Blaziken|51\/100|[from] Leech Seed|[of] p1a: Cradily\n|-heal|p1a: Cradily|40\/100|[silent]\n|-ability|p2a: Blaziken|Speed Boost|boost\n|-boost|p2a: Blaziken|spe|1\n|upkeep\n|turn|24\n|\n|t:|1697508105\n|move|p2a: Blaziken|Flare Blitz|p1a: Cradily\n|-damage|p1a: Cradily|12\/100\n|-damage|p2a: Blaziken|40\/100|[from] Recoil\n|move|p2b: Dhelmise|Phantom Force||[still]\n|-prepare|p2b: Dhelmise|Phantom Force\n|move|p1a: Cradily|Sludge Bomb|p2a: Blaziken\n|-damage|p2a: Blaziken|5\/100\n|\n|-heal|p1a: Cradily|18\/100|[from] item: Leftovers\n|-damage|p2a: Blaziken|0 fnt|[from] Leech Seed|[of] p1a: Cradily\n|-heal|p1a: Cradily|22\/100|[silent]\n|faint|p2a: Blaziken\n|upkeep\n|turn|25\n|\n|t:|1697508128\n|move|p2b: Dhelmise|Phantom Force|p1a: Cradily|[from]lockedmove\n|-damage|p1a: Cradily|0 fnt\n|faint|p1a: Cradily\n|\n|win|Clea_Foxx96\n|raw|Numa no Kage's rating: 1201 &rarr; <strong>1169<\/strong><br \/>(-32 for losing)\n|raw|Clea_Foxx96's rating: 1099 &rarr; <strong>1131<\/strong><br \/>(+32 for winning)\n","uploadtime":1697508135,"views":14,"p1id":"numanokage","p2id":"cleafoxx96","formatid":"gen9nationaldexdoubles","rating":1131,"private":0,"password":""}