{"id":"gen9nationaldexdoubles-1984946984","p1":"kajsdhf","p2":"SORRY L0SER SHUTUP","format":"[Gen 9] National Dex Doubles","log":"|j|\u2606kajsdhf\n|j|\u2606SORRY L0SER SHUTUP\n|t:|1699313625\n|gametype|doubles\n|player|p1|kajsdhf|colress|1137\n|player|p2|SORRY L0SER SHUTUP|ninjaboy|1000\n|teamsize|p1|6\n|teamsize|p2|6\n|gen|9\n|tier|[Gen 9] National Dex Doubles\n|rated|\n|rule|HP Percentage Mod: HP is shown in percentages\n|rule|Endless Battle Clause: Forcing endless battles is banned\n|rule|OHKO Clause: OHKO moves are banned\n|rule|Evasion Moves Clause: Evasion moves are banned\n|rule|Evasion Abilities Clause: Evasion abilities are banned\n|rule|Species Clause: Limit one of each Pok\u00e9mon\n|rule|Gravity Sleep Clause: The combination of sleep-inducing moves with imperfect accuracy and Gravity or Gigantamax Orbeetle are banned\n|clearpoke\n|poke|p1|Haxorus, F|\n|poke|p1|Tyranitar, M|\n|poke|p1|Lucario, F|\n|poke|p1|Cradily, F|\n|poke|p1|Arcanine-Hisui, M|\n|poke|p1|Gyarados, M|\n|poke|p2|Indeedee-F, F|\n|poke|p2|Oranguru, F|\n|poke|p2|Glastrier|\n|poke|p2|Hoopa-Unbound|\n|poke|p2|Ursaluna, F|\n|poke|p2|Zygarde|\n|teampreview\n|\n|t:|1699313637\n|start\n|switch|p1a: Tyranitar|Tyranitar, M|100\/100\n|switch|p1b: Haxorus|Haxorus, F|100\/100\n|switch|p2a: Hoopa|Hoopa-Unbound|100\/100\n|switch|p2b: Zygarde|Zygarde|100\/100\n|-ability|p1b: Haxorus|Mold Breaker\n|-ability|p2b: Zygarde|Aura Break\n|-weather|Sandstorm|[from] ability: Sand Stream|[of] p1a: Tyranitar\n|turn|1\n|\n|t:|1699313679\n|-terastallize|p1a: Tyranitar|Ghost\n|move|p1b: Haxorus|First Impression|p2a: Hoopa\n|-supereffective|p2a: Hoopa\n|-damage|p2a: Hoopa|0 fnt\n|faint|p2a: Hoopa\n|move|p2b: Zygarde|Coil|p2b: Zygarde\n|-boost|p2b: Zygarde|atk|1\n|-boost|p2b: Zygarde|def|1\n|-boost|p2b: Zygarde|accuracy|1\n|move|p1a: Tyranitar|Ice Beam|p2b: Zygarde\n|-supereffective|p2b: Zygarde\n|-damage|p2b: Zygarde|49\/100\n|\n|-weather|Sandstorm|[upkeep]\n|-damage|p1a: Tyranitar|94\/100|[from] Sandstorm\n|upkeep\n|\n|t:|1699313704\n|switch|p2a: Indeedee|Indeedee-F, F|100\/100\n|-fieldstart|move: Psychic Terrain|[from] ability: Psychic Surge|[of] p2a: Indeedee\n|turn|2\n|\n|t:|1699313721\n|switch|p1b: Gyarados|Gyarados, M|100\/100\n|-ability|p1b: Gyarados|Intimidate|boost\n|-unboost|p2a: Indeedee|atk|1\n|-unboost|p2b: Zygarde|atk|1\n|move|p2b: Zygarde|Protect|p2b: Zygarde\n|-singleturn|p2b: Zygarde|Protect\n|move|p1a: Tyranitar|Ice Beam|p2b: Zygarde\n|-activate|p2b: Zygarde|move: Protect\n|move|p2a: Indeedee|Trick Room|p2a: Indeedee\n|-fieldstart|move: Trick Room|[of] p2a: Indeedee\n|-enditem|p2b: Zygarde|Room Service\n|-unboost|p2b: Zygarde|spe|1|[from] item: Room Service\n|\n|-weather|Sandstorm|[upkeep]\n|-damage|p1a: Tyranitar|88\/100|[from] Sandstorm\n|-damage|p2a: Indeedee|94\/100|[from] Sandstorm\n|-damage|p1b: Gyarados|94\/100|[from] Sandstorm\n|upkeep\n|turn|3\n|\n|t:|1699313826\n|move|p2a: Indeedee|Follow Me|p2a: Indeedee\n|-singleturn|p2a: Indeedee|move: Follow Me\n|move|p2b: Zygarde|Thousand Arrows|p1a: Tyranitar|[spread] p1a,p1b\n|-damage|p1a: Tyranitar|72\/100\n|-damage|p1b: Gyarados|66\/100\n|-start|p1b: Gyarados|Smack Down\n|move|p1a: Tyranitar|Ice Beam|p2a: Indeedee\n|-damage|p2a: Indeedee|78\/100\n|move|p1b: Gyarados|Iron Head|p2a: Indeedee\n|-damage|p2a: Indeedee|47\/100\n|\n|-weather|Sandstorm|[upkeep]\n|-damage|p1a: Tyranitar|66\/100|[from] Sandstorm\n|-damage|p2a: Indeedee|41\/100|[from] Sandstorm\n|-damage|p1b: Gyarados|60\/100|[from] Sandstorm\n|upkeep\n|turn|4\n|\n|t:|1699313876\n|move|p2a: Indeedee|Follow Me|p2a: Indeedee\n|-singleturn|p2a: Indeedee|move: Follow Me\n|move|p2b: Zygarde|Coil|p2b: Zygarde\n|-boost|p2b: Zygarde|atk|1\n|-boost|p2b: Zygarde|def|1\n|-boost|p2b: Zygarde|accuracy|1\n|move|p1a: Tyranitar|Crunch|p2a: Indeedee\n|-supereffective|p2a: Indeedee\n|-damage|p2a: Indeedee|0 fnt\n|faint|p2a: Indeedee\n|move|p1b: Gyarados|Waterfall|p2b: Zygarde\n|-damage|p2b: Zygarde|35\/100\n|\n|-weather|Sandstorm|[upkeep]\n|-damage|p1a: Tyranitar|59\/100|[from] Sandstorm\n|-damage|p1b: Gyarados|53\/100|[from] Sandstorm\n|upkeep\n|\n|t:|1699313895\n|switch|p2a: Oranguru|Oranguru, F|100\/100\n|turn|5\n|\n|t:|1699313913\n|move|p1a: Tyranitar|Protect|p1a: Tyranitar\n|-singleturn|p1a: Tyranitar|Protect\n|move|p2a: Oranguru|Instruct|p2b: Zygarde\n|-singleturn|p2b: Zygarde|move: Instruct|[of] p2a: Oranguru\n|move|p2b: Zygarde|Coil|p2b: Zygarde\n|-boost|p2b: Zygarde|atk|1\n|-boost|p2b: Zygarde|def|1\n|-boost|p2b: Zygarde|accuracy|1\n|move|p2b: Zygarde|Thousand Arrows|p1a: Tyranitar|[spread] p1b\n|-activate|p1a: Tyranitar|move: Protect\n|-damage|p1b: Gyarados|0 fnt\n|faint|p1b: Gyarados\n|\n|-weather|none\n|upkeep\n|\n|t:|1699313929\n|switch|p1b: Lucario|Lucario, F|100\/100\n|turn|6\n|\n|t:|1699313938\n|switch|p1a: Cradily|Cradily, F|100\/100\n|detailschange|p1b: Lucario|Lucario-Mega, F\n|-mega|p1b: Lucario|Lucario|Lucarionite\n|move|p1b: Lucario|Protect|p1b: Lucario\n|-singleturn|p1b: Lucario|Protect\n|move|p2a: Oranguru|Instruct|p2b: Zygarde\n|-singleturn|p2b: Zygarde|move: Instruct|[of] p2a: Oranguru\n|move|p2b: Zygarde|Thousand Arrows|p1a: Cradily|[spread] p1a\n|-activate|p1b: Lucario|move: Protect\n|-damage|p1a: Cradily|68\/100\n|move|p2b: Zygarde|Thousand Arrows|p1a: Cradily|[spread] p1a\n|-activate|p1b: Lucario|move: Protect\n|-damage|p1a: Cradily|32\/100\n|\n|-heal|p1a: Cradily|39\/100|[from] item: Leftovers\n|-fieldend|move: Trick Room\n|-fieldend|move: Psychic Terrain\n|upkeep\n|turn|7\n|\n|t:|1699313969\n|move|p2b: Zygarde|Protect|p2b: Zygarde\n|-singleturn|p2b: Zygarde|Protect\n|move|p1b: Lucario|Aura Sphere|p2b: Zygarde\n|-activate|p2b: Zygarde|move: Protect\n|move|p1a: Cradily|Leech Seed|p2a: Oranguru\n|-start|p2a: Oranguru|move: Leech Seed\n|move|p2a: Oranguru|Trick Room|p2a: Oranguru\n|-fieldstart|move: Trick Room|[of] p2a: Oranguru\n|\n|-heal|p1a: Cradily|45\/100|[from] item: Leftovers\n|-damage|p2a: Oranguru|88\/100|[from] Leech Seed|[of] p1a: Cradily\n|-heal|p1a: Cradily|57\/100|[silent]\n|upkeep\n|turn|8\n|\n|t:|1699313981\n|switch|p2a: Glastrier|Glastrier|100\/100\n|move|p1b: Lucario|Protect|p1b: Lucario\n|-singleturn|p1b: Lucario|Protect\n|move|p1a: Cradily|Leech Seed|p2b: Zygarde|[miss]\n|-miss|p1a: Cradily|p2b: Zygarde\n|move|p2b: Zygarde|Thousand Arrows|p1b: Lucario|[spread] p1a\n|-activate|p1b: Lucario|move: Protect\n|-damage|p1a: Cradily|22\/100\n|\n|-heal|p1a: Cradily|28\/100|[from] item: Leftovers\n|upkeep\n|turn|9\n|\n|t:|1699314001\n|switch|p1b: Tyranitar|Tyranitar, M, tera:Ghost|59\/100\n|-weather|Sandstorm|[from] ability: Sand Stream|[of] p1b: Tyranitar\n|move|p2a: Glastrier|Icicle Spear|p1a: Cradily\n|-supereffective|p1a: Cradily\n|-damage|p1a: Cradily|6\/100\n|-supereffective|p1a: Cradily\n|-crit|p1a: Cradily\n|-damage|p1a: Cradily|0 fnt\n|faint|p1a: Cradily\n|-ability|p2a: Glastrier|Chilling Neigh|boost\n|-boost|p2a: Glastrier|atk|1\n|-hitcount|p1: Cradily|2\n|move|p2b: Zygarde|Thousand Arrows|p1b: Tyranitar\n|-damage|p1b: Tyranitar|21\/100\n|\n|-weather|Sandstorm|[upkeep]\n|-damage|p2a: Glastrier|94\/100|[from] Sandstorm\n|-damage|p1b: Tyranitar|15\/100|[from] Sandstorm\n|upkeep\n|\n|t:|1699314012\n|switch|p1a: Haxorus|Haxorus, F|100\/100\n|-ability|p1a: Haxorus|Mold Breaker\n|turn|10\n|\n|t:|1699314019\n|move|p1b: Tyranitar|Protect|p1b: Tyranitar\n|-singleturn|p1b: Tyranitar|Protect\n|move|p1a: Haxorus|First Impression|p2b: Zygarde\n|-damage|p2b: Zygarde|25\/100\n|move|p2a: Glastrier|Icicle Spear|p1a: Haxorus\n|-supereffective|p1a: Haxorus\n|-damage|p1a: Haxorus|39\/100\n|-supereffective|p1a: Haxorus\n|-damage|p1a: Haxorus|0 fnt\n|faint|p1a: Haxorus\n|-ability|p2a: Glastrier|Chilling Neigh|boost\n|-boost|p2a: Glastrier|atk|1\n|-hitcount|p1: Haxorus|2\n|move|p2b: Zygarde|Thousand Arrows|p1b: Tyranitar\n|-activate|p1b: Tyranitar|move: Protect\n|\n|-weather|Sandstorm|[upkeep]\n|-damage|p2a: Glastrier|88\/100|[from] Sandstorm\n|-damage|p1b: Tyranitar|8\/100|[from] Sandstorm\n|upkeep\n|\n|t:|1699314029\n|switch|p1a: Lucario|Lucario-Mega, F|100\/100\n|turn|11\n|\n|t:|1699314041\n|move|p1b: Tyranitar|Protect||[still]\n|-fail|p1b: Tyranitar\n|move|p1a: Lucario|Protect|p1a: Lucario\n|-singleturn|p1a: Lucario|Protect\n|move|p2a: Glastrier|Stomping Tantrum|p1a: Lucario\n|-activate|p1a: Lucario|move: Protect\n|move|p2b: Zygarde|Thousand Arrows|p1b: Tyranitar|[spread] p1b\n|-activate|p1a: Lucario|move: Protect\n|-damage|p1b: Tyranitar|0 fnt\n|faint|p1b: Tyranitar\n|\n|-weather|Sandstorm|[upkeep]\n|-damage|p2a: Glastrier|82\/100|[from] Sandstorm\n|-fieldend|move: Trick Room\n|upkeep\n|\n|t:|1699314054\n|switch|p1b: Arcanine|Arcanine-Hisui, M|100\/100\n|-item|p1b: Arcanine|Air Balloon\n|turn|12\n|\n|t:|1699314068\n|move|p2a: Glastrier|Protect|p2a: Glastrier\n|-singleturn|p2a: Glastrier|Protect\n|move|p1a: Lucario|Aura Sphere|p2b: Zygarde\n|-damage|p2b: Zygarde|0 fnt\n|faint|p2b: Zygarde\n|move|p1b: Arcanine|Flare Blitz|p2a: Glastrier\n|-activate|p2a: Glastrier|move: Protect\n|\n|-weather|Sandstorm|[upkeep]\n|-damage|p2a: Glastrier|76\/100|[from] Sandstorm\n|upkeep\n|\n|t:|1699314089\n|switch|p2b: Oranguru|Oranguru, F|88\/100\n|turn|13\n|\n|t:|1699314119\n|-terastallize|p2b: Oranguru|Water\n|move|p1a: Lucario|Aura Sphere|p2a: Glastrier\n|-supereffective|p2a: Glastrier\n|-damage|p2a: Glastrier|0 fnt\n|faint|p2a: Glastrier\n|move|p1b: Arcanine|Head Smash|p2b: Oranguru\n|-damage|p2b: Oranguru|39\/100\n|move|p2b: Oranguru|Trick Room|p2b: Oranguru\n|-fieldstart|move: Trick Room|[of] p2b: Oranguru\n|\n|-weather|none\n|upkeep\n|\n|t:|1699314133\n|switch|p2a: Ursaluna|Ursaluna, F|100\/100\n|turn|14\n|\n|t:|1699314145\n|move|p1a: Lucario|Protect|p1a: Lucario\n|-singleturn|p1a: Lucario|Protect\n|move|p2a: Ursaluna|Close Combat|p1b: Arcanine\n|-supereffective|p1b: Arcanine\n|-damage|p1b: Arcanine|0 fnt\n|-unboost|p2a: Ursaluna|def|1\n|-unboost|p2a: Ursaluna|spd|1\n|-enditem|p1b: Arcanine|Air Balloon\n|faint|p1b: Arcanine\n|move|p2b: Oranguru|Instruct|p2a: Ursaluna\n|-singleturn|p2a: Ursaluna|move: Instruct|[of] p2b: Oranguru\n|move|p2a: Ursaluna|Close Combat|p1a: Lucario\n|-activate|p1a: Lucario|move: Protect\n|\n|-status|p2a: Ursaluna|brn|[from] item: Flame Orb\n|upkeep\n|turn|15\n|-message|kajsdhf forfeited.\n|\n|win|SORRY L0SER SHUTUP\n|raw|kajsdhf's rating: 1137 &rarr; <strong>1106<\/strong><br \/>(-31 for losing)\n|raw|SORRY L0SER SHUTUP's rating: 1054 &rarr; <strong>1093<\/strong><br \/>(+39 for winning)\n|l|\u2606kajsdhf\n","uploadtime":1699314161,"views":5,"p1id":"kajsdhf","p2id":"sorryl0sershutup","formatid":"gen9nationaldexdoubles","rating":1093,"private":0,"password":""}