{"id":"gen9nationaldexdoubles-1995556361","p1":"Star Guarden","p2":"Mibombilla","format":"[Gen 9] National Dex Doubles","log":"|j|\u2606Star Guarden\n|j|\u2606Mibombilla\n|t:|1700582578\n|gametype|doubles\n|player|p1|Star Guarden|lance|\n|player|p2|Mibombilla|benga|\n|teamsize|p1|6\n|teamsize|p2|6\n|gen|9\n|tier|[Gen 9] National Dex Doubles\n|rule|HP Percentage Mod: HP is shown in percentages\n|rule|Endless Battle Clause: Forcing endless battles is banned\n|rule|OHKO Clause: OHKO moves are banned\n|rule|Evasion Moves Clause: Evasion moves are banned\n|rule|Evasion Abilities Clause: Evasion abilities are banned\n|rule|Species Clause: Limit one of each Pok\u00e9mon\n|rule|Gravity Sleep Clause: The combination of sleep-inducing moves with imperfect accuracy and Gravity or Gigantamax Orbeetle are banned\n|clearpoke\n|poke|p1|Carracosta, M|\n|poke|p1|Archeops, M|\n|poke|p1|Shieldon, M|\n|poke|p1|Tyrantrum, M|\n|poke|p1|Cradily, F|\n|poke|p1|Araquanid, F|\n|poke|p2|Vaporeon, F|\n|poke|p2|Umbreon, F|\n|poke|p2|Espeon, M|\n|poke|p2|Leafeon, M|\n|poke|p2|Glaceon, F|\n|poke|p2|Sylveon, M|\n|teampreview\n|j| carmen_pkm\n|\n|t:|1700582594\n|start\n|switch|p1a: Morgoth|Tyrantrum, M|100\/100\n|switch|p1b: Gamera|Carracosta, M, shiny|100\/100\n|switch|p2a: En t\u00e9rminos de...|Vaporeon, F|100\/100\n|switch|p2b: Kafka|Espeon, M|100\/100\n|turn|1\n|\n|t:|1700582607\n|-terastallize|p1a: Morgoth|Dark\n|move|p2b: Kafka|Reflect|p2b: Kafka\n|-sidestart|p2: Mibombilla|Reflect\n|move|p1a: Morgoth|Dragon Dance|p1a: Morgoth\n|-boost|p1a: Morgoth|atk|1\n|-boost|p1a: Morgoth|spe|1\n|move|p2a: En t\u00e9rminos de...|Rain Dance|p2a: En t\u00e9rminos de...\n|-weather|RainDance\n|move|p1b: Gamera|Shell Smash|p1b: Gamera\n|-unboost|p1b: Gamera|def|1\n|-unboost|p1b: Gamera|spd|1\n|-boost|p1b: Gamera|atk|2\n|-boost|p1b: Gamera|spa|2\n|-boost|p1b: Gamera|spe|2\n|-enditem|p1b: Gamera|White Herb\n|-clearnegativeboost|p1b: Gamera|[silent]\n|\n|-weather|RainDance|[upkeep]\n|upkeep\n|turn|2\n|\n|t:|1700582639\n|move|p1a: Morgoth|Crunch|p2b: Kafka\n|-supereffective|p2b: Kafka\n|-damage|p2b: Kafka|0 fnt\n|faint|p2b: Kafka\n|move|p1b: Gamera|Shell Smash|p1b: Gamera\n|-unboost|p1b: Gamera|def|1\n|-unboost|p1b: Gamera|spd|1\n|-boost|p1b: Gamera|atk|2\n|-boost|p1b: Gamera|spa|2\n|-boost|p1b: Gamera|spe|2\n|move|p2a: En t\u00e9rminos de...|Aqua Ring|p2a: En t\u00e9rminos de...\n|-start|p2a: En t\u00e9rminos de...|Aqua Ring\n|\n|-weather|RainDance|[upkeep]\n|upkeep\n|\n|t:|1700582650\n|switch|p2b: My Black Bro|Umbreon, F|100\/100\n|turn|3\n|\n|t:|1700582665\n|move|p1a: Morgoth|Thunder Fang|p2a: En t\u00e9rminos de...\n|-supereffective|p2a: En t\u00e9rminos de...\n|-damage|p2a: En t\u00e9rminos de...|25\/100\n|-status|p2a: En t\u00e9rminos de...|par\n|move|p1b: Gamera|Rock Slide|p2b: My Black Bro|[spread] p2a,p2b\n|-damage|p2a: En t\u00e9rminos de...|0 fnt\n|-damage|p2b: My Black Bro|71\/100\n|faint|p2a: En t\u00e9rminos de...\n|move|p2b: My Black Bro|Calm Mind|p2b: My Black Bro\n|-boost|p2b: My Black Bro|spa|1\n|-boost|p2b: My Black Bro|spd|1\n|\n|-weather|RainDance|[upkeep]\n|upkeep\n|\n|t:|1700582678\n|switch|p2a: Veganeon|Leafeon, M|100\/100\n|turn|4\n|\n|t:|1700582687\n|move|p1a: Morgoth|Poison Fang|p2a: Veganeon\n|-supereffective|p2a: Veganeon\n|-damage|p2a: Veganeon|48\/100\n|move|p1b: Gamera|Waterfall|p2b: My Black Bro\n|-damage|p2b: My Black Bro|4\/100\n|-enditem|p2b: My Black Bro|Sitrus Berry|[eat]\n|-heal|p2b: My Black Bro|29\/100|[from] item: Sitrus Berry\n|move|p2a: Veganeon|Swords Dance|p2a: Veganeon\n|-boost|p2a: Veganeon|atk|2\n|cant|p2b: My Black Bro|flinch\n|\n|-weather|RainDance|[upkeep]\n|upkeep\n|turn|5\n|\n|t:|1700582711\n|move|p1a: Morgoth|Dragon Dance|p1a: Morgoth\n|-boost|p1a: Morgoth|atk|1\n|-boost|p1a: Morgoth|spe|1\n|move|p1b: Gamera|Rock Slide|p2a: Veganeon|[spread] p2b\n|-miss|p1b: Gamera|p2a: Veganeon\n|-damage|p2b: My Black Bro|0 fnt\n|faint|p2b: My Black Bro\n|move|p2a: Veganeon|Leaf Blade|p1a: Morgoth\n|-crit|p1a: Morgoth\n|-damage|p1a: Morgoth|0 fnt\n|faint|p1a: Morgoth\n|\n|-weather|none\n|upkeep\n|\n|t:|1700582729\n|switch|p1a: Shieldon Copper|Shieldon, M|100\/100\n|switch|p2b: Hela|Glaceon, F|100\/100\n|turn|6\n|\n|t:|1700582740\n|move|p1b: Gamera|Shell Smash|p1b: Gamera\n|-unboost|p1b: Gamera|def|1\n|-unboost|p1b: Gamera|spd|1\n|-boost|p1b: Gamera|atk|2\n|-boost|p1b: Gamera|spa|2\n|-boost|p1b: Gamera|spe|2\n|move|p2a: Veganeon|Swords Dance|p2a: Veganeon\n|-boost|p2a: Veganeon|atk|2\n|move|p2b: Hela|Freeze-Dry|p1b: Gamera\n|-supereffective|p1b: Gamera\n|-damage|p1b: Gamera|0 fnt\n|faint|p1b: Gamera\n|move|p1a: Shieldon Copper|Iron Defense|p1a: Shieldon Copper\n|-boost|p1a: Shieldon Copper|def|2\n|\n|upkeep\n|\n|t:|1700582759\n|switch|p1b: Planti Macetocico|Cradily, F|100\/100\n|turn|7\n|\n|t:|1700582771\n|move|p2a: Veganeon|Swords Dance|p2a: Veganeon\n|-boost|p2a: Veganeon|atk|2\n|move|p2b: Hela|Calm Mind|p2b: Hela\n|-boost|p2b: Hela|spa|1\n|-boost|p2b: Hela|spd|1\n|move|p1b: Planti Macetocico|Curse|p1b: Planti Macetocico\n|-unboost|p1b: Planti Macetocico|spe|1\n|-boost|p1b: Planti Macetocico|atk|1\n|-boost|p1b: Planti Macetocico|def|1\n|move|p1a: Shieldon Copper|Iron Head|p2b: Hela\n|-supereffective|p2b: Hela\n|-damage|p2b: Hela|81\/100\n|\n|upkeep\n|turn|8\n|\n|t:|1700582798\n|move|p2a: Veganeon|Quick Attack|p1b: Planti Macetocico\n|-resisted|p1b: Planti Macetocico\n|-damage|p1b: Planti Macetocico|83\/100\n|move|p2b: Hela|Freeze-Dry|p1a: Shieldon Copper\n|-resisted|p1a: Shieldon Copper\n|-damage|p1a: Shieldon Copper|68\/100\n|move|p1a: Shieldon Copper|Iron Head|p2b: Hela\n|-supereffective|p2b: Hela\n|-damage|p2b: Hela|62\/100\n|move|p1b: Planti Macetocico|Meteor Beam||[still]\n|-prepare|p1b: Planti Macetocico|Meteor Beam\n|-boost|p1b: Planti Macetocico|spa|1\n|\n|-heal|p1b: Planti Macetocico|89\/100|[from] item: Leftovers\n|-sideend|p2: Mibombilla|Reflect\n|upkeep\n|turn|9\n|\n|t:|1700582819\n|move|p2a: Veganeon|Leaf Blade|p1a: Shieldon Copper\n|-damage|p1a: Shieldon Copper|0 fnt\n|faint|p1a: Shieldon Copper\n|move|p2b: Hela|Calm Mind|p2b: Hela\n|-boost|p2b: Hela|spa|1\n|-boost|p2b: Hela|spd|1\n|move|p1b: Planti Macetocico|Meteor Beam|p2b: Hela|[from]lockedmove\n|-supereffective|p2b: Hela\n|-damage|p2b: Hela|0 fnt\n|faint|p2b: Hela\n|\n|-heal|p1b: Planti Macetocico|95\/100|[from] item: Leftovers\n|upkeep\n|\n|t:|1700582834\n|switch|p2b: La Oshi no Ko|Sylveon, M|100\/100\n|switch|p1a: Mal\u00e9volo Ara\u00f1\u00f3n|Araquanid, F, shiny|100\/100\n|turn|10\n|\n|t:|1700582850\n|move|p2a: Veganeon|Sunny Day|p2a: Veganeon\n|-weather|SunnyDay\n|move|p2b: La Oshi no Ko|Hyper Voice|p1b: Planti Macetocico|[spread] p1a,p1b\n|-damage|p1a: Mal\u00e9volo Ara\u00f1\u00f3n|65\/100\n|-damage|p1b: Planti Macetocico|62\/100\n|-enditem|p2b: La Oshi no Ko|Throat Spray\n|-boost|p2b: La Oshi no Ko|spa|1|[from] item: Throat Spray\n|move|p1a: Mal\u00e9volo Ara\u00f1\u00f3n|Infestation|p2a: Veganeon\n|-supereffective|p2a: Veganeon\n|-damage|p2a: Veganeon|34\/100\n|-activate|p2a: Veganeon|move: Infestation|[of] p1a: Mal\u00e9volo Ara\u00f1\u00f3n\n|move|p1b: Planti Macetocico|Leech Seed|p2b: La Oshi no Ko\n|-start|p2b: La Oshi no Ko|move: Leech Seed\n|\n|-weather|SunnyDay|[upkeep]\n|-heal|p1a: Mal\u00e9volo Ara\u00f1\u00f3n|71\/100|[from] item: Leftovers\n|-heal|p1b: Planti Macetocico|68\/100|[from] item: Leftovers\n|-damage|p2b: La Oshi no Ko|88\/100|[from] Leech Seed|[of] p1b: Planti Macetocico\n|-heal|p1b: Planti Macetocico|84\/100|[silent]\n|-damage|p2a: Veganeon|22\/100|[from] move: Infestation|[partiallytrapped]\n|upkeep\n|turn|11\n|\n|t:|1700582880\n|move|p2a: Veganeon|Leaf Blade|p1a: Mal\u00e9volo Ara\u00f1\u00f3n\n|-damage|p1a: Mal\u00e9volo Ara\u00f1\u00f3n|0 fnt\n|faint|p1a: Mal\u00e9volo Ara\u00f1\u00f3n\n|move|p2b: La Oshi no Ko|Draining Kiss|p1b: Planti Macetocico\n|-damage|p1b: Planti Macetocico|50\/100\n|-heal|p2b: La Oshi no Ko|100\/100|[from] drain|[of] p1b: Planti Macetocico\n|move|p1b: Planti Macetocico|Curse|p1b: Planti Macetocico\n|-unboost|p1b: Planti Macetocico|spe|1\n|-boost|p1b: Planti Macetocico|atk|1\n|-boost|p1b: Planti Macetocico|def|1\n|\n|-weather|SunnyDay|[upkeep]\n|-heal|p1b: Planti Macetocico|56\/100|[from] item: Leftovers\n|-damage|p2b: La Oshi no Ko|88\/100|[from] Leech Seed|[of] p1b: Planti Macetocico\n|-heal|p1b: Planti Macetocico|72\/100|[silent]\n|-end|p2a: Veganeon|Infestation|[partiallytrapped]|[silent]\n|upkeep\n|\n|t:|1700582896\n|switch|p1a: Archeoklaxus|Archeops, M, shiny|100\/100\n|turn|12\n|\n|t:|1700582908\n|move|p2a: Veganeon|Leaf Blade|p1a: Archeoklaxus\n|-damage|p1a: Archeoklaxus|0 fnt\n|faint|p1a: Archeoklaxus\n|move|p2b: La Oshi no Ko|Draining Kiss|p1b: Planti Macetocico\n|-damage|p1b: Planti Macetocico|41\/100\n|-heal|p2b: La Oshi no Ko|100\/100|[from] drain|[of] p1b: Planti Macetocico\n|move|p1b: Planti Macetocico|Meteor Beam||[still]\n|-prepare|p1b: Planti Macetocico|Meteor Beam\n|-boost|p1b: Planti Macetocico|spa|1\n|\n|-weather|SunnyDay|[upkeep]\n|-heal|p1b: Planti Macetocico|47\/100|[from] item: Leftovers\n|-damage|p2b: La Oshi no Ko|88\/100|[from] Leech Seed|[of] p1b: Planti Macetocico\n|-heal|p1b: Planti Macetocico|63\/100|[silent]\n|upkeep\n|turn|13\n|\n|t:|1700582926\n|move|p2a: Veganeon|Quick Attack|p1b: Planti Macetocico\n|-resisted|p1b: Planti Macetocico\n|-crit|p1b: Planti Macetocico\n|-damage|p1b: Planti Macetocico|20\/100\n|move|p2b: La Oshi no Ko|Psyshock|p1b: Planti Macetocico\n|-damage|p1b: Planti Macetocico|0 fnt\n|faint|p1b: Planti Macetocico\n|\n|win|Mibombilla\n","uploadtime":1700582935,"views":1,"p1id":"starguarden","p2id":"mibombilla","formatid":"gen9nationaldexdoubles","rating":0,"private":0,"password":""}