{"id":"gen9nationaldexdoubles-1997142556","p1":"NotTheSpy5","p2":"Inkubone","format":"[Gen 9] National Dex Doubles","log":"|j|\u2606NotTheSpy5\n|j|\u2606Inkubone\n|t:|1700768801\n|gametype|doubles\n|player|p1|NotTheSpy5|170|1151\n|player|p2|Inkubone|yellow|1245\n|teamsize|p1|6\n|teamsize|p2|6\n|gen|9\n|tier|[Gen 9] National Dex Doubles\n|rated|\n|rule|HP Percentage Mod: HP is shown in percentages\n|rule|Endless Battle Clause: Forcing endless battles is banned\n|rule|OHKO Clause: OHKO moves are banned\n|rule|Evasion Moves Clause: Evasion moves are banned\n|rule|Evasion Abilities Clause: Evasion abilities are banned\n|rule|Species Clause: Limit one of each Pok\u00e9mon\n|rule|Gravity Sleep Clause: The combination of sleep-inducing moves with imperfect accuracy and Gravity or Gigantamax Orbeetle are banned\n|clearpoke\n|poke|p1|Seismitoad, F|\n|poke|p1|Toxicroak, M|\n|poke|p1|Poliwrath, M|\n|poke|p1|Politoed, F|\n|poke|p1|Swampert, M|\n|poke|p1|Pelipper, F|\n|poke|p2|Greninja-*, M|\n|poke|p2|Politoed, M|\n|poke|p2|Seismitoad, M|\n|poke|p2|Bellibolt, F|\n|poke|p2|Venusaur, M|\n|poke|p2|Toxicroak, M|\n|teampreview\n|c|\u2606Inkubone|FROG!\n|c|\u2606NotTheSpy5|FROG!\n|c|\u2606NotTheSpy5|OMG HAI!\n|\n|t:|1700768827\n|start\n|switch|p1a: Politoed|Politoed, F, shiny|100\/100\n|switch|p1b: Poliwrath|Poliwrath, M|100\/100\n|switch|p2a: Venu|Venusaur, M|100\/100\n|switch|p2b: Seismi|Seismitoad, M|100\/100\n|-weather|RainDance|[from] ability: Drizzle|[of] p1a: Politoed\n|turn|1\n|\n|t:|1700768842\n|detailschange|p2a: Venu|Venusaur-Mega, M\n|-mega|p2a: Venu|Venusaur|Venusaurite\n|move|p2b: Seismi|Knock Off|p1a: Politoed\n|-damage|p1a: Politoed|73\/100\n|-enditem|p1a: Politoed|Damp Rock|[from] move: Knock Off|[of] p2b: Seismi\n|move|p2a: Venu|Leech Seed|p1b: Poliwrath\n|-start|p1b: Poliwrath|move: Leech Seed\n|move|p1b: Poliwrath|Belly Drum|p1b: Poliwrath\n|-damage|p1b: Poliwrath|51\/100\n|-setboost|p1b: Poliwrath|atk|6|[from] move: Belly Drum\n|move|p1a: Politoed|Surf|p2a: Venu|[spread] p2a,p2b\n|-heal|p1b: Poliwrath|75\/100|[from] ability: Water Absorb|[of] p1a: Politoed\n|-resisted|p2a: Venu\n|-damage|p2a: Venu|89\/100\n|-damage|p2b: Seismi|61\/100\n|\n|-weather|RainDance|[upkeep]\n|-damage|p1b: Poliwrath|63\/100|[from] Leech Seed|[of] p2a: Venu\n|-heal|p2a: Venu|100\/100|[silent]\n|upkeep\n|turn|2\n|\n|t:|1700768912\n|move|p2a: Venu|Protect|p2a: Venu\n|-singleturn|p2a: Venu|Protect\n|move|p2b: Seismi|Earthquake|p1b: Poliwrath|[spread] p1a,p1b\n|-activate|p2a: Venu|move: Protect\n|-damage|p1a: Politoed|43\/100\n|-damage|p1b: Poliwrath|35\/100\n|-enditem|p1b: Poliwrath|Sitrus Berry|[eat]\n|-heal|p1b: Poliwrath|60\/100|[from] item: Sitrus Berry\n|move|p1b: Poliwrath|Skull Bash||[still]\n|-prepare|p1b: Poliwrath|Skull Bash\n|-boost|p1b: Poliwrath|def|1\n|move|p1a: Politoed|Surf|p2a: Venu|[spread] p2b\n|-activate|p2a: Venu|move: Protect\n|-heal|p1b: Poliwrath|85\/100|[from] ability: Water Absorb|[of] p1a: Politoed\n|-damage|p2b: Seismi|20\/100\n|\n|-weather|RainDance|[upkeep]\n|-damage|p1b: Poliwrath|73\/100|[from] Leech Seed|[of] p2a: Venu\n|upkeep\n|turn|3\n|\n|t:|1700768943\n|move|p2b: Seismi|Earthquake|p1a: Politoed|[spread] p2a,p1a,p1b\n|-crit|p2a: Venu\n|-damage|p2a: Venu|59\/100\n|-damage|p1a: Politoed|14\/100\n|-damage|p1b: Poliwrath|53\/100\n|move|p2a: Venu|Sludge Bomb|p1b: Poliwrath\n|-damage|p1b: Poliwrath|21\/100\n|-status|p1b: Poliwrath|psn\n|move|p1b: Poliwrath|Skull Bash|p2a: Venu|[from]lockedmove\n|-damage|p2a: Venu|0 fnt\n|faint|p2a: Venu\n|move|p1a: Politoed|Surf|p2b: Seismi|[spread] p2b\n|-heal|p1b: Poliwrath|46\/100 psn|[from] ability: Water Absorb|[of] p1a: Politoed\n|-damage|p2b: Seismi|0 fnt\n|faint|p2b: Seismi\n|\n|-weather|RainDance|[upkeep]\n|-damage|p1b: Poliwrath|34\/100 psn|[from] psn\n|upkeep\n|\n|t:|1700768956\n|switch|p2b: Toxi|Toxicroak, M|100\/100\n|switch|p2a: ninja|Greninja, M|100\/100\n|turn|4\n|\n|t:|1700768971\n|move|p2b: Toxi|Fake Out|p1b: Poliwrath\n|-damage|p1b: Poliwrath|26\/100 psn\n|-damage|p2b: Toxi|91\/100|[from] item: Life Orb\n|move|p2a: ninja|Acrobatics|p1a: Politoed\n|-start|p2a: ninja|typechange|Flying|[from] ability: Protean\n|-damage|p1a: Politoed|0 fnt\n|faint|p1a: Politoed\n|cant|p1b: Poliwrath|flinch\n|\n|-weather|RainDance|[upkeep]\n|-heal|p2b: Toxi|100\/100|[from] ability: Dry Skin\n|-damage|p1b: Poliwrath|13\/100 psn|[from] Leech Seed|[of] p2a: ninja\n|-damage|p1b: Poliwrath|1\/100 psn|[from] psn\n|upkeep\n|\n|t:|1700768985\n|switch|p1a: Seismitoad|Seismitoad, F|100\/100\n|turn|5\n|\n|t:|1700769017\n|move|p2b: Toxi|Sucker Punch|p1b: Poliwrath\n|-resisted|p1b: Poliwrath\n|-damage|p1b: Poliwrath|0 fnt\n|faint|p1b: Poliwrath\n|-damage|p2b: Toxi|91\/100|[from] item: Life Orb\n|move|p1a: Seismitoad|Surf|p2b: Toxi|[spread] p2a\n|-heal|p2b: Toxi|100\/100|[from] ability: Dry Skin|[of] p1a: Seismitoad\n|-damage|p2a: ninja|13\/100\n|-enditem|p2a: ninja|Sitrus Berry|[eat]\n|-heal|p2a: ninja|38\/100|[from] item: Sitrus Berry\n|-damage|p1a: Seismitoad|91\/100|[from] item: Life Orb\n|move|p2a: ninja|Acrobatics|p1a: Seismitoad\n|-damage|p1a: Seismitoad|38\/100\n|\n|-weather|RainDance|[upkeep]\n|upkeep\n|\n|t:|1700769030\n|switch|p1b: Toxicroak|Toxicroak, M|100\/100\n|turn|6\n|\n|t:|1700769040\n|move|p2b: Toxi|Sucker Punch|p1a: Seismitoad\n|-damage|p1a: Seismitoad|6\/100\n|-damage|p2b: Toxi|91\/100|[from] item: Life Orb\n|move|p1a: Seismitoad|Surf|p2a: ninja|[spread] p2a\n|-immune|p1b: Toxicroak|[from] ability: Dry Skin\n|-heal|p2b: Toxi|100\/100|[from] ability: Dry Skin|[of] p1a: Seismitoad\n|-crit|p2a: ninja\n|-damage|p2a: ninja|0 fnt\n|faint|p2a: ninja\n|-damage|p1a: Seismitoad|0 fnt|[from] item: Life Orb\n|faint|p1a: Seismitoad\n|move|p1b: Toxicroak|Nasty Plot|p1b: Toxicroak\n|-boost|p1b: Toxicroak|spa|2\n|\n|-weather|RainDance|[upkeep]\n|upkeep\n|\n|t:|1700769070\n|switch|p2a: Poli|Politoed, M|100\/100\n|switch|p1a: Swampert|Swampert, M|100\/100\n|turn|7\n|\n|t:|1700769111\n|detailschange|p1a: Swampert|Swampert-Mega, M\n|-mega|p1a: Swampert|Swampert|Swampertite\n|-terastallize|p2b: Toxi|Flying\n|move|p1a: Swampert|Aqua Tail|p2b: Toxi\n|-immune|p2b: Toxi|[from] ability: Dry Skin\n|move|p2b: Toxi|Gunk Shot|p1a: Swampert\n|-resisted|p1a: Swampert\n|-damage|p1a: Swampert|71\/100\n|-status|p1a: Swampert|psn\n|-damage|p2b: Toxi|91\/100|[from] item: Life Orb\n|move|p1b: Toxicroak|Sludge Wave|p2a: Poli|[spread] p1a,p2a,p2b\n|-resisted|p1a: Swampert\n|-damage|p1a: Swampert|44\/100 psn\n|-damage|p2a: Poli|51\/100\n|-damage|p2b: Toxi|0 fnt\n|faint|p2b: Toxi\n|move|p2a: Poli|Earth Power|p1b: Toxicroak\n|-supereffective|p1b: Toxicroak\n|-damage|p1b: Toxicroak|22\/100\n|\n|-weather|RainDance|[upkeep]\n|-heal|p1b: Toxicroak|34\/100|[from] ability: Dry Skin\n|-heal|p1b: Toxicroak|40\/100|[from] item: Black Sludge\n|-damage|p1a: Swampert|32\/100 psn|[from] psn\n|upkeep\n|\n|t:|1700769127\n|switch|p2b: bolt|Bellibolt, F|100\/100\n|turn|8\n|\n|t:|1700769157\n|move|p1a: Swampert|Ice Punch|p2b: bolt\n|-crit|p2b: bolt\n|-damage|p2b: bolt|65\/100\n|-start|p2b: bolt|Charge|Ice Punch|[from] ability: Electromorphosis\n|move|p1b: Toxicroak|Dark Pulse|p2a: Poli\n|-damage|p2a: Poli|13\/100\n|move|p2a: Poli|Earth Power|p1b: Toxicroak\n|-supereffective|p1b: Toxicroak\n|-damage|p1b: Toxicroak|0 fnt\n|faint|p1b: Toxicroak\n|move|p2b: bolt|Slack Off|p2b: bolt\n|-heal|p2b: bolt|100\/100\n|\n|-weather|none\n|-damage|p1a: Swampert|20\/100 psn|[from] psn\n|upkeep\n|\n|t:|1700769165\n|switch|p1b: Pelipper|Pelipper, F|100\/100\n|-weather|RainDance|[from] ability: Drizzle|[of] p1b: Pelipper\n|turn|9\n|\n|t:|1700769190\n|move|p1a: Swampert|Earthquake|p2b: bolt|[spread] p2a,p2b\n|-immune|p1b: Pelipper\n|-supereffective|p2b: bolt\n|-damage|p2a: Poli|0 fnt\n|-damage|p2b: bolt|30\/100\n|-start|p2b: bolt|Charge|Earthquake|[from] ability: Electromorphosis\n|faint|p2a: Poli\n|move|p1b: Pelipper|Hurricane|p2b: bolt\n|-resisted|p2b: bolt\n|-damage|p2b: bolt|15\/100\n|-start|p2b: bolt|Charge|Hurricane|[from] ability: Electromorphosis\n|move|p2b: bolt|Thunder|p1b: Pelipper\n|-supereffective|p1b: Pelipper\n|-damage|p1b: Pelipper|0 fnt\n|faint|p1b: Pelipper\n|-end|p2b: bolt|Charge|[silent]\n|\n|-weather|RainDance|[upkeep]\n|-heal|p2b: bolt|21\/100|[from] item: Leftovers\n|-damage|p1a: Swampert|8\/100 psn|[from] psn\n|upkeep\n|turn|10\n|c|\u2606Inkubone|Gg\n|\n|t:|1700769206\n|move|p1a: Swampert|Earthquake|p2b: bolt\n|-supereffective|p2b: bolt\n|-damage|p2b: bolt|0 fnt\n|faint|p2b: bolt\n|\n|win|NotTheSpy5\n|raw|NotTheSpy5's rating: 1151 &rarr; <strong>1184<\/strong><br \/>(+33 for winning)\n|raw|Inkubone's rating: 1261 &rarr; <strong>1228<\/strong><br \/>(-33 for losing)\n|c|\u2606NotTheSpy5|Ggs also I LOVE YOU OMGGGG\n","uploadtime":1700769215,"views":6,"p1id":"notthespy5","p2id":"inkubone","formatid":"gen9nationaldexdoubles","rating":1184,"private":0,"password":""}