{"id":"gen9nationaldexdoubles-1966045079","p1":"Immagamer","p2":"Balazs1102","format":"[Gen 9] National Dex Doubles","log":"|j|\u2606Immagamer\n|j|\u2606Balazs1102\n|t:|1697140089\n|gametype|doubles\n|player|p1|Immagamer|lucas|1342\n|player|p2|Balazs1102|jogger|1264\n|teamsize|p1|6\n|teamsize|p2|6\n|gen|9\n|tier|[Gen 9] National Dex Doubles\n|rated|\n|rule|HP Percentage Mod: HP is shown in percentages\n|rule|Endless Battle Clause: Forcing endless battles is banned\n|rule|OHKO Clause: OHKO moves are banned\n|rule|Evasion Moves Clause: Evasion moves are banned\n|rule|Evasion Abilities Clause: Evasion abilities are banned\n|rule|Species Clause: Limit one of each Pok\u00e9mon\n|rule|Gravity Sleep Clause: The combination of sleep-inducing moves with imperfect accuracy and Gravity or Gigantamax Orbeetle are banned\n|clearpoke\n|poke|p1|Eevee, F|\n|poke|p1|Maushold|\n|poke|p1|Flutter Mane|\n|poke|p1|Mr. Mime, F|\n|poke|p1|Gardevoir, F|\n|poke|p1|Indeedee-F, F|\n|poke|p2|Mawile, F|\n|poke|p2|Ribombee, F|\n|poke|p2|Tapu Fini|\n|poke|p2|Hatterene, F|\n|poke|p2|Enamorus-Therian, F|\n|poke|p2|Grimmsnarl, M|\n|teampreview\n|inactive|Battle timer is ON: inactive players will automatically lose when time's up. (requested by Balazs1102)\n|c|\u2606Balazs1102|gl gl\n|\n|t:|1697140112\n|start\n|switch|p1a: Eevee|Eevee, F|100\/100\n|switch|p1b: Indeedee|Indeedee-F, F|100\/100\n|switch|p2a: Grimmsnarl|Grimmsnarl, M|100\/100\n|switch|p2b: Ribombee|Ribombee, F|100\/100\n|-fieldstart|move: Psychic Terrain|[from] ability: Psychic Surge|[of] p1b: Indeedee\n|turn|1\n|\n|t:|1697140123\n|move|p1b: Indeedee|Follow Me|p1b: Indeedee\n|-singleturn|p1b: Indeedee|move: Follow Me\n|move|p2b: Ribombee|Tailwind|p2b: Ribombee\n|-sidestart|p2: Balazs1102|move: Tailwind\n|move|p2a: Grimmsnarl|Darkest Lariat|p1b: Indeedee\n|-supereffective|p1b: Indeedee\n|-enditem|p1b: Indeedee|Focus Sash\n|-damage|p1b: Indeedee|1\/100\n|-damage|p2a: Grimmsnarl|91\/100|[from] item: Life Orb\n|-zpower|p1a: Eevee\n|move|p1a: Eevee|Extreme Evoboost|p1a: Eevee\n|-boost|p1a: Eevee|atk|2\n|-boost|p1a: Eevee|def|2\n|-boost|p1a: Eevee|spa|2\n|-boost|p1a: Eevee|spd|2\n|-boost|p1a: Eevee|spe|2\n|\n|upkeep\n|turn|2\n|\n|t:|1697140146\n|switch|p2a: Tapu Fini|Tapu Fini|100\/100\n|-fieldstart|move: Misty Terrain|[from] ability: Misty Surge|[of] p2a: Tapu Fini\n|switch|p1b: Maushold|Maushold|100\/100\n|move|p1a: Eevee|Protect|p1a: Eevee\n|-singleturn|p1a: Eevee|Protect\n|move|p2b: Ribombee|Moonblast|p1b: Maushold\n|-damage|p1b: Maushold|52\/100\n|\n|upkeep\n|turn|3\n|\n|t:|1697140165\n|move|p2b: Ribombee|Moonblast|p1a: Eevee\n|-damage|p1a: Eevee|78\/100\n|move|p1a: Eevee|Baton Pass|p1a: Eevee\n|\n|t:|1697140171\n|switch|p1a: Flutter Mane|Flutter Mane|100\/100|[from] Baton Pass\n|-enditem|p1a: Flutter Mane|Booster Energy\n|-activate|p1a: Flutter Mane|ability: Protosynthesis|[fromitem]\n|-start|p1a: Flutter Mane|protosynthesisspa\n|move|p2a: Tapu Fini|Hydro Pump|p1b: Maushold\n|-damage|p1b: Maushold|0 fnt\n|faint|p1b: Maushold\n|\n|upkeep\n|c|\u2606Balazs1102|oh\n|\n|t:|1697140183\n|switch|p1b: Mr. Mime|Mr. Mime, F|100\/100\n|turn|4\n|\n|t:|1697140192\n|move|p2b: Ribombee|Helping Hand|p2a: Tapu Fini\n|-singleturn|p2a: Tapu Fini|Helping Hand|[of] p2b: Ribombee\n|move|p1b: Mr. Mime|Follow Me|p1b: Mr. Mime\n|-singleturn|p1b: Mr. Mime|move: Follow Me\n|move|p1a: Flutter Mane|Dazzling Gleam|p2b: Ribombee|[spread] p2a,p2b\n|-damage|p2a: Tapu Fini|24\/100\n|-enditem|p2b: Ribombee|Focus Sash\n|-damage|p2b: Ribombee|1\/100\n|move|p2a: Tapu Fini|Hydro Pump|p1b: Mr. Mime\n|-damage|p1b: Mr. Mime|24\/100\n|\n|-heal|p2a: Tapu Fini|30\/100|[from] item: Leftovers\n|-sideend|p2: Balazs1102|move: Tailwind\n|upkeep\n|turn|5\n|\n|t:|1697140210\n|move|p2b: Ribombee|Helping Hand|p2a: Tapu Fini\n|-singleturn|p2a: Tapu Fini|Helping Hand|[of] p2b: Ribombee\n|move|p1b: Mr. Mime|Follow Me|p1b: Mr. Mime\n|-singleturn|p1b: Mr. Mime|move: Follow Me\n|move|p1a: Flutter Mane|Dazzling Gleam|p2b: Ribombee|[spread] p2a,p2b\n|-damage|p2a: Tapu Fini|0 fnt\n|-damage|p2b: Ribombee|0 fnt\n|faint|p2a: Tapu Fini\n|faint|p2b: Ribombee\n|\n|upkeep\n|\n|t:|1697140222\n|switch|p2b: Alactria|Mawile, F|100\/100\n|switch|p2a: Grimmsnarl|Grimmsnarl, M|91\/100\n|-ability|p2b: Alactria|Intimidate|boost\n|-unboost|p1a: Flutter Mane|atk|1\n|-unboost|p1b: Mr. Mime|atk|1\n|turn|6\n|\n|t:|1697140237\n|detailschange|p2b: Alactria|Mawile-Mega, F\n|-mega|p2b: Alactria|Mawile|Mawilite\n|-terastallize|p1a: Flutter Mane|Ghost\n|move|p1b: Mr. Mime|Follow Me|p1b: Mr. Mime\n|-singleturn|p1b: Mr. Mime|move: Follow Me\n|move|p2a: Grimmsnarl|Parting Shot|p1b: Mr. Mime\n|-unboost|p1b: Mr. Mime|atk|1\n|-unboost|p1b: Mr. Mime|spa|1\n|\n|t:|1697140246\n|switch|p2a: Hatterene|Hatterene, F|100\/100|[from] Parting Shot\n|move|p1a: Flutter Mane|Shadow Ball|p2b: Alactria\n|-damage|p2b: Alactria|0 fnt\n|faint|p2b: Alactria\n|\n|-fieldend|Misty Terrain\n|upkeep\n|\n|t:|1697140253\n|switch|p2b: Grimmsnarl|Grimmsnarl, M|91\/100\n|turn|7\n|\n|t:|1697140265\n|-terastallize|p2b: Grimmsnarl|Steel\n|move|p1b: Mr. Mime|Follow Me|p1b: Mr. Mime\n|-singleturn|p1b: Mr. Mime|move: Follow Me\n|move|p1a: Flutter Mane|Shadow Ball|p2a: Hatterene\n|-supereffective|p2a: Hatterene\n|-damage|p2a: Hatterene|0 fnt\n|faint|p2a: Hatterene\n|move|p2b: Grimmsnarl|Darkest Lariat|p1b: Mr. Mime\n|-damage|p1b: Mr. Mime|0 fnt\n|faint|p1b: Mr. Mime\n|-damage|p2b: Grimmsnarl|81\/100|[from] item: Life Orb\n|\n|upkeep\n|\n|t:|1697140281\n|switch|p1b: Gardevoir|Gardevoir, F|100\/100\n|switch|p2a: Enamorus|Enamorus-Therian, F|100\/100\n|turn|8\n|\n|t:|1697140292\n|detailschange|p1b: Gardevoir|Gardevoir-Mega, F\n|-mega|p1b: Gardevoir|Gardevoir|Gardevoirite\n|move|p2b: Grimmsnarl|Parting Shot|p1a: Flutter Mane\n|-unboost|p1a: Flutter Mane|atk|1\n|-unboost|p1a: Flutter Mane|spa|1\n|move|p1a: Flutter Mane|Shadow Ball|p2b: Grimmsnarl\n|-damage|p2b: Grimmsnarl|0 fnt\n|faint|p2b: Grimmsnarl\n|move|p1b: Gardevoir|Psych Up|p1a: Flutter Mane\n|-copyboost|p1b: Gardevoir|p1a: Flutter Mane|[from] move: Psych Up\n|move|p2a: Enamorus|Springtide Storm|p1a: Flutter Mane|[spread] p1a,p1b\n|-damage|p1a: Flutter Mane|78\/100\n|-damage|p1b: Gardevoir|80\/100\n|-unboost|p1a: Flutter Mane|atk|1\n|-unboost|p1b: Gardevoir|atk|1\n|\n|upkeep\n|turn|9\n|\n|t:|1697140312\n|move|p1a: Flutter Mane|Moonblast|p2a: Enamorus\n|-damage|p2a: Enamorus|2\/100\n|move|p1b: Gardevoir|Hyper Voice|p2a: Enamorus\n|-damage|p2a: Enamorus|0 fnt\n|faint|p2a: Enamorus\n|\n|win|Immagamer\n|raw|Immagamer's rating: 1342 &rarr; <strong>1358<\/strong><br \/>(+16 for winning)\n|raw|Balazs1102's rating: 1264 &rarr; <strong>1245<\/strong><br \/>(-19 for losing)\n|c|\u2606Balazs1102|gg\n","uploadtime":1697140319,"views":5,"p1id":"immagamer","p2id":"balazs1102","formatid":"gen9nationaldexdoubles","rating":1245,"private":0,"password":""}