{"id":"gen9nationaldexdoubles-1954130634","p1":"LeftyVGC","p2":"Immagamer","format":"[Gen 9] National Dex Doubles","log":"|j|\u2606LeftyVGC\n|j|\u2606Immagamer\n|t:|1695856873\n|gametype|doubles\n|player|p1|LeftyVGC|blaine|1235\n|player|p2|Immagamer|lucas|1281\n|teamsize|p1|6\n|teamsize|p2|6\n|gen|9\n|tier|[Gen 9] National Dex Doubles\n|rated|\n|rule|HP Percentage Mod: HP is shown in percentages\n|rule|Endless Battle Clause: Forcing endless battles is banned\n|rule|OHKO Clause: OHKO moves are banned\n|rule|Evasion Moves Clause: Evasion moves are banned\n|rule|Evasion Abilities Clause: Evasion abilities are banned\n|rule|Species Clause: Limit one of each Pok\u00e9mon\n|rule|Gravity Sleep Clause: The combination of sleep-inducing moves with imperfect accuracy and Gravity or Gigantamax Orbeetle are banned\n|clearpoke\n|poke|p1|Armarouge, M|\n|poke|p1|Iron Bundle|\n|poke|p1|Indeedee-F, F|\n|poke|p1|Lilligant-Hisui, F|\n|poke|p1|Torkoal, M|\n|poke|p1|Infernape, F|\n|poke|p2|Eevee, F|\n|poke|p2|Maushold|\n|poke|p2|Dracovish|\n|poke|p2|Mr. Mime, M|\n|poke|p2|Flamigo, M|\n|poke|p2|Indeedee-F, F|\n|teampreview\n|inactive|Battle timer is ON: inactive players will automatically lose when time's up. (requested by LeftyVGC)\n|\n|t:|1695856887\n|start\n|switch|p1a: Shiner|Armarouge, M|100\/100\n|switch|p1b: Salvage|Iron Bundle|100\/100\n|switch|p2a: Eevee|Eevee, F|100\/100\n|switch|p2b: Mr. Mime|Mr. Mime, M|100\/100\n|-enditem|p1b: Salvage|Booster Energy\n|-activate|p1b: Salvage|ability: Quark Drive|[fromitem]\n|-start|p1b: Salvage|quarkdrivespe\n|turn|1\n|\n|t:|1695856898\n|-terastallize|p1a: Shiner|Psychic\n|move|p2b: Mr. Mime|Wide Guard|p2b: Mr. Mime\n|-singleturn|p2b: Mr. Mime|Wide Guard\n|move|p1b: Salvage|U-turn|p1a: Shiner\n|-supereffective|p1a: Shiner\n|-damage|p1a: Shiner|78\/100\n|-ability|p1a: Shiner|Weak Armor|boost\n|-unboost|p1a: Shiner|def|1\n|-boost|p1a: Shiner|spe|2\n|-enditem|p1a: Shiner|Weakness Policy\n|-boost|p1a: Shiner|atk|2|[from] item: Weakness Policy\n|-boost|p1a: Shiner|spa|2|[from] item: Weakness Policy\n|\n|t:|1695856904\n|-end|p1b: Salvage|Quark Drive|[silent]\n|switch|p1b: Toriel|Indeedee-F, F|100\/100|[from] U-turn\n|-fieldstart|move: Psychic Terrain|[from] ability: Psychic Surge|[of] p1b: Toriel\n|move|p1a: Shiner|Expanding Force|p2a: Eevee|[spread] \n|-activate|p2a: Eevee|move: Wide Guard\n|-activate|p2b: Mr. Mime|move: Wide Guard\n|-zpower|p2a: Eevee\n|move|p2a: Eevee|Extreme Evoboost|p2a: Eevee\n|-boost|p2a: Eevee|atk|2\n|-boost|p2a: Eevee|def|2\n|-boost|p2a: Eevee|spa|2\n|-boost|p2a: Eevee|spd|2\n|-boost|p2a: Eevee|spe|2\n|\n|upkeep\n|turn|2\n|\n|t:|1695856931\n|move|p2b: Mr. Mime|Wide Guard|p2b: Mr. Mime\n|-singleturn|p2b: Mr. Mime|Wide Guard\n|move|p1b: Toriel|Follow Me|p1b: Toriel\n|-singleturn|p1b: Toriel|move: Follow Me\n|move|p2a: Eevee|Baton Pass|p2a: Eevee\n|\n|t:|1695856938\n|switch|p2a: Dracovish|Dracovish|100\/100|[from] Baton Pass\n|move|p1a: Shiner|Flamethrower|p2a: Dracovish\n|-resisted|p2a: Dracovish\n|-damage|p2a: Dracovish|83\/100\n|-status|p2a: Dracovish|brn\n|\n|-damage|p2a: Dracovish|77\/100 brn|[from] brn\n|upkeep\n|turn|3\n|\n|t:|1695856954\n|-terastallize|p2a: Dracovish|Water\n|move|p2b: Mr. Mime|Wide Guard|p2b: Mr. Mime\n|-singleturn|p2b: Mr. Mime|Wide Guard\n|move|p1b: Toriel|Follow Me|p1b: Toriel\n|-singleturn|p1b: Toriel|move: Follow Me\n|move|p2a: Dracovish|Fishious Rend|p1b: Toriel\n|-damage|p1b: Toriel|0 fnt\n|faint|p1b: Toriel\n|move|p1a: Shiner|Flamethrower|p2b: Mr. Mime\n|-enditem|p2b: Mr. Mime|Focus Sash\n|-damage|p2b: Mr. Mime|1\/100\n|\n|-damage|p2a: Dracovish|71\/100 brn|[from] brn\n|upkeep\n|\n|t:|1695856968\n|switch|p1b: Ak47|Infernape, F|100\/100\n|turn|4\n|\n|t:|1695856975\n|move|p1b: Ak47|Fake Out|p2a: Dracovish\n|-activate|p2a: Dracovish|move: Psychic Terrain\n|move|p2b: Mr. Mime|Follow Me|p2b: Mr. Mime\n|-singleturn|p2b: Mr. Mime|move: Follow Me\n|move|p2a: Dracovish|Fishious Rend|p1a: Shiner\n|-damage|p1a: Shiner|0 fnt\n|faint|p1a: Shiner\n|\n|-damage|p2a: Dracovish|65\/100 brn|[from] brn\n|upkeep\n|\n|t:|1695856984\n|switch|p1a: Savior|Lilligant-Hisui, F|100\/100\n|turn|5\n|\n|t:|1695856994\n|move|p2b: Mr. Mime|Follow Me|p2b: Mr. Mime\n|-singleturn|p2b: Mr. Mime|move: Follow Me\n|move|p2a: Dracovish|Psychic Fangs|p1a: Savior\n|-supereffective|p1a: Savior\n|-enditem|p1a: Savior|Focus Sash\n|-damage|p1a: Savior|1\/100\n|move|p1b: Ak47|Close Combat|p2b: Mr. Mime\n|-resisted|p2b: Mr. Mime\n|-damage|p2b: Mr. Mime|0 fnt\n|-unboost|p1b: Ak47|def|1\n|-unboost|p1b: Ak47|spd|1\n|faint|p2b: Mr. Mime\n|-damage|p1b: Ak47|91\/100|[from] item: Life Orb\n|move|p1a: Savior|Victory Dance|p1a: Savior\n|-boost|p1a: Savior|atk|1\n|-boost|p1a: Savior|def|1\n|-boost|p1a: Savior|spe|1\n|\n|-damage|p2a: Dracovish|59\/100 brn|[from] brn\n|upkeep\n|\n|t:|1695857008\n|switch|p2b: Flamigo|Flamigo, M|100\/100\n|-copyboost|p2b: Flamigo|p2a: Dracovish|[from] ability: Costar\n|turn|6\n|\n|t:|1695857020\n|move|p2b: Flamigo|Throat Chop|p1a: Savior\n|-resisted|p1a: Savior\n|-damage|p1a: Savior|0 fnt\n|faint|p1a: Savior\n|move|p2a: Dracovish|Fishious Rend|p1b: Ak47\n|-supereffective|p1b: Ak47\n|-damage|p1b: Ak47|0 fnt\n|faint|p1b: Ak47\n|\n|-damage|p2a: Dracovish|52\/100 brn|[from] brn\n|upkeep\n|\n|t:|1695857026\n|switch|p1b: Ol'Smokey|Torkoal, M|100\/100\n|switch|p1a: Salvage|Iron Bundle|100\/100\n|-weather|SunnyDay|[from] ability: Drought|[of] p1b: Ol'Smokey\n|turn|7\n|\n|t:|1695857042\n|move|p2b: Flamigo|Close Combat|p1a: Salvage\n|-supereffective|p1a: Salvage\n|-damage|p1a: Salvage|0 fnt\n|-unboost|p2b: Flamigo|def|1\n|-unboost|p2b: Flamigo|spd|1\n|faint|p1a: Salvage\n|-end|p1a: Salvage|Quark Drive|[silent]\n|move|p2a: Dracovish|Fishious Rend|p1b: Ol'Smokey\n|-supereffective|p1b: Ol'Smokey\n|-damage|p1b: Ol'Smokey|0 fnt\n|faint|p1b: Ol'Smokey\n|\n|win|Immagamer\n|raw|LeftyVGC's rating: 1235 &rarr; <strong>1213<\/strong><br \/>(-22 for losing)\n|raw|Immagamer's rating: 1281 &rarr; <strong>1303<\/strong><br \/>(+22 for winning)\n|l|\u2606LeftyVGC\n","uploadtime":1695857054,"views":6,"p1id":"leftyvgc","p2id":"immagamer","formatid":"gen9nationaldexdoubles","rating":1213,"private":0,"password":""}