{"id":"gen9nationaldexdoubles-1992949687","p1":"aewke","p2":"CTC_TeamTest","format":"[Gen 9] National Dex Doubles","log":"|j|\u2606aewke\n|j|\u2606CTC_TeamTest\n|t:|1700249528\n|gametype|doubles\n|player|p1|aewke|harlequin|1259\n|player|p2|CTC_TeamTest|workerice|1251\n|teamsize|p1|6\n|teamsize|p2|6\n|gen|9\n|tier|[Gen 9] National Dex Doubles\n|rated|\n|rule|HP Percentage Mod: HP is shown in percentages\n|rule|Endless Battle Clause: Forcing endless battles is banned\n|rule|OHKO Clause: OHKO moves are banned\n|rule|Evasion Moves Clause: Evasion moves are banned\n|rule|Evasion Abilities Clause: Evasion abilities are banned\n|rule|Species Clause: Limit one of each Pok\u00e9mon\n|rule|Gravity Sleep Clause: The combination of sleep-inducing moves with imperfect accuracy and Gravity or Gigantamax Orbeetle are banned\n|clearpoke\n|poke|p1|Heatran, M|\n|poke|p1|Torkoal, F|\n|poke|p1|Ogerpon-Hearthflame, F|\n|poke|p1|Darmanitan, M|\n|poke|p1|Iron Moth|\n|poke|p1|Houndoom, M|\n|poke|p2|Exeggutor-Alola, F|\n|poke|p2|Ninetales, M|\n|poke|p2|Torkoal, M|\n|poke|p2|Lilligant, F|\n|poke|p2|Great Tusk|\n|poke|p2|Houndoom, M|\n|teampreview\n|inactive|Battle timer is ON: inactive players will automatically lose when time's up. (requested by CTC_TeamTest)\n|inactive|aewke also wants the timer to be on.\n|\n|t:|1700249549\n|start\n|switch|p1a: Heatran|Heatran, M|100\/100\n|switch|p1b: Darmanitan|Darmanitan, M|100\/100\n|switch|p2a: Torkoal|Torkoal, M|100\/100\n|switch|p2b: Lilligant|Lilligant, F|100\/100\n|-weather|SunnyDay|[from] ability: Drought|[of] p2a: Torkoal\n|turn|1\n|\n|t:|1700249560\n|move|p2b: Lilligant|Sleep Powder|p1a: Heatran\n|-status|p1a: Heatran|slp|[from] move: Sleep Powder\n|move|p1b: Darmanitan|Stone Edge|p2a: Torkoal\n|-supereffective|p2a: Torkoal\n|-damage|p2a: Torkoal|17\/100\n|cant|p1a: Heatran|slp\n|move|p2a: Torkoal|Stealth Rock|p1a: Heatran\n|-sidestart|p1: aewke|move: Stealth Rock\n|\n|-weather|SunnyDay|[upkeep]\n|upkeep\n|turn|2\n|inactive|aewke has 120 seconds left.\n|\n|t:|1700249591\n|switch|p2a: Great Tusk|Great Tusk|100\/100\n|-activate|p2a: Great Tusk|ability: Protosynthesis\n|-start|p2a: Great Tusk|protosynthesisatk\n|move|p2b: Lilligant|Sleep Powder|p1b: Darmanitan\n|-status|p1b: Darmanitan|slp|[from] move: Sleep Powder\n|cant|p1b: Darmanitan|slp\n|cant|p1a: Heatran|slp\n|\n|-weather|SunnyDay|[upkeep]\n|upkeep\n|turn|3\n|\n|t:|1700249615\n|switch|p2b: Exeggutor|Exeggutor-Alola, F|100\/100\n|switch|p1b: Ogerpon|Ogerpon-Hearthflame, F|100\/100\n|-damage|p1b: Ogerpon|76\/100|[from] Stealth Rock\n|-ability|p1b: Ogerpon|Mold Breaker\n|move|p2a: Great Tusk|Headlong Rush|p1a: Heatran\n|-supereffective|p1a: Heatran\n|-damage|p1a: Heatran|0 fnt\n|-unboost|p2a: Great Tusk|def|1\n|-unboost|p2a: Great Tusk|spd|1\n|faint|p1a: Heatran\n|\n|-weather|SunnyDay|[upkeep]\n|upkeep\n|inactive|aewke has 120 seconds left.\n|inactive|aewke has 90 seconds left.\n|inactive|aewke has 60 seconds left.\n|\n|t:|1700249703\n|switch|p1a: Iron Moth|Iron Moth|100\/100\n|-damage|p1a: Iron Moth|76\/100|[from] Stealth Rock\n|-enditem|p1a: Iron Moth|Booster Energy\n|-activate|p1a: Iron Moth|ability: Quark Drive|[fromitem]\n|-start|p1a: Iron Moth|quarkdrivespe\n|turn|4\n|\n|t:|1700249713\n|-end|p2a: Great Tusk|Protosynthesis|[silent]\n|switch|p2a: Houndoom|Houndoom, M|100\/100\n|-ability|p2a: Houndoom|Unnerve\n|move|p1b: Ogerpon|Spiky Shield|p1b: Ogerpon\n|-singleturn|p1b: Ogerpon|move: Protect\n|move|p1a: Iron Moth|Sludge Wave|p2b: Exeggutor|[spread] p2a,p2b\n|-activate|p1b: Ogerpon|move: Protect\n|-supereffective|p2b: Exeggutor\n|-damage|p2a: Houndoom|58\/100\n|-damage|p2b: Exeggutor|30\/100\n|-enditem|p2b: Exeggutor|Sitrus Berry|[eat]\n|-heal|p2b: Exeggutor|55\/100|[from] item: Sitrus Berry\n|move|p2b: Exeggutor|Swords Dance|p2b: Exeggutor\n|-boost|p2b: Exeggutor|atk|2\n|\n|-weather|SunnyDay|[upkeep]\n|-item|p2b: Exeggutor|Sitrus Berry|[from] ability: Harvest\n|upkeep\n|turn|5\n|inactive|aewke has 90 seconds left.\n|inactive|aewke has 60 seconds left.\n|\n|t:|1700249756\n|detailschange|p2a: Houndoom|Houndoom-Mega, M\n|-mega|p2a: Houndoom|Houndoom|Houndoominite\n|-terastallize|p2b: Exeggutor|Steel\n|move|p1b: Ogerpon|Follow Me|p1b: Ogerpon\n|-singleturn|p1b: Ogerpon|move: Follow Me\n|move|p1a: Iron Moth|Sludge Wave|p2b: Exeggutor|[spread] p1b,p2a\n|-immune|p2b: Exeggutor\n|-supereffective|p1b: Ogerpon\n|-damage|p1b: Ogerpon|0 fnt\n|-damage|p2a: Houndoom|15\/100\n|-status|p2a: Houndoom|psn\n|faint|p1b: Ogerpon\n|move|p2a: Houndoom|Heat Wave|p1a: Iron Moth|[miss]\n|-miss|p2a: Houndoom|p1a: Iron Moth\n|move|p2b: Exeggutor|Dragon Hammer|p1a: Iron Moth\n|-damage|p1a: Iron Moth|0 fnt\n|faint|p1a: Iron Moth\n|-end|p1a: Iron Moth|Quark Drive|[silent]\n|\n|-weather|SunnyDay|[upkeep]\n|-damage|p2a: Houndoom|2\/100 psn|[from] ability: Solar Power|[of] p2a: Houndoom\n|-damage|p2a: Houndoom|0 fnt|[from] psn\n|faint|p2a: Houndoom\n|upkeep\n|l|\u2606aewke\n|inactive|aewke disconnected and has a minute to reconnect!\n|player|p1|\n|inactive|aewke has 30 seconds to reconnect!\n|inactive|aewke has 20 seconds to reconnect!\n|inactive|aewke has 15 seconds to reconnect!\n|inactive|aewke has 10 seconds to reconnect!\n|inactive|aewke has 5 seconds to reconnect!\n|-message|aewke lost due to inactivity.\n|\n|win|CTC_TeamTest\n|inactive|aewke has 20 seconds left this turn.\n|raw|aewke's rating: 1259 &rarr; <strong>1233<\/strong><br \/>(-26 for losing)\n|raw|CTC_TeamTest's rating: 1251 &rarr; <strong>1277<\/strong><br \/>(+26 for winning)\n","uploadtime":1700249830,"views":21,"p1id":"aewke","p2id":"ctcteamtest","formatid":"gen9nationaldexdoubles","rating":1233,"private":0,"password":""}