{"id":"gen9nationaldexdoubles-1988639653","p1":"GenerallGrievous","p2":"Prankbox454","format":"[Gen 9] National Dex Doubles","log":"|j|\u2606GenerallGrievous\n|j|\u2606Prankbox454\n|t:|1699745018\n|gametype|doubles\n|player|p1|GenerallGrievous|fantina|1107\n|player|p2|Prankbox454|burgh|1171\n|teamsize|p1|6\n|teamsize|p2|6\n|gen|9\n|tier|[Gen 9] National Dex Doubles\n|rated|\n|rule|HP Percentage Mod: HP is shown in percentages\n|rule|Endless Battle Clause: Forcing endless battles is banned\n|rule|OHKO Clause: OHKO moves are banned\n|rule|Evasion Moves Clause: Evasion moves are banned\n|rule|Evasion Abilities Clause: Evasion abilities are banned\n|rule|Species Clause: Limit one of each Pok\u00e9mon\n|rule|Gravity Sleep Clause: The combination of sleep-inducing moves with imperfect accuracy and Gravity or Gigantamax Orbeetle are banned\n|clearpoke\n|poke|p1|Oricorio-Sensu, F|\n|poke|p1|Cresselia, F|\n|poke|p1|Stantler, M|\n|poke|p1|Pawmot, M|\n|poke|p1|Articuno-Galar|\n|poke|p1|Houndstone, M|\n|poke|p2|Staraptor, F|\n|poke|p2|Ursaluna, F|\n|poke|p2|Pidgeot, F|\n|poke|p2|Silvally-*|\n|poke|p2|Obstagoon, F|\n|poke|p2|Zoroark-Hisui, M|\n|teampreview\n|j| FriedBeaver01\n|c|\u2606GenerallGrievous|i have\n|c| FriedBeaver01|Sup\n|c|\u2606GenerallGrievous|cooked up some shit\n|c|\u2606GenerallGrievous|i either lose turn one\n|c|\u2606GenerallGrievous|or lose later\n|c|\u2606GenerallGrievous|loll\n|c|\u2606GenerallGrievous|hi\n|c|\u2606Prankbox454|Im interested to see it\n|c| FriedBeaver01|Nice\n|c| FriedBeaver01|hi\n|\n|t:|1699745069\n|start\n|switch|p1a: Danceee|Oricorio-Sensu, F, shiny|100\/100\n|switch|p1b: Santatler|Stantler, M|100\/100\n|switch|p2a: Pidgeot|Pidgeot, F|100\/100\n|switch|p2b: SeuUrsoBebeCerveja|Ursaluna, F|100\/100\n|-ability|p1b: Santatler|Intimidate|boost\n|-unboost|p2a: Pidgeot|atk|1\n|-unboost|p2b: SeuUrsoBebeCerveja|atk|1\n|turn|1\n|\n|t:|1699745112\n|switch|p2b: Silvally|Silvally|100\/100\n|detailschange|p2a: Pidgeot|Pidgeot-Mega, F\n|-mega|p2a: Pidgeot|Pidgeot|Pidgeotite\n|move|p2a: Pidgeot|Hurricane|p1a: Danceee\n|-damage|p1a: Danceee|16\/100\n|move|p1a: Danceee|Quiver Dance|p1a: Danceee\n|-boost|p1a: Danceee|spa|1\n|-boost|p1a: Danceee|spd|1\n|-boost|p1a: Danceee|spe|1\n|move|p1b: Santatler|Skill Swap|p1a: Danceee\n|-activate|p1b: Santatler|move: Skill Swap|||[of] p1a: Danceee\n|-ability|p1a: Danceee|Intimidate|boost\n|-unboost|p2a: Pidgeot|atk|1\n|-unboost|p2b: Silvally|atk|1\n|\n|upkeep\n|turn|2\n|c|\u2606GenerallGrievous|well if oriocorio dies its over lol\n|c|\u2606Prankbox454|hmmmm\n|c|\u2606GenerallGrievous|oh it didnt\n|\n|t:|1699745162\n|move|p1b: Santatler|Protect|p1b: Santatler\n|-singleturn|p1b: Santatler|Protect\n|move|p1a: Danceee|Baton Pass|p1a: Danceee\n|\n|t:|1699745167\n|switch|p1a: Suicide|Cresselia, F|100\/100|[from] Baton Pass\n|move|p2a: Pidgeot|Hurricane|p1a: Suicide\n|-damage|p1a: Suicide|73\/100\n|move|p2b: Silvally|Swords Dance|p2b: Silvally\n|-boost|p2b: Silvally|atk|2\n|-activate|p1b: Santatler|ability: Dancer\n|move|p1b: Santatler|Swords Dance|p1b: Santatler|[from]ability: Dancer\n|-boost|p1b: Santatler|atk|2\n|\n|-heal|p1a: Suicide|79\/100|[from] item: Leftovers\n|upkeep\n|turn|3\n|c|\u2606Prankbox454|uh oh\n|c|\u2606Prankbox454|Lmao\n|c|\u2606Prankbox454|Dancer coming in clutch\n|c| FriedBeaver01|Bruh\n|c|\u2606GenerallGrievous|lol\n|c|\u2606GenerallGrievous|like i said\n|c|\u2606GenerallGrievous|u will win\n|c|\u2606GenerallGrievous|dont overthink this\n|c|\u2606Prankbox454|I'm trying not to\n|\n|t:|1699745220\n|move|p2a: Pidgeot|Protect|p2a: Pidgeot\n|-singleturn|p2a: Pidgeot|Protect\n|move|p1a: Suicide|Ice Beam|p2a: Pidgeot\n|-activate|p2a: Pidgeot|move: Protect\n|move|p2b: Silvally|Explosion|p1a: Suicide|[spread] p1a,p1b\n|-activate|p2a: Pidgeot|move: Protect\n|-enditem|p2b: Silvally|Normal Gem|[from] gem\n|-damage|p1a: Suicide|0 fnt\n|-damage|p1b: Santatler|0 fnt\n|faint|p2b: Silvally\n|faint|p1a: Suicide\n|faint|p1b: Santatler\n|\n|upkeep\n|c|\u2606GenerallGrievous|welp its over im gonna forfeit\n|c| FriedBeaver01|Lol\n|c|\u2606Prankbox454|I just realized that Stantler was nicknamed lol\n|c|\u2606Prankbox454|I know you wont\n|c|\u2606Prankbox454|You're scheme is in play rn\n|c|\u2606GenerallGrievous|hmm let me see if i can revive em\n|\n|t:|1699745276\n|switch|p2b: SeuUrsoBebeCerveja|Ursaluna, F|100\/100\n|switch|p1a: CPR|Pawmot, M|100\/100\n|switch|p1b: Bad Boy|Houndstone, M|100\/100\n|turn|4\n|\n|t:|1699745338\n|move|p1b: Bad Boy|Ice Fang|p2a: Pidgeot\n|-supereffective|p2a: Pidgeot\n|-damage|p2a: Pidgeot|52\/100\n|-status|p2a: Pidgeot|frz\n|cant|p2a: Pidgeot|frz\n|move|p2b: SeuUrsoBebeCerveja|Shadow Ball|p1b: Bad Boy\n|-supereffective|p1b: Bad Boy\n|-damage|p1b: Bad Boy|0 fnt\n|faint|p1b: Bad Boy\n|-damage|p2b: SeuUrsoBebeCerveja|91\/100|[from] item: Life Orb\n|move|p1a: CPR|Revival Blessing|p1a: CPR\n|c|\u2606GenerallGrievous|u literally killed the nececcary mons\n|c|\u2606Prankbox454|Well that's fantastic\n|\n|t:|1699745354\n|-heal|p1: Santatler|50\/100|[from] move: Revival Blessing\n|\n|upkeep\n|\n|t:|1699745371\n|switch|p1b: Santatler|Stantler, M|50\/100\n|-ability|p1b: Santatler|Intimidate|boost\n|-unboost|p2a: Pidgeot|atk|1\n|-unboost|p2b: SeuUrsoBebeCerveja|atk|1\n|turn|5\n|c| FriedBeaver01|What is he cooking? \ud83d\udc80\n|c|\u2606Prankbox454|Idk lol\n|c|\u2606GenerallGrievous|u would see\n|c|\u2606GenerallGrievous|if your\n|c|\u2606GenerallGrievous|friend here\n|c|\u2606GenerallGrievous|didnt kill cresellia\n|c|\u2606GenerallGrievous|or whateve the moon fuck\n|c| FriedBeaver01|Lmfao moon fuck\n|c|\u2606GenerallGrievous|we can do a rematch where you DONT KILL CRESSELIA\n|c|\u2606Prankbox454|I bet he's happy about it. He hates that guy :P\n|c|\u2606Prankbox454|Oh yea sure thing\n|c|\u2606GenerallGrievous|aight send u a request\n|c|\u2606Prankbox454|accepted\n|c| FriedBeaver01|This is gonna be great\n|\n|t:|1699745469\n|move|p1b: Santatler|Protect|p1b: Santatler\n|-singleturn|p1b: Santatler|Protect\n|cant|p2a: Pidgeot|frz\n|move|p2b: SeuUrsoBebeCerveja|Psychic|p1a: CPR\n|-supereffective|p1a: CPR\n|-enditem|p1a: CPR|Focus Sash\n|-damage|p1a: CPR|1\/100\n|-damage|p2b: SeuUrsoBebeCerveja|81\/100|[from] item: Life Orb\n|move|p1a: CPR|Double Shock|p2b: SeuUrsoBebeCerveja\n|-damage|p2b: SeuUrsoBebeCerveja|0 fnt\n|-start|p1a: CPR|typechange|???\/Fighting|[from] move: Double Shock\n|replace|p2b: Zoroark|Zoroark-Hisui, M\n|-end|p2b: Zoroark|Illusion\n|faint|p2b: Zoroark\n|\n|upkeep\n|c|\u2606Prankbox454|Surely i wont need that Zoroark later\n|c|\u2606Prankbox454|:Clueless:\n|\n|t:|1699745502\n|switch|p2b: Staraptor|Staraptor, F|100\/100\n|-ability|p2b: Staraptor|Intimidate|boost\n|-unboost|p1a: CPR|atk|1\n|-unboost|p1b: Santatler|atk|1\n|turn|6\n|c|\u2606GenerallGrievous|just dont instsntly kill the oricorio or lunala or stsntler :v\n|c|\u2606Prankbox454|got it\n|\n|t:|1699745530\n|switch|p2a: SeuUrsoBebeCerveja|Ursaluna, F|100\/100\n|move|p1a: CPR|Volt Switch|p2b: Staraptor\n|-supereffective|p2b: Staraptor\n|-damage|p2b: Staraptor|62\/100\n|\n|t:|1699745541\n|switch|p1a: Danceee|Oricorio-Sensu, F, shiny|16\/100|[from] Volt Switch\n|move|p2b: Staraptor|Tailwind|p2b: Staraptor\n|-sidestart|p2: Prankbox454|move: Tailwind\n|move|p1b: Santatler|Tera Blast|p2a: SeuUrsoBebeCerveja\n|-damage|p2a: SeuUrsoBebeCerveja|78\/100\n|\n|-status|p2a: SeuUrsoBebeCerveja|brn|[from] item: Flame Orb\n|upkeep\n|turn|7\n|\n|t:|1699745577\n|move|p1a: Danceee|Protect|p1a: Danceee\n|-singleturn|p1a: Danceee|Protect\n|move|p2b: Staraptor|Brave Bird|p1a: Danceee\n|-activate|p1a: Danceee|move: Protect\n|move|p2a: SeuUrsoBebeCerveja|Earthquake|p1b: Santatler|[spread] p1b\n|-activate|p1a: Danceee|move: Protect\n|-immune|p2b: Staraptor\n|-damage|p1b: Santatler|0 fnt\n|faint|p1b: Santatler\n|\n|-damage|p2a: SeuUrsoBebeCerveja|72\/100 brn|[from] brn\n|upkeep\n|\n|t:|1699745591\n|switch|p1b: CPR|Pawmot, M|1\/100\n|turn|8\n|\n|t:|1699745602\n|move|p2b: Staraptor|Brave Bird|p1a: Danceee\n|-damage|p1a: Danceee|0 fnt\n|faint|p1a: Danceee\n|-damage|p2b: Staraptor|57\/100|[from] Recoil\n|move|p2a: SeuUrsoBebeCerveja|Earthquake|p1b: CPR|[spread] p1b\n|-immune|p2b: Staraptor\n|-supereffective|p1b: CPR\n|-damage|p1b: CPR|0 fnt\n|faint|p1b: CPR\n|\n|-damage|p2a: SeuUrsoBebeCerveja|66\/100 brn|[from] brn\n|upkeep\n|\n|t:|1699745617\n|switch|p1b: Palpatune|Articuno-Galar|100\/100\n|turn|9\n|c| FriedBeaver01|gg\n|\n|t:|1699745629\n|-terastallize|p1b: Palpatune|Psychic\n|move|p2b: Staraptor|Helping Hand|p2a: SeuUrsoBebeCerveja\n|-singleturn|p2a: SeuUrsoBebeCerveja|Helping Hand|[of] p2b: Staraptor\n|move|p2a: SeuUrsoBebeCerveja|Facade|p1b: Palpatune\n|-damage|p1b: Palpatune|0 fnt\n|faint|p1b: Palpatune\n|\n|win|Prankbox454\n|raw|GenerallGrievous's rating: 1107 &rarr; <strong>1087<\/strong><br \/>(-20 for losing)\n|raw|Prankbox454's rating: 1171 &rarr; <strong>1191<\/strong><br \/>(+20 for winning)\n|l|\u2606GenerallGrievous\n|c|\u2606Prankbox454|gg\n","uploadtime":1699745641,"views":7,"p1id":"generallgrievous","p2id":"prankbox454","formatid":"gen9nationaldexdoubles","rating":1087,"private":0,"password":""}