{"id":"gen9nationaldexdoubles-1997835852","p1":"Raichu_2507","p2":"Xorian-kun","format":"[Gen 9] National Dex Doubles","log":"|j|\u2606Raichu_2507\n|j|\u2606Xorian-kun\n|t:|1700857945\n|gametype|doubles\n|player|p1|Raichu_2507|hilbert|\n|player|p2|Xorian-kun|grimsley|\n|teamsize|p1|6\n|teamsize|p2|6\n|gen|9\n|tier|[Gen 9] National Dex Doubles\n|rule|HP Percentage Mod: HP is shown in percentages\n|rule|Endless Battle Clause: Forcing endless battles is banned\n|rule|OHKO Clause: OHKO moves are banned\n|rule|Evasion Moves Clause: Evasion moves are banned\n|rule|Evasion Abilities Clause: Evasion abilities are banned\n|rule|Species Clause: Limit one of each Pok\u00e9mon\n|rule|Gravity Sleep Clause: The combination of sleep-inducing moves with imperfect accuracy and Gravity or Gigantamax Orbeetle are banned\n|clearpoke\n|poke|p1|Volcarona, F|\n|poke|p1|Oricorio-Pom-Pom, F|\n|poke|p1|Kommo-o, M|\n|poke|p1|Cresselia, F|\n|poke|p1|Scizor, M|\n|poke|p1|Gliscor, M|\n|poke|p2|Oricorio-Sensu, F|\n|poke|p2|Kingambit, M|\n|poke|p2|Volcarona, F|\n|poke|p2|Dragonite, M|\n|poke|p2|Cresselia, F|\n|poke|p2|Ursaluna, M|\n|teampreview\n|inactive|Battle timer is ON: inactive players will automatically lose when time's up. (requested by Xorian-kun)\n|c|\u2606Raichu_2507|gl hf\n|c|\u2606Xorian-kun|vas a caer imbecil\n|c|\u2606Raichu_2507|D:\n|inactive|Raichu_2507 has 270 seconds left.\n|inactive|Xorian-kun has 270 seconds left.\n|inactiveoff|Battle timer is now OFF.\n|c|\u2606Xorian-kun|pera\n|c|\u2606Raichu_2507|?\n|c|\u2606Xorian-kun|cobremos entradas\n|c|\u2606Xorian-kun|50\/50\n|c|\u2606Raichu_2507|XD\n|c|\u2606Raichu_2507|va\n|j| Vaictador\n|c| Vaictador|Vamos Rai joder\n|c| Vaictador|No puedes perder contra un man q literalmente se llama Xorian-kun\n|c|\u2606Raichu_2507|en insta me llamo rai-san ._.\n|c|\u2606Xorian-kun|calla tu no ere latino\n|l| Vaictador\n|c|\u2606Xorian-kun|XD\n|j| Vaictador\n|c|\u2606Raichu_2507|le damos no?\n|c|\u2606Xorian-kun|se\n|c| Vaictador|Raichu_2507 de hecho en wssp tambi\u00e9n te tengo a\u00f1adido as\u00ed\n|c|\u2606Raichu_2507|va\n|c|\u2606Raichu_2507|xd\n|\n|t:|1700858339\n|start\n|switch|p1a: Volcabrona|Volcarona, F, shiny|100\/100\n|switch|p1b: Dance Dance Rev.|Oricorio-Pom-Pom, F, shiny|100\/100\n|switch|p2a: karambit|Oricorio-Sensu, F|100\/100\n|switch|p2b: Volcarajo|Volcarona, F|100\/100\n|turn|1\n|c| Vaictador|Rai-san literalmente\n|c|\u2606Xorian-kun|oa\n|\n|t:|1700858359\n|move|p1a: Volcabrona|Fiery Dance|p2b: Volcarajo\n|-damage|p2b: Volcarajo|49\/100\n|-damage|p1a: Volcabrona|91\/100|[from] item: Life Orb\n|-activate|p2a: karambit|ability: Dancer\n|move|p2a: karambit|Fiery Dance|p1a: Volcabrona|[from]ability: Dancer\n|-damage|p1a: Volcabrona|72\/100\n|-activate|p1b: Dance Dance Rev.|ability: Dancer\n|move|p1b: Dance Dance Rev.|Fiery Dance|p2b: Volcarajo|[from]ability: Dancer\n|-damage|p2b: Volcarajo|28\/100\n|-boost|p1b: Dance Dance Rev.|spa|1\n|move|p1b: Dance Dance Rev.|Air Slash|p2b: Volcarajo\n|-supereffective|p2b: Volcarajo\n|-damage|p2b: Volcarajo|0 fnt\n|faint|p2b: Volcarajo\n|move|p2a: karambit|Quiver Dance|p2a: karambit\n|-boost|p2a: karambit|spa|1\n|-boost|p2a: karambit|spd|1\n|-boost|p2a: karambit|spe|1\n|-activate|p1b: Dance Dance Rev.|ability: Dancer\n|move|p1b: Dance Dance Rev.|Quiver Dance|p1b: Dance Dance Rev.|[from]ability: Dancer\n|-boost|p1b: Dance Dance Rev.|spa|1\n|-boost|p1b: Dance Dance Rev.|spd|1\n|-boost|p1b: Dance Dance Rev.|spe|1\n|\n|upkeep\n|\n|t:|1700858391\n|switch|p2b: Barney amarillo|Dragonite, M|100\/100\n|turn|2\n|\n|t:|1700858430\n|switch|p1a: ElSe\u00f1orDeLaNoche|Gliscor, M|100\/100\n|move|p2a: karambit|Revelation Dance|p1b: Dance Dance Rev.\n|-damage|p1b: Dance Dance Rev.|56\/100\n|-activate|p1b: Dance Dance Rev.|ability: Dancer\n|move|p1b: Dance Dance Rev.|Revelation Dance|p2a: karambit|[from]ability: Dancer\n|-supereffective|p2a: karambit\n|-damage|p2a: karambit|0 fnt\n|faint|p2a: karambit\n|move|p1b: Dance Dance Rev.|Revelation Dance|p2b: Barney amarillo\n|-damage|p2b: Barney amarillo|60\/100\n|move|p2b: Barney amarillo|Dual Wingbeat|p1a: ElSe\u00f1orDeLaNoche\n|-damage|p1a: ElSe\u00f1orDeLaNoche|85\/100\n|-damage|p1a: ElSe\u00f1orDeLaNoche|72\/100\n|-hitcount|p1a: ElSe\u00f1orDeLaNoche|2\n|\n|-status|p1a: ElSe\u00f1orDeLaNoche|tox|[from] item: Toxic Orb\n|upkeep\n|\n|t:|1700858450\n|switch|p2a: Kingco\u00f1o|Kingambit, M|100\/100\n|-activate|p2a: Kingco\u00f1o|ability: Supreme Overlord\n|-start|p2a: Kingco\u00f1o|fallen2|[silent]\n|turn|3\n|\n|t:|1700858467\n|move|p1b: Dance Dance Rev.|Revelation Dance|p2b: Barney amarillo\n|-damage|p2b: Barney amarillo|0 fnt\n|faint|p2b: Barney amarillo\n|move|p1a: ElSe\u00f1orDeLaNoche|Swords Dance|p1a: ElSe\u00f1orDeLaNoche\n|-boost|p1a: ElSe\u00f1orDeLaNoche|atk|2\n|-activate|p1b: Dance Dance Rev.|ability: Dancer\n|move|p1b: Dance Dance Rev.|Swords Dance|p1b: Dance Dance Rev.|[from]ability: Dancer\n|-boost|p1b: Dance Dance Rev.|atk|2\n|move|p2a: Kingco\u00f1o|Swords Dance|p2a: Kingco\u00f1o\n|-boost|p2a: Kingco\u00f1o|atk|2\n|-activate|p1b: Dance Dance Rev.|ability: Dancer\n|move|p1b: Dance Dance Rev.|Swords Dance|p1b: Dance Dance Rev.|[from]ability: Dancer\n|-boost|p1b: Dance Dance Rev.|atk|2\n|\n|-heal|p1a: ElSe\u00f1orDeLaNoche|85\/100 tox|[from] ability: Poison Heal\n|upkeep\n|\n|t:|1700858473\n|switch|p2b: fluminense|Cresselia, F|100\/100\n|turn|4\n|\n|t:|1700858504\n|move|p1b: Dance Dance Rev.|Air Slash|p2a: Kingco\u00f1o\n|-resisted|p2a: Kingco\u00f1o\n|-damage|p2a: Kingco\u00f1o|68\/100\n|move|p1a: ElSe\u00f1orDeLaNoche|Earthquake|p2a: Kingco\u00f1o|[spread] p2a\n|-immune|p1b: Dance Dance Rev.\n|-immune|p2b: fluminense|[from] ability: Levitate\n|-supereffective|p2a: Kingco\u00f1o\n|-damage|p2a: Kingco\u00f1o|0 fnt\n|faint|p2a: Kingco\u00f1o\n|-end|p2a: Kingco\u00f1o|fallen2|[silent]\n|move|p2b: fluminense|Trick Room|p2b: fluminense\n|-fieldstart|move: Trick Room|[of] p2b: fluminense\n|\n|-heal|p1a: ElSe\u00f1orDeLaNoche|97\/100 tox|[from] ability: Poison Heal\n|upkeep\n|c| Vaictador|Q grande el oricorio\n|c| Vaictador|Le gusta bailar\n|\n|t:|1700858515\n|switch|p2a: Deportivo Maip\u00fa|Ursaluna, M|100\/100\n|turn|5\n|\n|t:|1700858562\n|move|p2a: Deportivo Maip\u00fa|Protect|p2a: Deportivo Maip\u00fa\n|-singleturn|p2a: Deportivo Maip\u00fa|Protect\n|move|p2b: fluminense|Psychic|p1a: ElSe\u00f1orDeLaNoche\n|-damage|p1a: ElSe\u00f1orDeLaNoche|51\/100 tox\n|move|p1a: ElSe\u00f1orDeLaNoche|Facade|p2a: Deportivo Maip\u00fa\n|-activate|p2a: Deportivo Maip\u00fa|move: Protect\n|move|p1b: Dance Dance Rev.|Trailblaze|p2a: Deportivo Maip\u00fa\n|-activate|p2a: Deportivo Maip\u00fa|move: Protect\n|\n|-heal|p1a: ElSe\u00f1orDeLaNoche|63\/100 tox|[from] ability: Poison Heal\n|-status|p2a: Deportivo Maip\u00fa|brn|[from] item: Flame Orb\n|upkeep\n|turn|6\n|l| Vaictador\n|\n|t:|1700858599\n|move|p1b: Dance Dance Rev.|Protect|p1b: Dance Dance Rev.\n|-singleturn|p1b: Dance Dance Rev.|Protect\n|move|p2a: Deportivo Maip\u00fa|Facade|p1b: Dance Dance Rev.\n|-activate|p1b: Dance Dance Rev.|move: Protect\n|move|p2b: fluminense|Psychic|p1a: ElSe\u00f1orDeLaNoche\n|-damage|p1a: ElSe\u00f1orDeLaNoche|18\/100 tox\n|-unboost|p1a: ElSe\u00f1orDeLaNoche|spd|1\n|move|p1a: ElSe\u00f1orDeLaNoche|Facade|p2a: Deportivo Maip\u00fa\n|-damage|p2a: Deportivo Maip\u00fa|55\/100 brn\n|\n|-heal|p1a: ElSe\u00f1orDeLaNoche|30\/100 tox|[from] ability: Poison Heal\n|-damage|p2a: Deportivo Maip\u00fa|49\/100 brn|[from] brn\n|upkeep\n|turn|7\n|\n|t:|1700858626\n|switch|p1a: La Pantallas|Cresselia, F|100\/100\n|move|p2a: Deportivo Maip\u00fa|Facade|p1b: Dance Dance Rev.\n|-damage|p1b: Dance Dance Rev.|0 fnt\n|faint|p1b: Dance Dance Rev.\n|move|p2b: fluminense|Psychic|p1a: La Pantallas\n|-resisted|p1a: La Pantallas\n|-damage|p1a: La Pantallas|91\/100\n|\n|-damage|p2a: Deportivo Maip\u00fa|42\/100 brn|[from] brn\n|upkeep\n|\n|t:|1700858645\n|switch|p1b: NoVasPrimero|Scizor, M|100\/100\n|turn|8\n|\n|t:|1700858668\n|detailschange|p1b: NoVasPrimero|Scizor-Mega, M\n|-mega|p1b: NoVasPrimero|Scizor|Scizorite\n|move|p2a: Deportivo Maip\u00fa|Earthquake|p1b: NoVasPrimero|[spread] p1b\n|-immune|p2b: fluminense|[from] ability: Levitate\n|-immune|p1a: La Pantallas|[from] ability: Levitate\n|-crit|p1b: NoVasPrimero\n|-damage|p1b: NoVasPrimero|31\/100\n|move|p2b: fluminense|Psychic|p1a: La Pantallas\n|-resisted|p1a: La Pantallas\n|-damage|p1a: La Pantallas|81\/100\n|move|p1b: NoVasPrimero|Dual Wingbeat|p2a: Deportivo Maip\u00fa\n|-damage|p2a: Deportivo Maip\u00fa|24\/100 brn\n|-damage|p2a: Deportivo Maip\u00fa|7\/100 brn\n|-hitcount|p2a: Deportivo Maip\u00fa|2\n|move|p1a: La Pantallas|Lunar Dance|p1a: La Pantallas\n|faint|p1a: La Pantallas\n|\n|-damage|p2a: Deportivo Maip\u00fa|1\/100 brn|[from] brn\n|-fieldend|move: Trick Room\n|upkeep\n|\n|t:|1700858685\n|switch|p1a: ElSe\u00f1orDeLaNoche|Gliscor, M|30\/100 tox\n|-heal|p1a: ElSe\u00f1orDeLaNoche|100\/100|[from] move: Lunar Dance\n|turn|9\n|\n|t:|1700858701\n|move|p1b: NoVasPrimero|Bullet Punch|p2a: Deportivo Maip\u00fa\n|-damage|p2a: Deportivo Maip\u00fa|0 fnt\n|faint|p2a: Deportivo Maip\u00fa\n|move|p1a: ElSe\u00f1orDeLaNoche|Swords Dance|p1a: ElSe\u00f1orDeLaNoche\n|-boost|p1a: ElSe\u00f1orDeLaNoche|atk|2\n|move|p2b: fluminense|Trick Room|p2b: fluminense\n|-fieldstart|move: Trick Room|[of] p2b: fluminense\n|\n|-status|p1a: ElSe\u00f1orDeLaNoche|tox|[from] item: Toxic Orb\n|upkeep\n|turn|10\n|\n|t:|1700858714\n|move|p2b: fluminense|Lunar Dance||[still]\n|-fail|p2b: fluminense\n|move|p1b: NoVasPrimero|Swords Dance|p1b: NoVasPrimero\n|-boost|p1b: NoVasPrimero|atk|2\n|move|p1a: ElSe\u00f1orDeLaNoche|Facade|p2b: fluminense\n|-damage|p2b: fluminense|55\/100\n|\n|-heal|p2b: fluminense|61\/100|[from] item: Leftovers\n|upkeep\n|turn|11\n|c|\u2606Raichu_2507|gg\n|c|\u2606Xorian-kun|gg\n|\n|t:|1700858726\n|move|p2b: fluminense|Psychic|p1b: NoVasPrimero\n|-resisted|p1b: NoVasPrimero\n|-damage|p1b: NoVasPrimero|15\/100\n|move|p1b: NoVasPrimero|Dual Wingbeat|p2b: fluminense\n|-damage|p2b: fluminense|25\/100\n|-damage|p2b: fluminense|0 fnt\n|faint|p2b: fluminense\n|-hitcount|p2: fluminense|2\n|\n|win|Raichu_2507\n","uploadtime":1700858737,"views":0,"p1id":"raichu2507","p2id":"xoriankun","formatid":"gen9nationaldexdoubles","rating":0,"private":0,"password":""}