{"id":"gen9nationaldexdoubles-1996664229","p1":"Theadonia","p2":"pokryan","format":"[Gen 9] National Dex Doubles","log":"|j|\u2606Theadonia\n|j|\u2606pokryan\n|t:|1700706879\n|gametype|doubles\n|player|p1|Theadonia|roxie|1082\n|player|p2|pokryan|veteran|1097\n|teamsize|p1|6\n|teamsize|p2|6\n|gen|9\n|tier|[Gen 9] National Dex Doubles\n|rated|\n|rule|HP Percentage Mod: HP is shown in percentages\n|rule|Endless Battle Clause: Forcing endless battles is banned\n|rule|OHKO Clause: OHKO moves are banned\n|rule|Evasion Moves Clause: Evasion moves are banned\n|rule|Evasion Abilities Clause: Evasion abilities are banned\n|rule|Species Clause: Limit one of each Pok\u00e9mon\n|rule|Gravity Sleep Clause: The combination of sleep-inducing moves with imperfect accuracy and Gravity or Gigantamax Orbeetle are banned\n|clearpoke\n|poke|p1|Delphox, F|\n|poke|p1|Oricorio-Sensu, F|\n|poke|p1|Kommo-o, M|\n|poke|p1|Wailord, F|\n|poke|p1|Cresselia, F|\n|poke|p1|Ribombee, F|\n|poke|p2|Cresselia, F|\n|poke|p2|Glimmora, F|\n|poke|p2|Umbreon, M|\n|poke|p2|Ursaluna-Bloodmoon, M|\n|poke|p2|Ceruledge, M|\n|poke|p2|Baxcalibur, F|\n|teampreview\n|\n|t:|1700706897\n|start\n|switch|p1a: Oricorio|Oricorio-Sensu, F, shiny|100\/100\n|switch|p1b: Ribombee|Ribombee, F|100\/100\n|switch|p2a: Glimmora|Glimmora, F|100\/100\n|switch|p2b: Baxcalibur|Baxcalibur, F, shiny|100\/100\n|turn|1\n|\n|t:|1700706914\n|-terastallize|p1a: Oricorio|Fairy\n|move|p1b: Ribombee|Quiver Dance|p1b: Ribombee\n|-boost|p1b: Ribombee|spa|1\n|-boost|p1b: Ribombee|spd|1\n|-boost|p1b: Ribombee|spe|1\n|-activate|p1a: Oricorio|ability: Dancer\n|move|p1a: Oricorio|Quiver Dance|p1a: Oricorio|[from]ability: Dancer\n|-boost|p1a: Oricorio|spa|1\n|-boost|p1a: Oricorio|spd|1\n|-boost|p1a: Oricorio|spe|1\n|move|p1a: Oricorio|Quiver Dance|p1a: Oricorio\n|-boost|p1a: Oricorio|spa|1\n|-boost|p1a: Oricorio|spd|1\n|-boost|p1a: Oricorio|spe|1\n|move|p2a: Glimmora|Stealth Rock|p1b: Ribombee\n|-sidestart|p1: Theadonia|move: Stealth Rock\n|move|p2b: Baxcalibur|Dragon Dance|p2b: Baxcalibur\n|-boost|p2b: Baxcalibur|atk|1\n|-boost|p2b: Baxcalibur|spe|1\n|-activate|p1a: Oricorio|ability: Dancer\n|move|p1a: Oricorio|Dragon Dance|p1a: Oricorio|[from]ability: Dancer\n|-boost|p1a: Oricorio|atk|1\n|-boost|p1a: Oricorio|spe|1\n|\n|upkeep\n|turn|2\n|\n|t:|1700706957\n|move|p1a: Oricorio|Revelation Dance|p2b: Baxcalibur\n|-supereffective|p2b: Baxcalibur\n|-damage|p2b: Baxcalibur|0 fnt\n|faint|p2b: Baxcalibur\n|move|p1b: Ribombee|Quiver Dance|p1b: Ribombee\n|-boost|p1b: Ribombee|spa|1\n|-boost|p1b: Ribombee|spd|1\n|-boost|p1b: Ribombee|spe|1\n|-activate|p1a: Oricorio|ability: Dancer\n|move|p1a: Oricorio|Quiver Dance|p1a: Oricorio|[from]ability: Dancer\n|-boost|p1a: Oricorio|spa|1\n|-boost|p1a: Oricorio|spd|1\n|-boost|p1a: Oricorio|spe|1\n|move|p2a: Glimmora|Sludge Wave|p1b: Ribombee|[spread] p1a,p1b\n|-supereffective|p1a: Oricorio\n|-supereffective|p1b: Ribombee\n|-damage|p1a: Oricorio|60\/100\n|-damage|p1b: Ribombee|36\/100\n|\n|upkeep\n|\n|t:|1700706977\n|switch|p2b: Umbreon|Umbreon, M, shiny|100\/100\n|turn|3\n|\n|t:|1700706994\n|move|p2b: Umbreon|Protect|p2b: Umbreon\n|-singleturn|p2b: Umbreon|Protect\n|move|p1b: Ribombee|Dazzling Gleam|p2a: Glimmora|[spread] p2a\n|-activate|p2b: Umbreon|move: Protect\n|-resisted|p2a: Glimmora\n|-damage|p2a: Glimmora|66\/100\n|move|p1a: Oricorio|Substitute|p1a: Oricorio\n|-start|p1a: Oricorio|Substitute\n|-damage|p1a: Oricorio|35\/100\n|move|p2a: Glimmora|Sludge Wave|p1b: Ribombee|[spread] p1a,p1b\n|-activate|p2b: Umbreon|move: Protect\n|-supereffective|p1a: Oricorio\n|-end|p1a: Oricorio|Substitute\n|-supereffective|p1b: Ribombee\n|-damage|p1b: Ribombee|0 fnt\n|faint|p1b: Ribombee\n|\n|upkeep\n|\n|t:|1700707018\n|switch|p1b: Kommo-o|Kommo-o, M, shiny|100\/100\n|-damage|p1b: Kommo-o|94\/100|[from] Stealth Rock\n|turn|4\n|\n|t:|1700707030\n|move|p1a: Oricorio|Substitute|p1a: Oricorio\n|-start|p1a: Oricorio|Substitute\n|-damage|p1a: Oricorio|10\/100\n|-enditem|p1a: Oricorio|Aguav Berry|[eat]\n|-heal|p1a: Oricorio|43\/100|[from] item: Aguav Berry\n|move|p2a: Glimmora|Dazzling Gleam|p1a: Oricorio|[spread] p1a,p1b\n|-activate|p1a: Oricorio|move: Substitute|[damage]\n|-supereffective|p1b: Kommo-o\n|-damage|p1b: Kommo-o|0 fnt\n|faint|p1b: Kommo-o\n|move|p2b: Umbreon|Foul Play|p2a: Glimmora\n|-damage|p2a: Glimmora|47\/100\n|-activate|p2a: Glimmora|ability: Toxic Debris\n|-sidestart|p1: Theadonia|move: Toxic Spikes\n|\n|upkeep\n|\n|t:|1700707046\n|switch|p1b: Cresselia|Cresselia, F|100\/100\n|-damage|p1b: Cresselia|88\/100|[from] Stealth Rock\n|turn|5\n|\n|t:|1700707057\n|move|p2b: Umbreon|Protect|p2b: Umbreon\n|-singleturn|p2b: Umbreon|Protect\n|move|p1a: Oricorio|Baton Pass|p1a: Oricorio\n|\n|t:|1700707061\n|switch|p1a: Wailord|Wailord, F, shiny|100\/100|[from] Baton Pass\n|-damage|p1a: Wailord|88\/100|[from] Stealth Rock\n|-status|p1a: Wailord|psn\n|-ability|p1a: Wailord|Pressure\n|move|p2a: Glimmora|Sludge Wave|p1b: Cresselia|[spread] p1a,p1b\n|-activate|p2b: Umbreon|move: Protect\n|-end|p1a: Wailord|Substitute\n|-damage|p1b: Cresselia|63\/100\n|move|p1b: Cresselia|Psych Up|p1a: Wailord\n|-copyboost|p1b: Cresselia|p1a: Wailord|[from] move: Psych Up\n|\n|-heal|p1b: Cresselia|69\/100|[from] item: Leftovers\n|-heal|p1a: Wailord|94\/100 psn|[from] item: Leftovers\n|-damage|p1a: Wailord|82\/100 psn|[from] psn\n|upkeep\n|turn|6\n|\n|t:|1700707105\n|move|p1b: Cresselia|Lunar Blessing|p1b: Cresselia|[spread] p1a,p1b\n|-heal|p1a: Wailord|100\/100 psn\n|-curestatus|p1a: Wailord|psn|[msg]\n|-heal|p1b: Cresselia|94\/100\n|move|p1a: Wailord|Water Spout|p2a: Glimmora|[spread] p2a,p2b\n|-supereffective|p2a: Glimmora\n|-damage|p2a: Glimmora|0 fnt\n|-damage|p2b: Umbreon|31\/100\n|faint|p2a: Glimmora\n|move|p2b: Umbreon|Toxic|p1b: Cresselia\n|-status|p1b: Cresselia|tox\n|\n|-heal|p1b: Cresselia|99\/100 tox|[from] item: Leftovers\n|-heal|p2b: Umbreon|37\/100|[from] item: Leftovers\n|-damage|p1b: Cresselia|94\/100 tox|[from] psn\n|upkeep\n|\n|t:|1700707126\n|switch|p2a: Cresselia|Cresselia, F|100\/100\n|turn|7\n|\n|t:|1700707139\n|move|p1b: Cresselia|Lunar Blessing|p1b: Cresselia|[spread] p1a,p1b\n|-heal|p1b: Cresselia|100\/100 tox\n|-curestatus|p1b: Cresselia|tox|[msg]\n|move|p1a: Wailord|Water Spout|p2b: Umbreon|[spread] p2a,p2b\n|-damage|p2a: Cresselia|15\/100\n|-damage|p2b: Umbreon|0 fnt\n|faint|p2b: Umbreon\n|move|p2a: Cresselia|Calm Mind|p2a: Cresselia\n|-boost|p2a: Cresselia|spa|1\n|-boost|p2a: Cresselia|spd|1\n|\n|-heal|p2a: Cresselia|21\/100|[from] item: Leftovers\n|upkeep\n|\n|t:|1700707158\n|switch|p2b: Ursaluna|Ursaluna-Bloodmoon, M|100\/100\n|turn|8\n|\n|t:|1700707171\n|move|p1b: Cresselia|Stored Power|p2b: Ursaluna\n|-damage|p2b: Ursaluna|0 fnt\n|faint|p2b: Ursaluna\n|move|p1a: Wailord|Water Spout|p2a: Cresselia\n|-damage|p2a: Cresselia|0 fnt\n|faint|p2a: Cresselia\n|\n|upkeep\n|\n|t:|1700707183\n|switch|p2b: Ceruledge|Ceruledge, M, shiny|100\/100\n|turn|9\n|\n|t:|1700707192\n|move|p1b: Cresselia|Stored Power|p2b: Ceruledge\n|-damage|p2b: Ceruledge|0 fnt\n|faint|p2b: Ceruledge\n|\n|win|Theadonia\n|raw|Theadonia's rating: 1082 &rarr; <strong>1111<\/strong><br \/>(+29 for winning)\n|raw|pokryan's rating: 1097 &rarr; <strong>1071<\/strong><br \/>(-26 for losing)\n|l|\u2606pokryan\n","uploadtime":1700707199,"views":0,"p1id":"theadonia","p2id":"pokryan","formatid":"gen9nationaldexdoubles","rating":1071,"private":0,"password":""}