{"id":"gen9nationaldexdoubles-1993097063","p1":"kanotation","p2":"Codradin","format":"[Gen 9] National Dex Doubles","log":"|j|\u2606kanotation\n|j|\u2606Codradin\n|t:|1700264391\n|gametype|doubles\n|player|p1|kanotation|ethan-masters|\n|player|p2|Codradin|lucy|\n|teamsize|p1|6\n|teamsize|p2|6\n|gen|9\n|tier|[Gen 9] National Dex Doubles\n|rule|HP Percentage Mod: HP is shown in percentages\n|rule|Endless Battle Clause: Forcing endless battles is banned\n|rule|OHKO Clause: OHKO moves are banned\n|rule|Evasion Moves Clause: Evasion moves are banned\n|rule|Evasion Abilities Clause: Evasion abilities are banned\n|rule|Species Clause: Limit one of each Pok\u00e9mon\n|rule|Gravity Sleep Clause: The combination of sleep-inducing moves with imperfect accuracy and Gravity or Gigantamax Orbeetle are banned\n|clearpoke\n|poke|p1|Typhlosion, M|\n|poke|p1|Scizor, M|\n|poke|p1|Quagsire, M|\n|poke|p1|Crobat, F|\n|poke|p1|Tyranitar, M|\n|poke|p1|Jumpluff, F|\n|poke|p2|Charizard, M|\n|poke|p2|Zapdos|\n|poke|p2|Nidoking, M|\n|poke|p2|Vileplume, M|\n|poke|p2|Arcanine-Hisui, M|\n|poke|p2|Lapras, F|\n|teampreview\n|\n|t:|1700264397\n|start\n|switch|p1a: Starfighter|Crobat, F|100\/100\n|switch|p1b: Rust|Scizor, M|100\/100\n|switch|p2a: Miki|Charizard, M|100\/100\n|switch|p2b: Venge|Arcanine-Hisui, M|100\/100\n|turn|1\n|\n|t:|1700264424\n|move|p1b: Rust|Protect|p1b: Rust\n|-singleturn|p1b: Rust|Protect\n|move|p1a: Starfighter|U-turn|p2b: Venge\n|-resisted|p2b: Venge\n|-damage|p2b: Venge|89\/100\n|\n|t:|1700264432\n|switch|p1a: Sir.|Quagsire, M|100\/100|[from] U-turn\n|move|p2a: Miki|Flamethrower|p1b: Rust\n|-activate|p1b: Rust|move: Protect\n|move|p2b: Venge|Head Smash|p1a: Sir.\n|-resisted|p1a: Sir.\n|-damage|p1a: Sir.|48\/100\n|\n|upkeep\n|turn|2\n|\n|t:|1700264448\n|switch|p1b: Gojira|Tyranitar, M|100\/100\n|-weather|Sandstorm|[from] ability: Sand Stream|[of] p1b: Gojira\n|-terastallize|p2b: Venge|Flying\n|move|p2a: Miki|Flamethrower|p1b: Gojira\n|-resisted|p1b: Gojira\n|-crit|p1b: Gojira\n|-damage|p1b: Gojira|81\/100\n|move|p2b: Venge|Head Smash|p1a: Sir.\n|-resisted|p1a: Sir.\n|-damage|p1a: Sir.|0 fnt\n|faint|p1a: Sir.\n|\n|-weather|Sandstorm|[upkeep]\n|-damage|p2a: Miki|94\/100|[from] Sandstorm\n|-damage|p2b: Venge|83\/100|[from] Sandstorm\n|-heal|p1b: Gojira|87\/100|[from] item: Leftovers\n|upkeep\n|\n|t:|1700264465\n|switch|p1a: Starfighter|Crobat, F|100\/100\n|turn|3\n|\n|t:|1700264473\n|detailschange|p2a: Miki|Charizard-Mega-Y, M\n|-mega|p2a: Miki|Charizard|Charizardite Y\n|-weather|SunnyDay|[from] ability: Drought|[of] p2a: Miki\n|move|p1a: Starfighter|U-turn|p2a: Miki\n|-resisted|p2a: Miki\n|-damage|p2a: Miki|88\/100\n|\n|t:|1700264481\n|switch|p1a: Expo|Typhlosion, M|100\/100|[from] U-turn\n|move|p2a: Miki|Solar Beam||[still]\n|-prepare|p2a: Miki|Solar Beam\n|-anim|p2a: Miki|Solar Beam|p1b: Gojira\n|-supereffective|p1b: Gojira\n|-damage|p1b: Gojira|0 fnt\n|faint|p1b: Gojira\n|move|p2b: Venge|Head Smash|p1a: Expo\n|-supereffective|p1a: Expo\n|-damage|p1a: Expo|0 fnt\n|faint|p1a: Expo\n|\n|-weather|SunnyDay|[upkeep]\n|upkeep\n|\n|t:|1700264499\n|switch|p1a: Rust|Scizor, M|100\/100\n|switch|p1b: Starfighter|Crobat, F|100\/100\n|turn|4\n|\n|t:|1700264517\n|detailschange|p1a: Rust|Scizor-Mega, M\n|-mega|p1a: Rust|Scizor|Scizorite\n|move|p1a: Rust|Protect|p1a: Rust\n|-singleturn|p1a: Rust|Protect\n|move|p1b: Starfighter|Brave Bird|p2a: Miki\n|-damage|p2a: Miki|22\/100\n|-damage|p1b: Starfighter|80\/100|[from] Recoil\n|move|p2a: Miki|Heat Wave|p1b: Starfighter|[spread] p1b\n|-activate|p1a: Rust|move: Protect\n|-damage|p1b: Starfighter|0 fnt\n|faint|p1b: Starfighter\n|move|p2b: Venge|Head Smash|p1a: Rust\n|-activate|p1a: Rust|move: Protect\n|\n|-weather|SunnyDay|[upkeep]\n|upkeep\n|\n|t:|1700264532\n|switch|p1b: Happi|Jumpluff, F|100\/100\n|turn|5\n|\n|t:|1700264592\n|move|p1a: Rust|Bullet Punch|p2a: Miki\n|-resisted|p2a: Miki\n|-damage|p2a: Miki|0 fnt\n|faint|p2a: Miki\n|move|p1b: Happi|Tailwind|p1b: Happi\n|-sidestart|p1: kanotation|move: Tailwind\n|move|p2b: Venge|Head Smash|p1b: Happi\n|-supereffective|p1b: Happi\n|-enditem|p1b: Happi|Focus Sash\n|-damage|p1b: Happi|1\/100\n|\n|-weather|SunnyDay|[upkeep]\n|upkeep\n|\n|t:|1700264602\n|switch|p2a: Royal|Nidoking, M|100\/100\n|turn|6\n|\n|t:|1700264631\n|move|p1b: Happi|Helping Hand|p1a: Rust\n|-singleturn|p1a: Rust|Helping Hand|[of] p1b: Happi\n|move|p1a: Rust|Dual Wingbeat|p2a: Royal\n|-damage|p2a: Royal|43\/100\n|-damage|p2a: Royal|0 fnt\n|faint|p2a: Royal\n|-hitcount|p2: Royal|2\n|move|p2b: Venge|Head Smash|p1b: Happi\n|-supereffective|p1b: Happi\n|-damage|p1b: Happi|0 fnt\n|faint|p1b: Happi\n|\n|-weather|SunnyDay|[upkeep]\n|upkeep\n|\n|t:|1700264643\n|switch|p2a: Static|Zapdos|100\/100\n|turn|7\n|\n|t:|1700264652\n|move|p2a: Static|Weather Ball|p1a: Rust\n|-supereffective|p1a: Rust\n|-damage|p1a: Rust|0 fnt\n|faint|p1a: Rust\n|\n|win|Codradin\n","uploadtime":1700264671,"views":6,"p1id":"kanotation","p2id":"codradin","formatid":"gen9nationaldexdoubles","rating":0,"private":0,"password":""}