{"id":"gen9nationaldexdoubles-1956239186","p1":"Jolly stranger","p2":"Leonarth5","format":"[Gen 9] National Dex Doubles","log":"|j|\u2606Jolly stranger\n|j|\u2606Leonarth5\n|t:|1696088628\n|gametype|doubles\n|player|p1|Jolly stranger|gentleman-gen4dp|\n|player|p2|Leonarth5|acetrainersnowf|\n|teamsize|p1|6\n|teamsize|p2|6\n|gen|9\n|tier|[Gen 9] National Dex Doubles\n|rule|HP Percentage Mod: HP is shown in percentages\n|rule|Endless Battle Clause: Forcing endless battles is banned\n|rule|OHKO Clause: OHKO moves are banned\n|rule|Evasion Moves Clause: Evasion moves are banned\n|rule|Evasion Abilities Clause: Evasion abilities are banned\n|rule|Species Clause: Limit one of each Pok\u00e9mon\n|rule|Gravity Sleep Clause: The combination of sleep-inducing moves with imperfect accuracy and Gravity or Gigantamax Orbeetle are banned\n|clearpoke\n|poke|p1|Arcanine, F|\n|poke|p1|Spinda, M|\n|poke|p1|Tauros-Paldea-Aqua, M|\n|poke|p1|Froslass, F|\n|poke|p1|Gengar, M|\n|poke|p1|Indeedee-F, F|\n|poke|p2|Scizor, M|\n|poke|p2|Azumarill, M|\n|poke|p2|Moltres-Galar|\n|poke|p2|Meowscarada, F|\n|poke|p2|Ditto|\n|poke|p2|Cresselia, F|\n|teampreview\n|j| SgtSmilies\n|\n|t:|1696088642\n|start\n|switch|p1a: Smilies|Tauros-Paldea-Aqua, M|100\/100\n|switch|p1b: Cannon Fodder|Froslass, F|100\/100\n|switch|p2a: Azumarill|Azumarill, M|100\/100\n|switch|p2b: Meowscarada|Meowscarada, F, shiny|100\/100\n|turn|1\n|inactive|Battle timer is ON: inactive players will automatically lose when time's up. (requested by Jolly stranger)\n|\n|t:|1696088715\n|-terastallize|p1a: Smilies|Grass\n|move|p2a: Azumarill|Aqua Jet|p1b: Cannon Fodder\n|-damage|p1b: Cannon Fodder|66\/100\n|move|p1b: Cannon Fodder|Frost Breath|p1a: Smilies\n|-supereffective|p1a: Smilies\n|-crit|p1a: Smilies\n|-damage|p1a: Smilies|30\/100\n|-setboost|p1a: Smilies|atk|6|[from] ability: Anger Point\n|move|p2b: Meowscarada|Knock Off|p1b: Cannon Fodder\n|-start|p2b: Meowscarada|typechange|Dark|[from] ability: Protean\n|-supereffective|p1b: Cannon Fodder\n|-damage|p1b: Cannon Fodder|0 fnt\n|-enditem|p1b: Cannon Fodder|Choice Scarf|[from] move: Knock Off|[of] p2b: Meowscarada\n|faint|p1b: Cannon Fodder\n|move|p1a: Smilies|Rock Slide|p2b: Meowscarada|[spread] p2a,p2b\n|-damage|p2a: Azumarill|6\/100\n|-damage|p2b: Meowscarada|0 fnt\n|-enditem|p2a: Azumarill|Sitrus Berry|[eat]\n|-heal|p2a: Azumarill|31\/100|[from] item: Sitrus Berry\n|faint|p2b: Meowscarada\n|-damage|p1a: Smilies|20\/100|[from] item: Life Orb\n|\n|upkeep\n|\n|t:|1696088735\n|switch|p2b: Ditto|Ditto, shiny|100\/100\n|switch|p1b: It learns SING?|Spinda, M|100\/100\n|-transform|p2b: Ditto|p1a: Smilies|[from] ability: Imposter\n|-start|p2b: Ditto|typechange|Fighting\/Water|[silent]\n|turn|2\n|inactive|Leonarth5 has 270 seconds left.\n|\n|t:|1696088794\n|switch|p2a: Cresselia|Cresselia, F|100\/100\n|move|p1a: Smilies|Protect|p1a: Smilies\n|-singleturn|p1a: Smilies|Protect\n|move|p2b: Ditto|Rock Slide|p1b: It learns SING?|[spread] p1b\n|-activate|p1a: Smilies|move: Protect\n|-enditem|p1b: It learns SING?|Focus Sash\n|-damage|p1b: It learns SING?|1\/100\n|move|p1b: It learns SING?|Psych Up|p2b: Ditto\n|-copyboost|p1b: It learns SING?|p2b: Ditto|[from] move: Psych Up\n|\n|upkeep\n|turn|3\n|\n|t:|1696088819\n|move|p2b: Ditto|Rock Slide|p1a: Smilies|[spread] p1a,p1b\n|-damage|p1a: Smilies|0 fnt\n|-damage|p1b: It learns SING?|0 fnt\n|faint|p1a: Smilies\n|faint|p1b: It learns SING?\n|move|p2a: Cresselia|Reflect|p2a: Cresselia\n|-sidestart|p2: Leonarth5|Reflect\n|\n|upkeep\n|\n|t:|1696088827\n|switch|p1a: Here for Ditto|Gengar, M|100\/100\n|switch|p1b: Expand Don-|Indeedee-F, F|100\/100\n|-fieldstart|move: Psychic Terrain|[from] ability: Psychic Surge|[of] p1b: Expand Don-\n|turn|4\n|inactive|Leonarth5 has 270 seconds left.\n|\n|t:|1696088845\n|move|p1a: Here for Ditto|Endure|p1a: Here for Ditto\n|-singleturn|p1a: Here for Ditto|move: Endure\n|move|p2b: Ditto|Rock Slide|p1b: Expand Don-|[spread] p1a,p1b\n|-activate|p1a: Here for Ditto|move: Endure\n|-damage|p1a: Here for Ditto|1\/100\n|-damage|p1b: Expand Don-|3\/100\n|move|p1b: Expand Don-|Reflect|p1b: Expand Don-\n|-sidestart|p1: Jolly stranger|Reflect\n|move|p2a: Cresselia|Light Screen|p2a: Cresselia\n|-sidestart|p2: Leonarth5|move: Light Screen\n|\n|upkeep\n|turn|5\n|inactive|Leonarth5 has 270 seconds left.\n|inactive|Jolly stranger has 270 seconds left.\n|-enditem|p1a: Here for Ditto|Custap Berry|[eat]\n|-activate|p1a: Here for Ditto|item: Custap Berry|[consumed]\n|\n|t:|1696088883\n|switch|p2a: Scizor|Scizor, M|100\/100\n|move|p1a: Here for Ditto|Haze|p1a: Here for Ditto\n|-clearallboost\n|move|p2b: Ditto|Rock Slide|p1a: Here for Ditto|[spread] p1a,p1b\n|-damage|p1a: Here for Ditto|0 fnt\n|-damage|p1b: Expand Don-|0 fnt\n|faint|p1a: Here for Ditto\n|faint|p1b: Expand Don-\n|\n|upkeep\n|\n|t:|1696088894\n|switch|p1b: Befuddled|Arcanine, F|100\/100\n|-ability|p1b: Befuddled|Intimidate|boost\n|-unboost|p2a: Scizor|atk|1\n|-unboost|p2b: Ditto|atk|1\n|turn|6\n|inactive|Leonarth5 has 270 seconds left.\n|\n|t:|1696088919\n|switch|p2a: Moltres|Moltres-Galar|100\/100\n|move|p2b: Ditto|Rock Slide|p1b: Befuddled\n|-supereffective|p1b: Befuddled\n|-damage|p1b: Befuddled|79\/100\n|cant|p1b: Befuddled|flinch\n|\n|-heal|p1b: Befuddled|86\/100|[from] item: Leftovers\n|upkeep\n|turn|7\n|c|\u2606Jolly stranger|My wariness of flower trick spelt my end.\n|inactive|Leonarth5 has 270 seconds left.\n|\n|t:|1696088945\n|-activate|p2b: Ditto|move: Struggle\n|move|p2b: Ditto|Struggle|p1b: Befuddled\n|-damage|p1b: Befuddled|78\/100\n|-damage|p2b: Ditto|75\/100|[from] recoil\n|move|p1b: Befuddled|Flare Blitz|p2a: Moltres\n|-damage|p2a: Moltres|65\/100\n|-status|p2a: Moltres|brn\n|-damage|p1b: Befuddled|68\/100|[from] Recoil\n|move|p2a: Moltres|Substitute|p2a: Moltres\n|-start|p2a: Moltres|Substitute\n|-damage|p2a: Moltres|40\/100 brn\n|\n|-heal|p1b: Befuddled|74\/100|[from] item: Leftovers\n|-damage|p2a: Moltres|34\/100 brn|[from] brn\n|-sideend|p2: Leonarth5|Reflect\n|upkeep\n|turn|8\n|\n|t:|1696088967\n|switch|p2b: Cresselia|Cresselia, F|100\/100\n|move|p1b: Befuddled|Flare Blitz|p2a: Moltres\n|-end|p2a: Moltres|Substitute\n|-damage|p1b: Befuddled|67\/100|[from] Recoil|[of] p2a: Moltres\n|move|p2a: Moltres|Nasty Plot|p2a: Moltres\n|-boost|p2a: Moltres|spa|2\n|\n|-heal|p1b: Befuddled|74\/100|[from] item: Leftovers\n|-damage|p2a: Moltres|28\/100 brn|[from] brn\n|-sideend|p2: Leonarth5|move: Light Screen\n|-fieldend|move: Psychic Terrain\n|upkeep\n|turn|9\n|inactive|Leonarth5 has 270 seconds left.\n|\n|t:|1696089018\n|switch|p2a: Ditto|Ditto, shiny|75\/100\n|-transform|p2a: Ditto|p1b: Befuddled|[from] ability: Imposter\n|-ability|p2a: Ditto|Intimidate|boost\n|-unboost|p1b: Befuddled|atk|1\n|move|p1b: Befuddled|Flare Blitz|p2a: Ditto\n|-resisted|p2a: Ditto\n|-damage|p2a: Ditto|56\/100\n|-damage|p1b: Befuddled|69\/100|[from] Recoil\n|move|p2b: Cresselia|Lunar Blessing|p2b: Cresselia|[spread] p2a,p2b\n|-heal|p2a: Ditto|81\/100\n|\n|-heal|p1b: Befuddled|75\/100|[from] item: Leftovers\n|upkeep\n|turn|10\n|inactive|Leonarth5 has 270 seconds left.\n|c|\u2606Jolly stranger|Put me out my misery, please.\n|\n|t:|1696089043\n|move|p2a: Ditto|Close Combat|p1b: Befuddled\n|-damage|p1b: Befuddled|52\/100\n|-unboost|p2a: Ditto|def|1\n|-unboost|p2a: Ditto|spd|1\n|move|p1b: Befuddled|Morning Sun|p1b: Befuddled\n|-heal|p1b: Befuddled|100\/100\n|move|p2b: Cresselia|Reflect|p2b: Cresselia\n|-sidestart|p2: Leonarth5|Reflect\n|\n|upkeep\n|turn|11\n|inactive|Leonarth5 has 270 seconds left.\n|\n|t:|1696089059\n|switch|p2a: Azumarill|Azumarill, M|31\/100\n|move|p1b: Befuddled|Flare Blitz|p2a: Azumarill\n|-resisted|p2a: Azumarill\n|-damage|p2a: Azumarill|21\/100\n|-damage|p1b: Befuddled|97\/100|[from] Recoil\n|move|p2b: Cresselia|Lunar Blessing|p2b: Cresselia|[spread] p2a,p2b\n|-heal|p2a: Azumarill|46\/100\n|\n|-heal|p1b: Befuddled|100\/100|[from] item: Leftovers\n|-sideend|p1: Jolly stranger|Reflect\n|upkeep\n|turn|12\n|inactive|Leonarth5 has 270 seconds left.\n|\n|t:|1696089079\n|-terastallize|p2a: Azumarill|Ghost\n|move|p2b: Cresselia|Helping Hand|p2a: Azumarill\n|-singleturn|p2a: Azumarill|Helping Hand|[of] p2b: Cresselia\n|move|p1b: Befuddled|Extreme Speed|p2a: Azumarill\n|-immune|p2a: Azumarill\n|move|p2a: Azumarill|Aqua Jet|p1b: Befuddled\n|-supereffective|p1b: Befuddled\n|-damage|p1b: Befuddled|16\/100\n|\n|-heal|p1b: Befuddled|22\/100|[from] item: Leftovers\n|upkeep\n|turn|13\n|\n|t:|1696089092\n|move|p2a: Azumarill|Aqua Jet|p1b: Befuddled\n|-supereffective|p1b: Befuddled\n|-damage|p1b: Befuddled|0 fnt\n|faint|p1b: Befuddled\n|\n|win|Leonarth5\n|c|\u2606Jolly stranger|GG!\n|l|\u2606Jolly stranger\n|c|\u2606Leonarth5|gg\n","uploadtime":1696089101,"views":16,"p1id":"jollystranger","p2id":"leonarth5","formatid":"gen9nationaldexdoubles","rating":0,"private":0,"password":""}