{"id":"gen9nationaldexdoubles-1999493713","p1":"yjys","p2":"knightgem","format":"[Gen 9] National Dex Doubles","log":"|j|\u2606yjys\n|j|\u2606knightgem\n|t:|1701088725\n|gametype|doubles\n|player|p1|yjys|102|1183\n|player|p2|knightgem|#knightgem|1202\n|teamsize|p1|6\n|teamsize|p2|6\n|gen|9\n|tier|[Gen 9] National Dex Doubles\n|rated|\n|rule|HP Percentage Mod: HP is shown in percentages\n|rule|Endless Battle Clause: Forcing endless battles is banned\n|rule|OHKO Clause: OHKO moves are banned\n|rule|Evasion Moves Clause: Evasion moves are banned\n|rule|Evasion Abilities Clause: Evasion abilities are banned\n|rule|Species Clause: Limit one of each Pok\u00e9mon\n|rule|Gravity Sleep Clause: The combination of sleep-inducing moves with imperfect accuracy and Gravity or Gigantamax Orbeetle are banned\n|clearpoke\n|poke|p1|Ogerpon-Wellspring, F|\n|poke|p1|Garganacl, M|\n|poke|p1|Empoleon, M|\n|poke|p1|Chandelure, M|\n|poke|p1|Amoonguss, F|\n|poke|p1|Ursaluna, F|\n|poke|p2|Primarina, F|\n|poke|p2|Skeledirge, M|\n|poke|p2|Rillaboom, M|\n|poke|p2|Toxtricity, M|\n|poke|p2|Kommo-o, F|\n|poke|p2|Clefairy, M|\n|teampreview\n|inactive|Battle timer is ON: inactive players will automatically lose when time's up. (requested by knightgem)\n|\n|t:|1701088741\n|start\n|switch|p1a: Ogerpon|Ogerpon-Wellspring, F|100\/100\n|switch|p1b: Chandelure|Chandelure, M|100\/100\n|switch|p2a: Kommo-o|Kommo-o, F|100\/100\n|switch|p2b: Clefairy|Clefairy, M|100\/100\n|turn|1\n|\n|t:|1701088761\n|move|p1b: Chandelure|Flamethrower|p2b: Clefairy\n|-damage|p2b: Clefairy|66\/100\n|move|p2a: Kommo-o|Substitute|p2a: Kommo-o\n|-start|p2a: Kommo-o|Substitute\n|-damage|p2a: Kommo-o|75\/100\n|move|p1a: Ogerpon|Leech Seed||[still]\n|-fail|p1a: Ogerpon\n|move|p2b: Clefairy|Wish|p2b: Clefairy\n|\n|upkeep\n|turn|2\n|\n|t:|1701088782\n|move|p2b: Clefairy|Ally Switch|p2b: Clefairy\n|swap|p2b: Clefairy|0|[from] move: Ally Switch\n|move|p1b: Chandelure|Flamethrower|p2a: Clefairy\n|-damage|p2a: Clefairy|28\/100\n|move|p2b: Kommo-o|Belly Drum|p2b: Kommo-o\n|-damage|p2b: Kommo-o|25\/100\n|-setboost|p2b: Kommo-o|atk|6|[from] move: Belly Drum\n|-enditem|p2b: Kommo-o|Salac Berry|[eat]\n|-boost|p2b: Kommo-o|spe|1|[from] item: Salac Berry\n|move|p1a: Ogerpon|Leech Seed||[still]\n|-fail|p1a: Ogerpon\n|\n|-heal|p2b: Kommo-o|79\/100|[from] move: Wish|[wisher] Clefairy\n|upkeep\n|turn|3\n|\n|t:|1701088806\n|move|p2b: Kommo-o|Drain Punch|p1a: Ogerpon\n|-damage|p1a: Ogerpon|0 fnt\n|-heal|p2b: Kommo-o|100\/100|[from] drain|[of] p1a: Ogerpon\n|faint|p1a: Ogerpon\n|move|p1b: Chandelure|Will-O-Wisp|p2b: Kommo-o\n|-status|p2b: Kommo-o|brn\n|move|p2a: Clefairy|Wish|p2a: Clefairy\n|\n|-damage|p2b: Kommo-o|94\/100 brn|[from] brn\n|upkeep\n|\n|t:|1701088818\n|switch|p1a: Amoonguss|Amoonguss, F|100\/100\n|turn|4\n|\n|t:|1701088834\n|move|p1a: Amoonguss|Rage Powder|p1a: Amoonguss\n|-singleturn|p1a: Amoonguss|move: Rage Powder\n|move|p2b: Kommo-o|Drain Punch|p1a: Amoonguss\n|-resisted|p1a: Amoonguss\n|-damage|p1a: Amoonguss|66\/100\n|-heal|p2b: Kommo-o|100\/100 brn|[from] drain|[of] p1a: Amoonguss\n|move|p1b: Chandelure|Flamethrower|p2a: Clefairy\n|-damage|p2a: Clefairy|0 fnt\n|faint|p2a: Clefairy\n|\n|-heal|p1a: Amoonguss|73\/100|[from] item: Black Sludge\n|-damage|p2b: Kommo-o|94\/100 brn|[from] brn\n|upkeep\n|\n|t:|1701088851\n|switch|p2a: Primarina|Primarina, F|100\/100\n|turn|5\n|\n|t:|1701088863\n|switch|p1b: Empoleon|Empoleon, M|100\/100\n|move|p2b: Kommo-o|Drain Punch|p1a: Amoonguss\n|-resisted|p1a: Amoonguss\n|-damage|p1a: Amoonguss|38\/100\n|-heal|p2b: Kommo-o|100\/100 brn|[from] drain|[of] p1a: Amoonguss\n|move|p2a: Primarina|Sparkling Aria|p1b: Empoleon|[spread] p1a,p1b\n|-immune|p2b: Kommo-o|[from] ability: Soundproof\n|-resisted|p1a: Amoonguss\n|-resisted|p1b: Empoleon\n|-damage|p1a: Amoonguss|25\/100\n|-damage|p1b: Empoleon|82\/100\n|move|p1a: Amoonguss|Toxic|p2a: Primarina\n|-status|p2a: Primarina|tox\n|\n|-heal|p1a: Amoonguss|31\/100|[from] item: Black Sludge\n|-damage|p2a: Primarina|95\/100 tox|[from] psn\n|-damage|p2b: Kommo-o|94\/100 brn|[from] brn\n|upkeep\n|turn|6\n|inactive|yjys has 120 seconds left.\n|\n|t:|1701088898\n|switch|p2a: Toxtricity|Toxtricity, M|100\/100\n|switch|p1a: Garganacl|Garganacl, M|100\/100\n|move|p2b: Kommo-o|Drain Punch|p1b: Empoleon\n|-supereffective|p1b: Empoleon\n|-damage|p1b: Empoleon|0 fnt\n|-heal|p2b: Kommo-o|100\/100 brn|[from] drain|[of] p1b: Empoleon\n|faint|p1b: Empoleon\n|\n|-damage|p2b: Kommo-o|94\/100 brn|[from] brn\n|upkeep\n|inactive|yjys has 120 seconds left.\n|\n|t:|1701088912\n|switch|p1b: Chandelure|Chandelure, M|100\/100\n|turn|7\n|\n|t:|1701088927\n|move|p2b: Kommo-o|Drain Punch|p1a: Garganacl\n|-supereffective|p1a: Garganacl\n|-damage|p1a: Garganacl|30\/100\n|-heal|p2b: Kommo-o|100\/100 brn|[from] drain|[of] p1a: Garganacl\n|move|p2a: Toxtricity|Overdrive|p1a: Garganacl|[spread] p1a,p1b\n|-damage|p1a: Garganacl|0 fnt\n|-damage|p1b: Chandelure|42\/100\n|faint|p1a: Garganacl\n|move|p1b: Chandelure|Flamethrower|p2b: Kommo-o\n|-resisted|p2b: Kommo-o\n|-damage|p2b: Kommo-o|72\/100 brn\n|\n|-damage|p2b: Kommo-o|66\/100 brn|[from] brn\n|upkeep\n|inactive|yjys has 120 seconds left.\n|\n|t:|1701088943\n|switch|p1a: Amoonguss|Amoonguss, F|64\/100\n|turn|8\n|\n|t:|1701088957\n|switch|p2a: Primarina|Primarina, F|95\/100 tox\n|move|p2b: Kommo-o|Iron Head|p1b: Chandelure\n|-resisted|p1b: Chandelure\n|-damage|p1b: Chandelure|9\/100\n|move|p1b: Chandelure|Flamethrower|p2b: Kommo-o\n|-resisted|p2b: Kommo-o\n|-damage|p2b: Kommo-o|36\/100 brn\n|move|p1a: Amoonguss|Spore||[still]\n|-fail|p1a: Amoonguss\n|\n|-heal|p1a: Amoonguss|70\/100|[from] item: Black Sludge\n|-damage|p2a: Primarina|89\/100 tox|[from] psn\n|-damage|p2b: Kommo-o|30\/100 brn|[from] brn\n|upkeep\n|turn|9\n|\n|t:|1701088978\n|move|p1a: Amoonguss|Rage Powder|p1a: Amoonguss\n|-singleturn|p1a: Amoonguss|move: Rage Powder\n|move|p2b: Kommo-o|Drain Punch|p1a: Amoonguss\n|-resisted|p1a: Amoonguss\n|-damage|p1a: Amoonguss|37\/100\n|-heal|p2b: Kommo-o|55\/100 brn|[from] drain|[of] p1a: Amoonguss\n|move|p1b: Chandelure|Clear Smog|p2b: Kommo-o\n|-damage|p2b: Kommo-o|34\/100 brn\n|-clearboost|p2b: Kommo-o\n|move|p2a: Primarina|Sparkling Aria|p1a: Amoonguss|[spread] p1a,p1b\n|-immune|p2b: Kommo-o|[from] ability: Soundproof\n|-resisted|p1a: Amoonguss\n|-supereffective|p1b: Chandelure\n|-damage|p1a: Amoonguss|25\/100\n|-damage|p1b: Chandelure|0 fnt\n|faint|p1b: Chandelure\n|\n|-heal|p1a: Amoonguss|32\/100|[from] item: Black Sludge\n|-damage|p2a: Primarina|77\/100 tox|[from] psn\n|-damage|p2b: Kommo-o|28\/100 brn|[from] brn\n|upkeep\n|\n|t:|1701088980\n|switch|p1b: Ursaluna|Ursaluna, F|100\/100\n|turn|10\n|inactive|yjys has 120 seconds left.\n|\n|t:|1701089019\n|move|p2b: Kommo-o|Drain Punch|p1b: Ursaluna\n|-supereffective|p1b: Ursaluna\n|-damage|p1b: Ursaluna|75\/100\n|-heal|p2b: Kommo-o|48\/100 brn|[from] drain|[of] p1b: Ursaluna\n|move|p2a: Primarina|Perish Song|p2a: Primarina\n|-start|p1a: Amoonguss|perish3|[silent]\n|-start|p1b: Ursaluna|perish3|[silent]\n|-start|p2a: Primarina|perish3|[silent]\n|-immune|p2b: Kommo-o|[from] ability: Soundproof\n|-fieldactivate|move: Perish Song\n|move|p1b: Ursaluna|Swords Dance|p1b: Ursaluna\n|-boost|p1b: Ursaluna|atk|2\n|move|p1a: Amoonguss|Toxic|p2a: Primarina\n|-fail|p2a: Primarina|tox\n|\n|-heal|p1a: Amoonguss|38\/100|[from] item: Black Sludge\n|-damage|p2a: Primarina|59\/100 tox|[from] psn\n|-damage|p2b: Kommo-o|42\/100 brn|[from] brn\n|-start|p2a: Primarina|perish3\n|-start|p1b: Ursaluna|perish3\n|-start|p1a: Amoonguss|perish3\n|-status|p1b: Ursaluna|brn|[from] item: Flame Orb\n|upkeep\n|turn|11\n|inactive|yjys has 120 seconds left.\n|inactive|knightgem has 120 seconds left.\n|\n|t:|1701089060\n|move|p2a: Primarina|Protect|p2a: Primarina\n|-singleturn|p2a: Primarina|Protect\n|move|p1a: Amoonguss|Rage Powder|p1a: Amoonguss\n|-singleturn|p1a: Amoonguss|move: Rage Powder\n|move|p2b: Kommo-o|Drain Punch|p1a: Amoonguss\n|-resisted|p1a: Amoonguss\n|-damage|p1a: Amoonguss|29\/100\n|-heal|p2b: Kommo-o|49\/100 brn|[from] drain|[of] p1a: Amoonguss\n|move|p1b: Ursaluna|Facade|p2a: Primarina\n|-activate|p2a: Primarina|move: Protect\n|\n|-heal|p1a: Amoonguss|36\/100|[from] item: Black Sludge\n|-damage|p2a: Primarina|35\/100 tox|[from] psn\n|-damage|p2b: Kommo-o|43\/100 brn|[from] brn\n|-damage|p1b: Ursaluna|69\/100 brn|[from] brn\n|-start|p2a: Primarina|perish2\n|-start|p1b: Ursaluna|perish2\n|-start|p1a: Amoonguss|perish2\n|upkeep\n|turn|12\n|inactive|yjys has 120 seconds left.\n|\n|t:|1701089083\n|switch|p2a: Rillaboom|Rillaboom, M|100\/100\n|-fieldstart|move: Grassy Terrain|[from] ability: Grassy Surge|[of] p2a: Rillaboom\n|-enditem|p2a: Rillaboom|Grassy Seed\n|-boost|p2a: Rillaboom|def|1|[from] item: Grassy Seed\n|move|p1a: Amoonguss|Rage Powder|p1a: Amoonguss\n|-singleturn|p1a: Amoonguss|move: Rage Powder\n|move|p2b: Kommo-o|Drain Punch|p1a: Amoonguss\n|-resisted|p1a: Amoonguss\n|-damage|p1a: Amoonguss|26\/100\n|-heal|p2b: Kommo-o|50\/100 brn|[from] drain|[of] p1a: Amoonguss\n|move|p1b: Ursaluna|Headlong Rush|p2a: Rillaboom\n|-resisted|p2a: Rillaboom\n|-damage|p2a: Rillaboom|37\/100\n|-unboost|p1b: Ursaluna|def|1\n|-unboost|p1b: Ursaluna|spd|1\n|\n|-heal|p2b: Kommo-o|56\/100 brn|[from] Grassy Terrain\n|-heal|p2a: Rillaboom|43\/100|[from] Grassy Terrain\n|-heal|p1b: Ursaluna|75\/100 brn|[from] Grassy Terrain\n|-heal|p1a: Amoonguss|32\/100|[from] Grassy Terrain\n|-heal|p1a: Amoonguss|38\/100|[from] item: Black Sludge\n|-damage|p2b: Kommo-o|50\/100 brn|[from] brn\n|-damage|p1b: Ursaluna|69\/100 brn|[from] brn\n|-start|p1b: Ursaluna|perish1\n|-start|p1a: Amoonguss|perish1\n|upkeep\n|turn|13\n|c|\u2606knightgem|Gg\n|inactive|yjys has 120 seconds left.\n|inactive|yjys has 90 seconds left.\n|inactive|yjys has 60 seconds left.\n|inactive|yjys has 30 seconds left.\n|inactive|yjys has 20 seconds left.\n|inactive|yjys has 15 seconds left.\n|inactive|yjys has 10 seconds left.\n|inactive|yjys has 5 seconds left.\n|-message|yjys lost due to inactivity.\n|\n|win|knightgem\n|raw|yjys's rating: 1183 &rarr; <strong>1159<\/strong><br \/>(-24 for losing)\n|raw|knightgem's rating: 1202 &rarr; <strong>1226<\/strong><br \/>(+24 for winning)\n","uploadtime":1701089249,"views":0,"p1id":"yjys","p2id":"knightgem","formatid":"gen9nationaldexdoubles","rating":1159,"private":0,"password":""}