{"id":"gen9nationaldexdoubles-1964584841","p1":"Theadonia","p2":"SnarkyGobl1n","format":"[Gen 9] National Dex Doubles","log":"|j|\u2606Theadonia\n|j|\u2606SnarkyGobl1n\n|t:|1696982849\n|gametype|doubles\n|player|p1|Theadonia|caitlin|1113\n|player|p2|SnarkyGobl1n|shadowtriad|1000\n|teamsize|p1|6\n|teamsize|p2|6\n|gen|9\n|tier|[Gen 9] National Dex Doubles\n|rated|\n|rule|HP Percentage Mod: HP is shown in percentages\n|rule|Endless Battle Clause: Forcing endless battles is banned\n|rule|OHKO Clause: OHKO moves are banned\n|rule|Evasion Moves Clause: Evasion moves are banned\n|rule|Evasion Abilities Clause: Evasion abilities are banned\n|rule|Species Clause: Limit one of each Pok\u00e9mon\n|rule|Gravity Sleep Clause: The combination of sleep-inducing moves with imperfect accuracy and Gravity or Gigantamax Orbeetle are banned\n|clearpoke\n|poke|p1|Delphox, F|\n|poke|p1|Oricorio-Sensu, M|\n|poke|p1|Kommo-o, F|\n|poke|p1|Wailord, F|\n|poke|p1|Zarude-Dada|\n|poke|p1|Swoobat, F|\n|poke|p2|Maushold-Four|\n|poke|p2|Ninetales-Alola, M|\n|poke|p2|Gholdengo|\n|poke|p2|Clefairy, F|\n|poke|p2|Weavile, M|\n|poke|p2|Lucario, M|\n|teampreview\n|\n|t:|1696982859\n|start\n|switch|p1a: Delphox|Delphox, F, shiny|100\/100\n|switch|p1b: Oricorio|Oricorio-Sensu, M, shiny|100\/100\n|switch|p2a: Maushold|Maushold-Four|100\/100\n|switch|p2b: Ninetales|Ninetales-Alola, M, shiny|100\/100\n|-weather|Snow|[from] ability: Snow Warning|[of] p2b: Ninetales\n|turn|1\n|\n|t:|1696982870\n|move|p2a: Maushold|Follow Me|p2a: Maushold\n|-singleturn|p2a: Maushold|move: Follow Me\n|move|p1a: Delphox|Role Play|p2a: Maushold\n|-endability|p1a: Delphox|Magician|[from] move: Role Play\n|-ability|p1a: Delphox|Friend Guard|[from] move: Role Play|[of] p2a: Maushold\n|move|p2b: Ninetales|Aurora Veil|p2b: Ninetales\n|-sidestart|p2: SnarkyGobl1n|move: Aurora Veil\n|move|p1b: Oricorio|Quiver Dance|p1b: Oricorio\n|-boost|p1b: Oricorio|spa|1\n|-boost|p1b: Oricorio|spd|1\n|-boost|p1b: Oricorio|spe|1\n|\n|-weather|Snow|[upkeep]\n|upkeep\n|turn|2\n|\n|t:|1696982891\n|move|p2a: Maushold|Follow Me|p2a: Maushold\n|-singleturn|p2a: Maushold|move: Follow Me\n|move|p1a: Delphox|Heat Wave|p2b: Ninetales|[spread] p2a,p2b\n|-supereffective|p2b: Ninetales\n|-damage|p2a: Maushold|73\/100\n|-damage|p2b: Ninetales|60\/100\n|move|p1b: Oricorio|Quiver Dance|p1b: Oricorio\n|-boost|p1b: Oricorio|spa|1\n|-boost|p1b: Oricorio|spd|1\n|-boost|p1b: Oricorio|spe|1\n|move|p2b: Ninetales|Nasty Plot|p2b: Ninetales\n|-boost|p2b: Ninetales|spa|2\n|\n|-weather|Snow|[upkeep]\n|upkeep\n|turn|3\n|\n|t:|1696982904\n|move|p2a: Maushold|Follow Me|p2a: Maushold\n|-singleturn|p2a: Maushold|move: Follow Me\n|move|p1b: Oricorio|Substitute|p1b: Oricorio\n|-start|p1b: Oricorio|Substitute\n|-damage|p1b: Oricorio|75\/100\n|move|p1a: Delphox|Copycat|p1a: Delphox\n|move|p1a: Delphox|Substitute|p1a: Delphox|[from]move: Copycat\n|-start|p1a: Delphox|Substitute\n|-damage|p1a: Delphox|76\/100\n|move|p2b: Ninetales|Dazzling Gleam|p1b: Oricorio|[spread] p1a,p1b\n|-resisted|p1a: Delphox\n|-end|p1a: Delphox|Substitute\n|-end|p1b: Oricorio|Substitute\n|\n|-weather|Snow|[upkeep]\n|upkeep\n|turn|4\n|\n|t:|1696982924\n|move|p2a: Maushold|Follow Me|p2a: Maushold\n|-singleturn|p2a: Maushold|move: Follow Me\n|move|p1b: Oricorio|Quiver Dance|p1b: Oricorio\n|-boost|p1b: Oricorio|spa|1\n|-boost|p1b: Oricorio|spd|1\n|-boost|p1b: Oricorio|spe|1\n|move|p1a: Delphox|Heat Wave|p2a: Maushold|[spread] p2a,p2b\n|-supereffective|p2b: Ninetales\n|-damage|p2a: Maushold|44\/100\n|-damage|p2b: Ninetales|18\/100\n|-status|p2a: Maushold|brn\n|move|p2b: Ninetales|Dazzling Gleam|p1a: Delphox|[spread] p1a,p1b\n|-resisted|p1a: Delphox\n|-damage|p1a: Delphox|47\/100\n|-damage|p1b: Oricorio|55\/100\n|\n|-weather|Snow|[upkeep]\n|-damage|p2a: Maushold|37\/100 brn|[from] brn\n|upkeep\n|turn|5\n|\n|t:|1696982947\n|move|p1b: Oricorio|Substitute|p1b: Oricorio\n|-start|p1b: Oricorio|Substitute\n|-damage|p1b: Oricorio|30\/100\n|move|p2a: Maushold|Taunt|p1b: Oricorio\n|-start|p1b: Oricorio|move: Taunt\n|move|p1a: Delphox|Heat Wave|p2b: Ninetales|[spread] p2b\n|-miss|p1a: Delphox|p2a: Maushold\n|-supereffective|p2b: Ninetales\n|-damage|p2b: Ninetales|0 fnt\n|faint|p2b: Ninetales\n|\n|-weather|none\n|-damage|p2a: Maushold|31\/100 brn|[from] brn\n|-sideend|p2: SnarkyGobl1n|move: Aurora Veil\n|upkeep\n|\n|t:|1696982962\n|switch|p2b: Gholdengo|Gholdengo|100\/100\n|-item|p2b: Gholdengo|Air Balloon\n|turn|6\n|\n|t:|1696982978\n|-terastallize|p1b: Oricorio|Fairy\n|move|p1b: Oricorio|Revelation Dance|p2a: Maushold\n|-damage|p2a: Maushold|0 fnt\n|faint|p2a: Maushold\n|move|p1a: Delphox|Heat Wave|p2b: Gholdengo\n|-supereffective|p2b: Gholdengo\n|-damage|p2b: Gholdengo|0 fnt\n|-enditem|p2b: Gholdengo|Air Balloon\n|faint|p2b: Gholdengo\n|\n|upkeep\n|\n|t:|1696982990\n|switch|p2a: Weavile|Weavile, M|100\/100\n|switch|p2b: Lucario|Lucario, M|100\/100\n|turn|7\n|\n|t:|1696983008\n|move|p2b: Lucario|Bullet Punch|p1a: Delphox\n|-resisted|p1a: Delphox\n|-damage|p1a: Delphox|26\/100\n|-damage|p2b: Lucario|91\/100|[from] item: Life Orb\n|move|p1b: Oricorio|Revelation Dance|p2b: Lucario\n|-damage|p2b: Lucario|0 fnt\n|faint|p2b: Lucario\n|move|p2a: Weavile|Beat Up|p2: Lucario|[notarget]\n|-fail|p2a: Weavile\n|move|p1a: Delphox|Heat Wave|p2a: Weavile\n|-supereffective|p2a: Weavile\n|-enditem|p2a: Weavile|Focus Sash\n|-damage|p2a: Weavile|1\/100\n|\n|upkeep\n|\n|t:|1696983023\n|switch|p2b: Clefairy|Clefairy, F|100\/100\n|turn|8\n|\n|t:|1696983039\n|move|p2a: Weavile|Protect|p2a: Weavile\n|-singleturn|p2a: Weavile|Protect\n|move|p1b: Oricorio|Revelation Dance|p2b: Clefairy\n|-damage|p2b: Clefairy|39\/100\n|move|p1a: Delphox|Heat Wave|p2a: Weavile|[spread] p2b\n|-activate|p2a: Weavile|move: Protect\n|-damage|p2b: Clefairy|14\/100\n|move|p2b: Clefairy|Thunderbolt|p1a: Delphox\n|-damage|p1a: Delphox|10\/100\n|\n|-end|p1b: Oricorio|move: Taunt\n|upkeep\n|turn|9\n|\n|t:|1696983062\n|switch|p1a: Zarude|Zarude-Dada|100\/100\n|move|p2a: Weavile|Protect||[still]\n|-fail|p2a: Weavile\n|move|p1b: Oricorio|Baton Pass|p1b: Oricorio\n|\n|t:|1696983068\n|switch|p1b: Wailord|Wailord, F, shiny|100\/100|[from] Baton Pass\n|-ability|p1b: Wailord|Pressure\n|move|p2b: Clefairy|Soft-Boiled|p2b: Clefairy\n|-heal|p2b: Clefairy|64\/100\n|\n|upkeep\n|turn|10\n|-message|SnarkyGobl1n forfeited.\n|\n|win|Theadonia\n|raw|Theadonia's rating: 1113 &rarr; <strong>1130<\/strong><br \/>(+17 for winning)\n|raw|SnarkyGobl1n's rating: 1000 &rarr; <strong>1000<\/strong><br \/>(+0 for losing)\n|l|\u2606SnarkyGobl1n\n","uploadtime":1696983081,"views":13,"p1id":"theadonia","p2id":"snarkygobl1n","formatid":"gen9nationaldexdoubles","rating":1000,"private":0,"password":""}