{"id":"gen9nationaldexdoubles-1962622406","p1":"cediedesu","p2":"Gumbus wumbus","format":"[Gen 9] National Dex Doubles","log":"|j|\u2606cediedesu\n|j|\u2606Gumbus wumbus\n|t:|1696775708\n|gametype|doubles\n|player|p1|cediedesu|acetrainer-gen4dp|\n|player|p2|Gumbus wumbus|clown|\n|teamsize|p1|6\n|teamsize|p2|6\n|gen|9\n|tier|[Gen 9] National Dex Doubles\n|rule|HP Percentage Mod: HP is shown in percentages\n|rule|Endless Battle Clause: Forcing endless battles is banned\n|rule|OHKO Clause: OHKO moves are banned\n|rule|Evasion Moves Clause: Evasion moves are banned\n|rule|Evasion Abilities Clause: Evasion abilities are banned\n|rule|Species Clause: Limit one of each Pok\u00e9mon\n|rule|Gravity Sleep Clause: The combination of sleep-inducing moves with imperfect accuracy and Gravity or Gigantamax Orbeetle are banned\n|clearpoke\n|poke|p1|Ferrothorn, F|\n|poke|p1|Yanmega, F|\n|poke|p1|Sableye, M|\n|poke|p1|Dragalge, F|\n|poke|p1|Trevenant, M|\n|poke|p1|Galvantula, F|\n|poke|p2|Garchomp, F|\n|poke|p2|Ferrothorn, M|\n|poke|p2|Archeops, F|\n|poke|p2|Audino, M|\n|poke|p2|Jellicent, M|\n|poke|p2|Gothitelle, M|\n|teampreview\n|inactive|Battle timer is ON: inactive players will automatically lose when time's up. (requested by cediedesu)\n|\n|t:|1696775728\n|start\n|switch|p1a: Ferrothorn|Ferrothorn, F|100\/100\n|switch|p1b: Galvantula|Galvantula, F|100\/100\n|switch|p2a: Meta|Gothitelle, M|100\/100\n|switch|p2b: hell yeah|Ferrothorn, M|100\/100\n|turn|1\n|\n|t:|1696775742\n|move|p1b: Galvantula|Sticky Web|p2a: Meta\n|-sidestart|p2: Gumbus wumbus|move: Sticky Web\n|move|p2a: Meta|Trick|p1b: Galvantula\n|-activate|p2a: Meta|move: Trick|[of] p1b: Galvantula\n|-item|p1b: Galvantula|Black Sludge|[from] move: Trick\n|-item|p2a: Meta|Sitrus Berry|[from] move: Trick\n|move|p1a: Ferrothorn|Leech Seed|p2a: Meta\n|-start|p2a: Meta|move: Leech Seed\n|move|p2b: hell yeah|Stealth Rock|p1a: Ferrothorn\n|-sidestart|p1: cediedesu|move: Stealth Rock\n|\n|-damage|p1b: Galvantula|88\/100|[from] item: Black Sludge\n|-damage|p2a: Meta|88\/100|[from] Leech Seed|[of] p1a: Ferrothorn\n|upkeep\n|turn|2\n|\n|t:|1696775770\n|move|p2a: Meta|Protect|p2a: Meta\n|-singleturn|p2a: Meta|Protect\n|move|p1b: Galvantula|Infestation|p2b: hell yeah\n|-damage|p2b: hell yeah|95\/100\n|-activate|p2b: hell yeah|move: Infestation|[of] p1b: Galvantula\n|-damage|p1b: Galvantula|75\/100|[from] ability: Iron Barbs|[of] p2b: hell yeah\n|-damage|p1b: Galvantula|59\/100|[from] item: Rocky Helmet|[of] p2b: hell yeah\n|move|p1a: Ferrothorn|Seed Bomb|p2a: Meta\n|-activate|p2a: Meta|move: Protect\n|move|p2b: hell yeah|Leech Seed|p1b: Galvantula\n|-start|p1b: Galvantula|move: Leech Seed\n|\n|-damage|p1b: Galvantula|46\/100|[from] item: Black Sludge\n|-damage|p1b: Galvantula|34\/100|[from] Leech Seed|[of] p2b: hell yeah\n|-heal|p2b: hell yeah|100\/100|[silent]\n|-damage|p2a: Meta|75\/100|[from] Leech Seed|[of] p1a: Ferrothorn\n|-damage|p2b: hell yeah|88\/100|[from] move: Infestation|[partiallytrapped]\n|upkeep\n|turn|3\n|\n|t:|1696775799\n|switch|p2a: The guy|Garchomp, F, shiny|100\/100\n|-activate|p2a: The guy|move: Sticky Web\n|-unboost|p2a: The guy|spe|1\n|move|p1b: Galvantula|Electroweb|p2b: hell yeah|[spread] p2b\n|-immune|p2a: The guy\n|-resisted|p2b: hell yeah\n|-damage|p2b: hell yeah|83\/100\n|-unboost|p2b: hell yeah|spe|1\n|move|p1a: Ferrothorn|Body Press|p2b: hell yeah\n|-supereffective|p2b: hell yeah\n|-damage|p2b: hell yeah|42\/100\n|-damage|p1a: Ferrothorn|88\/100|[from] ability: Iron Barbs|[of] p2b: hell yeah\n|-damage|p1a: Ferrothorn|72\/100|[from] item: Rocky Helmet|[of] p2b: hell yeah\n|move|p2b: hell yeah|Body Press|p1a: Ferrothorn\n|-supereffective|p1a: Ferrothorn\n|-damage|p1a: Ferrothorn|41\/100\n|-damage|p2b: hell yeah|29\/100|[from] ability: Iron Barbs|[of] p1a: Ferrothorn\n|\n|-damage|p1b: Galvantula|21\/100|[from] item: Black Sludge\n|-heal|p1a: Ferrothorn|48\/100|[from] item: Leftovers\n|-damage|p1b: Galvantula|9\/100|[from] Leech Seed|[of] p2b: hell yeah\n|-heal|p2b: hell yeah|41\/100|[silent]\n|-damage|p2b: hell yeah|29\/100|[from] move: Infestation|[partiallytrapped]\n|upkeep\n|turn|4\n|inactive|cediedesu has 270 seconds left.\n|inactive|Gumbus wumbus has 270 seconds left.\n|\n|t:|1696775841\n|move|p1b: Galvantula|Infestation|p2a: The guy\n|-damage|p2a: The guy|93\/100\n|-activate|p2a: The guy|move: Infestation|[of] p1b: Galvantula\n|-damage|p1b: Galvantula|0 fnt|[from] ability: Rough Skin|[of] p2a: The guy\n|faint|p1b: Galvantula\n|move|p2a: The guy|Stomping Tantrum|p1a: Ferrothorn\n|-damage|p1a: Ferrothorn|18\/100\n|-damage|p2a: The guy|81\/100|[from] ability: Iron Barbs|[of] p1a: Ferrothorn\n|-damage|p2a: The guy|71\/100|[from] item: Life Orb\n|move|p1a: Ferrothorn|Leech Seed|p2a: The guy|[miss]\n|-miss|p1a: Ferrothorn|p2a: The guy\n|move|p2b: hell yeah|Leech Seed|p1a: Ferrothorn\n|-immune|p1a: Ferrothorn\n|\n|-heal|p1a: Ferrothorn|25\/100|[from] item: Leftovers\n|-end|p2a: The guy|Infestation|[partiallytrapped]|[silent]\n|-end|p2b: hell yeah|Infestation|[partiallytrapped]|[silent]\n|upkeep\n|inactive|cediedesu has 270 seconds left.\n|\n|t:|1696775869\n|switch|p1b: Yanmega|Yanmega, F|100\/100\n|-damage|p1b: Yanmega|50\/100|[from] Stealth Rock\n|turn|5\n|inactive|cediedesu has 270 seconds left.\n|\n|t:|1696775883\n|move|p1b: Yanmega|Protect|p1b: Yanmega\n|-singleturn|p1b: Yanmega|Protect\n|move|p2a: The guy|Stomping Tantrum|p1a: Ferrothorn\n|-damage|p1a: Ferrothorn|0 fnt\n|-damage|p2a: The guy|59\/100|[from] ability: Iron Barbs|[of] p1a: Ferrothorn\n|faint|p1a: Ferrothorn\n|-damage|p2a: The guy|49\/100|[from] item: Life Orb\n|move|p2b: hell yeah|Leech Seed|p1b: Yanmega\n|-activate|p1b: Yanmega|move: Protect\n|\n|-ability|p1b: Yanmega|Speed Boost|boost\n|-boost|p1b: Yanmega|spe|1\n|upkeep\n|inactive|cediedesu has 240 seconds left.\n|\n|t:|1696775917\n|switch|p1a: Trevenant|Trevenant, M|100\/100\n|-damage|p1a: Trevenant|88\/100|[from] Stealth Rock\n|turn|6\n|\n|t:|1696775939\n|-terastallize|p2a: The guy|Steel\n|move|p1a: Trevenant|Protect|p1a: Trevenant\n|-singleturn|p1a: Trevenant|Protect\n|move|p1b: Yanmega|Bug Buzz|p2a: The guy\n|-resisted|p2a: The guy\n|-damage|p2a: The guy|19\/100\n|-damage|p1b: Yanmega|41\/100|[from] item: Life Orb\n|move|p2a: The guy|Iron Head|p1a: Trevenant\n|-activate|p1a: Trevenant|move: Protect\n|move|p2b: hell yeah|Leech Seed|p1b: Yanmega\n|-start|p1b: Yanmega|move: Leech Seed\n|\n|-damage|p1b: Yanmega|28\/100|[from] Leech Seed|[of] p2b: hell yeah\n|-heal|p2b: hell yeah|40\/100|[silent]\n|-ability|p1b: Yanmega|Speed Boost|boost\n|-boost|p1b: Yanmega|spe|1\n|upkeep\n|turn|7\n|inactive|cediedesu has 270 seconds left.\n|\n|t:|1696775963\n|move|p1b: Yanmega|Protect|p1b: Yanmega\n|-singleturn|p1b: Yanmega|Protect\n|move|p2a: The guy|Protect|p2a: The guy\n|-singleturn|p2a: The guy|Protect\n|move|p2b: hell yeah|Protect|p2b: hell yeah\n|-singleturn|p2b: hell yeah|Protect\n|move|p1a: Trevenant|Horn Leech|p2a: The guy\n|-activate|p2a: The guy|move: Protect\n|\n|-damage|p1b: Yanmega|16\/100|[from] Leech Seed|[of] p2b: hell yeah\n|-heal|p2b: hell yeah|51\/100|[silent]\n|-ability|p1b: Yanmega|Speed Boost|boost\n|-boost|p1b: Yanmega|spe|1\n|upkeep\n|turn|8\n|inactive|cediedesu has 270 seconds left.\n|inactive|Gumbus wumbus has 270 seconds left.\n|\n|t:|1696776010\n|switch|p2a: lightning|Archeops, F|100\/100\n|move|p1b: Yanmega|Psychic|p2a: lightning\n|-damage|p2a: lightning|38\/100\n|-damage|p1b: Yanmega|6\/100|[from] item: Life Orb\n|move|p1a: Trevenant|Destiny Bond|p1a: Trevenant\n|-singlemove|p1a: Trevenant|Destiny Bond\n|move|p2b: hell yeah|Body Press|p1b: Yanmega\n|-resisted|p1b: Yanmega\n|-damage|p1b: Yanmega|0 fnt\n|faint|p1b: Yanmega\n|\n|upkeep\n|\n|t:|1696776027\n|switch|p1b: Sableye|Sableye, M|100\/100\n|-damage|p1b: Sableye|88\/100|[from] Stealth Rock\n|turn|9\n|inactive|cediedesu has 270 seconds left.\n|inactive|Gumbus wumbus has 270 seconds left.\n|\n|t:|1696776047\n|move|p2a: lightning|Protect|p2a: lightning\n|-singleturn|p2a: lightning|Protect\n|move|p2b: hell yeah|Protect|p2b: hell yeah\n|-singleturn|p2b: hell yeah|Protect\n|move|p1b: Sableye|Fake Out|p2a: lightning\n|-activate|p2a: lightning|move: Protect\n|move|p1a: Trevenant|Horn Leech|p2a: lightning\n|-activate|p2a: lightning|move: Protect\n|\n|upkeep\n|turn|10\n|\n|t:|1696776067\n|move|p2a: lightning|U-turn|p1a: Trevenant\n|-damage|p1a: Trevenant|72\/100\n|\n|t:|1696776070\n|switch|p2a: Meta|Gothitelle, M|75\/100|[from] U-turn\n|-activate|p2a: Meta|move: Sticky Web\n|-unboost|p2a: Meta|spe|1\n|move|p1a: Trevenant|Horn Leech|p2a: Meta\n|-damage|p2a: Meta|41\/100\n|-heal|p1a: Trevenant|88\/100|[from] drain|[of] p2a: Meta\n|-enditem|p2a: Meta|Sitrus Berry|[eat]\n|-heal|p2a: Meta|66\/100|[from] item: Sitrus Berry\n|move|p1b: Sableye|Knock Off|p2b: hell yeah\n|-damage|p2b: hell yeah|24\/100\n|-damage|p1b: Sableye|76\/100|[from] ability: Iron Barbs|[of] p2b: hell yeah\n|-damage|p1b: Sableye|60\/100|[from] item: Rocky Helmet|[of] p2b: hell yeah\n|-enditem|p2b: hell yeah|Rocky Helmet|[from] move: Knock Off|[of] p1b: Sableye\n|move|p2b: hell yeah|Leech Seed|p1b: Sableye\n|-start|p1b: Sableye|move: Leech Seed\n|\n|-damage|p1b: Sableye|47\/100|[from] Leech Seed|[of] p2b: hell yeah\n|-heal|p2b: hell yeah|34\/100|[silent]\n|upkeep\n|turn|11\n|\n|t:|1696776098\n|move|p2a: Meta|Protect|p2a: Meta\n|-singleturn|p2a: Meta|Protect\n|move|p2b: hell yeah|Protect|p2b: hell yeah\n|-singleturn|p2b: hell yeah|Protect\n|move|p1b: Sableye|Sucker Punch||[still]\n|-fail|p1b: Sableye\n|move|p1a: Trevenant|Destiny Bond|p1a: Trevenant\n|-singlemove|p1a: Trevenant|Destiny Bond\n|\n|-damage|p1b: Sableye|35\/100|[from] Leech Seed|[of] p2b: hell yeah\n|-heal|p2b: hell yeah|45\/100|[silent]\n|upkeep\n|turn|12\n|\n|t:|1696776126\n|switch|p2a: iwantthisokau|Audino, M, shiny|100\/100\n|-activate|p2a: iwantthisokau|move: Sticky Web\n|-unboost|p2a: iwantthisokau|spe|1\n|move|p2b: hell yeah|Protect|p2b: hell yeah\n|-singleturn|p2b: hell yeah|Protect\n|move|p1b: Sableye|Sucker Punch||[still]\n|-fail|p1b: Sableye\n|move|p1a: Trevenant|Horn Leech|p2a: iwantthisokau\n|-damage|p2a: iwantthisokau|78\/100\n|-heal|p1a: Trevenant|100\/100|[from] drain|[of] p2a: iwantthisokau\n|\n|-damage|p1b: Sableye|23\/100|[from] Leech Seed|[of] p2b: hell yeah\n|-heal|p2b: hell yeah|55\/100|[silent]\n|upkeep\n|turn|13\n|inactive|Gumbus wumbus has 270 seconds left.\n|\n|t:|1696776157\n|detailschange|p2a: iwantthisokau|Audino-Mega, M, shiny\n|-mega|p2a: iwantthisokau|Audino|Audinite\n|move|p1a: Trevenant|Horn Leech|p2a: iwantthisokau\n|-damage|p2a: iwantthisokau|61\/100\n|move|p1b: Sableye|Knock Off|p2a: iwantthisokau\n|-resisted|p2a: iwantthisokau\n|-damage|p2a: iwantthisokau|53\/100\n|move|p2a: iwantthisokau|Heal Pulse|p2b: hell yeah\n|-heal|p2b: hell yeah|100\/100\n|move|p2b: hell yeah|Leech Seed||[still]\n|-fail|p2b: hell yeah\n|\n|-damage|p1b: Sableye|11\/100|[from] Leech Seed|[of] p2b: hell yeah\n|upkeep\n|turn|14\n|inactive|Gumbus wumbus has 270 seconds left.\n|\n|t:|1696776183\n|switch|p1b: Dragalge|Dragalge, F|100\/100\n|-damage|p1b: Dragalge|88\/100|[from] Stealth Rock\n|move|p2a: iwantthisokau|Protect|p2a: iwantthisokau\n|-singleturn|p2a: iwantthisokau|Protect\n|move|p2b: hell yeah|Protect|p2b: hell yeah\n|-singleturn|p2b: hell yeah|Protect\n|move|p1a: Trevenant|Wood Hammer|p2a: iwantthisokau\n|-activate|p2a: iwantthisokau|move: Protect\n|\n|-heal|p1b: Dragalge|94\/100|[from] item: Black Sludge\n|upkeep\n|turn|15\n|\n|t:|1696776208\n|move|p1a: Trevenant|Horn Leech|p2a: iwantthisokau\n|-crit|p2a: iwantthisokau\n|-damage|p2a: iwantthisokau|27\/100\n|move|p1b: Dragalge|Sludge Bomb|p2a: iwantthisokau\n|-supereffective|p2a: iwantthisokau\n|-damage|p2a: iwantthisokau|0 fnt\n|faint|p2a: iwantthisokau\n|move|p2b: hell yeah|Leech Seed|p1b: Dragalge\n|-start|p1b: Dragalge|move: Leech Seed\n|\n|-heal|p1b: Dragalge|100\/100|[from] item: Black Sludge\n|-damage|p1b: Dragalge|88\/100|[from] Leech Seed|[of] p2b: hell yeah\n|upkeep\n|inactive|Gumbus wumbus has 270 seconds left.\n|\n|t:|1696776221\n|switch|p2a: Meta|Gothitelle, M|66\/100\n|-activate|p2a: Meta|move: Sticky Web\n|-unboost|p2a: Meta|spe|1\n|turn|16\n|\n|t:|1696776233\n|move|p2a: Meta|Protect|p2a: Meta\n|-singleturn|p2a: Meta|Protect\n|move|p1b: Dragalge|Protect|p1b: Dragalge\n|-singleturn|p1b: Dragalge|Protect\n|move|p2b: hell yeah|Protect|p2b: hell yeah\n|-singleturn|p2b: hell yeah|Protect\n|move|p1a: Trevenant|Horn Leech|p2a: Meta\n|-activate|p2a: Meta|move: Protect\n|\n|-heal|p1b: Dragalge|94\/100|[from] item: Black Sludge\n|-damage|p1b: Dragalge|82\/100|[from] Leech Seed|[of] p2b: hell yeah\n|upkeep\n|turn|17\n|inactive|cediedesu has 270 seconds left.\n|inactive|Gumbus wumbus has 270 seconds left.\n|\n|t:|1696776265\n|move|p2a: Meta|Expanding Force|p1b: Dragalge\n|-supereffective|p1b: Dragalge\n|-damage|p1b: Dragalge|46\/100\n|move|p1a: Trevenant|Wood Hammer|p2a: Meta\n|-damage|p2a: Meta|17\/100\n|-damage|p1a: Trevenant|85\/100|[from] Recoil\n|move|p1b: Dragalge|Dragon Pulse|p2a: Meta\n|-damage|p2a: Meta|0 fnt\n|faint|p2a: Meta\n|move|p2b: hell yeah|Body Press|p1b: Dragalge\n|-resisted|p1b: Dragalge\n|-damage|p1b: Dragalge|32\/100\n|\n|-heal|p1b: Dragalge|38\/100|[from] item: Black Sludge\n|-damage|p1b: Dragalge|25\/100|[from] Leech Seed|[of] p2b: hell yeah\n|upkeep\n|inactive|Gumbus wumbus has 270 seconds left.\n|\n|t:|1696776283\n|switch|p2a: What could've been|Jellicent, M, shiny|100\/100\n|-activate|p2a: What could've been|move: Sticky Web\n|-unboost|p2a: What could've been|spe|1\n|turn|18\n|inactive|Gumbus wumbus has 270 seconds left.\n|\n|t:|1696776302\n|switch|p1b: Sableye|Sableye, M|11\/100\n|-damage|p1b: Sableye|0 fnt|[from] Stealth Rock\n|faint|p1b: Sableye\n|move|p2a: What could've been|Protect|p2a: What could've been\n|-singleturn|p2a: What could've been|Protect\n|move|p1a: Trevenant|Horn Leech|p2a: What could've been\n|-activate|p2a: What could've been|move: Protect\n|move|p2b: hell yeah|Body Press|p1a: Trevenant\n|-immune|p1a: Trevenant\n|\n|upkeep\n|l|\u2606Gumbus wumbus\n|inactive|Gumbus wumbus disconnected and has 300 seconds to reconnect!\n|player|p2|\n|\n|t:|1696776315\n|switch|p1b: Dragalge|Dragalge, F|25\/100\n|-damage|p1b: Dragalge|13\/100|[from] Stealth Rock\n|turn|19\n|j|\u2606Gumbus wumbus\n|inactive|Gumbus wumbus reconnected and has 300 seconds left.\n|player|p2|Gumbus wumbus|clown\n|\n|t:|1696776336\n|move|p1b: Dragalge|Protect|p1b: Dragalge\n|-singleturn|p1b: Dragalge|Protect\n|move|p1a: Trevenant|Horn Leech|p2a: What could've been\n|-supereffective|p2a: What could've been\n|-damage|p2a: What could've been|51\/100\n|-heal|p1a: Trevenant|100\/100|[from] drain|[of] p2a: What could've been\n|move|p2a: What could've been|Ice Beam|p1a: Trevenant\n|-supereffective|p1a: Trevenant\n|-damage|p1a: Trevenant|64\/100\n|move|p2b: hell yeah|Body Press|p1b: Dragalge\n|-activate|p1b: Dragalge|move: Protect\n|\n|-heal|p1b: Dragalge|19\/100|[from] item: Black Sludge\n|upkeep\n|turn|20\n|\n|t:|1696776357\n|move|p2a: What could've been|Protect|p2a: What could've been\n|-singleturn|p2a: What could've been|Protect\n|move|p1a: Trevenant|Wood Hammer|p2a: What could've been\n|-activate|p2a: What could've been|move: Protect\n|move|p1b: Dragalge|Dragon Pulse|p2b: hell yeah\n|-resisted|p2b: hell yeah\n|-damage|p2b: hell yeah|84\/100\n|move|p2b: hell yeah|Leech Seed|p1b: Dragalge\n|-start|p1b: Dragalge|move: Leech Seed\n|\n|-heal|p1b: Dragalge|25\/100|[from] item: Black Sludge\n|-damage|p1b: Dragalge|13\/100|[from] Leech Seed|[of] p2b: hell yeah\n|-heal|p2b: hell yeah|95\/100|[silent]\n|upkeep\n|turn|21\n|\n|t:|1696776378\n|switch|p2a: The guy|Garchomp, F, shiny, tera:Steel|19\/100\n|-activate|p2a: The guy|move: Sticky Web\n|-unboost|p2a: The guy|spe|1\n|move|p1a: Trevenant|Horn Leech|p2a: The guy\n|-resisted|p2a: The guy\n|-damage|p2a: The guy|5\/100\n|-heal|p1a: Trevenant|71\/100|[from] drain|[of] p2a: The guy\n|-damage|p1a: Trevenant|59\/100|[from] ability: Rough Skin|[of] p2a: The guy\n|move|p1b: Dragalge|Dragon Pulse|p2b: hell yeah\n|-resisted|p2b: hell yeah\n|-damage|p2b: hell yeah|81\/100\n|move|p2b: hell yeah|Body Press|p1b: Dragalge\n|-resisted|p1b: Dragalge\n|-damage|p1b: Dragalge|0 fnt\n|faint|p1b: Dragalge\n|\n|upkeep\n|turn|22\n|inactive|Gumbus wumbus has 270 seconds left.\n|\n|t:|1696776413\n|move|p2a: The guy|Iron Head|p1a: Trevenant\n|-crit|p1a: Trevenant\n|-damage|p1a: Trevenant|0 fnt\n|faint|p1a: Trevenant\n|-damage|p2a: The guy|0 fnt|[from] item: Life Orb\n|faint|p2a: The guy\n|\n|win|Gumbus wumbus\n","uploadtime":1696776422,"views":11,"p1id":"cediedesu","p2id":"gumbuswumbus","formatid":"gen9nationaldexdoubles","rating":0,"private":0,"password":""}