{"id":"gen9nationaldexdoubles-1971366909","p1":"blacknoir777","p2":"Golbur","format":"[Gen 9] National Dex Doubles","log":"|j|\u2606blacknoir777\n|j|\u2606Golbur\n|t:|1697732900\n|gametype|doubles\n|player|p1|blacknoir777|steven|1069\n|player|p2|Golbur|roxie|1143\n|teamsize|p1|6\n|teamsize|p2|6\n|gen|9\n|tier|[Gen 9] National Dex Doubles\n|rated|\n|rule|HP Percentage Mod: HP is shown in percentages\n|rule|Endless Battle Clause: Forcing endless battles is banned\n|rule|OHKO Clause: OHKO moves are banned\n|rule|Evasion Moves Clause: Evasion moves are banned\n|rule|Evasion Abilities Clause: Evasion abilities are banned\n|rule|Species Clause: Limit one of each Pok\u00e9mon\n|rule|Gravity Sleep Clause: The combination of sleep-inducing moves with imperfect accuracy and Gravity or Gigantamax Orbeetle are banned\n|clearpoke\n|poke|p1|Pikachu-Kalos, M|\n|poke|p1|Greninja-*, F|\n|poke|p1|Talonflame, M|\n|poke|p1|Hawlucha, F|\n|poke|p1|Goodra, M|\n|poke|p1|Noivern, M|\n|poke|p2|Mismagius, F|\n|poke|p2|Delphox, F|\n|poke|p2|Clefable, M|\n|poke|p2|Arbok, F|\n|poke|p2|Lurantis, F|\n|poke|p2|Rillaboom, F|\n|teampreview\n|inactive|Battle timer is ON: inactive players will automatically lose when time's up. (requested by Golbur)\n|\n|t:|1697732912\n|start\n|switch|p1a: Pikachu|Pikachu-Kalos, M|100\/100\n|switch|p1b: Goodra|Goodra, M|100\/100\n|switch|p2a: Delphox|Delphox, F|100\/100\n|switch|p2b: Clefable|Clefable, M|100\/100\n|turn|1\n|\n|t:|1697732931\n|move|p1a: Pikachu|Fake Out|p2b: Clefable\n|-damage|p2b: Clefable|91\/100\n|cant|p2b: Clefable|flinch\n|move|p2a: Delphox|Hyper Voice|p1b: Goodra|[spread] p1a,p1b\n|-damage|p1a: Pikachu|44\/100\n|-damage|p1b: Goodra|86\/100\n|-enditem|p2a: Delphox|Throat Spray\n|-boost|p2a: Delphox|spa|1|[from] item: Throat Spray\n|move|p1b: Goodra|Sludge Bomb|p2a: Delphox\n|-damage|p2a: Delphox|73\/100\n|\n|upkeep\n|turn|2\n|inactive|Golbur has 120 seconds left.\n|\n|t:|1697732967\n|move|p2a: Delphox|Psychic|p1b: Goodra\n|-damage|p1b: Goodra|45\/100\n|move|p1a: Pikachu|Nuzzle|p2a: Delphox\n|-damage|p2a: Delphox|60\/100\n|-status|p2a: Delphox|par\n|move|p1b: Goodra|Flamethrower|p2b: Clefable\n|-damage|p2b: Clefable|70\/100\n|move|p2b: Clefable|Moonblast|p1b: Goodra\n|-supereffective|p1b: Goodra\n|-damage|p1b: Goodra|3\/100\n|\n|upkeep\n|turn|3\n|inactive|Golbur has 120 seconds left.\n|\n|t:|1697732995\n|move|p1a: Pikachu|Volt Switch|p2b: Clefable\n|-damage|p2b: Clefable|36\/100\n|\n|t:|1697733005\n|switch|p1a: Greninja|Greninja, F|100\/100|[from] Volt Switch\n|move|p1b: Goodra|Sludge Bomb|p2a: Delphox\n|-damage|p2a: Delphox|33\/100 par\n|cant|p2a: Delphox|par\n|move|p2b: Clefable|Moonblast|p1a: Greninja\n|-supereffective|p1a: Greninja\n|-damage|p1a: Greninja|0 fnt\n|faint|p1a: Greninja\n|\n|upkeep\n|inactive|blacknoir777 has 120 seconds left.\n|\n|t:|1697733017\n|switch|p1a: Talonflame|Talonflame, M|100\/100\n|turn|4\n|\n|t:|1697733030\n|move|p1a: Talonflame|Tailwind|p1a: Talonflame\n|-sidestart|p1: blacknoir777|move: Tailwind\n|move|p1b: Goodra|Sludge Bomb|p2a: Delphox\n|-damage|p2a: Delphox|6\/100 par\n|move|p2a: Delphox|Psychic|p1b: Goodra\n|-damage|p1b: Goodra|0 fnt\n|faint|p1b: Goodra\n|move|p2b: Clefable|Moonlight|p2b: Clefable\n|-heal|p2b: Clefable|86\/100\n|\n|upkeep\n|\n|t:|1697733045\n|switch|p1b: Noivern|Noivern, M|100\/100\n|turn|5\n|\n|t:|1697733062\n|move|p1a: Talonflame|Steel Wing|p2b: Clefable\n|-supereffective|p2b: Clefable\n|-damage|p2b: Clefable|57\/100\n|move|p1b: Noivern|Dark Pulse|p2a: Delphox\n|-supereffective|p2a: Delphox\n|-damage|p2a: Delphox|0 fnt\n|faint|p2a: Delphox\n|move|p2b: Clefable|Moonblast|p1b: Noivern\n|-supereffective|p1b: Noivern\n|-damage|p1b: Noivern|13\/100\n|\n|-heal|p1b: Noivern|19\/100|[from] item: Leftovers\n|upkeep\n|\n|t:|1697733075\n|switch|p2a: Arbok|Arbok, F|100\/100\n|-ability|p2a: Arbok|Intimidate|boost\n|-unboost|p1a: Talonflame|atk|1\n|-unboost|p1b: Noivern|atk|1\n|-item|p2a: Arbok|Air Balloon\n|turn|6\n|\n|t:|1697733090\n|move|p1a: Talonflame|Steel Wing|p2b: Clefable\n|-supereffective|p2b: Clefable\n|-damage|p2b: Clefable|35\/100\n|move|p1b: Noivern|Dark Pulse|p2b: Clefable\n|-resisted|p2b: Clefable\n|-damage|p2b: Clefable|26\/100\n|move|p2a: Arbok|Glare|p1a: Talonflame\n|-status|p1a: Talonflame|par\n|move|p2b: Clefable|Moonlight|p2b: Clefable\n|-heal|p2b: Clefable|76\/100\n|\n|-heal|p1b: Noivern|25\/100|[from] item: Leftovers\n|upkeep\n|turn|7\n|\n|t:|1697733115\n|move|p1b: Noivern|Psychic|p2b: Clefable\n|-damage|p2b: Clefable|53\/100\n|move|p1a: Talonflame|Will-O-Wisp|p2a: Arbok\n|-status|p2a: Arbok|brn\n|move|p2a: Arbok|Aqua Tail|p1a: Talonflame\n|-supereffective|p1a: Talonflame\n|-damage|p1a: Talonflame|64\/100 par\n|-damage|p2a: Arbok|84\/100 brn|[from] item: Rocky Helmet|[of] p1a: Talonflame\n|move|p2b: Clefable|Moonblast|p1a: Talonflame\n|-resisted|p1a: Talonflame\n|-crit|p1a: Talonflame\n|-damage|p1a: Talonflame|27\/100 par\n|\n|-heal|p1b: Noivern|31\/100|[from] item: Leftovers\n|-damage|p2a: Arbok|78\/100 brn|[from] brn\n|-sideend|p1: blacknoir777|move: Tailwind\n|upkeep\n|turn|8\n|\n|t:|1697733137\n|move|p1b: Noivern|Shadow Ball|p2b: Clefable\n|-damage|p2b: Clefable|35\/100\n|-unboost|p2b: Clefable|spd|1\n|move|p2a: Arbok|Glare|p1b: Noivern\n|-status|p1b: Noivern|par\n|move|p1a: Talonflame|Steel Wing|p2b: Clefable|[miss]\n|-miss|p1a: Talonflame|p2b: Clefable\n|move|p2b: Clefable|Moonblast|p1b: Noivern\n|-supereffective|p1b: Noivern\n|-damage|p1b: Noivern|0 fnt\n|faint|p1b: Noivern\n|\n|-damage|p2a: Arbok|72\/100 brn|[from] brn\n|upkeep\n|-message|blacknoir777 forfeited.\n|\n|win|Golbur\n|raw|blacknoir777's rating: 1069 &rarr; <strong>1053<\/strong><br \/>(-16 for losing)\n|raw|Golbur's rating: 1143 &rarr; <strong>1163<\/strong><br \/>(+20 for winning)\n|l|\u2606blacknoir777\n|l|\u2606Golbur\n|j|\u2606Golbur\n|player|p2|Golbur|roxie\n","uploadtime":1697733166,"views":7,"p1id":"blacknoir777","p2id":"golbur","formatid":"gen9nationaldexdoubles","rating":1053,"private":0,"password":""}