{"id":"gen9nationaldexdoubles-1958514550","p1":"karasufair","p2":"Ancientguirus","format":"[Gen 9] National Dex Doubles","log":"|j|\u2606karasufair\n|j|\u2606Ancientguirus\n|t:|1696336988\n|gametype|doubles\n|player|p1|karasufair|hilbert-wonderlauncher|1040\n|player|p2|Ancientguirus|raihan|1174\n|teamsize|p1|6\n|teamsize|p2|6\n|gen|9\n|tier|[Gen 9] National Dex Doubles\n|rated|\n|rule|HP Percentage Mod: HP is shown in percentages\n|rule|Endless Battle Clause: Forcing endless battles is banned\n|rule|OHKO Clause: OHKO moves are banned\n|rule|Evasion Moves Clause: Evasion moves are banned\n|rule|Evasion Abilities Clause: Evasion abilities are banned\n|rule|Species Clause: Limit one of each Pok\u00e9mon\n|rule|Gravity Sleep Clause: The combination of sleep-inducing moves with imperfect accuracy and Gravity or Gigantamax Orbeetle are banned\n|clearpoke\n|poke|p1|Cresselia, F|\n|poke|p1|Mawile, M|\n|poke|p1|Grimmsnarl, M|\n|poke|p1|Kommo-o, F|\n|poke|p1|Slowking, F|\n|poke|p1|Gardevoir, F|\n|poke|p2|Arbok, M|\n|poke|p2|Feraligatr, M|\n|poke|p2|Armarouge, M|\n|poke|p2|Grimmsnarl, M|\n|poke|p2|Snorlax, M|\n|poke|p2|Decidueye-Hisui, M|\n|teampreview\n|\n|t:|1696337002\n|start\n|switch|p1a: Grimmsnarl|Grimmsnarl, M, shiny|100\/100\n|switch|p1b: Kommo-o|Kommo-o, F|100\/100\n|switch|p2a: Arbok|Arbok, M, shiny|100\/100\n|switch|p2b: Feraligatr|Feraligatr, M|100\/100\n|-ability|p2a: Arbok|Intimidate|boost\n|-unboost|p1a: Grimmsnarl|atk|1\n|-unboost|p1b: Kommo-o|atk|1\n|turn|1\n|\n|t:|1696337029\n|-terastallize|p1a: Grimmsnarl|Dark\n|move|p1a: Grimmsnarl|Reflect|p1a: Grimmsnarl\n|-sidestart|p1: karasufair|Reflect\n|move|p2a: Arbok|Poison Jab|p1a: Grimmsnarl\n|-damage|p1a: Grimmsnarl|72\/100\n|move|p2b: Feraligatr|Dragon Dance|p2b: Feraligatr\n|-boost|p2b: Feraligatr|atk|1\n|-boost|p2b: Feraligatr|spe|1\n|move|p1b: Kommo-o|Clangorous Soul|p1b: Kommo-o\n|-boost|p1b: Kommo-o|atk|1\n|-boost|p1b: Kommo-o|def|1\n|-boost|p1b: Kommo-o|spa|1\n|-boost|p1b: Kommo-o|spd|1\n|-boost|p1b: Kommo-o|spe|1\n|-damage|p1b: Kommo-o|68\/100\n|\n|upkeep\n|turn|2\n|\n|t:|1696337056\n|move|p1a: Grimmsnarl|Light Screen|p1a: Grimmsnarl\n|-sidestart|p1: karasufair|move: Light Screen\n|move|p2b: Feraligatr|Ice Punch|p1b: Kommo-o\n|-supereffective|p1b: Kommo-o\n|-damage|p1b: Kommo-o|36\/100\n|move|p1b: Kommo-o|Drain Punch|p2b: Feraligatr\n|-damage|p2b: Feraligatr|60\/100\n|-heal|p1b: Kommo-o|54\/100|[from] drain|[of] p2b: Feraligatr\n|move|p2a: Arbok|Seed Bomb|p1a: Grimmsnarl\n|-damage|p1a: Grimmsnarl|54\/100\n|\n|-heal|p2b: Feraligatr|66\/100|[from] item: Leftovers\n|upkeep\n|turn|3\n|\n|t:|1696337089\n|switch|p1b: Mawile|Mawile, M|100\/100\n|-ability|p1b: Mawile|Intimidate|boost\n|-unboost|p2a: Arbok|atk|1\n|-unboost|p2b: Feraligatr|atk|1\n|move|p1a: Grimmsnarl|Parting Shot|p2b: Feraligatr\n|-unboost|p2b: Feraligatr|atk|1\n|-unboost|p2b: Feraligatr|spa|1\n|\n|t:|1696337097\n|switch|p1a: Cresselia|Cresselia, F|100\/100|[from] Parting Shot\n|move|p2b: Feraligatr|Dragon Dance|p2b: Feraligatr\n|-boost|p2b: Feraligatr|atk|1\n|-boost|p2b: Feraligatr|spe|1\n|move|p2a: Arbok|Poison Jab|p1b: Mawile\n|-immune|p1b: Mawile\n|\n|-heal|p2b: Feraligatr|72\/100|[from] item: Leftovers\n|upkeep\n|turn|4\n|\n|t:|1696337132\n|detailschange|p1b: Mawile|Mawile-Mega, M\n|-mega|p1b: Mawile|Mawile|Mawilite\n|move|p2b: Feraligatr|Dragon Dance|p2b: Feraligatr\n|-boost|p2b: Feraligatr|atk|1\n|-boost|p2b: Feraligatr|spe|1\n|move|p2a: Arbok|Earthquake|p1a: Cresselia|[spread] p2b,p1b\n|-immune|p1a: Cresselia|[from] ability: Levitate\n|-supereffective|p1b: Mawile\n|-damage|p2b: Feraligatr|58\/100\n|-damage|p1b: Mawile|83\/100\n|move|p1a: Cresselia|Lunar Blessing|p1a: Cresselia|[spread] p1a,p1b\n|-heal|p1b: Mawile|100\/100\n|move|p1b: Mawile|Swords Dance|p1b: Mawile\n|-boost|p1b: Mawile|atk|2\n|\n|-heal|p2b: Feraligatr|64\/100|[from] item: Leftovers\n|upkeep\n|turn|5\n|\n|t:|1696337161\n|move|p2b: Feraligatr|Earthquake|p1a: Cresselia|[spread] p2a,p1b\n|-immune|p1a: Cresselia|[from] ability: Levitate\n|-supereffective|p2a: Arbok\n|-supereffective|p1b: Mawile\n|-damage|p2a: Arbok|0 fnt\n|-damage|p1b: Mawile|52\/100\n|faint|p2a: Arbok\n|move|p1a: Cresselia|Calm Mind|p1a: Cresselia\n|-boost|p1a: Cresselia|spa|1\n|-boost|p1a: Cresselia|spd|1\n|move|p1b: Mawile|Swords Dance|p1b: Mawile\n|-boost|p1b: Mawile|atk|2\n|\n|-heal|p2b: Feraligatr|70\/100|[from] item: Leftovers\n|upkeep\n|\n|t:|1696337177\n|switch|p2a: Armarouge|Armarouge, M, shiny|100\/100\n|turn|6\n|\n|t:|1696337185\n|move|p2b: Feraligatr|Dragon Dance|p2b: Feraligatr\n|-boost|p2b: Feraligatr|atk|1\n|-boost|p2b: Feraligatr|spe|1\n|move|p2a: Armarouge|Heat Wave|p1a: Cresselia|[spread] p1a,p1b\n|-supereffective|p1b: Mawile\n|-damage|p1a: Cresselia|90\/100\n|-damage|p1b: Mawile|0 fnt\n|faint|p1b: Mawile\n|move|p1a: Cresselia|Lunar Blessing|p1a: Cresselia\n|-heal|p1a: Cresselia|100\/100\n|\n|-heal|p2b: Feraligatr|76\/100|[from] item: Leftovers\n|upkeep\n|\n|t:|1696337200\n|switch|p1b: Kommo-o|Kommo-o, F|54\/100\n|turn|7\n|\n|t:|1696337221\n|move|p2b: Feraligatr|Ice Punch|p1b: Kommo-o\n|-supereffective|p1b: Kommo-o\n|-damage|p1b: Kommo-o|0 fnt\n|faint|p1b: Kommo-o\n|move|p2a: Armarouge|Expanding Force|p1a: Cresselia\n|-resisted|p1a: Cresselia\n|-damage|p1a: Cresselia|96\/100\n|move|p1a: Cresselia|Moonblast|p2a: Armarouge\n|-resisted|p2a: Armarouge\n|-crit|p2a: Armarouge\n|-damage|p2a: Armarouge|79\/100\n|\n|-heal|p2b: Feraligatr|82\/100|[from] item: Leftovers\n|-heal|p1a: Cresselia|100\/100|[from] item: Leftovers\n|upkeep\n|\n|t:|1696337241\n|switch|p1b: Grimmsnarl|Grimmsnarl, M, shiny, tera:Dark|54\/100\n|turn|8\n|\n|t:|1696337256\n|move|p2b: Feraligatr|Dragon Dance|p2b: Feraligatr\n|-boost|p2b: Feraligatr|atk|1\n|-boost|p2b: Feraligatr|spe|1\n|move|p2a: Armarouge|Aura Sphere|p1b: Grimmsnarl\n|-supereffective|p1b: Grimmsnarl\n|-damage|p1b: Grimmsnarl|2\/100\n|move|p1a: Cresselia|Dazzling Gleam|p2a: Armarouge|[spread] p2a,p2b\n|-resisted|p2a: Armarouge\n|-damage|p2a: Armarouge|70\/100\n|-damage|p2b: Feraligatr|60\/100\n|move|p1b: Grimmsnarl|Darkest Lariat|p2a: Armarouge\n|-supereffective|p2a: Armarouge\n|-damage|p2a: Armarouge|0 fnt\n|faint|p2a: Armarouge\n|\n|-heal|p2b: Feraligatr|66\/100|[from] item: Leftovers\n|-sideend|p1: karasufair|Reflect\n|upkeep\n|\n|t:|1696337270\n|switch|p2a: Grimmsnarl|Grimmsnarl, M|100\/100\n|turn|9\n|\n|t:|1696337282\n|move|p1b: Grimmsnarl|Parting Shot|p2b: Feraligatr\n|-unboost|p2b: Feraligatr|atk|1\n|-unboost|p2b: Feraligatr|spa|1\n|\n|t:|1696337288\n|switch|p1b: Gardevoir|Gardevoir, F|100\/100|[from] Parting Shot\n|-ability|p1b: Gardevoir|Sheer Force|[from] ability: Trace|[of] p2b: Feraligatr\n|move|p2b: Feraligatr|Waterfall|p1a: Cresselia\n|-crit|p1a: Cresselia\n|-damage|p1a: Cresselia|0 fnt\n|faint|p1a: Cresselia\n|move|p2a: Grimmsnarl|Spirit Break|p1b: Gardevoir\n|-crit|p1b: Gardevoir\n|-damage|p1b: Gardevoir|0 fnt\n|faint|p1b: Gardevoir\n|\n|-heal|p2b: Feraligatr|72\/100|[from] item: Leftovers\n|-sideend|p1: karasufair|move: Light Screen\n|upkeep\n|\n|t:|1696337308\n|switch|p1b: Grimmsnarl|Grimmsnarl, M, shiny, tera:Dark|2\/100\n|switch|p1a: Slowking|Slowking, F|100\/100\n|turn|10\n|\n|t:|1696337334\n|move|p2a: Grimmsnarl|Sucker Punch|p1a: Slowking\n|-supereffective|p1a: Slowking\n|-damage|p1a: Slowking|24\/100\n|move|p2b: Feraligatr|Waterfall|p1b: Grimmsnarl\n|-damage|p1b: Grimmsnarl|0 fnt\n|faint|p1b: Grimmsnarl\n|move|p1a: Slowking|Scald|p2a: Grimmsnarl\n|-damage|p2a: Grimmsnarl|59\/100\n|\n|-heal|p2b: Feraligatr|78\/100|[from] item: Leftovers\n|upkeep\n|turn|11\n|\n|t:|1696337352\n|move|p2b: Feraligatr|Ice Punch|p1a: Slowking\n|-resisted|p1a: Slowking\n|-damage|p1a: Slowking|0 fnt\n|faint|p1a: Slowking\n|\n|win|Ancientguirus\n|raw|karasufair's rating: 1040 &rarr; <strong>1030<\/strong><br \/>(-10 for losing)\n|raw|Ancientguirus's rating: 1174 &rarr; <strong>1190<\/strong><br \/>(+16 for winning)\n","uploadtime":1696337366,"views":11,"p1id":"karasufair","p2id":"ancientguirus","formatid":"gen9nationaldexdoubles","rating":1030,"private":0,"password":""}