{"id":"gen9nationaldexdoubles-1992314745","p1":"Pancake Tuesday","p2":"squidheadss","format":"[Gen 9] National Dex Doubles","log":"|j|\u2606Pancake Tuesday\n|j|\u2606squidheadss\n|t:|1700173799\n|gametype|doubles\n|player|p1|Pancake Tuesday|pokemaniac|1456\n|player|p2|squidheadss|cynthia|1520\n|teamsize|p1|6\n|teamsize|p2|6\n|gen|9\n|tier|[Gen 9] National Dex Doubles\n|rated|\n|rule|HP Percentage Mod: HP is shown in percentages\n|rule|Endless Battle Clause: Forcing endless battles is banned\n|rule|OHKO Clause: OHKO moves are banned\n|rule|Evasion Moves Clause: Evasion moves are banned\n|rule|Evasion Abilities Clause: Evasion abilities are banned\n|rule|Species Clause: Limit one of each Pok\u00e9mon\n|rule|Gravity Sleep Clause: The combination of sleep-inducing moves with imperfect accuracy and Gravity or Gigantamax Orbeetle are banned\n|clearpoke\n|poke|p1|Tapu Lele|\n|poke|p1|Stakataka|\n|poke|p1|Gardevoir, M|\n|poke|p1|Incineroar, F|\n|poke|p1|Urshifu-*, F|\n|poke|p1|Necrozma|\n|poke|p2|Kangaskhan, F|\n|poke|p2|Rillaboom, F|\n|poke|p2|Kyurem-Black|\n|poke|p2|Jirachi|\n|poke|p2|Urshifu-*, M|\n|poke|p2|Zeraora|\n|teampreview\n|c|\u2606Pancake Tuesday|glhf\n|inactive|Battle timer is ON: inactive players will automatically lose when time's up. (requested by squidheadss)\n|\n|t:|1700173824\n|start\n|switch|p1a: Tapu Lele|Tapu Lele|100\/100\n|switch|p1b: Necrozma|Necrozma|100\/100\n|switch|p2a: Kyurem|Kyurem-Black|100\/100\n|switch|p2b: Zeraora|Zeraora|100\/100\n|-fieldstart|move: Psychic Terrain|[from] ability: Psychic Surge|[of] p1a: Tapu Lele\n|-ability|p2a: Kyurem|Teravolt\n|turn|1\n|c|\u2606squidheadss|u 2\n|\n|t:|1700173841\n|switch|p2b: Rillaboom|Rillaboom, F|100\/100\n|-fieldstart|move: Grassy Terrain|[from] ability: Grassy Surge|[of] p2b: Rillaboom\n|move|p1a: Tapu Lele|Taunt|p2a: Kyurem\n|-start|p2a: Kyurem|move: Taunt\n|move|p1b: Necrozma|Meteor Beam||[still]\n|-prepare|p1b: Necrozma|Meteor Beam\n|-boost|p1b: Necrozma|spa|1\n|-enditem|p1b: Necrozma|Power Herb\n|-anim|p1b: Necrozma|Meteor Beam|p2b: Rillaboom|[miss]\n|-miss|p1b: Necrozma|p2b: Rillaboom\n|cant|p2a: Kyurem|move: Taunt|Dragon Dance\n|\n|upkeep\n|turn|2\n|\n|t:|1700173862\n|switch|p1a: Incineroar|Incineroar, F|100\/100\n|-ability|p1a: Incineroar|Intimidate|boost\n|-unboost|p2a: Kyurem|atk|1\n|-unboost|p2b: Rillaboom|atk|1\n|move|p1b: Necrozma|Protect|p1b: Necrozma\n|-singleturn|p1b: Necrozma|Protect\n|move|p2b: Rillaboom|Fake Out|p1b: Necrozma\n|-activate|p1b: Necrozma|move: Protect\n|move|p2a: Kyurem|Icicle Spear|p1b: Necrozma\n|-activate|p1b: Necrozma|move: Protect\n|\n|upkeep\n|turn|3\n|inactive|Pancake Tuesday has 120 seconds left.\n|inactive|squidheadss has 120 seconds left.\n|\n|t:|1700173895\n|switch|p2a: Urshifu|Urshifu-Rapid-Strike, M|100\/100\n|move|p1b: Necrozma|Earth Power|p2a: Urshifu\n|-damage|p2a: Urshifu|41\/100\n|move|p2b: Rillaboom|U-turn|p1a: Incineroar\n|-damage|p1a: Incineroar|86\/100\n|inactive|squidheadss has 120 seconds left.\n|\n|t:|1700173904\n|switch|p2b: Kangaskhan|Kangaskhan, F|100\/100|[from] U-turn\n|move|p1a: Incineroar|Parting Shot|p2b: Kangaskhan\n|-unboost|p2b: Kangaskhan|atk|1\n|-unboost|p2b: Kangaskhan|spa|1\n|\n|t:|1700173910\n|switch|p1a: Tapu Lele|Tapu Lele|100\/100|[from] Parting Shot\n|-fieldstart|move: Psychic Terrain|[from] ability: Psychic Surge|[of] p1a: Tapu Lele\n|\n|upkeep\n|turn|4\n|\n|t:|1700173926\n|switch|p2a: Rillaboom|Rillaboom, F|100\/100\n|-fieldstart|move: Grassy Terrain|[from] ability: Grassy Surge|[of] p2a: Rillaboom\n|detailschange|p2b: Kangaskhan|Kangaskhan-Mega, F\n|-mega|p2b: Kangaskhan|Kangaskhan|Kangaskhanite\n|move|p2b: Kangaskhan|Fake Out|p1b: Necrozma\n|-damage|p1b: Necrozma|86\/100\n|-damage|p1b: Necrozma|83\/100\n|-hitcount|p1b: Necrozma|2\n|move|p1a: Tapu Lele|Psychic|p2b: Kangaskhan\n|-damage|p2b: Kangaskhan|68\/100\n|cant|p1b: Necrozma|flinch\n|\n|-heal|p1b: Necrozma|89\/100|[from] Grassy Terrain\n|-heal|p2b: Kangaskhan|74\/100|[from] Grassy Terrain\n|upkeep\n|turn|5\n|inactive|squidheadss has 120 seconds left.\n|\n|t:|1700173957\n|switch|p1a: Incineroar|Incineroar, F|86\/100\n|-ability|p1a: Incineroar|Intimidate|boost\n|-unboost|p2a: Rillaboom|atk|1\n|-unboost|p2b: Kangaskhan|atk|1\n|move|p1b: Necrozma|Protect|p1b: Necrozma\n|-singleturn|p1b: Necrozma|Protect\n|move|p2a: Rillaboom|Grassy Glide|p1a: Incineroar\n|-resisted|p1a: Incineroar\n|-damage|p1a: Incineroar|75\/100\n|move|p2b: Kangaskhan|Seismic Toss|p1a: Incineroar\n|-damage|p1a: Incineroar|50\/100\n|-enditem|p1a: Incineroar|Sitrus Berry|[eat]\n|-heal|p1a: Incineroar|75\/100|[from] item: Sitrus Berry\n|-damage|p1a: Incineroar|49\/100\n|-hitcount|p1a: Incineroar|2\n|\n|-heal|p1b: Necrozma|96\/100|[from] Grassy Terrain\n|-heal|p2b: Kangaskhan|80\/100|[from] Grassy Terrain\n|-heal|p1a: Incineroar|56\/100|[from] Grassy Terrain\n|upkeep\n|turn|6\n|inactive|Pancake Tuesday has 120 seconds left.\n|\n|t:|1700174005\n|switch|p1b: Tapu Lele|Tapu Lele|100\/100\n|-fieldstart|move: Psychic Terrain|[from] ability: Psychic Surge|[of] p1b: Tapu Lele\n|move|p1a: Incineroar|Fake Out|p2a: Rillaboom\n|-activate|p2a: Rillaboom|move: Psychic Terrain\n|move|p2b: Kangaskhan|Seismic Toss|p1a: Incineroar\n|-damage|p1a: Incineroar|30\/100\n|-damage|p1a: Incineroar|5\/100\n|-hitcount|p1a: Incineroar|2\n|move|p2a: Rillaboom|U-turn|p1a: Incineroar\n|-damage|p1a: Incineroar|0 fnt\n|faint|p1a: Incineroar\n|inactive|squidheadss has 120 seconds left.\n|\n|t:|1700174019\n|switch|p2a: Zeraora|Zeraora|100\/100|[from] U-turn\n|\n|upkeep\n|\n|t:|1700174036\n|switch|p1a: Necrozma|Necrozma|96\/100\n|turn|7\n|inactive|Pancake Tuesday has 120 seconds left.\n|\n|t:|1700174049\n|-zpower|p2a: Zeraora\n|move|p2a: Zeraora|Gigavolt Havoc|p1b: Tapu Lele|[zeffect]\n|-damage|p1b: Tapu Lele|0 fnt\n|faint|p1b: Tapu Lele\n|move|p1a: Necrozma|Expanding Force|p2b: Kangaskhan|[spread] p2a,p2b\n|-damage|p2a: Zeraora|28\/100\n|-damage|p2b: Kangaskhan|29\/100\n|move|p2b: Kangaskhan|Seismic Toss|p1a: Necrozma\n|-damage|p1a: Necrozma|66\/100\n|-damage|p1a: Necrozma|36\/100\n|-hitcount|p1a: Necrozma|2\n|\n|upkeep\n|\n|t:|1700174058\n|switch|p1b: Stakataka|Stakataka|100\/100\n|turn|8\n|\n|t:|1700174073\n|move|p2a: Zeraora|Taunt|p1b: Stakataka\n|-start|p1b: Stakataka|move: Taunt\n|move|p1a: Necrozma|Expanding Force|p2b: Kangaskhan|[spread] p2a,p2b\n|-damage|p2a: Zeraora|0 fnt\n|-damage|p2b: Kangaskhan|0 fnt\n|faint|p2a: Zeraora\n|faint|p2b: Kangaskhan\n|cant|p1b: Stakataka|move: Taunt|Trick Room\n|\n|upkeep\n|\n|t:|1700174087\n|switch|p2a: Urshifu|Urshifu-Rapid-Strike, M|41\/100\n|switch|p2b: Rillaboom|Rillaboom, F|100\/100\n|-fieldstart|move: Grassy Terrain|[from] ability: Grassy Surge|[of] p2b: Rillaboom\n|turn|9\n|\n|t:|1700174108\n|switch|p1b: Urshifu|Urshifu-Rapid-Strike, F|100\/100\n|move|p2b: Rillaboom|Fake Out|p1a: Necrozma\n|-damage|p1a: Necrozma|21\/100\n|move|p2a: Urshifu|Close Combat|p1b: Urshifu\n|-damage|p1b: Urshifu|40\/100\n|-unboost|p2a: Urshifu|def|1\n|-unboost|p2a: Urshifu|spd|1\n|cant|p1a: Necrozma|flinch\n|\n|-heal|p2a: Urshifu|47\/100|[from] Grassy Terrain\n|-heal|p1a: Necrozma|28\/100|[from] Grassy Terrain\n|-heal|p1b: Urshifu|46\/100|[from] Grassy Terrain\n|upkeep\n|turn|10\n|\n|t:|1700174127\n|switch|p2a: Jirachi|Jirachi|100\/100\n|move|p2b: Rillaboom|Grassy Glide|p1b: Urshifu\n|-supereffective|p1b: Urshifu\n|-damage|p1b: Urshifu|0 fnt\n|faint|p1b: Urshifu\n|move|p1a: Necrozma|Expanding Force|p2a: Jirachi\n|-resisted|p2a: Jirachi\n|-damage|p2a: Jirachi|93\/100\n|\n|-heal|p1a: Necrozma|34\/100|[from] Grassy Terrain\n|-heal|p2a: Jirachi|99\/100|[from] Grassy Terrain\n|upkeep\n|\n|t:|1700174137\n|switch|p1b: Stakataka|Stakataka|100\/100\n|turn|11\n|\n|t:|1700174153\n|move|p2b: Rillaboom|Fake Out||[still]\n|-hint|Fake Out only works on your first turn out.\n|-fail|p2b: Rillaboom\n|move|p1a: Necrozma|Earth Power|p2a: Jirachi\n|-supereffective|p2a: Jirachi\n|-damage|p2a: Jirachi|58\/100\n|-unboost|p2a: Jirachi|spd|1\n|move|p2a: Jirachi|Iron Head|p1a: Necrozma\n|-damage|p1a: Necrozma|6\/100\n|move|p1b: Stakataka|Body Press|p2b: Rillaboom\n|-damage|p2b: Rillaboom|71\/100\n|\n|-heal|p1a: Necrozma|12\/100|[from] Grassy Terrain\n|-heal|p2a: Jirachi|65\/100|[from] Grassy Terrain\n|-heal|p2b: Rillaboom|77\/100|[from] Grassy Terrain\n|upkeep\n|turn|12\n|\n|t:|1700174174\n|move|p1a: Necrozma|Earth Power|p2a: Jirachi\n|-supereffective|p2a: Jirachi\n|-damage|p2a: Jirachi|1\/100\n|move|p2a: Jirachi|Iron Head|p1a: Necrozma\n|-damage|p1a: Necrozma|0 fnt\n|faint|p1a: Necrozma\n|move|p2b: Rillaboom|Wood Hammer|p1b: Stakataka\n|-damage|p1b: Stakataka|51\/100\n|-damage|p2b: Rillaboom|64\/100|[from] Recoil\n|move|p1b: Stakataka|Trick Room|p1b: Stakataka\n|-fieldstart|move: Trick Room|[of] p1b: Stakataka\n|\n|-heal|p1b: Stakataka|58\/100|[from] Grassy Terrain\n|-heal|p2b: Rillaboom|71\/100|[from] Grassy Terrain\n|-heal|p2a: Jirachi|7\/100|[from] Grassy Terrain\n|upkeep\n|\n|t:|1700174184\n|switch|p1a: Gardevoir|Gardevoir, M|100\/100\n|-ability|p1a: Gardevoir|Serene Grace|[from] ability: Trace|[of] p2a: Jirachi\n|turn|13\n|\n|t:|1700174195\n|detailschange|p1a: Gardevoir|Gardevoir-Mega, M\n|-mega|p1a: Gardevoir|Gardevoir|Gardevoirite\n|move|p1b: Stakataka|Body Press|p2b: Rillaboom\n|-damage|p2b: Rillaboom|41\/100\n|move|p1a: Gardevoir|Hyper Voice|p2b: Rillaboom|[spread] p2a,p2b\n|-resisted|p2a: Jirachi\n|-damage|p2a: Jirachi|0 fnt\n|-damage|p2b: Rillaboom|3\/100\n|faint|p2a: Jirachi\n|move|p2b: Rillaboom|U-turn|p1a: Gardevoir\n|-damage|p1a: Gardevoir|70\/100\n|\n|t:|1700174206\n|switch|p2b: Kyurem|Kyurem-Black|100\/100|[from] U-turn\n|-ability|p2b: Kyurem|Teravolt\n|\n|-heal|p1b: Stakataka|64\/100|[from] Grassy Terrain\n|-heal|p1a: Gardevoir|77\/100|[from] Grassy Terrain\n|-fieldend|move: Grassy Terrain\n|upkeep\n|\n|t:|1700174213\n|switch|p2a: Rillaboom|Rillaboom, F|3\/100\n|-fieldstart|move: Grassy Terrain|[from] ability: Grassy Surge|[of] p2a: Rillaboom\n|turn|14\n|\n|t:|1700174231\n|-terastallize|p2b: Kyurem|Poison\n|move|p1b: Stakataka|Protect|p1b: Stakataka\n|-singleturn|p1b: Stakataka|Protect\n|move|p2a: Rillaboom|Fake Out|p1a: Gardevoir\n|-damage|p1a: Gardevoir|60\/100\n|cant|p1a: Gardevoir|flinch\n|move|p2b: Kyurem|Fusion Bolt|p1a: Gardevoir\n|-damage|p1a: Gardevoir|9\/100\n|\n|-heal|p1b: Stakataka|70\/100|[from] Grassy Terrain\n|-heal|p1a: Gardevoir|15\/100|[from] Grassy Terrain\n|-heal|p2a: Rillaboom|9\/100|[from] Grassy Terrain\n|upkeep\n|turn|15\n|\n|t:|1700174256\n|move|p1a: Gardevoir|Protect|p1a: Gardevoir\n|-singleturn|p1a: Gardevoir|Protect\n|move|p2a: Rillaboom|Grassy Glide|p1a: Gardevoir\n|-activate|p1a: Gardevoir|move: Protect\n|move|p1b: Stakataka|Gyro Ball|p2a: Rillaboom\n|-damage|p2a: Rillaboom|0 fnt\n|faint|p2a: Rillaboom\n|-ability|p1b: Stakataka|Beast Boost|boost\n|-boost|p1b: Stakataka|atk|1\n|move|p2b: Kyurem|Fusion Bolt|p1b: Stakataka\n|-damage|p1b: Stakataka|42\/100\n|\n|-heal|p1b: Stakataka|48\/100|[from] Grassy Terrain\n|-heal|p1a: Gardevoir|21\/100|[from] Grassy Terrain\n|upkeep\n|\n|t:|1700174271\n|switch|p2a: Urshifu|Urshifu-Rapid-Strike, M|47\/100\n|turn|16\n|\n|t:|1700174288\n|move|p1b: Stakataka|Gyro Ball|p2a: Urshifu\n|-resisted|p2a: Urshifu\n|-damage|p2a: Urshifu|0 fnt\n|faint|p2a: Urshifu\n|-ability|p1b: Stakataka|Beast Boost|boost\n|-boost|p1b: Stakataka|atk|1\n|move|p1a: Gardevoir|Psychic|p2b: Kyurem\n|-supereffective|p2b: Kyurem\n|-damage|p2b: Kyurem|3\/100\n|move|p2b: Kyurem|Fusion Bolt|p1b: Stakataka\n|-damage|p1b: Stakataka|20\/100\n|\n|-heal|p1b: Stakataka|26\/100|[from] Grassy Terrain\n|-heal|p1a: Gardevoir|28\/100|[from] Grassy Terrain\n|-heal|p2b: Kyurem|9\/100|[from] Grassy Terrain\n|-fieldend|move: Trick Room\n|upkeep\n|turn|17\n|c|\u2606Pancake Tuesday|ggs\n|\n|t:|1700174312\n|move|p2b: Kyurem|Fusion Bolt|p1a: Gardevoir\n|-damage|p1a: Gardevoir|0 fnt\n|faint|p1a: Gardevoir\n|move|p1b: Stakataka|Gyro Ball|p2b: Kyurem\n|-damage|p2b: Kyurem|0 fnt\n|faint|p2b: Kyurem\n|\n|win|Pancake Tuesday\n|raw|Pancake Tuesday's rating: 1456 &rarr; <strong>1480<\/strong><br \/>(+24 for winning)\n|raw|squidheadss's rating: 1520 &rarr; <strong>1496<\/strong><br \/>(-24 for losing)\n|c|\u2606squidheadss|gg\n|l|\u2606squidheadss\n","uploadtime":1700174365,"views":5,"p1id":"pancaketuesday","p2id":"squidheadss","formatid":"gen9nationaldexdoubles","rating":1480,"private":0,"password":""}