{"id":"gen9nationaldexdoubles-1957196787","p1":"Anna Lisa Melculo","p2":"ELFRAN132","format":"[Gen 9] National Dex Doubles","log":"|j|\u2606Anna Lisa Melculo\n|j|\u2606ELFRAN132\n|t:|1696194704\n|gametype|doubles\n|player|p1|Anna Lisa Melculo|cyclist|\n|player|p2|ELFRAN132|102|\n|teamsize|p1|6\n|teamsize|p2|6\n|gen|9\n|tier|[Gen 9] National Dex Doubles\n|rule|HP Percentage Mod: HP is shown in percentages\n|rule|Endless Battle Clause: Forcing endless battles is banned\n|rule|OHKO Clause: OHKO moves are banned\n|rule|Evasion Moves Clause: Evasion moves are banned\n|rule|Evasion Abilities Clause: Evasion abilities are banned\n|rule|Species Clause: Limit one of each Pok\u00e9mon\n|rule|Gravity Sleep Clause: The combination of sleep-inducing moves with imperfect accuracy and Gravity or Gigantamax Orbeetle are banned\n|clearpoke\n|poke|p1|Torkoal, M|\n|poke|p1|Flutter Mane|\n|poke|p1|Walking Wake|\n|poke|p1|Volcanion|\n|poke|p1|Chien-Pao|\n|poke|p1|Kingambit, M|\n|poke|p2|Dragonite, F|\n|poke|p2|Chien-Pao|\n|poke|p2|Heatran, F|\n|poke|p2|Urshifu-*, F|\n|poke|p2|Amoonguss, F|\n|poke|p2|Iron Hands|\n|teampreview\n|c|\u2606Anna Lisa Melculo|avers que tan mal me va xd\n|j| Znyl\n|\n|t:|1696194733\n|start\n|switch|p1a: Pana Zulia|Torkoal, M|100\/100\n|switch|p1b: PeloeQk|Flutter Mane|100\/100\n|switch|p2a: My Diosa\ud83e\udd75\ud83d\ude4f|Dragonite, F|100\/100\n|switch|p2b: Cheempao\ud83e\uddd0\ud83e\udd7a|Chien-Pao|100\/100\n|-ability|p2b: Cheempao\ud83e\uddd0\ud83e\udd7a|Sword of Ruin\n|-weather|SunnyDay|[from] ability: Drought|[of] p1a: Pana Zulia\n|-activate|p1b: PeloeQk|ability: Protosynthesis\n|-start|p1b: PeloeQk|protosynthesisspe\n|turn|1\n|\n|t:|1696194770\n|switch|p1a: Kingambit|Kingambit, M|100\/100\n|-terastallize|p2a: My Diosa\ud83e\udd75\ud83d\ude4f|Normal\n|move|p2a: My Diosa\ud83e\udd75\ud83d\ude4f|Extreme Speed|p1a: Kingambit\n|-resisted|p1a: Kingambit\n|-damage|p1a: Kingambit|68\/100\n|move|p2b: Cheempao\ud83e\uddd0\ud83e\udd7a|Sucker Punch||[still]\n|-fail|p2b: Cheempao\ud83e\uddd0\ud83e\udd7a\n|move|p1b: PeloeQk|Dazzling Gleam|p2b: Cheempao\ud83e\uddd0\ud83e\udd7a|[spread] p2a,p2b\n|-supereffective|p2b: Cheempao\ud83e\uddd0\ud83e\udd7a\n|-damage|p2a: My Diosa\ud83e\udd75\ud83d\ude4f|66\/100\n|-enditem|p2b: Cheempao\ud83e\uddd0\ud83e\udd7a|Focus Sash\n|-damage|p2b: Cheempao\ud83e\uddd0\ud83e\udd7a|1\/100\n|-damage|p1b: PeloeQk|90\/100|[from] item: Life Orb\n|\n|-weather|SunnyDay|[upkeep]\n|upkeep\n|turn|2\n|\n|t:|1696194797\n|switch|p2a: No Tera Grass\ud83d\udeab\ud83c\udf3f|Heatran, F|100\/100\n|move|p2b: Cheempao\ud83e\uddd0\ud83e\udd7a|Protect|p2b: Cheempao\ud83e\uddd0\ud83e\udd7a\n|-singleturn|p2b: Cheempao\ud83e\uddd0\ud83e\udd7a|Protect\n|move|p1a: Kingambit|Sucker Punch||[still]\n|-fail|p1a: Kingambit\n|move|p1b: PeloeQk|Dazzling Gleam|p2a: No Tera Grass\ud83d\udeab\ud83c\udf3f|[spread] p2a\n|-activate|p2b: Cheempao\ud83e\uddd0\ud83e\udd7a|move: Protect\n|-resisted|p2a: No Tera Grass\ud83d\udeab\ud83c\udf3f\n|-damage|p2a: No Tera Grass\ud83d\udeab\ud83c\udf3f|93\/100\n|-damage|p1b: PeloeQk|80\/100|[from] item: Life Orb\n|\n|-weather|SunnyDay|[upkeep]\n|upkeep\n|turn|3\n|\n|t:|1696194828\n|-end|p1b: PeloeQk|Protosynthesis|[silent]\n|switch|p1b: Volcanion|Volcanion|100\/100\n|move|p2b: Cheempao\ud83e\uddd0\ud83e\udd7a|Sucker Punch||[still]\n|-fail|p2b: Cheempao\ud83e\uddd0\ud83e\udd7a\n|move|p1a: Kingambit|Sucker Punch||[still]\n|-fail|p1a: Kingambit\n|move|p2a: No Tera Grass\ud83d\udeab\ud83c\udf3f|Heat Wave|p1b: Volcanion|[spread] p1a,p1b\n|-supereffective|p1a: Kingambit\n|-resisted|p1b: Volcanion\n|-damage|p1a: Kingambit|0 fnt\n|-damage|p1b: Volcanion|86\/100\n|faint|p1a: Kingambit\n|-end|p1a: Kingambit|fallenundefined|[silent]\n|-damage|p2a: No Tera Grass\ud83d\udeab\ud83c\udf3f|83\/100|[from] item: Life Orb\n|\n|-weather|SunnyDay|[upkeep]\n|-heal|p1b: Volcanion|92\/100|[from] item: Leftovers\n|upkeep\n|\n|t:|1696194847\n|switch|p1a: Agua Potable|Walking Wake|100\/100\n|-activate|p1a: Agua Potable|ability: Protosynthesis\n|-start|p1a: Agua Potable|protosynthesisspe\n|turn|4\n|\n|t:|1696194887\n|move|p2a: No Tera Grass\ud83d\udeab\ud83c\udf3f|Protect|p2a: No Tera Grass\ud83d\udeab\ud83c\udf3f\n|-singleturn|p2a: No Tera Grass\ud83d\udeab\ud83c\udf3f|Protect\n|move|p2b: Cheempao\ud83e\uddd0\ud83e\udd7a|Sucker Punch|p1a: Agua Potable\n|-damage|p1a: Agua Potable|54\/100\n|move|p1a: Agua Potable|Flip Turn|p2b: Cheempao\ud83e\uddd0\ud83e\udd7a\n|-damage|p2b: Cheempao\ud83e\uddd0\ud83e\udd7a|0 fnt\n|faint|p2b: Cheempao\ud83e\uddd0\ud83e\udd7a\n|\n|t:|1696194901\n|-end|p1a: Agua Potable|Protosynthesis|[silent]\n|switch|p1a: Cheems-Pao|Chien-Pao|100\/100|[from] Flip Turn\n|-ability|p1a: Cheems-Pao|Sword of Ruin\n|move|p1b: Volcanion|Scorching Sands|p2a: No Tera Grass\ud83d\udeab\ud83c\udf3f\n|-activate|p2a: No Tera Grass\ud83d\udeab\ud83c\udf3f|move: Protect\n|\n|-weather|SunnyDay|[upkeep]\n|-heal|p1b: Volcanion|98\/100|[from] item: Leftovers\n|upkeep\n|\n|t:|1696194914\n|switch|p2b: Pajasmanos\ud83e\udd11\ud83d\udd25|Iron Hands|100\/100\n|turn|5\n|\n|t:|1696194946\n|switch|p1a: Agua Potable|Walking Wake|54\/100\n|-activate|p1a: Agua Potable|ability: Protosynthesis\n|-start|p1a: Agua Potable|protosynthesisspe\n|move|p2b: Pajasmanos\ud83e\udd11\ud83d\udd25|Fake Out|p1a: Agua Potable\n|-damage|p1a: Agua Potable|37\/100\n|move|p2a: No Tera Grass\ud83d\udeab\ud83c\udf3f|Earth Power|p1b: Volcanion\n|-supereffective|p1b: Volcanion\n|-damage|p1b: Volcanion|35\/100\n|-damage|p2a: No Tera Grass\ud83d\udeab\ud83c\udf3f|74\/100|[from] item: Life Orb\n|move|p1b: Volcanion|Scorching Sands|p2a: No Tera Grass\ud83d\udeab\ud83c\udf3f\n|-supereffective|p2a: No Tera Grass\ud83d\udeab\ud83c\udf3f\n|-damage|p2a: No Tera Grass\ud83d\udeab\ud83c\udf3f|8\/100\n|\n|-weather|none\n|-end|p1a: Agua Potable|Protosynthesis\n|-heal|p1b: Volcanion|41\/100|[from] item: Leftovers\n|upkeep\n|turn|6\n|\n|t:|1696194972\n|move|p2a: No Tera Grass\ud83d\udeab\ud83c\udf3f|Protect|p2a: No Tera Grass\ud83d\udeab\ud83c\udf3f\n|-singleturn|p2a: No Tera Grass\ud83d\udeab\ud83c\udf3f|Protect\n|move|p1a: Agua Potable|Flip Turn|p2a: No Tera Grass\ud83d\udeab\ud83c\udf3f\n|-activate|p2a: No Tera Grass\ud83d\udeab\ud83c\udf3f|move: Protect\n|move|p1b: Volcanion|Heat Wave|p2b: Pajasmanos\ud83e\udd11\ud83d\udd25|[spread] p2b\n|-activate|p2a: No Tera Grass\ud83d\udeab\ud83c\udf3f|move: Protect\n|-damage|p2b: Pajasmanos\ud83e\udd11\ud83d\udd25|83\/100\n|move|p2b: Pajasmanos\ud83e\udd11\ud83d\udd25|Drain Punch|p1a: Agua Potable\n|-damage|p1a: Agua Potable|0 fnt\n|-heal|p2b: Pajasmanos\ud83e\udd11\ud83d\udd25|97\/100|[from] drain|[of] p1a: Agua Potable\n|faint|p1a: Agua Potable\n|-end|p1a: Agua Potable|Protosynthesis|[silent]\n|\n|-heal|p1b: Volcanion|47\/100|[from] item: Leftovers\n|upkeep\n|\n|t:|1696195010\n|switch|p1a: Cheems-Pao|Chien-Pao|100\/100\n|-ability|p1a: Cheems-Pao|Sword of Ruin\n|turn|7\n|\n|t:|1696195028\n|switch|p2a: Nomebaneen\ud83e\udd7a|Urshifu-Rapid-Strike, F|100\/100\n|move|p1a: Cheems-Pao|Crunch|p2a: Nomebaneen\ud83e\udd7a\n|-resisted|p2a: Nomebaneen\ud83e\udd7a\n|-damage|p2a: Nomebaneen\ud83e\udd7a|73\/100\n|move|p1b: Volcanion|Scorching Sands|p2b: Pajasmanos\ud83e\udd11\ud83d\udd25\n|-supereffective|p2b: Pajasmanos\ud83e\udd11\ud83d\udd25\n|-damage|p2b: Pajasmanos\ud83e\udd11\ud83d\udd25|74\/100\n|move|p2b: Pajasmanos\ud83e\udd11\ud83d\udd25|Drain Punch|p1b: Volcanion\n|-damage|p1b: Volcanion|5\/100\n|-heal|p2b: Pajasmanos\ud83e\udd11\ud83d\udd25|92\/100|[from] drain|[of] p1b: Volcanion\n|\n|-heal|p1b: Volcanion|11\/100|[from] item: Leftovers\n|upkeep\n|turn|8\n|\n|t:|1696195050\n|move|p2a: Nomebaneen\ud83e\udd7a|Surging Strikes|p1a: Cheems-Pao\n|-crit|p1a: Cheems-Pao\n|-damage|p1a: Cheems-Pao|74\/100\n|-crit|p1a: Cheems-Pao\n|-damage|p1a: Cheems-Pao|44\/100\n|-crit|p1a: Cheems-Pao\n|-damage|p1a: Cheems-Pao|18\/100\n|-hitcount|p1a: Cheems-Pao|3\n|move|p1a: Cheems-Pao|Ice Spinner|p2b: Pajasmanos\ud83e\udd11\ud83d\udd25\n|-damage|p2b: Pajasmanos\ud83e\udd11\ud83d\udd25|56\/100\n|move|p1b: Volcanion|Heat Wave|p2a: Nomebaneen\ud83e\udd7a|[spread] p2a,p2b\n|-resisted|p2a: Nomebaneen\ud83e\udd7a\n|-damage|p2a: Nomebaneen\ud83e\udd7a|49\/100\n|-damage|p2b: Pajasmanos\ud83e\udd11\ud83d\udd25|40\/100\n|move|p2b: Pajasmanos\ud83e\udd11\ud83d\udd25|Drain Punch|p1b: Volcanion\n|-damage|p1b: Volcanion|0 fnt\n|-heal|p2b: Pajasmanos\ud83e\udd11\ud83d\udd25|45\/100|[from] drain|[of] p1b: Volcanion\n|faint|p1b: Volcanion\n|\n|upkeep\n|\n|t:|1696195074\n|switch|p1b: Pana Zulia|Torkoal, M|100\/100\n|-weather|SunnyDay|[from] ability: Drought|[of] p1b: Pana Zulia\n|turn|9\n|\n|t:|1696195089\n|move|p1a: Cheems-Pao|Sucker Punch|p2a: Nomebaneen\ud83e\udd7a\n|-resisted|p2a: Nomebaneen\ud83e\udd7a\n|-crit|p2a: Nomebaneen\ud83e\udd7a\n|-damage|p2a: Nomebaneen\ud83e\udd7a|13\/100\n|move|p2a: Nomebaneen\ud83e\udd7a|Surging Strikes|p1b: Pana Zulia\n|-supereffective|p1b: Pana Zulia\n|-crit|p1b: Pana Zulia\n|-damage|p1b: Pana Zulia|85\/100\n|-supereffective|p1b: Pana Zulia\n|-crit|p1b: Pana Zulia\n|-damage|p1b: Pana Zulia|69\/100\n|-supereffective|p1b: Pana Zulia\n|-crit|p1b: Pana Zulia\n|-damage|p1b: Pana Zulia|52\/100\n|-hitcount|p1b: Pana Zulia|3\n|move|p2b: Pajasmanos\ud83e\udd11\ud83d\udd25|Drain Punch|p1b: Pana Zulia\n|-damage|p1b: Pana Zulia|13\/100\n|-heal|p2b: Pajasmanos\ud83e\udd11\ud83d\udd25|60\/100|[from] drain|[of] p1b: Pana Zulia\n|move|p1b: Pana Zulia|Stealth Rock|p2a: Nomebaneen\ud83e\udd7a\n|-sidestart|p2: ELFRAN132|move: Stealth Rock\n|\n|-weather|SunnyDay|[upkeep]\n|upkeep\n|turn|10\n|\n|t:|1696195160\n|switch|p2a: No Tera Grass\ud83d\udeab\ud83c\udf3f|Heatran, F|8\/100\n|-damage|p2a: No Tera Grass\ud83d\udeab\ud83c\udf3f|0 fnt|[from] Stealth Rock\n|faint|p2a: No Tera Grass\ud83d\udeab\ud83c\udf3f\n|move|p1a: Cheems-Pao|Sucker Punch|p2b: Pajasmanos\ud83e\udd11\ud83d\udd25\n|-resisted|p2b: Pajasmanos\ud83e\udd11\ud83d\udd25\n|-damage|p2b: Pajasmanos\ud83e\udd11\ud83d\udd25|46\/100\n|move|p2b: Pajasmanos\ud83e\udd11\ud83d\udd25|Drain Punch|p1a: Cheems-Pao\n|-supereffective|p1a: Cheems-Pao\n|-damage|p1a: Cheems-Pao|0 fnt\n|-heal|p2b: Pajasmanos\ud83e\udd11\ud83d\udd25|52\/100|[from] drain|[of] p1a: Cheems-Pao\n|faint|p1a: Cheems-Pao\n|move|p1b: Pana Zulia|Eruption|p2b: Pajasmanos\ud83e\udd11\ud83d\udd25\n|-damage|p2b: Pajasmanos\ud83e\udd11\ud83d\udd25|47\/100\n|\n|-weather|SunnyDay|[upkeep]\n|upkeep\n|\n|t:|1696195179\n|switch|p1a: PeloeQk|Flutter Mane|80\/100\n|switch|p2a: Manolo\ud83e\uddd0\ud83c\udf77|Amoonguss, F|100\/100\n|-activate|p1a: PeloeQk|ability: Protosynthesis\n|-start|p1a: PeloeQk|protosynthesisspe\n|-damage|p2a: Manolo\ud83e\uddd0\ud83c\udf77|88\/100|[from] Stealth Rock\n|turn|11\n|\n|t:|1696195207\n|-end|p2b: Pajasmanos\ud83e\udd11\ud83d\udd25|Quark Drive|[silent]\n|switch|p2b: Nomebaneen\ud83e\udd7a|Urshifu-Rapid-Strike, F|13\/100\n|-damage|p2b: Nomebaneen\ud83e\udd7a|7\/100|[from] Stealth Rock\n|move|p1a: PeloeQk|Mystical Fire|p2a: Manolo\ud83e\uddd0\ud83c\udf77\n|-supereffective|p2a: Manolo\ud83e\uddd0\ud83c\udf77\n|-damage|p2a: Manolo\ud83e\uddd0\ud83c\udf77|11\/100\n|-unboost|p2a: Manolo\ud83e\uddd0\ud83c\udf77|spa|1\n|-enditem|p2a: Manolo\ud83e\uddd0\ud83c\udf77|Sitrus Berry|[eat]\n|-heal|p2a: Manolo\ud83e\uddd0\ud83c\udf77|36\/100|[from] item: Sitrus Berry\n|-damage|p1a: PeloeQk|70\/100|[from] item: Life Orb\n|move|p1b: Pana Zulia|Yawn|p2b: Nomebaneen\ud83e\udd7a\n|-start|p2b: Nomebaneen\ud83e\udd7a|move: Yawn|[of] p1b: Pana Zulia\n|move|p2a: Manolo\ud83e\uddd0\ud83c\udf77|Spore|p1a: PeloeQk\n|-status|p1a: PeloeQk|slp|[from] move: Spore\n|\n|-weather|SunnyDay|[upkeep]\n|upkeep\n|turn|12\n|c|\u2606Anna Lisa Melculo|sabia que tenia que usar tera fuego pero bueh XD\n|c|\u2606Anna Lisa Melculo|igual ya es gg\n|\n|t:|1696195247\n|cant|p1a: PeloeQk|slp\n|move|p2b: Nomebaneen\ud83e\udd7a|Surging Strikes|p1b: Pana Zulia\n|-supereffective|p1b: Pana Zulia\n|-crit|p1b: Pana Zulia\n|-damage|p1b: Pana Zulia|0 fnt\n|faint|p1b: Pana Zulia\n|-hitcount|p1: Pana Zulia|1\n|move|p2a: Manolo\ud83e\uddd0\ud83c\udf77|Pollen Puff|p2b: Nomebaneen\ud83e\udd7a\n|-heal|p2b: Nomebaneen\ud83e\udd7a|57\/100\n|\n|-weather|SunnyDay|[upkeep]\n|-end|p2b: Nomebaneen\ud83e\udd7a|move: Yawn|[silent]\n|-status|p2b: Nomebaneen\ud83e\udd7a|slp\n|upkeep\n|turn|13\n|\n|t:|1696195269\n|switch|p2b: Pajasmanos\ud83e\udd11\ud83d\udd25|Iron Hands|47\/100\n|-damage|p2b: Pajasmanos\ud83e\udd11\ud83d\udd25|41\/100|[from] Stealth Rock\n|cant|p1a: PeloeQk|slp\n|move|p2a: Manolo\ud83e\uddd0\ud83c\udf77|Pollen Puff|p2b: Pajasmanos\ud83e\udd11\ud83d\udd25\n|-heal|p2b: Pajasmanos\ud83e\udd11\ud83d\udd25|91\/100\n|\n|-weather|none\n|-end|p1a: PeloeQk|Protosynthesis\n|upkeep\n|turn|14\n|\n|t:|1696195286\n|-curestatus|p1a: PeloeQk|slp|[msg]\n|move|p1a: PeloeQk|Dazzling Gleam|p2a: Manolo\ud83e\uddd0\ud83c\udf77|[spread] p2a,p2b\n|-resisted|p2a: Manolo\ud83e\uddd0\ud83c\udf77\n|-supereffective|p2b: Pajasmanos\ud83e\udd11\ud83d\udd25\n|-damage|p2a: Manolo\ud83e\uddd0\ud83c\udf77|21\/100\n|-damage|p2b: Pajasmanos\ud83e\udd11\ud83d\udd25|49\/100\n|-damage|p1a: PeloeQk|60\/100|[from] item: Life Orb\n|move|p2b: Pajasmanos\ud83e\udd11\ud83d\udd25|Wild Charge|p1a: PeloeQk\n|-damage|p1a: PeloeQk|0 fnt\n|faint|p1a: PeloeQk\n|-end|p1a: PeloeQk|Protosynthesis|[silent]\n|-damage|p2b: Pajasmanos\ud83e\udd11\ud83d\udd25|39\/100|[from] Recoil\n|\n|win|ELFRAN132\n","uploadtime":1696195301,"views":8,"p1id":"annalisamelculo","p2id":"elfran132","formatid":"gen9nationaldexdoubles","rating":0,"private":0,"password":""}