{"id":"gen9nationaldexdoubles-1957326583","p1":"GundamCalibarn","p2":"NotArusef","format":"[Gen 9] National Dex Doubles","log":"|j|\u2606GundamCalibarn\n|j|\u2606NotArusef\n|t:|1696208913\n|gametype|doubles\n|player|p1|GundamCalibarn|169|1097\n|player|p2|NotArusef|clerk-boss|1071\n|teamsize|p1|6\n|teamsize|p2|6\n|gen|9\n|tier|[Gen 9] National Dex Doubles\n|rated|\n|rule|HP Percentage Mod: HP is shown in percentages\n|rule|Endless Battle Clause: Forcing endless battles is banned\n|rule|OHKO Clause: OHKO moves are banned\n|rule|Evasion Moves Clause: Evasion moves are banned\n|rule|Evasion Abilities Clause: Evasion abilities are banned\n|rule|Species Clause: Limit one of each Pok\u00e9mon\n|rule|Gravity Sleep Clause: The combination of sleep-inducing moves with imperfect accuracy and Gravity or Gigantamax Orbeetle are banned\n|clearpoke\n|poke|p1|Exploud, F|\n|poke|p1|Toxtricity-Low-Key, F|\n|poke|p1|Noivern, M|\n|poke|p1|Meloetta|\n|poke|p1|Kommo-o, M|\n|poke|p1|Bastiodon, F|\n|poke|p2|Sudowoodo, F|\n|poke|p2|Slowking-Galar, M|\n|poke|p2|Slowbro, M|\n|poke|p2|Runerigus, M|\n|poke|p2|Sableye, M|\n|poke|p2|Cradily, F|\n|teampreview\n|inactive|Battle timer is ON: inactive players will automatically lose when time's up. (requested by NotArusef)\n|\n|t:|1696208936\n|start\n|switch|p1a: Noivern|Noivern, M|100\/100\n|switch|p1b: Exploud|Exploud, F|100\/100\n|switch|p2a: Runerigus|Runerigus, M|100\/100\n|switch|p2b: Sableye|Sableye, M|100\/100\n|turn|1\n|\n|t:|1696208949\n|move|p2b: Sableye|Light Screen|p2b: Sableye\n|-sidestart|p2: NotArusef|move: Light Screen\n|move|p1a: Noivern|Tailwind|p1a: Noivern\n|-sidestart|p1: GundamCalibarn|move: Tailwind\n|move|p1b: Exploud|Shadow Ball|p2a: Runerigus\n|-supereffective|p2a: Runerigus\n|-damage|p2a: Runerigus|66\/100\n|move|p2a: Runerigus|Trick Room|p2a: Runerigus\n|-fieldstart|move: Trick Room|[of] p2a: Runerigus\n|\n|upkeep\n|turn|2\n|\n|t:|1696208966\n|move|p2a: Runerigus|Shadow Claw|p1a: Noivern\n|-damage|p1a: Noivern|58\/100\n|move|p2b: Sableye|Knock Off|p1b: Exploud\n|-damage|p1b: Exploud|67\/100\n|-enditem|p1b: Exploud|Assault Vest|[from] move: Knock Off|[of] p2b: Sableye\n|move|p1b: Exploud|Shadow Ball|p2a: Runerigus\n|-supereffective|p2a: Runerigus\n|-damage|p2a: Runerigus|32\/100\n|move|p1a: Noivern|Heat Wave|p2b: Sableye|[spread] \n|-miss|p1a: Noivern|p2a: Runerigus\n|-miss|p1a: Noivern|p2b: Sableye\n|\n|upkeep\n|turn|3\n|\n|t:|1696208986\n|switch|p2a: Sudowoodo|Sudowoodo, F|100\/100\n|-terastallize|p1a: Noivern|Normal\n|move|p2b: Sableye|Knock Off|p1a: Noivern\n|-damage|p1a: Noivern|24\/100\n|-enditem|p1a: Noivern|Throat Spray|[from] move: Knock Off|[of] p2b: Sableye\n|move|p1b: Exploud|Shadow Ball|p2a: Sudowoodo\n|-damage|p2a: Sudowoodo|78\/100\n|move|p1a: Noivern|Heat Wave|p2a: Sudowoodo|[spread] \n|-miss|p1a: Noivern|p2a: Sudowoodo\n|-miss|p1a: Noivern|p2b: Sableye\n|\n|upkeep\n|turn|4\n|inactive|NotArusef has 120 seconds left.\n|\n|t:|1696209018\n|switch|p2b: Slowking|Slowking-Galar, M|100\/100\n|move|p1a: Noivern|Protect|p1a: Noivern\n|-singleturn|p1a: Noivern|Protect\n|move|p2a: Sudowoodo|Drain Punch|p1b: Exploud\n|-supereffective|p1b: Exploud\n|-damage|p1b: Exploud|0 fnt\n|-heal|p2a: Sudowoodo|100\/100|[from] drain|[of] p1b: Exploud\n|faint|p1b: Exploud\n|-damage|p2a: Sudowoodo|91\/100|[from] item: Life Orb\n|\n|-sideend|p1: GundamCalibarn|move: Tailwind\n|upkeep\n|inactive|GundamCalibarn has 120 seconds left.\n|\n|t:|1696209036\n|switch|p1b: Meloetta|Meloetta|100\/100\n|turn|5\n|\n|t:|1696209051\n|move|p2b: Slowking|Sludge Bomb|p1b: Meloetta\n|-damage|p1b: Meloetta|64\/100\n|move|p2a: Sudowoodo|Head Smash|p1a: Noivern\n|-damage|p1a: Noivern|0 fnt\n|faint|p1a: Noivern\n|-damage|p2a: Sudowoodo|81\/100|[from] item: Life Orb\n|move|p1b: Meloetta|Energy Ball|p2a: Sudowoodo\n|-supereffective|p2a: Sudowoodo\n|-damage|p2a: Sudowoodo|19\/100\n|\n|-fieldend|move: Trick Room\n|upkeep\n|inactive|GundamCalibarn has 120 seconds left.\n|\n|t:|1696209067\n|switch|p1a: Bastiodon|Bastiodon, F|100\/100\n|-item|p1a: Bastiodon|Air Balloon\n|turn|6\n|\n|t:|1696209081\n|move|p2a: Sudowoodo|Protect|p2a: Sudowoodo\n|-singleturn|p2a: Sudowoodo|Protect\n|move|p1b: Meloetta|Relic Song|p2b: Slowking|[spread] p2b\n|-activate|p2a: Sudowoodo|move: Protect\n|-damage|p2b: Slowking|85\/100\n|-formechange|p1b: Meloetta|Meloetta-Pirouette|[msg]\n|-enditem|p1b: Meloetta|Throat Spray\n|-boost|p1b: Meloetta|spa|1|[from] item: Throat Spray\n|move|p1a: Bastiodon|Stealth Rock|p2a: Sudowoodo\n|-sidestart|p2: NotArusef|move: Stealth Rock\n|move|p2b: Slowking|Trick Room|p2b: Slowking\n|-fieldstart|move: Trick Room|[of] p2b: Slowking\n|\n|-heal|p2b: Slowking|91\/100|[from] item: Black Sludge\n|upkeep\n|turn|7\n|\n|t:|1696209101\n|move|p2b: Slowking|Eerie Spell|p1b: Meloetta\n|-supereffective|p1b: Meloetta\n|-damage|p1b: Meloetta|0 fnt\n|faint|p1b: Meloetta\n|move|p2a: Sudowoodo|Drain Punch|p1a: Bastiodon\n|-supereffective|p1a: Bastiodon\n|-damage|p1a: Bastiodon|36\/100\n|-heal|p2a: Sudowoodo|49\/100|[from] drain|[of] p1a: Bastiodon\n|-enditem|p1a: Bastiodon|Air Balloon\n|-damage|p2a: Sudowoodo|39\/100|[from] item: Life Orb\n|move|p1a: Bastiodon|Roar|p2b: Slowking\n|drag|p2b: Runerigus|Runerigus, M|32\/100\n|-damage|p2b: Runerigus|27\/100|[from] Stealth Rock\n|\n|upkeep\n|\n|t:|1696209117\n|switch|p1b: Toxtricity|Toxtricity-Low-Key, F|100\/100\n|turn|8\n|\n|t:|1696209122\n|move|p2a: Sudowoodo|Protect|p2a: Sudowoodo\n|-singleturn|p2a: Sudowoodo|Protect\n|move|p1a: Bastiodon|Wide Guard|p1a: Bastiodon\n|-singleturn|p1a: Bastiodon|Wide Guard\n|move|p2b: Runerigus|Earthquake|p1b: Toxtricity|[spread] \n|-activate|p1a: Bastiodon|move: Wide Guard\n|-activate|p1b: Toxtricity|move: Wide Guard\n|-activate|p2a: Sudowoodo|move: Protect\n|move|p1b: Toxtricity|Sludge Wave|p2b: Runerigus|[spread] p2b\n|-activate|p1a: Bastiodon|move: Wide Guard\n|-activate|p2a: Sudowoodo|move: Protect\n|-resisted|p2b: Runerigus\n|-damage|p2b: Runerigus|20\/100\n|\n|-sideend|p2: NotArusef|move: Light Screen\n|upkeep\n|turn|9\n|inactive|GundamCalibarn has 120 seconds left.\n|\n|t:|1696209154\n|move|p2b: Runerigus|Shadow Claw|p1b: Toxtricity\n|-damage|p1b: Toxtricity|60\/100\n|move|p2a: Sudowoodo|Drain Punch|p1a: Bastiodon\n|-supereffective|p1a: Bastiodon\n|-damage|p1a: Bastiodon|0 fnt\n|-heal|p2a: Sudowoodo|56\/100|[from] drain|[of] p1a: Bastiodon\n|faint|p1a: Bastiodon\n|-damage|p2a: Sudowoodo|46\/100|[from] item: Life Orb\n|move|p1b: Toxtricity|Sludge Wave|p2a: Sudowoodo|[spread] p2a,p2b\n|-resisted|p2a: Sudowoodo\n|-resisted|p2b: Runerigus\n|-damage|p2a: Sudowoodo|22\/100\n|-damage|p2b: Runerigus|11\/100\n|\n|upkeep\n|inactive|GundamCalibarn has 120 seconds left.\n|\n|t:|1696209167\n|switch|p1a: Kommo-o|Kommo-o, M|100\/100\n|turn|10\n|\n|t:|1696209183\n|move|p2a: Sudowoodo|Protect|p2a: Sudowoodo\n|-singleturn|p2a: Sudowoodo|Protect\n|move|p2b: Runerigus|Earthquake|p1b: Toxtricity|[spread] p1a,p1b\n|-activate|p2a: Sudowoodo|move: Protect\n|-supereffective|p1b: Toxtricity\n|-damage|p1a: Kommo-o|65\/100\n|-damage|p1b: Toxtricity|0 fnt\n|faint|p1b: Toxtricity\n|-zpower|p1a: Kommo-o\n|move|p1a: Kommo-o|Clangorous Soulblaze|p2b: Runerigus|[zeffect]|[spread] p2a,p2b\n|-zbroken|p2a: Sudowoodo\n|-damage|p2a: Sudowoodo|0 fnt\n|-damage|p2b: Runerigus|0 fnt\n|faint|p2a: Sudowoodo\n|faint|p2b: Runerigus\n|-boost|p1a: Kommo-o|atk|1\n|-boost|p1a: Kommo-o|def|1\n|-boost|p1a: Kommo-o|spa|1\n|-boost|p1a: Kommo-o|spd|1\n|-boost|p1a: Kommo-o|spe|1\n|\n|-fieldend|move: Trick Room\n|upkeep\n|\n|t:|1696209203\n|switch|p2a: Sableye|Sableye, M|100\/100\n|switch|p2b: Slowbro|Slowbro, M|100\/100\n|-damage|p2a: Sableye|88\/100|[from] Stealth Rock\n|-damage|p2b: Slowbro|88\/100|[from] Stealth Rock\n|turn|11\n|\n|t:|1696209212\n|move|p2a: Sableye|Reflect|p2a: Sableye\n|-sidestart|p2: NotArusef|Reflect\n|move|p1a: Kommo-o|Clanging Scales|p2a: Sableye|[spread] p2a,p2b\n|-damage|p2a: Sableye|3\/100\n|-damage|p2b: Slowbro|32\/100\n|-unboost|p1a: Kommo-o|def|1\n|move|p2b: Slowbro|Trick Room|p2b: Slowbro\n|-fieldstart|move: Trick Room|[of] p2b: Slowbro\n|\n|-heal|p2b: Slowbro|38\/100|[from] item: Leftovers\n|upkeep\n|turn|12\n|\n|t:|1696209227\n|move|p2a: Sableye|Light Screen|p2a: Sableye\n|-sidestart|p2: NotArusef|move: Light Screen\n|move|p2b: Slowbro|Psychic|p1a: Kommo-o\n|-supereffective|p1a: Kommo-o\n|-damage|p1a: Kommo-o|0 fnt\n|faint|p1a: Kommo-o\n|\n|win|NotArusef\n|raw|GundamCalibarn's rating: 1097 &rarr; <strong>1071<\/strong><br \/>(-26 for losing)\n|raw|NotArusef's rating: 1071 &rarr; <strong>1103<\/strong><br \/>(+32 for winning)\n","uploadtime":1696209234,"views":10,"p1id":"gundamcalibarn","p2id":"notarusef","formatid":"gen9nationaldexdoubles","rating":1071,"private":0,"password":""}