{"id":"gen9nationaldexdoubles-1960170830","p1":"Bootus Stankus","p2":"Koge Takashii","format":"[Gen 9] National Dex Doubles","log":"|j|\u2606Bootus Stankus\n|j|\u2606Koge Takashii\n|t:|1696501947\n|gametype|doubles\n|player|p1|Bootus Stankus|alder|1105\n|player|p2|Koge Takashii|brawly|1067\n|teamsize|p1|6\n|teamsize|p2|6\n|gen|9\n|tier|[Gen 9] National Dex Doubles\n|rated|\n|rule|HP Percentage Mod: HP is shown in percentages\n|rule|Endless Battle Clause: Forcing endless battles is banned\n|rule|OHKO Clause: OHKO moves are banned\n|rule|Evasion Moves Clause: Evasion moves are banned\n|rule|Evasion Abilities Clause: Evasion abilities are banned\n|rule|Species Clause: Limit one of each Pok\u00e9mon\n|rule|Gravity Sleep Clause: The combination of sleep-inducing moves with imperfect accuracy and Gravity or Gigantamax Orbeetle are banned\n|clearpoke\n|poke|p1|Heracross, M|\n|poke|p1|Hawlucha, F|\n|poke|p1|Tapu Koko|\n|poke|p1|Clefairy, F|\n|poke|p1|Arcanine, M|\n|poke|p1|Fezandipiti, M|\n|poke|p2|Gholdengo|\n|poke|p2|Volbeat, M|\n|poke|p2|Tropius, M|\n|poke|p2|Illumise, F|\n|poke|p2|Charizard, M|\n|poke|p2|Tyranitar, M|\n|teampreview\n|\n|t:|1696501982\n|start\n|switch|p1a: Hawlucha|Hawlucha, F|100\/100\n|switch|p1b: Tapu Koko|Tapu Koko|100\/100\n|switch|p2a: Volbeat|Volbeat, M, shiny|100\/100\n|switch|p2b: Tropius|Tropius, M|100\/100\n|-fieldstart|move: Electric Terrain|[from] ability: Electric Surge|[of] p1b: Tapu Koko\n|-enditem|p1a: Hawlucha|Electric Seed\n|-boost|p1a: Hawlucha|def|1|[from] item: Electric Seed\n|turn|1\n|inactive|Battle timer is ON: inactive players will automatically lose when time's up. (requested by Bootus Stankus)\n|inactive|Koge Takashii has 120 seconds left.\n|\n|t:|1696502092\n|switch|p1b: Heracross|Heracross, M|100\/100\n|-terastallize|p2b: Tropius|Dragon\n|move|p2a: Volbeat|Tailwind|p2a: Volbeat\n|-sidestart|p2: Koge Takashii|move: Tailwind\n|move|p1a: Hawlucha|Acrobatics|p2a: Volbeat\n|-supereffective|p2a: Volbeat\n|-damage|p2a: Volbeat|18\/100\n|-enditem|p2a: Volbeat|Red Card|[of] p1a: Hawlucha\n|drag|p1a: Fezandipiti|Fezandipiti, M|100\/100\n|move|p2b: Tropius|Leech Seed|p1a: Fezandipiti\n|-start|p1a: Fezandipiti|move: Leech Seed\n|\n|-damage|p1a: Fezandipiti|88\/100|[from] Leech Seed|[of] p2b: Tropius\n|upkeep\n|turn|2\n|inactive|Koge Takashii has 120 seconds left.\n|inactive|Koge Takashii has 90 seconds left.\n|inactive|Koge Takashii has 60 seconds left.\n|\n|t:|1696502188\n|switch|p1b: Hawlucha|Hawlucha, F|100\/100\n|move|p2a: Volbeat|Light Screen|p2a: Volbeat\n|-sidestart|p2: Koge Takashii|move: Light Screen\n|move|p2b: Tropius|Leech Seed|p1b: Hawlucha\n|-start|p1b: Hawlucha|move: Leech Seed\n|move|p1a: Fezandipiti|Nasty Plot|p1a: Fezandipiti\n|-boost|p1a: Fezandipiti|spa|2\n|\n|-heal|p1a: Fezandipiti|94\/100|[from] item: Black Sludge\n|-damage|p1b: Hawlucha|88\/100|[from] Leech Seed|[of] p2b: Tropius\n|-damage|p1a: Fezandipiti|82\/100|[from] Leech Seed|[of] p2b: Tropius\n|upkeep\n|turn|3\n|inactive|Koge Takashii has 60 seconds left.\n|\n|t:|1696502209\n|switch|p2b: Gholdengo|Gholdengo, shiny|100\/100\n|move|p2a: Volbeat|Thunder Wave|p1a: Fezandipiti\n|-status|p1a: Fezandipiti|par\n|move|p1b: Hawlucha|Tailwind|p1b: Hawlucha\n|-sidestart|p1: Bootus Stankus|move: Tailwind\n|move|p1a: Fezandipiti|Dazzling Gleam|p2a: Volbeat|[spread] p2a,p2b\n|-resisted|p2b: Gholdengo\n|-damage|p2a: Volbeat|0 fnt\n|-damage|p2b: Gholdengo|87\/100\n|faint|p2a: Volbeat\n|\n|-heal|p1a: Fezandipiti|88\/100 par|[from] item: Black Sludge\n|-damage|p1b: Hawlucha|76\/100|[from] Leech Seed|[of] p2b: Gholdengo\n|-heal|p2b: Gholdengo|99\/100|[silent]\n|-damage|p1a: Fezandipiti|76\/100 par|[from] Leech Seed|[of] p2b: Gholdengo\n|-heal|p2b: Gholdengo|100\/100|[silent]\n|upkeep\n|inactive|Koge Takashii has 60 seconds left.\n|\n|t:|1696502231\n|switch|p2a: Charizard|Charizard, M, shiny|100\/100\n|turn|4\n|inactive|Koge Takashii has 60 seconds left.\n|c|\u2606Koge Takashii|GG\n|inactive|Bootus Stankus has 120 seconds left.\n|\n|t:|1696502277\n|detailschange|p2a: Charizard|Charizard-Mega-X, M, shiny\n|-mega|p2a: Charizard|Charizard|Charizardite X\n|move|p1b: Hawlucha|Acrobatics|p2a: Charizard\n|-damage|p2a: Charizard|64\/100\n|move|p2b: Gholdengo|Nasty Plot|p2b: Gholdengo\n|-boost|p2b: Gholdengo|spa|2\n|move|p2a: Charizard|Dragon Dance|p2a: Charizard\n|-boost|p2a: Charizard|atk|1\n|-boost|p2a: Charizard|spe|1\n|move|p1a: Fezandipiti|Heat Wave|p2b: Gholdengo|[spread] p2a,p2b\n|-resisted|p2a: Charizard\n|-supereffective|p2b: Gholdengo\n|-damage|p2a: Charizard|58\/100\n|-damage|p2b: Gholdengo|57\/100\n|\n|-heal|p1a: Fezandipiti|82\/100 par|[from] item: Black Sludge\n|-damage|p1b: Hawlucha|63\/100|[from] Leech Seed|[of] p2b: Gholdengo\n|-heal|p2b: Gholdengo|70\/100|[silent]\n|-damage|p1a: Fezandipiti|69\/100 par|[from] Leech Seed|[of] p2b: Gholdengo\n|-heal|p2b: Gholdengo|84\/100|[silent]\n|-sideend|p2: Koge Takashii|move: Tailwind\n|upkeep\n|turn|5\n|inactive|Bootus Stankus has 120 seconds left.\n|inactive|Koge Takashii has 60 seconds left.\n|inactive|Koge Takashii has 30 seconds left.\n|inactive|Koge Takashii has 20 seconds left.\n|inactive|Koge Takashii has 15 seconds left.\n|inactive|Koge Takashii has 10 seconds left.\n|\n|t:|1696502347\n|-terastallize|p1a: Fezandipiti|Poison\n|move|p1b: Hawlucha|Acrobatics|p2a: Charizard\n|-damage|p2a: Charizard|18\/100\n|move|p2a: Charizard|Sky Drop||[still]\n|-prepare|p2a: Charizard|Sky Drop|p1b: Hawlucha\n|cant|p1a: Fezandipiti|par\n|move|p2b: Gholdengo|Confuse Ray|p1a: Fezandipiti\n|-start|p1a: Fezandipiti|confusion\n|\n|-heal|p1a: Fezandipiti|76\/100 par|[from] item: Black Sludge\n|-damage|p1b: Hawlucha|51\/100|[from] Leech Seed|[of] p2b: Gholdengo\n|-heal|p2b: Gholdengo|96\/100|[silent]\n|-damage|p1a: Fezandipiti|63\/100 par|[from] Leech Seed|[of] p2b: Gholdengo\n|-heal|p2b: Gholdengo|100\/100|[silent]\n|-fieldend|move: Electric Terrain\n|upkeep\n|turn|6\n|inactive|Bootus Stankus has 120 seconds left.\n|inactive|Koge Takashii has 30 seconds left.\n|inactive|Koge Takashii has 20 seconds left.\n|inactive|Koge Takashii has 15 seconds left.\n|inactive|Koge Takashii has 10 seconds left.\n|\n|t:|1696502380\n|move|p2a: Charizard|Sky Drop|p1b: Hawlucha|[from]lockedmove\n|-immune|p1b: Hawlucha\n|-activate|p1a: Fezandipiti|confusion\n|-damage|p1a: Fezandipiti|56\/100 par|[from] confusion\n|move|p2b: Gholdengo|Electro Ball|p1a: Fezandipiti\n|-damage|p1a: Fezandipiti|32\/100 par\n|\n|-heal|p1a: Fezandipiti|38\/100 par|[from] item: Black Sludge\n|-damage|p1b: Hawlucha|38\/100|[from] Leech Seed|[of] p2b: Gholdengo\n|-damage|p1a: Fezandipiti|25\/100 par|[from] Leech Seed|[of] p2b: Gholdengo\n|-sideend|p2: Koge Takashii|move: Light Screen\n|-sideend|p1: Bootus Stankus|move: Tailwind\n|upkeep\n|turn|7\n|inactive|Koge Takashii has 30 seconds left.\n|inactive|Koge Takashii has 20 seconds left.\n|inactive|Koge Takashii has 15 seconds left.\n|\n|t:|1696502401\n|move|p2a: Charizard|Flamethrower|p1b: Hawlucha\n|-damage|p1b: Hawlucha|0 fnt\n|faint|p1b: Hawlucha\n|move|p2b: Gholdengo|Electro Ball|p1a: Fezandipiti\n|-damage|p1a: Fezandipiti|0 fnt\n|faint|p1a: Fezandipiti\n|\n|upkeep\n|inactive|Koge Takashii has 20 seconds left this turn.\n|inactive|Bootus Stankus has 90 seconds left.\n|\n|t:|1696502423\n|switch|p1b: Tapu Koko|Tapu Koko|100\/100\n|switch|p1a: Arcanine|Arcanine, M|100\/100\n|-ability|p1a: Arcanine|Intimidate|boost\n|-unboost|p2a: Charizard|atk|1\n|-unboost|p2b: Gholdengo|atk|1\n|-fieldstart|move: Electric Terrain|[from] ability: Electric Surge|[of] p1b: Tapu Koko\n|turn|8\n|inactive|Koge Takashii has 30 seconds left.\n|inactive|Koge Takashii has 20 seconds left.\n|inactive|Koge Takashii has 15 seconds left.\n|\n|t:|1696502454\n|move|p2a: Charizard|Flamethrower|p1b: Tapu Koko\n|-damage|p1b: Tapu Koko|35\/100\n|move|p1a: Arcanine|Howl|p1a: Arcanine|[spread] p1a,p1b\n|-boost|p1a: Arcanine|atk|1\n|-boost|p1b: Tapu Koko|atk|1\n|move|p1b: Tapu Koko|Electroweb|p2a: Charizard|[spread] p2a,p2b\n|-resisted|p2a: Charizard\n|-damage|p2a: Charizard|5\/100\n|-damage|p2b: Gholdengo|79\/100\n|-unboost|p2a: Charizard|spe|1\n|-unboost|p2b: Gholdengo|spe|1\n|move|p2b: Gholdengo|Electro Ball|p1a: Arcanine\n|-damage|p1a: Arcanine|58\/100\n|\n|-heal|p1b: Tapu Koko|41\/100|[from] item: Leftovers\n|upkeep\n|turn|9\n|inactive|Koge Takashii has 30 seconds left.\n|inactive|Bootus Stankus has 120 seconds left.\n|inactive|Koge Takashii has 20 seconds left.\n|inactive|Koge Takashii has 15 seconds left.\n|inactive|Koge Takashii has 10 seconds left.\n|\n|t:|1696502486\n|move|p1a: Arcanine|Extreme Speed|p2a: Charizard\n|-damage|p2a: Charizard|0 fnt\n|faint|p2a: Charizard\n|move|p1b: Tapu Koko|Electroweb|p2b: Gholdengo\n|-damage|p2b: Gholdengo|48\/100\n|-unboost|p2b: Gholdengo|spe|1\n|move|p2b: Gholdengo|Make It Rain|p1b: Tapu Koko|[spread] p1a,p1b\n|-resisted|p1a: Arcanine\n|-damage|p1a: Arcanine|0 fnt\n|-damage|p1b: Tapu Koko|0 fnt\n|-unboost|p2b: Gholdengo|spa|1\n|faint|p1a: Arcanine\n|faint|p1b: Tapu Koko\n|\n|upkeep\n|inactive|Koge Takashii has 30 seconds left.\n|inactive|Koge Takashii has 20 seconds left.\n|inactive|Bootus Stankus has 120 seconds left.\n|inactive|Koge Takashii has 15 seconds left.\n|-message|Bootus Stankus forfeited.\n|\n|win|Koge Takashii\n|inactive|Koge Takashii has 20 seconds left this turn.\n|raw|Bootus Stankus's rating: 1105 &rarr; <strong>1077<\/strong><br \/>(-28 for losing)\n|raw|Koge Takashii's rating: 1067 &rarr; <strong>1100<\/strong><br \/>(+33 for winning)\n|l|\u2606Bootus Stankus\n","uploadtime":1696502733,"views":7,"p1id":"bootusstankus","p2id":"kogetakashii","formatid":"gen9nationaldexdoubles","rating":1077,"private":0,"password":""}