{"id":"gen9nationaldexdoubles-1994347967","p1":"xephos223","p2":"Vican259","format":"[Gen 9] National Dex Doubles","log":"|j|\u2606xephos223\n|j|\u2606Vican259\n|t:|1700433716\n|gametype|doubles\n|player|p1|xephos223|gambler|\n|player|p2|Vican259|bellelba|\n|teamsize|p1|6\n|teamsize|p2|6\n|gen|9\n|tier|[Gen 9] National Dex Doubles\n|rule|HP Percentage Mod: HP is shown in percentages\n|rule|Endless Battle Clause: Forcing endless battles is banned\n|rule|OHKO Clause: OHKO moves are banned\n|rule|Evasion Moves Clause: Evasion moves are banned\n|rule|Evasion Abilities Clause: Evasion abilities are banned\n|rule|Species Clause: Limit one of each Pok\u00e9mon\n|rule|Gravity Sleep Clause: The combination of sleep-inducing moves with imperfect accuracy and Gravity or Gigantamax Orbeetle are banned\n|clearpoke\n|poke|p1|Gallade, M|\n|poke|p1|Garchomp, M|\n|poke|p1|Magnezone|\n|poke|p1|Gastrodon, M|\n|poke|p1|Togekiss, F|\n|poke|p1|Lucario, M|\n|poke|p2|Stakataka|\n|poke|p2|Araquanid, F|\n|poke|p2|Buzzwole|\n|poke|p2|Guzzlord|\n|poke|p2|Blacephalon|\n|poke|p2|Celesteela|\n|teampreview\n|\n|t:|1700433725\n|start\n|switch|p1a: Beep Boop|Magnezone|100\/100\n|switch|p1b: Not a Mega|Lucario, M|100\/100\n|switch|p2a: Celesteela|Celesteela|100\/100\n|switch|p2b: Blacephalon|Blacephalon|100\/100\n|turn|1\n|\n|t:|1700433739\n|switch|p1b: Budget Swampert|Gastrodon, M|100\/100\n|-terastallize|p1a: Beep Boop|Flying\n|move|p2b: Blacephalon|Fire Blast|p1a: Beep Boop\n|-ability|p1a: Beep Boop|Sturdy\n|-damage|p1a: Beep Boop|1\/100\n|move|p1a: Beep Boop|Discharge|p2b: Blacephalon|[spread] p2a,p2b\n|-immune|p1b: Budget Swampert\n|-supereffective|p2a: Celesteela\n|-damage|p2a: Celesteela|56\/100\n|-damage|p2b: Blacephalon|47\/100\n|-status|p2b: Blacephalon|par\n|move|p2a: Celesteela|Leech Seed|p1a: Beep Boop\n|-start|p1a: Beep Boop|move: Leech Seed\n|\n|-heal|p2a: Celesteela|62\/100|[from] item: Leftovers\n|-damage|p1a: Beep Boop|0 fnt|[from] Leech Seed|[of] p2a: Celesteela\n|-heal|p2a: Celesteela|62\/100|[silent]\n|faint|p1a: Beep Boop\n|upkeep\n|\n|t:|1700433766\n|switch|p1a: OU|Garchomp, M|100\/100\n|turn|2\n|\n|t:|1700433786\n|switch|p2b: Araquanid|Araquanid, F|100\/100\n|move|p2a: Celesteela|Protect|p2a: Celesteela\n|-singleturn|p2a: Celesteela|Protect\n|move|p1a: OU|Iron Head|p2b: Araquanid\n|-resisted|p2b: Araquanid\n|-damage|p2b: Araquanid|87\/100\n|move|p1b: Budget Swampert|Surf|p2b: Araquanid|[spread] p1a,p2b\n|-activate|p2a: Celesteela|move: Protect\n|-resisted|p2b: Araquanid\n|-damage|p1a: OU|67\/100\n|-damage|p2b: Araquanid|76\/100\n|\n|-heal|p2a: Celesteela|69\/100|[from] item: Leftovers\n|upkeep\n|turn|3\n|\n|t:|1700433809\n|move|p1a: OU|Outrage|p2b: Araquanid\n|-damage|p2b: Araquanid|9\/100\n|-enditem|p2b: Araquanid|Figy Berry|[eat]\n|-heal|p2b: Araquanid|43\/100|[from] item: Figy Berry\n|move|p2a: Celesteela|Heavy Slam|p1a: OU\n|-damage|p1a: OU|22\/100\n|-damage|p2a: Celesteela|56\/100|[from] ability: Rough Skin|[of] p1a: OU\n|move|p2b: Araquanid|Liquidation|p1b: Budget Swampert\n|-activate|p1b: Budget Swampert|ability: Storm Drain\n|-ability|p1b: Budget Swampert|Storm Drain|boost\n|-boost|p1b: Budget Swampert|spa|1\n|move|p1b: Budget Swampert|Ice Beam|p2a: Celesteela\n|-damage|p2a: Celesteela|29\/100\n|\n|-heal|p2a: Celesteela|35\/100|[from] item: Leftovers\n|upkeep\n|turn|4\n|\n|t:|1700433833\n|move|p2a: Celesteela|Protect|p2a: Celesteela\n|-singleturn|p2a: Celesteela|Protect\n|move|p1a: OU|Outrage|p2a: Celesteela|[from]lockedmove\n|-activate|p2a: Celesteela|move: Protect\n|-start|p1a: OU|confusion|[fatigue]\n|move|p2b: Araquanid|Bug Bite|p1a: OU\n|-damage|p1a: OU|0 fnt\n|-damage|p2b: Araquanid|30\/100|[from] ability: Rough Skin|[of] p1a: OU\n|faint|p1a: OU\n|move|p1b: Budget Swampert|Stealth Rock|p2a: Celesteela\n|-sidestart|p2: Vican259|move: Stealth Rock\n|\n|-heal|p2a: Celesteela|41\/100|[from] item: Leftovers\n|upkeep\n|\n|t:|1700433852\n|switch|p1a: My Boy|Gallade, M|100\/100\n|turn|5\n|\n|t:|1700433870\n|move|p1a: My Boy|Sacred Sword|p2b: Araquanid\n|-resisted|p2b: Araquanid\n|-damage|p2b: Araquanid|0 fnt\n|faint|p2b: Araquanid\n|move|p2a: Celesteela|Heavy Slam|p1a: My Boy\n|-damage|p1a: My Boy|20\/100\n|move|p1b: Budget Swampert|Ice Beam|p2a: Celesteela\n|-damage|p2a: Celesteela|15\/100\n|\n|-heal|p2a: Celesteela|21\/100|[from] item: Leftovers\n|upkeep\n|\n|t:|1700433888\n|switch|p2b: Stakataka|Stakataka|100\/100\n|-damage|p2b: Stakataka|94\/100|[from] Stealth Rock\n|turn|6\n|\n|t:|1700433903\n|-terastallize|p2b: Stakataka|Flying\n|move|p2a: Celesteela|Protect|p2a: Celesteela\n|-singleturn|p2a: Celesteela|Protect\n|move|p1a: My Boy|Sacred Sword|p2b: Stakataka\n|-resisted|p2b: Stakataka\n|-damage|p2b: Stakataka|74\/100\n|move|p1b: Budget Swampert|Ice Beam|p2a: Celesteela\n|-activate|p2a: Celesteela|move: Protect\n|move|p2b: Stakataka|Trick Room|p2b: Stakataka\n|-fieldstart|move: Trick Room|[of] p2b: Stakataka\n|\n|-heal|p2b: Stakataka|81\/100|[from] item: Leftovers\n|-heal|p2a: Celesteela|27\/100|[from] item: Leftovers\n|upkeep\n|turn|7\n|\n|t:|1700433957\n|move|p2b: Stakataka|Body Press|p1b: Budget Swampert\n|-damage|p1b: Budget Swampert|63\/100\n|move|p1b: Budget Swampert|Ice Beam|p2b: Stakataka\n|-supereffective|p2b: Stakataka\n|-damage|p2b: Stakataka|18\/100\n|move|p2a: Celesteela|Heavy Slam|p1a: My Boy\n|-damage|p1a: My Boy|0 fnt\n|faint|p1a: My Boy\n|-ability|p2a: Celesteela|Beast Boost|boost\n|-boost|p2a: Celesteela|spd|1\n|\n|-heal|p2b: Stakataka|24\/100|[from] item: Leftovers\n|-heal|p1b: Budget Swampert|69\/100|[from] item: Leftovers\n|-heal|p2a: Celesteela|33\/100|[from] item: Leftovers\n|upkeep\n|\n|t:|1700433973\n|switch|p1a: Not a Mega|Lucario, M|100\/100\n|turn|8\n|\n|t:|1700433981\n|detailschange|p1a: Not a Mega|Lucario-Mega, M\n|-mega|p1a: Not a Mega|Lucario|Lucarionite\n|move|p1a: Not a Mega|Bullet Punch|p2b: Stakataka\n|-damage|p2b: Stakataka|7\/100\n|move|p2b: Stakataka|Body Press|p1a: Not a Mega\n|-supereffective|p1a: Not a Mega\n|-damage|p1a: Not a Mega|12\/100\n|move|p1b: Budget Swampert|Ice Beam|p2a: Celesteela\n|-damage|p2a: Celesteela|15\/100\n|move|p2a: Celesteela|Flamethrower|p1a: Not a Mega\n|-supereffective|p1a: Not a Mega\n|-damage|p1a: Not a Mega|0 fnt\n|faint|p1a: Not a Mega\n|-ability|p2a: Celesteela|Beast Boost|boost\n|-boost|p2a: Celesteela|spd|1\n|\n|-heal|p2b: Stakataka|13\/100|[from] item: Leftovers\n|-heal|p1b: Budget Swampert|75\/100|[from] item: Leftovers\n|-heal|p2a: Celesteela|21\/100|[from] item: Leftovers\n|upkeep\n|\n|t:|1700433998\n|switch|p1a: :)|Togekiss, F|100\/100\n|turn|9\n|\n|t:|1700434005\n|move|p2a: Celesteela|Protect|p2a: Celesteela\n|-singleturn|p2a: Celesteela|Protect\n|move|p2b: Stakataka|Toxic|p1a: :)\n|-status|p1a: :)|tox\n|move|p1b: Budget Swampert|Earthquake|p2b: Stakataka|[spread] \n|-activate|p2a: Celesteela|move: Protect\n|-immune|p1a: :)\n|-immune|p2b: Stakataka\n|move|p1a: :)|Air Slash|p2b: Stakataka\n|-damage|p2b: Stakataka|0 fnt\n|faint|p2b: Stakataka\n|\n|-heal|p1b: Budget Swampert|81\/100|[from] item: Leftovers\n|-heal|p2a: Celesteela|27\/100|[from] item: Leftovers\n|-damage|p1a: :)|94\/100 tox|[from] psn\n|upkeep\n|\n|t:|1700434024\n|switch|p2b: Guzzlord|Guzzlord|100\/100\n|-damage|p2b: Guzzlord|88\/100|[from] Stealth Rock\n|turn|10\n|\n|t:|1700434041\n|move|p1b: Budget Swampert|Ice Beam|p2b: Guzzlord\n|-supereffective|p2b: Guzzlord\n|-damage|p2b: Guzzlord|8\/100\n|move|p2a: Celesteela|Heavy Slam|p1a: :)\n|-supereffective|p1a: :)\n|-damage|p1a: :)|0 fnt\n|faint|p1a: :)\n|-ability|p2a: Celesteela|Beast Boost|boost\n|-boost|p2a: Celesteela|spd|1\n|move|p2b: Guzzlord|Heavy Slam|p1b: Budget Swampert\n|-resisted|p1b: Budget Swampert\n|-damage|p1b: Budget Swampert|66\/100\n|\n|-heal|p1b: Budget Swampert|73\/100|[from] item: Leftovers\n|-heal|p2a: Celesteela|33\/100|[from] item: Leftovers\n|-fieldend|move: Trick Room\n|upkeep\n|turn|11\n|\n|t:|1700434066\n|-zpower|p2b: Guzzlord\n|move|p2b: Guzzlord|Devastating Drake|p1b: Budget Swampert|[zeffect]\n|-damage|p1b: Budget Swampert|0 fnt\n|faint|p1b: Budget Swampert\n|\n|win|Vican259\n","uploadtime":1700434073,"views":4,"p1id":"xephos223","p2id":"vican259","formatid":"gen9nationaldexdoubles","rating":0,"private":0,"password":""}