{"id":"gen9nationaldexdoubles-1969449424","p1":"Ofin7174727728202","p2":"Crewmate3206","format":"[Gen 9] National Dex Doubles","log":"|j|\u2606Ofin7174727728202\n|j|\u2606Crewmate3206\n|t:|1697533202\n|gametype|doubles\n|player|p1|Ofin7174727728202|102|1020\n|player|p2|Crewmate3206|cilan|1048\n|teamsize|p1|6\n|teamsize|p2|6\n|gen|9\n|tier|[Gen 9] National Dex Doubles\n|rated|\n|rule|HP Percentage Mod: HP is shown in percentages\n|rule|Endless Battle Clause: Forcing endless battles is banned\n|rule|OHKO Clause: OHKO moves are banned\n|rule|Evasion Moves Clause: Evasion moves are banned\n|rule|Evasion Abilities Clause: Evasion abilities are banned\n|rule|Species Clause: Limit one of each Pok\u00e9mon\n|rule|Gravity Sleep Clause: The combination of sleep-inducing moves with imperfect accuracy and Gravity or Gigantamax Orbeetle are banned\n|clearpoke\n|poke|p1|Maushold|\n|poke|p1|Talonflame, M|\n|poke|p1|Jirachi|\n|poke|p1|Clefable, F|\n|poke|p1|Furret, F|\n|poke|p1|Ogerpon-Wellspring, F|\n|poke|p2|Lapras, M|\n|poke|p2|Aurorus, F|\n|poke|p2|Pelipper, F|\n|poke|p2|Flutter Mane|\n|poke|p2|Kommo-o, F|\n|poke|p2|Jirachi|\n|teampreview\n|inactive|Battle timer is ON: inactive players will automatically lose when time's up. (requested by Crewmate3206)\n|\n|t:|1697533210\n|start\n|switch|p1a: Maushold|Maushold|100\/100\n|switch|p1b: Jirachi|Jirachi|100\/100\n|switch|p2a: Mrs Cryptid|Aurorus, F|100\/100\n|switch|p2b: Mr Cryptid|Lapras, M|100\/100\n|-weather|Snow|[from] ability: Snow Warning|[of] p2a: Mrs Cryptid\n|turn|1\n|inactive|Crewmate3206 has 120 seconds left.\n|\n|t:|1697533251\n|-terastallize|p1a: Maushold|Normal\n|move|p1a: Maushold|Population Bomb|p2b: Mr Cryptid|[miss]\n|-miss|p1a: Maushold|p2b: Mr Cryptid\n|move|p1b: Jirachi|Gravity|p1b: Jirachi\n|-fieldstart|move: Gravity\n|move|p2b: Mr Cryptid|Megahorn|p1b: Jirachi\n|-damage|p1b: Jirachi|75\/100\n|move|p2a: Mrs Cryptid|Aurora Veil|p2a: Mrs Cryptid\n|-sidestart|p2: Crewmate3206|move: Aurora Veil\n|\n|-weather|Snow|[upkeep]\n|upkeep\n|turn|2\n|inactive|Crewmate3206 has 120 seconds left.\n|inactive|Crewmate3206 has 90 seconds left.\n|\n|t:|1697533302\n|move|p1b: Jirachi|Follow Me|p1b: Jirachi\n|-singleturn|p1b: Jirachi|move: Follow Me\n|move|p1a: Maushold|Population Bomb|p2b: Mr Cryptid\n|-damage|p2b: Mr Cryptid|95\/100\n|-damage|p2b: Mr Cryptid|89\/100\n|-damage|p2b: Mr Cryptid|83\/100\n|-damage|p2b: Mr Cryptid|77\/100\n|-damage|p2b: Mr Cryptid|71\/100\n|-damage|p2b: Mr Cryptid|65\/100\n|-damage|p2b: Mr Cryptid|58\/100\n|-damage|p2b: Mr Cryptid|53\/100\n|-damage|p2b: Mr Cryptid|47\/100\n|-damage|p2b: Mr Cryptid|40\/100\n|-hitcount|p2b: Mr Cryptid|10\n|cant|p2b: Mr Cryptid|flinch\n|move|p2a: Mrs Cryptid|Stealth Rock|p1b: Jirachi\n|-sidestart|p1: Ofin7174727728202|move: Stealth Rock\n|\n|-weather|Snow|[upkeep]\n|-heal|p2b: Mr Cryptid|46\/100|[from] item: Leftovers\n|upkeep\n|turn|3\n|inactive|Crewmate3206 has 90 seconds left.\n|inactive|Crewmate3206 has 60 seconds left.\n|\n|t:|1697533353\n|switch|p2b: Flutter Mane|Flutter Mane, shiny|100\/100\n|-enditem|p2b: Flutter Mane|Booster Energy\n|-activate|p2b: Flutter Mane|ability: Protosynthesis|[fromitem]\n|-start|p2b: Flutter Mane|protosynthesisspe\n|move|p1b: Jirachi|Follow Me|p1b: Jirachi\n|-singleturn|p1b: Jirachi|move: Follow Me\n|move|p1a: Maushold|Population Bomb|p2b: Flutter Mane\n|-immune|p2b: Flutter Mane\n|move|p2a: Mrs Cryptid|Encore|p1b: Jirachi\n|-start|p1b: Jirachi|Encore\n|\n|-weather|Snow|[upkeep]\n|upkeep\n|turn|4\n|inactive|Crewmate3206 has 60 seconds left.\n|\n|t:|1697533399\n|move|p1b: Jirachi|Follow Me|p1b: Jirachi\n|-singleturn|p1b: Jirachi|move: Follow Me\n|move|p2b: Flutter Mane|Moonblast|p1b: Jirachi\n|-resisted|p1b: Jirachi\n|-damage|p1b: Jirachi|57\/100\n|move|p1a: Maushold|Population Bomb|p2a: Mrs Cryptid\n|-resisted|p2a: Mrs Cryptid\n|-damage|p2a: Mrs Cryptid|97\/100\n|-resisted|p2a: Mrs Cryptid\n|-damage|p2a: Mrs Cryptid|94\/100\n|-resisted|p2a: Mrs Cryptid\n|-damage|p2a: Mrs Cryptid|91\/100\n|-resisted|p2a: Mrs Cryptid\n|-damage|p2a: Mrs Cryptid|88\/100\n|-resisted|p2a: Mrs Cryptid\n|-damage|p2a: Mrs Cryptid|85\/100\n|-resisted|p2a: Mrs Cryptid\n|-damage|p2a: Mrs Cryptid|82\/100\n|-resisted|p2a: Mrs Cryptid\n|-damage|p2a: Mrs Cryptid|78\/100\n|-resisted|p2a: Mrs Cryptid\n|-damage|p2a: Mrs Cryptid|75\/100\n|-resisted|p2a: Mrs Cryptid\n|-damage|p2a: Mrs Cryptid|72\/100\n|-resisted|p2a: Mrs Cryptid\n|-damage|p2a: Mrs Cryptid|69\/100\n|-hitcount|p2a: Mrs Cryptid|10\n|move|p2a: Mrs Cryptid|Encore||[still]\n|-fail|p2a: Mrs Cryptid\n|\n|-weather|Snow|[upkeep]\n|upkeep\n|turn|5\n|inactive|Crewmate3206 has 60 seconds left.\n|inactive|Ofin7174727728202 has 120 seconds left.\n|\n|t:|1697533434\n|move|p1b: Jirachi|Follow Me|p1b: Jirachi\n|-singleturn|p1b: Jirachi|move: Follow Me\n|move|p2b: Flutter Mane|Dazzling Gleam|p1b: Jirachi|[spread] p1a,p1b\n|-resisted|p1b: Jirachi\n|-damage|p1a: Maushold|56\/100\n|-damage|p1b: Jirachi|45\/100\n|move|p1a: Maushold|Population Bomb|p2a: Mrs Cryptid\n|-resisted|p2a: Mrs Cryptid\n|-damage|p2a: Mrs Cryptid|65\/100\n|-resisted|p2a: Mrs Cryptid\n|-damage|p2a: Mrs Cryptid|62\/100\n|-resisted|p2a: Mrs Cryptid\n|-damage|p2a: Mrs Cryptid|59\/100\n|-resisted|p2a: Mrs Cryptid\n|-damage|p2a: Mrs Cryptid|56\/100\n|-resisted|p2a: Mrs Cryptid\n|-damage|p2a: Mrs Cryptid|53\/100\n|-resisted|p2a: Mrs Cryptid\n|-damage|p2a: Mrs Cryptid|49\/100\n|-resisted|p2a: Mrs Cryptid\n|-damage|p2a: Mrs Cryptid|46\/100\n|-resisted|p2a: Mrs Cryptid\n|-damage|p2a: Mrs Cryptid|43\/100\n|-resisted|p2a: Mrs Cryptid\n|-damage|p2a: Mrs Cryptid|40\/100\n|-resisted|p2a: Mrs Cryptid\n|-damage|p2a: Mrs Cryptid|36\/100\n|-hitcount|p2a: Mrs Cryptid|10\n|cant|p2a: Mrs Cryptid|flinch\n|\n|-weather|none\n|-sideend|p2: Crewmate3206|move: Aurora Veil\n|-fieldend|move: Gravity\n|upkeep\n|turn|6\n|inactive|Ofin7174727728202 has 120 seconds left.\n|inactive|Crewmate3206 has 30 seconds left.\n|\n|t:|1697533465\n|move|p1b: Jirachi|Follow Me|p1b: Jirachi\n|-singleturn|p1b: Jirachi|move: Follow Me\n|move|p2b: Flutter Mane|Dazzling Gleam|p1b: Jirachi|[spread] p1a,p1b\n|-resisted|p1b: Jirachi\n|-damage|p1a: Maushold|11\/100\n|-damage|p1b: Jirachi|33\/100\n|move|p1a: Maushold|Population Bomb|p2a: Mrs Cryptid\n|-resisted|p2a: Mrs Cryptid\n|-damage|p2a: Mrs Cryptid|29\/100\n|-resisted|p2a: Mrs Cryptid\n|-damage|p2a: Mrs Cryptid|22\/100\n|-hitcount|p2a: Mrs Cryptid|2\n|move|p2a: Mrs Cryptid|Aurora Veil||[still]\n|-fail|p2a: Mrs Cryptid\n|\n|-end|p1b: Jirachi|Encore\n|upkeep\n|turn|7\n|inactive|Ofin7174727728202 has 120 seconds left.\n|inactive|Crewmate3206 has 30 seconds left.\n|\n|t:|1697533496\n|switch|p1a: Talonflame|Talonflame, M|100\/100\n|-damage|p1a: Talonflame|50\/100|[from] Stealth Rock\n|switch|p2a: Kommo-o|Kommo-o, F, shiny|100\/100\n|move|p1b: Jirachi|Follow Me|p1b: Jirachi\n|-singleturn|p1b: Jirachi|move: Follow Me\n|move|p2b: Flutter Mane|Dazzling Gleam|p1a: Talonflame|[spread] p1a,p1b\n|-resisted|p1a: Talonflame\n|-resisted|p1b: Jirachi\n|-damage|p1a: Talonflame|34\/100\n|-damage|p1b: Jirachi|21\/100\n|\n|upkeep\n|turn|8\n|inactive|Crewmate3206 has 30 seconds left.\n|inactive|Crewmate3206 has 20 seconds left.\n|inactive|Crewmate3206 has 15 seconds left.\n|\n|t:|1697533532\n|move|p1b: Jirachi|Follow Me|p1b: Jirachi\n|-singleturn|p1b: Jirachi|move: Follow Me\n|move|p2b: Flutter Mane|Dazzling Gleam|p1a: Talonflame|[spread] p1a,p1b\n|-resisted|p1a: Talonflame\n|-resisted|p1b: Jirachi\n|-crit|p1b: Jirachi\n|-damage|p1a: Talonflame|15\/100\n|-damage|p1b: Jirachi|3\/100\n|move|p1a: Talonflame|Fire Blast|p2b: Flutter Mane\n|-damage|p2b: Flutter Mane|77\/100\n|-zpower|p2a: Kommo-o\n|move|p2a: Kommo-o|Clangorous Soulblaze|p1b: Jirachi|[zeffect]|[spread] p1a,p1b\n|-resisted|p1b: Jirachi\n|-damage|p1a: Talonflame|0 fnt\n|-damage|p1b: Jirachi|0 fnt\n|faint|p1a: Talonflame\n|faint|p1b: Jirachi\n|-boost|p2a: Kommo-o|atk|1\n|-boost|p2a: Kommo-o|def|1\n|-boost|p2a: Kommo-o|spa|1\n|-boost|p2a: Kommo-o|spd|1\n|-boost|p2a: Kommo-o|spe|1\n|\n|upkeep\n|inactive|Crewmate3206 has 20 seconds left this turn.\n|inactive|Ofin7174727728202 has 120 seconds left.\n|\n|t:|1697533560\n|switch|p1a: Clefable|Clefable, F|100\/100\n|switch|p1b: Ogerpon|Ogerpon-Wellspring, F|100\/100\n|-damage|p1b: Ogerpon|88\/100|[from] Stealth Rock\n|-damage|p1a: Clefable|88\/100|[from] Stealth Rock\n|turn|9\n|inactive|Crewmate3206 has 30 seconds left.\n|\n|t:|1697533577\n|move|p1b: Ogerpon|Follow Me|p1b: Ogerpon\n|-singleturn|p1b: Ogerpon|move: Follow Me\n|move|p1a: Clefable|Follow Me|p1a: Clefable\n|-singleturn|p1a: Clefable|move: Follow Me\n|move|p2b: Flutter Mane|Shadow Ball|p1b: Ogerpon\n|-damage|p1b: Ogerpon|49\/100\n|-unboost|p1b: Ogerpon|spd|1\n|move|p2a: Kommo-o|Boomburst|p1a: Clefable|[spread] p1a,p1b\n|-immune|p2b: Flutter Mane\n|-damage|p1a: Clefable|44\/100\n|-damage|p1b: Ogerpon|0 fnt\n|faint|p1b: Ogerpon\n|\n|upkeep\n|inactive|Ofin7174727728202 has 120 seconds left.\n|\n|t:|1697533596\n|switch|p1b: Furret|Furret, F|100\/100\n|-damage|p1b: Furret|88\/100|[from] Stealth Rock\n|turn|10\n|-message|Ofin7174727728202 forfeited.\n|\n|win|Crewmate3206\n|raw|Ofin7174727728202's rating: 1020 &rarr; <strong>1008<\/strong><br \/>(-12 for losing)\n|raw|Crewmate3206's rating: 1048 &rarr; <strong>1078<\/strong><br \/>(+30 for winning)\n|l|\u2606Ofin7174727728202\n","uploadtime":1697533622,"views":13,"p1id":"ofin7174727728202","p2id":"crewmate3206","formatid":"gen9nationaldexdoubles","rating":1008,"private":0,"password":""}