{"id":"gen9nationaldexdoubles-1951235414","p1":"wppoprpo","p2":"the maraculous","format":"[Gen 9] National Dex Doubles","log":"|j|\u2606wppoprpo\n|j|\u2606the maraculous\n|t:|1695563240\n|gametype|doubles\n|player|p1|wppoprpo|n-masters|1185\n|player|p2|the maraculous|dragontamer|1459\n|teamsize|p1|6\n|teamsize|p2|6\n|gen|9\n|tier|[Gen 9] National Dex Doubles\n|rated|\n|rule|HP Percentage Mod: HP is shown in percentages\n|rule|Endless Battle Clause: Forcing endless battles is banned\n|rule|OHKO Clause: OHKO moves are banned\n|rule|Evasion Moves Clause: Evasion moves are banned\n|rule|Evasion Abilities Clause: Evasion abilities are banned\n|rule|Species Clause: Limit one of each Pok\u00e9mon\n|rule|Gravity Sleep Clause: The combination of sleep-inducing moves with imperfect accuracy and Gravity or Gigantamax Orbeetle are banned\n|clearpoke\n|poke|p1|Kartana|\n|poke|p1|Latios, M|\n|poke|p1|Eevee, F|\n|poke|p1|Amoonguss, F|\n|poke|p1|Medicham, F|\n|poke|p1|Alcremie-Ruby-Swirl, F|\n|poke|p2|Xurkitree|\n|poke|p2|Iron Valiant|\n|poke|p2|Chandelure, M|\n|poke|p2|Landorus-Therian, M|\n|poke|p2|Kartana|\n|poke|p2|Farigiraf, M|\n|teampreview\n|\n|t:|1695563252\n|start\n|switch|p1a: Eevee|Eevee, F|100\/100\n|switch|p1b: Amoonguss|Amoonguss, F|100\/100\n|switch|p2a: Kartana|Kartana|100\/100\n|switch|p2b: Landorus|Landorus-Therian, M|100\/100\n|-ability|p2b: Landorus|Intimidate|boost\n|-unboost|p1a: Eevee|atk|1\n|-unboost|p1b: Amoonguss|atk|1\n|turn|1\n|\n|t:|1695563268\n|move|p1b: Amoonguss|Rage Powder|p1b: Amoonguss\n|-singleturn|p1b: Amoonguss|move: Rage Powder\n|move|p2a: Kartana|Sacred Sword|p1a: Eevee\n|-supereffective|p1a: Eevee\n|-damage|p1a: Eevee|0 fnt\n|faint|p1a: Eevee\n|-ability|p2a: Kartana|Beast Boost|boost\n|-boost|p2a: Kartana|atk|1\n|move|p2b: Landorus|Knock Off|p1b: Amoonguss\n|-damage|p1b: Amoonguss|60\/100\n|-status|p2b: Landorus|slp|[from] ability: Effect Spore|[of] p1b: Amoonguss\n|-enditem|p1b: Amoonguss|Aguav Berry|[from] move: Knock Off|[of] p2b: Landorus\n|\n|upkeep\n|\n|t:|1695563292\n|switch|p1a: Latios|Latios, M|100\/100\n|turn|2\n|\n|t:|1695563311\n|move|p1a: Latios|Protect|p1a: Latios\n|-singleturn|p1a: Latios|Protect\n|move|p2a: Kartana|Smart Strike|p1a: Latios\n|-activate|p1a: Latios|move: Protect\n|cant|p2b: Landorus|slp\n|move|p1b: Amoonguss|Spore|p2a: Kartana\n|-immune|p2a: Kartana\n|\n|upkeep\n|turn|3\n|\n|t:|1695563329\n|move|p1b: Amoonguss|Rage Powder|p1b: Amoonguss\n|-singleturn|p1b: Amoonguss|move: Rage Powder\n|move|p1a: Latios|Baton Pass|p1a: Latios\n|\n|t:|1695563355\n|switch|p1a: \u6781\u9650\u7269\u653b|Kartana, shiny|100\/100|[from] Baton Pass\n|move|p2a: Kartana|Smart Strike|p1a: \u6781\u9650\u7269\u653b\n|-resisted|p1a: \u6781\u9650\u7269\u653b\n|-damage|p1a: \u6781\u9650\u7269\u653b|75\/100\n|cant|p2b: Landorus|slp\n|\n|upkeep\n|turn|4\n|\n|t:|1695563376\n|switch|p1b: Medicham|Medicham, F|100\/100\n|-terastallize|p1a: \u6781\u9650\u7269\u653b|Grass\n|move|p2a: Kartana|Smart Strike|p1b: Medicham\n|-damage|p1b: Medicham|9\/100\n|move|p1a: \u6781\u9650\u7269\u653b|Razor Leaf|p2a: Kartana|[spread] p2a,p2b\n|-resisted|p2a: Kartana\n|-damage|p2a: Kartana|84\/100\n|-damage|p2b: Landorus|25\/100 slp\n|-curestatus|p2b: Landorus|slp|[msg]\n|move|p2b: Landorus|U-turn|p1a: \u6781\u9650\u7269\u653b\n|-supereffective|p1a: \u6781\u9650\u7269\u653b\n|-damage|p1a: \u6781\u9650\u7269\u653b|22\/100\n|\n|t:|1695563389\n|switch|p2b: Farigiraf|Farigiraf, M|100\/100|[from] U-turn\n|\n|upkeep\n|turn|5\n|\n|t:|1695563398\n|move|p2a: Kartana|Smart Strike|p1a: \u6781\u9650\u7269\u653b\n|-damage|p1a: \u6781\u9650\u7269\u653b|0 fnt\n|faint|p1a: \u6781\u9650\u7269\u653b\n|-ability|p2a: Kartana|Beast Boost|boost\n|-boost|p2a: Kartana|atk|1\n|move|p1b: Medicham|Skill Swap|p1: \u6781\u9650\u7269\u653b|[notarget]\n|-fail|p1b: Medicham\n|move|p2b: Farigiraf|Hyper Voice|p1b: Medicham\n|-damage|p1b: Medicham|0 fnt\n|faint|p1b: Medicham\n|\n|upkeep\n|-message|wppoprpo forfeited.\n|\n|win|the maraculous\n|raw|wppoprpo's rating: 1185 &rarr; <strong>1176<\/strong><br \/>(-9 for losing)\n|raw|the maraculous's rating: 1459 &rarr; <strong>1466<\/strong><br \/>(+7 for winning)\n|l|\u2606wppoprpo\n","uploadtime":1695563408,"views":10,"p1id":"wppoprpo","p2id":"themaraculous","formatid":"gen9nationaldexdoubles","rating":1176,"private":0,"password":""}