{"id":"gen9nationaldexdoubles-1999762101","p1":"DragatheVolcarona","p2":"Theadonia","format":"[Gen 9] National Dex Doubles","log":"|j|\u2606DragatheVolcarona\n|j|\u2606Theadonia\n|t:|1701114396\n|gametype|doubles\n|player|p1|DragatheVolcarona|liza|1000\n|player|p2|Theadonia|roxie|1086\n|teamsize|p1|6\n|teamsize|p2|6\n|gen|9\n|tier|[Gen 9] National Dex Doubles\n|rated|\n|rule|HP Percentage Mod: HP is shown in percentages\n|rule|Endless Battle Clause: Forcing endless battles is banned\n|rule|OHKO Clause: OHKO moves are banned\n|rule|Evasion Moves Clause: Evasion moves are banned\n|rule|Evasion Abilities Clause: Evasion abilities are banned\n|rule|Species Clause: Limit one of each Pok\u00e9mon\n|rule|Gravity Sleep Clause: The combination of sleep-inducing moves with imperfect accuracy and Gravity or Gigantamax Orbeetle are banned\n|clearpoke\n|poke|p1|Oricorio-Pom-Pom, M|\n|poke|p1|Lilligant, F|\n|poke|p1|Quaquaval, F|\n|poke|p1|Tornadus, M|\n|poke|p1|Clefairy, F|\n|poke|p1|Gholdengo|\n|poke|p2|Murkrow, F|\n|poke|p2|Marshadow|\n|poke|p2|Shuckle, F|\n|poke|p2|Flutter Mane|\n|poke|p2|Chansey, F|\n|poke|p2|Gardevoir, F|\n|teampreview\n|inactive|Battle timer is ON: inactive players will automatically lose when time's up. (requested by DragatheVolcarona)\n|\n|t:|1701114413\n|start\n|switch|p1a: Lilligant|Lilligant, F, shiny|100\/100\n|switch|p1b: Oricorio|Oricorio-Pom-Pom, M, shiny|100\/100\n|switch|p2a: Flutter Mane|Flutter Mane|100\/100\n|switch|p2b: Chansey|Chansey, F|100\/100\n|turn|1\n|\n|t:|1701114425\n|-end|p2a: Flutter Mane|Protosynthesis|[silent]\n|switch|p2a: Gardevoir|Gardevoir, F|100\/100\n|-ability|p2a: Gardevoir|Dancer|[from] ability: Trace|[of] p1b: Oricorio\n|move|p1b: Oricorio|Substitute|p1b: Oricorio\n|-start|p1b: Oricorio|Substitute\n|-damage|p1b: Oricorio|76\/100\n|move|p1a: Lilligant|Toxic|p2a: Gardevoir\n|-status|p2a: Gardevoir|tox\n|move|p2b: Chansey|Psych Up|p1b: Oricorio\n|-copyboost|p2b: Chansey|p1b: Oricorio|[from] move: Psych Up\n|\n|-damage|p2a: Gardevoir|94\/100 tox|[from] psn\n|upkeep\n|turn|2\n|\n|t:|1701114447\n|move|p2a: Gardevoir|Snatch|p2a: Gardevoir\n|-singleturn|p2a: Gardevoir|Snatch\n|move|p1b: Oricorio|Revelation Dance|p2a: Gardevoir\n|-crit|p2a: Gardevoir\n|-damage|p2a: Gardevoir|45\/100 tox\n|-activate|p2a: Gardevoir|ability: Dancer\n|move|p2a: Gardevoir|Revelation Dance|p1b: Oricorio|[from]ability: Dancer\n|-end|p1b: Oricorio|Substitute\n|move|p1a: Lilligant|Toxic|p2b: Chansey\n|-status|p2b: Chansey|tox\n|move|p2b: Chansey|Seismic Toss|p1b: Oricorio\n|-damage|p1b: Oricorio|47\/100\n|\n|-damage|p2a: Gardevoir|32\/100 tox|[from] psn\n|-damage|p2b: Chansey|94\/100 tox|[from] psn\n|upkeep\n|turn|3\n|inactive|DragatheVolcarona has 120 seconds left.\n|\n|t:|1701114481\n|switch|p1a: Tornadus|Tornadus, M|100\/100\n|move|p1b: Oricorio|Baton Pass|p1b: Oricorio\n|inactive|DragatheVolcarona has 120 seconds left.\n|\n|t:|1701114487\n|switch|p1b: Quaquaval|Quaquaval, F, shiny|100\/100|[from] Baton Pass\n|move|p2a: Gardevoir|Dazzling Gleam|p1b: Quaquaval|[spread] p1a,p1b\n|-supereffective|p1b: Quaquaval\n|-damage|p1a: Tornadus|77\/100\n|-damage|p1b: Quaquaval|20\/100\n|move|p2b: Chansey|Heal Pulse|p2a: Gardevoir\n|-heal|p2a: Gardevoir|82\/100 tox\n|\n|-damage|p2a: Gardevoir|64\/100 tox|[from] psn\n|-damage|p2b: Chansey|82\/100 tox|[from] psn\n|upkeep\n|turn|4\n|\n|t:|1701114502\n|detailschange|p2a: Gardevoir|Gardevoir-Mega, F\n|-mega|p2a: Gardevoir|Gardevoir|Gardevoirite\n|move|p1a: Tornadus|Tailwind|p1a: Tornadus\n|-sidestart|p1: DragatheVolcarona|move: Tailwind\n|move|p1b: Quaquaval|Aqua Step|p2a: Gardevoir\n|-damage|p2a: Gardevoir|0 fnt\n|-boost|p1b: Quaquaval|spe|1\n|faint|p2a: Gardevoir\n|-ability|p1b: Quaquaval|Moxie|boost\n|-boost|p1b: Quaquaval|atk|1\n|move|p2b: Chansey|Heal Pulse|p2: Gardevoir|[notarget]\n|-fail|p2b: Chansey\n|\n|-damage|p2b: Chansey|64\/100 tox|[from] psn\n|upkeep\n|\n|t:|1701114513\n|switch|p2a: Marshadow|Marshadow|100\/100\n|turn|5\n|\n|t:|1701114526\n|switch|p1b: Clefairy|Clefairy, F, shiny|100\/100\n|move|p1a: Tornadus|Bleakwind Storm|p2a: Marshadow|[spread] p2b\n|-miss|p1a: Tornadus|p2a: Marshadow\n|-damage|p2b: Chansey|54\/100 tox\n|move|p2a: Marshadow|Spectral Thief|p1b: Clefairy\n|-damage|p1b: Clefairy|15\/100\n|move|p2b: Chansey|Seismic Toss|p1a: Tornadus\n|-damage|p1a: Tornadus|49\/100\n|\n|-heal|p1b: Clefairy|21\/100|[from] item: Leftovers\n|-damage|p2b: Chansey|29\/100 tox|[from] psn\n|upkeep\n|turn|6\n|\n|t:|1701114548\n|move|p2a: Marshadow|Shadow Sneak|p1b: Clefairy\n|-damage|p1b: Clefairy|0 fnt\n|faint|p1b: Clefairy\n|move|p1a: Tornadus|Bleakwind Storm|p2b: Chansey|[spread] p2b\n|-miss|p1a: Tornadus|p2a: Marshadow\n|-damage|p2b: Chansey|20\/100 tox\n|move|p2b: Chansey|Seismic Toss|p1a: Tornadus\n|-damage|p1a: Tornadus|22\/100\n|\n|-damage|p2b: Chansey|0 fnt|[from] psn\n|faint|p2b: Chansey\n|upkeep\n|\n|t:|1701114558\n|switch|p2b: Flutter Mane|Flutter Mane|100\/100\n|switch|p1b: Lilligant|Lilligant, F, shiny|100\/100\n|turn|7\n|\n|t:|1701114570\n|move|p1a: Tornadus|Protect|p1a: Tornadus\n|-singleturn|p1a: Tornadus|Protect\n|move|p2a: Marshadow|Shadow Sneak|p1a: Tornadus\n|-activate|p1a: Tornadus|move: Protect\n|move|p1b: Lilligant|Toxic|p2b: Flutter Mane\n|-status|p2b: Flutter Mane|tox\n|move|p2b: Flutter Mane|Fake Tears|p1b: Lilligant\n|-unboost|p1b: Lilligant|spd|2\n|\n|-damage|p2b: Flutter Mane|94\/100 tox|[from] psn\n|-sideend|p1: DragatheVolcarona|move: Tailwind\n|upkeep\n|turn|8\n|\n|t:|1701114592\n|switch|p1a: Quaquaval|Quaquaval, F, shiny|20\/100\n|move|p2a: Marshadow|Shadow Sneak|p1a: Quaquaval\n|-damage|p1a: Quaquaval|0 fnt\n|faint|p1a: Quaquaval\n|move|p2b: Flutter Mane|Dazzling Gleam|p1b: Lilligant\n|-damage|p1b: Lilligant|0 fnt\n|faint|p1b: Lilligant\n|\n|-damage|p2b: Flutter Mane|82\/100 tox|[from] psn\n|upkeep\n|\n|t:|1701114601\n|switch|p1a: Gholdengo|Gholdengo|100\/100\n|switch|p1b: Tornadus|Tornadus, M|22\/100\n|turn|9\n|\n|t:|1701114613\n|move|p1b: Tornadus|Tailwind|p1b: Tornadus\n|-sidestart|p1: DragatheVolcarona|move: Tailwind\n|move|p1a: Gholdengo|Flash Cannon|p2b: Flutter Mane\n|-supereffective|p2b: Flutter Mane\n|-damage|p2b: Flutter Mane|15\/100 tox\n|-enditem|p2b: Flutter Mane|Red Card|[of] p1a: Gholdengo\n|drag|p1a: Oricorio|Oricorio-Pom-Pom, M, shiny|47\/100\n|move|p2b: Flutter Mane|Dazzling Gleam|p1a: Oricorio|[spread] p1a,p1b\n|-damage|p1a: Oricorio|12\/100\n|-damage|p1b: Tornadus|0 fnt\n|faint|p1b: Tornadus\n|-zpower|p2a: Marshadow\n|move|p2a: Marshadow|Soul-Stealing 7-Star Strike|p1a: Oricorio|[zeffect]\n|-damage|p1a: Oricorio|0 fnt\n|faint|p1a: Oricorio\n|\n|-damage|p2b: Flutter Mane|0 fnt|[from] psn\n|faint|p2b: Flutter Mane\n|-end|p2b: Flutter Mane|Protosynthesis|[silent]\n|upkeep\n|\n|t:|1701114638\n|switch|p2b: Murkrow|Murkrow, F|100\/100\n|switch|p1a: Gholdengo|Gholdengo|100\/100\n|turn|10\n|\n|t:|1701114652\n|-terastallize|p1a: Gholdengo|Flying\n|-terastallize|p2b: Murkrow|Dark\n|move|p1a: Gholdengo|Dazzling Gleam|p2b: Murkrow|[spread] p2a,p2b\n|-supereffective|p2a: Marshadow\n|-supereffective|p2b: Murkrow\n|-damage|p2a: Marshadow|53\/100\n|-damage|p2b: Murkrow|65\/100\n|move|p2a: Marshadow|Spectral Thief|p1a: Gholdengo\n|-damage|p1a: Gholdengo|49\/100\n|move|p2b: Murkrow|Foul Play|p1a: Gholdengo\n|-damage|p1a: Gholdengo|26\/100\n|\n|upkeep\n|turn|11\n|\n|t:|1701114673\n|move|p1a: Gholdengo|Dazzling Gleam|p2b: Murkrow|[spread] p2a,p2b\n|-supereffective|p2a: Marshadow\n|-supereffective|p2b: Murkrow\n|-damage|p2a: Marshadow|0 fnt\n|-damage|p2b: Murkrow|28\/100\n|faint|p2a: Marshadow\n|move|p2b: Murkrow|Foul Play|p1a: Gholdengo\n|-damage|p1a: Gholdengo|2\/100\n|\n|upkeep\n|\n|t:|1701114676\n|switch|p2a: Shuckle|Shuckle, F|100\/100\n|turn|12\n|\n|t:|1701114681\n|move|p2b: Murkrow|Roost|p2b: Murkrow\n|-heal|p2b: Murkrow|78\/100\n|move|p1a: Gholdengo|Dazzling Gleam|p2b: Murkrow|[spread] p2a,p2b\n|-supereffective|p2b: Murkrow\n|-damage|p2a: Shuckle|88\/100\n|-damage|p2b: Murkrow|45\/100\n|move|p2a: Shuckle|Infestation|p1a: Gholdengo\n|-resisted|p1a: Gholdengo\n|-damage|p1a: Gholdengo|1\/100\n|-activate|p1a: Gholdengo|move: Infestation|[of] p2a: Shuckle\n|\n|-damage|p2a: Shuckle|75\/100|[from] item: Black Sludge\n|-damage|p1a: Gholdengo|0 fnt|[from] move: Infestation|[partiallytrapped]\n|faint|p1a: Gholdengo\n|\n|win|Theadonia\n|upkeep\n|raw|DragatheVolcarona's rating: 1000 &rarr; <strong>1000<\/strong><br \/>(+0 for losing)\n|raw|Theadonia's rating: 1086 &rarr; <strong>1107<\/strong><br \/>(+21 for winning)\n|c|\u2606DragatheVolcarona|gg\n|c|\u2606Theadonia|Gg\n","uploadtime":1701114696,"views":0,"p1id":"dragathevolcarona","p2id":"theadonia","formatid":"gen9nationaldexdoubles","rating":1000,"private":0,"password":""}