{"id":"gen9nationaldexdoubles-1957197448","p1":"dippdamacy","p2":"kpoc12","format":"[Gen 9] National Dex Doubles","log":"|j|\u2606dippdamacy\n|j|\u2606kpoc12\n|t:|1696194762\n|gametype|doubles\n|player|p1|dippdamacy|colress|\n|player|p2|kpoc12|raihan|\n|teamsize|p1|6\n|teamsize|p2|6\n|gen|9\n|tier|[Gen 9] National Dex Doubles\n|rule|HP Percentage Mod: HP is shown in percentages\n|rule|Endless Battle Clause: Forcing endless battles is banned\n|rule|OHKO Clause: OHKO moves are banned\n|rule|Evasion Moves Clause: Evasion moves are banned\n|rule|Evasion Abilities Clause: Evasion abilities are banned\n|rule|Species Clause: Limit one of each Pok\u00e9mon\n|rule|Gravity Sleep Clause: The combination of sleep-inducing moves with imperfect accuracy and Gravity or Gigantamax Orbeetle are banned\n|clearpoke\n|poke|p1|Scizor, M|\n|poke|p1|Galvantula, F|\n|poke|p1|Escavalier, M|\n|poke|p1|Scolipede, M|\n|poke|p1|Vivillon-Garden, F|\n|poke|p1|Volcarona, M|\n|poke|p2|Rhyperior, M|\n|poke|p2|Garchomp, F|\n|poke|p2|Gliscor, F|\n|poke|p2|Salamence, M|\n|poke|p2|Arcanine, M|\n|poke|p2|Torterra, M|\n|teampreview\n|c|\u2606kpoc12|TEEHEE\n|j| AutumnCookie\n|\n|t:|1696194787\n|start\n|switch|p1a: Bus|Galvantula, F|100\/100\n|switch|p1b: Peppermint|Scolipede, M, shiny|100\/100\n|switch|p2a: Torterra|Torterra, M|100\/100\n|switch|p2b: Gliscor|Gliscor, F|100\/100\n|turn|1\n|l| AutumnCookie\n|j| AutumnCookie\n|\n|t:|1696194829\n|move|p1a: Bus|String Shot|p2a: Torterra|[spread] p2a,p2b\n|-unboost|p2a: Torterra|spe|2\n|-unboost|p2b: Gliscor|spe|2\n|move|p1b: Peppermint|Megahorn|p2a: Torterra\n|-supereffective|p2a: Torterra\n|-damage|p2a: Torterra|0 fnt\n|faint|p2a: Torterra\n|move|p2b: Gliscor|Tailwind|p2b: Gliscor\n|-sidestart|p2: kpoc12|move: Tailwind\n|\n|-ability|p1b: Peppermint|Speed Boost|boost\n|-boost|p1b: Peppermint|spe|1\n|upkeep\n|c|\u2606kpoc12|goodnight torterra\n|c|\u2606dippdamacy|:3\n|c| AutumnCookie|Torterra DEATH\n|c|\u2606kpoc12|DEAD!\n|\n|t:|1696194867\n|switch|p2a: Arcanine|Arcanine, M|100\/100\n|-ability|p2a: Arcanine|Intimidate|boost\n|-unboost|p1a: Bus|atk|1\n|-unboost|p1b: Peppermint|atk|1\n|turn|2\n|\n|t:|1696194882\n|move|p2a: Arcanine|Flare Blitz|p1b: Peppermint\n|-supereffective|p1b: Peppermint\n|-damage|p1b: Peppermint|0 fnt\n|faint|p1b: Peppermint\n|-damage|p2a: Arcanine|74\/100|[from] Recoil\n|move|p1a: Bus|Sticky Web|p2b: Gliscor\n|-sidestart|p2: kpoc12|move: Sticky Web\n|move|p2b: Gliscor|Acrobatics|p1a: Bus\n|-damage|p1a: Bus|36\/100\n|\n|-heal|p2a: Arcanine|80\/100|[from] item: Leftovers\n|upkeep\n|\n|t:|1696194908\n|switch|p1b: Battery|Volcarona, M, shiny|100\/100\n|turn|3\n|l| AutumnCookie\n|\n|t:|1696194947\n|move|p2a: Arcanine|Extreme Speed|p1a: Bus\n|-damage|p1a: Bus|0 fnt\n|faint|p1a: Bus\n|move|p1b: Battery|Giga Drain|p2b: Gliscor\n|-damage|p2b: Gliscor|60\/100\n|move|p2b: Gliscor|Acrobatics|p1b: Battery\n|-supereffective|p1b: Battery\n|-damage|p1b: Battery|0 fnt\n|faint|p1b: Battery\n|\n|-heal|p2a: Arcanine|86\/100|[from] item: Leftovers\n|upkeep\n|c|\u2606dippdamacy|oh damn\n|\n|t:|1696194966\n|switch|p1a: Jin|Scizor, M, shiny|100\/100\n|switch|p1b: Ling|Vivillon-Garden, F|100\/100\n|turn|4\n|\n|t:|1696195003\n|move|p2a: Arcanine|Flare Blitz|p1a: Jin\n|-supereffective|p1a: Jin\n|-damage|p1a: Jin|0 fnt\n|faint|p1a: Jin\n|-damage|p2a: Arcanine|56\/100|[from] Recoil\n|move|p2b: Gliscor|Acrobatics|p1b: Ling\n|-supereffective|p1b: Ling\n|-damage|p1b: Ling|0 fnt\n|faint|p1b: Ling\n|\n|-heal|p2a: Arcanine|62\/100|[from] item: Leftovers\n|-sideend|p2: kpoc12|move: Tailwind\n|upkeep\n|c|\u2606dippdamacy|dies immediately\n|c|\u2606kpoc12|jesus christ\n|\n|t:|1696195018\n|switch|p1a: Zato|Escavalier, M, shiny|100\/100\n|turn|5\n|\n|t:|1696195043\n|-terastallize|p1a: Zato|Bug\n|move|p2a: Arcanine|Flare Blitz|p1a: Zato\n|-supereffective|p1a: Zato\n|-damage|p1a: Zato|0 fnt\n|faint|p1a: Zato\n|-damage|p2a: Arcanine|27\/100|[from] Recoil\n|\n|win|kpoc12\n|c|\u2606dippdamacy|gg\n|c|\u2606kpoc12|gg\n","uploadtime":1696195078,"views":12,"p1id":"dippdamacy","p2id":"kpoc12","formatid":"gen9nationaldexdoubles","rating":0,"private":0,"password":""}