{"id":"gen9nationaldexdoubles-1981807060","p1":"lxvliiz","p2":"Sora_uhia","format":"[Gen 9] National Dex Doubles","log":"|j|\u2606lxvliiz\n|j|\u2606Sora_uhia\n|t:|1698943094\n|gametype|doubles\n|player|p1|lxvliiz|gambler|1136\n|player|p2|Sora_uhia|gentleman-gen4dp|1000\n|teamsize|p1|6\n|teamsize|p2|6\n|gen|9\n|tier|[Gen 9] National Dex Doubles\n|rated|\n|rule|HP Percentage Mod: HP is shown in percentages\n|rule|Endless Battle Clause: Forcing endless battles is banned\n|rule|OHKO Clause: OHKO moves are banned\n|rule|Evasion Moves Clause: Evasion moves are banned\n|rule|Evasion Abilities Clause: Evasion abilities are banned\n|rule|Species Clause: Limit one of each Pok\u00e9mon\n|rule|Gravity Sleep Clause: The combination of sleep-inducing moves with imperfect accuracy and Gravity or Gigantamax Orbeetle are banned\n|clearpoke\n|poke|p1|Kommo-o, F|\n|poke|p1|Volcarona, M|\n|poke|p1|Oricorio-Pom-Pom, M|\n|poke|p1|Quaquaval, M|\n|poke|p1|Flamigo, M|\n|poke|p1|Marshadow|\n|poke|p2|Charizard, M|\n|poke|p2|Garganacl, F|\n|poke|p2|Meowscarada, M|\n|poke|p2|Baxcalibur, F|\n|poke|p2|Gliscor, M|\n|poke|p2|Flutter Mane|\n|teampreview\n|inactive|Battle timer is ON: inactive players will automatically lose when time's up. (requested by Sora_uhia)\n|\n|t:|1698943111\n|start\n|switch|p1a: dancee|Kommo-o, F, shiny|100\/100\n|switch|p1b: dancer|Oricorio-Pom-Pom, M, shiny|100\/100\n|switch|p2a: Charizard|Charizard, M|100\/100\n|switch|p2b: Meowscarada|Meowscarada, M|100\/100\n|turn|1\n|\n|t:|1698943130\n|detailschange|p2a: Charizard|Charizard-Mega-Y, M\n|-mega|p2a: Charizard|Charizard|Charizardite Y\n|-weather|SunnyDay|[from] ability: Drought|[of] p2a: Charizard\n|-terastallize|p1b: dancer|Electric\n|move|p2b: Meowscarada|Grass Pledge|p1a: dancee\n|-waiting|p2b: Meowscarada|p2a: Charizard\n|move|p2a: Charizard|Fire Pledge|p1a: dancee|[from]move: Grass Pledge\n|-combine\n|-resisted|p1a: dancee\n|-damage|p1a: dancee|18\/100\n|-sidestart|p1: lxvliiz|Fire Pledge\n|move|p1b: dancer|Quiver Dance|p1b: dancer\n|-boost|p1b: dancer|spa|1\n|-boost|p1b: dancer|spd|1\n|-boost|p1b: dancer|spe|1\n|move|p1a: dancee|Drain Punch|p2b: Meowscarada\n|-supereffective|p2b: Meowscarada\n|-damage|p2b: Meowscarada|0 fnt\n|-heal|p1a: dancee|69\/100|[from] drain|[of] p2b: Meowscarada\n|faint|p2b: Meowscarada\n|\n|-weather|SunnyDay|[upkeep]\n|-damage|p1b: dancer|88\/100|[from] Fire Pledge\n|-damage|p1a: dancee|56\/100|[from] Fire Pledge\n|upkeep\n|inactive|Sora_uhia has 120 seconds left.\n|\n|t:|1698943151\n|switch|p2b: Flutter Mane|Flutter Mane|100\/100\n|-activate|p2b: Flutter Mane|ability: Protosynthesis\n|-start|p2b: Flutter Mane|protosynthesisspa\n|turn|2\n|inactive|Sora_uhia has 120 seconds left.\n|\n|t:|1698943183\n|move|p1b: dancer|Revelation Dance|p2b: Flutter Mane\n|-damage|p2b: Flutter Mane|31\/100\n|move|p2a: Charizard|Solar Beam||[still]\n|-prepare|p2a: Charizard|Solar Beam\n|-anim|p2a: Charizard|Solar Beam|p1b: dancer\n|-damage|p1b: dancer|33\/100\n|move|p1a: dancee|Dragon Claw|p2a: Charizard\n|-damage|p2a: Charizard|47\/100\n|move|p2b: Flutter Mane|Draining Kiss|p1a: dancee\n|-supereffective|p1a: dancee\n|-damage|p1a: dancee|0 fnt\n|-heal|p2b: Flutter Mane|70\/100|[from] drain|[of] p1a: dancee\n|-damage|p2b: Flutter Mane|53\/100|[from] item: Rocky Helmet|[of] p1a: dancee\n|faint|p1a: dancee\n|\n|-weather|SunnyDay|[upkeep]\n|-damage|p1b: dancer|21\/100|[from] Fire Pledge\n|-heal|p2b: Flutter Mane|59\/100|[from] item: Leftovers\n|upkeep\n|\n|t:|1698943188\n|switch|p1a: dance dance dance|Flamigo, M, shiny|100\/100\n|-copyboost|p1a: dance dance dance|p1b: dancer|[from] ability: Costar\n|turn|3\n|inactive|Sora_uhia has 120 seconds left.\n|\n|t:|1698943220\n|move|p1b: dancer|Revelation Dance|p2b: Flutter Mane\n|-damage|p2b: Flutter Mane|0 fnt\n|faint|p2b: Flutter Mane\n|-end|p2b: Flutter Mane|Protosynthesis|[silent]\n|move|p1a: dance dance dance|Fly||[still]\n|-prepare|p1a: dance dance dance|Fly\n|-enditem|p1a: dance dance dance|Power Herb\n|-anim|p1a: dance dance dance|Fly|p2a: Charizard\n|-damage|p2a: Charizard|0 fnt\n|faint|p2a: Charizard\n|\n|-weather|SunnyDay|[upkeep]\n|-damage|p1b: dancer|9\/100|[from] Fire Pledge\n|-damage|p1a: dance dance dance|88\/100|[from] Fire Pledge\n|upkeep\n|\n|t:|1698943238\n|switch|p2a: Gliscor|Gliscor, M|100\/100\n|switch|p2b: Baxcalibur|Baxcalibur, F|100\/100\n|turn|4\n|inactive|Sora_uhia has 120 seconds left.\n|\n|t:|1698943260\n|move|p1b: dancer|Baton Pass|p1b: dancer\n|\n|t:|1698943262\n|switch|p1b: dance dance|Volcarona, M, shiny|100\/100|[from] Baton Pass\n|move|p1a: dance dance dance|Acrobatics|p2b: Baxcalibur\n|-damage|p2b: Baxcalibur|52\/100\n|move|p2a: Gliscor|Dark Pulse|p1a: dance dance dance\n|-resisted|p1a: dance dance dance\n|-damage|p1a: dance dance dance|83\/100\n|move|p2b: Baxcalibur|Dragon Dance|p2b: Baxcalibur\n|-boost|p2b: Baxcalibur|atk|1\n|-boost|p2b: Baxcalibur|spe|1\n|\n|-weather|SunnyDay|[upkeep]\n|-damage|p1a: dance dance dance|70\/100|[from] Fire Pledge\n|-sideend|p1: lxvliiz|Fire Pledge\n|-status|p2a: Gliscor|tox|[from] item: Toxic Orb\n|upkeep\n|turn|5\n|inactive|Sora_uhia has 120 seconds left.\n|\n|t:|1698943286\n|move|p1a: dance dance dance|Acrobatics|p2b: Baxcalibur\n|-damage|p2b: Baxcalibur|0 fnt\n|faint|p2b: Baxcalibur\n|move|p1b: dance dance|Fiery Dance|p2a: Gliscor\n|-damage|p2a: Gliscor|0 fnt\n|-boost|p1b: dance dance|spa|1\n|faint|p2a: Gliscor\n|\n|-weather|none\n|upkeep\n|inactive|Sora_uhia has 120 seconds left.\n|\n|t:|1698943295\n|switch|p2a: Garganacl|Garganacl, F|100\/100\n|turn|6\n|\n|t:|1698943306\n|move|p1a: dance dance dance|Close Combat|p2a: Garganacl\n|-supereffective|p2a: Garganacl\n|-damage|p2a: Garganacl|29\/100\n|-unboost|p1a: dance dance dance|def|1\n|-unboost|p1a: dance dance dance|spd|1\n|move|p1b: dance dance|Fiery Dance|p2a: Garganacl\n|-resisted|p2a: Garganacl\n|-damage|p2a: Garganacl|0 fnt\n|-boost|p1b: dance dance|spa|1\n|faint|p2a: Garganacl\n|\n|win|lxvliiz\n|raw|lxvliiz's rating: 1136 &rarr; <strong>1152<\/strong><br \/>(+16 for winning)\n|raw|Sora_uhia's rating: 1000 &rarr; <strong>1000<\/strong><br \/>(+0 for losing)\n|c|\u2606lxvliiz|gg\n","uploadtime":1698943316,"views":5,"p1id":"lxvliiz","p2id":"sorauhia","formatid":"gen9nationaldexdoubles","rating":1000,"private":0,"password":""}