{"id":"gen9nationaldexdoubles-1984271978","p1":"Camdar","p2":"2wb","format":"[Gen 9] National Dex Doubles","log":"|j|\u2606Camdar\n|j|\u26062wb\n|t:|1699237426\n|gametype|doubles\n|player|p1|Camdar|hilda|\n|player|p2|2wb|backersf|\n|teamsize|p1|6\n|teamsize|p2|6\n|gen|9\n|tier|[Gen 9] National Dex Doubles\n|rule|HP Percentage Mod: HP is shown in percentages\n|rule|Endless Battle Clause: Forcing endless battles is banned\n|rule|OHKO Clause: OHKO moves are banned\n|rule|Evasion Moves Clause: Evasion moves are banned\n|rule|Evasion Abilities Clause: Evasion abilities are banned\n|rule|Species Clause: Limit one of each Pok\u00e9mon\n|rule|Gravity Sleep Clause: The combination of sleep-inducing moves with imperfect accuracy and Gravity or Gigantamax Orbeetle are banned\n|clearpoke\n|poke|p1|Zapdos|\n|poke|p1|Clefable, M|\n|poke|p1|Garchomp, F|\n|poke|p1|Baxcalibur, F|\n|poke|p1|Vivillon-Garden, M|\n|poke|p1|Sylveon, M|\n|poke|p2|Roaring Moon|\n|poke|p2|Walking Wake|\n|poke|p2|Farigiraf, F|\n|poke|p2|Heatran, M|\n|poke|p2|Scream Tail|\n|poke|p2|Ninetales, F|\n|teampreview\n|j| Play Tale of Wuxia\n|\n|t:|1699237471\n|start\n|switch|p1a: bug|Vivillon-Garden, M|100\/100\n|switch|p1b: bub|Garchomp, F|100\/100\n|switch|p2a: The Man?|Heatran, M|100\/100\n|switch|p2b: Ashennec|Ninetales, F, shiny|100\/100\n|-weather|SunnyDay|[from] ability: Drought|[of] p2b: Ashennec\n|turn|1\n|j| Mexzoto\n|l| Mexzoto\n|inactive|Battle timer is ON: inactive players will automatically lose when time's up. (requested by Camdar)\n|\n|t:|1699237520\n|move|p1b: bub|Scale Shot|p2b: Ashennec\n|-damage|p2b: Ashennec|80\/100\n|-damage|p2b: Ashennec|59\/100\n|-crit|p2b: Ashennec\n|-damage|p2b: Ashennec|27\/100\n|-hitcount|p2b: Ashennec|3\n|-unboost|p1b: bub|def|1\n|-boost|p1b: bub|spe|1\n|move|p2b: Ashennec|Heat Wave|p1b: bub|[spread] p1a,p1b\n|-supereffective|p1a: bug\n|-resisted|p1b: bub\n|-enditem|p1a: bug|Focus Sash\n|-damage|p1a: bug|1\/100\n|-damage|p1b: bub|83\/100\n|move|p1a: bug|Stun Spore|p2a: The Man?\n|-status|p2a: The Man?|par\n|cant|p2a: The Man?|par\n|\n|-weather|SunnyDay|[upkeep]\n|upkeep\n|turn|2\n|inactive|2wb has 270 seconds left.\n|\n|t:|1699237560\n|move|p1b: bub|Scale Shot|p2b: Ashennec\n|-damage|p2b: Ashennec|8\/100\n|-damage|p2b: Ashennec|0 fnt\n|faint|p2b: Ashennec\n|-hitcount|p2: Ashennec|2\n|-unboost|p1b: bub|def|1\n|-boost|p1b: bub|spe|1\n|move|p1a: bug|Tailwind|p1a: bug\n|-sidestart|p1: Camdar|move: Tailwind\n|move|p2a: The Man?|Flash Cannon|p1b: bub\n|-damage|p1b: bub|44\/100\n|\n|-weather|SunnyDay|[upkeep]\n|upkeep\n|inactive|2wb has 240 seconds left.\n|\n|t:|1699237591\n|switch|p2b: Burnt Beefram|Roaring Moon|100\/100\n|-activate|p2b: Burnt Beefram|ability: Protosynthesis\n|-start|p2b: Burnt Beefram|protosynthesisspe\n|turn|3\n|inactive|2wb has 240 seconds left.\n|\n|t:|1699237637\n|move|p1b: bub|Scale Shot|p2b: Burnt Beefram\n|-supereffective|p2b: Burnt Beefram\n|-damage|p2b: Burnt Beefram|63\/100\n|-supereffective|p2b: Burnt Beefram\n|-damage|p2b: Burnt Beefram|29\/100\n|-supereffective|p2b: Burnt Beefram\n|-damage|p2b: Burnt Beefram|0 fnt\n|faint|p2b: Burnt Beefram\n|-end|p2b: Burnt Beefram|Protosynthesis|[silent]\n|-hitcount|p2: Burnt Beefram|3\n|-unboost|p1b: bub|def|1\n|-boost|p1b: bub|spe|1\n|move|p1a: bug|Pollen Puff|p1b: bub\n|-heal|p1b: bub|94\/100\n|move|p2a: The Man?|Flash Cannon|p1b: bub\n|-damage|p1b: bub|57\/100\n|\n|-weather|SunnyDay|[upkeep]\n|upkeep\n|c|\u26062wb|guess who did it\n|c|\u26062wb|again\n|c|\u26062wb|kill me\n|inactive|2wb has 210 seconds left.\n|\n|t:|1699237655\n|switch|p2b: Seventh Fonon|Walking Wake|100\/100\n|-activate|p2b: Seventh Fonon|ability: Protosynthesis\n|-start|p2b: Seventh Fonon|protosynthesisspe\n|turn|4\n|inactive|2wb has 210 seconds left.\n|\n|t:|1699237681\n|switch|p2a: Tuff-arsh & Choco|Scream Tail|100\/100\n|-activate|p2a: Tuff-arsh & Choco|ability: Protosynthesis\n|-start|p2a: Tuff-arsh & Choco|protosynthesisspe\n|-terastallize|p2b: Seventh Fonon|Water\n|move|p1a: bug|Rage Powder|p1a: bug\n|-singleturn|p1a: bug|move: Rage Powder\n|move|p1b: bub|Scale Shot|p2b: Seventh Fonon\n|-damage|p2b: Seventh Fonon|85\/100\n|-damage|p2b: Seventh Fonon|71\/100\n|-damage|p2b: Seventh Fonon|56\/100\n|-hitcount|p2b: Seventh Fonon|3\n|-unboost|p1b: bub|def|1\n|-boost|p1b: bub|spe|1\n|move|p2b: Seventh Fonon|Hydro Steam|p1a: bug\n|-damage|p1a: bug|0 fnt\n|faint|p1a: bug\n|\n|-weather|SunnyDay|[upkeep]\n|upkeep\n|\n|t:|1699237700\n|switch|p1a: birb|Zapdos|100\/100\n|turn|5\n|\n|t:|1699237715\n|switch|p1b: bax|Baxcalibur, F|100\/100\n|move|p2b: Seventh Fonon|Hydro Steam|p1a: birb\n|-damage|p1a: birb|7\/100\n|move|p1a: birb|Volt Switch|p2b: Seventh Fonon\n|-supereffective|p2b: Seventh Fonon\n|-damage|p2b: Seventh Fonon|0 fnt\n|faint|p2b: Seventh Fonon\n|-end|p2b: Seventh Fonon|Protosynthesis|[silent]\n|\n|t:|1699237728\n|switch|p1a: blob|Clefable, M|100\/100|[from] Volt Switch\n|move|p2a: Tuff-arsh & Choco|Ice Punch|p1b: bax\n|-damage|p1b: bax|79\/100\n|-damage|p2a: Tuff-arsh & Choco|91\/100|[from] item: Life Orb\n|\n|-weather|SunnyDay|[upkeep]\n|-sideend|p1: Camdar|move: Tailwind\n|upkeep\n|inactive|2wb has 240 seconds left.\n|\n|t:|1699237738\n|switch|p2b: Hechi Tierra|Farigiraf, F|100\/100\n|turn|6\n|inactive|2wb has 240 seconds left.\n|inactive|Camdar has 270 seconds left.\n|\n|t:|1699237770\n|move|p2a: Tuff-arsh & Choco|Play Rough|p1b: bax\n|-supereffective|p1b: bax\n|-damage|p1b: bax|9\/100\n|-damage|p2a: Tuff-arsh & Choco|81\/100|[from] item: Life Orb\n|move|p1b: bax|Icicle Crash|p2a: Tuff-arsh & Choco|[miss]\n|-miss|p1b: bax|p2a: Tuff-arsh & Choco\n|move|p1a: blob|Moonblast|p2b: Hechi Tierra\n|-damage|p2b: Hechi Tierra|80\/100\n|move|p2b: Hechi Tierra|Psychic|p1b: bax\n|-damage|p1b: bax|0 fnt\n|faint|p1b: bax\n|\n|-weather|SunnyDay|[upkeep]\n|upkeep\n|inactive|Camdar has 270 seconds left.\n|\n|t:|1699237782\n|switch|p1b: bub|Garchomp, F|57\/100\n|turn|7\n|\n|t:|1699237792\n|-terastallize|p1b: bub|Water\n|move|p1a: blob|Follow Me|p1a: blob\n|-singleturn|p1a: blob|move: Follow Me\n|move|p1b: bub|Earthquake|p2a: Tuff-arsh & Choco|[spread] p1a,p2a,p2b\n|-damage|p1a: blob|57\/100\n|-damage|p2a: Tuff-arsh & Choco|41\/100\n|-damage|p2b: Hechi Tierra|37\/100\n|move|p2a: Tuff-arsh & Choco|Ice Punch|p1a: blob\n|-damage|p1a: blob|31\/100\n|-damage|p2a: Tuff-arsh & Choco|31\/100|[from] item: Life Orb\n|move|p2b: Hechi Tierra|Dazzling Gleam|p1b: bub|[spread] p1a,p1b\n|-damage|p1a: blob|21\/100\n|-damage|p1b: bub|39\/100\n|\n|-weather|SunnyDay|[upkeep]\n|-heal|p1a: blob|27\/100|[from] item: Leftovers\n|upkeep\n|turn|8\n|inactive|2wb has 270 seconds left.\n|\n|t:|1699237811\n|switch|p1a: birb|Zapdos|7\/100\n|move|p2a: Tuff-arsh & Choco|Protect|p2a: Tuff-arsh & Choco\n|-singleturn|p2a: Tuff-arsh & Choco|Protect\n|move|p2b: Hechi Tierra|Protect|p2b: Hechi Tierra\n|-singleturn|p2b: Hechi Tierra|Protect\n|move|p1b: bub|Earthquake|p2b: Hechi Tierra|[spread] \n|-activate|p2a: Tuff-arsh & Choco|move: Protect\n|-activate|p2b: Hechi Tierra|move: Protect\n|-immune|p1a: birb\n|\n|-weather|none\n|-end|p2a: Tuff-arsh & Choco|Protosynthesis\n|upkeep\n|turn|9\n|c|\u26062wb|oh i'm a turn off that was stupid\n|inactive|2wb has 270 seconds left.\n|\n|t:|1699237848\n|move|p1b: bub|Earthquake|p2b: Hechi Tierra|[spread] p2a,p2b\n|-immune|p1a: birb\n|-damage|p2a: Tuff-arsh & Choco|0 fnt\n|-damage|p2b: Hechi Tierra|1\/100\n|-enditem|p2b: Hechi Tierra|Figy Berry|[eat]\n|-heal|p2b: Hechi Tierra|34\/100|[from] item: Figy Berry\n|faint|p2a: Tuff-arsh & Choco\n|-end|p2a: Tuff-arsh & Choco|Protosynthesis|[silent]\n|move|p1a: birb|Roost|p1a: birb\n|-heal|p1a: birb|57\/100\n|-singleturn|p1a: birb|move: Roost\n|move|p2b: Hechi Tierra|Hyper Voice|p1b: bub|[spread] p1a,p1b\n|-crit|p1b: bub\n|-damage|p1a: birb|39\/100\n|-damage|p1b: bub|0 fnt\n|faint|p1b: bub\n|\n|upkeep\n|\n|t:|1699237862\n|switch|p1b: bun|Sylveon, M|100\/100\n|switch|p2a: The Man?|Heatran, M|100\/100 par\n|turn|10\n|\n|t:|1699237875\n|move|p1b: bun|Helping Hand|p1a: birb\n|-singleturn|p1a: birb|Helping Hand|[of] p1b: bun\n|move|p1a: birb|Volt Switch|p2b: Hechi Tierra\n|-damage|p2b: Hechi Tierra|1\/100\n|\n|t:|1699237880\n|switch|p1a: blob|Clefable, M|27\/100|[from] Volt Switch\n|move|p2b: Hechi Tierra|Psychic|p1b: bun\n|-damage|p1b: bun|77\/100\n|move|p2a: The Man?|Eruption|p1a: blob|[spread] p1a,p1b\n|-damage|p1a: blob|0 fnt\n|-damage|p1b: bun|33\/100\n|faint|p1a: blob\n|\n|upkeep\n|c|\u2606Camdar|are you serious\n|c|\u26062wb|2 \/ 444 hp btw\n|\n|t:|1699237889\n|switch|p1a: birb|Zapdos|39\/100\n|turn|11\n|\n|t:|1699237909\n|move|p2b: Hechi Tierra|Protect|p2b: Hechi Tierra\n|-singleturn|p2b: Hechi Tierra|Protect\n|move|p1a: birb|Roost|p1a: birb\n|-heal|p1a: birb|89\/100\n|-singleturn|p1a: birb|move: Roost\n|move|p1b: bun|Hyper Voice|p2b: Hechi Tierra|[spread] p2a\n|-activate|p2b: Hechi Tierra|move: Protect\n|-resisted|p2a: The Man?\n|-damage|p2a: The Man?|94\/100 par\n|-enditem|p1b: bun|Throat Spray\n|-boost|p1b: bun|spa|1|[from] item: Throat Spray\n|cant|p2a: The Man?|par\n|\n|upkeep\n|turn|12\n|inactive|2wb has 270 seconds left.\n|\n|t:|1699237959\n|move|p1a: birb|Volt Switch|p2a: The Man?\n|-damage|p2a: The Man?|78\/100 par\n|move|p1b: bun|Hyper Voice|p2b: Hechi Tierra|[spread] p2a,p2b\n|-resisted|p2a: The Man?\n|-damage|p2a: The Man?|70\/100 par\n|-damage|p2b: Hechi Tierra|0 fnt\n|faint|p2b: Hechi Tierra\n|cant|p2a: The Man?|par\n|\n|upkeep\n|turn|13\n|inactive|2wb has 270 seconds left.\n|\n|t:|1699237980\n|move|p1b: bun|Helping Hand|p1a: birb\n|-singleturn|p1a: birb|Helping Hand|[of] p1b: bun\n|move|p1a: birb|Volt Switch|p2a: The Man?\n|-damage|p2a: The Man?|44\/100 par\n|move|p2a: The Man?|Eruption|p1a: birb|[spread] p1a,p1b\n|-damage|p1a: birb|67\/100\n|-damage|p1b: bun|15\/100\n|\n|upkeep\n|turn|14\n|inactive|2wb has 270 seconds left.\n|\n|t:|1699237992\n|move|p1b: bun|Helping Hand|p1a: birb\n|-singleturn|p1a: birb|Helping Hand|[of] p1b: bun\n|move|p1a: birb|Volt Switch|p2a: The Man?\n|-damage|p2a: The Man?|21\/100 par\n|move|p2a: The Man?|Power Gem|p1a: birb\n|-supereffective|p1a: birb\n|-damage|p1a: birb|16\/100\n|\n|upkeep\n|turn|15\n|inactive|2wb has 270 seconds left.\n|\n|t:|1699238017\n|move|p1a: birb|Roost|p1a: birb\n|-heal|p1a: birb|66\/100\n|-singleturn|p1a: birb|move: Roost\n|move|p1b: bun|Rest|p1b: bun\n|-status|p1b: bun|slp|[from] move: Rest\n|-heal|p1b: bun|100\/100 slp|[silent]\n|move|p2a: The Man?|Flash Cannon|p1b: bun\n|-supereffective|p1b: bun\n|-damage|p1b: bun|41\/100 slp\n|\n|upkeep\n|turn|16\n|\n|t:|1699238032\n|cant|p1b: bun|slp\n|move|p1a: birb|Volt Switch|p2a: The Man?\n|-damage|p2a: The Man?|3\/100 par\n|cant|p2a: The Man?|par\n|\n|upkeep\n|turn|17\n|\n|t:|1699238042\n|move|p1a: birb|Volt Switch|p2a: The Man?\n|-damage|p2a: The Man?|0 fnt\n|faint|p2a: The Man?\n|\n|win|Camdar\n","uploadtime":1699238048,"views":9,"p1id":"camdar","p2id":"2wb","formatid":"gen9nationaldexdoubles","rating":0,"private":0,"password":""}