{"id":"gen9nationaldexdoubles-1969079447","p1":"SchmooMaster","p2":"Chunkle","format":"[Gen 9] National Dex Doubles","log":"|j|\u2606SchmooMaster\n|j|\u2606Chunkle\n|t:|1697488206\n|gametype|doubles\n|player|p1|SchmooMaster|hilbert|1183\n|player|p2|Chunkle|medium|1173\n|teamsize|p1|6\n|teamsize|p2|6\n|gen|9\n|tier|[Gen 9] National Dex Doubles\n|rated|\n|rule|HP Percentage Mod: HP is shown in percentages\n|rule|Endless Battle Clause: Forcing endless battles is banned\n|rule|OHKO Clause: OHKO moves are banned\n|rule|Evasion Moves Clause: Evasion moves are banned\n|rule|Evasion Abilities Clause: Evasion abilities are banned\n|rule|Species Clause: Limit one of each Pok\u00e9mon\n|rule|Gravity Sleep Clause: The combination of sleep-inducing moves with imperfect accuracy and Gravity or Gigantamax Orbeetle are banned\n|clearpoke\n|poke|p1|Cresselia, F|\n|poke|p1|Heatran, M|\n|poke|p1|Amoonguss, F|\n|poke|p1|Landorus-Therian, M|\n|poke|p1|Kangaskhan, F|\n|poke|p1|Thundurus, M|\n|poke|p2|Torkoal, M|\n|poke|p2|Venusaur, F|\n|poke|p2|Charizard, F|\n|poke|p2|Flamigo, F|\n|poke|p2|Arcanine-Hisui, F|\n|poke|p2|Walking Wake|\n|teampreview\n|\n|t:|1697488235\n|start\n|switch|p1a: Landorus|Landorus-Therian, M|100\/100\n|switch|p1b: Heatran|Heatran, M|100\/100\n|switch|p2a: THE KOAL|Torkoal, M|100\/100\n|switch|p2b: THE SAUR|Venusaur, F|100\/100\n|-ability|p1a: Landorus|Intimidate|boost\n|-unboost|p2a: THE KOAL|atk|1\n|-unboost|p2b: THE SAUR|atk|1\n|-enditem|p2a: THE KOAL|White Herb\n|-clearnegativeboost|p2a: THE KOAL|[silent]\n|-weather|SunnyDay|[from] ability: Drought|[of] p2a: THE KOAL\n|turn|1\n|\n|t:|1697488259\n|move|p2a: THE KOAL|Protect|p2a: THE KOAL\n|-singleturn|p2a: THE KOAL|Protect\n|move|p2b: THE SAUR|Sleep Powder|p1b: Heatran|[miss]\n|-miss|p2b: THE SAUR|p1b: Heatran\n|move|p1b: Heatran|Substitute|p1b: Heatran\n|-start|p1b: Heatran|Substitute\n|-damage|p1b: Heatran|76\/100\n|move|p1a: Landorus|Earthquake|p2b: THE SAUR|[spread] p1b,p2b\n|-activate|p2a: THE KOAL|move: Protect\n|-supereffective|p1b: Heatran\n|-end|p1b: Heatran|Substitute\n|-damage|p2b: THE SAUR|56\/100\n|\n|-weather|SunnyDay|[upkeep]\n|-heal|p1b: Heatran|82\/100|[from] item: Leftovers\n|upkeep\n|turn|2\n|\n|t:|1697488283\n|move|p1b: Heatran|Protect|p1b: Heatran\n|-singleturn|p1b: Heatran|Protect\n|move|p2b: THE SAUR|Sleep Powder|p1a: Landorus\n|-status|p1a: Landorus|slp|[from] move: Sleep Powder\n|cant|p1a: Landorus|slp\n|move|p2a: THE KOAL|Shell Smash|p2a: THE KOAL\n|-unboost|p2a: THE KOAL|def|1\n|-unboost|p2a: THE KOAL|spd|1\n|-boost|p2a: THE KOAL|atk|2\n|-boost|p2a: THE KOAL|spa|2\n|-boost|p2a: THE KOAL|spe|2\n|\n|-weather|SunnyDay|[upkeep]\n|-heal|p1b: Heatran|88\/100|[from] item: Leftovers\n|upkeep\n|turn|3\n|inactive|Battle timer is ON: inactive players will automatically lose when time's up. (requested by Chunkle)\n|\n|t:|1697488332\n|switch|p2b: THE GO|Flamigo, F|100\/100\n|-copyboost|p2b: THE GO|p2a: THE KOAL|[from] ability: Costar\n|switch|p1a: Cresselia|Cresselia, F|100\/100\n|move|p2a: THE KOAL|Eruption|p1a: Cresselia|[spread] p1a\n|-start|p1b: Heatran|ability: Flash Fire\n|-damage|p1a: Cresselia|24\/100\n|-enditem|p1a: Cresselia|Sitrus Berry|[eat]\n|-heal|p1a: Cresselia|49\/100|[from] item: Sitrus Berry\n|move|p1b: Heatran|Earth Power|p2a: THE KOAL\n|-supereffective|p2a: THE KOAL\n|-damage|p2a: THE KOAL|0 fnt\n|faint|p2a: THE KOAL\n|\n|-weather|SunnyDay|[upkeep]\n|-heal|p1b: Heatran|94\/100|[from] item: Leftovers\n|upkeep\n|\n|t:|1697488350\n|switch|p2a: THE SAUR|Venusaur, F|56\/100\n|turn|4\n|\n|t:|1697488358\n|move|p1b: Heatran|Protect|p1b: Heatran\n|-singleturn|p1b: Heatran|Protect\n|move|p2b: THE GO|Lunge|p1a: Cresselia\n|-supereffective|p1a: Cresselia\n|-damage|p1a: Cresselia|0 fnt\n|faint|p1a: Cresselia\n|move|p2a: THE SAUR|Sleep Powder|p1b: Heatran\n|-activate|p1b: Heatran|move: Protect\n|\n|-weather|SunnyDay|[upkeep]\n|-heal|p1b: Heatran|99\/100|[from] item: Leftovers\n|upkeep\n|\n|t:|1697488374\n|switch|p1a: Thundurus|Thundurus, M|100\/100\n|turn|5\n|\n|t:|1697488384\n|move|p2b: THE GO|Low Kick|p1b: Heatran\n|-supereffective|p1b: Heatran\n|-damage|p1b: Heatran|0 fnt\n|faint|p1b: Heatran\n|move|p2a: THE SAUR|Sleep Powder|p1a: Thundurus\n|-status|p1a: Thundurus|slp|[from] move: Sleep Powder\n|cant|p1a: Thundurus|slp\n|\n|-weather|none\n|upkeep\n|\n|t:|1697488396\n|switch|p1b: Kangaskhan|Kangaskhan, F|100\/100\n|turn|6\n|\n|t:|1697488406\n|detailschange|p1b: Kangaskhan|Kangaskhan-Mega, F\n|-mega|p1b: Kangaskhan|Kangaskhan|Kangaskhanite\n|move|p1b: Kangaskhan|Fake Out|p2b: THE GO\n|-damage|p2b: THE GO|53\/100\n|-damage|p2b: THE GO|42\/100\n|-hitcount|p2b: THE GO|2\n|cant|p2b: THE GO|flinch\n|cant|p1a: Thundurus|slp\n|move|p2a: THE SAUR|Sleep Powder|p1b: Kangaskhan\n|-status|p1b: Kangaskhan|slp|[from] move: Sleep Powder\n|\n|upkeep\n|turn|7\n|\n|t:|1697488435\n|move|p2b: THE GO|Tailwind|p2b: THE GO\n|-sidestart|p2: Chunkle|move: Tailwind\n|move|p2a: THE SAUR|Leech Seed|p1b: Kangaskhan\n|-start|p1b: Kangaskhan|move: Leech Seed\n|-curestatus|p1a: Thundurus|slp|[msg]\n|move|p1a: Thundurus|Thunderbolt|p2b: THE GO\n|-supereffective|p2b: THE GO\n|-damage|p2b: THE GO|0 fnt\n|faint|p2b: THE GO\n|-damage|p1a: Thundurus|91\/100|[from] item: Life Orb\n|cant|p1b: Kangaskhan|slp\n|\n|-damage|p1b: Kangaskhan|88\/100 slp|[from] Leech Seed|[of] p2a: THE SAUR\n|-heal|p2a: THE SAUR|71\/100|[silent]\n|upkeep\n|\n|t:|1697488451\n|switch|p2b: THE ZARD|Charizard, F|100\/100\n|turn|8\n|\n|t:|1697488471\n|detailschange|p2b: THE ZARD|Charizard-Mega-Y, F\n|-mega|p2b: THE ZARD|Charizard|Charizardite Y\n|-weather|SunnyDay|[from] ability: Drought|[of] p2b: THE ZARD\n|move|p1a: Thundurus|Thunder Wave|p2b: THE ZARD\n|-status|p2b: THE ZARD|par\n|move|p2a: THE SAUR|Leech Seed|p1a: Thundurus\n|-start|p1a: Thundurus|move: Leech Seed\n|-curestatus|p1b: Kangaskhan|slp|[msg]\n|move|p1b: Kangaskhan|Power-Up Punch|p2a: THE SAUR\n|-resisted|p2a: THE SAUR\n|-damage|p2a: THE SAUR|63\/100\n|-boost|p1b: Kangaskhan|atk|1\n|-resisted|p2a: THE SAUR\n|-damage|p2a: THE SAUR|60\/100\n|-boost|p1b: Kangaskhan|atk|1\n|-hitcount|p2a: THE SAUR|2\n|cant|p2b: THE ZARD|par\n|\n|-weather|SunnyDay|[upkeep]\n|-damage|p1a: Thundurus|78\/100|[from] Leech Seed|[of] p2a: THE SAUR\n|-heal|p2a: THE SAUR|73\/100|[silent]\n|-damage|p1b: Kangaskhan|76\/100|[from] Leech Seed|[of] p2a: THE SAUR\n|-heal|p2a: THE SAUR|88\/100|[silent]\n|upkeep\n|turn|9\n|inactive|SchmooMaster has 120 seconds left.\n|\n|t:|1697488504\n|switch|p1a: Landorus|Landorus-Therian, M|100\/100 slp\n|-ability|p1a: Landorus|Intimidate|boost\n|-unboost|p2a: THE SAUR|atk|1\n|-unboost|p2b: THE ZARD|atk|1\n|move|p1b: Kangaskhan|Sucker Punch|p2b: THE ZARD\n|-damage|p2b: THE ZARD|43\/100 par\n|-damage|p2b: THE ZARD|27\/100 par\n|-hitcount|p2b: THE ZARD|2\n|move|p2a: THE SAUR|Sleep Powder|p1b: Kangaskhan|[miss]\n|-miss|p2a: THE SAUR|p1b: Kangaskhan\n|move|p2b: THE ZARD|Flamethrower|p1b: Kangaskhan\n|-damage|p1b: Kangaskhan|0 fnt\n|faint|p1b: Kangaskhan\n|\n|-weather|SunnyDay|[upkeep]\n|upkeep\n|inactive|SchmooMaster has 120 seconds left.\n|\n|t:|1697488522\n|switch|p1b: Thundurus|Thundurus, M|78\/100\n|turn|10\n|\n|t:|1697488536\n|move|p1b: Thundurus|Protect|p1b: Thundurus\n|-singleturn|p1b: Thundurus|Protect\n|move|p2a: THE SAUR|Sleep Powder|p1b: Thundurus\n|-activate|p1b: Thundurus|move: Protect\n|cant|p1a: Landorus|slp\n|move|p2b: THE ZARD|Flamethrower|p1b: Thundurus\n|-activate|p1b: Thundurus|move: Protect\n|\n|-weather|SunnyDay|[upkeep]\n|-sideend|p2: Chunkle|move: Tailwind\n|upkeep\n|turn|11\n|\n|t:|1697488557\n|move|p2a: THE SAUR|Leech Seed|p1b: Thundurus\n|-start|p1b: Thundurus|move: Leech Seed\n|move|p1b: Thundurus|Thunderbolt|p2a: THE SAUR\n|-resisted|p2a: THE SAUR\n|-damage|p2a: THE SAUR|62\/100\n|-damage|p1b: Thundurus|69\/100|[from] item: Life Orb\n|cant|p1a: Landorus|slp\n|move|p2b: THE ZARD|Flamethrower|p1a: Landorus\n|-crit|p1a: Landorus\n|-damage|p1a: Landorus|20\/100 slp\n|\n|-weather|SunnyDay|[upkeep]\n|-damage|p1b: Thundurus|56\/100|[from] Leech Seed|[of] p2a: THE SAUR\n|-heal|p2a: THE SAUR|75\/100|[silent]\n|upkeep\n|turn|12\n|\n|t:|1697488572\n|move|p2a: THE SAUR|Leech Seed|p1a: Landorus\n|-start|p1a: Landorus|move: Leech Seed\n|move|p1b: Thundurus|Flash Cannon|p2a: THE SAUR\n|-damage|p2a: THE SAUR|41\/100\n|-damage|p1b: Thundurus|47\/100|[from] item: Life Orb\n|-curestatus|p1a: Landorus|slp|[msg]\n|move|p1a: Landorus|Stone Edge|p2b: THE ZARD\n|-supereffective|p2b: THE ZARD\n|-damage|p2b: THE ZARD|0 fnt\n|faint|p2b: THE ZARD\n|\n|-weather|none\n|-damage|p1b: Thundurus|34\/100|[from] Leech Seed|[of] p2a: THE SAUR\n|-heal|p2a: THE SAUR|54\/100|[silent]\n|-damage|p1a: Landorus|7\/100|[from] Leech Seed|[of] p2a: THE SAUR\n|-heal|p2a: THE SAUR|71\/100|[silent]\n|upkeep\n|\n|t:|1697488586\n|switch|p2b: THE NINE|Arcanine-Hisui, F|100\/100\n|-ability|p2b: THE NINE|Intimidate|boost\n|-unboost|p1a: Landorus|atk|1\n|-unboost|p1b: Thundurus|atk|1\n|turn|13\n|\n|t:|1697488601\n|move|p1b: Thundurus|Flash Cannon|p2b: THE NINE\n|-damage|p2b: THE NINE|60\/100\n|-damage|p1b: Thundurus|25\/100|[from] item: Life Orb\n|move|p2b: THE NINE|Sunny Day|p2b: THE NINE\n|-weather|SunnyDay\n|move|p2a: THE SAUR|Solar Beam||[still]\n|-prepare|p2a: THE SAUR|Solar Beam\n|-anim|p2a: THE SAUR|Solar Beam|p1b: Thundurus\n|-resisted|p1b: Thundurus\n|-damage|p1b: Thundurus|0 fnt\n|faint|p1b: Thundurus\n|move|p1a: Landorus|Earthquake|p2a: THE SAUR|[spread] p2a,p2b\n|-supereffective|p2b: THE NINE\n|-damage|p2a: THE SAUR|40\/100\n|-damage|p2b: THE NINE|0 fnt\n|faint|p2b: THE NINE\n|\n|-weather|SunnyDay|[upkeep]\n|-damage|p1a: Landorus|0 fnt|[from] Leech Seed|[of] p2a: THE SAUR\n|-heal|p2a: THE SAUR|49\/100|[silent]\n|faint|p1a: Landorus\n|upkeep\n|\n|t:|1697488620\n|switch|p2b: THE WAKE|Walking Wake|100\/100\n|switch|p1a: Amoonguss|Amoonguss, F|100\/100\n|-activate|p2b: THE WAKE|ability: Protosynthesis\n|-start|p2b: THE WAKE|protosynthesisspa\n|turn|14\n|\n|t:|1697488643\n|-terastallize|p2b: THE WAKE|Water\n|move|p2a: THE SAUR|Solar Beam||[still]\n|-prepare|p2a: THE SAUR|Solar Beam\n|-anim|p2a: THE SAUR|Solar Beam|p1a: Amoonguss\n|-resisted|p1a: Amoonguss\n|-damage|p1a: Amoonguss|93\/100\n|move|p2b: THE WAKE|Dragon Pulse|p1a: Amoonguss\n|-damage|p1a: Amoonguss|32\/100\n|-damage|p2b: THE WAKE|91\/100|[from] item: Life Orb\n|move|p1a: Amoonguss|Giga Drain|p2b: THE WAKE\n|-supereffective|p2b: THE WAKE\n|-damage|p2b: THE WAKE|32\/100\n|-heal|p1a: Amoonguss|55\/100|[from] drain|[of] p2b: THE WAKE\n|\n|-weather|SunnyDay|[upkeep]\n|-heal|p1a: Amoonguss|61\/100|[from] item: Black Sludge\n|upkeep\n|turn|15\n|\n|t:|1697488663\n|move|p1a: Amoonguss|Protect|p1a: Amoonguss\n|-singleturn|p1a: Amoonguss|Protect\n|move|p2a: THE SAUR|Solar Beam||[still]\n|-prepare|p2a: THE SAUR|Solar Beam\n|-anim|p2a: THE SAUR|Solar Beam|p1a: Amoonguss\n|-activate|p1a: Amoonguss|move: Protect\n|move|p2b: THE WAKE|Hydro Steam|p1a: Amoonguss\n|-activate|p1a: Amoonguss|move: Protect\n|\n|-weather|SunnyDay|[upkeep]\n|-heal|p1a: Amoonguss|67\/100|[from] item: Black Sludge\n|upkeep\n|turn|16\n|\n|t:|1697488683\n|move|p2a: THE SAUR|Solar Beam||[still]\n|-prepare|p2a: THE SAUR|Solar Beam\n|-anim|p2a: THE SAUR|Solar Beam|p1a: Amoonguss\n|-resisted|p1a: Amoonguss\n|-damage|p1a: Amoonguss|59\/100\n|move|p2b: THE WAKE|Hydro Steam|p1a: Amoonguss\n|-resisted|p1a: Amoonguss\n|-damage|p1a: Amoonguss|0 fnt\n|faint|p1a: Amoonguss\n|-damage|p2b: THE WAKE|23\/100|[from] item: Life Orb\n|\n|win|Chunkle\n|raw|SchmooMaster's rating: 1183 &rarr; <strong>1157<\/strong><br \/>(-26 for losing)\n|raw|Chunkle's rating: 1173 &rarr; <strong>1199<\/strong><br \/>(+26 for winning)\n|c|\u2606Chunkle|gg\n|c|\u2606SchmooMaster|ggwp\n|l|\u2606Chunkle\n","uploadtime":1697488711,"views":9,"p1id":"schmoomaster","p2id":"chunkle","formatid":"gen9nationaldexdoubles","rating":1157,"private":0,"password":""}