{"id":"gen9nationaldexdoubles-1980288586","p1":"Boshigoat","p2":"El Ryuk456","format":"[Gen 9] National Dex Doubles","log":"|j|\u2606Boshigoat\n|j|\u2606El Ryuk456\n|t:|1698772610\n|gametype|doubles\n|player|p1|Boshigoat|102|1520\n|player|p2|El Ryuk456|ingo|1517\n|teamsize|p1|6\n|teamsize|p2|6\n|gen|9\n|tier|[Gen 9] National Dex Doubles\n|rated|\n|rule|HP Percentage Mod: HP is shown in percentages\n|rule|Endless Battle Clause: Forcing endless battles is banned\n|rule|OHKO Clause: OHKO moves are banned\n|rule|Evasion Moves Clause: Evasion moves are banned\n|rule|Evasion Abilities Clause: Evasion abilities are banned\n|rule|Species Clause: Limit one of each Pok\u00e9mon\n|rule|Gravity Sleep Clause: The combination of sleep-inducing moves with imperfect accuracy and Gravity or Gigantamax Orbeetle are banned\n|clearpoke\n|poke|p1|Ursaluna-Bloodmoon, M|\n|poke|p1|Sinistcha|\n|poke|p1|Conkeldurr, M|\n|poke|p1|Cresselia, F|\n|poke|p1|Diancie|\n|poke|p1|Kingambit, F|\n|poke|p2|Landorus-Therian, M|\n|poke|p2|Chien-Pao|\n|poke|p2|Blastoise, M|\n|poke|p2|Braviary, M|\n|poke|p2|Armarouge, M|\n|poke|p2|Arboliva, F|\n|teampreview\n|\n|t:|1698772666\n|start\n|switch|p1a: Ursaluna|Ursaluna-Bloodmoon, M|100\/100\n|switch|p1b: Cresselia|Cresselia, F|100\/100\n|switch|p2a: Bastion|Blastoise, M|100\/100\n|switch|p2b: Wildfire|Armarouge, M|100\/100\n|turn|1\n|\n|t:|1698772679\n|detailschange|p2a: Bastion|Blastoise-Mega, M\n|-mega|p2a: Bastion|Blastoise|Blastoisinite\n|move|p1a: Ursaluna|Protect|p1a: Ursaluna\n|-singleturn|p1a: Ursaluna|Protect\n|move|p2a: Bastion|Shell Smash|p2a: Bastion\n|-unboost|p2a: Bastion|def|1\n|-unboost|p2a: Bastion|spd|1\n|-boost|p2a: Bastion|atk|2\n|-boost|p2a: Bastion|spa|2\n|-boost|p2a: Bastion|spe|2\n|move|p2b: Wildfire|Trick Room|p2b: Wildfire\n|-fieldstart|move: Trick Room|[of] p2b: Wildfire\n|move|p1b: Cresselia|Trick Room|p1b: Cresselia\n|-fieldend|move: Trick Room\n|\n|upkeep\n|turn|2\n|\n|t:|1698772705\n|switch|p1a: Sinistcha|Sinistcha|100\/100\n|move|p2a: Bastion|Water Spout|p1a: Sinistcha|[spread] p1a,p1b\n|-resisted|p1a: Sinistcha\n|-damage|p1a: Sinistcha|16\/100\n|-damage|p1b: Cresselia|27\/100\n|move|p2b: Wildfire|Heat Wave|p1b: Cresselia|[spread] p1a,p1b\n|-supereffective|p1a: Sinistcha\n|-crit|p1a: Sinistcha\n|-damage|p1a: Sinistcha|0 fnt\n|-damage|p1b: Cresselia|10\/100\n|faint|p1a: Sinistcha\n|move|p1b: Cresselia|Trick Room|p1b: Cresselia\n|-fieldstart|move: Trick Room|[of] p1b: Cresselia\n|\n|upkeep\n|\n|t:|1698772716\n|switch|p1a: Ursaluna|Ursaluna-Bloodmoon, M|100\/100\n|turn|3\n|\n|t:|1698772740\n|-terastallize|p2b: Wildfire|Grass\n|move|p2a: Bastion|Protect|p2a: Bastion\n|-singleturn|p2a: Bastion|Protect\n|move|p1a: Ursaluna|Hyper Voice|p2b: Wildfire|[spread] p2b\n|-activate|p2a: Bastion|move: Protect\n|-damage|p2b: Wildfire|65\/100\n|-enditem|p1a: Ursaluna|Throat Spray\n|-boost|p1a: Ursaluna|spa|1|[from] item: Throat Spray\n|move|p1b: Cresselia|Psychic|p2a: Bastion\n|-activate|p2a: Bastion|move: Protect\n|move|p2b: Wildfire|Trick Room|p2b: Wildfire\n|-fieldend|move: Trick Room\n|\n|upkeep\n|turn|4\n|\n|t:|1698772757\n|move|p1a: Ursaluna|Protect|p1a: Ursaluna\n|-singleturn|p1a: Ursaluna|Protect\n|move|p2a: Bastion|Water Spout|p1b: Cresselia|[spread] p1b\n|-activate|p1a: Ursaluna|move: Protect\n|-damage|p1b: Cresselia|0 fnt\n|faint|p1b: Cresselia\n|move|p2b: Wildfire|Heat Wave|p1a: Ursaluna\n|-activate|p1a: Ursaluna|move: Protect\n|\n|upkeep\n|\n|t:|1698772766\n|switch|p1b: Conkeldurr|Conkeldurr, M|100\/100\n|turn|5\n|\n|t:|1698772780\n|-terastallize|p1a: Ursaluna|Fairy\n|move|p1b: Conkeldurr|Mach Punch|p2a: Bastion\n|-damage|p2a: Bastion|69\/100\n|move|p2a: Bastion|Water Spout|p1b: Conkeldurr|[spread] p1a,p1b\n|-damage|p1a: Ursaluna|0 fnt\n|-damage|p1b: Conkeldurr|0 fnt\n|faint|p1a: Ursaluna\n|faint|p1b: Conkeldurr\n|move|p2b: Wildfire|Psyshock|p1: Ursaluna|[notarget]\n|-fail|p2b: Wildfire\n|\n|upkeep\n|\n|t:|1698772788\n|switch|p1a: Diancie|Diancie|100\/100\n|switch|p1b: Kingambit|Kingambit, F|100\/100\n|-activate|p1b: Kingambit|ability: Supreme Overlord\n|-start|p1b: Kingambit|fallen4|[silent]\n|turn|6\n|inactive|Battle timer is ON: inactive players will automatically lose when time's up. (requested by El Ryuk456)\n|\n|t:|1698772819\n|move|p1b: Kingambit|Sucker Punch|p2a: Bastion\n|-damage|p2a: Bastion|0 fnt\n|faint|p2a: Bastion\n|move|p2b: Wildfire|Heat Wave|p1a: Diancie|[spread] p1a\n|-miss|p2b: Wildfire|p1b: Kingambit\n|-resisted|p1a: Diancie\n|-damage|p1a: Diancie|88\/100\n|move|p1a: Diancie|Diamond Storm|p2b: Wildfire\n|-damage|p2b: Wildfire|25\/100\n|\n|upkeep\n|\n|t:|1698772832\n|switch|p2a: Huayco|Landorus-Therian, M|100\/100\n|-ability|p2a: Huayco|Intimidate|boost\n|-fail|p1a: Diancie|unboost|[from] ability: Clear Body|[of] p1a: Diancie\n|-fail|p1b: Kingambit|unboost|[from] item: Clear Amulet|[of] p1b: Kingambit\n|turn|7\n|\n|t:|1698772860\n|move|p1b: Kingambit|Protect|p1b: Kingambit\n|-singleturn|p1b: Kingambit|Protect\n|move|p2b: Wildfire|Wide Guard|p2b: Wildfire\n|-singleturn|p2b: Wildfire|Wide Guard\n|move|p2a: Huayco|Earthquake|p1b: Kingambit|[spread] p1a\n|-activate|p2b: Wildfire|move: Wide Guard\n|-activate|p1b: Kingambit|move: Protect\n|-supereffective|p1a: Diancie\n|-damage|p1a: Diancie|17\/100\n|-enditem|p1a: Diancie|Weakness Policy\n|-boost|p1a: Diancie|atk|2|[from] item: Weakness Policy\n|-boost|p1a: Diancie|spa|2|[from] item: Weakness Policy\n|move|p1a: Diancie|Diamond Storm|p2b: Wildfire|[spread] \n|-activate|p2a: Huayco|move: Wide Guard\n|-activate|p2b: Wildfire|move: Wide Guard\n|\n|upkeep\n|turn|8\n|\n|t:|1698772874\n|move|p1a: Diancie|Protect|p1a: Diancie\n|-singleturn|p1a: Diancie|Protect\n|move|p2b: Wildfire|Wide Guard|p2b: Wildfire\n|-singleturn|p2b: Wildfire|Wide Guard\n|move|p1b: Kingambit|Sucker Punch|p2a: Huayco\n|-damage|p2a: Huayco|35\/100\n|move|p2a: Huayco|Earthquake|p1b: Kingambit|[spread] p1b\n|-activate|p2b: Wildfire|move: Wide Guard\n|-activate|p1a: Diancie|move: Protect\n|-supereffective|p1b: Kingambit\n|-damage|p1b: Kingambit|36\/100\n|\n|upkeep\n|turn|9\n|\n|t:|1698772891\n|switch|p2a: Olivia|Arboliva, F|100\/100\n|move|p2b: Wildfire|Wide Guard|p2b: Wildfire\n|-singleturn|p2b: Wildfire|Wide Guard\n|move|p1b: Kingambit|Sucker Punch||[still]\n|-fail|p1b: Kingambit\n|move|p1a: Diancie|Trick Room|p1a: Diancie\n|-fieldstart|move: Trick Room|[of] p1a: Diancie\n|\n|upkeep\n|turn|10\n|inactive|Boshigoat has 120 seconds left.\n|\n|t:|1698772938\n|move|p2a: Olivia|Earth Power|p1b: Kingambit\n|-supereffective|p1b: Kingambit\n|-damage|p1b: Kingambit|0 fnt\n|faint|p1b: Kingambit\n|-end|p1b: Kingambit|fallen4|[silent]\n|move|p1a: Diancie|Body Press|p2a: Olivia\n|-supereffective|p2a: Olivia\n|-damage|p2a: Olivia|52\/100\n|-fieldstart|move: Grassy Terrain|[from] ability: Seed Sower|[of] p2a: Olivia\n|move|p2b: Wildfire|Heat Wave|p1a: Diancie\n|-resisted|p1a: Diancie\n|-damage|p1a: Diancie|1\/100\n|\n|-heal|p2a: Olivia|58\/100|[from] Grassy Terrain\n|-heal|p2a: Olivia|64\/100|[from] item: Leftovers\n|-heal|p1a: Diancie|8\/100|[from] Grassy Terrain\n|-heal|p2b: Wildfire|31\/100|[from] Grassy Terrain\n|upkeep\n|turn|11\n|inactive|Boshigoat has 120 seconds left.\n|\n|t:|1698772953\n|move|p2a: Olivia|Giga Drain|p1a: Diancie\n|-supereffective|p1a: Diancie\n|-crit|p1a: Diancie\n|-damage|p1a: Diancie|0 fnt\n|-heal|p2a: Olivia|67\/100|[from] drain|[of] p1a: Diancie\n|faint|p1a: Diancie\n|\n|win|El Ryuk456\n|raw|Boshigoat's rating: 1496 &rarr; <strong>1477<\/strong><br \/>(-19 for losing)\n|raw|El Ryuk456's rating: 1517 &rarr; <strong>1536<\/strong><br \/>(+19 for winning)\n|l|\u2606Boshigoat\n","uploadtime":1698772972,"views":9,"p1id":"boshigoat","p2id":"elryuk456","formatid":"gen9nationaldexdoubles","rating":1477,"private":0,"password":""}