{"id":"gen9nationaldexdoubles-1998003360","p1":"hoangphuclam","p2":"Androiddxx","format":"[Gen 9] National Dex Doubles","log":"|j|\u2606hoangphuclam\n|j|\u2606Androiddxx\n|t:|1700877717\n|gametype|doubles\n|player|p1|hoangphuclam|lucas|1029\n|player|p2|Androiddxx|lucas|1101\n|teamsize|p1|6\n|teamsize|p2|6\n|gen|9\n|tier|[Gen 9] National Dex Doubles\n|rated|\n|rule|HP Percentage Mod: HP is shown in percentages\n|rule|Endless Battle Clause: Forcing endless battles is banned\n|rule|OHKO Clause: OHKO moves are banned\n|rule|Evasion Moves Clause: Evasion moves are banned\n|rule|Evasion Abilities Clause: Evasion abilities are banned\n|rule|Species Clause: Limit one of each Pok\u00e9mon\n|rule|Gravity Sleep Clause: The combination of sleep-inducing moves with imperfect accuracy and Gravity or Gigantamax Orbeetle are banned\n|clearpoke\n|poke|p1|Electrode|\n|poke|p1|Regieleki|\n|poke|p1|Raichu-Alola, F|\n|poke|p1|Pincurchin, F|\n|poke|p1|Luxray, M|\n|poke|p1|Jolteon, M|\n|poke|p2|Swampert, F|\n|poke|p2|Raichu, F|\n|poke|p2|Hitmontop, M|\n|poke|p2|Sceptile, M|\n|poke|p2|Incineroar, M|\n|poke|p2|Metagross|\n|teampreview\n|\n|t:|1700877726\n|start\n|switch|p1a: Hummblepuff|Luxray, M|100\/100\n|switch|p1b: King|Electrode|100\/100\n|switch|p2a: Hitmontop|Hitmontop, M|100\/100\n|switch|p2b: Metagross|Metagross|100\/100\n|turn|1\n|\n|t:|1700877761\n|move|p1a: Hummblepuff|Protect|p1a: Hummblepuff\n|-singleturn|p1a: Hummblepuff|Protect\n|move|p1b: King|Explosion|p2a: Hitmontop|[spread] p2a,p2b\n|-activate|p1a: Hummblepuff|move: Protect\n|-resisted|p2b: Metagross\n|-damage|p2a: Hitmontop|13\/100\n|-damage|p2b: Metagross|74\/100\n|faint|p1b: King\n|move|p2a: Hitmontop|Triple Kick|p1a: Hummblepuff\n|-activate|p1a: Hummblepuff|move: Protect\n|move|p2b: Metagross|Psycho Cut|p1a: Hummblepuff\n|-activate|p1a: Hummblepuff|move: Protect\n|\n|-status|p1a: Hummblepuff|brn|[from] item: Flame Orb\n|upkeep\n|\n|t:|1700877775\n|switch|p1b: Black Cat|Jolteon, M|100\/100\n|turn|2\n|\n|t:|1700877792\n|-terastallize|p1b: Black Cat|Water\n|move|p1b: Black Cat|Volt Switch|p2a: Hitmontop\n|-damage|p2a: Hitmontop|0 fnt\n|faint|p2a: Hitmontop\n|\n|t:|1700877798\n|switch|p1b: King2|Pincurchin, F|100\/100|[from] Volt Switch\n|-fieldstart|move: Electric Terrain|[from] ability: Electric Surge|[of] p1b: King2\n|move|p1a: Hummblepuff|Wild Charge|p2b: Metagross\n|-damage|p2b: Metagross|0 fnt\n|-damage|p1a: Hummblepuff|84\/100 brn|[from] item: Rocky Helmet|[of] p2b: Metagross\n|faint|p2b: Metagross\n|-damage|p1a: Hummblepuff|65\/100 brn|[from] Recoil\n|\n|-damage|p1a: Hummblepuff|59\/100 brn|[from] brn\n|upkeep\n|\n|t:|1700877820\n|switch|p2a: Swampert|Swampert, F|100\/100\n|switch|p2b: Sceptile|Sceptile, M|100\/100\n|turn|3\n|\n|t:|1700877836\n|move|p1b: King2|Sucker Punch|p2a: Swampert\n|-damage|p2a: Swampert|79\/100\n|move|p2b: Sceptile|Leaf Blade|p1b: King2\n|-damage|p1b: King2|45\/100\n|move|p1a: Hummblepuff|Ice Fang|p2b: Sceptile\n|-supereffective|p2b: Sceptile\n|-enditem|p2b: Sceptile|Focus Sash\n|-damage|p2b: Sceptile|1\/100\n|move|p2a: Swampert|Earthquake|p1b: King2|[spread] p2b,p1a,p1b\n|-resisted|p2b: Sceptile\n|-supereffective|p1a: Hummblepuff\n|-supereffective|p1b: King2\n|-damage|p2b: Sceptile|0 fnt\n|-damage|p1a: Hummblepuff|0 fnt\n|-damage|p1b: King2|0 fnt\n|faint|p2b: Sceptile\n|faint|p1a: Hummblepuff\n|faint|p1b: King2\n|\n|upkeep\n|\n|t:|1700877853\n|switch|p2b: Incineroar|Incineroar, M|100\/100\n|switch|p1a: Black Cat|Jolteon, M, tera:Water|100\/100\n|switch|p1b: Hot Wheels|Raichu-Alola, F|100\/100\n|-item|p2b: Incineroar|Air Balloon\n|turn|4\n|\n|t:|1700877886\n|move|p1b: Hot Wheels|Reflect|p1b: Hot Wheels\n|-sidestart|p1: hoangphuclam|Reflect\n|move|p1a: Black Cat|Shadow Ball|p2a: Swampert\n|-damage|p2a: Swampert|51\/100\n|move|p2b: Incineroar|Darkest Lariat|p1b: Hot Wheels\n|-supereffective|p1b: Hot Wheels\n|-damage|p1b: Hot Wheels|0 fnt\n|faint|p1b: Hot Wheels\n|move|p2a: Swampert|Earthquake|p1a: Black Cat|[spread] p1a\n|-immune|p2b: Incineroar\n|-damage|p1a: Black Cat|55\/100\n|\n|upkeep\n|c|\u2606hoangphuclam|quick\n|\n|t:|1700877898\n|switch|p1b: Regi Elecki|Regieleki|100\/100\n|turn|5\n|\n|t:|1700877916\n|move|p1a: Black Cat|Shadow Ball|p2a: Swampert\n|-damage|p2a: Swampert|25\/100\n|-unboost|p2a: Swampert|spd|1\n|move|p1b: Regi Elecki|Rising Voltage|p2b: Incineroar\n|-damage|p2b: Incineroar|49\/100\n|-enditem|p2b: Incineroar|Air Balloon\n|move|p2b: Incineroar|Darkest Lariat|p1a: Black Cat\n|-damage|p1a: Black Cat|2\/100\n|move|p2a: Swampert|Earthquake|p1b: Regi Elecki|[spread] p2b,p1a,p1b\n|-supereffective|p2b: Incineroar\n|-supereffective|p1b: Regi Elecki\n|-damage|p2b: Incineroar|0 fnt\n|-damage|p1a: Black Cat|0 fnt\n|-damage|p1b: Regi Elecki|17\/100\n|faint|p2b: Incineroar\n|faint|p1a: Black Cat\n|\n|upkeep\n|\n|t:|1700877933\n|switch|p2b: Raichu|Raichu, F|100\/100\n|turn|6\n|\n|t:|1700877945\n|move|p1b: Regi Elecki|Extreme Speed|p2a: Swampert\n|-crit|p2a: Swampert\n|-damage|p2a: Swampert|0 fnt\n|faint|p2a: Swampert\n|move|p2b: Raichu|Quick Attack|p1b: Regi Elecki\n|-damage|p1b: Regi Elecki|5\/100\n|\n|-fieldend|move: Electric Terrain\n|upkeep\n|turn|7\n|\n|t:|1700877959\n|move|p1b: Regi Elecki|Extreme Speed|p2b: Raichu\n|-crit|p2b: Raichu\n|-damage|p2b: Raichu|30\/100\n|move|p2b: Raichu|Quick Attack|p1b: Regi Elecki\n|-damage|p1b: Regi Elecki|0 fnt\n|faint|p1b: Regi Elecki\n|\n|win|Androiddxx\n|raw|hoangphuclam's rating: 1029 &rarr; <strong>1018<\/strong><br \/>(-11 for losing)\n|raw|Androiddxx's rating: 1101 &rarr; <strong>1121<\/strong><br \/>(+20 for winning)\n|c|\u2606hoangphuclam|gg\n|l|\u2606hoangphuclam\n","uploadtime":1700877977,"views":8,"p1id":"hoangphuclam","p2id":"androiddxx","formatid":"gen9nationaldexdoubles","rating":1018,"private":0,"password":""}