{"id":"gen9nationaldexdoubles-1973722316","p1":"MaaChACaHOmEr","p2":"Evaniidae","format":"[Gen 9] National Dex Doubles","log":"|j|\u2606MaaChACaHOmEr\n|j|\u2606Evaniidae\n|t:|1698006886\n|gametype|doubles\n|player|p1|MaaChACaHOmEr|170|\n|player|p2|Evaniidae|rosa|\n|teamsize|p1|6\n|teamsize|p2|6\n|gen|9\n|tier|[Gen 9] National Dex Doubles\n|rule|HP Percentage Mod: HP is shown in percentages\n|rule|Endless Battle Clause: Forcing endless battles is banned\n|rule|OHKO Clause: OHKO moves are banned\n|rule|Evasion Moves Clause: Evasion moves are banned\n|rule|Evasion Abilities Clause: Evasion abilities are banned\n|rule|Species Clause: Limit one of each Pok\u00e9mon\n|rule|Gravity Sleep Clause: The combination of sleep-inducing moves with imperfect accuracy and Gravity or Gigantamax Orbeetle are banned\n|clearpoke\n|poke|p1|Cradily, M|\n|poke|p1|Whimsicott, M|\n|poke|p1|Decidueye, F|\n|poke|p1|Ferrothorn, M|\n|poke|p1|Sceptile, M|\n|poke|p1|Meowscarada, M|\n|poke|p2|Raichu, M|\n|poke|p2|Ampharos, F|\n|poke|p2|Luxray, F|\n|poke|p2|Zebstrika, F|\n|poke|p2|Eelektross, M|\n|poke|p2|Jolteon, F|\n|teampreview\n|\n|t:|1698006904\n|start\n|switch|p1a: Ferrothorn|Ferrothorn, M|100\/100\n|switch|p1b: Decidueye|Decidueye, F|100\/100\n|switch|p2a: Raichu|Raichu, M|100\/100\n|switch|p2b: Luxray|Luxray, F|100\/100\n|-ability|p2b: Luxray|Intimidate|boost\n|-unboost|p1a: Ferrothorn|atk|1\n|-unboost|p1b: Decidueye|atk|1\n|-ability|p1a: Ferrothorn|Anticipation\n|turn|1\n|\n|t:|1698006928\n|move|p2a: Raichu|Focus Blast|p1b: Decidueye\n|-immune|p1b: Decidueye\n|move|p1b: Decidueye|Poltergeist|p2a: Raichu\n|-activate|p2a: Raichu|move: Poltergeist|Zoom Lens\n|-damage|p2a: Raichu|27\/100\n|move|p2b: Luxray|Ice Fang|p1a: Ferrothorn\n|-damage|p1a: Ferrothorn|83\/100\n|-damage|p2b: Luxray|91\/100|[from] item: Life Orb\n|move|p1a: Ferrothorn|Toxic|p2b: Luxray\n|-status|p2b: Luxray|tox\n|\n|-heal|p1a: Ferrothorn|89\/100|[from] item: Leftovers\n|-damage|p2b: Luxray|85\/100 tox|[from] psn\n|upkeep\n|turn|2\n|\n|t:|1698006957\n|move|p1b: Decidueye|Sucker Punch|p2b: Luxray\n|-damage|p2b: Luxray|63\/100 tox\n|move|p2a: Raichu|Focus Blast|p1b: Decidueye\n|-immune|p1b: Decidueye\n|move|p2b: Luxray|Ice Fang|p1b: Decidueye\n|-supereffective|p1b: Decidueye\n|-damage|p1b: Decidueye|29\/100\n|-damage|p2b: Luxray|53\/100 tox|[from] item: Life Orb\n|move|p1a: Ferrothorn|Leech Seed|p2a: Raichu\n|-start|p2a: Raichu|move: Leech Seed\n|\n|-heal|p1a: Ferrothorn|95\/100|[from] item: Leftovers\n|-damage|p2a: Raichu|15\/100|[from] Leech Seed|[of] p1a: Ferrothorn\n|-heal|p1a: Ferrothorn|100\/100|[silent]\n|-damage|p2b: Luxray|41\/100 tox|[from] psn\n|upkeep\n|turn|3\n|\n|t:|1698006981\n|switch|p2a: Ampharos|Ampharos, F|100\/100\n|move|p1b: Decidueye|Sucker Punch|p2b: Luxray\n|-damage|p2b: Luxray|22\/100 tox\n|move|p2b: Luxray|Ice Fang|p1b: Decidueye|[miss]\n|-miss|p2b: Luxray|p1b: Decidueye\n|move|p1a: Ferrothorn|Spikes|p2b: Luxray\n|-sidestart|p2: Evaniidae|Spikes\n|\n|-damage|p2b: Luxray|4\/100 tox|[from] psn\n|upkeep\n|turn|4\n|\n|t:|1698007022\n|move|p1b: Decidueye|Poltergeist|p2a: Ampharos\n|-activate|p2a: Ampharos|move: Poltergeist|Ampharosite\n|-damage|p2a: Ampharos|66\/100\n|move|p2b: Luxray|Hidden Power|p1a: Ferrothorn\n|-damage|p1a: Ferrothorn|81\/100\n|-damage|p2b: Luxray|0 fnt|[from] item: Life Orb\n|faint|p2b: Luxray\n|move|p2a: Ampharos|Power Gem|p1b: Decidueye\n|-damage|p1b: Decidueye|0 fnt\n|faint|p1b: Decidueye\n|move|p1a: Ferrothorn|Toxic|p2a: Ampharos\n|-status|p2a: Ampharos|tox\n|\n|-heal|p1a: Ferrothorn|87\/100|[from] item: Leftovers\n|-damage|p2a: Ampharos|60\/100 tox|[from] psn\n|upkeep\n|\n|t:|1698007046\n|switch|p1b: Meowscarada|Meowscarada, M|100\/100\n|switch|p2b: Zebstrika|Zebstrika, F|100\/100\n|-damage|p2b: Zebstrika|88\/100|[from] Spikes\n|turn|5\n|\n|t:|1698007073\n|move|p1b: Meowscarada|Aura Sphere|p2a: Ampharos\n|-start|p1b: Meowscarada|typechange|Fighting|[from] ability: Protean\n|-damage|p2a: Ampharos|40\/100 tox\n|move|p2b: Zebstrika|Flame Charge|p1a: Ferrothorn\n|-supereffective|p1a: Ferrothorn\n|-damage|p1a: Ferrothorn|43\/100\n|-boost|p2b: Zebstrika|spe|1\n|move|p2a: Ampharos|Dragon Pulse|p1b: Meowscarada\n|-damage|p1b: Meowscarada|55\/100\n|move|p1a: Ferrothorn|Toxic|p2b: Zebstrika\n|-status|p2b: Zebstrika|tox\n|\n|-heal|p1a: Ferrothorn|49\/100|[from] item: Leftovers\n|-damage|p2b: Zebstrika|82\/100 tox|[from] psn\n|-damage|p2a: Ampharos|28\/100 tox|[from] psn\n|upkeep\n|turn|6\n|\n|t:|1698007099\n|move|p1a: Ferrothorn|Protect|p1a: Ferrothorn\n|-singleturn|p1a: Ferrothorn|Protect\n|move|p2b: Zebstrika|Flame Charge|p1a: Ferrothorn\n|-activate|p1a: Ferrothorn|move: Protect\n|move|p1b: Meowscarada|Shadow Claw|p2b: Zebstrika\n|-damage|p2b: Zebstrika|48\/100 tox\n|move|p2a: Ampharos|Dragon Pulse|p1a: Ferrothorn\n|-activate|p1a: Ferrothorn|move: Protect\n|\n|-heal|p1a: Ferrothorn|56\/100|[from] item: Leftovers\n|-damage|p2b: Zebstrika|35\/100 tox|[from] psn\n|-damage|p2a: Ampharos|10\/100 tox|[from] psn\n|upkeep\n|turn|7\n|\n|t:|1698007120\n|move|p1b: Meowscarada|Sucker Punch|p2b: Zebstrika\n|-damage|p2b: Zebstrika|0 fnt\n|faint|p2b: Zebstrika\n|move|p2a: Ampharos|Dragon Pulse|p1b: Meowscarada\n|-damage|p1b: Meowscarada|16\/100\n|move|p1a: Ferrothorn|Leech Seed|p2a: Ampharos\n|-start|p2a: Ampharos|move: Leech Seed\n|\n|-heal|p1a: Ferrothorn|62\/100|[from] item: Leftovers\n|-damage|p2a: Ampharos|0 fnt|[from] Leech Seed|[of] p1a: Ferrothorn\n|-heal|p1a: Ferrothorn|74\/100|[silent]\n|faint|p2a: Ampharos\n|upkeep\n|\n|t:|1698007136\n|switch|p2b: Raichu|Raichu, M|15\/100\n|switch|p2a: Eelektross|Eelektross, M|100\/100\n|-damage|p2b: Raichu|2\/100|[from] Spikes\n|turn|8\n|\n|t:|1698007158\n|move|p2b: Raichu|Focus Blast|p1a: Ferrothorn\n|-supereffective|p1a: Ferrothorn\n|-damage|p1a: Ferrothorn|19\/100\n|-unboost|p1a: Ferrothorn|spd|1\n|move|p1b: Meowscarada|Shadow Claw|p2a: Eelektross\n|-damage|p2a: Eelektross|75\/100\n|move|p2a: Eelektross|Flamethrower|p1a: Ferrothorn\n|-supereffective|p1a: Ferrothorn\n|-damage|p1a: Ferrothorn|0 fnt\n|faint|p1a: Ferrothorn\n|\n|upkeep\n|\n|t:|1698007172\n|switch|p1a: Whimsicott|Whimsicott, M|100\/100\n|turn|9\n|\n|t:|1698007187\n|move|p1b: Meowscarada|Sucker Punch|p2a: Eelektross\n|-damage|p2a: Eelektross|49\/100\n|move|p2b: Raichu|Focus Blast|p1b: Meowscarada\n|-damage|p1b: Meowscarada|0 fnt\n|faint|p1b: Meowscarada\n|move|p1a: Whimsicott|Toxic|p2b: Raichu\n|-status|p2b: Raichu|tox\n|move|p2a: Eelektross|Flamethrower|p1a: Whimsicott\n|-supereffective|p1a: Whimsicott\n|-damage|p1a: Whimsicott|36\/100\n|-status|p1a: Whimsicott|brn\n|\n|-heal|p1a: Whimsicott|42\/100 brn|[from] item: Leftovers\n|-damage|p2b: Raichu|0 fnt|[from] psn\n|faint|p2b: Raichu\n|-damage|p1a: Whimsicott|36\/100 brn|[from] brn\n|upkeep\n|\n|t:|1698007206\n|switch|p2b: Jolteon|Jolteon, F|100\/100\n|switch|p1b: Sceptile|Sceptile, M|100\/100\n|-damage|p2b: Jolteon|88\/100|[from] Spikes\n|turn|10\n|\n|t:|1698007225\n|move|p2b: Jolteon|Thunderbolt|p1b: Sceptile\n|-resisted|p1b: Sceptile\n|-damage|p1b: Sceptile|70\/100\n|move|p1b: Sceptile|Leaf Storm|p2a: Eelektross|[miss]\n|-miss|p1b: Sceptile|p2a: Eelektross\n|move|p1a: Whimsicott|Moonblast|p2b: Jolteon\n|-damage|p2b: Jolteon|57\/100\n|-unboost|p2b: Jolteon|spa|1\n|move|p2a: Eelektross|Flamethrower|p1a: Whimsicott\n|-supereffective|p1a: Whimsicott\n|-damage|p1a: Whimsicott|0 fnt\n|faint|p1a: Whimsicott\n|\n|-heal|p2b: Jolteon|63\/100|[from] item: Leftovers\n|upkeep\n|\n|t:|1698007242\n|switch|p1a: Cradily|Cradily, M|100\/100\n|turn|11\n|\n|t:|1698007256\n|move|p2b: Jolteon|Thunderbolt|p1a: Cradily\n|-resisted|p1a: Cradily\n|-damage|p1a: Cradily|90\/100\n|move|p1b: Sceptile|Leaf Storm|p2a: Eelektross\n|-damage|p2a: Eelektross|5\/100\n|-unboost|p1b: Sceptile|spa|2\n|move|p2a: Eelektross|Flamethrower|p1b: Sceptile\n|-supereffective|p1b: Sceptile\n|-damage|p1b: Sceptile|0 fnt\n|faint|p1b: Sceptile\n|move|p1a: Cradily|Ancient Power|p2b: Jolteon\n|-damage|p2b: Jolteon|37\/100\n|\n|-heal|p2b: Jolteon|43\/100|[from] item: Leftovers\n|upkeep\n|turn|12\n|\n|t:|1698007280\n|move|p2b: Jolteon|Thunderbolt|p1a: Cradily\n|-resisted|p1a: Cradily\n|-damage|p1a: Cradily|79\/100\n|-status|p1a: Cradily|par\n|move|p2a: Eelektross|Flamethrower|p1a: Cradily\n|-damage|p1a: Cradily|59\/100 par\n|cant|p1a: Cradily|par\n|\n|-heal|p2b: Jolteon|49\/100|[from] item: Leftovers\n|upkeep\n|turn|13\n|\n|t:|1698007311\n|move|p2b: Jolteon|Thunderbolt|p1a: Cradily\n|-resisted|p1a: Cradily\n|-damage|p1a: Cradily|49\/100 par\n|move|p2a: Eelektross|Knock Off|p1a: Cradily\n|-damage|p1a: Cradily|25\/100 par\n|-enditem|p1a: Cradily|Focus Sash|[from] move: Knock Off|[of] p2a: Eelektross\n|cant|p1a: Cradily|par\n|\n|-heal|p2b: Jolteon|56\/100|[from] item: Leftovers\n|upkeep\n|turn|14\n|\n|t:|1698007330\n|move|p2b: Jolteon|Thunderbolt|p1a: Cradily\n|-resisted|p1a: Cradily\n|-damage|p1a: Cradily|15\/100 par\n|move|p2a: Eelektross|Knock Off|p1a: Cradily\n|-damage|p1a: Cradily|0 fnt\n|faint|p1a: Cradily\n|\n|win|Evaniidae\n|l|\u2606MaaChACaHOmEr\n","uploadtime":1698007623,"views":5,"p1id":"maachacahomer","p2id":"evaniidae","formatid":"gen9nationaldexdoubles","rating":0,"private":0,"password":""}