{"id":"gen9nationaldexdoubles-1996707828","p1":"Kin+ak (\u2727\u2207\u2727)","p2":"K3ppr","format":"[Gen 9] National Dex Doubles","log":"|j|\u2606Kin+ak (\u2727\u2207\u2727)\n|j|\u2606K3ppr\n|t:|1700712497\n|gametype|doubles\n|player|p1|Kin+ak (\u2727\u2207\u2727)|wally|\n|player|p2|K3ppr|#dwcopiii|\n|teamsize|p1|6\n|teamsize|p2|6\n|gen|9\n|tier|[Gen 9] National Dex Doubles\n|rule|HP Percentage Mod: HP is shown in percentages\n|rule|Endless Battle Clause: Forcing endless battles is banned\n|rule|OHKO Clause: OHKO moves are banned\n|rule|Evasion Moves Clause: Evasion moves are banned\n|rule|Evasion Abilities Clause: Evasion abilities are banned\n|rule|Species Clause: Limit one of each Pok\u00e9mon\n|rule|Gravity Sleep Clause: The combination of sleep-inducing moves with imperfect accuracy and Gravity or Gigantamax Orbeetle are banned\n|clearpoke\n|poke|p1|Camerupt, M|\n|poke|p1|Porygon2|\n|poke|p1|Indeedee-F, F|\n|poke|p1|Cresselia, F|\n|poke|p1|Glastrier|\n|poke|p1|Ursaluna, M|\n|poke|p2|Kingambit, F|\n|poke|p2|Marshadow|\n|poke|p2|Volcanion|\n|poke|p2|Salamence, M|\n|poke|p2|Rillaboom, M|\n|poke|p2|Whimsicott, F|\n|teampreview\n|c|\u2606K3ppr|glhf\n|inactive|Battle timer is ON: inactive players will automatically lose when time's up. (requested by K3ppr)\n|inactive|Kin+ak (\u2727\u2207\u2727) has 270 seconds left.\n|c|\u2606Kin+ak (\u2727\u2207\u2727)|u too\n|\n|t:|1700712584\n|start\n|switch|p1a: Porygon2|Porygon2, shiny|100\/100\n|switch|p1b: Cresselia|Cresselia, F|100\/100\n|switch|p2a: Get DD'd on bitch|Salamence, M|100\/100\n|switch|p2b: Get my mallet|Rillaboom, M|100\/100\n|-ability|p2a: Get DD'd on bitch|Intimidate|boost\n|-unboost|p1a: Porygon2|atk|1\n|-unboost|p1b: Cresselia|atk|1\n|-fieldstart|move: Grassy Terrain|[from] ability: Grassy Surge|[of] p2b: Get my mallet\n|-ability|p1a: Porygon2|Grassy Surge|[from] ability: Trace|[of] p2b: Get my mallet\n|turn|1\n|\n|t:|1700712598\n|detailschange|p2a: Get DD'd on bitch|Salamence-Mega, M\n|-mega|p2a: Get DD'd on bitch|Salamence|Salamencite\n|move|p2b: Get my mallet|Fake Out|p1a: Porygon2\n|-crit|p1a: Porygon2\n|-damage|p1a: Porygon2|90\/100\n|move|p2a: Get DD'd on bitch|Hyper Voice|p1a: Porygon2|[spread] p1a,p1b\n|-damage|p1a: Porygon2|67\/100\n|-damage|p1b: Cresselia|85\/100\n|move|p1b: Cresselia|Ice Beam|p2a: Get DD'd on bitch\n|-supereffective|p2a: Get DD'd on bitch\n|-damage|p2a: Get DD'd on bitch|21\/100\n|cant|p1a: Porygon2|flinch\n|\n|-heal|p1a: Porygon2|73\/100|[from] Grassy Terrain\n|upkeep\n|turn|2\n|\n|t:|1700712619\n|switch|p2a: Waterboards you|Volcanion|100\/100\n|move|p2b: Get my mallet|U-turn|p1b: Cresselia\n|-supereffective|p1b: Cresselia\n|-damage|p1b: Cresselia|49\/100\n|\n|t:|1700712625\n|switch|p2b: Annoying Fluffball|Whimsicott, F|100\/100|[from] U-turn\n|move|p1b: Cresselia|Lunar Blessing|p1b: Cresselia|[spread] p1a,p1b\n|-heal|p1a: Porygon2|98\/100\n|-heal|p1b: Cresselia|74\/100\n|move|p1a: Porygon2|Trick Room|p1a: Porygon2\n|-fieldstart|move: Trick Room|[of] p1a: Porygon2\n|\n|-heal|p1a: Porygon2|100\/100|[from] Grassy Terrain\n|upkeep\n|turn|3\n|\n|t:|1700712638\n|switch|p1b: Indeedee|Indeedee-F, F|100\/100\n|-fieldstart|move: Psychic Terrain|[from] ability: Psychic Surge|[of] p1b: Indeedee\n|move|p2b: Annoying Fluffball|Encore|p1a: Porygon2\n|-activate|p1a: Porygon2|move: Psychic Terrain\n|move|p2a: Waterboards you|Heat Wave|p1b: Indeedee|[spread] p1a,p1b\n|-damage|p1a: Porygon2|79\/100\n|-damage|p1b: Indeedee|75\/100\n|move|p1a: Porygon2|Teleport|p1a: Porygon2\n|\n|t:|1700712651\n|switch|p1a: Ursaluna|Ursaluna, M|100\/100|[from] Teleport\n|\n|-status|p1a: Ursaluna|brn|[from] item: Flame Orb\n|upkeep\n|turn|4\n|\n|t:|1700712669\n|switch|p2b: Get my mallet|Rillaboom, M|100\/100\n|-fieldstart|move: Grassy Terrain|[from] ability: Grassy Surge|[of] p2b: Get my mallet\n|move|p1b: Indeedee|Follow Me|p1b: Indeedee\n|-singleturn|p1b: Indeedee|move: Follow Me\n|move|p1a: Ursaluna|Facade|p2a: Waterboards you\n|-damage|p2a: Waterboards you|4\/100\n|move|p2a: Waterboards you|Steam Eruption|p1b: Indeedee\n|-damage|p1b: Indeedee|34\/100\n|-status|p1b: Indeedee|brn\n|\n|-heal|p2a: Waterboards you|10\/100|[from] Grassy Terrain\n|-heal|p1b: Indeedee|40\/100 brn|[from] Grassy Terrain\n|-damage|p1a: Ursaluna|94\/100 brn|[from] brn\n|-damage|p1b: Indeedee|34\/100 brn|[from] brn\n|upkeep\n|turn|5\n|\n|t:|1700712689\n|move|p1a: Ursaluna|Protect|p1a: Ursaluna\n|-singleturn|p1a: Ursaluna|Protect\n|move|p2b: Get my mallet|Fake Out|p1a: Ursaluna\n|-activate|p1a: Ursaluna|move: Protect\n|move|p2a: Waterboards you|Steam Eruption|p1a: Ursaluna\n|-activate|p1a: Ursaluna|move: Protect\n|move|p1b: Indeedee|Expanding Force|p2a: Waterboards you\n|-damage|p2a: Waterboards you|0 fnt\n|faint|p2a: Waterboards you\n|\n|-heal|p1a: Ursaluna|100\/100 brn|[from] Grassy Terrain\n|-heal|p1b: Indeedee|40\/100 brn|[from] Grassy Terrain\n|-damage|p1a: Ursaluna|94\/100 brn|[from] brn\n|-damage|p1b: Indeedee|34\/100 brn|[from] brn\n|upkeep\n|\n|t:|1700712698\n|switch|p2a: No boosts for u|Marshadow|100\/100\n|turn|6\n|\n|t:|1700712710\n|move|p2a: No boosts for u|Protect|p2a: No boosts for u\n|-singleturn|p2a: No boosts for u|Protect\n|move|p1b: Indeedee|Follow Me|p1b: Indeedee\n|-singleturn|p1b: Indeedee|move: Follow Me\n|move|p2b: Get my mallet|Grassy Glide|p1b: Indeedee\n|-damage|p1b: Indeedee|0 fnt\n|faint|p1b: Indeedee\n|move|p1a: Ursaluna|Facade|p2b: Get my mallet\n|-damage|p2b: Get my mallet|0 fnt\n|faint|p2b: Get my mallet\n|\n|-heal|p1a: Ursaluna|100\/100 brn|[from] Grassy Terrain\n|-damage|p1a: Ursaluna|94\/100 brn|[from] brn\n|-fieldend|move: Trick Room\n|upkeep\n|\n|t:|1700712729\n|switch|p2b: Get DD'd on bitch|Salamence-Mega, M|21\/100\n|switch|p1b: Porygon2|Porygon2, shiny|79\/100\n|-ability|p1b: Porygon2|Technician|[from] ability: Trace|[of] p2a: No boosts for u\n|turn|7\n|\n|t:|1700712754\n|switch|p2b: Raiden Shogun|Kingambit, F, shiny|100\/100\n|move|p2a: No boosts for u|Close Combat|p1a: Ursaluna\n|-supereffective|p1a: Ursaluna\n|-damage|p1a: Ursaluna|0 fnt\n|-unboost|p2a: No boosts for u|def|1\n|-unboost|p2a: No boosts for u|spd|1\n|faint|p1a: Ursaluna\n|move|p1b: Porygon2|Trick Room|p1b: Porygon2\n|-fieldstart|move: Trick Room|[of] p1b: Porygon2\n|\n|-heal|p1b: Porygon2|85\/100|[from] Grassy Terrain\n|upkeep\n|\n|t:|1700712765\n|switch|p1a: Camerupt|Camerupt, M|100\/100\n|turn|8\n|inactive|K3ppr has 270 seconds left.\n|\n|t:|1700712802\n|switch|p1b: Cresselia|Cresselia, F|74\/100\n|detailschange|p1a: Camerupt|Camerupt-Mega, M\n|-mega|p1a: Camerupt|Camerupt|Cameruptite\n|-terastallize|p2b: Raiden Shogun|Dark\n|move|p2b: Raiden Shogun|Sucker Punch|p1a: Camerupt\n|-damage|p1a: Camerupt|29\/100\n|move|p1a: Camerupt|Heat Wave|p2a: No boosts for u|[spread] p2a\n|-miss|p1a: Camerupt|p2b: Raiden Shogun\n|-damage|p2a: No boosts for u|0 fnt\n|faint|p2a: No boosts for u\n|\n|-heal|p1a: Camerupt|35\/100|[from] Grassy Terrain\n|-fieldend|move: Grassy Terrain\n|upkeep\n|\n|t:|1700712815\n|switch|p2a: Annoying Fluffball|Whimsicott, F|100\/100\n|turn|9\n|inactive|K3ppr has 270 seconds left.\n|\n|t:|1700712837\n|move|p1b: Cresselia|Ally Switch|p1b: Cresselia\n|swap|p1b: Cresselia|0|[from] move: Ally Switch\n|move|p2b: Raiden Shogun|Sucker Punch||[still]\n|-fail|p2b: Raiden Shogun\n|move|p2a: Annoying Fluffball|Encore|p1a: Cresselia\n|-start|p1a: Cresselia|Encore\n|-enditem|p1a: Cresselia|Mental Herb\n|-end|p1a: Cresselia|Encore\n|move|p1b: Camerupt|Heat Wave|p2a: Annoying Fluffball|[spread] p2b\n|-miss|p1b: Camerupt|p2a: Annoying Fluffball\n|-damage|p2b: Raiden Shogun|44\/100\n|\n|upkeep\n|turn|10\n|inactive|K3ppr has 270 seconds left.\n|\n|t:|1700712870\n|move|p2a: Annoying Fluffball|Protect|p2a: Annoying Fluffball\n|-singleturn|p2a: Annoying Fluffball|Protect\n|move|p1b: Camerupt|Protect|p1b: Camerupt\n|-singleturn|p1b: Camerupt|Protect\n|move|p2b: Raiden Shogun|Protect|p2b: Raiden Shogun\n|-singleturn|p2b: Raiden Shogun|Protect\n|move|p1a: Cresselia|Lunar Blessing|p1a: Cresselia|[spread] p1a,p1b\n|-heal|p1a: Cresselia|99\/100\n|-heal|p1b: Camerupt|60\/100\n|\n|upkeep\n|turn|11\n|\n|t:|1700712888\n|switch|p2b: Get DD'd on bitch|Salamence-Mega, M|21\/100\n|move|p1a: Cresselia|Ally Switch|p1a: Cresselia\n|swap|p1a: Cresselia|1|[from] move: Ally Switch\n|move|p2a: Annoying Fluffball|Encore|p1b: Cresselia\n|-start|p1b: Cresselia|Encore\n|move|p1a: Camerupt|Heat Wave|p2a: Annoying Fluffball|[spread] p2a,p2b\n|-supereffective|p2a: Annoying Fluffball\n|-resisted|p2b: Get DD'd on bitch\n|-enditem|p2a: Annoying Fluffball|Focus Sash\n|-damage|p2a: Annoying Fluffball|1\/100\n|-damage|p2b: Get DD'd on bitch|0 fnt\n|faint|p2b: Get DD'd on bitch\n|\n|-fieldend|move: Trick Room\n|upkeep\n|\n|t:|1700712891\n|switch|p2b: Raiden Shogun|Kingambit, F, shiny, tera:Dark|44\/100\n|turn|12\n|\n|t:|1700712909\n|move|p1a: Camerupt|Protect|p1a: Camerupt\n|-singleturn|p1a: Camerupt|Protect\n|move|p1b: Cresselia|Ally Switch||[still]\n|-fail|p1b: Cresselia\n|move|p2a: Annoying Fluffball|Moonblast|p1b: Cresselia\n|-damage|p1b: Cresselia|82\/100\n|move|p2b: Raiden Shogun|Knock Off|p1b: Cresselia\n|-supereffective|p1b: Cresselia\n|-damage|p1b: Cresselia|0 fnt\n|faint|p1b: Cresselia\n|\n|upkeep\n|\n|t:|1700712921\n|switch|p1b: Glastrier|Glastrier|100\/100\n|turn|13\n|\n|t:|1700712939\n|-terastallize|p1b: Glastrier|Water\n|move|p2a: Annoying Fluffball|Encore|p1a: Camerupt\n|-start|p1a: Camerupt|Encore\n|move|p2b: Raiden Shogun|Knock Off|p1b: Glastrier\n|-damage|p1b: Glastrier|39\/100\n|-enditem|p1b: Glastrier|Clear Amulet|[from] move: Knock Off|[of] p2b: Raiden Shogun\n|move|p1b: Glastrier|Close Combat|p2b: Raiden Shogun\n|-supereffective|p2b: Raiden Shogun\n|-damage|p2b: Raiden Shogun|0 fnt\n|-unboost|p1b: Glastrier|def|1\n|-unboost|p1b: Glastrier|spd|1\n|faint|p2b: Raiden Shogun\n|-ability|p1b: Glastrier|Chilling Neigh|boost\n|-boost|p1b: Glastrier|atk|1\n|move|p1a: Camerupt|Protect||[still]\n|-fail|p1a: Camerupt\n|\n|upkeep\n|turn|14\n|\n|t:|1700712952\n|switch|p1a: Porygon2|Porygon2, shiny|85\/100\n|-ability|p1a: Porygon2|Prankster|[from] ability: Trace|[of] p2a: Annoying Fluffball\n|move|p2a: Annoying Fluffball|Moonblast|p1b: Glastrier\n|-damage|p1b: Glastrier|1\/100\n|move|p1b: Glastrier|Icicle Crash|p2a: Annoying Fluffball\n|-supereffective|p2a: Annoying Fluffball\n|-damage|p2a: Annoying Fluffball|0 fnt\n|faint|p2a: Annoying Fluffball\n|\n|win|Kin+ak (\u2727\u2207\u2727)\n|c|\u2606K3ppr|gg\n|player|p2|K3ppr|#dwcopiii\n|c|\u2606Kin+ak (\u2727\u2207\u2727)|gg\n|l|\u2606Kin+ak (\u2727\u2207\u2727)\n","uploadtime":1700713640,"views":28,"p1id":"kinak","p2id":"k3ppr","formatid":"gen9nationaldexdoubles","rating":0,"private":0,"password":""}