{"id":"gen9nationaldexdoubles-1986222087","p1":"Denvah_17","p2":"AceCoyoteNK","format":"[Gen 9] National Dex Doubles","log":"|j|\u2606Denvah_17\n|j|\u2606AceCoyoteNK\n|t:|1699461085\n|gametype|doubles\n|player|p1|Denvah_17|alder|1234\n|player|p2|AceCoyoteNK|skyla|1179\n|teamsize|p1|6\n|teamsize|p2|6\n|gen|9\n|tier|[Gen 9] National Dex Doubles\n|rated|\n|rule|HP Percentage Mod: HP is shown in percentages\n|rule|Endless Battle Clause: Forcing endless battles is banned\n|rule|OHKO Clause: OHKO moves are banned\n|rule|Evasion Moves Clause: Evasion moves are banned\n|rule|Evasion Abilities Clause: Evasion abilities are banned\n|rule|Species Clause: Limit one of each Pok\u00e9mon\n|rule|Gravity Sleep Clause: The combination of sleep-inducing moves with imperfect accuracy and Gravity or Gigantamax Orbeetle are banned\n|clearpoke\n|poke|p1|Houndoom, M|\n|poke|p1|Farigiraf, F|\n|poke|p1|Scizor, F|\n|poke|p1|Great Tusk|\n|poke|p1|Flutter Mane|\n|poke|p1|Walking Wake|\n|poke|p2|Incineroar, M|\n|poke|p2|Walking Wake|\n|poke|p2|Kommo-o, M|\n|poke|p2|Flutter Mane|\n|poke|p2|Great Tusk|\n|poke|p2|Suicune|\n|teampreview\n|inactive|Battle timer is ON: inactive players will automatically lose when time's up. (requested by Denvah_17)\n|c|\u2606Denvah_17|Glhflmao\n|l|\u2606Denvah_17\n|inactive|Denvah_17 disconnected and has a minute to reconnect!\n|player|p1|\n|j|\u2606Denvah_17\n|inactive|Denvah_17 reconnected and has 125 seconds left.\n|player|p1|Denvah_17|alder\n|inactive|Denvah_17 has 120 seconds left.\n|\n|t:|1699461146\n|start\n|switch|p1a: Toys 'R' Us|Farigiraf, F|100\/100\n|switch|p1b: Velocipastor|Walking Wake|100\/100\n|switch|p2a: Wake Surfer|Suicune|100\/100\n|switch|p2b: Wake Rider|Walking Wake|100\/100\n|turn|1\n|\n|t:|1699461171\n|-terastallize|p2b: Wake Rider|Water\n|move|p2a: Wake Surfer|Protect|p2a: Wake Surfer\n|-singleturn|p2a: Wake Surfer|Protect\n|move|p1b: Velocipastor|Dragon Pulse|p2b: Wake Rider\n|-damage|p2b: Wake Rider|24\/100\n|-damage|p1b: Velocipastor|91\/100|[from] item: Life Orb\n|move|p2b: Wake Rider|Knock Off|p1a: Toys 'R' Us\n|-supereffective|p1a: Toys 'R' Us\n|-damage|p1a: Toys 'R' Us|64\/100\n|-enditem|p1a: Toys 'R' Us|Heat Rock|[from] move: Knock Off|[of] p2b: Wake Rider\n|move|p1a: Toys 'R' Us|Sunny Day|p1a: Toys 'R' Us\n|-weather|SunnyDay\n|-activate|p1b: Velocipastor|ability: Protosynthesis\n|-start|p1b: Velocipastor|protosynthesisspa\n|-activate|p2b: Wake Rider|ability: Protosynthesis\n|-start|p2b: Wake Rider|protosynthesisspa\n|\n|-weather|SunnyDay|[upkeep]\n|upkeep\n|turn|2\n|inactive|Denvah_17 has 120 seconds left.\n|c|\u2606AceCoyoteNK|i misplayed lol\n|\n|t:|1699461212\n|move|p1b: Velocipastor|Dragon Pulse|p2b: Wake Rider\n|-damage|p2b: Wake Rider|0 fnt\n|faint|p2b: Wake Rider\n|-end|p2b: Wake Rider|Protosynthesis|[silent]\n|-damage|p1b: Velocipastor|81\/100|[from] item: Life Orb\n|move|p2a: Wake Surfer|Tailwind|p2a: Wake Surfer\n|-sidestart|p2: AceCoyoteNK|move: Tailwind\n|move|p1a: Toys 'R' Us|Hyper Voice|p2a: Wake Surfer\n|-damage|p2a: Wake Surfer|67\/100\n|\n|-weather|SunnyDay|[upkeep]\n|-heal|p2a: Wake Surfer|73\/100|[from] item: Leftovers\n|upkeep\n|inactive|AceCoyoteNK has 120 seconds left.\n|c|\u2606AceCoyoteNK|I did not think neutral dragon pulse would do so much lol\n|\n|t:|1699461253\n|switch|p2b: Misty|Flutter Mane|100\/100\n|-activate|p2b: Misty|ability: Protosynthesis\n|-start|p2b: Misty|protosynthesisspa\n|turn|3\n|\n|t:|1699461267\n|move|p1a: Toys 'R' Us|Helping Hand|p1b: Velocipastor\n|-singleturn|p1b: Velocipastor|Helping Hand|[of] p1a: Toys 'R' Us\n|move|p2b: Misty|Thunder Wave|p1b: Velocipastor\n|-status|p1b: Velocipastor|par\n|move|p2a: Wake Surfer|Ice Beam|p1b: Velocipastor\n|-crit|p1b: Velocipastor\n|-damage|p1b: Velocipastor|36\/100 par\n|move|p1b: Velocipastor|Hydro Steam|p2b: Misty\n|-enditem|p2b: Misty|Focus Sash\n|-damage|p2b: Misty|1\/100\n|-damage|p1b: Velocipastor|26\/100 par|[from] item: Life Orb\n|\n|-weather|SunnyDay|[upkeep]\n|-heal|p2a: Wake Surfer|79\/100|[from] item: Leftovers\n|upkeep\n|turn|4\n|inactive|AceCoyoteNK has 120 seconds left.\n|\n|t:|1699461294\n|move|p1b: Velocipastor|Protect|p1b: Velocipastor\n|-singleturn|p1b: Velocipastor|Protect\n|move|p2b: Misty|Taunt|p1a: Toys 'R' Us\n|-start|p1a: Toys 'R' Us|move: Taunt\n|move|p2a: Wake Surfer|Ice Beam|p1b: Velocipastor\n|-activate|p1b: Velocipastor|move: Protect\n|move|p1a: Toys 'R' Us|Psyshock|p2b: Misty\n|-damage|p2b: Misty|0 fnt\n|faint|p2b: Misty\n|-end|p2b: Misty|Protosynthesis|[silent]\n|\n|-weather|SunnyDay|[upkeep]\n|-heal|p2a: Wake Surfer|85\/100|[from] item: Leftovers\n|upkeep\n|\n|t:|1699461314\n|switch|p2b: The DON|Great Tusk|100\/100\n|-activate|p2b: The DON|ability: Protosynthesis\n|-start|p2b: The DON|protosynthesisspe\n|turn|5\n|inactive|AceCoyoteNK has 120 seconds left.\n|\n|t:|1699461331\n|move|p2b: The DON|Close Combat|p1b: Velocipastor\n|-damage|p1b: Velocipastor|0 fnt\n|-unboost|p2b: The DON|def|1\n|-unboost|p2b: The DON|spd|1\n|faint|p1b: Velocipastor\n|-end|p1b: Velocipastor|Protosynthesis|[silent]\n|move|p2a: Wake Surfer|Ice Beam|p1a: Toys 'R' Us\n|-damage|p1a: Toys 'R' Us|37\/100\n|move|p1a: Toys 'R' Us|Hyper Voice|p2a: Wake Surfer|[spread] p2a,p2b\n|-damage|p2a: Wake Surfer|59\/100\n|-damage|p2b: The DON|33\/100\n|\n|-weather|none\n|-end|p2b: The DON|Protosynthesis\n|-heal|p2a: Wake Surfer|65\/100|[from] item: Leftovers\n|-sideend|p2: AceCoyoteNK|move: Tailwind\n|upkeep\n|-enditem|p2b: The DON|Booster Energy\n|-activate|p2b: The DON|ability: Protosynthesis|[fromitem]\n|-start|p2b: The DON|protosynthesisspe\n|\n|t:|1699461344\n|switch|p1b: Scizor|Scizor, F, shiny|100\/100\n|turn|6\n|inactive|Denvah_17 has 120 seconds left.\n|\n|t:|1699461375\n|move|p1b: Scizor|Bullet Punch|p2b: The DON\n|-damage|p2b: The DON|7\/100\n|-damage|p1b: Scizor|91\/100|[from] item: Life Orb\n|move|p2b: The DON|Close Combat|p1b: Scizor\n|-damage|p1b: Scizor|41\/100\n|-unboost|p2b: The DON|def|1\n|-unboost|p2b: The DON|spd|1\n|move|p2a: Wake Surfer|Tailwind|p2a: Wake Surfer\n|-sidestart|p2: AceCoyoteNK|move: Tailwind\n|move|p1a: Toys 'R' Us|Hyper Voice|p2b: The DON|[spread] p2a,p2b\n|-damage|p2a: Wake Surfer|39\/100\n|-damage|p2b: The DON|0 fnt\n|faint|p2b: The DON\n|-end|p2b: The DON|Protosynthesis|[silent]\n|\n|-heal|p2a: Wake Surfer|46\/100|[from] item: Leftovers\n|-end|p1a: Toys 'R' Us|move: Taunt\n|upkeep\n|\n|t:|1699461397\n|switch|p2b: GEN 8 Nightmare|Incineroar, M|100\/100\n|-ability|p2b: GEN 8 Nightmare|Intimidate|boost\n|-unboost|p1a: Toys 'R' Us|atk|1\n|-unboost|p1b: Scizor|atk|1\n|turn|7\n|\n|t:|1699461409\n|move|p2a: Wake Surfer|Protect|p2a: Wake Surfer\n|-singleturn|p2a: Wake Surfer|Protect\n|move|p2b: GEN 8 Nightmare|Darkest Lariat|p1a: Toys 'R' Us\n|-supereffective|p1a: Toys 'R' Us\n|-damage|p1a: Toys 'R' Us|0 fnt\n|faint|p1a: Toys 'R' Us\n|move|p1b: Scizor|U-turn|p2a: Wake Surfer\n|-activate|p2a: Wake Surfer|move: Protect\n|\n|-heal|p2a: Wake Surfer|52\/100|[from] item: Leftovers\n|upkeep\n|\n|t:|1699461422\n|switch|p1a: Mamophan|Great Tusk|100\/100\n|turn|8\n|\n|t:|1699461432\n|move|p2a: Wake Surfer|Ice Beam|p1a: Mamophan\n|-supereffective|p1a: Mamophan\n|-damage|p1a: Mamophan|60\/100\n|-status|p1a: Mamophan|frz\n|move|p2b: GEN 8 Nightmare|Parting Shot|p1b: Scizor\n|-unboost|p1b: Scizor|atk|1\n|-unboost|p1b: Scizor|spa|1\n|\n|t:|1699461441\n|switch|p2b: Trash|Kommo-o, M|100\/100|[from] Parting Shot\n|-curestatus|p1a: Mamophan|frz|[msg]\n|move|p1a: Mamophan|Headlong Rush|p2b: Trash|[miss]\n|-miss|p1a: Mamophan|p2b: Trash\n|move|p1b: Scizor|U-turn|p2a: Wake Surfer\n|-damage|p2a: Wake Surfer|32\/100\n|-damage|p1b: Scizor|31\/100|[from] item: Life Orb\n|\n|t:|1699461450\n|switch|p1b: \ud83d\udc0dMEDUSA\ud83d\udc0d|Flutter Mane|100\/100|[from] U-turn\n|\n|-heal|p2a: Wake Surfer|38\/100|[from] item: Leftovers\n|upkeep\n|turn|9\n|c|\u2606AceCoyoteNK|should not have wasted my tera lol\n|inactive|AceCoyoteNK has 120 seconds left.\n|c|\u2606AceCoyoteNK|I also should be running flash cannon and NOT tera blast lol\n|inactive|AceCoyoteNK has 90 seconds left.\n|c|\u2606AceCoyoteNK|cannot touch fluttermane\n|\n|t:|1699461524\n|move|p2b: Trash|Tera Blast|p1a: Mamophan\n|-damage|p1a: Mamophan|42\/100\n|move|p2a: Wake Surfer|Scald|p1a: Mamophan\n|-supereffective|p1a: Mamophan\n|-damage|p1a: Mamophan|0 fnt\n|faint|p1a: Mamophan\n|-end|p1a: Mamophan|Protosynthesis|[silent]\n|move|p1b: \ud83d\udc0dMEDUSA\ud83d\udc0d|Dazzling Gleam|p2b: Trash|[spread] p2a,p2b\n|-supereffective|p2b: Trash\n|-damage|p2a: Wake Surfer|2\/100\n|-damage|p2b: Trash|0 fnt\n|faint|p2b: Trash\n|-damage|p1b: \ud83d\udc0dMEDUSA\ud83d\udc0d|91\/100|[from] item: Life Orb\n|\n|-heal|p2a: Wake Surfer|8\/100|[from] item: Leftovers\n|-sideend|p2: AceCoyoteNK|move: Tailwind\n|upkeep\n|c|\u2606AceCoyoteNK|gg\n|inactive|AceCoyoteNK has 90 seconds left.\n|-message|AceCoyoteNK forfeited.\n|\n|win|Denvah_17\n|raw|Denvah_17's rating: 1234 &rarr; <strong>1255<\/strong><br \/>(+21 for winning)\n|raw|AceCoyoteNK's rating: 1179 &rarr; <strong>1158<\/strong><br \/>(-21 for losing)\n|l|\u2606AceCoyoteNK\n","uploadtime":1699461550,"views":5,"p1id":"denvah17","p2id":"acecoyotenk","formatid":"gen9nationaldexdoubles","rating":1158,"private":0,"password":""}