{"id":"gen9nationaldexdoubles-1997388549","p1":"CATVN112012","p2":"fumbari 24","format":"[Gen 9] National Dex Doubles","log":"|j|\u2606CATVN112012\n|j|\u2606fumbari 24\n|t:|1700797710\n|gametype|doubles\n|player|p1|CATVN112012|swimmerf-gen4|1145\n|player|p2|fumbari 24|hilbert|1193\n|teamsize|p1|6\n|teamsize|p2|6\n|gen|9\n|tier|[Gen 9] National Dex Doubles\n|rated|\n|rule|HP Percentage Mod: HP is shown in percentages\n|rule|Endless Battle Clause: Forcing endless battles is banned\n|rule|OHKO Clause: OHKO moves are banned\n|rule|Evasion Moves Clause: Evasion moves are banned\n|rule|Evasion Abilities Clause: Evasion abilities are banned\n|rule|Species Clause: Limit one of each Pok\u00e9mon\n|rule|Gravity Sleep Clause: The combination of sleep-inducing moves with imperfect accuracy and Gravity or Gigantamax Orbeetle are banned\n|clearpoke\n|poke|p1|Rillaboom, F|\n|poke|p1|Urshifu-*, F|\n|poke|p1|Incineroar, M|\n|poke|p1|Amoonguss, M|\n|poke|p1|Palafin, F|\n|poke|p1|Ferrothorn, M|\n|poke|p2|Ninetales, F|\n|poke|p2|Darmanitan, M|\n|poke|p2|Heatran, M|\n|poke|p2|Scovillain, F|\n|poke|p2|Stonjourner, M|\n|poke|p2|Arcanine-Hisui, M|\n|teampreview\n|\n|t:|1700797719\n|start\n|switch|p1a: Rillaboom|Rillaboom, F|100\/100\n|switch|p1b: Palafin|Palafin, F|100\/100\n|switch|p2a: Ninetales|Ninetales, F|100\/100\n|switch|p2b: Heatran|Heatran, M|100\/100\n|-weather|SunnyDay|[from] ability: Drought|[of] p2a: Ninetales\n|-fieldstart|move: Grassy Terrain|[from] ability: Grassy Surge|[of] p1a: Rillaboom\n|turn|1\n|inactive|Battle timer is ON: inactive players will automatically lose when time's up. (requested by fumbari 24)\n|\n|t:|1700797741\n|detailschange|p1b: Palafin|Palafin-Hero, F\n|switch|p1b: Urshifu|Urshifu-Rapid-Strike, F|100\/100\n|move|p1a: Rillaboom|Fake Out|p2b: Heatran\n|-resisted|p2b: Heatran\n|-damage|p2b: Heatran|94\/100\n|cant|p2b: Heatran|flinch\n|move|p2a: Ninetales|Will-O-Wisp|p1a: Rillaboom\n|-status|p1a: Rillaboom|brn\n|\n|-weather|SunnyDay|[upkeep]\n|-heal|p2b: Heatran|100\/100|[from] Grassy Terrain\n|-damage|p1a: Rillaboom|94\/100 brn|[from] brn\n|upkeep\n|turn|2\n|\n|t:|1700797762\n|switch|p1a: Palafin|Palafin-Hero, F|100\/100\n|-activate|p1a: Palafin|ability: Zero to Hero\n|-terastallize|p2b: Heatran|Grass\n|move|p1b: Urshifu|Substitute|p1b: Urshifu\n|-start|p1b: Urshifu|Substitute\n|-damage|p1b: Urshifu|76\/100\n|move|p2b: Heatran|Substitute|p2b: Heatran\n|-start|p2b: Heatran|Substitute\n|-damage|p2b: Heatran|75\/100\n|move|p2a: Ninetales|Will-O-Wisp||[still]\n|-fail|p2a: Ninetales\n|\n|-weather|SunnyDay|[upkeep]\n|-heal|p1b: Urshifu|82\/100|[from] Grassy Terrain\n|-heal|p2b: Heatran|82\/100|[from] Grassy Terrain\n|-heal|p2b: Heatran|88\/100|[from] item: Leftovers\n|upkeep\n|turn|3\n|\n|t:|1700797784\n|move|p1a: Palafin|Jet Punch|p2a: Ninetales\n|-supereffective|p2a: Ninetales\n|-damage|p2a: Ninetales|53\/100\n|move|p1b: Urshifu|Swords Dance|p1b: Urshifu\n|-boost|p1b: Urshifu|atk|2\n|move|p2b: Heatran|Magma Storm|p1a: Palafin|[miss]\n|-miss|p2b: Heatran|p1a: Palafin\n|move|p2a: Ninetales|Roar|p1b: Urshifu\n|drag|p1b: Ferrothorn|Ferrothorn, M|100\/100\n|\n|-weather|SunnyDay|[upkeep]\n|-heal|p2b: Heatran|94\/100|[from] Grassy Terrain\n|-heal|p2b: Heatran|99\/100|[from] item: Leftovers\n|-heal|p2a: Ninetales|59\/100|[from] Grassy Terrain\n|upkeep\n|turn|4\n|\n|t:|1700797806\n|switch|p1b: Urshifu|Urshifu-Rapid-Strike, F|82\/100\n|move|p1a: Palafin|Jet Punch|p2a: Ninetales\n|-supereffective|p2a: Ninetales\n|-damage|p2a: Ninetales|17\/100\n|move|p2b: Heatran|Magma Storm|p1b: Urshifu\n|-resisted|p1b: Urshifu\n|-damage|p1b: Urshifu|28\/100\n|-activate|p1b: Urshifu|move: Magma Storm|[of] p2b: Heatran\n|move|p2a: Ninetales|Will-O-Wisp|p1a: Palafin\n|-status|p1a: Palafin|brn\n|\n|-weather|SunnyDay|[upkeep]\n|-heal|p1b: Urshifu|35\/100|[from] Grassy Terrain\n|-heal|p2b: Heatran|100\/100|[from] Grassy Terrain\n|-heal|p2a: Ninetales|23\/100|[from] Grassy Terrain\n|-damage|p1a: Palafin|94\/100 brn|[from] brn\n|-damage|p1b: Urshifu|22\/100|[from] move: Magma Storm|[partiallytrapped]\n|upkeep\n|turn|5\n|\n|t:|1700797833\n|switch|p2a: Scovillain|Scovillain, F|100\/100\n|move|p1a: Palafin|Ice Punch|p2b: Heatran\n|-supereffective|p2b: Heatran\n|-end|p2b: Heatran|Substitute\n|move|p1b: Urshifu|Surging Strikes|p2a: Scovillain\n|-crit|p2a: Scovillain\n|-damage|p2a: Scovillain|84\/100\n|-crit|p2a: Scovillain\n|-damage|p2a: Scovillain|68\/100\n|-crit|p2a: Scovillain\n|-damage|p2a: Scovillain|54\/100\n|-hitcount|p2a: Scovillain|3\n|move|p2b: Heatran|Magma Storm|p1a: Palafin|[miss]\n|-miss|p2b: Heatran|p1a: Palafin\n|\n|-weather|none\n|-heal|p2a: Scovillain|60\/100|[from] Grassy Terrain\n|-heal|p1a: Palafin|100\/100 brn|[from] Grassy Terrain\n|-heal|p1b: Urshifu|28\/100|[from] Grassy Terrain\n|-damage|p1a: Palafin|94\/100 brn|[from] brn\n|-damage|p1b: Urshifu|16\/100|[from] move: Magma Storm|[partiallytrapped]\n|-fieldend|move: Grassy Terrain\n|upkeep\n|turn|6\n|\n|t:|1700797861\n|move|p1a: Palafin|Ice Punch|p2b: Heatran\n|-supereffective|p2b: Heatran\n|-damage|p2b: Heatran|70\/100\n|move|p1b: Urshifu|Drain Punch|p2a: Scovillain\n|-damage|p2a: Scovillain|2\/100\n|-heal|p1b: Urshifu|40\/100|[from] drain|[of] p2a: Scovillain\n|move|p2b: Heatran|Earth Power|p1b: Urshifu\n|-damage|p1b: Urshifu|0 fnt\n|faint|p1b: Urshifu\n|move|p2a: Scovillain|Grass Knot|p1a: Palafin\n|-supereffective|p1a: Palafin\n|-damage|p1a: Palafin|25\/100 brn\n|\n|-heal|p2b: Heatran|76\/100|[from] item: Leftovers\n|-damage|p1a: Palafin|19\/100 brn|[from] brn\n|upkeep\n|inactive|CATVN112012 has 120 seconds left.\n|\n|t:|1700797878\n|switch|p1b: Incineroar|Incineroar, M, shiny|100\/100\n|-ability|p1b: Incineroar|Intimidate|boost\n|-unboost|p2a: Scovillain|atk|1\n|-unboost|p2b: Heatran|atk|1\n|turn|7\n|inactive|CATVN112012 has 120 seconds left.\n|\n|t:|1700797898\n|switch|p2a: Ninetales|Ninetales, F|23\/100\n|-weather|SunnyDay|[from] ability: Drought|[of] p2a: Ninetales\n|move|p1b: Incineroar|Fake Out|p2b: Heatran\n|-damage|p2b: Heatran|67\/100\n|move|p1a: Palafin|Ice Punch|p2b: Heatran\n|-supereffective|p2b: Heatran\n|-damage|p2b: Heatran|37\/100\n|cant|p2b: Heatran|flinch\n|\n|-weather|SunnyDay|[upkeep]\n|-heal|p2b: Heatran|43\/100|[from] item: Leftovers\n|-damage|p1a: Palafin|13\/100 brn|[from] brn\n|upkeep\n|turn|8\n|\n|t:|1700797916\n|move|p1a: Palafin|Jet Punch|p2b: Heatran\n|-resisted|p2b: Heatran\n|-crit|p2b: Heatran\n|-damage|p2b: Heatran|37\/100\n|move|p2b: Heatran|Substitute|p2b: Heatran\n|-start|p2b: Heatran|Substitute\n|-damage|p2b: Heatran|12\/100\n|move|p2a: Ninetales|Heat Wave|p1a: Palafin|[spread] p1a,p1b\n|-resisted|p1a: Palafin\n|-resisted|p1b: Incineroar\n|-damage|p1a: Palafin|0 fnt\n|-damage|p1b: Incineroar|86\/100\n|faint|p1a: Palafin\n|move|p1b: Incineroar|Flare Blitz|p2b: Heatran\n|-start|p2b: Heatran|ability: Flash Fire\n|\n|-weather|SunnyDay|[upkeep]\n|-heal|p2b: Heatran|18\/100|[from] item: Leftovers\n|upkeep\n|inactive|CATVN112012 has 120 seconds left.\n|\n|t:|1700797938\n|switch|p1a: Amoonguss|Amoonguss, M|100\/100\n|turn|9\n|-message|CATVN112012 forfeited.\n|\n|win|fumbari 24\n|raw|CATVN112012's rating: 1145 &rarr; <strong>1123<\/strong><br \/>(-22 for losing)\n|raw|fumbari 24's rating: 1193 &rarr; <strong>1215<\/strong><br \/>(+22 for winning)\n|l|\u2606CATVN112012\n","uploadtime":1700797961,"views":3,"p1id":"catvn112012","p2id":"fumbari24","formatid":"gen9nationaldexdoubles","rating":1123,"private":0,"password":""}