{"id":"gen9nationaldexdoubles-1996408194","p1":"fumbari 24","p2":"Charquirsur","format":"[Gen 9] National Dex Doubles","log":"|j|\u2606fumbari 24\n|j|\u2606Charquirsur\n|t:|1700679157\n|gametype|doubles\n|player|p1|fumbari 24|hilbert|1206\n|player|p2|Charquirsur|102|1125\n|teamsize|p1|6\n|teamsize|p2|6\n|gen|9\n|tier|[Gen 9] National Dex Doubles\n|rated|\n|rule|HP Percentage Mod: HP is shown in percentages\n|rule|Endless Battle Clause: Forcing endless battles is banned\n|rule|OHKO Clause: OHKO moves are banned\n|rule|Evasion Moves Clause: Evasion moves are banned\n|rule|Evasion Abilities Clause: Evasion abilities are banned\n|rule|Species Clause: Limit one of each Pok\u00e9mon\n|rule|Gravity Sleep Clause: The combination of sleep-inducing moves with imperfect accuracy and Gravity or Gigantamax Orbeetle are banned\n|clearpoke\n|poke|p1|Baxcalibur, M|\n|poke|p1|Maushold|\n|poke|p1|Dipplin, F|\n|poke|p1|Abomasnow, M|\n|poke|p1|Cramorant, M|\n|poke|p1|Wigglytuff, F|\n|poke|p2|Incineroar, M|\n|poke|p2|Amoonguss, F|\n|poke|p2|Landorus-Therian, M|\n|poke|p2|Flutter Mane|\n|poke|p2|Farigiraf, F|\n|poke|p2|Kingambit, F|\n|teampreview\n|inactive|Battle timer is ON: inactive players will automatically lose when time's up. (requested by Charquirsur)\n|\n|t:|1700679182\n|start\n|switch|p1a: Wigglytuff|Wigglytuff, F|100\/100\n|switch|p1b: Cramorant|Cramorant, M|100\/100\n|switch|p2a: Incineroar|Incineroar, M|100\/100\n|switch|p2b: Landorus|Landorus-Therian, M|100\/100\n|-ability|p2b: Landorus|Intimidate|boost\n|-unboost|p1a: Wigglytuff|atk|1\n|-ability|p1a: Wigglytuff|Competitive|boost\n|-boost|p1a: Wigglytuff|spa|2\n|-unboost|p1b: Cramorant|atk|1\n|-ability|p2a: Incineroar|Intimidate|boost\n|-unboost|p1a: Wigglytuff|atk|1\n|-ability|p1a: Wigglytuff|Competitive|boost\n|-boost|p1a: Wigglytuff|spa|2\n|-unboost|p1b: Cramorant|atk|1\n|turn|1\n|\n|t:|1700679200\n|move|p2a: Incineroar|Fake Out|p1b: Cramorant\n|-crit|p1b: Cramorant\n|-damage|p1b: Cramorant|80\/100\n|move|p2b: Landorus|Rock Slide|p1b: Cramorant|[spread] p1a,p1b\n|-supereffective|p1b: Cramorant\n|-damage|p1a: Wigglytuff|78\/100\n|-damage|p1b: Cramorant|31\/100\n|cant|p1b: Cramorant|flinch\n|move|p1a: Wigglytuff|Chilling Water|p2b: Landorus\n|-supereffective|p2b: Landorus\n|-damage|p2b: Landorus|0 fnt\n|faint|p2b: Landorus\n|\n|-heal|p1b: Cramorant|37\/100|[from] item: Leftovers\n|upkeep\n|\n|t:|1700679219\n|switch|p2b: Amoonguss|Amoonguss, F|100\/100\n|turn|2\n|\n|t:|1700679231\n|move|p2b: Amoonguss|Rage Powder|p2b: Amoonguss\n|-singleturn|p2b: Amoonguss|move: Rage Powder\n|move|p1b: Cramorant|Dive||[still]\n|-formechange|p1b: Cramorant|Cramorant-Gorging|\n|-prepare|p1b: Cramorant|Dive\n|move|p2a: Incineroar|Flare Blitz|p1a: Wigglytuff\n|-damage|p1a: Wigglytuff|17\/100\n|-damage|p2a: Incineroar|74\/100|[from] Recoil\n|move|p1a: Wigglytuff|Hyper Voice|p2a: Incineroar|[spread] p2a,p2b\n|-crit|p2a: Incineroar\n|-damage|p2a: Incineroar|0 fnt\n|-damage|p2b: Amoonguss|50\/100\n|faint|p2a: Incineroar\n|\n|-heal|p1b: Cramorant|44\/100|[from] item: Leftovers\n|-heal|p2b: Amoonguss|57\/100|[from] item: Black Sludge\n|upkeep\n|\n|t:|1700679246\n|switch|p2a: Flutter Mane|Flutter Mane|100\/100\n|-enditem|p2a: Flutter Mane|Booster Energy\n|-activate|p2a: Flutter Mane|ability: Protosynthesis|[fromitem]\n|-start|p2a: Flutter Mane|protosynthesisspa\n|turn|3\n|\n|t:|1700679273\n|move|p2b: Amoonguss|Rage Powder|p2b: Amoonguss\n|-singleturn|p2b: Amoonguss|move: Rage Powder\n|move|p2a: Flutter Mane|Thunderbolt|p1a: Wigglytuff\n|-damage|p1a: Wigglytuff|0 fnt\n|faint|p1a: Wigglytuff\n|move|p1b: Cramorant|Dive|p2b: Amoonguss|[from]lockedmove\n|-resisted|p2b: Amoonguss\n|-damage|p2b: Amoonguss|50\/100\n|\n|-heal|p1b: Cramorant|50\/100|[from] item: Leftovers\n|-heal|p2b: Amoonguss|56\/100|[from] item: Black Sludge\n|upkeep\n|\n|t:|1700679288\n|switch|p1a: Abomasnow|Abomasnow, M|100\/100\n|-weather|Snow|[from] ability: Snow Warning|[of] p1a: Abomasnow\n|turn|4\n|\n|t:|1700679309\n|detailschange|p1a: Abomasnow|Abomasnow-Mega, M\n|-mega|p1a: Abomasnow|Abomasnow|Abomasite\n|move|p1b: Cramorant|Protect|p1b: Cramorant\n|-singleturn|p1b: Cramorant|Protect\n|move|p2b: Amoonguss|Protect|p2b: Amoonguss\n|-singleturn|p2b: Amoonguss|Protect\n|move|p2a: Flutter Mane|Mystical Fire|p1a: Abomasnow\n|-supereffective|p1a: Abomasnow\n|-damage|p1a: Abomasnow|0 fnt\n|faint|p1a: Abomasnow\n|\n|-weather|Snow|[upkeep]\n|-heal|p1b: Cramorant|56\/100|[from] item: Leftovers\n|-heal|p2b: Amoonguss|63\/100|[from] item: Black Sludge\n|upkeep\n|\n|t:|1700679322\n|switch|p1a: Maushold|Maushold|100\/100\n|turn|5\n|\n|t:|1700679334\n|move|p2a: Flutter Mane|Moonblast|p1a: Maushold\n|-damage|p1a: Maushold|28\/100\n|-enditem|p1a: Maushold|Sitrus Berry|[eat]\n|-heal|p1a: Maushold|53\/100|[from] item: Sitrus Berry\n|move|p1a: Maushold|Encore|p2b: Amoonguss\n|-start|p2b: Amoonguss|Encore\n|move|p1b: Cramorant|Icy Wind|p2a: Flutter Mane|[spread] p2a,p2b\n|-supereffective|p2b: Amoonguss\n|-damage|p2a: Flutter Mane|92\/100\n|-damage|p2b: Amoonguss|52\/100\n|-unboost|p2a: Flutter Mane|spe|1\n|-unboost|p2b: Amoonguss|spe|1\n|move|p2b: Amoonguss|Protect||[still]\n|-fail|p2b: Amoonguss\n|\n|-weather|Snow|[upkeep]\n|-heal|p1b: Cramorant|62\/100|[from] item: Leftovers\n|-heal|p2b: Amoonguss|58\/100|[from] item: Black Sludge\n|upkeep\n|turn|6\n|\n|t:|1700679361\n|switch|p2b: Farigiraf|Farigiraf, F|100\/100\n|move|p1a: Maushold|Follow Me|p1a: Maushold\n|-singleturn|p1a: Maushold|move: Follow Me\n|move|p2a: Flutter Mane|Moonblast|p1a: Maushold\n|-damage|p1a: Maushold|0 fnt\n|faint|p1a: Maushold\n|move|p1b: Cramorant|Icy Wind|p2a: Flutter Mane|[spread] p2a\n|-miss|p1b: Cramorant|p2b: Farigiraf\n|-crit|p2a: Flutter Mane\n|-damage|p2a: Flutter Mane|80\/100\n|-unboost|p2a: Flutter Mane|spe|1\n|\n|-weather|Snow|[upkeep]\n|-heal|p1b: Cramorant|68\/100|[from] item: Leftovers\n|upkeep\n|\n|t:|1700679369\n|switch|p1a: Baxcalibur|Baxcalibur, M|100\/100\n|turn|7\n|\n|t:|1700679384\n|-end|p2a: Flutter Mane|Protosynthesis|[silent]\n|switch|p2a: Kingambit|Kingambit, F|100\/100\n|-activate|p2a: Kingambit|ability: Supreme Overlord\n|-start|p2a: Kingambit|fallen2|[silent]\n|move|p1a: Baxcalibur|Swords Dance|p1a: Baxcalibur\n|-boost|p1a: Baxcalibur|atk|2\n|move|p1b: Cramorant|Dive||[still]\n|-prepare|p1b: Cramorant|Dive\n|move|p2b: Farigiraf|Reflect|p2b: Farigiraf\n|-sidestart|p2: Charquirsur|Reflect\n|\n|-weather|Snow|[upkeep]\n|-heal|p1b: Cramorant|74\/100|[from] item: Leftovers\n|upkeep\n|turn|8\n|inactive|Charquirsur has 120 seconds left.\n|\n|t:|1700679418\n|move|p1a: Baxcalibur|Protect|p1a: Baxcalibur\n|-singleturn|p1a: Baxcalibur|Protect\n|move|p2a: Kingambit|Sucker Punch||[still]\n|-fail|p2a: Kingambit\n|move|p1b: Cramorant|Dive|p2a: Kingambit|[from]lockedmove\n|-damage|p2a: Kingambit|95\/100\n|move|p2b: Farigiraf|Thunder Wave|p1a: Baxcalibur\n|-activate|p1a: Baxcalibur|move: Protect\n|\n|-weather|none\n|-heal|p1b: Cramorant|80\/100|[from] item: Leftovers\n|upkeep\n|turn|9\n|\n|t:|1700679436\n|move|p2a: Kingambit|Sucker Punch||[still]\n|-fail|p2a: Kingambit\n|move|p1a: Baxcalibur|Swords Dance|p1a: Baxcalibur\n|-boost|p1a: Baxcalibur|atk|2\n|move|p1b: Cramorant|Feather Dance|p2a: Kingambit\n|-unboost|p2a: Kingambit|atk|2\n|move|p2b: Farigiraf|Thunder Wave|p1b: Cramorant\n|-status|p1b: Cramorant|par\n|\n|-heal|p1b: Cramorant|86\/100 par|[from] item: Leftovers\n|upkeep\n|turn|10\n|\n|t:|1700679461\n|-end|p2a: Kingambit|fallen2|[silent]\n|switch|p2a: Flutter Mane|Flutter Mane|80\/100\n|-terastallize|p1a: Baxcalibur|Dragon\n|move|p1a: Baxcalibur|Glaive Rush|p2b: Farigiraf\n|-damage|p2b: Farigiraf|0 fnt\n|-singlemove|p1a: Baxcalibur|Glaive Rush|[silent]\n|faint|p2b: Farigiraf\n|move|p1b: Cramorant|Feather Dance|p2a: Flutter Mane\n|-unboost|p2a: Flutter Mane|atk|2\n|\n|-heal|p1b: Cramorant|92\/100 par|[from] item: Leftovers\n|upkeep\n|\n|t:|1700679473\n|switch|p2b: Kingambit|Kingambit, F|95\/100\n|-activate|p2b: Kingambit|ability: Supreme Overlord\n|-start|p2b: Kingambit|fallen3|[silent]\n|turn|11\n|\n|t:|1700679491\n|move|p1a: Baxcalibur|Protect|p1a: Baxcalibur\n|-singleturn|p1a: Baxcalibur|Protect\n|move|p2a: Flutter Mane|Moonblast|p1a: Baxcalibur\n|-activate|p1a: Baxcalibur|move: Protect\n|move|p2b: Kingambit|Kowtow Cleave|p1b: Cramorant\n|-damage|p1b: Cramorant|0 fnt\n|-damage|p2b: Kingambit|70\/100|[from] ability: Gulp Missile|[of] p1b: Cramorant\n|-status|p2b: Kingambit|par\n|-formechange|p1b: Cramorant|Cramorant|\n|faint|p1b: Cramorant\n|\n|-sideend|p2: Charquirsur|Reflect\n|upkeep\n|\n|t:|1700679506\n|switch|p1b: Dipplin|Dipplin, F|100\/100\n|-ability|p1b: Dipplin|Supersweet Syrup\n|-ability|p1b: Dipplin|Supersweet Syrup|boost\n|-unboost|p2a: Flutter Mane|evasion|1\n|-unboost|p2b: Kingambit|evasion|1\n|turn|12\n|\n|t:|1700679518\n|move|p1a: Baxcalibur|Ice Shard|p2a: Flutter Mane\n|-damage|p2a: Flutter Mane|0 fnt\n|faint|p2a: Flutter Mane\n|-end|p2a: Flutter Mane|Protosynthesis|[silent]\n|move|p1b: Dipplin|Infestation|p2b: Kingambit\n|-damage|p2b: Kingambit|64\/100 par\n|-activate|p2b: Kingambit|move: Infestation|[of] p1b: Dipplin\n|move|p2b: Kingambit|Kowtow Cleave|p1b: Dipplin\n|-damage|p1b: Dipplin|47\/100\n|\n|-damage|p2b: Kingambit|52\/100 par|[from] move: Infestation|[partiallytrapped]\n|upkeep\n|\n|t:|1700679529\n|switch|p2a: Amoonguss|Amoonguss, F|91\/100\n|turn|13\n|\n|t:|1700679545\n|move|p2a: Amoonguss|Protect|p2a: Amoonguss\n|-singleturn|p2a: Amoonguss|Protect\n|move|p1a: Baxcalibur|Glaive Rush|p2b: Kingambit\n|-resisted|p2b: Kingambit\n|-damage|p2b: Kingambit|0 fnt\n|-singlemove|p1a: Baxcalibur|Glaive Rush|[silent]\n|faint|p2b: Kingambit\n|-end|p2b: Kingambit|fallen3|[silent]\n|move|p1b: Dipplin|Recover|p1b: Dipplin\n|-heal|p1b: Dipplin|97\/100\n|\n|-heal|p2a: Amoonguss|98\/100|[from] item: Black Sludge\n|upkeep\n|turn|14\n|l|\u2606Charquirsur\n|inactive|Charquirsur disconnected and has a minute to reconnect!\n|player|p2|\n|inactive|Charquirsur has 30 seconds to reconnect!\n|inactive|Charquirsur has 20 seconds to reconnect!\n|inactive|Charquirsur has 15 seconds to reconnect!\n|inactive|Charquirsur has 10 seconds to reconnect!\n|inactive|Charquirsur has 5 seconds to reconnect!\n|-message|Charquirsur lost due to inactivity.\n|\n|win|fumbari 24\n|raw|fumbari 24's rating: 1206 &rarr; <strong>1225<\/strong><br \/>(+19 for winning)\n|raw|Charquirsur's rating: 1125 &rarr; <strong>1106<\/strong><br \/>(-19 for losing)\n","uploadtime":1700679619,"views":7,"p1id":"fumbari24","p2id":"charquirsur","formatid":"gen9nationaldexdoubles","rating":1106,"private":0,"password":""}