{"id":"gen9nationaldexdoubles-1991671480","p1":"Maybebetterthanu","p2":"Beast of Moonlight","format":"[Gen 9] National Dex Doubles","log":"|j|\u2606Maybebetterthanu\n|j|\u2606Beast of Moonlight\n|t:|1700100873\n|gametype|doubles\n|player|p1|Maybebetterthanu|1|\n|player|p2|Beast of Moonlight|riley|\n|teamsize|p1|6\n|teamsize|p2|6\n|gen|9\n|tier|[Gen 9] National Dex Doubles\n|rule|HP Percentage Mod: HP is shown in percentages\n|rule|Endless Battle Clause: Forcing endless battles is banned\n|rule|OHKO Clause: OHKO moves are banned\n|rule|Evasion Moves Clause: Evasion moves are banned\n|rule|Evasion Abilities Clause: Evasion abilities are banned\n|rule|Species Clause: Limit one of each Pok\u00e9mon\n|rule|Gravity Sleep Clause: The combination of sleep-inducing moves with imperfect accuracy and Gravity or Gigantamax Orbeetle are banned\n|clearpoke\n|poke|p1|Ribombee, M|\n|poke|p1|Hawlucha, M|\n|poke|p1|Murkrow, M|\n|poke|p1|Ogerpon-Cornerstone, F|\n|poke|p1|Porygon2|\n|poke|p1|Slowbro, M|\n|poke|p2|Manectric, M|\n|poke|p2|Ninetales-Alola, M|\n|poke|p2|Walrein, M|\n|poke|p2|Heatran, M|\n|poke|p2|Flygon, F|\n|poke|p2|Meowstic, M|\n|teampreview\n|j| Capt.Plat\n|l| Capt.Plat\n|j| imjustthatawsom\n|j| Krishy2007\n|j| Capt.Plat\n|\n|t:|1700100959\n|start\n|switch|p1a: Bushies|Ribombee, M|100\/100\n|switch|p1b: Pimp Jr.|Murkrow, M, shiny|100\/100\n|switch|p2a: Jester|Ninetales-Alola, M, shiny|100\/100\n|switch|p2b: RU Chomp|Flygon, F, shiny|100\/100\n|-weather|Snow|[from] ability: Snow Warning|[of] p2a: Jester\n|turn|1\n|\n|t:|1700100994\n|move|p1b: Pimp Jr.|Taunt|p2a: Jester\n|-start|p2a: Jester|move: Taunt\n|move|p2a: Jester|Blizzard|p1b: Pimp Jr.|[spread] p1a,p1b\n|-supereffective|p1b: Pimp Jr.\n|-damage|p1a: Bushies|45\/100\n|-damage|p1b: Pimp Jr.|52\/100\n|move|p1a: Bushies|Moonblast|p2b: RU Chomp\n|-supereffective|p2b: RU Chomp\n|-damage|p2b: RU Chomp|28\/100\n|-enditem|p2b: RU Chomp|Sitrus Berry|[eat]\n|-heal|p2b: RU Chomp|53\/100|[from] item: Sitrus Berry\n|move|p2b: RU Chomp|Tailwind|p2b: RU Chomp\n|-sidestart|p2: Beast of Moonlight|move: Tailwind\n|\n|-weather|Snow|[upkeep]\n|upkeep\n|turn|2\n|\n|t:|1700101031\n|switch|p2b: Hidden Power|Manectric, M, shiny|100\/100\n|switch|p1a: Goose God|Porygon2|100\/100\n|-ability|p1a: Goose God|Lightning Rod|[from] ability: Trace|[of] p2b: Hidden Power\n|move|p1b: Pimp Jr.|Tailwind|p1b: Pimp Jr.\n|-sidestart|p1: Maybebetterthanu|move: Tailwind\n|move|p2a: Jester|Blizzard|p1a: Goose God|[spread] p1a,p1b\n|-supereffective|p1b: Pimp Jr.\n|-damage|p1a: Goose God|83\/100\n|-damage|p1b: Pimp Jr.|1\/100\n|\n|-weather|Snow|[upkeep]\n|upkeep\n|turn|3\n|l| Capt.Plat\n|j| Capt.Plat\n|\n|t:|1700101124\n|switch|p2b: Elyk|Meowstic, M|100\/100\n|move|p2a: Jester|Blizzard|p1b: Pimp Jr.|[spread] p1a,p1b\n|-supereffective|p1b: Pimp Jr.\n|-damage|p1a: Goose God|64\/100\n|-damage|p1b: Pimp Jr.|0 fnt\n|faint|p1b: Pimp Jr.\n|move|p1a: Goose God|Ice Beam|p2b: Elyk\n|-damage|p2b: Elyk|83\/100\n|\n|-weather|Snow|[upkeep]\n|-end|p2a: Jester|move: Taunt\n|upkeep\n|\n|t:|1700101147\n|switch|p1b: Squawk Hard|Hawlucha, M, shiny|100\/100\n|turn|4\n|l| Capt.Plat\n|\n|t:|1700101185\n|move|p2b: Elyk|Trick|p1b: Squawk Hard\n|-activate|p2b: Elyk|move: Trick|[of] p1b: Squawk Hard\n|-item|p1b: Squawk Hard|Lagging Tail|[from] move: Trick\n|-item|p2b: Elyk|Yache Berry|[from] move: Trick\n|move|p2a: Jester|Blizzard|p1b: Squawk Hard|[spread] p1a,p1b\n|-supereffective|p1b: Squawk Hard\n|-damage|p1a: Goose God|48\/100\n|-damage|p1b: Squawk Hard|0 fnt\n|faint|p1b: Squawk Hard\n|move|p1a: Goose God|Recover|p1a: Goose God\n|-heal|p1a: Goose God|98\/100\n|\n|-weather|Snow|[upkeep]\n|-sideend|p2: Beast of Moonlight|move: Tailwind\n|upkeep\n|c|\u2606Beast of Moonlight|POT\n|\n|t:|1700101214\n|switch|p1b: Bushies|Ribombee, M|45\/100\n|turn|5\n|\n|t:|1700101242\n|move|p2b: Elyk|Trick|p1a: Goose God\n|-activate|p2b: Elyk|move: Trick|[of] p1a: Goose God\n|-item|p1a: Goose God|Yache Berry|[from] move: Trick\n|-item|p2b: Elyk|Eviolite|[from] move: Trick\n|move|p1b: Bushies|Sticky Web|p2a: Jester\n|-sidestart|p2: Beast of Moonlight|move: Sticky Web\n|move|p2a: Jester|Blizzard|p1b: Bushies|[spread] p1a,p1b\n|-damage|p1a: Goose God|72\/100\n|-damage|p1b: Bushies|0 fnt\n|faint|p1b: Bushies\n|move|p1a: Goose God|Toxic|p2a: Jester\n|-status|p2a: Jester|tox\n|\n|-weather|none\n|-damage|p2a: Jester|95\/100 tox|[from] psn\n|-sideend|p1: Maybebetterthanu|move: Tailwind\n|upkeep\n|\n|t:|1700101253\n|switch|p1b: ZUBUDUWA!|Ogerpon-Cornerstone, F|100\/100\n|turn|6\n|\n|t:|1700101276\n|switch|p2a: CookiesInOven|Heatran, M, shiny|100\/100\n|-activate|p2a: CookiesInOven|move: Sticky Web\n|-unboost|p2a: CookiesInOven|spe|1\n|move|p1b: ZUBUDUWA!|Spiky Shield|p1b: ZUBUDUWA!\n|-singleturn|p1b: ZUBUDUWA!|move: Protect\n|move|p1a: Goose God|Recover|p1a: Goose God\n|-heal|p1a: Goose God|100\/100\n|move|p2b: Elyk|Trick Room|p2b: Elyk\n|-fieldstart|move: Trick Room|[of] p2b: Elyk\n|\n|upkeep\n|turn|7\n|c| Krishy2007|Yache berry Meowstic! \ud83d\udd25\ud83d\udd25\ud83d\udd25\n|\n|t:|1700101314\n|move|p2b: Elyk|Trick||[still]\n|-fail|p2b: Elyk\n|move|p2a: CookiesInOven|Will-O-Wisp|p1b: ZUBUDUWA!\n|-status|p1b: ZUBUDUWA!|brn\n|move|p1a: Goose God|Ice Beam|p2b: Elyk\n|-damage|p2b: Elyk|66\/100\n|move|p1b: ZUBUDUWA!|Stomping Tantrum|p2a: CookiesInOven\n|-supereffective|p2a: CookiesInOven\n|-damage|p2a: CookiesInOven|58\/100\n|-enditem|p2a: CookiesInOven|Weakness Policy\n|-boost|p2a: CookiesInOven|atk|2|[from] item: Weakness Policy\n|-boost|p2a: CookiesInOven|spa|2|[from] item: Weakness Policy\n|\n|-damage|p1b: ZUBUDUWA!|95\/100 brn|[from] brn\n|upkeep\n|turn|8\n|\n|t:|1700101375\n|move|p2b: Elyk|Charm|p1b: ZUBUDUWA!\n|-unboost|p1b: ZUBUDUWA!|atk|2\n|move|p2a: CookiesInOven|Heat Wave|p1b: ZUBUDUWA!|[spread] p1a,p1b\n|-damage|p1a: Goose God|39\/100\n|-damage|p1b: ZUBUDUWA!|18\/100 brn\n|move|p1a: Goose God|Toxic|p2b: Elyk\n|-status|p2b: Elyk|tox\n|move|p1b: ZUBUDUWA!|Swords Dance|p1b: ZUBUDUWA!\n|-boost|p1b: ZUBUDUWA!|atk|2\n|\n|-damage|p2b: Elyk|60\/100 tox|[from] psn\n|-damage|p1b: ZUBUDUWA!|12\/100 brn|[from] brn\n|upkeep\n|turn|9\n|\n|t:|1700101396\n|move|p1b: ZUBUDUWA!|Spiky Shield|p1b: ZUBUDUWA!\n|-singleturn|p1b: ZUBUDUWA!|move: Protect\n|move|p2a: CookiesInOven|Heat Wave|p1a: Goose God|[spread] p1a\n|-activate|p1b: ZUBUDUWA!|move: Protect\n|-damage|p1a: Goose God|0 fnt\n|faint|p1a: Goose God\n|move|p2b: Elyk|Psychic|p1b: ZUBUDUWA!\n|-activate|p1b: ZUBUDUWA!|move: Protect\n|\n|-damage|p2b: Elyk|48\/100 tox|[from] psn\n|-damage|p1b: ZUBUDUWA!|6\/100 brn|[from] brn\n|upkeep\n|\n|t:|1700101404\n|switch|p1a: Dial Up|Slowbro, M|100\/100\n|turn|10\n|c| Krishy2007|Slowbro Sweep?\n|\n|t:|1700101431\n|detailschange|p1a: Dial Up|Slowbro-Mega, M\n|-mega|p1a: Dial Up|Slowbro|Slowbronite\n|move|p1b: ZUBUDUWA!|Spiky Shield||[still]\n|-fail|p1b: ZUBUDUWA!\n|move|p1a: Dial Up|Scald|p2a: CookiesInOven\n|-supereffective|p2a: CookiesInOven\n|-damage|p2a: CookiesInOven|0 fnt\n|faint|p2a: CookiesInOven\n|move|p2b: Elyk|Psychic|p1a: Dial Up\n|-resisted|p1a: Dial Up\n|-damage|p1a: Dial Up|88\/100\n|\n|-damage|p2b: Elyk|30\/100 tox|[from] psn\n|-damage|p1b: ZUBUDUWA!|0 fnt|[from] brn\n|faint|p1b: ZUBUDUWA!\n|-fieldend|move: Trick Room\n|upkeep\n|\n|t:|1700101445\n|switch|p2a: Kick Proof|Walrein, M|100\/100\n|-activate|p2a: Kick Proof|move: Sticky Web\n|-unboost|p2a: Kick Proof|spe|1\n|turn|11\n|\n|t:|1700101458\n|move|p2a: Kick Proof|Toxic|p1a: Dial Up\n|-status|p1a: Dial Up|tox\n|move|p1a: Dial Up|Psyshock|p2a: Kick Proof\n|-damage|p2a: Kick Proof|80\/100\n|move|p2b: Elyk|Trick Room|p2b: Elyk\n|-fieldstart|move: Trick Room|[of] p2b: Elyk\n|\n|-heal|p2a: Kick Proof|86\/100|[from] item: Leftovers\n|-damage|p1a: Dial Up|81\/100 tox|[from] psn\n|-damage|p2b: Elyk|6\/100 tox|[from] psn\n|upkeep\n|turn|12\n|\n|t:|1700101473\n|switch|p2b: Jester|Ninetales-Alola, M, shiny|95\/100 tox\n|-activate|p2b: Jester|move: Sticky Web\n|-unboost|p2b: Jester|spe|1\n|-weather|Snow|[from] ability: Snow Warning|[of] p2b: Jester\n|move|p1a: Dial Up|Scald|p2a: Kick Proof\n|-resisted|p2a: Kick Proof\n|-damage|p2a: Kick Proof|72\/100\n|move|p2a: Kick Proof|Stockpile|p2a: Kick Proof\n|-start|p2a: Kick Proof|stockpile1\n|-boost|p2a: Kick Proof|def|1\n|-boost|p2a: Kick Proof|spd|1\n|\n|-weather|Snow|[upkeep]\n|-heal|p2a: Kick Proof|78\/100|[from] item: Leftovers\n|-damage|p1a: Dial Up|69\/100 tox|[from] psn\n|-damage|p2b: Jester|89\/100 tox|[from] psn\n|upkeep\n|turn|13\n|j| wkx6v587\n|\n|t:|1700101491\n|move|p1a: Dial Up|Scald|p2b: Jester\n|-damage|p2b: Jester|51\/100 tox\n|move|p2a: Kick Proof|Stockpile|p2a: Kick Proof\n|-start|p2a: Kick Proof|stockpile2\n|-boost|p2a: Kick Proof|def|1\n|-boost|p2a: Kick Proof|spd|1\n|move|p2b: Jester|Aurora Veil|p2b: Jester\n|-sidestart|p2: Beast of Moonlight|move: Aurora Veil\n|\n|-weather|Snow|[upkeep]\n|-heal|p2a: Kick Proof|84\/100|[from] item: Leftovers\n|-damage|p1a: Dial Up|51\/100 tox|[from] psn\n|-damage|p2b: Jester|39\/100 tox|[from] psn\n|upkeep\n|turn|14\n|\n|t:|1700101506\n|switch|p2b: RU Chomp|Flygon, F, shiny|53\/100\n|move|p1a: Dial Up|Scald|p2b: RU Chomp\n|-damage|p2b: RU Chomp|32\/100\n|move|p2a: Kick Proof|Stockpile|p2a: Kick Proof\n|-start|p2a: Kick Proof|stockpile3\n|-boost|p2a: Kick Proof|def|1\n|-boost|p2a: Kick Proof|spd|1\n|\n|-weather|Snow|[upkeep]\n|-heal|p2a: Kick Proof|90\/100|[from] item: Leftovers\n|-damage|p1a: Dial Up|27\/100 tox|[from] psn\n|upkeep\n|turn|15\n|l| wkx6v587\n|\n|t:|1700101524\n|move|p2a: Kick Proof|Protect|p2a: Kick Proof\n|-singleturn|p2a: Kick Proof|Protect\n|move|p1a: Dial Up|Slack Off|p1a: Dial Up\n|-heal|p1a: Dial Up|77\/100 tox\n|move|p2b: RU Chomp|Breaking Swipe|p1a: Dial Up\n|-damage|p1a: Dial Up|68\/100 tox\n|-unboost|p1a: Dial Up|atk|1\n|\n|-weather|Snow|[upkeep]\n|-heal|p2a: Kick Proof|96\/100|[from] item: Leftovers\n|-damage|p1a: Dial Up|37\/100 tox|[from] psn\n|-fieldend|move: Trick Room\n|upkeep\n|turn|16\n|\n|t:|1700101541\n|switch|p2b: Jester|Ninetales-Alola, M, shiny|39\/100 tox\n|-activate|p2b: Jester|move: Sticky Web\n|-unboost|p2b: Jester|spe|1\n|move|p2a: Kick Proof|Toxic|p1a: Dial Up\n|-fail|p1a: Dial Up|tox\n|move|p1a: Dial Up|Ice Beam|p2b: Jester\n|-resisted|p2b: Jester\n|-damage|p2b: Jester|28\/100 tox\n|\n|-weather|none\n|-heal|p2a: Kick Proof|100\/100|[from] item: Leftovers\n|-damage|p2b: Jester|22\/100 tox|[from] psn\n|-damage|p1a: Dial Up|0 fnt|[from] psn\n|faint|p1a: Dial Up\n|\n|win|Beast of Moonlight\n|upkeep\n|c|\u2606Maybebetterthanu|gg\n","uploadtime":1700101550,"views":15,"p1id":"maybebetterthanu","p2id":"beastofmoonlight","formatid":"gen9nationaldexdoubles","rating":0,"private":0,"password":""}