{"id":"gen9nationaldexdoubles-1970359479","p1":"snowgust","p2":"Prototype2.O","format":"[Gen 9] National Dex Doubles","log":"|j|\u2606snowgust\n|j|\u2606Prototype2.O\n|t:|1697631747\n|gametype|doubles\n|player|p1|snowgust|1|1089\n|player|p2|Prototype2.O|benga|1060\n|teamsize|p1|6\n|teamsize|p2|6\n|gen|9\n|tier|[Gen 9] National Dex Doubles\n|rated|\n|rule|HP Percentage Mod: HP is shown in percentages\n|rule|Endless Battle Clause: Forcing endless battles is banned\n|rule|OHKO Clause: OHKO moves are banned\n|rule|Evasion Moves Clause: Evasion moves are banned\n|rule|Evasion Abilities Clause: Evasion abilities are banned\n|rule|Species Clause: Limit one of each Pok\u00e9mon\n|rule|Gravity Sleep Clause: The combination of sleep-inducing moves with imperfect accuracy and Gravity or Gigantamax Orbeetle are banned\n|clearpoke\n|poke|p1|Dunsparce, F|\n|poke|p1|Dudunsparce-*, F|\n|poke|p1|Roaring Moon|\n|poke|p1|Sableye, F|\n|poke|p1|Blissey, F|\n|poke|p1|Dragonite, F|\n|poke|p2|Sylveon, F|\n|poke|p2|Basculin-White-Striped, M|\n|poke|p2|Tropius, F|\n|poke|p2|Rabsca, F|\n|poke|p2|Furret, F|\n|poke|p2|Basculegion, M|\n|teampreview\n|c|\u2606Prototype2.O|Gljf\n|c|\u2606Prototype2.O|Glhf\n|c|\u2606snowgust|glhf\n|\n|t:|1697631772\n|start\n|switch|p1a: Dunsparce|Dunsparce, F|100\/100\n|switch|p1b: Sableye|Sableye, F|100\/100\n|switch|p2a: Rabsca|Rabsca, F|100\/100\n|switch|p2b: Tropius|Tropius, F|100\/100\n|turn|1\n|\n|t:|1697631786\n|move|p1b: Sableye|Gravity|p1b: Sableye\n|-fieldstart|move: Gravity\n|move|p1a: Dunsparce|Rock Slide|p2b: Tropius|[spread] p2a,p2b\n|-supereffective|p2a: Rabsca\n|-supereffective|p2b: Tropius\n|-damage|p2a: Rabsca|71\/100\n|-damage|p2b: Tropius|74\/100\n|move|p2b: Tropius|Sunny Day|p2b: Tropius\n|-weather|SunnyDay\n|move|p2a: Rabsca|Skill Swap|p2b: Tropius\n|-activate|p2a: Rabsca|move: Skill Swap|||[of] p2b: Tropius\n|\n|-weather|SunnyDay|[upkeep]\n|upkeep\n|turn|2\n|\n|t:|1697631806\n|switch|p2b: Furret|Furret, F|100\/100\n|-item|p1a: Dunsparce|Choice Scarf|[from] ability: Frisk|[of] p2b: Furret|[identify]\n|-item|p1b: Sableye|Leftovers|[from] ability: Frisk|[of] p2b: Furret|[identify]\n|move|p1b: Sableye|Thunder Wave|p2a: Rabsca\n|-status|p2a: Rabsca|par\n|move|p1a: Dunsparce|Rock Slide|p2b: Furret|[spread] p2a,p2b\n|-supereffective|p2a: Rabsca\n|-damage|p2a: Rabsca|42\/100 par\n|-damage|p2b: Furret|79\/100\n|cant|p2a: Rabsca|flinch\n|\n|-weather|SunnyDay|[upkeep]\n|upkeep\n|turn|3\n|\n|t:|1697631828\n|move|p2b: Furret|Follow Me|p2b: Furret\n|-singleturn|p2b: Furret|move: Follow Me\n|move|p1b: Sableye|Thunder Wave|p2b: Furret\n|-status|p2b: Furret|par\n|move|p1a: Dunsparce|Rock Slide|p2b: Furret|[spread] p2a,p2b\n|-supereffective|p2a: Rabsca\n|-damage|p2a: Rabsca|12\/100 par\n|-damage|p2b: Furret|57\/100 par\n|cant|p2a: Rabsca|flinch\n|\n|-weather|SunnyDay|[upkeep]\n|upkeep\n|turn|4\n|\n|t:|1697631877\n|switch|p2a: Tropius|Tropius, F|74\/100\n|move|p1b: Sableye|Confuse Ray|p2b: Furret\n|-start|p2b: Furret|confusion\n|move|p1a: Dunsparce|Rock Slide|p2a: Tropius|[spread] p2a,p2b\n|-supereffective|p2a: Tropius\n|-damage|p2a: Tropius|47\/100\n|-damage|p2b: Furret|37\/100 par\n|cant|p2b: Furret|flinch\n|\n|-weather|SunnyDay|[upkeep]\n|upkeep\n|turn|5\n|\n|t:|1697631902\n|-activate|p2b: Furret|confusion\n|-damage|p2b: Furret|27\/100 par|[from] confusion\n|move|p1b: Sableye|Thunder Wave|p2a: Tropius\n|-status|p2a: Tropius|par\n|move|p1a: Dunsparce|Rock Slide|p2a: Tropius|[spread] p2a,p2b\n|-supereffective|p2a: Tropius\n|-damage|p2a: Tropius|20\/100 par\n|-damage|p2b: Furret|4\/100 par\n|cant|p2a: Tropius|flinch\n|\n|-weather|SunnyDay|[upkeep]\n|-fieldend|move: Gravity\n|upkeep\n|turn|6\n|\n|t:|1697631932\n|-activate|p2b: Furret|confusion\n|cant|p2b: Furret|par\n|move|p1b: Sableye|Confuse Ray|p2a: Tropius\n|-start|p2a: Tropius|confusion\n|move|p1a: Dunsparce|Rock Slide|p2b: Furret|[spread] p2a,p2b\n|-supereffective|p2a: Tropius\n|-damage|p2a: Tropius|0 fnt\n|-damage|p2b: Furret|0 fnt\n|faint|p2a: Tropius\n|faint|p2b: Furret\n|\n|-weather|SunnyDay|[upkeep]\n|upkeep\n|\n|t:|1697631948\n|switch|p2b: Sylveon|Sylveon, F, shiny|100\/100\n|switch|p2a: Rabsca|Rabsca, F|12\/100 par\n|turn|7\n|\n|t:|1697631968\n|move|p1b: Sableye|Thunder Wave|p2b: Sylveon\n|-status|p2b: Sylveon|par\n|move|p1a: Dunsparce|Rock Slide|p2b: Sylveon|[spread] p2a,p2b\n|-supereffective|p2a: Rabsca\n|-damage|p2a: Rabsca|0 fnt\n|-damage|p2b: Sylveon|84\/100 par\n|faint|p2a: Rabsca\n|cant|p2b: Sylveon|flinch\n|\n|-weather|SunnyDay|[upkeep]\n|upkeep\n|\n|t:|1697631981\n|switch|p2a: Basculin|Basculin-White-Striped, M|100\/100\n|turn|8\n|\n|t:|1697631991\n|move|p1b: Sableye|Thunder Wave|p2a: Basculin\n|-status|p2a: Basculin|par\n|move|p1a: Dunsparce|Rock Slide|p2b: Sylveon|[spread] p2a,p2b\n|-damage|p2a: Basculin|76\/100 par\n|-damage|p2b: Sylveon|69\/100 par\n|move|p2a: Basculin|Last Respects|p1b: Sableye\n|-damage|p1b: Sableye|48\/100\n|cant|p2b: Sylveon|flinch\n|\n|-weather|none\n|-heal|p1b: Sableye|54\/100|[from] item: Leftovers\n|upkeep\n|turn|9\n|\n|t:|1697632007\n|move|p1b: Sableye|Gravity|p1b: Sableye\n|-fieldstart|move: Gravity\n|move|p1a: Dunsparce|Rock Slide|p2a: Basculin|[spread] p2a,p2b\n|-damage|p2a: Basculin|54\/100 par\n|-damage|p2b: Sylveon|52\/100 par\n|cant|p2a: Basculin|flinch\n|cant|p2b: Sylveon|flinch\n|\n|-heal|p1b: Sableye|60\/100|[from] item: Leftovers\n|upkeep\n|turn|10\n|\n|t:|1697632023\n|move|p1b: Sableye|Confuse Ray|p2a: Basculin\n|-start|p2a: Basculin|confusion\n|move|p1a: Dunsparce|Rock Slide|p2a: Basculin|[spread] p2a,p2b\n|-damage|p2a: Basculin|30\/100 par\n|-damage|p2b: Sylveon|36\/100 par\n|cant|p2a: Basculin|flinch\n|cant|p2b: Sylveon|flinch\n|\n|-heal|p1b: Sableye|67\/100|[from] item: Leftovers\n|upkeep\n|turn|11\n|\n|t:|1697632040\n|move|p1b: Sableye|Confuse Ray|p2b: Sylveon\n|-start|p2b: Sylveon|confusion\n|move|p1a: Dunsparce|Rock Slide|p2b: Sylveon|[spread] p2a,p2b\n|-damage|p2a: Basculin|7\/100 par\n|-damage|p2b: Sylveon|20\/100 par\n|-activate|p2a: Basculin|confusion\n|move|p2a: Basculin|Last Respects|p1b: Sableye\n|-damage|p1b: Sableye|16\/100\n|cant|p2b: Sylveon|flinch\n|\n|-heal|p1b: Sableye|22\/100|[from] item: Leftovers\n|upkeep\n|turn|12\n|\n|t:|1697632061\n|switch|p1b: Roaring Moon|Roaring Moon|100\/100\n|-enditem|p1b: Roaring Moon|Booster Energy\n|-activate|p1b: Roaring Moon|ability: Protosynthesis|[fromitem]\n|-start|p1b: Roaring Moon|protosynthesisatk\n|move|p1a: Dunsparce|Rock Slide|p2a: Basculin|[spread] p2a,p2b\n|-damage|p2a: Basculin|0 fnt\n|-damage|p2b: Sylveon|4\/100 par\n|faint|p2a: Basculin\n|cant|p2b: Sylveon|flinch\n|\n|upkeep\n|\n|t:|1697632072\n|switch|p2a: Basculegion|Basculegion, M|100\/100\n|turn|13\n|\n|t:|1697632082\n|move|p2a: Basculegion|Last Respects|p1b: Roaring Moon\n|-resisted|p1b: Roaring Moon\n|-damage|p1b: Roaring Moon|0 fnt\n|faint|p1b: Roaring Moon\n|-end|p1b: Roaring Moon|Protosynthesis|[silent]\n|move|p1a: Dunsparce|Rock Slide|p2b: Sylveon|[spread] p2a,p2b\n|-damage|p2a: Basculegion|84\/100\n|-damage|p2b: Sylveon|0 fnt\n|faint|p2b: Sylveon\n|\n|-fieldend|move: Gravity\n|upkeep\n|\n|t:|1697632092\n|switch|p1b: Sableye|Sableye, F|22\/100\n|turn|14\n|\n|t:|1697632098\n|move|p1b: Sableye|Thunder Wave|p2a: Basculegion|[miss]\n|-miss|p1b: Sableye|p2a: Basculegion\n|move|p2a: Basculegion|Last Respects|p1b: Sableye\n|-damage|p1b: Sableye|0 fnt\n|faint|p1b: Sableye\n|move|p1a: Dunsparce|Rock Slide|p2a: Basculegion\n|-damage|p2a: Basculegion|60\/100\n|\n|upkeep\n|\n|t:|1697632110\n|switch|p1b: Blissey|Blissey, F|100\/100\n|turn|15\n|\n|t:|1697632118\n|move|p2a: Basculegion|Last Respects|p1b: Blissey\n|-immune|p1b: Blissey\n|move|p1a: Dunsparce|Rock Slide|p2a: Basculegion\n|-damage|p2a: Basculegion|39\/100\n|move|p1b: Blissey|Icy Wind|p2a: Basculegion\n|-resisted|p2a: Basculegion\n|-damage|p2a: Basculegion|34\/100\n|-unboost|p2a: Basculegion|spe|1\n|\n|upkeep\n|turn|16\n|\n|t:|1697632130\n|move|p1a: Dunsparce|Rock Slide|p2a: Basculegion\n|-damage|p2a: Basculegion|10\/100\n|move|p2a: Basculegion|Last Respects|p1b: Blissey\n|-immune|p1b: Blissey\n|move|p1b: Blissey|Icy Wind|p2a: Basculegion\n|-resisted|p2a: Basculegion\n|-damage|p2a: Basculegion|5\/100\n|-unboost|p2a: Basculegion|spe|1\n|\n|upkeep\n|turn|17\n|-message|Prototype2.O forfeited.\n|\n|win|snowgust\n|raw|snowgust's rating: 1089 &rarr; <strong>1113<\/strong><br \/>(+24 for winning)\n|raw|Prototype2.O's rating: 1060 &rarr; <strong>1043<\/strong><br \/>(-17 for losing)\n|l|\u2606Prototype2.O\n","uploadtime":1697632161,"views":8,"p1id":"snowgust","p2id":"prototype2o","formatid":"gen9nationaldexdoubles","rating":1043,"private":0,"password":""}