{"id":"gen9nationaldexdoubles-1950367307","p1":"dedpoel","p2":"Hisu who?","format":"[Gen 9] National Dex Doubles","log":"|j|\u2606dedpoel\n|j|\u2606Hisu who?\n|t:|1695462825\n|gametype|doubles\n|player|p1|dedpoel|265|1071\n|player|p2|Hisu who?|1|1000\n|teamsize|p1|6\n|teamsize|p2|6\n|gen|9\n|tier|[Gen 9] National Dex Doubles\n|rated|\n|rule|HP Percentage Mod: HP is shown in percentages\n|rule|Endless Battle Clause: Forcing endless battles is banned\n|rule|OHKO Clause: OHKO moves are banned\n|rule|Evasion Moves Clause: Evasion moves are banned\n|rule|Evasion Abilities Clause: Evasion abilities are banned\n|rule|Species Clause: Limit one of each Pok\u00e9mon\n|rule|Gravity Sleep Clause: The combination of sleep-inducing moves with imperfect accuracy and Gravity or Gigantamax Orbeetle are banned\n|clearpoke\n|poke|p1|Garchomp, M|\n|poke|p1|Ferrothorn, F|\n|poke|p1|Gyarados, F|\n|poke|p1|Amoonguss, F|\n|poke|p1|Chandelure, M|\n|poke|p1|Gardevoir, F|\n|poke|p2|Lilligant-Hisui, F|\n|poke|p2|Ogerpon-Wellspring, F|\n|poke|p2|Dipplin, M|\n|poke|p2|Qwilfish-Hisui, M|\n|poke|p2|Weavile, M|\n|poke|p2|Clefairy, F|\n|teampreview\n|inactive|Battle timer is ON: inactive players will automatically lose when time's up. (requested by Hisu who?)\n|\n|t:|1695462844\n|start\n|switch|p1a: Ferrothorn|Ferrothorn, F|100\/100\n|switch|p1b: Chandelure|Chandelure, M|100\/100\n|switch|p2a: Ogerpon|Ogerpon-Wellspring, F|100\/100\n|switch|p2b: Lilligant|Lilligant-Hisui, F, shiny|100\/100\n|turn|1\n|\n|t:|1695462861\n|move|p2a: Ogerpon|Follow Me|p2a: Ogerpon\n|-singleturn|p2a: Ogerpon|move: Follow Me\n|move|p2b: Lilligant|Victory Dance|p2b: Lilligant\n|-boost|p2b: Lilligant|atk|1\n|-boost|p2b: Lilligant|def|1\n|-boost|p2b: Lilligant|spe|1\n|move|p1b: Chandelure|Flamethrower|p2a: Ogerpon\n|-damage|p2a: Ogerpon|66\/100\n|move|p1a: Ferrothorn|Spikes|p2b: Lilligant\n|-sidestart|p2: Hisu who?|Spikes\n|\n|upkeep\n|turn|2\n|inactive|dedpoel has 120 seconds left.\n|inactive|Hisu who? has 120 seconds left.\n|\n|t:|1695462900\n|move|p2a: Ogerpon|Follow Me|p2a: Ogerpon\n|-singleturn|p2a: Ogerpon|move: Follow Me\n|move|p2b: Lilligant|Close Combat|p1a: Ferrothorn\n|-supereffective|p1a: Ferrothorn\n|-damage|p1a: Ferrothorn|0 fnt\n|-unboost|p2b: Lilligant|def|1\n|-unboost|p2b: Lilligant|spd|1\n|-damage|p2b: Lilligant|88\/100|[from] ability: Iron Barbs|[of] p1a: Ferrothorn\n|faint|p1a: Ferrothorn\n|move|p1b: Chandelure|Flamethrower|p2a: Ogerpon\n|-damage|p2a: Ogerpon|29\/100\n|\n|upkeep\n|inactive|dedpoel has 120 seconds left.\n|\n|t:|1695462915\n|switch|p1a: Gardevoir|Gardevoir, F|100\/100\n|-ability|p1a: Gardevoir|Hustle|[from] ability: Trace|[of] p2b: Lilligant\n|turn|3\n|\n|t:|1695462927\n|detailschange|p1a: Gardevoir|Gardevoir-Mega, F\n|-mega|p1a: Gardevoir|Gardevoir|Gardevoirite\n|move|p2a: Ogerpon|Spiky Shield|p2a: Ogerpon\n|-singleturn|p2a: Ogerpon|move: Protect\n|move|p2b: Lilligant|Leaf Blade|p1a: Gardevoir\n|-damage|p1a: Gardevoir|0 fnt\n|faint|p1a: Gardevoir\n|move|p1b: Chandelure|Flamethrower|p2b: Lilligant\n|-supereffective|p2b: Lilligant\n|-damage|p2b: Lilligant|0 fnt\n|faint|p2b: Lilligant\n|\n|upkeep\n|\n|t:|1695462943\n|switch|p2b: Clefairy|Clefairy, F, shiny|100\/100\n|switch|p1a: Garchomp|Garchomp, M|100\/100\n|-damage|p2b: Clefairy|88\/100|[from] Spikes\n|turn|4\n|inactive|dedpoel has 120 seconds left.\n|\n|t:|1695462986\n|move|p2b: Clefairy|Follow Me|p2b: Clefairy\n|-singleturn|p2b: Clefairy|move: Follow Me\n|move|p1b: Chandelure|Flamethrower|p2b: Clefairy\n|-damage|p2b: Clefairy|56\/100\n|move|p2a: Ogerpon|Ivy Cudgel|p1b: Chandelure\n|-supereffective|p1b: Chandelure\n|-damage|p1b: Chandelure|0 fnt\n|faint|p1b: Chandelure\n|move|p1a: Garchomp|Dragon Tail|p2b: Clefairy\n|-immune|p2b: Clefairy\n|\n|upkeep\n|\n|t:|1695462997\n|switch|p1b: Gyarados|Gyarados, F|100\/100\n|-ability|p1b: Gyarados|Intimidate|boost\n|-unboost|p2a: Ogerpon|atk|1\n|-unboost|p2b: Clefairy|atk|1\n|turn|5\n|inactive|dedpoel has 120 seconds left.\n|\n|t:|1695463016\n|move|p1a: Garchomp|Earthquake|p2b: Clefairy|[spread] p2a,p2b\n|-immune|p1b: Gyarados\n|-resisted|p2a: Ogerpon\n|-damage|p2a: Ogerpon|17\/100\n|-damage|p2b: Clefairy|16\/100\n|move|p1b: Gyarados|Waterfall|p2a: Ogerpon\n|-heal|p2a: Ogerpon|42\/100|[from] ability: Water Absorb|[of] p1b: Gyarados\n|move|p2a: Ogerpon|Horn Leech|p1b: Gyarados\n|-damage|p1b: Gyarados|70\/100\n|-heal|p2a: Ogerpon|56\/100|[from] drain|[of] p1b: Gyarados\n|move|p2b: Clefairy|Heal Pulse|p2a: Ogerpon\n|-heal|p2a: Ogerpon|100\/100\n|\n|-heal|p1b: Gyarados|76\/100|[from] item: Leftovers\n|upkeep\n|turn|6\n|\n|t:|1695463038\n|move|p2b: Clefairy|Helping Hand|p2a: Ogerpon\n|-singleturn|p2a: Ogerpon|Helping Hand|[of] p2b: Clefairy\n|move|p1a: Garchomp|Earthquake|p2a: Ogerpon|[spread] p2a,p2b\n|-immune|p1b: Gyarados\n|-resisted|p2a: Ogerpon\n|-damage|p2a: Ogerpon|88\/100\n|-damage|p2b: Clefairy|0 fnt\n|faint|p2b: Clefairy\n|move|p1b: Gyarados|Dragon Dance|p1b: Gyarados\n|-boost|p1b: Gyarados|atk|1\n|-boost|p1b: Gyarados|spe|1\n|move|p2a: Ogerpon|Ivy Cudgel|p1a: Garchomp\n|-damage|p1a: Garchomp|58\/100\n|\n|-heal|p1b: Gyarados|82\/100|[from] item: Leftovers\n|upkeep\n|inactive|Hisu who? has 120 seconds left.\n|\n|t:|1695463055\n|switch|p2b: Weavile|Weavile, M|100\/100\n|-damage|p2b: Weavile|88\/100|[from] Spikes\n|-ability|p2b: Weavile|Pressure\n|turn|7\n|\n|t:|1695463066\n|-terastallize|p2b: Weavile|Ice\n|move|p2a: Ogerpon|Follow Me|p2a: Ogerpon\n|-singleturn|p2a: Ogerpon|move: Follow Me\n|move|p1b: Gyarados|Dragon Dance|p1b: Gyarados\n|-boost|p1b: Gyarados|atk|1\n|-boost|p1b: Gyarados|spe|1\n|move|p2b: Weavile|Icicle Spear|p1a: Garchomp\n|-supereffective|p1a: Garchomp\n|-damage|p1a: Garchomp|0 fnt\n|faint|p1a: Garchomp\n|-hitcount|p1: Garchomp|1\n|\n|-heal|p1b: Gyarados|88\/100|[from] item: Leftovers\n|upkeep\n|\n|t:|1695463077\n|switch|p1a: amongus|Amoonguss, F, shiny|100\/100\n|turn|8\n|\n|t:|1695463090\n|-terastallize|p1b: Gyarados|Flying\n|move|p2a: Ogerpon|Follow Me|p2a: Ogerpon\n|-singleturn|p2a: Ogerpon|move: Follow Me\n|move|p1b: Gyarados|Tera Blast|p2a: Ogerpon|[anim] Tera Blast Flying\n|-supereffective|p2a: Ogerpon\n|-damage|p2a: Ogerpon|0 fnt\n|faint|p2a: Ogerpon\n|move|p2b: Weavile|Icicle Spear|p1a: amongus\n|-supereffective|p1a: amongus\n|-damage|p1a: amongus|76\/100\n|-supereffective|p1a: amongus\n|-damage|p1a: amongus|50\/100\n|-supereffective|p1a: amongus\n|-damage|p1a: amongus|22\/100\n|-supereffective|p1a: amongus\n|-damage|p1a: amongus|0 fnt\n|faint|p1a: amongus\n|-hitcount|p1: amongus|4\n|\n|-heal|p1b: Gyarados|94\/100|[from] item: Leftovers\n|upkeep\n|\n|t:|1695463114\n|switch|p2a: Qwilfish|Qwilfish-Hisui, M|100\/100\n|-damage|p2a: Qwilfish|88\/100|[from] Spikes\n|-ability|p2a: Qwilfish|Intimidate|boost\n|-unboost|p1b: Gyarados|atk|1\n|turn|9\n|\n|t:|1695463136\n|switch|p2a: Dipplin|Dipplin, M|100\/100\n|-damage|p2a: Dipplin|88\/100|[from] Spikes\n|move|p1b: Gyarados|Tera Blast|p2b: Weavile|[anim] Tera Blast Flying\n|-damage|p2b: Weavile|0 fnt\n|faint|p2b: Weavile\n|\n|-heal|p1b: Gyarados|99\/100|[from] item: Leftovers\n|upkeep\n|\n|t:|1695463143\n|switch|p2b: Qwilfish|Qwilfish-Hisui, M|88\/100\n|-damage|p2b: Qwilfish|76\/100|[from] Spikes\n|-ability|p2b: Qwilfish|Intimidate|boost\n|-unboost|p1b: Gyarados|atk|1\n|turn|10\n|\n|t:|1695463165\n|move|p1b: Gyarados|Tera Blast|p2a: Dipplin|[anim] Tera Blast Flying\n|-supereffective|p2a: Dipplin\n|-damage|p2a: Dipplin|38\/100\n|move|p2b: Qwilfish|Taunt|p1b: Gyarados\n|-start|p1b: Gyarados|move: Taunt\n|move|p2a: Dipplin|Syrup Bomb|p1b: Gyarados\n|-resisted|p1b: Gyarados\n|-damage|p1b: Gyarados|90\/100\n|-start|p1b: Gyarados|Syrup Bomb\n|\n|-heal|p1b: Gyarados|96\/100|[from] item: Leftovers\n|-unboost|p1b: Gyarados|spe|1\n|upkeep\n|turn|11\n|\n|t:|1695463181\n|move|p2b: Qwilfish|Protect|p2b: Qwilfish\n|-singleturn|p2b: Qwilfish|Protect\n|move|p2a: Dipplin|Protect|p2a: Dipplin\n|-singleturn|p2a: Dipplin|Protect\n|move|p1b: Gyarados|Tera Blast|p2a: Dipplin|[anim] Tera Blast Flying\n|-activate|p2a: Dipplin|move: Protect\n|\n|-heal|p1b: Gyarados|100\/100|[from] item: Leftovers\n|-unboost|p1b: Gyarados|spe|1\n|upkeep\n|turn|12\n|\n|t:|1695463197\n|move|p1b: Gyarados|Tera Blast|p2a: Dipplin|[anim] Tera Blast Flying\n|-supereffective|p2a: Dipplin\n|-damage|p2a: Dipplin|0 fnt\n|faint|p2a: Dipplin\n|move|p2b: Qwilfish|Barb Barrage|p1b: Gyarados\n|-damage|p1b: Gyarados|73\/100\n|\n|-heal|p1b: Gyarados|79\/100|[from] item: Leftovers\n|-end|p1b: Gyarados|Syrup Bomb\n|upkeep\n|turn|13\n|\n|t:|1695463209\n|move|p1b: Gyarados|Tera Blast|p2b: Qwilfish|[anim] Tera Blast Flying\n|-damage|p2b: Qwilfish|31\/100\n|move|p2b: Qwilfish|Barb Barrage|p1b: Gyarados\n|-damage|p1b: Gyarados|53\/100\n|\n|-heal|p1b: Gyarados|59\/100|[from] item: Leftovers\n|-end|p1b: Gyarados|move: Taunt\n|upkeep\n|turn|14\n|\n|t:|1695463218\n|move|p1b: Gyarados|Tera Blast|p2b: Qwilfish|[anim] Tera Blast Flying\n|-damage|p2b: Qwilfish|0 fnt\n|faint|p2b: Qwilfish\n|\n|win|dedpoel\n|raw|dedpoel's rating: 1071 &rarr; <strong>1094<\/strong><br \/>(+23 for winning)\n|raw|Hisu who?'s rating: 1000 &rarr; <strong>1000<\/strong><br \/>(+0 for losing)\n|l|\u2606Hisu who?\n|c|\u2606dedpoel|ggs\n","uploadtime":1695463253,"views":12,"p1id":"dedpoel","p2id":"hisuwho","formatid":"gen9nationaldexdoubles","rating":1000,"private":0,"password":""}