{"id":"gen9nationaldexdoubles-1948448471","p1":"etherfrin","p2":"FireTrain","format":"[Gen 9] National Dex Doubles","log":"|j|\u2606etherfrin\n|j|\u2606FireTrain\n|t:|1695260950\n|gametype|doubles\n|player|p1|etherfrin|acetrainer-gen7|1058\n|player|p2|FireTrain|red|1000\n|teamsize|p1|6\n|teamsize|p2|6\n|gen|9\n|tier|[Gen 9] National Dex Doubles\n|rated|\n|rule|HP Percentage Mod: HP is shown in percentages\n|rule|Endless Battle Clause: Forcing endless battles is banned\n|rule|OHKO Clause: OHKO moves are banned\n|rule|Evasion Moves Clause: Evasion moves are banned\n|rule|Evasion Abilities Clause: Evasion abilities are banned\n|rule|Species Clause: Limit one of each Pok\u00e9mon\n|rule|Gravity Sleep Clause: The combination of sleep-inducing moves with imperfect accuracy and Gravity or Gigantamax Orbeetle are banned\n|clearpoke\n|poke|p1|Ampharos, F|\n|poke|p1|Hawlucha, M|\n|poke|p1|Cinderace, F|\n|poke|p1|Bellossom, F|\n|poke|p1|Hypno, M|\n|poke|p1|Dondozo, M|\n|poke|p2|Charizard, M|\n|poke|p2|Venusaur, M|\n|poke|p2|Flutter Mane|\n|poke|p2|Great Tusk|\n|poke|p2|Ninetales, M|\n|poke|p2|Walking Wake|\n|teampreview\n|inactive|Battle timer is ON: inactive players will automatically lose when time's up. (requested by FireTrain)\n|\n|t:|1695260961\n|start\n|switch|p1a: Hawlucha|Hawlucha, M|100\/100\n|switch|p1b: Ampharos|Ampharos, F, shiny|100\/100\n|switch|p2a: Flamenguista|Charizard, M, shiny|100\/100\n|switch|p2b: Suissaurus|Walking Wake|100\/100\n|turn|1\n|inactive|etherfrin has 120 seconds left.\n|inactive|etherfrin has 90 seconds left.\n|\n|t:|1695261022\n|detailschange|p2a: Flamenguista|Charizard-Mega-Y, M, shiny\n|-mega|p2a: Flamenguista|Charizard|Charizardite Y\n|-weather|SunnyDay|[from] ability: Drought|[of] p2a: Flamenguista\n|-activate|p2b: Suissaurus|ability: Protosynthesis\n|-start|p2b: Suissaurus|protosynthesisspe\n|detailschange|p1b: Ampharos|Ampharos-Mega, F, shiny\n|-mega|p1b: Ampharos|Ampharos|Ampharosite\n|-ability|p1b: Ampharos|Mold Breaker\n|move|p2b: Suissaurus|Dragon Pulse|p1b: Ampharos\n|-supereffective|p1b: Ampharos\n|-damage|p1b: Ampharos|52\/100\n|move|p1a: Hawlucha|Tailwind|p1a: Hawlucha\n|-sidestart|p1: etherfrin|move: Tailwind\n|move|p2a: Flamenguista|Air Slash|p1a: Hawlucha\n|-supereffective|p1a: Hawlucha\n|-enditem|p1a: Hawlucha|Focus Sash\n|-damage|p1a: Hawlucha|1\/100\n|move|p1b: Ampharos|Dragon Pulse|p2b: Suissaurus\n|-supereffective|p2b: Suissaurus\n|-damage|p2b: Suissaurus|9\/100\n|\n|-weather|SunnyDay|[upkeep]\n|-heal|p2b: Suissaurus|16\/100|[from] item: Leftovers\n|upkeep\n|turn|2\n|inactive|etherfrin has 90 seconds left.\n|inactive|FireTrain has 120 seconds left.\n|\n|t:|1695261065\n|move|p1a: Hawlucha|Sky Drop|p2b: Suissaurus\n|-fail|p2b: Suissaurus|move: Sky Drop|[heavy]\n|move|p2b: Suissaurus|Dragon Pulse|p1b: Ampharos\n|-supereffective|p1b: Ampharos\n|-crit|p1b: Ampharos\n|-damage|p1b: Ampharos|0 fnt\n|faint|p1b: Ampharos\n|move|p2a: Flamenguista|Air Slash|p1a: Hawlucha\n|-supereffective|p1a: Hawlucha\n|-damage|p1a: Hawlucha|0 fnt\n|faint|p1a: Hawlucha\n|\n|-weather|SunnyDay|[upkeep]\n|-heal|p2b: Suissaurus|22\/100|[from] item: Leftovers\n|upkeep\n|inactive|etherfrin has 60 seconds left.\n|\n|t:|1695261096\n|switch|p1a: Bellossom|Bellossom, F|100\/100\n|switch|p1b: Hypno|Hypno, M|100\/100\n|turn|3\n|\n|t:|1695261110\n|-terastallize|p1a: Bellossom|Fairy\n|move|p2b: Suissaurus|Hydro Steam|p1b: Hypno\n|-damage|p1b: Hypno|67\/100\n|move|p1b: Hypno|Calm Mind|p1b: Hypno\n|-boost|p1b: Hypno|spa|1\n|-boost|p1b: Hypno|spd|1\n|move|p2a: Flamenguista|Fire Blast|p1a: Bellossom\n|-damage|p1a: Bellossom|7\/100\n|move|p1a: Bellossom|Dazzling Gleam|p2a: Flamenguista|[spread] p2a,p2b\n|-resisted|p2a: Flamenguista\n|-supereffective|p2b: Suissaurus\n|-damage|p2a: Flamenguista|87\/100\n|-damage|p2b: Suissaurus|0 fnt\n|faint|p2b: Suissaurus\n|-end|p2b: Suissaurus|Protosynthesis|[silent]\n|\n|-weather|SunnyDay|[upkeep]\n|upkeep\n|inactive|FireTrain has 120 seconds left.\n|\n|t:|1695261129\n|switch|p2b: Mamute Seco|Great Tusk|100\/100\n|-activate|p2b: Mamute Seco|ability: Protosynthesis\n|-start|p2b: Mamute Seco|protosynthesisatk\n|turn|4\n|inactive|etherfrin has 90 seconds left.\n|\n|t:|1695261150\n|move|p1b: Hypno|Psychic|p2b: Mamute Seco\n|-supereffective|p2b: Mamute Seco\n|-damage|p2b: Mamute Seco|0 fnt\n|faint|p2b: Mamute Seco\n|-end|p2b: Mamute Seco|Protosynthesis|[silent]\n|move|p2a: Flamenguista|Air Slash|p1a: Bellossom\n|-damage|p1a: Bellossom|0 fnt\n|faint|p1a: Bellossom\n|\n|-weather|SunnyDay|[upkeep]\n|-sideend|p1: etherfrin|move: Tailwind\n|upkeep\n|\n|t:|1695261162\n|switch|p2b: Juba Esvoa\u00e7ante|Flutter Mane|100\/100\n|switch|p1a: Dondozo|Dondozo, M|100\/100\n|-activate|p2b: Juba Esvoa\u00e7ante|ability: Protosynthesis\n|-start|p2b: Juba Esvoa\u00e7ante|protosynthesisspe\n|turn|5\n|\n|t:|1695261178\n|move|p1b: Hypno|Ally Switch|p1b: Hypno\n|swap|p1b: Hypno|0|[from] move: Ally Switch\n|move|p2b: Juba Esvoa\u00e7ante|Shadow Ball|p1b: Dondozo\n|-damage|p1b: Dondozo|58\/100\n|move|p2a: Flamenguista|Solar Beam||[still]\n|-prepare|p2a: Flamenguista|Solar Beam\n|-anim|p2a: Flamenguista|Solar Beam|p1a: Hypno\n|-damage|p1a: Hypno|48\/100\n|move|p1b: Dondozo|Yawn|p2b: Juba Esvoa\u00e7ante\n|-start|p2b: Juba Esvoa\u00e7ante|move: Yawn|[of] p1b: Dondozo\n|\n|-weather|none\n|-end|p2b: Juba Esvoa\u00e7ante|Protosynthesis\n|-heal|p1b: Dondozo|64\/100|[from] item: Leftovers\n|upkeep\n|turn|6\n|inactive|etherfrin has 120 seconds left.\n|\n|t:|1695261196\n|-end|p2b: Juba Esvoa\u00e7ante|Protosynthesis|[silent]\n|switch|p2b: Cruzeirense|Ninetales, M, shiny|100\/100\n|-weather|SunnyDay|[from] ability: Drought|[of] p2b: Cruzeirense\n|move|p1b: Dondozo|Protect|p1b: Dondozo\n|-singleturn|p1b: Dondozo|Protect\n|move|p2a: Flamenguista|Solar Beam||[still]\n|-prepare|p2a: Flamenguista|Solar Beam\n|-anim|p2a: Flamenguista|Solar Beam|p1b: Dondozo\n|-activate|p1b: Dondozo|move: Protect\n|move|p1a: Hypno|Psychic|p2a: Flamenguista\n|-damage|p2a: Flamenguista|50\/100\n|\n|-weather|SunnyDay|[upkeep]\n|-heal|p1b: Dondozo|70\/100|[from] item: Leftovers\n|upkeep\n|turn|7\n|\n|t:|1695261225\n|-terastallize|p2b: Cruzeirense|Psychic\n|move|p1a: Hypno|Ally Switch|p1a: Hypno\n|swap|p1a: Hypno|1|[from] move: Ally Switch\n|move|p2b: Cruzeirense|Heat Wave|p1a: Dondozo|[spread] p1a,p1b\n|-resisted|p1a: Dondozo\n|-crit|p1b: Hypno\n|-damage|p1a: Dondozo|51\/100\n|-damage|p1b: Hypno|11\/100\n|move|p2a: Flamenguista|Solar Beam||[still]\n|-prepare|p2a: Flamenguista|Solar Beam\n|-anim|p2a: Flamenguista|Solar Beam|p1b: Hypno\n|-damage|p1b: Hypno|0 fnt\n|faint|p1b: Hypno\n|move|p1a: Dondozo|Liquidation|p2a: Flamenguista\n|-supereffective|p2a: Flamenguista\n|-damage|p2a: Flamenguista|9\/100\n|\n|-weather|SunnyDay|[upkeep]\n|-heal|p1a: Dondozo|57\/100|[from] item: Leftovers\n|upkeep\n|inactive|etherfrin has 120 seconds left.\n|\n|t:|1695261245\n|switch|p1b: Cinderace|Cinderace, F|100\/100\n|turn|8\n|\n|t:|1695261265\n|move|p1b: Cinderace|Sucker Punch|p2a: Flamenguista\n|-start|p1b: Cinderace|typechange|Dark|[from] ability: Libero\n|-damage|p2a: Flamenguista|0 fnt\n|faint|p2a: Flamenguista\n|move|p2b: Cruzeirense|Psyshock|p1b: Cinderace\n|-immune|p1b: Cinderace\n|move|p1a: Dondozo|Yawn|p2b: Cruzeirense\n|-start|p2b: Cruzeirense|move: Yawn|[of] p1a: Dondozo\n|\n|-weather|SunnyDay|[upkeep]\n|-heal|p1a: Dondozo|63\/100|[from] item: Leftovers\n|upkeep\n|\n|t:|1695261282\n|switch|p2a: Juba Esvoa\u00e7ante|Flutter Mane|100\/100\n|-activate|p2a: Juba Esvoa\u00e7ante|ability: Protosynthesis\n|-start|p2a: Juba Esvoa\u00e7ante|protosynthesisspe\n|turn|9\n|inactive|etherfrin has 120 seconds left.\n|\n|t:|1695261312\n|switch|p2b: Brazilll|Venusaur, M, shiny|100\/100\n|move|p2a: Juba Esvoa\u00e7ante|Dazzling Gleam|p1a: Dondozo|[spread] p1a,p1b\n|-supereffective|p1b: Cinderace\n|-crit|p1b: Cinderace\n|-damage|p1a: Dondozo|30\/100\n|-damage|p1b: Cinderace|0 fnt\n|faint|p1b: Cinderace\n|move|p1a: Dondozo|Yawn|p2a: Juba Esvoa\u00e7ante\n|-start|p2a: Juba Esvoa\u00e7ante|move: Yawn|[of] p1a: Dondozo\n|\n|-weather|SunnyDay|[upkeep]\n|-heal|p1a: Dondozo|36\/100|[from] item: Leftovers\n|upkeep\n|turn|10\n|\n|t:|1695261327\n|move|p1a: Dondozo|Protect|p1a: Dondozo\n|-singleturn|p1a: Dondozo|Protect\n|move|p2a: Juba Esvoa\u00e7ante|Dazzling Gleam|p1a: Dondozo\n|-activate|p1a: Dondozo|move: Protect\n|move|p2b: Brazilll|Giga Drain|p1a: Dondozo\n|-activate|p1a: Dondozo|move: Protect\n|\n|-weather|SunnyDay|[upkeep]\n|-heal|p1a: Dondozo|43\/100|[from] item: Leftovers\n|-end|p2a: Juba Esvoa\u00e7ante|move: Yawn|[silent]\n|-status|p2a: Juba Esvoa\u00e7ante|slp\n|upkeep\n|turn|11\n|\n|t:|1695261343\n|-end|p2a: Juba Esvoa\u00e7ante|Protosynthesis|[silent]\n|switch|p2a: Cruzeirense|Ninetales, M, shiny, tera:Psychic|100\/100\n|move|p2b: Brazilll|Giga Drain|p1a: Dondozo\n|-supereffective|p1a: Dondozo\n|-damage|p1a: Dondozo|0 fnt\n|faint|p1a: Dondozo\n|\n|win|FireTrain\n|raw|etherfrin's rating: 1058 &rarr; <strong>1036<\/strong><br \/>(-22 for losing)\n|raw|FireTrain's rating: 1000 &rarr; <strong>1047<\/strong><br \/>(+47 for winning)\n|l|\u2606etherfrin\n","uploadtime":1695261354,"views":4,"p1id":"etherfrin","p2id":"firetrain","formatid":"gen9nationaldexdoubles","rating":1036,"private":0,"password":""}