{"id":"gen9nationaldexdoubles-1990873096","p1":"TeddyWarlock","p2":"arkmin Cydo","format":"[Gen 9] National Dex Doubles","log":"|j|\u2606TeddyWarlock\n|j|\u2606arkmin Cydo\n|t:|1700009951\n|gametype|doubles\n|player|p1|TeddyWarlock|rood|1444\n|player|p2|arkmin Cydo|thorton|1167\n|teamsize|p1|6\n|teamsize|p2|6\n|gen|9\n|tier|[Gen 9] National Dex Doubles\n|rated|\n|rule|HP Percentage Mod: HP is shown in percentages\n|rule|Endless Battle Clause: Forcing endless battles is banned\n|rule|OHKO Clause: OHKO moves are banned\n|rule|Evasion Moves Clause: Evasion moves are banned\n|rule|Evasion Abilities Clause: Evasion abilities are banned\n|rule|Species Clause: Limit one of each Pok\u00e9mon\n|rule|Gravity Sleep Clause: The combination of sleep-inducing moves with imperfect accuracy and Gravity or Gigantamax Orbeetle are banned\n|clearpoke\n|poke|p1|Tyranitar, M|\n|poke|p1|Glimmora, F|\n|poke|p1|Garganacl, F|\n|poke|p1|Gholdengo|\n|poke|p1|Landorus-Therian, M|\n|poke|p1|Iron Hands|\n|poke|p2|Barraskewda, M|\n|poke|p2|Kricketune, F|\n|poke|p2|Donphan, M|\n|poke|p2|Cinderace, F|\n|poke|p2|Cyclizar, F|\n|poke|p2|Decidueye-Hisui, M|\n|teampreview\n|inactive|Battle timer is ON: inactive players will automatically lose when time's up. (requested by TeddyWarlock)\n|inactive|arkmin Cydo also wants the timer to be on.\n|\n|t:|1700009977\n|start\n|switch|p1a: Glimmora|Glimmora, F, shiny|100\/100\n|switch|p1b: Iron Hands|Iron Hands, shiny|100\/100\n|switch|p2a: Cinderace|Cinderace, F|100\/100\n|switch|p2b: Barraskewda|Barraskewda, M|100\/100\n|turn|1\n|\n|t:|1700010001\n|-terastallize|p2b: Barraskewda|Water\n|move|p1b: Iron Hands|Fake Out|p2a: Cinderace\n|-damage|p2a: Cinderace|82\/100\n|move|p2b: Barraskewda|Liquidation|p1a: Glimmora\n|-supereffective|p1a: Glimmora\n|-enditem|p1a: Glimmora|Focus Sash\n|-damage|p1a: Glimmora|1\/100\n|-activate|p1a: Glimmora|ability: Toxic Debris\n|-sidestart|p2: arkmin Cydo|move: Toxic Spikes\n|cant|p2a: Cinderace|flinch\n|move|p1a: Glimmora|Mortal Spin|p2a: Cinderace|[spread] p2a,p2b\n|-damage|p2a: Cinderace|75\/100\n|-damage|p2b: Barraskewda|93\/100\n|-status|p2a: Cinderace|psn\n|-status|p2b: Barraskewda|psn\n|\n|-damage|p2b: Barraskewda|80\/100 psn|[from] psn\n|-damage|p2a: Cinderace|63\/100 psn|[from] psn\n|upkeep\n|turn|2\n|\n|t:|1700010023\n|move|p2b: Barraskewda|Liquidation|p1b: Iron Hands\n|-crit|p1b: Iron Hands\n|-damage|p1b: Iron Hands|26\/100\n|-unboost|p1b: Iron Hands|def|1\n|-zpower|p2a: Cinderace\n|move|p2a: Cinderace|Z-Bulk Up|p2a: Cinderace|[anim]Bulk Up\n|-boost|p2a: Cinderace|atk|1|[zeffect]\n|-start|p2a: Cinderace|typechange|Fighting|[from] ability: Libero\n|-boost|p2a: Cinderace|atk|1\n|-boost|p2a: Cinderace|def|1\n|move|p1a: Glimmora|Sludge Bomb|p2a: Cinderace\n|-damage|p2a: Cinderace|0 fnt\n|faint|p2a: Cinderace\n|move|p1b: Iron Hands|Wild Charge|p2b: Barraskewda\n|-supereffective|p2b: Barraskewda\n|-damage|p2b: Barraskewda|0 fnt\n|faint|p2b: Barraskewda\n|-damage|p1b: Iron Hands|16\/100|[from] Recoil\n|\n|upkeep\n|inactive|arkmin Cydo has 120 seconds left.\n|\n|t:|1700010045\n|switch|p2b: Kricketune|Kricketune, F|100\/100\n|switch|p2a: Donphan|Donphan, M|100\/100\n|-status|p2b: Kricketune|psn\n|-status|p2a: Donphan|psn\n|turn|3\n|\n|t:|1700010055\n|-end|p1b: Iron Hands|Quark Drive|[silent]\n|switch|p1b: Landorus|Landorus-Therian, M|100\/100\n|-ability|p1b: Landorus|Intimidate|boost\n|-unboost|p2a: Donphan|atk|1\n|-unboost|p2b: Kricketune|atk|1\n|move|p1a: Glimmora|Energy Ball|p2a: Donphan\n|-supereffective|p2a: Donphan\n|-ability|p2a: Donphan|Sturdy\n|-damage|p2a: Donphan|1\/100 psn\n|move|p2b: Kricketune|Fell Stinger|p1a: Glimmora\n|-resisted|p1a: Glimmora\n|-damage|p1a: Glimmora|0 fnt\n|-activate|p1a: Glimmora|ability: Toxic Debris\n|-sidestart|p2: arkmin Cydo|move: Toxic Spikes\n|faint|p1a: Glimmora\n|-boost|p2b: Kricketune|atk|3\n|move|p2a: Donphan|Rapid Spin|p1b: Landorus\n|-crit|p1b: Landorus\n|-damage|p1b: Landorus|71\/100\n|-boost|p2a: Donphan|spe|1\n|-sideend|p2: arkmin Cydo|Toxic Spikes|[from] move: Rapid Spin|[of] p2a: Donphan\n|-enditem|p1b: Landorus|Red Card|[of] p2a: Donphan\n|drag|p2a: Cyclizar|Cyclizar, F|100\/100\n|\n|-damage|p2b: Kricketune|88\/100 psn|[from] psn\n|upkeep\n|\n|t:|1700010078\n|switch|p1a: Iron Hands|Iron Hands, shiny|16\/100\n|turn|4\n|\n|t:|1700010101\n|move|p1a: Iron Hands|Fake Out|p2b: Kricketune\n|-damage|p2b: Kricketune|64\/100 psn\n|move|p2a: Cyclizar|Draco Meteor|p1b: Landorus\n|-damage|p1b: Landorus|25\/100\n|-unboost|p2a: Cyclizar|spa|2\n|move|p1b: Landorus|U-turn|p2b: Kricketune\n|-damage|p2b: Kricketune|3\/100 psn\n|\n|t:|1700010111\n|switch|p1b: Tyranitar|Tyranitar, M|100\/100|[from] U-turn\n|-weather|Sandstorm|[from] ability: Sand Stream|[of] p1b: Tyranitar\n|cant|p2b: Kricketune|flinch\n|\n|-weather|Sandstorm|[upkeep]\n|-damage|p2a: Cyclizar|94\/100|[from] Sandstorm\n|-damage|p2b: Kricketune|0 fnt|[from] Sandstorm\n|-damage|p1a: Iron Hands|10\/100|[from] Sandstorm\n|faint|p2b: Kricketune\n|upkeep\n|\n|t:|1700010121\n|switch|p2b: Decidueye|Decidueye-Hisui, M|100\/100\n|turn|5\n|\n|t:|1700010134\n|detailschange|p1b: Tyranitar|Tyranitar-Mega, M\n|-mega|p1b: Tyranitar|Tyranitar|Tyranitarite\n|move|p1b: Tyranitar|Protect|p1b: Tyranitar\n|-singleturn|p1b: Tyranitar|Protect\n|move|p2a: Cyclizar|Iron Tail|p1a: Iron Hands\n|-resisted|p1a: Iron Hands\n|-damage|p1a: Iron Hands|2\/100\n|move|p2b: Decidueye|Triple Arrows|p1b: Tyranitar\n|-activate|p1b: Tyranitar|move: Protect\n|move|p1a: Iron Hands|Ice Punch|p2a: Cyclizar\n|-supereffective|p2a: Cyclizar\n|-damage|p2a: Cyclizar|20\/100\n|\n|-weather|Sandstorm|[upkeep]\n|-damage|p2a: Cyclizar|14\/100|[from] Sandstorm\n|-damage|p2b: Decidueye|95\/100|[from] Sandstorm\n|-damage|p1a: Iron Hands|0 fnt|[from] Sandstorm\n|faint|p1a: Iron Hands\n|-end|p1a: Iron Hands|Quark Drive|[silent]\n|upkeep\n|\n|t:|1700010150\n|switch|p1a: Landorus|Landorus-Therian, M|25\/100\n|-ability|p1a: Landorus|Intimidate|boost\n|-unboost|p2a: Cyclizar|atk|1\n|-fail|p2b: Decidueye|unboost|Attack|[from] ability: Scrappy|[of] p2b: Decidueye\n|turn|6\n|\n|t:|1700010169\n|switch|p1b: Gholdengo|Gholdengo, shiny|100\/100\n|move|p2a: Cyclizar|Power Whip|p1a: Landorus\n|-damage|p1a: Landorus|0 fnt\n|faint|p1a: Landorus\n|move|p2b: Decidueye|Triple Arrows|p1b: Gholdengo\n|-supereffective|p1b: Gholdengo\n|-damage|p1b: Gholdengo|0 fnt\n|faint|p1b: Gholdengo\n|\n|-weather|Sandstorm|[upkeep]\n|-damage|p2a: Cyclizar|8\/100|[from] Sandstorm\n|-damage|p2b: Decidueye|89\/100|[from] Sandstorm\n|upkeep\n|\n|t:|1700010183\n|switch|p1a: Tyranitar|Tyranitar-Mega, M|100\/100\n|switch|p1b: Garganacl|Garganacl, F|100\/100\n|turn|7\n|c|\u2606TeddyWarlock|I forgot Scrappy did that...\n|\n|t:|1700010200\n|move|p1a: Tyranitar|Protect|p1a: Tyranitar\n|-singleturn|p1a: Tyranitar|Protect\n|move|p1b: Garganacl|Protect|p1b: Garganacl\n|-singleturn|p1b: Garganacl|Protect\n|move|p2a: Cyclizar|Power Whip|p1b: Garganacl\n|-activate|p1b: Garganacl|move: Protect\n|move|p2b: Decidueye|Triple Arrows|p1a: Tyranitar\n|-activate|p1a: Tyranitar|move: Protect\n|\n|-weather|Sandstorm|[upkeep]\n|-damage|p2a: Cyclizar|2\/100|[from] Sandstorm\n|-damage|p2b: Decidueye|83\/100|[from] Sandstorm\n|upkeep\n|turn|8\n|c|\u2606arkmin Cydo|L memory\n|\n|t:|1700010221\n|-terastallize|p1b: Garganacl|Ghost\n|move|p2a: Cyclizar|Power Whip|p1b: Garganacl\n|-damage|p1b: Garganacl|85\/100\n|move|p2b: Decidueye|Triple Arrows|p1a: Tyranitar\n|-supereffective|p1a: Tyranitar\n|-damage|p1a: Tyranitar|0 fnt\n|faint|p1a: Tyranitar\n|move|p1b: Garganacl|Salt Cure|p2b: Decidueye\n|-resisted|p2b: Decidueye\n|-damage|p2b: Decidueye|74\/100\n|-start|p2b: Decidueye|Salt Cure\n|\n|-weather|none\n|-heal|p1b: Garganacl|92\/100|[from] item: Leftovers\n|-damage|p2b: Decidueye|62\/100|[from] Salt Cure\n|upkeep\n|turn|9\n|\n|t:|1700010246\n|move|p2a: Cyclizar|Shift Gear|p2a: Cyclizar\n|-boost|p2a: Cyclizar|spe|2\n|-boost|p2a: Cyclizar|atk|1\n|move|p2b: Decidueye|Triple Arrows|p1b: Garganacl\n|-damage|p1b: Garganacl|61\/100\n|-unboost|p1b: Garganacl|def|1\n|move|p1b: Garganacl|Salt Cure|p2a: Cyclizar\n|-damage|p2a: Cyclizar|0 fnt\n|faint|p2a: Cyclizar\n|\n|-heal|p1b: Garganacl|67\/100|[from] item: Leftovers\n|-damage|p2b: Decidueye|49\/100|[from] Salt Cure\n|upkeep\n|inactive|arkmin Cydo has 120 seconds left.\n|\n|t:|1700010262\n|switch|p2a: Donphan|Donphan, M|1\/100 psn\n|turn|10\n|c|\u2606TeddyWarlock|gg\n|c|\u2606arkmin Cydo|gg\n|inactive|arkmin Cydo has 120 seconds left.\n|\n|t:|1700010290\n|move|p1b: Garganacl|Protect|p1b: Garganacl\n|-singleturn|p1b: Garganacl|Protect\n|move|p2b: Decidueye|Triple Arrows|p1b: Garganacl\n|-activate|p1b: Garganacl|move: Protect\n|move|p2a: Donphan|Ice Spinner|p1b: Garganacl\n|-activate|p1b: Garganacl|move: Protect\n|\n|-heal|p1b: Garganacl|73\/100|[from] item: Leftovers\n|-damage|p2a: Donphan|0 fnt|[from] psn\n|faint|p2a: Donphan\n|-damage|p2b: Decidueye|37\/100|[from] Salt Cure\n|upkeep\n|turn|11\n|inactive|arkmin Cydo has 120 seconds left.\n|\n|t:|1700010310\n|move|p2b: Decidueye|Triple Arrows|p1b: Garganacl\n|-damage|p1b: Garganacl|32\/100\n|cant|p1b: Garganacl|flinch\n|\n|-heal|p1b: Garganacl|38\/100|[from] item: Leftovers\n|-damage|p2b: Decidueye|25\/100|[from] Salt Cure\n|upkeep\n|turn|12\n|c|\u2606arkmin Cydo|Damn\n|\n|t:|1700010332\n|move|p1b: Garganacl|Protect|p1b: Garganacl\n|-singleturn|p1b: Garganacl|Protect\n|move|p2b: Decidueye|Triple Arrows|p1b: Garganacl\n|-activate|p1b: Garganacl|move: Protect\n|\n|-heal|p1b: Garganacl|44\/100|[from] item: Leftovers\n|-damage|p2b: Decidueye|12\/100|[from] Salt Cure\n|upkeep\n|turn|13\n|c|\u2606TeddyWarlock|I think flinch made me lose...\n|c|\u2606TeddyWarlock|*that\n|inactive|arkmin Cydo has 120 seconds left.\n|c|\u2606arkmin Cydo|No 25%\n|\n|t:|1700010369\n|move|p2b: Decidueye|Triple Arrows|p1b: Garganacl\n|-damage|p1b: Garganacl|0 fnt\n|faint|p1b: Garganacl\n|\n|win|arkmin Cydo\n|raw|TeddyWarlock's rating: 1444 &rarr; <strong>1411<\/strong><br \/>(-33 for losing)\n|raw|arkmin Cydo's rating: 1167 &rarr; <strong>1209<\/strong><br \/>(+42 for winning)\n|c|\u2606TeddyWarlock|damn\n|c|\u2606arkmin Cydo|Close game\n|c|\u2606TeddyWarlock|indeed\n|l|\u2606TeddyWarlock\n","uploadtime":1700010398,"views":8,"p1id":"teddywarlock","p2id":"arkmincydo","formatid":"gen9nationaldexdoubles","rating":1209,"private":0,"password":""}