{"id":"gen9nationaldexdoubles-1952818374","p1":"Koge Takashii","p2":"lopover6552","format":"[Gen 9] National Dex Doubles","log":"|j|\u2606Koge Takashii\n|j|\u2606lopover6552\n|t:|1695731957\n|gametype|doubles\n|player|p1|Koge Takashii|jupiter|1160\n|player|p2|lopover6552|266|1103\n|teamsize|p1|6\n|teamsize|p2|6\n|gen|9\n|tier|[Gen 9] National Dex Doubles\n|rated|\n|rule|HP Percentage Mod: HP is shown in percentages\n|rule|Endless Battle Clause: Forcing endless battles is banned\n|rule|OHKO Clause: OHKO moves are banned\n|rule|Evasion Moves Clause: Evasion moves are banned\n|rule|Evasion Abilities Clause: Evasion abilities are banned\n|rule|Species Clause: Limit one of each Pok\u00e9mon\n|rule|Gravity Sleep Clause: The combination of sleep-inducing moves with imperfect accuracy and Gravity or Gigantamax Orbeetle are banned\n|clearpoke\n|poke|p1|Empoleon, M|\n|poke|p1|Feraligatr, M|\n|poke|p1|Iron Bundle|\n|poke|p1|Froslass, F|\n|poke|p1|Gyarados, F|\n|poke|p1|Regieleki|\n|poke|p2|Wyrdeer, F|\n|poke|p2|Okidogi, M|\n|poke|p2|Ogerpon, F|\n|poke|p2|Cramorant, M|\n|poke|p2|Gliscor, M|\n|poke|p2|Palafin, F|\n|teampreview\n|\n|t:|1695732006\n|start\n|switch|p1a: \ud83d\uddef\ufe0fWind-Up Action\u2757|Froslass, F, shiny|100\/100\n|switch|p1b: \ud83d\uddef\ufe0fExtra Dex\u2757\u2757|Iron Bundle, shiny|100\/100\n|switch|p2a: Wyrdeer|Wyrdeer, F|100\/100\n|switch|p2b: Okidogi|Okidogi, M|100\/100\n|-ability|p2a: Wyrdeer|Intimidate|boost\n|-unboost|p1a: \ud83d\uddef\ufe0fWind-Up Action\u2757|atk|1\n|-unboost|p1b: \ud83d\uddef\ufe0fExtra Dex\u2757\u2757|atk|1\n|-enditem|p1b: \ud83d\uddef\ufe0fExtra Dex\u2757\u2757|Booster Energy\n|-activate|p1b: \ud83d\uddef\ufe0fExtra Dex\u2757\u2757|ability: Quark Drive|[fromitem]\n|-start|p1b: \ud83d\uddef\ufe0fExtra Dex\u2757\u2757|quarkdrivespe\n|turn|1\n|\n|t:|1695732073\n|switch|p1a: \ud83d\uddef\ufe0fProxy\u2122|Gyarados, F, shiny|100\/100\n|-ability|p1a: \ud83d\uddef\ufe0fProxy\u2122|Intimidate|boost\n|-unboost|p2a: Wyrdeer|atk|1\n|-ability|p2b: Okidogi|Guard Dog|boost\n|-boost|p2b: Okidogi|atk|1\n|-enditem|p2b: Okidogi|Adrenaline Orb\n|-boost|p2b: Okidogi|spe|1|[from] item: Adrenaline Orb\n|-terastallize|p1b: \ud83d\uddef\ufe0fExtra Dex\u2757\u2757|Electric\n|move|p1b: \ud83d\uddef\ufe0fExtra Dex\u2757\u2757|Rain Dance|p1b: \ud83d\uddef\ufe0fExtra Dex\u2757\u2757\n|-weather|RainDance\n|move|p2b: Okidogi|Bulk Up|p2b: Okidogi\n|-boost|p2b: Okidogi|atk|1\n|-boost|p2b: Okidogi|def|1\n|move|p2a: Wyrdeer|Skill Swap|p1a: \ud83d\uddef\ufe0fProxy\u2122\n|-activate|p2a: Wyrdeer|move: Skill Swap|Intimidate|Intimidate|[of] p1a: \ud83d\uddef\ufe0fProxy\u2122\n|-ability|p2a: Wyrdeer|Intimidate|boost\n|-unboost|p1a: \ud83d\uddef\ufe0fProxy\u2122|atk|1\n|-unboost|p1b: \ud83d\uddef\ufe0fExtra Dex\u2757\u2757|atk|1\n|-ability|p1a: \ud83d\uddef\ufe0fProxy\u2122|Intimidate|boost\n|-unboost|p2a: Wyrdeer|atk|1\n|-ability|p2b: Okidogi|Guard Dog|boost\n|-boost|p2b: Okidogi|atk|1\n|\n|-weather|RainDance|[upkeep]\n|upkeep\n|turn|2\n|\n|t:|1695732112\n|move|p2a: Wyrdeer|Protect|p2a: Wyrdeer\n|-singleturn|p2a: Wyrdeer|Protect\n|move|p1b: \ud83d\uddef\ufe0fExtra Dex\u2757\u2757|Hydro Pump|p2b: Okidogi\n|-damage|p2b: Okidogi|5\/100\n|move|p2b: Okidogi|Knock Off|p1a: \ud83d\uddef\ufe0fProxy\u2122\n|-damage|p1a: \ud83d\uddef\ufe0fProxy\u2122|37\/100\n|move|p1a: \ud83d\uddef\ufe0fProxy\u2122|Dragon Tail|p2b: Okidogi\n|-damage|p2b: Okidogi|0 fnt\n|faint|p2b: Okidogi\n|\n|-weather|RainDance|[upkeep]\n|upkeep\n|\n|t:|1695732123\n|switch|p2b: Ogerpon|Ogerpon, F|100\/100\n|turn|3\n|\n|t:|1695732197\n|detailschange|p1a: \ud83d\uddef\ufe0fProxy\u2122|Gyarados-Mega, F, shiny\n|-mega|p1a: \ud83d\uddef\ufe0fProxy\u2122|Gyarados|Gyaradosite\n|-ability|p1a: \ud83d\uddef\ufe0fProxy\u2122|Mold Breaker\n|-terastallize|p2b: Ogerpon|Grass\n|detailschange|p2b: Ogerpon|Ogerpon-Teal-Tera, F, tera:Grass\n|-ability|p2b: Ogerpon|Embody Aspect (Teal)|boost\n|-boost|p2b: Ogerpon|spe|1\n|move|p1b: \ud83d\uddef\ufe0fExtra Dex\u2757\u2757|Hydro Pump|p2b: Ogerpon|[miss]\n|-miss|p1b: \ud83d\uddef\ufe0fExtra Dex\u2757\u2757|p2b: Ogerpon\n|move|p2b: Ogerpon|Swords Dance|p2b: Ogerpon\n|-boost|p2b: Ogerpon|atk|2\n|move|p1a: \ud83d\uddef\ufe0fProxy\u2122|Crunch|p2a: Wyrdeer\n|-supereffective|p2a: Wyrdeer\n|-damage|p2a: Wyrdeer|47\/100\n|move|p2a: Wyrdeer|Skill Swap|p2b: Ogerpon\n|-activate|p2a: Wyrdeer|move: Skill Swap|||[of] p2b: Ogerpon\n|-ability|p2b: Ogerpon|Intimidate|boost\n|-unboost|p1a: \ud83d\uddef\ufe0fProxy\u2122|atk|1\n|-unboost|p1b: \ud83d\uddef\ufe0fExtra Dex\u2757\u2757|atk|1\n|\n|-weather|RainDance|[upkeep]\n|upkeep\n|turn|4\n|\n|t:|1695732234\n|move|p1a: \ud83d\uddef\ufe0fProxy\u2122|Protect|p1a: \ud83d\uddef\ufe0fProxy\u2122\n|-singleturn|p1a: \ud83d\uddef\ufe0fProxy\u2122|Protect\n|move|p1b: \ud83d\uddef\ufe0fExtra Dex\u2757\u2757|Icy Wind|p2b: Ogerpon|[spread] p2a,p2b\n|-supereffective|p2b: Ogerpon\n|-damage|p2a: Wyrdeer|29\/100\n|-damage|p2b: Ogerpon|65\/100\n|-unboost|p2a: Wyrdeer|spe|1\n|-unboost|p2b: Ogerpon|spe|1\n|move|p2b: Ogerpon|Ivy Cudgel|p1a: \ud83d\uddef\ufe0fProxy\u2122\n|-activate|p1a: \ud83d\uddef\ufe0fProxy\u2122|move: Protect\n|move|p2a: Wyrdeer|Skill Swap||[still]\n|-fail|p2a: Wyrdeer\n|\n|-weather|RainDance|[upkeep]\n|upkeep\n|turn|5\n|\n|t:|1695732259\n|move|p1b: \ud83d\uddef\ufe0fExtra Dex\u2757\u2757|Icy Wind|p2a: Wyrdeer|[spread] p2a,p2b\n|-supereffective|p2b: Ogerpon\n|-damage|p2a: Wyrdeer|13\/100\n|-damage|p2b: Ogerpon|32\/100\n|-unboost|p2a: Wyrdeer|spe|1\n|-unboost|p2b: Ogerpon|spe|1\n|move|p2b: Ogerpon|Ivy Cudgel|p1a: \ud83d\uddef\ufe0fProxy\u2122\n|-supereffective|p1a: \ud83d\uddef\ufe0fProxy\u2122\n|-damage|p1a: \ud83d\uddef\ufe0fProxy\u2122|0 fnt\n|faint|p1a: \ud83d\uddef\ufe0fProxy\u2122\n|move|p2a: Wyrdeer|Shadow Ball|p1b: \ud83d\uddef\ufe0fExtra Dex\u2757\u2757\n|-damage|p1b: \ud83d\uddef\ufe0fExtra Dex\u2757\u2757|65\/100\n|\n|-weather|none\n|upkeep\n|\n|t:|1695732284\n|switch|p1a: \ud83d\uddef\ufe0fDrident\u2757\u2757|Empoleon, M, shiny|100\/100\n|turn|6\n|\n|t:|1695732295\n|switch|p2a: Gliscor|Gliscor, M|100\/100\n|move|p2b: Ogerpon|Protect|p2b: Ogerpon\n|-singleturn|p2b: Ogerpon|Protect\n|move|p1b: \ud83d\uddef\ufe0fExtra Dex\u2757\u2757|Icy Wind|p2a: Gliscor|[spread] p2a\n|-activate|p2b: Ogerpon|move: Protect\n|-supereffective|p2a: Gliscor\n|-damage|p2a: Gliscor|16\/100\n|-unboost|p2a: Gliscor|spe|1\n|move|p1a: \ud83d\uddef\ufe0fDrident\u2757\u2757|Agility|p1a: \ud83d\uddef\ufe0fDrident\u2757\u2757\n|-boost|p1a: \ud83d\uddef\ufe0fDrident\u2757\u2757|spe|2\n|\n|-status|p2a: Gliscor|tox|[from] item: Toxic Orb\n|upkeep\n|turn|7\n|\n|t:|1695732347\n|move|p1a: \ud83d\uddef\ufe0fDrident\u2757\u2757|Helping Hand|p1b: \ud83d\uddef\ufe0fExtra Dex\u2757\u2757\n|-singleturn|p1b: \ud83d\uddef\ufe0fExtra Dex\u2757\u2757|Helping Hand|[of] p1a: \ud83d\uddef\ufe0fDrident\u2757\u2757\n|move|p2a: Gliscor|Protect|p2a: Gliscor\n|-singleturn|p2a: Gliscor|Protect\n|move|p1b: \ud83d\uddef\ufe0fExtra Dex\u2757\u2757|Icy Wind|p2a: Gliscor|[spread] p2b\n|-activate|p2a: Gliscor|move: Protect\n|-supereffective|p2b: Ogerpon\n|-damage|p2b: Ogerpon|0 fnt\n|faint|p2b: Ogerpon\n|\n|-heal|p2a: Gliscor|28\/100 tox|[from] ability: Poison Heal\n|upkeep\n|\n|t:|1695732360\n|switch|p2b: Cramorant|Cramorant, M|100\/100\n|turn|8\n|\n|t:|1695732396\n|move|p1b: \ud83d\uddef\ufe0fExtra Dex\u2757\u2757|Rain Dance|p1b: \ud83d\uddef\ufe0fExtra Dex\u2757\u2757\n|-weather|RainDance\n|move|p1a: \ud83d\uddef\ufe0fDrident\u2757\u2757|Surf|p2b: Cramorant|[spread] p1b,p2a,p2b\n|-supereffective|p2a: Gliscor\n|-resisted|p2b: Cramorant\n|-damage|p1b: \ud83d\uddef\ufe0fExtra Dex\u2757\u2757|0 fnt\n|-damage|p2a: Gliscor|0 fnt\n|-damage|p2b: Cramorant|79\/100\n|faint|p1b: \ud83d\uddef\ufe0fExtra Dex\u2757\u2757\n|-end|p1b: \ud83d\uddef\ufe0fExtra Dex\u2757\u2757|Quark Drive|[silent]\n|faint|p2a: Gliscor\n|move|p2b: Cramorant|Blizzard|p1a: \ud83d\uddef\ufe0fDrident\u2757\u2757\n|-resisted|p1a: \ud83d\uddef\ufe0fDrident\u2757\u2757\n|-damage|p1a: \ud83d\uddef\ufe0fDrident\u2757\u2757|94\/100\n|\n|-weather|RainDance|[upkeep]\n|upkeep\n|\n|t:|1695732422\n|switch|p1b: \ud83d\uddef\ufe0fBattle phase 2\u2757|Regieleki, shiny|100\/100\n|switch|p2a: Palafin|Palafin, F|100\/100\n|turn|9\n|\n|t:|1695732450\n|move|p1b: \ud83d\uddef\ufe0fBattle phase 2\u2757|Explosion|p2b: Cramorant|[spread] p1a,p2a,p2b\n|-resisted|p1a: \ud83d\uddef\ufe0fDrident\u2757\u2757\n|-damage|p1a: \ud83d\uddef\ufe0fDrident\u2757\u2757|47\/100\n|-damage|p2a: Palafin|0 fnt\n|-damage|p2b: Cramorant|0 fnt\n|faint|p1b: \ud83d\uddef\ufe0fBattle phase 2\u2757\n|faint|p2a: Palafin\n|faint|p2b: Cramorant\n|move|p1a: \ud83d\uddef\ufe0fDrident\u2757\u2757|Surf|p2: Palafin|[notarget]\n|-fail|p1a: \ud83d\uddef\ufe0fDrident\u2757\u2757\n|\n|-weather|RainDance|[upkeep]\n|upkeep\n|-message|lopover6552 forfeited.\n|\n|win|Koge Takashii\n|raw|Koge Takashii's rating: 1160 &rarr; <strong>1179<\/strong><br \/>(+19 for winning)\n|raw|lopover6552's rating: 1074 &rarr; <strong>1058<\/strong><br \/>(-16 for losing)\n|l|\u2606lopover6552\n","uploadtime":1695732676,"views":11,"p1id":"kogetakashii","p2id":"lopover6552","formatid":"gen9nationaldexdoubles","rating":1058,"private":0,"password":""}