{"id":"gen9nationaldexdoubles-1955805164","p1":"Rey_The_Savage","p2":"Uchaku","format":"[Gen 9] National Dex Doubles","log":"|j|\u2606Rey_The_Savage\n|j|\u2606Uchaku\n|t:|1696029903\n|gametype|doubles\n|player|p1|Rey_The_Savage|ethan|1190\n|player|p2|Uchaku|colress|1239\n|teamsize|p1|6\n|teamsize|p2|6\n|gen|9\n|tier|[Gen 9] National Dex Doubles\n|rated|\n|rule|HP Percentage Mod: HP is shown in percentages\n|rule|Endless Battle Clause: Forcing endless battles is banned\n|rule|OHKO Clause: OHKO moves are banned\n|rule|Evasion Moves Clause: Evasion moves are banned\n|rule|Evasion Abilities Clause: Evasion abilities are banned\n|rule|Species Clause: Limit one of each Pok\u00e9mon\n|rule|Gravity Sleep Clause: The combination of sleep-inducing moves with imperfect accuracy and Gravity or Gigantamax Orbeetle are banned\n|clearpoke\n|poke|p1|Charizard, M|\n|poke|p1|Typhlosion, M|\n|poke|p1|Venusaur, F|\n|poke|p1|Walking Wake|\n|poke|p1|Ninetales, M|\n|poke|p1|Alcremie, F|\n|poke|p2|Ursaluna-Bloodmoon, M|\n|poke|p2|Slowbro-Galar, F|\n|poke|p2|Glastrier|\n|poke|p2|Copperajah, F|\n|poke|p2|Exeggutor-Alola, F|\n|poke|p2|Volcanion|\n|teampreview\n|inactive|Battle timer is ON: inactive players will automatically lose when time's up. (requested by Rey_The_Savage)\n|\n|t:|1696029923\n|start\n|switch|p1a: Alcremie|Alcremie, F, shiny|100\/100\n|switch|p1b: Ninetales|Ninetales, M|100\/100\n|switch|p2a: Exeggutor|Exeggutor-Alola, F, shiny|100\/100\n|switch|p2b: Volcanion|Volcanion|100\/100\n|-weather|SunnyDay|[from] ability: Drought|[of] p1b: Ninetales\n|turn|1\n|\n|t:|1696029940\n|move|p1a: Alcremie|Protect|p1a: Alcremie\n|-singleturn|p1a: Alcremie|Protect\n|move|p1b: Ninetales|Fire Blast|p2a: Exeggutor\n|-damage|p2a: Exeggutor|33\/100\n|-enditem|p2a: Exeggutor|Sitrus Berry|[eat]\n|-heal|p2a: Exeggutor|58\/100|[from] item: Sitrus Berry\n|move|p2b: Volcanion|Steam Eruption|p1b: Ninetales\n|-supereffective|p1b: Ninetales\n|-damage|p1b: Ninetales|7\/100\n|-damage|p2b: Volcanion|91\/100|[from] item: Life Orb\n|move|p2a: Exeggutor|Trick Room|p2a: Exeggutor\n|-fieldstart|move: Trick Room|[of] p2a: Exeggutor\n|\n|-weather|SunnyDay|[upkeep]\n|-item|p2a: Exeggutor|Sitrus Berry|[from] ability: Harvest\n|upkeep\n|turn|2\n|\n|t:|1696029966\n|move|p2a: Exeggutor|Leech Seed|p1a: Alcremie\n|-start|p1a: Alcremie|move: Leech Seed\n|move|p1a: Alcremie|Substitute|p1a: Alcremie\n|-start|p1a: Alcremie|Substitute\n|-damage|p1a: Alcremie|76\/100\n|move|p2b: Volcanion|Scorching Sands|p1b: Ninetales\n|-supereffective|p1b: Ninetales\n|-damage|p1b: Ninetales|0 fnt\n|faint|p1b: Ninetales\n|-damage|p2b: Volcanion|81\/100|[from] item: Life Orb\n|\n|-weather|SunnyDay|[upkeep]\n|-damage|p1a: Alcremie|63\/100|[from] Leech Seed|[of] p2a: Exeggutor\n|-heal|p2a: Exeggutor|69\/100|[silent]\n|upkeep\n|inactive|Rey_The_Savage has 120 seconds left.\n|\n|t:|1696029984\n|switch|p1b: Walking Wake|Walking Wake|100\/100\n|-activate|p1b: Walking Wake|ability: Protosynthesis\n|-start|p1b: Walking Wake|protosynthesisspe\n|turn|3\n|inactive|Rey_The_Savage has 120 seconds left.\n|\n|t:|1696030015\n|-terastallize|p1b: Walking Wake|Water\n|move|p2a: Exeggutor|Draco Meteor|p1b: Walking Wake\n|-damage|p1b: Walking Wake|14\/100\n|-unboost|p2a: Exeggutor|spa|2\n|move|p1a: Alcremie|Dazzling Gleam|p2a: Exeggutor|[spread] p2a,p2b\n|-supereffective|p2a: Exeggutor\n|-resisted|p2b: Volcanion\n|-damage|p2a: Exeggutor|23\/100\n|-damage|p2b: Volcanion|69\/100\n|-enditem|p2a: Exeggutor|Sitrus Berry|[eat]\n|-heal|p2a: Exeggutor|48\/100|[from] item: Sitrus Berry\n|move|p2b: Volcanion|Haze|p2b: Volcanion\n|-clearallboost\n|move|p1b: Walking Wake|Hydro Steam|p2a: Exeggutor\n|-resisted|p2a: Exeggutor\n|-damage|p2a: Exeggutor|13\/100\n|\n|-weather|SunnyDay|[upkeep]\n|-damage|p1a: Alcremie|51\/100|[from] Leech Seed|[of] p2a: Exeggutor\n|-heal|p2a: Exeggutor|23\/100|[silent]\n|-item|p2a: Exeggutor|Sitrus Berry|[from] ability: Harvest\n|upkeep\n|-enditem|p2a: Exeggutor|Sitrus Berry|[eat]\n|-heal|p2a: Exeggutor|48\/100|[from] item: Sitrus Berry\n|turn|4\n|inactive|Rey_The_Savage has 120 seconds left.\n|\n|t:|1696030046\n|move|p2a: Exeggutor|Energy Ball|p1b: Walking Wake\n|-supereffective|p1b: Walking Wake\n|-damage|p1b: Walking Wake|0 fnt\n|faint|p1b: Walking Wake\n|-end|p1b: Walking Wake|Protosynthesis|[silent]\n|move|p1a: Alcremie|Dazzling Gleam|p2b: Volcanion|[spread] p2a,p2b\n|-supereffective|p2a: Exeggutor\n|-resisted|p2b: Volcanion\n|-damage|p2a: Exeggutor|3\/100\n|-damage|p2b: Volcanion|57\/100\n|move|p2b: Volcanion|Flamethrower|p1a: Alcremie\n|-end|p1a: Alcremie|Substitute\n|-damage|p2b: Volcanion|47\/100|[from] item: Life Orb\n|\n|-weather|SunnyDay|[upkeep]\n|-damage|p1a: Alcremie|39\/100|[from] Leech Seed|[of] p2a: Exeggutor\n|-heal|p2a: Exeggutor|14\/100|[silent]\n|-item|p2a: Exeggutor|Sitrus Berry|[from] ability: Harvest\n|upkeep\n|-enditem|p2a: Exeggutor|Sitrus Berry|[eat]\n|-heal|p2a: Exeggutor|39\/100|[from] item: Sitrus Berry\n|\n|t:|1696030060\n|switch|p1b: Venusaur|Venusaur, F|100\/100\n|turn|5\n|\n|t:|1696030074\n|move|p2a: Exeggutor|Energy Ball|p1a: Alcremie\n|-damage|p1a: Alcremie|0 fnt\n|faint|p1a: Alcremie\n|move|p2b: Volcanion|Flamethrower|p1b: Venusaur\n|-supereffective|p1b: Venusaur\n|-damage|p1b: Venusaur|0 fnt\n|faint|p1b: Venusaur\n|-damage|p2b: Volcanion|37\/100|[from] item: Life Orb\n|\n|-weather|none\n|-fieldend|move: Trick Room\n|-item|p2a: Exeggutor|Sitrus Berry|[from] ability: Harvest\n|upkeep\n|-enditem|p2a: Exeggutor|Sitrus Berry|[eat]\n|-heal|p2a: Exeggutor|63\/100|[from] item: Sitrus Berry\n|\n|t:|1696030078\n|switch|p1b: Charizard|Charizard, M|100\/100\n|switch|p1a: Typhlosion|Typhlosion, M|100\/100\n|turn|6\n|\n|t:|1696030098\n|detailschange|p1b: Charizard|Charizard-Mega-Y, M\n|-mega|p1b: Charizard|Charizard|Charizardite Y\n|-weather|SunnyDay|[from] ability: Drought|[of] p1b: Charizard\n|move|p1a: Typhlosion|Eruption|p2a: Exeggutor|[spread] p2a,p2b\n|-resisted|p2b: Volcanion\n|-damage|p2a: Exeggutor|0 fnt\n|-damage|p2b: Volcanion|17\/100\n|faint|p2a: Exeggutor\n|move|p1b: Charizard|Air Slash|p2b: Volcanion\n|-damage|p2b: Volcanion|0 fnt\n|faint|p2b: Volcanion\n|\n|-weather|SunnyDay|[upkeep]\n|upkeep\n|\n|t:|1696030109\n|switch|p2b: Slowbro|Slowbro-Galar, F, shiny|100\/100\n|switch|p2a: Ursaluna|Ursaluna-Bloodmoon, M|100\/100\n|turn|7\n|\n|t:|1696030128\n|move|p1a: Typhlosion|Eruption|p2a: Ursaluna|[spread] p2a,p2b\n|-crit|p2b: Slowbro\n|-damage|p2a: Ursaluna|7\/100\n|-damage|p2b: Slowbro|0 fnt\n|faint|p2b: Slowbro\n|move|p1b: Charizard|Flamethrower|p2a: Ursaluna\n|-damage|p2a: Ursaluna|0 fnt\n|faint|p2a: Ursaluna\n|\n|-weather|SunnyDay|[upkeep]\n|upkeep\n|\n|t:|1696030137\n|switch|p2a: Glastrier|Glastrier|100\/100\n|switch|p2b: Copperajah|Copperajah, F, shiny|100\/100\n|turn|8\n|\n|t:|1696030159\n|-terastallize|p2b: Copperajah|Fire\n|move|p1a: Typhlosion|Eruption|p2b: Copperajah|[spread] p2a,p2b\n|-supereffective|p2a: Glastrier\n|-resisted|p2b: Copperajah\n|-damage|p2a: Glastrier|0 fnt\n|-damage|p2b: Copperajah|61\/100\n|faint|p2a: Glastrier\n|move|p1b: Charizard|Flamethrower|p2b: Copperajah\n|-resisted|p2b: Copperajah\n|-damage|p2b: Copperajah|19\/100\n|move|p2b: Copperajah|Heat Crash|p1a: Typhlosion\n|-start|p1a: Typhlosion|ability: Flash Fire\n|\n|-weather|SunnyDay|[upkeep]\n|upkeep\n|turn|9\n|\n|t:|1696030175\n|move|p1a: Typhlosion|Eruption|p2b: Copperajah\n|-resisted|p2b: Copperajah\n|-damage|p2b: Copperajah|0 fnt\n|faint|p2b: Copperajah\n|\n|win|Rey_The_Savage\n|raw|Rey_The_Savage's rating: 1190 &rarr; <strong>1219<\/strong><br \/>(+29 for winning)\n|raw|Uchaku's rating: 1239 &rarr; <strong>1210<\/strong><br \/>(-29 for losing)\n|l|\u2606Uchaku\n","uploadtime":1696030187,"views":14,"p1id":"reythesavage","p2id":"uchaku","formatid":"gen9nationaldexdoubles","rating":1210,"private":0,"password":""}