{"id":"gen9nationaldexdoubles-1976331097","p1":"Dirtyd2oh9","p2":"Denvah_17","format":"[Gen 9] National Dex Doubles","log":"|j|\u2606Dirtyd2oh9\n|j|\u2606Denvah_17\n|t:|1698287525\n|gametype|doubles\n|player|p1|Dirtyd2oh9|rocketgrunt|1189\n|player|p2|Denvah_17|alder|1467\n|teamsize|p1|6\n|teamsize|p2|6\n|gen|9\n|tier|[Gen 9] National Dex Doubles\n|rated|\n|rule|HP Percentage Mod: HP is shown in percentages\n|rule|Endless Battle Clause: Forcing endless battles is banned\n|rule|OHKO Clause: OHKO moves are banned\n|rule|Evasion Moves Clause: Evasion moves are banned\n|rule|Evasion Abilities Clause: Evasion abilities are banned\n|rule|Species Clause: Limit one of each Pok\u00e9mon\n|rule|Gravity Sleep Clause: The combination of sleep-inducing moves with imperfect accuracy and Gravity or Gigantamax Orbeetle are banned\n|clearpoke\n|poke|p1|Grimmsnarl, M|\n|poke|p1|Ferrothorn, M|\n|poke|p1|Alakazam, M|\n|poke|p1|Tyranitar, F|\n|poke|p1|Conkeldurr, M|\n|poke|p1|Gliscor, M|\n|poke|p2|Sinistcha-Masterpiece|\n|poke|p2|Diancie|\n|poke|p2|Okidogi, M|\n|poke|p2|Ursaluna-Bloodmoon, M|\n|poke|p2|Volcanion|\n|poke|p2|Golisopod, M|\n|teampreview\n|inactive|Battle timer is ON: inactive players will automatically lose when time's up. (requested by Dirtyd2oh9)\n|\n|t:|1698287543\n|start\n|switch|p1a: Grimmsnarl|Grimmsnarl, M|100\/100\n|switch|p1b: Gliscor|Gliscor, M|100\/100\n|switch|p2a: Dogecoin|Okidogi, M|100\/100\n|switch|p2b: Rihanna|Diancie, shiny|100\/100\n|turn|1\n|inactive|Dirtyd2oh9 has 120 seconds left.\n|inactive|Denvah_17 has 120 seconds left.\n|\n|t:|1698287576\n|switch|p2b: NowThisIsPodRacing|Golisopod, M|100\/100\n|move|p1a: Grimmsnarl|Thunder Wave|p2a: Dogecoin\n|-status|p2a: Dogecoin|par\n|move|p1b: Gliscor|Swords Dance|p1b: Gliscor\n|-boost|p1b: Gliscor|atk|2\n|cant|p2a: Dogecoin|par\n|\n|-status|p1b: Gliscor|tox|[from] item: Toxic Orb\n|upkeep\n|turn|2\n|inactive|Dirtyd2oh9 has 120 seconds left.\n|\n|t:|1698287610\n|move|p2b: NowThisIsPodRacing|First Impression|p1a: Grimmsnarl\n|-damage|p1a: Grimmsnarl|45\/100\n|-damage|p2b: NowThisIsPodRacing|91\/100|[from] item: Life Orb\n|move|p1a: Grimmsnarl|Reflect|p1a: Grimmsnarl\n|-sidestart|p1: Dirtyd2oh9|Reflect\n|move|p1b: Gliscor|Swords Dance|p1b: Gliscor\n|-boost|p1b: Gliscor|atk|2\n|move|p2a: Dogecoin|Ice Punch|p1b: Gliscor\n|-supereffective|p1b: Gliscor\n|-damage|p1b: Gliscor|47\/100 tox\n|\n|-heal|p1b: Gliscor|60\/100 tox|[from] ability: Poison Heal\n|upkeep\n|turn|3\n|inactive|Dirtyd2oh9 has 120 seconds left.\n|\n|t:|1698287654\n|move|p1a: Grimmsnarl|Thunder Wave|p2b: NowThisIsPodRacing\n|-status|p2b: NowThisIsPodRacing|par\n|move|p2b: NowThisIsPodRacing|Aqua Jet|p1b: Gliscor\n|-supereffective|p1b: Gliscor\n|-damage|p1b: Gliscor|35\/100 tox\n|-damage|p2b: NowThisIsPodRacing|81\/100 par|[from] item: Life Orb\n|move|p1b: Gliscor|Tailwind|p1b: Gliscor\n|-sidestart|p1: Dirtyd2oh9|move: Tailwind\n|move|p2a: Dogecoin|Ice Punch|p1b: Gliscor\n|-supereffective|p1b: Gliscor\n|-damage|p1b: Gliscor|0 fnt\n|faint|p1b: Gliscor\n|\n|upkeep\n|inactive|Dirtyd2oh9 has 90 seconds left.\n|\n|t:|1698287677\n|switch|p1b: Conkeldurr|Conkeldurr, M|100\/100\n|turn|4\n|inactive|Dirtyd2oh9 has 90 seconds left.\n|\n|t:|1698287698\n|move|p1a: Grimmsnarl|Parting Shot|p2b: NowThisIsPodRacing\n|-unboost|p2b: NowThisIsPodRacing|atk|1\n|-unboost|p2b: NowThisIsPodRacing|spa|1\n|inactive|Dirtyd2oh9 has 90 seconds left.\n|\n|t:|1698287706\n|switch|p1a: Alakazam|Alakazam, M, shiny|100\/100|[from] Parting Shot\n|cant|p2b: NowThisIsPodRacing|par\n|move|p1b: Conkeldurr|Knock Off|p2b: NowThisIsPodRacing\n|-damage|p2b: NowThisIsPodRacing|54\/100 par\n|-enditem|p2b: NowThisIsPodRacing|Life Orb|[from] move: Knock Off|[of] p1b: Conkeldurr\n|move|p2a: Dogecoin|Poison Jab|p1a: Alakazam\n|-damage|p1a: Alakazam|27\/100\n|-status|p1a: Alakazam|psn\n|\n|-status|p1b: Conkeldurr|brn|[from] item: Flame Orb\n|upkeep\n|turn|5\n|inactive|Dirtyd2oh9 has 90 seconds left.\n|\n|t:|1698287743\n|move|p2b: NowThisIsPodRacing|Sucker Punch|p1a: Alakazam\n|-supereffective|p1a: Alakazam\n|-damage|p1a: Alakazam|0 fnt\n|faint|p1a: Alakazam\n|move|p1b: Conkeldurr|Drain Punch|p2b: NowThisIsPodRacing\n|-resisted|p2b: NowThisIsPodRacing\n|-damage|p2b: NowThisIsPodRacing|28\/100 par\n|-activate|p2b: NowThisIsPodRacing|ability: Emergency Exit\n|\n|t:|1698287754\n|switch|p2b: Rihanna|Diancie, shiny|100\/100\n|move|p2a: Dogecoin|Drain Punch|p1b: Conkeldurr\n|-damage|p1b: Conkeldurr|75\/100 brn\n|\n|-damage|p1b: Conkeldurr|69\/100 brn|[from] brn\n|upkeep\n|\n|t:|1698287771\n|switch|p1a: Ferrothorn|Ferrothorn, M, shiny|100\/100\n|turn|6\n|inactive|Dirtyd2oh9 has 90 seconds left.\n|\n|t:|1698287789\n|-terastallize|p2b: Rihanna|Ground\n|move|p1b: Conkeldurr|Earthquake|p2a: Dogecoin|[spread] p1a,p2a,p2b\n|-supereffective|p2a: Dogecoin\n|-damage|p1a: Ferrothorn|83\/100\n|-damage|p2a: Dogecoin|30\/100 par\n|-damage|p2b: Rihanna|67\/100\n|cant|p2a: Dogecoin|par\n|move|p1a: Ferrothorn|Curse|p1a: Ferrothorn\n|-unboost|p1a: Ferrothorn|spe|1\n|-boost|p1a: Ferrothorn|atk|1\n|-boost|p1a: Ferrothorn|def|1\n|move|p2b: Rihanna|Trick Room|p2b: Rihanna\n|-fieldstart|move: Trick Room|[of] p2b: Rihanna\n|\n|-heal|p1a: Ferrothorn|89\/100|[from] item: Leftovers\n|-damage|p1b: Conkeldurr|63\/100 brn|[from] brn\n|-sideend|p1: Dirtyd2oh9|move: Tailwind\n|upkeep\n|turn|7\n|inactive|Dirtyd2oh9 has 90 seconds left.\n|\n|t:|1698287816\n|switch|p2a: Mr. Saxobeat|Volcanion|100\/100\n|move|p1a: Ferrothorn|Gyro Ball|p2b: Rihanna\n|-damage|p2b: Rihanna|33\/100\n|move|p2b: Rihanna|Dazzling Gleam|p1a: Ferrothorn|[spread] p1a,p1b\n|-resisted|p1a: Ferrothorn\n|-supereffective|p1b: Conkeldurr\n|-damage|p1a: Ferrothorn|80\/100\n|-damage|p1b: Conkeldurr|12\/100 brn\n|move|p1b: Conkeldurr|Earthquake|p2b: Rihanna|[spread] p1a,p2a,p2b\n|-supereffective|p2a: Mr. Saxobeat\n|-damage|p1a: Ferrothorn|69\/100\n|-damage|p2a: Mr. Saxobeat|23\/100\n|-damage|p2b: Rihanna|0 fnt\n|faint|p2b: Rihanna\n|\n|-heal|p1a: Ferrothorn|75\/100|[from] item: Leftovers\n|-heal|p2a: Mr. Saxobeat|29\/100|[from] item: Leftovers\n|-damage|p1b: Conkeldurr|6\/100 brn|[from] brn\n|upkeep\n|\n|t:|1698287827\n|switch|p2b: NowThisIsPodRacing|Golisopod, M|28\/100 par\n|turn|8\n|inactive|Dirtyd2oh9 has 90 seconds left.\n|\n|t:|1698287853\n|move|p2b: NowThisIsPodRacing|First Impression|p1b: Conkeldurr\n|-resisted|p1b: Conkeldurr\n|-damage|p1b: Conkeldurr|0 fnt\n|faint|p1b: Conkeldurr\n|move|p1a: Ferrothorn|Gyro Ball|p2b: NowThisIsPodRacing\n|-resisted|p2b: NowThisIsPodRacing\n|-damage|p2b: NowThisIsPodRacing|21\/100 par\n|move|p2a: Mr. Saxobeat|Heat Wave|p1a: Ferrothorn\n|-supereffective|p1a: Ferrothorn\n|-damage|p1a: Ferrothorn|0 fnt\n|faint|p1a: Ferrothorn\n|\n|-heal|p2a: Mr. Saxobeat|35\/100|[from] item: Leftovers\n|upkeep\n|inactive|Dirtyd2oh9 has 90 seconds left.\n|inactive|Dirtyd2oh9 has 60 seconds left.\n|\n|t:|1698287893\n|switch|p1a: Tyranitar|Tyranitar, F, shiny|100\/100\n|switch|p1b: Grimmsnarl|Grimmsnarl, M|45\/100\n|-weather|Sandstorm|[from] ability: Sand Stream|[of] p1a: Tyranitar\n|turn|9\n|inactive|Dirtyd2oh9 has 60 seconds left.\n|\n|t:|1698287921\n|detailschange|p1a: Tyranitar|Tyranitar-Mega, F, shiny\n|-mega|p1a: Tyranitar|Tyranitar|Tyranitarite\n|move|p2b: NowThisIsPodRacing|Aqua Jet|p1a: Tyranitar\n|-supereffective|p1a: Tyranitar\n|-damage|p1a: Tyranitar|82\/100\n|move|p1b: Grimmsnarl|Light Screen|p1b: Grimmsnarl\n|-sidestart|p1: Dirtyd2oh9|move: Light Screen\n|move|p2a: Mr. Saxobeat|Steam Eruption|p1a: Tyranitar\n|-supereffective|p1a: Tyranitar\n|-damage|p1a: Tyranitar|40\/100\n|move|p1a: Tyranitar|Rock Slide|p2b: NowThisIsPodRacing|[spread] p2b\n|-miss|p1a: Tyranitar|p2a: Mr. Saxobeat\n|-supereffective|p2b: NowThisIsPodRacing\n|-damage|p2b: NowThisIsPodRacing|0 fnt\n|faint|p2b: NowThisIsPodRacing\n|\n|-weather|Sandstorm|[upkeep]\n|-damage|p1b: Grimmsnarl|39\/100|[from] Sandstorm\n|-damage|p2a: Mr. Saxobeat|29\/100|[from] Sandstorm\n|-heal|p2a: Mr. Saxobeat|35\/100|[from] item: Leftovers\n|-sideend|p1: Dirtyd2oh9|Reflect\n|upkeep\n|\n|t:|1698287938\n|switch|p2b: Dogecoin|Okidogi, M|30\/100 par\n|turn|10\n|inactive|Dirtyd2oh9 has 60 seconds left.\n|c|\u2606Denvah_17|ggs\n|\n|t:|1698287973\n|move|p1b: Grimmsnarl|Parting Shot|p2a: Mr. Saxobeat\n|-unboost|p2a: Mr. Saxobeat|atk|1\n|-unboost|p2a: Mr. Saxobeat|spa|1\n|move|p2b: Dogecoin|Drain Punch|p1a: Tyranitar\n|-supereffective|p1a: Tyranitar\n|-damage|p1a: Tyranitar|0 fnt\n|-heal|p2b: Dogecoin|52\/100 par|[from] drain|[of] p1a: Tyranitar\n|faint|p1a: Tyranitar\n|move|p2a: Mr. Saxobeat|Steam Eruption|p1b: Grimmsnarl\n|-damage|p1b: Grimmsnarl|6\/100\n|\n|-weather|Sandstorm|[upkeep]\n|-damage|p2b: Dogecoin|46\/100 par|[from] Sandstorm\n|-damage|p1b: Grimmsnarl|0 fnt|[from] Sandstorm\n|-damage|p2a: Mr. Saxobeat|29\/100|[from] Sandstorm\n|faint|p1b: Grimmsnarl\n|\n|win|Denvah_17\n|upkeep\n|raw|Dirtyd2oh9's rating: 1189 &rarr; <strong>1181<\/strong><br \/>(-8 for losing)\n|raw|Denvah_17's rating: 1467 &rarr; <strong>1474<\/strong><br \/>(+7 for winning)\n|l|\u2606Dirtyd2oh9\n","uploadtime":1698287998,"views":11,"p1id":"dirtyd2oh9","p2id":"denvah17","formatid":"gen9nationaldexdoubles","rating":1181,"private":0,"password":""}