{"id":"gen9nationaldexdoubles-1950873474","p1":"MathHacker","p2":"Mmiirrzzaa","format":"[Gen 9] National Dex Doubles","log":"|j|\u2606MathHacker\n|j|\u2606Mmiirrzzaa\n|t:|1695514715\n|gametype|doubles\n|player|p1|MathHacker|richboy-gen4|1406\n|player|p2|Mmiirrzzaa|102|1568\n|teamsize|p1|6\n|teamsize|p2|6\n|gen|9\n|tier|[Gen 9] National Dex Doubles\n|rated|\n|rule|HP Percentage Mod: HP is shown in percentages\n|rule|Endless Battle Clause: Forcing endless battles is banned\n|rule|OHKO Clause: OHKO moves are banned\n|rule|Evasion Moves Clause: Evasion moves are banned\n|rule|Evasion Abilities Clause: Evasion abilities are banned\n|rule|Species Clause: Limit one of each Pok\u00e9mon\n|rule|Gravity Sleep Clause: The combination of sleep-inducing moves with imperfect accuracy and Gravity or Gigantamax Orbeetle are banned\n|clearpoke\n|poke|p1|Shuckle, F|\n|poke|p1|Pelipper, M|\n|poke|p1|Cresselia, F|\n|poke|p1|Torkoal, F|\n|poke|p1|Oranguru, F|\n|poke|p1|Ursaluna, M|\n|poke|p2|Volcarona, M|\n|poke|p2|Smeargle, M|\n|poke|p2|Tapu Lele|\n|poke|p2|Tapu Fini|\n|poke|p2|Suicune|\n|poke|p2|Chien-Pao|\n|teampreview\n|inactive|Battle timer is ON: inactive players will automatically lose when time's up. (requested by Mmiirrzzaa)\n|\n|t:|1695514725\n|start\n|switch|p1a: Shucky|Shuckle, F, shiny|100\/100\n|switch|p1b: munke|Oranguru, F|100\/100\n|switch|p2a: Miami Terror|Volcarona, M|100\/100\n|switch|p2b: Bobby Lee|Smeargle, M|100\/100\n|turn|1\n|\n|t:|1695514737\n|move|p2b: Bobby Lee|Spore|p1b: munke\n|-status|p1b: munke|slp|[from] move: Spore\n|move|p2a: Miami Terror|Quiver Dance|p2a: Miami Terror\n|-boost|p2a: Miami Terror|spa|1\n|-boost|p2a: Miami Terror|spd|1\n|-boost|p2a: Miami Terror|spe|1\n|move|p1a: Shucky|Power Trick|p1a: Shucky\n|-start|p1a: Shucky|Power Trick\n|cant|p1b: munke|slp\n|\n|-ability|p2b: Bobby Lee|Moody|boost\n|-boost|p2b: Bobby Lee|spd|2\n|-unboost|p2b: Bobby Lee|def|1\n|upkeep\n|turn|2\n|j| qasxcfdcvbjhygtf\n|inactive|MathHacker has 120 seconds left.\n|\n|t:|1695514781\n|switch|p1b: Cresselia|Cresselia, F|100\/100\n|move|p1a: Shucky|Protect|p1a: Shucky\n|-singleturn|p1a: Shucky|Protect\n|move|p2a: Miami Terror|Quiver Dance|p2a: Miami Terror\n|-boost|p2a: Miami Terror|spa|1\n|-boost|p2a: Miami Terror|spd|1\n|-boost|p2a: Miami Terror|spe|1\n|move|p2b: Bobby Lee|Spore|p1a: Shucky\n|-activate|p1a: Shucky|move: Protect\n|\n|-ability|p2b: Bobby Lee|Moody|boost\n|-boost|p2b: Bobby Lee|spa|2\n|-unboost|p2b: Bobby Lee|spe|1\n|upkeep\n|turn|3\n|inactive|MathHacker has 120 seconds left.\n|\n|t:|1695514821\n|move|p2a: Miami Terror|Protect|p2a: Miami Terror\n|-singleturn|p2a: Miami Terror|Protect\n|move|p2b: Bobby Lee|Spore|p1b: Cresselia\n|-status|p1b: Cresselia|slp|[from] move: Spore\n|move|p1a: Shucky|Rock Slide|p2a: Miami Terror|[spread] p2b\n|-activate|p2a: Miami Terror|move: Protect\n|-enditem|p2b: Bobby Lee|Focus Sash\n|-damage|p2b: Bobby Lee|1\/100\n|cant|p1b: Cresselia|slp\n|\n|-ability|p2b: Bobby Lee|Moody|boost\n|-boost|p2b: Bobby Lee|atk|2\n|-unboost|p2b: Bobby Lee|def|1\n|upkeep\n|turn|4\n|\n|t:|1695514847\n|move|p1a: Shucky|Protect|p1a: Shucky\n|-singleturn|p1a: Shucky|Protect\n|move|p2a: Miami Terror|Heat Wave|p1b: Cresselia|[spread] p1b\n|-activate|p1a: Shucky|move: Protect\n|-damage|p1b: Cresselia|63\/100 slp\n|move|p2b: Bobby Lee|Spore|p1a: Shucky\n|-activate|p1a: Shucky|move: Protect\n|cant|p1b: Cresselia|slp\n|\n|-heal|p1b: Cresselia|69\/100 slp|[from] item: Leftovers\n|-ability|p2b: Bobby Lee|Moody|boost\n|-boost|p2b: Bobby Lee|spe|2\n|-unboost|p2b: Bobby Lee|atk|1\n|upkeep\n|turn|5\n|inactive|MathHacker has 90 seconds left.\n|\n|t:|1695514878\n|move|p1a: Shucky|Protect|p1a: Shucky\n|-singleturn|p1a: Shucky|Protect\n|move|p2a: Miami Terror|Heat Wave|p1b: Cresselia|[spread] p1b\n|-activate|p1a: Shucky|move: Protect\n|-damage|p1b: Cresselia|33\/100 slp\n|move|p2b: Bobby Lee|Spore|p1a: Shucky\n|-activate|p1a: Shucky|move: Protect\n|cant|p1b: Cresselia|slp\n|\n|-heal|p1b: Cresselia|39\/100 slp|[from] item: Leftovers\n|-ability|p2b: Bobby Lee|Moody|boost\n|-boost|p2b: Bobby Lee|atk|2\n|-unboost|p2b: Bobby Lee|spe|1\n|upkeep\n|turn|6\n|c|\u2606Mmiirrzzaa|huh?\n|inactive|MathHacker has 90 seconds left.\n|\n|t:|1695514912\n|move|p2a: Miami Terror|Heat Wave|p1a: Shucky|[spread] p1a,p1b\n|-damage|p1a: Shucky|61\/100\n|-damage|p1b: Cresselia|0 fnt\n|-status|p1a: Shucky|brn\n|faint|p1b: Cresselia\n|move|p2b: Bobby Lee|Spore||[still]\n|-fail|p2b: Bobby Lee\n|move|p1a: Shucky|Rock Slide|p2b: Bobby Lee|[spread] p2a,p2b\n|-supereffective|p2a: Miami Terror\n|-damage|p2a: Miami Terror|21\/100\n|-damage|p2b: Bobby Lee|0 fnt\n|faint|p2b: Bobby Lee\n|-heal|p1a: Shucky|76\/100 brn|[from] item: Shell Bell|[of] p2: Bobby Lee\n|\n|-heal|p2a: Miami Terror|28\/100|[from] item: Leftovers\n|-damage|p1a: Shucky|70\/100 brn|[from] brn\n|upkeep\n|c|\u2606Mmiirrzzaa|lol\n|\n|t:|1695514930\n|switch|p2b: Lana|Tapu Fini|100\/100\n|switch|p1b: munke|Oranguru, F|100\/100 slp\n|-fieldstart|move: Misty Terrain|[from] ability: Misty Surge|[of] p2b: Lana\n|turn|7\n|\n|t:|1695514948\n|move|p2a: Miami Terror|Protect|p2a: Miami Terror\n|-singleturn|p2a: Miami Terror|Protect\n|move|p2b: Lana|Taunt|p1b: munke\n|-start|p1b: munke|move: Taunt\n|-enditem|p1b: munke|Mental Herb\n|-end|p1b: munke|move: Taunt\n|move|p1a: Shucky|Rock Slide|p2b: Lana|[spread] p2b\n|-activate|p2a: Miami Terror|move: Protect\n|-damage|p2b: Lana|83\/100\n|-heal|p1a: Shucky|73\/100 brn|[from] item: Shell Bell|[of] p2b: Lana\n|cant|p1b: munke|slp\n|\n|-heal|p2a: Miami Terror|34\/100|[from] item: Leftovers\n|-damage|p1a: Shucky|67\/100 brn|[from] brn\n|upkeep\n|turn|8\n|inactive|MathHacker has 120 seconds left.\n|\n|t:|1695514969\n|-terastallize|p2a: Miami Terror|Grass\n|move|p2a: Miami Terror|Giga Drain|p1a: Shucky\n|-damage|p1a: Shucky|19\/100 brn\n|-heal|p2a: Miami Terror|49\/100|[from] drain|[of] p1a: Shucky\n|move|p2b: Lana|Taunt|p1b: munke\n|-start|p1b: munke|move: Taunt\n|move|p1a: Shucky|Rock Slide|p2b: Lana|[spread] p2a,p2b\n|-damage|p2a: Miami Terror|28\/100\n|-damage|p2b: Lana|64\/100\n|-heal|p1a: Shucky|26\/100 brn|[from] item: Shell Bell|[of] p2b: Lana\n|-curestatus|p1b: munke|slp|[msg]\n|cant|p1b: munke|move: Taunt|Trick Room\n|\n|-heal|p2a: Miami Terror|34\/100|[from] item: Leftovers\n|-damage|p1a: Shucky|20\/100 brn|[from] brn\n|upkeep\n|turn|9\n|inactive|MathHacker has 120 seconds left.\n|inactive|MathHacker has 90 seconds left.\n|\n|t:|1695515037\n|switch|p1b: Pelipper|Pelipper, M|100\/100\n|-weather|RainDance|[from] ability: Drizzle|[of] p1b: Pelipper\n|move|p2a: Miami Terror|Heat Wave|p1a: Shucky|[spread] p1a,p1b\n|-resisted|p1b: Pelipper\n|-damage|p1a: Shucky|0 fnt\n|-damage|p1b: Pelipper|80\/100\n|-status|p1b: Pelipper|brn\n|faint|p1a: Shucky\n|move|p2b: Lana|Psych Up|p2a: Miami Terror\n|-copyboost|p2b: Lana|p2a: Miami Terror|[from] move: Psych Up\n|\n|-weather|RainDance|[upkeep]\n|-heal|p2a: Miami Terror|40\/100|[from] item: Leftovers\n|-damage|p1b: Pelipper|74\/100 brn|[from] brn\n|upkeep\n|inactive|MathHacker has 60 seconds left.\n|\n|t:|1695515060\n|switch|p1a: ber|Ursaluna, M|100\/100\n|turn|10\n|inactive|MathHacker has 60 seconds left.\n|\n|t:|1695515081\n|-terastallize|p1a: ber|Poison\n|move|p2a: Miami Terror|Giga Drain|p1b: Pelipper\n|-damage|p1b: Pelipper|0 fnt\n|-heal|p2a: Miami Terror|72\/100|[from] drain|[of] p1b: Pelipper\n|faint|p1b: Pelipper\n|move|p2b: Lana|Muddy Water|p1a: ber\n|-damage|p1a: ber|22\/100\n|move|p1a: ber|Earthquake|p2b: Lana|[spread] p2a,p2b\n|-resisted|p2a: Miami Terror\n|-damage|p2a: Miami Terror|53\/100\n|-damage|p2b: Lana|29\/100\n|\n|-weather|RainDance|[upkeep]\n|-heal|p2a: Miami Terror|59\/100|[from] item: Leftovers\n|upkeep\n|inactive|MathHacker has 60 seconds left.\n|\n|t:|1695515103\n|switch|p1b: Yertle|Torkoal, F|100\/100\n|-weather|SunnyDay|[from] ability: Drought|[of] p1b: Yertle\n|turn|11\n|inactive|MathHacker has 60 seconds left.\n|\n|t:|1695515114\n|move|p2a: Miami Terror|Heat Wave|p1a: ber|[spread] p1a,p1b\n|-resisted|p1b: Yertle\n|-damage|p1a: ber|0 fnt\n|-damage|p1b: Yertle|63\/100\n|faint|p1a: ber\n|move|p2b: Lana|Muddy Water|p1b: Yertle\n|-supereffective|p1b: Yertle\n|-damage|p1b: Yertle|12\/100\n|move|p1b: Yertle|Heat Wave|p2b: Lana|[spread] p2a,p2b\n|-supereffective|p2a: Miami Terror\n|-resisted|p2b: Lana\n|-damage|p2a: Miami Terror|17\/100\n|-damage|p2b: Lana|21\/100\n|-enditem|p2b: Lana|Mago Berry|[eat]\n|-heal|p2b: Lana|54\/100|[from] item: Mago Berry\n|\n|-weather|SunnyDay|[upkeep]\n|-heal|p2a: Miami Terror|23\/100|[from] item: Leftovers\n|-fieldend|Misty Terrain\n|upkeep\n|inactive|MathHacker has 60 seconds left.\n|\n|t:|1695515128\n|switch|p1a: munke|Oranguru, F|100\/100\n|turn|12\n|\n|t:|1695515141\n|move|p2a: Miami Terror|Giga Drain|p1b: Yertle\n|-resisted|p1b: Yertle\n|-damage|p1b: Yertle|0 fnt\n|-heal|p2a: Miami Terror|28\/100|[from] drain|[of] p1b: Yertle\n|faint|p1b: Yertle\n|move|p2b: Lana|Taunt|p1a: munke\n|-start|p1a: munke|move: Taunt\n|cant|p1a: munke|move: Taunt|Trick Room\n|\n|-weather|SunnyDay|[upkeep]\n|-heal|p2a: Miami Terror|34\/100|[from] item: Leftovers\n|upkeep\n|turn|13\n|inactive|MathHacker has 90 seconds left.\n|\n|t:|1695515154\n|move|p2a: Miami Terror|Giga Drain|p1a: munke\n|-damage|p1a: munke|49\/100\n|-heal|p2a: Miami Terror|59\/100|[from] drain|[of] p1a: munke\n|move|p2b: Lana|Dazzling Gleam|p1a: munke\n|-damage|p1a: munke|2\/100\n|move|p1a: munke|Knock Off|p2a: Miami Terror\n|-damage|p2a: Miami Terror|46\/100\n|-status|p1a: munke|brn|[from] ability: Flame Body|[of] p2a: Miami Terror\n|-enditem|p2a: Miami Terror|Leftovers|[from] move: Knock Off|[of] p1a: munke\n|\n|-weather|SunnyDay|[upkeep]\n|-damage|p1a: munke|0 fnt|[from] brn\n|faint|p1a: munke\n|\n|win|Mmiirrzzaa\n|upkeep\n|raw|MathHacker's rating: 1406 &rarr; <strong>1395<\/strong><br \/>(-11 for losing)\n|raw|Mmiirrzzaa's rating: 1568 &rarr; <strong>1579<\/strong><br \/>(+11 for winning)\n|c|\u2606MathHacker|gg\n|c|\u2606Mmiirrzzaa|gg\n|c|\u2606MathHacker|lmao\n|c|\u2606Mmiirrzzaa|i only win because of burn\n|c|\u2606MathHacker|oh for sure\n|c|\u2606MathHacker|that was not very close but very funny\n","uploadtime":1695515210,"views":10,"p1id":"mathhacker","p2id":"mmiirrzzaa","formatid":"gen9nationaldexdoubles","rating":1395,"private":0,"password":""}