{"id":"gen9nationaldexdoubles-1963851007","p1":"nombre epico.jpg","p2":"xiaochou0629","format":"[Gen 9] National Dex Doubles","log":"|j|\u2606nombre epico.jpg\n|j|\u2606xiaochou0629\n|t:|1696906738\n|gametype|doubles\n|player|p1|nombre epico.jpg|may-masters2|1324\n|player|p2|xiaochou0629|102|1325\n|teamsize|p1|6\n|teamsize|p2|6\n|gen|9\n|tier|[Gen 9] National Dex Doubles\n|rated|\n|rule|HP Percentage Mod: HP is shown in percentages\n|rule|Endless Battle Clause: Forcing endless battles is banned\n|rule|OHKO Clause: OHKO moves are banned\n|rule|Evasion Moves Clause: Evasion moves are banned\n|rule|Evasion Abilities Clause: Evasion abilities are banned\n|rule|Species Clause: Limit one of each Pok\u00e9mon\n|rule|Gravity Sleep Clause: The combination of sleep-inducing moves with imperfect accuracy and Gravity or Gigantamax Orbeetle are banned\n|clearpoke\n|poke|p1|Roaring Moon|\n|poke|p1|Mawile, M|\n|poke|p1|Tyranitar, M|\n|poke|p1|Excadrill, F|\n|poke|p1|Tapu Lele|\n|poke|p1|Tornadus, M|\n|poke|p2|Ogerpon-Hearthflame, F|\n|poke|p2|Rillaboom, F|\n|poke|p2|Tornadus, M|\n|poke|p2|Kommo-o, M|\n|poke|p2|Gardevoir, F|\n|poke|p2|Xurkitree|\n|teampreview\n|\n|t:|1696906752\n|start\n|switch|p1a: Tornadus|Tornadus, M|100\/100\n|switch|p1b: Tapu Lele|Tapu Lele, shiny|100\/100\n|switch|p2a: Tornadus|Tornadus, M|100\/100\n|switch|p2b: Xurkitree|Xurkitree|100\/100\n|-fieldstart|move: Psychic Terrain|[from] ability: Psychic Surge|[of] p1b: Tapu Lele\n|turn|1\n|\n|t:|1696906775\n|move|p2a: Tornadus|Tailwind|p2a: Tornadus\n|-sidestart|p2: xiaochou0629|move: Tailwind\n|move|p1a: Tornadus|Tailwind|p1a: Tornadus\n|-sidestart|p1: nombre epico.jpg|move: Tailwind\n|move|p2b: Xurkitree|Thunderbolt|p1b: Tapu Lele\n|-damage|p1b: Tapu Lele|50\/100\n|-status|p1b: Tapu Lele|par\n|move|p1b: Tapu Lele|Thunderbolt|p2a: Tornadus\n|-supereffective|p2a: Tornadus\n|-damage|p2a: Tornadus|0 fnt\n|faint|p2a: Tornadus\n|\n|upkeep\n|\n|t:|1696906785\n|switch|p2a: Gardevoir|Gardevoir, F|100\/100\n|-ability|p2a: Gardevoir|Prankster|[from] ability: Trace|[of] p1a: Tornadus\n|turn|2\n|\n|t:|1696906800\n|switch|p1b: Excadrill|Excadrill, F|100\/100\n|detailschange|p2a: Gardevoir|Gardevoir-Mega, F\n|-mega|p2a: Gardevoir|Gardevoir|Gardevoirite\n|move|p1a: Tornadus|Sandstorm|p1a: Tornadus\n|-weather|Sandstorm\n|move|p2b: Xurkitree|Thunderbolt|p1a: Tornadus\n|-supereffective|p1a: Tornadus\n|-damage|p1a: Tornadus|0 fnt\n|faint|p1a: Tornadus\n|-ability|p2b: Xurkitree|Beast Boost|boost\n|-boost|p2b: Xurkitree|spa|1\n|move|p2a: Gardevoir|Hyper Voice|p1b: Excadrill\n|-resisted|p1b: Excadrill\n|-damage|p1b: Excadrill|53\/100\n|\n|-weather|Sandstorm|[upkeep]\n|-damage|p2b: Xurkitree|94\/100|[from] Sandstorm\n|-damage|p2a: Gardevoir|94\/100|[from] Sandstorm\n|upkeep\n|inactive|Battle timer is ON: inactive players will automatically lose when time's up. (requested by xiaochou0629)\n|\n|t:|1696906837\n|switch|p1a: Roaring Moon|Roaring Moon|100\/100\n|-enditem|p1a: Roaring Moon|Booster Energy\n|-activate|p1a: Roaring Moon|ability: Protosynthesis|[fromitem]\n|-start|p1a: Roaring Moon|protosynthesisatk\n|turn|3\n|\n|t:|1696906861\n|-terastallize|p1a: Roaring Moon|Steel\n|move|p1b: Excadrill|Iron Head|p2a: Gardevoir\n|-supereffective|p2a: Gardevoir\n|-damage|p2a: Gardevoir|0 fnt\n|faint|p2a: Gardevoir\n|move|p2b: Xurkitree|Thunderbolt|p1a: Roaring Moon\n|-damage|p1a: Roaring Moon|22\/100\n|move|p1a: Roaring Moon|Dragon Claw|p2b: Xurkitree\n|-damage|p2b: Xurkitree|12\/100\n|\n|-weather|Sandstorm|[upkeep]\n|-damage|p2b: Xurkitree|6\/100|[from] Sandstorm\n|upkeep\n|\n|t:|1696906874\n|switch|p2a: Kommo-o|Kommo-o, M|100\/100\n|turn|4\n|\n|t:|1696906880\n|move|p1b: Excadrill|Iron Head|p2b: Xurkitree\n|-resisted|p2b: Xurkitree\n|-damage|p2b: Xurkitree|0 fnt\n|faint|p2b: Xurkitree\n|move|p1a: Roaring Moon|Dragon Claw|p2a: Kommo-o\n|-supereffective|p2a: Kommo-o\n|-damage|p2a: Kommo-o|0 fnt\n|faint|p2a: Kommo-o\n|\n|-weather|Sandstorm|[upkeep]\n|-sideend|p2: xiaochou0629|move: Tailwind\n|-sideend|p1: nombre epico.jpg|move: Tailwind\n|upkeep\n|\n|t:|1696906891\n|switch|p2a: Ogerpon|Ogerpon-Hearthflame, F|100\/100\n|switch|p2b: Rillaboom|Rillaboom, F|100\/100\n|-ability|p2a: Ogerpon|Mold Breaker\n|-fieldstart|move: Grassy Terrain|[from] ability: Grassy Surge|[of] p2b: Rillaboom\n|turn|5\n|\n|t:|1696906908\n|-terastallize|p2a: Ogerpon|Fire\n|detailschange|p2a: Ogerpon|Ogerpon-Hearthflame-Tera, F, tera:Fire\n|-ability|p2a: Ogerpon|Embody Aspect (Hearthflame)|boost\n|-boost|p2a: Ogerpon|atk|1\n|move|p2b: Rillaboom|Fake Out|p1a: Roaring Moon\n|-resisted|p1a: Roaring Moon\n|-damage|p1a: Roaring Moon|15\/100\n|move|p1b: Excadrill|Rock Slide|p2b: Rillaboom|[spread] p2a,p2b\n|-supereffective|p2a: Ogerpon\n|-damage|p2a: Ogerpon|44\/100\n|-damage|p2b: Rillaboom|82\/100\n|move|p2a: Ogerpon|Ivy Cudgel|p1b: Excadrill\n|-supereffective|p1b: Excadrill\n|-damage|p1b: Excadrill|0 fnt\n|faint|p1b: Excadrill\n|cant|p1a: Roaring Moon|flinch\n|\n|-weather|Sandstorm|[upkeep]\n|-damage|p2a: Ogerpon|38\/100|[from] Sandstorm\n|-damage|p2b: Rillaboom|76\/100|[from] Sandstorm\n|-heal|p2a: Ogerpon|44\/100|[from] Grassy Terrain\n|-heal|p1a: Roaring Moon|21\/100|[from] Grassy Terrain\n|-heal|p2b: Rillaboom|82\/100|[from] Grassy Terrain\n|upkeep\n|inactive|nombre epico.jpg has 120 seconds left.\n|\n|t:|1696906932\n|switch|p1b: Mawile|Mawile, M|100\/100\n|-ability|p1b: Mawile|Intimidate|boost\n|-unboost|p2a: Ogerpon|atk|1\n|-unboost|p2b: Rillaboom|atk|1\n|turn|6\n|\n|t:|1696906945\n|detailschange|p1b: Mawile|Mawile-Mega, M\n|-mega|p1b: Mawile|Mawile|Mawilite\n|move|p2b: Rillaboom|Grassy Glide|p1a: Roaring Moon\n|-resisted|p1a: Roaring Moon\n|-damage|p1a: Roaring Moon|7\/100\n|move|p1b: Mawile|Sucker Punch|p2a: Ogerpon\n|-damage|p2a: Ogerpon|0 fnt\n|faint|p2a: Ogerpon\n|move|p1a: Roaring Moon|Iron Head|p2b: Rillaboom\n|-damage|p2b: Rillaboom|33\/100\n|\n|-weather|none\n|-heal|p1a: Roaring Moon|13\/100|[from] Grassy Terrain\n|-heal|p2b: Rillaboom|39\/100|[from] Grassy Terrain\n|upkeep\n|turn|7\n|-message|xiaochou0629 forfeited.\n|\n|win|nombre epico.jpg\n|raw|nombre epico.jpg's rating: 1324 &rarr; <strong>1344<\/strong><br \/>(+20 for winning)\n|raw|xiaochou0629's rating: 1325 &rarr; <strong>1305<\/strong><br \/>(-20 for losing)\n|l|\u2606xiaochou0629\n","uploadtime":1696906964,"views":11,"p1id":"nombreepicojpg","p2id":"xiaochou0629","formatid":"gen9nationaldexdoubles","rating":1305,"private":0,"password":""}