{"id":"gen9nationaldexdoubles-1974729854","p1":"Marlene 420","p2":"knxghtstrykerr","format":"[Gen 9] National Dex Doubles","log":"|j|\u2606Marlene 420\n|j|\u2606knxghtstrykerr\n|t:|1698115114\n|gametype|doubles\n|player|p1|Marlene 420|cheryl|1128\n|player|p2|knxghtstrykerr|alder|1130\n|teamsize|p1|6\n|teamsize|p2|6\n|gen|9\n|tier|[Gen 9] National Dex Doubles\n|rated|\n|rule|HP Percentage Mod: HP is shown in percentages\n|rule|Endless Battle Clause: Forcing endless battles is banned\n|rule|OHKO Clause: OHKO moves are banned\n|rule|Evasion Moves Clause: Evasion moves are banned\n|rule|Evasion Abilities Clause: Evasion abilities are banned\n|rule|Species Clause: Limit one of each Pok\u00e9mon\n|rule|Gravity Sleep Clause: The combination of sleep-inducing moves with imperfect accuracy and Gravity or Gigantamax Orbeetle are banned\n|clearpoke\n|poke|p1|Gardevoir, F|\n|poke|p1|Pheromosa|\n|poke|p1|Lopunny, F|\n|poke|p1|Hatterene, F|\n|poke|p1|Meloetta|\n|poke|p1|Diancie|\n|poke|p2|Dragonite, M|\n|poke|p2|Whiscash, M|\n|poke|p2|Regidrago|\n|poke|p2|Drifblim, F|\n|poke|p2|Alomomola, F|\n|poke|p2|Scream Tail|\n|teampreview\n|inactive|Battle timer is ON: inactive players will automatically lose when time's up. (requested by knxghtstrykerr)\n|\n|t:|1698115123\n|start\n|switch|p1a: Lola|Lopunny, F, shiny|100\/100\n|switch|p1b: Melody|Meloetta|100\/100\n|switch|p2a: Scream Tail|Scream Tail, shiny|100\/100\n|switch|p2b: Drifblim|Drifblim, F, shiny|100\/100\n|-enditem|p2a: Scream Tail|Booster Energy\n|-activate|p2a: Scream Tail|ability: Protosynthesis|[fromitem]\n|-start|p2a: Scream Tail|protosynthesisspe\n|turn|1\n|\n|t:|1698115140\n|-terastallize|p2b: Drifblim|Ghost\n|move|p2b: Drifblim|Protect|p2b: Drifblim\n|-singleturn|p2b: Drifblim|Protect\n|move|p1a: Lola|Fake Out|p2b: Drifblim\n|-activate|p2b: Drifblim|move: Protect\n|move|p2a: Scream Tail|Fake Tears|p1b: Melody\n|-unboost|p1b: Melody|spd|2\n|move|p1b: Melody|Relic Song|p2a: Scream Tail|[spread] p2a\n|-activate|p2b: Drifblim|move: Protect\n|-damage|p2a: Scream Tail|85\/100\n|-formechange|p1b: Melody|Meloetta-Pirouette|[msg]\n|\n|-status|p2b: Drifblim|brn|[from] item: Flame Orb\n|upkeep\n|turn|2\n|inactive|Marlene 420 has 120 seconds left.\n|\n|t:|1698115178\n|switch|p1a: Katherine|Hatterene, F|100\/100\n|move|p2a: Scream Tail|Boomburst|p1a: Katherine|[spread] p1a,p1b\n|-immune|p2b: Drifblim\n|-damage|p1a: Katherine|83\/100\n|-damage|p1b: Melody|41\/100\n|move|p1b: Melody|Knock Off|p2b: Drifblim\n|-supereffective|p2b: Drifblim\n|-damage|p2b: Drifblim|6\/100 brn\n|-enditem|p2b: Drifblim|Flame Orb|[from] move: Knock Off|[of] p1b: Melody\n|move|p2b: Drifblim|Air Slash|p1b: Melody\n|-supereffective|p1b: Melody\n|-damage|p1b: Melody|0 fnt\n|faint|p1b: Melody\n|\n|-heal|p1a: Katherine|89\/100|[from] item: Leftovers\n|-damage|p2b: Drifblim|0 fnt|[from] brn\n|faint|p2b: Drifblim\n|upkeep\n|inactive|Marlene 420 has 120 seconds left.\n|\n|t:|1698115200\n|switch|p1b: Dianita|Diancie|100\/100\n|switch|p2b: Dragonite|Dragonite, M|100\/100\n|turn|3\n|\n|t:|1698115218\n|move|p2a: Scream Tail|Fake Tears|p1b: Dianita\n|-fail|p1b: Dianita|unboost|[from] ability: Clear Body|[of] p1b: Dianita\n|move|p2b: Dragonite|Double-Edge|p1a: Katherine\n|-crit|p1a: Katherine\n|-damage|p1a: Katherine|4\/100\n|-damage|p2b: Dragonite|76\/100|[from] Recoil\n|move|p1b: Dianita|Diamond Storm|p2b: Dragonite|[spread] p2a,p2b\n|-supereffective|p2b: Dragonite\n|-damage|p2a: Scream Tail|64\/100\n|-damage|p2b: Dragonite|24\/100\n|-boost|p1b: Dianita|def|2\n|move|p1a: Katherine|Calm Mind|p1a: Katherine\n|-boost|p1a: Katherine|spa|1\n|-boost|p1a: Katherine|spd|1\n|\n|-heal|p1a: Katherine|10\/100|[from] item: Leftovers\n|upkeep\n|turn|4\n|inactive|Marlene 420 has 120 seconds left.\n|\n|t:|1698115248\n|move|p2b: Dragonite|Extreme Speed|p1a: Katherine\n|-damage|p1a: Katherine|0 fnt\n|faint|p1a: Katherine\n|move|p2a: Scream Tail|Fake Tears|p1b: Dianita\n|-fail|p1b: Dianita|unboost|[from] ability: Clear Body|[of] p1b: Dianita\n|move|p1b: Dianita|Stealth Rock|p2a: Scream Tail\n|-sidestart|p2: knxghtstrykerr|move: Stealth Rock\n|\n|upkeep\n|inactive|Marlene 420 has 120 seconds left.\n|\n|t:|1698115272\n|switch|p1a: Phersefone|Pheromosa, shiny|100\/100\n|turn|5\n|\n|t:|1698115285\n|move|p2a: Scream Tail|Fire Blast|p1a: Phersefone\n|-supereffective|p1a: Phersefone\n|-damage|p1a: Phersefone|0 fnt\n|faint|p1a: Phersefone\n|move|p2b: Dragonite|Double-Edge|p1b: Dianita\n|-resisted|p1b: Dianita\n|-damage|p1b: Dianita|92\/100\n|-damage|p2b: Dragonite|21\/100|[from] Recoil\n|move|p1b: Dianita|Diamond Storm|p2a: Scream Tail|[spread] p2a,p2b\n|-supereffective|p2b: Dragonite\n|-damage|p2a: Scream Tail|41\/100\n|-damage|p2b: Dragonite|0 fnt\n|-boost|p1b: Dianita|def|2\n|faint|p2b: Dragonite\n|\n|-heal|p1b: Dianita|98\/100|[from] item: Leftovers\n|upkeep\n|\n|t:|1698115303\n|switch|p1a: Gardenia|Gardevoir, F|100\/100\n|switch|p2b: Whiscash|Whiscash, M|100\/100\n|-ability|p1a: Gardenia|Oblivious|[from] ability: Trace|[of] p2b: Whiscash\n|-damage|p2b: Whiscash|94\/100|[from] Stealth Rock\n|turn|6\n|\n|t:|1698115324\n|move|p2a: Scream Tail|Fake Tears|p1b: Dianita\n|-fail|p1b: Dianita|unboost|[from] ability: Clear Body|[of] p1b: Dianita\n|move|p1a: Gardenia|Psychic|p2b: Whiscash\n|-damage|p2b: Whiscash|52\/100\n|-unboost|p2b: Whiscash|spd|1\n|move|p2b: Whiscash|Dragon Dance|p2b: Whiscash\n|-boost|p2b: Whiscash|atk|1\n|-boost|p2b: Whiscash|spe|1\n|move|p1b: Dianita|Diamond Storm|p2b: Whiscash|[spread] p2a,p2b\n|-resisted|p2b: Whiscash\n|-damage|p2a: Scream Tail|17\/100\n|-damage|p2b: Whiscash|38\/100\n|-boost|p1b: Dianita|def|2\n|\n|-heal|p1b: Dianita|100\/100|[from] item: Leftovers\n|upkeep\n|turn|7\n|\n|t:|1698115349\n|move|p2a: Scream Tail|Fire Blast|p1a: Gardenia\n|-damage|p1a: Gardenia|74\/100\n|move|p1a: Gardenia|Psychic|p2b: Whiscash\n|-damage|p2b: Whiscash|0 fnt\n|faint|p2b: Whiscash\n|move|p1b: Dianita|Moonblast|p2a: Scream Tail\n|-damage|p2a: Scream Tail|0 fnt\n|faint|p2a: Scream Tail\n|-end|p2a: Scream Tail|Protosynthesis|[silent]\n|\n|upkeep\n|\n|t:|1698115356\n|switch|p2a: Regidrago|Regidrago, shiny|100\/100\n|switch|p2b: Alomomola|Alomomola, F|100\/100\n|-damage|p2a: Regidrago|88\/100|[from] Stealth Rock\n|-damage|p2b: Alomomola|88\/100|[from] Stealth Rock\n|turn|8\n|c|\u2606knxghtstrykerr|Gg u win\n|\n|t:|1698115373\n|switch|p1a: Lola|Lopunny, F, shiny|100\/100\n|move|p2b: Alomomola|Aqua Jet|p1b: Dianita\n|-supereffective|p1b: Dianita\n|-damage|p1b: Dianita|97\/100\n|move|p2a: Regidrago|Ancient Power|p1a: Lola\n|-damage|p1a: Lola|77\/100\n|move|p1b: Dianita|Moonblast|p2a: Regidrago\n|-supereffective|p2a: Regidrago\n|-damage|p2a: Regidrago|19\/100\n|\n|-heal|p2b: Alomomola|94\/100|[from] item: Leftovers\n|-heal|p1b: Dianita|100\/100|[from] item: Leftovers\n|upkeep\n|turn|9\n|\n|t:|1698115401\n|detailschange|p1a: Lola|Lopunny-Mega, F, shiny\n|-mega|p1a: Lola|Lopunny|Lopunnite\n|move|p1a: Lola|Fake Out|p2a: Regidrago\n|-damage|p2a: Regidrago|0 fnt\n|faint|p2a: Regidrago\n|move|p2b: Alomomola|Aqua Jet|p1a: Lola\n|-damage|p1a: Lola|64\/100\n|move|p1b: Dianita|Moonblast|p2b: Alomomola\n|-damage|p2b: Alomomola|53\/100\n|-unboost|p2b: Alomomola|spa|1\n|\n|-heal|p2b: Alomomola|59\/100|[from] item: Leftovers\n|upkeep\n|turn|10\n|-message|knxghtstrykerr forfeited.\n|\n|win|Marlene 420\n|raw|Marlene 420's rating: 1128 &rarr; <strong>1153<\/strong><br \/>(+25 for winning)\n|raw|knxghtstrykerr's rating: 1130 &rarr; <strong>1105<\/strong><br \/>(-25 for losing)\n|l|\u2606knxghtstrykerr\n|l|\u2606Marlene 420\n|j|\u2606Marlene 420\n|player|p1|Marlene 420|cheryl\n","uploadtime":1698115471,"views":8,"p1id":"marlene420","p2id":"knxghtstrykerr","formatid":"gen9nationaldexdoubles","rating":1105,"private":0,"password":""}