{"id":"gen9nationaldexdoubles-1995544322","p1":"kingcow_thegoat","p2":"Okto481","format":"[Gen 9] National Dex Doubles","log":"|j|\u2606kingcow_thegoat\n|j|\u2606Okto481\n|t:|1700581517\n|gametype|doubles\n|player|p1|kingcow_thegoat|1|\n|player|p2|Okto481|266|\n|teamsize|p1|6\n|teamsize|p2|6\n|gen|9\n|tier|[Gen 9] National Dex Doubles\n|rule|HP Percentage Mod: HP is shown in percentages\n|rule|Endless Battle Clause: Forcing endless battles is banned\n|rule|OHKO Clause: OHKO moves are banned\n|rule|Evasion Moves Clause: Evasion moves are banned\n|rule|Evasion Abilities Clause: Evasion abilities are banned\n|rule|Species Clause: Limit one of each Pok\u00e9mon\n|rule|Gravity Sleep Clause: The combination of sleep-inducing moves with imperfect accuracy and Gravity or Gigantamax Orbeetle are banned\n|clearpoke\n|poke|p1|Tapu Bulu|\n|poke|p1|Sneasler, F|\n|poke|p1|Milotic, M|\n|poke|p1|Ninetales-Alola, M|\n|poke|p1|Toxapex, F|\n|poke|p1|Lopunny, F|\n|poke|p2|Tapu Lele|\n|poke|p2|Gardevoir, M|\n|poke|p2|Gallade, M|\n|poke|p2|Indeedee-F, F|\n|poke|p2|Dottler, F|\n|poke|p2|Armarouge, M|\n|teampreview\n|\n|t:|1700581524\n|start\n|switch|p1a: Tapu Bulu|Tapu Bulu|100\/100\n|switch|p1b: Sneasler|Sneasler, F|100\/100\n|switch|p2a: Dottler|Dottler, F|100\/100\n|switch|p2b: Indeedee|Indeedee-F, F|100\/100\n|-fieldstart|move: Psychic Terrain|[from] ability: Psychic Surge|[of] p2b: Indeedee\n|-fieldstart|move: Grassy Terrain|[from] ability: Grassy Surge|[of] p1a: Tapu Bulu\n|-enditem|p1b: Sneasler|Grassy Seed\n|-boost|p1b: Sneasler|def|1|[from] item: Grassy Seed\n|turn|1\n|c|\u2606Okto481|glhf\n|c|\u2606kingcow_thegoat|you too\n|\n|t:|1700581544\n|-terastallize|p1b: Sneasler|Flying\n|move|p1b: Sneasler|Swords Dance|p1b: Sneasler\n|-boost|p1b: Sneasler|atk|2\n|move|p2b: Indeedee|Psychic|p1b: Sneasler\n|-damage|p1b: Sneasler|51\/100\n|move|p1a: Tapu Bulu|Horn Leech|p2b: Indeedee\n|-damage|p2b: Indeedee|0 fnt\n|faint|p2b: Indeedee\n|move|p2a: Dottler|Sticky Web|p1b: Sneasler\n|-sidestart|p1: kingcow_thegoat|move: Sticky Web\n|\n|upkeep\n|\n|t:|1700581563\n|switch|p2b: Tapu Lele|Tapu Lele|100\/100\n|-fieldstart|move: Psychic Terrain|[from] ability: Psychic Surge|[of] p2b: Tapu Lele\n|turn|2\n|\n|t:|1700581574\n|switch|p2b: Gallade|Gallade, M|100\/100\n|move|p1b: Sneasler|Acrobatics|p2b: Gallade\n|-supereffective|p2b: Gallade\n|-damage|p2b: Gallade|0 fnt\n|faint|p2b: Gallade\n|move|p1a: Tapu Bulu|Horn Leech|p2a: Dottler\n|-resisted|p2a: Dottler\n|-damage|p2a: Dottler|70\/100\n|move|p2a: Dottler|Skill Swap|p1b: Sneasler\n|-activate|p2a: Dottler|move: Skill Swap|Unburden|Swarm|[of] p1b: Sneasler\n|\n|upkeep\n|\n|t:|1700581583\n|switch|p2b: Tapu Lele|Tapu Lele|100\/100\n|turn|3\n|\n|t:|1700581592\n|move|p2b: Tapu Lele|Psychic|p1b: Sneasler\n|-damage|p1b: Sneasler|0 fnt\n|faint|p1b: Sneasler\n|move|p1a: Tapu Bulu|Horn Leech|p2b: Tapu Lele\n|-damage|p2b: Tapu Lele|5\/100\n|move|p2a: Dottler|Reflect|p2a: Dottler\n|-sidestart|p2: Okto481|Reflect\n|\n|upkeep\n|\n|t:|1700581606\n|switch|p1b: Milotic|Milotic, M|100\/100\n|-activate|p1b: Milotic|move: Sticky Web\n|-unboost|p1b: Milotic|spe|1\n|turn|4\n|\n|t:|1700581624\n|move|p2b: Tapu Lele|Psychic|p1b: Milotic\n|-damage|p1b: Milotic|60\/100\n|move|p1a: Tapu Bulu|Horn Leech|p2b: Tapu Lele\n|-damage|p2b: Tapu Lele|0 fnt\n|faint|p2b: Tapu Lele\n|move|p1b: Milotic|Toxic|p2a: Dottler|[miss]\n|-miss|p1b: Milotic|p2a: Dottler\n|move|p2a: Dottler|Body Press|p1b: Milotic\n|-damage|p1b: Milotic|44\/100\n|\n|-status|p1b: Milotic|brn|[from] item: Flame Orb\n|upkeep\n|\n|t:|1700581638\n|switch|p2b: Gardevoir|Gardevoir, M|100\/100\n|-fieldstart|move: Grassy Terrain|[from] ability: Grassy Surge|[of] p2b: Gardevoir\n|-ability|p2b: Gardevoir|Grassy Surge|[from] ability: Trace|[of] p1a: Tapu Bulu\n|turn|5\n|c|\u2606Okto481|I forgot that\n|c|\u2606Okto481|:skull:\n|\n|t:|1700581664\n|detailschange|p2b: Gardevoir|Gardevoir-Mega, M\n|-mega|p2b: Gardevoir|Gardevoir|Gardevoirite\n|move|p2b: Gardevoir|Hyper Voice|p1b: Milotic|[spread] p1a,p1b\n|-damage|p1a: Tapu Bulu|49\/100\n|-damage|p1b: Milotic|9\/100 brn\n|move|p1a: Tapu Bulu|Horn Leech|p2b: Gardevoir\n|-damage|p2b: Gardevoir|8\/100\n|-heal|p1a: Tapu Bulu|87\/100|[from] drain|[of] p2b: Gardevoir\n|move|p1b: Milotic|Recover|p1b: Milotic\n|-heal|p1b: Milotic|59\/100 brn\n|move|p2a: Dottler|Body Press|p1b: Milotic\n|-damage|p1b: Milotic|50\/100 brn\n|\n|-heal|p2b: Gardevoir|14\/100|[from] Grassy Terrain\n|-heal|p1a: Tapu Bulu|93\/100|[from] Grassy Terrain\n|-heal|p1b: Milotic|56\/100 brn|[from] Grassy Terrain\n|-heal|p2a: Dottler|76\/100|[from] Grassy Terrain\n|-damage|p1b: Milotic|50\/100 brn|[from] brn\n|upkeep\n|turn|6\n|\n|t:|1700581687\n|switch|p2b: Armarouge|Armarouge, M|100\/100\n|move|p1a: Tapu Bulu|Horn Leech|p2b: Armarouge\n|-resisted|p2b: Armarouge\n|-damage|p2b: Armarouge|70\/100\n|-heal|p1a: Tapu Bulu|100\/100|[from] drain|[of] p2b: Armarouge\n|-ability|p2b: Armarouge|Weak Armor|boost\n|-unboost|p2b: Armarouge|def|1\n|-boost|p2b: Armarouge|spe|2\n|move|p1b: Milotic|Toxic|p2a: Dottler\n|-status|p2a: Dottler|tox\n|move|p2a: Dottler|Body Press|p1b: Milotic\n|-damage|p1b: Milotic|39\/100 brn\n|\n|-heal|p2b: Armarouge|76\/100|[from] Grassy Terrain\n|-heal|p1b: Milotic|45\/100 brn|[from] Grassy Terrain\n|-heal|p2a: Dottler|82\/100 tox|[from] Grassy Terrain\n|-damage|p2a: Dottler|76\/100 tox|[from] psn\n|-damage|p1b: Milotic|39\/100 brn|[from] brn\n|upkeep\n|turn|7\n|c|\u2606Okto481|I think its gg\n|c|\u2606kingcow_thegoat|for me?\n|\n|t:|1700581727\n|move|p2b: Armarouge|Protect|p2b: Armarouge\n|-singleturn|p2b: Armarouge|Protect\n|move|p1a: Tapu Bulu|Horn Leech|p2b: Armarouge\n|-activate|p2b: Armarouge|move: Protect\n|move|p1b: Milotic|Toxic|p2b: Armarouge\n|-activate|p2b: Armarouge|move: Protect\n|move|p2a: Dottler|Body Press|p1b: Milotic\n|-damage|p1b: Milotic|28\/100 brn\n|\n|-heal|p2b: Armarouge|82\/100|[from] Grassy Terrain\n|-heal|p1b: Milotic|35\/100 brn|[from] Grassy Terrain\n|-heal|p2a: Dottler|82\/100 tox|[from] Grassy Terrain\n|-damage|p2a: Dottler|70\/100 tox|[from] psn\n|-damage|p1b: Milotic|28\/100 brn|[from] brn\n|-sideend|p2: Okto481|Reflect\n|upkeep\n|turn|8\n|c|\u2606kingcow_thegoat|prob\n|\n|t:|1700581750\n|-terastallize|p2b: Armarouge|Fire\n|move|p2b: Armarouge|Armor Cannon|p1a: Tapu Bulu\n|-supereffective|p1a: Tapu Bulu\n|-damage|p1a: Tapu Bulu|0 fnt\n|-unboost|p2b: Armarouge|def|1\n|-unboost|p2b: Armarouge|spd|1\n|faint|p1a: Tapu Bulu\n|move|p1b: Milotic|Scald|p2b: Armarouge\n|-supereffective|p2b: Armarouge\n|-damage|p2b: Armarouge|0 fnt\n|faint|p2b: Armarouge\n|move|p2a: Dottler|Reflect|p2a: Dottler\n|-sidestart|p2: Okto481|Reflect\n|\n|-heal|p1b: Milotic|35\/100 brn|[from] Grassy Terrain\n|-heal|p2a: Dottler|76\/100 tox|[from] Grassy Terrain\n|-damage|p2a: Dottler|58\/100 tox|[from] psn\n|-damage|p1b: Milotic|28\/100 brn|[from] brn\n|upkeep\n|\n|t:|1700581757\n|switch|p2b: Gardevoir|Gardevoir-Mega, M|14\/100\n|switch|p1a: Lopunny|Lopunny, F|100\/100\n|-activate|p1a: Lopunny|move: Sticky Web\n|-unboost|p1a: Lopunny|spe|1\n|turn|9\n|\n|t:|1700581768\n|detailschange|p1a: Lopunny|Lopunny-Mega, F\n|-mega|p1a: Lopunny|Lopunny|Lopunnite\n|move|p1a: Lopunny|Fake Out|p2b: Gardevoir\n|-damage|p2b: Gardevoir|0 fnt\n|faint|p2b: Gardevoir\n|move|p1b: Milotic|Scald|p2a: Dottler\n|-damage|p2a: Dottler|38\/100 tox\n|move|p2a: Dottler|Body Press|p1a: Lopunny\n|-supereffective|p1a: Lopunny\n|-damage|p1a: Lopunny|55\/100\n|\n|-heal|p1a: Lopunny|61\/100|[from] Grassy Terrain\n|-heal|p1b: Milotic|35\/100 brn|[from] Grassy Terrain\n|-heal|p2a: Dottler|44\/100 tox|[from] Grassy Terrain\n|-damage|p2a: Dottler|20\/100 tox|[from] psn\n|-damage|p1b: Milotic|28\/100 brn|[from] brn\n|-fieldend|move: Grassy Terrain\n|upkeep\n|turn|10\n|c|\u2606Okto481|the trace throw\n|c|\u2606kingcow_thegoat|dang\n|-message|Okto481 forfeited.\n|\n|win|kingcow_thegoat\n|c|\u2606kingcow_thegoat|gg\n|c|\u2606Okto481|gg\n","uploadtime":1700581805,"views":30,"p1id":"kingcowthegoat","p2id":"okto481","formatid":"gen9nationaldexdoubles","rating":0,"private":0,"password":""}