{"id":"gen9nationaldexdoubles-1980080942","p1":"knightgem","p2":"bignutta","format":"[Gen 9] National Dex Doubles","log":"|j|\u2606knightgem\n|j|\u2606bignutta\n|t:|1698755254\n|gametype|doubles\n|player|p1|knightgem|#knightgem|1160\n|player|p2|bignutta|brycenman|1077\n|teamsize|p1|6\n|teamsize|p2|6\n|gen|9\n|tier|[Gen 9] National Dex Doubles\n|rated|\n|rule|HP Percentage Mod: HP is shown in percentages\n|rule|Endless Battle Clause: Forcing endless battles is banned\n|rule|OHKO Clause: OHKO moves are banned\n|rule|Evasion Moves Clause: Evasion moves are banned\n|rule|Evasion Abilities Clause: Evasion abilities are banned\n|rule|Species Clause: Limit one of each Pok\u00e9mon\n|rule|Gravity Sleep Clause: The combination of sleep-inducing moves with imperfect accuracy and Gravity or Gigantamax Orbeetle are banned\n|clearpoke\n|poke|p1|Primarina, F|\n|poke|p1|Skeledirge, M|\n|poke|p1|Rillaboom, M|\n|poke|p1|Toxtricity, M|\n|poke|p1|Kommo-o, F|\n|poke|p1|Clefairy, M|\n|poke|p2|Articuno-Galar|\n|poke|p2|Politoed, M|\n|poke|p2|Electrode-Hisui|\n|poke|p2|Barraskewda, F|\n|poke|p2|Toxicroak, M|\n|poke|p2|Torterra, M|\n|teampreview\n|inactive|Battle timer is ON: inactive players will automatically lose when time's up. (requested by knightgem)\n|\n|t:|1698755265\n|start\n|switch|p1a: Conductor|Clefairy, M|100\/100\n|switch|p1b: Timpani|Kommo-o, F|100\/100\n|switch|p2a: Politoed|Politoed, M|100\/100\n|switch|p2b: Barraskewda|Barraskewda, F|100\/100\n|-weather|RainDance|[from] ability: Drizzle|[of] p2a: Politoed\n|turn|1\n|\n|t:|1698755289\n|move|p2b: Barraskewda|Flip Turn|p1b: Timpani\n|-resisted|p1b: Timpani\n|-damage|p1b: Timpani|77\/100\n|\n|t:|1698755295\n|switch|p2b: Articuno|Articuno-Galar|100\/100|[from] Flip Turn\n|move|p1b: Timpani|Substitute|p1b: Timpani\n|-start|p1b: Timpani|Substitute\n|-damage|p1b: Timpani|52\/100\n|move|p2a: Politoed|Ice Beam|p1b: Timpani\n|-supereffective|p1b: Timpani\n|-end|p1b: Timpani|Substitute\n|move|p1a: Conductor|Wish|p1a: Conductor\n|\n|-weather|RainDance|[upkeep]\n|upkeep\n|turn|2\n|\n|t:|1698755316\n|move|p1a: Conductor|Follow Me|p1a: Conductor\n|-singleturn|p1a: Conductor|move: Follow Me\n|move|p2b: Articuno|Hurricane|p1a: Conductor\n|-damage|p1a: Conductor|51\/100\n|-damage|p2b: Articuno|91\/100|[from] item: Life Orb\n|move|p1b: Timpani|Belly Drum|p1b: Timpani\n|-damage|p1b: Timpani|2\/100\n|-setboost|p1b: Timpani|atk|6|[from] move: Belly Drum\n|-enditem|p1b: Timpani|Salac Berry|[eat]\n|-boost|p1b: Timpani|spe|1|[from] item: Salac Berry\n|move|p2a: Politoed|Ice Beam|p1a: Conductor\n|-damage|p1a: Conductor|34\/100\n|\n|-weather|RainDance|[upkeep]\n|-heal|p1a: Conductor|84\/100|[from] move: Wish|[wisher] Conductor\n|upkeep\n|turn|3\n|\n|t:|1698755338\n|switch|p2b: Electrode|Electrode-Hisui|100\/100\n|move|p1a: Conductor|Follow Me|p1a: Conductor\n|-singleturn|p1a: Conductor|move: Follow Me\n|move|p1b: Timpani|Drain Punch|p2a: Politoed\n|-damage|p2a: Politoed|0 fnt\n|-heal|p1b: Timpani|67\/100|[from] drain|[of] p2a: Politoed\n|faint|p2a: Politoed\n|\n|-weather|RainDance|[upkeep]\n|upkeep\n|inactive|bignutta has 120 seconds left.\n|\n|t:|1698755357\n|switch|p2a: Articuno|Articuno-Galar|91\/100\n|turn|4\n|\n|t:|1698755373\n|-terastallize|p1b: Timpani|Steel\n|move|p1a: Conductor|Follow Me|p1a: Conductor\n|-singleturn|p1a: Conductor|move: Follow Me\n|move|p2b: Electrode|Thunder|p1a: Conductor\n|-damage|p1a: Conductor|41\/100\n|move|p1b: Timpani|Substitute|p1b: Timpani\n|-start|p1b: Timpani|Substitute\n|-damage|p1b: Timpani|42\/100\n|move|p2a: Articuno|Freezing Glare|p1a: Conductor\n|-damage|p1a: Conductor|0 fnt\n|faint|p1a: Conductor\n|-damage|p2a: Articuno|81\/100|[from] item: Life Orb\n|\n|-weather|RainDance|[upkeep]\n|upkeep\n|\n|t:|1698755384\n|switch|p1a: Gunkitar|Toxtricity, M|100\/100\n|turn|5\n|l|\u2606bignutta\n|inactive|bignutta disconnected and has a minute to reconnect!\n|player|p2|\n|inactive|bignutta has 30 seconds to reconnect!\n|inactive|bignutta has 20 seconds to reconnect!\n|inactive|bignutta has 15 seconds to reconnect!\n|inactive|bignutta has 10 seconds to reconnect!\n|inactive|bignutta has 5 seconds to reconnect!\n|-message|bignutta lost due to inactivity.\n|\n|win|knightgem\n|raw|knightgem's rating: 1160 &rarr; <strong>1179<\/strong><br \/>(+19 for winning)\n|raw|bignutta's rating: 1077 &rarr; <strong>1061<\/strong><br \/>(-16 for losing)\n|j|\u2606bignutta\n|player|p2|bignutta|brycenman\n|l|\u2606bignutta\n|player|p2|\n","uploadtime":1698755535,"views":5,"p1id":"knightgem","p2id":"bignutta","formatid":"gen9nationaldexdoubles","rating":1061,"private":0,"password":""}