{"id":"gen9nationaldexdoubles-1952501750","p1":"Koge Takashii","p2":"xiaoxiaohong","format":"[Gen 9] National Dex Doubles","log":"|j|\u2606Koge Takashii\n|j|\u2606xiaoxiaohong\n|t:|1695691053\n|gametype|doubles\n|player|p1|Koge Takashii|jupiter|1202\n|player|p2|xiaoxiaohong|hilbert-wonderlauncher|1300\n|teamsize|p1|6\n|teamsize|p2|6\n|gen|9\n|tier|[Gen 9] National Dex Doubles\n|rated|\n|rule|HP Percentage Mod: HP is shown in percentages\n|rule|Endless Battle Clause: Forcing endless battles is banned\n|rule|OHKO Clause: OHKO moves are banned\n|rule|Evasion Moves Clause: Evasion moves are banned\n|rule|Evasion Abilities Clause: Evasion abilities are banned\n|rule|Species Clause: Limit one of each Pok\u00e9mon\n|rule|Gravity Sleep Clause: The combination of sleep-inducing moves with imperfect accuracy and Gravity or Gigantamax Orbeetle are banned\n|clearpoke\n|poke|p1|Empoleon, M|\n|poke|p1|Feraligatr, M|\n|poke|p1|Iron Bundle|\n|poke|p1|Froslass, F|\n|poke|p1|Gyarados, F|\n|poke|p1|Regieleki|\n|poke|p2|Charizard, M|\n|poke|p2|Walking Wake|\n|poke|p2|Tapu Lele|\n|poke|p2|Alakazam, F|\n|poke|p2|Tornadus, M|\n|poke|p2|Great Tusk|\n|teampreview\n|inactive|Battle timer is ON: inactive players will automatically lose when time's up. (requested by xiaoxiaohong)\n|\n|t:|1695691079\n|start\n|switch|p1a: \ud83d\uddef\ufe0fWind-Up Action\u2757|Froslass, F, shiny|100\/100\n|switch|p1b: \ud83d\uddef\ufe0fProxy\u2122|Gyarados, F, shiny|100\/100\n|switch|p2a: \u4f60\u6562\u5a01\u5413\u6211\uff1f|Tornadus, M, shiny|100\/100\n|switch|p2b: Y\u589e|Charizard, M, shiny|100\/100\n|-ability|p1b: \ud83d\uddef\ufe0fProxy\u2122|Intimidate|boost\n|-unboost|p2a: \u4f60\u6562\u5a01\u5413\u6211\uff1f|atk|1\n|-unboost|p2b: Y\u589e|atk|1\n|turn|1\n|\n|t:|1695691096\n|detailschange|p2b: Y\u589e|Charizard-Mega-Y, M, shiny\n|-mega|p2b: Y\u589e|Charizard|Charizardite Y\n|-weather|SunnyDay|[from] ability: Drought|[of] p2b: Y\u589e\n|detailschange|p1b: \ud83d\uddef\ufe0fProxy\u2122|Gyarados-Mega, F, shiny\n|-mega|p1b: \ud83d\uddef\ufe0fProxy\u2122|Gyarados|Gyaradosite\n|-ability|p1b: \ud83d\uddef\ufe0fProxy\u2122|Mold Breaker\n|-terastallize|p1a: \ud83d\uddef\ufe0fWind-Up Action\u2757|Dragon\n|move|p2a: \u4f60\u6562\u5a01\u5413\u6211\uff1f|Tailwind|p2a: \u4f60\u6562\u5a01\u5413\u6211\uff1f\n|-sidestart|p2: xiaoxiaohong|move: Tailwind\n|move|p2b: Y\u589e|Heat Wave|p1a: \ud83d\uddef\ufe0fWind-Up Action\u2757|[spread] p1a,p1b\n|-resisted|p1a: \ud83d\uddef\ufe0fWind-Up Action\u2757\n|-resisted|p1b: \ud83d\uddef\ufe0fProxy\u2122\n|-damage|p1a: \ud83d\uddef\ufe0fWind-Up Action\u2757|48\/100\n|-damage|p1b: \ud83d\uddef\ufe0fProxy\u2122|81\/100\n|-status|p1b: \ud83d\uddef\ufe0fProxy\u2122|brn\n|move|p1a: \ud83d\uddef\ufe0fWind-Up Action\u2757|Rain Dance|p1a: \ud83d\uddef\ufe0fWind-Up Action\u2757\n|-weather|RainDance\n|move|p1b: \ud83d\uddef\ufe0fProxy\u2122|Waterfall|p2b: Y\u589e\n|-supereffective|p2b: Y\u589e\n|-damage|p2b: Y\u589e|10\/100\n|\n|-weather|RainDance|[upkeep]\n|-damage|p1b: \ud83d\uddef\ufe0fProxy\u2122|75\/100 brn|[from] brn\n|upkeep\n|turn|2\n|inactive|Koge Takashii has 120 seconds left.\n|inactive|xiaoxiaohong has 120 seconds left.\n|\n|t:|1695691136\n|switch|p2a: \u96e8\u5929\u5927\u9171|Walking Wake|100\/100\n|switch|p1a: \ud83d\uddef\ufe0fDrident\u2757\u2757|Empoleon, M, shiny|100\/100\n|switch|p1b: \ud83d\uddef\ufe0fDragoons\u2757\u2757|Feraligatr, M, shiny|100\/100\n|move|p2b: Y\u589e|Protect||[still]\n|-fail|p2b: Y\u589e\n|\n|-weather|RainDance|[upkeep]\n|upkeep\n|turn|3\n|inactive|Koge Takashii has 120 seconds left.\n|inactive|xiaoxiaohong has 120 seconds left.\n|\n|t:|1695691172\n|switch|p2b: \u4f60\u6562\u5a01\u5413\u6211\uff1f|Tornadus, M, shiny|100\/100\n|move|p2a: \u96e8\u5929\u5927\u9171|Protect|p2a: \u96e8\u5929\u5927\u9171\n|-singleturn|p2a: \u96e8\u5929\u5927\u9171|Protect\n|move|p1a: \ud83d\uddef\ufe0fDrident\u2757\u2757|Agility|p1a: \ud83d\uddef\ufe0fDrident\u2757\u2757\n|-boost|p1a: \ud83d\uddef\ufe0fDrident\u2757\u2757|spe|2\n|move|p1b: \ud83d\uddef\ufe0fDragoons\u2757\u2757|Dragon Tail|p2a: \u96e8\u5929\u5927\u9171\n|-activate|p2a: \u96e8\u5929\u5927\u9171|move: Protect\n|\n|-weather|RainDance|[upkeep]\n|upkeep\n|turn|4\n|inactive|Koge Takashii has 120 seconds left.\n|inactive|xiaoxiaohong has 120 seconds left.\n|\n|t:|1695691203\n|switch|p2b: Y\u589e|Charizard-Mega-Y, M, shiny|10\/100\n|-weather|SunnyDay|[from] ability: Drought|[of] p2b: Y\u589e\n|-activate|p2a: \u96e8\u5929\u5927\u9171|ability: Protosynthesis\n|-start|p2a: \u96e8\u5929\u5927\u9171|protosynthesisspe\n|move|p2a: \u96e8\u5929\u5927\u9171|Flamethrower|p1a: \ud83d\uddef\ufe0fDrident\u2757\u2757\n|-damage|p1a: \ud83d\uddef\ufe0fDrident\u2757\u2757|36\/100\n|-damage|p2a: \u96e8\u5929\u5927\u9171|91\/100|[from] item: Life Orb\n|move|p1a: \ud83d\uddef\ufe0fDrident\u2757\u2757|Surf|p2b: Y\u589e|[spread] p1b,p2a,p2b\n|-resisted|p1b: \ud83d\uddef\ufe0fDragoons\u2757\u2757\n|-resisted|p2a: \u96e8\u5929\u5927\u9171\n|-supereffective|p2b: Y\u589e\n|-damage|p1b: \ud83d\uddef\ufe0fDragoons\u2757\u2757|93\/100\n|-damage|p2a: \u96e8\u5929\u5927\u9171|86\/100\n|-damage|p2b: Y\u589e|0 fnt\n|faint|p2b: Y\u589e\n|move|p1b: \ud83d\uddef\ufe0fDragoons\u2757\u2757|Dragon Tail|p2a: \u96e8\u5929\u5927\u9171\n|-supereffective|p2a: \u96e8\u5929\u5927\u9171\n|-damage|p2a: \u96e8\u5929\u5927\u9171|50\/100\n|-end|p2a: \u96e8\u5929\u5927\u9171|Protosynthesis|[silent]\n|drag|p2a: \u7231\u7ba1\u662f|Tapu Lele, shiny|100\/100\n|-fieldstart|move: Psychic Terrain|[from] ability: Psychic Surge|[of] p2a: \u7231\u7ba1\u662f\n|\n|-weather|SunnyDay|[upkeep]\n|-sideend|p2: xiaoxiaohong|move: Tailwind\n|upkeep\n|\n|t:|1695691227\n|switch|p2b: \u4f60\u6562\u5a01\u5413\u6211\uff1f|Tornadus, M, shiny|100\/100\n|turn|5\n|inactive|Koge Takashii has 120 seconds left.\n|inactive|xiaoxiaohong has 120 seconds left.\n|\n|t:|1695691249\n|switch|p1b: \ud83d\uddef\ufe0fProxy\u2122|Gyarados-Mega, F, shiny|75\/100 brn\n|-ability|p1b: \ud83d\uddef\ufe0fProxy\u2122|Mold Breaker\n|move|p2b: \u4f60\u6562\u5a01\u5413\u6211\uff1f|Tailwind|p2b: \u4f60\u6562\u5a01\u5413\u6211\uff1f\n|-sidestart|p2: xiaoxiaohong|move: Tailwind\n|move|p2a: \u7231\u7ba1\u662f|Psychic|p1a: \ud83d\uddef\ufe0fDrident\u2757\u2757\n|-resisted|p1a: \ud83d\uddef\ufe0fDrident\u2757\u2757\n|-damage|p1a: \ud83d\uddef\ufe0fDrident\u2757\u2757|3\/100\n|-zpower|p1a: \ud83d\uddef\ufe0fDrident\u2757\u2757\n|move|p1a: \ud83d\uddef\ufe0fDrident\u2757\u2757|Corkscrew Crash|p2a: \u7231\u7ba1\u662f|[zeffect]\n|-supereffective|p2a: \u7231\u7ba1\u662f\n|-damage|p2a: \u7231\u7ba1\u662f|0 fnt\n|faint|p2a: \u7231\u7ba1\u662f\n|\n|-weather|SunnyDay|[upkeep]\n|-damage|p1b: \ud83d\uddef\ufe0fProxy\u2122|69\/100 brn|[from] brn\n|upkeep\n|inactive|xiaoxiaohong has 120 seconds left.\n|\n|t:|1695691267\n|switch|p2a: \u96e8\u5929\u5927\u9171|Walking Wake|50\/100\n|-activate|p2a: \u96e8\u5929\u5927\u9171|ability: Protosynthesis\n|-start|p2a: \u96e8\u5929\u5927\u9171|protosynthesisspe\n|turn|6\n|inactive|Koge Takashii has 120 seconds left.\n|inactive|xiaoxiaohong has 120 seconds left.\n|\n|t:|1695691297\n|move|p1a: \ud83d\uddef\ufe0fDrident\u2757\u2757|Helping Hand|p1b: \ud83d\uddef\ufe0fProxy\u2122\n|-singleturn|p1b: \ud83d\uddef\ufe0fProxy\u2122|Helping Hand|[of] p1a: \ud83d\uddef\ufe0fDrident\u2757\u2757\n|move|p2a: \u96e8\u5929\u5927\u9171|Hydro Steam|p1b: \ud83d\uddef\ufe0fProxy\u2122\n|-resisted|p1b: \ud83d\uddef\ufe0fProxy\u2122\n|-damage|p1b: \ud83d\uddef\ufe0fProxy\u2122|41\/100 brn\n|-damage|p2a: \u96e8\u5929\u5927\u9171|40\/100|[from] item: Life Orb\n|move|p2b: \u4f60\u6562\u5a01\u5413\u6211\uff1f|Foul Play|p1a: \ud83d\uddef\ufe0fDrident\u2757\u2757\n|-damage|p1a: \ud83d\uddef\ufe0fDrident\u2757\u2757|0 fnt\n|faint|p1a: \ud83d\uddef\ufe0fDrident\u2757\u2757\n|move|p1b: \ud83d\uddef\ufe0fProxy\u2122|Crunch|p2a: \u96e8\u5929\u5927\u9171\n|-damage|p2a: \u96e8\u5929\u5927\u9171|4\/100\n|\n|-weather|SunnyDay|[upkeep]\n|-damage|p1b: \ud83d\uddef\ufe0fProxy\u2122|35\/100 brn|[from] brn\n|upkeep\n|inactive|Koge Takashii has 90 seconds left.\n|\n|t:|1695691326\n|switch|p1a: \ud83d\uddef\ufe0fDragoons\u2757\u2757|Feraligatr, M, shiny|93\/100\n|turn|7\n|inactive|xiaoxiaohong has 120 seconds left.\n|inactive|xiaoxiaohong has 90 seconds left.\n|inactive|Koge Takashii has 90 seconds left.\n|\n|t:|1695691416\n|move|p2b: \u4f60\u6562\u5a01\u5413\u6211\uff1f|Protect|p2b: \u4f60\u6562\u5a01\u5413\u6211\uff1f\n|-singleturn|p2b: \u4f60\u6562\u5a01\u5413\u6211\uff1f|Protect\n|move|p1b: \ud83d\uddef\ufe0fProxy\u2122|Protect|p1b: \ud83d\uddef\ufe0fProxy\u2122\n|-singleturn|p1b: \ud83d\uddef\ufe0fProxy\u2122|Protect\n|move|p2a: \u96e8\u5929\u5927\u9171|Draco Meteor|p1a: \ud83d\uddef\ufe0fDragoons\u2757\u2757|[miss]\n|-miss|p2a: \u96e8\u5929\u5927\u9171|p1a: \ud83d\uddef\ufe0fDragoons\u2757\u2757\n|move|p1a: \ud83d\uddef\ufe0fDragoons\u2757\u2757|Dragon Tail|p2a: \u96e8\u5929\u5927\u9171\n|-supereffective|p2a: \u96e8\u5929\u5927\u9171\n|-damage|p2a: \u96e8\u5929\u5927\u9171|0 fnt\n|faint|p2a: \u96e8\u5929\u5927\u9171\n|-end|p2a: \u96e8\u5929\u5927\u9171|Protosynthesis|[silent]\n|\n|-weather|SunnyDay|[upkeep]\n|-damage|p1b: \ud83d\uddef\ufe0fProxy\u2122|29\/100 brn|[from] brn\n|upkeep\n|\n|t:|1695691436\n|switch|p2a: \u5361\u666e\u80e1\u80e1|Alakazam, F|100\/100\n|turn|8\n|inactive|Koge Takashii has 90 seconds left.\n|\n|t:|1695691457\n|switch|p2b: z\u79d2\u4e86|Great Tusk|100\/100\n|-activate|p2b: z\u79d2\u4e86|ability: Protosynthesis\n|-start|p2b: z\u79d2\u4e86|protosynthesisdef\n|-terastallize|p2a: \u5361\u666e\u80e1\u80e1|Psychic\n|move|p2a: \u5361\u666e\u80e1\u80e1|Dazzling Gleam|p1b: \ud83d\uddef\ufe0fProxy\u2122|[spread] p1a,p1b\n|-supereffective|p1b: \ud83d\uddef\ufe0fProxy\u2122\n|-damage|p1a: \ud83d\uddef\ufe0fDragoons\u2757\u2757|69\/100\n|-damage|p1b: \ud83d\uddef\ufe0fProxy\u2122|1\/100 brn\n|move|p1b: \ud83d\uddef\ufe0fProxy\u2122|Crunch|p2a: \u5361\u666e\u80e1\u80e1\n|-supereffective|p2a: \u5361\u666e\u80e1\u80e1\n|-enditem|p2a: \u5361\u666e\u80e1\u80e1|Focus Sash\n|-damage|p2a: \u5361\u666e\u80e1\u80e1|1\/100\n|move|p1a: \ud83d\uddef\ufe0fDragoons\u2757\u2757|Dragon Tail|p2b: z\u79d2\u4e86\n|-damage|p2b: z\u79d2\u4e86|94\/100\n|-damage|p1a: \ud83d\uddef\ufe0fDragoons\u2757\u2757|52\/100|[from] item: Rocky Helmet|[of] p2b: z\u79d2\u4e86\n|-end|p2b: z\u79d2\u4e86|Protosynthesis|[silent]\n|drag|p2b: \u4f60\u6562\u5a01\u5413\u6211\uff1f|Tornadus, M, shiny|100\/100\n|\n|-weather|none\n|-damage|p1b: \ud83d\uddef\ufe0fProxy\u2122|0 fnt|[from] brn\n|faint|p1b: \ud83d\uddef\ufe0fProxy\u2122\n|-sideend|p2: xiaoxiaohong|move: Tailwind\n|-fieldend|move: Psychic Terrain\n|upkeep\n|inactive|Koge Takashii has 60 seconds left.\n|\n|t:|1695691507\n|switch|p1b: \ud83d\uddef\ufe0fExtra Dex\u2757\u2757|Iron Bundle, shiny|100\/100\n|-enditem|p1b: \ud83d\uddef\ufe0fExtra Dex\u2757\u2757|Booster Energy\n|-activate|p1b: \ud83d\uddef\ufe0fExtra Dex\u2757\u2757|ability: Quark Drive|[fromitem]\n|-start|p1b: \ud83d\uddef\ufe0fExtra Dex\u2757\u2757|quarkdrivespe\n|turn|9\n|\n|t:|1695691528\n|move|p2b: \u4f60\u6562\u5a01\u5413\u6211\uff1f|Tailwind|p2b: \u4f60\u6562\u5a01\u5413\u6211\uff1f\n|-sidestart|p2: xiaoxiaohong|move: Tailwind\n|move|p1a: \ud83d\uddef\ufe0fDragoons\u2757\u2757|Aqua Jet|p2a: \u5361\u666e\u80e1\u80e1\n|-damage|p2a: \u5361\u666e\u80e1\u80e1|0 fnt\n|faint|p2a: \u5361\u666e\u80e1\u80e1\n|move|p1b: \ud83d\uddef\ufe0fExtra Dex\u2757\u2757|Icy Wind|p2b: \u4f60\u6562\u5a01\u5413\u6211\uff1f\n|-supereffective|p2b: \u4f60\u6562\u5a01\u5413\u6211\uff1f\n|-damage|p2b: \u4f60\u6562\u5a01\u5413\u6211\uff1f|39\/100\n|-unboost|p2b: \u4f60\u6562\u5a01\u5413\u6211\uff1f|spe|1\n|\n|upkeep\n|inactive|xiaoxiaohong has 90 seconds left.\n|inactive|xiaoxiaohong has 60 seconds left.\n|\n|t:|1695691577\n|switch|p2a: z\u79d2\u4e86|Great Tusk|94\/100\n|turn|10\n|inactive|Koge Takashii has 60 seconds left.\n|inactive|xiaoxiaohong has 60 seconds left.\n|inactive|Koge Takashii has 30 seconds left.\n|\n|t:|1695691629\n|move|p2b: \u4f60\u6562\u5a01\u5413\u6211\uff1f|Protect|p2b: \u4f60\u6562\u5a01\u5413\u6211\uff1f\n|-singleturn|p2b: \u4f60\u6562\u5a01\u5413\u6211\uff1f|Protect\n|move|p1b: \ud83d\uddef\ufe0fExtra Dex\u2757\u2757|Icy Wind|p2a: z\u79d2\u4e86|[spread] p2a\n|-activate|p2b: \u4f60\u6562\u5a01\u5413\u6211\uff1f|move: Protect\n|-supereffective|p2a: z\u79d2\u4e86\n|-damage|p2a: z\u79d2\u4e86|35\/100\n|-unboost|p2a: z\u79d2\u4e86|spe|1\n|move|p2a: z\u79d2\u4e86|Body Press|p1b: \ud83d\uddef\ufe0fExtra Dex\u2757\u2757\n|-supereffective|p1b: \ud83d\uddef\ufe0fExtra Dex\u2757\u2757\n|-damage|p1b: \ud83d\uddef\ufe0fExtra Dex\u2757\u2757|9\/100\n|move|p1a: \ud83d\uddef\ufe0fDragoons\u2757\u2757|Waterfall|p2a: z\u79d2\u4e86\n|-supereffective|p2a: z\u79d2\u4e86\n|-damage|p2a: z\u79d2\u4e86|0 fnt\n|-damage|p1a: \ud83d\uddef\ufe0fDragoons\u2757\u2757|36\/100|[from] item: Rocky Helmet|[of] p2a: z\u79d2\u4e86\n|faint|p2a: z\u79d2\u4e86\n|-end|p2a: z\u79d2\u4e86|Protosynthesis|[silent]\n|\n|upkeep\n|turn|11\n|inactive|xiaoxiaohong has 60 seconds left.\n|inactive|xiaoxiaohong has 30 seconds left.\n|inactive|xiaoxiaohong has 20 seconds left.\n|inactive|xiaoxiaohong has 15 seconds left.\n|inactive|xiaoxiaohong has 10 seconds left.\n|inactive|xiaoxiaohong has 5 seconds left.\n|-message|xiaoxiaohong lost due to inactivity.\n|\n|win|Koge Takashii\n|raw|Koge Takashii's rating: 1202 &rarr; <strong>1234<\/strong><br \/>(+32 for winning)\n|raw|xiaoxiaohong's rating: 1300 &rarr; <strong>1268<\/strong><br \/>(-32 for losing)\n","uploadtime":1695691712,"views":9,"p1id":"kogetakashii","p2id":"xiaoxiaohong","formatid":"gen9nationaldexdoubles","rating":1234,"private":0,"password":""}