{"id":"gen9nationaldexdoubles-1989783182","p1":"AutumnCookie","p2":"cassinidivision","format":"[Gen 9] National Dex Doubles","log":"|j|\u2606AutumnCookie\n|j|\u2606cassinidivision\n|t:|1699895372\n|gametype|doubles\n|player|p1|AutumnCookie|ortega|\n|player|p2|cassinidivision|giacomo|\n|teamsize|p1|5\n|teamsize|p2|6\n|gen|9\n|tier|[Gen 9] National Dex Doubles\n|rule|HP Percentage Mod: HP is shown in percentages\n|rule|Endless Battle Clause: Forcing endless battles is banned\n|rule|OHKO Clause: OHKO moves are banned\n|rule|Evasion Moves Clause: Evasion moves are banned\n|rule|Evasion Abilities Clause: Evasion abilities are banned\n|rule|Species Clause: Limit one of each Pok\u00e9mon\n|rule|Gravity Sleep Clause: The combination of sleep-inducing moves with imperfect accuracy and Gravity or Gigantamax Orbeetle are banned\n|clearpoke\n|poke|p1|Klefki, M|\n|poke|p1|Wigglytuff, M|\n|poke|p1|Hatterene, F|\n|poke|p1|Dachsbun, M|\n|poke|p1|Azumarill, F|\n|poke|p2|Kingambit, M|\n|poke|p2|Honchkrow, M|\n|poke|p2|Weavile, M|\n|poke|p2|Krookodile, F|\n|poke|p2|Muk-Alola, F|\n|poke|p2|Umbreon, F|\n|teampreview\n|c|\u2606cassinidivision|drop the spec link bc idk how\n|c|\u2606cassinidivision|yaaaaayyyyy\n|\n|t:|1699895441\n|start\n|switch|p1a: Klefki|Klefki, M, shiny|100\/100\n|switch|p1b: Wigglytuff|Wigglytuff, M|100\/100\n|switch|p2a: MOONWITCH|Umbreon, F, shiny|100\/100\n|switch|p2b: BIG BIRD|Honchkrow, M|100\/100\n|turn|1\n|\n|t:|1699895468\n|move|p1a: Klefki|Reflect|p1a: Klefki\n|-sidestart|p1: AutumnCookie|Reflect\n|move|p2b: BIG BIRD|U-turn|p1b: Wigglytuff\n|-resisted|p1b: Wigglytuff\n|-damage|p1b: Wigglytuff|92\/100\n|\n|t:|1699895475\n|switch|p2b: SAUCE|Muk-Alola, F|100\/100|[from] U-turn\n|move|p2a: MOONWITCH|Toxic|p1b: Wigglytuff\n|-status|p1b: Wigglytuff|tox\n|move|p1b: Wigglytuff|Dazzling Gleam|p2a: MOONWITCH|[spread] p2a,p2b\n|-supereffective|p2a: MOONWITCH\n|-damage|p2a: MOONWITCH|64\/100\n|-damage|p2b: SAUCE|81\/100\n|-damage|p1b: Wigglytuff|82\/100 tox|[from] item: Life Orb\n|\n|-heal|p2a: MOONWITCH|70\/100|[from] item: Leftovers\n|-heal|p2b: SAUCE|87\/100|[from] item: Leftovers\n|-damage|p1b: Wigglytuff|76\/100 tox|[from] psn\n|upkeep\n|turn|2\n|\n|t:|1699895497\n|move|p1a: Klefki|Light Screen|p1a: Klefki\n|-sidestart|p1: AutumnCookie|move: Light Screen\n|move|p2a: MOONWITCH|Curse|p2a: MOONWITCH\n|-unboost|p2a: MOONWITCH|spe|1\n|-boost|p2a: MOONWITCH|atk|1\n|-boost|p2a: MOONWITCH|def|1\n|move|p1b: Wigglytuff|Heal Bell|p1b: Wigglytuff\n|-activate|p1b: Wigglytuff|move: Heal Bell\n|-curestatus|p1b: Wigglytuff|tox|[msg]\n|move|p2b: SAUCE|Gunk Shot|p1b: Wigglytuff\n|-supereffective|p1b: Wigglytuff\n|-damage|p1b: Wigglytuff|0 fnt\n|faint|p1b: Wigglytuff\n|\n|-heal|p2b: SAUCE|93\/100|[from] item: Leftovers\n|-heal|p2a: MOONWITCH|76\/100|[from] item: Leftovers\n|upkeep\n|\n|t:|1699895527\n|switch|p1b: Hatterene|Hatterene, F|100\/100\n|turn|3\n|\n|t:|1699895562\n|-terastallize|p1b: Hatterene|Water\n|move|p1a: Klefki|Spikes|p2b: SAUCE\n|-sidestart|p2: cassinidivision|Spikes\n|move|p2b: SAUCE|Brick Break|p1a: Klefki\n|-sideend|p1: AutumnCookie|Reflect\n|-sideend|p1: AutumnCookie|move: Light Screen\n|-damage|p1a: Klefki|86\/100\n|move|p2a: MOONWITCH|Toxic|p1b: Hatterene\n|move|p1b: Hatterene|Toxic|p2a: MOONWITCH|[from]ability: Magic Bounce\n|-status|p2a: MOONWITCH|tox\n|-activate|p2a: MOONWITCH|ability: Synchronize\n|-status|p1b: Hatterene|tox\n|move|p1b: Hatterene|Calm Mind|p1b: Hatterene\n|-boost|p1b: Hatterene|spa|1\n|-boost|p1b: Hatterene|spd|1\n|\n|-heal|p2b: SAUCE|99\/100|[from] item: Leftovers\n|-heal|p2a: MOONWITCH|82\/100 tox|[from] item: Leftovers\n|-damage|p2a: MOONWITCH|76\/100 tox|[from] psn\n|-damage|p1b: Hatterene|95\/100 tox|[from] psn\n|upkeep\n|turn|4\n|c|\u2606AutumnCookie|THAT WAS SO FUNNY..MAGIC BOUNCE SYNCHRONIZE...\n|\n|t:|1699895609\n|move|p1a: Klefki|Light Screen|p1a: Klefki\n|-sidestart|p1: AutumnCookie|move: Light Screen\n|move|p2b: SAUCE|Gunk Shot|p1b: Hatterene|[miss]\n|-miss|p2b: SAUCE|p1b: Hatterene\n|move|p2a: MOONWITCH|Curse|p2a: MOONWITCH\n|-unboost|p2a: MOONWITCH|spe|1\n|-boost|p2a: MOONWITCH|atk|1\n|-boost|p2a: MOONWITCH|def|1\n|move|p1b: Hatterene|Draining Kiss|p2a: MOONWITCH\n|-supereffective|p2a: MOONWITCH\n|-crit|p2a: MOONWITCH\n|-damage|p2a: MOONWITCH|8\/100 tox\n|-heal|p1b: Hatterene|100\/100 tox|[from] drain|[of] p2a: MOONWITCH\n|\n|-heal|p2b: SAUCE|100\/100|[from] item: Leftovers\n|-heal|p2a: MOONWITCH|14\/100 tox|[from] item: Leftovers\n|-damage|p1b: Hatterene|89\/100 tox|[from] psn\n|-damage|p2a: MOONWITCH|2\/100 tox|[from] psn\n|upkeep\n|turn|5\n|j| kpoc12\n|\n|t:|1699895637\n|move|p1a: Klefki|Spikes|p2b: SAUCE\n|-sidestart|p2: cassinidivision|Spikes\n|move|p2b: SAUCE|Gunk Shot|p1b: Hatterene|[miss]\n|-miss|p2b: SAUCE|p1b: Hatterene\n|move|p1b: Hatterene|Calm Mind|p1b: Hatterene\n|-boost|p1b: Hatterene|spa|1\n|-boost|p1b: Hatterene|spd|1\n|move|p2a: MOONWITCH|Moonlight|p2a: MOONWITCH\n|-heal|p2a: MOONWITCH|52\/100 tox\n|\n|-heal|p1b: Hatterene|95\/100 tox|[from] item: Leftovers\n|-heal|p2a: MOONWITCH|58\/100 tox|[from] item: Leftovers\n|-damage|p1b: Hatterene|77\/100 tox|[from] psn\n|-damage|p2a: MOONWITCH|40\/100 tox|[from] psn\n|upkeep\n|turn|6\n|c| kpoc12|MAGIC BOUNCE SYNC IS SO FUNNY\n|c|\u2606AutumnCookie|THE FUCKIN MISSES\n|c|\u2606cassinidivision|its worth it to poison that fucking hatterene\n|\n|t:|1699895672\n|move|p1a: Klefki|Spikes|p2b: SAUCE\n|-sidestart|p2: cassinidivision|Spikes\n|move|p2b: SAUCE|Gunk Shot|p1b: Hatterene\n|-damage|p1b: Hatterene|31\/100 tox\n|move|p1b: Hatterene|Draining Kiss|p2b: SAUCE\n|-damage|p2b: SAUCE|64\/100\n|-heal|p1b: Hatterene|67\/100 tox|[from] drain|[of] p2b: SAUCE\n|move|p2a: MOONWITCH|Moonlight|p2a: MOONWITCH\n|-heal|p2a: MOONWITCH|90\/100 tox\n|\n|-heal|p2b: SAUCE|70\/100|[from] item: Leftovers\n|-heal|p1b: Hatterene|73\/100 tox|[from] item: Leftovers\n|-heal|p2a: MOONWITCH|96\/100 tox|[from] item: Leftovers\n|-damage|p1b: Hatterene|49\/100 tox|[from] psn\n|-damage|p2a: MOONWITCH|71\/100 tox|[from] psn\n|upkeep\n|turn|7\n|\n|t:|1699895702\n|move|p1a: Klefki|Reflect|p1a: Klefki\n|-sidestart|p1: AutumnCookie|Reflect\n|move|p2b: SAUCE|Gunk Shot|p1b: Hatterene|[miss]\n|-miss|p2b: SAUCE|p1b: Hatterene\n|move|p1b: Hatterene|Draining Kiss|p2a: MOONWITCH\n|-supereffective|p2a: MOONWITCH\n|-damage|p2a: MOONWITCH|12\/100 tox\n|-heal|p1b: Hatterene|100\/100 tox|[from] drain|[of] p2a: MOONWITCH\n|move|p2a: MOONWITCH|Crunch|p1b: Hatterene\n|-damage|p1b: Hatterene|70\/100 tox\n|\n|-heal|p2b: SAUCE|76\/100|[from] item: Leftovers\n|-heal|p1b: Hatterene|76\/100 tox|[from] item: Leftovers\n|-heal|p2a: MOONWITCH|18\/100 tox|[from] item: Leftovers\n|-damage|p1b: Hatterene|46\/100 tox|[from] psn\n|-damage|p2a: MOONWITCH|0 fnt|[from] psn\n|faint|p2a: MOONWITCH\n|upkeep\n|\n|t:|1699895720\n|switch|p2a: SLASHER|Weavile, M|100\/100\n|-damage|p2a: SLASHER|76\/100|[from] Spikes\n|turn|8\n|\n|t:|1699895732\n|move|p2a: SLASHER|Fake Out|p1b: Hatterene\n|-damage|p1b: Hatterene|36\/100 tox\n|move|p1a: Klefki|Flash Cannon|p2a: SLASHER\n|-supereffective|p2a: SLASHER\n|-damage|p2a: SLASHER|15\/100\n|move|p2b: SAUCE|Gunk Shot|p1b: Hatterene|[miss]\n|-miss|p2b: SAUCE|p1b: Hatterene\n|cant|p1b: Hatterene|flinch\n|\n|-heal|p2b: SAUCE|82\/100|[from] item: Leftovers\n|-heal|p1b: Hatterene|42\/100 tox|[from] item: Leftovers\n|-damage|p1b: Hatterene|6\/100 tox|[from] psn\n|upkeep\n|turn|9\n|\n|t:|1699895769\n|switch|p1b: Dachsbun|Dachsbun, M|100\/100\n|move|p2a: SLASHER|Icicle Crash|p1b: Dachsbun|[miss]\n|-miss|p2a: SLASHER|p1b: Dachsbun\n|move|p1a: Klefki|Flash Cannon|p2a: SLASHER\n|-supereffective|p2a: SLASHER\n|-crit|p2a: SLASHER\n|-damage|p2a: SLASHER|0 fnt\n|faint|p2a: SLASHER\n|move|p2b: SAUCE|Brick Break|p1b: Dachsbun\n|-sideend|p1: AutumnCookie|Reflect\n|-sideend|p1: AutumnCookie|move: Light Screen\n|-resisted|p1b: Dachsbun\n|-damage|p1b: Dachsbun|90\/100\n|-status|p1b: Dachsbun|psn|[from] ability: Poison Touch|[of] p2b: SAUCE\n|\n|-heal|p1b: Dachsbun|96\/100 psn|[from] item: Leftovers\n|-heal|p2b: SAUCE|88\/100|[from] item: Leftovers\n|-damage|p1b: Dachsbun|84\/100 psn|[from] psn\n|upkeep\n|\n|t:|1699895782\n|switch|p2a: BIG BIRD|Honchkrow, M|100\/100\n|turn|10\n|j| parkle\n|c| parkle|hai\n|\n|t:|1699895807\n|move|p1a: Klefki|Reflect|p1a: Klefki\n|-sidestart|p1: AutumnCookie|Reflect\n|move|p1b: Dachsbun|Wish|p1b: Dachsbun\n|move|p2a: BIG BIRD|Air Slash|p1b: Dachsbun\n|-damage|p1b: Dachsbun|33\/100 psn\n|move|p2b: SAUCE|Gunk Shot|p1b: Dachsbun\n|-supereffective|p1b: Dachsbun\n|-damage|p1b: Dachsbun|0 fnt\n|faint|p1b: Dachsbun\n|\n|-heal|p2b: SAUCE|94\/100|[from] item: Leftovers\n|upkeep\n|c| parkle|oh my GOD ITS LIGHT MODE\n|c| parkle|AAAHHH\n|c| parkle|AHHHHHHH\n|c|\u2606cassinidivision|jumpscare\n|\n|t:|1699895821\n|switch|p1b: Azumarill|Azumarill, F|100\/100\n|turn|11\n|c| parkle|okay fixed it\n|\n|t:|1699895841\n|move|p1a: Klefki|Light Screen|p1a: Klefki\n|-sidestart|p1: AutumnCookie|move: Light Screen\n|move|p2a: BIG BIRD|Air Slash|p1b: Azumarill\n|-damage|p1b: Azumarill|78\/100\n|move|p1b: Azumarill|Belly Drum|p1b: Azumarill\n|-damage|p1b: Azumarill|28\/100\n|-setboost|p1b: Azumarill|atk|6|[from] move: Belly Drum\n|-enditem|p1b: Azumarill|Sitrus Berry|[eat]\n|-heal|p1b: Azumarill|53\/100|[from] item: Sitrus Berry\n|move|p2b: SAUCE|Brick Break|p1a: Klefki\n|-sideend|p1: AutumnCookie|Reflect\n|-sideend|p1: AutumnCookie|move: Light Screen\n|-damage|p1a: Klefki|71\/100\n|\n|-heal|p1b: Azumarill|84\/100|[from] move: Wish|[wisher] Dachsbun\n|-heal|p2b: SAUCE|100\/100|[from] item: Leftovers\n|upkeep\n|turn|12\n|\n|t:|1699895873\n|move|p1a: Klefki|Reflect|p1a: Klefki\n|-sidestart|p1: AutumnCookie|Reflect\n|move|p2a: BIG BIRD|Air Slash|p1b: Azumarill\n|-crit|p1b: Azumarill\n|-damage|p1b: Azumarill|30\/100\n|move|p1b: Azumarill|Liquidation|p2b: SAUCE\n|-damage|p2b: SAUCE|0 fnt\n|faint|p2b: SAUCE\n|\n|upkeep\n|\n|t:|1699895884\n|switch|p2b: PASTRAMI|Krookodile, F|100\/100\n|-damage|p2b: PASTRAMI|76\/100|[from] Spikes\n|turn|13\n|\n|t:|1699895902\n|move|p2b: PASTRAMI|Earthquake|p1b: Azumarill|[spread] p1a,p1b\n|-immune|p2a: BIG BIRD\n|-supereffective|p1a: Klefki\n|-damage|p1a: Klefki|21\/100\n|-damage|p1b: Azumarill|0 fnt\n|faint|p1b: Azumarill\n|-ability|p2b: PASTRAMI|Moxie|boost\n|-boost|p2b: PASTRAMI|atk|1\n|-damage|p2b: PASTRAMI|66\/100|[from] item: Life Orb\n|move|p1a: Klefki|Flash Cannon|p2a: BIG BIRD\n|-damage|p2a: BIG BIRD|65\/100\n|-unboost|p2a: BIG BIRD|spd|1\n|move|p2a: BIG BIRD|Air Slash|p1a: Klefki\n|-resisted|p1a: Klefki\n|-damage|p1a: Klefki|0 fnt\n|faint|p1a: Klefki\n|-ability|p2a: BIG BIRD|Moxie|boost\n|-boost|p2a: BIG BIRD|atk|1\n|\n|-heal|p2a: BIG BIRD|71\/100|[from] item: Leftovers\n|upkeep\n|c|\u2606cassinidivision|hehehe\n|\n|t:|1699895924\n|switch|p1a: Hatterene|Hatterene, F, tera:Water|6\/100 tox\n|turn|14\n|\n|t:|1699895932\n|move|p2b: PASTRAMI|Dragon Claw|p1a: Hatterene\n|-damage|p1a: Hatterene|0 fnt\n|faint|p1a: Hatterene\n|-damage|p2b: PASTRAMI|56\/100|[from] item: Life Orb\n|\n|win|cassinidivision\n|c|\u2606cassinidivision|pink silly\n|l| parkle\n","uploadtime":1699895950,"views":6,"p1id":"autumncookie","p2id":"cassinidivision","formatid":"gen9nationaldexdoubles","rating":0,"private":0,"password":""}