{"id":"gen9nationaldexdoubles-1956579160","p1":"Scarecrow4292","p2":"PastelNightt","format":"[Gen 9] National Dex Doubles","log":"|j|\u2606Scarecrow4292\n|j|\u2606PastelNightt\n|t:|1696122969\n|gametype|doubles\n|player|p1|Scarecrow4292|policeman|1040\n|player|p2|PastelNightt|selene|1085\n|teamsize|p1|6\n|teamsize|p2|6\n|gen|9\n|tier|[Gen 9] National Dex Doubles\n|rated|\n|rule|HP Percentage Mod: HP is shown in percentages\n|rule|Endless Battle Clause: Forcing endless battles is banned\n|rule|OHKO Clause: OHKO moves are banned\n|rule|Evasion Moves Clause: Evasion moves are banned\n|rule|Evasion Abilities Clause: Evasion abilities are banned\n|rule|Species Clause: Limit one of each Pok\u00e9mon\n|rule|Gravity Sleep Clause: The combination of sleep-inducing moves with imperfect accuracy and Gravity or Gigantamax Orbeetle are banned\n|clearpoke\n|poke|p1|Flutter Mane|\n|poke|p1|Jirachi|\n|poke|p1|Dusclops, M|\n|poke|p1|Iron Bundle|\n|poke|p1|Ninetales, F|\n|poke|p1|Garganacl, F|\n|poke|p2|Incineroar, F|\n|poke|p2|Sinistcha-Masterpiece|\n|poke|p2|Glaceon, F|\n|poke|p2|Lycanroc, M|\n|poke|p2|Gastrodon, M|\n|poke|p2|Fezandipiti, M|\n|teampreview\n|\n|t:|1696122979\n|start\n|switch|p1a: Flutter Mane|Flutter Mane, shiny|100\/100\n|switch|p1b: Ninetales|Ninetales, F, shiny|100\/100\n|switch|p2a: Gay Buff Cat|Incineroar, F|100\/100\n|switch|p2b: Annoying Pigeon|Fezandipiti, M|100\/100\n|-weather|SunnyDay|[from] ability: Drought|[of] p1b: Ninetales\n|-activate|p1a: Flutter Mane|ability: Protosynthesis\n|-start|p1a: Flutter Mane|protosynthesisspe\n|-ability|p2a: Gay Buff Cat|Intimidate|boost\n|-unboost|p1a: Flutter Mane|atk|1\n|-unboost|p1b: Ninetales|atk|1\n|turn|1\n|\n|t:|1696123017\n|move|p1b: Ninetales|Protect|p1b: Ninetales\n|-singleturn|p1b: Ninetales|Protect\n|move|p1a: Flutter Mane|Dazzling Gleam|p2a: Gay Buff Cat|[spread] p2a,p2b\n|-resisted|p2b: Annoying Pigeon\n|-damage|p2a: Gay Buff Cat|55\/100\n|-damage|p2b: Annoying Pigeon|86\/100\n|move|p2b: Annoying Pigeon|Icy Wind|p1a: Flutter Mane|[spread] p1a\n|-activate|p1b: Ninetales|move: Protect\n|-damage|p1a: Flutter Mane|93\/100\n|-unboost|p1a: Flutter Mane|spe|1\n|move|p2a: Gay Buff Cat|Knock Off|p1a: Flutter Mane\n|-damage|p1a: Flutter Mane|0 fnt\n|-enditem|p1a: Flutter Mane|Choice Specs|[from] move: Knock Off|[of] p2a: Gay Buff Cat\n|faint|p1a: Flutter Mane\n|-end|p1a: Flutter Mane|Protosynthesis|[silent]\n|\n|-weather|SunnyDay|[upkeep]\n|-heal|p2b: Annoying Pigeon|92\/100|[from] item: Leftovers\n|upkeep\n|\n|t:|1696123037\n|switch|p1a: Dusclops|Dusclops, M, shiny|100\/100\n|-item|p2a: Gay Buff Cat|Heavy-Duty Boots|[from] ability: Frisk|[of] p1a: Dusclops|[identify]\n|-item|p2b: Annoying Pigeon|Leftovers|[from] ability: Frisk|[of] p1a: Dusclops|[identify]\n|turn|2\n|\n|t:|1696123061\n|switch|p2a: Woof|Lycanroc, M|100\/100\n|move|p1b: Ninetales|Flamethrower|p2b: Annoying Pigeon\n|-damage|p2b: Annoying Pigeon|69\/100\n|move|p2b: Annoying Pigeon|Icy Wind|p1b: Ninetales|[spread] p1a,p1b\n|-resisted|p1b: Ninetales\n|-damage|p1a: Dusclops|97\/100\n|-damage|p1b: Ninetales|98\/100\n|-unboost|p1a: Dusclops|spe|1\n|-unboost|p1b: Ninetales|spe|1\n|move|p1a: Dusclops|Shadow Punch|p2b: Annoying Pigeon\n|-crit|p2b: Annoying Pigeon\n|-damage|p2b: Annoying Pigeon|43\/100\n|\n|-weather|SunnyDay|[upkeep]\n|-heal|p2b: Annoying Pigeon|49\/100|[from] item: Leftovers\n|upkeep\n|turn|3\n|\n|t:|1696123085\n|move|p2a: Woof|Stealth Rock|p1a: Dusclops\n|-sidestart|p1: Scarecrow4292|move: Stealth Rock\n|move|p2b: Annoying Pigeon|Roost|p2b: Annoying Pigeon\n|-heal|p2b: Annoying Pigeon|99\/100\n|-singleturn|p2b: Annoying Pigeon|move: Roost\n|move|p1b: Ninetales|Will-O-Wisp|p2a: Woof\n|-status|p2a: Woof|brn\n|move|p1a: Dusclops|Taunt|p2a: Woof\n|-start|p2a: Woof|move: Taunt\n|\n|-weather|SunnyDay|[upkeep]\n|-heal|p2b: Annoying Pigeon|100\/100|[from] item: Leftovers\n|-damage|p2a: Woof|94\/100 brn|[from] brn\n|upkeep\n|turn|4\n|\n|t:|1696123110\n|switch|p2a: Gay Buff Cat|Incineroar, F|55\/100\n|-ability|p2a: Gay Buff Cat|Intimidate|boost\n|-unboost|p1a: Dusclops|atk|1\n|-unboost|p1b: Ninetales|atk|1\n|move|p2b: Annoying Pigeon|Icy Wind|p1a: Dusclops|[spread] p1a,p1b\n|-resisted|p1b: Ninetales\n|-damage|p1a: Dusclops|92\/100\n|-damage|p1b: Ninetales|95\/100\n|-unboost|p1a: Dusclops|spe|1\n|-unboost|p1b: Ninetales|spe|1\n|-status|p1a: Dusclops|tox|[from] ability: Toxic Chain|[of] p2b: Annoying Pigeon\n|-status|p1b: Ninetales|tox|[from] ability: Toxic Chain|[of] p2b: Annoying Pigeon\n|move|p1b: Ninetales|Will-O-Wisp|p2b: Annoying Pigeon\n|-status|p2b: Annoying Pigeon|brn\n|move|p1a: Dusclops|Shadow Punch|p2a: Gay Buff Cat\n|-resisted|p2a: Gay Buff Cat\n|-crit|p2a: Gay Buff Cat\n|-damage|p2a: Gay Buff Cat|43\/100\n|\n|-weather|SunnyDay|[upkeep]\n|-damage|p1b: Ninetales|89\/100 tox|[from] psn\n|-damage|p1a: Dusclops|86\/100 tox|[from] psn\n|-damage|p2b: Annoying Pigeon|94\/100 brn|[from] brn\n|upkeep\n|turn|5\n|\n|t:|1696123149\n|move|p2b: Annoying Pigeon|Icy Wind|p1b: Ninetales|[spread] p1a,p1b\n|-resisted|p1b: Ninetales\n|-damage|p1a: Dusclops|82\/100 tox\n|-damage|p1b: Ninetales|87\/100 tox\n|-unboost|p1a: Dusclops|spe|1\n|-unboost|p1b: Ninetales|spe|1\n|move|p2a: Gay Buff Cat|Parting Shot|p1a: Dusclops\n|-unboost|p1a: Dusclops|atk|1\n|-unboost|p1a: Dusclops|spa|1\n|\n|t:|1696123163\n|switch|p2a: Woof|Lycanroc, M|94\/100 brn|[from] Parting Shot\n|move|p1b: Ninetales|Flamethrower|p2b: Annoying Pigeon\n|-damage|p2b: Annoying Pigeon|72\/100 brn\n|move|p1a: Dusclops|Rest|p1a: Dusclops\n|-status|p1a: Dusclops|slp|[from] move: Rest\n|-heal|p1a: Dusclops|100\/100 slp|[silent]\n|\n|-weather|none\n|-heal|p2b: Annoying Pigeon|78\/100 brn|[from] item: Leftovers\n|-damage|p1b: Ninetales|75\/100 tox|[from] psn\n|-damage|p2a: Woof|88\/100 brn|[from] brn\n|-damage|p2b: Annoying Pigeon|72\/100 brn|[from] brn\n|upkeep\n|turn|6\n|inactive|Battle timer is ON: inactive players will automatically lose when time's up. (requested by Scarecrow4292)\n|\n|t:|1696123185\n|move|p2a: Woof|Stealth Rock||[still]\n|-fail|p2a: Woof\n|move|p2b: Annoying Pigeon|Icy Wind|p1b: Ninetales|[spread] p1a,p1b\n|-resisted|p1b: Ninetales\n|-damage|p1a: Dusclops|96\/100 slp\n|-damage|p1b: Ninetales|72\/100 tox\n|-unboost|p1a: Dusclops|spe|1\n|-unboost|p1b: Ninetales|spe|1\n|move|p1b: Ninetales|Flamethrower|p2b: Annoying Pigeon\n|-damage|p2b: Annoying Pigeon|57\/100 brn\n|cant|p1a: Dusclops|slp\n|move|p1a: Dusclops|Sleep Talk|p1a: Dusclops\n|move|p1a: Dusclops|Taunt|p2a: Woof|[from]move: Sleep Talk\n|-start|p2a: Woof|move: Taunt\n|\n|-heal|p2b: Annoying Pigeon|63\/100 brn|[from] item: Leftovers\n|-damage|p1b: Ninetales|54\/100 tox|[from] psn\n|-damage|p2a: Woof|82\/100 brn|[from] brn\n|-damage|p2b: Annoying Pigeon|57\/100 brn|[from] brn\n|upkeep\n|turn|7\n|\n|t:|1696123209\n|switch|p2a: Gay Buff Cat|Incineroar, F|43\/100\n|-ability|p2a: Gay Buff Cat|Intimidate|boost\n|-unboost|p1a: Dusclops|atk|1\n|-unboost|p1b: Ninetales|atk|1\n|switch|p2b: Cup thing|Sinistcha-Masterpiece|100\/100\n|-heal|p2a: Gay Buff Cat|68\/100|[from] ability: Hospitality|[of] p2b: Cup thing\n|move|p1b: Ninetales|Flamethrower|p2b: Cup thing\n|-supereffective|p2b: Cup thing\n|-damage|p2b: Cup thing|43\/100\n|cant|p1a: Dusclops|slp\n|move|p1a: Dusclops|Sleep Talk|p1a: Dusclops\n|move|p1a: Dusclops|Taunt|p2b: Cup thing|[from]move: Sleep Talk\n|-start|p2b: Cup thing|move: Taunt\n|\n|-damage|p1b: Ninetales|30\/100 tox|[from] psn\n|upkeep\n|turn|8\n|\n|t:|1696123238\n|switch|p2b: Slug|Gastrodon, M|100\/100\n|move|p1b: Ninetales|Protect|p1b: Ninetales\n|-singleturn|p1b: Ninetales|Protect\n|move|p2a: Gay Buff Cat|Parting Shot|p1b: Ninetales\n|-activate|p1b: Ninetales|move: Protect\n|-curestatus|p1a: Dusclops|slp|[msg]\n|move|p1a: Dusclops|Shadow Punch|p2b: Slug\n|-damage|p2b: Slug|93\/100\n|\n|-heal|p2b: Slug|99\/100|[from] item: Leftovers\n|-damage|p1b: Ninetales|0 fnt|[from] psn\n|faint|p1b: Ninetales\n|upkeep\n|inactive|Scarecrow4292 has 120 seconds left.\n|\n|t:|1696123257\n|switch|p1b: Iron Bundle|Iron Bundle, shiny|100\/100\n|-damage|p1b: Iron Bundle|76\/100|[from] Stealth Rock\n|-enditem|p1b: Iron Bundle|Booster Energy\n|-activate|p1b: Iron Bundle|ability: Quark Drive|[fromitem]\n|-start|p1b: Iron Bundle|quarkdrivespe\n|turn|9\n|\n|t:|1696123271\n|move|p2a: Gay Buff Cat|Fake Out||[still]\n|-hint|Fake Out only works on your first turn out.\n|-fail|p2a: Gay Buff Cat\n|move|p1b: Iron Bundle|Hydro Pump|p2b: Slug\n|-activate|p2b: Slug|ability: Storm Drain\n|-ability|p2b: Slug|Storm Drain|boost\n|-boost|p2b: Slug|spa|1\n|move|p2b: Slug|Toxic|p1a: Dusclops\n|-status|p1a: Dusclops|tox\n|move|p1a: Dusclops|Shadow Punch|p2a: Gay Buff Cat\n|-resisted|p2a: Gay Buff Cat\n|-crit|p2a: Gay Buff Cat\n|-damage|p2a: Gay Buff Cat|56\/100\n|\n|-heal|p2b: Slug|100\/100|[from] item: Leftovers\n|-damage|p1a: Dusclops|90\/100 tox|[from] psn\n|upkeep\n|turn|10\n|\n|t:|1696123300\n|-terastallize|p1b: Iron Bundle|Ice\n|-terastallize|p2b: Slug|Ghost\n|move|p1b: Iron Bundle|Ice Beam|p2b: Slug\n|-damage|p2b: Slug|57\/100\n|move|p2a: Gay Buff Cat|Knock Off|p1a: Dusclops\n|-supereffective|p1a: Dusclops\n|-damage|p1a: Dusclops|39\/100 tox\n|-enditem|p1a: Dusclops|Eviolite|[from] move: Knock Off|[of] p2a: Gay Buff Cat\n|move|p2b: Slug|Sludge Bomb|p1b: Iron Bundle\n|-damage|p1b: Iron Bundle|17\/100\n|-status|p1b: Iron Bundle|psn\n|move|p1a: Dusclops|Rest|p1a: Dusclops\n|-status|p1a: Dusclops|slp|[from] move: Rest\n|-heal|p1a: Dusclops|100\/100 slp|[silent]\n|\n|-heal|p2b: Slug|63\/100|[from] item: Leftovers\n|-damage|p1b: Iron Bundle|5\/100 psn|[from] psn\n|upkeep\n|turn|11\n|\n|t:|1696123323\n|move|p1b: Iron Bundle|Ice Beam|p2b: Slug\n|-damage|p2b: Slug|24\/100\n|move|p2a: Gay Buff Cat|Knock Off|p1a: Dusclops\n|-supereffective|p1a: Dusclops\n|-damage|p1a: Dusclops|46\/100 slp\n|move|p2b: Slug|Recover|p2b: Slug\n|-heal|p2b: Slug|74\/100\n|cant|p1a: Dusclops|slp\n|move|p1a: Dusclops|Sleep Talk|p1a: Dusclops\n|move|p1a: Dusclops|Shadow Punch|p2b: Slug|[from]move: Sleep Talk\n|-supereffective|p2b: Slug\n|-damage|p2b: Slug|58\/100\n|\n|-heal|p2b: Slug|64\/100|[from] item: Leftovers\n|-damage|p1b: Iron Bundle|0 fnt|[from] psn\n|faint|p1b: Iron Bundle\n|-end|p1b: Iron Bundle|Quark Drive|[silent]\n|upkeep\n|inactive|Scarecrow4292 has 120 seconds left.\n|\n|t:|1696123341\n|switch|p1b: Garganacl|Garganacl, F, shiny|100\/100\n|-damage|p1b: Garganacl|88\/100|[from] Stealth Rock\n|turn|12\n|\n|t:|1696123356\n|move|p2a: Gay Buff Cat|Knock Off|p1a: Dusclops\n|-supereffective|p1a: Dusclops\n|-damage|p1a: Dusclops|0 fnt\n|faint|p1a: Dusclops\n|move|p2b: Slug|Earth Power|p1b: Garganacl\n|-supereffective|p1b: Garganacl\n|-damage|p1b: Garganacl|33\/100\n|-unboost|p1b: Garganacl|spd|1\n|move|p1b: Garganacl|Rock Slide|p2b: Slug|[spread] p2a,p2b\n|-supereffective|p2a: Gay Buff Cat\n|-damage|p2a: Gay Buff Cat|24\/100\n|-damage|p2b: Slug|42\/100\n|\n|-heal|p2b: Slug|48\/100|[from] item: Leftovers\n|upkeep\n|\n|t:|1696123368\n|switch|p1a: Jirachi|Jirachi|100\/100\n|-damage|p1a: Jirachi|94\/100|[from] Stealth Rock\n|turn|13\n|\n|t:|1696123376\n|switch|p2a: Cup thing|Sinistcha-Masterpiece|43\/100\n|-heal|p2b: Slug|73\/100|[from] ability: Hospitality|[of] p2a: Cup thing\n|move|p1a: Jirachi|Flash Cannon|p2b: Slug\n|-damage|p2b: Slug|55\/100\n|-unboost|p2b: Slug|spd|1\n|move|p2b: Slug|Earth Power|p1b: Garganacl\n|-supereffective|p1b: Garganacl\n|-damage|p1b: Garganacl|0 fnt\n|faint|p1b: Garganacl\n|\n|-heal|p1a: Jirachi|100\/100|[from] item: Leftovers\n|-heal|p2b: Slug|62\/100|[from] item: Leftovers\n|upkeep\n|turn|14\n|\n|t:|1696123393\n|switch|p2a: Gay Buff Cat|Incineroar, F|24\/100\n|-ability|p2a: Gay Buff Cat|Intimidate|boost\n|-unboost|p1a: Jirachi|atk|1\n|move|p1a: Jirachi|Flash Cannon|p2a: Gay Buff Cat\n|-resisted|p2a: Gay Buff Cat\n|-damage|p2a: Gay Buff Cat|11\/100\n|-unboost|p2a: Gay Buff Cat|spd|1\n|move|p2b: Slug|Earth Power|p1a: Jirachi\n|-supereffective|p1a: Jirachi\n|-damage|p1a: Jirachi|43\/100\n|\n|-heal|p1a: Jirachi|49\/100|[from] item: Leftovers\n|-heal|p2b: Slug|68\/100|[from] item: Leftovers\n|upkeep\n|turn|15\n|\n|t:|1696123411\n|move|p1a: Jirachi|Flash Cannon|p2a: Gay Buff Cat\n|-resisted|p2a: Gay Buff Cat\n|-damage|p2a: Gay Buff Cat|0 fnt\n|faint|p2a: Gay Buff Cat\n|move|p2b: Slug|Earth Power|p1a: Jirachi\n|-supereffective|p1a: Jirachi\n|-damage|p1a: Jirachi|0 fnt\n|faint|p1a: Jirachi\n|\n|win|PastelNightt\n|raw|Scarecrow4292's rating: 1040 &rarr; <strong>1026<\/strong><br \/>(-14 for losing)\n|raw|PastelNightt's rating: 1085 &rarr; <strong>1109<\/strong><br \/>(+24 for winning)\n|c|\u2606PastelNightt|gg\n|c|\u2606Scarecrow4292|gg\n","uploadtime":1696123432,"views":12,"p1id":"scarecrow4292","p2id":"pastelnightt","formatid":"gen9nationaldexdoubles","rating":1026,"private":0,"password":""}