{"id":"gen9nationaldexdoubles-1949231676","p1":"ChronoTrigonometry","p2":"Specific360","format":"[Gen 9] National Dex Doubles","log":"|j|\u2606ChronoTrigonometry\n|j|\u2606Specific360\n|t:|1695337777\n|gametype|doubles\n|player|p1|ChronoTrigonometry|riley|\n|player|p2|Specific360|veteran|\n|teamsize|p1|6\n|teamsize|p2|6\n|gen|9\n|tier|[Gen 9] National Dex Doubles\n|rule|HP Percentage Mod: HP is shown in percentages\n|rule|Endless Battle Clause: Forcing endless battles is banned\n|rule|OHKO Clause: OHKO moves are banned\n|rule|Evasion Moves Clause: Evasion moves are banned\n|rule|Evasion Abilities Clause: Evasion abilities are banned\n|rule|Species Clause: Limit one of each Pok\u00e9mon\n|rule|Gravity Sleep Clause: The combination of sleep-inducing moves with imperfect accuracy and Gravity or Gigantamax Orbeetle are banned\n|clearpoke\n|poke|p1|Metagross|\n|poke|p1|Indeedee-F, F|\n|poke|p1|Dragonite, F|\n|poke|p1|Gholdengo|\n|poke|p1|Flamigo, F|\n|poke|p1|Amoonguss, F|\n|poke|p2|Nihilego|\n|poke|p2|Corviknight, M|\n|poke|p2|Vikavolt, M|\n|poke|p2|Gliscor, M|\n|poke|p2|Chandelure, F|\n|poke|p2|Hatterene, F|\n|teampreview\n|j| AustralianJesus\n|j| Green133\n|l| Green133\n|j| Green133\n|\n|t:|1695337913\n|start\n|switch|p1a: cheese stick|Gholdengo|100\/100\n|switch|p1b: deez nites|Dragonite, F|100\/100\n|switch|p2a: Vlad|Chandelure, F, shiny|100\/100\n|switch|p2b: Yaga|Hatterene, F, shiny|100\/100\n|-item|p1a: cheese stick|Air Balloon\n|turn|1\n|\n|t:|1695338064\n|switch|p2b: Drack|Gliscor, M|100\/100\n|move|p2a: Vlad|Protect|p2a: Vlad\n|-singleturn|p2a: Vlad|Protect\n|move|p1b: deez nites|Earthquake|p2b: Drack|[spread] \n|-activate|p2a: Vlad|move: Protect\n|-immune|p1a: cheese stick\n|-immune|p2b: Drack\n|move|p1a: cheese stick|Make It Rain|p2a: Vlad|[spread] p2b\n|-activate|p2a: Vlad|move: Protect\n|-damage|p2b: Drack|45\/100\n|-unboost|p1a: cheese stick|spa|1\n|\n|-status|p2b: Drack|tox|[from] item: Toxic Orb\n|upkeep\n|turn|2\n|\n|t:|1695338172\n|-terastallize|p2a: Vlad|Grass\n|move|p1b: deez nites|Dragon Claw|p2b: Drack\n|-damage|p2b: Drack|11\/100 tox\n|move|p1a: cheese stick|Make It Rain|p2a: Vlad|[spread] p2a,p2b\n|-crit|p2a: Vlad\n|-damage|p2a: Vlad|29\/100\n|-damage|p2b: Drack|0 fnt\n|-unboost|p1a: cheese stick|spa|1\n|faint|p2b: Drack\n|move|p2a: Vlad|Trick Room|p2a: Vlad\n|-fieldstart|move: Trick Room|[of] p2a: Vlad\n|\n|upkeep\n|j| Sasha_Notices\n|\n|t:|1695338205\n|switch|p2b: Yaga|Hatterene, F, shiny|100\/100\n|turn|3\n|\n|t:|1695338251\n|-terastallize|p1b: deez nites|Normal\n|move|p1a: cheese stick|Protect|p1a: cheese stick\n|-singleturn|p1a: cheese stick|Protect\n|move|p2b: Yaga|Reflect|p2b: Yaga\n|-sidestart|p2: Specific360|Reflect\n|move|p2a: Vlad|Flamethrower|p1a: cheese stick\n|-activate|p1a: cheese stick|move: Protect\n|move|p1b: deez nites|Dragon Dance|p1b: deez nites\n|-boost|p1b: deez nites|atk|1\n|-boost|p1b: deez nites|spe|1\n|\n|upkeep\n|turn|4\n|\n|t:|1695338339\n|switch|p1a: imposter|Amoonguss, F, shiny|100\/100\n|move|p1b: deez nites|Extreme Speed|p2a: Vlad\n|-damage|p2a: Vlad|0 fnt\n|faint|p2a: Vlad\n|move|p2b: Yaga|Dazzling Gleam|p1b: deez nites|[spread] p1a,p1b\n|-resisted|p1a: imposter\n|-crit|p1a: imposter\n|-damage|p1a: imposter|82\/100\n|-damage|p1b: deez nites|87\/100\n|\n|-heal|p1a: imposter|88\/100|[from] item: Leftovers\n|upkeep\n|\n|t:|1695338369\n|switch|p2a: Rook II|Corviknight, M, shiny|100\/100\n|turn|5\n|\n|t:|1695338404\n|switch|p1b: cheese stick|Gholdengo|100\/100\n|-item|p1b: cheese stick|Air Balloon\n|move|p2b: Yaga|Giga Drain|p1b: cheese stick\n|-resisted|p1b: cheese stick\n|-damage|p1b: cheese stick|90\/100\n|-enditem|p1b: cheese stick|Air Balloon\n|move|p1a: imposter|Sludge Bomb|p2b: Yaga\n|-supereffective|p2b: Yaga\n|-damage|p2b: Yaga|56\/100\n|move|p2a: Rook II|Iron Defense|p2a: Rook II\n|-boost|p2a: Rook II|def|2\n|\n|-heal|p2b: Yaga|62\/100|[from] item: Leftovers\n|-heal|p1a: imposter|94\/100|[from] item: Leftovers\n|upkeep\n|turn|6\n|\n|t:|1695338475\n|switch|p2b: Lucas|Vikavolt, M|100\/100\n|move|p1a: imposter|Spore|p2a: Rook II\n|-status|p2a: Rook II|slp|[from] move: Spore\n|cant|p2a: Rook II|slp\n|move|p1b: cheese stick|Nasty Plot|p1b: cheese stick\n|-boost|p1b: cheese stick|spa|2\n|\n|-heal|p1a: imposter|100\/100|[from] item: Leftovers\n|-fieldend|move: Trick Room\n|upkeep\n|turn|7\n|\n|t:|1695338544\n|move|p1b: cheese stick|Shadow Ball|p2b: Lucas\n|-damage|p2b: Lucas|6\/100\n|cant|p2a: Rook II|slp\n|move|p1a: imposter|Sludge Bomb|p2b: Lucas\n|-damage|p2b: Lucas|0 fnt\n|faint|p2b: Lucas\n|\n|-sideend|p2: Specific360|Reflect\n|upkeep\n|\n|t:|1695338557\n|switch|p2b: Yaga|Hatterene, F, shiny|62\/100\n|turn|8\n|\n|t:|1695338574\n|switch|p1a: jajaja|Indeedee-F, F, shiny|100\/100\n|-fieldstart|move: Psychic Terrain|[from] ability: Psychic Surge|[of] p1a: jajaja\n|-enditem|p1a: jajaja|Psychic Seed\n|-boost|p1a: jajaja|spd|1|[from] item: Psychic Seed\n|move|p1b: cheese stick|Make It Rain|p2a: Rook II|[spread] p2a,p2b\n|-resisted|p2a: Rook II\n|-supereffective|p2b: Yaga\n|-damage|p2a: Rook II|59\/100 slp\n|-damage|p2b: Yaga|0 fnt\n|-unboost|p1b: cheese stick|spa|1\n|faint|p2b: Yaga\n|-curestatus|p2a: Rook II|slp|[msg]\n|move|p2a: Rook II|Light Screen|p2a: Rook II\n|-sidestart|p2: Specific360|move: Light Screen\n|\n|upkeep\n|\n|t:|1695338590\n|switch|p2b: Not-Lillie|Nihilego|100\/100\n|-item|p2b: Not-Lillie|Air Balloon\n|turn|9\n|\n|t:|1695338649\n|move|p1a: jajaja|Helping Hand|p1b: cheese stick\n|-immune|p1b: cheese stick|[from] ability: Good as Gold\n|move|p1b: cheese stick|Make It Rain|p2a: Rook II|[spread] p2a,p2b\n|-resisted|p2a: Rook II\n|-supereffective|p2b: Not-Lillie\n|-damage|p2a: Rook II|36\/100\n|-damage|p2b: Not-Lillie|38\/100\n|-unboost|p1b: cheese stick|spa|1\n|-enditem|p2b: Not-Lillie|Air Balloon\n|move|p2b: Not-Lillie|Power Gem|p1a: jajaja\n|-damage|p1a: jajaja|72\/100\n|move|p2a: Rook II|Roost|p2a: Rook II\n|-heal|p2a: Rook II|86\/100\n|-singleturn|p2a: Rook II|move: Roost\n|\n|upkeep\n|turn|10\n|\n|t:|1695338676\n|move|p2b: Not-Lillie|Protect|p2b: Not-Lillie\n|-singleturn|p2b: Not-Lillie|Protect\n|move|p1b: cheese stick|Nasty Plot|p1b: cheese stick\n|-boost|p1b: cheese stick|spa|2\n|move|p1a: jajaja|Expanding Force|p2a: Rook II|[spread] p2a\n|-activate|p2b: Not-Lillie|move: Protect\n|-resisted|p2a: Rook II\n|-damage|p2a: Rook II|75\/100\n|move|p2a: Rook II|Body Press|p1a: jajaja\n|-damage|p1a: jajaja|27\/100\n|\n|upkeep\n|turn|11\n|j| BugCatcherJameson\n|\n|t:|1695338700\n|switch|p1a: imposter|Amoonguss, F, shiny|100\/100\n|move|p1b: cheese stick|Nasty Plot|p1b: cheese stick\n|-boost|p1b: cheese stick|spa|2\n|move|p2b: Not-Lillie|Power Gem|p1b: cheese stick\n|-resisted|p1b: cheese stick\n|-damage|p1b: cheese stick|68\/100\n|move|p2a: Rook II|Body Press|p1a: imposter\n|-resisted|p1a: imposter\n|-damage|p1a: imposter|81\/100\n|\n|-heal|p1a: imposter|88\/100|[from] item: Leftovers\n|upkeep\n|turn|12\n|\n|t:|1695338752\n|move|p1a: imposter|Rage Powder|p1a: imposter\n|-singleturn|p1a: imposter|move: Rage Powder\n|move|p1b: cheese stick|Shadow Ball|p2a: Rook II\n|-damage|p2a: Rook II|1\/100\n|-ability|p2a: Rook II|Mirror Armor\n|-unboost|p1b: cheese stick|spd|1\n|move|p2b: Not-Lillie|Sludge Bomb|p1a: imposter\n|-damage|p1a: imposter|43\/100\n|move|p2a: Rook II|Body Press|p1a: imposter\n|-resisted|p1a: imposter\n|-damage|p1a: imposter|24\/100\n|\n|-heal|p1a: imposter|30\/100|[from] item: Leftovers\n|-sideend|p2: Specific360|move: Light Screen\n|-fieldend|move: Psychic Terrain\n|upkeep\n|turn|13\n|\n|t:|1695338772\n|move|p1b: cheese stick|Make It Rain|p2a: Rook II|[spread] p2a,p2b\n|-resisted|p2a: Rook II\n|-supereffective|p2b: Not-Lillie\n|-damage|p2a: Rook II|0 fnt\n|-damage|p2b: Not-Lillie|0 fnt\n|-unboost|p1b: cheese stick|spa|1\n|faint|p2a: Rook II\n|faint|p2b: Not-Lillie\n|\n|win|ChronoTrigonometry\n|c|\u2606Specific360|Gg\n|c|\u2606ChronoTrigonometry|gg\n|l| Green133\n|l|\u2606ChronoTrigonometry\n","uploadtime":1695338797,"views":9,"p1id":"chronotrigonometry","p2id":"specific360","formatid":"gen9nationaldexdoubles","rating":0,"private":0,"password":""}