{"id":"gen9nationaldexdoubles-1969094716","p1":"Denvah_17","p2":"jerdberd","format":"[Gen 9] National Dex Doubles","log":"|j|\u2606Denvah_17\n|j|\u2606jerdberd\n|t:|1697489525\n|gametype|doubles\n|player|p1|Denvah_17|alder|1496\n|player|p2|jerdberd|emmet|1447\n|teamsize|p1|6\n|teamsize|p2|6\n|gen|9\n|tier|[Gen 9] National Dex Doubles\n|rated|\n|rule|HP Percentage Mod: HP is shown in percentages\n|rule|Endless Battle Clause: Forcing endless battles is banned\n|rule|OHKO Clause: OHKO moves are banned\n|rule|Evasion Moves Clause: Evasion moves are banned\n|rule|Evasion Abilities Clause: Evasion abilities are banned\n|rule|Species Clause: Limit one of each Pok\u00e9mon\n|rule|Gravity Sleep Clause: The combination of sleep-inducing moves with imperfect accuracy and Gravity or Gigantamax Orbeetle are banned\n|clearpoke\n|poke|p1|Sinistcha-Masterpiece|\n|poke|p1|Diancie|\n|poke|p1|Okidogi, M|\n|poke|p1|Ursaluna-Bloodmoon, M|\n|poke|p1|Volcanion|\n|poke|p1|Golisopod, F|\n|poke|p2|Alakazam, M|\n|poke|p2|Tapu Lele|\n|poke|p2|Gigalith, M|\n|poke|p2|Cresselia, F|\n|poke|p2|Ursaluna-Bloodmoon, M|\n|poke|p2|Sinistcha|\n|teampreview\n|inactive|Battle timer is ON: inactive players will automatically lose when time's up. (requested by Denvah_17)\n|\n|t:|1697489549\n|start\n|switch|p1a: Freddy Fazbear|Ursaluna-Bloodmoon, M|100\/100\n|switch|p1b: Goliath|Golisopod, F|100\/100\n|switch|p2a: Gigalith|Gigalith, M, shiny|100\/100\n|switch|p2b: Tapu Lele|Tapu Lele, shiny|100\/100\n|-fieldstart|move: Psychic Terrain|[from] ability: Psychic Surge|[of] p2b: Tapu Lele\n|-weather|Sandstorm|[from] ability: Sand Stream|[of] p2a: Gigalith\n|turn|1\n|\n|t:|1697489566\n|switch|p2a: Cresselia|Cresselia, F, shiny|100\/100\n|move|p1b: Goliath|Wide Guard|p1b: Goliath\n|-singleturn|p1b: Goliath|Wide Guard\n|move|p2b: Tapu Lele|Thunderbolt|p1b: Goliath\n|-supereffective|p1b: Goliath\n|-damage|p1b: Goliath|23\/100\n|-activate|p1b: Goliath|ability: Emergency Exit\n|\n|t:|1697489579\n|switch|p1b: Rihanna|Diancie, shiny|100\/100\n|move|p1a: Freddy Fazbear|Calm Mind|p1a: Freddy Fazbear\n|-boost|p1a: Freddy Fazbear|spa|1\n|-boost|p1a: Freddy Fazbear|spd|1\n|\n|-weather|Sandstorm|[upkeep]\n|-damage|p2b: Tapu Lele|94\/100|[from] Sandstorm\n|-damage|p2a: Cresselia|94\/100|[from] Sandstorm\n|upkeep\n|turn|2\n|\n|t:|1697489602\n|switch|p2b: Gigalith|Gigalith, M, shiny|100\/100\n|move|p1a: Freddy Fazbear|Hyper Voice|p2a: Cresselia|[spread] p2a,p2b\n|-resisted|p2b: Gigalith\n|-damage|p2a: Cresselia|61\/100\n|-damage|p2b: Gigalith|89\/100\n|move|p1b: Rihanna|Diamond Storm|p2b: Gigalith|[spread] p2a,p2b\n|-damage|p2a: Cresselia|44\/100\n|-damage|p2b: Gigalith|69\/100\n|-boost|p1b: Rihanna|def|2\n|move|p2a: Cresselia|Trick Room|p2a: Cresselia\n|-fieldstart|move: Trick Room|[of] p2a: Cresselia\n|\n|-weather|Sandstorm|[upkeep]\n|-damage|p2a: Cresselia|37\/100|[from] Sandstorm\n|upkeep\n|turn|3\n|\n|t:|1697489625\n|-terastallize|p2b: Gigalith|Grass\n|move|p2b: Gigalith|Heavy Slam|p1b: Rihanna\n|-supereffective|p1b: Rihanna\n|-damage|p1b: Rihanna|42\/100\n|-enditem|p1b: Rihanna|Weakness Policy\n|-boost|p1b: Rihanna|atk|2|[from] item: Weakness Policy\n|-boost|p1b: Rihanna|spa|2|[from] item: Weakness Policy\n|move|p1b: Rihanna|Dazzling Gleam|p2b: Gigalith|[spread] p2a,p2b\n|-damage|p2a: Cresselia|15\/100\n|-damage|p2b: Gigalith|42\/100\n|move|p1a: Freddy Fazbear|Earth Power|p2b: Gigalith\n|-resisted|p2b: Gigalith\n|-damage|p2b: Gigalith|17\/100\n|move|p2a: Cresselia|Lunar Blessing|p2a: Cresselia|[spread] p2a,p2b\n|-heal|p2a: Cresselia|40\/100\n|-heal|p2b: Gigalith|42\/100\n|\n|-weather|Sandstorm|[upkeep]\n|-damage|p2b: Gigalith|36\/100|[from] Sandstorm\n|-damage|p2a: Cresselia|34\/100|[from] Sandstorm\n|upkeep\n|turn|4\n|\n|t:|1697489651\n|-terastallize|p1b: Rihanna|Ground\n|move|p2b: Gigalith|Superpower|p1a: Freddy Fazbear\n|-supereffective|p1a: Freddy Fazbear\n|-crit|p1a: Freddy Fazbear\n|-damage|p1a: Freddy Fazbear|10\/100\n|-unboost|p2b: Gigalith|atk|1\n|-unboost|p2b: Gigalith|def|1\n|move|p1b: Rihanna|Diamond Storm|p2a: Cresselia|[spread] p2a,p2b\n|-damage|p2a: Cresselia|1\/100\n|-damage|p2b: Gigalith|0 fnt\n|-boost|p1b: Rihanna|def|2\n|faint|p2b: Gigalith\n|move|p1a: Freddy Fazbear|Hyper Voice|p2a: Cresselia\n|-damage|p2a: Cresselia|0 fnt\n|faint|p2a: Cresselia\n|\n|-weather|Sandstorm|[upkeep]\n|-heal|p1a: Freddy Fazbear|16\/100|[from] item: Leftovers\n|upkeep\n|inactive|jerdberd has 120 seconds left.\n|\n|t:|1697489665\n|switch|p2b: Sinistcha|Sinistcha, shiny|100\/100\n|switch|p2a: Ursaluna|Ursaluna-Bloodmoon, M|100\/100\n|turn|5\n|\n|t:|1697489686\n|move|p1b: Rihanna|Dazzling Gleam|p2b: Sinistcha|[spread] p2a,p2b\n|-damage|p2a: Ursaluna|56\/100\n|-damage|p2b: Sinistcha|59\/100\n|move|p2a: Ursaluna|Hyper Voice|p1b: Rihanna|[spread] p1a,p1b\n|-damage|p1a: Freddy Fazbear|0 fnt\n|-damage|p1b: Rihanna|0 fnt\n|faint|p1a: Freddy Fazbear\n|faint|p1b: Rihanna\n|move|p2b: Sinistcha|Matcha Gotcha|p1: Freddy Fazbear|[notarget]\n|-fail|p2b: Sinistcha\n|\n|-weather|none\n|-fieldend|move: Psychic Terrain\n|upkeep\n|\n|t:|1697489707\n|switch|p1b: Careless Whisper|Volcanion|100\/100\n|switch|p1a: Goliath|Golisopod, F|23\/100\n|turn|6\n|\n|t:|1697489728\n|switch|p2a: Tapu Lele|Tapu Lele, shiny|94\/100\n|-fieldstart|move: Psychic Terrain|[from] ability: Psychic Surge|[of] p2a: Tapu Lele\n|move|p1a: Goliath|Wide Guard|p1a: Goliath\n|-singleturn|p1a: Goliath|Wide Guard\n|move|p2b: Sinistcha|Matcha Gotcha|p1b: Careless Whisper|[spread] \n|-activate|p1a: Goliath|move: Wide Guard\n|-activate|p1b: Careless Whisper|move: Wide Guard\n|move|p1b: Careless Whisper|Heat Wave|p2b: Sinistcha|[spread] p2a,p2b\n|-supereffective|p2b: Sinistcha\n|-damage|p2a: Tapu Lele|47\/100\n|-damage|p2b: Sinistcha|0 fnt\n|-status|p2a: Tapu Lele|brn\n|faint|p2b: Sinistcha\n|\n|-damage|p2a: Tapu Lele|41\/100 brn|[from] brn\n|-fieldend|move: Trick Room\n|upkeep\n|\n|t:|1697489738\n|switch|p2b: Alakazam|Alakazam, M, shiny|100\/100\n|turn|7\n|\n|t:|1697489762\n|detailschange|p2b: Alakazam|Alakazam-Mega, M, shiny\n|-mega|p2b: Alakazam|Alakazam|Alakazite\n|-ability|p2b: Alakazam|Emergency Exit|[from] ability: Trace|[of] p1a: Goliath\n|move|p2b: Alakazam|Protect|p2b: Alakazam\n|-singleturn|p2b: Alakazam|Protect\n|move|p1a: Goliath|Wide Guard|p1a: Goliath\n|-singleturn|p1a: Goliath|Wide Guard\n|move|p2a: Tapu Lele|Psyshock|p1a: Goliath\n|-damage|p1a: Goliath|0 fnt\n|faint|p1a: Goliath\n|move|p1b: Careless Whisper|Heat Wave|p2a: Tapu Lele|[spread] p2a\n|-activate|p2b: Alakazam|move: Protect\n|-damage|p2a: Tapu Lele|0 fnt\n|faint|p2a: Tapu Lele\n|\n|upkeep\n|\n|t:|1697489783\n|switch|p2a: Ursaluna|Ursaluna-Bloodmoon, M|56\/100\n|switch|p1a: Grass Latte|Sinistcha-Masterpiece|100\/100\n|turn|8\n|\n|t:|1697489792\n|move|p2b: Alakazam|Expanding Force|p1a: Grass Latte|[spread] p1a,p1b\n|-damage|p1a: Grass Latte|22\/100\n|-damage|p1b: Careless Whisper|29\/100\n|move|p1a: Grass Latte|Matcha Gotcha|p2b: Alakazam|[spread] p2a,p2b\n|-supereffective|p2a: Ursaluna\n|-damage|p2a: Ursaluna|0 fnt\n|-heal|p1a: Grass Latte|64\/100|[from] drain|[of] p2a: Ursaluna\n|-damage|p2b: Alakazam|67\/100\n|-heal|p1a: Grass Latte|79\/100|[from] drain|[of] p2b: Alakazam\n|-status|p2b: Alakazam|brn\n|faint|p2a: Ursaluna\n|move|p1b: Careless Whisper|Steam Eruption|p2b: Alakazam\n|-damage|p2b: Alakazam|0 fnt\n|faint|p2b: Alakazam\n|\n|win|Denvah_17\n|raw|Denvah_17's rating: 1496 &rarr; <strong>1513<\/strong><br \/>(+17 for winning)\n|raw|jerdberd's rating: 1447 &rarr; <strong>1430<\/strong><br \/>(-17 for losing)\n|l|\u2606jerdberd\n","uploadtime":1697489811,"views":6,"p1id":"denvah17","p2id":"jerdberd","formatid":"gen9nationaldexdoubles","rating":1430,"private":0,"password":""}