{"id":"gen9nationaldexdoubles-1976232172","p1":"LowksterP","p2":"harshuaz","format":"[Gen 9] National Dex Doubles","log":"|j|\u2606LowksterP\n|j|\u2606harshuaz\n|t:|1698276503\n|gametype|doubles\n|player|p1|LowksterP|striker|1135\n|player|p2|harshuaz|1|1198\n|teamsize|p1|6\n|teamsize|p2|6\n|gen|9\n|tier|[Gen 9] National Dex Doubles\n|rated|\n|rule|HP Percentage Mod: HP is shown in percentages\n|rule|Endless Battle Clause: Forcing endless battles is banned\n|rule|OHKO Clause: OHKO moves are banned\n|rule|Evasion Moves Clause: Evasion moves are banned\n|rule|Evasion Abilities Clause: Evasion abilities are banned\n|rule|Species Clause: Limit one of each Pok\u00e9mon\n|rule|Gravity Sleep Clause: The combination of sleep-inducing moves with imperfect accuracy and Gravity or Gigantamax Orbeetle are banned\n|clearpoke\n|poke|p1|Blissey, F|\n|poke|p1|Jirachi|\n|poke|p1|Eldegoss, M|\n|poke|p1|Chandelure, M|\n|poke|p1|Kingdra, M|\n|poke|p1|Dodrio, M|\n|poke|p2|Sableye, M|\n|poke|p2|Falinks|\n|poke|p2|Indeedee-F, F|\n|poke|p2|Leavanny, F|\n|poke|p2|Flamigo, M|\n|poke|p2|Amoonguss, M|\n|teampreview\n|\n|t:|1698276517\n|start\n|switch|p1a: Jirachi|Jirachi, shiny|100\/100\n|switch|p1b: Dodrio|Dodrio, M, shiny|100\/100\n|switch|p2a: Gem|Sableye, M, shiny|100\/100\n|switch|p2b: SPARTANS!!!|Falinks, shiny|100\/100\n|turn|1\n|j| Maitre Montana\n|\n|t:|1698276542\n|move|p2a: Gem|Mean Look|p2b: SPARTANS!!!\n|-activate|p2b: SPARTANS!!!|trapped\n|move|p1a: Jirachi|Cosmic Power|p1a: Jirachi\n|-boost|p1a: Jirachi|def|1\n|-boost|p1a: Jirachi|spd|1\n|move|p1b: Dodrio|Acupressure|p1a: Jirachi\n|-boost|p1a: Jirachi|spd|2\n|move|p2b: SPARTANS!!!|No Retreat|p2b: SPARTANS!!!\n|-boost|p2b: SPARTANS!!!|atk|1\n|-boost|p2b: SPARTANS!!!|def|1\n|-boost|p2b: SPARTANS!!!|spa|1\n|-boost|p2b: SPARTANS!!!|spd|1\n|-boost|p2b: SPARTANS!!!|spe|1\n|\n|upkeep\n|turn|2\n|\n|t:|1698276582\n|move|p2a: Gem|Skill Swap|p2b: SPARTANS!!!\n|-activate|p2a: Gem|move: Skill Swap|||[of] p2b: SPARTANS!!!\n|move|p2b: SPARTANS!!!|No Retreat|p2b: SPARTANS!!!\n|-boost|p2b: SPARTANS!!!|atk|1\n|-boost|p2b: SPARTANS!!!|def|1\n|-boost|p2b: SPARTANS!!!|spa|1\n|-boost|p2b: SPARTANS!!!|spd|1\n|-boost|p2b: SPARTANS!!!|spe|1\n|move|p1a: Jirachi|Icy Wind|p2a: Gem|[spread] p2a\n|-miss|p1a: Jirachi|p2b: SPARTANS!!!\n|-damage|p2a: Gem|84\/100\n|-unboost|p2a: Gem|spe|1\n|-ability|p2a: Gem|Defiant|boost\n|-boost|p2a: Gem|atk|2\n|move|p1b: Dodrio|Air Cutter|p2a: Gem|[spread] p2a,p2b\n|-supereffective|p2b: SPARTANS!!!\n|-crit|p2b: SPARTANS!!!\n|-damage|p2a: Gem|68\/100\n|-damage|p2b: SPARTANS!!!|50\/100\n|\n|-heal|p2b: SPARTANS!!!|56\/100|[from] item: Leftovers\n|-heal|p2a: Gem|74\/100|[from] item: Leftovers\n|upkeep\n|turn|3\n|\n|t:|1698276632\n|move|p2b: SPARTANS!!!|High Horsepower|p1a: Jirachi\n|-supereffective|p1a: Jirachi\n|-crit|p1a: Jirachi\n|-damage|p1a: Jirachi|0 fnt\n|faint|p1a: Jirachi\n|move|p1b: Dodrio|Knock Off|p2a: Gem\n|-damage|p2a: Gem|53\/100\n|-enditem|p2a: Gem|Leftovers|[from] move: Knock Off|[of] p1b: Dodrio\n|move|p2a: Gem|Pain Split|p1b: Dodrio\n|-sethp|p1b: Dodrio|80\/100|[from] move: Pain Split|[silent]\n|-sethp|p2a: Gem|70\/100|[from] move: Pain Split\n|\n|-heal|p2b: SPARTANS!!!|62\/100|[from] item: Leftovers\n|upkeep\n|\n|t:|1698276661\n|switch|p1a: Eldegoss|Eldegoss, M, shiny|100\/100\n|turn|4\n|\n|t:|1698276672\n|switch|p1a: Chandelure|Chandelure, M, shiny|100\/100\n|move|p2b: SPARTANS!!!|No Retreat|p2b: SPARTANS!!!\n|-boost|p2b: SPARTANS!!!|atk|1\n|-boost|p2b: SPARTANS!!!|def|1\n|-boost|p2b: SPARTANS!!!|spa|1\n|-boost|p2b: SPARTANS!!!|spd|1\n|-boost|p2b: SPARTANS!!!|spe|1\n|move|p1b: Dodrio|Acupressure|p1a: Chandelure\n|-boost|p1a: Chandelure|accuracy|2\n|move|p2a: Gem|Pain Split|p1b: Dodrio\n|-sethp|p1b: Dodrio|80\/100|[from] move: Pain Split|[silent]\n|-sethp|p2a: Gem|70\/100|[from] move: Pain Split\n|\n|-heal|p2b: SPARTANS!!!|68\/100|[from] item: Leftovers\n|upkeep\n|turn|5\n|\n|t:|1698276697\n|-terastallize|p1a: Chandelure|Flying\n|move|p2b: SPARTANS!!!|Knock Off|p1a: Chandelure\n|-damage|p1a: Chandelure|15\/100\n|-enditem|p1a: Chandelure|Leftovers|[from] move: Knock Off|[of] p2b: SPARTANS!!!\n|move|p1b: Dodrio|Acupressure|p1a: Chandelure\n|-boost|p1a: Chandelure|evasion|2\n|move|p1a: Chandelure|Clear Smog|p2b: SPARTANS!!!\n|-damage|p2b: SPARTANS!!!|57\/100\n|-clearboost|p2b: SPARTANS!!!\n|move|p2a: Gem|Mean Look|p1a: Chandelure\n|-activate|p1a: Chandelure|trapped\n|\n|-heal|p2b: SPARTANS!!!|63\/100|[from] item: Leftovers\n|upkeep\n|turn|6\n|\n|t:|1698276743\n|move|p2b: SPARTANS!!!|No Retreat|p2b: SPARTANS!!!\n|-boost|p2b: SPARTANS!!!|atk|1\n|-boost|p2b: SPARTANS!!!|def|1\n|-boost|p2b: SPARTANS!!!|spa|1\n|-boost|p2b: SPARTANS!!!|spd|1\n|-boost|p2b: SPARTANS!!!|spe|1\n|move|p1b: Dodrio|Acupressure|p1a: Chandelure\n|-boost|p1a: Chandelure|atk|2\n|move|p1a: Chandelure|Will-O-Wisp|p2b: SPARTANS!!!\n|-status|p2b: SPARTANS!!!|brn\n|move|p2a: Gem|Pain Split|p1a: Chandelure\n|-sethp|p1a: Chandelure|46\/100|[from] move: Pain Split|[silent]\n|-sethp|p2a: Gem|42\/100|[from] move: Pain Split\n|\n|-heal|p2b: SPARTANS!!!|69\/100 brn|[from] item: Leftovers\n|-damage|p2b: SPARTANS!!!|63\/100 brn|[from] brn\n|upkeep\n|turn|7\n|\n|t:|1698276792\n|move|p1b: Dodrio|Acupressure|p1a: Chandelure\n|-boost|p1a: Chandelure|spd|2\n|move|p2b: SPARTANS!!!|Close Combat|p1a: Chandelure\n|-resisted|p1a: Chandelure\n|-damage|p1a: Chandelure|19\/100\n|-unboost|p2b: SPARTANS!!!|def|1\n|-unboost|p2b: SPARTANS!!!|spd|1\n|move|p1a: Chandelure|Clear Smog|p2b: SPARTANS!!!\n|-damage|p2b: SPARTANS!!!|39\/100 brn\n|-clearboost|p2b: SPARTANS!!!\n|move|p2a: Gem|Pain Split|p1b: Dodrio\n|-sethp|p1b: Dodrio|64\/100|[from] move: Pain Split|[silent]\n|-sethp|p2a: Gem|56\/100|[from] move: Pain Split\n|\n|-heal|p2b: SPARTANS!!!|45\/100 brn|[from] item: Leftovers\n|-damage|p2b: SPARTANS!!!|39\/100 brn|[from] brn\n|upkeep\n|turn|8\n|\n|t:|1698276834\n|switch|p1b: Eldegoss|Eldegoss, M, shiny|100\/100\n|switch|p2a: AshleyLookAtMe|Indeedee-F, F, shiny|100\/100\n|-fieldstart|move: Psychic Terrain|[from] ability: Psychic Surge|[of] p2a: AshleyLookAtMe\n|move|p1a: Chandelure|Hex|p2b: SPARTANS!!!\n|-damage|p2b: SPARTANS!!!|0 fnt\n|faint|p2b: SPARTANS!!!\n|\n|upkeep\n|\n|t:|1698276849\n|switch|p2b: It exists ig|Leavanny, F, shiny|100\/100\n|turn|9\n|\n|t:|1698276867\n|move|p2a: AshleyLookAtMe|Follow Me|p2a: AshleyLookAtMe\n|-singleturn|p2a: AshleyLookAtMe|move: Follow Me\n|move|p2b: It exists ig|Sticky Web|p1b: Eldegoss\n|-sidestart|p1: LowksterP|move: Sticky Web\n|move|p1a: Chandelure|Heat Wave|p2a: AshleyLookAtMe|[spread] p2a,p2b\n|-supereffective|p2b: It exists ig\n|-damage|p2a: AshleyLookAtMe|76\/100\n|-enditem|p2b: It exists ig|Focus Sash\n|-damage|p2b: It exists ig|1\/100\n|-status|p2a: AshleyLookAtMe|brn\n|move|p1b: Eldegoss|Pollen Puff|p2a: AshleyLookAtMe\n|-supereffective|p2a: AshleyLookAtMe\n|-damage|p2a: AshleyLookAtMe|54\/100 brn\n|\n|-damage|p2a: AshleyLookAtMe|48\/100 brn|[from] brn\n|upkeep\n|turn|10\n|\n|t:|1698276906\n|move|p2b: It exists ig|X-Scissor|p1b: Eldegoss\n|-supereffective|p1b: Eldegoss\n|-damage|p1b: Eldegoss|27\/100\n|-ability|p1b: Eldegoss|Cotton Down\n|-unboost|p1a: Chandelure|spe|1\n|-unboost|p2a: AshleyLookAtMe|spe|1\n|-unboost|p2b: It exists ig|spe|1\n|move|p1a: Chandelure|Heat Wave|p2b: It exists ig|[spread] p2a,p2b\n|-supereffective|p2b: It exists ig\n|-damage|p2a: AshleyLookAtMe|21\/100 brn\n|-damage|p2b: It exists ig|0 fnt\n|-enditem|p2a: AshleyLookAtMe|Aguav Berry|[eat]\n|-heal|p2a: AshleyLookAtMe|54\/100 brn|[from] item: Aguav Berry\n|faint|p2b: It exists ig\n|move|p1b: Eldegoss|Pollen Puff|p1a: Chandelure|[miss]\n|-miss|p1b: Eldegoss|p1a: Chandelure\n|move|p2a: AshleyLookAtMe|Expanding Force|p1b: Eldegoss|[spread] p1b\n|-miss|p2a: AshleyLookAtMe|p1a: Chandelure\n|-damage|p1b: Eldegoss|0 fnt\n|-ability|p1b: Eldegoss|Cotton Down\n|-unboost|p1a: Chandelure|spe|1\n|-unboost|p2a: AshleyLookAtMe|spe|1\n|faint|p1b: Eldegoss\n|\n|-damage|p2a: AshleyLookAtMe|48\/100 brn|[from] brn\n|upkeep\n|\n|t:|1698276938\n|switch|p2b: Gem|Sableye, M, shiny|56\/100\n|switch|p1b: Dodrio|Dodrio, M, shiny|64\/100\n|turn|11\n|\n|t:|1698276962\n|move|p2b: Gem|Fake Out|p1a: Chandelure\n|-hint|Psychic Terrain doesn't affect Pok\u00e9mon immune to Ground.\n|-damage|p1a: Chandelure|10\/100\n|move|p1b: Dodrio|Acupressure|p1a: Chandelure\n|-boost|p1a: Chandelure|spe|2\n|cant|p1a: Chandelure|flinch\n|move|p2a: AshleyLookAtMe|Expanding Force|p1a: Chandelure|[spread] p1a,p1b\n|-damage|p1a: Chandelure|0 fnt\n|-damage|p1b: Dodrio|11\/100\n|faint|p1a: Chandelure\n|\n|-damage|p2a: AshleyLookAtMe|42\/100 brn|[from] brn\n|upkeep\n|\n|t:|1698276976\n|switch|p1a: Kingdra|Kingdra, M, shiny|100\/100\n|-activate|p1a: Kingdra|move: Sticky Web\n|-unboost|p1a: Kingdra|spe|1\n|turn|12\n|\n|t:|1698276989\n|move|p2a: AshleyLookAtMe|Follow Me|p2a: AshleyLookAtMe\n|-singleturn|p2a: AshleyLookAtMe|move: Follow Me\n|move|p2b: Gem|Pain Split|p1a: Kingdra\n|-activate|p1a: Kingdra|move: Psychic Terrain\n|move|p1b: Dodrio|Rest|p1b: Dodrio\n|-status|p1b: Dodrio|slp|[from] move: Rest\n|-heal|p1b: Dodrio|100\/100 slp|[silent]\n|move|p1a: Kingdra|Focus Energy|p1a: Kingdra\n|-start|p1a: Kingdra|move: Focus Energy\n|\n|-damage|p2a: AshleyLookAtMe|36\/100 brn|[from] brn\n|-fieldend|move: Psychic Terrain\n|upkeep\n|turn|13\n|\n|t:|1698277025\n|move|p2a: AshleyLookAtMe|Helping Hand|p2b: Gem\n|-singleturn|p2b: Gem|Helping Hand|[of] p2a: AshleyLookAtMe\n|move|p2b: Gem|Pain Split|p1a: Kingdra\n|-sethp|p1a: Kingdra|78\/100|[from] move: Pain Split|[silent]\n|-sethp|p2b: Gem|77\/100|[from] move: Pain Split\n|cant|p1b: Dodrio|slp\n|move|p1a: Kingdra|Scald|p2b: Gem\n|-crit|p2b: Gem\n|-damage|p2b: Gem|0 fnt\n|faint|p2b: Gem\n|\n|-damage|p2a: AshleyLookAtMe|30\/100 brn|[from] brn\n|upkeep\n|\n|t:|1698277040\n|switch|p2b: pink|Flamigo, M, shiny|100\/100\n|-copyboost|p2b: pink|p2a: AshleyLookAtMe|[from] ability: Costar\n|turn|14\n|\n|t:|1698277065\n|move|p2a: AshleyLookAtMe|Helping Hand|p2b: pink\n|-singleturn|p2b: pink|Helping Hand|[of] p2a: AshleyLookAtMe\n|-curestatus|p1b: Dodrio|slp|[msg]\n|move|p1b: Dodrio|Air Cutter|p2b: pink|[spread] p2a,p2b\n|-crit|p2a: AshleyLookAtMe\n|-supereffective|p2b: pink\n|-damage|p2a: AshleyLookAtMe|18\/100 brn\n|-damage|p2b: pink|62\/100\n|move|p1a: Kingdra|Dragon Breath|p2b: pink\n|-crit|p2b: pink\n|-damage|p2b: pink|0 fnt\n|faint|p2b: pink\n|\n|-damage|p2a: AshleyLookAtMe|12\/100 brn|[from] brn\n|upkeep\n|\n|t:|1698277079\n|switch|p2b: sus|Amoonguss, M, shiny|100\/100\n|turn|15\n|\n|t:|1698277098\n|move|p2a: AshleyLookAtMe|Follow Me|p2a: AshleyLookAtMe\n|-singleturn|p2a: AshleyLookAtMe|move: Follow Me\n|-zpower|p1b: Dodrio\n|move|p1b: Dodrio|Z-Acupressure|p1a: Kingdra|[anim]Acupressure\n|-start|p1b: Dodrio|move: Focus Energy|[zeffect]\n|-boost|p1a: Kingdra|spd|2\n|move|p1a: Kingdra|Dragon Breath|p2a: AshleyLookAtMe\n|-crit|p2a: AshleyLookAtMe\n|-damage|p2a: AshleyLookAtMe|0 fnt\n|faint|p2a: AshleyLookAtMe\n|move|p2b: sus|Spore|p1a: Kingdra\n|-status|p1a: Kingdra|slp|[from] move: Spore\n|\n|upkeep\n|turn|16\n|\n|t:|1698277124\n|move|p1b: Dodrio|Acupressure|p1a: Kingdra\n|-boost|p1a: Kingdra|atk|2\n|cant|p1a: Kingdra|slp\n|move|p2b: sus|Pollen Puff|p1b: Dodrio\n|-resisted|p1b: Dodrio\n|-damage|p1b: Dodrio|79\/100\n|\n|upkeep\n|turn|17\n|\n|t:|1698277159\n|move|p1b: Dodrio|Air Cutter|p2b: sus\n|-supereffective|p2b: sus\n|-crit|p2b: sus\n|-damage|p2b: sus|57\/100\n|-curestatus|p1a: Kingdra|slp|[msg]\n|move|p1a: Kingdra|Dragon Breath|p2b: sus\n|-crit|p2b: sus\n|-damage|p2b: sus|11\/100\n|move|p2b: sus|Spore|p1a: Kingdra\n|-status|p1a: Kingdra|slp|[from] move: Spore\n|\n|-heal|p2b: sus|17\/100|[from] item: Black Sludge\n|upkeep\n|turn|18\n|\n|t:|1698277178\n|move|p1b: Dodrio|Air Cutter|p2b: sus\n|-supereffective|p2b: sus\n|-crit|p2b: sus\n|-damage|p2b: sus|0 fnt\n|faint|p2b: sus\n|\n|win|LowksterP\n|raw|LowksterP's rating: 1135 &rarr; <strong>1164<\/strong><br \/>(+29 for winning)\n|raw|harshuaz's rating: 1198 &rarr; <strong>1169<\/strong><br \/>(-29 for losing)\n|l|\u2606harshuaz\n|l|\u2606LowksterP\n|j|\u2606LowksterP\n|player|p1|LowksterP|striker\n","uploadtime":1698277203,"views":14,"p1id":"lowksterp","p2id":"harshuaz","formatid":"gen9nationaldexdoubles","rating":1164,"private":0,"password":""}