{"id":"gen9nationaldexdoubles-1981733170","p1":"wymla wimp","p2":"multiingbe","format":"[Gen 9] National Dex Doubles","log":"|j|\u203dwymla wimp\n|j|\u2606multiingbe\n|t:|1698937462\n|gametype|doubles\n|player|p1|wymla wimp|101|1129\n|player|p2|multiingbe|kimonogirl|1040\n|teamsize|p1|6\n|teamsize|p2|6\n|gen|9\n|tier|[Gen 9] National Dex Doubles\n|rated|\n|rule|HP Percentage Mod: HP is shown in percentages\n|rule|Endless Battle Clause: Forcing endless battles is banned\n|rule|OHKO Clause: OHKO moves are banned\n|rule|Evasion Moves Clause: Evasion moves are banned\n|rule|Evasion Abilities Clause: Evasion abilities are banned\n|rule|Species Clause: Limit one of each Pok\u00e9mon\n|rule|Gravity Sleep Clause: The combination of sleep-inducing moves with imperfect accuracy and Gravity or Gigantamax Orbeetle are banned\n|clearpoke\n|poke|p1|Tapu Koko|\n|poke|p1|Thievul, M|\n|poke|p1|Glastrier|\n|poke|p1|Bronzong|\n|poke|p1|Volcarona, F|\n|poke|p1|Primarina, F|\n|poke|p2|Shuckle, F|\n|poke|p2|Butterfree, M|\n|poke|p2|Blaziken, F|\n|poke|p2|Lapras, M|\n|poke|p2|Ditto|\n|poke|p2|Lunatone|\n|teampreview\n|\n|t:|1698937481\n|start\n|switch|p1a: Tapu Koko|Tapu Koko, shiny|100\/100\n|switch|p1b: Thievul|Thievul, M, shiny|100\/100\n|switch|p2a: Vis Edre|Lunatone|100\/100\n|switch|p2b: Cegimyugi|Blaziken, F|100\/100\n|-fieldstart|move: Electric Terrain|[from] ability: Electric Surge|[of] p1a: Tapu Koko\n|-enditem|p1b: Thievul|Electric Seed\n|-boost|p1b: Thievul|def|1|[from] item: Electric Seed\n|turn|1\n|\n|t:|1698937516\n|switch|p2a: Dellihuro|Shuckle, F|100\/100\n|detailschange|p2b: Cegimyugi|Blaziken-Mega, F\n|-mega|p2b: Cegimyugi|Blaziken|Blazikenite\n|move|p1b: Thievul|Snarl|p2a: Dellihuro|[spread] p2a,p2b\n|-resisted|p2b: Cegimyugi\n|-damage|p2a: Dellihuro|93\/100\n|-damage|p2b: Cegimyugi|94\/100\n|-unboost|p2a: Dellihuro|spa|1\n|-unboost|p2b: Cegimyugi|spa|1\n|move|p1a: Tapu Koko|Brave Bird|p2b: Cegimyugi\n|-supereffective|p2b: Cegimyugi\n|-damage|p2b: Cegimyugi|22\/100\n|-damage|p1a: Tapu Koko|72\/100|[from] Recoil\n|move|p2b: Cegimyugi|Hone Claws|p2b: Cegimyugi\n|-boost|p2b: Cegimyugi|atk|1\n|-boost|p2b: Cegimyugi|accuracy|1\n|\n|-ability|p2b: Cegimyugi|Speed Boost|boost\n|-boost|p2b: Cegimyugi|spe|1\n|upkeep\n|turn|2\n|\n|t:|1698937540\n|move|p1b: Thievul|Foul Play|p2a: Dellihuro\n|-damage|p2a: Dellihuro|88\/100\n|move|p1a: Tapu Koko|Brave Bird|p2b: Cegimyugi\n|-supereffective|p2b: Cegimyugi\n|-damage|p2b: Cegimyugi|0 fnt\n|faint|p2b: Cegimyugi\n|-damage|p1a: Tapu Koko|64\/100|[from] Recoil\n|move|p2a: Dellihuro|Final Gambit|p1a: Tapu Koko\n|-damage|p1a: Tapu Koko|0 fnt\n|faint|p2a: Dellihuro\n|faint|p1a: Tapu Koko\n|\n|upkeep\n|\n|t:|1698937556\n|switch|p1a: Volcarona|Volcarona, F, shiny|100\/100\n|switch|p2b: Mipdiuges|Lapras, M|100\/100\n|switch|p2a: Muninai|Ditto|100\/100\n|-transform|p2a: Muninai|p1b: Thievul|[from] ability: Imposter\n|turn|3\n|\n|t:|1698937592\n|-terastallize|p2b: Mipdiuges|Water\n|move|p1b: Thievul|Snarl|p2b: Mipdiuges|[spread] p2a,p2b\n|-resisted|p2a: Muninai\n|-damage|p2a: Muninai|93\/100\n|-damage|p2b: Mipdiuges|93\/100\n|-unboost|p2a: Muninai|spa|1\n|-unboost|p2b: Mipdiuges|spa|1\n|move|p2a: Muninai|Snarl|p1b: Thievul|[spread] p1a,p1b\n|-resisted|p1b: Thievul\n|-damage|p1a: Volcarona|95\/100\n|-damage|p1b: Thievul|96\/100\n|-unboost|p1a: Volcarona|spa|1\n|-unboost|p1b: Thievul|spa|1\n|move|p1a: Volcarona|Fiery Dance|p2a: Muninai|[miss]\n|-miss|p1a: Volcarona|p2a: Muninai\n|move|p2b: Mipdiuges|Body Slam|p1a: Volcarona\n|-damage|p1a: Volcarona|65\/100\n|\n|-heal|p2b: Mipdiuges|99\/100|[from] item: Leftovers\n|upkeep\n|turn|4\n|\n|t:|1698937624\n|switch|p2a: Jilumawi|Butterfree, M|100\/100\n|move|p1b: Thievul|Foul Play|p2a: Jilumawi\n|-damage|p2a: Jilumawi|80\/100\n|move|p1a: Volcarona|Light Screen|p1a: Volcarona\n|-sidestart|p1: wymla wimp|move: Light Screen\n|move|p2b: Mipdiuges|Body Slam|p1a: Volcarona\n|-damage|p1a: Volcarona|35\/100\n|\n|-heal|p2b: Mipdiuges|100\/100|[from] item: Leftovers\n|upkeep\n|turn|5\n|\n|t:|1698937660\n|switch|p2a: Vis Edre|Lunatone|100\/100\n|move|p1b: Thievul|Foul Play|p2b: Mipdiuges\n|-damage|p2b: Mipdiuges|66\/100\n|move|p1a: Volcarona|Fiery Dance|p2a: Vis Edre\n|-resisted|p2a: Vis Edre\n|-damage|p2a: Vis Edre|89\/100\n|move|p2b: Mipdiuges|Body Slam|p1a: Volcarona\n|-damage|p1a: Volcarona|6\/100\n|\n|-heal|p2b: Mipdiuges|72\/100|[from] item: Leftovers\n|-fieldend|move: Electric Terrain\n|upkeep\n|turn|6\n|\n|t:|1698937678\n|switch|p2a: Jilumawi|Butterfree, M|80\/100\n|move|p1a: Volcarona|Rage Powder|p1a: Volcarona\n|-singleturn|p1a: Volcarona|move: Rage Powder\n|move|p1b: Thievul|Snarl|p2a: Jilumawi|[spread] p2a,p2b\n|-damage|p2a: Jilumawi|70\/100\n|-damage|p2b: Mipdiuges|67\/100\n|-unboost|p2a: Jilumawi|spa|1\n|-unboost|p2b: Mipdiuges|spa|1\n|move|p2b: Mipdiuges|Body Slam|p1a: Volcarona\n|-damage|p1a: Volcarona|0 fnt\n|-status|p2b: Mipdiuges|brn|[from] ability: Flame Body|[of] p1a: Volcarona\n|faint|p1a: Volcarona\n|\n|-heal|p2b: Mipdiuges|73\/100 brn|[from] item: Leftovers\n|-damage|p2b: Mipdiuges|67\/100 brn|[from] brn\n|upkeep\n|\n|t:|1698937709\n|switch|p1a: Primarina|Primarina, F, shiny|100\/100\n|turn|7\n|\n|t:|1698937723\n|move|p1b: Thievul|Foul Play|p2b: Mipdiuges\n|-damage|p2b: Mipdiuges|33\/100 brn\n|move|p2a: Jilumawi|Bug Buzz|p1b: Thievul\n|-supereffective|p1b: Thievul\n|-damage|p1b: Thievul|59\/100\n|-unboost|p1b: Thievul|spd|1\n|move|p1a: Primarina|Hyper Voice|p2a: Jilumawi|[spread] p2a,p2b\n|-resisted|p2b: Mipdiuges\n|-damage|p2a: Jilumawi|16\/100\n|-damage|p2b: Mipdiuges|19\/100 brn\n|move|p2b: Mipdiuges|Freeze-Dry|p1a: Primarina\n|-supereffective|p1a: Primarina\n|-damage|p1a: Primarina|88\/100\n|-status|p1a: Primarina|frz\n|\n|-heal|p2b: Mipdiuges|25\/100 brn|[from] item: Leftovers\n|-damage|p2b: Mipdiuges|19\/100 brn|[from] brn\n|upkeep\n|turn|8\n|\n|t:|1698937745\n|move|p1b: Thievul|Foul Play|p2b: Mipdiuges\n|-damage|p2b: Mipdiuges|0 fnt\n|faint|p2b: Mipdiuges\n|move|p2a: Jilumawi|Bug Buzz|p1b: Thievul\n|-supereffective|p1b: Thievul\n|-damage|p1b: Thievul|6\/100\n|cant|p1a: Primarina|frz\n|\n|-sideend|p1: wymla wimp|move: Light Screen\n|upkeep\n|\n|t:|1698937755\n|switch|p2b: Muninai|Ditto|93\/100\n|-transform|p2b: Muninai|p1a: Primarina|[from] ability: Imposter\n|turn|9\n|\n|t:|1698937767\n|move|p1b: Thievul|Snarl|p2b: Muninai|[spread] p2b\n|-miss|p1b: Thievul|p2a: Jilumawi\n|-resisted|p2b: Muninai\n|-damage|p2b: Muninai|89\/100\n|-unboost|p2b: Muninai|spa|1\n|move|p2a: Jilumawi|Bug Buzz|p1b: Thievul\n|-supereffective|p1b: Thievul\n|-damage|p1b: Thievul|0 fnt\n|faint|p1b: Thievul\n|-curestatus|p1a: Primarina|frz|[msg]\n|move|p1a: Primarina|Hyper Voice|p2a: Jilumawi|[spread] \n|-miss|p1a: Primarina|p2a: Jilumawi\n|-miss|p1a: Primarina|p2b: Muninai\n|move|p2b: Muninai|Moonblast|p1a: Primarina\n|-damage|p1a: Primarina|59\/100\n|\n|upkeep\n|\n|t:|1698937779\n|switch|p1b: Bronzong|Bronzong, shiny|100\/100\n|turn|10\n|\n|t:|1698937793\n|move|p2b: Muninai|Protect|p2b: Muninai\n|-singleturn|p2b: Muninai|Protect\n|move|p2a: Jilumawi|Electroweb|p1a: Primarina|[spread] p1a,p1b\n|-supereffective|p1a: Primarina\n|-damage|p1a: Primarina|47\/100\n|-damage|p1b: Bronzong|95\/100\n|-unboost|p1a: Primarina|spe|1\n|-unboost|p1b: Bronzong|spe|1\n|move|p1a: Primarina|Hyper Voice|p2b: Muninai|[spread] p2a\n|-activate|p2b: Muninai|move: Protect\n|-damage|p2a: Jilumawi|0 fnt\n|faint|p2a: Jilumawi\n|move|p1b: Bronzong|Iron Defense|p1b: Bronzong\n|-boost|p1b: Bronzong|def|2\n|\n|upkeep\n|\n|t:|1698937829\n|switch|p2a: Vis Edre|Lunatone|89\/100\n|turn|11\n|\n|t:|1698937852\n|move|p2a: Vis Edre|Psych Up|p1b: Bronzong\n|-copyboost|p2a: Vis Edre|p1b: Bronzong|[from] move: Psych Up\n|move|p2b: Muninai|Moonblast|p1a: Primarina\n|-damage|p1a: Primarina|16\/100\n|move|p1a: Primarina|Hyper Voice|p2a: Vis Edre|[spread] p2a\n|-miss|p1a: Primarina|p2b: Muninai\n|-supereffective|p2a: Vis Edre\n|-damage|p2a: Vis Edre|0 fnt\n|faint|p2a: Vis Edre\n|move|p1b: Bronzong|Trick Room|p1b: Bronzong\n|-fieldstart|move: Trick Room|[of] p1b: Bronzong\n|\n|upkeep\n|turn|12\n|\n|t:|1698937867\n|move|p1b: Bronzong|Body Press|p2b: Muninai\n|-resisted|p2b: Muninai\n|-damage|p2b: Muninai|60\/100\n|move|p1a: Primarina|Hyper Voice|p2b: Muninai\n|-resisted|p2b: Muninai\n|-damage|p2b: Muninai|32\/100\n|move|p2b: Muninai|Moonblast|p1a: Primarina\n|-crit|p1a: Primarina\n|-damage|p1a: Primarina|0 fnt\n|faint|p1a: Primarina\n|\n|upkeep\n|\n|t:|1698937872\n|switch|p1a: Glastrier|Glastrier|100\/100\n|turn|13\n|\n|t:|1698937914\n|move|p1b: Bronzong|Body Press|p2b: Muninai\n|-resisted|p2b: Muninai\n|-crit|p2b: Muninai\n|-damage|p2b: Muninai|0 fnt\n|faint|p2b: Muninai\n|\n|win|wymla wimp\n|raw|wymla wimp's rating: 1129 &rarr; <strong>1148<\/strong><br \/>(+19 for winning)\n|raw|multiingbe's rating: 1040 &rarr; <strong>1028<\/strong><br \/>(-12 for losing)\n","uploadtime":1698937922,"views":6,"p1id":"wymlawimp","p2id":"multiingbe","formatid":"gen9nationaldexdoubles","rating":1028,"private":0,"password":""}