{"id":"gen9nationaldexdoubles-1970006826","p1":"Yu hung lo","p2":"Lil barnacle Boi","format":"[Gen 9] National Dex Doubles","log":"|j|\u2606Yu hung lo\n|j|\u2606Lil barnacle Boi\n|t:|1697584437\n|gametype|doubles\n|player|p1|Yu hung lo|janitor|1421\n|player|p2|Lil barnacle Boi|li|1229\n|teamsize|p1|6\n|teamsize|p2|6\n|gen|9\n|tier|[Gen 9] National Dex Doubles\n|rated|\n|rule|HP Percentage Mod: HP is shown in percentages\n|rule|Endless Battle Clause: Forcing endless battles is banned\n|rule|OHKO Clause: OHKO moves are banned\n|rule|Evasion Moves Clause: Evasion moves are banned\n|rule|Evasion Abilities Clause: Evasion abilities are banned\n|rule|Species Clause: Limit one of each Pok\u00e9mon\n|rule|Gravity Sleep Clause: The combination of sleep-inducing moves with imperfect accuracy and Gravity or Gigantamax Orbeetle are banned\n|clearpoke\n|poke|p1|Lucario, M|\n|poke|p1|Grimmsnarl, M|\n|poke|p1|Incineroar, M|\n|poke|p1|Rillaboom, M|\n|poke|p1|Blastoise, F|\n|poke|p1|Dragapult, M|\n|poke|p2|Dusclops, F|\n|poke|p2|Ursaluna-Bloodmoon, M|\n|poke|p2|Glastrier|\n|poke|p2|Diancie|\n|poke|p2|Iron Hands|\n|poke|p2|Flutter Mane|\n|teampreview\n|inactive|Battle timer is ON: inactive players will automatically lose when time's up. (requested by Yu hung lo)\n|\n|t:|1697584457\n|start\n|switch|p1a: Grimmsnarl|Grimmsnarl, M|100\/100\n|switch|p1b: Incineroar|Incineroar, M|100\/100\n|switch|p2a: Iron Hands|Iron Hands, shiny|100\/100\n|switch|p2b: Dusclops|Dusclops, F, shiny|100\/100\n|-ability|p1b: Incineroar|Intimidate|boost\n|-unboost|p2a: Iron Hands|atk|1\n|-unboost|p2b: Dusclops|atk|1\n|-item|p1a: Grimmsnarl|Light Clay|[from] ability: Frisk|[of] p2b: Dusclops|[identify]\n|-item|p1b: Incineroar|Safety Goggles|[from] ability: Frisk|[of] p2b: Dusclops|[identify]\n|turn|1\n|\n|t:|1697584469\n|move|p1b: Incineroar|Fake Out|p2a: Iron Hands\n|-damage|p2a: Iron Hands|94\/100\n|cant|p2a: Iron Hands|flinch\n|move|p1a: Grimmsnarl|Spirit Break|p2a: Iron Hands\n|-supereffective|p2a: Iron Hands\n|-damage|p2a: Iron Hands|55\/100\n|-unboost|p2a: Iron Hands|spa|1\n|move|p2b: Dusclops|Trick Room|p2b: Dusclops\n|-fieldstart|move: Trick Room|[of] p2b: Dusclops\n|\n|upkeep\n|turn|2\n|\n|t:|1697584486\n|switch|p2b: Diancie|Diancie, shiny|100\/100\n|move|p1a: Grimmsnarl|Reflect|p1a: Grimmsnarl\n|-sidestart|p1: Yu hung lo|Reflect\n|move|p2a: Iron Hands|Volt Switch|p1b: Incineroar\n|-damage|p1b: Incineroar|94\/100\n|\n|t:|1697584490\n|-end|p2a: Iron Hands|Quark Drive|[silent]\n|switch|p2a: Glastrier|Glastrier|100\/100|[from] Volt Switch\n|move|p1b: Incineroar|Parting Shot|p2a: Glastrier\n|-unboost|p2a: Glastrier|atk|1\n|-unboost|p2a: Glastrier|spa|1\n|\n|t:|1697584505\n|switch|p1b: Lucario|Lucario, M|100\/100|[from] Parting Shot\n|\n|upkeep\n|turn|3\n|\n|t:|1697584519\n|detailschange|p1b: Lucario|Lucario-Mega, M\n|-mega|p1b: Lucario|Lucario|Lucarionite\n|-terastallize|p2a: Glastrier|Water\n|move|p1a: Grimmsnarl|Parting Shot|p2a: Glastrier\n|-unboost|p2a: Glastrier|atk|1\n|-unboost|p2a: Glastrier|spa|1\n|\n|t:|1697584525\n|switch|p1a: Incineroar|Incineroar, M|94\/100|[from] Parting Shot\n|-ability|p1a: Incineroar|Intimidate|boost\n|-unboost|p2a: Glastrier|atk|1\n|-fail|p2b: Diancie|unboost|[from] ability: Clear Body|[of] p2b: Diancie\n|move|p2a: Glastrier|Taunt|p1a: Incineroar\n|-start|p1a: Incineroar|move: Taunt\n|move|p2b: Diancie|Stealth Rock|p1a: Incineroar\n|-sidestart|p1: Yu hung lo|move: Stealth Rock\n|move|p1b: Lucario|Swords Dance|p1b: Lucario\n|-boost|p1b: Lucario|atk|2\n|\n|upkeep\n|turn|4\n|\n|t:|1697584544\n|switch|p2a: Iron Hands|Iron Hands, shiny|55\/100\n|switch|p1a: Blastoise|Blastoise, F|100\/100\n|-damage|p1a: Blastoise|88\/100|[from] Stealth Rock\n|detailschange|p2b: Diancie|Diancie-Mega, shiny\n|-mega|p2b: Diancie|Diancie|Diancite\n|move|p1b: Lucario|Bullet Punch|p2b: Diancie\n|-supereffective|p2b: Diancie\n|-damage|p2b: Diancie|0 fnt\n|faint|p2b: Diancie\n|\n|upkeep\n|\n|t:|1697584555\n|switch|p2b: Ursaluna|Ursaluna-Bloodmoon, M|100\/100\n|turn|5\n|\n|t:|1697584573\n|switch|p1a: Incineroar|Incineroar, M|94\/100\n|-damage|p1a: Incineroar|69\/100|[from] Stealth Rock\n|-ability|p1a: Incineroar|Intimidate|boost\n|-unboost|p2a: Iron Hands|atk|1\n|-unboost|p2b: Ursaluna|atk|1\n|move|p1b: Lucario|Detect|p1b: Lucario\n|-singleturn|p1b: Lucario|Protect\n|move|p2a: Iron Hands|Volt Switch|p1a: Incineroar\n|-damage|p1a: Incineroar|58\/100\n|\n|t:|1697584584\n|-end|p2a: Iron Hands|Quark Drive|[silent]\n|switch|p2a: Glastrier|Glastrier, tera:Water|100\/100|[from] Volt Switch\n|move|p2b: Ursaluna|Earth Power|p1b: Lucario\n|-activate|p1b: Lucario|move: Protect\n|\n|-fieldend|move: Trick Room\n|upkeep\n|turn|6\n|\n|t:|1697584604\n|move|p1b: Lucario|Drain Punch|p2a: Glastrier\n|-damage|p2a: Glastrier|54\/100\n|move|p1a: Incineroar|Snarl|p2b: Ursaluna|[spread] p2a,p2b\n|-damage|p2a: Glastrier|45\/100\n|-damage|p2b: Ursaluna|93\/100\n|-unboost|p2a: Glastrier|spa|1\n|-unboost|p2b: Ursaluna|spa|1\n|move|p2b: Ursaluna|Earth Power|p1b: Lucario\n|-supereffective|p1b: Lucario\n|-damage|p1b: Lucario|9\/100\n|move|p2a: Glastrier|Swords Dance|p2a: Glastrier\n|-boost|p2a: Glastrier|atk|2\n|\n|upkeep\n|turn|7\n|\n|t:|1697584633\n|switch|p2a: Dusclops|Dusclops, F, shiny|100\/100\n|-item|p1a: Incineroar|Safety Goggles|[from] ability: Frisk|[of] p2a: Dusclops|[identify]\n|-item|p1b: Lucario|Lucarionite|[from] ability: Frisk|[of] p2a: Dusclops|[identify]\n|move|p1b: Lucario|Detect|p1b: Lucario\n|-singleturn|p1b: Lucario|Protect\n|move|p1a: Incineroar|Parting Shot|p2a: Dusclops\n|-unboost|p2a: Dusclops|atk|1\n|-unboost|p2a: Dusclops|spa|1\n|\n|t:|1697584644\n|switch|p1a: Dragapult|Dragapult, M|100\/100|[from] Parting Shot\n|-damage|p1a: Dragapult|88\/100|[from] Stealth Rock\n|move|p2b: Ursaluna|Snarl|p1b: Lucario|[spread] p1a\n|-activate|p1b: Lucario|move: Protect\n|-supereffective|p1a: Dragapult\n|-damage|p1a: Dragapult|59\/100\n|\n|upkeep\n|turn|8\n|\n|t:|1697584664\n|switch|p2b: Iron Hands|Iron Hands, shiny|55\/100\n|-terastallize|p1a: Dragapult|Ghost\n|move|p1a: Dragapult|Tera Blast|p2a: Dusclops|[anim] Tera Blast Ghost\n|-supereffective|p2a: Dusclops\n|-damage|p2a: Dusclops|10\/100\n|move|p1b: Lucario|Drain Punch|p2b: Iron Hands\n|-damage|p2b: Iron Hands|0 fnt\n|-heal|p1b: Lucario|54\/100|[from] drain|[of] p2b: Iron Hands\n|faint|p2b: Iron Hands\n|-end|p2b: Iron Hands|Quark Drive|[silent]\n|move|p2a: Dusclops|Trick Room|p2a: Dusclops\n|-fieldstart|move: Trick Room|[of] p2a: Dusclops\n|\n|upkeep\n|\n|t:|1697584681\n|switch|p2b: Glastrier|Glastrier, tera:Water|45\/100\n|turn|9\n|\n|t:|1697584701\n|switch|p1a: Incineroar|Incineroar, M|58\/100\n|-damage|p1a: Incineroar|33\/100|[from] Stealth Rock\n|-ability|p1a: Incineroar|Intimidate|boost\n|-unboost|p2a: Dusclops|atk|1\n|-unboost|p2b: Glastrier|atk|1\n|move|p1b: Lucario|Bullet Punch|p2a: Dusclops\n|-damage|p2a: Dusclops|0 fnt\n|faint|p2a: Dusclops\n|move|p2b: Glastrier|Icicle Spear|p1a: Incineroar\n|-resisted|p1a: Incineroar\n|-damage|p1a: Incineroar|31\/100\n|-resisted|p1a: Incineroar\n|-damage|p1a: Incineroar|28\/100\n|-resisted|p1a: Incineroar\n|-crit|p1a: Incineroar\n|-damage|p1a: Incineroar|19\/100\n|-resisted|p1a: Incineroar\n|-damage|p1a: Incineroar|17\/100\n|-resisted|p1a: Incineroar\n|-damage|p1a: Incineroar|14\/100\n|-hitcount|p1a: Incineroar|5\n|\n|-sideend|p1: Yu hung lo|Reflect\n|upkeep\n|\n|t:|1697584714\n|switch|p2a: Ursaluna|Ursaluna-Bloodmoon, M|93\/100\n|turn|10\n|\n|t:|1697584723\n|move|p1a: Incineroar|Fake Out|p2a: Ursaluna\n|-damage|p2a: Ursaluna|86\/100\n|move|p2b: Glastrier|Tera Blast|p1a: Incineroar|[anim] Tera Blast Water\n|-supereffective|p1a: Incineroar\n|-damage|p1a: Incineroar|0 fnt\n|faint|p1a: Incineroar\n|-ability|p2b: Glastrier|Chilling Neigh|boost\n|-boost|p2b: Glastrier|atk|1\n|cant|p2a: Ursaluna|flinch\n|move|p1b: Lucario|Drain Punch|p2b: Glastrier\n|-damage|p2b: Glastrier|0 fnt\n|-heal|p1b: Lucario|83\/100|[from] drain|[of] p2b: Glastrier\n|faint|p2b: Glastrier\n|\n|upkeep\n|\n|t:|1697584735\n|switch|p2b: Flutter Mane|Flutter Mane, shiny|100\/100\n|switch|p1a: Blastoise|Blastoise, F|88\/100\n|-damage|p1a: Blastoise|76\/100|[from] Stealth Rock\n|-enditem|p2b: Flutter Mane|Booster Energy\n|-activate|p2b: Flutter Mane|ability: Protosynthesis|[fromitem]\n|-start|p2b: Flutter Mane|protosynthesisspa\n|turn|11\n|\n|t:|1697584742\n|move|p1a: Blastoise|Fake Out|p2a: Ursaluna\n|-damage|p2a: Ursaluna|81\/100\n|move|p1b: Lucario|Bullet Punch|p2b: Flutter Mane\n|-supereffective|p2b: Flutter Mane\n|-damage|p2b: Flutter Mane|0 fnt\n|faint|p2b: Flutter Mane\n|-end|p2b: Flutter Mane|Protosynthesis|[silent]\n|cant|p2a: Ursaluna|flinch\n|\n|upkeep\n|turn|12\n|-message|Lil barnacle Boi forfeited.\n|\n|win|Yu hung lo\n|raw|Yu hung lo's rating: 1421 &rarr; <strong>1431<\/strong><br \/>(+10 for winning)\n|raw|Lil barnacle Boi's rating: 1229 &rarr; <strong>1217<\/strong><br \/>(-12 for losing)\n|l|\u2606Lil barnacle Boi\n","uploadtime":1697584957,"views":9,"p1id":"yuhunglo","p2id":"lilbarnacleboi","formatid":"gen9nationaldexdoubles","rating":1217,"private":0,"password":""}