{"id":"gen9nationaldexdoubles-1954032009","p1":"Gamer00ooO","p2":"Yveltak","format":"[Gen 9] National Dex Doubles","log":"|j|\u2606Gamer00ooO\n|j|\u2606Yveltak\n|t:|1695847315\n|gametype|doubles\n|player|p1|Gamer00ooO|1|\n|player|p2|Yveltak|hugh|\n|teamsize|p1|6\n|teamsize|p2|6\n|gen|9\n|tier|[Gen 9] National Dex Doubles\n|rule|HP Percentage Mod: HP is shown in percentages\n|rule|Endless Battle Clause: Forcing endless battles is banned\n|rule|OHKO Clause: OHKO moves are banned\n|rule|Evasion Moves Clause: Evasion moves are banned\n|rule|Evasion Abilities Clause: Evasion abilities are banned\n|rule|Species Clause: Limit one of each Pok\u00e9mon\n|rule|Gravity Sleep Clause: The combination of sleep-inducing moves with imperfect accuracy and Gravity or Gigantamax Orbeetle are banned\n|clearpoke\n|poke|p1|Grimmsnarl, M|\n|poke|p1|Diancie|\n|poke|p1|Klefki, M|\n|poke|p1|Azumarill, M|\n|poke|p1|Sylveon, F|\n|poke|p1|Iron Valiant|\n|poke|p2|Iron Hands|\n|poke|p2|Tapu Koko|\n|poke|p2|Manectric, F|\n|poke|p2|Raichu-Alola, F|\n|poke|p2|Zapdos|\n|poke|p2|Rotom-Wash|\n|teampreview\n|c|\u2606Yveltak|gl\n|j| Aluh_opa\n|j| El_Gran_Wigglytuff\n|c| El_Gran_Wigglytuff|Aluh, te cuento un secreto?\n|c|\u2606Yveltak|Sigo cabreado con el anterior juego eh\n|c| Aluh_opa|Contra gamer?\n|\n|t:|1695847371\n|start\n|switch|p1a: Grimmsnarl|Grimmsnarl, M|100\/100\n|switch|p1b: Diancie|Diancie|100\/100\n|switch|p2a: Tapu Koko|Tapu Koko|100\/100\n|switch|p2b: Raichu|Raichu-Alola, F|100\/100\n|-fieldstart|move: Electric Terrain|[from] ability: Electric Surge|[of] p2a: Tapu Koko\n|turn|1\n|l|\u2606Gamer00ooO\n|player|p1|\n|c| Aluh_opa|Digame lo que le plazca, Sr. Bluff\n|c| El_Gran_Wigglytuff|Justo hab\u00eda descubierto un equipo mejor que el Lluvia y el Normal Trick Room XD\n|c| El_Gran_Wigglytuff|Y le hace counter tanto a F\u00e9nix como a Kaxxxx XD\n|c| Aluh_opa|Por apresurarte a elegir uno XDD\n|c| El_Gran_Wigglytuff|Era un Team Hada\n|c| Aluh_opa|Me pregunto cuanto tardar\u00e1 en volver\n|c| El_Gran_Wigglytuff|Aluh, que F\u00e9nix est\u00e1 combatiendo ahora mismo tambi\u00e9n contra Kaxxxx\n|j|\u2606Gamer00ooO\n|player|p1|Gamer00ooO|1\n|\n|t:|1695847568\n|move|p1a: Grimmsnarl|Reflect|p1a: Grimmsnarl\n|-sidestart|p1: Gamer00ooO|Reflect\n|move|p2b: Raichu|Rising Voltage|p1b: Diancie\n|-hint|Rising Voltage's BP doubled on grounded target.\n|-crit|p1b: Diancie\n|-damage|p1b: Diancie|0 fnt\n|faint|p1b: Diancie\n|move|p2a: Tapu Koko|Thunderbolt|p1a: Grimmsnarl\n|-damage|p1a: Grimmsnarl|48\/100\n|\n|-heal|p1a: Grimmsnarl|54\/100|[from] item: Leftovers\n|upkeep\n|\n|t:|1695847590\n|switch|p1b: Sylveon|Sylveon, F|100\/100\n|turn|2\n|c|\u2606Gamer00ooO|Ya volv\u00ed\n|\n|t:|1695847696\n|move|p1a: Grimmsnarl|Light Screen|p1a: Grimmsnarl\n|-sidestart|p1: Gamer00ooO|move: Light Screen\n|move|p2b: Raichu|Rising Voltage|p1b: Sylveon\n|-hint|Rising Voltage's BP doubled on grounded target.\n|-damage|p1b: Sylveon|28\/100\n|move|p2a: Tapu Koko|Thunderbolt|p1b: Sylveon\n|-damage|p1b: Sylveon|0 fnt\n|faint|p1b: Sylveon\n|\n|-heal|p1a: Grimmsnarl|60\/100|[from] item: Leftovers\n|upkeep\n|\n|t:|1695847704\n|switch|p1b: Iron Valiant|Iron Valiant|100\/100\n|-activate|p1b: Iron Valiant|ability: Quark Drive\n|-start|p1b: Iron Valiant|quarkdriveatk\n|turn|3\n|l|\u2606Gamer00ooO\n|player|p1|\n|\n|t:|1695847757\n|move|p2b: Raichu|Rising Voltage|p1b: Iron Valiant\n|-hint|Rising Voltage's BP doubled on grounded target.\n|-damage|p1b: Iron Valiant|30\/100\n|move|p2a: Tapu Koko|Thunderbolt|p1b: Iron Valiant\n|-damage|p1b: Iron Valiant|1\/100\n|move|p1b: Iron Valiant|Drain Punch|p2a: Tapu Koko\n|-resisted|p2a: Tapu Koko\n|-damage|p2a: Tapu Koko|69\/100\n|-heal|p1b: Iron Valiant|16\/100|[from] drain|[of] p2a: Tapu Koko\n|move|p1a: Grimmsnarl|Crunch|p2b: Raichu\n|-supereffective|p2b: Raichu\n|-damage|p2b: Raichu|0 fnt\n|faint|p2b: Raichu\n|\n|-heal|p1a: Grimmsnarl|66\/100|[from] item: Leftovers\n|upkeep\n|j|\u2606Gamer00ooO\n|player|p1|Gamer00ooO|1\n|\n|t:|1695847824\n|switch|p2b: Iron Hands|Iron Hands|100\/100\n|-activate|p2b: Iron Hands|ability: Quark Drive\n|-start|p2b: Iron Hands|quarkdriveatk\n|turn|4\n|c| Aluh_opa|El diablazooo\n|\n|t:|1695847851\n|move|p2b: Iron Hands|Fake Out|p1b: Iron Valiant\n|-damage|p1b: Iron Valiant|4\/100\n|move|p2a: Tapu Koko|Dazzling Gleam|p1b: Iron Valiant|[spread] p1a,p1b\n|-supereffective|p1a: Grimmsnarl\n|-supereffective|p1b: Iron Valiant\n|-damage|p1a: Grimmsnarl|32\/100\n|-damage|p1b: Iron Valiant|0 fnt\n|faint|p1b: Iron Valiant\n|-end|p1b: Iron Valiant|Quark Drive|[silent]\n|move|p1a: Grimmsnarl|Drain Punch|p2a: Tapu Koko\n|-resisted|p2a: Tapu Koko\n|-damage|p2a: Tapu Koko|55\/100\n|-heal|p1a: Grimmsnarl|38\/100|[from] drain|[of] p2a: Tapu Koko\n|\n|-heal|p1a: Grimmsnarl|44\/100|[from] item: Leftovers\n|upkeep\n|\n|t:|1695847863\n|switch|p1b: Azumarill|Azumarill, M|100\/100\n|turn|5\n|c| Aluh_opa|pegan dur\u00edsimo\n|c|\u2606Yveltak|Lo q no quiero hacer en el combate de kaxx\n|\n|t:|1695847880\n|move|p2a: Tapu Koko|Thunderbolt|p1b: Azumarill\n|-supereffective|p1b: Azumarill\n|-damage|p1b: Azumarill|38\/100\n|move|p1a: Grimmsnarl|Crunch|p2b: Iron Hands\n|-resisted|p2b: Iron Hands\n|-damage|p2b: Iron Hands|90\/100\n|move|p2b: Iron Hands|Drain Punch|p1a: Grimmsnarl\n|-damage|p1a: Grimmsnarl|11\/100\n|-heal|p2b: Iron Hands|100\/100|[from] drain|[of] p1a: Grimmsnarl\n|move|p1b: Azumarill|Hyper Voice|p2b: Iron Hands|[spread] p2a,p2b\n|-damage|p2a: Tapu Koko|33\/100\n|-damage|p2b: Iron Hands|95\/100\n|-damage|p1b: Azumarill|28\/100|[from] item: Life Orb\n|\n|-heal|p1a: Grimmsnarl|17\/100|[from] item: Leftovers\n|-sideend|p1: Gamer00ooO|Reflect\n|upkeep\n|turn|6\n|\n|t:|1695847900\n|move|p2a: Tapu Koko|Dazzling Gleam|p1a: Grimmsnarl|[spread] p1a,p1b\n|-supereffective|p1a: Grimmsnarl\n|-damage|p1a: Grimmsnarl|0 fnt\n|-damage|p1b: Azumarill|13\/100\n|faint|p1a: Grimmsnarl\n|move|p2b: Iron Hands|Wild Charge|p1b: Azumarill\n|-supereffective|p1b: Azumarill\n|-damage|p1b: Azumarill|0 fnt\n|faint|p1b: Azumarill\n|-damage|p2b: Iron Hands|93\/100|[from] Recoil\n|\n|-sideend|p1: Gamer00ooO|move: Light Screen\n|upkeep\n|\n|t:|1695847904\n|switch|p1a: Klefki|Klefki, M|100\/100\n|-item|p1a: Klefki|Air Balloon\n|turn|7\n|\n|t:|1695847908\n|move|p2a: Tapu Koko|Thunderbolt|p1a: Klefki\n|-damage|p1a: Klefki|41\/100\n|-enditem|p1a: Klefki|Air Balloon\n|move|p1a: Klefki|Dazzling Gleam|p2b: Iron Hands|[spread] p2a,p2b\n|-supereffective|p2b: Iron Hands\n|-damage|p2a: Tapu Koko|5\/100\n|-damage|p2b: Iron Hands|77\/100\n|move|p2b: Iron Hands|Wild Charge|p1a: Klefki\n|-damage|p1a: Klefki|0 fnt\n|faint|p1a: Klefki\n|-damage|p2b: Iron Hands|71\/100|[from] Recoil\n|\n|win|Yveltak\n|c|\u2606Yveltak|gg\n|l|\u2606Gamer00ooO\n|l|\u2606Yveltak\n|c| Aluh_opa|gg!\n|l| Aluh_opa\n|j|\u2606Yveltak\n|player|p2|Yveltak|hugh\n","uploadtime":1695847932,"views":7,"p1id":"gamer00ooo","p2id":"yveltak","formatid":"gen9nationaldexdoubles","rating":0,"private":0,"password":""}