{"id":"gen9nationaldexdoubles-1952042087","p1":"MeloettaMadness","p2":"FiredChickINNN","format":"[Gen 9] National Dex Doubles","log":"|j|\u2606MeloettaMadness\n|j|\u2606FiredChickINNN\n|t:|1695652487\n|gametype|doubles\n|player|p1|MeloettaMadness|clown|1049\n|player|p2|FiredChickINNN|101|1102\n|teamsize|p1|6\n|teamsize|p2|6\n|gen|9\n|tier|[Gen 9] National Dex Doubles\n|rated|\n|rule|HP Percentage Mod: HP is shown in percentages\n|rule|Endless Battle Clause: Forcing endless battles is banned\n|rule|OHKO Clause: OHKO moves are banned\n|rule|Evasion Moves Clause: Evasion moves are banned\n|rule|Evasion Abilities Clause: Evasion abilities are banned\n|rule|Species Clause: Limit one of each Pok\u00e9mon\n|rule|Gravity Sleep Clause: The combination of sleep-inducing moves with imperfect accuracy and Gravity or Gigantamax Orbeetle are banned\n|clearpoke\n|poke|p1|Whimsicott, M|\n|poke|p1|Smeargle, M|\n|poke|p1|Darkrai|\n|poke|p1|Arbok, M|\n|poke|p1|Hitmonlee, M|\n|poke|p1|Fezandipiti, M|\n|poke|p2|Raticate, M|\n|poke|p2|Sinistcha|\n|poke|p2|Dragonite, M|\n|poke|p2|Amoonguss, M|\n|poke|p2|Crawdaunt, M|\n|poke|p2|Indeedee-F, F|\n|teampreview\n|inactive|Battle timer is ON: inactive players will automatically lose when time's up. (requested by FiredChickINNN)\n|\n|t:|1695652511\n|start\n|switch|p1a: Whimsicott|Whimsicott, M, shiny|100\/100\n|switch|p1b: Hitmonlee|Hitmonlee, M, shiny|100\/100\n|switch|p2a: Raticate|Raticate, M|100\/100\n|switch|p2b: Amoonguss|Amoonguss, M|100\/100\n|turn|1\n|inactive|MeloettaMadness has 120 seconds left.\n|\n|t:|1695652542\n|switch|p1b: Arbok|Arbok, M, shiny|100\/100\n|move|p1a: Whimsicott|Moonblast|p2b: Amoonguss\n|-resisted|p2b: Amoonguss\n|-damage|p2b: Amoonguss|88\/100\n|move|p2a: Raticate|Swords Dance|p2a: Raticate\n|-boost|p2a: Raticate|atk|2\n|move|p2b: Amoonguss|Spore|p1b: Arbok\n|-status|p1b: Arbok|slp|[from] move: Spore\n|\n|upkeep\n|turn|2\n|\n|t:|1695652566\n|move|p1a: Whimsicott|Encore|p2a: Raticate\n|-start|p2a: Raticate|Encore\n|move|p2a: Raticate|Swords Dance|p2a: Raticate\n|-boost|p2a: Raticate|atk|2\n|cant|p1b: Arbok|slp\n|move|p2b: Amoonguss|Pollen Puff|p1a: Whimsicott\n|-damage|p1a: Whimsicott|73\/100\n|\n|upkeep\n|turn|3\n|\n|t:|1695652584\n|move|p2b: Amoonguss|Rage Powder|p2b: Amoonguss\n|-singleturn|p2b: Amoonguss|move: Rage Powder\n|move|p1a: Whimsicott|Encore|p2b: Amoonguss\n|-start|p2b: Amoonguss|Encore\n|-enditem|p2b: Amoonguss|Mental Herb\n|-end|p2b: Amoonguss|Encore\n|move|p2a: Raticate|Swords Dance|p2a: Raticate\n|-boost|p2a: Raticate|atk|2\n|cant|p1b: Arbok|slp\n|\n|upkeep\n|turn|4\n|\n|t:|1695652600\n|move|p2b: Amoonguss|Rage Powder|p2b: Amoonguss\n|-singleturn|p2b: Amoonguss|move: Rage Powder\n|move|p1a: Whimsicott|Moonblast|p2a: Raticate\n|-damage|p2a: Raticate|48\/100\n|move|p2a: Raticate|Swords Dance|p2a: Raticate\n|-boost|p2a: Raticate|atk|0\n|cant|p1b: Arbok|slp\n|\n|-end|p2a: Raticate|Encore\n|upkeep\n|turn|5\n|\n|t:|1695652616\n|move|p1a: Whimsicott|Moonblast|p2a: Raticate\n|-damage|p2a: Raticate|0 fnt\n|faint|p2a: Raticate\n|-curestatus|p1b: Arbok|slp|[msg]\n|move|p1b: Arbok|Coil|p1b: Arbok\n|-boost|p1b: Arbok|atk|1\n|-boost|p1b: Arbok|def|1\n|-boost|p1b: Arbok|accuracy|1\n|move|p2b: Amoonguss|Pollen Puff|p1a: Whimsicott\n|-damage|p1a: Whimsicott|42\/100\n|\n|upkeep\n|\n|t:|1695652630\n|switch|p2a: Crawdaunt|Crawdaunt, M|100\/100\n|turn|6\n|\n|t:|1695652646\n|-terastallize|p2a: Crawdaunt|Grass\n|move|p1a: Whimsicott|Tailwind|p1a: Whimsicott\n|-sidestart|p1: MeloettaMadness|move: Tailwind\n|move|p1b: Arbok|Gunk Shot|p2a: Crawdaunt\n|-supereffective|p2a: Crawdaunt\n|-damage|p2a: Crawdaunt|0 fnt\n|faint|p2a: Crawdaunt\n|move|p2b: Amoonguss|Spore|p1b: Arbok\n|-status|p1b: Arbok|slp|[from] move: Spore\n|\n|upkeep\n|\n|t:|1695652658\n|switch|p2a: Indeedee|Indeedee-F, F|100\/100\n|turn|7\n|inactive|MeloettaMadness has 120 seconds left.\n|\n|t:|1695652693\n|move|p2a: Indeedee|Fake Out|p1a: Whimsicott\n|-damage|p1a: Whimsicott|32\/100\n|cant|p1a: Whimsicott|flinch\n|cant|p1b: Arbok|slp\n|move|p2b: Amoonguss|Pollen Puff|p1a: Whimsicott\n|-damage|p1a: Whimsicott|2\/100\n|\n|-activate|p1b: Arbok|ability: Shed Skin\n|-curestatus|p1b: Arbok|slp|[msg]\n|upkeep\n|turn|8\n|inactive|MeloettaMadness has 120 seconds left.\n|\n|t:|1695652718\n|move|p1a: Whimsicott|Encore|p2b: Amoonguss\n|-start|p2b: Amoonguss|Encore\n|move|p1b: Arbok|Gunk Shot|p2a: Indeedee\n|-damage|p2a: Indeedee|0 fnt\n|faint|p2a: Indeedee\n|move|p2b: Amoonguss|Pollen Puff|p1b: Arbok\n|-resisted|p1b: Arbok\n|-damage|p1b: Arbok|88\/100\n|\n|upkeep\n|\n|t:|1695652734\n|switch|p2a: Dragonite|Dragonite, M|100\/100\n|turn|9\n|\n|t:|1695652747\n|-terastallize|p1a: Whimsicott|Ghost\n|move|p1a: Whimsicott|Moonblast|p2a: Dragonite\n|-supereffective|p2a: Dragonite\n|-crit|p2a: Dragonite\n|-damage|p2a: Dragonite|44\/100\n|-enditem|p2a: Dragonite|Sitrus Berry|[eat]\n|-heal|p2a: Dragonite|68\/100|[from] item: Sitrus Berry\n|move|p1b: Arbok|Iron Tail|p2b: Amoonguss\n|-damage|p2b: Amoonguss|41\/100\n|move|p2a: Dragonite|Dragon Dance|p2a: Dragonite\n|-boost|p2a: Dragonite|atk|1\n|-boost|p2a: Dragonite|spe|1\n|move|p2b: Amoonguss|Pollen Puff|p1a: Whimsicott\n|-resisted|p1a: Whimsicott\n|-damage|p1a: Whimsicott|0 fnt\n|faint|p1a: Whimsicott\n|\n|-sideend|p1: MeloettaMadness|move: Tailwind\n|upkeep\n|\n|t:|1695652765\n|switch|p1a: Smeargle|Smeargle, M, shiny|100\/100\n|turn|10\n|inactive|MeloettaMadness has 120 seconds left.\n|\n|t:|1695652813\n|move|p2a: Dragonite|Iron Head|p1b: Arbok\n|-damage|p1b: Arbok|43\/100\n|move|p1a: Smeargle|Salt Cure|p2a: Dragonite\n|-supereffective|p2a: Dragonite\n|-damage|p2a: Dragonite|61\/100\n|-start|p2a: Dragonite|Salt Cure\n|move|p1b: Arbok|Iron Tail|p2b: Amoonguss\n|-damage|p2b: Amoonguss|0 fnt\n|faint|p2b: Amoonguss\n|\n|-damage|p2a: Dragonite|49\/100|[from] Salt Cure\n|upkeep\n|\n|t:|1695652821\n|switch|p2b: Sinistcha|Sinistcha|100\/100\n|-heal|p2a: Dragonite|74\/100|[from] ability: Hospitality|[of] p2b: Sinistcha\n|turn|11\n|\n|t:|1695652835\n|move|p2a: Dragonite|Earthquake|p1b: Arbok|[spread] p2b,p1a,p1b\n|-resisted|p2b: Sinistcha\n|-supereffective|p1b: Arbok\n|-damage|p2b: Sinistcha|85\/100\n|-damage|p1a: Smeargle|12\/100\n|-damage|p1b: Arbok|0 fnt\n|faint|p1b: Arbok\n|move|p1a: Smeargle|Salt Cure|p2b: Sinistcha\n|-damage|p2b: Sinistcha|83\/100\n|-start|p2b: Sinistcha|Salt Cure\n|move|p2b: Sinistcha|Matcha Gotcha|p1a: Smeargle\n|-damage|p1a: Smeargle|0 fnt\n|-heal|p2b: Sinistcha|88\/100|[from] drain|[of] p1a: Smeargle\n|faint|p1a: Smeargle\n|\n|-damage|p2a: Dragonite|61\/100|[from] Salt Cure\n|-damage|p2b: Sinistcha|76\/100|[from] Salt Cure\n|upkeep\n|\n|t:|1695652848\n|switch|p1a: Fezandipiti|Fezandipiti, M|100\/100\n|switch|p1b: Hitmonlee|Hitmonlee, M, shiny|100\/100\n|turn|12\n|\n|t:|1695652869\n|move|p1b: Hitmonlee|Bullet Punch|p2b: Sinistcha\n|-damage|p2b: Sinistcha|65\/100\n|move|p2a: Dragonite|Earthquake|p1a: Fezandipiti|[spread] p2b,p1a,p1b\n|-resisted|p2b: Sinistcha\n|-crit|p2b: Sinistcha\n|-supereffective|p1a: Fezandipiti\n|-damage|p2b: Sinistcha|43\/100\n|-damage|p1a: Fezandipiti|23\/100\n|-damage|p1b: Hitmonlee|24\/100\n|move|p1a: Fezandipiti|Calm Mind|p1a: Fezandipiti\n|-boost|p1a: Fezandipiti|spa|1\n|-boost|p1a: Fezandipiti|spd|1\n|move|p2b: Sinistcha|Matcha Gotcha|p1a: Fezandipiti|[spread] p1a\n|-miss|p2b: Sinistcha|p1b: Hitmonlee\n|-resisted|p1a: Fezandipiti\n|-damage|p1a: Fezandipiti|15\/100\n|-heal|p2b: Sinistcha|46\/100|[from] drain|[of] p1a: Fezandipiti\n|\n|-damage|p2a: Dragonite|49\/100|[from] Salt Cure\n|-damage|p2b: Sinistcha|34\/100|[from] Salt Cure\n|upkeep\n|turn|13\n|\n|t:|1695652892\n|move|p1b: Hitmonlee|Bullet Punch|p2a: Dragonite\n|-damage|p2a: Dragonite|32\/100\n|move|p2a: Dragonite|Earthquake|p1b: Hitmonlee|[spread] p2b,p1a,p1b\n|-resisted|p2b: Sinistcha\n|-supereffective|p1a: Fezandipiti\n|-damage|p2b: Sinistcha|18\/100\n|-damage|p1a: Fezandipiti|0 fnt\n|-damage|p1b: Hitmonlee|0 fnt\n|faint|p1a: Fezandipiti\n|faint|p1b: Hitmonlee\n|move|p2b: Sinistcha|Strength Sap|p1: Fezandipiti|[notarget]\n|-fail|p2b: Sinistcha\n|\n|-damage|p2a: Dragonite|20\/100|[from] Salt Cure\n|-damage|p2b: Sinistcha|6\/100|[from] Salt Cure\n|upkeep\n|\n|t:|1695652898\n|switch|p1b: Darkrai|Darkrai, shiny|100\/100\n|turn|14\n|\n|t:|1695652907\n|move|p2a: Dragonite|Outrage|p1b: Darkrai\n|-damage|p1b: Darkrai|0 fnt\n|faint|p1b: Darkrai\n|\n|win|FiredChickINNN\n|raw|MeloettaMadness's rating: 1049 &rarr; <strong>1034<\/strong><br \/>(-15 for losing)\n|raw|FiredChickINNN's rating: 1102 &rarr; <strong>1123<\/strong><br \/>(+21 for winning)\n|l|\u2606MeloettaMadness\n","uploadtime":1695652916,"views":10,"p1id":"meloettamadness","p2id":"firedchickinnn","formatid":"gen9nationaldexdoubles","rating":1034,"private":0,"password":""}