{"id":"gen9nationaldexdoubles-1973891088","p1":"Creepystank","p2":"R.para ti","format":"[Gen 9] National Dex Doubles","log":"|j|\u2606Creepystank\n|j|\u2606R.para ti\n|t:|1698024930\n|gametype|doubles\n|player|p1|Creepystank|cynthia-gen4|1274\n|player|p2|R.para ti|169|1215\n|teamsize|p1|6\n|teamsize|p2|6\n|gen|9\n|tier|[Gen 9] National Dex Doubles\n|rated|\n|rule|HP Percentage Mod: HP is shown in percentages\n|rule|Endless Battle Clause: Forcing endless battles is banned\n|rule|OHKO Clause: OHKO moves are banned\n|rule|Evasion Moves Clause: Evasion moves are banned\n|rule|Evasion Abilities Clause: Evasion abilities are banned\n|rule|Species Clause: Limit one of each Pok\u00e9mon\n|rule|Gravity Sleep Clause: The combination of sleep-inducing moves with imperfect accuracy and Gravity or Gigantamax Orbeetle are banned\n|clearpoke\n|poke|p1|Tornadus, M|\n|poke|p1|Mew|\n|poke|p1|Overqwil, M|\n|poke|p1|Tapu Lele|\n|poke|p1|Conkeldurr, F|\n|poke|p1|Farigiraf, F|\n|poke|p2|Meowstic, M|\n|poke|p2|Armarouge, F|\n|poke|p2|Alakazam, F|\n|poke|p2|Chi-Yu|\n|poke|p2|Chandelure, F|\n|poke|p2|Flutter Mane|\n|teampreview\n|inactive|Battle timer is ON: inactive players will automatically lose when time's up. (requested by Creepystank)\n|\n|t:|1698024940\n|start\n|switch|p1a: Farigiraf|Farigiraf, F|100\/100\n|switch|p1b: Conkeldurr|Conkeldurr, F|100\/100\n|switch|p2a: Meowstic|Meowstic, M|100\/100\n|switch|p2b: Armarouge|Armarouge, F|100\/100\n|turn|1\n|\n|t:|1698024947\n|-terastallize|p2b: Armarouge|Dark\n|move|p1b: Conkeldurr|Protect|p1b: Conkeldurr\n|-singleturn|p1b: Conkeldurr|Protect\n|move|p2a: Meowstic|Power-Up Punch|p2b: Armarouge\n|-supereffective|p2b: Armarouge\n|-damage|p2b: Armarouge|92\/100\n|-boost|p2a: Meowstic|atk|1\n|-ability|p2b: Armarouge|Weak Armor|boost\n|-unboost|p2b: Armarouge|def|1\n|-boost|p2b: Armarouge|spe|2\n|-enditem|p2b: Armarouge|Weakness Policy\n|-boost|p2b: Armarouge|atk|2|[from] item: Weakness Policy\n|-boost|p2b: Armarouge|spa|2|[from] item: Weakness Policy\n|move|p2b: Armarouge|Calm Mind|p2b: Armarouge\n|-boost|p2b: Armarouge|spa|1\n|-boost|p2b: Armarouge|spd|1\n|move|p1a: Farigiraf|Trick Room|p1a: Farigiraf\n|-fieldstart|move: Trick Room|[of] p1a: Farigiraf\n|-enditem|p1a: Farigiraf|Room Service\n|-unboost|p1a: Farigiraf|spe|1|[from] item: Room Service\n|\n|-status|p1b: Conkeldurr|brn|[from] item: Flame Orb\n|upkeep\n|turn|2\n|c|\u2606Creepystank|Lol damn\n|inactive|Creepystank has 120 seconds left.\n|\n|t:|1698024984\n|move|p2a: Meowstic|Ally Switch|p2a: Meowstic\n|swap|p2a: Meowstic|1|[from] move: Ally Switch\n|move|p1a: Farigiraf|Hyper Voice|p2b: Meowstic|[spread] p2a,p2b\n|-crit|p2a: Armarouge\n|-damage|p2a: Armarouge|56\/100\n|-damage|p2b: Meowstic|72\/100\n|move|p1b: Conkeldurr|Drain Punch|p2b: Meowstic\n|-resisted|p2b: Meowstic\n|-damage|p2b: Meowstic|45\/100\n|move|p2a: Armarouge|Expanding Force|p1a: Farigiraf\n|-resisted|p1a: Farigiraf\n|-damage|p1a: Farigiraf|67\/100\n|\n|-heal|p2b: Meowstic|51\/100|[from] item: Leftovers\n|-damage|p1b: Conkeldurr|95\/100 brn|[from] brn\n|upkeep\n|turn|3\n|inactive|Creepystank has 120 seconds left.\n|\n|t:|1698025008\n|move|p2b: Meowstic|Ally Switch|p2b: Meowstic\n|swap|p2b: Meowstic|0|[from] move: Ally Switch\n|move|p1a: Farigiraf|Hyper Voice|p2a: Meowstic|[spread] p2a,p2b\n|-damage|p2a: Meowstic|18\/100\n|-damage|p2b: Armarouge|40\/100\n|move|p1b: Conkeldurr|Drain Punch|p2a: Meowstic\n|-resisted|p2a: Meowstic\n|-damage|p2a: Meowstic|0 fnt\n|-heal|p1b: Conkeldurr|100\/100 brn|[from] drain|[of] p2a: Meowstic\n|faint|p2a: Meowstic\n|move|p2b: Armarouge|Expanding Force|p1b: Conkeldurr\n|-supereffective|p1b: Conkeldurr\n|-damage|p1b: Conkeldurr|0 fnt\n|faint|p1b: Conkeldurr\n|\n|upkeep\n|\n|t:|1698025024\n|switch|p1b: Mew|Mew|100\/100\n|switch|p2a: Chandelure|Chandelure, F|100\/100\n|turn|4\n|\n|t:|1698025052\n|switch|p1b: Lol poke|Overqwil, M, shiny|100\/100\n|move|p1a: Farigiraf|Dazzling Gleam|p2b: Armarouge|[spread] p2a,p2b\n|-resisted|p2a: Chandelure\n|-supereffective|p2b: Armarouge\n|-damage|p2a: Chandelure|91\/100\n|-damage|p2b: Armarouge|22\/100\n|move|p2a: Chandelure|Shadow Ball|p1b: Lol poke\n|-resisted|p1b: Lol poke\n|-damage|p1b: Lol poke|60\/100\n|-damage|p2a: Chandelure|81\/100|[from] item: Life Orb\n|move|p2b: Armarouge|Heat Wave|p1b: Lol poke|[spread] p1a,p1b\n|-damage|p1a: Farigiraf|1\/100\n|-damage|p1b: Lol poke|0 fnt\n|faint|p1b: Lol poke\n|\n|upkeep\n|\n|t:|1698025069\n|switch|p1b: Mew|Mew|100\/100\n|turn|5\n|\n|t:|1698025086\n|move|p1a: Farigiraf|Hyper Voice|p2b: Armarouge|[spread] p2b\n|-immune|p2a: Chandelure\n|-damage|p2b: Armarouge|6\/100\n|move|p2a: Chandelure|Shadow Ball|p1b: Mew\n|-supereffective|p1b: Mew\n|-damage|p1b: Mew|0 fnt\n|faint|p1b: Mew\n|-damage|p2a: Chandelure|71\/100|[from] item: Life Orb\n|move|p2b: Armarouge|Calm Mind|p2b: Armarouge\n|-boost|p2b: Armarouge|spa|1\n|-boost|p2b: Armarouge|spd|1\n|\n|-fieldend|move: Trick Room\n|upkeep\n|\n|t:|1698025096\n|switch|p1b: Tornadus|Tornadus, M|100\/100\n|turn|6\n|\n|t:|1698025112\n|-terastallize|p1b: Tornadus|Flying\n|move|p2b: Armarouge|Heat Wave|p1a: Farigiraf|[spread] p1b\n|-miss|p2b: Armarouge|p1a: Farigiraf\n|-damage|p1b: Tornadus|0 fnt\n|faint|p1b: Tornadus\n|move|p2a: Chandelure|Imprison|p2a: Chandelure\n|-start|p2a: Chandelure|move: Imprison\n|move|p1a: Farigiraf|Psychic|p2a: Chandelure\n|-damage|p2a: Chandelure|31\/100\n|\n|upkeep\n|-message|Creepystank forfeited.\n|\n|win|R.para ti\n|raw|Creepystank's rating: 1274 &rarr; <strong>1245<\/strong><br \/>(-29 for losing)\n|raw|R.para ti's rating: 1215 &rarr; <strong>1244<\/strong><br \/>(+29 for winning)\n|l|\u2606Creepystank\n","uploadtime":1698025130,"views":11,"p1id":"creepystank","p2id":"rparati","formatid":"gen9nationaldexdoubles","rating":1244,"private":0,"password":""}