{"id":"gen9nationaldexdoubles-1960666257","p1":"theherbisthyme","p2":"fumbari 24","format":"[Gen 9] National Dex Doubles","log":"|j|\u2606theherbisthyme\n|j|\u2606fumbari 24\n|t:|1696543962\n|gametype|doubles\n|player|p1|theherbisthyme|proton|1170\n|player|p2|fumbari 24|1|1360\n|teamsize|p1|6\n|teamsize|p2|6\n|gen|9\n|tier|[Gen 9] National Dex Doubles\n|rated|\n|rule|HP Percentage Mod: HP is shown in percentages\n|rule|Endless Battle Clause: Forcing endless battles is banned\n|rule|OHKO Clause: OHKO moves are banned\n|rule|Evasion Moves Clause: Evasion moves are banned\n|rule|Evasion Abilities Clause: Evasion abilities are banned\n|rule|Species Clause: Limit one of each Pok\u00e9mon\n|rule|Gravity Sleep Clause: The combination of sleep-inducing moves with imperfect accuracy and Gravity or Gigantamax Orbeetle are banned\n|clearpoke\n|poke|p1|Garchomp, M|\n|poke|p1|Tyranitar, F|\n|poke|p1|Kingambit, M|\n|poke|p1|Vikavolt, F|\n|poke|p1|Grimmsnarl, M|\n|poke|p1|Ursaluna-Bloodmoon, M|\n|poke|p2|Blastoise, M|\n|poke|p2|Garchomp, F|\n|poke|p2|Gardevoir, F|\n|poke|p2|Spiritomb, F|\n|poke|p2|Skarmory, M|\n|poke|p2|Togekiss, F|\n|teampreview\n|\n|t:|1696543976\n|start\n|switch|p1a: Gigan|Garchomp, M|100\/100\n|switch|p1b: Gabara|Grimmsnarl, M|100\/100\n|switch|p2a: Belle|Gardevoir, F, shiny|100\/100\n|switch|p2b: Garchomp|Garchomp, F|100\/100\n|-ability|p2a: Belle|Prankster|[from] ability: Trace|[of] p1b: Gabara\n|turn|1\n|\n|t:|1696543982\n|detailschange|p2a: Belle|Gardevoir-Mega, F, shiny\n|-mega|p2a: Belle|Gardevoir|Gardevoirite\n|move|p1b: Gabara|Fake Out|p2a: Belle\n|-damage|p2a: Belle|88\/100\n|move|p1a: Gigan|Scale Shot|p2b: Garchomp|[miss]\n|-miss|p1a: Gigan|p2b: Garchomp\n|move|p2b: Garchomp|Swords Dance|p2b: Garchomp\n|-boost|p2b: Garchomp|atk|2\n|cant|p2a: Belle|flinch\n|\n|upkeep\n|turn|2\n|\n|t:|1696543992\n|move|p1a: Gigan|Protect|p1a: Gigan\n|-singleturn|p1a: Gigan|Protect\n|move|p2b: Garchomp|Protect|p2b: Garchomp\n|-singleturn|p2b: Garchomp|Protect\n|move|p1b: Gabara|Reflect|p1b: Gabara\n|-sidestart|p1: theherbisthyme|Reflect\n|move|p2a: Belle|Hyper Voice|p1b: Gabara|[spread] p1b\n|-activate|p1a: Gigan|move: Protect\n|-supereffective|p1b: Gabara\n|-damage|p1b: Gabara|4\/100\n|\n|upkeep\n|turn|3\n|\n|t:|1696544001\n|switch|p1a: Godzilla|Tyranitar, F|100\/100\n|-weather|Sandstorm|[from] ability: Sand Stream|[of] p1a: Godzilla\n|-terastallize|p2b: Garchomp|Fire\n|move|p1b: Gabara|Light Screen|p1b: Gabara\n|-sidestart|p1: theherbisthyme|move: Light Screen\n|move|p2b: Garchomp|Rock Slide|p1a: Godzilla|[spread] \n|-miss|p2b: Garchomp|p1a: Godzilla\n|-miss|p2b: Garchomp|p1b: Gabara\n|move|p2a: Belle|Hyper Voice|p1a: Godzilla|[spread] p1a,p1b\n|-supereffective|p1a: Godzilla\n|-supereffective|p1b: Gabara\n|-damage|p1a: Godzilla|70\/100\n|-damage|p1b: Gabara|0 fnt\n|faint|p1b: Gabara\n|\n|-weather|Sandstorm|[upkeep]\n|-damage|p2b: Garchomp|94\/100|[from] Sandstorm\n|-damage|p2a: Belle|81\/100|[from] Sandstorm\n|upkeep\n|\n|t:|1696544008\n|switch|p1b: Ultraman|Kingambit, M|100\/100\n|turn|4\n|inactive|Battle timer is ON: inactive players will automatically lose when time's up. (requested by fumbari 24)\n|\n|t:|1696544026\n|move|p2a: Belle|Protect|p2a: Belle\n|-singleturn|p2a: Belle|Protect\n|move|p1b: Ultraman|Sucker Punch||[still]\n|-fail|p1b: Ultraman\n|move|p2b: Garchomp|Earthquake|p1b: Ultraman|[spread] p1a,p1b\n|-activate|p2a: Belle|move: Protect\n|-supereffective|p1a: Godzilla\n|-supereffective|p1b: Ultraman\n|-damage|p1a: Godzilla|3\/100\n|-damage|p1b: Ultraman|34\/100\n|move|p1a: Godzilla|Rock Slide|p2a: Belle|[spread] \n|-activate|p2a: Belle|move: Protect\n|-miss|p1a: Godzilla|p2b: Garchomp\n|\n|-weather|Sandstorm|[upkeep]\n|-damage|p2b: Garchomp|88\/100|[from] Sandstorm\n|-damage|p2a: Belle|75\/100|[from] Sandstorm\n|upkeep\n|turn|5\n|\n|t:|1696544042\n|move|p1a: Godzilla|Protect|p1a: Godzilla\n|-singleturn|p1a: Godzilla|Protect\n|move|p1b: Ultraman|Protect|p1b: Ultraman\n|-singleturn|p1b: Ultraman|Protect\n|move|p2b: Garchomp|Rock Slide|p1a: Godzilla|[spread] \n|-activate|p1a: Godzilla|move: Protect\n|-activate|p1b: Ultraman|move: Protect\n|move|p2a: Belle|Hyper Voice|p1a: Godzilla|[spread] \n|-activate|p1a: Godzilla|move: Protect\n|-activate|p1b: Ultraman|move: Protect\n|\n|-weather|Sandstorm|[upkeep]\n|-damage|p2b: Garchomp|82\/100|[from] Sandstorm\n|-damage|p2a: Belle|69\/100|[from] Sandstorm\n|upkeep\n|turn|6\n|\n|t:|1696544062\n|move|p2b: Garchomp|Protect|p2b: Garchomp\n|-singleturn|p2b: Garchomp|Protect\n|move|p1a: Godzilla|Protect|p1a: Godzilla\n|-singleturn|p1a: Godzilla|Protect\n|move|p1b: Ultraman|Sucker Punch|p2a: Belle\n|-damage|p2a: Belle|13\/100\n|move|p2a: Belle|Hyper Voice|p1b: Ultraman|[spread] p1b\n|-activate|p1a: Godzilla|move: Protect\n|-damage|p1b: Ultraman|0 fnt\n|faint|p1b: Ultraman\n|\n|-weather|Sandstorm|[upkeep]\n|-damage|p2b: Garchomp|76\/100|[from] Sandstorm\n|-damage|p2a: Belle|7\/100|[from] Sandstorm\n|upkeep\n|\n|t:|1696544067\n|switch|p1b: Megaguirus|Vikavolt, F|100\/100\n|turn|7\n|\n|t:|1696544073\n|switch|p1a: Freddy Fazbear|Ursaluna-Bloodmoon, M|100\/100\n|move|p2b: Garchomp|Rock Slide|p1b: Megaguirus|[spread] p1a\n|-miss|p2b: Garchomp|p1b: Megaguirus\n|-resisted|p1a: Freddy Fazbear\n|-damage|p1a: Freddy Fazbear|93\/100\n|move|p2a: Belle|Mystical Fire|p1b: Megaguirus\n|-supereffective|p1b: Megaguirus\n|-damage|p1b: Megaguirus|47\/100\n|-unboost|p1b: Megaguirus|spa|1\n|move|p1b: Megaguirus|Discharge|p2b: Garchomp|[spread] p2a,p2b\n|-immune|p1a: Freddy Fazbear\n|-damage|p2a: Belle|0 fnt\n|-damage|p2b: Garchomp|52\/100\n|faint|p2a: Belle\n|\n|-weather|none\n|upkeep\n|\n|t:|1696544094\n|switch|p2a: Harbor|Blastoise, M|100\/100\n|turn|8\n|\n|t:|1696544108\n|move|p2a: Harbor|Fake Out|p1a: Freddy Fazbear\n|-damage|p1a: Freddy Fazbear|90\/100\n|move|p2b: Garchomp|Rock Slide|p1b: Megaguirus|[spread] p1a,p1b\n|-resisted|p1a: Freddy Fazbear\n|-supereffective|p1b: Megaguirus\n|-damage|p1a: Freddy Fazbear|83\/100\n|-damage|p1b: Megaguirus|0 fnt\n|faint|p1b: Megaguirus\n|cant|p1a: Freddy Fazbear|flinch\n|\n|upkeep\n|\n|t:|1696544116\n|switch|p1b: Gigan|Garchomp, M|100\/100\n|turn|9\n|\n|t:|1696544129\n|move|p2b: Garchomp|Protect|p2b: Garchomp\n|-singleturn|p2b: Garchomp|Protect\n|move|p1b: Gigan|Earthquake|p2b: Garchomp|[spread] p1a,p2a\n|-activate|p2b: Garchomp|move: Protect\n|-damage|p1a: Freddy Fazbear|66\/100\n|-damage|p2a: Harbor|70\/100\n|move|p2a: Harbor|Icy Wind|p1b: Gigan|[spread] p1a,p1b\n|-supereffective|p1a: Freddy Fazbear\n|-supereffective|p1b: Gigan\n|-damage|p1a: Freddy Fazbear|53\/100\n|-damage|p1b: Gigan|78\/100\n|-unboost|p1a: Freddy Fazbear|spe|1\n|-unboost|p1b: Gigan|spe|1\n|move|p1a: Freddy Fazbear|Blood Moon|p2a: Harbor\n|-damage|p2a: Harbor|3\/100\n|-enditem|p2a: Harbor|Sitrus Berry|[eat]\n|-heal|p2a: Harbor|28\/100|[from] item: Sitrus Berry\n|\n|-sideend|p1: theherbisthyme|Reflect\n|upkeep\n|turn|10\n|\n|t:|1696544147\n|move|p1b: Gigan|Protect|p1b: Gigan\n|-singleturn|p1b: Gigan|Protect\n|move|p2a: Harbor|Protect|p2a: Harbor\n|-singleturn|p2a: Harbor|Protect\n|move|p2b: Garchomp|Earthquake|p1b: Gigan|[spread] p1a\n|-activate|p2a: Harbor|move: Protect\n|-activate|p1b: Gigan|move: Protect\n|-damage|p1a: Freddy Fazbear|9\/100\n|move|p1a: Freddy Fazbear|Earth Power|p2b: Garchomp\n|-supereffective|p2b: Garchomp\n|-damage|p2b: Garchomp|0 fnt\n|faint|p2b: Garchomp\n|\n|-sideend|p1: theherbisthyme|move: Light Screen\n|upkeep\n|\n|t:|1696544155\n|switch|p2b: Togekiss|Togekiss, F|100\/100\n|turn|11\n|\n|t:|1696544163\n|switch|p1b: Godzilla|Tyranitar, F|3\/100\n|-weather|Sandstorm|[from] ability: Sand Stream|[of] p1b: Godzilla\n|move|p2b: Togekiss|Dazzling Gleam|p1b: Godzilla|[spread] p1a,p1b\n|-crit|p1a: Freddy Fazbear\n|-supereffective|p1b: Godzilla\n|-crit|p1b: Godzilla\n|-damage|p1a: Freddy Fazbear|0 fnt\n|-damage|p1b: Godzilla|0 fnt\n|faint|p1a: Freddy Fazbear\n|faint|p1b: Godzilla\n|move|p2a: Harbor|Icy Wind|p1: Freddy Fazbear|[notarget]\n|-fail|p2a: Harbor\n|\n|-weather|Sandstorm|[upkeep]\n|-damage|p2b: Togekiss|94\/100|[from] Sandstorm\n|-damage|p2a: Harbor|22\/100|[from] Sandstorm\n|upkeep\n|\n|t:|1696544166\n|switch|p1b: Gigan|Garchomp, M|78\/100\n|turn|12\n|\n|t:|1696544172\n|detailschange|p1b: Gigan|Garchomp-Mega, M\n|-mega|p1b: Gigan|Garchomp|Garchompite\n|move|p2a: Harbor|Protect|p2a: Harbor\n|-singleturn|p2a: Harbor|Protect\n|move|p1b: Gigan|Rock Slide|p2b: Togekiss|[spread] p2b\n|-activate|p2a: Harbor|move: Protect\n|-supereffective|p2b: Togekiss\n|-damage|p2b: Togekiss|43\/100\n|move|p2b: Togekiss|Dazzling Gleam|p1b: Gigan\n|-supereffective|p1b: Gigan\n|-damage|p1b: Gigan|19\/100\n|\n|-weather|Sandstorm|[upkeep]\n|-damage|p2b: Togekiss|37\/100|[from] Sandstorm\n|-damage|p2a: Harbor|16\/100|[from] Sandstorm\n|upkeep\n|turn|13\n|\n|t:|1696544189\n|switch|p2a: Skraa|Skarmory, M|100\/100\n|move|p1b: Gigan|Rock Slide|p2b: Togekiss|[spread] p2a,p2b\n|-supereffective|p2b: Togekiss\n|-damage|p2a: Skraa|78\/100\n|-damage|p2b: Togekiss|0 fnt\n|faint|p2b: Togekiss\n|\n|-weather|Sandstorm|[upkeep]\n|upkeep\n|\n|t:|1696544195\n|switch|p2b: Spiritomb|Spiritomb, F|100\/100\n|turn|14\n|\n|t:|1696544200\n|move|p2a: Skraa|Feint|p1b: Gigan\n|-damage|p1b: Gigan|12\/100\n|move|p2b: Spiritomb|Sucker Punch|p1b: Gigan\n|-damage|p1b: Gigan|0 fnt\n|faint|p1b: Gigan\n|\n|win|fumbari 24\n|raw|theherbisthyme's rating: 1170 &rarr; <strong>1157<\/strong><br \/>(-13 for losing)\n|raw|fumbari 24's rating: 1360 &rarr; <strong>1370<\/strong><br \/>(+10 for winning)\n|c|\u2606theherbisthyme|gg\n","uploadtime":1696544205,"views":13,"p1id":"theherbisthyme","p2id":"fumbari24","formatid":"gen9nationaldexdoubles","rating":1157,"private":0,"password":""}