{"id":"gen9nationaldexdoubles-1971461012","p1":"MatCat19","p2":"Blue Kaiser dragon","format":"[Gen 9] National Dex Doubles","log":"|j|\u2606MatCat19\n|j|\u2606Blue Kaiser dragon\n|t:|1697740287\n|gametype|doubles\n|player|p1|MatCat19|170|1000\n|player|p2|Blue Kaiser dragon|volkner|1000\n|teamsize|p1|6\n|teamsize|p2|6\n|gen|9\n|tier|[Gen 9] National Dex Doubles\n|rated|\n|rule|HP Percentage Mod: HP is shown in percentages\n|rule|Endless Battle Clause: Forcing endless battles is banned\n|rule|OHKO Clause: OHKO moves are banned\n|rule|Evasion Moves Clause: Evasion moves are banned\n|rule|Evasion Abilities Clause: Evasion abilities are banned\n|rule|Species Clause: Limit one of each Pok\u00e9mon\n|rule|Gravity Sleep Clause: The combination of sleep-inducing moves with imperfect accuracy and Gravity or Gigantamax Orbeetle are banned\n|clearpoke\n|poke|p1|Empoleon, M|\n|poke|p1|Farfetch\u2019d, M|\n|poke|p1|Chesnaught, M|\n|poke|p1|Infernape, M|\n|poke|p1|Electrode-Hisui|\n|poke|p1|Slowbro, M|\n|poke|p2|Ogerpon-Wellspring, F|\n|poke|p2|Rillaboom, F|\n|poke|p2|Chi-Yu|\n|poke|p2|Flutter Mane|\n|poke|p2|Gholdengo|\n|poke|p2|Kingambit, F|\n|teampreview\n|c|\u2606Blue Kaiser dragon|Glhf\n|\n|t:|1697740327\n|start\n|switch|p1a: Son Goku|Infernape, M|100\/100\n|switch|p1b: Farfetch\u2019d|Farfetch\u2019d, M|100\/100\n|switch|p2a: Ogerpon|Ogerpon-Wellspring, F|100\/100\n|switch|p2b: Rillaboom|Rillaboom, F|100\/100\n|-fieldstart|move: Grassy Terrain|[from] ability: Grassy Surge|[of] p2b: Rillaboom\n|turn|1\n|\n|t:|1697740360\n|-terastallize|p2a: Ogerpon|Water\n|detailschange|p2a: Ogerpon|Ogerpon-Wellspring-Tera, F, tera:Water\n|-ability|p2a: Ogerpon|Embody Aspect (Wellspring)|boost\n|-boost|p2a: Ogerpon|spd|1\n|move|p2b: Rillaboom|Fake Out|p1a: Son Goku\n|-damage|p1a: Son Goku|85\/100\n|move|p2a: Ogerpon|Ivy Cudgel|p1a: Son Goku\n|-supereffective|p1a: Son Goku\n|-damage|p1a: Son Goku|0 fnt\n|faint|p1a: Son Goku\n|move|p1b: Farfetch\u2019d|Aerial Ace|p2a: Ogerpon\n|-crit|p2a: Ogerpon\n|-damage|p2a: Ogerpon|60\/100\n|\n|-heal|p2a: Ogerpon|66\/100|[from] Grassy Terrain\n|upkeep\n|\n|t:|1697740386\n|switch|p1a: 007|Empoleon, M|100\/100\n|turn|2\n|c|\u2606Blue Kaiser dragon|Well my monkey \ud83d\ude4a is broly\n|c|\u2606Blue Kaiser dragon|Kakarot\n|\n|t:|1697740450\n|move|p2a: Ogerpon|Spiky Shield|p2a: Ogerpon\n|-singleturn|p2a: Ogerpon|move: Protect\n|move|p2b: Rillaboom|Drain Punch|p1a: 007\n|-supereffective|p1a: 007\n|-damage|p1a: 007|40\/100\n|move|p1a: 007|Ice Beam|p2b: Rillaboom\n|-supereffective|p2b: Rillaboom\n|-damage|p2b: Rillaboom|35\/100\n|-status|p2b: Rillaboom|frz\n|-enditem|p2b: Rillaboom|Sitrus Berry|[eat]\n|-heal|p2b: Rillaboom|60\/100 frz|[from] item: Sitrus Berry\n|move|p1b: Farfetch\u2019d|Leaf Blade|p2a: Ogerpon\n|-activate|p2a: Ogerpon|move: Protect\n|-damage|p1b: Farfetch\u2019d|88\/100|[from] Spiky Shield|[of] p2a: Ogerpon\n|\n|-heal|p2a: Ogerpon|72\/100|[from] Grassy Terrain\n|-heal|p2b: Rillaboom|66\/100 frz|[from] Grassy Terrain\n|-heal|p1a: 007|46\/100|[from] Grassy Terrain\n|upkeep\n|turn|3\n|\n|t:|1697740490\n|switch|p2b: Chi-Yu|Chi-Yu|100\/100\n|-ability|p2b: Chi-Yu|Beads of Ruin\n|-item|p2b: Chi-Yu|Air Balloon\n|move|p1a: 007|Protect|p1a: 007\n|-singleturn|p1a: 007|Protect\n|move|p2a: Ogerpon|Horn Leech|p1a: 007\n|-activate|p1a: 007|move: Protect\n|move|p1b: Farfetch\u2019d|Aerial Ace|p2a: Ogerpon\n|-damage|p2a: Ogerpon|43\/100\n|\n|-heal|p2a: Ogerpon|49\/100|[from] Grassy Terrain\n|-heal|p1a: 007|52\/100|[from] Grassy Terrain\n|upkeep\n|turn|4\n|\n|t:|1697740533\n|move|p1b: Farfetch\u2019d|Protect|p1b: Farfetch\u2019d\n|-singleturn|p1b: Farfetch\u2019d|Protect\n|move|p2a: Ogerpon|Ivy Cudgel|p1b: Farfetch\u2019d\n|-activate|p1b: Farfetch\u2019d|move: Protect\n|move|p2b: Chi-Yu|Substitute|p2b: Chi-Yu\n|-start|p2b: Chi-Yu|Substitute\n|-damage|p2b: Chi-Yu|76\/100\n|move|p1a: 007|Water Pledge|p2b: Chi-Yu\n|-supereffective|p2b: Chi-Yu\n|-end|p2b: Chi-Yu|Substitute\n|-enditem|p2b: Chi-Yu|Air Balloon\n|\n|-heal|p2a: Ogerpon|55\/100|[from] Grassy Terrain\n|-heal|p2b: Chi-Yu|82\/100|[from] Grassy Terrain\n|-heal|p1a: 007|58\/100|[from] Grassy Terrain\n|upkeep\n|turn|5\n|c|\u2606Blue Kaiser dragon|Nice moves\n|c|\u2606Blue Kaiser dragon|Youre good\n|c|\u2606Blue Kaiser dragon|This is my first dubbles battle\n|c|\u2606Blue Kaiser dragon|How many pokemon are in this one\n|\n|t:|1697740586\n|-terastallize|p1a: 007|Ground\n|move|p2a: Ogerpon|Spiky Shield|p2a: Ogerpon\n|-singleturn|p2a: Ogerpon|move: Protect\n|move|p2b: Chi-Yu|Fire Blast|p1b: Farfetch\u2019d\n|-damage|p1b: Farfetch\u2019d|0 fnt\n|faint|p1b: Farfetch\u2019d\n|move|p1a: 007|Water Pledge|p2b: Chi-Yu\n|-supereffective|p2b: Chi-Yu\n|-damage|p2b: Chi-Yu|2\/100\n|\n|-heal|p2a: Ogerpon|61\/100|[from] Grassy Terrain\n|-heal|p2b: Chi-Yu|8\/100|[from] Grassy Terrain\n|-heal|p1a: 007|64\/100|[from] Grassy Terrain\n|-fieldend|move: Grassy Terrain\n|upkeep\n|\n|t:|1697740612\n|switch|p1b: Vegita|Electrode-Hisui, shiny|100\/100\n|turn|6\n|\n|t:|1697740641\n|switch|p2a: Rillaboom|Rillaboom, F|66\/100 frz\n|-fieldstart|move: Grassy Terrain|[from] ability: Grassy Surge|[of] p2a: Rillaboom\n|move|p1b: Vegita|Thunderbolt|p2a: Rillaboom\n|-resisted|p2a: Rillaboom\n|-damage|p2a: Rillaboom|40\/100 frz\n|move|p2b: Chi-Yu|Fire Blast|p1b: Vegita\n|-supereffective|p1b: Vegita\n|-damage|p1b: Vegita|0 fnt\n|faint|p1b: Vegita\n|move|p1a: 007|Water Pledge|p2b: Chi-Yu\n|-supereffective|p2b: Chi-Yu\n|-damage|p2b: Chi-Yu|0 fnt\n|faint|p2b: Chi-Yu\n|\n|-heal|p2a: Rillaboom|46\/100 frz|[from] Grassy Terrain\n|-heal|p1a: 007|70\/100|[from] Grassy Terrain\n|upkeep\n|c|\u2606Blue Kaiser dragon|Phew i got vegeta\n|c|\u2606Blue Kaiser dragon|Hes dangerous\n|\n|t:|1697740703\n|switch|p1b: Chesnaught|Chesnaught, M, shiny|100\/100\n|switch|p2b: Ogerpon|Ogerpon-Wellspring-Tera, F, tera:Water|61\/100\n|-ability|p2b: Ogerpon|Embody Aspect (Wellspring)|boost\n|-boost|p2b: Ogerpon|spd|1\n|turn|7\n|c|\u2606Blue Kaiser dragon|Good think i took him out\n|\n|t:|1697740729\n|move|p2b: Ogerpon|Horn Leech|p1a: 007\n|-supereffective|p1a: 007\n|-damage|p1a: 007|0 fnt\n|-heal|p2b: Ogerpon|97\/100|[from] drain|[of] p1a: 007\n|faint|p1a: 007\n|cant|p2a: Rillaboom|frz\n|move|p1b: Chesnaught|Swords Dance|p1b: Chesnaught\n|-boost|p1b: Chesnaught|atk|2\n|\n|-heal|p2b: Ogerpon|100\/100|[from] Grassy Terrain\n|-heal|p2a: Rillaboom|52\/100 frz|[from] Grassy Terrain\n|upkeep\n|\n|t:|1697740744\n|switch|p1a: Slept boi|Slowbro, M, shiny|100\/100\n|turn|8\n|\n|t:|1697740771\n|move|p1b: Chesnaught|Grassy Glide|p2b: Ogerpon\n|-supereffective|p2b: Ogerpon\n|-damage|p2b: Ogerpon|0 fnt\n|faint|p2b: Ogerpon\n|cant|p2a: Rillaboom|frz\n|move|p1a: Slept boi|Psyshock|p2a: Rillaboom\n|-damage|p2a: Rillaboom|17\/100 frz\n|\n|-heal|p2a: Rillaboom|23\/100 frz|[from] Grassy Terrain\n|upkeep\n|\n|t:|1697740784\n|switch|p2b: Flutter Mane|Flutter Mane|100\/100\n|turn|9\n|\n|t:|1697740806\n|-curestatus|p2a: Rillaboom|frz|[msg]\n|move|p2a: Rillaboom|Grassy Glide|p1a: Slept boi\n|-supereffective|p1a: Slept boi\n|-damage|p1a: Slept boi|35\/100\n|move|p1b: Chesnaught|Grassy Glide|p2b: Flutter Mane\n|-damage|p2b: Flutter Mane|0 fnt\n|faint|p2b: Flutter Mane\n|-end|p2b: Flutter Mane|Protosynthesis|[silent]\n|move|p1a: Slept boi|Scald|p2a: Rillaboom\n|-resisted|p2a: Rillaboom\n|-damage|p2a: Rillaboom|0 fnt\n|faint|p2a: Rillaboom\n|\n|-heal|p1a: Slept boi|41\/100|[from] Grassy Terrain\n|upkeep\n|\n|t:|1697740828\n|switch|p2b: Kingambit|Kingambit, F|100\/100\n|switch|p2a: Gholdengo|Gholdengo|100\/100\n|-activate|p2b: Kingambit|ability: Supreme Overlord\n|-start|p2b: Kingambit|fallen4|[silent]\n|turn|10\n|\n|t:|1697740848\n|move|p2a: Gholdengo|Make It Rain|p1b: Chesnaught|[spread] p1a,p1b\n|-resisted|p1a: Slept boi\n|-damage|p1a: Slept boi|17\/100\n|-damage|p1b: Chesnaught|36\/100\n|-unboost|p2a: Gholdengo|spa|1\n|move|p1b: Chesnaught|Earthquake|p2a: Gholdengo|[spread] p1a,p2a,p2b\n|-supereffective|p2a: Gholdengo\n|-supereffective|p2b: Kingambit\n|-damage|p1a: Slept boi|0 fnt\n|-damage|p2a: Gholdengo|53\/100\n|-damage|p2b: Kingambit|68\/100\n|faint|p1a: Slept boi\n|move|p2b: Kingambit|Swords Dance|p2b: Kingambit\n|-boost|p2b: Kingambit|atk|2\n|\n|-heal|p2a: Gholdengo|59\/100|[from] Grassy Terrain\n|-heal|p2a: Gholdengo|65\/100|[from] item: Leftovers\n|-heal|p1b: Chesnaught|42\/100|[from] Grassy Terrain\n|-heal|p2b: Kingambit|74\/100|[from] Grassy Terrain\n|-fieldend|move: Grassy Terrain\n|upkeep\n|turn|11\n|\n|t:|1697740877\n|move|p2b: Kingambit|Sucker Punch||[still]\n|-fail|p2b: Kingambit\n|move|p2a: Gholdengo|Make It Rain|p1b: Chesnaught\n|-damage|p1b: Chesnaught|0 fnt\n|-unboost|p2a: Gholdengo|spa|1\n|faint|p1b: Chesnaught\n|\n|win|Blue Kaiser dragon\n|raw|MatCat19's rating: 1000 &rarr; <strong>1000<\/strong><br \/>(+0 for losing)\n|raw|Blue Kaiser dragon's rating: 1000 &rarr; <strong>1040<\/strong><br \/>(+40 for winning)\n|c|\u2606MatCat19|Gg\n|c|\u2606Blue Kaiser dragon|Gg\n|l|\u2606MatCat19\n|l|\u2606Blue Kaiser dragon\n|j|\u2606Blue Kaiser dragon\n|player|p2|Blue Kaiser dragon|volkner\n","uploadtime":1697741194,"views":6,"p1id":"matcat19","p2id":"bluekaiserdragon","formatid":"gen9nationaldexdoubles","rating":1000,"private":0,"password":""}