{"id":"gen9nationaldexdoubles-1993882668","p1":"Ryan1Baek","p2":"Weatherfan","format":"[Gen 9] National Dex Doubles","log":"|j|\u2606Ryan1Baek\n|j|\u2606Weatherfan\n|t:|1700369627\n|gametype|doubles\n|player|p1|Ryan1Baek|carmine|\n|player|p2|Weatherfan|argenta|\n|teamsize|p1|6\n|teamsize|p2|6\n|gen|9\n|tier|[Gen 9] National Dex Doubles\n|rule|HP Percentage Mod: HP is shown in percentages\n|rule|Endless Battle Clause: Forcing endless battles is banned\n|rule|OHKO Clause: OHKO moves are banned\n|rule|Evasion Moves Clause: Evasion moves are banned\n|rule|Evasion Abilities Clause: Evasion abilities are banned\n|rule|Species Clause: Limit one of each Pok\u00e9mon\n|rule|Gravity Sleep Clause: The combination of sleep-inducing moves with imperfect accuracy and Gravity or Gigantamax Orbeetle are banned\n|clearpoke\n|poke|p1|Blastoise, F|\n|poke|p1|Indeedee-F, F|\n|poke|p1|Sneasler, F|\n|poke|p1|Landorus-Therian, M|\n|poke|p1|Heatran, M|\n|poke|p1|Sinistcha-Masterpiece|\n|poke|p2|Landorus-Therian, M|\n|poke|p2|Kingambit, M|\n|poke|p2|Iron Hands|\n|poke|p2|Cresselia, F|\n|poke|p2|Kommo-o, F|\n|poke|p2|Amoonguss, F|\n|teampreview\n|\n|t:|1700369653\n|start\n|switch|p1a: Indeedee|Indeedee-F, F, shiny|100\/100\n|switch|p1b: Landorus|Landorus-Therian, M, shiny|100\/100\n|switch|p2a: Kingambit|Kingambit, M|100\/100\n|switch|p2b: Amoonguss|Amoonguss, F|100\/100\n|-ability|p1b: Landorus|Intimidate|boost\n|-unboost|p2a: Kingambit|atk|1\n|-ability|p2a: Kingambit|Defiant|boost\n|-boost|p2a: Kingambit|atk|2\n|-unboost|p2b: Amoonguss|atk|1\n|-fieldstart|move: Psychic Terrain|[from] ability: Psychic Surge|[of] p1a: Indeedee\n|turn|1\n|inactive|Battle timer is ON: inactive players will automatically lose when time's up. (requested by Weatherfan)\n|\n|t:|1700369681\n|switch|p1a: Sinistcha|Sinistcha-Masterpiece, shiny|100\/100\n|switch|p2b: Cresselia|Cresselia, F|100\/100\n|move|p1b: Landorus|Stomping Tantrum|p2a: Kingambit\n|-supereffective|p2a: Kingambit\n|-damage|p2a: Kingambit|38\/100\n|move|p2a: Kingambit|Kowtow Cleave|p1a: Sinistcha\n|-supereffective|p1a: Sinistcha\n|-damage|p1a: Sinistcha|0 fnt\n|-damage|p2a: Kingambit|22\/100|[from] item: Rocky Helmet|[of] p1a: Sinistcha\n|faint|p1a: Sinistcha\n|\n|upkeep\n|c|\u2606Ryan1Baek|oh my\n|\n|t:|1700369698\n|switch|p1a: Indeedee|Indeedee-F, F, shiny|100\/100\n|turn|2\n|\n|t:|1700369715\n|move|p2b: Cresselia|Ally Switch|p2b: Cresselia\n|swap|p2b: Cresselia|0|[from] move: Ally Switch\n|move|p1b: Landorus|Stomping Tantrum|p2a: Cresselia\n|-immune|p2a: Cresselia|[from] ability: Levitate\n|move|p1a: Indeedee|Imprison|p1a: Indeedee\n|-start|p1a: Indeedee|move: Imprison\n|move|p2b: Kingambit|Kowtow Cleave|p1a: Indeedee\n|-supereffective|p1a: Indeedee\n|-damage|p1a: Indeedee|0 fnt\n|faint|p1a: Indeedee\n|\n|upkeep\n|c|\u2606Ryan1Baek|that sucks so much\n|\n|t:|1700369730\n|switch|p1a: Heatran|Heatran, M|100\/100\n|turn|3\n|\n|t:|1700369749\n|switch|p1b: Blastoise|Blastoise, F|100\/100\n|switch|p2b: Landorus|Landorus-Therian, M|100\/100\n|-ability|p2b: Landorus|Intimidate|boost\n|-unboost|p1a: Heatran|atk|1\n|-unboost|p1b: Blastoise|atk|1\n|move|p1a: Heatran|Eruption|p2a: Cresselia|[spread] p2a,p2b\n|-damage|p2a: Cresselia|67\/100\n|-damage|p2b: Landorus|40\/100\n|move|p2a: Cresselia|Lunar Blessing|p2a: Cresselia|[spread] p2a,p2b\n|-heal|p2a: Cresselia|92\/100\n|-heal|p2b: Landorus|65\/100\n|\n|-heal|p2a: Cresselia|98\/100|[from] item: Leftovers\n|upkeep\n|turn|4\n|\n|t:|1700369775\n|detailschange|p1b: Blastoise|Blastoise-Mega, F\n|-mega|p1b: Blastoise|Blastoise|Blastoisinite\n|-terastallize|p1a: Heatran|Grass\n|move|p2a: Cresselia|Ally Switch|p2a: Cresselia\n|swap|p2a: Cresselia|1|[from] move: Ally Switch\n|move|p1a: Heatran|Eruption|p2b: Cresselia|[spread] p2a,p2b\n|-damage|p2a: Landorus|13\/100\n|-damage|p2b: Cresselia|68\/100\n|move|p1b: Blastoise|Water Spout|p2b: Cresselia|[spread] p2a,p2b\n|-supereffective|p2a: Landorus\n|-damage|p2a: Landorus|0 fnt\n|-damage|p2b: Cresselia|33\/100\n|faint|p2a: Landorus\n|\n|-heal|p2b: Cresselia|39\/100|[from] item: Leftovers\n|upkeep\n|j| 0spr3y\n|\n|t:|1700369785\n|switch|p2a: Amoonguss|Amoonguss, F|100\/100\n|turn|5\n|\n|t:|1700369799\n|switch|p2b: Iron Hands|Iron Hands|100\/100\n|move|p1a: Heatran|Eruption|p2b: Iron Hands|[spread] p2a,p2b\n|-supereffective|p2a: Amoonguss\n|-damage|p2a: Amoonguss|16\/100\n|-damage|p2b: Iron Hands|70\/100\n|-enditem|p2a: Amoonguss|Sitrus Berry|[eat]\n|-heal|p2a: Amoonguss|41\/100|[from] item: Sitrus Berry\n|move|p1b: Blastoise|Water Spout|p2b: Iron Hands|[spread] p2a,p2b\n|-resisted|p2a: Amoonguss\n|-crit|p2a: Amoonguss\n|-damage|p2a: Amoonguss|4\/100\n|-damage|p2b: Iron Hands|39\/100\n|move|p2a: Amoonguss|Spore|p1a: Heatran\n|-immune|p1a: Heatran\n|\n|-fieldend|move: Psychic Terrain\n|upkeep\n|turn|6\n|c| 0spr3y|Gotta love the Kommo-o strats.\n|c|\u2606Weatherfan|oops\n|\n|t:|1700369819\n|move|p2b: Iron Hands|Fake Out|p1b: Blastoise\n|-damage|p1b: Blastoise|85\/100\n|move|p1a: Heatran|Eruption|p2a: Amoonguss|[spread] p2a,p2b\n|-supereffective|p2a: Amoonguss\n|-crit|p2a: Amoonguss\n|-damage|p2a: Amoonguss|0 fnt\n|-damage|p2b: Iron Hands|8\/100\n|faint|p2a: Amoonguss\n|cant|p1b: Blastoise|flinch\n|\n|upkeep\n|c|\u2606Ryan1Baek|oof\n|\n|t:|1700369826\n|switch|p2a: Kingambit|Kingambit, M|22\/100\n|turn|7\n|c| 0spr3y|Ryan what is this team?\n|j| Eliminathan\n|\n|t:|1700369837\n|move|p2a: Kingambit|Sucker Punch|p1a: Heatran\n|-damage|p1a: Heatran|50\/100\n|move|p1a: Heatran|Eruption|p2b: Iron Hands|[spread] p2a,p2b\n|-supereffective|p2a: Kingambit\n|-damage|p2a: Kingambit|0 fnt\n|-damage|p2b: Iron Hands|0 fnt\n|faint|p2a: Kingambit\n|faint|p2b: Iron Hands\n|-end|p2b: Iron Hands|Quark Drive|[silent]\n|move|p1b: Blastoise|Shell Smash|p1b: Blastoise\n|-unboost|p1b: Blastoise|def|1\n|-unboost|p1b: Blastoise|spd|1\n|-boost|p1b: Blastoise|atk|2\n|-boost|p1b: Blastoise|spa|2\n|-boost|p1b: Blastoise|spe|2\n|\n|upkeep\n|\n|t:|1700369841\n|switch|p2a: Cresselia|Cresselia, F|39\/100\n|switch|p2b: Kommo-o|Kommo-o, F|100\/100\n|turn|8\n|c| 0spr3y|I love it.\n|c| 0spr3y|I also hate it.\n|\n|t:|1700369852\n|move|p1b: Blastoise|Water Spout|p2a: Cresselia|[spread] p2a,p2b\n|-resisted|p2b: Kommo-o\n|-damage|p2a: Cresselia|0 fnt\n|-damage|p2b: Kommo-o|37\/100\n|faint|p2a: Cresselia\n|-zpower|p2b: Kommo-o\n|move|p2b: Kommo-o|Clangorous Soulblaze|p1b: Blastoise|[zeffect]|[spread] p1a,p1b\n|-damage|p1a: Heatran|9\/100\n|-damage|p1b: Blastoise|0 fnt\n|faint|p1b: Blastoise\n|-boost|p2b: Kommo-o|atk|1\n|-boost|p2b: Kommo-o|def|1\n|-boost|p2b: Kommo-o|spa|1\n|-boost|p2b: Kommo-o|spd|1\n|-boost|p2b: Kommo-o|spe|1\n|move|p1a: Heatran|Eruption|p2b: Kommo-o\n|-resisted|p2b: Kommo-o\n|-damage|p2b: Kommo-o|35\/100\n|\n|upkeep\n|\n|t:|1700369866\n|switch|p1b: Landorus|Landorus-Therian, M, shiny|100\/100\n|-ability|p1b: Landorus|Intimidate|boost\n|-unboost|p2b: Kommo-o|atk|1\n|turn|9\n|\n|t:|1700369882\n|move|p2b: Kommo-o|Protect|p2b: Kommo-o\n|-singleturn|p2b: Kommo-o|Protect\n|move|p1b: Landorus|U-turn|p2b: Kommo-o\n|-activate|p2b: Kommo-o|move: Protect\n|move|p1a: Heatran|Earth Power|p2b: Kommo-o\n|-activate|p2b: Kommo-o|move: Protect\n|\n|upkeep\n|turn|10\n|\n|t:|1700369887\n|move|p2b: Kommo-o|Clanging Scales|p1b: Landorus|[spread] p1a,p1b\n|-damage|p1a: Heatran|0 fnt\n|-damage|p1b: Landorus|40\/100\n|faint|p1a: Heatran\n|-unboost|p2b: Kommo-o|def|1\n|move|p1b: Landorus|U-turn|p2b: Kommo-o\n|-resisted|p2b: Kommo-o\n|-damage|p2b: Kommo-o|21\/100\n|\n|t:|1700369890\n|switch|p1b: Sneasler|Sneasler, F|100\/100|[from] U-turn\n|\n|upkeep\n|\n|t:|1700369891\n|switch|p1a: Landorus|Landorus-Therian, M, shiny|40\/100\n|-ability|p1a: Landorus|Intimidate|boost\n|-unboost|p2b: Kommo-o|atk|1\n|turn|11\n|\n|t:|1700369900\n|move|p2b: Kommo-o|Protect|p2b: Kommo-o\n|-singleturn|p2b: Kommo-o|Protect\n|move|p1a: Landorus|Stomping Tantrum|p2b: Kommo-o\n|-activate|p2b: Kommo-o|move: Protect\n|move|p1b: Sneasler|Acrobatics|p2b: Kommo-o\n|-activate|p2b: Kommo-o|move: Protect\n|\n|upkeep\n|turn|12\n|c|\u2606Weatherfan|my shitpost team will go crazy\n|\n|t:|1700369913\n|move|p2b: Kommo-o|Clanging Scales|p1b: Sneasler|[spread] p1a,p1b\n|-damage|p1a: Landorus|0 fnt\n|-damage|p1b: Sneasler|29\/100\n|faint|p1a: Landorus\n|-unboost|p2b: Kommo-o|def|1\n|move|p1b: Sneasler|Acrobatics|p2b: Kommo-o\n|-supereffective|p2b: Kommo-o\n|-damage|p2b: Kommo-o|0 fnt\n|faint|p2b: Kommo-o\n|\n|win|Ryan1Baek\n","uploadtime":1700369922,"views":12,"p1id":"ryan1baek","p2id":"weatherfan","formatid":"gen9nationaldexdoubles","rating":0,"private":0,"password":""}