{"id":"gen9nationaldexdoubles-1988562160","p1":"NotTheSpy5","p2":"KingMike273","format":"[Gen 9] National Dex Doubles","log":"|j|\u2606NotTheSpy5\n|j|\u2606KingMike273\n|t:|1699736381\n|gametype|doubles\n|player|p1|NotTheSpy5|sabrina|\n|player|p2|KingMike273|swimmer-gen4dp|\n|teamsize|p1|6\n|teamsize|p2|6\n|gen|9\n|tier|[Gen 9] National Dex Doubles\n|rule|HP Percentage Mod: HP is shown in percentages\n|rule|Endless Battle Clause: Forcing endless battles is banned\n|rule|OHKO Clause: OHKO moves are banned\n|rule|Evasion Moves Clause: Evasion moves are banned\n|rule|Evasion Abilities Clause: Evasion abilities are banned\n|rule|Species Clause: Limit one of each Pok\u00e9mon\n|rule|Gravity Sleep Clause: The combination of sleep-inducing moves with imperfect accuracy and Gravity or Gigantamax Orbeetle are banned\n|clearpoke\n|poke|p1|Golurk|\n|poke|p1|Cresselia, F|\n|poke|p1|Hariyama, M|\n|poke|p1|Indeedee-F, F|\n|poke|p1|Sinistcha|\n|poke|p1|Aggron, M|\n|poke|p2|Yanmega, M|\n|poke|p2|Skeledirge, M|\n|poke|p2|Igglybuff, F|\n|poke|p2|Comfey, F|\n|poke|p2|Sylveon, F|\n|poke|p2|Gothitelle, F|\n|teampreview\n|c|\u2606NotTheSpy5|gliggles\n|\n|t:|1699736404\n|start\n|switch|p1a: Ranni|Cresselia, F, shiny|100\/100\n|switch|p1b: Hanayama|Hariyama, M, shiny|100\/100\n|switch|p2a: HARMLESS FLY|Yanmega, M|100\/100\n|switch|p2b: COUGHING BABY|Igglybuff, F, shiny|100\/100\n|turn|1\n|\n|t:|1699736429\n|move|p2a: HARMLESS FLY|Protect|p2a: HARMLESS FLY\n|-singleturn|p2a: HARMLESS FLY|Protect\n|move|p1b: Hanayama|Fake Out|p2a: HARMLESS FLY\n|-activate|p2a: HARMLESS FLY|move: Protect\n|move|p2b: COUGHING BABY|Reflect|p2b: COUGHING BABY\n|-sidestart|p2: KingMike273|Reflect\n|move|p1a: Ranni|Trick Room|p1a: Ranni\n|-fieldstart|move: Trick Room|[of] p1a: Ranni\n|\n|-status|p1b: Hanayama|brn|[from] item: Flame Orb\n|-ability|p2a: HARMLESS FLY|Speed Boost|boost\n|-boost|p2a: HARMLESS FLY|spe|1\n|upkeep\n|turn|2\n|\n|t:|1699736461\n|move|p2b: COUGHING BABY|Helping Hand|p2a: HARMLESS FLY\n|-singleturn|p2a: HARMLESS FLY|Helping Hand|[of] p2b: COUGHING BABY\n|move|p1a: Ranni|Ally Switch|p1a: Ranni\n|swap|p1a: Ranni|1|[from] move: Ally Switch\n|move|p1a: Hanayama|Facade|p2a: HARMLESS FLY\n|-damage|p2a: HARMLESS FLY|54\/100\n|move|p2a: HARMLESS FLY|Air Slash|p1a: Hanayama\n|-supereffective|p1a: Hanayama\n|-damage|p1a: Hanayama|0 fnt\n|faint|p1a: Hanayama\n|\n|-ability|p2a: HARMLESS FLY|Speed Boost|boost\n|-boost|p2a: HARMLESS FLY|spe|1\n|upkeep\n|c|\u2606KingMike273|:0\n|c|\u2606NotTheSpy5|damn\n|c|\u2606NotTheSpy5|nice\n|\n|t:|1699736490\n|switch|p1a: Saitama|Golurk, shiny|100\/100\n|turn|3\n|\n|t:|1699736501\n|-terastallize|p1a: Saitama|Fire\n|move|p2a: HARMLESS FLY|Protect|p2a: HARMLESS FLY\n|-singleturn|p2a: HARMLESS FLY|Protect\n|move|p1a: Saitama|Curse|p1a: Saitama\n|-unboost|p1a: Saitama|spe|1\n|-boost|p1a: Saitama|atk|1\n|-boost|p1a: Saitama|def|1\n|move|p2b: COUGHING BABY|Light Screen|p2b: COUGHING BABY\n|-sidestart|p2: KingMike273|move: Light Screen\n|move|p1b: Ranni|Lunar Blessing||[still]|[spread] \n|-fail|p1b: Ranni\n|\n|-ability|p2a: HARMLESS FLY|Speed Boost|boost\n|-boost|p2a: HARMLESS FLY|spe|1\n|upkeep\n|turn|4\n|c|\u2606KingMike273|Im gonna one shot that RANNI WITCH!\n|\n|t:|1699736537\n|move|p2b: COUGHING BABY|Helping Hand|p2a: HARMLESS FLY\n|-singleturn|p2a: HARMLESS FLY|Helping Hand|[of] p2b: COUGHING BABY\n|move|p1b: Ranni|Ally Switch|p1b: Ranni\n|swap|p1b: Ranni|0|[from] move: Ally Switch\n|move|p1b: Saitama|Fire Punch|p2a: HARMLESS FLY\n|-supereffective|p2a: HARMLESS FLY\n|-crit|p2a: HARMLESS FLY\n|-damage|p2a: HARMLESS FLY|0 fnt\n|faint|p2a: HARMLESS FLY\n|\n|upkeep\n|c|\u2606KingMike273|NOOOOOOOOOOO\n|c|\u2606NotTheSpy5|Nah lmao\n|c|\u2606KingMike273|truth be told, I almost predicted the ally switch\n|c|\u2606NotTheSpy5|They call him One Punch Man for a reason\n|c|\u2606KingMike273|targeted saitama\n|c|\u2606NotTheSpy5|you did the first time tho\n|\n|t:|1699736572\n|switch|p2a: PRINCESS|Skeledirge, M|100\/100\n|turn|5\n|c|\u2606NotTheSpy5|still impressed by that\n|\n|t:|1699736614\n|move|p2b: COUGHING BABY|Helping Hand|p2a: PRINCESS\n|-singleturn|p2a: PRINCESS|Helping Hand|[of] p2b: COUGHING BABY\n|move|p1b: Saitama|Fire Punch|p2a: PRINCESS\n|-resisted|p2a: PRINCESS\n|-damage|p2a: PRINCESS|81\/100\n|move|p1a: Ranni|Psychic|p2a: PRINCESS\n|-damage|p2a: PRINCESS|70\/100\n|move|p2a: PRINCESS|Torch Song|p1a: Ranni\n|-damage|p1a: Ranni|75\/100\n|-boost|p2a: PRINCESS|spa|1\n|\n|-heal|p1a: Ranni|81\/100|[from] item: Leftovers\n|-sideend|p2: KingMike273|Reflect\n|-fieldend|move: Trick Room\n|upkeep\n|turn|6\n|\n|t:|1699736641\n|-terastallize|p2a: PRINCESS|Fire\n|move|p2a: PRINCESS|Torch Song|p1a: Ranni\n|-damage|p1a: Ranni|49\/100\n|-boost|p2a: PRINCESS|spa|1\n|move|p2b: COUGHING BABY|Reflect|p2b: COUGHING BABY\n|-sidestart|p2: KingMike273|Reflect\n|move|p1b: Saitama|Curse|p1b: Saitama\n|-unboost|p1b: Saitama|spe|1\n|-boost|p1b: Saitama|atk|1\n|-boost|p1b: Saitama|def|1\n|move|p1a: Ranni|Trick Room|p1a: Ranni\n|-fieldstart|move: Trick Room|[of] p1a: Ranni\n|\n|-heal|p1a: Ranni|55\/100|[from] item: Leftovers\n|upkeep\n|turn|7\n|\n|t:|1699736677\n|move|p2b: COUGHING BABY|Helping Hand|p2a: PRINCESS\n|-singleturn|p2a: PRINCESS|Helping Hand|[of] p2b: COUGHING BABY\n|move|p1b: Saitama|Drain Punch|p2a: PRINCESS\n|-damage|p2a: PRINCESS|38\/100\n|move|p1a: Ranni|Lunar Blessing|p1a: Ranni|[spread] p1a,p1b\n|-heal|p1a: Ranni|80\/100\n|move|p2a: PRINCESS|Torch Song|p1a: Ranni\n|-damage|p1a: Ranni|14\/100\n|-boost|p2a: PRINCESS|spa|1\n|\n|-heal|p1a: Ranni|20\/100|[from] item: Leftovers\n|-sideend|p2: KingMike273|move: Light Screen\n|upkeep\n|turn|8\n|\n|t:|1699736715\n|move|p1a: Ranni|Ally Switch|p1a: Ranni\n|swap|p1a: Ranni|1|[from] move: Ally Switch\n|move|p1a: Saitama|Drain Punch|p2a: PRINCESS\n|-damage|p2a: PRINCESS|6\/100\n|move|p2b: COUGHING BABY|Light Screen|p2b: COUGHING BABY\n|-sidestart|p2: KingMike273|move: Light Screen\n|move|p2a: PRINCESS|Torch Song|p1b: Ranni\n|-damage|p1b: Ranni|0 fnt\n|-boost|p2a: PRINCESS|spa|1\n|faint|p1b: Ranni\n|\n|upkeep\n|c|\u2606KingMike273|YESSSSSSSS\n|c|\u2606NotTheSpy5|BRO LEAVE ME ALONE IM NOT A BOOK\n|c|\u2606NotTheSpy5|HOW ARE YOU SO GOOD LIKE ACTUALLY\n|\n|t:|1699736763\n|switch|p1b: Indeedee|Indeedee-F, F|100\/100\n|turn|9\n|c|\u2606KingMike273|:3\n|c|\u2606KingMike273|Ive only ever played showdown in like 2020 I think\n|c|\u2606KingMike273|a few matches\n|\n|t:|1699736812\n|switch|p2b: GOTH GF|Gothitelle, F|100\/100\n|switch|p2a: Greg|Sylveon, F|100\/100\n|move|p1a: Saitama|Fire Punch|p2a: Greg\n|-damage|p2a: Greg|11\/100\n|move|p1b: Indeedee|Hyper Voice|p2b: GOTH GF|[spread] p2a,p2b\n|-damage|p2a: Greg|0 fnt\n|-damage|p2b: GOTH GF|83\/100\n|faint|p2a: Greg\n|\n|upkeep\n|c|\u2606NotTheSpy5|Well damn at least it was fun right?\n|\n|t:|1699736826\n|switch|p2a: COUGHING BABY|Igglybuff, F, shiny|100\/100\n|turn|10\n|\n|t:|1699736848\n|move|p2a: COUGHING BABY|Helping Hand|p2b: GOTH GF\n|-singleturn|p2b: GOTH GF|Helping Hand|[of] p2a: COUGHING BABY\n|move|p1a: Saitama|Fire Punch|p2a: COUGHING BABY\n|-enditem|p2a: COUGHING BABY|Focus Sash\n|-damage|p2a: COUGHING BABY|1\/100\n|move|p1b: Indeedee|Heal Pulse|p1a: Saitama\n|-fail|p1a: Saitama|heal\n|move|p2b: GOTH GF|Psych Up|p1a: Saitama\n|-copyboost|p2b: GOTH GF|p1a: Saitama|[from] move: Psych Up\n|\n|-sideend|p2: KingMike273|Reflect\n|-fieldend|move: Trick Room\n|upkeep\n|turn|11\n|c|\u2606NotTheSpy5|Haha curse you\n|\n|t:|1699736899\n|move|p2a: COUGHING BABY|Helping Hand|p2b: GOTH GF\n|-singleturn|p2b: GOTH GF|Helping Hand|[of] p2a: COUGHING BABY\n|move|p2b: GOTH GF|Psyshock|p1b: Indeedee\n|-resisted|p1b: Indeedee\n|-damage|p1b: Indeedee|78\/100\n|move|p1a: Saitama|Ice Punch|p2a: COUGHING BABY\n|-damage|p2a: COUGHING BABY|0 fnt\n|faint|p2a: COUGHING BABY\n|move|p1b: Indeedee|Trick Room|p1b: Indeedee\n|-fieldstart|move: Trick Room|[of] p1b: Indeedee\n|\n|upkeep\n|c|\u2606KingMike273|oops\n|\n|t:|1699736911\n|switch|p2a: HERE TO HEAL|Comfey, F|100\/100\n|turn|12\n|c|\u2606NotTheSpy5|smiles\n|\n|t:|1699736964\n|move|p2a: HERE TO HEAL|Giga Drain|p1a: Saitama\n|-resisted|p1a: Saitama\n|-damage|p1a: Saitama|90\/100\n|move|p1b: Indeedee|Follow Me|p1b: Indeedee\n|-singleturn|p1b: Indeedee|move: Follow Me\n|move|p1a: Saitama|Fire Punch|p2b: GOTH GF\n|-damage|p2b: GOTH GF|25\/100\n|move|p2b: GOTH GF|Psychic|p1b: Indeedee\n|-resisted|p1b: Indeedee\n|-damage|p1b: Indeedee|59\/100\n|\n|-sideend|p2: KingMike273|move: Light Screen\n|upkeep\n|turn|13\n|\n|t:|1699737011\n|move|p2a: HERE TO HEAL|Floral Healing|p2b: GOTH GF\n|-heal|p2b: GOTH GF|75\/100\n|move|p1b: Indeedee|Follow Me|p1b: Indeedee\n|-singleturn|p1b: Indeedee|move: Follow Me\n|move|p1a: Saitama|Fire Punch|p2a: HERE TO HEAL\n|-damage|p2a: HERE TO HEAL|0 fnt\n|faint|p2a: HERE TO HEAL\n|move|p2b: GOTH GF|Psychic|p1b: Indeedee\n|-resisted|p1b: Indeedee\n|-damage|p1b: Indeedee|42\/100\n|-enditem|p1b: Indeedee|Sitrus Berry|[eat]\n|-heal|p1b: Indeedee|67\/100|[from] item: Sitrus Berry\n|\n|upkeep\n|c|\u2606KingMike273|boowomp\n|\n|t:|1699737024\n|switch|p2a: PRINCESS|Skeledirge, M, tera:Fire|6\/100\n|turn|14\n|c|\u2606NotTheSpy5|how are you moving first Follow ME has priority???\n|\n|t:|1699737044\n|move|p2b: GOTH GF|Protect|p2b: GOTH GF\n|-singleturn|p2b: GOTH GF|Protect\n|move|p1a: Saitama|Fire Punch|p2b: GOTH GF\n|-activate|p2b: GOTH GF|move: Protect\n|move|p1b: Indeedee|Hyper Voice|p2b: GOTH GF|[spread] p2a\n|-activate|p2b: GOTH GF|move: Protect\n|-damage|p2a: PRINCESS|0 fnt\n|faint|p2a: PRINCESS\n|\n|upkeep\n|turn|15\n|c|\u2606KingMike273|comfeys ability makes healing moves proc first\n|c|\u2606NotTheSpy5|Also ggs man you did great\n|c|\u2606NotTheSpy5|Boowomp\n|c|\u2606KingMike273|I have one more final trick up my sleeve...\n|c|\u2606KingMike273|you've only seen 3 OF GOTH GF'S MOVES\n|c|\u2606KingMike273|and the final move is..........\n|-message|KingMike273 forfeited.\n|\n|win|NotTheSpy5\n|c|\u2606KingMike273|Forfeit.\n|c|\u2606NotTheSpy5|Public shameing be apon yee...\n|c|\u2606KingMike273|LMAO\n|c|\u2606KingMike273|gg's wp\n|c|\u2606NotTheSpy5|thx u 2\n","uploadtime":1699737143,"views":5,"p1id":"notthespy5","p2id":"kingmike273","formatid":"gen9nationaldexdoubles","rating":0,"private":0,"password":""}