{"id":"gen9nationaldexdoubles-2000456343","p1":"Le Vector","p2":"Androiddxx","format":"[Gen 9] National Dex Doubles","log":"|j|\u2606Le Vector\n|j|\u2606Androiddxx\n|t:|1701196351\n|gametype|doubles\n|player|p1|Le Vector|silver|1029\n|player|p2|Androiddxx|lucas|1085\n|teamsize|p1|6\n|teamsize|p2|6\n|gen|9\n|tier|[Gen 9] National Dex Doubles\n|rated|\n|rule|HP Percentage Mod: HP is shown in percentages\n|rule|Endless Battle Clause: Forcing endless battles is banned\n|rule|OHKO Clause: OHKO moves are banned\n|rule|Evasion Moves Clause: Evasion moves are banned\n|rule|Evasion Abilities Clause: Evasion abilities are banned\n|rule|Species Clause: Limit one of each Pok\u00e9mon\n|rule|Gravity Sleep Clause: The combination of sleep-inducing moves with imperfect accuracy and Gravity or Gigantamax Orbeetle are banned\n|clearpoke\n|poke|p1|Clodsire, M|\n|poke|p1|Gastrodon, M|\n|poke|p1|Pelipper, M|\n|poke|p1|Basculegion-F, F|\n|poke|p1|Barraskewda, M|\n|poke|p1|Empoleon, M|\n|poke|p2|Swampert, M|\n|poke|p2|Raichu, M|\n|poke|p2|Hitmontop, M|\n|poke|p2|Sceptile, M|\n|poke|p2|Incineroar, M|\n|poke|p2|Aggron, M|\n|teampreview\n|\n|t:|1701196360\n|start\n|switch|p1a: Gastrodon|Gastrodon, M|100\/100\n|switch|p1b: Pelipper|Pelipper, M|100\/100\n|switch|p2a: Triplex|Hitmontop, M|100\/100\n|switch|p2b: Metalisaur|Aggron, M|100\/100\n|-weather|RainDance|[from] ability: Drizzle|[of] p1b: Pelipper\n|turn|1\n|inactive|Battle timer is ON: inactive players will automatically lose when time's up. (requested by Androiddxx)\n|\n|t:|1701196383\n|move|p1b: Pelipper|Tailwind|p1b: Pelipper\n|-sidestart|p1: Le Vector|move: Tailwind\n|move|p2a: Triplex|Triple Axel|p1a: Gastrodon\n|-damage|p1a: Gastrodon|93\/100\n|-damage|p1a: Gastrodon|81\/100\n|-damage|p1a: Gastrodon|58\/100\n|-hitcount|p1a: Gastrodon|3\n|move|p1a: Gastrodon|Icy Wind|p2a: Triplex|[spread] p2a,p2b\n|-resisted|p2b: Metalisaur\n|-damage|p2a: Triplex|88\/100\n|-damage|p2b: Metalisaur|92\/100\n|-unboost|p2a: Triplex|spe|1\n|-unboost|p2b: Metalisaur|spe|1\n|move|p2b: Metalisaur|Rock Slide|p1b: Pelipper|[spread] p1a\n|-miss|p2b: Metalisaur|p1b: Pelipper\n|-resisted|p1a: Gastrodon\n|-damage|p1a: Gastrodon|49\/100\n|\n|-weather|RainDance|[upkeep]\n|upkeep\n|turn|2\n|inactive|Le Vector has 120 seconds left.\n|inactive|Androiddxx has 120 seconds left.\n|inactive|Le Vector has 90 seconds left.\n|\n|t:|1701196463\n|switch|p2a: Brownie|Sceptile, M|100\/100\n|move|p1b: Pelipper|U-turn|p2a: Brownie\n|-supereffective|p2a: Brownie\n|-damage|p2a: Brownie|68\/100\n|inactive|Le Vector has 90 seconds left.\n|\n|t:|1701196486\n|switch|p1b: Clodsire|Clodsire, M|100\/100|[from] U-turn\n|move|p1a: Gastrodon|Recover|p1a: Gastrodon\n|-heal|p1a: Gastrodon|99\/100\n|move|p2b: Metalisaur|Rock Slide|p1b: Clodsire|[spread] p1a,p1b\n|-resisted|p1a: Gastrodon\n|-resisted|p1b: Clodsire\n|-damage|p1a: Gastrodon|90\/100\n|-damage|p1b: Clodsire|86\/100\n|\n|-weather|RainDance|[upkeep]\n|-heal|p1b: Clodsire|92\/100|[from] item: Black Sludge\n|upkeep\n|turn|3\n|inactive|Le Vector has 90 seconds left.\n|inactive|Androiddxx has 120 seconds left.\n|\n|t:|1701196517\n|-terastallize|p1a: Gastrodon|Water\n|move|p2a: Brownie|Leaf Blade|p1a: Gastrodon\n|-supereffective|p1a: Gastrodon\n|-enditem|p1a: Gastrodon|Rindo Berry|[eat]\n|-enditem|p1a: Gastrodon|Rindo Berry|[weaken]\n|-damage|p1a: Gastrodon|62\/100\n|move|p1a: Gastrodon|Surf|p2a: Brownie|[spread] p2a,p2b\n|-heal|p1b: Clodsire|100\/100|[from] ability: Water Absorb|[of] p1a: Gastrodon\n|-resisted|p2a: Brownie\n|-supereffective|p2b: Metalisaur\n|-damage|p2a: Brownie|38\/100\n|-damage|p2b: Metalisaur|0 fnt\n|faint|p2b: Metalisaur\n|move|p1b: Clodsire|Surf|p2a: Brownie|[spread] p2a\n|-ability|p1a: Gastrodon|Storm Drain|boost\n|-boost|p1a: Gastrodon|spa|1\n|-resisted|p2a: Brownie\n|-damage|p2a: Brownie|29\/100\n|\n|-weather|RainDance|[upkeep]\n|upkeep\n|inactive|Androiddxx has 90 seconds left.\n|\n|t:|1701196538\n|switch|p2b: Raichub|Raichu, M|100\/100\n|turn|4\n|\n|t:|1701196549\n|switch|p2a: Triplex|Hitmontop, M|88\/100\n|move|p2b: Raichub|Thunderbolt|p1a: Gastrodon\n|-supereffective|p1a: Gastrodon\n|-damage|p1a: Gastrodon|0 fnt\n|faint|p1a: Gastrodon\n|move|p1b: Clodsire|Stealth Rock|p2b: Raichub\n|-sidestart|p2: Androiddxx|move: Stealth Rock\n|\n|-weather|RainDance|[upkeep]\n|-sideend|p1: Le Vector|move: Tailwind\n|upkeep\n|\n|t:|1701196560\n|switch|p1a: Pelipper|Pelipper, M|100\/100\n|turn|5\n|inactive|Le Vector has 120 seconds left.\n|\n|t:|1701196569\n|move|p2b: Raichub|Thunderbolt|p1a: Pelipper\n|-supereffective|p1a: Pelipper\n|-damage|p1a: Pelipper|0 fnt\n|faint|p1a: Pelipper\n|move|p2a: Triplex|Triple Axel|p1b: Clodsire\n|-supereffective|p1b: Clodsire\n|-damage|p1b: Clodsire|80\/100\n|-supereffective|p1b: Clodsire\n|-damage|p1b: Clodsire|37\/100\n|-supereffective|p1b: Clodsire\n|-damage|p1b: Clodsire|0 fnt\n|faint|p1b: Clodsire\n|-hitcount|p1: Clodsire|3\n|\n|-weather|RainDance|[upkeep]\n|upkeep\n|inactive|Le Vector has 120 seconds left.\n|\n|t:|1701196582\n|switch|p1a: Basculegion|Basculegion-F, F|100\/100\n|switch|p1b: Barraskewda|Barraskewda, M|100\/100\n|turn|6\n|\n|t:|1701196597\n|move|p1b: Barraskewda|Aqua Jet|p2a: Triplex\n|-damage|p2a: Triplex|18\/100\n|-damage|p1b: Barraskewda|91\/100|[from] item: Life Orb\n|move|p1a: Basculegion|Shadow Ball|p2b: Raichub\n|-damage|p2b: Raichub|43\/100\n|move|p2b: Raichub|Thunderbolt|p1b: Barraskewda\n|-supereffective|p1b: Barraskewda\n|-damage|p1b: Barraskewda|0 fnt\n|faint|p1b: Barraskewda\n|move|p2a: Triplex|Attract|p1a: Basculegion\n|-start|p1a: Basculegion|Attract\n|\n|-weather|RainDance|[upkeep]\n|upkeep\n|inactive|Le Vector has 120 seconds left.\n|\n|t:|1701196611\n|switch|p1b: Empoleon|Empoleon, M|100\/100\n|turn|7\n|\n|t:|1701196622\n|-activate|p1a: Basculegion|move: Attract|[of] p2a: Triplex\n|move|p1a: Basculegion|Shadow Ball|p2b: Raichub\n|-damage|p2b: Raichub|0 fnt\n|faint|p2b: Raichub\n|move|p2a: Triplex|Triple Kick|p1b: Empoleon\n|-supereffective|p1b: Empoleon\n|-damage|p1b: Empoleon|87\/100\n|-supereffective|p1b: Empoleon\n|-damage|p1b: Empoleon|56\/100\n|-supereffective|p1b: Empoleon\n|-damage|p1b: Empoleon|13\/100\n|-hitcount|p1b: Empoleon|3\n|move|p1b: Empoleon|Air Slash|p2a: Triplex\n|-supereffective|p2a: Triplex\n|-damage|p2a: Triplex|0 fnt\n|faint|p2a: Triplex\n|-end|p1a: Basculegion|Attract|[silent]\n|\n|-weather|RainDance|[upkeep]\n|upkeep\n|\n|t:|1701196640\n|switch|p2b: Brownie|Sceptile, M|29\/100\n|switch|p2a: Surfish|Swampert, M|100\/100\n|-damage|p2b: Brownie|17\/100|[from] Stealth Rock\n|-damage|p2a: Surfish|94\/100|[from] Stealth Rock\n|turn|8\n|inactive|Le Vector has 120 seconds left.\n|\n|t:|1701196677\n|move|p1a: Basculegion|Ice Beam|p2b: Brownie\n|-supereffective|p2b: Brownie\n|-damage|p2b: Brownie|0 fnt\n|faint|p2b: Brownie\n|move|p2a: Surfish|Earthquake|p1a: Basculegion|[spread] p1a,p1b\n|-supereffective|p1b: Empoleon\n|-crit|p1b: Empoleon\n|-damage|p1a: Basculegion|62\/100\n|-damage|p1b: Empoleon|0 fnt\n|faint|p1b: Empoleon\n|\n|-weather|none\n|upkeep\n|\n|t:|1701196687\n|switch|p2b: Chocolate|Incineroar, M|100\/100\n|-damage|p2b: Chocolate|76\/100|[from] Stealth Rock\n|-ability|p2b: Chocolate|Intimidate|boost\n|-unboost|p1a: Basculegion|atk|1\n|turn|9\n|\n|t:|1701196708\n|move|p2b: Chocolate|Attract|p1a: Basculegion\n|-start|p1a: Basculegion|Attract\n|move|p2a: Surfish|Waterfall|p1a: Basculegion\n|-resisted|p1a: Basculegion\n|-damage|p1a: Basculegion|42\/100\n|-activate|p1a: Basculegion|move: Attract|[of] p2b: Chocolate\n|move|p1a: Basculegion|Surf|p2a: Surfish|[spread] p2a,p2b\n|-supereffective|p2b: Chocolate\n|-damage|p2a: Surfish|64\/100\n|-damage|p2b: Chocolate|9\/100\n|\n|upkeep\n|turn|10\n|\n|t:|1701196723\n|move|p2b: Chocolate|Darkest Lariat|p1a: Basculegion\n|-supereffective|p1a: Basculegion\n|-damage|p1a: Basculegion|0 fnt\n|faint|p1a: Basculegion\n|\n|win|Androiddxx\n|raw|Le Vector's rating: 1029 &rarr; <strong>1017<\/strong><br \/>(-12 for losing)\n|raw|Androiddxx's rating: 1085 &rarr; <strong>1108<\/strong><br \/>(+23 for winning)\n|c|\u2606Le Vector|gg\n|l|\u2606Le Vector\n","uploadtime":1701196732,"views":1,"p1id":"levector","p2id":"androiddxx","formatid":"gen9nationaldexdoubles","rating":1017,"private":0,"password":""}