{"id":"gen9nationaldexdoubles-1992075765","p1":"glimmeraqua","p2":"NinjaSnapple","format":"[Gen 9] National Dex Doubles","log":"|j|\u2606glimmeraqua\n|j|\u2606NinjaSnapple\n|t:|1700153028\n|gametype|doubles\n|player|p1|glimmeraqua|iris-gen5bw2|\n|player|p2|NinjaSnapple|bugcatcher-gen2|\n|teamsize|p1|6\n|teamsize|p2|6\n|gen|9\n|tier|[Gen 9] National Dex Doubles\n|rule|HP Percentage Mod: HP is shown in percentages\n|rule|Endless Battle Clause: Forcing endless battles is banned\n|rule|OHKO Clause: OHKO moves are banned\n|rule|Evasion Moves Clause: Evasion moves are banned\n|rule|Evasion Abilities Clause: Evasion abilities are banned\n|rule|Species Clause: Limit one of each Pok\u00e9mon\n|rule|Gravity Sleep Clause: The combination of sleep-inducing moves with imperfect accuracy and Gravity or Gigantamax Orbeetle are banned\n|clearpoke\n|poke|p1|Deoxys-Speed|\n|poke|p1|Chien-Pao|\n|poke|p1|Urshifu-*, F|\n|poke|p1|Rillaboom, M|\n|poke|p1|Kingambit, F|\n|poke|p1|Salamence, M|\n|poke|p2|Tapu Fini|\n|poke|p2|Rillaboom, F|\n|poke|p2|Zamazenta-*|\n|poke|p2|Stakataka|\n|poke|p2|Chi-Yu|\n|poke|p2|Salamence, F|\n|teampreview\n|inactive|Battle timer is ON: inactive players will automatically lose when time's up. (requested by NinjaSnapple)\n|c|\u2606NinjaSnapple|oh deo speed\n|c|\u2606NinjaSnapple|neat\n|inactive|NinjaSnapple has 270 seconds left.\n|inactive|glimmeraqua has 270 seconds left.\n|inactive|NinjaSnapple has 240 seconds left.\n|\n|t:|1700153115\n|start\n|switch|p1a: Deoxys|Deoxys-Speed|100\/100\n|switch|p1b: Urshifu|Urshifu-Rapid-Strike, F|100\/100\n|switch|p2a: Rillaboom|Rillaboom, F|100\/100\n|switch|p2b: Stakataka|Stakataka|100\/100\n|-ability|p1a: Deoxys|Pressure\n|-fieldstart|move: Grassy Terrain|[from] ability: Grassy Surge|[of] p2a: Rillaboom\n|turn|1\n|inactive|NinjaSnapple has 270 seconds left.\n|\n|t:|1700153148\n|switch|p2b: Salamence|Salamence, F|100\/100\n|-ability|p2b: Salamence|Intimidate|boost\n|-unboost|p1a: Deoxys|atk|1\n|-unboost|p1b: Urshifu|atk|1\n|move|p1b: Urshifu|Protect|p1b: Urshifu\n|-singleturn|p1b: Urshifu|Protect\n|move|p2a: Rillaboom|Fake Out|p1a: Deoxys\n|-damage|p1a: Deoxys|82\/100\n|move|p1a: Deoxys|Taunt|p2b: Salamence\n|-start|p2b: Salamence|move: Taunt\n|\n|-heal|p1a: Deoxys|88\/100|[from] Grassy Terrain\n|upkeep\n|turn|2\n|inactive|NinjaSnapple has 270 seconds left.\n|\n|t:|1700153174\n|switch|p1b: Salamence|Salamence, M|100\/100\n|-ability|p1b: Salamence|Intimidate|boost\n|-unboost|p2a: Rillaboom|atk|1\n|-unboost|p2b: Salamence|atk|1\n|detailschange|p2b: Salamence|Salamence-Mega, F\n|-mega|p2b: Salamence|Salamence|Salamencite\n|move|p1a: Deoxys|Stealth Rock|p2a: Rillaboom\n|-sidestart|p2: NinjaSnapple|move: Stealth Rock\n|move|p2b: Salamence|Hyper Voice|p1a: Deoxys|[spread] p1a,p1b\n|-damage|p1a: Deoxys|45\/100\n|-damage|p1b: Salamence|64\/100\n|move|p2a: Rillaboom|U-turn|p1b: Salamence\n|-resisted|p1b: Salamence\n|-damage|p1b: Salamence|55\/100\n|inactive|NinjaSnapple has 270 seconds left.\n|\n|t:|1700153192\n|switch|p2a: Tapu Fini|Tapu Fini|100\/100|[from] U-turn\n|-damage|p2a: Tapu Fini|88\/100|[from] Stealth Rock\n|-fieldstart|move: Misty Terrain|[from] ability: Misty Surge|[of] p2a: Tapu Fini\n|\n|-heal|p2a: Tapu Fini|94\/100|[from] item: Leftovers\n|upkeep\n|turn|3\n|\n|t:|1700153207\n|switch|p1b: Kingambit|Kingambit, F|100\/100\n|move|p1a: Deoxys|Psycho Boost|p2b: Salamence\n|-damage|p2b: Salamence|41\/100\n|-unboost|p1a: Deoxys|spa|2\n|move|p2b: Salamence|Frustration|p1a: Deoxys\n|-damage|p1a: Deoxys|0 fnt\n|faint|p1a: Deoxys\n|move|p2a: Tapu Fini|Moonblast|p1b: Kingambit\n|-damage|p1b: Kingambit|78\/100\n|-unboost|p1b: Kingambit|spa|1\n|-ability|p1b: Kingambit|Defiant|boost\n|-boost|p1b: Kingambit|atk|2\n|\n|-heal|p2a: Tapu Fini|99\/100|[from] item: Leftovers\n|-end|p2b: Salamence|move: Taunt\n|upkeep\n|\n|t:|1700153216\n|switch|p1a: Rillaboom|Rillaboom, M|100\/100\n|-fieldstart|move: Grassy Terrain|[from] ability: Grassy Surge|[of] p1a: Rillaboom\n|turn|4\n|\n|t:|1700153245\n|move|p2a: Tapu Fini|Protect|p2a: Tapu Fini\n|-singleturn|p2a: Tapu Fini|Protect\n|move|p1a: Rillaboom|Fake Out|p2b: Salamence\n|-damage|p2b: Salamence|29\/100\n|cant|p2b: Salamence|flinch\n|move|p1b: Kingambit|Iron Head|p2a: Tapu Fini\n|-activate|p2a: Tapu Fini|move: Protect\n|\n|-heal|p2a: Tapu Fini|100\/100|[from] Grassy Terrain\n|-heal|p1b: Kingambit|84\/100|[from] Grassy Terrain\n|upkeep\n|turn|5\n|\n|t:|1700153271\n|switch|p1a: Salamence|Salamence, M|55\/100\n|-ability|p1a: Salamence|Intimidate|boost\n|-unboost|p2a: Tapu Fini|atk|1\n|-unboost|p2b: Salamence|atk|1\n|move|p2b: Salamence|Frustration|p1a: Salamence\n|-damage|p1a: Salamence|14\/100\n|move|p2a: Tapu Fini|Moonblast|p1a: Salamence\n|-supereffective|p1a: Salamence\n|-damage|p1a: Salamence|0 fnt\n|faint|p1a: Salamence\n|move|p1b: Kingambit|Iron Head|p2a: Tapu Fini\n|-damage|p2a: Tapu Fini|30\/100\n|\n|-heal|p2a: Tapu Fini|37\/100|[from] Grassy Terrain\n|-heal|p2a: Tapu Fini|43\/100|[from] item: Leftovers\n|-heal|p1b: Kingambit|91\/100|[from] Grassy Terrain\n|upkeep\n|\n|t:|1700153282\n|switch|p1a: Chien-Pao|Chien-Pao|100\/100\n|-ability|p1a: Chien-Pao|Sword of Ruin\n|turn|6\n|\n|t:|1700153305\n|move|p1a: Chien-Pao|Icicle Crash|p2b: Salamence\n|-supereffective|p2b: Salamence\n|-damage|p2b: Salamence|0 fnt\n|faint|p2b: Salamence\n|move|p2a: Tapu Fini|Moonblast|p1a: Chien-Pao\n|-supereffective|p1a: Chien-Pao\n|-enditem|p1a: Chien-Pao|Focus Sash\n|-damage|p1a: Chien-Pao|1\/100\n|move|p1b: Kingambit|Iron Head|p2a: Tapu Fini\n|-damage|p2a: Tapu Fini|0 fnt\n|faint|p2a: Tapu Fini\n|\n|-heal|p1a: Chien-Pao|7\/100|[from] Grassy Terrain\n|-heal|p1b: Kingambit|97\/100|[from] Grassy Terrain\n|upkeep\n|inactive|NinjaSnapple has 270 seconds left.\n|\n|t:|1700153352\n|switch|p2b: Stakataka|Stakataka|100\/100\n|switch|p2a: Rillaboom|Rillaboom, F|100\/100\n|-damage|p2a: Rillaboom|88\/100|[from] Stealth Rock\n|-damage|p2b: Stakataka|94\/100|[from] Stealth Rock\n|turn|7\n|\n|t:|1700153365\n|-terastallize|p1a: Chien-Pao|Ghost\n|-terastallize|p2b: Stakataka|Ghost\n|move|p2a: Rillaboom|Fake Out|p1a: Chien-Pao\n|-immune|p1a: Chien-Pao\n|move|p1a: Chien-Pao|Sacred Sword|p2b: Stakataka\n|-immune|p2b: Stakataka\n|move|p1b: Kingambit|Knock Off|p2b: Stakataka\n|-supereffective|p2b: Stakataka\n|-damage|p2b: Stakataka|0 fnt\n|-enditem|p2b: Stakataka|Clear Amulet|[from] move: Knock Off|[of] p1b: Kingambit\n|faint|p2b: Stakataka\n|\n|-heal|p1a: Chien-Pao|13\/100|[from] Grassy Terrain\n|-heal|p2a: Rillaboom|94\/100|[from] Grassy Terrain\n|-heal|p1b: Kingambit|100\/100|[from] Grassy Terrain\n|upkeep\n|\n|t:|1700153382\n|switch|p2b: Zamazenta|Zamazenta|100\/100\n|-damage|p2b: Zamazenta|94\/100|[from] Stealth Rock\n|-ability|p2b: Zamazenta|Dauntless Shield|boost\n|-boost|p2b: Zamazenta|def|1\n|turn|8\n|inactive|NinjaSnapple has 270 seconds left.\n|inactive|glimmeraqua has 270 seconds left.\n|inactive|NinjaSnapple has 240 seconds left.\n|\n|t:|1700153448\n|move|p1a: Chien-Pao|Protect|p1a: Chien-Pao\n|-singleturn|p1a: Chien-Pao|Protect\n|move|p2b: Zamazenta|Close Combat|p1b: Kingambit\n|-supereffective|p1b: Kingambit\n|-damage|p1b: Kingambit|0 fnt\n|-unboost|p2b: Zamazenta|def|1\n|-unboost|p2b: Zamazenta|spd|1\n|faint|p1b: Kingambit\n|move|p2a: Rillaboom|U-turn|p1a: Chien-Pao\n|-activate|p1a: Chien-Pao|move: Protect\n|\n|-heal|p2b: Zamazenta|100\/100|[from] Grassy Terrain\n|-heal|p1a: Chien-Pao|19\/100|[from] Grassy Terrain\n|-heal|p2a: Rillaboom|100\/100|[from] Grassy Terrain\n|-fieldend|move: Grassy Terrain\n|upkeep\n|\n|t:|1700153460\n|switch|p1b: Urshifu|Urshifu-Rapid-Strike, F|100\/100\n|turn|9\n|inactive|glimmeraqua has 270 seconds left.\n|\n|t:|1700153474\n|switch|p1a: Rillaboom|Rillaboom, M|100\/100\n|-fieldstart|move: Grassy Terrain|[from] ability: Grassy Surge|[of] p1a: Rillaboom\n|switch|p2a: Chi-Yu|Chi-Yu|100\/100\n|-damage|p2a: Chi-Yu|75\/100|[from] Stealth Rock\n|-ability|p2a: Chi-Yu|Beads of Ruin\n|move|p1b: Urshifu|Protect|p1b: Urshifu\n|-singleturn|p1b: Urshifu|Protect\n|move|p2b: Zamazenta|Crunch|p1a: Rillaboom\n|-damage|p1a: Rillaboom|75\/100\n|\n|-heal|p2a: Chi-Yu|82\/100|[from] Grassy Terrain\n|-heal|p1a: Rillaboom|82\/100|[from] Grassy Terrain\n|upkeep\n|turn|10\n|inactive|NinjaSnapple has 270 seconds left.\n|inactive|glimmeraqua has 270 seconds left.\n|\n|t:|1700153503\n|move|p1a: Rillaboom|Fake Out|p2a: Chi-Yu\n|-damage|p2a: Chi-Yu|57\/100\n|move|p2b: Zamazenta|Close Combat|p1b: Urshifu\n|-damage|p1b: Urshifu|38\/100\n|-unboost|p2b: Zamazenta|def|1\n|-unboost|p2b: Zamazenta|spd|1\n|move|p1b: Urshifu|Surging Strikes|p2b: Zamazenta\n|-crit|p2b: Zamazenta\n|-damage|p2b: Zamazenta|62\/100\n|-crit|p2b: Zamazenta\n|-damage|p2b: Zamazenta|26\/100\n|-enditem|p2b: Zamazenta|Sitrus Berry|[eat]\n|-heal|p2b: Zamazenta|51\/100|[from] item: Sitrus Berry\n|-crit|p2b: Zamazenta\n|-damage|p2b: Zamazenta|11\/100\n|-hitcount|p2b: Zamazenta|3\n|cant|p2a: Chi-Yu|flinch\n|\n|-heal|p2b: Zamazenta|17\/100|[from] Grassy Terrain\n|-heal|p1b: Urshifu|45\/100|[from] Grassy Terrain\n|-heal|p2a: Chi-Yu|64\/100|[from] Grassy Terrain\n|-heal|p1a: Rillaboom|88\/100|[from] Grassy Terrain\n|upkeep\n|turn|11\n|inactive|NinjaSnapple has 270 seconds left.\n|inactive|glimmeraqua has 270 seconds left.\n|\n|t:|1700153529\n|move|p1b: Urshifu|Aqua Jet|p2a: Chi-Yu\n|-supereffective|p2a: Chi-Yu\n|-damage|p2a: Chi-Yu|0 fnt\n|faint|p2a: Chi-Yu\n|move|p1a: Rillaboom|Grassy Glide|p2b: Zamazenta\n|-damage|p2b: Zamazenta|0 fnt\n|faint|p2b: Zamazenta\n|\n|-heal|p1b: Urshifu|51\/100|[from] Grassy Terrain\n|-heal|p1a: Rillaboom|94\/100|[from] Grassy Terrain\n|upkeep\n|-message|NinjaSnapple forfeited.\n|\n|win|glimmeraqua\n|c|\u2606glimmeraqua|gg\n|c|\u2606NinjaSnapple|gg\n|l|\u2606NinjaSnapple\n","uploadtime":1700154241,"views":69,"p1id":"glimmeraqua","p2id":"ninjasnapple","formatid":"gen9nationaldexdoubles","rating":0,"private":0,"password":""}