{"id":"gen9nationaldexdoubles-1978726984","p1":"RealMobileGamer","p2":"Careytheicon","format":"[Gen 9] National Dex Doubles","log":"|j|\u2606RealMobileGamer\n|j|\u2606Careytheicon\n|t:|1698587637\n|gametype|doubles\n|player|p1|RealMobileGamer|riley|1298\n|player|p2|Careytheicon|lucy|1128\n|teamsize|p1|6\n|teamsize|p2|6\n|gen|9\n|tier|[Gen 9] National Dex Doubles\n|rated|\n|rule|HP Percentage Mod: HP is shown in percentages\n|rule|Endless Battle Clause: Forcing endless battles is banned\n|rule|OHKO Clause: OHKO moves are banned\n|rule|Evasion Moves Clause: Evasion moves are banned\n|rule|Evasion Abilities Clause: Evasion abilities are banned\n|rule|Species Clause: Limit one of each Pok\u00e9mon\n|rule|Gravity Sleep Clause: The combination of sleep-inducing moves with imperfect accuracy and Gravity or Gigantamax Orbeetle are banned\n|clearpoke\n|poke|p1|Mudsdale, M|\n|poke|p1|Zarude|\n|poke|p1|Ninetales-Alola, F|\n|poke|p1|Tornadus, M|\n|poke|p1|Flutter Mane|\n|poke|p1|Heatran, F|\n|poke|p2|Shuckle, F|\n|poke|p2|Runerigus, F|\n|poke|p2|Malamar, F|\n|poke|p2|Victini|\n|poke|p2|Comfey, M|\n|poke|p2|Jirachi|\n|teampreview\n|inactive|Battle timer is ON: inactive players will automatically lose when time's up. (requested by RealMobileGamer)\n|inactive|Careytheicon also wants the timer to be on.\n|\n|t:|1698587644\n|start\n|switch|p1a: Ninetales|Ninetales-Alola, F|100\/100\n|switch|p1b: Tornadus|Tornadus, M|100\/100\n|switch|p2a: Roxxx|Runerigus, F, shiny|100\/100\n|switch|p2b: Shuckle|Shuckle, F|100\/100\n|-weather|Snow|[from] ability: Snow Warning|[of] p1a: Ninetales\n|turn|1\n|\n|t:|1698587668\n|move|p1b: Tornadus|Taunt|p2b: Shuckle\n|-start|p2b: Shuckle|move: Taunt\n|move|p1a: Ninetales|Aurora Veil|p1a: Ninetales\n|-sidestart|p1: RealMobileGamer|move: Aurora Veil\n|move|p2a: Roxxx|Toxic Spikes|p1a: Ninetales\n|-sidestart|p1: RealMobileGamer|move: Toxic Spikes\n|cant|p2b: Shuckle|move: Taunt|Toxic\n|\n|-weather|Snow|[upkeep]\n|upkeep\n|turn|2\n|\n|t:|1698587686\n|move|p1b: Tornadus|Taunt|p2a: Roxxx\n|-start|p2a: Roxxx|move: Taunt\n|move|p1a: Ninetales|Blizzard|p2a: Roxxx|[spread] p2a,p2b\n|-supereffective|p2a: Roxxx\n|-crit|p2b: Shuckle\n|-damage|p2a: Roxxx|43\/100\n|-damage|p2b: Shuckle|66\/100\n|-enditem|p2a: Roxxx|Sitrus Berry|[eat]\n|-heal|p2a: Roxxx|68\/100|[from] item: Sitrus Berry\n|move|p2a: Roxxx|Poltergeist|p1b: Tornadus\n|-activate|p1b: Tornadus|move: Poltergeist|Wacan Berry\n|-damage|p1b: Tornadus|68\/100\n|move|p2b: Shuckle|Infestation|p1b: Tornadus\n|-resisted|p1b: Tornadus\n|-damage|p1b: Tornadus|67\/100\n|-activate|p1b: Tornadus|move: Infestation|[of] p2b: Shuckle\n|\n|-weather|Snow|[upkeep]\n|-damage|p1b: Tornadus|55\/100|[from] move: Infestation|[partiallytrapped]\n|upkeep\n|turn|3\n|\n|t:|1698587707\n|move|p1a: Ninetales|Blizzard|p2b: Shuckle|[spread] p2a,p2b\n|-supereffective|p2a: Roxxx\n|-damage|p2a: Roxxx|12\/100\n|-damage|p2b: Shuckle|44\/100\n|-status|p2a: Roxxx|frz\n|-status|p2b: Shuckle|frz\n|-enditem|p2b: Shuckle|Sitrus Berry|[eat]\n|-heal|p2b: Shuckle|68\/100 frz|[from] item: Sitrus Berry\n|move|p1b: Tornadus|Bleakwind Storm|p2b: Shuckle|[spread] p2a,p2b\n|-damage|p2a: Roxxx|0 fnt\n|-damage|p2b: Shuckle|40\/100 frz\n|faint|p2a: Roxxx\n|cant|p2b: Shuckle|frz\n|\n|-weather|Snow|[upkeep]\n|-damage|p1b: Tornadus|42\/100|[from] move: Infestation|[partiallytrapped]\n|-end|p2b: Shuckle|move: Taunt\n|upkeep\n|c|\u2606Careytheicon|....\n|c|\u2606RealMobileGamer|Wow\n|inactive|Careytheicon has 120 seconds left.\n|c|\u2606Careytheicon|wtf\n|c|\u2606RealMobileGamer|double freeze is insane\n|\n|t:|1698587735\n|switch|p2a: Jirachi|Jirachi|100\/100\n|turn|4\n|inactive|Careytheicon has 120 seconds left.\n|\n|t:|1698587750\n|switch|p1a: Mudsdale|Mudsdale, M|100\/100\n|-status|p1a: Mudsdale|psn\n|move|p2a: Jirachi|Ancient Power|p1b: Tornadus\n|-supereffective|p1b: Tornadus\n|-crit|p1b: Tornadus\n|-damage|p1b: Tornadus|5\/100\n|-boost|p2a: Jirachi|atk|1\n|-boost|p2a: Jirachi|def|1\n|-boost|p2a: Jirachi|spa|1\n|-boost|p2a: Jirachi|spd|1\n|-boost|p2a: Jirachi|spe|1\n|move|p1b: Tornadus|Bleakwind Storm|p2b: Shuckle|[spread] p2a\n|-miss|p1b: Tornadus|p2b: Shuckle\n|-resisted|p2a: Jirachi\n|-damage|p2a: Jirachi|90\/100\n|-unboost|p2a: Jirachi|spe|1\n|cant|p2b: Shuckle|frz\n|\n|-weather|Snow|[upkeep]\n|-damage|p1a: Mudsdale|88\/100 psn|[from] psn\n|-damage|p1b: Tornadus|0 fnt|[from] move: Infestation|[partiallytrapped]\n|faint|p1b: Tornadus\n|upkeep\n|\n|t:|1698587773\n|switch|p1b: Heatran|Heatran, F|100\/100\n|turn|5\n|\n|t:|1698587787\n|-terastallize|p2a: Jirachi|Dragon\n|move|p2a: Jirachi|Ancient Power|p1b: Heatran\n|-damage|p1b: Heatran|91\/100\n|-boost|p2a: Jirachi|atk|1\n|-boost|p2a: Jirachi|def|1\n|-boost|p2a: Jirachi|spa|1\n|-boost|p2a: Jirachi|spd|1\n|-boost|p2a: Jirachi|spe|1\n|move|p1b: Heatran|Magma Storm|p2a: Jirachi\n|-resisted|p2a: Jirachi\n|-damage|p2a: Jirachi|77\/100\n|-activate|p2a: Jirachi|move: Magma Storm|[of] p1b: Heatran\n|cant|p2b: Shuckle|frz\n|move|p1a: Mudsdale|Stealth Rock|p2a: Jirachi\n|-sidestart|p2: Careytheicon|move: Stealth Rock\n|\n|-weather|none\n|-heal|p1a: Mudsdale|94\/100 psn|[from] item: Leftovers\n|-damage|p1a: Mudsdale|82\/100 psn|[from] psn\n|-damage|p2a: Jirachi|65\/100|[from] move: Magma Storm|[partiallytrapped]\n|upkeep\n|turn|6\n|c|\u2606Careytheicon|oop\n|\n|t:|1698587813\n|move|p2a: Jirachi|Drain Punch|p1b: Heatran\n|-supereffective|p1b: Heatran\n|-damage|p1b: Heatran|52\/100\n|-heal|p2a: Jirachi|87\/100|[from] drain|[of] p1b: Heatran\n|move|p1b: Heatran|Flash Cannon|p2b: Shuckle\n|-supereffective|p2b: Shuckle\n|-damage|p2b: Shuckle|0 fnt\n|faint|p2b: Shuckle\n|move|p1a: Mudsdale|Body Press|p2a: Jirachi\n|-damage|p2a: Jirachi|74\/100\n|\n|-heal|p1a: Mudsdale|88\/100 psn|[from] item: Leftovers\n|-damage|p1a: Mudsdale|76\/100 psn|[from] psn\n|-damage|p2a: Jirachi|62\/100|[from] move: Magma Storm|[partiallytrapped]\n|upkeep\n|inactive|Careytheicon has 120 seconds left.\n|\n|t:|1698587831\n|switch|p2b: Comfey|Comfey, M|100\/100\n|-damage|p2b: Comfey|88\/100|[from] Stealth Rock\n|turn|7\n|inactive|Careytheicon has 120 seconds left.\n|\n|t:|1698587856\n|move|p2b: Comfey|Protect|p2b: Comfey\n|-singleturn|p2b: Comfey|Protect\n|move|p2a: Jirachi|Drain Punch|p1b: Heatran\n|-supereffective|p1b: Heatran\n|-damage|p1b: Heatran|6\/100\n|-heal|p2a: Jirachi|87\/100|[from] drain|[of] p1b: Heatran\n|move|p1b: Heatran|Scorching Sands|p2a: Jirachi\n|-damage|p2a: Jirachi|75\/100\n|move|p1a: Mudsdale|Body Press|p2a: Jirachi\n|-damage|p2a: Jirachi|62\/100\n|\n|-heal|p1a: Mudsdale|82\/100 psn|[from] item: Leftovers\n|-damage|p1a: Mudsdale|69\/100 psn|[from] psn\n|-damage|p2a: Jirachi|49\/100|[from] move: Magma Storm|[partiallytrapped]\n|upkeep\n|-enditem|p2a: Jirachi|Sitrus Berry|[eat]\n|-heal|p2a: Jirachi|74\/100|[from] item: Sitrus Berry\n|turn|8\n|\n|t:|1698587881\n|move|p2a: Jirachi|Ancient Power|p1b: Heatran\n|-damage|p1b: Heatran|0 fnt\n|faint|p1b: Heatran\n|move|p2b: Comfey|Leech Seed|p1a: Mudsdale\n|-start|p1a: Mudsdale|move: Leech Seed\n|move|p1a: Mudsdale|Body Press|p2a: Jirachi\n|-damage|p2a: Jirachi|62\/100\n|\n|-heal|p1a: Mudsdale|76\/100 psn|[from] item: Leftovers\n|-damage|p1a: Mudsdale|63\/100 psn|[from] Leech Seed|[of] p2b: Comfey\n|-heal|p2b: Comfey|100\/100|[silent]\n|-damage|p1a: Mudsdale|51\/100 psn|[from] psn\n|-end|p2a: Jirachi|Magma Storm|[partiallytrapped]|[silent]\n|-sideend|p1: RealMobileGamer|move: Aurora Veil\n|upkeep\n|\n|t:|1698587893\n|switch|p1b: Flutter Mane|Flutter Mane|100\/100\n|-status|p1b: Flutter Mane|psn\n|-enditem|p1b: Flutter Mane|Booster Energy\n|-activate|p1b: Flutter Mane|ability: Protosynthesis|[fromitem]\n|-start|p1b: Flutter Mane|protosynthesisspe\n|turn|9\n|c|\u2606Careytheicon|yes jirachi icon\n|\n|t:|1698587911\n|move|p1b: Flutter Mane|Dazzling Gleam|p2a: Jirachi|[spread] p2a,p2b\n|-supereffective|p2a: Jirachi\n|-damage|p2a: Jirachi|32\/100\n|-damage|p2b: Comfey|65\/100\n|move|p2a: Jirachi|Iron Head|p1b: Flutter Mane\n|-supereffective|p1b: Flutter Mane\n|-damage|p1b: Flutter Mane|0 fnt\n|faint|p1b: Flutter Mane\n|-end|p1b: Flutter Mane|Protosynthesis|[silent]\n|move|p2b: Comfey|Calm Mind|p2b: Comfey\n|-boost|p2b: Comfey|spa|1\n|-boost|p2b: Comfey|spd|1\n|move|p1a: Mudsdale|Body Press|p2a: Jirachi\n|-damage|p2a: Jirachi|19\/100\n|\n|-heal|p1a: Mudsdale|57\/100 psn|[from] item: Leftovers\n|-damage|p1a: Mudsdale|45\/100 psn|[from] Leech Seed|[of] p2b: Comfey\n|-heal|p2b: Comfey|91\/100|[silent]\n|-damage|p1a: Mudsdale|32\/100 psn|[from] psn\n|upkeep\n|\n|t:|1698587920\n|switch|p1b: Ninetales|Ninetales-Alola, F|100\/100\n|-status|p1b: Ninetales|psn\n|-weather|Snow|[from] ability: Snow Warning|[of] p1b: Ninetales\n|turn|10\n|\n|t:|1698587940\n|move|p2a: Jirachi|Iron Head|p1b: Ninetales\n|-supereffective|p1b: Ninetales\n|-damage|p1b: Ninetales|0 fnt\n|faint|p1b: Ninetales\n|move|p2b: Comfey|Calm Mind|p2b: Comfey\n|-boost|p2b: Comfey|spa|1\n|-boost|p2b: Comfey|spd|1\n|move|p1a: Mudsdale|Substitute|p1a: Mudsdale\n|-start|p1a: Mudsdale|Substitute\n|-damage|p1a: Mudsdale|7\/100 psn\n|\n|-weather|Snow|[upkeep]\n|-heal|p1a: Mudsdale|14\/100 psn|[from] item: Leftovers\n|-damage|p1a: Mudsdale|1\/100 psn|[from] Leech Seed|[of] p2b: Comfey\n|-heal|p2b: Comfey|100\/100|[silent]\n|-damage|p1a: Mudsdale|0 fnt|[from] psn\n|faint|p1a: Mudsdale\n|upkeep\n|\n|t:|1698587945\n|switch|p1b: Zarude|Zarude|100\/100\n|-status|p1b: Zarude|psn\n|turn|11\n|c|\u2606Careytheicon|substitute?\n|c|\u2606RealMobileGamer|I\u2019m really going to lose after getting a double freeze\n|c|\u2606RealMobileGamer|i thought killing it faster to get a switch\n|inactive|RealMobileGamer has 120 seconds left.\n|c|\u2606RealMobileGamer|idk\n|\n|t:|1698587982\n|move|p2b: Comfey|Draining Kiss|p1b: Zarude\n|-supereffective|p1b: Zarude\n|-damage|p1b: Zarude|30\/100 psn\n|move|p2a: Jirachi|Drain Punch|p1b: Zarude\n|-supereffective|p1b: Zarude\n|-damage|p1b: Zarude|0 fnt\n|-heal|p2a: Jirachi|34\/100|[from] drain|[of] p1b: Zarude\n|faint|p1b: Zarude\n|\n|win|Careytheicon\n|raw|RealMobileGamer's rating: 1298 &rarr; <strong>1262<\/strong><br \/>(-36 for losing)\n|raw|Careytheicon's rating: 1128 &rarr; <strong>1164<\/strong><br \/>(+36 for winning)\n|c|\u2606RealMobileGamer|That was a game\n","uploadtime":1698588002,"views":12,"p1id":"realmobilegamer","p2id":"careytheicon","formatid":"gen9nationaldexdoubles","rating":1164,"private":0,"password":""}