{"id":"gen9nationaldexdoubles-1964301774","p1":"Theadonia","p2":"Tritus ELITE 4","format":"[Gen 9] National Dex Doubles","log":"|j|\u2606Theadonia\n|j|\u2606Tritus ELITE 4\n|t:|1696957993\n|gametype|doubles\n|player|p1|Theadonia|caitlin|1085\n|player|p2|Tritus ELITE 4|wulfric|1057\n|teamsize|p1|6\n|teamsize|p2|6\n|gen|9\n|tier|[Gen 9] National Dex Doubles\n|rated|\n|rule|HP Percentage Mod: HP is shown in percentages\n|rule|Endless Battle Clause: Forcing endless battles is banned\n|rule|OHKO Clause: OHKO moves are banned\n|rule|Evasion Moves Clause: Evasion moves are banned\n|rule|Evasion Abilities Clause: Evasion abilities are banned\n|rule|Species Clause: Limit one of each Pok\u00e9mon\n|rule|Gravity Sleep Clause: The combination of sleep-inducing moves with imperfect accuracy and Gravity or Gigantamax Orbeetle are banned\n|clearpoke\n|poke|p1|Delphox, F|\n|poke|p1|Oricorio-Sensu, M|\n|poke|p1|Kommo-o, F|\n|poke|p1|Slowbro, F|\n|poke|p1|Cresselia, F|\n|poke|p1|Swoobat, F|\n|poke|p2|Basculegion-F, F|\n|poke|p2|Swampert, M|\n|poke|p2|Pelipper, F|\n|poke|p2|Araquanid, F|\n|poke|p2|Milotic, F|\n|poke|p2|Ludicolo, M|\n|teampreview\n|inactive|Battle timer is ON: inactive players will automatically lose when time's up. (requested by Tritus ELITE 4)\n|\n|t:|1696958005\n|start\n|switch|p1a: Kommo-o|Kommo-o, F, shiny|100\/100\n|switch|p1b: Swoobat|Swoobat, F|100\/100\n|switch|p2a: Pelipper|Pelipper, F|100\/100\n|switch|p2b: Araquanid|Araquanid, F|100\/100\n|-weather|RainDance|[from] ability: Drizzle|[of] p2a: Pelipper\n|turn|1\n|\n|t:|1696958017\n|move|p1b: Swoobat|Simple Beam|p1a: Kommo-o\n|-endability|p1a: Kommo-o|Soundproof|[from] move: Simple Beam\n|-ability|p1a: Kommo-o|Simple|[from] move: Simple Beam\n|-zpower|p1a: Kommo-o\n|move|p1a: Kommo-o|Clangorous Soulblaze|p2a: Pelipper|[zeffect]|[spread] p2a,p2b\n|-crit|p2a: Pelipper\n|-damage|p2a: Pelipper|20\/100\n|-damage|p2b: Araquanid|58\/100\n|-boost|p1a: Kommo-o|atk|2\n|-boost|p1a: Kommo-o|def|2\n|-boost|p1a: Kommo-o|spa|2\n|-boost|p1a: Kommo-o|spd|2\n|-boost|p1a: Kommo-o|spe|2\n|move|p2a: Pelipper|Hurricane|p1a: Kommo-o\n|-supereffective|p1a: Kommo-o\n|-damage|p1a: Kommo-o|53\/100\n|move|p2b: Araquanid|Liquidation|p1b: Swoobat\n|-enditem|p1b: Swoobat|Focus Sash\n|-damage|p1b: Swoobat|1\/100\n|-unboost|p1b: Swoobat|def|2\n|-damage|p2b: Araquanid|48\/100|[from] item: Life Orb\n|\n|-weather|RainDance|[upkeep]\n|-heal|p2a: Pelipper|26\/100|[from] item: Leftovers\n|upkeep\n|turn|2\n|inactive|Tritus ELITE 4 has 120 seconds left.\n|\n|t:|1696958057\n|move|p2a: Pelipper|Protect|p2a: Pelipper\n|-singleturn|p2a: Pelipper|Protect\n|move|p1a: Kommo-o|Clanging Scales|p2b: Araquanid|[spread] p2b\n|-activate|p2a: Pelipper|move: Protect\n|-damage|p2b: Araquanid|0 fnt\n|faint|p2b: Araquanid\n|-unboost|p1a: Kommo-o|def|2\n|move|p1b: Swoobat|Speed Swap|p1a: Kommo-o\n|-activate|p1b: Swoobat|move: Speed Swap|[of] p1a: Kommo-o\n|\n|-weather|RainDance|[upkeep]\n|-heal|p2a: Pelipper|32\/100|[from] item: Leftovers\n|upkeep\n|\n|t:|1696958074\n|switch|p2b: Swampert|Swampert, M|100\/100\n|turn|3\n|\n|t:|1696958083\n|switch|p2a: Milotic|Milotic, F|100\/100\n|detailschange|p2b: Swampert|Swampert-Mega, M\n|-mega|p2b: Swampert|Swampert|Swampertite\n|move|p1a: Kommo-o|Drain Punch|p2b: Swampert\n|-damage|p2b: Swampert|40\/100\n|-heal|p1a: Kommo-o|89\/100|[from] drain|[of] p2b: Swampert\n|move|p2b: Swampert|Rock Slide|p1b: Swoobat|[spread] p1a,p1b\n|-resisted|p1a: Kommo-o\n|-supereffective|p1b: Swoobat\n|-damage|p1a: Kommo-o|77\/100\n|-damage|p1b: Swoobat|0 fnt\n|faint|p1b: Swoobat\n|\n|-weather|RainDance|[upkeep]\n|upkeep\n|\n|t:|1696958093\n|switch|p1b: Slowbro|Slowbro, F, shiny|100\/100\n|turn|4\n|\n|t:|1696958103\n|detailschange|p1b: Slowbro|Slowbro-Mega, F, shiny\n|-mega|p1b: Slowbro|Slowbro|Slowbronite\n|move|p1a: Kommo-o|Clangorous Soul|p1a: Kommo-o\n|-boost|p1a: Kommo-o|atk|2\n|-boost|p1a: Kommo-o|def|2\n|-boost|p1a: Kommo-o|spa|2\n|-boost|p1a: Kommo-o|spd|2\n|-boost|p1a: Kommo-o|spe|2\n|-damage|p1a: Kommo-o|44\/100\n|move|p2b: Swampert|Waterfall|p1a: Kommo-o\n|-resisted|p1a: Kommo-o\n|-damage|p1a: Kommo-o|27\/100\n|move|p2a: Milotic|Chilling Water|p1a: Kommo-o\n|-resisted|p1a: Kommo-o\n|-damage|p1a: Kommo-o|21\/100\n|-unboost|p1a: Kommo-o|atk|2\n|move|p1b: Slowbro|Psych Up|p1a: Kommo-o\n|-copyboost|p1b: Slowbro|p1a: Kommo-o|[from] move: Psych Up\n|\n|-weather|RainDance|[upkeep]\n|upkeep\n|turn|5\n|-message|Tritus ELITE 4 forfeited.\n|\n|win|Theadonia\n|raw|Theadonia's rating: 1085 &rarr; <strong>1110<\/strong><br \/>(+25 for winning)\n|raw|Tritus ELITE 4's rating: 1057 &rarr; <strong>1040<\/strong><br \/>(-17 for losing)\n|l|\u2606Tritus ELITE 4\n","uploadtime":1696958127,"views":3,"p1id":"theadonia","p2id":"trituselite4","formatid":"gen9nationaldexdoubles","rating":1040,"private":0,"password":""}