{"id":"gen9nationaldexdoubles-1993555364","p1":"LunaVicta","p2":"BriefMarigold4","format":"[Gen 9] National Dex Doubles","log":"|j|\u2606LunaVicta\n|j|\u2606BriefMarigold4\n|t:|1700331272\n|gametype|doubles\n|player|p1|LunaVicta|1|\n|player|p2|BriefMarigold4|169|\n|teamsize|p1|6\n|teamsize|p2|6\n|gen|9\n|tier|[Gen 9] National Dex Doubles\n|rule|HP Percentage Mod: HP is shown in percentages\n|rule|Endless Battle Clause: Forcing endless battles is banned\n|rule|OHKO Clause: OHKO moves are banned\n|rule|Evasion Moves Clause: Evasion moves are banned\n|rule|Evasion Abilities Clause: Evasion abilities are banned\n|rule|Species Clause: Limit one of each Pok\u00e9mon\n|rule|Gravity Sleep Clause: The combination of sleep-inducing moves with imperfect accuracy and Gravity or Gigantamax Orbeetle are banned\n|clearpoke\n|poke|p1|Charizard, F|\n|poke|p1|Ogerpon-Hearthflame, F|\n|poke|p1|Whimsicott, F|\n|poke|p1|Tapu Fini|\n|poke|p1|Chien-Pao|\n|poke|p1|Marshadow|\n|poke|p2|Jirachi|\n|poke|p2|Sinistcha-Masterpiece|\n|poke|p2|Snorlax, F|\n|poke|p2|Charizard, M|\n|poke|p2|Landorus-Therian, M|\n|poke|p2|Volcanion|\n|teampreview\n|inactive|Battle timer is ON: inactive players will automatically lose when time's up. (requested by LunaVicta)\n|inactive|LunaVicta has 270 seconds left.\n|inactive|BriefMarigold4 has 270 seconds left.\n|\n|t:|1700331341\n|start\n|switch|p1a: Ogerpon|Ogerpon-Hearthflame, F|100\/100\n|switch|p1b: Whimsicott|Whimsicott, F|100\/100\n|switch|p2a: Landorus|Landorus-Therian, M|100\/100\n|switch|p2b: Volcanion|Volcanion|100\/100\n|-ability|p2a: Landorus|Intimidate|boost\n|-unboost|p1a: Ogerpon|atk|1\n|-unboost|p1b: Whimsicott|atk|1\n|-ability|p1a: Ogerpon|Mold Breaker\n|turn|1\n|\n|t:|1700331363\n|switch|p1a: Tapu Fini|Tapu Fini|100\/100\n|-fieldstart|move: Misty Terrain|[from] ability: Misty Surge|[of] p1a: Tapu Fini\n|move|p1b: Whimsicott|Protect|p1b: Whimsicott\n|-singleturn|p1b: Whimsicott|Protect\n|move|p2a: Landorus|Rock Slide|p1b: Whimsicott|[spread] p1a\n|-activate|p1b: Whimsicott|move: Protect\n|-damage|p1a: Tapu Fini|79\/100\n|move|p2b: Volcanion|Heat Wave|p1a: Tapu Fini|[spread] p1a\n|-activate|p1b: Whimsicott|move: Protect\n|-resisted|p1a: Tapu Fini\n|-damage|p1a: Tapu Fini|57\/100\n|\n|upkeep\n|turn|2\n|inactive|LunaVicta has 270 seconds left.\n|\n|t:|1700331413\n|switch|p2a: Snorlax|Snorlax, F|100\/100\n|switch|p1b: Charizard|Charizard, F|100\/100\n|move|p1a: Tapu Fini|Ice Beam|p2a: Snorlax\n|-damage|p2a: Snorlax|94\/100\n|move|p2b: Volcanion|Heat Wave|p1b: Charizard|[spread] p1a\n|-miss|p2b: Volcanion|p1b: Charizard\n|-resisted|p1a: Tapu Fini\n|-damage|p1a: Tapu Fini|39\/100\n|\n|-heal|p2a: Snorlax|99\/100|[from] item: Leftovers\n|upkeep\n|turn|3\n|inactive|LunaVicta has 270 seconds left.\n|inactive|LunaVicta has 240 seconds left.\n|inactive|LunaVicta has 210 seconds left.\n|\n|t:|1700331487\n|switch|p1a: Chien-Pao|Chien-Pao|100\/100\n|-ability|p1a: Chien-Pao|Sword of Ruin\n|detailschange|p1b: Charizard|Charizard-Mega-Y, F\n|-mega|p1b: Charizard|Charizard|Charizardite Y\n|-weather|SunnyDay|[from] ability: Drought|[of] p1b: Charizard\n|move|p1b: Charizard|Solar Beam||[still]\n|-prepare|p1b: Charizard|Solar Beam\n|-anim|p1b: Charizard|Solar Beam|p2b: Volcanion\n|-damage|p2b: Volcanion|70\/100\n|move|p2b: Volcanion|Heat Wave|p1a: Chien-Pao|[spread] p1a,p1b\n|-supereffective|p1a: Chien-Pao\n|-resisted|p1b: Charizard\n|-damage|p1a: Chien-Pao|0 fnt\n|-damage|p1b: Charizard|76\/100\n|faint|p1a: Chien-Pao\n|move|p2a: Snorlax|Return|p1b: Charizard\n|-damage|p1b: Charizard|28\/100\n|\n|-weather|SunnyDay|[upkeep]\n|-heal|p2a: Snorlax|100\/100|[from] item: Leftovers\n|upkeep\n|\n|t:|1700331517\n|switch|p1a: Marshadow|Marshadow|100\/100\n|turn|4\n|l|\u2606BriefMarigold4\n|inactive|BriefMarigold4 disconnected and has 300 seconds to reconnect!\n|player|p2|\n|inactive|BriefMarigold4 has 270 seconds to reconnect!\n|j|\u2606BriefMarigold4\n|inactive|BriefMarigold4 reconnected and has 290 seconds left.\n|player|p2|BriefMarigold4|169\n|\n|t:|1700331582\n|switch|p2a: Sinistcha|Sinistcha-Masterpiece|100\/100\n|-heal|p2b: Volcanion|94\/100|[from] ability: Hospitality|[of] p2a: Sinistcha\n|move|p1a: Marshadow|Protect|p1a: Marshadow\n|-singleturn|p1a: Marshadow|Protect\n|move|p1b: Charizard|Solar Beam||[still]\n|-prepare|p1b: Charizard|Solar Beam\n|-anim|p1b: Charizard|Solar Beam|p2b: Volcanion\n|-damage|p2b: Volcanion|61\/100\n|move|p2b: Volcanion|Heat Wave|p1b: Charizard|[spread] p1b\n|-activate|p1a: Marshadow|move: Protect\n|-resisted|p1b: Charizard\n|-damage|p1b: Charizard|1\/100\n|\n|-weather|SunnyDay|[upkeep]\n|upkeep\n|turn|5\n|inactive|LunaVicta has 210 seconds left.\n|inactive|LunaVicta has 180 seconds left.\n|\n|t:|1700331622\n|move|p2a: Sinistcha|Rage Powder|p2a: Sinistcha\n|-singleturn|p2a: Sinistcha|move: Rage Powder\n|move|p1a: Marshadow|Close Combat|p2a: Sinistcha\n|-immune|p2a: Sinistcha\n|move|p1b: Charizard|Heat Wave|p2a: Sinistcha|[spread] p2a,p2b\n|-supereffective|p2a: Sinistcha\n|-resisted|p2b: Volcanion\n|-damage|p2a: Sinistcha|0 fnt\n|-damage|p2b: Volcanion|50\/100\n|faint|p2a: Sinistcha\n|move|p2b: Volcanion|Heat Wave|p1b: Charizard|[spread] p1a,p1b\n|-resisted|p1b: Charizard\n|-damage|p1a: Marshadow|24\/100\n|-damage|p1b: Charizard|0 fnt\n|faint|p1b: Charizard\n|\n|-weather|SunnyDay|[upkeep]\n|-fieldend|Misty Terrain\n|upkeep\n|\n|t:|1700331642\n|switch|p1b: Whimsicott|Whimsicott, F|100\/100\n|switch|p2a: Landorus|Landorus-Therian, M|100\/100\n|-ability|p2a: Landorus|Intimidate|boost\n|-unboost|p1a: Marshadow|atk|1\n|-unboost|p1b: Whimsicott|atk|1\n|turn|6\n|inactive|LunaVicta has 210 seconds left.\n|\n|t:|1700331665\n|switch|p2b: Charizard|Charizard, M|100\/100\n|move|p1b: Whimsicott|Tailwind|p1b: Whimsicott\n|-sidestart|p1: LunaVicta|move: Tailwind\n|move|p1a: Marshadow|Close Combat|p2b: Charizard\n|-resisted|p2b: Charizard\n|-damage|p2b: Charizard|62\/100\n|-unboost|p1a: Marshadow|def|1\n|-unboost|p1a: Marshadow|spd|1\n|-damage|p1a: Marshadow|15\/100|[from] item: Life Orb\n|move|p2a: Landorus|Stomping Tantrum|p1a: Marshadow\n|-damage|p1a: Marshadow|0 fnt\n|faint|p1a: Marshadow\n|\n|-weather|SunnyDay|[upkeep]\n|upkeep\n|\n|t:|1700331694\n|switch|p1a: Ogerpon|Ogerpon-Hearthflame, F|100\/100\n|-ability|p1a: Ogerpon|Mold Breaker\n|turn|7\n|\n|t:|1700331720\n|detailschange|p2b: Charizard|Charizard-Mega-Y, M\n|-mega|p2b: Charizard|Charizard|Charizardite Y\n|-terastallize|p1a: Ogerpon|Fire\n|detailschange|p1a: Ogerpon|Ogerpon-Hearthflame-Tera, F, tera:Fire\n|-ability|p1a: Ogerpon|Embody Aspect (Hearthflame)|boost\n|-boost|p1a: Ogerpon|atk|1\n|move|p1a: Ogerpon|Ivy Cudgel|p2a: Landorus|[anim] Ivy Cudgel Fire\n|-damage|p2a: Landorus|0 fnt\n|faint|p2a: Landorus\n|move|p1b: Whimsicott|Moonblast|p2b: Charizard\n|-resisted|p2b: Charizard\n|-damage|p2b: Charizard|44\/100\n|move|p2b: Charizard|Heat Wave|p1b: Whimsicott|[spread] p1a,p1b\n|-resisted|p1a: Ogerpon\n|-supereffective|p1b: Whimsicott\n|-damage|p1a: Ogerpon|63\/100\n|-damage|p1b: Whimsicott|0 fnt\n|faint|p1b: Whimsicott\n|\n|-weather|none\n|upkeep\n|inactive|LunaVicta has 210 seconds left.\n|\n|t:|1700331744\n|switch|p2a: Volcanion|Volcanion|50\/100\n|switch|p1b: Tapu Fini|Tapu Fini|39\/100\n|-fieldstart|move: Misty Terrain|[from] ability: Misty Surge|[of] p1b: Tapu Fini\n|turn|8\n|inactive|LunaVicta has 210 seconds left.\n|\n|t:|1700331772\n|switch|p2b: Jirachi|Jirachi|100\/100\n|-terastallize|p2a: Volcanion|Fire\n|move|p1b: Tapu Fini|Scald|p2b: Jirachi\n|-damage|p2b: Jirachi|72\/100\n|move|p1a: Ogerpon|Wood Hammer|p2a: Volcanion\n|-resisted|p2a: Volcanion\n|-damage|p2a: Volcanion|11\/100\n|-damage|p1a: Ogerpon|48\/100|[from] Recoil\n|move|p2a: Volcanion|Steam Eruption|p1a: Ogerpon\n|-supereffective|p1a: Ogerpon\n|-damage|p1a: Ogerpon|0 fnt\n|faint|p1a: Ogerpon\n|\n|upkeep\n|turn|9\n|c|\u2606LunaVicta|gg\n|inactive|LunaVicta has 210 seconds left.\n|c|\u2606BriefMarigold4|gg\n|-message|LunaVicta forfeited.\n|\n|win|BriefMarigold4\n|l|\u2606LunaVicta\n|l|\u2606BriefMarigold4\n|j|\u2606LunaVicta\n|player|p1|LunaVicta|1\n|l|\u2606LunaVicta\n|player|p1|\n|j|\u2606BriefMarigold4\n|player|p2|BriefMarigold4|169\n","uploadtime":1700331912,"views":39,"p1id":"lunavicta","p2id":"briefmarigold4","formatid":"gen9nationaldexdoubles","rating":0,"private":0,"password":""}