{"id":"gen9nationaldexdoubles-1984903070","p1":"neophyteneon","p2":"GunGalione","format":"[Gen 9] National Dex Doubles","log":"|j|\u2606neophyteneon\n|j|\u2606GunGalione\n|t:|1699309211\n|gametype|doubles\n|player|p1|neophyteneon|pokemaniac|1087\n|player|p2|GunGalione|pokemonranger-gen4|1340\n|teamsize|p1|6\n|teamsize|p2|6\n|gen|9\n|tier|[Gen 9] National Dex Doubles\n|rated|\n|rule|HP Percentage Mod: HP is shown in percentages\n|rule|Endless Battle Clause: Forcing endless battles is banned\n|rule|OHKO Clause: OHKO moves are banned\n|rule|Evasion Moves Clause: Evasion moves are banned\n|rule|Evasion Abilities Clause: Evasion abilities are banned\n|rule|Species Clause: Limit one of each Pok\u00e9mon\n|rule|Gravity Sleep Clause: The combination of sleep-inducing moves with imperfect accuracy and Gravity or Gigantamax Orbeetle are banned\n|clearpoke\n|poke|p1|Torkoal, F|\n|poke|p1|Venusaur, M|\n|poke|p1|Charizard, M|\n|poke|p1|Blissey, F|\n|poke|p1|Kartana|\n|poke|p1|Corviknight, M|\n|poke|p2|Typhlosion, F|\n|poke|p2|Chi-Yu|\n|poke|p2|Torkoal, F|\n|poke|p2|Heliolisk, F|\n|poke|p2|Manectric, F|\n|poke|p2|Talonflame, M|\n|teampreview\n|\n|t:|1699309221\n|start\n|switch|p1a: Sweetums|Torkoal, F, shiny|100\/100\n|switch|p1b: Kitty|Charizard, M, shiny|100\/100\n|switch|p2a: Heliolisk|Heliolisk, F|100\/100\n|switch|p2b: Talonflame|Talonflame, M|100\/100\n|-weather|SunnyDay|[from] ability: Drought|[of] p1a: Sweetums\n|turn|1\n|\n|t:|1699309241\n|move|p2a: Heliolisk|Protect|p2a: Heliolisk\n|-singleturn|p2a: Heliolisk|Protect\n|move|p2b: Talonflame|Tailwind|p2b: Talonflame\n|-sidestart|p2: GunGalione|move: Tailwind\n|move|p1b: Kitty|Weather Ball|p2b: Talonflame\n|-resisted|p2b: Talonflame\n|-damage|p2b: Talonflame|25\/100\n|move|p1a: Sweetums|Stealth Rock|p2b: Talonflame\n|-sidestart|p2: GunGalione|move: Stealth Rock\n|\n|-weather|SunnyDay|[upkeep]\n|-damage|p2a: Heliolisk|88\/100|[from] ability: Solar Power|[of] p2a: Heliolisk\n|-damage|p1b: Kitty|88\/100|[from] ability: Solar Power|[of] p1b: Kitty\n|-heal|p1b: Kitty|94\/100|[from] item: Leftovers\n|upkeep\n|turn|2\n|\n|t:|1699309267\n|switch|p1a: Pretty thing|Corviknight, M, shiny|100\/100\n|-ability|p1a: Pretty thing|Pressure\n|-terastallize|p2a: Heliolisk|Dark\n|move|p2b: Talonflame|U-turn|p2a: Heliolisk\n|-supereffective|p2a: Heliolisk\n|-damage|p2a: Heliolisk|31\/100\n|-enditem|p2a: Heliolisk|Weakness Policy\n|-boost|p2a: Heliolisk|atk|2|[from] item: Weakness Policy\n|-boost|p2a: Heliolisk|spa|2|[from] item: Weakness Policy\n|\n|t:|1699309276\n|switch|p2b: Manectric|Manectric, F, shiny|100\/100|[from] U-turn\n|-damage|p2b: Manectric|88\/100|[from] Stealth Rock\n|move|p2a: Heliolisk|Parabolic Charge|p1b: Kitty|[spread] p1a,p1b\n|-ability|p2b: Manectric|Lightning Rod|boost\n|-boost|p2b: Manectric|spa|1\n|-supereffective|p1a: Pretty thing\n|-supereffective|p1b: Kitty\n|-damage|p1a: Pretty thing|0 fnt\n|-heal|p2a: Heliolisk|95\/100|[from] drain|[of] p1a: Pretty thing\n|-damage|p1b: Kitty|0 fnt\n|-heal|p2a: Heliolisk|100\/100|[from] drain|[of] p1b: Kitty\n|faint|p1a: Pretty thing\n|faint|p1b: Kitty\n|\n|-weather|SunnyDay|[upkeep]\n|-damage|p2a: Heliolisk|88\/100|[from] ability: Solar Power|[of] p2a: Heliolisk\n|upkeep\n|\n|t:|1699309298\n|switch|p1b: Mama|Blissey, F|100\/100\n|switch|p1a: Baby boy|Venusaur, M|100\/100\n|turn|3\n|\n|t:|1699309312\n|move|p2a: Heliolisk|Weather Ball|p1a: Baby boy\n|-supereffective|p1a: Baby boy\n|-damage|p1a: Baby boy|0 fnt\n|faint|p1a: Baby boy\n|move|p2b: Manectric|Hyper Voice|p1b: Mama\n|-damage|p1b: Mama|83\/100\n|-enditem|p2b: Manectric|Throat Spray\n|-boost|p2b: Manectric|spa|1|[from] item: Throat Spray\n|move|p1b: Mama|Soft-Boiled|p1b: Mama\n|-heal|p1b: Mama|100\/100\n|\n|-weather|SunnyDay|[upkeep]\n|-damage|p2a: Heliolisk|76\/100|[from] ability: Solar Power|[of] p2a: Heliolisk\n|upkeep\n|\n|t:|1699309327\n|switch|p1a: YEUCK|Kartana, shiny|100\/100\n|turn|4\n|\n|t:|1699309341\n|move|p2a: Heliolisk|Parabolic Charge|p1a: YEUCK|[spread] p1a,p1b\n|-ability|p2b: Manectric|Lightning Rod|boost\n|-boost|p2b: Manectric|spa|1\n|-resisted|p1a: YEUCK\n|-damage|p1a: YEUCK|0 fnt\n|-heal|p2a: Heliolisk|100\/100|[from] drain|[of] p1a: YEUCK\n|-damage|p1b: Mama|77\/100\n|faint|p1a: YEUCK\n|move|p2b: Manectric|Hyper Voice|p1b: Mama\n|-damage|p1b: Mama|48\/100\n|move|p1b: Mama|Earthquake|p2b: Manectric|[spread] p2a,p2b\n|-supereffective|p2b: Manectric\n|-damage|p2a: Heliolisk|93\/100\n|-damage|p2b: Manectric|75\/100\n|\n|-weather|SunnyDay|[upkeep]\n|-damage|p2a: Heliolisk|80\/100|[from] ability: Solar Power|[of] p2a: Heliolisk\n|-sideend|p2: GunGalione|move: Tailwind\n|upkeep\n|\n|t:|1699309361\n|switch|p1a: Sweetums|Torkoal, F, shiny|100\/100\n|turn|5\n|\n|t:|1699309379\n|move|p2a: Heliolisk|Weather Ball|p1b: Mama\n|-damage|p1b: Mama|0 fnt\n|faint|p1b: Mama\n|move|p2b: Manectric|Thunderbolt|p1a: Sweetums\n|-damage|p1a: Sweetums|0 fnt\n|faint|p1a: Sweetums\n|\n|win|GunGalione\n|raw|neophyteneon's rating: 1087 &rarr; <strong>1078<\/strong><br \/>(-9 for losing)\n|raw|GunGalione's rating: 1340 &rarr; <strong>1348<\/strong><br \/>(+8 for winning)\n","uploadtime":1699309392,"views":6,"p1id":"neophyteneon","p2id":"gungalione","formatid":"gen9nationaldexdoubles","rating":1078,"private":0,"password":""}