{"id":"gen9nationaldexdoubles-1975383998","p1":"repolnareff","p2":"Quarnaro","format":"[Gen 9] National Dex Doubles","log":"|j|\u2606repolnareff\n|j|\u2606Quarnaro\n|t:|1698185532\n|gametype|doubles\n|player|p1|repolnareff|drayden|1124\n|player|p2|Quarnaro|schoolkid|1063\n|teamsize|p1|6\n|teamsize|p2|6\n|gen|9\n|tier|[Gen 9] National Dex Doubles\n|rated|\n|rule|HP Percentage Mod: HP is shown in percentages\n|rule|Endless Battle Clause: Forcing endless battles is banned\n|rule|OHKO Clause: OHKO moves are banned\n|rule|Evasion Moves Clause: Evasion moves are banned\n|rule|Evasion Abilities Clause: Evasion abilities are banned\n|rule|Species Clause: Limit one of each Pok\u00e9mon\n|rule|Gravity Sleep Clause: The combination of sleep-inducing moves with imperfect accuracy and Gravity or Gigantamax Orbeetle are banned\n|clearpoke\n|poke|p1|Alakazam, F|\n|poke|p1|Gliscor, F|\n|poke|p1|Tapu Bulu|\n|poke|p1|Toxapex, F|\n|poke|p1|Tornadus-Therian, M|\n|poke|p1|Heatran, M|\n|poke|p2|Electrode-Hisui|\n|poke|p2|Clefable, M|\n|poke|p2|Rillaboom, M|\n|poke|p2|Kleavor, M|\n|poke|p2|Bisharp, F|\n|poke|p2|Basculegion, M|\n|teampreview\n|inactive|Battle timer is ON: inactive players will automatically lose when time's up. (requested by repolnareff)\n|\n|t:|1698185549\n|start\n|switch|p1a: Alakazam|Alakazam, F|100\/100\n|switch|p1b: Tornadus|Tornadus-Therian, M|100\/100\n|switch|p2a: Electrode|Electrode-Hisui|100\/100\n|switch|p2b: Clefable|Clefable, M|100\/100\n|turn|1\n|\n|t:|1698185566\n|detailschange|p1a: Alakazam|Alakazam-Mega, F\n|-mega|p1a: Alakazam|Alakazam|Alakazite\n|-ability|p1a: Alakazam|Soundproof|[from] ability: Trace|[of] p2a: Electrode\n|move|p1a: Alakazam|Psychic|p2a: Electrode\n|-damage|p2a: Electrode|12\/100\n|move|p1b: Tornadus|Tailwind|p1b: Tornadus\n|-sidestart|p1: repolnareff|move: Tailwind\n|move|p2b: Clefable|Skill Swap|p2a: Electrode\n|-activate|p2b: Clefable|move: Skill Swap|||[of] p2a: Electrode\n|move|p2a: Electrode|Chloroblast|p1a: Alakazam\n|-damage|p1a: Alakazam|0 fnt\n|faint|p1a: Alakazam\n|\n|upkeep\n|\n|t:|1698185584\n|switch|p1a: Gliscor|Gliscor, F|100\/100\n|turn|2\n|\n|t:|1698185599\n|switch|p2b: Rillaboom|Rillaboom, M|100\/100\n|-fieldstart|move: Grassy Terrain|[from] ability: Grassy Surge|[of] p2b: Rillaboom\n|move|p1b: Tornadus|Hurricane|p2b: Rillaboom\n|-supereffective|p2b: Rillaboom\n|-damage|p2b: Rillaboom|37\/100\n|move|p1a: Gliscor|Earthquake|p2a: Electrode|[spread] p2a,p2b\n|-immune|p1b: Tornadus\n|-resisted|p2b: Rillaboom\n|-damage|p2a: Electrode|0 fnt\n|-damage|p2b: Rillaboom|31\/100\n|faint|p2a: Electrode\n|\n|-heal|p2b: Rillaboom|37\/100|[from] Grassy Terrain\n|-status|p1a: Gliscor|tox|[from] item: Toxic Orb\n|upkeep\n|\n|t:|1698185616\n|switch|p2a: Kleavor|Kleavor, M|100\/100\n|turn|3\n|\n|t:|1698185628\n|move|p2b: Rillaboom|Fake Out|p1a: Gliscor\n|-damage|p1a: Gliscor|89\/100 tox\n|move|p1b: Tornadus|Focus Blast|p2a: Kleavor\n|-damage|p2a: Kleavor|52\/100\n|cant|p1a: Gliscor|flinch\n|move|p2a: Kleavor|Stone Axe|p1b: Tornadus\n|-supereffective|p1b: Tornadus\n|-damage|p1b: Tornadus|0 fnt\n|-damage|p2a: Kleavor|35\/100|[from] item: Rocky Helmet|[of] p1b: Tornadus\n|-sidestart|p1: repolnareff|move: Stealth Rock\n|faint|p1b: Tornadus\n|-damage|p2a: Kleavor|25\/100|[from] item: Life Orb\n|\n|-heal|p2a: Kleavor|31\/100|[from] Grassy Terrain\n|-heal|p2b: Rillaboom|43\/100|[from] Grassy Terrain\n|-heal|p1a: Gliscor|100\/100 tox|[from] ability: Poison Heal\n|upkeep\n|\n|t:|1698185649\n|switch|p1b: Toxapex|Toxapex, F|100\/100\n|-damage|p1b: Toxapex|88\/100|[from] Stealth Rock\n|turn|4\n|\n|t:|1698185673\n|move|p2a: Kleavor|Protect|p2a: Kleavor\n|-singleturn|p2a: Kleavor|Protect\n|move|p2b: Rillaboom|Grassy Glide|p1b: Toxapex\n|-damage|p1b: Toxapex|57\/100\n|move|p1a: Gliscor|Ice Fang|p2b: Rillaboom\n|-supereffective|p2b: Rillaboom\n|-damage|p2b: Rillaboom|18\/100\n|-status|p2b: Rillaboom|frz\n|move|p1b: Toxapex|Scald|p2a: Kleavor\n|-activate|p2a: Kleavor|move: Protect\n|\n|-heal|p2a: Kleavor|38\/100|[from] Grassy Terrain\n|-heal|p1b: Toxapex|63\/100|[from] Grassy Terrain\n|-heal|p1b: Toxapex|70\/100|[from] item: Black Sludge\n|-heal|p2b: Rillaboom|25\/100 frz|[from] Grassy Terrain\n|-sideend|p1: repolnareff|move: Tailwind\n|upkeep\n|turn|5\n|c|\u2606Quarnaro|the freeze\n|\n|t:|1698185703\n|-curestatus|p2b: Rillaboom|frz|[msg]\n|move|p2b: Rillaboom|Grassy Glide|p1a: Gliscor\n|-damage|p1a: Gliscor|70\/100 tox\n|move|p2a: Kleavor|Psycho Cut|p1b: Toxapex\n|-supereffective|p1b: Toxapex\n|-damage|p1b: Toxapex|0 fnt\n|faint|p1b: Toxapex\n|-damage|p2a: Kleavor|28\/100|[from] item: Life Orb\n|move|p1a: Gliscor|Swords Dance|p1a: Gliscor\n|-boost|p1a: Gliscor|atk|2\n|\n|-heal|p2a: Kleavor|34\/100|[from] Grassy Terrain\n|-heal|p2b: Rillaboom|31\/100|[from] Grassy Terrain\n|-heal|p1a: Gliscor|82\/100 tox|[from] ability: Poison Heal\n|upkeep\n|inactive|repolnareff has 120 seconds left.\n|\n|t:|1698185720\n|switch|p1b: Heatran|Heatran, M|100\/100\n|-damage|p1b: Heatran|88\/100|[from] Stealth Rock\n|turn|6\n|\n|t:|1698185744\n|move|p2a: Kleavor|Stone Axe|p1a: Gliscor\n|-damage|p1a: Gliscor|28\/100 tox\n|-damage|p2a: Kleavor|24\/100|[from] item: Life Orb\n|move|p1a: Gliscor|Ice Fang|p2b: Rillaboom\n|-supereffective|p2b: Rillaboom\n|-damage|p2b: Rillaboom|0 fnt\n|faint|p2b: Rillaboom\n|move|p1b: Heatran|Magma Storm|p2a: Kleavor\n|-damage|p2a: Kleavor|0 fnt\n|faint|p2a: Kleavor\n|\n|-heal|p1b: Heatran|94\/100|[from] Grassy Terrain\n|-heal|p1a: Gliscor|40\/100 tox|[from] ability: Poison Heal\n|-fieldend|move: Grassy Terrain\n|upkeep\n|inactive|Quarnaro has 120 seconds left.\n|inactive|Quarnaro has 90 seconds left.\n|\n|t:|1698185814\n|switch|p2a: Clefable|Clefable, M|100\/100\n|switch|p2b: Bisharp|Bisharp, F|100\/100\n|turn|7\n|inactive|Quarnaro has 90 seconds left.\n|inactive|repolnareff has 120 seconds left.\n|\n|t:|1698185845\n|move|p2b: Bisharp|Protect|p2b: Bisharp\n|-singleturn|p2b: Bisharp|Protect\n|move|p2a: Clefable|Skill Swap|p1a: Gliscor\n|-activate|p2a: Clefable|move: Skill Swap|Poison Heal|Magic Guard|[of] p1a: Gliscor\n|move|p1a: Gliscor|Roost|p1a: Gliscor\n|-heal|p1a: Gliscor|90\/100 tox\n|-singleturn|p1a: Gliscor|move: Roost\n|-zpower|p1b: Heatran\n|move|p1b: Heatran|Inferno Overdrive|p2b: Bisharp|[zeffect]\n|-supereffective|p2b: Bisharp\n|-zbroken|p2b: Bisharp\n|-damage|p2b: Bisharp|55\/100\n|\n|upkeep\n|turn|8\n|inactive|Quarnaro has 90 seconds left.\n|\n|t:|1698185894\n|move|p2a: Clefable|Skill Swap|p1b: Heatran\n|-activate|p2a: Clefable|move: Skill Swap|Flash Fire|Poison Heal|[of] p1b: Heatran\n|move|p1a: Gliscor|Ice Fang|p2a: Clefable\n|-damage|p2a: Clefable|66\/100\n|move|p1b: Heatran|Magma Storm|p2b: Bisharp\n|-supereffective|p2b: Bisharp\n|-damage|p2b: Bisharp|0 fnt\n|faint|p2b: Bisharp\n|\n|upkeep\n|\n|t:|1698185903\n|switch|p2b: Basculegion|Basculegion, M|100\/100\n|turn|9\n|\n|t:|1698185924\n|switch|p1b: Tapu Bulu|Tapu Bulu|100\/100\n|-damage|p1b: Tapu Bulu|88\/100|[from] Stealth Rock\n|-fieldstart|move: Grassy Terrain|[from] ability: Grassy Surge|[of] p1b: Tapu Bulu\n|move|p2a: Clefable|Skill Swap|p2b: Basculegion\n|-activate|p2a: Clefable|move: Skill Swap|||[of] p2b: Basculegion\n|move|p1a: Gliscor|Earthquake|p2b: Basculegion|[spread] p1b,p2a,p2b\n|-resisted|p1b: Tapu Bulu\n|-damage|p1b: Tapu Bulu|77\/100\n|-damage|p2a: Clefable|40\/100\n|-damage|p2b: Basculegion|75\/100\n|move|p2b: Basculegion|Last Respects|p1b: Tapu Bulu\n|-damage|p1b: Tapu Bulu|0 fnt\n|faint|p1b: Tapu Bulu\n|\n|-heal|p2a: Clefable|46\/100|[from] Grassy Terrain\n|-heal|p2b: Basculegion|81\/100|[from] Grassy Terrain\n|upkeep\n|inactive|repolnareff has 120 seconds left.\n|\n|t:|1698185952\n|switch|p1b: Heatran|Heatran, M|94\/100\n|-damage|p1b: Heatran|82\/100|[from] Stealth Rock\n|turn|10\n|inactive|Quarnaro has 90 seconds left.\n|\n|t:|1698185963\n|move|p2a: Clefable|Skill Swap|p1a: Gliscor\n|-activate|p2a: Clefable|move: Skill Swap|Magic Guard|Adaptability|[of] p1a: Gliscor\n|move|p1a: Gliscor|Ice Fang|p2b: Basculegion\n|-resisted|p2b: Basculegion\n|-damage|p2b: Basculegion|66\/100\n|move|p1b: Heatran|Earth Power|p2b: Basculegion\n|-damage|p2b: Basculegion|44\/100\n|-enditem|p2b: Basculegion|Sitrus Berry|[eat]\n|-heal|p2b: Basculegion|69\/100|[from] item: Sitrus Berry\n|move|p2b: Basculegion|Last Respects|p1b: Heatran\n|-damage|p1b: Heatran|0 fnt\n|faint|p1b: Heatran\n|\n|-heal|p2a: Clefable|53\/100|[from] Grassy Terrain\n|-heal|p2b: Basculegion|75\/100|[from] Grassy Terrain\n|-damage|p1a: Gliscor|40\/100 tox|[from] psn\n|upkeep\n|turn|11\n|-message|repolnareff forfeited.\n|\n|win|Quarnaro\n|raw|repolnareff's rating: 1124 &rarr; <strong>1095<\/strong><br \/>(-29 for losing)\n|raw|Quarnaro's rating: 1063 &rarr; <strong>1099<\/strong><br \/>(+36 for winning)\n|l|\u2606repolnareff\n|c|\u2606Quarnaro|gg\n","uploadtime":1698185992,"views":10,"p1id":"repolnareff","p2id":"quarnaro","formatid":"gen9nationaldexdoubles","rating":1095,"private":0,"password":""}