{"id":"gen9nationaldexdoubles-1956681723","p1":"JP Guias","p2":"Kamirami","format":"[Gen 9] National Dex Doubles","log":"|j|\u2606JP Guias\n|j|\u2606Kamirami\n|t:|1696134824\n|gametype|doubles\n|player|p1|JP Guias|bianca|1133\n|player|p2|Kamirami|byron|1255\n|teamsize|p1|6\n|teamsize|p2|6\n|gen|9\n|tier|[Gen 9] National Dex Doubles\n|rated|\n|rule|HP Percentage Mod: HP is shown in percentages\n|rule|Endless Battle Clause: Forcing endless battles is banned\n|rule|OHKO Clause: OHKO moves are banned\n|rule|Evasion Moves Clause: Evasion moves are banned\n|rule|Evasion Abilities Clause: Evasion abilities are banned\n|rule|Species Clause: Limit one of each Pok\u00e9mon\n|rule|Gravity Sleep Clause: The combination of sleep-inducing moves with imperfect accuracy and Gravity or Gigantamax Orbeetle are banned\n|clearpoke\n|poke|p1|Clefairy, F|\n|poke|p1|Torkoal, M|\n|poke|p1|Chi-Yu|\n|poke|p1|Flutter Mane|\n|poke|p1|Iron Hands|\n|poke|p1|Amoonguss, F|\n|poke|p2|Gardevoir, F|\n|poke|p2|Chandelure, M|\n|poke|p2|Bisharp, M|\n|poke|p2|Aegislash, F|\n|poke|p2|Arcanine, M|\n|poke|p2|Corviknight, M|\n|teampreview\n|inactive|Battle timer is ON: inactive players will automatically lose when time's up. (requested by JP Guias)\n|\n|t:|1696134844\n|start\n|switch|p1a: Torkoal|Torkoal, M|100\/100\n|switch|p1b: Clefairy|Clefairy, F|100\/100\n|switch|p2a: Arcanine|Arcanine, M|100\/100\n|switch|p2b: Aegislash|Aegislash, F|100\/100\n|-ability|p2a: Arcanine|Intimidate|boost\n|-unboost|p1a: Torkoal|atk|1\n|-unboost|p1b: Clefairy|atk|1\n|-weather|SunnyDay|[from] ability: Drought|[of] p1a: Torkoal\n|turn|1\n|\n|t:|1696134861\n|switch|p2b: Chandelure|Chandelure, M|100\/100\n|-item|p2b: Chandelure|Air Balloon\n|switch|p1b: Ferro-Tanque|Iron Hands, shiny|100\/100\n|move|p2a: Arcanine|Flare Blitz|p1b: Ferro-Tanque\n|-damage|p1b: Ferro-Tanque|59\/100\n|-damage|p2a: Arcanine|81\/100|[from] Recoil\n|move|p1a: Torkoal|Yawn|p2b: Chandelure\n|-start|p2b: Chandelure|move: Yawn|[of] p1a: Torkoal\n|\n|-weather|SunnyDay|[upkeep]\n|upkeep\n|turn|2\n|inactive|Kamirami has 120 seconds left.\n|\n|t:|1696134898\n|move|p1b: Ferro-Tanque|Fake Out|p2a: Arcanine\n|-damage|p2a: Arcanine|65\/100\n|cant|p2a: Arcanine|flinch\n|move|p2b: Chandelure|Overheat|p1b: Ferro-Tanque\n|-damage|p1b: Ferro-Tanque|0 fnt\n|-unboost|p2b: Chandelure|spa|2\n|faint|p1b: Ferro-Tanque\n|-end|p1b: Ferro-Tanque|Quark Drive|[silent]\n|move|p1a: Torkoal|Stealth Rock|p2a: Arcanine\n|-sidestart|p2: Kamirami|move: Stealth Rock\n|\n|-weather|SunnyDay|[upkeep]\n|-end|p2b: Chandelure|move: Yawn|[silent]\n|-status|p2b: Chandelure|slp\n|upkeep\n|inactive|JP Guias has 120 seconds left.\n|\n|t:|1696134917\n|switch|p1b: Chi-Yu|Chi-Yu|100\/100\n|-ability|p1b: Chi-Yu|Beads of Ruin\n|turn|3\n|\n|t:|1696134932\n|-terastallize|p2a: Arcanine|Normal\n|move|p2a: Arcanine|Extreme Speed|p1b: Chi-Yu\n|-damage|p1b: Chi-Yu|48\/100\n|move|p1b: Chi-Yu|Dark Pulse|p2a: Arcanine\n|-damage|p2a: Arcanine|0 fnt\n|faint|p2a: Arcanine\n|cant|p2b: Chandelure|slp\n|move|p1a: Torkoal|Solar Beam||[still]\n|-prepare|p1a: Torkoal|Solar Beam\n|-anim|p1a: Torkoal|Solar Beam|p2b: Chandelure\n|-resisted|p2b: Chandelure\n|-damage|p2b: Chandelure|80\/100 slp\n|-enditem|p2b: Chandelure|Air Balloon\n|\n|-weather|SunnyDay|[upkeep]\n|upkeep\n|inactive|Kamirami has 120 seconds left.\n|\n|t:|1696134959\n|switch|p2a: Bisharp|Bisharp, M|100\/100\n|-damage|p2a: Bisharp|94\/100|[from] Stealth Rock\n|turn|4\n|\n|t:|1696134969\n|switch|p1b: Clefairy|Clefairy, F|100\/100\n|-curestatus|p2b: Chandelure|slp|[msg]\n|move|p2b: Chandelure|Shadow Ball|p1a: Torkoal\n|-damage|p1a: Torkoal|84\/100\n|move|p2a: Bisharp|Thunder Wave|p1b: Clefairy\n|-status|p1b: Clefairy|par\n|move|p1a: Torkoal|Lava Plume|p2b: Chandelure|[spread] p1b,p2a\n|-start|p2b: Chandelure|ability: Flash Fire\n|-supereffective|p2a: Bisharp\n|-damage|p1b: Clefairy|82\/100 par\n|-damage|p2a: Bisharp|40\/100\n|\n|-weather|SunnyDay|[upkeep]\n|upkeep\n|turn|5\n|\n|t:|1696134989\n|-end|p2b: Chandelure|ability: Flash Fire|[silent]\n|switch|p2b: Aegislash|Aegislash, F|100\/100\n|-damage|p2b: Aegislash|94\/100|[from] Stealth Rock\n|move|p1b: Clefairy|Follow Me|p1b: Clefairy\n|-singleturn|p1b: Clefairy|move: Follow Me\n|move|p2a: Bisharp|Knock Off|p1b: Clefairy\n|-resisted|p1b: Clefairy\n|-damage|p1b: Clefairy|58\/100 par\n|-enditem|p1b: Clefairy|Eviolite|[from] move: Knock Off|[of] p2a: Bisharp\n|move|p1a: Torkoal|Yawn|p2b: Aegislash\n|-start|p2b: Aegislash|move: Yawn|[of] p1a: Torkoal\n|\n|-weather|SunnyDay|[upkeep]\n|upkeep\n|turn|6\n|\n|t:|1696135005\n|switch|p2b: Corviknight|Corviknight, M|100\/100\n|-damage|p2b: Corviknight|88\/100|[from] Stealth Rock\n|move|p1b: Clefairy|Helping Hand|p1a: Torkoal\n|-singleturn|p1a: Torkoal|Helping Hand|[of] p1b: Clefairy\n|move|p2a: Bisharp|Iron Head|p1b: Clefairy\n|-supereffective|p1b: Clefairy\n|-damage|p1b: Clefairy|0 fnt\n|faint|p1b: Clefairy\n|move|p1a: Torkoal|Lava Plume|p2a: Bisharp|[spread] p2a,p2b\n|-supereffective|p2a: Bisharp\n|-supereffective|p2b: Corviknight\n|-damage|p2a: Bisharp|0 fnt\n|-damage|p2b: Corviknight|6\/100\n|-status|p2b: Corviknight|brn\n|faint|p2a: Bisharp\n|\n|-weather|SunnyDay|[upkeep]\n|-heal|p2b: Corviknight|12\/100 brn|[from] item: Leftovers\n|-damage|p2b: Corviknight|6\/100 brn|[from] brn\n|upkeep\n|\n|t:|1696135031\n|switch|p2a: Chandelure|Chandelure, M|80\/100\n|switch|p1b: Flutter Mane|Flutter Mane|100\/100\n|-activate|p1b: Flutter Mane|ability: Protosynthesis\n|-start|p1b: Flutter Mane|protosynthesisspe\n|-damage|p2a: Chandelure|55\/100|[from] Stealth Rock\n|turn|7\n|\n|t:|1696135047\n|move|p1b: Flutter Mane|Shadow Ball|p2a: Chandelure\n|-supereffective|p2a: Chandelure\n|-damage|p2a: Chandelure|0 fnt\n|faint|p2a: Chandelure\n|move|p2b: Corviknight|Tailwind|p2b: Corviknight\n|-sidestart|p2: Kamirami|move: Tailwind\n|move|p1a: Torkoal|Solar Beam||[still]\n|-prepare|p1a: Torkoal|Solar Beam\n|-anim|p1a: Torkoal|Solar Beam|p2b: Corviknight\n|-resisted|p2b: Corviknight\n|-damage|p2b: Corviknight|0 fnt\n|faint|p2b: Corviknight\n|\n|-weather|SunnyDay|[upkeep]\n|upkeep\n|\n|t:|1696135058\n|switch|p2a: Gardevoir|Gardevoir, F, shiny|100\/100\n|switch|p2b: Aegislash|Aegislash, F|94\/100\n|-damage|p2a: Gardevoir|88\/100|[from] Stealth Rock\n|-damage|p2b: Aegislash|88\/100|[from] Stealth Rock\n|turn|8\n|\n|t:|1696135085\n|switch|p1a: Chi-Yu|Chi-Yu|48\/100\n|-ability|p1a: Chi-Yu|Beads of Ruin\n|detailschange|p2a: Gardevoir|Gardevoir-Mega, F, shiny\n|-mega|p2a: Gardevoir|Gardevoir|Gardevoirite\n|-formechange|p2b: Aegislash|Aegislash-Blade||[from] ability: Stance Change\n|move|p2b: Aegislash|Shadow Sneak|p1b: Flutter Mane\n|-supereffective|p1b: Flutter Mane\n|-damage|p1b: Flutter Mane|26\/100\n|move|p2a: Gardevoir|Hyper Voice|p1b: Flutter Mane|[spread] p1a,p1b\n|-damage|p1a: Chi-Yu|0 fnt\n|-damage|p1b: Flutter Mane|0 fnt\n|faint|p1a: Chi-Yu\n|faint|p1b: Flutter Mane\n|-end|p1b: Flutter Mane|Protosynthesis|[silent]\n|\n|-weather|none\n|upkeep\n|inactive|JP Guias has 120 seconds left.\n|\n|t:|1696135101\n|switch|p1b: Amoonguss|Amoonguss, F, shiny|100\/100\n|switch|p1a: Torkoal|Torkoal, M|84\/100\n|-weather|SunnyDay|[from] ability: Drought|[of] p1a: Torkoal\n|turn|9\n|\n|t:|1696135115\n|-formechange|p2b: Aegislash|Aegislash||[from] ability: Stance Change\n|move|p2b: Aegislash|King's Shield|p2b: Aegislash\n|-singleturn|p2b: Aegislash|Protect\n|move|p2a: Gardevoir|Psyshock|p1b: Amoonguss\n|-supereffective|p1b: Amoonguss\n|-damage|p1b: Amoonguss|15\/100\n|move|p1b: Amoonguss|Spore|p2b: Aegislash\n|-status|p2b: Aegislash|slp|[from] move: Spore\n|move|p1a: Torkoal|Yawn|p2a: Gardevoir\n|-start|p2a: Gardevoir|move: Yawn|[of] p1a: Torkoal\n|\n|-weather|SunnyDay|[upkeep]\n|-heal|p1b: Amoonguss|21\/100|[from] item: Leftovers\n|upkeep\n|turn|10\n|\n|t:|1696135142\n|move|p2a: Gardevoir|Mystical Fire|p1b: Amoonguss\n|-supereffective|p1b: Amoonguss\n|-damage|p1b: Amoonguss|0 fnt\n|faint|p1b: Amoonguss\n|cant|p2b: Aegislash|slp\n|move|p1a: Torkoal|Lava Plume|p2a: Gardevoir|[spread] p2a,p2b\n|-supereffective|p2b: Aegislash\n|-damage|p2a: Gardevoir|62\/100\n|-damage|p2b: Aegislash|47\/100 slp\n|-enditem|p2b: Aegislash|Weakness Policy\n|-boost|p2b: Aegislash|atk|2|[from] item: Weakness Policy\n|-boost|p2b: Aegislash|spa|2|[from] item: Weakness Policy\n|\n|-weather|SunnyDay|[upkeep]\n|-end|p2a: Gardevoir|move: Yawn|[silent]\n|-status|p2a: Gardevoir|slp\n|-sideend|p2: Kamirami|move: Tailwind\n|upkeep\n|turn|11\n|\n|t:|1696135158\n|cant|p2b: Aegislash|slp\n|cant|p2a: Gardevoir|slp\n|move|p1a: Torkoal|Lava Plume|p2b: Aegislash|[spread] p2a,p2b\n|-supereffective|p2b: Aegislash\n|-damage|p2a: Gardevoir|38\/100 slp\n|-damage|p2b: Aegislash|0 fnt\n|faint|p2b: Aegislash\n|\n|-weather|SunnyDay|[upkeep]\n|upkeep\n|turn|12\n|\n|t:|1696135170\n|-terastallize|p1a: Torkoal|Grass\n|cant|p2a: Gardevoir|slp\n|move|p1a: Torkoal|Solar Beam||[still]\n|-prepare|p1a: Torkoal|Solar Beam\n|-anim|p1a: Torkoal|Solar Beam|p2a: Gardevoir\n|-damage|p2a: Gardevoir|2\/100 slp\n|\n|-weather|SunnyDay|[upkeep]\n|upkeep\n|turn|13\n|\n|t:|1696135181\n|cant|p2a: Gardevoir|slp\n|move|p1a: Torkoal|Solar Beam||[still]\n|-prepare|p1a: Torkoal|Solar Beam\n|-anim|p1a: Torkoal|Solar Beam|p2a: Gardevoir\n|-crit|p2a: Gardevoir\n|-damage|p2a: Gardevoir|0 fnt\n|faint|p2a: Gardevoir\n|\n|win|JP Guias\n|raw|JP Guias's rating: 1133 &rarr; <strong>1166<\/strong><br \/>(+33 for winning)\n|raw|Kamirami's rating: 1255 &rarr; <strong>1222<\/strong><br \/>(-33 for losing)\n|l|\u2606Kamirami\n","uploadtime":1696135188,"views":5,"p1id":"jpguias","p2id":"kamirami","formatid":"gen9nationaldexdoubles","rating":1166,"private":0,"password":""}