{"id":"gen9nationaldexdoubles-1997037234","p1":"BriefMarigold4","p2":"SolarBeam Slakoth","format":"[Gen 9] National Dex Doubles","log":"|j|\u2606BriefMarigold4\n|j|\u2606SolarBeam Slakoth\n|t:|1700758160\n|gametype|doubles\n|player|p1|BriefMarigold4|266|1520\n|player|p2|SolarBeam Slakoth|schoolkid-gen4dp|1452\n|teamsize|p1|6\n|teamsize|p2|6\n|gen|9\n|tier|[Gen 9] National Dex Doubles\n|rated|\n|rule|HP Percentage Mod: HP is shown in percentages\n|rule|Endless Battle Clause: Forcing endless battles is banned\n|rule|OHKO Clause: OHKO moves are banned\n|rule|Evasion Moves Clause: Evasion moves are banned\n|rule|Evasion Abilities Clause: Evasion abilities are banned\n|rule|Species Clause: Limit one of each Pok\u00e9mon\n|rule|Gravity Sleep Clause: The combination of sleep-inducing moves with imperfect accuracy and Gravity or Gigantamax Orbeetle are banned\n|clearpoke\n|poke|p1|Landorus-Therian, M|\n|poke|p1|Tapu Fini|\n|poke|p1|Snorlax, M|\n|poke|p1|Sinistcha-Masterpiece|\n|poke|p1|Gothitelle, M|\n|poke|p1|Kyurem-Black|\n|poke|p2|Eevee, F|\n|poke|p2|Mr. Mime, F|\n|poke|p2|Rillaboom, F|\n|poke|p2|Charizard, F|\n|poke|p2|Chi-Yu|\n|poke|p2|Zygarde|\n|teampreview\n|inactive|Battle timer is ON: inactive players will automatically lose when time's up. (requested by SolarBeam Slakoth)\n|\n|t:|1700758174\n|start\n|switch|p1a: my lil fatty UwU|Snorlax, M|100\/100\n|switch|p1b: oi it be tea time|Sinistcha-Masterpiece|100\/100\n|switch|p2a: Matchup|Eevee, F, shiny|100\/100\n|switch|p2b: Fisher|Mr. Mime, F|100\/100\n|turn|1\n|j| Ace Trainer Davon\n|\n|t:|1700758185\n|move|p2b: Fisher|Taunt|p1a: my lil fatty UwU\n|-start|p1a: my lil fatty UwU|move: Taunt\n|-zpower|p2a: Matchup\n|move|p2a: Matchup|Extreme Evoboost|p2a: Matchup\n|-boost|p2a: Matchup|atk|2\n|-boost|p2a: Matchup|def|2\n|-boost|p2a: Matchup|spa|2\n|-boost|p2a: Matchup|spd|2\n|-boost|p2a: Matchup|spe|2\n|cant|p1a: my lil fatty UwU|move: Taunt|Belly Drum\n|move|p1b: oi it be tea time|Trick Room|p1b: oi it be tea time\n|-fieldstart|move: Trick Room|[of] p1b: oi it be tea time\n|\n|upkeep\n|turn|2\n|\n|t:|1700758201\n|move|p2b: Fisher|Follow Me|p2b: Fisher\n|-singleturn|p2b: Fisher|move: Follow Me\n|move|p1a: my lil fatty UwU|Return|p2b: Fisher\n|-damage|p2b: Fisher|50\/100\n|move|p1b: oi it be tea time|Shadow Ball|p2b: Fisher\n|-supereffective|p2b: Fisher\n|-damage|p2b: Fisher|0 fnt\n|faint|p2b: Fisher\n|move|p2a: Matchup|Baton Pass|p2a: Matchup\n|l| Ace Trainer Davon\n|\n|t:|1700758210\n|switch|p2a: Zygarde|Zygarde, shiny|100\/100|[from] Baton Pass\n|-ability|p2a: Zygarde|Aura Break\n|\n|upkeep\n|\n|t:|1700758226\n|switch|p2b: Rillaboom|Rillaboom, F|100\/100\n|-fieldstart|move: Grassy Terrain|[from] ability: Grassy Surge|[of] p2b: Rillaboom\n|turn|3\n|\n|t:|1700758238\n|switch|p1a: *boom vine effect*|Landorus-Therian, M|100\/100\n|-ability|p1a: *boom vine effect*|Intimidate|boost\n|-unboost|p2a: Zygarde|atk|1\n|-unboost|p2b: Rillaboom|atk|1\n|move|p2b: Rillaboom|Fake Out|p1a: *boom vine effect*\n|-damage|p1a: *boom vine effect*|89\/100\n|move|p1b: oi it be tea time|Matcha Gotcha|p2b: Rillaboom|[spread] p2a,p2b\n|-resisted|p2b: Rillaboom\n|-damage|p2a: Zygarde|85\/100\n|-damage|p2b: Rillaboom|84\/100\n|move|p2a: Zygarde|Substitute|p2a: Zygarde\n|-start|p2a: Zygarde|Substitute\n|-damage|p2a: Zygarde|60\/100\n|\n|-heal|p2b: Rillaboom|90\/100|[from] Grassy Terrain\n|-heal|p2a: Zygarde|67\/100|[from] Grassy Terrain\n|-heal|p2a: Zygarde|73\/100|[from] item: Leftovers\n|upkeep\n|turn|4\n|\n|t:|1700758261\n|move|p2a: Zygarde|Protect|p2a: Zygarde\n|-singleturn|p2a: Zygarde|Protect\n|move|p1b: oi it be tea time|Shadow Ball|p2a: Zygarde\n|-activate|p2a: Zygarde|move: Protect\n|move|p2b: Rillaboom|Wood Hammer|p1a: *boom vine effect*\n|-damage|p1a: *boom vine effect*|5\/100\n|-damage|p2b: Rillaboom|68\/100|[from] Recoil\n|move|p1a: *boom vine effect*|U-turn|p2a: Zygarde\n|-activate|p2a: Zygarde|move: Protect\n|\n|-heal|p2b: Rillaboom|74\/100|[from] Grassy Terrain\n|-heal|p2a: Zygarde|79\/100|[from] Grassy Terrain\n|-heal|p2a: Zygarde|85\/100|[from] item: Leftovers\n|upkeep\n|turn|5\n|\n|t:|1700758285\n|move|p1b: oi it be tea time|Shadow Ball|p2a: Zygarde\n|-activate|p2a: Zygarde|move: Substitute|[damage]\n|move|p2b: Rillaboom|U-turn|p1b: oi it be tea time\n|-damage|p1b: oi it be tea time|87\/100\n|\n|t:|1700758294\n|switch|p2b: Matchup|Eevee, F, shiny|100\/100|[from] U-turn\n|move|p1a: *boom vine effect*|U-turn|p2a: Zygarde\n|-end|p2a: Zygarde|Substitute\n|\n|t:|1700758299\n|switch|p1a: Absolute Unit|Kyurem-Black|100\/100|[from] U-turn\n|-ability|p1a: Absolute Unit|Teravolt\n|move|p2a: Zygarde|Thousand Arrows|p1b: oi it be tea time|[spread] p1a,p1b\n|-resisted|p1b: oi it be tea time\n|-damage|p1a: Absolute Unit|63\/100\n|-damage|p1b: oi it be tea time|67\/100\n|\n|-heal|p1b: oi it be tea time|74\/100|[from] Grassy Terrain\n|-heal|p1a: Absolute Unit|70\/100|[from] Grassy Terrain\n|-heal|p2a: Zygarde|91\/100|[from] Grassy Terrain\n|-heal|p2a: Zygarde|97\/100|[from] item: Leftovers\n|-fieldend|move: Trick Room\n|upkeep\n|turn|6\n|\n|t:|1700758311\n|switch|p1b: *boom vine effect*|Landorus-Therian, M|5\/100\n|-ability|p1b: *boom vine effect*|Intimidate|boost\n|-unboost|p2a: Zygarde|atk|1\n|-unboost|p2b: Matchup|atk|1\n|-terastallize|p2a: Zygarde|Ground\n|move|p2b: Matchup|Helping Hand|p2a: Zygarde\n|-singleturn|p2a: Zygarde|Helping Hand|[of] p2b: Matchup\n|move|p2a: Zygarde|Thousand Arrows|p1b: *boom vine effect*|[spread] p1a,p1b\n|-damage|p1a: Absolute Unit|22\/100\n|-damage|p1b: *boom vine effect*|0 fnt\n|faint|p1b: *boom vine effect*\n|move|p1a: Absolute Unit|Freeze-Dry|p2a: Zygarde\n|-supereffective|p2a: Zygarde\n|-damage|p2a: Zygarde|68\/100\n|\n|-heal|p2a: Zygarde|74\/100|[from] Grassy Terrain\n|-heal|p2a: Zygarde|81\/100|[from] item: Leftovers\n|-heal|p1a: Absolute Unit|28\/100|[from] Grassy Terrain\n|upkeep\n|\n|t:|1700758326\n|switch|p1b: oi it be tea time|Sinistcha-Masterpiece|74\/100\n|-heal|p1a: Absolute Unit|53\/100|[from] ability: Hospitality|[of] p1b: oi it be tea time\n|turn|7\n|\n|t:|1700758347\n|move|p2a: Zygarde|Substitute|p2a: Zygarde\n|-start|p2a: Zygarde|Substitute\n|-damage|p2a: Zygarde|56\/100\n|move|p1a: Absolute Unit|Focus Blast|p2b: Matchup\n|-supereffective|p2b: Matchup\n|-damage|p2b: Matchup|0 fnt\n|faint|p2b: Matchup\n|move|p1b: oi it be tea time|Trick Room|p1b: oi it be tea time\n|-fieldstart|move: Trick Room|[of] p1b: oi it be tea time\n|\n|-heal|p1b: oi it be tea time|80\/100|[from] Grassy Terrain\n|-heal|p1a: Absolute Unit|59\/100|[from] Grassy Terrain\n|-heal|p2a: Zygarde|62\/100|[from] Grassy Terrain\n|-heal|p2a: Zygarde|68\/100|[from] item: Leftovers\n|-fieldend|move: Grassy Terrain\n|upkeep\n|\n|t:|1700758359\n|switch|p2b: Rillaboom|Rillaboom, F|74\/100\n|-fieldstart|move: Grassy Terrain|[from] ability: Grassy Surge|[of] p2b: Rillaboom\n|turn|8\n|\n|t:|1700758381\n|move|p2b: Rillaboom|Fake Out|p1a: Absolute Unit\n|-damage|p1a: Absolute Unit|48\/100\n|move|p1b: oi it be tea time|Matcha Gotcha|p2b: Rillaboom|[spread] p2a,p2b\n|-supereffective|p2a: Zygarde\n|-end|p2a: Zygarde|Substitute\n|-heal|p1b: oi it be tea time|93\/100|[from] drain|[of] p2a: Zygarde\n|-resisted|p2b: Rillaboom\n|-damage|p2b: Rillaboom|58\/100\n|-heal|p1b: oi it be tea time|100\/100|[from] drain|[of] p2b: Rillaboom\n|cant|p1a: Absolute Unit|flinch\n|move|p2a: Zygarde|Thousand Arrows|p1b: oi it be tea time|[spread] p1a,p1b\n|-resisted|p1b: oi it be tea time\n|-damage|p1a: Absolute Unit|14\/100\n|-damage|p1b: oi it be tea time|83\/100\n|\n|-heal|p1b: oi it be tea time|89\/100|[from] Grassy Terrain\n|-heal|p2b: Rillaboom|64\/100|[from] Grassy Terrain\n|-heal|p1a: Absolute Unit|20\/100|[from] Grassy Terrain\n|-heal|p2a: Zygarde|74\/100|[from] Grassy Terrain\n|-heal|p2a: Zygarde|80\/100|[from] item: Leftovers\n|upkeep\n|turn|9\n|\n|t:|1700758399\n|move|p2b: Rillaboom|Grassy Glide|p1a: Absolute Unit\n|-resisted|p1a: Absolute Unit\n|-damage|p1a: Absolute Unit|1\/100\n|move|p1b: oi it be tea time|Matcha Gotcha|p2b: Rillaboom|[spread] \n|-miss|p1b: oi it be tea time|p2a: Zygarde\n|-miss|p1b: oi it be tea time|p2b: Rillaboom\n|move|p1a: Absolute Unit|Freeze-Dry|p2b: Rillaboom\n|-supereffective|p2b: Rillaboom\n|-damage|p2b: Rillaboom|0 fnt\n|faint|p2b: Rillaboom\n|move|p2a: Zygarde|Substitute|p2a: Zygarde\n|-start|p2a: Zygarde|Substitute\n|-damage|p2a: Zygarde|55\/100\n|\n|-heal|p1b: oi it be tea time|95\/100|[from] Grassy Terrain\n|-heal|p1a: Absolute Unit|7\/100|[from] Grassy Terrain\n|-heal|p2a: Zygarde|62\/100|[from] Grassy Terrain\n|-heal|p2a: Zygarde|68\/100|[from] item: Leftovers\n|upkeep\n|c|\u2606BriefMarigold4|i fucking\n|c|\u2606BriefMarigold4|fucking dammit\n|n|\u203dBriefMarigold4|briefmarigold4\n|c|&|\/log BriefMarigold4 was locked from talking by Artemis for a week. (\u2606BriefMarigold4: fucking dammit)\n|c|&|\/raw <small>This action was done automatically. Want to learn more about the AI? <a href=\"https:\/\/www.smogon.com\/forums\/threads\/3570628\/#post-9056769\">Visit the information thread<\/a>.<\/small>\n|inactive|SolarBeam Slakoth has 120 seconds left.\n|c|\u2606SolarBeam Slakoth|unluvky mate\n|\n|t:|1700758424\n|switch|p2b: Charizard|Charizard, F|100\/100\n|turn|10\n|\n|t:|1700758435\n|switch|p1b: uuhhh mommy?|Gothitelle, M|100\/100\n|detailschange|p2b: Charizard|Charizard-Mega-Y, F\n|-mega|p2b: Charizard|Charizard|Charizardite Y\n|-weather|SunnyDay|[from] ability: Drought|[of] p2b: Charizard\n|move|p2a: Zygarde|Protect|p2a: Zygarde\n|-singleturn|p2a: Zygarde|Protect\n|move|p1a: Absolute Unit|Freeze-Dry|p2b: Charizard\n|-damage|p2b: Charizard|71\/100\n|move|p2b: Charizard|Heat Wave|p1a: Absolute Unit|[spread] p1a\n|-miss|p2b: Charizard|p1b: uuhhh mommy?\n|-damage|p1a: Absolute Unit|0 fnt\n|faint|p1a: Absolute Unit\n|\n|-weather|SunnyDay|[upkeep]\n|-heal|p2a: Zygarde|74\/100|[from] Grassy Terrain\n|-heal|p2a: Zygarde|80\/100|[from] item: Leftovers\n|upkeep\n|c|\u2606SolarBeam Slakoth|getting locked is crazy tho\n|c|\u2606SolarBeam Slakoth|i feel bad\n|\n|t:|1700758450\n|switch|p1a: my lil fatty UwU|Snorlax, M|100\/100\n|turn|11\n|\n|t:|1700758461\n|move|p1b: uuhhh mommy?|Fake Out|p2b: Charizard\n|-damage|p2b: Charizard|63\/100\n|move|p1a: my lil fatty UwU|Return|p2b: Charizard\n|-damage|p2b: Charizard|4\/100\n|cant|p2b: Charizard|flinch\n|move|p2a: Zygarde|Thousand Arrows|p1b: uuhhh mommy?|[spread] p1a,p1b\n|-crit|p1b: uuhhh mommy?\n|-damage|p1a: my lil fatty UwU|70\/100\n|-damage|p1b: uuhhh mommy?|42\/100\n|-enditem|p1b: uuhhh mommy?|Sitrus Berry|[eat]\n|-heal|p1b: uuhhh mommy?|67\/100|[from] item: Sitrus Berry\n|\n|-weather|SunnyDay|[upkeep]\n|-heal|p1a: my lil fatty UwU|76\/100|[from] Grassy Terrain\n|-heal|p1a: my lil fatty UwU|82\/100|[from] item: Leftovers\n|-heal|p1b: uuhhh mommy?|73\/100|[from] Grassy Terrain\n|-heal|p2a: Zygarde|86\/100|[from] Grassy Terrain\n|-heal|p2a: Zygarde|92\/100|[from] item: Leftovers\n|-fieldend|move: Trick Room\n|upkeep\n|turn|12\n|\n|t:|1700758476\n|move|p2a: Zygarde|Thousand Arrows|p1b: uuhhh mommy?|[spread] p1a,p1b\n|-damage|p1a: my lil fatty UwU|52\/100\n|-damage|p1b: uuhhh mommy?|39\/100\n|move|p2b: Charizard|Heat Wave|p1b: uuhhh mommy?|[spread] p1a,p1b\n|-damage|p1a: my lil fatty UwU|32\/100\n|-damage|p1b: uuhhh mommy?|0 fnt\n|faint|p1b: uuhhh mommy?\n|move|p1a: my lil fatty UwU|Return|p2b: Charizard\n|-crit|p2b: Charizard\n|-damage|p2b: Charizard|0 fnt\n|faint|p2b: Charizard\n|\n|-weather|SunnyDay|[upkeep]\n|-heal|p2a: Zygarde|99\/100|[from] Grassy Terrain\n|-heal|p2a: Zygarde|100\/100|[from] item: Leftovers\n|-heal|p1a: my lil fatty UwU|38\/100|[from] Grassy Terrain\n|-heal|p1a: my lil fatty UwU|44\/100|[from] item: Leftovers\n|-fieldend|move: Grassy Terrain\n|upkeep\n|\n|t:|1700758486\n|switch|p2b: Chi-Yu|Chi-Yu|100\/100\n|switch|p1b: oi it be tea time|Sinistcha-Masterpiece|95\/100\n|-ability|p2b: Chi-Yu|Beads of Ruin\n|-heal|p1a: my lil fatty UwU|69\/100|[from] ability: Hospitality|[of] p1b: oi it be tea time\n|turn|13\n|\n|t:|1700758495\n|switch|p1b: fuck dem burns|Tapu Fini|100\/100\n|-fieldstart|move: Misty Terrain|[from] ability: Misty Surge|[of] p1b: fuck dem burns\n|move|p2a: Zygarde|Thousand Arrows|p1b: fuck dem burns|[spread] p1a,p1b\n|-damage|p1a: my lil fatty UwU|39\/100\n|-damage|p1b: fuck dem burns|71\/100\n|move|p2b: Chi-Yu|Heat Wave|p1a: my lil fatty UwU|[spread] p1a,p1b\n|-crit|p1a: my lil fatty UwU\n|-resisted|p1b: fuck dem burns\n|-damage|p1a: my lil fatty UwU|2\/100\n|-damage|p1b: fuck dem burns|39\/100\n|-enditem|p1b: fuck dem burns|Sitrus Berry|[eat]\n|-heal|p1b: fuck dem burns|64\/100|[from] item: Sitrus Berry\n|move|p1a: my lil fatty UwU|High Horsepower|p2b: Chi-Yu\n|-supereffective|p2b: Chi-Yu\n|-crit|p2b: Chi-Yu\n|-damage|p2b: Chi-Yu|0 fnt\n|faint|p2b: Chi-Yu\n|\n|-weather|SunnyDay|[upkeep]\n|-heal|p1a: my lil fatty UwU|8\/100|[from] item: Leftovers\n|upkeep\n|turn|14\n|n|\u2606BriefMarigold4|briefmarigold4\n|inactive|BriefMarigold4 has 120 seconds left.\n|\n|t:|1700758532\n|switch|p1a: oi it be tea time|Sinistcha-Masterpiece|95\/100\n|-heal|p1b: fuck dem burns|89\/100|[from] ability: Hospitality|[of] p1a: oi it be tea time\n|move|p2a: Zygarde|Thousand Arrows|p1a: oi it be tea time|[spread] p1a,p1b\n|-resisted|p1a: oi it be tea time\n|-crit|p1a: oi it be tea time\n|-damage|p1a: oi it be tea time|67\/100\n|-damage|p1b: fuck dem burns|57\/100\n|move|p1b: fuck dem burns|Calm Mind|p1b: fuck dem burns\n|-boost|p1b: fuck dem burns|spa|1\n|-boost|p1b: fuck dem burns|spd|1\n|\n|-weather|none\n|upkeep\n|turn|15\n|\n|t:|1700758542\n|move|p1b: fuck dem burns|Protect|p1b: fuck dem burns\n|-singleturn|p1b: fuck dem burns|Protect\n|move|p2a: Zygarde|Thousand Arrows|p1b: fuck dem burns|[spread] p1a\n|-activate|p1b: fuck dem burns|move: Protect\n|-resisted|p1a: oi it be tea time\n|-damage|p1a: oi it be tea time|50\/100\n|move|p1a: oi it be tea time|Trick Room|p1a: oi it be tea time\n|-fieldstart|move: Trick Room|[of] p1a: oi it be tea time\n|\n|upkeep\n|turn|16\n|\n|t:|1700758552\n|move|p2a: Zygarde|Protect|p2a: Zygarde\n|-singleturn|p2a: Zygarde|Protect\n|move|p1a: oi it be tea time|Matcha Gotcha|p2a: Zygarde\n|-activate|p2a: Zygarde|move: Protect\n|move|p1b: fuck dem burns|Muddy Water|p2a: Zygarde\n|-activate|p2a: Zygarde|move: Protect\n|\n|upkeep\n|turn|17\n|\n|t:|1700758563\n|move|p1a: oi it be tea time|Matcha Gotcha|p2a: Zygarde\n|-supereffective|p2a: Zygarde\n|-end|p2a: Zygarde|Substitute\n|-heal|p1a: oi it be tea time|63\/100|[from] drain|[of] p2a: Zygarde\n|move|p1b: fuck dem burns|Muddy Water|p2a: Zygarde\n|-supereffective|p2a: Zygarde\n|-damage|p2a: Zygarde|60\/100\n|move|p2a: Zygarde|Substitute|p2a: Zygarde\n|-start|p2a: Zygarde|Substitute\n|-damage|p2a: Zygarde|35\/100\n|\n|-heal|p2a: Zygarde|41\/100|[from] item: Leftovers\n|-fieldend|Misty Terrain\n|upkeep\n|turn|18\n|l|\u2606BriefMarigold4\n|inactive|BriefMarigold4 disconnected and has a minute to reconnect!\n|player|p1|\n|j|\u2606BriefMarigold4\n|inactive|BriefMarigold4 reconnected and has 115 seconds left.\n|player|p1|BriefMarigold4|266\n|\n|t:|1700758612\n|switch|p1a: my lil fatty UwU|Snorlax, M|8\/100\n|-terastallize|p1b: fuck dem burns|Grass\n|move|p2a: Zygarde|Protect|p2a: Zygarde\n|-singleturn|p2a: Zygarde|Protect\n|move|p1b: fuck dem burns|Calm Mind|p1b: fuck dem burns\n|-boost|p1b: fuck dem burns|spa|1\n|-boost|p1b: fuck dem burns|spd|1\n|\n|-heal|p1a: my lil fatty UwU|14\/100|[from] item: Leftovers\n|-heal|p2a: Zygarde|47\/100|[from] item: Leftovers\n|upkeep\n|turn|19\n|\n|t:|1700758627\n|move|p1a: my lil fatty UwU|Return|p2a: Zygarde\n|-activate|p2a: Zygarde|move: Substitute|[damage]\n|move|p1b: fuck dem burns|Muddy Water|p2a: Zygarde\n|-supereffective|p2a: Zygarde\n|-end|p2a: Zygarde|Substitute\n|move|p2a: Zygarde|Thousand Arrows|p1a: my lil fatty UwU|[spread] p1a,p1b\n|-resisted|p1b: fuck dem burns\n|-damage|p1a: my lil fatty UwU|0 fnt\n|-damage|p1b: fuck dem burns|41\/100\n|faint|p1a: my lil fatty UwU\n|\n|-heal|p2a: Zygarde|53\/100|[from] item: Leftovers\n|-fieldend|move: Trick Room\n|upkeep\n|\n|t:|1700758632\n|switch|p1a: oi it be tea time|Sinistcha-Masterpiece|63\/100\n|-heal|p1b: fuck dem burns|66\/100|[from] ability: Hospitality|[of] p1a: oi it be tea time\n|turn|20\n|\n|t:|1700758640\n|move|p2a: Zygarde|Substitute|p2a: Zygarde\n|-start|p2a: Zygarde|Substitute\n|-damage|p2a: Zygarde|28\/100\n|move|p1b: fuck dem burns|Muddy Water|p2a: Zygarde\n|-supereffective|p2a: Zygarde\n|-end|p2a: Zygarde|Substitute\n|move|p1a: oi it be tea time|Trick Room|p1a: oi it be tea time\n|-fieldstart|move: Trick Room|[of] p1a: oi it be tea time\n|\n|-heal|p2a: Zygarde|34\/100|[from] item: Leftovers\n|upkeep\n|turn|21\n|\n|t:|1700758649\n|move|p1a: oi it be tea time|Matcha Gotcha|p2a: Zygarde\n|-supereffective|p2a: Zygarde\n|-damage|p2a: Zygarde|1\/100\n|-heal|p1a: oi it be tea time|81\/100|[from] drain|[of] p2a: Zygarde\n|move|p1b: fuck dem burns|Muddy Water|p2a: Zygarde\n|-supereffective|p2a: Zygarde\n|-crit|p2a: Zygarde\n|-damage|p2a: Zygarde|0 fnt\n|faint|p2a: Zygarde\n|\n|win|BriefMarigold4\n|raw|BriefMarigold4's rating: 1520 &rarr; <strong>1536<\/strong><br \/>(+16 for winning)\n|raw|SolarBeam Slakoth's rating: 1452 &rarr; <strong>1436<\/strong><br \/>(-16 for losing)\n","uploadtime":1700758412,"views":0,"p1id":"briefmarigold4","p2id":"solarbeamslakoth","formatid":"gen9nationaldexdoubles","rating":1436,"private":0,"password":""}