{"id":"gen9nationaldexdoubles-1996717310","p1":"El Ryuk456","p2":"KnighZeus","format":"[Gen 9] National Dex Doubles","log":"|j|\u2606El Ryuk456\n|j|\u2606KnighZeus\n|t:|1700713825\n|gametype|doubles\n|player|p1|El Ryuk456|ingo|1418\n|player|p2|KnighZeus|102|1474\n|teamsize|p1|6\n|teamsize|p2|6\n|gen|9\n|tier|[Gen 9] National Dex Doubles\n|rated|\n|rule|HP Percentage Mod: HP is shown in percentages\n|rule|Endless Battle Clause: Forcing endless battles is banned\n|rule|OHKO Clause: OHKO moves are banned\n|rule|Evasion Moves Clause: Evasion moves are banned\n|rule|Evasion Abilities Clause: Evasion abilities are banned\n|rule|Species Clause: Limit one of each Pok\u00e9mon\n|rule|Gravity Sleep Clause: The combination of sleep-inducing moves with imperfect accuracy and Gravity or Gigantamax Orbeetle are banned\n|clearpoke\n|poke|p1|Lucario, M|\n|poke|p1|Ogerpon, F|\n|poke|p1|Tapu Lele|\n|poke|p1|Crobat, F|\n|poke|p1|Tinkaton, F|\n|poke|p1|Luxray, M|\n|poke|p2|Torkoal, M|\n|poke|p2|Walking Wake|\n|poke|p2|Parasect, M|\n|poke|p2|Iron Hands|\n|poke|p2|Flutter Mane|\n|poke|p2|Indeedee-F, F|\n|teampreview\n|\n|t:|1700713838\n|start\n|switch|p1a: Tinkaton|Tinkaton, F|100\/100\n|switch|p1b: Crobat|Crobat, F, shiny|100\/100\n|switch|p2a: Iron Hands|Iron Hands|100\/100\n|switch|p2b: Flutter Mane|Flutter Mane|100\/100\n|-ability|p1a: Tinkaton|Mold Breaker\n|-enditem|p2b: Flutter Mane|Booster Energy\n|-activate|p2b: Flutter Mane|ability: Protosynthesis|[fromitem]\n|-start|p2b: Flutter Mane|protosynthesisspa\n|turn|1\n|inactive|Battle timer is ON: inactive players will automatically lose when time's up. (requested by El Ryuk456)\n|\n|t:|1700713855\n|move|p1a: Tinkaton|Fake Out|p2a: Iron Hands\n|-damage|p2a: Iron Hands|96\/100\n|cant|p2a: Iron Hands|flinch\n|move|p1b: Crobat|Tailwind|p1b: Crobat\n|-sidestart|p1: El Ryuk456|move: Tailwind\n|move|p2b: Flutter Mane|Thunderbolt|p1b: Crobat\n|-supereffective|p1b: Crobat\n|-enditem|p1b: Crobat|Wacan Berry|[eat]\n|-enditem|p1b: Crobat|Wacan Berry|[weaken]\n|-damage|p1b: Crobat|51\/100\n|\n|upkeep\n|turn|2\n|\n|t:|1700713870\n|switch|p1b: Luxray|Luxray, M|100\/100\n|-ability|p1b: Luxray|Intimidate|boost\n|-unboost|p2a: Iron Hands|atk|1\n|-unboost|p2b: Flutter Mane|atk|1\n|move|p1a: Tinkaton|Gigaton Hammer|p2b: Flutter Mane\n|-supereffective|p2b: Flutter Mane\n|-damage|p2b: Flutter Mane|0 fnt\n|faint|p2b: Flutter Mane\n|-end|p2b: Flutter Mane|Protosynthesis|[silent]\n|move|p2a: Iron Hands|Wild Charge|p1b: Luxray\n|-resisted|p1b: Luxray\n|-damage|p1b: Luxray|83\/100\n|-damage|p2a: Iron Hands|93\/100|[from] Recoil\n|\n|upkeep\n|\n|t:|1700713877\n|switch|p2b: Indeedee|Indeedee-F, F|100\/100\n|-fieldstart|move: Psychic Terrain|[from] ability: Psychic Surge|[of] p2b: Indeedee\n|turn|3\n|\n|t:|1700713894\n|move|p1a: Tinkaton|Knock Off|p2b: Indeedee\n|-supereffective|p2b: Indeedee\n|-damage|p2b: Indeedee|49\/100\n|-enditem|p2b: Indeedee|Focus Sash|[from] move: Knock Off|[of] p1a: Tinkaton\n|move|p1b: Luxray|Snarl|p2b: Indeedee|[spread] p2a,p2b\n|-resisted|p2a: Iron Hands\n|-supereffective|p2b: Indeedee\n|-damage|p2a: Iron Hands|90\/100\n|-damage|p2b: Indeedee|36\/100\n|-unboost|p2a: Iron Hands|spa|1\n|-unboost|p2b: Indeedee|spa|1\n|move|p2a: Iron Hands|Drain Punch|p1b: Luxray\n|-damage|p1b: Luxray|54\/100\n|-heal|p2a: Iron Hands|99\/100|[from] drain|[of] p1b: Luxray\n|move|p2b: Indeedee|Trick Room|p2b: Indeedee\n|-fieldstart|move: Trick Room|[of] p2b: Indeedee\n|\n|upkeep\n|turn|4\n|j| km118\n|\n|t:|1700713917\n|move|p2a: Iron Hands|Drain Punch|p1b: Luxray\n|-damage|p1b: Luxray|23\/100\n|-heal|p2a: Iron Hands|100\/100|[from] drain|[of] p1b: Luxray\n|-enditem|p1b: Luxray|Mago Berry|[eat]\n|-heal|p1b: Luxray|56\/100|[from] item: Mago Berry\n|move|p2b: Indeedee|Expanding Force|p1b: Luxray|[spread] p1a,p1b\n|-resisted|p1a: Tinkaton\n|-damage|p1a: Tinkaton|93\/100\n|-damage|p1b: Luxray|33\/100\n|move|p1b: Luxray|Snarl|p2a: Iron Hands|[spread] p2a,p2b\n|-resisted|p2a: Iron Hands\n|-supereffective|p2b: Indeedee\n|-damage|p2a: Iron Hands|98\/100\n|-damage|p2b: Indeedee|22\/100\n|-unboost|p2a: Iron Hands|spa|1\n|-unboost|p2b: Indeedee|spa|1\n|move|p1a: Tinkaton|Knock Off|p2a: Iron Hands\n|-resisted|p2a: Iron Hands\n|-damage|p2a: Iron Hands|92\/100\n|-enditem|p2a: Iron Hands|Assault Vest|[from] move: Knock Off|[of] p1a: Tinkaton\n|\n|-sideend|p1: El Ryuk456|move: Tailwind\n|upkeep\n|turn|5\n|l| km118\n|\n|t:|1700713940\n|switch|p2b: Parasect|Parasect, M|100\/100\n|move|p2a: Iron Hands|Drain Punch|p1b: Luxray\n|-damage|p1b: Luxray|4\/100\n|-heal|p2a: Iron Hands|100\/100|[from] drain|[of] p1b: Luxray\n|move|p1b: Luxray|Snarl|p2b: Parasect|[spread] p2a,p2b\n|-resisted|p2a: Iron Hands\n|-damage|p2a: Iron Hands|97\/100\n|-damage|p2b: Parasect|93\/100\n|-unboost|p2a: Iron Hands|spa|1\n|-unboost|p2b: Parasect|spa|1\n|move|p1a: Tinkaton|Gigaton Hammer|p2a: Iron Hands\n|-resisted|p2a: Iron Hands\n|-damage|p2a: Iron Hands|83\/100\n|\n|-heal|p2b: Parasect|99\/100|[from] item: Leftovers\n|upkeep\n|turn|6\n|\n|t:|1700713955\n|switch|p1a: Ogerpon|Ogerpon, F|100\/100\n|move|p2b: Parasect|Spore|p1a: Ogerpon\n|-immune|p1a: Ogerpon\n|move|p2a: Iron Hands|Rock Slide|p1b: Luxray|[spread] p1a,p1b\n|-crit|p1b: Luxray\n|-damage|p1a: Ogerpon|89\/100\n|-damage|p1b: Luxray|0 fnt\n|faint|p1b: Luxray\n|\n|-heal|p2b: Parasect|100\/100|[from] item: Leftovers\n|upkeep\n|inactive|El Ryuk456 has 120 seconds left.\n|\n|t:|1700713982\n|switch|p1b: Tapu Lele|Tapu Lele, shiny|100\/100\n|turn|7\n|\n|t:|1700713991\n|-end|p2a: Iron Hands|Quark Drive|[silent]\n|switch|p2a: Indeedee|Indeedee-F, F|22\/100\n|move|p1b: Tapu Lele|Protect|p1b: Tapu Lele\n|-singleturn|p1b: Tapu Lele|Protect\n|move|p2b: Parasect|Rage Powder|p2b: Parasect\n|-singleturn|p2b: Parasect|move: Rage Powder\n|move|p1a: Ogerpon|U-turn|p2b: Parasect\n|-supereffective|p2b: Parasect\n|-damage|p2b: Parasect|53\/100\n|\n|t:|1700714001\n|switch|p1a: Crobat|Crobat, F, shiny|51\/100|[from] U-turn\n|\n|-heal|p2b: Parasect|60\/100|[from] item: Leftovers\n|-fieldend|move: Trick Room\n|-fieldend|move: Psychic Terrain\n|upkeep\n|turn|8\n|\n|t:|1700714010\n|move|p2b: Parasect|Rage Powder|p2b: Parasect\n|-singleturn|p2b: Parasect|move: Rage Powder\n|move|p1a: Crobat|Brave Bird|p2b: Parasect\n|-supereffective|p2b: Parasect\n|-damage|p2b: Parasect|0 fnt\n|-status|p1a: Crobat|par|[from] ability: Effect Spore|[of] p2b: Parasect\n|faint|p2b: Parasect\n|-damage|p1a: Crobat|34\/100 par|[from] Recoil\n|-zpower|p1b: Tapu Lele\n|move|p1b: Tapu Lele|Shattered Psyche|p2a: Indeedee|[zeffect]\n|-resisted|p2a: Indeedee\n|-damage|p2a: Indeedee|0 fnt\n|faint|p2a: Indeedee\n|\n|upkeep\n|\n|t:|1700714023\n|switch|p2a: Torkoal|Torkoal, M|100\/100\n|switch|p2b: Walking Wake|Walking Wake|100\/100\n|-weather|SunnyDay|[from] ability: Drought|[of] p2a: Torkoal\n|-activate|p2b: Walking Wake|ability: Protosynthesis\n|-start|p2b: Walking Wake|protosynthesisspa\n|turn|9\n|\n|t:|1700714034\n|-terastallize|p2b: Walking Wake|Water\n|move|p2b: Walking Wake|Hydro Steam|p1a: Crobat\n|-damage|p1a: Crobat|0 fnt\n|faint|p1a: Crobat\n|move|p1b: Tapu Lele|Moonblast|p2b: Walking Wake\n|-damage|p2b: Walking Wake|44\/100\n|move|p2a: Torkoal|Overheat|p1b: Tapu Lele|[miss]\n|-miss|p2a: Torkoal|p1b: Tapu Lele\n|\n|-weather|SunnyDay|[upkeep]\n|upkeep\n|\n|t:|1700714042\n|switch|p1a: Tinkaton|Tinkaton, F|93\/100\n|-ability|p1a: Tinkaton|Mold Breaker\n|turn|10\n|\n|t:|1700714052\n|move|p1a: Tinkaton|Fake Out|p2a: Torkoal\n|-damage|p2a: Torkoal|95\/100\n|move|p2b: Walking Wake|Hydro Steam|p1a: Tinkaton\n|-damage|p1a: Tinkaton|0 fnt\n|faint|p1a: Tinkaton\n|move|p1b: Tapu Lele|Moonblast|p2b: Walking Wake\n|-damage|p2b: Walking Wake|0 fnt\n|faint|p2b: Walking Wake\n|-end|p2b: Walking Wake|Protosynthesis|[silent]\n|cant|p2a: Torkoal|flinch\n|\n|-weather|SunnyDay|[upkeep]\n|upkeep\n|\n|t:|1700714064\n|switch|p2b: Iron Hands|Iron Hands|83\/100\n|switch|p1a: Ogerpon|Ogerpon, F|89\/100\n|turn|11\n|\n|t:|1700714071\n|move|p1a: Ogerpon|Spiky Shield|p1a: Ogerpon\n|-singleturn|p1a: Ogerpon|move: Protect\n|move|p1b: Tapu Lele|Protect|p1b: Tapu Lele\n|-singleturn|p1b: Tapu Lele|Protect\n|move|p2b: Iron Hands|Fake Out|p1b: Tapu Lele\n|-activate|p1b: Tapu Lele|move: Protect\n|move|p2a: Torkoal|Overheat|p1a: Ogerpon\n|-activate|p1a: Ogerpon|move: Protect\n|\n|-weather|SunnyDay|[upkeep]\n|upkeep\n|turn|12\n|\n|t:|1700714083\n|-terastallize|p1a: Ogerpon|Grass\n|detailschange|p1a: Ogerpon|Ogerpon-Teal-Tera, F, tera:Grass\n|-ability|p1a: Ogerpon|Embody Aspect (Teal)|boost\n|-boost|p1a: Ogerpon|spe|1\n|move|p1a: Ogerpon|Ivy Cudgel|p2b: Iron Hands\n|-damage|p2b: Iron Hands|47\/100\n|move|p1b: Tapu Lele|Psychic|p2b: Iron Hands\n|-supereffective|p2b: Iron Hands\n|-damage|p2b: Iron Hands|0 fnt\n|faint|p2b: Iron Hands\n|-end|p2b: Iron Hands|Quark Drive|[silent]\n|move|p2a: Torkoal|Overheat|p1a: Ogerpon\n|-supereffective|p1a: Ogerpon\n|-damage|p1a: Ogerpon|0 fnt\n|-unboost|p2a: Torkoal|spa|2\n|faint|p1a: Ogerpon\n|\n|-weather|SunnyDay|[upkeep]\n|upkeep\n|\n|t:|1700714094\n|switch|p1a: Lucario|Lucario, M|100\/100\n|turn|13\n|\n|t:|1700714099\n|detailschange|p1a: Lucario|Lucario-Mega, M\n|-mega|p1a: Lucario|Lucario|Lucarionite\n|move|p1a: Lucario|Protect|p1a: Lucario\n|-singleturn|p1a: Lucario|Protect\n|move|p1b: Tapu Lele|Psychic|p2a: Torkoal\n|-damage|p2a: Torkoal|26\/100\n|move|p2a: Torkoal|Eruption|p1b: Tapu Lele|[spread] p1b\n|-activate|p1a: Lucario|move: Protect\n|-damage|p1b: Tapu Lele|89\/100\n|\n|-weather|none\n|upkeep\n|turn|14\n|\n|t:|1700714109\n|move|p1a: Lucario|Aura Sphere|p2a: Torkoal\n|-damage|p2a: Torkoal|0 fnt\n|faint|p2a: Torkoal\n|\n|win|El Ryuk456\n|raw|El Ryuk456's rating: 1418 &rarr; <strong>1441<\/strong><br \/>(+23 for winning)\n|raw|KnighZeus's rating: 1474 &rarr; <strong>1451<\/strong><br \/>(-23 for losing)\n|l|\u2606KnighZeus\n","uploadtime":1700714260,"views":4,"p1id":"elryuk456","p2id":"knighzeus","formatid":"gen9nationaldexdoubles","rating":1441,"private":0,"password":""}