{"id":"gen9nationaldexdoubles-1983495226","p1":"KingoftheTitans","p2":"SaltyHunter123","format":"[Gen 9] National Dex Doubles","log":"|j|\u2606KingoftheTitans\n|j|\u2606SaltyHunter123\n|t:|1699136272\n|gametype|doubles\n|player|p1|KingoftheTitans|266|1292\n|player|p2|SaltyHunter123|1|1306\n|teamsize|p1|6\n|teamsize|p2|6\n|gen|9\n|tier|[Gen 9] National Dex Doubles\n|rated|\n|rule|HP Percentage Mod: HP is shown in percentages\n|rule|Endless Battle Clause: Forcing endless battles is banned\n|rule|OHKO Clause: OHKO moves are banned\n|rule|Evasion Moves Clause: Evasion moves are banned\n|rule|Evasion Abilities Clause: Evasion abilities are banned\n|rule|Species Clause: Limit one of each Pok\u00e9mon\n|rule|Gravity Sleep Clause: The combination of sleep-inducing moves with imperfect accuracy and Gravity or Gigantamax Orbeetle are banned\n|clearpoke\n|poke|p1|Azumarill, F|\n|poke|p1|Charizard, F|\n|poke|p1|Decidueye-Hisui, M|\n|poke|p1|Heracross, F|\n|poke|p1|Goodra-Hisui, F|\n|poke|p1|Togekiss, F|\n|poke|p2|Slaking, F|\n|poke|p2|Weezing-Galar, M|\n|poke|p2|Ursaluna-Bloodmoon, M|\n|poke|p2|Landorus-Therian, M|\n|poke|p2|Dragonite, F|\n|poke|p2|Diancie|\n|teampreview\n|\n|t:|1699136279\n|start\n|switch|p1a: Heracross|Heracross, F|100\/100\n|switch|p1b: Goodra|Goodra-Hisui, F|100\/100\n|switch|p2a: Fridays for Future|Slaking, F, shiny|100\/100\n|switch|p2b: Toxic Woke|Weezing-Galar, M, shiny|100\/100\n|-ability|p2b: Toxic Woke|Neutralizing Gas\n|-item|p2b: Toxic Woke|Air Balloon\n|turn|1\n|\n|t:|1699136294\n|move|p2a: Fridays for Future|Earthquake|p1a: Heracross|[spread] p1a,p1b\n|-immune|p2b: Toxic Woke\n|-resisted|p1a: Heracross\n|-supereffective|p1b: Goodra\n|-damage|p1a: Heracross|77\/100\n|-damage|p1b: Goodra|47\/100\n|move|p1a: Heracross|Close Combat|p2a: Fridays for Future\n|-supereffective|p2a: Fridays for Future\n|-damage|p2a: Fridays for Future|1\/100\n|-unboost|p1a: Heracross|def|1\n|-unboost|p1a: Heracross|spd|1\n|move|p2b: Toxic Woke|Strange Steam|p1a: Heracross\n|-supereffective|p1a: Heracross\n|-damage|p1a: Heracross|0 fnt\n|faint|p1a: Heracross\n|move|p1b: Goodra|Flash Cannon|p2b: Toxic Woke\n|-supereffective|p2b: Toxic Woke\n|-damage|p2b: Toxic Woke|0 fnt\n|-enditem|p2b: Toxic Woke|Air Balloon\n|faint|p2b: Toxic Woke\n|-end|p2b: Toxic Woke|ability: Neutralizing Gas\n|\n|-heal|p1b: Goodra|53\/100|[from] item: Leftovers\n|upkeep\n|\n|t:|1699136319\n|switch|p1a: Azumarill|Azumarill, F|100\/100\n|switch|p2b: Angry Karen|Landorus-Therian, M, shiny|100\/100\n|-ability|p2b: Angry Karen|Intimidate|boost\n|-unboost|p1a: Azumarill|atk|1\n|-unboost|p1b: Goodra|atk|1\n|turn|2\n|\n|t:|1699136332\n|switch|p1b: Togekiss|Togekiss, F|100\/100\n|-terastallize|p2b: Angry Karen|Ground\n|move|p1a: Azumarill|Aqua Jet|p2a: Fridays for Future\n|-damage|p2a: Fridays for Future|0 fnt\n|faint|p2a: Fridays for Future\n|move|p2b: Angry Karen|Earthquake|p1b: Togekiss|[spread] p1a\n|-immune|p1b: Togekiss\n|-damage|p1a: Azumarill|46\/100\n|\n|upkeep\n|\n|t:|1699136341\n|switch|p2a: Spoiled Princess|Diancie|100\/100\n|turn|3\n|\n|t:|1699136353\n|switch|p1a: Decidueye|Decidueye-Hisui, M|100\/100\n|detailschange|p2a: Spoiled Princess|Diancie-Mega\n|-mega|p2a: Spoiled Princess|Diancie|Diancite\n|move|p2a: Spoiled Princess|Diamond Storm|p1b: Togekiss|[spread] p1a,p1b\n|-resisted|p1a: Decidueye\n|-supereffective|p1b: Togekiss\n|-damage|p1a: Decidueye|76\/100\n|-damage|p1b: Togekiss|39\/100\n|move|p2b: Angry Karen|Earthquake|p1b: Togekiss|[spread] p2a,p1a\n|-immune|p1b: Togekiss\n|-supereffective|p2a: Spoiled Princess\n|-resisted|p1a: Decidueye\n|-damage|p2a: Spoiled Princess|0 fnt\n|-damage|p1a: Decidueye|37\/100\n|faint|p2a: Spoiled Princess\n|move|p1b: Togekiss|Tailwind|p1b: Togekiss\n|-sidestart|p1: KingoftheTitans|move: Tailwind\n|\n|upkeep\n|\n|t:|1699136362\n|switch|p2a: Green Power|Dragonite, F, shiny|100\/100\n|turn|4\n|\n|t:|1699136373\n|move|p1b: Togekiss|Follow Me|p1b: Togekiss\n|-singleturn|p1b: Togekiss|move: Follow Me\n|move|p1a: Decidueye|Leaf Blade|p2b: Angry Karen\n|-supereffective|p2b: Angry Karen\n|-damage|p2b: Angry Karen|0 fnt\n|-damage|p1a: Decidueye|20\/100|[from] item: Rocky Helmet|[of] p2b: Angry Karen\n|faint|p2b: Angry Karen\n|move|p2a: Green Power|Dragon Dance|p2a: Green Power\n|-boost|p2a: Green Power|atk|1\n|-boost|p2a: Green Power|spe|1\n|\n|upkeep\n|\n|t:|1699136381\n|switch|p2b: PC People|Ursaluna-Bloodmoon, M|100\/100\n|turn|5\n|\n|t:|1699136396\n|move|p1b: Togekiss|Follow Me|p1b: Togekiss\n|-singleturn|p1b: Togekiss|move: Follow Me\n|move|p2a: Green Power|Extreme Speed|p1b: Togekiss\n|-damage|p1b: Togekiss|5\/100\n|-damage|p2a: Green Power|84\/100|[from] item: Rocky Helmet|[of] p1b: Togekiss\n|move|p1a: Decidueye|Leaf Blade|p2b: PC People\n|-supereffective|p2b: PC People\n|-damage|p2b: PC People|40\/100\n|move|p2b: PC People|Moonblast|p1b: Togekiss\n|-damage|p1b: Togekiss|0 fnt\n|faint|p1b: Togekiss\n|\n|upkeep\n|\n|t:|1699136428\n|switch|p1b: Azumarill|Azumarill, F|46\/100\n|turn|6\n|\n|t:|1699136442\n|move|p2a: Green Power|Extreme Speed|p1a: Decidueye\n|-damage|p1a: Decidueye|0 fnt\n|faint|p1a: Decidueye\n|move|p1b: Azumarill|Ice Spinner|p2a: Green Power\n|-supereffective|p2a: Green Power\n|-damage|p2a: Green Power|0 fnt\n|faint|p2a: Green Power\n|move|p2b: PC People|Blood Moon|p1b: Azumarill\n|-damage|p1b: Azumarill|0 fnt\n|faint|p1b: Azumarill\n|\n|-sideend|p1: KingoftheTitans|move: Tailwind\n|upkeep\n|\n|t:|1699136457\n|switch|p1a: Charizard|Charizard, F|100\/100\n|switch|p1b: Goodra|Goodra-Hisui, F|53\/100\n|turn|7\n|c|\u2606SaltyHunter123|GG WP\n|\n|t:|1699136481\n|detailschange|p1a: Charizard|Charizard-Mega-X, F\n|-mega|p1a: Charizard|Charizard|Charizardite X\n|move|p2b: PC People|Vacuum Wave|p1b: Goodra\n|-supereffective|p1b: Goodra\n|-damage|p1b: Goodra|32\/100\n|move|p1a: Charizard|Flare Blitz|p2b: PC People\n|-damage|p2b: PC People|0 fnt\n|faint|p2b: PC People\n|-damage|p1a: Charizard|83\/100|[from] Recoil\n|\n|win|KingoftheTitans\n|raw|KingoftheTitans's rating: 1292 &rarr; <strong>1318<\/strong><br \/>(+26 for winning)\n|raw|SaltyHunter123's rating: 1306 &rarr; <strong>1285<\/strong><br \/>(-21 for losing)\n|c|\u2606KingoftheTitans|Gg\n|l|\u2606SaltyHunter123\n","uploadtime":1699136511,"views":7,"p1id":"kingofthetitans","p2id":"saltyhunter123","formatid":"gen9nationaldexdoubles","rating":1285,"private":0,"password":""}