{"id":"gen9nationaldexdoubles-1951056621","p1":"DragsIThink","p2":"fumbari 24","format":"[Gen 9] National Dex Doubles","log":"|j|\u2606DragsIThink\n|j|\u2606fumbari 24\n|t:|1695536050\n|gametype|doubles\n|player|p1|DragsIThink|roxie|1095\n|player|p2|fumbari 24|102|1256\n|teamsize|p1|6\n|teamsize|p2|6\n|gen|9\n|tier|[Gen 9] National Dex Doubles\n|rated|\n|rule|HP Percentage Mod: HP is shown in percentages\n|rule|Endless Battle Clause: Forcing endless battles is banned\n|rule|OHKO Clause: OHKO moves are banned\n|rule|Evasion Moves Clause: Evasion moves are banned\n|rule|Evasion Abilities Clause: Evasion abilities are banned\n|rule|Species Clause: Limit one of each Pok\u00e9mon\n|rule|Gravity Sleep Clause: The combination of sleep-inducing moves with imperfect accuracy and Gravity or Gigantamax Orbeetle are banned\n|clearpoke\n|poke|p1|Shiftry, F|\n|poke|p1|Tornadus, M|\n|poke|p1|Skeledirge, M|\n|poke|p1|Ogerpon-Wellspring, F|\n|poke|p1|Baxcalibur, F|\n|poke|p1|Ninetales-Alola, M|\n|poke|p2|Krookodile, M|\n|poke|p2|Haxorus, M|\n|poke|p2|Salamence, M|\n|poke|p2|Druddigon, M|\n|poke|p2|Cofagrigus, M|\n|poke|p2|Aggron, M|\n|teampreview\n|inactive|Battle timer is ON: inactive players will automatically lose when time's up. (requested by fumbari 24)\n|c|\u2606DragsIThink|oooooo dragon\n|\n|t:|1695536079\n|start\n|switch|p1a: Ninetales|Ninetales-Alola, M|100\/100\n|switch|p1b: Baxcalibur|Baxcalibur, F|100\/100\n|switch|p2a: Atraco|Krookodile, M|100\/100\n|switch|p2b: Haxorus|Haxorus, M|100\/100\n|-weather|Snow|[from] ability: Snow Warning|[of] p1a: Ninetales\n|-ability|p2b: Haxorus|Mold Breaker\n|-ability|p2a: Atraco|Intimidate|boost\n|-unboost|p1a: Ninetales|atk|1\n|-unboost|p1b: Baxcalibur|atk|1\n|turn|1\n|\n|t:|1695536099\n|-terastallize|p2a: Atraco|Fairy\n|move|p2a: Atraco|Snatch|p2a: Atraco\n|-singleturn|p2a: Atraco|Snatch\n|move|p1a: Ninetales|Blizzard|p2a: Atraco|[spread] p2a,p2b\n|-supereffective|p2b: Haxorus\n|-damage|p2a: Atraco|74\/100\n|-damage|p2b: Haxorus|14\/100\n|move|p1b: Baxcalibur|Icicle Spear|p2a: Atraco\n|-damage|p2a: Atraco|64\/100\n|-damage|p2a: Atraco|55\/100\n|-damage|p2a: Atraco|45\/100\n|-damage|p2a: Atraco|35\/100\n|-damage|p2a: Atraco|26\/100\n|-hitcount|p2a: Atraco|5\n|move|p2b: Haxorus|Iron Head|p1a: Ninetales\n|-supereffective|p1a: Ninetales\n|-damage|p1a: Ninetales|0 fnt\n|faint|p1a: Ninetales\n|\n|-weather|Snow|[upkeep]\n|upkeep\n|inactive|DragsIThink has 120 seconds left.\n|\n|t:|1695536121\n|switch|p1a: Tornadus|Tornadus, M|100\/100\n|turn|2\n|\n|t:|1695536131\n|move|p2a: Atraco|Snatch|p2a: Atraco\n|-singleturn|p2a: Atraco|Snatch\n|move|p1a: Tornadus|Tailwind|p1a: Tornadus\n|-activate|p2a: Atraco|move: Snatch|[of] p1a: Tornadus\n|move|p2a: Atraco|Tailwind|p2a: Atraco|[from]Snatch\n|-sidestart|p2: fumbari 24|move: Tailwind\n|move|p2b: Haxorus|Breaking Swipe|p1b: Baxcalibur|[spread] p1a,p1b\n|-supereffective|p1b: Baxcalibur\n|-damage|p1a: Tornadus|65\/100\n|-damage|p1b: Baxcalibur|68\/100\n|-unboost|p1a: Tornadus|atk|1\n|-unboost|p1b: Baxcalibur|atk|1\n|move|p1b: Baxcalibur|Earthquake|p2b: Haxorus|[spread] p2a,p2b\n|-immune|p1a: Tornadus\n|-damage|p2a: Atraco|11\/100\n|-damage|p2b: Haxorus|0 fnt\n|-enditem|p2a: Atraco|Figy Berry|[eat]\n|-heal|p2a: Atraco|44\/100|[from] item: Figy Berry\n|faint|p2b: Haxorus\n|\n|-weather|Snow|[upkeep]\n|-heal|p1a: Tornadus|71\/100|[from] item: Leftovers\n|upkeep\n|\n|t:|1695536154\n|switch|p2b: Druddigon|Druddigon, M|100\/100\n|turn|3\n|c|\u2606DragsIThink|holy shit this dude\n|\n|t:|1695536176\n|switch|p1b: Skeledirge|Skeledirge, M|100\/100\n|move|p1a: Tornadus|Taunt|p2a: Atraco\n|-start|p2a: Atraco|move: Taunt\n|move|p2a: Atraco|Snarl|p1a: Tornadus|[spread] p1a,p1b\n|-supereffective|p1b: Skeledirge\n|-damage|p1a: Tornadus|63\/100\n|-damage|p1b: Skeledirge|88\/100\n|-unboost|p1a: Tornadus|spa|1\n|-unboost|p1b: Skeledirge|spa|1\n|move|p2b: Druddigon|Rock Slide|p1a: Tornadus|[spread] p1a\n|-miss|p2b: Druddigon|p1b: Skeledirge\n|-supereffective|p1a: Tornadus\n|-damage|p1a: Tornadus|26\/100\n|\n|-weather|Snow|[upkeep]\n|-heal|p1a: Tornadus|32\/100|[from] item: Leftovers\n|-heal|p1b: Skeledirge|94\/100|[from] item: Leftovers\n|upkeep\n|turn|4\n|\n|t:|1695536198\n|move|p2a: Atraco|Snarl|p1b: Skeledirge|[spread] p1a,p1b\n|-supereffective|p1b: Skeledirge\n|-damage|p1a: Tornadus|24\/100\n|-damage|p1b: Skeledirge|80\/100\n|-unboost|p1a: Tornadus|spa|1\n|-unboost|p1b: Skeledirge|spa|1\n|move|p2b: Druddigon|Rock Slide|p1a: Tornadus|[spread] p1b\n|-miss|p2b: Druddigon|p1a: Tornadus\n|-supereffective|p1b: Skeledirge\n|-damage|p1b: Skeledirge|52\/100\n|move|p1a: Tornadus|Bleakwind Storm|p2a: Atraco|[spread] p2a\n|-miss|p1a: Tornadus|p2b: Druddigon\n|-crit|p2a: Atraco\n|-damage|p2a: Atraco|0 fnt\n|faint|p2a: Atraco\n|cant|p1b: Skeledirge|flinch\n|\n|-weather|Snow|[upkeep]\n|-heal|p1a: Tornadus|30\/100|[from] item: Leftovers\n|-heal|p1b: Skeledirge|58\/100|[from] item: Leftovers\n|upkeep\n|\n|t:|1695536215\n|switch|p2a: Cofagrigus|Cofagrigus, M|100\/100\n|turn|5\n|\n|t:|1695536227\n|move|p1a: Tornadus|Taunt|p2a: Cofagrigus\n|-start|p2a: Cofagrigus|move: Taunt\n|-enditem|p2a: Cofagrigus|Mental Herb\n|-end|p2a: Cofagrigus|move: Taunt\n|move|p2b: Druddigon|Rock Slide|p1a: Tornadus|[spread] p1a,p1b\n|-supereffective|p1a: Tornadus\n|-supereffective|p1b: Skeledirge\n|-damage|p1a: Tornadus|0 fnt\n|-damage|p1b: Skeledirge|32\/100\n|faint|p1a: Tornadus\n|move|p1b: Skeledirge|Will-O-Wisp|p2b: Druddigon\n|-status|p2b: Druddigon|brn\n|move|p2a: Cofagrigus|Trick Room|p2a: Cofagrigus\n|-fieldstart|move: Trick Room|[of] p2a: Cofagrigus\n|\n|-weather|none\n|-heal|p1b: Skeledirge|38\/100|[from] item: Leftovers\n|-damage|p2b: Druddigon|94\/100 brn|[from] brn\n|-sideend|p2: fumbari 24|move: Tailwind\n|upkeep\n|\n|t:|1695536242\n|switch|p1a: Shiftry|Shiftry, F|100\/100\n|turn|6\n|\n|t:|1695536253\n|move|p1a: Shiftry|Fake Out|p2b: Druddigon\n|-damage|p2b: Druddigon|80\/100 brn\n|-damage|p1a: Shiftry|88\/100|[from] ability: Rough Skin|[of] p2b: Druddigon\n|-damage|p1a: Shiftry|72\/100|[from] item: Rocky Helmet|[of] p2b: Druddigon\n|-damage|p1a: Shiftry|62\/100|[from] item: Life Orb\n|move|p2a: Cofagrigus|Will-O-Wisp|p1a: Shiftry\n|-status|p1a: Shiftry|brn\n|cant|p2b: Druddigon|flinch\n|move|p1b: Skeledirge|Torch Song|p2a: Cofagrigus\n|-damage|p2a: Cofagrigus|88\/100\n|-boost|p1b: Skeledirge|spa|1\n|\n|-heal|p1b: Skeledirge|44\/100|[from] item: Leftovers\n|-damage|p2b: Druddigon|73\/100 brn|[from] brn\n|-damage|p1a: Shiftry|55\/100 brn|[from] brn\n|upkeep\n|turn|7\n|c|\u2606DragsIThink|hoky shit your team is cool\n|\n|t:|1695536277\n|move|p2a: Cofagrigus|Shadow Ball|p1b: Skeledirge\n|-supereffective|p1b: Skeledirge\n|-damage|p1b: Skeledirge|4\/100\n|move|p2b: Druddigon|Glare|p1b: Skeledirge\n|-status|p1b: Skeledirge|par\n|move|p1b: Skeledirge|Slack Off|p1b: Skeledirge\n|-heal|p1b: Skeledirge|54\/100 par\n|move|p1a: Shiftry|Knock Off|p2a: Cofagrigus\n|-supereffective|p2a: Cofagrigus\n|-damage|p2a: Cofagrigus|58\/100\n|-activate|p2a: Cofagrigus|ability: Mummy|Wind Rider|[of] p1a: Shiftry\n|-damage|p1a: Shiftry|45\/100 brn|[from] item: Life Orb\n|\n|-heal|p1b: Skeledirge|60\/100 par|[from] item: Leftovers\n|-damage|p2b: Druddigon|67\/100 brn|[from] brn\n|-damage|p1a: Shiftry|39\/100 brn|[from] brn\n|upkeep\n|turn|8\n|c|\u2606fumbari 24|Oooh thanks ^^\n|\n|t:|1695536306\n|move|p1a: Shiftry|Protect|p1a: Shiftry\n|-singleturn|p1a: Shiftry|Protect\n|move|p2a: Cofagrigus|Shadow Ball|p1b: Skeledirge\n|-supereffective|p1b: Skeledirge\n|-damage|p1b: Skeledirge|21\/100 par\n|move|p1b: Skeledirge|Slack Off|p1b: Skeledirge\n|-heal|p1b: Skeledirge|71\/100 par\n|move|p2b: Druddigon|Rock Slide|p1a: Shiftry|[spread] p1b\n|-activate|p1a: Shiftry|move: Protect\n|-supereffective|p1b: Skeledirge\n|-damage|p1b: Skeledirge|59\/100 par\n|\n|-heal|p1b: Skeledirge|65\/100 par|[from] item: Leftovers\n|-damage|p2b: Druddigon|61\/100 brn|[from] brn\n|-damage|p1a: Shiftry|33\/100 brn|[from] brn\n|upkeep\n|turn|9\n|\n|t:|1695536328\n|move|p2a: Cofagrigus|Shadow Ball|p1b: Skeledirge\n|-supereffective|p1b: Skeledirge\n|-damage|p1b: Skeledirge|19\/100 par\n|move|p1b: Skeledirge|Torch Song|p2a: Cofagrigus\n|-damage|p2a: Cofagrigus|41\/100\n|-boost|p1b: Skeledirge|spa|1\n|move|p2b: Druddigon|Rock Slide|p1a: Shiftry|[spread] p1a,p1b\n|-supereffective|p1b: Skeledirge\n|-damage|p1a: Shiftry|20\/100 brn\n|-damage|p1b: Skeledirge|7\/100 par\n|cant|p1a: Shiftry|flinch\n|\n|-heal|p1b: Skeledirge|13\/100 par|[from] item: Leftovers\n|-damage|p2b: Druddigon|55\/100 brn|[from] brn\n|-damage|p1a: Shiftry|14\/100 brn|[from] brn\n|-fieldend|move: Trick Room\n|upkeep\n|turn|10\n|\n|t:|1695536352\n|move|p1a: Shiftry|Knock Off|p2a: Cofagrigus\n|-supereffective|p2a: Cofagrigus\n|-damage|p2a: Cofagrigus|9\/100\n|-damage|p1a: Shiftry|4\/100 brn|[from] item: Life Orb\n|move|p2b: Druddigon|Rock Slide|p1a: Shiftry|[spread] p1a,p1b\n|-supereffective|p1b: Skeledirge\n|-damage|p1a: Shiftry|0 fnt\n|-damage|p1b: Skeledirge|1\/100 par\n|faint|p1a: Shiftry\n|cant|p1b: Skeledirge|flinch\n|move|p2a: Cofagrigus|Shadow Ball|p1b: Skeledirge\n|-supereffective|p1b: Skeledirge\n|-damage|p1b: Skeledirge|0 fnt\n|faint|p1b: Skeledirge\n|\n|-damage|p2b: Druddigon|48\/100 brn|[from] brn\n|upkeep\n|\n|t:|1695536362\n|switch|p1a: Ogerpon|Ogerpon-Wellspring, F|100\/100\n|switch|p1b: Baxcalibur|Baxcalibur, F|68\/100\n|turn|11\n|\n|t:|1695536374\n|move|p1a: Ogerpon|Horn Leech|p2a: Cofagrigus\n|-damage|p2a: Cofagrigus|0 fnt\n|-activate|p2a: Cofagrigus|ability: Mummy|Water Absorb|[of] p1a: Ogerpon\n|faint|p2a: Cofagrigus\n|move|p1b: Baxcalibur|Scale Shot|p2b: Druddigon|[miss]\n|-miss|p1b: Baxcalibur|p2b: Druddigon\n|move|p2b: Druddigon|Glare|p1a: Ogerpon\n|-status|p1a: Ogerpon|par\n|\n|-damage|p2b: Druddigon|42\/100 brn|[from] brn\n|upkeep\n|\n|t:|1695536385\n|switch|p2a: Blue Flame|Salamence, M|100\/100\n|-ability|p2a: Blue Flame|Intimidate|boost\n|-unboost|p1a: Ogerpon|atk|1\n|-unboost|p1b: Baxcalibur|atk|1\n|turn|12\n|c|\u2606DragsIThink|damn\n|c|\u2606DragsIThink|unfort miss\n|c|\u2606fumbari 24|Lol sorry man\n|\n|t:|1695536414\n|switch|p2a: Aggron|Aggron, M|100\/100\n|-terastallize|p1b: Baxcalibur|Fire\n|move|p1b: Baxcalibur|Icicle Spear|p2a: Aggron\n|-resisted|p2a: Aggron\n|-damage|p2a: Aggron|98\/100\n|-resisted|p2a: Aggron\n|-damage|p2a: Aggron|95\/100\n|-resisted|p2a: Aggron\n|-damage|p2a: Aggron|92\/100\n|-resisted|p2a: Aggron\n|-damage|p2a: Aggron|89\/100\n|-resisted|p2a: Aggron\n|-damage|p2a: Aggron|86\/100\n|-hitcount|p2a: Aggron|5\n|cant|p1a: Ogerpon|par\n|move|p2b: Druddigon|Glare|p1b: Baxcalibur\n|-status|p1b: Baxcalibur|par\n|\n|-damage|p2b: Druddigon|36\/100 brn|[from] brn\n|upkeep\n|turn|13\n|c|\u2606DragsIThink|HOLY SHIT\n|\n|t:|1695536441\n|move|p1a: Ogerpon|Ivy Cudgel|p2b: Druddigon\n|-resisted|p2b: Druddigon\n|-damage|p2b: Druddigon|23\/100 brn\n|move|p1b: Baxcalibur|Scale Shot|p2b: Druddigon\n|-supereffective|p2b: Druddigon\n|-damage|p2b: Druddigon|8\/100 brn\n|-supereffective|p2b: Druddigon\n|-crit|p2b: Druddigon\n|-damage|p2b: Druddigon|0 fnt\n|faint|p2b: Druddigon\n|-hitcount|p2: Druddigon|2\n|-unboost|p1b: Baxcalibur|def|1\n|-boost|p1b: Baxcalibur|spe|1\n|-zpower|p2a: Aggron\n|move|p2a: Aggron|Continental Crush|p1b: Baxcalibur|[zeffect]\n|-supereffective|p1b: Baxcalibur\n|-damage|p1b: Baxcalibur|0 fnt\n|faint|p1b: Baxcalibur\n|\n|upkeep\n|inactive|fumbari 24 has 120 seconds left.\n|\n|t:|1695536459\n|switch|p2b: Blue Flame|Salamence, M|100\/100\n|-ability|p2b: Blue Flame|Intimidate|boost\n|-unboost|p1a: Ogerpon|atk|1\n|turn|14\n|c|\u2606DragsIThink|ogerpon can do a 2v1 right?\n|c|\u2606DragsIThink|with -2 attack RIGHT?\n|c|\u2606DragsIThink|nah ima forfiet\n|c|\u2606DragsIThink|cool arse team dude\n|c|\u2606fumbari 24|JSJSJSJS Maybe\n|inactive|DragsIThink has 120 seconds left.\n|c|\u2606DragsIThink|krookodile WRECKED me\n|c|\u2606fumbari 24|Thanks ^^ but i have luck this time\n|c|\u2606DragsIThink|lmao\n|\n|t:|1695536515\n|detailschange|p2b: Blue Flame|Salamence-Mega, M\n|-mega|p2b: Blue Flame|Salamence|Salamencite\n|move|p2b: Blue Flame|Double-Edge|p1a: Ogerpon\n|-supereffective|p1a: Ogerpon\n|-damage|p1a: Ogerpon|0 fnt\n|-activate|p1a: Ogerpon|ability: Mummy|Aerilate|[of] p2b: Blue Flame\n|faint|p1a: Ogerpon\n|-damage|p2b: Blue Flame|65\/100|[from] Recoil\n|\n|win|fumbari 24\n|raw|DragsIThink's rating: 1095 &rarr; <strong>1081<\/strong><br \/>(-14 for losing)\n|raw|fumbari 24's rating: 1256 &rarr; <strong>1270<\/strong><br \/>(+14 for winning)\n|c|\u2606DragsIThink|lmao\n","uploadtime":1695536522,"views":9,"p1id":"dragsithink","p2id":"fumbari24","formatid":"gen9nationaldexdoubles","rating":1081,"private":0,"password":""}