{"id":"gen9nationaldexdoubles-1963787204","p1":"kingspeed51","p2":"Denvah_17","format":"[Gen 9] National Dex Doubles","log":"|j|\u2606kingspeed51\n|j|\u2606Denvah_17\n|t:|1696900090\n|gametype|doubles\n|player|p1|kingspeed51|169|1115\n|player|p2|Denvah_17|alder|1305\n|teamsize|p1|6\n|teamsize|p2|6\n|gen|9\n|tier|[Gen 9] National Dex Doubles\n|rated|\n|rule|HP Percentage Mod: HP is shown in percentages\n|rule|Endless Battle Clause: Forcing endless battles is banned\n|rule|OHKO Clause: OHKO moves are banned\n|rule|Evasion Moves Clause: Evasion moves are banned\n|rule|Evasion Abilities Clause: Evasion abilities are banned\n|rule|Species Clause: Limit one of each Pok\u00e9mon\n|rule|Gravity Sleep Clause: The combination of sleep-inducing moves with imperfect accuracy and Gravity or Gigantamax Orbeetle are banned\n|clearpoke\n|poke|p1|Metagross|\n|poke|p1|Salamence, F|\n|poke|p1|Iron Moth|\n|poke|p1|Greninja-*, M|\n|poke|p1|Whimsicott, M|\n|poke|p1|Chansey, F|\n|poke|p2|Sinistcha-Masterpiece|\n|poke|p2|Enamorus, F|\n|poke|p2|Volcanion|\n|poke|p2|Scizor, M|\n|poke|p2|Okidogi, M|\n|poke|p2|Ursaluna-Bloodmoon, M|\n|teampreview\n|inactive|Battle timer is ON: inactive players will automatically lose when time's up. (requested by Denvah_17)\n|\n|t:|1696900107\n|start\n|switch|p1a: Whimsicott|Whimsicott, M|100\/100\n|switch|p1b: Metagross|Metagross|100\/100\n|switch|p2a: Sonria|Enamorus, F|100\/100\n|switch|p2b: Grass Latte|Sinistcha-Masterpiece|100\/100\n|turn|1\n|\n|t:|1696900124\n|switch|p2a: Saxophone|Volcanion|100\/100\n|switch|p1b: Chansey|Chansey, F|100\/100\n|move|p1a: Whimsicott|Tailwind|p1a: Whimsicott\n|-sidestart|p1: kingspeed51|move: Tailwind\n|move|p2b: Grass Latte|Strength Sap|p1b: Chansey\n|-unboost|p1b: Chansey|atk|1\n|\n|upkeep\n|turn|2\n|\n|t:|1696900141\n|switch|p2b: Sudafed|Scizor, M|100\/100\n|move|p1a: Whimsicott|Protect|p1a: Whimsicott\n|-singleturn|p1a: Whimsicott|Protect\n|move|p1b: Chansey|Toxic|p2b: Sudafed\n|-immune|p2b: Sudafed\n|move|p2a: Saxophone|Heat Wave|p1a: Whimsicott|[spread] p1b\n|-activate|p1a: Whimsicott|move: Protect\n|-damage|p1b: Chansey|89\/100\n|\n|upkeep\n|turn|3\n|\n|t:|1696900158\n|switch|p1a: Salamence|Salamence, F|100\/100\n|-ability|p1a: Salamence|Intimidate|boost\n|-unboost|p2a: Saxophone|atk|1\n|-unboost|p2b: Sudafed|atk|1\n|switch|p2a: Dogecoin|Okidogi, M|100\/100\n|detailschange|p2b: Sudafed|Scizor-Mega, M\n|-mega|p2b: Sudafed|Scizor|Scizorite\n|move|p1b: Chansey|Toxic|p2a: Dogecoin\n|-immune|p2a: Dogecoin\n|move|p2b: Sudafed|Swords Dance|p2b: Sudafed\n|-boost|p2b: Sudafed|atk|2\n|\n|upkeep\n|turn|4\n|\n|t:|1696900186\n|move|p1a: Salamence|Dual Wingbeat|p2a: Dogecoin\n|-supereffective|p2a: Dogecoin\n|-damage|p2a: Dogecoin|52\/100\n|-supereffective|p2a: Dogecoin\n|-damage|p2a: Dogecoin|0 fnt\n|faint|p2a: Dogecoin\n|-hitcount|p2: Dogecoin|2\n|-damage|p1a: Salamence|91\/100|[from] item: Life Orb\n|move|p1b: Chansey|Seismic Toss|p2b: Sudafed\n|-damage|p2b: Sudafed|71\/100\n|move|p2b: Sudafed|Bug Bite|p1b: Chansey\n|-damage|p1b: Chansey|35\/100\n|\n|-sideend|p1: kingspeed51|move: Tailwind\n|upkeep\n|\n|t:|1696900202\n|switch|p2a: Sonria|Enamorus, F|100\/100\n|turn|5\n|\n|t:|1696900211\n|-terastallize|p1a: Salamence|Fire\n|move|p2b: Sudafed|Bullet Punch|p1b: Chansey\n|-damage|p1b: Chansey|0 fnt\n|faint|p1b: Chansey\n|move|p2a: Sonria|Play Rough|p1a: Salamence\n|-resisted|p1a: Salamence\n|-damage|p1a: Salamence|63\/100\n|move|p1a: Salamence|Fire Fang|p2b: Sudafed\n|-supereffective|p2b: Sudafed\n|-damage|p2b: Sudafed|0 fnt\n|faint|p2b: Sudafed\n|-damage|p1a: Salamence|53\/100|[from] item: Life Orb\n|\n|upkeep\n|\n|t:|1696900225\n|switch|p2b: Grass Latte|Sinistcha-Masterpiece|100\/100\n|switch|p1b: Greninja|Greninja, M|100\/100\n|turn|6\n|\n|t:|1696900238\n|move|p1b: Greninja|Ice Beam|p2a: Sonria\n|-start|p1b: Greninja|typechange|Ice|[from] ability: Protean\n|-supereffective|p2a: Sonria\n|-damage|p2a: Sonria|17\/100\n|-status|p2a: Sonria|frz\n|cant|p2a: Sonria|frz\n|move|p1a: Salamence|Fire Fang|p2b: Grass Latte\n|-supereffective|p2b: Grass Latte\n|-damage|p2b: Grass Latte|53\/100\n|-enditem|p2b: Grass Latte|Weakness Policy\n|-boost|p2b: Grass Latte|atk|2|[from] item: Weakness Policy\n|-boost|p2b: Grass Latte|spa|2|[from] item: Weakness Policy\n|-damage|p1a: Salamence|43\/100|[from] item: Life Orb\n|move|p2b: Grass Latte|Strength Sap|p1a: Salamence\n|-unboost|p1a: Salamence|atk|1\n|-heal|p2b: Grass Latte|100\/100\n|\n|upkeep\n|turn|7\n|\n|t:|1696900264\n|-terastallize|p2b: Grass Latte|Grass\n|move|p1b: Greninja|Ice Beam|p2b: Grass Latte\n|-supereffective|p2b: Grass Latte\n|-damage|p2b: Grass Latte|0 fnt\n|faint|p2b: Grass Latte\n|cant|p2a: Sonria|frz\n|move|p1a: Salamence|Fire Fang|p2a: Sonria\n|-crit|p2a: Sonria\n|-damage|p2a: Sonria|0 fnt\n|faint|p2a: Sonria\n|-damage|p1a: Salamence|33\/100|[from] item: Life Orb\n|\n|upkeep\n|-message|Denvah_17 forfeited.\n|\n|win|kingspeed51\n|raw|kingspeed51's rating: 1115 &rarr; <strong>1152<\/strong><br \/>(+37 for winning)\n|raw|Denvah_17's rating: 1305 &rarr; <strong>1275<\/strong><br \/>(-30 for losing)\n|l|\u2606Denvah_17\n","uploadtime":1696900374,"views":4,"p1id":"kingspeed51","p2id":"denvah17","formatid":"gen9nationaldexdoubles","rating":1152,"private":0,"password":""}