{"id":"gen9nationaldexdoubles-1977099995","p1":"JacintoElGrande","p2":"Elnutriajp","format":"[Gen 9] National Dex Doubles","log":"|j|\u2606JacintoElGrande\n|j|\u2606Elnutriajp\n|t:|1698371507\n|gametype|doubles\n|player|p1|JacintoElGrande|doctor-gen8|\n|player|p2|Elnutriajp|lucas|\n|teamsize|p1|6\n|teamsize|p2|6\n|gen|9\n|tier|[Gen 9] National Dex Doubles\n|rule|HP Percentage Mod: HP is shown in percentages\n|rule|Endless Battle Clause: Forcing endless battles is banned\n|rule|OHKO Clause: OHKO moves are banned\n|rule|Evasion Moves Clause: Evasion moves are banned\n|rule|Evasion Abilities Clause: Evasion abilities are banned\n|rule|Species Clause: Limit one of each Pok\u00e9mon\n|rule|Gravity Sleep Clause: The combination of sleep-inducing moves with imperfect accuracy and Gravity or Gigantamax Orbeetle are banned\n|clearpoke\n|poke|p1|Landorus-Therian, M|\n|poke|p1|Dragonite, F|\n|poke|p1|Tornadus, M|\n|poke|p1|Zapdos|\n|poke|p1|Gyarados, M|\n|poke|p1|Pelipper, M|\n|poke|p2|Murkrow, M|\n|poke|p2|Venusaur, F|\n|poke|p2|Mimikyu, M|\n|poke|p2|Floatzel, F|\n|poke|p2|Goodra-Hisui, F|\n|poke|p2|Volcarona, F|\n|teampreview\n|c|\u2606Elnutriajp|era mono?\n|c|\u2606Elnutriajp|shit\n|c|\u2606Elnutriajp|la cagu\u00e9?\n|c|\u2606JacintoElGrande|gl hf\n|c|\u2606JacintoElGrande|nono\n|c|\u2606JacintoElGrande|quer\u00eda probar mi monoflying\n|c|\u2606JacintoElGrande|era una idea que ten\u00eda pensada hace rato\n|c|\u2606JacintoElGrande|con la cobertura deber\u00eda ser capaz de lidiar con cualquier team\n|c|\u2606JacintoElGrande|sea o no monotype\n|c|\u2606Elnutriajp|oh bueno xdd\n|c|\u2606JacintoElGrande|suerte\n|\n|t:|1698371616\n|start\n|switch|p1a: Landorus|Landorus-Therian, M|100\/100\n|switch|p1b: Dragonite|Dragonite, F|100\/100\n|switch|p2a: Jairo|Murkrow, M|100\/100\n|switch|p2b: minmi|Mimikyu, M|100\/100\n|-ability|p1a: Landorus|Intimidate|boost\n|-unboost|p2a: Jairo|atk|1\n|-unboost|p2b: minmi|atk|1\n|turn|1\n|\n|t:|1698371639\n|move|p2a: Jairo|Taunt|p1a: Landorus\n|-start|p1a: Landorus|move: Taunt\n|move|p1a: Landorus|Rock Slide|p2a: Jairo|[spread] p2a,p2b\n|-supereffective|p2a: Jairo\n|-damage|p2a: Jairo|16\/100\n|-activate|p2b: minmi|ability: Disguise\n|-damage|p2b: minmi|100\/100\n|detailschange|p2b: minmi|Mimikyu-Busted, M\n|-damage|p2b: minmi|88\/100|[from] pokemon: Mimikyu-Busted\n|move|p2b: minmi|Swords Dance|p2b: minmi\n|-boost|p2b: minmi|atk|2\n|move|p1b: Dragonite|Iron Head|p2b: minmi\n|-supereffective|p2b: minmi\n|-damage|p2b: minmi|0 fnt\n|faint|p2b: minmi\n|\n|upkeep\n|\n|t:|1698371659\n|switch|p2b: Fluter|Floatzel, F|100\/100\n|turn|2\n|\n|t:|1698371674\n|switch|p1a: Pelipper|Pelipper, M|100\/100\n|-weather|RainDance|[from] ability: Drizzle|[of] p1a: Pelipper\n|switch|p1b: Gyarados|Gyarados, M|100\/100\n|-ability|p1b: Gyarados|Intimidate|boost\n|-unboost|p2a: Jairo|atk|1\n|-unboost|p2b: Fluter|atk|1\n|move|p2a: Jairo|Rain Dance||[still]\n|-fail|p2a: Jairo\n|move|p2b: Fluter|Ice Spinner|p1b: Gyarados\n|-crit|p1b: Gyarados\n|-damage|p1b: Gyarados|33\/100\n|-damage|p2b: Fluter|91\/100|[from] item: Life Orb\n|\n|-weather|RainDance|[upkeep]\n|upkeep\n|turn|3\n|\n|t:|1698371699\n|move|p1b: Gyarados|Protect|p1b: Gyarados\n|-singleturn|p1b: Gyarados|Protect\n|move|p2a: Jairo|Haze|p2a: Jairo\n|-clearallboost\n|move|p2b: Fluter|Ice Spinner|p1b: Gyarados\n|-activate|p1b: Gyarados|move: Protect\n|move|p1a: Pelipper|U-turn|p2a: Jairo\n|-damage|p2a: Jairo|0 fnt\n|faint|p2a: Jairo\n|\n|t:|1698371716\n|switch|p1a: Dragonite|Dragonite, F|100\/100|[from] U-turn\n|\n|-weather|RainDance|[upkeep]\n|upkeep\n|\n|t:|1698371726\n|switch|p2a: Mostaza|Volcarona, F, shiny|100\/100\n|turn|4\n|\n|t:|1698371744\n|detailschange|p1b: Gyarados|Gyarados-Mega, M\n|-mega|p1b: Gyarados|Gyarados|Gyaradosite\n|-ability|p1b: Gyarados|Mold Breaker\n|-terastallize|p1a: Dragonite|Normal\n|move|p1a: Dragonite|Extreme Speed|p2b: Fluter\n|-damage|p2b: Fluter|0 fnt\n|faint|p2b: Fluter\n|move|p2a: Mostaza|Giga Drain|p1b: Gyarados\n|-supereffective|p1b: Gyarados\n|-damage|p1b: Gyarados|0 fnt\n|faint|p1b: Gyarados\n|\n|-weather|RainDance|[upkeep]\n|upkeep\n|\n|t:|1698371759\n|switch|p2b: Chokoo|Goodra-Hisui, F, shiny|100\/100\n|switch|p1b: Landorus|Landorus-Therian, M|100\/100\n|-ability|p1b: Landorus|Intimidate|boost\n|-unboost|p2a: Mostaza|atk|1\n|-unboost|p2b: Chokoo|atk|1\n|turn|5\n|\n|t:|1698371787\n|-terastallize|p2a: Mostaza|Grass\n|move|p1a: Dragonite|Extreme Speed|p2a: Mostaza\n|-damage|p2a: Mostaza|0 fnt\n|faint|p2a: Mostaza\n|move|p1b: Landorus|U-turn|p2b: Chokoo\n|-resisted|p2b: Chokoo\n|-damage|p2b: Chokoo|89\/100\n|\n|t:|1698371798\n|switch|p1b: Pelipper|Pelipper, M|100\/100|[from] U-turn\n|move|p2b: Chokoo|Shelter|p2b: Chokoo\n|-boost|p2b: Chokoo|def|2\n|\n|-weather|RainDance|[upkeep]\n|upkeep\n|l|\u2606Elnutriajp\n|player|p2|\n|j|\u2606Elnutriajp\n|player|p2|Elnutriajp|lucas\n|c|\u2606Elnutriajp|wn la de veces que me han sacado al dragonitw normal XDD\n|\n|t:|1698371844\n|switch|p2a: Lechuga|Venusaur, F, shiny|100\/100\n|turn|6\n|\n|t:|1698371861\n|detailschange|p2a: Lechuga|Venusaur-Mega, F, shiny\n|-mega|p2a: Lechuga|Venusaur|Venusaurite\n|move|p1a: Dragonite|Extreme Speed|p2a: Lechuga\n|-damage|p2a: Lechuga|35\/100\n|move|p2a: Lechuga|Petal Blizzard|p1a: Dragonite|[spread] p1a,p1b\n|-ability|p2b: Chokoo|Sap Sipper|boost\n|-boost|p2b: Chokoo|atk|1\n|-damage|p1a: Dragonite|73\/100\n|-damage|p1b: Pelipper|72\/100\n|move|p1b: Pelipper|Hurricane|p2a: Lechuga\n|-supereffective|p2a: Lechuga\n|-damage|p2a: Lechuga|0 fnt\n|faint|p2a: Lechuga\n|move|p2b: Chokoo|Gyro Ball|p1a: Dragonite\n|-damage|p1a: Dragonite|54\/100\n|\n|-weather|RainDance|[upkeep]\n|upkeep\n|turn|7\n|l|\u2606Elnutriajp\n|player|p2|\n|j|\u2606Elnutriajp\n|player|p2|Elnutriajp|lucas\n|c|\u2606Elnutriajp|me est\u00e1 desconectado que wea XD\n|\n|t:|1698371908\n|switch|p1a: Landorus|Landorus-Therian, M|100\/100\n|-ability|p1a: Landorus|Intimidate|boost\n|-unboost|p2b: Chokoo|atk|1\n|move|p1b: Pelipper|U-turn|p2b: Chokoo\n|-resisted|p2b: Chokoo\n|-damage|p2b: Chokoo|87\/100\n|c|\u2606JacintoElGrande|problemas de net probablemente\n|c|\u2606JacintoElGrande|como ha estado mi net ultimamente\n|c|\u2606JacintoElGrande|me extra\u00f1a que yo no me est\u00e9 desconectando xd\n|\n|t:|1698371941\n|switch|p1b: Tornadus|Tornadus, M|100\/100|[from] U-turn\n|move|p2b: Chokoo|Shelter|p2b: Chokoo\n|-boost|p2b: Chokoo|def|2\n|\n|-weather|RainDance|[upkeep]\n|upkeep\n|turn|8\n|\n|t:|1698371971\n|move|p1b: Tornadus|Taunt|p2b: Chokoo\n|-start|p2b: Chokoo|move: Taunt\n|move|p1a: Landorus|Stomping Tantrum|p2b: Chokoo\n|-supereffective|p2b: Chokoo\n|-crit|p2b: Chokoo\n|-damage|p2b: Chokoo|0 fnt\n|faint|p2b: Chokoo\n|\n|win|JacintoElGrande\n|c|\u2606JacintoElGrande|chaaaa medio crit\n|c|\u2606JacintoElGrande|sorry\n|c|\u2606JacintoElGrande|gg\n","uploadtime":1698371985,"views":6,"p1id":"jacintoelgrande","p2id":"elnutriajp","formatid":"gen9nationaldexdoubles","rating":0,"private":0,"password":""}