{"id":"gen9nationaldexdoubles-1948986377","p1":"Nerdygolem513","p2":"Grunt2222222","format":"[Gen 9] National Dex Doubles","log":"|j|\u2606Nerdygolem513\n|j|\u2606Grunt2222222\n|t:|1695317339\n|gametype|doubles\n|player|p1|Nerdygolem513|skullgrunt|1088\n|player|p2|Grunt2222222|rocketgrunt|1039\n|teamsize|p1|6\n|teamsize|p2|6\n|gen|9\n|tier|[Gen 9] National Dex Doubles\n|rated|\n|rule|HP Percentage Mod: HP is shown in percentages\n|rule|Endless Battle Clause: Forcing endless battles is banned\n|rule|OHKO Clause: OHKO moves are banned\n|rule|Evasion Moves Clause: Evasion moves are banned\n|rule|Evasion Abilities Clause: Evasion abilities are banned\n|rule|Species Clause: Limit one of each Pok\u00e9mon\n|rule|Gravity Sleep Clause: The combination of sleep-inducing moves with imperfect accuracy and Gravity or Gigantamax Orbeetle are banned\n|clearpoke\n|poke|p1|Raichu-Alola, M|\n|poke|p1|Tapu Koko|\n|poke|p1|Indeedee-F, F|\n|poke|p1|Gardevoir, M|\n|poke|p1|Ribombee, F|\n|poke|p1|Tyranitar, M|\n|poke|p2|Salazzle, F|\n|poke|p2|Sableye, F|\n|poke|p2|Amoonguss, F|\n|poke|p2|Noivern, M|\n|poke|p2|Gastrodon, M|\n|poke|p2|Iron Hands|\n|teampreview\n|\n|t:|1695317352\n|start\n|switch|p1a: Ribombee|Ribombee, F|100\/100\n|switch|p1b: Tapu Koko|Tapu Koko|100\/100\n|switch|p2a: Sableye|Sableye, F|100\/100\n|switch|p2b: Salazzle|Salazzle, F|100\/100\n|-fieldstart|move: Electric Terrain|[from] ability: Electric Surge|[of] p1b: Tapu Koko\n|turn|1\n|\n|t:|1695317365\n|move|p2a: Sableye|Fake Out|p1a: Ribombee\n|-damage|p1a: Ribombee|86\/100\n|move|p1b: Tapu Koko|Thunder Punch|p2b: Salazzle\n|-damage|p2b: Salazzle|20\/100\n|move|p1a: Ribombee|Sticky Web|p2a: Sableye\n|-sidestart|p2: Grunt2222222|move: Sticky Web\n|move|p2b: Salazzle|Acid Spray|p1b: Tapu Koko\n|-supereffective|p1b: Tapu Koko\n|-damage|p1b: Tapu Koko|34\/100\n|-unboost|p1b: Tapu Koko|spd|2\n|\n|upkeep\n|turn|2\n|\n|t:|1695317407\n|switch|p2b: Gastrodon|Gastrodon, M|100\/100\n|-activate|p2b: Gastrodon|move: Sticky Web\n|-unboost|p2b: Gastrodon|spe|1\n|detailschange|p2a: Sableye|Sableye-Mega, F\n|-mega|p2a: Sableye|Sableye|Sablenite\n|move|p1b: Tapu Koko|U-turn|p2a: Sableye\n|-damage|p2a: Sableye|81\/100\n|\n|t:|1695317419\n|switch|p1b: Raichu|Raichu-Alola, M|100\/100|[from] U-turn\n|move|p1a: Ribombee|Moonblast|p2a: Sableye\n|-supereffective|p2a: Sableye\n|-crit|p2a: Sableye\n|-damage|p2a: Sableye|0 fnt\n|faint|p2a: Sableye\n|\n|upkeep\n|\n|t:|1695317454\n|switch|p2a: Iron Hands|Iron Hands|100\/100\n|-activate|p2a: Iron Hands|move: Sticky Web\n|-unboost|p2a: Iron Hands|spe|1\n|-activate|p2a: Iron Hands|ability: Quark Drive\n|-start|p2a: Iron Hands|quarkdriveatk\n|turn|3\n|\n|t:|1695317466\n|switch|p1a: Indeedee|Indeedee-F, F|100\/100\n|-fieldstart|move: Psychic Terrain|[from] ability: Psychic Surge|[of] p1a: Indeedee\n|-end|p2a: Iron Hands|Quark Drive\n|-enditem|p2a: Iron Hands|Booster Energy\n|-activate|p2a: Iron Hands|ability: Quark Drive|[fromitem]\n|-start|p2a: Iron Hands|quarkdriveatk\n|move|p1b: Raichu|Expanding Force|p2b: Gastrodon|[spread] p2a,p2b\n|-supereffective|p2a: Iron Hands\n|-damage|p2a: Iron Hands|0 fnt\n|-damage|p2b: Gastrodon|58\/100\n|faint|p2a: Iron Hands\n|-end|p2a: Iron Hands|Quark Drive|[silent]\n|-damage|p1b: Raichu|91\/100|[from] item: Life Orb\n|move|p2b: Gastrodon|Stealth Rock|p1a: Indeedee\n|-sidestart|p1: Nerdygolem513|move: Stealth Rock\n|\n|upkeep\n|\n|t:|1695317477\n|switch|p2a: Noivern|Noivern, M|100\/100\n|turn|4\n|\n|t:|1695317486\n|switch|p1a: Tapu Koko|Tapu Koko|34\/100\n|-damage|p1a: Tapu Koko|22\/100|[from] Stealth Rock\n|-fieldstart|move: Electric Terrain|[from] ability: Electric Surge|[of] p1a: Tapu Koko\n|move|p1b: Raichu|Rising Voltage|p2a: Noivern\n|-damage|p2a: Noivern|32\/100\n|-damage|p1b: Raichu|81\/100|[from] item: Life Orb\n|-zpower|p2a: Noivern\n|move|p2a: Noivern|Devastating Drake|p1b: Raichu|[zeffect]\n|-damage|p1b: Raichu|0 fnt\n|faint|p1b: Raichu\n|move|p2b: Gastrodon|Recover|p2b: Gastrodon\n|-heal|p2b: Gastrodon|100\/100\n|\n|upkeep\n|\n|t:|1695317507\n|switch|p1b: Gardevoir|Gardevoir, M|100\/100\n|-damage|p1b: Gardevoir|88\/100|[from] Stealth Rock\n|-ability|p1b: Gardevoir|Storm Drain|[from] ability: Trace|[of] p2b: Gastrodon\n|turn|5\n|\n|t:|1695317519\n|switch|p1a: Indeedee|Indeedee-F, F|100\/100\n|-damage|p1a: Indeedee|88\/100|[from] Stealth Rock\n|-fieldstart|move: Psychic Terrain|[from] ability: Psychic Surge|[of] p1a: Indeedee\n|switch|p2a: Salazzle|Salazzle, F|20\/100\n|-activate|p2a: Salazzle|move: Sticky Web\n|-unboost|p2a: Salazzle|spe|1\n|detailschange|p1b: Gardevoir|Gardevoir-Mega, M\n|-mega|p1b: Gardevoir|Gardevoir|Gardevoirite\n|move|p1b: Gardevoir|Expanding Force|p2a: Salazzle|[spread] p2a,p2b\n|-supereffective|p2a: Salazzle\n|-damage|p2a: Salazzle|0 fnt\n|-damage|p2b: Gastrodon|56\/100\n|faint|p2a: Salazzle\n|move|p2b: Gastrodon|Hydro Pump|p1b: Gardevoir\n|-damage|p1b: Gardevoir|57\/100\n|\n|-heal|p1a: Indeedee|94\/100|[from] item: Leftovers\n|upkeep\n|\n|t:|1695317537\n|switch|p2a: Amoonguss|Amoonguss, F|100\/100\n|-activate|p2a: Amoonguss|move: Sticky Web\n|-unboost|p2a: Amoonguss|spe|1\n|turn|6\n|\n|t:|1695317548\n|-terastallize|p2a: Amoonguss|Grass\n|move|p1a: Indeedee|Follow Me|p1a: Indeedee\n|-singleturn|p1a: Indeedee|move: Follow Me\n|move|p1b: Gardevoir|Calm Mind|p1b: Gardevoir\n|-boost|p1b: Gardevoir|spa|1\n|-boost|p1b: Gardevoir|spd|1\n|move|p2b: Gastrodon|Recover|p2b: Gastrodon\n|-heal|p2b: Gastrodon|100\/100\n|move|p2a: Amoonguss|Spore|p1a: Indeedee\n|-status|p1a: Indeedee|slp|[from] move: Spore\n|\n|-heal|p1a: Indeedee|99\/100 slp|[from] item: Leftovers\n|-damage|p2a: Amoonguss|88\/100|[from] item: Black Sludge\n|upkeep\n|turn|7\n|inactive|Battle timer is ON: inactive players will automatically lose when time's up. (requested by Grunt2222222)\n|\n|t:|1695317570\n|cant|p1a: Indeedee|slp\n|move|p1b: Gardevoir|Expanding Force|p2a: Amoonguss|[spread] p2a,p2b\n|-damage|p2a: Amoonguss|0 fnt\n|-damage|p2b: Gastrodon|23\/100\n|-enditem|p2b: Gastrodon|Aguav Berry|[eat]\n|-heal|p2b: Gastrodon|56\/100|[from] item: Aguav Berry\n|faint|p2a: Amoonguss\n|move|p2b: Gastrodon|Hydro Pump|p1b: Gardevoir\n|-damage|p1b: Gardevoir|36\/100\n|\n|-heal|p1a: Indeedee|100\/100 slp|[from] item: Leftovers\n|upkeep\n|\n|t:|1695317580\n|switch|p2a: Noivern|Noivern, M|32\/100\n|turn|8\n|\n|t:|1695317587\n|cant|p1a: Indeedee|slp\n|move|p2a: Noivern|Flamethrower|p1b: Gardevoir\n|-damage|p1b: Gardevoir|18\/100\n|move|p1b: Gardevoir|Hyper Voice|p2a: Noivern|[spread] p2a,p2b\n|-supereffective|p2a: Noivern\n|-damage|p2a: Noivern|0 fnt\n|-damage|p2b: Gastrodon|4\/100\n|faint|p2a: Noivern\n|move|p2b: Gastrodon|Recover|p2b: Gastrodon\n|-heal|p2b: Gastrodon|54\/100\n|\n|upkeep\n|turn|9\n|\n|t:|1695317607\n|move|p1b: Gardevoir|Protect|p1b: Gardevoir\n|-singleturn|p1b: Gardevoir|Protect\n|-curestatus|p1a: Indeedee|slp|[msg]\n|move|p1a: Indeedee|Expanding Force|p2b: Gastrodon\n|-damage|p2b: Gastrodon|22\/100\n|move|p2b: Gastrodon|Recover|p2b: Gastrodon\n|-heal|p2b: Gastrodon|72\/100\n|\n|-fieldend|move: Psychic Terrain\n|upkeep\n|turn|10\n|\n|t:|1695317622\n|move|p1a: Indeedee|Helping Hand|p1b: Gardevoir\n|-singleturn|p1b: Gardevoir|Helping Hand|[of] p1a: Indeedee\n|move|p1b: Gardevoir|Hyper Voice|p2b: Gastrodon\n|-damage|p2b: Gastrodon|0 fnt\n|faint|p2b: Gastrodon\n|\n|win|Nerdygolem513\n|raw|Nerdygolem513's rating: 1088 &rarr; <strong>1111<\/strong><br \/>(+23 for winning)\n|raw|Grunt2222222's rating: 1039 &rarr; <strong>1025<\/strong><br \/>(-14 for losing)\n|l|\u2606Grunt2222222\n","uploadtime":1695317636,"views":9,"p1id":"nerdygolem513","p2id":"grunt2222222","formatid":"gen9nationaldexdoubles","rating":1025,"private":0,"password":""}