{"id":"gen9nationaldexdoubles-1950903001","p1":"Zentex ELITE 4","p2":"qasxcfdcvbjhygtf","format":"[Gen 9] National Dex Doubles","log":"|j|\u2606Zentex ELITE 4\n|j|\u2606qasxcfdcvbjhygtf\n|t:|1695517781\n|gametype|doubles\n|player|p1|Zentex ELITE 4|lucian|1326\n|player|p2|qasxcfdcvbjhygtf|guzma|1349\n|teamsize|p1|6\n|teamsize|p2|6\n|gen|9\n|tier|[Gen 9] National Dex Doubles\n|rated|\n|rule|HP Percentage Mod: HP is shown in percentages\n|rule|Endless Battle Clause: Forcing endless battles is banned\n|rule|OHKO Clause: OHKO moves are banned\n|rule|Evasion Moves Clause: Evasion moves are banned\n|rule|Evasion Abilities Clause: Evasion abilities are banned\n|rule|Species Clause: Limit one of each Pok\u00e9mon\n|rule|Gravity Sleep Clause: The combination of sleep-inducing moves with imperfect accuracy and Gravity or Gigantamax Orbeetle are banned\n|clearpoke\n|poke|p1|Enamorus, F|\n|poke|p1|Gardevoir, F|\n|poke|p1|Malamar, M|\n|poke|p1|Armarouge, M|\n|poke|p1|Indeedee-F, F|\n|poke|p1|Gallade, M|\n|poke|p2|Sinistcha|\n|poke|p2|Snorlax, F|\n|poke|p2|Torkoal, F|\n|poke|p2|Ursaluna-Bloodmoon, M|\n|poke|p2|Kingambit, F|\n|poke|p2|Pheromosa|\n|teampreview\n|inactive|Battle timer is ON: inactive players will automatically lose when time's up. (requested by Zentex ELITE 4)\n|\n|t:|1695517808\n|start\n|switch|p1a: Armarouge|Armarouge, M, shiny|100\/100\n|switch|p1b: Indeedee|Indeedee-F, F, shiny|100\/100\n|switch|p2a: Yogi Bear|Ursaluna-Bloodmoon, M|100\/100\n|switch|p2b: Girl Boss|Pheromosa|100\/100\n|-fieldstart|move: Psychic Terrain|[from] ability: Psychic Surge|[of] p1b: Indeedee\n|-enditem|p1b: Indeedee|Psychic Seed\n|-boost|p1b: Indeedee|spd|1|[from] item: Psychic Seed\n|turn|1\n|\n|t:|1695517826\n|-terastallize|p1a: Armarouge|Grass\n|move|p2b: Girl Boss|Taunt|p1b: Indeedee\n|-start|p1b: Indeedee|move: Taunt\n|move|p1a: Armarouge|Calm Mind|p1a: Armarouge\n|-boost|p1a: Armarouge|spa|1\n|-boost|p1a: Armarouge|spd|1\n|move|p2a: Yogi Bear|Calm Mind|p2a: Yogi Bear\n|-boost|p2a: Yogi Bear|spa|1\n|-boost|p2a: Yogi Bear|spd|1\n|cant|p1b: Indeedee|move: Taunt|Trick Room\n|\n|upkeep\n|turn|2\n|inactive|Zentex ELITE 4 has 120 seconds left.\n|\n|t:|1695517857\n|-terastallize|p2a: Yogi Bear|Normal\n|move|p2b: Girl Boss|Speed Swap|p2a: Yogi Bear\n|-activate|p2b: Girl Boss|move: Speed Swap|[of] p2a: Yogi Bear\n|move|p2a: Yogi Bear|Blood Moon|p1a: Armarouge\n|-damage|p1a: Armarouge|0 fnt\n|faint|p1a: Armarouge\n|-damage|p2a: Yogi Bear|90\/100|[from] item: Life Orb\n|move|p1b: Indeedee|Expanding Force|p2b: Girl Boss|[spread] p2a,p2b\n|-supereffective|p2b: Girl Boss\n|-damage|p2a: Yogi Bear|64\/100\n|-enditem|p2b: Girl Boss|Focus Sash\n|-damage|p2b: Girl Boss|1\/100\n|\n|upkeep\n|inactive|Zentex ELITE 4 has 120 seconds left.\n|\n|t:|1695517874\n|switch|p1a: Enamorus|Enamorus, F, shiny|100\/100\n|turn|3\n|\n|t:|1695517887\n|switch|p2b: Mmm Tasty|Sinistcha|100\/100\n|-heal|p2a: Yogi Bear|89\/100|[from] ability: Hospitality|[of] p2b: Mmm Tasty\n|move|p2a: Yogi Bear|Calm Mind|p2a: Yogi Bear\n|-boost|p2a: Yogi Bear|spa|1\n|-boost|p2a: Yogi Bear|spd|1\n|move|p1a: Enamorus|Superpower|p2b: Mmm Tasty\n|-immune|p2b: Mmm Tasty\n|move|p1b: Indeedee|Expanding Force|p2a: Yogi Bear|[spread] p2a,p2b\n|-damage|p2a: Yogi Bear|68\/100\n|-damage|p2b: Mmm Tasty|64\/100\n|\n|-end|p1b: Indeedee|move: Taunt\n|upkeep\n|turn|4\n|\n|t:|1695517906\n|move|p2b: Mmm Tasty|Rage Powder|p2b: Mmm Tasty\n|-singleturn|p2b: Mmm Tasty|move: Rage Powder\n|move|p2a: Yogi Bear|Hyper Voice|p1a: Enamorus|[spread] p1a,p1b\n|-damage|p1a: Enamorus|0 fnt\n|-damage|p1b: Indeedee|27\/100\n|faint|p1a: Enamorus\n|-damage|p2a: Yogi Bear|58\/100|[from] item: Life Orb\n|move|p1b: Indeedee|Psych Up|p2b: Mmm Tasty\n|-copyboost|p1b: Indeedee|p2b: Mmm Tasty|[from] move: Psych Up\n|\n|upkeep\n|inactive|Zentex ELITE 4 has 120 seconds left.\n|\n|t:|1695517939\n|switch|p1a: Malamar|Malamar, M|100\/100\n|turn|5\n|inactive|Zentex ELITE 4 has 120 seconds left.\n|\n|t:|1695517955\n|move|p2b: Mmm Tasty|Rage Powder|p2b: Mmm Tasty\n|-singleturn|p2b: Mmm Tasty|move: Rage Powder\n|move|p2a: Yogi Bear|Hyper Voice|p1b: Indeedee|[spread] p1a,p1b\n|-damage|p1a: Malamar|0 fnt\n|-damage|p1b: Indeedee|0 fnt\n|faint|p1a: Malamar\n|faint|p1b: Indeedee\n|-damage|p2a: Yogi Bear|48\/100|[from] item: Life Orb\n|\n|-fieldend|move: Psychic Terrain\n|upkeep\n|inactive|Zentex ELITE 4 has 120 seconds left.\n|-message|Zentex ELITE 4 forfeited.\n|\n|win|qasxcfdcvbjhygtf\n|raw|Zentex ELITE 4's rating: 1326 &rarr; <strong>1307<\/strong><br \/>(-19 for losing)\n|raw|qasxcfdcvbjhygtf's rating: 1349 &rarr; <strong>1368<\/strong><br \/>(+19 for winning)\n|l|\u2606Zentex ELITE 4\n","uploadtime":1695517976,"views":15,"p1id":"zentexelite4","p2id":"qasxcfdcvbjhygtf","formatid":"gen9nationaldexdoubles","rating":1307,"private":0,"password":""}