{"id":"gen9nationaldexdoubles-1956103507","p1":"Paldea Athens 420","p2":"haoke","format":"[Gen 9] National Dex Doubles","log":"|j|\u2606Paldea Athens 420\n|j|\u2606haoke\n|t:|1696072592\n|gametype|doubles\n|player|p1|Paldea Athens 420|volo|1435\n|player|p2|haoke|steven|1192\n|teamsize|p1|6\n|teamsize|p2|6\n|gen|9\n|tier|[Gen 9] National Dex Doubles\n|rated|\n|rule|HP Percentage Mod: HP is shown in percentages\n|rule|Endless Battle Clause: Forcing endless battles is banned\n|rule|OHKO Clause: OHKO moves are banned\n|rule|Evasion Moves Clause: Evasion moves are banned\n|rule|Evasion Abilities Clause: Evasion abilities are banned\n|rule|Species Clause: Limit one of each Pok\u00e9mon\n|rule|Gravity Sleep Clause: The combination of sleep-inducing moves with imperfect accuracy and Gravity or Gigantamax Orbeetle are banned\n|clearpoke\n|poke|p1|Iron Hands|\n|poke|p1|Sableye, M|\n|poke|p1|Mawile, M|\n|poke|p1|Mew|\n|poke|p1|Tapu Lele|\n|poke|p1|Flutter Mane|\n|poke|p2|Onix, F|\n|poke|p2|Maushold-Four|\n|poke|p2|Indeedee-F, F|\n|poke|p2|Flamigo, F|\n|poke|p2|Lokix, M|\n|poke|p2|Ninetales-Alola, F|\n|teampreview\n|inactive|Battle timer is ON: inactive players will automatically lose when time's up. (requested by Paldea Athens 420)\n|\n|t:|1696072607\n|start\n|switch|p1a: Sableye|Sableye, M|100\/100\n|switch|p1b: Mew|Mew|100\/100\n|switch|p2a: Onix|Onix, F|100\/100\n|switch|p2b: Maushold|Maushold-Four|100\/100\n|turn|1\n|\n|t:|1696072625\n|move|p1a: Sableye|Skill Swap|p1b: Mew\n|-activate|p1a: Sableye|move: Skill Swap|||[of] p1b: Mew\n|move|p1b: Mew|Cosmic Power|p1b: Mew\n|-boost|p1b: Mew|def|1\n|-boost|p1b: Mew|spd|1\n|move|p2a: Onix|Rage|p1b: Mew\n|-damage|p1b: Mew|99\/100\n|-singlemove|p2a: Onix|Rage\n|move|p2b: Maushold|Beat Up|p2a: Onix\n|-damage|p2a: Onix|99\/100\n|-boost|p2a: Onix|atk|1\n|-ability|p2a: Onix|Weak Armor|boost\n|-unboost|p2a: Onix|def|1\n|-boost|p2a: Onix|spe|2\n|-damage|p2a: Onix|98\/100\n|-boost|p2a: Onix|atk|1\n|-ability|p2a: Onix|Weak Armor|boost\n|-unboost|p2a: Onix|def|1\n|-boost|p2a: Onix|spe|2\n|-damage|p2a: Onix|97\/100\n|-boost|p2a: Onix|atk|1\n|-ability|p2a: Onix|Weak Armor|boost\n|-unboost|p2a: Onix|def|1\n|-boost|p2a: Onix|spe|2\n|-damage|p2a: Onix|94\/100\n|-boost|p2a: Onix|atk|1\n|-ability|p2a: Onix|Weak Armor|boost\n|-unboost|p2a: Onix|def|1\n|-damage|p2a: Onix|91\/100\n|-boost|p2a: Onix|atk|1\n|-ability|p2a: Onix|Weak Armor|boost\n|-unboost|p2a: Onix|def|1\n|-crit|p2a: Onix\n|-damage|p2a: Onix|86\/100\n|-boost|p2a: Onix|atk|1\n|-ability|p2a: Onix|Weak Armor|boost\n|-unboost|p2a: Onix|def|1\n|-hitcount|p2a: Onix|6\n|\n|-heal|p1b: Mew|100\/100|[from] item: Leftovers\n|upkeep\n|turn|2\n|\n|t:|1696072653\n|switch|p2b: Flamigo|Flamigo, F|100\/100\n|-copyboost|p2b: Flamigo|p2a: Onix|[from] ability: Costar\n|-enditem|p2b: Flamigo|White Herb\n|-clearnegativeboost|p2b: Flamigo|[silent]\n|move|p1b: Mew|After You|p1a: Sableye\n|-activate|p1a: Sableye|move: After You\n|move|p1a: Sableye|Foul Play|p2a: Onix\n|-damage|p2a: Onix|0 fnt\n|faint|p2a: Onix\n|\n|upkeep\n|\n|t:|1696072665\n|switch|p2a: Lokix|Lokix, M|100\/100\n|turn|3\n|\n|t:|1696072677\n|-terastallize|p2a: Lokix|Bug\n|move|p2a: Lokix|First Impression|p1b: Mew\n|-supereffective|p1b: Mew\n|-damage|p1b: Mew|29\/100\n|move|p1b: Mew|Cosmic Power|p1b: Mew\n|-boost|p1b: Mew|def|1\n|-boost|p1b: Mew|spd|1\n|move|p2b: Flamigo|Brave Bird|p1a: Sableye\n|-enditem|p1a: Sableye|Focus Sash\n|-damage|p1a: Sableye|1\/100\n|-damage|p2b: Flamigo|68\/100|[from] Recoil\n|move|p1a: Sableye|Thunder Wave|p2b: Flamigo\n|-status|p2b: Flamigo|par\n|\n|-heal|p1b: Mew|35\/100|[from] item: Leftovers\n|upkeep\n|turn|4\n|\n|t:|1696072695\n|move|p2b: Flamigo|Protect|p2b: Flamigo\n|-singleturn|p2b: Flamigo|Protect\n|move|p1b: Mew|Soft-Boiled|p1b: Mew\n|-heal|p1b: Mew|85\/100\n|move|p2a: Lokix|Leech Life|p1b: Mew\n|-supereffective|p1b: Mew\n|-damage|p1b: Mew|39\/100\n|move|p1a: Sableye|Foul Play|p2b: Flamigo\n|-activate|p2b: Flamigo|move: Protect\n|\n|-heal|p1b: Mew|45\/100|[from] item: Leftovers\n|upkeep\n|turn|5\n|\n|t:|1696072715\n|move|p2a: Lokix|Sucker Punch|p1a: Sableye\n|-damage|p1a: Sableye|0 fnt\n|faint|p1a: Sableye\n|move|p1b: Mew|Soft-Boiled|p1b: Mew\n|-heal|p1b: Mew|95\/100\n|move|p2b: Flamigo|Brave Bird|p1b: Mew\n|-damage|p1b: Mew|17\/100\n|-damage|p2b: Flamigo|35\/100 par|[from] Recoil\n|\n|-heal|p1b: Mew|23\/100|[from] item: Leftovers\n|upkeep\n|\n|t:|1696072729\n|switch|p1a: Tapu Lele|Tapu Lele|100\/100\n|-fieldstart|move: Psychic Terrain|[from] ability: Psychic Surge|[of] p1a: Tapu Lele\n|turn|6\n|\n|t:|1696072745\n|move|p2b: Flamigo|Protect|p2b: Flamigo\n|-singleturn|p2b: Flamigo|Protect\n|move|p1b: Mew|After You|p1a: Tapu Lele\n|-activate|p1a: Tapu Lele|move: After You\n|move|p1a: Tapu Lele|Dazzling Gleam|p2a: Lokix|[spread] p2a\n|-activate|p2b: Flamigo|move: Protect\n|-damage|p2a: Lokix|41\/100\n|move|p2a: Lokix|Leech Life|p1a: Tapu Lele\n|-damage|p1a: Tapu Lele|0 fnt\n|-heal|p2a: Lokix|88\/100|[from] drain|[of] p1a: Tapu Lele\n|faint|p1a: Tapu Lele\n|\n|-heal|p1b: Mew|29\/100|[from] item: Leftovers\n|upkeep\n|\n|t:|1696072750\n|switch|p1a: Flutter Mane|Flutter Mane|100\/100\n|-enditem|p1a: Flutter Mane|Booster Energy\n|-activate|p1a: Flutter Mane|ability: Protosynthesis|[fromitem]\n|-start|p1a: Flutter Mane|protosynthesisspa\n|turn|7\n|\n|t:|1696072767\n|move|p1b: Mew|After You|p1a: Flutter Mane\n|-activate|p1a: Flutter Mane|move: After You\n|move|p1a: Flutter Mane|Dazzling Gleam|p2a: Lokix|[spread] p2a,p2b\n|-supereffective|p2b: Flamigo\n|-damage|p2a: Lokix|7\/100\n|-damage|p2b: Flamigo|0 fnt\n|faint|p2b: Flamigo\n|move|p2a: Lokix|Leech Life|p1b: Mew\n|-supereffective|p1b: Mew\n|-damage|p1b: Mew|0 fnt\n|-heal|p2a: Lokix|26\/100|[from] drain|[of] p1b: Mew\n|faint|p1b: Mew\n|\n|upkeep\n|\n|t:|1696072789\n|switch|p2b: Ninetales|Ninetales-Alola, F|100\/100\n|switch|p1b: \u30af\u30c1\u30fc\u30c8|Mawile, M, shiny|100\/100\n|-weather|Snow|[from] ability: Snow Warning|[of] p2b: Ninetales\n|-ability|p1b: \u30af\u30c1\u30fc\u30c8|Intimidate|boost\n|-unboost|p2a: Lokix|atk|1\n|-unboost|p2b: Ninetales|atk|1\n|turn|8\n|\n|t:|1696072803\n|switch|p2a: Indeedee|Indeedee-F, F|100\/100\n|detailschange|p1b: \u30af\u30c1\u30fc\u30c8|Mawile-Mega, M, shiny\n|-mega|p1b: \u30af\u30c1\u30fc\u30c8|Mawile|Mawilite\n|move|p1a: Flutter Mane|Dazzling Gleam|p2b: Ninetales|[spread] p2a,p2b\n|-damage|p2a: Indeedee|57\/100\n|-damage|p2b: Ninetales|51\/100\n|move|p2b: Ninetales|Aurora Veil|p2b: Ninetales\n|-sidestart|p2: haoke|move: Aurora Veil\n|move|p1b: \u30af\u30c1\u30fc\u30c8|Iron Head|p2b: Ninetales\n|-supereffective|p2b: Ninetales\n|-damage|p2b: Ninetales|0 fnt\n|faint|p2b: Ninetales\n|\n|-weather|Snow|[upkeep]\n|upkeep\n|\n|t:|1696072813\n|switch|p2b: Maushold|Maushold-Four|100\/100\n|turn|9\n|\n|t:|1696072822\n|move|p2b: Maushold|Follow Me|p2b: Maushold\n|-singleturn|p2b: Maushold|move: Follow Me\n|move|p1a: Flutter Mane|Dazzling Gleam|p2b: Maushold|[spread] p2a,p2b\n|-damage|p2a: Indeedee|36\/100\n|-damage|p2b: Maushold|68\/100\n|move|p2a: Indeedee|Expanding Force|p1a: Flutter Mane|[spread] p1a,p1b\n|-resisted|p1b: \u30af\u30c1\u30fc\u30c8\n|-damage|p1a: Flutter Mane|50\/100\n|-damage|p1b: \u30af\u30c1\u30fc\u30c8|73\/100\n|move|p1b: \u30af\u30c1\u30fc\u30c8|Iron Head|p2b: Maushold\n|-damage|p2b: Maushold|19\/100\n|\n|-weather|Snow|[upkeep]\n|upkeep\n|turn|10\n|\n|t:|1696072840\n|move|p2b: Maushold|Protect|p2b: Maushold\n|-singleturn|p2b: Maushold|Protect\n|move|p1a: Flutter Mane|Dazzling Gleam|p2a: Indeedee|[spread] p2a\n|-activate|p2b: Maushold|move: Protect\n|-damage|p2a: Indeedee|14\/100\n|move|p2a: Indeedee|Expanding Force|p1b: \u30af\u30c1\u30fc\u30c8|[spread] p1a,p1b\n|-resisted|p1b: \u30af\u30c1\u30fc\u30c8\n|-damage|p1a: Flutter Mane|4\/100\n|-damage|p1b: \u30af\u30c1\u30fc\u30c8|45\/100\n|move|p1b: \u30af\u30c1\u30fc\u30c8|Iron Head|p2a: Indeedee\n|-damage|p2a: Indeedee|0 fnt\n|-damage|p1b: \u30af\u30c1\u30fc\u30c8|29\/100|[from] item: Rocky Helmet|[of] p2a: Indeedee\n|faint|p2a: Indeedee\n|\n|-weather|Snow|[upkeep]\n|-fieldend|move: Psychic Terrain\n|upkeep\n|\n|t:|1696072851\n|switch|p2a: Lokix|Lokix, M, tera:Bug|26\/100\n|turn|11\n|\n|t:|1696072858\n|move|p2a: Lokix|First Impression|p1a: Flutter Mane\n|-resisted|p1a: Flutter Mane\n|-damage|p1a: Flutter Mane|0 fnt\n|faint|p1a: Flutter Mane\n|-end|p1a: Flutter Mane|Protosynthesis|[silent]\n|move|p2b: Maushold|Follow Me|p2b: Maushold\n|-singleturn|p2b: Maushold|move: Follow Me\n|move|p1b: \u30af\u30c1\u30fc\u30c8|Iron Head|p2b: Maushold\n|-damage|p2b: Maushold|0 fnt\n|faint|p2b: Maushold\n|\n|-weather|Snow|[upkeep]\n|upkeep\n|\n|t:|1696072864\n|switch|p1a: Iron Hands|Iron Hands|100\/100\n|-enditem|p1a: Iron Hands|Booster Energy\n|-activate|p1a: Iron Hands|ability: Quark Drive|[fromitem]\n|-start|p1a: Iron Hands|quarkdriveatk\n|turn|12\n|\n|t:|1696072873\n|move|p2a: Lokix|Protect|p2a: Lokix\n|-singleturn|p2a: Lokix|Protect\n|move|p1a: Iron Hands|Wild Charge|p2a: Lokix\n|-activate|p2a: Lokix|move: Protect\n|move|p1b: \u30af\u30c1\u30fc\u30c8|Iron Head|p2a: Lokix\n|-activate|p2a: Lokix|move: Protect\n|\n|-weather|none\n|upkeep\n|turn|13\n|\n|t:|1696072878\n|move|p2a: Lokix|Leech Life|p1b: \u30af\u30c1\u30fc\u30c8\n|-resisted|p1b: \u30af\u30c1\u30fc\u30c8\n|-damage|p1b: \u30af\u30c1\u30fc\u30c8|0 fnt\n|-heal|p2a: Lokix|41\/100|[from] drain|[of] p1b: \u30af\u30c1\u30fc\u30c8\n|faint|p1b: \u30af\u30c1\u30fc\u30c8\n|move|p1a: Iron Hands|Wild Charge|p2a: Lokix\n|-damage|p2a: Lokix|0 fnt\n|faint|p2a: Lokix\n|-damage|p1a: Iron Hands|95\/100|[from] Recoil\n|\n|win|Paldea Athens 420\n|raw|Paldea Athens 420's rating: 1435 &rarr; <strong>1443<\/strong><br \/>(+8 for winning)\n|raw|haoke's rating: 1192 &rarr; <strong>1182<\/strong><br \/>(-10 for losing)\n","uploadtime":1696072887,"views":12,"p1id":"paldeaathens420","p2id":"haoke","formatid":"gen9nationaldexdoubles","rating":1182,"private":0,"password":""}