{"id":"gen9nationaldexdoubles-1966291565","p1":"bibbler111","p2":"dragopult fun","format":"[Gen 9] National Dex Doubles","log":"|j|\u2606bibbler111\n|j|\u2606dragopult fun\n|t:|1697165065\n|gametype|doubles\n|player|p1|bibbler111|101|1299\n|player|p2|dragopult fun|lucas-gen4pt|1134\n|teamsize|p1|6\n|teamsize|p2|6\n|gen|9\n|tier|[Gen 9] National Dex Doubles\n|rated|\n|rule|HP Percentage Mod: HP is shown in percentages\n|rule|Endless Battle Clause: Forcing endless battles is banned\n|rule|OHKO Clause: OHKO moves are banned\n|rule|Evasion Moves Clause: Evasion moves are banned\n|rule|Evasion Abilities Clause: Evasion abilities are banned\n|rule|Species Clause: Limit one of each Pok\u00e9mon\n|rule|Gravity Sleep Clause: The combination of sleep-inducing moves with imperfect accuracy and Gravity or Gigantamax Orbeetle are banned\n|clearpoke\n|poke|p1|Lurantis, M|\n|poke|p1|Regieleki|\n|poke|p1|Rillaboom, M|\n|poke|p1|Flutter Mane|\n|poke|p1|Jirachi|\n|poke|p1|Dragapult, F|\n|poke|p2|Banette, M|\n|poke|p2|Landorus-Therian, M|\n|poke|p2|Dragonite, F|\n|poke|p2|Meowscarada, F|\n|poke|p2|Greninja-*, M|\n|poke|p2|Jirachi|\n|teampreview\n|\n|t:|1697165129\n|start\n|switch|p1a: Lurantis|Lurantis, M|100\/100\n|switch|p1b: Jirachi|Jirachi|100\/100\n|switch|p2a: Landorus|Landorus-Therian, M|100\/100\n|switch|p2b: Dragonite|Dragonite, F|100\/100\n|-ability|p2a: Landorus|Intimidate|boost\n|-boost|p1a: Lurantis|atk|1\n|-unboost|p1b: Jirachi|atk|1\n|turn|1\n|\n|t:|1697165147\n|move|p1b: Jirachi|Follow Me|p1b: Jirachi\n|-singleturn|p1b: Jirachi|move: Follow Me\n|move|p2a: Landorus|Earthquake|p1a: Lurantis|[spread] p1a,p1b\n|-immune|p2b: Dragonite\n|-resisted|p1a: Lurantis\n|-supereffective|p1b: Jirachi\n|-crit|p1b: Jirachi\n|-damage|p1a: Lurantis|75\/100\n|-damage|p1b: Jirachi|0 fnt\n|faint|p1b: Jirachi\n|move|p2b: Dragonite|Tailwind|p2b: Dragonite\n|-sidestart|p2: dragopult fun|move: Tailwind\n|move|p1a: Lurantis|Superpower|p2b: Dragonite\n|-resisted|p2b: Dragonite\n|-damage|p2b: Dragonite|74\/100\n|-boost|p1a: Lurantis|atk|1\n|-boost|p1a: Lurantis|def|1\n|\n|-heal|p2b: Dragonite|80\/100|[from] item: Leftovers\n|upkeep\n|\n|t:|1697165162\n|switch|p1b: Rillaboom|Rillaboom, M|100\/100\n|-fieldstart|move: Grassy Terrain|[from] ability: Grassy Surge|[of] p1b: Rillaboom\n|turn|2\n|\n|t:|1697165231\n|move|p1b: Rillaboom|Fake Out|p2b: Dragonite\n|-damage|p2b: Dragonite|67\/100\n|move|p1a: Lurantis|Grassy Glide|p2a: Landorus\n|-damage|p2a: Landorus|22\/100\n|move|p2a: Landorus|Earthquake|p1a: Lurantis|[spread] p1a,p1b\n|-immune|p2b: Dragonite\n|-resisted|p1a: Lurantis\n|-resisted|p1b: Rillaboom\n|-damage|p1a: Lurantis|68\/100\n|-damage|p1b: Rillaboom|90\/100\n|move|p2b: Dragonite|Dragon Claw|p1b: Rillaboom\n|-damage|p1b: Rillaboom|38\/100\n|\n|-heal|p2b: Dragonite|74\/100|[from] item: Leftovers\n|-heal|p1b: Rillaboom|44\/100|[from] Grassy Terrain\n|-heal|p1a: Lurantis|74\/100|[from] Grassy Terrain\n|upkeep\n|turn|3\n|\n|t:|1697165256\n|move|p1b: Rillaboom|Grassy Glide|p2a: Landorus\n|-crit|p2a: Landorus\n|-damage|p2a: Landorus|0 fnt\n|faint|p2a: Landorus\n|move|p2b: Dragonite|Dragon Claw|p1a: Lurantis\n|-damage|p1a: Lurantis|43\/100\n|move|p1a: Lurantis|Leaf Storm|p2b: Dragonite\n|-resisted|p2b: Dragonite\n|-damage|p2b: Dragonite|61\/100\n|-boost|p1a: Lurantis|spa|2\n|\n|-heal|p2b: Dragonite|68\/100|[from] item: Leftovers\n|-heal|p1b: Rillaboom|50\/100|[from] Grassy Terrain\n|-heal|p1a: Lurantis|49\/100|[from] Grassy Terrain\n|upkeep\n|\n|t:|1697165284\n|switch|p2a: Banette|Banette, M|100\/100\n|turn|4\n|\n|t:|1697165309\n|detailschange|p2a: Banette|Banette-Mega, M\n|-mega|p2a: Banette|Banette|Banettite\n|move|p2a: Banette|Confuse Ray|p1a: Lurantis\n|-start|p1a: Lurantis|confusion\n|move|p1b: Rillaboom|Grassy Glide|p2a: Banette\n|-damage|p2a: Banette|51\/100\n|-activate|p1a: Lurantis|confusion\n|move|p1a: Lurantis|Grassy Glide|p2a: Banette\n|-damage|p2a: Banette|0 fnt\n|faint|p2a: Banette\n|move|p2b: Dragonite|Dragon Claw|p1a: Lurantis\n|-damage|p1a: Lurantis|15\/100\n|-enditem|p1a: Lurantis|Aguav Berry|[eat]\n|-heal|p1a: Lurantis|49\/100|[from] item: Aguav Berry\n|\n|-heal|p2b: Dragonite|74\/100|[from] item: Leftovers\n|-heal|p1b: Rillaboom|57\/100|[from] Grassy Terrain\n|-heal|p1a: Lurantis|55\/100|[from] Grassy Terrain\n|-sideend|p2: dragopult fun|move: Tailwind\n|upkeep\n|\n|t:|1697165329\n|switch|p2a: Meowscarada|Meowscarada, F|100\/100\n|turn|5\n|c|\u2606bibbler111|you sinister bitch smh\n|\n|t:|1697165358\n|-terastallize|p1a: Lurantis|Fighting\n|move|p2a: Meowscarada|Flower Trick|p1b: Rillaboom\n|-resisted|p1b: Rillaboom\n|-crit|p1b: Rillaboom\n|-damage|p1b: Rillaboom|5\/100\n|move|p1b: Rillaboom|U-turn|p2a: Meowscarada\n|-supereffective|p2a: Meowscarada\n|-damage|p2a: Meowscarada|0 fnt\n|faint|p2a: Meowscarada\n|\n|t:|1697165368\n|switch|p1b: Regieleki|Regieleki|100\/100|[from] U-turn\n|move|p2b: Dragonite|Dragon Claw|p1b: Regieleki\n|-damage|p1b: Regieleki|19\/100\n|-enditem|p1b: Regieleki|Aguav Berry|[eat]\n|-heal|p1b: Regieleki|52\/100|[from] item: Aguav Berry\n|-activate|p1a: Lurantis|confusion\n|move|p1a: Lurantis|Superpower|p2b: Dragonite\n|-resisted|p2b: Dragonite\n|-damage|p2b: Dragonite|20\/100\n|-boost|p1a: Lurantis|atk|1\n|-boost|p1a: Lurantis|def|1\n|\n|-heal|p1b: Regieleki|58\/100|[from] Grassy Terrain\n|-heal|p2b: Dragonite|26\/100|[from] item: Leftovers\n|-heal|p1a: Lurantis|61\/100|[from] Grassy Terrain\n|upkeep\n|\n|t:|1697165387\n|switch|p2a: Jirachi|Jirachi|100\/100\n|turn|6\n|\n|t:|1697165409\n|move|p2b: Dragonite|Extreme Speed|p1a: Lurantis\n|-damage|p1a: Lurantis|45\/100\n|move|p1b: Regieleki|Screech|p1a: Lurantis\n|-boost|p1a: Lurantis|def|2\n|move|p2a: Jirachi|Psychic|p1a: Lurantis\n|-supereffective|p1a: Lurantis\n|-damage|p1a: Lurantis|0 fnt\n|faint|p1a: Lurantis\n|\n|-heal|p1b: Regieleki|64\/100|[from] Grassy Terrain\n|-heal|p2b: Dragonite|32\/100|[from] item: Leftovers\n|-fieldend|move: Grassy Terrain\n|upkeep\n|\n|t:|1697165425\n|switch|p1a: Dragapult|Dragapult, F|100\/100\n|turn|7\n|\n|t:|1697165455\n|move|p1b: Regieleki|Screech|p2a: Jirachi\n|-unboost|p2a: Jirachi|def|2\n|move|p1a: Dragapult|Breaking Swipe|p2a: Jirachi|[spread] p2a,p2b\n|-resisted|p2a: Jirachi\n|-supereffective|p2b: Dragonite\n|-damage|p2a: Jirachi|70\/100\n|-damage|p2b: Dragonite|0 fnt\n|-unboost|p2a: Jirachi|atk|1\n|faint|p2b: Dragonite\n|move|p2a: Jirachi|Ancient Power|p1a: Dragapult\n|-damage|p1a: Dragapult|74\/100\n|\n|upkeep\n|\n|t:|1697165466\n|switch|p2b: ninja|Greninja, M|100\/100\n|turn|8\n|\n|t:|1697165493\n|move|p1b: Regieleki|Eerie Impulse|p2b: ninja\n|-unboost|p2b: ninja|spa|2\n|move|p1a: Dragapult|Breaking Swipe|p2b: ninja|[spread] p2a,p2b\n|-resisted|p2a: Jirachi\n|-crit|p2a: Jirachi\n|-damage|p2a: Jirachi|17\/100\n|-damage|p2b: ninja|45\/100\n|-unboost|p2a: Jirachi|atk|1\n|-unboost|p2b: ninja|atk|1\n|-enditem|p2a: Jirachi|Sitrus Berry|[eat]\n|-heal|p2a: Jirachi|42\/100|[from] item: Sitrus Berry\n|move|p2b: ninja|Dark Pulse|p1a: Dragapult\n|-supereffective|p1a: Dragapult\n|-damage|p1a: Dragapult|7\/100\n|-damage|p2b: ninja|35\/100|[from] item: Life Orb\n|move|p2a: Jirachi|Ancient Power|p1b: Regieleki\n|-damage|p1b: Regieleki|34\/100\n|-boost|p2a: Jirachi|atk|1\n|-boost|p2a: Jirachi|def|1\n|-boost|p2a: Jirachi|spa|1\n|-boost|p2a: Jirachi|spd|1\n|-boost|p2a: Jirachi|spe|1\n|\n|upkeep\n|turn|9\n|\n|t:|1697165526\n|move|p1b: Regieleki|Eerie Impulse|p2a: Jirachi\n|-unboost|p2a: Jirachi|spa|2\n|move|p1a: Dragapult|Breaking Swipe|p2b: ninja|[spread] p2a,p2b\n|-resisted|p2a: Jirachi\n|-damage|p2a: Jirachi|17\/100\n|-damage|p2b: ninja|0 fnt\n|-unboost|p2a: Jirachi|atk|1\n|faint|p2b: ninja\n|move|p2a: Jirachi|Ancient Power|p1b: Regieleki\n|-damage|p1b: Regieleki|12\/100\n|\n|upkeep\n|turn|10\n|\n|t:|1697165540\n|-terastallize|p2a: Jirachi|Steel\n|move|p1b: Regieleki|Screech|p2a: Jirachi\n|-unboost|p2a: Jirachi|def|2\n|move|p1a: Dragapult|Breaking Swipe|p2a: Jirachi\n|-resisted|p2a: Jirachi\n|-damage|p2a: Jirachi|0 fnt\n|faint|p2a: Jirachi\n|\n|win|bibbler111\n|raw|bibbler111's rating: 1299 &rarr; <strong>1313<\/strong><br \/>(+14 for winning)\n|raw|dragopult fun's rating: 1134 &rarr; <strong>1120<\/strong><br \/>(-14 for losing)\n","uploadtime":1697165347,"views":3,"p1id":"bibbler111","p2id":"dragopultfun","formatid":"gen9nationaldexdoubles","rating":1120,"private":0,"password":""}