{"id":"gen9nationaldexdoubles-1974570141","p1":"Sencopion","p2":"Syph0n_78","format":"[Gen 9] National Dex Doubles","log":"|j|\u2606Sencopion\n|j|\u2606Syph0n_78\n|t:|1698098328\n|gametype|doubles\n|player|p1|Sencopion|roxie|\n|player|p2|Syph0n_78|170|\n|teamsize|p1|6\n|teamsize|p2|6\n|gen|9\n|tier|[Gen 9] National Dex Doubles\n|rule|HP Percentage Mod: HP is shown in percentages\n|rule|Endless Battle Clause: Forcing endless battles is banned\n|rule|OHKO Clause: OHKO moves are banned\n|rule|Evasion Moves Clause: Evasion moves are banned\n|rule|Evasion Abilities Clause: Evasion abilities are banned\n|rule|Species Clause: Limit one of each Pok\u00e9mon\n|rule|Gravity Sleep Clause: The combination of sleep-inducing moves with imperfect accuracy and Gravity or Gigantamax Orbeetle are banned\n|clearpoke\n|poke|p1|Tapu Koko|\n|poke|p1|Sneasler, M|\n|poke|p1|Lopunny, M|\n|poke|p1|Landorus-Therian, M|\n|poke|p1|Gholdengo|\n|poke|p1|Iron Jugulis|\n|poke|p2|Rillaboom, M|\n|poke|p2|Whimsicott, M|\n|poke|p2|Ogerpon-Wellspring, F|\n|poke|p2|Meowscarada, F|\n|poke|p2|Shiftry, F|\n|poke|p2|Torterra, M|\n|teampreview\n|inactive|Battle timer is ON: inactive players will automatically lose when time's up. (requested by Sencopion)\n|c|\u2606Sencopion|Yep, I'm losing this time lol\n|c|\u2606Syph0n_78|we'll see\n|\n|t:|1698098352\n|start\n|switch|p1a: Sneasler|Sneasler, M|100\/100\n|switch|p1b: Landorus|Landorus-Therian, M|100\/100\n|switch|p2a: Rillaboom|Rillaboom, M|100\/100\n|switch|p2b: Whimsicott|Whimsicott, M|100\/100\n|-fieldstart|move: Grassy Terrain|[from] ability: Grassy Surge|[of] p2a: Rillaboom\n|-enditem|p2a: Rillaboom|Grassy Seed\n|-boost|p2a: Rillaboom|def|1|[from] item: Grassy Seed\n|-ability|p1b: Landorus|Intimidate|boost\n|-unboost|p2a: Rillaboom|atk|1\n|-unboost|p2b: Whimsicott|atk|1\n|turn|1\n|c|\u2606Sencopion|glhf\n|\n|t:|1698098368\n|switch|p1b: Tapu Koko|Tapu Koko|100\/100\n|-fieldstart|move: Electric Terrain|[from] ability: Electric Surge|[of] p1b: Tapu Koko\n|-enditem|p1a: Sneasler|Electric Seed\n|-boost|p1a: Sneasler|def|1|[from] item: Electric Seed\n|move|p2a: Rillaboom|Fake Out|p1a: Sneasler\n|-damage|p1a: Sneasler|91\/100\n|move|p2b: Whimsicott|Tailwind|p2b: Whimsicott\n|-sidestart|p2: Syph0n_78|move: Tailwind\n|cant|p1a: Sneasler|flinch\n|\n|upkeep\n|turn|2\n|inactive|Syph0n_78 has 270 seconds left.\n|inactive|Syph0n_78 has 240 seconds left.\n|\n|t:|1698098431\n|switch|p2b: Torterra|Torterra, M|100\/100\n|-terastallize|p2a: Rillaboom|Flying\n|move|p1a: Sneasler|Acrobatics|p2a: Rillaboom\n|-damage|p2a: Rillaboom|68\/100\n|move|p2a: Rillaboom|Acrobatics|p1a: Sneasler\n|-supereffective|p1a: Sneasler\n|-damage|p1a: Sneasler|0 fnt\n|faint|p1a: Sneasler\n|move|p1b: Tapu Koko|Reflect|p1b: Tapu Koko\n|-sidestart|p1: Sencopion|Reflect\n|\n|upkeep\n|inactive|Sencopion has 270 seconds left.\n|\n|t:|1698098451\n|switch|p1a: Landorus|Landorus-Therian, M|100\/100\n|-ability|p1a: Landorus|Intimidate|boost\n|-unboost|p2a: Rillaboom|atk|1\n|-unboost|p2b: Torterra|atk|1\n|turn|3\n|\n|t:|1698098467\n|switch|p2a: Ogerpon|Ogerpon-Wellspring, F|100\/100\n|move|p2b: Torterra|Headlong Rush|p1b: Tapu Koko\n|-supereffective|p1b: Tapu Koko\n|-damage|p1b: Tapu Koko|43\/100\n|-unboost|p2b: Torterra|def|1\n|-unboost|p2b: Torterra|spd|1\n|move|p1b: Tapu Koko|U-turn|p2b: Torterra\n|-supereffective|p2b: Torterra\n|-damage|p2b: Torterra|48\/100\n|inactive|Sencopion has 270 seconds left.\n|\n|t:|1698098478\n|switch|p1b: Iron Jugulis|Iron Jugulis|100\/100|[from] U-turn\n|-activate|p1b: Iron Jugulis|ability: Quark Drive\n|-start|p1b: Iron Jugulis|quarkdrivespe\n|move|p1a: Landorus|Toxic|p2b: Torterra\n|-status|p2b: Torterra|tox\n|\n|-damage|p2b: Torterra|42\/100 tox|[from] psn\n|upkeep\n|turn|4\n|inactive|Syph0n_78 has 270 seconds left.\n|\n|t:|1698098495\n|move|p2a: Ogerpon|Ivy Cudgel|p1a: Landorus\n|-supereffective|p1a: Landorus\n|-damage|p1a: Landorus|48\/100\n|move|p1b: Iron Jugulis|Hurricane|p2a: Ogerpon\n|-supereffective|p2a: Ogerpon\n|-damage|p2a: Ogerpon|0 fnt\n|faint|p2a: Ogerpon\n|move|p2b: Torterra|Bullet Seed|p1a: Landorus\n|-damage|p1a: Landorus|44\/100\n|-damage|p1a: Landorus|40\/100\n|-damage|p1a: Landorus|36\/100\n|-damage|p1a: Landorus|32\/100\n|-hitcount|p1a: Landorus|4\n|move|p1a: Landorus|U-turn|p2b: Torterra\n|-supereffective|p2b: Torterra\n|-damage|p2b: Torterra|0 fnt\n|faint|p2b: Torterra\n|\n|t:|1698098508\n|switch|p1a: Lopunny|Lopunny, M|100\/100|[from] U-turn\n|\n|-sideend|p2: Syph0n_78|move: Tailwind\n|upkeep\n|inactive|Syph0n_78 has 270 seconds left.\n|\n|t:|1698098519\n|switch|p2a: Rillaboom|Rillaboom, M, tera:Flying|68\/100\n|switch|p2b: Whimsicott|Whimsicott, M|100\/100\n|-fieldstart|move: Grassy Terrain|[from] ability: Grassy Surge|[of] p2a: Rillaboom\n|-end|p1b: Iron Jugulis|Quark Drive\n|turn|5\n|\n|t:|1698098547\n|-end|p1b: Iron Jugulis|Quark Drive|[silent]\n|switch|p1b: Gholdengo|Gholdengo|100\/100\n|detailschange|p1a: Lopunny|Lopunny-Mega, M\n|-mega|p1a: Lopunny|Lopunny|Lopunnite\n|move|p1a: Lopunny|Fake Out|p2b: Whimsicott\n|-damage|p2b: Whimsicott|84\/100\n|cant|p2b: Whimsicott|flinch\n|move|p2a: Rillaboom|Acrobatics|p1a: Lopunny\n|-supereffective|p1a: Lopunny\n|-damage|p1a: Lopunny|5\/100\n|\n|-heal|p1a: Lopunny|10\/100|[from] Grassy Terrain\n|-heal|p2b: Whimsicott|90\/100|[from] Grassy Terrain\n|-heal|p2b: Whimsicott|96\/100|[from] item: Leftovers\n|upkeep\n|turn|6\n|inactive|Sencopion has 270 seconds left.\n|\n|t:|1698098583\n|switch|p1a: Tapu Koko|Tapu Koko|43\/100\n|-fieldstart|move: Electric Terrain|[from] ability: Electric Surge|[of] p1a: Tapu Koko\n|move|p2b: Whimsicott|Encore||[still]\n|-fail|p2b: Whimsicott\n|move|p2a: Rillaboom|High Horsepower|p1b: Gholdengo\n|-supereffective|p1b: Gholdengo\n|-damage|p1b: Gholdengo|62\/100\n|move|p1b: Gholdengo|Make It Rain|p2b: Whimsicott|[spread] p2a,p2b\n|-supereffective|p2b: Whimsicott\n|-damage|p2a: Rillaboom|15\/100\n|-damage|p2b: Whimsicott|0 fnt\n|-unboost|p1b: Gholdengo|spa|1\n|faint|p2b: Whimsicott\n|\n|-heal|p1b: Gholdengo|68\/100|[from] item: Leftovers\n|upkeep\n|inactive|Syph0n_78 has 270 seconds left.\n|c|\u2606Syph0n_78|yeah no not happenin\n|c|\u2606Syph0n_78|man\n|c|\u2606Syph0n_78|gholdengo is stupid ridiculous\n|inactive|Syph0n_78 has 240 seconds left.\n|\n|t:|1698098625\n|switch|p2b: Meowscarada|Meowscarada, F|100\/100\n|turn|7\n|\n|t:|1698098639\n|switch|p1b: Landorus|Landorus-Therian, M|32\/100\n|-ability|p1b: Landorus|Intimidate|boost\n|-unboost|p2a: Rillaboom|atk|1\n|-unboost|p2b: Meowscarada|atk|1\n|move|p1a: Tapu Koko|U-turn|p2b: Meowscarada\n|-supereffective|p2b: Meowscarada\n|-enditem|p2b: Meowscarada|Focus Sash\n|-damage|p2b: Meowscarada|1\/100\n|\n|t:|1698098648\n|switch|p1a: Gholdengo|Gholdengo|68\/100|[from] U-turn\n|move|p2b: Meowscarada|Knock Off|p1b: Landorus\n|-start|p2b: Meowscarada|typechange|Dark|[from] ability: Protean\n|-damage|p1b: Landorus|19\/100\n|-damage|p2b: Meowscarada|0 fnt|[from] item: Rocky Helmet|[of] p1b: Landorus\n|faint|p2b: Meowscarada\n|move|p2a: Rillaboom|High Horsepower|p1b: Landorus\n|-immune|p1b: Landorus\n|\n|-heal|p1a: Gholdengo|74\/100|[from] item: Leftovers\n|upkeep\n|c|\u2606Syph0n_78|nah ur team is like lowkey annoying\n|\n|t:|1698098667\n|switch|p2b: Shiftry|Shiftry, F|100\/100\n|turn|8\n|inactive|Syph0n_78 has 270 seconds left.\n|\n|t:|1698098679\n|move|p2a: Rillaboom|High Horsepower|p1a: Gholdengo\n|-supereffective|p1a: Gholdengo\n|-damage|p1a: Gholdengo|50\/100\n|move|p2b: Shiftry|Knock Off|p1a: Gholdengo\n|-supereffective|p1a: Gholdengo\n|-damage|p1a: Gholdengo|0 fnt\n|-enditem|p1a: Gholdengo|Leftovers|[from] move: Knock Off|[of] p2b: Shiftry\n|faint|p1a: Gholdengo\n|move|p1b: Landorus|U-turn|p2b: Shiftry\n|-supereffective|p2b: Shiftry\n|-damage|p2b: Shiftry|0 fnt\n|faint|p2b: Shiftry\n|\n|t:|1698098685\n|switch|p1b: Lopunny|Lopunny-Mega, M|10\/100|[from] U-turn\n|\n|upkeep\n|\n|t:|1698098688\n|switch|p1a: Iron Jugulis|Iron Jugulis|100\/100\n|-activate|p1a: Iron Jugulis|ability: Quark Drive\n|-start|p1a: Iron Jugulis|quarkdrivespe\n|turn|9\n|\n|t:|1698098700\n|move|p1b: Lopunny|Fake Out|p2a: Rillaboom\n|-damage|p2a: Rillaboom|0 fnt\n|faint|p2a: Rillaboom\n|\n|win|Sencopion\n|c|\u2606Syph0n_78|yea no not happening\n|c|\u2606Syph0n_78|lmfao\n|c|\u2606Sencopion|glhf\n|l|\u2606Sencopion\n|l|\u2606Syph0n_78\n|j|\u2606Syph0n_78\n|player|p2|Syph0n_78|170\n","uploadtime":1698098831,"views":16,"p1id":"sencopion","p2id":"syph0n78","formatid":"gen9nationaldexdoubles","rating":0,"private":0,"password":""}