{"id":"gen9nationaldexdoubles-1961379163","p1":"blurbbbbly","p2":"Zeref203","format":"[Gen 9] National Dex Doubles","log":"|j|\u2606blurbbbbly\n|j|\u2606Zeref203\n|t:|1696620103\n|gametype|doubles\n|player|p1|blurbbbbly|shadowtriad|1000\n|player|p2|Zeref203|2|1269\n|teamsize|p1|6\n|teamsize|p2|6\n|gen|9\n|tier|[Gen 9] National Dex Doubles\n|rated|\n|rule|HP Percentage Mod: HP is shown in percentages\n|rule|Endless Battle Clause: Forcing endless battles is banned\n|rule|OHKO Clause: OHKO moves are banned\n|rule|Evasion Moves Clause: Evasion moves are banned\n|rule|Evasion Abilities Clause: Evasion abilities are banned\n|rule|Species Clause: Limit one of each Pok\u00e9mon\n|rule|Gravity Sleep Clause: The combination of sleep-inducing moves with imperfect accuracy and Gravity or Gigantamax Orbeetle are banned\n|clearpoke\n|poke|p1|Diancie|\n|poke|p1|Incineroar, F|\n|poke|p1|Blastoise, F|\n|poke|p1|Jirachi|\n|poke|p1|Togekiss, M|\n|poke|p1|Blissey, F|\n|poke|p2|Great Tusk|\n|poke|p2|Ninetales, F|\n|poke|p2|Sableye, M|\n|poke|p2|Feraligatr, M|\n|poke|p2|Salamence, M|\n|poke|p2|Flutter Mane|\n|teampreview\n|inactive|Battle timer is ON: inactive players will automatically lose when time's up. (requested by Zeref203)\n|\n|t:|1696620115\n|start\n|switch|p1a: Incineroar|Incineroar, F, shiny|100\/100\n|switch|p1b: Blastoise|Blastoise, F, shiny|100\/100\n|switch|p2a: Ninetales|Ninetales, F|100\/100\n|switch|p2b: Flutter Mane|Flutter Mane|100\/100\n|-weather|SunnyDay|[from] ability: Drought|[of] p2a: Ninetales\n|-activate|p2b: Flutter Mane|ability: Protosynthesis\n|-start|p2b: Flutter Mane|protosynthesisspe\n|-ability|p1a: Incineroar|Intimidate|boost\n|-unboost|p2a: Ninetales|atk|1\n|-unboost|p2b: Flutter Mane|atk|1\n|turn|1\n|\n|t:|1696620134\n|move|p2b: Flutter Mane|Dazzling Gleam|p1b: Blastoise|[spread] p1a,p1b\n|-damage|p1a: Incineroar|53\/100\n|-damage|p1b: Blastoise|61\/100\n|move|p2a: Ninetales|Solar Beam||[still]\n|-prepare|p2a: Ninetales|Solar Beam\n|-anim|p2a: Ninetales|Solar Beam|p1b: Blastoise\n|-supereffective|p1b: Blastoise\n|-damage|p1b: Blastoise|4\/100\n|move|p1b: Blastoise|Water Pledge|p2b: Flutter Mane\n|-waiting|p1b: Blastoise|p1a: Incineroar\n|move|p1a: Incineroar|Fire Pledge|p2b: Flutter Mane|[from]move: Water Pledge\n|-combine\n|-damage|p2b: Flutter Mane|79\/100\n|-sidestart|p1: blurbbbbly|Water Pledge\n|\n|-weather|SunnyDay|[upkeep]\n|upkeep\n|turn|2\n|inactive|blurbbbbly has 120 seconds left.\n|\n|t:|1696620181\n|move|p1b: Blastoise|Fake Out||[still]\n|-hint|Fake Out only works on your first turn out.\n|-fail|p1b: Blastoise\n|move|p2b: Flutter Mane|Dazzling Gleam|p1a: Incineroar|[spread] p1a,p1b\n|-damage|p1a: Incineroar|5\/100\n|-damage|p1b: Blastoise|0 fnt\n|faint|p1b: Blastoise\n|move|p2a: Ninetales|Heat Wave|p1a: Incineroar\n|-resisted|p1a: Incineroar\n|-damage|p1a: Incineroar|0 fnt\n|faint|p1a: Incineroar\n|\n|-weather|SunnyDay|[upkeep]\n|upkeep\n|\n|t:|1696620195\n|switch|p1b: Togekiss|Togekiss, M, shiny|100\/100\n|switch|p1a: Jirachi|Jirachi, shiny|100\/100\n|turn|3\n|inactive|blurbbbbly has 120 seconds left.\n|\n|t:|1696620208\n|-terastallize|p2b: Flutter Mane|Ghost\n|move|p2b: Flutter Mane|Dazzling Gleam|p1a: Jirachi|[spread] p1a,p1b\n|-resisted|p1a: Jirachi\n|-damage|p1a: Jirachi|78\/100\n|-damage|p1b: Togekiss|55\/100\n|move|p1a: Jirachi|Ancient Power|p2b: Flutter Mane\n|-damage|p2b: Flutter Mane|67\/100\n|move|p2a: Ninetales|Heat Wave|p1b: Togekiss|[spread] p1a,p1b\n|-supereffective|p1a: Jirachi\n|-damage|p1a: Jirachi|1\/100\n|-damage|p1b: Togekiss|13\/100\n|move|p1b: Togekiss|Ancient Power|p2b: Flutter Mane\n|-damage|p2b: Flutter Mane|50\/100\n|\n|-weather|SunnyDay|[upkeep]\n|-heal|p1b: Togekiss|19\/100|[from] item: Leftovers\n|upkeep\n|turn|4\n|inactive|blurbbbbly has 120 seconds left.\n|\n|t:|1696620243\n|move|p2b: Flutter Mane|Dazzling Gleam|p1b: Togekiss|[spread] p1a,p1b\n|-resisted|p1a: Jirachi\n|-crit|p1b: Togekiss\n|-damage|p1a: Jirachi|0 fnt\n|-damage|p1b: Togekiss|0 fnt\n|faint|p1a: Jirachi\n|faint|p1b: Togekiss\n|move|p2a: Ninetales|Heat Wave|p1: Jirachi|[notarget]\n|-fail|p2a: Ninetales\n|\n|-weather|SunnyDay|[upkeep]\n|-sideend|p1: blurbbbbly|Water Pledge\n|upkeep\n|\n|t:|1696620259\n|switch|p1a: Diancie|Diancie, shiny|100\/100\n|switch|p1b: Blissey|Blissey, F, shiny|100\/100\n|turn|5\n|inactive|blurbbbbly has 120 seconds left.\n|\n|t:|1696620285\n|detailschange|p1a: Diancie|Diancie-Mega, shiny\n|-mega|p1a: Diancie|Diancie|Diancite\n|-terastallize|p1b: Blissey|Ghost\n|move|p2b: Flutter Mane|Dazzling Gleam|p1a: Diancie|[spread] p1a,p1b\n|-damage|p1a: Diancie|51\/100\n|-damage|p1b: Blissey|83\/100\n|move|p2a: Ninetales|Solar Beam||[still]\n|-prepare|p2a: Ninetales|Solar Beam\n|-anim|p2a: Ninetales|Solar Beam|p1a: Diancie\n|-supereffective|p1a: Diancie\n|-damage|p1a: Diancie|0 fnt\n|faint|p1a: Diancie\n|move|p1b: Blissey|Trick|p2b: Flutter Mane\n|-activate|p1b: Blissey|move: Trick|[of] p2b: Flutter Mane\n|-item|p2b: Flutter Mane|Toxic Orb|[from] move: Trick\n|-item|p1b: Blissey|Choice Specs|[from] move: Trick\n|\n|-weather|SunnyDay|[upkeep]\n|-status|p2b: Flutter Mane|tox|[from] item: Toxic Orb\n|upkeep\n|turn|6\n|inactive|blurbbbbly has 120 seconds left.\n|\n|t:|1696620307\n|move|p2b: Flutter Mane|Shadow Ball|p1b: Blissey\n|-supereffective|p1b: Blissey\n|-damage|p1b: Blissey|43\/100\n|move|p2a: Ninetales|Dark Pulse|p1b: Blissey\n|-supereffective|p1b: Blissey\n|-damage|p1b: Blissey|27\/100\n|move|p1b: Blissey|Earthquake|p2b: Flutter Mane|[spread] p2a,p2b\n|-supereffective|p2a: Ninetales\n|-damage|p2a: Ninetales|89\/100\n|-damage|p2b: Flutter Mane|42\/100 tox\n|\n|-weather|SunnyDay|[upkeep]\n|-damage|p2b: Flutter Mane|36\/100 tox|[from] psn\n|upkeep\n|turn|7\n|c|\u2606Zeref203|Thanks\n|inactive|blurbbbbly has 120 seconds left.\n|\n|t:|1696620333\n|move|p2b: Flutter Mane|Shadow Ball|p1b: Blissey\n|-supereffective|p1b: Blissey\n|-damage|p1b: Blissey|0 fnt\n|faint|p1b: Blissey\n|\n|win|Zeref203\n|raw|blurbbbbly's rating: 1000 &rarr; <strong>1000<\/strong><br \/>(+0 for losing)\n|raw|Zeref203's rating: 1269 &rarr; <strong>1278<\/strong><br \/>(+9 for winning)\n","uploadtime":1696620343,"views":11,"p1id":"blurbbbbly","p2id":"zeref203","formatid":"gen9nationaldexdoubles","rating":1000,"private":0,"password":""}