{"id":"gen9nationaldexdoubles-1968110458","p1":"Altilt","p2":"vril fur4et","format":"[Gen 9] National Dex Doubles","log":"|j|\u2606Altilt\n|j|\u2606vril fur4et\n|t:|1697385369\n|gametype|doubles\n|player|p1|Altilt|scientist-gen4dp|\n|player|p2|vril fur4et|1|\n|teamsize|p1|6\n|teamsize|p2|6\n|gen|9\n|tier|[Gen 9] National Dex Doubles\n|rule|HP Percentage Mod: HP is shown in percentages\n|rule|Endless Battle Clause: Forcing endless battles is banned\n|rule|OHKO Clause: OHKO moves are banned\n|rule|Evasion Moves Clause: Evasion moves are banned\n|rule|Evasion Abilities Clause: Evasion abilities are banned\n|rule|Species Clause: Limit one of each Pok\u00e9mon\n|rule|Gravity Sleep Clause: The combination of sleep-inducing moves with imperfect accuracy and Gravity or Gigantamax Orbeetle are banned\n|clearpoke\n|poke|p1|Blaziken, M|\n|poke|p1|Zapdos-Galar|\n|poke|p1|Bewear, F|\n|poke|p1|Toxicroak, M|\n|poke|p1|Mienshao, F|\n|poke|p1|Great Tusk|\n|poke|p2|Heracross, M|\n|poke|p2|Zapdos-Galar|\n|poke|p2|Mienshao, M|\n|poke|p2|Great Tusk|\n|poke|p2|Bewear, M|\n|poke|p2|Toxicroak, F|\n|teampreview\n|\n|t:|1697385432\n|start\n|switch|p1a: Mienshao|Mienshao, F|100\/100\n|switch|p1b: Zapdos|Zapdos-Galar|100\/100\n|switch|p2a: Great Tusk|Great Tusk|100\/100\n|switch|p2b: Toxicroak|Toxicroak, F|100\/100\n|turn|1\n|\n|t:|1697385444\n|-terastallize|p1b: Zapdos|Flying\n|move|p1a: Mienshao|Fake Out|p2b: Toxicroak\n|-damage|p2b: Toxicroak|80\/100\n|cant|p2b: Toxicroak|flinch\n|move|p1b: Zapdos|Brave Bird|p2a: Great Tusk\n|-supereffective|p2a: Great Tusk\n|-damage|p2a: Great Tusk|0 fnt\n|faint|p2a: Great Tusk\n|-end|p2a: Great Tusk|Protosynthesis|[silent]\n|-damage|p1b: Zapdos|62\/100|[from] Recoil\n|\n|upkeep\n|\n|t:|1697385468\n|switch|p2a: Heracross|Heracross, M|100\/100\n|turn|2\n|\n|t:|1697385476\n|move|p2a: Heracross|Protect|p2a: Heracross\n|-singleturn|p2a: Heracross|Protect\n|move|p1b: Zapdos|Brave Bird|p2b: Toxicroak\n|-supereffective|p2b: Toxicroak\n|-crit|p2b: Toxicroak\n|-damage|p2b: Toxicroak|0 fnt\n|faint|p2b: Toxicroak\n|-damage|p1b: Zapdos|37\/100|[from] Recoil\n|move|p1a: Mienshao|Acrobatics|p2a: Heracross\n|-activate|p2a: Heracross|move: Protect\n|\n|upkeep\n|\n|t:|1697385485\n|switch|p2b: Mienshao|Mienshao, M|100\/100\n|turn|3\n|\n|t:|1697385493\n|switch|p1b: Great Tusk|Great Tusk|100\/100\n|-enditem|p1b: Great Tusk|Booster Energy\n|-activate|p1b: Great Tusk|ability: Protosynthesis|[fromitem]\n|-start|p1b: Great Tusk|protosynthesisatk\n|detailschange|p2a: Heracross|Heracross-Mega, M\n|-mega|p2a: Heracross|Heracross|Heracronite\n|move|p2b: Mienshao|Fake Out|p1b: Great Tusk\n|-damage|p1b: Great Tusk|92\/100\n|move|p1a: Mienshao|Close Combat|p2b: Mienshao\n|-damage|p2b: Mienshao|31\/100\n|-unboost|p1a: Mienshao|def|1\n|-unboost|p1a: Mienshao|spd|1\n|-enditem|p1a: Mienshao|Eject Pack\n|\n|t:|1697385507\n|switch|p1a: Toxicroak|Toxicroak, M|100\/100\n|move|p2a: Heracross|Pin Missile|p1b: Great Tusk\n|-resisted|p1b: Great Tusk\n|-damage|p1b: Great Tusk|86\/100\n|-resisted|p1b: Great Tusk\n|-damage|p1b: Great Tusk|80\/100\n|-resisted|p1b: Great Tusk\n|-damage|p1b: Great Tusk|74\/100\n|-resisted|p1b: Great Tusk\n|-damage|p1b: Great Tusk|68\/100\n|-resisted|p1b: Great Tusk\n|-damage|p1b: Great Tusk|62\/100\n|-hitcount|p1b: Great Tusk|5\n|\n|upkeep\n|turn|4\n|\n|t:|1697385543\n|switch|p2b: Zapdos|Zapdos-Galar|100\/100\n|move|p1a: Toxicroak|Fake Out|p2b: Zapdos\n|-damage|p2b: Zapdos|87\/100\n|move|p1b: Great Tusk|Ice Spinner|p2b: Zapdos\n|-supereffective|p2b: Zapdos\n|-damage|p2b: Zapdos|0 fnt\n|faint|p2b: Zapdos\n|move|p2a: Heracross|High Horsepower|p1a: Toxicroak\n|-supereffective|p1a: Toxicroak\n|-enditem|p1a: Toxicroak|Focus Sash\n|-damage|p1a: Toxicroak|1\/100\n|\n|upkeep\n|c|\u2606Altilt|gottem\n|c|\u2606vril fur4et|well I think I'm out of the tornument :)\n|c|\u2606Altilt|ggs\n|\n|t:|1697385576\n|switch|p2b: Mienshao|Mienshao, M|64\/100\n|turn|5\n|\n|t:|1697385585\n|move|p1a: Toxicroak|Protect|p1a: Toxicroak\n|-singleturn|p1a: Toxicroak|Protect\n|move|p2b: Mienshao|Fake Out|p1a: Toxicroak\n|-activate|p1a: Toxicroak|move: Protect\n|move|p1b: Great Tusk|Earthquake|p2b: Mienshao|[spread] p2a,p2b\n|-activate|p1a: Toxicroak|move: Protect\n|-resisted|p2a: Heracross\n|-damage|p2a: Heracross|77\/100\n|-damage|p2b: Mienshao|9\/100\n|move|p2a: Heracross|Pin Missile|p1b: Great Tusk\n|-resisted|p1b: Great Tusk\n|-damage|p1b: Great Tusk|57\/100\n|-resisted|p1b: Great Tusk\n|-damage|p1b: Great Tusk|50\/100\n|-resisted|p1b: Great Tusk\n|-damage|p1b: Great Tusk|44\/100\n|-resisted|p1b: Great Tusk\n|-crit|p1b: Great Tusk\n|-damage|p1b: Great Tusk|35\/100\n|-resisted|p1b: Great Tusk\n|-damage|p1b: Great Tusk|29\/100\n|-hitcount|p1b: Great Tusk|5\n|\n|upkeep\n|turn|6\n|\n|t:|1697385622\n|switch|p2b: Bewear|Bewear, M|100\/100\n|move|p1b: Great Tusk|Earthquake|p2b: Bewear|[spread] p1a,p2a,p2b\n|-supereffective|p1a: Toxicroak\n|-resisted|p2a: Heracross\n|-damage|p1a: Toxicroak|0 fnt\n|-damage|p2a: Heracross|52\/100\n|-damage|p2b: Bewear|64\/100\n|faint|p1a: Toxicroak\n|move|p2a: Heracross|Pin Missile|p1b: Great Tusk\n|-resisted|p1b: Great Tusk\n|-damage|p1b: Great Tusk|23\/100\n|-resisted|p1b: Great Tusk\n|-damage|p1b: Great Tusk|16\/100\n|-resisted|p1b: Great Tusk\n|-damage|p1b: Great Tusk|10\/100\n|-resisted|p1b: Great Tusk\n|-damage|p1b: Great Tusk|4\/100\n|-resisted|p1b: Great Tusk\n|-damage|p1b: Great Tusk|0 fnt\n|faint|p1b: Great Tusk\n|-end|p1b: Great Tusk|Protosynthesis|[silent]\n|-hitcount|p1: Great Tusk|5\n|\n|-heal|p2b: Bewear|70\/100|[from] item: Leftovers\n|upkeep\n|\n|t:|1697385668\n|switch|p1b: Blaziken|Blaziken, M|100\/100\n|switch|p1a: Mienshao|Mienshao, F|100\/100\n|turn|7\n|\n|t:|1697385687\n|detailschange|p1b: Blaziken|Blaziken-Mega, M\n|-mega|p1b: Blaziken|Blaziken|Blazikenite\n|move|p2a: Heracross|Protect|p2a: Heracross\n|-singleturn|p2a: Heracross|Protect\n|move|p1a: Mienshao|Fake Out|p2b: Bewear\n|-damage|p2b: Bewear|64\/100\n|move|p1b: Blaziken|Brave Bird|p2a: Heracross\n|-activate|p2a: Heracross|move: Protect\n|cant|p2b: Bewear|flinch\n|\n|-heal|p2b: Bewear|70\/100|[from] item: Leftovers\n|-ability|p1b: Blaziken|Speed Boost|boost\n|-boost|p1b: Blaziken|spe|1\n|upkeep\n|turn|8\n|\n|t:|1697385716\n|switch|p2a: Mienshao|Mienshao, M|42\/100\n|move|p1b: Blaziken|Flare Blitz|p2b: Bewear\n|-damage|p2b: Bewear|18\/100\n|-damage|p1b: Blaziken|77\/100|[from] Recoil\n|move|p1a: Mienshao|Acrobatics|p2a: Mienshao\n|-supereffective|p2a: Mienshao\n|-enditem|p2a: Mienshao|Coba Berry|[eat]\n|-enditem|p2a: Mienshao|Coba Berry|[weaken]\n|-damage|p2a: Mienshao|3\/100\n|move|p2b: Bewear|Drain Punch|p1b: Blaziken\n|-damage|p1b: Blaziken|22\/100\n|-heal|p2b: Bewear|39\/100|[from] drain|[of] p1b: Blaziken\n|\n|-heal|p2b: Bewear|45\/100|[from] item: Leftovers\n|-ability|p1b: Blaziken|Speed Boost|boost\n|-boost|p1b: Blaziken|spe|1\n|upkeep\n|turn|9\n|c|\u2606vril fur4et|the CALCS\n|c|\u2606Altilt|lets see what you can do with it\n|c|\u2606vril fur4et|40% mien survives that on berry\n|\n|t:|1697385766\n|move|p1b: Blaziken|Protect|p1b: Blaziken\n|-singleturn|p1b: Blaziken|Protect\n|move|p2a: Mienshao|Fake Out|p1b: Blaziken\n|-activate|p1b: Blaziken|move: Protect\n|move|p1a: Mienshao|Acrobatics|p2a: Mienshao\n|-supereffective|p2a: Mienshao\n|-damage|p2a: Mienshao|0 fnt\n|faint|p2a: Mienshao\n|move|p2b: Bewear|Drain Punch|p1b: Blaziken\n|-activate|p1b: Blaziken|move: Protect\n|\n|-heal|p2b: Bewear|51\/100|[from] item: Leftovers\n|-ability|p1b: Blaziken|Speed Boost|boost\n|-boost|p1b: Blaziken|spe|1\n|upkeep\n|c|\u2606Altilt|nothing\n|c|\u2606Altilt|tragic\n|c|\u2606Altilt|cool calc tho\n|c|\u2606vril fur4et|not much really but it's funny how good coba is\n|\n|t:|1697385802\n|switch|p2a: Heracross|Heracross-Mega, M|52\/100\n|turn|10\n|\n|t:|1697385807\n|move|p1b: Blaziken|Flare Blitz|p2b: Bewear\n|-damage|p2b: Bewear|0 fnt\n|faint|p2b: Bewear\n|-damage|p1b: Blaziken|0 fnt|[from] Recoil\n|faint|p1b: Blaziken\n|move|p1a: Mienshao|Acrobatics|p2a: Heracross\n|-supereffective|p2a: Heracross\n|-damage|p2a: Heracross|0 fnt\n|faint|p2a: Heracross\n|\n|win|Altilt\n|c|\u2606Altilt|ggs\n|c|\u2606vril fur4et|gg\n|l|\u2606Altilt\n|j|\u2606Altilt\n|player|p1|Altilt|scientist-gen4dp\n|c|\u2606vril fur4et|we both figured out the meta lol\n","uploadtime":1697385838,"views":7,"p1id":"altilt","p2id":"vrilfur4et","formatid":"gen9nationaldexdoubles","rating":0,"private":0,"password":""}