{"id":"gen9nationaldexdoubles-1965383919","p1":"Theadonia","p2":"Denvah_17","format":"[Gen 9] National Dex Doubles","log":"|j|\u2606Theadonia\n|j|\u2606Denvah_17\n|t:|1697067444\n|gametype|doubles\n|player|p1|Theadonia|caitlin|1082\n|player|p2|Denvah_17|alder|1155\n|teamsize|p1|6\n|teamsize|p2|6\n|gen|9\n|tier|[Gen 9] National Dex Doubles\n|rated|\n|rule|HP Percentage Mod: HP is shown in percentages\n|rule|Endless Battle Clause: Forcing endless battles is banned\n|rule|OHKO Clause: OHKO moves are banned\n|rule|Evasion Moves Clause: Evasion moves are banned\n|rule|Evasion Abilities Clause: Evasion abilities are banned\n|rule|Species Clause: Limit one of each Pok\u00e9mon\n|rule|Gravity Sleep Clause: The combination of sleep-inducing moves with imperfect accuracy and Gravity or Gigantamax Orbeetle are banned\n|clearpoke\n|poke|p1|Delphox, F|\n|poke|p1|Oricorio-Sensu, M|\n|poke|p1|Kommo-o, F|\n|poke|p1|Wailmer, F|\n|poke|p1|Cresselia, F|\n|poke|p1|Swoobat, F|\n|poke|p2|Sinistcha-Masterpiece|\n|poke|p2|Enamorus, F|\n|poke|p2|Diancie|\n|poke|p2|Okidogi, M|\n|poke|p2|Ursaluna-Bloodmoon, M|\n|poke|p2|Volcanion|\n|teampreview\n|inactive|Battle timer is ON: inactive players will automatically lose when time's up. (requested by Denvah_17)\n|\n|t:|1697067457\n|start\n|switch|p1a: Delphox|Delphox, F, shiny|100\/100\n|switch|p1b: Oricorio|Oricorio-Sensu, M, shiny|100\/100\n|switch|p2a: Rihanna|Diancie, shiny|100\/100\n|switch|p2b: Freddy Fazbear|Ursaluna-Bloodmoon, M|100\/100\n|turn|1\n|\n|t:|1697067473\n|move|p1a: Delphox|Role Play|p1b: Oricorio\n|-endability|p1a: Delphox|Magician|[from] move: Role Play\n|-ability|p1a: Delphox|Dancer|[from] move: Role Play|[of] p1b: Oricorio\n|move|p1b: Oricorio|Quiver Dance|p1b: Oricorio\n|-boost|p1b: Oricorio|spa|1\n|-boost|p1b: Oricorio|spd|1\n|-boost|p1b: Oricorio|spe|1\n|-activate|p1a: Delphox|ability: Dancer\n|move|p1a: Delphox|Quiver Dance|p1a: Delphox|[from]ability: Dancer\n|-boost|p1a: Delphox|spa|1\n|-boost|p1a: Delphox|spd|1\n|-boost|p1a: Delphox|spe|1\n|move|p2b: Freddy Fazbear|Calm Mind|p2b: Freddy Fazbear\n|-boost|p2b: Freddy Fazbear|spa|1\n|-boost|p2b: Freddy Fazbear|spd|1\n|move|p2a: Rihanna|Trick Room|p2a: Rihanna\n|-fieldstart|move: Trick Room|[of] p2a: Rihanna\n|\n|upkeep\n|turn|2\n|inactive|Denvah_17 has 120 seconds left.\n|\n|t:|1697067513\n|move|p2a: Rihanna|Diamond Storm|p1b: Oricorio|[spread] p1a,p1b\n|-supereffective|p1a: Delphox\n|-crit|p1a: Delphox\n|-supereffective|p1b: Oricorio\n|-damage|p1a: Delphox|0 fnt\n|-damage|p1b: Oricorio|54\/100\n|-boost|p2a: Rihanna|def|2\n|faint|p1a: Delphox\n|move|p2b: Freddy Fazbear|Hyper Voice|p1b: Oricorio\n|-damage|p1b: Oricorio|0 fnt\n|faint|p1b: Oricorio\n|\n|upkeep\n|\n|t:|1697067527\n|switch|p1b: Cresselia|Cresselia, F|100\/100\n|switch|p1a: Wailmer|Wailmer, F, shiny|100\/100\n|-ability|p1a: Wailmer|Pressure\n|turn|3\n|\n|t:|1697067533\n|-terastallize|p1a: Wailmer|Water\n|move|p2a: Rihanna|Diamond Storm|p1b: Cresselia|[spread] p1a,p1b\n|-damage|p1a: Wailmer|71\/100\n|-damage|p1b: Cresselia|81\/100\n|-boost|p2a: Rihanna|def|2\n|move|p2b: Freddy Fazbear|Hyper Voice|p1a: Wailmer|[spread] p1a,p1b\n|-damage|p1a: Wailmer|13\/100\n|-damage|p1b: Cresselia|45\/100\n|move|p1a: Wailmer|Water Spout|p2b: Freddy Fazbear|[spread] p2a,p2b\n|-supereffective|p2a: Rihanna\n|-supereffective|p2b: Freddy Fazbear\n|-damage|p2a: Rihanna|91\/100\n|-damage|p2b: Freddy Fazbear|90\/100\n|-enditem|p2a: Rihanna|Weakness Policy\n|-boost|p2a: Rihanna|atk|2|[from] item: Weakness Policy\n|-boost|p2a: Rihanna|spa|2|[from] item: Weakness Policy\n|move|p1b: Cresselia|Dazzling Gleam|p2a: Rihanna|[spread] p2a,p2b\n|-damage|p2a: Rihanna|80\/100\n|-damage|p2b: Freddy Fazbear|77\/100\n|\n|-heal|p2b: Freddy Fazbear|83\/100|[from] item: Leftovers\n|-heal|p1b: Cresselia|51\/100|[from] item: Leftovers\n|upkeep\n|turn|4\n|c|\u2606Theadonia|\ud83d\ude2d\n|\n|t:|1697067561\n|move|p2a: Rihanna|Diamond Storm|p1a: Wailmer|[spread] p1a,p1b\n|-damage|p1a: Wailmer|0 fnt\n|-damage|p1b: Cresselia|12\/100\n|faint|p1a: Wailmer\n|move|p2b: Freddy Fazbear|Hyper Voice|p1b: Cresselia\n|-damage|p1b: Cresselia|0 fnt\n|faint|p1b: Cresselia\n|\n|-heal|p2b: Freddy Fazbear|89\/100|[from] item: Leftovers\n|upkeep\n|c|\u2606Theadonia|I thought Walimer would shine here haha\n|inactive|Theadonia has 120 seconds left.\n|\n|t:|1697067572\n|switch|p1a: Kommo-o|Kommo-o, F, shiny|100\/100\n|switch|p1b: Swoobat|Swoobat, F|100\/100\n|turn|5\n|\n|t:|1697067577\n|move|p2a: Rihanna|Dazzling Gleam|p1a: Kommo-o|[spread] p1a,p1b\n|-supereffective|p1a: Kommo-o\n|-damage|p1a: Kommo-o|0 fnt\n|-damage|p1b: Swoobat|13\/100\n|faint|p1a: Kommo-o\n|move|p2b: Freddy Fazbear|Hyper Voice|p1b: Swoobat\n|-damage|p1b: Swoobat|0 fnt\n|faint|p1b: Swoobat\n|\n|win|Denvah_17\n|raw|Theadonia's rating: 1082 &rarr; <strong>1066<\/strong><br \/>(-16 for losing)\n|raw|Denvah_17's rating: 1184 &rarr; <strong>1202<\/strong><br \/>(+18 for winning)\n|c|\u2606Theadonia|Ggwp\n|l|\u2606Theadonia\n","uploadtime":1697067680,"views":5,"p1id":"theadonia","p2id":"denvah17","formatid":"gen9nationaldexdoubles","rating":1066,"private":0,"password":""}