{"id":"gen9nationaldexdoubles-1970367366","p1":"AdvancedDigit","p2":"yjys","format":"[Gen 9] National Dex Doubles","log":"|j|\u2606AdvancedDigit\n|j|\u2606yjys\n|t:|1697632568\n|gametype|doubles\n|player|p1|AdvancedDigit|hilbert|1173\n|player|p2|yjys|170|1061\n|teamsize|p1|6\n|teamsize|p2|6\n|gen|9\n|tier|[Gen 9] National Dex Doubles\n|rated|\n|rule|HP Percentage Mod: HP is shown in percentages\n|rule|Endless Battle Clause: Forcing endless battles is banned\n|rule|OHKO Clause: OHKO moves are banned\n|rule|Evasion Moves Clause: Evasion moves are banned\n|rule|Evasion Abilities Clause: Evasion abilities are banned\n|rule|Species Clause: Limit one of each Pok\u00e9mon\n|rule|Gravity Sleep Clause: The combination of sleep-inducing moves with imperfect accuracy and Gravity or Gigantamax Orbeetle are banned\n|clearpoke\n|poke|p1|Gardevoir, M|\n|poke|p1|Gumshoos, M|\n|poke|p1|Dusclops, F|\n|poke|p1|Landorus-Therian, M|\n|poke|p1|Sableye, F|\n|poke|p1|Heatran, M|\n|poke|p2|Rillaboom, M|\n|poke|p2|Ogerpon-Hearthflame, F|\n|poke|p2|Flutter Mane|\n|poke|p2|Amoonguss, M|\n|poke|p2|Kingambit, F|\n|poke|p2|Gholdengo|\n|teampreview\n|inactive|Battle timer is ON: inactive players will automatically lose when time's up. (requested by AdvancedDigit)\n|\n|t:|1697632583\n|start\n|switch|p1a: Landorus|Landorus-Therian, M|100\/100\n|switch|p1b: Gardevoir|Gardevoir, M|100\/100\n|switch|p2a: Rillaboom|Rillaboom, M|100\/100\n|switch|p2b: Ogerpon|Ogerpon-Hearthflame, F|100\/100\n|-ability|p1a: Landorus|Intimidate|boost\n|-unboost|p2a: Rillaboom|atk|1\n|-unboost|p2b: Ogerpon|atk|1\n|-ability|p2b: Ogerpon|Mold Breaker\n|-fieldstart|move: Grassy Terrain|[from] ability: Grassy Surge|[of] p2a: Rillaboom\n|turn|1\n|\n|t:|1697632605\n|move|p2b: Ogerpon|Grassy Glide|p1a: Landorus\n|-damage|p1a: Landorus|69\/100\n|move|p2a: Rillaboom|Grassy Glide|p1b: Gardevoir\n|-damage|p1b: Gardevoir|61\/100\n|move|p1a: Landorus|Earthquake|p2b: Ogerpon|[spread] p2a,p2b\n|-activate|p1b: Gardevoir|ability: Telepathy\n|-resisted|p2a: Rillaboom\n|-damage|p2a: Rillaboom|85\/100\n|-damage|p2b: Ogerpon|67\/100\n|move|p1b: Gardevoir|Mystical Fire|p2a: Rillaboom\n|-supereffective|p2a: Rillaboom\n|-damage|p2a: Rillaboom|52\/100\n|-unboost|p2a: Rillaboom|spa|1\n|\n|-heal|p2b: Ogerpon|73\/100|[from] Grassy Terrain\n|-heal|p2a: Rillaboom|58\/100|[from] Grassy Terrain\n|-heal|p1b: Gardevoir|68\/100|[from] Grassy Terrain\n|-heal|p1b: Gardevoir|74\/100|[from] item: Leftovers\n|upkeep\n|turn|2\n|inactive|yjys has 120 seconds left.\n|\n|t:|1697632637\n|move|p1a: Landorus|Earthquake|p2b: Ogerpon|[spread] p2a,p2b\n|-activate|p1b: Gardevoir|ability: Telepathy\n|-resisted|p2a: Rillaboom\n|-crit|p2a: Rillaboom\n|-damage|p2a: Rillaboom|37\/100\n|-damage|p2b: Ogerpon|40\/100\n|move|p2b: Ogerpon|Ivy Cudgel|p1b: Gardevoir\n|-damage|p1b: Gardevoir|22\/100\n|move|p2a: Rillaboom|U-turn|p1a: Landorus\n|-resisted|p1a: Landorus\n|-damage|p1a: Landorus|58\/100\n|inactive|yjys has 120 seconds left.\n|\n|t:|1697632651\n|switch|p2a: Amoonguss|Amoonguss, M|100\/100|[from] U-turn\n|move|p1b: Gardevoir|Trick Room|p1b: Gardevoir\n|-fieldstart|move: Trick Room|[of] p1b: Gardevoir\n|\n|-heal|p1b: Gardevoir|28\/100|[from] Grassy Terrain\n|-heal|p1b: Gardevoir|34\/100|[from] item: Leftovers\n|-heal|p2b: Ogerpon|46\/100|[from] Grassy Terrain\n|upkeep\n|turn|3\n|\n|t:|1697632670\n|move|p2b: Ogerpon|Grassy Glide|p1b: Gardevoir\n|-damage|p1b: Gardevoir|0 fnt\n|faint|p1b: Gardevoir\n|move|p2a: Amoonguss|Pollen Puff|p2b: Ogerpon\n|-heal|p2b: Ogerpon|96\/100\n|move|p1a: Landorus|Earthquake|p2a: Amoonguss|[spread] p2a,p2b\n|-crit|p2b: Ogerpon\n|-damage|p2a: Amoonguss|67\/100\n|-damage|p2b: Ogerpon|44\/100\n|\n|-heal|p2a: Amoonguss|73\/100|[from] Grassy Terrain\n|-heal|p2a: Amoonguss|80\/100|[from] item: Black Sludge\n|-heal|p2b: Ogerpon|50\/100|[from] Grassy Terrain\n|upkeep\n|\n|t:|1697632685\n|switch|p1b: Gumshoos|Gumshoos, M|100\/100\n|turn|4\n|\n|t:|1697632707\n|switch|p1a: Heatran|Heatran, M|100\/100\n|-item|p1a: Heatran|Air Balloon\n|-terastallize|p1b: Gumshoos|Ground\n|move|p2b: Ogerpon|Spiky Shield|p2b: Ogerpon\n|-singleturn|p2b: Ogerpon|move: Protect\n|move|p1b: Gumshoos|Earthquake|p2a: Amoonguss|[spread] p2a\n|-activate|p2b: Ogerpon|move: Protect\n|-immune|p1a: Heatran\n|-damage|p2a: Amoonguss|49\/100\n|move|p2a: Amoonguss|Pollen Puff|p2b: Ogerpon\n|-activate|p2b: Ogerpon|move: Protect\n|\n|-heal|p2a: Amoonguss|55\/100|[from] Grassy Terrain\n|-heal|p2a: Amoonguss|62\/100|[from] item: Black Sludge\n|-heal|p2b: Ogerpon|56\/100|[from] Grassy Terrain\n|upkeep\n|turn|5\n|inactive|yjys has 120 seconds left.\n|\n|t:|1697632741\n|move|p2b: Ogerpon|Grassy Glide|p1b: Gumshoos\n|-supereffective|p1b: Gumshoos\n|-damage|p1b: Gumshoos|29\/100\n|move|p1b: Gumshoos|Body Slam|p2a: Amoonguss\n|-damage|p2a: Amoonguss|15\/100\n|move|p2a: Amoonguss|Pollen Puff|p2b: Ogerpon\n|-heal|p2b: Ogerpon|100\/100\n|move|p1a: Heatran|Eruption|p2b: Ogerpon|[spread] p2a,p2b\n|-supereffective|p2a: Amoonguss\n|-damage|p2a: Amoonguss|0 fnt\n|-damage|p2b: Ogerpon|40\/100\n|faint|p2a: Amoonguss\n|\n|-heal|p1b: Gumshoos|35\/100|[from] Grassy Terrain\n|-heal|p2b: Ogerpon|46\/100|[from] Grassy Terrain\n|-fieldend|move: Grassy Terrain\n|upkeep\n|inactive|yjys has 120 seconds left.\n|\n|t:|1697632763\n|switch|p2a: Rillaboom|Rillaboom, M|37\/100\n|-fieldstart|move: Grassy Terrain|[from] ability: Grassy Surge|[of] p2a: Rillaboom\n|turn|6\n|inactive|yjys has 120 seconds left.\n|\n|t:|1697632779\n|move|p2a: Rillaboom|Fake Out|p1a: Heatran\n|-resisted|p1a: Heatran\n|-damage|p1a: Heatran|94\/100\n|-enditem|p1a: Heatran|Air Balloon\n|move|p2b: Ogerpon|Grassy Glide|p1b: Gumshoos\n|-supereffective|p1b: Gumshoos\n|-damage|p1b: Gumshoos|0 fnt\n|faint|p1b: Gumshoos\n|cant|p1a: Heatran|flinch\n|\n|-heal|p1a: Heatran|99\/100|[from] Grassy Terrain\n|-heal|p2a: Rillaboom|43\/100|[from] Grassy Terrain\n|-heal|p2b: Ogerpon|52\/100|[from] Grassy Terrain\n|-fieldend|move: Trick Room\n|upkeep\n|\n|t:|1697632791\n|switch|p1b: Landorus|Landorus-Therian, M|58\/100\n|-ability|p1b: Landorus|Intimidate|boost\n|-unboost|p2a: Rillaboom|atk|1\n|-unboost|p2b: Ogerpon|atk|1\n|turn|7\n|\n|t:|1697632808\n|move|p2b: Ogerpon|Spiky Shield|p2b: Ogerpon\n|-singleturn|p2b: Ogerpon|move: Protect\n|move|p1b: Landorus|Rock Slide|p2b: Ogerpon|[spread] p2a\n|-activate|p2b: Ogerpon|move: Protect\n|-damage|p2a: Rillaboom|12\/100\n|cant|p2a: Rillaboom|flinch\n|move|p1a: Heatran|Eruption|p2b: Ogerpon|[spread] p2a\n|-activate|p2b: Ogerpon|move: Protect\n|-supereffective|p2a: Rillaboom\n|-damage|p2a: Rillaboom|0 fnt\n|faint|p2a: Rillaboom\n|\n|-heal|p2b: Ogerpon|58\/100|[from] Grassy Terrain\n|-heal|p1a: Heatran|100\/100|[from] Grassy Terrain\n|upkeep\n|inactive|yjys has 120 seconds left.\n|\n|t:|1697632832\n|switch|p2a: Flutter Mane|Flutter Mane|100\/100\n|turn|8\n|inactive|yjys has 120 seconds left.\n|\n|t:|1697632859\n|move|p2a: Flutter Mane|Moonblast|p1b: Landorus\n|-damage|p1b: Landorus|0 fnt\n|faint|p1b: Landorus\n|move|p2b: Ogerpon|Play Rough|p1a: Heatran\n|-resisted|p1a: Heatran\n|-damage|p1a: Heatran|97\/100\n|move|p1a: Heatran|Eruption|p2a: Flutter Mane|[spread] p2a,p2b\n|-damage|p2a: Flutter Mane|32\/100\n|-damage|p2b: Ogerpon|0 fnt\n|faint|p2b: Ogerpon\n|\n|-heal|p2a: Flutter Mane|38\/100|[from] Grassy Terrain\n|-heal|p1a: Heatran|100\/100|[from] Grassy Terrain\n|upkeep\n|inactive|yjys has 120 seconds left.\n|\n|t:|1697632889\n|switch|p1b: Dusclops|Dusclops, F|100\/100\n|switch|p2b: Gholdengo|Gholdengo|100\/100\n|-ability|p1b: Dusclops|Pressure\n|turn|9\n|\n|t:|1697632913\n|move|p1a: Heatran|Protect|p1a: Heatran\n|-singleturn|p1a: Heatran|Protect\n|move|p2a: Flutter Mane|Moonblast|p1b: Dusclops\n|-damage|p1b: Dusclops|71\/100\n|move|p2b: Gholdengo|Night Shade|p1a: Heatran\n|-activate|p1a: Heatran|move: Protect\n|move|p1b: Dusclops|Trick Room|p1b: Dusclops\n|-fieldstart|move: Trick Room|[of] p1b: Dusclops\n|\n|-heal|p1b: Dusclops|77\/100|[from] Grassy Terrain\n|-heal|p2a: Flutter Mane|44\/100|[from] Grassy Terrain\n|upkeep\n|turn|10\n|\n|t:|1697632935\n|switch|p1b: Sableye|Sableye, F|100\/100\n|move|p1a: Heatran|Eruption|p2b: Gholdengo|[spread] p2a,p2b\n|-supereffective|p2b: Gholdengo\n|-damage|p2a: Flutter Mane|0 fnt\n|-damage|p2b: Gholdengo|0 fnt\n|faint|p2a: Flutter Mane\n|-end|p2a: Flutter Mane|Protosynthesis|[silent]\n|faint|p2b: Gholdengo\n|\n|-fieldend|move: Grassy Terrain\n|upkeep\n|\n|t:|1697632954\n|switch|p2a: Kingambit|Kingambit, F|100\/100\n|-activate|p2a: Kingambit|ability: Supreme Overlord\n|-start|p2a: Kingambit|fallen5|[silent]\n|turn|11\n|\n|t:|1697632973\n|move|p1b: Sableye|Fake Out|p2a: Kingambit\n|-resisted|p2a: Kingambit\n|-damage|p2a: Kingambit|98\/100\n|cant|p2a: Kingambit|flinch\n|move|p1a: Heatran|Eruption|p2a: Kingambit\n|-supereffective|p2a: Kingambit\n|-damage|p2a: Kingambit|0 fnt\n|faint|p2a: Kingambit\n|-end|p2a: Kingambit|fallen5|[silent]\n|\n|win|AdvancedDigit\n|raw|AdvancedDigit's rating: 1173 &rarr; <strong>1190<\/strong><br \/>(+17 for winning)\n|raw|yjys's rating: 1061 &rarr; <strong>1048<\/strong><br \/>(-13 for losing)\n|c|\u2606AdvancedDigit|gg\n","uploadtime":1697632984,"views":7,"p1id":"advanceddigit","p2id":"yjys","formatid":"gen9nationaldexdoubles","rating":1048,"private":0,"password":""}