{"id":"gen9nationaldexdoubles-1985054664","p1":"yiwanmadai","p2":"BirbOnFire","format":"[Gen 9] National Dex Doubles","log":"|j|\u2606yiwanmadai\n|j|\u2606BirbOnFire\n|t:|1699325252\n|gametype|doubles\n|player|p1|yiwanmadai|marnie|1161\n|player|p2|BirbOnFire|rollerskaterf|1194\n|teamsize|p1|6\n|teamsize|p2|6\n|gen|9\n|tier|[Gen 9] National Dex Doubles\n|rated|\n|rule|HP Percentage Mod: HP is shown in percentages\n|rule|Endless Battle Clause: Forcing endless battles is banned\n|rule|OHKO Clause: OHKO moves are banned\n|rule|Evasion Moves Clause: Evasion moves are banned\n|rule|Evasion Abilities Clause: Evasion abilities are banned\n|rule|Species Clause: Limit one of each Pok\u00e9mon\n|rule|Gravity Sleep Clause: The combination of sleep-inducing moves with imperfect accuracy and Gravity or Gigantamax Orbeetle are banned\n|clearpoke\n|poke|p1|Amoonguss, M|\n|poke|p1|Rillaboom, F|\n|poke|p1|Sneasler, M|\n|poke|p1|Chi-Yu|\n|poke|p1|Flutter Mane|\n|poke|p1|Incineroar, M|\n|poke|p2|Blacephalon|\n|poke|p2|Whimsicott, M|\n|poke|p2|Flutter Mane|\n|poke|p2|Torkoal, M|\n|poke|p2|Alakazam, M|\n|poke|p2|Incineroar, M|\n|teampreview\n|inactive|Battle timer is ON: inactive players will automatically lose when time's up. (requested by yiwanmadai)\n|\n|t:|1699325258\n|start\n|switch|p1a: Chi-Yu|Chi-Yu|100\/100\n|switch|p1b: Flutter Mane|Flutter Mane|100\/100\n|switch|p2a: Blacephalon|Blacephalon, shiny|100\/100\n|switch|p2b: Whimsicott|Whimsicott, M, shiny|100\/100\n|-ability|p1a: Chi-Yu|Beads of Ruin\n|turn|1\n|inactive|yiwanmadai has 120 seconds left.\n|\n|t:|1699325290\n|-terastallize|p1b: Flutter Mane|Fairy\n|move|p2b: Whimsicott|Tailwind|p2b: Whimsicott\n|-sidestart|p2: BirbOnFire|move: Tailwind\n|move|p2a: Blacephalon|Mind Blown|p1b: Flutter Mane|[spread] p2b,p1a,p1b\n|-supereffective|p2b: Whimsicott\n|-resisted|p1a: Chi-Yu\n|-damage|p2b: Whimsicott|0 fnt\n|-damage|p1a: Chi-Yu|47\/100\n|-damage|p1b: Flutter Mane|0 fnt\n|-damage|p2a: Blacephalon|50\/100|[from] mindblown\n|faint|p2b: Whimsicott\n|faint|p1b: Flutter Mane\n|-end|p1b: Flutter Mane|Protosynthesis|[silent]\n|-ability|p2a: Blacephalon|Beast Boost|boost\n|-boost|p2a: Blacephalon|spa|2\n|-damage|p2a: Blacephalon|41\/100|[from] item: Life Orb\n|move|p1a: Chi-Yu|Heat Wave|p2a: Blacephalon\n|-resisted|p2a: Blacephalon\n|-damage|p2a: Blacephalon|0 fnt\n|faint|p2a: Blacephalon\n|\n|upkeep\n|inactive|yiwanmadai has 120 seconds left.\n|\n|t:|1699325316\n|switch|p1b: Rillaboom|Rillaboom, F|100\/100\n|switch|p2a: Flutter Mane|Flutter Mane|100\/100\n|switch|p2b: Torkoal|Torkoal, M|100\/100\n|-fieldstart|move: Grassy Terrain|[from] ability: Grassy Surge|[of] p1b: Rillaboom\n|-weather|SunnyDay|[from] ability: Drought|[of] p2b: Torkoal\n|-activate|p2a: Flutter Mane|ability: Protosynthesis\n|-start|p2a: Flutter Mane|protosynthesisspe\n|turn|2\n|inactive|BirbOnFire has 120 seconds left.\n|\n|t:|1699325374\n|-terastallize|p2a: Flutter Mane|Fairy\n|move|p2b: Torkoal|Helping Hand|p2a: Flutter Mane\n|-singleturn|p2a: Flutter Mane|Helping Hand|[of] p2b: Torkoal\n|move|p1b: Rillaboom|Fake Out|p2b: Torkoal\n|-damage|p2b: Torkoal|89\/100\n|move|p2a: Flutter Mane|Dazzling Gleam|p1a: Chi-Yu|[spread] p1a,p1b\n|-damage|p1a: Chi-Yu|0 fnt\n|-damage|p1b: Rillaboom|0 fnt\n|faint|p1a: Chi-Yu\n|faint|p1b: Rillaboom\n|\n|-weather|SunnyDay|[upkeep]\n|-heal|p2b: Torkoal|95\/100|[from] Grassy Terrain\n|upkeep\n|inactive|yiwanmadai has 120 seconds left.\n|\n|t:|1699325387\n|switch|p1a: Sneasler|Sneasler, M|100\/100\n|switch|p1b: Incineroar|Incineroar, M|100\/100\n|-enditem|p1a: Sneasler|Grassy Seed\n|-boost|p1a: Sneasler|def|1|[from] item: Grassy Seed\n|-ability|p1b: Incineroar|Intimidate|boost\n|-unboost|p2a: Flutter Mane|atk|1\n|-unboost|p2b: Torkoal|atk|1\n|turn|3\n|inactive|BirbOnFire has 120 seconds left.\n|\n|t:|1699325407\n|move|p2a: Flutter Mane|Protect|p2a: Flutter Mane\n|-singleturn|p2a: Flutter Mane|Protect\n|move|p1b: Incineroar|Fake Out|p2a: Flutter Mane\n|-activate|p2a: Flutter Mane|move: Protect\n|move|p1a: Sneasler|Dire Claw|p2a: Flutter Mane\n|-activate|p2a: Flutter Mane|move: Protect\n|move|p2b: Torkoal|Yawn|p1a: Sneasler\n|-start|p1a: Sneasler|move: Yawn|[of] p2b: Torkoal\n|\n|-weather|SunnyDay|[upkeep]\n|-heal|p2b: Torkoal|100\/100|[from] Grassy Terrain\n|upkeep\n|turn|4\n|\n|t:|1699325425\n|move|p2b: Torkoal|Helping Hand|p2a: Flutter Mane\n|-singleturn|p2a: Flutter Mane|Helping Hand|[of] p2b: Torkoal\n|move|p2a: Flutter Mane|Shadow Ball|p1a: Sneasler\n|-damage|p1a: Sneasler|14\/100\n|move|p1a: Sneasler|Dire Claw|p2a: Flutter Mane\n|-supereffective|p2a: Flutter Mane\n|-enditem|p2a: Flutter Mane|Focus Sash\n|-damage|p2a: Flutter Mane|1\/100\n|move|p1b: Incineroar|Snarl|p2a: Flutter Mane|[spread] p2a,p2b\n|-resisted|p2a: Flutter Mane\n|-damage|p2a: Flutter Mane|0 fnt\n|-damage|p2b: Torkoal|86\/100\n|-unboost|p2b: Torkoal|spa|1\n|faint|p2a: Flutter Mane\n|-end|p2a: Flutter Mane|Protosynthesis|[silent]\n|\n|-weather|SunnyDay|[upkeep]\n|-heal|p1a: Sneasler|20\/100|[from] Grassy Terrain\n|-heal|p2b: Torkoal|92\/100|[from] Grassy Terrain\n|-end|p1a: Sneasler|move: Yawn|[silent]\n|-status|p1a: Sneasler|slp\n|-sideend|p2: BirbOnFire|move: Tailwind\n|upkeep\n|inactive|BirbOnFire has 120 seconds left.\n|\n|t:|1699325449\n|switch|p2a: Incineroar|Incineroar, M|100\/100\n|turn|5\n|inactive|yiwanmadai has 120 seconds left.\n|\n|t:|1699325485\n|switch|p1a: Amoonguss|Amoonguss, M|100\/100\n|move|p2a: Incineroar|Fake Out|p1b: Incineroar\n|-damage|p1b: Incineroar|90\/100\n|cant|p1b: Incineroar|flinch\n|move|p2b: Torkoal|Burning Jealousy|p1b: Incineroar|[spread] p1a,p1b\n|-supereffective|p1a: Amoonguss\n|-resisted|p1b: Incineroar\n|-damage|p1a: Amoonguss|55\/100\n|-damage|p1b: Incineroar|82\/100\n|\n|-weather|SunnyDay|[upkeep]\n|-heal|p1b: Incineroar|88\/100|[from] Grassy Terrain\n|-heal|p1a: Amoonguss|61\/100|[from] Grassy Terrain\n|-heal|p1a: Amoonguss|67\/100|[from] item: Black Sludge\n|-heal|p2b: Torkoal|98\/100|[from] Grassy Terrain\n|upkeep\n|turn|6\n|inactive|yiwanmadai has 120 seconds left.\n|\n|t:|1699325515\n|switch|p2b: Alakazam|Alakazam, M, shiny|100\/100\n|move|p1b: Incineroar|Parting Shot|p2a: Incineroar\n|-unboost|p2a: Incineroar|atk|1\n|-unboost|p2a: Incineroar|spa|1\n|\n|t:|1699325517\n|switch|p1b: Sneasler|Sneasler, M|20\/100 slp|[from] Parting Shot\n|move|p2a: Incineroar|Parting Shot|p1b: Sneasler\n|-unboost|p1b: Sneasler|atk|1\n|-unboost|p1b: Sneasler|spa|1\n|inactive|BirbOnFire has 120 seconds left.\n|-message|yiwanmadai forfeited.\n|\n|win|BirbOnFire\n|raw|yiwanmadai's rating: 1161 &rarr; <strong>1137<\/strong><br \/>(-24 for losing)\n|raw|BirbOnFire's rating: 1171 &rarr; <strong>1195<\/strong><br \/>(+24 for winning)\n|l|\u2606yiwanmadai\n","uploadtime":1699325554,"views":5,"p1id":"yiwanmadai","p2id":"birbonfire","formatid":"gen9nationaldexdoubles","rating":1137,"private":0,"password":""}