{"id":"gen9nationaldexdoubles-1987227373","p1":"FriedBeaver01","p2":"knightgem","format":"[Gen 9] National Dex Doubles","log":"|j|\u2606FriedBeaver01\n|j|\u2606knightgem\n|t:|1699567186\n|gametype|doubles\n|player|p1|FriedBeaver01|170|1197\n|player|p2|knightgem|#knightgem|1128\n|teamsize|p1|6\n|teamsize|p2|6\n|gen|9\n|tier|[Gen 9] National Dex Doubles\n|rated|\n|rule|HP Percentage Mod: HP is shown in percentages\n|rule|Endless Battle Clause: Forcing endless battles is banned\n|rule|OHKO Clause: OHKO moves are banned\n|rule|Evasion Moves Clause: Evasion moves are banned\n|rule|Evasion Abilities Clause: Evasion abilities are banned\n|rule|Species Clause: Limit one of each Pok\u00e9mon\n|rule|Gravity Sleep Clause: The combination of sleep-inducing moves with imperfect accuracy and Gravity or Gigantamax Orbeetle are banned\n|clearpoke\n|poke|p1|Camerupt, M|\n|poke|p1|Cradily, M|\n|poke|p1|Ninetales, M|\n|poke|p1|Tropius, M|\n|poke|p1|Arcanine-Hisui, M|\n|poke|p1|Rillaboom, M|\n|poke|p2|Primarina, F|\n|poke|p2|Skeledirge, M|\n|poke|p2|Rillaboom, M|\n|poke|p2|Toxtricity, M|\n|poke|p2|Kommo-o, F|\n|poke|p2|Clefairy, M|\n|teampreview\n|inactive|Battle timer is ON: inactive players will automatically lose when time's up. (requested by knightgem)\n|j| Prankbox454\n|\n|t:|1699567214\n|start\n|switch|p1a: Ninetales|Ninetales, M, shiny|100\/100\n|switch|p1b: Arcanine|Arcanine-Hisui, M, shiny|100\/100\n|switch|p2a: Toxtricity|Toxtricity, M|100\/100\n|switch|p2b: Kommo-o|Kommo-o, F|100\/100\n|-weather|SunnyDay|[from] ability: Drought|[of] p1a: Ninetales\n|-ability|p1b: Arcanine|Intimidate|boost\n|-unboost|p2a: Toxtricity|atk|1\n|-unboost|p2b: Kommo-o|atk|1\n|turn|1\n|inactive|FriedBeaver01 has 120 seconds left.\n|inactive|FriedBeaver01 has 90 seconds left.\n|inactive|FriedBeaver01 has 60 seconds left.\n|\n|t:|1699567318\n|-terastallize|p2a: Toxtricity|Normal\n|move|p1b: Arcanine|Protect|p1b: Arcanine\n|-singleturn|p1b: Arcanine|Protect\n|move|p2a: Toxtricity|Boomburst|p1b: Arcanine|[spread] p1a\n|-activate|p1b: Arcanine|move: Protect\n|-immune|p2b: Kommo-o|[from] ability: Soundproof\n|-damage|p1a: Ninetales|22\/100\n|move|p1a: Ninetales|Will-O-Wisp|p2b: Kommo-o\n|-status|p2b: Kommo-o|brn\n|move|p2b: Kommo-o|Belly Drum|p2b: Kommo-o\n|-damage|p2b: Kommo-o|50\/100 brn\n|-setboost|p2b: Kommo-o|atk|6|[from] move: Belly Drum\n|\n|-weather|SunnyDay|[upkeep]\n|-damage|p2b: Kommo-o|44\/100 brn|[from] brn\n|upkeep\n|turn|2\n|inactive|FriedBeaver01 has 60 seconds left.\n|\n|t:|1699567341\n|move|p1a: Ninetales|Protect|p1a: Ninetales\n|-singleturn|p1a: Ninetales|Protect\n|move|p2a: Toxtricity|Boomburst|p1a: Ninetales|[spread] p1b\n|-activate|p1a: Ninetales|move: Protect\n|-immune|p2b: Kommo-o|[from] ability: Soundproof\n|-resisted|p1b: Arcanine\n|-damage|p1b: Arcanine|57\/100\n|move|p2b: Kommo-o|Drain Punch|p1b: Arcanine\n|-supereffective|p1b: Arcanine\n|-damage|p1b: Arcanine|0 fnt\n|-heal|p2b: Kommo-o|77\/100 brn|[from] drain|[of] p1b: Arcanine\n|faint|p1b: Arcanine\n|\n|-weather|SunnyDay|[upkeep]\n|-damage|p2b: Kommo-o|70\/100 brn|[from] brn\n|upkeep\n|\n|t:|1699567360\n|switch|p1b: Camerupt|Camerupt, M, shiny|100\/100\n|turn|3\n|inactive|FriedBeaver01 has 60 seconds left.\n|\n|t:|1699567379\n|switch|p1a: Rillaboom|Rillaboom, M, shiny|100\/100\n|-fieldstart|move: Grassy Terrain|[from] ability: Grassy Surge|[of] p1a: Rillaboom\n|detailschange|p1b: Camerupt|Camerupt-Mega, M, shiny\n|-mega|p1b: Camerupt|Camerupt|Cameruptite\n|move|p2a: Toxtricity|Boomburst|p1a: Rillaboom|[spread] p1a,p1b\n|-immune|p2b: Kommo-o|[from] ability: Soundproof\n|-damage|p1a: Rillaboom|6\/100\n|-damage|p1b: Camerupt|38\/100\n|move|p2b: Kommo-o|Substitute|p2b: Kommo-o\n|-start|p2b: Kommo-o|Substitute\n|-damage|p2b: Kommo-o|45\/100 brn\n|move|p1b: Camerupt|Eruption|p2b: Kommo-o|[spread] p2a,p2b\n|-resisted|p2b: Kommo-o\n|-activate|p2b: Kommo-o|move: Substitute|[damage]\n|-damage|p2a: Toxtricity|41\/100\n|\n|-weather|SunnyDay|[upkeep]\n|-heal|p2a: Toxtricity|47\/100|[from] Grassy Terrain\n|-heal|p2b: Kommo-o|52\/100 brn|[from] Grassy Terrain\n|-heal|p1a: Rillaboom|12\/100|[from] Grassy Terrain\n|-heal|p1b: Camerupt|44\/100|[from] Grassy Terrain\n|-damage|p2b: Kommo-o|45\/100 brn|[from] brn\n|upkeep\n|turn|4\n|inactive|FriedBeaver01 has 60 seconds left.\n|\n|t:|1699567408\n|switch|p2a: Skeledirge|Skeledirge, M|100\/100\n|move|p1b: Camerupt|Protect|p1b: Camerupt\n|-singleturn|p1b: Camerupt|Protect\n|move|p1a: Rillaboom|Grassy Glide|p2a: Skeledirge\n|-resisted|p2a: Skeledirge\n|-damage|p2a: Skeledirge|87\/100\n|move|p2b: Kommo-o|Drain Punch|p1b: Camerupt\n|-activate|p1b: Camerupt|move: Protect\n|\n|-weather|SunnyDay|[upkeep]\n|-heal|p2b: Kommo-o|52\/100 brn|[from] Grassy Terrain\n|-heal|p1a: Rillaboom|18\/100|[from] Grassy Terrain\n|-heal|p2a: Skeledirge|93\/100|[from] Grassy Terrain\n|-heal|p2a: Skeledirge|99\/100|[from] item: Leftovers\n|-heal|p1b: Camerupt|50\/100|[from] Grassy Terrain\n|-damage|p2b: Kommo-o|45\/100 brn|[from] brn\n|upkeep\n|turn|5\n|inactive|FriedBeaver01 has 60 seconds left.\n|\n|t:|1699567430\n|switch|p1b: Tropius|Tropius, M, shiny|100\/100\n|move|p2b: Kommo-o|Drain Punch|p1b: Tropius\n|-resisted|p1b: Tropius\n|-damage|p1b: Tropius|58\/100\n|-heal|p2b: Kommo-o|70\/100 brn|[from] drain|[of] p1b: Tropius\n|move|p1a: Rillaboom|Knock Off|p2a: Skeledirge\n|-supereffective|p2a: Skeledirge\n|-damage|p2a: Skeledirge|48\/100\n|-enditem|p2a: Skeledirge|Leftovers|[from] move: Knock Off|[of] p1a: Rillaboom\n|move|p2a: Skeledirge|Torch Song|p1a: Rillaboom\n|-supereffective|p1a: Rillaboom\n|-damage|p1a: Rillaboom|0 fnt\n|-boost|p2a: Skeledirge|spa|1\n|faint|p1a: Rillaboom\n|\n|-weather|none\n|-heal|p2b: Kommo-o|77\/100 brn|[from] Grassy Terrain\n|-heal|p2a: Skeledirge|55\/100|[from] Grassy Terrain\n|-damage|p2b: Kommo-o|70\/100 brn|[from] brn\n|upkeep\n|inactive|FriedBeaver01 has 60 seconds left.\n|\n|t:|1699567449\n|switch|p1a: Camerupt|Camerupt-Mega, M, shiny|50\/100\n|turn|6\n|inactive|FriedBeaver01 has 60 seconds left.\n|\n|t:|1699567479\n|move|p2b: Kommo-o|Drain Punch|p1a: Camerupt\n|-damage|p1a: Camerupt|0 fnt\n|-heal|p2b: Kommo-o|99\/100 brn|[from] drain|[of] p1a: Camerupt\n|faint|p1a: Camerupt\n|move|p1b: Tropius|Air Slash|p2a: Skeledirge\n|-damage|p2a: Skeledirge|23\/100\n|-damage|p1b: Tropius|48\/100|[from] item: Life Orb\n|move|p2a: Skeledirge|Slack Off|p2a: Skeledirge\n|-heal|p2a: Skeledirge|74\/100\n|\n|-heal|p2b: Kommo-o|100\/100 brn|[from] Grassy Terrain\n|-heal|p2a: Skeledirge|80\/100|[from] Grassy Terrain\n|-damage|p2b: Kommo-o|94\/100 brn|[from] brn\n|upkeep\n|\n|t:|1699567491\n|switch|p1a: Cradily|Cradily, M, shiny|100\/100\n|turn|7\n|\n|t:|1699567499\n|move|p2b: Kommo-o|Drain Punch|p1a: Cradily\n|-supereffective|p1a: Cradily\n|-damage|p1a: Cradily|0 fnt\n|-heal|p2b: Kommo-o|100\/100 brn|[from] drain|[of] p1a: Cradily\n|faint|p1a: Cradily\n|move|p1b: Tropius|Air Slash|p2b: Kommo-o\n|-supereffective|p2b: Kommo-o\n|-end|p2b: Kommo-o|Substitute\n|-damage|p1b: Tropius|38\/100|[from] item: Life Orb\n|move|p2a: Skeledirge|Torch Song|p1b: Tropius\n|-supereffective|p1b: Tropius\n|-damage|p1b: Tropius|0 fnt\n|-boost|p2a: Skeledirge|spa|1\n|faint|p1b: Tropius\n|\n|-heal|p2a: Skeledirge|86\/100|[from] Grassy Terrain\n|-damage|p2b: Kommo-o|94\/100 brn|[from] brn\n|-fieldend|move: Grassy Terrain\n|upkeep\n|-message|FriedBeaver01 forfeited.\n|\n|win|knightgem\n|raw|FriedBeaver01's rating: 1197 &rarr; <strong>1167<\/strong><br \/>(-30 for losing)\n|raw|knightgem's rating: 1128 &rarr; <strong>1158<\/strong><br \/>(+30 for winning)\n|l|\u2606FriedBeaver01\n","uploadtime":1699567521,"views":5,"p1id":"friedbeaver01","p2id":"knightgem","formatid":"gen9nationaldexdoubles","rating":1158,"private":0,"password":""}