{"id":"gen9nationaldexdoubles-1996645998","p1":"hellixx","p2":"Tritus ELITE 4","format":"[Gen 9] National Dex Doubles","log":"|j|\u2606hellixx\n|j|\u2606Tritus ELITE 4\n|t:|1700704662\n|gametype|doubles\n|player|p1|hellixx|alder|1063\n|player|p2|Tritus ELITE 4|wulfric|1199\n|teamsize|p1|6\n|teamsize|p2|6\n|gen|9\n|tier|[Gen 9] National Dex Doubles\n|rated|\n|rule|HP Percentage Mod: HP is shown in percentages\n|rule|Endless Battle Clause: Forcing endless battles is banned\n|rule|OHKO Clause: OHKO moves are banned\n|rule|Evasion Moves Clause: Evasion moves are banned\n|rule|Evasion Abilities Clause: Evasion abilities are banned\n|rule|Species Clause: Limit one of each Pok\u00e9mon\n|rule|Gravity Sleep Clause: The combination of sleep-inducing moves with imperfect accuracy and Gravity or Gigantamax Orbeetle are banned\n|clearpoke\n|poke|p1|Kommo-o, M|\n|poke|p1|Latios, M|\n|poke|p1|Garchomp, F|\n|poke|p1|Rillaboom, M|\n|poke|p1|Ninetales-Alola, F|\n|poke|p1|Flamigo, M|\n|poke|p2|Basculegion-F, F|\n|poke|p2|Swampert, M|\n|poke|p2|Pelipper, F|\n|poke|p2|Eelektross, F|\n|poke|p2|Ludicolo, M|\n|poke|p2|Empoleon, M|\n|teampreview\n|inactive|Battle timer is ON: inactive players will automatically lose when time's up. (requested by hellixx)\n|\n|t:|1700704679\n|start\n|switch|p1a: Kommo-o|Kommo-o, M|100\/100\n|switch|p1b: Latios|Latios, M|100\/100\n|switch|p2a: Pelipper|Pelipper, F|100\/100\n|switch|p2b: Ludicolo|Ludicolo, M, shiny|100\/100\n|-weather|RainDance|[from] ability: Drizzle|[of] p2a: Pelipper\n|turn|1\n|\n|t:|1700704706\n|move|p2b: Ludicolo|Swords Dance|p2b: Ludicolo\n|-boost|p2b: Ludicolo|atk|2\n|move|p1b: Latios|Simple Beam|p1a: Kommo-o\n|-endability|p1a: Kommo-o|Bulletproof|[from] move: Simple Beam\n|-ability|p1a: Kommo-o|Simple|[from] move: Simple Beam\n|-zpower|p1a: Kommo-o\n|move|p1a: Kommo-o|Clangorous Soulblaze|p2a: Pelipper|[zeffect]|[spread] p2a,p2b\n|-damage|p2a: Pelipper|43\/100\n|-damage|p2b: Ludicolo|50\/100\n|-boost|p1a: Kommo-o|atk|2\n|-boost|p1a: Kommo-o|def|2\n|-boost|p1a: Kommo-o|spa|2\n|-boost|p1a: Kommo-o|spd|2\n|-boost|p1a: Kommo-o|spe|2\n|move|p2a: Pelipper|Tailwind|p2a: Pelipper\n|-sidestart|p2: Tritus ELITE 4|move: Tailwind\n|\n|-weather|RainDance|[upkeep]\n|-heal|p2a: Pelipper|49\/100|[from] item: Leftovers\n|upkeep\n|turn|2\n|inactive|Tritus ELITE 4 has 120 seconds left.\n|\n|t:|1700704760\n|move|p2b: Ludicolo|Waterfall|p1b: Latios\n|-resisted|p1b: Latios\n|-damage|p1b: Latios|13\/100\n|-damage|p2b: Ludicolo|40\/100|[from] item: Life Orb\n|move|p1a: Kommo-o|X-Scissor|p2b: Ludicolo\n|-supereffective|p2b: Ludicolo\n|-damage|p2b: Ludicolo|0 fnt\n|faint|p2b: Ludicolo\n|cant|p1b: Latios|flinch\n|move|p2a: Pelipper|Hurricane|p1a: Kommo-o\n|-supereffective|p1a: Kommo-o\n|-damage|p1a: Kommo-o|51\/100\n|-start|p1a: Kommo-o|confusion\n|\n|-weather|RainDance|[upkeep]\n|-heal|p2a: Pelipper|55\/100|[from] item: Leftovers\n|upkeep\n|inactive|Tritus ELITE 4 has 90 seconds left.\n|\n|t:|1700704801\n|switch|p2b: Basculegion|Basculegion-F, F|100\/100\n|turn|3\n|\n|t:|1700704815\n|-terastallize|p2b: Basculegion|Ghost\n|move|p2b: Basculegion|Last Respects|p1a: Kommo-o\n|-damage|p1a: Kommo-o|18\/100\n|-damage|p2b: Basculegion|91\/100|[from] item: Life Orb\n|-activate|p1a: Kommo-o|confusion\n|-damage|p1a: Kommo-o|7\/100|[from] confusion\n|move|p1b: Latios|Psychic|p2b: Basculegion\n|-damage|p2b: Basculegion|29\/100\n|move|p2a: Pelipper|Hurricane|p1a: Kommo-o\n|-supereffective|p1a: Kommo-o\n|-damage|p1a: Kommo-o|0 fnt\n|faint|p1a: Kommo-o\n|\n|-weather|RainDance|[upkeep]\n|-heal|p2a: Pelipper|62\/100|[from] item: Leftovers\n|upkeep\n|\n|t:|1700704831\n|switch|p1a: Garchomp|Garchomp, F|100\/100\n|turn|4\n|\n|t:|1700704845\n|move|p2b: Basculegion|Last Respects|p1a: Garchomp\n|-damage|p1a: Garchomp|26\/100\n|-damage|p2b: Basculegion|19\/100|[from] item: Life Orb\n|move|p1b: Latios|Psychic|p2b: Basculegion\n|-damage|p2b: Basculegion|0 fnt\n|faint|p2b: Basculegion\n|move|p1a: Garchomp|Crunch|p2a: Pelipper\n|-damage|p2a: Pelipper|23\/100\n|move|p2a: Pelipper|U-turn|p1b: Latios\n|-supereffective|p1b: Latios\n|-damage|p1b: Latios|0 fnt\n|faint|p1b: Latios\n|inactive|Tritus ELITE 4 has 90 seconds left.\n|\n|t:|1700704860\n|switch|p2a: Eelektross|Eelektross, F|100\/100|[from] U-turn\n|\n|-weather|RainDance|[upkeep]\n|-sideend|p2: Tritus ELITE 4|move: Tailwind\n|upkeep\n|\n|t:|1700704873\n|switch|p1b: Flamigo|Flamigo, M|100\/100\n|switch|p2b: Swampert|Swampert, M|100\/100\n|-copyboost|p1b: Flamigo|p1a: Garchomp|[from] ability: Costar\n|turn|5\n|inactive|Tritus ELITE 4 has 120 seconds left.\n|\n|t:|1700704894\n|detailschange|p2b: Swampert|Swampert-Mega, M\n|-mega|p2b: Swampert|Swampert|Swampertite\n|move|p2b: Swampert|Waterfall|p1a: Garchomp\n|-damage|p1a: Garchomp|0 fnt\n|-damage|p2b: Swampert|88\/100|[from] ability: Rough Skin|[of] p1a: Garchomp\n|faint|p1a: Garchomp\n|move|p1b: Flamigo|Low Kick|p2b: Swampert\n|-damage|p2b: Swampert|45\/100\n|move|p2a: Eelektross|Thunder|p1b: Flamigo\n|-supereffective|p1b: Flamigo\n|-damage|p1b: Flamigo|0 fnt\n|faint|p1b: Flamigo\n|\n|-weather|none\n|upkeep\n|\n|t:|1700704900\n|switch|p1a: Rillaboom|Rillaboom, M|100\/100\n|switch|p1b: Ninetales|Ninetales-Alola, F|100\/100\n|-weather|Snow|[from] ability: Snow Warning|[of] p1b: Ninetales\n|-fieldstart|move: Grassy Terrain|[from] ability: Grassy Surge|[of] p1a: Rillaboom\n|turn|6\n|inactive|Tritus ELITE 4 has 120 seconds left.\n|\n|t:|1700704949\n|switch|p2b: Pelipper|Pelipper, F|23\/100\n|-weather|RainDance|[from] ability: Drizzle|[of] p2b: Pelipper\n|move|p1b: Ninetales|Aurora Veil||[still]\n|-fail|p1b: Ninetales\n|move|p1a: Rillaboom|Drum Beating|p2b: Pelipper\n|-damage|p2b: Pelipper|0 fnt\n|faint|p2b: Pelipper\n|move|p2a: Eelektross|Thunder|p1a: Rillaboom\n|-resisted|p1a: Rillaboom\n|-damage|p1a: Rillaboom|71\/100\n|\n|-weather|RainDance|[upkeep]\n|-heal|p1a: Rillaboom|77\/100|[from] Grassy Terrain\n|upkeep\n|\n|t:|1700704968\n|switch|p2b: Empoleon|Empoleon, M|100\/100\n|turn|7\n|\n|t:|1700704982\n|move|p1b: Ninetales|Blizzard|p2b: Empoleon|[spread] p2a\n|-miss|p1b: Ninetales|p2b: Empoleon\n|-damage|p2a: Eelektross|75\/100\n|move|p1a: Rillaboom|Drum Beating|p2a: Eelektross\n|-damage|p2a: Eelektross|6\/100\n|-unboost|p2a: Eelektross|spe|1\n|move|p2b: Empoleon|Ice Spinner|p1a: Rillaboom\n|-supereffective|p1a: Rillaboom\n|-damage|p1a: Rillaboom|26\/100\n|-fieldend|move: Grassy Terrain\n|move|p2a: Eelektross|Thunder|p1a: Rillaboom\n|-resisted|p1a: Rillaboom\n|-damage|p1a: Rillaboom|0 fnt\n|faint|p1a: Rillaboom\n|\n|-weather|RainDance|[upkeep]\n|upkeep\n|turn|8\n|inactive|Tritus ELITE 4 has 120 seconds left.\n|\n|t:|1700705008\n|move|p1b: Ninetales|Dazzling Gleam|p2a: Eelektross|[spread] p2a,p2b\n|-resisted|p2b: Empoleon\n|-damage|p2a: Eelektross|0 fnt\n|-damage|p2b: Empoleon|94\/100\n|faint|p2a: Eelektross\n|move|p2b: Empoleon|Flash Cannon|p1b: Ninetales\n|-supereffective|p1b: Ninetales\n|-damage|p1b: Ninetales|0 fnt\n|faint|p1b: Ninetales\n|\n|win|Tritus ELITE 4\n|raw|hellixx's rating: 1063 &rarr; <strong>1051<\/strong><br \/>(-12 for losing)\n|raw|Tritus ELITE 4's rating: 1199 &rarr; <strong>1215<\/strong><br \/>(+16 for winning)\n","uploadtime":1700705018,"views":0,"p1id":"hellixx","p2id":"trituselite4","formatid":"gen9nationaldexdoubles","rating":1051,"private":0,"password":""}