{"id":"gen9nationaldexdoubles-1949401808","p1":"Lakwondo","p2":"Anna Lisa Melculo","format":"[Gen 9] National Dex Doubles","log":"|j|\u2606Lakwondo\n|j|\u2606Anna Lisa Melculo\n|t:|1695356020\n|gametype|doubles\n|player|p1|Lakwondo|blackbelt-gen4|1098\n|player|p2|Anna Lisa Melculo|1|1170\n|teamsize|p1|6\n|teamsize|p2|6\n|gen|9\n|tier|[Gen 9] National Dex Doubles\n|rated|\n|rule|HP Percentage Mod: HP is shown in percentages\n|rule|Endless Battle Clause: Forcing endless battles is banned\n|rule|OHKO Clause: OHKO moves are banned\n|rule|Evasion Moves Clause: Evasion moves are banned\n|rule|Evasion Abilities Clause: Evasion abilities are banned\n|rule|Species Clause: Limit one of each Pok\u00e9mon\n|rule|Gravity Sleep Clause: The combination of sleep-inducing moves with imperfect accuracy and Gravity or Gigantamax Orbeetle are banned\n|clearpoke\n|poke|p1|Conkeldurr, M|\n|poke|p1|Buzzwole|\n|poke|p1|Lucario, M|\n|poke|p1|Gallade, M|\n|poke|p1|Urshifu-*, M|\n|poke|p1|Bewear, F|\n|poke|p2|Torkoal, M|\n|poke|p2|Flutter Mane|\n|poke|p2|Walking Wake|\n|poke|p2|Slither Wing|\n|poke|p2|Chien-Pao|\n|poke|p2|Kingambit, M|\n|teampreview\n|\n|t:|1695356034\n|start\n|switch|p1a: Flash2|Lucario, M|100\/100\n|switch|p1b: Son Tyson|Conkeldurr, M, shiny|100\/100\n|switch|p2a: Pana Zulia|Torkoal, M|100\/100\n|switch|p2b: Agua Potable|Walking Wake|100\/100\n|-weather|SunnyDay|[from] ability: Drought|[of] p2a: Pana Zulia\n|-activate|p2b: Agua Potable|ability: Protosynthesis\n|-start|p2b: Agua Potable|protosynthesisspe\n|turn|1\n|\n|t:|1695356049\n|move|p2b: Agua Potable|Hydro Steam|p1a: Flash2\n|-damage|p1a: Flash2|7\/100\n|move|p1a: Flash2|Iron Tail|p2b: Agua Potable\n|-resisted|p2b: Agua Potable\n|-damage|p2b: Agua Potable|72\/100\n|move|p1b: Son Tyson|Ice Punch|p2b: Agua Potable\n|-damage|p2b: Agua Potable|22\/100\n|move|p2a: Pana Zulia|Eruption|p1a: Flash2|[spread] p1a,p1b\n|-supereffective|p1a: Flash2\n|-damage|p1a: Flash2|0 fnt\n|-damage|p1b: Son Tyson|45\/100\n|faint|p1a: Flash2\n|\n|-weather|SunnyDay|[upkeep]\n|upkeep\n|\n|t:|1695356063\n|switch|p1a: Retsu Kioh|Urshifu-Rapid-Strike, M|100\/100\n|turn|2\n|\n|t:|1695356085\n|move|p1b: Son Tyson|Mach Punch|p2b: Agua Potable\n|-damage|p2b: Agua Potable|0 fnt\n|faint|p2b: Agua Potable\n|-end|p2b: Agua Potable|Protosynthesis|[silent]\n|-damage|p1b: Son Tyson|35\/100|[from] item: Life Orb\n|move|p1a: Retsu Kioh|Surging Strikes|p2a: Pana Zulia\n|-supereffective|p2a: Pana Zulia\n|-crit|p2a: Pana Zulia\n|-damage|p2a: Pana Zulia|87\/100\n|-supereffective|p2a: Pana Zulia\n|-crit|p2a: Pana Zulia\n|-damage|p2a: Pana Zulia|72\/100\n|-supereffective|p2a: Pana Zulia\n|-crit|p2a: Pana Zulia\n|-damage|p2a: Pana Zulia|57\/100\n|-hitcount|p2a: Pana Zulia|3\n|move|p2a: Pana Zulia|Yawn|p1a: Retsu Kioh\n|-start|p1a: Retsu Kioh|move: Yawn|[of] p2a: Pana Zulia\n|\n|-weather|SunnyDay|[upkeep]\n|upkeep\n|\n|t:|1695356109\n|switch|p2b: \u00d1olca\u00f1o\u00f1a|Slither Wing|100\/100\n|-activate|p2b: \u00d1olca\u00f1o\u00f1a|ability: Protosynthesis\n|-start|p2b: \u00d1olca\u00f1o\u00f1a|protosynthesisatk\n|turn|3\n|\n|t:|1695356121\n|move|p1a: Retsu Kioh|Surging Strikes|p2a: Pana Zulia\n|-supereffective|p2a: Pana Zulia\n|-crit|p2a: Pana Zulia\n|-damage|p2a: Pana Zulia|44\/100\n|-supereffective|p2a: Pana Zulia\n|-crit|p2a: Pana Zulia\n|-damage|p2a: Pana Zulia|30\/100\n|-supereffective|p2a: Pana Zulia\n|-crit|p2a: Pana Zulia\n|-damage|p2a: Pana Zulia|15\/100\n|-hitcount|p2a: Pana Zulia|3\n|move|p2b: \u00d1olca\u00f1o\u00f1a|Close Combat|p1a: Retsu Kioh\n|-damage|p1a: Retsu Kioh|0 fnt\n|-unboost|p2b: \u00d1olca\u00f1o\u00f1a|def|1\n|-unboost|p2b: \u00d1olca\u00f1o\u00f1a|spd|1\n|faint|p1a: Retsu Kioh\n|move|p1b: Son Tyson|Poison Jab|p2b: \u00d1olca\u00f1o\u00f1a\n|-damage|p2b: \u00d1olca\u00f1o\u00f1a|0 fnt\n|faint|p2b: \u00d1olca\u00f1o\u00f1a\n|-end|p2b: \u00d1olca\u00f1o\u00f1a|Protosynthesis|[silent]\n|move|p2a: Pana Zulia|Lava Plume|p1b: Son Tyson\n|-damage|p1b: Son Tyson|0 fnt\n|faint|p1b: Son Tyson\n|\n|-weather|SunnyDay|[upkeep]\n|upkeep\n|\n|t:|1695356144\n|switch|p1a: Blademon|Gallade, M, shiny|100\/100\n|switch|p2b: PeloeQk|Flutter Mane|100\/100\n|switch|p1b: Lil Dude|Bewear, F, shiny|100\/100\n|-activate|p2b: PeloeQk|ability: Protosynthesis\n|-start|p2b: PeloeQk|protosynthesisspe\n|turn|4\n|\n|t:|1695356156\n|detailschange|p1a: Blademon|Gallade-Mega, M, shiny\n|-mega|p1a: Blademon|Gallade|Galladite\n|move|p1a: Blademon|Shadow Sneak|p2b: PeloeQk\n|-supereffective|p2b: PeloeQk\n|-damage|p2b: PeloeQk|36\/100\n|move|p2b: PeloeQk|Dazzling Gleam|p1a: Blademon|[spread] p1a,p1b\n|-supereffective|p1a: Blademon\n|-supereffective|p1b: Lil Dude\n|-crit|p1b: Lil Dude\n|-damage|p1a: Blademon|24\/100\n|-damage|p1b: Lil Dude|0 fnt\n|faint|p1b: Lil Dude\n|-damage|p2b: PeloeQk|26\/100|[from] item: Life Orb\n|move|p2a: Pana Zulia|Lava Plume|p1a: Blademon|[spread] p2b,p1a\n|-damage|p2b: PeloeQk|2\/100\n|-damage|p1a: Blademon|0 fnt\n|faint|p1a: Blademon\n|\n|-weather|SunnyDay|[upkeep]\n|upkeep\n|\n|t:|1695356166\n|switch|p1b: Bug Mula|Buzzwole|100\/100\n|turn|5\n|\n|t:|1695356187\n|move|p2b: PeloeQk|Mystical Fire|p1b: Bug Mula\n|-supereffective|p1b: Bug Mula\n|-damage|p1b: Bug Mula|0 fnt\n|faint|p1b: Bug Mula\n|-damage|p2b: PeloeQk|0 fnt|[from] item: Life Orb\n|faint|p2b: PeloeQk\n|-end|p2b: PeloeQk|Protosynthesis|[silent]\n|\n|win|Anna Lisa Melculo\n|raw|Lakwondo's rating: 1098 &rarr; <strong>1078<\/strong><br \/>(-20 for losing)\n|raw|Anna Lisa Melculo's rating: 1170 &rarr; <strong>1190<\/strong><br \/>(+20 for winning)\n|l|\u2606Lakwondo\n","uploadtime":1695356198,"views":10,"p1id":"lakwondo","p2id":"annalisamelculo","formatid":"gen9nationaldexdoubles","rating":1078,"private":0,"password":""}