{"id":"gen9nationaldexdoubles-1999702670","p1":"Uchaku","p2":"boi in the back","format":"[Gen 9] National Dex Doubles","log":"|j|\u2606Uchaku\n|j|\u2606boi in the back\n|t:|1701109201\n|gametype|doubles\n|player|p1|Uchaku|colress|1146\n|player|p2|boi in the back|ryuki|1047\n|teamsize|p1|6\n|teamsize|p2|6\n|gen|9\n|tier|[Gen 9] National Dex Doubles\n|rated|\n|rule|HP Percentage Mod: HP is shown in percentages\n|rule|Endless Battle Clause: Forcing endless battles is banned\n|rule|OHKO Clause: OHKO moves are banned\n|rule|Evasion Moves Clause: Evasion moves are banned\n|rule|Evasion Abilities Clause: Evasion abilities are banned\n|rule|Species Clause: Limit one of each Pok\u00e9mon\n|rule|Gravity Sleep Clause: The combination of sleep-inducing moves with imperfect accuracy and Gravity or Gigantamax Orbeetle are banned\n|clearpoke\n|poke|p1|Dedenne, M|\n|poke|p1|Sceptile, M|\n|poke|p1|Kricketune, M|\n|poke|p1|Blastoise, M|\n|poke|p1|Bombirdier, M|\n|poke|p1|Nidoking, M|\n|poke|p2|Glimmora, F|\n|poke|p2|Kangaskhan, F|\n|poke|p2|Kleavor, F|\n|poke|p2|Ting-Lu|\n|poke|p2|Chansey, F|\n|poke|p2|Rillaboom, F|\n|teampreview\n|inactive|Battle timer is ON: inactive players will automatically lose when time's up. (requested by boi in the back)\n|inactive|Uchaku has 120 seconds left.\n|\n|t:|1701109237\n|start\n|switch|p1a: Kricketune|Kricketune, M, shiny|100\/100\n|switch|p1b: Blastoise|Blastoise, M, shiny|100\/100\n|switch|p2a: Rillaboom|Rillaboom, F|100\/100\n|switch|p2b: Ting-Lu|Ting-Lu|100\/100\n|-fieldstart|move: Grassy Terrain|[from] ability: Grassy Surge|[of] p2a: Rillaboom\n|-ability|p2b: Ting-Lu|Vessel of Ruin\n|turn|1\n|\n|t:|1701109256\n|move|p2a: Rillaboom|Fake Out|p1a: Kricketune\n|-damage|p1a: Kricketune|77\/100\n|move|p1b: Blastoise|Follow Me|p1b: Blastoise\n|-singleturn|p1b: Blastoise|move: Follow Me\n|cant|p1a: Kricketune|flinch\n|move|p2b: Ting-Lu|Heavy Slam|p1b: Blastoise\n|-resisted|p1b: Blastoise\n|-damage|p1b: Blastoise|81\/100\n|\n|-heal|p1b: Blastoise|88\/100|[from] Grassy Terrain\n|-heal|p1b: Blastoise|94\/100|[from] item: Leftovers\n|-heal|p1a: Kricketune|83\/100|[from] Grassy Terrain\n|upkeep\n|turn|2\n|\n|t:|1701109275\n|move|p1b: Blastoise|Follow Me|p1b: Blastoise\n|-singleturn|p1b: Blastoise|move: Follow Me\n|move|p2a: Rillaboom|Grassy Glide|p1b: Blastoise\n|-supereffective|p1b: Blastoise\n|-damage|p1b: Blastoise|21\/100\n|move|p1a: Kricketune|Leech Life|p2b: Ting-Lu\n|-supereffective|p2b: Ting-Lu\n|-damage|p2b: Ting-Lu|55\/100\n|-heal|p1a: Kricketune|100\/100|[from] drain|[of] p2b: Ting-Lu\n|move|p2b: Ting-Lu|Rock Slide|p1a: Kricketune|[spread] p1a,p1b\n|-supereffective|p1a: Kricketune\n|-damage|p1a: Kricketune|43\/100\n|-damage|p1b: Blastoise|1\/100\n|\n|-heal|p1b: Blastoise|7\/100|[from] Grassy Terrain\n|-heal|p1b: Blastoise|13\/100|[from] item: Leftovers\n|-heal|p1a: Kricketune|50\/100|[from] Grassy Terrain\n|-heal|p2b: Ting-Lu|61\/100|[from] Grassy Terrain\n|upkeep\n|turn|3\n|\n|t:|1701109304\n|move|p2a: Rillaboom|U-turn|p1b: Blastoise\n|-damage|p1b: Blastoise|0 fnt\n|faint|p1b: Blastoise\n|inactive|boi in the back has 120 seconds left.\n|\n|t:|1701109347\n|switch|p2a: 72|Glimmora, F|100\/100|[from] U-turn\n|move|p1a: Kricketune|Leech Life|p2a: 72\n|-resisted|p2a: 72\n|-crit|p2a: 72\n|-damage|p2a: 72|59\/100\n|-heal|p1a: Kricketune|67\/100|[from] drain|[of] p2a: 72\n|-activate|p2a: 72|ability: Toxic Debris\n|-sidestart|p1: Uchaku|move: Toxic Spikes\n|move|p2b: Ting-Lu|Rock Slide|p1a: Kricketune\n|-supereffective|p1a: Kricketune\n|-damage|p1a: Kricketune|0 fnt\n|faint|p1a: Kricketune\n|\n|-heal|p2a: 72|66\/100|[from] Grassy Terrain\n|-heal|p2b: Ting-Lu|67\/100|[from] Grassy Terrain\n|upkeep\n|inactive|Uchaku has 120 seconds left.\n|\n|t:|1701109387\n|switch|p1b: Nidoking|Nidoking, M, shiny|100\/100\n|switch|p1a: Bombirdier|Bombirdier, M, shiny|100\/100\n|-sideend|p1: Uchaku|move: Toxic Spikes|[of] p1b: Nidoking\n|turn|4\n|inactive|Uchaku has 120 seconds left.\n|\n|t:|1701109419\n|move|p2a: 72|Earth Power|p1b: Nidoking\n|-supereffective|p1b: Nidoking\n|-damage|p1b: Nidoking|35\/100\n|move|p1b: Nidoking|Drill Run|p2a: 72\n|-supereffective|p2a: 72\n|-damage|p2a: 72|0 fnt\n|-activate|p2a: 72|ability: Toxic Debris\n|-sidestart|p1: Uchaku|move: Toxic Spikes\n|faint|p2a: 72\n|-damage|p1b: Nidoking|25\/100|[from] item: Life Orb\n|move|p1a: Bombirdier|Rock Slide|p2b: Ting-Lu\n|-resisted|p2b: Ting-Lu\n|-damage|p2b: Ting-Lu|53\/100\n|move|p2b: Ting-Lu|Rock Slide|p1b: Nidoking|[spread] p1a,p1b\n|-supereffective|p1a: Bombirdier\n|-resisted|p1b: Nidoking\n|-damage|p1a: Bombirdier|51\/100\n|-damage|p1b: Nidoking|12\/100\n|\n|-heal|p1b: Nidoking|18\/100|[from] Grassy Terrain\n|-heal|p2b: Ting-Lu|59\/100|[from] Grassy Terrain\n|upkeep\n|inactive|boi in the back has 120 seconds left.\n|\n|t:|1701109438\n|switch|p2a: Kangaskhan|Kangaskhan, F|100\/100\n|turn|5\n|inactive|Uchaku has 120 seconds left.\n|\n|t:|1701109464\n|detailschange|p2a: Kangaskhan|Kangaskhan-Mega, F\n|-mega|p2a: Kangaskhan|Kangaskhan|Kangaskhanite\n|move|p2a: Kangaskhan|Power-Up Punch|p1b: Nidoking\n|-resisted|p1b: Nidoking\n|-damage|p1b: Nidoking|8\/100\n|-boost|p2a: Kangaskhan|atk|1\n|-resisted|p1b: Nidoking\n|-damage|p1b: Nidoking|4\/100\n|-boost|p2a: Kangaskhan|atk|1\n|-hitcount|p1b: Nidoking|2\n|move|p1b: Nidoking|Earthquake|p2a: Kangaskhan|[spread] p2a,p2b\n|-immune|p1a: Bombirdier\n|-damage|p2a: Kangaskhan|78\/100\n|-damage|p2b: Ting-Lu|47\/100\n|-damage|p1b: Nidoking|0 fnt|[from] item: Life Orb\n|faint|p1b: Nidoking\n|move|p1a: Bombirdier|Rock Slide|p2b: Ting-Lu|[spread] p2b\n|-miss|p1a: Bombirdier|p2a: Kangaskhan\n|-resisted|p2b: Ting-Lu\n|-damage|p2b: Ting-Lu|37\/100\n|move|p2b: Ting-Lu|Rock Slide|p1a: Bombirdier\n|-supereffective|p1a: Bombirdier\n|-damage|p1a: Bombirdier|0 fnt\n|faint|p1a: Bombirdier\n|\n|-heal|p2a: Kangaskhan|84\/100|[from] Grassy Terrain\n|-heal|p2b: Ting-Lu|43\/100|[from] Grassy Terrain\n|-fieldend|move: Grassy Terrain\n|upkeep\n|inactive|Uchaku has 90 seconds left.\n|\n|t:|1701109489\n|switch|p1b: Sceptile|Sceptile, M, shiny|100\/100\n|switch|p1a: Dedenne|Dedenne, M, shiny|100\/100\n|-status|p1b: Sceptile|psn\n|-status|p1a: Dedenne|psn\n|turn|6\n|inactive|Uchaku has 90 seconds left.\n|\n|t:|1701109513\n|detailschange|p1b: Sceptile|Sceptile-Mega, M, shiny\n|-mega|p1b: Sceptile|Sceptile|Sceptilite\n|move|p1b: Sceptile|Energy Ball|p2b: Ting-Lu\n|-supereffective|p2b: Ting-Lu\n|-damage|p2b: Ting-Lu|6\/100\n|move|p1a: Dedenne|Discharge|p2a: Kangaskhan|[spread] p2a\n|-ability|p1b: Sceptile|Lightning Rod|boost\n|-boost|p1b: Sceptile|spa|1\n|-immune|p2b: Ting-Lu\n|-damage|p2a: Kangaskhan|67\/100\n|move|p2a: Kangaskhan|Drain Punch|p1b: Sceptile\n|-damage|p1b: Sceptile|29\/100 psn\n|-heal|p2a: Kangaskhan|96\/100|[from] drain|[of] p1b: Sceptile\n|-damage|p1b: Sceptile|10\/100 psn\n|-heal|p2a: Kangaskhan|100\/100|[from] drain|[of] p1b: Sceptile\n|-hitcount|p1b: Sceptile|2\n|move|p2b: Ting-Lu|Heavy Slam|p1a: Dedenne\n|-damage|p1a: Dedenne|22\/100 psn\n|-enditem|p1a: Dedenne|Sitrus Berry|[eat]\n|-heal|p1a: Dedenne|47\/100 psn|[from] item: Sitrus Berry\n|-heal|p1a: Dedenne|80\/100 psn|[from] ability: Cheek Pouch\n|\n|-damage|p1b: Sceptile|0 fnt|[from] psn\n|faint|p1b: Sceptile\n|-damage|p1a: Dedenne|67\/100 psn|[from] psn\n|upkeep\n|turn|7\n|\n|t:|1701109537\n|move|p1a: Dedenne|Recycle|p1a: Dedenne\n|-item|p1a: Dedenne|Sitrus Berry|[from] move: Recycle\n|move|p2a: Kangaskhan|Return|p1a: Dedenne\n|-crit|p1a: Dedenne\n|-damage|p1a: Dedenne|0 fnt\n|faint|p1a: Dedenne\n|-hitcount|p1: Dedenne|1\n|\n|win|boi in the back\n|raw|Uchaku's rating: 1146 &rarr; <strong>1114<\/strong><br \/>(-32 for losing)\n|raw|boi in the back's rating: 1047 &rarr; <strong>1089<\/strong><br \/>(+42 for winning)\n|l|\u2606Uchaku\n","uploadtime":1701109545,"views":6,"p1id":"uchaku","p2id":"boiintheback","formatid":"gen9nationaldexdoubles","rating":1089,"private":0,"password":""}