{"id":"gen9nationaldexdoubles-1988096238","p1":"Muslceman2033","p2":"decidoustree","format":"[Gen 9] National Dex Doubles","log":"|j|\u2606Muslceman2033\n|j|\u2606decidoustree\n|t:|1699669037\n|gametype|doubles\n|player|p1|Muslceman2033|benga|\n|player|p2|decidoustree|caitlin|\n|teamsize|p1|6\n|teamsize|p2|6\n|gen|9\n|tier|[Gen 9] National Dex Doubles\n|rule|HP Percentage Mod: HP is shown in percentages\n|rule|Endless Battle Clause: Forcing endless battles is banned\n|rule|OHKO Clause: OHKO moves are banned\n|rule|Evasion Moves Clause: Evasion moves are banned\n|rule|Evasion Abilities Clause: Evasion abilities are banned\n|rule|Species Clause: Limit one of each Pok\u00e9mon\n|rule|Gravity Sleep Clause: The combination of sleep-inducing moves with imperfect accuracy and Gravity or Gigantamax Orbeetle are banned\n|clearpoke\n|poke|p1|Rillaboom, F|\n|poke|p1|Ursaluna-Bloodmoon, M|\n|poke|p1|Meowscarada, M|\n|poke|p1|Kleavor, M|\n|poke|p1|Roaring Moon|\n|poke|p1|Basculegion, M|\n|poke|p2|Jirachi|\n|poke|p2|Mismagius, F|\n|poke|p2|Audino, F|\n|poke|p2|Delphox, F|\n|poke|p2|Mienshao, M|\n|poke|p2|Altaria, F|\n|teampreview\n|\n|t:|1699669055\n|start\n|switch|p1a: Meowscarada|Meowscarada, M|100\/100\n|switch|p1b: Kleavor|Kleavor, M|100\/100\n|switch|p2a: Get mad !!!|Mienshao, M|100\/100\n|switch|p2b: Machiavellian Bach|Jirachi|100\/100\n|turn|1\n|\n|t:|1699669079\n|move|p2a: Get mad !!!|Fake Out|p1a: Meowscarada\n|-damage|p1a: Meowscarada|73\/100\n|-damage|p2a: Get mad !!!|91\/100|[from] item: Life Orb\n|cant|p1a: Meowscarada|flinch\n|move|p1b: Kleavor|Lunge|p2b: Machiavellian Bach\n|-damage|p2b: Machiavellian Bach|53\/100\n|move|p2b: Machiavellian Bach|Cosmic Power|p2b: Machiavellian Bach\n|-boost|p2b: Machiavellian Bach|def|1\n|-boost|p2b: Machiavellian Bach|spd|1\n|\n|-heal|p2b: Machiavellian Bach|59\/100|[from] item: Leftovers\n|upkeep\n|turn|2\n|\n|t:|1699669115\n|move|p1b: Kleavor|Detect|p1b: Kleavor\n|-singleturn|p1b: Kleavor|Protect\n|move|p1a: Meowscarada|Play Rough|p2a: Get mad !!!|[miss]\n|-start|p1a: Meowscarada|typechange|Fairy|[from] ability: Protean\n|-miss|p1a: Meowscarada|p2a: Get mad !!!\n|move|p2a: Get mad !!!|High Jump Kick|p1a: Meowscarada\n|-resisted|p1a: Meowscarada\n|-damage|p1a: Meowscarada|0 fnt\n|faint|p1a: Meowscarada\n|-damage|p2a: Get mad !!!|81\/100|[from] item: Life Orb\n|move|p2b: Machiavellian Bach|Baton Pass|p2b: Machiavellian Bach\n|\n|t:|1699669136\n|switch|p2b: Fluffy|Altaria, F|100\/100|[from] Baton Pass\n|\n|upkeep\n|\n|t:|1699669149\n|switch|p1a: Roaring Moon|Roaring Moon|100\/100\n|-enditem|p1a: Roaring Moon|Booster Energy\n|-activate|p1a: Roaring Moon|ability: Protosynthesis|[fromitem]\n|-start|p1a: Roaring Moon|protosynthesisatk\n|turn|3\n|\n|t:|1699669180\n|detailschange|p2b: Fluffy|Altaria-Mega, F\n|-mega|p2b: Fluffy|Altaria|Altarianite\n|-terastallize|p1a: Roaring Moon|Flying\n|move|p2a: Get mad !!!|High Jump Kick|p1b: Kleavor\n|-enditem|p1b: Kleavor|Focus Sash\n|-damage|p1b: Kleavor|1\/100\n|-damage|p2a: Get mad !!!|71\/100|[from] item: Life Orb\n|move|p1a: Roaring Moon|Dragon Dance|p1a: Roaring Moon\n|-boost|p1a: Roaring Moon|atk|1\n|-boost|p1a: Roaring Moon|spe|1\n|move|p1b: Kleavor|Stone Edge|p2b: Fluffy\n|-damage|p2b: Fluffy|73\/100\n|move|p2b: Fluffy|Hyper Voice|p1b: Kleavor|[spread] p1a,p1b\n|-damage|p1a: Roaring Moon|70\/100\n|-damage|p1b: Kleavor|0 fnt\n|faint|p1b: Kleavor\n|\n|upkeep\n|\n|t:|1699669199\n|switch|p1b: Basculegion|Basculegion, M, shiny|100\/100\n|turn|4\n|\n|t:|1699669217\n|switch|p2a: Yes !|Audino, F|100\/100\n|move|p1a: Roaring Moon|Dragon Dance|p1a: Roaring Moon\n|-boost|p1a: Roaring Moon|atk|1\n|-boost|p1a: Roaring Moon|spe|1\n|move|p1b: Basculegion|Ice Fang|p2b: Fluffy\n|-supereffective|p2b: Fluffy\n|-damage|p2b: Fluffy|46\/100\n|-damage|p1b: Basculegion|91\/100|[from] item: Life Orb\n|move|p2b: Fluffy|Ice Beam|p1a: Roaring Moon\n|-supereffective|p1a: Roaring Moon\n|-damage|p1a: Roaring Moon|26\/100\n|\n|upkeep\n|turn|5\n|\n|t:|1699669250\n|move|p1a: Roaring Moon|Roost|p1a: Roaring Moon\n|-heal|p1a: Roaring Moon|77\/100\n|-hint|If a Flying Terastallized Pokemon uses Roost, it remains Flying-type.\n|move|p1b: Basculegion|Ice Fang|p2b: Fluffy\n|-supereffective|p2b: Fluffy\n|-damage|p2b: Fluffy|20\/100\n|-damage|p1b: Basculegion|81\/100|[from] item: Life Orb\n|move|p2b: Fluffy|Ice Beam|p1a: Roaring Moon\n|-supereffective|p1a: Roaring Moon\n|-damage|p1a: Roaring Moon|33\/100\n|move|p2a: Yes !|Yawn|p1b: Basculegion\n|-start|p1b: Basculegion|move: Yawn|[of] p2a: Yes !\n|\n|upkeep\n|turn|6\n|\n|t:|1699669276\n|move|p2a: Yes !|Helping Hand|p2b: Fluffy\n|-singleturn|p2b: Fluffy|Helping Hand|[of] p2a: Yes !\n|move|p1a: Roaring Moon|Roost|p1a: Roaring Moon\n|-heal|p1a: Roaring Moon|83\/100\n|-hint|If a Flying Terastallized Pokemon uses Roost, it remains Flying-type.\n|move|p1b: Basculegion|Ice Fang|p2b: Fluffy\n|-supereffective|p2b: Fluffy\n|-damage|p2b: Fluffy|0 fnt\n|faint|p2b: Fluffy\n|-damage|p1b: Basculegion|71\/100|[from] item: Life Orb\n|\n|-end|p1b: Basculegion|move: Yawn|[silent]\n|-status|p1b: Basculegion|slp\n|upkeep\n|\n|t:|1699669291\n|switch|p2b: Machiavellian Bach|Jirachi|59\/100\n|turn|7\n|\n|t:|1699669308\n|-terastallize|p2b: Machiavellian Bach|Fairy\n|cant|p1b: Basculegion|slp\n|move|p1a: Roaring Moon|Outrage|p2b: Machiavellian Bach\n|-immune|p2b: Machiavellian Bach\n|move|p2b: Machiavellian Bach|Cosmic Power|p2b: Machiavellian Bach\n|-boost|p2b: Machiavellian Bach|def|1\n|-boost|p2b: Machiavellian Bach|spd|1\n|move|p2a: Yes !|Yawn|p1a: Roaring Moon\n|-start|p1a: Roaring Moon|move: Yawn|[of] p2a: Yes !\n|\n|-heal|p2b: Machiavellian Bach|65\/100|[from] item: Leftovers\n|upkeep\n|turn|8\n|\n|t:|1699669339\n|cant|p1b: Basculegion|slp\n|move|p1a: Roaring Moon|Dragon Claw|p2a: Yes !\n|-damage|p2a: Yes !|0 fnt\n|-damage|p1a: Roaring Moon|66\/100|[from] item: Rocky Helmet|[of] p2a: Yes !\n|faint|p2a: Yes !\n|move|p2b: Machiavellian Bach|Charge Beam|p1a: Roaring Moon\n|-supereffective|p1a: Roaring Moon\n|-damage|p1a: Roaring Moon|42\/100\n|-boost|p2b: Machiavellian Bach|spa|1\n|\n|-heal|p2b: Machiavellian Bach|71\/100|[from] item: Leftovers\n|-end|p1a: Roaring Moon|move: Yawn|[silent]\n|-status|p1a: Roaring Moon|slp\n|upkeep\n|\n|t:|1699669360\n|switch|p2a: Get mad !!!|Mienshao, M|71\/100\n|turn|9\n|\n|t:|1699669383\n|-end|p1a: Roaring Moon|Protosynthesis|[silent]\n|switch|p1a: Rillaboom|Rillaboom, F|100\/100\n|-fieldstart|move: Grassy Terrain|[from] ability: Grassy Surge|[of] p1a: Rillaboom\n|-enditem|p1a: Rillaboom|Grassy Seed\n|-boost|p1a: Rillaboom|def|1|[from] item: Grassy Seed\n|-curestatus|p1b: Basculegion|slp|[msg]\n|move|p1b: Basculegion|Aqua Jet|p2b: Machiavellian Bach\n|-damage|p2b: Machiavellian Bach|54\/100\n|-damage|p1b: Basculegion|61\/100|[from] item: Life Orb\n|move|p2a: Get mad !!!|Knock Off|p1b: Basculegion\n|-supereffective|p1b: Basculegion\n|-damage|p1b: Basculegion|0 fnt\n|-enditem|p1b: Basculegion|Life Orb|[from] move: Knock Off|[of] p2a: Get mad !!!\n|faint|p1b: Basculegion\n|-damage|p2a: Get mad !!!|61\/100|[from] item: Life Orb\n|move|p2b: Machiavellian Bach|Charge Beam|p1a: Rillaboom\n|-resisted|p1a: Rillaboom\n|-damage|p1a: Rillaboom|89\/100\n|-boost|p2b: Machiavellian Bach|spa|1\n|\n|-heal|p2a: Get mad !!!|67\/100|[from] Grassy Terrain\n|-heal|p1a: Rillaboom|95\/100|[from] Grassy Terrain\n|-heal|p2b: Machiavellian Bach|60\/100|[from] Grassy Terrain\n|-heal|p2b: Machiavellian Bach|66\/100|[from] item: Leftovers\n|upkeep\n|\n|t:|1699669407\n|switch|p1b: Ursaluna|Ursaluna-Bloodmoon, M|100\/100\n|turn|10\n|\n|t:|1699669416\n|move|p1a: Rillaboom|Grassy Glide|p2a: Get mad !!!\n|-damage|p2a: Get mad !!!|0 fnt\n|faint|p2a: Get mad !!!\n|move|p2b: Machiavellian Bach|Baton Pass|p2b: Machiavellian Bach\n|\n|t:|1699669434\n|switch|p2b: 999|Mismagius, F|100\/100|[from] Baton Pass\n|move|p1b: Ursaluna|Blood Moon|p2b: 999\n|-damage|p2b: 999|34\/100\n|\n|-heal|p1a: Rillaboom|100\/100|[from] Grassy Terrain\n|upkeep\n|\n|t:|1699669446\n|switch|p2a: Machiavellian Bach|Jirachi, tera:Fairy|66\/100\n|turn|11\n|\n|t:|1699669468\n|move|p1a: Rillaboom|Grassy Glide|p2b: 999\n|-damage|p2b: 999|0 fnt\n|faint|p2b: 999\n|move|p2a: Machiavellian Bach|Cosmic Power|p2a: Machiavellian Bach\n|-boost|p2a: Machiavellian Bach|def|1\n|-boost|p2a: Machiavellian Bach|spd|1\n|move|p1b: Ursaluna|Hyper Beam|p2a: Machiavellian Bach\n|-damage|p2a: Machiavellian Bach|20\/100\n|-mustrecharge|p1b: Ursaluna\n|\n|-heal|p2a: Machiavellian Bach|26\/100|[from] Grassy Terrain\n|-heal|p2a: Machiavellian Bach|32\/100|[from] item: Leftovers\n|upkeep\n|\n|t:|1699669482\n|switch|p2b: Lemonade|Delphox, F|100\/100\n|turn|12\n|\n|t:|1699669511\n|move|p1a: Rillaboom|Grassy Glide|p2a: Machiavellian Bach\n|-damage|p2a: Machiavellian Bach|11\/100\n|move|p2b: Lemonade|Heat Wave|p1b: Ursaluna|[spread] p1a,p1b\n|-supereffective|p1a: Rillaboom\n|-damage|p1a: Rillaboom|0 fnt\n|-damage|p1b: Ursaluna|70\/100\n|-status|p1b: Ursaluna|brn\n|faint|p1a: Rillaboom\n|-damage|p2b: Lemonade|91\/100|[from] item: Life Orb\n|move|p2a: Machiavellian Bach|Cosmic Power|p2a: Machiavellian Bach\n|-boost|p2a: Machiavellian Bach|def|1\n|-boost|p2a: Machiavellian Bach|spd|1\n|cant|p1b: Ursaluna|recharge\n|\n|-heal|p2b: Lemonade|97\/100|[from] Grassy Terrain\n|-heal|p2a: Machiavellian Bach|17\/100|[from] Grassy Terrain\n|-heal|p2a: Machiavellian Bach|24\/100|[from] item: Leftovers\n|-heal|p1b: Ursaluna|76\/100 brn|[from] Grassy Terrain\n|-damage|p1b: Ursaluna|70\/100 brn|[from] brn\n|upkeep\n|\n|t:|1699669530\n|switch|p1a: Roaring Moon|Roaring Moon, tera:Flying|42\/100 slp\n|turn|13\n|\n|t:|1699669555\n|move|p2b: Lemonade|Heat Wave|p1b: Ursaluna|[spread] p1a,p1b\n|-damage|p1a: Roaring Moon|0 fnt\n|-damage|p1b: Ursaluna|38\/100 brn\n|faint|p1a: Roaring Moon\n|-end|p1a: Roaring Moon|Protosynthesis|[silent]\n|-damage|p2b: Lemonade|87\/100|[from] item: Life Orb\n|move|p2a: Machiavellian Bach|Stored Power|p1b: Ursaluna\n|-damage|p1b: Ursaluna|13\/100 brn\n|move|p1b: Ursaluna|Blood Moon|p2a: Machiavellian Bach\n|-crit|p2a: Machiavellian Bach\n|-damage|p2a: Machiavellian Bach|0 fnt\n|faint|p2a: Machiavellian Bach\n|\n|-heal|p2b: Lemonade|93\/100|[from] Grassy Terrain\n|-heal|p1b: Ursaluna|19\/100 brn|[from] Grassy Terrain\n|-damage|p1b: Ursaluna|13\/100 brn|[from] brn\n|-fieldend|move: Grassy Terrain\n|upkeep\n|turn|14\n|\n|t:|1699669574\n|move|p2b: Lemonade|Dazzling Gleam|p1b: Ursaluna\n|-damage|p1b: Ursaluna|0 fnt\n|faint|p1b: Ursaluna\n|-damage|p2b: Lemonade|83\/100|[from] item: Life Orb\n|\n|win|decidoustree\n|c|\u2606decidoustree|gg !\n|c|\u2606Muslceman2033|gg\n|l|\u2606Muslceman2033\n","uploadtime":1699669589,"views":62,"p1id":"muslceman2033","p2id":"decidoustree","formatid":"gen9nationaldexdoubles","rating":0,"private":0,"password":""}