{"id":"gen9nationaldexdoubles-1966999746","p1":"Lord Highkage","p2":"slow_riots_account","format":"[Gen 9] National Dex Doubles","log":"|j|\u2606Lord Highkage\n|j|\u2606slow_riots_account\n|t:|1697242636\n|gametype|doubles\n|player|p1|Lord Highkage|265|\n|player|p2|slow_riots_account|170|\n|teamsize|p1|6\n|teamsize|p2|6\n|gen|9\n|tier|[Gen 9] National Dex Doubles\n|rule|HP Percentage Mod: HP is shown in percentages\n|rule|Endless Battle Clause: Forcing endless battles is banned\n|rule|OHKO Clause: OHKO moves are banned\n|rule|Evasion Moves Clause: Evasion moves are banned\n|rule|Evasion Abilities Clause: Evasion abilities are banned\n|rule|Species Clause: Limit one of each Pok\u00e9mon\n|rule|Gravity Sleep Clause: The combination of sleep-inducing moves with imperfect accuracy and Gravity or Gigantamax Orbeetle are banned\n|clearpoke\n|poke|p1|Wyrdeer, M|\n|poke|p1|Milotic, F|\n|poke|p1|Electrode|\n|poke|p1|Weavile, M|\n|poke|p1|Pachirisu, F|\n|poke|p1|Salamence, F|\n|poke|p2|Volcarona, M|\n|poke|p2|Landorus-Therian, M|\n|poke|p2|Reuniclus, F|\n|poke|p2|Sableye, F|\n|poke|p2|Poliwrath, M|\n|poke|p2|Luxray, M|\n|teampreview\n|\n|t:|1697242652\n|start\n|switch|p1a: Wyrdeer|Wyrdeer, M|100\/100\n|switch|p1b: Milotic|Milotic, F|100\/100\n|switch|p2a: Sableye|Sableye, F|100\/100\n|switch|p2b: Poliwrath|Poliwrath, M|100\/100\n|-ability|p1a: Wyrdeer|Intimidate|boost\n|-unboost|p2a: Sableye|atk|1\n|-unboost|p2b: Poliwrath|atk|1\n|turn|1\n|\n|t:|1697242683\n|detailschange|p2a: Sableye|Sableye-Mega, F\n|-mega|p2a: Sableye|Sableye|Sablenite\n|move|p2a: Sableye|Protect|p2a: Sableye\n|-singleturn|p2a: Sableye|Protect\n|move|p1b: Milotic|Coil|p1b: Milotic\n|-boost|p1b: Milotic|atk|1\n|-boost|p1b: Milotic|def|1\n|-boost|p1b: Milotic|accuracy|1\n|move|p2b: Poliwrath|Scald|p1a: Wyrdeer\n|-damage|p1a: Wyrdeer|80\/100\n|-status|p1a: Wyrdeer|brn\n|move|p1a: Wyrdeer|Skill Swap|p2a: Sableye\n|-activate|p2a: Sableye|move: Protect\n|\n|-damage|p1a: Wyrdeer|74\/100 brn|[from] brn\n|upkeep\n|turn|2\n|\n|t:|1697242718\n|switch|p2a: Luxray|Luxray, M|100\/100\n|move|p1b: Milotic|Icy Wind|p2a: Luxray|[spread] p2a,p2b\n|-resisted|p2b: Poliwrath\n|-damage|p2a: Luxray|82\/100\n|-damage|p2b: Poliwrath|95\/100\n|-unboost|p2a: Luxray|spe|1\n|-unboost|p2b: Poliwrath|spe|1\n|move|p1a: Wyrdeer|Skill Swap|p2a: Luxray\n|-activate|p1a: Wyrdeer|move: Skill Swap|Guts|Intimidate|[of] p2a: Luxray\n|-ability|p2a: Luxray|Intimidate|boost\n|-unboost|p1a: Wyrdeer|atk|1\n|-unboost|p1b: Milotic|atk|1\n|-ability|p1b: Milotic|Competitive|boost\n|-boost|p1b: Milotic|spa|2\n|move|p2b: Poliwrath|Toxic|p1b: Milotic\n|-status|p1b: Milotic|tox\n|-enditem|p1b: Milotic|Lum Berry|[eat]\n|-curestatus|p1b: Milotic|tox|[msg]\n|\n|-heal|p2b: Poliwrath|100\/100|[from] item: Leftovers\n|-damage|p1a: Wyrdeer|68\/100 brn|[from] brn\n|-status|p2a: Luxray|brn|[from] item: Flame Orb\n|upkeep\n|turn|3\n|\n|t:|1697242765\n|move|p1b: Milotic|Icy Wind|p2b: Poliwrath|[spread] p2a,p2b\n|-resisted|p2b: Poliwrath\n|-damage|p2a: Luxray|46\/100 brn\n|-damage|p2b: Poliwrath|89\/100\n|-unboost|p2a: Luxray|spe|1\n|-unboost|p2b: Poliwrath|spe|1\n|move|p1a: Wyrdeer|Psyshield Bash|p2b: Poliwrath\n|-supereffective|p2b: Poliwrath\n|-damage|p2b: Poliwrath|39\/100\n|-boost|p1a: Wyrdeer|def|1\n|move|p2a: Luxray|Facade|p1a: Wyrdeer\n|-damage|p1a: Wyrdeer|37\/100 brn\n|-damage|p2a: Luxray|29\/100 brn|[from] item: Rocky Helmet|[of] p1a: Wyrdeer\n|move|p2b: Poliwrath|Toxic|p1b: Milotic|[miss]\n|-miss|p2b: Poliwrath|p1b: Milotic\n|\n|-heal|p2b: Poliwrath|45\/100|[from] item: Leftovers\n|-damage|p1a: Wyrdeer|30\/100 brn|[from] brn\n|-damage|p2a: Luxray|23\/100 brn|[from] brn\n|upkeep\n|turn|4\n|\n|t:|1697242797\n|move|p1b: Milotic|Icy Wind|p2a: Luxray|[spread] p2a,p2b\n|-resisted|p2b: Poliwrath\n|-damage|p2a: Luxray|0 fnt\n|-damage|p2b: Poliwrath|31\/100\n|-unboost|p2b: Poliwrath|spe|1\n|faint|p2a: Luxray\n|move|p1a: Wyrdeer|Body Slam|p2b: Poliwrath\n|-damage|p2b: Poliwrath|0 fnt\n|faint|p2b: Poliwrath\n|\n|-damage|p1a: Wyrdeer|24\/100 brn|[from] brn\n|upkeep\n|\n|t:|1697242817\n|switch|p2a: Sableye|Sableye-Mega, F|100\/100\n|switch|p2b: Reuniclus|Reuniclus, F|100\/100\n|turn|5\n|\n|t:|1697242894\n|move|p1a: Wyrdeer|Protect|p1a: Wyrdeer\n|-singleturn|p1a: Wyrdeer|Protect\n|move|p1b: Milotic|Surf|p2b: Reuniclus|[spread] p2a,p2b\n|-activate|p1a: Wyrdeer|move: Protect\n|-damage|p2a: Sableye|52\/100\n|-damage|p2b: Reuniclus|39\/100\n|move|p2b: Reuniclus|Calm Mind|p2b: Reuniclus\n|-boost|p2b: Reuniclus|spa|1\n|-boost|p2b: Reuniclus|spd|1\n|move|p2a: Sableye|Will-O-Wisp|p1b: Milotic\n|-status|p1b: Milotic|brn\n|\n|-damage|p1b: Milotic|94\/100 brn|[from] brn\n|-damage|p1a: Wyrdeer|18\/100 brn|[from] brn\n|upkeep\n|turn|6\n|\n|t:|1697242930\n|move|p1b: Milotic|Icy Wind|p2b: Reuniclus|[spread] p2a,p2b\n|-damage|p2a: Sableye|32\/100\n|-damage|p2b: Reuniclus|23\/100\n|-unboost|p2a: Sableye|spe|1\n|-unboost|p2b: Reuniclus|spe|1\n|move|p1a: Wyrdeer|Body Slam|p2b: Reuniclus\n|-damage|p2b: Reuniclus|1\/100\n|-status|p2b: Reuniclus|par\n|-damage|p1a: Wyrdeer|2\/100 brn|[from] item: Rocky Helmet|[of] p2b: Reuniclus\n|move|p2a: Sableye|Knock Off|p1a: Wyrdeer\n|-supereffective|p1a: Wyrdeer\n|-damage|p1a: Wyrdeer|0 fnt\n|-damage|p2a: Sableye|15\/100|[from] item: Rocky Helmet|[of] p1a: Wyrdeer\n|-enditem|p1a: Wyrdeer|Rocky Helmet|[from] move: Knock Off|[of] p2a: Sableye\n|faint|p1a: Wyrdeer\n|move|p2b: Reuniclus|Recover|p2b: Reuniclus\n|-heal|p2b: Reuniclus|51\/100 par\n|\n|-damage|p1b: Milotic|88\/100 brn|[from] brn\n|upkeep\n|\n|t:|1697242949\n|switch|p1a: Salamence|Salamence, F|100\/100\n|-ability|p1a: Salamence|Intimidate|boost\n|-unboost|p2a: Sableye|atk|1\n|-unboost|p2b: Reuniclus|atk|1\n|turn|7\n|\n|t:|1697242987\n|move|p2a: Sableye|Protect|p2a: Sableye\n|-singleturn|p2a: Sableye|Protect\n|move|p1a: Salamence|Dragon Claw|p2b: Reuniclus\n|-damage|p2b: Reuniclus|11\/100 par\n|-damage|p1a: Salamence|84\/100|[from] item: Rocky Helmet|[of] p2b: Reuniclus\n|-damage|p1a: Salamence|74\/100|[from] item: Life Orb\n|move|p1b: Milotic|Surf|p2a: Sableye|[spread] p1a,p2b\n|-activate|p2a: Sableye|move: Protect\n|-resisted|p1a: Salamence\n|-damage|p1a: Salamence|31\/100\n|-damage|p2b: Reuniclus|0 fnt\n|faint|p2b: Reuniclus\n|\n|-damage|p1b: Milotic|82\/100 brn|[from] brn\n|upkeep\n|\n|t:|1697243008\n|switch|p2b: Volcarona|Volcarona, M|100\/100\n|turn|8\n|\n|t:|1697243027\n|move|p2a: Sableye|Protect||[still]\n|-fail|p2a: Sableye\n|move|p1a: Salamence|Tailwind|p1a: Salamence\n|-sidestart|p1: Lord Highkage|move: Tailwind\n|move|p1b: Milotic|Surf|p2b: Volcarona|[spread] p1a,p2a,p2b\n|-resisted|p1a: Salamence\n|-supereffective|p2b: Volcarona\n|-damage|p1a: Salamence|0 fnt\n|-damage|p2a: Sableye|0 fnt\n|-damage|p2b: Volcarona|0 fnt\n|faint|p1a: Salamence\n|faint|p2a: Sableye\n|faint|p2b: Volcarona\n|\n|-damage|p1b: Milotic|76\/100 brn|[from] brn\n|upkeep\n|\n|t:|1697243047\n|switch|p1a: Weavile|Weavile, M|100\/100\n|switch|p2b: Landorus|Landorus-Therian, M|100\/100\n|-ability|p1a: Weavile|Pressure\n|-ability|p2b: Landorus|Intimidate|boost\n|-unboost|p1a: Weavile|atk|1\n|-unboost|p1b: Milotic|atk|1\n|-ability|p1b: Milotic|Competitive|boost\n|-boost|p1b: Milotic|spa|2\n|turn|9\n|\n|t:|1697243058\n|move|p1a: Weavile|Icicle Crash|p2b: Landorus|[miss]\n|-miss|p1a: Weavile|p2b: Landorus\n|move|p1b: Milotic|Icy Wind|p2b: Landorus\n|-supereffective|p2b: Landorus\n|-damage|p2b: Landorus|0 fnt\n|faint|p2b: Landorus\n|\n|win|Lord Highkage\n|c|\u2606Lord Highkage|gg\n","uploadtime":1697243069,"views":12,"p1id":"lordhighkage","p2id":"slowriotsaccount","formatid":"gen9nationaldexdoubles","rating":0,"private":0,"password":""}