{"id":"gen9nationaldexdoubles-1961880935","p1":"AerixThorn","p2":"Springboii","format":"[Gen 9] National Dex Doubles","log":"|j|\u2606AerixThorn\n|j|\u2606Springboii\n|t:|1696684408\n|gametype|doubles\n|player|p1|AerixThorn|volkner|1187\n|player|p2|Springboii|hilda|1018\n|teamsize|p1|6\n|teamsize|p2|6\n|gen|9\n|tier|[Gen 9] National Dex Doubles\n|rated|\n|rule|HP Percentage Mod: HP is shown in percentages\n|rule|Endless Battle Clause: Forcing endless battles is banned\n|rule|OHKO Clause: OHKO moves are banned\n|rule|Evasion Moves Clause: Evasion moves are banned\n|rule|Evasion Abilities Clause: Evasion abilities are banned\n|rule|Species Clause: Limit one of each Pok\u00e9mon\n|rule|Gravity Sleep Clause: The combination of sleep-inducing moves with imperfect accuracy and Gravity or Gigantamax Orbeetle are banned\n|clearpoke\n|poke|p1|Clefable, M|\n|poke|p1|Shuckle, F|\n|poke|p1|Ninetales-Alola, F|\n|poke|p1|Chandelure, F|\n|poke|p1|Indeedee-F, F|\n|poke|p1|Hawlucha, F|\n|poke|p2|Iron Valiant|\n|poke|p2|Gliscor, M|\n|poke|p2|Mimikyu, M|\n|poke|p2|Ceruledge, M|\n|poke|p2|Serperior, M|\n|poke|p2|Moltres-Galar|\n|teampreview\n|inactive|Battle timer is ON: inactive players will automatically lose when time's up. (requested by Springboii)\n|inactive|AerixThorn also wants the timer to be on.\n|\n|t:|1696684413\n|start\n|switch|p1a: Indeedee|Indeedee-F, F|100\/100\n|switch|p1b: Hawlucha|Hawlucha, F|100\/100\n|switch|p2a: Iron Valiant|Iron Valiant, shiny|100\/100\n|switch|p2b: Moltres|Moltres-Galar|100\/100\n|-fieldstart|move: Psychic Terrain|[from] ability: Psychic Surge|[of] p1a: Indeedee\n|-enditem|p1b: Hawlucha|Psychic Seed\n|-boost|p1b: Hawlucha|spd|1|[from] item: Psychic Seed\n|-enditem|p2a: Iron Valiant|Booster Energy\n|-activate|p2a: Iron Valiant|ability: Quark Drive|[fromitem]\n|-start|p2a: Iron Valiant|quarkdrivespe\n|turn|1\n|\n|t:|1696684443\n|move|p1a: Indeedee|Follow Me|p1a: Indeedee\n|-singleturn|p1a: Indeedee|move: Follow Me\n|move|p1b: Hawlucha|Bulk Up|p1b: Hawlucha\n|-boost|p1b: Hawlucha|atk|1\n|-boost|p1b: Hawlucha|def|1\n|move|p2a: Iron Valiant|Spirit Break|p1a: Indeedee\n|-damage|p1a: Indeedee|31\/100\n|-unboost|p1a: Indeedee|spa|1\n|move|p2b: Moltres|Tailwind|p2b: Moltres\n|-sidestart|p2: Springboii|move: Tailwind\n|\n|-heal|p1a: Indeedee|37\/100|[from] item: Leftovers\n|upkeep\n|turn|2\n|inactive|AerixThorn has 120 seconds left.\n|\n|t:|1696684474\n|move|p1a: Indeedee|Follow Me|p1a: Indeedee\n|-singleturn|p1a: Indeedee|move: Follow Me\n|move|p2a: Iron Valiant|Spirit Break|p1a: Indeedee\n|-damage|p1a: Indeedee|0 fnt\n|faint|p1a: Indeedee\n|move|p1b: Hawlucha|Acrobatics|p2a: Iron Valiant\n|-supereffective|p2a: Iron Valiant\n|-damage|p2a: Iron Valiant|0 fnt\n|faint|p2a: Iron Valiant\n|-end|p2a: Iron Valiant|Quark Drive|[silent]\n|move|p2b: Moltres|Sunny Day|p2b: Moltres\n|-weather|SunnyDay\n|\n|-weather|SunnyDay|[upkeep]\n|upkeep\n|\n|t:|1696684497\n|switch|p2a: Mimikyu|Mimikyu, M, shiny|100\/100\n|switch|p1a: Ninetales|Ninetales-Alola, F|100\/100\n|-weather|Snow|[from] ability: Snow Warning|[of] p1a: Ninetales\n|turn|3\n|\n|t:|1696684512\n|move|p1b: Hawlucha|Dual Wingbeat|p2a: Mimikyu\n|-activate|p2a: Mimikyu|ability: Disguise\n|-damage|p2a: Mimikyu|100\/100\n|detailschange|p2a: Mimikyu|Mimikyu-Busted, M, shiny\n|-damage|p2a: Mimikyu|88\/100|[from] pokemon: Mimikyu-Busted\n|-damage|p2a: Mimikyu|41\/100\n|-hitcount|p2a: Mimikyu|2\n|move|p2a: Mimikyu|Thunder Wave|p1b: Hawlucha\n|-status|p1b: Hawlucha|par\n|move|p2b: Moltres|Sunny Day|p2b: Moltres\n|-weather|SunnyDay\n|move|p1a: Ninetales|Blizzard|p2b: Moltres|[spread] \n|-miss|p1a: Ninetales|p2a: Mimikyu\n|-miss|p1a: Ninetales|p2b: Moltres\n|\n|-weather|SunnyDay|[upkeep]\n|upkeep\n|turn|4\n|\n|t:|1696684537\n|switch|p2b: Ceruledge|Ceruledge, M|100\/100\n|move|p2a: Mimikyu|Play Rough|p1b: Hawlucha\n|-supereffective|p1b: Hawlucha\n|-damage|p1b: Hawlucha|21\/100 par\n|move|p1a: Ninetales|Dazzling Gleam|p2a: Mimikyu|[spread] p2a,p2b\n|-resisted|p2b: Ceruledge\n|-damage|p2a: Mimikyu|9\/100\n|-damage|p2b: Ceruledge|89\/100\n|move|p1b: Hawlucha|Acrobatics|p2b: Ceruledge\n|-damage|p2b: Ceruledge|0 fnt\n|faint|p2b: Ceruledge\n|\n|-weather|SunnyDay|[upkeep]\n|-sideend|p2: Springboii|move: Tailwind\n|upkeep\n|inactive|Springboii has 120 seconds left.\n|\n|t:|1696684559\n|switch|p2b: Moltres|Moltres-Galar|100\/100\n|turn|5\n|inactive|Springboii has 120 seconds left.\n|\n|t:|1696684583\n|move|p1a: Ninetales|Dazzling Gleam|p2b: Moltres|[spread] p2a,p2b\n|-supereffective|p2b: Moltres\n|-damage|p2a: Mimikyu|0 fnt\n|-damage|p2b: Moltres|70\/100\n|faint|p2a: Mimikyu\n|cant|p1b: Hawlucha|par\n|move|p2b: Moltres|Tailwind|p2b: Moltres\n|-sidestart|p2: Springboii|move: Tailwind\n|\n|-weather|SunnyDay|[upkeep]\n|-fieldend|move: Psychic Terrain\n|upkeep\n|inactive|Springboii has 120 seconds left.\n|\n|t:|1696684603\n|switch|p2a: Serperior|Serperior, M|100\/100\n|turn|6\n|inactive|Springboii has 120 seconds left.\n|\n|t:|1696684620\n|move|p2a: Serperior|Calm Mind|p2a: Serperior\n|-boost|p2a: Serperior|spa|1\n|-boost|p2a: Serperior|spd|1\n|move|p2b: Moltres|Fiery Wrath|p1a: Ninetales|[spread] p1a,p1b\n|-resisted|p1a: Ninetales\n|-resisted|p1b: Hawlucha\n|-damage|p1a: Ninetales|88\/100\n|-damage|p1b: Hawlucha|9\/100 par\n|move|p1a: Ninetales|Blizzard|p2b: Moltres|[spread] p2b\n|-miss|p1a: Ninetales|p2a: Serperior\n|-supereffective|p2b: Moltres\n|-damage|p2b: Moltres|28\/100\n|-ability|p2b: Moltres|Berserk|boost\n|-boost|p2b: Moltres|spa|1\n|-enditem|p2b: Moltres|Sitrus Berry|[eat]\n|-heal|p2b: Moltres|53\/100|[from] item: Sitrus Berry\n|move|p1b: Hawlucha|Acrobatics|p2a: Serperior\n|-supereffective|p2a: Serperior\n|-damage|p2a: Serperior|0 fnt\n|faint|p2a: Serperior\n|\n|-weather|SunnyDay|[upkeep]\n|upkeep\n|inactive|Springboii has 120 seconds left.\n|\n|t:|1696684641\n|switch|p2a: Gliscor|Gliscor, M, shiny|100\/100\n|turn|7\n|inactive|Springboii has 120 seconds left.\n|\n|t:|1696684653\n|move|p2a: Gliscor|Psychic Fangs|p1b: Hawlucha\n|-supereffective|p1b: Hawlucha\n|-damage|p1b: Hawlucha|0 fnt\n|faint|p1b: Hawlucha\n|move|p2b: Moltres|Fiery Wrath|p1a: Ninetales\n|-resisted|p1a: Ninetales\n|-damage|p1a: Ninetales|58\/100\n|move|p1a: Ninetales|Blizzard|p2a: Gliscor|[spread] \n|-miss|p1a: Ninetales|p2a: Gliscor\n|-miss|p1a: Ninetales|p2b: Moltres\n|\n|-weather|none\n|-status|p2a: Gliscor|tox|[from] item: Toxic Orb\n|upkeep\n|\n|t:|1696684658\n|switch|p1b: Chandelure|Chandelure, F|100\/100\n|turn|8\n|inactive|Springboii has 120 seconds left.\n|\n|t:|1696684712\n|-terastallize|p2b: Moltres|Rock\n|move|p2a: Gliscor|Poison Jab|p1a: Ninetales\n|-supereffective|p1a: Ninetales\n|-damage|p1a: Ninetales|2\/100\n|move|p2b: Moltres|Tera Blast|p1b: Chandelure|[anim] Tera Blast Rock\n|-supereffective|p1b: Chandelure\n|-damage|p1b: Chandelure|0 fnt\n|faint|p1b: Chandelure\n|move|p1a: Ninetales|Blizzard|p2a: Gliscor|[spread] p2a,p2b\n|-supereffective|p2a: Gliscor\n|-damage|p2a: Gliscor|0 fnt\n|-damage|p2b: Moltres|29\/100\n|faint|p2a: Gliscor\n|-ability|p2b: Moltres|Berserk|boost\n|-boost|p2b: Moltres|spa|1\n|\n|-sideend|p2: Springboii|move: Tailwind\n|upkeep\n|\n|t:|1696684721\n|switch|p1b: Clefable|Clefable, M|100\/100\n|turn|9\n|\n|t:|1696684731\n|move|p1a: Ninetales|Dazzling Gleam|p2b: Moltres\n|-damage|p2b: Moltres|7\/100\n|move|p2b: Moltres|Fiery Wrath|p1b: Clefable|[spread] p1a,p1b\n|-resisted|p1a: Ninetales\n|-resisted|p1b: Clefable\n|-damage|p1a: Ninetales|0 fnt\n|-damage|p1b: Clefable|92\/100\n|faint|p1a: Ninetales\n|cant|p1b: Clefable|flinch\n|\n|-heal|p1b: Clefable|98\/100|[from] item: Leftovers\n|upkeep\n|\n|t:|1696684741\n|switch|p1a: Shuckle|Shuckle, F|100\/100\n|turn|10\n|\n|t:|1696684750\n|move|p2b: Moltres|Tera Blast|p1b: Clefable|[anim] Tera Blast Rock\n|-damage|p1b: Clefable|81\/100\n|move|p1b: Clefable|Draining Kiss|p2b: Moltres\n|-damage|p2b: Moltres|0 fnt\n|-heal|p1b: Clefable|86\/100|[from] drain|[of] p2b: Moltres\n|faint|p2b: Moltres\n|\n|win|AerixThorn\n|raw|AerixThorn's rating: 1187 &rarr; <strong>1201<\/strong><br \/>(+14 for winning)\n|raw|Springboii's rating: 1018 &rarr; <strong>1011<\/strong><br \/>(-7 for losing)\n|c|\u2606Springboii|GG\n|c|\u2606AerixThorn|Gg\n","uploadtime":1696684764,"views":8,"p1id":"aerixthorn","p2id":"springboii","formatid":"gen9nationaldexdoubles","rating":1011,"private":0,"password":""}