{"id":"gen9nationaldexdoubles-1979983222","p1":"Pantersbryce","p2":"Inkubone","format":"[Gen 9] National Dex Doubles","log":"|j|\u2606Pantersbryce\n|j|\u2606Inkubone\n|t:|1698741615\n|gametype|doubles\n|player|p1|Pantersbryce|gardenia|1215\n|player|p2|Inkubone|yellow|1216\n|teamsize|p1|6\n|teamsize|p2|6\n|gen|9\n|tier|[Gen 9] National Dex Doubles\n|rated|\n|rule|HP Percentage Mod: HP is shown in percentages\n|rule|Endless Battle Clause: Forcing endless battles is banned\n|rule|OHKO Clause: OHKO moves are banned\n|rule|Evasion Moves Clause: Evasion moves are banned\n|rule|Evasion Abilities Clause: Evasion abilities are banned\n|rule|Species Clause: Limit one of each Pok\u00e9mon\n|rule|Gravity Sleep Clause: The combination of sleep-inducing moves with imperfect accuracy and Gravity or Gigantamax Orbeetle are banned\n|clearpoke\n|poke|p1|Gigalith, M|\n|poke|p1|Oranguru, M|\n|poke|p1|Lopunny, F|\n|poke|p1|Stakataka|\n|poke|p1|Meowstic, M|\n|poke|p1|Cinccino, F|\n|poke|p2|Victini|\n|poke|p2|Audino, F|\n|poke|p2|Slowbro, M|\n|poke|p2|Clefairy, F|\n|poke|p2|Ursaluna, F|\n|poke|p2|Enamorus-Therian, F|\n|teampreview\n|c|\u2606Inkubone|Hello good luck have fun\n|inactive|Battle timer is ON: inactive players will automatically lose when time's up. (requested by Inkubone)\n|\n|t:|1698741684\n|start\n|switch|p1a: Gigalith|Gigalith, M|100\/100\n|switch|p1b: Oranguru|Oranguru, M|100\/100\n|switch|p2a: Slowbro|Slowbro, M|100\/100\n|switch|p2b: Enamorus|Enamorus-Therian, F|100\/100\n|turn|1\n|\n|t:|1698741710\n|switch|p2b: Ursaluna|Ursaluna, F|100\/100\n|move|p1a: Gigalith|Rock Slide|p2b: Ursaluna|[spread] p2a,p2b\n|-resisted|p2b: Ursaluna\n|-damage|p2a: Slowbro|73\/100\n|-damage|p2b: Ursaluna|88\/100\n|move|p1b: Oranguru|Trick Room|p1b: Oranguru\n|-fieldstart|move: Trick Room|[of] p1b: Oranguru\n|move|p2a: Slowbro|Trick Room|p2a: Slowbro\n|-fieldend|move: Trick Room\n|\n|-status|p2b: Ursaluna|brn|[from] item: Flame Orb\n|upkeep\n|turn|2\n|c|\u2606Inkubone|Ah-\n|inactive|Inkubone has 120 seconds left.\n|\n|t:|1698741745\n|move|p2b: Ursaluna|High Horsepower|p1a: Gigalith\n|-supereffective|p1a: Gigalith\n|-ability|p1a: Gigalith|Sturdy\n|-damage|p1a: Gigalith|1\/100\n|-enditem|p1a: Gigalith|Weakness Policy\n|-boost|p1a: Gigalith|atk|2|[from] item: Weakness Policy\n|-boost|p1a: Gigalith|spa|2|[from] item: Weakness Policy\n|move|p2a: Slowbro|Scald|p1a: Gigalith\n|-supereffective|p1a: Gigalith\n|-damage|p1a: Gigalith|0 fnt\n|faint|p1a: Gigalith\n|move|p1b: Oranguru|Trick Room|p1b: Oranguru\n|-fieldstart|move: Trick Room|[of] p1b: Oranguru\n|\n|-damage|p2b: Ursaluna|82\/100 brn|[from] brn\n|upkeep\n|inactive|Pantersbryce has 120 seconds left.\n|\n|t:|1698741758\n|switch|p1a: Stakataka|Stakataka|100\/100\n|turn|3\n|\n|t:|1698741780\n|switch|p2a: Clefairy|Clefairy, F|100\/100\n|-terastallize|p1a: Stakataka|Fighting\n|move|p1a: Stakataka|Body Press|p2b: Ursaluna\n|-supereffective|p2b: Ursaluna\n|-damage|p2b: Ursaluna|0 fnt\n|faint|p2b: Ursaluna\n|-ability|p1a: Stakataka|Beast Boost|boost\n|-boost|p1a: Stakataka|def|1\n|move|p1b: Oranguru|Instruct|p1a: Stakataka\n|-singleturn|p1a: Stakataka|move: Instruct|[of] p1b: Oranguru\n|move|p1a: Stakataka|Body Press|p2a: Clefairy\n|-resisted|p2a: Clefairy\n|-damage|p2a: Clefairy|55\/100\n|\n|upkeep\n|\n|t:|1698741794\n|switch|p2b: Enamorus|Enamorus-Therian, F|100\/100\n|turn|4\n|\n|t:|1698741812\n|move|p2a: Clefairy|Follow Me|p2a: Clefairy\n|-singleturn|p2a: Clefairy|move: Follow Me\n|move|p1a: Stakataka|Rock Slide|p2a: Clefairy|[spread] p2a,p2b\n|-supereffective|p2b: Enamorus\n|-damage|p2a: Clefairy|34\/100\n|-damage|p2b: Enamorus|59\/100\n|move|p1b: Oranguru|Instruct|p2a: Clefairy\n|-singleturn|p2a: Clefairy|move: Instruct|[of] p1b: Oranguru\n|move|p2a: Clefairy|Follow Me||[still]\n|-fail|p2a: Clefairy\n|move|p2b: Enamorus|Springtide Storm|p1b: Oranguru|[spread] p1a\n|-miss|p2b: Enamorus|p1b: Oranguru\n|-supereffective|p1a: Stakataka\n|-damage|p1a: Stakataka|15\/100\n|\n|upkeep\n|turn|5\n|\n|t:|1698741837\n|move|p2a: Clefairy|Follow Me|p2a: Clefairy\n|-singleturn|p2a: Clefairy|move: Follow Me\n|move|p1a: Stakataka|Rock Slide|p2a: Clefairy|[spread] p2a,p2b\n|-supereffective|p2b: Enamorus\n|-damage|p2a: Clefairy|12\/100\n|-damage|p2b: Enamorus|16\/100\n|move|p1b: Oranguru|Knock Off|p2a: Clefairy\n|-resisted|p2a: Clefairy\n|-damage|p2a: Clefairy|5\/100\n|-enditem|p2a: Clefairy|Eviolite|[from] move: Knock Off|[of] p1b: Oranguru\n|move|p2b: Enamorus|Springtide Storm|p1a: Stakataka|[spread] p1a,p1b\n|-supereffective|p1a: Stakataka\n|-damage|p1a: Stakataka|0 fnt\n|-damage|p1b: Oranguru|74\/100\n|-unboost|p1b: Oranguru|atk|1\n|faint|p1a: Stakataka\n|\n|-heal|p1b: Oranguru|81\/100|[from] item: Leftovers\n|upkeep\n|inactive|Pantersbryce has 120 seconds left.\n|\n|t:|1698741854\n|switch|p1a: Meowstic|Meowstic, M|100\/100\n|turn|6\n|\n|t:|1698741873\n|move|p1a: Meowstic|Fake Out|p2b: Enamorus\n|-damage|p2b: Enamorus|11\/100\n|move|p2a: Clefairy|Follow Me|p2a: Clefairy\n|-singleturn|p2a: Clefairy|move: Follow Me\n|move|p1b: Oranguru|Knock Off|p2a: Clefairy\n|-resisted|p2a: Clefairy\n|-damage|p2a: Clefairy|1\/100\n|cant|p2b: Enamorus|flinch\n|\n|-heal|p1b: Oranguru|87\/100|[from] item: Leftovers\n|-fieldend|move: Trick Room\n|upkeep\n|turn|7\n|inactive|Pantersbryce has 120 seconds left.\n|\n|t:|1698741905\n|move|p2a: Clefairy|Follow Me|p2a: Clefairy\n|-singleturn|p2a: Clefairy|move: Follow Me\n|move|p1a: Meowstic|Toxic|p2a: Clefairy\n|-status|p2a: Clefairy|tox\n|move|p2b: Enamorus|Draining Kiss|p1a: Meowstic\n|-damage|p1a: Meowstic|75\/100\n|-heal|p2b: Enamorus|36\/100|[from] drain|[of] p1a: Meowstic\n|move|p1b: Oranguru|Knock Off|p2a: Clefairy\n|-resisted|p2a: Clefairy\n|-damage|p2a: Clefairy|0 fnt\n|faint|p2a: Clefairy\n|\n|-heal|p1a: Meowstic|82\/100|[from] item: Leftovers\n|-heal|p1b: Oranguru|93\/100|[from] item: Leftovers\n|upkeep\n|inactive|Inkubone has 120 seconds left.\n|\n|t:|1698741925\n|switch|p2a: Audino|Audino, F|100\/100\n|turn|8\n|inactive|Pantersbryce has 120 seconds left.\n|\n|t:|1698741959\n|switch|p2b: Slowbro|Slowbro, M|100\/100\n|move|p1a: Meowstic|Toxic|p2a: Audino\n|-status|p2a: Audino|tox\n|move|p2a: Audino|Shadow Ball|p1a: Meowstic\n|-supereffective|p1a: Meowstic\n|-damage|p1a: Meowstic|49\/100\n|-unboost|p1a: Meowstic|spd|1\n|move|p1b: Oranguru|Knock Off|p2a: Audino\n|-damage|p2a: Audino|91\/100 tox\n|-enditem|p2a: Audino|Aguav Berry|[from] move: Knock Off|[of] p1b: Oranguru\n|\n|-heal|p1a: Meowstic|55\/100|[from] item: Leftovers\n|-heal|p1b: Oranguru|99\/100|[from] item: Leftovers\n|-damage|p2a: Audino|85\/100 tox|[from] psn\n|upkeep\n|turn|9\n|\n|t:|1698741986\n|move|p1a: Meowstic|Toxic|p2b: Slowbro\n|-status|p2b: Slowbro|tox\n|move|p1b: Oranguru|Knock Off|p2b: Slowbro\n|-supereffective|p2b: Slowbro\n|-damage|p2b: Slowbro|84\/100 tox\n|-enditem|p2b: Slowbro|Wiki Berry|[from] move: Knock Off|[of] p1b: Oranguru\n|move|p2b: Slowbro|Scald|p1a: Meowstic\n|-damage|p1a: Meowstic|10\/100\n|move|p2a: Audino|Trick Room|p2a: Audino\n|-fieldstart|move: Trick Room|[of] p2a: Audino\n|\n|-heal|p1b: Oranguru|100\/100|[from] item: Leftovers\n|-heal|p1a: Meowstic|17\/100|[from] item: Leftovers\n|-damage|p2b: Slowbro|78\/100 tox|[from] psn\n|-damage|p2a: Audino|73\/100 tox|[from] psn\n|upkeep\n|turn|10\n|inactive|Pantersbryce has 120 seconds left.\n|\n|t:|1698742022\n|move|p1b: Oranguru|Protect|p1b: Oranguru\n|-singleturn|p1b: Oranguru|Protect\n|move|p1a: Meowstic|Ally Switch|p1a: Meowstic\n|swap|p1a: Meowstic|1|[from] move: Ally Switch\n|move|p2a: Audino|Hyper Voice|p1a: Oranguru|[spread] p1b\n|-activate|p1a: Oranguru|move: Protect\n|-damage|p1b: Meowstic|0 fnt\n|faint|p1b: Meowstic\n|move|p2b: Slowbro|Teleport|p2b: Slowbro\n|\n|t:|1698742046\n|switch|p2b: Enamorus|Enamorus-Therian, F|36\/100|[from] Teleport\n|\n|-damage|p2a: Audino|55\/100 tox|[from] psn\n|upkeep\n|inactive|Pantersbryce has 120 seconds left.\n|\n|t:|1698742052\n|switch|p1b: Lopunny|Lopunny, F|100\/100\n|turn|11\n|\n|t:|1698742064\n|detailschange|p1b: Lopunny|Lopunny-Mega, F\n|-mega|p1b: Lopunny|Lopunny|Lopunnite\n|move|p1b: Lopunny|Fake Out|p2b: Enamorus\n|-damage|p2b: Enamorus|15\/100\n|move|p1a: Oranguru|Knock Off|p2b: Enamorus\n|-resisted|p2b: Enamorus\n|-damage|p2b: Enamorus|10\/100\n|-enditem|p2b: Enamorus|Big Root|[from] move: Knock Off|[of] p1a: Oranguru\n|move|p2a: Audino|Yawn|p1a: Oranguru\n|-start|p1a: Oranguru|move: Yawn|[of] p2a: Audino\n|cant|p2b: Enamorus|flinch\n|\n|-damage|p2a: Audino|30\/100 tox|[from] psn\n|upkeep\n|turn|12\n|\n|t:|1698742094\n|switch|p2a: Slowbro|Slowbro, M|100\/100 tox\n|move|p2b: Enamorus|Draining Kiss|p1b: Lopunny\n|-supereffective|p1b: Lopunny\n|-damage|p1b: Lopunny|27\/100\n|-heal|p2b: Enamorus|52\/100|[from] drain|[of] p1b: Lopunny\n|move|p1b: Lopunny|Return|p2b: Enamorus\n|-damage|p2b: Enamorus|5\/100\n|move|p1a: Oranguru|Trick Room|p1a: Oranguru\n|-fieldend|move: Trick Room\n|\n|-damage|p2a: Slowbro|94\/100 tox|[from] psn\n|-end|p1a: Oranguru|move: Yawn|[silent]\n|-status|p1a: Oranguru|slp\n|upkeep\n|turn|13\n|\n|t:|1698742120\n|switch|p2b: Audino|Audino, F|64\/100 tox\n|switch|p1a: Cinccino|Cinccino, F|100\/100\n|move|p1b: Lopunny|Return|p2b: Audino\n|-damage|p2b: Audino|13\/100 tox\n|move|p2a: Slowbro|Scald|p1b: Lopunny\n|-damage|p1b: Lopunny|0 fnt\n|faint|p1b: Lopunny\n|\n|-damage|p2b: Audino|7\/100 tox|[from] psn\n|-damage|p2a: Slowbro|82\/100 tox|[from] psn\n|upkeep\n|\n|t:|1698742134\n|switch|p1b: Oranguru|Oranguru, M|100\/100 slp\n|turn|14\n|\n|t:|1698742150\n|move|p1a: Cinccino|Bullet Seed|p2a: Slowbro\n|-supereffective|p2a: Slowbro\n|-damage|p2a: Slowbro|65\/100 tox\n|-supereffective|p2a: Slowbro\n|-damage|p2a: Slowbro|48\/100 tox\n|-supereffective|p2a: Slowbro\n|-damage|p2a: Slowbro|31\/100 tox\n|-supereffective|p2a: Slowbro\n|-damage|p2a: Slowbro|13\/100 tox\n|-supereffective|p2a: Slowbro\n|-damage|p2a: Slowbro|0 fnt\n|faint|p2a: Slowbro\n|-hitcount|p2: Slowbro|5\n|move|p2b: Audino|Hyper Voice|p1a: Cinccino|[spread] p1a,p1b\n|-damage|p1a: Cinccino|62\/100\n|-damage|p1b: Oranguru|87\/100 slp\n|cant|p1b: Oranguru|slp\n|\n|-heal|p1b: Oranguru|93\/100 slp|[from] item: Leftovers\n|-damage|p2b: Audino|0 fnt|[from] psn\n|faint|p2b: Audino\n|upkeep\n|\n|t:|1698742155\n|switch|p2b: Enamorus|Enamorus-Therian, F|5\/100\n|switch|p2a: Victini|Victini|100\/100\n|turn|15\n|\n|t:|1698742176\n|-terastallize|p2a: Victini|Electric\n|move|p1a: Cinccino|Rock Blast|p2a: Victini\n|-damage|p2a: Victini|90\/100\n|-damage|p2a: Victini|80\/100\n|-damage|p2a: Victini|70\/100\n|-damage|p2a: Victini|61\/100\n|-hitcount|p2a: Victini|4\n|move|p2a: Victini|Bolt Strike|p1a: Cinccino\n|-damage|p1a: Cinccino|0 fnt\n|faint|p1a: Cinccino\n|move|p2b: Enamorus|Springtide Storm|p1b: Oranguru\n|-damage|p1b: Oranguru|56\/100 slp\n|cant|p1b: Oranguru|slp\n|\n|-heal|p2a: Victini|67\/100|[from] item: Leftovers\n|-heal|p1b: Oranguru|62\/100 slp|[from] item: Leftovers\n|upkeep\n|turn|16\n|\n|t:|1698742195\n|move|p2a: Victini|Substitute|p2a: Victini\n|-start|p2a: Victini|Substitute\n|-damage|p2a: Victini|42\/100\n|move|p2b: Enamorus|Draining Kiss|p1b: Oranguru\n|-crit|p1b: Oranguru\n|-damage|p1b: Oranguru|33\/100 slp\n|-heal|p2b: Enamorus|29\/100|[from] drain|[of] p1b: Oranguru\n|cant|p1b: Oranguru|slp\n|\n|-heal|p2a: Victini|48\/100|[from] item: Leftovers\n|-heal|p1b: Oranguru|39\/100 slp|[from] item: Leftovers\n|upkeep\n|turn|17\n|-message|Pantersbryce forfeited.\n|\n|win|Inkubone\n|raw|Pantersbryce's rating: 1215 &rarr; <strong>1190<\/strong><br \/>(-25 for losing)\n|raw|Inkubone's rating: 1216 &rarr; <strong>1241<\/strong><br \/>(+25 for winning)\n|l|\u2606Pantersbryce\n","uploadtime":1698742212,"views":8,"p1id":"pantersbryce","p2id":"inkubone","formatid":"gen9nationaldexdoubles","rating":1190,"private":0,"password":""}