{"id":"gen9nationaldexdoubles-1994228089","p1":"GABRIELRCS48","p2":"NPC At Home","format":"[Gen 9] National Dex Doubles","log":"|j|\u2606GABRIELRCS48\n|j|\u2606NPC At Home\n|t:|1700421138\n|gametype|doubles\n|player|p1|GABRIELRCS48|dragontamer|1350\n|player|p2|NPC At Home|piers|1446\n|teamsize|p1|6\n|teamsize|p2|6\n|gen|9\n|tier|[Gen 9] National Dex Doubles\n|rated|\n|rule|HP Percentage Mod: HP is shown in percentages\n|rule|Endless Battle Clause: Forcing endless battles is banned\n|rule|OHKO Clause: OHKO moves are banned\n|rule|Evasion Moves Clause: Evasion moves are banned\n|rule|Evasion Abilities Clause: Evasion abilities are banned\n|rule|Species Clause: Limit one of each Pok\u00e9mon\n|rule|Gravity Sleep Clause: The combination of sleep-inducing moves with imperfect accuracy and Gravity or Gigantamax Orbeetle are banned\n|clearpoke\n|poke|p1|Grimmsnarl, M|\n|poke|p1|Incineroar, F|\n|poke|p1|Salamence, F|\n|poke|p1|Ninetales-Alola, M|\n|poke|p1|Walrein, F|\n|poke|p1|Dragonite, M|\n|poke|p2|Zeraora|\n|poke|p2|Manaphy|\n|poke|p2|Kyurem-Black|\n|poke|p2|Kangaskhan, F|\n|poke|p2|Marshadow|\n|poke|p2|Rillaboom, M|\n|teampreview\n|inactive|Battle timer is ON: inactive players will automatically lose when time's up. (requested by NPC At Home)\n|\n|t:|1700421161\n|start\n|switch|p1a: Grimmsnarl|Grimmsnarl, M, shiny|100\/100\n|switch|p1b: Incineroar|Incineroar, F, shiny|100\/100\n|switch|p2a: Zeraora|Zeraora|100\/100\n|switch|p2b: Manaphy|Manaphy, shiny|100\/100\n|-ability|p1b: Incineroar|Intimidate|boost\n|-unboost|p2a: Zeraora|atk|1\n|-unboost|p2b: Manaphy|atk|1\n|turn|1\n|\n|t:|1700421173\n|move|p1b: Incineroar|Fake Out|p2a: Zeraora\n|-damage|p2a: Zeraora|82\/100\n|move|p1a: Grimmsnarl|Trick|p2b: Manaphy\n|-activate|p1a: Grimmsnarl|move: Trick|[of] p2b: Manaphy\n|-item|p2b: Manaphy|Choice Band|[from] move: Trick\n|-item|p1a: Grimmsnarl|Leftovers|[from] move: Trick\n|cant|p2a: Zeraora|flinch\n|move|p2b: Manaphy|Tail Glow|p2b: Manaphy\n|-boost|p2b: Manaphy|spa|3\n|\n|upkeep\n|turn|2\n|inactive|NPC At Home has 120 seconds left.\n|\n|t:|1700421203\n|switch|p2b: Kyurem|Kyurem-Black|100\/100\n|-ability|p2b: Kyurem|Teravolt\n|move|p1a: Grimmsnarl|Parting Shot|p2a: Zeraora\n|-unboost|p2a: Zeraora|atk|1\n|-unboost|p2a: Zeraora|spa|1\n|\n|t:|1700421211\n|switch|p1a: Salamence|Salamence, F, shiny|100\/100|[from] Parting Shot\n|-ability|p1a: Salamence|Intimidate|boost\n|-unboost|p2a: Zeraora|atk|1\n|-unboost|p2b: Kyurem|atk|1\n|move|p2a: Zeraora|Coaching|p2b: Kyurem\n|-boost|p2b: Kyurem|atk|1\n|-boost|p2b: Kyurem|def|1\n|move|p1b: Incineroar|Knock Off|p2a: Zeraora\n|-damage|p2a: Zeraora|7\/100\n|-enditem|p2a: Zeraora|Sitrus Berry|[from] move: Knock Off|[of] p1b: Incineroar\n|\n|upkeep\n|turn|3\n|\n|t:|1700421227\n|detailschange|p1a: Salamence|Salamence-Mega, F, shiny\n|-mega|p1a: Salamence|Salamence|Salamencite\n|-terastallize|p1b: Incineroar|Fire\n|move|p1a: Salamence|Protect|p1a: Salamence\n|-singleturn|p1a: Salamence|Protect\n|move|p2a: Zeraora|Coaching|p2b: Kyurem\n|-boost|p2b: Kyurem|atk|1\n|-boost|p2b: Kyurem|def|1\n|move|p2b: Kyurem|Dragon Dance|p2b: Kyurem\n|-boost|p2b: Kyurem|atk|1\n|-boost|p2b: Kyurem|spe|1\n|move|p1b: Incineroar|Flare Blitz|p2b: Kyurem\n|-damage|p2b: Kyurem|69\/100\n|-damage|p1b: Incineroar|89\/100|[from] Recoil\n|\n|upkeep\n|turn|4\n|\n|t:|1700421249\n|switch|p1a: Grimmsnarl|Grimmsnarl, M, shiny|100\/100\n|move|p2a: Zeraora|Coaching|p2b: Kyurem\n|-boost|p2b: Kyurem|atk|1\n|-boost|p2b: Kyurem|def|1\n|move|p2b: Kyurem|Fusion Bolt|p1b: Incineroar\n|-damage|p1b: Incineroar|2\/100\n|-enditem|p1b: Incineroar|Aguav Berry|[eat]\n|-heal|p1b: Incineroar|35\/100|[from] item: Aguav Berry\n|move|p1b: Incineroar|Parting Shot|p1a: Grimmsnarl\n|-unboost|p1a: Grimmsnarl|atk|1\n|-unboost|p1a: Grimmsnarl|spa|1\n|\n|t:|1700421266\n|switch|p1b: Ninetales|Ninetales-Alola, M, shiny|100\/100|[from] Parting Shot\n|-weather|Snow|[from] ability: Snow Warning|[of] p1b: Ninetales\n|\n|-weather|Snow|[upkeep]\n|upkeep\n|turn|5\n|\n|t:|1700421276\n|move|p1a: Grimmsnarl|Parting Shot|p2b: Kyurem\n|-unboost|p2b: Kyurem|atk|1\n|-unboost|p2b: Kyurem|spa|1\n|\n|t:|1700421280\n|switch|p1a: Walrein|Walrein, F, shiny|100\/100|[from] Parting Shot\n|move|p2a: Zeraora|Plasma Fists|p1b: Ninetales\n|-damage|p1b: Ninetales|83\/100\n|-fieldactivate|move: Ion Deluge\n|-hint|Normal-type moves become Electric-type after using Plasma Fists.\n|move|p1b: Ninetales|Encore|p2b: Kyurem\n|-start|p2b: Kyurem|Encore\n|move|p2b: Kyurem|Fusion Bolt|p1b: Ninetales\n|-damage|p1b: Ninetales|0 fnt\n|faint|p1b: Ninetales\n|\n|-weather|Snow|[upkeep]\n|upkeep\n|\n|t:|1700421293\n|switch|p1b: Incineroar|Incineroar, F, shiny, tera:Fire|35\/100\n|-ability|p1b: Incineroar|Intimidate|boost\n|-unboost|p2a: Zeraora|atk|1\n|-unboost|p2b: Kyurem|atk|1\n|turn|6\n|\n|t:|1700421303\n|move|p1b: Incineroar|Fake Out|p2a: Zeraora\n|-damage|p2a: Zeraora|0 fnt\n|faint|p2a: Zeraora\n|move|p2b: Kyurem|Fusion Bolt|p1b: Incineroar\n|-damage|p1b: Incineroar|0 fnt\n|faint|p1b: Incineroar\n|move|p1a: Walrein|Swords Dance|p1a: Walrein\n|-boost|p1a: Walrein|atk|2\n|\n|-weather|Snow|[upkeep]\n|upkeep\n|\n|t:|1700421314\n|switch|p2a: Kangaskhan|Kangaskhan, F|100\/100\n|switch|p1b: Grimmsnarl|Grimmsnarl, M, shiny|100\/100\n|turn|7\n|\n|t:|1700421328\n|detailschange|p2a: Kangaskhan|Kangaskhan-Mega, F\n|-mega|p2a: Kangaskhan|Kangaskhan|Kangaskhanite\n|move|p1a: Walrein|Protect|p1a: Walrein\n|-singleturn|p1a: Walrein|Protect\n|move|p2a: Kangaskhan|Fake Out|p1b: Grimmsnarl\n|-damage|p1b: Grimmsnarl|78\/100\n|-crit|p1b: Grimmsnarl\n|-damage|p1b: Grimmsnarl|71\/100\n|-hitcount|p1b: Grimmsnarl|2\n|cant|p1b: Grimmsnarl|flinch\n|move|p2b: Kyurem|Fusion Bolt|p1a: Walrein\n|-activate|p1a: Walrein|move: Protect\n|\n|-weather|Snow|[upkeep]\n|-heal|p1b: Grimmsnarl|77\/100|[from] item: Leftovers\n|-end|p2b: Kyurem|Encore\n|upkeep\n|turn|8\n|\n|t:|1700421344\n|move|p1b: Grimmsnarl|Parting Shot|p2b: Kyurem\n|-unboost|p2b: Kyurem|atk|1\n|-unboost|p2b: Kyurem|spa|1\n|\n|t:|1700421350\n|switch|p1b: Salamence|Salamence-Mega, F, shiny|100\/100|[from] Parting Shot\n|move|p2b: Kyurem|Fusion Bolt|p1b: Salamence\n|-damage|p1b: Salamence|68\/100\n|move|p2a: Kangaskhan|Seismic Toss|p1b: Salamence\n|-damage|p1b: Salamence|38\/100\n|-damage|p1b: Salamence|7\/100\n|-hitcount|p1b: Salamence|2\n|move|p1a: Walrein|Icicle Spear|p2a: Kangaskhan\n|-damage|p2a: Kangaskhan|86\/100\n|-damage|p2a: Kangaskhan|72\/100\n|-damage|p2a: Kangaskhan|58\/100\n|-damage|p2a: Kangaskhan|43\/100\n|-crit|p2a: Kangaskhan\n|-damage|p2a: Kangaskhan|22\/100\n|-hitcount|p2a: Kangaskhan|5\n|\n|-weather|none\n|upkeep\n|turn|9\n|\n|t:|1700421369\n|move|p1b: Salamence|Protect|p1b: Salamence\n|-singleturn|p1b: Salamence|Protect\n|move|p2b: Kyurem|Dragon Dance|p2b: Kyurem\n|-boost|p2b: Kyurem|atk|1\n|-boost|p2b: Kyurem|spe|1\n|move|p2a: Kangaskhan|Seismic Toss|p1a: Walrein\n|-damage|p1a: Walrein|77\/100\n|-damage|p1a: Walrein|53\/100\n|-hitcount|p1a: Walrein|2\n|move|p1a: Walrein|Heavy Slam|p2b: Kyurem\n|-supereffective|p2b: Kyurem\n|-damage|p2b: Kyurem|55\/100\n|\n|upkeep\n|turn|10\n|inactive|GABRIELRCS48 has 120 seconds left.\n|\n|t:|1700421426\n|move|p2b: Kyurem|Dragon Dance|p2b: Kyurem\n|-boost|p2b: Kyurem|atk|1\n|-boost|p2b: Kyurem|spe|1\n|move|p1b: Salamence|Heat Wave|p2b: Kyurem|[spread] p2a,p2b\n|-damage|p2a: Kangaskhan|2\/100\n|-damage|p2b: Kyurem|40\/100\n|move|p2a: Kangaskhan|Seismic Toss|p1a: Walrein\n|-damage|p1a: Walrein|30\/100\n|-damage|p1a: Walrein|6\/100\n|-enditem|p1a: Walrein|Aguav Berry|[eat]\n|-heal|p1a: Walrein|39\/100|[from] item: Aguav Berry\n|-hitcount|p1a: Walrein|2\n|move|p1a: Walrein|Heavy Slam|p2b: Kyurem\n|-supereffective|p2b: Kyurem\n|-damage|p2b: Kyurem|27\/100\n|\n|upkeep\n|turn|11\n|\n|t:|1700421443\n|move|p1b: Salamence|Protect|p1b: Salamence\n|-singleturn|p1b: Salamence|Protect\n|move|p2b: Kyurem|Icicle Spear|p1b: Salamence\n|-activate|p1b: Salamence|move: Protect\n|move|p2a: Kangaskhan|Seismic Toss|p1a: Walrein\n|-damage|p1a: Walrein|16\/100\n|-damage|p1a: Walrein|0 fnt\n|faint|p1a: Walrein\n|-hitcount|p1: Walrein|2\n|\n|upkeep\n|\n|t:|1700421450\n|switch|p1a: Grimmsnarl|Grimmsnarl, M, shiny|77\/100\n|turn|12\n|\n|t:|1700421457\n|move|p1a: Grimmsnarl|Sucker Punch|p2b: Kyurem\n|-crit|p2b: Kyurem\n|-damage|p2b: Kyurem|0 fnt\n|faint|p2b: Kyurem\n|move|p1b: Salamence|Heat Wave|p2a: Kangaskhan\n|-damage|p2a: Kangaskhan|0 fnt\n|faint|p2a: Kangaskhan\n|\n|-heal|p1a: Grimmsnarl|83\/100|[from] item: Leftovers\n|upkeep\n|\n|t:|1700421474\n|switch|p2a: Manaphy|Manaphy, shiny|100\/100\n|switch|p2b: Marshadow|Marshadow|100\/100\n|turn|13\n|\n|t:|1700421497\n|move|p1b: Salamence|Protect|p1b: Salamence\n|-singleturn|p1b: Salamence|Protect\n|move|p2b: Marshadow|Shadow Sneak|p1b: Salamence\n|-activate|p1b: Salamence|move: Protect\n|move|p2a: Manaphy|Hydro Pump|p1a: Grimmsnarl\n|-damage|p1a: Grimmsnarl|26\/100\n|move|p1a: Grimmsnarl|Play Rough|p2b: Marshadow\n|-supereffective|p2b: Marshadow\n|-damage|p2b: Marshadow|0 fnt\n|faint|p2b: Marshadow\n|\n|-heal|p1a: Grimmsnarl|32\/100|[from] item: Leftovers\n|upkeep\n|\n|t:|1700421499\n|switch|p2b: Rillaboom|Rillaboom, M|100\/100\n|-fieldstart|move: Grassy Terrain|[from] ability: Grassy Surge|[of] p2b: Rillaboom\n|turn|14\n|\n|t:|1700421523\n|move|p2b: Rillaboom|Grassy Glide|p1b: Salamence\n|-resisted|p1b: Salamence\n|-damage|p1b: Salamence|0 fnt\n|faint|p1b: Salamence\n|move|p1a: Grimmsnarl|Sucker Punch|p2a: Manaphy\n|-crit|p2a: Manaphy\n|-damage|p2a: Manaphy|54\/100\n|move|p2a: Manaphy|Hydro Pump|p1a: Grimmsnarl\n|-damage|p1a: Grimmsnarl|0 fnt\n|faint|p1a: Grimmsnarl\n|\n|-heal|p2a: Manaphy|60\/100|[from] Grassy Terrain\n|upkeep\n|\n|t:|1700421528\n|switch|p1b: Dragonite|Dragonite, M, shiny|100\/100\n|turn|15\n|\n|t:|1700421535\n|-terastallize|p2b: Rillaboom|Grass\n|move|p1b: Dragonite|Dragon Dance|p1b: Dragonite\n|-boost|p1b: Dragonite|atk|1\n|-boost|p1b: Dragonite|spe|1\n|move|p2a: Manaphy|Hydro Pump|p1b: Dragonite|[miss]\n|-miss|p2a: Manaphy|p1b: Dragonite\n|move|p2b: Rillaboom|Wood Hammer|p1b: Dragonite\n|-resisted|p1b: Dragonite\n|-damage|p1b: Dragonite|85\/100\n|-damage|p2b: Rillaboom|97\/100|[from] Recoil\n|\n|-heal|p2a: Manaphy|66\/100|[from] Grassy Terrain\n|-heal|p2b: Rillaboom|100\/100|[from] Grassy Terrain\n|upkeep\n|turn|16\n|\n|t:|1700421565\n|move|p1b: Dragonite|Extreme Speed|p2a: Manaphy\n|-damage|p2a: Manaphy|23\/100\n|move|p2a: Manaphy|Hydro Pump|p1b: Dragonite\n|-resisted|p1b: Dragonite\n|-damage|p1b: Dragonite|60\/100\n|move|p2b: Rillaboom|Wood Hammer|p1b: Dragonite\n|-resisted|p1b: Dragonite\n|-damage|p1b: Dragonite|29\/100\n|-damage|p2b: Rillaboom|93\/100|[from] Recoil\n|\n|-heal|p2a: Manaphy|29\/100|[from] Grassy Terrain\n|-heal|p2b: Rillaboom|99\/100|[from] Grassy Terrain\n|upkeep\n|turn|17\n|\n|t:|1700421575\n|move|p1b: Dragonite|Earthquake|p2b: Rillaboom|[spread] p2a,p2b\n|-resisted|p2b: Rillaboom\n|-damage|p2a: Manaphy|12\/100\n|-damage|p2b: Rillaboom|89\/100\n|move|p2a: Manaphy|Hydro Pump|p1b: Dragonite\n|-resisted|p1b: Dragonite\n|-damage|p1b: Dragonite|3\/100\n|move|p2b: Rillaboom|Wood Hammer|p1b: Dragonite\n|-resisted|p1b: Dragonite\n|-damage|p1b: Dragonite|0 fnt\n|faint|p1b: Dragonite\n|-damage|p2b: Rillaboom|88\/100|[from] Recoil\n|\n|win|NPC At Home\n|raw|GABRIELRCS48's rating: 1350 &rarr; <strong>1335<\/strong><br \/>(-15 for losing)\n|raw|NPC At Home's rating: 1446 &rarr; <strong>1461<\/strong><br \/>(+15 for winning)\n|c|\u2606NPC At Home|Ggs\n|l|\u2606GABRIELRCS48\n","uploadtime":1700421605,"views":2,"p1id":"gabrielrcs48","p2id":"npcathome","formatid":"gen9nationaldexdoubles","rating":1335,"private":0,"password":""}