{"id":"gen9nationaldexdoubles-1977627940","p1":"nombre epico.jpg","p2":"Dirtyd2oh9","format":"[Gen 9] National Dex Doubles","log":"|j|\u2606nombre epico.jpg\n|j|\u2606Dirtyd2oh9\n|t:|1698433182\n|gametype|doubles\n|player|p1|nombre epico.jpg|korrina|1332\n|player|p2|Dirtyd2oh9|rocketgrunt|1204\n|teamsize|p1|6\n|teamsize|p2|6\n|gen|9\n|tier|[Gen 9] National Dex Doubles\n|rated|\n|rule|HP Percentage Mod: HP is shown in percentages\n|rule|Endless Battle Clause: Forcing endless battles is banned\n|rule|OHKO Clause: OHKO moves are banned\n|rule|Evasion Moves Clause: Evasion moves are banned\n|rule|Evasion Abilities Clause: Evasion abilities are banned\n|rule|Species Clause: Limit one of each Pok\u00e9mon\n|rule|Gravity Sleep Clause: The combination of sleep-inducing moves with imperfect accuracy and Gravity or Gigantamax Orbeetle are banned\n|clearpoke\n|poke|p1|Iron Bundle|\n|poke|p1|Blaziken, M|\n|poke|p1|Ninetales-Alola, F|\n|poke|p1|Whimsicott, F|\n|poke|p1|Marshadow|\n|poke|p1|Zeraora|\n|poke|p2|Grimmsnarl, M|\n|poke|p2|Ferrothorn, M|\n|poke|p2|Alakazam, M|\n|poke|p2|Tyranitar, F|\n|poke|p2|Conkeldurr, M|\n|poke|p2|Excadrill, M|\n|teampreview\n|inactive|Battle timer is ON: inactive players will automatically lose when time's up. (requested by Dirtyd2oh9)\n|\n|t:|1698433193\n|start\n|switch|p1a: Ninetales|Ninetales-Alola, F, shiny|100\/100\n|switch|p1b: Whimsicott|Whimsicott, F, shiny|100\/100\n|switch|p2a: Tyranitar|Tyranitar, F, shiny|100\/100\n|switch|p2b: Excadrill|Excadrill, M|100\/100\n|-weather|Snow|[from] ability: Snow Warning|[of] p1a: Ninetales\n|-weather|Sandstorm|[from] ability: Sand Stream|[of] p2a: Tyranitar\n|turn|1\n|\n|t:|1698433209\n|detailschange|p2a: Tyranitar|Tyranitar-Mega, F, shiny\n|-mega|p2a: Tyranitar|Tyranitar|Tyranitarite\n|move|p1b: Whimsicott|Tailwind|p1b: Whimsicott\n|-sidestart|p1: nombre epico.jpg|move: Tailwind\n|move|p1a: Ninetales|Aurora Veil||[still]\n|-fail|p1a: Ninetales\n|move|p2b: Excadrill|Iron Head|p1a: Ninetales\n|-supereffective|p1a: Ninetales\n|-damage|p1a: Ninetales|0 fnt\n|faint|p1a: Ninetales\n|move|p2a: Tyranitar|Rock Slide|p1b: Whimsicott\n|-damage|p1b: Whimsicott|46\/100\n|\n|-weather|Sandstorm|[upkeep]\n|-damage|p1b: Whimsicott|40\/100|[from] Sandstorm\n|upkeep\n|c|\u2606nombre epico.jpg|A si cierto me olvid\u00e9 :v\n|inactive|nombre epico.jpg has 120 seconds left.\n|\n|t:|1698433233\n|switch|p1a: Blaziken|Blaziken, M, shiny|100\/100\n|turn|2\n|\n|t:|1698433245\n|switch|p2a: Grimmsnarl|Grimmsnarl, M|100\/100\n|detailschange|p1a: Blaziken|Blaziken-Mega, M, shiny\n|-mega|p1a: Blaziken|Blaziken|Blazikenite\n|move|p1a: Blaziken|Protect|p1a: Blaziken\n|-singleturn|p1a: Blaziken|Protect\n|move|p1b: Whimsicott|Dazzling Gleam|p2a: Grimmsnarl|[spread] p2a,p2b\n|-supereffective|p2a: Grimmsnarl\n|-resisted|p2b: Excadrill\n|-damage|p2a: Grimmsnarl|64\/100\n|-damage|p2b: Excadrill|94\/100\n|move|p2b: Excadrill|Rock Slide|p1b: Whimsicott|[spread] p1b\n|-activate|p1a: Blaziken|move: Protect\n|-damage|p1b: Whimsicott|19\/100\n|\n|-weather|Sandstorm|[upkeep]\n|-damage|p1a: Blaziken|95\/100|[from] Sandstorm\n|-damage|p1b: Whimsicott|13\/100|[from] Sandstorm\n|-damage|p2a: Grimmsnarl|58\/100|[from] Sandstorm\n|-ability|p1a: Blaziken|Speed Boost|boost\n|-boost|p1a: Blaziken|spe|1\n|upkeep\n|turn|3\n|\n|t:|1698433267\n|move|p1b: Whimsicott|Taunt|p2a: Grimmsnarl\n|-hint|Since gen 7, Dark is immune to Prankster moves.\n|-immune|p2a: Grimmsnarl\n|move|p2a: Grimmsnarl|Thunder Wave|p1a: Blaziken\n|-status|p1a: Blaziken|par\n|move|p1a: Blaziken|Close Combat|p2b: Excadrill\n|-supereffective|p2b: Excadrill\n|-damage|p2b: Excadrill|0 fnt\n|-unboost|p1a: Blaziken|def|1\n|-unboost|p1a: Blaziken|spd|1\n|faint|p2b: Excadrill\n|\n|-weather|Sandstorm|[upkeep]\n|-damage|p1b: Whimsicott|7\/100|[from] Sandstorm\n|-damage|p1a: Blaziken|89\/100 par|[from] Sandstorm\n|-damage|p2a: Grimmsnarl|52\/100|[from] Sandstorm\n|-ability|p1a: Blaziken|Speed Boost|boost\n|-boost|p1a: Blaziken|spe|1\n|upkeep\n|c|\u2606nombre epico.jpg|Y otra vez me olvide XDD\n|inactive|Dirtyd2oh9 has 120 seconds left.\n|\n|t:|1698433283\n|switch|p2b: Alakazam|Alakazam, M, shiny|100\/100\n|turn|4\n|\n|t:|1698433294\n|move|p2a: Grimmsnarl|Reflect|p2a: Grimmsnarl\n|-sidestart|p2: Dirtyd2oh9|Reflect\n|move|p1a: Blaziken|Flare Blitz|p2b: Alakazam\n|-damage|p2b: Alakazam|0 fnt\n|faint|p2b: Alakazam\n|-damage|p1a: Blaziken|61\/100 par|[from] Recoil\n|move|p1b: Whimsicott|Dazzling Gleam|p2a: Grimmsnarl\n|-supereffective|p2a: Grimmsnarl\n|-damage|p2a: Grimmsnarl|5\/100\n|\n|-weather|Sandstorm|[upkeep]\n|-damage|p1a: Blaziken|55\/100 par|[from] Sandstorm\n|-damage|p1b: Whimsicott|1\/100|[from] Sandstorm\n|-damage|p2a: Grimmsnarl|0 fnt|[from] Sandstorm\n|faint|p2a: Grimmsnarl\n|-sideend|p1: nombre epico.jpg|move: Tailwind\n|-ability|p1a: Blaziken|Speed Boost|boost\n|-boost|p1a: Blaziken|spe|1\n|upkeep\n|\n|t:|1698433309\n|switch|p2b: Conkeldurr|Conkeldurr, M|100\/100\n|switch|p2a: Tyranitar|Tyranitar-Mega, F, shiny|100\/100\n|turn|5\n|\n|t:|1698433332\n|-terastallize|p2b: Conkeldurr|Fairy\n|move|p1b: Whimsicott|Tailwind|p1b: Whimsicott\n|-sidestart|p1: nombre epico.jpg|move: Tailwind\n|move|p1a: Blaziken|Close Combat|p2a: Tyranitar\n|-supereffective|p2a: Tyranitar\n|-damage|p2a: Tyranitar|0 fnt\n|-unboost|p1a: Blaziken|def|1\n|-unboost|p1a: Blaziken|spd|1\n|faint|p2a: Tyranitar\n|move|p2b: Conkeldurr|Bulk Up|p2b: Conkeldurr\n|-boost|p2b: Conkeldurr|atk|1\n|-boost|p2b: Conkeldurr|def|1\n|\n|-weather|none\n|-ability|p1a: Blaziken|Speed Boost|boost\n|-boost|p1a: Blaziken|spe|1\n|-status|p2b: Conkeldurr|brn|[from] item: Flame Orb\n|upkeep\n|\n|t:|1698433350\n|switch|p2a: Ferrothorn|Ferrothorn, M, shiny|100\/100\n|turn|6\n|\n|t:|1698433362\n|move|p1b: Whimsicott|Encore|p2b: Conkeldurr\n|-start|p2b: Conkeldurr|Encore\n|move|p2b: Conkeldurr|Bulk Up|p2b: Conkeldurr\n|-boost|p2b: Conkeldurr|atk|1\n|-boost|p2b: Conkeldurr|def|1\n|move|p1a: Blaziken|Flare Blitz|p2a: Ferrothorn\n|-supereffective|p2a: Ferrothorn\n|-damage|p2a: Ferrothorn|0 fnt\n|-damage|p1a: Blaziken|43\/100 par|[from] ability: Iron Barbs|[of] p2a: Ferrothorn\n|faint|p2a: Ferrothorn\n|-damage|p1a: Blaziken|4\/100 par|[from] Recoil\n|\n|-damage|p2b: Conkeldurr|94\/100 brn|[from] brn\n|-ability|p1a: Blaziken|Speed Boost|boost\n|-boost|p1a: Blaziken|spe|1\n|upkeep\n|turn|7\n|\n|t:|1698433381\n|switch|p1a: Marshadow|Marshadow|100\/100\n|switch|p1b: Zeraora|Zeraora|100\/100\n|move|p2b: Conkeldurr|Bulk Up|p2b: Conkeldurr\n|-boost|p2b: Conkeldurr|atk|1\n|-boost|p2b: Conkeldurr|def|1\n|\n|-damage|p2b: Conkeldurr|88\/100 brn|[from] brn\n|upkeep\n|turn|8\n|\n|t:|1698433395\n|move|p1b: Zeraora|Fake Out|p2b: Conkeldurr\n|-damage|p2b: Conkeldurr|85\/100 brn\n|-damage|p1b: Zeraora|91\/100|[from] item: Life Orb\n|move|p1a: Marshadow|Spectral Thief||[still]\n|-clearpositiveboost|p2b: Conkeldurr|p1a: Marshadow|move: Spectral Thief\n|-boost|p1a: Marshadow|atk|3\n|-boost|p1a: Marshadow|def|3\n|-anim|p1a: Marshadow|Spectral Thief|p2b: Conkeldurr\n|-damage|p2b: Conkeldurr|22\/100 brn\n|cant|p2b: Conkeldurr|flinch\n|\n|-damage|p2b: Conkeldurr|15\/100 brn|[from] brn\n|-end|p2b: Conkeldurr|Encore\n|-sideend|p1: nombre epico.jpg|move: Tailwind\n|upkeep\n|turn|9\n|\n|t:|1698433417\n|move|p1a: Marshadow|Shadow Sneak|p2b: Conkeldurr\n|-damage|p2b: Conkeldurr|0 fnt\n|faint|p2b: Conkeldurr\n|\n|win|nombre epico.jpg\n|raw|nombre epico.jpg's rating: 1332 &rarr; <strong>1345<\/strong><br \/>(+13 for winning)\n|raw|Dirtyd2oh9's rating: 1204 &rarr; <strong>1188<\/strong><br \/>(-16 for losing)\n|l|\u2606Dirtyd2oh9\n","uploadtime":1698433427,"views":10,"p1id":"nombreepicojpg","p2id":"dirtyd2oh9","formatid":"gen9nationaldexdoubles","rating":1188,"private":0,"password":""}