{"id":"gen9nationaldexdoubles-1994696601","p1":"fumbari 24","p2":"Prapple2","format":"[Gen 9] National Dex Doubles","log":"|j|\u2606fumbari 24\n|j|\u2606Prapple2\n|t:|1700482430\n|gametype|doubles\n|player|p1|fumbari 24|hilbert|1226\n|player|p2|Prapple2|caitlin|1322\n|teamsize|p1|6\n|teamsize|p2|6\n|gen|9\n|tier|[Gen 9] National Dex Doubles\n|rated|\n|rule|HP Percentage Mod: HP is shown in percentages\n|rule|Endless Battle Clause: Forcing endless battles is banned\n|rule|OHKO Clause: OHKO moves are banned\n|rule|Evasion Moves Clause: Evasion moves are banned\n|rule|Evasion Abilities Clause: Evasion abilities are banned\n|rule|Species Clause: Limit one of each Pok\u00e9mon\n|rule|Gravity Sleep Clause: The combination of sleep-inducing moves with imperfect accuracy and Gravity or Gigantamax Orbeetle are banned\n|clearpoke\n|poke|p1|Audino, F|\n|poke|p1|Zoroark, M|\n|poke|p1|Mimikyu, M|\n|poke|p1|Gholdengo|\n|poke|p1|Moltres-Galar|\n|poke|p1|Ogerpon-Cornerstone, F|\n|poke|p2|Indeedee-F, F|\n|poke|p2|Oranguru, M|\n|poke|p2|Slowking-Galar, M|\n|poke|p2|Armarouge, F|\n|poke|p2|Hoopa-Unbound|\n|poke|p2|Tapu Lele|\n|teampreview\n|\n|t:|1700482483\n|start\n|switch|p1a: Gholdengo|Gholdengo|100\/100\n|switch|p1b: Mimikyu|Mimikyu, M|100\/100\n|switch|p2a: Indeedee|Indeedee-F, F, shiny|100\/100\n|switch|p2b: Armarouge|Armarouge, F|100\/100\n|-fieldstart|move: Psychic Terrain|[from] ability: Psychic Surge|[of] p2a: Indeedee\n|turn|1\n|\n|t:|1700482492\n|move|p2a: Indeedee|Follow Me|p2a: Indeedee\n|-singleturn|p2a: Indeedee|move: Follow Me\n|move|p1a: Gholdengo|Knock Off|p2a: Indeedee\n|-supereffective|p2a: Indeedee\n|-damage|p2a: Indeedee|12\/100\n|-enditem|p2a: Indeedee|Focus Sash|[from] move: Knock Off|[of] p1a: Gholdengo\n|move|p1b: Mimikyu|Trick Room|p1b: Mimikyu\n|-fieldstart|move: Trick Room|[of] p1b: Mimikyu\n|move|p2b: Armarouge|Trick Room|p2b: Armarouge\n|-fieldend|move: Trick Room\n|\n|upkeep\n|turn|2\n|\n|t:|1700482507\n|move|p2a: Indeedee|Follow Me|p2a: Indeedee\n|-singleturn|p2a: Indeedee|move: Follow Me\n|move|p1a: Gholdengo|Knock Off|p2a: Indeedee\n|-supereffective|p2a: Indeedee\n|-damage|p2a: Indeedee|0 fnt\n|faint|p2a: Indeedee\n|move|p1b: Mimikyu|Shadow Claw|p2b: Armarouge\n|-supereffective|p2b: Armarouge\n|-damage|p2b: Armarouge|41\/100\n|move|p2b: Armarouge|Expanding Force|p1a: Gholdengo|[spread] p1b\n|-immune|p1a: Gholdengo\n|-activate|p1b: Mimikyu|ability: Disguise\n|-damage|p1b: Mimikyu|100\/100\n|detailschange|p1b: Mimikyu|Mimikyu-Busted, M\n|-damage|p1b: Mimikyu|88\/100|[from] pokemon: Mimikyu-Busted\n|-damage|p2b: Armarouge|31\/100|[from] item: Life Orb\n|\n|upkeep\n|\n|t:|1700482514\n|switch|p2a: Oranguru|Oranguru, M|100\/100\n|turn|3\n|\n|t:|1700482531\n|move|p2a: Oranguru|Ally Switch|p2a: Oranguru\n|swap|p2a: Oranguru|1|[from] move: Ally Switch\n|move|p1a: Gholdengo|Knock Off|p2a: Armarouge\n|-supereffective|p2a: Armarouge\n|-damage|p2a: Armarouge|0 fnt\n|-enditem|p2a: Armarouge|Life Orb|[from] move: Knock Off|[of] p1a: Gholdengo\n|faint|p2a: Armarouge\n|-zpower|p1b: Mimikyu\n|move|p1b: Mimikyu|Let's Snuggle Forever|p2b: Oranguru|[zeffect]\n|-damage|p2b: Oranguru|30\/100\n|\n|upkeep\n|\n|t:|1700482539\n|switch|p2a: Slowking|Slowking-Galar, M|100\/100\n|turn|4\n|\n|t:|1700482551\n|move|p1a: Gholdengo|Knock Off|p2a: Slowking\n|-supereffective|p2a: Slowking\n|-damage|p2a: Slowking|27\/100\n|-zpower|p2a: Slowking\n|move|p2a: Slowking|Inferno Overdrive|p1a: Gholdengo|[zeffect]\n|-enditem|p1a: Gholdengo|Focus Sash\n|-damage|p1a: Gholdengo|1\/100\n|replace|p1a: Zoroark|Zoroark, M\n|-end|p1a: Zoroark|Illusion\n|move|p1b: Mimikyu|Trick Room|p1b: Mimikyu\n|-fieldstart|move: Trick Room|[of] p1b: Mimikyu\n|move|p2b: Oranguru|Trick Room|p2b: Oranguru\n|-fieldend|move: Trick Room\n|\n|upkeep\n|turn|5\n|\n|t:|1700482567\n|move|p1a: Zoroark|Knock Off|p2b: Oranguru\n|-supereffective|p2b: Oranguru\n|-damage|p2b: Oranguru|0 fnt\n|-enditem|p2b: Oranguru|Mental Herb|[from] move: Knock Off|[of] p1a: Zoroark\n|faint|p2b: Oranguru\n|move|p1b: Mimikyu|Shadow Claw|p2a: Slowking\n|-supereffective|p2a: Slowking\n|-damage|p2a: Slowking|0 fnt\n|faint|p2a: Slowking\n|\n|-fieldend|move: Psychic Terrain\n|upkeep\n|\n|t:|1700482571\n|switch|p2b: Hoopa|Hoopa-Unbound|100\/100\n|switch|p2a: Tapu Lele|Tapu Lele|100\/100\n|-fieldstart|move: Psychic Terrain|[from] ability: Psychic Surge|[of] p2a: Tapu Lele\n|turn|6\n|\n|t:|1700482593\n|move|p1a: Zoroark|Knock Off|p2b: Hoopa\n|-damage|p2b: Hoopa|27\/100\n|-enditem|p2b: Hoopa|Assault Vest|[from] move: Knock Off|[of] p1a: Zoroark\n|move|p1b: Mimikyu|Shadow Claw|p2a: Tapu Lele\n|-supereffective|p2a: Tapu Lele\n|-damage|p2a: Tapu Lele|17\/100\n|move|p2a: Tapu Lele|Dazzling Gleam|p1b: Mimikyu|[spread] p1a,p1b\n|-supereffective|p1a: Zoroark\n|-damage|p1a: Zoroark|0 fnt\n|-damage|p1b: Mimikyu|42\/100\n|faint|p1a: Zoroark\n|-damage|p2a: Tapu Lele|7\/100|[from] item: Life Orb\n|move|p2b: Hoopa|Drain Punch|p1b: Mimikyu\n|-immune|p1b: Mimikyu\n|\n|upkeep\n|-message|Prapple2 forfeited.\n|\n|win|fumbari 24\n|raw|fumbari 24's rating: 1226 &rarr; <strong>1258<\/strong><br \/>(+32 for winning)\n|raw|Prapple2's rating: 1322 &rarr; <strong>1297<\/strong><br \/>(-25 for losing)\n|l|\u2606Prapple2\n","uploadtime":1700482624,"views":1,"p1id":"fumbari24","p2id":"prapple2","formatid":"gen9nationaldexdoubles","rating":1258,"private":0,"password":""}