{"id":"gen9nationaldexdoubles-1960900562","p1":"Theadonia","p2":"GatosLover","format":"[Gen 9] National Dex Doubles","log":"|j|\u2606Theadonia\n|j|\u2606GatosLover\n|t:|1696570679\n|gametype|doubles\n|player|p1|Theadonia|caitlin|1230\n|player|p2|GatosLover|marnie|1000\n|teamsize|p1|6\n|teamsize|p2|6\n|gen|9\n|tier|[Gen 9] National Dex Doubles\n|rated|\n|rule|HP Percentage Mod: HP is shown in percentages\n|rule|Endless Battle Clause: Forcing endless battles is banned\n|rule|OHKO Clause: OHKO moves are banned\n|rule|Evasion Moves Clause: Evasion moves are banned\n|rule|Evasion Abilities Clause: Evasion abilities are banned\n|rule|Species Clause: Limit one of each Pok\u00e9mon\n|rule|Gravity Sleep Clause: The combination of sleep-inducing moves with imperfect accuracy and Gravity or Gigantamax Orbeetle are banned\n|clearpoke\n|poke|p1|Delphox, M|\n|poke|p1|Oricorio-Sensu, F|\n|poke|p1|Kommo-o, F|\n|poke|p1|Riolu, F|\n|poke|p1|Cresselia, F|\n|poke|p1|Smeargle, F|\n|poke|p2|Kommo-o, F|\n|poke|p2|Linoone, M|\n|poke|p2|Tapu Lele|\n|poke|p2|Sylveon, F|\n|poke|p2|Oricorio-Pom-Pom, F|\n|poke|p2|Volcarona, F|\n|teampreview\n|\n|t:|1696570689\n|start\n|switch|p1a: Delphox|Delphox, M, shiny|100\/100\n|switch|p1b: Oricorio|Oricorio-Sensu, F, shiny|100\/100\n|switch|p2a: Heart|Kommo-o, F|100\/100\n|switch|p2b: takuache|Linoone, M|100\/100\n|turn|1\n|\n|t:|1696570706\n|-terastallize|p1b: Oricorio|Fairy\n|move|p1a: Delphox|Role Play|p1b: Oricorio\n|-endability|p1a: Delphox|Magician|[from] move: Role Play\n|-ability|p1a: Delphox|Dancer|[from] move: Role Play|[of] p1b: Oricorio\n|move|p2b: takuache|Simple Beam|p2a: Heart\n|-endability|p2a: Heart|Soundproof|[from] move: Simple Beam\n|-ability|p2a: Heart|Simple|[from] move: Simple Beam\n|move|p2a: Heart|Flamethrower|p1b: Oricorio\n|-damage|p1b: Oricorio|70\/100\n|move|p1b: Oricorio|Revelation Dance|p2a: Heart\n|-supereffective|p2a: Heart\n|-damage|p2a: Heart|0 fnt\n|faint|p2a: Heart\n|-activate|p1a: Delphox|ability: Dancer\n|move|p1a: Delphox|Revelation Dance|p2b: takuache|[from]ability: Dancer\n|-damage|p2b: takuache|25\/100\n|\n|upkeep\n|\n|t:|1696570722\n|switch|p2a: pompom|Oricorio-Pom-Pom, F, shiny|100\/100\n|turn|2\n|\n|t:|1696570731\n|switch|p2b: mothra|Volcarona, F|100\/100\n|move|p2a: pompom|Protect|p2a: pompom\n|-singleturn|p2a: pompom|Protect\n|move|p1a: Delphox|Copycat||[still]\n|-fail|p1a: Delphox\n|move|p1b: Oricorio|Quiver Dance|p1b: Oricorio\n|-boost|p1b: Oricorio|spa|1\n|-boost|p1b: Oricorio|spd|1\n|-boost|p1b: Oricorio|spe|1\n|-activate|p2a: pompom|ability: Dancer\n|move|p2a: pompom|Quiver Dance|p2a: pompom|[from]ability: Dancer\n|-boost|p2a: pompom|spa|1\n|-boost|p2a: pompom|spd|1\n|-boost|p2a: pompom|spe|1\n|-activate|p1a: Delphox|ability: Dancer\n|move|p1a: Delphox|Quiver Dance|p1a: Delphox|[from]ability: Dancer\n|-boost|p1a: Delphox|spa|1\n|-boost|p1a: Delphox|spd|1\n|-boost|p1a: Delphox|spe|1\n|\n|upkeep\n|turn|3\n|\n|t:|1696570754\n|move|p1a: Delphox|Copycat|p1a: Delphox\n|move|p1a: Delphox|Quiver Dance|p1a: Delphox|[from]move: Copycat\n|-boost|p1a: Delphox|spa|1\n|-boost|p1a: Delphox|spd|1\n|-boost|p1a: Delphox|spe|1\n|-activate|p2a: pompom|ability: Dancer\n|move|p2a: pompom|Quiver Dance|p2a: pompom|[from]ability: Dancer\n|-boost|p2a: pompom|spa|1\n|-boost|p2a: pompom|spd|1\n|-boost|p2a: pompom|spe|1\n|-activate|p1b: Oricorio|ability: Dancer\n|move|p1b: Oricorio|Quiver Dance|p1b: Oricorio|[from]ability: Dancer\n|-boost|p1b: Oricorio|spa|1\n|-boost|p1b: Oricorio|spd|1\n|-boost|p1b: Oricorio|spe|1\n|move|p1b: Oricorio|Revelation Dance|p2a: pompom\n|-damage|p2a: pompom|64\/100\n|-activate|p2a: pompom|ability: Dancer\n|move|p2a: pompom|Revelation Dance|p1b: Oricorio|[from]ability: Dancer\n|-damage|p1b: Oricorio|34\/100\n|-activate|p1a: Delphox|ability: Dancer\n|move|p1a: Delphox|Revelation Dance|p2a: pompom|[from]ability: Dancer\n|-damage|p2a: pompom|6\/100\n|move|p2a: pompom|Quiver Dance|p2a: pompom\n|-boost|p2a: pompom|spa|1\n|-boost|p2a: pompom|spd|1\n|-boost|p2a: pompom|spe|1\n|-activate|p1b: Oricorio|ability: Dancer\n|move|p1b: Oricorio|Quiver Dance|p1b: Oricorio|[from]ability: Dancer\n|-boost|p1b: Oricorio|spa|1\n|-boost|p1b: Oricorio|spd|1\n|-boost|p1b: Oricorio|spe|1\n|-activate|p1a: Delphox|ability: Dancer\n|move|p1a: Delphox|Quiver Dance|p1a: Delphox|[from]ability: Dancer\n|-boost|p1a: Delphox|spa|1\n|-boost|p1a: Delphox|spd|1\n|-boost|p1a: Delphox|spe|1\n|move|p2b: mothra|Quiver Dance|p2b: mothra\n|-boost|p2b: mothra|spa|1\n|-boost|p2b: mothra|spd|1\n|-boost|p2b: mothra|spe|1\n|-activate|p2a: pompom|ability: Dancer\n|move|p2a: pompom|Quiver Dance|p2a: pompom|[from]ability: Dancer\n|-boost|p2a: pompom|spa|1\n|-boost|p2a: pompom|spd|1\n|-boost|p2a: pompom|spe|1\n|-activate|p1b: Oricorio|ability: Dancer\n|move|p1b: Oricorio|Quiver Dance|p1b: Oricorio|[from]ability: Dancer\n|-boost|p1b: Oricorio|spa|1\n|-boost|p1b: Oricorio|spd|1\n|-boost|p1b: Oricorio|spe|1\n|-activate|p1a: Delphox|ability: Dancer\n|move|p1a: Delphox|Quiver Dance|p1a: Delphox|[from]ability: Dancer\n|-boost|p1a: Delphox|spa|1\n|-boost|p1a: Delphox|spd|1\n|-boost|p1a: Delphox|spe|1\n|\n|-heal|p2a: pompom|12\/100|[from] item: Leftovers\n|upkeep\n|turn|4\n|\n|t:|1696570786\n|move|p2a: pompom|Protect|p2a: pompom\n|-singleturn|p2a: pompom|Protect\n|move|p1a: Delphox|Heat Wave|p2a: pompom|[spread] p2b\n|-activate|p2a: pompom|move: Protect\n|-damage|p2b: mothra|30\/100\n|move|p1b: Oricorio|Roost|p1b: Oricorio\n|-heal|p1b: Oricorio|84\/100\n|move|p2b: mothra|Fiery Dance|p1b: Oricorio\n|-damage|p1b: Oricorio|52\/100\n|-boost|p2b: mothra|spa|1\n|-activate|p2a: pompom|ability: Dancer\n|move|p2a: pompom|Fiery Dance|p1b: Oricorio|[from]ability: Dancer\n|-damage|p1b: Oricorio|27\/100\n|-boost|p2a: pompom|spa|1\n|-activate|p1b: Oricorio|ability: Dancer\n|move|p1b: Oricorio|Fiery Dance|p2b: mothra|[from]ability: Dancer\n|-damage|p2b: mothra|0 fnt\n|-boost|p1b: Oricorio|spa|1\n|faint|p2b: mothra\n|-activate|p1a: Delphox|ability: Dancer\n|move|p1a: Delphox|Fiery Dance|p2a: pompom|[from]ability: Dancer\n|-activate|p2a: pompom|move: Protect\n|\n|-heal|p2a: pompom|19\/100|[from] item: Leftovers\n|upkeep\n|\n|t:|1696570810\n|switch|p2b: takuache|Linoone, M|25\/100\n|turn|5\n|\n|t:|1696570821\n|-terastallize|p2a: pompom|Water\n|move|p2b: takuache|Extreme Speed|p1b: Oricorio\n|-damage|p1b: Oricorio|4\/100\n|-enditem|p1b: Oricorio|Aguav Berry|[eat]\n|-heal|p1b: Oricorio|37\/100|[from] item: Aguav Berry\n|move|p1a: Delphox|Copycat|p1a: Delphox\n|move|p1a: Delphox|Extreme Speed|p2b: takuache|[from]move: Copycat\n|-damage|p2b: takuache|4\/100\n|move|p1b: Oricorio|Revelation Dance|p2a: pompom\n|-damage|p2a: pompom|0 fnt\n|faint|p2a: pompom\n|-activate|p1a: Delphox|ability: Dancer\n|move|p1a: Delphox|Revelation Dance|p2b: takuache|[from]ability: Dancer\n|-damage|p2b: takuache|0 fnt\n|faint|p2b: takuache\n|\n|upkeep\n|\n|t:|1696570836\n|switch|p2b: coquett|Tapu Lele|100\/100\n|switch|p2a: Silvia|Sylveon, F|100\/100\n|-fieldstart|move: Psychic Terrain|[from] ability: Psychic Surge|[of] p2b: coquett\n|turn|6\n|\n|t:|1696570851\n|move|p1a: Delphox|Stored Power|p2a: Silvia\n|-damage|p2a: Silvia|0 fnt\n|faint|p2a: Silvia\n|move|p1b: Oricorio|Revelation Dance|p2b: coquett\n|-damage|p2b: coquett|0 fnt\n|faint|p2b: coquett\n|-activate|p1a: Delphox|ability: Dancer\n|move|p1a: Delphox|Revelation Dance|p2: Silvia|[from]ability: Dancer|[notarget]\n|-fail|p1a: Delphox\n|\n|win|Theadonia\n|raw|Theadonia's rating: 1230 &rarr; <strong>1241<\/strong><br \/>(+11 for winning)\n|raw|GatosLover's rating: 1000 &rarr; <strong>1000<\/strong><br \/>(+0 for losing)\n|c|\u2606Theadonia|Ggwp\n|c|\u2606GatosLover|gg\n","uploadtime":1696570867,"views":10,"p1id":"theadonia","p2id":"gatoslover","formatid":"gen9nationaldexdoubles","rating":1000,"private":0,"password":""}