{"id":"gen9nationaldexdoubles-1965599401","p1":"Mangoman22","p2":"ImaScaryMonster","format":"[Gen 9] National Dex Doubles","log":"|j|\u2606Mangoman22\n|j|\u2606ImaScaryMonster\n|t:|1697094660\n|gametype|doubles\n|player|p1|Mangoman22|169|1180\n|player|p2|ImaScaryMonster|delinquent|1186\n|teamsize|p1|6\n|teamsize|p2|6\n|gen|9\n|tier|[Gen 9] National Dex Doubles\n|rated|\n|rule|HP Percentage Mod: HP is shown in percentages\n|rule|Endless Battle Clause: Forcing endless battles is banned\n|rule|OHKO Clause: OHKO moves are banned\n|rule|Evasion Moves Clause: Evasion moves are banned\n|rule|Evasion Abilities Clause: Evasion abilities are banned\n|rule|Species Clause: Limit one of each Pok\u00e9mon\n|rule|Gravity Sleep Clause: The combination of sleep-inducing moves with imperfect accuracy and Gravity or Gigantamax Orbeetle are banned\n|clearpoke\n|poke|p1|Cramorant, M|\n|poke|p1|Politoed, F|\n|poke|p1|Gastrodon, M|\n|poke|p1|Garchomp, M|\n|poke|p1|Floatzel, M|\n|poke|p1|Volcanion|\n|poke|p2|Sceptile, M|\n|poke|p2|Gyarados, M|\n|poke|p2|Moltres|\n|poke|p2|Alakazam, M|\n|poke|p2|Kingambit, M|\n|poke|p2|Zoroark-Hisui, F|\n|teampreview\n|c|\u2606Mangoman22|glhf\n|c|\u2606ImaScaryMonster|no u\n|c|\u2606Mangoman22|dang, you right\n|\n|t:|1697094689\n|start\n|switch|p1a: Politoed|Politoed, F|100\/100\n|switch|p1b: Volcanion|Volcanion|100\/100\n|switch|p2a: Lance's Gyarados|Gyarados, M, shiny|100\/100\n|switch|p2b: Sabrina's Alakazam|Alakazam, M|100\/100\n|-ability|p2a: Lance's Gyarados|Intimidate|boost\n|-unboost|p1a: Politoed|atk|1\n|-unboost|p1b: Volcanion|atk|1\n|-weather|RainDance|[from] ability: Drizzle|[of] p1a: Politoed\n|turn|1\n|\n|t:|1697094720\n|move|p2b: Sabrina's Alakazam|Shadow Ball|p1b: Volcanion\n|-damage|p1b: Volcanion|60\/100\n|move|p2a: Lance's Gyarados|Earthquake|p1a: Politoed|[spread] p2b,p1a,p1b\n|-supereffective|p1b: Volcanion\n|-damage|p2b: Sabrina's Alakazam|55\/100\n|-damage|p1a: Politoed|74\/100\n|-damage|p1b: Volcanion|24\/100\n|replace|p2b: Zoroark|Zoroark-Hisui, F, shiny\n|-end|p2b: Zoroark|Illusion\n|move|p1b: Volcanion|Steam Eruption|p2b: Zoroark|[miss]\n|-miss|p1b: Volcanion|p2b: Zoroark\n|move|p1a: Politoed|Blizzard|p2b: Zoroark|[spread] p2a,p2b\n|-damage|p2a: Lance's Gyarados|84\/100\n|-damage|p2b: Zoroark|20\/100\n|-status|p2a: Lance's Gyarados|frz\n|\n|-weather|RainDance|[upkeep]\n|upkeep\n|turn|2\n|c|\u2606ImaScaryMonster|no way\n|\n|t:|1697094750\n|switch|p1b: Gastrodon|Gastrodon, M|100\/100\n|move|p2b: Zoroark|Shadow Ball|p1b: Gastrodon\n|-damage|p1b: Gastrodon|65\/100\n|cant|p2a: Lance's Gyarados|frz\n|move|p1a: Politoed|Surf|p2a: Lance's Gyarados|[spread] p2a,p2b\n|-ability|p1b: Gastrodon|Storm Drain|boost\n|-boost|p1b: Gastrodon|spa|1\n|-resisted|p2a: Lance's Gyarados\n|-damage|p2a: Lance's Gyarados|70\/100 frz\n|-damage|p2b: Zoroark|0 fnt\n|faint|p2b: Zoroark\n|\n|-weather|RainDance|[upkeep]\n|upkeep\n|c|\u2606Mangoman22|yes way\n|\n|t:|1697094769\n|switch|p2b: DinoSamurai|Sceptile, M, shiny|100\/100\n|turn|3\n|\n|t:|1697094786\n|switch|p1a: Volcanion|Volcanion|24\/100\n|-terastallize|p1b: Gastrodon|Fighting\n|move|p2b: DinoSamurai|Leaf Storm|p1a: Volcanion\n|-damage|p1a: Volcanion|0 fnt\n|-unboost|p2b: DinoSamurai|spa|2\n|-enditem|p2b: DinoSamurai|White Herb\n|-clearnegativeboost|p2b: DinoSamurai|[silent]\n|faint|p1a: Volcanion\n|cant|p2a: Lance's Gyarados|frz\n|move|p1b: Gastrodon|Surf|p2b: DinoSamurai|[spread] p2a,p2b\n|-resisted|p2a: Lance's Gyarados\n|-resisted|p2b: DinoSamurai\n|-damage|p2a: Lance's Gyarados|24\/100 frz\n|-damage|p2b: DinoSamurai|35\/100\n|\n|-weather|RainDance|[upkeep]\n|upkeep\n|\n|t:|1697094810\n|switch|p1a: Floatzel|Floatzel, M|100\/100\n|turn|4\n|\n|t:|1697094820\n|move|p2b: DinoSamurai|Leaf Storm|p1a: Floatzel\n|-supereffective|p1a: Floatzel\n|-damage|p1a: Floatzel|0 fnt\n|-unboost|p2b: DinoSamurai|spa|2\n|faint|p1a: Floatzel\n|cant|p2a: Lance's Gyarados|frz\n|move|p1b: Gastrodon|Surf|p2a: Lance's Gyarados|[spread] p2a,p2b\n|-resisted|p2a: Lance's Gyarados\n|-resisted|p2b: DinoSamurai\n|-damage|p2a: Lance's Gyarados|0 fnt\n|-damage|p2b: DinoSamurai|0 fnt\n|faint|p2a: Lance's Gyarados\n|faint|p2b: DinoSamurai\n|\n|-weather|RainDance|[upkeep]\n|upkeep\n|c|\u2606Mangoman22|oh, its faster\n|c|\u2606Mangoman22|how much speed did that thing have?\n|c|\u2606Mangoman22|i was at 660 I think\n|\n|t:|1697094845\n|switch|p2b: Green's Moltres|Moltres|100\/100\n|switch|p1a: Garchomp|Garchomp, M|100\/100\n|switch|p2a: Sabrina's Alakazam|Alakazam, M|100\/100\n|turn|5\n|c|\u2606ImaScaryMonster|over 700\n|c|\u2606Mangoman22|oof\n|c|\u2606ImaScaryMonster|754\n|c|\u2606Mangoman22|holy, thats crazy\n|\n|t:|1697094903\n|detailschange|p2a: Sabrina's Alakazam|Alakazam-Mega, M\n|-mega|p2a: Sabrina's Alakazam|Alakazam|Alakazite\n|-ability|p2a: Sabrina's Alakazam|Storm Drain|[from] ability: Trace|[of] p1b: Gastrodon\n|-terastallize|p2b: Green's Moltres|Fairy\n|move|p2a: Sabrina's Alakazam|Psychic|p1b: Gastrodon\n|-supereffective|p1b: Gastrodon\n|-damage|p1b: Gastrodon|0 fnt\n|faint|p1b: Gastrodon\n|move|p1a: Garchomp|Dragon Claw|p2b: Green's Moltres\n|-immune|p2b: Green's Moltres\n|move|p2b: Green's Moltres|Hurricane|p1a: Garchomp\n|-damage|p1a: Garchomp|49\/100\n|\n|-weather|RainDance|[upkeep]\n|upkeep\n|c|\u2606Mangoman22|ahhhh unburden, I forgor\n|c|\u2606ImaScaryMonster|yee\n|\n|t:|1697094917\n|switch|p1b: Cramorant|Cramorant, M|100\/100\n|turn|6\n|\n|t:|1697094953\n|move|p2a: Sabrina's Alakazam|Dazzling Gleam|p1a: Garchomp|[spread] p1a,p1b\n|-supereffective|p1a: Garchomp\n|-damage|p1a: Garchomp|0 fnt\n|-damage|p1b: Cramorant|68\/100\n|faint|p1a: Garchomp\n|move|p1b: Cramorant|Surf|p2a: Sabrina's Alakazam|[spread] p2b\n|-ability|p2a: Sabrina's Alakazam|Storm Drain|boost\n|-boost|p2a: Sabrina's Alakazam|spa|1\n|-formechange|p1b: Cramorant|Cramorant-Gulping|\n|-damage|p2b: Green's Moltres|44\/100\n|move|p2b: Green's Moltres|Hurricane|p1b: Cramorant\n|-damage|p1b: Cramorant|8\/100\n|-damage|p2b: Green's Moltres|19\/100|[from] ability: Gulp Missile|[of] p1b: Cramorant\n|-unboost|p2b: Green's Moltres|def|1\n|-formechange|p1b: Cramorant|Cramorant|\n|\n|-weather|RainDance|[upkeep]\n|upkeep\n|c|\u2606ImaScaryMonster|hehehehe\n|\n|t:|1697094967\n|switch|p1a: Politoed|Politoed, F|74\/100\n|turn|7\n|c|\u2606Mangoman22|Im hard throwing this game lmao\n|c|\u2606ImaScaryMonster|GG bro\n|c|\u2606Mangoman22|Im getting outplayed to hell, good stuff man\n|\n|t:|1697094984\n|move|p2a: Sabrina's Alakazam|Dazzling Gleam|p1b: Cramorant|[spread] p1a,p1b\n|-damage|p1a: Politoed|50\/100\n|-damage|p1b: Cramorant|0 fnt\n|faint|p1b: Cramorant\n|move|p2b: Green's Moltres|Hurricane|p1a: Politoed\n|-damage|p1a: Politoed|22\/100\n|-start|p1a: Politoed|confusion\n|-activate|p1a: Politoed|confusion\n|move|p1a: Politoed|Blizzard|p2b: Green's Moltres|[spread] p2a,p2b\n|-crit|p2b: Green's Moltres\n|-damage|p2a: Sabrina's Alakazam|77\/100\n|-damage|p2b: Green's Moltres|0 fnt\n|faint|p2b: Green's Moltres\n|\n|-weather|RainDance|[upkeep]\n|upkeep\n|c|\u2606ImaScaryMonster|well played man\n|\n|t:|1697095007\n|switch|p2b: King Pin|Kingambit, M, shiny|100\/100\n|-activate|p2b: King Pin|ability: Supreme Overlord\n|-start|p2b: King Pin|fallen4|[silent]\n|turn|8\n|c|\u2606Mangoman22|gg\n|\n|t:|1697095015\n|move|p2b: King Pin|Sucker Punch|p1a: Politoed\n|-damage|p1a: Politoed|0 fnt\n|faint|p1a: Politoed\n|\n|win|ImaScaryMonster\n|raw|Mangoman22's rating: 1180 &rarr; <strong>1155<\/strong><br \/>(-25 for losing)\n|raw|ImaScaryMonster's rating: 1186 &rarr; <strong>1211<\/strong><br \/>(+25 for winning)\n","uploadtime":1697095022,"views":10,"p1id":"mangoman22","p2id":"imascarymonster","formatid":"gen9nationaldexdoubles","rating":1155,"private":0,"password":""}