{"id":"gen9nationaldexdoubles-1992344193","p1":"Holfrost","p2":"Jam35_Name","format":"[Gen 9] National Dex Doubles","log":"|j|\u2606Holfrost\n|j|\u2606Jam35_Name\n|t:|1700176850\n|gametype|doubles\n|player|p1|Holfrost|ghetsis|\n|player|p2|Jam35_Name|policeman|\n|teamsize|p1|6\n|teamsize|p2|6\n|gen|9\n|tier|[Gen 9] National Dex Doubles\n|rule|HP Percentage Mod: HP is shown in percentages\n|rule|Endless Battle Clause: Forcing endless battles is banned\n|rule|OHKO Clause: OHKO moves are banned\n|rule|Evasion Moves Clause: Evasion moves are banned\n|rule|Evasion Abilities Clause: Evasion abilities are banned\n|rule|Species Clause: Limit one of each Pok\u00e9mon\n|rule|Gravity Sleep Clause: The combination of sleep-inducing moves with imperfect accuracy and Gravity or Gigantamax Orbeetle are banned\n|clearpoke\n|poke|p1|Tyranitar, M|\n|poke|p1|Forretress, M|\n|poke|p1|Steelix, F|\n|poke|p1|Crobat, M|\n|poke|p1|Scizor, M|\n|poke|p1|Kingdra, M|\n|poke|p2|Blastoise, M|\n|poke|p2|Ditto|\n|poke|p2|Cloyster, F|\n|poke|p2|Magneton|\n|poke|p2|Mew|\n|poke|p2|Chansey, F|\n|teampreview\n|\n|t:|1700176862\n|start\n|switch|p1a: Sea World|Kingdra, M|100\/100\n|switch|p1b: Takumi|Crobat, M|100\/100\n|switch|p2a: Tutel :)|Blastoise, M|100\/100\n|switch|p2b: Cat|Mew, shiny|100\/100\n|turn|1\n|\n|t:|1700176878\n|move|p2a: Tutel :)|Protect|p2a: Tutel :)\n|-singleturn|p2a: Tutel :)|Protect\n|-zpower|p1b: Takumi\n|move|p1b: Takumi|Supersonic Skystrike|p2a: Tutel :)|[zeffect]\n|-zbroken|p2a: Tutel :)\n|-damage|p2a: Tutel :)|77\/100\n|move|p1a: Sea World|Hydro Pump|p2b: Cat|[miss]\n|-miss|p1a: Sea World|p2b: Cat\n|move|p2b: Cat|Cosmic Power|p2b: Cat\n|-boost|p2b: Cat|def|1\n|-boost|p2b: Cat|spd|1\n|\n|upkeep\n|turn|2\n|\n|t:|1700176898\n|move|p2b: Cat|Ally Switch|p2b: Cat\n|swap|p2b: Cat|0|[from] move: Ally Switch\n|move|p1b: Takumi|Brave Bird|p2a: Cat\n|-damage|p2a: Cat|71\/100\n|-damage|p1b: Takumi|88\/100|[from] Recoil\n|move|p2b: Tutel :)|Shell Smash|p2b: Tutel :)\n|-unboost|p2b: Tutel :)|def|1\n|-unboost|p2b: Tutel :)|spd|1\n|-boost|p2b: Tutel :)|atk|2\n|-boost|p2b: Tutel :)|spa|2\n|-boost|p2b: Tutel :)|spe|2\n|move|p1a: Sea World|Hydro Pump|p2b: Tutel :)\n|-resisted|p2b: Tutel :)\n|-damage|p2b: Tutel :)|10\/100\n|\n|-heal|p2a: Cat|77\/100|[from] item: Leftovers\n|upkeep\n|turn|3\n|\n|t:|1700176917\n|move|p2b: Tutel :)|Protect|p2b: Tutel :)\n|-singleturn|p2b: Tutel :)|Protect\n|move|p1b: Takumi|U-turn|p2a: Cat\n|-supereffective|p2a: Cat\n|-damage|p2a: Cat|56\/100\n|\n|t:|1700176922\n|switch|p1b: Clamps|Scizor, M|100\/100|[from] U-turn\n|move|p1a: Sea World|Hydro Pump|p2b: Tutel :)\n|-activate|p2b: Tutel :)|move: Protect\n|move|p2a: Cat|Life Dew|p2a: Cat|[spread] p2a,p2b\n|-heal|p2a: Cat|81\/100\n|-heal|p2b: Tutel :)|35\/100\n|\n|-heal|p2a: Cat|87\/100|[from] item: Leftovers\n|upkeep\n|turn|4\n|\n|t:|1700176951\n|detailschange|p2b: Tutel :)|Blastoise-Mega, M\n|-mega|p2b: Tutel :)|Blastoise|Blastoisinite\n|move|p1b: Clamps|Bullet Punch|p2b: Tutel :)\n|-resisted|p2b: Tutel :)\n|-damage|p2b: Tutel :)|2\/100\n|-damage|p1b: Clamps|91\/100|[from] item: Life Orb\n|move|p2b: Tutel :)|Dragon Pulse|p1a: Sea World\n|-supereffective|p1a: Sea World\n|-damage|p1a: Sea World|0 fnt\n|faint|p1a: Sea World\n|move|p2a: Cat|Life Dew|p2a: Cat|[spread] p2a,p2b\n|-heal|p2a: Cat|100\/100\n|-heal|p2b: Tutel :)|27\/100\n|\n|upkeep\n|\n|t:|1700176964\n|switch|p1a: Takumi|Crobat, M|88\/100\n|turn|5\n|\n|t:|1700176970\n|switch|p2a: Oeuf|Chansey, F|100\/100\n|move|p2b: Tutel :)|Protect|p2b: Tutel :)\n|-singleturn|p2b: Tutel :)|Protect\n|move|p1b: Clamps|Bullet Punch|p2b: Tutel :)\n|-activate|p2b: Tutel :)|move: Protect\n|move|p1a: Takumi|Brave Bird|p2b: Tutel :)\n|-activate|p2b: Tutel :)|move: Protect\n|\n|upkeep\n|turn|6\n|\n|t:|1700176986\n|move|p2a: Oeuf|Ally Switch|p2a: Oeuf\n|swap|p2a: Oeuf|1|[from] move: Ally Switch\n|move|p1b: Clamps|Bullet Punch|p2b: Oeuf\n|-damage|p2b: Oeuf|68\/100\n|-damage|p1b: Clamps|81\/100|[from] item: Life Orb\n|move|p2a: Tutel :)|Shell Smash|p2a: Tutel :)\n|-unboost|p2a: Tutel :)|def|1\n|-unboost|p2a: Tutel :)|spd|1\n|-boost|p2a: Tutel :)|atk|2\n|-boost|p2a: Tutel :)|spa|2\n|-boost|p2a: Tutel :)|spe|2\n|move|p1a: Takumi|Brave Bird|p2b: Oeuf\n|-damage|p2b: Oeuf|35\/100\n|-damage|p1a: Takumi|65\/100|[from] Recoil\n|\n|upkeep\n|turn|7\n|\n|t:|1700177004\n|move|p2a: Tutel :)|Protect|p2a: Tutel :)\n|-singleturn|p2a: Tutel :)|Protect\n|move|p1b: Clamps|Bullet Punch|p2a: Tutel :)\n|-activate|p2a: Tutel :)|move: Protect\n|move|p1a: Takumi|Brave Bird|p2b: Oeuf\n|-damage|p2b: Oeuf|2\/100\n|-damage|p1a: Takumi|43\/100|[from] Recoil\n|move|p2b: Oeuf|Heal Pulse|p2a: Tutel :)\n|-activate|p2a: Tutel :)|move: Protect\n|\n|upkeep\n|turn|8\n|\n|t:|1700177030\n|move|p1b: Clamps|Bullet Punch|p2b: Oeuf\n|-damage|p2b: Oeuf|0 fnt\n|faint|p2b: Oeuf\n|-damage|p1b: Clamps|71\/100|[from] item: Life Orb\n|move|p2a: Tutel :)|Dragon Pulse|p1b: Clamps\n|-resisted|p1b: Clamps\n|-damage|p1b: Clamps|0 fnt\n|faint|p1b: Clamps\n|move|p1a: Takumi|Brave Bird|p2a: Tutel :)\n|-damage|p2a: Tutel :)|0 fnt\n|faint|p2a: Tutel :)\n|-damage|p1a: Takumi|34\/100|[from] Recoil\n|\n|upkeep\n|\n|t:|1700177044\n|switch|p2a: Balls|Magneton|100\/100\n|switch|p1b: T H E W A L L|Forretress, M|100\/100\n|switch|p2b: Kinda Sus|Cloyster, F, shiny|100\/100\n|turn|9\n|\n|t:|1700177063\n|-terastallize|p2b: Kinda Sus|Electric\n|move|p1a: Takumi|Brave Bird|p2b: Kinda Sus\n|-resisted|p2b: Kinda Sus\n|-crit|p2b: Kinda Sus\n|-damage|p2b: Kinda Sus|69\/100\n|-damage|p1a: Takumi|26\/100|[from] Recoil\n|move|p2b: Kinda Sus|Shell Smash|p2b: Kinda Sus\n|-unboost|p2b: Kinda Sus|def|1\n|-unboost|p2b: Kinda Sus|spd|1\n|-boost|p2b: Kinda Sus|atk|2\n|-boost|p2b: Kinda Sus|spa|2\n|-boost|p2b: Kinda Sus|spe|2\n|move|p2a: Balls|Thunder Wave|p1b: T H E W A L L\n|-status|p1b: T H E W A L L|par\n|move|p1b: T H E W A L L|Toxic Spikes|p2b: Kinda Sus\n|-sidestart|p2: Jam35_Name|move: Toxic Spikes\n|\n|upkeep\n|turn|10\n|\n|t:|1700177089\n|move|p2b: Kinda Sus|Icicle Spear|p1a: Takumi\n|-supereffective|p1a: Takumi\n|-damage|p1a: Takumi|0 fnt\n|faint|p1a: Takumi\n|-hitcount|p1: Takumi|1\n|move|p2a: Balls|Light Screen|p2a: Balls\n|-sidestart|p2: Jam35_Name|move: Light Screen\n|move|p1b: T H E W A L L|Toxic Spikes|p2b: Kinda Sus\n|-sidestart|p2: Jam35_Name|move: Toxic Spikes\n|\n|upkeep\n|\n|t:|1700177099\n|switch|p1a: G O D|Steelix, F|100\/100\n|turn|11\n|\n|t:|1700177118\n|detailschange|p1a: G O D|Steelix-Mega, F\n|-mega|p1a: G O D|Steelix|Steelixite\n|move|p2a: Balls|Helping Hand|p2b: Kinda Sus\n|-singleturn|p2b: Kinda Sus|Helping Hand|[of] p2a: Balls\n|move|p2b: Kinda Sus|Icicle Spear|p1a: G O D\n|-damage|p1a: G O D|84\/100\n|-damage|p1a: G O D|69\/100\n|-damage|p1a: G O D|54\/100\n|-damage|p1a: G O D|39\/100\n|-crit|p1a: G O D\n|-damage|p1a: G O D|17\/100\n|-hitcount|p1a: G O D|5\n|move|p1a: G O D|Curse|p1a: G O D\n|-unboost|p1a: G O D|spe|1\n|-boost|p1a: G O D|atk|1\n|-boost|p1a: G O D|def|1\n|move|p1b: T H E W A L L|Spikes|p2b: Kinda Sus\n|-sidestart|p2: Jam35_Name|Spikes\n|\n|upkeep\n|turn|12\n|\n|t:|1700177143\n|move|p2a: Balls|Helping Hand|p2b: Kinda Sus\n|-singleturn|p2b: Kinda Sus|Helping Hand|[of] p2a: Balls\n|move|p2b: Kinda Sus|Icicle Spear|p1a: G O D\n|-damage|p1a: G O D|8\/100\n|-damage|p1a: G O D|0 fnt\n|faint|p1a: G O D\n|-hitcount|p1: G O D|2\n|move|p1b: T H E W A L L|Spikes|p2b: Kinda Sus\n|-sidestart|p2: Jam35_Name|Spikes\n|\n|upkeep\n|\n|t:|1700177152\n|switch|p1a: Big Chungus|Tyranitar, M|100\/100\n|-weather|Sandstorm|[from] ability: Sand Stream|[of] p1a: Big Chungus\n|turn|13\n|\n|t:|1700177198\n|move|p2b: Kinda Sus|Liquidation|p1a: Big Chungus\n|-supereffective|p1a: Big Chungus\n|-damage|p1a: Big Chungus|0 fnt\n|faint|p1a: Big Chungus\n|move|p2a: Balls|Thunder Wave|p1b: T H E W A L L\n|-fail|p1b: T H E W A L L|par\n|move|p1b: T H E W A L L|Spikes|p2b: Kinda Sus\n|-sidestart|p2: Jam35_Name|Spikes\n|\n|-weather|Sandstorm|[upkeep]\n|-damage|p2b: Kinda Sus|63\/100|[from] Sandstorm\n|upkeep\n|turn|14\n|\n|t:|1700177210\n|move|p2b: Kinda Sus|Icicle Spear|p1b: T H E W A L L\n|-resisted|p1b: T H E W A L L\n|-damage|p1b: T H E W A L L|94\/100 par\n|-resisted|p1b: T H E W A L L\n|-damage|p1b: T H E W A L L|88\/100 par\n|-resisted|p1b: T H E W A L L\n|-damage|p1b: T H E W A L L|82\/100 par\n|-resisted|p1b: T H E W A L L\n|-damage|p1b: T H E W A L L|76\/100 par\n|-resisted|p1b: T H E W A L L\n|-crit|p1b: T H E W A L L\n|-damage|p1b: T H E W A L L|67\/100 par\n|-hitcount|p1b: T H E W A L L|5\n|move|p2a: Balls|Thunderbolt|p1b: T H E W A L L\n|-damage|p1b: T H E W A L L|13\/100 par\n|cant|p1b: T H E W A L L|par\n|\n|-weather|Sandstorm|[upkeep]\n|-damage|p2b: Kinda Sus|57\/100|[from] Sandstorm\n|-heal|p1b: T H E W A L L|19\/100 par|[from] item: Leftovers\n|-sideend|p2: Jam35_Name|move: Light Screen\n|upkeep\n|turn|15\n|\n|t:|1700177231\n|move|p2b: Kinda Sus|Liquidation|p1b: T H E W A L L\n|-damage|p1b: T H E W A L L|0 fnt\n|faint|p1b: T H E W A L L\n|\n|win|Jam35_Name\n","uploadtime":1700177271,"views":7,"p1id":"holfrost","p2id":"jam35name","formatid":"gen9nationaldexdoubles","rating":0,"private":0,"password":""}