{"id":"gen9nationaldexdoubles-1973545388","p1":"zygardefan18","p2":"nombre epico.jpg","format":"[Gen 9] National Dex Doubles","log":"|j|\u2606zygardefan18\n|j|\u2606nombre epico.jpg\n|t:|1697989282\n|gametype|doubles\n|player|p1|zygardefan18|n-masters3|1119\n|player|p2|nombre epico.jpg|may-masters2|1319\n|teamsize|p1|6\n|teamsize|p2|6\n|gen|9\n|tier|[Gen 9] National Dex Doubles\n|rated|\n|rule|HP Percentage Mod: HP is shown in percentages\n|rule|Endless Battle Clause: Forcing endless battles is banned\n|rule|OHKO Clause: OHKO moves are banned\n|rule|Evasion Moves Clause: Evasion moves are banned\n|rule|Evasion Abilities Clause: Evasion abilities are banned\n|rule|Species Clause: Limit one of each Pok\u00e9mon\n|rule|Gravity Sleep Clause: The combination of sleep-inducing moves with imperfect accuracy and Gravity or Gigantamax Orbeetle are banned\n|clearpoke\n|poke|p1|Zygarde|\n|poke|p1|Zamazenta-*|\n|poke|p1|Jirachi|\n|poke|p1|Rillaboom, M|\n|poke|p1|Kangaskhan, F|\n|poke|p1|Glimmora, M|\n|poke|p2|Iron Bundle|\n|poke|p2|Blaziken, M|\n|poke|p2|Ninetales-Alola, F|\n|poke|p2|Whimsicott, F|\n|poke|p2|Marshadow|\n|poke|p2|Zeraora|\n|teampreview\n|inactive|Battle timer is ON: inactive players will automatically lose when time's up. (requested by zygardefan18)\n|\n|t:|1697989289\n|start\n|switch|p1a: Glimmora|Glimmora, M|100\/100\n|switch|p1b: Kangaskhan|Kangaskhan, F|100\/100\n|switch|p2a: Whimsicott|Whimsicott, F, shiny|100\/100\n|switch|p2b: Ninetales|Ninetales-Alola, F, shiny|100\/100\n|-weather|Snow|[from] ability: Snow Warning|[of] p2b: Ninetales\n|turn|1\n|\n|t:|1697989311\n|detailschange|p1b: Kangaskhan|Kangaskhan-Mega, F\n|-mega|p1b: Kangaskhan|Kangaskhan|Kangaskhanite\n|move|p1b: Kangaskhan|Fake Out|p2b: Ninetales\n|-damage|p2b: Ninetales|82\/100\n|-crit|p2b: Ninetales\n|-damage|p2b: Ninetales|75\/100\n|-hitcount|p2b: Ninetales|2\n|move|p2a: Whimsicott|Tailwind|p2a: Whimsicott\n|-sidestart|p2: nombre epico.jpg|move: Tailwind\n|cant|p2b: Ninetales|flinch\n|move|p1a: Glimmora|Mortal Spin|p2b: Ninetales|[spread] p2a,p2b\n|-supereffective|p2a: Whimsicott\n|-supereffective|p2b: Ninetales\n|-damage|p2a: Whimsicott|82\/100\n|-damage|p2b: Ninetales|66\/100\n|-status|p2a: Whimsicott|psn\n|-status|p2b: Ninetales|psn\n|\n|-weather|Snow|[upkeep]\n|-damage|p2b: Ninetales|54\/100 psn|[from] psn\n|-damage|p2a: Whimsicott|70\/100 psn|[from] psn\n|upkeep\n|turn|2\n|\n|t:|1697989334\n|move|p2a: Whimsicott|Encore|p1b: Kangaskhan\n|-start|p1b: Kangaskhan|Encore\n|move|p2b: Ninetales|Aurora Veil|p2b: Ninetales\n|-sidestart|p2: nombre epico.jpg|move: Aurora Veil\n|move|p1b: Kangaskhan|Fake Out||[still]\n|-hint|Fake Out only works on your first turn out.\n|-fail|p1b: Kangaskhan\n|move|p1a: Glimmora|Power Gem|p2b: Ninetales\n|-supereffective|p2b: Ninetales\n|-damage|p2b: Ninetales|0 fnt\n|faint|p2b: Ninetales\n|\n|-weather|Snow|[upkeep]\n|-damage|p2a: Whimsicott|58\/100 psn|[from] psn\n|upkeep\n|inactive|nombre epico.jpg has 120 seconds left.\n|\n|t:|1697989355\n|switch|p2b: Iron Bundle|Iron Bundle, shiny|100\/100\n|-enditem|p2b: Iron Bundle|Booster Energy\n|-activate|p2b: Iron Bundle|ability: Quark Drive|[fromitem]\n|-start|p2b: Iron Bundle|quarkdrivespe\n|turn|3\n|\n|t:|1697989369\n|switch|p2a: Blaziken|Blaziken, M, shiny|100\/100\n|switch|p1b: Jirachi|Jirachi|100\/100\n|move|p2b: Iron Bundle|Hydro Pump|p1a: Glimmora\n|-supereffective|p1a: Glimmora\n|-enditem|p1a: Glimmora|Focus Sash\n|-damage|p1a: Glimmora|1\/100\n|move|p1a: Glimmora|Power Gem|p2b: Iron Bundle\n|-supereffective|p2b: Iron Bundle\n|-damage|p2b: Iron Bundle|0 fnt\n|faint|p2b: Iron Bundle\n|-end|p2b: Iron Bundle|Quark Drive|[silent]\n|\n|-weather|Snow|[upkeep]\n|upkeep\n|inactive|nombre epico.jpg has 120 seconds left.\n|\n|t:|1697989386\n|switch|p2b: Zeraora|Zeraora|100\/100\n|turn|4\n|\n|t:|1697989397\n|detailschange|p2a: Blaziken|Blaziken-Mega, M, shiny\n|-mega|p2a: Blaziken|Blaziken|Blazikenite\n|move|p2a: Blaziken|Protect|p2a: Blaziken\n|-singleturn|p2a: Blaziken|Protect\n|move|p1b: Jirachi|Protect|p1b: Jirachi\n|-singleturn|p1b: Jirachi|Protect\n|move|p2b: Zeraora|Volt Switch|p1a: Glimmora\n|-damage|p1a: Glimmora|0 fnt\n|faint|p1a: Glimmora\n|-damage|p2b: Zeraora|91\/100|[from] item: Life Orb\n|\n|t:|1697989414\n|switch|p2b: Marshadow|Marshadow|100\/100|[from] Volt Switch\n|\n|-weather|Snow|[upkeep]\n|-sideend|p2: nombre epico.jpg|move: Tailwind\n|-ability|p2a: Blaziken|Speed Boost|boost\n|-boost|p2a: Blaziken|spe|1\n|upkeep\n|\n|t:|1697989416\n|switch|p1a: Zygarde|Zygarde, shiny|100\/100\n|-ability|p1a: Zygarde|Aura Break\n|turn|5\n|\n|t:|1697989429\n|-terastallize|p1b: Jirachi|Fairy\n|move|p1b: Jirachi|Follow Me|p1b: Jirachi\n|-singleturn|p1b: Jirachi|move: Follow Me\n|move|p2a: Blaziken|Flare Blitz|p1b: Jirachi\n|-damage|p1b: Jirachi|49\/100\n|-damage|p2a: Blaziken|78\/100|[from] Recoil\n|-zpower|p2b: Marshadow\n|move|p2b: Marshadow|Soul-Stealing 7-Star Strike|p1b: Jirachi|[zeffect]\n|-damage|p1b: Jirachi|0 fnt\n|faint|p1b: Jirachi\n|move|p1a: Zygarde|Dragon Dance|p1a: Zygarde\n|-boost|p1a: Zygarde|atk|1\n|-boost|p1a: Zygarde|spe|1\n|\n|-weather|none\n|-ability|p2a: Blaziken|Speed Boost|boost\n|-boost|p2a: Blaziken|spe|1\n|upkeep\n|\n|t:|1697989442\n|switch|p1b: Zamazenta|Zamazenta|100\/100\n|-ability|p1b: Zamazenta|Dauntless Shield|boost\n|-boost|p1b: Zamazenta|def|1\n|turn|6\n|inactive|zygardefan18 has 120 seconds left.\n|inactive|nombre epico.jpg has 120 seconds left.\n|inactive|zygardefan18 has 90 seconds left.\n|inactive|zygardefan18 has 60 seconds left.\n|\n|t:|1697989553\n|switch|p2b: Whimsicott|Whimsicott, F, shiny|58\/100 psn\n|move|p2a: Blaziken|Protect|p2a: Blaziken\n|-singleturn|p2a: Blaziken|Protect\n|move|p1a: Zygarde|Thousand Arrows|p2b: Whimsicott|[spread] p2b\n|-activate|p2a: Blaziken|move: Protect\n|-resisted|p2b: Whimsicott\n|-damage|p2b: Whimsicott|43\/100 psn\n|move|p1b: Zamazenta|Coaching|p1a: Zygarde\n|-boost|p1a: Zygarde|atk|1\n|-boost|p1a: Zygarde|def|1\n|\n|-damage|p2b: Whimsicott|30\/100 psn|[from] psn\n|-ability|p2a: Blaziken|Speed Boost|boost\n|-boost|p2a: Blaziken|spe|1\n|upkeep\n|turn|7\n|inactive|zygardefan18 has 60 seconds left.\n|inactive|nombre epico.jpg has 120 seconds left.\n|\n|t:|1697989580\n|move|p2b: Whimsicott|Tailwind|p2b: Whimsicott\n|-sidestart|p2: nombre epico.jpg|move: Tailwind\n|move|p2a: Blaziken|Flare Blitz|p1b: Zamazenta\n|-damage|p1b: Zamazenta|66\/100\n|-damage|p2a: Blaziken|63\/100|[from] Recoil\n|move|p1a: Zygarde|Thousand Arrows|p2b: Whimsicott|[spread] p2a,p2b\n|-supereffective|p2a: Blaziken\n|-resisted|p2b: Whimsicott\n|-damage|p2a: Blaziken|0 fnt\n|-damage|p2b: Whimsicott|9\/100 psn\n|faint|p2a: Blaziken\n|move|p1b: Zamazenta|Coaching|p1a: Zygarde\n|-boost|p1a: Zygarde|atk|1\n|-boost|p1a: Zygarde|def|1\n|\n|-damage|p2b: Whimsicott|0 fnt|[from] psn\n|faint|p2b: Whimsicott\n|upkeep\n|inactive|nombre epico.jpg has 120 seconds left.\n|\n|t:|1697989608\n|switch|p2a: Marshadow|Marshadow|100\/100\n|switch|p2b: Zeraora|Zeraora|91\/100\n|turn|8\n|inactive|nombre epico.jpg has 120 seconds left.\n|\n|t:|1697989621\n|move|p2b: Zeraora|Fake Out|p1b: Zamazenta\n|-damage|p1b: Zamazenta|57\/100\n|-damage|p2b: Zeraora|81\/100|[from] item: Life Orb\n|move|p2a: Marshadow|Spectral Thief||[still]\n|-clearpositiveboost|p1a: Zygarde|p2a: Marshadow|move: Spectral Thief\n|-boost|p2a: Marshadow|atk|3\n|-boost|p2a: Marshadow|def|2\n|-boost|p2a: Marshadow|spe|1\n|-anim|p2a: Marshadow|Spectral Thief|p1a: Zygarde\n|-damage|p1a: Zygarde|8\/100\n|cant|p1b: Zamazenta|flinch\n|move|p1a: Zygarde|Thousand Arrows|p2b: Zeraora|[spread] p2a,p2b\n|-supereffective|p2b: Zeraora\n|-damage|p2a: Marshadow|87\/100\n|-damage|p2b: Zeraora|28\/100\n|\n|upkeep\n|turn|9\n|inactive|zygardefan18 has 90 seconds left.\n|\n|t:|1697989646\n|move|p1a: Zygarde|Extreme Speed|p2b: Zeraora\n|-damage|p2b: Zeraora|4\/100\n|move|p2a: Marshadow|Spectral Thief||[still]\n|-clearpositiveboost|p1b: Zamazenta|p2a: Marshadow|move: Spectral Thief\n|-boost|p2a: Marshadow|def|1\n|-anim|p2a: Marshadow|Spectral Thief|p1b: Zamazenta\n|-damage|p1b: Zamazenta|0 fnt\n|faint|p1b: Zamazenta\n|move|p2b: Zeraora|Close Combat|p1a: Zygarde\n|-damage|p1a: Zygarde|0 fnt\n|-unboost|p2b: Zeraora|def|1\n|-unboost|p2b: Zeraora|spd|1\n|faint|p1a: Zygarde\n|-damage|p2b: Zeraora|0 fnt|[from] item: Life Orb\n|faint|p2b: Zeraora\n|\n|-sideend|p2: nombre epico.jpg|move: Aurora Veil\n|upkeep\n|\n|t:|1697989657\n|switch|p1b: Rillaboom|Rillaboom, M|100\/100\n|switch|p1a: Kangaskhan|Kangaskhan-Mega, F|100\/100\n|-fieldstart|move: Grassy Terrain|[from] ability: Grassy Surge|[of] p1b: Rillaboom\n|turn|10\n|\n|t:|1697989675\n|move|p1a: Kangaskhan|Sucker Punch|p2a: Marshadow\n|-damage|p2a: Marshadow|77\/100\n|-damage|p2a: Marshadow|76\/100\n|-hitcount|p2a: Marshadow|2\n|move|p2a: Marshadow|Close Combat|p1a: Kangaskhan\n|-supereffective|p1a: Kangaskhan\n|-damage|p1a: Kangaskhan|0 fnt\n|-unboost|p2a: Marshadow|def|1\n|-unboost|p2a: Marshadow|spd|1\n|faint|p1a: Kangaskhan\n|move|p1b: Rillaboom|Wood Hammer|p2a: Marshadow\n|-damage|p2a: Marshadow|35\/100\n|-damage|p1b: Rillaboom|90\/100|[from] Recoil\n|\n|-heal|p2a: Marshadow|41\/100|[from] Grassy Terrain\n|-heal|p1b: Rillaboom|96\/100|[from] Grassy Terrain\n|-sideend|p2: nombre epico.jpg|move: Tailwind\n|upkeep\n|turn|11\n|\n|t:|1697989699\n|move|p2a: Marshadow|Close Combat|p1b: Rillaboom\n|-damage|p1b: Rillaboom|0 fnt\n|-unboost|p2a: Marshadow|def|1\n|-unboost|p2a: Marshadow|spd|1\n|faint|p1b: Rillaboom\n|\n|win|nombre epico.jpg\n|raw|zygardefan18's rating: 1119 &rarr; <strong>1107<\/strong><br \/>(-12 for losing)\n|raw|nombre epico.jpg's rating: 1319 &rarr; <strong>1329<\/strong><br \/>(+10 for winning)\n|l|\u2606zygardefan18\n|c|\u2606nombre epico.jpg|Gg\n","uploadtime":1697989710,"views":7,"p1id":"zygardefan18","p2id":"nombreepicojpg","formatid":"gen9nationaldexdoubles","rating":1107,"private":0,"password":""}