{"id":"gen9nationaldexdoubles-1966423211","p1":"Hmmm th h h","p2":"xdablordxreal9","format":"[Gen 9] National Dex Doubles","log":"|j|\u2606Hmmm th h h\n|j|\u203dxdablordxreal9\n|t:|1697184467\n|gametype|doubles\n|player|p1|Hmmm th h h|dawn|1000\n|player|p2|xdablordxreal9|linebacker|1114\n|teamsize|p1|6\n|teamsize|p2|6\n|gen|9\n|tier|[Gen 9] National Dex Doubles\n|rated|\n|rule|HP Percentage Mod: HP is shown in percentages\n|rule|Endless Battle Clause: Forcing endless battles is banned\n|rule|OHKO Clause: OHKO moves are banned\n|rule|Evasion Moves Clause: Evasion moves are banned\n|rule|Evasion Abilities Clause: Evasion abilities are banned\n|rule|Species Clause: Limit one of each Pok\u00e9mon\n|rule|Gravity Sleep Clause: The combination of sleep-inducing moves with imperfect accuracy and Gravity or Gigantamax Orbeetle are banned\n|clearpoke\n|poke|p1|Indeedee, M|\n|poke|p1|Deoxys-Attack|\n|poke|p1|Typhlosion, M|\n|poke|p1|Kartana|\n|poke|p1|Murkrow, F|\n|poke|p1|Shuckle, M|\n|poke|p2|Amoonguss, F|\n|poke|p2|Diancie|\n|poke|p2|Camerupt, M|\n|poke|p2|Rotom-Wash|\n|poke|p2|Scrafty, M|\n|poke|p2|Farigiraf, F|\n|teampreview\n|\n|t:|1697184505\n|start\n|switch|p1a: Indeedee|Indeedee, M|100\/100\n|switch|p1b: Typhlosion|Typhlosion, M|100\/100\n|switch|p2a: Farigiraf|Farigiraf, F|100\/100\n|switch|p2b: Scrafty|Scrafty, M|100\/100\n|-fieldstart|move: Psychic Terrain|[from] ability: Psychic Surge|[of] p1a: Indeedee\n|-ability|p2b: Scrafty|Intimidate|boost\n|-unboost|p1a: Indeedee|atk|1\n|-unboost|p1b: Typhlosion|atk|1\n|turn|1\n|\n|t:|1697184533\n|-terastallize|p1b: Typhlosion|Fire\n|move|p1b: Typhlosion|Eruption|p2b: Scrafty|[spread] p2a,p2b\n|-damage|p2a: Farigiraf|54\/100\n|-damage|p2b: Scrafty|34\/100\n|move|p1a: Indeedee|Hyper Voice|p2a: Farigiraf|[spread] p2a,p2b\n|-damage|p2a: Farigiraf|31\/100\n|-damage|p2b: Scrafty|1\/100\n|move|p2b: Scrafty|Knock Off|p1a: Indeedee\n|-supereffective|p1a: Indeedee\n|-damage|p1a: Indeedee|0 fnt\n|-enditem|p1a: Indeedee|Choice Scarf|[from] move: Knock Off|[of] p2b: Scrafty\n|faint|p1a: Indeedee\n|-damage|p2b: Scrafty|0 fnt|[from] item: Life Orb\n|faint|p2b: Scrafty\n|move|p2a: Farigiraf|Trick Room|p2a: Farigiraf\n|-fieldstart|move: Trick Room|[of] p2a: Farigiraf\n|\n|-heal|p2a: Farigiraf|37\/100|[from] item: Leftovers\n|upkeep\n|\n|t:|1697184554\n|switch|p2b: Rotom|Rotom-Wash|100\/100\n|switch|p1a: Shuckle|Shuckle, M|100\/100\n|turn|2\n|\n|t:|1697184568\n|switch|p1b: Murkrow|Murkrow, F|100\/100\n|move|p1a: Shuckle|Power Split|p2b: Rotom\n|-activate|p1a: Shuckle|move: Power Split|[of] p2b: Rotom\n|move|p2a: Farigiraf|Baton Pass|p2a: Farigiraf\n|\n|t:|1697184574\n|switch|p2a: Camerupt|Camerupt, M|100\/100|[from] Baton Pass\n|move|p2b: Rotom|Hydro Pump|p1b: Murkrow|[miss]\n|-miss|p2b: Rotom|p1b: Murkrow\n|\n|upkeep\n|turn|3\n|\n|t:|1697184585\n|detailschange|p2a: Camerupt|Camerupt-Mega, M\n|-mega|p2a: Camerupt|Camerupt|Cameruptite\n|move|p1b: Murkrow|Perish Song|p1b: Murkrow\n|-start|p1a: Shuckle|perish3|[silent]\n|-start|p1b: Murkrow|perish3|[silent]\n|-activate|p2a: Camerupt|move: Psychic Terrain\n|-start|p2b: Rotom|perish3|[silent]\n|-fieldactivate|move: Perish Song\n|move|p2a: Camerupt|Heat Wave|p1a: Shuckle|[spread] p1a,p1b\n|-damage|p1a: Shuckle|68\/100\n|-enditem|p1b: Murkrow|Focus Sash\n|-damage|p1b: Murkrow|1\/100\n|move|p1a: Shuckle|Toxic|p2a: Camerupt\n|-status|p2a: Camerupt|tox\n|move|p2b: Rotom|Hydro Pump|p1b: Murkrow\n|-damage|p1b: Murkrow|0 fnt\n|faint|p1b: Murkrow\n|\n|-damage|p2a: Camerupt|94\/100 tox|[from] psn\n|-start|p1a: Shuckle|perish3\n|-start|p2b: Rotom|perish3\n|upkeep\n|\n|t:|1697184618\n|switch|p1b: Deoxys|Deoxys-Attack|100\/100\n|-ability|p1b: Deoxys|Pressure\n|turn|4\n|\n|t:|1697184660\n|move|p2a: Camerupt|Heat Wave|p1a: Shuckle|[spread] p1b\n|-miss|p2a: Camerupt|p1a: Shuckle\n|-enditem|p1b: Deoxys|Focus Sash\n|-damage|p1b: Deoxys|1\/100\n|move|p1a: Shuckle|Toxic|p2b: Rotom\n|-status|p2b: Rotom|tox\n|move|p2b: Rotom|Hydro Pump|p1a: Shuckle\n|-supereffective|p1a: Shuckle\n|-damage|p1a: Shuckle|18\/100\n|move|p1b: Deoxys|Psyshock|p2a: Camerupt\n|-damage|p2a: Camerupt|23\/100 tox\n|\n|-damage|p2a: Camerupt|11\/100 tox|[from] psn\n|-damage|p2b: Rotom|94\/100 tox|[from] psn\n|-start|p1a: Shuckle|perish2\n|-start|p2b: Rotom|perish2\n|upkeep\n|turn|5\n|\n|t:|1697184701\n|switch|p2b: Amoonguss|Amoonguss, F|100\/100\n|move|p2a: Camerupt|Heat Wave|p1a: Shuckle|[spread] p1a,p1b\n|-damage|p1a: Shuckle|0 fnt\n|-damage|p1b: Deoxys|0 fnt\n|faint|p1a: Shuckle\n|faint|p1b: Deoxys\n|\n|-damage|p2a: Camerupt|0 fnt|[from] psn\n|faint|p2a: Camerupt\n|-fieldend|move: Trick Room\n|-fieldend|move: Psychic Terrain\n|upkeep\n|inactive|Battle timer is ON: inactive players will automatically lose when time's up. (requested by Hmmm th h h)\n|\n|t:|1697184724\n|switch|p1b: Typhlosion|Typhlosion, M, tera:Fire|100\/100\n|switch|p1a: Kartana|Kartana|100\/100\n|switch|p2a: Rotom|Rotom-Wash|94\/100 tox\n|turn|6\n|\n|t:|1697184736\n|move|p2b: Amoonguss|Rage Powder|p2b: Amoonguss\n|-singleturn|p2b: Amoonguss|move: Rage Powder\n|move|p1b: Typhlosion|Eruption|p2a: Rotom|[spread] p2a,p2b\n|-resisted|p2a: Rotom\n|-supereffective|p2b: Amoonguss\n|-damage|p2a: Rotom|59\/100 tox\n|-damage|p2b: Amoonguss|2\/100\n|move|p1a: Kartana|Leaf Blade|p2a: Rotom\n|-supereffective|p2a: Rotom\n|-damage|p2a: Rotom|0 fnt\n|faint|p2a: Rotom\n|-ability|p1a: Kartana|Beast Boost|boost\n|-boost|p1a: Kartana|atk|1\n|\n|upkeep\n|\n|t:|1697184750\n|switch|p2a: Farigiraf|Farigiraf, F|37\/100\n|turn|7\n|\n|t:|1697184756\n|move|p1b: Typhlosion|Eruption|p2a: Farigiraf|[spread] p2a,p2b\n|-supereffective|p2b: Amoonguss\n|-damage|p2a: Farigiraf|0 fnt\n|-damage|p2b: Amoonguss|0 fnt\n|faint|p2a: Farigiraf\n|faint|p2b: Amoonguss\n|move|p1a: Kartana|Leaf Blade|p2: Farigiraf|[notarget]\n|-fail|p1a: Kartana\n|\n|upkeep\n|\n|t:|1697184758\n|switch|p2b: Diancie|Diancie|100\/100\n|turn|8\n|\n|t:|1697184764\n|move|p1b: Typhlosion|Eruption|p2b: Diancie\n|-resisted|p2b: Diancie\n|-damage|p2b: Diancie|61\/100\n|move|p1a: Kartana|Leaf Blade|p2b: Diancie\n|-supereffective|p2b: Diancie\n|-damage|p2b: Diancie|0 fnt\n|faint|p2b: Diancie\n|\n|win|Hmmm th h h\n|raw|Hmmm th h h's rating: 1000 &rarr; <strong>1053<\/strong><br \/>(+53 for winning)\n|raw|xdablordxreal9's rating: 1114 &rarr; <strong>1081<\/strong><br \/>(-33 for losing)\n|n|\u2606Hmmm th h h|hmmmthhh\n|l|\u203dxdablordxreal9\n|c|\u2606Hmmm th h h|Gg noob\n|c|\u2606Hmmm th h h|Eezy\n","uploadtime":1697184838,"views":9,"p1id":"hmmmthhh","p2id":"xdablordxreal9","formatid":"gen9nationaldexdoubles","rating":1053,"private":0,"password":""}