{"id":"gen9nationaldexdoubles-1951209723","p1":"Zelphalopod","p2":"2wb","format":"[Gen 9] National Dex Doubles","log":"|j|\u2606Zelphalopod\n|j|\u26062wb\n|t:|1695560118\n|gametype|doubles\n|player|p1|Zelphalopod|brendan-masters|\n|player|p2|2wb|backersf|\n|teamsize|p1|6\n|teamsize|p2|6\n|gen|9\n|tier|[Gen 9] National Dex Doubles\n|rule|HP Percentage Mod: HP is shown in percentages\n|rule|Endless Battle Clause: Forcing endless battles is banned\n|rule|OHKO Clause: OHKO moves are banned\n|rule|Evasion Moves Clause: Evasion moves are banned\n|rule|Evasion Abilities Clause: Evasion abilities are banned\n|rule|Species Clause: Limit one of each Pok\u00e9mon\n|rule|Gravity Sleep Clause: The combination of sleep-inducing moves with imperfect accuracy and Gravity or Gigantamax Orbeetle are banned\n|clearpoke\n|poke|p1|Blaziken, M|\n|poke|p1|Gyarados, M|\n|poke|p1|Volcanion|\n|poke|p1|Glimmora, F|\n|poke|p1|Brute Bonnet|\n|poke|p1|Lilligant-Hisui, F|\n|poke|p2|Sableye, F|\n|poke|p2|Roaring Moon|\n|poke|p2|Tornadus-Therian, M|\n|poke|p2|Walking Wake|\n|poke|p2|Ninetales, M|\n|poke|p2|Scovillain, F|\n|teampreview\n|j| Play Tale of Wuxia\n|\n|t:|1695560129\n|start\n|switch|p1a: Shui-Long|Gyarados, M|100\/100\n|switch|p1b: Storm|Volcanion|100\/100\n|switch|p2a: Huiverig Onweer|Tornadus-Therian, M|100\/100\n|switch|p2b: Salmon|Roaring Moon|100\/100\n|-ability|p1a: Shui-Long|Intimidate|boost\n|-unboost|p2a: Huiverig Onweer|atk|1\n|-unboost|p2b: Salmon|atk|1\n|turn|1\n|j| Datagne\n|\n|t:|1695560159\n|move|p2b: Salmon|Rock Slide|p1a: Shui-Long|[spread] p1b\n|-miss|p2b: Salmon|p1a: Shui-Long\n|-supereffective|p1b: Storm\n|-crit|p1b: Storm\n|-damage|p1b: Storm|33\/100\n|-damage|p2b: Salmon|91\/100|[from] item: Life Orb\n|move|p2a: Huiverig Onweer|Bleakwind Storm|p1b: Storm|[spread] p1b\n|-miss|p2a: Huiverig Onweer|p1a: Shui-Long\n|-damage|p1b: Storm|1\/100\n|move|p1a: Shui-Long|Thunder Wave|p2b: Salmon\n|-status|p2b: Salmon|par\n|move|p1b: Storm|Steam Eruption|p2a: Huiverig Onweer\n|-damage|p2a: Huiverig Onweer|27\/100\n|\n|upkeep\n|turn|2\n|c|\u26062wb|oh no it toughed it out\n|c|\u2606Zelphalopod|that *was* a turn\n|c| Datagne|The power of friendship kept Storm\n|\n|t:|1695560204\n|switch|p1b: Shimmer|Glimmora, F|100\/100\n|-end|p2b: Salmon|Protosynthesis|[silent]\n|switch|p2b: Phones|Walking Wake|100\/100\n|move|p2a: Huiverig Onweer|U-turn|p1b: Shimmer\n|-resisted|p1b: Shimmer\n|-damage|p1b: Shimmer|94\/100\n|\n|t:|1695560222\n|switch|p2a: Gemnie|Sableye, F|100\/100|[from] U-turn\n|move|p1a: Shui-Long|Thunder Wave|p2a: Gemnie\n|-status|p2a: Gemnie|par\n|\n|upkeep\n|turn|3\n|c|\u26062wb|aw\n|c|\u26062wb|i was thinking of putting moon there too.............\n|c|\u2606Zelphalopod|I know\n|c| Datagne|Where toxic spikes\n|c|\u2606Zelphalopod|I was fuckin *sweating*\n|\n|t:|1695560296\n|switch|p2a: Huiverig Onweer|Tornadus-Therian, M|61\/100\n|move|p1a: Shui-Long|Protect|p1a: Shui-Long\n|-singleturn|p1a: Shui-Long|Protect\n|move|p2b: Phones|Dragon Pulse|p1a: Shui-Long\n|-activate|p1a: Shui-Long|move: Protect\n|move|p1b: Shimmer|Dazzling Gleam|p2a: Huiverig Onweer|[spread] p2a,p2b\n|-supereffective|p2b: Phones\n|-damage|p2a: Huiverig Onweer|36\/100\n|-damage|p2b: Phones|68\/100\n|\n|upkeep\n|turn|4\n|\n|t:|1695560332\n|move|p2a: Huiverig Onweer|Bleakwind Storm|p1b: Shimmer|[spread] p1a\n|-miss|p2a: Huiverig Onweer|p1b: Shimmer\n|-crit|p1a: Shui-Long\n|-damage|p1a: Shui-Long|35\/100\n|move|p2b: Phones|Dragon Pulse|p1a: Shui-Long\n|-damage|p1a: Shui-Long|0 fnt\n|faint|p1a: Shui-Long\n|move|p1b: Shimmer|Light Screen|p1b: Shimmer\n|-sidestart|p1: Zelphalopod|move: Light Screen\n|\n|upkeep\n|c|\u2606Zelphalopod|that's not very nice\n|c|\u26062wb|my apologies\n|\n|t:|1695560355\n|switch|p1a: Among|Brute Bonnet|100\/100\n|turn|5\n|\n|t:|1695560382\n|move|p1a: Among|Sucker Punch|p2a: Huiverig Onweer\n|-damage|p2a: Huiverig Onweer|0 fnt\n|faint|p2a: Huiverig Onweer\n|move|p2b: Phones|Flip Turn|p1b: Shimmer\n|-supereffective|p1b: Shimmer\n|-damage|p1b: Shimmer|53\/100\n|\n|t:|1695560394\n|-end|p2b: Phones|Protosynthesis|[silent]\n|switch|p2b: Rampant Ragwort|Scovillain, F|100\/100|[from] Flip Turn\n|move|p1b: Shimmer|Dazzling Gleam|p2b: Rampant Ragwort\n|-resisted|p2b: Rampant Ragwort\n|-damage|p2b: Rampant Ragwort|76\/100\n|\n|upkeep\n|\n|t:|1695560400\n|switch|p2a: Salmon|Roaring Moon|91\/100 par\n|turn|6\n|\n|t:|1695560421\n|-terastallize|p2a: Salmon|Rock\n|move|p1a: Among|Rage Powder|p1a: Among\n|-singleturn|p1a: Among|move: Rage Powder\n|move|p1b: Shimmer|Dazzling Gleam|p2b: Rampant Ragwort|[spread] p2a,p2b\n|-resisted|p2b: Rampant Ragwort\n|-damage|p2a: Salmon|73\/100 par\n|-damage|p2b: Rampant Ragwort|56\/100\n|move|p2b: Rampant Ragwort|Spicy Extract|p2a: Salmon\n|-boost|p2a: Salmon|atk|2\n|-unboost|p2a: Salmon|def|2\n|move|p2a: Salmon|Rock Slide|p1b: Shimmer|[spread] p1a,p1b\n|-damage|p1a: Among|39\/100\n|-damage|p1b: Shimmer|0 fnt\n|faint|p1b: Shimmer\n|-damage|p2a: Salmon|63\/100 par|[from] item: Life Orb\n|\n|-heal|p1a: Among|45\/100|[from] item: Leftovers\n|upkeep\n|c|\u2606Zelphalopod|rock slide, my only weakness\n|\n|t:|1695560453\n|switch|p1b: Taro|Blaziken, M|100\/100\n|turn|7\n|c|\u26062wb|Weird Helping Hand hours\n|\n|t:|1695560473\n|move|p2b: Rampant Ragwort|Rage Powder|p2b: Rampant Ragwort\n|-singleturn|p2b: Rampant Ragwort|move: Rage Powder\n|move|p1b: Taro|Close Combat|p2b: Rampant Ragwort\n|-damage|p2b: Rampant Ragwort|0 fnt\n|-unboost|p1b: Taro|def|1\n|-unboost|p1b: Taro|spd|1\n|faint|p2b: Rampant Ragwort\n|move|p2a: Salmon|Rock Slide|p1b: Taro|[spread] p1a,p1b\n|-damage|p1a: Among|0 fnt\n|-damage|p1b: Taro|0 fnt\n|faint|p1a: Among\n|-end|p1a: Among|Protosynthesis|[silent]\n|faint|p1b: Taro\n|-damage|p2a: Salmon|53\/100 par|[from] item: Life Orb\n|\n|upkeep\n|\n|t:|1695560490\n|switch|p1b: Anemone|Lilligant-Hisui, F, shiny|100\/100\n|switch|p2b: Phones|Walking Wake|68\/100\n|switch|p1a: Storm|Volcanion|1\/100\n|turn|8\n|\n|t:|1695560522\n|-terastallize|p1a: Storm|Ground\n|move|p2b: Phones|Flamethrower|p1b: Anemone\n|-supereffective|p1b: Anemone\n|-damage|p1b: Anemone|35\/100\n|move|p1b: Anemone|After You|p1a: Storm\n|-activate|p1a: Storm|move: After You\n|move|p1a: Storm|Earth Power|p2b: Phones\n|-damage|p2b: Phones|26\/100\n|cant|p2a: Salmon|par\n|\n|-sideend|p1: Zelphalopod|move: Light Screen\n|upkeep\n|turn|9\n|\n|t:|1695560541\n|move|p2b: Phones|Flamethrower|p1b: Anemone\n|-supereffective|p1b: Anemone\n|-damage|p1b: Anemone|0 fnt\n|faint|p1b: Anemone\n|move|p1a: Storm|Earth Power|p2a: Salmon\n|-supereffective|p2a: Salmon\n|-damage|p2a: Salmon|0 fnt\n|faint|p2a: Salmon\n|-end|p2a: Salmon|Protosynthesis|[silent]\n|\n|upkeep\n|\n|t:|1695560555\n|switch|p2a: Barking Bright|Ninetales, M|100\/100\n|-weather|SunnyDay|[from] ability: Drought|[of] p2a: Barking Bright\n|-activate|p2b: Phones|ability: Protosynthesis\n|-start|p2b: Phones|protosynthesisspa\n|turn|10\n|\n|t:|1695560580\n|move|p2b: Phones|Flamethrower|p1a: Storm\n|-damage|p1a: Storm|0 fnt\n|faint|p1a: Storm\n|\n|win|2wb\n|c|\u26062wb|gg\n|c|\u2606Zelphalopod|g'd g\n|c|\u26062wb|my bucket of sweat is useless in front of a critical hit i need to go calc that one\n|c|\u26062wb|do you want to do the third\n|c|\u2606Zelphalopod|not that it would matter but sure ig lol\n|l|\u2606Zelphalopod\n|l| Datagne\n","uploadtime":1695560711,"views":21,"p1id":"zelphalopod","p2id":"2wb","formatid":"gen9nationaldexdoubles","rating":0,"private":0,"password":""}