{"id":"gen9nationaldexdoubles-1993053797","p1":"kanotation","p2":"Codradin","format":"[Gen 9] National Dex Doubles","log":"|j|\u2606kanotation\n|j|\u2606Codradin\n|t:|1700259620\n|gametype|doubles\n|player|p1|kanotation|cynthia|\n|player|p2|Codradin|lucy|\n|teamsize|p1|6\n|teamsize|p2|6\n|gen|9\n|tier|[Gen 9] National Dex Doubles\n|rule|HP Percentage Mod: HP is shown in percentages\n|rule|Endless Battle Clause: Forcing endless battles is banned\n|rule|OHKO Clause: OHKO moves are banned\n|rule|Evasion Moves Clause: Evasion moves are banned\n|rule|Evasion Abilities Clause: Evasion abilities are banned\n|rule|Species Clause: Limit one of each Pok\u00e9mon\n|rule|Gravity Sleep Clause: The combination of sleep-inducing moves with imperfect accuracy and Gravity or Gigantamax Orbeetle are banned\n|clearpoke\n|poke|p1|Garchomp, F|\n|poke|p1|Spiritomb, M|\n|poke|p1|Gastrodon-East, M|\n|poke|p1|Togekiss, F|\n|poke|p1|Lucario, M|\n|poke|p1|Roserade, M|\n|poke|p2|Alakazam, F|\n|poke|p2|Machamp, M|\n|poke|p2|Scizor, F|\n|poke|p2|Rotom-Heat|\n|poke|p2|Umbreon, F|\n|poke|p2|Blastoise, F|\n|teampreview\n|\n|t:|1700259650\n|start\n|switch|p1a: Spiritomb|Spiritomb, M|100\/100\n|switch|p1b: Roserade|Roserade, M|100\/100\n|switch|p2a: Alakazam|Alakazam, F|100\/100\n|switch|p2b: Machamp|Machamp, M|100\/100\n|-ability|p1a: Spiritomb|Pressure\n|turn|1\n|\n|t:|1700259682\n|move|p2b: Machamp|Protect|p2b: Machamp\n|-singleturn|p2b: Machamp|Protect\n|move|p2a: Alakazam|Dazzling Gleam|p1a: Spiritomb|[spread] p1a,p1b\n|-supereffective|p1a: Spiritomb\n|-resisted|p1b: Roserade\n|-damage|p1a: Spiritomb|56\/100\n|-damage|p1b: Roserade|85\/100\n|move|p1b: Roserade|Leech Seed|p2b: Machamp\n|-activate|p2b: Machamp|move: Protect\n|move|p1a: Spiritomb|Poltergeist|p2a: Alakazam\n|-activate|p2a: Alakazam|move: Poltergeist|Life Orb\n|-supereffective|p2a: Alakazam\n|-damage|p2a: Alakazam|0 fnt\n|faint|p2a: Alakazam\n|\n|-heal|p1b: Roserade|91\/100|[from] item: Black Sludge\n|-heal|p1a: Spiritomb|62\/100|[from] item: Leftovers\n|-status|p2b: Machamp|brn|[from] item: Flame Orb\n|upkeep\n|\n|t:|1700259702\n|switch|p2a: Umbreon|Umbreon, F, shiny|100\/100\n|turn|2\n|\n|t:|1700259722\n|move|p2a: Umbreon|Protect|p2a: Umbreon\n|-singleturn|p2a: Umbreon|Protect\n|move|p1b: Roserade|Sleep Powder|p2a: Umbreon\n|-activate|p2a: Umbreon|move: Protect\n|move|p2b: Machamp|Earthquake|p1a: Spiritomb|[spread] p1a,p1b\n|-activate|p2a: Umbreon|move: Protect\n|-damage|p1a: Spiritomb|16\/100\n|-damage|p1b: Roserade|14\/100\n|move|p1a: Spiritomb|Pain Split|p2a: Umbreon\n|-activate|p2a: Umbreon|move: Protect\n|\n|-heal|p1b: Roserade|20\/100|[from] item: Black Sludge\n|-heal|p1a: Spiritomb|22\/100|[from] item: Leftovers\n|-damage|p2b: Machamp|94\/100 brn|[from] brn\n|upkeep\n|turn|3\n|\n|t:|1700259745\n|move|p2a: Umbreon|Protect||[still]\n|-fail|p2a: Umbreon\n|move|p1a: Spiritomb|Shadow Sneak|p2a: Umbreon\n|-resisted|p2a: Umbreon\n|-damage|p2a: Umbreon|93\/100\n|move|p1b: Roserade|Sleep Powder|p2a: Umbreon\n|-status|p2a: Umbreon|slp|[from] move: Sleep Powder\n|move|p2b: Machamp|Earthquake|p1b: Roserade|[spread] p2a,p1a,p1b\n|-damage|p2a: Umbreon|56\/100 slp\n|-damage|p1a: Spiritomb|0 fnt\n|-damage|p1b: Roserade|0 fnt\n|faint|p1a: Spiritomb\n|faint|p1b: Roserade\n|\n|-heal|p2a: Umbreon|62\/100 slp|[from] item: Leftovers\n|-damage|p2b: Machamp|88\/100 brn|[from] brn\n|upkeep\n|\n|t:|1700259764\n|switch|p1b: Garchomp|Garchomp, F|100\/100\n|switch|p1a: Togekiss|Togekiss, F|100\/100\n|turn|4\n|\n|t:|1700259799\n|switch|p2a: Rotom|Rotom-Heat|100\/100\n|move|p1a: Togekiss|Dazzling Gleam|p2b: Machamp|[spread] p2a,p2b\n|-resisted|p2a: Rotom\n|-supereffective|p2b: Machamp\n|-damage|p2a: Rotom|81\/100\n|-damage|p2b: Machamp|16\/100 brn\n|move|p1b: Garchomp|Earthquake|p2b: Machamp|[spread] p2b\n|-immune|p1a: Togekiss\n|-immune|p2a: Rotom|[from] ability: Levitate\n|-damage|p2b: Machamp|0 fnt\n|faint|p2b: Machamp\n|\n|upkeep\n|\n|t:|1700259812\n|switch|p2b: Blastoise|Blastoise, F|100\/100\n|turn|5\n|\n|t:|1700259851\n|switch|p1b: Gastrodon|Gastrodon-East, M|100\/100\n|move|p1a: Togekiss|Dazzling Gleam|p2a: Rotom|[spread] p2a,p2b\n|-resisted|p2a: Rotom\n|-damage|p2a: Rotom|60\/100\n|-damage|p2b: Blastoise|68\/100\n|move|p2a: Rotom|Thunderbolt|p1a: Togekiss\n|-supereffective|p1a: Togekiss\n|-damage|p1a: Togekiss|21\/100\n|move|p2b: Blastoise|Ice Beam|p1b: Gastrodon\n|-damage|p1b: Gastrodon|75\/100\n|\n|upkeep\n|turn|6\n|\n|t:|1700259882\n|-terastallize|p2a: Rotom|Electric\n|move|p1a: Togekiss|Dazzling Gleam|p2a: Rotom|[spread] p2a,p2b\n|-damage|p2a: Rotom|22\/100\n|-damage|p2b: Blastoise|38\/100\n|move|p2a: Rotom|Thunderbolt|p1a: Togekiss\n|-supereffective|p1a: Togekiss\n|-crit|p1a: Togekiss\n|-damage|p1a: Togekiss|0 fnt\n|faint|p1a: Togekiss\n|move|p2b: Blastoise|Ice Beam|p1b: Gastrodon\n|-damage|p1b: Gastrodon|49\/100\n|move|p1b: Gastrodon|Sludge Wave|p2a: Rotom|[spread] p2a,p2b\n|-damage|p2a: Rotom|0 fnt\n|-damage|p2b: Blastoise|16\/100\n|faint|p2a: Rotom\n|\n|upkeep\n|\n|t:|1700259899\n|switch|p2a: Scizor|Scizor, F|100\/100\n|switch|p1a: Lucario|Lucario, M|100\/100\n|-item|p1a: Lucario|Air Balloon\n|turn|7\n|\n|t:|1700259927\n|move|p1a: Lucario|Swords Dance|p1a: Lucario\n|-boost|p1a: Lucario|atk|2\n|move|p2b: Blastoise|Ice Beam|p1b: Gastrodon\n|-damage|p1b: Gastrodon|26\/100\n|move|p2a: Scizor|Dual Wingbeat|p1a: Lucario|[miss]\n|-miss|p2a: Scizor|p1a: Lucario\n|move|p1b: Gastrodon|Earth Power|p2a: Scizor\n|-damage|p2a: Scizor|41\/100\n|\n|-heal|p2a: Scizor|47\/100|[from] item: Leftovers\n|upkeep\n|turn|8\n|\n|t:|1700259945\n|move|p1a: Lucario|Bullet Punch|p2b: Blastoise\n|-resisted|p2b: Blastoise\n|-damage|p2b: Blastoise|0 fnt\n|faint|p2b: Blastoise\n|move|p2a: Scizor|Bullet Punch|p1a: Lucario\n|-resisted|p1a: Lucario\n|-crit|p1a: Lucario\n|-damage|p1a: Lucario|60\/100\n|-enditem|p1a: Lucario|Air Balloon\n|move|p1b: Gastrodon|Earth Power|p2a: Scizor\n|-damage|p2a: Scizor|0 fnt\n|faint|p2a: Scizor\n|\n|upkeep\n|\n|t:|1700259958\n|switch|p2a: Umbreon|Umbreon, F, shiny|62\/100 slp\n|turn|9\n|\n|t:|1700259964\n|cant|p2a: Umbreon|slp\n|move|p1a: Lucario|Close Combat|p2a: Umbreon\n|-supereffective|p2a: Umbreon\n|-damage|p2a: Umbreon|0 fnt\n|-unboost|p1a: Lucario|def|1\n|-unboost|p1a: Lucario|spd|1\n|faint|p2a: Umbreon\n|\n|win|kanotation\n","uploadtime":1700259974,"views":7,"p1id":"kanotation","p2id":"codradin","formatid":"gen9nationaldexdoubles","rating":0,"private":0,"password":""}