{"id":"gen9nationaldexdoubles-1986378047","p1":"TheBosses27","p2":"I'mSuspecious)","format":"[Gen 9] National Dex Doubles","log":"|j|\u2606TheBosses27\n|j|\u2606I'mSuspecious)\n|t:|1699473806\n|gametype|doubles\n|player|p1|TheBosses27|bruno|1253\n|player|p2|I'mSuspecious)|wallace|1165\n|teamsize|p1|6\n|teamsize|p2|6\n|gen|9\n|tier|[Gen 9] National Dex Doubles\n|rated|\n|rule|HP Percentage Mod: HP is shown in percentages\n|rule|Endless Battle Clause: Forcing endless battles is banned\n|rule|OHKO Clause: OHKO moves are banned\n|rule|Evasion Moves Clause: Evasion moves are banned\n|rule|Evasion Abilities Clause: Evasion abilities are banned\n|rule|Species Clause: Limit one of each Pok\u00e9mon\n|rule|Gravity Sleep Clause: The combination of sleep-inducing moves with imperfect accuracy and Gravity or Gigantamax Orbeetle are banned\n|clearpoke\n|poke|p1|Gliscor, F|\n|poke|p1|Toxapex, M|\n|poke|p1|Ting-Lu|\n|poke|p1|Heatran, F|\n|poke|p1|Iron Treads|\n|poke|p1|Hatterene, F|\n|poke|p2|Roaring Moon|\n|poke|p2|Regidrago|\n|poke|p2|Zygarde|\n|poke|p2|Altaria, F|\n|poke|p2|Dragapult, F|\n|poke|p2|Dipplin, M|\n|teampreview\n|inactive|Battle timer is ON: inactive players will automatically lose when time's up. (requested by TheBosses27)\n|inactive|I'mSuspecious) has 120 seconds left.\n|inactive|I'mSuspecious) has 90 seconds left.\n|c|\u2606I'mSuspecious)|sorry\n|inactive|I'mSuspecious) has 60 seconds left.\n|\n|t:|1699473904\n|start\n|switch|p1a: Gliscor|Gliscor, F|100\/100\n|switch|p1b: Hatterene|Hatterene, F|100\/100\n|switch|p2a: Regidrago|Regidrago|100\/100\n|switch|p2b: Altaria|Altaria, F|100\/100\n|-ability|p2b: Altaria|Cloud Nine\n|turn|1\n|\n|t:|1699473914\n|detailschange|p2b: Altaria|Altaria-Mega, F\n|-mega|p2b: Altaria|Altaria|Altarianite\n|move|p1a: Gliscor|Protect|p1a: Gliscor\n|-singleturn|p1a: Gliscor|Protect\n|move|p2a: Regidrago|Dragon Energy|p1b: Hatterene|[spread] \n|-activate|p1a: Gliscor|move: Protect\n|-immune|p1b: Hatterene\n|move|p2b: Altaria|Tailwind|p2b: Altaria\n|-sidestart|p2: I'mSuspecious)|move: Tailwind\n|move|p1b: Hatterene|Future Sight|p2a: Regidrago\n|-start|p1b: Hatterene|move: Future Sight\n|\n|-status|p1a: Gliscor|tox|[from] item: Toxic Orb\n|upkeep\n|turn|2\n|\n|t:|1699473933\n|switch|p1a: Iron Treads|Iron Treads|100\/100\n|move|p2a: Regidrago|Dragon Energy|p1a: Iron Treads|[spread] p1a\n|-immune|p1b: Hatterene\n|-resisted|p1a: Iron Treads\n|-damage|p1a: Iron Treads|72\/100\n|move|p2b: Altaria|Hyper Voice|p1b: Hatterene|[spread] p1a,p1b\n|-resisted|p1a: Iron Treads\n|-damage|p1a: Iron Treads|63\/100\n|-damage|p1b: Hatterene|76\/100\n|move|p1b: Hatterene|Future Sight|p2b: Altaria\n|-start|p1b: Hatterene|move: Future Sight\n|\n|upkeep\n|turn|3\n|\n|t:|1699473963\n|switch|p2a: Dipplin|Dipplin, M|100\/100\n|switch|p2b: Zygarde|Zygarde|100\/100\n|-ability|p2b: Zygarde|Aura Break\n|move|p1a: Iron Treads|Knock Off|p2a: Dipplin\n|-damage|p2a: Dipplin|86\/100\n|-activate|p2a: Dipplin|ability: Sticky Hold\n|move|p1b: Hatterene|Life Dew|p1b: Hatterene|[spread] p1a,p1b\n|-heal|p1a: Iron Treads|88\/100\n|-heal|p1b: Hatterene|100\/100\n|\n|-end|p2a: Dipplin|move: Future Sight\n|-damage|p2a: Dipplin|55\/100\n|upkeep\n|turn|4\n|\n|t:|1699473992\n|-end|p1a: Iron Treads|Quark Drive|[silent]\n|switch|p1a: Gliscor|Gliscor, F|100\/100 tox\n|move|p2b: Zygarde|Dragon Dance|p2b: Zygarde\n|-boost|p2b: Zygarde|atk|1\n|-boost|p2b: Zygarde|spe|1\n|move|p2a: Dipplin|Recover|p2a: Dipplin\n|-heal|p2a: Dipplin|100\/100\n|move|p1b: Hatterene|Charm|p2b: Zygarde\n|-fail|p2b: Zygarde|unboost|[from] item: Clear Amulet|[of] p2b: Zygarde\n|\n|-end|p2b: Zygarde|move: Future Sight\n|-damage|p2b: Zygarde|63\/100\n|-sideend|p2: I'mSuspecious)|move: Tailwind\n|upkeep\n|turn|5\n|\n|t:|1699474023\n|move|p2b: Zygarde|Protect|p2b: Zygarde\n|-singleturn|p2b: Zygarde|Protect\n|move|p1a: Gliscor|Knock Off|p2b: Zygarde\n|-activate|p2b: Zygarde|move: Protect\n|move|p2a: Dipplin|Pollen Puff|p2b: Zygarde\n|-activate|p2b: Zygarde|move: Protect\n|move|p1b: Hatterene|Charm|p2b: Zygarde\n|-activate|p2b: Zygarde|move: Protect\n|\n|upkeep\n|turn|6\n|c|\u2606I'mSuspecious)|nah :0\n|inactive|I'mSuspecious) has 120 seconds left.\n|\n|t:|1699474062\n|switch|p2b: Altaria|Altaria-Mega, F|100\/100\n|move|p1a: Gliscor|Knock Off|p2b: Altaria\n|-resisted|p2b: Altaria\n|-damage|p2b: Altaria|95\/100\n|move|p2a: Dipplin|Draco Meteor|p1a: Gliscor\n|-damage|p1a: Gliscor|39\/100 tox\n|-unboost|p2a: Dipplin|spa|2\n|move|p1b: Hatterene|Charm|p2b: Altaria\n|-unboost|p2b: Altaria|atk|2\n|\n|-heal|p1a: Gliscor|52\/100 tox|[from] ability: Poison Heal\n|upkeep\n|turn|7\n|inactive|I'mSuspecious) has 120 seconds left.\n|\n|t:|1699474090\n|move|p1a: Gliscor|Protect|p1a: Gliscor\n|-singleturn|p1a: Gliscor|Protect\n|move|p2b: Altaria|Tailwind|p2b: Altaria\n|-sidestart|p2: I'mSuspecious)|move: Tailwind\n|move|p1b: Hatterene|Future Sight|p2b: Altaria\n|-start|p1b: Hatterene|move: Future Sight\n|move|p2a: Dipplin|Dragon Tail|p1a: Gliscor\n|-activate|p1a: Gliscor|move: Protect\n|\n|-heal|p1a: Gliscor|64\/100 tox|[from] ability: Poison Heal\n|upkeep\n|turn|8\n|inactive|I'mSuspecious) has 120 seconds left.\n|\n|t:|1699474126\n|move|p2b: Altaria|Hyper Voice|p1b: Hatterene|[spread] p1a,p1b\n|-damage|p1a: Gliscor|28\/100 tox\n|-damage|p1b: Hatterene|74\/100\n|move|p1a: Gliscor|Stealth Rock|p2a: Dipplin\n|-sidestart|p2: I'mSuspecious)|move: Stealth Rock\n|move|p1b: Hatterene|Future Sight|p2a: Dipplin\n|-start|p1b: Hatterene|move: Future Sight\n|move|p2a: Dipplin|Dragon Tail|p1a: Gliscor\n|-damage|p1a: Gliscor|18\/100 tox\n|drag|p1a: Ting-Lu|Ting-Lu|100\/100\n|-ability|p1a: Ting-Lu|Vessel of Ruin\n|\n|upkeep\n|turn|9\n|inactive|I'mSuspecious) has 120 seconds left.\n|\n|t:|1699474151\n|move|p1b: Hatterene|Protect|p1b: Hatterene\n|-singleturn|p1b: Hatterene|Protect\n|move|p2b: Altaria|Hyper Voice|p1a: Ting-Lu|[spread] p1a\n|-activate|p1b: Hatterene|move: Protect\n|-supereffective|p1a: Ting-Lu\n|-damage|p1a: Ting-Lu|73\/100\n|move|p1a: Ting-Lu|Spikes|p2b: Altaria\n|-sidestart|p2: I'mSuspecious)|Spikes\n|move|p2a: Dipplin|Dragon Tail|p1a: Ting-Lu\n|-damage|p1a: Ting-Lu|65\/100\n|drag|p1a: Toxapex|Toxapex, M|100\/100\n|\n|-end|p2b: Altaria|move: Future Sight\n|-damage|p2b: Altaria|55\/100\n|upkeep\n|turn|10\n|\n|t:|1699474169\n|switch|p2b: Regidrago|Regidrago|100\/100\n|-damage|p2b: Regidrago|88\/100|[from] Stealth Rock\n|-damage|p2b: Regidrago|76\/100|[from] Spikes\n|move|p2a: Dipplin|Pollen Puff|p2b: Regidrago\n|-heal|p2b: Regidrago|100\/100\n|move|p1a: Toxapex|Toxic Spikes|p2a: Dipplin\n|-sidestart|p2: I'mSuspecious)|move: Toxic Spikes\n|move|p1b: Hatterene|Future Sight|p2b: Regidrago\n|-start|p1b: Hatterene|move: Future Sight\n|\n|-end|p2a: Dipplin|move: Future Sight\n|-damage|p2a: Dipplin|71\/100\n|-sideend|p2: I'mSuspecious)|move: Tailwind\n|upkeep\n|turn|11\n|inactive|I'mSuspecious) has 120 seconds left.\n|\n|t:|1699474205\n|-terastallize|p2b: Regidrago|Steel\n|move|p2b: Regidrago|Tera Blast|p1b: Hatterene|[anim] Tera Blast Steel\n|-supereffective|p1b: Hatterene\n|-enditem|p1b: Hatterene|Babiri Berry|[eat]\n|-enditem|p1b: Hatterene|Babiri Berry|[weaken]\n|-damage|p1b: Hatterene|32\/100\n|move|p2a: Dipplin|Pollen Puff|p2b: Regidrago\n|-immune|p2b: Regidrago\n|move|p1a: Toxapex|Toxic Spikes|p2b: Regidrago\n|-sidestart|p2: I'mSuspecious)|move: Toxic Spikes\n|move|p1b: Hatterene|Life Dew||[still]|[spread] p1a,p1b\n|-fail|p1a: Toxapex|heal\n|-heal|p1b: Hatterene|57\/100\n|\n|upkeep\n|turn|12\n|\n|t:|1699474225\n|switch|p1b: Ting-Lu|Ting-Lu|65\/100\n|-ability|p1b: Ting-Lu|Vessel of Ruin\n|move|p2b: Regidrago|Tera Blast|p1b: Ting-Lu|[anim] Tera Blast Steel\n|-damage|p1b: Ting-Lu|38\/100\n|move|p2a: Dipplin|Pollen Puff|p1b: Ting-Lu\n|-supereffective|p1b: Ting-Lu\n|-damage|p1b: Ting-Lu|28\/100\n|move|p1a: Toxapex|Block|p2b: Regidrago\n|-activate|p2b: Regidrago|trapped\n|\n|-end|p2b: Regidrago|move: Future Sight\n|-resisted|p2b: Regidrago\n|-damage|p2b: Regidrago|82\/100\n|upkeep\n|turn|13\n|inactive|I'mSuspecious) has 120 seconds left.\n|inactive|I'mSuspecious) has 90 seconds left.\n|\n|t:|1699474298\n|switch|p1b: Heatran|Heatran, F|100\/100\n|move|p2b: Regidrago|Tera Blast|p1b: Heatran|[anim] Tera Blast Steel\n|-resisted|p1b: Heatran\n|-damage|p1b: Heatran|89\/100\n|move|p2a: Dipplin|Pollen Puff|p1b: Heatran\n|-resisted|p1b: Heatran\n|-damage|p1b: Heatran|87\/100\n|move|p1a: Toxapex|Block|p2a: Dipplin\n|-activate|p2a: Dipplin|trapped\n|\n|-heal|p1b: Heatran|93\/100|[from] item: Leftovers\n|upkeep\n|turn|14\n|inactive|I'mSuspecious) has 90 seconds left.\n|\n|t:|1699474327\n|move|p2b: Regidrago|Tera Blast|p1a: Toxapex|[anim] Tera Blast Steel\n|-resisted|p1a: Toxapex\n|-damage|p1a: Toxapex|82\/100\n|move|p1b: Heatran|Fire Spin|p2a: Dipplin\n|-damage|p2a: Dipplin|61\/100\n|-activate|p2a: Dipplin|move: Fire Spin|[of] p1b: Heatran\n|move|p1a: Toxapex|Rain Dance|p1a: Toxapex\n|-weather|RainDance\n|move|p2a: Dipplin|Dragon Tail|p1b: Heatran\n|-resisted|p1b: Heatran\n|-damage|p1b: Heatran|89\/100\n|drag|p1b: Gliscor|Gliscor, F|18\/100 tox\n|\n|-weather|RainDance|[upkeep]\n|-heal|p1a: Toxapex|88\/100|[from] item: Black Sludge\n|-heal|p1b: Gliscor|30\/100 tox|[from] ability: Poison Heal\n|-end|p2a: Dipplin|Fire Spin|[partiallytrapped]|[silent]\n|upkeep\n|turn|15\n|c|\u2606I'mSuspecious)|This block is rough\n|inactive|TheBosses27 has 120 seconds left.\n|\n|t:|1699474373\n|switch|p1b: Heatran|Heatran, F|89\/100\n|move|p2b: Regidrago|Tera Blast|p1b: Heatran|[anim] Tera Blast Steel\n|-resisted|p1b: Heatran\n|-damage|p1b: Heatran|76\/100\n|move|p2a: Dipplin|Pollen Puff|p2b: Regidrago\n|-heal|p2b: Regidrago|100\/100\n|move|p1a: Toxapex|Recover|p1a: Toxapex\n|-heal|p1a: Toxapex|100\/100\n|\n|-weather|RainDance|[upkeep]\n|-heal|p1b: Heatran|82\/100|[from] item: Leftovers\n|upkeep\n|turn|16\n|\n|t:|1699474386\n|move|p2b: Regidrago|Tera Blast|p1b: Heatran|[anim] Tera Blast Steel\n|-resisted|p1b: Heatran\n|-damage|p1b: Heatran|70\/100\n|move|p1b: Heatran|Fire Spin|p2b: Regidrago|[miss]\n|-miss|p1b: Heatran|p2b: Regidrago\n|move|p2a: Dipplin|Recover|p2a: Dipplin\n|-heal|p2a: Dipplin|100\/100\n|move|p1a: Toxapex|Rain Dance||[still]\n|-fail|p1a: Toxapex\n|\n|-weather|RainDance|[upkeep]\n|-heal|p1b: Heatran|77\/100|[from] item: Leftovers\n|upkeep\n|turn|17\n|\n|t:|1699474402\n|move|p2b: Regidrago|Tera Blast|p1b: Heatran|[anim] Tera Blast Steel\n|-resisted|p1b: Heatran\n|-damage|p1b: Heatran|65\/100\n|move|p1b: Heatran|Fire Spin|p2b: Regidrago\n|-supereffective|p2b: Regidrago\n|-damage|p2b: Regidrago|85\/100\n|-activate|p2b: Regidrago|move: Fire Spin|[of] p1b: Heatran\n|move|p1a: Toxapex|Block||[still]\n|-fail|p1a: Toxapex\n|move|p2a: Dipplin|Dragon Tail|p1b: Heatran\n|-resisted|p1b: Heatran\n|-damage|p1b: Heatran|61\/100\n|drag|p1b: Ting-Lu|Ting-Lu|28\/100\n|-ability|p1b: Ting-Lu|Vessel of Ruin\n|\n|-weather|RainDance|[upkeep]\n|-end|p2b: Regidrago|Fire Spin|[partiallytrapped]|[silent]\n|upkeep\n|turn|18\n|\n|t:|1699474420\n|switch|p1b: Hatterene|Hatterene, F|57\/100\n|move|p2b: Regidrago|Tera Blast|p1b: Hatterene|[anim] Tera Blast Steel\n|-supereffective|p1b: Hatterene\n|-damage|p1b: Hatterene|0 fnt\n|faint|p1b: Hatterene\n|move|p1a: Toxapex|Rain Dance||[still]\n|-fail|p1a: Toxapex\n|move|p2a: Dipplin|Dragon Tail|p1a: Toxapex\n|-damage|p1a: Toxapex|87\/100\n|drag|p1a: Gliscor|Gliscor, F|30\/100 tox\n|\n|-weather|none\n|-heal|p1a: Gliscor|43\/100 tox|[from] ability: Poison Heal\n|upkeep\n|\n|t:|1699474436\n|switch|p1b: Heatran|Heatran, F|61\/100\n|turn|19\n|inactive|I'mSuspecious) has 120 seconds left.\n|\n|t:|1699474476\n|switch|p2b: Zygarde|Zygarde|63\/100\n|-damage|p2b: Zygarde|57\/100|[from] Stealth Rock\n|-damage|p2b: Zygarde|45\/100|[from] Spikes\n|-status|p2b: Zygarde|tox\n|-ability|p2b: Zygarde|Aura Break\n|switch|p2a: Altaria|Altaria-Mega, F|55\/100\n|-damage|p2a: Altaria|43\/100|[from] Stealth Rock\n|-damage|p2a: Altaria|30\/100|[from] Spikes\n|-status|p2a: Altaria|tox\n|move|p1a: Gliscor|Spikes|p2b: Zygarde\n|-sidestart|p2: I'mSuspecious)|Spikes\n|move|p1b: Heatran|Roar|p2a: Altaria\n|drag|p2a: Regidrago|Regidrago, tera:Steel|85\/100\n|-damage|p2a: Regidrago|79\/100|[from] Stealth Rock\n|-damage|p2a: Regidrago|63\/100|[from] Spikes\n|\n|-heal|p1b: Heatran|67\/100|[from] item: Leftovers\n|-heal|p1a: Gliscor|55\/100 tox|[from] ability: Poison Heal\n|-damage|p2b: Zygarde|39\/100 tox|[from] psn\n|upkeep\n|turn|20\n|inactive|I'mSuspecious) has 120 seconds left.\n|\n|t:|1699474509\n|move|p1a: Gliscor|Protect|p1a: Gliscor\n|-singleturn|p1a: Gliscor|Protect\n|move|p2b: Zygarde|Protect|p2b: Zygarde\n|-singleturn|p2b: Zygarde|Protect\n|move|p1b: Heatran|Protect|p1b: Heatran\n|-singleturn|p1b: Heatran|Protect\n|move|p2a: Regidrago|Earth Power|p1b: Heatran\n|-activate|p1b: Heatran|move: Protect\n|\n|-heal|p1b: Heatran|73\/100|[from] item: Leftovers\n|-damage|p2b: Zygarde|26\/100 tox|[from] psn\n|-heal|p1a: Gliscor|68\/100 tox|[from] ability: Poison Heal\n|upkeep\n|turn|21\n|\n|t:|1699474530\n|-terastallize|p1b: Heatran|Grass\n|move|p1a: Gliscor|Spikes|p2a: Regidrago\n|-sidestart|p2: I'mSuspecious)|Spikes\n|move|p2b: Zygarde|Dragon Dance|p2b: Zygarde\n|-boost|p2b: Zygarde|atk|1\n|-boost|p2b: Zygarde|spe|1\n|move|p2a: Regidrago|Earth Power|p1b: Heatran\n|-resisted|p1b: Heatran\n|-damage|p1b: Heatran|56\/100\n|-unboost|p1b: Heatran|spd|1\n|move|p1b: Heatran|Will-O-Wisp||[still]\n|-fail|p1b: Heatran\n|\n|-heal|p1b: Heatran|62\/100|[from] item: Leftovers\n|-damage|p2b: Zygarde|8\/100 tox|[from] psn\n|-heal|p1a: Gliscor|80\/100 tox|[from] ability: Poison Heal\n|upkeep\n|turn|22\n|inactive|I'mSuspecious) has 120 seconds left.\n|\n|t:|1699474564\n|switch|p2b: Dragapult|Dragapult, F|100\/100\n|-damage|p2b: Dragapult|88\/100|[from] Stealth Rock\n|-damage|p2b: Dragapult|63\/100|[from] Spikes\n|-status|p2b: Dragapult|tox\n|move|p1a: Gliscor|Knock Off|p2b: Dragapult\n|-supereffective|p2b: Dragapult\n|-damage|p2b: Dragapult|5\/100 tox\n|-enditem|p2b: Dragapult|Choice Band|[from] move: Knock Off|[of] p1a: Gliscor\n|move|p2a: Regidrago|Earth Power|p1b: Heatran\n|-resisted|p1b: Heatran\n|-damage|p1b: Heatran|34\/100\n|move|p1b: Heatran|Will-O-Wisp|p2a: Regidrago\n|-status|p2a: Regidrago|brn\n|\n|-heal|p1b: Heatran|41\/100|[from] item: Leftovers\n|-damage|p2b: Dragapult|0 fnt|[from] psn\n|faint|p2b: Dragapult\n|-heal|p1a: Gliscor|93\/100 tox|[from] ability: Poison Heal\n|-damage|p2a: Regidrago|56\/100 brn|[from] brn\n|upkeep\n|c|\u2606I'mSuspecious)|WTFFF\n|inactive|I'mSuspecious) has 120 seconds left.\n|inactive|I'mSuspecious) has 90 seconds left.\n|c|\u2606I'mSuspecious)|You played so horribly\n|c|\u2606I'mSuspecious)|Wtf\n|c|\u2606TheBosses27|:)\n|c|\u2606I'mSuspecious)|You should have protected\n|inactive|I'mSuspecious) has 60 seconds left.\n|c|\u2606I'mSuspecious)|You should'nt be glad\n|c|\u2606I'mSuspecious)|If I would have attacked you would have lost\n|c|\u2606TheBosses27|Hazard stall the best\n|inactive|I'mSuspecious) has 30 seconds left.\n|c|\u2606I'mSuspecious)|Yeah should have won\n|c|\u2606I'mSuspecious)|don't care\n|c|\u2606TheBosses27|300 def\n|inactive|I'mSuspecious) has 20 seconds left.\n|c|\u2606TheBosses27|Wouldn\u2019t kill\n|inactive|I'mSuspecious) has 15 seconds left.\n|c|\u2606I'mSuspecious)|I'd win\n|\n|t:|1699474677\n|switch|p2b: Roaring Moon|Roaring Moon|100\/100\n|-damage|p2b: Roaring Moon|88\/100|[from] Stealth Rock\n|-damage|p2b: Roaring Moon|63\/100|[from] Spikes\n|-status|p2b: Roaring Moon|tox\n|turn|23\n|\n|t:|1699474685\n|move|p1a: Gliscor|Protect|p1a: Gliscor\n|-singleturn|p1a: Gliscor|Protect\n|move|p1b: Heatran|Protect|p1b: Heatran\n|-singleturn|p1b: Heatran|Protect\n|move|p2b: Roaring Moon|Breaking Swipe|p1b: Heatran|[spread] \n|-activate|p1a: Gliscor|move: Protect\n|-activate|p1b: Heatran|move: Protect\n|move|p2a: Regidrago|Earth Power|p1b: Heatran\n|-activate|p1b: Heatran|move: Protect\n|\n|-heal|p1b: Heatran|47\/100|[from] item: Leftovers\n|-damage|p2b: Roaring Moon|57\/100 tox|[from] psn\n|-heal|p1a: Gliscor|100\/100 tox|[from] ability: Poison Heal\n|-damage|p2a: Regidrago|50\/100 brn|[from] brn\n|upkeep\n|turn|24\n|-message|I'mSuspecious) forfeited.\n|\n|win|TheBosses27\n|raw|TheBosses27's rating: 1253 &rarr; <strong>1272<\/strong><br \/>(+19 for winning)\n|raw|I&apos;mSuspecious)'s rating: 1165 &rarr; <strong>1146<\/strong><br \/>(-19 for losing)\n|l|\u2606I'mSuspecious)\n","uploadtime":1699474706,"views":12,"p1id":"thebosses27","p2id":"imsuspecious","formatid":"gen9nationaldexdoubles","rating":1146,"private":0,"password":""}