{"id":"gen9nationaldexdoubles-1980144533","p1":"FURRETSHINY123","p2":"fumbari 24","format":"[Gen 9] National Dex Doubles","log":"|j|\u2606FURRETSHINY123\n|j|\u2606fumbari 24\n|t:|1698761239\n|gametype|doubles\n|player|p1|FURRETSHINY123|2|1228\n|player|p2|fumbari 24|hilbert|1508\n|teamsize|p1|6\n|teamsize|p2|6\n|gen|9\n|tier|[Gen 9] National Dex Doubles\n|rated|\n|rule|HP Percentage Mod: HP is shown in percentages\n|rule|Endless Battle Clause: Forcing endless battles is banned\n|rule|OHKO Clause: OHKO moves are banned\n|rule|Evasion Moves Clause: Evasion moves are banned\n|rule|Evasion Abilities Clause: Evasion abilities are banned\n|rule|Species Clause: Limit one of each Pok\u00e9mon\n|rule|Gravity Sleep Clause: The combination of sleep-inducing moves with imperfect accuracy and Gravity or Gigantamax Orbeetle are banned\n|clearpoke\n|poke|p1|Roaring Moon|\n|poke|p1|Meowscarada, F|\n|poke|p1|Aegislash, M|\n|poke|p1|Grimmsnarl, M|\n|poke|p1|Incineroar, F|\n|poke|p1|Greninja-*, M|\n|poke|p2|Primeape, M|\n|poke|p2|Maushold|\n|poke|p2|Chesnaught, M|\n|poke|p2|Aggron, M|\n|poke|p2|Aromatisse, F|\n|poke|p2|Grimmsnarl, M|\n|teampreview\n|inactive|Battle timer is ON: inactive players will automatically lose when time's up. (requested by FURRETSHINY123)\n|\n|t:|1698761268\n|start\n|switch|p1a: Aegislash|Aegislash, M, shiny|100\/100\n|switch|p1b: Grimmsnarl|Grimmsnarl, M, shiny|100\/100\n|switch|p2a: Spectrum|Primeape, M|100\/100\n|switch|p2b: Maushold|Maushold|100\/100\n|turn|1\n|\n|t:|1698761286\n|-terastallize|p2a: Spectrum|Ghost\n|move|p1a: Aegislash|King's Shield|p1a: Aegislash\n|-singleturn|p1a: Aegislash|Protect\n|move|p1b: Grimmsnarl|Thunder Wave|p2a: Spectrum\n|-status|p2a: Spectrum|par\n|move|p2b: Maushold|Beat Up|p2a: Spectrum\n|-supereffective|p2a: Spectrum\n|-damage|p2a: Spectrum|97\/100 par\n|-supereffective|p2a: Spectrum\n|-damage|p2a: Spectrum|93\/100 par\n|-supereffective|p2a: Spectrum\n|-damage|p2a: Spectrum|88\/100 par\n|-supereffective|p2a: Spectrum\n|-damage|p2a: Spectrum|85\/100 par\n|-supereffective|p2a: Spectrum\n|-damage|p2a: Spectrum|80\/100 par\n|-hitcount|p2a: Spectrum|5\n|move|p2a: Spectrum|Rage Fist|p1a: Aegislash\n|-activate|p1a: Aegislash|move: Protect\n|-unboost|p2a: Spectrum|atk|1\n|-ability|p2a: Spectrum|Defiant|boost\n|-boost|p2a: Spectrum|atk|2\n|\n|upkeep\n|turn|2\n|inactive|FURRETSHINY123 has 120 seconds left.\n|inactive|fumbari 24 has 120 seconds left.\n|\n|t:|1698761317\n|move|p2b: Maushold|Follow Me|p2b: Maushold\n|-singleturn|p2b: Maushold|move: Follow Me\n|-formechange|p1a: Aegislash|Aegislash-Blade||[from] ability: Stance Change\n|move|p1a: Aegislash|Shadow Sneak|p2b: Maushold\n|-immune|p2b: Maushold\n|move|p1b: Grimmsnarl|Spirit Break|p2b: Maushold\n|-damage|p2b: Maushold|66\/100\n|-unboost|p2b: Maushold|spa|1\n|cant|p2a: Spectrum|par\n|\n|upkeep\n|turn|3\n|\n|t:|1698761332\n|-formechange|p1a: Aegislash|Aegislash||[from] ability: Stance Change\n|move|p1a: Aegislash|King's Shield|p1a: Aegislash\n|-singleturn|p1a: Aegislash|Protect\n|move|p2b: Maushold|Follow Me|p2b: Maushold\n|-singleturn|p2b: Maushold|move: Follow Me\n|move|p1b: Grimmsnarl|Spirit Break|p2b: Maushold\n|-damage|p2b: Maushold|32\/100\n|-unboost|p2b: Maushold|spa|1\n|move|p2a: Spectrum|Rage Fist|p1a: Aegislash\n|-activate|p1a: Aegislash|move: Protect\n|-unboost|p2a: Spectrum|atk|1\n|-ability|p2a: Spectrum|Defiant|boost\n|-boost|p2a: Spectrum|atk|2\n|\n|upkeep\n|turn|4\n|\n|t:|1698761354\n|switch|p1a: Roaring Moon|Roaring Moon|100\/100\n|-enditem|p1a: Roaring Moon|Booster Energy\n|-activate|p1a: Roaring Moon|ability: Protosynthesis|[fromitem]\n|-start|p1a: Roaring Moon|protosynthesisspe\n|move|p2b: Maushold|Follow Me|p2b: Maushold\n|-singleturn|p2b: Maushold|move: Follow Me\n|move|p1b: Grimmsnarl|Spirit Break|p2b: Maushold\n|-damage|p2b: Maushold|0 fnt\n|faint|p2b: Maushold\n|move|p2a: Spectrum|Drain Punch|p1b: Grimmsnarl\n|-damage|p1b: Grimmsnarl|18\/100\n|-heal|p2a: Spectrum|100\/100 par|[from] drain|[of] p1b: Grimmsnarl\n|\n|upkeep\n|\n|t:|1698761375\n|switch|p2b: Grimmsnarl|Grimmsnarl, M|100\/100\n|turn|5\n|\n|t:|1698761382\n|move|p2b: Grimmsnarl|Reflect|p2b: Grimmsnarl\n|-sidestart|p2: fumbari 24|Reflect\n|move|p1a: Roaring Moon|Crunch|p2a: Spectrum\n|-supereffective|p2a: Spectrum\n|-damage|p2a: Spectrum|37\/100 par\n|move|p1b: Grimmsnarl|Spirit Break|p2b: Grimmsnarl\n|-supereffective|p2b: Grimmsnarl\n|-damage|p2b: Grimmsnarl|60\/100\n|-unboost|p2b: Grimmsnarl|spa|1\n|move|p2a: Spectrum|Drain Punch|p1a: Roaring Moon\n|-supereffective|p1a: Roaring Moon\n|-damage|p1a: Roaring Moon|0 fnt\n|-heal|p2a: Spectrum|91\/100 par|[from] drain|[of] p1a: Roaring Moon\n|faint|p1a: Roaring Moon\n|-end|p1a: Roaring Moon|Protosynthesis|[silent]\n|\n|upkeep\n|\n|t:|1698761393\n|switch|p1a: Aegislash|Aegislash, M, shiny|100\/100\n|turn|6\n|\n|t:|1698761411\n|move|p1a: Aegislash|King's Shield|p1a: Aegislash\n|-singleturn|p1a: Aegislash|Protect\n|move|p2a: Spectrum|Protect|p2a: Spectrum\n|-singleturn|p2a: Spectrum|Protect\n|move|p2b: Grimmsnarl|Light Screen|p2b: Grimmsnarl\n|-sidestart|p2: fumbari 24|move: Light Screen\n|move|p1b: Grimmsnarl|Reflect|p1b: Grimmsnarl\n|-sidestart|p1: FURRETSHINY123|Reflect\n|\n|upkeep\n|turn|7\n|\n|t:|1698761427\n|-terastallize|p1a: Aegislash|Steel\n|move|p2b: Grimmsnarl|Parting Shot|p1a: Aegislash\n|-unboost|p1a: Aegislash|atk|1\n|-unboost|p1a: Aegislash|spa|1\n|\n|t:|1698761436\n|switch|p2b: Aromatisse|Aromatisse, F|100\/100|[from] Parting Shot\n|move|p1b: Grimmsnarl|Light Screen|p1b: Grimmsnarl\n|-sidestart|p1: FURRETSHINY123|move: Light Screen\n|move|p1a: Aegislash|Swords Dance|p1a: Aegislash\n|-boost|p1a: Aegislash|atk|2\n|move|p2a: Spectrum|Rage Fist|p1a: Aegislash\n|-damage|p1a: Aegislash|0 fnt\n|faint|p1a: Aegislash\n|\n|upkeep\n|-message|FURRETSHINY123 forfeited.\n|\n|win|fumbari 24\n|raw|FURRETSHINY123's rating: 1228 &rarr; <strong>1220<\/strong><br \/>(-8 for losing)\n|raw|fumbari 24's rating: 1508 &rarr; <strong>1515<\/strong><br \/>(+7 for winning)\n|l|\u2606FURRETSHINY123\n","uploadtime":1698761449,"views":7,"p1id":"furretshiny123","p2id":"fumbari24","formatid":"gen9nationaldexdoubles","rating":1220,"private":0,"password":""}