{"id":"gen9nationaldexdoubles-1954491519","p1":"DragsIThink","p2":"gimmeginandtonic","format":"[Gen 9] National Dex Doubles","log":"|j|\u2606DragsIThink\n|j|\u2606gimmeginandtonic\n|t:|1695902281\n|gametype|doubles\n|player|p1|DragsIThink|roxie|1243\n|player|p2|gimmeginandtonic|1|1251\n|teamsize|p1|6\n|teamsize|p2|6\n|gen|9\n|tier|[Gen 9] National Dex Doubles\n|rated|\n|rule|HP Percentage Mod: HP is shown in percentages\n|rule|Endless Battle Clause: Forcing endless battles is banned\n|rule|OHKO Clause: OHKO moves are banned\n|rule|Evasion Moves Clause: Evasion moves are banned\n|rule|Evasion Abilities Clause: Evasion abilities are banned\n|rule|Species Clause: Limit one of each Pok\u00e9mon\n|rule|Gravity Sleep Clause: The combination of sleep-inducing moves with imperfect accuracy and Gravity or Gigantamax Orbeetle are banned\n|clearpoke\n|poke|p1|Tornadus, M|\n|poke|p1|Shiftry, F|\n|poke|p1|Chien-Pao|\n|poke|p1|Landorus-Therian, M|\n|poke|p1|Kilowattrel, F|\n|poke|p1|Whimsicott, F|\n|poke|p2|Regieleki|\n|poke|p2|Regidrago|\n|poke|p2|Flutter Mane|\n|poke|p2|Farigiraf, F|\n|poke|p2|Tornadus, M|\n|poke|p2|Urshifu-*, F|\n|teampreview\n|c|\u2606DragsIThink|glhf\n|\n|t:|1695902307\n|start\n|switch|p1a: Hammer Head|Landorus-Therian, M|100\/100\n|switch|p1b: Birb|Kilowattrel, F|100\/100\n|switch|p2a: Regidrago|Regidrago|100\/100\n|switch|p2b: Tornadus|Tornadus, M|100\/100\n|-ability|p1a: Hammer Head|Intimidate|boost\n|-unboost|p2a: Regidrago|atk|1\n|-unboost|p2b: Tornadus|atk|1\n|turn|1\n|inactive|Battle timer is ON: inactive players will automatically lose when time's up. (requested by DragsIThink)\n|c|\u2606gimmeginandtonic|glhf\n|\n|t:|1695902332\n|move|p2b: Tornadus|Tailwind|p2b: Tornadus\n|-sidestart|p2: gimmeginandtonic|move: Tailwind\n|move|p2a: Regidrago|Dragon Energy|p1a: Hammer Head|[spread] p1a,p1b\n|-damage|p1a: Hammer Head|0 fnt\n|-damage|p1b: Birb|0 fnt\n|faint|p1a: Hammer Head\n|faint|p1b: Birb\n|\n|upkeep\n|c|\u2606DragsIThink|damn\n|\n|t:|1695902354\n|switch|p1b: oni|Shiftry, F|100\/100\n|switch|p1a: Muscles|Tornadus, M|100\/100\n|turn|2\n|\n|t:|1695902369\n|move|p1a: Muscles|Tailwind|p1a: Muscles\n|-sidestart|p1: DragsIThink|move: Tailwind\n|-ability|p1b: oni|Wind Rider|boost\n|-boost|p1b: oni|atk|1\n|move|p1b: oni|Knock Off|p2a: Regidrago\n|-damage|p2a: Regidrago|21\/100\n|-enditem|p2a: Regidrago|Dragon Fang|[from] move: Knock Off|[of] p1b: oni\n|-damage|p1b: oni|91\/100|[from] item: Life Orb\n|move|p2b: Tornadus|Bleakwind Storm|p1a: Muscles|[spread] p1a\n|-ability|p1b: oni|Wind Rider|boost\n|-boost|p1b: oni|atk|1\n|-damage|p1a: Muscles|62\/100\n|-unboost|p1a: Muscles|spe|1\n|move|p2a: Regidrago|Dragon Energy|p1b: oni|[spread] p1a,p1b\n|-damage|p1a: Muscles|44\/100\n|-damage|p1b: oni|64\/100\n|\n|-heal|p1a: Muscles|50\/100|[from] item: Leftovers\n|upkeep\n|turn|3\n|inactive|DragsIThink has 120 seconds left.\n|inactive|gimmeginandtonic has 120 seconds left.\n|\n|t:|1695902409\n|move|p1a: Muscles|Protect|p1a: Muscles\n|-singleturn|p1a: Muscles|Protect\n|move|p1b: oni|Knock Off|p2a: Regidrago\n|-damage|p2a: Regidrago|0 fnt\n|faint|p2a: Regidrago\n|-damage|p1b: oni|54\/100|[from] item: Life Orb\n|move|p2b: Tornadus|Bleakwind Storm|p1b: oni|[spread] \n|-activate|p1a: Muscles|move: Protect\n|-ability|p1b: oni|Wind Rider|boost\n|-boost|p1b: oni|atk|1\n|\n|-heal|p1a: Muscles|56\/100|[from] item: Leftovers\n|upkeep\n|\n|t:|1695902428\n|switch|p2a: Urshifu|Urshifu-Rapid-Strike, F|100\/100\n|turn|4\n|\n|t:|1695902439\n|move|p1a: Muscles|Protect||[still]\n|-fail|p1a: Muscles\n|move|p1b: oni|Protect|p1b: oni\n|-singleturn|p1b: oni|Protect\n|move|p2b: Tornadus|Bleakwind Storm|p1a: Muscles|[spread] p1a\n|-activate|p1b: oni|move: Protect\n|-damage|p1a: Muscles|18\/100\n|-unboost|p1a: Muscles|spe|1\n|move|p2a: Urshifu|Close Combat|p1b: oni\n|-supereffective|p1b: oni\n|-damage|p1b: oni|0 fnt\n|-unboost|p2a: Urshifu|def|1\n|-unboost|p2a: Urshifu|spd|1\n|faint|p1b: oni\n|\n|-heal|p1a: Muscles|24\/100|[from] item: Leftovers\n|-sideend|p2: gimmeginandtonic|move: Tailwind\n|upkeep\n|c|\u2606DragsIThink|OH YEAH I FORGOT ABILIRT\n|inactive|DragsIThink has 120 seconds left.\n|c|\u2606DragsIThink|fucking stupid ability\n|c|\u2606gimmeginandtonic|i forgot wind rider too\n|c|\u2606gimmeginandtonic|lol\n|\n|t:|1695902465\n|switch|p1b: FLUFFY|Whimsicott, F, shiny|100\/100\n|turn|5\n|inactive|DragsIThink has 120 seconds left.\n|\n|t:|1695902487\n|-terastallize|p1b: FLUFFY|Steel\n|move|p1a: Muscles|Protect|p1a: Muscles\n|-singleturn|p1a: Muscles|Protect\n|move|p2b: Tornadus|Tailwind|p2b: Tornadus\n|-sidestart|p2: gimmeginandtonic|move: Tailwind\n|move|p1b: FLUFFY|Moonblast|p2a: Urshifu\n|-supereffective|p2a: Urshifu\n|-damage|p2a: Urshifu|0 fnt\n|faint|p2a: Urshifu\n|\n|-heal|p1a: Muscles|30\/100|[from] item: Leftovers\n|-sideend|p1: DragsIThink|move: Tailwind\n|upkeep\n|\n|t:|1695902502\n|switch|p2a: Regieleki|Regieleki|100\/100\n|turn|6\n|\n|t:|1695902515\n|move|p1b: FLUFFY|Taunt|p2b: Tornadus\n|-start|p2b: Tornadus|move: Taunt\n|move|p1a: Muscles|Tailwind|p1a: Muscles\n|-sidestart|p1: DragsIThink|move: Tailwind\n|move|p2a: Regieleki|Electroweb|p1b: FLUFFY|[spread] p1a,p1b\n|-supereffective|p1a: Muscles\n|-damage|p1a: Muscles|0 fnt\n|-damage|p1b: FLUFFY|74\/100\n|faint|p1a: Muscles\n|-damage|p2a: Regieleki|91\/100|[from] item: Life Orb\n|move|p2b: Tornadus|Bleakwind Storm|p1b: FLUFFY\n|-resisted|p1b: FLUFFY\n|-damage|p1b: FLUFFY|46\/100\n|\n|upkeep\n|\n|t:|1695902525\n|switch|p1a: Scawy Leopard|Chien-Pao|100\/100\n|-ability|p1a: Scawy Leopard|Sword of Ruin\n|turn|7\n|\n|t:|1695902538\n|-terastallize|p2a: Regieleki|Normal\n|move|p2a: Regieleki|Wild Charge|p1a: Scawy Leopard\n|-enditem|p1a: Scawy Leopard|Focus Sash\n|-damage|p1a: Scawy Leopard|1\/100\n|-damage|p2a: Regieleki|68\/100|[from] Recoil\n|-damage|p2a: Regieleki|58\/100|[from] item: Life Orb\n|move|p1a: Scawy Leopard|Icicle Crash|p2a: Regieleki\n|-damage|p2a: Regieleki|0 fnt\n|faint|p2a: Regieleki\n|move|p1b: FLUFFY|Moonblast|p2b: Tornadus\n|-damage|p2b: Tornadus|69\/100\n|move|p2b: Tornadus|Bleakwind Storm|p1b: FLUFFY|[spread] p1a,p1b\n|-resisted|p1b: FLUFFY\n|-damage|p1a: Scawy Leopard|0 fnt\n|-damage|p1b: FLUFFY|25\/100\n|faint|p1a: Scawy Leopard\n|\n|upkeep\n|\n|t:|1695902554\n|switch|p2a: Flutter Mane|Flutter Mane|100\/100\n|turn|8\n|c|\u2606DragsIThink|?\n|c|\u2606DragsIThink|OH IT WASNT ENCORE\n|c|\u2606DragsIThink|OHHH\n|c|\u2606DragsIThink|I CLICKED WRONG MOVE\n|inactive|DragsIThink has 120 seconds left.\n|\n|t:|1695902586\n|move|p1b: FLUFFY|Moonblast|p2a: Flutter Mane\n|-damage|p2a: Flutter Mane|74\/100\n|move|p2a: Flutter Mane|Moonblast|p1b: FLUFFY\n|-resisted|p1b: FLUFFY\n|-damage|p1b: FLUFFY|0 fnt\n|faint|p1b: FLUFFY\n|\n|win|gimmeginandtonic\n|raw|DragsIThink's rating: 1243 &rarr; <strong>1219<\/strong><br \/>(-24 for losing)\n|raw|gimmeginandtonic's rating: 1251 &rarr; <strong>1275<\/strong><br \/>(+24 for winning)\n","uploadtime":1695902463,"views":12,"p1id":"dragsithink","p2id":"gimmeginandtonic","formatid":"gen9nationaldexdoubles","rating":1219,"private":0,"password":""}