{"id":"gen9nationaldexdoubles-1954627688","p1":"elmaptiv","p2":"Piriko.","format":"[Gen 9] National Dex Doubles","log":"|j|\u2606elmaptiv\n|j|\u2606Piriko.\n|t:|1695913961\n|gametype|doubles\n|player|p1|elmaptiv|ghetsis|\n|player|p2|Piriko.|alder|\n|teamsize|p1|6\n|teamsize|p2|6\n|gen|9\n|tier|[Gen 9] National Dex Doubles\n|rule|HP Percentage Mod: HP is shown in percentages\n|rule|Endless Battle Clause: Forcing endless battles is banned\n|rule|OHKO Clause: OHKO moves are banned\n|rule|Evasion Moves Clause: Evasion moves are banned\n|rule|Evasion Abilities Clause: Evasion abilities are banned\n|rule|Species Clause: Limit one of each Pok\u00e9mon\n|rule|Gravity Sleep Clause: The combination of sleep-inducing moves with imperfect accuracy and Gravity or Gigantamax Orbeetle are banned\n|clearpoke\n|poke|p1|Ogerpon, F|\n|poke|p1|Torterra, M|\n|poke|p1|Florges, F|\n|poke|p1|Ludicolo, M|\n|poke|p1|Illumise, F|\n|poke|p1|Enamorus, F|\n|poke|p2|Flamigo, F|\n|poke|p2|Scovillain, M|\n|poke|p2|Comfey, F|\n|poke|p2|Lilligant-Hisui, F|\n|poke|p2|Torkoal, F|\n|poke|p2|Blastoise, M|\n|teampreview\n|c|\u2606elmaptiv|sexo anal\n|c|\u2606Piriko.|Oh shit.\n|c|\u2606Piriko.|Here go again.\n|c|\u2606Piriko.|O algo as\u00ed.\n|c|\u2606Piriko.|Buena suerte.\n|c|\u2606elmaptiv|el papu polem ye va a papear\n|\n|t:|1695913981\n|start\n|switch|p1a: Tortuga de planta|Torterra, M|100\/100\n|switch|p1b: Waifu|Enamorus, F|100\/100\n|switch|p2a: Tyler dos|Lilligant-Hisui, F|100\/100\n|switch|p2b: ALABADO SOL|Torkoal, F|100\/100\n|-weather|SunnyDay|[from] ability: Drought|[of] p2b: ALABADO SOL\n|turn|1\n|\n|t:|1695914003\n|move|p2a: Tyler dos|Ice Spinner|p1a: Tortuga de planta\n|-supereffective|p1a: Tortuga de planta\n|-enditem|p1a: Tortuga de planta|Focus Sash\n|-damage|p1a: Tortuga de planta|1\/100\n|move|p1b: Waifu|Play Rough|p2a: Tyler dos\n|-supereffective|p2a: Tyler dos\n|-damage|p2a: Tyler dos|0 fnt\n|faint|p2a: Tyler dos\n|move|p1a: Tortuga de planta|Earthquake|p2b: ALABADO SOL|[spread] p2b\n|-immune|p1b: Waifu\n|-supereffective|p2b: ALABADO SOL\n|-damage|p2b: ALABADO SOL|44\/100\n|move|p2b: ALABADO SOL|Eruption|p1a: Tortuga de planta|[spread] p1a,p1b\n|-supereffective|p1a: Tortuga de planta\n|-damage|p1a: Tortuga de planta|0 fnt\n|-damage|p1b: Waifu|52\/100\n|faint|p1a: Tortuga de planta\n|\n|-weather|SunnyDay|[upkeep]\n|-heal|p1b: Waifu|59\/100|[from] item: Leftovers\n|upkeep\n|\n|t:|1695914017\n|switch|p2a: Scovillain|Scovillain, M|100\/100\n|switch|p1a: El papu polem|Illumise, F|100\/100\n|turn|2\n|\n|t:|1695914028\n|move|p2a: Scovillain|Protect|p2a: Scovillain\n|-singleturn|p2a: Scovillain|Protect\n|move|p1a: El papu polem|Rain Dance|p1a: El papu polem\n|-weather|RainDance\n|move|p1b: Waifu|Superpower|p2b: ALABADO SOL\n|-damage|p2b: ALABADO SOL|15\/100\n|-boost|p1b: Waifu|atk|1\n|-boost|p1b: Waifu|def|1\n|move|p2b: ALABADO SOL|Gyro Ball|p1b: Waifu\n|-supereffective|p1b: Waifu\n|-damage|p1b: Waifu|0 fnt\n|faint|p1b: Waifu\n|\n|-weather|RainDance|[upkeep]\n|-ability|p2a: Scovillain|Moody|boost\n|-boost|p2a: Scovillain|spe|2\n|-unboost|p2a: Scovillain|spd|1\n|upkeep\n|\n|t:|1695914037\n|switch|p1b: Tacocolo|Ludicolo, M|100\/100\n|turn|3\n|c|\u2606elmaptiv|oh oh\n|\n|t:|1695914066\n|switch|p2a: Tukitiko|Blastoise, M|100\/100\n|switch|p2b: Comfey|Comfey, F|100\/100\n|move|p1a: El papu polem|Thunder Wave|p2a: Tukitiko\n|-status|p2a: Tukitiko|par\n|move|p1b: Tacocolo|Muddy Water|p2b: Comfey|[spread] p2a,p2b\n|-resisted|p2a: Tukitiko\n|-damage|p2a: Tukitiko|74\/100 par\n|-damage|p2b: Comfey|62\/100\n|-unboost|p2b: Comfey|accuracy|1\n|\n|-weather|RainDance|[upkeep]\n|-heal|p2b: Comfey|68\/100|[from] item: Leftovers\n|upkeep\n|turn|4\n|c|\u2606elmaptiv|stinky\n|\n|t:|1695914080\n|move|p1b: Tacocolo|Giga Drain|p2a: Tukitiko\n|-supereffective|p2a: Tukitiko\n|-damage|p2a: Tukitiko|6\/100 par\n|move|p2b: Comfey|Leech Seed|p1a: El papu polem|[miss]\n|-miss|p2b: Comfey|p1a: El papu polem\n|move|p1a: El papu polem|Bug Buzz|p2b: Comfey\n|-resisted|p2b: Comfey\n|-damage|p2b: Comfey|58\/100\n|cant|p2a: Tukitiko|par\n|\n|-weather|RainDance|[upkeep]\n|-heal|p2b: Comfey|65\/100|[from] item: Leftovers\n|upkeep\n|turn|5\n|\n|t:|1695914104\n|move|p1a: El papu polem|Thunder Wave|p2b: Comfey\n|-status|p2b: Comfey|par\n|move|p1b: Tacocolo|Muddy Water|p2b: Comfey|[spread] p2a,p2b\n|-resisted|p2a: Tukitiko\n|-damage|p2a: Tukitiko|0 fnt\n|-damage|p2b: Comfey|25\/100 par\n|faint|p2a: Tukitiko\n|move|p2b: Comfey|Leech Seed|p1a: El papu polem\n|-start|p1a: El papu polem|move: Leech Seed\n|\n|-weather|RainDance|[upkeep]\n|-heal|p2b: Comfey|32\/100 par|[from] item: Leftovers\n|-damage|p1a: El papu polem|88\/100|[from] Leech Seed|[of] p2b: Comfey\n|-heal|p2b: Comfey|45\/100 par|[silent]\n|upkeep\n|\n|t:|1695914115\n|switch|p2a: ALABADO SOL|Torkoal, F|15\/100\n|-weather|SunnyDay|[from] ability: Drought|[of] p2a: ALABADO SOL\n|turn|6\n|\n|t:|1695914122\n|switch|p2a: Flamigo|Flamigo, F|100\/100\n|-copyboost|p2a: Flamigo|p2b: Comfey|[from] ability: Costar\n|move|p2b: Comfey|Synthesis|p2b: Comfey\n|-heal|p2b: Comfey|100\/100 par\n|move|p1a: El papu polem|Rain Dance|p1a: El papu polem\n|-weather|RainDance\n|move|p1b: Tacocolo|Muddy Water|p2b: Comfey|[spread] p2a,p2b\n|-damage|p2a: Flamigo|30\/100\n|-damage|p2b: Comfey|66\/100 par\n|-unboost|p2a: Flamigo|accuracy|1\n|\n|-weather|RainDance|[upkeep]\n|-heal|p2a: Flamigo|37\/100|[from] item: Leftovers\n|-heal|p2b: Comfey|72\/100 par|[from] item: Leftovers\n|-damage|p1a: El papu polem|76\/100|[from] Leech Seed|[of] p2b: Comfey\n|-heal|p2b: Comfey|86\/100 par|[silent]\n|upkeep\n|turn|7\n|c|\u2606elmaptiv|buena copiada\n|c|\u2606elmaptiv|acierte mucho ese\n|\n|t:|1695914148\n|switch|p2a: ALABADO SOL|Torkoal, F|15\/100\n|-weather|SunnyDay|[from] ability: Drought|[of] p2a: ALABADO SOL\n|switch|p1a: Flor?|Florges, F|100\/100\n|move|p2b: Comfey|Floral Healing|p2a: ALABADO SOL\n|-heal|p2a: ALABADO SOL|65\/100\n|move|p1b: Tacocolo|Muddy Water|p2a: ALABADO SOL|[spread] p2a,p2b\n|-supereffective|p2a: ALABADO SOL\n|-damage|p2a: ALABADO SOL|29\/100\n|-damage|p2b: Comfey|74\/100 par\n|\n|-weather|SunnyDay|[upkeep]\n|-heal|p2b: Comfey|80\/100 par|[from] item: Leftovers\n|upkeep\n|turn|8\n|c|\u2606elmaptiv|oh oh\n|\n|t:|1695914183\n|-terastallize|p1b: Tacocolo|Water\n|move|p2b: Comfey|Floral Healing|p2a: ALABADO SOL\n|-heal|p2a: ALABADO SOL|80\/100\n|move|p1b: Tacocolo|Muddy Water|p2a: ALABADO SOL|[spread] p2a\n|-miss|p1b: Tacocolo|p2b: Comfey\n|-supereffective|p2a: ALABADO SOL\n|-damage|p2a: ALABADO SOL|27\/100\n|move|p1a: Flor?|Dazzling Gleam|p2b: Comfey|[spread] p2a,p2b\n|-resisted|p2a: ALABADO SOL\n|-damage|p2a: ALABADO SOL|13\/100\n|-damage|p2b: Comfey|60\/100 par\n|move|p2a: ALABADO SOL|Eruption|p1b: Tacocolo|[spread] p1a,p1b\n|-resisted|p1b: Tacocolo\n|-damage|p1a: Flor?|96\/100\n|-damage|p1b: Tacocolo|98\/100\n|\n|-weather|SunnyDay|[upkeep]\n|-heal|p1a: Flor?|100\/100|[from] item: Leftovers\n|-heal|p2b: Comfey|66\/100 par|[from] item: Leftovers\n|upkeep\n|turn|9\n|\n|t:|1695914203\n|move|p1b: Tacocolo|Muddy Water|p2b: Comfey|[spread] p2b\n|-miss|p1b: Tacocolo|p2a: ALABADO SOL\n|-damage|p2b: Comfey|49\/100 par\n|-unboost|p2b: Comfey|accuracy|1\n|move|p1a: Flor?|Dazzling Gleam|p2a: ALABADO SOL|[spread] p2a,p2b\n|-resisted|p2a: ALABADO SOL\n|-damage|p2a: ALABADO SOL|0 fnt\n|-damage|p2b: Comfey|32\/100 par\n|faint|p2a: ALABADO SOL\n|move|p2b: Comfey|Leech Seed|p1b: Tacocolo\n|-start|p1b: Tacocolo|move: Leech Seed\n|\n|-weather|SunnyDay|[upkeep]\n|-heal|p2b: Comfey|38\/100 par|[from] item: Leftovers\n|-damage|p1b: Tacocolo|85\/100|[from] Leech Seed|[of] p2b: Comfey\n|-heal|p2b: Comfey|50\/100 par|[silent]\n|upkeep\n|c|\u2606elmaptiv|eruption a 13 %\n|c|\u2606elmaptiv|que locuta\n|\n|t:|1695914215\n|switch|p2a: Scovillain|Scovillain, M|100\/100\n|turn|10\n|\n|t:|1695914225\n|switch|p1b: Opon primavera|Ogerpon, F|100\/100\n|switch|p2b: Flamigo|Flamigo, F|37\/100\n|-copyboost|p2b: Flamigo|p2a: Scovillain|[from] ability: Costar\n|move|p2a: Scovillain|Energy Ball|p1b: Opon primavera\n|-resisted|p1b: Opon primavera\n|-damage|p1b: Opon primavera|78\/100\n|move|p1a: Flor?|Dazzling Gleam|p2a: Scovillain|[spread] p2a,p2b\n|-resisted|p2a: Scovillain\n|-supereffective|p2b: Flamigo\n|-damage|p2a: Scovillain|85\/100\n|-damage|p2b: Flamigo|0 fnt\n|faint|p2b: Flamigo\n|\n|-weather|SunnyDay|[upkeep]\n|-heal|p1b: Opon primavera|84\/100|[from] item: Leftovers\n|-ability|p2a: Scovillain|Moody|boost\n|-boost|p2a: Scovillain|def|2\n|-unboost|p2a: Scovillain|spe|1\n|upkeep\n|\n|t:|1695914228\n|switch|p2b: Comfey|Comfey, F|50\/100 par\n|turn|11\n|\n|t:|1695914244\n|move|p1b: Opon primavera|Spiky Shield|p1b: Opon primavera\n|-singleturn|p1b: Opon primavera|move: Protect\n|move|p2a: Scovillain|Protect|p2a: Scovillain\n|-singleturn|p2a: Scovillain|Protect\n|move|p2b: Comfey|Synthesis|p2b: Comfey\n|-heal|p2b: Comfey|100\/100 par\n|move|p1a: Flor?|Dazzling Gleam|p2a: Scovillain|[spread] p2b\n|-activate|p2a: Scovillain|move: Protect\n|-damage|p2b: Comfey|81\/100 par\n|\n|-weather|SunnyDay|[upkeep]\n|-heal|p1b: Opon primavera|90\/100|[from] item: Leftovers\n|-heal|p2b: Comfey|87\/100 par|[from] item: Leftovers\n|-ability|p2a: Scovillain|Moody|boost\n|-boost|p2a: Scovillain|spe|2\n|-unboost|p2a: Scovillain|spa|1\n|upkeep\n|turn|12\n|\n|t:|1695914266\n|move|p1b: Opon primavera|Stomping Tantrum|p2a: Scovillain\n|-damage|p2a: Scovillain|68\/100\n|move|p2a: Scovillain|Flamethrower|p1b: Opon primavera\n|-supereffective|p1b: Opon primavera\n|-crit|p1b: Opon primavera\n|-damage|p1b: Opon primavera|0 fnt\n|faint|p1b: Opon primavera\n|move|p1a: Flor?|Calm Mind|p1a: Flor?\n|-boost|p1a: Flor?|spa|1\n|-boost|p1a: Flor?|spd|1\n|move|p2b: Comfey|Leech Seed|p1a: Flor?\n|-start|p1a: Flor?|move: Leech Seed\n|\n|-weather|SunnyDay|[upkeep]\n|-heal|p2b: Comfey|93\/100 par|[from] item: Leftovers\n|-damage|p1a: Flor?|88\/100|[from] Leech Seed|[of] p2b: Comfey\n|-heal|p2b: Comfey|100\/100 par|[silent]\n|-ability|p2a: Scovillain|Moody|boost\n|-boost|p2a: Scovillain|spd|2\n|-unboost|p2a: Scovillain|atk|1\n|upkeep\n|\n|t:|1695914271\n|switch|p1b: El papu polem|Illumise, F|76\/100\n|turn|13\n|\n|t:|1695914286\n|move|p2b: Comfey|Floral Healing|p2a: Scovillain\n|-heal|p2a: Scovillain|100\/100\n|move|p1b: El papu polem|Rain Dance|p1b: El papu polem\n|-weather|RainDance\n|move|p2a: Scovillain|Substitute|p2a: Scovillain\n|-start|p2a: Scovillain|Substitute\n|-damage|p2a: Scovillain|76\/100\n|move|p1a: Flor?|Dazzling Gleam|p2b: Comfey|[spread] p2a,p2b\n|-resisted|p2a: Scovillain\n|-activate|p2a: Scovillain|move: Substitute|[damage]\n|-damage|p2b: Comfey|73\/100 par\n|\n|-weather|RainDance|[upkeep]\n|-heal|p1a: Flor?|94\/100|[from] item: Leftovers\n|-heal|p2b: Comfey|79\/100 par|[from] item: Leftovers\n|-damage|p1a: Flor?|82\/100|[from] Leech Seed|[of] p2b: Comfey\n|-heal|p2b: Comfey|94\/100 par|[silent]\n|-ability|p2a: Scovillain|Moody|boost\n|-boost|p2a: Scovillain|spd|2\n|-unboost|p2a: Scovillain|atk|1\n|upkeep\n|turn|14\n|c|\u2606elmaptiv|papu polem\n|c|\u2606elmaptiv|el best carros de la historia\n|c|\u2606Piriko.|S\u00ed.\n|\n|t:|1695914313\n|move|p2a: Scovillain|Protect|p2a: Scovillain\n|-singleturn|p2a: Scovillain|Protect\n|move|p1b: El papu polem|Bug Buzz|p2a: Scovillain\n|-activate|p2a: Scovillain|move: Protect\n|move|p1a: Flor?|Calm Mind|p1a: Flor?\n|-boost|p1a: Flor?|spa|1\n|-boost|p1a: Flor?|spd|1\n|move|p2b: Comfey|Leech Seed|p1b: El papu polem\n|-start|p1b: El papu polem|move: Leech Seed\n|\n|-weather|RainDance|[upkeep]\n|-heal|p1a: Flor?|88\/100|[from] item: Leftovers\n|-heal|p2b: Comfey|99\/100 par|[from] item: Leftovers\n|-damage|p1b: El papu polem|64\/100|[from] Leech Seed|[of] p2b: Comfey\n|-heal|p2b: Comfey|100\/100 par|[silent]\n|-damage|p1a: Flor?|75\/100|[from] Leech Seed|[of] p2b: Comfey\n|-ability|p2a: Scovillain|Moody|boost\n|-boost|p2a: Scovillain|def|2\n|-unboost|p2a: Scovillain|spe|1\n|upkeep\n|turn|15\n|c|\u2606elmaptiv|a lo mejor ese scovillian\n|c|\u2606elmaptiv|se me complica\n|\n|t:|1695914345\n|-terastallize|p2a: Scovillain|Grass\n|move|p2b: Comfey|Helping Hand|p2a: Scovillain\n|-singleturn|p2a: Scovillain|Helping Hand|[of] p2b: Comfey\n|move|p1b: El papu polem|Encore|p2b: Comfey\n|-start|p2b: Comfey|Encore\n|move|p2a: Scovillain|Energy Ball|p1a: Flor?\n|-damage|p1a: Flor?|62\/100\n|move|p1a: Flor?|Wish|p1a: Flor?\n|\n|-weather|RainDance|[upkeep]\n|-heal|p1a: Flor?|68\/100|[from] item: Leftovers\n|-damage|p1b: El papu polem|51\/100|[from] Leech Seed|[of] p2b: Comfey\n|-damage|p1a: Flor?|56\/100|[from] Leech Seed|[of] p2b: Comfey\n|-ability|p2a: Scovillain|Moody|boost\n|-boost|p2a: Scovillain|spa|2\n|-unboost|p2a: Scovillain|spd|1\n|upkeep\n|turn|16\n|\n|t:|1695914374\n|move|p2b: Comfey|Helping Hand|p2a: Scovillain\n|-singleturn|p2a: Scovillain|Helping Hand|[of] p2b: Comfey\n|move|p2a: Scovillain|Energy Ball|p1a: Flor?\n|-damage|p1a: Flor?|27\/100\n|move|p1b: El papu polem|Bug Buzz|p2a: Scovillain\n|-supereffective|p2a: Scovillain\n|-damage|p2a: Scovillain|46\/100\n|move|p1a: Flor?|Dazzling Gleam|p2b: Comfey|[spread] p2a,p2b\n|-end|p2a: Scovillain|Substitute\n|-damage|p2b: Comfey|62\/100 par\n|\n|-weather|RainDance|[upkeep]\n|-heal|p1a: Flor?|77\/100|[from] move: Wish|[wisher] Flor?\n|-heal|p1a: Flor?|83\/100|[from] item: Leftovers\n|-heal|p2b: Comfey|68\/100 par|[from] item: Leftovers\n|-damage|p1b: El papu polem|39\/100|[from] Leech Seed|[of] p2b: Comfey\n|-heal|p2b: Comfey|82\/100 par|[silent]\n|-damage|p1a: Flor?|71\/100|[from] Leech Seed|[of] p2b: Comfey\n|-heal|p2b: Comfey|97\/100 par|[silent]\n|-ability|p2a: Scovillain|Moody|boost\n|-boost|p2a: Scovillain|spe|2\n|-unboost|p2a: Scovillain|def|1\n|upkeep\n|turn|17\n|\n|t:|1695914404\n|cant|p2b: Comfey|par\n|move|p2a: Scovillain|Protect|p2a: Scovillain\n|-singleturn|p2a: Scovillain|Protect\n|move|p1b: El papu polem|Encore|p2a: Scovillain\n|-activate|p2a: Scovillain|move: Protect\n|move|p1a: Flor?|Dazzling Gleam|p2a: Scovillain|[spread] p2b\n|-activate|p2a: Scovillain|move: Protect\n|-damage|p2b: Comfey|57\/100 par\n|\n|-weather|none\n|-heal|p1a: Flor?|77\/100|[from] item: Leftovers\n|-heal|p2b: Comfey|63\/100 par|[from] item: Leftovers\n|-damage|p1b: El papu polem|27\/100|[from] Leech Seed|[of] p2b: Comfey\n|-heal|p2b: Comfey|77\/100 par|[silent]\n|-damage|p1a: Flor?|64\/100|[from] Leech Seed|[of] p2b: Comfey\n|-heal|p2b: Comfey|91\/100 par|[silent]\n|-ability|p2a: Scovillain|Moody|boost\n|-boost|p2a: Scovillain|spe|2\n|-unboost|p2a: Scovillain|def|1\n|upkeep\n|turn|18\n|\n|t:|1695914427\n|cant|p2b: Comfey|par\n|move|p1b: El papu polem|Encore|p2a: Scovillain\n|-start|p2a: Scovillain|Encore\n|move|p2a: Scovillain|Protect|p2a: Scovillain\n|-singleturn|p2a: Scovillain|Protect\n|move|p1a: Flor?|Wish|p1a: Flor?\n|\n|-heal|p1a: Flor?|70\/100|[from] item: Leftovers\n|-heal|p2b: Comfey|98\/100 par|[from] item: Leftovers\n|-damage|p1b: El papu polem|15\/100|[from] Leech Seed|[of] p2b: Comfey\n|-heal|p2b: Comfey|100\/100 par|[silent]\n|-damage|p1a: Flor?|58\/100|[from] Leech Seed|[of] p2b: Comfey\n|-end|p2b: Comfey|Encore\n|-ability|p2a: Scovillain|Moody|boost\n|-boost|p2a: Scovillain|spa|2\n|-unboost|p2a: Scovillain|spd|1\n|upkeep\n|turn|19\n|\n|t:|1695914439\n|move|p2a: Scovillain|Protect||[still]\n|-fail|p2a: Scovillain\n|cant|p2b: Comfey|par\n|move|p1b: El papu polem|Rain Dance|p1b: El papu polem\n|-weather|RainDance\n|move|p1a: Flor?|Dazzling Gleam|p2b: Comfey|[spread] p2a,p2b\n|-damage|p2a: Scovillain|12\/100\n|-damage|p2b: Comfey|60\/100 par\n|-enditem|p2a: Scovillain|Aguav Berry|[eat]\n|-heal|p2a: Scovillain|45\/100|[from] item: Aguav Berry\n|\n|-weather|RainDance|[upkeep]\n|-heal|p1a: Flor?|100\/100|[from] move: Wish|[wisher] Flor?\n|-heal|p2b: Comfey|67\/100 par|[from] item: Leftovers\n|-damage|p1b: El papu polem|2\/100|[from] Leech Seed|[of] p2b: Comfey\n|-heal|p2b: Comfey|80\/100 par|[silent]\n|-damage|p1a: Flor?|88\/100|[from] Leech Seed|[of] p2b: Comfey\n|-heal|p2b: Comfey|95\/100 par|[silent]\n|-ability|p2a: Scovillain|Moody|boost\n|-boost|p2a: Scovillain|def|2\n|-unboost|p2a: Scovillain|atk|1\n|upkeep\n|turn|20\n|\n|t:|1695914458\n|switch|p1b: Tacocolo|Ludicolo, M, tera:Water|85\/100\n|move|p2a: Scovillain|Protect|p2a: Scovillain\n|-singleturn|p2a: Scovillain|Protect\n|move|p2b: Comfey|Floral Healing|p2a: Scovillain\n|-activate|p2a: Scovillain|move: Protect\n|move|p1a: Flor?|Dazzling Gleam|p2a: Scovillain|[spread] p2b\n|-activate|p2a: Scovillain|move: Protect\n|-damage|p2b: Comfey|55\/100 par\n|\n|-weather|RainDance|[upkeep]\n|-heal|p1a: Flor?|94\/100|[from] item: Leftovers\n|-heal|p2b: Comfey|61\/100 par|[from] item: Leftovers\n|-damage|p1a: Flor?|82\/100|[from] Leech Seed|[of] p2b: Comfey\n|-heal|p2b: Comfey|76\/100 par|[silent]\n|-end|p2a: Scovillain|Encore\n|-ability|p2a: Scovillain|Moody|boost\n|-boost|p2a: Scovillain|atk|2\n|-unboost|p2a: Scovillain|spe|1\n|upkeep\n|turn|21\n|\n|t:|1695914484\n|move|p2b: Comfey|Floral Healing|p2a: Scovillain\n|-heal|p2a: Scovillain|95\/100\n|move|p2a: Scovillain|Energy Ball|p1b: Tacocolo\n|-supereffective|p1b: Tacocolo\n|-damage|p1b: Tacocolo|0 fnt\n|faint|p1b: Tacocolo\n|move|p1a: Flor?|Dazzling Gleam|p2b: Comfey|[spread] p2a,p2b\n|-damage|p2a: Scovillain|60\/100\n|-damage|p2b: Comfey|40\/100 par\n|\n|-weather|RainDance|[upkeep]\n|-heal|p1a: Flor?|88\/100|[from] item: Leftovers\n|-heal|p2b: Comfey|46\/100 par|[from] item: Leftovers\n|-damage|p1a: Flor?|75\/100|[from] Leech Seed|[of] p2b: Comfey\n|-heal|p2b: Comfey|61\/100 par|[silent]\n|-ability|p2a: Scovillain|Moody|boost\n|-boost|p2a: Scovillain|spd|2\n|-unboost|p2a: Scovillain|atk|1\n|upkeep\n|c|\u2606elmaptiv|que es mas rapido\n|c|\u2606elmaptiv|a\n|\n|t:|1695914496\n|switch|p1b: El papu polem|Illumise, F|2\/100\n|turn|22\n|c|\u2606elmaptiv|claro\n|c|\u2606elmaptiv|el boost\n|\n|t:|1695914517\n|move|p2b: Comfey|Floral Healing|p2a: Scovillain\n|-heal|p2a: Scovillain|100\/100\n|move|p1b: El papu polem|Thunder Wave|p2a: Scovillain\n|-status|p2a: Scovillain|par\n|move|p2a: Scovillain|Flamethrower|p1b: El papu polem\n|-supereffective|p1b: El papu polem\n|-damage|p1b: El papu polem|0 fnt\n|faint|p1b: El papu polem\n|move|p1a: Flor?|Wish|p1a: Flor?\n|\n|-weather|RainDance|[upkeep]\n|-heal|p1a: Flor?|81\/100|[from] item: Leftovers\n|-heal|p2b: Comfey|67\/100 par|[from] item: Leftovers\n|-damage|p1a: Flor?|69\/100|[from] Leech Seed|[of] p2b: Comfey\n|-heal|p2b: Comfey|82\/100 par|[silent]\n|-ability|p2a: Scovillain|Moody|boost\n|-boost|p2a: Scovillain|spe|2\n|-unboost|p2a: Scovillain|def|1\n|upkeep\n|turn|23\n|c|\u2606elmaptiv|es que encima\n|c|\u2606elmaptiv|suerte en los boost\n|\n|t:|1695914535\n|move|p2b: Comfey|Helping Hand|p2a: Scovillain\n|-singleturn|p2a: Scovillain|Helping Hand|[of] p2b: Comfey\n|move|p2a: Scovillain|Energy Ball|p1a: Flor?\n|-damage|p1a: Flor?|20\/100\n|move|p1a: Flor?|Calm Mind|p1a: Flor?\n|-boost|p1a: Flor?|spa|1\n|-boost|p1a: Flor?|spd|1\n|\n|-weather|none\n|-heal|p1a: Flor?|70\/100|[from] move: Wish|[wisher] Flor?\n|-heal|p1a: Flor?|77\/100|[from] item: Leftovers\n|-heal|p2b: Comfey|88\/100 par|[from] item: Leftovers\n|-damage|p1a: Flor?|64\/100|[from] Leech Seed|[of] p2b: Comfey\n|-heal|p2b: Comfey|100\/100 par|[silent]\n|-ability|p2a: Scovillain|Moody|boost\n|-boost|p2a: Scovillain|atk|2\n|-unboost|p2a: Scovillain|spe|1\n|upkeep\n|turn|24\n|\n|t:|1695914555\n|cant|p2b: Comfey|par\n|cant|p2a: Scovillain|par\n|move|p1a: Flor?|Wish|p1a: Flor?\n|\n|-heal|p1a: Flor?|70\/100|[from] item: Leftovers\n|-damage|p1a: Flor?|58\/100|[from] Leech Seed|[of] p2b: Comfey\n|-ability|p2a: Scovillain|Moody|boost\n|-boost|p2a: Scovillain|spa|2\n|-unboost|p2a: Scovillain|def|1\n|upkeep\n|turn|25\n|c|\u2606elmaptiv|bro\n|c|\u2606elmaptiv|no es normal\n|c|\u2606elmaptiv|la suerte que estas teniendo cabron\n|\n|t:|1695914578\n|move|p2a: Scovillain|Substitute|p2a: Scovillain\n|-start|p2a: Scovillain|Substitute\n|-damage|p2a: Scovillain|76\/100 par\n|move|p1a: Flor?|Dazzling Gleam|p2b: Comfey|[spread] p2a,p2b\n|-end|p2a: Scovillain|Substitute\n|-damage|p2b: Comfey|56\/100 par\n|cant|p2b: Comfey|par\n|\n|-heal|p1a: Flor?|100\/100|[from] move: Wish|[wisher] Flor?\n|-heal|p2b: Comfey|63\/100 par|[from] item: Leftovers\n|-damage|p1a: Flor?|88\/100|[from] Leech Seed|[of] p2b: Comfey\n|-heal|p2b: Comfey|77\/100 par|[silent]\n|-ability|p2a: Scovillain|Moody|boost\n|-boost|p2a: Scovillain|atk|2\n|-unboost|p2a: Scovillain|spa|1\n|upkeep\n|turn|26\n|c|\u2606Piriko.|Muchos turnos.\n|c|\u2606elmaptiv|no\n|c|\u2606elmaptiv|joder\n|c|\u2606elmaptiv|se te subio lo que necesitabas en el momento\n|\n|t:|1695914605\n|move|p2b: Comfey|Helping Hand|p2a: Scovillain\n|-singleturn|p2a: Scovillain|Helping Hand|[of] p2b: Comfey\n|move|p2a: Scovillain|Energy Ball|p1a: Flor?\n|-damage|p1a: Flor?|41\/100\n|move|p1a: Flor?|Dazzling Gleam|p2a: Scovillain|[spread] p2a,p2b\n|-damage|p2a: Scovillain|50\/100 par\n|-damage|p2b: Comfey|30\/100 par\n|\n|-heal|p1a: Flor?|47\/100|[from] item: Leftovers\n|-heal|p2b: Comfey|36\/100 par|[from] item: Leftovers\n|-damage|p1a: Flor?|35\/100|[from] Leech Seed|[of] p2b: Comfey\n|-heal|p2b: Comfey|51\/100 par|[silent]\n|-ability|p2a: Scovillain|Moody|boost\n|-boost|p2a: Scovillain|def|2\n|-unboost|p2a: Scovillain|spe|1\n|upkeep\n|turn|27\n|c|\u2606elmaptiv|lo unico que no te servia\n|c|\u2606elmaptiv|lo tenias bajo\n|c|\u2606elmaptiv|y lo demas subido\n|\n|t:|1695914624\n|move|p2b: Comfey|Floral Healing|p2a: Scovillain\n|-heal|p2a: Scovillain|100\/100 par\n|move|p2a: Scovillain|Energy Ball|p1a: Flor?\n|-damage|p1a: Flor?|4\/100\n|move|p1a: Flor?|Dazzling Gleam|p2a: Scovillain|[spread] p2a,p2b\n|-damage|p2a: Scovillain|71\/100 par\n|-damage|p2b: Comfey|5\/100 par\n|\n|-heal|p1a: Flor?|10\/100|[from] item: Leftovers\n|-heal|p2b: Comfey|11\/100 par|[from] item: Leftovers\n|-damage|p1a: Flor?|0 fnt|[from] Leech Seed|[of] p2b: Comfey\n|-heal|p2b: Comfey|22\/100 par|[silent]\n|faint|p1a: Flor?\n|\n|win|Piriko.\n|upkeep\n|c|\u2606Piriko.|GG.\n|c|\u2606elmaptiv|gg\n","uploadtime":1695914674,"views":13,"p1id":"elmaptiv","p2id":"piriko","formatid":"gen9nationaldexdoubles","rating":0,"private":0,"password":""}