{"id":"gen9nationaldexdoubles-1953737065","p1":"So do fj","p2":"Sonic43eve","format":"[Gen 9] National Dex Doubles","log":"|j|\u2606So do fj\n|j|\u2606Sonic43eve\n|t:|1695824521\n|gametype|doubles\n|player|p1|So do fj|lucas|1091\n|player|p2|Sonic43eve|juggler|1000\n|teamsize|p1|6\n|teamsize|p2|6\n|gen|9\n|tier|[Gen 9] National Dex Doubles\n|rated|\n|rule|HP Percentage Mod: HP is shown in percentages\n|rule|Endless Battle Clause: Forcing endless battles is banned\n|rule|OHKO Clause: OHKO moves are banned\n|rule|Evasion Moves Clause: Evasion moves are banned\n|rule|Evasion Abilities Clause: Evasion abilities are banned\n|rule|Species Clause: Limit one of each Pok\u00e9mon\n|rule|Gravity Sleep Clause: The combination of sleep-inducing moves with imperfect accuracy and Gravity or Gigantamax Orbeetle are banned\n|clearpoke\n|poke|p1|Blastoise, M|\n|poke|p1|Clefable, F|\n|poke|p1|Indeedee-F, F|\n|poke|p1|Mr. Mime, F|\n|poke|p1|Glastrier|\n|poke|p1|Oranguru, M|\n|poke|p2|Decidueye, F|\n|poke|p2|Gallade, M|\n|poke|p2|Armarouge, M|\n|poke|p2|Dipplin, F|\n|poke|p2|Basculegion-F, F|\n|poke|p2|Amoonguss, F|\n|teampreview\n|\n|t:|1695824544\n|start\n|switch|p1a: Glastrier|Glastrier|100\/100\n|switch|p1b: Indeedee|Indeedee-F, F|100\/100\n|switch|p2a: Armarouge|Armarouge, M|100\/100\n|switch|p2b: Dipplin|Dipplin, F|100\/100\n|-fieldstart|move: Psychic Terrain|[from] ability: Psychic Surge|[of] p1b: Indeedee\n|turn|1\n|inactive|Battle timer is ON: inactive players will automatically lose when time's up. (requested by So do fj)\n|\n|t:|1695824562\n|move|p1b: Indeedee|Follow Me|p1b: Indeedee\n|-singleturn|p1b: Indeedee|move: Follow Me\n|move|p2a: Armarouge|Energy Ball|p1b: Indeedee\n|-damage|p1b: Indeedee|78\/100\n|move|p2b: Dipplin|Energy Ball|p1b: Indeedee\n|-damage|p1b: Indeedee|48\/100\n|move|p1a: Glastrier|Icicle Spear|p2b: Dipplin\n|-supereffective|p2b: Dipplin\n|-damage|p2b: Dipplin|44\/100\n|-supereffective|p2b: Dipplin\n|-damage|p2b: Dipplin|0 fnt\n|faint|p2b: Dipplin\n|-ability|p1a: Glastrier|Chilling Neigh|boost\n|-boost|p1a: Glastrier|atk|1\n|-hitcount|p2: Dipplin|2\n|\n|upkeep\n|\n|t:|1695824567\n|switch|p2b: Decidueye|Decidueye, F|100\/100\n|turn|2\n|\n|t:|1695824582\n|move|p1a: Glastrier|Protect|p1a: Glastrier\n|-singleturn|p1a: Glastrier|Protect\n|move|p2a: Armarouge|Energy Ball|p1a: Glastrier\n|-activate|p1a: Glastrier|move: Protect\n|move|p2b: Decidueye|Air Slash|p1a: Glastrier\n|-activate|p1a: Glastrier|move: Protect\n|move|p1b: Indeedee|Trick Room|p1b: Indeedee\n|-fieldstart|move: Trick Room|[of] p1b: Indeedee\n|\n|upkeep\n|turn|3\n|\n|t:|1695824600\n|move|p1b: Indeedee|Follow Me|p1b: Indeedee\n|-singleturn|p1b: Indeedee|move: Follow Me\n|move|p1a: Glastrier|Icicle Spear|p2b: Decidueye\n|-supereffective|p2b: Decidueye\n|-damage|p2b: Decidueye|35\/100\n|-supereffective|p2b: Decidueye\n|-damage|p2b: Decidueye|0 fnt\n|faint|p2b: Decidueye\n|-ability|p1a: Glastrier|Chilling Neigh|boost\n|-boost|p1a: Glastrier|atk|1\n|-hitcount|p2: Decidueye|2\n|move|p2a: Armarouge|Energy Ball|p1b: Indeedee\n|-damage|p1b: Indeedee|25\/100\n|-unboost|p1b: Indeedee|spd|1\n|\n|upkeep\n|\n|t:|1695824603\n|switch|p2b: Amoonguss|Amoonguss, F|100\/100\n|turn|4\n|\n|t:|1695824618\n|move|p1b: Indeedee|Follow Me|p1b: Indeedee\n|-singleturn|p1b: Indeedee|move: Follow Me\n|move|p1a: Glastrier|Icicle Spear|p2b: Amoonguss\n|-supereffective|p2b: Amoonguss\n|-damage|p2b: Amoonguss|32\/100\n|-supereffective|p2b: Amoonguss\n|-damage|p2b: Amoonguss|0 fnt\n|faint|p2b: Amoonguss\n|-ability|p1a: Glastrier|Chilling Neigh|boost\n|-boost|p1a: Glastrier|atk|1\n|-hitcount|p2: Amoonguss|2\n|move|p2a: Armarouge|Energy Ball|p1b: Indeedee\n|-damage|p1b: Indeedee|0 fnt\n|faint|p1b: Indeedee\n|\n|upkeep\n|\n|t:|1695824630\n|switch|p2b: Basculegion|Basculegion-F, F|100\/100\n|switch|p1b: Oranguru|Oranguru, M|100\/100\n|-ability|p2b: Basculegion|Mold Breaker\n|turn|5\n|\n|t:|1695824640\n|-terastallize|p1a: Glastrier|Ice\n|move|p1a: Glastrier|Icicle Spear|p2b: Basculegion\n|-resisted|p2b: Basculegion\n|-damage|p2b: Basculegion|74\/100\n|-resisted|p2b: Basculegion\n|-damage|p2b: Basculegion|47\/100\n|-resisted|p2b: Basculegion\n|-crit|p2b: Basculegion\n|-damage|p2b: Basculegion|5\/100\n|-resisted|p2b: Basculegion\n|-damage|p2b: Basculegion|0 fnt\n|faint|p2b: Basculegion\n|-ability|p1a: Glastrier|Chilling Neigh|boost\n|-boost|p1a: Glastrier|atk|1\n|-hitcount|p2: Basculegion|4\n|move|p1b: Oranguru|Instruct|p1a: Glastrier\n|-singleturn|p1a: Glastrier|move: Instruct|[of] p1b: Oranguru\n|move|p1a: Glastrier|Icicle Spear|p2a: Armarouge\n|-resisted|p2a: Armarouge\n|-damage|p2a: Armarouge|63\/100\n|-ability|p2a: Armarouge|Weak Armor|boost\n|-unboost|p2a: Armarouge|def|1\n|-boost|p2a: Armarouge|spe|2\n|-resisted|p2a: Armarouge\n|-damage|p2a: Armarouge|16\/100\n|-ability|p2a: Armarouge|Weak Armor|boost\n|-unboost|p2a: Armarouge|def|1\n|-boost|p2a: Armarouge|spe|2\n|-resisted|p2a: Armarouge\n|-damage|p2a: Armarouge|0 fnt\n|faint|p2a: Armarouge\n|-ability|p1a: Glastrier|Chilling Neigh|boost\n|-boost|p1a: Glastrier|atk|1\n|-hitcount|p2: Armarouge|3\n|\n|-fieldend|move: Psychic Terrain\n|upkeep\n|\n|t:|1695824644\n|switch|p2b: Gallade|Gallade, M|100\/100\n|turn|6\n|\n|t:|1695824672\n|move|p1a: Glastrier|Icicle Spear|p2b: Gallade\n|-damage|p2b: Gallade|13\/100\n|-damage|p2b: Gallade|0 fnt\n|faint|p2b: Gallade\n|-hitcount|p2: Gallade|2\n|\n|win|So do fj\n|raw|So do fj's rating: 1091 &rarr; <strong>1111<\/strong><br \/>(+20 for winning)\n|raw|Sonic43eve's rating: 1000 &rarr; <strong>1000<\/strong><br \/>(+0 for losing)\n","uploadtime":1695824684,"views":7,"p1id":"sodofj","p2id":"sonic43eve","formatid":"gen9nationaldexdoubles","rating":1000,"private":0,"password":""}