{"id":"gen9nationaldexdoubles-1972955104","p1":"ZeFlowerDemon","p2":"HAhaha U LOSE NOOB","format":"[Gen 9] National Dex Doubles","log":"|j|\u2606ZeFlowerDemon\n|j|\u2606HAhaha U LOSE NOOB\n|t:|1697912494\n|gametype|doubles\n|player|p1|ZeFlowerDemon|roxie|1000\n|player|p2|HAhaha U LOSE NOOB|lucas|1000\n|teamsize|p1|6\n|teamsize|p2|6\n|gen|9\n|tier|[Gen 9] National Dex Doubles\n|rated|\n|rule|HP Percentage Mod: HP is shown in percentages\n|rule|Endless Battle Clause: Forcing endless battles is banned\n|rule|OHKO Clause: OHKO moves are banned\n|rule|Evasion Moves Clause: Evasion moves are banned\n|rule|Evasion Abilities Clause: Evasion abilities are banned\n|rule|Species Clause: Limit one of each Pok\u00e9mon\n|rule|Gravity Sleep Clause: The combination of sleep-inducing moves with imperfect accuracy and Gravity or Gigantamax Orbeetle are banned\n|clearpoke\n|poke|p1|Breloom, M|\n|poke|p1|Toxtricity, F|\n|poke|p1|Scolipede, M|\n|poke|p1|Grafaiai, F|\n|poke|p1|Ceruledge, F|\n|poke|p1|Gliscor, M|\n|poke|p2|Indeedee, M|\n|poke|p2|Regieleki|\n|poke|p2|Meowscarada, M|\n|poke|p2|Spectrier|\n|poke|p2|Murkrow, M|\n|poke|p2|Shuckle, M|\n|teampreview\n|\n|t:|1697912530\n|start\n|switch|p1a: Shogun|Gliscor, M|100\/100\n|switch|p1b: Scolipede|Scolipede, M|100\/100\n|switch|p2a: Murkrow|Murkrow, M|100\/100\n|switch|p2b: Shuckle|Shuckle, M|100\/100\n|turn|1\n|\n|t:|1697912553\n|move|p2a: Murkrow|Taunt|p1a: Shogun\n|-start|p1a: Shogun|move: Taunt\n|move|p1b: Scolipede|Toxic|p1a: Shogun\n|-status|p1a: Shogun|tox\n|cant|p1a: Shogun|move: Taunt|Toxic Spikes\n|move|p2b: Shuckle|Stealth Rock|p1a: Shogun\n|-sidestart|p1: ZeFlowerDemon|move: Stealth Rock\n|\n|upkeep\n|turn|2\n|inactive|Battle timer is ON: inactive players will automatically lose when time's up. (requested by HAhaha U LOSE NOOB)\n|\n|t:|1697912576\n|move|p2a: Murkrow|Perish Song|p2a: Murkrow\n|-start|p1a: Shogun|perish3|[silent]\n|-start|p1b: Scolipede|perish3|[silent]\n|-start|p2a: Murkrow|perish3|[silent]\n|-start|p2b: Shuckle|perish3|[silent]\n|-fieldactivate|move: Perish Song\n|move|p1b: Scolipede|Poison Jab|p2b: Shuckle\n|-resisted|p2b: Shuckle\n|-damage|p2b: Shuckle|88\/100\n|-status|p2b: Shuckle|psn\n|move|p1a: Shogun|Gunk Shot|p2a: Murkrow\n|-damage|p2a: Murkrow|25\/100\n|move|p2b: Shuckle|Sticky Web|p1a: Shogun\n|-sidestart|p1: ZeFlowerDemon|move: Sticky Web\n|\n|-damage|p2b: Shuckle|76\/100 psn|[from] psn\n|-start|p1b: Scolipede|perish3\n|-start|p1a: Shogun|perish3\n|-start|p2a: Murkrow|perish3\n|-start|p2b: Shuckle|perish3\n|upkeep\n|turn|3\n|inactive|ZeFlowerDemon has 120 seconds left.\n|inactive|HAhaha U LOSE NOOB has 120 seconds left.\n|\n|t:|1697912629\n|switch|p1b: Iduki|Toxtricity, F|100\/100\n|-damage|p1b: Iduki|88\/100|[from] Stealth Rock\n|-activate|p1b: Iduki|move: Sticky Web\n|-unboost|p1b: Iduki|spe|1\n|switch|p1a: Zero|Ceruledge, F|100\/100\n|-damage|p1a: Zero|76\/100|[from] Stealth Rock\n|-activate|p1a: Zero|move: Sticky Web\n|-unboost|p1a: Zero|spe|1\n|move|p2a: Murkrow|Tailwind|p2a: Murkrow\n|-sidestart|p2: HAhaha U LOSE NOOB|move: Tailwind\n|move|p2b: Shuckle|Power Split|p1a: Zero\n|-activate|p2b: Shuckle|move: Power Split|[of] p1a: Zero\n|\n|-damage|p2b: Shuckle|64\/100 psn|[from] psn\n|-start|p2a: Murkrow|perish2\n|-start|p2b: Shuckle|perish2\n|upkeep\n|turn|4\n|inactive|HAhaha U LOSE NOOB has 120 seconds left.\n|inactive|ZeFlowerDemon has 120 seconds left.\n|inactive|HAhaha U LOSE NOOB has 90 seconds left.\n|inactive|HAhaha U LOSE NOOB has 60 seconds left.\n|\n|t:|1697912700\n|move|p2a: Murkrow|Taunt|p1b: Iduki\n|-start|p1b: Iduki|move: Taunt\n|move|p1a: Zero|Swords Dance|p1a: Zero\n|-boost|p1a: Zero|atk|2\n|move|p1b: Iduki|Hex|p2b: Shuckle\n|-damage|p2b: Shuckle|35\/100 psn\n|move|p2b: Shuckle|Toxic|p1a: Zero\n|-status|p1a: Zero|tox\n|\n|-damage|p1a: Zero|70\/100 tox|[from] psn\n|-damage|p2b: Shuckle|23\/100 psn|[from] psn\n|-start|p2a: Murkrow|perish1\n|-start|p2b: Shuckle|perish1\n|upkeep\n|turn|5\n|inactive|ZeFlowerDemon has 120 seconds left.\n|inactive|HAhaha U LOSE NOOB has 60 seconds left.\n|inactive|HAhaha U LOSE NOOB has 30 seconds left.\n|\n|t:|1697912755\n|move|p2a: Murkrow|Taunt||[still]\n|-fail|p2a: Murkrow\n|move|p1a: Zero|Bitter Blade|p2a: Murkrow\n|-damage|p2a: Murkrow|0 fnt\n|-heal|p1a: Zero|83\/100 tox|[from] drain|[of] p2a: Murkrow\n|faint|p2a: Murkrow\n|move|p1b: Iduki|Boomburst|p2b: Shuckle|[spread] p2b\n|-immune|p1a: Zero\n|-resisted|p2b: Shuckle\n|-damage|p2b: Shuckle|8\/100 psn\n|move|p2b: Shuckle|Power Split|p1b: Iduki\n|-activate|p2b: Shuckle|move: Power Split|[of] p1b: Iduki\n|\n|-damage|p1a: Zero|71\/100 tox|[from] psn\n|-damage|p2b: Shuckle|0 fnt|[from] psn\n|faint|p2b: Shuckle\n|upkeep\n|inactive|HAhaha U LOSE NOOB has 30 seconds left.\n|inactive|HAhaha U LOSE NOOB has 20 seconds left.\n|\n|t:|1697912771\n|switch|p2a: Indeedee|Indeedee, M|100\/100\n|switch|p2b: Spectrier|Spectrier|100\/100\n|-fieldstart|move: Psychic Terrain|[from] ability: Psychic Surge|[of] p2a: Indeedee\n|turn|6\n|inactive|ZeFlowerDemon has 120 seconds left.\n|\n|t:|1697912798\n|-terastallize|p2a: Indeedee|Psychic\n|move|p2a: Indeedee|Expanding Force|p1b: Iduki|[spread] p1a,p1b\n|-supereffective|p1b: Iduki\n|-damage|p1a: Zero|0 fnt\n|-damage|p1b: Iduki|0 fnt\n|faint|p1a: Zero\n|faint|p1b: Iduki\n|move|p2b: Spectrier|Shadow Ball|p1: Zero|[notarget]\n|-fail|p2b: Spectrier\n|\n|-sideend|p2: HAhaha U LOSE NOOB|move: Tailwind\n|upkeep\n|inactive|ZeFlowerDemon has 90 seconds left.\n|\n|t:|1697912844\n|switch|p1a: Shogun|Gliscor, M|100\/100 tox\n|switch|p1b: Grafaiai|Grafaiai, F|100\/100\n|-damage|p1b: Grafaiai|88\/100|[from] Stealth Rock\n|-activate|p1b: Grafaiai|move: Sticky Web\n|-unboost|p1b: Grafaiai|spe|1\n|-damage|p1a: Shogun|88\/100 tox|[from] Stealth Rock\n|turn|7\n|inactive|ZeFlowerDemon has 90 seconds left.\n|inactive|HAhaha U LOSE NOOB has 60 seconds left.\n|\n|t:|1697912862\n|move|p2a: Indeedee|Expanding Force|p1b: Grafaiai|[spread] p1a,p1b\n|-supereffective|p1b: Grafaiai\n|-crit|p1b: Grafaiai\n|-damage|p1a: Shogun|0 fnt\n|-damage|p1b: Grafaiai|0 fnt\n|faint|p1a: Shogun\n|faint|p1b: Grafaiai\n|move|p2b: Spectrier|Psychic|p1: Shogun|[notarget]\n|-fail|p2b: Spectrier\n|\n|upkeep\n|\n|t:|1697912870\n|switch|p1b: Scolipede|Scolipede, M|100\/100\n|switch|p1a: Ceps|Breloom, M|100\/100\n|-damage|p1b: Scolipede|76\/100|[from] Stealth Rock\n|-activate|p1b: Scolipede|move: Sticky Web\n|-unboost|p1b: Scolipede|spe|1\n|-damage|p1a: Ceps|94\/100|[from] Stealth Rock\n|-activate|p1a: Ceps|move: Sticky Web\n|-unboost|p1a: Ceps|spe|1\n|turn|8\n|inactive|ZeFlowerDemon has 90 seconds left.\n|inactive|HAhaha U LOSE NOOB has 60 seconds left.\n|inactive|HAhaha U LOSE NOOB has 30 seconds left.\n|inactive|HAhaha U LOSE NOOB has 20 seconds left.\n|\n|t:|1697912943\n|move|p2a: Indeedee|Expanding Force|p1b: Scolipede|[spread] p1a,p1b\n|-supereffective|p1a: Ceps\n|-supereffective|p1b: Scolipede\n|-damage|p1a: Ceps|0 fnt\n|-damage|p1b: Scolipede|0 fnt\n|faint|p1a: Ceps\n|faint|p1b: Scolipede\n|\n|win|HAhaha U LOSE NOOB\n|inactive|HAhaha U LOSE NOOB has 25 seconds left this turn.\n|raw|ZeFlowerDemon's rating: 1000 &rarr; <strong>1000<\/strong><br \/>(+0 for losing)\n|raw|HAhaha U LOSE NOOB's rating: 1062 &rarr; <strong>1087<\/strong><br \/>(+25 for winning)\n","uploadtime":1697912947,"views":6,"p1id":"zeflowerdemon","p2id":"hahahaulosenoob","formatid":"gen9nationaldexdoubles","rating":1000,"private":0,"password":""}