{"id":"gen9nationaldexdoubles-1969158524","p1":"Drei D Lawrence","p2":"Begula on SD","format":"[Gen 9] National Dex Doubles","log":"|j|\u2606Drei D Lawrence\n|j|\u2606Begula on SD\n|t:|1697495445\n|gametype|doubles\n|player|p1|Drei D Lawrence|hilbert|\n|player|p2|Begula on SD|barry|\n|teamsize|p1|6\n|teamsize|p2|6\n|gen|9\n|tier|[Gen 9] National Dex Doubles\n|rule|HP Percentage Mod: HP is shown in percentages\n|rule|Endless Battle Clause: Forcing endless battles is banned\n|rule|OHKO Clause: OHKO moves are banned\n|rule|Evasion Moves Clause: Evasion moves are banned\n|rule|Evasion Abilities Clause: Evasion abilities are banned\n|rule|Species Clause: Limit one of each Pok\u00e9mon\n|rule|Gravity Sleep Clause: The combination of sleep-inducing moves with imperfect accuracy and Gravity or Gigantamax Orbeetle are banned\n|clearpoke\n|poke|p1|Ursaluna-Bloodmoon, M|\n|poke|p1|Ninetales-Alola, M|\n|poke|p1|Samurott-Hisui, F|\n|poke|p1|Volcarona, M|\n|poke|p1|Heatran, F|\n|poke|p1|Gholdengo|\n|poke|p2|Alakazam, M|\n|poke|p2|Indeedee, M|\n|poke|p2|Munkidori, M|\n|poke|p2|Hoopa-Unbound|\n|poke|p2|Metagross|\n|poke|p2|Iron Hands|\n|teampreview\n|inactive|Battle timer is ON: inactive players will automatically lose when time's up. (requested by Drei D Lawrence)\n|inactive|Begula on SD also wants the timer to be on.\n|c|\u2606Drei D Lawrence|hf\n|c|\u2606Begula on SD|U2\n|\n|t:|1697495468\n|start\n|switch|p1a: Ninetales|Ninetales-Alola, M|100\/100\n|switch|p1b: Samurott|Samurott-Hisui, F|100\/100\n|switch|p2a: Iron Hands|Iron Hands|100\/100\n|switch|p2b: Indeedee|Indeedee, M|100\/100\n|-weather|Snow|[from] ability: Snow Warning|[of] p1a: Ninetales\n|-fieldstart|move: Psychic Terrain|[from] ability: Psychic Surge|[of] p2b: Indeedee\n|turn|1\n|\n|t:|1697495476\n|switch|p2b: Metagross|Metagross|100\/100\n|move|p1a: Ninetales|Aurora Veil|p1a: Ninetales\n|-sidestart|p1: Drei D Lawrence|move: Aurora Veil\n|move|p1b: Samurott|Ceaseless Edge|p2b: Metagross\n|-supereffective|p2b: Metagross\n|-damage|p2b: Metagross|6\/100\n|-sidestart|p2: Begula on SD|Spikes\n|move|p2a: Iron Hands|Close Combat|p1b: Samurott\n|-supereffective|p1b: Samurott\n|-damage|p1b: Samurott|0 fnt\n|-unboost|p2a: Iron Hands|def|1\n|-unboost|p2a: Iron Hands|spd|1\n|faint|p1b: Samurott\n|-damage|p2a: Iron Hands|91\/100|[from] item: Life Orb\n|\n|-weather|Snow|[upkeep]\n|upkeep\n|\n|t:|1697495500\n|switch|p1b: Ursaluna|Ursaluna-Bloodmoon, M|100\/100\n|turn|2\n|\n|t:|1697495512\n|-end|p2a: Iron Hands|Quark Drive|[silent]\n|switch|p2a: Hoopa|Hoopa-Unbound|100\/100\n|-damage|p2a: Hoopa|88\/100|[from] Spikes\n|move|p1b: Ursaluna|Vacuum Wave|p2b: Metagross\n|-activate|p2b: Metagross|move: Psychic Terrain\n|move|p1a: Ninetales|Moonblast|p2a: Hoopa\n|-supereffective|p2a: Hoopa\n|-damage|p2a: Hoopa|18\/100\n|move|p2b: Metagross|Meteor Mash|p1a: Ninetales|[miss]\n|-miss|p2b: Metagross|p1a: Ninetales\n|\n|-weather|Snow|[upkeep]\n|upkeep\n|turn|3\n|\n|t:|1697495530\n|move|p1a: Ninetales|Blizzard|p2a: Hoopa|[spread] p2a,p2b\n|-resisted|p2b: Metagross\n|-damage|p2a: Hoopa|0 fnt\n|-damage|p2b: Metagross|0 fnt\n|faint|p2a: Hoopa\n|faint|p2b: Metagross\n|move|p1b: Ursaluna|Blood Moon|p2: Hoopa|[notarget]\n|-fail|p1b: Ursaluna\n|\n|-weather|Snow|[upkeep]\n|upkeep\n|\n|t:|1697495538\n|switch|p2a: Alakazam|Alakazam, M|100\/100\n|switch|p2b: Indeedee|Indeedee, M|100\/100\n|-damage|p2a: Alakazam|88\/100|[from] Spikes\n|-damage|p2b: Indeedee|88\/100|[from] Spikes\n|turn|4\n|\n|t:|1697495562\n|detailschange|p2a: Alakazam|Alakazam-Mega, M\n|-mega|p2a: Alakazam|Alakazam|Alakazite\n|-ability|p2a: Alakazam|Snow Warning|[from] ability: Trace|[of] p1a: Ninetales\n|move|p2a: Alakazam|Expanding Force|p1a: Ninetales|[spread] p1a,p1b\n|-damage|p1a: Ninetales|42\/100\n|-damage|p1b: Ursaluna|42\/100\n|move|p1a: Ninetales|Blizzard|p2b: Indeedee|[spread] p2a,p2b\n|-damage|p2a: Alakazam|49\/100\n|-damage|p2b: Indeedee|42\/100\n|-status|p2b: Indeedee|frz\n|cant|p2b: Indeedee|frz\n|move|p1b: Ursaluna|Calm Mind|p1b: Ursaluna\n|-boost|p1b: Ursaluna|spa|1\n|-boost|p1b: Ursaluna|spd|1\n|\n|-weather|Snow|[upkeep]\n|-heal|p1b: Ursaluna|48\/100|[from] item: Leftovers\n|upkeep\n|turn|5\n|\n|t:|1697495584\n|move|p2a: Alakazam|Expanding Force|p1a: Ninetales|[spread] p1a,p1b\n|-damage|p1a: Ninetales|0 fnt\n|-damage|p1b: Ursaluna|10\/100\n|faint|p1a: Ninetales\n|-curestatus|p2b: Indeedee|frz|[msg]\n|move|p2b: Indeedee|Mystical Fire|p1b: Ursaluna\n|-damage|p1b: Ursaluna|0 fnt\n|faint|p1b: Ursaluna\n|\n|-weather|none\n|upkeep\n|\n|t:|1697495597\n|switch|p1a: Gholdengo|Gholdengo, shiny|100\/100\n|switch|p1b: Heatran|Heatran, F|100\/100\n|-item|p1a: Gholdengo|Air Balloon\n|turn|6\n|\n|t:|1697495606\n|move|p2a: Alakazam|Expanding Force|p1a: Gholdengo|[spread] p1a,p1b\n|-resisted|p1a: Gholdengo\n|-resisted|p1b: Heatran\n|-damage|p1a: Gholdengo|71\/100\n|-damage|p1b: Heatran|78\/100\n|-enditem|p1a: Gholdengo|Air Balloon\n|move|p2b: Indeedee|Expanding Force|p1a: Gholdengo|[spread] p1a,p1b\n|-resisted|p1a: Gholdengo\n|-resisted|p1b: Heatran\n|-damage|p1a: Gholdengo|52\/100\n|-damage|p1b: Heatran|64\/100\n|move|p1a: Gholdengo|Make It Rain|p2b: Indeedee|[spread] p2a,p2b\n|-damage|p2a: Alakazam|0 fnt\n|-damage|p2b: Indeedee|0 fnt\n|-unboost|p1a: Gholdengo|spa|1\n|faint|p2a: Alakazam\n|faint|p2b: Indeedee\n|move|p1b: Heatran|Magma Storm|p2: Alakazam|[notarget]\n|-fail|p1b: Heatran\n|\n|-heal|p1b: Heatran|70\/100|[from] item: Leftovers\n|upkeep\n|\n|t:|1697495623\n|switch|p2a: Iron Hands|Iron Hands|91\/100\n|switch|p2b: Munkidori|Munkidori, M|100\/100\n|-damage|p2b: Munkidori|88\/100|[from] Spikes\n|-damage|p2a: Iron Hands|78\/100|[from] Spikes\n|turn|7\n|\n|t:|1697495634\n|move|p2b: Munkidori|Psychic|p1a: Gholdengo\n|-resisted|p1a: Gholdengo\n|-damage|p1a: Gholdengo|20\/100\n|-damage|p2b: Munkidori|78\/100|[from] item: Life Orb\n|move|p1a: Gholdengo|Make It Rain|p2b: Munkidori|[spread] p2a,p2b\n|-resisted|p2a: Iron Hands\n|-damage|p2a: Iron Hands|63\/100\n|-damage|p2b: Munkidori|44\/100\n|-unboost|p1a: Gholdengo|spa|1\n|move|p1b: Heatran|Earth Power|p2a: Iron Hands\n|-supereffective|p2a: Iron Hands\n|-crit|p2a: Iron Hands\n|-damage|p2a: Iron Hands|0 fnt\n|faint|p2a: Iron Hands\n|-end|p2a: Iron Hands|Quark Drive|[silent]\n|\n|-heal|p1b: Heatran|76\/100|[from] item: Leftovers\n|upkeep\n|turn|8\n|\n|t:|1697495652\n|move|p2b: Munkidori|Psychic|p1a: Gholdengo\n|-resisted|p1a: Gholdengo\n|-damage|p1a: Gholdengo|0 fnt\n|faint|p1a: Gholdengo\n|-damage|p2b: Munkidori|35\/100|[from] item: Life Orb\n|move|p1b: Heatran|Earth Power|p2b: Munkidori\n|-supereffective|p2b: Munkidori\n|-damage|p2b: Munkidori|0 fnt\n|faint|p2b: Munkidori\n|\n|win|Drei D Lawrence\n|c|\u2606Begula on SD|Ggs\n|c|\u2606Drei D Lawrence|gg\n|l|\u2606Drei D Lawrence\n","uploadtime":1697495665,"views":14,"p1id":"dreidlawrence","p2id":"begulaonsd","formatid":"gen9nationaldexdoubles","rating":0,"private":0,"password":""}