{"id":"gen9nationaldexdoubles-1993771491","p1":"Penter","p2":"xiaoheizi114514","format":"[Gen 9] National Dex Doubles","log":"|j|\u2606Penter\n|j|\u2606xiaoheizi114514\n|t:|1700355336\n|gametype|doubles\n|player|p1|Penter|n|\n|player|p2|xiaoheizi114514|cyclist|\n|teamsize|p1|6\n|teamsize|p2|6\n|gen|9\n|tier|[Gen 9] National Dex Doubles\n|rated|Tournament battle\n|rule|HP Percentage Mod: HP is shown in percentages\n|rule|Endless Battle Clause: Forcing endless battles is banned\n|rule|OHKO Clause: OHKO moves are banned\n|rule|Evasion Moves Clause: Evasion moves are banned\n|rule|Evasion Abilities Clause: Evasion abilities are banned\n|rule|Species Clause: Limit one of each Pok\u00e9mon\n|rule|Gravity Sleep Clause: The combination of sleep-inducing moves with imperfect accuracy and Gravity or Gigantamax Orbeetle are banned\n|clearpoke\n|poke|p1|Zygarde|\n|poke|p1|Iron Hands|\n|poke|p1|Chien-Pao|\n|poke|p1|Kartana|\n|poke|p1|Rillaboom, M|\n|poke|p1|Tapu Fini|\n|poke|p2|Deoxys-Attack|\n|poke|p2|Alakazam, F|\n|poke|p2|Flutter Mane|\n|poke|p2|Ogerpon-Hearthflame, F|\n|poke|p2|Chien-Pao|\n|poke|p2|Indeedee-F, F|\n|teampreview\n|\n|t:|1700355360\n|start\n|switch|p1a: Iron Hands|Iron Hands|100\/100\n|switch|p1b: Rillaboom|Rillaboom, M|100\/100\n|switch|p2a: Deoxys|Deoxys-Attack|100\/100\n|switch|p2b: Indeedee|Indeedee-F, F|100\/100\n|-ability|p2a: Deoxys|Pressure\n|-fieldstart|move: Grassy Terrain|[from] ability: Grassy Surge|[of] p1b: Rillaboom\n|-fieldstart|move: Psychic Terrain|[from] ability: Psychic Surge|[of] p2b: Indeedee\n|-enditem|p2b: Indeedee|Psychic Seed\n|-boost|p2b: Indeedee|spd|1|[from] item: Psychic Seed\n|turn|1\n|\n|t:|1700355425\n|-end|p1a: Iron Hands|Quark Drive|[silent]\n|switch|p1a: Tapu Fini|Tapu Fini|100\/100\n|-fieldstart|move: Misty Terrain|[from] ability: Misty Surge|[of] p1a: Tapu Fini\n|move|p1b: Rillaboom|Fake Out|p2a: Deoxys\n|-damage|p2a: Deoxys|30\/100\n|cant|p2a: Deoxys|flinch\n|move|p2b: Indeedee|Expanding Force|p1b: Rillaboom\n|-damage|p1b: Rillaboom|79\/100\n|\n|upkeep\n|turn|2\n|inactive|Battle timer is ON: inactive players will automatically lose when time's up. (requested by xiaoheizi114514)\n|\n|t:|1700355470\n|switch|p1b: Chien-Pao|Chien-Pao|100\/100\n|-ability|p1b: Chien-Pao|Sword of Ruin\n|move|p2b: Indeedee|Follow Me|p2b: Indeedee\n|-singleturn|p2b: Indeedee|move: Follow Me\n|move|p1a: Tapu Fini|Moonblast|p2b: Indeedee\n|-damage|p2b: Indeedee|75\/100\n|move|p2a: Deoxys|Psycho Boost|p1b: Chien-Pao\n|-immune|p1b: Chien-Pao\n|\n|upkeep\n|turn|3\n|\n|t:|1700355499\n|switch|p1a: Rillaboom|Rillaboom, M|79\/100\n|-fieldstart|move: Grassy Terrain|[from] ability: Grassy Surge|[of] p1a: Rillaboom\n|switch|p2b: Ogerpon|Ogerpon-Hearthflame, F|100\/100\n|-ability|p2b: Ogerpon|Mold Breaker\n|move|p2a: Deoxys|Detect|p2a: Deoxys\n|-singleturn|p2a: Deoxys|Protect\n|move|p1b: Chien-Pao|Protect||[still]\n|-fail|p1b: Chien-Pao\n|\n|-heal|p2a: Deoxys|36\/100|[from] Grassy Terrain\n|-heal|p1a: Rillaboom|86\/100|[from] Grassy Terrain\n|upkeep\n|turn|4\n|j| Dddddsf\n|\n|t:|1700355517\n|switch|p2b: Indeedee|Indeedee-F, F|75\/100\n|-fieldstart|move: Psychic Terrain|[from] ability: Psychic Surge|[of] p2b: Indeedee\n|move|p1a: Rillaboom|Fake Out|p2a: Deoxys\n|-activate|p2a: Deoxys|move: Psychic Terrain\n|move|p2a: Deoxys|Superpower|p1b: Chien-Pao\n|-supereffective|p1b: Chien-Pao\n|-damage|p1b: Chien-Pao|0 fnt\n|-unboost|p2a: Deoxys|atk|1\n|-unboost|p2a: Deoxys|def|1\n|faint|p1b: Chien-Pao\n|\n|upkeep\n|inactive|Penter has 120 seconds left.\n|\n|t:|1700355553\n|switch|p1b: Kartana|Kartana|100\/100\n|turn|5\n|j| bosspark1737376\n|inactive|Penter has 120 seconds left.\n|\n|t:|1700355575\n|switch|p1a: Tapu Fini|Tapu Fini|100\/100\n|-fieldstart|move: Misty Terrain|[from] ability: Misty Surge|[of] p1a: Tapu Fini\n|move|p1b: Kartana|Protect|p1b: Kartana\n|-singleturn|p1b: Kartana|Protect\n|move|p2b: Indeedee|Follow Me|p2b: Indeedee\n|-singleturn|p2b: Indeedee|move: Follow Me\n|move|p2a: Deoxys|Psycho Boost|p1a: Tapu Fini\n|-damage|p1a: Tapu Fini|8\/100\n|-unboost|p2a: Deoxys|spa|2\n|\n|upkeep\n|turn|6\n|\n|t:|1700355589\n|switch|p1a: Rillaboom|Rillaboom, M|86\/100\n|-fieldstart|move: Grassy Terrain|[from] ability: Grassy Surge|[of] p1a: Rillaboom\n|move|p2a: Deoxys|Detect|p2a: Deoxys\n|-singleturn|p2a: Deoxys|Protect\n|move|p1b: Kartana|Tailwind|p1b: Kartana\n|-sidestart|p1: Penter|move: Tailwind\n|move|p2b: Indeedee|Expanding Force|p1a: Rillaboom\n|-damage|p1a: Rillaboom|66\/100\n|\n|-heal|p2a: Deoxys|42\/100|[from] Grassy Terrain\n|-heal|p1a: Rillaboom|72\/100|[from] Grassy Terrain\n|-heal|p2b: Indeedee|81\/100|[from] Grassy Terrain\n|upkeep\n|turn|7\n|l| bosspark1737376\n|inactive|Penter has 120 seconds left.\n|inactive|xiaoheizi114514 has 120 seconds left.\n|\n|t:|1700355635\n|switch|p2a: Alakazam|Alakazam, F|100\/100\n|switch|p2b: Ogerpon|Ogerpon-Hearthflame, F|100\/100\n|-ability|p2b: Ogerpon|Mold Breaker\n|move|p1b: Kartana|Leaf Blade|p2a: Alakazam\n|-crit|p2a: Alakazam\n|-damage|p2a: Alakazam|0 fnt\n|faint|p2a: Alakazam\n|-ability|p1b: Kartana|Beast Boost|boost\n|-boost|p1b: Kartana|atk|1\n|-damage|p1b: Kartana|91\/100|[from] item: Life Orb\n|move|p1a: Rillaboom|Wood Hammer|p2b: Ogerpon\n|-resisted|p2b: Ogerpon\n|-damage|p2b: Ogerpon|70\/100\n|-damage|p1a: Rillaboom|64\/100|[from] Recoil\n|\n|-heal|p1b: Kartana|97\/100|[from] Grassy Terrain\n|-heal|p1a: Rillaboom|70\/100|[from] Grassy Terrain\n|-heal|p2b: Ogerpon|76\/100|[from] Grassy Terrain\n|upkeep\n|\n|t:|1700355650\n|switch|p2a: Chien-Pao|Chien-Pao|100\/100\n|-ability|p2a: Chien-Pao|Sword of Ruin\n|turn|8\n|inactive|Penter has 120 seconds left.\n|inactive|xiaoheizi114514 has 120 seconds left.\n|inactive|Penter has 90 seconds left.\n|\n|t:|1700355704\n|move|p2a: Chien-Pao|Protect|p2a: Chien-Pao\n|-singleturn|p2a: Chien-Pao|Protect\n|move|p1b: Kartana|Smart Strike|p2b: Ogerpon\n|-resisted|p2b: Ogerpon\n|-damage|p2b: Ogerpon|0 fnt\n|faint|p2b: Ogerpon\n|-ability|p1b: Kartana|Beast Boost|boost\n|-boost|p1b: Kartana|atk|1\n|-damage|p1b: Kartana|87\/100|[from] item: Life Orb\n|move|p1a: Rillaboom|U-turn|p2a: Chien-Pao\n|-activate|p2a: Chien-Pao|move: Protect\n|\n|-heal|p1b: Kartana|94\/100|[from] Grassy Terrain\n|-heal|p1a: Rillaboom|76\/100|[from] Grassy Terrain\n|upkeep\n|\n|t:|1700355714\n|switch|p2b: Indeedee|Indeedee-F, F|81\/100\n|-fieldstart|move: Psychic Terrain|[from] ability: Psychic Surge|[of] p2b: Indeedee\n|turn|9\n|inactive|xiaoheizi114514 has 120 seconds left.\n|inactive|Penter has 90 seconds left.\n|\n|t:|1700355747\n|move|p2b: Indeedee|Follow Me|p2b: Indeedee\n|-singleturn|p2b: Indeedee|move: Follow Me\n|move|p1b: Kartana|Smart Strike|p2b: Indeedee\n|-damage|p2b: Indeedee|0 fnt\n|faint|p2b: Indeedee\n|-ability|p1b: Kartana|Beast Boost|boost\n|-boost|p1b: Kartana|atk|1\n|-damage|p1b: Kartana|84\/100|[from] item: Life Orb\n|move|p1a: Rillaboom|U-turn|p2a: Chien-Pao\n|-supereffective|p2a: Chien-Pao\n|-damage|p2a: Chien-Pao|35\/100\n|\n|t:|1700355753\n|switch|p1a: Iron Hands|Iron Hands|100\/100|[from] U-turn\n|-zpower|p2a: Chien-Pao\n|move|p2a: Chien-Pao|Black Hole Eclipse|p1b: Kartana|[zeffect]\n|-damage|p1b: Kartana|0 fnt\n|faint|p1b: Kartana\n|\n|-sideend|p1: Penter|move: Tailwind\n|upkeep\n|\n|t:|1700355771\n|switch|p1b: Tapu Fini|Tapu Fini|8\/100\n|switch|p2b: Flutter Mane|Flutter Mane|100\/100\n|-fieldstart|move: Misty Terrain|[from] ability: Misty Surge|[of] p1b: Tapu Fini\n|-enditem|p1a: Iron Hands|Misty Seed\n|-boost|p1a: Iron Hands|spd|1|[from] item: Misty Seed\n|-enditem|p2b: Flutter Mane|Booster Energy\n|-activate|p2b: Flutter Mane|ability: Protosynthesis|[fromitem]\n|-start|p2b: Flutter Mane|protosynthesisspe\n|turn|10\n|inactive|Penter has 120 seconds left.\n|\n|t:|1700355795\n|move|p2b: Flutter Mane|Protect|p2b: Flutter Mane\n|-singleturn|p2b: Flutter Mane|Protect\n|move|p2a: Chien-Pao|Protect|p2a: Chien-Pao\n|-singleturn|p2a: Chien-Pao|Protect\n|move|p1b: Tapu Fini|Moonblast|p2a: Chien-Pao\n|-activate|p2a: Chien-Pao|move: Protect\n|move|p1a: Iron Hands|Thunder Punch|p2b: Flutter Mane\n|-activate|p2b: Flutter Mane|move: Protect\n|\n|upkeep\n|turn|11\n|\n|t:|1700355809\n|-terastallize|p2b: Flutter Mane|Fairy\n|move|p2b: Flutter Mane|Dazzling Gleam|p1b: Tapu Fini|[spread] p1a,p1b\n|-supereffective|p1a: Iron Hands\n|-damage|p1a: Iron Hands|52\/100\n|-damage|p1b: Tapu Fini|0 fnt\n|faint|p1b: Tapu Fini\n|move|p2a: Chien-Pao|Icicle Crash|p1a: Iron Hands\n|-damage|p1a: Iron Hands|13\/100\n|move|p1a: Iron Hands|Thunder Punch|p2b: Flutter Mane\n|-damage|p2b: Flutter Mane|0 fnt\n|faint|p2b: Flutter Mane\n|-end|p2b: Flutter Mane|Protosynthesis|[silent]\n|\n|upkeep\n|inactive|Penter has 120 seconds left.\n|\n|t:|1700355842\n|switch|p2b: Deoxys|Deoxys-Attack|42\/100\n|switch|p1b: Rillaboom|Rillaboom, M|76\/100\n|-ability|p2b: Deoxys|Pressure\n|-fieldstart|move: Grassy Terrain|[from] ability: Grassy Surge|[of] p1b: Rillaboom\n|turn|12\n|\n|t:|1700355852\n|move|p2b: Deoxys|Detect|p2b: Deoxys\n|-singleturn|p2b: Deoxys|Protect\n|move|p2a: Chien-Pao|Protect|p2a: Chien-Pao\n|-singleturn|p2a: Chien-Pao|Protect\n|move|p1b: Rillaboom|Grassy Glide|p2b: Deoxys\n|-activate|p2b: Deoxys|move: Protect\n|move|p1a: Iron Hands|Drain Punch|p2a: Chien-Pao\n|-activate|p2a: Chien-Pao|move: Protect\n|\n|-heal|p2b: Deoxys|48\/100|[from] Grassy Terrain\n|-heal|p2a: Chien-Pao|41\/100|[from] Grassy Terrain\n|-heal|p1b: Rillaboom|82\/100|[from] Grassy Terrain\n|-heal|p1a: Iron Hands|19\/100|[from] Grassy Terrain\n|upkeep\n|turn|13\n|\n|t:|1700355866\n|move|p2a: Chien-Pao|Sucker Punch|p1b: Rillaboom\n|-damage|p1b: Rillaboom|37\/100\n|move|p1b: Rillaboom|Grassy Glide|p2b: Deoxys\n|-damage|p2b: Deoxys|0 fnt\n|faint|p2b: Deoxys\n|move|p1a: Iron Hands|Drain Punch|p2a: Chien-Pao\n|-supereffective|p2a: Chien-Pao\n|-damage|p2a: Chien-Pao|0 fnt\n|-heal|p1a: Iron Hands|33\/100|[from] drain|[of] p2a: Chien-Pao\n|faint|p2a: Chien-Pao\n|\n|win|Penter\n|n|\u2606Penter|penter\n|n|\u2606xiaoheizi114514|xiaoheizi114514\n|n| Dddddsf|dddddsf\n","uploadtime":1700355867,"views":4,"p1id":"penter","p2id":"xiaoheizi114514","formatid":"gen9nationaldexdoubles","rating":0,"private":0,"password":""}