{"id":"gen9nationaldexdoubles-1976334230","p1":"velcroc","p2":"eragon11145","format":"[Gen 9] National Dex Doubles","log":"|j|\u2606velcroc\n|j|\u2606eragon11145\n|t:|1698287900\n|gametype|doubles\n|player|p1|velcroc|theroyal|\n|player|p2|eragon11145|#dwcopiii|\n|teamsize|p1|6\n|teamsize|p2|6\n|gen|9\n|tier|[Gen 9] National Dex Doubles\n|rated|Tournament battle\n|rule|HP Percentage Mod: HP is shown in percentages\n|rule|Endless Battle Clause: Forcing endless battles is banned\n|rule|OHKO Clause: OHKO moves are banned\n|rule|Evasion Moves Clause: Evasion moves are banned\n|rule|Evasion Abilities Clause: Evasion abilities are banned\n|rule|Species Clause: Limit one of each Pok\u00e9mon\n|rule|Gravity Sleep Clause: The combination of sleep-inducing moves with imperfect accuracy and Gravity or Gigantamax Orbeetle are banned\n|clearpoke\n|poke|p1|Basculegion, M|\n|poke|p1|Kyogre|\n|poke|p1|Cresselia, F|\n|poke|p1|Palkia-Origin|\n|poke|p1|Zacian-*|\n|poke|p1|Zamazenta-*|\n|poke|p2|Rayquaza|\n|poke|p2|Magearna|\n|poke|p2|Ho-Oh|\n|poke|p2|Annihilape, M|\n|poke|p2|Calyrex-Shadow|\n|poke|p2|Rillaboom, M|\n|teampreview\n|inactive|Battle timer is ON: inactive players will automatically lose when time's up. (requested by eragon11145)\n|c|\u2606velcroc|hf\n|c|\u2606eragon11145|u2\n|j|%Smudge\n|inactive|velcroc has 120 seconds left.\n|inactive|eragon11145 has 120 seconds left.\n|\n|t:|1698287942\n|start\n|switch|p1a: Cresselia|Cresselia, F|100\/100\n|switch|p1b: Palkia|Palkia-Origin|100\/100\n|switch|p2a: Calyrex|Calyrex-Shadow|100\/100\n|switch|p2b: Rayquaza|Rayquaza, shiny|100\/100\n|-ability|p2a: Calyrex|As One\n|-ability|p2a: Calyrex|Unnerve\n|-ability|p1b: Palkia|Pressure\n|-ability|p2b: Rayquaza|Air Lock\n|turn|1\n|inactive|velcroc has 120 seconds left.\n|\n|t:|1698287974\n|switch|p1b: Basculegion|Basculegion, M|100\/100\n|switch|p2b: Magearna|Magearna|100\/100\n|move|p2a: Calyrex|Snarl|p1a: Cresselia|[spread] p1a,p1b\n|-supereffective|p1a: Cresselia\n|-supereffective|p1b: Basculegion\n|-damage|p1a: Cresselia|84\/100\n|-damage|p1b: Basculegion|68\/100\n|-unboost|p1a: Cresselia|spa|1\n|-unboost|p1b: Basculegion|spa|1\n|move|p1a: Cresselia|Trick Room|p1a: Cresselia\n|-fieldstart|move: Trick Room|[of] p1a: Cresselia\n|\n|upkeep\n|turn|2\n|\n|t:|1698287997\n|switch|p1b: Kyogre|Kyogre|100\/100\n|-weather|RainDance|[from] ability: Drizzle|[of] p1b: Kyogre\n|switch|p2a: Annihilape|Annihilape, M|100\/100\n|move|p1a: Cresselia|Ally Switch|p1a: Cresselia\n|swap|p1a: Cresselia|1|[from] move: Ally Switch\n|move|p2b: Magearna|Dazzling Gleam|p1a: Kyogre|[spread] p1a,p1b\n|-damage|p1a: Kyogre|81\/100\n|-damage|p1b: Cresselia|69\/100\n|\n|-weather|RainDance|[upkeep]\n|upkeep\n|turn|3\n|\n|t:|1698288014\n|switch|p2b: Rillaboom|Rillaboom, M|100\/100\n|-fieldstart|move: Grassy Terrain|[from] ability: Grassy Surge|[of] p2b: Rillaboom\n|switch|p2a: Rayquaza|Rayquaza, shiny|100\/100\n|-ability|p2a: Rayquaza|Air Lock\n|move|p1b: Cresselia|Lunar Blessing|p1b: Cresselia|[spread] p1a,p1b\n|-heal|p1a: Kyogre|100\/100\n|-heal|p1b: Cresselia|94\/100\n|move|p1a: Kyogre|Origin Pulse|p2a: Rayquaza|[spread] p2a,p2b\n|-resisted|p2a: Rayquaza\n|-resisted|p2b: Rillaboom\n|-damage|p2a: Rayquaza|72\/100\n|-damage|p2b: Rillaboom|84\/100\n|\n|-weather|RainDance|[upkeep]\n|-heal|p2b: Rillaboom|90\/100|[from] Grassy Terrain\n|upkeep\n|turn|4\n|\n|t:|1698288035\n|switch|p1a: Zacian|Zacian-Crowned|100\/100\n|-ability|p1a: Zacian|Intrepid Sword|boost\n|-boost|p1a: Zacian|atk|1\n|detailschange|p2a: Rayquaza|Rayquaza-Mega, shiny\n|-weather|DeltaStream|[from] ability: Delta Stream|[of] p2a: Rayquaza\n|move|p2b: Rillaboom|Fake Out|p1a: Zacian\n|-resisted|p1a: Zacian\n|-damage|p1a: Zacian|94\/100\n|move|p1b: Cresselia|Ally Switch|p1b: Cresselia\n|swap|p1b: Cresselia|0|[from] move: Ally Switch\n|move|p2a: Rayquaza|Dragon Ascent|p1a: Cresselia\n|-damage|p1a: Cresselia|23\/100\n|-unboost|p2a: Rayquaza|def|1\n|-unboost|p2a: Rayquaza|spd|1\n|\n|-weather|DeltaStream|[upkeep]\n|-heal|p2b: Rillaboom|96\/100|[from] Grassy Terrain\n|-heal|p1b: Zacian|100\/100|[from] Grassy Terrain\n|upkeep\n|turn|5\n|\n|t:|1698288057\n|-weather|none\n|switch|p2a: Ho-Oh|Ho-Oh|100\/100\n|move|p1a: Cresselia|Ally Switch||[still]\n|-fail|p1a: Cresselia\n|move|p2b: Rillaboom|Grassy Glide|p1a: Cresselia\n|-damage|p1a: Cresselia|1\/100\n|move|p1b: Zacian|Behemoth Blade|p2a: Ho-Oh\n|-resisted|p2a: Ho-Oh\n|-damage|p2a: Ho-Oh|61\/100\n|\n|-heal|p2b: Rillaboom|100\/100|[from] Grassy Terrain\n|-fieldend|move: Trick Room\n|upkeep\n|turn|6\n|\n|t:|1698288072\n|switch|p1a: Kyogre|Kyogre|100\/100\n|-weather|RainDance|[from] ability: Drizzle|[of] p1a: Kyogre\n|move|p1b: Zacian|Wild Charge|p2a: Ho-Oh\n|-supereffective|p2a: Ho-Oh\n|-crit|p2a: Ho-Oh\n|-damage|p2a: Ho-Oh|0 fnt\n|faint|p2a: Ho-Oh\n|-damage|p1b: Zacian|81\/100|[from] Recoil\n|move|p2b: Rillaboom|U-turn|p1a: Kyogre\n|-damage|p1a: Kyogre|75\/100\n|\n|t:|1698288091\n|switch|p2b: Calyrex|Calyrex-Shadow|100\/100|[from] U-turn\n|-ability|p2b: Calyrex|As One\n|-ability|p2b: Calyrex|Unnerve\n|\n|-weather|RainDance|[upkeep]\n|-heal|p1b: Zacian|87\/100|[from] Grassy Terrain\n|-heal|p1a: Kyogre|81\/100|[from] Grassy Terrain\n|upkeep\n|inactive|eragon11145 has 120 seconds left.\n|\n|t:|1698288103\n|switch|p2a: Rillaboom|Rillaboom, M|100\/100\n|turn|7\n|inactive|velcroc has 120 seconds left.\n|\n|t:|1698288140\n|move|p1a: Kyogre|Protect|p1a: Kyogre\n|-singleturn|p1a: Kyogre|Protect\n|move|p2b: Calyrex|Will-O-Wisp|p1b: Zacian\n|-status|p1b: Zacian|brn\n|move|p1b: Zacian|Behemoth Blade|p2b: Calyrex\n|-damage|p2b: Calyrex|57\/100\n|move|p2a: Rillaboom|Wood Hammer|p1a: Kyogre\n|-activate|p1a: Kyogre|move: Protect\n|\n|-weather|RainDance|[upkeep]\n|-heal|p2b: Calyrex|63\/100|[from] Grassy Terrain\n|-heal|p1b: Zacian|93\/100 brn|[from] Grassy Terrain\n|-heal|p1a: Kyogre|87\/100|[from] Grassy Terrain\n|-damage|p1b: Zacian|87\/100 brn|[from] brn\n|-fieldend|move: Grassy Terrain\n|upkeep\n|turn|8\n|j| GreyZane4\n|inactive|velcroc has 120 seconds left.\n|\n|t:|1698288165\n|move|p2b: Calyrex|Snarl|p1b: Zacian|[spread] p1a,p1b\n|-resisted|p1b: Zacian\n|-damage|p1a: Kyogre|76\/100\n|-damage|p1b: Zacian|80\/100 brn\n|-unboost|p1a: Kyogre|spa|1\n|-unboost|p1b: Zacian|spa|1\n|move|p1b: Zacian|Behemoth Blade|p2a: Rillaboom\n|-damage|p2a: Rillaboom|64\/100\n|move|p1a: Kyogre|Ice Beam|p2a: Rillaboom\n|-supereffective|p2a: Rillaboom\n|-damage|p2a: Rillaboom|38\/100\n|move|p2a: Rillaboom|Wood Hammer|p1a: Kyogre\n|-supereffective|p1a: Kyogre\n|-damage|p1a: Kyogre|0 fnt\n|faint|p1a: Kyogre\n|-damage|p2a: Rillaboom|17\/100|[from] Recoil\n|\n|-weather|RainDance|[upkeep]\n|-damage|p1b: Zacian|74\/100 brn|[from] brn\n|upkeep\n|\n|t:|1698288177\n|switch|p1a: Palkia|Palkia-Origin|100\/100\n|-ability|p1a: Palkia|Pressure\n|turn|9\n|\n|t:|1698288189\n|switch|p2b: Magearna|Magearna|100\/100\n|switch|p1b: Basculegion|Basculegion, M|68\/100\n|switch|p2a: Annihilape|Annihilape, M|100\/100\n|-terastallize|p1a: Palkia|Water\n|move|p1a: Palkia|Surf|p2b: Magearna|[spread] p1b,p2a,p2b\n|-resisted|p1b: Basculegion\n|-damage|p1b: Basculegion|15\/100\n|-damage|p2a: Annihilape|36\/100\n|-damage|p2b: Magearna|32\/100\n|\n|-weather|RainDance|[upkeep]\n|-heal|p2a: Annihilape|42\/100|[from] item: Leftovers\n|-heal|p2b: Magearna|38\/100|[from] item: Leftovers\n|upkeep\n|turn|10\n|\n|t:|1698288203\n|move|p2a: Annihilape|Protect|p2a: Annihilape\n|-singleturn|p2a: Annihilape|Protect\n|move|p2b: Magearna|Protect|p2b: Magearna\n|-singleturn|p2b: Magearna|Protect\n|move|p1b: Basculegion|Flip Turn|p2a: Annihilape\n|-activate|p2a: Annihilape|move: Protect\n|move|p1a: Palkia|Surf|p2a: Annihilape|[spread] p1b\n|-activate|p2a: Annihilape|move: Protect\n|-activate|p2b: Magearna|move: Protect\n|-resisted|p1b: Basculegion\n|-damage|p1b: Basculegion|0 fnt\n|faint|p1b: Basculegion\n|-ability|p2b: Magearna|Soul-Heart|boost\n|-boost|p2b: Magearna|spa|1\n|\n|-weather|none\n|-heal|p2a: Annihilape|49\/100|[from] item: Leftovers\n|-heal|p2b: Magearna|44\/100|[from] item: Leftovers\n|upkeep\n|\n|t:|1698288211\n|switch|p1b: Zamazenta|Zamazenta|100\/100\n|-ability|p1b: Zamazenta|Dauntless Shield|boost\n|-boost|p1b: Zamazenta|def|1\n|turn|11\n|\n|t:|1698288224\n|move|p1b: Zamazenta|Protect|p1b: Zamazenta\n|-singleturn|p1b: Zamazenta|Protect\n|move|p1a: Palkia|Surf|p2b: Magearna|[spread] p2a,p2b\n|-activate|p1b: Zamazenta|move: Protect\n|-damage|p2a: Annihilape|0 fnt\n|-damage|p2b: Magearna|2\/100\n|faint|p2a: Annihilape\n|-ability|p2b: Magearna|Soul-Heart|boost\n|-boost|p2b: Magearna|spa|1\n|move|p2b: Magearna|Dazzling Gleam|p1a: Palkia|[spread] p1a\n|-activate|p1b: Zamazenta|move: Protect\n|-damage|p1a: Palkia|53\/100\n|\n|-heal|p2b: Magearna|8\/100|[from] item: Leftovers\n|upkeep\n|\n|t:|1698288231\n|switch|p2a: Rillaboom|Rillaboom, M|17\/100\n|-fieldstart|move: Grassy Terrain|[from] ability: Grassy Surge|[of] p2a: Rillaboom\n|turn|12\n|\n|t:|1698288237\n|switch|p1a: Zacian|Zacian-Crowned|74\/100 brn\n|move|p2a: Rillaboom|Grassy Glide|p1a: Zacian\n|-resisted|p1a: Zacian\n|-damage|p1a: Zacian|57\/100 brn\n|move|p1b: Zamazenta|Close Combat|p2b: Magearna\n|-damage|p2b: Magearna|0 fnt\n|-unboost|p1b: Zamazenta|def|1\n|-unboost|p1b: Zamazenta|spd|1\n|faint|p2b: Magearna\n|\n|-heal|p1a: Zacian|63\/100 brn|[from] Grassy Terrain\n|-heal|p2a: Rillaboom|23\/100|[from] Grassy Terrain\n|-damage|p1a: Zacian|57\/100 brn|[from] brn\n|upkeep\n|\n|t:|1698288242\n|switch|p2b: Calyrex|Calyrex-Shadow|63\/100\n|-ability|p2b: Calyrex|As One\n|-ability|p2b: Calyrex|Unnerve\n|turn|13\n|j| Molimoli2\n|l| Molimoli2\n|\n|t:|1698288266\n|switch|p1b: Cresselia|Cresselia, F|1\/100\n|move|p2a: Rillaboom|Grassy Glide|p1a: Zacian\n|-resisted|p1a: Zacian\n|-damage|p1a: Zacian|40\/100 brn\n|move|p2b: Calyrex|Astral Barrage|p1a: Zacian|[spread] p1a,p1b\n|-supereffective|p1b: Cresselia\n|-damage|p1a: Zacian|0 fnt\n|-damage|p1b: Cresselia|0 fnt\n|faint|p1a: Zacian\n|faint|p1b: Cresselia\n|-ability|p2b: Calyrex|Grim Neigh|boost\n|-boost|p2b: Calyrex|spa|2\n|\n|-heal|p2b: Calyrex|69\/100|[from] Grassy Terrain\n|-heal|p2a: Rillaboom|29\/100|[from] Grassy Terrain\n|upkeep\n|\n|t:|1698288279\n|switch|p1a: Zamazenta|Zamazenta|100\/100\n|switch|p1b: Palkia|Palkia-Origin, tera:Water|53\/100\n|-ability|p1b: Palkia|Pressure\n|turn|14\n|c|\u2606velcroc|gg\n|c|\u2606eragon11145|gg\n|-message|velcroc forfeited.\n|\n|win|eragon11145\n|n|\u2606velcroc|velcroc\n|n|\u2606eragon11145|eragon11145\n|n| Smudge|smudge\n|n| GreyZane4|greyzane4\n|l|\u2606velcroc\n|l| GreyZane4\n","uploadtime":1698288317,"views":14,"p1id":"velcroc","p2id":"eragon11145","formatid":"gen9nationaldexdoubles","rating":0,"private":0,"password":""}