{"id":"gen9nationaldexdoubles-1973608357","p1":"R.para ti","p2":"decidoustree","format":"[Gen 9] National Dex Doubles","log":"|j|\u2606R.para ti\n|j|\u2606decidoustree\n|t:|1697995706\n|gametype|doubles\n|player|p1|R.para ti|102|1220\n|player|p2|decidoustree|cheren-gen5bw2|1052\n|teamsize|p1|6\n|teamsize|p2|6\n|gen|9\n|tier|[Gen 9] National Dex Doubles\n|rated|\n|rule|HP Percentage Mod: HP is shown in percentages\n|rule|Endless Battle Clause: Forcing endless battles is banned\n|rule|OHKO Clause: OHKO moves are banned\n|rule|Evasion Moves Clause: Evasion moves are banned\n|rule|Evasion Abilities Clause: Evasion abilities are banned\n|rule|Species Clause: Limit one of each Pok\u00e9mon\n|rule|Gravity Sleep Clause: The combination of sleep-inducing moves with imperfect accuracy and Gravity or Gigantamax Orbeetle are banned\n|clearpoke\n|poke|p1|Meowstic, M|\n|poke|p1|Armarouge, M|\n|poke|p1|Alakazam, M|\n|poke|p1|Chi-Yu|\n|poke|p1|Chandelure, M|\n|poke|p1|Flutter Mane|\n|poke|p2|Jirachi|\n|poke|p2|Mismagius, F|\n|poke|p2|Audino, F|\n|poke|p2|Delphox, F|\n|poke|p2|Mienshao, M|\n|poke|p2|Altaria, F|\n|teampreview\n|\n|t:|1697995713\n|start\n|switch|p1a: Meowstic|Meowstic, M|100\/100\n|switch|p1b: Armarouge|Armarouge, M|100\/100\n|switch|p2a: Machiavellian Bach|Jirachi|100\/100\n|switch|p2b: Dont make lemonade|Mienshao, M|100\/100\n|turn|1\n|\n|t:|1697995736\n|-terastallize|p2b: Dont make lemonade|Dark\n|-terastallize|p1b: Armarouge|Dark\n|move|p2b: Dont make lemonade|Fake Out|p1b: Armarouge\n|-damage|p1b: Armarouge|85\/100\n|-ability|p1b: Armarouge|Weak Armor|boost\n|-unboost|p1b: Armarouge|def|1\n|-boost|p1b: Armarouge|spe|2\n|-damage|p2b: Dont make lemonade|91\/100|[from] item: Life Orb\n|cant|p1b: Armarouge|flinch\n|move|p1a: Meowstic|Power-Up Punch|p1b: Armarouge\n|-supereffective|p1b: Armarouge\n|-damage|p1b: Armarouge|72\/100\n|-boost|p1a: Meowstic|atk|1\n|-ability|p1b: Armarouge|Weak Armor|boost\n|-unboost|p1b: Armarouge|def|1\n|-boost|p1b: Armarouge|spe|2\n|-enditem|p1b: Armarouge|Weakness Policy\n|-boost|p1b: Armarouge|atk|2|[from] item: Weakness Policy\n|-boost|p1b: Armarouge|spa|2|[from] item: Weakness Policy\n|move|p2a: Machiavellian Bach|Cosmic Power|p2a: Machiavellian Bach\n|-boost|p2a: Machiavellian Bach|def|1\n|-boost|p2a: Machiavellian Bach|spd|1\n|\n|upkeep\n|turn|2\n|\n|t:|1697995783\n|move|p1a: Meowstic|Psychic Terrain|p1a: Meowstic\n|-fieldstart|move: Psychic Terrain\n|move|p1b: Armarouge|Aura Sphere|p2b: Dont make lemonade\n|-supereffective|p2b: Dont make lemonade\n|-damage|p2b: Dont make lemonade|0 fnt\n|faint|p2b: Dont make lemonade\n|move|p2a: Machiavellian Bach|Cosmic Power|p2a: Machiavellian Bach\n|-boost|p2a: Machiavellian Bach|def|1\n|-boost|p2a: Machiavellian Bach|spd|1\n|\n|upkeep\n|\n|t:|1697995799\n|switch|p2b: 9999999|Mismagius, F|100\/100\n|turn|3\n|\n|t:|1697995813\n|move|p1a: Meowstic|Sunny Day|p1a: Meowstic\n|-weather|SunnyDay\n|move|p1b: Armarouge|Heat Wave|p2a: Machiavellian Bach|[spread] p2a,p2b\n|-supereffective|p2a: Machiavellian Bach\n|-damage|p2a: Machiavellian Bach|39\/100\n|-damage|p2b: 9999999|25\/100\n|move|p2b: 9999999|Icy Wind|p1b: Armarouge|[spread] p1a,p1b\n|-crit|p1b: Armarouge\n|-damage|p1a: Meowstic|87\/100\n|-damage|p1b: Armarouge|57\/100\n|-unboost|p1a: Meowstic|spe|1\n|-unboost|p1b: Armarouge|spe|1\n|move|p2a: Machiavellian Bach|Cosmic Power|p2a: Machiavellian Bach\n|-boost|p2a: Machiavellian Bach|def|1\n|-boost|p2a: Machiavellian Bach|spd|1\n|\n|-weather|SunnyDay|[upkeep]\n|-heal|p2a: Machiavellian Bach|45\/100|[from] item: Leftovers\n|-heal|p1a: Meowstic|93\/100|[from] item: Leftovers\n|upkeep\n|turn|4\n|\n|t:|1697995843\n|switch|p1a: Chi-Yu|Chi-Yu|100\/100\n|-ability|p1a: Chi-Yu|Beads of Ruin\n|move|p1b: Armarouge|Heat Wave|p2b: 9999999|[spread] p2a\n|-miss|p1b: Armarouge|p2b: 9999999\n|-supereffective|p2a: Machiavellian Bach\n|-damage|p2a: Machiavellian Bach|0 fnt\n|faint|p2a: Machiavellian Bach\n|move|p2b: 9999999|Icy Wind|p1a: Chi-Yu|[spread] p1a,p1b\n|-resisted|p1a: Chi-Yu\n|-damage|p1a: Chi-Yu|93\/100\n|-damage|p1b: Armarouge|43\/100\n|-unboost|p1a: Chi-Yu|spe|1\n|-unboost|p1b: Armarouge|spe|1\n|\n|-weather|SunnyDay|[upkeep]\n|upkeep\n|\n|t:|1697995859\n|switch|p2a: Yes|Audino, F|100\/100\n|turn|5\n|inactive|Battle timer is ON: inactive players will automatically lose when time's up. (requested by R.para ti)\n|\n|t:|1697995889\n|move|p1b: Armarouge|Expanding Force|p2a: Yes|[spread] p2a,p2b\n|-damage|p2a: Yes|0 fnt\n|-damage|p2b: 9999999|0 fnt\n|faint|p2a: Yes\n|faint|p2b: 9999999\n|move|p1a: Chi-Yu|Fire Blast|p2: Yes|[notarget]\n|-fail|p1a: Chi-Yu\n|\n|-weather|SunnyDay|[upkeep]\n|upkeep\n|\n|t:|1697995898\n|switch|p2b: Fluffy|Altaria, F|100\/100\n|switch|p2a: Lemonade|Delphox, F|100\/100\n|turn|6\n|-message|decidoustree forfeited.\n|\n|win|R.para ti\n|raw|R.para ti's rating: 1220 &rarr; <strong>1234<\/strong><br \/>(+14 for winning)\n|raw|decidoustree's rating: 1052 &rarr; <strong>1042<\/strong><br \/>(-10 for losing)\n","uploadtime":1697995910,"views":11,"p1id":"rparati","p2id":"decidoustree","formatid":"gen9nationaldexdoubles","rating":1042,"private":0,"password":""}