{"id":"gen9nationaldexdoubles-1954408354","p1":"Falean","p2":"Koge Takashii","format":"[Gen 9] National Dex Doubles","log":"|j|\u2606Falean\n|j|\u2606Koge Takashii\n|t:|1695891729\n|gametype|doubles\n|player|p1|Falean|barry|1111\n|player|p2|Koge Takashii|jupiter|1251\n|teamsize|p1|6\n|teamsize|p2|6\n|gen|9\n|tier|[Gen 9] National Dex Doubles\n|rated|\n|rule|HP Percentage Mod: HP is shown in percentages\n|rule|Endless Battle Clause: Forcing endless battles is banned\n|rule|OHKO Clause: OHKO moves are banned\n|rule|Evasion Moves Clause: Evasion moves are banned\n|rule|Evasion Abilities Clause: Evasion abilities are banned\n|rule|Species Clause: Limit one of each Pok\u00e9mon\n|rule|Gravity Sleep Clause: The combination of sleep-inducing moves with imperfect accuracy and Gravity or Gigantamax Orbeetle are banned\n|clearpoke\n|poke|p1|Toxapex, F|\n|poke|p1|Tornadus-Therian, M|\n|poke|p1|Dipplin, M|\n|poke|p1|Gyarados, M|\n|poke|p1|Chien-Pao|\n|poke|p1|Crawdaunt, F|\n|poke|p2|Gholdengo|\n|poke|p2|Volbeat, M|\n|poke|p2|Tropius, M|\n|poke|p2|Illumise, F|\n|poke|p2|Charizard, M|\n|poke|p2|Tyranitar, M|\n|teampreview\n|inactive|Battle timer is ON: inactive players will automatically lose when time's up. (requested by Falean)\n|inactive|Koge Takashii has 120 seconds left.\n|\n|t:|1695891779\n|start\n|switch|p1a: Toxa|Toxapex, F|100\/100\n|switch|p1b: Sword|Chien-Pao|100\/100\n|switch|p2a: Gholdengo|Gholdengo, shiny|100\/100\n|switch|p2b: Volbeat|Volbeat, M, shiny|100\/100\n|-ability|p1b: Sword|Sword of Ruin\n|turn|1\n|inactive|Falean has 120 seconds left.\n|inactive|Koge Takashii has 120 seconds left.\n|\n|t:|1695891812\n|-terastallize|p2a: Gholdengo|Electric\n|move|p2b: Volbeat|Tailwind|p2b: Volbeat\n|-sidestart|p2: Koge Takashii|move: Tailwind\n|move|p2a: Gholdengo|Confuse Ray|p1b: Sword\n|-start|p1b: Sword|confusion\n|-activate|p1b: Sword|confusion\n|move|p1b: Sword|Ice Spinner|p2b: Volbeat\n|-damage|p2b: Volbeat|43\/100\n|-enditem|p2b: Volbeat|Red Card|[of] p1b: Sword\n|drag|p1b: Draka|Gyarados, M|100\/100\n|move|p1a: Toxa|Knock Off|p2a: Gholdengo\n|-damage|p2a: Gholdengo|82\/100\n|-enditem|p2a: Gholdengo|Focus Sash|[from] move: Knock Off|[of] p1a: Toxa\n|\n|upkeep\n|turn|2\n|inactive|Falean has 120 seconds left.\n|\n|t:|1695891842\n|detailschange|p1b: Draka|Gyarados-Mega, M\n|-mega|p1b: Draka|Gyarados|Gyaradosite\n|-ability|p1b: Draka|Mold Breaker\n|move|p1a: Toxa|Baneful Bunker|p1a: Toxa\n|-singleturn|p1a: Toxa|move: Protect\n|move|p2b: Volbeat|Thunder Wave|p1a: Toxa\n|-activate|p1a: Toxa|move: Protect\n|move|p2a: Gholdengo|Electro Ball|p1b: Draka\n|-supereffective|p1b: Draka\n|-damage|p1b: Draka|42\/100\n|move|p1b: Draka|Waterfall|p2a: Gholdengo\n|-damage|p2a: Gholdengo|20\/100\n|\n|upkeep\n|turn|3\n|inactive|Falean has 120 seconds left.\n|\n|t:|1695891869\n|switch|p1b: Sword|Chien-Pao|100\/100\n|-ability|p1b: Sword|Sword of Ruin\n|move|p2a: Gholdengo|Electro Ball|p1a: Toxa\n|-supereffective|p1a: Toxa\n|-damage|p1a: Toxa|0 fnt\n|faint|p1a: Toxa\n|move|p2b: Volbeat|U-turn|p1b: Sword\n|-supereffective|p1b: Sword\n|-damage|p1b: Sword|48\/100\n|inactive|Koge Takashii has 120 seconds left.\n|\n|t:|1695891889\n|switch|p2b: Charizard|Charizard, M, shiny|100\/100|[from] U-turn\n|\n|upkeep\n|\n|t:|1695891894\n|switch|p1a: Draka|Gyarados-Mega, M|42\/100\n|-ability|p1a: Draka|Mold Breaker\n|turn|4\n|inactive|Koge Takashii has 120 seconds left.\n|\n|t:|1695891931\n|switch|p2a: Illumise|Illumise, F|100\/100\n|detailschange|p2b: Charizard|Charizard-Mega-X, M, shiny\n|-mega|p2b: Charizard|Charizard|Charizardite X\n|move|p1b: Sword|Sucker Punch||[still]\n|-fail|p1b: Sword\n|move|p2b: Charizard|Flamethrower|p1b: Sword\n|-supereffective|p1b: Sword\n|-damage|p1b: Sword|0 fnt\n|faint|p1b: Sword\n|move|p1a: Draka|Waterfall|p2b: Charizard\n|-damage|p2b: Charizard|46\/100\n|\n|-sideend|p2: Koge Takashii|move: Tailwind\n|upkeep\n|\n|t:|1695891949\n|switch|p1b: Crabie|Crawdaunt, F|100\/100\n|turn|5\n|\n|t:|1695891966\n|-terastallize|p1b: Crabie|Water\n|move|p2a: Illumise|Sunny Day|p2a: Illumise\n|-weather|SunnyDay\n|move|p2b: Charizard|Flamethrower|p1b: Crabie\n|-resisted|p1b: Crabie\n|-damage|p1b: Crabie|21\/100\n|move|p1a: Draka|Rain Dance|p1a: Draka\n|-weather|RainDance\n|move|p1b: Crabie|Crabhammer|p2b: Charizard\n|-damage|p2b: Charizard|0 fnt\n|faint|p2b: Charizard\n|\n|-weather|RainDance|[upkeep]\n|upkeep\n|\n|t:|1695891979\n|switch|p2b: Tyranitar|Tyranitar, M, shiny|100\/100\n|-weather|Sandstorm|[from] ability: Sand Stream|[of] p2b: Tyranitar\n|turn|6\n|\n|t:|1695891999\n|move|p2a: Illumise|Tailwind|p2a: Illumise\n|-sidestart|p2: Koge Takashii|move: Tailwind\n|move|p2b: Tyranitar|Rock Slide|p1a: Draka|[spread] p1a,p1b\n|-damage|p1a: Draka|16\/100\n|-damage|p1b: Crabie|0 fnt\n|faint|p1b: Crabie\n|move|p1a: Draka|Waterfall|p2b: Tyranitar\n|-supereffective|p2b: Tyranitar\n|-damage|p2b: Tyranitar|5\/100\n|\n|-weather|Sandstorm|[upkeep]\n|-damage|p2a: Illumise|94\/100|[from] Sandstorm\n|-damage|p1a: Draka|10\/100|[from] Sandstorm\n|upkeep\n|\n|t:|1695892013\n|switch|p1b: Appie|Dipplin, M|100\/100\n|-ability|p1b: Appie|Supersweet Syrup\n|-ability|p1b: Appie|Supersweet Syrup|boost\n|-unboost|p2a: Illumise|evasion|1\n|-unboost|p2b: Tyranitar|evasion|1\n|turn|7\n|\n|t:|1695892034\n|switch|p1a: Windy|Tornadus-Therian, M|100\/100\n|move|p2a: Illumise|Sunny Day|p2a: Illumise\n|-weather|SunnyDay\n|move|p2b: Tyranitar|Rock Slide|p1b: Appie|[spread] p1a\n|-miss|p2b: Tyranitar|p1b: Appie\n|-supereffective|p1a: Windy\n|-damage|p1a: Windy|21\/100\n|move|p1b: Appie|Dragon Pulse|p2a: Illumise\n|-damage|p2a: Illumise|53\/100\n|-enditem|p2a: Illumise|Red Card|[of] p1b: Appie\n|drag|p1b: Draka|Gyarados-Mega, M|10\/100\n|-ability|p1b: Draka|Mold Breaker\n|\n|-weather|SunnyDay|[upkeep]\n|-heal|p1a: Windy|27\/100|[from] item: Leftovers\n|upkeep\n|turn|8\n|inactive|Falean has 120 seconds left.\n|\n|t:|1695892070\n|move|p2a: Illumise|Thunder Wave|p1a: Windy\n|-status|p1a: Windy|par\n|move|p2b: Tyranitar|Rock Slide|p1a: Windy|[spread] p1a,p1b\n|-supereffective|p1a: Windy\n|-damage|p1a: Windy|0 fnt\n|-damage|p1b: Draka|0 fnt\n|faint|p1a: Windy\n|faint|p1b: Draka\n|\n|-weather|SunnyDay|[upkeep]\n|upkeep\n|-message|Falean forfeited.\n|\n|win|Koge Takashii\n|raw|Falean's rating: 1111 &rarr; <strong>1096<\/strong><br \/>(-15 for losing)\n|raw|Koge Takashii's rating: 1251 &rarr; <strong>1266<\/strong><br \/>(+15 for winning)\n|l|\u2606Falean\n","uploadtime":1695892220,"views":13,"p1id":"falean","p2id":"kogetakashii","formatid":"gen9nationaldexdoubles","rating":1096,"private":0,"password":""}