{"id":"gen9nationaldexdoubles-1992500895","p1":"MikazukiRex_","p2":"Chaos92031","format":"[Gen 9] National Dex Doubles","log":"|j|\u2606MikazukiRex_\n|j|\u2606Chaos92031\n|t:|1700195700\n|gametype|doubles\n|player|p1|MikazukiRex_|ltsurge|\n|player|p2|Chaos92031|blue|\n|teamsize|p1|6\n|teamsize|p2|6\n|gen|9\n|tier|[Gen 9] National Dex Doubles\n|rule|HP Percentage Mod: HP is shown in percentages\n|rule|Endless Battle Clause: Forcing endless battles is banned\n|rule|OHKO Clause: OHKO moves are banned\n|rule|Evasion Moves Clause: Evasion moves are banned\n|rule|Evasion Abilities Clause: Evasion abilities are banned\n|rule|Species Clause: Limit one of each Pok\u00e9mon\n|rule|Gravity Sleep Clause: The combination of sleep-inducing moves with imperfect accuracy and Gravity or Gigantamax Orbeetle are banned\n|clearpoke\n|poke|p1|Skeledirge, M|\n|poke|p1|Meowscarada, F|\n|poke|p1|Grimmsnarl, M|\n|poke|p1|Chien-Pao|\n|poke|p1|Garganacl, F|\n|poke|p1|Maushold|\n|poke|p2|Charizard, F|\n|poke|p2|Chi-Yu|\n|poke|p2|Flutter Mane|\n|poke|p2|Whimsicott, M|\n|poke|p2|Kingambit, M|\n|poke|p2|Landorus-Therian, M|\n|teampreview\n|\n|t:|1700195715\n|start\n|switch|p1a: Grimmsnarl|Grimmsnarl, M|100\/100\n|switch|p1b: Skeledirge|Skeledirge, M|100\/100\n|switch|p2a: Whimsicott|Whimsicott, M|100\/100\n|switch|p2b: Landorus|Landorus-Therian, M|100\/100\n|-ability|p2b: Landorus|Intimidate|boost\n|-unboost|p1a: Grimmsnarl|atk|1\n|-unboost|p1b: Skeledirge|atk|1\n|turn|1\n|\n|t:|1700195733\n|move|p2a: Whimsicott|Tailwind|p2a: Whimsicott\n|-sidestart|p2: Chaos92031|move: Tailwind\n|move|p1a: Grimmsnarl|Reflect|p1a: Grimmsnarl\n|-sidestart|p1: MikazukiRex_|Reflect\n|-zpower|p2b: Landorus\n|move|p2b: Landorus|Tectonic Rage|p1b: Skeledirge|[zeffect]\n|-supereffective|p1b: Skeledirge\n|-damage|p1b: Skeledirge|0 fnt\n|faint|p1b: Skeledirge\n|\n|upkeep\n|\n|t:|1700195743\n|switch|p1b: Garganacl|Garganacl, F|100\/100\n|turn|2\n|\n|t:|1700195756\n|move|p2a: Whimsicott|Taunt|p1b: Garganacl\n|-start|p1b: Garganacl|move: Taunt\n|move|p1a: Grimmsnarl|Light Screen|p1a: Grimmsnarl\n|-sidestart|p1: MikazukiRex_|move: Light Screen\n|move|p2b: Landorus|Defog|p1a: Grimmsnarl\n|-unboost|p1a: Grimmsnarl|evasion|1\n|-sideend|p1: MikazukiRex_|Reflect\n|-sideend|p1: MikazukiRex_|move: Light Screen\n|cant|p1b: Garganacl|move: Taunt|Iron Defense\n|\n|upkeep\n|turn|3\n|c|\u2606MikazukiRex_|shtt forgot z moves are allowed\n|c|\u2606Chaos92031|rip\n|\n|t:|1700195781\n|move|p2a: Whimsicott|Encore||[still]\n|-fail|p2a: Whimsicott\n|move|p2b: Landorus|Stealth Rock|p1a: Grimmsnarl\n|-sidestart|p1: MikazukiRex_|move: Stealth Rock\n|move|p1a: Grimmsnarl|Spirit Break|p2b: Landorus\n|-damage|p2b: Landorus|82\/100\n|-unboost|p2b: Landorus|spa|1\n|move|p1b: Garganacl|Salt Cure|p2b: Landorus\n|-damage|p2b: Landorus|68\/100\n|-start|p2b: Landorus|Salt Cure\n|\n|-damage|p2b: Landorus|56\/100|[from] Salt Cure\n|upkeep\n|turn|4\n|\n|t:|1700195803\n|move|p2a: Whimsicott|Moonblast|p1a: Grimmsnarl\n|-supereffective|p1a: Grimmsnarl\n|-damage|p1a: Grimmsnarl|56\/100\n|move|p2b: Landorus|U-turn|p1a: Grimmsnarl\n|-damage|p1a: Grimmsnarl|33\/100\n|\n|t:|1700195811\n|switch|p2b: Kingambit|Kingambit, M|100\/100|[from] U-turn\n|move|p1a: Grimmsnarl|Spirit Break|p2b: Kingambit\n|-damage|p2b: Kingambit|85\/100\n|-unboost|p2b: Kingambit|spa|1\n|-ability|p2b: Kingambit|Defiant|boost\n|-boost|p2b: Kingambit|atk|2\n|move|p1b: Garganacl|Body Press|p2b: Kingambit\n|-supereffective|p2b: Kingambit\n|-damage|p2b: Kingambit|18\/100\n|\n|-end|p1b: Garganacl|move: Taunt\n|-sideend|p2: Chaos92031|move: Tailwind\n|upkeep\n|turn|5\n|\n|t:|1700195833\n|move|p2a: Whimsicott|Tailwind|p2a: Whimsicott\n|-sidestart|p2: Chaos92031|move: Tailwind\n|move|p1a: Grimmsnarl|Parting Shot|p2b: Kingambit\n|-hint|Since gen 7, Dark is immune to Prankster moves.\n|-immune|p2b: Kingambit\n|move|p2b: Kingambit|Iron Head|p1b: Garganacl\n|-supereffective|p1b: Garganacl\n|-crit|p1b: Garganacl\n|-damage|p1b: Garganacl|0 fnt\n|faint|p1b: Garganacl\n|\n|upkeep\n|c|\u2606MikazukiRex_|lmao forgot again\n|c|\u2606MikazukiRex_|oh well\n|c|\u2606Chaos92031|XD\n|c|\u2606MikazukiRex_|not feeling it\n|c|\u2606Chaos92031|its ok\n|\n|t:|1700195851\n|switch|p1b: Meowscarada|Meowscarada, F|100\/100\n|-damage|p1b: Meowscarada|88\/100|[from] Stealth Rock\n|turn|6\n|c|\u2606MikazukiRex_|super tired lmao\n|c|\u2606Chaos92031|same bro\n|\n|t:|1700195879\n|move|p2b: Kingambit|Sucker Punch|p1b: Meowscarada\n|-resisted|p1b: Meowscarada\n|-damage|p1b: Meowscarada|27\/100\n|move|p2a: Whimsicott|Moonblast|p1a: Grimmsnarl\n|-supereffective|p1a: Grimmsnarl\n|-crit|p1a: Grimmsnarl\n|-damage|p1a: Grimmsnarl|0 fnt\n|faint|p1a: Grimmsnarl\n|move|p1b: Meowscarada|Flower Trick|p2b: Kingambit\n|-resisted|p2b: Kingambit\n|-crit|p2b: Kingambit\n|-damage|p2b: Kingambit|0 fnt\n|faint|p2b: Kingambit\n|\n|upkeep\n|\n|t:|1700195897\n|switch|p1a: Chien-Pao|Chien-Pao|100\/100\n|switch|p2b: Flutter Mane|Flutter Mane|100\/100\n|-damage|p1a: Chien-Pao|76\/100|[from] Stealth Rock\n|-ability|p1a: Chien-Pao|Sword of Ruin\n|turn|7\n|\n|t:|1700195918\n|move|p1a: Chien-Pao|Protect|p1a: Chien-Pao\n|-singleturn|p1a: Chien-Pao|Protect\n|move|p1b: Meowscarada|Sucker Punch|p2b: Flutter Mane\n|-damage|p2b: Flutter Mane|30\/100\n|move|p2a: Whimsicott|Moonblast|p1a: Chien-Pao\n|-activate|p1a: Chien-Pao|move: Protect\n|move|p2b: Flutter Mane|Dazzling Gleam|p1a: Chien-Pao|[spread] p1b\n|-activate|p1a: Chien-Pao|move: Protect\n|-supereffective|p1b: Meowscarada\n|-damage|p1b: Meowscarada|0 fnt\n|faint|p1b: Meowscarada\n|\n|upkeep\n|\n|t:|1700195930\n|switch|p1b: Maushold|Maushold|100\/100\n|-damage|p1b: Maushold|88\/100|[from] Stealth Rock\n|turn|8\n|\n|t:|1700195963\n|-terastallize|p2a: Whimsicott|Steel\n|move|p2a: Whimsicott|Moonblast|p1a: Chien-Pao\n|-supereffective|p1a: Chien-Pao\n|-damage|p1a: Chien-Pao|9\/100\n|move|p2b: Flutter Mane|Dazzling Gleam|p1a: Chien-Pao|[spread] p1a,p1b\n|-supereffective|p1a: Chien-Pao\n|-damage|p1a: Chien-Pao|0 fnt\n|-damage|p1b: Maushold|30\/100\n|faint|p1a: Chien-Pao\n|move|p1b: Maushold|Tidy Up|p1b: Maushold\n|-sideend|p1: MikazukiRex_|Stealth Rock\n|-activate|p1b: Maushold|move: Tidy Up\n|-boost|p1b: Maushold|atk|1\n|-boost|p1b: Maushold|spe|1\n|\n|-sideend|p2: Chaos92031|move: Tailwind\n|upkeep\n|turn|9\n|c|\u2606Chaos92031|gg\n|\n|t:|1700195979\n|move|p2a: Whimsicott|Encore|p1b: Maushold\n|-start|p1b: Maushold|Encore\n|move|p1b: Maushold|Tidy Up|p1b: Maushold\n|-boost|p1b: Maushold|atk|1\n|-boost|p1b: Maushold|spe|1\n|move|p2b: Flutter Mane|Dazzling Gleam|p1b: Maushold\n|-damage|p1b: Maushold|0 fnt\n|faint|p1b: Maushold\n|\n|win|Chaos92031\n|c|\u2606MikazukiRex_|yea. oh well\n|c|\u2606MikazukiRex_|ggs\n|c|\u2606Chaos92031|ggs\n","uploadtime":1700196000,"views":12,"p1id":"mikazukirex","p2id":"chaos92031","formatid":"gen9nationaldexdoubles","rating":0,"private":0,"password":""}