{"id":"gen9nationaldexdoubles-1969894896","p1":"Beyond Subzero","p2":"kooflah","format":"[Gen 9] National Dex Doubles","log":"|j|\u2606Beyond Subzero\n|j|\u2606kooflah\n|t:|1697573899\n|gametype|doubles\n|player|p1|Beyond Subzero|pokemaniac|1334\n|player|p2|kooflah|1|1300\n|teamsize|p1|6\n|teamsize|p2|6\n|gen|9\n|tier|[Gen 9] National Dex Doubles\n|rated|\n|rule|HP Percentage Mod: HP is shown in percentages\n|rule|Endless Battle Clause: Forcing endless battles is banned\n|rule|OHKO Clause: OHKO moves are banned\n|rule|Evasion Moves Clause: Evasion moves are banned\n|rule|Evasion Abilities Clause: Evasion abilities are banned\n|rule|Species Clause: Limit one of each Pok\u00e9mon\n|rule|Gravity Sleep Clause: The combination of sleep-inducing moves with imperfect accuracy and Gravity or Gigantamax Orbeetle are banned\n|clearpoke\n|poke|p1|Deoxys-Attack|\n|poke|p1|Swampert, M|\n|poke|p1|Politoed, F|\n|poke|p1|Kyurem-Black|\n|poke|p1|Tornadus, M|\n|poke|p1|Urshifu-*, F|\n|poke|p2|Gardevoir, F|\n|poke|p2|Thundurus, M|\n|poke|p2|Landorus-Therian, M|\n|poke|p2|Aegislash, F|\n|poke|p2|Chi-Yu|\n|poke|p2|Sinistcha-Masterpiece|\n|teampreview\n|inactive|Battle timer is ON: inactive players will automatically lose when time's up. (requested by Beyond Subzero)\n|inactive|Beyond Subzero has 120 seconds left.\n|\n|t:|1697573952\n|start\n|switch|p1a: Politoed|Politoed, F|100\/100\n|switch|p1b: Deoxys|Deoxys-Attack|100\/100\n|switch|p2a: Sinistcha|Sinistcha-Masterpiece, shiny|100\/100\n|switch|p2b: Chi-Yu|Chi-Yu|100\/100\n|-ability|p1b: Deoxys|Pressure\n|-ability|p2b: Chi-Yu|Beads of Ruin\n|-weather|RainDance|[from] ability: Drizzle|[of] p1a: Politoed\n|turn|1\n|inactive|Beyond Subzero has 120 seconds left.\n|inactive|Beyond Subzero has 90 seconds left.\n|inactive|Beyond Subzero has 60 seconds left.\n|\n|t:|1697574052\n|-terastallize|p2b: Chi-Yu|Grass\n|move|p2a: Sinistcha|Rage Powder|p2a: Sinistcha\n|-singleturn|p2a: Sinistcha|move: Rage Powder\n|move|p1b: Deoxys|Substitute|p1b: Deoxys\n|-start|p1b: Deoxys|Substitute\n|-damage|p1b: Deoxys|76\/100\n|move|p2b: Chi-Yu|Tera Blast|p1a: Politoed|[anim] Tera Blast Grass\n|-supereffective|p1a: Politoed\n|-damage|p1a: Politoed|0 fnt\n|faint|p1a: Politoed\n|-damage|p2b: Chi-Yu|91\/100|[from] item: Life Orb\n|\n|-weather|RainDance|[upkeep]\n|upkeep\n|\n|t:|1697574068\n|switch|p1a: Kyurem|Kyurem-Black, shiny|100\/100\n|-ability|p1a: Kyurem|Teravolt\n|turn|2\n|inactive|Beyond Subzero has 60 seconds left.\n|\n|t:|1697574089\n|move|p1a: Kyurem|Protect|p1a: Kyurem\n|-singleturn|p1a: Kyurem|Protect\n|move|p2a: Sinistcha|Rage Powder|p2a: Sinistcha\n|-singleturn|p2a: Sinistcha|move: Rage Powder\n|-zpower|p1b: Deoxys\n|move|p1b: Deoxys|Shattered Psyche|p2a: Sinistcha|[zeffect]\n|-damage|p2a: Sinistcha|0 fnt\n|faint|p2a: Sinistcha\n|move|p2b: Chi-Yu|Heat Wave|p1b: Deoxys|[spread] p1b\n|-activate|p1a: Kyurem|move: Protect\n|-end|p1b: Deoxys|Substitute\n|-damage|p2b: Chi-Yu|81\/100|[from] item: Life Orb\n|\n|-weather|RainDance|[upkeep]\n|upkeep\n|\n|t:|1697574108\n|switch|p2a: Aegislash|Aegislash, F|100\/100\n|turn|3\n|\n|t:|1697574124\n|move|p2b: Chi-Yu|Protect|p2b: Chi-Yu\n|-singleturn|p2b: Chi-Yu|Protect\n|move|p1b: Deoxys|Substitute|p1b: Deoxys\n|-start|p1b: Deoxys|Substitute\n|-damage|p1b: Deoxys|51\/100\n|move|p1a: Kyurem|Dragon Dance|p1a: Kyurem\n|-boost|p1a: Kyurem|atk|1\n|-boost|p1a: Kyurem|spe|1\n|-formechange|p2a: Aegislash|Aegislash-Blade||[from] ability: Stance Change\n|move|p2a: Aegislash|Shadow Ball|p1b: Deoxys\n|-supereffective|p1b: Deoxys\n|-end|p1b: Deoxys|Substitute\n|\n|-weather|RainDance|[upkeep]\n|upkeep\n|turn|4\n|inactive|Beyond Subzero has 90 seconds left.\n|\n|t:|1697574149\n|-formechange|p2a: Aegislash|Aegislash||[from] ability: Stance Change\n|move|p2a: Aegislash|King's Shield|p2a: Aegislash\n|-singleturn|p2a: Aegislash|Protect\n|move|p1b: Deoxys|Psycho Boost|p2b: Chi-Yu\n|-damage|p2b: Chi-Yu|0 fnt\n|-unboost|p1b: Deoxys|spa|2\n|faint|p2b: Chi-Yu\n|move|p1a: Kyurem|Fusion Bolt|p2a: Aegislash\n|-activate|p2a: Aegislash|move: Protect\n|\n|-weather|RainDance|[upkeep]\n|upkeep\n|inactive|kooflah has 120 seconds left.\n|\n|t:|1697574164\n|switch|p2b: Landorus|Landorus-Therian, M|100\/100\n|-ability|p2b: Landorus|Intimidate|boost\n|-fail|p1a: Kyurem|unboost|[from] item: Clear Amulet|[of] p1a: Kyurem\n|-unboost|p1b: Deoxys|atk|1\n|turn|5\n|inactive|Beyond Subzero has 90 seconds left.\n|\n|t:|1697574181\n|move|p1b: Deoxys|Protect|p1b: Deoxys\n|-singleturn|p1b: Deoxys|Protect\n|move|p2b: Landorus|Stone Edge|p1a: Kyurem|[miss]\n|-miss|p2b: Landorus|p1a: Kyurem\n|move|p1a: Kyurem|Icicle Spear|p2b: Landorus\n|-supereffective|p2b: Landorus\n|-damage|p2b: Landorus|0 fnt\n|faint|p2b: Landorus\n|-hitcount|p2: Landorus|1\n|-formechange|p2a: Aegislash|Aegislash-Blade||[from] ability: Stance Change\n|move|p2a: Aegislash|Shadow Ball|p1b: Deoxys\n|-activate|p1b: Deoxys|move: Protect\n|\n|-weather|none\n|upkeep\n|-message|kooflah forfeited.\n|\n|win|Beyond Subzero\n|raw|Beyond Subzero's rating: 1334 &rarr; <strong>1352<\/strong><br \/>(+18 for winning)\n|raw|kooflah's rating: 1300 &rarr; <strong>1277<\/strong><br \/>(-23 for losing)\n|l|\u2606kooflah\n","uploadtime":1697574225,"views":8,"p1id":"beyondsubzero","p2id":"kooflah","formatid":"gen9nationaldexdoubles","rating":1277,"private":0,"password":""}