{"id":"gen9nationaldexdoubles-1985784611","p1":"Boltundover","p2":"DullAxe","format":"[Gen 9] National Dex Doubles","log":"|j|\u2606Boltundover\n|j|\u2606DullAxe\n|t:|1699405816\n|gametype|doubles\n|player|p1|Boltundover|leaf-masters|1219\n|player|p2|DullAxe|zinzolin|1206\n|teamsize|p1|6\n|teamsize|p2|6\n|gen|9\n|tier|[Gen 9] National Dex Doubles\n|rated|\n|rule|HP Percentage Mod: HP is shown in percentages\n|rule|Endless Battle Clause: Forcing endless battles is banned\n|rule|OHKO Clause: OHKO moves are banned\n|rule|Evasion Moves Clause: Evasion moves are banned\n|rule|Evasion Abilities Clause: Evasion abilities are banned\n|rule|Species Clause: Limit one of each Pok\u00e9mon\n|rule|Gravity Sleep Clause: The combination of sleep-inducing moves with imperfect accuracy and Gravity or Gigantamax Orbeetle are banned\n|clearpoke\n|poke|p1|Charizard, M|\n|poke|p1|Kingambit, F|\n|poke|p1|Minun, F|\n|poke|p1|Clefairy, F|\n|poke|p1|Mimikyu, M|\n|poke|p1|Heatran, M|\n|poke|p2|Manaphy|\n|poke|p2|Flamigo, F|\n|poke|p2|Ogerpon-Cornerstone, F|\n|poke|p2|Clodsire, M|\n|poke|p2|Pelipper, F|\n|poke|p2|Kingambit, M|\n|teampreview\n|inactive|Battle timer is ON: inactive players will automatically lose when time's up. (requested by DullAxe)\n|c|\u2606DullAxe|i hope its not boltundover\n|\n|t:|1699405836\n|start\n|switch|p1a: Clefairy|Clefairy, F|100\/100\n|switch|p1b: Mimikyu|Mimikyu, M|100\/100\n|switch|p2a: Manaphy|Manaphy|100\/100\n|switch|p2b: Ogerpon|Ogerpon-Cornerstone, F|100\/100\n|turn|1\n|c|\u2606Boltundover|lmao I made this account to use a shitty singles boltund stall team\n|c|\u2606DullAxe|lol\n|inactive|Boltundover has 120 seconds left.\n|\n|t:|1699405870\n|move|p1b: Mimikyu|Snatch|p1b: Mimikyu\n|-singleturn|p1b: Mimikyu|Snatch\n|move|p1a: Clefairy|Follow Me|p1a: Clefairy\n|-singleturn|p1a: Clefairy|move: Follow Me\n|move|p2b: Ogerpon|Ivy Cudgel|p1a: Clefairy\n|-damage|p1a: Clefairy|37\/100\n|move|p2a: Manaphy|Tail Glow|p2a: Manaphy\n|-activate|p1b: Mimikyu|move: Snatch|[of] p2a: Manaphy\n|move|p1b: Mimikyu|Tail Glow|p1b: Mimikyu|[from]Snatch\n|-boost|p1b: Mimikyu|spa|3\n|\n|upkeep\n|turn|2\n|c|\u2606DullAxe|i didnt know mimikyu could learn that\n|inactive|DullAxe has 120 seconds left.\n|\n|t:|1699405910\n|switch|p2b: Clodsire|Clodsire, M|100\/100\n|move|p2a: Manaphy|Surf|p1b: Mimikyu|[spread] p1a,p1b\n|-immune|p2b: Clodsire|[from] ability: Water Absorb\n|-damage|p1a: Clefairy|19\/100\n|-activate|p1b: Mimikyu|ability: Disguise\n|-damage|p1b: Mimikyu|100\/100\n|detailschange|p1b: Mimikyu|Mimikyu-Busted, M\n|-damage|p1b: Mimikyu|88\/100|[from] pokemon: Mimikyu-Busted\n|-enditem|p1b: Mimikyu|Red Card|[of] p2a: Manaphy\n|drag|p2a: Pelipper|Pelipper, F|100\/100\n|-weather|RainDance|[from] ability: Drizzle|[of] p2a: Pelipper\n|move|p1a: Clefairy|Life Dew|p1a: Clefairy|[spread] p1a,p1b\n|-heal|p1a: Clefairy|44\/100\n|-heal|p1b: Mimikyu|100\/100\n|move|p1b: Mimikyu|Trick Room|p1b: Mimikyu\n|-fieldstart|move: Trick Room|[of] p1b: Mimikyu\n|\n|-weather|RainDance|[upkeep]\n|upkeep\n|turn|3\n|inactive|DullAxe has 120 seconds left.\n|\n|t:|1699405936\n|move|p1b: Mimikyu|Snatch|p1b: Mimikyu\n|-singleturn|p1b: Mimikyu|Snatch\n|move|p1a: Clefairy|Belly Drum|p1a: Clefairy\n|-activate|p1b: Mimikyu|move: Snatch|[of] p1a: Clefairy\n|move|p1b: Mimikyu|Belly Drum|p1b: Mimikyu|[from]Snatch\n|-damage|p1b: Mimikyu|50\/100\n|-setboost|p1b: Mimikyu|atk|6|[from] move: Belly Drum\n|move|p2b: Clodsire|Earth Power|p1a: Clefairy\n|-damage|p1a: Clefairy|33\/100\n|move|p2a: Pelipper|Hurricane|p1a: Clefairy\n|-damage|p1a: Clefairy|10\/100\n|\n|-weather|RainDance|[upkeep]\n|upkeep\n|turn|4\n|c|\u2606DullAxe|holy\n|inactive|DullAxe has 120 seconds left.\n|c|\u2606DullAxe|i shouldve ran haze\n|c|\u2606Boltundover|rip\n|\n|t:|1699405968\n|move|p1a: Clefairy|Life Dew|p1a: Clefairy|[spread] p1a,p1b\n|-heal|p1a: Clefairy|35\/100\n|-heal|p1b: Mimikyu|76\/100\n|move|p2b: Clodsire|Toxic|p1b: Mimikyu\n|-status|p1b: Mimikyu|tox\n|move|p2a: Pelipper|Hurricane|p1a: Clefairy\n|-damage|p1a: Clefairy|12\/100\n|move|p1b: Mimikyu|Drain Punch|p2b: Clodsire\n|-resisted|p2b: Clodsire\n|-damage|p2b: Clodsire|47\/100\n|-heal|p1b: Mimikyu|100\/100 tox|[from] drain|[of] p2b: Clodsire\n|\n|-weather|RainDance|[upkeep]\n|-heal|p2b: Clodsire|53\/100|[from] item: Black Sludge\n|-damage|p1b: Mimikyu|94\/100 tox|[from] psn\n|upkeep\n|turn|5\n|inactive|DullAxe has 120 seconds left.\n|\n|t:|1699405987\n|move|p1a: Clefairy|Life Dew|p1a: Clefairy|[spread] p1a,p1b\n|-heal|p1a: Clefairy|38\/100\n|-heal|p1b: Mimikyu|100\/100 tox\n|move|p2b: Clodsire|Stealth Rock|p1b: Mimikyu\n|-sidestart|p1: Boltundover|move: Stealth Rock\n|move|p2a: Pelipper|Hurricane|p1a: Clefairy\n|-damage|p1a: Clefairy|15\/100\n|move|p1b: Mimikyu|Drain Punch|p2b: Clodsire\n|-resisted|p2b: Clodsire\n|-damage|p2b: Clodsire|6\/100\n|\n|-weather|RainDance|[upkeep]\n|-heal|p2b: Clodsire|12\/100|[from] item: Black Sludge\n|-damage|p1b: Mimikyu|88\/100 tox|[from] psn\n|upkeep\n|turn|6\n|\n|t:|1699406001\n|move|p1b: Mimikyu|Shadow Sneak|p2b: Clodsire\n|-damage|p2b: Clodsire|0 fnt\n|faint|p2b: Clodsire\n|move|p1a: Clefairy|Life Dew|p1a: Clefairy|[spread] p1a,p1b\n|-heal|p1a: Clefairy|40\/100\n|-heal|p1b: Mimikyu|100\/100 tox\n|move|p2a: Pelipper|Hurricane|p1a: Clefairy\n|-damage|p1a: Clefairy|19\/100\n|\n|-weather|RainDance|[upkeep]\n|-damage|p1b: Mimikyu|82\/100 tox|[from] psn\n|-fieldend|move: Trick Room\n|upkeep\n|\n|t:|1699406016\n|switch|p2b: Kingambit|Kingambit, M|100\/100\n|-activate|p2b: Kingambit|ability: Supreme Overlord\n|-start|p2b: Kingambit|fallen1|[silent]\n|turn|7\n|\n|t:|1699406026\n|move|p1a: Clefairy|Follow Me|p1a: Clefairy\n|-singleturn|p1a: Clefairy|move: Follow Me\n|move|p1b: Mimikyu|Drain Punch|p2b: Kingambit\n|-supereffective|p2b: Kingambit\n|-damage|p2b: Kingambit|0 fnt\n|-heal|p1b: Mimikyu|100\/100 tox|[from] drain|[of] p2b: Kingambit\n|faint|p2b: Kingambit\n|-end|p2b: Kingambit|fallen1|[silent]\n|move|p2a: Pelipper|U-turn|p1a: Clefairy\n|-resisted|p1a: Clefairy\n|-damage|p1a: Clefairy|14\/100\n|c|\u2606DullAxe|gg\n|c|\u2606DullAxe|wp\n|c|\u2606Boltundover|gg\n|-message|DullAxe forfeited.\n|\n|win|Boltundover\n|raw|Boltundover's rating: 1219 &rarr; <strong>1243<\/strong><br \/>(+24 for winning)\n|raw|DullAxe's rating: 1206 &rarr; <strong>1182<\/strong><br \/>(-24 for losing)\n","uploadtime":1699406040,"views":6,"p1id":"boltundover","p2id":"dullaxe","formatid":"gen9nationaldexdoubles","rating":1182,"private":0,"password":""}