{"id":"gen9nationaldexdoubles-1990856841","p1":"lachlan008","p2":"GABRIELRCS48","format":"[Gen 9] National Dex Doubles","log":"|j|\u2606lachlan008\n|j|\u2606GABRIELRCS48\n|t:|1700008170\n|gametype|doubles\n|player|p1|lachlan008|larry|1078\n|player|p2|GABRIELRCS48|dragontamer|1086\n|teamsize|p1|6\n|teamsize|p2|6\n|gen|9\n|tier|[Gen 9] National Dex Doubles\n|rated|\n|rule|HP Percentage Mod: HP is shown in percentages\n|rule|Endless Battle Clause: Forcing endless battles is banned\n|rule|OHKO Clause: OHKO moves are banned\n|rule|Evasion Moves Clause: Evasion moves are banned\n|rule|Evasion Abilities Clause: Evasion abilities are banned\n|rule|Species Clause: Limit one of each Pok\u00e9mon\n|rule|Gravity Sleep Clause: The combination of sleep-inducing moves with imperfect accuracy and Gravity or Gigantamax Orbeetle are banned\n|clearpoke\n|poke|p1|Grapploct, M|\n|poke|p1|Lurantis, M|\n|poke|p1|Dusclops, F|\n|poke|p1|Sigilyph, M|\n|poke|p1|Clefable, F|\n|poke|p1|Metagross|\n|poke|p2|Sableye, F|\n|poke|p2|Shiinotic, M|\n|poke|p2|Conkeldurr, M|\n|poke|p2|Camerupt, M|\n|poke|p2|Octillery, M|\n|poke|p2|Ursaluna, F|\n|teampreview\n|\n|t:|1700008175\n|start\n|switch|p1a: Grapploct|Grapploct, M|100\/100\n|switch|p1b: Lurantis|Lurantis, M|100\/100\n|switch|p2a: Sableye|Sableye, F|100\/100\n|switch|p2b: Shiinotic|Shiinotic, M|100\/100\n|turn|1\n|\n|t:|1700008183\n|move|p2a: Sableye|Skill Swap|p2b: Shiinotic\n|-activate|p2a: Sableye|move: Skill Swap|||[of] p2b: Shiinotic\n|move|p2b: Shiinotic|Spore|p1a: Grapploct\n|-status|p1a: Grapploct|slp|[from] move: Spore\n|move|p1b: Lurantis|Knock Off|p2b: Shiinotic\n|-resisted|p2b: Shiinotic\n|-damage|p2b: Shiinotic|86\/100\n|-enditem|p2b: Shiinotic|Leftovers|[from] move: Knock Off|[of] p1b: Lurantis\n|cant|p1a: Grapploct|slp\n|\n|upkeep\n|turn|2\n|\n|t:|1700008198\n|move|p2b: Shiinotic|Substitute|p2b: Shiinotic\n|-start|p2b: Shiinotic|Substitute\n|-damage|p2b: Shiinotic|61\/100\n|move|p2a: Sableye|Will-O-Wisp|p1b: Lurantis\n|-status|p1b: Lurantis|brn\n|move|p1b: Lurantis|Knock Off|p2a: Sableye\n|-crit|p2a: Sableye\n|-damage|p2a: Sableye|74\/100\n|-enditem|p2a: Sableye|Focus Sash|[from] move: Knock Off|[of] p1b: Lurantis\n|cant|p1a: Grapploct|slp\n|\n|-damage|p1b: Lurantis|94\/100 brn|[from] brn\n|upkeep\n|turn|3\n|\n|t:|1700008218\n|move|p2b: Shiinotic|After You|p2a: Sableye\n|-activate|p2a: Sableye|move: After You\n|move|p2a: Sableye|Encore|p1b: Lurantis\n|-start|p1b: Lurantis|Encore\n|move|p1b: Lurantis|Knock Off|p2a: Sableye\n|-damage|p2a: Sableye|64\/100\n|-curestatus|p1a: Grapploct|slp|[msg]\n|move|p1a: Grapploct|Octolock|p1b: Lurantis\n|-start|p1b: Lurantis|move: Octolock|[of] p1a: Grapploct\n|\n|-heal|p1b: Lurantis|100\/100 brn|[from] item: Leftovers\n|-damage|p1b: Lurantis|94\/100 brn|[from] brn\n|-boost|p1b: Lurantis|def|1\n|-boost|p1b: Lurantis|spd|1\n|upkeep\n|turn|4\n|\n|t:|1700008240\n|move|p2b: Shiinotic|Spore|p1a: Grapploct\n|-status|p1a: Grapploct|slp|[from] move: Spore\n|move|p2a: Sableye|Disable|p1b: Lurantis\n|-start|p1b: Lurantis|Disable|Knock Off\n|cant|p1b: Lurantis|Disable|Knock Off\n|cant|p1a: Grapploct|slp\n|\n|-heal|p1b: Lurantis|100\/100 brn|[from] item: Leftovers\n|-damage|p1b: Lurantis|94\/100 brn|[from] brn\n|-boost|p1b: Lurantis|def|1\n|-boost|p1b: Lurantis|spd|1\n|upkeep\n|turn|5\n|\n|t:|1700008263\n|switch|p2a: Octillery|Octillery, M|100\/100\n|-curestatus|p1a: Grapploct|slp|[msg]\n|move|p1a: Grapploct|Protect|p1a: Grapploct\n|-singleturn|p1a: Grapploct|Protect\n|move|p2b: Shiinotic|Leech Seed|p1a: Grapploct\n|-activate|p1a: Grapploct|move: Protect\n|-activate|p1b: Lurantis|move: Struggle\n|move|p1b: Lurantis|Struggle|p2b: Shiinotic\n|-activate|p2b: Shiinotic|move: Substitute|[damage]\n|-damage|p1b: Lurantis|70\/100 brn|[from] recoil\n|\n|-heal|p1b: Lurantis|76\/100 brn|[from] item: Leftovers\n|-damage|p1b: Lurantis|70\/100 brn|[from] brn\n|-boost|p1b: Lurantis|def|1\n|-boost|p1b: Lurantis|spd|1\n|-end|p1b: Lurantis|Encore\n|-ability|p2a: Octillery|Moody|boost\n|-boost|p2a: Octillery|spe|2\n|-unboost|p2a: Octillery|def|1\n|upkeep\n|turn|6\n|\n|t:|1700008292\n|move|p2b: Shiinotic|Spore|p1a: Grapploct\n|-status|p1a: Grapploct|slp|[from] move: Spore\n|move|p2a: Octillery|Substitute|p2a: Octillery\n|-start|p2a: Octillery|Substitute\n|-damage|p2a: Octillery|76\/100\n|move|p1b: Lurantis|Facade|p2a: Octillery\n|-end|p2a: Octillery|Substitute\n|cant|p1a: Grapploct|slp\n|\n|-heal|p2a: Octillery|82\/100|[from] item: Leftovers\n|-heal|p1b: Lurantis|76\/100 brn|[from] item: Leftovers\n|-damage|p1b: Lurantis|70\/100 brn|[from] brn\n|-boost|p1b: Lurantis|def|1\n|-boost|p1b: Lurantis|spd|1\n|-ability|p2a: Octillery|Moody|boost\n|-boost|p2a: Octillery|atk|2\n|-unboost|p2a: Octillery|spe|1\n|upkeep\n|turn|7\n|\n|t:|1700008315\n|move|p2b: Shiinotic|After You|p2a: Octillery\n|-activate|p2a: Octillery|move: After You\n|move|p2a: Octillery|Water Spout|p1a: Grapploct|[spread] p1a,p1b\n|-resisted|p1b: Lurantis\n|-damage|p1a: Grapploct|68\/100 slp\n|-damage|p1b: Lurantis|64\/100 brn\n|move|p1b: Lurantis|Facade|p2a: Octillery\n|-damage|p2a: Octillery|24\/100\n|-curestatus|p1a: Grapploct|slp|[msg]\n|move|p1a: Grapploct|Octolock|p2a: Octillery\n|-start|p2a: Octillery|move: Octolock|[of] p1a: Grapploct\n|\n|-heal|p2a: Octillery|30\/100|[from] item: Leftovers\n|-heal|p1b: Lurantis|70\/100 brn|[from] item: Leftovers\n|-heal|p1a: Grapploct|74\/100|[from] item: Leftovers\n|-damage|p1b: Lurantis|64\/100 brn|[from] brn\n|-unboost|p2a: Octillery|def|1\n|-unboost|p2a: Octillery|spd|1\n|-boost|p1b: Lurantis|def|1\n|-boost|p1b: Lurantis|spd|1\n|-end|p1b: Lurantis|Disable\n|-ability|p2a: Octillery|Moody|boost\n|-boost|p2a: Octillery|spe|2\n|-unboost|p2a: Octillery|spd|1\n|upkeep\n|turn|8\n|\n|t:|1700008341\n|move|p1a: Grapploct|Protect|p1a: Grapploct\n|-singleturn|p1a: Grapploct|Protect\n|move|p2b: Shiinotic|Spore|p1a: Grapploct\n|-activate|p1a: Grapploct|move: Protect\n|move|p2a: Octillery|Water Spout|p1b: Lurantis|[spread] p1b\n|-activate|p1a: Grapploct|move: Protect\n|-resisted|p1b: Lurantis\n|-damage|p1b: Lurantis|62\/100 brn\n|move|p1b: Lurantis|Knock Off|p2a: Octillery\n|-damage|p2a: Octillery|2\/100\n|-enditem|p2a: Octillery|Leftovers|[from] move: Knock Off|[of] p1b: Lurantis\n|\n|-heal|p1b: Lurantis|68\/100 brn|[from] item: Leftovers\n|-heal|p1a: Grapploct|80\/100|[from] item: Leftovers\n|-damage|p1b: Lurantis|62\/100 brn|[from] brn\n|-unboost|p2a: Octillery|def|1\n|-unboost|p2a: Octillery|spd|1\n|-boost|p1b: Lurantis|def|1\n|-boost|p1b: Lurantis|spd|1\n|-ability|p2a: Octillery|Moody|boost\n|-boost|p2a: Octillery|atk|2\n|-unboost|p2a: Octillery|spd|1\n|upkeep\n|turn|9\n|\n|t:|1700008384\n|move|p2b: Shiinotic|After You|p2a: Octillery\n|-activate|p2a: Octillery|move: After You\n|move|p2a: Octillery|Water Spout|p1a: Grapploct|[spread] p1a,p1b\n|-resisted|p1b: Lurantis\n|-damage|p1a: Grapploct|79\/100\n|-damage|p1b: Lurantis|62\/100 brn\n|move|p1b: Lurantis|Facade|p2b: Shiinotic\n|-crit|p2b: Shiinotic\n|-end|p2b: Shiinotic|Substitute\n|move|p1a: Grapploct|Bulk Up|p1a: Grapploct\n|-boost|p1a: Grapploct|atk|1\n|-boost|p1a: Grapploct|def|1\n|\n|-heal|p1b: Lurantis|68\/100 brn|[from] item: Leftovers\n|-heal|p1a: Grapploct|85\/100|[from] item: Leftovers\n|-damage|p1b: Lurantis|62\/100 brn|[from] brn\n|-unboost|p2a: Octillery|def|1\n|-unboost|p2a: Octillery|spd|1\n|-boost|p1b: Lurantis|def|0\n|-boost|p1b: Lurantis|spd|0\n|-ability|p2a: Octillery|Moody|boost\n|-boost|p2a: Octillery|def|2\n|-unboost|p2a: Octillery|spd|1\n|upkeep\n|turn|10\n|\n|t:|1700008426\n|move|p2b: Shiinotic|Substitute|p2b: Shiinotic\n|-start|p2b: Shiinotic|Substitute\n|-damage|p2b: Shiinotic|36\/100\n|move|p2a: Octillery|Water Spout|p1a: Grapploct|[spread] p1a,p1b\n|-resisted|p1b: Lurantis\n|-damage|p1a: Grapploct|85\/100\n|-damage|p1b: Lurantis|62\/100 brn\n|move|p1b: Lurantis|Facade|p2b: Shiinotic\n|-end|p2b: Shiinotic|Substitute\n|move|p1a: Grapploct|Octolock|p2b: Shiinotic\n|-start|p2b: Shiinotic|move: Octolock|[of] p1a: Grapploct\n|\n|-heal|p1b: Lurantis|68\/100 brn|[from] item: Leftovers\n|-heal|p1a: Grapploct|91\/100|[from] item: Leftovers\n|-damage|p1b: Lurantis|62\/100 brn|[from] brn\n|-unboost|p2a: Octillery|def|1\n|-unboost|p2a: Octillery|spd|0\n|-boost|p1b: Lurantis|def|0\n|-boost|p1b: Lurantis|spd|0\n|-unboost|p2b: Shiinotic|def|1\n|-unboost|p2b: Shiinotic|spd|1\n|-ability|p2a: Octillery|Moody|boost\n|-boost|p2a: Octillery|spa|2\n|-unboost|p2a: Octillery|def|1\n|upkeep\n|turn|11\n|\n|t:|1700008451\n|move|p1a: Grapploct|Protect|p1a: Grapploct\n|-singleturn|p1a: Grapploct|Protect\n|move|p2b: Shiinotic|Spore|p1a: Grapploct\n|-activate|p1a: Grapploct|move: Protect\n|move|p2a: Octillery|Energy Ball|p1a: Grapploct\n|-activate|p1a: Grapploct|move: Protect\n|move|p1b: Lurantis|Facade|p2b: Shiinotic\n|-damage|p2b: Shiinotic|0 fnt\n|faint|p2b: Shiinotic\n|\n|-heal|p1b: Lurantis|68\/100 brn|[from] item: Leftovers\n|-heal|p1a: Grapploct|97\/100|[from] item: Leftovers\n|-damage|p1b: Lurantis|62\/100 brn|[from] brn\n|-unboost|p2a: Octillery|def|1\n|-unboost|p2a: Octillery|spd|0\n|-boost|p1b: Lurantis|def|0\n|-boost|p1b: Lurantis|spd|0\n|-ability|p2a: Octillery|Moody|boost\n|-boost|p2a: Octillery|atk|2\n|-unboost|p2a: Octillery|def|1\n|upkeep\n|-message|GABRIELRCS48 forfeited.\n|\n|win|lachlan008\n|raw|lachlan008's rating: 1078 &rarr; <strong>1107<\/strong><br \/>(+29 for winning)\n|raw|GABRIELRCS48's rating: 1086 &rarr; <strong>1063<\/strong><br \/>(-23 for losing)\n|l|\u2606GABRIELRCS48\n","uploadtime":1700008478,"views":6,"p1id":"lachlan008","p2id":"gabrielrcs48","formatid":"gen9nationaldexdoubles","rating":1063,"private":0,"password":""}