{"id":"gen9nationaldexdoubles-1995135605","p1":"EthanMenos10","p2":"Brick_Enjoyer_144","format":"[Gen 9] National Dex Doubles","log":"|j|\u2606EthanMenos10\n|j|\u2606Brick_Enjoyer_144\n|t:|1700526519\n|gametype|doubles\n|player|p1|EthanMenos10|cyclist-gen4|1181\n|player|p2|Brick_Enjoyer_144|shauntal|1235\n|teamsize|p1|6\n|teamsize|p2|6\n|gen|9\n|tier|[Gen 9] National Dex Doubles\n|rated|\n|rule|HP Percentage Mod: HP is shown in percentages\n|rule|Endless Battle Clause: Forcing endless battles is banned\n|rule|OHKO Clause: OHKO moves are banned\n|rule|Evasion Moves Clause: Evasion moves are banned\n|rule|Evasion Abilities Clause: Evasion abilities are banned\n|rule|Species Clause: Limit one of each Pok\u00e9mon\n|rule|Gravity Sleep Clause: The combination of sleep-inducing moves with imperfect accuracy and Gravity or Gigantamax Orbeetle are banned\n|clearpoke\n|poke|p1|Eevee, F|\n|poke|p1|Zamazenta-*|\n|poke|p1|Umbreon, M|\n|poke|p1|Charizard, M|\n|poke|p1|Torkoal, M|\n|poke|p1|Leafeon, M|\n|poke|p2|Houndoom, M|\n|poke|p2|Skarmory, F|\n|poke|p2|Lucario, M|\n|poke|p2|Palafin, F|\n|poke|p2|Sinistcha-Masterpiece|\n|poke|p2|Roaring Moon|\n|teampreview\n|inactive|Battle timer is ON: inactive players will automatically lose when time's up. (requested by Brick_Enjoyer_144)\n|\n|t:|1700526532\n|start\n|switch|p1a: sun summoner|Torkoal, M|100\/100\n|switch|p1b: Sun Sword|Leafeon, M|100\/100\n|switch|p2a: Palafin|Palafin, F|100\/100\n|switch|p2b: Skarmory|Skarmory, F|100\/100\n|-weather|SunnyDay|[from] ability: Drought|[of] p1a: sun summoner\n|turn|1\n|\n|t:|1700526548\n|detailschange|p2a: Palafin|Palafin-Hero, F\n|switch|p2a: Houndoom|Houndoom, M|100\/100\n|move|p1b: Sun Sword|Solar Blade||[still]\n|-prepare|p1b: Sun Sword|Solar Blade\n|-anim|p1b: Sun Sword|Solar Blade|p2a: Houndoom\n|-resisted|p2a: Houndoom\n|-damage|p2a: Houndoom|21\/100\n|-damage|p1b: Sun Sword|91\/100|[from] item: Life Orb\n|move|p2b: Skarmory|Stealth Rock|p1b: Sun Sword\n|-sidestart|p1: EthanMenos10|move: Stealth Rock\n|move|p1a: sun summoner|Eruption|p2a: Houndoom|[spread] p2b\n|-start|p2a: Houndoom|ability: Flash Fire\n|-supereffective|p2b: Skarmory\n|-ability|p2b: Skarmory|Sturdy\n|-damage|p2b: Skarmory|1\/100\n|\n|-weather|SunnyDay|[upkeep]\n|-heal|p2b: Skarmory|7\/100|[from] item: Leftovers\n|upkeep\n|turn|2\n|inactive|EthanMenos10 has 120 seconds left.\n|inactive|Brick_Enjoyer_144 has 120 seconds left.\n|\n|t:|1700526589\n|detailschange|p2a: Houndoom|Houndoom-Mega, M\n|-mega|p2a: Houndoom|Houndoom|Houndoominite\n|-end|p2a: Houndoom|ability: Flash Fire|[silent]\n|move|p1b: Sun Sword|Solar Blade||[still]\n|-prepare|p1b: Sun Sword|Solar Blade\n|-anim|p1b: Sun Sword|Solar Blade|p2b: Skarmory\n|-resisted|p2b: Skarmory\n|-damage|p2b: Skarmory|0 fnt\n|faint|p2b: Skarmory\n|-damage|p1b: Sun Sword|81\/100|[from] item: Life Orb\n|move|p2a: Houndoom|Heat Wave|p1b: Sun Sword|[spread] p1a,p1b\n|-resisted|p1a: sun summoner\n|-supereffective|p1b: Sun Sword\n|-damage|p1a: sun summoner|65\/100\n|-damage|p1b: Sun Sword|0 fnt\n|faint|p1b: Sun Sword\n|move|p1a: sun summoner|Sludge Bomb|p2a: Houndoom\n|-damage|p2a: Houndoom|0 fnt\n|faint|p2a: Houndoom\n|\n|-weather|SunnyDay|[upkeep]\n|upkeep\n|inactive|EthanMenos10 has 120 seconds left.\n|\n|t:|1700526614\n|switch|p2a: Roaring Moon|Roaring Moon|100\/100\n|switch|p1b: Sun Child|Eevee, F, shiny|100\/100\n|switch|p2b: Palafin|Palafin-Hero, F|100\/100\n|-activate|p2a: Roaring Moon|ability: Protosynthesis\n|-start|p2a: Roaring Moon|protosynthesisatk\n|-activate|p2b: Palafin|ability: Zero to Hero\n|-damage|p1b: Sun Child|88\/100|[from] Stealth Rock\n|turn|3\n|\n|t:|1700526638\n|move|p2a: Roaring Moon|Knock Off|p1b: Sun Child\n|-damage|p1b: Sun Child|22\/100\n|move|p2b: Palafin|Close Combat|p1b: Sun Child\n|-supereffective|p1b: Sun Child\n|-damage|p1b: Sun Child|0 fnt\n|-unboost|p2b: Palafin|def|1\n|-unboost|p2b: Palafin|spd|1\n|faint|p1b: Sun Child\n|move|p1a: sun summoner|Sludge Bomb|p2a: Roaring Moon\n|-damage|p2a: Roaring Moon|75\/100\n|\n|-weather|SunnyDay|[upkeep]\n|upkeep\n|inactive|EthanMenos10 has 120 seconds left.\n|\n|t:|1700526652\n|switch|p1b: Child Guardian|Umbreon, M|100\/100\n|-damage|p1b: Child Guardian|88\/100|[from] Stealth Rock\n|turn|4\n|\n|t:|1700526662\n|move|p1b: Child Guardian|Protect|p1b: Child Guardian\n|-singleturn|p1b: Child Guardian|Protect\n|move|p2a: Roaring Moon|Knock Off|p1a: sun summoner\n|-damage|p1a: sun summoner|9\/100\n|-enditem|p1a: sun summoner|Assault Vest|[from] move: Knock Off|[of] p2a: Roaring Moon\n|move|p2b: Palafin|Close Combat|p1b: Child Guardian\n|-activate|p1b: Child Guardian|move: Protect\n|move|p1a: sun summoner|Sludge Bomb|p2b: Palafin\n|-damage|p2b: Palafin|70\/100\n|-status|p2b: Palafin|psn\n|\n|-weather|SunnyDay|[upkeep]\n|-heal|p1b: Child Guardian|94\/100|[from] item: Leftovers\n|-damage|p2b: Palafin|58\/100 psn|[from] psn\n|upkeep\n|turn|5\n|inactive|EthanMenos10 has 120 seconds left.\n|\n|t:|1700526713\n|-terastallize|p1b: Child Guardian|Poison\n|move|p2a: Roaring Moon|Knock Off|p1a: sun summoner\n|-damage|p1a: sun summoner|0 fnt\n|faint|p1a: sun summoner\n|move|p2b: Palafin|Close Combat|p1b: Child Guardian\n|-resisted|p1b: Child Guardian\n|-damage|p1b: Child Guardian|76\/100\n|-unboost|p2b: Palafin|def|1\n|-unboost|p2b: Palafin|spd|1\n|move|p1b: Child Guardian|Crunch|p2b: Palafin\n|-damage|p2b: Palafin|14\/100 psn\n|\n|-weather|none\n|-end|p2a: Roaring Moon|Protosynthesis\n|-heal|p1b: Child Guardian|82\/100|[from] item: Leftovers\n|-damage|p2b: Palafin|2\/100 psn|[from] psn\n|upkeep\n|inactive|EthanMenos10 has 90 seconds left.\n|\n|t:|1700526731\n|switch|p1a: The Shield|Zamazenta|100\/100\n|-damage|p1a: The Shield|94\/100|[from] Stealth Rock\n|-ability|p1a: The Shield|Dauntless Shield|boost\n|-boost|p1a: The Shield|def|1\n|turn|6\n|\n|t:|1700526746\n|move|p2b: Palafin|Jet Punch|p1a: The Shield\n|-damage|p1a: The Shield|74\/100\n|move|p2a: Roaring Moon|Knock Off|p1b: Child Guardian\n|-damage|p1b: Child Guardian|47\/100\n|-enditem|p1b: Child Guardian|Leftovers|[from] move: Knock Off|[of] p2a: Roaring Moon\n|move|p1a: The Shield|Howl|p1a: The Shield|[spread] p1a,p1b\n|-boost|p1a: The Shield|atk|1\n|-boost|p1b: Child Guardian|atk|1\n|move|p1b: Child Guardian|Psych Up|p1a: The Shield\n|-copyboost|p1b: Child Guardian|p1a: The Shield|[from] move: Psych Up\n|\n|-heal|p1a: The Shield|80\/100|[from] item: Leftovers\n|-damage|p2b: Palafin|0 fnt|[from] psn\n|faint|p2b: Palafin\n|upkeep\n|\n|t:|1700526763\n|switch|p2b: Lucario|Lucario, M|100\/100\n|turn|7\n|\n|t:|1700526778\n|move|p2b: Lucario|Extreme Speed|p1b: Child Guardian\n|-damage|p1b: Child Guardian|32\/100\n|-damage|p2b: Lucario|91\/100|[from] item: Life Orb\n|move|p2a: Roaring Moon|Knock Off|p1a: The Shield\n|-resisted|p1a: The Shield\n|-damage|p1a: The Shield|66\/100\n|-enditem|p1a: The Shield|Leftovers|[from] move: Knock Off|[of] p2a: Roaring Moon\n|move|p1a: The Shield|Iron Defense|p1a: The Shield\n|-boost|p1a: The Shield|def|2\n|move|p1b: Child Guardian|Moonlight|p1b: Child Guardian\n|-heal|p1b: Child Guardian|82\/100\n|\n|upkeep\n|turn|8\n|\n|t:|1700526802\n|move|p2a: Roaring Moon|Knock Off|p1b: Child Guardian\n|-damage|p1b: Child Guardian|66\/100\n|move|p1a: The Shield|Body Press|p2b: Lucario\n|-supereffective|p2b: Lucario\n|-damage|p2b: Lucario|0 fnt\n|faint|p2b: Lucario\n|move|p1b: Child Guardian|Psych Up|p1a: The Shield\n|-copyboost|p1b: Child Guardian|p1a: The Shield|[from] move: Psych Up\n|\n|upkeep\n|\n|t:|1700526812\n|switch|p2b: Sinistcha|Sinistcha-Masterpiece|100\/100\n|-heal|p2a: Roaring Moon|99\/100|[from] ability: Hospitality|[of] p2b: Sinistcha\n|turn|9\n|\n|t:|1700526827\n|move|p2a: Roaring Moon|Knock Off|p1b: Child Guardian\n|-damage|p1b: Child Guardian|56\/100\n|move|p1a: The Shield|Howl|p1a: The Shield|[spread] p1a,p1b\n|-boost|p1a: The Shield|atk|1\n|-boost|p1b: Child Guardian|atk|1\n|move|p2b: Sinistcha|Scald|p1b: Child Guardian\n|-damage|p1b: Child Guardian|37\/100\n|move|p1b: Child Guardian|Crunch|p2b: Sinistcha\n|-supereffective|p2b: Sinistcha\n|-damage|p2b: Sinistcha|24\/100\n|\n|-heal|p2b: Sinistcha|30\/100|[from] item: Leftovers\n|upkeep\n|turn|10\n|\n|t:|1700526854\n|move|p2a: Roaring Moon|Knock Off|p1b: Child Guardian\n|-damage|p1b: Child Guardian|26\/100\n|move|p1a: The Shield|Howl|p1a: The Shield|[spread] p1a,p1b\n|-boost|p1a: The Shield|atk|1\n|-boost|p1b: Child Guardian|atk|1\n|move|p2b: Sinistcha|Strength Sap|p1b: Child Guardian\n|-unboost|p1b: Child Guardian|atk|1\n|-heal|p2b: Sinistcha|100\/100\n|move|p1b: Child Guardian|Moonlight|p1b: Child Guardian\n|-heal|p1b: Child Guardian|76\/100\n|\n|upkeep\n|turn|11\n|\n|t:|1700526880\n|move|p1b: Child Guardian|Protect|p1b: Child Guardian\n|-singleturn|p1b: Child Guardian|Protect\n|move|p2a: Roaring Moon|Knock Off|p1a: The Shield\n|-resisted|p1a: The Shield\n|-damage|p1a: The Shield|61\/100\n|move|p1a: The Shield|Body Press|p2a: Roaring Moon\n|-supereffective|p2a: Roaring Moon\n|-damage|p2a: Roaring Moon|0 fnt\n|faint|p2a: Roaring Moon\n|-end|p2a: Roaring Moon|Protosynthesis|[silent]\n|move|p2b: Sinistcha|Scald|p1b: Child Guardian\n|-activate|p1b: Child Guardian|move: Protect\n|\n|upkeep\n|turn|12\n|c|\u2606EthanMenos10|gg\n|\n|t:|1700526909\n|move|p1a: The Shield|Howl|p1a: The Shield|[spread] p1a,p1b\n|-boost|p1a: The Shield|atk|1\n|-boost|p1b: Child Guardian|atk|1\n|move|p2b: Sinistcha|Matcha Gotcha|p1b: Child Guardian|[spread] p1a,p1b\n|-resisted|p1b: Child Guardian\n|-damage|p1a: The Shield|36\/100\n|-damage|p1b: Child Guardian|65\/100\n|move|p1b: Child Guardian|Crunch|p2b: Sinistcha\n|-supereffective|p2b: Sinistcha\n|-damage|p2b: Sinistcha|0 fnt\n|faint|p2b: Sinistcha\n|\n|win|EthanMenos10\n|raw|EthanMenos10's rating: 1181 &rarr; <strong>1210<\/strong><br \/>(+29 for winning)\n|raw|Brick_Enjoyer_144's rating: 1235 &rarr; <strong>1206<\/strong><br \/>(-29 for losing)\n|c|\u2606Brick_Enjoyer_144|Gg\n","uploadtime":1700526924,"views":1,"p1id":"ethanmenos10","p2id":"brickenjoyer144","formatid":"gen9nationaldexdoubles","rating":1206,"private":0,"password":""}