{"id":"gen9nationaldexdoubles-1998721026","p1":"CRYO-M0DE\u2744\ufe0f","p2":"blueslushpop","format":"[Gen 9] National Dex Doubles","log":"|j|\u2606CRYO-M0DE\u2744\ufe0f\n|j|\u2606blueslushpop\n|t:|1700977707\n|gametype|doubles\n|player|p1|CRYO-M0DE\u2744\ufe0f|melony|1134\n|player|p2|blueslushpop|169|1000\n|teamsize|p1|6\n|teamsize|p2|6\n|gen|9\n|tier|[Gen 9] National Dex Doubles\n|rated|\n|rule|HP Percentage Mod: HP is shown in percentages\n|rule|Endless Battle Clause: Forcing endless battles is banned\n|rule|OHKO Clause: OHKO moves are banned\n|rule|Evasion Moves Clause: Evasion moves are banned\n|rule|Evasion Abilities Clause: Evasion abilities are banned\n|rule|Species Clause: Limit one of each Pok\u00e9mon\n|rule|Gravity Sleep Clause: The combination of sleep-inducing moves with imperfect accuracy and Gravity or Gigantamax Orbeetle are banned\n|clearpoke\n|poke|p1|Crabominable, M|\n|poke|p1|Mr. Mime-Galar, M|\n|poke|p1|Dewgong, M|\n|poke|p1|Cetitan, F|\n|poke|p1|Kyurem|\n|poke|p1|Ninetales-Alola, F|\n|poke|p2|Barbaracle, F|\n|poke|p2|Politoed, M|\n|poke|p2|Barraskewda, M|\n|poke|p2|Abomasnow, M|\n|poke|p2|Darmanitan-Galar, M|\n|poke|p2|Sandslash-Alola, M|\n|teampreview\n|\n|t:|1700977733\n|start\n|switch|p1a: \ud83e\uddca\u2744\ufe0fKYUREM\u2744\ufe0f\ud83e\uddca|Kyurem|100\/100\n|switch|p1b: \ud83e\uddca\u2744\ufe0fNINETALES\u2744\ufe0f\ud83e\uddca|Ninetales-Alola, F|100\/100\n|switch|p2a: Politoed|Politoed, M|100\/100\n|switch|p2b: Barbaracle|Barbaracle, F|100\/100\n|-weather|Snow|[from] ability: Snow Warning|[of] p1b: \ud83e\uddca\u2744\ufe0fNINETALES\u2744\ufe0f\ud83e\uddca\n|-ability|p1a: \ud83e\uddca\u2744\ufe0fKYUREM\u2744\ufe0f\ud83e\uddca|Pressure\n|-weather|RainDance|[from] ability: Drizzle|[of] p2a: Politoed\n|turn|1\n|\n|t:|1700977755\n|switch|p1b: \ud83e\uddca\u2744\ufe0fMR.MIME\u2744\ufe0f\ud83e\uddca|Mr. Mime-Galar, M|100\/100\n|move|p1a: \ud83e\uddca\u2744\ufe0fKYUREM\u2744\ufe0f\ud83e\uddca|Glaciate|p2a: Politoed|[spread] p2a,p2b\n|-resisted|p2a: Politoed\n|-resisted|p2b: Barbaracle\n|-damage|p2a: Politoed|85\/100\n|-damage|p2b: Barbaracle|81\/100\n|-unboost|p2a: Politoed|spe|1\n|-unboost|p2b: Barbaracle|spe|1\n|move|p2a: Politoed|Ice Beam|p1a: \ud83e\uddca\u2744\ufe0fKYUREM\u2744\ufe0f\ud83e\uddca\n|-damage|p1a: \ud83e\uddca\u2744\ufe0fKYUREM\u2744\ufe0f\ud83e\uddca|75\/100\n|move|p2b: Barbaracle|Power-Up Punch|p1a: \ud83e\uddca\u2744\ufe0fKYUREM\u2744\ufe0f\ud83e\uddca\n|-supereffective|p1a: \ud83e\uddca\u2744\ufe0fKYUREM\u2744\ufe0f\ud83e\uddca\n|-damage|p1a: \ud83e\uddca\u2744\ufe0fKYUREM\u2744\ufe0f\ud83e\uddca|39\/100\n|-boost|p2b: Barbaracle|atk|1\n|\n|-weather|RainDance|[upkeep]\n|upkeep\n|turn|2\n|\n|t:|1700977778\n|switch|p1b: \ud83e\uddca\u2744\ufe0fNINETALES\u2744\ufe0f\ud83e\uddca|Ninetales-Alola, F|100\/100\n|-weather|Snow|[from] ability: Snow Warning|[of] p1b: \ud83e\uddca\u2744\ufe0fNINETALES\u2744\ufe0f\ud83e\uddca\n|move|p1a: \ud83e\uddca\u2744\ufe0fKYUREM\u2744\ufe0f\ud83e\uddca|Blizzard|p2b: Barbaracle|[spread] p2a,p2b\n|-resisted|p2a: Politoed\n|-resisted|p2b: Barbaracle\n|-damage|p2a: Politoed|62\/100\n|-damage|p2b: Barbaracle|47\/100\n|-status|p2a: Politoed|frz\n|-status|p2b: Barbaracle|frz\n|-curestatus|p2a: Politoed|frz|[from] move: Scald\n|move|p2a: Politoed|Scald|p1b: \ud83e\uddca\u2744\ufe0fNINETALES\u2744\ufe0f\ud83e\uddca\n|-damage|p1b: \ud83e\uddca\u2744\ufe0fNINETALES\u2744\ufe0f\ud83e\uddca|52\/100\n|-status|p1b: \ud83e\uddca\u2744\ufe0fNINETALES\u2744\ufe0f\ud83e\uddca|brn\n|cant|p2b: Barbaracle|frz\n|\n|-weather|Snow|[upkeep]\n|-damage|p1b: \ud83e\uddca\u2744\ufe0fNINETALES\u2744\ufe0f\ud83e\uddca|46\/100 brn|[from] brn\n|upkeep\n|turn|3\n|\n|t:|1700977802\n|-terastallize|p1a: \ud83e\uddca\u2744\ufe0fKYUREM\u2744\ufe0f\ud83e\uddca|Ice\n|move|p1b: \ud83e\uddca\u2744\ufe0fNINETALES\u2744\ufe0f\ud83e\uddca|Aurora Veil|p1b: \ud83e\uddca\u2744\ufe0fNINETALES\u2744\ufe0f\ud83e\uddca\n|-sidestart|p1: CRYO-M0DE\u2744\ufe0f|move: Aurora Veil\n|move|p1a: \ud83e\uddca\u2744\ufe0fKYUREM\u2744\ufe0f\ud83e\uddca|Blizzard|p2a: Politoed|[spread] p2a,p2b\n|-resisted|p2a: Politoed\n|-resisted|p2b: Barbaracle\n|-damage|p2a: Politoed|26\/100\n|-damage|p2b: Barbaracle|6\/100 frz\n|move|p2a: Politoed|Scald|p1a: \ud83e\uddca\u2744\ufe0fKYUREM\u2744\ufe0f\ud83e\uddca\n|-damage|p1a: \ud83e\uddca\u2744\ufe0fKYUREM\u2744\ufe0f\ud83e\uddca|10\/100\n|cant|p2b: Barbaracle|frz\n|\n|-weather|Snow|[upkeep]\n|-damage|p1b: \ud83e\uddca\u2744\ufe0fNINETALES\u2744\ufe0f\ud83e\uddca|41\/100 brn|[from] brn\n|upkeep\n|turn|4\n|\n|t:|1700977821\n|move|p1b: \ud83e\uddca\u2744\ufe0fNINETALES\u2744\ufe0f\ud83e\uddca|Blizzard|p2a: Politoed|[spread] p2a,p2b\n|-resisted|p2a: Politoed\n|-resisted|p2b: Barbaracle\n|-damage|p2a: Politoed|15\/100\n|-damage|p2b: Barbaracle|0 fnt\n|faint|p2b: Barbaracle\n|move|p1a: \ud83e\uddca\u2744\ufe0fKYUREM\u2744\ufe0f\ud83e\uddca|Blizzard|p2a: Politoed\n|-resisted|p2a: Politoed\n|-damage|p2a: Politoed|0 fnt\n|faint|p2a: Politoed\n|\n|-weather|Snow|[upkeep]\n|-damage|p1b: \ud83e\uddca\u2744\ufe0fNINETALES\u2744\ufe0f\ud83e\uddca|35\/100 brn|[from] brn\n|upkeep\n|\n|t:|1700977830\n|switch|p2a: Darmanitan|Darmanitan-Galar, M|100\/100\n|switch|p2b: Sandslash|Sandslash-Alola, M|100\/100\n|turn|5\n|\n|t:|1700977841\n|move|p2b: Sandslash|Metal Claw|p1b: \ud83e\uddca\u2744\ufe0fNINETALES\u2744\ufe0f\ud83e\uddca\n|-supereffective|p1b: \ud83e\uddca\u2744\ufe0fNINETALES\u2744\ufe0f\ud83e\uddca\n|-damage|p1b: \ud83e\uddca\u2744\ufe0fNINETALES\u2744\ufe0f\ud83e\uddca|0 fnt\n|faint|p1b: \ud83e\uddca\u2744\ufe0fNINETALES\u2744\ufe0f\ud83e\uddca\n|move|p2a: Darmanitan|Belly Drum|p2a: Darmanitan\n|-damage|p2a: Darmanitan|51\/100\n|-setboost|p2a: Darmanitan|atk|6|[from] move: Belly Drum\n|move|p1a: \ud83e\uddca\u2744\ufe0fKYUREM\u2744\ufe0f\ud83e\uddca|Glaciate|p2a: Darmanitan|[spread] p2a,p2b\n|-resisted|p2a: Darmanitan\n|-resisted|p2b: Sandslash\n|-damage|p2a: Darmanitan|17\/100\n|-damage|p2b: Sandslash|80\/100\n|-unboost|p2a: Darmanitan|spe|1\n|-unboost|p2b: Sandslash|spe|1\n|\n|-weather|Snow|[upkeep]\n|-formechange|p2a: Darmanitan|Darmanitan-Galar-Zen|\n|upkeep\n|\n|t:|1700977860\n|switch|p1b: \ud83e\uddca\u2744\ufe0fMR.MIME\u2744\ufe0f\ud83e\uddca|Mr. Mime-Galar, M|100\/100\n|turn|6\n|\n|t:|1700977867\n|move|p2b: Sandslash|Metal Claw|p1a: \ud83e\uddca\u2744\ufe0fKYUREM\u2744\ufe0f\ud83e\uddca\n|-supereffective|p1a: \ud83e\uddca\u2744\ufe0fKYUREM\u2744\ufe0f\ud83e\uddca\n|-damage|p1a: \ud83e\uddca\u2744\ufe0fKYUREM\u2744\ufe0f\ud83e\uddca|0 fnt\n|faint|p1a: \ud83e\uddca\u2744\ufe0fKYUREM\u2744\ufe0f\ud83e\uddca\n|move|p1b: \ud83e\uddca\u2744\ufe0fMR.MIME\u2744\ufe0f\ud83e\uddca|Blizzard|p2a: Darmanitan|[spread] p2a,p2b\n|-resisted|p2a: Darmanitan\n|-resisted|p2b: Sandslash\n|-damage|p2a: Darmanitan|2\/100\n|-damage|p2b: Sandslash|60\/100\n|move|p2a: Darmanitan|Fire Punch|p1b: \ud83e\uddca\u2744\ufe0fMR.MIME\u2744\ufe0f\ud83e\uddca\n|-supereffective|p1b: \ud83e\uddca\u2744\ufe0fMR.MIME\u2744\ufe0f\ud83e\uddca\n|-damage|p1b: \ud83e\uddca\u2744\ufe0fMR.MIME\u2744\ufe0f\ud83e\uddca|0 fnt\n|faint|p1b: \ud83e\uddca\u2744\ufe0fMR.MIME\u2744\ufe0f\ud83e\uddca\n|-damage|p2a: Darmanitan|0 fnt|[from] item: Life Orb\n|faint|p2a: Darmanitan\n|\n|-weather|Snow|[upkeep]\n|upkeep\n|\n|t:|1700977895\n|switch|p1b: \ud83e\uddca\u2744\ufe0fDEWGONG\u2744\ufe0f\ud83e\uddca|Dewgong, M|100\/100\n|switch|p2a: Barraskewda|Barraskewda, M|100\/100\n|switch|p1a: \ud83e\uddca\u2744\ufe0fCETITAN\u2744\ufe0f\ud83e\uddca|Cetitan, F, shiny|100\/100\n|turn|7\n|\n|t:|1700977911\n|move|p1a: \ud83e\uddca\u2744\ufe0fCETITAN\u2744\ufe0f\ud83e\uddca|Belly Drum|p1a: \ud83e\uddca\u2744\ufe0fCETITAN\u2744\ufe0f\ud83e\uddca\n|-damage|p1a: \ud83e\uddca\u2744\ufe0fCETITAN\u2744\ufe0f\ud83e\uddca|50\/100\n|-setboost|p1a: \ud83e\uddca\u2744\ufe0fCETITAN\u2744\ufe0f\ud83e\uddca|atk|6|[from] move: Belly Drum\n|move|p2a: Barraskewda|Psychic Fangs|p1a: \ud83e\uddca\u2744\ufe0fCETITAN\u2744\ufe0f\ud83e\uddca\n|-sideend|p1: CRYO-M0DE\u2744\ufe0f|move: Aurora Veil\n|-damage|p1a: \ud83e\uddca\u2744\ufe0fCETITAN\u2744\ufe0f\ud83e\uddca|32\/100\n|move|p2b: Sandslash|Metal Claw|p1a: \ud83e\uddca\u2744\ufe0fCETITAN\u2744\ufe0f\ud83e\uddca\n|-supereffective|p1a: \ud83e\uddca\u2744\ufe0fCETITAN\u2744\ufe0f\ud83e\uddca\n|-damage|p1a: \ud83e\uddca\u2744\ufe0fCETITAN\u2744\ufe0f\ud83e\uddca|2\/100\n|move|p1b: \ud83e\uddca\u2744\ufe0fDEWGONG\u2744\ufe0f\ud83e\uddca|Blizzard|p2a: Barraskewda|[spread] p2a,p2b\n|-resisted|p2a: Barraskewda\n|-resisted|p2b: Sandslash\n|-damage|p2a: Barraskewda|76\/100\n|-damage|p2b: Sandslash|49\/100\n|-status|p2a: Barraskewda|frz\n|\n|-weather|Snow|[upkeep]\n|upkeep\n|turn|8\n|\n|t:|1700977934\n|switch|p2a: Abomasnow|Abomasnow, M|100\/100\n|move|p1a: \ud83e\uddca\u2744\ufe0fCETITAN\u2744\ufe0f\ud83e\uddca|Ice Punch|p2b: Sandslash\n|-resisted|p2b: Sandslash\n|-damage|p2b: Sandslash|17\/100\n|move|p2b: Sandslash|Metal Claw|p1a: \ud83e\uddca\u2744\ufe0fCETITAN\u2744\ufe0f\ud83e\uddca\n|-supereffective|p1a: \ud83e\uddca\u2744\ufe0fCETITAN\u2744\ufe0f\ud83e\uddca\n|-damage|p1a: \ud83e\uddca\u2744\ufe0fCETITAN\u2744\ufe0f\ud83e\uddca|0 fnt\n|faint|p1a: \ud83e\uddca\u2744\ufe0fCETITAN\u2744\ufe0f\ud83e\uddca\n|move|p1b: \ud83e\uddca\u2744\ufe0fDEWGONG\u2744\ufe0f\ud83e\uddca|Blizzard|p2b: Sandslash|[spread] p2a,p2b\n|-resisted|p2b: Sandslash\n|-damage|p2a: Abomasnow|77\/100\n|-damage|p2b: Sandslash|6\/100\n|\n|-weather|Snow|[upkeep]\n|upkeep\n|\n|t:|1700977950\n|switch|p1a: \ud83e\uddcaCRABOMINABLE\ud83e\uddca|Crabominable, M|100\/100\n|turn|9\n|\n|t:|1700977966\n|-terastallize|p2b: Sandslash|Ghost\n|move|p2b: Sandslash|Metal Claw|p1a: \ud83e\uddcaCRABOMINABLE\ud83e\uddca\n|-supereffective|p1a: \ud83e\uddcaCRABOMINABLE\ud83e\uddca\n|-damage|p1a: \ud83e\uddcaCRABOMINABLE\ud83e\uddca|67\/100\n|-boost|p2b: Sandslash|atk|1\n|move|p1b: \ud83e\uddca\u2744\ufe0fDEWGONG\u2744\ufe0f\ud83e\uddca|Blizzard|p2a: Abomasnow|[spread] p2a,p2b\n|-damage|p2a: Abomasnow|53\/100\n|-damage|p2b: Sandslash|0 fnt\n|faint|p2b: Sandslash\n|move|p2a: Abomasnow|Energy Ball|p1b: \ud83e\uddca\u2744\ufe0fDEWGONG\u2744\ufe0f\ud83e\uddca\n|-supereffective|p1b: \ud83e\uddca\u2744\ufe0fDEWGONG\u2744\ufe0f\ud83e\uddca\n|-damage|p1b: \ud83e\uddca\u2744\ufe0fDEWGONG\u2744\ufe0f\ud83e\uddca|22\/100\n|-unboost|p1b: \ud83e\uddca\u2744\ufe0fDEWGONG\u2744\ufe0f\ud83e\uddca|spd|1\n|move|p1a: \ud83e\uddcaCRABOMINABLE\ud83e\uddca|Blizzard|p2a: Abomasnow\n|-damage|p2a: Abomasnow|25\/100\n|\n|-weather|none\n|upkeep\n|\n|t:|1700977983\n|switch|p2b: Barraskewda|Barraskewda, M|76\/100 frz\n|turn|10\n|\n|t:|1700978009\n|move|p1b: \ud83e\uddca\u2744\ufe0fDEWGONG\u2744\ufe0f\ud83e\uddca|Ice Shard|p2a: Abomasnow\n|-damage|p2a: Abomasnow|15\/100\n|cant|p2b: Barraskewda|frz\n|move|p2a: Abomasnow|Energy Ball|p1b: \ud83e\uddca\u2744\ufe0fDEWGONG\u2744\ufe0f\ud83e\uddca\n|-supereffective|p1b: \ud83e\uddca\u2744\ufe0fDEWGONG\u2744\ufe0f\ud83e\uddca\n|-damage|p1b: \ud83e\uddca\u2744\ufe0fDEWGONG\u2744\ufe0f\ud83e\uddca|0 fnt\n|faint|p1b: \ud83e\uddca\u2744\ufe0fDEWGONG\u2744\ufe0f\ud83e\uddca\n|move|p1a: \ud83e\uddcaCRABOMINABLE\ud83e\uddca|Ice Punch|p2a: Abomasnow\n|-damage|p2a: Abomasnow|0 fnt\n|faint|p2a: Abomasnow\n|\n|upkeep\n|turn|11\n|\n|t:|1700978024\n|cant|p2b: Barraskewda|frz\n|move|p1a: \ud83e\uddcaCRABOMINABLE\ud83e\uddca|Ice Hammer|p2b: Barraskewda\n|-resisted|p2b: Barraskewda\n|-damage|p2b: Barraskewda|0 fnt\n|-unboost|p1a: \ud83e\uddcaCRABOMINABLE\ud83e\uddca|spe|1\n|faint|p2b: Barraskewda\n|\n|win|CRYO-M0DE\u2744\ufe0f\n|raw|CRYO-M0DE\u2744\ufe0f's rating: 1134 &rarr; <strong>1150<\/strong><br \/>(+16 for winning)\n|raw|blueslushpop's rating: 1000 &rarr; <strong>1000<\/strong><br \/>(+0 for losing)\n|l|\u2606blueslushpop\n","uploadtime":1700978247,"views":2,"p1id":"cryom0de","p2id":"blueslushpop","formatid":"gen9nationaldexdoubles","rating":1000,"private":0,"password":""}