{"id":"gen9nationaldexdoubles-1957358042","p1":"MirzaMirza","p2":"DaBoi511","format":"[Gen 9] National Dex Doubles","log":"|j|\u2606MirzaMirza\n|j|\u2606DaBoi511\n|t:|1696212034\n|gametype|doubles\n|player|p1|MirzaMirza|2|1335\n|player|p2|DaBoi511|wallace|1325\n|teamsize|p1|6\n|teamsize|p2|6\n|gen|9\n|tier|[Gen 9] National Dex Doubles\n|rated|\n|rule|HP Percentage Mod: HP is shown in percentages\n|rule|Endless Battle Clause: Forcing endless battles is banned\n|rule|OHKO Clause: OHKO moves are banned\n|rule|Evasion Moves Clause: Evasion moves are banned\n|rule|Evasion Abilities Clause: Evasion abilities are banned\n|rule|Species Clause: Limit one of each Pok\u00e9mon\n|rule|Gravity Sleep Clause: The combination of sleep-inducing moves with imperfect accuracy and Gravity or Gigantamax Orbeetle are banned\n|clearpoke\n|poke|p1|Volcarona, M|\n|poke|p1|Smeargle, M|\n|poke|p1|Tapu Lele|\n|poke|p1|Tapu Fini|\n|poke|p1|Suicune|\n|poke|p1|Chien-Pao|\n|poke|p2|Eevee, M|\n|poke|p2|Ninetales-Alola, F|\n|poke|p2|Ursaluna, F|\n|poke|p2|Landorus-Therian, M|\n|poke|p2|Gastrodon-East, M|\n|poke|p2|Tinkaton, F|\n|teampreview\n|inactive|Battle timer is ON: inactive players will automatically lose when time's up. (requested by MirzaMirza)\n|\n|t:|1696212042\n|start\n|switch|p1a: Miami Terror|Volcarona, M|100\/100\n|switch|p1b: Bobby Lee|Smeargle, M|100\/100\n|switch|p2a: Ninetales|Ninetales-Alola, F|100\/100\n|switch|p2b: Ursaluna|Ursaluna, F|100\/100\n|-weather|Snow|[from] ability: Snow Warning|[of] p2a: Ninetales\n|turn|1\n|c|\u2606DaBoi511|You are the same guy I fought earlier\n|\n|t:|1696212063\n|switch|p1b: Lana|Tapu Fini|100\/100\n|-fieldstart|move: Misty Terrain|[from] ability: Misty Surge|[of] p1b: Lana\n|move|p2a: Ninetales|Aurora Veil|p2a: Ninetales\n|-sidestart|p2: DaBoi511|move: Aurora Veil\n|move|p1a: Miami Terror|Quiver Dance|p1a: Miami Terror\n|-boost|p1a: Miami Terror|spa|1\n|-boost|p1a: Miami Terror|spd|1\n|-boost|p1a: Miami Terror|spe|1\n|move|p2b: Ursaluna|Drain Punch|p1b: Lana\n|-resisted|p1b: Lana\n|-damage|p1b: Lana|90\/100\n|\n|-weather|Snow|[upkeep]\n|upkeep\n|turn|2\n|c|\u2606MirzaMirza|oh who r u?\n|\n|t:|1696212082\n|move|p1a: Miami Terror|Quiver Dance|p1a: Miami Terror\n|-boost|p1a: Miami Terror|spa|1\n|-boost|p1a: Miami Terror|spd|1\n|-boost|p1a: Miami Terror|spe|1\n|move|p2a: Ninetales|Icy Wind|p1b: Lana|[spread] p1a,p1b\n|-resisted|p1a: Miami Terror\n|-resisted|p1b: Lana\n|-damage|p1a: Miami Terror|98\/100\n|-damage|p1b: Lana|86\/100\n|-unboost|p1a: Miami Terror|spe|1\n|-unboost|p1b: Lana|spe|1\n|move|p1b: Lana|Psych Up|p1a: Miami Terror\n|-copyboost|p1b: Lana|p1a: Miami Terror|[from] move: Psych Up\n|move|p2b: Ursaluna|Earthquake|p1b: Lana|[spread] p2a,p1a,p1b\n|-damage|p2a: Ninetales|76\/100\n|-damage|p1a: Miami Terror|56\/100\n|-damage|p1b: Lana|54\/100\n|\n|-weather|Snow|[upkeep]\n|-heal|p1a: Miami Terror|63\/100|[from] item: Leftovers\n|-heal|p2a: Ninetales|82\/100|[from] item: Leftovers\n|upkeep\n|turn|3\n|c|\u2606DaBoi511|You wiped me earlier with psych up quiver dance\n|c|\u2606DaBoi511|A few battles back\n|inactive|DaBoi511 has 120 seconds left.\n|\n|t:|1696212118\n|move|p1a: Miami Terror|Heat Wave|p2b: Ursaluna|[spread] p2a,p2b\n|-supereffective|p2a: Ninetales\n|-damage|p2a: Ninetales|17\/100\n|-damage|p2b: Ursaluna|61\/100\n|move|p1b: Lana|Muddy Water|p2b: Ursaluna|[spread] p2a,p2b\n|-supereffective|p2b: Ursaluna\n|-damage|p2a: Ninetales|0 fnt\n|-damage|p2b: Ursaluna|5\/100\n|faint|p2a: Ninetales\n|move|p2b: Ursaluna|Earthquake|p1b: Lana|[spread] p1a,p1b\n|-damage|p1a: Miami Terror|23\/100\n|-damage|p1b: Lana|19\/100\n|-enditem|p1b: Lana|Mago Berry|[eat]\n|-heal|p1b: Lana|53\/100|[from] item: Mago Berry\n|\n|-weather|Snow|[upkeep]\n|-heal|p1a: Miami Terror|29\/100|[from] item: Leftovers\n|upkeep\n|c|\u2606MirzaMirza|ahhh you were using different team?\n|\n|t:|1696212132\n|switch|p2a: Tinkaton|Tinkaton, F|100\/100\n|-ability|p2a: Tinkaton|Mold Breaker\n|-item|p2a: Tinkaton|Air Balloon\n|turn|4\n|c|\u2606DaBoi511|This is just a gimmick team\n|inactive|DaBoi511 has 120 seconds left.\n|\n|t:|1696212150\n|move|p2a: Tinkaton|Fake Out|p1a: Miami Terror\n|-damage|p1a: Miami Terror|23\/100\n|cant|p1a: Miami Terror|flinch\n|move|p1b: Lana|Dazzling Gleam|p2a: Tinkaton|[spread] p2a,p2b\n|-resisted|p2a: Tinkaton\n|-damage|p2a: Tinkaton|88\/100\n|-damage|p2b: Ursaluna|0 fnt\n|-enditem|p2a: Tinkaton|Air Balloon\n|faint|p2b: Ursaluna\n|\n|-weather|Snow|[upkeep]\n|-heal|p1a: Miami Terror|30\/100|[from] item: Leftovers\n|upkeep\n|inactive|DaBoi511 has 120 seconds left.\n|\n|t:|1696212164\n|switch|p2b: Eevee|Eevee, M|100\/100\n|turn|5\n|c|\u2606DaBoi511|In case you couldn't tell from the eevee this is gimmick\n|inactive|DaBoi511 has 120 seconds left.\n|c|\u2606MirzaMirza|oh ok\n|\n|t:|1696212190\n|move|p1a: Miami Terror|Heat Wave|p2b: Eevee|[spread] p2a,p2b\n|-supereffective|p2a: Tinkaton\n|-crit|p2b: Eevee\n|-damage|p2a: Tinkaton|23\/100\n|-damage|p2b: Eevee|0 fnt\n|faint|p2b: Eevee\n|move|p1b: Lana|Taunt|p2a: Tinkaton\n|-start|p2a: Tinkaton|move: Taunt\n|cant|p2a: Tinkaton|move: Taunt|Thunder Wave\n|\n|-weather|none\n|-heal|p1a: Miami Terror|36\/100|[from] item: Leftovers\n|-sideend|p2: DaBoi511|move: Aurora Veil\n|-fieldend|Misty Terrain\n|upkeep\n|c|\u2606DaBoi511|:(\n|\n|t:|1696212202\n|switch|p2b: Gastrodon|Gastrodon-East, M|100\/100\n|turn|6\n|\n|t:|1696212212\n|-terastallize|p2b: Gastrodon|Steel\n|move|p1a: Miami Terror|Giga Drain|p2b: Gastrodon\n|-resisted|p2b: Gastrodon\n|-damage|p2b: Gastrodon|82\/100\n|-heal|p1a: Miami Terror|46\/100|[from] drain|[of] p2b: Gastrodon\n|move|p1b: Lana|Dazzling Gleam|p2b: Gastrodon|[spread] p2a,p2b\n|-resisted|p2a: Tinkaton\n|-resisted|p2b: Gastrodon\n|-damage|p2a: Tinkaton|7\/100\n|-damage|p2b: Gastrodon|64\/100\n|move|p2a: Tinkaton|Gigaton Hammer|p1b: Lana\n|-damage|p1b: Lana|19\/100\n|move|p2b: Gastrodon|Toxic|p1a: Miami Terror\n|-status|p1a: Miami Terror|tox\n|\n|-heal|p1a: Miami Terror|53\/100 tox|[from] item: Leftovers\n|-heal|p2b: Gastrodon|70\/100|[from] item: Leftovers\n|-damage|p1a: Miami Terror|46\/100 tox|[from] psn\n|upkeep\n|turn|7\n|\n|t:|1696212232\n|switch|p2b: Landorus|Landorus-Therian, M|100\/100\n|-ability|p2b: Landorus|Intimidate|boost\n|-unboost|p1a: Miami Terror|atk|1\n|-unboost|p1b: Lana|atk|1\n|move|p1a: Miami Terror|Heat Wave|p2b: Landorus|[spread] p2a,p2b\n|-supereffective|p2a: Tinkaton\n|-damage|p2a: Tinkaton|0 fnt\n|-damage|p2b: Landorus|35\/100\n|faint|p2a: Tinkaton\n|move|p1b: Lana|Dazzling Gleam|p2b: Landorus\n|-damage|p2b: Landorus|0 fnt\n|faint|p2b: Landorus\n|\n|-heal|p1a: Miami Terror|53\/100 tox|[from] item: Leftovers\n|-damage|p1a: Miami Terror|40\/100 tox|[from] psn\n|upkeep\n|\n|t:|1696212246\n|switch|p2a: Gastrodon|Gastrodon-East, M, tera:Steel|70\/100\n|turn|8\n|\n|t:|1696212251\n|move|p1a: Miami Terror|Heat Wave|p2a: Gastrodon\n|-supereffective|p2a: Gastrodon\n|-damage|p2a: Gastrodon|0 fnt\n|faint|p2a: Gastrodon\n|\n|win|MirzaMirza\n|raw|MirzaMirza's rating: 1335 &rarr; <strong>1354<\/strong><br \/>(+19 for winning)\n|raw|DaBoi511's rating: 1325 &rarr; <strong>1306<\/strong><br \/>(-19 for losing)\n|l|\u2606DaBoi511\n|c|\u2606MirzaMirza|gg\n","uploadtime":1696213435,"views":6,"p1id":"mirzamirza","p2id":"daboi511","formatid":"gen9nationaldexdoubles","rating":1306,"private":0,"password":""}