{"id":"gen9nationaldexdoubles-1999635246","p1":"MoobleGooble","p2":"Aquiley","format":"[Gen 9] National Dex Doubles","log":"|j|\u2606MoobleGooble\n|j|\u2606Aquiley\n|t:|1701103224\n|gametype|doubles\n|player|p1|MoobleGooble|bianca|1101\n|player|p2|Aquiley|pokemonranger-gen4|1107\n|teamsize|p1|6\n|teamsize|p2|6\n|gen|9\n|tier|[Gen 9] National Dex Doubles\n|rated|\n|rule|HP Percentage Mod: HP is shown in percentages\n|rule|Endless Battle Clause: Forcing endless battles is banned\n|rule|OHKO Clause: OHKO moves are banned\n|rule|Evasion Moves Clause: Evasion moves are banned\n|rule|Evasion Abilities Clause: Evasion abilities are banned\n|rule|Species Clause: Limit one of each Pok\u00e9mon\n|rule|Gravity Sleep Clause: The combination of sleep-inducing moves with imperfect accuracy and Gravity or Gigantamax Orbeetle are banned\n|clearpoke\n|poke|p1|Oricorio-Pom-Pom, M|\n|poke|p1|Volcarona, M|\n|poke|p1|Pawmot, M|\n|poke|p1|Ninetales-Alola, M|\n|poke|p1|Indeedee-F, F|\n|poke|p1|Zoroark-Hisui, M|\n|poke|p2|Blaziken, M|\n|poke|p2|Alcremie-Caramel-Swirl, F|\n|poke|p2|Ditto|\n|poke|p2|Urshifu-*, M|\n|poke|p2|Maushold-Four|\n|poke|p2|Conkeldurr, F|\n|teampreview\n|\n|t:|1701103254\n|start\n|switch|p1a: Oricorio|Oricorio-Pom-Pom, M|100\/100\n|switch|p1b: Volcarona|Volcarona, M|100\/100\n|switch|p2a: Blaziken|Blaziken, M|100\/100\n|switch|p2b: Alcremie|Alcremie-Caramel-Swirl, F, shiny|100\/100\n|turn|1\n|\n|t:|1701103279\n|move|p1a: Oricorio|Tailwind|p1a: Oricorio\n|-sidestart|p1: MoobleGooble|move: Tailwind\n|move|p1b: Volcarona|Quiver Dance|p1b: Volcarona\n|-boost|p1b: Volcarona|spa|1\n|-boost|p1b: Volcarona|spd|1\n|-boost|p1b: Volcarona|spe|1\n|-activate|p1a: Oricorio|ability: Dancer\n|move|p1a: Oricorio|Quiver Dance|p1a: Oricorio|[from]ability: Dancer\n|-boost|p1a: Oricorio|spa|1\n|-boost|p1a: Oricorio|spd|1\n|-boost|p1a: Oricorio|spe|1\n|move|p2a: Blaziken|Knock Off|p1a: Oricorio\n|-damage|p1a: Oricorio|41\/100\n|-enditem|p1a: Oricorio|Focus Sash|[from] move: Knock Off|[of] p2a: Blaziken\n|move|p2b: Alcremie|Decorate|p2a: Blaziken\n|-boost|p2a: Blaziken|atk|2\n|-boost|p2a: Blaziken|spa|2\n|\n|-ability|p2a: Blaziken|Speed Boost|boost\n|-boost|p2a: Blaziken|spe|1\n|upkeep\n|turn|2\n|\n|t:|1701103337\n|detailschange|p2a: Blaziken|Blaziken-Mega, M\n|-mega|p2a: Blaziken|Blaziken|Blazikenite\n|move|p1a: Oricorio|Air Slash|p2a: Blaziken\n|-supereffective|p2a: Blaziken\n|-damage|p2a: Blaziken|0 fnt\n|faint|p2a: Blaziken\n|move|p1b: Volcarona|Fiery Dance|p2b: Alcremie\n|-damage|p2b: Alcremie|57\/100\n|-activate|p1a: Oricorio|ability: Dancer\n|move|p1a: Oricorio|Fiery Dance|p2b: Alcremie|[from]ability: Dancer\n|-damage|p2b: Alcremie|36\/100\n|move|p2b: Alcremie|Decorate|p2: Blaziken|[notarget]\n|-fail|p2b: Alcremie\n|\n|-heal|p2b: Alcremie|42\/100|[from] item: Leftovers\n|upkeep\n|\n|t:|1701103346\n|switch|p2a: Urshifu|Urshifu-Rapid-Strike, M|100\/100\n|turn|3\n|inactive|Battle timer is ON: inactive players will automatically lose when time's up. (requested by Aquiley)\n|\n|t:|1701103377\n|move|p2b: Alcremie|Protect|p2b: Alcremie\n|-singleturn|p2b: Alcremie|Protect\n|move|p1a: Oricorio|Revelation Dance|p2a: Urshifu\n|-supereffective|p2a: Urshifu\n|-enditem|p2a: Urshifu|Focus Sash\n|-damage|p2a: Urshifu|1\/100\n|move|p1b: Volcarona|Quiver Dance|p1b: Volcarona\n|-boost|p1b: Volcarona|spa|1\n|-boost|p1b: Volcarona|spd|1\n|-boost|p1b: Volcarona|spe|1\n|-activate|p1a: Oricorio|ability: Dancer\n|move|p1a: Oricorio|Quiver Dance|p1a: Oricorio|[from]ability: Dancer\n|-boost|p1a: Oricorio|spa|1\n|-boost|p1a: Oricorio|spd|1\n|-boost|p1a: Oricorio|spe|1\n|move|p2a: Urshifu|Thunder Punch|p1a: Oricorio\n|-damage|p1a: Oricorio|0 fnt\n|faint|p1a: Oricorio\n|\n|-heal|p2b: Alcremie|48\/100|[from] item: Leftovers\n|upkeep\n|\n|t:|1701103393\n|switch|p1a: Pawmot|Pawmot, M|100\/100\n|turn|4\n|inactive|Aquiley has 120 seconds left.\n|\n|t:|1701103425\n|move|p2a: Urshifu|Detect|p2a: Urshifu\n|-singleturn|p2a: Urshifu|Protect\n|move|p1a: Pawmot|Fake Out|p2a: Urshifu\n|-activate|p2a: Urshifu|move: Protect\n|move|p1b: Volcarona|Quiver Dance|p1b: Volcarona\n|-boost|p1b: Volcarona|spa|1\n|-boost|p1b: Volcarona|spd|1\n|-boost|p1b: Volcarona|spe|1\n|move|p2b: Alcremie|Decorate|p2a: Urshifu\n|-boost|p2a: Urshifu|atk|2\n|-boost|p2a: Urshifu|spa|2\n|\n|-heal|p2b: Alcremie|53\/100|[from] item: Leftovers\n|-sideend|p1: MoobleGooble|move: Tailwind\n|upkeep\n|turn|5\n|\n|t:|1701103444\n|move|p2a: Urshifu|Aqua Jet|p1b: Volcarona\n|-supereffective|p1b: Volcarona\n|-damage|p1b: Volcarona|0 fnt\n|faint|p1b: Volcarona\n|move|p1a: Pawmot|Revival Blessing|p1a: Pawmot\n|-enditem|p1a: Pawmot|Leppa Berry|[eat]\n|-activate|p1a: Pawmot|item: Leppa Berry|Revival Blessing|[consumed]\n|\n|t:|1701103454\n|-heal|p1: Volcarona|50\/100|[from] move: Revival Blessing\n|switch|p1b: Volcarona|Volcarona, M|50\/100\n|move|p2b: Alcremie|Draining Kiss|p1a: Pawmot\n|-supereffective|p1a: Pawmot\n|-damage|p1a: Pawmot|36\/100\n|-heal|p2b: Alcremie|94\/100|[from] drain|[of] p1a: Pawmot\n|\n|-heal|p2b: Alcremie|99\/100|[from] item: Leftovers\n|upkeep\n|turn|6\n|\n|t:|1701103471\n|switch|p1b: Indeedee|Indeedee-F, F|100\/100\n|move|p2a: Urshifu|Aqua Jet|p1b: Indeedee\n|-damage|p1b: Indeedee|31\/100\n|move|p1a: Pawmot|Revival Blessing|p1a: Pawmot\n|\n|t:|1701103478\n|-heal|p1: Oricorio|50\/100|[from] move: Revival Blessing\n|move|p2b: Alcremie|Draining Kiss|p1a: Pawmot\n|-supereffective|p1a: Pawmot\n|-damage|p1a: Pawmot|0 fnt\n|-heal|p2b: Alcremie|100\/100|[from] drain|[of] p1a: Pawmot\n|faint|p1a: Pawmot\n|\n|upkeep\n|\n|t:|1701103486\n|switch|p1a: Ninetales|Ninetales-Alola, M|100\/100\n|-weather|Snow|[from] ability: Snow Warning|[of] p1a: Ninetales\n|turn|7\n|\n|t:|1701103494\n|move|p2a: Urshifu|Detect|p2a: Urshifu\n|-singleturn|p2a: Urshifu|Protect\n|move|p1b: Indeedee|Fake Out|p2a: Urshifu\n|-activate|p2a: Urshifu|move: Protect\n|move|p2b: Alcremie|Baby-Doll Eyes|p1b: Indeedee\n|-unboost|p1b: Indeedee|atk|1\n|move|p1a: Ninetales|Aurora Veil|p1a: Ninetales\n|-sidestart|p1: MoobleGooble|move: Aurora Veil\n|\n|-weather|Snow|[upkeep]\n|upkeep\n|turn|8\n|\n|t:|1701103518\n|move|p1b: Indeedee|Follow Me|p1b: Indeedee\n|-singleturn|p1b: Indeedee|move: Follow Me\n|move|p2a: Urshifu|Aqua Jet|p1b: Indeedee\n|-damage|p1b: Indeedee|0 fnt\n|faint|p1b: Indeedee\n|move|p1a: Ninetales|Dazzling Gleam|p2b: Alcremie|[spread] p2a,p2b\n|-supereffective|p2a: Urshifu\n|-damage|p2a: Urshifu|0 fnt\n|-damage|p2b: Alcremie|86\/100\n|faint|p2a: Urshifu\n|move|p2b: Alcremie|Draining Kiss|p1a: Ninetales\n|-damage|p1a: Ninetales|84\/100\n|-heal|p2b: Alcremie|96\/100|[from] drain|[of] p1a: Ninetales\n|\n|-weather|Snow|[upkeep]\n|-heal|p1a: Ninetales|90\/100|[from] item: Leftovers\n|-heal|p2b: Alcremie|100\/100|[from] item: Leftovers\n|upkeep\n|\n|t:|1701103543\n|switch|p2a: Ditto|Ditto|100\/100\n|switch|p1b: Oricorio|Oricorio-Pom-Pom, M|100\/100\n|turn|9\n|\n|t:|1701103566\n|switch|p2a: Conkeldurr|Conkeldurr, F|100\/100\n|move|p2b: Alcremie|Protect|p2b: Alcremie\n|-singleturn|p2b: Alcremie|Protect\n|move|p1b: Oricorio|Nasty Plot|p1b: Oricorio\n|-boost|p1b: Oricorio|spa|2\n|move|p1a: Ninetales|Calm Mind|p1a: Ninetales\n|-boost|p1a: Ninetales|spa|1\n|-boost|p1a: Ninetales|spd|1\n|\n|-weather|Snow|[upkeep]\n|-heal|p1a: Ninetales|96\/100|[from] item: Leftovers\n|-status|p2a: Conkeldurr|brn|[from] item: Flame Orb\n|upkeep\n|turn|10\n|\n|t:|1701103594\n|move|p1b: Oricorio|Extrasensory|p2a: Conkeldurr\n|-supereffective|p2a: Conkeldurr\n|-damage|p2a: Conkeldurr|0 fnt\n|faint|p2a: Conkeldurr\n|move|p1a: Ninetales|Dazzling Gleam|p2b: Alcremie\n|-damage|p2b: Alcremie|71\/100\n|move|p2b: Alcremie|Decorate|p2: Conkeldurr|[notarget]\n|-fail|p2b: Alcremie\n|\n|-weather|Snow|[upkeep]\n|-heal|p1a: Ninetales|100\/100|[from] item: Leftovers\n|-heal|p2b: Alcremie|77\/100|[from] item: Leftovers\n|upkeep\n|\n|t:|1701103606\n|switch|p2a: Ditto|Ditto|100\/100\n|turn|11\n|\n|t:|1701103628\n|move|p2b: Alcremie|Protect|p2b: Alcremie\n|-singleturn|p2b: Alcremie|Protect\n|move|p1b: Oricorio|Focus Blast|p2a: Ditto\n|-supereffective|p2a: Ditto\n|-damage|p2a: Ditto|0 fnt\n|faint|p2a: Ditto\n|move|p1a: Ninetales|Calm Mind|p1a: Ninetales\n|-boost|p1a: Ninetales|spa|1\n|-boost|p1a: Ninetales|spd|1\n|\n|-weather|none\n|-heal|p2b: Alcremie|83\/100|[from] item: Leftovers\n|-sideend|p1: MoobleGooble|move: Aurora Veil\n|upkeep\n|-message|Aquiley forfeited.\n|\n|win|MoobleGooble\n|raw|MoobleGooble's rating: 1101 &rarr; <strong>1128<\/strong><br \/>(+27 for winning)\n|raw|Aquiley's rating: 1133 &rarr; <strong>1106<\/strong><br \/>(-27 for losing)\n|l|\u2606Aquiley\n","uploadtime":1701103656,"views":0,"p1id":"mooblegooble","p2id":"aquiley","formatid":"gen9nationaldexdoubles","rating":1106,"private":0,"password":""}