{"id":"gen9nationaldexdoubles-1973024757","p1":"Dragonnightwing","p2":"Sacha77500","format":"[Gen 9] National Dex Doubles","log":"|j|\u2606Dragonnightwing\n|j|\u2606Sacha77500\n|t:|1697919591\n|gametype|doubles\n|player|p1|Dragonnightwing|lance|\n|player|p2|Sacha77500|alder|\n|teamsize|p1|6\n|teamsize|p2|6\n|gen|9\n|tier|[Gen 9] National Dex Doubles\n|rule|HP Percentage Mod: HP is shown in percentages\n|rule|Endless Battle Clause: Forcing endless battles is banned\n|rule|OHKO Clause: OHKO moves are banned\n|rule|Evasion Moves Clause: Evasion moves are banned\n|rule|Evasion Abilities Clause: Evasion abilities are banned\n|rule|Species Clause: Limit one of each Pok\u00e9mon\n|rule|Gravity Sleep Clause: The combination of sleep-inducing moves with imperfect accuracy and Gravity or Gigantamax Orbeetle are banned\n|clearpoke\n|poke|p1|Corviknight, F|\n|poke|p1|Empoleon, M|\n|poke|p1|Duraludon, M|\n|poke|p1|Aegislash, F|\n|poke|p1|Metagross|\n|poke|p1|Kingambit, F|\n|poke|p2|Gholdengo|\n|poke|p2|Chandelure, F|\n|poke|p2|Gengar, F|\n|poke|p2|Zoroark-Hisui, M|\n|poke|p2|Basculegion-F, F|\n|poke|p2|Ceruledge, M|\n|teampreview\n|inactive|Battle timer is ON: inactive players will automatically lose when time's up. (requested by Sacha77500)\n|c|\u2606Sacha77500|glhf\n|\n|t:|1697919608\n|start\n|switch|p1a: Sire|Corviknight, F|100\/100\n|switch|p1b: Napoleon|Empoleon, M|100\/100\n|switch|p2a: Ficello|Gholdengo|100\/100\n|switch|p2b: Shwoeds|Ceruledge, M|100\/100\n|-ability|p1a: Sire|Pressure\n|turn|1\n|\n|t:|1697919623\n|move|p2a: Ficello|Trick|p1a: Sire\n|-activate|p2a: Ficello|move: Trick|[of] p1a: Sire\n|-item|p1a: Sire|Choice Scarf|[from] move: Trick\n|-item|p2a: Ficello|Rocky Helmet|[from] move: Trick\n|move|p2b: Shwoeds|Swords Dance|p2b: Shwoeds\n|-boost|p2b: Shwoeds|atk|2\n|move|p1a: Sire|Bulk Up|p1a: Sire\n|-boost|p1a: Sire|atk|1\n|-boost|p1a: Sire|def|1\n|move|p1b: Napoleon|Surf|p2b: Shwoeds|[spread] p1a,p2a,p2b\n|-supereffective|p2b: Shwoeds\n|-damage|p1a: Sire|65\/100\n|-damage|p2a: Ficello|57\/100\n|-damage|p2b: Shwoeds|16\/100\n|\n|upkeep\n|turn|2\n|\n|t:|1697919653\n|switch|p1a: Agatha|Aegislash, F|100\/100\n|move|p2a: Ficello|Nasty Plot|p2a: Ficello\n|-boost|p2a: Ficello|spa|2\n|move|p2b: Shwoeds|Close Combat|p1b: Napoleon\n|-supereffective|p1b: Napoleon\n|-damage|p1b: Napoleon|0 fnt\n|-unboost|p2b: Shwoeds|def|1\n|-unboost|p2b: Shwoeds|spd|1\n|faint|p1b: Napoleon\n|\n|upkeep\n|inactive|Dragonnightwing has 270 seconds left.\n|\n|t:|1697919667\n|switch|p1b: Sire|Corviknight, F|65\/100\n|-ability|p1b: Sire|Pressure\n|turn|3\n|\n|t:|1697919685\n|move|p2a: Ficello|Shadow Ball|p1a: Agatha\n|-supereffective|p1a: Agatha\n|-damage|p1a: Agatha|6\/100\n|move|p2b: Shwoeds|Bitter Blade|p1b: Sire\n|-supereffective|p1b: Sire\n|-damage|p1b: Sire|0 fnt\n|-heal|p2b: Shwoeds|60\/100|[from] drain|[of] p1b: Sire\n|faint|p1b: Sire\n|-formechange|p1a: Agatha|Aegislash-Blade||[from] ability: Stance Change\n|move|p1a: Agatha|Air Slash|p2a: Ficello\n|-resisted|p2a: Ficello\n|-damage|p2a: Ficello|43\/100\n|\n|upkeep\n|inactive|Dragonnightwing has 270 seconds left.\n|\n|t:|1697919709\n|switch|p1b: Shelldon|Metagross|100\/100\n|turn|4\n|\n|t:|1697919724\n|move|p2a: Ficello|Shadow Ball|p1a: Agatha\n|-supereffective|p1a: Agatha\n|-damage|p1a: Agatha|0 fnt\n|faint|p1a: Agatha\n|move|p2b: Shwoeds|Bitter Blade|p1b: Shelldon\n|-supereffective|p1b: Shelldon\n|-damage|p1b: Shelldon|0 fnt\n|-heal|p2b: Shwoeds|100\/100|[from] drain|[of] p1b: Shelldon\n|faint|p1b: Shelldon\n|\n|upkeep\n|\n|t:|1697919736\n|switch|p1b: Chess|Kingambit, F|100\/100\n|switch|p1a: Donnie|Duraludon, M|100\/100\n|-activate|p1b: Chess|ability: Supreme Overlord\n|-start|p1b: Chess|fallen4|[silent]\n|turn|5\n|\n|t:|1697919754\n|move|p1b: Chess|Sucker Punch||[still]\n|-fail|p1b: Chess\n|move|p2a: Ficello|Make It Rain|p1b: Chess|[spread] p1a,p1b\n|-resisted|p1a: Donnie\n|-crit|p1a: Donnie\n|-resisted|p1b: Chess\n|-damage|p1a: Donnie|0 fnt\n|-damage|p1b: Chess|71\/100\n|-unboost|p2a: Ficello|spa|1\n|faint|p1a: Donnie\n|move|p2b: Shwoeds|Swords Dance|p2b: Shwoeds\n|-boost|p2b: Shwoeds|atk|2\n|\n|upkeep\n|turn|6\n|\n|t:|1697919778\n|move|p1b: Chess|Sucker Punch|p2b: Shwoeds\n|-supereffective|p2b: Shwoeds\n|-enditem|p2b: Shwoeds|Focus Sash\n|-damage|p2b: Shwoeds|1\/100\n|-ability|p2b: Shwoeds|Weak Armor|boost\n|-unboost|p2b: Shwoeds|def|1\n|-boost|p2b: Shwoeds|spe|2\n|move|p2b: Shwoeds|Close Combat|p1b: Chess\n|-supereffective|p1b: Chess\n|-damage|p1b: Chess|0 fnt\n|-unboost|p2b: Shwoeds|def|1\n|-unboost|p2b: Shwoeds|spd|1\n|faint|p1b: Chess\n|-end|p1b: Chess|fallen4|[silent]\n|\n|win|Sacha77500\n|c|\u2606Sacha77500|ggwp\n|c|\u2606Dragonnightwing|Gg\n","uploadtime":1697919790,"views":8,"p1id":"dragonnightwing","p2id":"sacha77500","formatid":"gen9nationaldexdoubles","rating":0,"private":0,"password":""}