{"id":"gen9nationaldexdoubles-1976136711","p1":"The power of ROCK","p2":"ShrimpTheShrimp","format":"[Gen 9] National Dex Doubles","log":"|j|\u2606The power of ROCK\n|j|\u2606ShrimpTheShrimp\n|t:|1698266868\n|gametype|doubles\n|player|p1|The power of ROCK|roark|\n|player|p2|ShrimpTheShrimp|ltsurge|\n|teamsize|p1|6\n|teamsize|p2|6\n|gen|9\n|tier|[Gen 9] National Dex Doubles\n|rated|Tournament battle\n|rule|HP Percentage Mod: HP is shown in percentages\n|rule|Endless Battle Clause: Forcing endless battles is banned\n|rule|OHKO Clause: OHKO moves are banned\n|rule|Evasion Moves Clause: Evasion moves are banned\n|rule|Evasion Abilities Clause: Evasion abilities are banned\n|rule|Species Clause: Limit one of each Pok\u00e9mon\n|rule|Gravity Sleep Clause: The combination of sleep-inducing moves with imperfect accuracy and Gravity or Gigantamax Orbeetle are banned\n|clearpoke\n|poke|p1|Tyranitar, M|\n|poke|p1|Garganacl, F|\n|poke|p1|Stakataka|\n|poke|p1|Aggron, F|\n|poke|p1|Ogerpon-Cornerstone, F|\n|poke|p1|Shuckle, M|\n|poke|p2|Rillaboom, F|\n|poke|p2|Entei|\n|poke|p2|Charizard, F|\n|poke|p2|Lilligant-Hisui, F|\n|poke|p2|Walking Wake|\n|poke|p2|Chi-Yu|\n|teampreview\n|c|\u2606The power of ROCK|Welcome to the ROCK gym\n|c|\u2606ShrimpTheShrimp|Now this is certainly a suboptimal MU\n|c|\u2606ShrimpTheShrimp|lmao\n|c|\u2606ShrimpTheShrimp|this is great though\n|j| Beyond Subzero\n|j| Daepiquejt\n|\n|t:|1698266904\n|start\n|switch|p1a: Stakataka|Stakataka|100\/100\n|switch|p1b: Ogerpon|Ogerpon-Cornerstone, F|100\/100\n|switch|p2a: Charizard|Charizard, F, shiny|100\/100\n|switch|p2b: Chi-Yu|Chi-Yu|100\/100\n|-ability|p2b: Chi-Yu|Beads of Ruin\n|turn|1\n|\n|t:|1698266922\n|detailschange|p2a: Charizard|Charizard-Mega-Y, F, shiny\n|-mega|p2a: Charizard|Charizard|Charizardite Y\n|-weather|SunnyDay|[from] ability: Drought|[of] p2a: Charizard\n|move|p1b: Ogerpon|Ivy Cudgel|p2a: Charizard\n|-supereffective|p2a: Charizard\n|-crit|p2a: Charizard\n|-damage|p2a: Charizard|0 fnt\n|faint|p2a: Charizard\n|move|p2b: Chi-Yu|Heat Wave|p1a: Stakataka|[spread] p1a,p1b\n|-enditem|p1a: Stakataka|Focus Sash\n|-damage|p1a: Stakataka|1\/100\n|-ability|p1b: Ogerpon|Sturdy\n|-damage|p1b: Ogerpon|1\/100\n|-status|p1a: Stakataka|brn\n|move|p1a: Stakataka|Trick Room|p1a: Stakataka\n|-fieldstart|move: Trick Room|[of] p1a: Stakataka\n|\n|-weather|SunnyDay|[upkeep]\n|-damage|p1a: Stakataka|0 fnt|[from] brn\n|faint|p1a: Stakataka\n|upkeep\n|\n|t:|1698266936\n|switch|p1a: Tyranitar|Tyranitar, M|100\/100\n|switch|p2a: Rillaboom|Rillaboom, F, shiny|100\/100\n|-weather|Sandstorm|[from] ability: Sand Stream|[of] p1a: Tyranitar\n|-fieldstart|move: Grassy Terrain|[from] ability: Grassy Surge|[of] p2a: Rillaboom\n|turn|2\n|\n|t:|1698266953\n|switch|p1a: Shuckle|Shuckle, M|100\/100\n|switch|p2b: Lilligant|Lilligant-Hisui, F, shiny|100\/100\n|move|p2a: Rillaboom|Fake Out|p1a: Shuckle\n|-resisted|p1a: Shuckle\n|-damage|p1a: Shuckle|96\/100\n|move|p1b: Ogerpon|Ivy Cudgel|p2b: Lilligant\n|-resisted|p2b: Lilligant\n|-damage|p2b: Lilligant|66\/100\n|\n|-weather|Sandstorm|[upkeep]\n|-damage|p2a: Rillaboom|94\/100|[from] Sandstorm\n|-damage|p2b: Lilligant|60\/100|[from] Sandstorm\n|-heal|p1a: Shuckle|100\/100|[from] Grassy Terrain\n|-heal|p2a: Rillaboom|100\/100|[from] Grassy Terrain\n|-heal|p2b: Lilligant|66\/100|[from] Grassy Terrain\n|-heal|p1b: Ogerpon|7\/100|[from] Grassy Terrain\n|upkeep\n|turn|3\n|j| eragon11145\n|\n|t:|1698266972\n|switch|p1b: Garganacl|Garganacl, F|100\/100\n|move|p2a: Rillaboom|Grassy Glide|p1b: Garganacl\n|-supereffective|p1b: Garganacl\n|-damage|p1b: Garganacl|32\/100\n|move|p1a: Shuckle|Guard Split|p1b: Garganacl\n|-activate|p1a: Shuckle|move: Guard Split|[of] p1b: Garganacl\n|move|p2b: Lilligant|Sleep Powder|p1a: Shuckle|[miss]\n|-miss|p2b: Lilligant|p1a: Shuckle\n|\n|-weather|Sandstorm|[upkeep]\n|-damage|p2a: Rillaboom|94\/100|[from] Sandstorm\n|-damage|p2b: Lilligant|60\/100|[from] Sandstorm\n|-heal|p1b: Garganacl|38\/100|[from] Grassy Terrain\n|-heal|p2a: Rillaboom|100\/100|[from] Grassy Terrain\n|-heal|p2b: Lilligant|66\/100|[from] Grassy Terrain\n|upkeep\n|turn|4\n|\n|t:|1698266990\n|-terastallize|p1b: Garganacl|Ghost\n|-terastallize|p2a: Rillaboom|Grass\n|move|p1a: Shuckle|Sticky Web|p2a: Rillaboom\n|-sidestart|p2: ShrimpTheShrimp|move: Sticky Web\n|move|p1b: Garganacl|Recover|p1b: Garganacl\n|-heal|p1b: Garganacl|88\/100\n|move|p2a: Rillaboom|Wood Hammer|p1b: Garganacl\n|-damage|p1b: Garganacl|26\/100\n|-damage|p2a: Rillaboom|79\/100|[from] Recoil\n|move|p2b: Lilligant|Sleep Powder|p1a: Shuckle\n|-status|p1a: Shuckle|slp|[from] move: Sleep Powder\n|\n|-weather|Sandstorm|[upkeep]\n|-damage|p1b: Garganacl|20\/100|[from] Sandstorm\n|-damage|p2a: Rillaboom|73\/100|[from] Sandstorm\n|-damage|p2b: Lilligant|60\/100|[from] Sandstorm\n|-heal|p1b: Garganacl|26\/100|[from] Grassy Terrain\n|-heal|p2a: Rillaboom|79\/100|[from] Grassy Terrain\n|-heal|p2b: Lilligant|66\/100|[from] Grassy Terrain\n|upkeep\n|turn|5\n|\n|t:|1698267043\n|switch|p1b: Aggron|Aggron, F|100\/100\n|switch|p2b: Walking Wake|Walking Wake|100\/100\n|-activate|p2b: Walking Wake|move: Sticky Web\n|-unboost|p2b: Walking Wake|spe|1\n|move|p2a: Rillaboom|Grassy Glide|p1b: Aggron\n|-damage|p1b: Aggron|70\/100\n|cant|p1a: Shuckle|slp\n|\n|-weather|Sandstorm|[upkeep]\n|-damage|p2a: Rillaboom|73\/100|[from] Sandstorm\n|-damage|p2b: Walking Wake|94\/100|[from] Sandstorm\n|-heal|p1b: Aggron|76\/100|[from] Grassy Terrain\n|-heal|p2a: Rillaboom|79\/100|[from] Grassy Terrain\n|-heal|p2b: Walking Wake|100\/100|[from] Grassy Terrain\n|-fieldend|move: Trick Room\n|upkeep\n|turn|6\n|\n|t:|1698267069\n|detailschange|p1b: Aggron|Aggron-Mega, F\n|-mega|p1b: Aggron|Aggron|Aggronite\n|move|p2b: Walking Wake|Hydro Steam|p1b: Aggron\n|-damage|p1b: Aggron|9\/100\n|-damage|p2b: Walking Wake|91\/100|[from] item: Life Orb\n|move|p2a: Rillaboom|Wood Hammer|p1a: Shuckle\n|-damage|p1a: Shuckle|2\/100 slp\n|-damage|p2a: Rillaboom|58\/100|[from] Recoil\n|move|p1b: Aggron|Body Press|p2b: Walking Wake\n|-damage|p2b: Walking Wake|37\/100\n|cant|p1a: Shuckle|slp\n|\n|-weather|none\n|-heal|p2b: Walking Wake|44\/100|[from] Grassy Terrain\n|-heal|p2a: Rillaboom|64\/100|[from] Grassy Terrain\n|-heal|p1b: Aggron|15\/100|[from] Grassy Terrain\n|-heal|p1a: Shuckle|8\/100 slp|[from] Grassy Terrain\n|-heal|p1a: Shuckle|14\/100 slp|[from] item: Leftovers\n|-fieldend|move: Grassy Terrain\n|upkeep\n|turn|7\n|\n|t:|1698267093\n|switch|p2a: Lilligant|Lilligant-Hisui, F, shiny|66\/100\n|-activate|p2a: Lilligant|move: Sticky Web\n|-unboost|p2a: Lilligant|spe|1\n|move|p2b: Walking Wake|Flamethrower|p1b: Aggron\n|-supereffective|p1b: Aggron\n|-damage|p1b: Aggron|0 fnt\n|faint|p1b: Aggron\n|-damage|p2b: Walking Wake|34\/100|[from] item: Life Orb\n|-curestatus|p1a: Shuckle|slp|[msg]\n|move|p1a: Shuckle|Infestation|p2b: Walking Wake\n|-damage|p2b: Walking Wake|32\/100\n|-activate|p2b: Walking Wake|move: Infestation|[of] p1a: Shuckle\n|\n|-heal|p1a: Shuckle|21\/100|[from] item: Leftovers\n|-damage|p2b: Walking Wake|19\/100|[from] move: Infestation|[partiallytrapped]\n|upkeep\n|\n|t:|1698267098\n|switch|p1b: Tyranitar|Tyranitar, M|100\/100\n|-weather|Sandstorm|[from] ability: Sand Stream|[of] p1b: Tyranitar\n|turn|8\n|\n|t:|1698267125\n|switch|p1a: Ogerpon|Ogerpon-Cornerstone, F|7\/100\n|move|p2b: Walking Wake|Hydro Steam|p1b: Tyranitar\n|-supereffective|p1b: Tyranitar\n|-damage|p1b: Tyranitar|71\/100\n|-damage|p2b: Walking Wake|10\/100|[from] item: Life Orb\n|move|p2a: Lilligant|Sleep Powder|p1b: Tyranitar\n|-status|p1b: Tyranitar|slp|[from] move: Sleep Powder\n|cant|p1b: Tyranitar|slp\n|\n|-weather|Sandstorm|[upkeep]\n|-damage|p2b: Walking Wake|3\/100|[from] Sandstorm\n|-damage|p2a: Lilligant|60\/100|[from] Sandstorm\n|-end|p2b: Walking Wake|Infestation|[partiallytrapped]|[silent]\n|upkeep\n|turn|9\n|\n|t:|1698267150\n|switch|p1b: Garganacl|Garganacl, F, tera:Ghost|26\/100\n|move|p1a: Ogerpon|Encore|p2a: Lilligant\n|-start|p2a: Lilligant|Encore\n|move|p2b: Walking Wake|Hydro Steam|p1b: Garganacl\n|-damage|p1b: Garganacl|0 fnt\n|faint|p1b: Garganacl\n|-damage|p2b: Walking Wake|0 fnt|[from] item: Life Orb\n|faint|p2b: Walking Wake\n|-end|p2b: Walking Wake|Protosynthesis|[silent]\n|move|p2a: Lilligant|Sleep Powder|p1a: Ogerpon\n|-immune|p1a: Ogerpon\n|\n|-weather|Sandstorm|[upkeep]\n|-damage|p2a: Lilligant|54\/100|[from] Sandstorm\n|upkeep\n|\n|t:|1698267158\n|switch|p2b: Rillaboom|Rillaboom, F, shiny, tera:Grass|64\/100\n|switch|p1b: Shuckle|Shuckle, M|21\/100\n|-activate|p2b: Rillaboom|move: Sticky Web\n|-unboost|p2b: Rillaboom|spe|1\n|-fieldstart|move: Grassy Terrain|[from] ability: Grassy Surge|[of] p2b: Rillaboom\n|turn|10\n|-message|The power of ROCK forfeited.\n|\n|win|ShrimpTheShrimp\n|n|\u2606The power of ROCK|thepowerofrock\n|n|\u2606ShrimpTheShrimp|shrimptheshrimp\n|n| Beyond Subzero|beyondsubzero\n|n| Daepiquejt|daepiquejt\n|n| eragon11145|eragon11145\n|c|\u2606The power of ROCK|gg lol\n|c|\u2606ShrimpTheShrimp|gg\n|l|\u2606The power of ROCK\n|l| eragon11145\n|l|\u2606ShrimpTheShrimp\n","uploadtime":1698267167,"views":7,"p1id":"thepowerofrock","p2id":"shrimptheshrimp","formatid":"gen9nationaldexdoubles","rating":0,"private":0,"password":""}