{"id":"gen9nationaldexdoubles-1968221911","p1":"lxvliiz","p2":"u mad loser?","format":"[Gen 9] National Dex Doubles","log":"|j|\u2606lxvliiz\n|j|\u2606u mad loser?\n|t:|1697396294\n|gametype|doubles\n|player|p1|lxvliiz|101|1043\n|player|p2|u mad loser?|lucas|1000\n|teamsize|p1|6\n|teamsize|p2|6\n|gen|9\n|tier|[Gen 9] National Dex Doubles\n|rated|\n|rule|HP Percentage Mod: HP is shown in percentages\n|rule|Endless Battle Clause: Forcing endless battles is banned\n|rule|OHKO Clause: OHKO moves are banned\n|rule|Evasion Moves Clause: Evasion moves are banned\n|rule|Evasion Abilities Clause: Evasion abilities are banned\n|rule|Species Clause: Limit one of each Pok\u00e9mon\n|rule|Gravity Sleep Clause: The combination of sleep-inducing moves with imperfect accuracy and Gravity or Gigantamax Orbeetle are banned\n|clearpoke\n|poke|p1|Rillaboom, M|\n|poke|p1|Volcarona, F|\n|poke|p1|Blaziken, F|\n|poke|p1|Ogerpon-Cornerstone, F|\n|poke|p1|Torkoal, F|\n|poke|p1|Lilligant-Hisui, F|\n|poke|p2|Indeedee, M|\n|poke|p2|Regieleki|\n|poke|p2|Meowscarada, F|\n|poke|p2|Spectrier|\n|poke|p2|Murkrow, M|\n|poke|p2|Shuckle, F|\n|teampreview\n|\n|t:|1697396301\n|start\n|switch|p1a: hi|Ogerpon-Cornerstone, F|100\/100\n|switch|p1b: there|Torkoal, F|100\/100\n|switch|p2a: Murkrow|Murkrow, M|100\/100\n|switch|p2b: Shuckle|Shuckle, F|100\/100\n|-weather|SunnyDay|[from] ability: Drought|[of] p1b: there\n|turn|1\n|\n|t:|1697396365\n|-terastallize|p1a: hi|Rock\n|detailschange|p1a: hi|Ogerpon-Cornerstone-Tera, F, tera:Rock\n|-ability|p1a: hi|Embody Aspect (Cornerstone)|boost\n|-boost|p1a: hi|def|1\n|move|p1a: hi|Follow Me|p1a: hi\n|-singleturn|p1a: hi|move: Follow Me\n|move|p2a: Murkrow|Taunt|p1a: hi\n|-start|p1a: hi|move: Taunt\n|move|p1b: there|Eruption|p2a: Murkrow|[spread] p2a,p2b\n|-damage|p2a: Murkrow|2\/100\n|-damage|p2b: Shuckle|71\/100\n|move|p2b: Shuckle|Stealth Rock|p1b: there\n|-sidestart|p1: lxvliiz|move: Stealth Rock\n|\n|-weather|SunnyDay|[upkeep]\n|upkeep\n|turn|2\n|inactive|Battle timer is ON: inactive players will automatically lose when time's up. (requested by lxvliiz)\n|\n|t:|1697396425\n|move|p2a: Murkrow|Tailwind|p2a: Murkrow\n|-sidestart|p2: u mad loser?|move: Tailwind\n|move|p1a: hi|Ivy Cudgel|p2a: Murkrow\n|-supereffective|p2a: Murkrow\n|-damage|p2a: Murkrow|0 fnt\n|faint|p2a: Murkrow\n|move|p2b: Shuckle|Power Split|p1b: there\n|-activate|p2b: Shuckle|move: Power Split|[of] p1b: there\n|move|p1b: there|Eruption|p2b: Shuckle\n|-damage|p2b: Shuckle|47\/100\n|\n|-weather|SunnyDay|[upkeep]\n|upkeep\n|\n|t:|1697396441\n|switch|p2a: Regieleki|Regieleki|100\/100\n|turn|3\n|\n|t:|1697396465\n|move|p2a: Regieleki|Electro Ball|p1b: there\n|-damage|p1b: there|0 fnt\n|faint|p1b: there\n|move|p1a: hi|Ivy Cudgel|p2a: Regieleki\n|-enditem|p2a: Regieleki|Focus Sash\n|-damage|p2a: Regieleki|1\/100\n|move|p2b: Shuckle|Sticky Web|p1a: hi\n|-sidestart|p1: lxvliiz|move: Sticky Web\n|\n|-weather|SunnyDay|[upkeep]\n|upkeep\n|\n|t:|1697396474\n|switch|p1b: Blaziken|Blaziken, F|100\/100\n|-damage|p1b: Blaziken|88\/100|[from] Stealth Rock\n|-activate|p1b: Blaziken|move: Sticky Web\n|-unboost|p1b: Blaziken|spe|1\n|turn|4\n|inactive|u mad loser? has 120 seconds left.\n|\n|t:|1697396506\n|detailschange|p1b: Blaziken|Blaziken-Mega, F\n|-mega|p1b: Blaziken|Blaziken|Blazikenite\n|move|p1b: Blaziken|Protect|p1b: Blaziken\n|-singleturn|p1b: Blaziken|Protect\n|move|p2a: Regieleki|Electro Ball|p1b: Blaziken\n|-activate|p1b: Blaziken|move: Protect\n|move|p1a: hi|Ivy Cudgel|p2a: Regieleki\n|-damage|p2a: Regieleki|0 fnt\n|faint|p2a: Regieleki\n|move|p2b: Shuckle|Toxic|p1a: hi|[miss]\n|-miss|p2b: Shuckle|p1a: hi\n|\n|-weather|SunnyDay|[upkeep]\n|-end|p1a: hi|move: Taunt\n|-ability|p1b: Blaziken|Speed Boost|boost\n|-boost|p1b: Blaziken|spe|1\n|upkeep\n|\n|t:|1697396510\n|switch|p2a: Indeedee|Indeedee, M|100\/100\n|-fieldstart|move: Psychic Terrain|[from] ability: Psychic Surge|[of] p2a: Indeedee\n|turn|5\n|\n|t:|1697396534\n|switch|p2b: Meowscarada|Meowscarada, F|100\/100\n|-terastallize|p2a: Indeedee|Psychic\n|move|p1a: hi|Follow Me|p1a: hi\n|-singleturn|p1a: hi|move: Follow Me\n|move|p2a: Indeedee|Expanding Force|p1b: Blaziken|[spread] p1a,p1b\n|-supereffective|p1b: Blaziken\n|-damage|p1a: hi|27\/100\n|-damage|p1b: Blaziken|0 fnt\n|faint|p1b: Blaziken\n|\n|-weather|SunnyDay|[upkeep]\n|-sideend|p2: u mad loser?|move: Tailwind\n|upkeep\n|c|\u2606lxvliiz|damn\n|inactive|lxvliiz has 120 seconds left.\n|\n|t:|1697396549\n|switch|p1b: Volcarona|Volcarona, F|100\/100\n|-damage|p1b: Volcarona|51\/100|[from] Stealth Rock\n|-activate|p1b: Volcarona|move: Sticky Web\n|-unboost|p1b: Volcarona|spe|1\n|turn|6\n|\n|t:|1697396568\n|move|p2b: Meowscarada|Shadow Claw|p1b: Volcarona\n|-start|p2b: Meowscarada|typechange|Ghost|[from] ability: Protean\n|-damage|p1b: Volcarona|6\/100\n|-status|p2b: Meowscarada|brn|[from] ability: Flame Body|[of] p1b: Volcarona\n|-enditem|p1b: Volcarona|Wiki Berry|[eat]\n|-heal|p1b: Volcarona|39\/100|[from] item: Wiki Berry\n|move|p2a: Indeedee|Expanding Force|p1a: hi|[spread] p1a,p1b\n|-damage|p1a: hi|0 fnt\n|-damage|p1b: Volcarona|0 fnt\n|faint|p1a: hi\n|faint|p1b: Volcarona\n|\n|-weather|SunnyDay|[upkeep]\n|-damage|p2b: Meowscarada|94\/100 brn|[from] brn\n|upkeep\n|\n|t:|1697396582\n|switch|p1a: Lilligant|Lilligant-Hisui, F|100\/100\n|switch|p1b: Rillaboom|Rillaboom, M|100\/100\n|-damage|p1a: Lilligant|94\/100|[from] Stealth Rock\n|-activate|p1a: Lilligant|move: Sticky Web\n|-unboost|p1a: Lilligant|spe|1\n|-damage|p1b: Rillaboom|88\/100|[from] Stealth Rock\n|-activate|p1b: Rillaboom|move: Sticky Web\n|-unboost|p1b: Rillaboom|spe|1\n|-fieldstart|move: Grassy Terrain|[from] ability: Grassy Surge|[of] p1b: Rillaboom\n|-enditem|p1b: Rillaboom|Grassy Seed\n|-boost|p1b: Rillaboom|def|1|[from] item: Grassy Seed\n|turn|7\n|inactive|u mad loser? has 120 seconds left.\n|\n|t:|1697396618\n|switch|p2a: Shuckle|Shuckle, F|47\/100\n|move|p1b: Rillaboom|Grassy Glide|p2a: Shuckle\n|-damage|p2a: Shuckle|23\/100\n|move|p2b: Meowscarada|Shadow Claw|p1b: Rillaboom\n|-damage|p1b: Rillaboom|77\/100\n|move|p1a: Lilligant|Solar Blade||[still]\n|-prepare|p1a: Lilligant|Solar Blade\n|-anim|p1a: Lilligant|Solar Blade|p2b: Meowscarada\n|-damage|p2b: Meowscarada|0 fnt\n|faint|p2b: Meowscarada\n|\n|-weather|SunnyDay|[upkeep]\n|-heal|p1a: Lilligant|100\/100|[from] Grassy Terrain\n|-heal|p1b: Rillaboom|83\/100|[from] Grassy Terrain\n|-heal|p2a: Shuckle|30\/100|[from] Grassy Terrain\n|upkeep\n|c|\u2606lxvliiz|ive probably lost lmao gg\n|\n|t:|1697396648\n|switch|p2b: Indeedee|Indeedee, M, tera:Psychic|100\/100\n|-fieldstart|move: Psychic Terrain|[from] ability: Psychic Surge|[of] p2b: Indeedee\n|turn|8\n|\n|t:|1697396674\n|move|p2b: Indeedee|Expanding Force|p1b: Rillaboom|[spread] p1a,p1b\n|-supereffective|p1a: Lilligant\n|-damage|p1a: Lilligant|0 fnt\n|-damage|p1b: Rillaboom|0 fnt\n|faint|p1a: Lilligant\n|faint|p1b: Rillaboom\n|\n|win|u mad loser?\n|raw|lxvliiz's rating: 1043 &rarr; <strong>1029<\/strong><br \/>(-14 for losing)\n|raw|u mad loser?'s rating: 1091 &rarr; <strong>1114<\/strong><br \/>(+23 for winning)\n","uploadtime":1697396677,"views":9,"p1id":"lxvliiz","p2id":"umadloser","formatid":"gen9nationaldexdoubles","rating":1029,"private":0,"password":""}