{"id":"gen9nationaldexdoubles-1967777069","p1":"OceanHazel","p2":"Rosesandthorns","format":"[Gen 9] National Dex Doubles","log":"|j|\u2606OceanHazel\n|j|\u2606Rosesandthorns\n|t:|1697337266\n|gametype|doubles\n|player|p1|OceanHazel|barry|1071\n|player|p2|Rosesandthorns|lass-gen4dp|1019\n|teamsize|p1|6\n|teamsize|p2|6\n|gen|9\n|tier|[Gen 9] National Dex Doubles\n|rated|\n|rule|HP Percentage Mod: HP is shown in percentages\n|rule|Endless Battle Clause: Forcing endless battles is banned\n|rule|OHKO Clause: OHKO moves are banned\n|rule|Evasion Moves Clause: Evasion moves are banned\n|rule|Evasion Abilities Clause: Evasion abilities are banned\n|rule|Species Clause: Limit one of each Pok\u00e9mon\n|rule|Gravity Sleep Clause: The combination of sleep-inducing moves with imperfect accuracy and Gravity or Gigantamax Orbeetle are banned\n|clearpoke\n|poke|p1|Hatterene, F|\n|poke|p1|Ting-Lu|\n|poke|p1|Slowking-Galar, M|\n|poke|p1|Torkoal, F|\n|poke|p1|Rabsca, M|\n|poke|p1|Iron Hands|\n|poke|p2|Great Tusk|\n|poke|p2|Landorus-Therian, M|\n|poke|p2|Amoonguss, M|\n|poke|p2|Kommo-o, M|\n|poke|p2|Cloyster, F|\n|poke|p2|Baxcalibur, F|\n|teampreview\n|c|\u2606OceanHazel|gl !\n|c|\u2606Rosesandthorns|Same to yoU!\n|\n|t:|1697337306\n|start\n|switch|p1a: Prof. Poison|Slowking-Galar, M|100\/100\n|switch|p1b: Magic School Bus|Ting-Lu|100\/100\n|switch|p2a: Great Tusk|Great Tusk|100\/100\n|switch|p2b: Landorus|Landorus-Therian, M|100\/100\n|-ability|p2b: Landorus|Intimidate|boost\n|-unboost|p1a: Prof. Poison|atk|1\n|-unboost|p1b: Magic School Bus|atk|1\n|-ability|p1b: Magic School Bus|Vessel of Ruin\n|turn|1\n|\n|t:|1697337342\n|switch|p1b: Miss Frizzle|Hatterene, F|100\/100\n|-terastallize|p2a: Great Tusk|Ground\n|move|p2a: Great Tusk|Earthquake|p1b: Miss Frizzle|[spread] p1a,p1b\n|-immune|p2b: Landorus\n|-supereffective|p1a: Prof. Poison\n|-damage|p1a: Prof. Poison|0 fnt\n|-damage|p1b: Miss Frizzle|12\/100\n|faint|p1a: Prof. Poison\n|move|p2b: Landorus|Sunny Day|p2b: Landorus\n|-weather|SunnyDay\n|-activate|p2a: Great Tusk|ability: Protosynthesis\n|-start|p2a: Great Tusk|protosynthesisatk\n|\n|-weather|SunnyDay|[upkeep]\n|-heal|p1b: Miss Frizzle|18\/100|[from] item: Leftovers\n|upkeep\n|\n|t:|1697337367\n|switch|p1a: BONESAW'S READY|Iron Hands|100\/100\n|-enditem|p1a: BONESAW'S READY|Booster Energy\n|-activate|p1a: BONESAW'S READY|ability: Quark Drive|[fromitem]\n|-start|p1a: BONESAW'S READY|quarkdriveatk\n|turn|2\n|\n|t:|1697337409\n|-terastallize|p1b: Miss Frizzle|Ground\n|move|p1b: Miss Frizzle|Protect|p1b: Miss Frizzle\n|-singleturn|p1b: Miss Frizzle|Protect\n|move|p1a: BONESAW'S READY|Fake Out|p2a: Great Tusk\n|-damage|p2a: Great Tusk|85\/100\n|cant|p2a: Great Tusk|flinch\n|move|p2b: Landorus|Substitute|p2b: Landorus\n|-start|p2b: Landorus|Substitute\n|-damage|p2b: Landorus|75\/100\n|\n|-weather|SunnyDay|[upkeep]\n|-heal|p2b: Landorus|82\/100|[from] item: Leftovers\n|-heal|p1b: Miss Frizzle|24\/100|[from] item: Leftovers\n|upkeep\n|turn|3\n|\n|t:|1697337431\n|move|p2a: Great Tusk|Earthquake|p1a: BONESAW'S READY|[spread] p1a,p1b\n|-immune|p2b: Landorus\n|-supereffective|p1a: BONESAW'S READY\n|-damage|p1a: BONESAW'S READY|0 fnt\n|-damage|p1b: Miss Frizzle|0 fnt\n|faint|p1a: BONESAW'S READY\n|-end|p1a: BONESAW'S READY|Quark Drive|[silent]\n|faint|p1b: Miss Frizzle\n|move|p2b: Landorus|Calm Mind|p2b: Landorus\n|-boost|p2b: Landorus|spa|1\n|-boost|p2b: Landorus|spd|1\n|\n|-weather|SunnyDay|[upkeep]\n|-heal|p2b: Landorus|88\/100|[from] item: Leftovers\n|upkeep\n|\n|t:|1697337445\n|switch|p1a: THE ORB.|Rabsca, M, shiny|100\/100\n|switch|p1b: Sleepyhead|Torkoal, F|100\/100\n|turn|4\n|\n|t:|1697337464\n|move|p1a: THE ORB.|Protect|p1a: THE ORB.\n|-singleturn|p1a: THE ORB.|Protect\n|move|p2a: Great Tusk|Earthquake|p1a: THE ORB.|[spread] p1b\n|-activate|p1a: THE ORB.|move: Protect\n|-immune|p2b: Landorus\n|-supereffective|p1b: Sleepyhead\n|-damage|p1b: Sleepyhead|0 fnt\n|faint|p1b: Sleepyhead\n|move|p2b: Landorus|Calm Mind|p2b: Landorus\n|-boost|p2b: Landorus|spa|1\n|-boost|p2b: Landorus|spd|1\n|\n|-weather|SunnyDay|[upkeep]\n|-heal|p2b: Landorus|94\/100|[from] item: Leftovers\n|upkeep\n|\n|t:|1697337477\n|switch|p1b: Magic School Bus|Ting-Lu|100\/100\n|-ability|p1b: Magic School Bus|Vessel of Ruin\n|turn|5\n|\n|t:|1697337497\n|move|p2a: Great Tusk|Earthquake|p1b: Magic School Bus|[spread] p1a,p1b\n|-immune|p2b: Landorus\n|-resisted|p1a: THE ORB.\n|-damage|p1a: THE ORB.|45\/100\n|-damage|p1b: Magic School Bus|42\/100\n|move|p2b: Landorus|Hidden Power|p1b: Magic School Bus\n|-supereffective|p1b: Magic School Bus\n|-crit|p1b: Magic School Bus\n|-damage|p1b: Magic School Bus|0 fnt\n|faint|p1b: Magic School Bus\n|move|p1a: THE ORB.|Revival Blessing|p1a: THE ORB.\n|\n|t:|1697337512\n|-heal|p1: BONESAW'S READY|50\/100|[from] move: Revival Blessing\n|\n|-weather|none\n|-end|p2a: Great Tusk|Protosynthesis\n|-heal|p2b: Landorus|100\/100|[from] item: Leftovers\n|upkeep\n|\n|t:|1697337517\n|switch|p1b: BONESAW'S READY|Iron Hands|50\/100\n|turn|6\n|\n|t:|1697337534\n|move|p2a: Great Tusk|Earthquake|p1a: THE ORB.|[spread] p1a,p1b\n|-immune|p2b: Landorus\n|-resisted|p1a: THE ORB.\n|-supereffective|p1b: BONESAW'S READY\n|-damage|p1a: THE ORB.|2\/100\n|-damage|p1b: BONESAW'S READY|0 fnt\n|faint|p1b: BONESAW'S READY\n|-end|p1b: BONESAW'S READY|Quark Drive|[silent]\n|move|p2b: Landorus|Hidden Power|p1a: THE ORB.\n|-damage|p1a: THE ORB.|0 fnt\n|faint|p1a: THE ORB.\n|\n|win|Rosesandthorns\n|raw|OceanHazel's rating: 1071 &rarr; <strong>1047<\/strong><br \/>(-24 for losing)\n|raw|Rosesandthorns's rating: 1019 &rarr; <strong>1062<\/strong><br \/>(+43 for winning)\n|c|\u2606Rosesandthorns|gg\n|c|\u2606OceanHazel|gg\n","uploadtime":1697337547,"views":10,"p1id":"oceanhazel","p2id":"rosesandthorns","formatid":"gen9nationaldexdoubles","rating":1047,"private":0,"password":""}