{"id":"gen9nationaldexdoubles-1959747322","p1":"massarojpr","p2":"NotBugSme","format":"[Gen 9] National Dex Doubles","log":"|j|\u2606massarojpr\n|j|\u2606NotBugSme\n|t:|1696451862\n|gametype|doubles\n|player|p1|massarojpr|169|\n|player|p2|NotBugSme|koga|\n|teamsize|p1|6\n|teamsize|p2|6\n|gen|9\n|tier|[Gen 9] National Dex Doubles\n|rule|HP Percentage Mod: HP is shown in percentages\n|rule|Endless Battle Clause: Forcing endless battles is banned\n|rule|OHKO Clause: OHKO moves are banned\n|rule|Evasion Moves Clause: Evasion moves are banned\n|rule|Evasion Abilities Clause: Evasion abilities are banned\n|rule|Species Clause: Limit one of each Pok\u00e9mon\n|rule|Gravity Sleep Clause: The combination of sleep-inducing moves with imperfect accuracy and Gravity or Gigantamax Orbeetle are banned\n|clearpoke\n|poke|p1|Gastrodon, F|\n|poke|p1|Tyranitar, F|\n|poke|p1|Togekiss, M|\n|poke|p1|Cinderace, F|\n|poke|p1|Volcarona, M|\n|poke|p1|Ninetales, F|\n|poke|p2|Kingambit, M|\n|poke|p2|Avalugg-Hisui, M|\n|poke|p2|Tyranitar, F|\n|poke|p2|Carbink|\n|poke|p2|Aggron, F|\n|poke|p2|Archeops, M|\n|teampreview\n|inactive|Battle timer is ON: inactive players will automatically lose when time's up. (requested by massarojpr)\n|\n|t:|1696451887\n|start\n|switch|p1a: Tyranitar|Tyranitar, F|100\/100\n|switch|p1b: Gastrodon|Gastrodon, F|100\/100\n|switch|p2a: Big Boi|Tyranitar, F, shiny|100\/100\n|switch|p2b: Thicccc|Avalugg-Hisui, M, shiny|100\/100\n|-weather|Sandstorm|[from] ability: Sand Stream|[of] p2a: Big Boi\n|turn|1\n|j| Chumpette\n|\n|t:|1696451911\n|move|p2a: Big Boi|Crunch|p1b: Gastrodon\n|-damage|p1b: Gastrodon|53\/100\n|-damage|p2a: Big Boi|91\/100|[from] item: Life Orb\n|move|p1a: Tyranitar|Surf|p2a: Big Boi|[spread] p2a,p2b\n|-ability|p1b: Gastrodon|Storm Drain|boost\n|-boost|p1b: Gastrodon|spa|1\n|-supereffective|p2a: Big Boi\n|-supereffective|p2b: Thicccc\n|-damage|p2a: Big Boi|69\/100\n|-damage|p2b: Thicccc|65\/100\n|move|p1b: Gastrodon|Substitute|p1b: Gastrodon\n|-start|p1b: Gastrodon|Substitute\n|-damage|p1b: Gastrodon|28\/100\n|move|p2b: Thicccc|Body Press|p1a: Tyranitar\n|-supereffective|p1a: Tyranitar\n|-damage|p1a: Tyranitar|0 fnt\n|faint|p1a: Tyranitar\n|\n|-weather|Sandstorm|[upkeep]\n|-heal|p1b: Gastrodon|34\/100|[from] item: Leftovers\n|upkeep\n|\n|t:|1696451928\n|switch|p1a: Cinderace|Cinderace, F|100\/100\n|turn|2\n|inactive|NotBugSme has 270 seconds left.\n|\n|t:|1696451971\n|move|p1b: Gastrodon|Protect|p1b: Gastrodon\n|-singleturn|p1b: Gastrodon|Protect\n|move|p1a: Cinderace|High Jump Kick|p2a: Big Boi\n|-start|p1a: Cinderace|typechange|Fighting|[from] ability: Libero\n|-supereffective|p2a: Big Boi\n|-damage|p2a: Big Boi|0 fnt\n|faint|p2a: Big Boi\n|move|p2b: Thicccc|Rock Slide|p1b: Gastrodon|[spread] p1a\n|-activate|p1b: Gastrodon|move: Protect\n|-resisted|p1a: Cinderace\n|-crit|p1a: Cinderace\n|-damage|p1a: Cinderace|74\/100\n|\n|-weather|Sandstorm|[upkeep]\n|-damage|p1a: Cinderace|68\/100|[from] Sandstorm\n|-heal|p1b: Gastrodon|40\/100|[from] item: Leftovers\n|upkeep\n|\n|t:|1696451987\n|switch|p2a: Birb|Archeops, M, shiny|100\/100\n|turn|3\n|inactive|NotBugSme has 270 seconds left.\n|inactive|NotBugSme has 240 seconds left.\n|\n|t:|1696452033\n|move|p1a: Cinderace|Protect|p1a: Cinderace\n|-singleturn|p1a: Cinderace|Protect\n|move|p2a: Birb|Air Slash|p1a: Cinderace\n|-activate|p1a: Cinderace|move: Protect\n|move|p1b: Gastrodon|Hydro Pump|p2a: Birb\n|-supereffective|p2a: Birb\n|-damage|p2a: Birb|0 fnt\n|faint|p2a: Birb\n|move|p2b: Thicccc|Rock Slide|p1b: Gastrodon|[spread] p1b\n|-activate|p1a: Cinderace|move: Protect\n|-resisted|p1b: Gastrodon\n|-activate|p1b: Gastrodon|move: Substitute|[damage]\n|\n|-weather|Sandstorm|[upkeep]\n|-damage|p1a: Cinderace|62\/100|[from] Sandstorm\n|-heal|p1b: Gastrodon|46\/100|[from] item: Leftovers\n|upkeep\n|\n|t:|1696452058\n|switch|p2a: Smol Boi|Aggron, F, shiny|100\/100\n|turn|4\n|\n|t:|1696452074\n|move|p1a: Cinderace|High Jump Kick|p2a: Smol Boi\n|-supereffective|p2a: Smol Boi\n|-crit|p2a: Smol Boi\n|-ability|p2a: Smol Boi|Sturdy\n|-damage|p2a: Smol Boi|1\/100\n|move|p2a: Smol Boi|Body Press|p1a: Cinderace\n|-damage|p1a: Cinderace|12\/100\n|move|p1b: Gastrodon|Earth Power|p2a: Smol Boi\n|-supereffective|p2a: Smol Boi\n|-damage|p2a: Smol Boi|0 fnt\n|faint|p2a: Smol Boi\n|move|p2b: Thicccc|Rock Slide|p1b: Gastrodon|[spread] p1a,p1b\n|-resisted|p1b: Gastrodon\n|-activate|p1b: Gastrodon|move: Substitute|[damage]\n|-resisted|p1a: Cinderace\n|-damage|p1a: Cinderace|0 fnt\n|faint|p1a: Cinderace\n|\n|-weather|Sandstorm|[upkeep]\n|-heal|p1b: Gastrodon|52\/100|[from] item: Leftovers\n|upkeep\n|inactive|NotBugSme has 240 seconds left.\n|\n|t:|1696452095\n|switch|p1a: Togekiss|Togekiss, M|100\/100\n|switch|p2a: Pacifier|Carbink, shiny|100\/100\n|turn|5\n|inactive|NotBugSme has 240 seconds left.\n|\n|t:|1696452116\n|move|p1b: Gastrodon|Protect|p1b: Gastrodon\n|-singleturn|p1b: Gastrodon|Protect\n|move|p1a: Togekiss|Life Dew||[still]|[spread] \n|-ability|p1b: Gastrodon|Storm Drain|boost\n|-boost|p1b: Gastrodon|spa|1\n|-fail|p1a: Togekiss|heal\n|move|p2a: Pacifier|Iron Defense|p2a: Pacifier\n|-boost|p2a: Pacifier|def|2\n|move|p2b: Thicccc|Ice Spinner|p1a: Togekiss\n|-supereffective|p1a: Togekiss\n|-damage|p1a: Togekiss|31\/100\n|-enditem|p1a: Togekiss|Sitrus Berry|[eat]\n|-heal|p1a: Togekiss|56\/100|[from] item: Sitrus Berry\n|\n|-weather|none\n|-heal|p1b: Gastrodon|58\/100|[from] item: Leftovers\n|upkeep\n|turn|6\n|\n|t:|1696452135\n|move|p1a: Togekiss|Life Dew|p1a: Togekiss|[spread] p1a\n|-ability|p1b: Gastrodon|Storm Drain|boost\n|-boost|p1b: Gastrodon|spa|1\n|-heal|p1a: Togekiss|81\/100\n|move|p2a: Pacifier|Iron Defense|p2a: Pacifier\n|-boost|p2a: Pacifier|def|2\n|move|p1b: Gastrodon|Hydro Pump|p2a: Pacifier\n|-supereffective|p2a: Pacifier\n|-ability|p2a: Pacifier|Sturdy\n|-damage|p2a: Pacifier|1\/100\n|move|p2b: Thicccc|Ice Spinner|p1a: Togekiss\n|-supereffective|p1a: Togekiss\n|-damage|p1a: Togekiss|17\/100\n|\n|-heal|p2a: Pacifier|7\/100|[from] item: Leftovers\n|-heal|p1b: Gastrodon|64\/100|[from] item: Leftovers\n|upkeep\n|turn|7\n|inactive|NotBugSme has 270 seconds left.\n|\n|t:|1696452155\n|move|p1a: Togekiss|Protect|p1a: Togekiss\n|-singleturn|p1a: Togekiss|Protect\n|move|p2a: Pacifier|Rest|p2a: Pacifier\n|-status|p2a: Pacifier|slp|[from] move: Rest\n|-heal|p2a: Pacifier|100\/100 slp|[silent]\n|move|p1b: Gastrodon|Earth Power|p2a: Pacifier\n|-supereffective|p2a: Pacifier\n|-ability|p2a: Pacifier|Sturdy\n|-damage|p2a: Pacifier|1\/100 slp\n|move|p2b: Thicccc|Ice Spinner|p1a: Togekiss\n|-activate|p1a: Togekiss|move: Protect\n|\n|-heal|p2a: Pacifier|7\/100 slp|[from] item: Leftovers\n|-heal|p1b: Gastrodon|70\/100|[from] item: Leftovers\n|upkeep\n|turn|8\n|inactive|NotBugSme has 270 seconds left.\n|\n|t:|1696452176\n|move|p1a: Togekiss|Hidden Power|p2a: Pacifier\n|-damage|p2a: Pacifier|0 fnt\n|faint|p2a: Pacifier\n|move|p1b: Gastrodon|Earth Power|p2b: Thicccc\n|-supereffective|p2b: Thicccc\n|-damage|p2b: Thicccc|0 fnt\n|faint|p2b: Thicccc\n|\n|-heal|p1b: Gastrodon|77\/100|[from] item: Leftovers\n|upkeep\n|inactive|NotBugSme has 270 seconds left.\n|\n|t:|1696452210\n|switch|p2b: Big Daddy|Kingambit, M, shiny|100\/100\n|-activate|p2b: Big Daddy|ability: Supreme Overlord\n|-start|p2b: Big Daddy|fallen5|[silent]\n|turn|9\n|\n|t:|1696452237\n|move|p2b: Big Daddy|Sucker Punch|p1b: Gastrodon\n|-end|p1b: Gastrodon|Substitute\n|move|p1a: Togekiss|Life Dew|p1a: Togekiss|[spread] p1a\n|-ability|p1b: Gastrodon|Storm Drain|boost\n|-boost|p1b: Gastrodon|spa|1\n|-heal|p1a: Togekiss|42\/100\n|move|p1b: Gastrodon|Earth Power|p2b: Big Daddy\n|-supereffective|p2b: Big Daddy\n|-damage|p2b: Big Daddy|0 fnt\n|faint|p2b: Big Daddy\n|-end|p2b: Big Daddy|fallen5|[silent]\n|\n|win|massarojpr\n","uploadtime":1696452256,"views":21,"p1id":"massarojpr","p2id":"notbugsme","formatid":"gen9nationaldexdoubles","rating":0,"private":0,"password":""}