{"id":"gen9nationaldexdoubles-1969118554","p1":"SupremeKawaiiFiend","p2":"Endermo","format":"[Gen 9] National Dex Doubles","log":"|j|\u2606SupremeKawaiiFiend\n|j|\u2606Endermo\n|t:|1697491632\n|gametype|doubles\n|player|p1|SupremeKawaiiFiend|whitney|1285\n|player|p2|Endermo|170|1441\n|teamsize|p1|6\n|teamsize|p2|6\n|gen|9\n|tier|[Gen 9] National Dex Doubles\n|rated|\n|rule|HP Percentage Mod: HP is shown in percentages\n|rule|Endless Battle Clause: Forcing endless battles is banned\n|rule|OHKO Clause: OHKO moves are banned\n|rule|Evasion Moves Clause: Evasion moves are banned\n|rule|Evasion Abilities Clause: Evasion abilities are banned\n|rule|Species Clause: Limit one of each Pok\u00e9mon\n|rule|Gravity Sleep Clause: The combination of sleep-inducing moves with imperfect accuracy and Gravity or Gigantamax Orbeetle are banned\n|clearpoke\n|poke|p1|Salamence, F|\n|poke|p1|Landorus-Therian, M|\n|poke|p1|Iron Hands|\n|poke|p1|Diancie|\n|poke|p1|Volcanion|\n|poke|p1|Okidogi, M|\n|poke|p2|Zamazenta-*|\n|poke|p2|Flutter Mane|\n|poke|p2|Thundurus, M|\n|poke|p2|Farigiraf, F|\n|poke|p2|Heatran, M|\n|poke|p2|Toxapex, M|\n|teampreview\n|\n|t:|1697491673\n|start\n|switch|p1a: GOOD BOI-KUN|Landorus-Therian, M|100\/100\n|switch|p1b: YANDERE|Diancie|100\/100\n|switch|p2a: Flutter Mane|Flutter Mane|100\/100\n|switch|p2b: Thundurus|Thundurus, M|100\/100\n|-ability|p1a: GOOD BOI-KUN|Intimidate|boost\n|-unboost|p2a: Flutter Mane|atk|1\n|-unboost|p2b: Thundurus|atk|1\n|turn|1\n|\n|t:|1697491690\n|move|p2b: Thundurus|Protect|p2b: Thundurus\n|-singleturn|p2b: Thundurus|Protect\n|move|p2a: Flutter Mane|Protect|p2a: Flutter Mane\n|-singleturn|p2a: Flutter Mane|Protect\n|move|p1a: GOOD BOI-KUN|U-turn|p2a: Flutter Mane\n|-activate|p2a: Flutter Mane|move: Protect\n|move|p1b: YANDERE|Diamond Storm|p2a: Flutter Mane|[spread] \n|-activate|p2a: Flutter Mane|move: Protect\n|-activate|p2b: Thundurus|move: Protect\n|\n|upkeep\n|turn|2\n|\n|t:|1697491711\n|-end|p2a: Flutter Mane|Protosynthesis|[silent]\n|switch|p2a: Zamazenta|Zamazenta|100\/100\n|-ability|p2a: Zamazenta|Dauntless Shield|boost\n|-boost|p2a: Zamazenta|def|1\n|switch|p2b: Toxapex|Toxapex, M|100\/100\n|move|p1a: GOOD BOI-KUN|U-turn|p2a: Zamazenta\n|-resisted|p2a: Zamazenta\n|-damage|p2a: Zamazenta|92\/100\n|\n|t:|1697491727\n|switch|p1a: UwU DOGE|Okidogi, M|100\/100|[from] U-turn\n|move|p1b: YANDERE|Diamond Storm|p2b: Toxapex|[spread] p2a,p2b\n|-resisted|p2a: Zamazenta\n|-damage|p2a: Zamazenta|82\/100\n|-damage|p2b: Toxapex|79\/100\n|\n|-heal|p2b: Toxapex|85\/100|[from] item: Black Sludge\n|upkeep\n|turn|3\n|\n|t:|1697491795\n|move|p2a: Zamazenta|Protect|p2a: Zamazenta\n|-singleturn|p2a: Zamazenta|Protect\n|move|p1a: UwU DOGE|Bulk Up|p1a: UwU DOGE\n|-boost|p1a: UwU DOGE|atk|1\n|-boost|p1a: UwU DOGE|def|1\n|move|p1b: YANDERE|Diamond Storm|p2b: Toxapex|[spread] p2b\n|-activate|p2a: Zamazenta|move: Protect\n|-damage|p2b: Toxapex|63\/100\n|move|p2b: Toxapex|Scald|p1b: YANDERE\n|-supereffective|p1b: YANDERE\n|-damage|p1b: YANDERE|76\/100\n|\n|-heal|p1b: YANDERE|82\/100|[from] item: Leftovers\n|-heal|p2b: Toxapex|70\/100|[from] item: Black Sludge\n|upkeep\n|turn|4\n|inactive|Battle timer is ON: inactive players will automatically lose when time's up. (requested by Endermo)\n|\n|t:|1697491831\n|switch|p2b: Farigiraf|Farigiraf, F|100\/100\n|-zpower|p2a: Zamazenta\n|move|p2a: Zamazenta|All-Out Pummeling|p1b: YANDERE|[zeffect]\n|-crit|p1b: YANDERE\n|-damage|p1b: YANDERE|0 fnt\n|faint|p1b: YANDERE\n|move|p1a: UwU DOGE|Bulk Up|p1a: UwU DOGE\n|-boost|p1a: UwU DOGE|atk|1\n|-boost|p1a: UwU DOGE|def|1\n|\n|upkeep\n|\n|t:|1697491857\n|switch|p1b: GOOD BOI-KUN|Landorus-Therian, M|100\/100\n|-ability|p1b: GOOD BOI-KUN|Intimidate|boost\n|-unboost|p2a: Zamazenta|atk|1\n|-unboost|p2b: Farigiraf|atk|1\n|turn|5\n|\n|t:|1697491867\n|switch|p2a: Thundurus|Thundurus, M|100\/100\n|move|p1b: GOOD BOI-KUN|U-turn|p2b: Farigiraf\n|-supereffective|p2b: Farigiraf\n|-damage|p2b: Farigiraf|54\/100\n|\n|t:|1697491878\n|switch|p1b: OTAKU|Iron Hands|100\/100|[from] U-turn\n|move|p1a: UwU DOGE|Knock Off|p2b: Farigiraf\n|-supereffective|p2b: Farigiraf\n|-damage|p2b: Farigiraf|0 fnt\n|-enditem|p2b: Farigiraf|Leftovers|[from] move: Knock Off|[of] p1a: UwU DOGE\n|faint|p2b: Farigiraf\n|\n|upkeep\n|\n|t:|1697491889\n|switch|p2b: Flutter Mane|Flutter Mane|100\/100\n|turn|6\n|\n|t:|1697491904\n|move|p2a: Thundurus|Protect|p2a: Thundurus\n|-singleturn|p2a: Thundurus|Protect\n|move|p2b: Flutter Mane|Protect|p2b: Flutter Mane\n|-singleturn|p2b: Flutter Mane|Protect\n|move|p1b: OTAKU|Fake Out|p2a: Thundurus\n|-activate|p2a: Thundurus|move: Protect\n|move|p1a: UwU DOGE|Knock Off|p2b: Flutter Mane\n|-activate|p2b: Flutter Mane|move: Protect\n|\n|upkeep\n|turn|7\n|\n|t:|1697491929\n|-terastallize|p2b: Flutter Mane|Fairy\n|move|p2b: Flutter Mane|Dazzling Gleam|p1b: OTAKU|[spread] p1a,p1b\n|-crit|p1a: UwU DOGE\n|-supereffective|p1b: OTAKU\n|-damage|p1a: UwU DOGE|55\/100\n|-damage|p1b: OTAKU|58\/100\n|move|p2a: Thundurus|Wildbolt Storm|p1a: UwU DOGE|[spread] p1b\n|-miss|p2a: Thundurus|p1a: UwU DOGE\n|-resisted|p1b: OTAKU\n|-damage|p1b: OTAKU|50\/100\n|move|p1a: UwU DOGE|Knock Off|p2b: Flutter Mane\n|-resisted|p2b: Flutter Mane\n|-damage|p2b: Flutter Mane|38\/100\n|-enditem|p2b: Flutter Mane|Expert Belt|[from] move: Knock Off|[of] p1a: UwU DOGE\n|move|p1b: OTAKU|Ice Punch|p2a: Thundurus\n|-supereffective|p2a: Thundurus\n|-damage|p2a: Thundurus|36\/100\n|\n|-heal|p1a: UwU DOGE|61\/100|[from] item: Leftovers\n|upkeep\n|turn|8\n|inactive|SupremeKawaiiFiend has 120 seconds left.\n|\n|t:|1697491963\n|move|p2b: Flutter Mane|Dazzling Gleam|p1a: UwU DOGE|[spread] p1a,p1b\n|-supereffective|p1b: OTAKU\n|-damage|p1a: UwU DOGE|31\/100\n|-damage|p1b: OTAKU|12\/100\n|move|p2a: Thundurus|Wildbolt Storm|p1b: OTAKU|[spread] p1a,p1b\n|-resisted|p1b: OTAKU\n|-damage|p1a: UwU DOGE|4\/100\n|-damage|p1b: OTAKU|4\/100\n|move|p1a: UwU DOGE|Drain Punch|p2b: Flutter Mane\n|-resisted|p2b: Flutter Mane\n|-damage|p2b: Flutter Mane|0 fnt\n|-heal|p1a: UwU DOGE|16\/100|[from] drain|[of] p2b: Flutter Mane\n|faint|p2b: Flutter Mane\n|-end|p2b: Flutter Mane|Protosynthesis|[silent]\n|move|p1b: OTAKU|Ice Punch|p2a: Thundurus\n|-supereffective|p2a: Thundurus\n|-damage|p2a: Thundurus|0 fnt\n|faint|p2a: Thundurus\n|\n|-heal|p1a: UwU DOGE|22\/100|[from] item: Leftovers\n|upkeep\n|\n|t:|1697491969\n|switch|p2b: Heatran|Heatran, M, shiny|100\/100\n|switch|p2a: Zamazenta|Zamazenta|82\/100\n|turn|9\n|\n|t:|1697491999\n|move|p2b: Heatran|Protect|p2b: Heatran\n|-singleturn|p2b: Heatran|Protect\n|move|p2a: Zamazenta|Wild Charge|p1b: OTAKU\n|-resisted|p1b: OTAKU\n|-damage|p1b: OTAKU|0 fnt\n|faint|p1b: OTAKU\n|-end|p1b: OTAKU|Quark Drive|[silent]\n|-damage|p2a: Zamazenta|80\/100|[from] Recoil\n|move|p1a: UwU DOGE|Drain Punch|p2b: Heatran\n|-activate|p2b: Heatran|move: Protect\n|\n|-heal|p1a: UwU DOGE|28\/100|[from] item: Leftovers\n|upkeep\n|inactive|SupremeKawaiiFiend has 120 seconds left.\n|\n|t:|1697492011\n|switch|p1b: GOOD BOI-KUN|Landorus-Therian, M|100\/100\n|-ability|p1b: GOOD BOI-KUN|Intimidate|boost\n|-unboost|p2a: Zamazenta|atk|1\n|-unboost|p2b: Heatran|atk|1\n|turn|10\n|-message|Endermo forfeited.\n|\n|win|SupremeKawaiiFiend\n|raw|SupremeKawaiiFiend's rating: 1285 &rarr; <strong>1321<\/strong><br \/>(+36 for winning)\n|raw|Endermo's rating: 1441 &rarr; <strong>1413<\/strong><br \/>(-28 for losing)\n|l|\u2606Endermo\n","uploadtime":1697492028,"views":10,"p1id":"supremekawaiifiend","p2id":"endermo","formatid":"gen9nationaldexdoubles","rating":1321,"private":0,"password":""}