{"id":"gen9nationaldexdoubles-1992046866","p1":"lxvliiz","p2":"fumbari 24","format":"[Gen 9] National Dex Doubles","log":"|j|\u2606lxvliiz\n|j|\u2606fumbari 24\n|t:|1700150613\n|gametype|doubles\n|player|p1|lxvliiz|firebreather|1239\n|player|p2|fumbari 24|hilbert|1286\n|teamsize|p1|6\n|teamsize|p2|6\n|gen|9\n|tier|[Gen 9] National Dex Doubles\n|rated|\n|rule|HP Percentage Mod: HP is shown in percentages\n|rule|Endless Battle Clause: Forcing endless battles is banned\n|rule|OHKO Clause: OHKO moves are banned\n|rule|Evasion Moves Clause: Evasion moves are banned\n|rule|Evasion Abilities Clause: Evasion abilities are banned\n|rule|Species Clause: Limit one of each Pok\u00e9mon\n|rule|Gravity Sleep Clause: The combination of sleep-inducing moves with imperfect accuracy and Gravity or Gigantamax Orbeetle are banned\n|clearpoke\n|poke|p1|Torkoal, F|\n|poke|p1|Charizard, M|\n|poke|p1|Iron Moth|\n|poke|p1|Typhlosion, M|\n|poke|p1|Heatran, M|\n|poke|p1|Salazzle, F|\n|poke|p2|Thundurus, M|\n|poke|p2|Gardevoir, F|\n|poke|p2|Celesteela|\n|poke|p2|Ting-Lu|\n|poke|p2|Blastoise, M|\n|poke|p2|Blaziken, M|\n|teampreview\n|c|\u2606lxvliiz|hi\n|\n|t:|1700150624\n|start\n|switch|p1a: hot hot hot|Heatran, M|100\/100\n|switch|p1b: lighter|Typhlosion, M|100\/100\n|switch|p2a: Strike|Thundurus, M|100\/100\n|switch|p2b: Ting-Lu|Ting-Lu|100\/100\n|-ability|p2b: Ting-Lu|Vessel of Ruin\n|turn|1\n|\n|t:|1700150638\n|move|p2a: Strike|Eerie Impulse|p1b: lighter\n|-unboost|p1b: lighter|spa|2\n|move|p1b: lighter|Lava Plume|p2b: Ting-Lu|[spread] p2a,p2b\n|-start|p1a: hot hot hot|ability: Flash Fire\n|-damage|p2a: Strike|91\/100\n|-damage|p2b: Ting-Lu|96\/100\n|-status|p2b: Ting-Lu|brn\n|move|p1a: hot hot hot|Lava Plume|p2b: Ting-Lu|[spread] p2a,p2b\n|-start|p1b: lighter|ability: Flash Fire\n|-damage|p2a: Strike|47\/100\n|-damage|p2b: Ting-Lu|75\/100 brn\n|-status|p2a: Strike|brn\n|move|p2b: Ting-Lu|Ruination|p1a: hot hot hot\n|-damage|p1a: hot hot hot|50\/100\n|\n|-damage|p2a: Strike|41\/100 brn|[from] brn\n|-damage|p2b: Ting-Lu|69\/100 brn|[from] brn\n|upkeep\n|turn|2\n|\n|t:|1700150657\n|move|p2a: Strike|Eerie Impulse|p1a: hot hot hot\n|-unboost|p1a: hot hot hot|spa|2\n|move|p1b: lighter|Lava Plume|p2a: Strike|[spread] p2a,p2b\n|-immune|p1a: hot hot hot|[from] ability: Flash Fire\n|-damage|p2a: Strike|26\/100 brn\n|-damage|p2b: Ting-Lu|62\/100 brn\n|move|p1a: hot hot hot|Lava Plume|p2b: Ting-Lu|[spread] p2a,p2b\n|-immune|p1b: lighter|[from] ability: Flash Fire\n|-damage|p2a: Strike|5\/100 brn\n|-damage|p2b: Ting-Lu|52\/100 brn\n|move|p2b: Ting-Lu|Snarl|p1a: hot hot hot|[spread] p1a,p1b\n|-damage|p1a: hot hot hot|44\/100\n|-damage|p1b: lighter|89\/100\n|-unboost|p1a: hot hot hot|spa|1\n|-unboost|p1b: lighter|spa|1\n|\n|-damage|p2a: Strike|0 fnt|[from] brn\n|faint|p2a: Strike\n|-damage|p2b: Ting-Lu|46\/100 brn|[from] brn\n|upkeep\n|\n|t:|1700150672\n|switch|p2a: Inferno|Blaziken, M|100\/100\n|turn|3\n|\n|t:|1700150678\n|-end|p1b: lighter|ability: Flash Fire|[silent]\n|switch|p1b: Salazzle|Salazzle, F|100\/100\n|-end|p1a: hot hot hot|ability: Flash Fire|[silent]\n|switch|p1a: burning|Torkoal, F|100\/100\n|-weather|SunnyDay|[from] ability: Drought|[of] p1a: burning\n|move|p2a: Inferno|Bulk Up|p2a: Inferno\n|-boost|p2a: Inferno|atk|1\n|-boost|p2a: Inferno|def|1\n|move|p2b: Ting-Lu|Snarl|p1b: Salazzle|[spread] p1a,p1b\n|-damage|p1a: burning|90\/100\n|-damage|p1b: Salazzle|87\/100\n|-unboost|p1a: burning|spa|1\n|-unboost|p1b: Salazzle|spa|1\n|\n|-weather|SunnyDay|[upkeep]\n|-damage|p2b: Ting-Lu|39\/100 brn|[from] brn\n|-ability|p2a: Inferno|Speed Boost|boost\n|-boost|p2a: Inferno|spe|1\n|upkeep\n|turn|4\n|\n|t:|1700150694\n|move|p2a: Inferno|Protect|p2a: Inferno\n|-singleturn|p2a: Inferno|Protect\n|move|p1b: Salazzle|Flamethrower|p2b: Ting-Lu\n|-damage|p2b: Ting-Lu|26\/100 brn\n|move|p2b: Ting-Lu|Stomping Tantrum|p1b: Salazzle\n|-supereffective|p1b: Salazzle\n|-damage|p1b: Salazzle|0 fnt\n|faint|p1b: Salazzle\n|move|p1a: burning|Eruption|p2a: Inferno|[spread] p2b\n|-activate|p2a: Inferno|move: Protect\n|-damage|p2b: Ting-Lu|9\/100 brn\n|\n|-weather|SunnyDay|[upkeep]\n|-damage|p2b: Ting-Lu|2\/100 brn|[from] brn\n|-ability|p2a: Inferno|Speed Boost|boost\n|-boost|p2a: Inferno|spe|1\n|upkeep\n|inactive|Battle timer is ON: inactive players will automatically lose when time's up. (requested by fumbari 24)\n|\n|t:|1700150720\n|switch|p1b: hot hot hot|Heatran, M|44\/100\n|turn|5\n|\n|t:|1700150729\n|move|p2a: Inferno|Rock Slide|p1a: burning|[spread] p1a,p1b\n|-supereffective|p1a: burning\n|-damage|p1a: burning|47\/100\n|-damage|p1b: hot hot hot|19\/100\n|cant|p1b: hot hot hot|flinch\n|move|p2b: Ting-Lu|Snarl|p1b: hot hot hot|[spread] p1a\n|-miss|p2b: Ting-Lu|p1b: hot hot hot\n|-damage|p1a: burning|36\/100\n|-unboost|p1a: burning|spa|1\n|move|p1a: burning|Eruption|p2b: Ting-Lu|[spread] p2a,p2b\n|-resisted|p2a: Inferno\n|-crit|p2a: Inferno\n|-damage|p2a: Inferno|77\/100\n|-damage|p2b: Ting-Lu|0 fnt\n|faint|p2b: Ting-Lu\n|\n|-weather|SunnyDay|[upkeep]\n|-ability|p2a: Inferno|Speed Boost|boost\n|-boost|p2a: Inferno|spe|1\n|upkeep\n|\n|t:|1700150750\n|switch|p2b: Harbor|Blastoise, M|100\/100\n|turn|6\n|\n|t:|1700150759\n|move|p2a: Inferno|Rock Slide|p1b: hot hot hot|[spread] p1b\n|-miss|p2a: Inferno|p1a: burning\n|-damage|p1b: hot hot hot|0 fnt\n|faint|p1b: hot hot hot\n|move|p2b: Harbor|Life Dew||[still]|[spread] p2a,p2b\n|-heal|p2a: Inferno|100\/100\n|-fail|p2b: Harbor|heal\n|move|p1a: burning|Clear Smog|p2a: Inferno\n|-damage|p2a: Inferno|90\/100\n|-clearboost|p2a: Inferno\n|\n|-weather|SunnyDay|[upkeep]\n|-ability|p2a: Inferno|Speed Boost|boost\n|-boost|p2a: Inferno|spe|1\n|upkeep\n|\n|t:|1700150776\n|switch|p1b: lighter|Typhlosion, M|89\/100\n|turn|7\n|\n|t:|1700150784\n|move|p2a: Inferno|Protect|p2a: Inferno\n|-singleturn|p2a: Inferno|Protect\n|move|p1b: lighter|Eruption|p2a: Inferno|[spread] p2b\n|-activate|p2a: Inferno|move: Protect\n|-resisted|p2b: Harbor\n|-damage|p2b: Harbor|69\/100\n|move|p2b: Harbor|Life Dew|p2b: Harbor|[spread] p2a,p2b\n|-heal|p2a: Inferno|100\/100\n|-heal|p2b: Harbor|94\/100\n|move|p1a: burning|Eruption|p2a: Inferno|[spread] p2b\n|-activate|p2a: Inferno|move: Protect\n|-resisted|p2b: Harbor\n|-damage|p2b: Harbor|88\/100\n|\n|-weather|none\n|-ability|p2a: Inferno|Speed Boost|boost\n|-boost|p2a: Inferno|spe|1\n|upkeep\n|turn|8\n|\n|t:|1700150801\n|switch|p1a: \ud83d\udd25\ud83d\udd25|Iron Moth|100\/100\n|-enditem|p1a: \ud83d\udd25\ud83d\udd25|Booster Energy\n|-activate|p1a: \ud83d\udd25\ud83d\udd25|ability: Quark Drive|[fromitem]\n|-start|p1a: \ud83d\udd25\ud83d\udd25|quarkdrivespa\n|move|p1b: lighter|Eruption|p2b: Harbor|[spread] p2a,p2b\n|-resisted|p2a: Inferno\n|-resisted|p2b: Harbor\n|-damage|p2a: Inferno|67\/100\n|-damage|p2b: Harbor|70\/100\n|move|p2a: Inferno|Rock Slide|p1a: \ud83d\udd25\ud83d\udd25|[spread] p1b\n|-miss|p2a: Inferno|p1a: \ud83d\udd25\ud83d\udd25\n|-supereffective|p1b: lighter\n|-damage|p1b: lighter|32\/100\n|move|p2b: Harbor|Life Dew|p2b: Harbor|[spread] p2a,p2b\n|-heal|p2a: Inferno|92\/100\n|-heal|p2b: Harbor|95\/100\n|\n|-ability|p2a: Inferno|Speed Boost|boost\n|-boost|p2a: Inferno|spe|1\n|upkeep\n|turn|9\n|\n|t:|1700150819\n|switch|p1b: burning|Torkoal, F|36\/100\n|-weather|SunnyDay|[from] ability: Drought|[of] p1b: burning\n|move|p2a: Inferno|Rock Slide|p1a: \ud83d\udd25\ud83d\udd25|[spread] p1a,p1b\n|-supereffective|p1a: \ud83d\udd25\ud83d\udd25\n|-supereffective|p1b: burning\n|-damage|p1a: \ud83d\udd25\ud83d\udd25|31\/100\n|-damage|p1b: burning|4\/100\n|move|p1a: \ud83d\udd25\ud83d\udd25|Sludge Wave|p2b: Harbor|[spread] p1b,p2a,p2b\n|-damage|p1b: burning|0 fnt\n|-damage|p2a: Inferno|27\/100\n|-damage|p2b: Harbor|51\/100\n|faint|p1b: burning\n|move|p2b: Harbor|Life Dew|p2b: Harbor|[spread] p2a,p2b\n|-heal|p2a: Inferno|52\/100\n|-heal|p2b: Harbor|76\/100\n|\n|-weather|SunnyDay|[upkeep]\n|-ability|p2a: Inferno|Speed Boost|boost\n|-boost|p2a: Inferno|spe|1\n|upkeep\n|\n|t:|1700150841\n|switch|p1b: lighter|Typhlosion, M|32\/100\n|turn|10\n|\n|t:|1700150852\n|move|p2a: Inferno|Rock Slide|p1b: lighter|[spread] p1a,p1b\n|-supereffective|p1a: \ud83d\udd25\ud83d\udd25\n|-supereffective|p1b: lighter\n|-damage|p1a: \ud83d\udd25\ud83d\udd25|0 fnt\n|-damage|p1b: lighter|0 fnt\n|faint|p1a: \ud83d\udd25\ud83d\udd25\n|-end|p1a: \ud83d\udd25\ud83d\udd25|Quark Drive|[silent]\n|faint|p1b: lighter\n|move|p2b: Harbor|Life Dew|p2b: Harbor|[spread] p2a,p2b\n|-heal|p2a: Inferno|77\/100\n|-heal|p2b: Harbor|100\/100\n|\n|-weather|SunnyDay|[upkeep]\n|-ability|p2a: Inferno|Speed Boost|boost\n|-boost|p2a: Inferno|spe|1\n|upkeep\n|\n|t:|1700150856\n|switch|p1b: heating up|Charizard, M|100\/100\n|turn|11\n|c|\u2606lxvliiz|nice\n|\n|t:|1700150865\n|detailschange|p1b: heating up|Charizard-Mega-Y, M\n|-mega|p1b: heating up|Charizard|Charizardite Y\n|move|p2a: Inferno|Rock Slide|p1b: heating up|[miss]\n|-miss|p2a: Inferno|p1b: heating up\n|move|p1b: heating up|Weather Ball|p2a: Inferno\n|-resisted|p2a: Inferno\n|-damage|p2a: Inferno|12\/100\n|move|p2b: Harbor|Scald|p1b: heating up\n|-supereffective|p1b: heating up\n|-damage|p1b: heating up|79\/100\n|\n|-weather|SunnyDay|[upkeep]\n|-ability|p2a: Inferno|Speed Boost|boost\n|-boost|p2a: Inferno|spe|1\n|upkeep\n|turn|12\n|\n|t:|1700150876\n|move|p2b: Harbor|Follow Me|p2b: Harbor\n|-singleturn|p2b: Harbor|move: Follow Me\n|move|p2a: Inferno|Rock Slide|p1b: heating up\n|-supereffective|p1b: heating up\n|-damage|p1b: heating up|0 fnt\n|faint|p1b: heating up\n|\n|win|fumbari 24\n|raw|lxvliiz's rating: 1239 &rarr; <strong>1217<\/strong><br \/>(-22 for losing)\n|raw|fumbari 24's rating: 1286 &rarr; <strong>1308<\/strong><br \/>(+22 for winning)\n|c|\u2606lxvliiz|gg\n","uploadtime":1700150882,"views":16,"p1id":"lxvliiz","p2id":"fumbari24","formatid":"gen9nationaldexdoubles","rating":1217,"private":0,"password":""}