{"id":"gen9nationaldexdoubles-1984991431","p1":"BirbOnFire","p2":"Mudsquash","format":"[Gen 9] National Dex Doubles","log":"|j|\u2606BirbOnFire\n|j|\u2606Mudsquash\n|t:|1699318336\n|gametype|doubles\n|player|p1|BirbOnFire|rollerskaterf|1231\n|player|p2|Mudsquash|hilda-wonderlauncher|1224\n|teamsize|p1|6\n|teamsize|p2|6\n|gen|9\n|tier|[Gen 9] National Dex Doubles\n|rated|\n|rule|HP Percentage Mod: HP is shown in percentages\n|rule|Endless Battle Clause: Forcing endless battles is banned\n|rule|OHKO Clause: OHKO moves are banned\n|rule|Evasion Moves Clause: Evasion moves are banned\n|rule|Evasion Abilities Clause: Evasion abilities are banned\n|rule|Species Clause: Limit one of each Pok\u00e9mon\n|rule|Gravity Sleep Clause: The combination of sleep-inducing moves with imperfect accuracy and Gravity or Gigantamax Orbeetle are banned\n|clearpoke\n|poke|p1|Ursaluna-Bloodmoon, M|\n|poke|p1|Hitmontop, M|\n|poke|p1|Hatterene, F|\n|poke|p1|Gourgeist-*, M|\n|poke|p1|Comfey, F|\n|poke|p1|Grimmsnarl, M|\n|poke|p2|Pincurchin, F|\n|poke|p2|Iron Valiant|\n|poke|p2|Iron Treads|\n|poke|p2|Iron Moth|\n|poke|p2|Tapu Koko|\n|poke|p2|Iron Leaves|\n|teampreview\n|\n|t:|1699318348\n|start\n|switch|p1a: Bear|Ursaluna-Bloodmoon, M|100\/100\n|switch|p1b: Pump|Gourgeist-Super, M, shiny|100\/100\n|switch|p2a: Tapu Koko|Tapu Koko|100\/100\n|switch|p2b: Iron Moth|Iron Moth|100\/100\n|-fieldstart|move: Electric Terrain|[from] ability: Electric Surge|[of] p2a: Tapu Koko\n|-activate|p2b: Iron Moth|ability: Quark Drive\n|-start|p2b: Iron Moth|quarkdrivespa\n|turn|1\n|\n|t:|1699318369\n|-terastallize|p1b: Pump|Ghost\n|move|p2a: Tapu Koko|U-turn|p1a: Bear\n|-damage|p1a: Bear|89\/100\n|\n|t:|1699318375\n|switch|p2a: Iron Treads|Iron Treads|100\/100|[from] U-turn\n|-activate|p2a: Iron Treads|ability: Quark Drive\n|-start|p2a: Iron Treads|quarkdrivespe\n|move|p2b: Iron Moth|Fiery Dance|p1b: Pump\n|-damage|p1b: Pump|37\/100\n|move|p1a: Bear|Hyper Voice|p2a: Iron Treads|[spread] p2a,p2b\n|-resisted|p2a: Iron Treads\n|-damage|p2a: Iron Treads|82\/100\n|-damage|p2b: Iron Moth|72\/100\n|-enditem|p1a: Bear|Throat Spray\n|-boost|p1a: Bear|spa|1|[from] item: Throat Spray\n|move|p1b: Pump|Trick Room|p1b: Pump\n|-fieldstart|move: Trick Room|[of] p1b: Pump\n|-enditem|p1b: Pump|Room Service\n|-unboost|p1b: Pump|spe|1|[from] item: Room Service\n|\n|-item|p1b: Pump|Throat Spray|[from] ability: Pickup\n|upkeep\n|turn|2\n|\n|t:|1699318398\n|move|p1b: Pump|Trick|p1a: Bear\n|-activate|p1b: Pump|move: Trick|[of] p1a: Bear\n|-item|p1a: Bear|Throat Spray|[from] move: Trick\n|-enditem|p1b: Pump|Throat Spray|[silent]|[from] move: Trick\n|move|p1a: Bear|Hyper Voice|p2b: Iron Moth|[spread] p2a,p2b\n|-resisted|p2a: Iron Treads\n|-crit|p2a: Iron Treads\n|-damage|p2a: Iron Treads|38\/100\n|-damage|p2b: Iron Moth|27\/100\n|-enditem|p1a: Bear|Throat Spray\n|-boost|p1a: Bear|spa|1|[from] item: Throat Spray\n|move|p2b: Iron Moth|Discharge|p1a: Bear|[spread] p1b\n|-immune|p2a: Iron Treads\n|-immune|p1a: Bear\n|-damage|p1b: Pump|0 fnt\n|faint|p1b: Pump\n|move|p2a: Iron Treads|Rock Slide|p1a: Bear\n|-resisted|p1a: Bear\n|-crit|p1a: Bear\n|-damage|p1a: Bear|77\/100\n|\n|upkeep\n|\n|t:|1699318406\n|switch|p1b: Witch|Hatterene, F, shiny|100\/100\n|turn|3\n|\n|t:|1699318427\n|-end|p2b: Iron Moth|Quark Drive|[silent]\n|switch|p2b: Iron Valiant|Iron Valiant|100\/100\n|-activate|p2b: Iron Valiant|ability: Quark Drive\n|-start|p2b: Iron Valiant|quarkdrivespa\n|move|p1b: Witch|Helping Hand|p1a: Bear\n|-singleturn|p1a: Bear|Helping Hand|[of] p1b: Witch\n|move|p1a: Bear|Hyper Voice|p2b: Iron Valiant|[spread] p2a,p2b\n|-resisted|p2a: Iron Treads\n|-damage|p2a: Iron Treads|0 fnt\n|-damage|p2b: Iron Valiant|0 fnt\n|faint|p2a: Iron Treads\n|-end|p2a: Iron Treads|Quark Drive|[silent]\n|faint|p2b: Iron Valiant\n|-end|p2b: Iron Valiant|Quark Drive|[silent]\n|\n|upkeep\n|\n|t:|1699318447\n|switch|p2b: Pincurchin|Pincurchin, F|100\/100\n|switch|p2a: Iron Leaves|Iron Leaves|100\/100\n|-activate|p2a: Iron Leaves|ability: Quark Drive\n|-start|p2a: Iron Leaves|quarkdriveatk\n|turn|4\n|\n|t:|1699318458\n|move|p1b: Witch|Helping Hand|p1a: Bear\n|-singleturn|p1a: Bear|Helping Hand|[of] p1b: Witch\n|move|p2b: Pincurchin|Rising Voltage|p1b: Witch\n|-hint|Rising Voltage's BP doubled on grounded target.\n|-damage|p1b: Witch|46\/100\n|move|p1a: Bear|Hyper Voice|p2b: Pincurchin|[spread] p2a,p2b\n|-damage|p2a: Iron Leaves|0 fnt\n|-damage|p2b: Pincurchin|0 fnt\n|faint|p2a: Iron Leaves\n|-end|p2a: Iron Leaves|Quark Drive|[silent]\n|faint|p2b: Pincurchin\n|\n|upkeep\n|\n|t:|1699318473\n|switch|p2b: Tapu Koko|Tapu Koko|100\/100\n|switch|p2a: Iron Moth|Iron Moth|27\/100\n|-activate|p2a: Iron Moth|ability: Quark Drive\n|-start|p2a: Iron Moth|quarkdrivespa\n|turn|5\n|-message|Mudsquash forfeited.\n|\n|win|BirbOnFire\n|raw|BirbOnFire's rating: 1231 &rarr; <strong>1256<\/strong><br \/>(+25 for winning)\n|raw|Mudsquash's rating: 1236 &rarr; <strong>1211<\/strong><br \/>(-25 for losing)\n|l|\u2606Mudsquash\n","uploadtime":1699318480,"views":5,"p1id":"birbonfire","p2id":"mudsquash","formatid":"gen9nationaldexdoubles","rating":1211,"private":0,"password":""}