{"id":"gen9nationaldexdoubles-1993193385","p1":"Marlene 420","p2":"Shazamwhich","format":"[Gen 9] National Dex Doubles","log":"|j|\u2606Marlene 420\n|j|\u2606Shazamwhich\n|t:|1700276276\n|gametype|doubles\n|player|p1|Marlene 420|cheryl|1271\n|player|p2|Shazamwhich|brendan-gen3|1323\n|teamsize|p1|6\n|teamsize|p2|6\n|gen|9\n|tier|[Gen 9] National Dex Doubles\n|rated|\n|rule|HP Percentage Mod: HP is shown in percentages\n|rule|Endless Battle Clause: Forcing endless battles is banned\n|rule|OHKO Clause: OHKO moves are banned\n|rule|Evasion Moves Clause: Evasion moves are banned\n|rule|Evasion Abilities Clause: Evasion abilities are banned\n|rule|Species Clause: Limit one of each Pok\u00e9mon\n|rule|Gravity Sleep Clause: The combination of sleep-inducing moves with imperfect accuracy and Gravity or Gigantamax Orbeetle are banned\n|clearpoke\n|poke|p1|Pheromosa|\n|poke|p1|Diancie|\n|poke|p1|Lopunny, F|\n|poke|p1|Gardevoir, F|\n|poke|p1|Meloetta|\n|poke|p1|Hatterene, F|\n|poke|p2|Ogerpon-Hearthflame, F|\n|poke|p2|Landorus-Therian, M|\n|poke|p2|Roaring Moon|\n|poke|p2|Amoonguss, M|\n|poke|p2|Gholdengo|\n|poke|p2|Volcanion|\n|teampreview\n|inactive|Battle timer is ON: inactive players will automatically lose when time's up. (requested by Shazamwhich)\n|inactive|Shazamwhich has 120 seconds left.\n|\n|t:|1700276311\n|start\n|switch|p1a: Katherine|Hatterene, F|100\/100\n|switch|p1b: Lola|Lopunny, F, shiny|100\/100\n|switch|p2a: Volcanion|Volcanion|100\/100\n|switch|p2b: Ogerpon|Ogerpon-Hearthflame, F|100\/100\n|-ability|p2b: Ogerpon|Mold Breaker\n|turn|1\n|inactive|Shazamwhich has 120 seconds left.\n|\n|t:|1700276350\n|detailschange|p1b: Lola|Lopunny-Mega, F, shiny\n|-mega|p1b: Lola|Lopunny|Lopunnite\n|move|p1b: Lola|Fake Out|p2a: Volcanion\n|-damage|p2a: Volcanion|81\/100\n|move|p2b: Ogerpon|Ivy Cudgel|p1b: Lola|[anim] Ivy Cudgel Fire\n|-damage|p1b: Lola|20\/100\n|cant|p2a: Volcanion|flinch\n|move|p1a: Katherine|Calm Mind|p1a: Katherine\n|-boost|p1a: Katherine|spa|1\n|-boost|p1a: Katherine|spd|1\n|\n|upkeep\n|turn|2\n|inactive|Marlene 420 has 120 seconds left.\n|\n|t:|1700276391\n|switch|p1b: Melody|Meloetta|100\/100\n|move|p2b: Ogerpon|U-turn|p1a: Katherine\n|-damage|p1a: Katherine|67\/100\n|\n|t:|1700276396\n|switch|p2b: Roaring Moon|Roaring Moon, shiny|100\/100|[from] U-turn\n|-enditem|p2b: Roaring Moon|Booster Energy\n|-activate|p2b: Roaring Moon|ability: Protosynthesis|[fromitem]\n|-start|p2b: Roaring Moon|protosynthesisspe\n|move|p2a: Volcanion|Steam Eruption|p1b: Melody\n|-damage|p1b: Melody|48\/100\n|move|p1a: Katherine|Giga Drain|p2a: Volcanion\n|-damage|p2a: Volcanion|56\/100\n|-heal|p1a: Katherine|79\/100|[from] drain|[of] p2a: Volcanion\n|\n|-heal|p1a: Katherine|85\/100|[from] item: Leftovers\n|upkeep\n|turn|3\n|\n|t:|1700276420\n|move|p2b: Roaring Moon|Knock Off|p1a: Katherine\n|-damage|p1a: Katherine|25\/100\n|-enditem|p1a: Katherine|Leftovers|[from] move: Knock Off|[of] p2b: Roaring Moon\n|move|p1b: Melody|Relic Song|p2b: Roaring Moon|[spread] p2a,p2b\n|-damage|p2a: Volcanion|40\/100\n|-damage|p2b: Roaring Moon|81\/100\n|-status|p2a: Volcanion|slp|[from] move: Relic Song\n|-formechange|p1b: Melody|Meloetta-Pirouette|[msg]\n|cant|p2a: Volcanion|slp\n|move|p1a: Katherine|Draining Kiss|p2b: Roaring Moon\n|-supereffective|p2b: Roaring Moon\n|-damage|p2b: Roaring Moon|0 fnt\n|-heal|p1a: Katherine|92\/100|[from] drain|[of] p2b: Roaring Moon\n|faint|p2b: Roaring Moon\n|-end|p2b: Roaring Moon|Protosynthesis|[silent]\n|\n|upkeep\n|inactive|Shazamwhich has 120 seconds left.\n|\n|t:|1700276454\n|switch|p2b: Landorus|Landorus-Therian, M|100\/100\n|-ability|p2b: Landorus|Intimidate|boost\n|-unboost|p1a: Katherine|atk|1\n|-unboost|p1b: Melody|atk|1\n|turn|4\n|\n|t:|1700276468\n|move|p2b: Landorus|Rock Slide|p1b: Melody|[spread] p1a,p1b\n|-resisted|p1b: Melody\n|-damage|p1a: Katherine|64\/100\n|-damage|p1b: Melody|36\/100\n|-zpower|p1b: Melody\n|move|p1b: Melody|Subzero Slammer|p2b: Landorus|[zeffect]\n|-supereffective|p2b: Landorus\n|-damage|p2b: Landorus|0 fnt\n|faint|p2b: Landorus\n|cant|p2a: Volcanion|slp\n|cant|p1a: Katherine|flinch\n|\n|upkeep\n|inactive|Shazamwhich has 120 seconds left.\n|\n|t:|1700276483\n|switch|p2b: Ogerpon|Ogerpon-Hearthflame, F|100\/100\n|-ability|p2b: Ogerpon|Mold Breaker\n|turn|5\n|\n|t:|1700276496\n|-terastallize|p2b: Ogerpon|Fire\n|detailschange|p2b: Ogerpon|Ogerpon-Hearthflame-Tera, F, tera:Fire\n|-ability|p2b: Ogerpon|Embody Aspect (Hearthflame)|boost\n|-boost|p2b: Ogerpon|atk|1\n|move|p1b: Melody|Knock Off|p2b: Ogerpon\n|-damage|p2b: Ogerpon|78\/100\n|move|p2b: Ogerpon|Ivy Cudgel|p1b: Melody|[anim] Ivy Cudgel Fire\n|-damage|p1b: Melody|0 fnt\n|faint|p1b: Melody\n|cant|p2a: Volcanion|slp\n|move|p1a: Katherine|Giga Drain|p2a: Volcanion\n|-damage|p2a: Volcanion|14\/100 slp\n|-heal|p1a: Katherine|77\/100|[from] drain|[of] p2a: Volcanion\n|\n|upkeep\n|inactive|Marlene 420 has 120 seconds left.\n|\n|t:|1700276521\n|switch|p1b: Gardenia|Gardevoir, F|100\/100\n|-ability|p1b: Gardenia|Embody Aspect (Hearthflame)|[from] ability: Trace|[of] p2b: Ogerpon\n|turn|6\n|inactive|Marlene 420 has 120 seconds left.\n|\n|t:|1700276565\n|move|p1b: Gardenia|Dazzling Gleam|p2b: Ogerpon|[spread] p2a,p2b\n|-resisted|p2a: Volcanion\n|-resisted|p2b: Ogerpon\n|-damage|p2a: Volcanion|3\/100 slp\n|-damage|p2b: Ogerpon|59\/100\n|move|p2b: Ogerpon|Ivy Cudgel|p1b: Gardenia|[anim] Ivy Cudgel Fire\n|-damage|p1b: Gardenia|0 fnt\n|faint|p1b: Gardenia\n|-curestatus|p2a: Volcanion|slp|[msg]\n|move|p2a: Volcanion|Steam Eruption|p1a: Katherine\n|-damage|p1a: Katherine|42\/100\n|move|p1a: Katherine|Calm Mind|p1a: Katherine\n|-boost|p1a: Katherine|spa|1\n|-boost|p1a: Katherine|spd|1\n|\n|upkeep\n|\n|t:|1700276584\n|switch|p1b: Dianita|Diancie|100\/100\n|turn|7\n|\n|t:|1700276599\n|move|p2b: Ogerpon|Horn Leech|p1b: Dianita\n|-supereffective|p1b: Dianita\n|-damage|p1b: Dianita|25\/100\n|-heal|p2b: Ogerpon|97\/100|[from] drain|[of] p1b: Dianita\n|move|p2a: Volcanion|Steam Eruption|p1b: Dianita\n|-supereffective|p1b: Dianita\n|-damage|p1b: Dianita|0 fnt\n|faint|p1b: Dianita\n|move|p1a: Katherine|Draining Kiss|p2b: Ogerpon\n|-resisted|p2b: Ogerpon\n|-damage|p2b: Ogerpon|72\/100\n|-heal|p1a: Katherine|60\/100|[from] drain|[of] p2b: Ogerpon\n|\n|upkeep\n|\n|t:|1700276612\n|switch|p1b: Lola|Lopunny-Mega, F, shiny|20\/100\n|turn|8\n|inactive|Marlene 420 has 120 seconds left.\n|inactive|Shazamwhich has 120 seconds left.\n|\n|t:|1700276665\n|switch|p2b: Gholdengo|Gholdengo|100\/100\n|move|p1b: Lola|Fake Out|p2a: Volcanion\n|-damage|p2a: Volcanion|0 fnt\n|faint|p2a: Volcanion\n|move|p1a: Katherine|Draining Kiss|p2b: Gholdengo\n|-resisted|p2b: Gholdengo\n|-crit|p2b: Gholdengo\n|-damage|p2b: Gholdengo|59\/100\n|-heal|p1a: Katherine|91\/100|[from] drain|[of] p2b: Gholdengo\n|\n|upkeep\n|\n|t:|1700276677\n|switch|p2a: Amoonguss|Amoonguss, M|100\/100\n|turn|9\n|inactive|Marlene 420 has 120 seconds left.\n|\n|t:|1700276691\n|switch|p2b: Ogerpon|Ogerpon-Hearthflame-Tera, F, tera:Fire|72\/100\n|-ability|p2b: Ogerpon|Embody Aspect (Hearthflame)|boost\n|-boost|p2b: Ogerpon|atk|1\n|move|p1b: Lola|Fire Punch|p2b: Ogerpon\n|-resisted|p2b: Ogerpon\n|-damage|p2b: Ogerpon|53\/100\n|move|p2a: Amoonguss|Spore|p1a: Katherine\n|move|p1a: Katherine|Spore|p2a: Amoonguss|[from]ability: Magic Bounce\n|-immune|p2a: Amoonguss\n|move|p1a: Katherine|Mystical Fire|p2a: Amoonguss\n|-supereffective|p2a: Amoonguss\n|-damage|p2a: Amoonguss|45\/100\n|-unboost|p2a: Amoonguss|spa|1\n|\n|-heal|p2a: Amoonguss|51\/100|[from] item: Black Sludge\n|upkeep\n|turn|10\n|inactive|Marlene 420 has 120 seconds left.\n|inactive|Shazamwhich has 120 seconds left.\n|\n|t:|1700276724\n|move|p2a: Amoonguss|Protect|p2a: Amoonguss\n|-singleturn|p2a: Amoonguss|Protect\n|move|p1b: Lola|High Jump Kick|p2b: Ogerpon\n|-damage|p2b: Ogerpon|0 fnt\n|faint|p2b: Ogerpon\n|move|p1a: Katherine|Mystical Fire|p2a: Amoonguss\n|-activate|p2a: Amoonguss|move: Protect\n|\n|-heal|p2a: Amoonguss|57\/100|[from] item: Black Sludge\n|upkeep\n|inactive|Shazamwhich has 120 seconds left.\n|\n|t:|1700276734\n|switch|p2b: Gholdengo|Gholdengo|59\/100\n|turn|11\n|\n|t:|1700276758\n|move|p2b: Gholdengo|Shadow Ball|p1a: Katherine\n|-supereffective|p1a: Katherine\n|-damage|p1a: Katherine|57\/100\n|move|p1b: Lola|High Jump Kick|p2b: Gholdengo\n|-supereffective|p2b: Gholdengo\n|-damage|p2b: Gholdengo|0 fnt\n|faint|p2b: Gholdengo\n|move|p2a: Amoonguss|Spore|p1b: Lola\n|-status|p1b: Lola|slp|[from] move: Spore\n|move|p1a: Katherine|Mystical Fire|p2a: Amoonguss\n|-supereffective|p2a: Amoonguss\n|-damage|p2a: Amoonguss|2\/100\n|-unboost|p2a: Amoonguss|spa|1\n|\n|-heal|p2a: Amoonguss|8\/100|[from] item: Black Sludge\n|upkeep\n|turn|12\n|c|\u2606Shazamwhich|gg\n|\n|t:|1700276779\n|cant|p1b: Lola|slp\n|move|p2a: Amoonguss|Clear Smog|p1a: Katherine\n|-supereffective|p1a: Katherine\n|-damage|p1a: Katherine|51\/100\n|-clearboost|p1a: Katherine\n|move|p1a: Katherine|Mystical Fire|p2a: Amoonguss\n|-supereffective|p2a: Amoonguss\n|-damage|p2a: Amoonguss|0 fnt\n|faint|p2a: Amoonguss\n|\n|win|Marlene 420\n|raw|Marlene 420's rating: 1271 &rarr; <strong>1300<\/strong><br \/>(+29 for winning)\n|raw|Shazamwhich's rating: 1323 &rarr; <strong>1300<\/strong><br \/>(-23 for losing)\n|l|\u2606Shazamwhich\n|c|\u2606Marlene 420|Gg\n","uploadtime":1700277103,"views":5,"p1id":"marlene420","p2id":"shazamwhich","formatid":"gen9nationaldexdoubles","rating":1300,"private":0,"password":""}