{"id":"gen9nationaldexdoubles-1993319122","p1":"Smudge","p2":"The power of ROCK","format":"[Gen 9] National Dex Doubles","log":"|j|\u2606Smudge\n|j|\u2606The power of ROCK\n|t:|1700297381\n|gametype|doubles\n|player|p1|Smudge|#dwcopiii|\n|player|p2|The power of ROCK|roark|\n|teamsize|p1|6\n|teamsize|p2|6\n|gen|9\n|tier|[Gen 9] National Dex Doubles\n|rated|Tournament battle\n|rule|HP Percentage Mod: HP is shown in percentages\n|rule|Endless Battle Clause: Forcing endless battles is banned\n|rule|OHKO Clause: OHKO moves are banned\n|rule|Evasion Moves Clause: Evasion moves are banned\n|rule|Evasion Abilities Clause: Evasion abilities are banned\n|rule|Species Clause: Limit one of each Pok\u00e9mon\n|rule|Gravity Sleep Clause: The combination of sleep-inducing moves with imperfect accuracy and Gravity or Gigantamax Orbeetle are banned\n|clearpoke\n|poke|p1|Miraidon|\n|poke|p1|Necrozma-Dusk-Mane|\n|poke|p1|Groudon|\n|poke|p1|Zygarde|\n|poke|p1|Koraidon|\n|poke|p1|Whimsicott, F|\n|poke|p2|Tyranitar, F|\n|poke|p2|Garganacl, F|\n|poke|p2|Stakataka|\n|poke|p2|Aggron, M|\n|poke|p2|Ogerpon-Cornerstone, F|\n|poke|p2|Shuckle, M|\n|teampreview\n|inactive|Battle timer is ON: inactive players will automatically lose when time's up. (requested by Smudge)\n|c|\u2606The power of ROCK|Welcome to the\n|c|\u2606Smudge|glhf\n|c|\u2606The power of ROCK|ROCK gym\n|c|\u2606The power of ROCK|and why am i looking at gods\n|c|\u2606The power of ROCK|omg they added legendaries\n|c|\u2606Smudge|its a dubers tour\n|inactive|The power of ROCK has 120 seconds left.\n|c|\u2606Smudge|it's not a normal thing in the tier\n|c|\u2606Smudge|I changed the rules for this roomtour only\n|c|\u2606The power of ROCK|lol i see\n|\n|t:|1700297437\n|start\n|switch|p1a: Whimsicott|Whimsicott, F, shiny|100\/100\n|switch|p1b: Groudon|Groudon|100\/100\n|switch|p2a: Stakataka|Stakataka|100\/100\n|switch|p2b: Ogerpon|Ogerpon-Cornerstone, F|100\/100\n|detailschange|p1b: Groudon|Groudon-Primal\n|-primal|p1b: Groudon|Red Orb\n|-weather|DesolateLand|[from] ability: Desolate Land|[of] p1b: Groudon\n|turn|1\n|\n|t:|1700297451\n|move|p1a: Whimsicott|Tailwind|p1a: Whimsicott\n|-sidestart|p1: Smudge|move: Tailwind\n|move|p1b: Groudon|Precipice Blades|p2b: Ogerpon|[spread] p2a,p2b\n|-supereffective|p2a: Stakataka\n|-enditem|p2a: Stakataka|Focus Sash\n|-damage|p2a: Stakataka|1\/100\n|-damage|p2b: Ogerpon|20\/100\n|move|p2b: Ogerpon|Ivy Cudgel|p1a: Whimsicott|[anim] Ivy Cudgel Rock\n|-damage|p1a: Whimsicott|25\/100\n|move|p2a: Stakataka|Trick Room|p2a: Stakataka\n|-fieldstart|move: Trick Room|[of] p2a: Stakataka\n|\n|-weather|DesolateLand|[upkeep]\n|upkeep\n|turn|2\n|\n|t:|1700297462\n|switch|p2a: Shuckle|Shuckle, M|100\/100\n|move|p1b: Groudon|Protect|p1b: Groudon\n|-singleturn|p1b: Groudon|Protect\n|move|p1a: Whimsicott|Encore||[still]\n|-fail|p1a: Whimsicott\n|move|p2b: Ogerpon|Ivy Cudgel|p1a: Whimsicott|[anim] Ivy Cudgel Rock\n|-crit|p1a: Whimsicott\n|-damage|p1a: Whimsicott|0 fnt\n|faint|p1a: Whimsicott\n|\n|-weather|DesolateLand|[upkeep]\n|upkeep\n|\n|t:|1700297479\n|switch|p1a: Necrozma|Necrozma-Dusk-Mane, shiny|100\/100\n|turn|3\n|inactive|The power of ROCK has 120 seconds left.\n|\n|t:|1700297513\n|switch|p2b: Garganacl|Garganacl, F|100\/100\n|move|p2a: Shuckle|Guard Split|p2b: Garganacl\n|-activate|p2a: Shuckle|move: Guard Split|[of] p2b: Garganacl\n|move|p1a: Necrozma|Sunsteel Strike|p2a: Shuckle\n|-supereffective|p2a: Shuckle\n|-damage|p2a: Shuckle|0 fnt\n|faint|p2a: Shuckle\n|move|p1b: Groudon|Heat Crash|p2b: Garganacl\n|-resisted|p2b: Garganacl\n|-damage|p2b: Garganacl|74\/100\n|\n|-weather|DesolateLand|[upkeep]\n|upkeep\n|inactive|The power of ROCK has 120 seconds left.\n|j| Daepiquejt\n|\n|t:|1700297525\n|switch|p2a: Aggron|Aggron, M|100\/100\n|turn|4\n|\n|t:|1700297534\n|detailschange|p2a: Aggron|Aggron-Mega, M\n|-mega|p2a: Aggron|Aggron|Aggronite\n|-terastallize|p2b: Garganacl|Ghost\n|move|p2b: Garganacl|Iron Defense|p2b: Garganacl\n|-boost|p2b: Garganacl|def|2\n|move|p2a: Aggron|Iron Defense|p2a: Aggron\n|-boost|p2a: Aggron|def|2\n|move|p1a: Necrozma|Dragon Dance|p1a: Necrozma\n|-boost|p1a: Necrozma|atk|1\n|-boost|p1a: Necrozma|spe|1\n|move|p1b: Groudon|Precipice Blades|p2b: Garganacl|[spread] p2a,p2b\n|-supereffective|p2a: Aggron\n|-damage|p2a: Aggron|81\/100\n|-damage|p2b: Garganacl|60\/100\n|\n|-weather|DesolateLand|[upkeep]\n|-sideend|p1: Smudge|move: Tailwind\n|upkeep\n|turn|5\n|\n|t:|1700297558\n|move|p2b: Garganacl|Recover|p2b: Garganacl\n|-heal|p2b: Garganacl|100\/100\n|move|p2a: Aggron|Body Press|p1a: Necrozma\n|-damage|p1a: Necrozma|31\/100\n|move|p1b: Groudon|Precipice Blades|p2b: Garganacl|[spread] p2a,p2b\n|-supereffective|p2a: Aggron\n|-damage|p2a: Aggron|64\/100\n|-damage|p2b: Garganacl|86\/100\n|move|p1a: Necrozma|Dragon Dance|p1a: Necrozma\n|-boost|p1a: Necrozma|atk|1\n|-boost|p1a: Necrozma|spe|1\n|\n|-weather|DesolateLand|[upkeep]\n|-fieldend|move: Trick Room\n|upkeep\n|turn|6\n|\n|t:|1700297577\n|move|p1a: Necrozma|Sunsteel Strike|p2b: Garganacl\n|-damage|p2b: Garganacl|53\/100\n|move|p1b: Groudon|Heat Crash|p2b: Garganacl\n|-damage|p2b: Garganacl|26\/100\n|move|p2a: Aggron|Body Press|p1a: Necrozma\n|-damage|p1a: Necrozma|0 fnt\n|faint|p1a: Necrozma\n|move|p2b: Garganacl|Iron Defense|p2b: Garganacl\n|-boost|p2b: Garganacl|def|2\n|\n|-weather|DesolateLand|[upkeep]\n|upkeep\n|\n|t:|1700297587\n|switch|p1a: Miraidon|Miraidon|100\/100\n|-fieldstart|move: Electric Terrain|[from] ability: Hadron Engine|[of] p1a: Miraidon\n|turn|7\n|c|\u2606The power of ROCK|i need that miradon ded\n|\n|t:|1700297605\n|move|p1a: Miraidon|Electro Drift|p2a: Aggron\n|-damage|p2a: Aggron|0 fnt\n|faint|p2a: Aggron\n|move|p1b: Groudon|Heat Crash|p2b: Garganacl\n|-damage|p2b: Garganacl|9\/100\n|move|p2b: Garganacl|Recover|p2b: Garganacl\n|-heal|p2b: Garganacl|59\/100\n|\n|-weather|DesolateLand|[upkeep]\n|upkeep\n|c|\u2606The power of ROCK|NOOOOOOOOOOOOOOOOOOOOOOOOOOOOOOOOOOOOOOOOOOOOOOOOOOOOOO\n|c|\u2606Smudge|lmao\n|c|\u2606The power of ROCK|i thought u would hit garg\n|inactive|The power of ROCK has 120 seconds left.\n|\n|t:|1700297640\n|switch|p2a: Stakataka|Stakataka|1\/100\n|turn|8\n|\n|t:|1700297648\n|-zpower|p1a: Miraidon\n|move|p1a: Miraidon|Devastating Drake|p2b: Garganacl|[zeffect]\n|-damage|p2b: Garganacl|0 fnt\n|faint|p2b: Garganacl\n|move|p1b: Groudon|Heat Crash|p2a: Stakataka\n|-damage|p2a: Stakataka|0 fnt\n|faint|p2a: Stakataka\n|\n|-weather|DesolateLand|[upkeep]\n|upkeep\n|\n|t:|1700297652\n|switch|p2b: Tyranitar|Tyranitar, F|100\/100\n|switch|p2a: Ogerpon|Ogerpon-Cornerstone, F|20\/100\n|-ability|p2b: Tyranitar|Sand Stream|[from] desolateland|[fail]\n|turn|9\n|c|\u2606The power of ROCK|welp gg\n|c|\u2606Smudge|gg\n|\n|t:|1700297665\n|move|p1a: Miraidon|Electro Drift|p2b: Tyranitar\n|-damage|p2b: Tyranitar|65\/100\n|move|p2a: Ogerpon|Ivy Cudgel|p1a: Miraidon|[anim] Ivy Cudgel Rock\n|-damage|p1a: Miraidon|46\/100\n|move|p1b: Groudon|Heat Crash|p2a: Ogerpon\n|-damage|p2a: Ogerpon|0 fnt\n|faint|p2a: Ogerpon\n|move|p2b: Tyranitar|Rock Blast|p1a: Miraidon\n|-damage|p1a: Miraidon|35\/100\n|-damage|p1a: Miraidon|23\/100\n|-hitcount|p1a: Miraidon|2\n|\n|-weather|DesolateLand|[upkeep]\n|upkeep\n|turn|10\n|\n|t:|1700297681\n|move|p1a: Miraidon|Electro Drift|p2b: Tyranitar\n|-damage|p2b: Tyranitar|29\/100\n|move|p1b: Groudon|Precipice Blades|p2b: Tyranitar\n|-supereffective|p2b: Tyranitar\n|-damage|p2b: Tyranitar|0 fnt\n|faint|p2b: Tyranitar\n|\n|win|Smudge\n|n|\u2606Smudge|smudge\n|n|\u2606The power of ROCK|thepowerofrock\n|n| Daepiquejt|daepiquejt\n|l|\u2606The power of ROCK\n","uploadtime":1700297686,"views":9,"p1id":"smudge","p2id":"thepowerofrock","formatid":"gen9nationaldexdoubles","rating":0,"private":0,"password":""}