{"id":"gen9nationaldexdoubles-1982845283","p1":"hajile233","p2":"TomoDako","format":"[Gen 9] National Dex Doubles","log":"|j|\u2606hajile233\n|j|\u2606TomoDako\n|t:|1699050621\n|gametype|doubles\n|player|p1|hajile233|n|1000\n|player|p2|TomoDako|veteran|1000\n|teamsize|p1|6\n|teamsize|p2|6\n|gen|9\n|tier|[Gen 9] National Dex Doubles\n|rated|\n|rule|HP Percentage Mod: HP is shown in percentages\n|rule|Endless Battle Clause: Forcing endless battles is banned\n|rule|OHKO Clause: OHKO moves are banned\n|rule|Evasion Moves Clause: Evasion moves are banned\n|rule|Evasion Abilities Clause: Evasion abilities are banned\n|rule|Species Clause: Limit one of each Pok\u00e9mon\n|rule|Gravity Sleep Clause: The combination of sleep-inducing moves with imperfect accuracy and Gravity or Gigantamax Orbeetle are banned\n|clearpoke\n|poke|p1|Pelipper, F|\n|poke|p1|Ribombee, F|\n|poke|p1|Barraskewda, M|\n|poke|p1|Great Tusk|\n|poke|p1|Cloyster, M|\n|poke|p1|Politoed, M|\n|poke|p2|Sableye, M|\n|poke|p2|Dracovish|\n|poke|p2|Sinistcha-Masterpiece|\n|poke|p2|Golem-Alola, F|\n|poke|p2|Gliscor, M|\n|poke|p2|Blacephalon|\n|teampreview\n|\n|t:|1699050637\n|start\n|switch|p1a: Pelipper|Pelipper, F|100\/100\n|switch|p1b: Ribombee|Ribombee, F|100\/100\n|switch|p2a: Sableye|Sableye, M|100\/100\n|switch|p2b: Dracovish|Dracovish|100\/100\n|-weather|RainDance|[from] ability: Drizzle|[of] p1a: Pelipper\n|turn|1\n|\n|t:|1699050653\n|move|p2a: Sableye|Fake Out|p1a: Pelipper\n|-damage|p1a: Pelipper|93\/100\n|move|p1b: Ribombee|Sticky Web|p2b: Dracovish\n|-sidestart|p2: TomoDako|move: Sticky Web\n|move|p2b: Dracovish|Fishious Rend|p1b: Ribombee\n|-enditem|p1b: Ribombee|Focus Sash\n|-damage|p1b: Ribombee|1\/100\n|cant|p1a: Pelipper|flinch\n|\n|-weather|RainDance|[upkeep]\n|upkeep\n|turn|2\n|\n|t:|1699050671\n|move|p2a: Sableye|Quash|p1a: Pelipper\n|-activate|p1a: Pelipper|move: Quash\n|move|p1b: Ribombee|Moonblast|p2b: Dracovish\n|-supereffective|p2b: Dracovish\n|-damage|p2b: Dracovish|12\/100\n|move|p2b: Dracovish|Fishious Rend|p1a: Pelipper\n|-resisted|p1a: Pelipper\n|-damage|p1a: Pelipper|0 fnt\n|faint|p1a: Pelipper\n|\n|-weather|RainDance|[upkeep]\n|upkeep\n|\n|t:|1699050683\n|switch|p1a: Barraskewda|Barraskewda, M|100\/100\n|turn|3\n|\n|t:|1699050700\n|move|p2a: Sableye|Quash|p1a: Barraskewda\n|-activate|p1a: Barraskewda|move: Quash\n|move|p1b: Ribombee|Moonblast|p2a: Sableye\n|-supereffective|p2a: Sableye\n|-damage|p2a: Sableye|0 fnt\n|faint|p2a: Sableye\n|move|p2b: Dracovish|Fishious Rend|p1a: Barraskewda\n|-resisted|p1a: Barraskewda\n|-damage|p1a: Barraskewda|0 fnt\n|faint|p1a: Barraskewda\n|\n|-weather|RainDance|[upkeep]\n|upkeep\n|\n|t:|1699050721\n|switch|p1a: Cloyster|Cloyster, M|100\/100\n|switch|p2a: Sinistcha|Sinistcha-Masterpiece|100\/100\n|-activate|p2a: Sinistcha|move: Sticky Web\n|-unboost|p2a: Sinistcha|spe|1\n|-heal|p2b: Dracovish|37\/100|[from] ability: Hospitality|[of] p2a: Sinistcha\n|turn|4\n|\n|t:|1699050752\n|move|p1b: Ribombee|Moonblast|p2b: Dracovish\n|-supereffective|p2b: Dracovish\n|-damage|p2b: Dracovish|0 fnt\n|faint|p2b: Dracovish\n|move|p1a: Cloyster|Shell Smash|p1a: Cloyster\n|-unboost|p1a: Cloyster|def|1\n|-unboost|p1a: Cloyster|spd|1\n|-boost|p1a: Cloyster|atk|2\n|-boost|p1a: Cloyster|spa|2\n|-boost|p1a: Cloyster|spe|2\n|move|p2a: Sinistcha|Matcha Gotcha|p1a: Cloyster|[spread] p1a,p1b\n|-supereffective|p1a: Cloyster\n|-resisted|p1b: Ribombee\n|-enditem|p1a: Cloyster|Focus Sash\n|-damage|p1a: Cloyster|1\/100\n|-damage|p1b: Ribombee|0 fnt\n|faint|p1b: Ribombee\n|\n|-weather|RainDance|[upkeep]\n|upkeep\n|\n|t:|1699050778\n|switch|p1b: Great Tusk|Great Tusk|100\/100\n|switch|p2b: Blacephalon|Blacephalon|100\/100\n|-activate|p2b: Blacephalon|move: Sticky Web\n|-unboost|p2b: Blacephalon|spe|1\n|turn|5\n|\n|t:|1699050792\n|move|p1a: Cloyster|Icicle Spear|p2a: Sinistcha\n|-supereffective|p2a: Sinistcha\n|-damage|p2a: Sinistcha|59\/100\n|-supereffective|p2a: Sinistcha\n|-damage|p2a: Sinistcha|19\/100\n|-supereffective|p2a: Sinistcha\n|-damage|p2a: Sinistcha|0 fnt\n|faint|p2a: Sinistcha\n|-hitcount|p2: Sinistcha|3\n|move|p1b: Great Tusk|Rapid Spin|p2b: Blacephalon\n|-immune|p2b: Blacephalon\n|move|p2b: Blacephalon|Calm Mind|p2b: Blacephalon\n|-boost|p2b: Blacephalon|spa|1\n|-boost|p2b: Blacephalon|spd|1\n|\n|-weather|RainDance|[upkeep]\n|upkeep\n|\n|t:|1699050807\n|switch|p2a: Gliscor|Gliscor, M|100\/100\n|turn|6\n|\n|t:|1699050822\n|move|p1a: Cloyster|Icicle Spear|p2a: Gliscor\n|-supereffective|p2a: Gliscor\n|-damage|p2a: Gliscor|22\/100\n|-supereffective|p2a: Gliscor\n|-damage|p2a: Gliscor|0 fnt\n|faint|p2a: Gliscor\n|-hitcount|p2: Gliscor|2\n|move|p1b: Great Tusk|Stomping Tantrum|p2b: Blacephalon\n|-supereffective|p2b: Blacephalon\n|-damage|p2b: Blacephalon|0 fnt\n|faint|p2b: Blacephalon\n|\n|-weather|RainDance|[upkeep]\n|upkeep\n|\n|t:|1699050877\n|switch|p2a: Golem|Golem-Alola, F|100\/100\n|-activate|p2a: Golem|move: Sticky Web\n|-unboost|p2a: Golem|spe|1\n|turn|7\n|\n|t:|1699050888\n|move|p1a: Cloyster|Icicle Spear|p2a: Golem\n|-damage|p2a: Golem|83\/100\n|-damage|p2a: Golem|68\/100\n|-damage|p2a: Golem|51\/100\n|-damage|p2a: Golem|36\/100\n|-damage|p2a: Golem|20\/100\n|-hitcount|p2a: Golem|5\n|move|p1b: Great Tusk|Close Combat|p2a: Golem\n|-supereffective|p2a: Golem\n|-damage|p2a: Golem|0 fnt\n|-unboost|p1b: Great Tusk|def|1\n|-unboost|p1b: Great Tusk|spd|1\n|faint|p2a: Golem\n|\n|win|hajile233\n|raw|hajile233's rating: 1000 &rarr; <strong>1040<\/strong><br \/>(+40 for winning)\n|raw|TomoDako's rating: 1000 &rarr; <strong>1000<\/strong><br \/>(+0 for losing)\n|l|\u2606TomoDako\n|c|\u2606hajile233|Gg\n","uploadtime":1699050924,"views":5,"p1id":"hajile233","p2id":"tomodako","formatid":"gen9nationaldexdoubles","rating":1000,"private":0,"password":""}