{"id":"gen9nationaldexdoubles-1949387606","p1":"SleepyZetsu","p2":"Jsbe odud","format":"[Gen 9] National Dex Doubles","log":"|j|\u2606SleepyZetsu\n|j|\u2606Jsbe odud\n|t:|1695354211\n|gametype|doubles\n|player|p1|SleepyZetsu|101|1046\n|player|p2|Jsbe odud|youngster-gen4dp|1093\n|teamsize|p1|6\n|teamsize|p2|6\n|gen|9\n|tier|[Gen 9] National Dex Doubles\n|rated|\n|rule|HP Percentage Mod: HP is shown in percentages\n|rule|Endless Battle Clause: Forcing endless battles is banned\n|rule|OHKO Clause: OHKO moves are banned\n|rule|Evasion Moves Clause: Evasion moves are banned\n|rule|Evasion Abilities Clause: Evasion abilities are banned\n|rule|Species Clause: Limit one of each Pok\u00e9mon\n|rule|Gravity Sleep Clause: The combination of sleep-inducing moves with imperfect accuracy and Gravity or Gigantamax Orbeetle are banned\n|clearpoke\n|poke|p1|Walking Wake|\n|poke|p1|Whimsicott, M|\n|poke|p1|Chi-Yu|\n|poke|p1|Landorus-Therian, M|\n|poke|p1|Flutter Mane|\n|poke|p1|Glimmora, F|\n|poke|p2|Blastoise, M|\n|poke|p2|Clefable, M|\n|poke|p2|Indeedee-F, F|\n|poke|p2|Mr. Mime, M|\n|poke|p2|Glastrier|\n|poke|p2|Oranguru, F|\n|teampreview\n|\n|t:|1695354228\n|start\n|switch|p1a: Whimsicott|Whimsicott, M|100\/100\n|switch|p1b: Walking Wake|Walking Wake|100\/100\n|switch|p2a: Glastrier|Glastrier|100\/100\n|switch|p2b: Indeedee|Indeedee-F, F|100\/100\n|-fieldstart|move: Psychic Terrain|[from] ability: Psychic Surge|[of] p2b: Indeedee\n|turn|1\n|inactive|Battle timer is ON: inactive players will automatically lose when time's up. (requested by SleepyZetsu)\n|\n|t:|1695354245\n|move|p2a: Glastrier|Protect|p2a: Glastrier\n|-singleturn|p2a: Glastrier|Protect\n|move|p1a: Whimsicott|Sunny Day|p1a: Whimsicott\n|-weather|SunnyDay\n|-activate|p1b: Walking Wake|ability: Protosynthesis\n|-start|p1b: Walking Wake|protosynthesisspa\n|move|p1b: Walking Wake|Hydro Steam|p2b: Indeedee\n|-damage|p2b: Indeedee|14\/100\n|move|p2b: Indeedee|Trick Room|p2b: Indeedee\n|-fieldstart|move: Trick Room|[of] p2b: Indeedee\n|\n|-weather|SunnyDay|[upkeep]\n|upkeep\n|turn|2\n|inactive|SleepyZetsu has 120 seconds left.\n|\n|t:|1695354279\n|switch|p1a: Glimmora|Glimmora, F|100\/100\n|move|p2b: Indeedee|Follow Me|p2b: Indeedee\n|-singleturn|p2b: Indeedee|move: Follow Me\n|move|p2a: Glastrier|Icicle Spear|p1a: Glimmora\n|-damage|p1a: Glimmora|84\/100\n|-activate|p1a: Glimmora|ability: Toxic Debris\n|-sidestart|p2: Jsbe odud|move: Toxic Spikes\n|-damage|p1a: Glimmora|69\/100\n|-activate|p1a: Glimmora|ability: Toxic Debris\n|-sidestart|p2: Jsbe odud|move: Toxic Spikes\n|-crit|p1a: Glimmora\n|-damage|p1a: Glimmora|46\/100\n|-damage|p1a: Glimmora|30\/100\n|-hitcount|p1a: Glimmora|4\n|move|p1b: Walking Wake|Flamethrower|p2b: Indeedee\n|-damage|p2b: Indeedee|0 fnt\n|faint|p2b: Indeedee\n|\n|-weather|SunnyDay|[upkeep]\n|upkeep\n|\n|t:|1695354301\n|switch|p2b: Oranguru|Oranguru, F|100\/100\n|-status|p2b: Oranguru|tox\n|turn|3\n|\n|t:|1695354311\n|-terastallize|p2a: Glastrier|Ice\n|move|p2a: Glastrier|Icicle Spear|p1a: Glimmora\n|-damage|p1a: Glimmora|10\/100\n|-damage|p1a: Glimmora|0 fnt\n|faint|p1a: Glimmora\n|-ability|p2a: Glastrier|Chilling Neigh|boost\n|-boost|p2a: Glastrier|atk|1\n|-hitcount|p1: Glimmora|2\n|move|p2b: Oranguru|Instruct|p2a: Glastrier\n|-singleturn|p2a: Glastrier|move: Instruct|[of] p2b: Oranguru\n|move|p2a: Glastrier|Icicle Spear|p1b: Walking Wake\n|-damage|p1b: Walking Wake|65\/100\n|-damage|p1b: Walking Wake|32\/100\n|-damage|p1b: Walking Wake|0 fnt\n|faint|p1b: Walking Wake\n|-end|p1b: Walking Wake|Protosynthesis|[silent]\n|-ability|p2a: Glastrier|Chilling Neigh|boost\n|-boost|p2a: Glastrier|atk|1\n|-hitcount|p1: Walking Wake|3\n|\n|-weather|SunnyDay|[upkeep]\n|-damage|p2b: Oranguru|94\/100 tox|[from] psn\n|upkeep\n|\n|t:|1695354334\n|switch|p1a: Landorus|Landorus-Therian, M|100\/100\n|switch|p1b: Whimsicott|Whimsicott, M|100\/100\n|-ability|p1a: Landorus|Intimidate|boost\n|-unboost|p2a: Glastrier|atk|1\n|-fail|p2b: Oranguru|unboost|Attack|[from] ability: Inner Focus|[of] p2b: Oranguru\n|turn|4\n|\n|t:|1695354361\n|move|p1b: Whimsicott|Tailwind|p1b: Whimsicott\n|-sidestart|p1: SleepyZetsu|move: Tailwind\n|move|p2a: Glastrier|Icicle Spear|p1b: Whimsicott\n|-supereffective|p1b: Whimsicott\n|-damage|p1b: Whimsicott|12\/100\n|-supereffective|p1b: Whimsicott\n|-damage|p1b: Whimsicott|0 fnt\n|faint|p1b: Whimsicott\n|-ability|p2a: Glastrier|Chilling Neigh|boost\n|-boost|p2a: Glastrier|atk|1\n|-hitcount|p1: Whimsicott|2\n|move|p2b: Oranguru|Instruct|p2a: Glastrier\n|-singleturn|p2a: Glastrier|move: Instruct|[of] p2b: Oranguru\n|move|p2a: Glastrier|Icicle Spear|p1a: Landorus\n|-supereffective|p1a: Landorus\n|-damage|p1a: Landorus|0 fnt\n|faint|p1a: Landorus\n|-ability|p2a: Glastrier|Chilling Neigh|boost\n|-boost|p2a: Glastrier|atk|1\n|-hitcount|p1: Landorus|1\n|\n|-weather|SunnyDay|[upkeep]\n|-damage|p2b: Oranguru|82\/100 tox|[from] psn\n|upkeep\n|\n|t:|1695354367\n|switch|p1a: Chi-Yu|Chi-Yu|100\/100\n|switch|p1b: Flutter Mane|Flutter Mane|100\/100\n|-ability|p1a: Chi-Yu|Beads of Ruin\n|-activate|p1b: Flutter Mane|ability: Protosynthesis\n|-start|p1b: Flutter Mane|protosynthesisspe\n|turn|5\n|\n|t:|1695354388\n|move|p1a: Chi-Yu|Protect|p1a: Chi-Yu\n|-singleturn|p1a: Chi-Yu|Protect\n|move|p2a: Glastrier|Icicle Spear|p1b: Flutter Mane\n|-damage|p1b: Flutter Mane|8\/100\n|-damage|p1b: Flutter Mane|0 fnt\n|faint|p1b: Flutter Mane\n|-end|p1b: Flutter Mane|Protosynthesis|[silent]\n|-ability|p2a: Glastrier|Chilling Neigh|boost\n|-boost|p2a: Glastrier|atk|1\n|-hitcount|p1: Flutter Mane|2\n|move|p2b: Oranguru|Instruct|p2a: Glastrier\n|-singleturn|p2a: Glastrier|move: Instruct|[of] p2b: Oranguru\n|move|p2a: Glastrier|Icicle Spear|p1a: Chi-Yu\n|-activate|p1a: Chi-Yu|move: Protect\n|\n|-weather|none\n|-damage|p2b: Oranguru|63\/100 tox|[from] psn\n|-fieldend|move: Trick Room\n|-fieldend|move: Psychic Terrain\n|upkeep\n|turn|6\n|\n|t:|1695354401\n|-terastallize|p1a: Chi-Yu|Fire\n|move|p2a: Glastrier|Protect|p2a: Glastrier\n|-singleturn|p2a: Glastrier|Protect\n|move|p1a: Chi-Yu|Heat Wave|p2a: Glastrier|[spread] p2b\n|-activate|p2a: Glastrier|move: Protect\n|-damage|p2b: Oranguru|0 fnt\n|faint|p2b: Oranguru\n|-damage|p1a: Chi-Yu|91\/100|[from] item: Life Orb\n|\n|upkeep\n|\n|t:|1695354414\n|switch|p2b: Mr. Mime|Mr. Mime, M|100\/100\n|-status|p2b: Mr. Mime|tox\n|turn|7\n|\n|t:|1695354425\n|move|p2b: Mr. Mime|Wide Guard|p2b: Mr. Mime\n|-singleturn|p2b: Mr. Mime|Wide Guard\n|move|p1a: Chi-Yu|Heat Wave|p2b: Mr. Mime|[spread] \n|-activate|p2a: Glastrier|move: Wide Guard\n|-activate|p2b: Mr. Mime|move: Wide Guard\n|move|p2a: Glastrier|Stomping Tantrum|p1a: Chi-Yu\n|-supereffective|p1a: Chi-Yu\n|-damage|p1a: Chi-Yu|0 fnt\n|faint|p1a: Chi-Yu\n|\n|win|Jsbe odud\n|raw|SleepyZetsu's rating: 1046 &rarr; <strong>1031<\/strong><br \/>(-15 for losing)\n|raw|Jsbe odud's rating: 1093 &rarr; <strong>1116<\/strong><br \/>(+23 for winning)\n|l|\u2606SleepyZetsu\n|n|\u2606Jsbe odud|jsbeodud\n|c|\u2606Jsbe odud|HAHAHahahaha\n|c|\u2606Jsbe odud|outplayed\n|c|\u2606Jsbe odud|BOOM ouch\n","uploadtime":1695354488,"views":3,"p1id":"sleepyzetsu","p2id":"jsbeodud","formatid":"gen9nationaldexdoubles","rating":1031,"private":0,"password":""}