{"id":"gen9nationaldexdoubles-1990413459","p1":"rfhi","p2":"Bootus Stankus","format":"[Gen 9] National Dex Doubles","log":"|j|\u2606rfhi\n|j|\u2606Bootus Stankus\n|t:|1699968448\n|gametype|doubles\n|player|p1|rfhi|proton|1133\n|player|p2|Bootus Stankus|iris|1300\n|teamsize|p1|6\n|teamsize|p2|6\n|gen|9\n|tier|[Gen 9] National Dex Doubles\n|rated|\n|rule|HP Percentage Mod: HP is shown in percentages\n|rule|Endless Battle Clause: Forcing endless battles is banned\n|rule|OHKO Clause: OHKO moves are banned\n|rule|Evasion Moves Clause: Evasion moves are banned\n|rule|Evasion Abilities Clause: Evasion abilities are banned\n|rule|Species Clause: Limit one of each Pok\u00e9mon\n|rule|Gravity Sleep Clause: The combination of sleep-inducing moves with imperfect accuracy and Gravity or Gigantamax Orbeetle are banned\n|clearpoke\n|poke|p1|Goodra-Hisui, F|\n|poke|p1|Ribombee, M|\n|poke|p1|Delphox, M|\n|poke|p1|Iron Valiant|\n|poke|p1|Murkrow, M|\n|poke|p1|Tyranitar, F|\n|poke|p2|Arboliva, M|\n|poke|p2|Farigiraf, F|\n|poke|p2|Clefairy, M|\n|poke|p2|Zamazenta-*|\n|poke|p2|Bewear, M|\n|poke|p2|Vikavolt, M|\n|teampreview\n|inactive|Battle timer is ON: inactive players will automatically lose when time's up. (requested by rfhi)\n|\n|t:|1699968460\n|start\n|switch|p1a: Tyranitar|Tyranitar, F|100\/100\n|switch|p1b: Goodra|Goodra-Hisui, F|100\/100\n|switch|p2a: Zamazenta|Zamazenta|100\/100\n|switch|p2b: Bewear|Bewear, M, shiny|100\/100\n|-ability|p2a: Zamazenta|Dauntless Shield|boost\n|-boost|p2a: Zamazenta|def|1\n|-weather|Sandstorm|[from] ability: Sand Stream|[of] p1a: Tyranitar\n|turn|1\n|\n|t:|1699968478\n|switch|p1a: Iron Valiant|Iron Valiant|100\/100\n|-enditem|p1a: Iron Valiant|Booster Energy\n|-activate|p1a: Iron Valiant|ability: Quark Drive|[fromitem]\n|-start|p1a: Iron Valiant|quarkdrivespe\n|move|p2a: Zamazenta|Coaching|p2b: Bewear\n|-boost|p2b: Bewear|atk|1\n|-boost|p2b: Bewear|def|1\n|move|p1b: Goodra|Body Press|p2b: Bewear\n|-supereffective|p2b: Bewear\n|-damage|p2b: Bewear|83\/100\n|move|p2b: Bewear|Drain Punch|p1b: Goodra\n|-supereffective|p1b: Goodra\n|-damage|p1b: Goodra|13\/100\n|-heal|p2b: Bewear|100\/100|[from] drain|[of] p1b: Goodra\n|\n|-weather|Sandstorm|[upkeep]\n|-damage|p1a: Iron Valiant|94\/100|[from] Sandstorm\n|-damage|p2a: Zamazenta|94\/100|[from] Sandstorm\n|-damage|p2b: Bewear|94\/100|[from] Sandstorm\n|-heal|p1b: Goodra|19\/100|[from] item: Leftovers\n|upkeep\n|turn|2\n|inactive|Bootus Stankus has 120 seconds left.\n|\n|t:|1699968508\n|-terastallize|p2b: Bewear|Water\n|move|p2a: Zamazenta|Protect|p2a: Zamazenta\n|-singleturn|p2a: Zamazenta|Protect\n|move|p1a: Iron Valiant|Close Combat|p2b: Bewear\n|-damage|p2b: Bewear|72\/100\n|-unboost|p1a: Iron Valiant|def|1\n|-unboost|p1a: Iron Valiant|spd|1\n|move|p1b: Goodra|Body Press|p2b: Bewear\n|-damage|p2b: Bewear|64\/100\n|move|p2b: Bewear|Return|p1a: Iron Valiant\n|-damage|p1a: Iron Valiant|0 fnt\n|faint|p1a: Iron Valiant\n|-end|p1a: Iron Valiant|Quark Drive|[silent]\n|\n|-weather|Sandstorm|[upkeep]\n|-damage|p2a: Zamazenta|88\/100|[from] Sandstorm\n|-damage|p2b: Bewear|58\/100|[from] Sandstorm\n|-heal|p1b: Goodra|25\/100|[from] item: Leftovers\n|upkeep\n|inactive|rfhi has 120 seconds left.\n|\n|t:|1699968528\n|switch|p1a: Murkrow|Murkrow, M|100\/100\n|turn|3\n|\n|t:|1699968540\n|move|p1a: Murkrow|Haze|p1a: Murkrow\n|-clearallboost\n|move|p2a: Zamazenta|Coaching|p2b: Bewear\n|-boost|p2b: Bewear|atk|1\n|-boost|p2b: Bewear|def|1\n|move|p1b: Goodra|Curse|p1b: Goodra\n|-unboost|p1b: Goodra|spe|1\n|-boost|p1b: Goodra|atk|1\n|-boost|p1b: Goodra|def|1\n|move|p2b: Bewear|Drain Punch|p1b: Goodra\n|-supereffective|p1b: Goodra\n|-damage|p1b: Goodra|0 fnt\n|-heal|p2b: Bewear|69\/100|[from] drain|[of] p1b: Goodra\n|faint|p1b: Goodra\n|\n|-weather|Sandstorm|[upkeep]\n|-damage|p2a: Zamazenta|82\/100|[from] Sandstorm\n|-damage|p1a: Murkrow|94\/100|[from] Sandstorm\n|-damage|p2b: Bewear|63\/100|[from] Sandstorm\n|upkeep\n|inactive|rfhi has 120 seconds left.\n|\n|t:|1699968561\n|switch|p1b: Tyranitar|Tyranitar, F|100\/100\n|turn|4\n|\n|t:|1699968573\n|detailschange|p1b: Tyranitar|Tyranitar-Mega, F\n|-mega|p1b: Tyranitar|Tyranitar|Tyranitarite\n|move|p1a: Murkrow|Haze|p1a: Murkrow\n|-clearallboost\n|move|p2a: Zamazenta|Coaching|p2b: Bewear\n|-boost|p2b: Bewear|atk|1\n|-boost|p2b: Bewear|def|1\n|move|p1b: Tyranitar|Ice Punch|p2b: Bewear\n|-resisted|p2b: Bewear\n|-damage|p2b: Bewear|57\/100\n|move|p2b: Bewear|Return|p1a: Murkrow\n|-damage|p1a: Murkrow|0 fnt\n|faint|p1a: Murkrow\n|\n|-weather|Sandstorm|[upkeep]\n|-damage|p2a: Zamazenta|76\/100|[from] Sandstorm\n|-damage|p2b: Bewear|51\/100|[from] Sandstorm\n|upkeep\n|inactive|rfhi has 120 seconds left.\n|\n|t:|1699968592\n|switch|p1a: Delphox|Delphox, M|100\/100\n|turn|5\n|\n|t:|1699968599\n|move|p2a: Zamazenta|Snarl|p1b: Tyranitar|[spread] p1a,p1b\n|-supereffective|p1a: Delphox\n|-resisted|p1b: Tyranitar\n|-damage|p1a: Delphox|82\/100\n|-damage|p1b: Tyranitar|98\/100\n|-unboost|p1a: Delphox|spa|1\n|-unboost|p1b: Tyranitar|spa|1\n|move|p1a: Delphox|Psychic|p2a: Zamazenta\n|-supereffective|p2a: Zamazenta\n|-damage|p2a: Zamazenta|31\/100\n|move|p1b: Tyranitar|Stone Edge|p2b: Bewear\n|-damage|p2b: Bewear|5\/100\n|move|p2b: Bewear|Drain Punch|p1b: Tyranitar\n|-supereffective|p1b: Tyranitar\n|-damage|p1b: Tyranitar|0 fnt\n|-heal|p2b: Bewear|49\/100|[from] drain|[of] p1b: Tyranitar\n|faint|p1b: Tyranitar\n|\n|-weather|none\n|upkeep\n|\n|t:|1699968617\n|switch|p1b: Ribombee|Ribombee, M|100\/100\n|turn|6\n|-message|rfhi forfeited.\n|\n|win|Bootus Stankus\n|raw|rfhi's rating: 1133 &rarr; <strong>1119<\/strong><br \/>(-14 for losing)\n|raw|Bootus Stankus's rating: 1300 &rarr; <strong>1314<\/strong><br \/>(+14 for winning)\n|l|\u2606rfhi\n","uploadtime":1699968710,"views":5,"p1id":"rfhi","p2id":"bootusstankus","formatid":"gen9nationaldexdoubles","rating":1119,"private":0,"password":""}