{"id":"gen9nationaldexdoubles-1976995014","p1":"knaylor","p2":"MasterHand","format":"[Gen 9] National Dex Doubles","log":"|j|\u2606knaylor\n|j|\u2606MasterHand\n|t:|1698359865\n|gametype|doubles\n|player|p1|knaylor|lucas|1287\n|player|p2|MasterHand|volkner|1340\n|teamsize|p1|6\n|teamsize|p2|6\n|gen|9\n|tier|[Gen 9] National Dex Doubles\n|rated|\n|rule|HP Percentage Mod: HP is shown in percentages\n|rule|Endless Battle Clause: Forcing endless battles is banned\n|rule|OHKO Clause: OHKO moves are banned\n|rule|Evasion Moves Clause: Evasion moves are banned\n|rule|Evasion Abilities Clause: Evasion abilities are banned\n|rule|Species Clause: Limit one of each Pok\u00e9mon\n|rule|Gravity Sleep Clause: The combination of sleep-inducing moves with imperfect accuracy and Gravity or Gigantamax Orbeetle are banned\n|clearpoke\n|poke|p1|Landorus-Therian, M|\n|poke|p1|Serperior, F|\n|poke|p1|Rotom-Wash|\n|poke|p1|Tapu Koko|\n|poke|p1|Volcarona, M|\n|poke|p1|Audino, M|\n|poke|p2|Greninja-*, M|\n|poke|p2|Slowbro-Galar, F|\n|poke|p2|Iron Hands|\n|poke|p2|Throh, M|\n|poke|p2|Parasect, M|\n|poke|p2|Oranguru, M|\n|teampreview\n|\n|t:|1698359900\n|start\n|switch|p1a: Tapu Koko|Tapu Koko|100\/100\n|switch|p1b: Rotom|Rotom-Wash|100\/100\n|switch|p2a: Oranguru|Oranguru, M|100\/100\n|switch|p2b: Iron Hands|Iron Hands|100\/100\n|-fieldstart|move: Electric Terrain|[from] ability: Electric Surge|[of] p1a: Tapu Koko\n|-activate|p2b: Iron Hands|ability: Quark Drive\n|-start|p2b: Iron Hands|quarkdriveatk\n|turn|1\n|\n|t:|1698359922\n|move|p2b: Iron Hands|Fake Out|p1b: Rotom\n|-damage|p1b: Rotom|79\/100\n|move|p1a: Tapu Koko|Dazzling Gleam|p2a: Oranguru|[spread] p2a,p2b\n|-supereffective|p2b: Iron Hands\n|-crit|p2b: Iron Hands\n|-damage|p2a: Oranguru|88\/100\n|-damage|p2b: Iron Hands|45\/100\n|cant|p1b: Rotom|flinch\n|move|p2a: Oranguru|Trick Room|p2a: Oranguru\n|-fieldstart|move: Trick Room|[of] p2a: Oranguru\n|\n|-heal|p1b: Rotom|86\/100|[from] item: Leftovers\n|upkeep\n|turn|2\n|\n|t:|1698359945\n|switch|p1b: Landorus|Landorus-Therian, M|100\/100\n|-ability|p1b: Landorus|Intimidate|boost\n|-unboost|p2a: Oranguru|atk|1\n|-unboost|p2b: Iron Hands|atk|1\n|move|p2b: Iron Hands|Drain Punch|p1b: Landorus\n|-resisted|p1b: Landorus\n|-damage|p1b: Landorus|82\/100\n|-heal|p2b: Iron Hands|52\/100|[from] drain|[of] p1b: Landorus\n|move|p2a: Oranguru|Instruct|p2b: Iron Hands\n|-singleturn|p2b: Iron Hands|move: Instruct|[of] p2a: Oranguru\n|move|p2b: Iron Hands|Drain Punch|p1b: Landorus\n|-resisted|p1b: Landorus\n|-damage|p1b: Landorus|63\/100\n|-heal|p2b: Iron Hands|59\/100|[from] drain|[of] p1b: Landorus\n|move|p1a: Tapu Koko|Dazzling Gleam|p2a: Oranguru|[spread] p2a,p2b\n|-supereffective|p2b: Iron Hands\n|-damage|p2a: Oranguru|76\/100\n|-damage|p2b: Iron Hands|24\/100\n|\n|upkeep\n|turn|3\n|\n|t:|1698359968\n|move|p1a: Tapu Koko|Protect|p1a: Tapu Koko\n|-singleturn|p1a: Tapu Koko|Protect\n|move|p2b: Iron Hands|Ice Punch|p1b: Landorus\n|-supereffective|p1b: Landorus\n|-damage|p1b: Landorus|0 fnt\n|faint|p1b: Landorus\n|move|p2a: Oranguru|Instruct|p2b: Iron Hands\n|-singleturn|p2b: Iron Hands|move: Instruct|[of] p2a: Oranguru\n|move|p2b: Iron Hands|Ice Punch|p1a: Tapu Koko\n|-activate|p1a: Tapu Koko|move: Protect\n|\n|upkeep\n|\n|t:|1698359976\n|switch|p1b: Audino|Audino, M|100\/100\n|turn|4\n|\n|t:|1698359983\n|move|p2b: Iron Hands|Drain Punch|p1b: Audino\n|-supereffective|p1b: Audino\n|-damage|p1b: Audino|46\/100\n|-heal|p2b: Iron Hands|46\/100|[from] drain|[of] p1b: Audino\n|move|p2a: Oranguru|Encore|p1a: Tapu Koko\n|-start|p1a: Tapu Koko|Encore\n|-enditem|p1a: Tapu Koko|Mental Herb\n|-end|p1a: Tapu Koko|Encore\n|move|p1b: Audino|Wish|p1b: Audino\n|move|p1a: Tapu Koko|Calm Mind|p1a: Tapu Koko\n|-boost|p1a: Tapu Koko|spa|1\n|-boost|p1a: Tapu Koko|spd|1\n|\n|upkeep\n|turn|5\n|\n|t:|1698360011\n|detailschange|p1b: Audino|Audino-Mega, M\n|-mega|p1b: Audino|Audino|Audinite\n|move|p2b: Iron Hands|Thunder Punch|p1b: Audino\n|-damage|p1b: Audino|22\/100\n|move|p2a: Oranguru|Encore|p1a: Tapu Koko\n|-start|p1a: Tapu Koko|Encore\n|move|p1b: Audino|Draining Kiss|p2b: Iron Hands\n|-supereffective|p2b: Iron Hands\n|-damage|p2b: Iron Hands|18\/100\n|-heal|p1b: Audino|48\/100|[from] drain|[of] p2b: Iron Hands\n|move|p1a: Tapu Koko|Calm Mind|p1a: Tapu Koko\n|-boost|p1a: Tapu Koko|spa|1\n|-boost|p1a: Tapu Koko|spd|1\n|\n|-heal|p1b: Audino|98\/100|[from] move: Wish|[wisher] Audino\n|-fieldend|move: Trick Room\n|-fieldend|move: Electric Terrain\n|-end|p2b: Iron Hands|Quark Drive\n|upkeep\n|-enditem|p2b: Iron Hands|Booster Energy\n|-activate|p2a: Oranguru|ability: Symbiosis|Life Orb|[of] p2b: Iron Hands\n|-activate|p2b: Iron Hands|ability: Quark Drive|[fromitem]\n|-start|p2b: Iron Hands|quarkdriveatk\n|turn|6\n|\n|t:|1698360034\n|move|p1a: Tapu Koko|Calm Mind|p1a: Tapu Koko\n|-boost|p1a: Tapu Koko|spa|1\n|-boost|p1a: Tapu Koko|spd|1\n|move|p1b: Audino|Psych Up|p1a: Tapu Koko\n|-copyboost|p1b: Audino|p1a: Tapu Koko|[from] move: Psych Up\n|move|p2a: Oranguru|Yawn|p1b: Audino\n|-start|p1b: Audino|move: Yawn|[of] p2a: Oranguru\n|move|p2b: Iron Hands|Ice Punch|p1a: Tapu Koko\n|-damage|p1a: Tapu Koko|65\/100\n|-damage|p2b: Iron Hands|8\/100|[from] item: Life Orb\n|\n|upkeep\n|turn|7\n|\n|t:|1698360065\n|switch|p1a: Rotom|Rotom-Wash|86\/100\n|-end|p2b: Iron Hands|Quark Drive|[silent]\n|switch|p2b: Slowbro|Slowbro-Galar, F|100\/100\n|move|p1b: Audino|Wish|p1b: Audino\n|move|p2a: Oranguru|Trick Room|p2a: Oranguru\n|-fieldstart|move: Trick Room|[of] p2a: Oranguru\n|\n|-heal|p1a: Rotom|92\/100|[from] item: Leftovers\n|-end|p1b: Audino|move: Yawn|[silent]\n|-status|p1b: Audino|slp\n|upkeep\n|turn|8\n|\n|t:|1698360092\n|move|p2b: Slowbro|Belly Drum|p2b: Slowbro\n|-damage|p2b: Slowbro|50\/100\n|-setboost|p2b: Slowbro|atk|6|[from] move: Belly Drum\n|-enditem|p2b: Slowbro|Sitrus Berry|[eat]\n|-heal|p2b: Slowbro|75\/100|[from] item: Sitrus Berry\n|move|p2a: Oranguru|Yawn|p1a: Rotom\n|-start|p1a: Rotom|move: Yawn|[of] p2a: Oranguru\n|cant|p1b: Audino|slp\n|move|p1a: Rotom|Psych Up|p1b: Audino\n|-copyboost|p1a: Rotom|p1b: Audino|[from] move: Psych Up\n|\n|-heal|p1b: Audino|100\/100 slp|[from] move: Wish|[wisher] Audino\n|-heal|p1a: Rotom|98\/100|[from] item: Leftovers\n|upkeep\n|turn|9\n|\n|t:|1698360116\n|switch|p1b: Tapu Koko|Tapu Koko|65\/100\n|-fieldstart|move: Electric Terrain|[from] ability: Electric Surge|[of] p1b: Tapu Koko\n|move|p2b: Slowbro|Drain Punch|p1b: Tapu Koko\n|-resisted|p1b: Tapu Koko\n|-damage|p1b: Tapu Koko|15\/100\n|-heal|p2b: Slowbro|97\/100|[from] drain|[of] p1b: Tapu Koko\n|move|p2a: Oranguru|Encore|p1a: Rotom\n|-start|p1a: Rotom|Encore\n|move|p1a: Rotom|Psych Up|p2a: Oranguru\n|-copyboost|p1a: Rotom|p2a: Oranguru|[from] move: Psych Up\n|\n|-heal|p1a: Rotom|100\/100|[from] item: Leftovers\n|-end|p1a: Rotom|move: Yawn|[silent]\n|-status|p1a: Rotom|slp\n|upkeep\n|turn|10\n|\n|t:|1698360139\n|switch|p1a: Audino|Audino-Mega, M|100\/100 slp\n|move|p2b: Slowbro|Drain Punch|p1a: Audino\n|-damage|p1a: Audino|52\/100 slp\n|-heal|p2b: Slowbro|100\/100|[from] drain|[of] p1a: Audino\n|move|p2a: Oranguru|Instruct|p2b: Slowbro\n|-singleturn|p2b: Slowbro|move: Instruct|[of] p2a: Oranguru\n|-activate|p2b: Slowbro|ability: Quick Draw\n|move|p2b: Slowbro|Drain Punch|p1a: Audino\n|-damage|p1a: Audino|2\/100 slp\n|move|p1b: Tapu Koko|Calm Mind|p1b: Tapu Koko\n|-boost|p1b: Tapu Koko|spa|1\n|-boost|p1b: Tapu Koko|spd|1\n|\n|upkeep\n|turn|11\n|\n|t:|1698360153\n|-curestatus|p1a: Audino|slp|[msg]\n|move|p1a: Audino|Ally Switch|p1a: Audino\n|swap|p1a: Audino|1|[from] move: Ally Switch\n|move|p1a: Tapu Koko|Dazzling Gleam|p2a: Oranguru|[spread] p2a,p2b\n|-resisted|p2b: Slowbro\n|-damage|p2a: Oranguru|58\/100\n|-damage|p2b: Slowbro|82\/100\n|move|p2b: Slowbro|Trick Room|p2b: Slowbro\n|-fieldend|move: Trick Room\n|move|p2a: Oranguru|Trick Room|p2a: Oranguru\n|-fieldstart|move: Trick Room|[of] p2a: Oranguru\n|\n|upkeep\n|turn|12\n|\n|t:|1698360178\n|move|p2b: Slowbro|Drain Punch|p1a: Tapu Koko\n|-resisted|p1a: Tapu Koko\n|-damage|p1a: Tapu Koko|0 fnt\n|-heal|p2b: Slowbro|89\/100|[from] drain|[of] p1a: Tapu Koko\n|faint|p1a: Tapu Koko\n|move|p2a: Oranguru|Encore|p1b: Audino\n|-start|p1b: Audino|Encore\n|move|p1b: Audino|Ally Switch||[still]\n|-fail|p1b: Audino\n|\n|upkeep\n|\n|t:|1698360199\n|switch|p1a: Volcarona|Volcarona, M|100\/100\n|turn|13\n|-activate|p2b: Slowbro|ability: Quick Draw\n|\n|t:|1698360224\n|switch|p1b: Rotom|Rotom-Wash|100\/100 slp\n|-terastallize|p1a: Volcarona|Bug\n|move|p2b: Slowbro|Waterfall|p1a: Volcarona\n|-damage|p1a: Volcarona|7\/100\n|move|p2a: Oranguru|Instruct|p2b: Slowbro\n|-singleturn|p2b: Slowbro|move: Instruct|[of] p2a: Oranguru\n|move|p2b: Slowbro|Waterfall|p1a: Volcarona\n|-crit|p1a: Volcarona\n|-damage|p1a: Volcarona|0 fnt\n|faint|p1a: Volcarona\n|\n|-fieldend|move: Electric Terrain\n|upkeep\n|\n|t:|1698360235\n|switch|p1a: Serperior|Serperior, F|100\/100\n|turn|14\n|\n|t:|1698360243\n|move|p2b: Slowbro|Drain Punch|p1a: Serperior\n|-damage|p1a: Serperior|2\/100\n|-heal|p2b: Slowbro|100\/100|[from] drain|[of] p1a: Serperior\n|move|p2a: Oranguru|Instruct|p2b: Slowbro\n|-singleturn|p2b: Slowbro|move: Instruct|[of] p2a: Oranguru\n|move|p2b: Slowbro|Drain Punch|p1a: Serperior\n|-damage|p1a: Serperior|0 fnt\n|faint|p1a: Serperior\n|cant|p1b: Rotom|slp\n|\n|upkeep\n|\n|t:|1698360247\n|switch|p1a: Audino|Audino-Mega, M|2\/100\n|turn|15\n|-activate|p2b: Slowbro|ability: Quick Draw\n|\n|t:|1698360255\n|move|p1a: Audino|Ally Switch|p1a: Audino\n|swap|p1a: Audino|1|[from] move: Ally Switch\n|move|p2b: Slowbro|Drain Punch|p1a: Rotom\n|-damage|p1a: Rotom|1\/100 slp\n|move|p2a: Oranguru|Instruct|p2b: Slowbro\n|-singleturn|p2b: Slowbro|move: Instruct|[of] p2a: Oranguru\n|move|p2b: Slowbro|Drain Punch|p1a: Rotom\n|-damage|p1a: Rotom|0 fnt\n|faint|p1a: Rotom\n|\n|-fieldend|move: Trick Room\n|upkeep\n|turn|16\n|\n|t:|1698360265\n|move|p1b: Audino|Draining Kiss|p2a: Oranguru\n|-damage|p2a: Oranguru|49\/100\n|-heal|p1b: Audino|9\/100|[from] drain|[of] p2a: Oranguru\n|move|p2a: Oranguru|Encore|p1b: Audino\n|-start|p1b: Audino|Encore\n|move|p2b: Slowbro|Waterfall|p1b: Audino\n|-damage|p1b: Audino|0 fnt\n|faint|p1b: Audino\n|\n|win|MasterHand\n|raw|knaylor's rating: 1287 &rarr; <strong>1266<\/strong><br \/>(-21 for losing)\n|raw|MasterHand's rating: 1340 &rarr; <strong>1357<\/strong><br \/>(+17 for winning)\n|l|\u2606knaylor\n|c|\u2606MasterHand|Ggwp\n","uploadtime":1698360281,"views":12,"p1id":"knaylor","p2id":"masterhand","formatid":"gen9nationaldexdoubles","rating":1266,"private":0,"password":""}