{"id":"gen9nationaldexdoubles-1947970231","p1":"Comett7778","p2":"MunchVGC","format":"[Gen 9] National Dex Doubles","log":"|j|\u2606Comett7778\n|j|\u2606MunchVGC\n|t:|1695220862\n|gametype|doubles\n|player|p1|Comett7778|hero2-conquest|\n|player|p2|MunchVGC|ingo|\n|teamsize|p1|6\n|teamsize|p2|6\n|gen|9\n|tier|[Gen 9] National Dex Doubles\n|rule|HP Percentage Mod: HP is shown in percentages\n|rule|Endless Battle Clause: Forcing endless battles is banned\n|rule|OHKO Clause: OHKO moves are banned\n|rule|Evasion Moves Clause: Evasion moves are banned\n|rule|Evasion Abilities Clause: Evasion abilities are banned\n|rule|Species Clause: Limit one of each Pok\u00e9mon\n|rule|Gravity Sleep Clause: The combination of sleep-inducing moves with imperfect accuracy and Gravity or Gigantamax Orbeetle are banned\n|clearpoke\n|poke|p1|Indeedee-F, F|\n|poke|p1|Sylveon, M|\n|poke|p1|Ursaluna-Bloodmoon, M|\n|poke|p1|Cresselia, F|\n|poke|p1|Armarouge, M|\n|poke|p1|Crabominable, M|\n|poke|p2|Staraptor, M|\n|poke|p2|Snorlax, M|\n|poke|p2|Farigiraf, M|\n|poke|p2|Cresselia, F|\n|poke|p2|Rillaboom, F|\n|poke|p2|Mawile, F|\n|teampreview\n|inactive|Battle timer is ON: inactive players will automatically lose when time's up. (requested by Comett7778)\n|inactive|MunchVGC also wants the timer to be on.\n|c|\u2606MunchVGC|glhf\n|c|\u2606Comett7778|U2!\n|inactive|MunchVGC has 270 seconds left.\n|\n|t:|1695220893\n|start\n|switch|p1a: Damagie|Indeedee-F, F, shiny|100\/100\n|switch|p1b: Damager|Armarouge, M, shiny|100\/100\n|switch|p2a: AAAAAAHHHHH|Staraptor, M, shiny|100\/100\n|switch|p2b: No Head?|Mawile, F, shiny|100\/100\n|-ability|p2a: AAAAAAHHHHH|Intimidate|boost\n|-unboost|p1a: Damagie|atk|1\n|-unboost|p1b: Damager|atk|1\n|-fieldstart|move: Psychic Terrain|[from] ability: Psychic Surge|[of] p1a: Damagie\n|-ability|p2b: No Head?|Intimidate|boost\n|-unboost|p1a: Damagie|atk|1\n|-unboost|p1b: Damager|atk|1\n|turn|1\n|\n|t:|1695220921\n|switch|p2b: Raging Bolt|Farigiraf, M|100\/100\n|-terastallize|p2a: AAAAAAHHHHH|Ghost\n|move|p1a: Damagie|Follow Me|p1a: Damagie\n|-singleturn|p1a: Damagie|move: Follow Me\n|move|p2a: AAAAAAHHHHH|Final Gambit|p1a: Damagie\n|-damage|p1a: Damagie|0 fnt\n|faint|p2a: AAAAAAHHHHH\n|faint|p1a: Damagie\n|move|p1b: Damager|Trick Room|p1b: Damager\n|-fieldstart|move: Trick Room|[of] p1b: Damager\n|\n|upkeep\n|\n|t:|1695220940\n|switch|p1a: Pride Month!!!|Sylveon, M, shiny|100\/100\n|switch|p2a: Bob|Snorlax, M, shiny|100\/100\n|turn|2\n|\n|t:|1695220962\n|switch|p2b: Lunalight|Cresselia, F, shiny|100\/100\n|move|p2a: Bob|Belly Drum|p2a: Bob\n|-damage|p2a: Bob|50\/100\n|-setboost|p2a: Bob|atk|6|[from] move: Belly Drum\n|-enditem|p2a: Bob|Sitrus Berry|[eat]\n|-heal|p2a: Bob|75\/100|[from] item: Sitrus Berry\n|move|p1a: Pride Month!!!|Hyper Voice|p2a: Bob|[spread] p2a,p2b\n|-damage|p2a: Bob|49\/100\n|-damage|p2b: Lunalight|76\/100\n|-enditem|p1a: Pride Month!!!|Throat Spray\n|-boost|p1a: Pride Month!!!|spa|1|[from] item: Throat Spray\n|move|p1b: Damager|Expanding Force|p2b: Lunalight|[spread] p2a,p2b\n|-resisted|p2b: Lunalight\n|-damage|p2a: Bob|1\/100\n|-damage|p2b: Lunalight|52\/100\n|-damage|p1b: Damager|91\/100|[from] item: Life Orb\n|\n|upkeep\n|turn|3\n|inactive|Comett7778 has 270 seconds left.\n|inactive|MunchVGC has 270 seconds left.\n|\n|t:|1695220997\n|move|p2a: Bob|High Horsepower|p1b: Damager\n|-supereffective|p1b: Damager\n|-damage|p1b: Damager|0 fnt\n|faint|p1b: Damager\n|move|p1a: Pride Month!!!|Hyper Voice|p2a: Bob|[spread] p2a,p2b\n|-damage|p2a: Bob|0 fnt\n|-damage|p2b: Lunalight|15\/100\n|faint|p2a: Bob\n|move|p2b: Lunalight|Lunar Blessing|p2b: Lunalight\n|-heal|p2b: Lunalight|40\/100\n|\n|upkeep\n|inactive|MunchVGC has 270 seconds left.\n|\n|t:|1695221026\n|switch|p2a: No Head?|Mawile, F, shiny|100\/100\n|switch|p1b: Cool beans|Ursaluna-Bloodmoon, M|100\/100\n|-ability|p2a: No Head?|Intimidate|boost\n|-unboost|p1a: Pride Month!!!|atk|1\n|-unboost|p1b: Cool beans|atk|1\n|turn|4\n|inactive|MunchVGC has 270 seconds left.\n|\n|t:|1695221048\n|detailschange|p2a: No Head?|Mawile-Mega, F, shiny\n|-mega|p2a: No Head?|Mawile|Mawilite\n|-terastallize|p1a: Pride Month!!!|Ground\n|move|p2b: Lunalight|Ally Switch|p2b: Lunalight\n|swap|p2b: Lunalight|0|[from] move: Ally Switch\n|move|p2b: No Head?|Iron Head|p1b: Cool beans\n|-damage|p1b: Cool beans|45\/100\n|move|p1a: Pride Month!!!|Hyper Voice|p2b: No Head?|[spread] p2a,p2b\n|-resisted|p2b: No Head?\n|-damage|p2a: Lunalight|0 fnt\n|-damage|p2b: No Head?|66\/100\n|faint|p2a: Lunalight\n|move|p1b: Cool beans|Earth Power|p2b: No Head?\n|-supereffective|p2b: No Head?\n|-damage|p2b: No Head?|0 fnt\n|faint|p2b: No Head?\n|\n|upkeep\n|inactive|MunchVGC has 270 seconds left.\n|c|\u2606MunchVGC|gg\n|c|\u2606MunchVGC|damn, even worse this time\n|\n|t:|1695221073\n|switch|p2b: Raging Bolt|Farigiraf, M|100\/100\n|switch|p2a: Cadbury|Rillaboom, F|100\/100\n|-fieldstart|move: Grassy Terrain|[from] ability: Grassy Surge|[of] p2a: Cadbury\n|turn|5\n|inactive|MunchVGC has 270 seconds left.\n|c|\u2606Comett7778|Yeah\n|c|\u2606Comett7778|gg\n|c|\u2606Comett7778|i went full offensive\n|\n|t:|1695221104\n|move|p2a: Cadbury|Grassy Glide|p1a: Pride Month!!!\n|-supereffective|p1a: Pride Month!!!\n|-damage|p1a: Pride Month!!!|1\/100\n|move|p2b: Raging Bolt|Hyper Voice|p1a: Pride Month!!!|[spread] p1a,p1b\n|-damage|p1a: Pride Month!!!|0 fnt\n|-damage|p1b: Cool beans|7\/100\n|faint|p1a: Pride Month!!!\n|move|p1b: Cool beans|Blood Moon|p2a: Cadbury\n|-damage|p2a: Cadbury|36\/100\n|\n|-heal|p1b: Cool beans|13\/100|[from] Grassy Terrain\n|-heal|p2a: Cadbury|42\/100|[from] Grassy Terrain\n|-fieldend|move: Trick Room\n|upkeep\n|\n|t:|1695221111\n|switch|p1a: Ugly|Crabominable, M, shiny|100\/100\n|turn|6\n|inactive|MunchVGC has 270 seconds left.\n|\n|t:|1695221144\n|switch|p1b: Moon thing|Cresselia, F, shiny|100\/100\n|move|p2a: Cadbury|Wood Hammer|p1a: Ugly\n|-damage|p1a: Ugly|6\/100\n|-damage|p2a: Cadbury|11\/100|[from] Recoil\n|move|p1a: Ugly|Ice Hammer|p2a: Cadbury|[miss]\n|-miss|p1a: Ugly|p2a: Cadbury\n|move|p2b: Raging Bolt|Dazzling Gleam|p1a: Ugly|[spread] p1a,p1b\n|-supereffective|p1a: Ugly\n|-damage|p1a: Ugly|0 fnt\n|-damage|p1b: Moon thing|90\/100\n|faint|p1a: Ugly\n|\n|-heal|p2a: Cadbury|17\/100|[from] Grassy Terrain\n|upkeep\n|\n|t:|1695221152\n|switch|p1a: Cool beans|Ursaluna-Bloodmoon, M|13\/100\n|turn|7\n|inactive|MunchVGC has 270 seconds left.\n|\n|t:|1695221161\n|move|p1a: Cool beans|Protect|p1a: Cool beans\n|-singleturn|p1a: Cool beans|Protect\n|move|p2a: Cadbury|U-turn|p1b: Moon thing\n|-supereffective|p1b: Moon thing\n|-damage|p1b: Moon thing|56\/100\n|move|p1b: Moon thing|Trick Room|p1b: Moon thing\n|-fieldstart|move: Trick Room|[of] p1b: Moon thing\n|move|p2b: Raging Bolt|Trick Room|p2b: Raging Bolt\n|-fieldend|move: Trick Room\n|\n|-heal|p2a: Cadbury|24\/100|[from] Grassy Terrain\n|-heal|p1a: Cool beans|19\/100|[from] Grassy Terrain\n|upkeep\n|turn|8\n|c|\u2606Comett7778|Uh\n|\n|t:|1695221174\n|move|p2a: Cadbury|Grassy Glide|p1a: Cool beans\n|-supereffective|p1a: Cool beans\n|-damage|p1a: Cool beans|0 fnt\n|faint|p1a: Cool beans\n|move|p1b: Moon thing|Dazzling Gleam|p2a: Cadbury|[spread] p2a,p2b\n|-damage|p2a: Cadbury|15\/100\n|-damage|p2b: Raging Bolt|89\/100\n|move|p2b: Raging Bolt|Hyper Voice|p1b: Moon thing\n|-damage|p1b: Moon thing|32\/100\n|\n|-heal|p2a: Cadbury|21\/100|[from] Grassy Terrain\n|-heal|p2b: Raging Bolt|95\/100|[from] Grassy Terrain\n|upkeep\n|turn|9\n|c|\u2606Comett7778|i may lose\n|\n|t:|1695221184\n|move|p1b: Moon thing|Dazzling Gleam|p2b: Raging Bolt|[spread] p2a,p2b\n|-damage|p2a: Cadbury|13\/100\n|-damage|p2b: Raging Bolt|84\/100\n|move|p2a: Cadbury|Wood Hammer|p1b: Moon thing\n|-damage|p1b: Moon thing|0 fnt\n|faint|p1b: Moon thing\n|-damage|p2a: Cadbury|1\/100|[from] Recoil\n|\n|win|MunchVGC\n|c|\u2606Comett7778|Yeah\n|c|\u2606MunchVGC|oh\n|c|\u2606Comett7778|gg\n|c|\u2606MunchVGC|gg\n","uploadtime":1695221194,"views":7,"p1id":"comett7778","p2id":"munchvgc","formatid":"gen9nationaldexdoubles","rating":0,"private":0,"password":""}