{"id":"gen9nationaldexdoubles-1957406589","p1":"QCSS","p2":"Gocks","format":"[Gen 9] National Dex Doubles","log":"|j|\u2606QCSS\n|j|\u2606Gocks\n|t:|1696217232\n|gametype|doubles\n|player|p1|QCSS|roxie|\n|player|p2|Gocks|juggler|\n|teamsize|p1|6\n|teamsize|p2|6\n|gen|9\n|tier|[Gen 9] National Dex Doubles\n|rule|HP Percentage Mod: HP is shown in percentages\n|rule|Endless Battle Clause: Forcing endless battles is banned\n|rule|OHKO Clause: OHKO moves are banned\n|rule|Evasion Moves Clause: Evasion moves are banned\n|rule|Evasion Abilities Clause: Evasion abilities are banned\n|rule|Species Clause: Limit one of each Pok\u00e9mon\n|rule|Gravity Sleep Clause: The combination of sleep-inducing moves with imperfect accuracy and Gravity or Gigantamax Orbeetle are banned\n|clearpoke\n|poke|p1|Stonjourner, F|\n|poke|p1|Carbink|\n|poke|p1|Lycanroc-Dusk, M|\n|poke|p1|Diancie|\n|poke|p1|Tyranitar, M|\n|poke|p1|Armarouge, F|\n|poke|p2|Eevee, F|\n|poke|p2|Espeon, F|\n|poke|p2|Hattrem, F|\n|poke|p2|Indeedee-F, F|\n|poke|p2|Gardevoir, F|\n|poke|p2|Gothitelle, F|\n|teampreview\n|inactive|Battle timer is ON: inactive players will automatically lose when time's up. (requested by QCSS)\n|\n|t:|1696217255\n|start\n|switch|p1a: Carbink|Carbink|100\/100\n|switch|p1b: Tyranitar|Tyranitar, M|100\/100\n|switch|p2a: Eevee|Eevee, F|100\/100\n|switch|p2b: Indeedee|Indeedee-F, F|100\/100\n|-weather|Sandstorm|[from] ability: Sand Stream|[of] p1b: Tyranitar\n|-fieldstart|move: Psychic Terrain|[from] ability: Psychic Surge|[of] p2b: Indeedee\n|-enditem|p2b: Indeedee|Psychic Seed\n|-boost|p2b: Indeedee|spd|1|[from] item: Psychic Seed\n|turn|1\n|\n|t:|1696217278\n|move|p2b: Indeedee|Follow Me|p2b: Indeedee\n|-singleturn|p2b: Indeedee|move: Follow Me\n|-zpower|p2a: Eevee\n|move|p2a: Eevee|Extreme Evoboost|p2a: Eevee\n|-boost|p2a: Eevee|atk|2\n|-boost|p2a: Eevee|def|2\n|-boost|p2a: Eevee|spa|2\n|-boost|p2a: Eevee|spd|2\n|-boost|p2a: Eevee|spe|2\n|move|p1b: Tyranitar|Dragon Dance|p1b: Tyranitar\n|-boost|p1b: Tyranitar|atk|1\n|-boost|p1b: Tyranitar|spe|1\n|move|p1a: Carbink|Light Screen|p1a: Carbink\n|-sidestart|p1: QCSS|move: Light Screen\n|\n|-weather|Sandstorm|[upkeep]\n|-damage|p2a: Eevee|94\/100|[from] Sandstorm\n|-damage|p2b: Indeedee|94\/100|[from] Sandstorm\n|upkeep\n|turn|2\n|inactive|Gocks has 270 seconds left.\n|\n|t:|1696217310\n|move|p2b: Indeedee|Follow Me|p2b: Indeedee\n|-singleturn|p2b: Indeedee|move: Follow Me\n|move|p2a: Eevee|Baton Pass|p2a: Eevee\n|\n|t:|1696217313\n|switch|p2a: Gardevoir|Gardevoir, F|100\/100|[from] Baton Pass\n|move|p1b: Tyranitar|Rock Slide|p2b: Indeedee|[spread] p2a,p2b\n|-damage|p2a: Gardevoir|43\/100\n|-damage|p2b: Indeedee|30\/100\n|-damage|p1b: Tyranitar|91\/100|[from] item: Life Orb\n|move|p1a: Carbink|Toxic|p2b: Indeedee\n|-status|p2b: Indeedee|tox\n|\n|-weather|Sandstorm|[upkeep]\n|-damage|p2a: Gardevoir|37\/100|[from] Sandstorm\n|-damage|p2b: Indeedee|24\/100 tox|[from] Sandstorm\n|-damage|p2b: Indeedee|18\/100 tox|[from] psn\n|upkeep\n|turn|3\n|\n|t:|1696217336\n|detailschange|p2a: Gardevoir|Gardevoir-Mega, F\n|-mega|p2a: Gardevoir|Gardevoir|Gardevoirite\n|move|p2b: Indeedee|Helping Hand|p2a: Gardevoir\n|-singleturn|p2a: Gardevoir|Helping Hand|[of] p2b: Indeedee\n|move|p2a: Gardevoir|Hyper Voice|p1b: Tyranitar|[spread] p1a,p1b\n|-crit|p1a: Carbink\n|-supereffective|p1b: Tyranitar\n|-damage|p1a: Carbink|13\/100\n|-damage|p1b: Tyranitar|0 fnt\n|faint|p1b: Tyranitar\n|move|p1a: Carbink|Stealth Rock|p2b: Indeedee\n|-sidestart|p2: Gocks|move: Stealth Rock\n|\n|-weather|Sandstorm|[upkeep]\n|-damage|p2a: Gardevoir|30\/100|[from] Sandstorm\n|-damage|p2b: Indeedee|12\/100 tox|[from] Sandstorm\n|-damage|p2b: Indeedee|0 fnt|[from] psn\n|faint|p2b: Indeedee\n|upkeep\n|\n|t:|1696217356\n|switch|p1b: Diancie|Diancie|100\/100\n|switch|p2b: Espeon|Espeon, F|100\/100\n|-damage|p2b: Espeon|88\/100|[from] Stealth Rock\n|turn|4\n|\n|t:|1696217377\n|detailschange|p1b: Diancie|Diancie-Mega\n|-mega|p1b: Diancie|Diancie|Diancite\n|move|p2a: Gardevoir|Protect|p2a: Gardevoir\n|-singleturn|p2a: Gardevoir|Protect\n|move|p1b: Diancie|Diamond Storm|p2a: Gardevoir|[spread] p2b\n|-activate|p2a: Gardevoir|move: Protect\n|-damage|p2b: Espeon|20\/100\n|move|p2b: Espeon|Psych Up|p2a: Gardevoir\n|-copyboost|p2b: Espeon|p2a: Gardevoir|[from] move: Psych Up\n|move|p1a: Carbink|Reflect|p1a: Carbink\n|-sidestart|p1: QCSS|Reflect\n|\n|-weather|Sandstorm|[upkeep]\n|-damage|p2b: Espeon|14\/100|[from] Sandstorm\n|-damage|p2a: Gardevoir|24\/100|[from] Sandstorm\n|upkeep\n|turn|5\n|\n|t:|1696217399\n|move|p2b: Espeon|Expanding Force|p1a: Carbink|[spread] p1a,p1b\n|-damage|p1a: Carbink|0 fnt\n|-damage|p1b: Diancie|31\/100\n|faint|p1a: Carbink\n|move|p2a: Gardevoir|Expanding Force|p1b: Diancie\n|-damage|p1b: Diancie|0 fnt\n|faint|p1b: Diancie\n|\n|-weather|none\n|-fieldend|move: Psychic Terrain\n|upkeep\n|inactive|QCSS has 270 seconds left.\n|\n|t:|1696217428\n|switch|p1b: Lycanroc|Lycanroc-Dusk, M|100\/100\n|switch|p1a: Stonjourner|Stonjourner, F|100\/100\n|-item|p1a: Stonjourner|Air Balloon\n|turn|6\n|\n|t:|1696217451\n|move|p2a: Gardevoir|Protect|p2a: Gardevoir\n|-singleturn|p2a: Gardevoir|Protect\n|move|p1a: Stonjourner|Wide Guard|p1a: Stonjourner\n|-singleturn|p1a: Stonjourner|Wide Guard\n|move|p2b: Espeon|Stored Power|p1a: Stonjourner\n|-damage|p1a: Stonjourner|0 fnt\n|-enditem|p1a: Stonjourner|Air Balloon\n|faint|p1a: Stonjourner\n|move|p1b: Lycanroc|Rock Slide|p2b: Espeon|[spread] p2b\n|-activate|p2a: Gardevoir|move: Protect\n|-damage|p2b: Espeon|0 fnt\n|faint|p2b: Espeon\n|\n|upkeep\n|\n|t:|1696217471\n|switch|p2b: Gothitelle|Gothitelle, F|100\/100\n|switch|p1a: Armarouge|Armarouge, F|100\/100\n|-damage|p2b: Gothitelle|88\/100|[from] Stealth Rock\n|turn|7\n|inactive|Gocks has 270 seconds left.\n|\n|t:|1696217506\n|move|p2b: Gothitelle|Fake Out|p1b: Lycanroc\n|-resisted|p1b: Lycanroc\n|-damage|p1b: Lycanroc|97\/100\n|move|p2a: Gardevoir|Hyper Voice|p1a: Armarouge|[spread] p1a,p1b\n|-resisted|p1a: Armarouge\n|-damage|p1a: Armarouge|61\/100\n|-damage|p1b: Lycanroc|0 fnt\n|faint|p1b: Lycanroc\n|move|p1a: Armarouge|Heat Wave|p2b: Gothitelle|[spread] p2a,p2b\n|-damage|p2a: Gardevoir|0 fnt\n|-damage|p2b: Gothitelle|50\/100\n|faint|p2a: Gardevoir\n|\n|upkeep\n|\n|t:|1696217520\n|switch|p2a: Hattrem|Hattrem, F|100\/100\n|-damage|p2a: Hattrem|88\/100|[from] Stealth Rock\n|turn|8\n|\n|t:|1696217527\n|move|p1a: Armarouge|Heat Wave|p2b: Gothitelle|[spread] p2a,p2b\n|-damage|p2a: Hattrem|51\/100\n|-damage|p2b: Gothitelle|8\/100\n|move|p2b: Gothitelle|Psyshock|p1a: Armarouge\n|-resisted|p1a: Armarouge\n|-damage|p1a: Armarouge|53\/100\n|move|p2a: Hattrem|Mystical Fire|p1a: Armarouge\n|-start|p1a: Armarouge|ability: Flash Fire\n|\n|-sideend|p1: QCSS|move: Light Screen\n|upkeep\n|turn|9\n|\n|t:|1696217545\n|move|p1a: Armarouge|Heat Wave|p2b: Gothitelle|[spread] p2a\n|-miss|p1a: Armarouge|p2b: Gothitelle\n|-damage|p2a: Hattrem|0 fnt\n|faint|p2a: Hattrem\n|move|p2b: Gothitelle|Psyshock|p1a: Armarouge\n|-resisted|p1a: Armarouge\n|-damage|p1a: Armarouge|42\/100\n|\n|upkeep\n|\n|t:|1696217548\n|switch|p2a: Eevee|Eevee, F|94\/100\n|-damage|p2a: Eevee|82\/100|[from] Stealth Rock\n|turn|10\n|\n|t:|1696217562\n|-terastallize|p1a: Armarouge|Rock\n|move|p2a: Eevee|Protect|p2a: Eevee\n|-singleturn|p2a: Eevee|Protect\n|move|p1a: Armarouge|Heat Wave|p2a: Eevee|[spread] p2b\n|-activate|p2a: Eevee|move: Protect\n|-damage|p2b: Gothitelle|0 fnt\n|faint|p2b: Gothitelle\n|\n|upkeep\n|turn|11\n|\n|t:|1696217573\n|move|p2a: Eevee|Baton Pass||[still]\n|-fail|p2a: Eevee\n|move|p1a: Armarouge|Heat Wave|p2a: Eevee\n|-damage|p2a: Eevee|0 fnt\n|faint|p2a: Eevee\n|\n|win|QCSS\n|l|\u2606Gocks\n","uploadtime":1696217583,"views":18,"p1id":"qcss","p2id":"gocks","formatid":"gen9nationaldexdoubles","rating":0,"private":0,"password":""}