{"id":"gen9nationaldexdoubles-1950184570","p1":"Brick_Enjoyer_144","p2":"whenthetheyouknow","format":"[Gen 9] National Dex Doubles","log":"|j|\u2606Brick_Enjoyer_144\n|j|\u2606whenthetheyouknow\n|t:|1695435210\n|gametype|doubles\n|player|p1|Brick_Enjoyer_144|shauntal|\n|player|p2|whenthetheyouknow|nanu|\n|teamsize|p1|6\n|teamsize|p2|6\n|gen|9\n|tier|[Gen 9] National Dex Doubles\n|rule|HP Percentage Mod: HP is shown in percentages\n|rule|Endless Battle Clause: Forcing endless battles is banned\n|rule|OHKO Clause: OHKO moves are banned\n|rule|Evasion Moves Clause: Evasion moves are banned\n|rule|Evasion Abilities Clause: Evasion abilities are banned\n|rule|Species Clause: Limit one of each Pok\u00e9mon\n|rule|Gravity Sleep Clause: The combination of sleep-inducing moves with imperfect accuracy and Gravity or Gigantamax Orbeetle are banned\n|clearpoke\n|poke|p1|Alakazam, M|\n|poke|p1|Indeedee, M|\n|poke|p1|Chandelure, F|\n|poke|p1|Chien-Pao|\n|poke|p1|Tapu Lele|\n|poke|p1|Sneasler, M|\n|poke|p2|Xurkitree|\n|poke|p2|Scizor, M|\n|poke|p2|Dhelmise|\n|poke|p2|Deoxys-Defense|\n|poke|p2|Regice|\n|poke|p2|Falinks|\n|teampreview\n|inactive|Battle timer is ON: inactive players will automatically lose when time's up. (requested by Brick_Enjoyer_144)\n|\n|t:|1695435233\n|start\n|switch|p1a: Indeedee|Indeedee, M|100\/100\n|switch|p1b: Alakazam|Alakazam, M|100\/100\n|switch|p2a: Xurkitree|Xurkitree|100\/100\n|switch|p2b: Dhelmise|Dhelmise|100\/100\n|-fieldstart|move: Psychic Terrain|[from] ability: Psychic Surge|[of] p1a: Indeedee\n|turn|1\n|\n|t:|1695435261\n|detailschange|p1b: Alakazam|Alakazam-Mega, M\n|-mega|p1b: Alakazam|Alakazam|Alakazite\n|-ability|p1b: Alakazam|Steelworker|[from] ability: Trace|[of] p2b: Dhelmise\n|move|p1a: Indeedee|Protect|p1a: Indeedee\n|-singleturn|p1a: Indeedee|Protect\n|move|p1b: Alakazam|Expanding Force|p2a: Xurkitree|[spread] p2a,p2b\n|-damage|p2a: Xurkitree|0 fnt\n|-damage|p2b: Dhelmise|24\/100\n|faint|p2a: Xurkitree\n|move|p2b: Dhelmise|Poltergeist|p1b: Alakazam\n|-activate|p1b: Alakazam|move: Poltergeist|Alakazite\n|-supereffective|p1b: Alakazam\n|-damage|p1b: Alakazam|0 fnt\n|faint|p1b: Alakazam\n|\n|upkeep\n|\n|t:|1695435283\n|switch|p1b: Sneasler|Sneasler, M|100\/100\n|switch|p2a: Deoxys|Deoxys-Defense|100\/100\n|-enditem|p1b: Sneasler|Psychic Seed\n|-boost|p1b: Sneasler|spd|1|[from] item: Psychic Seed\n|-ability|p2a: Deoxys|Pressure\n|turn|2\n|\n|t:|1695435309\n|switch|p2b: Scizor|Scizor, M|100\/100\n|move|p1b: Sneasler|Shadow Claw|p2a: Deoxys\n|-supereffective|p2a: Deoxys\n|-crit|p2a: Deoxys\n|-damage|p2a: Deoxys|40\/100\n|move|p1a: Indeedee|Future Sight|p2a: Deoxys\n|-start|p1a: Indeedee|move: Future Sight\n|move|p2a: Deoxys|Thunder Wave|p1b: Sneasler\n|-status|p1b: Sneasler|par\n|\n|-heal|p2a: Deoxys|46\/100|[from] item: Leftovers\n|upkeep\n|turn|3\n|\n|t:|1695435330\n|move|p1a: Indeedee|Protect|p1a: Indeedee\n|-singleturn|p1a: Indeedee|Protect\n|move|p1b: Sneasler|Close Combat|p2b: Scizor\n|-damage|p2b: Scizor|35\/100\n|-unboost|p1b: Sneasler|def|1\n|-unboost|p1b: Sneasler|spd|1\n|move|p2a: Deoxys|Knock Off|p1a: Indeedee\n|-activate|p1a: Indeedee|move: Protect\n|move|p2b: Scizor|Dual Wingbeat|p1b: Sneasler\n|-supereffective|p1b: Sneasler\n|-crit|p1b: Sneasler\n|-damage|p1b: Sneasler|0 fnt\n|faint|p1b: Sneasler\n|-hitcount|p1: Sneasler|1\n|\n|-heal|p2a: Deoxys|52\/100|[from] item: Leftovers\n|upkeep\n|\n|t:|1695435344\n|switch|p1b: Chandelure|Chandelure, F|100\/100\n|turn|4\n|\n|t:|1695435372\n|switch|p2b: Falinks|Falinks|100\/100\n|move|p1a: Indeedee|Protect|p1a: Indeedee\n|-singleturn|p1a: Indeedee|Protect\n|move|p1b: Chandelure|Heat Wave|p2a: Deoxys|[spread] p2a,p2b\n|-damage|p2a: Deoxys|28\/100\n|-damage|p2b: Falinks|36\/100\n|move|p2a: Deoxys|Knock Off|p1b: Chandelure\n|-supereffective|p1b: Chandelure\n|-damage|p1b: Chandelure|54\/100\n|-enditem|p1b: Chandelure|Choice Scarf|[from] move: Knock Off|[of] p2a: Deoxys\n|\n|-end|p2a: Deoxys|move: Future Sight\n|-resisted|p2a: Deoxys\n|-damage|p2a: Deoxys|11\/100\n|-heal|p2a: Deoxys|18\/100|[from] item: Leftovers\n|upkeep\n|turn|5\n|\n|t:|1695435399\n|move|p1a: Indeedee|Future Sight|p2b: Falinks\n|-start|p1a: Indeedee|move: Future Sight\n|move|p1b: Chandelure|Heat Wave|p2a: Deoxys|[spread] p2a,p2b\n|-damage|p2a: Deoxys|0 fnt\n|-damage|p2b: Falinks|0 fnt\n|faint|p2a: Deoxys\n|faint|p2b: Falinks\n|\n|upkeep\n|\n|t:|1695435409\n|switch|p2a: Dhelmise|Dhelmise|24\/100\n|switch|p2b: Regice|Regice|100\/100\n|turn|6\n|\n|t:|1695435427\n|move|p1a: Indeedee|Protect|p1a: Indeedee\n|-singleturn|p1a: Indeedee|Protect\n|move|p2b: Regice|Protect|p2b: Regice\n|-singleturn|p2b: Regice|Protect\n|move|p1b: Chandelure|Heat Wave|p2a: Dhelmise|[spread] \n|-activate|p2b: Regice|move: Protect\n|-miss|p1b: Chandelure|p2a: Dhelmise\n|move|p2a: Dhelmise|Poltergeist||[still]\n|-fail|p2a: Dhelmise\n|\n|upkeep\n|turn|7\n|inactive|whenthetheyouknow has 270 seconds left.\n|\n|t:|1695435459\n|switch|p1a: Chien-Pao|Chien-Pao|100\/100\n|-ability|p1a: Chien-Pao|Sword of Ruin\n|switch|p2a: Scizor|Scizor, M|35\/100\n|move|p1b: Chandelure|Heat Wave|p2a: Scizor|[spread] p2a,p2b\n|-supereffective|p2a: Scizor\n|-supereffective|p2b: Regice\n|-damage|p2a: Scizor|0 fnt\n|-damage|p2b: Regice|66\/100\n|faint|p2a: Scizor\n|move|p2b: Regice|Thunderbolt|p1b: Chandelure\n|-damage|p1b: Chandelure|27\/100\n|\n|-end|p2b: Regice|move: Future Sight\n|-damage|p2b: Regice|42\/100\n|upkeep\n|inactive|whenthetheyouknow has 270 seconds left.\n|\n|t:|1695435465\n|switch|p2a: Dhelmise|Dhelmise|24\/100\n|turn|8\n|\n|t:|1695435481\n|move|p1a: Chien-Pao|Sacred Sword|p2b: Regice\n|-supereffective|p2b: Regice\n|-damage|p2b: Regice|0 fnt\n|faint|p2b: Regice\n|move|p1b: Chandelure|Heat Wave|p2a: Dhelmise\n|-supereffective|p2a: Dhelmise\n|-damage|p2a: Dhelmise|0 fnt\n|faint|p2a: Dhelmise\n|\n|win|Brick_Enjoyer_144\n|l|\u2606whenthetheyouknow\n","uploadtime":1695435493,"views":8,"p1id":"brickenjoyer144","p2id":"whenthetheyouknow","formatid":"gen9nationaldexdoubles","rating":0,"private":0,"password":""}