{"id":"gen9nationaldexdoubles-1947956031","p1":"singlestodoubles","p2":"gerherrtfgarga","format":"[Gen 9] National Dex Doubles","log":"|j|\u2606singlestodoubles\n|j|\u2606gerherrtfgarga\n|t:|1695219788\n|gametype|doubles\n|player|p1|singlestodoubles|swimmerm-gen3rs|1275\n|player|p2|gerherrtfgarga|101|1232\n|teamsize|p1|6\n|teamsize|p2|6\n|gen|9\n|tier|[Gen 9] National Dex Doubles\n|rated|\n|rule|HP Percentage Mod: HP is shown in percentages\n|rule|Endless Battle Clause: Forcing endless battles is banned\n|rule|OHKO Clause: OHKO moves are banned\n|rule|Evasion Moves Clause: Evasion moves are banned\n|rule|Evasion Abilities Clause: Evasion abilities are banned\n|rule|Species Clause: Limit one of each Pok\u00e9mon\n|rule|Gravity Sleep Clause: The combination of sleep-inducing moves with imperfect accuracy and Gravity or Gigantamax Orbeetle are banned\n|clearpoke\n|poke|p1|Charizard, M|\n|poke|p1|Shuckle, F|\n|poke|p1|Swampert, M|\n|poke|p1|Lileep, M|\n|poke|p1|Ditto|\n|poke|p1|Crobat, F|\n|poke|p2|Infernape, M|\n|poke|p2|Thundurus, M|\n|poke|p2|Ninetales-Alola, F|\n|poke|p2|Grimmsnarl, M|\n|poke|p2|Flutter Mane|\n|poke|p2|Lopunny, F|\n|teampreview\n|inactive|Battle timer is ON: inactive players will automatically lose when time's up. (requested by singlestodoubles)\n|\n|t:|1695219793\n|start\n|switch|p1a: Charizard|Charizard, M|100\/100\n|switch|p1b: Shuckle|Shuckle, F|100\/100\n|switch|p2a: Flutter Mane|Flutter Mane, shiny|100\/100\n|switch|p2b: Grimmsnarl|Grimmsnarl, M|100\/100\n|-enditem|p2a: Flutter Mane|Booster Energy\n|-activate|p2a: Flutter Mane|ability: Protosynthesis|[fromitem]\n|-start|p2a: Flutter Mane|protosynthesisspe\n|turn|1\n|\n|t:|1695219807\n|move|p2b: Grimmsnarl|Light Screen|p2b: Grimmsnarl\n|-sidestart|p2: gerherrtfgarga|move: Light Screen\n|move|p2a: Flutter Mane|Thunderbolt|p1a: Charizard\n|-supereffective|p1a: Charizard\n|-damage|p1a: Charizard|34\/100\n|move|p1a: Charizard|Mystical Fire|p2a: Flutter Mane\n|-damage|p2a: Flutter Mane|69\/100\n|-unboost|p2a: Flutter Mane|spa|1\n|move|p1b: Shuckle|Stealth Rock|p2a: Flutter Mane\n|-sidestart|p2: gerherrtfgarga|move: Stealth Rock\n|\n|upkeep\n|turn|2\n|\n|t:|1695219821\n|switch|p1a: Lileep|Lileep, M, shiny|100\/100\n|move|p2b: Grimmsnarl|Reflect|p2b: Grimmsnarl\n|-sidestart|p2: gerherrtfgarga|Reflect\n|move|p2a: Flutter Mane|Thunderbolt|p1a: Lileep\n|-resisted|p1a: Lileep\n|-damage|p1a: Lileep|94\/100\n|move|p1b: Shuckle|Toxic|p2b: Grimmsnarl\n|-status|p2b: Grimmsnarl|tox\n|\n|-damage|p2b: Grimmsnarl|94\/100 tox|[from] psn\n|upkeep\n|turn|3\n|inactive|gerherrtfgarga has 120 seconds left.\n|\n|t:|1695219854\n|-end|p2a: Flutter Mane|Protosynthesis|[silent]\n|switch|p2a: Lopunny|Lopunny, F, shiny|100\/100\n|-damage|p2a: Lopunny|88\/100|[from] Stealth Rock\n|move|p2b: Grimmsnarl|Spirit Break|p1a: Lileep\n|-damage|p1a: Lileep|72\/100\n|-unboost|p1a: Lileep|spa|1\n|move|p1a: Lileep|Stockpile|p1a: Lileep\n|-start|p1a: Lileep|stockpile1\n|-boost|p1a: Lileep|def|1\n|-boost|p1a: Lileep|spd|1\n|move|p1b: Shuckle|Toxic|p2a: Lopunny\n|-status|p2a: Lopunny|tox\n|\n|-heal|p2b: Grimmsnarl|100\/100 tox|[from] item: Leftovers\n|-damage|p2a: Lopunny|82\/100 tox|[from] psn\n|-damage|p2b: Grimmsnarl|88\/100 tox|[from] psn\n|upkeep\n|turn|4\n|\n|t:|1695219875\n|detailschange|p2a: Lopunny|Lopunny-Mega, F, shiny\n|-mega|p2a: Lopunny|Lopunny|Lopunnite\n|-terastallize|p1a: Lileep|Poison\n|move|p2a: Lopunny|Ice Punch|p1b: Shuckle\n|-damage|p1b: Shuckle|84\/100\n|-damage|p2a: Lopunny|66\/100 tox|[from] item: Rocky Helmet|[of] p1b: Shuckle\n|move|p2b: Grimmsnarl|Spirit Break|p1b: Shuckle\n|-damage|p1b: Shuckle|66\/100\n|-unboost|p1b: Shuckle|spa|1\n|-damage|p2b: Grimmsnarl|72\/100 tox|[from] item: Rocky Helmet|[of] p1b: Shuckle\n|move|p1a: Lileep|Infestation|p2a: Lopunny\n|-resisted|p2a: Lopunny\n|-damage|p2a: Lopunny|65\/100 tox\n|-activate|p2a: Lopunny|move: Infestation|[of] p1a: Lileep\n|move|p1b: Shuckle|Encore|p2b: Grimmsnarl\n|-start|p2b: Grimmsnarl|Encore\n|\n|-heal|p2b: Grimmsnarl|78\/100 tox|[from] item: Leftovers\n|-damage|p2a: Lopunny|53\/100 tox|[from] psn\n|-damage|p2b: Grimmsnarl|60\/100 tox|[from] psn\n|-damage|p2a: Lopunny|41\/100 tox|[from] move: Infestation|[partiallytrapped]\n|upkeep\n|turn|5\n|\n|t:|1695219897\n|move|p2a: Lopunny|Close Combat|p1b: Shuckle\n|-damage|p1b: Shuckle|30\/100\n|-unboost|p2a: Lopunny|def|1\n|-unboost|p2a: Lopunny|spd|1\n|-damage|p2a: Lopunny|24\/100 tox|[from] item: Rocky Helmet|[of] p1b: Shuckle\n|move|p2b: Grimmsnarl|Spirit Break|p1a: Lileep\n|-resisted|p1a: Lileep\n|-damage|p1a: Lileep|63\/100\n|-unboost|p1a: Lileep|spa|1\n|move|p1a: Lileep|Stockpile|p1a: Lileep\n|-start|p1a: Lileep|stockpile2\n|-boost|p1a: Lileep|def|1\n|-boost|p1a: Lileep|spd|1\n|move|p1b: Shuckle|Toxic|p2b: Grimmsnarl\n|-fail|p2b: Grimmsnarl|tox\n|\n|-heal|p2b: Grimmsnarl|66\/100 tox|[from] item: Leftovers\n|-damage|p2a: Lopunny|6\/100 tox|[from] psn\n|-damage|p2b: Grimmsnarl|41\/100 tox|[from] psn\n|-damage|p2a: Lopunny|0 fnt|[from] move: Infestation|[partiallytrapped]\n|faint|p2a: Lopunny\n|-sideend|p2: gerherrtfgarga|move: Light Screen\n|upkeep\n|inactive|gerherrtfgarga has 120 seconds left.\n|\n|t:|1695219918\n|switch|p2a: Flutter Mane|Flutter Mane, shiny|69\/100\n|-damage|p2a: Flutter Mane|56\/100|[from] Stealth Rock\n|turn|6\n|\n|t:|1695219931\n|move|p2a: Flutter Mane|Shadow Ball|p1b: Shuckle\n|-damage|p1b: Shuckle|0 fnt\n|faint|p1b: Shuckle\n|move|p2b: Grimmsnarl|Spirit Break|p1a: Lileep\n|-resisted|p1a: Lileep\n|-damage|p1a: Lileep|58\/100\n|-unboost|p1a: Lileep|spa|1\n|move|p1a: Lileep|Infestation|p2a: Flutter Mane\n|-resisted|p2a: Flutter Mane\n|-damage|p2a: Flutter Mane|56\/100\n|-activate|p2a: Flutter Mane|move: Infestation|[of] p1a: Lileep\n|\n|-heal|p2b: Grimmsnarl|47\/100 tox|[from] item: Leftovers\n|-damage|p2b: Grimmsnarl|17\/100 tox|[from] psn\n|-damage|p2a: Flutter Mane|44\/100|[from] move: Infestation|[partiallytrapped]\n|-sideend|p2: gerherrtfgarga|Reflect\n|upkeep\n|\n|t:|1695219936\n|switch|p1b: Ditto|Ditto, shiny|100\/100\n|-transform|p1b: Ditto|p2a: Flutter Mane|[from] ability: Imposter\n|turn|7\n|\n|t:|1695219955\n|move|p1b: Ditto|Shadow Ball|p2a: Flutter Mane\n|-supereffective|p2a: Flutter Mane\n|-damage|p2a: Flutter Mane|0 fnt\n|faint|p2a: Flutter Mane\n|-end|p2a: Flutter Mane|Protosynthesis|[silent]\n|move|p2b: Grimmsnarl|Spirit Break|p1a: Lileep\n|-resisted|p1a: Lileep\n|-damage|p1a: Lileep|52\/100\n|-unboost|p1a: Lileep|spa|1\n|move|p1a: Lileep|Recover|p1a: Lileep\n|-heal|p1a: Lileep|100\/100\n|\n|-heal|p2b: Grimmsnarl|23\/100 tox|[from] item: Leftovers\n|-damage|p2b: Grimmsnarl|0 fnt|[from] psn\n|faint|p2b: Grimmsnarl\n|upkeep\n|inactive|gerherrtfgarga has 120 seconds left.\n|\n|t:|1695219983\n|switch|p2a: Ninetales|Ninetales-Alola, F|100\/100\n|switch|p2b: Infernape|Infernape, M, shiny|100\/100\n|-damage|p2a: Ninetales|76\/100|[from] Stealth Rock\n|-weather|Snow|[from] ability: Snow Warning|[of] p2a: Ninetales\n|-damage|p2b: Infernape|88\/100|[from] Stealth Rock\n|turn|8\n|\n|t:|1695220000\n|move|p1b: Ditto|Shadow Ball|p2b: Infernape\n|-damage|p2b: Infernape|23\/100\n|-unboost|p2b: Infernape|spd|1\n|move|p2a: Ninetales|Weather Ball|p1a: Lileep\n|-damage|p1a: Lileep|88\/100\n|move|p2b: Infernape|Close Combat|p1a: Lileep\n|-resisted|p1a: Lileep\n|-damage|p1a: Lileep|79\/100\n|-unboost|p2b: Infernape|def|1\n|-unboost|p2b: Infernape|spd|1\n|move|p1a: Lileep|Infestation|p2b: Infernape\n|-resisted|p2b: Infernape\n|-damage|p2b: Infernape|22\/100\n|-activate|p2b: Infernape|move: Infestation|[of] p1a: Lileep\n|\n|-weather|Snow|[upkeep]\n|-damage|p2b: Infernape|10\/100|[from] move: Infestation|[partiallytrapped]\n|upkeep\n|turn|9\n|inactive|gerherrtfgarga has 120 seconds left.\n|\n|t:|1695220037\n|move|p1b: Ditto|Shadow Ball|p2a: Ninetales\n|-damage|p2a: Ninetales|22\/100\n|move|p2a: Ninetales|Dark Pulse|p1b: Ditto\n|-damage|p1b: Ditto|83\/100\n|move|p2b: Infernape|Fire Punch|p1b: Ditto\n|-damage|p1b: Ditto|13\/100\n|-status|p1b: Ditto|brn\n|move|p1a: Lileep|Infestation|p2a: Ninetales\n|-resisted|p2a: Ninetales\n|-damage|p2a: Ninetales|22\/100\n|-activate|p2a: Ninetales|move: Infestation|[of] p1a: Lileep\n|\n|-weather|Snow|[upkeep]\n|-damage|p1b: Ditto|7\/100 brn|[from] brn\n|-damage|p2a: Ninetales|10\/100|[from] move: Infestation|[partiallytrapped]\n|-damage|p2b: Infernape|0 fnt|[from] move: Infestation|[partiallytrapped]\n|faint|p2b: Infernape\n|upkeep\n|\n|t:|1695220053\n|switch|p2b: Thundurus|Thundurus, M|100\/100\n|-damage|p2b: Thundurus|75\/100|[from] Stealth Rock\n|turn|10\n|inactive|gerherrtfgarga has 120 seconds left.\n|\n|t:|1695220071\n|-terastallize|p2b: Thundurus|Ground\n|move|p1b: Ditto|Shadow Ball|p2b: Thundurus\n|-damage|p2b: Thundurus|16\/100\n|move|p2b: Thundurus|Sludge Wave|p1b: Ditto|[spread] p2a,p1a,p1b\n|-supereffective|p2a: Ninetales\n|-resisted|p1a: Lileep\n|-damage|p2a: Ninetales|0 fnt\n|-damage|p1a: Lileep|75\/100\n|-damage|p1b: Ditto|0 fnt\n|faint|p2a: Ninetales\n|faint|p1b: Ditto\n|-end|p1b: Ditto|Protosynthesis|[silent]\n|move|p1a: Lileep|Infestation|p2b: Thundurus\n|-damage|p2b: Thundurus|15\/100\n|-activate|p2b: Thundurus|move: Infestation|[of] p1a: Lileep\n|\n|-weather|Snow|[upkeep]\n|-damage|p2b: Thundurus|2\/100|[from] move: Infestation|[partiallytrapped]\n|upkeep\n|\n|t:|1695220085\n|switch|p1b: Charizard|Charizard, M|34\/100\n|turn|11\n|\n|t:|1695220094\n|move|p1b: Charizard|Overheat|p2b: Thundurus\n|-damage|p2b: Thundurus|0 fnt\n|-unboost|p1b: Charizard|spa|2\n|faint|p2b: Thundurus\n|\n|win|singlestodoubles\n|raw|singlestodoubles's rating: 1275 &rarr; <strong>1297<\/strong><br \/>(+22 for winning)\n|raw|gerherrtfgarga's rating: 1232 &rarr; <strong>1210<\/strong><br \/>(-22 for losing)\n","uploadtime":1695220102,"views":8,"p1id":"singlestodoubles","p2id":"gerherrtfgarga","formatid":"gen9nationaldexdoubles","rating":1210,"private":0,"password":""}