{"id":"gen9nationaldexdoubles-1949879089","p1":"Elite Four Jaxe","p2":"MaxxEccentric","format":"[Gen 9] National Dex Doubles","log":"|j|\u2606Elite Four Jaxe\n|j|\u2606MaxxEccentric\n|t:|1695406057\n|gametype|doubles\n|player|p1|Elite Four Jaxe|valerie|1094\n|player|p2|MaxxEccentric|mars|1126\n|teamsize|p1|6\n|teamsize|p2|6\n|gen|9\n|tier|[Gen 9] National Dex Doubles\n|rated|\n|rule|HP Percentage Mod: HP is shown in percentages\n|rule|Endless Battle Clause: Forcing endless battles is banned\n|rule|OHKO Clause: OHKO moves are banned\n|rule|Evasion Moves Clause: Evasion moves are banned\n|rule|Evasion Abilities Clause: Evasion abilities are banned\n|rule|Species Clause: Limit one of each Pok\u00e9mon\n|rule|Gravity Sleep Clause: The combination of sleep-inducing moves with imperfect accuracy and Gravity or Gigantamax Orbeetle are banned\n|clearpoke\n|poke|p1|Sylveon, F|\n|poke|p1|Primarina, M|\n|poke|p1|Togekiss, F|\n|poke|p1|Whimsicott, F|\n|poke|p1|Mimikyu, M|\n|poke|p1|Rapidash-Galar, F|\n|poke|p2|Chimecho, M|\n|poke|p2|Ampharos, F|\n|poke|p2|Sableye, F|\n|poke|p2|Drednaw, M|\n|poke|p2|Oricorio-Pom-Pom, F|\n|poke|p2|Flamigo, F|\n|teampreview\n|c|\u2606Elite Four Jaxe|glhf\n|\n|t:|1695406063\n|start\n|switch|p1a: Sylveon|Sylveon, F, shiny|100\/100\n|switch|p1b: Primarina|Primarina, M|100\/100\n|switch|p2a: Chimecho|Chimecho, M|100\/100\n|switch|p2b: Ampharos|Ampharos, F|100\/100\n|turn|1\n|c|\u2606MaxxEccentric|glhf\n|\n|t:|1695406082\n|move|p2a: Chimecho|Snatch|p2a: Chimecho\n|-singleturn|p2a: Chimecho|Snatch\n|move|p1b: Primarina|Round|p2b: Ampharos\n|-crit|p2b: Ampharos\n|-damage|p2b: Ampharos|43\/100\n|move|p1a: Sylveon|Round|p2b: Ampharos|[from]move: Round\n|-damage|p2b: Ampharos|0 fnt\n|faint|p2b: Ampharos\n|-enditem|p1a: Sylveon|Throat Spray\n|-boost|p1a: Sylveon|spa|1|[from] item: Throat Spray\n|\n|upkeep\n|\n|t:|1695406092\n|switch|p2b: Sableye|Sableye, F|100\/100\n|turn|2\n|-activate|p2a: Chimecho|item: Quick Claw\n|\n|t:|1695406102\n|move|p2b: Sableye|Toxic|p1b: Primarina\n|-status|p1b: Primarina|tox\n|move|p2a: Chimecho|Thunder Wave|p1a: Sylveon\n|-status|p1a: Sylveon|par\n|move|p1b: Primarina|Round|p2b: Sableye\n|-damage|p2b: Sableye|55\/100\n|move|p1a: Sylveon|Round|p2b: Sableye|[from]move: Round\n|-supereffective|p2b: Sableye\n|-damage|p2b: Sableye|0 fnt\n|faint|p2b: Sableye\n|\n|-damage|p1b: Primarina|95\/100 tox|[from] psn\n|upkeep\n|\n|t:|1695406116\n|switch|p2b: Drednaw|Drednaw, M|100\/100\n|turn|3\n|\n|t:|1695406128\n|move|p1b: Primarina|Round|p2b: Drednaw\n|-damage|p2b: Drednaw|58\/100\n|cant|p1a: Sylveon|par\n|move|p2b: Drednaw|Shell Smash|p2b: Drednaw\n|-unboost|p2b: Drednaw|def|1\n|-unboost|p2b: Drednaw|spd|1\n|-boost|p2b: Drednaw|atk|2\n|-boost|p2b: Drednaw|spa|2\n|-boost|p2b: Drednaw|spe|2\n|move|p2a: Chimecho|Entrainment|p2b: Drednaw\n|-endability|p2b: Drednaw|Shell Armor|[from] move: Entrainment\n|-ability|p2b: Drednaw|Levitate|[from] move: Entrainment\n|\n|-damage|p1b: Primarina|83\/100 tox|[from] psn\n|upkeep\n|turn|4\n|\n|t:|1695406142\n|move|p2a: Chimecho|Helping Hand|p2b: Drednaw\n|-singleturn|p2b: Drednaw|Helping Hand|[of] p2a: Chimecho\n|move|p2b: Drednaw|Rock Slide|p1a: Sylveon|[spread] p1a,p1b\n|-damage|p1a: Sylveon|0 fnt\n|-damage|p1b: Primarina|0 fnt\n|faint|p1a: Sylveon\n|faint|p1b: Primarina\n|\n|upkeep\n|\n|t:|1695406172\n|switch|p1b: Rapidash|Rapidash-Galar, F|100\/100\n|switch|p1a: Togekiss|Togekiss, F|100\/100\n|turn|5\n|-activate|p2a: Chimecho|item: Quick Claw\n|\n|t:|1695406184\n|move|p2a: Chimecho|Thunder Wave|p1b: Rapidash\n|-status|p1b: Rapidash|par\n|move|p2b: Drednaw|Rock Slide|p1a: Togekiss|[spread] p1a,p1b\n|-supereffective|p1a: Togekiss\n|-crit|p1a: Togekiss\n|-damage|p1a: Togekiss|0 fnt\n|-damage|p1b: Rapidash|7\/100 par\n|faint|p1a: Togekiss\n|cant|p1b: Rapidash|flinch\n|\n|-heal|p1b: Rapidash|13\/100 par|[from] item: Leftovers\n|upkeep\n|\n|t:|1695406196\n|switch|p1a: Mimikyu|Mimikyu, M|100\/100\n|turn|6\n|\n|t:|1695406210\n|move|p2b: Drednaw|Rock Slide|p1a: Mimikyu|[spread] p1a,p1b\n|-activate|p1a: Mimikyu|ability: Disguise\n|-damage|p1a: Mimikyu|100\/100\n|-damage|p1b: Rapidash|0 fnt\n|detailschange|p1a: Mimikyu|Mimikyu-Busted, M\n|-damage|p1a: Mimikyu|88\/100|[from] pokemon: Mimikyu-Busted\n|faint|p1b: Rapidash\n|cant|p1a: Mimikyu|flinch\n|move|p2a: Chimecho|Thunder Wave|p1a: Mimikyu\n|-status|p1a: Mimikyu|par\n|\n|upkeep\n|c|\u2606MaxxEccentric|what is this luck rn\n|c|\u2606Elite Four Jaxe|man these flinches are ruining me\n|c|\u2606Elite Four Jaxe|yeah fr haha\n|\n|t:|1695406229\n|switch|p1b: Whimsicott|Whimsicott, F, shiny|100\/100\n|turn|7\n|\n|t:|1695406240\n|move|p2a: Chimecho|Helping Hand|p2b: Drednaw\n|-singleturn|p2b: Drednaw|Helping Hand|[of] p2a: Chimecho\n|move|p1b: Whimsicott|Tailwind|p1b: Whimsicott\n|-sidestart|p1: Elite Four Jaxe|move: Tailwind\n|cant|p1a: Mimikyu|par\n|move|p2b: Drednaw|Rock Slide|p1b: Whimsicott|[spread] p1a,p1b\n|-damage|p1a: Mimikyu|0 fnt\n|-damage|p1b: Whimsicott|22\/100\n|faint|p1a: Mimikyu\n|\n|upkeep\n|turn|8\n|c|\u2606Elite Four Jaxe|and the para\n|c|\u2606Elite Four Jaxe|hahaha\n|c|\u2606Elite Four Jaxe|so bad\n|c|\u2606Elite Four Jaxe|i hate it\n|-message|Elite Four Jaxe forfeited.\n|\n|win|MaxxEccentric\n|raw|Elite Four Jaxe's rating: 1094 &rarr; <strong>1072<\/strong><br \/>(-22 for losing)\n|raw|MaxxEccentric's rating: 1126 &rarr; <strong>1149<\/strong><br \/>(+23 for winning)\n|l|\u2606Elite Four Jaxe\n","uploadtime":1695406277,"views":5,"p1id":"elitefourjaxe","p2id":"maxxeccentric","formatid":"gen9nationaldexdoubles","rating":1072,"private":0,"password":""}