{"id":"gen9nationaldexdoubles-1962431528","p1":"4 Senpai","p2":"Medosa","format":"[Gen 9] National Dex Doubles","log":"|j|\u26064 Senpai\n|j|\u2606Medosa\n|t:|1696745746\n|gametype|doubles\n|player|p1|4 Senpai|caitlin|1111\n|player|p2|Medosa|red|1000\n|teamsize|p1|6\n|teamsize|p2|6\n|gen|9\n|tier|[Gen 9] National Dex Doubles\n|rated|\n|rule|HP Percentage Mod: HP is shown in percentages\n|rule|Endless Battle Clause: Forcing endless battles is banned\n|rule|OHKO Clause: OHKO moves are banned\n|rule|Evasion Moves Clause: Evasion moves are banned\n|rule|Evasion Abilities Clause: Evasion abilities are banned\n|rule|Species Clause: Limit one of each Pok\u00e9mon\n|rule|Gravity Sleep Clause: The combination of sleep-inducing moves with imperfect accuracy and Gravity or Gigantamax Orbeetle are banned\n|clearpoke\n|poke|p1|Lopunny, F|\n|poke|p1|Vespiquen, F|\n|poke|p1|Gengar, F|\n|poke|p1|Spiritomb, F|\n|poke|p1|Regigigas|\n|poke|p1|Koffing, M|\n|poke|p2|Quaquaval, M|\n|poke|p2|Vikavolt, M|\n|poke|p2|Grimmsnarl, M|\n|poke|p2|Tinkaton, F|\n|poke|p2|Infernape, F|\n|poke|p2|Dragonite, M|\n|teampreview\n|inactive|Battle timer is ON: inactive players will automatically lose when time's up. (requested by Medosa)\n|\n|t:|1696745759\n|start\n|switch|p1a: Win.CON.exe|Koffing, M, shiny|100\/100\n|switch|p1b: Ohhhh NOOOO >;3|Regigigas, shiny|100\/100\n|switch|p2a: Requires Grapes|Quaquaval, M, shiny|100\/100\n|switch|p2b: Dragon Go Brr|Dragonite, M|100\/100\n|-start|p1b: Ohhhh NOOOO >;3|ability: Slow Start\n|turn|1\n|\n|t:|1696745786\n|move|p2a: Requires Grapes|Aqua Step|p1b: Ohhhh NOOOO >;3\n|-damage|p1b: Ohhhh NOOOO >;3|58\/100\n|-boost|p2a: Requires Grapes|spe|1\n|move|p2b: Dragon Go Brr|Dragon Dance|p2b: Dragon Go Brr\n|-boost|p2b: Dragon Go Brr|atk|1\n|-boost|p2b: Dragon Go Brr|spe|1\n|move|p1b: Ohhhh NOOOO >;3|Earthquake|p2a: Requires Grapes|[spread] p2a\n|-immune|p1a: Win.CON.exe|[from] ability: Levitate\n|-immune|p2b: Dragon Go Brr\n|-damage|p2a: Requires Grapes|79\/100\n|move|p1a: Win.CON.exe|Gunk Shot|p2b: Dragon Go Brr\n|-damage|p2b: Dragon Go Brr|86\/100\n|-status|p2b: Dragon Go Brr|psn\n|\n|-heal|p2b: Dragon Go Brr|92\/100 psn|[from] item: Leftovers\n|-damage|p2b: Dragon Go Brr|79\/100 psn|[from] psn\n|upkeep\n|turn|2\n|\n|t:|1696745812\n|move|p2a: Requires Grapes|Aqua Step|p1b: Ohhhh NOOOO >;3\n|-damage|p1b: Ohhhh NOOOO >;3|15\/100\n|-boost|p2a: Requires Grapes|spe|1\n|move|p2b: Dragon Go Brr|Fire Punch|p1b: Ohhhh NOOOO >;3\n|-damage|p1b: Ohhhh NOOOO >;3|0 fnt\n|faint|p1b: Ohhhh NOOOO >;3\n|-end|p1b: Ohhhh NOOOO >;3|Slow Start|[silent]\n|move|p1a: Win.CON.exe|Haze|p1a: Win.CON.exe\n|-clearallboost\n|\n|-heal|p2b: Dragon Go Brr|86\/100 psn|[from] item: Leftovers\n|-damage|p2b: Dragon Go Brr|73\/100 psn|[from] psn\n|upkeep\n|\n|t:|1696745827\n|switch|p1b: TomnNBoom|Spiritomb, F, shiny|100\/100\n|turn|3\n|\n|t:|1696745835\n|move|p1a: Win.CON.exe|Protect|p1a: Win.CON.exe\n|-singleturn|p1a: Win.CON.exe|Protect\n|move|p2a: Requires Grapes|Aqua Step|p1a: Win.CON.exe\n|-activate|p1a: Win.CON.exe|move: Protect\n|move|p2b: Dragon Go Brr|Fire Punch|p1a: Win.CON.exe\n|-activate|p1a: Win.CON.exe|move: Protect\n|move|p1b: TomnNBoom|Trick Room|p1b: TomnNBoom\n|-fieldstart|move: Trick Room|[of] p1b: TomnNBoom\n|\n|-heal|p2b: Dragon Go Brr|79\/100 psn|[from] item: Leftovers\n|-damage|p2b: Dragon Go Brr|67\/100 psn|[from] psn\n|upkeep\n|turn|4\n|\n|t:|1696745862\n|switch|p1a: QUEEN SLAE|Vespiquen, F, shiny|100\/100\n|-ability|p1a: QUEEN SLAE|Pressure\n|move|p1b: TomnNBoom|Will-O-Wisp|p2a: Requires Grapes\n|-status|p2a: Requires Grapes|brn\n|move|p2b: Dragon Go Brr|Dragon Dance|p2b: Dragon Go Brr\n|-boost|p2b: Dragon Go Brr|atk|1\n|-boost|p2b: Dragon Go Brr|spe|1\n|move|p2a: Requires Grapes|Aqua Step|p1a: QUEEN SLAE\n|-damage|p1a: QUEEN SLAE|70\/100\n|-boost|p2a: Requires Grapes|spe|1\n|\n|-heal|p2b: Dragon Go Brr|73\/100 psn|[from] item: Leftovers\n|-damage|p2b: Dragon Go Brr|61\/100 psn|[from] psn\n|-damage|p2a: Requires Grapes|73\/100 brn|[from] brn\n|upkeep\n|turn|5\n|\n|t:|1696745885\n|move|p1b: TomnNBoom|Foul Play|p2b: Dragon Go Brr\n|-damage|p2b: Dragon Go Brr|0 fnt\n|faint|p2b: Dragon Go Brr\n|move|p1a: QUEEN SLAE|Defend Order|p1a: QUEEN SLAE\n|-boost|p1a: QUEEN SLAE|def|1\n|-boost|p1a: QUEEN SLAE|spd|1\n|move|p2a: Requires Grapes|Aqua Step|p1b: TomnNBoom\n|-damage|p1b: TomnNBoom|68\/100\n|-boost|p2a: Requires Grapes|spe|1\n|\n|-damage|p2a: Requires Grapes|67\/100 brn|[from] brn\n|upkeep\n|inactive|Medosa has 120 seconds left.\n|\n|t:|1696745907\n|switch|p2b: Inner Beauty|Grimmsnarl, M, shiny|100\/100\n|turn|6\n|\n|t:|1696745922\n|move|p1b: TomnNBoom|Will-O-Wisp|p2b: Inner Beauty\n|-status|p2b: Inner Beauty|brn\n|move|p1a: QUEEN SLAE|Defend Order|p1a: QUEEN SLAE\n|-boost|p1a: QUEEN SLAE|def|1\n|-boost|p1a: QUEEN SLAE|spd|1\n|move|p2b: Inner Beauty|Darkest Lariat|p1b: TomnNBoom\n|-damage|p1b: TomnNBoom|43\/100\n|move|p2a: Requires Grapes|Aqua Step|p1b: TomnNBoom\n|-damage|p1b: TomnNBoom|10\/100\n|-boost|p2a: Requires Grapes|spe|1\n|\n|-damage|p2b: Inner Beauty|94\/100 brn|[from] brn\n|-damage|p2a: Requires Grapes|61\/100 brn|[from] brn\n|upkeep\n|turn|7\n|\n|t:|1696745939\n|-singleturn|p2b: Inner Beauty|move: Focus Punch\n|move|p1a: QUEEN SLAE|Protect|p1a: QUEEN SLAE\n|-singleturn|p1a: QUEEN SLAE|Protect\n|move|p1b: TomnNBoom|Destiny Bond|p1b: TomnNBoom\n|-singlemove|p1b: TomnNBoom|Destiny Bond\n|move|p2a: Requires Grapes|Aqua Step|p1b: TomnNBoom\n|-damage|p1b: TomnNBoom|0 fnt\n|-boost|p2a: Requires Grapes|spe|1\n|faint|p1b: TomnNBoom\n|-activate|p1b: TomnNBoom|move: Destiny Bond\n|faint|p2a: Requires Grapes\n|move|p2b: Inner Beauty|Focus Punch|p1a: QUEEN SLAE\n|-activate|p1a: QUEEN SLAE|move: Protect\n|\n|-damage|p2b: Inner Beauty|88\/100 brn|[from] brn\n|-fieldend|move: Trick Room\n|upkeep\n|\n|t:|1696745960\n|switch|p2a: Ahhhh|Infernape, F|100\/100\n|switch|p1b: Win.CON.exe|Koffing, M, shiny|100\/100\n|turn|8\n|\n|t:|1696745982\n|-terastallize|p1a: QUEEN SLAE|Flying\n|move|p2a: Ahhhh|Acrobatics|p1b: Win.CON.exe\n|-damage|p1b: Win.CON.exe|80\/100\n|move|p2b: Inner Beauty|Parting Shot|p1a: QUEEN SLAE\n|-unboost|p1a: QUEEN SLAE|atk|1\n|-unboost|p1a: QUEEN SLAE|spa|1\n|\n|t:|1696745993\n|switch|p2b: Reinhardt|Tinkaton, F|100\/100|[from] Parting Shot\n|-ability|p2b: Reinhardt|Mold Breaker\n|move|p1a: QUEEN SLAE|Dual Wingbeat|p2a: Ahhhh\n|-supereffective|p2a: Ahhhh\n|-damage|p2a: Ahhhh|70\/100\n|-supereffective|p2a: Ahhhh\n|-damage|p2a: Ahhhh|36\/100\n|-hitcount|p2a: Ahhhh|2\n|move|p1b: Win.CON.exe|Gunk Shot|p2b: Reinhardt\n|-immune|p2b: Reinhardt\n|\n|upkeep\n|turn|9\n|inactive|Medosa has 120 seconds left.\n|\n|t:|1696746026\n|switch|p1b: feelings <333|Gengar, F, shiny|100\/100\n|move|p2a: Ahhhh|Poison Jab|p1a: QUEEN SLAE\n|-damage|p1a: QUEEN SLAE|58\/100\n|move|p2b: Reinhardt|Knock Off|p1b: feelings <333\n|-supereffective|p1b: feelings <333\n|-damage|p1b: feelings <333|23\/100\n|-enditem|p1b: feelings <333|Black Sludge|[from] move: Knock Off|[of] p2b: Reinhardt\n|move|p1a: QUEEN SLAE|Dual Wingbeat|p2a: Ahhhh\n|-supereffective|p2a: Ahhhh\n|-damage|p2a: Ahhhh|4\/100\n|-supereffective|p2a: Ahhhh\n|-damage|p2a: Ahhhh|0 fnt\n|faint|p2a: Ahhhh\n|-hitcount|p2: Ahhhh|2\n|\n|upkeep\n|inactive|Medosa has 120 seconds left.\n|\n|t:|1696746042\n|switch|p2a: Fly|Vikavolt, M, shiny|100\/100\n|turn|10\n|\n|t:|1696746060\n|switch|p1b: Win.CON.exe|Koffing, M, shiny|80\/100\n|move|p1a: QUEEN SLAE|Protect|p1a: QUEEN SLAE\n|-singleturn|p1a: QUEEN SLAE|Protect\n|move|p2b: Reinhardt|Knock Off|p1a: QUEEN SLAE\n|-activate|p1a: QUEEN SLAE|move: Protect\n|move|p2a: Fly|Solar Beam||[still]\n|-prepare|p2a: Fly|Solar Beam\n|-enditem|p2a: Fly|Power Herb\n|-anim|p2a: Fly|Solar Beam|p1b: Win.CON.exe\n|-resisted|p1b: Win.CON.exe\n|-damage|p1b: Win.CON.exe|42\/100\n|\n|upkeep\n|turn|11\n|inactive|Medosa has 120 seconds left.\n|\n|t:|1696746110\n|move|p1b: Win.CON.exe|Protect|p1b: Win.CON.exe\n|-singleturn|p1b: Win.CON.exe|Protect\n|move|p2b: Reinhardt|Draining Kiss|p1b: Win.CON.exe\n|-activate|p1b: Win.CON.exe|move: Protect\n|move|p2a: Fly|Discharge|p1a: QUEEN SLAE|[spread] p2b,p1a\n|-activate|p1b: Win.CON.exe|move: Protect\n|-supereffective|p1a: QUEEN SLAE\n|-damage|p2b: Reinhardt|63\/100\n|-damage|p1a: QUEEN SLAE|30\/100\n|-enditem|p1a: QUEEN SLAE|Enigma Berry|[eat]\n|-heal|p1a: QUEEN SLAE|54\/100|[from] item: Enigma Berry|[of] p2a: Fly\n|-status|p2b: Reinhardt|par\n|-status|p1a: QUEEN SLAE|par\n|move|p1a: QUEEN SLAE|Dual Wingbeat|p2a: Fly\n|-damage|p2a: Fly|90\/100\n|-damage|p2a: Fly|79\/100\n|-hitcount|p2a: Fly|2\n|\n|-heal|p2b: Reinhardt|69\/100 par|[from] item: Leftovers\n|upkeep\n|turn|12\n|inactive|Medosa has 120 seconds left.\n|\n|t:|1696746137\n|move|p2b: Reinhardt|Knock Off|p1a: QUEEN SLAE\n|-damage|p1a: QUEEN SLAE|46\/100 par\n|move|p2a: Fly|Discharge|p1b: Win.CON.exe|[spread] p2b,p1a,p1b\n|-supereffective|p1a: QUEEN SLAE\n|-damage|p2b: Reinhardt|30\/100 par\n|-damage|p1a: QUEEN SLAE|18\/100 par\n|-damage|p1b: Win.CON.exe|0 fnt\n|faint|p1b: Win.CON.exe\n|move|p1a: QUEEN SLAE|Dual Wingbeat|p2a: Fly|[miss]\n|-miss|p1a: QUEEN SLAE|p2a: Fly\n|\n|-heal|p2b: Reinhardt|36\/100 par|[from] item: Leftovers\n|upkeep\n|inactive|4 Senpai has 120 seconds left.\n|\n|t:|1696746152\n|switch|p1b: feelings <333|Gengar, F, shiny|23\/100\n|turn|13\n|inactive|Medosa has 120 seconds left.\n|\n|t:|1696746178\n|move|p1a: QUEEN SLAE|Protect|p1a: QUEEN SLAE\n|-singleturn|p1a: QUEEN SLAE|Protect\n|move|p1b: feelings <333|Disable|p2a: Fly\n|-start|p2a: Fly|Disable|Discharge\n|move|p2b: Reinhardt|Knock Off|p1b: feelings <333\n|-supereffective|p1b: feelings <333\n|-damage|p1b: feelings <333|0 fnt\n|faint|p1b: feelings <333\n|cant|p2a: Fly|Disable|Discharge\n|\n|-heal|p2b: Reinhardt|42\/100 par|[from] item: Leftovers\n|upkeep\n|\n|t:|1696746189\n|switch|p1b: Sensei-tional <3|Lopunny, F|100\/100\n|turn|14\n|\n|t:|1696746204\n|detailschange|p1b: Sensei-tional <3|Lopunny-Mega, F\n|-mega|p1b: Sensei-tional <3|Lopunny|Lopunnite\n|move|p1b: Sensei-tional <3|Fake Out|p2a: Fly\n|-damage|p2a: Fly|56\/100\n|cant|p2b: Reinhardt|par\n|cant|p2a: Fly|flinch\n|move|p1a: QUEEN SLAE|Attack Order|p2b: Reinhardt\n|-resisted|p2b: Reinhardt\n|-crit|p2b: Reinhardt\n|-damage|p2b: Reinhardt|28\/100 par\n|\n|-heal|p2b: Reinhardt|35\/100 par|[from] item: Leftovers\n|upkeep\n|turn|15\n|inactive|4 Senpai has 120 seconds left.\n|\n|t:|1696746234\n|move|p1a: QUEEN SLAE|Protect|p1a: QUEEN SLAE\n|-singleturn|p1a: QUEEN SLAE|Protect\n|move|p1b: Sensei-tional <3|Facade|p2a: Fly\n|-damage|p2a: Fly|18\/100\n|move|p2b: Reinhardt|Draining Kiss|p1b: Sensei-tional <3\n|-supereffective|p1b: Sensei-tional <3\n|-damage|p1b: Sensei-tional <3|67\/100\n|-heal|p2b: Reinhardt|57\/100 par|[from] drain|[of] p1b: Sensei-tional <3\n|move|p2a: Fly|Hidden Power|p1a: QUEEN SLAE\n|-activate|p1a: QUEEN SLAE|move: Protect\n|\n|-heal|p2b: Reinhardt|63\/100 par|[from] item: Leftovers\n|upkeep\n|turn|16\n|inactive|4 Senpai has 120 seconds left.\n|\n|t:|1696746267\n|move|p1b: Sensei-tional <3|Facade|p2a: Fly\n|-damage|p2a: Fly|0 fnt\n|faint|p2a: Fly\n|move|p2b: Reinhardt|Play Rough|p1b: Sensei-tional <3\n|-supereffective|p1b: Sensei-tional <3\n|-damage|p1b: Sensei-tional <3|0 fnt\n|faint|p1b: Sensei-tional <3\n|move|p1a: QUEEN SLAE|Dual Wingbeat|p2b: Reinhardt\n|-resisted|p2b: Reinhardt\n|-damage|p2b: Reinhardt|55\/100 par\n|-resisted|p2b: Reinhardt\n|-damage|p2b: Reinhardt|47\/100 par\n|-hitcount|p2b: Reinhardt|2\n|\n|-heal|p2b: Reinhardt|53\/100 par|[from] item: Leftovers\n|upkeep\n|\n|t:|1696746279\n|switch|p2a: Inner Beauty|Grimmsnarl, M, shiny|88\/100 brn\n|turn|17\n|\n|t:|1696746307\n|cant|p1a: QUEEN SLAE|par\n|move|p2b: Reinhardt|Gigaton Hammer|p1a: QUEEN SLAE\n|-damage|p1a: QUEEN SLAE|0 fnt\n|faint|p1a: QUEEN SLAE\n|\n|win|Medosa\n|raw|4 Senpai's rating: 1111 &rarr; <strong>1078<\/strong><br \/>(-33 for losing)\n|raw|Medosa's rating: 1000 &rarr; <strong>1052<\/strong><br \/>(+52 for winning)\n|c|\u2606Medosa|gg\n","uploadtime":1696746322,"views":9,"p1id":"4senpai","p2id":"medosa","formatid":"gen9nationaldexdoubles","rating":1052,"private":0,"password":""}