{"id":"gen9nationaldexdoubles-1989579512","p1":"HermanQwerty","p2":"fumbari 24","format":"[Gen 9] National Dex Doubles","log":"|j|\u2606HermanQwerty\n|j|\u2606fumbari 24\n|t:|1699874256\n|gametype|doubles\n|player|p1|HermanQwerty|hilda|1065\n|player|p2|fumbari 24|hilbert|1368\n|teamsize|p1|6\n|teamsize|p2|6\n|gen|9\n|tier|[Gen 9] National Dex Doubles\n|rated|\n|rule|HP Percentage Mod: HP is shown in percentages\n|rule|Endless Battle Clause: Forcing endless battles is banned\n|rule|OHKO Clause: OHKO moves are banned\n|rule|Evasion Moves Clause: Evasion moves are banned\n|rule|Evasion Abilities Clause: Evasion abilities are banned\n|rule|Species Clause: Limit one of each Pok\u00e9mon\n|rule|Gravity Sleep Clause: The combination of sleep-inducing moves with imperfect accuracy and Gravity or Gigantamax Orbeetle are banned\n|clearpoke\n|poke|p1|Scolipede, M|\n|poke|p1|Samurott-Hisui, M|\n|poke|p1|Flygon, M|\n|poke|p1|Sylveon, F|\n|poke|p1|Raichu-Alola, F|\n|poke|p1|Pincurchin, M|\n|poke|p2|Iron Moth|\n|poke|p2|Tapu Koko|\n|poke|p2|Hariyama, M|\n|poke|p2|Farigiraf, F|\n|poke|p2|Sableye, M|\n|poke|p2|Heracross, M|\n|teampreview\n|inactive|Battle timer is ON: inactive players will automatically lose when time's up. (requested by HermanQwerty)\n|\n|t:|1699874280\n|start\n|switch|p1a: Sylveon|Sylveon, F, shiny|100\/100\n|switch|p1b: Raichu|Raichu-Alola, F|100\/100\n|switch|p2a: E.V.A|Iron Moth|100\/100\n|switch|p2b: Raijin|Tapu Koko, shiny|100\/100\n|-fieldstart|move: Electric Terrain|[from] ability: Electric Surge|[of] p2b: Raijin\n|-enditem|p2a: E.V.A|Electric Seed\n|-boost|p2a: E.V.A|def|1|[from] item: Electric Seed\n|-activate|p2a: E.V.A|ability: Quark Drive\n|-start|p2a: E.V.A|quarkdrivespe\n|turn|1\n|\n|t:|1699874303\n|-terastallize|p2a: E.V.A|Grass\n|move|p1b: Raichu|Expanding Force|p2a: E.V.A\n|-damage|p2a: E.V.A|69\/100\n|move|p2a: E.V.A|Acid Spray|p1a: Sylveon\n|-supereffective|p1a: Sylveon\n|-damage|p1a: Sylveon|70\/100\n|-unboost|p1a: Sylveon|spd|2\n|move|p2b: Raijin|Electroweb|p1b: Raichu|[spread] p1a,p1b\n|-resisted|p1b: Raichu\n|-damage|p1a: Sylveon|34\/100\n|-damage|p1b: Raichu|86\/100\n|-unboost|p1a: Sylveon|spe|1\n|-unboost|p1b: Raichu|spe|1\n|move|p1a: Sylveon|Hyper Voice|p2a: E.V.A|[spread] p2a,p2b\n|-damage|p2a: E.V.A|29\/100\n|-damage|p2b: Raijin|58\/100\n|\n|-heal|p1a: Sylveon|40\/100|[from] item: Leftovers\n|upkeep\n|turn|2\n|inactive|fumbari 24 has 120 seconds left.\n|inactive|HermanQwerty has 120 seconds left.\n|\n|t:|1699874343\n|switch|p1b: Pincurchin|Pincurchin, M|100\/100\n|switch|p1a: Scolipede|Scolipede, M, shiny|100\/100\n|move|p2a: E.V.A|Heat Wave|p1b: Pincurchin|[spread] p1b\n|-miss|p2a: E.V.A|p1a: Scolipede\n|-damage|p1b: Pincurchin|62\/100\n|move|p2b: Raijin|Dazzling Gleam|p1a: Scolipede|[spread] p1a,p1b\n|-resisted|p1a: Scolipede\n|-damage|p1a: Scolipede|88\/100\n|-damage|p1b: Pincurchin|34\/100\n|\n|-heal|p1a: Scolipede|95\/100|[from] item: Leftovers\n|upkeep\n|turn|3\n|\n|t:|1699874367\n|move|p2a: E.V.A|Heat Wave|p1a: Scolipede|[spread] p1a,p1b\n|-supereffective|p1a: Scolipede\n|-damage|p1a: Scolipede|18\/100\n|-damage|p1b: Pincurchin|0 fnt\n|faint|p1b: Pincurchin\n|move|p2b: Raijin|Electroweb|p1a: Scolipede\n|-damage|p1a: Scolipede|0 fnt\n|faint|p1a: Scolipede\n|\n|upkeep\n|inactive|HermanQwerty has 120 seconds left.\n|\n|t:|1699874382\n|switch|p1a: Flygon|Flygon, M, shiny|100\/100\n|switch|p1b: Raichu|Raichu-Alola, F|86\/100\n|turn|4\n|inactive|HermanQwerty has 120 seconds left.\n|\n|t:|1699874416\n|move|p1b: Raichu|Draining Kiss|p2b: Raijin\n|-damage|p2b: Raijin|44\/100\n|-heal|p1b: Raichu|99\/100|[from] drain|[of] p2b: Raijin\n|move|p2a: E.V.A|Acid Spray|p1a: Flygon\n|-resisted|p1a: Flygon\n|-damage|p1a: Flygon|87\/100\n|-unboost|p1a: Flygon|spd|2\n|move|p2b: Raijin|Dazzling Gleam|p1a: Flygon|[spread] p1a,p1b\n|-supereffective|p1a: Flygon\n|-damage|p1a: Flygon|0 fnt\n|-damage|p1b: Raichu|64\/100\n|faint|p1a: Flygon\n|\n|upkeep\n|\n|t:|1699874423\n|switch|p1a: Samurott|Samurott-Hisui, M|100\/100\n|turn|5\n|\n|t:|1699874442\n|-terastallize|p1a: Samurott|Fighting\n|move|p2a: E.V.A|Protect|p2a: E.V.A\n|-singleturn|p2a: E.V.A|Protect\n|move|p1b: Raichu|Draining Kiss|p2a: E.V.A\n|-activate|p2a: E.V.A|move: Protect\n|-zpower|p2b: Raijin\n|move|p2b: Raijin|Twinkle Tackle|p1a: Samurott|[zeffect]\n|-supereffective|p1a: Samurott\n|-damage|p1a: Samurott|6\/100\n|move|p1a: Samurott|Ceaseless Edge|p2a: E.V.A\n|-activate|p2a: E.V.A|move: Protect\n|\n|-fieldend|move: Electric Terrain\n|-end|p2a: E.V.A|Quark Drive\n|upkeep\n|turn|6\n|-message|HermanQwerty forfeited.\n|\n|win|fumbari 24\n|raw|HermanQwerty's rating: 1065 &rarr; <strong>1059<\/strong><br \/>(-6 for losing)\n|raw|fumbari 24's rating: 1368 &rarr; <strong>1374<\/strong><br \/>(+6 for winning)\n|l|\u2606HermanQwerty\n","uploadtime":1699874475,"views":10,"p1id":"hermanqwerty","p2id":"fumbari24","formatid":"gen9nationaldexdoubles","rating":1059,"private":0,"password":""}