{"id":"gen9nationaldexdoubles-1958756656","p1":"zeref203","p2":"lemur88real","format":"[Gen 9] National Dex Doubles","log":"|j|\u2606zeref203\n|j|\u2606lemur88real\n|t:|1696355608\n|gametype|doubles\n|player|p1|zeref203|170|1100\n|player|p2|lemur88real|170|1000\n|teamsize|p1|6\n|teamsize|p2|6\n|gen|9\n|tier|[Gen 9] National Dex Doubles\n|rated|\n|rule|HP Percentage Mod: HP is shown in percentages\n|rule|Endless Battle Clause: Forcing endless battles is banned\n|rule|OHKO Clause: OHKO moves are banned\n|rule|Evasion Moves Clause: Evasion moves are banned\n|rule|Evasion Abilities Clause: Evasion abilities are banned\n|rule|Species Clause: Limit one of each Pok\u00e9mon\n|rule|Gravity Sleep Clause: The combination of sleep-inducing moves with imperfect accuracy and Gravity or Gigantamax Orbeetle are banned\n|clearpoke\n|poke|p1|Great Tusk|\n|poke|p1|Ninetales, F|\n|poke|p1|Sableye, M|\n|poke|p1|Gardevoir, F|\n|poke|p1|Feraligatr, M|\n|poke|p1|Salamence, F|\n|poke|p2|Golduck, M|\n|poke|p2|Tsareena, F|\n|poke|p2|Sliggoo-Hisui, F|\n|poke|p2|Meowstic-F, F|\n|poke|p2|Basculegion, M|\n|poke|p2|Venusaur, M|\n|teampreview\n|inactive|Battle timer is ON: inactive players will automatically lose when time's up. (requested by zeref203)\n|\n|t:|1696355621\n|start\n|switch|p1a: Sableye|Sableye, M|100\/100\n|switch|p1b: Feraligatr|Feraligatr, M|100\/100\n|switch|p2a: Decades|Golduck, M|100\/100\n|switch|p2b: Plant Girl|Tsareena, F|100\/100\n|turn|1\n|inactive|lemur88real has 120 seconds left.\n|\n|t:|1696355654\n|move|p2a: Decades|Soak|p1a: Sableye\n|-start|p1a: Sableye|typechange|Water\n|move|p1b: Feraligatr|Ice Punch|p2b: Plant Girl\n|-supereffective|p2b: Plant Girl\n|-damage|p2b: Plant Girl|30\/100\n|move|p2b: Plant Girl|Power Whip|p1b: Feraligatr\n|-supereffective|p1b: Feraligatr\n|-damage|p1b: Feraligatr|0 fnt\n|faint|p1b: Feraligatr\n|move|p1a: Sableye|Foul Play|p2a: Decades\n|-damage|p2a: Decades|84\/100\n|\n|upkeep\n|\n|t:|1696355672\n|switch|p1b: Salamence|Salamence, F|100\/100\n|turn|2\n|\n|t:|1696355686\n|switch|p1a: Gardevoir|Gardevoir, F|100\/100\n|move|p2a: Decades|Soak|p1b: Salamence\n|-start|p1b: Salamence|typechange|Water\n|move|p1b: Salamence|Earthquake|p2a: Decades|[spread] p2a,p2b\n|-activate|p1a: Gardevoir|ability: Telepathy\n|-resisted|p2b: Plant Girl\n|-damage|p2a: Decades|55\/100\n|-damage|p2b: Plant Girl|19\/100\n|move|p2b: Plant Girl|Power Whip|p1b: Salamence\n|-supereffective|p1b: Salamence\n|-damage|p1b: Salamence|0 fnt\n|faint|p1b: Salamence\n|\n|upkeep\n|\n|t:|1696355699\n|switch|p1b: Ninetales|Ninetales, F|100\/100\n|-weather|SunnyDay|[from] ability: Drought|[of] p1b: Ninetales\n|turn|3\n|\n|t:|1696355713\n|detailschange|p1a: Gardevoir|Gardevoir-Mega, F\n|-mega|p1a: Gardevoir|Gardevoir|Gardevoirite\n|move|p2a: Decades|Soak|p1a: Gardevoir\n|-start|p1a: Gardevoir|typechange|Water\n|move|p1b: Ninetales|Heat Wave|p2a: Decades|[spread] p2a,p2b\n|-resisted|p2a: Decades\n|-supereffective|p2b: Plant Girl\n|-damage|p2a: Decades|31\/100\n|-damage|p2b: Plant Girl|0 fnt\n|faint|p2b: Plant Girl\n|move|p1a: Gardevoir|Hyper Voice|p2a: Decades\n|-damage|p2a: Decades|0 fnt\n|faint|p2a: Decades\n|\n|-weather|SunnyDay|[upkeep]\n|upkeep\n|\n|t:|1696355729\n|switch|p2a: Basculegion|Basculegion, M, shiny|100\/100\n|switch|p2b: forggo|Venusaur, M|100\/100\n|-ability|p2a: Basculegion|Mold Breaker\n|turn|4\n|\n|t:|1696355747\n|-terastallize|p1b: Ninetales|Grass\n|move|p2a: Basculegion|Soak|p1b: Ninetales\n|-fail|p1b: Ninetales\n|move|p1b: Ninetales|Solar Beam||[still]\n|-prepare|p1b: Ninetales|Solar Beam\n|-anim|p1b: Ninetales|Solar Beam|p2a: Basculegion\n|-supereffective|p2a: Basculegion\n|-damage|p2a: Basculegion|11\/100\n|move|p1a: Gardevoir|Psychic|p2b: forggo\n|-supereffective|p2b: forggo\n|-damage|p2b: forggo|23\/100\n|move|p2b: forggo|Giga Drain|p1a: Gardevoir\n|-supereffective|p1a: Gardevoir\n|-damage|p1a: Gardevoir|7\/100\n|-heal|p2b: forggo|63\/100|[from] drain|[of] p1a: Gardevoir\n|\n|-weather|SunnyDay|[upkeep]\n|upkeep\n|turn|5\n|\n|t:|1696355776\n|switch|p2a: Slinky|Sliggoo-Hisui, F|100\/100\n|switch|p2b: Meowstic|Meowstic-F, F|100\/100\n|move|p1b: Ninetales|Heat Wave|p2a: Slinky|[spread] p2a,p2b\n|-damage|p2a: Slinky|79\/100\n|-damage|p2b: Meowstic|42\/100\n|-status|p2a: Slinky|brn\n|-status|p2b: Meowstic|brn\n|move|p1a: Gardevoir|Hyper Voice|p2b: Meowstic|[spread] p2a,p2b\n|-damage|p2a: Slinky|60\/100 brn\n|-damage|p2b: Meowstic|0 fnt\n|faint|p2b: Meowstic\n|\n|-weather|SunnyDay|[upkeep]\n|-damage|p2a: Slinky|53\/100 brn|[from] brn\n|upkeep\n|inactive|lemur88real has 120 seconds left.\n|\n|t:|1696355795\n|switch|p2b: forggo|Venusaur, M|63\/100\n|turn|6\n|\n|t:|1696355808\n|move|p1b: Ninetales|Heat Wave|p2b: forggo|[spread] p2a,p2b\n|-supereffective|p2b: forggo\n|-damage|p2a: Slinky|32\/100 brn\n|-damage|p2b: forggo|0 fnt\n|faint|p2b: forggo\n|move|p1a: Gardevoir|Psychic|p2a: Slinky\n|-resisted|p2a: Slinky\n|-damage|p2a: Slinky|22\/100 brn\n|move|p2a: Slinky|Dragon Pulse|p1b: Ninetales\n|-damage|p1b: Ninetales|71\/100\n|\n|-weather|SunnyDay|[upkeep]\n|-damage|p2a: Slinky|16\/100 brn|[from] brn\n|upkeep\n|\n|t:|1696355822\n|switch|p2b: Basculegion|Basculegion, M, shiny|11\/100\n|-ability|p2b: Basculegion|Mold Breaker\n|turn|7\n|\n|t:|1696355843\n|move|p2b: Basculegion|Waterfall|p1b: Ninetales\n|-resisted|p1b: Ninetales\n|-damage|p1b: Ninetales|59\/100\n|move|p1a: Gardevoir|Hyper Voice|p2a: Slinky|[spread] p2a,p2b\n|-damage|p2a: Slinky|0 fnt\n|-damage|p2b: Basculegion|0 fnt\n|faint|p2a: Slinky\n|faint|p2b: Basculegion\n|\n|win|zeref203\n|raw|zeref203's rating: 1100 &rarr; <strong>1118<\/strong><br \/>(+18 for winning)\n|raw|lemur88real's rating: 1000 &rarr; <strong>1000<\/strong><br \/>(+0 for losing)\n","uploadtime":1696355855,"views":9,"p1id":"zeref203","p2id":"lemur88real","formatid":"gen9nationaldexdoubles","rating":1000,"private":0,"password":""}