{"id":"gen9nationaldexdoubles-1999584349","p1":"Avrg enjoyer","p2":"fumbari 24","format":"[Gen 9] National Dex Doubles","log":"|j|\u2606Avrg enjoyer\n|j|\u2606fumbari 24\n|t:|1701098546\n|gametype|doubles\n|player|p1|Avrg enjoyer|clown|1000\n|player|p2|fumbari 24|hilbert|1161\n|teamsize|p1|6\n|teamsize|p2|6\n|gen|9\n|tier|[Gen 9] National Dex Doubles\n|rated|\n|rule|HP Percentage Mod: HP is shown in percentages\n|rule|Endless Battle Clause: Forcing endless battles is banned\n|rule|OHKO Clause: OHKO moves are banned\n|rule|Evasion Moves Clause: Evasion moves are banned\n|rule|Evasion Abilities Clause: Evasion abilities are banned\n|rule|Species Clause: Limit one of each Pok\u00e9mon\n|rule|Gravity Sleep Clause: The combination of sleep-inducing moves with imperfect accuracy and Gravity or Gigantamax Orbeetle are banned\n|clearpoke\n|poke|p1|Maushold-Four|\n|poke|p1|Gallade, M|\n|poke|p1|Hatterene, F|\n|poke|p1|Indeedee-F, F|\n|poke|p1|Ribombee, F|\n|poke|p1|Torkoal, F|\n|poke|p2|Salazzle, F|\n|poke|p2|Vespiquen, F|\n|poke|p2|Mandibuzz, F|\n|poke|p2|Tyrantrum, F|\n|poke|p2|Chandelure, F|\n|poke|p2|Empoleon, M|\n|teampreview\n|inactive|Battle timer is ON: inactive players will automatically lose when time's up. (requested by Avrg enjoyer)\n|\n|t:|1701098566\n|start\n|switch|p1a: Mickey mice|Maushold-Four|100\/100\n|switch|p1b: Ryan gosling|Gallade, M|100\/100\n|switch|p2a: Salazzle|Salazzle, F|100\/100\n|switch|p2b: Chandelure|Chandelure, F|100\/100\n|turn|1\n|\n|t:|1701098583\n|move|p2a: Salazzle|Overheat|p1b: Ryan gosling\n|-crit|p1b: Ryan gosling\n|-damage|p1b: Ryan gosling|38\/100\n|-unboost|p2a: Salazzle|spa|2\n|-enditem|p2a: Salazzle|Eject Pack\n|\n|t:|1701098591\n|switch|p2a: Mandibuzz|Mandibuzz, F|100\/100\n|move|p1a: Mickey mice|Beat Up|p1b: Ryan gosling\n|-damage|p1b: Ryan gosling|36\/100\n|-ability|p1b: Ryan gosling|Justified|boost\n|-boost|p1b: Ryan gosling|atk|1\n|-damage|p1b: Ryan gosling|31\/100\n|-ability|p1b: Ryan gosling|Justified|boost\n|-boost|p1b: Ryan gosling|atk|1\n|-crit|p1b: Ryan gosling\n|-damage|p1b: Ryan gosling|26\/100\n|-ability|p1b: Ryan gosling|Justified|boost\n|-boost|p1b: Ryan gosling|atk|1\n|-damage|p1b: Ryan gosling|23\/100\n|-ability|p1b: Ryan gosling|Justified|boost\n|-boost|p1b: Ryan gosling|atk|1\n|-damage|p1b: Ryan gosling|21\/100\n|-ability|p1b: Ryan gosling|Justified|boost\n|-boost|p1b: Ryan gosling|atk|1\n|-damage|p1b: Ryan gosling|17\/100\n|-ability|p1b: Ryan gosling|Justified|boost\n|-boost|p1b: Ryan gosling|atk|1\n|-hitcount|p1b: Ryan gosling|6\n|move|p1b: Ryan gosling|Aqua Cutter|p2b: Chandelure\n|-supereffective|p2b: Chandelure\n|-damage|p2b: Chandelure|0 fnt\n|faint|p2b: Chandelure\n|-damage|p1b: Ryan gosling|8\/100|[from] item: Life Orb\n|\n|upkeep\n|\n|t:|1701098600\n|switch|p2b: Salazzle|Salazzle, F|100\/100\n|turn|2\n|\n|t:|1701098617\n|move|p2b: Salazzle|Fake Out|p1b: Ryan gosling\n|-damage|p1b: Ryan gosling|0 fnt\n|faint|p1b: Ryan gosling\n|move|p1a: Mickey mice|Follow Me|p1a: Mickey mice\n|-singleturn|p1a: Mickey mice|move: Follow Me\n|move|p2a: Mandibuzz|Tailwind|p2a: Mandibuzz\n|-sidestart|p2: fumbari 24|move: Tailwind\n|\n|upkeep\n|\n|t:|1701098628\n|switch|p1b: Freddy fazbear|Indeedee-F, F|100\/100\n|-fieldstart|move: Psychic Terrain|[from] ability: Psychic Surge|[of] p1b: Freddy fazbear\n|turn|3\n|inactive|fumbari 24 has 120 seconds left.\n|\n|t:|1701098676\n|switch|p2b: Empoleon|Empoleon, M, shiny|100\/100\n|switch|p1a: Armarouge fr|Hatterene, F|100\/100\n|move|p2a: Mandibuzz|Taunt|p1a: Armarouge fr\n|move|p1a: Armarouge fr|Taunt|p2a: Mandibuzz|[from]ability: Magic Bounce\n|-start|p2a: Mandibuzz|move: Taunt\n|move|p1b: Freddy fazbear|Trick Room|p1b: Freddy fazbear\n|-fieldstart|move: Trick Room|[of] p1b: Freddy fazbear\n|\n|upkeep\n|turn|4\n|inactive|fumbari 24 has 120 seconds left.\n|inactive|fumbari 24 has 90 seconds left.\n|\n|t:|1701098731\n|move|p1b: Freddy fazbear|Follow Me|p1b: Freddy fazbear\n|-singleturn|p1b: Freddy fazbear|move: Follow Me\n|move|p1a: Armarouge fr|Expanding Force|p2a: Mandibuzz|[spread] p2b\n|-immune|p2a: Mandibuzz\n|-resisted|p2b: Empoleon\n|-damage|p2b: Empoleon|59\/100\n|move|p2b: Empoleon|Flash Cannon|p1b: Freddy fazbear\n|-damage|p1b: Freddy fazbear|81\/100\n|move|p2a: Mandibuzz|Foul Play|p1b: Freddy fazbear\n|-supereffective|p1b: Freddy fazbear\n|-damage|p1b: Freddy fazbear|37\/100\n|-enditem|p1b: Freddy fazbear|Sitrus Berry|[eat]\n|-heal|p1b: Freddy fazbear|61\/100|[from] item: Sitrus Berry\n|\n|-heal|p2b: Empoleon|65\/100|[from] item: Leftovers\n|upkeep\n|turn|5\n|\n|t:|1701098744\n|switch|p1b: Ryan Reynold|Torkoal, F|100\/100\n|-weather|SunnyDay|[from] ability: Drought|[of] p1b: Ryan Reynold\n|move|p2b: Empoleon|Protect|p2b: Empoleon\n|-singleturn|p2b: Empoleon|Protect\n|move|p1a: Armarouge fr|Expanding Force|p2b: Empoleon|[spread] \n|-activate|p2b: Empoleon|move: Protect\n|-immune|p2a: Mandibuzz\n|move|p2a: Mandibuzz|Foul Play|p1b: Ryan Reynold\n|-damage|p1b: Ryan Reynold|69\/100\n|\n|-weather|SunnyDay|[upkeep]\n|-heal|p2b: Empoleon|71\/100|[from] item: Leftovers\n|-sideend|p2: fumbari 24|move: Tailwind\n|upkeep\n|turn|6\n|\n|t:|1701098757\n|switch|p2b: Salazzle|Salazzle, F|100\/100\n|move|p1b: Ryan Reynold|Eruption|p2a: Mandibuzz|[spread] p2a,p2b\n|-resisted|p2b: Salazzle\n|-damage|p2a: Mandibuzz|67\/100\n|-damage|p2b: Salazzle|63\/100\n|move|p1a: Armarouge fr|Expanding Force|p2b: Salazzle|[spread] p2b\n|-immune|p2a: Mandibuzz\n|-supereffective|p2b: Salazzle\n|-damage|p2b: Salazzle|0 fnt\n|faint|p2b: Salazzle\n|move|p2a: Mandibuzz|Foul Play|p1b: Ryan Reynold\n|-damage|p1b: Ryan Reynold|39\/100\n|\n|-weather|SunnyDay|[upkeep]\n|-end|p2a: Mandibuzz|move: Taunt\n|upkeep\n|\n|t:|1701098763\n|switch|p2b: Empoleon|Empoleon, M, shiny|71\/100\n|turn|7\n|\n|t:|1701098771\n|move|p2b: Empoleon|Protect|p2b: Empoleon\n|-singleturn|p2b: Empoleon|Protect\n|move|p1b: Ryan Reynold|Eruption|p2a: Mandibuzz|[spread] p2a\n|-activate|p2b: Empoleon|move: Protect\n|-damage|p2a: Mandibuzz|46\/100\n|move|p1a: Armarouge fr|Expanding Force|p2b: Empoleon|[spread] \n|-activate|p2b: Empoleon|move: Protect\n|-immune|p2a: Mandibuzz\n|move|p2a: Mandibuzz|Foul Play|p1a: Armarouge fr\n|-damage|p1a: Armarouge fr|76\/100\n|\n|-weather|SunnyDay|[upkeep]\n|-heal|p2b: Empoleon|77\/100|[from] item: Leftovers\n|-fieldend|move: Trick Room\n|-fieldend|move: Psychic Terrain\n|upkeep\n|turn|8\n|\n|t:|1701098787\n|switch|p1b: Freddy fazbear|Indeedee-F, F|61\/100\n|-fieldstart|move: Psychic Terrain|[from] ability: Psychic Surge|[of] p1b: Freddy fazbear\n|move|p2a: Mandibuzz|Foul Play|p1b: Freddy fazbear\n|-supereffective|p1b: Freddy fazbear\n|-damage|p1b: Freddy fazbear|19\/100\n|move|p2b: Empoleon|Flash Cannon|p1a: Armarouge fr\n|-supereffective|p1a: Armarouge fr\n|-damage|p1a: Armarouge fr|7\/100\n|move|p1a: Armarouge fr|Expanding Force|p2a: Mandibuzz|[spread] p2b\n|-immune|p2a: Mandibuzz\n|-resisted|p2b: Empoleon\n|-damage|p2b: Empoleon|34\/100\n|\n|-weather|SunnyDay|[upkeep]\n|-heal|p2b: Empoleon|40\/100|[from] item: Leftovers\n|upkeep\n|turn|9\n|-message|Avrg enjoyer forfeited.\n|\n|win|fumbari 24\n|raw|Avrg enjoyer's rating: 1000 &rarr; <strong>1000<\/strong><br \/>(+0 for losing)\n|raw|fumbari 24's rating: 1161 &rarr; <strong>1175<\/strong><br \/>(+14 for winning)\n|l|\u2606Avrg enjoyer\n|l|\u2606fumbari 24\n|j|\u2606fumbari 24\n|player|p2|fumbari 24|hilbert\n","uploadtime":1701099185,"views":5,"p1id":"avrgenjoyer","p2id":"fumbari24","formatid":"gen9nationaldexdoubles","rating":1000,"private":0,"password":""}