{"id":"gen9nationaldexdoubles-1999697314","p1":"Waterboy2010","p2":"Theadonia","format":"[Gen 9] National Dex Doubles","log":"|j|\u2606Waterboy2010\n|j|\u2606Theadonia\n|t:|1701108730\n|gametype|doubles\n|player|p1|Waterboy2010|wallace|1067\n|player|p2|Theadonia|roxie|1163\n|teamsize|p1|6\n|teamsize|p2|6\n|gen|9\n|tier|[Gen 9] National Dex Doubles\n|rated|\n|rule|HP Percentage Mod: HP is shown in percentages\n|rule|Endless Battle Clause: Forcing endless battles is banned\n|rule|OHKO Clause: OHKO moves are banned\n|rule|Evasion Moves Clause: Evasion moves are banned\n|rule|Evasion Abilities Clause: Evasion abilities are banned\n|rule|Species Clause: Limit one of each Pok\u00e9mon\n|rule|Gravity Sleep Clause: The combination of sleep-inducing moves with imperfect accuracy and Gravity or Gigantamax Orbeetle are banned\n|clearpoke\n|poke|p1|Sudowoodo, M|\n|poke|p1|Jirachi|\n|poke|p1|Empoleon, M|\n|poke|p1|Infernape, M|\n|poke|p1|Garchomp, F|\n|poke|p1|Froslass, F|\n|poke|p2|Dodrio, F|\n|poke|p2|Oricorio-Sensu, F|\n|poke|p2|Barraskewda, M|\n|poke|p2|Riolu, F|\n|poke|p2|Cresselia, F|\n|poke|p2|Swoobat, F|\n|teampreview\n|\n|t:|1701108746\n|start\n|switch|p1a: Sudowoodo|Sudowoodo, M|100\/100\n|switch|p1b: Jirachi|Jirachi|100\/100\n|switch|p2a: Riolu|Riolu, F|100\/100\n|switch|p2b: Swoobat|Swoobat, F|100\/100\n|turn|1\n|\n|t:|1701108758\n|move|p2a: Riolu|Coaching|p2b: Swoobat\n|-boost|p2b: Swoobat|atk|2\n|-boost|p2b: Swoobat|def|2\n|move|p2b: Swoobat|Calm Mind|p2b: Swoobat\n|-boost|p2b: Swoobat|spa|2\n|-boost|p2b: Swoobat|spd|2\n|move|p1b: Jirachi|Stealth Rock|p2a: Riolu\n|-sidestart|p2: Theadonia|move: Stealth Rock\n|move|p1a: Sudowoodo|Head Smash|p2b: Swoobat\n|-supereffective|p2b: Swoobat\n|-enditem|p2b: Swoobat|Focus Sash\n|-damage|p2b: Swoobat|1\/100\n|\n|upkeep\n|turn|2\n|\n|t:|1701108779\n|move|p2a: Riolu|Vacuum Wave|p1a: Sudowoodo\n|-supereffective|p1a: Sudowoodo\n|-damage|p1a: Sudowoodo|72\/100\n|move|p1a: Sudowoodo|Sucker Punch|p2b: Swoobat\n|-supereffective|p2b: Swoobat\n|-damage|p2b: Swoobat|0 fnt\n|faint|p2b: Swoobat\n|move|p1b: Jirachi|Psychic|p2a: Riolu\n|-supereffective|p2a: Riolu\n|-damage|p2a: Riolu|0 fnt\n|faint|p2a: Riolu\n|\n|upkeep\n|\n|t:|1701108788\n|switch|p2b: Cresselia|Cresselia, F|100\/100\n|switch|p2a: Barraskewda|Barraskewda, M|100\/100\n|-damage|p2a: Barraskewda|88\/100|[from] Stealth Rock\n|-damage|p2b: Cresselia|88\/100|[from] Stealth Rock\n|turn|3\n|\n|t:|1701108799\n|move|p2a: Barraskewda|Liquidation|p1a: Sudowoodo\n|-supereffective|p1a: Sudowoodo\n|-damage|p1a: Sudowoodo|0 fnt\n|faint|p1a: Sudowoodo\n|move|p1b: Jirachi|Thunder Wave|p2a: Barraskewda\n|-status|p2a: Barraskewda|par\n|move|p2b: Cresselia|Calm Mind|p2b: Cresselia\n|-boost|p2b: Cresselia|spa|1\n|-boost|p2b: Cresselia|spd|1\n|\n|-heal|p2b: Cresselia|94\/100|[from] item: Leftovers\n|upkeep\n|\n|t:|1701108812\n|switch|p1a: Infernape|Infernape, M|100\/100\n|turn|4\n|\n|t:|1701108838\n|move|p1a: Infernape|Thunder Punch|p2a: Barraskewda\n|-supereffective|p2a: Barraskewda\n|-damage|p2a: Barraskewda|0 fnt\n|faint|p2a: Barraskewda\n|move|p1b: Jirachi|Thunder Wave|p2b: Cresselia|[miss]\n|-miss|p1b: Jirachi|p2b: Cresselia\n|move|p2b: Cresselia|Lunar Blessing|p2b: Cresselia\n|-heal|p2b: Cresselia|100\/100\n|\n|upkeep\n|\n|t:|1701108849\n|switch|p2a: Oricorio|Oricorio-Sensu, F, shiny|100\/100\n|-damage|p2a: Oricorio|75\/100|[from] Stealth Rock\n|turn|5\n|\n|t:|1701108860\n|-terastallize|p2a: Oricorio|Fairy\n|move|p1a: Infernape|Thunder Punch|p2a: Oricorio\n|-crit|p2a: Oricorio\n|-damage|p2a: Oricorio|38\/100\n|-status|p2a: Oricorio|par\n|move|p1b: Jirachi|Thunder Wave|p2b: Cresselia\n|-status|p2b: Cresselia|par\n|move|p2a: Oricorio|Quiver Dance|p2a: Oricorio\n|-boost|p2a: Oricorio|spa|1\n|-boost|p2a: Oricorio|spd|1\n|-boost|p2a: Oricorio|spe|1\n|move|p2b: Cresselia|Calm Mind|p2b: Cresselia\n|-boost|p2b: Cresselia|spa|1\n|-boost|p2b: Cresselia|spd|1\n|\n|upkeep\n|turn|6\n|\n|t:|1701108881\n|move|p1a: Infernape|Fire Punch|p2b: Cresselia\n|-damage|p2b: Cresselia|73\/100 par\n|move|p1b: Jirachi|Flash Cannon|p2a: Oricorio\n|-supereffective|p2a: Oricorio\n|-damage|p2a: Oricorio|0 fnt\n|faint|p2a: Oricorio\n|move|p2b: Cresselia|Lunar Blessing|p2b: Cresselia\n|-heal|p2b: Cresselia|98\/100 par\n|-curestatus|p2b: Cresselia|par|[msg]\n|\n|-heal|p2b: Cresselia|100\/100|[from] item: Leftovers\n|upkeep\n|\n|t:|1701108888\n|switch|p2a: Dodrio|Dodrio, F|100\/100\n|-damage|p2a: Dodrio|76\/100|[from] Stealth Rock\n|turn|7\n|\n|t:|1701108900\n|move|p2a: Dodrio|Fly||[still]\n|-prepare|p2a: Dodrio|Fly\n|move|p1a: Infernape|Thunder Punch|p2a: Dodrio|[miss]\n|-miss|p1a: Infernape|p2a: Dodrio\n|move|p1b: Jirachi|Thunder Wave|p2b: Cresselia\n|-status|p2b: Cresselia|par\n|move|p2b: Cresselia|Calm Mind|p2b: Cresselia\n|-boost|p2b: Cresselia|spa|1\n|-boost|p2b: Cresselia|spd|1\n|\n|-heal|p2a: Dodrio|82\/100|[from] item: Leftovers\n|upkeep\n|turn|8\n|\n|t:|1701108924\n|move|p2a: Dodrio|Fly|p1a: Infernape|[from]lockedmove\n|-supereffective|p1a: Infernape\n|-enditem|p1a: Infernape|Focus Sash\n|-damage|p1a: Infernape|1\/100\n|move|p1a: Infernape|Fire Punch|p2b: Cresselia\n|-damage|p2b: Cresselia|70\/100 par\n|move|p1b: Jirachi|Psychic|p2a: Dodrio\n|-damage|p2a: Dodrio|18\/100\n|move|p2b: Cresselia|Lunar Blessing|p2b: Cresselia|[spread] p2a,p2b\n|-heal|p2a: Dodrio|43\/100\n|-heal|p2b: Cresselia|95\/100 par\n|-curestatus|p2b: Cresselia|par|[msg]\n|\n|-heal|p2a: Dodrio|49\/100|[from] item: Leftovers\n|-heal|p2b: Cresselia|100\/100|[from] item: Leftovers\n|upkeep\n|turn|9\n|\n|t:|1701108951\n|move|p2a: Dodrio|Fly||[still]\n|-prepare|p2a: Dodrio|Fly\n|move|p1a: Infernape|Thunder Punch|p2a: Dodrio|[miss]\n|-miss|p1a: Infernape|p2a: Dodrio\n|move|p1b: Jirachi|Thunder Wave|p2a: Dodrio|[miss]\n|-miss|p1b: Jirachi|p2a: Dodrio\n|move|p2b: Cresselia|Dazzling Gleam|p1b: Jirachi|[spread] p1a,p1b\n|-crit|p1a: Infernape\n|-resisted|p1b: Jirachi\n|-damage|p1a: Infernape|0 fnt\n|-damage|p1b: Jirachi|83\/100\n|faint|p1a: Infernape\n|\n|-heal|p2a: Dodrio|55\/100|[from] item: Leftovers\n|-heal|p1b: Jirachi|90\/100|[from] item: Leftovers\n|upkeep\n|\n|t:|1701108967\n|switch|p1a: Froslass|Froslass, F|100\/100\n|-item|p1a: Froslass|Air Balloon\n|turn|10\n|\n|t:|1701108977\n|move|p1a: Froslass|Will-O-Wisp|p2b: Cresselia\n|-status|p2b: Cresselia|brn\n|move|p2a: Dodrio|Fly|p1b: Jirachi|[from]lockedmove\n|-resisted|p1b: Jirachi\n|-damage|p1b: Jirachi|72\/100\n|move|p1b: Jirachi|Psychic|p2a: Dodrio\n|-damage|p2a: Dodrio|0 fnt\n|faint|p2a: Dodrio\n|move|p2b: Cresselia|Stored Power|p1a: Froslass\n|-damage|p1a: Froslass|0 fnt\n|-start|p2b: Cresselia|Disable|Stored Power|[from] ability: Cursed Body|[of] p1a: Froslass\n|-enditem|p1a: Froslass|Air Balloon\n|faint|p1a: Froslass\n|\n|-heal|p1b: Jirachi|78\/100|[from] item: Leftovers\n|-damage|p2b: Cresselia|94\/100 brn|[from] brn\n|upkeep\n|\n|t:|1701108997\n|switch|p1a: Empoleon|Empoleon, M|100\/100\n|turn|11\n|\n|t:|1701109006\n|move|p1b: Jirachi|Flash Cannon|p2b: Cresselia\n|-damage|p2b: Cresselia|86\/100 brn\n|move|p2b: Cresselia|Lunar Blessing|p2b: Cresselia\n|-heal|p2b: Cresselia|100\/100 brn\n|-curestatus|p2b: Cresselia|brn|[msg]\n|move|p1a: Empoleon|Scald|p2b: Cresselia\n|-damage|p2b: Cresselia|88\/100\n|\n|-heal|p1b: Jirachi|84\/100|[from] item: Leftovers\n|-heal|p2b: Cresselia|94\/100|[from] item: Leftovers\n|upkeep\n|turn|12\n|\n|t:|1701109027\n|switch|p1a: Garchomp|Garchomp, F|100\/100\n|move|p1b: Jirachi|Thunder Wave|p2b: Cresselia\n|-status|p2b: Cresselia|par\n|move|p2b: Cresselia|Calm Mind|p2b: Cresselia\n|-boost|p2b: Cresselia|spa|1\n|-boost|p2b: Cresselia|spd|1\n|\n|-heal|p1b: Jirachi|91\/100|[from] item: Leftovers\n|-heal|p2b: Cresselia|100\/100 par|[from] item: Leftovers\n|upkeep\n|turn|13\n|\n|t:|1701109048\n|move|p1a: Garchomp|Dragon Claw|p2b: Cresselia\n|-damage|p2b: Cresselia|72\/100 par\n|move|p1b: Jirachi|Psychic|p2b: Cresselia\n|-resisted|p2b: Cresselia\n|-damage|p2b: Cresselia|68\/100 par\n|-unboost|p2b: Cresselia|spd|1\n|move|p2b: Cresselia|Dazzling Gleam|p1b: Jirachi|[spread] p1a,p1b\n|-supereffective|p1a: Garchomp\n|-resisted|p1b: Jirachi\n|-damage|p1a: Garchomp|0 fnt\n|-damage|p1b: Jirachi|69\/100\n|faint|p1a: Garchomp\n|\n|-heal|p1b: Jirachi|75\/100|[from] item: Leftovers\n|-heal|p2b: Cresselia|74\/100 par|[from] item: Leftovers\n|-end|p2b: Cresselia|Disable\n|upkeep\n|\n|t:|1701109064\n|switch|p1a: Empoleon|Empoleon, M|100\/100\n|turn|14\n|\n|t:|1701109077\n|move|p1b: Jirachi|Flash Cannon|p2b: Cresselia\n|-damage|p2b: Cresselia|66\/100 par\n|move|p1a: Empoleon|Ice Beam|p2b: Cresselia\n|-damage|p2b: Cresselia|57\/100 par\n|move|p2b: Cresselia|Lunar Blessing|p2b: Cresselia\n|-heal|p2b: Cresselia|82\/100 par\n|-curestatus|p2b: Cresselia|par|[msg]\n|\n|-heal|p1b: Jirachi|81\/100|[from] item: Leftovers\n|-heal|p2b: Cresselia|88\/100|[from] item: Leftovers\n|upkeep\n|turn|15\n|\n|t:|1701109092\n|move|p1b: Jirachi|Thunder Wave|p2b: Cresselia\n|-status|p2b: Cresselia|par\n|move|p1a: Empoleon|Ice Beam|p2b: Cresselia\n|-damage|p2b: Cresselia|80\/100 par\n|move|p2b: Cresselia|Stored Power|p1a: Empoleon\n|-resisted|p1a: Empoleon\n|-damage|p1a: Empoleon|11\/100\n|\n|-heal|p1b: Jirachi|87\/100|[from] item: Leftovers\n|-heal|p2b: Cresselia|86\/100 par|[from] item: Leftovers\n|upkeep\n|turn|16\n|\n|t:|1701109118\n|move|p1b: Jirachi|Flash Cannon|p2b: Cresselia\n|-damage|p2b: Cresselia|76\/100 par\n|-unboost|p2b: Cresselia|spd|1\n|move|p1a: Empoleon|Ice Beam|p2b: Cresselia\n|-damage|p2b: Cresselia|66\/100 par\n|move|p2b: Cresselia|Dazzling Gleam|p1b: Jirachi|[spread] p1a,p1b\n|-resisted|p1a: Empoleon\n|-resisted|p1b: Jirachi\n|-damage|p1a: Empoleon|0 fnt\n|-damage|p1b: Jirachi|65\/100\n|faint|p1a: Empoleon\n|\n|-heal|p1b: Jirachi|71\/100|[from] item: Leftovers\n|-heal|p2b: Cresselia|72\/100 par|[from] item: Leftovers\n|upkeep\n|turn|17\n|\n|t:|1701109133\n|move|p1b: Jirachi|Flash Cannon|p2b: Cresselia\n|-damage|p2b: Cresselia|62\/100 par\n|move|p2b: Cresselia|Stored Power|p1b: Jirachi\n|-resisted|p1b: Jirachi\n|-damage|p1b: Jirachi|33\/100\n|\n|-heal|p1b: Jirachi|40\/100|[from] item: Leftovers\n|-heal|p2b: Cresselia|68\/100 par|[from] item: Leftovers\n|upkeep\n|turn|18\n|\n|t:|1701109144\n|move|p1b: Jirachi|Flash Cannon|p2b: Cresselia\n|-damage|p2b: Cresselia|57\/100 par\n|cant|p2b: Cresselia|par\n|\n|-heal|p1b: Jirachi|46\/100|[from] item: Leftovers\n|-heal|p2b: Cresselia|63\/100 par|[from] item: Leftovers\n|upkeep\n|turn|19\n|\n|t:|1701109158\n|move|p1b: Jirachi|Flash Cannon|p2b: Cresselia\n|-damage|p2b: Cresselia|54\/100 par\n|move|p2b: Cresselia|Lunar Blessing|p2b: Cresselia\n|-heal|p2b: Cresselia|79\/100 par\n|-curestatus|p2b: Cresselia|par|[msg]\n|\n|-heal|p1b: Jirachi|52\/100|[from] item: Leftovers\n|-heal|p2b: Cresselia|85\/100|[from] item: Leftovers\n|upkeep\n|turn|20\n|\n|t:|1701109170\n|move|p1b: Jirachi|Flash Cannon|p2b: Cresselia\n|-damage|p2b: Cresselia|75\/100\n|move|p2b: Cresselia|Stored Power|p1b: Jirachi\n|-resisted|p1b: Jirachi\n|-damage|p1b: Jirachi|18\/100\n|\n|-heal|p1b: Jirachi|24\/100|[from] item: Leftovers\n|-heal|p2b: Cresselia|81\/100|[from] item: Leftovers\n|upkeep\n|turn|21\n|c|\u2606Waterboy2010|This is why I hate creselia\n|\n|t:|1701109207\n|move|p1b: Jirachi|Flash Cannon|p2b: Cresselia\n|-damage|p2b: Cresselia|71\/100\n|move|p2b: Cresselia|Stored Power|p1b: Jirachi\n|-resisted|p1b: Jirachi\n|-damage|p1b: Jirachi|0 fnt\n|faint|p1b: Jirachi\n|\n|win|Theadonia\n|raw|Waterboy2010's rating: 1067 &rarr; <strong>1052<\/strong><br \/>(-15 for losing)\n|raw|Theadonia's rating: 1163 &rarr; <strong>1181<\/strong><br \/>(+18 for winning)\n|c|\u2606Theadonia|Ggwp\n|l|\u2606Waterboy2010\n","uploadtime":1701109215,"views":0,"p1id":"waterboy2010","p2id":"theadonia","formatid":"gen9nationaldexdoubles","rating":1052,"private":0,"password":""}