{"id":"gen9nationaldexdoubles-1971360234","p1":"Azh3","p2":"Yu hung lo","format":"[Gen 9] National Dex Doubles","log":"|j|\u2606Azh3\n|j|\u2606Yu hung lo\n|t:|1697732374\n|gametype|doubles\n|player|p1|Azh3|swimmerf-gen4|1425\n|player|p2|Yu hung lo|janitor|1441\n|teamsize|p1|6\n|teamsize|p2|6\n|gen|9\n|tier|[Gen 9] National Dex Doubles\n|rated|\n|rule|HP Percentage Mod: HP is shown in percentages\n|rule|Endless Battle Clause: Forcing endless battles is banned\n|rule|OHKO Clause: OHKO moves are banned\n|rule|Evasion Moves Clause: Evasion moves are banned\n|rule|Evasion Abilities Clause: Evasion abilities are banned\n|rule|Species Clause: Limit one of each Pok\u00e9mon\n|rule|Gravity Sleep Clause: The combination of sleep-inducing moves with imperfect accuracy and Gravity or Gigantamax Orbeetle are banned\n|clearpoke\n|poke|p1|Sinistcha-Masterpiece|\n|poke|p1|Stakataka|\n|poke|p1|Okidogi, M|\n|poke|p1|Incineroar, F|\n|poke|p1|Palafin, M|\n|poke|p1|Ampharos, M|\n|poke|p2|Charizard, M|\n|poke|p2|Walking Wake|\n|poke|p2|Ogerpon, F|\n|poke|p2|Grimmsnarl, M|\n|poke|p2|Incineroar, M|\n|poke|p2|Rillaboom, F|\n|teampreview\n|inactive|Battle timer is ON: inactive players will automatically lose when time's up. (requested by Azh3)\n|inactive|Yu hung lo has 120 seconds left.\n|\n|t:|1697732411\n|start\n|switch|p1a: Stakataka|Stakataka|100\/100\n|switch|p1b: Okidogi|Okidogi, M|100\/100\n|switch|p2a: Grimmsnarl|Grimmsnarl, M|100\/100\n|switch|p2b: Walking Wake|Walking Wake|100\/100\n|turn|1\n|\n|t:|1697732428\n|-terastallize|p1a: Stakataka|Ghost\n|move|p2a: Grimmsnarl|Reflect|p2a: Grimmsnarl\n|-sidestart|p2: Yu hung lo|Reflect\n|move|p2b: Walking Wake|Draco Meteor|p1b: Okidogi|[miss]\n|-miss|p2b: Walking Wake|p1b: Okidogi\n|move|p1b: Okidogi|Poison Jab|p2a: Grimmsnarl\n|-supereffective|p2a: Grimmsnarl\n|-damage|p2a: Grimmsnarl|43\/100\n|move|p1a: Stakataka|Trick Room|p1a: Stakataka\n|-fieldstart|move: Trick Room|[of] p1a: Stakataka\n|\n|upkeep\n|turn|2\n|\n|t:|1697732458\n|move|p2a: Grimmsnarl|Parting Shot|p1b: Okidogi\n|-unboost|p1b: Okidogi|atk|1\n|-unboost|p1b: Okidogi|spa|1\n|\n|t:|1697732471\n|switch|p2a: Rillaboom|Rillaboom, F|100\/100|[from] Parting Shot\n|-fieldstart|move: Grassy Terrain|[from] ability: Grassy Surge|[of] p2a: Rillaboom\n|move|p1a: Stakataka|Rock Slide|p2a: Rillaboom|[spread] p2a,p2b\n|-damage|p2a: Rillaboom|80\/100\n|-damage|p2b: Walking Wake|77\/100\n|move|p1b: Okidogi|Poison Jab|p2a: Rillaboom\n|-supereffective|p2a: Rillaboom\n|-damage|p2a: Rillaboom|44\/100\n|move|p2b: Walking Wake|Draco Meteor|p1b: Okidogi\n|-damage|p1b: Okidogi|39\/100\n|-unboost|p2b: Walking Wake|spa|2\n|\n|-heal|p1b: Okidogi|45\/100|[from] Grassy Terrain\n|-heal|p2a: Rillaboom|50\/100|[from] Grassy Terrain\n|-heal|p2b: Walking Wake|83\/100|[from] Grassy Terrain\n|upkeep\n|turn|3\n|\n|t:|1697732491\n|switch|p1b: Incineroar|Incineroar, F|100\/100\n|-ability|p1b: Incineroar|Intimidate|boost\n|-unboost|p2a: Rillaboom|atk|1\n|-unboost|p2b: Walking Wake|atk|1\n|move|p2a: Rillaboom|Fake Out|p1b: Incineroar\n|-damage|p1b: Incineroar|93\/100\n|move|p1a: Stakataka|Gyro Ball|p2a: Rillaboom\n|-damage|p2a: Rillaboom|0 fnt\n|faint|p2a: Rillaboom\n|-ability|p1a: Stakataka|Beast Boost|boost\n|-boost|p1a: Stakataka|atk|1\n|move|p2b: Walking Wake|Draco Meteor|p1b: Incineroar\n|-damage|p1b: Incineroar|56\/100\n|-unboost|p2b: Walking Wake|spa|2\n|\n|-heal|p1b: Incineroar|62\/100|[from] Grassy Terrain\n|-heal|p2b: Walking Wake|89\/100|[from] Grassy Terrain\n|upkeep\n|\n|t:|1697732501\n|switch|p2a: Incineroar|Incineroar, M|100\/100\n|-ability|p2a: Incineroar|Intimidate|boost\n|-fail|p1a: Stakataka|unboost|[from] item: Clear Amulet|[of] p1a: Stakataka\n|-unboost|p1b: Incineroar|atk|1\n|turn|4\n|\n|t:|1697732514\n|switch|p1b: Palafin|Palafin, M|100\/100\n|-end|p2b: Walking Wake|Protosynthesis|[silent]\n|switch|p2b: Ogerpon|Ogerpon, F|100\/100\n|move|p1a: Stakataka|Rock Slide|p2b: Ogerpon|[spread] \n|-miss|p1a: Stakataka|p2a: Incineroar\n|-miss|p1a: Stakataka|p2b: Ogerpon\n|move|p2a: Incineroar|Knock Off|p1a: Stakataka\n|-supereffective|p1a: Stakataka\n|-damage|p1a: Stakataka|49\/100\n|-enditem|p1a: Stakataka|Clear Amulet|[from] move: Knock Off|[of] p2a: Incineroar\n|\n|-heal|p1a: Stakataka|55\/100|[from] Grassy Terrain\n|upkeep\n|turn|5\n|inactive|Yu hung lo has 120 seconds left.\n|\n|t:|1697732559\n|switch|p2a: Walking Wake|Walking Wake|89\/100\n|detailschange|p1b: Palafin|Palafin-Hero, M\n|switch|p1b: Incineroar|Incineroar, F|62\/100\n|-ability|p1b: Incineroar|Intimidate|boost\n|-unboost|p2a: Walking Wake|atk|1\n|-unboost|p2b: Ogerpon|atk|1\n|-ability|p2b: Ogerpon|Defiant|boost\n|-boost|p2b: Ogerpon|atk|2\n|move|p1a: Stakataka|Gyro Ball|p2b: Ogerpon\n|-damage|p2b: Ogerpon|0 fnt\n|faint|p2b: Ogerpon\n|-ability|p1a: Stakataka|Beast Boost|boost\n|-boost|p1a: Stakataka|atk|1\n|\n|-heal|p1a: Stakataka|61\/100|[from] Grassy Terrain\n|-heal|p1b: Incineroar|69\/100|[from] Grassy Terrain\n|-heal|p2a: Walking Wake|95\/100|[from] Grassy Terrain\n|-fieldend|move: Trick Room\n|upkeep\n|\n|t:|1697732574\n|switch|p2b: Charizard|Charizard, M|100\/100\n|turn|6\n|\n|t:|1697732582\n|detailschange|p2b: Charizard|Charizard-Mega-Y, M\n|-mega|p2b: Charizard|Charizard|Charizardite Y\n|-weather|SunnyDay|[from] ability: Drought|[of] p2b: Charizard\n|-activate|p2a: Walking Wake|ability: Protosynthesis\n|-start|p2a: Walking Wake|protosynthesisspe\n|-terastallize|p2a: Walking Wake|Water\n|move|p1b: Incineroar|Fake Out|p2a: Walking Wake\n|-damage|p2a: Walking Wake|88\/100\n|cant|p2a: Walking Wake|flinch\n|move|p2b: Charizard|Heat Wave|p1a: Stakataka|[spread] p1a\n|-miss|p2b: Charizard|p1b: Incineroar\n|-damage|p1a: Stakataka|0 fnt\n|faint|p1a: Stakataka\n|\n|-weather|SunnyDay|[upkeep]\n|-heal|p2a: Walking Wake|94\/100|[from] Grassy Terrain\n|-heal|p1b: Incineroar|75\/100|[from] Grassy Terrain\n|-fieldend|move: Grassy Terrain\n|upkeep\n|\n|t:|1697732603\n|switch|p1a: Ampharos|Ampharos, M|100\/100\n|turn|7\n|\n|t:|1697732629\n|switch|p1b: Palafin|Palafin-Hero, M|100\/100\n|-activate|p1b: Palafin|ability: Zero to Hero\n|detailschange|p1a: Ampharos|Ampharos-Mega, M\n|-mega|p1a: Ampharos|Ampharos|Ampharosite\n|-ability|p1a: Ampharos|Mold Breaker\n|move|p2a: Walking Wake|Draco Meteor|p1a: Ampharos\n|-supereffective|p1a: Ampharos\n|-damage|p1a: Ampharos|0 fnt\n|-unboost|p2a: Walking Wake|spa|2\n|faint|p1a: Ampharos\n|move|p2b: Charizard|Heat Wave|p1b: Palafin\n|-resisted|p1b: Palafin\n|-damage|p1b: Palafin|57\/100\n|-status|p1b: Palafin|brn\n|\n|-weather|SunnyDay|[upkeep]\n|-heal|p1b: Palafin|63\/100 brn|[from] item: Leftovers\n|-damage|p1b: Palafin|57\/100 brn|[from] brn\n|upkeep\n|\n|t:|1697732643\n|switch|p1a: Sinistcha|Sinistcha-Masterpiece|100\/100\n|-heal|p1b: Palafin|82\/100 brn|[from] ability: Hospitality|[of] p1a: Sinistcha\n|turn|8\n|\n|t:|1697732665\n|-end|p2a: Walking Wake|Protosynthesis|[silent]\n|switch|p2a: Incineroar|Incineroar, M|100\/100\n|-ability|p2a: Incineroar|Intimidate|boost\n|-unboost|p1a: Sinistcha|atk|1\n|-unboost|p1b: Palafin|atk|1\n|switch|p1b: Incineroar|Incineroar, F|75\/100\n|-ability|p1b: Incineroar|Intimidate|boost\n|-unboost|p2a: Incineroar|atk|1\n|-unboost|p2b: Charizard|atk|1\n|switch|p1a: Okidogi|Okidogi, M|45\/100\n|move|p2b: Charizard|Heat Wave|p1a: Okidogi|[spread] p1a,p1b\n|-resisted|p1b: Incineroar\n|-damage|p1a: Okidogi|0 fnt\n|-damage|p1b: Incineroar|48\/100\n|faint|p1a: Okidogi\n|\n|-weather|SunnyDay|[upkeep]\n|-sideend|p2: Yu hung lo|Reflect\n|upkeep\n|\n|t:|1697732670\n|switch|p1a: Sinistcha|Sinistcha-Masterpiece|100\/100\n|-heal|p1b: Incineroar|73\/100|[from] ability: Hospitality|[of] p1a: Sinistcha\n|turn|9\n|\n|t:|1697732684\n|move|p1b: Incineroar|Fake Out|p2b: Charizard\n|-damage|p2b: Charizard|85\/100\n|cant|p2b: Charizard|flinch\n|move|p2a: Incineroar|Knock Off|p1a: Sinistcha\n|-supereffective|p1a: Sinistcha\n|-damage|p1a: Sinistcha|50\/100\n|-enditem|p1a: Sinistcha|Sitrus Berry|[from] move: Knock Off|[of] p2a: Incineroar\n|move|p1a: Sinistcha|Trick Room|p1a: Sinistcha\n|-fieldstart|move: Trick Room|[of] p1a: Sinistcha\n|\n|-weather|SunnyDay|[upkeep]\n|upkeep\n|turn|10\n|l|\u2606Azh3\n|inactive|Azh3 disconnected and has a minute to reconnect!\n|player|p1|\n|j| Zingk\n|l| Zingk\n|inactive|Azh3 has 30 seconds to reconnect!\n|inactive|Azh3 has 20 seconds to reconnect!\n|inactive|Azh3 has 15 seconds to reconnect!\n|inactive|Azh3 has 10 seconds to reconnect!\n|inactive|Azh3 has 5 seconds to reconnect!\n|c|\u2606Yu hung lo|(v-3-) zzzz\n|-message|Azh3 lost due to inactivity.\n|\n|win|Yu hung lo\n|raw|Azh3's rating: 1425 &rarr; <strong>1406<\/strong><br \/>(-19 for losing)\n|raw|Yu hung lo's rating: 1441 &rarr; <strong>1460<\/strong><br \/>(+19 for winning)\n","uploadtime":1697732771,"views":6,"p1id":"azh3","p2id":"yuhunglo","formatid":"gen9nationaldexdoubles","rating":1406,"private":0,"password":""}