{"id":"gen9nationaldexdoubles-1965279057","p1":"ChronoTrigonometry","p2":"annoying oranje","format":"[Gen 9] National Dex Doubles","log":"|j|\u2606ChronoTrigonometry\n|j|\u2606annoying oranje\n|t:|1697056982\n|gametype|doubles\n|player|p1|ChronoTrigonometry|riley|\n|player|p2|annoying oranje|caitlin|\n|teamsize|p1|6\n|teamsize|p2|6\n|gen|9\n|tier|[Gen 9] National Dex Doubles\n|rule|HP Percentage Mod: HP is shown in percentages\n|rule|Endless Battle Clause: Forcing endless battles is banned\n|rule|OHKO Clause: OHKO moves are banned\n|rule|Evasion Moves Clause: Evasion moves are banned\n|rule|Evasion Abilities Clause: Evasion abilities are banned\n|rule|Species Clause: Limit one of each Pok\u00e9mon\n|rule|Gravity Sleep Clause: The combination of sleep-inducing moves with imperfect accuracy and Gravity or Gigantamax Orbeetle are banned\n|clearpoke\n|poke|p1|Metagross|\n|poke|p1|Indeedee-F, F|\n|poke|p1|Dragonite, M|\n|poke|p1|Gholdengo|\n|poke|p1|Flamigo, M|\n|poke|p1|Amoonguss, M|\n|poke|p2|Maushold-Four|\n|poke|p2|Landorus-Therian, M|\n|poke|p2|Whimsicott, F|\n|poke|p2|Marshadow|\n|poke|p2|Virizion|\n|poke|p2|Terrakion|\n|teampreview\n|j| Green133\n|l| Green133\n|j| 18bluecat\n|j| Green133\n|j| Specific360\n|\n|t:|1697057027\n|start\n|switch|p1a: big meaty claws|Metagross|100\/100\n|switch|p1b: jajaja|Indeedee-F, F, shiny|100\/100\n|switch|p2a: Lando Calrissian|Landorus-Therian, M|100\/100\n|switch|p2b: Dugtrio mice|Maushold-Four|100\/100\n|-ability|p2a: Lando Calrissian|Intimidate|boost\n|-fail|p1a: big meaty claws|unboost|[from] ability: Clear Body|[of] p1a: big meaty claws\n|-unboost|p1b: jajaja|atk|1\n|-fieldstart|move: Psychic Terrain|[from] ability: Psychic Surge|[of] p1b: jajaja\n|-enditem|p1b: jajaja|Psychic Seed\n|-boost|p1b: jajaja|spd|1|[from] item: Psychic Seed\n|turn|1\n|j| AustralianJesus\n|\n|t:|1697057163\n|detailschange|p1a: big meaty claws|Metagross-Mega\n|-mega|p1a: big meaty claws|Metagross|Metagrossite\n|-terastallize|p2b: Dugtrio mice|Normal\n|-terastallize|p1b: jajaja|Steel\n|move|p1b: jajaja|Follow Me|p1b: jajaja\n|-singleturn|p1b: jajaja|move: Follow Me\n|move|p2b: Dugtrio mice|Population Bomb|p1b: jajaja\n|-resisted|p1b: jajaja\n|-damage|p1b: jajaja|96\/100\n|-resisted|p1b: jajaja\n|-damage|p1b: jajaja|90\/100\n|-resisted|p1b: jajaja\n|-damage|p1b: jajaja|85\/100\n|-resisted|p1b: jajaja\n|-damage|p1b: jajaja|80\/100\n|-resisted|p1b: jajaja\n|-crit|p1b: jajaja\n|-damage|p1b: jajaja|71\/100\n|-resisted|p1b: jajaja\n|-damage|p1b: jajaja|66\/100\n|-resisted|p1b: jajaja\n|-damage|p1b: jajaja|61\/100\n|-resisted|p1b: jajaja\n|-damage|p1b: jajaja|56\/100\n|-resisted|p1b: jajaja\n|-damage|p1b: jajaja|50\/100\n|-resisted|p1b: jajaja\n|-damage|p1b: jajaja|46\/100\n|-hitcount|p1b: jajaja|10\n|move|p2a: Lando Calrissian|U-turn|p1b: jajaja\n|-resisted|p1b: jajaja\n|-damage|p1b: jajaja|34\/100\n|j| Sasha_Notices\n|\n|t:|1697057192\n|switch|p2a: Yummy in my tummy|Marshadow|100\/100|[from] U-turn\n|move|p1a: big meaty claws|Agility|p1a: big meaty claws\n|-boost|p1a: big meaty claws|spe|2\n|\n|upkeep\n|turn|2\n|\n|t:|1697057232\n|switch|p1a: imposter|Amoonguss, M, shiny|100\/100\n|move|p2a: Yummy in my tummy|Shadow Sneak|p1b: jajaja\n|-activate|p1b: jajaja|move: Psychic Terrain\n|move|p2b: Dugtrio mice|Population Bomb|p1a: imposter\n|-damage|p1a: imposter|92\/100\n|-damage|p1a: imposter|82\/100\n|-damage|p1a: imposter|73\/100\n|-damage|p1a: imposter|65\/100\n|-damage|p1a: imposter|56\/100\n|-damage|p1a: imposter|46\/100\n|-damage|p1a: imposter|38\/100\n|-crit|p1a: imposter\n|-damage|p1a: imposter|24\/100\n|-crit|p1a: imposter\n|-damage|p1a: imposter|11\/100\n|-damage|p1a: imposter|3\/100\n|-hitcount|p1a: imposter|10\n|move|p1b: jajaja|Expanding Force|p2b: Dugtrio mice|[spread] p2a,p2b\n|-supereffective|p2a: Yummy in my tummy\n|-damage|p2a: Yummy in my tummy|7\/100\n|-damage|p2b: Dugtrio mice|52\/100\n|\n|-heal|p1a: imposter|9\/100|[from] item: Leftovers\n|upkeep\n|turn|3\n|\n|t:|1697057285\n|switch|p2a: Honse|Virizion|100\/100\n|switch|p1a: cheese stick|Gholdengo|100\/100\n|-item|p1a: cheese stick|Air Balloon\n|move|p1b: jajaja|Protect|p1b: jajaja\n|-singleturn|p1b: jajaja|Protect\n|move|p2b: Dugtrio mice|Beat Up|p2a: Honse\n|-resisted|p2a: Honse\n|-damage|p2a: Honse|98\/100\n|-ability|p2a: Honse|Justified|boost\n|-boost|p2a: Honse|atk|1\n|-resisted|p2a: Honse\n|-damage|p2a: Honse|96\/100\n|-ability|p2a: Honse|Justified|boost\n|-boost|p2a: Honse|atk|1\n|-resisted|p2a: Honse\n|-damage|p2a: Honse|93\/100\n|-ability|p2a: Honse|Justified|boost\n|-boost|p2a: Honse|atk|1\n|-resisted|p2a: Honse\n|-damage|p2a: Honse|90\/100\n|-ability|p2a: Honse|Justified|boost\n|-boost|p2a: Honse|atk|1\n|-resisted|p2a: Honse\n|-damage|p2a: Honse|87\/100\n|-ability|p2a: Honse|Justified|boost\n|-boost|p2a: Honse|atk|1\n|-resisted|p2a: Honse\n|-damage|p2a: Honse|84\/100\n|-ability|p2a: Honse|Justified|boost\n|-boost|p2a: Honse|atk|1\n|-hitcount|p2a: Honse|6\n|\n|upkeep\n|turn|4\n|l| Green133\n|\n|t:|1697057426\n|move|p1b: jajaja|Follow Me|p1b: jajaja\n|-singleturn|p1b: jajaja|move: Follow Me\n|move|p2b: Dugtrio mice|Population Bomb|p1b: jajaja\n|-resisted|p1b: jajaja\n|-damage|p1b: jajaja|28\/100\n|-resisted|p1b: jajaja\n|-damage|p1b: jajaja|23\/100\n|-resisted|p1b: jajaja\n|-damage|p1b: jajaja|17\/100\n|-resisted|p1b: jajaja\n|-damage|p1b: jajaja|12\/100\n|-resisted|p1b: jajaja\n|-damage|p1b: jajaja|7\/100\n|-resisted|p1b: jajaja\n|-damage|p1b: jajaja|2\/100\n|-resisted|p1b: jajaja\n|-damage|p1b: jajaja|0 fnt\n|faint|p1b: jajaja\n|-hitcount|p1: jajaja|7\n|move|p2a: Honse|Leaf Blade|p1a: cheese stick\n|-resisted|p1a: cheese stick\n|-damage|p1a: cheese stick|34\/100\n|-enditem|p1a: cheese stick|Air Balloon\n|move|p1a: cheese stick|Make It Rain|p2a: Honse|[spread] p2a,p2b\n|-damage|p2a: Honse|59\/100\n|-damage|p2b: Dugtrio mice|0 fnt\n|-unboost|p1a: cheese stick|spa|1\n|faint|p2b: Dugtrio mice\n|\n|upkeep\n|j| Green133\n|l| Green133\n|l| 18bluecat\n|j| Green133\n|\n|t:|1697057595\n|switch|p2b: Lando Calrissian|Landorus-Therian, M|100\/100\n|switch|p1b: imposter|Amoonguss, M, shiny|42\/100\n|-ability|p2b: Lando Calrissian|Intimidate|boost\n|-unboost|p1a: cheese stick|atk|1\n|-unboost|p1b: imposter|atk|1\n|turn|5\n|\n|t:|1697057695\n|move|p1b: imposter|Protect|p1b: imposter\n|-singleturn|p1b: imposter|Protect\n|move|p2a: Honse|X-Scissor|p1b: imposter\n|-activate|p1b: imposter|move: Protect\n|move|p2b: Lando Calrissian|Taunt|p1a: cheese stick\n|-immune|p1a: cheese stick|[from] ability: Good as Gold\n|move|p1a: cheese stick|Shadow Ball|p2a: Honse\n|-damage|p2a: Honse|43\/100\n|\n|-heal|p1b: imposter|49\/100|[from] item: Leftovers\n|-fieldend|move: Psychic Terrain\n|upkeep\n|turn|6\n|\n|t:|1697057763\n|switch|p1b: big meaty claws|Metagross-Mega|100\/100\n|move|p2a: Honse|X-Scissor|p1b: big meaty claws\n|-damage|p1b: big meaty claws|42\/100\n|move|p2b: Lando Calrissian|U-turn|p1b: big meaty claws\n|-damage|p1b: big meaty claws|24\/100\n|\n|t:|1697057793\n|switch|p2b: NeighborhoodThreat|Whimsicott, F|100\/100|[from] U-turn\n|move|p1a: cheese stick|Make It Rain|p2a: Honse|[spread] p2a,p2b\n|-supereffective|p2b: NeighborhoodThreat\n|-damage|p2a: Honse|25\/100\n|-damage|p2b: NeighborhoodThreat|21\/100\n|-unboost|p1a: cheese stick|spa|1\n|\n|upkeep\n|turn|7\n|l| Green133\n|\n|t:|1697057842\n|move|p2b: NeighborhoodThreat|Encore|p1a: cheese stick\n|-immune|p1a: cheese stick|[from] ability: Good as Gold\n|move|p2a: Honse|Close Combat|p1b: big meaty claws\n|-damage|p1b: big meaty claws|0 fnt\n|-unboost|p2a: Honse|def|1\n|-unboost|p2a: Honse|spd|1\n|faint|p1b: big meaty claws\n|move|p1a: cheese stick|Make It Rain|p2a: Honse|[spread] p2a,p2b\n|-supereffective|p2b: NeighborhoodThreat\n|-damage|p2a: Honse|7\/100\n|-damage|p2b: NeighborhoodThreat|0 fnt\n|-unboost|p1a: cheese stick|spa|1\n|faint|p2b: NeighborhoodThreat\n|\n|upkeep\n|j| Green133\n|\n|t:|1697057874\n|switch|p2b: Yummy in my tummy|Marshadow|7\/100\n|switch|p1b: deez nites|Dragonite, M|100\/100\n|turn|8\n|\n|t:|1697057975\n|switch|p2b: Millhouse|Terrakion|100\/100\n|switch|p2a: Lando Calrissian|Landorus-Therian, M|100\/100\n|-ability|p2a: Lando Calrissian|Intimidate|boost\n|-unboost|p1a: cheese stick|atk|1\n|-fail|p1b: deez nites|unboost|[from] item: Clear Amulet|[of] p1b: deez nites\n|move|p1b: deez nites|Extreme Speed|p2a: Lando Calrissian\n|-damage|p2a: Lando Calrissian|66\/100\n|move|p1a: cheese stick|Shadow Ball|p2b: Millhouse\n|-damage|p2b: Millhouse|83\/100\n|\n|upkeep\n|turn|9\n|\n|t:|1697058024\n|switch|p1b: imposter|Amoonguss, M, shiny|82\/100\n|move|p2b: Millhouse|Rock Slide|p1a: cheese stick|[spread] p1b\n|-miss|p2b: Millhouse|p1a: cheese stick\n|-damage|p1b: imposter|61\/100\n|move|p2a: Lando Calrissian|Rock Slide|p1b: imposter|[spread] p1a,p1b\n|-resisted|p1a: cheese stick\n|-damage|p1a: cheese stick|23\/100\n|-damage|p1b: imposter|45\/100\n|move|p1a: cheese stick|Make It Rain|p2a: Lando Calrissian|[spread] p2a,p2b\n|-supereffective|p2b: Millhouse\n|-damage|p2a: Lando Calrissian|43\/100\n|-damage|p2b: Millhouse|38\/100\n|-unboost|p1a: cheese stick|spa|1\n|-enditem|p2b: Millhouse|Sitrus Berry|[eat]\n|-heal|p2b: Millhouse|62\/100|[from] item: Sitrus Berry\n|-enditem|p2a: Lando Calrissian|Sitrus Berry|[eat]\n|-heal|p2a: Lando Calrissian|68\/100|[from] item: Sitrus Berry\n|\n|-heal|p1b: imposter|51\/100|[from] item: Leftovers\n|upkeep\n|turn|10\n|\n|t:|1697058122\n|move|p1b: imposter|Protect|p1b: imposter\n|-singleturn|p1b: imposter|Protect\n|move|p2b: Millhouse|Rock Slide|p1b: imposter|[spread] p1a\n|-activate|p1b: imposter|move: Protect\n|-resisted|p1a: cheese stick\n|-damage|p1a: cheese stick|10\/100\n|move|p2a: Lando Calrissian|Rock Slide|p1a: cheese stick|[spread] p1a\n|-activate|p1b: imposter|move: Protect\n|-resisted|p1a: cheese stick\n|-damage|p1a: cheese stick|0 fnt\n|faint|p1a: cheese stick\n|\n|-heal|p1b: imposter|57\/100|[from] item: Leftovers\n|upkeep\n|\n|t:|1697058136\n|switch|p1a: amigo|Flamigo, M|100\/100\n|-copyboost|p1a: amigo|p1b: imposter|[from] ability: Costar\n|turn|11\n|\n|t:|1697058146\n|move|p1a: amigo|Detect|p1a: amigo\n|-singleturn|p1a: amigo|Protect\n|move|p2b: Millhouse|Rock Slide|p1a: amigo|[spread] p1b\n|-activate|p1a: amigo|move: Protect\n|-damage|p1b: imposter|35\/100\n|move|p2a: Lando Calrissian|Rock Slide|p1a: amigo|[spread] p1b\n|-activate|p1a: amigo|move: Protect\n|-damage|p1b: imposter|17\/100\n|cant|p1b: imposter|flinch\n|\n|-heal|p1b: imposter|24\/100|[from] item: Leftovers\n|upkeep\n|turn|12\n|\n|t:|1697058194\n|move|p2b: Millhouse|Rock Slide|p1a: amigo|[spread] p1a,p1b\n|-damage|p1a: amigo|63\/100\n|-damage|p1b: imposter|0 fnt\n|faint|p1b: imposter\n|move|p2a: Lando Calrissian|Rock Slide|p1a: amigo\n|-damage|p1a: amigo|23\/100\n|cant|p1a: amigo|flinch\n|\n|upkeep\n|\n|t:|1697058202\n|switch|p1b: deez nites|Dragonite, M|100\/100\n|turn|13\n|\n|t:|1697058224\n|move|p2b: Millhouse|Rock Slide|p1a: amigo|[spread] p1a\n|-miss|p2b: Millhouse|p1b: deez nites\n|-damage|p1a: amigo|0 fnt\n|faint|p1a: amigo\n|move|p2a: Lando Calrissian|Rock Slide|p1b: deez nites\n|-supereffective|p1b: deez nites\n|-damage|p1b: deez nites|70\/100\n|move|p1b: deez nites|Dragon Dance|p1b: deez nites\n|-boost|p1b: deez nites|atk|1\n|-boost|p1b: deez nites|spe|1\n|\n|upkeep\n|turn|14\n|\n|t:|1697058277\n|move|p1b: deez nites|Earthquake|p2a: Lando Calrissian|[spread] p2b\n|-immune|p2a: Lando Calrissian\n|-supereffective|p2b: Millhouse\n|-damage|p2b: Millhouse|0 fnt\n|faint|p2b: Millhouse\n|move|p2a: Lando Calrissian|Rock Slide|p1b: deez nites|[miss]\n|-miss|p2a: Lando Calrissian|p1b: deez nites\n|\n|upkeep\n|l| Green133\n|\n|t:|1697058295\n|switch|p2b: Honse|Virizion|7\/100\n|turn|15\n|j| Green133\n|\n|t:|1697058310\n|move|p1b: deez nites|Dragon Claw|p2a: Lando Calrissian\n|-damage|p2a: Lando Calrissian|0 fnt\n|faint|p2a: Lando Calrissian\n|move|p2b: Honse|Close Combat|p1b: deez nites\n|-resisted|p1b: deez nites\n|-damage|p1b: deez nites|42\/100\n|-unboost|p2b: Honse|def|1\n|-unboost|p2b: Honse|spd|1\n|\n|upkeep\n|\n|t:|1697058320\n|switch|p2a: Yummy in my tummy|Marshadow|7\/100\n|turn|16\n|\n|t:|1697058338\n|move|p2a: Yummy in my tummy|Shadow Sneak|p1b: deez nites\n|-damage|p1b: deez nites|0 fnt\n|faint|p1b: deez nites\n|\n|win|annoying oranje\n","uploadtime":1697058351,"views":9,"p1id":"chronotrigonometry","p2id":"annoyingoranje","formatid":"gen9nationaldexdoubles","rating":0,"private":0,"password":""}