{"id":"gen9nationaldexdoubles-1993813251","p1":"Marlene 420","p2":"goffu-trainer","format":"[Gen 9] National Dex Doubles","log":"|j|\u2606Marlene 420\n|j|\u2606goffu-trainer\n|t:|1700360437\n|gametype|doubles\n|player|p1|Marlene 420|cheryl|1277\n|player|p2|goffu-trainer|rocketgrunt|1168\n|teamsize|p1|6\n|teamsize|p2|6\n|gen|9\n|tier|[Gen 9] National Dex Doubles\n|rated|\n|rule|HP Percentage Mod: HP is shown in percentages\n|rule|Endless Battle Clause: Forcing endless battles is banned\n|rule|OHKO Clause: OHKO moves are banned\n|rule|Evasion Moves Clause: Evasion moves are banned\n|rule|Evasion Abilities Clause: Evasion abilities are banned\n|rule|Species Clause: Limit one of each Pok\u00e9mon\n|rule|Gravity Sleep Clause: The combination of sleep-inducing moves with imperfect accuracy and Gravity or Gigantamax Orbeetle are banned\n|clearpoke\n|poke|p1|Pheromosa|\n|poke|p1|Diancie|\n|poke|p1|Lopunny, F|\n|poke|p1|Gardevoir, F|\n|poke|p1|Meloetta|\n|poke|p1|Hatterene, F|\n|poke|p2|Snorlax, F|\n|poke|p2|Mimikyu, M|\n|poke|p2|Cresselia, F|\n|poke|p2|Amoonguss, M|\n|poke|p2|Ursaluna, M|\n|poke|p2|Dracovish|\n|teampreview\n|inactive|Battle timer is ON: inactive players will automatically lose when time's up. (requested by goffu-trainer)\n|\n|t:|1700360453\n|start\n|switch|p1a: Lola|Lopunny, F, shiny|100\/100\n|switch|p1b: Gardenia|Gardevoir, F|100\/100\n|switch|p2a: Mimikyu|Mimikyu, M|100\/100\n|switch|p2b: Snorlax|Snorlax, F|100\/100\n|-ability|p1b: Gardenia|Gluttony|[from] ability: Trace|[of] p2b: Snorlax\n|turn|1\n|c|\u2606goffu-trainer|time sus\n|inactive|Marlene 420 has 120 seconds left.\n|\n|t:|1700360493\n|detailschange|p1a: Lola|Lopunny-Mega, F, shiny\n|-mega|p1a: Lola|Lopunny|Lopunnite\n|move|p1a: Lola|Fake Out|p2a: Mimikyu\n|-activate|p2a: Mimikyu|ability: Disguise\n|-damage|p2a: Mimikyu|100\/100\n|detailschange|p2a: Mimikyu|Mimikyu-Busted, M\n|-damage|p2a: Mimikyu|88\/100|[from] pokemon: Mimikyu-Busted\n|move|p1b: Gardenia|Psychic|p2a: Mimikyu\n|-damage|p2a: Mimikyu|32\/100\n|-unboost|p2a: Mimikyu|spd|1\n|move|p2b: Snorlax|Belly Drum|p2b: Snorlax\n|-damage|p2b: Snorlax|50\/100\n|-setboost|p2b: Snorlax|atk|6|[from] move: Belly Drum\n|-enditem|p2b: Snorlax|Sitrus Berry|[eat]\n|-heal|p2b: Snorlax|75\/100|[from] item: Sitrus Berry\n|cant|p2a: Mimikyu|flinch\n|\n|upkeep\n|turn|2\n|inactive|Marlene 420 has 120 seconds left.\n|inactive|goffu-trainer has 120 seconds left.\n|\n|t:|1700360524\n|move|p2a: Mimikyu|Shadow Sneak|p1b: Gardenia\n|-supereffective|p1b: Gardenia\n|-damage|p1b: Gardenia|37\/100\n|move|p1a: Lola|High Jump Kick|p2b: Snorlax\n|-supereffective|p2b: Snorlax\n|-damage|p2b: Snorlax|0 fnt\n|faint|p2b: Snorlax\n|move|p1b: Gardenia|Psychic|p2a: Mimikyu\n|-damage|p2a: Mimikyu|0 fnt\n|faint|p2a: Mimikyu\n|\n|upkeep\n|inactive|goffu-trainer has 120 seconds left.\n|\n|t:|1700360537\n|switch|p2a: Cresselia|Cresselia, F|100\/100\n|switch|p2b: Ursaluna|Ursaluna, M|100\/100\n|turn|3\n|\n|t:|1700360553\n|switch|p1a: Dianita|Diancie|100\/100\n|switch|p1b: Melody|Meloetta|100\/100\n|move|p2b: Ursaluna|Protect|p2b: Ursaluna\n|-singleturn|p2b: Ursaluna|Protect\n|move|p2a: Cresselia|Trick Room|p2a: Cresselia\n|-fieldstart|move: Trick Room|[of] p2a: Cresselia\n|\n|-status|p2b: Ursaluna|brn|[from] item: Flame Orb\n|upkeep\n|turn|4\n|\n|t:|1700360583\n|move|p2b: Ursaluna|Headlong Rush|p1a: Dianita\n|-supereffective|p1a: Dianita\n|-damage|p1a: Dianita|0 fnt\n|-unboost|p2b: Ursaluna|def|1\n|-unboost|p2b: Ursaluna|spd|1\n|faint|p1a: Dianita\n|move|p2a: Cresselia|Psychic|p1b: Melody\n|-resisted|p1b: Melody\n|-damage|p1b: Melody|87\/100\n|-zpower|p1b: Melody\n|move|p1b: Melody|Subzero Slammer|p2b: Ursaluna|[zeffect]\n|-supereffective|p2b: Ursaluna\n|-crit|p2b: Ursaluna\n|-damage|p2b: Ursaluna|0 fnt\n|faint|p2b: Ursaluna\n|\n|upkeep\n|\n|t:|1700360605\n|switch|p1a: Gardenia|Gardevoir, F|37\/100\n|switch|p2b: Dracovish|Dracovish|100\/100\n|-ability|p1a: Gardenia|Strong Jaw|[from] ability: Trace|[of] p2b: Dracovish\n|turn|5\n|\n|t:|1700360623\n|move|p2b: Dracovish|Fishious Rend|p1b: Melody\n|-damage|p1b: Melody|0 fnt\n|faint|p1b: Melody\n|move|p2a: Cresselia|Ice Beam|p1a: Gardenia\n|-damage|p1a: Gardenia|10\/100\n|move|p1a: Gardenia|Dazzling Gleam|p2a: Cresselia|[spread] p2a,p2b\n|-supereffective|p2b: Dracovish\n|-damage|p2a: Cresselia|80\/100\n|-damage|p2b: Dracovish|31\/100\n|\n|-heal|p2a: Cresselia|86\/100|[from] item: Leftovers\n|upkeep\n|\n|t:|1700360637\n|switch|p1b: Katherine|Hatterene, F|100\/100\n|turn|6\n|\n|t:|1700360650\n|move|p1b: Katherine|Draining Kiss|p2b: Dracovish\n|-supereffective|p2b: Dracovish\n|-damage|p2b: Dracovish|0 fnt\n|faint|p2b: Dracovish\n|move|p2a: Cresselia|Ice Beam|p1a: Gardenia\n|-damage|p1a: Gardenia|0 fnt\n|faint|p1a: Gardenia\n|\n|-heal|p2a: Cresselia|92\/100|[from] item: Leftovers\n|upkeep\n|\n|t:|1700360670\n|switch|p2b: Amoonguss|Amoonguss, M|100\/100\n|switch|p1a: Lola|Lopunny-Mega, F, shiny|100\/100\n|turn|7\n|\n|t:|1700360682\n|move|p1a: Lola|Fake Out|p2b: Amoonguss\n|-damage|p2b: Amoonguss|84\/100\n|-damage|p1a: Lola|84\/100|[from] item: Rocky Helmet|[of] p2b: Amoonguss\n|move|p1b: Katherine|Calm Mind|p1b: Katherine\n|-boost|p1b: Katherine|spa|1\n|-boost|p1b: Katherine|spd|1\n|cant|p2b: Amoonguss|flinch\n|move|p2a: Cresselia|Ice Beam|p1b: Katherine\n|-damage|p1b: Katherine|88\/100\n|\n|-heal|p1b: Katherine|94\/100|[from] item: Leftovers\n|-heal|p2a: Cresselia|98\/100|[from] item: Leftovers\n|-fieldend|move: Trick Room\n|upkeep\n|turn|8\n|\n|t:|1700360707\n|move|p2b: Amoonguss|Protect|p2b: Amoonguss\n|-singleturn|p2b: Amoonguss|Protect\n|move|p1a: Lola|Fire Punch|p2b: Amoonguss\n|-activate|p2b: Amoonguss|move: Protect\n|move|p1b: Katherine|Mystical Fire|p2a: Cresselia\n|-damage|p2a: Cresselia|75\/100\n|-unboost|p2a: Cresselia|spa|1\n|move|p2a: Cresselia|Trick Room|p2a: Cresselia\n|-fieldstart|move: Trick Room|[of] p2a: Cresselia\n|\n|-heal|p1b: Katherine|99\/100|[from] item: Leftovers\n|-heal|p2a: Cresselia|81\/100|[from] item: Leftovers\n|upkeep\n|turn|9\n|\n|t:|1700360733\n|move|p1b: Katherine|Mystical Fire|p2a: Cresselia\n|-damage|p2a: Cresselia|59\/100\n|-unboost|p2a: Cresselia|spa|1\n|move|p2b: Amoonguss|Spore|p1a: Lola\n|-status|p1a: Lola|slp|[from] move: Spore\n|move|p2a: Cresselia|Moonblast|p1a: Lola\n|-supereffective|p1a: Lola\n|-damage|p1a: Lola|53\/100 slp\n|-unboost|p1a: Lola|spa|1\n|cant|p1a: Lola|slp\n|\n|-heal|p1b: Katherine|100\/100|[from] item: Leftovers\n|-heal|p2a: Cresselia|65\/100|[from] item: Leftovers\n|upkeep\n|turn|10\n|\n|t:|1700360755\n|move|p1b: Katherine|Mystical Fire|p2a: Cresselia\n|-damage|p2a: Cresselia|43\/100\n|-unboost|p2a: Cresselia|spa|1\n|move|p2b: Amoonguss|Pollen Puff|p1b: Katherine\n|-damage|p1b: Katherine|91\/100\n|move|p2a: Cresselia|Psychic|p1a: Lola\n|-supereffective|p1a: Lola\n|-damage|p1a: Lola|15\/100 slp\n|-curestatus|p1a: Lola|slp|[msg]\n|move|p1a: Lola|Fire Punch|p2b: Amoonguss\n|-supereffective|p2b: Amoonguss\n|-damage|p2b: Amoonguss|39\/100\n|-damage|p1a: Lola|0 fnt|[from] item: Rocky Helmet|[of] p2b: Amoonguss\n|faint|p1a: Lola\n|\n|-heal|p1b: Katherine|97\/100|[from] item: Leftovers\n|-heal|p2a: Cresselia|49\/100|[from] item: Leftovers\n|upkeep\n|inactive|Marlene 420 has 120 seconds left.\n|\n|t:|1700360777\n|switch|p1a: Phersefone|Pheromosa, shiny|100\/100\n|turn|11\n|\n|t:|1700360787\n|move|p1b: Katherine|Mystical Fire|p2a: Cresselia\n|-damage|p2a: Cresselia|25\/100\n|-unboost|p2a: Cresselia|spa|1\n|move|p2b: Amoonguss|Spore|p1a: Phersefone\n|-status|p1a: Phersefone|slp|[from] move: Spore\n|move|p2a: Cresselia|Moonblast|p1a: Phersefone\n|-supereffective|p1a: Phersefone\n|-damage|p1a: Phersefone|52\/100 slp\n|-unboost|p1a: Phersefone|spa|1\n|cant|p1a: Phersefone|slp\n|\n|-heal|p1b: Katherine|100\/100|[from] item: Leftovers\n|-heal|p2a: Cresselia|31\/100|[from] item: Leftovers\n|upkeep\n|turn|12\n|inactive|Marlene 420 has 120 seconds left.\n|\n|t:|1700360822\n|move|p2b: Amoonguss|Rage Powder|p2b: Amoonguss\n|-singleturn|p2b: Amoonguss|move: Rage Powder\n|move|p1b: Katherine|Mystical Fire|p2b: Amoonguss\n|-supereffective|p2b: Amoonguss\n|-damage|p2b: Amoonguss|0 fnt\n|faint|p2b: Amoonguss\n|move|p2a: Cresselia|Moonblast|p1a: Phersefone\n|-supereffective|p1a: Phersefone\n|-damage|p1a: Phersefone|6\/100 slp\n|-unboost|p1a: Phersefone|spa|1\n|-curestatus|p1a: Phersefone|slp|[msg]\n|move|p1a: Phersefone|Bug Buzz|p2a: Cresselia\n|-supereffective|p2a: Cresselia\n|-damage|p2a: Cresselia|0 fnt\n|faint|p2a: Cresselia\n|-damage|p1a: Phersefone|0 fnt|[from] item: Life Orb\n|faint|p1a: Phersefone\n|\n|win|Marlene 420\n|raw|Marlene 420's rating: 1277 &rarr; <strong>1294<\/strong><br \/>(+17 for winning)\n|raw|goffu-trainer's rating: 1168 &rarr; <strong>1151<\/strong><br \/>(-17 for losing)\n|c|\u2606Marlene 420|Gg\n","uploadtime":1700360908,"views":4,"p1id":"marlene420","p2id":"goffutrainer","formatid":"gen9nationaldexdoubles","rating":1151,"private":0,"password":""}