{"id":"gen9nationaldexdoubles-1975224971","p1":"Exy-Merxy","p2":"Bloodypressure","format":"[Gen 9] National Dex Doubles","log":"|j|\u2606Exy-Merxy\n|j|\u2606Bloodypressure\n|t:|1698171621\n|gametype|doubles\n|player|p1|Exy-Merxy|265|1000\n|player|p2|Bloodypressure|102|1000\n|teamsize|p1|6\n|teamsize|p2|6\n|gen|9\n|tier|[Gen 9] National Dex Doubles\n|rated|\n|rule|HP Percentage Mod: HP is shown in percentages\n|rule|Endless Battle Clause: Forcing endless battles is banned\n|rule|OHKO Clause: OHKO moves are banned\n|rule|Evasion Moves Clause: Evasion moves are banned\n|rule|Evasion Abilities Clause: Evasion abilities are banned\n|rule|Species Clause: Limit one of each Pok\u00e9mon\n|rule|Gravity Sleep Clause: The combination of sleep-inducing moves with imperfect accuracy and Gravity or Gigantamax Orbeetle are banned\n|clearpoke\n|poke|p1|Urshifu-*, F|\n|poke|p1|Heatran, M|\n|poke|p1|Sinistcha|\n|poke|p1|Cresselia, F|\n|poke|p1|Landorus-Therian, M|\n|poke|p1|Amoonguss, F|\n|poke|p2|Eevee, F|\n|poke|p2|Roaring Moon|\n|poke|p2|Conkeldurr, M|\n|poke|p2|Clefable, M|\n|poke|p2|Sinistcha|\n|poke|p2|Grimmsnarl, M|\n|teampreview\n|c|\u2606Bloodypressure|Glhf\n|c|\u2606Exy-Merxy|GlHf\n|inactive|Battle timer is ON: inactive players will automatically lose when time's up. (requested by Exy-Merxy)\n|\n|t:|1698171658\n|start\n|switch|p1a: Landorus|Landorus-Therian, M, shiny|100\/100\n|switch|p1b: Urshifu|Urshifu-Rapid-Strike, F|100\/100\n|switch|p2a: Eevee|Eevee, F, shiny|100\/100\n|switch|p2b: Clefable|Clefable, M|100\/100\n|-ability|p1a: Landorus|Intimidate|boost\n|-unboost|p2a: Eevee|atk|1\n|-unboost|p2b: Clefable|atk|1\n|-ability|p2a: Eevee|Anticipation\n|turn|1\n|\n|t:|1698171685\n|move|p1a: Landorus|Rock Slide|p2b: Clefable|[spread] p2a,p2b\n|-damage|p2a: Eevee|59\/100\n|-damage|p2b: Clefable|76\/100\n|move|p1b: Urshifu|Surging Strikes|p2a: Eevee\n|-crit|p2a: Eevee\n|-damage|p2a: Eevee|18\/100\n|-crit|p2a: Eevee\n|-damage|p2a: Eevee|0 fnt\n|faint|p2a: Eevee\n|-hitcount|p2: Eevee|2\n|move|p2b: Clefable|Reflect|p2b: Clefable\n|-sidestart|p2: Bloodypressure|Reflect\n|\n|upkeep\n|\n|t:|1698171703\n|switch|p2a: Sinistcha|Sinistcha|100\/100\n|-heal|p2b: Clefable|100\/100|[from] ability: Hospitality|[of] p2a: Sinistcha\n|turn|2\n|\n|t:|1698171721\n|move|p1a: Landorus|Rock Slide|p2b: Clefable|[spread] p2a,p2b\n|-damage|p2a: Sinistcha|87\/100\n|-damage|p2b: Clefable|86\/100\n|move|p1b: Urshifu|Surging Strikes|p2b: Clefable\n|-crit|p2b: Clefable\n|-damage|p2b: Clefable|57\/100\n|-crit|p2b: Clefable\n|-damage|p2b: Clefable|31\/100\n|-crit|p2b: Clefable\n|-damage|p2b: Clefable|5\/100\n|-hitcount|p2b: Clefable|3\n|move|p2a: Sinistcha|Calm Mind|p2a: Sinistcha\n|-boost|p2a: Sinistcha|spa|1\n|-boost|p2a: Sinistcha|spd|1\n|cant|p2b: Clefable|flinch\n|\n|upkeep\n|turn|3\n|\n|t:|1698171743\n|move|p1a: Landorus|Rock Slide|p2a: Sinistcha|[spread] p2a,p2b\n|-damage|p2a: Sinistcha|74\/100\n|-damage|p2b: Clefable|0 fnt\n|faint|p2b: Clefable\n|move|p1b: Urshifu|Surging Strikes|p2a: Sinistcha\n|-resisted|p2a: Sinistcha\n|-crit|p2a: Sinistcha\n|-damage|p2a: Sinistcha|64\/100\n|-resisted|p2a: Sinistcha\n|-crit|p2a: Sinistcha\n|-damage|p2a: Sinistcha|53\/100\n|-resisted|p2a: Sinistcha\n|-crit|p2a: Sinistcha\n|-damage|p2a: Sinistcha|42\/100\n|-hitcount|p2a: Sinistcha|3\n|cant|p2a: Sinistcha|flinch\n|\n|upkeep\n|inactive|Bloodypressure has 120 seconds left.\n|\n|t:|1698171759\n|switch|p2b: Conkeldurr|Conkeldurr, M|100\/100\n|turn|4\n|\n|t:|1698171768\n|move|p1a: Landorus|Rock Slide|p2a: Sinistcha|[spread] p2a,p2b\n|-resisted|p2b: Conkeldurr\n|-damage|p2a: Sinistcha|28\/100\n|-damage|p2b: Conkeldurr|95\/100\n|move|p1b: Urshifu|Surging Strikes|p2a: Sinistcha\n|-resisted|p2a: Sinistcha\n|-crit|p2a: Sinistcha\n|-damage|p2a: Sinistcha|16\/100\n|-resisted|p2a: Sinistcha\n|-crit|p2a: Sinistcha\n|-damage|p2a: Sinistcha|4\/100\n|-resisted|p2a: Sinistcha\n|-crit|p2a: Sinistcha\n|-damage|p2a: Sinistcha|0 fnt\n|faint|p2a: Sinistcha\n|-hitcount|p2: Sinistcha|3\n|move|p2b: Conkeldurr|Earthquake|p1a: Landorus|[spread] p1b\n|-immune|p1a: Landorus\n|-damage|p1b: Urshifu|71\/100\n|\n|upkeep\n|\n|t:|1698171786\n|switch|p2a: Grimmsnarl|Grimmsnarl, M|100\/100\n|turn|5\n|\n|t:|1698171798\n|move|p1a: Landorus|Rock Slide|p2b: Conkeldurr|[spread] p2a,p2b\n|-resisted|p2b: Conkeldurr\n|-damage|p2a: Grimmsnarl|83\/100\n|-damage|p2b: Conkeldurr|89\/100\n|move|p1b: Urshifu|Surging Strikes|p2b: Conkeldurr\n|-crit|p2b: Conkeldurr\n|-damage|p2b: Conkeldurr|69\/100\n|-crit|p2b: Conkeldurr\n|-damage|p2b: Conkeldurr|48\/100\n|-crit|p2b: Conkeldurr\n|-damage|p2b: Conkeldurr|28\/100\n|-hitcount|p2b: Conkeldurr|3\n|move|p2a: Grimmsnarl|Draining Kiss|p1b: Urshifu\n|-supereffective|p1b: Urshifu\n|-damage|p1b: Urshifu|18\/100\n|-heal|p2a: Grimmsnarl|100\/100|[from] drain|[of] p1b: Urshifu\n|cant|p2b: Conkeldurr|flinch\n|\n|-sideend|p2: Bloodypressure|Reflect\n|upkeep\n|turn|6\n|inactive|Bloodypressure has 120 seconds left.\n|\n|t:|1698171830\n|move|p1a: Landorus|Rock Slide|p2b: Conkeldurr|[spread] p2a,p2b\n|-resisted|p2b: Conkeldurr\n|-damage|p2a: Grimmsnarl|76\/100\n|-damage|p2b: Conkeldurr|19\/100\n|move|p1b: Urshifu|Surging Strikes|p2b: Conkeldurr\n|-crit|p2b: Conkeldurr\n|-damage|p2b: Conkeldurr|0 fnt\n|faint|p2b: Conkeldurr\n|-hitcount|p2: Conkeldurr|1\n|move|p2a: Grimmsnarl|Draining Kiss|p1b: Urshifu\n|-supereffective|p1b: Urshifu\n|-damage|p1b: Urshifu|0 fnt\n|-heal|p2a: Grimmsnarl|88\/100|[from] drain|[of] p1b: Urshifu\n|faint|p1b: Urshifu\n|\n|-heal|p2a: Grimmsnarl|94\/100|[from] item: Leftovers\n|upkeep\n|inactive|Bloodypressure has 120 seconds left.\n|\n|t:|1698171863\n|switch|p1b: Amoonguss|Amoonguss, F, shiny|100\/100\n|switch|p2b: Roaring Moon|Roaring Moon|100\/100\n|turn|7\n|inactive|Bloodypressure has 120 seconds left.\n|\n|t:|1698171887\n|move|p2a: Grimmsnarl|Bulk Up|p2a: Grimmsnarl\n|-boost|p2a: Grimmsnarl|atk|1\n|-boost|p2a: Grimmsnarl|def|1\n|move|p1a: Landorus|Rock Slide|p2a: Grimmsnarl|[spread] p2a,p2b\n|-damage|p2a: Grimmsnarl|77\/100\n|-damage|p2b: Roaring Moon|71\/100\n|move|p2b: Roaring Moon|Dragon Rush|p1a: Landorus|[miss]\n|-miss|p2b: Roaring Moon|p1a: Landorus\n|move|p1b: Amoonguss|Sludge Bomb|p2a: Grimmsnarl\n|-supereffective|p2a: Grimmsnarl\n|-damage|p2a: Grimmsnarl|0 fnt\n|faint|p2a: Grimmsnarl\n|\n|upkeep\n|turn|8\n|\n|t:|1698171906\n|move|p1a: Landorus|Rock Slide|p2b: Roaring Moon\n|-damage|p2b: Roaring Moon|30\/100\n|move|p2b: Roaring Moon|Dragon Rush|p1a: Landorus\n|-damage|p1a: Landorus|40\/100\n|move|p1b: Amoonguss|Sludge Bomb|p2b: Roaring Moon\n|-crit|p2b: Roaring Moon\n|-damage|p2b: Roaring Moon|0 fnt\n|faint|p2b: Roaring Moon\n|-end|p2b: Roaring Moon|Protosynthesis|[silent]\n|\n|win|Exy-Merxy\n|raw|Exy-Merxy's rating: 1000 &rarr; <strong>1040<\/strong><br \/>(+40 for winning)\n|raw|Bloodypressure's rating: 1000 &rarr; <strong>1000<\/strong><br \/>(+0 for losing)\n|c|\u2606Exy-Merxy|GG\n","uploadtime":1698171916,"views":9,"p1id":"exymerxy","p2id":"bloodypressure","formatid":"gen9nationaldexdoubles","rating":1000,"private":0,"password":""}