{"id":"gen9nationaldexdoubles-1963862562","p1":"Jello1231","p2":"YoBuddyTheBaker","format":"[Gen 9] National Dex Doubles","log":"|j|\u2606Jello1231\n|j|\u2606YoBuddyTheBaker\n|t:|1696908033\n|gametype|doubles\n|player|p1|Jello1231|sonia-professor|\n|player|p2|YoBuddyTheBaker|baker|\n|teamsize|p1|6\n|teamsize|p2|6\n|gen|9\n|tier|[Gen 9] National Dex Doubles\n|rated|Tournament battle\n|rule|HP Percentage Mod: HP is shown in percentages\n|rule|Endless Battle Clause: Forcing endless battles is banned\n|rule|OHKO Clause: OHKO moves are banned\n|rule|Evasion Moves Clause: Evasion moves are banned\n|rule|Evasion Abilities Clause: Evasion abilities are banned\n|rule|Species Clause: Limit one of each Pok\u00e9mon\n|rule|Gravity Sleep Clause: The combination of sleep-inducing moves with imperfect accuracy and Gravity or Gigantamax Orbeetle are banned\n|clearpoke\n|poke|p1|Celesteela|\n|poke|p1|Diancie|\n|poke|p1|Volcanion|\n|poke|p1|Rillaboom, M|\n|poke|p1|Zamazenta-*|\n|poke|p1|Salamence, M|\n|poke|p2|Ogerpon-Hearthflame, F|\n|poke|p2|Tyranitar, F|\n|poke|p2|Zamazenta-*|\n|poke|p2|Zygarde|\n|poke|p2|Chien-Pao|\n|poke|p2|Kartana|\n|teampreview\n|j| Concept Everything\n|j| cornpopbad\n|c|\u2606Jello1231|Hf\n|c|\u2606YoBuddyTheBaker|gl\n|c| Concept Everything|It\u2019s jelloger now\n|\n|t:|1696908111\n|start\n|switch|p1a: Salamence|Salamence, M|100\/100\n|switch|p1b: Zamazenta|Zamazenta|100\/100\n|switch|p2a: Zamazenta|Zamazenta|100\/100\n|switch|p2b: Chien-Pao|Chien-Pao|100\/100\n|-ability|p2a: Zamazenta|Dauntless Shield|boost\n|-boost|p2a: Zamazenta|def|1\n|-ability|p1b: Zamazenta|Dauntless Shield|boost\n|-boost|p1b: Zamazenta|def|1\n|-ability|p2b: Chien-Pao|Sword of Ruin\n|-ability|p1a: Salamence|Intimidate|boost\n|-unboost|p2a: Zamazenta|atk|1\n|-unboost|p2b: Chien-Pao|atk|1\n|turn|1\n|\n|t:|1696908156\n|switch|p1a: Volcanion|Volcanion|100\/100\n|-terastallize|p2b: Chien-Pao|Ghost\n|move|p1b: Zamazenta|Close Combat|p2b: Chien-Pao\n|-immune|p2b: Chien-Pao\n|move|p2a: Zamazenta|Coaching|p2b: Chien-Pao\n|-boost|p2b: Chien-Pao|atk|1\n|-boost|p2b: Chien-Pao|def|1\n|move|p2b: Chien-Pao|Sacred Sword|p1b: Zamazenta\n|-damage|p1b: Zamazenta|51\/100\n|-damage|p2b: Chien-Pao|91\/100|[from] item: Life Orb\n|\n|upkeep\n|turn|2\n|\n|t:|1696908205\n|move|p2a: Zamazenta|Body Press|p1a: Volcanion\n|-damage|p1a: Volcanion|53\/100\n|move|p1b: Zamazenta|Psychic Fangs|p2a: Zamazenta\n|-supereffective|p2a: Zamazenta\n|-damage|p2a: Zamazenta|62\/100\n|move|p2b: Chien-Pao|Throat Chop|p1a: Volcanion\n|-damage|p1a: Volcanion|2\/100\n|-start|p1a: Volcanion|Throat Chop|[silent]\n|-damage|p2b: Chien-Pao|81\/100|[from] item: Life Orb\n|move|p1a: Volcanion|Steam Eruption|p2a: Zamazenta\n|-damage|p2a: Zamazenta|17\/100\n|-enditem|p2a: Zamazenta|Sitrus Berry|[eat]\n|-heal|p2a: Zamazenta|42\/100|[from] item: Sitrus Berry\n|\n|upkeep\n|turn|3\n|\n|t:|1696908246\n|switch|p1a: Diancie|Diancie|100\/100\n|move|p2a: Zamazenta|Body Press|p1a: Diancie\n|-damage|p1a: Diancie|59\/100\n|move|p1b: Zamazenta|Howl|p1b: Zamazenta|[spread] p1a,p1b\n|-boost|p1a: Diancie|atk|1\n|-boost|p1b: Zamazenta|atk|1\n|move|p2b: Chien-Pao|Sacred Sword|p1b: Zamazenta\n|-damage|p1b: Zamazenta|7\/100\n|-damage|p2b: Chien-Pao|71\/100|[from] item: Life Orb\n|\n|upkeep\n|turn|4\n|\n|t:|1696908327\n|move|p1a: Diancie|Protect|p1a: Diancie\n|-singleturn|p1a: Diancie|Protect\n|move|p1b: Zamazenta|Psychic Fangs|p2a: Zamazenta\n|-supereffective|p2a: Zamazenta\n|-damage|p2a: Zamazenta|0 fnt\n|faint|p2a: Zamazenta\n|move|p2b: Chien-Pao|Ice Spinner|p1b: Zamazenta\n|-damage|p1b: Zamazenta|0 fnt\n|faint|p1b: Zamazenta\n|-damage|p2b: Chien-Pao|61\/100|[from] item: Life Orb\n|\n|upkeep\n|\n|t:|1696908386\n|switch|p2a: Tyranitar|Tyranitar, F|100\/100\n|switch|p1b: Salamence|Salamence, M|100\/100\n|-ability|p1b: Salamence|Intimidate|boost\n|-unboost|p2a: Tyranitar|atk|1\n|-unboost|p2b: Chien-Pao|atk|1\n|-weather|Sandstorm|[from] ability: Sand Stream|[of] p2a: Tyranitar\n|turn|5\n|j| GuitarheroVGC\n|\n|t:|1696908420\n|detailschange|p1b: Salamence|Salamence-Mega, M\n|-mega|p1b: Salamence|Salamence|Salamencite\n|detailschange|p2a: Tyranitar|Tyranitar-Mega, F\n|-mega|p2a: Tyranitar|Tyranitar|Tyranitarite\n|-terastallize|p1a: Diancie|Grass\n|move|p2b: Chien-Pao|Ice Spinner|p1b: Salamence\n|-supereffective|p1b: Salamence\n|-damage|p1b: Salamence|0 fnt\n|faint|p1b: Salamence\n|-damage|p2b: Chien-Pao|51\/100|[from] item: Life Orb\n|move|p2a: Tyranitar|Heavy Slam|p1a: Diancie\n|-damage|p1a: Diancie|27\/100\n|-enditem|p1a: Diancie|Sitrus Berry|[eat]\n|-heal|p1a: Diancie|52\/100|[from] item: Sitrus Berry\n|move|p1a: Diancie|Trick Room|p1a: Diancie\n|-fieldstart|move: Trick Room|[of] p1a: Diancie\n|\n|-weather|Sandstorm|[upkeep]\n|-damage|p1a: Diancie|46\/100|[from] Sandstorm\n|-damage|p2b: Chien-Pao|45\/100|[from] Sandstorm\n|upkeep\n|\n|t:|1696908449\n|switch|p1b: Volcanion|Volcanion|2\/100\n|turn|6\n|\n|t:|1696908466\n|move|p1a: Diancie|Protect|p1a: Diancie\n|-singleturn|p1a: Diancie|Protect\n|move|p2a: Tyranitar|Protect|p2a: Tyranitar\n|-singleturn|p2a: Tyranitar|Protect\n|move|p2b: Chien-Pao|Protect|p2b: Chien-Pao\n|-singleturn|p2b: Chien-Pao|Protect\n|move|p1b: Volcanion|Steam Eruption|p2b: Chien-Pao\n|-activate|p2b: Chien-Pao|move: Protect\n|\n|-weather|Sandstorm|[upkeep]\n|-damage|p1a: Diancie|40\/100|[from] Sandstorm\n|-damage|p1b: Volcanion|0 fnt|[from] Sandstorm\n|-damage|p2b: Chien-Pao|39\/100|[from] Sandstorm\n|faint|p1b: Volcanion\n|upkeep\n|\n|t:|1696908476\n|switch|p1b: Rillaboom|Rillaboom, M|100\/100\n|-fieldstart|move: Grassy Terrain|[from] ability: Grassy Surge|[of] p1b: Rillaboom\n|turn|7\n|\n|t:|1696908554\n|switch|p2a: Zygarde|Zygarde|100\/100\n|-ability|p2a: Zygarde|Aura Break\n|move|p1b: Rillaboom|Grassy Glide|p2a: Zygarde\n|-damage|p2a: Zygarde|60\/100\n|move|p1a: Diancie|Diamond Storm|p2b: Chien-Pao|[spread] p2a,p2b\n|-resisted|p2a: Zygarde\n|-crit|p2b: Chien-Pao\n|-damage|p2a: Zygarde|37\/100\n|-damage|p2b: Chien-Pao|0 fnt\n|-boost|p1a: Diancie|def|2\n|faint|p2b: Chien-Pao\n|\n|-weather|Sandstorm|[upkeep]\n|-damage|p1a: Diancie|34\/100|[from] Sandstorm\n|-damage|p1b: Rillaboom|94\/100|[from] Sandstorm\n|-heal|p1a: Diancie|40\/100|[from] Grassy Terrain\n|-heal|p1b: Rillaboom|100\/100|[from] Grassy Terrain\n|-heal|p2a: Zygarde|43\/100|[from] Grassy Terrain\n|upkeep\n|j|+Slash Death\n|\n|t:|1696908606\n|switch|p2b: Kartana|Kartana|100\/100\n|turn|8\n|l| Concept Everything\n|j| Concept Everything\n|\n|t:|1696908645\n|switch|p1b: Celesteela|Celesteela|100\/100\n|move|p2b: Kartana|Protect|p2b: Kartana\n|-singleturn|p2b: Kartana|Protect\n|move|p2a: Zygarde|Extreme Speed|p1a: Diancie\n|-damage|p1a: Diancie|30\/100\n|move|p1a: Diancie|Moonblast|p2a: Zygarde\n|-supereffective|p2a: Zygarde\n|-damage|p2a: Zygarde|0 fnt\n|faint|p2a: Zygarde\n|\n|-weather|Sandstorm|[upkeep]\n|-damage|p1a: Diancie|24\/100|[from] Sandstorm\n|-heal|p1a: Diancie|30\/100|[from] Grassy Terrain\n|upkeep\n|\n|t:|1696908658\n|switch|p2a: Ogerpon|Ogerpon-Hearthflame, F|100\/100\n|-ability|p2a: Ogerpon|Mold Breaker\n|turn|9\n|l| Concept Everything\n|j| Concept Everything\n|\n|t:|1696908699\n|switch|p2b: Tyranitar|Tyranitar-Mega, F|100\/100\n|move|p2a: Ogerpon|Spiky Shield|p2a: Ogerpon\n|-singleturn|p2a: Ogerpon|move: Protect\n|move|p1a: Diancie|Moonblast|p2b: Tyranitar\n|-supereffective|p2b: Tyranitar\n|-crit|p2b: Tyranitar\n|-damage|p2b: Tyranitar|57\/100\n|move|p1b: Celesteela|Meteor Beam||[still]\n|-prepare|p1b: Celesteela|Meteor Beam\n|-boost|p1b: Celesteela|spa|1\n|-enditem|p1b: Celesteela|Power Herb\n|-anim|p1b: Celesteela|Meteor Beam|p2b: Tyranitar\n|-damage|p2b: Tyranitar|32\/100\n|\n|-weather|none\n|-heal|p1a: Diancie|36\/100|[from] Grassy Terrain\n|-heal|p2b: Tyranitar|38\/100|[from] Grassy Terrain\n|-fieldend|move: Trick Room\n|upkeep\n|turn|10\n|j| nacknom\n|l| Concept Everything\n|j| Concept Everything\n|\n|t:|1696908793\n|switch|p2b: Kartana|Kartana|100\/100\n|move|p1b: Celesteela|Protect|p1b: Celesteela\n|-singleturn|p1b: Celesteela|Protect\n|move|p1a: Diancie|Protect|p1a: Diancie\n|-singleturn|p1a: Diancie|Protect\n|move|p2a: Ogerpon|Ivy Cudgel|p1b: Celesteela\n|-activate|p1b: Celesteela|move: Protect\n|\n|-heal|p1a: Diancie|43\/100|[from] Grassy Terrain\n|upkeep\n|turn|11\n|\n|t:|1696908839\n|move|p2a: Ogerpon|Ivy Cudgel|p1b: Celesteela\n|-supereffective|p1b: Celesteela\n|-damage|p1b: Celesteela|0 fnt\n|faint|p1b: Celesteela\n|move|p2b: Kartana|Leaf Blade|p1a: Diancie\n|-resisted|p1a: Diancie\n|-damage|p1a: Diancie|31\/100\n|move|p1a: Diancie|Trick Room|p1a: Diancie\n|-fieldstart|move: Trick Room|[of] p1a: Diancie\n|\n|-heal|p1a: Diancie|37\/100|[from] Grassy Terrain\n|-fieldend|move: Grassy Terrain\n|upkeep\n|\n|t:|1696908846\n|switch|p1b: Rillaboom|Rillaboom, M|100\/100\n|-fieldstart|move: Grassy Terrain|[from] ability: Grassy Surge|[of] p1b: Rillaboom\n|turn|12\n|j| fetal11\n|\n|t:|1696908892\n|move|p2b: Kartana|Protect|p2b: Kartana\n|-singleturn|p2b: Kartana|Protect\n|move|p2a: Ogerpon|Spiky Shield|p2a: Ogerpon\n|-singleturn|p2a: Ogerpon|move: Protect\n|move|p1b: Rillaboom|Fake Out|p2b: Kartana\n|-activate|p2b: Kartana|move: Protect\n|move|p1a: Diancie|Diamond Storm|p2b: Kartana|[spread] \n|-activate|p2a: Ogerpon|move: Protect\n|-activate|p2b: Kartana|move: Protect\n|\n|-heal|p1a: Diancie|43\/100|[from] Grassy Terrain\n|upkeep\n|turn|13\n|l| Concept Everything\n|j| Concept Everything\n|c|\u2606Jello1231|Is this lens cart\n|c|\u2606YoBuddyTheBaker|maybe\n|l| Concept Everything\n|c|\u2606Jello1231|Am I gonna get crit and lose\n|c|\u2606Jello1231|Be honest with me\n|j|+HiZo\n|c|+Slash Death|dont\n|l| nacknom\n|j| Concept Everything\n|c|+HiZo|just outplay the cointoss\n|\n|t:|1696908983\n|switch|p2a: Tyranitar|Tyranitar-Mega, F|38\/100\n|-weather|Sandstorm|[from] ability: Sand Stream|[of] p2a: Tyranitar\n|move|p1a: Diancie|Diamond Storm|p2a: Tyranitar|[spread] p2a,p2b\n|-resisted|p2b: Kartana\n|-damage|p2a: Tyranitar|10\/100\n|-damage|p2b: Kartana|76\/100\n|move|p1b: Rillaboom|High Horsepower|p2b: Kartana\n|-damage|p2b: Kartana|39\/100\n|move|p2b: Kartana|Sacred Sword|p1a: Diancie\n|-damage|p1a: Diancie|20\/100\n|\n|-weather|Sandstorm|[upkeep]\n|-damage|p1a: Diancie|13\/100|[from] Sandstorm\n|-damage|p1b: Rillaboom|94\/100|[from] Sandstorm\n|-heal|p1a: Diancie|20\/100|[from] Grassy Terrain\n|-heal|p2a: Tyranitar|16\/100|[from] Grassy Terrain\n|-heal|p1b: Rillaboom|100\/100|[from] Grassy Terrain\n|-heal|p2b: Kartana|45\/100|[from] Grassy Terrain\n|upkeep\n|turn|14\n|c| Concept Everything|Only 23\n|c|\u2606YoBuddyTheBaker|crit doesn't kill sadly\n|c|\u2606YoBuddyTheBaker|I am lens though\n|j| nacknom\n|c| nacknom|get crit and LOSE? how tf do you stop hearth from coming in and cugdeling twice lol\n|c| Concept Everything|Reveal bright powder\n|\n|t:|1696909122\n|move|p2b: Kartana|Protect|p2b: Kartana\n|-singleturn|p2b: Kartana|Protect\n|move|p1a: Diancie|Diamond Storm|p2a: Tyranitar|[spread] p2a\n|-activate|p2b: Kartana|move: Protect\n|-damage|p2a: Tyranitar|0 fnt\n|faint|p2a: Tyranitar\n|move|p1b: Rillaboom|High Horsepower|p2b: Kartana\n|-activate|p2b: Kartana|move: Protect\n|\n|-weather|Sandstorm|[upkeep]\n|-damage|p1a: Diancie|13\/100|[from] Sandstorm\n|-damage|p1b: Rillaboom|94\/100|[from] Sandstorm\n|-heal|p1a: Diancie|20\/100|[from] Grassy Terrain\n|-heal|p1b: Rillaboom|100\/100|[from] Grassy Terrain\n|-heal|p2b: Kartana|52\/100|[from] Grassy Terrain\n|upkeep\n|c| nacknom|Holy shiiiit\n|\n|t:|1696909128\n|switch|p2a: Ogerpon|Ogerpon-Hearthflame, F|100\/100\n|-ability|p2a: Ogerpon|Mold Breaker\n|turn|15\n|c|+HiZo|reveal grassy glide diancie\n|c| nacknom|Reveal accelerock diancie\n|c| Concept Everything|Only a +2 with 4 used\n|c| Concept Everything|Poorly played Jello\n|c| Concept Everything|smh\n|c|\u2606Jello1231|Ye neeeded to get luckier with raises\n|c|+Slash Death|Reveal brave bird rillaboom\n|c|\u2606Jello1231|Even then i think im chipped enough cudgel kills\n|c| Concept Everything|Acrobatics is in shambles\n|c|\u2606Jello1231|Even at +6\n|c| Concept Everything|You protect and recover\n|\n|t:|1696909206\n|move|p2a: Ogerpon|Spiky Shield|p2a: Ogerpon\n|-singleturn|p2a: Ogerpon|move: Protect\n|move|p1a: Diancie|Diamond Storm|p2a: Ogerpon|[spread] p2b\n|-activate|p2a: Ogerpon|move: Protect\n|-resisted|p2b: Kartana\n|-damage|p2b: Kartana|25\/100\n|move|p1b: Rillaboom|High Horsepower|p2b: Kartana\n|-damage|p2b: Kartana|0 fnt\n|faint|p2b: Kartana\n|\n|-weather|Sandstorm|[upkeep]\n|-damage|p1a: Diancie|13\/100|[from] Sandstorm\n|-damage|p1b: Rillaboom|94\/100|[from] Sandstorm\n|-damage|p2a: Ogerpon|95\/100|[from] Sandstorm\n|-heal|p1a: Diancie|20\/100|[from] Grassy Terrain\n|-heal|p1b: Rillaboom|100\/100|[from] Grassy Terrain\n|-heal|p2a: Ogerpon|100\/100|[from] Grassy Terrain\n|-fieldend|move: Trick Room\n|upkeep\n|turn|16\n|c| Concept Everything|trust\n|c| fetal11|bruh what are you doing\n|c| nacknom|letting kartana die goes craaaaazy\n|\n|t:|1696909232\n|move|p1a: Diancie|Protect|p1a: Diancie\n|-singleturn|p1a: Diancie|Protect\n|move|p2a: Ogerpon|Ivy Cudgel|p1a: Diancie\n|-activate|p1a: Diancie|move: Protect\n|move|p1b: Rillaboom|High Horsepower|p2a: Ogerpon\n|-damage|p2a: Ogerpon|54\/100\n|\n|-weather|Sandstorm|[upkeep]\n|-damage|p2a: Ogerpon|48\/100|[from] Sandstorm\n|-damage|p1b: Rillaboom|94\/100|[from] Sandstorm\n|-damage|p1a: Diancie|13\/100|[from] Sandstorm\n|-heal|p2a: Ogerpon|54\/100|[from] Grassy Terrain\n|-heal|p1b: Rillaboom|100\/100|[from] Grassy Terrain\n|-heal|p1a: Diancie|20\/100|[from] Grassy Terrain\n|-fieldend|move: Grassy Terrain\n|upkeep\n|turn|17\n|c| fetal11|omg\n|c| Concept Everything|I mean\n|c| Concept Everything|It was that\n|c| fetal11|brother respectfully you fumbled that so hard\n|c|\u2606YoBuddyTheBaker|how so?\n|c| Concept Everything|or a 33% chance of double protect\n|c|\u2606Jello1231|Right\n|c|+Slash Death|yea\n|c| Concept Everything|Not exactly like it mattered\n|c|\u2606Jello1231|Hebwins\n|c| nacknom|33% is the win here\n|\n|t:|1696909271\n|move|p2a: Ogerpon|Ivy Cudgel|p1a: Diancie\n|-supereffective|p1a: Diancie\n|-damage|p1a: Diancie|0 fnt\n|faint|p1a: Diancie\n|move|p1b: Rillaboom|High Horsepower|p2a: Ogerpon\n|-damage|p2a: Ogerpon|7\/100\n|\n|-weather|none\n|upkeep\n|turn|18\n|c| fetal11|double the rilla ivy cudgel\n|c|\u2606Jello1231|Gg very fun game\n|c|+Slash Death|now lets see if it one shots\n|c| Concept Everything|It does\n|\n|t:|1696909291\n|move|p2a: Ogerpon|Spiky Shield|p2a: Ogerpon\n|-singleturn|p2a: Ogerpon|move: Protect\n|move|p1b: Rillaboom|U-turn|p2a: Ogerpon\n|-activate|p2a: Ogerpon|move: Protect\n|-damage|p1b: Rillaboom|88\/100|[from] Spiky Shield|[of] p2a: Ogerpon\n|\n|upkeep\n|turn|19\n|c| Concept Everything|No shot\n|c| fetal11|diancie is slower than both no\n|c|\u2606Jello1231|For style points\n|c|+Slash Death|ok now probably one shots\n|\n|t:|1696909309\n|move|p2a: Ogerpon|Ivy Cudgel|p1b: Rillaboom\n|-supereffective|p1b: Rillaboom\n|-damage|p1b: Rillaboom|0 fnt\n|faint|p1b: Rillaboom\n|\n|win|YoBuddyTheBaker\n|n|\u2606Jello1231|jello1231\n|n|\u2606YoBuddyTheBaker|yobuddythebaker\n|n| cornpopbad|cornpopbad\n|n| GuitarheroVGC|guitarherovgc\n|n| Slash Death|slashdeath\n|n| fetal11|fetal11\n|n|+HiZo|hizo\n|n| Concept Everything|concepteverything\n|n| nacknom|nacknom\n|c| nacknom|I would have gone for the double prot ngl\n|c|\u2606YoBuddyTheBaker|gg\n|c| Slash Death|Yep\n|l| GuitarheroVGC\n","uploadtime":1696909315,"views":12,"p1id":"jello1231","p2id":"yobuddythebaker","formatid":"gen9nationaldexdoubles","rating":0,"private":0,"password":""}