{"id":"gen9nationaldexdoubles-1962614834","p1":"2wb","p2":"Relleth","format":"[Gen 9] National Dex Doubles","log":"|j|\u26062wb\n|j|\u2606Relleth\n|t:|1696774856\n|gametype|doubles\n|player|p1|2wb|backersf|\n|player|p2|Relleth|wallace|\n|teamsize|p1|6\n|teamsize|p2|6\n|gen|9\n|tier|[Gen 9] National Dex Doubles\n|rule|HP Percentage Mod: HP is shown in percentages\n|rule|Endless Battle Clause: Forcing endless battles is banned\n|rule|OHKO Clause: OHKO moves are banned\n|rule|Evasion Moves Clause: Evasion moves are banned\n|rule|Evasion Abilities Clause: Evasion abilities are banned\n|rule|Species Clause: Limit one of each Pok\u00e9mon\n|rule|Gravity Sleep Clause: The combination of sleep-inducing moves with imperfect accuracy and Gravity or Gigantamax Orbeetle are banned\n|clearpoke\n|poke|p1|Walking Wake|\n|poke|p1|Tornadus-Therian, M|\n|poke|p1|Ninetales, M|\n|poke|p1|Roaring Moon|\n|poke|p1|Heatran, M|\n|poke|p1|Scovillain, F|\n|poke|p2|Sneasler, F|\n|poke|p2|Mew|\n|poke|p2|Tyranitar, F|\n|poke|p2|Togekiss, M|\n|poke|p2|Grimmsnarl, M|\n|poke|p2|Tsareena, F|\n|teampreview\n|j| SgtSmilies\n|\n|t:|1696774876\n|start\n|switch|p1a: Barking Bright|Ninetales, M|100\/100\n|switch|p1b: Ergshifter|Scovillain, F|100\/100\n|switch|p2a: Cheese|Togekiss, M, shiny|100\/100\n|switch|p2b: Jam|Grimmsnarl, M|100\/100\n|-weather|SunnyDay|[from] ability: Drought|[of] p1a: Barking Bright\n|turn|1\n|\n|t:|1696774896\n|move|p2b: Jam|Fake Out|p1b: Ergshifter\n|-damage|p1b: Ergshifter|81\/100\n|cant|p1b: Ergshifter|flinch\n|move|p1a: Barking Bright|Agility|p1a: Barking Bright\n|-boost|p1a: Barking Bright|spe|2\n|move|p2a: Cheese|Tailwind|p2a: Cheese\n|-sidestart|p2: Relleth|move: Tailwind\n|\n|-weather|SunnyDay|[upkeep]\n|upkeep\n|turn|2\n|\n|t:|1696774951\n|move|p2b: Jam|Taunt|p1a: Barking Bright\n|-start|p1a: Barking Bright|move: Taunt\n|cant|p1a: Barking Bright|move: Taunt|Baton Pass\n|move|p2a: Cheese|Air Slash|p1b: Ergshifter\n|-supereffective|p1b: Ergshifter\n|-damage|p1b: Ergshifter|0 fnt\n|faint|p1b: Ergshifter\n|\n|-weather|SunnyDay|[upkeep]\n|upkeep\n|c|\u26062wb|ono\n|\n|t:|1696774970\n|switch|p1b: Klaus Antares|Tornadus-Therian, M|100\/100\n|turn|3\n|\n|t:|1696775006\n|switch|p1a: Salmon|Roaring Moon|100\/100\n|-activate|p1a: Salmon|ability: Protosynthesis\n|-start|p1a: Salmon|protosynthesisatk\n|switch|p2a: Jawbreaker|Tyranitar, F|100\/100\n|-weather|Sandstorm|[from] ability: Sand Stream|[of] p2a: Jawbreaker\n|-end|p1a: Salmon|Protosynthesis\n|move|p2b: Jam|Light Screen|p2b: Jam\n|-sidestart|p2: Relleth|move: Light Screen\n|move|p1b: Klaus Antares|Bleakwind Storm|p2b: Jam|[spread] p2a\n|-miss|p1b: Klaus Antares|p2b: Jam\n|-resisted|p2a: Jawbreaker\n|-damage|p2a: Jawbreaker|97\/100\n|-unboost|p2a: Jawbreaker|spe|1\n|\n|-weather|Sandstorm|[upkeep]\n|-damage|p1b: Klaus Antares|95\/100|[from] Sandstorm\n|-damage|p2b: Jam|94\/100|[from] Sandstorm\n|-damage|p1a: Salmon|94\/100|[from] Sandstorm\n|upkeep\n|turn|4\n|\n|t:|1696775049\n|move|p1b: Klaus Antares|Superpower|p2a: Jawbreaker\n|-supereffective|p2a: Jawbreaker\n|-damage|p2a: Jawbreaker|1\/100\n|-unboost|p1b: Klaus Antares|atk|1\n|-unboost|p1b: Klaus Antares|def|1\n|move|p2b: Jam|Spirit Break|p1a: Salmon\n|-supereffective|p1a: Salmon\n|-damage|p1a: Salmon|0 fnt\n|faint|p1a: Salmon\n|-end|p1a: Salmon|Protosynthesis|[silent]\n|move|p2a: Jawbreaker|Rock Slide|p1b: Klaus Antares\n|-supereffective|p1b: Klaus Antares\n|-damage|p1b: Klaus Antares|0 fnt\n|faint|p1b: Klaus Antares\n|\n|-weather|Sandstorm|[upkeep]\n|-damage|p2b: Jam|88\/100|[from] Sandstorm\n|-sideend|p2: Relleth|move: Tailwind\n|upkeep\n|\n|t:|1696775069\n|switch|p1b: His Back|Heatran, M|100\/100\n|switch|p1a: Barking Bright|Ninetales, M|100\/100\n|-weather|SunnyDay|[from] ability: Drought|[of] p1a: Barking Bright\n|turn|5\n|\n|t:|1696775106\n|switch|p2a: Zucchini|Sneasler, F|100\/100\n|move|p2b: Jam|Taunt|p1a: Barking Bright\n|-start|p1a: Barking Bright|move: Taunt\n|move|p1a: Barking Bright|Heat Wave|p2b: Jam|[spread] p2a,p2b\n|-damage|p2a: Zucchini|57\/100\n|-damage|p2b: Jam|57\/100\n|move|p1b: His Back|Flash Cannon|p2b: Jam\n|-supereffective|p2b: Jam\n|-damage|p2b: Jam|0 fnt\n|faint|p2b: Jam\n|\n|-weather|SunnyDay|[upkeep]\n|upkeep\n|\n|t:|1696775128\n|switch|p2b: Jawbreaker|Tyranitar, F|1\/100\n|-weather|Sandstorm|[from] ability: Sand Stream|[of] p2b: Jawbreaker\n|turn|6\n|\n|t:|1696775153\n|switch|p1a: Phones|Walking Wake|100\/100\n|switch|p2b: Cheese|Togekiss, M, shiny|100\/100\n|move|p2a: Zucchini|Fake Out|p1a: Phones\n|-damage|p1a: Phones|77\/100\n|-status|p1a: Phones|psn|[from] ability: Poison Touch|[of] p2a: Zucchini\n|-damage|p2a: Zucchini|47\/100|[from] item: Life Orb\n|move|p1b: His Back|Heat Wave|p2b: Cheese|[spread] p2a\n|-miss|p1b: His Back|p2b: Cheese\n|-damage|p2a: Zucchini|9\/100\n|\n|-weather|Sandstorm|[upkeep]\n|-damage|p2a: Zucchini|3\/100|[from] Sandstorm\n|-damage|p1a: Phones|71\/100 psn|[from] Sandstorm\n|-damage|p2b: Cheese|94\/100|[from] Sandstorm\n|-damage|p1a: Phones|59\/100 psn|[from] psn\n|upkeep\n|turn|7\n|\n|t:|1696775192\n|move|p2a: Zucchini|Close Combat|p1a: Phones\n|-damage|p1a: Phones|0 fnt\n|-unboost|p2a: Zucchini|def|1\n|-unboost|p2a: Zucchini|spd|1\n|faint|p1a: Phones\n|-end|p1a: Phones|Protosynthesis|[silent]\n|-damage|p2a: Zucchini|0 fnt|[from] item: Life Orb\n|faint|p2a: Zucchini\n|move|p1b: His Back|Heat Wave|p2b: Cheese\n|-damage|p2b: Cheese|67\/100\n|move|p2b: Cheese|Tailwind|p2b: Cheese\n|-sidestart|p2: Relleth|move: Tailwind\n|\n|-weather|Sandstorm|[upkeep]\n|-damage|p2b: Cheese|61\/100|[from] Sandstorm\n|upkeep\n|\n|t:|1696775209\n|switch|p2a: Jawbreaker|Tyranitar, F|1\/100\n|switch|p1a: Barking Bright|Ninetales, M|100\/100\n|-weather|SunnyDay|[from] ability: Drought|[of] p1a: Barking Bright\n|turn|8\n|\n|t:|1696775233\n|move|p2b: Cheese|Follow Me|p2b: Cheese\n|-singleturn|p2b: Cheese|move: Follow Me\n|move|p2a: Jawbreaker|High Horsepower|p1b: His Back\n|-supereffective|p1b: His Back\n|-crit|p1b: His Back\n|-damage|p1b: His Back|0 fnt\n|faint|p1b: His Back\n|move|p1a: Barking Bright|Snarl|p2b: Cheese|[spread] p2a,p2b\n|-resisted|p2a: Jawbreaker\n|-resisted|p2b: Cheese\n|-damage|p2a: Jawbreaker|0 fnt\n|-damage|p2b: Cheese|58\/100\n|-unboost|p2b: Cheese|spa|1\n|faint|p2a: Jawbreaker\n|\n|-weather|SunnyDay|[upkeep]\n|upkeep\n|\n|t:|1696775245\n|switch|p2a: Raspberry|Mew, shiny|100\/100\n|turn|9\n|\n|t:|1696775259\n|move|p2a: Raspberry|Earth Power|p1a: Barking Bright\n|-supereffective|p1a: Barking Bright\n|-damage|p1a: Barking Bright|38\/100\n|move|p2b: Cheese|Air Slash|p1a: Barking Bright\n|-damage|p1a: Barking Bright|11\/100\n|cant|p1a: Barking Bright|flinch\n|\n|-weather|SunnyDay|[upkeep]\n|upkeep\n|turn|10\n|\n|t:|1696775274\n|move|p2a: Raspberry|Earth Power|p1a: Barking Bright\n|-supereffective|p1a: Barking Bright\n|-damage|p1a: Barking Bright|0 fnt\n|faint|p1a: Barking Bright\n|\n|win|Relleth\n|c|\u26062wb|see? i got my face punched in! :3\n","uploadtime":1696775282,"views":9,"p1id":"2wb","p2id":"relleth","formatid":"gen9nationaldexdoubles","rating":0,"private":0,"password":""}