{"id":"gen9nationaldexdoubles-1986445022","p1":"Edenpotato","p2":"Smoky_Man","format":"[Gen 9] National Dex Doubles","log":"|j|\u2606Edenpotato\n|j|\u2606Smoky_Man\n|t:|1699479845\n|gametype|doubles\n|player|p1|Edenpotato|pokemonrangerf|1276\n|player|p2|Smoky_Man|volo|1230\n|teamsize|p1|6\n|teamsize|p2|6\n|gen|9\n|tier|[Gen 9] National Dex Doubles\n|rated|\n|rule|HP Percentage Mod: HP is shown in percentages\n|rule|Endless Battle Clause: Forcing endless battles is banned\n|rule|OHKO Clause: OHKO moves are banned\n|rule|Evasion Moves Clause: Evasion moves are banned\n|rule|Evasion Abilities Clause: Evasion abilities are banned\n|rule|Species Clause: Limit one of each Pok\u00e9mon\n|rule|Gravity Sleep Clause: The combination of sleep-inducing moves with imperfect accuracy and Gravity or Gigantamax Orbeetle are banned\n|clearpoke\n|poke|p1|Clefable, M|\n|poke|p1|Gliscor, F|\n|poke|p1|Ogerpon-Hearthflame, F|\n|poke|p1|Murkrow, M|\n|poke|p1|Sinistcha-Masterpiece|\n|poke|p1|Houndstone, M|\n|poke|p2|Tyranitar, F|\n|poke|p2|Dracovish|\n|poke|p2|Ogerpon-Cornerstone, F|\n|poke|p2|Ursaluna-Bloodmoon, M|\n|poke|p2|Tornadus, M|\n|poke|p2|Marshadow|\n|teampreview\n|inactive|Battle timer is ON: inactive players will automatically lose when time's up. (requested by Edenpotato)\n|\n|t:|1699479862\n|start\n|switch|p1a: Gliscor|Gliscor, F|100\/100\n|switch|p1b: Murkrow|Murkrow, M|100\/100\n|switch|p2a: Walmartzilla 2|Tyranitar, F, shiny|100\/100\n|switch|p2b: Cupcake|Dracovish, shiny|100\/100\n|-weather|Sandstorm|[from] ability: Sand Stream|[of] p2a: Walmartzilla 2\n|turn|1\n|\n|t:|1699479873\n|detailschange|p2a: Walmartzilla 2|Tyranitar-Mega, F, shiny\n|-mega|p2a: Walmartzilla 2|Tyranitar|Tyranitarite\n|move|p1b: Murkrow|Tailwind|p1b: Murkrow\n|-sidestart|p1: Edenpotato|move: Tailwind\n|move|p1a: Gliscor|Swords Dance|p1a: Gliscor\n|-boost|p1a: Gliscor|atk|2\n|move|p2b: Cupcake|Fishious Rend|p1a: Gliscor\n|-supereffective|p1a: Gliscor\n|-damage|p1a: Gliscor|0 fnt\n|faint|p1a: Gliscor\n|move|p2a: Walmartzilla 2|Rock Slide|p1b: Murkrow\n|-supereffective|p1b: Murkrow\n|-damage|p1b: Murkrow|2\/100\n|\n|-weather|Sandstorm|[upkeep]\n|-damage|p1b: Murkrow|0 fnt|[from] Sandstorm\n|faint|p1b: Murkrow\n|upkeep\n|\n|t:|1699479892\n|switch|p1a: Ogerpon|Ogerpon-Hearthflame, F|100\/100\n|switch|p1b: Clefable|Clefable, M|100\/100\n|-ability|p1a: Ogerpon|Mold Breaker\n|turn|2\n|\n|t:|1699479904\n|move|p2a: Walmartzilla 2|Protect|p2a: Walmartzilla 2\n|-singleturn|p2a: Walmartzilla 2|Protect\n|move|p1a: Ogerpon|Horn Leech|p2a: Walmartzilla 2\n|-activate|p2a: Walmartzilla 2|move: Protect\n|move|p2b: Cupcake|Fishious Rend|p1b: Clefable\n|-damage|p1b: Clefable|0 fnt\n|faint|p1b: Clefable\n|\n|-weather|Sandstorm|[upkeep]\n|-damage|p1a: Ogerpon|95\/100|[from] Sandstorm\n|upkeep\n|\n|t:|1699479914\n|switch|p1b: Sinistcha|Sinistcha-Masterpiece|100\/100\n|-heal|p1a: Ogerpon|100\/100|[from] ability: Hospitality|[of] p1b: Sinistcha\n|turn|3\n|\n|t:|1699479939\n|switch|p2a: Perfect Cell|Tornadus, M, shiny|100\/100\n|move|p1a: Ogerpon|Horn Leech|p2a: Perfect Cell\n|-resisted|p2a: Perfect Cell\n|-damage|p2a: Perfect Cell|71\/100\n|move|p2b: Cupcake|Fishious Rend|p1a: Ogerpon\n|-damage|p1a: Ogerpon|21\/100\n|move|p1b: Sinistcha|Strength Sap|p2b: Cupcake\n|-unboost|p2b: Cupcake|atk|1\n|\n|-weather|Sandstorm|[upkeep]\n|-damage|p1a: Ogerpon|15\/100|[from] Sandstorm\n|-damage|p1b: Sinistcha|94\/100|[from] Sandstorm\n|-damage|p2a: Perfect Cell|65\/100|[from] Sandstorm\n|upkeep\n|turn|4\n|\n|t:|1699479966\n|-terastallize|p1a: Ogerpon|Fire\n|detailschange|p1a: Ogerpon|Ogerpon-Hearthflame-Tera, F, tera:Fire\n|-ability|p1a: Ogerpon|Embody Aspect (Hearthflame)|boost\n|-boost|p1a: Ogerpon|atk|1\n|move|p2a: Perfect Cell|Protect|p2a: Perfect Cell\n|-singleturn|p2a: Perfect Cell|Protect\n|move|p1a: Ogerpon|Knock Off|p2b: Cupcake\n|-damage|p2b: Cupcake|42\/100\n|-enditem|p2b: Cupcake|Choice Band|[from] move: Knock Off|[of] p1a: Ogerpon\n|move|p2b: Cupcake|Fishious Rend|p1a: Ogerpon\n|-supereffective|p1a: Ogerpon\n|-damage|p1a: Ogerpon|0 fnt\n|faint|p1a: Ogerpon\n|move|p1b: Sinistcha|Stun Spore|p2a: Perfect Cell\n|-activate|p2a: Perfect Cell|move: Protect\n|\n|-weather|Sandstorm|[upkeep]\n|-damage|p1b: Sinistcha|88\/100|[from] Sandstorm\n|-damage|p2a: Perfect Cell|59\/100|[from] Sandstorm\n|-sideend|p1: Edenpotato|move: Tailwind\n|upkeep\n|inactive|Edenpotato has 120 seconds left.\n|\n|t:|1699479982\n|switch|p1a: Houndstone|Houndstone, M|100\/100\n|turn|5\n|inactive|Edenpotato has 120 seconds left.\n|inactive|Smoky_Man has 120 seconds left.\n|\n|t:|1699480014\n|move|p2a: Perfect Cell|Tailwind|p2a: Perfect Cell\n|-sidestart|p2: Smoky_Man|move: Tailwind\n|move|p2b: Cupcake|Fishious Rend|p1a: Houndstone\n|-damage|p1a: Houndstone|72\/100\n|move|p1a: Houndstone|Last Respects|p2b: Cupcake\n|-damage|p2b: Cupcake|0 fnt\n|faint|p2b: Cupcake\n|move|p1b: Sinistcha|Stun Spore|p2a: Perfect Cell\n|-status|p2a: Perfect Cell|par\n|\n|-weather|none\n|upkeep\n|inactive|Smoky_Man has 120 seconds left.\n|\n|t:|1699480029\n|switch|p2b: Walmartzilla 2|Tyranitar-Mega, F, shiny|100\/100\n|-weather|Sandstorm|[from] ability: Sand Stream|[of] p2b: Walmartzilla 2\n|turn|6\n|\n|t:|1699480047\n|move|p2b: Walmartzilla 2|Crunch|p1a: Houndstone\n|-supereffective|p1a: Houndstone\n|-damage|p1a: Houndstone|4\/100\n|cant|p2a: Perfect Cell|par\n|move|p1a: Houndstone|Body Press|p2b: Walmartzilla 2\n|-supereffective|p2b: Walmartzilla 2\n|-damage|p2b: Walmartzilla 2|52\/100\n|move|p1b: Sinistcha|Matcha Gotcha|p2a: Perfect Cell|[spread] p2a,p2b\n|-resisted|p2a: Perfect Cell\n|-supereffective|p2b: Walmartzilla 2\n|-damage|p2a: Perfect Cell|46\/100 par\n|-heal|p1b: Sinistcha|97\/100|[from] drain|[of] p2a: Perfect Cell\n|-damage|p2b: Walmartzilla 2|25\/100\n|-heal|p1b: Sinistcha|100\/100|[from] drain|[of] p2b: Walmartzilla 2\n|\n|-weather|Sandstorm|[upkeep]\n|-damage|p2a: Perfect Cell|40\/100 par|[from] Sandstorm\n|-damage|p1a: Houndstone|0 fnt|[from] Sandstorm\n|-damage|p1b: Sinistcha|94\/100|[from] Sandstorm\n|faint|p1a: Houndstone\n|upkeep\n|turn|7\n|l|\u2606Edenpotato\n|inactive|Edenpotato disconnected and has a minute to reconnect!\n|player|p1|\n|\n|t:|1699480074\n|move|p2b: Walmartzilla 2|Protect|p2b: Walmartzilla 2\n|-singleturn|p2b: Walmartzilla 2|Protect\n|move|p2a: Perfect Cell|Bleakwind Storm|p1b: Sinistcha\n|-supereffective|p1b: Sinistcha\n|-damage|p1b: Sinistcha|0 fnt\n|faint|p1b: Sinistcha\n|\n|win|Smoky_Man\n|raw|Edenpotato's rating: 1276 &rarr; <strong>1248<\/strong><br \/>(-28 for losing)\n|raw|Smoky_Man's rating: 1230 &rarr; <strong>1258<\/strong><br \/>(+28 for winning)\n","uploadtime":1699480086,"views":21,"p1id":"edenpotato","p2id":"smokyman","formatid":"gen9nationaldexdoubles","rating":1248,"private":0,"password":""}