{"id":"gen9nationaldexdoubles-1959525624","p1":"dippdamacy","p2":"kpoc12","format":"[Gen 9] National Dex Doubles","log":"|j|\u2606dippdamacy\n|j|\u2606kpoc12\n|t:|1696434846\n|gametype|doubles\n|player|p1|dippdamacy|colress|\n|player|p2|kpoc12|ghetsis|\n|teamsize|p1|6\n|teamsize|p2|6\n|gen|9\n|tier|[Gen 9] National Dex Doubles\n|rule|HP Percentage Mod: HP is shown in percentages\n|rule|Endless Battle Clause: Forcing endless battles is banned\n|rule|OHKO Clause: OHKO moves are banned\n|rule|Evasion Moves Clause: Evasion moves are banned\n|rule|Evasion Abilities Clause: Evasion abilities are banned\n|rule|Species Clause: Limit one of each Pok\u00e9mon\n|rule|Gravity Sleep Clause: The combination of sleep-inducing moves with imperfect accuracy and Gravity or Gigantamax Orbeetle are banned\n|clearpoke\n|poke|p1|Magneton|\n|poke|p1|Rotom-Wash|\n|poke|p1|Metagross|\n|poke|p1|Beheeyem, M|\n|poke|p1|Magnezone|\n|poke|p1|Klinklang|\n|poke|p2|Cofagrigus, F|\n|poke|p2|Bouffalant, F|\n|poke|p2|Seismitoad, F|\n|poke|p2|Bisharp, M|\n|poke|p2|Eelektross, M|\n|poke|p2|Hydreigon, F|\n|teampreview\n|\n|t:|1696434872\n|start\n|switch|p1a: Maggy|Magneton, shiny|100\/100\n|switch|p1b: Beheeyem|Beheeyem, M|100\/100\n|switch|p2a: Cofagrigus|Cofagrigus, F|100\/100\n|switch|p2b: Bisharp|Bisharp, M|100\/100\n|turn|1\n|\n|t:|1696434931\n|switch|p1b: Rotom|Rotom-Wash|100\/100\n|move|p2b: Bisharp|Knock Off|p1b: Rotom\n|-damage|p1b: Rotom|49\/100\n|-enditem|p1b: Rotom|Life Orb|[from] move: Knock Off|[of] p2b: Bisharp\n|move|p1a: Maggy|Volt Switch|p2b: Bisharp\n|-damage|p2b: Bisharp|41\/100\n|\n|t:|1696434952\n|switch|p1a: Magnezone|Magnezone|100\/100|[from] Volt Switch\n|move|p2a: Cofagrigus|Shadow Ball|p1b: Rotom\n|-damage|p1b: Rotom|9\/100\n|\n|upkeep\n|turn|2\n|\n|t:|1696434981\n|switch|p2b: Eelektross|Eelektross, M|100\/100\n|move|p1b: Rotom|Will-O-Wisp|p2a: Cofagrigus\n|-status|p2a: Cofagrigus|brn\n|move|p1a: Magnezone|Thunderbolt|p2b: Eelektross\n|-resisted|p2b: Eelektross\n|-damage|p2b: Eelektross|67\/100\n|move|p2a: Cofagrigus|Shadow Ball|p1b: Rotom\n|-damage|p1b: Rotom|0 fnt\n|faint|p1b: Rotom\n|\n|-damage|p2a: Cofagrigus|94\/100 brn|[from] brn\n|upkeep\n|\n|t:|1696435001\n|switch|p1b: Maggy|Magneton, shiny|100\/100\n|turn|3\n|\n|t:|1696435043\n|move|p1b: Maggy|Tri Attack|p2b: Eelektross\n|-damage|p2b: Eelektross|36\/100\n|move|p1a: Magnezone|Thunderbolt|p2a: Cofagrigus\n|-damage|p2a: Cofagrigus|38\/100 brn\n|move|p2b: Eelektross|Close Combat|p1b: Maggy\n|-supereffective|p1b: Maggy\n|-damage|p1b: Maggy|36\/100\n|-unboost|p2b: Eelektross|def|1\n|-unboost|p2b: Eelektross|spd|1\n|move|p2a: Cofagrigus|Trick Room|p2a: Cofagrigus\n|-fieldstart|move: Trick Room|[of] p2a: Cofagrigus\n|\n|-heal|p2a: Cofagrigus|44\/100 brn|[from] item: Leftovers\n|-damage|p2a: Cofagrigus|38\/100 brn|[from] brn\n|upkeep\n|turn|4\n|j| AutumnCookie\n|\n|t:|1696435076\n|move|p2a: Cofagrigus|Shadow Ball|p1b: Maggy\n|-damage|p1b: Maggy|0 fnt\n|faint|p1b: Maggy\n|move|p2b: Eelektross|Close Combat|p1a: Magnezone\n|-supereffective|p1a: Magnezone\n|-damage|p1a: Magnezone|29\/100\n|-unboost|p2b: Eelektross|def|1\n|-unboost|p2b: Eelektross|spd|1\n|move|p1a: Magnezone|Thunderbolt|p2a: Cofagrigus\n|-damage|p2a: Cofagrigus|0 fnt\n|faint|p2a: Cofagrigus\n|\n|upkeep\n|\n|t:|1696435093\n|switch|p2a: Bouffalant|Bouffalant, F|100\/100\n|switch|p1b: Beheeyem|Beheeyem, M|100\/100\n|turn|5\n|l| AutumnCookie\n|\n|t:|1696435129\n|move|p1b: Beheeyem|Calm Mind|p1b: Beheeyem\n|-boost|p1b: Beheeyem|spa|1\n|-boost|p1b: Beheeyem|spd|1\n|move|p2b: Eelektross|Acrobatics|p1b: Beheeyem\n|-damage|p1b: Beheeyem|67\/100\n|move|p2a: Bouffalant|Earthquake|p1a: Magnezone|[spread] p1a,p1b\n|-immune|p2b: Eelektross|[from] ability: Levitate\n|-supereffective|p1a: Magnezone\n|-damage|p1a: Magnezone|0 fnt\n|-damage|p1b: Beheeyem|47\/100\n|faint|p1a: Magnezone\n|\n|-heal|p1b: Beheeyem|53\/100|[from] item: Leftovers\n|upkeep\n|j| AutumnCookie\n|\n|t:|1696435142\n|switch|p1a: Metagross|Metagross|100\/100\n|turn|6\n|l| AutumnCookie\n|\n|t:|1696435172\n|move|p1b: Beheeyem|Energy Ball|p2b: Eelektross\n|-damage|p2b: Eelektross|0 fnt\n|faint|p2b: Eelektross\n|move|p2a: Bouffalant|Head Charge|p1b: Beheeyem\n|-damage|p1b: Beheeyem|0 fnt\n|faint|p1b: Beheeyem\n|-damage|p2a: Bouffalant|89\/100|[from] Recoil\n|move|p1a: Metagross|Meteor Mash|p2a: Bouffalant\n|-damage|p2a: Bouffalant|36\/100\n|\n|upkeep\n|j| AutumnCookie\n|c|\u2606dippdamacy|Oh Dear\n|\n|t:|1696435186\n|switch|p1b: Klinklang|Klinklang|100\/100\n|switch|p2b: Hydreigon|Hydreigon, F|100\/100\n|-item|p1b: Klinklang|Air Balloon\n|turn|7\n|c|\u2606kpoc12|FINALLY ITS DEAD\n|c|\u2606kpoc12|\/\/SILLY\n|l| AutumnCookie\n|j| AutumnCookie\n|\n|t:|1696435240\n|-terastallize|p1b: Klinklang|Steel\n|move|p2a: Bouffalant|Earthquake|p1a: Metagross|[spread] p1a\n|-immune|p2b: Hydreigon|[from] ability: Levitate\n|-immune|p1b: Klinklang\n|-supereffective|p1a: Metagross\n|-damage|p1a: Metagross|55\/100\n|move|p1a: Metagross|Rock Slide|p2a: Bouffalant|[spread] p2a,p2b\n|-damage|p2a: Bouffalant|13\/100\n|-damage|p2b: Hydreigon|72\/100\n|move|p1b: Klinklang|Gear Grind|p2a: Bouffalant\n|-damage|p2a: Bouffalant|0 fnt\n|faint|p2a: Bouffalant\n|-hitcount|p2: Bouffalant|1\n|cant|p2b: Hydreigon|flinch\n|\n|-fieldend|move: Trick Room\n|upkeep\n|\n|t:|1696435255\n|switch|p2a: Seismitoad|Seismitoad, F|100\/100\n|turn|8\n|l| AutumnCookie\n|c|\u2606kpoc12|flinch might have fucked me\n|c|\u2606dippdamacy|:3\n|\n|t:|1696435287\n|move|p2b: Hydreigon|Fire Blast|p1b: Klinklang\n|-supereffective|p1b: Klinklang\n|-damage|p1b: Klinklang|0 fnt\n|-enditem|p1b: Klinklang|Air Balloon\n|faint|p1b: Klinklang\n|-damage|p2b: Hydreigon|62\/100|[from] item: Life Orb\n|move|p2a: Seismitoad|Earthquake|p1a: Metagross|[spread] p1a\n|-immune|p2b: Hydreigon|[from] ability: Levitate\n|-supereffective|p1a: Metagross\n|-damage|p1a: Metagross|9\/100\n|move|p1a: Metagross|Zen Headbutt|p2a: Seismitoad\n|-damage|p2a: Seismitoad|28\/100\n|\n|-heal|p2a: Seismitoad|34\/100|[from] item: Leftovers\n|upkeep\n|turn|9\n|c|\u2606dippdamacy|DIES ON THE SPOT\n|j| AutumnCookie\n|\n|t:|1696435312\n|move|p2b: Hydreigon|Dragon Pulse|p1a: Metagross\n|-resisted|p1a: Metagross\n|-damage|p1a: Metagross|0 fnt\n|faint|p1a: Metagross\n|-damage|p2b: Hydreigon|52\/100|[from] item: Life Orb\n|\n|win|kpoc12\n|c|\u2606kpoc12|gg\n|c|\u2606dippdamacy|i might make my own colress team tbh\n","uploadtime":1696435321,"views":16,"p1id":"dippdamacy","p2id":"kpoc12","formatid":"gen9nationaldexdoubles","rating":0,"private":0,"password":""}