{"id":"gen9nationaldexdoubles-1987869373","p1":"Ashbert","p2":"No Taunt Pls","format":"[Gen 9] National Dex Doubles","log":"|j|\u2606Ashbert\n|j|\u2606No Taunt Pls\n|t:|1699644360\n|gametype|doubles\n|player|p1|Ashbert|artist-gen4|1000\n|player|p2|No Taunt Pls|101|1070\n|teamsize|p1|6\n|teamsize|p2|6\n|gen|9\n|tier|[Gen 9] National Dex Doubles\n|rated|\n|rule|HP Percentage Mod: HP is shown in percentages\n|rule|Endless Battle Clause: Forcing endless battles is banned\n|rule|OHKO Clause: OHKO moves are banned\n|rule|Evasion Moves Clause: Evasion moves are banned\n|rule|Evasion Abilities Clause: Evasion abilities are banned\n|rule|Species Clause: Limit one of each Pok\u00e9mon\n|rule|Gravity Sleep Clause: The combination of sleep-inducing moves with imperfect accuracy and Gravity or Gigantamax Orbeetle are banned\n|clearpoke\n|poke|p1|Torterra, F|\n|poke|p1|Camerupt, M|\n|poke|p1|Krookodile, F|\n|poke|p1|Rhyperior, M|\n|poke|p1|Landorus, M|\n|poke|p1|Claydol|\n|poke|p2|Ting-Lu|\n|poke|p2|Slowking-Galar, M|\n|poke|p2|Salazzle, F|\n|poke|p2|Gliscor, F|\n|poke|p2|Glimmora, F|\n|poke|p2|Dragonite, F|\n|teampreview\n|inactive|Battle timer is ON: inactive players will automatically lose when time's up. (requested by No Taunt Pls)\n|inactive|No Taunt Pls has 120 seconds left.\n|\n|t:|1699644408\n|start\n|switch|p1a: Krookodile|Krookodile, F|100\/100\n|switch|p1b: Camerupt|Camerupt, M|100\/100\n|switch|p2a: Ting-Lu|Ting-Lu|100\/100\n|switch|p2b: Glimmora|Glimmora, F|100\/100\n|-ability|p2a: Ting-Lu|Vessel of Ruin\n|turn|1\n|inactive|Ashbert has 120 seconds left.\n|\n|t:|1699644442\n|detailschange|p1b: Camerupt|Camerupt-Mega, M\n|-mega|p1b: Camerupt|Camerupt|Cameruptite\n|-terastallize|p1a: Krookodile|Ground\n|move|p2b: Glimmora|Iron Defense|p2b: Glimmora\n|-boost|p2b: Glimmora|def|2\n|move|p1a: Krookodile|Superpower|p2a: Ting-Lu\n|-supereffective|p2a: Ting-Lu\n|-damage|p2a: Ting-Lu|64\/100\n|-unboost|p1a: Krookodile|atk|1\n|-unboost|p1a: Krookodile|def|1\n|move|p2a: Ting-Lu|Spikes|p1a: Krookodile\n|-sidestart|p1: Ashbert|Spikes\n|move|p1b: Camerupt|Eruption|p2a: Ting-Lu|[spread] p2a,p2b\n|-resisted|p2b: Glimmora\n|-damage|p2a: Ting-Lu|34\/100\n|-damage|p2b: Glimmora|77\/100\n|\n|-heal|p2a: Ting-Lu|41\/100|[from] item: Leftovers\n|upkeep\n|turn|2\n|inactive|Ashbert has 120 seconds left.\n|inactive|No Taunt Pls has 120 seconds left.\n|\n|t:|1699644486\n|move|p2a: Ting-Lu|Protect|p2a: Ting-Lu\n|-singleturn|p2a: Ting-Lu|Protect\n|move|p2b: Glimmora|Toxic|p1b: Camerupt\n|-status|p1b: Camerupt|tox\n|move|p1a: Krookodile|Close Combat|p2a: Ting-Lu\n|-activate|p2a: Ting-Lu|move: Protect\n|move|p1b: Camerupt|Eruption|p2b: Glimmora|[spread] p2b\n|-activate|p2a: Ting-Lu|move: Protect\n|-resisted|p2b: Glimmora\n|-damage|p2b: Glimmora|54\/100\n|\n|-heal|p2a: Ting-Lu|47\/100|[from] item: Leftovers\n|-damage|p1b: Camerupt|94\/100 tox|[from] psn\n|upkeep\n|turn|3\n|inactive|Ashbert has 120 seconds left.\n|inactive|No Taunt Pls has 120 seconds left.\n|\n|t:|1699644506\n|move|p2b: Glimmora|Toxic|p1a: Krookodile\n|-status|p1a: Krookodile|tox\n|move|p1a: Krookodile|Earthquake|p2a: Ting-Lu|[spread] p1b,p2a,p2b\n|-supereffective|p1b: Camerupt\n|-supereffective|p2b: Glimmora\n|-damage|p1b: Camerupt|23\/100 tox\n|-damage|p2a: Ting-Lu|33\/100\n|-damage|p2b: Glimmora|0 fnt\n|faint|p2b: Glimmora\n|move|p2a: Ting-Lu|Stealth Rock|p1a: Krookodile\n|-sidestart|p1: Ashbert|move: Stealth Rock\n|move|p1b: Camerupt|Eruption|p2a: Ting-Lu\n|-damage|p2a: Ting-Lu|22\/100\n|\n|-heal|p2a: Ting-Lu|28\/100|[from] item: Leftovers\n|-damage|p1a: Krookodile|94\/100 tox|[from] psn\n|-damage|p1b: Camerupt|11\/100 tox|[from] psn\n|upkeep\n|inactive|No Taunt Pls has 120 seconds left.\n|\n|t:|1699644519\n|switch|p2b: Gliscor|Gliscor, F, shiny|100\/100\n|turn|4\n|\n|t:|1699644536\n|move|p2b: Gliscor|Protect|p2b: Gliscor\n|-singleturn|p2b: Gliscor|Protect\n|move|p2a: Ting-Lu|Protect|p2a: Ting-Lu\n|-singleturn|p2a: Ting-Lu|Protect\n|move|p1a: Krookodile|Superpower|p2a: Ting-Lu\n|-activate|p2a: Ting-Lu|move: Protect\n|move|p1b: Camerupt|Zen Headbutt|p2b: Gliscor\n|-activate|p2b: Gliscor|move: Protect\n|\n|-heal|p2a: Ting-Lu|35\/100|[from] item: Leftovers\n|-damage|p1a: Krookodile|82\/100 tox|[from] psn\n|-damage|p1b: Camerupt|0 fnt|[from] psn\n|faint|p1b: Camerupt\n|-status|p2b: Gliscor|tox|[from] item: Toxic Orb\n|upkeep\n|\n|t:|1699644552\n|switch|p1b: Rhyperior|Rhyperior, M|100\/100\n|-damage|p1b: Rhyperior|88\/100|[from] Spikes\n|-damage|p1b: Rhyperior|82\/100|[from] Stealth Rock\n|turn|5\n|\n|t:|1699644572\n|move|p2b: Gliscor|Toxic Spikes|p1a: Krookodile\n|-sidestart|p1: Ashbert|move: Toxic Spikes\n|move|p1a: Krookodile|Superpower|p2a: Ting-Lu\n|-supereffective|p2a: Ting-Lu\n|-damage|p2a: Ting-Lu|10\/100\n|-unboost|p1a: Krookodile|atk|1\n|-unboost|p1a: Krookodile|def|1\n|move|p2a: Ting-Lu|Spikes|p1a: Krookodile\n|-sidestart|p1: Ashbert|Spikes\n|move|p1b: Rhyperior|Shadow Claw|p2b: Gliscor\n|-damage|p2b: Gliscor|78\/100 tox\n|\n|-heal|p2a: Ting-Lu|16\/100|[from] item: Leftovers\n|-heal|p2b: Gliscor|90\/100 tox|[from] ability: Poison Heal\n|-damage|p1a: Krookodile|64\/100 tox|[from] psn\n|upkeep\n|turn|6\n|\n|t:|1699644595\n|move|p2b: Gliscor|Toxic Spikes|p1b: Rhyperior\n|-sidestart|p1: Ashbert|move: Toxic Spikes\n|move|p1a: Krookodile|Close Combat|p2a: Ting-Lu\n|-supereffective|p2a: Ting-Lu\n|-damage|p2a: Ting-Lu|0 fnt\n|-unboost|p1a: Krookodile|def|1\n|-unboost|p1a: Krookodile|spd|1\n|faint|p2a: Ting-Lu\n|move|p1b: Rhyperior|Fire Blast|p2b: Gliscor\n|-damage|p2b: Gliscor|77\/100 tox\n|\n|-heal|p2b: Gliscor|90\/100 tox|[from] ability: Poison Heal\n|-damage|p1a: Krookodile|40\/100 tox|[from] psn\n|upkeep\n|\n|t:|1699644617\n|switch|p2a: Dragonite|Dragonite, F|100\/100\n|turn|7\n|\n|t:|1699644644\n|move|p2b: Gliscor|Protect|p2b: Gliscor\n|-singleturn|p2b: Gliscor|Protect\n|move|p1a: Krookodile|Superpower|p2b: Gliscor\n|-activate|p2b: Gliscor|move: Protect\n|move|p1b: Rhyperior|Seismic Toss|p2a: Dragonite\n|-damage|p2a: Dragonite|75\/100\n|move|p2a: Dragonite|Roar|p1b: Rhyperior\n|drag|p1b: Claydol|Claydol|100\/100\n|-damage|p1b: Claydol|94\/100|[from] Stealth Rock\n|\n|-heal|p2a: Dragonite|81\/100|[from] item: Leftovers\n|-heal|p2b: Gliscor|100\/100 tox|[from] ability: Poison Heal\n|-damage|p1a: Krookodile|9\/100 tox|[from] psn\n|upkeep\n|turn|8\n|inactive|Ashbert has 120 seconds left.\n|inactive|No Taunt Pls has 120 seconds left.\n|\n|t:|1699644700\n|switch|p2b: Slowking|Slowking-Galar, M|100\/100\n|move|p2a: Dragonite|Roost|p2a: Dragonite\n|-heal|p2a: Dragonite|100\/100\n|-singleturn|p2a: Dragonite|move: Roost\n|move|p1a: Krookodile|Close Combat|p2a: Dragonite\n|-damage|p2a: Dragonite|90\/100\n|-unboost|p1a: Krookodile|def|1\n|-unboost|p1a: Krookodile|spd|1\n|move|p1b: Claydol|Smack Down|p2b: Slowking\n|-damage|p2b: Slowking|92\/100\n|-heal|p1b: Claydol|96\/100|[from] item: Shell Bell|[of] p2b: Slowking\n|\n|-heal|p2a: Dragonite|96\/100|[from] item: Leftovers\n|-heal|p2b: Slowking|98\/100|[from] item: Black Sludge\n|-damage|p1a: Krookodile|0 fnt|[from] psn\n|faint|p1a: Krookodile\n|upkeep\n|inactive|Ashbert has 120 seconds left.\n|\n|t:|1699644725\n|switch|p1a: Landorus|Landorus, M|100\/100\n|-damage|p1a: Landorus|88\/100|[from] Stealth Rock\n|turn|9\n|inactive|Ashbert has 120 seconds left.\n|inactive|No Taunt Pls has 120 seconds left.\n|\n|t:|1699644746\n|move|p1a: Landorus|Iron Tail|p2a: Dragonite\n|-damage|p2a: Dragonite|64\/100\n|-unboost|p2a: Dragonite|def|1\n|move|p1b: Claydol|Expanding Force|p2b: Slowking\n|-damage|p2b: Slowking|75\/100\n|-heal|p1b: Claydol|99\/100|[from] item: Shell Bell|[of] p2b: Slowking\n|move|p2b: Slowking|Toxic|p1b: Claydol\n|-status|p1b: Claydol|tox\n|move|p2a: Dragonite|Roar|p1a: Landorus\n|drag|p1a: Rhyperior|Rhyperior, M|82\/100\n|-damage|p1a: Rhyperior|65\/100|[from] Spikes\n|-damage|p1a: Rhyperior|59\/100|[from] Stealth Rock\n|-status|p1a: Rhyperior|tox\n|\n|-heal|p2a: Dragonite|70\/100|[from] item: Leftovers\n|-heal|p2b: Slowking|81\/100|[from] item: Black Sludge\n|-damage|p1b: Claydol|93\/100 tox|[from] psn\n|-damage|p1a: Rhyperior|53\/100 tox|[from] psn\n|upkeep\n|turn|10\n|inactive|Ashbert has 120 seconds left.\n|inactive|No Taunt Pls has 120 seconds left.\n|\n|t:|1699644770\n|-terastallize|p2b: Slowking|Ghost\n|move|p2a: Dragonite|Roost|p2a: Dragonite\n|-heal|p2a: Dragonite|100\/100\n|-singleturn|p2a: Dragonite|move: Roost\n|move|p1b: Claydol|Smack Down|p2a: Dragonite\n|-damage|p2a: Dragonite|94\/100\n|-heal|p1b: Claydol|94\/100 tox|[from] item: Shell Bell|[of] p2a: Dragonite\n|move|p1a: Rhyperior|Shadow Claw|p2b: Slowking\n|-supereffective|p2b: Slowking\n|-crit|p2b: Slowking\n|-damage|p2b: Slowking|16\/100\n|move|p2b: Slowking|Slack Off|p2b: Slowking\n|-heal|p2b: Slowking|66\/100\n|\n|-heal|p2a: Dragonite|99\/100|[from] item: Leftovers\n|-damage|p2b: Slowking|53\/100|[from] item: Black Sludge\n|-damage|p1b: Claydol|82\/100 tox|[from] psn\n|-damage|p1a: Rhyperior|41\/100 tox|[from] psn\n|upkeep\n|turn|11\n|inactive|Ashbert has 120 seconds left.\n|\n|t:|1699644794\n|move|p1b: Claydol|Expanding Force|p2b: Slowking\n|-damage|p2b: Slowking|29\/100\n|-heal|p1b: Claydol|86\/100 tox|[from] item: Shell Bell|[of] p2b: Slowking\n|move|p1a: Rhyperior|Shadow Claw|p2b: Slowking\n|-supereffective|p2b: Slowking\n|-damage|p2b: Slowking|0 fnt\n|faint|p2b: Slowking\n|move|p2a: Dragonite|Roar|p1a: Rhyperior\n|drag|p1a: Torterra|Torterra, F|100\/100\n|-damage|p1a: Torterra|84\/100|[from] Spikes\n|-damage|p1a: Torterra|78\/100|[from] Stealth Rock\n|-status|p1a: Torterra|tox\n|\n|-heal|p2a: Dragonite|100\/100|[from] item: Leftovers\n|-damage|p1b: Claydol|67\/100 tox|[from] psn\n|-damage|p1a: Torterra|72\/100 tox|[from] psn\n|upkeep\n|inactive|No Taunt Pls has 120 seconds left.\n|inactive|No Taunt Pls has 90 seconds left.\n|inactive|No Taunt Pls has 60 seconds left.\n|\n|t:|1699644881\n|switch|p2b: Gliscor|Gliscor, F, shiny|100\/100 tox\n|turn|12\n|\n|t:|1699644906\n|move|p2b: Gliscor|Protect|p2b: Gliscor\n|-singleturn|p2b: Gliscor|Protect\n|move|p1b: Claydol|Expanding Force|p2a: Dragonite\n|-damage|p2a: Dragonite|88\/100\n|-heal|p1b: Claydol|69\/100 tox|[from] item: Shell Bell|[of] p2a: Dragonite\n|move|p1a: Torterra|Stone Edge|p2b: Gliscor\n|-activate|p2b: Gliscor|move: Protect\n|move|p2a: Dragonite|Roar|p1a: Torterra\n|drag|p1a: Rhyperior|Rhyperior, M|41\/100 tox\n|-damage|p1a: Rhyperior|25\/100 tox|[from] Spikes\n|-damage|p1a: Rhyperior|19\/100 tox|[from] Stealth Rock\n|\n|-heal|p2a: Dragonite|95\/100|[from] item: Leftovers\n|-damage|p1b: Claydol|44\/100 tox|[from] psn\n|-damage|p1a: Rhyperior|13\/100 tox|[from] psn\n|upkeep\n|turn|13\n|inactive|No Taunt Pls has 60 seconds left.\n|\n|t:|1699644960\n|move|p2b: Gliscor|Toxic Spikes||[still]\n|-fail|p2b: Gliscor\n|move|p1b: Claydol|Expanding Force|p2b: Gliscor\n|-damage|p2b: Gliscor|75\/100 tox\n|-heal|p1b: Claydol|48\/100 tox|[from] item: Shell Bell|[of] p2b: Gliscor\n|move|p1a: Rhyperior|Shadow Claw|p2a: Dragonite\n|-damage|p2a: Dragonite|56\/100\n|move|p2a: Dragonite|Roar|p1a: Rhyperior\n|drag|p1a: Landorus|Landorus, M|88\/100\n|-damage|p1a: Landorus|76\/100|[from] Stealth Rock\n|\n|-heal|p2a: Dragonite|62\/100|[from] item: Leftovers\n|-heal|p1a: Landorus|82\/100|[from] item: Leftovers\n|-heal|p2b: Gliscor|88\/100 tox|[from] ability: Poison Heal\n|-damage|p1b: Claydol|17\/100 tox|[from] psn\n|upkeep\n|turn|14\n|inactive|No Taunt Pls has 60 seconds left.\n|\n|t:|1699644984\n|move|p2a: Dragonite|Toxic|p1a: Landorus\n|-status|p1a: Landorus|tox\n|move|p2b: Gliscor|Roost|p2b: Gliscor\n|-heal|p2b: Gliscor|100\/100 tox\n|-singleturn|p2b: Gliscor|move: Roost\n|move|p1a: Landorus|Iron Tail|p2a: Dragonite\n|-damage|p2a: Dragonite|14\/100\n|move|p1b: Claydol|Smack Down|p2b: Gliscor\n|-resisted|p2b: Gliscor\n|-crit|p2b: Gliscor\n|-damage|p2b: Gliscor|94\/100 tox\n|-heal|p1b: Claydol|18\/100 tox|[from] item: Shell Bell|[of] p2b: Gliscor\n|\n|-heal|p2a: Dragonite|21\/100|[from] item: Leftovers\n|-heal|p1a: Landorus|88\/100 tox|[from] item: Leftovers\n|-heal|p2b: Gliscor|100\/100 tox|[from] ability: Poison Heal\n|-damage|p1a: Landorus|82\/100 tox|[from] psn\n|-damage|p1b: Claydol|0 fnt|[from] psn\n|faint|p1b: Claydol\n|upkeep\n|inactive|Ashbert has 120 seconds left.\n|\n|t:|1699645002\n|switch|p1b: Rhyperior|Rhyperior, M|13\/100 tox\n|-damage|p1b: Rhyperior|0 fnt|[from] Spikes\n|faint|p1b: Rhyperior\n|\n|t:|1699645006\n|switch|p1b: Torterra|Torterra, F|72\/100 tox\n|-damage|p1b: Torterra|55\/100 tox|[from] Spikes\n|-damage|p1b: Torterra|49\/100 tox|[from] Stealth Rock\n|turn|15\n|\n|t:|1699645024\n|move|p2a: Dragonite|Roost|p2a: Dragonite\n|-heal|p2a: Dragonite|71\/100\n|-singleturn|p2a: Dragonite|move: Roost\n|move|p2b: Gliscor|Roost||[still]\n|-fail|p2b: Gliscor|heal\n|move|p1a: Landorus|Iron Tail|p2a: Dragonite\n|-damage|p2a: Dragonite|20\/100\n|move|p1b: Torterra|Superpower|p2b: Gliscor\n|-resisted|p2b: Gliscor\n|-damage|p2b: Gliscor|85\/100 tox\n|-unboost|p1b: Torterra|atk|1\n|-unboost|p1b: Torterra|def|1\n|\n|-heal|p2a: Dragonite|26\/100|[from] item: Leftovers\n|-heal|p1a: Landorus|88\/100 tox|[from] item: Leftovers\n|-heal|p2b: Gliscor|98\/100 tox|[from] ability: Poison Heal\n|-damage|p1a: Landorus|76\/100 tox|[from] psn\n|-damage|p1b: Torterra|43\/100 tox|[from] psn\n|upkeep\n|turn|16\n|\n|t:|1699645048\n|switch|p2a: Salazzle|Salazzle, F|100\/100\n|move|p2b: Gliscor|Protect|p2b: Gliscor\n|-singleturn|p2b: Gliscor|Protect\n|move|p1a: Landorus|Iron Tail|p2a: Salazzle\n|-resisted|p2a: Salazzle\n|-damage|p2a: Salazzle|72\/100\n|move|p1b: Torterra|Crunch|p2b: Gliscor\n|-activate|p2b: Gliscor|move: Protect\n|\n|-heal|p2a: Salazzle|78\/100|[from] item: Black Sludge\n|-heal|p1a: Landorus|82\/100 tox|[from] item: Leftovers\n|-heal|p2b: Gliscor|100\/100 tox|[from] ability: Poison Heal\n|-damage|p1a: Landorus|64\/100 tox|[from] psn\n|-damage|p1b: Torterra|30\/100 tox|[from] psn\n|upkeep\n|turn|17\n|\n|t:|1699645072\n|move|p2a: Salazzle|Protect|p2a: Salazzle\n|-singleturn|p2a: Salazzle|Protect\n|move|p2b: Gliscor|Roost||[still]\n|-fail|p2b: Gliscor|heal\n|move|p1a: Landorus|Earthquake|p2a: Salazzle|[spread] p1b\n|-activate|p2a: Salazzle|move: Protect\n|-immune|p2b: Gliscor\n|-resisted|p1b: Torterra\n|-damage|p1b: Torterra|4\/100 tox\n|move|p1b: Torterra|Superpower|p2a: Salazzle\n|-activate|p2a: Salazzle|move: Protect\n|\n|-heal|p2a: Salazzle|85\/100|[from] item: Black Sludge\n|-heal|p1a: Landorus|70\/100 tox|[from] item: Leftovers\n|-damage|p1a: Landorus|46\/100 tox|[from] psn\n|-damage|p1b: Torterra|0 fnt|[from] psn\n|faint|p1b: Torterra\n|upkeep\n|turn|18\n|inactive|No Taunt Pls has 120 seconds left.\n|\n|t:|1699645090\n|move|p2a: Salazzle|Taunt|p1a: Landorus\n|-start|p1a: Landorus|move: Taunt\n|move|p2b: Gliscor|Defog|p1a: Landorus\n|-unboost|p1a: Landorus|evasion|1\n|-sideend|p1: Ashbert|Spikes|[from] move: Defog|[of] p2b: Gliscor\n|-sideend|p1: Ashbert|Toxic Spikes|[from] move: Defog|[of] p2b: Gliscor\n|-sideend|p1: Ashbert|Stealth Rock|[from] move: Defog|[of] p2b: Gliscor\n|move|p1a: Landorus|Earthquake|p2a: Salazzle|[spread] p2a\n|-immune|p2b: Gliscor\n|-supereffective|p2a: Salazzle\n|-damage|p2a: Salazzle|0 fnt\n|faint|p2a: Salazzle\n|\n|-heal|p1a: Landorus|52\/100 tox|[from] item: Leftovers\n|-damage|p1a: Landorus|22\/100 tox|[from] psn\n|upkeep\n|\n|t:|1699645093\n|switch|p2a: Dragonite|Dragonite, F|26\/100\n|turn|19\n|\n|t:|1699645106\n|move|p2a: Dragonite|Roost|p2a: Dragonite\n|-heal|p2a: Dragonite|76\/100\n|-singleturn|p2a: Dragonite|move: Roost\n|move|p2b: Gliscor|Defog|p1a: Landorus\n|-unboost|p1a: Landorus|evasion|1\n|move|p1a: Landorus|Iron Tail|p2a: Dragonite\n|-damage|p2a: Dragonite|42\/100\n|\n|-heal|p2a: Dragonite|48\/100|[from] item: Leftovers\n|-heal|p1a: Landorus|28\/100 tox|[from] item: Leftovers\n|-damage|p1a: Landorus|0 fnt|[from] psn\n|faint|p1a: Landorus\n|\n|win|No Taunt Pls\n|upkeep\n|raw|Ashbert's rating: 1000 &rarr; <strong>1000<\/strong><br \/>(+0 for losing)\n|raw|No Taunt Pls's rating: 1070 &rarr; <strong>1094<\/strong><br \/>(+24 for winning)\n","uploadtime":1699645121,"views":5,"p1id":"ashbert","p2id":"notauntpls","formatid":"gen9nationaldexdoubles","rating":1000,"private":0,"password":""}