{"id":"gen9nationaldexdoubles-1961374954","p1":"Junky Dummy","p2":"Real Bani-Banani","format":"[Gen 9] National Dex Doubles","log":"|j|\u2606Junky Dummy\n|j|\u2606Real Bani-Banani\n|t:|1696619751\n|gametype|doubles\n|player|p1|Junky Dummy|265|1212\n|player|p2|Real Bani-Banani|rocketgruntf|1098\n|teamsize|p1|6\n|teamsize|p2|6\n|gen|9\n|tier|[Gen 9] National Dex Doubles\n|rated|\n|rule|HP Percentage Mod: HP is shown in percentages\n|rule|Endless Battle Clause: Forcing endless battles is banned\n|rule|OHKO Clause: OHKO moves are banned\n|rule|Evasion Moves Clause: Evasion moves are banned\n|rule|Evasion Abilities Clause: Evasion abilities are banned\n|rule|Species Clause: Limit one of each Pok\u00e9mon\n|rule|Gravity Sleep Clause: The combination of sleep-inducing moves with imperfect accuracy and Gravity or Gigantamax Orbeetle are banned\n|clearpoke\n|poke|p1|Charizard, M|\n|poke|p1|Chi-Yu|\n|poke|p1|Flutter Mane|\n|poke|p1|Whimsicott, M|\n|poke|p1|Kingambit, F|\n|poke|p1|Landorus-Therian, M|\n|poke|p2|Furret, M|\n|poke|p2|Eelektross, M|\n|poke|p2|Sableye, F|\n|poke|p2|Drifblim, M|\n|poke|p2|Vanilluxe, M|\n|poke|p2|Carbink|\n|teampreview\n|inactive|Battle timer is ON: inactive players will automatically lose when time's up. (requested by Junky Dummy)\n|\n|t:|1696619761\n|start\n|switch|p1a: Charizard|Charizard, M, shiny|100\/100\n|switch|p1b: Chi-Yu|Chi-Yu|100\/100\n|switch|p2a: BananaForScale|Furret, M|100\/100\n|switch|p2b: FrostAtronach|Vanilluxe, M|100\/100\n|-item|p1a: Charizard|Charizardite Y|[from] ability: Frisk|[of] p2a: BananaForScale|[identify]\n|-item|p1b: Chi-Yu|Focus Sash|[from] ability: Frisk|[of] p2a: BananaForScale|[identify]\n|-ability|p1b: Chi-Yu|Beads of Ruin\n|turn|1\n|\n|t:|1696619779\n|detailschange|p1a: Charizard|Charizard-Mega-Y, M, shiny\n|-mega|p1a: Charizard|Charizard|Charizardite Y\n|-weather|SunnyDay|[from] ability: Drought|[of] p1a: Charizard\n|-terastallize|p2b: FrostAtronach|Water\n|move|p2a: BananaForScale|Trick|p1b: Chi-Yu\n|-activate|p2a: BananaForScale|move: Trick|[of] p1b: Chi-Yu\n|-item|p1b: Chi-Yu|Choice Scarf|[from] move: Trick\n|-item|p2a: BananaForScale|Focus Sash|[from] move: Trick\n|move|p1b: Chi-Yu|Heat Wave|p2a: BananaForScale|[spread] p2b\n|-miss|p1b: Chi-Yu|p2a: BananaForScale\n|-resisted|p2b: FrostAtronach\n|-damage|p2b: FrostAtronach|56\/100\n|move|p1a: Charizard|Heat Wave|p2b: FrostAtronach|[spread] p2a,p2b\n|-resisted|p2b: FrostAtronach\n|-enditem|p2a: BananaForScale|Focus Sash\n|-damage|p2a: BananaForScale|1\/100\n|-damage|p2b: FrostAtronach|10\/100\n|move|p2b: FrostAtronach|Rain Dance|p2b: FrostAtronach\n|-weather|RainDance\n|\n|-weather|RainDance|[upkeep]\n|upkeep\n|turn|2\n|inactive|Junky Dummy has 120 seconds left.\n|\n|t:|1696619813\n|switch|p1b: Flutter Mane|Flutter Mane|100\/100\n|switch|p1a: Whimsicott|Whimsicott, M, shiny|100\/100\n|move|p2b: FrostAtronach|Endure|p2b: FrostAtronach\n|-singleturn|p2b: FrostAtronach|move: Endure\n|move|p2a: BananaForScale|U-turn|p1b: Flutter Mane\n|-resisted|p1b: Flutter Mane\n|-damage|p1b: Flutter Mane|93\/100\n|\n|t:|1696619824\n|switch|p2a: TheRetchingNetch|Drifblim, M|100\/100|[from] U-turn\n|\n|-weather|RainDance|[upkeep]\n|upkeep\n|turn|3\n|\n|t:|1696619844\n|switch|p2b: BananaForScale|Furret, M|1\/100\n|-item|p1a: Whimsicott|Covert Cloak|[from] ability: Frisk|[of] p2b: BananaForScale|[identify]\n|-item|p1b: Flutter Mane|Choice Specs|[from] ability: Frisk|[of] p2b: BananaForScale|[identify]\n|-terastallize|p1b: Flutter Mane|Fairy\n|move|p1a: Whimsicott|Helping Hand|p1b: Flutter Mane\n|-singleturn|p1b: Flutter Mane|Helping Hand|[of] p1a: Whimsicott\n|move|p1b: Flutter Mane|Dazzling Gleam|p2b: BananaForScale|[spread] p2a,p2b\n|-damage|p2a: TheRetchingNetch|34\/100\n|-damage|p2b: BananaForScale|0 fnt\n|faint|p2b: BananaForScale\n|move|p2a: TheRetchingNetch|Toxic|p1b: Flutter Mane\n|-status|p1b: Flutter Mane|tox\n|\n|-weather|RainDance|[upkeep]\n|-damage|p1b: Flutter Mane|86\/100 tox|[from] psn\n|upkeep\n|inactive|Real Bani-Banani has 120 seconds left.\n|\n|t:|1696619873\n|switch|p2b: Stalhrim|Carbink|100\/100\n|turn|4\n|\n|t:|1696619884\n|move|p1a: Whimsicott|Helping Hand|p1b: Flutter Mane\n|-singleturn|p1b: Flutter Mane|Helping Hand|[of] p1a: Whimsicott\n|move|p1b: Flutter Mane|Dazzling Gleam|p2a: TheRetchingNetch|[spread] p2a,p2b\n|-damage|p2a: TheRetchingNetch|0 fnt\n|-damage|p2b: Stalhrim|34\/100\n|faint|p2a: TheRetchingNetch\n|move|p2b: Stalhrim|Light Screen|p2b: Stalhrim\n|-sidestart|p2: Real Bani-Banani|move: Light Screen\n|\n|-weather|RainDance|[upkeep]\n|-damage|p1b: Flutter Mane|74\/100 tox|[from] psn\n|upkeep\n|\n|t:|1696619896\n|switch|p2a: Falmer|Sableye, F|100\/100\n|turn|5\n|\n|t:|1696619916\n|move|p1a: Whimsicott|Helping Hand|p1b: Flutter Mane\n|-singleturn|p1b: Flutter Mane|Helping Hand|[of] p1a: Whimsicott\n|move|p2a: Falmer|Skill Swap|p2b: Stalhrim\n|-activate|p2a: Falmer|move: Skill Swap|||[of] p2b: Stalhrim\n|move|p1b: Flutter Mane|Dazzling Gleam|p2a: Falmer|[spread] p2a,p2b\n|-supereffective|p2a: Falmer\n|-ability|p2a: Falmer|Sturdy\n|-damage|p2a: Falmer|1\/100\n|-damage|p2b: Stalhrim|0 fnt\n|faint|p2b: Stalhrim\n|-enditem|p2a: Falmer|Eject Button\n|\n|t:|1696619927\n|switch|p2a: FrostAtronach|Vanilluxe, M, tera:Water|10\/100\n|\n|-weather|none\n|-damage|p1b: Flutter Mane|56\/100 tox|[from] psn\n|upkeep\n|\n|t:|1696619932\n|switch|p2b: Nazeem|Eelektross, M|100\/100\n|turn|6\n|\n|t:|1696619940\n|move|p1a: Whimsicott|Helping Hand|p1b: Flutter Mane\n|-singleturn|p1b: Flutter Mane|Helping Hand|[of] p1a: Whimsicott\n|move|p2a: FrostAtronach|Endure|p2a: FrostAtronach\n|-singleturn|p2a: FrostAtronach|move: Endure\n|move|p1b: Flutter Mane|Dazzling Gleam|p2a: FrostAtronach|[spread] p2a,p2b\n|-activate|p2a: FrostAtronach|move: Endure\n|-damage|p2a: FrostAtronach|1\/100\n|-damage|p2b: Nazeem|36\/100\n|move|p2b: Nazeem|Liquidation|p1b: Flutter Mane\n|-damage|p1b: Flutter Mane|7\/100 tox\n|\n|-damage|p1b: Flutter Mane|0 fnt|[from] psn\n|faint|p1b: Flutter Mane\n|-end|p1b: Flutter Mane|Protosynthesis|[silent]\n|upkeep\n|\n|t:|1696619963\n|switch|p1b: Charizard|Charizard-Mega-Y, M, shiny|100\/100\n|-weather|SunnyDay|[from] ability: Drought|[of] p1b: Charizard\n|turn|7\n|\n|t:|1696619975\n|move|p1a: Whimsicott|Helping Hand|p1b: Charizard\n|-singleturn|p1b: Charizard|Helping Hand|[of] p1a: Whimsicott\n|move|p1b: Charizard|Heat Wave|p2a: FrostAtronach|[spread] p2a,p2b\n|-resisted|p2a: FrostAtronach\n|-damage|p2a: FrostAtronach|0 fnt\n|-damage|p2b: Nazeem|0 fnt\n|faint|p2a: FrostAtronach\n|faint|p2b: Nazeem\n|\n|-weather|SunnyDay|[upkeep]\n|upkeep\n|\n|t:|1696619982\n|switch|p2b: Falmer|Sableye, F|1\/100\n|turn|8\n|\n|t:|1696619987\n|move|p2b: Falmer|Skill Swap|p1b: Charizard\n|-activate|p2b: Falmer|move: Skill Swap|Drought|Prankster|[of] p1b: Charizard\n|move|p1a: Whimsicott|Moonblast|p2b: Falmer\n|-supereffective|p2b: Falmer\n|-damage|p2b: Falmer|0 fnt\n|faint|p2b: Falmer\n|\n|win|Junky Dummy\n|raw|Junky Dummy's rating: 1212 &rarr; <strong>1229<\/strong><br \/>(+17 for winning)\n|raw|Real Bani-Banani's rating: 1098 &rarr; <strong>1081<\/strong><br \/>(-17 for losing)\n|c|\u2606Real Bani-Banani|gg wp\n|l|\u2606Real Bani-Banani\n|c|\u2606Junky Dummy|gg\n","uploadtime":1696620053,"views":8,"p1id":"junkydummy","p2id":"realbanibanani","formatid":"gen9nationaldexdoubles","rating":1081,"private":0,"password":""}