{"id":"gen9nationaldexdoubles-1956498312","p1":"Pugplayer","p2":"peeepee","format":"[Gen 9] National Dex Doubles","log":"|j|\u2606Pugplayer\n|j|\u2606peeepee\n|t:|1696114040\n|gametype|doubles\n|player|p1|Pugplayer|volo|\n|player|p2|peeepee|psychicf-gen4|\n|teamsize|p1|6\n|teamsize|p2|6\n|gen|9\n|tier|[Gen 9] National Dex Doubles\n|rule|HP Percentage Mod: HP is shown in percentages\n|rule|Endless Battle Clause: Forcing endless battles is banned\n|rule|OHKO Clause: OHKO moves are banned\n|rule|Evasion Moves Clause: Evasion moves are banned\n|rule|Evasion Abilities Clause: Evasion abilities are banned\n|rule|Species Clause: Limit one of each Pok\u00e9mon\n|rule|Gravity Sleep Clause: The combination of sleep-inducing moves with imperfect accuracy and Gravity or Gigantamax Orbeetle are banned\n|clearpoke\n|poke|p1|Torkoal, F|\n|poke|p1|Lilligant-Hisui, F|\n|poke|p1|Charizard, F|\n|poke|p1|Flutter Mane|\n|poke|p1|Armarouge, F|\n|poke|p1|Indeedee-F, F|\n|poke|p2|Sinistcha|\n|poke|p2|Torkoal, M|\n|poke|p2|Ursaluna-Bloodmoon, M|\n|poke|p2|Kingambit, M|\n|poke|p2|Pheromosa|\n|poke|p2|Conkeldurr, F|\n|teampreview\n|j| S1r.sweepsaLot\n|c| S1r.sweepsaLot|wait for every else\n|\n|t:|1696114067\n|start\n|switch|p1a: Ralph|Torkoal, F|100\/100\n|switch|p1b: Edible|Lilligant-Hisui, F, shiny|100\/100\n|switch|p2a: Smoking Kills|Torkoal, M|100\/100\n|switch|p2b: Conkeldurr|Conkeldurr, F|100\/100\n|-weather|SunnyDay|[from] ability: Drought|[of] p1a: Ralph\n|turn|1\n|\n|t:|1696114091\n|switch|p1a: Waltuh Black|Charizard, F, shiny|100\/100\n|move|p1b: Edible|Close Combat|p2b: Conkeldurr\n|-damage|p2b: Conkeldurr|53\/100\n|-unboost|p1b: Edible|def|1\n|-unboost|p1b: Edible|spd|1\n|move|p2b: Conkeldurr|Facade|p1b: Edible\n|-damage|p1b: Edible|34\/100\n|move|p2a: Smoking Kills|Earth Power|p1a: Waltuh Black\n|-immune|p1a: Waltuh Black\n|\n|-weather|SunnyDay|[upkeep]\n|-damage|p1a: Waltuh Black|88\/100|[from] ability: Solar Power|[of] p1a: Waltuh Black\n|-status|p2b: Conkeldurr|brn|[from] item: Flame Orb\n|upkeep\n|turn|2\n|j| thundervoltss\n|j| Bananamann457\n|\n|t:|1696114148\n|-terastallize|p1b: Edible|Fighting\n|move|p1b: Edible|Close Combat|p2b: Conkeldurr\n|-damage|p2b: Conkeldurr|0 fnt\n|-unboost|p1b: Edible|def|1\n|-unboost|p1b: Edible|spd|1\n|faint|p2b: Conkeldurr\n|move|p1a: Waltuh Black|Scorching Sands|p2a: Smoking Kills\n|-supereffective|p2a: Smoking Kills\n|-damage|p2a: Smoking Kills|16\/100\n|move|p2a: Smoking Kills|Eruption|p1a: Waltuh Black|[spread] p1a,p1b\n|-resisted|p1a: Waltuh Black\n|-damage|p1a: Waltuh Black|79\/100\n|-damage|p1b: Edible|0 fnt\n|faint|p1b: Edible\n|\n|-weather|SunnyDay|[upkeep]\n|-damage|p1a: Waltuh Black|67\/100|[from] ability: Solar Power|[of] p1a: Waltuh Black\n|upkeep\n|\n|t:|1696114187\n|switch|p1b: Night Terror|Flutter Mane|100\/100\n|switch|p2b: Mmm Tasty|Sinistcha|100\/100\n|-activate|p1b: Night Terror|ability: Protosynthesis\n|-start|p1b: Night Terror|protosynthesisspe\n|-heal|p2a: Smoking Kills|41\/100|[from] ability: Hospitality|[of] p2b: Mmm Tasty\n|turn|3\n|\n|t:|1696114207\n|switch|p2b: Yogi Bear|Ursaluna-Bloodmoon, M|100\/100\n|move|p2a: Smoking Kills|Protect|p2a: Smoking Kills\n|-singleturn|p2a: Smoking Kills|Protect\n|move|p1b: Night Terror|Shadow Ball|p2b: Yogi Bear\n|-immune|p2b: Yogi Bear\n|move|p1a: Waltuh Black|Scorching Sands|p2a: Smoking Kills\n|-activate|p2a: Smoking Kills|move: Protect\n|\n|-weather|SunnyDay|[upkeep]\n|-damage|p1a: Waltuh Black|54\/100|[from] ability: Solar Power|[of] p1a: Waltuh Black\n|upkeep\n|turn|4\n|c|\u2606peeepee|Misinput\n|c| S1r.sweepsaLot|remember to check his set\n|\n|t:|1696114293\n|switch|p2a: Mmm Tasty|Sinistcha|100\/100\n|move|p1b: Night Terror|Moonblast|p2b: Yogi Bear\n|-damage|p2b: Yogi Bear|44\/100\n|move|p1a: Waltuh Black|Scorching Sands|p2a: Mmm Tasty\n|-resisted|p2a: Mmm Tasty\n|-damage|p2a: Mmm Tasty|87\/100\n|move|p2b: Yogi Bear|Blood Moon|p1a: Waltuh Black\n|-damage|p1a: Waltuh Black|0 fnt\n|faint|p1a: Waltuh Black\n|-damage|p2b: Yogi Bear|34\/100|[from] item: Life Orb\n|\n|-weather|SunnyDay|[upkeep]\n|upkeep\n|\n|t:|1696114312\n|switch|p1a: Dr Light|Indeedee-F, F|100\/100\n|-fieldstart|move: Psychic Terrain|[from] ability: Psychic Surge|[of] p1a: Dr Light\n|turn|5\n|\n|t:|1696114334\n|-end|p1b: Night Terror|Protosynthesis|[silent]\n|switch|p1b: Mega Man|Armarouge, F|100\/100\n|switch|p2b: Yakuza Boss|Kingambit, M|100\/100\n|-terastallize|p2a: Mmm Tasty|Water\n|move|p1a: Dr Light|Trick Room|p1a: Dr Light\n|-fieldstart|move: Trick Room|[of] p1a: Dr Light\n|move|p2a: Mmm Tasty|Trick Room|p2a: Mmm Tasty\n|-fieldend|move: Trick Room\n|\n|-weather|none\n|upkeep\n|turn|6\n|\n|t:|1696114365\n|move|p1a: Dr Light|Helping Hand|p1b: Mega Man\n|-singleturn|p1b: Mega Man|Helping Hand|[of] p1a: Dr Light\n|move|p2a: Mmm Tasty|Rage Powder|p2a: Mmm Tasty\n|-singleturn|p2a: Mmm Tasty|move: Rage Powder\n|move|p1b: Mega Man|Armor Cannon|p2a: Mmm Tasty\n|-resisted|p2a: Mmm Tasty\n|-damage|p2a: Mmm Tasty|33\/100\n|-unboost|p1b: Mega Man|def|1\n|-unboost|p1b: Mega Man|spd|1\n|-damage|p1b: Mega Man|91\/100|[from] item: Life Orb\n|move|p2b: Yakuza Boss|Kowtow Cleave|p1b: Mega Man\n|-supereffective|p1b: Mega Man\n|-damage|p1b: Mega Man|0 fnt\n|faint|p1b: Mega Man\n|\n|upkeep\n|c|\u2606Pugplayer|ggs\n|\n|t:|1696114380\n|switch|p1b: Night Terror|Flutter Mane|100\/100\n|-enditem|p1b: Night Terror|Booster Energy\n|-activate|p1b: Night Terror|ability: Protosynthesis|[fromitem]\n|-start|p1b: Night Terror|protosynthesisspe\n|turn|7\n|\n|t:|1696114401\n|move|p1a: Dr Light|Helping Hand|p1b: Night Terror\n|-singleturn|p1b: Night Terror|Helping Hand|[of] p1a: Dr Light\n|move|p2a: Mmm Tasty|Rage Powder|p2a: Mmm Tasty\n|-singleturn|p2a: Mmm Tasty|move: Rage Powder\n|move|p1b: Night Terror|Dazzling Gleam|p2b: Yakuza Boss|[spread] p2a,p2b\n|-damage|p2a: Mmm Tasty|0 fnt\n|-damage|p2b: Yakuza Boss|53\/100\n|faint|p2a: Mmm Tasty\n|move|p2b: Yakuza Boss|Iron Head|p1b: Night Terror\n|-supereffective|p1b: Night Terror\n|-damage|p1b: Night Terror|0 fnt\n|faint|p1b: Night Terror\n|-end|p1b: Night Terror|Protosynthesis|[silent]\n|\n|upkeep\n|\n|t:|1696114420\n|switch|p1b: Ralph|Torkoal, F|100\/100\n|switch|p2a: Smoking Kills|Torkoal, M|41\/100\n|-weather|SunnyDay|[from] ability: Drought|[of] p2a: Smoking Kills\n|turn|8\n|\n|t:|1696114458\n|move|p1a: Dr Light|Follow Me|p1a: Dr Light\n|-singleturn|p1a: Dr Light|move: Follow Me\n|move|p2b: Yakuza Boss|Kowtow Cleave|p1a: Dr Light\n|-supereffective|p1a: Dr Light\n|-damage|p1a: Dr Light|0 fnt\n|-damage|p2b: Yakuza Boss|36\/100|[from] item: Rocky Helmet|[of] p1a: Dr Light\n|faint|p1a: Dr Light\n|move|p2a: Smoking Kills|Earth Power|p1b: Ralph\n|-supereffective|p1b: Ralph\n|-damage|p1b: Ralph|38\/100\n|move|p1b: Ralph|Eruption|p2b: Yakuza Boss|[spread] p2a,p2b\n|-resisted|p2a: Smoking Kills\n|-supereffective|p2b: Yakuza Boss\n|-damage|p2a: Smoking Kills|16\/100\n|-damage|p2b: Yakuza Boss|0 fnt\n|faint|p2b: Yakuza Boss\n|\n|-weather|SunnyDay|[upkeep]\n|upkeep\n|\n|t:|1696114473\n|switch|p2b: Girl Boss|Pheromosa|100\/100\n|turn|9\n|c| Bananamann457|ggs\n|\n|t:|1696114486\n|move|p2b: Girl Boss|Close Combat|p1b: Ralph\n|-damage|p1b: Ralph|0 fnt\n|-unboost|p2b: Girl Boss|def|1\n|-unboost|p2b: Girl Boss|spd|1\n|faint|p1b: Ralph\n|\n|win|peeepee\n","uploadtime":1696114489,"views":9,"p1id":"pugplayer","p2id":"peeepee","formatid":"gen9nationaldexdoubles","rating":0,"private":0,"password":""}