{"id":"gen9nationaldexdoubles-1962156408","p1":"cornpopbad","p2":"DOUFB Iceberg","format":"[Gen 9] National Dex Doubles","log":"|j|\u2606cornpopbad\n|j|\u2606DOUFB Iceberg\n|t:|1696712732\n|gametype|doubles\n|player|p1|cornpopbad|nate|\n|player|p2|DOUFB Iceberg|iris-gen5bw2|\n|teamsize|p1|6\n|teamsize|p2|6\n|gen|9\n|tier|[Gen 9] National Dex Doubles\n|rated|Tournament battle\n|rule|HP Percentage Mod: HP is shown in percentages\n|rule|Endless Battle Clause: Forcing endless battles is banned\n|rule|OHKO Clause: OHKO moves are banned\n|rule|Evasion Moves Clause: Evasion moves are banned\n|rule|Evasion Abilities Clause: Evasion abilities are banned\n|rule|Species Clause: Limit one of each Pok\u00e9mon\n|rule|Gravity Sleep Clause: The combination of sleep-inducing moves with imperfect accuracy and Gravity or Gigantamax Orbeetle are banned\n|clearpoke\n|poke|p1|Metagross|\n|poke|p1|Flutter Mane|\n|poke|p1|Rillaboom, M|\n|poke|p1|Volcanion|\n|poke|p1|Kingambit, F|\n|poke|p1|Tornadus, M|\n|poke|p2|Ogerpon-Cornerstone, F|\n|poke|p2|Volcanion|\n|poke|p2|Flutter Mane|\n|poke|p2|Kingambit, M|\n|poke|p2|Zamazenta-*|\n|poke|p2|Charizard, F|\n|teampreview\n|inactive|Battle timer is ON: inactive players will automatically lose when time's up. (requested by cornpopbad)\n|j| TMony99\n|c|\u2606DOUFB Iceberg|hf\n|c|\u2606cornpopbad|u2\n|\n|t:|1696712762\n|start\n|switch|p1a: Tornadus|Tornadus, M|100\/100\n|switch|p1b: Rillaboom|Rillaboom, M|100\/100\n|switch|p2a: Kingambit|Kingambit, M|100\/100\n|switch|p2b: Ogerpon|Ogerpon-Cornerstone, F|100\/100\n|-fieldstart|move: Grassy Terrain|[from] ability: Grassy Surge|[of] p1b: Rillaboom\n|turn|1\n|inactive|cornpopbad has 120 seconds left.\n|\n|t:|1696712810\n|switch|p1a: Kingambit|Kingambit, F|100\/100\n|move|p2b: Ogerpon|Spiky Shield|p2b: Ogerpon\n|-singleturn|p2b: Ogerpon|move: Protect\n|move|p1b: Rillaboom|Fake Out|p2a: Kingambit\n|-resisted|p2a: Kingambit\n|-damage|p2a: Kingambit|96\/100\n|cant|p2a: Kingambit|flinch\n|\n|-heal|p2a: Kingambit|100\/100|[from] Grassy Terrain\n|upkeep\n|turn|2\n|inactive|cornpopbad has 120 seconds left.\n|\n|t:|1696712837\n|switch|p2b: Volcanion|Volcanion|100\/100\n|move|p1b: Rillaboom|Grassy Glide|p2b: Volcanion\n|-damage|p2b: Volcanion|67\/100\n|move|p1a: Kingambit|Swords Dance|p1a: Kingambit\n|-boost|p1a: Kingambit|atk|2\n|move|p2a: Kingambit|Knock Off|p1a: Kingambit\n|-resisted|p1a: Kingambit\n|-damage|p1a: Kingambit|76\/100\n|-enditem|p1a: Kingambit|Safety Goggles|[from] move: Knock Off|[of] p2a: Kingambit\n|\n|-heal|p2b: Volcanion|73\/100|[from] Grassy Terrain\n|-heal|p1a: Kingambit|83\/100|[from] Grassy Terrain\n|upkeep\n|turn|3\n|inactive|cornpopbad has 120 seconds left.\n|\n|t:|1696712860\n|move|p1a: Kingambit|Sucker Punch||[still]\n|-fail|p1a: Kingambit\n|move|p1b: Rillaboom|Wood Hammer|p2b: Volcanion\n|-damage|p2b: Volcanion|0 fnt\n|faint|p2b: Volcanion\n|-damage|p1b: Rillaboom|80\/100|[from] Recoil\n|move|p2a: Kingambit|Knock Off|p1b: Rillaboom\n|-damage|p1b: Rillaboom|34\/100\n|-enditem|p1b: Rillaboom|Assault Vest|[from] move: Knock Off|[of] p2a: Kingambit\n|\n|-heal|p1b: Rillaboom|40\/100|[from] Grassy Terrain\n|-heal|p1a: Kingambit|89\/100|[from] Grassy Terrain\n|upkeep\n|\n|t:|1696712871\n|switch|p2b: Zamazenta|Zamazenta|100\/100\n|-ability|p2b: Zamazenta|Dauntless Shield|boost\n|-boost|p2b: Zamazenta|def|1\n|turn|4\n|\n|t:|1696712893\n|switch|p1b: Flutter Mane|Flutter Mane|100\/100\n|-terastallize|p2a: Kingambit|Fairy\n|move|p1a: Kingambit|Protect|p1a: Kingambit\n|-singleturn|p1a: Kingambit|Protect\n|move|p2b: Zamazenta|Coaching|p2a: Kingambit\n|-boost|p2a: Kingambit|atk|1\n|-boost|p2a: Kingambit|def|1\n|move|p2a: Kingambit|Tera Blast|p1a: Kingambit|[anim] Tera Blast Fairy\n|-activate|p1a: Kingambit|move: Protect\n|\n|-heal|p1a: Kingambit|95\/100|[from] Grassy Terrain\n|upkeep\n|turn|5\n|\n|t:|1696712915\n|-terastallize|p1b: Flutter Mane|Fairy\n|move|p1a: Kingambit|Sucker Punch|p2a: Kingambit\n|-resisted|p2a: Kingambit\n|-damage|p2a: Kingambit|82\/100\n|move|p2a: Kingambit|Sucker Punch|p1b: Flutter Mane\n|-resisted|p1b: Flutter Mane\n|-damage|p1b: Flutter Mane|30\/100\n|move|p2b: Zamazenta|Body Press|p1a: Kingambit\n|-supereffective|p1a: Kingambit\n|-crit|p1a: Kingambit\n|-damage|p1a: Kingambit|0 fnt\n|faint|p1a: Kingambit\n|move|p1b: Flutter Mane|Moonblast|p2a: Kingambit\n|-damage|p2a: Kingambit|17\/100\n|-unboost|p2a: Kingambit|spa|1\n|-ability|p2a: Kingambit|Defiant|boost\n|-boost|p2a: Kingambit|atk|2\n|\n|-heal|p1b: Flutter Mane|36\/100|[from] Grassy Terrain\n|-heal|p2a: Kingambit|23\/100|[from] Grassy Terrain\n|-fieldend|move: Grassy Terrain\n|upkeep\n|inactive|cornpopbad has 120 seconds left.\n|\n|t:|1696712936\n|switch|p1a: Rillaboom|Rillaboom, M|40\/100\n|-fieldstart|move: Grassy Terrain|[from] ability: Grassy Surge|[of] p1a: Rillaboom\n|turn|6\n|\n|t:|1696712957\n|switch|p2a: Charizard|Charizard, F, shiny|100\/100\n|move|p1a: Rillaboom|Grassy Glide|p2a: Charizard\n|-resisted|p2a: Charizard\n|-damage|p2a: Charizard|87\/100\n|move|p2b: Zamazenta|Body Press|p1b: Flutter Mane\n|-resisted|p1b: Flutter Mane\n|-damage|p1b: Flutter Mane|0 fnt\n|faint|p1b: Flutter Mane\n|-end|p1b: Flutter Mane|Protosynthesis|[silent]\n|\n|-heal|p1a: Rillaboom|46\/100|[from] Grassy Terrain\n|upkeep\n|\n|t:|1696712970\n|switch|p1b: Tornadus|Tornadus, M|100\/100\n|turn|7\n|\n|t:|1696712982\n|switch|p1a: Volcanion|Volcanion|100\/100\n|detailschange|p2a: Charizard|Charizard-Mega-Y, F, shiny\n|-mega|p2a: Charizard|Charizard|Charizardite Y\n|-weather|SunnyDay|[from] ability: Drought|[of] p2a: Charizard\n|move|p1b: Tornadus|Protect|p1b: Tornadus\n|-singleturn|p1b: Tornadus|Protect\n|move|p2b: Zamazenta|Wide Guard|p2b: Zamazenta\n|-singleturn|p2b: Zamazenta|Wide Guard\n|move|p2a: Charizard|Tailwind|p2a: Charizard\n|-sidestart|p2: DOUFB Iceberg|move: Tailwind\n|\n|-weather|SunnyDay|[upkeep]\n|upkeep\n|turn|8\n|\n|t:|1696713003\n|move|p2b: Zamazenta|Snarl|p1a: Volcanion|[spread] p1a,p1b\n|-crit|p1b: Tornadus\n|-damage|p1a: Volcanion|95\/100\n|-damage|p1b: Tornadus|84\/100\n|-unboost|p1a: Volcanion|spa|1\n|-unboost|p1b: Tornadus|spa|1\n|move|p2a: Charizard|Solar Beam||[still]\n|-prepare|p2a: Charizard|Solar Beam\n|-anim|p2a: Charizard|Solar Beam|p1a: Volcanion\n|-damage|p1a: Volcanion|63\/100\n|-zpower|p1b: Tornadus\n|move|p1b: Tornadus|Supersonic Skystrike|p2a: Charizard|[zeffect]\n|-damage|p2a: Charizard|22\/100\n|move|p1a: Volcanion|Steam Eruption|p2a: Charizard\n|-supereffective|p2a: Charizard\n|-damage|p2a: Charizard|0 fnt\n|faint|p2a: Charizard\n|\n|-weather|SunnyDay|[upkeep]\n|-heal|p1a: Volcanion|70\/100|[from] Grassy Terrain\n|upkeep\n|j| Daepiquejt\n|\n|t:|1696713023\n|switch|p2a: Ogerpon|Ogerpon-Cornerstone, F|100\/100\n|turn|9\n|\n|t:|1696713038\n|switch|p1a: Metagross|Metagross|100\/100\n|move|p2b: Zamazenta|Wide Guard|p2b: Zamazenta\n|-singleturn|p2b: Zamazenta|Wide Guard\n|move|p2a: Ogerpon|Ivy Cudgel|p1a: Metagross\n|-resisted|p1a: Metagross\n|-damage|p1a: Metagross|74\/100\n|move|p1b: Tornadus|Bleakwind Storm|p2b: Zamazenta|[spread] \n|-activate|p2a: Ogerpon|move: Wide Guard\n|-activate|p2b: Zamazenta|move: Wide Guard\n|\n|-weather|SunnyDay|[upkeep]\n|-heal|p1a: Metagross|80\/100|[from] Grassy Terrain\n|upkeep\n|turn|10\n|\n|t:|1696713060\n|move|p2a: Ogerpon|Spiky Shield|p2a: Ogerpon\n|-singleturn|p2a: Ogerpon|move: Protect\n|move|p1a: Metagross|Protect|p1a: Metagross\n|-singleturn|p1a: Metagross|Protect\n|move|p1b: Tornadus|Tailwind|p1b: Tornadus\n|-sidestart|p1: cornpopbad|move: Tailwind\n|move|p2b: Zamazenta|Coaching|p2a: Ogerpon\n|-boost|p2a: Ogerpon|atk|1\n|-boost|p2a: Ogerpon|def|1\n|\n|-weather|SunnyDay|[upkeep]\n|-heal|p1a: Metagross|87\/100|[from] Grassy Terrain\n|-sideend|p2: DOUFB Iceberg|move: Tailwind\n|-fieldend|move: Grassy Terrain\n|upkeep\n|turn|11\n|\n|t:|1696713082\n|detailschange|p1a: Metagross|Metagross-Mega\n|-mega|p1a: Metagross|Metagross|Metagrossite\n|move|p2b: Zamazenta|Wide Guard|p2b: Zamazenta\n|-singleturn|p2b: Zamazenta|Wide Guard\n|move|p1b: Tornadus|Bleakwind Storm|p2b: Zamazenta|[spread] \n|-activate|p2a: Ogerpon|move: Wide Guard\n|-activate|p2b: Zamazenta|move: Wide Guard\n|move|p1a: Metagross|Iron Head|p2a: Ogerpon\n|-supereffective|p2a: Ogerpon\n|-damage|p2a: Ogerpon|6\/100\n|move|p2a: Ogerpon|Power Whip|p1a: Metagross\n|-resisted|p1a: Metagross\n|-damage|p1a: Metagross|48\/100\n|\n|-weather|none\n|upkeep\n|turn|12\n|\n|t:|1696713104\n|move|p2a: Ogerpon|Spiky Shield|p2a: Ogerpon\n|-singleturn|p2a: Ogerpon|move: Protect\n|move|p1b: Tornadus|Taunt|p2b: Zamazenta\n|-start|p2b: Zamazenta|move: Taunt\n|move|p1a: Metagross|Iron Head|p2b: Zamazenta\n|-damage|p2b: Zamazenta|72\/100\n|move|p2b: Zamazenta|Body Press|p1a: Metagross\n|-damage|p1a: Metagross|10\/100\n|\n|upkeep\n|turn|13\n|\n|t:|1696713126\n|move|p2a: Ogerpon|Follow Me|p2a: Ogerpon\n|-singleturn|p2a: Ogerpon|move: Follow Me\n|move|p1b: Tornadus|Bleakwind Storm|p2b: Zamazenta|[spread] p2a,p2b\n|-supereffective|p2b: Zamazenta\n|-damage|p2a: Ogerpon|0 fnt\n|-damage|p2b: Zamazenta|35\/100\n|-unboost|p2b: Zamazenta|spe|1\n|-enditem|p2b: Zamazenta|Sitrus Berry|[eat]\n|-heal|p2b: Zamazenta|60\/100|[from] item: Sitrus Berry\n|faint|p2a: Ogerpon\n|move|p1a: Metagross|Iron Head|p2b: Zamazenta\n|-damage|p2b: Zamazenta|30\/100\n|cant|p2b: Zamazenta|flinch\n|\n|-sideend|p1: cornpopbad|move: Tailwind\n|upkeep\n|\n|t:|1696713143\n|switch|p2a: Kingambit|Kingambit, M, tera:Fairy|23\/100\n|turn|14\n|\n|t:|1696713161\n|switch|p1a: Volcanion|Volcanion|70\/100\n|move|p2a: Kingambit|Sucker Punch|p1b: Tornadus\n|-damage|p1b: Tornadus|17\/100\n|move|p1b: Tornadus|Bleakwind Storm|p2a: Kingambit|[spread] p2a,p2b\n|-supereffective|p2b: Zamazenta\n|-damage|p2a: Kingambit|8\/100\n|-damage|p2b: Zamazenta|0 fnt\n|faint|p2b: Zamazenta\n|\n|upkeep\n|\n|t:|1696713168\n|switch|p2b: Flutter Mane|Flutter Mane|100\/100\n|turn|15\n|\n|t:|1696713198\n|move|p1b: Tornadus|Tailwind|p1b: Tornadus\n|-sidestart|p1: cornpopbad|move: Tailwind\n|move|p2b: Flutter Mane|Thunderbolt|p1a: Volcanion\n|-supereffective|p1a: Volcanion\n|-damage|p1a: Volcanion|10\/100\n|move|p1a: Volcanion|Earth Power|p2a: Kingambit\n|-damage|p2a: Kingambit|0 fnt\n|faint|p2a: Kingambit\n|\n|upkeep\n|turn|16\n|-message|DOUFB Iceberg forfeited.\n|\n|win|cornpopbad\n|n|\u2606cornpopbad|cornpopbad\n|n|\u2606DOUFB Iceberg|doufbiceberg\n|n| TMony99|tmony99\n|n| Daepiquejt|daepiquejt\n|c|\u2606DOUFB Iceberg|gg\n|c|\u2606cornpopbad|gg\n|l|\u2606DOUFB Iceberg\n|l| TMony99\n|c|\u2606cornpopbad|intense game\n","uploadtime":1696713216,"views":20,"p1id":"cornpopbad","p2id":"doufbiceberg","formatid":"gen9nationaldexdoubles","rating":0,"private":0,"password":""}