{"id":"gen9nationaldexdoubles-1968477540","p1":"SleepyZetsu","p2":"The OG Trainer Red","format":"[Gen 9] National Dex Doubles","log":"|j|\u2606SleepyZetsu\n|j|\u2606The OG Trainer Red\n|t:|1697422820\n|gametype|doubles\n|player|p1|SleepyZetsu|colress|1352\n|player|p2|The OG Trainer Red|fisherman-gen4|1183\n|teamsize|p1|6\n|teamsize|p2|6\n|gen|9\n|tier|[Gen 9] National Dex Doubles\n|rated|\n|rule|HP Percentage Mod: HP is shown in percentages\n|rule|Endless Battle Clause: Forcing endless battles is banned\n|rule|OHKO Clause: OHKO moves are banned\n|rule|Evasion Moves Clause: Evasion moves are banned\n|rule|Evasion Abilities Clause: Evasion abilities are banned\n|rule|Species Clause: Limit one of each Pok\u00e9mon\n|rule|Gravity Sleep Clause: The combination of sleep-inducing moves with imperfect accuracy and Gravity or Gigantamax Orbeetle are banned\n|clearpoke\n|poke|p1|Alcremie-Mint-Cream, F|\n|poke|p1|Slowking-Galar, F|\n|poke|p1|Kingambit, F|\n|poke|p1|Sinistcha-Masterpiece|\n|poke|p1|Iron Hands|\n|poke|p1|Roaring Moon|\n|poke|p2|Ninetales, F|\n|poke|p2|Leafeon, F|\n|poke|p2|Espeon, F|\n|poke|p2|Indeedee-F, F|\n|poke|p2|Ursaluna-Bloodmoon, M|\n|poke|p2|Umbreon, F|\n|teampreview\n|\n|t:|1697422835\n|start\n|switch|p1a: Slowking|Slowking-Galar, F|100\/100\n|switch|p1b: Alcremie|Alcremie-Mint-Cream, F, shiny|100\/100\n|switch|p2a: Espeon|Espeon, F|100\/100\n|switch|p2b: Indeedee|Indeedee-F, F|100\/100\n|-fieldstart|move: Psychic Terrain|[from] ability: Psychic Surge|[of] p2b: Indeedee\n|turn|1\n|inactive|Battle timer is ON: inactive players will automatically lose when time's up. (requested by The OG Trainer Red)\n|inactive|SleepyZetsu also wants the timer to be on.\n|\n|t:|1697422853\n|move|p2a: Espeon|Calm Mind|p2a: Espeon\n|-boost|p2a: Espeon|spa|1\n|-boost|p2a: Espeon|spd|1\n|move|p2b: Indeedee|Expanding Force|p1a: Slowking|[spread] p1a,p1b\n|-damage|p1a: Slowking|63\/100\n|-damage|p1b: Alcremie|69\/100\n|move|p1b: Alcremie|Light Screen|p1b: Alcremie\n|-sidestart|p1: SleepyZetsu|move: Light Screen\n|move|p1a: Slowking|Calm Mind|p1a: Slowking\n|-boost|p1a: Slowking|spa|1\n|-boost|p1a: Slowking|spd|1\n|\n|upkeep\n|turn|2\n|\n|t:|1697422873\n|move|p2a: Espeon|Calm Mind|p2a: Espeon\n|-boost|p2a: Espeon|spa|1\n|-boost|p2a: Espeon|spd|1\n|move|p2b: Indeedee|Expanding Force|p1a: Slowking|[spread] p1a,p1b\n|-damage|p1a: Slowking|47\/100\n|-damage|p1b: Alcremie|48\/100\n|move|p1b: Alcremie|Decorate|p1a: Slowking\n|-boost|p1a: Slowking|atk|2\n|-boost|p1a: Slowking|spa|2\n|move|p1a: Slowking|Trick Room|p1a: Slowking\n|-fieldstart|move: Trick Room|[of] p1a: Slowking\n|\n|upkeep\n|turn|3\n|\n|t:|1697422893\n|switch|p1b: Kingambit|Kingambit, F|100\/100\n|switch|p2b: Ursaluna|Ursaluna-Bloodmoon, M|100\/100\n|-terastallize|p1a: Slowking|Poison\n|move|p1a: Slowking|Sludge Wave|p2a: Espeon|[spread] p2a,p2b\n|-immune|p1b: Kingambit\n|-resisted|p2b: Ursaluna\n|-damage|p2a: Espeon|23\/100\n|-damage|p2b: Ursaluna|56\/100\n|move|p2a: Espeon|Expanding Force|p1a: Slowking|[spread] p1a\n|-immune|p1b: Kingambit\n|-supereffective|p1a: Slowking\n|-damage|p1a: Slowking|0 fnt\n|faint|p1a: Slowking\n|\n|upkeep\n|\n|t:|1697422911\n|switch|p1a: Iron Hands|Iron Hands|100\/100\n|turn|4\n|\n|t:|1697422922\n|move|p1a: Iron Hands|Fake Out|p2b: Ursaluna\n|-activate|p2b: Ursaluna|move: Psychic Terrain\n|move|p1b: Kingambit|Sucker Punch|p2a: Espeon\n|-activate|p2a: Espeon|move: Psychic Terrain\n|move|p2b: Ursaluna|Earth Power|p1b: Kingambit\n|-supereffective|p1b: Kingambit\n|-damage|p1b: Kingambit|39\/100\n|move|p2a: Espeon|Expanding Force|p1a: Iron Hands|[spread] p1a\n|-immune|p1b: Kingambit\n|-supereffective|p1a: Iron Hands\n|-damage|p1a: Iron Hands|5\/100\n|\n|upkeep\n|turn|5\n|\n|t:|1697422942\n|move|p2b: Ursaluna|Hyper Voice|p1a: Iron Hands|[spread] p1a,p1b\n|-resisted|p1b: Kingambit\n|-damage|p1a: Iron Hands|0 fnt\n|-damage|p1b: Kingambit|26\/100\n|faint|p1a: Iron Hands\n|-end|p1a: Iron Hands|Quark Drive|[silent]\n|move|p1b: Kingambit|Kowtow Cleave|p2a: Espeon\n|-supereffective|p2a: Espeon\n|-damage|p2a: Espeon|0 fnt\n|faint|p2a: Espeon\n|-damage|p1b: Kingambit|17\/100|[from] item: Life Orb\n|\n|-sideend|p1: SleepyZetsu|move: Light Screen\n|-fieldend|move: Psychic Terrain\n|upkeep\n|c|\u2606SleepyZetsu|Oops\n|\n|t:|1697422957\n|switch|p1a: Sinistcha|Sinistcha-Masterpiece|100\/100\n|switch|p2a: Indeedee|Indeedee-F, F|100\/100\n|-heal|p1b: Kingambit|42\/100|[from] ability: Hospitality|[of] p1a: Sinistcha\n|-fieldstart|move: Psychic Terrain|[from] ability: Psychic Surge|[of] p2a: Indeedee\n|turn|6\n|\n|t:|1697422976\n|move|p2b: Ursaluna|Hyper Voice|p1b: Kingambit|[spread] p1a,p1b\n|-crit|p1a: Sinistcha\n|-resisted|p1b: Kingambit\n|-damage|p1a: Sinistcha|40\/100\n|-damage|p1b: Kingambit|24\/100\n|-enditem|p1a: Sinistcha|Sitrus Berry|[eat]\n|-heal|p1a: Sinistcha|65\/100|[from] item: Sitrus Berry\n|move|p1b: Kingambit|Kowtow Cleave|p2a: Indeedee\n|-supereffective|p2a: Indeedee\n|-enditem|p2a: Indeedee|Focus Sash\n|-damage|p2a: Indeedee|1\/100\n|-damage|p1b: Kingambit|14\/100|[from] item: Life Orb\n|move|p1a: Sinistcha|Matcha Gotcha|p2b: Ursaluna|[spread] p2a,p2b\n|-supereffective|p2b: Ursaluna\n|-crit|p2b: Ursaluna\n|-damage|p2a: Indeedee|0 fnt\n|-heal|p1a: Sinistcha|66\/100|[from] drain|[of] p2a: Indeedee\n|-damage|p2b: Ursaluna|3\/100\n|-heal|p1a: Sinistcha|96\/100|[from] drain|[of] p2b: Ursaluna\n|-status|p2b: Ursaluna|brn\n|faint|p2a: Indeedee\n|\n|-damage|p2b: Ursaluna|0 fnt|[from] brn\n|faint|p2b: Ursaluna\n|-fieldend|move: Trick Room\n|upkeep\n|inactive|The OG Trainer Red has 120 seconds left.\n|\n|t:|1697422997\n|switch|p2a: Ninetales|Ninetales, F|100\/100\n|switch|p2b: Leafeon|Leafeon, F|100\/100\n|-weather|SunnyDay|[from] ability: Drought|[of] p2a: Ninetales\n|turn|7\n|c|\u2606The OG Trainer Red|My Eevees!\n|\n|t:|1697423027\n|switch|p1a: Roaring Moon|Roaring Moon|100\/100\n|-activate|p1a: Roaring Moon|ability: Protosynthesis\n|-start|p1a: Roaring Moon|protosynthesisatk\n|move|p2b: Leafeon|Knock Off|p1a: Roaring Moon\n|-resisted|p1a: Roaring Moon\n|-crit|p1a: Roaring Moon\n|-damage|p1a: Roaring Moon|81\/100\n|move|p2a: Ninetales|Flamethrower|p1b: Kingambit\n|-supereffective|p1b: Kingambit\n|-damage|p1b: Kingambit|0 fnt\n|faint|p1b: Kingambit\n|\n|-weather|SunnyDay|[upkeep]\n|upkeep\n|inactive|SleepyZetsu has 120 seconds left.\n|\n|t:|1697423042\n|switch|p1b: Sinistcha|Sinistcha-Masterpiece|96\/100\n|-heal|p1a: Roaring Moon|100\/100|[from] ability: Hospitality|[of] p1b: Sinistcha\n|turn|8\n|inactive|The OG Trainer Red has 120 seconds left.\n|\n|t:|1697423074\n|switch|p1b: Alcremie|Alcremie-Mint-Cream, F, shiny|48\/100\n|move|p2b: Leafeon|Solar Blade||[still]\n|-prepare|p2b: Leafeon|Solar Blade\n|-anim|p2b: Leafeon|Solar Blade|p1a: Roaring Moon\n|-resisted|p1a: Roaring Moon\n|-damage|p1a: Roaring Moon|61\/100\n|move|p1a: Roaring Moon|Acrobatics|p2b: Leafeon\n|-supereffective|p2b: Leafeon\n|-damage|p2b: Leafeon|54\/100\n|move|p2a: Ninetales|Flamethrower|p1b: Alcremie\n|-damage|p1b: Alcremie|0 fnt\n|faint|p1b: Alcremie\n|\n|-weather|SunnyDay|[upkeep]\n|upkeep\n|\n|t:|1697423090\n|switch|p1b: Sinistcha|Sinistcha-Masterpiece|96\/100\n|-heal|p1a: Roaring Moon|86\/100|[from] ability: Hospitality|[of] p1b: Sinistcha\n|turn|9\n|\n|t:|1697423102\n|move|p2b: Leafeon|X-Scissor|p1a: Roaring Moon\n|-supereffective|p1a: Roaring Moon\n|-crit|p1a: Roaring Moon\n|-damage|p1a: Roaring Moon|0 fnt\n|faint|p1a: Roaring Moon\n|-end|p1a: Roaring Moon|Protosynthesis|[silent]\n|move|p2a: Ninetales|Flamethrower|p1b: Sinistcha\n|-supereffective|p1b: Sinistcha\n|-damage|p1b: Sinistcha|0 fnt\n|faint|p1b: Sinistcha\n|\n|win|The OG Trainer Red\n|raw|SleepyZetsu's rating: 1352 &rarr; <strong>1323<\/strong><br \/>(-29 for losing)\n|raw|The OG Trainer Red's rating: 1183 &rarr; <strong>1219<\/strong><br \/>(+36 for winning)\n|l|\u2606SleepyZetsu\n|c|\u2606The OG Trainer Red|My eevees!\n|j| Leafeon is fun\n|l|\u2606The OG Trainer Red\n|j| Hashi23\n","uploadtime":1697423120,"views":8,"p1id":"sleepyzetsu","p2id":"theogtrainerred","formatid":"gen9nationaldexdoubles","rating":1219,"private":0,"password":""}