{"id":"gen9nationaldexdoubles-1987498974","p1":"Rikard & Frida","p2":"antelite","format":"[Gen 9] National Dex Doubles","log":"|j|\u2606Rikard & Frida\n|j|\u2606antelite\n|t:|1699602017\n|gametype|doubles\n|player|p1|Rikard & Frida|youngcouple-gen4dp|1141\n|player|p2|antelite|riley|1158\n|teamsize|p1|6\n|teamsize|p2|6\n|gen|9\n|tier|[Gen 9] National Dex Doubles\n|rated|\n|rule|HP Percentage Mod: HP is shown in percentages\n|rule|Endless Battle Clause: Forcing endless battles is banned\n|rule|OHKO Clause: OHKO moves are banned\n|rule|Evasion Moves Clause: Evasion moves are banned\n|rule|Evasion Abilities Clause: Evasion abilities are banned\n|rule|Species Clause: Limit one of each Pok\u00e9mon\n|rule|Gravity Sleep Clause: The combination of sleep-inducing moves with imperfect accuracy and Gravity or Gigantamax Orbeetle are banned\n|clearpoke\n|poke|p1|Raichu-Alola, F|\n|poke|p1|Unfezant, F|\n|poke|p1|Roserade, F|\n|poke|p1|Blaziken, F|\n|poke|p1|Samurott, F|\n|poke|p1|Garchomp, F|\n|poke|p2|Meowscarada, F|\n|poke|p2|Tinkaton, F|\n|poke|p2|Pawmot, F|\n|poke|p2|Iron Valiant|\n|poke|p2|Togetic, M|\n|poke|p2|Glimmora, F|\n|teampreview\n|inactive|Battle timer is ON: inactive players will automatically lose when time's up. (requested by antelite)\n|inactive|Rikard & Frida also wants the timer to be on.\n|\n|t:|1699602025\n|start\n|switch|p1a: Raichu|Raichu-Alola, F|100\/100\n|switch|p1b: Blaziken|Blaziken, F|100\/100\n|switch|p2a: Togetic|Togetic, M|100\/100\n|switch|p2b: Iron Valiant|Iron Valiant|100\/100\n|-enditem|p2b: Iron Valiant|Booster Energy\n|-activate|p2b: Iron Valiant|ability: Quark Drive|[fromitem]\n|-start|p2b: Iron Valiant|quarkdriveatk\n|turn|1\n|\n|t:|1699602046\n|move|p1a: Raichu|Fake Out|p2b: Iron Valiant\n|-damage|p2b: Iron Valiant|92\/100\n|cant|p2b: Iron Valiant|flinch\n|move|p1b: Blaziken|Swords Dance|p1b: Blaziken\n|-boost|p1b: Blaziken|atk|2\n|move|p2a: Togetic|Tailwind|p2a: Togetic\n|-sidestart|p2: antelite|move: Tailwind\n|\n|-ability|p1b: Blaziken|Speed Boost|boost\n|-boost|p1b: Blaziken|spe|1\n|upkeep\n|turn|2\n|\n|t:|1699602069\n|move|p2b: Iron Valiant|Psycho Cut|p1b: Blaziken\n|-supereffective|p1b: Blaziken\n|-damage|p1b: Blaziken|3\/100\n|-enditem|p1b: Blaziken|Liechi Berry|[eat]\n|-boost|p1b: Blaziken|atk|1|[from] item: Liechi Berry\n|move|p1b: Blaziken|Flare Blitz|p2b: Iron Valiant\n|-damage|p2b: Iron Valiant|0 fnt\n|faint|p2b: Iron Valiant\n|-end|p2b: Iron Valiant|Quark Drive|[silent]\n|-damage|p1b: Blaziken|0 fnt|[from] Recoil\n|faint|p1b: Blaziken\n|move|p1a: Raichu|Electric Terrain|p1a: Raichu\n|-fieldstart|move: Electric Terrain\n|move|p2a: Togetic|Thunder Wave|p1a: Raichu|[miss]\n|-miss|p2a: Togetic|p1a: Raichu\n|\n|upkeep\n|\n|t:|1699602091\n|switch|p2b: Glimmora|Glimmora, F|100\/100\n|switch|p1b: Samurott|Samurott, F|100\/100\n|turn|3\n|\n|t:|1699602103\n|-terastallize|p1b: Samurott|Ground\n|move|p1a: Raichu|Thunderbolt|p2a: Togetic\n|-supereffective|p2a: Togetic\n|-damage|p2a: Togetic|32\/100\n|move|p2b: Glimmora|Earth Power|p1a: Raichu\n|-supereffective|p1a: Raichu\n|-damage|p1a: Raichu|6\/100\n|move|p1b: Samurott|Tera Blast|p2b: Glimmora|[anim] Tera Blast Ground\n|-supereffective|p2b: Glimmora\n|-damage|p2b: Glimmora|0 fnt\n|faint|p2b: Glimmora\n|-damage|p1b: Samurott|91\/100|[from] item: Life Orb\n|move|p2a: Togetic|Thunder Wave|p1b: Samurott\n|-immune|p1b: Samurott\n|\n|upkeep\n|\n|t:|1699602121\n|switch|p2b: Meowscarada|Meowscarada, F|100\/100\n|turn|4\n|\n|t:|1699602128\n|move|p2b: Meowscarada|Flower Trick|p1b: Samurott\n|-start|p2b: Meowscarada|typechange|Grass|[from] ability: Protean\n|-supereffective|p1b: Samurott\n|-crit|p1b: Samurott\n|-damage|p1b: Samurott|0 fnt\n|faint|p1b: Samurott\n|move|p1a: Raichu|Thunderbolt|p2a: Togetic\n|-supereffective|p2a: Togetic\n|-damage|p2a: Togetic|0 fnt\n|faint|p2a: Togetic\n|\n|-sideend|p2: antelite|move: Tailwind\n|upkeep\n|\n|t:|1699602141\n|switch|p1b: Roserade|Roserade, F|100\/100\n|switch|p2a: Pawmot|Pawmot, F|100\/100\n|turn|5\n|\n|t:|1699602156\n|move|p2a: Pawmot|Mach Punch|p1a: Raichu\n|-resisted|p1a: Raichu\n|-damage|p1a: Raichu|0 fnt\n|faint|p1a: Raichu\n|move|p2b: Meowscarada|Knock Off|p1b: Roserade\n|-damage|p1b: Roserade|49\/100\n|-enditem|p1b: Roserade|Big Root|[from] move: Knock Off|[of] p2b: Meowscarada\n|move|p1b: Roserade|Sludge Bomb|p2b: Meowscarada\n|-supereffective|p2b: Meowscarada\n|-damage|p2b: Meowscarada|0 fnt\n|faint|p2b: Meowscarada\n|\n|upkeep\n|\n|t:|1699602168\n|switch|p2b: Tinkaton|Tinkaton, F|100\/100\n|switch|p1a: Garchomp|Garchomp, F|100\/100\n|-ability|p2b: Tinkaton|Mold Breaker\n|turn|6\n|\n|t:|1699602177\n|detailschange|p1a: Garchomp|Garchomp-Mega, F\n|-mega|p1a: Garchomp|Garchomp|Garchompite\n|move|p2b: Tinkaton|Fake Out|p1b: Roserade\n|-damage|p1b: Roserade|31\/100\n|move|p2a: Pawmot|Revival Blessing|p2a: Pawmot\n|\n|t:|1699602184\n|-heal|p2: Iron Valiant|50\/100|[from] move: Revival Blessing\n|move|p1a: Garchomp|Stomping Tantrum|p2a: Pawmot\n|-supereffective|p2a: Pawmot\n|-enditem|p2a: Pawmot|Focus Sash\n|-damage|p2a: Pawmot|1\/100\n|cant|p1b: Roserade|flinch\n|\n|-fieldend|move: Electric Terrain\n|upkeep\n|turn|7\n|\n|t:|1699602200\n|move|p2a: Pawmot|Fire Punch|p1b: Roserade\n|-supereffective|p1b: Roserade\n|-damage|p1b: Roserade|0 fnt\n|faint|p1b: Roserade\n|move|p1a: Garchomp|Stomping Tantrum|p2b: Tinkaton\n|-supereffective|p2b: Tinkaton\n|-damage|p2b: Tinkaton|0 fnt\n|faint|p2b: Tinkaton\n|\n|upkeep\n|\n|t:|1699602208\n|switch|p1b: Unfezant|Unfezant, F|100\/100\n|switch|p2b: Iron Valiant|Iron Valiant|50\/100\n|turn|8\n|\n|t:|1699602222\n|move|p2a: Pawmot|Mach Punch|p1b: Unfezant\n|-damage|p1b: Unfezant|70\/100\n|move|p2b: Iron Valiant|Spirit Break|p1a: Garchomp\n|-supereffective|p1a: Garchomp\n|-damage|p1a: Garchomp|40\/100\n|-unboost|p1a: Garchomp|spa|1\n|move|p1b: Unfezant|Return|p2b: Iron Valiant\n|-crit|p2b: Iron Valiant\n|-damage|p2b: Iron Valiant|0 fnt\n|faint|p2b: Iron Valiant\n|-end|p2b: Iron Valiant|Quark Drive|[silent]\n|move|p1a: Garchomp|Stomping Tantrum|p2a: Pawmot\n|-supereffective|p2a: Pawmot\n|-damage|p2a: Pawmot|0 fnt\n|faint|p2a: Pawmot\n|\n|win|Rikard & Frida\n|raw|Rikard &amp; Frida's rating: 1141 &rarr; <strong>1167<\/strong><br \/>(+26 for winning)\n|raw|antelite's rating: 1158 &rarr; <strong>1132<\/strong><br \/>(-26 for losing)\n|l|\u2606antelite\n","uploadtime":1699602241,"views":7,"p1id":"rikardfrida","p2id":"antelite","formatid":"gen9nationaldexdoubles","rating":1132,"private":0,"password":""}