{"id":"gen9nationaldexdoubles-1979955323","p1":"AsumaToki","p2":"Mister__Yellow","format":"[Gen 9] National Dex Doubles","log":"|j|\u2606AsumaToki\n|j|\u2606Mister__Yellow\n|t:|1698736449\n|gametype|doubles\n|player|p1|AsumaToki|caitlin|1000\n|player|p2|Mister__Yellow|170|1008\n|teamsize|p1|6\n|teamsize|p2|6\n|gen|9\n|tier|[Gen 9] National Dex Doubles\n|rated|\n|rule|HP Percentage Mod: HP is shown in percentages\n|rule|Endless Battle Clause: Forcing endless battles is banned\n|rule|OHKO Clause: OHKO moves are banned\n|rule|Evasion Moves Clause: Evasion moves are banned\n|rule|Evasion Abilities Clause: Evasion abilities are banned\n|rule|Species Clause: Limit one of each Pok\u00e9mon\n|rule|Gravity Sleep Clause: The combination of sleep-inducing moves with imperfect accuracy and Gravity or Gigantamax Orbeetle are banned\n|clearpoke\n|poke|p1|Dudunsparce-*, F|\n|poke|p1|Gardevoir, M|\n|poke|p1|Flamigo, F|\n|poke|p1|Maushold|\n|poke|p1|Gholdengo|\n|poke|p1|Grimmsnarl, M|\n|poke|p2|Plusle, F|\n|poke|p2|Minun, M|\n|poke|p2|Garchomp, M|\n|poke|p2|Togekiss, F|\n|poke|p2|Rotom-Wash|\n|poke|p2|Scizor, F|\n|teampreview\n|\n|t:|1698736468\n|start\n|switch|p1a: Dudunsparce|Dudunsparce-Three-Segment, F, shiny|100\/100\n|switch|p1b: Maushold|Maushold|100\/100\n|switch|p2a: Queenslander|Plusle, F, shiny|100\/100\n|switch|p2b: Minnun|Minun, M|100\/100\n|turn|1\n|inactive|Battle timer is ON: inactive players will automatically lose when time's up. (requested by AsumaToki)\n|\n|t:|1698736501\n|-terastallize|p1a: Dudunsparce|Ghost\n|move|p2a: Queenslander|Nuzzle|p1b: Maushold\n|-damage|p1b: Maushold|96\/100\n|-status|p1b: Maushold|par\n|move|p2b: Minnun|Nuzzle|p1a: Dudunsparce\n|-damage|p1a: Dudunsparce|99\/100\n|-status|p1a: Dudunsparce|par\n|move|p1b: Maushold|Beat Up|p1a: Dudunsparce\n|-supereffective|p1a: Dudunsparce\n|-crit|p1a: Dudunsparce\n|-damage|p1a: Dudunsparce|95\/100 par\n|-ability|p1a: Dudunsparce|Rattled|boost\n|-boost|p1a: Dudunsparce|spe|1\n|-enditem|p1a: Dudunsparce|Weakness Policy\n|-boost|p1a: Dudunsparce|atk|2|[from] item: Weakness Policy\n|-boost|p1a: Dudunsparce|spa|2|[from] item: Weakness Policy\n|-supereffective|p1a: Dudunsparce\n|-damage|p1a: Dudunsparce|91\/100 par\n|-ability|p1a: Dudunsparce|Rattled|boost\n|-boost|p1a: Dudunsparce|spe|1\n|-supereffective|p1a: Dudunsparce\n|-damage|p1a: Dudunsparce|89\/100 par\n|-ability|p1a: Dudunsparce|Rattled|boost\n|-boost|p1a: Dudunsparce|spe|1\n|-supereffective|p1a: Dudunsparce\n|-damage|p1a: Dudunsparce|87\/100 par\n|-ability|p1a: Dudunsparce|Rattled|boost\n|-boost|p1a: Dudunsparce|spe|1\n|-supereffective|p1a: Dudunsparce\n|-damage|p1a: Dudunsparce|84\/100 par\n|-ability|p1a: Dudunsparce|Rattled|boost\n|-boost|p1a: Dudunsparce|spe|1\n|-hitcount|p1a: Dudunsparce|5\n|move|p1a: Dudunsparce|Coil|p1a: Dudunsparce\n|-boost|p1a: Dudunsparce|atk|1\n|-boost|p1a: Dudunsparce|def|1\n|-boost|p1a: Dudunsparce|accuracy|1\n|\n|upkeep\n|turn|2\n|inactive|Mister__Yellow has 120 seconds left.\n|inactive|Mister__Yellow has 90 seconds left.\n|\n|t:|1698736572\n|switch|p2a: Lil Gibby|Garchomp, M|100\/100\n|move|p1b: Maushold|Follow Me|p1b: Maushold\n|-singleturn|p1b: Maushold|move: Follow Me\n|move|p2b: Minnun|Encore|p1b: Maushold\n|-start|p1b: Maushold|Encore\n|move|p1a: Dudunsparce|Baton Pass|p1a: Dudunsparce\n|\n|t:|1698736582\n|switch|p1a: Gardevoir|Gardevoir, M|100\/100|[from] Baton Pass\n|-ability|p1a: Gardevoir|Rough Skin|[from] ability: Trace|[of] p2a: Lil Gibby\n|\n|upkeep\n|turn|3\n|inactive|Mister__Yellow has 90 seconds left.\n|\n|t:|1698736607\n|switch|p1b: Flamigo|Flamigo, F|100\/100\n|-copyboost|p1b: Flamigo|p1a: Gardevoir|[from] ability: Costar\n|detailschange|p1a: Gardevoir|Gardevoir-Mega, M\n|-mega|p1a: Gardevoir|Gardevoir|Gardevoirite\n|move|p1a: Gardevoir|Hyper Voice|p2a: Lil Gibby|[spread] p2a,p2b\n|-supereffective|p2a: Lil Gibby\n|-damage|p2a: Lil Gibby|0 fnt\n|-damage|p2b: Minnun|0 fnt\n|faint|p2a: Lil Gibby\n|faint|p2b: Minnun\n|\n|upkeep\n|inactive|Mister__Yellow has 90 seconds left.\n|\n|t:|1698736624\n|switch|p2b: Scissors|Scizor, F|100\/100\n|switch|p2a: aCHECKto|Togekiss, F|100\/100\n|turn|4\n|inactive|AsumaToki has 120 seconds left.\n|\n|t:|1698736661\n|move|p2a: aCHECKto|Protect|p2a: aCHECKto\n|-singleturn|p2a: aCHECKto|Protect\n|move|p2b: Scissors|Protect|p2b: Scissors\n|-singleturn|p2b: Scissors|Protect\n|move|p1a: Gardevoir|Hyper Voice|p2a: aCHECKto|[spread] \n|-activate|p2a: aCHECKto|move: Protect\n|-activate|p2b: Scissors|move: Protect\n|move|p1b: Flamigo|Close Combat|p2b: Scissors\n|-activate|p2b: Scissors|move: Protect\n|\n|upkeep\n|turn|5\n|inactive|Mister__Yellow has 120 seconds left.\n|inactive|AsumaToki has 120 seconds left.\n|\n|t:|1698736693\n|move|p2b: Scissors|Bullet Punch|p1a: Gardevoir\n|-supereffective|p1a: Gardevoir\n|-damage|p1a: Gardevoir|18\/100\n|move|p1a: Gardevoir|Hyper Voice|p2b: Scissors|[spread] p2a,p2b\n|-resisted|p2b: Scissors\n|-damage|p2a: aCHECKto|14\/100\n|-damage|p2b: Scissors|37\/100\n|move|p1b: Flamigo|Brave Bird|p2a: aCHECKto\n|-damage|p2a: aCHECKto|0 fnt\n|faint|p2a: aCHECKto\n|-damage|p1b: Flamigo|95\/100|[from] Recoil\n|\n|-heal|p2b: Scissors|43\/100|[from] item: Leftovers\n|upkeep\n|inactive|Mister__Yellow has 90 seconds left.\n|\n|t:|1698736713\n|switch|p2a: Queenslander|Plusle, F, shiny|100\/100\n|turn|6\n|inactive|AsumaToki has 120 seconds left.\n|\n|t:|1698736752\n|move|p2a: Queenslander|Protect|p2a: Queenslander\n|-singleturn|p2a: Queenslander|Protect\n|move|p2b: Scissors|Bullet Punch|p1a: Gardevoir\n|-supereffective|p1a: Gardevoir\n|-damage|p1a: Gardevoir|0 fnt\n|faint|p1a: Gardevoir\n|move|p1b: Flamigo|Brave Bird|p2a: Queenslander\n|-activate|p2a: Queenslander|move: Protect\n|\n|-heal|p2b: Scissors|49\/100|[from] item: Leftovers\n|upkeep\n|\n|t:|1698736756\n|switch|p1a: Grimmsnarl|Grimmsnarl, M|100\/100\n|turn|7\n|inactive|Mister__Yellow has 120 seconds left.\n|\n|t:|1698736783\n|move|p2a: Queenslander|Protect||[still]\n|-fail|p2a: Queenslander\n|move|p1a: Grimmsnarl|Reflect|p1a: Grimmsnarl\n|-sidestart|p1: AsumaToki|Reflect\n|move|p1b: Flamigo|Brave Bird|p2b: Scissors\n|-damage|p2b: Scissors|0 fnt\n|faint|p2b: Scissors\n|-damage|p1b: Flamigo|77\/100|[from] Recoil\n|\n|upkeep\n|\n|t:|1698736791\n|switch|p2b: Washing Machine|Rotom-Wash|100\/100\n|turn|8\n|inactive|Mister__Yellow has 120 seconds left.\n|\n|t:|1698736816\n|move|p2a: Queenslander|Protect|p2a: Queenslander\n|-singleturn|p2a: Queenslander|Protect\n|move|p1a: Grimmsnarl|Light Screen|p1a: Grimmsnarl\n|-sidestart|p1: AsumaToki|move: Light Screen\n|move|p1b: Flamigo|Brave Bird|p2b: Washing Machine\n|-resisted|p2b: Washing Machine\n|-damage|p2b: Washing Machine|21\/100\n|-enditem|p2b: Washing Machine|Sitrus Berry|[eat]\n|-heal|p2b: Washing Machine|46\/100|[from] item: Sitrus Berry\n|-damage|p1b: Flamigo|51\/100|[from] Recoil\n|move|p2b: Washing Machine|Hydro Pump|p1b: Flamigo\n|-damage|p1b: Flamigo|0 fnt\n|faint|p1b: Flamigo\n|\n|upkeep\n|\n|t:|1698736825\n|switch|p1b: Gholdengo|Gholdengo|100\/100\n|turn|9\n|\n|t:|1698736844\n|switch|p1a: Maushold|Maushold|96\/100 par\n|move|p2a: Queenslander|Protect|p2a: Queenslander\n|-singleturn|p2a: Queenslander|Protect\n|move|p2b: Washing Machine|Protect|p2b: Washing Machine\n|-singleturn|p2b: Washing Machine|Protect\n|move|p1b: Gholdengo|Nasty Plot|p1b: Gholdengo\n|-boost|p1b: Gholdengo|spa|2\n|\n|upkeep\n|turn|10\n|\n|t:|1698736861\n|move|p2a: Queenslander|Protect||[still]\n|-fail|p2a: Queenslander\n|cant|p1a: Maushold|par\n|move|p2b: Washing Machine|Hydro Pump|p1a: Maushold\n|-damage|p1a: Maushold|52\/100 par\n|move|p1b: Gholdengo|Shadow Ball|p2a: Queenslander\n|-damage|p2a: Queenslander|0 fnt\n|faint|p2a: Queenslander\n|\n|upkeep\n|turn|11\n|\n|t:|1698736874\n|move|p2b: Washing Machine|Protect|p2b: Washing Machine\n|-singleturn|p2b: Washing Machine|Protect\n|move|p1a: Maushold|Follow Me|p1a: Maushold\n|-singleturn|p1a: Maushold|move: Follow Me\n|move|p1b: Gholdengo|Shadow Ball|p2b: Washing Machine\n|-activate|p2b: Washing Machine|move: Protect\n|\n|upkeep\n|turn|12\n|\n|t:|1698736885\n|move|p1a: Maushold|Follow Me|p1a: Maushold\n|-singleturn|p1a: Maushold|move: Follow Me\n|move|p2b: Washing Machine|Hydro Pump|p1a: Maushold\n|-damage|p1a: Maushold|4\/100 par\n|-enditem|p1a: Maushold|Sitrus Berry|[eat]\n|-heal|p1a: Maushold|29\/100 par|[from] item: Sitrus Berry\n|move|p1b: Gholdengo|Shadow Ball|p2b: Washing Machine\n|-damage|p2b: Washing Machine|0 fnt\n|faint|p2b: Washing Machine\n|\n|win|AsumaToki\n|raw|AsumaToki's rating: 1000 &rarr; <strong>1041<\/strong><br \/>(+41 for winning)\n|raw|Mister__Yellow's rating: 1008 &rarr; <strong>1000<\/strong><br \/>(-8 for losing)\n","uploadtime":1698736941,"views":12,"p1id":"asumatoki","p2id":"misteryellow","formatid":"gen9nationaldexdoubles","rating":1000,"private":0,"password":""}