{"id":"gen9nationaldexdoubles-1989086146","p1":"Denvah_17","p2":"bosspark1737376","format":"[Gen 9] National Dex Doubles","log":"|j|\u2606Denvah_17\n|j|\u2606bosspark1737376\n|t:|1699810640\n|gametype|doubles\n|player|p1|Denvah_17|alder|1376\n|player|p2|bosspark1737376|n|1310\n|teamsize|p1|6\n|teamsize|p2|6\n|gen|9\n|tier|[Gen 9] National Dex Doubles\n|rated|\n|rule|HP Percentage Mod: HP is shown in percentages\n|rule|Endless Battle Clause: Forcing endless battles is banned\n|rule|OHKO Clause: OHKO moves are banned\n|rule|Evasion Moves Clause: Evasion moves are banned\n|rule|Evasion Abilities Clause: Evasion abilities are banned\n|rule|Species Clause: Limit one of each Pok\u00e9mon\n|rule|Gravity Sleep Clause: The combination of sleep-inducing moves with imperfect accuracy and Gravity or Gigantamax Orbeetle are banned\n|clearpoke\n|poke|p1|Porygon2|\n|poke|p1|Marowak-Alola, F|\n|poke|p1|Slowbro-Galar, F|\n|poke|p1|Parasect, M|\n|poke|p1|Rhyperior, M|\n|poke|p1|Zapdos|\n|poke|p2|Rillaboom, M|\n|poke|p2|Incineroar, F|\n|poke|p2|Pheromosa|\n|poke|p2|Metagross|\n|poke|p2|Tapu Fini|\n|poke|p2|Landorus-Therian, M|\n|teampreview\n|inactive|Battle timer is ON: inactive players will automatically lose when time's up. (requested by Denvah_17)\n|\n|t:|1699810660\n|start\n|switch|p1a: silph_sys.exe|Porygon2|100\/100\n|switch|p1b: Missingno|Parasect, M, shiny|100\/100\n|switch|p2a: Pheromosa|Pheromosa, shiny|100\/100\n|switch|p2b: Landorus|Landorus-Therian, M|100\/100\n|-ability|p2b: Landorus|Intimidate|boost\n|-unboost|p1a: silph_sys.exe|atk|1\n|-unboost|p1b: Missingno|atk|1\n|-ability|p1a: silph_sys.exe|Download|boost\n|-boost|p1a: silph_sys.exe|spa|1\n|turn|1\n|\n|t:|1699810689\n|-terastallize|p1a: silph_sys.exe|Ghost\n|move|p1b: Missingno|Protect|p1b: Missingno\n|-singleturn|p1b: Missingno|Protect\n|move|p2a: Pheromosa|Poison Jab|p1b: Missingno\n|-activate|p1b: Missingno|move: Protect\n|move|p2b: Landorus|Stone Edge|p1a: silph_sys.exe\n|-damage|p1a: silph_sys.exe|79\/100\n|move|p1a: silph_sys.exe|Trick Room|p1a: silph_sys.exe\n|-fieldstart|move: Trick Room|[of] p1a: silph_sys.exe\n|\n|upkeep\n|turn|2\n|\n|t:|1699810710\n|switch|p2a: Rillaboom|Rillaboom, M, shiny|100\/100\n|-fieldstart|move: Grassy Terrain|[from] ability: Grassy Surge|[of] p2a: Rillaboom\n|move|p2b: Landorus|Protect|p2b: Landorus\n|-singleturn|p2b: Landorus|Protect\n|move|p1b: Missingno|Spore|p2a: Rillaboom\n|-immune|p2a: Rillaboom\n|move|p1a: silph_sys.exe|Ice Beam|p2b: Landorus\n|-activate|p2b: Landorus|move: Protect\n|\n|-heal|p1a: silph_sys.exe|85\/100|[from] Grassy Terrain\n|upkeep\n|turn|3\n|\n|t:|1699810738\n|move|p2a: Rillaboom|Fake Out|p1b: Missingno\n|-damage|p1b: Missingno|81\/100\n|cant|p1b: Missingno|flinch\n|move|p1a: silph_sys.exe|Ice Beam|p2a: Rillaboom\n|-supereffective|p2a: Rillaboom\n|-damage|p2a: Rillaboom|37\/100\n|-status|p2a: Rillaboom|frz\n|move|p2b: Landorus|Stomping Tantrum|p1a: silph_sys.exe\n|-damage|p1a: silph_sys.exe|62\/100\n|\n|-heal|p1b: Missingno|87\/100|[from] Grassy Terrain\n|-heal|p1a: silph_sys.exe|68\/100|[from] Grassy Terrain\n|-heal|p2a: Rillaboom|43\/100 frz|[from] Grassy Terrain\n|upkeep\n|turn|4\n|inactive|bosspark1737376 has 120 seconds left.\n|\n|t:|1699810773\n|move|p1b: Missingno|Growth|p1b: Missingno\n|-boost|p1b: Missingno|atk|1\n|-boost|p1b: Missingno|spa|1\n|move|p1a: silph_sys.exe|Ice Beam|p2b: Landorus\n|-supereffective|p2b: Landorus\n|-damage|p2b: Landorus|0 fnt\n|faint|p2b: Landorus\n|cant|p2a: Rillaboom|frz\n|\n|-heal|p1b: Missingno|93\/100|[from] Grassy Terrain\n|-heal|p1a: silph_sys.exe|74\/100|[from] Grassy Terrain\n|-heal|p2a: Rillaboom|49\/100 frz|[from] Grassy Terrain\n|upkeep\n|inactive|bosspark1737376 has 120 seconds left.\n|\n|t:|1699810785\n|switch|p2b: Incineroar|Incineroar, F, shiny|100\/100\n|-ability|p2b: Incineroar|Intimidate|boost\n|-unboost|p1a: silph_sys.exe|atk|1\n|-unboost|p1b: Missingno|atk|1\n|turn|5\n|\n|t:|1699810798\n|move|p1b: Missingno|Protect|p1b: Missingno\n|-singleturn|p1b: Missingno|Protect\n|move|p2b: Incineroar|Fake Out|p1b: Missingno\n|-activate|p1b: Missingno|move: Protect\n|cant|p2a: Rillaboom|frz\n|move|p1a: silph_sys.exe|Tri Attack|p2b: Incineroar\n|-damage|p2b: Incineroar|52\/100\n|\n|-heal|p1b: Missingno|99\/100|[from] Grassy Terrain\n|-heal|p1a: silph_sys.exe|80\/100|[from] Grassy Terrain\n|-heal|p2b: Incineroar|58\/100|[from] Grassy Terrain\n|-heal|p2a: Rillaboom|55\/100 frz|[from] Grassy Terrain\n|-fieldend|move: Trick Room\n|upkeep\n|turn|6\n|\n|t:|1699810816\n|cant|p2a: Rillaboom|frz\n|move|p2b: Incineroar|Knock Off|p1a: silph_sys.exe\n|-supereffective|p1a: silph_sys.exe\n|-damage|p1a: silph_sys.exe|22\/100\n|-enditem|p1a: silph_sys.exe|Eviolite|[from] move: Knock Off|[of] p2b: Incineroar\n|move|p1b: Missingno|Spore|p2b: Incineroar\n|-status|p2b: Incineroar|slp|[from] move: Spore\n|move|p1a: silph_sys.exe|Trick Room|p1a: silph_sys.exe\n|-fieldstart|move: Trick Room|[of] p1a: silph_sys.exe\n|\n|-heal|p1b: Missingno|100\/100|[from] Grassy Terrain\n|-heal|p1a: silph_sys.exe|29\/100|[from] Grassy Terrain\n|-heal|p2b: Incineroar|64\/100 slp|[from] Grassy Terrain\n|-heal|p2a: Rillaboom|61\/100 frz|[from] Grassy Terrain\n|-fieldend|move: Grassy Terrain\n|upkeep\n|turn|7\n|\n|t:|1699810838\n|switch|p2a: Tapu Fini|Tapu Fini|100\/100\n|-fieldstart|move: Misty Terrain|[from] ability: Misty Surge|[of] p2a: Tapu Fini\n|move|p1b: Missingno|Growth|p1b: Missingno\n|-boost|p1b: Missingno|atk|1\n|-boost|p1b: Missingno|spa|1\n|move|p1a: silph_sys.exe|Ice Beam|p2a: Tapu Fini\n|-resisted|p2a: Tapu Fini\n|-damage|p2a: Tapu Fini|85\/100\n|cant|p2b: Incineroar|slp\n|\n|-heal|p2a: Tapu Fini|91\/100|[from] item: Leftovers\n|upkeep\n|turn|8\n|\n|t:|1699810857\n|move|p1b: Missingno|Spore|p2a: Tapu Fini\n|-activate|p2a: Tapu Fini|move: Misty Terrain\n|move|p1a: silph_sys.exe|Tri Attack|p2b: Incineroar\n|-damage|p2b: Incineroar|15\/100 slp\n|-enditem|p2b: Incineroar|Sitrus Berry|[eat]\n|-heal|p2b: Incineroar|40\/100 slp|[from] item: Sitrus Berry\n|cant|p2b: Incineroar|slp\n|move|p2a: Tapu Fini|Ice Beam|p1b: Missingno\n|-supereffective|p1b: Missingno\n|-damage|p1b: Missingno|45\/100\n|\n|-heal|p2a: Tapu Fini|98\/100|[from] item: Leftovers\n|upkeep\n|turn|9\n|\n|t:|1699810871\n|move|p1b: Missingno|Leech Life|p2b: Incineroar\n|-damage|p2b: Incineroar|11\/100 slp\n|-heal|p1b: Missingno|67\/100|[from] drain|[of] p2b: Incineroar\n|move|p1a: silph_sys.exe|Tri Attack|p2a: Tapu Fini\n|-damage|p2a: Tapu Fini|62\/100\n|cant|p2b: Incineroar|slp\n|move|p2a: Tapu Fini|Ice Beam|p1b: Missingno\n|-supereffective|p1b: Missingno\n|-damage|p1b: Missingno|12\/100\n|\n|-heal|p2a: Tapu Fini|68\/100|[from] item: Leftovers\n|upkeep\n|turn|10\n|\n|t:|1699810892\n|move|p1b: Missingno|Leech Life|p2b: Incineroar\n|-damage|p2b: Incineroar|0 fnt\n|-heal|p1b: Missingno|20\/100|[from] drain|[of] p2b: Incineroar\n|faint|p2b: Incineroar\n|move|p1a: silph_sys.exe|Tri Attack|p2a: Tapu Fini\n|-damage|p2a: Tapu Fini|28\/100\n|move|p2a: Tapu Fini|Ice Beam|p1b: Missingno\n|-supereffective|p1b: Missingno\n|-damage|p1b: Missingno|0 fnt\n|faint|p1b: Missingno\n|\n|-heal|p2a: Tapu Fini|34\/100|[from] item: Leftovers\n|-fieldend|move: Trick Room\n|upkeep\n|\n|t:|1699810914\n|switch|p2b: Pheromosa|Pheromosa, shiny|100\/100\n|switch|p1b: Amnesiac|Slowbro-Galar, F, shiny|100\/100\n|turn|11\n|-activate|p1b: Amnesiac|ability: Quick Draw\n|\n|t:|1699810934\n|move|p1b: Amnesiac|Shell Side Arm|p2a: Tapu Fini|[anim] Shell Side Arm Special\n|-supereffective|p2a: Tapu Fini\n|-damage|p2a: Tapu Fini|0 fnt\n|-hint|Special Shell Side Arm\n|faint|p2a: Tapu Fini\n|move|p2b: Pheromosa|Drill Run|p1b: Amnesiac\n|-supereffective|p1b: Amnesiac\n|-damage|p1b: Amnesiac|42\/100\n|move|p1a: silph_sys.exe|Trick Room|p1a: silph_sys.exe\n|-fieldstart|move: Trick Room|[of] p1a: silph_sys.exe\n|\n|-fieldend|Misty Terrain\n|upkeep\n|\n|t:|1699810945\n|switch|p2a: Rillaboom|Rillaboom, M, shiny|61\/100 frz\n|-fieldstart|move: Grassy Terrain|[from] ability: Grassy Surge|[of] p2a: Rillaboom\n|turn|12\n|-activate|p1b: Amnesiac|ability: Quick Draw\n|\n|t:|1699810957\n|detailschange|p1b: Amnesiac|Slowbro-Mega, F, shiny\n|-mega|p1b: Amnesiac|Slowbro|Slowbronite\n|-curestatus|p2a: Rillaboom|frz|[msg]\n|move|p2a: Rillaboom|Grassy Glide|p1b: Amnesiac\n|-supereffective|p1b: Amnesiac\n|-damage|p1b: Amnesiac|5\/100\n|move|p1b: Amnesiac|Expanding Force|p2b: Pheromosa\n|-supereffective|p2b: Pheromosa\n|-damage|p2b: Pheromosa|0 fnt\n|faint|p2b: Pheromosa\n|move|p1a: silph_sys.exe|Ice Beam|p2a: Rillaboom\n|-supereffective|p2a: Rillaboom\n|-damage|p2a: Rillaboom|0 fnt\n|faint|p2a: Rillaboom\n|\n|-heal|p1b: Amnesiac|11\/100|[from] Grassy Terrain\n|-heal|p1a: silph_sys.exe|35\/100|[from] Grassy Terrain\n|upkeep\n|\n|t:|1699810975\n|switch|p2b: Metagross|Metagross|100\/100\n|turn|13\n|\n|t:|1699810980\n|move|p1b: Amnesiac|Scald|p2b: Metagross\n|-damage|p2b: Metagross|40\/100\n|move|p1a: silph_sys.exe|Recover|p1a: silph_sys.exe\n|-heal|p1a: silph_sys.exe|85\/100\n|move|p2b: Metagross|Stomping Tantrum|p1a: silph_sys.exe\n|-damage|p1a: silph_sys.exe|60\/100\n|\n|-heal|p1b: Amnesiac|17\/100|[from] Grassy Terrain\n|-heal|p1a: silph_sys.exe|66\/100|[from] Grassy Terrain\n|-heal|p2b: Metagross|46\/100|[from] Grassy Terrain\n|upkeep\n|turn|14\n|-message|bosspark1737376 forfeited.\n|\n|win|Denvah_17\n|raw|Denvah_17's rating: 1376 &rarr; <strong>1392<\/strong><br \/>(+16 for winning)\n|raw|bosspark1737376's rating: 1310 &rarr; <strong>1294<\/strong><br \/>(-16 for losing)\n|l|\u2606bosspark1737376\n","uploadtime":1699810992,"views":10,"p1id":"denvah17","p2id":"bosspark1737376","formatid":"gen9nationaldexdoubles","rating":1294,"private":0,"password":""}