{"id":"gen9nationaldexdoubles-1965562344","p1":"Kat Mono","p2":"Lilytheloudmouth","format":"[Gen 9] National Dex Doubles","log":"|j|\u2606Kat Mono\n|j|\u2606Lilytheloudmouth\n|t:|1697088436\n|gametype|doubles\n|player|p1|Kat Mono|lusamine-nihilego|1053\n|player|p2|Lilytheloudmouth|roxie|1017\n|teamsize|p1|6\n|teamsize|p2|6\n|gen|9\n|tier|[Gen 9] National Dex Doubles\n|rated|\n|rule|HP Percentage Mod: HP is shown in percentages\n|rule|Endless Battle Clause: Forcing endless battles is banned\n|rule|OHKO Clause: OHKO moves are banned\n|rule|Evasion Moves Clause: Evasion moves are banned\n|rule|Evasion Abilities Clause: Evasion abilities are banned\n|rule|Species Clause: Limit one of each Pok\u00e9mon\n|rule|Gravity Sleep Clause: The combination of sleep-inducing moves with imperfect accuracy and Gravity or Gigantamax Orbeetle are banned\n|clearpoke\n|poke|p1|Kleavor, F|\n|poke|p1|Chansey, F|\n|poke|p1|Amoonguss, M|\n|poke|p1|Grimmsnarl, M|\n|poke|p1|Diancie|\n|poke|p1|Obstagoon, M|\n|poke|p2|Munkidori, M|\n|poke|p2|Grafaiai, M|\n|poke|p2|Slaking, M|\n|poke|p2|Rillaboom, M|\n|poke|p2|Infernape, M|\n|poke|p2|Simipour, F|\n|teampreview\n|\n|t:|1697088446\n|start\n|switch|p1a: Chansey|Chansey, F|100\/100\n|switch|p1b: Grimmsnarl|Grimmsnarl, M|100\/100\n|switch|p2a: Mossy Monkey|Rillaboom, M|100\/100\n|switch|p2b: Hot Monkey|Infernape, M|100\/100\n|-fieldstart|move: Grassy Terrain|[from] ability: Grassy Surge|[of] p2a: Mossy Monkey\n|turn|1\n|c|\u2606Kat Mono|oh my god monkey team\n|c|\u2606Lilytheloudmouth|yeah\n|c|\u2606Lilytheloudmouth|its not good lol, lets go\n|\n|t:|1697088494\n|move|p2a: Mossy Monkey|Fake Out|p1b: Grimmsnarl\n|-damage|p1b: Grimmsnarl|82\/100\n|cant|p1b: Grimmsnarl|flinch\n|move|p2b: Hot Monkey|Nasty Plot|p2b: Hot Monkey\n|-boost|p2b: Hot Monkey|spa|2\n|move|p1a: Chansey|Toxic|p2a: Mossy Monkey\n|-status|p2a: Mossy Monkey|tox\n|\n|-heal|p1b: Grimmsnarl|89\/100|[from] Grassy Terrain\n|-heal|p1b: Grimmsnarl|95\/100|[from] item: Leftovers\n|-damage|p2a: Mossy Monkey|94\/100 tox|[from] psn\n|upkeep\n|turn|2\n|\n|t:|1697088512\n|move|p2b: Hot Monkey|Vacuum Wave|p1a: Chansey\n|-supereffective|p1a: Chansey\n|-damage|p1a: Chansey|79\/100\n|move|p1b: Grimmsnarl|Light Screen|p1b: Grimmsnarl\n|-sidestart|p1: Kat Mono|move: Light Screen\n|move|p2a: Mossy Monkey|Drain Punch|p1a: Chansey\n|-supereffective|p1a: Chansey\n|-damage|p1a: Chansey|45\/100\n|-heal|p2a: Mossy Monkey|100\/100 tox|[from] drain|[of] p1a: Chansey\n|move|p1a: Chansey|Toxic|p2b: Hot Monkey\n|-status|p2b: Hot Monkey|tox\n|\n|-heal|p1b: Grimmsnarl|100\/100|[from] Grassy Terrain\n|-heal|p1a: Chansey|51\/100|[from] Grassy Terrain\n|-damage|p2b: Hot Monkey|94\/100 tox|[from] psn\n|-damage|p2a: Mossy Monkey|88\/100 tox|[from] psn\n|upkeep\n|turn|3\n|\n|t:|1697088532\n|move|p1b: Grimmsnarl|Reflect|p1b: Grimmsnarl\n|-sidestart|p1: Kat Mono|Reflect\n|move|p2b: Hot Monkey|Nasty Plot|p2b: Hot Monkey\n|-boost|p2b: Hot Monkey|spa|2\n|move|p2a: Mossy Monkey|Drain Punch|p1a: Chansey\n|-supereffective|p1a: Chansey\n|-damage|p1a: Chansey|30\/100\n|-heal|p2a: Mossy Monkey|100\/100 tox|[from] drain|[of] p1a: Chansey\n|move|p1a: Chansey|Soft-Boiled|p1a: Chansey\n|-heal|p1a: Chansey|80\/100\n|\n|-heal|p2b: Hot Monkey|100\/100 tox|[from] Grassy Terrain\n|-heal|p1a: Chansey|87\/100|[from] Grassy Terrain\n|-damage|p2b: Hot Monkey|88\/100 tox|[from] psn\n|-damage|p2a: Mossy Monkey|82\/100 tox|[from] psn\n|upkeep\n|turn|4\n|\n|t:|1697088558\n|move|p2b: Hot Monkey|Vacuum Wave|p1b: Grimmsnarl\n|-damage|p1b: Grimmsnarl|72\/100\n|move|p1b: Grimmsnarl|Parting Shot|p2b: Hot Monkey\n|-unboost|p2b: Hot Monkey|atk|1\n|-unboost|p2b: Hot Monkey|spa|1\n|\n|t:|1697088568\n|switch|p1b: Kleavor|Kleavor, F|100\/100|[from] Parting Shot\n|move|p2a: Mossy Monkey|Drain Punch|p1a: Chansey\n|-supereffective|p1a: Chansey\n|-damage|p1a: Chansey|66\/100\n|-heal|p2a: Mossy Monkey|100\/100 tox|[from] drain|[of] p1a: Chansey\n|move|p1a: Chansey|Power-Up Punch|p2b: Hot Monkey\n|-damage|p2b: Hot Monkey|86\/100 tox\n|-boost|p1a: Chansey|atk|1\n|\n|-heal|p2b: Hot Monkey|92\/100 tox|[from] Grassy Terrain\n|-heal|p1a: Chansey|73\/100|[from] Grassy Terrain\n|-damage|p2b: Hot Monkey|73\/100 tox|[from] psn\n|-damage|p2a: Mossy Monkey|76\/100 tox|[from] psn\n|upkeep\n|turn|5\n|\n|t:|1697088604\n|move|p2b: Hot Monkey|Vacuum Wave|p1a: Chansey\n|-supereffective|p1a: Chansey\n|-damage|p1a: Chansey|54\/100\n|move|p1b: Kleavor|Stone Axe|p2a: Mossy Monkey\n|-damage|p2a: Mossy Monkey|20\/100 tox\n|-sidestart|p2: Lilytheloudmouth|move: Stealth Rock\n|move|p2a: Mossy Monkey|Drain Punch|p1a: Chansey\n|-supereffective|p1a: Chansey\n|-crit|p1a: Chansey\n|-damage|p1a: Chansey|8\/100\n|-heal|p2a: Mossy Monkey|67\/100 tox|[from] drain|[of] p1a: Chansey\n|move|p1a: Chansey|Heal Pulse|p1b: Kleavor\n|-fail|p1b: Kleavor|heal\n|\n|-heal|p2b: Hot Monkey|79\/100 tox|[from] Grassy Terrain\n|-heal|p2a: Mossy Monkey|73\/100 tox|[from] Grassy Terrain\n|-heal|p1a: Chansey|14\/100|[from] Grassy Terrain\n|-damage|p2b: Hot Monkey|55\/100 tox|[from] psn\n|-damage|p2a: Mossy Monkey|42\/100 tox|[from] psn\n|-fieldend|move: Grassy Terrain\n|upkeep\n|turn|6\n|\n|t:|1697088628\n|move|p2b: Hot Monkey|Vacuum Wave|p1a: Chansey\n|-supereffective|p1a: Chansey\n|-damage|p1a: Chansey|0 fnt\n|faint|p1a: Chansey\n|move|p2a: Mossy Monkey|Drain Punch|p1b: Kleavor\n|-damage|p1b: Kleavor|77\/100\n|-heal|p2a: Mossy Monkey|52\/100 tox|[from] drain|[of] p1b: Kleavor\n|move|p1b: Kleavor|Fury Cutter|p2a: Mossy Monkey\n|-supereffective|p2a: Mossy Monkey\n|-damage|p2a: Mossy Monkey|0 fnt\n|faint|p2a: Mossy Monkey\n|\n|-damage|p2b: Hot Monkey|24\/100 tox|[from] psn\n|-sideend|p1: Kat Mono|move: Light Screen\n|upkeep\n|\n|t:|1697088648\n|switch|p2a: Wet Monkey|Simipour, F|100\/100\n|switch|p1a: Obstagoon|Obstagoon, M|100\/100\n|-damage|p2a: Wet Monkey|88\/100|[from] Stealth Rock\n|turn|7\n|\n|t:|1697088663\n|move|p1a: Obstagoon|Obstruct|p1a: Obstagoon\n|-singleturn|p1a: Obstagoon|Protect\n|move|p2b: Hot Monkey|Vacuum Wave|p1a: Obstagoon\n|-activate|p1a: Obstagoon|move: Protect\n|move|p1b: Kleavor|Fury Cutter|p2a: Wet Monkey\n|-damage|p2a: Wet Monkey|0 fnt\n|faint|p2a: Wet Monkey\n|\n|-damage|p2b: Hot Monkey|0 fnt|[from] psn\n|faint|p2b: Hot Monkey\n|-sideend|p1: Kat Mono|Reflect\n|-status|p1a: Obstagoon|brn|[from] item: Flame Orb\n|upkeep\n|\n|t:|1697088677\n|switch|p2b: Big Monkey|Slaking, M|100\/100\n|switch|p2a: Little Monkey|Grafaiai, M|100\/100\n|-damage|p2b: Big Monkey|88\/100|[from] Stealth Rock\n|-damage|p2a: Little Monkey|88\/100|[from] Stealth Rock\n|turn|8\n|\n|t:|1697088703\n|move|p2a: Little Monkey|Doodle|p1a: Obstagoon\n|-hint|Since gen 7, Dark is immune to Prankster moves.\n|-immune|p1a: Obstagoon\n|move|p2b: Big Monkey|Drain Punch|p1a: Obstagoon\n|-supereffective|p1a: Obstagoon\n|-damage|p1a: Obstagoon|0 fnt\n|-heal|p2b: Big Monkey|100\/100|[from] drain|[of] p1a: Obstagoon\n|faint|p1a: Obstagoon\n|move|p1b: Kleavor|Fury Cutter|p2b: Big Monkey\n|-damage|p2b: Big Monkey|0 fnt\n|faint|p2b: Big Monkey\n|\n|-heal|p2a: Little Monkey|94\/100|[from] item: Black Sludge\n|upkeep\n|\n|t:|1697088721\n|switch|p2b: Smart monkey|Munkidori, M|100\/100\n|switch|p1a: Grimmsnarl|Grimmsnarl, M|72\/100\n|-damage|p2b: Smart monkey|88\/100|[from] Stealth Rock\n|turn|9\n|\n|t:|1697088756\n|move|p2a: Little Monkey|Toxic|p1a: Grimmsnarl\n|-hint|Since gen 7, Dark is immune to Prankster moves.\n|-immune|p1a: Grimmsnarl\n|move|p1a: Grimmsnarl|Light Screen|p1a: Grimmsnarl\n|-sidestart|p1: Kat Mono|move: Light Screen\n|move|p2b: Smart monkey|Sludge Wave|p1b: Kleavor|[spread] p2a,p1a,p1b\n|-resisted|p2a: Little Monkey\n|-supereffective|p1a: Grimmsnarl\n|-resisted|p1b: Kleavor\n|-damage|p2a: Little Monkey|69\/100\n|-damage|p1a: Grimmsnarl|28\/100\n|-damage|p1b: Kleavor|49\/100\n|-status|p1b: Kleavor|tox|[from] ability: Toxic Chain|[of] p2b: Smart monkey\n|-damage|p2b: Smart monkey|78\/100|[from] item: Life Orb\n|move|p1b: Kleavor|Fury Cutter|p2b: Smart monkey\n|-damage|p2b: Smart monkey|0 fnt\n|faint|p2b: Smart monkey\n|\n|-heal|p2a: Little Monkey|75\/100|[from] item: Black Sludge\n|-heal|p1a: Grimmsnarl|35\/100|[from] item: Leftovers\n|-damage|p1b: Kleavor|43\/100 tox|[from] psn\n|upkeep\n|turn|10\n|\n|t:|1697088781\n|move|p2a: Little Monkey|Doodle|p1b: Kleavor\n|-endability|p2a: Little Monkey|Prankster|[from] move: Doodle\n|-ability|p2a: Little Monkey|Sharpness|[from] move: Doodle\n|move|p1a: Grimmsnarl|Parting Shot|p2a: Little Monkey\n|-unboost|p2a: Little Monkey|atk|1\n|-unboost|p2a: Little Monkey|spa|1\n|\n|t:|1697088789\n|switch|p1a: Diancie|Diancie|100\/100|[from] Parting Shot\n|move|p1b: Kleavor|Fury Cutter|p2a: Little Monkey\n|-resisted|p2a: Little Monkey\n|-damage|p2a: Little Monkey|0 fnt\n|faint|p2a: Little Monkey\n|\n|win|Kat Mono\n|raw|Kat Mono's rating: 1053 &rarr; <strong>1082<\/strong><br \/>(+29 for winning)\n|raw|Lilytheloudmouth's rating: 1017 &rarr; <strong>1006<\/strong><br \/>(-11 for losing)\n|c|\u2606Kat Mono|Gg!\n|c|\u2606Kat Mono|big fan of the monkeys\n|c|\u2606Lilytheloudmouth|they arent good\n|c|\u2606Lilytheloudmouth|but im not good enough to make a real team around grafaiai lol\n|c|\u2606Kat Mono|I like gunk shot + blunder policy, acrobatics, & super fang for it if that helps\n|c|\u2606Lilytheloudmouth|im a huge fan of the shenanigans doodle gets up to in doubles\n|c|\u2606Lilytheloudmouth|that was really the start of this team\n|c|\u2606Kat Mono|very true heheheh\n|c|\u2606Lilytheloudmouth|a slaking with the right ability is a train\n","uploadtime":1697088955,"views":8,"p1id":"katmono","p2id":"lilytheloudmouth","formatid":"gen9nationaldexdoubles","rating":1006,"private":0,"password":""}