{"id":"gen9nationaldexdoubles-1999295964","p1":"dmddo wogus","p2":"Roselita","format":"[Gen 9] National Dex Doubles","log":"|j|\u2606dmddo wogus\n|j|\u2606Roselita\n|t:|1701056456\n|gametype|doubles\n|player|p1|dmddo wogus|rosa|1165\n|player|p2|Roselita|iris-gen5bw2|1109\n|teamsize|p1|6\n|teamsize|p2|6\n|gen|9\n|tier|[Gen 9] National Dex Doubles\n|rated|\n|rule|HP Percentage Mod: HP is shown in percentages\n|rule|Endless Battle Clause: Forcing endless battles is banned\n|rule|OHKO Clause: OHKO moves are banned\n|rule|Evasion Moves Clause: Evasion moves are banned\n|rule|Evasion Abilities Clause: Evasion abilities are banned\n|rule|Species Clause: Limit one of each Pok\u00e9mon\n|rule|Gravity Sleep Clause: The combination of sleep-inducing moves with imperfect accuracy and Gravity or Gigantamax Orbeetle are banned\n|clearpoke\n|poke|p1|Metagross|\n|poke|p1|Farigiraf, F|\n|poke|p1|Rhyperior, F|\n|poke|p1|Bruxish, F|\n|poke|p1|Primarina, F|\n|poke|p1|Reuniclus, F|\n|poke|p2|Zamazenta-*|\n|poke|p2|Jirachi|\n|poke|p2|Rillaboom, M|\n|poke|p2|Glimmora, M|\n|poke|p2|Diancie|\n|poke|p2|Tapu Lele|\n|teampreview\n|\n|t:|1701056475\n|start\n|switch|p1a: Metagross|Metagross, shiny|100\/100\n|switch|p1b: Farigiraf|Farigiraf, F, shiny|100\/100\n|switch|p2a: Diancie|Diancie|100\/100\n|switch|p2b: Tapu Lele|Tapu Lele|100\/100\n|-fieldstart|move: Psychic Terrain|[from] ability: Psychic Surge|[of] p2b: Tapu Lele\n|turn|1\n|inactive|Battle timer is ON: inactive players will automatically lose when time's up. (requested by Roselita)\n|inactive|Roselita has 120 seconds left.\n|inactive|Roselita has 90 seconds left.\n|\n|t:|1701056543\n|detailschange|p2a: Diancie|Diancie-Mega\n|-mega|p2a: Diancie|Diancie|Diancite\n|-terastallize|p2b: Tapu Lele|Ground\n|move|p2b: Tapu Lele|Hidden Power|p1a: Metagross\n|-supereffective|p1a: Metagross\n|-damage|p1a: Metagross|37\/100\n|move|p2a: Diancie|Earth Power|p1a: Metagross\n|-supereffective|p1a: Metagross\n|-damage|p1a: Metagross|0 fnt\n|faint|p1a: Metagross\n|move|p1b: Farigiraf|Trick Room|p1b: Farigiraf\n|-fieldstart|move: Trick Room|[of] p1b: Farigiraf\n|\n|upkeep\n|\n|t:|1701056557\n|switch|p1a: Primarina|Primarina, F, shiny|100\/100\n|turn|2\n|\n|t:|1701056564\n|switch|p1b: Reuniclus|Reuniclus, F, shiny|100\/100\n|switch|p2a: Rillaboom|Rillaboom, M|100\/100\n|-fieldstart|move: Grassy Terrain|[from] ability: Grassy Surge|[of] p2a: Rillaboom\n|switch|p2b: Glimmora|Glimmora, M|100\/100\n|move|p1a: Primarina|Hyper Voice|p2a: Rillaboom|[spread] p2a,p2b\n|-resisted|p2a: Rillaboom\n|-supereffective|p2b: Glimmora\n|-damage|p2a: Rillaboom|89\/100\n|-enditem|p2b: Glimmora|Focus Sash\n|-damage|p2b: Glimmora|1\/100\n|-enditem|p1a: Primarina|Throat Spray\n|-boost|p1a: Primarina|spa|1|[from] item: Throat Spray\n|\n|-heal|p2a: Rillaboom|95\/100|[from] Grassy Terrain\n|-heal|p2b: Glimmora|7\/100|[from] Grassy Terrain\n|upkeep\n|turn|3\n|\n|t:|1701056593\n|move|p2a: Rillaboom|Grassy Glide|p1a: Primarina\n|-supereffective|p1a: Primarina\n|-damage|p1a: Primarina|21\/100\n|move|p1b: Reuniclus|Expanding Force|p2b: Glimmora\n|-supereffective|p2b: Glimmora\n|-damage|p2b: Glimmora|0 fnt\n|faint|p2b: Glimmora\n|move|p1a: Primarina|Moonblast|p2a: Rillaboom\n|-damage|p2a: Rillaboom|49\/100\n|-unboost|p2a: Rillaboom|spa|1\n|\n|-heal|p1a: Primarina|27\/100|[from] Grassy Terrain\n|-heal|p2a: Rillaboom|55\/100|[from] Grassy Terrain\n|upkeep\n|inactive|Roselita has 120 seconds left.\n|\n|t:|1701056610\n|switch|p2b: Jirachi|Jirachi|100\/100\n|turn|4\n|\n|t:|1701056634\n|switch|p1b: Farigiraf|Farigiraf, F, shiny|100\/100\n|move|p2b: Jirachi|Follow Me|p2b: Jirachi\n|-singleturn|p2b: Jirachi|move: Follow Me\n|move|p2a: Rillaboom|Grassy Glide||[still]\n|cant|p1b: Farigiraf|ability: Armor Tail|Grassy Glide|[of] p2a: Rillaboom\n|move|p1a: Primarina|Hyper Voice|p2a: Rillaboom|[spread] p2a,p2b\n|-resisted|p2a: Rillaboom\n|-damage|p2a: Rillaboom|38\/100\n|-damage|p2b: Jirachi|62\/100\n|\n|-heal|p1a: Primarina|33\/100|[from] Grassy Terrain\n|-heal|p2a: Rillaboom|45\/100|[from] Grassy Terrain\n|-heal|p2b: Jirachi|68\/100|[from] Grassy Terrain\n|upkeep\n|turn|5\n|\n|t:|1701056655\n|move|p1a: Primarina|Moonblast|p2a: Rillaboom\n|-damage|p2a: Rillaboom|0 fnt\n|faint|p2a: Rillaboom\n|move|p1b: Farigiraf|Psychic Terrain|p1b: Farigiraf\n|-fieldstart|move: Psychic Terrain\n|move|p2b: Jirachi|Iron Head|p1a: Primarina\n|-damage|p1a: Primarina|2\/100\n|\n|-fieldend|move: Trick Room\n|upkeep\n|\n|t:|1701056664\n|switch|p2a: Zamazenta|Zamazenta|100\/100\n|-ability|p2a: Zamazenta|Dauntless Shield|boost\n|-boost|p2a: Zamazenta|def|1\n|turn|6\n|\n|t:|1701056682\n|switch|p2b: Tapu Lele|Tapu Lele, tera:Ground|100\/100\n|move|p1a: Primarina|Protect|p1a: Primarina\n|-singleturn|p1a: Primarina|Protect\n|move|p2a: Zamazenta|Snarl|p1b: Farigiraf|[spread] p1b\n|-activate|p1a: Primarina|move: Protect\n|-supereffective|p1b: Farigiraf\n|-damage|p1b: Farigiraf|87\/100\n|-unboost|p1b: Farigiraf|spa|1\n|move|p1b: Farigiraf|Trick Room|p1b: Farigiraf\n|-fieldstart|move: Trick Room|[of] p1b: Farigiraf\n|\n|upkeep\n|turn|7\n|-message|Roselita forfeited.\n|\n|win|dmddo wogus\n|raw|dmddo wogus's rating: 1165 &rarr; <strong>1188<\/strong><br \/>(+23 for winning)\n|raw|Roselita's rating: 1138 &rarr; <strong>1115<\/strong><br \/>(-23 for losing)\n|l|\u2606Roselita\n","uploadtime":1701056701,"views":2,"p1id":"dmddowogus","p2id":"roselita","formatid":"gen9nationaldexdoubles","rating":1115,"private":0,"password":""}