{"id":"gen9nationaldexdoubles-1985398465","p1":"AnonymousThe1","p2":"the maraculous","format":"[Gen 9] National Dex Doubles","log":"|j|\u2606AnonymousThe1\n|j|\u2606the maraculous\n|t:|1699371383\n|gametype|doubles\n|player|p1|AnonymousThe1|unknown|1202\n|player|p2|the maraculous|dragontamer|1364\n|teamsize|p1|6\n|teamsize|p2|6\n|gen|9\n|tier|[Gen 9] National Dex Doubles\n|rated|\n|rule|HP Percentage Mod: HP is shown in percentages\n|rule|Endless Battle Clause: Forcing endless battles is banned\n|rule|OHKO Clause: OHKO moves are banned\n|rule|Evasion Moves Clause: Evasion moves are banned\n|rule|Evasion Abilities Clause: Evasion abilities are banned\n|rule|Species Clause: Limit one of each Pok\u00e9mon\n|rule|Gravity Sleep Clause: The combination of sleep-inducing moves with imperfect accuracy and Gravity or Gigantamax Orbeetle are banned\n|clearpoke\n|poke|p1|Garchomp, M|\n|poke|p1|Toxapex, M|\n|poke|p1|Charizard, M|\n|poke|p1|Gengar, M|\n|poke|p1|Leafeon, F|\n|poke|p1|Tapu Koko|\n|poke|p2|Xurkitree|\n|poke|p2|Iron Valiant|\n|poke|p2|Chandelure, F|\n|poke|p2|Landorus-Therian, M|\n|poke|p2|Kartana|\n|poke|p2|Farigiraf, F|\n|teampreview\n|\n|t:|1699371408\n|start\n|switch|p1a: Gengar|Gengar, M|100\/100\n|switch|p1b: Charizard|Charizard, M|100\/100\n|switch|p2a: Iron Valiant|Iron Valiant|100\/100\n|switch|p2b: Farigiraf|Farigiraf, F|100\/100\n|turn|1\n|\n|t:|1699371436\n|detailschange|p1b: Charizard|Charizard-Mega-Y, M\n|-mega|p1b: Charizard|Charizard|Charizardite Y\n|-weather|SunnyDay|[from] ability: Drought|[of] p1b: Charizard\n|move|p2a: Iron Valiant|Wide Guard|p2a: Iron Valiant\n|-singleturn|p2a: Iron Valiant|Wide Guard\n|move|p1a: Gengar|Sludge Bomb|p2a: Iron Valiant\n|-supereffective|p2a: Iron Valiant\n|-damage|p2a: Iron Valiant|0 fnt\n|faint|p2a: Iron Valiant\n|-end|p2a: Iron Valiant|Quark Drive|[silent]\n|-damage|p1a: Gengar|91\/100|[from] item: Life Orb\n|move|p1b: Charizard|Heat Wave|p2b: Farigiraf\n|-activate|p2b: Farigiraf|move: Wide Guard\n|move|p2b: Farigiraf|Twin Beam|p1a: Gengar\n|-supereffective|p1a: Gengar\n|-damage|p1a: Gengar|23\/100\n|-supereffective|p1a: Gengar\n|-damage|p1a: Gengar|0 fnt\n|faint|p1a: Gengar\n|-hitcount|p1: Gengar|2\n|\n|-weather|SunnyDay|[upkeep]\n|upkeep\n|\n|t:|1699371463\n|switch|p2a: Kartana|Kartana|100\/100\n|switch|p1a: Garchomp|Garchomp, M|100\/100\n|turn|2\n|\n|t:|1699371488\n|move|p2a: Kartana|Tailwind|p2a: Kartana\n|-sidestart|p2: the maraculous|move: Tailwind\n|move|p2b: Farigiraf|Dazzling Gleam|p1a: Garchomp|[spread] p1a,p1b\n|-supereffective|p1a: Garchomp\n|-resisted|p1b: Charizard\n|-damage|p1a: Garchomp|62\/100\n|-damage|p1b: Charizard|90\/100\n|move|p1b: Charizard|Heat Wave|p2b: Farigiraf|[spread] p2a,p2b\n|-supereffective|p2a: Kartana\n|-crit|p2b: Farigiraf\n|-enditem|p2a: Kartana|Focus Sash\n|-damage|p2a: Kartana|1\/100\n|-damage|p2b: Farigiraf|0 fnt\n|faint|p2b: Farigiraf\n|move|p1a: Garchomp|Earthquake|p2a: Kartana|[spread] p2a\n|-immune|p1b: Charizard\n|-damage|p2a: Kartana|0 fnt\n|faint|p2a: Kartana\n|\n|-weather|SunnyDay|[upkeep]\n|upkeep\n|j| Squishy27\n|\n|t:|1699371499\n|switch|p2a: Landorus|Landorus-Therian, M|100\/100\n|switch|p2b: Chandelure|Chandelure, F|100\/100\n|-ability|p2a: Landorus|Intimidate|boost\n|-unboost|p1a: Garchomp|atk|1\n|-unboost|p1b: Charizard|atk|1\n|-item|p2b: Chandelure|Air Balloon\n|turn|3\n|\n|t:|1699371513\n|move|p2a: Landorus|Rock Slide|p1b: Charizard|[spread] p1b\n|-miss|p2a: Landorus|p1a: Garchomp\n|-supereffective|p1b: Charizard\n|-damage|p1b: Charizard|0 fnt\n|faint|p1b: Charizard\n|move|p2b: Chandelure|Shadow Ball|p1a: Garchomp\n|-damage|p1a: Garchomp|14\/100\n|move|p1a: Garchomp|Swords Dance|p1a: Garchomp\n|-boost|p1a: Garchomp|atk|2\n|\n|-weather|SunnyDay|[upkeep]\n|upkeep\n|\n|t:|1699371528\n|switch|p1b: Toxapex|Toxapex, M|100\/100\n|turn|4\n|l| Squishy27\n|\n|t:|1699371538\n|switch|p2a: Xurkitree|Xurkitree|100\/100\n|move|p2b: Chandelure|Shadow Ball|p1a: Garchomp\n|-damage|p1a: Garchomp|0 fnt\n|faint|p1a: Garchomp\n|move|p1b: Toxapex|Toxic|p2a: Xurkitree\n|-status|p2a: Xurkitree|tox\n|\n|-weather|SunnyDay|[upkeep]\n|-damage|p2a: Xurkitree|94\/100 tox|[from] psn\n|upkeep\n|\n|t:|1699371554\n|switch|p1a: Tapu Koko|Tapu Koko|100\/100\n|-fieldstart|move: Electric Terrain|[from] ability: Electric Surge|[of] p1a: Tapu Koko\n|turn|5\n|\n|t:|1699371573\n|move|p1b: Toxapex|Baneful Bunker|p1b: Toxapex\n|-singleturn|p1b: Toxapex|move: Protect\n|move|p2a: Xurkitree|Rising Voltage|p1b: Toxapex\n|-activate|p1b: Toxapex|move: Protect\n|-zpower|p1a: Tapu Koko\n|move|p1a: Tapu Koko|Gigavolt Havoc|p2b: Chandelure|[zeffect]\n|-damage|p2b: Chandelure|0 fnt\n|-enditem|p2b: Chandelure|Air Balloon\n|faint|p2b: Chandelure\n|\n|-weather|none\n|-damage|p2a: Xurkitree|82\/100 tox|[from] psn\n|-sideend|p2: the maraculous|move: Tailwind\n|upkeep\n|\n|t:|1699371577\n|switch|p2b: Landorus|Landorus-Therian, M|100\/100\n|-ability|p2b: Landorus|Intimidate|boost\n|-unboost|p1a: Tapu Koko|atk|1\n|-unboost|p1b: Toxapex|atk|1\n|turn|6\n|\n|t:|1699371604\n|-terastallize|p1b: Toxapex|Ground\n|move|p1a: Tapu Koko|U-turn|p2b: Landorus\n|-resisted|p2b: Landorus\n|-damage|p2b: Landorus|92\/100\n|\n|t:|1699371607\n|switch|p1a: Leafeon|Leafeon, F|100\/100|[from] U-turn\n|move|p2a: Xurkitree|Rising Voltage|p1b: Toxapex\n|-immune|p1b: Toxapex\n|move|p2b: Landorus|Stomping Tantrum|p1a: Leafeon\n|-resisted|p1a: Leafeon\n|-damage|p1a: Leafeon|78\/100\n|move|p1b: Toxapex|Toxic|p2b: Landorus\n|-status|p2b: Landorus|tox\n|\n|-damage|p1b: Toxapex|88\/100|[from] item: Black Sludge\n|-damage|p2a: Xurkitree|63\/100 tox|[from] psn\n|-damage|p2b: Landorus|85\/100 tox|[from] psn\n|upkeep\n|turn|7\n|\n|t:|1699371645\n|move|p2a: Xurkitree|Rising Voltage|p1a: Leafeon\n|-hint|Rising Voltage's BP doubled on grounded target.\n|-resisted|p1a: Leafeon\n|-damage|p1a: Leafeon|0 fnt\n|faint|p1a: Leafeon\n|-ability|p2a: Xurkitree|Beast Boost|boost\n|-boost|p2a: Xurkitree|spa|1\n|move|p2b: Landorus|Knock Off|p1b: Toxapex\n|-damage|p1b: Toxapex|52\/100\n|-enditem|p1b: Toxapex|Black Sludge|[from] move: Knock Off|[of] p2b: Landorus\n|move|p1b: Toxapex|Scald|p2a: Xurkitree\n|-damage|p2a: Xurkitree|34\/100 tox\n|\n|-damage|p2a: Xurkitree|10\/100 tox|[from] psn\n|-damage|p2b: Landorus|73\/100 tox|[from] psn\n|upkeep\n|\n|t:|1699371661\n|switch|p1a: Tapu Koko|Tapu Koko|100\/100\n|turn|8\n|\n|t:|1699371674\n|-terastallize|p2b: Landorus|Ground\n|move|p1b: Toxapex|Baneful Bunker|p1b: Toxapex\n|-singleturn|p1b: Toxapex|move: Protect\n|move|p1a: Tapu Koko|Nature's Madness|p2b: Landorus\n|-damage|p2b: Landorus|37\/100 tox\n|move|p2a: Xurkitree|Energy Ball|p1b: Toxapex\n|-activate|p1b: Toxapex|move: Protect\n|move|p2b: Landorus|Stomping Tantrum|p1a: Tapu Koko\n|-supereffective|p1a: Tapu Koko\n|-damage|p1a: Tapu Koko|0 fnt\n|faint|p1a: Tapu Koko\n|\n|-damage|p2a: Xurkitree|0 fnt|[from] psn\n|faint|p2a: Xurkitree\n|-damage|p2b: Landorus|18\/100 tox|[from] psn\n|upkeep\n|turn|9\n|\n|t:|1699371690\n|move|p2b: Landorus|Stomping Tantrum|p1b: Toxapex\n|-damage|p1b: Toxapex|0 fnt\n|faint|p1b: Toxapex\n|\n|win|the maraculous\n|raw|AnonymousThe1's rating: 1202 &rarr; <strong>1188<\/strong><br \/>(-14 for losing)\n|raw|the maraculous's rating: 1364 &rarr; <strong>1375<\/strong><br \/>(+11 for winning)\n","uploadtime":1699371697,"views":6,"p1id":"anonymousthe1","p2id":"themaraculous","formatid":"gen9nationaldexdoubles","rating":1188,"private":0,"password":""}