{"id":"gen9nationaldexdoubles-1958219270","p1":"XiuKaiMeiLiZhi","p2":"flygonli","format":"[Gen 9] National Dex Doubles","log":"|j|\u2606XiuKaiMeiLiZhi\n|j|\u2606flygonli\n|t:|1696299347\n|gametype|doubles\n|player|p1|XiuKaiMeiLiZhi|emmet|\n|player|p2|flygonli|ethan|\n|teamsize|p1|6\n|teamsize|p2|6\n|gen|9\n|tier|[Gen 9] National Dex Doubles\n|rule|HP Percentage Mod: HP is shown in percentages\n|rule|Endless Battle Clause: Forcing endless battles is banned\n|rule|OHKO Clause: OHKO moves are banned\n|rule|Evasion Moves Clause: Evasion moves are banned\n|rule|Evasion Abilities Clause: Evasion abilities are banned\n|rule|Species Clause: Limit one of each Pok\u00e9mon\n|rule|Gravity Sleep Clause: The combination of sleep-inducing moves with imperfect accuracy and Gravity or Gigantamax Orbeetle are banned\n|clearpoke\n|poke|p1|Regigigas|\n|poke|p1|Medicham, F|\n|poke|p1|Pidgeot, F|\n|poke|p1|Indeedee-F, F|\n|poke|p1|Smeargle, F|\n|poke|p1|Ursaluna-Bloodmoon, M|\n|poke|p2|Scream Tail|\n|poke|p2|Hatterene, F|\n|poke|p2|Gothorita, F|\n|poke|p2|Indeedee-F, F|\n|poke|p2|Azumarill, F|\n|poke|p2|Gothitelle, F|\n|teampreview\n|c|\u2606flygonli|\u6b7b\u4e86\u6b7b\u4e86\n|c|\u2606flygonli|\u6211\u53bb\uff0c\u6708\u6708\u718a\u554a\n|c|\u2606XiuKaiMeiLiZhi|\u4f60\u6b7b\u4e2aP\n|c|\u2606flygonli|\u5168\u961f\u6253\u4e0d\u4e86\u554a\n|\n|t:|1696299375\n|start\n|switch|p1a: \u6162\u542f\u52a8P\u7528\u6ca1\u6709\u5927\u9a6c\u6876|Regigigas|100\/100\n|switch|p1b: \u5c0f\u5fc3\u6211mega\u79d2\u4f60\u5168\u961f|Medicham, F|100\/100\n|switch|p2a: \u5c0f\u59e8\u5988\u7ed9\u6211\u90a3\u4e2a\u795eG|Gothorita, F|100\/100\n|switch|p2b: \u62cd\u809a\u5b50\u59d0\u59d0\u7ed9\u6211\u63a8\u961f|Azumarill, F|100\/100\n|-start|p1a: \u6162\u542f\u52a8P\u7528\u6ca1\u6709\u5927\u9a6c\u6876|ability: Slow Start\n|turn|1\n|\n|t:|1696299405\n|move|p2a: \u5c0f\u59e8\u5988\u7ed9\u6211\u90a3\u4e2a\u795eG|Protect|p2a: \u5c0f\u59e8\u5988\u7ed9\u6211\u90a3\u4e2a\u795eG\n|-singleturn|p2a: \u5c0f\u59e8\u5988\u7ed9\u6211\u90a3\u4e2a\u795eG|Protect\n|move|p1b: \u5c0f\u5fc3\u6211mega\u79d2\u4f60\u5168\u961f|Skill Swap|p1a: \u6162\u542f\u52a8P\u7528\u6ca1\u6709\u5927\u9a6c\u6876\n|-activate|p1b: \u5c0f\u5fc3\u6211mega\u79d2\u4f60\u5168\u961f|move: Skill Swap|||[of] p1a: \u6162\u542f\u52a8P\u7528\u6ca1\u6709\u5927\u9a6c\u6876\n|-end|p1a: \u6162\u542f\u52a8P\u7528\u6ca1\u6709\u5927\u9a6c\u6876|Slow Start|[silent]\n|-start|p1b: \u5c0f\u5fc3\u6211mega\u79d2\u4f60\u5168\u961f|ability: Slow Start\n|move|p1a: \u6162\u542f\u52a8P\u7528\u6ca1\u6709\u5927\u9a6c\u6876|Frustration|p2b: \u62cd\u809a\u5b50\u59d0\u59d0\u7ed9\u6211\u63a8\u961f\n|-damage|p2b: \u62cd\u809a\u5b50\u59d0\u59d0\u7ed9\u6211\u63a8\u961f|25\/100\n|move|p2b: \u62cd\u809a\u5b50\u59d0\u59d0\u7ed9\u6211\u63a8\u961f|Perish Song|p2b: \u62cd\u809a\u5b50\u59d0\u59d0\u7ed9\u6211\u63a8\u961f\n|-start|p1a: \u6162\u542f\u52a8P\u7528\u6ca1\u6709\u5927\u9a6c\u6876|perish3|[silent]\n|-start|p1b: \u5c0f\u5fc3\u6211mega\u79d2\u4f60\u5168\u961f|perish3|[silent]\n|-start|p2a: \u5c0f\u59e8\u5988\u7ed9\u6211\u90a3\u4e2a\u795eG|perish3|[silent]\n|-start|p2b: \u62cd\u809a\u5b50\u59d0\u59d0\u7ed9\u6211\u63a8\u961f|perish3|[silent]\n|-fieldactivate|move: Perish Song\n|\n|-heal|p2b: \u62cd\u809a\u5b50\u59d0\u59d0\u7ed9\u6211\u63a8\u961f|31\/100|[from] item: Leftovers\n|-start|p1a: \u6162\u542f\u52a8P\u7528\u6ca1\u6709\u5927\u9a6c\u6876|perish3\n|-start|p1b: \u5c0f\u5fc3\u6211mega\u79d2\u4f60\u5168\u961f|perish3\n|-start|p2a: \u5c0f\u59e8\u5988\u7ed9\u6211\u90a3\u4e2a\u795eG|perish3\n|-start|p2b: \u62cd\u809a\u5b50\u59d0\u59d0\u7ed9\u6211\u63a8\u961f|perish3\n|upkeep\n|turn|2\n|c|\u2606flygonli|\u6211\u8fd8\u4ee5\u4e3a\u4f60\u4f1a\u5148\u62cd\u4e00\u4e0b\u634f\n|\n|t:|1696299438\n|move|p2b: \u62cd\u809a\u5b50\u59d0\u59d0\u7ed9\u6211\u63a8\u961f|Protect|p2b: \u62cd\u809a\u5b50\u59d0\u59d0\u7ed9\u6211\u63a8\u961f\n|-singleturn|p2b: \u62cd\u809a\u5b50\u59d0\u59d0\u7ed9\u6211\u63a8\u961f|Protect\n|move|p1a: \u6162\u542f\u52a8P\u7528\u6ca1\u6709\u5927\u9a6c\u6876|Darkest Lariat|p2a: \u5c0f\u59e8\u5988\u7ed9\u6211\u90a3\u4e2a\u795eG\n|-supereffective|p2a: \u5c0f\u59e8\u5988\u7ed9\u6211\u90a3\u4e2a\u795eG\n|-damage|p2a: \u5c0f\u59e8\u5988\u7ed9\u6211\u90a3\u4e2a\u795eG|0 fnt\n|faint|p2a: \u5c0f\u59e8\u5988\u7ed9\u6211\u90a3\u4e2a\u795eG\n|move|p1b: \u5c0f\u5fc3\u6211mega\u79d2\u4f60\u5168\u961f|Skill Swap|p2b: \u62cd\u809a\u5b50\u59d0\u59d0\u7ed9\u6211\u63a8\u961f\n|-activate|p2b: \u62cd\u809a\u5b50\u59d0\u59d0\u7ed9\u6211\u63a8\u961f|move: Protect\n|\n|-heal|p2b: \u62cd\u809a\u5b50\u59d0\u59d0\u7ed9\u6211\u63a8\u961f|37\/100|[from] item: Leftovers\n|-start|p1a: \u6162\u542f\u52a8P\u7528\u6ca1\u6709\u5927\u9a6c\u6876|perish2\n|-start|p1b: \u5c0f\u5fc3\u6211mega\u79d2\u4f60\u5168\u961f|perish2\n|-start|p2b: \u62cd\u809a\u5b50\u59d0\u59d0\u7ed9\u6211\u63a8\u961f|perish2\n|upkeep\n|\n|t:|1696299446\n|switch|p2a: \u5927\u59e8\u5988\u7ed9\u6211\u5288\u6b7b\u4ed6|Gothitelle, F|100\/100\n|turn|3\n|\n|t:|1696299470\n|move|p2a: \u5927\u59e8\u5988\u7ed9\u6211\u5288\u6b7b\u4ed6|Fake Out|p1a: \u6162\u542f\u52a8P\u7528\u6ca1\u6709\u5927\u9a6c\u6876\n|-damage|p1a: \u6162\u542f\u52a8P\u7528\u6ca1\u6709\u5927\u9a6c\u6876|96\/100\n|cant|p1a: \u6162\u542f\u52a8P\u7528\u6ca1\u6709\u5927\u9a6c\u6876|flinch\n|move|p1b: \u5c0f\u5fc3\u6211mega\u79d2\u4f60\u5168\u961f|Skill Swap|p2a: \u5927\u59e8\u5988\u7ed9\u6211\u5288\u6b7b\u4ed6\n|-block|p2a: \u5927\u59e8\u5988\u7ed9\u6211\u5288\u6b7b\u4ed6|item: Ability Shield\n|move|p2b: \u62cd\u809a\u5b50\u59d0\u59d0\u7ed9\u6211\u63a8\u961f|Light Screen|p2b: \u62cd\u809a\u5b50\u59d0\u59d0\u7ed9\u6211\u63a8\u961f\n|-sidestart|p2: flygonli|move: Light Screen\n|\n|-heal|p2b: \u62cd\u809a\u5b50\u59d0\u59d0\u7ed9\u6211\u63a8\u961f|43\/100|[from] item: Leftovers\n|-start|p1a: \u6162\u542f\u52a8P\u7528\u6ca1\u6709\u5927\u9a6c\u6876|perish1\n|-start|p1b: \u5c0f\u5fc3\u6211mega\u79d2\u4f60\u5168\u961f|perish1\n|-start|p2b: \u62cd\u809a\u5b50\u59d0\u59d0\u7ed9\u6211\u63a8\u961f|perish1\n|upkeep\n|turn|4\n|c|\u2606flygonli|\u574f\u4e86\n|c|\u2606flygonli|\u4f46\u662f\u6211\u6709\u9053\u5177\n|c|\u2606flygonli|\u5c45\u7136\u80fd\u7528\u4e0a\n|c|\u2606flygonli|\u96be\u7ef7\n|\n|t:|1696299502\n|move|p2a: \u5927\u59e8\u5988\u7ed9\u6211\u5288\u6b7b\u4ed6|Protect|p2a: \u5927\u59e8\u5988\u7ed9\u6211\u5288\u6b7b\u4ed6\n|-singleturn|p2a: \u5927\u59e8\u5988\u7ed9\u6211\u5288\u6b7b\u4ed6|Protect\n|move|p2b: \u62cd\u809a\u5b50\u59d0\u59d0\u7ed9\u6211\u63a8\u961f|Protect|p2b: \u62cd\u809a\u5b50\u59d0\u59d0\u7ed9\u6211\u63a8\u961f\n|-singleturn|p2b: \u62cd\u809a\u5b50\u59d0\u59d0\u7ed9\u6211\u63a8\u961f|Protect\n|move|p1a: \u6162\u542f\u52a8P\u7528\u6ca1\u6709\u5927\u9a6c\u6876|Darkest Lariat|p2a: \u5927\u59e8\u5988\u7ed9\u6211\u5288\u6b7b\u4ed6\n|-activate|p2a: \u5927\u59e8\u5988\u7ed9\u6211\u5288\u6b7b\u4ed6|move: Protect\n|move|p1b: \u5c0f\u5fc3\u6211mega\u79d2\u4f60\u5168\u961f|Skill Swap|p2b: \u62cd\u809a\u5b50\u59d0\u59d0\u7ed9\u6211\u63a8\u961f\n|-activate|p2b: \u62cd\u809a\u5b50\u59d0\u59d0\u7ed9\u6211\u63a8\u961f|move: Protect\n|\n|-heal|p2b: \u62cd\u809a\u5b50\u59d0\u59d0\u7ed9\u6211\u63a8\u961f|49\/100|[from] item: Leftovers\n|-start|p1a: \u6162\u542f\u52a8P\u7528\u6ca1\u6709\u5927\u9a6c\u6876|perish0\n|-start|p1b: \u5c0f\u5fc3\u6211mega\u79d2\u4f60\u5168\u961f|perish0\n|-start|p2b: \u62cd\u809a\u5b50\u59d0\u59d0\u7ed9\u6211\u63a8\u961f|perish0\n|faint|p1a: \u6162\u542f\u52a8P\u7528\u6ca1\u6709\u5927\u9a6c\u6876\n|faint|p1b: \u5c0f\u5fc3\u6211mega\u79d2\u4f60\u5168\u961f\n|-end|p1b: \u5c0f\u5fc3\u6211mega\u79d2\u4f60\u5168\u961f|Slow Start|[silent]\n|faint|p2b: \u62cd\u809a\u5b50\u59d0\u59d0\u7ed9\u6211\u63a8\u961f\n|upkeep\n|\n|t:|1696299520\n|switch|p1a: \u4e0d\u81ea\u6740\u9e1f|Pidgeot, F|100\/100\n|switch|p1b: \u6562\u653e\u7a7a\u95f4\u5c31\u5f97\u6b7b|Indeedee-F, F|100\/100\n|switch|p2b: \u80d6\u4e01\u7ed9\u6211....\u5f53\u5409\u7965\u7269\u5427|Scream Tail|100\/100\n|-fieldstart|move: Psychic Terrain|[from] ability: Psychic Surge|[of] p1b: \u6562\u653e\u7a7a\u95f4\u5c31\u5f97\u6b7b\n|turn|5\n|\n|t:|1696299548\n|detailschange|p1a: \u4e0d\u81ea\u6740\u9e1f|Pidgeot-Mega, F\n|-mega|p1a: \u4e0d\u81ea\u6740\u9e1f|Pidgeot|Pidgeotite\n|move|p1a: \u4e0d\u81ea\u6740\u9e1f|Hurricane|p2b: \u80d6\u4e01\u7ed9\u6211....\u5f53\u5409\u7965\u7269\u5427\n|-damage|p2b: \u80d6\u4e01\u7ed9\u6211....\u5f53\u5409\u7965\u7269\u5427|74\/100\n|move|p2b: \u80d6\u4e01\u7ed9\u6211....\u5f53\u5409\u7965\u7269\u5427|Perish Song|p2b: \u80d6\u4e01\u7ed9\u6211....\u5f53\u5409\u7965\u7269\u5427\n|-start|p1a: \u4e0d\u81ea\u6740\u9e1f|perish3|[silent]\n|-start|p1b: \u6562\u653e\u7a7a\u95f4\u5c31\u5f97\u6b7b|perish3|[silent]\n|-start|p2a: \u5927\u59e8\u5988\u7ed9\u6211\u5288\u6b7b\u4ed6|perish3|[silent]\n|-start|p2b: \u80d6\u4e01\u7ed9\u6211....\u5f53\u5409\u7965\u7269\u5427|perish3|[silent]\n|-fieldactivate|move: Perish Song\n|-zpower|p1b: \u6562\u653e\u7a7a\u95f4\u5c31\u5f97\u6b7b\n|move|p1b: \u6562\u653e\u7a7a\u95f4\u5c31\u5f97\u6b7b|Z-Psycho Shift||[anim]Psycho Shift|[still]\n|-boost|p1b: \u6562\u653e\u7a7a\u95f4\u5c31\u5f97\u6b7b|spa|2|[zeffect]\n|-fail|p1b: \u6562\u653e\u7a7a\u95f4\u5c31\u5f97\u6b7b\n|move|p2a: \u5927\u59e8\u5988\u7ed9\u6211\u5288\u6b7b\u4ed6|Expanding Force|p1b: \u6562\u653e\u7a7a\u95f4\u5c31\u5f97\u6b7b|[spread] p1a,p1b\n|-resisted|p1b: \u6562\u653e\u7a7a\u95f4\u5c31\u5f97\u6b7b\n|-damage|p1a: \u4e0d\u81ea\u6740\u9e1f|50\/100\n|-damage|p1b: \u6562\u653e\u7a7a\u95f4\u5c31\u5f97\u6b7b|84\/100\n|\n|-start|p1a: \u4e0d\u81ea\u6740\u9e1f|perish3\n|-start|p2b: \u80d6\u4e01\u7ed9\u6211....\u5f53\u5409\u7965\u7269\u5427|perish3\n|-start|p1b: \u6562\u653e\u7a7a\u95f4\u5c31\u5f97\u6b7b|perish3\n|-start|p2a: \u5927\u59e8\u5988\u7ed9\u6211\u5288\u6b7b\u4ed6|perish3\n|upkeep\n|turn|6\n|\n|t:|1696299577\n|move|p2a: \u5927\u59e8\u5988\u7ed9\u6211\u5288\u6b7b\u4ed6|Protect|p2a: \u5927\u59e8\u5988\u7ed9\u6211\u5288\u6b7b\u4ed6\n|-singleturn|p2a: \u5927\u59e8\u5988\u7ed9\u6211\u5288\u6b7b\u4ed6|Protect\n|move|p1a: \u4e0d\u81ea\u6740\u9e1f|Tailwind|p1a: \u4e0d\u81ea\u6740\u9e1f\n|-sidestart|p1: XiuKaiMeiLiZhi|move: Tailwind\n|move|p1b: \u6562\u653e\u7a7a\u95f4\u5c31\u5f97\u6b7b|Baton Pass|p1b: \u6562\u653e\u7a7a\u95f4\u5c31\u5f97\u6b7b\n|\n|t:|1696299582\n|switch|p1b: \u6211\u8d85\u6d77\u76d7\u72d7\u554a\u4e0d\u718a|Ursaluna-Bloodmoon, M|100\/100|[from] Baton Pass\n|move|p2b: \u80d6\u4e01\u7ed9\u6211....\u5f53\u5409\u7965\u7269\u5427|Disable|p1a: \u4e0d\u81ea\u6740\u9e1f\n|-start|p1a: \u4e0d\u81ea\u6740\u9e1f|Disable|Tailwind\n|\n|-start|p1a: \u4e0d\u81ea\u6740\u9e1f|perish2\n|-start|p1b: \u6211\u8d85\u6d77\u76d7\u72d7\u554a\u4e0d\u718a|perish2\n|-start|p2b: \u80d6\u4e01\u7ed9\u6211....\u5f53\u5409\u7965\u7269\u5427|perish2\n|-start|p2a: \u5927\u59e8\u5988\u7ed9\u6211\u5288\u6b7b\u4ed6|perish2\n|upkeep\n|turn|7\n|\n|t:|1696299602\n|switch|p2a: \u7231\u7231\u7ed9\u6211\u63f4\u4ea4|Indeedee-F, F|100\/100\n|move|p1a: \u4e0d\u81ea\u6740\u9e1f|U-turn|p2a: \u7231\u7231\u7ed9\u6211\u63f4\u4ea4\n|-supereffective|p2a: \u7231\u7231\u7ed9\u6211\u63f4\u4ea4\n|-damage|p2a: \u7231\u7231\u7ed9\u6211\u63f4\u4ea4|64\/100\n|\n|t:|1696299608\n|switch|p1a: \u80ae\u810f\u4e0b\u6d41\u72d7|Smeargle, F|100\/100|[from] U-turn\n|move|p1b: \u6211\u8d85\u6d77\u76d7\u72d7\u554a\u4e0d\u718a|Blood Moon|p2b: \u80d6\u4e01\u7ed9\u6211....\u5f53\u5409\u7965\u7269\u5427\n|-damage|p2b: \u80d6\u4e01\u7ed9\u6211....\u5f53\u5409\u7965\u7269\u5427|0 fnt\n|faint|p2b: \u80d6\u4e01\u7ed9\u6211....\u5f53\u5409\u7965\u7269\u5427\n|-end|p2b: \u80d6\u4e01\u7ed9\u6211....\u5f53\u5409\u7965\u7269\u5427|Protosynthesis|[silent]\n|\n|-start|p1b: \u6211\u8d85\u6d77\u76d7\u72d7\u554a\u4e0d\u718a|perish1\n|-sideend|p2: flygonli|move: Light Screen\n|-ability|p1a: \u80ae\u810f\u4e0b\u6d41\u72d7|Moody|boost\n|-boost|p1a: \u80ae\u810f\u4e0b\u6d41\u72d7|def|2\n|-unboost|p1a: \u80ae\u810f\u4e0b\u6d41\u72d7|spe|1\n|upkeep\n|\n|t:|1696299614\n|switch|p2b: \u5927\u59e8\u5988\u7ed9\u6211\u5288\u6b7b\u4ed6|Gothitelle, F|100\/100\n|turn|8\n|\n|t:|1696299641\n|move|p2a: \u7231\u7231\u7ed9\u6211\u63f4\u4ea4|Follow Me|p2a: \u7231\u7231\u7ed9\u6211\u63f4\u4ea4\n|-singleturn|p2a: \u7231\u7231\u7ed9\u6211\u63f4\u4ea4|move: Follow Me\n|move|p1a: \u80ae\u810f\u4e0b\u6d41\u72d7|Spectral Thief|p2a: \u7231\u7231\u7ed9\u6211\u63f4\u4ea4\n|-immune|p2a: \u7231\u7231\u7ed9\u6211\u63f4\u4ea4\n|move|p1b: \u6211\u8d85\u6d77\u76d7\u72d7\u554a\u4e0d\u718a|Earth Power|p2a: \u7231\u7231\u7ed9\u6211\u63f4\u4ea4\n|-crit|p2a: \u7231\u7231\u7ed9\u6211\u63f4\u4ea4\n|-damage|p2a: \u7231\u7231\u7ed9\u6211\u63f4\u4ea4|0 fnt\n|faint|p2a: \u7231\u7231\u7ed9\u6211\u63f4\u4ea4\n|move|p2b: \u5927\u59e8\u5988\u7ed9\u6211\u5288\u6b7b\u4ed6|Expanding Force|p1a: \u80ae\u810f\u4e0b\u6d41\u72d7|[spread] p1a,p1b\n|-damage|p1a: \u80ae\u810f\u4e0b\u6d41\u72d7|27\/100\n|-damage|p1b: \u6211\u8d85\u6d77\u76d7\u72d7\u554a\u4e0d\u718a|69\/100\n|\n|-start|p1b: \u6211\u8d85\u6d77\u76d7\u72d7\u554a\u4e0d\u718a|perish0\n|faint|p1b: \u6211\u8d85\u6d77\u76d7\u72d7\u554a\u4e0d\u718a\n|-ability|p1a: \u80ae\u810f\u4e0b\u6d41\u72d7|Moody|boost\n|-boost|p1a: \u80ae\u810f\u4e0b\u6d41\u72d7|spd|2\n|-unboost|p1a: \u80ae\u810f\u4e0b\u6d41\u72d7|spa|1\n|upkeep\n|\n|t:|1696299656\n|switch|p2a: \u5e3d\u5b50\u59d0\u7ed9\u6211\u73a9\u5149\u9047|Hatterene, F|100\/100\n|switch|p1b: \u4e0d\u81ea\u6740\u9e1f|Pidgeot-Mega, F|50\/100\n|turn|9\n|\n|t:|1696299677\n|move|p1b: \u4e0d\u81ea\u6740\u9e1f|Hurricane|p2a: \u5e3d\u5b50\u59d0\u7ed9\u6211\u73a9\u5149\u9047\n|-damage|p2a: \u5e3d\u5b50\u59d0\u7ed9\u6211\u73a9\u5149\u9047|41\/100\n|move|p1a: \u80ae\u810f\u4e0b\u6d41\u72d7|Spectral Thief|p2b: \u5927\u59e8\u5988\u7ed9\u6211\u5288\u6b7b\u4ed6\n|-supereffective|p2b: \u5927\u59e8\u5988\u7ed9\u6211\u5288\u6b7b\u4ed6\n|-damage|p2b: \u5927\u59e8\u5988\u7ed9\u6211\u5288\u6b7b\u4ed6|90\/100\n|move|p2b: \u5927\u59e8\u5988\u7ed9\u6211\u5288\u6b7b\u4ed6|Expanding Force|p1b: \u4e0d\u81ea\u6740\u9e1f|[spread] p1a,p1b\n|-damage|p1a: \u80ae\u810f\u4e0b\u6d41\u72d7|0 fnt\n|-damage|p1b: \u4e0d\u81ea\u6740\u9e1f|0 fnt\n|faint|p1a: \u80ae\u810f\u4e0b\u6d41\u72d7\n|faint|p1b: \u4e0d\u81ea\u6740\u9e1f\n|move|p2a: \u5e3d\u5b50\u59d0\u7ed9\u6211\u73a9\u5149\u9047|Expanding Force|p1: \u80ae\u810f\u4e0b\u6d41\u72d7|[notarget]\n|-fail|p2a: \u5e3d\u5b50\u59d0\u7ed9\u6211\u73a9\u5149\u9047\n|\n|-sideend|p1: XiuKaiMeiLiZhi|move: Tailwind\n|-fieldend|move: Psychic Terrain\n|upkeep\n|\n|t:|1696299693\n|switch|p1b: \u6562\u653e\u7a7a\u95f4\u5c31\u5f97\u6b7b|Indeedee-F, F|84\/100\n|-fieldstart|move: Psychic Terrain|[from] ability: Psychic Surge|[of] p1b: \u6562\u653e\u7a7a\u95f4\u5c31\u5f97\u6b7b\n|turn|10\n|\n|t:|1696299703\n|move|p1b: \u6562\u653e\u7a7a\u95f4\u5c31\u5f97\u6b7b|Expanding Force|p2b: \u5927\u59e8\u5988\u7ed9\u6211\u5288\u6b7b\u4ed6|[spread] p2a,p2b\n|-resisted|p2a: \u5e3d\u5b50\u59d0\u7ed9\u6211\u73a9\u5149\u9047\n|-resisted|p2b: \u5927\u59e8\u5988\u7ed9\u6211\u5288\u6b7b\u4ed6\n|-damage|p2a: \u5e3d\u5b50\u59d0\u7ed9\u6211\u73a9\u5149\u9047|22\/100\n|-damage|p2b: \u5927\u59e8\u5988\u7ed9\u6211\u5288\u6b7b\u4ed6|72\/100\n|move|p2b: \u5927\u59e8\u5988\u7ed9\u6211\u5288\u6b7b\u4ed6|Expanding Force|p1b: \u6562\u653e\u7a7a\u95f4\u5c31\u5f97\u6b7b\n|-resisted|p1b: \u6562\u653e\u7a7a\u95f4\u5c31\u5f97\u6b7b\n|-damage|p1b: \u6562\u653e\u7a7a\u95f4\u5c31\u5f97\u6b7b|62\/100\n|move|p2a: \u5e3d\u5b50\u59d0\u7ed9\u6211\u73a9\u5149\u9047|Expanding Force|p1b: \u6562\u653e\u7a7a\u95f4\u5c31\u5f97\u6b7b\n|-resisted|p1b: \u6562\u653e\u7a7a\u95f4\u5c31\u5f97\u6b7b\n|-damage|p1b: \u6562\u653e\u7a7a\u95f4\u5c31\u5f97\u6b7b|7\/100\n|-damage|p2a: \u5e3d\u5b50\u59d0\u7ed9\u6211\u73a9\u5149\u9047|12\/100|[from] item: Life Orb\n|\n|upkeep\n|turn|11\n|\n|t:|1696299716\n|move|p1b: \u6562\u653e\u7a7a\u95f4\u5c31\u5f97\u6b7b|Expanding Force|p2b: \u5927\u59e8\u5988\u7ed9\u6211\u5288\u6b7b\u4ed6|[spread] p2a,p2b\n|-resisted|p2a: \u5e3d\u5b50\u59d0\u7ed9\u6211\u73a9\u5149\u9047\n|-resisted|p2b: \u5927\u59e8\u5988\u7ed9\u6211\u5288\u6b7b\u4ed6\n|-damage|p2a: \u5e3d\u5b50\u59d0\u7ed9\u6211\u73a9\u5149\u9047|0 fnt\n|-damage|p2b: \u5927\u59e8\u5988\u7ed9\u6211\u5288\u6b7b\u4ed6|54\/100\n|faint|p2a: \u5e3d\u5b50\u59d0\u7ed9\u6211\u73a9\u5149\u9047\n|move|p2b: \u5927\u59e8\u5988\u7ed9\u6211\u5288\u6b7b\u4ed6|Expanding Force|p1b: \u6562\u653e\u7a7a\u95f4\u5c31\u5f97\u6b7b\n|-resisted|p1b: \u6562\u653e\u7a7a\u95f4\u5c31\u5f97\u6b7b\n|-damage|p1b: \u6562\u653e\u7a7a\u95f4\u5c31\u5f97\u6b7b|0 fnt\n|faint|p1b: \u6562\u653e\u7a7a\u95f4\u5c31\u5f97\u6b7b\n|\n|win|flygonli\n","uploadtime":1696299725,"views":9,"p1id":"xiukaimeilizhi","p2id":"flygonli","formatid":"gen9nationaldexdoubles","rating":0,"private":0,"password":""}