{"id":"gen9nationaldexdoubles-1970168830","p1":"Mr.Shadowdusk","p2":"Mykewea","format":"[Gen 9] National Dex Doubles","log":"|j|\u2606Mr.Shadowdusk\n|j|\u2606Mykewea\n|t:|1697604246\n|gametype|doubles\n|player|p1|Mr.Shadowdusk|bellelba|\n|player|p2|Mykewea|266|\n|teamsize|p1|6\n|teamsize|p2|6\n|gen|9\n|tier|[Gen 9] National Dex Doubles\n|rule|HP Percentage Mod: HP is shown in percentages\n|rule|Endless Battle Clause: Forcing endless battles is banned\n|rule|OHKO Clause: OHKO moves are banned\n|rule|Evasion Moves Clause: Evasion moves are banned\n|rule|Evasion Abilities Clause: Evasion abilities are banned\n|rule|Species Clause: Limit one of each Pok\u00e9mon\n|rule|Gravity Sleep Clause: The combination of sleep-inducing moves with imperfect accuracy and Gravity or Gigantamax Orbeetle are banned\n|clearpoke\n|poke|p1|Spiritomb, F|\n|poke|p1|Lucario, F|\n|poke|p1|Roserade, F|\n|poke|p1|Togekiss, F|\n|poke|p1|Garchomp, F|\n|poke|p1|Milotic, F|\n|poke|p2|Absol, M|\n|poke|p2|Delphox, M|\n|poke|p2|Meowstic, M|\n|poke|p2|Altaria, M|\n|poke|p2|Pangoro, M|\n|poke|p2|Rhyperior, F|\n|teampreview\n|inactive|Battle timer is ON: inactive players will automatically lose when time's up. (requested by Mr.Shadowdusk)\n|\n|t:|1697604264\n|start\n|switch|p1a: Togekiss|Togekiss, F|100\/100\n|switch|p1b: Spiritomb|Spiritomb, F|100\/100\n|switch|p2a: Meowstic|Meowstic, M|100\/100\n|switch|p2b: Pangoro|Pangoro, M|100\/100\n|-ability|p2b: Pangoro|Mold Breaker\n|turn|1\n|\n|t:|1697604283\n|move|p2a: Meowstic|Fake Out|p1a: Togekiss\n|-damage|p1a: Togekiss|96\/100\n|cant|p1a: Togekiss|flinch\n|-zpower|p2b: Pangoro\n|move|p2b: Pangoro|Corkscrew Crash|p1a: Togekiss|[zeffect]\n|-supereffective|p1a: Togekiss\n|-damage|p1a: Togekiss|39\/100\n|move|p1b: Spiritomb|Shadow Ball|p2a: Meowstic\n|-supereffective|p2a: Meowstic\n|-damage|p2a: Meowstic|39\/100\n|\n|upkeep\n|turn|2\n|\n|t:|1697604308\n|move|p2a: Meowstic|Light Screen|p2a: Meowstic\n|-sidestart|p2: Mykewea|move: Light Screen\n|move|p2b: Pangoro|Bullet Punch|p1a: Togekiss\n|-supereffective|p1a: Togekiss\n|-damage|p1a: Togekiss|16\/100\n|-enditem|p1a: Togekiss|Wiki Berry|[eat]\n|-heal|p1a: Togekiss|50\/100|[from] item: Wiki Berry\n|move|p1a: Togekiss|Tailwind|p1a: Togekiss\n|-sidestart|p1: Mr.Shadowdusk|move: Tailwind\n|move|p1b: Spiritomb|Shadow Ball|p2a: Meowstic\n|-supereffective|p2a: Meowstic\n|-damage|p2a: Meowstic|0 fnt\n|faint|p2a: Meowstic\n|\n|upkeep\n|\n|t:|1697604319\n|switch|p2a: Rhyperior|Rhyperior, F|100\/100\n|turn|3\n|\n|t:|1697604331\n|move|p1a: Togekiss|Protect|p1a: Togekiss\n|-singleturn|p1a: Togekiss|Protect\n|move|p1b: Spiritomb|Burning Jealousy|p2b: Pangoro|[spread] p2a,p2b\n|-resisted|p2a: Rhyperior\n|-damage|p2a: Rhyperior|94\/100\n|-damage|p2b: Pangoro|82\/100\n|move|p2b: Pangoro|Crunch|p1b: Spiritomb\n|-damage|p1b: Spiritomb|51\/100\n|-unboost|p1b: Spiritomb|def|1\n|move|p2a: Rhyperior|Rock Slide|p1a: Togekiss|[spread] p1b\n|-activate|p1a: Togekiss|move: Protect\n|-damage|p1b: Spiritomb|0 fnt\n|faint|p1b: Spiritomb\n|\n|upkeep\n|inactive|Mr.Shadowdusk has 270 seconds left.\n|\n|t:|1697604362\n|switch|p1b: Garchomp|Garchomp, F|100\/100\n|turn|4\n|\n|t:|1697604375\n|switch|p2b: Altaria|Altaria, M|100\/100\n|-terastallize|p2a: Rhyperior|Ice\n|-zpower|p1b: Garchomp\n|move|p1b: Garchomp|Tectonic Rage|p2a: Rhyperior|[zeffect]\n|-damage|p2a: Rhyperior|33\/100\n|move|p1a: Togekiss|Air Cutter|p2a: Rhyperior|[spread] p2a,p2b\n|-damage|p2a: Rhyperior|23\/100\n|-damage|p2b: Altaria|89\/100\n|move|p2a: Rhyperior|Ice Punch|p1b: Garchomp\n|-supereffective|p1b: Garchomp\n|-damage|p1b: Garchomp|0 fnt\n|-damage|p2a: Rhyperior|10\/100|[from] ability: Rough Skin|[of] p1b: Garchomp\n|faint|p1b: Garchomp\n|\n|upkeep\n|inactive|Mr.Shadowdusk has 270 seconds left.\n|\n|t:|1697604391\n|switch|p1b: Roserade|Roserade, F|100\/100\n|turn|5\n|\n|t:|1697604402\n|-terastallize|p1a: Togekiss|Fairy\n|move|p1a: Togekiss|Follow Me|p1a: Togekiss\n|-singleturn|p1a: Togekiss|move: Follow Me\n|move|p1b: Roserade|Dazzling Gleam|p2b: Altaria|[spread] p2a,p2b\n|-supereffective|p2b: Altaria\n|-damage|p2a: Rhyperior|0 fnt\n|-damage|p2b: Altaria|62\/100\n|faint|p2a: Rhyperior\n|move|p2b: Altaria|Hurricane|p1a: Togekiss|[miss]\n|-miss|p2b: Altaria|p1a: Togekiss\n|\n|-sideend|p1: Mr.Shadowdusk|move: Tailwind\n|upkeep\n|\n|t:|1697604425\n|switch|p2a: Absol|Absol, M|100\/100\n|turn|6\n|\n|t:|1697604431\n|detailschange|p2a: Absol|Absol-Mega, M\n|-mega|p2a: Absol|Absol|Absolite\n|move|p1a: Togekiss|Follow Me|p1a: Togekiss\n|-singleturn|p1a: Togekiss|move: Follow Me\n|move|p1b: Roserade|Dazzling Gleam|p2a: Absol|[spread] p2a,p2b\n|-supereffective|p2a: Absol\n|-supereffective|p2b: Altaria\n|-damage|p2a: Absol|53\/100\n|-damage|p2b: Altaria|33\/100\n|move|p2a: Absol|Swords Dance|p2a: Absol\n|-boost|p2a: Absol|atk|2\n|move|p2b: Altaria|Iron Tail|p1a: Togekiss\n|-supereffective|p1a: Togekiss\n|-damage|p1a: Togekiss|14\/100\n|-damage|p2b: Altaria|23\/100|[from] item: Life Orb\n|\n|upkeep\n|turn|7\n|\n|t:|1697604451\n|move|p1a: Togekiss|Follow Me|p1a: Togekiss\n|-singleturn|p1a: Togekiss|move: Follow Me\n|move|p1b: Roserade|Dazzling Gleam|p2b: Altaria|[spread] p2a,p2b\n|-supereffective|p2a: Absol\n|-supereffective|p2b: Altaria\n|-damage|p2a: Absol|5\/100\n|-damage|p2b: Altaria|0 fnt\n|faint|p2b: Altaria\n|move|p2a: Absol|Psycho Cut|p1a: Togekiss\n|-damage|p1a: Togekiss|0 fnt\n|faint|p1a: Togekiss\n|\n|upkeep\n|\n|t:|1697604460\n|switch|p1a: Lucario|Lucario, F|100\/100\n|switch|p2b: Delphox|Delphox, M|100\/100\n|turn|8\n|\n|t:|1697604470\n|detailschange|p1a: Lucario|Lucario-Mega, F\n|-mega|p1a: Lucario|Lucario|Lucarionite\n|move|p1a: Lucario|Bullet Punch|p2a: Absol\n|-damage|p2a: Absol|0 fnt\n|faint|p2a: Absol\n|move|p2b: Delphox|Flamethrower|p1a: Lucario\n|-supereffective|p1a: Lucario\n|-damage|p1a: Lucario|0 fnt\n|faint|p1a: Lucario\n|move|p1b: Roserade|Shadow Ball|p2b: Delphox\n|-supereffective|p2b: Delphox\n|-damage|p2b: Delphox|62\/100\n|\n|-heal|p2b: Delphox|68\/100|[from] item: Leftovers\n|upkeep\n|\n|t:|1697604484\n|switch|p1a: Milotic|Milotic, F|100\/100\n|switch|p2a: Pangoro|Pangoro, M|82\/100\n|-ability|p2a: Pangoro|Mold Breaker\n|turn|9\n|\n|t:|1697604506\n|move|p1b: Roserade|Dazzling Gleam|p2a: Pangoro|[spread] p2a,p2b\n|-supereffective|p2a: Pangoro\n|-resisted|p2b: Delphox\n|-damage|p2a: Pangoro|18\/100\n|-damage|p2b: Delphox|62\/100\n|move|p1a: Milotic|Scald|p2b: Delphox\n|-supereffective|p2b: Delphox\n|-damage|p2b: Delphox|28\/100\n|move|p2a: Pangoro|Crunch|p1b: Roserade\n|-damage|p1b: Roserade|36\/100\n|move|p2b: Delphox|Trick Room|p2b: Delphox\n|-fieldstart|move: Trick Room|[of] p2b: Delphox\n|\n|-heal|p2b: Delphox|34\/100|[from] item: Leftovers\n|-sideend|p2: Mykewea|move: Light Screen\n|upkeep\n|turn|10\n|\n|t:|1697604523\n|move|p2a: Pangoro|Drain Punch|p1a: Milotic\n|-damage|p1a: Milotic|55\/100\n|-heal|p2a: Pangoro|41\/100|[from] drain|[of] p1a: Milotic\n|move|p1a: Milotic|Scald|p2b: Delphox\n|-supereffective|p2b: Delphox\n|-damage|p2b: Delphox|0 fnt\n|faint|p2b: Delphox\n|move|p1b: Roserade|Dazzling Gleam|p2a: Pangoro\n|-supereffective|p2a: Pangoro\n|-damage|p2a: Pangoro|0 fnt\n|faint|p2a: Pangoro\n|\n|win|Mr.Shadowdusk\n|l|\u2606Mykewea\n","uploadtime":1697604542,"views":15,"p1id":"mrshadowdusk","p2id":"mykewea","formatid":"gen9nationaldexdoubles","rating":0,"private":0,"password":""}