{"id":"gen9nationaldexdoubles-1977122332","p1":"frankie720","p2":"000pan","format":"[Gen 9] National Dex Doubles","log":"|j|\u2606frankie720\n|j|\u2606000pan\n|t:|1698374087\n|gametype|doubles\n|player|p1|frankie720|266|\n|player|p2|000pan|101|\n|teamsize|p1|6\n|teamsize|p2|6\n|gen|9\n|tier|[Gen 9] National Dex Doubles\n|rule|HP Percentage Mod: HP is shown in percentages\n|rule|Endless Battle Clause: Forcing endless battles is banned\n|rule|OHKO Clause: OHKO moves are banned\n|rule|Evasion Moves Clause: Evasion moves are banned\n|rule|Evasion Abilities Clause: Evasion abilities are banned\n|rule|Species Clause: Limit one of each Pok\u00e9mon\n|rule|Gravity Sleep Clause: The combination of sleep-inducing moves with imperfect accuracy and Gravity or Gigantamax Orbeetle are banned\n|clearpoke\n|poke|p1|Croagunk, M|\n|poke|p1|Zorua, M|\n|poke|p1|Greedent, M|\n|poke|p1|Nosepass, M|\n|poke|p1|Blitzle, F|\n|poke|p1|Sobble, M|\n|poke|p2|Farfetch\u2019d-Galar, M|\n|poke|p2|Ekans, M|\n|poke|p2|Popplio, F|\n|poke|p2|Jellicent, F|\n|poke|p2|Aurorus, M|\n|poke|p2|Kyurem|\n|teampreview\n|\n|t:|1698374140\n|start\n|switch|p1a: Nosepass|Nosepass, M, shiny|100\/100\n|switch|p1b: Croagunk|Croagunk, M|100\/100\n|switch|p2a: Aurorus|Aurorus, M|100\/100\n|switch|p2b: Ekans|Ekans, M, shiny|100\/100\n|-ability|p2b: Ekans|Intimidate|boost\n|-unboost|p1a: Nosepass|atk|1\n|-unboost|p1b: Croagunk|atk|1\n|turn|1\n|\n|t:|1698374181\n|move|p2a: Aurorus|Stealth Rock|p1a: Nosepass\n|-sidestart|p1: frankie720|move: Stealth Rock\n|move|p2b: Ekans|Toxic Spikes|p1a: Nosepass\n|-sidestart|p1: frankie720|move: Toxic Spikes\n|move|p1b: Croagunk|Power-Up Punch|p2b: Ekans\n|-resisted|p2b: Ekans\n|-damage|p2b: Ekans|89\/100\n|-boost|p1b: Croagunk|atk|1\n|move|p1a: Nosepass|Body Press|p2b: Ekans\n|-resisted|p2b: Ekans\n|-crit|p2b: Ekans\n|-damage|p2b: Ekans|30\/100\n|\n|upkeep\n|turn|2\n|\n|t:|1698374221\n|move|p2a: Aurorus|Freeze-Dry|p1a: Nosepass\n|-damage|p1a: Nosepass|71\/100\n|move|p2b: Ekans|Toxic Spikes|p1b: Croagunk\n|-sidestart|p1: frankie720|move: Toxic Spikes\n|move|p1b: Croagunk|Power-Up Punch|p2a: Aurorus\n|-supereffective|p2a: Aurorus\n|-enditem|p2a: Aurorus|Chople Berry|[eat]\n|-enditem|p2a: Aurorus|Chople Berry|[weaken]\n|-damage|p2a: Aurorus|71\/100\n|-boost|p1b: Croagunk|atk|1\n|move|p1a: Nosepass|Stealth Rock|p2a: Aurorus\n|-sidestart|p2: 000pan|move: Stealth Rock\n|\n|upkeep\n|turn|3\n|\n|t:|1698374260\n|switch|p2a: Jellicent|Jellicent, F, shiny|100\/100\n|-damage|p2a: Jellicent|88\/100|[from] Stealth Rock\n|move|p2b: Ekans|Poison Jab|p1a: Nosepass\n|-resisted|p1a: Nosepass\n|-damage|p1a: Nosepass|63\/100\n|move|p1b: Croagunk|Power-Up Punch|p2a: Jellicent\n|-immune|p2a: Jellicent\n|move|p1a: Nosepass|Body Press|p2a: Jellicent\n|-immune|p2a: Jellicent\n|\n|-heal|p2a: Jellicent|94\/100|[from] item: Leftovers\n|upkeep\n|turn|4\n|\n|t:|1698374303\n|move|p2b: Ekans|Sucker Punch|p1b: Croagunk\n|-resisted|p1b: Croagunk\n|-damage|p1b: Croagunk|83\/100\n|move|p2a: Jellicent|Scald|p1a: Nosepass\n|-supereffective|p1a: Nosepass\n|-damage|p1a: Nosepass|20\/100\n|-status|p1a: Nosepass|brn\n|move|p1b: Croagunk|Power-Up Punch|p2b: Ekans\n|-resisted|p2b: Ekans\n|-damage|p2b: Ekans|5\/100\n|-boost|p1b: Croagunk|atk|1\n|move|p1a: Nosepass|Thunderbolt|p2a: Jellicent\n|-supereffective|p2a: Jellicent\n|-damage|p2a: Jellicent|78\/100\n|\n|-heal|p2a: Jellicent|84\/100|[from] item: Leftovers\n|-heal|p1b: Croagunk|89\/100|[from] item: Black Sludge\n|-damage|p1a: Nosepass|14\/100 brn|[from] brn\n|upkeep\n|turn|5\n|\n|t:|1698374344\n|move|p2a: Jellicent|Strength Sap|p1b: Croagunk\n|-unboost|p1b: Croagunk|atk|1\n|-heal|p2a: Jellicent|100\/100\n|move|p2b: Ekans|Poison Jab|p1a: Nosepass\n|-resisted|p1a: Nosepass\n|-damage|p1a: Nosepass|7\/100 brn\n|move|p1b: Croagunk|Power-Up Punch|p2b: Ekans\n|-resisted|p2b: Ekans\n|-damage|p2b: Ekans|0 fnt\n|-boost|p1b: Croagunk|atk|1\n|faint|p2b: Ekans\n|move|p1a: Nosepass|Thunder Wave|p2a: Jellicent\n|-status|p2a: Jellicent|par\n|\n|-heal|p1b: Croagunk|95\/100|[from] item: Black Sludge\n|-damage|p1a: Nosepass|1\/100 brn|[from] brn\n|upkeep\n|\n|t:|1698374381\n|switch|p2b: Aurorus|Aurorus, M|71\/100\n|-damage|p2b: Aurorus|46\/100|[from] Stealth Rock\n|turn|6\n|l|\u2606frankie720\n|player|p1|\n|j|\u2606frankie720\n|player|p1|frankie720|266\n|\n|t:|1698374432\n|move|p2b: Aurorus|Hyper Voice|p1b: Croagunk|[spread] p1a,p1b\n|-damage|p1a: Nosepass|0 fnt\n|-damage|p1b: Croagunk|2\/100\n|faint|p1a: Nosepass\n|move|p1b: Croagunk|Foul Play|p2a: Jellicent\n|-supereffective|p2a: Jellicent\n|-damage|p2a: Jellicent|78\/100 par\n|move|p2a: Jellicent|Strength Sap|p1b: Croagunk\n|-unboost|p1b: Croagunk|atk|1\n|-heal|p2a: Jellicent|100\/100 par\n|\n|-heal|p1b: Croagunk|8\/100|[from] item: Black Sludge\n|upkeep\n|\n|t:|1698374456\n|switch|p1a: Blitzle|Blitzle, F|100\/100\n|-damage|p1a: Blitzle|88\/100|[from] Stealth Rock\n|-status|p1a: Blitzle|tox\n|turn|7\n|\n|t:|1698374481\n|move|p1a: Blitzle|Thunderbolt|p2a: Jellicent\n|-supereffective|p2a: Jellicent\n|-damage|p2a: Jellicent|58\/100 par\n|move|p2b: Aurorus|Hyper Voice|p1a: Blitzle|[spread] p1a,p1b\n|-damage|p1a: Blitzle|0 fnt\n|-damage|p1b: Croagunk|0 fnt\n|faint|p1a: Blitzle\n|faint|p1b: Croagunk\n|move|p2a: Jellicent|Hex|p1: Blitzle|[notarget]\n|-fail|p2a: Jellicent\n|\n|-heal|p2a: Jellicent|65\/100 par|[from] item: Leftovers\n|upkeep\n|\n|t:|1698374498\n|switch|p1a: Sobble|Sobble, M|100\/100\n|switch|p1b: Sobble|Sobble, M|100\/100\n|-damage|p1b: Sobble|88\/100|[from] Stealth Rock\n|-status|p1b: Sobble|tox\n|-damage|p1a: Sobble|88\/100|[from] Stealth Rock\n|-status|p1a: Sobble|tox\n|turn|8\n|\n|t:|1698374534\n|move|p1b: Sobble|Substitute|p1b: Sobble\n|-start|p1b: Sobble|Substitute\n|-damage|p1b: Sobble|63\/100 tox\n|move|p1a: Sobble|Knock Off|p2a: Jellicent\n|-supereffective|p2a: Jellicent\n|-damage|p2a: Jellicent|7\/100 par\n|-enditem|p2a: Jellicent|Leftovers|[from] move: Knock Off|[of] p1a: Sobble\n|-damage|p1a: Sobble|78\/100 tox|[from] item: Life Orb\n|move|p2b: Aurorus|Freeze-Dry|p1a: Sobble\n|-damage|p1a: Sobble|0 fnt\n|replace|p1a: Zorua|Zorua, M\n|-end|p1a: Zorua|Illusion\n|faint|p1a: Zorua\n|move|p2a: Jellicent|Hex|p1b: Sobble\n|-end|p1b: Sobble|Substitute\n|\n|-damage|p1b: Sobble|57\/100 tox|[from] psn\n|upkeep\n|\n|t:|1698374550\n|switch|p1a: Greedent|Greedent, M|100\/100\n|-damage|p1a: Greedent|88\/100|[from] Stealth Rock\n|-status|p1a: Greedent|tox\n|turn|9\n|l|\u2606frankie720\n|player|p1|\n|j|\u2606frankie720\n|player|p1|frankie720|266\n|\n|t:|1698374608\n|-terastallize|p1a: Greedent|Fighting\n|move|p1b: Sobble|Water Pulse|p2a: Jellicent\n|-heal|p2a: Jellicent|31\/100 par|[from] ability: Water Absorb|[of] p1b: Sobble\n|move|p2b: Aurorus|Hyper Voice|p1a: Greedent|[spread] p1a,p1b\n|-resisted|p1b: Sobble\n|-damage|p1a: Greedent|53\/100 tox\n|-damage|p1b: Sobble|3\/100 tox\n|cant|p2a: Jellicent|par\n|move|p1a: Greedent|Body Press|p2b: Aurorus\n|-supereffective|p2b: Aurorus\n|-damage|p2b: Aurorus|0 fnt\n|faint|p2b: Aurorus\n|\n|-damage|p1b: Sobble|0 fnt|[from] psn\n|faint|p1b: Sobble\n|-damage|p1a: Greedent|47\/100 tox|[from] psn\n|upkeep\n|-enditem|p1a: Greedent|Sitrus Berry|[eat]\n|-heal|p1a: Greedent|72\/100 tox|[from] item: Sitrus Berry\n|-heal|p1a: Greedent|100\/100 tox|[from] ability: Cheek Pouch\n|\n|t:|1698374628\n|switch|p2b: Popplio|Popplio, F, shiny|100\/100\n|-damage|p2b: Popplio|88\/100|[from] Stealth Rock\n|turn|10\n|l|\u2606frankie720\n|player|p1|\n|j|\u2606frankie720\n|player|p1|frankie720|266\n|\n|t:|1698374674\n|move|p2b: Popplio|Perish Song|p2b: Popplio\n|-start|p1a: Greedent|perish3|[silent]\n|-heal|p2a: Jellicent|56\/100 par|[from] ability: Water Absorb|[of] p2b: Popplio\n|-start|p2b: Popplio|perish3|[silent]\n|-fieldactivate|move: Perish Song\n|move|p2a: Jellicent|Strength Sap|p1a: Greedent\n|-unboost|p1a: Greedent|atk|1\n|-heal|p2a: Jellicent|100\/100 par\n|move|p1a: Greedent|Knock Off|p2a: Jellicent\n|-supereffective|p2a: Jellicent\n|-damage|p2a: Jellicent|71\/100 par\n|\n|-damage|p1a: Greedent|88\/100 tox|[from] psn\n|-start|p2b: Popplio|perish3\n|-start|p1a: Greedent|perish3\n|upkeep\n|turn|11\n|\n|t:|1698374705\n|move|p2b: Popplio|Life Dew|p2b: Popplio|[spread] p2b\n|-heal|p2a: Jellicent|96\/100 par|[from] ability: Water Absorb|[of] p2b: Popplio\n|-heal|p2b: Popplio|100\/100\n|move|p2a: Jellicent|Recover|p2a: Jellicent\n|-heal|p2a: Jellicent|100\/100 par\n|move|p1a: Greedent|Belly Drum|p1a: Greedent\n|-damage|p1a: Greedent|38\/100 tox\n|-setboost|p1a: Greedent|atk|6|[from] move: Belly Drum\n|\n|-damage|p1a: Greedent|20\/100 tox|[from] psn\n|-start|p2b: Popplio|perish2\n|-start|p1a: Greedent|perish2\n|upkeep\n|turn|12\n|\n|t:|1698374753\n|move|p2b: Popplio|Encore|p1a: Greedent\n|-start|p1a: Greedent|Encore\n|move|p2a: Jellicent|Strength Sap|p1a: Greedent\n|-unboost|p1a: Greedent|atk|1\n|move|p1a: Greedent|Belly Drum||[still]\n|-fail|p1a: Greedent\n|\n|-damage|p1a: Greedent|0 fnt|[from] psn\n|faint|p1a: Greedent\n|\n|win|000pan\n|upkeep\n|l|\u2606000pan\n","uploadtime":1698374769,"views":7,"p1id":"frankie720","p2id":"000pan","formatid":"gen9nationaldexdoubles","rating":0,"private":0,"password":""}