{"id":"gen9nationaldexdoubles-1970141957","p1":"OceanHazel","p2":"Chuuugs","format":"[Gen 9] National Dex Doubles","log":"|j|\u2606OceanHazel\n|j|\u2606Chuuugs\n|t:|1697600695\n|gametype|doubles\n|player|p1|OceanHazel|barry|\n|player|p2|Chuuugs|hilda|\n|teamsize|p1|6\n|teamsize|p2|6\n|gen|9\n|tier|[Gen 9] National Dex Doubles\n|rule|HP Percentage Mod: HP is shown in percentages\n|rule|Endless Battle Clause: Forcing endless battles is banned\n|rule|OHKO Clause: OHKO moves are banned\n|rule|Evasion Moves Clause: Evasion moves are banned\n|rule|Evasion Abilities Clause: Evasion abilities are banned\n|rule|Species Clause: Limit one of each Pok\u00e9mon\n|rule|Gravity Sleep Clause: The combination of sleep-inducing moves with imperfect accuracy and Gravity or Gigantamax Orbeetle are banned\n|clearpoke\n|poke|p1|Azumarill, M|\n|poke|p1|Ursaluna-Bloodmoon, M|\n|poke|p1|Samurott-Hisui, M|\n|poke|p1|Wyrdeer, M|\n|poke|p1|Ampharos, F|\n|poke|p1|Shaymin-Sky|\n|poke|p2|Ribombee, M|\n|poke|p2|Aggron, M|\n|poke|p2|Raichu-Alola, F|\n|poke|p2|Pincurchin, M|\n|poke|p2|Azelf|\n|poke|p2|Sinistcha-Masterpiece|\n|teampreview\n|\n|t:|1697600745\n|start\n|switch|p1a: Mime|Wyrdeer, M|100\/100\n|switch|p1b: Cuddles|Azumarill, M, shiny|100\/100\n|switch|p2a: Burnt Toast|Raichu-Alola, F, shiny|100\/100\n|switch|p2b: Kidney Stone|Pincurchin, M, shiny|100\/100\n|-fieldstart|move: Electric Terrain|[from] ability: Electric Surge|[of] p2b: Kidney Stone\n|turn|1\n|\n|t:|1697600778\n|move|p2a: Burnt Toast|Rising Voltage|p1b: Cuddles\n|-hint|Rising Voltage's BP doubled on grounded target.\n|-supereffective|p1b: Cuddles\n|-damage|p1b: Cuddles|0 fnt\n|faint|p1b: Cuddles\n|move|p1a: Mime|Reflect|p1a: Mime\n|-sidestart|p1: OceanHazel|Reflect\n|move|p2b: Kidney Stone|Toxic Spikes|p1a: Mime\n|-sidestart|p1: OceanHazel|move: Toxic Spikes\n|\n|upkeep\n|\n|t:|1697600795\n|switch|p1b: Lammy|Ampharos, F, shiny|100\/100\n|-status|p1b: Lammy|psn\n|turn|2\n|\n|t:|1697600842\n|move|p2a: Burnt Toast|Rising Voltage|p1a: Mime\n|-hint|Rising Voltage's BP doubled on grounded target.\n|-damage|p1a: Mime|25\/100\n|move|p1a: Mime|Disable|p2a: Burnt Toast\n|-start|p2a: Burnt Toast|Disable|Rising Voltage\n|move|p1b: Lammy|Trailblaze|p2b: Kidney Stone\n|-damage|p2b: Kidney Stone|90\/100\n|-boost|p1b: Lammy|spe|1\n|move|p2b: Kidney Stone|Scald|p1b: Lammy\n|-damage|p1b: Lammy|87\/100 psn\n|\n|-damage|p1b: Lammy|75\/100 psn|[from] psn\n|upkeep\n|turn|3\n|\n|t:|1697600886\n|switch|p2a: Genie|Azelf, shiny|100\/100\n|move|p1b: Lammy|Trailblaze|p2a: Genie\n|-damage|p2a: Genie|85\/100\n|-boost|p1b: Lammy|spe|1\n|move|p1a: Mime|Disable|p2b: Kidney Stone\n|-start|p2b: Kidney Stone|Disable|Scald\n|cant|p2b: Kidney Stone|Disable|Scald\n|\n|-damage|p1b: Lammy|63\/100 psn|[from] psn\n|upkeep\n|turn|4\n|\n|t:|1697600934\n|move|p2a: Genie|Stealth Rock|p1b: Lammy\n|-sidestart|p1: OceanHazel|move: Stealth Rock\n|move|p1b: Lammy|Volt Switch|p2a: Genie\n|-damage|p2a: Genie|7\/100\n|\n|t:|1697600942\n|switch|p1b: Splendid|Shaymin-Sky, shiny|100\/100|[from] Volt Switch\n|-damage|p1b: Splendid|76\/100|[from] Stealth Rock\n|move|p1a: Mime|Light Screen|p1a: Mime\n|-sidestart|p1: OceanHazel|move: Light Screen\n|move|p2b: Kidney Stone|Rising Voltage|p1a: Mime\n|-hint|Rising Voltage's BP doubled on grounded target.\n|-damage|p1a: Mime|0 fnt\n|faint|p1a: Mime\n|\n|upkeep\n|\n|t:|1697600951\n|switch|p1a: Russel|Samurott-Hisui, M|100\/100\n|-status|p1a: Russel|psn\n|-damage|p1a: Russel|88\/100 psn|[from] Stealth Rock\n|turn|5\n|\n|t:|1697600978\n|-terastallize|p1a: Russel|Electric\n|move|p1b: Splendid|Swords Dance|p1b: Splendid\n|-boost|p1b: Splendid|atk|2\n|move|p2a: Genie|Flamethrower|p1b: Splendid\n|-supereffective|p1b: Splendid\n|-damage|p1b: Splendid|13\/100\n|-damage|p2a: Genie|0 fnt|[from] item: Life Orb\n|faint|p2a: Genie\n|move|p1a: Russel|X-Scissor|p2b: Kidney Stone\n|-damage|p2b: Kidney Stone|45\/100\n|move|p2b: Kidney Stone|Rising Voltage|p1a: Russel\n|-hint|Rising Voltage's BP doubled on grounded target.\n|-resisted|p1a: Russel\n|-damage|p1a: Russel|43\/100 psn\n|\n|-damage|p1a: Russel|31\/100 psn|[from] psn\n|-sideend|p1: OceanHazel|Reflect\n|upkeep\n|\n|t:|1697601014\n|switch|p2a: Buzby|Ribombee, M, shiny|100\/100\n|turn|6\n|\n|t:|1697601037\n|move|p2a: Buzby|U-turn|p1b: Splendid\n|-damage|p1b: Splendid|0 fnt\n|faint|p1b: Splendid\n|\n|t:|1697601045\n|switch|p2a: Burnt Toast|Raichu-Alola, F, shiny|100\/100|[from] U-turn\n|move|p1a: Russel|Air Slash|p2a: Burnt Toast\n|-resisted|p2a: Burnt Toast\n|-damage|p2a: Burnt Toast|80\/100\n|move|p2b: Kidney Stone|Recover|p2b: Kidney Stone\n|-heal|p2b: Kidney Stone|95\/100\n|\n|-damage|p1a: Russel|19\/100 psn|[from] psn\n|-end|p2b: Kidney Stone|Disable\n|upkeep\n|\n|t:|1697601056\n|switch|p1b: Lammy|Ampharos, F, shiny|63\/100 psn\n|-damage|p1b: Lammy|50\/100 psn|[from] Stealth Rock\n|turn|7\n|\n|t:|1697601105\n|switch|p2a: Starbucks|Sinistcha-Masterpiece, shiny|100\/100\n|move|p1a: Russel|Ceaseless Edge|p2a: Starbucks\n|-supereffective|p2a: Starbucks\n|-damage|p2a: Starbucks|34\/100\n|-sidestart|p2: Chuuugs|Spikes\n|move|p1b: Lammy|Ice Punch|p2b: Kidney Stone\n|-damage|p2b: Kidney Stone|79\/100\n|move|p2b: Kidney Stone|Rising Voltage|p1a: Russel\n|-hint|Rising Voltage's BP doubled on grounded target.\n|-resisted|p1a: Russel\n|-damage|p1a: Russel|0 fnt\n|faint|p1a: Russel\n|\n|-damage|p1b: Lammy|38\/100 psn|[from] psn\n|upkeep\n|\n|t:|1697601118\n|switch|p1a: Fliqpy|Ursaluna-Bloodmoon, M|100\/100\n|-status|p1a: Fliqpy|psn\n|-damage|p1a: Fliqpy|94\/100 psn|[from] Stealth Rock\n|turn|8\n|\n|t:|1697601144\n|move|p2a: Starbucks|Rage Powder|p2a: Starbucks\n|-singleturn|p2a: Starbucks|move: Rage Powder\n|move|p1b: Lammy|Ice Punch|p2a: Starbucks\n|-supereffective|p2a: Starbucks\n|-damage|p2a: Starbucks|17\/100\n|move|p1a: Fliqpy|Earth Power|p2a: Starbucks\n|-resisted|p2a: Starbucks\n|-damage|p2a: Starbucks|0 fnt\n|faint|p2a: Starbucks\n|move|p2b: Kidney Stone|Scald|p1a: Fliqpy\n|-supereffective|p1a: Fliqpy\n|-damage|p1a: Fliqpy|64\/100 psn\n|\n|-damage|p1b: Lammy|26\/100 psn|[from] psn\n|-damage|p1a: Fliqpy|51\/100 psn|[from] psn\n|-sideend|p1: OceanHazel|move: Light Screen\n|-fieldend|move: Electric Terrain\n|upkeep\n|\n|t:|1697601174\n|switch|p2a: Burnt Toast|Raichu-Alola, F, shiny|80\/100\n|-damage|p2a: Burnt Toast|68\/100|[from] Spikes\n|turn|9\n|\n|t:|1697601188\n|-terastallize|p2a: Burnt Toast|Ice\n|move|p2a: Burnt Toast|Tera Blast|p1a: Fliqpy|[anim] Tera Blast Ice\n|-supereffective|p1a: Fliqpy\n|-damage|p1a: Fliqpy|0 fnt\n|faint|p1a: Fliqpy\n|move|p1b: Lammy|Ice Punch|p2a: Burnt Toast\n|-resisted|p2a: Burnt Toast\n|-damage|p2a: Burnt Toast|53\/100\n|move|p2b: Kidney Stone|Scald|p1b: Lammy\n|-damage|p1b: Lammy|11\/100 psn\n|\n|-damage|p1b: Lammy|0 fnt|[from] psn\n|faint|p1b: Lammy\n|\n|win|Chuuugs\n|upkeep\n|l|\u2606OceanHazel\n","uploadtime":1697601239,"views":6,"p1id":"oceanhazel","p2id":"chuuugs","formatid":"gen9nationaldexdoubles","rating":0,"private":0,"password":""}