{"id":"gen9nationaldexdoubles-1988952321","p1":"Kg o if f try h","p2":"f0f1k","format":"[Gen 9] National Dex Doubles","log":"|j|\u2606Kg o if f try h\n|j|\u2606f0f1k\n|t:|1699793595\n|gametype|doubles\n|player|p1|Kg o if f try h|camper|1000\n|player|p2|f0f1k|170|1000\n|teamsize|p1|6\n|teamsize|p2|6\n|gen|9\n|tier|[Gen 9] National Dex Doubles\n|rated|\n|rule|HP Percentage Mod: HP is shown in percentages\n|rule|Endless Battle Clause: Forcing endless battles is banned\n|rule|OHKO Clause: OHKO moves are banned\n|rule|Evasion Moves Clause: Evasion moves are banned\n|rule|Evasion Abilities Clause: Evasion abilities are banned\n|rule|Species Clause: Limit one of each Pok\u00e9mon\n|rule|Gravity Sleep Clause: The combination of sleep-inducing moves with imperfect accuracy and Gravity or Gigantamax Orbeetle are banned\n|clearpoke\n|poke|p1|Indeedee, M|\n|poke|p1|Deoxys-Attack|\n|poke|p1|Typhlosion, M|\n|poke|p1|Kartana|\n|poke|p1|Murkrow, M|\n|poke|p1|Shuckle, M|\n|poke|p2|Tauros, M|\n|poke|p2|Dragonite, F|\n|poke|p2|Entei|\n|poke|p2|Rotom-Wash|\n|poke|p2|Pelipper, M|\n|poke|p2|Breloom, F|\n|teampreview\n|inactive|Battle timer is ON: inactive players will automatically lose when time's up. (requested by Kg o if f try h)\n|inactive|f0f1k has 120 seconds left.\n|\n|t:|1699793638\n|start\n|switch|p1a: Murkrow|Murkrow, M|100\/100\n|switch|p1b: Shuckle|Shuckle, M|100\/100\n|switch|p2a: Pelipper|Pelipper, M|100\/100\n|switch|p2b: Entei|Entei|100\/100\n|-weather|RainDance|[from] ability: Drizzle|[of] p2a: Pelipper\n|turn|1\n|\n|t:|1699793665\n|switch|p2b: Dragonite|Dragonite, F|100\/100\n|move|p1a: Murkrow|Taunt|p2b: Dragonite\n|-start|p2b: Dragonite|move: Taunt\n|move|p2a: Pelipper|Tailwind|p2a: Pelipper\n|-sidestart|p2: f0f1k|move: Tailwind\n|move|p1b: Shuckle|Stealth Rock|p2b: Dragonite\n|-sidestart|p2: f0f1k|move: Stealth Rock\n|\n|-weather|RainDance|[upkeep]\n|upkeep\n|turn|2\n|\n|t:|1699793688\n|move|p1a: Murkrow|Tailwind|p1a: Murkrow\n|-sidestart|p1: Kg o if f try h|move: Tailwind\n|move|p2b: Dragonite|Thunder|p1a: Murkrow\n|-supereffective|p1a: Murkrow\n|-enditem|p1a: Murkrow|Focus Sash\n|-damage|p1a: Murkrow|1\/100\n|-damage|p2b: Dragonite|91\/100|[from] item: Life Orb\n|move|p2a: Pelipper|Scald|p1a: Murkrow\n|-damage|p1a: Murkrow|0 fnt\n|faint|p1a: Murkrow\n|move|p1b: Shuckle|Toxic|p2b: Dragonite\n|-status|p2b: Dragonite|tox\n|\n|-weather|RainDance|[upkeep]\n|-damage|p2b: Dragonite|84\/100 tox|[from] psn\n|upkeep\n|\n|t:|1699793708\n|switch|p1a: Deoxys|Deoxys-Attack|100\/100\n|-ability|p1a: Deoxys|Pressure\n|turn|3\n|inactive|f0f1k has 120 seconds left.\n|\n|t:|1699793755\n|move|p1a: Deoxys|Psyshock|p2a: Pelipper\n|-damage|p2a: Pelipper|48\/100\n|move|p2b: Dragonite|Surf|p1a: Deoxys|[spread] p2a,p1a,p1b\n|-resisted|p2a: Pelipper\n|-supereffective|p1b: Shuckle\n|-damage|p2a: Pelipper|28\/100\n|-enditem|p1a: Deoxys|Focus Sash\n|-damage|p1a: Deoxys|1\/100\n|-damage|p1b: Shuckle|53\/100\n|-damage|p2b: Dragonite|75\/100 tox|[from] item: Life Orb\n|move|p2a: Pelipper|U-turn|p1a: Deoxys\n|-supereffective|p1a: Deoxys\n|-damage|p1a: Deoxys|0 fnt\n|faint|p1a: Deoxys\n|\n|t:|1699793775\n|switch|p2a: Rotom|Rotom-Wash|100\/100|[from] U-turn\n|-damage|p2a: Rotom|88\/100|[from] Stealth Rock\n|move|p1b: Shuckle|Power Split|p2b: Dragonite\n|-activate|p1b: Shuckle|move: Power Split|[of] p2b: Dragonite\n|\n|-weather|RainDance|[upkeep]\n|-damage|p2b: Dragonite|62\/100 tox|[from] psn\n|-end|p2b: Dragonite|move: Taunt\n|upkeep\n|\n|t:|1699793783\n|switch|p1a: Kartana|Kartana|100\/100\n|turn|4\n|inactive|f0f1k has 120 seconds left.\n|\n|t:|1699793793\n|switch|p2b: Entei|Entei|100\/100\n|-damage|p2b: Entei|76\/100|[from] Stealth Rock\n|move|p1a: Kartana|Leaf Blade|p2a: Rotom\n|-supereffective|p2a: Rotom\n|-damage|p2a: Rotom|0 fnt\n|faint|p2a: Rotom\n|-ability|p1a: Kartana|Beast Boost|boost\n|-boost|p1a: Kartana|atk|1\n|move|p1b: Shuckle|Stealth Rock||[still]\n|-fail|p1b: Shuckle\n|\n|-weather|RainDance|[upkeep]\n|-sideend|p2: f0f1k|move: Tailwind\n|upkeep\n|\n|t:|1699793809\n|switch|p2a: Tauros|Tauros, M|100\/100\n|-damage|p2a: Tauros|88\/100|[from] Stealth Rock\n|-ability|p2a: Tauros|Intimidate|boost\n|-unboost|p1a: Kartana|atk|1\n|-unboost|p1b: Shuckle|atk|1\n|turn|5\n|inactive|f0f1k has 120 seconds left.\n|\n|t:|1699793827\n|move|p1a: Kartana|Leaf Blade|p2a: Tauros\n|-damage|p2a: Tauros|21\/100\n|move|p2a: Tauros|Sunny Day|p2a: Tauros\n|-weather|SunnyDay\n|move|p2b: Entei|Sacred Fire|p1a: Kartana\n|-supereffective|p1a: Kartana\n|-damage|p1a: Kartana|0 fnt\n|faint|p1a: Kartana\n|move|p1b: Shuckle|Toxic|p2b: Entei\n|-status|p2b: Entei|tox\n|\n|-weather|SunnyDay|[upkeep]\n|-damage|p2b: Entei|69\/100 tox|[from] psn\n|-sideend|p1: Kg o if f try h|move: Tailwind\n|upkeep\n|\n|t:|1699793847\n|switch|p1a: Typhlosion|Typhlosion, M|100\/100\n|turn|6\n|\n|t:|1699793862\n|move|p2a: Tauros|Protect|p2a: Tauros\n|-singleturn|p2a: Tauros|Protect\n|move|p1a: Typhlosion|Flamethrower|p2b: Entei\n|-resisted|p2b: Entei\n|-damage|p2b: Entei|40\/100 tox\n|move|p2b: Entei|Sacred Fire|p1b: Shuckle\n|-crit|p1b: Shuckle\n|-damage|p1b: Shuckle|0 fnt\n|faint|p1b: Shuckle\n|\n|-weather|SunnyDay|[upkeep]\n|-damage|p2b: Entei|27\/100 tox|[from] psn\n|upkeep\n|\n|t:|1699793871\n|switch|p1b: Indeedee|Indeedee, M|100\/100\n|-fieldstart|move: Psychic Terrain|[from] ability: Psychic Surge|[of] p1b: Indeedee\n|turn|7\n|inactive|f0f1k has 120 seconds left.\n|\n|t:|1699793907\n|-terastallize|p1b: Indeedee|Psychic\n|-terastallize|p2b: Entei|Normal\n|move|p1a: Typhlosion|Flamethrower|p2a: Tauros\n|-crit|p2a: Tauros\n|-damage|p2a: Tauros|0 fnt\n|faint|p2a: Tauros\n|move|p1b: Indeedee|Expanding Force|p2b: Entei\n|-damage|p2b: Entei|0 fnt\n|faint|p2b: Entei\n|\n|-weather|SunnyDay|[upkeep]\n|upkeep\n|\n|t:|1699793920\n|switch|p2a: Pelipper|Pelipper, M|28\/100\n|switch|p2b: Dragonite|Dragonite, F|62\/100 tox\n|-damage|p2b: Dragonite|37\/100 tox|[from] Stealth Rock\n|-damage|p2a: Pelipper|3\/100|[from] Stealth Rock\n|-weather|RainDance|[from] ability: Drizzle|[of] p2a: Pelipper\n|turn|8\n|inactive|f0f1k has 120 seconds left.\n|\n|t:|1699793941\n|move|p2a: Pelipper|Protect|p2a: Pelipper\n|-singleturn|p2a: Pelipper|Protect\n|move|p1a: Typhlosion|Flamethrower|p2b: Dragonite\n|-resisted|p2b: Dragonite\n|-damage|p2b: Dragonite|27\/100 tox\n|move|p1b: Indeedee|Expanding Force|p2b: Dragonite|[spread] p2b\n|-activate|p2a: Pelipper|move: Protect\n|-damage|p2b: Dragonite|0 fnt\n|faint|p2b: Dragonite\n|\n|-weather|RainDance|[upkeep]\n|-heal|p2a: Pelipper|9\/100|[from] item: Leftovers\n|upkeep\n|\n|t:|1699793952\n|switch|p2b: Breloom|Breloom, F|100\/100\n|-damage|p2b: Breloom|94\/100|[from] Stealth Rock\n|turn|9\n|inactive|f0f1k has 120 seconds left.\n|\n|t:|1699793975\n|move|p1a: Typhlosion|Flamethrower|p2b: Breloom\n|-supereffective|p2b: Breloom\n|-damage|p2b: Breloom|41\/100\n|move|p1b: Indeedee|Expanding Force|p2b: Breloom|[spread] p2a,p2b\n|-supereffective|p2b: Breloom\n|-damage|p2a: Pelipper|0 fnt\n|-damage|p2b: Breloom|0 fnt\n|faint|p2a: Pelipper\n|faint|p2b: Breloom\n|\n|win|Kg o if f try h\n|raw|Kg o if f try h's rating: 1000 &rarr; <strong>1040<\/strong><br \/>(+40 for winning)\n|raw|f0f1k's rating: 1000 &rarr; <strong>1000<\/strong><br \/>(+0 for losing)\n|l|\u2606f0f1k\n","uploadtime":1699794006,"views":5,"p1id":"kgoifftryh","p2id":"f0f1k","formatid":"gen9nationaldexdoubles","rating":1000,"private":0,"password":""}