{"id":"gen9nationaldexdoubles-1948382842","p1":"Cad48","p2":"Cherwony","format":"[Gen 9] National Dex Doubles","log":"|j|\u2606Cad48\n|j|\u2606Cherwony\n|t:|1695254426\n|gametype|doubles\n|player|p1|Cad48|thorton|\n|player|p2|Cherwony|169|\n|teamsize|p1|6\n|teamsize|p2|6\n|gen|9\n|tier|[Gen 9] National Dex Doubles\n|rule|HP Percentage Mod: HP is shown in percentages\n|rule|Endless Battle Clause: Forcing endless battles is banned\n|rule|OHKO Clause: OHKO moves are banned\n|rule|Evasion Moves Clause: Evasion moves are banned\n|rule|Evasion Abilities Clause: Evasion abilities are banned\n|rule|Species Clause: Limit one of each Pok\u00e9mon\n|rule|Gravity Sleep Clause: The combination of sleep-inducing moves with imperfect accuracy and Gravity or Gigantamax Orbeetle are banned\n|clearpoke\n|poke|p1|Indeedee-F, F|\n|poke|p1|Bronzong|\n|poke|p1|Hatterene, F|\n|poke|p1|Armarouge, F|\n|poke|p1|Rabsca, M|\n|poke|p1|Oranguru, F|\n|poke|p2|Tyranitar, M|\n|poke|p2|Maushold-Four|\n|poke|p2|Rotom-Wash|\n|poke|p2|Diggersby, M|\n|poke|p2|Blastoise, F|\n|poke|p2|Magnezone|\n|teampreview\n|c|\u2606Cherwony|Glhf\n|\n|t:|1695254441\n|start\n|switch|p1a: Indeedee|Indeedee-F, F|100\/100\n|switch|p1b: Bronzong|Bronzong|100\/100\n|switch|p2a: Maushold|Maushold-Four|100\/100\n|switch|p2b: Blastoise|Blastoise, F|100\/100\n|-fieldstart|move: Psychic Terrain|[from] ability: Psychic Surge|[of] p1a: Indeedee\n|turn|1\n|\n|t:|1695254461\n|move|p1a: Indeedee|Follow Me|p1a: Indeedee\n|-singleturn|p1a: Indeedee|move: Follow Me\n|move|p2a: Maushold|Population Bomb|p1a: Indeedee\n|-damage|p1a: Indeedee|85\/100\n|-damage|p1a: Indeedee|70\/100\n|-damage|p1a: Indeedee|54\/100\n|-damage|p1a: Indeedee|38\/100\n|-damage|p1a: Indeedee|21\/100\n|-damage|p1a: Indeedee|5\/100\n|-damage|p1a: Indeedee|0 fnt\n|faint|p1a: Indeedee\n|-hitcount|p1: Indeedee|7\n|move|p2b: Blastoise|Dark Pulse|p1b: Bronzong\n|-supereffective|p1b: Bronzong\n|-damage|p1b: Bronzong|75\/100\n|move|p1b: Bronzong|Trick Room|p1b: Bronzong\n|-fieldstart|move: Trick Room|[of] p1b: Bronzong\n|\n|upkeep\n|\n|t:|1695254477\n|switch|p1a: Hatterene|Hatterene, F|100\/100\n|turn|2\n|\n|t:|1695254484\n|move|p2b: Blastoise|Protect|p2b: Blastoise\n|-singleturn|p2b: Blastoise|Protect\n|move|p2a: Maushold|Protect|p2a: Maushold\n|-singleturn|p2a: Maushold|Protect\n|move|p1b: Bronzong|Reflect|p1b: Bronzong\n|-sidestart|p1: Cad48|Reflect\n|move|p1a: Hatterene|Expanding Force|p2b: Blastoise|[spread] \n|-activate|p2a: Maushold|move: Protect\n|-activate|p2b: Blastoise|move: Protect\n|\n|upkeep\n|turn|3\n|\n|t:|1695254501\n|switch|p2a: Magnezone|Magnezone|100\/100\n|-item|p2a: Magnezone|Air Balloon\n|move|p1b: Bronzong|Light Screen|p1b: Bronzong\n|-sidestart|p1: Cad48|move: Light Screen\n|move|p1a: Hatterene|Expanding Force|p2b: Blastoise|[spread] p2a,p2b\n|-resisted|p2a: Magnezone\n|-damage|p2a: Magnezone|64\/100\n|-damage|p2b: Blastoise|39\/100\n|-enditem|p2a: Magnezone|Air Balloon\n|move|p2b: Blastoise|Dark Pulse|p1b: Bronzong\n|-supereffective|p1b: Bronzong\n|-damage|p1b: Bronzong|58\/100\n|\n|upkeep\n|turn|4\n|\n|t:|1695254526\n|move|p2b: Blastoise|Protect|p2b: Blastoise\n|-singleturn|p2b: Blastoise|Protect\n|move|p1b: Bronzong|Gyro Ball|p2b: Blastoise\n|-activate|p2b: Blastoise|move: Protect\n|move|p1a: Hatterene|Mystical Fire|p2a: Magnezone\n|-supereffective|p2a: Magnezone\n|-damage|p2a: Magnezone|3\/100\n|-unboost|p2a: Magnezone|spa|1\n|move|p2a: Magnezone|Flash Cannon|p1a: Hatterene\n|-supereffective|p1a: Hatterene\n|-damage|p1a: Hatterene|62\/100\n|\n|upkeep\n|turn|5\n|\n|t:|1695254543\n|move|p1b: Bronzong|Gyro Ball|p2a: Magnezone\n|-resisted|p2a: Magnezone\n|-damage|p2a: Magnezone|0 fnt\n|faint|p2a: Magnezone\n|move|p1a: Hatterene|Expanding Force|p2b: Blastoise\n|-damage|p2b: Blastoise|0 fnt\n|faint|p2b: Blastoise\n|\n|-fieldend|move: Trick Room\n|upkeep\n|\n|t:|1695254553\n|switch|p2b: Tyranitar|Tyranitar, M|100\/100\n|switch|p2a: Maushold|Maushold-Four|100\/100\n|-weather|Sandstorm|[from] ability: Sand Stream|[of] p2b: Tyranitar\n|turn|6\n|\n|t:|1695254562\n|move|p2a: Maushold|Population Bomb|p1a: Hatterene\n|-crit|p1a: Hatterene\n|-damage|p1a: Hatterene|45\/100\n|-damage|p1a: Hatterene|36\/100\n|-damage|p1a: Hatterene|29\/100\n|-damage|p1a: Hatterene|20\/100\n|-damage|p1a: Hatterene|11\/100\n|-damage|p1a: Hatterene|3\/100\n|-damage|p1a: Hatterene|0 fnt\n|faint|p1a: Hatterene\n|-hitcount|p1: Hatterene|7\n|move|p2b: Tyranitar|Brick Break|p1b: Bronzong\n|-sideend|p1: Cad48|Reflect\n|-sideend|p1: Cad48|move: Light Screen\n|-damage|p1b: Bronzong|22\/100\n|-damage|p2b: Tyranitar|91\/100|[from] item: Life Orb\n|move|p1b: Bronzong|Trick Room|p1b: Bronzong\n|-fieldstart|move: Trick Room|[of] p1b: Bronzong\n|\n|-weather|Sandstorm|[upkeep]\n|-damage|p2a: Maushold|94\/100|[from] Sandstorm\n|upkeep\n|\n|t:|1695254582\n|switch|p1a: Armarouge|Armarouge, F|100\/100\n|turn|7\n|\n|t:|1695254591\n|move|p2a: Maushold|Protect|p2a: Maushold\n|-singleturn|p2a: Maushold|Protect\n|move|p1b: Bronzong|Reflect|p1b: Bronzong\n|-sidestart|p1: Cad48|Reflect\n|move|p2b: Tyranitar|Rock Slide|p1a: Armarouge|[spread] p1a\n|-miss|p2b: Tyranitar|p1b: Bronzong\n|-supereffective|p1a: Armarouge\n|-damage|p1a: Armarouge|53\/100\n|-damage|p2b: Tyranitar|81\/100|[from] item: Life Orb\n|cant|p1a: Armarouge|flinch\n|\n|-weather|Sandstorm|[upkeep]\n|-damage|p1a: Armarouge|46\/100|[from] Sandstorm\n|-damage|p2a: Maushold|88\/100|[from] Sandstorm\n|upkeep\n|turn|8\n|\n|t:|1695254611\n|switch|p2a: Rotom|Rotom-Wash|100\/100\n|move|p1b: Bronzong|Gyro Ball|p2a: Rotom\n|-resisted|p2a: Rotom\n|-crit|p2a: Rotom\n|-damage|p2a: Rotom|91\/100\n|move|p2b: Tyranitar|Rock Slide|p1a: Armarouge|[spread] p1a,p1b\n|-supereffective|p1a: Armarouge\n|-resisted|p1b: Bronzong\n|-damage|p1a: Armarouge|0 fnt\n|-damage|p1b: Bronzong|8\/100\n|faint|p1a: Armarouge\n|-damage|p2b: Tyranitar|71\/100|[from] item: Life Orb\n|\n|-weather|Sandstorm|[upkeep]\n|-damage|p2a: Rotom|84\/100|[from] Sandstorm\n|-heal|p2a: Rotom|91\/100|[from] item: Leftovers\n|-fieldend|move: Psychic Terrain\n|upkeep\n|\n|t:|1695254626\n|switch|p1a: Rabsca|Rabsca, M|100\/100\n|turn|9\n|\n|t:|1695254637\n|move|p1b: Bronzong|Light Screen|p1b: Bronzong\n|-sidestart|p1: Cad48|move: Light Screen\n|move|p1a: Rabsca|Revival Blessing|p1a: Rabsca\n|-enditem|p1a: Rabsca|Leppa Berry|[eat]\n|-activate|p1a: Rabsca|item: Leppa Berry|Revival Blessing|[consumed]\n|\n|t:|1695254642\n|-heal|p1: Hatterene|50\/100|[from] move: Revival Blessing\n|move|p2b: Tyranitar|Brick Break|p1b: Bronzong\n|-sideend|p1: Cad48|Reflect\n|-sideend|p1: Cad48|move: Light Screen\n|-damage|p1b: Bronzong|0 fnt\n|faint|p1b: Bronzong\n|-damage|p2b: Tyranitar|61\/100|[from] item: Life Orb\n|move|p2a: Rotom|Thunderbolt|p1a: Rabsca\n|-damage|p1a: Rabsca|70\/100\n|-status|p1a: Rabsca|par\n|-activate|p1a: Rabsca|ability: Synchronize\n|-immune|p2a: Rotom\n|\n|-weather|Sandstorm|[upkeep]\n|-damage|p1a: Rabsca|64\/100 par|[from] Sandstorm\n|-damage|p2a: Rotom|84\/100|[from] Sandstorm\n|-heal|p2a: Rotom|91\/100|[from] item: Leftovers\n|upkeep\n|\n|t:|1695254662\n|switch|p1b: Oranguru|Oranguru, F|100\/100\n|turn|10\n|\n|t:|1695254678\n|-terastallize|p1b: Oranguru|Steel\n|move|p1a: Rabsca|Revival Blessing|p1a: Rabsca\n|\n|t:|1695254681\n|-heal|p1: Indeedee|50\/100|[from] move: Revival Blessing\n|move|p1b: Oranguru|Expanding Force|p2a: Rotom\n|-damage|p2a: Rotom|64\/100\n|move|p2b: Tyranitar|Rock Slide|p1a: Rabsca|[spread] p1a\n|-miss|p2b: Tyranitar|p1b: Oranguru\n|-supereffective|p1a: Rabsca\n|-damage|p1a: Rabsca|0 fnt\n|faint|p1a: Rabsca\n|-damage|p2b: Tyranitar|51\/100|[from] item: Life Orb\n|move|p2a: Rotom|Thunderbolt|p1b: Oranguru\n|-damage|p1b: Oranguru|74\/100\n|-status|p1b: Oranguru|par\n|\n|-weather|none\n|-heal|p2a: Rotom|70\/100|[from] item: Leftovers\n|-fieldend|move: Trick Room\n|upkeep\n|\n|t:|1695254698\n|switch|p1a: Indeedee|Indeedee-F, F|50\/100\n|-fieldstart|move: Psychic Terrain|[from] ability: Psychic Surge|[of] p1a: Indeedee\n|turn|11\n|\n|t:|1695254711\n|move|p1a: Indeedee|Helping Hand|p1b: Oranguru\n|-singleturn|p1b: Oranguru|Helping Hand|[of] p1a: Indeedee\n|move|p2a: Rotom|Hydro Pump|p1b: Oranguru\n|-damage|p1b: Oranguru|41\/100 par\n|move|p2b: Tyranitar|Crunch|p1a: Indeedee\n|-supereffective|p1a: Indeedee\n|-damage|p1a: Indeedee|0 fnt\n|faint|p1a: Indeedee\n|-damage|p2b: Tyranitar|41\/100|[from] item: Life Orb\n|move|p1b: Oranguru|Expanding Force|p2a: Rotom|[spread] p2a\n|-immune|p2b: Tyranitar\n|-crit|p2a: Rotom\n|-damage|p2a: Rotom|0 fnt\n|faint|p2a: Rotom\n|\n|upkeep\n|\n|t:|1695254726\n|switch|p2a: Maushold|Maushold-Four|88\/100\n|switch|p1a: Hatterene|Hatterene, F|50\/100\n|turn|12\n|\n|t:|1695254733\n|move|p2a: Maushold|Population Bomb|p1a: Hatterene\n|-damage|p1a: Hatterene|38\/100\n|-damage|p1a: Hatterene|27\/100\n|-damage|p1a: Hatterene|15\/100\n|-damage|p1a: Hatterene|1\/100\n|-damage|p1a: Hatterene|0 fnt\n|faint|p1a: Hatterene\n|-hitcount|p1: Hatterene|5\n|move|p2b: Tyranitar|Brick Break|p1b: Oranguru\n|-supereffective|p1b: Oranguru\n|-damage|p1b: Oranguru|0 fnt\n|faint|p1b: Oranguru\n|-damage|p2b: Tyranitar|31\/100|[from] item: Life Orb\n|\n|win|Cherwony\n|c|\u2606Cherwony|Gg\n|c|\u2606Cad48|gg\n","uploadtime":1695254745,"views":10,"p1id":"cad48","p2id":"cherwony","formatid":"gen9nationaldexdoubles","rating":0,"private":0,"password":""}