{"id":"gen9nationaldexdoubles-1954789859","p1":"fifier","p2":"SakiiTenma","format":"[Gen 9] National Dex Doubles","log":"|j|\u2606fifier\n|j|\u2606SakiiTenma\n|t:|1695926196\n|gametype|doubles\n|player|p1|fifier|266|\n|player|p2|SakiiTenma|yellow|\n|teamsize|p1|6\n|teamsize|p2|6\n|gen|9\n|tier|[Gen 9] National Dex Doubles\n|rule|HP Percentage Mod: HP is shown in percentages\n|rule|Endless Battle Clause: Forcing endless battles is banned\n|rule|OHKO Clause: OHKO moves are banned\n|rule|Evasion Moves Clause: Evasion moves are banned\n|rule|Evasion Abilities Clause: Evasion abilities are banned\n|rule|Species Clause: Limit one of each Pok\u00e9mon\n|rule|Gravity Sleep Clause: The combination of sleep-inducing moves with imperfect accuracy and Gravity or Gigantamax Orbeetle are banned\n|clearpoke\n|poke|p1|Ogerpon-Hearthflame, F|\n|poke|p1|Chi-Yu|\n|poke|p1|Heatran, F|\n|poke|p1|Rotom-Heat|\n|poke|p1|Arcanine, F|\n|poke|p1|Charizard, M|\n|poke|p2|Indeedee-F, F|\n|poke|p2|Kangaskhan, F|\n|poke|p2|Zoroark-Hisui, F|\n|poke|p2|Porygon2|\n|poke|p2|Staraptor, F|\n|poke|p2|Ursaluna-Bloodmoon, M|\n|teampreview\n|\n|t:|1695926223\n|start\n|switch|p1a: Ogerpon|Ogerpon-Hearthflame, F|100\/100\n|switch|p1b: Chi-Yu|Chi-Yu|100\/100\n|switch|p2a: Indeedee|Indeedee-F, F|100\/100\n|switch|p2b: Kangaskhan|Kangaskhan, F|100\/100\n|-ability|p1a: Ogerpon|Mold Breaker\n|-ability|p1b: Chi-Yu|Beads of Ruin\n|-fieldstart|move: Psychic Terrain|[from] ability: Psychic Surge|[of] p2a: Indeedee\n|-enditem|p2a: Indeedee|Psychic Seed\n|-boost|p2a: Indeedee|spd|1|[from] item: Psychic Seed\n|turn|1\n|\n|t:|1695926254\n|move|p1a: Ogerpon|Protect|p1a: Ogerpon\n|-singleturn|p1a: Ogerpon|Protect\n|move|p2b: Kangaskhan|Protect|p2b: Kangaskhan\n|-singleturn|p2b: Kangaskhan|Protect\n|move|p1b: Chi-Yu|Protect|p1b: Chi-Yu\n|-singleturn|p1b: Chi-Yu|Protect\n|move|p2a: Indeedee|Follow Me|p2a: Indeedee\n|-singleturn|p2a: Indeedee|move: Follow Me\n|\n|upkeep\n|turn|2\n|\n|t:|1695926272\n|switch|p1a: Heatran|Heatran, F|100\/100\n|detailschange|p2b: Kangaskhan|Kangaskhan-Mega, F\n|-mega|p2b: Kangaskhan|Kangaskhan|Kangaskhanite\n|move|p2a: Indeedee|Follow Me|p2a: Indeedee\n|-singleturn|p2a: Indeedee|move: Follow Me\n|move|p2b: Kangaskhan|Frustration|p1a: Heatran\n|-resisted|p1a: Heatran\n|-damage|p1a: Heatran|77\/100\n|-resisted|p1a: Heatran\n|-damage|p1a: Heatran|72\/100\n|-hitcount|p1a: Heatran|2\n|move|p1b: Chi-Yu|Dark Pulse|p2a: Indeedee\n|-supereffective|p2a: Indeedee\n|-damage|p2a: Indeedee|32\/100\n|\n|-heal|p1a: Heatran|78\/100|[from] item: Leftovers\n|upkeep\n|turn|3\n|l|\u2606SakiiTenma\n|player|p2|\n|j| XMarcosPr710\n|c|\u2606fifier|xd\n|c|\u2606fifier|marcos tu tranquilo q no te juegas nada\n|c| XMarcosPr710|Columbia de Quevedo\n|c|\u2606fifier|temon\n|c| XMarcosPr710|Yo pensaba que el LC de pg era hoy y andaba re asustado\n|c| XMarcosPr710|Y resulta que es el s\u00e1bado\n|c|\u2606fifier|XD\n|c|\u2606fifier|yo q ni juego pq la ultima vez me jailearon menos de 24 horas antes:\n|c| XMarcosPr710|JAJAJA\n|c| XMarcosPr710|El 10 wipea rojo\n|c|\u2606fifier|me gastare toda mi money antes B)\n|c|\u2606fifier|tu q dices q guarde\n|j|\u2606SakiiTenma\n|player|p2|SakiiTenma|yellow\n|\n|t:|1695926556\n|move|p1b: Chi-Yu|Protect|p1b: Chi-Yu\n|-singleturn|p1b: Chi-Yu|Protect\n|move|p2a: Indeedee|Protect|p2a: Indeedee\n|-singleturn|p2a: Indeedee|Protect\n|move|p2b: Kangaskhan|Frustration|p1b: Chi-Yu\n|-activate|p1b: Chi-Yu|move: Protect\n|move|p1a: Heatran|Magma Storm|p2b: Kangaskhan\n|-damage|p2b: Kangaskhan|29\/100\n|-activate|p2b: Kangaskhan|move: Magma Storm|[of] p1a: Heatran\n|\n|-heal|p1a: Heatran|84\/100|[from] item: Leftovers\n|-damage|p2b: Kangaskhan|17\/100|[from] move: Magma Storm|[partiallytrapped]\n|upkeep\n|turn|4\n|\n|t:|1695926573\n|switch|p1b: Arcanine|Arcanine, F|100\/100\n|-ability|p1b: Arcanine|Intimidate|boost\n|-unboost|p2a: Indeedee|atk|1\n|-unboost|p2b: Kangaskhan|atk|1\n|move|p2a: Indeedee|Follow Me|p2a: Indeedee\n|-singleturn|p2a: Indeedee|move: Follow Me\n|move|p2b: Kangaskhan|Frustration|p1b: Arcanine\n|-damage|p1b: Arcanine|62\/100\n|-damage|p1b: Arcanine|53\/100\n|-hitcount|p1b: Arcanine|2\n|move|p1a: Heatran|Flash Cannon|p2a: Indeedee\n|-damage|p2a: Indeedee|2\/100\n|\n|-heal|p1a: Heatran|90\/100|[from] item: Leftovers\n|-damage|p2b: Kangaskhan|5\/100|[from] move: Magma Storm|[partiallytrapped]\n|upkeep\n|turn|5\n|\n|t:|1695926604\n|move|p1b: Arcanine|Protect|p1b: Arcanine\n|-singleturn|p1b: Arcanine|Protect\n|move|p1a: Heatran|Protect|p1a: Heatran\n|-singleturn|p1a: Heatran|Protect\n|move|p2a: Indeedee|Ally Switch|p2a: Indeedee\n|swap|p2a: Indeedee|1|[from] move: Ally Switch\n|move|p2a: Kangaskhan|Frustration|p1b: Arcanine\n|-activate|p1b: Arcanine|move: Protect\n|\n|-heal|p1a: Heatran|96\/100|[from] item: Leftovers\n|-damage|p2a: Kangaskhan|0 fnt|[from] move: Magma Storm|[partiallytrapped]\n|faint|p2a: Kangaskhan\n|-fieldend|move: Psychic Terrain\n|upkeep\n|c| XMarcosPr710|A\n|c|\u2606SakiiTenma|Todos en este torneo solo le saben a dar asco\n|c|\u2606SakiiTenma|A este paso as\u00ed deber\u00eda llamarse el torneo\n|c|\u2606fifier|xd\n|c|\u2606fifier|tengo q ir a comer\n|\n|t:|1695926647\n|switch|p2a: Staraptor|Staraptor, F|100\/100\n|-ability|p2a: Staraptor|Intimidate|boost\n|-unboost|p1a: Heatran|atk|1\n|-unboost|p1b: Arcanine|atk|1\n|turn|6\n|\n|t:|1695926666\n|switch|p1a: Charizard|Charizard, M|100\/100\n|move|p2a: Staraptor|Close Combat|p1a: Charizard\n|-resisted|p1a: Charizard\n|-damage|p1a: Charizard|60\/100\n|-unboost|p2a: Staraptor|def|1\n|-unboost|p2a: Staraptor|spd|1\n|move|p2b: Indeedee|Expanding Force|p1b: Arcanine\n|-damage|p1b: Arcanine|28\/100\n|move|p1b: Arcanine|Will-O-Wisp|p2a: Staraptor\n|-status|p2a: Staraptor|brn\n|\n|-damage|p2a: Staraptor|94\/100 brn|[from] brn\n|upkeep\n|turn|7\n|\n|t:|1695926697\n|switch|p2a: Porygon2|Porygon2|100\/100\n|-ability|p2a: Porygon2|Download|boost\n|-boost|p2a: Porygon2|atk|1\n|detailschange|p1a: Charizard|Charizard-Mega-Y, M\n|-mega|p1a: Charizard|Charizard|Charizardite Y\n|-weather|SunnyDay|[from] ability: Drought|[of] p1a: Charizard\n|move|p1a: Charizard|Tailwind|p1a: Charizard\n|-sidestart|p1: fifier|move: Tailwind\n|move|p1b: Arcanine|Flare Blitz|p2b: Indeedee\n|-damage|p2b: Indeedee|0 fnt\n|faint|p2b: Indeedee\n|-damage|p1b: Arcanine|28\/100|[from] Recoil\n|\n|-weather|SunnyDay|[upkeep]\n|upkeep\n|\n|t:|1695926711\n|switch|p2b: Ursaluna|Ursaluna-Bloodmoon, M|100\/100\n|turn|8\n|c| XMarcosPr710|Weno yo me voy que si me pillan me quedo sin jugar toda la semana que viene\n|\n|t:|1695926735\n|move|p1b: Arcanine|Helping Hand|p1a: Charizard\n|-singleturn|p1a: Charizard|Helping Hand|[of] p1b: Arcanine\n|move|p2b: Ursaluna|Protect|p2b: Ursaluna\n|-singleturn|p2b: Ursaluna|Protect\n|move|p1a: Charizard|Flamethrower|p2b: Ursaluna\n|-activate|p2b: Ursaluna|move: Protect\n|move|p2a: Porygon2|Tri Attack|p1a: Charizard\n|-crit|p1a: Charizard\n|-damage|p1a: Charizard|13\/100\n|\n|-weather|SunnyDay|[upkeep]\n|upkeep\n|turn|9\n|l| XMarcosPr710\n|\n|t:|1695926762\n|move|p2a: Porygon2|Ally Switch|p2a: Porygon2\n|swap|p2a: Porygon2|1|[from] move: Ally Switch\n|move|p1a: Charizard|Flamethrower|p2a: Ursaluna\n|-damage|p2a: Ursaluna|5\/100\n|move|p1b: Arcanine|Flare Blitz|p2b: Porygon2\n|-damage|p2b: Porygon2|70\/100\n|-damage|p1b: Arcanine|18\/100|[from] Recoil\n|-enditem|p1b: Arcanine|Figy Berry|[eat]\n|-heal|p1b: Arcanine|51\/100|[from] item: Figy Berry\n|move|p2a: Ursaluna|Earth Power|p1b: Arcanine\n|-supereffective|p1b: Arcanine\n|-damage|p1b: Arcanine|0 fnt\n|faint|p1b: Arcanine\n|\n|-weather|SunnyDay|[upkeep]\n|upkeep\n|\n|t:|1695926769\n|switch|p1b: Ogerpon|Ogerpon-Hearthflame, F|100\/100\n|-ability|p1b: Ogerpon|Mold Breaker\n|turn|10\n|\n|t:|1695926795\n|move|p2a: Ursaluna|Protect|p2a: Ursaluna\n|-singleturn|p2a: Ursaluna|Protect\n|move|p1b: Ogerpon|Ivy Cudgel|p2a: Ursaluna\n|-activate|p2a: Ursaluna|move: Protect\n|move|p1a: Charizard|Flamethrower|p2b: Porygon2\n|-damage|p2b: Porygon2|34\/100\n|move|p2b: Porygon2|Tri Attack|p1a: Charizard\n|-damage|p1a: Charizard|0 fnt\n|faint|p1a: Charizard\n|\n|-weather|SunnyDay|[upkeep]\n|-sideend|p1: fifier|move: Tailwind\n|upkeep\n|\n|t:|1695926814\n|switch|p1a: Rotom|Rotom-Heat|100\/100\n|turn|11\n|\n|t:|1695926838\n|move|p1b: Ogerpon|Ivy Cudgel|p2a: Ursaluna\n|-damage|p2a: Ursaluna|0 fnt\n|faint|p2a: Ursaluna\n|-zpower|p1a: Rotom\n|move|p1a: Rotom|Inferno Overdrive|p2b: Porygon2|[zeffect]\n|-damage|p2b: Porygon2|0 fnt\n|faint|p2b: Porygon2\n|\n|-weather|none\n|upkeep\n|\n|t:|1695926842\n|switch|p2b: Staraptor|Staraptor, F|94\/100 brn\n|switch|p2a: Staraptor|Staraptor, F|100\/100\n|-ability|p2b: Staraptor|Intimidate|boost\n|-unboost|p1a: Rotom|atk|1\n|-unboost|p1b: Ogerpon|atk|1\n|turn|12\n|c|\u2606fifier|XD\n|\n|t:|1695926857\n|switch|p1b: Heatran|Heatran, F|96\/100\n|-terastallize|p2a: Staraptor|Normal\n|move|p2a: Staraptor|Hyper Voice|p1a: Rotom|[spread] p1a,p1b\n|-resisted|p1b: Heatran\n|-damage|p1a: Rotom|51\/100\n|-damage|p1b: Heatran|68\/100\n|move|p2b: Staraptor|Brave Bird|p1b: Heatran\n|-resisted|p1b: Heatran\n|-crit|p1b: Heatran\n|-damage|p1b: Heatran|40\/100\n|-damage|p2b: Staraptor|83\/100 brn|[from] Recoil\n|move|p1a: Rotom|Volt Switch|p2b: Staraptor\n|-supereffective|p2b: Staraptor\n|-damage|p2b: Staraptor|0 fnt\n|faint|p2b: Staraptor\n|\n|t:|1695926870\n|switch|p1a: Ogerpon|Ogerpon-Hearthflame, F|100\/100|[from] Volt Switch\n|-ability|p1a: Ogerpon|Mold Breaker\n|\n|-heal|p1b: Heatran|46\/100|[from] item: Leftovers\n|upkeep\n|turn|13\n|c|\u2606SakiiTenma|Solo le sabes a dar asco confirmado\n|\n|t:|1695926881\n|-terastallize|p1a: Ogerpon|Fire\n|detailschange|p1a: Ogerpon|Ogerpon-Hearthflame-Tera, F, tera:Fire\n|-ability|p1a: Ogerpon|Embody Aspect (Hearthflame)|boost\n|-boost|p1a: Ogerpon|atk|1\n|move|p1a: Ogerpon|Ivy Cudgel|p2a: Staraptor\n|-damage|p2a: Staraptor|0 fnt\n|replace|p2a: Zoroark|Zoroark-Hisui, F\n|-end|p2a: Zoroark|Illusion\n|faint|p2a: Zoroark\n|\n|win|fifier\n|c|\u2606fifier|gg\n|c|\u2606fifier|perame pal segundo\n|c|\u2606fifier|q tengo q ir a coemr\n|c|\u2606fifier|comer\n|l|\u2606SakiiTenma\n","uploadtime":1695927551,"views":13,"p1id":"fifier","p2id":"sakiitenma","formatid":"gen9nationaldexdoubles","rating":0,"private":0,"password":""}