{"id":"gen9nationaldexdoubles-1984120193","p1":"SchmooMaster","p2":"tcoNIGHTWOLF","format":"[Gen 9] National Dex Doubles","log":"|j|\u2606SchmooMaster\n|j|\u2606tcoNIGHTWOLF\n|t:|1699220770\n|gametype|doubles\n|player|p1|SchmooMaster|hilbert|1093\n|player|p2|tcoNIGHTWOLF|artist|1143\n|teamsize|p1|6\n|teamsize|p2|6\n|gen|9\n|tier|[Gen 9] National Dex Doubles\n|rated|\n|rule|HP Percentage Mod: HP is shown in percentages\n|rule|Endless Battle Clause: Forcing endless battles is banned\n|rule|OHKO Clause: OHKO moves are banned\n|rule|Evasion Moves Clause: Evasion moves are banned\n|rule|Evasion Abilities Clause: Evasion abilities are banned\n|rule|Species Clause: Limit one of each Pok\u00e9mon\n|rule|Gravity Sleep Clause: The combination of sleep-inducing moves with imperfect accuracy and Gravity or Gigantamax Orbeetle are banned\n|clearpoke\n|poke|p1|Politoed, F|\n|poke|p1|Kingdra, F|\n|poke|p1|Ferrothorn, M|\n|poke|p1|Thundurus, M|\n|poke|p1|Conkeldurr, F|\n|poke|p1|Metagross|\n|poke|p2|Politoed, F|\n|poke|p2|Kingdra, M|\n|poke|p2|Ludicolo, M|\n|poke|p2|Vaporeon, M|\n|poke|p2|Raichu, F|\n|poke|p2|Scizor, M|\n|teampreview\n|c|\u2606SchmooMaster|glhf\n|\n|t:|1699220790\n|start\n|switch|p1a: Metagross|Metagross, shiny|100\/100\n|switch|p1b: Thundurus|Thundurus, M|100\/100\n|switch|p2a: Politoed|Politoed, F|100\/100\n|switch|p2b: Ludicolo|Ludicolo, M|100\/100\n|-weather|RainDance|[from] ability: Drizzle|[of] p2a: Politoed\n|turn|1\n|c|\u2606tcoNIGHTWOLF|U2\n|\n|t:|1699220815\n|switch|p2a: Maru|Raichu, F|100\/100\n|move|p1b: Thundurus|Thunder Wave|p2a: Maru\n|-activate|p2a: Maru|ability: Lightning Rod\n|-ability|p2a: Maru|Lightning Rod|boost\n|-boost|p2a: Maru|spa|1\n|move|p2b: Ludicolo|Ice Beam|p1b: Thundurus\n|-supereffective|p1b: Thundurus\n|-enditem|p1b: Thundurus|Yache Berry|[eat]\n|-enditem|p1b: Thundurus|Yache Berry|[weaken]\n|-damage|p1b: Thundurus|50\/100\n|-damage|p2b: Ludicolo|91\/100|[from] item: Life Orb\n|move|p1a: Metagross|Earthquake|p2b: Ludicolo|[spread] p2a,p2b\n|-immune|p1b: Thundurus\n|-supereffective|p2a: Maru\n|-resisted|p2b: Ludicolo\n|-enditem|p2a: Maru|Focus Sash\n|-damage|p2a: Maru|1\/100\n|-damage|p2b: Ludicolo|70\/100\n|\n|-weather|RainDance|[upkeep]\n|upkeep\n|turn|2\n|\n|t:|1699220847\n|move|p2b: Ludicolo|Scald|p1a: Metagross\n|-damage|p1a: Metagross|23\/100\n|-status|p1a: Metagross|brn\n|-damage|p2b: Ludicolo|60\/100|[from] item: Life Orb\n|move|p1b: Thundurus|Hidden Power|p2b: Ludicolo\n|-damage|p2b: Ludicolo|40\/100\n|move|p2a: Maru|Volt Switch|p1b: Thundurus\n|-damage|p1b: Thundurus|0 fnt\n|faint|p1b: Thundurus\n|\n|t:|1699220862\n|switch|p2a: Scizor|Scizor, M|100\/100|[from] Volt Switch\n|move|p1a: Metagross|Earthquake|p2a: Scizor|[spread] p2a,p2b\n|-resisted|p2b: Ludicolo\n|-damage|p2a: Scizor|87\/100\n|-damage|p2b: Ludicolo|29\/100\n|\n|-weather|RainDance|[upkeep]\n|-damage|p1a: Metagross|17\/100 brn|[from] brn\n|upkeep\n|\n|t:|1699220875\n|switch|p1b: Kingdra|Kingdra, F|100\/100\n|turn|3\n|\n|t:|1699220891\n|move|p1a: Metagross|Bullet Punch|p2b: Ludicolo\n|-resisted|p2b: Ludicolo\n|-damage|p2b: Ludicolo|22\/100\n|move|p2a: Scizor|Bullet Punch|p1a: Metagross\n|-resisted|p1a: Metagross\n|-damage|p1a: Metagross|1\/100 brn\n|-damage|p2a: Scizor|77\/100|[from] item: Life Orb\n|move|p1b: Kingdra|Surf|p2a: Scizor|[spread] p1a,p2a,p2b\n|-resisted|p2b: Ludicolo\n|-damage|p1a: Metagross|0 fnt\n|-damage|p2a: Scizor|21\/100\n|-damage|p2b: Ludicolo|10\/100\n|faint|p1a: Metagross\n|move|p2b: Ludicolo|Giga Drain|p1b: Kingdra\n|-crit|p1b: Kingdra\n|-damage|p1b: Kingdra|24\/100\n|-heal|p2b: Ludicolo|44\/100|[from] drain|[of] p1b: Kingdra\n|-damage|p2b: Ludicolo|34\/100|[from] item: Life Orb\n|\n|-weather|RainDance|[upkeep]\n|upkeep\n|\n|t:|1699220911\n|switch|p1a: Conkeldurr|Conkeldurr, F|100\/100\n|turn|4\n|\n|t:|1699220919\n|move|p1b: Kingdra|Protect|p1b: Kingdra\n|-singleturn|p1b: Kingdra|Protect\n|move|p2a: Scizor|Bullet Punch|p1b: Kingdra\n|-activate|p1b: Kingdra|move: Protect\n|move|p2b: Ludicolo|Scald|p1a: Conkeldurr\n|-damage|p1a: Conkeldurr|19\/100\n|-damage|p2b: Ludicolo|24\/100|[from] item: Life Orb\n|move|p1a: Conkeldurr|Rock Slide|p2b: Ludicolo|[spread] p2a,p2b\n|-damage|p2a: Scizor|0 fnt\n|-damage|p2b: Ludicolo|0 fnt\n|faint|p2a: Scizor\n|faint|p2b: Ludicolo\n|\n|-weather|RainDance|[upkeep]\n|-status|p1a: Conkeldurr|brn|[from] item: Flame Orb\n|upkeep\n|\n|t:|1699220939\n|switch|p2b: Kingdra|Kingdra, M|100\/100\n|switch|p2a: Maru|Raichu, F|1\/100\n|turn|5\n|\n|t:|1699220966\n|move|p2a: Maru|Fake Out|p1b: Kingdra\n|-damage|p1b: Kingdra|13\/100\n|move|p1a: Conkeldurr|Mach Punch|p2a: Maru\n|-damage|p2a: Maru|0 fnt\n|faint|p2a: Maru\n|cant|p1b: Kingdra|flinch\n|move|p2b: Kingdra|Surf|p1a: Conkeldurr|[spread] p1a,p1b\n|-resisted|p1b: Kingdra\n|-damage|p1a: Conkeldurr|0 fnt\n|-damage|p1b: Kingdra|0 fnt\n|faint|p1a: Conkeldurr\n|faint|p1b: Kingdra\n|\n|-weather|RainDance|[upkeep]\n|upkeep\n|\n|t:|1699221005\n|switch|p2a: Neptune|Vaporeon, M|100\/100\n|switch|p1b: Politoed|Politoed, F|100\/100\n|switch|p1a: Ferrothorn|Ferrothorn, M|100\/100\n|turn|6\n|\n|t:|1699221027\n|move|p1b: Politoed|Helping Hand|p1a: Ferrothorn\n|-singleturn|p1a: Ferrothorn|Helping Hand|[of] p1b: Politoed\n|move|p2b: Kingdra|Surf|p1a: Ferrothorn|[spread] p1a,p1b\n|-immune|p2a: Neptune|[from] ability: Water Absorb\n|-resisted|p1a: Ferrothorn\n|-resisted|p1b: Politoed\n|-damage|p1a: Ferrothorn|76\/100\n|-damage|p1b: Politoed|72\/100\n|move|p2a: Neptune|Ice Beam|p1a: Ferrothorn\n|-crit|p1a: Ferrothorn\n|-damage|p1a: Ferrothorn|41\/100\n|move|p1a: Ferrothorn|Gyro Ball|p2b: Kingdra\n|-resisted|p2b: Kingdra\n|-damage|p2b: Kingdra|52\/100\n|\n|-weather|RainDance|[upkeep]\n|-heal|p1a: Ferrothorn|47\/100|[from] item: Leftovers\n|upkeep\n|turn|7\n|\n|t:|1699221048\n|-terastallize|p2b: Kingdra|Water\n|move|p1b: Politoed|Protect|p1b: Politoed\n|-singleturn|p1b: Politoed|Protect\n|move|p1a: Ferrothorn|Protect|p1a: Ferrothorn\n|-singleturn|p1a: Ferrothorn|Protect\n|move|p2b: Kingdra|Surf|p1a: Ferrothorn|[spread] \n|-activate|p1a: Ferrothorn|move: Protect\n|-activate|p1b: Politoed|move: Protect\n|-immune|p2a: Neptune|[from] ability: Water Absorb\n|move|p2a: Neptune|Ice Beam|p1a: Ferrothorn\n|-activate|p1a: Ferrothorn|move: Protect\n|\n|-weather|RainDance|[upkeep]\n|-heal|p1a: Ferrothorn|53\/100|[from] item: Leftovers\n|upkeep\n|turn|8\n|\n|t:|1699221084\n|move|p2b: Kingdra|Surf|p1a: Ferrothorn|[spread] p1a,p1b\n|-immune|p2a: Neptune|[from] ability: Water Absorb\n|-resisted|p1a: Ferrothorn\n|-resisted|p1b: Politoed\n|-damage|p1a: Ferrothorn|20\/100\n|-damage|p1b: Politoed|37\/100\n|move|p1b: Politoed|Hydro Pump|p2b: Kingdra\n|-resisted|p2b: Kingdra\n|-damage|p2b: Kingdra|0 fnt\n|faint|p2b: Kingdra\n|move|p2a: Neptune|Ice Beam|p1a: Ferrothorn\n|-damage|p1a: Ferrothorn|0 fnt\n|faint|p1a: Ferrothorn\n|\n|-weather|none\n|upkeep\n|\n|t:|1699221096\n|switch|p2b: Politoed|Politoed, F|100\/100\n|-weather|RainDance|[from] ability: Drizzle|[of] p2b: Politoed\n|turn|9\n|\n|t:|1699221115\n|move|p2b: Politoed|Scald|p1b: Politoed\n|-resisted|p1b: Politoed\n|-damage|p1b: Politoed|14\/100\n|-status|p1b: Politoed|brn\n|move|p1b: Politoed|Hydro Pump|p2b: Politoed\n|-resisted|p2b: Politoed\n|-damage|p2b: Politoed|64\/100\n|move|p2a: Neptune|Muddy Water|p1b: Politoed\n|-resisted|p1b: Politoed\n|-damage|p1b: Politoed|0 fnt\n|faint|p1b: Politoed\n|\n|win|tcoNIGHTWOLF\n|raw|SchmooMaster's rating: 1093 &rarr; <strong>1072<\/strong><br \/>(-21 for losing)\n|raw|tcoNIGHTWOLF's rating: 1143 &rarr; <strong>1164<\/strong><br \/>(+21 for winning)\n|l|\u2606tcoNIGHTWOLF\n|c|\u2606SchmooMaster|gg\n","uploadtime":1699221134,"views":4,"p1id":"schmoomaster","p2id":"tconightwolf","formatid":"gen9nationaldexdoubles","rating":1072,"private":0,"password":""}