{"id":"gen9nationaldexdoubles-1999356443","p1":"BROCKISAROCK","p2":"cubzz","format":"[Gen 9] National Dex Doubles","log":"|j|\u2606BROCKISAROCK\n|j|\u2606cubzz\n|t:|1701065874\n|gametype|doubles\n|player|p1|BROCKISAROCK|brock|\n|player|p2|cubzz|pokekid|\n|teamsize|p1|6\n|teamsize|p2|6\n|gen|9\n|tier|[Gen 9] National Dex Doubles\n|rule|HP Percentage Mod: HP is shown in percentages\n|rule|Endless Battle Clause: Forcing endless battles is banned\n|rule|OHKO Clause: OHKO moves are banned\n|rule|Evasion Moves Clause: Evasion moves are banned\n|rule|Evasion Abilities Clause: Evasion abilities are banned\n|rule|Species Clause: Limit one of each Pok\u00e9mon\n|rule|Gravity Sleep Clause: The combination of sleep-inducing moves with imperfect accuracy and Gravity or Gigantamax Orbeetle are banned\n|rule|Item Clause: Limit one of each item\n|clearpoke\n|poke|p1|Dudunsparce-*, M|\n|poke|p1|Seismitoad, M|\n|poke|p1|Sharpedo, M|\n|poke|p1|Machamp, F|\n|poke|p1|Krookodile, F|\n|poke|p1|Sudowoodo, F|\n|poke|p2|Slowbro-Galar, F|\n|poke|p2|Dachsbun, M|\n|poke|p2|Toucannon, M|\n|poke|p2|Stoutland, F|\n|poke|p2|Unown-S|\n|poke|p2|Togedemaru, M|\n|teampreview|4\n|j| specner4\n|j| Whaleu\n|\n|t:|1701065900\n|start\n|switch|p1a: COACH|Machamp, F, shiny|100\/100\n|switch|p1b: GUPPY|Sharpedo, M|100\/100\n|switch|p2a: Slowguy|Slowbro-Galar, F|100\/100\n|switch|p2b: Known|Unown-S|100\/100\n|turn|1\n|\n|t:|1701065918\n|move|p1b: GUPPY|Flip Turn|p2a: Slowguy\n|-damage|p2a: Slowguy|70\/100\n|\n|t:|1701065924\n|switch|p1b: THE KING|Dudunsparce, M|100\/100|[from] Flip Turn\n|move|p1a: COACH|Rain Dance|p1a: COACH\n|-weather|RainDance\n|move|p2b: Known|Hidden Power|p1b: THE KING\n|-damage|p1b: THE KING|90\/100\n|move|p2a: Slowguy|Metronome|p2a: Slowguy\n|move|p2a: Slowguy|Glaive Rush|p1a: COACH|[from]move: Metronome\n|-damage|p1a: COACH|60\/100\n|-singlemove|p2a: Slowguy|Glaive Rush|[silent]\n|\n|-weather|RainDance|[upkeep]\n|upkeep\n|turn|2\n|\n|t:|1701065955\n|move|p1a: COACH|Helping Hand|p1b: THE KING\n|-singleturn|p1b: THE KING|Helping Hand|[of] p1a: COACH\n|move|p1b: THE KING|Boomburst|p2b: Known|[spread] p1a,p2a,p2b\n|-damage|p1a: COACH|11\/100\n|-damage|p2a: Slowguy|0 fnt\n|-damage|p2b: Known|0 fnt\n|faint|p2a: Slowguy\n|faint|p2b: Known\n|\n|-weather|RainDance|[upkeep]\n|upkeep\n|\n|t:|1701065966\n|switch|p2b: moomoos|Dachsbun, M|100\/100\n|switch|p2a: 2cannon Sam\u00ae|Toucannon, M|100\/100\n|turn|3\n|\n|t:|1701065977\n|move|p1a: COACH|Helping Hand|p1b: THE KING\n|-singleturn|p1b: THE KING|Helping Hand|[of] p1a: COACH\n|move|p2b: moomoos|Dig||[still]\n|-prepare|p2b: moomoos|Dig\n|move|p1b: THE KING|Boomburst|p2b: moomoos|[spread] p1a,p2a\n|-miss|p1b: THE KING|p2b: moomoos\n|-damage|p1a: COACH|0 fnt\n|-damage|p2a: 2cannon Sam\u00ae|44\/100\n|faint|p1a: COACH\n|move|p2a: 2cannon Sam\u00ae|Fly||[still]\n|-prepare|p2a: 2cannon Sam\u00ae|Fly\n|\n|-weather|RainDance|[upkeep]\n|upkeep\n|\n|t:|1701065989\n|switch|p1a: BARRIO|Seismitoad, M|100\/100\n|turn|4\n|\n|t:|1701066015\n|move|p1a: BARRIO|Protect|p1a: BARRIO\n|-singleturn|p1a: BARRIO|Protect\n|move|p2b: moomoos|Dig|p1a: BARRIO|[from]lockedmove\n|-activate|p1a: BARRIO|move: Protect\n|move|p1b: THE KING|Thunder|p2a: 2cannon Sam\u00ae\n|-supereffective|p2a: 2cannon Sam\u00ae\n|-damage|p2a: 2cannon Sam\u00ae|0 fnt\n|faint|p2a: 2cannon Sam\u00ae\n|\n|-weather|RainDance|[upkeep]\n|upkeep\n|turn|5\n|\n|t:|1701066040\n|move|p2b: moomoos|Baby-Doll Eyes|p1a: BARRIO\n|-unboost|p1a: BARRIO|atk|1\n|move|p1a: BARRIO|Scald|p2b: moomoos\n|-damage|p2b: moomoos|0 fnt\n|faint|p2b: moomoos\n|-damage|p1a: BARRIO|91\/100|[from] item: Life Orb\n|\n|win|BROCKISAROCK\n","uploadtime":1701066050,"views":2,"p1id":"brockisarock","p2id":"cubzz","formatid":"gen9nationaldexdoubles","rating":0,"private":0,"password":""}