{"id":"gen9nationaldexdoubles-1958622658","p1":"Clabeh","p2":"Bradeni","format":"[Gen 9] National Dex Doubles","log":"|j|\u2606Clabeh\n|j|\u2606Bradeni\n|t:|1696345816\n|gametype|doubles\n|player|p1|Clabeh|265|\n|player|p2|Bradeni|dawn|\n|teamsize|p1|6\n|teamsize|p2|6\n|gen|9\n|tier|[Gen 9] National Dex Doubles\n|rule|HP Percentage Mod: HP is shown in percentages\n|rule|Endless Battle Clause: Forcing endless battles is banned\n|rule|OHKO Clause: OHKO moves are banned\n|rule|Evasion Moves Clause: Evasion moves are banned\n|rule|Evasion Abilities Clause: Evasion abilities are banned\n|rule|Species Clause: Limit one of each Pok\u00e9mon\n|rule|Gravity Sleep Clause: The combination of sleep-inducing moves with imperfect accuracy and Gravity or Gigantamax Orbeetle are banned\n|clearpoke\n|poke|p1|Claydol|\n|poke|p1|Seismitoad, M|\n|poke|p1|Ninetales, F|\n|poke|p1|Tyranitar, F|\n|poke|p1|Venusaur, F|\n|poke|p1|Cinderace, M|\n|poke|p2|Seismitoad, M|\n|poke|p2|Spiritomb, F|\n|poke|p2|Togekiss, F|\n|poke|p2|Goodra-Hisui, M|\n|poke|p2|Cloyster, F|\n|poke|p2|Gardevoir, M|\n|teampreview\n|\n|t:|1696345842\n|start\n|switch|p1a: Claydol|Claydol|100\/100\n|switch|p1b: Tyranitar|Tyranitar, F|100\/100\n|switch|p2a: Brrrrr|Seismitoad, M|100\/100\n|switch|p2b: Cloyster|Cloyster, F, shiny|100\/100\n|-weather|Sandstorm|[from] ability: Sand Stream|[of] p1b: Tyranitar\n|turn|1\n|\n|t:|1696345882\n|move|p2b: Cloyster|Icicle Spear|p1a: Claydol\n|-supereffective|p1a: Claydol\n|-damage|p1a: Claydol|81\/100\n|-supereffective|p1a: Claydol\n|-damage|p1a: Claydol|62\/100\n|-supereffective|p1a: Claydol\n|-damage|p1a: Claydol|41\/100\n|-supereffective|p1a: Claydol\n|-damage|p1a: Claydol|23\/100\n|-supereffective|p1a: Claydol\n|-damage|p1a: Claydol|4\/100\n|-hitcount|p1a: Claydol|5\n|move|p2a: Brrrrr|Stealth Rock|p1a: Claydol\n|-sidestart|p1: Clabeh|move: Stealth Rock\n|move|p1a: Claydol|Iron Defense|p1a: Claydol\n|-boost|p1a: Claydol|def|2\n|move|p1b: Tyranitar|Thunder Punch|p2b: Cloyster\n|-supereffective|p2b: Cloyster\n|-damage|p2b: Cloyster|62\/100\n|\n|-weather|Sandstorm|[upkeep]\n|-damage|p2b: Cloyster|56\/100|[from] Sandstorm\n|-heal|p1a: Claydol|10\/100|[from] item: Leftovers\n|upkeep\n|turn|2\n|\n|t:|1696345938\n|move|p2b: Cloyster|Icicle Spear|p1a: Claydol\n|-supereffective|p1a: Claydol\n|-damage|p1a: Claydol|0 fnt\n|faint|p1a: Claydol\n|-hitcount|p1: Claydol|1\n|move|p2a: Brrrrr|Toxic|p1b: Tyranitar\n|-status|p1b: Tyranitar|tox\n|move|p1b: Tyranitar|Thunder Punch|p2b: Cloyster\n|-supereffective|p2b: Cloyster\n|-damage|p2b: Cloyster|18\/100\n|\n|-weather|Sandstorm|[upkeep]\n|-damage|p2b: Cloyster|12\/100|[from] Sandstorm\n|-damage|p1b: Tyranitar|94\/100 tox|[from] psn\n|upkeep\n|\n|t:|1696345952\n|switch|p1a: Seismitoad|Seismitoad, M|100\/100\n|-damage|p1a: Seismitoad|95\/100|[from] Stealth Rock\n|turn|3\n|\n|t:|1696345985\n|switch|p2b: MyExes|Spiritomb, F, shiny|100\/100\n|-item|p2b: MyExes|Air Balloon\n|move|p1a: Seismitoad|Earthquake|p2a: Brrrrr|[spread] p1b,p2a\n|-immune|p2b: MyExes\n|-supereffective|p1b: Tyranitar\n|-damage|p1b: Tyranitar|45\/100 tox\n|-damage|p2a: Brrrrr|77\/100\n|move|p2a: Brrrrr|Earthquake|p1b: Tyranitar|[spread] p1a,p1b\n|-immune|p2b: MyExes\n|-supereffective|p1b: Tyranitar\n|-damage|p1a: Seismitoad|63\/100\n|-damage|p1b: Tyranitar|5\/100 tox\n|move|p1b: Tyranitar|Crunch|p2a: Brrrrr\n|-damage|p2a: Brrrrr|52\/100\n|\n|-weather|Sandstorm|[upkeep]\n|-damage|p2b: MyExes|94\/100|[from] Sandstorm\n|-heal|p2a: Brrrrr|58\/100|[from] item: Leftovers\n|-damage|p1b: Tyranitar|0 fnt|[from] psn\n|faint|p1b: Tyranitar\n|upkeep\n|\n|t:|1696346008\n|switch|p1b: Cinderace|Cinderace, M|100\/100\n|-damage|p1b: Cinderace|76\/100|[from] Stealth Rock\n|turn|4\n|\n|t:|1696346028\n|move|p1b: Cinderace|Weather Ball|p2b: MyExes\n|-start|p1b: Cinderace|typechange|Rock|[from] ability: Libero\n|-damage|p2b: MyExes|46\/100\n|-enditem|p2b: MyExes|Air Balloon\n|move|p1a: Seismitoad|Liquidation|p2b: MyExes\n|-damage|p2b: MyExes|13\/100\n|move|p2a: Brrrrr|Earthquake|p1b: Cinderace|[spread] p2b,p1a,p1b\n|-supereffective|p1b: Cinderace\n|-damage|p2b: MyExes|0 fnt\n|-damage|p1a: Seismitoad|30\/100\n|-damage|p1b: Cinderace|2\/100\n|faint|p2b: MyExes\n|\n|-weather|Sandstorm|[upkeep]\n|-heal|p2a: Brrrrr|64\/100|[from] item: Leftovers\n|upkeep\n|\n|t:|1696346045\n|switch|p2b: LastResort|Togekiss, F, shiny|100\/100\n|turn|5\n|\n|t:|1696346054\n|move|p2b: LastResort|Metronome|p2b: LastResort\n|move|p2b: LastResort|Leech Life|p1b: Cinderace|[from]move: Metronome\n|-damage|p1b: Cinderace|0 fnt\n|faint|p1b: Cinderace\n|move|p1a: Seismitoad|Ice Punch|p2b: LastResort\n|-supereffective|p2b: LastResort\n|-damage|p2b: LastResort|53\/100\n|-status|p2b: LastResort|frz\n|move|p2a: Brrrrr|Earthquake|p1a: Seismitoad|[spread] p1a\n|-immune|p2b: LastResort\n|-damage|p1a: Seismitoad|0 fnt\n|faint|p1a: Seismitoad\n|\n|-weather|Sandstorm|[upkeep]\n|-damage|p2b: LastResort|47\/100 frz|[from] Sandstorm\n|-heal|p2a: Brrrrr|70\/100|[from] item: Leftovers\n|upkeep\n|\n|t:|1696346071\n|switch|p1b: Venusaur|Venusaur, F|100\/100\n|switch|p1a: Ninetales|Ninetales, F|100\/100\n|-damage|p1a: Ninetales|76\/100|[from] Stealth Rock\n|-weather|SunnyDay|[from] ability: Drought|[of] p1a: Ninetales\n|-damage|p1b: Venusaur|88\/100|[from] Stealth Rock\n|turn|6\n|\n|t:|1696346094\n|move|p1b: Venusaur|Seed Bomb|p2a: Brrrrr\n|-supereffective|p2a: Brrrrr\n|-damage|p2a: Brrrrr|0 fnt\n|faint|p2a: Brrrrr\n|cant|p2b: LastResort|frz\n|move|p1a: Ninetales|Hidden Power|p2b: LastResort\n|-supereffective|p2b: LastResort\n|-damage|p2b: LastResort|23\/100 frz\n|\n|-weather|SunnyDay|[upkeep]\n|-heal|p1b: Venusaur|94\/100|[from] item: Black Sludge\n|upkeep\n|\n|t:|1696346105\n|switch|p2a: Mother Dearest|Gardevoir, M, shiny|100\/100\n|-ability|p2a: Mother Dearest|Chlorophyll|[from] ability: Trace|[of] p1b: Venusaur\n|turn|7\n|\n|t:|1696346123\n|move|p1b: Venusaur|Seed Bomb|p2a: Mother Dearest\n|-damage|p2a: Mother Dearest|71\/100\n|-curestatus|p2b: LastResort|frz|[msg]\n|move|p2b: LastResort|Metronome|p2b: LastResort\n|move|p2b: LastResort|Tail Glow|p2b: LastResort|[from]move: Metronome\n|-boost|p2b: LastResort|spa|3\n|move|p2a: Mother Dearest|Mystical Fire|p1b: Venusaur\n|-supereffective|p1b: Venusaur\n|-damage|p1b: Venusaur|24\/100\n|-unboost|p1b: Venusaur|spa|1\n|move|p1a: Ninetales|Heat Wave|p2a: Mother Dearest|[spread] p2a\n|-miss|p1a: Ninetales|p2b: LastResort\n|-crit|p2a: Mother Dearest\n|-damage|p2a: Mother Dearest|14\/100\n|-enditem|p2a: Mother Dearest|Sitrus Berry|[eat]\n|-heal|p2a: Mother Dearest|39\/100|[from] item: Sitrus Berry\n|\n|-weather|SunnyDay|[upkeep]\n|-heal|p1b: Venusaur|30\/100|[from] item: Black Sludge\n|upkeep\n|turn|8\n|\n|t:|1696346167\n|move|p1b: Venusaur|Protect|p1b: Venusaur\n|-singleturn|p1b: Venusaur|Protect\n|move|p2b: LastResort|Metronome|p2b: LastResort\n|move|p2b: LastResort|Fiery Dance|p1b: Venusaur|[from]move: Metronome\n|-activate|p1b: Venusaur|move: Protect\n|move|p2a: Mother Dearest|Psyshock|p1b: Venusaur\n|-activate|p1b: Venusaur|move: Protect\n|move|p1a: Ninetales|Heat Wave|p2a: Mother Dearest|[spread] p2a,p2b\n|-damage|p2a: Mother Dearest|0 fnt\n|-damage|p2b: LastResort|0 fnt\n|faint|p2a: Mother Dearest\n|faint|p2b: LastResort\n|\n|-weather|SunnyDay|[upkeep]\n|-heal|p1b: Venusaur|36\/100|[from] item: Black Sludge\n|upkeep\n|\n|t:|1696346182\n|switch|p2b: Goodra|Goodra-Hisui, M, shiny|100\/100\n|switch|p2a: Cloyster|Cloyster, F, shiny|12\/100\n|turn|9\n|\n|t:|1696346200\n|move|p1b: Venusaur|Protect|p1b: Venusaur\n|-singleturn|p1b: Venusaur|Protect\n|move|p1a: Ninetales|Heat Wave|p2b: Goodra|[spread] p2a,p2b\n|-damage|p2a: Cloyster|0 fnt\n|-damage|p2b: Goodra|74\/100\n|faint|p2a: Cloyster\n|move|p2b: Goodra|Shelter|p2b: Goodra\n|-boost|p2b: Goodra|def|2\n|\n|-weather|SunnyDay|[upkeep]\n|-heal|p1b: Venusaur|42\/100|[from] item: Black Sludge\n|upkeep\n|turn|10\n|\n|t:|1696346227\n|move|p1b: Venusaur|Seed Bomb|p2b: Goodra\n|-ability|p2b: Goodra|Sap Sipper|boost\n|-boost|p2b: Goodra|atk|1\n|move|p1a: Ninetales|Disable|p2b: Goodra\n|-start|p2b: Goodra|Disable|Shelter\n|move|p2b: Goodra|Body Press|p1a: Ninetales\n|-crit|p1a: Ninetales\n|-damage|p1a: Ninetales|0 fnt\n|faint|p1a: Ninetales\n|\n|-weather|none\n|-heal|p1b: Venusaur|48\/100|[from] item: Black Sludge\n|upkeep\n|turn|11\n|\n|t:|1696346243\n|move|p1b: Venusaur|Earthquake|p2b: Goodra\n|-supereffective|p2b: Goodra\n|-damage|p2b: Goodra|53\/100\n|move|p2b: Goodra|Body Press|p1b: Venusaur\n|-resisted|p1b: Venusaur\n|-damage|p1b: Venusaur|12\/100\n|\n|-heal|p1b: Venusaur|18\/100|[from] item: Black Sludge\n|upkeep\n|turn|12\n|\n|t:|1696346253\n|move|p1b: Venusaur|Earthquake|p2b: Goodra\n|-supereffective|p2b: Goodra\n|-damage|p2b: Goodra|33\/100\n|move|p2b: Goodra|Body Press|p1b: Venusaur\n|-resisted|p1b: Venusaur\n|-damage|p1b: Venusaur|0 fnt\n|faint|p1b: Venusaur\n|\n|win|Bradeni\n","uploadtime":1696346264,"views":28,"p1id":"clabeh","p2id":"bradeni","formatid":"gen9nationaldexdoubles","rating":0,"private":0,"password":""}