{"id":"gen9nationaldexdoubles-1995518625","p1":"hunter14584","p2":"hunter14583","format":"[Gen 9] National Dex Doubles","log":"|j|\u2606hunter14584\n|j|\u2606hunter14583\n|t:|1700579194\n|gametype|doubles\n|player|p1|hunter14584|hilbert|\n|player|p2|hunter14583|hilbert|\n|teamsize|p1|6\n|teamsize|p2|6\n|gen|9\n|tier|[Gen 9] National Dex Doubles\n|rule|HP Percentage Mod: HP is shown in percentages\n|rule|Endless Battle Clause: Forcing endless battles is banned\n|rule|OHKO Clause: OHKO moves are banned\n|rule|Evasion Moves Clause: Evasion moves are banned\n|rule|Evasion Abilities Clause: Evasion abilities are banned\n|rule|Species Clause: Limit one of each Pok\u00e9mon\n|rule|Gravity Sleep Clause: The combination of sleep-inducing moves with imperfect accuracy and Gravity or Gigantamax Orbeetle are banned\n|clearpoke\n|poke|p1|Armaldo, M|\n|poke|p1|Aerodactyl, M|\n|poke|p1|Archeops, M|\n|poke|p1|Bastiodon, M|\n|poke|p1|Carracosta, M|\n|poke|p1|Dracozolt|\n|poke|p2|Kabutops, M|\n|poke|p2|Tyrantrum, M|\n|poke|p2|Aurorus, F|\n|poke|p2|Rampardos, M|\n|poke|p2|Omastar, M|\n|poke|p2|Dracovish|\n|teampreview\n|\n|t:|1700579213\n|start\n|switch|p1a: Carracosta|Carracosta, M|100\/100\n|switch|p1b: Archeops|Archeops, M|100\/100\n|switch|p2a: Rampardos|Rampardos, M|100\/100\n|switch|p2b: Dracovish|Dracovish|100\/100\n|-ability|p2a: Rampardos|Mold Breaker\n|turn|1\n|\n|t:|1700579255\n|move|p1b: Archeops|Iron Tail|p2b: Dracovish\n|-resisted|p2b: Dracovish\n|-damage|p2b: Dracovish|87\/100\n|-unboost|p2b: Dracovish|def|1\n|move|p2b: Dracovish|Fishious Rend|p1a: Carracosta\n|-damage|p1a: Carracosta|58\/100\n|move|p2a: Rampardos|Head Smash|p1b: Archeops\n|-supereffective|p1b: Archeops\n|-damage|p1b: Archeops|0 fnt\n|faint|p1b: Archeops\n|-damage|p2a: Rampardos|56\/100|[from] Recoil\n|move|p1a: Carracosta|Razor Shell|p2a: Rampardos\n|-supereffective|p2a: Rampardos\n|-damage|p2a: Rampardos|0 fnt\n|faint|p2a: Rampardos\n|\n|upkeep\n|\n|t:|1700579279\n|switch|p1b: Bastiodon|Bastiodon, M|100\/100\n|switch|p2a: Omastar|Omastar, M|100\/100\n|turn|2\n|\n|t:|1700579306\n|switch|p1b: Dracozolt|Dracozolt|100\/100\n|move|p2b: Dracovish|Fishious Rend|p1b: Dracozolt\n|-resisted|p1b: Dracozolt\n|-damage|p1b: Dracozolt|71\/100\n|move|p2a: Omastar|Meteor Beam||[still]\n|-prepare|p2a: Omastar|Meteor Beam\n|-boost|p2a: Omastar|spa|1\n|move|p1a: Carracosta|Razor Shell|p2a: Omastar\n|-damage|p2a: Omastar|77\/100\n|-unboost|p2a: Omastar|def|1\n|\n|upkeep\n|turn|3\n|\n|t:|1700579335\n|move|p1a: Carracosta|Protect|p1a: Carracosta\n|-singleturn|p1a: Carracosta|Protect\n|move|p1b: Dracozolt|Bolt Beak|p2b: Dracovish\n|-damage|p2b: Dracovish|0 fnt\n|faint|p2b: Dracovish\n|move|p2a: Omastar|Meteor Beam|p1a: Carracosta|[from]lockedmove\n|-activate|p1a: Carracosta|move: Protect\n|\n|upkeep\n|\n|t:|1700579348\n|switch|p2b: Kabutops|Kabutops, M|100\/100\n|turn|4\n|\n|t:|1700579380\n|move|p2b: Kabutops|Razor Shell|p1a: Carracosta\n|-damage|p1a: Carracosta|36\/100\n|-unboost|p1a: Carracosta|def|1\n|move|p1b: Dracozolt|Iron Tail|p2b: Kabutops\n|-damage|p2b: Kabutops|71\/100\n|-unboost|p2b: Kabutops|def|1\n|move|p2a: Omastar|Meteor Beam||[still]\n|-prepare|p2a: Omastar|Meteor Beam\n|-boost|p2a: Omastar|spa|1\n|move|p1a: Carracosta|Razor Shell|p2a: Omastar\n|-damage|p2a: Omastar|38\/100\n|-unboost|p2a: Omastar|def|1\n|\n|upkeep\n|turn|5\n|\n|t:|1700579428\n|move|p2b: Kabutops|Psycho Cut|p1a: Carracosta\n|-damage|p1a: Carracosta|12\/100\n|move|p1b: Dracozolt|Iron Tail|p2b: Kabutops\n|-damage|p2b: Kabutops|28\/100\n|move|p2a: Omastar|Meteor Beam|p1b: Dracozolt|[from]lockedmove\n|-damage|p1b: Dracozolt|0 fnt\n|faint|p1b: Dracozolt\n|move|p1a: Carracosta|Razor Shell|p2b: Kabutops\n|-damage|p2b: Kabutops|0 fnt\n|faint|p2b: Kabutops\n|\n|upkeep\n|\n|t:|1700579444\n|switch|p2b: Aurorus|Aurorus, F|100\/100\n|switch|p1b: Armaldo|Armaldo, M|100\/100\n|turn|6\n|\n|t:|1700579509\n|move|p2b: Aurorus|Zen Headbutt|p1b: Armaldo|[miss]\n|-miss|p2b: Aurorus|p1b: Armaldo\n|move|p2a: Omastar|Hydro Pump|p1a: Carracosta\n|-damage|p1a: Carracosta|0 fnt\n|faint|p1a: Carracosta\n|move|p1b: Armaldo|Aqua Tail|p2b: Aurorus\n|-supereffective|p2b: Aurorus\n|-damage|p2b: Aurorus|46\/100\n|\n|upkeep\n|\n|t:|1700579520\n|switch|p1a: Aerodactyl|Aerodactyl, M|100\/100\n|turn|7\n|\n|t:|1700579650\n|detailschange|p1a: Aerodactyl|Aerodactyl-Mega, M\n|-mega|p1a: Aerodactyl|Aerodactyl|Aerodactylite\n|move|p1a: Aerodactyl|Crunch|p2b: Aurorus\n|-damage|p2b: Aurorus|17\/100\n|move|p2b: Aurorus|Outrage|p1b: Armaldo\n|-damage|p1b: Armaldo|76\/100\n|move|p2a: Omastar|Hydro Pump|p1a: Aerodactyl\n|-supereffective|p1a: Aerodactyl\n|-damage|p1a: Aerodactyl|0 fnt\n|faint|p1a: Aerodactyl\n|move|p1b: Armaldo|Shadow Claw|p2a: Omastar\n|-damage|p2a: Omastar|5\/100\n|\n|upkeep\n|\n|t:|1700579666\n|switch|p1a: Bastiodon|Bastiodon, M|100\/100\n|turn|8\n|\n|t:|1700579692\n|move|p2b: Aurorus|Outrage|p1a: Bastiodon|[from]lockedmove\n|-resisted|p1a: Bastiodon\n|-damage|p1a: Bastiodon|92\/100\n|move|p2a: Omastar|Hydro Pump|p1a: Bastiodon|[miss]\n|-miss|p2a: Omastar|p1a: Bastiodon\n|move|p1b: Armaldo|Aqua Tail|p2b: Aurorus\n|-supereffective|p2b: Aurorus\n|-damage|p2b: Aurorus|0 fnt\n|faint|p2b: Aurorus\n|move|p1a: Bastiodon|Iron Head|p2a: Omastar\n|-damage|p2a: Omastar|0 fnt\n|faint|p2a: Omastar\n|\n|upkeep\n|\n|t:|1700579709\n|switch|p2a: Tyrantrum|Tyrantrum, M|100\/100\n|turn|9\n|\n|t:|1700579743\n|move|p2a: Tyrantrum|Draco Meteor|p1a: Bastiodon\n|-resisted|p1a: Bastiodon\n|-damage|p1a: Bastiodon|79\/100\n|-unboost|p2a: Tyrantrum|spa|2\n|move|p1b: Armaldo|Aqua Tail|p1a: Bastiodon\n|-supereffective|p1a: Bastiodon\n|-damage|p1a: Bastiodon|41\/100\n|move|p1a: Bastiodon|Iron Head|p1b: Armaldo\n|-supereffective|p1b: Armaldo\n|-damage|p1b: Armaldo|37\/100\n|\n|upkeep\n|turn|10\n|\n|t:|1700579771\n|move|p2a: Tyrantrum|Crunch|p1a: Bastiodon\n|-damage|p1a: Bastiodon|15\/100\n|move|p1b: Armaldo|Aqua Tail|p2a: Tyrantrum\n|-damage|p2a: Tyrantrum|78\/100\n|move|p1a: Bastiodon|Rest|p1a: Bastiodon\n|-status|p1a: Bastiodon|slp|[from] move: Rest\n|-heal|p1a: Bastiodon|100\/100 slp|[silent]\n|-enditem|p1a: Bastiodon|Chesto Berry|[eat]\n|-curestatus|p1a: Bastiodon|slp|[msg]\n|\n|upkeep\n|turn|11\n|\n|t:|1700579806\n|move|p2a: Tyrantrum|Crunch|p1b: Armaldo\n|-damage|p1b: Armaldo|2\/100\n|move|p1b: Armaldo|Shadow Claw|p2a: Tyrantrum\n|-damage|p2a: Tyrantrum|62\/100\n|move|p1a: Bastiodon|Iron Head|p2a: Tyrantrum\n|-supereffective|p2a: Tyrantrum\n|-damage|p2a: Tyrantrum|29\/100\n|\n|upkeep\n|turn|12\n|\n|t:|1700579837\n|move|p2a: Tyrantrum|Crunch|p1b: Armaldo\n|-damage|p1b: Armaldo|0 fnt\n|faint|p1b: Armaldo\n|move|p1a: Bastiodon|Iron Head|p1: Armaldo|[notarget]\n|-fail|p1a: Bastiodon\n|\n|upkeep\n|turn|13\n|\n|t:|1700579852\n|move|p2a: Tyrantrum|Draco Meteor|p1a: Bastiodon\n|-resisted|p1a: Bastiodon\n|-damage|p1a: Bastiodon|93\/100\n|-unboost|p2a: Tyrantrum|spa|2\n|move|p1a: Bastiodon|Fire Blast|p2a: Tyrantrum|[miss]\n|-miss|p1a: Bastiodon|p2a: Tyrantrum\n|\n|upkeep\n|turn|14\n|\n|t:|1700579873\n|-terastallize|p2a: Tyrantrum|Rock\n|-terastallize|p1a: Bastiodon|Rock\n|move|p2a: Tyrantrum|Ice Fang|p1a: Bastiodon\n|-damage|p1a: Bastiodon|72\/100\n|move|p1a: Bastiodon|Fire Blast|p2a: Tyrantrum|[miss]\n|-miss|p1a: Bastiodon|p2a: Tyrantrum\n|\n|upkeep\n|turn|15\n|\n|t:|1700579891\n|move|p2a: Tyrantrum|Draco Meteor|p1a: Bastiodon\n|-damage|p1a: Bastiodon|62\/100\n|-unboost|p2a: Tyrantrum|spa|2\n|move|p1a: Bastiodon|Fire Blast|p2a: Tyrantrum|[miss]\n|-miss|p1a: Bastiodon|p2a: Tyrantrum\n|\n|upkeep\n|turn|16\n|\n|t:|1700579904\n|move|p2a: Tyrantrum|Draco Meteor|p1a: Bastiodon\n|-damage|p1a: Bastiodon|53\/100\n|move|p1a: Bastiodon|Fire Blast|p2a: Tyrantrum\n|-resisted|p2a: Tyrantrum\n|-damage|p2a: Tyrantrum|19\/100\n|\n|upkeep\n|turn|17\n|\n|t:|1700579927\n|move|p2a: Tyrantrum|Ice Fang|p1a: Bastiodon\n|-damage|p1a: Bastiodon|35\/100\n|move|p1a: Bastiodon|Double-Edge|p1: Armaldo|[notarget]\n|-fail|p1a: Bastiodon\n|\n|upkeep\n|turn|18\n|\n|t:|1700579938\n|move|p2a: Tyrantrum|Psychic Fangs|p1a: Bastiodon\n|-damage|p1a: Bastiodon|9\/100\n|move|p1a: Bastiodon|Double-Edge|p2a: Tyrantrum\n|-resisted|p2a: Tyrantrum\n|-damage|p2a: Tyrantrum|11\/100\n|-damage|p1a: Bastiodon|6\/100|[from] Recoil\n|\n|upkeep\n|turn|19\n|\n|t:|1700579963\n|move|p2a: Tyrantrum|Ice Fang|p1a: Bastiodon\n|-damage|p1a: Bastiodon|0 fnt\n|faint|p1a: Bastiodon\n|\n|win|hunter14583\n|l|\u2606hunter14584\n","uploadtime":1700580002,"views":0,"p1id":"hunter14584","p2id":"hunter14583","formatid":"gen9nationaldexdoubles","rating":0,"private":0,"password":""}