{"id":"gen9nationaldexdoubles-1950642924","p1":"Kaick1478","p2":"TyroneTheCreator18","format":"[Gen 9] National Dex Doubles","log":"|j|\u2606Kaick1478\n|j|\u2606TyroneTheCreator18\n|t:|1695492567\n|gametype|doubles\n|player|p1|Kaick1478|cynthia-gen4|1143\n|player|p2|TyroneTheCreator18|hoopster|1256\n|teamsize|p1|6\n|teamsize|p2|6\n|gen|9\n|tier|[Gen 9] National Dex Doubles\n|rated|\n|rule|HP Percentage Mod: HP is shown in percentages\n|rule|Endless Battle Clause: Forcing endless battles is banned\n|rule|OHKO Clause: OHKO moves are banned\n|rule|Evasion Moves Clause: Evasion moves are banned\n|rule|Evasion Abilities Clause: Evasion abilities are banned\n|rule|Species Clause: Limit one of each Pok\u00e9mon\n|rule|Gravity Sleep Clause: The combination of sleep-inducing moves with imperfect accuracy and Gravity or Gigantamax Orbeetle are banned\n|clearpoke\n|poke|p1|Lucario, M|\n|poke|p1|Zeraora|\n|poke|p1|Clefable, F|\n|poke|p1|Greninja-*, M|\n|poke|p1|Grimmsnarl, M|\n|poke|p1|Smeargle, M|\n|poke|p2|Blacephalon|\n|poke|p2|Thundurus, M|\n|poke|p2|Torkoal, M|\n|poke|p2|Landorus-Therian, M|\n|poke|p2|Amoonguss, M|\n|poke|p2|Ceruledge, F|\n|teampreview\n|inactive|Battle timer is ON: inactive players will automatically lose when time's up. (requested by Kaick1478)\n|\n|t:|1695492575\n|start\n|switch|p1a: Grimmsnarl|Grimmsnarl, M|100\/100\n|switch|p1b: Lucario|Lucario, M|100\/100\n|switch|p2a: Ruined Gen5 Ou|Thundurus, M|100\/100\n|switch|p2b: ITS A BOY!|Blacephalon, shiny|100\/100\n|turn|1\n|\n|t:|1695492594\n|detailschange|p1b: Lucario|Lucario-Mega, M\n|-mega|p1b: Lucario|Lucario|Lucarionite\n|move|p1a: Grimmsnarl|Taunt|p1b: Lucario\n|-start|p1b: Lucario|move: Taunt\n|move|p1b: Lucario|Shadow Claw|p2b: ITS A BOY!\n|-supereffective|p2b: ITS A BOY!\n|-damage|p2b: ITS A BOY!|0 fnt\n|faint|p2b: ITS A BOY!\n|move|p2a: Ruined Gen5 Ou|Fling|p2: ITS A BOY!|[notarget]\n|-fail|p2a: Ruined Gen5 Ou\n|\n|upkeep\n|\n|t:|1695492610\n|switch|p2b: Mr.Lando|Landorus-Therian, M|100\/100\n|-ability|p2b: Mr.Lando|Intimidate|boost\n|-unboost|p1a: Grimmsnarl|atk|1\n|-unboost|p1b: Lucario|atk|1\n|turn|2\n|\n|t:|1695492627\n|move|p2a: Ruined Gen5 Ou|Thunder Wave|p1b: Lucario\n|-status|p1b: Lucario|par\n|move|p1a: Grimmsnarl|Reflect|p1a: Grimmsnarl\n|-sidestart|p1: Kaick1478|Reflect\n|move|p2b: Mr.Lando|Earthquake|p1b: Lucario|[spread] p1a,p1b\n|-immune|p2a: Ruined Gen5 Ou\n|-supereffective|p1b: Lucario\n|-damage|p1a: Grimmsnarl|66\/100\n|-damage|p1b: Lucario|18\/100 par\n|move|p1b: Lucario|Shadow Claw|p2b: Mr.Lando\n|-damage|p2b: Mr.Lando|86\/100\n|\n|upkeep\n|turn|3\n|\n|t:|1695492646\n|move|p2a: Ruined Gen5 Ou|Taunt|p1a: Grimmsnarl\n|-hint|Since gen 7, Dark is immune to Prankster moves.\n|-immune|p1a: Grimmsnarl\n|move|p1a: Grimmsnarl|Thunder Wave|p2a: Ruined Gen5 Ou|[miss]\n|-miss|p1a: Grimmsnarl|p2a: Ruined Gen5 Ou\n|move|p2b: Mr.Lando|Earthquake|p1b: Lucario|[spread] p1a,p1b\n|-immune|p2a: Ruined Gen5 Ou\n|-supereffective|p1b: Lucario\n|-damage|p1a: Grimmsnarl|34\/100\n|-damage|p1b: Lucario|0 fnt\n|faint|p1b: Lucario\n|\n|upkeep\n|\n|t:|1695492658\n|switch|p1b: Zeraora|Zeraora|100\/100\n|turn|4\n|c|\u2606TyroneTheCreator18|I\u2019m smart trust (no I\u2019m not)\n|\n|t:|1695492667\n|move|p1a: Grimmsnarl|Thunder Wave|p2a: Ruined Gen5 Ou|[miss]\n|-miss|p1a: Grimmsnarl|p2a: Ruined Gen5 Ou\n|move|p1b: Zeraora|Plasma Fists|p2a: Ruined Gen5 Ou\n|-damage|p2a: Ruined Gen5 Ou|17\/100\n|-fieldactivate|move: Ion Deluge\n|-hint|Normal-type moves become Electric-type after using Plasma Fists.\n|-enditem|p2a: Ruined Gen5 Ou|Salac Berry|[eat]\n|-boost|p2a: Ruined Gen5 Ou|spe|1|[from] item: Salac Berry\n|-damage|p1b: Zeraora|91\/100|[from] item: Life Orb\n|move|p2a: Ruined Gen5 Ou|Knock Off|p1b: Zeraora\n|-damage|p1b: Zeraora|70\/100\n|-enditem|p1b: Zeraora|Life Orb|[from] move: Knock Off|[of] p2a: Ruined Gen5 Ou\n|move|p2b: Mr.Lando|Earthquake|p1a: Grimmsnarl|[spread] p1a,p1b\n|-immune|p2a: Ruined Gen5 Ou\n|-supereffective|p1b: Zeraora\n|-damage|p1a: Grimmsnarl|4\/100\n|-damage|p1b: Zeraora|0 fnt\n|faint|p1b: Zeraora\n|\n|upkeep\n|\n|t:|1695492685\n|switch|p1b: Greninja|Greninja, M|100\/100\n|turn|5\n|c|\u2606TyroneTheCreator18|Also uh Tornadus is an electric type\n|\n|t:|1695492699\n|move|p1a: Grimmsnarl|Thunder Wave|p2a: Ruined Gen5 Ou\n|-immune|p2a: Ruined Gen5 Ou\n|move|p2a: Ruined Gen5 Ou|Knock Off|p1b: Greninja\n|-resisted|p1b: Greninja\n|-damage|p1b: Greninja|88\/100\n|-enditem|p1b: Greninja|Leftovers|[from] move: Knock Off|[of] p2a: Ruined Gen5 Ou\n|move|p1b: Greninja|Ice Beam|p2a: Ruined Gen5 Ou\n|-supereffective|p2a: Ruined Gen5 Ou\n|-damage|p2a: Ruined Gen5 Ou|0 fnt\n|faint|p2a: Ruined Gen5 Ou\n|-ability|p1b: Greninja|Battle Bond|boost\n|-boost|p1b: Greninja|atk|1\n|-boost|p1b: Greninja|spa|1\n|-boost|p1b: Greninja|spe|1\n|-activate|p1b: Greninja|ability: Battle Bond\n|move|p2b: Mr.Lando|U-turn|p1b: Greninja\n|-supereffective|p1b: Greninja\n|-damage|p1b: Greninja|28\/100\n|l|\u2606TyroneTheCreator18\n|inactive|TyroneTheCreator18 disconnected and has a minute to reconnect!\n|player|p2|\n|j|\u2606TyroneTheCreator18\n|inactive|TyroneTheCreator18 reconnected and has 115 seconds left.\n|player|p2|TyroneTheCreator18|hoopster\n|\n|t:|1695492738\n|switch|p2b: Amogus|Amoonguss, M|100\/100|[from] U-turn\n|\n|upkeep\n|\n|t:|1695492740\n|switch|p2a: Mr.Lando|Landorus-Therian, M|86\/100\n|-ability|p2a: Mr.Lando|Intimidate|boost\n|-unboost|p1a: Grimmsnarl|atk|1\n|-unboost|p1b: Greninja|atk|1\n|turn|6\n|\n|t:|1695492757\n|-terastallize|p2a: Mr.Lando|Steel\n|move|p1a: Grimmsnarl|Thunder Wave|p2b: Amogus\n|-status|p2b: Amogus|par\n|move|p1b: Greninja|Ice Beam|p2a: Mr.Lando\n|-resisted|p2a: Mr.Lando\n|-damage|p2a: Mr.Lando|60\/100\n|move|p2a: Mr.Lando|U-turn|p1b: Greninja\n|-supereffective|p1b: Greninja\n|-damage|p1b: Greninja|0 fnt\n|faint|p1b: Greninja\n|\n|t:|1695492766\n|switch|p2a: Giga Swordman|Ceruledge, F|100\/100|[from] U-turn\n|move|p2b: Amogus|Clear Smog|p1a: Grimmsnarl\n|-supereffective|p1a: Grimmsnarl\n|-damage|p1a: Grimmsnarl|0 fnt\n|-clearboost|p1a: Grimmsnarl\n|faint|p1a: Grimmsnarl\n|\n|upkeep\n|\n|t:|1695492775\n|switch|p1b: Clefable|Clefable, F|100\/100\n|switch|p1a: Smeargle|Smeargle, M|100\/100\n|turn|7\n|\n|t:|1695492785\n|move|p2a: Giga Swordman|Protect|p2a: Giga Swordman\n|-singleturn|p2a: Giga Swordman|Protect\n|move|p1b: Clefable|Follow Me|p1b: Clefable\n|-singleturn|p1b: Clefable|move: Follow Me\n|move|p1a: Smeargle|Spore|p2a: Giga Swordman\n|-activate|p2a: Giga Swordman|move: Protect\n|move|p2b: Amogus|Spore|p1b: Clefable\n|-status|p1b: Clefable|slp|[from] move: Spore\n|\n|-ability|p1a: Smeargle|Moody|boost\n|-boost|p1a: Smeargle|atk|2\n|-unboost|p1a: Smeargle|spe|1\n|upkeep\n|turn|8\n|\n|t:|1695492802\n|cant|p1b: Clefable|slp\n|move|p2a: Giga Swordman|Poison Jab|p1b: Clefable\n|-supereffective|p1b: Clefable\n|-damage|p1b: Clefable|65\/100 slp\n|move|p1a: Smeargle|Substitute|p1a: Smeargle\n|-start|p1a: Smeargle|Substitute\n|-damage|p1a: Smeargle|75\/100\n|move|p2b: Amogus|Spore||[still]\n|-fail|p2b: Amogus\n|\n|-heal|p1a: Smeargle|81\/100|[from] item: Leftovers\n|-heal|p1b: Clefable|71\/100 slp|[from] item: Leftovers\n|-ability|p1a: Smeargle|Moody|boost\n|-boost|p1a: Smeargle|spd|2\n|-unboost|p1a: Smeargle|atk|1\n|upkeep\n|turn|9\n|\n|t:|1695492817\n|cant|p1b: Clefable|slp\n|move|p2a: Giga Swordman|Bitter Blade|p1a: Smeargle\n|-end|p1a: Smeargle|Substitute\n|move|p1a: Smeargle|Shell Smash|p1a: Smeargle\n|-unboost|p1a: Smeargle|def|1\n|-unboost|p1a: Smeargle|spd|1\n|-boost|p1a: Smeargle|atk|2\n|-boost|p1a: Smeargle|spa|2\n|-boost|p1a: Smeargle|spe|2\n|move|p2b: Amogus|Clear Smog|p1a: Smeargle\n|-damage|p1a: Smeargle|57\/100\n|-clearboost|p1a: Smeargle\n|\n|-heal|p1a: Smeargle|63\/100|[from] item: Leftovers\n|-heal|p1b: Clefable|77\/100 slp|[from] item: Leftovers\n|-sideend|p1: Kaick1478|Reflect\n|-ability|p1a: Smeargle|Moody|boost\n|-boost|p1a: Smeargle|spe|2\n|-unboost|p1a: Smeargle|spd|1\n|upkeep\n|turn|10\n|c|\u2606TyroneTheCreator18|No ya dont\n|inactive|Kaick1478 has 120 seconds left.\n|c|\u2606TyroneTheCreator18|No moody for you goober\n|inactive|Kaick1478 has 90 seconds left.\n|inactive|Kaick1478 has 60 seconds left.\n|inactive|Kaick1478 has 30 seconds left.\n|inactive|Kaick1478 has 20 seconds left.\n|inactive|Kaick1478 has 15 seconds left.\n|c|\u2606TyroneTheCreator18|Timer stall\n|c|\u2606TyroneTheCreator18|Mid\n|inactive|Kaick1478 has 10 seconds left.\n|inactive|Kaick1478 has 5 seconds left.\n|-message|Kaick1478 lost due to inactivity.\n|\n|win|TyroneTheCreator18\n|raw|Kaick1478's rating: 1143 &rarr; <strong>1126<\/strong><br \/>(-17 for losing)\n|raw|TyroneTheCreator18's rating: 1256 &rarr; <strong>1273<\/strong><br \/>(+17 for winning)\n","uploadtime":1695492977,"views":4,"p1id":"kaick1478","p2id":"tyronethecreator18","formatid":"gen9nationaldexdoubles","rating":1126,"private":0,"password":""}