{"id":"gen9nationaldexdoubles-1970561826","p1":"Godspeed06","p2":"snowgust","format":"[Gen 9] National Dex Doubles","log":"|j|\u2606Godspeed06\n|j|\u2606snowgust\n|t:|1697648512\n|gametype|doubles\n|player|p1|Godspeed06|sabrina|1043\n|player|p2|snowgust|1|1173\n|teamsize|p1|6\n|teamsize|p2|6\n|gen|9\n|tier|[Gen 9] National Dex Doubles\n|rated|\n|rule|HP Percentage Mod: HP is shown in percentages\n|rule|Endless Battle Clause: Forcing endless battles is banned\n|rule|OHKO Clause: OHKO moves are banned\n|rule|Evasion Moves Clause: Evasion moves are banned\n|rule|Evasion Abilities Clause: Evasion abilities are banned\n|rule|Species Clause: Limit one of each Pok\u00e9mon\n|rule|Gravity Sleep Clause: The combination of sleep-inducing moves with imperfect accuracy and Gravity or Gigantamax Orbeetle are banned\n|clearpoke\n|poke|p1|Armarouge, M|\n|poke|p1|Tapu Lele|\n|poke|p1|Amoonguss, F|\n|poke|p1|Jirachi|\n|poke|p1|Sneasler, M|\n|poke|p1|Indeedee-F, F|\n|poke|p2|Dunsparce, M|\n|poke|p2|Dudunsparce-*, M|\n|poke|p2|Roaring Moon|\n|poke|p2|Sableye, F|\n|poke|p2|Blissey, F|\n|poke|p2|Dragonite, F|\n|teampreview\n|inactive|Battle timer is ON: inactive players will automatically lose when time's up. (requested by Godspeed06)\n|\n|t:|1697648519\n|start\n|switch|p1a: Jirachi|Jirachi, shiny|100\/100\n|switch|p1b: Indeedee|Indeedee-F, F|100\/100\n|switch|p2a: Dunsparce|Dunsparce, M|100\/100\n|switch|p2b: Sableye|Sableye, F, shiny|100\/100\n|-fieldstart|move: Psychic Terrain|[from] ability: Psychic Surge|[of] p1b: Indeedee\n|turn|1\n|\n|t:|1697648532\n|move|p1b: Indeedee|Follow Me|p1b: Indeedee\n|-singleturn|p1b: Indeedee|move: Follow Me\n|move|p2b: Sableye|Thunder Wave|p1b: Indeedee\n|-activate|p1b: Indeedee|move: Psychic Terrain\n|-zpower|p1a: Jirachi\n|move|p1a: Jirachi|Z-Happy Hour|p1a: Jirachi|[anim]Happy Hour\n|-boost|p1a: Jirachi|atk|1|[zeffect]\n|-boost|p1a: Jirachi|def|1|[zeffect]\n|-boost|p1a: Jirachi|spa|1|[zeffect]\n|-boost|p1a: Jirachi|spd|1|[zeffect]\n|-boost|p1a: Jirachi|spe|1|[zeffect]\n|move|p2a: Dunsparce|Rock Slide|p1a: Jirachi|[spread] p1a,p1b\n|-resisted|p1a: Jirachi\n|-crit|p1b: Indeedee\n|-damage|p1a: Jirachi|96\/100\n|-damage|p1b: Indeedee|64\/100\n|\n|upkeep\n|turn|2\n|\n|t:|1697648558\n|switch|p2b: Roaring Moon|Roaring Moon|100\/100\n|-enditem|p2b: Roaring Moon|Booster Energy\n|-activate|p2b: Roaring Moon|ability: Protosynthesis|[fromitem]\n|-start|p2b: Roaring Moon|protosynthesisatk\n|move|p1a: Jirachi|Flash Cannon|p2b: Roaring Moon\n|-damage|p2b: Roaring Moon|53\/100\n|move|p2a: Dunsparce|Rock Slide|p1b: Indeedee|[spread] p1a,p1b\n|-resisted|p1a: Jirachi\n|-damage|p1a: Jirachi|92\/100\n|-damage|p1b: Indeedee|42\/100\n|cant|p1b: Indeedee|flinch\n|\n|upkeep\n|turn|3\n|\n|t:|1697648580\n|move|p1b: Indeedee|Follow Me|p1b: Indeedee\n|-singleturn|p1b: Indeedee|move: Follow Me\n|move|p1a: Jirachi|Flash Cannon|p2b: Roaring Moon\n|-damage|p2b: Roaring Moon|0 fnt\n|faint|p2b: Roaring Moon\n|-end|p2b: Roaring Moon|Protosynthesis|[silent]\n|move|p2a: Dunsparce|Rock Slide|p1a: Jirachi|[spread] p1a,p1b\n|-resisted|p1a: Jirachi\n|-damage|p1a: Jirachi|87\/100\n|-damage|p1b: Indeedee|20\/100\n|\n|upkeep\n|\n|t:|1697648592\n|switch|p2b: Blissey|Blissey, F|100\/100\n|turn|4\n|\n|t:|1697648602\n|move|p1a: Jirachi|Expanding Force|p2a: Dunsparce|[spread] p2a,p2b\n|-damage|p2a: Dunsparce|0 fnt\n|-damage|p2b: Blissey|70\/100\n|faint|p2a: Dunsparce\n|move|p1b: Indeedee|Expanding Force|p2b: Blissey\n|-damage|p2b: Blissey|48\/100\n|move|p2b: Blissey|Thunder Wave|p1a: Jirachi\n|-status|p1a: Jirachi|par\n|\n|-heal|p2b: Blissey|54\/100|[from] item: Leftovers\n|upkeep\n|\n|t:|1697648613\n|switch|p2a: Dudunsparce|Dudunsparce, M|100\/100\n|turn|5\n|\n|t:|1697648627\n|move|p1b: Indeedee|Expanding Force|p2a: Dudunsparce|[spread] p2a,p2b\n|-crit|p2b: Blissey\n|-damage|p2a: Dudunsparce|47\/100\n|-damage|p2b: Blissey|25\/100\n|move|p1a: Jirachi|Expanding Force|p2b: Blissey|[spread] p2a,p2b\n|-damage|p2a: Dudunsparce|0 fnt\n|-damage|p2b: Blissey|0 fnt\n|faint|p2a: Dudunsparce\n|faint|p2b: Blissey\n|\n|upkeep\n|\n|t:|1697648634\n|switch|p2b: Sableye|Sableye, F, shiny|100\/100\n|switch|p2a: Dragonite|Dragonite, F|100\/100\n|turn|6\n|\n|t:|1697648648\n|move|p2b: Sableye|Gravity|p2b: Sableye\n|-fieldstart|move: Gravity\n|move|p1b: Indeedee|Expanding Force|p2a: Dragonite|[spread] p2a\n|-immune|p2b: Sableye\n|-damage|p2a: Dragonite|84\/100\n|cant|p1a: Jirachi|par\n|move|p2a: Dragonite|Dragon Dance|p2a: Dragonite\n|-boost|p2a: Dragonite|atk|1\n|-boost|p2a: Dragonite|spe|1\n|\n|-heal|p2a: Dragonite|90\/100|[from] item: Leftovers\n|upkeep\n|turn|7\n|\n|t:|1697648677\n|switch|p1b: Tapu Lele|Tapu Lele|100\/100\n|move|p2b: Sableye|Confuse Ray|p1a: Jirachi\n|-activate|p1a: Jirachi|move: Psychic Terrain\n|move|p2a: Dragonite|Dragon Dance|p2a: Dragonite\n|-boost|p2a: Dragonite|atk|1\n|-boost|p2a: Dragonite|spe|1\n|move|p1a: Jirachi|Flash Cannon|p2a: Dragonite\n|-damage|p2a: Dragonite|59\/100\n|\n|-heal|p2a: Dragonite|66\/100|[from] item: Leftovers\n|upkeep\n|turn|8\n|\n|t:|1697648706\n|move|p2b: Sableye|Thunder Wave|p1b: Tapu Lele\n|-activate|p1b: Tapu Lele|move: Psychic Terrain\n|move|p2a: Dragonite|Rock Slide|p1b: Tapu Lele|[spread] p1a,p1b\n|-resisted|p1a: Jirachi\n|-damage|p1a: Jirachi|75\/100 par\n|-damage|p1b: Tapu Lele|52\/100\n|move|p1b: Tapu Lele|Moonblast|p2a: Dragonite\n|-supereffective|p2a: Dragonite\n|-crit|p2a: Dragonite\n|-damage|p2a: Dragonite|0 fnt\n|faint|p2a: Dragonite\n|move|p1a: Jirachi|Expanding Force|p2b: Sableye\n|-immune|p2b: Sableye\n|\n|-fieldend|move: Psychic Terrain\n|upkeep\n|turn|9\n|-message|snowgust forfeited.\n|\n|win|Godspeed06\n|raw|Godspeed06's rating: 1043 &rarr; <strong>1089<\/strong><br \/>(+46 for winning)\n|raw|snowgust's rating: 1173 &rarr; <strong>1139<\/strong><br \/>(-34 for losing)\n|l|\u2606snowgust\n","uploadtime":1697648720,"views":12,"p1id":"godspeed06","p2id":"snowgust","formatid":"gen9nationaldexdoubles","rating":1089,"private":0,"password":""}