{"id":"gen9nationaldexdoubles-1983596320","p1":"ryanodacool","p2":"that guy2196843","format":"[Gen 9] National Dex Doubles","log":"|j|\u2606ryanodacool\n|j|\u2606that guy2196843\n|t:|1699147523\n|gametype|doubles\n|player|p1|ryanodacool|policeman-gen4|1075\n|player|p2|that guy2196843|2|1058\n|teamsize|p1|6\n|teamsize|p2|6\n|gen|9\n|tier|[Gen 9] National Dex Doubles\n|rated|\n|rule|HP Percentage Mod: HP is shown in percentages\n|rule|Endless Battle Clause: Forcing endless battles is banned\n|rule|OHKO Clause: OHKO moves are banned\n|rule|Evasion Moves Clause: Evasion moves are banned\n|rule|Evasion Abilities Clause: Evasion abilities are banned\n|rule|Species Clause: Limit one of each Pok\u00e9mon\n|rule|Gravity Sleep Clause: The combination of sleep-inducing moves with imperfect accuracy and Gravity or Gigantamax Orbeetle are banned\n|clearpoke\n|poke|p1|Ogerpon-Hearthflame, F|\n|poke|p1|Gholdengo|\n|poke|p1|Palafin, F|\n|poke|p1|Kommo-o, F|\n|poke|p1|Rillaboom, F|\n|poke|p1|Lucario, M|\n|poke|p2|Cloyster, M|\n|poke|p2|Basculegion, M|\n|poke|p2|Furret, F|\n|poke|p2|Garganacl, F|\n|poke|p2|Rabsca, M|\n|poke|p2|Salamence, F|\n|teampreview\n|inactive|Battle timer is ON: inactive players will automatically lose when time's up. (requested by that guy2196843)\n|inactive|that guy2196843 has 120 seconds left.\n|\n|t:|1699147574\n|start\n|switch|p1a: Lucario|Lucario, M|100\/100\n|switch|p1b: Rillaboom|Rillaboom, F|100\/100\n|switch|p2a: sally|Salamence, F|100\/100\n|switch|p2b: fleshlight|Cloyster, M|100\/100\n|-fieldstart|move: Grassy Terrain|[from] ability: Grassy Surge|[of] p1b: Rillaboom\n|-enditem|p1b: Rillaboom|Grassy Seed\n|-boost|p1b: Rillaboom|def|1|[from] item: Grassy Seed\n|turn|1\n|\n|t:|1699147595\n|detailschange|p1a: Lucario|Lucario-Mega, M\n|-mega|p1a: Lucario|Lucario|Lucarionite\n|move|p1a: Lucario|Bullet Punch|p2a: sally\n|-damage|p2a: sally|66\/100\n|move|p1b: Rillaboom|Grassy Glide|p2b: fleshlight\n|-supereffective|p2b: fleshlight\n|-damage|p2b: fleshlight|46\/100\n|move|p2a: sally|Dragon Dance|p2a: sally\n|-boost|p2a: sally|atk|1\n|-boost|p2a: sally|spe|1\n|move|p2b: fleshlight|Shell Smash|p2b: fleshlight\n|-unboost|p2b: fleshlight|def|1\n|-unboost|p2b: fleshlight|spd|1\n|-boost|p2b: fleshlight|atk|2\n|-boost|p2b: fleshlight|spa|2\n|-boost|p2b: fleshlight|spe|2\n|\n|-heal|p2b: fleshlight|52\/100|[from] Grassy Terrain\n|upkeep\n|turn|2\n|\n|t:|1699147621\n|move|p1b: Rillaboom|Grassy Glide|p2b: fleshlight\n|-supereffective|p2b: fleshlight\n|-damage|p2b: fleshlight|0 fnt\n|faint|p2b: fleshlight\n|move|p2a: sally|Earthquake|p1b: Rillaboom|[spread] p1a,p1b\n|-supereffective|p1a: Lucario\n|-resisted|p1b: Rillaboom\n|-damage|p1a: Lucario|56\/100\n|-damage|p1b: Rillaboom|95\/100\n|move|p1a: Lucario|Meteor Mash|p2a: sally\n|-damage|p2a: sally|0 fnt\n|faint|p2a: sally\n|\n|-heal|p1a: Lucario|62\/100|[from] Grassy Terrain\n|-heal|p1b: Rillaboom|100\/100|[from] Grassy Terrain\n|upkeep\n|\n|t:|1699147633\n|switch|p2a: Rabsca|Rabsca, M|100\/100\n|switch|p2b: Furret|Furret, F|100\/100\n|-item|p1a: Lucario|Lucarionite|[from] ability: Frisk|[of] p2b: Furret|[identify]\n|turn|3\n|\n|t:|1699147643\n|move|p2b: Furret|Follow Me|p2b: Furret\n|-singleturn|p2b: Furret|move: Follow Me\n|move|p1a: Lucario|Drain Punch|p2b: Furret\n|-supereffective|p2b: Furret\n|-damage|p2b: Furret|0 fnt\n|-heal|p1a: Lucario|100\/100|[from] drain|[of] p2b: Furret\n|faint|p2b: Furret\n|move|p1b: Rillaboom|Taunt|p2a: Rabsca\n|-start|p2a: Rabsca|move: Taunt\n|cant|p2a: Rabsca|move: Taunt|Revival Blessing\n|\n|upkeep\n|\n|t:|1699147654\n|switch|p2b: Garganacl|Garganacl, F|100\/100\n|turn|4\n|\n|t:|1699147681\n|move|p1a: Lucario|Aura Sphere|p2b: Garganacl\n|-supereffective|p2b: Garganacl\n|-damage|p2b: Garganacl|3\/100\n|move|p1b: Rillaboom|U-turn|p2a: Rabsca\n|-supereffective|p2a: Rabsca\n|-damage|p2a: Rabsca|58\/100\n|\n|t:|1699147688\n|switch|p1b: Palafin|Palafin, F|100\/100|[from] U-turn\n|move|p2a: Rabsca|Psychic|p1a: Lucario\n|-damage|p1a: Lucario|59\/100\n|move|p2b: Garganacl|Explosion|p1b: Palafin|[spread] p1a,p1b\n|-activate|p2a: Rabsca|ability: Telepathy\n|-resisted|p1a: Lucario\n|-damage|p1a: Lucario|11\/100\n|-damage|p1b: Palafin|9\/100\n|faint|p2b: Garganacl\n|\n|-heal|p1a: Lucario|17\/100|[from] Grassy Terrain\n|-heal|p1b: Palafin|15\/100|[from] Grassy Terrain\n|-heal|p2a: Rabsca|64\/100|[from] Grassy Terrain\n|upkeep\n|\n|t:|1699147698\n|switch|p2b: ghastly|Basculegion, M|100\/100\n|turn|5\n|\n|t:|1699147710\n|-terastallize|p2b: ghastly|Ghost\n|move|p1a: Lucario|Bullet Punch|p2b: ghastly\n|-damage|p2b: ghastly|68\/100\n|move|p2b: ghastly|Last Respects|p1a: Lucario\n|-damage|p1a: Lucario|0 fnt\n|faint|p1a: Lucario\n|move|p1b: Palafin|Flip Turn|p2a: Rabsca\n|-damage|p2a: Rabsca|31\/100\n|\n|t:|1699147717\n|detailschange|p1b: Palafin|Palafin-Hero, F\n|switch|p1b: Rillaboom|Rillaboom, F|100\/100|[from] Flip Turn\n|move|p2a: Rabsca|Psychic|p1b: Rillaboom\n|-damage|p1b: Rillaboom|65\/100\n|\n|-heal|p2b: ghastly|75\/100|[from] Grassy Terrain\n|-heal|p1b: Rillaboom|71\/100|[from] Grassy Terrain\n|-heal|p2a: Rabsca|38\/100|[from] Grassy Terrain\n|-end|p2a: Rabsca|move: Taunt\n|-fieldend|move: Grassy Terrain\n|upkeep\n|\n|t:|1699147721\n|switch|p1a: Ogerpon|Ogerpon-Hearthflame, F|100\/100\n|-ability|p1a: Ogerpon|Mold Breaker\n|turn|6\n|\n|t:|1699147730\n|-terastallize|p1a: Ogerpon|Fire\n|detailschange|p1a: Ogerpon|Ogerpon-Hearthflame-Tera, F, tera:Fire\n|-ability|p1a: Ogerpon|Embody Aspect (Hearthflame)|boost\n|-boost|p1a: Ogerpon|atk|1\n|move|p2b: ghastly|Last Respects|p1a: Ogerpon\n|-damage|p1a: Ogerpon|0 fnt\n|faint|p1a: Ogerpon\n|move|p1b: Rillaboom|Drum Beating|p2a: Rabsca\n|-resisted|p2a: Rabsca\n|-damage|p2a: Rabsca|17\/100\n|-unboost|p2a: Rabsca|spe|1\n|move|p2a: Rabsca|Revival Blessing|p2a: Rabsca\n|-enditem|p2a: Rabsca|Leppa Berry|[eat]\n|-activate|p2a: Rabsca|item: Leppa Berry|Revival Blessing|[consumed]\n|\n|t:|1699147739\n|-heal|p2: fleshlight|50\/100|[from] move: Revival Blessing\n|\n|upkeep\n|\n|t:|1699147743\n|switch|p1a: Gholdengo|Gholdengo|100\/100\n|-item|p1a: Gholdengo|Air Balloon\n|turn|7\n|\n|t:|1699147757\n|move|p2b: ghastly|Last Respects|p1a: Gholdengo\n|-supereffective|p1a: Gholdengo\n|-damage|p1a: Gholdengo|0 fnt\n|-enditem|p1a: Gholdengo|Air Balloon\n|faint|p1a: Gholdengo\n|move|p1b: Rillaboom|Grassy Glide|p2b: ghastly\n|-damage|p2b: ghastly|45\/100\n|move|p2a: Rabsca|Revival Blessing|p2a: Rabsca\n|\n|t:|1699147763\n|-heal|p2: Furret|50\/100|[from] move: Revival Blessing\n|\n|upkeep\n|\n|t:|1699147765\n|switch|p1a: Kommo-o|Kommo-o, F|100\/100\n|turn|8\n|\n|t:|1699147773\n|switch|p2a: Furret|Furret, F|50\/100\n|-item|p1a: Kommo-o|Throat Spray|[from] ability: Frisk|[of] p2a: Furret|[identify]\n|move|p2b: ghastly|Last Respects|p1a: Kommo-o\n|-damage|p1a: Kommo-o|0 fnt\n|faint|p1a: Kommo-o\n|move|p1b: Rillaboom|Drum Beating|p2b: ghastly\n|-damage|p2b: ghastly|4\/100\n|-unboost|p2b: ghastly|spe|1\n|\n|upkeep\n|\n|t:|1699147783\n|switch|p1a: Palafin|Palafin-Hero, F|15\/100\n|-activate|p1a: Palafin|ability: Zero to Hero\n|turn|9\n|\n|t:|1699147790\n|move|p2a: Furret|Follow Me|p2a: Furret\n|-singleturn|p2a: Furret|move: Follow Me\n|move|p1a: Palafin|Jet Punch|p2a: Furret\n|-damage|p2a: Furret|0 fnt\n|faint|p2a: Furret\n|move|p2b: ghastly|Last Respects|p1a: Palafin\n|-damage|p1a: Palafin|0 fnt\n|faint|p1a: Palafin\n|move|p1b: Rillaboom|Drum Beating|p2b: ghastly\n|-damage|p2b: ghastly|0 fnt\n|faint|p2b: ghastly\n|\n|upkeep\n|\n|t:|1699147798\n|switch|p2b: Rabsca|Rabsca, M|17\/100\n|switch|p2a: fleshlight|Cloyster, M|50\/100\n|turn|10\n|\n|t:|1699147808\n|move|p2a: fleshlight|Icicle Spear|p1b: Rillaboom\n|-supereffective|p1b: Rillaboom\n|-damage|p1b: Rillaboom|55\/100\n|-supereffective|p1b: Rillaboom\n|-damage|p1b: Rillaboom|37\/100\n|-supereffective|p1b: Rillaboom\n|-damage|p1b: Rillaboom|21\/100\n|-supereffective|p1b: Rillaboom\n|-damage|p1b: Rillaboom|1\/100\n|-supereffective|p1b: Rillaboom\n|-damage|p1b: Rillaboom|0 fnt\n|faint|p1b: Rillaboom\n|-hitcount|p1: Rillaboom|5\n|\n|win|that guy2196843\n|raw|ryanodacool's rating: 1075 &rarr; <strong>1053<\/strong><br \/>(-22 for losing)\n|raw|that guy2196843's rating: 1058 &rarr; <strong>1091<\/strong><br \/>(+33 for winning)\n|l|\u2606ryanodacool\n|c|\u2606that guy2196843|gg\n","uploadtime":1699147830,"views":9,"p1id":"ryanodacool","p2id":"thatguy2196843","formatid":"gen9nationaldexdoubles","rating":1053,"private":0,"password":""}