{"id":"gen9nationaldexdoubles-1954140242","p1":"pot rocks","p2":"66tyyt","format":"[Gen 9] National Dex Doubles","log":"|j|\u2606pot rocks\n|j|\u260666tyyt\n|t:|1695857904\n|gametype|doubles\n|player|p1|pot rocks|fisherman-gen4|1107\n|player|p2|66tyyt|2|1000\n|teamsize|p1|6\n|teamsize|p2|5\n|gen|9\n|tier|[Gen 9] National Dex Doubles\n|rated|\n|rule|HP Percentage Mod: HP is shown in percentages\n|rule|Endless Battle Clause: Forcing endless battles is banned\n|rule|OHKO Clause: OHKO moves are banned\n|rule|Evasion Moves Clause: Evasion moves are banned\n|rule|Evasion Abilities Clause: Evasion abilities are banned\n|rule|Species Clause: Limit one of each Pok\u00e9mon\n|rule|Gravity Sleep Clause: The combination of sleep-inducing moves with imperfect accuracy and Gravity or Gigantamax Orbeetle are banned\n|clearpoke\n|poke|p1|Ambipom, M|\n|poke|p1|Jolteon, F|\n|poke|p1|Absol, M|\n|poke|p1|Tauros, M|\n|poke|p1|Pidove, M|\n|poke|p1|Weezing-Galar, F|\n|poke|p2|Cinderace, F|\n|poke|p2|Inteleon, M|\n|poke|p2|Diancie|\n|poke|p2|Jirachi|\n|poke|p2|Slaking, M|\n|teampreview\n|inactive|Battle timer is ON: inactive players will automatically lose when time's up. (requested by pot rocks)\n|\n|t:|1695857914\n|start\n|switch|p1a: Jolteon|Jolteon, F|100\/100\n|switch|p1b: Ambipom|Ambipom, M|100\/100\n|switch|p2a: Cinderace|Cinderace, F|100\/100\n|switch|p2b: Inteleon|Inteleon, M|100\/100\n|turn|1\n|\n|t:|1695857926\n|move|p1b: Ambipom|Fake Out|p2b: Inteleon\n|-damage|p2b: Inteleon|58\/100\n|move|p2a: Cinderace|Fire Pledge|p1b: Ambipom\n|-waiting|p2a: Cinderace|p2b: Inteleon\n|cant|p2b: Inteleon|flinch\n|move|p1a: Jolteon|Thunderbolt|p2b: Inteleon\n|-supereffective|p2b: Inteleon\n|-damage|p2b: Inteleon|0 fnt\n|faint|p2b: Inteleon\n|\n|upkeep\n|\n|t:|1695857936\n|switch|p2b: Diancie|Diancie|100\/100\n|turn|2\n|\n|t:|1695857943\n|-terastallize|p1a: Jolteon|Grass\n|move|p2a: Cinderace|Fire Pledge|p1b: Ambipom\n|-damage|p1b: Ambipom|68\/100\n|move|p1a: Jolteon|Tera Blast|p2b: Diancie|[anim] Tera Blast Grass\n|-supereffective|p2b: Diancie\n|-damage|p2b: Diancie|27\/100\n|move|p1b: Ambipom|Smack Down|p2a: Cinderace\n|-supereffective|p2a: Cinderace\n|-damage|p2a: Cinderace|46\/100\n|move|p2b: Diancie|Diamond Storm|p1a: Jolteon|[spread] p1b\n|-miss|p2b: Diancie|p1a: Jolteon\n|-damage|p1b: Ambipom|19\/100\n|\n|upkeep\n|turn|3\n|\n|t:|1695857965\n|move|p2a: Cinderace|Fire Pledge|p1a: Jolteon\n|-supereffective|p1a: Jolteon\n|-damage|p1a: Jolteon|44\/100\n|move|p1a: Jolteon|Tera Blast|p2b: Diancie|[anim] Tera Blast Grass\n|-supereffective|p2b: Diancie\n|-damage|p2b: Diancie|0 fnt\n|faint|p2b: Diancie\n|move|p1b: Ambipom|Smack Down|p2a: Cinderace\n|-supereffective|p2a: Cinderace\n|-damage|p2a: Cinderace|0 fnt\n|faint|p2a: Cinderace\n|\n|upkeep\n|\n|t:|1695857977\n|switch|p2a: Jirachi|Jirachi|100\/100\n|switch|p2b: Slaking|Slaking, M|100\/100\n|turn|4\n|\n|t:|1695857994\n|move|p1a: Jolteon|Tera Blast|p2b: Slaking|[anim] Tera Blast Grass\n|-damage|p2b: Slaking|65\/100\n|move|p1b: Ambipom|Smack Down|p2a: Jirachi\n|-resisted|p2a: Jirachi\n|-damage|p2a: Jirachi|90\/100\n|move|p2a: Jirachi|Expanding Force|p1b: Ambipom\n|-damage|p1b: Ambipom|0 fnt\n|faint|p1b: Ambipom\n|move|p2b: Slaking|Earthquake|p1a: Jolteon|[spread] p2a,p1a\n|-supereffective|p2a: Jirachi\n|-resisted|p1a: Jolteon\n|-damage|p2a: Jirachi|25\/100\n|-damage|p1a: Jolteon|9\/100\n|-damage|p2b: Slaking|55\/100|[from] item: Life Orb\n|\n|upkeep\n|\n|t:|1695858011\n|switch|p1b: Absol|Absol, M|100\/100\n|turn|5\n|\n|t:|1695858040\n|move|p1a: Jolteon|Thunderbolt|p2a: Jirachi\n|-damage|p2a: Jirachi|0 fnt\n|faint|p2a: Jirachi\n|move|p1b: Absol|Superpower|p2b: Slaking\n|-supereffective|p2b: Slaking\n|-crit|p2b: Slaking\n|-damage|p2b: Slaking|0 fnt\n|-unboost|p1b: Absol|atk|1\n|-unboost|p1b: Absol|def|1\n|faint|p2b: Slaking\n|\n|win|pot rocks\n|raw|pot rocks's rating: 1107 &rarr; <strong>1125<\/strong><br \/>(+18 for winning)\n|raw|66tyyt's rating: 1000 &rarr; <strong>1000<\/strong><br \/>(+0 for losing)\n|l|\u260666tyyt\n","uploadtime":1695858054,"views":10,"p1id":"potrocks","p2id":"66tyyt","formatid":"gen9nationaldexdoubles","rating":1000,"private":0,"password":""}