{"id":"gen9nationaldexdoubles-1950030633","p1":"FilVet","p2":"nisse1ey","format":"[Gen 9] National Dex Doubles","log":"|j|\u2606FilVet\n|j|\u2606nisse1ey\n|t:|1695418968\n|gametype|doubles\n|player|p1|FilVet|doctor|1102\n|player|p2|nisse1ey|lance|1207\n|teamsize|p1|6\n|teamsize|p2|6\n|gen|9\n|tier|[Gen 9] National Dex Doubles\n|rated|\n|rule|HP Percentage Mod: HP is shown in percentages\n|rule|Endless Battle Clause: Forcing endless battles is banned\n|rule|OHKO Clause: OHKO moves are banned\n|rule|Evasion Moves Clause: Evasion moves are banned\n|rule|Evasion Abilities Clause: Evasion abilities are banned\n|rule|Species Clause: Limit one of each Pok\u00e9mon\n|rule|Gravity Sleep Clause: The combination of sleep-inducing moves with imperfect accuracy and Gravity or Gigantamax Orbeetle are banned\n|clearpoke\n|poke|p1|Claydol|\n|poke|p1|Ursaluna, F|\n|poke|p1|Espeon, F|\n|poke|p1|Indeedee-F, F|\n|poke|p1|Slowbro, F|\n|poke|p1|Volcarona, F|\n|poke|p2|Torkoal, M|\n|poke|p2|Roaring Moon|\n|poke|p2|Arcanine, M|\n|poke|p2|Gholdengo|\n|poke|p2|Iron Hands|\n|poke|p2|Appletun, F|\n|teampreview\n|inactive|Battle timer is ON: inactive players will automatically lose when time's up. (requested by FilVet)\n|\n|t:|1695418975\n|start\n|switch|p1a: Ursaluna|Ursaluna, F, shiny|100\/100\n|switch|p1b: Claydol|Claydol|100\/100\n|switch|p2a: Torkoal|Torkoal, M|100\/100\n|switch|p2b: Roaring Moon|Roaring Moon|100\/100\n|-weather|SunnyDay|[from] ability: Drought|[of] p2a: Torkoal\n|-activate|p2b: Roaring Moon|ability: Protosynthesis\n|-start|p2b: Roaring Moon|protosynthesisspe\n|turn|1\n|c|\u2606FilVet|GLHF :D\n|\n|t:|1695418999\n|move|p2b: Roaring Moon|Throat Chop|p1b: Claydol\n|-supereffective|p1b: Claydol\n|-damage|p1b: Claydol|0 fnt\n|faint|p1b: Claydol\n|-damage|p2b: Roaring Moon|90\/100|[from] item: Life Orb\n|move|p1a: Ursaluna|Drain Punch|p2b: Roaring Moon\n|-supereffective|p2b: Roaring Moon\n|-damage|p2b: Roaring Moon|18\/100\n|move|p2a: Torkoal|Eruption|p1a: Ursaluna\n|-damage|p1a: Ursaluna|39\/100\n|\n|-weather|SunnyDay|[upkeep]\n|-status|p1a: Ursaluna|brn|[from] item: Flame Orb\n|upkeep\n|inactive|FilVet has 120 seconds left.\n|\n|t:|1695419028\n|switch|p1b: Espeon|Espeon, F|100\/100\n|turn|2\n|\n|t:|1695419042\n|move|p2b: Roaring Moon|Throat Chop|p1b: Espeon\n|-supereffective|p1b: Espeon\n|-damage|p1b: Espeon|0 fnt\n|faint|p1b: Espeon\n|-damage|p2b: Roaring Moon|8\/100|[from] item: Life Orb\n|move|p1a: Ursaluna|Facade|p2a: Torkoal\n|-damage|p2a: Torkoal|32\/100\n|move|p2a: Torkoal|Eruption|p1a: Ursaluna\n|-damage|p1a: Ursaluna|21\/100 brn\n|\n|-weather|SunnyDay|[upkeep]\n|-heal|p2a: Torkoal|39\/100|[from] item: Leftovers\n|-damage|p1a: Ursaluna|15\/100 brn|[from] brn\n|upkeep\n|inactive|FilVet has 120 seconds left.\n|\n|t:|1695419058\n|switch|p1b: Slowbro|Slowbro, F|100\/100\n|turn|3\n|\n|t:|1695419066\n|move|p2a: Torkoal|Protect|p2a: Torkoal\n|-singleturn|p2a: Torkoal|Protect\n|move|p2b: Roaring Moon|Throat Chop|p1a: Ursaluna\n|-damage|p1a: Ursaluna|0 fnt\n|faint|p1a: Ursaluna\n|-damage|p2b: Roaring Moon|0 fnt|[from] item: Life Orb\n|faint|p2b: Roaring Moon\n|-end|p2b: Roaring Moon|Protosynthesis|[silent]\n|move|p1b: Slowbro|Slack Off||[still]\n|-fail|p1b: Slowbro|heal\n|\n|-weather|SunnyDay|[upkeep]\n|-heal|p2a: Torkoal|45\/100|[from] item: Leftovers\n|upkeep\n|\n|t:|1695419084\n|switch|p2b: Appletun|Appletun, F|100\/100\n|switch|p1a: Volcarona|Volcarona, F, shiny|100\/100\n|turn|4\n|\n|t:|1695419099\n|move|p1a: Volcarona|Quiver Dance|p1a: Volcarona\n|-boost|p1a: Volcarona|spa|1\n|-boost|p1a: Volcarona|spd|1\n|-boost|p1a: Volcarona|spe|1\n|move|p2b: Appletun|Apple Acid|p1b: Slowbro\n|-supereffective|p1b: Slowbro\n|-damage|p1b: Slowbro|38\/100\n|-unboost|p1b: Slowbro|spd|1\n|move|p2a: Torkoal|Yawn|p1a: Volcarona\n|-start|p1a: Volcarona|move: Yawn|[of] p2a: Torkoal\n|move|p1b: Slowbro|Reflect|p1b: Slowbro\n|-sidestart|p1: FilVet|Reflect\n|\n|-weather|SunnyDay|[upkeep]\n|-heal|p2a: Torkoal|51\/100|[from] item: Leftovers\n|upkeep\n|turn|5\n|\n|t:|1695419125\n|move|p2a: Torkoal|Protect|p2a: Torkoal\n|-singleturn|p2a: Torkoal|Protect\n|move|p1a: Volcarona|Bug Buzz|p2b: Appletun\n|-supereffective|p2b: Appletun\n|-crit|p2b: Appletun\n|-damage|p2b: Appletun|0 fnt\n|faint|p2b: Appletun\n|move|p1b: Slowbro|Slack Off|p1b: Slowbro\n|-heal|p1b: Slowbro|88\/100\n|\n|-weather|none\n|-heal|p2a: Torkoal|57\/100|[from] item: Leftovers\n|-end|p1a: Volcarona|move: Yawn|[silent]\n|-status|p1a: Volcarona|slp\n|upkeep\n|\n|t:|1695419142\n|switch|p2b: Arcanine|Arcanine, M|100\/100\n|-ability|p2b: Arcanine|Intimidate|boost\n|-unboost|p1a: Volcarona|atk|1\n|-unboost|p1b: Slowbro|atk|1\n|turn|6\n|\n|t:|1695419164\n|switch|p2a: Gholdengo|Gholdengo|100\/100\n|switch|p1b: Indeedee|Indeedee-F, F|100\/100\n|-fieldstart|move: Psychic Terrain|[from] ability: Psychic Surge|[of] p1b: Indeedee\n|-enditem|p1b: Indeedee|Psychic Seed\n|-boost|p1b: Indeedee|spd|1|[from] item: Psychic Seed\n|cant|p1a: Volcarona|slp\n|move|p2b: Arcanine|Flare Blitz|p1a: Volcarona\n|-damage|p1a: Volcarona|41\/100 slp\n|-damage|p2b: Arcanine|81\/100|[from] Recoil\n|\n|upkeep\n|turn|7\n|\n|t:|1695419185\n|move|p1b: Indeedee|Follow Me|p1b: Indeedee\n|-singleturn|p1b: Indeedee|move: Follow Me\n|-curestatus|p1a: Volcarona|slp|[msg]\n|move|p1a: Volcarona|Heat Wave|p2a: Gholdengo|[spread] p2a,p2b\n|-supereffective|p2a: Gholdengo\n|-resisted|p2b: Arcanine\n|-damage|p2a: Gholdengo|0 fnt\n|-damage|p2b: Arcanine|39\/100\n|faint|p2a: Gholdengo\n|move|p2b: Arcanine|Flare Blitz|p1b: Indeedee\n|-damage|p1b: Indeedee|51\/100\n|-damage|p2b: Arcanine|25\/100|[from] Recoil\n|\n|upkeep\n|\n|t:|1695419199\n|switch|p2a: Iron Hands|Iron Hands|100\/100\n|-enditem|p2a: Iron Hands|Booster Energy\n|-activate|p2a: Iron Hands|ability: Quark Drive|[fromitem]\n|-start|p2a: Iron Hands|quarkdriveatk\n|turn|8\n|\n|t:|1695419209\n|move|p2a: Iron Hands|Fake Out|p1a: Volcarona\n|-activate|p1a: Volcarona|move: Psychic Terrain\n|move|p1b: Indeedee|Follow Me|p1b: Indeedee\n|-singleturn|p1b: Indeedee|move: Follow Me\n|move|p1a: Volcarona|Heat Wave|p2a: Iron Hands|[spread] p2a,p2b\n|-resisted|p2b: Arcanine\n|-damage|p2a: Iron Hands|45\/100\n|-damage|p2b: Arcanine|0 fnt\n|faint|p2b: Arcanine\n|\n|-sideend|p1: FilVet|Reflect\n|upkeep\n|\n|t:|1695419218\n|switch|p2b: Torkoal|Torkoal, M|57\/100\n|-weather|SunnyDay|[from] ability: Drought|[of] p2b: Torkoal\n|turn|9\n|\n|t:|1695419233\n|move|p1b: Indeedee|Helping Hand|p1a: Volcarona\n|-singleturn|p1a: Volcarona|Helping Hand|[of] p1b: Indeedee\n|move|p1a: Volcarona|Heat Wave|p2a: Iron Hands|[spread] p2a,p2b\n|-resisted|p2b: Torkoal\n|-damage|p2a: Iron Hands|0 fnt\n|-damage|p2b: Torkoal|0 fnt\n|faint|p2a: Iron Hands\n|-end|p2a: Iron Hands|Quark Drive|[silent]\n|faint|p2b: Torkoal\n|\n|win|FilVet\n|raw|FilVet's rating: 1102 &rarr; <strong>1134<\/strong><br \/>(+32 for winning)\n|raw|nisse1ey's rating: 1207 &rarr; <strong>1175<\/strong><br \/>(-32 for losing)\n|c|\u2606FilVet|GGWP\n|l|\u2606nisse1ey\n","uploadtime":1695419257,"views":13,"p1id":"filvet","p2id":"nisse1ey","formatid":"gen9nationaldexdoubles","rating":1134,"private":0,"password":""}