{"id":"gen9nationaldexdoubles-1969180789","p1":"Parraso","p2":"ElisaIsATransDinos","format":"[Gen 9] National Dex Doubles","log":"|j|\u2606Parraso\n|j|\u2606ElisaIsATransDinos\n|t:|1697497686\n|gametype|doubles\n|player|p1|Parraso|steven-gen6|1117\n|player|p2|ElisaIsATransDinos|furisodegirl-black|1055\n|teamsize|p1|6\n|teamsize|p2|6\n|gen|9\n|tier|[Gen 9] National Dex Doubles\n|rated|\n|rule|HP Percentage Mod: HP is shown in percentages\n|rule|Endless Battle Clause: Forcing endless battles is banned\n|rule|OHKO Clause: OHKO moves are banned\n|rule|Evasion Moves Clause: Evasion moves are banned\n|rule|Evasion Abilities Clause: Evasion abilities are banned\n|rule|Species Clause: Limit one of each Pok\u00e9mon\n|rule|Gravity Sleep Clause: The combination of sleep-inducing moves with imperfect accuracy and Gravity or Gigantamax Orbeetle are banned\n|clearpoke\n|poke|p1|Naganadel|\n|poke|p1|Hitmontop, M|\n|poke|p1|Magnezone|\n|poke|p1|Gastrodon, M|\n|poke|p1|Salamence, M|\n|poke|p1|Moltres|\n|poke|p2|Tornadus, M|\n|poke|p2|Murkrow, F|\n|poke|p2|Empoleon, F|\n|poke|p2|Wyrdeer, F|\n|poke|p2|Articuno-Galar|\n|poke|p2|Stantler, F|\n|teampreview\n|inactive|Battle timer is ON: inactive players will automatically lose when time's up. (requested by ElisaIsATransDinos)\n|inactive|ElisaIsATransDinos has 120 seconds left.\n|inactive|ElisaIsATransDinos has 90 seconds left.\n|inactive|ElisaIsATransDinos has 60 seconds left.\n|\n|t:|1697497782\n|start\n|switch|p1a: Naganadel|Naganadel|100\/100\n|switch|p1b: Hitmontop|Hitmontop, M|100\/100\n|switch|p2a: Tornadus|Tornadus, M, shiny|100\/100\n|switch|p2b: Stantler|Stantler, F, shiny|100\/100\n|-ability|p2b: Stantler|Intimidate|boost\n|-unboost|p1a: Naganadel|atk|1\n|-unboost|p1b: Hitmontop|atk|1\n|-ability|p1b: Hitmontop|Intimidate|boost\n|-unboost|p2a: Tornadus|atk|1\n|-unboost|p2b: Stantler|atk|1\n|turn|1\n|c|\u2606ElisaIsATransDinos|glhf\n|\n|t:|1697497802\n|move|p1b: Hitmontop|Helping Hand|p1a: Naganadel\n|-singleturn|p1a: Naganadel|Helping Hand|[of] p1b: Hitmontop\n|move|p2b: Stantler|Protect|p2b: Stantler\n|-singleturn|p2b: Stantler|Protect\n|move|p2a: Tornadus|Tailwind|p2a: Tornadus\n|-sidestart|p2: ElisaIsATransDinos|move: Tailwind\n|move|p1a: Naganadel|Heat Wave|p2b: Stantler|[spread] p2a\n|-activate|p2b: Stantler|move: Protect\n|-damage|p2a: Tornadus|61\/100\n|\n|upkeep\n|turn|2\n|inactive|ElisaIsATransDinos has 120 seconds left.\n|\n|t:|1697497845\n|switch|p2a: Empoleon|Empoleon, F, shiny|100\/100\n|move|p1b: Hitmontop|Helping Hand|p1a: Naganadel\n|-singleturn|p1a: Naganadel|Helping Hand|[of] p1b: Hitmontop\n|move|p2b: Stantler|Skill Swap|p1b: Hitmontop\n|-activate|p2b: Stantler|move: Skill Swap|Intimidate|Intimidate|[of] p1b: Hitmontop\n|-ability|p2b: Stantler|Intimidate|boost\n|-unboost|p1a: Naganadel|atk|1\n|-unboost|p1b: Hitmontop|atk|1\n|-ability|p1b: Hitmontop|Intimidate|boost\n|-unboost|p2a: Empoleon|atk|1\n|-ability|p2a: Empoleon|Competitive|boost\n|-boost|p2a: Empoleon|spa|2\n|-enditem|p2a: Empoleon|Adrenaline Orb\n|-boost|p2a: Empoleon|spe|1|[from] item: Adrenaline Orb\n|-unboost|p2b: Stantler|atk|1\n|move|p1a: Naganadel|Sludge Bomb|p2a: Empoleon\n|-immune|p2a: Empoleon\n|\n|upkeep\n|turn|3\n|inactive|ElisaIsATransDinos has 120 seconds left.\n|\n|t:|1697497872\n|-terastallize|p2a: Empoleon|Fairy\n|move|p1b: Hitmontop|Helping Hand|p1a: Naganadel\n|-singleturn|p1a: Naganadel|Helping Hand|[of] p1b: Hitmontop\n|move|p2a: Empoleon|Blizzard|p1a: Naganadel|[spread] p1a\n|-miss|p2a: Empoleon|p1b: Hitmontop\n|-supereffective|p1a: Naganadel\n|-enditem|p1a: Naganadel|Focus Sash\n|-damage|p1a: Naganadel|1\/100\n|-status|p1a: Naganadel|frz\n|move|p2b: Stantler|Skill Swap|p1b: Hitmontop\n|-activate|p2b: Stantler|move: Skill Swap|Intimidate|Intimidate|[of] p1b: Hitmontop\n|-ability|p2b: Stantler|Intimidate|boost\n|-unboost|p1a: Naganadel|atk|1\n|-unboost|p1b: Hitmontop|atk|1\n|-ability|p1b: Hitmontop|Intimidate|boost\n|-unboost|p2a: Empoleon|atk|1\n|-ability|p2a: Empoleon|Competitive|boost\n|-boost|p2a: Empoleon|spa|2\n|-unboost|p2b: Stantler|atk|1\n|cant|p1a: Naganadel|frz\n|\n|upkeep\n|turn|4\n|inactive|Parraso has 120 seconds left.\n|\n|t:|1697497908\n|move|p1b: Hitmontop|Helping Hand|p1a: Naganadel\n|-singleturn|p1a: Naganadel|Helping Hand|[of] p1b: Hitmontop\n|move|p2a: Empoleon|Surf|p1a: Naganadel|[spread] p2b,p1a,p1b\n|-resisted|p1a: Naganadel\n|-damage|p2b: Stantler|34\/100\n|-damage|p1a: Naganadel|0 fnt\n|-damage|p1b: Hitmontop|0 fnt\n|faint|p1a: Naganadel\n|faint|p1b: Hitmontop\n|move|p2b: Stantler|Skill Swap|p1: Naganadel|[notarget]\n|-fail|p2b: Stantler\n|\n|-sideend|p2: ElisaIsATransDinos|move: Tailwind\n|upkeep\n|\n|t:|1697497922\n|switch|p1a: Magnezone|Magnezone|100\/100\n|switch|p1b: Salamence|Salamence, M|100\/100\n|-ability|p1b: Salamence|Intimidate|boost\n|-unboost|p2a: Empoleon|atk|1\n|-ability|p2a: Empoleon|Competitive|boost\n|-boost|p2a: Empoleon|spa|2\n|-unboost|p2b: Stantler|atk|1\n|turn|5\n|inactive|Parraso has 120 seconds left.\n|\n|t:|1697497940\n|switch|p2b: Murkrow|Murkrow, F, shiny|100\/100\n|detailschange|p1b: Salamence|Salamence-Mega, M\n|-mega|p1b: Salamence|Salamence|Salamencite\n|move|p1b: Salamence|Brick Break|p2b: Murkrow\n|-damage|p2b: Murkrow|64\/100\n|move|p2a: Empoleon|Surf|p1b: Salamence|[spread] p2b,p1a,p1b\n|-resisted|p1b: Salamence\n|-damage|p2b: Murkrow|0 fnt\n|-damage|p1a: Magnezone|1\/100\n|-damage|p1b: Salamence|18\/100\n|faint|p2b: Murkrow\n|move|p1a: Magnezone|Flash Cannon|p2a: Empoleon\n|-supereffective|p2a: Empoleon\n|-damage|p2a: Empoleon|3\/100\n|\n|upkeep\n|\n|t:|1697497950\n|switch|p2b: Tornadus|Tornadus, M, shiny|61\/100\n|turn|6\n|\n|t:|1697497961\n|move|p2b: Tornadus|Tailwind|p2b: Tornadus\n|-sidestart|p2: ElisaIsATransDinos|move: Tailwind\n|move|p2a: Empoleon|Surf|p1b: Salamence|[spread] p2b,p1a,p1b\n|-crit|p1a: Magnezone\n|-resisted|p1b: Salamence\n|-damage|p2b: Tornadus|0 fnt\n|-damage|p1a: Magnezone|0 fnt\n|-damage|p1b: Salamence|0 fnt\n|faint|p2b: Tornadus\n|faint|p1a: Magnezone\n|faint|p1b: Salamence\n|\n|upkeep\n|\n|t:|1697497973\n|switch|p1b: Moltres|Moltres|100\/100\n|switch|p2b: Wyrdeer|Wyrdeer, F, shiny|100\/100\n|switch|p1a: Gastrodon|Gastrodon, M|100\/100\n|-ability|p2b: Wyrdeer|Intimidate|boost\n|-unboost|p1a: Gastrodon|atk|1\n|-unboost|p1b: Moltres|atk|1\n|turn|7\n|\n|t:|1697497995\n|-terastallize|p1a: Gastrodon|Water\n|move|p2a: Empoleon|Surf|p1a: Gastrodon|[spread] p2b,p1b\n|-ability|p1a: Gastrodon|Storm Drain|boost\n|-boost|p1a: Gastrodon|spa|1\n|-supereffective|p1b: Moltres\n|-damage|p2b: Wyrdeer|0 fnt\n|-damage|p1b: Moltres|0 fnt\n|faint|p2b: Wyrdeer\n|faint|p1b: Moltres\n|move|p1a: Gastrodon|Earth Power|p2a: Empoleon\n|-damage|p2a: Empoleon|0 fnt\n|faint|p2a: Empoleon\n|\n|upkeep\n|\n|t:|1697498005\n|switch|p2b: Stantler|Stantler, F, shiny|34\/100\n|switch|p2a: Articuno|Articuno-Galar, shiny|100\/100\n|-ability|p2b: Stantler|Intimidate|boost\n|-unboost|p1a: Gastrodon|atk|1\n|turn|8\n|\n|t:|1697498017\n|move|p2a: Articuno|Hurricane|p1a: Gastrodon\n|-crit|p1a: Gastrodon\n|-damage|p1a: Gastrodon|47\/100\n|-start|p1a: Gastrodon|confusion\n|move|p2b: Stantler|Skill Swap|p1a: Gastrodon\n|-activate|p2b: Stantler|move: Skill Swap|Storm Drain|Intimidate|[of] p1a: Gastrodon\n|-ability|p1a: Gastrodon|Intimidate|boost\n|-unboost|p2a: Articuno|atk|1\n|-ability|p2a: Articuno|Competitive|boost\n|-boost|p2a: Articuno|spa|2\n|-enditem|p2a: Articuno|Adrenaline Orb\n|-boost|p2a: Articuno|spe|1|[from] item: Adrenaline Orb\n|-unboost|p2b: Stantler|atk|1\n|-activate|p1a: Gastrodon|confusion\n|-damage|p1a: Gastrodon|43\/100|[from] confusion\n|\n|upkeep\n|turn|9\n|\n|t:|1697498034\n|move|p2a: Articuno|Freezing Glare|p1a: Gastrodon\n|-damage|p1a: Gastrodon|0 fnt\n|faint|p1a: Gastrodon\n|\n|win|ElisaIsATransDinos\n|raw|Parraso's rating: 1117 &rarr; <strong>1086<\/strong><br \/>(-31 for losing)\n|raw|ElisaIsATransDinos's rating: 1035 &rarr; <strong>1078<\/strong><br \/>(+43 for winning)\n|c|\u2606ElisaIsATransDinos|gg\n|c|\u2606Parraso|Gg\n|l|\u2606Parraso\n","uploadtime":1697498363,"views":6,"p1id":"parraso","p2id":"elisaisatransdinos","formatid":"gen9nationaldexdoubles","rating":1078,"private":0,"password":""}