{"id":"gen9nationaldexdoubles-1991442810","p1":"Zero_Breaker178","p2":"Androiddxx","format":"[Gen 9] National Dex Doubles","log":"|j|\u2606Zero_Breaker178\n|j|\u2606Androiddxx\n|t:|1700077496\n|gametype|doubles\n|player|p1|Zero_Breaker178|n-masters2|1003\n|player|p2|Androiddxx|lucas|1046\n|teamsize|p1|6\n|teamsize|p2|6\n|gen|9\n|tier|[Gen 9] National Dex Doubles\n|rated|\n|rule|HP Percentage Mod: HP is shown in percentages\n|rule|Endless Battle Clause: Forcing endless battles is banned\n|rule|OHKO Clause: OHKO moves are banned\n|rule|Evasion Moves Clause: Evasion moves are banned\n|rule|Evasion Abilities Clause: Evasion abilities are banned\n|rule|Species Clause: Limit one of each Pok\u00e9mon\n|rule|Gravity Sleep Clause: The combination of sleep-inducing moves with imperfect accuracy and Gravity or Gigantamax Orbeetle are banned\n|clearpoke\n|poke|p1|Cosmoem|\n|poke|p1|Cresselia, F|\n|poke|p1|Manaphy|\n|poke|p1|Flamigo, F|\n|poke|p1|Clefairy, F|\n|poke|p1|Kommo-o, M|\n|poke|p2|Swampert, F|\n|poke|p2|Raichu, F|\n|poke|p2|Hitmontop, M|\n|poke|p2|Sceptile, M|\n|poke|p2|Incineroar, F|\n|poke|p2|Metagross|\n|teampreview\n|\n|t:|1700077504\n|start\n|switch|p1a: Cosmoem|Cosmoem|100\/100\n|switch|p1b: Cresselia|Cresselia, F|100\/100\n|switch|p2a: Hitmontop|Hitmontop, M|100\/100\n|switch|p2b: Metagross|Metagross|100\/100\n|turn|1\n|\n|t:|1700077526\n|move|p2a: Hitmontop|Triple Axel|p1a: Cosmoem\n|-damage|p1a: Cosmoem|95\/100\n|-damage|p1a: Cosmoem|84\/100\n|-damage|p1a: Cosmoem|67\/100\n|-hitcount|p1a: Cosmoem|3\n|move|p2b: Metagross|Stealth Rock|p1b: Cresselia\n|-sidestart|p1: Zero_Breaker178|move: Stealth Rock\n|move|p1a: Cosmoem|Cosmic Power|p1a: Cosmoem\n|-boost|p1a: Cosmoem|def|1\n|-boost|p1a: Cosmoem|spd|1\n|move|p1b: Cresselia|Trick Room|p1b: Cresselia\n|-fieldstart|move: Trick Room|[of] p1b: Cresselia\n|\n|upkeep\n|turn|2\n|\n|t:|1700077548\n|move|p2a: Hitmontop|Bullet Punch|p1b: Cresselia\n|-damage|p1b: Cresselia|87\/100\n|move|p1a: Cosmoem|Cosmic Power|p1a: Cosmoem\n|-boost|p1a: Cosmoem|def|1\n|-boost|p1a: Cosmoem|spd|1\n|move|p1b: Cresselia|Psych Up|p1a: Cosmoem\n|-copyboost|p1b: Cresselia|p1a: Cosmoem|[from] move: Psych Up\n|move|p2b: Metagross|Iron Head|p1b: Cresselia\n|-damage|p1b: Cresselia|72\/100\n|\n|-heal|p1b: Cresselia|78\/100|[from] item: Leftovers\n|upkeep\n|turn|3\n|inactive|Battle timer is ON: inactive players will automatically lose when time's up. (requested by Zero_Breaker178)\n|\n|t:|1700077584\n|switch|p2a: Incineroar|Incineroar, F|100\/100\n|-item|p2a: Incineroar|Air Balloon\n|move|p1a: Cosmoem|Cosmic Power|p1a: Cosmoem\n|-boost|p1a: Cosmoem|def|1\n|-boost|p1a: Cosmoem|spd|1\n|move|p1b: Cresselia|Stored Power|p2a: Incineroar\n|-immune|p2a: Incineroar\n|move|p2b: Metagross|Iron Head|p1b: Cresselia\n|-damage|p1b: Cresselia|64\/100\n|\n|-heal|p1b: Cresselia|70\/100|[from] item: Leftovers\n|upkeep\n|turn|4\n|c|\u2606Zero_Breaker178|Experimental Tactic\n|\n|t:|1700077606\n|move|p1a: Cosmoem|Cosmic Power|p1a: Cosmoem\n|-boost|p1a: Cosmoem|def|1\n|-boost|p1a: Cosmoem|spd|1\n|move|p1b: Cresselia|Stored Power|p2b: Metagross\n|-resisted|p2b: Metagross\n|-damage|p2b: Metagross|93\/100\n|move|p2a: Incineroar|Darkest Lariat|p1b: Cresselia\n|-supereffective|p1b: Cresselia\n|-crit|p1b: Cresselia\n|-damage|p1b: Cresselia|0 fnt\n|faint|p1b: Cresselia\n|move|p2b: Metagross|Iron Head|p1a: Cosmoem\n|-damage|p1a: Cosmoem|59\/100\n|\n|upkeep\n|inactive|Zero_Breaker178 has 120 seconds left.\n|\n|t:|1700077622\n|switch|p1b: Flamigo|Flamigo, F|100\/100\n|-damage|p1b: Flamigo|88\/100|[from] Stealth Rock\n|-copyboost|p1b: Flamigo|p1a: Cosmoem|[from] ability: Costar\n|turn|5\n|\n|t:|1700077640\n|switch|p2a: Raichu|Raichu, F|100\/100\n|move|p1a: Cosmoem|Cosmic Power|p1a: Cosmoem\n|-boost|p1a: Cosmoem|def|1\n|-boost|p1a: Cosmoem|spd|1\n|move|p2b: Metagross|Psycho Cut|p1b: Flamigo\n|-supereffective|p1b: Flamigo\n|-damage|p1b: Flamigo|49\/100\n|-enditem|p1b: Flamigo|Sitrus Berry|[eat]\n|-heal|p1b: Flamigo|74\/100|[from] item: Sitrus Berry\n|move|p1b: Flamigo|Swords Dance|p1b: Flamigo\n|-boost|p1b: Flamigo|atk|2\n|\n|-fieldend|move: Trick Room\n|upkeep\n|turn|6\n|\n|t:|1700077659\n|move|p2a: Raichu|Thunderbolt|p1b: Flamigo\n|-supereffective|p1b: Flamigo\n|-damage|p1b: Flamigo|42\/100\n|-status|p1b: Flamigo|par\n|move|p2b: Metagross|Psycho Cut|p1b: Flamigo\n|-supereffective|p1b: Flamigo\n|-damage|p1b: Flamigo|2\/100 par\n|move|p1b: Flamigo|Acrobatics|p2a: Raichu\n|-resisted|p2a: Raichu\n|-enditem|p2a: Raichu|Focus Sash\n|-damage|p2a: Raichu|1\/100\n|move|p1a: Cosmoem|Cosmic Power|p1a: Cosmoem\n|-boost|p1a: Cosmoem|def|1\n|-boost|p1a: Cosmoem|spd|1\n|\n|upkeep\n|turn|7\n|\n|t:|1700077686\n|move|p2a: Raichu|Quick Attack|p1b: Flamigo\n|-damage|p1b: Flamigo|0 fnt\n|faint|p1b: Flamigo\n|move|p2b: Metagross|Iron Head|p1a: Cosmoem\n|-damage|p1a: Cosmoem|53\/100\n|cant|p1a: Cosmoem|flinch\n|\n|upkeep\n|\n|t:|1700077693\n|switch|p1b: Manaphy|Manaphy|100\/100\n|-damage|p1b: Manaphy|88\/100|[from] Stealth Rock\n|turn|8\n|\n|t:|1700077704\n|move|p1b: Manaphy|Dazzling Gleam|p2b: Metagross|[spread] p2a,p2b\n|-resisted|p2b: Metagross\n|-damage|p2a: Raichu|0 fnt\n|-damage|p2b: Metagross|82\/100\n|faint|p2a: Raichu\n|move|p2b: Metagross|Iron Head|p1a: Cosmoem\n|-damage|p1a: Cosmoem|46\/100\n|cant|p1a: Cosmoem|flinch\n|\n|upkeep\n|\n|t:|1700077713\n|switch|p2a: Sceptile|Sceptile, M|100\/100\n|turn|9\n|\n|t:|1700077724\n|move|p2a: Sceptile|Leaf Blade|p1b: Manaphy\n|-supereffective|p1b: Manaphy\n|-damage|p1b: Manaphy|9\/100\n|move|p1b: Manaphy|Heart Swap|p1a: Cosmoem\n|-swapboost|p1b: Manaphy|p1a: Cosmoem|[from] move: Heart Swap\n|move|p2b: Metagross|Iron Head|p1a: Cosmoem\n|-damage|p1a: Cosmoem|24\/100\n|cant|p1a: Cosmoem|flinch\n|\n|upkeep\n|turn|10\n|\n|t:|1700077740\n|-terastallize|p1b: Manaphy|Fairy\n|move|p2a: Sceptile|Leaf Blade|p1b: Manaphy\n|-damage|p1b: Manaphy|0 fnt\n|faint|p1b: Manaphy\n|move|p2b: Metagross|Iron Head|p1a: Cosmoem\n|-damage|p1a: Cosmoem|0 fnt\n|faint|p1a: Cosmoem\n|\n|upkeep\n|\n|t:|1700077748\n|switch|p1b: Kommo-o|Kommo-o, M|100\/100\n|switch|p1a: Clefairy|Clefairy, F|100\/100\n|-damage|p1b: Kommo-o|94\/100|[from] Stealth Rock\n|-damage|p1a: Clefairy|88\/100|[from] Stealth Rock\n|turn|11\n|\n|t:|1700077762\n|move|p1a: Clefairy|Ally Switch|p1a: Clefairy\n|swap|p1a: Clefairy|1|[from] move: Ally Switch\n|move|p2a: Sceptile|Dragon Claw|p1b: Clefairy\n|-immune|p1b: Clefairy\n|-zpower|p1a: Kommo-o\n|move|p1a: Kommo-o|Clangorous Soulblaze|p2b: Metagross|[zeffect]|[spread] p2a,p2b\n|-crit|p2a: Sceptile\n|-resisted|p2b: Metagross\n|-damage|p2a: Sceptile|0 fnt\n|-damage|p2b: Metagross|46\/100\n|faint|p2a: Sceptile\n|-boost|p1a: Kommo-o|atk|1\n|-boost|p1a: Kommo-o|def|1\n|-boost|p1a: Kommo-o|spa|1\n|-boost|p1a: Kommo-o|spd|1\n|-boost|p1a: Kommo-o|spe|1\n|move|p2b: Metagross|Iron Head|p1a: Kommo-o\n|-damage|p1a: Kommo-o|75\/100\n|\n|upkeep\n|\n|t:|1700077783\n|switch|p2a: Hitmontop|Hitmontop, M|100\/100\n|turn|12\n|\n|t:|1700077793\n|move|p1b: Clefairy|Ally Switch||[still]\n|-fail|p1b: Clefairy\n|move|p1a: Kommo-o|Clanging Scales|p2a: Hitmontop|[spread] p2a,p2b\n|-resisted|p2b: Metagross\n|-damage|p2a: Hitmontop|25\/100\n|-damage|p2b: Metagross|14\/100\n|-unboost|p1a: Kommo-o|def|1\n|move|p2b: Metagross|Iron Head|p1a: Kommo-o\n|-crit|p1a: Kommo-o\n|-damage|p1a: Kommo-o|25\/100\n|move|p2a: Hitmontop|Triple Axel|p1b: Clefairy\n|-damage|p1b: Clefairy|78\/100\n|-damage|p1b: Clefairy|54\/100\n|-damage|p1b: Clefairy|22\/100\n|-hitcount|p1b: Clefairy|3\n|\n|upkeep\n|turn|13\n|\n|t:|1700077816\n|move|p2a: Hitmontop|Bullet Punch|p1b: Clefairy\n|-supereffective|p1b: Clefairy\n|-damage|p1b: Clefairy|0 fnt\n|faint|p1b: Clefairy\n|move|p1a: Kommo-o|Clangorous Soul||[still]\n|-fail|p1a: Kommo-o\n|move|p2b: Metagross|Psycho Cut|p1a: Kommo-o\n|-supereffective|p1a: Kommo-o\n|-damage|p1a: Kommo-o|0 fnt\n|faint|p1a: Kommo-o\n|\n|win|Androiddxx\n|raw|Zero_Breaker178's rating: 1003 &rarr; <strong>1000<\/strong><br \/>(-3 for losing)\n|raw|Androiddxx's rating: 1046 &rarr; <strong>1075<\/strong><br \/>(+29 for winning)\n|l|\u2606Zero_Breaker178\n","uploadtime":1700078076,"views":26,"p1id":"zerobreaker178","p2id":"androiddxx","formatid":"gen9nationaldexdoubles","rating":1000,"private":0,"password":""}