{"id":"gen9nationaldexdoubles-1961985693","p1":"cediedesu","p2":"Gumbus wumbus","format":"[Gen 9] National Dex Doubles","log":"|j|\u2606cediedesu\n|j|\u2606Gumbus wumbus\n|t:|1696695786\n|gametype|doubles\n|player|p1|cediedesu|veteran|\n|player|p2|Gumbus wumbus|clown|\n|teamsize|p1|6\n|teamsize|p2|6\n|gen|9\n|tier|[Gen 9] National Dex Doubles\n|rule|HP Percentage Mod: HP is shown in percentages\n|rule|Endless Battle Clause: Forcing endless battles is banned\n|rule|OHKO Clause: OHKO moves are banned\n|rule|Evasion Moves Clause: Evasion moves are banned\n|rule|Evasion Abilities Clause: Evasion abilities are banned\n|rule|Species Clause: Limit one of each Pok\u00e9mon\n|rule|Gravity Sleep Clause: The combination of sleep-inducing moves with imperfect accuracy and Gravity or Gigantamax Orbeetle are banned\n|clearpoke\n|poke|p1|Ferrothorn, F|\n|poke|p1|Appletun, M|\n|poke|p1|Kingdra, M|\n|poke|p1|Cradily, M|\n|poke|p1|Tyrantrum, F|\n|poke|p1|Sceptile, M|\n|poke|p2|Chimecho, M|\n|poke|p2|Ambipom, F|\n|poke|p2|Delibird, M|\n|poke|p2|Florges-White, F|\n|poke|p2|Pachirisu, M|\n|poke|p2|Appletun, F|\n|teampreview\n|inactive|Battle timer is ON: inactive players will automatically lose when time's up. (requested by cediedesu)\n|\n|t:|1696695807\n|start\n|switch|p1a: Kingdra|Kingdra, M|100\/100\n|switch|p1b: Ferrothorn|Ferrothorn, F|100\/100\n|switch|p2a: Little man|Pachirisu, M, shiny|100\/100\n|switch|p2b: Chingaling|Chimecho, M, shiny|100\/100\n|turn|1\n|\n|t:|1696695826\n|move|p1a: Kingdra|Signal Beam|p2b: Chingaling\n|-supereffective|p2b: Chingaling\n|-damage|p2b: Chingaling|61\/100\n|move|p2a: Little man|Nuzzle|p1b: Ferrothorn\n|-resisted|p1b: Ferrothorn\n|-damage|p1b: Ferrothorn|99\/100\n|-status|p1b: Ferrothorn|par\n|-damage|p2a: Little man|88\/100|[from] ability: Iron Barbs|[of] p1b: Ferrothorn\n|-damage|p2a: Little man|71\/100|[from] item: Rocky Helmet|[of] p1b: Ferrothorn\n|move|p2b: Chingaling|Calm Mind|p2b: Chingaling\n|-boost|p2b: Chingaling|spa|1\n|-boost|p2b: Chingaling|spd|1\n|move|p1b: Ferrothorn|Stealth Rock|p2b: Chingaling\n|-sidestart|p2: Gumbus wumbus|move: Stealth Rock\n|\n|upkeep\n|turn|2\n|inactive|Gumbus wumbus has 270 seconds left.\n|\n|t:|1696695861\n|move|p1a: Kingdra|Signal Beam|p2b: Chingaling\n|-supereffective|p2b: Chingaling\n|-damage|p2b: Chingaling|36\/100\n|move|p2a: Little man|Nuzzle|p1a: Kingdra\n|-damage|p1a: Kingdra|95\/100\n|-status|p1a: Kingdra|par\n|move|p2b: Chingaling|Dazzling Gleam|p1b: Ferrothorn|[spread] p1a,p1b\n|-supereffective|p1a: Kingdra\n|-crit|p1a: Kingdra\n|-resisted|p1b: Ferrothorn\n|-damage|p1a: Kingdra|44\/100 par\n|-damage|p1b: Ferrothorn|91\/100 par\n|move|p1b: Ferrothorn|Gyro Ball|p2a: Little man\n|-resisted|p2a: Little man\n|-damage|p2a: Little man|50\/100\n|\n|upkeep\n|turn|3\n|inactive|Gumbus wumbus has 270 seconds left.\n|\n|t:|1696695891\n|move|p2a: Little man|U-turn|p1b: Ferrothorn\n|-damage|p1b: Ferrothorn|86\/100 par\n|-damage|p2a: Little man|38\/100|[from] ability: Iron Barbs|[of] p1b: Ferrothorn\n|-damage|p2a: Little man|21\/100|[from] item: Rocky Helmet|[of] p1b: Ferrothorn\n|inactive|Gumbus wumbus has 270 seconds left.\n|\n|t:|1696695901\n|switch|p2a: pretty|Florges-White, F|100\/100|[from] U-turn\n|-damage|p2a: pretty|88\/100|[from] Stealth Rock\n|move|p2b: Chingaling|Dazzling Gleam|p1b: Ferrothorn|[spread] p1a,p1b\n|-supereffective|p1a: Kingdra\n|-resisted|p1b: Ferrothorn\n|-damage|p1a: Kingdra|8\/100 par\n|-damage|p1b: Ferrothorn|77\/100 par\n|move|p1a: Kingdra|Signal Beam|p2b: Chingaling\n|-supereffective|p2b: Chingaling\n|-damage|p2b: Chingaling|11\/100\n|move|p1b: Ferrothorn|Seed Bomb|p2b: Chingaling\n|-damage|p2b: Chingaling|0 fnt\n|faint|p2b: Chingaling\n|\n|upkeep\n|inactive|Gumbus wumbus has 270 seconds left.\n|\n|t:|1696695933\n|switch|p2b: Little man|Pachirisu, M, shiny|21\/100\n|turn|4\n|\n|t:|1696695943\n|move|p2b: Little man|Super Fang|p1b: Ferrothorn\n|-damage|p1b: Ferrothorn|39\/100 par\n|-damage|p2b: Little man|9\/100|[from] ability: Iron Barbs|[of] p1b: Ferrothorn\n|-damage|p2b: Little man|0 fnt|[from] item: Rocky Helmet|[of] p1b: Ferrothorn\n|faint|p2b: Little man\n|move|p2a: pretty|Dazzling Gleam|p1a: Kingdra|[spread] p1a,p1b\n|-supereffective|p1a: Kingdra\n|-resisted|p1b: Ferrothorn\n|-damage|p1a: Kingdra|0 fnt\n|-damage|p1b: Ferrothorn|30\/100 par\n|faint|p1a: Kingdra\n|cant|p1b: Ferrothorn|par\n|\n|upkeep\n|inactive|Gumbus wumbus has 270 seconds left.\n|\n|t:|1696695961\n|switch|p1a: Tyrantrum|Tyrantrum, F|100\/100\n|switch|p2b: Hi five|Ambipom, F, shiny|100\/100\n|-damage|p2b: Hi five|88\/100|[from] Stealth Rock\n|turn|5\n|\n|t:|1696695983\n|move|p2b: Hi five|Swift|p1b: Ferrothorn|[spread] p1a,p1b\n|-resisted|p1a: Tyrantrum\n|-resisted|p1b: Ferrothorn\n|-damage|p1a: Tyrantrum|90\/100\n|-damage|p1b: Ferrothorn|24\/100 par\n|move|p2a: pretty|Calm Mind|p2a: pretty\n|-boost|p2a: pretty|spa|1\n|-boost|p2a: pretty|spd|1\n|move|p1a: Tyrantrum|Head Smash|p2b: Hi five\n|-damage|p2b: Hi five|0 fnt\n|faint|p2b: Hi five\n|move|p1b: Ferrothorn|Gyro Ball|p2a: pretty\n|-supereffective|p2a: pretty\n|-damage|p2a: pretty|0 fnt\n|-damage|p1b: Ferrothorn|8\/100 par|[from] item: Rocky Helmet|[of] p2a: pretty\n|faint|p2a: pretty\n|\n|upkeep\n|inactive|Gumbus wumbus has 270 seconds left.\n|\n|t:|1696695999\n|switch|p2b: Birdy|Delibird, M, shiny|100\/100\n|switch|p2a: Jimmy|Appletun, F, shiny|100\/100\n|-damage|p2b: Birdy|51\/100|[from] Stealth Rock\n|-damage|p2a: Jimmy|88\/100|[from] Stealth Rock\n|turn|6\n|inactive|Gumbus wumbus has 270 seconds left.\n|\n|t:|1696696029\n|move|p2b: Birdy|Freeze-Dry|p1a: Tyrantrum\n|-supereffective|p1a: Tyrantrum\n|-damage|p1a: Tyrantrum|27\/100\n|move|p1a: Tyrantrum|Outrage|p2a: Jimmy\n|-supereffective|p2a: Jimmy\n|-damage|p2a: Jimmy|0 fnt\n|faint|p2a: Jimmy\n|cant|p1b: Ferrothorn|par\n|\n|upkeep\n|turn|7\n|\n|t:|1696696044\n|move|p2b: Birdy|Freeze-Dry|p1a: Tyrantrum\n|-supereffective|p1a: Tyrantrum\n|-damage|p1a: Tyrantrum|0 fnt\n|faint|p1a: Tyrantrum\n|cant|p1b: Ferrothorn|par\n|\n|upkeep\n|\n|t:|1696696052\n|switch|p1a: Sceptile|Sceptile, M|100\/100\n|turn|8\n|\n|t:|1696696067\n|move|p1a: Sceptile|Leaf Storm|p2b: Birdy\n|-resisted|p2b: Birdy\n|-damage|p2b: Birdy|0 fnt\n|-unboost|p1a: Sceptile|spa|2\n|-enditem|p1a: Sceptile|White Herb\n|-clearnegativeboost|p1a: Sceptile|[silent]\n|faint|p2b: Birdy\n|\n|win|cediedesu\n","uploadtime":1696696082,"views":9,"p1id":"cediedesu","p2id":"gumbuswumbus","formatid":"gen9nationaldexdoubles","rating":0,"private":0,"password":""}