{"id":"gen9nationaldexdoubles-1970537303","p1":"Ink!Jo","p2":"AdvancedDigit","format":"[Gen 9] National Dex Doubles","log":"|j|\u2606Ink!Jo\n|j|\u2606AdvancedDigit\n|t:|1697646640\n|gametype|doubles\n|player|p1|Ink!Jo|blue|1111\n|player|p2|AdvancedDigit|hilbert|1164\n|teamsize|p1|6\n|teamsize|p2|6\n|gen|9\n|tier|[Gen 9] National Dex Doubles\n|rated|\n|rule|HP Percentage Mod: HP is shown in percentages\n|rule|Endless Battle Clause: Forcing endless battles is banned\n|rule|OHKO Clause: OHKO moves are banned\n|rule|Evasion Moves Clause: Evasion moves are banned\n|rule|Evasion Abilities Clause: Evasion abilities are banned\n|rule|Species Clause: Limit one of each Pok\u00e9mon\n|rule|Gravity Sleep Clause: The combination of sleep-inducing moves with imperfect accuracy and Gravity or Gigantamax Orbeetle are banned\n|clearpoke\n|poke|p1|Eevee, M|\n|poke|p1|Lucario, M|\n|poke|p1|Mimikyu, M|\n|poke|p1|Ninetales-Alola, F|\n|poke|p1|Mew|\n|poke|p1|Iron Valiant|\n|poke|p2|Malamar, F|\n|poke|p2|Tornadus, M|\n|poke|p2|Maushold|\n|poke|p2|Ambipom, F|\n|poke|p2|Mr. Mime, M|\n|poke|p2|Amoonguss, M|\n|teampreview\n|\n|t:|1697646650\n|start\n|switch|p1a: Sniper|Mew|100\/100\n|switch|p1b: Faily|Mimikyu, M, shiny|100\/100\n|switch|p2a: Ambipom|Ambipom, F|100\/100\n|switch|p2b: Mr. Mime|Mr. Mime, M|100\/100\n|turn|1\n|inactive|Battle timer is ON: inactive players will automatically lose when time's up. (requested by AdvancedDigit)\n|\n|t:|1697646669\n|move|p2b: Mr. Mime|Fake Out|p1a: Sniper\n|-damage|p1a: Sniper|96\/100\n|move|p2a: Ambipom|Hone Claws|p2a: Ambipom\n|-boost|p2a: Ambipom|atk|1\n|-boost|p2a: Ambipom|accuracy|1\n|move|p1b: Faily|Drain Punch|p2a: Ambipom\n|-supereffective|p2a: Ambipom\n|-damage|p2a: Ambipom|30\/100\n|cant|p1a: Sniper|flinch\n|\n|-heal|p1a: Sniper|100\/100|[from] item: Leftovers\n|upkeep\n|turn|2\n|\n|t:|1697646689\n|move|p2b: Mr. Mime|Follow Me|p2b: Mr. Mime\n|-singleturn|p2b: Mr. Mime|move: Follow Me\n|move|p2a: Ambipom|Baton Pass|p2a: Ambipom\n|\n|t:|1697646694\n|switch|p2a: Maushold|Maushold|100\/100|[from] Baton Pass\n|move|p1b: Faily|Drain Punch|p2b: Mr. Mime\n|-resisted|p2b: Mr. Mime\n|-damage|p2b: Mr. Mime|92\/100\n|move|p1a: Sniper|Iron Defense|p1a: Sniper\n|-boost|p1a: Sniper|def|2\n|\n|-heal|p2b: Mr. Mime|98\/100|[from] item: Leftovers\n|upkeep\n|turn|3\n|\n|t:|1697646715\n|move|p2b: Mr. Mime|Follow Me|p2b: Mr. Mime\n|-singleturn|p2b: Mr. Mime|move: Follow Me\n|move|p2a: Maushold|Bite|p1b: Faily\n|-activate|p1b: Faily|ability: Disguise\n|-damage|p1b: Faily|100\/100\n|detailschange|p1b: Faily|Mimikyu-Busted, M, shiny\n|-damage|p1b: Faily|88\/100|[from] pokemon: Mimikyu-Busted\n|cant|p1b: Faily|flinch\n|move|p1a: Sniper|Agility|p1a: Sniper\n|-boost|p1a: Sniper|spe|2\n|\n|-heal|p2b: Mr. Mime|100\/100|[from] item: Leftovers\n|upkeep\n|turn|4\n|inactive|Ink!Jo has 120 seconds left.\n|\n|t:|1697646750\n|move|p2b: Mr. Mime|Follow Me|p2b: Mr. Mime\n|-singleturn|p2b: Mr. Mime|move: Follow Me\n|move|p1a: Sniper|Baton Pass|p1a: Sniper\n|\n|t:|1697646755\n|switch|p1a: Emo|Iron Valiant, shiny|100\/100|[from] Baton Pass\n|-enditem|p1a: Emo|Booster Energy\n|-activate|p1a: Emo|ability: Quark Drive|[fromitem]\n|-start|p1a: Emo|quarkdrivespe\n|move|p2a: Maushold|Bullet Seed|p1b: Faily\n|-damage|p1b: Faily|67\/100\n|-damage|p1b: Faily|45\/100\n|-damage|p1b: Faily|22\/100\n|-damage|p1b: Faily|0 fnt\n|faint|p1b: Faily\n|-hitcount|p1: Faily|4\n|\n|upkeep\n|inactive|Ink!Jo has 120 seconds left.\n|\n|t:|1697646765\n|switch|p1b: Empty|Ninetales-Alola, F|100\/100\n|-weather|Snow|[from] ability: Snow Warning|[of] p1b: Empty\n|turn|5\n|\n|t:|1697646790\n|move|p2b: Mr. Mime|Wide Guard|p2b: Mr. Mime\n|-singleturn|p2b: Mr. Mime|Wide Guard\n|move|p1a: Emo|X-Scissor|p2b: Mr. Mime\n|-damage|p2b: Mr. Mime|52\/100\n|move|p2a: Maushold|Population Bomb|p1a: Emo\n|-damage|p1a: Emo|90\/100\n|-damage|p1a: Emo|79\/100\n|-damage|p1a: Emo|68\/100\n|-damage|p1a: Emo|56\/100\n|-damage|p1a: Emo|46\/100\n|-damage|p1a: Emo|35\/100\n|-damage|p1a: Emo|25\/100\n|-damage|p1a: Emo|15\/100\n|-damage|p1a: Emo|5\/100\n|-damage|p1a: Emo|0 fnt\n|faint|p1a: Emo\n|-end|p1a: Emo|Quark Drive|[silent]\n|-hitcount|p1: Emo|10\n|move|p1b: Empty|Blizzard|p2b: Mr. Mime|[spread] \n|-activate|p2a: Maushold|move: Wide Guard\n|-activate|p2b: Mr. Mime|move: Wide Guard\n|\n|-weather|Snow|[upkeep]\n|-heal|p2b: Mr. Mime|58\/100|[from] item: Leftovers\n|upkeep\n|inactive|Ink!Jo has 120 seconds left.\n|\n|t:|1697646811\n|switch|p1a: Hunrr|Lucario, M|100\/100\n|turn|6\n|\n|t:|1697646827\n|switch|p1b: Asriel|Eevee, M, shiny|100\/100\n|-item|p1b: Asriel|Air Balloon\n|detailschange|p1a: Hunrr|Lucario-Mega, M\n|-mega|p1a: Hunrr|Lucario|Lucarionite\n|move|p2b: Mr. Mime|Follow Me|p2b: Mr. Mime\n|-singleturn|p2b: Mr. Mime|move: Follow Me\n|move|p1a: Hunrr|Earthquake|p2a: Maushold|[spread] p2a,p2b\n|-immune|p1b: Asriel\n|-damage|p2a: Maushold|57\/100\n|-damage|p2b: Mr. Mime|6\/100\n|move|p2a: Maushold|Population Bomb|p1b: Asriel\n|-damage|p1b: Asriel|59\/100\n|-enditem|p1b: Asriel|Air Balloon\n|-damage|p1b: Asriel|18\/100\n|-damage|p1b: Asriel|0 fnt\n|faint|p1b: Asriel\n|-hitcount|p1: Asriel|3\n|\n|-weather|Snow|[upkeep]\n|-heal|p2b: Mr. Mime|12\/100|[from] item: Leftovers\n|upkeep\n|inactive|Ink!Jo has 120 seconds left.\n|\n|t:|1697646843\n|switch|p1b: Sniper|Mew|100\/100\n|turn|7\n|\n|t:|1697646851\n|move|p1a: Hunrr|Extreme Speed|p2b: Mr. Mime\n|-damage|p2b: Mr. Mime|0 fnt\n|faint|p2b: Mr. Mime\n|move|p2a: Maushold|Population Bomb|p1b: Sniper\n|-damage|p1b: Sniper|86\/100\n|-damage|p1b: Sniper|71\/100\n|-damage|p1b: Sniper|56\/100\n|-damage|p1b: Sniper|41\/100\n|-damage|p1b: Sniper|27\/100\n|-damage|p1b: Sniper|14\/100\n|-damage|p1b: Sniper|0 fnt\n|faint|p1b: Sniper\n|-hitcount|p1: Sniper|7\n|\n|-weather|Snow|[upkeep]\n|upkeep\n|\n|t:|1697646857\n|switch|p2b: Ambipom|Ambipom, F|30\/100\n|switch|p1b: Empty|Ninetales-Alola, F|100\/100\n|turn|8\n|\n|t:|1697646868\n|move|p2b: Ambipom|Fake Out|p1a: Hunrr\n|-resisted|p1a: Hunrr\n|-crit|p1a: Hunrr\n|-damage|p1a: Hunrr|63\/100\n|-damage|p2b: Ambipom|20\/100|[from] item: Life Orb\n|cant|p1a: Hunrr|flinch\n|move|p2a: Maushold|Population Bomb|p1b: Empty\n|-damage|p1b: Empty|83\/100\n|-damage|p1b: Empty|66\/100\n|-crit|p1b: Empty\n|-damage|p1b: Empty|41\/100\n|-damage|p1b: Empty|23\/100\n|-damage|p1b: Empty|8\/100\n|-damage|p1b: Empty|0 fnt\n|faint|p1b: Empty\n|-hitcount|p1: Empty|6\n|\n|-weather|Snow|[upkeep]\n|upkeep\n|turn|9\n|\n|t:|1697646878\n|move|p2b: Ambipom|Knock Off|p1a: Hunrr\n|-resisted|p1a: Hunrr\n|-damage|p1a: Hunrr|46\/100\n|-damage|p2b: Ambipom|10\/100|[from] item: Life Orb\n|move|p1a: Hunrr|Close Combat|p2a: Maushold\n|-supereffective|p2a: Maushold\n|-damage|p2a: Maushold|0 fnt\n|-unboost|p1a: Hunrr|def|1\n|-unboost|p1a: Hunrr|spd|1\n|faint|p2a: Maushold\n|\n|-weather|none\n|upkeep\n|\n|t:|1697646883\n|switch|p2a: Malamar|Malamar, F|100\/100\n|turn|10\n|\n|t:|1697646889\n|move|p2b: Ambipom|Knock Off|p1a: Hunrr\n|-resisted|p1a: Hunrr\n|-damage|p1a: Hunrr|23\/100\n|-damage|p2b: Ambipom|0 fnt|[from] item: Life Orb\n|faint|p2b: Ambipom\n|move|p1a: Hunrr|Earthquake|p2a: Malamar\n|-damage|p2a: Malamar|64\/100\n|move|p2a: Malamar|Superpower|p1a: Hunrr\n|-supereffective|p1a: Hunrr\n|-damage|p1a: Hunrr|0 fnt\n|-boost|p2a: Malamar|atk|1\n|-boost|p2a: Malamar|def|1\n|faint|p1a: Hunrr\n|\n|win|AdvancedDigit\n|raw|Ink!Jo's rating: 1111 &rarr; <strong>1090<\/strong><br \/>(-21 for losing)\n|raw|AdvancedDigit's rating: 1164 &rarr; <strong>1185<\/strong><br \/>(+21 for winning)\n|l|\u2606Ink!Jo\n","uploadtime":1697646901,"views":7,"p1id":"inkjo","p2id":"advanceddigit","formatid":"gen9nationaldexdoubles","rating":1090,"private":0,"password":""}