{"id":"gen9nationaldexdoubles-1974427387","p1":"The power of ROCK","p2":"orange overhaul","format":"[Gen 9] National Dex Doubles","log":"|j|\u2606The power of ROCK\n|j|\u2606orange overhaul\n|t:|1698086122\n|gametype|doubles\n|player|p1|The power of ROCK|roark|\n|player|p2|orange overhaul|acetrainerf-gen4|\n|teamsize|p1|6\n|teamsize|p2|6\n|gen|9\n|tier|[Gen 9] National Dex Doubles\n|rule|HP Percentage Mod: HP is shown in percentages\n|rule|Endless Battle Clause: Forcing endless battles is banned\n|rule|OHKO Clause: OHKO moves are banned\n|rule|Evasion Moves Clause: Evasion moves are banned\n|rule|Evasion Abilities Clause: Evasion abilities are banned\n|rule|Species Clause: Limit one of each Pok\u00e9mon\n|rule|Gravity Sleep Clause: The combination of sleep-inducing moves with imperfect accuracy and Gravity or Gigantamax Orbeetle are banned\n|clearpoke\n|poke|p1|Tyranitar, F|\n|poke|p1|Garganacl, F|\n|poke|p1|Stakataka|\n|poke|p1|Aggron, M|\n|poke|p1|Ogerpon-Cornerstone, F|\n|poke|p1|Shuckle, M|\n|poke|p2|Flutter Mane|\n|poke|p2|Zamazenta-*|\n|poke|p2|Rillaboom, F|\n|poke|p2|Typhlosion-Hisui, M|\n|poke|p2|Tornadus, M|\n|poke|p2|Zygarde|\n|teampreview\n|inactive|Battle timer is ON: inactive players will automatically lose when time's up. (requested by orange overhaul)\n|c|\u2606orange overhaul|Oh hey!\n|c|\u2606The power of ROCK|Welcome to the ROCK gym\n|inactive|orange overhaul has 270 seconds left.\n|\n|t:|1698086169\n|start\n|switch|p1a: Stakataka|Stakataka|100\/100\n|switch|p1b: Ogerpon|Ogerpon-Cornerstone, F|100\/100\n|switch|p2a: Zamazenta|Zamazenta, shiny|100\/100\n|switch|p2b: Zygarde|Zygarde|100\/100\n|-ability|p2a: Zamazenta|Dauntless Shield|boost\n|-boost|p2a: Zamazenta|def|1\n|-ability|p2b: Zygarde|Aura Break\n|turn|1\n|inactive|The power of ROCK has 270 seconds left.\n|\n|t:|1698086200\n|move|p2a: Zamazenta|Close Combat|p1b: Ogerpon\n|-supereffective|p1b: Ogerpon\n|-ability|p1b: Ogerpon|Sturdy\n|-damage|p1b: Ogerpon|1\/100\n|-unboost|p2a: Zamazenta|def|1\n|-unboost|p2a: Zamazenta|spd|1\n|move|p1b: Ogerpon|Swords Dance|p1b: Ogerpon\n|-boost|p1b: Ogerpon|atk|2\n|move|p2b: Zygarde|Thousand Arrows|p1a: Stakataka|[spread] p1a,p1b\n|-supereffective|p1a: Stakataka\n|-damage|p1a: Stakataka|12\/100\n|-damage|p1b: Ogerpon|0 fnt\n|faint|p1b: Ogerpon\n|move|p1a: Stakataka|Trick Room|p1a: Stakataka\n|-fieldstart|move: Trick Room|[of] p1a: Stakataka\n|\n|upkeep\n|inactive|The power of ROCK has 270 seconds left.\n|\n|t:|1698086222\n|switch|p1b: Shuckle|Shuckle, M|100\/100\n|turn|2\n|\n|t:|1698086229\n|move|p1a: Stakataka|Gyro Ball|p2a: Zamazenta\n|-damage|p2a: Zamazenta|26\/100\n|move|p1b: Shuckle|Knock Off|p2b: Zygarde\n|-damage|p2b: Zygarde|96\/100\n|-enditem|p2b: Zygarde|Leftovers|[from] move: Knock Off|[of] p1b: Shuckle\n|move|p2b: Zygarde|Thousand Arrows|p1b: Shuckle|[spread] p1a,p1b\n|-supereffective|p1a: Stakataka\n|-damage|p1a: Stakataka|0 fnt\n|-damage|p1b: Shuckle|82\/100\n|faint|p1a: Stakataka\n|move|p2a: Zamazenta|Close Combat|p1b: Shuckle\n|-damage|p1b: Shuckle|30\/100\n|-unboost|p2a: Zamazenta|def|1\n|-unboost|p2a: Zamazenta|spd|1\n|\n|-heal|p1b: Shuckle|36\/100|[from] item: Leftovers\n|upkeep\n|inactive|The power of ROCK has 270 seconds left.\n|\n|t:|1698086255\n|switch|p1a: Garganacl|Garganacl, F|100\/100\n|turn|3\n|c|\u2606orange overhaul|I am much more comfortable in this format\n|\n|t:|1698086267\n|-terastallize|p1a: Garganacl|Ghost\n|move|p1b: Shuckle|Guard Split|p1a: Garganacl\n|-activate|p1b: Shuckle|move: Guard Split|[of] p1a: Garganacl\n|move|p1a: Garganacl|Iron Defense|p1a: Garganacl\n|-boost|p1a: Garganacl|def|2\n|move|p2b: Zygarde|Thousand Arrows|p1a: Garganacl|[spread] p1a,p1b\n|-crit|p1b: Shuckle\n|-damage|p1a: Garganacl|93\/100\n|-damage|p1b: Shuckle|0 fnt\n|faint|p1b: Shuckle\n|move|p2a: Zamazenta|Close Combat|p1a: Garganacl\n|-immune|p1a: Garganacl\n|\n|-heal|p1a: Garganacl|99\/100|[from] item: Leftovers\n|upkeep\n|c|\u2606The power of ROCK|ye\n|\n|t:|1698086275\n|switch|p1b: Aggron|Aggron, M|100\/100\n|turn|4\n|\n|t:|1698086296\n|detailschange|p1b: Aggron|Aggron-Mega, M\n|-mega|p1b: Aggron|Aggron|Aggronite\n|move|p1a: Garganacl|Body Press|p2a: Zamazenta\n|-damage|p2a: Zamazenta|0 fnt\n|faint|p2a: Zamazenta\n|move|p1b: Aggron|Iron Defense|p1b: Aggron\n|-boost|p1b: Aggron|def|2\n|move|p2b: Zygarde|Thousand Arrows|p1a: Garganacl|[spread] p1a,p1b\n|-supereffective|p1b: Aggron\n|-crit|p1b: Aggron\n|-damage|p1a: Garganacl|92\/100\n|-damage|p1b: Aggron|71\/100\n|\n|-heal|p1a: Garganacl|98\/100|[from] item: Leftovers\n|upkeep\n|\n|t:|1698086308\n|switch|p2a: Rillaboom|Rillaboom, F|100\/100\n|-fieldstart|move: Grassy Terrain|[from] ability: Grassy Surge|[of] p2a: Rillaboom\n|turn|5\n|\n|t:|1698086323\n|move|p1a: Garganacl|Salt Cure|p2b: Zygarde\n|-resisted|p2b: Zygarde\n|-damage|p2b: Zygarde|91\/100\n|-start|p2b: Zygarde|Salt Cure\n|move|p1b: Aggron|Body Press|p2a: Rillaboom\n|-damage|p2a: Rillaboom|15\/100\n|move|p2a: Rillaboom|U-turn|p1a: Garganacl\n|-resisted|p1a: Garganacl\n|-damage|p1a: Garganacl|95\/100\n|\n|t:|1698086331\n|switch|p2a: Typhlosion|Typhlosion-Hisui, M, shiny|100\/100|[from] U-turn\n|move|p2b: Zygarde|Thousand Arrows|p1a: Garganacl|[spread] p1a,p1b\n|-supereffective|p1b: Aggron\n|-damage|p1a: Garganacl|88\/100\n|-damage|p1b: Aggron|62\/100\n|\n|-heal|p1a: Garganacl|94\/100|[from] Grassy Terrain\n|-heal|p1a: Garganacl|100\/100|[from] item: Leftovers\n|-heal|p1b: Aggron|69\/100|[from] Grassy Terrain\n|-heal|p2b: Zygarde|98\/100|[from] Grassy Terrain\n|-damage|p2b: Zygarde|85\/100|[from] Salt Cure\n|-fieldend|move: Trick Room\n|upkeep\n|turn|6\n|\n|t:|1698086341\n|switch|p2b: Rillaboom|Rillaboom, F|15\/100\n|switch|p1b: Tyranitar|Tyranitar, F|100\/100\n|-weather|Sandstorm|[from] ability: Sand Stream|[of] p1b: Tyranitar\n|-terastallize|p2a: Typhlosion|Fire\n|move|p2a: Typhlosion|Eruption|p1b: Tyranitar|[spread] p1a,p1b\n|-resisted|p1b: Tyranitar\n|-damage|p1a: Garganacl|38\/100\n|-damage|p1b: Tyranitar|85\/100\n|move|p1a: Garganacl|Salt Cure|p2a: Typhlosion\n|-supereffective|p2a: Typhlosion\n|-damage|p2a: Typhlosion|59\/100\n|-start|p2a: Typhlosion|Salt Cure\n|\n|-weather|Sandstorm|[upkeep]\n|-damage|p2a: Typhlosion|53\/100|[from] Sandstorm\n|-damage|p2b: Rillaboom|9\/100|[from] Sandstorm\n|-damage|p1a: Garganacl|31\/100|[from] Sandstorm\n|-heal|p2a: Typhlosion|59\/100|[from] Grassy Terrain\n|-heal|p2b: Rillaboom|15\/100|[from] Grassy Terrain\n|-heal|p1b: Tyranitar|92\/100|[from] Grassy Terrain\n|-heal|p1a: Garganacl|38\/100|[from] Grassy Terrain\n|-heal|p1a: Garganacl|44\/100|[from] item: Leftovers\n|-damage|p2a: Typhlosion|46\/100|[from] Salt Cure\n|upkeep\n|turn|7\n|\n|t:|1698086368\n|move|p2a: Typhlosion|Eruption|p1a: Garganacl|[spread] p1a,p1b\n|-resisted|p1b: Tyranitar\n|-damage|p1a: Garganacl|16\/100\n|-damage|p1b: Tyranitar|84\/100\n|move|p2b: Rillaboom|Wood Hammer|p1a: Garganacl\n|-damage|p1a: Garganacl|0 fnt\n|faint|p1a: Garganacl\n|-damage|p2b: Rillaboom|10\/100|[from] Recoil\n|move|p1b: Tyranitar|Pursuit|p2a: Typhlosion\n|-damage|p2a: Typhlosion|22\/100\n|\n|-weather|Sandstorm|[upkeep]\n|-damage|p2a: Typhlosion|17\/100|[from] Sandstorm\n|-damage|p2b: Rillaboom|4\/100|[from] Sandstorm\n|-heal|p2a: Typhlosion|22\/100|[from] Grassy Terrain\n|-heal|p2b: Rillaboom|10\/100|[from] Grassy Terrain\n|-heal|p1b: Tyranitar|90\/100|[from] Grassy Terrain\n|-damage|p2a: Typhlosion|10\/100|[from] Salt Cure\n|upkeep\n|\n|t:|1698086380\n|switch|p1a: Aggron|Aggron-Mega, M|69\/100\n|turn|8\n|\n|t:|1698086398\n|move|p2a: Typhlosion|Eruption|p1a: Aggron|[spread] p1a,p1b\n|-supereffective|p1a: Aggron\n|-resisted|p1b: Tyranitar\n|-damage|p1a: Aggron|40\/100\n|-damage|p1b: Tyranitar|88\/100\n|move|p2b: Rillaboom|Wood Hammer|p1b: Tyranitar\n|-supereffective|p1b: Tyranitar\n|-damage|p1b: Tyranitar|0 fnt\n|faint|p1b: Tyranitar\n|-damage|p2b: Rillaboom|0 fnt|[from] Recoil\n|faint|p2b: Rillaboom\n|move|p1a: Aggron|Body Press|p2a: Typhlosion\n|-damage|p2a: Typhlosion|0 fnt\n|faint|p2a: Typhlosion\n|\n|-weather|Sandstorm|[upkeep]\n|-heal|p1a: Aggron|46\/100|[from] Grassy Terrain\n|upkeep\n|inactive|orange overhaul has 270 seconds left.\n|\n|t:|1698086420\n|switch|p2a: Flutter Mane|Flutter Mane|100\/100\n|switch|p2b: Zygarde|Zygarde|85\/100\n|-ability|p2b: Zygarde|Aura Break\n|turn|9\n|c|\u2606The power of ROCK|welp gg xD\n|inactive|orange overhaul has 270 seconds left.\n|\n|t:|1698086446\n|move|p2a: Flutter Mane|Shadow Ball|p1a: Aggron\n|-crit|p1a: Aggron\n|-damage|p1a: Aggron|0 fnt\n|faint|p1a: Aggron\n|\n|win|orange overhaul\n|c|\u2606orange overhaul|gg\n","uploadtime":1698086470,"views":9,"p1id":"thepowerofrock","p2id":"orangeoverhaul","formatid":"gen9nationaldexdoubles","rating":0,"private":0,"password":""}