{"id":"gen9nationaldexdoubles-1969040365","p1":"hbaef erg","p2":"LegendSylveon","format":"[Gen 9] National Dex Doubles","log":"|j|\u2606hbaef erg\n|j|\u2606LegendSylveon\n|t:|1697484970\n|gametype|doubles\n|player|p1|hbaef erg|lucas|1076\n|player|p2|LegendSylveon|camper|1055\n|teamsize|p1|6\n|teamsize|p2|6\n|gen|9\n|tier|[Gen 9] National Dex Doubles\n|rated|\n|rule|HP Percentage Mod: HP is shown in percentages\n|rule|Endless Battle Clause: Forcing endless battles is banned\n|rule|OHKO Clause: OHKO moves are banned\n|rule|Evasion Moves Clause: Evasion moves are banned\n|rule|Evasion Abilities Clause: Evasion abilities are banned\n|rule|Species Clause: Limit one of each Pok\u00e9mon\n|rule|Gravity Sleep Clause: The combination of sleep-inducing moves with imperfect accuracy and Gravity or Gigantamax Orbeetle are banned\n|clearpoke\n|poke|p1|Indeedee-F, F|\n|poke|p1|Oranguru, M|\n|poke|p1|Glastrier|\n|poke|p1|Hoopa-Unbound|\n|poke|p1|Ursaluna, F|\n|poke|p1|Zygarde|\n|poke|p2|Ribombee, F|\n|poke|p2|Comfey, M|\n|poke|p2|Togepi, M|\n|poke|p2|Dachsbun, M|\n|poke|p2|Tapu Bulu|\n|poke|p2|Rapidash-Galar, M|\n|teampreview\n|\n|t:|1697484999\n|start\n|switch|p1a: Hoopa|Hoopa-Unbound|100\/100\n|switch|p1b: Zygarde|Zygarde|100\/100\n|switch|p2a: Wanda|Ribombee, F, shiny|100\/100\n|switch|p2b: Cosmo|Comfey, M|100\/100\n|-ability|p1b: Zygarde|Aura Break\n|turn|1\n|\n|t:|1697485018\n|move|p2a: Wanda|Quiver Dance|p2a: Wanda\n|-boost|p2a: Wanda|spa|1\n|-boost|p2a: Wanda|spd|1\n|-boost|p2a: Wanda|spe|1\n|move|p2b: Cosmo|Leech Seed|p1b: Zygarde|[miss]\n|-miss|p2b: Cosmo|p1b: Zygarde\n|move|p1b: Zygarde|Coil|p1b: Zygarde\n|-boost|p1b: Zygarde|atk|1\n|-boost|p1b: Zygarde|def|1\n|-boost|p1b: Zygarde|accuracy|1\n|move|p1a: Hoopa|Trick Room|p1a: Hoopa\n|-fieldstart|move: Trick Room|[of] p1a: Hoopa\n|-enditem|p1b: Zygarde|Room Service\n|-unboost|p1b: Zygarde|spe|1|[from] item: Room Service\n|-enditem|p1a: Hoopa|Room Service\n|-unboost|p1a: Hoopa|spe|1|[from] item: Room Service\n|\n|upkeep\n|turn|2\n|\n|t:|1697485041\n|move|p1a: Hoopa|Psyshock|p2a: Wanda\n|-crit|p2a: Wanda\n|-damage|p2a: Wanda|0 fnt\n|faint|p2a: Wanda\n|move|p1b: Zygarde|Thousand Arrows|p2b: Cosmo\n|-damage|p2b: Cosmo|43\/100\n|move|p2b: Cosmo|Leech Seed|p1b: Zygarde\n|-start|p1b: Zygarde|move: Leech Seed\n|\n|-heal|p2b: Cosmo|50\/100|[from] item: Leftovers\n|-damage|p1b: Zygarde|88\/100|[from] Leech Seed|[of] p2b: Cosmo\n|-heal|p2b: Cosmo|67\/100|[silent]\n|upkeep\n|\n|t:|1697485054\n|switch|p2a: Poof|Togepi, M|100\/100\n|turn|3\n|\n|t:|1697485065\n|move|p2a: Poof|Ancient Power|p1b: Zygarde\n|-resisted|p1b: Zygarde\n|-damage|p1b: Zygarde|85\/100\n|move|p1a: Hoopa|Psyshock|p2a: Poof\n|-damage|p2a: Poof|39\/100\n|-item|p1a: Hoopa|Eviolite|[from] ability: Magician|[of] p2a: Poof\n|move|p1b: Zygarde|Thousand Arrows|p2b: Cosmo|[spread] p2a,p2b\n|-damage|p2a: Poof|0 fnt\n|-damage|p2b: Cosmo|24\/100\n|faint|p2a: Poof\n|move|p2b: Cosmo|Leech Seed|p1a: Hoopa\n|-start|p1a: Hoopa|move: Leech Seed\n|\n|-heal|p2b: Cosmo|30\/100|[from] item: Leftovers\n|-damage|p1a: Hoopa|88\/100|[from] Leech Seed|[of] p2b: Cosmo\n|-heal|p2b: Cosmo|45\/100|[silent]\n|-damage|p1b: Zygarde|72\/100|[from] Leech Seed|[of] p2b: Cosmo\n|-heal|p2b: Cosmo|62\/100|[silent]\n|upkeep\n|\n|t:|1697485083\n|switch|p2a: Jorgen|Tapu Bulu|100\/100\n|-fieldstart|move: Grassy Terrain|[from] ability: Grassy Surge|[of] p2a: Jorgen\n|turn|4\n|\n|t:|1697485092\n|move|p2b: Cosmo|Synthesis|p2b: Cosmo\n|-heal|p2b: Cosmo|100\/100\n|move|p1a: Hoopa|Psyshock|p2b: Cosmo\n|-damage|p2b: Cosmo|34\/100\n|move|p1b: Zygarde|Thousand Arrows|p2a: Jorgen|[spread] p2a,p2b\n|-resisted|p2a: Jorgen\n|-damage|p2a: Jorgen|84\/100\n|-damage|p2b: Cosmo|0 fnt\n|faint|p2b: Cosmo\n|move|p2a: Jorgen|Horn Leech|p1b: Zygarde\n|-damage|p1b: Zygarde|46\/100\n|-heal|p2a: Jorgen|100\/100|[from] drain|[of] p1b: Zygarde\n|\n|-heal|p1a: Hoopa|94\/100|[from] Grassy Terrain\n|-heal|p1b: Zygarde|53\/100|[from] Grassy Terrain\n|upkeep\n|\n|t:|1697485105\n|switch|p2b: Sparky|Dachsbun, M|100\/100\n|turn|5\n|\n|t:|1697485114\n|move|p1a: Hoopa|Psyshock|p2b: Sparky\n|-damage|p2b: Sparky|63\/100\n|move|p1b: Zygarde|Thousand Arrows|p2b: Sparky|[spread] p2a,p2b\n|-resisted|p2a: Jorgen\n|-damage|p2a: Jorgen|85\/100\n|-damage|p2b: Sparky|41\/100\n|move|p2a: Jorgen|Horn Leech|p1b: Zygarde\n|-damage|p1b: Zygarde|27\/100\n|-heal|p2a: Jorgen|99\/100|[from] drain|[of] p1b: Zygarde\n|move|p2b: Sparky|Body Press|p1a: Hoopa\n|-damage|p1a: Hoopa|51\/100\n|\n|-heal|p1a: Hoopa|57\/100|[from] Grassy Terrain\n|-heal|p1b: Zygarde|34\/100|[from] Grassy Terrain\n|-heal|p2a: Jorgen|100\/100|[from] Grassy Terrain\n|-heal|p2b: Sparky|47\/100|[from] Grassy Terrain\n|-damage|p1a: Hoopa|45\/100|[from] Leech Seed|[of] p2b: Sparky\n|-heal|p2b: Sparky|61\/100|[silent]\n|-damage|p1b: Zygarde|21\/100|[from] Leech Seed|[of] p2b: Sparky\n|-heal|p2b: Sparky|77\/100|[silent]\n|-fieldend|move: Trick Room\n|upkeep\n|turn|6\n|\n|t:|1697485132\n|move|p2b: Sparky|Play Rough|p1a: Hoopa\n|-supereffective|p1a: Hoopa\n|-damage|p1a: Hoopa|0 fnt\n|faint|p1a: Hoopa\n|move|p2a: Jorgen|Horn Leech|p1b: Zygarde\n|-damage|p1b: Zygarde|0 fnt\n|faint|p1b: Zygarde\n|\n|-heal|p2b: Sparky|83\/100|[from] Grassy Terrain\n|upkeep\n|\n|t:|1697485144\n|switch|p1b: Ursaluna|Ursaluna, F|100\/100\n|switch|p1a: Indeedee|Indeedee-F, F|100\/100\n|-fieldstart|move: Psychic Terrain|[from] ability: Psychic Surge|[of] p1a: Indeedee\n|turn|7\n|inactive|Battle timer is ON: inactive players will automatically lose when time's up. (requested by hbaef erg)\n|\n|t:|1697485154\n|move|p1b: Ursaluna|Protect|p1b: Ursaluna\n|-singleturn|p1b: Ursaluna|Protect\n|move|p2b: Sparky|Play Rough|p1a: Indeedee\n|-damage|p1a: Indeedee|72\/100\n|move|p2a: Jorgen|Horn Leech|p1b: Ursaluna\n|-activate|p1b: Ursaluna|move: Protect\n|move|p1a: Indeedee|Trick Room|p1a: Indeedee\n|-fieldstart|move: Trick Room|[of] p1a: Indeedee\n|\n|-status|p1b: Ursaluna|brn|[from] item: Flame Orb\n|upkeep\n|turn|8\n|\n|t:|1697485174\n|move|p1a: Indeedee|Follow Me|p1a: Indeedee\n|-singleturn|p1a: Indeedee|move: Follow Me\n|move|p1b: Ursaluna|Facade|p2b: Sparky\n|-damage|p2b: Sparky|0 fnt\n|-damage|p1b: Ursaluna|84\/100 brn|[from] item: Rocky Helmet|[of] p2b: Sparky\n|faint|p2b: Sparky\n|move|p2a: Jorgen|Horn Leech|p1a: Indeedee\n|-damage|p1a: Indeedee|30\/100\n|\n|-damage|p1b: Ursaluna|78\/100 brn|[from] brn\n|upkeep\n|\n|t:|1697485180\n|switch|p2b: Juandissimo|Rapidash-Galar, M|100\/100\n|turn|9\n|\n|t:|1697485196\n|move|p1a: Indeedee|Follow Me|p1a: Indeedee\n|-singleturn|p1a: Indeedee|move: Follow Me\n|move|p1b: Ursaluna|Facade|p2b: Juandissimo\n|-damage|p2b: Juandissimo|0 fnt\n|faint|p2b: Juandissimo\n|move|p2a: Jorgen|Swords Dance|p2a: Jorgen\n|-boost|p2a: Jorgen|atk|2\n|\n|-damage|p1b: Ursaluna|71\/100 brn|[from] brn\n|upkeep\n|turn|10\n|\n|t:|1697485209\n|move|p1a: Indeedee|Helping Hand|p1b: Ursaluna\n|-singleturn|p1b: Ursaluna|Helping Hand|[of] p1a: Indeedee\n|move|p1b: Ursaluna|Facade|p2a: Jorgen\n|-damage|p2a: Jorgen|0 fnt\n|faint|p2a: Jorgen\n|\n|win|hbaef erg\n|raw|hbaef erg's rating: 1076 &rarr; <strong>1103<\/strong><br \/>(+27 for winning)\n|raw|LegendSylveon's rating: 1055 &rarr; <strong>1038<\/strong><br \/>(-17 for losing)\n|l|\u2606LegendSylveon\n","uploadtime":1697485218,"views":4,"p1id":"hbaeferg","p2id":"legendsylveon","formatid":"gen9nationaldexdoubles","rating":1038,"private":0,"password":""}