{"id":"gen9nationaldexdoubles-1981253010","p1":"delicioustree","p2":"Naia_05","format":"[Gen 9] National Dex Doubles","log":"|j|\u2606delicioustree\n|j|\u2606Naia_05\n|t:|1698876628\n|gametype|doubles\n|player|p1|delicioustree|cheren-gen5bw2|1128\n|player|p2|Naia_05|265|1364\n|teamsize|p1|6\n|teamsize|p2|6\n|gen|9\n|tier|[Gen 9] National Dex Doubles\n|rated|\n|rule|HP Percentage Mod: HP is shown in percentages\n|rule|Endless Battle Clause: Forcing endless battles is banned\n|rule|OHKO Clause: OHKO moves are banned\n|rule|Evasion Moves Clause: Evasion moves are banned\n|rule|Evasion Abilities Clause: Evasion abilities are banned\n|rule|Species Clause: Limit one of each Pok\u00e9mon\n|rule|Gravity Sleep Clause: The combination of sleep-inducing moves with imperfect accuracy and Gravity or Gigantamax Orbeetle are banned\n|clearpoke\n|poke|p1|Aegislash, M|\n|poke|p1|Garbodor, M|\n|poke|p1|Audino, F|\n|poke|p1|Jirachi|\n|poke|p1|Indeedee-F, F|\n|poke|p1|Krookodile, M|\n|poke|p2|Shiinotic, M|\n|poke|p2|Sableye, M|\n|poke|p2|Hariyama, M|\n|poke|p2|Mawile, F|\n|poke|p2|Iron Moth|\n|poke|p2|Ursaluna-Bloodmoon, M|\n|teampreview\n|\n|t:|1698876640\n|start\n|switch|p1a: Eye Sword|Aegislash, M|100\/100\n|switch|p1b: Amine|Audino, F|100\/100\n|switch|p2a: Shiinotic|Shiinotic, M|100\/100\n|switch|p2b: Sableye|Sableye, M|100\/100\n|turn|1\n|inactive|Battle timer is ON: inactive players will automatically lose when time's up. (requested by Naia_05)\n|\n|t:|1698876653\n|detailschange|p1b: Amine|Audino-Mega, F\n|-mega|p1b: Amine|Audino|Audinite\n|move|p1a: Eye Sword|King's Shield|p1a: Eye Sword\n|-singleturn|p1a: Eye Sword|Protect\n|move|p2b: Sableye|Skill Swap|p2a: Shiinotic\n|-activate|p2b: Sableye|move: Skill Swap|||[of] p2a: Shiinotic\n|move|p2a: Shiinotic|Spore|p1a: Eye Sword\n|-status|p1a: Eye Sword|slp|[from] move: Spore\n|move|p1b: Amine|Trick Room|p1b: Amine\n|-fieldstart|move: Trick Room|[of] p1b: Amine\n|\n|upkeep\n|turn|2\n|\n|t:|1698876674\n|move|p2a: Shiinotic|Spore|p1a: Eye Sword\n|-fail|p1a: Eye Sword|slp\n|move|p1b: Amine|Draining Kiss|p2b: Sableye\n|-supereffective|p2b: Sableye\n|-damage|p2b: Sableye|55\/100\n|move|p2b: Sableye|Taunt|p1b: Amine\n|-start|p1b: Amine|move: Taunt\n|cant|p1a: Eye Sword|slp\n|\n|upkeep\n|turn|3\n|inactive|delicioustree has 120 seconds left.\n|\n|t:|1698876709\n|move|p2a: Shiinotic|Substitute|p2a: Shiinotic\n|-start|p2a: Shiinotic|Substitute\n|-damage|p2a: Shiinotic|76\/100\n|move|p1b: Amine|Draining Kiss|p2b: Sableye\n|-supereffective|p2b: Sableye\n|-damage|p2b: Sableye|11\/100\n|move|p2b: Sableye|Disable|p1b: Amine\n|-start|p1b: Amine|Disable|Draining Kiss\n|cant|p1a: Eye Sword|slp\n|\n|upkeep\n|turn|4\n|\n|t:|1698876728\n|switch|p1b: Garbage|Garbodor, M|100\/100\n|move|p2a: Shiinotic|Strength Sap|p1a: Eye Sword\n|-unboost|p1a: Eye Sword|atk|1\n|-heal|p2a: Shiinotic|100\/100\n|move|p2b: Sableye|Encore||[still]\n|-fail|p2b: Sableye\n|cant|p1a: Eye Sword|slp\n|\n|upkeep\n|turn|5\n|\n|t:|1698876751\n|move|p2a: Shiinotic|Spore|p1b: Garbage\n|-status|p1b: Garbage|slp|[from] move: Spore\n|move|p2b: Sableye|Taunt|p1a: Eye Sword\n|-start|p1a: Eye Sword|move: Taunt\n|-curestatus|p1a: Eye Sword|slp|[msg]\n|cant|p1a: Eye Sword|move: Taunt|Swords Dance\n|cant|p1b: Garbage|slp\n|\n|-fieldend|move: Trick Room\n|upkeep\n|turn|6\n|\n|t:|1698876769\n|move|p2a: Shiinotic|Spore|p1a: Eye Sword\n|-status|p1a: Eye Sword|slp|[from] move: Spore\n|cant|p1b: Garbage|slp\n|cant|p1a: Eye Sword|slp\n|move|p2b: Sableye|Taunt|p1b: Garbage\n|-start|p1b: Garbage|move: Taunt\n|\n|upkeep\n|turn|7\n|inactive|delicioustree has 120 seconds left.\n|\n|t:|1698876802\n|move|p2a: Shiinotic|Strength Sap|p1a: Eye Sword\n|-unboost|p1a: Eye Sword|atk|1\n|-curestatus|p1b: Garbage|slp|[msg]\n|move|p1b: Garbage|Gunk Shot|p2a: Shiinotic\n|-supereffective|p2a: Shiinotic\n|-end|p2a: Shiinotic|Substitute\n|cant|p1a: Eye Sword|slp\n|move|p2b: Sableye|Encore|p1a: Eye Sword\n|-start|p1a: Eye Sword|Encore\n|\n|-end|p1a: Eye Sword|move: Taunt\n|upkeep\n|turn|8\n|inactive|delicioustree has 120 seconds left.\n|\n|t:|1698876833\n|-curestatus|p1a: Eye Sword|slp|[msg]\n|move|p1a: Eye Sword|King's Shield|p1a: Eye Sword\n|-singleturn|p1a: Eye Sword|Protect\n|move|p2a: Shiinotic|Spore|p1b: Garbage\n|-status|p1b: Garbage|slp|[from] move: Spore\n|cant|p1b: Garbage|slp\n|move|p2b: Sableye|Taunt|p1a: Eye Sword\n|-start|p1a: Eye Sword|move: Taunt\n|\n|upkeep\n|turn|9\n|inactive|delicioustree has 120 seconds left.\n|\n|t:|1698876858\n|switch|p1a: Amine|Audino-Mega, F|100\/100\n|move|p2a: Shiinotic|Substitute|p2a: Shiinotic\n|-start|p2a: Shiinotic|Substitute\n|-damage|p2a: Shiinotic|76\/100\n|cant|p1b: Garbage|slp\n|move|p2b: Sableye|Disable|p1b: Garbage\n|-start|p1b: Garbage|Disable|Gunk Shot\n|\n|-end|p1b: Garbage|move: Taunt\n|upkeep\n|turn|10\n|\n|t:|1698876876\n|move|p2a: Shiinotic|Spore|p1a: Amine\n|-status|p1a: Amine|slp|[from] move: Spore\n|cant|p1b: Garbage|slp\n|cant|p1a: Amine|slp\n|move|p2b: Sableye|Taunt|p1b: Garbage\n|-start|p1b: Garbage|move: Taunt\n|\n|upkeep\n|turn|11\n|\n|t:|1698876895\n|move|p2a: Shiinotic|Strength Sap|p1b: Garbage\n|-unboost|p1b: Garbage|atk|1\n|-heal|p2a: Shiinotic|100\/100\n|-curestatus|p1b: Garbage|slp|[msg]\n|move|p1b: Garbage|Rock Blast|p2b: Sableye\n|-damage|p2b: Sableye|8\/100\n|-damage|p2b: Sableye|4\/100\n|-hitcount|p2b: Sableye|2\n|cant|p1a: Amine|slp\n|cant|p2b: Sableye|flinch\n|\n|upkeep\n|turn|12\n|\n|t:|1698876922\n|move|p2a: Shiinotic|Spore|p1b: Garbage\n|-status|p1b: Garbage|slp|[from] move: Spore\n|cant|p1b: Garbage|slp\n|move|p2b: Sableye|Taunt|p1a: Amine\n|-start|p1a: Amine|move: Taunt\n|cant|p1a: Amine|slp\n|\n|-activate|p1a: Amine|ability: Healer\n|-curestatus|p1b: Garbage|slp|[msg]\n|upkeep\n|turn|13\n|\n|t:|1698876941\n|move|p2a: Shiinotic|Spore|p1b: Garbage\n|-status|p1b: Garbage|slp|[from] move: Spore\n|cant|p1b: Garbage|slp\n|move|p2b: Sableye|Encore|p1b: Garbage\n|-start|p1b: Garbage|Encore\n|-curestatus|p1a: Amine|slp|[msg]\n|move|p1a: Amine|Draining Kiss|p2b: Sableye\n|-supereffective|p2b: Sableye\n|-damage|p2b: Sableye|0 fnt\n|faint|p2b: Sableye\n|\n|-activate|p1a: Amine|ability: Healer\n|-curestatus|p1b: Garbage|slp|[msg]\n|-end|p1b: Garbage|move: Taunt\n|-end|p1b: Garbage|Disable\n|upkeep\n|\n|t:|1698876955\n|switch|p2b: Hariyama|Hariyama, M|100\/100\n|turn|14\n|\n|t:|1698876972\n|move|p2a: Shiinotic|Spore|p1a: Amine\n|-status|p1a: Amine|slp|[from] move: Spore\n|move|p1b: Garbage|Rock Blast|p2a: Shiinotic\n|-activate|p2a: Shiinotic|move: Substitute|[damage]\n|-activate|p2a: Shiinotic|move: Substitute|[damage]\n|-activate|p2a: Shiinotic|move: Substitute|[damage]\n|-hitcount|p2a: Shiinotic|3\n|cant|p1a: Amine|slp\n|move|p2b: Hariyama|Belly Drum|p2b: Hariyama\n|-damage|p2b: Hariyama|50\/100\n|-setboost|p2b: Hariyama|atk|6|[from] move: Belly Drum\n|\n|-end|p1a: Amine|move: Taunt\n|-status|p2b: Hariyama|brn|[from] item: Flame Orb\n|upkeep\n|turn|15\n|\n|t:|1698876996\n|move|p2a: Shiinotic|Spore|p1b: Garbage\n|-status|p1b: Garbage|slp|[from] move: Spore\n|cant|p1b: Garbage|slp\n|cant|p1a: Amine|slp\n|move|p2b: Hariyama|Drain Punch|p1a: Amine\n|-damage|p1a: Amine|0 fnt\n|-heal|p2b: Hariyama|86\/100 brn|[from] drain|[of] p1a: Amine\n|faint|p1a: Amine\n|\n|-damage|p2b: Hariyama|80\/100 brn|[from] brn\n|upkeep\n|\n|t:|1698877009\n|switch|p1a: Eye Sword|Aegislash, M|100\/100\n|turn|16\n|\n|t:|1698877015\n|move|p2a: Shiinotic|Spore|p1a: Eye Sword\n|-status|p1a: Eye Sword|slp|[from] move: Spore\n|cant|p1b: Garbage|slp\n|cant|p1a: Eye Sword|slp\n|move|p2b: Hariyama|Zen Headbutt|p1b: Garbage\n|-supereffective|p1b: Garbage\n|-damage|p1b: Garbage|0 fnt\n|faint|p1b: Garbage\n|\n|-damage|p2b: Hariyama|74\/100 brn|[from] brn\n|upkeep\n|inactive|delicioustree has 120 seconds left.\n|\n|t:|1698877053\n|switch|p1b: Amide|Indeedee-F, F|100\/100\n|-fieldstart|move: Psychic Terrain|[from] ability: Psychic Surge|[of] p1b: Amide\n|turn|17\n|\n|t:|1698877064\n|-terastallize|p1b: Amide|Psychic\n|move|p2a: Shiinotic|After You|p2b: Hariyama\n|-activate|p2b: Hariyama|move: After You\n|move|p2b: Hariyama|Drain Punch|p1b: Amide\n|-resisted|p1b: Amide\n|-damage|p1b: Amide|0 fnt\n|-heal|p2b: Hariyama|100\/100 brn|[from] drain|[of] p1b: Amide\n|faint|p1b: Amide\n|cant|p1a: Eye Sword|slp\n|\n|-damage|p2b: Hariyama|94\/100 brn|[from] brn\n|upkeep\n|inactive|delicioustree has 120 seconds left.\n|l|\u2606delicioustree\n|inactive|delicioustree disconnected and has a minute to reconnect!\n|player|p1|\n|inactive|delicioustree has 30 seconds to reconnect!\n|inactive|delicioustree has 20 seconds to reconnect!\n|inactive|delicioustree has 15 seconds to reconnect!\n|inactive|delicioustree has 10 seconds to reconnect!\n|inactive|delicioustree has 5 seconds to reconnect!\n|-message|delicioustree lost due to inactivity.\n|\n|win|Naia_05\n|raw|delicioustree's rating: 1128 &rarr; <strong>1118<\/strong><br \/>(-10 for losing)\n|raw|Naia_05's rating: 1364 &rarr; <strong>1372<\/strong><br \/>(+8 for winning)\n|j|\u2606delicioustree\n|player|p1|delicioustree|cheren-gen5bw2\n|l|\u2606Naia_05\n|c|\u2606delicioustree|\/\/ability\n","uploadtime":1698877713,"views":6,"p1id":"delicioustree","p2id":"naia05","formatid":"gen9nationaldexdoubles","rating":1118,"private":0,"password":""}