{"id":"gen9nationaldexdoubles-1956442877","p1":"Gladio SLNZ","p2":"Theonlykev","format":"[Gen 9] National Dex Doubles","log":"|j|\u2606Gladio SLNZ\n|j|\u2606Theonlykev\n|t:|1696108269\n|gametype|doubles\n|player|p1|Gladio SLNZ|cynthia|1307\n|player|p2|Theonlykev|ltsurge|1335\n|teamsize|p1|6\n|teamsize|p2|6\n|gen|9\n|tier|[Gen 9] National Dex Doubles\n|rated|\n|rule|HP Percentage Mod: HP is shown in percentages\n|rule|Endless Battle Clause: Forcing endless battles is banned\n|rule|OHKO Clause: OHKO moves are banned\n|rule|Evasion Moves Clause: Evasion moves are banned\n|rule|Evasion Abilities Clause: Evasion abilities are banned\n|rule|Species Clause: Limit one of each Pok\u00e9mon\n|rule|Gravity Sleep Clause: The combination of sleep-inducing moves with imperfect accuracy and Gravity or Gigantamax Orbeetle are banned\n|clearpoke\n|poke|p1|Urshifu-*, M|\n|poke|p1|Arcanine-Hisui, M|\n|poke|p1|Chien-Pao|\n|poke|p1|Sinistcha-Masterpiece|\n|poke|p1|Roaring Moon|\n|poke|p1|Gholdengo|\n|poke|p2|Landorus-Therian, M|\n|poke|p2|Tornadus, M|\n|poke|p2|Enamorus-Therian, F|\n|poke|p2|Thundurus, M|\n|poke|p2|Ogerpon-Hearthflame, F|\n|poke|p2|Palafin, F|\n|teampreview\n|inactive|Battle timer is ON: inactive players will automatically lose when time's up. (requested by Gladio SLNZ)\n|\n|t:|1696108279\n|start\n|switch|p1a: Baojouissant|Chien-Pao|100\/100\n|switch|p1b: Boul Arcanin|Arcanine-Hisui, M|100\/100\n|switch|p2a: Tornadus|Tornadus, M|100\/100\n|switch|p2b: Palafin|Palafin, F|100\/100\n|-ability|p1a: Baojouissant|Sword of Ruin\n|-ability|p1b: Boul Arcanin|Intimidate|boost\n|-unboost|p2a: Tornadus|atk|1\n|-unboost|p2b: Palafin|atk|1\n|turn|1\n|c|\u2606Gladio SLNZ|gl\n|\n|t:|1696108295\n|move|p2a: Tornadus|Tailwind|p2a: Tornadus\n|-sidestart|p2: Theonlykev|move: Tailwind\n|move|p2b: Palafin|Flip Turn|p1b: Boul Arcanin\n|-supereffective|p1b: Boul Arcanin\n|-damage|p1b: Boul Arcanin|0 fnt\n|faint|p1b: Boul Arcanin\n|\n|t:|1696108309\n|detailschange|p2b: Palafin|Palafin-Hero, F\n|switch|p2b: Thundurus|Thundurus, M|100\/100|[from] Flip Turn\n|move|p1a: Baojouissant|Ice Spinner|p2a: Tornadus\n|-supereffective|p2a: Tornadus\n|-enditem|p2a: Tornadus|Focus Sash\n|-damage|p2a: Tornadus|1\/100\n|-damage|p1a: Baojouissant|91\/100|[from] item: Life Orb\n|\n|upkeep\n|\n|t:|1696108329\n|switch|p1b: Ficellor|Gholdengo, shiny|100\/100\n|turn|2\n|\n|t:|1696108339\n|move|p2a: Tornadus|Bleakwind Storm|p1b: Ficellor|[spread] p1a,p1b\n|-resisted|p1b: Ficellor\n|-damage|p1a: Baojouissant|32\/100\n|-damage|p1b: Ficellor|80\/100\n|-unboost|p1b: Ficellor|spe|1\n|move|p2b: Thundurus|Dark Pulse|p1b: Ficellor\n|-supereffective|p1b: Ficellor\n|-damage|p1b: Ficellor|24\/100\n|move|p1a: Baojouissant|Ice Spinner|p2b: Thundurus\n|-supereffective|p2b: Thundurus\n|-damage|p2b: Thundurus|0 fnt\n|faint|p2b: Thundurus\n|-damage|p1a: Baojouissant|22\/100|[from] item: Life Orb\n|move|p1b: Ficellor|Make It Rain|p2a: Tornadus\n|-damage|p2a: Tornadus|0 fnt\n|-unboost|p1b: Ficellor|spa|1\n|faint|p2a: Tornadus\n|\n|upkeep\n|\n|t:|1696108367\n|switch|p2a: Landorus|Landorus-Therian, M|100\/100\n|switch|p2b: Enamorus|Enamorus-Therian, F|100\/100\n|-ability|p2a: Landorus|Intimidate|boost\n|-unboost|p1a: Baojouissant|atk|1\n|-unboost|p1b: Ficellor|atk|1\n|turn|3\n|\n|t:|1696108378\n|move|p2a: Landorus|Earthquake|p1b: Ficellor|[spread] p1a,p1b\n|-immune|p2b: Enamorus\n|-supereffective|p1b: Ficellor\n|-damage|p1a: Baojouissant|0 fnt\n|-damage|p1b: Ficellor|0 fnt\n|faint|p1a: Baojouissant\n|faint|p1b: Ficellor\n|move|p2b: Enamorus|Calm Mind|p2b: Enamorus\n|-boost|p2b: Enamorus|spa|1\n|-boost|p2b: Enamorus|spd|1\n|\n|upkeep\n|\n|t:|1696108386\n|switch|p1a: C'est maTCHAO|Sinistcha-Masterpiece|100\/100\n|switch|p1b: Chi-Dur Chi-Mou|Urshifu-Rapid-Strike, M|100\/100\n|turn|4\n|\n|t:|1696108399\n|move|p2a: Landorus|U-turn|p1b: Chi-Dur Chi-Mou\n|-resisted|p1b: Chi-Dur Chi-Mou\n|-damage|p1b: Chi-Dur Chi-Mou|87\/100\n|\n|t:|1696108407\n|switch|p2a: Palafin|Palafin-Hero, F|100\/100|[from] U-turn\n|-activate|p2a: Palafin|ability: Zero to Hero\n|move|p2b: Enamorus|Springtide Storm|p1a: C'est maTCHAO|[spread] p1a,p1b\n|-supereffective|p1b: Chi-Dur Chi-Mou\n|-damage|p1a: C'est maTCHAO|34\/100\n|-damage|p1b: Chi-Dur Chi-Mou|0 fnt\n|faint|p1b: Chi-Dur Chi-Mou\n|move|p1a: C'est maTCHAO|Matcha Gotcha|p2a: Palafin|[spread] p2a,p2b\n|-supereffective|p2a: Palafin\n|-resisted|p2b: Enamorus\n|-damage|p2a: Palafin|43\/100\n|-heal|p1a: C'est maTCHAO|66\/100|[from] drain|[of] p2a: Palafin\n|-damage|p2b: Enamorus|92\/100\n|-heal|p1a: C'est maTCHAO|70\/100|[from] drain|[of] p2b: Enamorus\n|-status|p2b: Enamorus|brn\n|\n|-heal|p2b: Enamorus|98\/100 brn|[from] item: Leftovers\n|-heal|p1a: C'est maTCHAO|76\/100|[from] item: Leftovers\n|-damage|p2b: Enamorus|92\/100 brn|[from] brn\n|-sideend|p2: Theonlykev|move: Tailwind\n|upkeep\n|\n|t:|1696108409\n|switch|p1b: Rugit Groarr|Roaring Moon|100\/100\n|-enditem|p1b: Rugit Groarr|Booster Energy\n|-activate|p1b: Rugit Groarr|ability: Protosynthesis|[fromitem]\n|-start|p1b: Rugit Groarr|protosynthesisspe\n|turn|5\n|\n|t:|1696108436\n|-terastallize|p1b: Rugit Groarr|Flying\n|move|p2a: Palafin|Jet Punch|p1b: Rugit Groarr\n|-damage|p1b: Rugit Groarr|59\/100\n|move|p1b: Rugit Groarr|Acrobatics|p2a: Palafin\n|-damage|p2a: Palafin|0 fnt\n|faint|p2a: Palafin\n|move|p1a: C'est maTCHAO|Matcha Gotcha|p2b: Enamorus\n|-resisted|p2b: Enamorus\n|-damage|p2b: Enamorus|80\/100 brn\n|-heal|p1a: C'est maTCHAO|82\/100|[from] drain|[of] p2b: Enamorus\n|move|p2b: Enamorus|Springtide Storm|p1b: Rugit Groarr|[spread] p1a\n|-miss|p2b: Enamorus|p1b: Rugit Groarr\n|-damage|p1a: C'est maTCHAO|23\/100\n|-unboost|p1a: C'est maTCHAO|atk|1\n|\n|-heal|p1a: C'est maTCHAO|29\/100|[from] item: Leftovers\n|-heal|p2b: Enamorus|86\/100 brn|[from] item: Leftovers\n|-damage|p2b: Enamorus|80\/100 brn|[from] brn\n|upkeep\n|inactive|Theonlykev has 120 seconds left.\n|\n|t:|1696108457\n|switch|p2a: Landorus|Landorus-Therian, M|100\/100\n|-ability|p2a: Landorus|Intimidate|boost\n|-unboost|p1a: C'est maTCHAO|atk|1\n|-unboost|p1b: Rugit Groarr|atk|1\n|turn|6\n|\n|t:|1696108469\n|move|p1b: Rugit Groarr|Acrobatics|p2b: Enamorus\n|-damage|p2b: Enamorus|52\/100 brn\n|move|p2a: Landorus|Rock Slide|p1a: C'est maTCHAO|[spread] p1a,p1b\n|-supereffective|p1b: Rugit Groarr\n|-damage|p1a: C'est maTCHAO|10\/100\n|-damage|p1b: Rugit Groarr|20\/100\n|move|p1a: C'est maTCHAO|Matcha Gotcha|p2a: Landorus|[spread] p2a\n|-miss|p1a: C'est maTCHAO|p2b: Enamorus\n|-damage|p2a: Landorus|81\/100\n|-heal|p1a: C'est maTCHAO|21\/100|[from] drain|[of] p2a: Landorus\n|move|p2b: Enamorus|Springtide Storm|p1b: Rugit Groarr|[spread] p1a,p1b\n|-damage|p1a: C'est maTCHAO|0 fnt\n|-damage|p1b: Rugit Groarr|0 fnt\n|faint|p1a: C'est maTCHAO\n|faint|p1b: Rugit Groarr\n|-end|p1b: Rugit Groarr|Protosynthesis|[silent]\n|\n|win|Theonlykev\n|raw|Gladio SLNZ's rating: 1307 &rarr; <strong>1289<\/strong><br \/>(-18 for losing)\n|raw|Theonlykev's rating: 1335 &rarr; <strong>1353<\/strong><br \/>(+18 for winning)\n|c|\u2606Gladio SLNZ|gg\n|l|\u2606Gladio SLNZ\n|c|\u2606Theonlykev|Gg\n","uploadtime":1696108492,"views":7,"p1id":"gladioslnz","p2id":"theonlykev","formatid":"gen9nationaldexdoubles","rating":1289,"private":0,"password":""}