{"id":"gen9nationaldexdoubles-1957094509","p1":"hazarama","p2":"Ajhanham","format":"[Gen 9] National Dex Doubles","log":"|j|\u2606hazarama\n|j|\u2606Ajhanham\n|t:|1696185827\n|gametype|doubles\n|player|p1|hazarama|harlequin|\n|player|p2|Ajhanham|janitor|\n|teamsize|p1|4\n|teamsize|p2|4\n|gen|9\n|tier|[Gen 9] National Dex Doubles\n|rule|HP Percentage Mod: HP is shown in percentages\n|rule|Endless Battle Clause: Forcing endless battles is banned\n|rule|OHKO Clause: OHKO moves are banned\n|rule|Evasion Moves Clause: Evasion moves are banned\n|rule|Evasion Abilities Clause: Evasion abilities are banned\n|rule|Species Clause: Limit one of each Pok\u00e9mon\n|rule|Gravity Sleep Clause: The combination of sleep-inducing moves with imperfect accuracy and Gravity or Gigantamax Orbeetle are banned\n|clearpoke\n|poke|p1|Ludicolo, F|\n|poke|p1|Vespiquen, F|\n|poke|p1|Swalot, F|\n|poke|p1|Girafarig, F|\n|poke|p2|Pidgeot, M|\n|poke|p2|Metang|\n|poke|p2|Banette, M|\n|poke|p2|Cacturne, M|\n|teampreview\n|\n|t:|1696185853\n|start\n|switch|p1a: Girafarig|Girafarig, F|100\/100\n|switch|p1b: Ludicolo|Ludicolo, F|100\/100\n|switch|p2a: Banette|Banette, M|100\/100\n|switch|p2b: Pidgeot|Pidgeot, M|100\/100\n|-item|p1a: Girafarig|Colbur Berry|[from] ability: Frisk|[of] p2a: Banette|[identify]\n|-item|p1b: Ludicolo|Leftovers|[from] ability: Frisk|[of] p2a: Banette|[identify]\n|turn|1\n|\n|t:|1696185879\n|move|p2b: Pidgeot|Protect|p2b: Pidgeot\n|-singleturn|p2b: Pidgeot|Protect\n|move|p1b: Ludicolo|Protect|p1b: Ludicolo\n|-singleturn|p1b: Ludicolo|Protect\n|move|p1a: Girafarig|Trick Room|p1a: Girafarig\n|-fieldstart|move: Trick Room|[of] p1a: Girafarig\n|move|p2a: Banette|Trick Room|p2a: Banette\n|-fieldend|move: Trick Room\n|\n|upkeep\n|turn|2\n|c|\u2606hazarama|LOL\n|\n|t:|1696185936\n|switch|p2b: Metang|Metang|100\/100\n|move|p1a: Girafarig|Reflect|p1a: Girafarig\n|-sidestart|p1: hazarama|Reflect\n|move|p2a: Banette|Knock Off|p1a: Girafarig\n|-supereffective|p1a: Girafarig\n|-enditem|p1a: Girafarig|Colbur Berry|[eat]\n|-enditem|p1a: Girafarig|Colbur Berry|[weaken]\n|-damage|p1a: Girafarig|78\/100\n|move|p1b: Ludicolo|Ice Beam|p2b: Metang\n|-resisted|p2b: Metang\n|-damage|p2b: Metang|84\/100\n|\n|upkeep\n|turn|3\n|\n|t:|1696186018\n|-terastallize|p1b: Ludicolo|Fire\n|move|p1a: Girafarig|Light Screen|p1a: Girafarig\n|-sidestart|p1: hazarama|move: Light Screen\n|move|p2a: Banette|Knock Off|p1b: Ludicolo\n|-damage|p1b: Ludicolo|74\/100\n|-enditem|p1b: Ludicolo|Leftovers|[from] move: Knock Off|[of] p2a: Banette\n|move|p2b: Metang|Meteor Mash|p1b: Ludicolo\n|-resisted|p1b: Ludicolo\n|-damage|p1b: Ludicolo|50\/100\n|move|p1b: Ludicolo|Tera Blast|p2b: Metang|[anim] Tera Blast Fire\n|-supereffective|p2b: Metang\n|-damage|p2b: Metang|0 fnt\n|faint|p2b: Metang\n|\n|upkeep\n|\n|t:|1696186051\n|switch|p2b: Pidgeot|Pidgeot, M|100\/100\n|turn|4\n|\n|t:|1696186122\n|move|p2a: Banette|Shadow Sneak|p1b: Ludicolo\n|-damage|p1b: Ludicolo|33\/100\n|move|p2b: Pidgeot|Hurricane|p1b: Ludicolo|[miss]\n|-miss|p2b: Pidgeot|p1b: Ludicolo\n|move|p1b: Ludicolo|Tera Blast|p2b: Pidgeot|[anim] Tera Blast Fire\n|-damage|p2b: Pidgeot|56\/100\n|move|p1a: Girafarig|Trick Room|p1a: Girafarig\n|-fieldstart|move: Trick Room|[of] p1a: Girafarig\n|\n|upkeep\n|turn|5\n|\n|t:|1696186179\n|switch|p1a: Swalot|Swalot, F|100\/100\n|move|p2a: Banette|Shadow Sneak|p1b: Ludicolo\n|-damage|p1b: Ludicolo|16\/100\n|move|p1b: Ludicolo|Ice Beam|p2b: Pidgeot\n|-supereffective|p2b: Pidgeot\n|-damage|p2b: Pidgeot|0 fnt\n|faint|p2b: Pidgeot\n|\n|upkeep\n|\n|t:|1696186189\n|switch|p2b: Cacturne|Cacturne, M|100\/100\n|turn|6\n|\n|t:|1696186256\n|-terastallize|p2a: Banette|Dark\n|move|p2b: Cacturne|Sucker Punch|p1b: Ludicolo\n|-damage|p1b: Ludicolo|0 fnt\n|faint|p1b: Ludicolo\n|-damage|p2b: Cacturne|91\/100|[from] item: Life Orb\n|move|p1a: Swalot|Gunk Shot|p2b: Cacturne\n|-supereffective|p2b: Cacturne\n|-damage|p2b: Cacturne|0 fnt\n|faint|p2b: Cacturne\n|move|p2a: Banette|Knock Off|p1a: Swalot\n|-damage|p1a: Swalot|70\/100\n|-activate|p1a: Swalot|ability: Sticky Hold\n|\n|-sideend|p1: hazarama|Reflect\n|upkeep\n|\n|t:|1696186270\n|switch|p1b: Vespiquen|Vespiquen, F|100\/100\n|-ability|p1b: Vespiquen|Unnerve\n|turn|7\n|\n|t:|1696186308\n|move|p1b: Vespiquen|Bug Buzz|p2a: Banette\n|-supereffective|p2a: Banette\n|-enditem|p2a: Banette|Focus Sash\n|-damage|p2a: Banette|1\/100\n|-damage|p1b: Vespiquen|91\/100|[from] item: Life Orb\n|move|p1a: Swalot|Knock Off|p2a: Banette\n|-resisted|p2a: Banette\n|-damage|p2a: Banette|0 fnt\n|faint|p2a: Banette\n|\n|win|hazarama\n|c|\u2606hazarama|gg\n","uploadtime":1696186335,"views":15,"p1id":"hazarama","p2id":"ajhanham","formatid":"gen9nationaldexdoubles","rating":0,"private":0,"password":""}