{"id":"gen9nationaldexdoubles-1973414939","p1":"Rikard & Frida","p2":"hermiao","format":"[Gen 9] National Dex Doubles","log":"|j|\u2606Rikard & Frida\n|j|\u2606hermiao\n|t:|1697971566\n|gametype|doubles\n|player|p1|Rikard & Frida|youngcouple-gen4dp|1253\n|player|p2|hermiao|skierf|1373\n|teamsize|p1|6\n|teamsize|p2|6\n|gen|9\n|tier|[Gen 9] National Dex Doubles\n|rated|\n|rule|HP Percentage Mod: HP is shown in percentages\n|rule|Endless Battle Clause: Forcing endless battles is banned\n|rule|OHKO Clause: OHKO moves are banned\n|rule|Evasion Moves Clause: Evasion moves are banned\n|rule|Evasion Abilities Clause: Evasion abilities are banned\n|rule|Species Clause: Limit one of each Pok\u00e9mon\n|rule|Gravity Sleep Clause: The combination of sleep-inducing moves with imperfect accuracy and Gravity or Gigantamax Orbeetle are banned\n|clearpoke\n|poke|p1|Electivire, M|\n|poke|p1|Porygon-Z|\n|poke|p1|Sceptile, M|\n|poke|p1|Infernape, M|\n|poke|p1|Greninja-*, M|\n|poke|p1|Salamence, M|\n|poke|p2|Empoleon, M|\n|poke|p2|Charizard, M|\n|poke|p2|Incineroar, F|\n|poke|p2|Great Tusk|\n|poke|p2|Venusaur, F|\n|poke|p2|Umbreon, M|\n|teampreview\n|inactive|Battle timer is ON: inactive players will automatically lose when time's up. (requested by Rikard & Frida)\n|\n|t:|1697971579\n|start\n|switch|p1a: Infernape|Infernape, M|100\/100\n|switch|p1b: Salamence|Salamence, M|100\/100\n|switch|p2a: Incineroar|Incineroar, F|100\/100\n|switch|p2b: Empoleon|Empoleon, M, shiny|100\/100\n|-ability|p1b: Salamence|Intimidate|boost\n|-unboost|p2a: Incineroar|atk|1\n|-unboost|p2b: Empoleon|atk|1\n|-ability|p2b: Empoleon|Competitive|boost\n|-boost|p2b: Empoleon|spa|2\n|-ability|p2a: Incineroar|Intimidate|boost\n|-unboost|p1a: Infernape|atk|1\n|-unboost|p1b: Salamence|atk|1\n|turn|1\n|\n|t:|1697971598\n|detailschange|p1b: Salamence|Salamence-Mega, M\n|-mega|p1b: Salamence|Salamence|Salamencite\n|move|p1a: Infernape|Fake Out|p2a: Incineroar\n|-damage|p2a: Incineroar|93\/100\n|-damage|p1a: Infernape|91\/100|[from] item: Life Orb\n|cant|p2a: Incineroar|flinch\n|move|p1b: Salamence|Dragon Dance|p1b: Salamence\n|-boost|p1b: Salamence|atk|1\n|-boost|p1b: Salamence|spe|1\n|move|p2b: Empoleon|Scald|p1a: Infernape\n|-supereffective|p1a: Infernape\n|-damage|p1a: Infernape|0 fnt\n|faint|p1a: Infernape\n|\n|upkeep\n|\n|t:|1697971614\n|switch|p1a: Greninja|Greninja, M|100\/100\n|turn|2\n|\n|t:|1697971627\n|switch|p2b: Charizard|Charizard, M, shiny|100\/100\n|-terastallize|p1a: Greninja|Water\n|move|p1a: Greninja|Water Shuriken|p2a: Incineroar\n|-supereffective|p2a: Incineroar\n|-damage|p2a: Incineroar|75\/100\n|-supereffective|p2a: Incineroar\n|-damage|p2a: Incineroar|57\/100\n|-supereffective|p2a: Incineroar\n|-damage|p2a: Incineroar|38\/100\n|-supereffective|p2a: Incineroar\n|-damage|p2a: Incineroar|19\/100\n|-enditem|p2a: Incineroar|Iapapa Berry|[eat]\n|-heal|p2a: Incineroar|52\/100|[from] item: Iapapa Berry\n|-supereffective|p2a: Incineroar\n|-damage|p2a: Incineroar|34\/100\n|-hitcount|p2a: Incineroar|5\n|move|p1b: Salamence|Brick Break|p2b: Charizard\n|-resisted|p2b: Charizard\n|-damage|p2b: Charizard|79\/100\n|move|p2a: Incineroar|Parting Shot|p1b: Salamence\n|-unboost|p1b: Salamence|atk|1\n|-unboost|p1b: Salamence|spa|1\n|\n|t:|1697971651\n|switch|p2a: Venusaur|Venusaur, F, shiny|100\/100|[from] Parting Shot\n|\n|upkeep\n|turn|3\n|\n|t:|1697971659\n|detailschange|p2b: Charizard|Charizard-Mega-Y, M, shiny\n|-mega|p2b: Charizard|Charizard|Charizardite Y\n|-weather|SunnyDay|[from] ability: Drought|[of] p2b: Charizard\n|move|p1a: Greninja|Water Shuriken|p2b: Charizard\n|-supereffective|p2b: Charizard\n|-damage|p2b: Charizard|70\/100\n|-supereffective|p2b: Charizard\n|-damage|p2b: Charizard|61\/100\n|-supereffective|p2b: Charizard\n|-damage|p2b: Charizard|52\/100\n|-supereffective|p2b: Charizard\n|-damage|p2b: Charizard|43\/100\n|-hitcount|p2b: Charizard|4\n|move|p1b: Salamence|Double-Edge|p2a: Venusaur\n|-supereffective|p2a: Venusaur\n|-damage|p2a: Venusaur|0 fnt\n|faint|p2a: Venusaur\n|-damage|p1b: Salamence|64\/100|[from] Recoil\n|move|p2b: Charizard|Heat Wave|p1a: Greninja|[spread] p1a,p1b\n|-resisted|p1a: Greninja\n|-resisted|p1b: Salamence\n|-damage|p1a: Greninja|48\/100\n|-damage|p1b: Salamence|30\/100\n|\n|-weather|SunnyDay|[upkeep]\n|upkeep\n|\n|t:|1697971679\n|switch|p2a: Incineroar|Incineroar, F|34\/100\n|-ability|p2a: Incineroar|Intimidate|boost\n|-unboost|p1a: Greninja|atk|1\n|-unboost|p1b: Salamence|atk|1\n|turn|4\n|\n|t:|1697971701\n|move|p2a: Incineroar|Fake Out|p1a: Greninja\n|-damage|p1a: Greninja|31\/100\n|cant|p1a: Greninja|flinch\n|move|p1b: Salamence|Double-Edge|p2b: Charizard\n|-damage|p2b: Charizard|0 fnt\n|faint|p2b: Charizard\n|-damage|p1b: Salamence|16\/100|[from] Recoil\n|\n|-weather|SunnyDay|[upkeep]\n|upkeep\n|\n|t:|1697971722\n|switch|p2b: Empoleon|Empoleon, M, shiny|100\/100\n|turn|5\n|\n|t:|1697971752\n|move|p2a: Incineroar|Protect|p2a: Incineroar\n|-singleturn|p2a: Incineroar|Protect\n|move|p1a: Greninja|Water Shuriken|p2a: Incineroar\n|-activate|p2a: Incineroar|move: Protect\n|move|p1b: Salamence|Brick Break|p2a: Incineroar\n|-activate|p2a: Incineroar|move: Protect\n|move|p2b: Empoleon|Flash Cannon|p1a: Greninja\n|-resisted|p1a: Greninja\n|-damage|p1a: Greninja|4\/100\n|-unboost|p1a: Greninja|spd|1\n|\n|-weather|SunnyDay|[upkeep]\n|upkeep\n|turn|6\n|\n|t:|1697971771\n|switch|p2a: Umbreon|Umbreon, M, shiny|100\/100\n|-terastallize|p2b: Empoleon|Ghost\n|move|p1b: Salamence|Brick Break|p2b: Empoleon\n|-immune|p2b: Empoleon\n|move|p1a: Greninja|Dark Pulse|p2b: Empoleon\n|-supereffective|p2b: Empoleon\n|-damage|p2b: Empoleon|34\/100\n|move|p2b: Empoleon|Flash Cannon|p1b: Salamence\n|-damage|p1b: Salamence|0 fnt\n|faint|p1b: Salamence\n|\n|-weather|SunnyDay|[upkeep]\n|upkeep\n|\n|t:|1697971784\n|switch|p1b: Porygon-Z|Porygon-Z|100\/100\n|turn|7\n|\n|t:|1697971792\n|switch|p2b: Incineroar|Incineroar, F|34\/100\n|-ability|p2b: Incineroar|Intimidate|boost\n|-unboost|p1a: Greninja|atk|1\n|-unboost|p1b: Porygon-Z|atk|1\n|move|p1a: Greninja|Dark Pulse|p2b: Incineroar\n|-resisted|p2b: Incineroar\n|-damage|p2b: Incineroar|16\/100\n|-zpower|p1b: Porygon-Z\n|move|p1b: Porygon-Z|Z-Conversion||[anim]Conversion|[still]\n|-boost|p1b: Porygon-Z|atk|1|[zeffect]\n|-boost|p1b: Porygon-Z|def|1|[zeffect]\n|-boost|p1b: Porygon-Z|spa|1|[zeffect]\n|-boost|p1b: Porygon-Z|spd|1|[zeffect]\n|-boost|p1b: Porygon-Z|spe|1|[zeffect]\n|-fail|p1b: Porygon-Z\n|move|p2a: Umbreon|Toxic|p1b: Porygon-Z\n|-status|p1b: Porygon-Z|tox\n|\n|-weather|none\n|-damage|p1b: Porygon-Z|94\/100 tox|[from] psn\n|upkeep\n|turn|8\n|inactive|hermiao has 120 seconds left.\n|\n|t:|1697971827\n|move|p2b: Incineroar|Fake Out|p1a: Greninja\n|-damage|p1a: Greninja|0 fnt\n|faint|p1a: Greninja\n|move|p1b: Porygon-Z|Tri Attack|p2a: Umbreon\n|-damage|p2a: Umbreon|55\/100\n|move|p2a: Umbreon|Taunt|p1b: Porygon-Z\n|-start|p1b: Porygon-Z|move: Taunt\n|\n|-heal|p2a: Umbreon|62\/100|[from] item: Leftovers\n|-damage|p1b: Porygon-Z|82\/100 tox|[from] psn\n|upkeep\n|inactive|Rikard & Frida has 120 seconds left.\n|\n|t:|1697971841\n|switch|p1a: Electivire|Electivire, M|100\/100\n|turn|9\n|\n|t:|1697971851\n|switch|p2b: Great Tusk|Great Tusk, shiny|100\/100\n|move|p1b: Porygon-Z|Tri Attack|p2a: Umbreon\n|-damage|p2a: Umbreon|18\/100\n|-status|p2a: Umbreon|frz\n|move|p1a: Electivire|Power-Up Punch|p2b: Great Tusk\n|-damage|p2b: Great Tusk|90\/100\n|-boost|p1a: Electivire|atk|1\n|cant|p2a: Umbreon|frz\n|\n|-heal|p2a: Umbreon|24\/100 frz|[from] item: Leftovers\n|-damage|p1b: Porygon-Z|64\/100 tox|[from] psn\n|upkeep\n|turn|10\n|\n|t:|1697971872\n|switch|p2a: Incineroar|Incineroar, F|16\/100\n|-ability|p2a: Incineroar|Intimidate|boost\n|-unboost|p1a: Electivire|atk|1\n|-unboost|p1b: Porygon-Z|atk|1\n|move|p1b: Porygon-Z|Tri Attack|p2b: Great Tusk\n|-damage|p2b: Great Tusk|0 fnt\n|faint|p2b: Great Tusk\n|-end|p2b: Great Tusk|Protosynthesis|[silent]\n|move|p1a: Electivire|Ice Punch|p2a: Incineroar\n|-resisted|p2a: Incineroar\n|-damage|p2a: Incineroar|6\/100\n|\n|-damage|p1b: Porygon-Z|40\/100 tox|[from] psn\n|upkeep\n|\n|t:|1697971885\n|switch|p2b: Empoleon|Empoleon, M, shiny, tera:Ghost|34\/100\n|turn|11\n|\n|t:|1697971895\n|move|p2a: Incineroar|Fake Out|p1b: Porygon-Z\n|-damage|p1b: Porygon-Z|30\/100 tox\n|cant|p1b: Porygon-Z|flinch\n|move|p1a: Electivire|Power-Up Punch|p2a: Incineroar\n|-supereffective|p2a: Incineroar\n|-damage|p2a: Incineroar|0 fnt\n|-boost|p1a: Electivire|atk|1\n|faint|p2a: Incineroar\n|move|p2b: Empoleon|Roost|p2b: Empoleon\n|-heal|p2b: Empoleon|84\/100\n|\n|-damage|p1b: Porygon-Z|0 fnt|[from] psn\n|faint|p1b: Porygon-Z\n|upkeep\n|\n|t:|1697971909\n|switch|p1b: Sceptile|Sceptile, M|100\/100\n|switch|p2a: Umbreon|Umbreon, M, shiny|24\/100 frz\n|turn|12\n|\n|t:|1697971925\n|move|p1b: Sceptile|Energy Ball|p2b: Empoleon\n|-damage|p2b: Empoleon|46\/100\n|move|p1a: Electivire|Power-Up Punch|p2a: Umbreon\n|-supereffective|p2a: Umbreon\n|-damage|p2a: Umbreon|0 fnt\n|-boost|p1a: Electivire|atk|1\n|faint|p2a: Umbreon\n|move|p2b: Empoleon|Scald|p1a: Electivire\n|-damage|p1a: Electivire|58\/100\n|\n|upkeep\n|turn|13\n|-message|hermiao forfeited.\n|\n|win|Rikard & Frida\n|raw|Rikard &amp; Frida's rating: 1253 &rarr; <strong>1285<\/strong><br \/>(+32 for winning)\n|raw|hermiao's rating: 1349 &rarr; <strong>1324<\/strong><br \/>(-25 for losing)\n|l|\u2606hermiao\n","uploadtime":1697971943,"views":13,"p1id":"rikardfrida","p2id":"hermiao","formatid":"gen9nationaldexdoubles","rating":1285,"private":0,"password":""}