{"id":"gen9nationaldexdoubles-1985828708","p1":"Coolrad40","p2":"GoDDanteX","format":"[Gen 9] National Dex Doubles","log":"|j|\u2606Coolrad40\n|j|\u2606GoDDanteX\n|t:|1699410603\n|gametype|doubles\n|player|p1|Coolrad40|veteran|1106\n|player|p2|GoDDanteX|blue|1108\n|teamsize|p1|6\n|teamsize|p2|6\n|gen|9\n|tier|[Gen 9] National Dex Doubles\n|rated|\n|rule|HP Percentage Mod: HP is shown in percentages\n|rule|Endless Battle Clause: Forcing endless battles is banned\n|rule|OHKO Clause: OHKO moves are banned\n|rule|Evasion Moves Clause: Evasion moves are banned\n|rule|Evasion Abilities Clause: Evasion abilities are banned\n|rule|Species Clause: Limit one of each Pok\u00e9mon\n|rule|Gravity Sleep Clause: The combination of sleep-inducing moves with imperfect accuracy and Gravity or Gigantamax Orbeetle are banned\n|clearpoke\n|poke|p1|Crobat, M|\n|poke|p1|Golduck, F|\n|poke|p1|Chesnaught, M|\n|poke|p1|Volcarona, F|\n|poke|p1|Mamoswine, M|\n|poke|p1|Pinsir, F|\n|poke|p2|Keldeo-Resolute|\n|poke|p2|Hippowdon, M|\n|poke|p2|Rillaboom, M|\n|poke|p2|Skeledirge, M|\n|poke|p2|Meloetta|\n|poke|p2|Revavroom, M|\n|teampreview\n|inactive|Battle timer is ON: inactive players will automatically lose when time's up. (requested by Coolrad40)\n|\n|t:|1699410613\n|start\n|switch|p1a: Chesnaught|Chesnaught, M|100\/100\n|switch|p1b: Golduck|Golduck, F|100\/100\n|switch|p2a: Meloetta|Meloetta|100\/100\n|switch|p2b: Revavroom|Revavroom, M|100\/100\n|-item|p2b: Revavroom|Air Balloon\n|turn|1\n|\n|t:|1699410623\n|-terastallize|p2a: Meloetta|Fairy\n|move|p1a: Chesnaught|Spiky Shield|p1a: Chesnaught\n|-singleturn|p1a: Chesnaught|move: Protect\n|move|p2a: Meloetta|Dazzling Gleam|p1a: Chesnaught|[spread] p1b\n|-activate|p1a: Chesnaught|move: Protect\n|-damage|p1b: Golduck|58\/100\n|move|p2b: Revavroom|Shift Gear|p2b: Revavroom\n|-boost|p2b: Revavroom|spe|2\n|-boost|p2b: Revavroom|atk|1\n|move|p1b: Golduck|Scald|p2b: Revavroom\n|-damage|p2b: Revavroom|21\/100\n|-enditem|p2b: Revavroom|Air Balloon\n|-damage|p1b: Golduck|48\/100|[from] item: Life Orb\n|\n|upkeep\n|turn|2\n|\n|t:|1699410651\n|switch|p1a: Volcarona|Volcarona, F|100\/100\n|move|p2b: Revavroom|Poison Jab|p1a: Volcarona\n|-damage|p1a: Volcarona|8\/100\n|move|p2a: Meloetta|Dazzling Gleam|p1a: Volcarona|[spread] p1a,p1b\n|-resisted|p1a: Volcarona\n|-damage|p1a: Volcarona|0 fnt\n|-damage|p1b: Golduck|8\/100\n|faint|p1a: Volcarona\n|move|p1b: Golduck|Clear Smog|p2a: Meloetta\n|-supereffective|p2a: Meloetta\n|-damage|p2a: Meloetta|69\/100\n|-clearboost|p2a: Meloetta\n|-damage|p1b: Golduck|0 fnt|[from] item: Life Orb\n|faint|p1b: Golduck\n|\n|upkeep\n|inactive|Coolrad40 has 120 seconds left.\n|\n|t:|1699410670\n|switch|p1a: Crobat|Crobat, M|100\/100\n|switch|p1b: Chesnaught|Chesnaught, M|100\/100\n|turn|3\n|\n|t:|1699410681\n|move|p2b: Revavroom|Iron Head|p1a: Crobat\n|-damage|p1a: Crobat|14\/100\n|-enditem|p1a: Crobat|Liechi Berry|[eat]\n|-boost|p1a: Crobat|atk|1|[from] item: Liechi Berry\n|move|p2a: Meloetta|Dazzling Gleam|p1b: Chesnaught|[spread] p1a,p1b\n|-resisted|p1a: Crobat\n|-supereffective|p1b: Chesnaught\n|-damage|p1a: Crobat|0 fnt\n|-damage|p1b: Chesnaught|31\/100\n|faint|p1a: Crobat\n|move|p1b: Chesnaught|Leech Seed|p2a: Meloetta\n|-start|p2a: Meloetta|move: Leech Seed\n|\n|-damage|p2a: Meloetta|57\/100|[from] Leech Seed|[of] p1b: Chesnaught\n|-heal|p1b: Chesnaught|42\/100|[silent]\n|upkeep\n|\n|t:|1699410694\n|switch|p1a: Pinsir|Pinsir, F|100\/100\n|turn|4\n|\n|t:|1699410701\n|detailschange|p1a: Pinsir|Pinsir-Mega, F\n|-mega|p1a: Pinsir|Pinsir|Pinsirite\n|move|p1b: Chesnaught|Spiky Shield|p1b: Chesnaught\n|-singleturn|p1b: Chesnaught|move: Protect\n|move|p1a: Pinsir|Quick Attack|p2b: Revavroom\n|-resisted|p2b: Revavroom\n|-damage|p2b: Revavroom|4\/100\n|move|p2b: Revavroom|Iron Head|p1a: Pinsir\n|-damage|p1a: Pinsir|35\/100\n|move|p2a: Meloetta|Dazzling Gleam|p1b: Chesnaught|[spread] p1a\n|-activate|p1b: Chesnaught|move: Protect\n|-damage|p1a: Pinsir|0 fnt\n|faint|p1a: Pinsir\n|\n|-damage|p2a: Meloetta|44\/100|[from] Leech Seed|[of] p1b: Chesnaught\n|-heal|p1b: Chesnaught|53\/100|[silent]\n|upkeep\n|\n|t:|1699410716\n|switch|p1a: Mamoswine|Mamoswine, M|100\/100\n|turn|5\n|\n|t:|1699410725\n|move|p1a: Mamoswine|Ice Shard|p2b: Revavroom\n|-resisted|p2b: Revavroom\n|-damage|p2b: Revavroom|0 fnt\n|faint|p2b: Revavroom\n|move|p2a: Meloetta|Dazzling Gleam|p1a: Mamoswine|[spread] p1a,p1b\n|-supereffective|p1b: Chesnaught\n|-damage|p1a: Mamoswine|62\/100\n|-damage|p1b: Chesnaught|0 fnt\n|faint|p1b: Chesnaught\n|\n|upkeep\n|\n|t:|1699410728\n|switch|p2b: Keldeo|Keldeo-Resolute|100\/100\n|turn|6\n|\n|t:|1699410737\n|-terastallize|p1a: Mamoswine|Ice\n|move|p1a: Mamoswine|Ice Shard|p2a: Meloetta\n|-damage|p2a: Meloetta|9\/100\n|move|p2a: Meloetta|Dazzling Gleam|p1a: Mamoswine\n|-damage|p1a: Mamoswine|13\/100\n|move|p2b: Keldeo|Secret Sword|p1a: Mamoswine\n|-supereffective|p1a: Mamoswine\n|-enditem|p1a: Mamoswine|Chople Berry|[eat]\n|-enditem|p1a: Mamoswine|Chople Berry|[weaken]\n|-damage|p1a: Mamoswine|0 fnt\n|faint|p1a: Mamoswine\n|\n|win|GoDDanteX\n|raw|Coolrad40's rating: 1106 &rarr; <strong>1081<\/strong><br \/>(-25 for losing)\n|raw|GoDDanteX's rating: 1108 &rarr; <strong>1133<\/strong><br \/>(+25 for winning)\n|l|\u2606Coolrad40\n","uploadtime":1699410754,"views":23,"p1id":"coolrad40","p2id":"goddantex","formatid":"gen9nationaldexdoubles","rating":1081,"private":0,"password":""}