{"id":"gen9nationaldexdoubles-1986263388","p1":"Drakerson","p2":"Patatas6712","format":"[Gen 9] National Dex Doubles","log":"|j|\u2606Drakerson\n|j|\u2606Patatas6712\n|t:|1699464435\n|gametype|doubles\n|player|p1|Drakerson|benga|1103\n|player|p2|Patatas6712|riley|1082\n|teamsize|p1|6\n|teamsize|p2|6\n|gen|9\n|tier|[Gen 9] National Dex Doubles\n|rated|\n|rule|HP Percentage Mod: HP is shown in percentages\n|rule|Endless Battle Clause: Forcing endless battles is banned\n|rule|OHKO Clause: OHKO moves are banned\n|rule|Evasion Moves Clause: Evasion moves are banned\n|rule|Evasion Abilities Clause: Evasion abilities are banned\n|rule|Species Clause: Limit one of each Pok\u00e9mon\n|rule|Gravity Sleep Clause: The combination of sleep-inducing moves with imperfect accuracy and Gravity or Gigantamax Orbeetle are banned\n|clearpoke\n|poke|p1|Charizard, F|\n|poke|p1|Torkoal, M|\n|poke|p1|Ceruledge, M|\n|poke|p1|Lilligant-Hisui, F|\n|poke|p1|Walking Wake|\n|poke|p1|Venusaur, F|\n|poke|p2|Rillaboom, M|\n|poke|p2|Sceptile, M|\n|poke|p2|Armarouge, F|\n|poke|p2|Indeedee-F, F|\n|poke|p2|Sneasler, F|\n|poke|p2|Empoleon, F|\n|teampreview\n|c|\u2606Drakerson|hello again\n|\n|t:|1699464449\n|start\n|switch|p1a: Torkoal|Torkoal, M|100\/100\n|switch|p1b: Walking Wake|Walking Wake|100\/100\n|switch|p2a: Indeedee|Indeedee-F, F|100\/100\n|switch|p2b: Armarouge|Armarouge, F|100\/100\n|-fieldstart|move: Psychic Terrain|[from] ability: Psychic Surge|[of] p2a: Indeedee\n|-enditem|p2b: Armarouge|Psychic Seed\n|-boost|p2b: Armarouge|spd|1|[from] item: Psychic Seed\n|-weather|SunnyDay|[from] ability: Drought|[of] p1a: Torkoal\n|-activate|p1b: Walking Wake|ability: Protosynthesis\n|-start|p1b: Walking Wake|protosynthesisspa\n|turn|1\n|inactive|Battle timer is ON: inactive players will automatically lose when time's up. (requested by Drakerson)\n|\n|t:|1699464489\n|move|p1a: Torkoal|Protect|p1a: Torkoal\n|-singleturn|p1a: Torkoal|Protect\n|move|p2a: Indeedee|Follow Me|p2a: Indeedee\n|-singleturn|p2a: Indeedee|move: Follow Me\n|move|p1b: Walking Wake|Hydro Steam|p2a: Indeedee\n|-damage|p2a: Indeedee|1\/100\n|move|p2b: Armarouge|Expanding Force|p1a: Torkoal|[spread] p1b\n|-activate|p1a: Torkoal|move: Protect\n|-damage|p1b: Walking Wake|69\/100\n|\n|-weather|SunnyDay|[upkeep]\n|upkeep\n|turn|2\n|\n|t:|1699464509\n|switch|p1a: Lilligant|Lilligant-Hisui, F, shiny|100\/100\n|move|p2a: Indeedee|Dazzling Gleam|p1a: Lilligant|[spread] p1a,p1b\n|-supereffective|p1a: Lilligant\n|-supereffective|p1b: Walking Wake\n|-damage|p1a: Lilligant|49\/100\n|-damage|p1b: Walking Wake|45\/100\n|move|p1b: Walking Wake|Hydro Steam|p2b: Armarouge\n|-supereffective|p2b: Armarouge\n|-damage|p2b: Armarouge|18\/100\n|move|p2b: Armarouge|Expanding Force|p1b: Walking Wake|[spread] p1a,p1b\n|-supereffective|p1a: Lilligant\n|-damage|p1a: Lilligant|0 fnt\n|-damage|p1b: Walking Wake|11\/100\n|faint|p1a: Lilligant\n|\n|-weather|SunnyDay|[upkeep]\n|upkeep\n|\n|t:|1699464522\n|switch|p1a: Torkoal|Torkoal, M|100\/100\n|turn|3\n|\n|t:|1699464531\n|move|p2a: Indeedee|Follow Me|p2a: Indeedee\n|-singleturn|p2a: Indeedee|move: Follow Me\n|move|p1b: Walking Wake|Scald|p2a: Indeedee\n|-damage|p2a: Indeedee|0 fnt\n|faint|p2a: Indeedee\n|move|p2b: Armarouge|Expanding Force|p1b: Walking Wake|[spread] p1a,p1b\n|-damage|p1a: Torkoal|39\/100\n|-damage|p1b: Walking Wake|0 fnt\n|faint|p1b: Walking Wake\n|-end|p1b: Walking Wake|Protosynthesis|[silent]\n|move|p1a: Torkoal|Eruption|p2b: Armarouge\n|-start|p2b: Armarouge|ability: Flash Fire\n|\n|-weather|SunnyDay|[upkeep]\n|upkeep\n|\n|t:|1699464557\n|switch|p2a: Empoleon|Empoleon, F|100\/100\n|switch|p1b: Ceruledge|Ceruledge, M|100\/100\n|turn|4\n|\n|t:|1699464581\n|move|p1b: Ceruledge|Shadow Claw|p2b: Armarouge\n|-supereffective|p2b: Armarouge\n|-damage|p2b: Armarouge|0 fnt\n|faint|p2b: Armarouge\n|move|p2a: Empoleon|Air Slash|p1b: Ceruledge\n|-crit|p1b: Ceruledge\n|-damage|p1b: Ceruledge|58\/100\n|move|p1a: Torkoal|Body Press|p2a: Empoleon\n|-supereffective|p2a: Empoleon\n|-damage|p2a: Empoleon|23\/100\n|\n|-weather|SunnyDay|[upkeep]\n|-heal|p2a: Empoleon|30\/100|[from] item: Leftovers\n|upkeep\n|\n|t:|1699464590\n|switch|p2b: Rillaboom|Rillaboom, M|100\/100\n|-fieldstart|move: Grassy Terrain|[from] ability: Grassy Surge|[of] p2b: Rillaboom\n|turn|5\n|inactive|Patatas6712 has 120 seconds left.\n|\n|t:|1699464636\n|switch|p1a: Venusaur|Venusaur, F, shiny|100\/100\n|move|p2b: Rillaboom|Grassy Glide|p1b: Ceruledge\n|-resisted|p1b: Ceruledge\n|-damage|p1b: Ceruledge|32\/100\n|move|p1b: Ceruledge|Bitter Blade|p2a: Empoleon\n|-damage|p2a: Empoleon|0 fnt\n|-heal|p1b: Ceruledge|48\/100|[from] drain|[of] p2a: Empoleon\n|faint|p2a: Empoleon\n|\n|-weather|none\n|-heal|p1b: Ceruledge|54\/100|[from] Grassy Terrain\n|upkeep\n|\n|t:|1699464644\n|switch|p2a: Sceptile|Sceptile, M|100\/100\n|-enditem|p2a: Sceptile|Grassy Seed\n|-boost|p2a: Sceptile|def|1|[from] item: Grassy Seed\n|turn|6\n|inactive|Patatas6712 has 120 seconds left.\n|\n|t:|1699464663\n|-terastallize|p2a: Sceptile|Fire\n|move|p2a: Sceptile|Hidden Power|p1a: Venusaur\n|-supereffective|p1a: Venusaur\n|-damage|p1a: Venusaur|36\/100\n|move|p1a: Venusaur|Solar Beam||[still]\n|-prepare|p1a: Venusaur|Solar Beam\n|move|p2b: Rillaboom|Wood Hammer|p1b: Ceruledge\n|-resisted|p1b: Ceruledge\n|-damage|p1b: Ceruledge|0 fnt\n|faint|p1b: Ceruledge\n|-damage|p2b: Rillaboom|86\/100|[from] Recoil\n|\n|-heal|p1a: Venusaur|42\/100|[from] Grassy Terrain\n|-heal|p2b: Rillaboom|92\/100|[from] Grassy Terrain\n|upkeep\n|\n|t:|1699464675\n|switch|p1b: Torkoal|Torkoal, M|39\/100\n|-weather|SunnyDay|[from] ability: Drought|[of] p1b: Torkoal\n|turn|7\n|\n|t:|1699464684\n|move|p1a: Venusaur|Solar Beam|p2a: Sceptile|[from]lockedmove\n|-resisted|p2a: Sceptile\n|-damage|p2a: Sceptile|52\/100\n|move|p2a: Sceptile|Hidden Power|p1a: Venusaur\n|-supereffective|p1a: Venusaur\n|-damage|p1a: Venusaur|0 fnt\n|faint|p1a: Venusaur\n|move|p2b: Rillaboom|Wood Hammer|p1b: Torkoal\n|-resisted|p1b: Torkoal\n|-damage|p1b: Torkoal|15\/100\n|-damage|p2b: Rillaboom|84\/100|[from] Recoil\n|move|p1b: Torkoal|Eruption|p2b: Rillaboom|[spread] p2a,p2b\n|-resisted|p2a: Sceptile\n|-supereffective|p2b: Rillaboom\n|-damage|p2a: Sceptile|46\/100\n|-damage|p2b: Rillaboom|64\/100\n|\n|-weather|SunnyDay|[upkeep]\n|-heal|p2a: Sceptile|52\/100|[from] Grassy Terrain\n|-heal|p2b: Rillaboom|71\/100|[from] Grassy Terrain\n|-heal|p1b: Torkoal|21\/100|[from] Grassy Terrain\n|upkeep\n|\n|t:|1699464693\n|switch|p1a: Charizard|Charizard, F|100\/100\n|turn|8\n|\n|t:|1699464706\n|-terastallize|p1a: Charizard|Fire\n|move|p2a: Sceptile|Dragon Pulse|p1a: Charizard\n|-damage|p1a: Charizard|64\/100\n|move|p1a: Charizard|Flamethrower|p2b: Rillaboom\n|-supereffective|p2b: Rillaboom\n|-damage|p2b: Rillaboom|0 fnt\n|faint|p2b: Rillaboom\n|move|p1b: Torkoal|Body Press|p2a: Sceptile\n|-damage|p2a: Sceptile|13\/100\n|\n|-weather|SunnyDay|[upkeep]\n|-damage|p1a: Charizard|52\/100|[from] ability: Solar Power|[of] p1a: Charizard\n|-heal|p2a: Sceptile|19\/100|[from] Grassy Terrain\n|-heal|p1a: Charizard|58\/100|[from] Grassy Terrain\n|-heal|p1b: Torkoal|27\/100|[from] Grassy Terrain\n|upkeep\n|\n|t:|1699464716\n|switch|p2b: Sneasler|Sneasler, F|100\/100\n|turn|9\n|\n|t:|1699464729\n|move|p2b: Sneasler|Fake Out|p1a: Charizard\n|-damage|p1a: Charizard|36\/100\n|move|p2a: Sceptile|Dragon Pulse|p1b: Torkoal\n|-damage|p1b: Torkoal|0 fnt\n|faint|p1b: Torkoal\n|cant|p1a: Charizard|flinch\n|\n|-weather|SunnyDay|[upkeep]\n|-damage|p1a: Charizard|23\/100|[from] ability: Solar Power|[of] p1a: Charizard\n|-heal|p2a: Sceptile|25\/100|[from] Grassy Terrain\n|-heal|p1a: Charizard|29\/100|[from] Grassy Terrain\n|upkeep\n|turn|10\n|\n|t:|1699464754\n|move|p2a: Sceptile|Dragon Pulse|p1a: Charizard\n|-damage|p1a: Charizard|0 fnt\n|faint|p1a: Charizard\n|\n|win|Patatas6712\n|raw|Drakerson's rating: 1103 &rarr; <strong>1076<\/strong><br \/>(-27 for losing)\n|raw|Patatas6712's rating: 1082 &rarr; <strong>1111<\/strong><br \/>(+29 for winning)\n|c|\u2606Patatas6712|GG\n|c|\u2606Drakerson|ez\n","uploadtime":1699464767,"views":11,"p1id":"drakerson","p2id":"patatas6712","formatid":"gen9nationaldexdoubles","rating":1076,"private":0,"password":""}