{"id":"gen9nationaldexdoubles-1973047352","p1":"Tonni stark","p2":"Shnipe_Cizy","format":"[Gen 9] National Dex Doubles","log":"|j|\u2606Tonni stark\n|j|\u2606Shnipe_Cizy\n|t:|1697921955\n|gametype|doubles\n|player|p1|Tonni stark|2|1249\n|player|p2|Shnipe_Cizy|lucas|1450\n|teamsize|p1|6\n|teamsize|p2|6\n|gen|9\n|tier|[Gen 9] National Dex Doubles\n|rated|\n|rule|HP Percentage Mod: HP is shown in percentages\n|rule|Endless Battle Clause: Forcing endless battles is banned\n|rule|OHKO Clause: OHKO moves are banned\n|rule|Evasion Moves Clause: Evasion moves are banned\n|rule|Evasion Abilities Clause: Evasion abilities are banned\n|rule|Species Clause: Limit one of each Pok\u00e9mon\n|rule|Gravity Sleep Clause: The combination of sleep-inducing moves with imperfect accuracy and Gravity or Gigantamax Orbeetle are banned\n|clearpoke\n|poke|p1|Electrode|\n|poke|p1|Druddigon, M|\n|poke|p1|Escavalier, F|\n|poke|p1|Reuniclus, M|\n|poke|p1|Mamoswine, F|\n|poke|p1|Sinistcha-Masterpiece|\n|poke|p2|Palafin, F|\n|poke|p2|Incineroar, F|\n|poke|p2|Amoonguss, F|\n|poke|p2|Flutter Mane|\n|poke|p2|Ninetales-Alola, M|\n|poke|p2|Chien-Pao|\n|teampreview\n|inactive|Battle timer is ON: inactive players will automatically lose when time's up. (requested by Tonni stark)\n|\n|t:|1697921977\n|start\n|switch|p1a: Druddigon|Druddigon, M|100\/100\n|switch|p1b: Reuniclus|Reuniclus, M, shiny|100\/100\n|switch|p2a: Palafin|Palafin, F|100\/100\n|switch|p2b: Flutter Mane|Flutter Mane|100\/100\n|turn|1\n|\n|t:|1697921986\n|detailschange|p2a: Palafin|Palafin-Hero, F\n|switch|p2a: Amoonguss|Amoonguss, F|100\/100\n|-terastallize|p2b: Flutter Mane|Fairy\n|-terastallize|p1a: Druddigon|Steel\n|move|p2b: Flutter Mane|Dazzling Gleam|p1b: Reuniclus|[spread] p1a,p1b\n|-resisted|p1a: Druddigon\n|-damage|p1a: Druddigon|73\/100\n|-damage|p1b: Reuniclus|52\/100\n|move|p1a: Druddigon|Glare|p2b: Flutter Mane\n|-status|p2b: Flutter Mane|par\n|move|p1b: Reuniclus|Energy Ball|p2a: Amoonguss\n|-resisted|p2a: Amoonguss\n|-damage|p2a: Amoonguss|95\/100\n|\n|-heal|p1b: Reuniclus|58\/100|[from] item: Leftovers\n|upkeep\n|turn|2\n|\n|t:|1697922006\n|cant|p2b: Flutter Mane|par\n|move|p2a: Amoonguss|Spore|p1a: Druddigon\n|-status|p1a: Druddigon|slp|[from] move: Spore\n|cant|p1a: Druddigon|slp\n|move|p1b: Reuniclus|Psychic|p2a: Amoonguss\n|-supereffective|p2a: Amoonguss\n|-damage|p2a: Amoonguss|20\/100\n|-enditem|p2a: Amoonguss|Aguav Berry|[eat]\n|-heal|p2a: Amoonguss|53\/100|[from] item: Aguav Berry\n|\n|-heal|p1b: Reuniclus|65\/100|[from] item: Leftovers\n|upkeep\n|turn|3\n|\n|t:|1697922030\n|move|p2b: Flutter Mane|Dazzling Gleam|p1b: Reuniclus|[spread] p1a,p1b\n|-resisted|p1a: Druddigon\n|-crit|p1a: Druddigon\n|-damage|p1a: Druddigon|36\/100 slp\n|-damage|p1b: Reuniclus|20\/100\n|move|p2a: Amoonguss|Spore|p1b: Reuniclus\n|-status|p1b: Reuniclus|slp|[from] move: Spore\n|cant|p1a: Druddigon|slp\n|cant|p1b: Reuniclus|slp\n|\n|-heal|p1b: Reuniclus|26\/100 slp|[from] item: Leftovers\n|upkeep\n|turn|4\n|\n|t:|1697922038\n|switch|p2a: Incineroar|Incineroar, F|100\/100\n|-ability|p2a: Incineroar|Intimidate|boost\n|-unboost|p1a: Druddigon|atk|1\n|-unboost|p1b: Reuniclus|atk|1\n|move|p2b: Flutter Mane|Dazzling Gleam|p1b: Reuniclus|[spread] p1a,p1b\n|-resisted|p1a: Druddigon\n|-damage|p1a: Druddigon|9\/100 slp\n|-damage|p1b: Reuniclus|0 fnt\n|faint|p1b: Reuniclus\n|cant|p1a: Druddigon|slp\n|\n|upkeep\n|\n|t:|1697922046\n|switch|p1b: Mamoswine|Mamoswine, F|100\/100\n|turn|5\n|\n|t:|1697922052\n|move|p2a: Incineroar|Fake Out|p1b: Mamoswine\n|-damage|p1b: Mamoswine|88\/100\n|cant|p1b: Mamoswine|flinch\n|move|p2b: Flutter Mane|Dazzling Gleam|p1b: Mamoswine|[spread] p1a,p1b\n|-resisted|p1a: Druddigon\n|-damage|p1a: Druddigon|0 fnt\n|-damage|p1b: Mamoswine|24\/100\n|faint|p1a: Druddigon\n|\n|upkeep\n|\n|t:|1697922066\n|switch|p1a: Sinistcha|Sinistcha-Masterpiece, shiny|100\/100\n|-heal|p1b: Mamoswine|49\/100|[from] ability: Hospitality|[of] p1a: Sinistcha\n|turn|6\n|\n|t:|1697922071\n|switch|p2a: Ninetales|Ninetales-Alola, M, shiny|100\/100\n|-weather|Snow|[from] ability: Snow Warning|[of] p2a: Ninetales\n|move|p1b: Mamoswine|High Horsepower|p2a: Ninetales\n|-damage|p2a: Ninetales|57\/100\n|move|p2b: Flutter Mane|Dazzling Gleam|p1a: Sinistcha|[spread] p1a,p1b\n|-damage|p1a: Sinistcha|47\/100\n|-damage|p1b: Mamoswine|0 fnt\n|faint|p1b: Mamoswine\n|move|p1a: Sinistcha|Trick Room|p1a: Sinistcha\n|-fieldstart|move: Trick Room|[of] p1a: Sinistcha\n|\n|-weather|Snow|[upkeep]\n|-heal|p1a: Sinistcha|53\/100|[from] item: Leftovers\n|upkeep\n|\n|t:|1697922082\n|switch|p1b: Escavalier|Escavalier, F|100\/100\n|turn|7\n|\n|t:|1697922095\n|move|p1b: Escavalier|Iron Head|p2b: Flutter Mane\n|-supereffective|p2b: Flutter Mane\n|-damage|p2b: Flutter Mane|0 fnt\n|faint|p2b: Flutter Mane\n|-end|p2b: Flutter Mane|Protosynthesis|[silent]\n|move|p1a: Sinistcha|Matcha Gotcha|p2a: Ninetales|[miss]\n|-miss|p1a: Sinistcha|p2a: Ninetales\n|move|p2a: Ninetales|Aurora Veil|p2a: Ninetales\n|-sidestart|p2: Shnipe_Cizy|move: Aurora Veil\n|\n|-weather|Snow|[upkeep]\n|-heal|p1a: Sinistcha|59\/100|[from] item: Leftovers\n|upkeep\n|\n|t:|1697922103\n|switch|p2b: Incineroar|Incineroar, F|100\/100\n|-ability|p2b: Incineroar|Intimidate|boost\n|-unboost|p1a: Sinistcha|atk|1\n|-unboost|p1b: Escavalier|atk|1\n|turn|8\n|\n|t:|1697922115\n|switch|p2a: Amoonguss|Amoonguss, F|87\/100\n|move|p1a: Sinistcha|Protect|p1a: Sinistcha\n|-singleturn|p1a: Sinistcha|Protect\n|move|p1b: Escavalier|Iron Head|p2a: Amoonguss\n|-damage|p2a: Amoonguss|72\/100\n|move|p2b: Incineroar|Flare Blitz|p1b: Escavalier\n|-supereffective|p1b: Escavalier\n|-damage|p1b: Escavalier|0 fnt\n|faint|p1b: Escavalier\n|-damage|p2b: Incineroar|77\/100|[from] Recoil\n|\n|-weather|Snow|[upkeep]\n|-heal|p1a: Sinistcha|65\/100|[from] item: Leftovers\n|upkeep\n|\n|t:|1697922119\n|switch|p1b: Electrode|Electrode|100\/100\n|turn|9\n|\n|t:|1697922129\n|move|p2a: Amoonguss|Spore|p1b: Electrode\n|-status|p1b: Electrode|slp|[from] move: Spore\n|move|p1a: Sinistcha|Shadow Ball|p2a: Amoonguss\n|-damage|p2a: Amoonguss|45\/100\n|move|p2b: Incineroar|Flare Blitz|p1a: Sinistcha\n|-supereffective|p1a: Sinistcha\n|-damage|p1a: Sinistcha|0 fnt\n|faint|p1a: Sinistcha\n|-damage|p2b: Incineroar|58\/100|[from] Recoil\n|cant|p1b: Electrode|slp\n|\n|-weather|Snow|[upkeep]\n|upkeep\n|turn|10\n|\n|t:|1697922140\n|move|p2a: Amoonguss|Pollen Puff|p2b: Incineroar\n|-heal|p2b: Incineroar|100\/100\n|move|p2b: Incineroar|Flare Blitz|p1b: Electrode\n|-damage|p1b: Electrode|21\/100 slp\n|-damage|p2b: Incineroar|83\/100|[from] Recoil\n|-curestatus|p1b: Electrode|slp|[msg]\n|move|p1b: Electrode|Hidden Power|p2a: Amoonguss\n|-supereffective|p2a: Amoonguss\n|-damage|p2a: Amoonguss|19\/100\n|-damage|p1b: Electrode|11\/100|[from] item: Life Orb\n|\n|-weather|none\n|-fieldend|move: Trick Room\n|upkeep\n|turn|11\n|-message|Tonni stark forfeited.\n|\n|win|Shnipe_Cizy\n|raw|Tonni stark's rating: 1249 &rarr; <strong>1237<\/strong><br \/>(-12 for losing)\n|raw|Shnipe_Cizy's rating: 1450 &rarr; <strong>1460<\/strong><br \/>(+10 for winning)\n|l|\u2606Tonni stark\n","uploadtime":1697922167,"views":7,"p1id":"tonnistark","p2id":"shnipecizy","formatid":"gen9nationaldexdoubles","rating":1237,"private":0,"password":""}