{"id":"gen9nationaldexdoubles-1972442021","p1":"Jfj fj h gj","p2":"Actually try","format":"[Gen 9] National Dex Doubles","log":"|j|\u2606Jfj fj h gj\n|j|\u2606Actually try\n|t:|1697843261\n|gametype|doubles\n|player|p1|Jfj fj h gj|lucas|1119\n|player|p2|Actually try|1|1000\n|teamsize|p1|6\n|teamsize|p2|6\n|gen|9\n|tier|[Gen 9] National Dex Doubles\n|rated|\n|rule|HP Percentage Mod: HP is shown in percentages\n|rule|Endless Battle Clause: Forcing endless battles is banned\n|rule|OHKO Clause: OHKO moves are banned\n|rule|Evasion Moves Clause: Evasion moves are banned\n|rule|Evasion Abilities Clause: Evasion abilities are banned\n|rule|Species Clause: Limit one of each Pok\u00e9mon\n|rule|Gravity Sleep Clause: The combination of sleep-inducing moves with imperfect accuracy and Gravity or Gigantamax Orbeetle are banned\n|clearpoke\n|poke|p1|Blastoise, F|\n|poke|p1|Clefable, M|\n|poke|p1|Indeedee-F, F|\n|poke|p1|Mr. Mime, F|\n|poke|p1|Glastrier|\n|poke|p1|Oranguru, M|\n|poke|p2|Tapu Koko|\n|poke|p2|Sceptile, F|\n|poke|p2|Shuckle, M|\n|poke|p2|Regidrago|\n|poke|p2|Cresselia, F|\n|poke|p2|Iron Treads|\n|teampreview\n|inactive|Battle timer is ON: inactive players will automatically lose when time's up. (requested by Actually try)\n|\n|t:|1697843277\n|start\n|switch|p1a: Glastrier|Glastrier|100\/100\n|switch|p1b: Indeedee|Indeedee-F, F|100\/100\n|switch|p2a: Tapu Koko|Tapu Koko|100\/100\n|switch|p2b: Sceptile|Sceptile, F|100\/100\n|-fieldstart|move: Electric Terrain|[from] ability: Electric Surge|[of] p2a: Tapu Koko\n|-fieldstart|move: Psychic Terrain|[from] ability: Psychic Surge|[of] p1b: Indeedee\n|turn|1\n|\n|t:|1697843307\n|detailschange|p2b: Sceptile|Sceptile-Mega, F\n|-mega|p2b: Sceptile|Sceptile|Sceptilite\n|-terastallize|p2a: Tapu Koko|Electric\n|move|p1a: Glastrier|Protect|p1a: Glastrier\n|-singleturn|p1a: Glastrier|Protect\n|move|p2a: Tapu Koko|Discharge|p1b: Indeedee|[spread] p1b\n|-activate|p1a: Glastrier|move: Protect\n|-ability|p2b: Sceptile|Lightning Rod|boost\n|-boost|p2b: Sceptile|spa|1\n|-damage|p1b: Indeedee|68\/100\n|move|p2b: Sceptile|Focus Blast|p1a: Glastrier\n|-activate|p1a: Glastrier|move: Protect\n|move|p1b: Indeedee|Trick Room|p1b: Indeedee\n|-fieldstart|move: Trick Room|[of] p1b: Indeedee\n|\n|upkeep\n|turn|2\n|inactive|Jfj fj h gj has 120 seconds left.\n|inactive|Actually try has 120 seconds left.\n|\n|t:|1697843349\n|switch|p2b: Cresselia|Cresselia, F|100\/100\n|switch|p2a: Shuckle|Shuckle, M|100\/100\n|-terastallize|p1a: Glastrier|Ice\n|move|p1b: Indeedee|Follow Me|p1b: Indeedee\n|-singleturn|p1b: Indeedee|move: Follow Me\n|move|p1a: Glastrier|Icicle Spear|p2a: Shuckle\n|-damage|p2a: Shuckle|84\/100\n|-damage|p2a: Shuckle|68\/100\n|-damage|p2a: Shuckle|51\/100\n|-damage|p2a: Shuckle|35\/100\n|-hitcount|p2a: Shuckle|4\n|\n|upkeep\n|turn|3\n|inactive|Actually try has 120 seconds left.\n|\n|t:|1697843367\n|switch|p2b: Regidrago|Regidrago|100\/100\n|move|p1b: Indeedee|Follow Me|p1b: Indeedee\n|-singleturn|p1b: Indeedee|move: Follow Me\n|move|p2a: Shuckle|Guard Split|p1b: Indeedee\n|-activate|p2a: Shuckle|move: Guard Split|[of] p1b: Indeedee\n|move|p1a: Glastrier|Icicle Spear|p2a: Shuckle\n|-damage|p2a: Shuckle|11\/100\n|-damage|p2a: Shuckle|0 fnt\n|faint|p2a: Shuckle\n|-ability|p1a: Glastrier|Chilling Neigh|boost\n|-boost|p1a: Glastrier|atk|1\n|-hitcount|p2: Shuckle|2\n|\n|upkeep\n|inactive|Actually try has 120 seconds left.\n|\n|t:|1697843383\n|switch|p2a: Cresselia|Cresselia, F|100\/100\n|turn|4\n|inactive|Actually try has 120 seconds left.\n|\n|t:|1697843399\n|switch|p2b: Tapu Koko|Tapu Koko, tera:Electric|100\/100\n|-fieldstart|move: Electric Terrain|[from] ability: Electric Surge|[of] p2b: Tapu Koko\n|move|p1b: Indeedee|Follow Me|p1b: Indeedee\n|-singleturn|p1b: Indeedee|move: Follow Me\n|move|p1a: Glastrier|Icicle Spear|p2b: Tapu Koko\n|-damage|p2b: Tapu Koko|58\/100\n|-damage|p2b: Tapu Koko|13\/100\n|-damage|p2b: Tapu Koko|0 fnt\n|faint|p2b: Tapu Koko\n|-ability|p1a: Glastrier|Chilling Neigh|boost\n|-boost|p1a: Glastrier|atk|1\n|-hitcount|p2: Tapu Koko|3\n|move|p2a: Cresselia|Reflect|p2a: Cresselia\n|-sidestart|p2: Actually try|Reflect\n|\n|upkeep\n|inactive|Actually try has 120 seconds left.\n|\n|t:|1697843416\n|switch|p2b: Iron Treads|Iron Treads|100\/100\n|-activate|p2b: Iron Treads|ability: Quark Drive\n|-start|p2b: Iron Treads|quarkdrivespe\n|turn|5\n|inactive|Actually try has 120 seconds left.\n|\n|t:|1697843438\n|move|p1b: Indeedee|Follow Me|p1b: Indeedee\n|-singleturn|p1b: Indeedee|move: Follow Me\n|move|p1a: Glastrier|Icicle Spear|p2b: Iron Treads\n|-damage|p2b: Iron Treads|74\/100\n|-damage|p2b: Iron Treads|51\/100\n|-damage|p2b: Iron Treads|27\/100\n|-damage|p2b: Iron Treads|0 fnt\n|faint|p2b: Iron Treads\n|-end|p2b: Iron Treads|Quark Drive|[silent]\n|-ability|p1a: Glastrier|Chilling Neigh|boost\n|-boost|p1a: Glastrier|atk|1\n|-hitcount|p2: Iron Treads|4\n|move|p2a: Cresselia|Future Sight|p1b: Indeedee\n|-start|p2a: Cresselia|move: Future Sight\n|\n|-fieldend|move: Trick Room\n|upkeep\n|\n|t:|1697843459\n|switch|p2b: Sceptile|Sceptile-Mega, F|100\/100\n|turn|6\n|inactive|Actually try has 120 seconds left.\n|\n|t:|1697843473\n|move|p1a: Glastrier|Protect|p1a: Glastrier\n|-singleturn|p1a: Glastrier|Protect\n|move|p2b: Sceptile|Focus Blast|p1a: Glastrier\n|-activate|p1a: Glastrier|move: Protect\n|move|p2a: Cresselia|Future Sight|p1a: Glastrier\n|-start|p2a: Cresselia|move: Future Sight\n|move|p1b: Indeedee|Trick Room|p1b: Indeedee\n|-fieldstart|move: Trick Room|[of] p1b: Indeedee\n|\n|upkeep\n|turn|7\n|\n|t:|1697843485\n|move|p1b: Indeedee|Follow Me|p1b: Indeedee\n|-singleturn|p1b: Indeedee|move: Follow Me\n|move|p1a: Glastrier|Icicle Spear|p2b: Sceptile\n|-supereffective|p2b: Sceptile\n|-damage|p2b: Sceptile|0 fnt\n|faint|p2b: Sceptile\n|-ability|p1a: Glastrier|Chilling Neigh|boost\n|-boost|p1a: Glastrier|atk|1\n|-hitcount|p2: Sceptile|1\n|move|p2a: Cresselia|Trick Room|p2a: Cresselia\n|-fieldend|move: Trick Room\n|\n|-end|p1b: Indeedee|move: Future Sight\n|-resisted|p1b: Indeedee\n|-damage|p1b: Indeedee|59\/100\n|upkeep\n|-message|Actually try forfeited.\n|\n|win|Jfj fj h gj\n|raw|Jfj fj h gj's rating: 1119 &rarr; <strong>1136<\/strong><br \/>(+17 for winning)\n|raw|Actually try's rating: 1000 &rarr; <strong>1000<\/strong><br \/>(+0 for losing)\n|l|\u2606Actually try\n","uploadtime":1697843502,"views":10,"p1id":"jfjfjhgj","p2id":"actuallytry","formatid":"gen9nationaldexdoubles","rating":1000,"private":0,"password":""}