{"id":"gen9nationaldexdoubles-1992457731","p1":"decidoustree","p2":"bigstinkycheeks","format":"[Gen 9] National Dex Doubles","log":"|j|\u2606decidoustree\n|j|\u2606bigstinkycheeks\n|t:|1700189950\n|gametype|doubles\n|player|p1|decidoustree|cheren-gen5bw2|1226\n|player|p2|bigstinkycheeks|koga|1250\n|teamsize|p1|6\n|teamsize|p2|6\n|gen|9\n|tier|[Gen 9] National Dex Doubles\n|rated|\n|rule|HP Percentage Mod: HP is shown in percentages\n|rule|Endless Battle Clause: Forcing endless battles is banned\n|rule|OHKO Clause: OHKO moves are banned\n|rule|Evasion Moves Clause: Evasion moves are banned\n|rule|Evasion Abilities Clause: Evasion abilities are banned\n|rule|Species Clause: Limit one of each Pok\u00e9mon\n|rule|Gravity Sleep Clause: The combination of sleep-inducing moves with imperfect accuracy and Gravity or Gigantamax Orbeetle are banned\n|clearpoke\n|poke|p1|Indeedee-F, F|\n|poke|p1|Scolipede, M|\n|poke|p1|Audino, F|\n|poke|p1|Garbodor, M|\n|poke|p1|Aegislash, M|\n|poke|p1|Krookodile, M|\n|poke|p2|Tapu Koko|\n|poke|p2|Meowscarada, M|\n|poke|p2|Iron Valiant|\n|poke|p2|Aegislash, F|\n|poke|p2|Ceruledge, M|\n|poke|p2|Roaring Moon|\n|teampreview\n|inactive|Battle timer is ON: inactive players will automatically lose when time's up. (requested by bigstinkycheeks)\n|c|\u2606decidoustree|can you forfeit\n|c|\u2606bigstinkycheeks|nah\n|c|\u2606decidoustree|this is the wrong account\n|c|\u2606decidoustree|....\n|inactive|decidoustree has 120 seconds left.\n|c|\u2606bigstinkycheeks|you can forfeit\n|\n|t:|1700189994\n|start\n|switch|p1a: Amine|Audino, F|100\/100\n|switch|p1b: Eye Sword|Aegislash, M|100\/100\n|switch|p2a: Roaring Moon|Roaring Moon|100\/100\n|switch|p2b: Ceruledge|Ceruledge, M|100\/100\n|-enditem|p2a: Roaring Moon|Booster Energy\n|-activate|p2a: Roaring Moon|ability: Protosynthesis|[fromitem]\n|-start|p2a: Roaring Moon|protosynthesisspe\n|turn|1\n|\n|t:|1700190024\n|-end|p2a: Roaring Moon|Protosynthesis|[silent]\n|switch|p2a: Meowscarada|Meowscarada, M|100\/100\n|detailschange|p1a: Amine|Audino-Mega, F\n|-mega|p1a: Amine|Audino|Audinite\n|move|p1b: Eye Sword|King's Shield|p1b: Eye Sword\n|-singleturn|p1b: Eye Sword|Protect\n|move|p2b: Ceruledge|Swords Dance|p2b: Ceruledge\n|-boost|p2b: Ceruledge|atk|2\n|move|p1a: Amine|Trick Room|p1a: Amine\n|-fieldstart|move: Trick Room|[of] p1a: Amine\n|\n|upkeep\n|turn|2\n|inactive|decidoustree has 120 seconds left.\n|\n|t:|1700190073\n|switch|p1b: Amide|Indeedee-F, F|100\/100\n|-fieldstart|move: Psychic Terrain|[from] ability: Psychic Surge|[of] p1b: Amide\n|move|p2b: Ceruledge|Shadow Sneak|p1b: Amide\n|-activate|p1b: Amide|move: Psychic Terrain\n|move|p2a: Meowscarada|Sucker Punch||[still]\n|-fail|p2a: Meowscarada\n|move|p1a: Amine|Yawn|p2b: Ceruledge\n|-start|p2b: Ceruledge|move: Yawn|[of] p1a: Amine\n|\n|upkeep\n|turn|3\n|inactive|decidoustree has 120 seconds left.\n|inactive|bigstinkycheeks has 120 seconds left.\n|inactive|decidoustree has 90 seconds left.\n|\n|t:|1700190116\n|switch|p1b: Eye Sword|Aegislash, M|100\/100\n|switch|p2a: Aegislash|Aegislash, F, shiny|100\/100\n|move|p1a: Amine|Draining Kiss|p2a: Aegislash\n|-resisted|p2a: Aegislash\n|-damage|p2a: Aegislash|95\/100\n|move|p2b: Ceruledge|Bitter Blade|p1a: Amine\n|-damage|p1a: Amine|29\/100\n|\n|-heal|p2a: Aegislash|100\/100|[from] item: Leftovers\n|-end|p2b: Ceruledge|move: Yawn|[silent]\n|-status|p2b: Ceruledge|slp\n|upkeep\n|turn|4\n|inactive|bigstinkycheeks has 120 seconds left.\n|inactive|decidoustree has 90 seconds left.\n|\n|t:|1700190151\n|-terastallize|p2b: Ceruledge|Grass\n|cant|p2b: Ceruledge|slp\n|move|p1a: Amine|Yawn|p2a: Aegislash\n|-start|p2a: Aegislash|move: Yawn|[of] p1a: Amine\n|move|p1b: Eye Sword|Swords Dance|p1b: Eye Sword\n|-boost|p1b: Eye Sword|atk|2\n|move|p2a: Aegislash|Substitute|p2a: Aegislash\n|-start|p2a: Aegislash|Substitute\n|-damage|p2a: Aegislash|75\/100\n|\n|-heal|p2a: Aegislash|82\/100|[from] item: Leftovers\n|upkeep\n|turn|5\n|inactive|decidoustree has 90 seconds left.\n|inactive|bigstinkycheeks has 120 seconds left.\n|\n|t:|1700190192\n|move|p1a: Amine|Helping Hand|p1b: Eye Sword\n|-singleturn|p1b: Eye Sword|Helping Hand|[of] p1a: Amine\n|move|p2a: Aegislash|Toxic|p1a: Amine\n|-status|p1a: Amine|tox\n|-formechange|p1b: Eye Sword|Aegislash-Blade||[from] ability: Stance Change\n|move|p1b: Eye Sword|Iron Head|p2b: Ceruledge\n|-damage|p2b: Ceruledge|0 fnt\n|faint|p2b: Ceruledge\n|\n|-heal|p2a: Aegislash|88\/100|[from] item: Leftovers\n|-damage|p1a: Amine|23\/100 tox|[from] psn\n|-end|p2a: Aegislash|move: Yawn|[silent]\n|-status|p2a: Aegislash|slp\n|-fieldend|move: Trick Room\n|upkeep\n|inactive|bigstinkycheeks has 90 seconds left.\n|\n|t:|1700190218\n|switch|p2b: Meowscarada|Meowscarada, M|100\/100\n|turn|6\n|inactive|decidoustree has 90 seconds left.\n|inactive|bigstinkycheeks has 90 seconds left.\n|\n|t:|1700190235\n|cant|p2a: Aegislash|slp\n|move|p2b: Meowscarada|Sucker Punch|p1b: Eye Sword\n|-start|p2b: Meowscarada|typechange|Dark|[from] ability: Protean\n|-activate|p1b: Eye Sword|move: Psychic Terrain\n|move|p1b: Eye Sword|Iron Head|p2b: Meowscarada\n|-damage|p2b: Meowscarada|0 fnt\n|faint|p2b: Meowscarada\n|move|p1a: Amine|Draining Kiss|p2a: Aegislash\n|-resisted|p2a: Aegislash\n|-activate|p2a: Aegislash|move: Substitute|[damage]\n|-heal|p1a: Amine|27\/100 tox|[from] drain|[of] p2a: Aegislash\n|\n|-heal|p2a: Aegislash|94\/100 slp|[from] item: Leftovers\n|-damage|p1a: Amine|15\/100 tox|[from] psn\n|-fieldend|move: Psychic Terrain\n|upkeep\n|inactive|bigstinkycheeks has 90 seconds left.\n|\n|t:|1700190255\n|switch|p2b: Iron Valiant|Iron Valiant|100\/100\n|turn|7\n|inactive|bigstinkycheeks has 90 seconds left.\n|\n|t:|1700190272\n|switch|p2a: Tapu Koko|Tapu Koko, shiny|100\/100\n|-fieldstart|move: Electric Terrain|[from] ability: Electric Surge|[of] p2a: Tapu Koko\n|-activate|p2b: Iron Valiant|ability: Quark Drive\n|-start|p2b: Iron Valiant|quarkdrivespe\n|-formechange|p1b: Eye Sword|Aegislash||[from] ability: Stance Change\n|move|p1b: Eye Sword|King's Shield|p1b: Eye Sword\n|-singleturn|p1b: Eye Sword|Protect\n|move|p2b: Iron Valiant|Dazzling Gleam|p1b: Eye Sword|[spread] p1a\n|-activate|p1b: Eye Sword|move: Protect\n|-damage|p1a: Amine|0 fnt\n|faint|p1a: Amine\n|\n|upkeep\n|\n|t:|1700190288\n|switch|p1a: Amide|Indeedee-F, F|100\/100\n|-fieldstart|move: Psychic Terrain|[from] ability: Psychic Surge|[of] p1a: Amide\n|-end|p2b: Iron Valiant|Quark Drive\n|turn|8\n|inactive|decidoustree has 90 seconds left.\n|\n|t:|1700190335\n|move|p2a: Tapu Koko|U-turn|p1a: Amide\n|-supereffective|p1a: Amide\n|-damage|p1a: Amide|58\/100\n|\n|t:|1700190344\n|switch|p2a: Aegislash|Aegislash, F, shiny|94\/100 slp|[from] U-turn\n|move|p2b: Iron Valiant|Dazzling Gleam|p1b: Eye Sword|[spread] p1a,p1b\n|-resisted|p1b: Eye Sword\n|-damage|p1a: Amide|27\/100\n|-damage|p1b: Eye Sword|79\/100\n|move|p1a: Amide|Expanding Force|p2b: Iron Valiant|[spread] p2a,p2b\n|-resisted|p2a: Aegislash\n|-supereffective|p2b: Iron Valiant\n|-damage|p2a: Aegislash|72\/100 slp\n|-damage|p2b: Iron Valiant|0 fnt\n|faint|p2b: Iron Valiant\n|-end|p2b: Iron Valiant|Quark Drive|[silent]\n|-formechange|p1b: Eye Sword|Aegislash-Blade||[from] ability: Stance Change\n|move|p1b: Eye Sword|Iron Head|p2a: Aegislash\n|-resisted|p2a: Aegislash\n|-damage|p2a: Aegislash|36\/100 slp\n|\n|-heal|p2a: Aegislash|42\/100 slp|[from] item: Leftovers\n|upkeep\n|\n|t:|1700190364\n|switch|p2b: Roaring Moon|Roaring Moon|100\/100\n|turn|9\n|inactive|decidoustree has 90 seconds left.\n|\n|t:|1700190402\n|switch|p1a: Acidic Chloride|Scolipede, M|100\/100\n|cant|p2a: Aegislash|slp\n|-formechange|p1b: Eye Sword|Aegislash||[from] ability: Stance Change\n|move|p1b: Eye Sword|King's Shield|p1b: Eye Sword\n|-singleturn|p1b: Eye Sword|Protect\n|move|p2b: Roaring Moon|Tailwind|p2b: Roaring Moon\n|-sidestart|p2: bigstinkycheeks|move: Tailwind\n|\n|-heal|p2a: Aegislash|48\/100 slp|[from] item: Leftovers\n|upkeep\n|turn|10\n|inactive|decidoustree has 90 seconds left.\n|inactive|bigstinkycheeks has 120 seconds left.\n|\n|t:|1700190426\n|-curestatus|p2a: Aegislash|slp|[msg]\n|move|p2a: Aegislash|King's Shield|p2a: Aegislash\n|-singleturn|p2a: Aegislash|Protect\n|move|p2b: Roaring Moon|Acrobatics|p1a: Acidic Chloride\n|-supereffective|p1a: Acidic Chloride\n|-enditem|p1a: Acidic Chloride|Focus Sash\n|-damage|p1a: Acidic Chloride|1\/100\n|move|p1a: Acidic Chloride|Swords Dance|p1a: Acidic Chloride\n|-boost|p1a: Acidic Chloride|atk|2\n|-formechange|p1b: Eye Sword|Aegislash-Blade||[from] ability: Stance Change\n|move|p1b: Eye Sword|Iron Head|p2b: Roaring Moon\n|-damage|p2b: Roaring Moon|0 fnt\n|faint|p2b: Roaring Moon\n|-end|p2b: Roaring Moon|Protosynthesis|[silent]\n|\n|-heal|p2a: Aegislash|54\/100|[from] item: Leftovers\n|-ability|p1a: Acidic Chloride|Speed Boost|boost\n|-boost|p1a: Acidic Chloride|spe|1\n|upkeep\n|inactive|bigstinkycheeks has 120 seconds left.\n|\n|t:|1700190443\n|switch|p2b: Tapu Koko|Tapu Koko, shiny|100\/100\n|-fieldstart|move: Electric Terrain|[from] ability: Electric Surge|[of] p2b: Tapu Koko\n|turn|11\n|inactive|decidoustree has 90 seconds left.\n|\n|t:|1700190465\n|-formechange|p1b: Eye Sword|Aegislash||[from] ability: Stance Change\n|move|p1b: Eye Sword|King's Shield|p1b: Eye Sword\n|-singleturn|p1b: Eye Sword|Protect\n|move|p2b: Tapu Koko|Dazzling Gleam|p1b: Eye Sword|[spread] p1a\n|-activate|p1b: Eye Sword|move: Protect\n|-resisted|p1a: Acidic Chloride\n|-damage|p1a: Acidic Chloride|0 fnt\n|faint|p1a: Acidic Chloride\n|-formechange|p2a: Aegislash|Aegislash-Blade||[from] ability: Stance Change\n|move|p2a: Aegislash|Shadow Ball|p1b: Eye Sword\n|-activate|p1b: Eye Sword|move: Protect\n|\n|-heal|p2a: Aegislash|60\/100|[from] item: Leftovers\n|upkeep\n|inactive|decidoustree has 90 seconds left.\n|\n|t:|1700190495\n|switch|p1a: Amide|Indeedee-F, F|27\/100\n|-fieldstart|move: Psychic Terrain|[from] ability: Psychic Surge|[of] p1a: Amide\n|turn|12\n|inactive|decidoustree has 60 seconds left.\n|\n|t:|1700190536\n|-terastallize|p1b: Eye Sword|Fire\n|move|p2b: Tapu Koko|Dazzling Gleam|p1b: Eye Sword|[spread] p1a,p1b\n|-resisted|p1b: Eye Sword\n|-damage|p1a: Amide|9\/100\n|-damage|p1b: Eye Sword|69\/100\n|move|p2a: Aegislash|Shadow Ball|p1b: Eye Sword\n|-damage|p1b: Eye Sword|24\/100\n|move|p1a: Amide|Expanding Force|p2a: Aegislash|[spread] p2a,p2b\n|-resisted|p2a: Aegislash\n|-damage|p2a: Aegislash|4\/100\n|-damage|p2b: Tapu Koko|5\/100\n|-formechange|p1b: Eye Sword|Aegislash-Blade||[from] ability: Stance Change\n|move|p1b: Eye Sword|Iron Head|p2b: Tapu Koko\n|-damage|p2b: Tapu Koko|0 fnt\n|faint|p2b: Tapu Koko\n|\n|-heal|p2a: Aegislash|10\/100|[from] item: Leftovers\n|-sideend|p2: bigstinkycheeks|move: Tailwind\n|upkeep\n|turn|13\n|inactive|decidoustree has 60 seconds left.\n|\n|t:|1700190556\n|move|p1a: Amide|Expanding Force|p2a: Aegislash\n|-resisted|p2a: Aegislash\n|-crit|p2a: Aegislash\n|-damage|p2a: Aegislash|0 fnt\n|faint|p2a: Aegislash\n|\n|win|decidoustree\n|raw|decidoustree's rating: 1226 &rarr; <strong>1253<\/strong><br \/>(+27 for winning)\n|raw|bigstinkycheeks's rating: 1250 &rarr; <strong>1223<\/strong><br \/>(-27 for losing)\n|c|\u2606decidoustree|gg\n|l|\u2606bigstinkycheeks\n","uploadtime":1700190573,"views":11,"p1id":"decidoustree","p2id":"bigstinkycheeks","formatid":"gen9nationaldexdoubles","rating":1223,"private":0,"password":""}