{"id":"gen9nationaldexdoubles-1976688627","p1":"AceCoyoteNK","p2":"SpencerJRock","format":"[Gen 9] National Dex Doubles","log":"|j|\u2606AceCoyoteNK\n|j|\u2606SpencerJRock\n|t:|1698333563\n|gametype|doubles\n|player|p1|AceCoyoteNK|skyla|1294\n|player|p2|SpencerJRock|170|1406\n|teamsize|p1|6\n|teamsize|p2|6\n|gen|9\n|tier|[Gen 9] National Dex Doubles\n|rated|\n|rule|HP Percentage Mod: HP is shown in percentages\n|rule|Endless Battle Clause: Forcing endless battles is banned\n|rule|OHKO Clause: OHKO moves are banned\n|rule|Evasion Moves Clause: Evasion moves are banned\n|rule|Evasion Abilities Clause: Evasion abilities are banned\n|rule|Species Clause: Limit one of each Pok\u00e9mon\n|rule|Gravity Sleep Clause: The combination of sleep-inducing moves with imperfect accuracy and Gravity or Gigantamax Orbeetle are banned\n|clearpoke\n|poke|p1|Incineroar, M|\n|poke|p1|Landorus-Therian, M|\n|poke|p1|Ogerpon-Wellspring, F|\n|poke|p1|Weezing-Galar, F|\n|poke|p1|Great Tusk|\n|poke|p1|Charizard, F|\n|poke|p2|Eevee, M|\n|poke|p2|Smeargle, M|\n|poke|p2|Mew|\n|poke|p2|Krookodile, F|\n|poke|p2|Latias, F|\n|poke|p2|Heatran, M|\n|teampreview\n|inactive|Battle timer is ON: inactive players will automatically lose when time's up. (requested by SpencerJRock)\n|\n|t:|1698333574\n|start\n|switch|p1a: Weezing|Weezing-Galar, F|100\/100\n|switch|p1b: Landorus|Landorus-Therian, M|100\/100\n|switch|p2a: Eevee|Eevee, M|100\/100\n|switch|p2b: Smeargle|Smeargle, M|100\/100\n|-ability|p1a: Weezing|Neutralizing Gas\n|-block|p1b: Landorus|item: Ability Shield\n|-ability|p1b: Landorus|Intimidate|boost\n|-unboost|p2a: Eevee|atk|1\n|-unboost|p2b: Smeargle|atk|1\n|turn|1\n|\n|t:|1698333601\n|move|p2b: Smeargle|Fake Out|p1a: Weezing\n|-damage|p1a: Weezing|98\/100\n|move|p1b: Landorus|U-turn|p2b: Smeargle\n|-damage|p2b: Smeargle|39\/100\n|\n|t:|1698333606\n|switch|p1b: Incineroar|Incineroar, M|100\/100|[from] U-turn\n|-zpower|p2a: Eevee\n|move|p2a: Eevee|Extreme Evoboost|p2a: Eevee\n|-boost|p2a: Eevee|atk|2\n|-boost|p2a: Eevee|def|2\n|-boost|p2a: Eevee|spa|2\n|-boost|p2a: Eevee|spd|2\n|-boost|p2a: Eevee|spe|2\n|cant|p1a: Weezing|flinch\n|\n|-heal|p1a: Weezing|100\/100|[from] item: Leftovers\n|upkeep\n|turn|2\n|\n|t:|1698333624\n|move|p2a: Eevee|Detect|p2a: Eevee\n|-singleturn|p2a: Eevee|Protect\n|move|p2b: Smeargle|Silk Trap|p2b: Smeargle\n|-singleturn|p2b: Smeargle|Protect\n|move|p1b: Incineroar|Fake Out|p2a: Eevee\n|-activate|p2a: Eevee|move: Protect\n|move|p1a: Weezing|Clear Smog|p2a: Eevee\n|-activate|p2a: Eevee|move: Protect\n|\n|upkeep\n|turn|3\n|\n|t:|1698333638\n|move|p2a: Eevee|Baton Pass|p2a: Eevee\n|\n|t:|1698333643\n|switch|p2a: Krookodile|Krookodile, F|100\/100|[from] Baton Pass\n|move|p2b: Smeargle|Transform|p2a: Krookodile\n|-transform|p2b: Smeargle|p2a: Krookodile\n|move|p1b: Incineroar|Parting Shot|p2a: Krookodile\n|-unboost|p2a: Krookodile|atk|1\n|-unboost|p2a: Krookodile|spa|1\n|\n|t:|1698333651\n|switch|p1b: Landorus|Landorus-Therian, M|100\/100|[from] Parting Shot\n|-ability|p1b: Landorus|Intimidate|boost\n|-unboost|p2a: Krookodile|atk|1\n|-unboost|p2b: Smeargle|atk|1\n|move|p1a: Weezing|Clear Smog|p2a: Krookodile\n|-resisted|p2a: Krookodile\n|-damage|p2a: Krookodile|96\/100\n|-clearboost|p2a: Krookodile\n|\n|-heal|p2a: Krookodile|100\/100|[from] item: Leftovers\n|upkeep\n|turn|4\n|\n|t:|1698333676\n|move|p2b: Smeargle|Protect|p2b: Smeargle\n|-singleturn|p2b: Smeargle|Protect\n|move|p1b: Landorus|U-turn|p2b: Smeargle\n|-activate|p2b: Smeargle|move: Protect\n|move|p2a: Krookodile|Earthquake|p1a: Weezing|[spread] p1a\n|-activate|p2b: Smeargle|move: Protect\n|-immune|p1b: Landorus\n|-supereffective|p1a: Weezing\n|-damage|p1a: Weezing|33\/100\n|move|p1a: Weezing|Clear Smog|p2b: Smeargle\n|-activate|p2b: Smeargle|move: Protect\n|\n|-heal|p1a: Weezing|39\/100|[from] item: Leftovers\n|upkeep\n|turn|5\n|\n|t:|1698333699\n|-terastallize|p2b: Smeargle|Ghost\n|move|p2b: Smeargle|Earthquake|p1a: Weezing|[spread] p2a,p1a\n|-immune|p1b: Landorus\n|-supereffective|p1a: Weezing\n|-damage|p2a: Krookodile|63\/100\n|-damage|p1a: Weezing|0 fnt\n|faint|p1a: Weezing\n|-end|p1a: Weezing|ability: Neutralizing Gas\n|-ability|p1b: Landorus|Intimidate|boost\n|-unboost|p2a: Krookodile|atk|1\n|-unboost|p2b: Smeargle|atk|1\n|-ability|p2b: Smeargle|Moxie|boost\n|-boost|p2b: Smeargle|atk|1\n|move|p1b: Landorus|U-turn|p2b: Smeargle\n|-resisted|p2b: Smeargle\n|-damage|p2b: Smeargle|31\/100\n|\n|t:|1698333712\n|switch|p1b: Charizard|Charizard, F|100\/100|[from] U-turn\n|move|p2a: Krookodile|Earthquake|p1b: Charizard|[spread] p2b\n|-immune|p1b: Charizard\n|-crit|p2b: Smeargle\n|-damage|p2b: Smeargle|0 fnt\n|faint|p2b: Smeargle\n|-ability|p2a: Krookodile|Moxie|boost\n|-boost|p2a: Krookodile|atk|1\n|\n|-heal|p2a: Krookodile|69\/100|[from] item: Leftovers\n|upkeep\n|\n|t:|1698333728\n|switch|p2b: Latias|Latias, F|100\/100\n|switch|p1a: Incineroar|Incineroar, M|100\/100\n|-ability|p1a: Incineroar|Intimidate|boost\n|-unboost|p2a: Krookodile|atk|1\n|-unboost|p2b: Latias|atk|1\n|turn|6\n|\n|t:|1698333747\n|switch|p2a: Heatran|Heatran, M|100\/100\n|detailschange|p1b: Charizard|Charizard-Mega-X, F\n|-mega|p1b: Charizard|Charizard|Charizardite X\n|detailschange|p2b: Latias|Latias-Mega, F\n|-mega|p2b: Latias|Latias|Latiasite\n|move|p1a: Incineroar|Fake Out|p2a: Heatran\n|-resisted|p2a: Heatran\n|-damage|p2a: Heatran|94\/100\n|move|p1b: Charizard|Dragon Dance|p1b: Charizard\n|-boost|p1b: Charizard|atk|1\n|-boost|p1b: Charizard|spe|1\n|move|p2b: Latias|Dragon Pulse|p1b: Charizard\n|-supereffective|p1b: Charizard\n|-damage|p1b: Charizard|0 fnt\n|faint|p1b: Charizard\n|\n|upkeep\n|\n|t:|1698333763\n|switch|p1b: Great Tusk|Great Tusk|100\/100\n|-enditem|p1b: Great Tusk|Booster Energy\n|-activate|p1b: Great Tusk|ability: Protosynthesis|[fromitem]\n|-start|p1b: Great Tusk|protosynthesisspe\n|turn|7\n|\n|t:|1698333777\n|move|p1b: Great Tusk|Bulk Up|p1b: Great Tusk\n|-boost|p1b: Great Tusk|atk|1\n|-boost|p1b: Great Tusk|def|1\n|move|p2a: Heatran|Earth Power|p1a: Incineroar\n|-supereffective|p1a: Incineroar\n|-damage|p1a: Incineroar|5\/100\n|-unboost|p1a: Incineroar|spd|1\n|-enditem|p1a: Incineroar|Red Card|[of] p2a: Heatran\n|drag|p2a: Krookodile|Krookodile, F|69\/100\n|move|p2b: Latias|Dragon Pulse|p1b: Great Tusk\n|-damage|p1b: Great Tusk|45\/100\n|move|p1a: Incineroar|Darkest Lariat|p2b: Latias\n|-supereffective|p2b: Latias\n|-damage|p2b: Latias|29\/100\n|\n|-heal|p2a: Krookodile|75\/100|[from] item: Leftovers\n|upkeep\n|turn|8\n|\n|t:|1698333806\n|-terastallize|p1b: Great Tusk|Ice\n|move|p1b: Great Tusk|Ice Spinner|p2a: Krookodile\n|-supereffective|p2a: Krookodile\n|-damage|p2a: Krookodile|0 fnt\n|faint|p2a: Krookodile\n|move|p2b: Latias|Dragon Pulse|p1b: Great Tusk\n|-damage|p1b: Great Tusk|0 fnt\n|faint|p1b: Great Tusk\n|-end|p1b: Great Tusk|Protosynthesis|[silent]\n|move|p1a: Incineroar|Parting Shot|p2b: Latias\n|-unboost|p2b: Latias|atk|1\n|-unboost|p2b: Latias|spa|1\n|inactive|AceCoyoteNK has 120 seconds left.\n|\n|t:|1698333818\n|switch|p1a: Landorus|Landorus-Therian, M|100\/100|[from] Parting Shot\n|-ability|p1a: Landorus|Intimidate|boost\n|-unboost|p2b: Latias|atk|1\n|\n|upkeep\n|\n|t:|1698333827\n|switch|p1b: Incineroar|Incineroar, M|5\/100\n|switch|p2a: Mew|Mew|100\/100\n|-ability|p1b: Incineroar|Intimidate|boost\n|-unboost|p2a: Mew|atk|1\n|-unboost|p2b: Latias|atk|1\n|turn|9\n|\n|t:|1698333842\n|switch|p2b: Eevee|Eevee, M|100\/100\n|move|p2a: Mew|Fake Out|p1b: Incineroar\n|-damage|p1b: Incineroar|0 fnt\n|faint|p1b: Incineroar\n|move|p1a: Landorus|Knock Off|p2a: Mew\n|-supereffective|p2a: Mew\n|-damage|p2a: Mew|42\/100\n|-enditem|p2a: Mew|Leftovers|[from] move: Knock Off|[of] p1a: Landorus\n|\n|upkeep\n|\n|t:|1698333852\n|switch|p1b: Ogerpon|Ogerpon-Wellspring, F|100\/100\n|turn|10\n|\n|t:|1698333872\n|move|p1b: Ogerpon|Spiky Shield|p1b: Ogerpon\n|-singleturn|p1b: Ogerpon|move: Protect\n|move|p2b: Eevee|Quick Attack|p1a: Landorus\n|-damage|p1a: Landorus|87\/100\n|move|p2a: Mew|Dazzling Gleam|p1b: Ogerpon|[spread] p1a\n|-activate|p1b: Ogerpon|move: Protect\n|-damage|p1a: Landorus|70\/100\n|move|p1a: Landorus|Earthquake|p2a: Mew|[spread] p2a,p2b\n|-activate|p1b: Ogerpon|move: Protect\n|-damage|p2a: Mew|4\/100\n|-damage|p2b: Eevee|9\/100\n|\n|upkeep\n|turn|11\n|\n|t:|1698333892\n|move|p1b: Ogerpon|Follow Me|p1b: Ogerpon\n|-singleturn|p1b: Ogerpon|move: Follow Me\n|move|p2b: Eevee|Quick Attack|p1b: Ogerpon\n|-damage|p1b: Ogerpon|90\/100\n|move|p2a: Mew|Dazzling Gleam|p1a: Landorus|[spread] p1a,p1b\n|-damage|p1a: Landorus|52\/100\n|-damage|p1b: Ogerpon|77\/100\n|move|p1a: Landorus|Knock Off|p2a: Mew\n|-supereffective|p2a: Mew\n|-damage|p2a: Mew|0 fnt\n|faint|p2a: Mew\n|\n|upkeep\n|\n|t:|1698333915\n|switch|p2a: Latias|Latias-Mega, F|29\/100\n|turn|12\n|\n|t:|1698333926\n|move|p2a: Latias|Protect|p2a: Latias\n|-singleturn|p2a: Latias|Protect\n|move|p2b: Eevee|Detect|p2b: Eevee\n|-singleturn|p2b: Eevee|Protect\n|move|p1b: Ogerpon|Follow Me|p1b: Ogerpon\n|-singleturn|p1b: Ogerpon|move: Follow Me\n|move|p1a: Landorus|Knock Off|p2a: Latias\n|-activate|p2a: Latias|move: Protect\n|\n|upkeep\n|turn|13\n|\n|t:|1698333952\n|move|p1b: Ogerpon|Follow Me|p1b: Ogerpon\n|-singleturn|p1b: Ogerpon|move: Follow Me\n|move|p2b: Eevee|Quick Attack|p1b: Ogerpon\n|-damage|p1b: Ogerpon|66\/100\n|move|p1a: Landorus|Knock Off|p2a: Latias\n|-supereffective|p2a: Latias\n|-damage|p2a: Latias|0 fnt\n|faint|p2a: Latias\n|\n|upkeep\n|\n|t:|1698333959\n|switch|p2a: Heatran|Heatran, M|94\/100\n|turn|14\n|\n|t:|1698333973\n|move|p1b: Ogerpon|Spiky Shield|p1b: Ogerpon\n|-singleturn|p1b: Ogerpon|move: Protect\n|move|p2b: Eevee|Quick Attack|p1b: Ogerpon\n|-activate|p1b: Ogerpon|move: Protect\n|-damage|p2b: Eevee|0 fnt|[from] Spiky Shield|[of] p1b: Ogerpon\n|faint|p2b: Eevee\n|move|p1a: Landorus|Earthquake|p2a: Heatran|[spread] p2a\n|-activate|p1b: Ogerpon|move: Protect\n|-supereffective|p2a: Heatran\n|-damage|p2a: Heatran|0 fnt\n|faint|p2a: Heatran\n|\n|win|AceCoyoteNK\n|raw|AceCoyoteNK's rating: 1294 &rarr; <strong>1327<\/strong><br \/>(+33 for winning)\n|raw|SpencerJRock's rating: 1406 &rarr; <strong>1380<\/strong><br \/>(-26 for losing)\n|c|\u2606AceCoyoteNK|gg\n|c|\u2606SpencerJRock|Gg\n|l|\u2606SpencerJRock\n","uploadtime":1698333991,"views":8,"p1id":"acecoyotenk","p2id":"spencerjrock","formatid":"gen9nationaldexdoubles","rating":1327,"private":0,"password":""}