{"id":"gen9nationaldexdoubles-1967374892","p1":"Qapi","p2":"VulcanLion15","format":"[Gen 9] National Dex Doubles","log":"|j|\u2606Qapi\n|j|\u2606VulcanLion15\n|t:|1697295604\n|gametype|doubles\n|player|p1|Qapi|hiker-gen4|\n|player|p2|VulcanLion15|n|\n|teamsize|p1|6\n|teamsize|p2|6\n|gen|9\n|tier|[Gen 9] National Dex Doubles\n|rule|HP Percentage Mod: HP is shown in percentages\n|rule|Endless Battle Clause: Forcing endless battles is banned\n|rule|OHKO Clause: OHKO moves are banned\n|rule|Evasion Moves Clause: Evasion moves are banned\n|rule|Evasion Abilities Clause: Evasion abilities are banned\n|rule|Species Clause: Limit one of each Pok\u00e9mon\n|rule|Gravity Sleep Clause: The combination of sleep-inducing moves with imperfect accuracy and Gravity or Gigantamax Orbeetle are banned\n|clearpoke\n|poke|p1|Grafaiai, F|\n|poke|p1|Venusaur, F|\n|poke|p1|Iron Moth|\n|poke|p1|Crobat, F|\n|poke|p1|Nidoking, M|\n|poke|p1|Glimmora, M|\n|poke|p2|Zoroark-Hisui, F|\n|poke|p2|Blastoise, F|\n|poke|p2|Ursaluna-Bloodmoon, M|\n|poke|p2|Heatran, M|\n|poke|p2|Gliscor, M|\n|poke|p2|Torterra, F|\n|teampreview\n|\n|t:|1697295650\n|start\n|switch|p1a: Crobat|Crobat, F|100\/100\n|switch|p1b: Glimmora|Glimmora, M|100\/100\n|switch|p2a: Torterra|Torterra, F|100\/100\n|switch|p2b: Ursaluna|Ursaluna-Bloodmoon, M|100\/100\n|turn|1\n|\n|t:|1697295668\n|move|p1a: Crobat|Tailwind|p1a: Crobat\n|-sidestart|p1: Qapi|move: Tailwind\n|move|p1b: Glimmora|Mortal Spin|p2b: Ursaluna|[spread] p2a,p2b\n|-resisted|p2b: Ursaluna\n|-damage|p2a: Torterra|96\/100\n|-damage|p2b: Ursaluna|99\/100\n|-status|p2a: Torterra|psn\n|-status|p2b: Ursaluna|psn\n|move|p2a: Torterra|Shell Smash|p2a: Torterra\n|-unboost|p2a: Torterra|def|1\n|-unboost|p2a: Torterra|spd|1\n|-boost|p2a: Torterra|atk|2\n|-boost|p2a: Torterra|spa|2\n|-boost|p2a: Torterra|spe|2\n|move|p2b: Ursaluna|Moonlight|p2b: Ursaluna\n|-heal|p2b: Ursaluna|100\/100 psn\n|\n|-damage|p2a: Torterra|83\/100 psn|[from] psn\n|-damage|p2b: Ursaluna|88\/100 psn|[from] psn\n|upkeep\n|turn|2\n|\n|t:|1697295705\n|move|p1a: Crobat|Brave Bird|p2a: Torterra\n|-supereffective|p2a: Torterra\n|-damage|p2a: Torterra|0 fnt\n|faint|p2a: Torterra\n|-damage|p1a: Crobat|72\/100|[from] Recoil\n|move|p1b: Glimmora|Earth Power|p2b: Ursaluna\n|-damage|p2b: Ursaluna|57\/100 psn\n|move|p2b: Ursaluna|Blood Moon|p1a: Crobat\n|-damage|p1a: Crobat|0 fnt\n|faint|p1a: Crobat\n|\n|-damage|p2b: Ursaluna|44\/100 psn|[from] psn\n|upkeep\n|\n|t:|1697295729\n|switch|p1a: Iron Moth|Iron Moth|100\/100\n|switch|p2a: Gliscor|Gliscor, M|100\/100\n|-enditem|p1a: Iron Moth|Booster Energy\n|-activate|p1a: Iron Moth|ability: Quark Drive|[fromitem]\n|-start|p1a: Iron Moth|quarkdrivespa\n|turn|3\n|\n|t:|1697295751\n|move|p1b: Glimmora|Spiky Shield|p1b: Glimmora\n|-singleturn|p1b: Glimmora|move: Protect\n|move|p2a: Gliscor|Protect|p2a: Gliscor\n|-singleturn|p2a: Gliscor|Protect\n|move|p1a: Iron Moth|Energy Ball|p2a: Gliscor\n|-activate|p2a: Gliscor|move: Protect\n|move|p2b: Ursaluna|Moonlight|p2b: Ursaluna\n|-heal|p2b: Ursaluna|94\/100 psn\n|\n|-damage|p2b: Ursaluna|82\/100 psn|[from] psn\n|-status|p2a: Gliscor|tox|[from] item: Toxic Orb\n|upkeep\n|turn|4\n|\n|t:|1697295772\n|move|p1a: Iron Moth|Energy Ball|p2b: Ursaluna\n|-supereffective|p2b: Ursaluna\n|-damage|p2b: Ursaluna|0 fnt\n|faint|p2b: Ursaluna\n|move|p1b: Glimmora|Earth Power|p2a: Gliscor\n|-immune|p2a: Gliscor\n|move|p2a: Gliscor|Earthquake|p1a: Iron Moth|[spread] p1a,p1b\n|-supereffective|p1a: Iron Moth\n|-supereffective|p1b: Glimmora\n|-damage|p1a: Iron Moth|0 fnt\n|-enditem|p1b: Glimmora|Focus Sash\n|-damage|p1b: Glimmora|1\/100\n|-activate|p1b: Glimmora|ability: Toxic Debris\n|-sidestart|p2: VulcanLion15|move: Toxic Spikes\n|faint|p1a: Iron Moth\n|-end|p1a: Iron Moth|Quark Drive|[silent]\n|\n|-sideend|p1: Qapi|move: Tailwind\n|upkeep\n|\n|t:|1697295794\n|switch|p1a: Nidoking|Nidoking, M|100\/100\n|switch|p2b: Blastoise|Blastoise, F|100\/100\n|-status|p2b: Blastoise|psn\n|turn|5\n|\n|t:|1697295814\n|detailschange|p2b: Blastoise|Blastoise-Mega, F\n|-mega|p2b: Blastoise|Blastoise|Blastoisinite\n|move|p1b: Glimmora|Earth Power|p2b: Blastoise\n|-damage|p2b: Blastoise|73\/100 psn\n|move|p1a: Nidoking|Ice Beam|p2a: Gliscor\n|-supereffective|p2a: Gliscor\n|-damage|p2a: Gliscor|0 fnt\n|faint|p2a: Gliscor\n|move|p2b: Blastoise|Shell Smash|p2b: Blastoise\n|-unboost|p2b: Blastoise|def|1\n|-unboost|p2b: Blastoise|spd|1\n|-boost|p2b: Blastoise|atk|2\n|-boost|p2b: Blastoise|spa|2\n|-boost|p2b: Blastoise|spe|2\n|\n|-damage|p2b: Blastoise|60\/100 psn|[from] psn\n|upkeep\n|\n|t:|1697295820\n|switch|p2a: Heatran|Heatran, M|100\/100\n|-status|p2a: Heatran|psn\n|turn|6\n|\n|t:|1697295849\n|move|p2b: Blastoise|Hydro Pump|p1a: Nidoking\n|-supereffective|p1a: Nidoking\n|-damage|p1a: Nidoking|0 fnt\n|faint|p1a: Nidoking\n|move|p2a: Heatran|Flamethrower|p1b: Glimmora\n|-resisted|p1b: Glimmora\n|-damage|p1b: Glimmora|0 fnt\n|faint|p1b: Glimmora\n|\n|-damage|p2b: Blastoise|48\/100 psn|[from] psn\n|-damage|p2a: Heatran|88\/100 psn|[from] psn\n|upkeep\n|\n|t:|1697295855\n|switch|p1b: Venusaur|Venusaur, F|100\/100\n|switch|p1a: Grafaiai|Grafaiai, F|100\/100\n|turn|7\n|\n|t:|1697295872\n|move|p1a: Grafaiai|Sunny Day|p1a: Grafaiai\n|-weather|SunnyDay\n|move|p1b: Venusaur|Weather Ball|p2a: Heatran\n|-damage|p2a: Heatran|0 fnt\n|replace|p2a: Zoroark|Zoroark-Hisui, F\n|-end|p2a: Zoroark|Illusion\n|faint|p2a: Zoroark\n|-damage|p1b: Venusaur|91\/100|[from] item: Life Orb\n|move|p2b: Blastoise|Hydro Pump|p1a: Grafaiai|[miss]\n|-miss|p2b: Blastoise|p1a: Grafaiai\n|\n|-weather|SunnyDay|[upkeep]\n|-damage|p2b: Blastoise|36\/100 psn|[from] psn\n|upkeep\n|\n|t:|1697295885\n|switch|p2a: Heatran|Heatran, M|100\/100\n|turn|8\n|\n|t:|1697295904\n|move|p1a: Grafaiai|Encore|p2b: Blastoise\n|-start|p2b: Blastoise|Encore\n|move|p1b: Venusaur|Earth Power|p2a: Heatran\n|-supereffective|p2a: Heatran\n|-damage|p2a: Heatran|0 fnt\n|faint|p2a: Heatran\n|-damage|p1b: Venusaur|81\/100|[from] item: Life Orb\n|move|p2b: Blastoise|Hydro Pump|p1a: Grafaiai\n|-damage|p1a: Grafaiai|39\/100\n|\n|-weather|SunnyDay|[upkeep]\n|-damage|p2b: Blastoise|23\/100 psn|[from] psn\n|upkeep\n|turn|9\n|\n|t:|1697295916\n|move|p1b: Venusaur|Giga Drain|p2b: Blastoise\n|-supereffective|p2b: Blastoise\n|-damage|p2b: Blastoise|0 fnt\n|-heal|p1b: Venusaur|92\/100|[from] drain|[of] p2b: Blastoise\n|faint|p2b: Blastoise\n|-damage|p1b: Venusaur|82\/100|[from] item: Life Orb\n|\n|win|Qapi\n|c|\u2606VulcanLion15|Damn, ggs\n","uploadtime":1697295925,"views":6,"p1id":"qapi","p2id":"vulcanlion15","formatid":"gen9nationaldexdoubles","rating":0,"private":0,"password":""}