{"id":"gen9nationaldexdoubles-1962349111","p1":"Astapasta37","p2":"impastabot4000","format":"[Gen 9] National Dex Doubles","log":"|j|\u2606Astapasta37\n|j|\u2606impastabot4000\n|t:|1696734164\n|gametype|doubles\n|player|p1|Astapasta37|1|1154\n|player|p2|impastabot4000|nate|1417\n|teamsize|p1|6\n|teamsize|p2|6\n|gen|9\n|tier|[Gen 9] National Dex Doubles\n|rated|\n|rule|HP Percentage Mod: HP is shown in percentages\n|rule|Endless Battle Clause: Forcing endless battles is banned\n|rule|OHKO Clause: OHKO moves are banned\n|rule|Evasion Moves Clause: Evasion moves are banned\n|rule|Evasion Abilities Clause: Evasion abilities are banned\n|rule|Species Clause: Limit one of each Pok\u00e9mon\n|rule|Gravity Sleep Clause: The combination of sleep-inducing moves with imperfect accuracy and Gravity or Gigantamax Orbeetle are banned\n|clearpoke\n|poke|p1|Scolipede, M|\n|poke|p1|Torterra, M|\n|poke|p1|Morpeko, M|\n|poke|p1|Mawile, F|\n|poke|p1|Zoroark-Hisui, F|\n|poke|p1|Arcanine-Hisui, F|\n|poke|p2|Salamence, F|\n|poke|p2|Flutter Mane|\n|poke|p2|Rillaboom, F|\n|poke|p2|Ogerpon-Wellspring, F|\n|poke|p2|Ursaluna-Bloodmoon, M|\n|poke|p2|Cresselia, F|\n|teampreview\n|inactive|Battle timer is ON: inactive players will automatically lose when time's up. (requested by impastabot4000)\n|\n|t:|1696734192\n|start\n|switch|p1a: My gf|Morpeko, M|100\/100\n|switch|p1b: Brock|Torterra, M|100\/100\n|switch|p2a: Flutter Mane|Flutter Mane|100\/100\n|switch|p2b: Salamence|Salamence, F|100\/100\n|-ability|p2b: Salamence|Intimidate|boost\n|-unboost|p1a: My gf|atk|1\n|-unboost|p1b: Brock|atk|1\n|turn|1\n|j| wkx3333\n|l| wkx3333\n|\n|t:|1696734213\n|move|p2b: Salamence|Protect|p2b: Salamence\n|-singleturn|p2b: Salamence|Protect\n|move|p1a: My gf|Fake Out|p2b: Salamence\n|-activate|p2b: Salamence|move: Protect\n|move|p2a: Flutter Mane|Dazzling Gleam|p1b: Brock|[spread] p1a,p1b\n|-supereffective|p1a: My gf\n|-damage|p1a: My gf|0 fnt\n|-enditem|p1b: Brock|Focus Sash\n|-damage|p1b: Brock|1\/100\n|replace|p1b: Hehee|Zoroark-Hisui, F, shiny\n|-end|p1b: Hehee|Illusion\n|faint|p1a: My gf\n|move|p1b: Hehee|Shadow Ball|p2a: Flutter Mane\n|-supereffective|p2a: Flutter Mane\n|-damage|p2a: Flutter Mane|17\/100\n|\n|upkeep\n|\n|t:|1696734222\n|switch|p1a: Dyana|Mawile, F|100\/100\n|-ability|p1a: Dyana|Intimidate|boost\n|-unboost|p2a: Flutter Mane|atk|1\n|-unboost|p2b: Salamence|atk|1\n|turn|2\n|\n|t:|1696734246\n|-end|p2a: Flutter Mane|Protosynthesis|[silent]\n|switch|p2a: Ursaluna|Ursaluna-Bloodmoon, M|100\/100\n|switch|p1b: Arcanine|Arcanine-Hisui, F|100\/100\n|switch|p2b: Cresselia|Cresselia, F|100\/100\n|detailschange|p1a: Dyana|Mawile-Mega, F\n|-mega|p1a: Dyana|Mawile|Mawilite\n|move|p1a: Dyana|Play Rough|p2b: Cresselia\n|-damage|p2b: Cresselia|47\/100\n|\n|upkeep\n|turn|3\n|inactive|Astapasta37 has 120 seconds left.\n|\n|t:|1696734277\n|switch|p2b: Salamence|Salamence, F|100\/100\n|-ability|p2b: Salamence|Intimidate|boost\n|-unboost|p1a: Dyana|atk|1\n|-unboost|p1b: Arcanine|atk|1\n|move|p2a: Ursaluna|Protect|p2a: Ursaluna\n|-singleturn|p2a: Ursaluna|Protect\n|move|p1b: Arcanine|Flare Blitz|p2b: Salamence\n|-resisted|p2b: Salamence\n|-damage|p2b: Salamence|74\/100\n|move|p1a: Dyana|Iron Head|p2a: Ursaluna\n|-activate|p2a: Ursaluna|move: Protect\n|\n|upkeep\n|turn|4\n|\n|t:|1696734302\n|detailschange|p2b: Salamence|Salamence-Mega, F\n|-mega|p2b: Salamence|Salamence|Salamencite\n|move|p2b: Salamence|Tailwind|p2b: Salamence\n|-sidestart|p2: impastabot4000|move: Tailwind\n|move|p2a: Ursaluna|Earth Power|p1b: Arcanine\n|-supereffective|p1b: Arcanine\n|-damage|p1b: Arcanine|0 fnt\n|faint|p1b: Arcanine\n|move|p1a: Dyana|Play Rough|p2b: Salamence\n|-supereffective|p2b: Salamence\n|-damage|p2b: Salamence|0 fnt\n|faint|p2b: Salamence\n|\n|upkeep\n|\n|t:|1696734318\n|switch|p2b: Ogerpon|Ogerpon-Wellspring, F|100\/100\n|switch|p1b: Spade|Scolipede, M, shiny|100\/100\n|turn|5\n|\n|t:|1696734335\n|switch|p1a: Brock|Torterra, M|1\/100\n|-terastallize|p2b: Ogerpon|Water\n|detailschange|p2b: Ogerpon|Ogerpon-Wellspring-Tera, F, tera:Water\n|-ability|p2b: Ogerpon|Embody Aspect (Wellspring)|boost\n|-boost|p2b: Ogerpon|spd|1\n|-terastallize|p1b: Spade|Water\n|move|p2b: Ogerpon|Ivy Cudgel|p1b: Spade\n|-resisted|p1b: Spade\n|-damage|p1b: Spade|54\/100\n|move|p2a: Ursaluna|Calm Mind|p2a: Ursaluna\n|-boost|p2a: Ursaluna|spa|1\n|-boost|p2a: Ursaluna|spd|1\n|move|p1b: Spade|Swords Dance|p1b: Spade\n|-boost|p1b: Spade|atk|2\n|\n|-ability|p1b: Spade|Speed Boost|boost\n|-boost|p1b: Spade|spe|1\n|upkeep\n|turn|6\n|inactive|Astapasta37 has 120 seconds left.\n|\n|t:|1696734371\n|move|p2b: Ogerpon|Ivy Cudgel|p1b: Spade\n|-resisted|p1b: Spade\n|-damage|p1b: Spade|7\/100\n|move|p1b: Spade|Poison Jab|p2b: Ogerpon\n|-damage|p2b: Ogerpon|0 fnt\n|faint|p2b: Ogerpon\n|-damage|p1b: Spade|0 fnt|[from] item: Life Orb\n|faint|p1b: Spade\n|move|p1a: Brock|Hyper Voice|p2a: Ursaluna\n|-damage|p2a: Ursaluna|72\/100\n|move|p2a: Ursaluna|Hyper Voice|p1a: Brock\n|-damage|p1a: Brock|0 fnt\n|replace|p1a: Hehee|Zoroark-Hisui, F, shiny\n|-end|p1a: Hehee|Illusion\n|faint|p1a: Hehee\n|\n|upkeep\n|\n|t:|1696734387\n|switch|p1a: Brock|Torterra, M|100\/100\n|switch|p2b: Rillaboom|Rillaboom, F|100\/100\n|switch|p1b: Dyana|Mawile-Mega, F|100\/100\n|-fieldstart|move: Grassy Terrain|[from] ability: Grassy Surge|[of] p2b: Rillaboom\n|turn|7\n|l|\u2606Astapasta37\n|inactive|Astapasta37 disconnected and has a minute to reconnect!\n|player|p1|\n|j|\u2606Astapasta37\n|inactive|Astapasta37 reconnected and has 135 seconds left.\n|player|p1|Astapasta37|1\n|inactive|Astapasta37 has 120 seconds left.\n|\n|t:|1696734421\n|move|p1b: Dyana|Protect|p1b: Dyana\n|-singleturn|p1b: Dyana|Protect\n|move|p2b: Rillaboom|Fake Out|p1a: Brock\n|-damage|p1a: Brock|89\/100\n|-zpower|p2a: Ursaluna\n|move|p2a: Ursaluna|Breakneck Blitz|p1a: Brock|[zeffect]\n|-damage|p1a: Brock|0 fnt\n|faint|p1a: Brock\n|\n|-heal|p2a: Ursaluna|78\/100|[from] Grassy Terrain\n|-sideend|p2: impastabot4000|move: Tailwind\n|upkeep\n|turn|8\n|-message|Astapasta37 forfeited.\n|\n|win|impastabot4000\n|raw|Astapasta37's rating: 1154 &rarr; <strong>1145<\/strong><br \/>(-9 for losing)\n|raw|impastabot4000's rating: 1417 &rarr; <strong>1424<\/strong><br \/>(+7 for winning)\n|l|\u2606Astapasta37\n","uploadtime":1696734445,"views":10,"p1id":"astapasta37","p2id":"impastabot4000","formatid":"gen9nationaldexdoubles","rating":1145,"private":0,"password":""}