{"id":"gen9nationaldexdoubles-1970894919","p1":"the maraculous","p2":"IzKingZ","format":"[Gen 9] National Dex Doubles","log":"|j|\u2606the maraculous\n|j|\u2606IzKingZ\n|t:|1697678219\n|gametype|doubles\n|player|p1|the maraculous|dragontamer|1420\n|player|p2|IzKingZ|dancer|1339\n|teamsize|p1|6\n|teamsize|p2|6\n|gen|9\n|tier|[Gen 9] National Dex Doubles\n|rated|\n|rule|HP Percentage Mod: HP is shown in percentages\n|rule|Endless Battle Clause: Forcing endless battles is banned\n|rule|OHKO Clause: OHKO moves are banned\n|rule|Evasion Moves Clause: Evasion moves are banned\n|rule|Evasion Abilities Clause: Evasion abilities are banned\n|rule|Species Clause: Limit one of each Pok\u00e9mon\n|rule|Gravity Sleep Clause: The combination of sleep-inducing moves with imperfect accuracy and Gravity or Gigantamax Orbeetle are banned\n|clearpoke\n|poke|p1|Xurkitree|\n|poke|p1|Iron Valiant|\n|poke|p1|Chandelure, F|\n|poke|p1|Landorus-Therian, M|\n|poke|p1|Kartana|\n|poke|p1|Farigiraf, F|\n|poke|p2|Torkoal, M|\n|poke|p2|Arboliva, M|\n|poke|p2|Walking Wake|\n|poke|p2|Landorus-Therian, M|\n|poke|p2|Charizard, M|\n|poke|p2|Gastrodon-East, F|\n|teampreview\n|\n|t:|1697678227\n|start\n|switch|p1a: Xurkitree|Xurkitree|100\/100\n|switch|p1b: Iron Valiant|Iron Valiant|100\/100\n|switch|p2a: Charizard|Charizard, M, shiny|100\/100\n|switch|p2b: Landorus|Landorus-Therian, M, shiny|100\/100\n|-ability|p2b: Landorus|Intimidate|boost\n|-unboost|p1a: Xurkitree|atk|1\n|-unboost|p1b: Iron Valiant|atk|1\n|turn|1\n|\n|t:|1697678241\n|detailschange|p2a: Charizard|Charizard-Mega-Y, M, shiny\n|-mega|p2a: Charizard|Charizard|Charizardite Y\n|-weather|SunnyDay|[from] ability: Drought|[of] p2a: Charizard\n|move|p1b: Iron Valiant|Wide Guard|p1b: Iron Valiant\n|-singleturn|p1b: Iron Valiant|Wide Guard\n|move|p2a: Charizard|Tailwind|p2a: Charizard\n|-sidestart|p2: IzKingZ|move: Tailwind\n|move|p2b: Landorus|Earthquake|p1a: Xurkitree|[spread] \n|-activate|p1a: Xurkitree|move: Wide Guard\n|-activate|p1b: Iron Valiant|move: Wide Guard\n|-immune|p2a: Charizard\n|-zpower|p1a: Xurkitree\n|move|p1a: Xurkitree|Z-Electric Terrain|p1a: Xurkitree|[anim]Electric Terrain\n|-boost|p1a: Xurkitree|spe|1|[zeffect]\n|-fieldstart|move: Electric Terrain\n|-activate|p1b: Iron Valiant|ability: Quark Drive\n|-start|p1b: Iron Valiant|quarkdrivespe\n|\n|-weather|SunnyDay|[upkeep]\n|upkeep\n|turn|2\n|\n|t:|1697678272\n|move|p1b: Iron Valiant|Wide Guard|p1b: Iron Valiant\n|-singleturn|p1b: Iron Valiant|Wide Guard\n|move|p2a: Charizard|Heat Wave|p1a: Xurkitree|[spread] \n|-activate|p1a: Xurkitree|move: Wide Guard\n|-activate|p1b: Iron Valiant|move: Wide Guard\n|move|p2b: Landorus|Earthquake|p1b: Iron Valiant|[spread] \n|-activate|p1a: Xurkitree|move: Wide Guard\n|-activate|p1b: Iron Valiant|move: Wide Guard\n|-immune|p2a: Charizard\n|move|p1a: Xurkitree|Rising Voltage|p2a: Charizard\n|-supereffective|p2a: Charizard\n|-damage|p2a: Charizard|0 fnt\n|faint|p2a: Charizard\n|-ability|p1a: Xurkitree|Beast Boost|boost\n|-boost|p1a: Xurkitree|spa|1\n|\n|-weather|SunnyDay|[upkeep]\n|upkeep\n|\n|t:|1697678292\n|switch|p2a: Walking Wake|Walking Wake|100\/100\n|-activate|p2a: Walking Wake|ability: Protosynthesis\n|-start|p2a: Walking Wake|protosynthesisspa\n|turn|3\n|\n|t:|1697678306\n|move|p2a: Walking Wake|Flamethrower|p1b: Iron Valiant\n|-damage|p1b: Iron Valiant|0 fnt\n|faint|p1b: Iron Valiant\n|-end|p1b: Iron Valiant|Quark Drive|[silent]\n|-damage|p2a: Walking Wake|91\/100|[from] item: Life Orb\n|move|p2b: Landorus|Earth Power|p1a: Xurkitree\n|-supereffective|p1a: Xurkitree\n|-damage|p1a: Xurkitree|0 fnt\n|faint|p1a: Xurkitree\n|-damage|p2b: Landorus|91\/100|[from] item: Life Orb\n|\n|-weather|SunnyDay|[upkeep]\n|upkeep\n|\n|t:|1697678317\n|switch|p1b: Landorus|Landorus-Therian, M|100\/100\n|switch|p1a: Farigiraf|Farigiraf, F|100\/100\n|-ability|p1b: Landorus|Intimidate|boost\n|-unboost|p2a: Walking Wake|atk|1\n|-unboost|p2b: Landorus|atk|1\n|turn|4\n|\n|t:|1697678347\n|move|p2a: Walking Wake|Hydro Steam|p1b: Landorus\n|-supereffective|p1b: Landorus\n|-damage|p1b: Landorus|0 fnt\n|faint|p1b: Landorus\n|-damage|p2a: Walking Wake|81\/100|[from] item: Life Orb\n|move|p2b: Landorus|Earth Power|p1a: Farigiraf\n|-damage|p1a: Farigiraf|55\/100\n|-unboost|p1a: Farigiraf|spd|1\n|-damage|p2b: Landorus|81\/100|[from] item: Life Orb\n|move|p1a: Farigiraf|Dazzling Gleam|p2b: Landorus|[spread] p2a,p2b\n|-supereffective|p2a: Walking Wake\n|-damage|p2a: Walking Wake|30\/100\n|-damage|p2b: Landorus|53\/100\n|\n|-weather|SunnyDay|[upkeep]\n|-heal|p1a: Farigiraf|62\/100|[from] item: Leftovers\n|-sideend|p2: IzKingZ|move: Tailwind\n|upkeep\n|\n|t:|1697678360\n|switch|p1b: Kartana|Kartana|100\/100\n|turn|5\n|\n|t:|1697678371\n|move|p2a: Walking Wake|Flamethrower|p1a: Farigiraf\n|-crit|p1a: Farigiraf\n|-damage|p1a: Farigiraf|0 fnt\n|faint|p1a: Farigiraf\n|-damage|p2a: Walking Wake|20\/100|[from] item: Life Orb\n|move|p1b: Kartana|Leaf Blade|p2a: Walking Wake\n|-crit|p2a: Walking Wake\n|-damage|p2a: Walking Wake|0 fnt\n|faint|p2a: Walking Wake\n|-end|p2a: Walking Wake|Protosynthesis|[silent]\n|-ability|p1b: Kartana|Beast Boost|boost\n|-boost|p1b: Kartana|atk|1\n|move|p2b: Landorus|Earth Power|p1b: Kartana\n|-enditem|p1b: Kartana|Focus Sash\n|-damage|p1b: Kartana|1\/100\n|-damage|p2b: Landorus|44\/100|[from] item: Life Orb\n|\n|-weather|none\n|-fieldend|move: Electric Terrain\n|upkeep\n|\n|t:|1697678388\n|switch|p2a: Gastrodon|Gastrodon-East, F|100\/100\n|switch|p1a: Chandelure|Chandelure, F|100\/100\n|-item|p1a: Chandelure|Air Balloon\n|turn|6\n|\n|t:|1697678419\n|-terastallize|p1a: Chandelure|Ghost\n|move|p1b: Kartana|Leaf Blade|p2b: Landorus\n|-damage|p2b: Landorus|0 fnt\n|faint|p2b: Landorus\n|-ability|p1b: Kartana|Beast Boost|boost\n|-boost|p1b: Kartana|atk|1\n|move|p1a: Chandelure|Shadow Ball|p2a: Gastrodon\n|-damage|p2a: Gastrodon|34\/100\n|move|p2a: Gastrodon|Earth Power|p1b: Kartana\n|-damage|p1b: Kartana|0 fnt\n|faint|p1b: Kartana\n|\n|-heal|p2a: Gastrodon|40\/100|[from] item: Leftovers\n|upkeep\n|\n|t:|1697678435\n|switch|p2b: Arboliva|Arboliva, M, shiny|100\/100\n|turn|7\n|\n|t:|1697678448\n|-terastallize|p2a: Gastrodon|Fire\n|move|p1a: Chandelure|Shadow Ball|p2a: Gastrodon\n|-damage|p2a: Gastrodon|0 fnt\n|faint|p2a: Gastrodon\n|move|p2b: Arboliva|Giga Drain|p1a: Chandelure\n|-damage|p1a: Chandelure|62\/100\n|-enditem|p1a: Chandelure|Air Balloon\n|\n|upkeep\n|\n|t:|1697678457\n|switch|p2a: Torkoal|Torkoal, M, shiny|100\/100\n|-weather|SunnyDay|[from] ability: Drought|[of] p2a: Torkoal\n|turn|8\n|\n|t:|1697678469\n|move|p1a: Chandelure|Flamethrower|p2b: Arboliva\n|-supereffective|p2b: Arboliva\n|-damage|p2b: Arboliva|0 fnt\n|faint|p2b: Arboliva\n|move|p2a: Torkoal|Heat Wave|p1a: Chandelure\n|-start|p1a: Chandelure|ability: Flash Fire\n|\n|-weather|SunnyDay|[upkeep]\n|upkeep\n|turn|9\n|\n|t:|1697678477\n|move|p1a: Chandelure|Shadow Ball|p2a: Torkoal\n|-damage|p2a: Torkoal|16\/100\n|move|p2a: Torkoal|Toxic|p1a: Chandelure\n|-status|p1a: Chandelure|tox\n|\n|-weather|SunnyDay|[upkeep]\n|-damage|p1a: Chandelure|56\/100 tox|[from] psn\n|upkeep\n|turn|10\n|-message|IzKingZ forfeited.\n|\n|win|the maraculous\n|raw|the maraculous's rating: 1420 &rarr; <strong>1435<\/strong><br \/>(+15 for winning)\n|raw|IzKingZ's rating: 1339 &rarr; <strong>1324<\/strong><br \/>(-15 for losing)\n|l|\u2606IzKingZ\n","uploadtime":1697678487,"views":4,"p1id":"themaraculous","p2id":"izkingz","formatid":"gen9nationaldexdoubles","rating":1324,"private":0,"password":""}