{"id":"gen9nationaldexdoubles-2000088793","p1":"silhumyong","p2":"ALX-2","format":"[Gen 9] National Dex Doubles","log":"|j|\u2606silhumyong\n|j|\u2606ALX-2\n|t:|1701152638\n|gametype|doubles\n|player|p1|silhumyong|rosa|1316\n|player|p2|ALX-2|ingo|1165\n|teamsize|p1|6\n|teamsize|p2|6\n|gen|9\n|tier|[Gen 9] National Dex Doubles\n|rated|\n|rule|HP Percentage Mod: HP is shown in percentages\n|rule|Endless Battle Clause: Forcing endless battles is banned\n|rule|OHKO Clause: OHKO moves are banned\n|rule|Evasion Moves Clause: Evasion moves are banned\n|rule|Evasion Abilities Clause: Evasion abilities are banned\n|rule|Species Clause: Limit one of each Pok\u00e9mon\n|rule|Gravity Sleep Clause: The combination of sleep-inducing moves with imperfect accuracy and Gravity or Gigantamax Orbeetle are banned\n|clearpoke\n|poke|p1|Torkoal, F|\n|poke|p1|Whimsicott, F|\n|poke|p1|Venusaur, F|\n|poke|p1|Walking Wake|\n|poke|p1|Farigiraf, F|\n|poke|p1|Rhyperior, F|\n|poke|p2|Kingambit, F|\n|poke|p2|Ninetales-Alola, F|\n|poke|p2|Kommo-o, F|\n|poke|p2|Flutter Mane|\n|poke|p2|Flareon, M|\n|poke|p2|Porygon2|\n|teampreview\n|\n|t:|1701152662\n|start\n|switch|p1a: Whimsicott|Whimsicott, F, shiny|100\/100\n|switch|p1b: Venusaur|Venusaur, F, shiny|100\/100\n|switch|p2a: Kommo-o|Kommo-o, F|100\/100\n|switch|p2b: Flareon|Flareon, M|100\/100\n|turn|1\n|\n|t:|1701152675\n|-terastallize|p1b: Venusaur|Fire\n|move|p1a: Whimsicott|Sunny Day|p1a: Whimsicott\n|-weather|SunnyDay\n|move|p1b: Venusaur|Sleep Powder|p2a: Kommo-o\n|-status|p2a: Kommo-o|slp|[from] move: Sleep Powder\n|cant|p2a: Kommo-o|slp\n|move|p2b: Flareon|Mystical Fire|p1b: Venusaur\n|-resisted|p1b: Venusaur\n|-damage|p1b: Venusaur|79\/100\n|-unboost|p1b: Venusaur|spa|1\n|\n|-weather|SunnyDay|[upkeep]\n|upkeep\n|turn|2\n|\n|t:|1701152694\n|switch|p2a: Ninetales|Ninetales-Alola, F|100\/100\n|-weather|Snow|[from] ability: Snow Warning|[of] p2a: Ninetales\n|switch|p1a: Walking Wake|Walking Wake|100\/100\n|move|p1b: Venusaur|Sleep Powder|p2b: Flareon\n|-status|p2b: Flareon|slp|[from] move: Sleep Powder\n|cant|p2b: Flareon|slp\n|\n|-weather|Snow|[upkeep]\n|upkeep\n|turn|3\n|\n|t:|1701152712\n|-end|p1a: Walking Wake|Protosynthesis|[silent]\n|switch|p1a: Torkoal|Torkoal, F, shiny|100\/100\n|-weather|SunnyDay|[from] ability: Drought|[of] p1a: Torkoal\n|-terastallize|p2b: Flareon|Grass\n|move|p1b: Venusaur|Sludge Bomb|p2a: Ninetales\n|-supereffective|p2a: Ninetales\n|-damage|p2a: Ninetales|40\/100\n|-damage|p1b: Venusaur|69\/100|[from] item: Life Orb\n|move|p2a: Ninetales|Safeguard|p2a: Ninetales\n|-sidestart|p2: ALX-2|Safeguard\n|cant|p2b: Flareon|slp\n|\n|-weather|SunnyDay|[upkeep]\n|upkeep\n|turn|4\n|\n|t:|1701152734\n|switch|p2a: Kommo-o|Kommo-o, F|100\/100 slp\n|switch|p1a: Walking Wake|Walking Wake|100\/100\n|-activate|p1a: Walking Wake|ability: Protosynthesis\n|-start|p1a: Walking Wake|protosynthesisspa\n|move|p1b: Venusaur|Weather Ball|p2b: Flareon\n|-start|p2b: Flareon|ability: Flash Fire\n|-curestatus|p2b: Flareon|slp|[msg]\n|move|p2b: Flareon|Mystical Fire|p1b: Venusaur\n|-resisted|p1b: Venusaur\n|-damage|p1b: Venusaur|40\/100\n|-unboost|p1b: Venusaur|spa|1\n|\n|-weather|SunnyDay|[upkeep]\n|upkeep\n|turn|5\n|\n|t:|1701152756\n|move|p1b: Venusaur|Sludge Bomb|p2b: Flareon\n|-supereffective|p2b: Flareon\n|-damage|p2b: Flareon|49\/100\n|-damage|p1b: Venusaur|30\/100|[from] item: Life Orb\n|move|p1a: Walking Wake|Draco Meteor|p2a: Kommo-o\n|-supereffective|p2a: Kommo-o\n|-damage|p2a: Kommo-o|0 fnt\n|-unboost|p1a: Walking Wake|spa|2\n|faint|p2a: Kommo-o\n|move|p2b: Flareon|Mystical Fire|p1a: Walking Wake\n|-resisted|p1a: Walking Wake\n|-damage|p1a: Walking Wake|83\/100\n|-unboost|p1a: Walking Wake|spa|1\n|\n|-weather|SunnyDay|[upkeep]\n|upkeep\n|\n|t:|1701152777\n|switch|p2a: Flutter Mane|Flutter Mane|100\/100\n|-activate|p2a: Flutter Mane|ability: Protosynthesis\n|-start|p2a: Flutter Mane|protosynthesisspa\n|turn|6\n|\n|t:|1701152786\n|-end|p1a: Walking Wake|Protosynthesis|[silent]\n|switch|p1a: Whimsicott|Whimsicott, F, shiny|100\/100\n|move|p2b: Flareon|Protect|p2b: Flareon\n|-singleturn|p2b: Flareon|Protect\n|move|p1b: Venusaur|Sludge Bomb|p2b: Flareon\n|-activate|p2b: Flareon|move: Protect\n|move|p2a: Flutter Mane|Shadow Ball|p1b: Venusaur\n|-damage|p1b: Venusaur|0 fnt\n|faint|p1b: Venusaur\n|\n|-weather|SunnyDay|[upkeep]\n|upkeep\n|\n|t:|1701152798\n|switch|p1b: Walking Wake|Walking Wake|83\/100\n|-activate|p1b: Walking Wake|ability: Protosynthesis\n|-start|p1b: Walking Wake|protosynthesisspa\n|turn|7\n|\n|t:|1701152808\n|move|p1b: Walking Wake|Protect|p1b: Walking Wake\n|-singleturn|p1b: Walking Wake|Protect\n|move|p1a: Whimsicott|Tailwind|p1a: Whimsicott\n|-sidestart|p1: silhumyong|move: Tailwind\n|move|p2a: Flutter Mane|Shadow Ball|p1b: Walking Wake\n|-activate|p1b: Walking Wake|move: Protect\n|move|p2b: Flareon|Wish|p2b: Flareon\n|\n|-weather|none\n|-end|p1b: Walking Wake|Protosynthesis\n|-end|p2a: Flutter Mane|Protosynthesis\n|-sideend|p2: ALX-2|Safeguard\n|upkeep\n|turn|8\n|\n|t:|1701152835\n|-end|p2a: Flutter Mane|Protosynthesis|[silent]\n|switch|p2a: Porygon2|Porygon2, shiny|100\/100\n|-ability|p2a: Porygon2|Prankster|[from] ability: Trace|[of] p1a: Whimsicott\n|move|p1a: Whimsicott|Sunny Day|p1a: Whimsicott\n|-weather|SunnyDay\n|-activate|p1b: Walking Wake|ability: Protosynthesis\n|-start|p1b: Walking Wake|protosynthesisspa\n|move|p1b: Walking Wake|Hydro Steam|p2a: Porygon2\n|-damage|p2a: Porygon2|54\/100\n|move|p2b: Flareon|Mystical Fire|p1b: Walking Wake\n|-resisted|p1b: Walking Wake\n|-damage|p1b: Walking Wake|67\/100\n|-unboost|p1b: Walking Wake|spa|1\n|\n|-weather|SunnyDay|[upkeep]\n|-heal|p2b: Flareon|99\/100|[from] move: Wish|[wisher] Flareon\n|upkeep\n|turn|9\n|\n|t:|1701152856\n|move|p2a: Porygon2|Magic Coat|p2a: Porygon2\n|-singleturn|p2a: Porygon2|move: Magic Coat\n|move|p1a: Whimsicott|Fake Tears|p2a: Porygon2\n|move|p2a: Porygon2|Fake Tears|p1a: Whimsicott|[from]Magic Coat\n|-unboost|p1a: Whimsicott|spd|2\n|move|p1b: Walking Wake|Hydro Steam|p2a: Porygon2\n|-damage|p2a: Porygon2|24\/100\n|move|p2b: Flareon|Mystical Fire|p1b: Walking Wake\n|-resisted|p1b: Walking Wake\n|-damage|p1b: Walking Wake|52\/100\n|-unboost|p1b: Walking Wake|spa|1\n|\n|-weather|SunnyDay|[upkeep]\n|upkeep\n|turn|10\n|\n|t:|1701152878\n|-end|p1b: Walking Wake|Protosynthesis|[silent]\n|switch|p1b: Rhyperior|Rhyperior, F, shiny|100\/100\n|move|p1a: Whimsicott|Encore|p2a: Porygon2\n|-start|p2a: Porygon2|Encore\n|move|p2a: Porygon2|Magic Coat|p2a: Porygon2\n|-singleturn|p2a: Porygon2|move: Magic Coat\n|move|p2b: Flareon|Mystical Fire|p1a: Whimsicott\n|-supereffective|p1a: Whimsicott\n|-damage|p1a: Whimsicott|0 fnt\n|faint|p1a: Whimsicott\n|\n|-weather|SunnyDay|[upkeep]\n|-sideend|p1: silhumyong|move: Tailwind\n|upkeep\n|\n|t:|1701152882\n|switch|p1a: Farigiraf|Farigiraf, F, shiny|100\/100\n|turn|11\n|\n|t:|1701152902\n|switch|p2a: Flutter Mane|Flutter Mane|100\/100\n|-activate|p2a: Flutter Mane|ability: Protosynthesis\n|-start|p2a: Flutter Mane|protosynthesisspa\n|move|p2b: Flareon|Baby-Doll Eyes||[still]\n|cant|p1a: Farigiraf|ability: Armor Tail|Baby-Doll Eyes|[of] p2b: Flareon\n|move|p1b: Rhyperior|Swords Dance|p1b: Rhyperior\n|-boost|p1b: Rhyperior|atk|2\n|move|p1a: Farigiraf|Trick Room|p1a: Farigiraf\n|-fieldstart|move: Trick Room|[of] p1a: Farigiraf\n|\n|-weather|SunnyDay|[upkeep]\n|upkeep\n|turn|12\n|\n|t:|1701152927\n|move|p1b: Rhyperior|Rock Slide|p2a: Flutter Mane|[spread] p2a,p2b\n|-damage|p2a: Flutter Mane|0 fnt\n|-damage|p2b: Flareon|35\/100\n|faint|p2a: Flutter Mane\n|-end|p2a: Flutter Mane|Protosynthesis|[silent]\n|move|p1a: Farigiraf|Dazzling Gleam|p2b: Flareon\n|-damage|p2b: Flareon|15\/100\n|move|p2b: Flareon|Mystical Fire|p1b: Rhyperior\n|-resisted|p1b: Rhyperior\n|-damage|p1b: Rhyperior|65\/100\n|\n|-weather|none\n|upkeep\n|\n|t:|1701152943\n|switch|p2a: Porygon2|Porygon2, shiny|24\/100\n|-ability|p2a: Porygon2|Solid Rock|[from] ability: Trace|[of] p1b: Rhyperior\n|turn|13\n|\n|t:|1701152951\n|move|p2b: Flareon|Protect|p2b: Flareon\n|-singleturn|p2b: Flareon|Protect\n|move|p1b: Rhyperior|Rock Slide|p2a: Porygon2|[spread] p2a\n|-activate|p2b: Flareon|move: Protect\n|-damage|p2a: Porygon2|0 fnt\n|faint|p2a: Porygon2\n|move|p1a: Farigiraf|Psychic|p2b: Flareon\n|-activate|p2b: Flareon|move: Protect\n|\n|upkeep\n|\n|t:|1701152963\n|switch|p2a: Kingambit|Kingambit, F|100\/100\n|-activate|p2a: Kingambit|ability: Supreme Overlord\n|-start|p2a: Kingambit|fallen3|[silent]\n|turn|14\n|\n|t:|1701152972\n|move|p2a: Kingambit|Sucker Punch||[still]\n|cant|p1a: Farigiraf|ability: Armor Tail|Sucker Punch|[of] p2a: Kingambit\n|move|p1b: Rhyperior|High Horsepower|p2a: Kingambit\n|-supereffective|p2a: Kingambit\n|-damage|p2a: Kingambit|0 fnt\n|faint|p2a: Kingambit\n|-end|p2a: Kingambit|fallen3|[silent]\n|move|p1a: Farigiraf|Psychic|p2b: Flareon\n|-damage|p2b: Flareon|0 fnt\n|faint|p2b: Flareon\n|\n|upkeep\n|c|\u2606ALX-2|gg\n|\n|t:|1701152986\n|switch|p2a: Ninetales|Ninetales-Alola, F|40\/100\n|-weather|Snow|[from] ability: Snow Warning|[of] p2a: Ninetales\n|turn|15\n|\n|t:|1701152992\n|move|p1b: Rhyperior|Rock Slide|p2a: Ninetales\n|-supereffective|p2a: Ninetales\n|-damage|p2a: Ninetales|0 fnt\n|faint|p2a: Ninetales\n|\n|win|silhumyong\n|raw|silhumyong's rating: 1316 &rarr; <strong>1328<\/strong><br \/>(+12 for winning)\n|raw|ALX-2's rating: 1165 &rarr; <strong>1150<\/strong><br \/>(-15 for losing)\n","uploadtime":1701153002,"views":8,"p1id":"silhumyong","p2id":"alx2","formatid":"gen9nationaldexdoubles","rating":1150,"private":0,"password":""}