{"id":"gen9nationaldexdoubles-1972964852","p1":"Backs To The Wind","p2":"uaremadbecozUSHIT","format":"[Gen 9] National Dex Doubles","log":"|j|\u2606Backs To The Wind\n|j|\u2606uaremadbecozUSHIT\n|t:|1697913486\n|gametype|doubles\n|player|p1|Backs To The Wind|lady|1104\n|player|p2|uaremadbecozUSHIT|lucas|1000\n|teamsize|p1|6\n|teamsize|p2|6\n|gen|9\n|tier|[Gen 9] National Dex Doubles\n|rated|\n|rule|HP Percentage Mod: HP is shown in percentages\n|rule|Endless Battle Clause: Forcing endless battles is banned\n|rule|OHKO Clause: OHKO moves are banned\n|rule|Evasion Moves Clause: Evasion moves are banned\n|rule|Evasion Abilities Clause: Evasion abilities are banned\n|rule|Species Clause: Limit one of each Pok\u00e9mon\n|rule|Gravity Sleep Clause: The combination of sleep-inducing moves with imperfect accuracy and Gravity or Gigantamax Orbeetle are banned\n|clearpoke\n|poke|p1|Starmie|\n|poke|p1|Celesteela|\n|poke|p1|Drapion, M|\n|poke|p1|Volbeat, M|\n|poke|p1|Jellicent, M|\n|poke|p1|Pincurchin, M|\n|poke|p2|Indeedee-F, F|\n|poke|p2|Oranguru, F|\n|poke|p2|Glastrier|\n|poke|p2|Hoopa-Unbound|\n|poke|p2|Ursaluna, F|\n|poke|p2|Zygarde|\n|teampreview\n|\n|t:|1697913503\n|start\n|switch|p1a: Drapion|Drapion, M|100\/100\n|switch|p1b: Volbeat|Volbeat, M|100\/100\n|switch|p2a: Hoopa|Hoopa-Unbound|100\/100\n|switch|p2b: Zygarde|Zygarde|100\/100\n|-ability|p2b: Zygarde|Aura Break\n|turn|1\n|inactive|Battle timer is ON: inactive players will automatically lose when time's up. (requested by Backs To The Wind)\n|\n|t:|1697913543\n|move|p1b: Volbeat|Lunge|p2a: Hoopa\n|-supereffective|p2a: Hoopa\n|-damage|p2a: Hoopa|0 fnt\n|faint|p2a: Hoopa\n|move|p1a: Drapion|Pursuit|p2b: Zygarde\n|-damage|p2b: Zygarde|92\/100\n|move|p2b: Zygarde|Coil|p2b: Zygarde\n|-boost|p2b: Zygarde|atk|1\n|-boost|p2b: Zygarde|def|1\n|-boost|p2b: Zygarde|accuracy|1\n|\n|upkeep\n|\n|t:|1697913559\n|switch|p2a: Ursaluna|Ursaluna, F|100\/100\n|turn|2\n|\n|t:|1697913577\n|move|p1b: Volbeat|Lunge|p2b: Zygarde\n|-damage|p2b: Zygarde|70\/100\n|-unboost|p2b: Zygarde|atk|1\n|move|p1a: Drapion|Night Slash|p2b: Zygarde\n|-damage|p2b: Zygarde|59\/100\n|move|p2b: Zygarde|Coil|p2b: Zygarde\n|-boost|p2b: Zygarde|atk|1\n|-boost|p2b: Zygarde|def|1\n|-boost|p2b: Zygarde|accuracy|1\n|move|p2a: Ursaluna|Facade|p1b: Volbeat\n|-damage|p1b: Volbeat|30\/100\n|\n|-status|p2a: Ursaluna|brn|[from] item: Flame Orb\n|upkeep\n|turn|3\n|inactive|uaremadbecozUSHIT has 120 seconds left.\n|\n|t:|1697913610\n|switch|p1a: Jellicent|Jellicent, M|100\/100\n|move|p1b: Volbeat|Lunge|p2a: Ursaluna\n|-damage|p2a: Ursaluna|47\/100 brn\n|-unboost|p2a: Ursaluna|atk|1\n|move|p2b: Zygarde|Thousand Arrows|p1b: Volbeat|[spread] p1a,p1b\n|-resisted|p1b: Volbeat\n|-damage|p1a: Jellicent|61\/100\n|-damage|p1b: Volbeat|5\/100\n|move|p2a: Ursaluna|Facade|p1b: Volbeat\n|-damage|p1b: Volbeat|0 fnt\n|faint|p1b: Volbeat\n|\n|-heal|p1a: Jellicent|67\/100|[from] item: Leftovers\n|-damage|p2a: Ursaluna|40\/100 brn|[from] brn\n|upkeep\n|\n|t:|1697913623\n|switch|p1b: Starmie|Starmie|100\/100\n|turn|4\n|inactive|uaremadbecozUSHIT has 120 seconds left.\n|\n|t:|1697913665\n|-zpower|p1b: Starmie\n|move|p1b: Starmie|Z-Reflect Type|p1a: Jellicent|[anim]Reflect Type\n|-boost|p1b: Starmie|spa|1|[zeffect]\n|-start|p1b: Starmie|typechange|[from] move: Reflect Type|[of] p1a: Jellicent\n|move|p2b: Zygarde|Thousand Arrows|p1a: Jellicent|[spread] p1a,p1b\n|-damage|p1a: Jellicent|28\/100\n|-damage|p1b: Starmie|46\/100\n|move|p1a: Jellicent|Giga Drain|p2a: Ursaluna\n|-supereffective|p2a: Ursaluna\n|-damage|p2a: Ursaluna|0 fnt\n|-heal|p1a: Jellicent|51\/100|[from] drain|[of] p2a: Ursaluna\n|faint|p2a: Ursaluna\n|\n|-heal|p1a: Jellicent|57\/100|[from] item: Leftovers\n|upkeep\n|inactive|uaremadbecozUSHIT has 90 seconds left.\n|\n|t:|1697913695\n|switch|p2a: Indeedee|Indeedee-F, F|100\/100\n|-fieldstart|move: Psychic Terrain|[from] ability: Psychic Surge|[of] p2a: Indeedee\n|turn|5\n|\n|t:|1697913707\n|move|p1b: Starmie|Ice Beam|p2b: Zygarde\n|-supereffective|p2b: Zygarde\n|-damage|p2b: Zygarde|0 fnt\n|faint|p2b: Zygarde\n|move|p1a: Jellicent|Destiny Bond|p1a: Jellicent\n|-singlemove|p1a: Jellicent|Destiny Bond\n|move|p2a: Indeedee|Trick Room|p2a: Indeedee\n|-fieldstart|move: Trick Room|[of] p2a: Indeedee\n|\n|-heal|p1a: Jellicent|63\/100|[from] item: Leftovers\n|upkeep\n|inactive|uaremadbecozUSHIT has 90 seconds left.\n|\n|t:|1697913735\n|switch|p2b: Glastrier|Glastrier|100\/100\n|turn|6\n|\n|t:|1697913755\n|-terastallize|p2b: Glastrier|Ice\n|move|p2a: Indeedee|Follow Me|p2a: Indeedee\n|-singleturn|p2a: Indeedee|move: Follow Me\n|move|p2b: Glastrier|Icicle Spear|p1b: Starmie\n|-resisted|p1b: Starmie\n|-damage|p1b: Starmie|29\/100\n|-resisted|p1b: Starmie\n|-damage|p1b: Starmie|15\/100\n|-resisted|p1b: Starmie\n|-damage|p1b: Starmie|0 fnt\n|faint|p1b: Starmie\n|-ability|p2b: Glastrier|Chilling Neigh|boost\n|-boost|p2b: Glastrier|atk|1\n|-hitcount|p1: Starmie|3\n|move|p1a: Jellicent|Scald|p2a: Indeedee\n|-damage|p2a: Indeedee|68\/100\n|\n|-heal|p1a: Jellicent|70\/100|[from] item: Leftovers\n|upkeep\n|\n|t:|1697913770\n|switch|p1b: Pincurchin|Pincurchin, M|100\/100\n|turn|7\n|inactive|uaremadbecozUSHIT has 120 seconds left.\n|\n|t:|1697913794\n|-terastallize|p1b: Pincurchin|Electric\n|move|p2a: Indeedee|Follow Me|p2a: Indeedee\n|-singleturn|p2a: Indeedee|move: Follow Me\n|move|p2b: Glastrier|Icicle Spear|p1b: Pincurchin\n|-damage|p1b: Pincurchin|64\/100\n|-damage|p1b: Pincurchin|30\/100\n|-damage|p1b: Pincurchin|0 fnt\n|faint|p1b: Pincurchin\n|-ability|p2b: Glastrier|Chilling Neigh|boost\n|-boost|p2b: Glastrier|atk|1\n|-hitcount|p1: Pincurchin|3\n|move|p1a: Jellicent|Destiny Bond|p1a: Jellicent\n|-singlemove|p1a: Jellicent|Destiny Bond\n|\n|-heal|p1a: Jellicent|76\/100|[from] item: Leftovers\n|upkeep\n|\n|t:|1697913809\n|switch|p1b: Drapion|Drapion, M|100\/100\n|turn|8\n|\n|t:|1697913827\n|move|p2a: Indeedee|Follow Me|p2a: Indeedee\n|-singleturn|p2a: Indeedee|move: Follow Me\n|move|p2b: Glastrier|Icicle Spear|p1b: Drapion\n|-crit|p1b: Drapion\n|-damage|p1b: Drapion|48\/100\n|-damage|p1b: Drapion|12\/100\n|-crit|p1b: Drapion\n|-damage|p1b: Drapion|0 fnt\n|faint|p1b: Drapion\n|-ability|p2b: Glastrier|Chilling Neigh|boost\n|-boost|p2b: Glastrier|atk|1\n|-hitcount|p1: Drapion|3\n|move|p1a: Jellicent|Scald|p2a: Indeedee\n|-damage|p2a: Indeedee|37\/100\n|-status|p2a: Indeedee|brn\n|\n|-heal|p1a: Jellicent|82\/100|[from] item: Leftovers\n|-damage|p2a: Indeedee|30\/100 brn|[from] brn\n|upkeep\n|-message|Backs To The Wind forfeited.\n|\n|win|uaremadbecozUSHIT\n|raw|Backs To The Wind's rating: 1104 &rarr; <strong>1077<\/strong><br \/>(-27 for losing)\n|raw|uaremadbecozUSHIT's rating: 1079 &rarr; <strong>1109<\/strong><br \/>(+30 for winning)\n|l|\u2606Backs To The Wind\n","uploadtime":1697913858,"views":12,"p1id":"backstothewind","p2id":"uaremadbecozushit","formatid":"gen9nationaldexdoubles","rating":1077,"private":0,"password":""}