{"id":"gen9nationaldexdoubles-1978483369","p1":"Walccer","p2":"Tritus ELITE 4","format":"[Gen 9] National Dex Doubles","log":"|j|\u2606Walccer\n|j|\u2606Tritus ELITE 4\n|t:|1698544818\n|gametype|doubles\n|player|p1|Walccer|gloria|1171\n|player|p2|Tritus ELITE 4|wulfric|1100\n|teamsize|p1|6\n|teamsize|p2|6\n|gen|9\n|tier|[Gen 9] National Dex Doubles\n|rated|\n|rule|HP Percentage Mod: HP is shown in percentages\n|rule|Endless Battle Clause: Forcing endless battles is banned\n|rule|OHKO Clause: OHKO moves are banned\n|rule|Evasion Moves Clause: Evasion moves are banned\n|rule|Evasion Abilities Clause: Evasion abilities are banned\n|rule|Species Clause: Limit one of each Pok\u00e9mon\n|rule|Gravity Sleep Clause: The combination of sleep-inducing moves with imperfect accuracy and Gravity or Gigantamax Orbeetle are banned\n|clearpoke\n|poke|p1|Oricorio-Sensu, M|\n|poke|p1|Kommo-o, M|\n|poke|p1|Volcarona, F|\n|poke|p1|Lilligant, F|\n|poke|p1|Ninetales-Alola, F|\n|poke|p1|Quaquaval, F|\n|poke|p2|Basculegion-F, F|\n|poke|p2|Swampert, M|\n|poke|p2|Pelipper, F|\n|poke|p2|Araquanid, M|\n|poke|p2|Milotic, F|\n|poke|p2|Ludicolo, M|\n|teampreview\n|inactive|Battle timer is ON: inactive players will automatically lose when time's up. (requested by Tritus ELITE 4)\n|\n|t:|1698544871\n|start\n|switch|p1a: Oricorio|Oricorio-Sensu, M|100\/100\n|switch|p1b: Kommo-o|Kommo-o, M|100\/100\n|switch|p2a: Pelipper|Pelipper, F|100\/100\n|switch|p2b: Swampert|Swampert, M|100\/100\n|-weather|RainDance|[from] ability: Drizzle|[of] p2a: Pelipper\n|turn|1\n|\n|t:|1698544886\n|detailschange|p2b: Swampert|Swampert-Mega, M\n|-mega|p2b: Swampert|Swampert|Swampertite\n|-terastallize|p2a: Pelipper|Steel\n|move|p1a: Oricorio|Protect|p1a: Oricorio\n|-singleturn|p1a: Oricorio|Protect\n|move|p2b: Swampert|Bulk Up|p2b: Swampert\n|-boost|p2b: Swampert|atk|1\n|-boost|p2b: Swampert|def|1\n|-zpower|p1b: Kommo-o\n|move|p1b: Kommo-o|Clangorous Soulblaze|p2b: Swampert|[zeffect]|[spread] p2a,p2b\n|-resisted|p2a: Pelipper\n|-damage|p2a: Pelipper|62\/100\n|-damage|p2b: Swampert|48\/100\n|-boost|p1b: Kommo-o|atk|1\n|-boost|p1b: Kommo-o|def|1\n|-boost|p1b: Kommo-o|spa|1\n|-boost|p1b: Kommo-o|spd|1\n|-boost|p1b: Kommo-o|spe|1\n|move|p2a: Pelipper|Tailwind|p2a: Pelipper\n|-sidestart|p2: Tritus ELITE 4|move: Tailwind\n|\n|-weather|RainDance|[upkeep]\n|-heal|p2a: Pelipper|68\/100|[from] item: Leftovers\n|upkeep\n|turn|2\n|\n|t:|1698544911\n|move|p2b: Swampert|Waterfall|p1b: Kommo-o\n|-resisted|p1b: Kommo-o\n|-damage|p1b: Kommo-o|63\/100\n|move|p1b: Kommo-o|Boomburst|p2a: Pelipper|[spread] p2a,p2b\n|-immune|p1a: Oricorio\n|-resisted|p2a: Pelipper\n|-damage|p2a: Pelipper|42\/100\n|-damage|p2b: Swampert|3\/100\n|move|p2a: Pelipper|Hurricane|p1b: Kommo-o\n|-supereffective|p1b: Kommo-o\n|-damage|p1b: Kommo-o|12\/100\n|move|p1a: Oricorio|Quiver Dance|p1a: Oricorio\n|-boost|p1a: Oricorio|spa|1\n|-boost|p1a: Oricorio|spd|1\n|-boost|p1a: Oricorio|spe|1\n|\n|-weather|RainDance|[upkeep]\n|-heal|p2a: Pelipper|48\/100|[from] item: Leftovers\n|upkeep\n|turn|3\n|inactive|Walccer has 120 seconds left.\n|\n|t:|1698544947\n|move|p2b: Swampert|Waterfall|p1b: Kommo-o\n|-resisted|p1b: Kommo-o\n|-damage|p1b: Kommo-o|0 fnt\n|faint|p1b: Kommo-o\n|move|p1a: Oricorio|Revelation Dance|p2b: Swampert\n|-damage|p2b: Swampert|0 fnt\n|faint|p2b: Swampert\n|move|p2a: Pelipper|U-turn|p1a: Oricorio\n|-resisted|p1a: Oricorio\n|-damage|p1a: Oricorio|95\/100\n|inactive|Tritus ELITE 4 has 120 seconds left.\n|\n|t:|1698544962\n|switch|p2a: Araquanid|Araquanid, M|100\/100|[from] U-turn\n|\n|-weather|RainDance|[upkeep]\n|upkeep\n|\n|t:|1698544975\n|switch|p1b: Ninetales|Ninetales-Alola, F, shiny|100\/100\n|switch|p2b: Pelipper|Pelipper, F, tera:Steel|48\/100\n|-weather|Snow|[from] ability: Snow Warning|[of] p1b: Ninetales\n|-weather|RainDance|[from] ability: Drizzle|[of] p2b: Pelipper\n|turn|4\n|\n|t:|1698544991\n|switch|p2b: Milotic|Milotic, F|100\/100\n|move|p1a: Oricorio|Revelation Dance|p2b: Milotic\n|-damage|p2b: Milotic|63\/100\n|move|p1b: Ninetales|Role Play|p1a: Oricorio\n|-endability|p1b: Ninetales|Snow Warning|[from] move: Role Play\n|-ability|p1b: Ninetales|Dancer|[from] move: Role Play|[of] p1a: Oricorio\n|move|p2a: Araquanid|Liquidation|p1b: Ninetales\n|-damage|p1b: Ninetales|0 fnt\n|faint|p1b: Ninetales\n|-damage|p2a: Araquanid|91\/100|[from] item: Life Orb\n|\n|-weather|RainDance|[upkeep]\n|-heal|p2b: Milotic|69\/100|[from] item: Leftovers\n|-sideend|p2: Tritus ELITE 4|move: Tailwind\n|upkeep\n|\n|t:|1698545003\n|switch|p1b: Lilligant|Lilligant, F, shiny|100\/100\n|turn|5\n|\n|t:|1698545018\n|move|p1a: Oricorio|Protect|p1a: Oricorio\n|-singleturn|p1a: Oricorio|Protect\n|move|p1b: Lilligant|Sleep Powder|p2a: Araquanid\n|-status|p2a: Araquanid|slp|[from] move: Sleep Powder\n|move|p2b: Milotic|Icy Wind|p1b: Lilligant|[spread] p1b\n|-activate|p1a: Oricorio|move: Protect\n|-supereffective|p1b: Lilligant\n|-damage|p1b: Lilligant|73\/100\n|-unboost|p1b: Lilligant|spe|1\n|cant|p2a: Araquanid|slp\n|\n|-weather|RainDance|[upkeep]\n|-heal|p2b: Milotic|75\/100|[from] item: Leftovers\n|upkeep\n|turn|6\n|\n|t:|1698545039\n|move|p1a: Oricorio|Revelation Dance|p2b: Milotic\n|-crit|p2b: Milotic\n|-damage|p2b: Milotic|10\/100\n|move|p1b: Lilligant|Petal Dance|p2b: Milotic\n|-supereffective|p2b: Milotic\n|-damage|p2b: Milotic|0 fnt\n|faint|p2b: Milotic\n|-damage|p1b: Lilligant|63\/100|[from] item: Life Orb\n|-activate|p1a: Oricorio|ability: Dancer\n|move|p1a: Oricorio|Petal Dance|p2a: Araquanid|[from]ability: Dancer\n|-damage|p2a: Araquanid|35\/100 slp\n|cant|p2a: Araquanid|slp\n|\n|-weather|RainDance|[upkeep]\n|upkeep\n|\n|t:|1698545050\n|switch|p2b: Ludicolo|Ludicolo, M|100\/100\n|turn|7\n|\n|t:|1698545064\n|move|p1a: Oricorio|Protect|p1a: Oricorio\n|-singleturn|p1a: Oricorio|Protect\n|move|p2b: Ludicolo|Waterfall|p1b: Lilligant\n|-resisted|p1b: Lilligant\n|-damage|p1b: Lilligant|15\/100\n|-damage|p2b: Ludicolo|91\/100|[from] item: Life Orb\n|move|p1b: Lilligant|Petal Dance|p2b: Ludicolo|[from]lockedmove\n|-damage|p2b: Ludicolo|6\/100\n|-damage|p1b: Lilligant|5\/100|[from] item: Life Orb\n|-activate|p1a: Oricorio|ability: Dancer\n|move|p1a: Oricorio|Petal Dance|p2b: Ludicolo|[from]ability: Dancer\n|-damage|p2b: Ludicolo|0 fnt\n|faint|p2b: Ludicolo\n|cant|p2a: Araquanid|slp\n|\n|-weather|RainDance|[upkeep]\n|upkeep\n|\n|t:|1698545083\n|switch|p2b: Basculegion|Basculegion-F, F|100\/100\n|turn|8\n|inactive|Walccer has 120 seconds left.\n|\n|t:|1698545126\n|switch|p1a: Volcarona|Volcarona, F|100\/100\n|move|p2b: Basculegion|Aqua Jet|p1b: Lilligant\n|-resisted|p1b: Lilligant\n|-damage|p1b: Lilligant|0 fnt\n|faint|p1b: Lilligant\n|-damage|p2b: Basculegion|91\/100|[from] item: Life Orb\n|-curestatus|p2a: Araquanid|slp|[msg]\n|move|p2a: Araquanid|Liquidation|p1a: Volcarona\n|-supereffective|p1a: Volcarona\n|-damage|p1a: Volcarona|0 fnt\n|faint|p1a: Volcarona\n|-damage|p2a: Araquanid|25\/100|[from] item: Life Orb\n|\n|-weather|none\n|upkeep\n|\n|t:|1698545132\n|switch|p1b: Quaquaval|Quaquaval, F|100\/100\n|switch|p1a: Oricorio|Oricorio-Sensu, M|95\/100\n|turn|9\n|inactive|Walccer has 120 seconds left.\n|inactive|Walccer has 90 seconds left.\n|\n|t:|1698545199\n|switch|p2a: Pelipper|Pelipper, F, tera:Steel|48\/100\n|-weather|RainDance|[from] ability: Drizzle|[of] p2a: Pelipper\n|move|p2b: Basculegion|Last Respects|p1b: Quaquaval\n|-damage|p1b: Quaquaval|0 fnt\n|faint|p1b: Quaquaval\n|-damage|p2b: Basculegion|81\/100|[from] item: Life Orb\n|move|p1a: Oricorio|Quiver Dance|p1a: Oricorio\n|-boost|p1a: Oricorio|spa|1\n|-boost|p1a: Oricorio|spd|1\n|-boost|p1a: Oricorio|spe|1\n|\n|-weather|RainDance|[upkeep]\n|-heal|p2a: Pelipper|54\/100|[from] item: Leftovers\n|upkeep\n|turn|10\n|inactive|Walccer has 90 seconds left.\n|\n|t:|1698545229\n|move|p1a: Oricorio|Revelation Dance|p2b: Basculegion\n|-supereffective|p2b: Basculegion\n|-damage|p2b: Basculegion|0 fnt\n|faint|p2b: Basculegion\n|move|p2a: Pelipper|Scald|p1a: Oricorio\n|-damage|p1a: Oricorio|55\/100\n|\n|-weather|RainDance|[upkeep]\n|-heal|p2a: Pelipper|60\/100|[from] item: Leftovers\n|upkeep\n|\n|t:|1698545238\n|switch|p2b: Araquanid|Araquanid, M|25\/100\n|turn|11\n|\n|t:|1698545245\n|move|p1a: Oricorio|Revelation Dance|p2b: Araquanid\n|-damage|p2b: Araquanid|0 fnt\n|faint|p2b: Araquanid\n|move|p2a: Pelipper|Scald|p1a: Oricorio\n|-damage|p1a: Oricorio|10\/100\n|-status|p1a: Oricorio|brn\n|\n|-weather|RainDance|[upkeep]\n|-heal|p2a: Pelipper|67\/100|[from] item: Leftovers\n|-damage|p1a: Oricorio|4\/100 brn|[from] brn\n|upkeep\n|turn|12\n|c|\u2606Walccer|welp, whoever wins\n|c|\u2606Walccer|gg\n|inactive|Walccer has 90 seconds left.\n|\n|t:|1698545277\n|move|p1a: Oricorio|Revelation Dance|p2a: Pelipper\n|-damage|p2a: Pelipper|0 fnt\n|faint|p2a: Pelipper\n|\n|win|Walccer\n|raw|Walccer's rating: 1171 &rarr; <strong>1191<\/strong><br \/>(+20 for winning)\n|raw|Tritus ELITE 4's rating: 1100 &rarr; <strong>1080<\/strong><br \/>(-20 for losing)\n|c|\u2606Tritus ELITE 4|Gg\n|c|\u2606Walccer|gg\n|l|\u2606Tritus ELITE 4\n","uploadtime":1698545349,"views":7,"p1id":"walccer","p2id":"trituselite4","formatid":"gen9nationaldexdoubles","rating":1080,"private":0,"password":""}