{"id":"gen9nationaldexdoubles-1997808552","p1":"The crimson wooper","p2":"playernines","format":"[Gen 9] National Dex Doubles","log":"|j|\u2606The crimson wooper\n|j|\u2606playernines\n|t:|1700854950\n|gametype|doubles\n|player|p1|The crimson wooper|101|\n|player|p2|playernines|lance|\n|teamsize|p1|6\n|teamsize|p2|6\n|gen|9\n|tier|[Gen 9] National Dex Doubles\n|rule|HP Percentage Mod: HP is shown in percentages\n|rule|Endless Battle Clause: Forcing endless battles is banned\n|rule|OHKO Clause: OHKO moves are banned\n|rule|Evasion Moves Clause: Evasion moves are banned\n|rule|Evasion Abilities Clause: Evasion abilities are banned\n|rule|Species Clause: Limit one of each Pok\u00e9mon\n|rule|Gravity Sleep Clause: The combination of sleep-inducing moves with imperfect accuracy and Gravity or Gigantamax Orbeetle are banned\n|clearpoke\n|poke|p1|Chi-Yu|\n|poke|p1|Tornadus, M|\n|poke|p1|Kangaskhan, F|\n|poke|p1|Iron Hands|\n|poke|p1|Flutter Mane|\n|poke|p1|Farigiraf, M|\n|poke|p2|Ogerpon-Hearthflame, F|\n|poke|p2|Rillaboom, M|\n|poke|p2|Sinistcha|\n|poke|p2|Brute Bonnet|\n|poke|p2|Lilligant-Hisui, F|\n|poke|p2|Arboliva, M|\n|teampreview\n|inactive|Battle timer is ON: inactive players will automatically lose when time's up. (requested by The crimson wooper)\n|c|\u2606The crimson wooper|Hf\n|inactiveoff|Battle timer is now OFF.\n|c|\u2606playernines|gl hf !\n|\n|t:|1700854986\n|start\n|switch|p1a: Chi-Yu|Chi-Yu|100\/100\n|switch|p1b: Iron Hands|Iron Hands|100\/100\n|switch|p2a: grodd|Rillaboom, M|100\/100\n|switch|p2b: Sinistcha|Sinistcha|100\/100\n|-ability|p1a: Chi-Yu|Beads of Ruin\n|-fieldstart|move: Grassy Terrain|[from] ability: Grassy Surge|[of] p2a: grodd\n|turn|1\n|\n|t:|1700854998\n|move|p2a: grodd|Fake Out|p1a: Chi-Yu\n|-damage|p1a: Chi-Yu|76\/100\n|move|p1b: Iron Hands|Fake Out|p2a: grodd\n|-damage|p2a: grodd|87\/100\n|cant|p1a: Chi-Yu|flinch\n|move|p2b: Sinistcha|Trick Room|p2b: Sinistcha\n|-fieldstart|move: Trick Room|[of] p2b: Sinistcha\n|\n|-heal|p2a: grodd|94\/100|[from] Grassy Terrain\n|-heal|p1a: Chi-Yu|82\/100|[from] Grassy Terrain\n|upkeep\n|turn|2\n|\n|t:|1700855038\n|switch|p1a: Farigiraf|Farigiraf, M|100\/100\n|move|p1b: Iron Hands|Drain Punch|p2a: grodd\n|-damage|p2a: grodd|57\/100\n|move|p2b: Sinistcha|Matcha Gotcha|p1b: Iron Hands|[spread] p1a,p1b\n|-crit|p1b: Iron Hands\n|-damage|p1a: Farigiraf|75\/100\n|-damage|p1b: Iron Hands|73\/100\n|move|p2a: grodd|Knock Off|p1a: Farigiraf\n|-supereffective|p1a: Farigiraf\n|-damage|p1a: Farigiraf|7\/100\n|-enditem|p1a: Farigiraf|Leftovers|[from] move: Knock Off|[of] p2a: grodd\n|\n|-heal|p1b: Iron Hands|79\/100|[from] Grassy Terrain\n|-heal|p1a: Farigiraf|13\/100|[from] Grassy Terrain\n|-heal|p2a: grodd|63\/100|[from] Grassy Terrain\n|upkeep\n|turn|3\n|\n|t:|1700855061\n|move|p1b: Iron Hands|Drain Punch|p2a: grodd\n|-damage|p2a: grodd|25\/100\n|-heal|p1b: Iron Hands|94\/100|[from] drain|[of] p2a: grodd\n|move|p1a: Farigiraf|Psychic|p2a: grodd\n|-damage|p2a: grodd|1\/100\n|-unboost|p2a: grodd|spd|1\n|move|p2b: Sinistcha|Matcha Gotcha|p1b: Iron Hands|[spread] p1a\n|-miss|p2b: Sinistcha|p1b: Iron Hands\n|-damage|p1a: Farigiraf|0 fnt\n|faint|p1a: Farigiraf\n|move|p2a: grodd|U-turn|p1b: Iron Hands\n|-resisted|p1b: Iron Hands\n|-damage|p1b: Iron Hands|85\/100\n|c|\u2606The crimson wooper|Bruh\n|c|\u2606The crimson wooper|Unforthnate\n|\n|t:|1700855079\n|switch|p2a: gay tropius|Arboliva, M|100\/100|[from] U-turn\n|\n|-heal|p1b: Iron Hands|91\/100|[from] Grassy Terrain\n|upkeep\n|\n|t:|1700855086\n|switch|p1a: Kangaskhan|Kangaskhan, F|100\/100\n|turn|4\n|\n|t:|1700855106\n|detailschange|p1a: Kangaskhan|Kangaskhan-Mega, F\n|-mega|p1a: Kangaskhan|Kangaskhan|Kangaskhanite\n|-terastallize|p2a: gay tropius|Fairy\n|move|p1a: Kangaskhan|Fake Out|p2a: gay tropius\n|-damage|p2a: gay tropius|80\/100\n|-damage|p2a: gay tropius|74\/100\n|-hitcount|p2a: gay tropius|2\n|cant|p2a: gay tropius|flinch\n|move|p1b: Iron Hands|Heavy Slam|p2b: Sinistcha\n|-crit|p2b: Sinistcha\n|-damage|p2b: Sinistcha|43\/100\n|move|p2b: Sinistcha|Matcha Gotcha|p1b: Iron Hands|[spread] p1a,p1b\n|-damage|p1a: Kangaskhan|65\/100\n|-heal|p2b: Sinistcha|61\/100|[from] drain|[of] p1a: Kangaskhan\n|-damage|p1b: Iron Hands|73\/100\n|-heal|p2b: Sinistcha|74\/100|[from] drain|[of] p1b: Iron Hands\n|\n|-heal|p2a: gay tropius|80\/100|[from] Grassy Terrain\n|-heal|p1b: Iron Hands|79\/100|[from] Grassy Terrain\n|-heal|p2b: Sinistcha|80\/100|[from] Grassy Terrain\n|-heal|p1a: Kangaskhan|71\/100|[from] Grassy Terrain\n|upkeep\n|turn|5\n|\n|t:|1700855124\n|move|p2a: gay tropius|Tera Blast|p1b: Iron Hands|[anim] Tera Blast Fairy\n|-supereffective|p1b: Iron Hands\n|-damage|p1b: Iron Hands|34\/100\n|move|p1b: Iron Hands|Heavy Slam|p2a: gay tropius\n|-supereffective|p2a: gay tropius\n|-damage|p2a: gay tropius|0 fnt\n|faint|p2a: gay tropius\n|move|p2b: Sinistcha|Matcha Gotcha|p1a: Kangaskhan|[spread] p1a,p1b\n|-damage|p1a: Kangaskhan|36\/100\n|-heal|p2b: Sinistcha|98\/100|[from] drain|[of] p1a: Kangaskhan\n|-damage|p1b: Iron Hands|17\/100\n|-heal|p2b: Sinistcha|100\/100|[from] drain|[of] p1b: Iron Hands\n|-status|p1a: Kangaskhan|brn\n|move|p1a: Kangaskhan|Return|p2b: Sinistcha\n|-immune|p2b: Sinistcha\n|\n|-heal|p1b: Iron Hands|23\/100|[from] Grassy Terrain\n|-heal|p1a: Kangaskhan|42\/100 brn|[from] Grassy Terrain\n|-damage|p1a: Kangaskhan|36\/100 brn|[from] brn\n|-fieldend|move: Trick Room\n|-fieldend|move: Grassy Terrain\n|upkeep\n|\n|t:|1700855166\n|switch|p2a: Ogerpon|Ogerpon-Hearthflame, F|100\/100\n|-ability|p2a: Ogerpon|Mold Breaker\n|turn|6\n|c|\u2606The crimson wooper|Man I suck at doubles\n|\n|t:|1700855211\n|move|p2a: Ogerpon|Ivy Cudgel|p1a: Kangaskhan|[anim] Ivy Cudgel Fire\n|-damage|p1a: Kangaskhan|0 fnt\n|faint|p1a: Kangaskhan\n|move|p2b: Sinistcha|Matcha Gotcha|p1b: Iron Hands\n|-damage|p1b: Iron Hands|7\/100\n|-status|p1b: Iron Hands|brn\n|move|p1b: Iron Hands|Heavy Slam|p2b: Sinistcha\n|-damage|p2b: Sinistcha|83\/100\n|\n|-damage|p1b: Iron Hands|1\/100 brn|[from] brn\n|upkeep\n|\n|t:|1700855225\n|switch|p1a: Chi-Yu|Chi-Yu|82\/100\n|-ability|p1a: Chi-Yu|Beads of Ruin\n|turn|7\n|\n|t:|1700855261\n|move|p2a: Ogerpon|Swords Dance|p2a: Ogerpon\n|-boost|p2a: Ogerpon|atk|2\n|move|p1a: Chi-Yu|Heat Wave|p2a: Ogerpon|[spread] p2a,p2b\n|-supereffective|p2b: Sinistcha\n|-damage|p2a: Ogerpon|12\/100\n|-damage|p2b: Sinistcha|0 fnt\n|faint|p2b: Sinistcha\n|move|p1b: Iron Hands|Heavy Slam|p2a: Ogerpon\n|-resisted|p2a: Ogerpon\n|-damage|p2a: Ogerpon|0 fnt\n|faint|p2a: Ogerpon\n|\n|-damage|p1b: Iron Hands|0 fnt|[from] brn\n|faint|p1b: Iron Hands\n|-end|p1b: Iron Hands|Quark Drive|[silent]\n|upkeep\n|\n|t:|1700855290\n|switch|p2a: grodd|Rillaboom, M|1\/100\n|switch|p2b: Brute Bonnet|Brute Bonnet|100\/100\n|switch|p1b: Tornadus|Tornadus, M|100\/100\n|-fieldstart|move: Grassy Terrain|[from] ability: Grassy Surge|[of] p2a: grodd\n|turn|8\n|\n|t:|1700855308\n|move|p2a: grodd|Fake Out|p1a: Chi-Yu\n|-damage|p1a: Chi-Yu|59\/100\n|move|p1b: Tornadus|Tailwind|p1b: Tornadus\n|-sidestart|p1: The crimson wooper|move: Tailwind\n|cant|p1a: Chi-Yu|flinch\n|move|p2b: Brute Bonnet|Spore|p1a: Chi-Yu\n|-status|p1a: Chi-Yu|slp|[from] move: Spore\n|\n|-heal|p1a: Chi-Yu|65\/100 slp|[from] Grassy Terrain\n|-heal|p2a: grodd|7\/100|[from] Grassy Terrain\n|upkeep\n|turn|9\n|\n|t:|1700855338\n|move|p2a: grodd|Grassy Glide|p1a: Chi-Yu\n|-resisted|p1a: Chi-Yu\n|-damage|p1a: Chi-Yu|34\/100 slp\n|cant|p1a: Chi-Yu|slp\n|move|p1b: Tornadus|Icy Wind|p2b: Brute Bonnet|[spread] p2a,p2b\n|-supereffective|p2a: grodd\n|-supereffective|p2b: Brute Bonnet\n|-damage|p2a: grodd|0 fnt\n|-damage|p2b: Brute Bonnet|75\/100\n|-unboost|p2b: Brute Bonnet|spe|1\n|faint|p2a: grodd\n|move|p2b: Brute Bonnet|Bullet Seed|p1a: Chi-Yu\n|-resisted|p1a: Chi-Yu\n|-damage|p1a: Chi-Yu|18\/100 slp\n|-resisted|p1a: Chi-Yu\n|-damage|p1a: Chi-Yu|2\/100 slp\n|-resisted|p1a: Chi-Yu\n|-crit|p1a: Chi-Yu\n|-damage|p1a: Chi-Yu|0 fnt\n|faint|p1a: Chi-Yu\n|-hitcount|p1: Chi-Yu|3\n|\n|-heal|p2b: Brute Bonnet|81\/100|[from] Grassy Terrain\n|upkeep\n|\n|t:|1700855361\n|switch|p1a: Flutter Mane|Flutter Mane|100\/100\n|switch|p2a: Lilligant|Lilligant-Hisui, F, shiny|100\/100\n|turn|10\n|\n|t:|1700855383\n|move|p2a: Lilligant|Protect|p2a: Lilligant\n|-singleturn|p2a: Lilligant|Protect\n|move|p2b: Brute Bonnet|Sucker Punch|p1a: Flutter Mane\n|-damage|p1a: Flutter Mane|17\/100\n|move|p1a: Flutter Mane|Dazzling Gleam|p2a: Lilligant|[spread] p2b\n|-activate|p2a: Lilligant|move: Protect\n|-supereffective|p2b: Brute Bonnet\n|-damage|p2b: Brute Bonnet|24\/100\n|move|p1b: Tornadus|Icy Wind|p2b: Brute Bonnet|[spread] p2b\n|-activate|p2a: Lilligant|move: Protect\n|-supereffective|p2b: Brute Bonnet\n|-damage|p2b: Brute Bonnet|3\/100\n|-unboost|p2b: Brute Bonnet|spe|1\n|\n|-heal|p1a: Flutter Mane|23\/100|[from] Grassy Terrain\n|-heal|p2b: Brute Bonnet|9\/100|[from] Grassy Terrain\n|upkeep\n|turn|11\n|\n|t:|1700855427\n|move|p1a: Flutter Mane|Protect|p1a: Flutter Mane\n|-singleturn|p1a: Flutter Mane|Protect\n|move|p2b: Brute Bonnet|Sucker Punch||[still]\n|-fail|p2b: Brute Bonnet\n|move|p1b: Tornadus|Icy Wind|p2a: Lilligant|[spread] p2a,p2b\n|-supereffective|p2a: Lilligant\n|-supereffective|p2b: Brute Bonnet\n|-damage|p2a: Lilligant|66\/100\n|-damage|p2b: Brute Bonnet|0 fnt\n|-unboost|p2a: Lilligant|spe|1\n|faint|p2b: Brute Bonnet\n|-end|p2b: Brute Bonnet|Protosynthesis|[silent]\n|move|p2a: Lilligant|Close Combat|p1b: Tornadus\n|-resisted|p1b: Tornadus\n|-damage|p1b: Tornadus|68\/100\n|-unboost|p2a: Lilligant|def|1\n|-unboost|p2a: Lilligant|spd|1\n|\n|-heal|p1a: Flutter Mane|29\/100|[from] Grassy Terrain\n|-heal|p2a: Lilligant|72\/100|[from] Grassy Terrain\n|-sideend|p1: The crimson wooper|move: Tailwind\n|upkeep\n|turn|12\n|c|\u2606playernines|gg !\n|\n|t:|1700855444\n|move|p1b: Tornadus|Sunny Day|p1b: Tornadus\n|-weather|SunnyDay\n|-activate|p1a: Flutter Mane|ability: Protosynthesis\n|-start|p1a: Flutter Mane|protosynthesisspe\n|move|p1a: Flutter Mane|Moonblast|p2a: Lilligant\n|-supereffective|p2a: Lilligant\n|-damage|p2a: Lilligant|0 fnt\n|faint|p2a: Lilligant\n|\n|win|The crimson wooper\n|l|\u2606The crimson wooper\n|j|\u2606The crimson wooper\n|player|p1|The crimson wooper|101\n","uploadtime":1700855493,"views":2,"p1id":"thecrimsonwooper","p2id":"playernines","formatid":"gen9nationaldexdoubles","rating":0,"private":0,"password":""}