{"id":"gen9nationaldexdoubles-1997206610","p1":"toobionest","p2":"NithWasHere","format":"[Gen 9] National Dex Doubles","log":"|j|\u2606toobionest\n|j|\u2606NithWasHere\n|t:|1700775529\n|gametype|doubles\n|player|p1|toobionest|ghetsis|\n|player|p2|NithWasHere|schoolkidf-gen4|\n|teamsize|p1|6\n|teamsize|p2|6\n|gen|9\n|tier|[Gen 9] National Dex Doubles\n|rule|HP Percentage Mod: HP is shown in percentages\n|rule|Endless Battle Clause: Forcing endless battles is banned\n|rule|OHKO Clause: OHKO moves are banned\n|rule|Evasion Moves Clause: Evasion moves are banned\n|rule|Evasion Abilities Clause: Evasion abilities are banned\n|rule|Species Clause: Limit one of each Pok\u00e9mon\n|rule|Gravity Sleep Clause: The combination of sleep-inducing moves with imperfect accuracy and Gravity or Gigantamax Orbeetle are banned\n|clearpoke\n|poke|p1|Iron Hands|\n|poke|p1|Grimmsnarl, M|\n|poke|p1|Urshifu-*, F|\n|poke|p1|Braviary-Hisui, M|\n|poke|p1|Charizard, M|\n|poke|p1|Roaring Moon|\n|poke|p2|Tornadus, M|\n|poke|p2|Iron Moth|\n|poke|p2|Rotom-Wash|\n|poke|p2|Decidueye, F|\n|poke|p2|Gallade, M|\n|poke|p2|Landorus-Therian, M|\n|teampreview\n|inactive|Battle timer is ON: inactive players will automatically lose when time's up. (requested by toobionest)\n|inactive|NithWasHere has 270 seconds left.\n|\n|t:|1700775564\n|start\n|switch|p1a: Grimmsnarl|Grimmsnarl, M|100\/100\n|switch|p1b: Iron Hands|Iron Hands|100\/100\n|switch|p2a: Decidueye|Decidueye, F|100\/100\n|switch|p2b: Tornadus|Tornadus, M|100\/100\n|-enditem|p1b: Iron Hands|Booster Energy\n|-activate|p1b: Iron Hands|ability: Quark Drive|[fromitem]\n|-start|p1b: Iron Hands|quarkdriveatk\n|turn|1\n|inactive|toobionest has 270 seconds left.\n|inactive|NithWasHere has 270 seconds left.\n|\n|t:|1700775605\n|move|p1b: Iron Hands|Fake Out|p2b: Tornadus\n|-damage|p2b: Tornadus|72\/100\n|move|p1a: Grimmsnarl|Thunder Wave|p2a: Decidueye\n|-status|p2a: Decidueye|par\n|cant|p2b: Tornadus|flinch\n|move|p2a: Decidueye|Swords Dance|p2a: Decidueye\n|-boost|p2a: Decidueye|atk|2\n|\n|-heal|p2b: Tornadus|78\/100|[from] item: Leftovers\n|upkeep\n|turn|2\n|inactive|NithWasHere has 270 seconds left.\n|\n|t:|1700775629\n|move|p2b: Tornadus|Tailwind|p2b: Tornadus\n|-sidestart|p2: NithWasHere|move: Tailwind\n|move|p1a: Grimmsnarl|Reflect|p1a: Grimmsnarl\n|-sidestart|p1: toobionest|Reflect\n|cant|p2a: Decidueye|par\n|move|p1b: Iron Hands|Play Rough|p2a: Decidueye\n|-damage|p2a: Decidueye|34\/100 par\n|\n|-heal|p2b: Tornadus|84\/100|[from] item: Leftovers\n|upkeep\n|turn|3\n|\n|t:|1700775647\n|move|p1a: Grimmsnarl|Thunder Wave|p2b: Tornadus\n|-status|p2b: Tornadus|par\n|move|p2b: Tornadus|Air Slash|p1b: Iron Hands|[miss]\n|-miss|p2b: Tornadus|p1b: Iron Hands\n|move|p2a: Decidueye|Brave Bird|p1b: Iron Hands\n|-damage|p1b: Iron Hands|60\/100\n|-damage|p2a: Decidueye|11\/100 par|[from] Recoil\n|-damage|p2a: Decidueye|1\/100 par|[from] item: Life Orb\n|move|p1b: Iron Hands|Wild Charge|p2a: Decidueye\n|-resisted|p2a: Decidueye\n|-damage|p2a: Decidueye|0 fnt\n|faint|p2a: Decidueye\n|-damage|p1b: Iron Hands|59\/100|[from] Recoil\n|\n|-heal|p2b: Tornadus|90\/100 par|[from] item: Leftovers\n|upkeep\n|c|\u2606toobionest|minor misclick\n|c|\u2606NithWasHere|bro\n|inactive|NithWasHere has 270 seconds left.\n|\n|t:|1700775677\n|switch|p2a: Landorus|Landorus-Therian, M|100\/100\n|-ability|p2a: Landorus|Intimidate|boost\n|-unboost|p1a: Grimmsnarl|atk|1\n|-unboost|p1b: Iron Hands|atk|1\n|turn|4\n|inactive|NithWasHere has 270 seconds left.\n|\n|t:|1700775701\n|-end|p1b: Iron Hands|Quark Drive|[silent]\n|switch|p1b: Braviary|Braviary-Hisui, M|100\/100\n|move|p1a: Grimmsnarl|Parting Shot|p2a: Landorus\n|-unboost|p2a: Landorus|atk|1\n|-unboost|p2a: Landorus|spa|1\n|inactive|toobionest has 270 seconds left.\n|\n|t:|1700775727\n|switch|p1a: Roaring Moon|Roaring Moon|100\/100|[from] Parting Shot\n|-enditem|p1a: Roaring Moon|Booster Energy\n|-activate|p1a: Roaring Moon|ability: Protosynthesis|[fromitem]\n|-start|p1a: Roaring Moon|protosynthesisatk\n|move|p2a: Landorus|Earthquake|p1a: Roaring Moon|[spread] p1a\n|-immune|p2b: Tornadus\n|-immune|p1b: Braviary\n|-damage|p1a: Roaring Moon|67\/100\n|-damage|p2a: Landorus|91\/100|[from] item: Life Orb\n|move|p2b: Tornadus|Air Slash|p1b: Braviary\n|-damage|p1b: Braviary|63\/100\n|\n|-heal|p2b: Tornadus|96\/100 par|[from] item: Leftovers\n|upkeep\n|turn|5\n|inactive|toobionest has 270 seconds left.\n|inactive|NithWasHere has 270 seconds left.\n|\n|t:|1700775758\n|switch|p2a: Rotom|Rotom-Wash|100\/100\n|cant|p2b: Tornadus|par\n|move|p1b: Braviary|Esper Wing|p2a: Rotom\n|-damage|p2a: Rotom|55\/100\n|-boost|p1b: Braviary|spe|1\n|move|p1a: Roaring Moon|Jaw Lock|p2a: Rotom\n|-damage|p2a: Rotom|0 fnt\n|faint|p2a: Rotom\n|\n|-heal|p2b: Tornadus|100\/100 par|[from] item: Leftovers\n|-sideend|p2: NithWasHere|move: Tailwind\n|upkeep\n|c|\u2606NithWasHere|bruh\n|inactive|NithWasHere has 240 seconds left.\n|\n|t:|1700775799\n|switch|p2a: Iron Moth|Iron Moth|100\/100\n|-enditem|p2a: Iron Moth|Booster Energy\n|-activate|p2a: Iron Moth|ability: Quark Drive|[fromitem]\n|-start|p2a: Iron Moth|quarkdrivespa\n|turn|6\n|inactive|NithWasHere has 240 seconds left.\n|\n|t:|1700775819\n|-terastallize|p2a: Iron Moth|Flying\n|move|p2b: Tornadus|Tailwind|p2b: Tornadus\n|-sidestart|p2: NithWasHere|move: Tailwind\n|move|p2a: Iron Moth|Dazzling Gleam|p1b: Braviary|[spread] p1a,p1b\n|-supereffective|p1a: Roaring Moon\n|-damage|p1a: Roaring Moon|0 fnt\n|-damage|p1b: Braviary|26\/100\n|faint|p1a: Roaring Moon\n|-end|p1a: Roaring Moon|Protosynthesis|[silent]\n|move|p1b: Braviary|Esper Wing|p2a: Iron Moth\n|-damage|p2a: Iron Moth|57\/100\n|-boost|p1b: Braviary|spe|1\n|\n|-sideend|p1: toobionest|Reflect\n|upkeep\n|inactive|toobionest has 270 seconds left.\n|\n|t:|1700775839\n|switch|p1a: Charizard|Charizard, M|100\/100\n|turn|7\n|c|\u2606toobionest|i made a booboo\n|inactive|toobionest has 270 seconds left.\n|inactive|NithWasHere has 240 seconds left.\n|\n|t:|1700775891\n|switch|p1b: Iron Hands|Iron Hands|59\/100\n|switch|p2b: Landorus|Landorus-Therian, M|91\/100\n|-ability|p2b: Landorus|Intimidate|boost\n|-unboost|p1a: Charizard|atk|1\n|-unboost|p1b: Iron Hands|atk|1\n|detailschange|p1a: Charizard|Charizard-Mega-X, M\n|-mega|p1a: Charizard|Charizard|Charizardite X\n|move|p2a: Iron Moth|Dazzling Gleam|p1a: Charizard|[spread] p1a,p1b\n|-supereffective|p1b: Iron Hands\n|-damage|p1a: Charizard|65\/100\n|-damage|p1b: Iron Hands|9\/100\n|move|p1a: Charizard|Howl|p1a: Charizard|[spread] p1a,p1b\n|-boost|p1a: Charizard|atk|1\n|-boost|p1b: Iron Hands|atk|1\n|\n|upkeep\n|turn|8\n|inactive|toobionest has 270 seconds left.\n|inactive|NithWasHere has 210 seconds left.\n|\n|t:|1700775921\n|move|p1b: Iron Hands|Fake Out|p2b: Landorus\n|-damage|p2b: Landorus|73\/100\n|move|p2a: Iron Moth|Dazzling Gleam|p1a: Charizard|[spread] p1a,p1b\n|-supereffective|p1b: Iron Hands\n|-damage|p1a: Charizard|30\/100\n|-damage|p1b: Iron Hands|0 fnt\n|faint|p1b: Iron Hands\n|-end|p1b: Iron Hands|Quark Drive|[silent]\n|cant|p2b: Landorus|flinch\n|move|p1a: Charizard|Blaze Kick|p2a: Iron Moth\n|-crit|p2a: Iron Moth\n|-damage|p2a: Iron Moth|0 fnt\n|faint|p2a: Iron Moth\n|-end|p2a: Iron Moth|Quark Drive|[silent]\n|\n|upkeep\n|\n|t:|1700775938\n|switch|p2a: Gallade|Gallade, M|100\/100\n|switch|p1b: Braviary|Braviary-Hisui, M|26\/100\n|turn|9\n|inactive|NithWasHere has 240 seconds left.\n|\n|t:|1700775958\n|move|p2b: Landorus|Smack Down|p1a: Charizard\n|-supereffective|p1a: Charizard\n|-damage|p1a: Charizard|0 fnt\n|faint|p1a: Charizard\n|-damage|p2b: Landorus|63\/100|[from] item: Life Orb\n|move|p2a: Gallade|Night Slash|p1b: Braviary\n|-supereffective|p1b: Braviary\n|-crit|p1b: Braviary\n|-damage|p1b: Braviary|0 fnt\n|faint|p1b: Braviary\n|\n|-sideend|p2: NithWasHere|move: Tailwind\n|upkeep\n|\n|t:|1700775969\n|switch|p1a: Urshifu|Urshifu-Rapid-Strike, F|100\/100\n|switch|p1b: Grimmsnarl|Grimmsnarl, M|100\/100\n|turn|10\n|\n|t:|1700775985\n|switch|p2b: Tornadus|Tornadus, M|100\/100 par\n|move|p1b: Grimmsnarl|Parting Shot|p2a: Gallade\n|-unboost|p2a: Gallade|atk|1\n|-unboost|p2a: Gallade|spa|1\n|move|p1a: Urshifu|Surging Strikes|p2b: Tornadus\n|-crit|p2b: Tornadus\n|-damage|p2b: Tornadus|70\/100 par\n|-crit|p2b: Tornadus\n|-damage|p2b: Tornadus|37\/100 par\n|-crit|p2b: Tornadus\n|-damage|p2b: Tornadus|4\/100 par\n|-hitcount|p2b: Tornadus|3\n|move|p2a: Gallade|Psycho Cut|p1a: Urshifu\n|-supereffective|p1a: Urshifu\n|-crit|p1a: Urshifu\n|-damage|p1a: Urshifu|0 fnt\n|faint|p1a: Urshifu\n|\n|-heal|p2b: Tornadus|10\/100 par|[from] item: Leftovers\n|upkeep\n|turn|11\n|inactive|NithWasHere has 270 seconds left.\n|c|\u2606toobionest|sigh\n|inactive|toobionest has 270 seconds left.\n|-message|toobionest forfeited.\n|\n|win|NithWasHere\n|l|\u2606toobionest\n","uploadtime":1700776021,"views":0,"p1id":"toobionest","p2id":"nithwashere","formatid":"gen9nationaldexdoubles","rating":0,"private":0,"password":""}