{"id":"gen9nationaldexdoubles-1953792833","p1":"juanchossss","p2":"El_Gran_Wigglytuff","format":"[Gen 9] National Dex Doubles","log":"|j|\u2606juanchossss\n|j|\u2606El_Gran_Wigglytuff\n|t:|1695828716\n|gametype|doubles\n|player|p1|juanchossss|unknownf|\n|player|p2|El_Gran_Wigglytuff|benga|\n|teamsize|p1|6\n|teamsize|p2|6\n|gen|9\n|tier|[Gen 9] National Dex Doubles\n|rule|HP Percentage Mod: HP is shown in percentages\n|rule|Endless Battle Clause: Forcing endless battles is banned\n|rule|OHKO Clause: OHKO moves are banned\n|rule|Evasion Moves Clause: Evasion moves are banned\n|rule|Evasion Abilities Clause: Evasion abilities are banned\n|rule|Species Clause: Limit one of each Pok\u00e9mon\n|rule|Gravity Sleep Clause: The combination of sleep-inducing moves with imperfect accuracy and Gravity or Gigantamax Orbeetle are banned\n|clearpoke\n|poke|p1|Terrakion|\n|poke|p1|Keldeo-Resolute|\n|poke|p1|Kommo-o, M|\n|poke|p1|Cobalion|\n|poke|p1|Infernape, M|\n|poke|p1|Heracross, M|\n|poke|p2|Basculegion-F, F|\n|poke|p2|Pelipper, M|\n|poke|p2|Ogerpon-Wellspring, F|\n|poke|p2|Walking Wake|\n|poke|p2|Palafin, M|\n|poke|p2|Swampert, M|\n|teampreview\n|inactive|Battle timer is ON: inactive players will automatically lose when time's up. (requested by juanchossss)\n|inactive|juanchossss has 270 seconds left.\n|j| XMarcosPr710\n|\n|t:|1695828759\n|start\n|switch|p1a: Keldeo|Keldeo-Resolute|100\/100\n|switch|p1b: Cobalion|Cobalion|100\/100\n|switch|p2a: Pelipper|Pelipper, M|100\/100\n|switch|p2b: Palafin|Palafin, M|100\/100\n|-weather|RainDance|[from] ability: Drizzle|[of] p2a: Pelipper\n|turn|1\n|c| XMarcosPr710|uy\n|inactiveoff|Battle timer is now OFF.\n|\n|t:|1695828814\n|move|p1a: Keldeo|Secret Sword|p2a: Pelipper\n|-resisted|p2a: Pelipper\n|-damage|p2a: Pelipper|85\/100\n|move|p1b: Cobalion|Stealth Rock|p2a: Pelipper\n|-sidestart|p2: El_Gran_Wigglytuff|move: Stealth Rock\n|move|p2b: Palafin|Flip Turn|p1b: Cobalion\n|-damage|p1b: Cobalion|80\/100\n|\n|t:|1695828824\n|detailschange|p2b: Palafin|Palafin-Hero, M\n|switch|p2b: Swampert|Swampert, M|100\/100|[from] Flip Turn\n|-damage|p2b: Swampert|94\/100|[from] Stealth Rock\n|move|p2a: Pelipper|Hurricane|p1a: Keldeo\n|-supereffective|p1a: Keldeo\n|-damage|p1a: Keldeo|13\/100\n|\n|-weather|RainDance|[upkeep]\n|-heal|p1b: Cobalion|86\/100|[from] item: Leftovers\n|upkeep\n|turn|2\n|c| XMarcosPr710|Peru\n|\n|t:|1695828851\n|detailschange|p2b: Swampert|Swampert-Mega, M\n|-mega|p2b: Swampert|Swampert|Swampertite\n|move|p1a: Keldeo|Secret Sword|p2b: Swampert\n|-damage|p2b: Swampert|56\/100\n|move|p2b: Swampert|Power-Up Punch|p1b: Cobalion\n|-supereffective|p1b: Cobalion\n|-damage|p1b: Cobalion|62\/100\n|-boost|p2b: Swampert|atk|1\n|move|p1b: Cobalion|Thunder Wave|p2a: Pelipper\n|-status|p2a: Pelipper|par\n|move|p2a: Pelipper|Hurricane|p1a: Keldeo\n|-supereffective|p1a: Keldeo\n|-damage|p1a: Keldeo|0 fnt\n|faint|p1a: Keldeo\n|\n|-weather|RainDance|[upkeep]\n|-heal|p1b: Cobalion|69\/100|[from] item: Leftovers\n|upkeep\n|\n|t:|1695828875\n|switch|p1a: Kommo-o|Kommo-o, M|100\/100\n|turn|3\n|\n|t:|1695828902\n|move|p2b: Swampert|High Horsepower|p1b: Cobalion\n|-supereffective|p1b: Cobalion\n|-damage|p1b: Cobalion|0 fnt\n|faint|p1b: Cobalion\n|move|p1a: Kommo-o|Clanging Scales|p2b: Swampert|[spread] p2a,p2b\n|-damage|p2a: Pelipper|11\/100 par\n|-damage|p2b: Swampert|11\/100\n|-unboost|p1a: Kommo-o|def|1\n|-damage|p1a: Kommo-o|91\/100|[from] item: Life Orb\n|move|p2a: Pelipper|Hurricane|p1a: Kommo-o\n|-supereffective|p1a: Kommo-o\n|-crit|p1a: Kommo-o\n|-damage|p1a: Kommo-o|0 fnt\n|faint|p1a: Kommo-o\n|\n|-weather|RainDance|[upkeep]\n|upkeep\n|\n|t:|1695828909\n|switch|p1b: Heracross|Heracross, M|100\/100\n|switch|p1a: Terrakion|Terrakion|100\/100\n|turn|4\n|\n|t:|1695828934\n|detailschange|p1b: Heracross|Heracross-Mega, M\n|-mega|p1b: Heracross|Heracross|Heracronite\n|move|p2b: Swampert|Liquidation|p1b: Heracross\n|-damage|p1b: Heracross|0 fnt\n|faint|p1b: Heracross\n|move|p1a: Terrakion|Stone Edge|p2a: Pelipper|[miss]\n|-miss|p1a: Terrakion|p2a: Pelipper\n|move|p2a: Pelipper|Scald|p1a: Terrakion\n|-supereffective|p1a: Terrakion\n|-damage|p1a: Terrakion|9\/100\n|\n|-weather|RainDance|[upkeep]\n|upkeep\n|\n|t:|1695828939\n|switch|p1b: Infernape|Infernape, M, shiny|100\/100\n|turn|5\n|\n|t:|1695828965\n|move|p1b: Infernape|Mach Punch|p2a: Pelipper\n|-resisted|p2a: Pelipper\n|-damage|p2a: Pelipper|0 fnt\n|faint|p2a: Pelipper\n|move|p2b: Swampert|Liquidation|p1b: Infernape\n|-supereffective|p1b: Infernape\n|-damage|p1b: Infernape|0 fnt\n|faint|p1b: Infernape\n|-zpower|p1a: Terrakion\n|move|p1a: Terrakion|Continental Crush|p2b: Swampert|[zeffect]\n|-resisted|p2b: Swampert\n|-damage|p2b: Swampert|0 fnt\n|faint|p2b: Swampert\n|\n|-weather|RainDance|[upkeep]\n|upkeep\n|\n|t:|1695828969\n|switch|p2b: Basculegion|Basculegion-F, F|100\/100\n|switch|p2a: Palafin|Palafin-Hero, M|100\/100\n|-damage|p2b: Basculegion|88\/100|[from] Stealth Rock\n|-damage|p2a: Palafin|88\/100|[from] Stealth Rock\n|-activate|p2a: Palafin|ability: Zero to Hero\n|turn|6\n|j| SakiiTenma\n|\n|t:|1695828976\n|move|p2a: Palafin|Jet Punch|p1a: Terrakion\n|-supereffective|p1a: Terrakion\n|-damage|p1a: Terrakion|0 fnt\n|faint|p1a: Terrakion\n|\n|win|El_Gran_Wigglytuff\n","uploadtime":1695828981,"views":8,"p1id":"juanchossss","p2id":"elgranwigglytuff","formatid":"gen9nationaldexdoubles","rating":0,"private":0,"password":""}