{"id":"gen9nationaldexdoubles-1993681233","p1":"GrantG","p2":"Amarutheone","format":"[Gen 9] National Dex Doubles","log":"|j|\u2606GrantG\n|j|\u2606Amarutheone\n|t:|1700344939\n|gametype|doubles\n|player|p1|GrantG|2|1045\n|player|p2|Amarutheone|hilbert|1097\n|teamsize|p1|6\n|teamsize|p2|6\n|gen|9\n|tier|[Gen 9] National Dex Doubles\n|rated|\n|rule|HP Percentage Mod: HP is shown in percentages\n|rule|Endless Battle Clause: Forcing endless battles is banned\n|rule|OHKO Clause: OHKO moves are banned\n|rule|Evasion Moves Clause: Evasion moves are banned\n|rule|Evasion Abilities Clause: Evasion abilities are banned\n|rule|Species Clause: Limit one of each Pok\u00e9mon\n|rule|Gravity Sleep Clause: The combination of sleep-inducing moves with imperfect accuracy and Gravity or Gigantamax Orbeetle are banned\n|clearpoke\n|poke|p1|Rillaboom, F|\n|poke|p1|Heatran, F|\n|poke|p1|Slowking, M|\n|poke|p1|Dragapult, M|\n|poke|p1|Landorus-Therian, M|\n|poke|p1|Bisharp, M|\n|poke|p2|Sceptile, M|\n|poke|p2|Meowstic, M|\n|poke|p2|Seismitoad, M|\n|poke|p2|Lucario, M|\n|poke|p2|Decidueye, M|\n|poke|p2|Tapu Koko|\n|teampreview\n|\n|t:|1700344962\n|start\n|switch|p1a: Rillaboom|Rillaboom, F|100\/100\n|switch|p1b: Heatran|Heatran, F|100\/100\n|switch|p2a: Leonidas|Seismitoad, M|100\/100\n|switch|p2b: Meowstic|Meowstic, M|100\/100\n|-fieldstart|move: Grassy Terrain|[from] ability: Grassy Surge|[of] p1a: Rillaboom\n|turn|1\n|inactive|Battle timer is ON: inactive players will automatically lose when time's up. (requested by GrantG)\n|\n|t:|1700344982\n|-terastallize|p2a: Leonidas|Fire\n|move|p2b: Meowstic|Light Screen|p2b: Meowstic\n|-sidestart|p2: Amarutheone|move: Light Screen\n|move|p1a: Rillaboom|Wood Hammer|p2a: Leonidas\n|-resisted|p2a: Leonidas\n|-damage|p2a: Leonidas|49\/100\n|-damage|p1a: Rillaboom|81\/100|[from] Recoil\n|move|p1b: Heatran|Flash Cannon|p2b: Meowstic\n|-damage|p2b: Meowstic|74\/100\n|move|p2a: Leonidas|Earthquake|p1a: Rillaboom|[spread] p2b,p1a,p1b\n|-resisted|p1a: Rillaboom\n|-supereffective|p1b: Heatran\n|-damage|p2b: Meowstic|59\/100\n|-damage|p1a: Rillaboom|74\/100\n|-damage|p1b: Heatran|51\/100\n|\n|-heal|p2b: Meowstic|65\/100|[from] Grassy Terrain\n|-heal|p1a: Rillaboom|80\/100|[from] Grassy Terrain\n|-heal|p1b: Heatran|57\/100|[from] Grassy Terrain\n|-heal|p2a: Leonidas|55\/100|[from] Grassy Terrain\n|-heal|p2a: Leonidas|61\/100|[from] item: Leftovers\n|upkeep\n|turn|2\n|inactive|GrantG has 120 seconds left.\n|\n|t:|1700345012\n|move|p2b: Meowstic|Reflect|p2b: Meowstic\n|-sidestart|p2: Amarutheone|Reflect\n|move|p1a: Rillaboom|Wood Hammer|p2b: Meowstic\n|-damage|p2b: Meowstic|0 fnt\n|faint|p2b: Meowstic\n|-damage|p1a: Rillaboom|58\/100|[from] Recoil\n|move|p1b: Heatran|Earth Power|p2a: Leonidas\n|-supereffective|p2a: Leonidas\n|-damage|p2a: Leonidas|17\/100\n|move|p2a: Leonidas|Knock Off|p1a: Rillaboom\n|-damage|p1a: Rillaboom|35\/100\n|-enditem|p1a: Rillaboom|Choice Band|[from] move: Knock Off|[of] p2a: Leonidas\n|\n|-heal|p1a: Rillaboom|41\/100|[from] Grassy Terrain\n|-heal|p1b: Heatran|63\/100|[from] Grassy Terrain\n|-heal|p2a: Leonidas|24\/100|[from] Grassy Terrain\n|-heal|p2a: Leonidas|30\/100|[from] item: Leftovers\n|upkeep\n|inactive|Amarutheone has 120 seconds left.\n|\n|t:|1700345036\n|switch|p2b: Satoshi|Lucario, M|100\/100\n|turn|3\n|\n|t:|1700345051\n|move|p2b: Satoshi|Close Combat|p1b: Heatran\n|-supereffective|p1b: Heatran\n|-damage|p1b: Heatran|0 fnt\n|-unboost|p2b: Satoshi|def|1\n|-unboost|p2b: Satoshi|spd|1\n|faint|p1b: Heatran\n|-damage|p2b: Satoshi|91\/100|[from] item: Life Orb\n|move|p1a: Rillaboom|Wood Hammer|p2b: Satoshi\n|-resisted|p2b: Satoshi\n|-damage|p2b: Satoshi|20\/100\n|-damage|p1a: Rillaboom|22\/100|[from] Recoil\n|move|p2a: Leonidas|Rock Slide|p1a: Rillaboom\n|-damage|p1a: Rillaboom|4\/100\n|\n|-heal|p2b: Satoshi|26\/100|[from] Grassy Terrain\n|-heal|p1a: Rillaboom|10\/100|[from] Grassy Terrain\n|-heal|p2a: Leonidas|36\/100|[from] Grassy Terrain\n|-heal|p2a: Leonidas|42\/100|[from] item: Leftovers\n|upkeep\n|inactive|GrantG has 120 seconds left.\n|\n|t:|1700345075\n|switch|p1b: Dragapult|Dragapult, M|100\/100\n|turn|4\n|\n|t:|1700345084\n|move|p2b: Satoshi|Bullet Punch|p1a: Rillaboom\n|-damage|p1a: Rillaboom|0 fnt\n|faint|p1a: Rillaboom\n|-damage|p2b: Satoshi|17\/100|[from] item: Life Orb\n|move|p1b: Dragapult|Draco Meteor|p2a: Leonidas\n|-damage|p2a: Leonidas|0 fnt\n|-unboost|p1b: Dragapult|spa|2\n|faint|p2a: Leonidas\n|\n|-heal|p2b: Satoshi|23\/100|[from] Grassy Terrain\n|upkeep\n|\n|t:|1700345097\n|switch|p1a: Landorus|Landorus-Therian, M|100\/100\n|switch|p2a: Decidueye|Decidueye, M|100\/100\n|-ability|p1a: Landorus|Intimidate|boost\n|-unboost|p2a: Decidueye|atk|1\n|-unboost|p2b: Satoshi|atk|1\n|turn|5\n|\n|t:|1700345111\n|move|p1b: Dragapult|Draco Meteor|p2b: Satoshi\n|-resisted|p2b: Satoshi\n|-damage|p2b: Satoshi|0 fnt\n|-unboost|p1b: Dragapult|spa|2\n|faint|p2b: Satoshi\n|move|p1a: Landorus|U-turn|p2a: Decidueye\n|-damage|p2a: Decidueye|85\/100\n|\n|t:|1700345129\n|switch|p1a: Bisharp|Bisharp, M|100\/100|[from] U-turn\n|move|p2a: Decidueye|Poltergeist|p1b: Dragapult\n|-activate|p1b: Dragapult|move: Poltergeist|Choice Specs\n|-supereffective|p1b: Dragapult\n|-damage|p1b: Dragapult|9\/100\n|\n|-heal|p1b: Dragapult|15\/100|[from] Grassy Terrain\n|-heal|p2a: Decidueye|91\/100|[from] Grassy Terrain\n|-fieldend|move: Grassy Terrain\n|upkeep\n|\n|t:|1700345137\n|switch|p2b: Nikola Tesla|Tapu Koko|100\/100\n|-fieldstart|move: Electric Terrain|[from] ability: Electric Surge|[of] p2b: Nikola Tesla\n|turn|6\n|\n|t:|1700345160\n|switch|p1b: Landorus|Landorus-Therian, M|100\/100\n|-ability|p1b: Landorus|Intimidate|boost\n|-unboost|p2a: Decidueye|atk|1\n|-unboost|p2b: Nikola Tesla|atk|1\n|move|p2a: Decidueye|Shadow Sneak|p1b: Landorus\n|-damage|p1b: Landorus|93\/100\n|move|p2b: Nikola Tesla|Dazzling Gleam|p1b: Landorus|[spread] p1a,p1b\n|-damage|p1a: Bisharp|80\/100\n|-damage|p1b: Landorus|74\/100\n|move|p1a: Bisharp|Knock Off|p2a: Decidueye\n|-supereffective|p2a: Decidueye\n|-damage|p2a: Decidueye|15\/100\n|-enditem|p2a: Decidueye|Weakness Policy\n|-boost|p2a: Decidueye|atk|2|[from] item: Weakness Policy\n|-boost|p2a: Decidueye|spa|2|[from] item: Weakness Policy\n|\n|-heal|p1b: Landorus|80\/100|[from] item: Leftovers\n|upkeep\n|turn|7\n|\n|t:|1700345188\n|move|p1a: Bisharp|Sucker Punch|p2a: Decidueye\n|-supereffective|p2a: Decidueye\n|-damage|p2a: Decidueye|0 fnt\n|faint|p2a: Decidueye\n|move|p2b: Nikola Tesla|Thunderbolt|p1a: Bisharp\n|-damage|p1a: Bisharp|38\/100\n|move|p1b: Landorus|Earth Power|p2b: Nikola Tesla\n|-supereffective|p2b: Nikola Tesla\n|-damage|p2b: Nikola Tesla|25\/100\n|\n|-heal|p1b: Landorus|86\/100|[from] item: Leftovers\n|upkeep\n|\n|t:|1700345193\n|switch|p2a: Phantom|Sceptile, M|100\/100\n|turn|8\n|inactive|GrantG has 120 seconds left.\n|\n|t:|1700345223\n|detailschange|p2a: Phantom|Sceptile-Mega, M\n|-mega|p2a: Phantom|Sceptile|Sceptilite\n|-terastallize|p1b: Landorus|Ground\n|move|p2a: Phantom|Energy Ball|p1b: Landorus\n|-supereffective|p1b: Landorus\n|-damage|p1b: Landorus|0 fnt\n|faint|p1b: Landorus\n|move|p2b: Nikola Tesla|Dazzling Gleam|p1a: Bisharp\n|-damage|p1a: Bisharp|9\/100\n|move|p1a: Bisharp|Iron Head|p2a: Phantom\n|-damage|p2a: Phantom|57\/100\n|\n|-sideend|p2: Amarutheone|move: Light Screen\n|upkeep\n|inactive|GrantG has 120 seconds left.\n|j| Falconer69\n|\n|t:|1700345238\n|switch|p1b: Dragapult|Dragapult, M|15\/100\n|turn|9\n|inactive|GrantG has 120 seconds left.\n|\n|t:|1700345273\n|move|p2a: Phantom|Earthquake|p1a: Bisharp|[spread] p2b,p1a,p1b\n|-supereffective|p2b: Nikola Tesla\n|-supereffective|p1a: Bisharp\n|-damage|p2b: Nikola Tesla|0 fnt\n|-damage|p1a: Bisharp|0 fnt\n|-damage|p1b: Dragapult|0 fnt\n|faint|p2b: Nikola Tesla\n|faint|p1a: Bisharp\n|faint|p1b: Dragapult\n|\n|-sideend|p2: Amarutheone|Reflect\n|upkeep\n|\n|t:|1700345287\n|switch|p1b: Slowking|Slowking, M|100\/100\n|turn|10\n|inactive|GrantG has 120 seconds left.\n|\n|t:|1700345318\n|move|p2a: Phantom|Energy Ball|p1b: Slowking\n|-supereffective|p1b: Slowking\n|-damage|p1b: Slowking|43\/100\n|move|p1b: Slowking|Psychic|p2a: Phantom\n|-damage|p2a: Phantom|14\/100\n|\n|-fieldend|move: Electric Terrain\n|upkeep\n|turn|11\n|\n|t:|1700345336\n|move|p2a: Phantom|Energy Ball|p1b: Slowking\n|-supereffective|p1b: Slowking\n|-damage|p1b: Slowking|0 fnt\n|faint|p1b: Slowking\n|\n|win|Amarutheone\n|raw|GrantG's rating: 1045 &rarr; <strong>1031<\/strong><br \/>(-14 for losing)\n|raw|Amarutheone's rating: 1097 &rarr; <strong>1119<\/strong><br \/>(+22 for winning)\n","uploadtime":1700345344,"views":5,"p1id":"grantg","p2id":"amarutheone","formatid":"gen9nationaldexdoubles","rating":1031,"private":0,"password":""}