{"id":"gen9nationaldexdoubles-1982171023","p1":"decidoustree","p2":"MikazukiRex_","format":"[Gen 9] National Dex Doubles","log":"|j|\u2606decidoustree\n|j|\u2606MikazukiRex_\n|t:|1698975246\n|gametype|doubles\n|player|p1|decidoustree|veteranf|\n|player|p2|MikazukiRex_|ltsurge|\n|teamsize|p1|6\n|teamsize|p2|6\n|gen|9\n|tier|[Gen 9] National Dex Doubles\n|rule|HP Percentage Mod: HP is shown in percentages\n|rule|Endless Battle Clause: Forcing endless battles is banned\n|rule|OHKO Clause: OHKO moves are banned\n|rule|Evasion Moves Clause: Evasion moves are banned\n|rule|Evasion Abilities Clause: Evasion abilities are banned\n|rule|Species Clause: Limit one of each Pok\u00e9mon\n|rule|Gravity Sleep Clause: The combination of sleep-inducing moves with imperfect accuracy and Gravity or Gigantamax Orbeetle are banned\n|clearpoke\n|poke|p1|Indeedee-F, F|\n|poke|p1|Scolipede, M|\n|poke|p1|Audino, F|\n|poke|p1|Garbodor, M|\n|poke|p1|Aegislash, M|\n|poke|p1|Krookodile, M|\n|poke|p2|Chi-Yu|\n|poke|p2|Tsareena, F|\n|poke|p2|Dragonite, M|\n|poke|p2|Great Tusk|\n|poke|p2|Murkrow, M|\n|poke|p2|Dragapult, F|\n|teampreview\n|\n|t:|1698975308\n|start\n|switch|p1a: Amine|Audino, F|100\/100\n|switch|p1b: Eye Sword|Aegislash, M|100\/100\n|switch|p2a: Murkrow|Murkrow, M|100\/100\n|switch|p2b: Great Tusk|Great Tusk|100\/100\n|turn|1\n|\n|t:|1698975338\n|detailschange|p1a: Amine|Audino-Mega, F\n|-mega|p1a: Amine|Audino|Audinite\n|move|p1b: Eye Sword|King's Shield|p1b: Eye Sword\n|-singleturn|p1b: Eye Sword|Protect\n|move|p2a: Murkrow|Tailwind|p2a: Murkrow\n|-sidestart|p2: MikazukiRex_|move: Tailwind\n|move|p2b: Great Tusk|Earthquake|p1a: Amine|[spread] p1a\n|-activate|p1b: Eye Sword|move: Protect\n|-immune|p2a: Murkrow\n|-damage|p1a: Amine|76\/100\n|move|p1a: Amine|Trick Room|p1a: Amine\n|-fieldstart|move: Trick Room|[of] p1a: Amine\n|\n|upkeep\n|turn|2\n|\n|t:|1698975389\n|move|p2a: Murkrow|Screech|p1a: Amine|[miss]\n|-miss|p2a: Murkrow|p1a: Amine\n|move|p1a: Amine|Draining Kiss|p2a: Murkrow\n|-supereffective|p2a: Murkrow\n|-damage|p2a: Murkrow|70\/100\n|-heal|p1a: Amine|98\/100|[from] drain|[of] p2a: Murkrow\n|move|p1b: Eye Sword|Swords Dance|p1b: Eye Sword\n|-boost|p1b: Eye Sword|atk|2\n|move|p2b: Great Tusk|Earthquake|p1b: Eye Sword|[spread] p1a,p1b\n|-immune|p2a: Murkrow\n|-supereffective|p1b: Eye Sword\n|-damage|p1a: Amine|72\/100\n|-damage|p1b: Eye Sword|24\/100\n|-enditem|p1b: Eye Sword|Weakness Policy\n|-boost|p1b: Eye Sword|atk|2|[from] item: Weakness Policy\n|-boost|p1b: Eye Sword|spa|2|[from] item: Weakness Policy\n|\n|upkeep\n|turn|3\n|\n|t:|1698975434\n|switch|p2a: Tsareena|Tsareena, F|100\/100\n|move|p1a: Amine|Draining Kiss|p2b: Great Tusk\n|-supereffective|p2b: Great Tusk\n|-damage|p2b: Great Tusk|77\/100\n|-heal|p1a: Amine|92\/100|[from] drain|[of] p2b: Great Tusk\n|-formechange|p1b: Eye Sword|Aegislash-Blade||[from] ability: Stance Change\n|move|p1b: Eye Sword|Sacred Sword|p2a: Tsareena\n|-damage|p2a: Tsareena|0 fnt\n|faint|p2a: Tsareena\n|move|p2b: Great Tusk|Earthquake|p1b: Eye Sword|[spread] p1a,p1b\n|-supereffective|p1b: Eye Sword\n|-damage|p1a: Amine|68\/100\n|-damage|p1b: Eye Sword|0 fnt\n|faint|p1b: Eye Sword\n|\n|upkeep\n|\n|t:|1698975462\n|switch|p1b: Garbage|Garbodor, M|100\/100\n|switch|p2a: Murkrow|Murkrow, M|70\/100\n|turn|4\n|\n|t:|1698975492\n|move|p2a: Murkrow|Screech|p1a: Amine\n|-unboost|p1a: Amine|def|2\n|move|p1a: Amine|Draining Kiss|p2a: Murkrow\n|-supereffective|p2a: Murkrow\n|-damage|p2a: Murkrow|40\/100\n|-heal|p1a: Amine|89\/100|[from] drain|[of] p2a: Murkrow\n|move|p1b: Garbage|Gunk Shot|p2a: Murkrow\n|-damage|p2a: Murkrow|4\/100\n|move|p2b: Great Tusk|Earthquake|p1b: Garbage|[spread] p1a,p1b\n|-immune|p2a: Murkrow\n|-crit|p1a: Amine\n|-supereffective|p1b: Garbage\n|-damage|p1a: Amine|12\/100\n|-damage|p1b: Garbage|28\/100\n|\n|-heal|p1b: Garbage|34\/100|[from] item: Black Sludge\n|-sideend|p2: MikazukiRex_|move: Tailwind\n|upkeep\n|turn|5\n|\n|t:|1698975559\n|move|p2a: Murkrow|Tailwind|p2a: Murkrow\n|-sidestart|p2: MikazukiRex_|move: Tailwind\n|move|p1a: Amine|Draining Kiss|p2a: Murkrow\n|-supereffective|p2a: Murkrow\n|-damage|p2a: Murkrow|0 fnt\n|-heal|p1a: Amine|14\/100|[from] drain|[of] p2a: Murkrow\n|faint|p2a: Murkrow\n|move|p1b: Garbage|Rock Blast|p2b: Great Tusk\n|-resisted|p2b: Great Tusk\n|-damage|p2b: Great Tusk|76\/100\n|-resisted|p2b: Great Tusk\n|-damage|p2b: Great Tusk|75\/100\n|-resisted|p2b: Great Tusk\n|-damage|p2b: Great Tusk|74\/100\n|-hitcount|p2b: Great Tusk|3\n|cant|p2b: Great Tusk|flinch\n|\n|-heal|p1b: Garbage|40\/100|[from] item: Black Sludge\n|-fieldend|move: Trick Room\n|upkeep\n|c|\u2606MikazukiRex_|nice flinch :)\n|\n|t:|1698975590\n|switch|p2a: Dragonite|Dragonite, M|100\/100\n|turn|6\n|\n|t:|1698975622\n|move|p2a: Dragonite|Extreme Speed|p1b: Garbage\n|-damage|p1b: Garbage|0 fnt\n|faint|p1b: Garbage\n|move|p2b: Great Tusk|Earthquake|p1a: Amine|[spread] p1a\n|-immune|p2a: Dragonite\n|-damage|p1a: Amine|0 fnt\n|faint|p1a: Amine\n|\n|upkeep\n|\n|t:|1698975640\n|switch|p1b: Acidic Chloride|Scolipede, M|100\/100\n|switch|p1a: Amide|Indeedee-F, F|100\/100\n|-fieldstart|move: Psychic Terrain|[from] ability: Psychic Surge|[of] p1a: Amide\n|turn|7\n|\n|t:|1698975684\n|-terastallize|p1a: Amide|Psychic\n|move|p2a: Dragonite|Extreme Speed|p1a: Amide\n|-activate|p1a: Amide|move: Psychic Terrain\n|move|p2b: Great Tusk|Headlong Rush|p1a: Amide\n|-damage|p1a: Amide|20\/100\n|-unboost|p2b: Great Tusk|def|1\n|-unboost|p2b: Great Tusk|spd|1\n|move|p1b: Acidic Chloride|Swords Dance|p1b: Acidic Chloride\n|-boost|p1b: Acidic Chloride|atk|2\n|move|p1a: Amide|Expanding Force|p2b: Great Tusk|[spread] p2a,p2b\n|-supereffective|p2b: Great Tusk\n|-damage|p2a: Dragonite|34\/100\n|-damage|p2b: Great Tusk|0 fnt\n|faint|p2b: Great Tusk\n|-end|p2b: Great Tusk|Protosynthesis|[silent]\n|\n|-ability|p1b: Acidic Chloride|Speed Boost|boost\n|-boost|p1b: Acidic Chloride|spe|1\n|upkeep\n|\n|t:|1698975701\n|switch|p2b: Chi-Yu|Chi-Yu|100\/100\n|-ability|p2b: Chi-Yu|Beads of Ruin\n|turn|8\n|\n|t:|1698975722\n|switch|p1a: Ketone|Krookodile, M|100\/100\n|move|p2a: Dragonite|Extreme Speed|p1b: Acidic Chloride\n|-activate|p1b: Acidic Chloride|move: Psychic Terrain\n|move|p2b: Chi-Yu|Dark Pulse|p1a: Ketone\n|-resisted|p1a: Ketone\n|-damage|p1a: Ketone|30\/100\n|move|p1b: Acidic Chloride|Rock Slide|p2b: Chi-Yu|[spread] p2a,p2b\n|-supereffective|p2a: Dragonite\n|-supereffective|p2b: Chi-Yu\n|-damage|p2a: Dragonite|0 fnt\n|-damage|p2b: Chi-Yu|0 fnt\n|faint|p2a: Dragonite\n|faint|p2b: Chi-Yu\n|\n|-sideend|p2: MikazukiRex_|move: Tailwind\n|-ability|p1b: Acidic Chloride|Speed Boost|boost\n|-boost|p1b: Acidic Chloride|spe|1\n|upkeep\n|\n|t:|1698975747\n|switch|p2b: Dragapult|Dragapult, F|100\/100\n|turn|9\n|c|\u2606MikazukiRex_|ggs\n|\n|t:|1698975777\n|move|p1b: Acidic Chloride|Poison Jab|p2b: Dragapult\n|-resisted|p2b: Dragapult\n|-damage|p2b: Dragapult|50\/100\n|-status|p2b: Dragapult|psn\n|move|p1a: Ketone|Outrage|p2b: Dragapult\n|-supereffective|p2b: Dragapult\n|-damage|p2b: Dragapult|0 fnt\n|faint|p2b: Dragapult\n|\n|win|decidoustree\n|c|\u2606decidoustree|gg !\n|c|\u2606MikazukiRex_|I was stuck banded lmao\n|c|\u2606decidoustree|dam...\n|c|\u2606MikazukiRex_|the moment I saw psyhic terrain come out\n|c|\u2606MikazukiRex_|im like damn\n|l|\u2606MikazukiRex_\n","uploadtime":1698975807,"views":45,"p1id":"decidoustree","p2id":"mikazukirex","formatid":"gen9nationaldexdoubles","rating":0,"private":0,"password":""}