{"id":"gen9nationaldexdoubles-2000276327","p1":"Thetrainertyler","p2":"CatchTheSky","format":"[Gen 9] National Dex Doubles","log":"|j|\u2606Thetrainertyler\n|j|\u2606CatchTheSky\n|t:|1701180421\n|gametype|doubles\n|player|p1|Thetrainertyler|1|1040\n|player|p2|CatchTheSky|nate|1066\n|teamsize|p1|6\n|teamsize|p2|6\n|gen|9\n|tier|[Gen 9] National Dex Doubles\n|rated|\n|rule|HP Percentage Mod: HP is shown in percentages\n|rule|Endless Battle Clause: Forcing endless battles is banned\n|rule|OHKO Clause: OHKO moves are banned\n|rule|Evasion Moves Clause: Evasion moves are banned\n|rule|Evasion Abilities Clause: Evasion abilities are banned\n|rule|Species Clause: Limit one of each Pok\u00e9mon\n|rule|Gravity Sleep Clause: The combination of sleep-inducing moves with imperfect accuracy and Gravity or Gigantamax Orbeetle are banned\n|clearpoke\n|poke|p1|Regigigas|\n|poke|p1|Golduck, M|\n|poke|p1|Kommo-o, M|\n|poke|p1|Glimmora, M|\n|poke|p1|Sableye, M|\n|poke|p1|Ribombee, F|\n|poke|p2|Lucario, M|\n|poke|p2|Garchomp, M|\n|poke|p2|Gliscor, M|\n|poke|p2|Heatran, M|\n|poke|p2|Amoonguss, F|\n|poke|p2|Greninja-*, M|\n|teampreview\n|\n|t:|1701180442\n|start\n|switch|p1a: Great Fairy|Ribombee, F, shiny|100\/100\n|switch|p1b: Obsidian|Glimmora, M, shiny|100\/100\n|switch|p2a: Amoonguss|Amoonguss, F|100\/100\n|switch|p2b: Gliscor|Gliscor, M|100\/100\n|turn|1\n|\n|t:|1701180458\n|move|p1a: Great Fairy|Sticky Web|p2b: Gliscor\n|-sidestart|p2: CatchTheSky|move: Sticky Web\n|move|p2b: Gliscor|Tailwind|p2b: Gliscor\n|-sidestart|p2: CatchTheSky|move: Tailwind\n|move|p1b: Obsidian|Stealth Rock|p2a: Amoonguss\n|-sidestart|p2: CatchTheSky|move: Stealth Rock\n|move|p2a: Amoonguss|Spore|p1a: Great Fairy\n|-block|p1a: Great Fairy|ability: Sweet Veil|[of] p1a: Great Fairy\n|\n|-status|p2b: Gliscor|tox|[from] item: Toxic Orb\n|upkeep\n|turn|2\n|\n|t:|1701180483\n|move|p2b: Gliscor|Stealth Rock|p1b: Obsidian\n|-sidestart|p1: Thetrainertyler|move: Stealth Rock\n|move|p1a: Great Fairy|Reflect|p1a: Great Fairy\n|-sidestart|p1: Thetrainertyler|Reflect\n|move|p1b: Obsidian|Spikes|p2a: Amoonguss\n|-sidestart|p2: CatchTheSky|Spikes\n|move|p2a: Amoonguss|Leaf Storm|p1b: Obsidian\n|-damage|p1b: Obsidian|57\/100\n|-unboost|p2a: Amoonguss|spa|2\n|\n|-heal|p1b: Obsidian|63\/100|[from] item: Black Sludge\n|upkeep\n|turn|3\n|\n|t:|1701180512\n|move|p2b: Gliscor|Swords Dance|p2b: Gliscor\n|-boost|p2b: Gliscor|atk|2\n|move|p1a: Great Fairy|Reflect||[still]\n|-fail|p1a: Great Fairy\n|move|p1b: Obsidian|Spikes|p2a: Amoonguss\n|-sidestart|p2: CatchTheSky|Spikes\n|move|p2a: Amoonguss|Giga Drain|p1b: Obsidian\n|-damage|p1b: Obsidian|48\/100\n|\n|-heal|p1b: Obsidian|55\/100|[from] item: Black Sludge\n|upkeep\n|turn|4\n|\n|t:|1701180529\n|move|p2b: Gliscor|Facade|p1b: Obsidian\n|-resisted|p1b: Obsidian\n|-damage|p1b: Obsidian|33\/100\n|-activate|p1b: Obsidian|ability: Toxic Debris\n|-sidestart|p2: CatchTheSky|move: Toxic Spikes\n|move|p1a: Great Fairy|Light Screen|p1a: Great Fairy\n|-sidestart|p1: Thetrainertyler|move: Light Screen\n|move|p1b: Obsidian|Spikes|p2a: Amoonguss\n|-sidestart|p2: CatchTheSky|Spikes\n|move|p2a: Amoonguss|Giga Drain|p1b: Obsidian\n|-damage|p1b: Obsidian|24\/100\n|\n|-heal|p1b: Obsidian|30\/100|[from] item: Black Sludge\n|-sideend|p2: CatchTheSky|move: Tailwind\n|upkeep\n|turn|5\n|\n|t:|1701180556\n|move|p1a: Great Fairy|Reflect||[still]\n|-fail|p1a: Great Fairy\n|move|p2b: Gliscor|Facade|p1b: Obsidian\n|-resisted|p1b: Obsidian\n|-damage|p1b: Obsidian|8\/100\n|-activate|p1b: Obsidian|ability: Toxic Debris\n|-sidestart|p2: CatchTheSky|move: Toxic Spikes\n|move|p1b: Obsidian|Toxic Spikes||[still]\n|-fail|p1b: Obsidian\n|move|p2a: Amoonguss|Giga Drain|p1b: Obsidian\n|-damage|p1b: Obsidian|0 fnt\n|faint|p1b: Obsidian\n|\n|upkeep\n|\n|t:|1701180577\n|switch|p1b: shadowhuntr|Sableye, M, shiny|100\/100\n|-damage|p1b: shadowhuntr|88\/100|[from] Stealth Rock\n|turn|6\n|\n|t:|1701180597\n|move|p1b: shadowhuntr|Encore|p2b: Gliscor\n|-start|p2b: Gliscor|Encore\n|move|p1a: Great Fairy|Sticky Web||[still]\n|-fail|p1a: Great Fairy\n|move|p2b: Gliscor|Facade|p1a: Great Fairy\n|-damage|p1a: Great Fairy|31\/100\n|move|p2a: Amoonguss|Clear Smog|p1b: shadowhuntr\n|-resisted|p1b: shadowhuntr\n|-damage|p1b: shadowhuntr|85\/100\n|-clearboost|p1b: shadowhuntr\n|\n|upkeep\n|turn|7\n|\n|t:|1701180618\n|move|p1b: shadowhuntr|Will-O-Wisp|p2a: Amoonguss\n|-status|p2a: Amoonguss|brn\n|move|p1a: Great Fairy|Sticky Web||[still]\n|-fail|p1a: Great Fairy\n|move|p2b: Gliscor|Facade|p1a: Great Fairy\n|-damage|p1a: Great Fairy|0 fnt\n|faint|p1a: Great Fairy\n|move|p2a: Amoonguss|Giga Drain|p1b: shadowhuntr\n|-damage|p1b: shadowhuntr|76\/100\n|\n|-damage|p2a: Amoonguss|94\/100 brn|[from] brn\n|upkeep\n|\n|t:|1701180639\n|switch|p1a: Regigigas|Regigigas|100\/100\n|-damage|p1a: Regigigas|88\/100|[from] Stealth Rock\n|-start|p1a: Regigigas|ability: Slow Start\n|turn|8\n|\n|t:|1701180655\n|switch|p1b: Daffy|Golduck, M, shiny|100\/100\n|-damage|p1b: Daffy|88\/100|[from] Stealth Rock\n|move|p1a: Regigigas|Protect|p1a: Regigigas\n|-singleturn|p1a: Regigigas|Protect\n|move|p2b: Gliscor|Facade|p1a: Regigigas\n|-activate|p1a: Regigigas|move: Protect\n|move|p2a: Amoonguss|Spore|p1a: Regigigas\n|-activate|p1a: Regigigas|move: Protect\n|\n|-heal|p1a: Regigigas|94\/100|[from] item: Leftovers\n|-damage|p2a: Amoonguss|88\/100 brn|[from] brn\n|-end|p2b: Gliscor|Encore\n|upkeep\n|turn|9\n|\n|t:|1701180675\n|move|p2b: Gliscor|Facade|p1b: Daffy\n|-damage|p1b: Daffy|40\/100\n|move|p1b: Daffy|Simple Beam|p1a: Regigigas\n|-end|p1a: Regigigas|Slow Start|[silent]\n|-endability|p1a: Regigigas|Slow Start|[from] move: Simple Beam\n|-ability|p1a: Regigigas|Simple|[from] move: Simple Beam\n|move|p1a: Regigigas|Substitute|p1a: Regigigas\n|-start|p1a: Regigigas|Substitute\n|-damage|p1a: Regigigas|69\/100\n|move|p2a: Amoonguss|Spore||[still]\n|-fail|p2a: Amoonguss\n|\n|-heal|p1a: Regigigas|75\/100|[from] item: Leftovers\n|-damage|p2a: Amoonguss|82\/100 brn|[from] brn\n|-sideend|p1: Thetrainertyler|Reflect\n|upkeep\n|turn|10\n|\n|t:|1701180708\n|move|p1a: Regigigas|Protect|p1a: Regigigas\n|-singleturn|p1a: Regigigas|Protect\n|move|p2b: Gliscor|Facade|p1b: Daffy\n|-damage|p1b: Daffy|0 fnt\n|faint|p1b: Daffy\n|move|p2a: Amoonguss|Giga Drain|p1a: Regigigas\n|-activate|p1a: Regigigas|move: Protect\n|\n|-heal|p1a: Regigigas|81\/100|[from] item: Leftovers\n|-damage|p2a: Amoonguss|76\/100 brn|[from] brn\n|upkeep\n|\n|t:|1701180720\n|switch|p1b: Ridley|Kommo-o, M, shiny|100\/100\n|-damage|p1b: Ridley|94\/100|[from] Stealth Rock\n|turn|11\n|\n|t:|1701180728\n|move|p2b: Gliscor|Facade|p1b: Ridley\n|-damage|p1b: Ridley|41\/100\n|move|p1a: Regigigas|Body Slam|p2b: Gliscor\n|-damage|p2b: Gliscor|62\/100 tox\n|move|p1b: Ridley|Coaching|p1a: Regigigas\n|-boost|p1a: Regigigas|atk|2\n|-boost|p1a: Regigigas|def|2\n|move|p2a: Amoonguss|Spore|p1b: Ridley\n|-immune|p1b: Ridley|[from] ability: Overcoat\n|\n|-heal|p1a: Regigigas|88\/100|[from] item: Leftovers\n|-heal|p2b: Gliscor|74\/100 tox|[from] ability: Poison Heal\n|-damage|p2a: Amoonguss|70\/100 brn|[from] brn\n|-sideend|p1: Thetrainertyler|move: Light Screen\n|upkeep\n|turn|12\n|\n|t:|1701180754\n|move|p2b: Gliscor|Facade|p1b: Ridley\n|-damage|p1b: Ridley|0 fnt\n|faint|p1b: Ridley\n|move|p1a: Regigigas|Body Slam|p2b: Gliscor\n|-damage|p2b: Gliscor|0 fnt\n|faint|p2b: Gliscor\n|move|p2a: Amoonguss|Leaf Storm|p1a: Regigigas\n|-activate|p1a: Regigigas|move: Substitute|[damage]\n|-unboost|p2a: Amoonguss|spa|2\n|\n|-heal|p1a: Regigigas|94\/100|[from] item: Leftovers\n|-damage|p2a: Amoonguss|64\/100 brn|[from] brn\n|upkeep\n|\n|t:|1701180773\n|switch|p2b: Garchomp|Garchomp, M|100\/100\n|switch|p1b: shadowhuntr|Sableye, M, shiny|76\/100\n|-activate|p2b: Garchomp|move: Sticky Web\n|-unboost|p2b: Garchomp|spe|1\n|-damage|p2b: Garchomp|94\/100|[from] Stealth Rock\n|-damage|p2b: Garchomp|69\/100|[from] Spikes\n|-status|p2b: Garchomp|tox\n|-damage|p1b: shadowhuntr|64\/100|[from] Stealth Rock\n|turn|13\n|\n|t:|1701180790\n|move|p1a: Regigigas|Protect|p1a: Regigigas\n|-singleturn|p1a: Regigigas|Protect\n|move|p1b: shadowhuntr|Fake Out|p2b: Garchomp\n|-damage|p2b: Garchomp|61\/100 tox\n|-damage|p1b: shadowhuntr|52\/100|[from] ability: Rough Skin|[of] p2b: Garchomp\n|cant|p2b: Garchomp|flinch\n|move|p2a: Amoonguss|Spore|p1b: shadowhuntr\n|-status|p1b: shadowhuntr|slp|[from] move: Spore\n|\n|-heal|p1a: Regigigas|99\/100|[from] item: Leftovers\n|-damage|p2b: Garchomp|55\/100 tox|[from] psn\n|-damage|p2a: Amoonguss|57\/100 brn|[from] brn\n|upkeep\n|turn|14\n|\n|t:|1701180816\n|detailschange|p1b: shadowhuntr|Sableye-Mega, M, shiny\n|-mega|p1b: shadowhuntr|Sableye|Sablenite\n|move|p1a: Regigigas|Body Slam|p2a: Amoonguss\n|-damage|p2a: Amoonguss|0 fnt\n|-damage|p1a: Regigigas|83\/100|[from] item: Rocky Helmet|[of] p2a: Amoonguss\n|faint|p2a: Amoonguss\n|move|p2b: Garchomp|Dragon Claw|p1a: Regigigas\n|-end|p1a: Regigigas|Substitute\n|-damage|p2b: Garchomp|45\/100 tox|[from] item: Life Orb\n|cant|p1b: shadowhuntr|slp\n|\n|-heal|p1a: Regigigas|89\/100|[from] item: Leftovers\n|-damage|p2b: Garchomp|33\/100 tox|[from] psn\n|upkeep\n|\n|t:|1701180833\n|switch|p2a: Lucario|Lucario, M|100\/100\n|-activate|p2a: Lucario|move: Sticky Web\n|-unboost|p2a: Lucario|spe|1\n|-damage|p2a: Lucario|98\/100|[from] Stealth Rock\n|-damage|p2a: Lucario|73\/100|[from] Spikes\n|turn|15\n|\n|t:|1701180847\n|detailschange|p2a: Lucario|Lucario-Mega, M\n|-mega|p2a: Lucario|Lucario|Lucarionite\n|move|p1a: Regigigas|Protect|p1a: Regigigas\n|-singleturn|p1a: Regigigas|Protect\n|move|p2a: Lucario|Aura Sphere|p1a: Regigigas\n|-activate|p1a: Regigigas|move: Protect\n|move|p2b: Garchomp|Dragon Claw|p1a: Regigigas\n|-activate|p1a: Regigigas|move: Protect\n|-curestatus|p1b: shadowhuntr|slp|[msg]\n|move|p1b: shadowhuntr|Will-O-Wisp|p2a: Lucario\n|-status|p2a: Lucario|brn\n|\n|-heal|p1a: Regigigas|96\/100|[from] item: Leftovers\n|-damage|p2b: Garchomp|15\/100 tox|[from] psn\n|-damage|p2a: Lucario|67\/100 brn|[from] brn\n|upkeep\n|turn|16\n|\n|t:|1701180873\n|switch|p2b: Greninja|Greninja, M|100\/100\n|-activate|p2b: Greninja|move: Sticky Web\n|-unboost|p2b: Greninja|spe|1\n|-damage|p2b: Greninja|88\/100|[from] Stealth Rock\n|-damage|p2b: Greninja|63\/100|[from] Spikes\n|-status|p2b: Greninja|tox\n|move|p1a: Regigigas|Substitute|p1a: Regigigas\n|-start|p1a: Regigigas|Substitute\n|-damage|p1a: Regigigas|71\/100\n|move|p2a: Lucario|Aura Sphere|p1a: Regigigas\n|-supereffective|p1a: Regigigas\n|-end|p1a: Regigigas|Substitute\n|move|p1b: shadowhuntr|Disable|p2a: Lucario\n|-start|p2a: Lucario|Disable|Aura Sphere\n|\n|-heal|p1a: Regigigas|77\/100|[from] item: Leftovers\n|-damage|p2b: Greninja|57\/100 tox|[from] psn\n|-damage|p2a: Lucario|61\/100 brn|[from] brn\n|upkeep\n|turn|17\n|\n|t:|1701180903\n|move|p2a: Lucario|Vacuum Wave|p1a: Regigigas\n|-supereffective|p1a: Regigigas\n|-damage|p1a: Regigigas|38\/100\n|move|p2b: Greninja|Dark Pulse|p1b: shadowhuntr\n|-damage|p1b: shadowhuntr|32\/100\n|move|p1a: Regigigas|Body Slam|p2b: Greninja\n|-damage|p2b: Greninja|0 fnt\n|faint|p2b: Greninja\n|move|p1b: shadowhuntr|Encore|p2a: Lucario\n|-start|p2a: Lucario|Encore\n|\n|-heal|p1a: Regigigas|44\/100|[from] item: Leftovers\n|-damage|p2a: Lucario|55\/100 brn|[from] brn\n|upkeep\n|\n|t:|1701180919\n|switch|p2b: Heatran|Heatran, M|100\/100\n|-activate|p2b: Heatran|move: Sticky Web\n|-unboost|p2b: Heatran|spe|1\n|-damage|p2b: Heatran|88\/100|[from] Stealth Rock\n|-damage|p2b: Heatran|63\/100|[from] Spikes\n|turn|18\n|\n|t:|1701180939\n|move|p1a: Regigigas|Protect|p1a: Regigigas\n|-singleturn|p1a: Regigigas|Protect\n|move|p2a: Lucario|Vacuum Wave|p1a: Regigigas\n|-activate|p1a: Regigigas|move: Protect\n|move|p2b: Heatran|Will-O-Wisp|p1a: Regigigas\n|-activate|p1a: Regigigas|move: Protect\n|move|p1b: shadowhuntr|Will-O-Wisp|p2a: Lucario\n|-fail|p2a: Lucario|brn\n|\n|-heal|p1a: Regigigas|50\/100|[from] item: Leftovers\n|-heal|p2b: Heatran|69\/100|[from] item: Leftovers\n|-damage|p2a: Lucario|49\/100 brn|[from] brn\n|upkeep\n|turn|19\n|\n|t:|1701181076\n|move|p1b: shadowhuntr|Fake Out||[still]\n|-hint|Fake Out only works on your first turn out.\n|-fail|p1b: shadowhuntr\n|move|p2a: Lucario|Vacuum Wave|p2b: Heatran\n|-supereffective|p2b: Heatran\n|-damage|p2b: Heatran|25\/100\n|move|p1a: Regigigas|Substitute|p1a: Regigigas\n|-start|p1a: Regigigas|Substitute\n|-damage|p1a: Regigigas|25\/100\n|move|p2b: Heatran|Magma Storm|p1b: shadowhuntr|[miss]\n|-miss|p2b: Heatran|p1b: shadowhuntr\n|\n|-heal|p1a: Regigigas|31\/100|[from] item: Leftovers\n|-heal|p2b: Heatran|31\/100|[from] item: Leftovers\n|-damage|p2a: Lucario|42\/100 brn|[from] brn\n|upkeep\n|turn|20\n|\n|t:|1701181126\n|move|p1a: Regigigas|Protect|p1a: Regigigas\n|-singleturn|p1a: Regigigas|Protect\n|move|p2a: Lucario|Vacuum Wave|p1a: Regigigas\n|-activate|p1a: Regigigas|move: Protect\n|move|p2b: Heatran|Magma Storm|p1b: shadowhuntr\n|-damage|p1b: shadowhuntr|1\/100\n|-activate|p1b: shadowhuntr|move: Magma Storm|[of] p2b: Heatran\n|move|p1b: shadowhuntr|Disable|p2b: Heatran\n|-start|p2b: Heatran|Disable|Magma Storm\n|\n|-heal|p1a: Regigigas|38\/100|[from] item: Leftovers\n|-heal|p2b: Heatran|37\/100|[from] item: Leftovers\n|-damage|p2a: Lucario|36\/100 brn|[from] brn\n|-damage|p1b: shadowhuntr|0 fnt|[from] move: Magma Storm|[partiallytrapped]\n|faint|p1b: shadowhuntr\n|-end|p2a: Lucario|Encore\n|-end|p2a: Lucario|Disable\n|upkeep\n|turn|21\n|\n|t:|1701181155\n|move|p1a: Regigigas|Body Slam|p2a: Lucario\n|-resisted|p2a: Lucario\n|-damage|p2a: Lucario|0 fnt\n|faint|p2a: Lucario\n|move|p2b: Heatran|Will-O-Wisp||[still]\n|-fail|p2b: Heatran\n|\n|-heal|p1a: Regigigas|44\/100|[from] item: Leftovers\n|-heal|p2b: Heatran|44\/100|[from] item: Leftovers\n|upkeep\n|\n|t:|1701181166\n|switch|p2a: Garchomp|Garchomp, M|15\/100 tox\n|-activate|p2a: Garchomp|move: Sticky Web\n|-unboost|p2a: Garchomp|spe|1\n|-damage|p2a: Garchomp|8\/100 tox|[from] Stealth Rock\n|-damage|p2a: Garchomp|0 fnt|[from] Spikes\n|faint|p2a: Garchomp\n|turn|22\n|\n|t:|1701181175\n|move|p1a: Regigigas|Body Slam|p2b: Heatran\n|-resisted|p2b: Heatran\n|-crit|p2b: Heatran\n|-damage|p2b: Heatran|0 fnt\n|faint|p2b: Heatran\n|\n|win|Thetrainertyler\n|raw|Thetrainertyler's rating: 1040 &rarr; <strong>1077<\/strong><br \/>(+37 for winning)\n|raw|CatchTheSky's rating: 1066 &rarr; <strong>1045<\/strong><br \/>(-21 for losing)\n|l|\u2606CatchTheSky\n","uploadtime":1701181302,"views":5,"p1id":"thetrainertyler","p2id":"catchthesky","formatid":"gen9nationaldexdoubles","rating":1045,"private":0,"password":""}