{"id":"gen9nationaldexdoubles-1962689189","p1":"NJKD18","p2":"ceke99","format":"[Gen 9] National Dex Doubles","log":"|j|\u2606NJKD18\n|j|\u2606ceke99\n|t:|1696782693\n|gametype|doubles\n|player|p1|NJKD18|170|1143\n|player|p2|ceke99|266|1111\n|teamsize|p1|3\n|teamsize|p2|6\n|gen|9\n|tier|[Gen 9] National Dex Doubles\n|rated|\n|rule|HP Percentage Mod: HP is shown in percentages\n|rule|Endless Battle Clause: Forcing endless battles is banned\n|rule|OHKO Clause: OHKO moves are banned\n|rule|Evasion Moves Clause: Evasion moves are banned\n|rule|Evasion Abilities Clause: Evasion abilities are banned\n|rule|Species Clause: Limit one of each Pok\u00e9mon\n|rule|Gravity Sleep Clause: The combination of sleep-inducing moves with imperfect accuracy and Gravity or Gigantamax Orbeetle are banned\n|clearpoke\n|poke|p1|Cinderace, M|\n|poke|p1|Darmanitan-Galar, F|\n|poke|p1|Eevee, F|\n|poke|p2|Pelipper, M|\n|poke|p2|Alcremie-Matcha-Cream, F|\n|poke|p2|Marshadow|\n|poke|p2|Regieleki|\n|poke|p2|Florges, F|\n|poke|p2|Coalossal, M|\n|teampreview\n|\n|t:|1696782697\n|start\n|switch|p1a: Cinderace|Cinderace, M|100\/100\n|switch|p1b: Eevee|Eevee, F, shiny|100\/100\n|switch|p2a: Alcremie|Alcremie-Matcha-Cream, F|100\/100\n|switch|p2b: Marshadow|Marshadow|100\/100\n|-ability|p1b: Eevee|Anticipation\n|turn|1\n|\n|t:|1696782713\n|move|p2b: Marshadow|Spectral Thief|p1b: Eevee\n|-immune|p1b: Eevee\n|move|p1a: Cinderace|Coaching|p1b: Eevee\n|-start|p1a: Cinderace|typechange|Fighting|[from] ability: Libero\n|-boost|p1b: Eevee|atk|1\n|-boost|p1b: Eevee|def|1\n|-enditem|p2b: Marshadow|Mirror Herb\n|-boost|p2b: Marshadow|atk|1|[from] item: Mirror Herb\n|-boost|p2b: Marshadow|def|1|[from] item: Mirror Herb\n|-enditem|p2a: Alcremie|Mirror Herb\n|-boost|p2a: Alcremie|atk|1|[from] item: Mirror Herb\n|-boost|p2a: Alcremie|def|1|[from] item: Mirror Herb\n|move|p2a: Alcremie|Decorate|p1b: Eevee\n|-boost|p1b: Eevee|atk|2\n|-boost|p1b: Eevee|spa|2\n|-zpower|p1b: Eevee\n|move|p1b: Eevee|Extreme Evoboost|p1b: Eevee\n|-boost|p1b: Eevee|atk|2\n|-boost|p1b: Eevee|def|2\n|-boost|p1b: Eevee|spa|2\n|-boost|p1b: Eevee|spd|2\n|-boost|p1b: Eevee|spe|2\n|\n|upkeep\n|turn|2\n|\n|t:|1696782748\n|move|p2b: Marshadow|Drain Punch|p1b: Eevee\n|-supereffective|p1b: Eevee\n|-damage|p1b: Eevee|4\/100\n|move|p1a: Cinderace|Blaze Kick|p2b: Marshadow\n|-damage|p2b: Marshadow|75\/100\n|-status|p2b: Marshadow|brn\n|move|p1b: Eevee|Baton Pass|p1b: Eevee\n|\n|t:|1696782755\n|switch|p1b: Monke|Darmanitan-Galar, F|100\/100|[from] Baton Pass\n|move|p2a: Alcremie|Decorate|p1a: Cinderace\n|-boost|p1a: Cinderace|atk|2\n|-boost|p1a: Cinderace|spa|2\n|\n|-damage|p2b: Marshadow|68\/100 brn|[from] brn\n|upkeep\n|turn|3\n|c|\u2606ceke99|NOT THE MONKE PLZ\n|c|\u2606NJKD18|monke\n|\n|t:|1696782777\n|move|p1b: Monke|Icicle Crash|p2a: Alcremie\n|-damage|p2a: Alcremie|0 fnt\n|faint|p2a: Alcremie\n|move|p2b: Marshadow|Spectral Thief||[still]\n|-clearpositiveboost|p1a: Cinderace|p2b: Marshadow|move: Spectral Thief\n|-boost|p2b: Marshadow|atk|2\n|-boost|p2b: Marshadow|spa|2\n|-anim|p2b: Marshadow|Spectral Thief|p1a: Cinderace\n|-damage|p1a: Cinderace|18\/100\n|move|p1a: Cinderace|Blaze Kick|p2b: Marshadow\n|-damage|p2b: Marshadow|41\/100 brn\n|\n|-heal|p1a: Cinderace|24\/100|[from] item: Leftovers\n|-damage|p2b: Marshadow|34\/100 brn|[from] brn\n|upkeep\n|c|\u2606ceke99|MONKE IS ALL\n|\n|t:|1696782793\n|switch|p2a: Regieleki|Regieleki|100\/100\n|turn|4\n|c|\u2606ceke99|boomy\n|c|\u2606ceke99|boom\n|\n|t:|1696782807\n|move|p2b: Marshadow|Shadow Sneak|p1b: Monke\n|-damage|p1b: Monke|78\/100\n|move|p2a: Regieleki|Explosion|p1b: Monke|[spread] p1a,p1b\n|-immune|p2b: Marshadow\n|-damage|p1a: Cinderace|0 fnt\n|-damage|p1b: Monke|51\/100\n|faint|p2a: Regieleki\n|faint|p1a: Cinderace\n|move|p1b: Monke|Icicle Crash|p2b: Marshadow\n|-damage|p2b: Marshadow|0 fnt\n|faint|p2b: Marshadow\n|\n|upkeep\n|\n|t:|1696782824\n|switch|p2a: Coalossal|Coalossal, M|100\/100\n|switch|p2b: Pelipper|Pelipper, M|100\/100\n|switch|p1a: Eevee|Eevee, F, shiny|4\/100\n|-weather|RainDance|[from] ability: Drizzle|[of] p2b: Pelipper\n|turn|5\n|\n|t:|1696782839\n|move|p2b: Pelipper|Helping Hand|p2a: Coalossal\n|-singleturn|p2a: Coalossal|Helping Hand|[of] p2b: Pelipper\n|move|p1b: Monke|Icicle Crash|p2a: Coalossal\n|-resisted|p2a: Coalossal\n|-damage|p2a: Coalossal|0 fnt\n|faint|p2a: Coalossal\n|move|p1a: Eevee|Hyper Voice|p2b: Pelipper\n|-damage|p2b: Pelipper|75\/100\n|\n|-weather|RainDance|[upkeep]\n|upkeep\n|\n|t:|1696782849\n|switch|p2a: Florges|Florges, F|100\/100\n|turn|6\n|\n|t:|1696782860\n|move|p2b: Pelipper|Helping Hand|p2a: Florges\n|-singleturn|p2a: Florges|Helping Hand|[of] p2b: Pelipper\n|move|p1b: Monke|Icicle Crash|p2a: Florges\n|-damage|p2a: Florges|0 fnt\n|faint|p2a: Florges\n|move|p1a: Eevee|Hyper Voice|p2b: Pelipper\n|-damage|p2b: Pelipper|51\/100\n|\n|-weather|RainDance|[upkeep]\n|upkeep\n|turn|7\n|\n|t:|1696782875\n|move|p1b: Monke|Icicle Crash|p2b: Pelipper\n|-damage|p2b: Pelipper|0 fnt\n|faint|p2b: Pelipper\n|\n|win|NJKD18\n|raw|NJKD18's rating: 1143 &rarr; <strong>1166<\/strong><br \/>(+23 for winning)\n|raw|ceke99's rating: 1111 &rarr; <strong>1088<\/strong><br \/>(-23 for losing)\n|c|\u2606NJKD18|monke\n|c|\u2606ceke99|gg\n|c|\u2606NJKD18|gg\n|c|\u2606ceke99|monke all\n|c|\u2606NJKD18|yes\n|l|\u2606ceke99\n|j|\u2606ceke99\n|player|p2|ceke99|266\n","uploadtime":1696782892,"views":11,"p1id":"njkd18","p2id":"ceke99","formatid":"gen9nationaldexdoubles","rating":1088,"private":0,"password":""}