{"id":"gen9nationaldexdoubles-1974186324","p1":"Tarantulara","p2":"justamagicarp","format":"[Gen 9] National Dex Doubles","log":"|j|\u2606Tarantulara\n|j|\u2606justamagicarp\n|t:|1698066316\n|gametype|doubles\n|player|p1|Tarantulara|aaron|1157\n|player|p2|justamagicarp|flannery|1167\n|teamsize|p1|6\n|teamsize|p2|6\n|gen|9\n|tier|[Gen 9] National Dex Doubles\n|rated|\n|rule|HP Percentage Mod: HP is shown in percentages\n|rule|Endless Battle Clause: Forcing endless battles is banned\n|rule|OHKO Clause: OHKO moves are banned\n|rule|Evasion Moves Clause: Evasion moves are banned\n|rule|Evasion Abilities Clause: Evasion abilities are banned\n|rule|Species Clause: Limit one of each Pok\u00e9mon\n|rule|Gravity Sleep Clause: The combination of sleep-inducing moves with imperfect accuracy and Gravity or Gigantamax Orbeetle are banned\n|clearpoke\n|poke|p1|Oricorio-Pom-Pom, M|\n|poke|p1|Kommo-o, F|\n|poke|p1|Ribombee, M|\n|poke|p1|Iron Moth|\n|poke|p1|Volcarona, F|\n|poke|p1|Lilligant-Hisui, F|\n|poke|p2|Iron Valiant|\n|poke|p2|Flutter Mane|\n|poke|p2|Armarouge, M|\n|poke|p2|Gyarados, M|\n|poke|p2|Gholdengo|\n|poke|p2|Ninetales, F|\n|teampreview\n|c|\u2606Tarantulara|Gl hf c:\n|\n|t:|1698066349\n|start\n|switch|p1a: Shake|Oricorio-Pom-Pom, M, shiny|100\/100\n|switch|p1b: Fwoosh|Volcarona, F|100\/100\n|switch|p2a: Flutter Mane|Flutter Mane|100\/100\n|switch|p2b: Armarouge|Armarouge, M|100\/100\n|turn|1\n|c|\u2606justamagicarp|gl\n|inactive|Battle timer is ON: inactive players will automatically lose when time's up. (requested by Tarantulara)\n|\n|t:|1698066416\n|move|p2a: Flutter Mane|Dazzling Gleam|p1b: Fwoosh|[spread] p1a,p1b\n|-resisted|p1b: Fwoosh\n|-damage|p1a: Shake|28\/100\n|-damage|p1b: Fwoosh|78\/100\n|move|p1a: Shake|Quiver Dance|p1a: Shake\n|-boost|p1a: Shake|spa|1\n|-boost|p1a: Shake|spd|1\n|-boost|p1a: Shake|spe|1\n|move|p1b: Fwoosh|Quiver Dance|p1b: Fwoosh\n|-boost|p1b: Fwoosh|spa|1\n|-boost|p1b: Fwoosh|spd|1\n|-boost|p1b: Fwoosh|spe|1\n|-activate|p1a: Shake|ability: Dancer\n|move|p1a: Shake|Quiver Dance|p1a: Shake|[from]ability: Dancer\n|-boost|p1a: Shake|spa|1\n|-boost|p1a: Shake|spd|1\n|-boost|p1a: Shake|spe|1\n|move|p2b: Armarouge|Energy Ball|p1a: Shake\n|-resisted|p1a: Shake\n|-damage|p1a: Shake|17\/100\n|\n|upkeep\n|turn|2\n|\n|t:|1698066446\n|move|p1a: Shake|Revelation Dance|p2b: Armarouge\n|-damage|p2b: Armarouge|0 fnt\n|faint|p2b: Armarouge\n|move|p1b: Fwoosh|Fiery Dance|p2a: Flutter Mane\n|-damage|p2a: Flutter Mane|31\/100\n|-activate|p1a: Shake|ability: Dancer\n|move|p1a: Shake|Fiery Dance|p2a: Flutter Mane|[from]ability: Dancer\n|-damage|p2a: Flutter Mane|0 fnt\n|faint|p2a: Flutter Mane\n|-end|p2a: Flutter Mane|Protosynthesis|[silent]\n|\n|upkeep\n|inactive|justamagicarp has 120 seconds left.\n|\n|t:|1698066474\n|switch|p2a: gyaru|Gyarados, M, shiny|100\/100\n|switch|p2b: Iron Valiant|Iron Valiant|100\/100\n|-enditem|p2b: Iron Valiant|Booster Energy\n|-activate|p2b: Iron Valiant|ability: Quark Drive|[fromitem]\n|-start|p2b: Iron Valiant|quarkdrivespe\n|turn|3\n|inactive|justamagicarp has 120 seconds left.\n|inactive|Tarantulara has 120 seconds left.\n|inactive|justamagicarp has 90 seconds left.\n|\n|t:|1698066526\n|move|p1a: Shake|Revelation Dance|p2a: gyaru\n|-supereffective|p2a: gyaru\n|-damage|p2a: gyaru|0 fnt\n|faint|p2a: gyaru\n|move|p2b: Iron Valiant|Spirit Break|p1a: Shake\n|-damage|p1a: Shake|0 fnt\n|faint|p1a: Shake\n|move|p1b: Fwoosh|Air Slash|p2b: Iron Valiant\n|-supereffective|p2b: Iron Valiant\n|-damage|p2b: Iron Valiant|0 fnt\n|faint|p2b: Iron Valiant\n|-end|p2b: Iron Valiant|Quark Drive|[silent]\n|\n|upkeep\n|\n|t:|1698066543\n|switch|p2b: Ninetales|Ninetales, F, shiny|100\/100\n|switch|p1a: Beep|Iron Moth, shiny|100\/100\n|switch|p2a: Gholdengo|Gholdengo|100\/100\n|-weather|SunnyDay|[from] ability: Drought|[of] p2b: Ninetales\n|-enditem|p1a: Beep|Booster Energy\n|-activate|p1a: Beep|ability: Quark Drive|[fromitem]\n|-start|p1a: Beep|quarkdrivespa\n|turn|4\n|\n|t:|1698066572\n|move|p1b: Fwoosh|Fiery Dance|p2a: Gholdengo\n|-supereffective|p2a: Gholdengo\n|-damage|p2a: Gholdengo|0 fnt\n|-boost|p1b: Fwoosh|spa|1\n|faint|p2a: Gholdengo\n|move|p1a: Beep|Fiery Dance|p2b: Ninetales\n|-resisted|p2b: Ninetales\n|-damage|p2b: Ninetales|45\/100\n|-boost|p1a: Beep|spa|1\n|move|p2b: Ninetales|Flamethrower|p1b: Fwoosh\n|-damage|p1b: Fwoosh|40\/100\n|\n|-weather|SunnyDay|[upkeep]\n|upkeep\n|turn|5\n|\n|t:|1698066592\n|move|p2b: Ninetales|Protect|p2b: Ninetales\n|-singleturn|p2b: Ninetales|Protect\n|move|p1b: Fwoosh|Air Slash|p2b: Ninetales\n|-activate|p2b: Ninetales|move: Protect\n|move|p1a: Beep|Bug Buzz|p2b: Ninetales\n|-activate|p2b: Ninetales|move: Protect\n|\n|-weather|SunnyDay|[upkeep]\n|upkeep\n|turn|6\n|c|\u2606Tarantulara|Ggs wp c:\n|inactive|justamagicarp has 120 seconds left.\n|\n|t:|1698066607\n|move|p1b: Fwoosh|Air Slash|p2b: Ninetales\n|-damage|p2b: Ninetales|0 fnt\n|faint|p2b: Ninetales\n|\n|win|Tarantulara\n|raw|Tarantulara's rating: 1157 &rarr; <strong>1183<\/strong><br \/>(+26 for winning)\n|raw|justamagicarp's rating: 1167 &rarr; <strong>1141<\/strong><br \/>(-26 for losing)\n|c|\u2606justamagicarp|gg\n","uploadtime":1698066618,"views":9,"p1id":"tarantulara","p2id":"justamagicarp","formatid":"gen9nationaldexdoubles","rating":1141,"private":0,"password":""}