{"id":"gen9nationaldexdoubles-1980981965","p1":"delicioustree","p2":"Ace Kingston","format":"[Gen 9] National Dex Doubles","log":"|j|\u2606delicioustree\n|j|\u2606Ace Kingston\n|t:|1698854233\n|gametype|doubles\n|player|p1|delicioustree|cheren-gen5bw2|1109\n|player|p2|Ace Kingston|pokemonranger-gen4|1023\n|teamsize|p1|4\n|teamsize|p2|6\n|gen|9\n|tier|[Gen 9] National Dex Doubles\n|rated|\n|rule|HP Percentage Mod: HP is shown in percentages\n|rule|Endless Battle Clause: Forcing endless battles is banned\n|rule|OHKO Clause: OHKO moves are banned\n|rule|Evasion Moves Clause: Evasion moves are banned\n|rule|Evasion Abilities Clause: Evasion abilities are banned\n|rule|Species Clause: Limit one of each Pok\u00e9mon\n|rule|Gravity Sleep Clause: The combination of sleep-inducing moves with imperfect accuracy and Gravity or Gigantamax Orbeetle are banned\n|clearpoke\n|poke|p1|Aegislash, M|\n|poke|p1|Garbodor, F|\n|poke|p1|Audino, F|\n|poke|p1|Jirachi|\n|poke|p2|Feraligatr, M|\n|poke|p2|Serperior, F|\n|poke|p2|Gallade, M|\n|poke|p2|Jolteon, M|\n|poke|p2|Lycanroc-Midnight, M|\n|poke|p2|Talonflame, M|\n|teampreview\n|\n|t:|1698854239\n|start\n|switch|p1a: Eye Sword|Aegislash, M|100\/100\n|switch|p1b: Audino|Audino, F|100\/100\n|switch|p2a: Gallade|Gallade, M, shiny|100\/100\n|switch|p2b: Feraligatr|Feraligatr, M|100\/100\n|turn|1\n|inactive|Battle timer is ON: inactive players will automatically lose when time's up. (requested by Ace Kingston)\n|\n|t:|1698854276\n|detailschange|p2a: Gallade|Gallade-Mega, M, shiny\n|-mega|p2a: Gallade|Gallade|Galladite\n|detailschange|p1b: Audino|Audino-Mega, F\n|-mega|p1b: Audino|Audino|Audinite\n|-terastallize|p2b: Feraligatr|Water\n|move|p1a: Eye Sword|King's Shield|p1a: Eye Sword\n|-singleturn|p1a: Eye Sword|Protect\n|move|p2a: Gallade|Night Slash|p1a: Eye Sword\n|-activate|p1a: Eye Sword|move: Protect\n|-unboost|p2a: Gallade|atk|1\n|move|p2b: Feraligatr|Aqua Tail|p1b: Audino\n|-damage|p1b: Audino|63\/100\n|move|p1b: Audino|Trick Room|p1b: Audino\n|-fieldstart|move: Trick Room|[of] p1b: Audino\n|\n|upkeep\n|turn|2\n|inactive|delicioustree has 120 seconds left.\n|\n|t:|1698854315\n|move|p1b: Audino|Draining Kiss|p2a: Gallade\n|-supereffective|p2a: Gallade\n|-damage|p2a: Gallade|72\/100\n|-heal|p1b: Audino|81\/100|[from] drain|[of] p2a: Gallade\n|move|p1a: Eye Sword|Swords Dance|p1a: Eye Sword\n|-boost|p1a: Eye Sword|atk|2\n|move|p2b: Feraligatr|Aqua Tail|p1b: Audino\n|-damage|p1b: Audino|41\/100\n|move|p2a: Gallade|Swords Dance|p2a: Gallade\n|-boost|p2a: Gallade|atk|2\n|\n|upkeep\n|turn|3\n|inactive|delicioustree has 120 seconds left.\n|\n|t:|1698854349\n|move|p1b: Audino|Draining Kiss|p2a: Gallade\n|-supereffective|p2a: Gallade\n|-damage|p2a: Gallade|45\/100\n|-heal|p1b: Audino|58\/100|[from] drain|[of] p2a: Gallade\n|-formechange|p1a: Eye Sword|Aegislash-Blade||[from] ability: Stance Change\n|move|p1a: Eye Sword|Iron Head|p2a: Gallade\n|-damage|p2a: Gallade|0 fnt\n|faint|p2a: Gallade\n|move|p2b: Feraligatr|Aqua Tail|p1b: Audino\n|-damage|p1b: Audino|19\/100\n|\n|upkeep\n|\n|t:|1698854362\n|switch|p2a: Talonflame|Talonflame, M|100\/100\n|turn|4\n|\n|t:|1698854376\n|move|p1b: Audino|Helping Hand|p1a: Eye Sword\n|-singleturn|p1a: Eye Sword|Helping Hand|[of] p1b: Audino\n|move|p1a: Eye Sword|Iron Head|p2a: Talonflame\n|-resisted|p2a: Talonflame\n|-damage|p2a: Talonflame|0 fnt\n|faint|p2a: Talonflame\n|move|p2b: Feraligatr|Aqua Tail|p1b: Audino\n|-damage|p1b: Audino|0 fnt\n|faint|p1b: Audino\n|\n|upkeep\n|\n|t:|1698854389\n|switch|p1b: Garbage|Garbodor, F|100\/100\n|switch|p2a: Lycanroc|Lycanroc-Midnight, M|100\/100\n|turn|5\n|\n|t:|1698854407\n|move|p1a: Eye Sword|Sacred Sword|p2a: Lycanroc\n|-supereffective|p2a: Lycanroc\n|-enditem|p2a: Lycanroc|Focus Sash\n|-damage|p2a: Lycanroc|1\/100\n|move|p1b: Garbage|Rock Blast|p2b: Feraligatr\n|-damage|p2b: Feraligatr|96\/100\n|-damage|p2b: Feraligatr|91\/100\n|-crit|p2b: Feraligatr\n|-damage|p2b: Feraligatr|84\/100\n|-hitcount|p2b: Feraligatr|3\n|cant|p2b: Feraligatr|flinch\n|move|p2a: Lycanroc|Earth Power|p1b: Garbage\n|-supereffective|p1b: Garbage\n|-damage|p1b: Garbage|77\/100\n|\n|-heal|p1b: Garbage|83\/100|[from] item: Black Sludge\n|-fieldend|move: Trick Room\n|upkeep\n|turn|6\n|inactive|delicioustree has 120 seconds left.\n|\n|t:|1698854444\n|-formechange|p1a: Eye Sword|Aegislash||[from] ability: Stance Change\n|move|p1a: Eye Sword|King's Shield|p1a: Eye Sword\n|-singleturn|p1a: Eye Sword|Protect\n|move|p2a: Lycanroc|Earth Power|p1b: Garbage\n|-supereffective|p1b: Garbage\n|-damage|p1b: Garbage|59\/100\n|move|p2b: Feraligatr|Crunch|p1a: Eye Sword\n|-activate|p1a: Eye Sword|move: Protect\n|-unboost|p2b: Feraligatr|atk|1\n|move|p1b: Garbage|Pain Split|p2b: Feraligatr\n|-sethp|p2b: Feraligatr|74\/100|[from] move: Pain Split|[silent]\n|-sethp|p1b: Garbage|68\/100|[from] move: Pain Split\n|\n|-heal|p1b: Garbage|74\/100|[from] item: Black Sludge\n|upkeep\n|turn|7\n|inactive|delicioustree has 120 seconds left.\n|\n|t:|1698854489\n|move|p2a: Lycanroc|Earth Power|p1b: Garbage\n|-supereffective|p1b: Garbage\n|-damage|p1b: Garbage|51\/100\n|move|p2b: Feraligatr|Crunch|p1a: Eye Sword\n|-supereffective|p1a: Eye Sword\n|-damage|p1a: Eye Sword|73\/100\n|-enditem|p1a: Eye Sword|Weakness Policy\n|-boost|p1a: Eye Sword|atk|2|[from] item: Weakness Policy\n|-boost|p1a: Eye Sword|spa|2|[from] item: Weakness Policy\n|move|p1b: Garbage|Rock Blast|p2a: Lycanroc\n|-damage|p2a: Lycanroc|0 fnt\n|faint|p2a: Lycanroc\n|-hitcount|p2: Lycanroc|1\n|-formechange|p1a: Eye Sword|Aegislash-Blade||[from] ability: Stance Change\n|move|p1a: Eye Sword|Sacred Sword|p2b: Feraligatr\n|-crit|p2b: Feraligatr\n|-damage|p2b: Feraligatr|0 fnt\n|faint|p2b: Feraligatr\n|\n|-heal|p1b: Garbage|57\/100|[from] item: Black Sludge\n|upkeep\n|\n|t:|1698854506\n|switch|p2a: Jolteon|Jolteon, M|100\/100\n|switch|p2b: Serperior|Serperior, F|100\/100\n|turn|8\n|inactive|delicioustree has 120 seconds left.\n|inactive|delicioustree has 90 seconds left.\n|\n|t:|1698854569\n|-formechange|p1a: Eye Sword|Aegislash||[from] ability: Stance Change\n|move|p1a: Eye Sword|King's Shield|p1a: Eye Sword\n|-singleturn|p1a: Eye Sword|Protect\n|move|p2a: Jolteon|Thunder|p1b: Garbage\n|-damage|p1b: Garbage|20\/100\n|move|p2b: Serperior|Glare|p1b: Garbage\n|-status|p1b: Garbage|par\n|move|p1b: Garbage|Gunk Shot|p2b: Serperior\n|-supereffective|p2b: Serperior\n|-crit|p2b: Serperior\n|-damage|p2b: Serperior|0 fnt\n|faint|p2b: Serperior\n|\n|-heal|p1b: Garbage|26\/100 par|[from] item: Black Sludge\n|upkeep\n|turn|9\n|inactive|delicioustree has 90 seconds left.\n|inactive|delicioustree has 60 seconds left.\n|\n|t:|1698854612\n|move|p2a: Jolteon|Thunder|p1b: Garbage\n|-damage|p1b: Garbage|0 fnt\n|faint|p1b: Garbage\n|-formechange|p1a: Eye Sword|Aegislash-Blade||[from] ability: Stance Change\n|move|p1a: Eye Sword|Iron Head|p2a: Jolteon\n|-resisted|p2a: Jolteon\n|-damage|p2a: Jolteon|0 fnt\n|faint|p2a: Jolteon\n|\n|win|delicioustree\n|raw|delicioustree's rating: 1109 &rarr; <strong>1128<\/strong><br \/>(+19 for winning)\n|raw|Ace Kingston's rating: 1023 &rarr; <strong>1013<\/strong><br \/>(-10 for losing)\n|l|\u2606Ace Kingston\n","uploadtime":1698854626,"views":15,"p1id":"delicioustree","p2id":"acekingston","formatid":"gen9nationaldexdoubles","rating":1013,"private":0,"password":""}