{"id":"gen9nationaldexdoubles-1955380609","p1":"AutumnCookie","p2":"kpoc12","format":"[Gen 9] National Dex Doubles","log":"|j|\u2606AutumnCookie\n|j|\u2606kpoc12\n|t:|1695993353\n|gametype|doubles\n|player|p1|AutumnCookie|leon|\n|player|p2|kpoc12|raihan|\n|teamsize|p1|6\n|teamsize|p2|6\n|gen|9\n|tier|[Gen 9] National Dex Doubles\n|rule|HP Percentage Mod: HP is shown in percentages\n|rule|Endless Battle Clause: Forcing endless battles is banned\n|rule|OHKO Clause: OHKO moves are banned\n|rule|Evasion Moves Clause: Evasion moves are banned\n|rule|Evasion Abilities Clause: Evasion abilities are banned\n|rule|Species Clause: Limit one of each Pok\u00e9mon\n|rule|Gravity Sleep Clause: The combination of sleep-inducing moves with imperfect accuracy and Gravity or Gigantamax Orbeetle are banned\n|clearpoke\n|poke|p1|Charizard, M|\n|poke|p1|Aegislash, F|\n|poke|p1|Dragapult, M|\n|poke|p1|Rhyperior, F|\n|poke|p1|Rillaboom, M|\n|poke|p1|Mr. Rime, M|\n|poke|p2|Torkoal, F|\n|poke|p2|Goodra, F|\n|poke|p2|Turtonator, M|\n|poke|p2|Flygon, M|\n|poke|p2|Duraludon, F|\n|poke|p2|Gigalith, M|\n|teampreview\n|\n|t:|1695993403\n|start\n|switch|p1a: Rhyperior|Rhyperior, F|100\/100\n|switch|p1b: Aegislash|Aegislash, F|100\/100\n|switch|p2a: Torkoal|Torkoal, F|100\/100\n|switch|p2b: Goodra|Goodra, F|100\/100\n|-weather|SunnyDay|[from] ability: Drought|[of] p2a: Torkoal\n|turn|1\n|j| cassinidivision\n|c| cassinidivision|first\n|c|\u2606AutumnCookie|The first turn with these two is always basically the same I think.\n|\n|t:|1695993432\n|move|p1b: Aegislash|King's Shield|p1b: Aegislash\n|-singleturn|p1b: Aegislash|Protect\n|move|p2b: Goodra|Sludge Bomb|p1a: Rhyperior\n|-resisted|p1a: Rhyperior\n|-damage|p1a: Rhyperior|94\/100\n|move|p1a: Rhyperior|Earthquake|p2b: Goodra|[spread] p2a,p2b\n|-activate|p1b: Aegislash|move: Protect\n|-supereffective|p2a: Torkoal\n|-damage|p2a: Torkoal|32\/100\n|-damage|p2b: Goodra|44\/100\n|-enditem|p2b: Goodra|Sitrus Berry|[eat]\n|-heal|p2b: Goodra|69\/100|[from] item: Sitrus Berry\n|move|p2a: Torkoal|Solar Beam||[still]\n|-prepare|p2a: Torkoal|Solar Beam\n|-anim|p2a: Torkoal|Solar Beam|p1a: Rhyperior\n|-supereffective|p1a: Rhyperior\n|-damage|p1a: Rhyperior|0 fnt\n|faint|p1a: Rhyperior\n|\n|-weather|SunnyDay|[upkeep]\n|upkeep\n|c|\u2606AutumnCookie|NO POISON GOOD\n|\n|t:|1695993471\n|switch|p1a: Dragapult|Dragapult, M|100\/100\n|turn|2\n|\n|t:|1695993525\n|move|p1b: Aegislash|King's Shield||[still]\n|-fail|p1b: Aegislash\n|move|p1a: Dragapult|Dragon Darts|p2b: Goodra\n|-supereffective|p2b: Goodra\n|-damage|p2b: Goodra|13\/100\n|-anim|p1a: Dragapult|Dragon Darts|p2a: Torkoal\n|-damage|p2a: Torkoal|12\/100\n|move|p2b: Goodra|Dragon Pulse|p1a: Dragapult\n|-supereffective|p1a: Dragapult\n|-damage|p1a: Dragapult|0 fnt\n|faint|p1a: Dragapult\n|move|p2a: Torkoal|Lava Plume|p1b: Aegislash|[spread] p2b,p1b\n|-resisted|p2b: Goodra\n|-supereffective|p1b: Aegislash\n|-damage|p2b: Goodra|0 fnt\n|-damage|p1b: Aegislash|34\/100\n|-status|p1b: Aegislash|brn\n|-enditem|p1b: Aegislash|Sitrus Berry|[eat]\n|-heal|p1b: Aegislash|59\/100 brn|[from] item: Sitrus Berry\n|faint|p2b: Goodra\n|\n|-weather|SunnyDay|[upkeep]\n|-damage|p1b: Aegislash|53\/100 brn|[from] brn\n|upkeep\n|c|\u2606AutumnCookie|RISK DID NOT PAY OFF.\n|c|\u2606AutumnCookie|OH FUCK THE BURN TOO\n|c|\u2606kpoc12|GOODRA A REAL ONE\n|c|\u2606AutumnCookie|SO TRUE\n|c|\u2606AutumnCookie|Man that King's Shield had a 1\/3 to work I got unlucky there\n|\n|t:|1695993598\n|switch|p1a: Mr. Rime|Mr. Rime, M|100\/100\n|switch|p2b: Turtonator|Turtonator, M|100\/100\n|turn|3\n|-activate|p2a: Torkoal|item: Quick Claw\n|\n|t:|1695993645\n|move|p1b: Aegislash|King's Shield|p1b: Aegislash\n|-singleturn|p1b: Aegislash|Protect\n|move|p1a: Mr. Rime|Fake Out|p2b: Turtonator\n|-damage|p2b: Turtonator|94\/100\n|move|p2a: Torkoal|Lava Plume|p1a: Mr. Rime|[spread] p2b,p1a\n|-activate|p1b: Aegislash|move: Protect\n|-resisted|p2b: Turtonator\n|-supereffective|p1a: Mr. Rime\n|-damage|p2b: Turtonator|83\/100\n|-damage|p1a: Mr. Rime|48\/100\n|cant|p2b: Turtonator|flinch\n|\n|-weather|SunnyDay|[upkeep]\n|-damage|p1b: Aegislash|46\/100 brn|[from] brn\n|upkeep\n|turn|4\n|c|\u2606AutumnCookie|MISCLICKED THAT TIME\n|\n|t:|1695993682\n|-formechange|p1b: Aegislash|Aegislash-Blade||[from] ability: Stance Change\n|move|p1b: Aegislash|Shadow Sneak|p2a: Torkoal\n|-damage|p2a: Torkoal|2\/100\n|move|p1a: Mr. Rime|Freeze-Dry|p2b: Turtonator\n|-damage|p2b: Turtonator|54\/100\n|move|p2b: Turtonator|Fire Blast|p1a: Mr. Rime\n|-supereffective|p1a: Mr. Rime\n|-damage|p1a: Mr. Rime|0 fnt\n|faint|p1a: Mr. Rime\n|move|p2a: Torkoal|Lava Plume|p1b: Aegislash|[spread] p2b,p1b\n|-resisted|p2b: Turtonator\n|-supereffective|p1b: Aegislash\n|-damage|p2b: Turtonator|43\/100\n|-damage|p1b: Aegislash|0 fnt\n|faint|p1b: Aegislash\n|\n|-weather|SunnyDay|[upkeep]\n|upkeep\n|c|\u2606kpoc12|bro this tortoise wont die\n|c|\u2606AutumnCookie|THIS ONE IS BAD. THIS TIME IS REALLY FUCKIN BAD.\n|c|\u2606AutumnCookie|FR\n|c| cassinidivision|tortle.\n|\n|t:|1695993715\n|switch|p1a: Rillaboom|Rillaboom, M|100\/100\n|switch|p1b: Charizard|Charizard, M|100\/100\n|-fieldstart|move: Grassy Terrain|[from] ability: Grassy Surge|[of] p1a: Rillaboom\n|turn|5\n|l|\u2606AutumnCookie\n|player|p1|\n|j|\u2606AutumnCookie\n|player|p1|AutumnCookie|leon\n|\n|t:|1695993804\n|move|p1b: Charizard|Ancient Power|p2b: Turtonator\n|-supereffective|p2b: Turtonator\n|-damage|p2b: Turtonator|0 fnt\n|faint|p2b: Turtonator\n|move|p1a: Rillaboom|Drain Punch|p2a: Torkoal\n|-damage|p2a: Torkoal|0 fnt\n|faint|p2a: Torkoal\n|\n|-weather|none\n|upkeep\n|c|\u2606AutumnCookie|Was hoping for the boost with that Ancient Power that would've been so cool\n|\n|t:|1695993834\n|switch|p2b: Duraludon|Duraludon, F|100\/100\n|switch|p2a: Gigalith|Gigalith, M|100\/100\n|-weather|Sandstorm|[from] ability: Sand Stream|[of] p2a: Gigalith\n|turn|6\n|\n|t:|1695993856\n|move|p1b: Charizard|Fire Pledge|p2b: Duraludon\n|-damage|p2b: Duraludon|19\/100\n|move|p2b: Duraludon|Iron Head|p1a: Rillaboom\n|-damage|p1a: Rillaboom|80\/100\n|move|p1a: Rillaboom|Drum Beating|p2a: Gigalith\n|-supereffective|p2a: Gigalith\n|-damage|p2a: Gigalith|37\/100\n|-unboost|p2a: Gigalith|spe|1\n|move|p2a: Gigalith|Rock Blast|p1b: Charizard\n|-supereffective|p1b: Charizard\n|-damage|p1b: Charizard|20\/100\n|-supereffective|p1b: Charizard\n|-damage|p1b: Charizard|0 fnt\n|faint|p1b: Charizard\n|-hitcount|p1: Charizard|2\n|\n|-weather|Sandstorm|[upkeep]\n|-damage|p1a: Rillaboom|74\/100|[from] Sandstorm\n|-heal|p2b: Duraludon|25\/100|[from] Grassy Terrain\n|-heal|p1a: Rillaboom|80\/100|[from] Grassy Terrain\n|-heal|p1a: Rillaboom|86\/100|[from] item: Leftovers\n|-heal|p2a: Gigalith|44\/100|[from] Grassy Terrain\n|upkeep\n|turn|7\n|c|\u2606kpoc12|NO FLINCH SMH\n|c|\u2606AutumnCookie|OH THAT DRUM BEATING DIDN'T OHKO FUCK.\n|c|\u2606kpoc12|was hoping for flinchy poos\n|c| cassinidivision|oh fuck this is gettin wild\n|\n|t:|1695993899\n|move|p2b: Duraludon|Iron Head|p1a: Rillaboom\n|-damage|p1a: Rillaboom|66\/100\n|move|p1a: Rillaboom|Drain Punch|p2a: Gigalith\n|-supereffective|p2a: Gigalith\n|-damage|p2a: Gigalith|15\/100\n|-heal|p1a: Rillaboom|79\/100|[from] drain|[of] p2a: Gigalith\n|move|p2a: Gigalith|Body Press|p1a: Rillaboom\n|-damage|p1a: Rillaboom|65\/100\n|\n|-weather|Sandstorm|[upkeep]\n|-damage|p1a: Rillaboom|58\/100|[from] Sandstorm\n|-heal|p2b: Duraludon|31\/100|[from] Grassy Terrain\n|-heal|p1a: Rillaboom|65\/100|[from] Grassy Terrain\n|-heal|p1a: Rillaboom|71\/100|[from] item: Leftovers\n|-heal|p2a: Gigalith|21\/100|[from] Grassy Terrain\n|upkeep\n|turn|8\n|c|\u2606AutumnCookie|THIS ONE IS BAD.\n|c|\u2606kpoc12|still no flinch???? not even one!!\n|c|\u2606AutumnCookie|THIS IS SO BAD\n|c|\u2606kpoc12|nah i think hes gonna stall this out\n|c|\u2606kpoc12|raihan has nothin\n|\n|t:|1695993945\n|move|p2b: Duraludon|Iron Head|p1a: Rillaboom\n|-damage|p1a: Rillaboom|48\/100\n|move|p1a: Rillaboom|Drain Punch|p2b: Duraludon\n|-supereffective|p2b: Duraludon\n|-damage|p2b: Duraludon|0 fnt\n|-heal|p1a: Rillaboom|58\/100|[from] drain|[of] p2b: Duraludon\n|faint|p2b: Duraludon\n|move|p2a: Gigalith|Body Press|p1a: Rillaboom\n|-damage|p1a: Rillaboom|43\/100\n|\n|-weather|Sandstorm|[upkeep]\n|-damage|p1a: Rillaboom|36\/100|[from] Sandstorm\n|-heal|p1a: Rillaboom|43\/100|[from] Grassy Terrain\n|-heal|p1a: Rillaboom|49\/100|[from] item: Leftovers\n|-heal|p2a: Gigalith|27\/100|[from] Grassy Terrain\n|upkeep\n|c|\u2606kpoc12|STILL NO FLINCH\n|\n|t:|1695993959\n|switch|p2b: Flygon|Flygon, M|100\/100\n|turn|9\n|\n|t:|1695993977\n|move|p2b: Flygon|Breaking Swipe|p1a: Rillaboom\n|-damage|p1a: Rillaboom|33\/100\n|-unboost|p1a: Rillaboom|atk|1\n|move|p1a: Rillaboom|Leech Seed|p2b: Flygon\n|-start|p2b: Flygon|move: Leech Seed\n|move|p2a: Gigalith|Body Press|p1a: Rillaboom\n|-damage|p1a: Rillaboom|17\/100\n|\n|-weather|Sandstorm|[upkeep]\n|-damage|p1a: Rillaboom|11\/100|[from] Sandstorm\n|-heal|p1a: Rillaboom|17\/100|[from] Grassy Terrain\n|-heal|p1a: Rillaboom|24\/100|[from] item: Leftovers\n|-heal|p2a: Gigalith|33\/100|[from] Grassy Terrain\n|-damage|p2b: Flygon|88\/100|[from] Leech Seed|[of] p1a: Rillaboom\n|-heal|p1a: Rillaboom|33\/100|[silent]\n|-fieldend|move: Grassy Terrain\n|upkeep\n|turn|10\n|c|\u2606AutumnCookie|IF I DON'T SURVIVE THIS HIT IT'S OVER .\n|\n|t:|1695994014\n|move|p2b: Flygon|Breaking Swipe|p1a: Rillaboom\n|-damage|p1a: Rillaboom|17\/100\n|-unboost|p1a: Rillaboom|atk|1\n|move|p1a: Rillaboom|Drain Punch|p2b: Flygon\n|-damage|p2b: Flygon|75\/100\n|-heal|p1a: Rillaboom|22\/100|[from] drain|[of] p2b: Flygon\n|move|p2a: Gigalith|Body Press|p1a: Rillaboom\n|-damage|p1a: Rillaboom|6\/100\n|\n|-weather|Sandstorm|[upkeep]\n|-damage|p1a: Rillaboom|0 fnt|[from] Sandstorm\n|faint|p1a: Rillaboom\n|\n|win|kpoc12\n|upkeep\n|c|\u2606AutumnCookie|OH FUCK\n|c| cassinidivision|OH\n|c| cassinidivision|OH\n|c| cassinidivision|OH\n|c| cassinidivision|Oj\n|c|\u2606AutumnCookie|OH BOY .\n","uploadtime":1695994037,"views":9,"p1id":"autumncookie","p2id":"kpoc12","formatid":"gen9nationaldexdoubles","rating":0,"private":0,"password":""}