{"id":"gen9nationaldexdoubles-1993629109","p1":"El Ryuk456","p2":"sussyspongers","format":"[Gen 9] National Dex Doubles","log":"|j|\u2606El Ryuk456\n|j|\u2606sussyspongers\n|t:|1700339255\n|gametype|doubles\n|player|p1|El Ryuk456|ingo|1322\n|player|p2|sussyspongers|101|1271\n|teamsize|p1|6\n|teamsize|p2|6\n|gen|9\n|tier|[Gen 9] National Dex Doubles\n|rated|\n|rule|HP Percentage Mod: HP is shown in percentages\n|rule|Endless Battle Clause: Forcing endless battles is banned\n|rule|OHKO Clause: OHKO moves are banned\n|rule|Evasion Moves Clause: Evasion moves are banned\n|rule|Evasion Abilities Clause: Evasion abilities are banned\n|rule|Species Clause: Limit one of each Pok\u00e9mon\n|rule|Gravity Sleep Clause: The combination of sleep-inducing moves with imperfect accuracy and Gravity or Gigantamax Orbeetle are banned\n|clearpoke\n|poke|p1|Lucario, M|\n|poke|p1|Crobat, F|\n|poke|p1|Tinkaton, F|\n|poke|p1|Ogerpon, F|\n|poke|p1|Luxray, M|\n|poke|p1|Tapu Lele|\n|poke|p2|Incineroar, M|\n|poke|p2|Torkoal, F|\n|poke|p2|Tornadus, M|\n|poke|p2|Venusaur, M|\n|poke|p2|Arcanine-Hisui, M|\n|poke|p2|Flutter Mane|\n|teampreview\n|\n|t:|1700339276\n|start\n|switch|p1a: Crobat|Crobat, F, shiny|100\/100\n|switch|p1b: Tinkaton|Tinkaton, F|100\/100\n|switch|p2a: Torkoal|Torkoal, F|100\/100\n|switch|p2b: Arcanine|Arcanine-Hisui, M|100\/100\n|-ability|p2b: Arcanine|Intimidate|boost\n|-fail|p1a: Crobat|unboost|Attack|[from] ability: Inner Focus|[of] p1a: Crobat\n|-unboost|p1b: Tinkaton|atk|1\n|-ability|p1b: Tinkaton|Mold Breaker\n|-weather|SunnyDay|[from] ability: Drought|[of] p2a: Torkoal\n|turn|1\n|\n|t:|1700339295\n|switch|p2b: Tornadus|Tornadus, M|100\/100\n|-terastallize|p1b: Tinkaton|Dragon\n|move|p1b: Tinkaton|Fake Out|p2b: Tornadus\n|-damage|p2b: Tornadus|94\/100\n|move|p1a: Crobat|Tailwind|p1a: Crobat\n|-sidestart|p1: El Ryuk456|move: Tailwind\n|move|p2a: Torkoal|Burning Jealousy|p1a: Crobat|[spread] p1a,p1b\n|-resisted|p1b: Tinkaton\n|-damage|p1a: Crobat|74\/100\n|-damage|p1b: Tinkaton|90\/100\n|\n|-weather|SunnyDay|[upkeep]\n|upkeep\n|turn|2\n|\n|t:|1700339318\n|switch|p1a: Tapu Lele|Tapu Lele, shiny|100\/100\n|-fieldstart|move: Psychic Terrain|[from] ability: Psychic Surge|[of] p1a: Tapu Lele\n|switch|p2a: Venusaur|Venusaur, M|100\/100\n|move|p2b: Tornadus|Tailwind|p2b: Tornadus\n|-sidestart|p2: sussyspongers|move: Tailwind\n|move|p1b: Tinkaton|Rock Tomb|p2a: Venusaur\n|-damage|p2a: Venusaur|91\/100\n|-unboost|p2a: Venusaur|spe|1\n|\n|-weather|SunnyDay|[upkeep]\n|upkeep\n|turn|3\n|\n|t:|1700339338\n|move|p1a: Tapu Lele|Protect|p1a: Tapu Lele\n|-singleturn|p1a: Tapu Lele|Protect\n|move|p2a: Venusaur|Sludge Bomb|p1a: Tapu Lele\n|-activate|p1a: Tapu Lele|move: Protect\n|move|p1b: Tinkaton|Encore|p2a: Venusaur\n|-start|p2a: Venusaur|Encore\n|move|p2b: Tornadus|Bleakwind Storm|p1a: Tapu Lele|[spread] p1b\n|-activate|p1a: Tapu Lele|move: Protect\n|-damage|p1b: Tinkaton|60\/100\n|\n|-weather|SunnyDay|[upkeep]\n|upkeep\n|turn|4\n|\n|t:|1700339353\n|switch|p2a: Incineroar|Incineroar, M|100\/100\n|-ability|p2a: Incineroar|Intimidate|boost\n|-unboost|p1a: Tapu Lele|atk|1\n|-unboost|p1b: Tinkaton|atk|1\n|switch|p1a: Crobat|Crobat, F, shiny|74\/100\n|move|p1b: Tinkaton|Rock Tomb|p2b: Tornadus\n|-supereffective|p2b: Tornadus\n|-enditem|p2b: Tornadus|Charti Berry|[eat]\n|-enditem|p2b: Tornadus|Charti Berry|[weaken]\n|-damage|p2b: Tornadus|88\/100\n|-unboost|p2b: Tornadus|spe|1\n|move|p2b: Tornadus|Bleakwind Storm|p1a: Crobat|[spread] p1a,p1b\n|-damage|p1a: Crobat|39\/100\n|-damage|p1b: Tinkaton|32\/100\n|\n|-weather|SunnyDay|[upkeep]\n|-sideend|p1: El Ryuk456|move: Tailwind\n|upkeep\n|turn|5\n|\n|t:|1700339379\n|move|p2a: Incineroar|Fake Out|p1b: Tinkaton\n|-activate|p1b: Tinkaton|move: Psychic Terrain\n|move|p1a: Crobat|Tailwind|p1a: Crobat\n|-sidestart|p1: El Ryuk456|move: Tailwind\n|move|p1b: Tinkaton|Rock Tomb|p2b: Tornadus\n|-supereffective|p2b: Tornadus\n|-damage|p2b: Tornadus|74\/100\n|-unboost|p2b: Tornadus|spe|1\n|move|p2b: Tornadus|Bleakwind Storm|p1b: Tinkaton|[spread] p1a,p1b\n|-damage|p1a: Crobat|7\/100\n|-damage|p1b: Tinkaton|7\/100\n|-unboost|p1a: Crobat|spe|1\n|\n|-weather|SunnyDay|[upkeep]\n|-sideend|p2: sussyspongers|move: Tailwind\n|upkeep\n|turn|6\n|\n|t:|1700339393\n|switch|p1a: Luxray|Luxray, M|100\/100\n|-ability|p1a: Luxray|Intimidate|boost\n|-unboost|p2a: Incineroar|atk|1\n|-unboost|p2b: Tornadus|atk|1\n|move|p2b: Tornadus|Tailwind|p2b: Tornadus\n|-sidestart|p2: sussyspongers|move: Tailwind\n|move|p1b: Tinkaton|Encore|p2a: Incineroar\n|-start|p2a: Incineroar|Encore\n|move|p2a: Incineroar|Fake Out||[still]\n|-hint|Fake Out only works on your first turn out.\n|-fail|p2a: Incineroar\n|\n|-weather|SunnyDay|[upkeep]\n|-fieldend|move: Psychic Terrain\n|upkeep\n|turn|7\n|inactive|Battle timer is ON: inactive players will automatically lose when time's up. (requested by El Ryuk456)\n|\n|t:|1700339407\n|switch|p2a: Venusaur|Venusaur, M|91\/100\n|move|p1b: Tinkaton|Rock Tomb|p2a: Venusaur\n|-damage|p2a: Venusaur|82\/100\n|-unboost|p2a: Venusaur|spe|1\n|move|p1a: Luxray|Volt Switch|p2b: Tornadus\n|-supereffective|p2b: Tornadus\n|-damage|p2b: Tornadus|37\/100\n|\n|t:|1700339419\n|switch|p1a: Tapu Lele|Tapu Lele, shiny|100\/100|[from] Volt Switch\n|-fieldstart|move: Psychic Terrain|[from] ability: Psychic Surge|[of] p1a: Tapu Lele\n|move|p2b: Tornadus|Bleakwind Storm|p1a: Tapu Lele|[spread] p1a,p1b\n|-damage|p1a: Tapu Lele|70\/100\n|-damage|p1b: Tinkaton|0 fnt\n|faint|p1b: Tinkaton\n|\n|-weather|SunnyDay|[upkeep]\n|upkeep\n|\n|t:|1700339427\n|switch|p1b: Crobat|Crobat, F, shiny|7\/100\n|turn|8\n|\n|t:|1700339439\n|-terastallize|p2a: Venusaur|Fire\n|move|p1b: Crobat|Brave Bird|p2a: Venusaur\n|-damage|p2a: Venusaur|28\/100\n|-damage|p1b: Crobat|0 fnt|[from] Recoil\n|faint|p1b: Crobat\n|move|p2a: Venusaur|Weather Ball|p1a: Tapu Lele\n|-damage|p1a: Tapu Lele|0 fnt\n|faint|p1a: Tapu Lele\n|-damage|p2a: Venusaur|18\/100|[from] item: Life Orb\n|move|p2b: Tornadus|Bleakwind Storm|p1: Tapu Lele|[notarget]\n|-fail|p2b: Tornadus\n|\n|-weather|none\n|-sideend|p1: El Ryuk456|move: Tailwind\n|upkeep\n|\n|t:|1700339453\n|switch|p1b: Lucario|Lucario, M|100\/100\n|switch|p1a: Luxray|Luxray, M|100\/100\n|-ability|p1a: Luxray|Intimidate|boost\n|-unboost|p2a: Venusaur|atk|1\n|-unboost|p2b: Tornadus|atk|1\n|turn|9\n|\n|t:|1700339461\n|switch|p2a: Torkoal|Torkoal, F|100\/100\n|-weather|SunnyDay|[from] ability: Drought|[of] p2a: Torkoal\n|move|p1b: Lucario|Protect|p1b: Lucario\n|-singleturn|p1b: Lucario|Protect\n|move|p2b: Tornadus|Tailwind||[still]\n|-fail|p2b: Tornadus\n|move|p1a: Luxray|Snarl|p2b: Tornadus|[spread] p2a,p2b\n|-damage|p2a: Torkoal|90\/100\n|-damage|p2b: Tornadus|30\/100\n|-unboost|p2a: Torkoal|spa|1\n|-unboost|p2b: Tornadus|spa|1\n|\n|-weather|SunnyDay|[upkeep]\n|-sideend|p2: sussyspongers|move: Tailwind\n|upkeep\n|turn|10\n|\n|t:|1700339476\n|detailschange|p1b: Lucario|Lucario-Mega, M\n|-mega|p1b: Lucario|Lucario|Lucarionite\n|move|p1b: Lucario|Vacuum Wave|p2b: Tornadus\n|-hint|Psychic Terrain doesn't affect Pok\u00e9mon immune to Ground.\n|-resisted|p2b: Tornadus\n|-damage|p2b: Tornadus|20\/100\n|move|p2b: Tornadus|Tailwind|p2b: Tornadus\n|-sidestart|p2: sussyspongers|move: Tailwind\n|move|p1a: Luxray|Snarl|p2a: Torkoal|[spread] p2a,p2b\n|-crit|p2b: Tornadus\n|-damage|p2a: Torkoal|79\/100\n|-damage|p2b: Tornadus|9\/100\n|-unboost|p2a: Torkoal|spa|1\n|-unboost|p2b: Tornadus|spa|1\n|move|p2a: Torkoal|Burning Jealousy|p1a: Luxray|[spread] p1a,p1b\n|-supereffective|p1b: Lucario\n|-damage|p1a: Luxray|91\/100\n|-damage|p1b: Lucario|66\/100\n|\n|-weather|SunnyDay|[upkeep]\n|upkeep\n|turn|11\n|\n|t:|1700339501\n|move|p1b: Lucario|Protect|p1b: Lucario\n|-singleturn|p1b: Lucario|Protect\n|move|p2b: Tornadus|Taunt|p1b: Lucario\n|-activate|p1b: Lucario|move: Psychic Terrain\n|move|p1a: Luxray|Snarl|p2b: Tornadus|[spread] p2a,p2b\n|-damage|p2a: Torkoal|68\/100\n|-damage|p2b: Tornadus|3\/100\n|-unboost|p2a: Torkoal|spa|1\n|-unboost|p2b: Tornadus|spa|1\n|move|p2a: Torkoal|Burning Jealousy|p1b: Lucario|[spread] p1a\n|-activate|p1b: Lucario|move: Protect\n|-damage|p1a: Luxray|82\/100\n|\n|-weather|SunnyDay|[upkeep]\n|-fieldend|move: Psychic Terrain\n|upkeep\n|turn|12\n|\n|t:|1700339523\n|move|p1b: Lucario|Vacuum Wave|p2b: Tornadus\n|-resisted|p2b: Tornadus\n|-damage|p2b: Tornadus|0 fnt\n|faint|p2b: Tornadus\n|move|p1a: Luxray|Snarl|p2a: Torkoal\n|-damage|p2a: Torkoal|55\/100\n|-unboost|p2a: Torkoal|spa|1\n|move|p2a: Torkoal|Burning Jealousy|p1a: Luxray|[spread] p1a,p1b\n|-supereffective|p1b: Lucario\n|-damage|p1a: Luxray|76\/100\n|-damage|p1b: Lucario|42\/100\n|\n|-weather|SunnyDay|[upkeep]\n|upkeep\n|\n|t:|1700339536\n|switch|p2b: Flutter Mane|Flutter Mane|100\/100\n|-activate|p2b: Flutter Mane|ability: Protosynthesis\n|-start|p2b: Flutter Mane|protosynthesisspe\n|turn|13\n|\n|t:|1700339546\n|move|p1b: Lucario|Protect|p1b: Lucario\n|-singleturn|p1b: Lucario|Protect\n|move|p2b: Flutter Mane|Dazzling Gleam|p1a: Luxray|[spread] p1a\n|-activate|p1b: Lucario|move: Protect\n|-damage|p1a: Luxray|31\/100\n|move|p1a: Luxray|Snarl|p2a: Torkoal|[spread] p2a,p2b\n|-damage|p2a: Torkoal|45\/100\n|-damage|p2b: Flutter Mane|91\/100\n|-unboost|p2a: Torkoal|spa|1\n|-unboost|p2b: Flutter Mane|spa|1\n|move|p2a: Torkoal|Burning Jealousy|p1b: Lucario|[spread] p1a\n|-activate|p1b: Lucario|move: Protect\n|-damage|p1a: Luxray|25\/100\n|-enditem|p1a: Luxray|Mago Berry|[eat]\n|-heal|p1a: Luxray|58\/100|[from] item: Mago Berry\n|\n|-weather|SunnyDay|[upkeep]\n|-sideend|p2: sussyspongers|move: Tailwind\n|upkeep\n|turn|14\n|\n|t:|1700339564\n|switch|p1b: Ogerpon|Ogerpon, F|100\/100\n|move|p2b: Flutter Mane|Dazzling Gleam|p1b: Ogerpon|[spread] p1a,p1b\n|-damage|p1a: Luxray|30\/100\n|-damage|p1b: Ogerpon|71\/100\n|move|p1a: Luxray|Snarl|p2a: Torkoal|[spread] p2a,p2b\n|-damage|p2a: Torkoal|34\/100\n|-damage|p2b: Flutter Mane|81\/100\n|-unboost|p2a: Torkoal|spa|1\n|-unboost|p2b: Flutter Mane|spa|1\n|move|p2a: Torkoal|Burning Jealousy|p1a: Luxray|[spread] p1a,p1b\n|-supereffective|p1b: Ogerpon\n|-damage|p1a: Luxray|24\/100\n|-damage|p1b: Ogerpon|61\/100\n|\n|-weather|SunnyDay|[upkeep]\n|upkeep\n|turn|15\n|\n|t:|1700339580\n|-end|p2b: Flutter Mane|Protosynthesis|[silent]\n|switch|p2b: Incineroar|Incineroar, M|100\/100\n|-ability|p2b: Incineroar|Intimidate|boost\n|-unboost|p1a: Luxray|atk|1\n|-unboost|p1b: Ogerpon|atk|1\n|-ability|p1b: Ogerpon|Defiant|boost\n|-boost|p1b: Ogerpon|atk|2\n|switch|p2a: Arcanine|Arcanine-Hisui, M|100\/100\n|-ability|p2a: Arcanine|Intimidate|boost\n|-unboost|p1a: Luxray|atk|1\n|-unboost|p1b: Ogerpon|atk|1\n|-ability|p1b: Ogerpon|Defiant|boost\n|-boost|p1b: Ogerpon|atk|2\n|move|p1b: Ogerpon|Ivy Cudgel|p2b: Incineroar\n|-resisted|p2b: Incineroar\n|-damage|p2b: Incineroar|64\/100\n|move|p1a: Luxray|Volt Switch|p2a: Arcanine\n|-damage|p2a: Arcanine|73\/100\n|\n|t:|1700339596\n|switch|p1a: Lucario|Lucario-Mega, M|42\/100|[from] Volt Switch\n|\n|-weather|SunnyDay|[upkeep]\n|upkeep\n|turn|16\n|\n|t:|1700339601\n|move|p1a: Lucario|Protect|p1a: Lucario\n|-singleturn|p1a: Lucario|Protect\n|move|p1b: Ogerpon|Spiky Shield|p1b: Ogerpon\n|-singleturn|p1b: Ogerpon|move: Protect\n|move|p2b: Incineroar|Fake Out|p1b: Ogerpon\n|-activate|p1b: Ogerpon|move: Protect\n|-damage|p2b: Incineroar|52\/100|[from] Spiky Shield|[of] p1b: Ogerpon\n|move|p2a: Arcanine|Extreme Speed|p1b: Ogerpon\n|-activate|p1b: Ogerpon|move: Protect\n|-damage|p2a: Arcanine|61\/100|[from] Spiky Shield|[of] p1b: Ogerpon\n|\n|-weather|none\n|upkeep\n|turn|17\n|inactive|El Ryuk456 has 120 seconds left.\n|\n|t:|1700339633\n|switch|p2b: Torkoal|Torkoal, F|34\/100\n|-weather|SunnyDay|[from] ability: Drought|[of] p2b: Torkoal\n|move|p2a: Arcanine|Extreme Speed|p1b: Ogerpon\n|-damage|p1b: Ogerpon|29\/100\n|-enditem|p1b: Ogerpon|Sitrus Berry|[eat]\n|-heal|p1b: Ogerpon|54\/100|[from] item: Sitrus Berry\n|move|p1b: Ogerpon|Follow Me|p1b: Ogerpon\n|-singleturn|p1b: Ogerpon|move: Follow Me\n|move|p1a: Lucario|Aura Sphere|p2a: Arcanine\n|-supereffective|p2a: Arcanine\n|-damage|p2a: Arcanine|0 fnt\n|faint|p2a: Arcanine\n|\n|-weather|SunnyDay|[upkeep]\n|upkeep\n|\n|t:|1700339648\n|switch|p2a: Flutter Mane|Flutter Mane|81\/100\n|-activate|p2a: Flutter Mane|ability: Protosynthesis\n|-start|p2a: Flutter Mane|protosynthesisspe\n|turn|18\n|\n|t:|1700339658\n|switch|p2b: Incineroar|Incineroar, M|52\/100\n|-ability|p2b: Incineroar|Intimidate|boost\n|-unboost|p1a: Lucario|atk|1\n|-unboost|p1b: Ogerpon|atk|1\n|-ability|p1b: Ogerpon|Defiant|boost\n|-boost|p1b: Ogerpon|atk|2\n|move|p1a: Lucario|Protect|p1a: Lucario\n|-singleturn|p1a: Lucario|Protect\n|move|p2a: Flutter Mane|Dazzling Gleam|p1a: Lucario|[spread] p1b\n|-activate|p1a: Lucario|move: Protect\n|-damage|p1b: Ogerpon|12\/100\n|move|p1b: Ogerpon|Ivy Cudgel|p2a: Flutter Mane\n|-damage|p2a: Flutter Mane|0 fnt\n|faint|p2a: Flutter Mane\n|-end|p2a: Flutter Mane|Protosynthesis|[silent]\n|\n|-weather|SunnyDay|[upkeep]\n|upkeep\n|\n|t:|1700339674\n|switch|p2a: Venusaur|Venusaur, M, tera:Fire|18\/100\n|turn|19\n|\n|t:|1700339683\n|switch|p1a: Luxray|Luxray, M|24\/100\n|-ability|p1a: Luxray|Intimidate|boost\n|-unboost|p2a: Venusaur|atk|1\n|-unboost|p2b: Incineroar|atk|1\n|move|p1b: Ogerpon|Spiky Shield|p1b: Ogerpon\n|-singleturn|p1b: Ogerpon|move: Protect\n|move|p2a: Venusaur|Weather Ball|p1b: Ogerpon\n|-activate|p1b: Ogerpon|move: Protect\n|move|p2b: Incineroar|Flare Blitz|p1a: Luxray\n|-damage|p1a: Luxray|0 fnt\n|faint|p1a: Luxray\n|-damage|p2b: Incineroar|45\/100|[from] Recoil\n|-enditem|p2b: Incineroar|Sitrus Berry|[eat]\n|-heal|p2b: Incineroar|70\/100|[from] item: Sitrus Berry\n|\n|-weather|SunnyDay|[upkeep]\n|upkeep\n|\n|t:|1700339693\n|switch|p1a: Lucario|Lucario-Mega, M|42\/100\n|turn|20\n|\n|t:|1700339712\n|switch|p2b: Torkoal|Torkoal, F|34\/100\n|move|p1a: Lucario|Vacuum Wave|p2a: Venusaur\n|-crit|p2a: Venusaur\n|-damage|p2a: Venusaur|0 fnt\n|faint|p2a: Venusaur\n|move|p1b: Ogerpon|Ivy Cudgel|p2b: Torkoal\n|-resisted|p2b: Torkoal\n|-damage|p2b: Torkoal|5\/100\n|\n|-weather|SunnyDay|[upkeep]\n|upkeep\n|\n|t:|1700339715\n|switch|p2a: Incineroar|Incineroar, M|70\/100\n|-ability|p2a: Incineroar|Intimidate|boost\n|-unboost|p1a: Lucario|atk|1\n|-unboost|p1b: Ogerpon|atk|1\n|-ability|p1b: Ogerpon|Defiant|boost\n|-boost|p1b: Ogerpon|atk|2\n|turn|21\n|\n|t:|1700339727\n|move|p1a: Lucario|Protect|p1a: Lucario\n|-singleturn|p1a: Lucario|Protect\n|move|p1b: Ogerpon|Spiky Shield|p1b: Ogerpon\n|-singleturn|p1b: Ogerpon|move: Protect\n|move|p2a: Incineroar|Fake Out|p1a: Lucario\n|-activate|p1a: Lucario|move: Protect\n|move|p2b: Torkoal|Burning Jealousy|p1a: Lucario|[spread] \n|-activate|p1a: Lucario|move: Protect\n|-activate|p1b: Ogerpon|move: Protect\n|\n|-weather|SunnyDay|[upkeep]\n|upkeep\n|turn|22\n|\n|t:|1700339743\n|move|p1a: Lucario|Aura Sphere|p2a: Incineroar\n|-supereffective|p2a: Incineroar\n|-damage|p2a: Incineroar|0 fnt\n|faint|p2a: Incineroar\n|move|p1b: Ogerpon|Ivy Cudgel|p2b: Torkoal\n|-resisted|p2b: Torkoal\n|-damage|p2b: Torkoal|0 fnt\n|faint|p2b: Torkoal\n|\n|win|El Ryuk456\n|raw|El Ryuk456's rating: 1322 &rarr; <strong>1339<\/strong><br \/>(+17 for winning)\n|raw|sussyspongers's rating: 1271 &rarr; <strong>1250<\/strong><br \/>(-21 for losing)\n|c|\u2606El Ryuk456|gg\n|l|\u2606sussyspongers\n","uploadtime":1700339756,"views":11,"p1id":"elryuk456","p2id":"sussyspongers","formatid":"gen9nationaldexdoubles","rating":1250,"private":0,"password":""}