{"id":"gen9nationaldexdoubles-1956908720","p1":"Forever1507","p2":"Unclosetedrock","format":"[Gen 9] National Dex Doubles","log":"|j|\u2606Forever1507\n|j|\u2606Unclosetedrock\n|t:|1696168713\n|gametype|doubles\n|player|p1|Forever1507|266|1347\n|player|p2|Unclosetedrock|170|1277\n|teamsize|p1|6\n|teamsize|p2|6\n|gen|9\n|tier|[Gen 9] National Dex Doubles\n|rated|\n|rule|HP Percentage Mod: HP is shown in percentages\n|rule|Endless Battle Clause: Forcing endless battles is banned\n|rule|OHKO Clause: OHKO moves are banned\n|rule|Evasion Moves Clause: Evasion moves are banned\n|rule|Evasion Abilities Clause: Evasion abilities are banned\n|rule|Species Clause: Limit one of each Pok\u00e9mon\n|rule|Gravity Sleep Clause: The combination of sleep-inducing moves with imperfect accuracy and Gravity or Gigantamax Orbeetle are banned\n|clearpoke\n|poke|p1|Tornadus, M|\n|poke|p1|Torkoal, F|\n|poke|p1|Pelipper, F|\n|poke|p1|Walking Wake|\n|poke|p1|Swampert, F|\n|poke|p1|Flutter Mane|\n|poke|p2|Sinistcha-Masterpiece|\n|poke|p2|Dipplin, F|\n|poke|p2|Ferrothorn, F|\n|poke|p2|Torterra, M|\n|poke|p2|Arboliva, M|\n|poke|p2|Ogerpon-Hearthflame, F|\n|teampreview\n|inactive|Battle timer is ON: inactive players will automatically lose when time's up. (requested by Unclosetedrock)\n|\n|t:|1696168733\n|start\n|switch|p1a: Tornadus|Tornadus, M|100\/100\n|switch|p1b: Walking Wake|Walking Wake|100\/100\n|switch|p2a: Arboliva|Arboliva, M|100\/100\n|switch|p2b: Ogerpon|Ogerpon-Hearthflame, F|100\/100\n|-ability|p2b: Ogerpon|Mold Breaker\n|-enditem|p1b: Walking Wake|Booster Energy\n|-activate|p1b: Walking Wake|ability: Protosynthesis|[fromitem]\n|-start|p1b: Walking Wake|protosynthesisspe\n|turn|1\n|\n|t:|1696168758\n|move|p2b: Ogerpon|Spiky Shield|p2b: Ogerpon\n|-singleturn|p2b: Ogerpon|move: Protect\n|move|p1b: Walking Wake|Hydro Steam|p2b: Ogerpon\n|-activate|p2b: Ogerpon|move: Protect\n|move|p1a: Tornadus|Bleakwind Storm|p2b: Ogerpon|[spread] p2a\n|-activate|p2b: Ogerpon|move: Protect\n|-supereffective|p2a: Arboliva\n|-damage|p2a: Arboliva|59\/100\n|-fieldstart|move: Grassy Terrain|[from] ability: Seed Sower|[of] p2a: Arboliva\n|-enditem|p2a: Arboliva|Grassy Seed\n|-boost|p2a: Arboliva|def|1|[from] item: Grassy Seed\n|move|p2a: Arboliva|Sunny Day|p2a: Arboliva\n|-weather|SunnyDay\n|\n|-weather|SunnyDay|[upkeep]\n|-heal|p2a: Arboliva|65\/100|[from] Grassy Terrain\n|upkeep\n|turn|2\n|inactive|Unclosetedrock has 120 seconds left.\n|\n|t:|1696168789\n|switch|p2b: Dipplin|Dipplin, F|100\/100\n|-ability|p2b: Dipplin|Supersweet Syrup\n|-ability|p2b: Dipplin|Supersweet Syrup|boost\n|-unboost|p1a: Tornadus|evasion|1\n|-unboost|p1b: Walking Wake|evasion|1\n|move|p1a: Tornadus|Rain Dance|p1a: Tornadus\n|-weather|RainDance\n|move|p1b: Walking Wake|Hydro Steam|p2b: Dipplin\n|-resisted|p2b: Dipplin\n|-damage|p2b: Dipplin|89\/100\n|move|p2a: Arboliva|Solar Beam||[still]\n|-prepare|p2a: Arboliva|Solar Beam\n|\n|-weather|RainDance|[upkeep]\n|-heal|p2b: Dipplin|95\/100|[from] Grassy Terrain\n|-heal|p2a: Arboliva|71\/100|[from] Grassy Terrain\n|upkeep\n|turn|3\n|\n|t:|1696168812\n|move|p1b: Walking Wake|Dragon Pulse|p2b: Dipplin\n|-supereffective|p2b: Dipplin\n|-damage|p2b: Dipplin|25\/100\n|move|p1a: Tornadus|Bleakwind Storm|p2b: Dipplin|[spread] p2a,p2b\n|-supereffective|p2a: Arboliva\n|-supereffective|p2b: Dipplin\n|-damage|p2a: Arboliva|30\/100\n|-damage|p2b: Dipplin|0 fnt\n|faint|p2b: Dipplin\n|move|p2a: Arboliva|Solar Beam|p1b: Walking Wake|[from]lockedmove\n|-damage|p1b: Walking Wake|65\/100\n|\n|-weather|RainDance|[upkeep]\n|-heal|p1b: Walking Wake|72\/100|[from] Grassy Terrain\n|-heal|p2a: Arboliva|36\/100|[from] Grassy Terrain\n|upkeep\n|inactive|Unclosetedrock has 120 seconds left.\n|\n|t:|1696168840\n|switch|p2b: Ogerpon|Ogerpon-Hearthflame, F|100\/100\n|-ability|p2b: Ogerpon|Mold Breaker\n|turn|4\n|inactive|Unclosetedrock has 120 seconds left.\n|\n|t:|1696168875\n|-terastallize|p2b: Ogerpon|Fire\n|detailschange|p2b: Ogerpon|Ogerpon-Hearthflame-Tera, F, tera:Fire\n|-ability|p2b: Ogerpon|Embody Aspect (Hearthflame)|boost\n|-boost|p2b: Ogerpon|atk|1\n|move|p1b: Walking Wake|Hydro Steam|p2b: Ogerpon\n|-supereffective|p2b: Ogerpon\n|-damage|p2b: Ogerpon|0 fnt\n|faint|p2b: Ogerpon\n|move|p1a: Tornadus|Bleakwind Storm|p2a: Arboliva\n|-supereffective|p2a: Arboliva\n|-damage|p2a: Arboliva|0 fnt\n|faint|p2a: Arboliva\n|\n|-weather|RainDance|[upkeep]\n|-heal|p1b: Walking Wake|78\/100|[from] Grassy Terrain\n|upkeep\n|inactive|Unclosetedrock has 90 seconds left.\n|\n|t:|1696168889\n|switch|p2b: Ferrothorn|Ferrothorn, F|100\/100\n|switch|p2a: Sinistcha|Sinistcha-Masterpiece|100\/100\n|turn|5\n|\n|t:|1696168906\n|move|p2b: Ferrothorn|Protect|p2b: Ferrothorn\n|-singleturn|p2b: Ferrothorn|Protect\n|move|p1a: Tornadus|Sunny Day|p1a: Tornadus\n|-weather|SunnyDay\n|move|p1b: Walking Wake|Flamethrower|p2a: Sinistcha\n|-supereffective|p2a: Sinistcha\n|-damage|p2a: Sinistcha|0 fnt\n|faint|p2a: Sinistcha\n|\n|-weather|SunnyDay|[upkeep]\n|-heal|p1b: Walking Wake|84\/100|[from] Grassy Terrain\n|-fieldend|move: Grassy Terrain\n|upkeep\n|\n|t:|1696168915\n|switch|p2a: Torterra|Torterra, M|100\/100\n|turn|6\n|\n|t:|1696168928\n|move|p1b: Walking Wake|Flamethrower|p2b: Ferrothorn\n|-supereffective|p2b: Ferrothorn\n|-damage|p2b: Ferrothorn|0 fnt\n|faint|p2b: Ferrothorn\n|move|p1a: Tornadus|Bleakwind Storm|p2a: Torterra\n|-supereffective|p2a: Torterra\n|-damage|p2a: Torterra|21\/100\n|move|p2a: Torterra|Grassy Terrain|p2a: Torterra\n|-fieldstart|move: Grassy Terrain\n|-enditem|p2a: Torterra|Grassy Seed\n|-boost|p2a: Torterra|def|1|[from] item: Grassy Seed\n|\n|-weather|SunnyDay|[upkeep]\n|-heal|p1b: Walking Wake|90\/100|[from] Grassy Terrain\n|-heal|p2a: Torterra|27\/100|[from] Grassy Terrain\n|upkeep\n|turn|7\n|\n|t:|1696168950\n|move|p1b: Walking Wake|Draco Meteor|p2a: Torterra\n|-damage|p2a: Torterra|0 fnt\n|-unboost|p1b: Walking Wake|spa|2\n|faint|p2a: Torterra\n|\n|win|Forever1507\n|raw|Forever1507's rating: 1347 &rarr; <strong>1363<\/strong><br \/>(+16 for winning)\n|raw|Unclosetedrock's rating: 1277 &rarr; <strong>1257<\/strong><br \/>(-20 for losing)\n|l|\u2606Unclosetedrock\n","uploadtime":1696168966,"views":6,"p1id":"forever1507","p2id":"unclosetedrock","formatid":"gen9nationaldexdoubles","rating":1257,"private":0,"password":""}