{"id":"gen9nationaldexdoubles-1969841571","p1":"DaBug Guy","p2":"Nkti hf","format":"[Gen 9] National Dex Doubles","log":"|j|\u2606DaBug Guy\n|j|\u2606Nkti hf\n|t:|1697569521\n|gametype|doubles\n|player|p1|DaBug Guy|bugcatcher-gen4dp|1093\n|player|p2|Nkti hf|lucas|1186\n|teamsize|p1|6\n|teamsize|p2|6\n|gen|9\n|tier|[Gen 9] National Dex Doubles\n|rated|\n|rule|HP Percentage Mod: HP is shown in percentages\n|rule|Endless Battle Clause: Forcing endless battles is banned\n|rule|OHKO Clause: OHKO moves are banned\n|rule|Evasion Moves Clause: Evasion moves are banned\n|rule|Evasion Abilities Clause: Evasion abilities are banned\n|rule|Species Clause: Limit one of each Pok\u00e9mon\n|rule|Gravity Sleep Clause: The combination of sleep-inducing moves with imperfect accuracy and Gravity or Gigantamax Orbeetle are banned\n|clearpoke\n|poke|p1|Eevee, F|\n|poke|p1|Cloyster, F|\n|poke|p1|Snorlax, F|\n|poke|p1|Clefairy, M|\n|poke|p1|Clefable, F|\n|poke|p1|Scyther, F|\n|poke|p2|Indeedee, M|\n|poke|p2|Deoxys-Attack|\n|poke|p2|Typhlosion, M|\n|poke|p2|Kartana|\n|poke|p2|Murkrow, F|\n|poke|p2|Shuckle, M|\n|teampreview\n|inactive|Battle timer is ON: inactive players will automatically lose when time's up. (requested by Nkti hf)\n|\n|t:|1697569528\n|start\n|switch|p1a: Eevee|Eevee, F|100\/100\n|switch|p1b: Clefairy|Clefairy, M|100\/100\n|switch|p2a: Murkrow|Murkrow, F|100\/100\n|switch|p2b: Shuckle|Shuckle, M|100\/100\n|turn|1\n|\n|t:|1697569536\n|move|p1b: Clefairy|Follow Me|p1b: Clefairy\n|-singleturn|p1b: Clefairy|move: Follow Me\n|move|p2a: Murkrow|Perish Song|p2a: Murkrow\n|-start|p1a: Eevee|perish3|[silent]\n|-start|p1b: Clefairy|perish3|[silent]\n|-start|p2a: Murkrow|perish3|[silent]\n|-start|p2b: Shuckle|perish3|[silent]\n|-fieldactivate|move: Perish Song\n|move|p1a: Eevee|Substitute|p1a: Eevee\n|-start|p1a: Eevee|Substitute\n|-damage|p1a: Eevee|76\/100\n|move|p2b: Shuckle|Sticky Web|p1b: Clefairy\n|-sidestart|p1: DaBug Guy|move: Sticky Web\n|\n|-start|p2a: Murkrow|perish3\n|-start|p1a: Eevee|perish3\n|-start|p1b: Clefairy|perish3\n|-start|p2b: Shuckle|perish3\n|upkeep\n|turn|2\n|\n|t:|1697569559\n|switch|p1a: Cloyster|Cloyster, F|100\/100\n|-activate|p1a: Cloyster|move: Sticky Web\n|-unboost|p1a: Cloyster|spe|1\n|move|p1b: Clefairy|Follow Me|p1b: Clefairy\n|-singleturn|p1b: Clefairy|move: Follow Me\n|move|p2a: Murkrow|Tailwind|p2a: Murkrow\n|-sidestart|p2: Nkti hf|move: Tailwind\n|move|p2b: Shuckle|Stealth Rock|p1a: Cloyster\n|-sidestart|p1: DaBug Guy|move: Stealth Rock\n|\n|-start|p2a: Murkrow|perish2\n|-start|p1b: Clefairy|perish2\n|-start|p2b: Shuckle|perish2\n|upkeep\n|turn|3\n|\n|t:|1697569571\n|move|p1b: Clefairy|Follow Me|p1b: Clefairy\n|-singleturn|p1b: Clefairy|move: Follow Me\n|move|p2a: Murkrow|Taunt|p1b: Clefairy\n|-start|p1b: Clefairy|move: Taunt\n|move|p1a: Cloyster|Shell Smash|p1a: Cloyster\n|-unboost|p1a: Cloyster|def|1\n|-unboost|p1a: Cloyster|spd|1\n|-boost|p1a: Cloyster|atk|2\n|-boost|p1a: Cloyster|spa|2\n|-boost|p1a: Cloyster|spe|2\n|move|p2b: Shuckle|Toxic|p1b: Clefairy\n|-status|p1b: Clefairy|tox\n|\n|-start|p2a: Murkrow|perish1\n|-start|p1b: Clefairy|perish1\n|-start|p2b: Shuckle|perish1\n|upkeep\n|turn|4\n|\n|t:|1697569590\n|switch|p1b: Clefable|Clefable, F|100\/100\n|-activate|p1b: Clefable|move: Sticky Web\n|-unboost|p1b: Clefable|spe|1\n|move|p2a: Murkrow|Haze|p2a: Murkrow\n|-clearallboost\n|move|p1a: Cloyster|Icicle Spear|p2a: Murkrow\n|-supereffective|p2a: Murkrow\n|-damage|p2a: Murkrow|71\/100\n|-supereffective|p2a: Murkrow\n|-damage|p2a: Murkrow|39\/100\n|-supereffective|p2a: Murkrow\n|-damage|p2a: Murkrow|8\/100\n|-supereffective|p2a: Murkrow\n|-crit|p2a: Murkrow\n|-damage|p2a: Murkrow|0 fnt\n|faint|p2a: Murkrow\n|-hitcount|p2: Murkrow|4\n|move|p2b: Shuckle|Power Split|p1a: Cloyster\n|-activate|p2b: Shuckle|move: Power Split|[of] p1a: Cloyster\n|\n|-start|p2b: Shuckle|perish0\n|faint|p2b: Shuckle\n|upkeep\n|inactive|Nkti hf has 120 seconds left.\n|\n|t:|1697569621\n|switch|p2a: Kartana|Kartana|100\/100\n|switch|p2b: Indeedee|Indeedee, M|100\/100\n|-fieldstart|move: Psychic Terrain|[from] ability: Psychic Surge|[of] p2b: Indeedee\n|turn|5\n|\n|t:|1697569631\n|-terastallize|p2b: Indeedee|Psychic\n|move|p1b: Clefable|Follow Me|p1b: Clefable\n|-singleturn|p1b: Clefable|move: Follow Me\n|move|p2a: Kartana|Smart Strike|p1b: Clefable\n|-supereffective|p1b: Clefable\n|-damage|p1b: Clefable|27\/100\n|move|p2b: Indeedee|Expanding Force|p1b: Clefable|[spread] p1a,p1b\n|-enditem|p1a: Cloyster|Focus Sash\n|-damage|p1a: Cloyster|1\/100\n|-damage|p1b: Clefable|0 fnt\n|faint|p1b: Clefable\n|move|p1a: Cloyster|Shell Smash|p1a: Cloyster\n|-unboost|p1a: Cloyster|def|1\n|-unboost|p1a: Cloyster|spd|1\n|-boost|p1a: Cloyster|atk|2\n|-boost|p1a: Cloyster|spa|2\n|-boost|p1a: Cloyster|spe|2\n|\n|-sideend|p2: Nkti hf|move: Tailwind\n|upkeep\n|\n|t:|1697569650\n|switch|p1b: Clefairy|Clefairy, M|100\/100 tox\n|-activate|p1b: Clefairy|move: Sticky Web\n|-unboost|p1b: Clefairy|spe|1\n|turn|6\n|\n|t:|1697569659\n|move|p1b: Clefairy|Follow Me|p1b: Clefairy\n|-singleturn|p1b: Clefairy|move: Follow Me\n|move|p1a: Cloyster|Icicle Spear|p2b: Indeedee\n|-damage|p2b: Indeedee|74\/100\n|-damage|p2b: Indeedee|47\/100\n|-damage|p2b: Indeedee|19\/100\n|-damage|p2b: Indeedee|0 fnt\n|faint|p2b: Indeedee\n|-hitcount|p2: Indeedee|4\n|move|p2a: Kartana|Smart Strike|p1b: Clefairy\n|-supereffective|p1b: Clefairy\n|-damage|p1b: Clefairy|0 fnt\n|faint|p1b: Clefairy\n|-ability|p2a: Kartana|Beast Boost|boost\n|-boost|p2a: Kartana|atk|1\n|\n|upkeep\n|\n|t:|1697569687\n|switch|p2b: Typhlosion|Typhlosion, M|100\/100\n|switch|p1b: Scyther|Scyther, F|100\/100\n|-damage|p1b: Scyther|51\/100|[from] Stealth Rock\n|turn|7\n|\n|t:|1697569707\n|move|p2b: Typhlosion|Seismic Toss|p1b: Scyther\n|-damage|p1b: Scyther|15\/100\n|move|p1a: Cloyster|Icicle Spear|p2a: Kartana\n|-damage|p2a: Kartana|87\/100\n|-damage|p2a: Kartana|74\/100\n|-damage|p2a: Kartana|62\/100\n|-damage|p2a: Kartana|50\/100\n|-damage|p2a: Kartana|38\/100\n|-hitcount|p2a: Kartana|5\n|move|p2a: Kartana|Smart Strike|p1a: Cloyster\n|-damage|p1a: Cloyster|0 fnt\n|faint|p1a: Cloyster\n|-ability|p2a: Kartana|Beast Boost|boost\n|-boost|p2a: Kartana|atk|1\n|move|p1b: Scyther|Dual Wingbeat|p2b: Typhlosion\n|-damage|p2b: Typhlosion|40\/100\n|-damage|p2b: Typhlosion|0 fnt\n|faint|p2b: Typhlosion\n|-hitcount|p2: Typhlosion|2\n|\n|upkeep\n|inactive|DaBug Guy has 120 seconds left.\n|\n|t:|1697569740\n|switch|p2b: Deoxys|Deoxys-Attack|100\/100\n|switch|p1a: Eevee|Eevee, F|76\/100\n|-ability|p2b: Deoxys|Pressure\n|-activate|p1a: Eevee|move: Sticky Web\n|-unboost|p1a: Eevee|spe|1\n|-damage|p1a: Eevee|63\/100|[from] Stealth Rock\n|turn|8\n|\n|t:|1697569748\n|move|p2a: Kartana|Smart Strike|p1b: Scyther\n|-damage|p1b: Scyther|0 fnt\n|faint|p1b: Scyther\n|-ability|p2a: Kartana|Beast Boost|boost\n|-boost|p2a: Kartana|atk|1\n|move|p2b: Deoxys|Psyshock|p1a: Eevee\n|-damage|p1a: Eevee|0 fnt\n|faint|p1a: Eevee\n|\n|upkeep\n|\n|t:|1697569756\n|switch|p1b: Snorlax|Snorlax, F|100\/100\n|-activate|p1b: Snorlax|move: Sticky Web\n|-unboost|p1b: Snorlax|spe|1\n|-damage|p1b: Snorlax|88\/100|[from] Stealth Rock\n|turn|9\n|\n|t:|1697569760\n|move|p2a: Kartana|Smart Strike|p1b: Snorlax\n|-damage|p1b: Snorlax|0 fnt\n|faint|p1b: Snorlax\n|\n|win|Nkti hf\n|raw|DaBug Guy's rating: 1093 &rarr; <strong>1075<\/strong><br \/>(-18 for losing)\n|raw|Nkti hf's rating: 1186 &rarr; <strong>1204<\/strong><br \/>(+18 for winning)\n","uploadtime":1697569764,"views":12,"p1id":"dabugguy","p2id":"nktihf","formatid":"gen9nationaldexdoubles","rating":1075,"private":0,"password":""}