{"id":"gen9nationaldexdoubles-1963168392","p1":"MIMIROPU CHAN","p2":"dashenye","format":"[Gen 9] National Dex Doubles","log":"|j|\u2606MIMIROPU CHAN\n|j|\u2606dashenye\n|t:|1696836897\n|gametype|doubles\n|player|p1|MIMIROPU CHAN|cynthia-gen7|1166\n|player|p2|dashenye|170|1264\n|teamsize|p1|6\n|teamsize|p2|6\n|gen|9\n|tier|[Gen 9] National Dex Doubles\n|rated|\n|rule|HP Percentage Mod: HP is shown in percentages\n|rule|Endless Battle Clause: Forcing endless battles is banned\n|rule|OHKO Clause: OHKO moves are banned\n|rule|Evasion Moves Clause: Evasion moves are banned\n|rule|Evasion Abilities Clause: Evasion abilities are banned\n|rule|Species Clause: Limit one of each Pok\u00e9mon\n|rule|Gravity Sleep Clause: The combination of sleep-inducing moves with imperfect accuracy and Gravity or Gigantamax Orbeetle are banned\n|clearpoke\n|poke|p1|Dudunsparce-*, F|\n|poke|p1|Maushold-Four|\n|poke|p1|Murkrow, F|\n|poke|p1|Gardevoir, F|\n|poke|p1|Flamigo, F|\n|poke|p1|Meowscarada, F|\n|poke|p2|Armarouge, F|\n|poke|p2|Indeedee-F, F|\n|poke|p2|Greninja-*, F|\n|poke|p2|Iron Hands|\n|poke|p2|Ursaluna-Bloodmoon, M|\n|poke|p2|Cresselia, F|\n|teampreview\n|\n|t:|1696836931\n|start\n|switch|p1a: Dudunsparce|Dudunsparce-Three-Segment, F, shiny|100\/100\n|switch|p1b: Maushold|Maushold-Four, shiny|100\/100\n|switch|p2a: Armarouge|Armarouge, F, shiny|100\/100\n|switch|p2b: Greninja|Greninja, F, shiny|100\/100\n|turn|1\n|\n|t:|1696836952\n|-terastallize|p2a: Armarouge|Grass\n|-terastallize|p1a: Dudunsparce|Psychic\n|move|p2b: Greninja|U-turn|p2a: Armarouge\n|-supereffective|p2a: Armarouge\n|-damage|p2a: Armarouge|68\/100\n|-ability|p2a: Armarouge|Weak Armor|boost\n|-unboost|p2a: Armarouge|def|1\n|-boost|p2a: Armarouge|spe|2\n|-enditem|p2a: Armarouge|Weakness Policy\n|-boost|p2a: Armarouge|atk|2|[from] item: Weakness Policy\n|-boost|p2a: Armarouge|spa|2|[from] item: Weakness Policy\n|\n|t:|1696836962\n|switch|p2b: Indeedee|Indeedee-F, F, shiny|100\/100|[from] U-turn\n|-fieldstart|move: Psychic Terrain|[from] ability: Psychic Surge|[of] p2b: Indeedee\n|move|p2a: Armarouge|Expanding Force|p1b: Maushold|[spread] p1a,p1b\n|-resisted|p1a: Dudunsparce\n|-crit|p1b: Maushold\n|-damage|p1a: Dudunsparce|53\/100\n|-enditem|p1b: Maushold|Focus Sash\n|-damage|p1b: Maushold|1\/100\n|move|p1b: Maushold|Beat Up|p1a: Dudunsparce\n|-supereffective|p1a: Dudunsparce\n|-damage|p1a: Dudunsparce|51\/100\n|-ability|p1a: Dudunsparce|Rattled|boost\n|-boost|p1a: Dudunsparce|spe|1\n|-enditem|p1a: Dudunsparce|Weakness Policy\n|-boost|p1a: Dudunsparce|atk|2|[from] item: Weakness Policy\n|-boost|p1a: Dudunsparce|spa|2|[from] item: Weakness Policy\n|-supereffective|p1a: Dudunsparce\n|-damage|p1a: Dudunsparce|49\/100\n|-ability|p1a: Dudunsparce|Rattled|boost\n|-boost|p1a: Dudunsparce|spe|1\n|-supereffective|p1a: Dudunsparce\n|-damage|p1a: Dudunsparce|47\/100\n|-ability|p1a: Dudunsparce|Rattled|boost\n|-boost|p1a: Dudunsparce|spe|1\n|-supereffective|p1a: Dudunsparce\n|-damage|p1a: Dudunsparce|45\/100\n|-ability|p1a: Dudunsparce|Rattled|boost\n|-boost|p1a: Dudunsparce|spe|1\n|-supereffective|p1a: Dudunsparce\n|-damage|p1a: Dudunsparce|42\/100\n|-ability|p1a: Dudunsparce|Rattled|boost\n|-boost|p1a: Dudunsparce|spe|1\n|-supereffective|p1a: Dudunsparce\n|-damage|p1a: Dudunsparce|39\/100\n|-ability|p1a: Dudunsparce|Rattled|boost\n|-boost|p1a: Dudunsparce|spe|1\n|-hitcount|p1a: Dudunsparce|6\n|move|p1a: Dudunsparce|Coil|p1a: Dudunsparce\n|-boost|p1a: Dudunsparce|atk|1\n|-boost|p1a: Dudunsparce|def|1\n|-boost|p1a: Dudunsparce|accuracy|1\n|\n|upkeep\n|turn|2\n|\n|t:|1696837015\n|move|p1b: Maushold|Follow Me|p1b: Maushold\n|-singleturn|p1b: Maushold|move: Follow Me\n|move|p2b: Indeedee|Follow Me|p2b: Indeedee\n|-singleturn|p2b: Indeedee|move: Follow Me\n|move|p1a: Dudunsparce|Baton Pass|p1a: Dudunsparce\n|\n|t:|1696837022\n|switch|p1a: Gardevoir|Gardevoir, F, shiny|100\/100|[from] Baton Pass\n|-ability|p1a: Gardevoir|Psychic Surge|[from] ability: Trace|[of] p2b: Indeedee\n|move|p2a: Armarouge|Expanding Force|p1b: Maushold|[spread] p1a,p1b\n|-resisted|p1a: Gardevoir\n|-crit|p1b: Maushold\n|-damage|p1a: Gardevoir|49\/100\n|-damage|p1b: Maushold|0 fnt\n|faint|p1b: Maushold\n|\n|upkeep\n|\n|t:|1696837031\n|switch|p1b: Flamigo|Flamigo, F|100\/100\n|-copyboost|p1b: Flamigo|p1a: Gardevoir|[from] ability: Costar\n|turn|3\n|\n|t:|1696837052\n|detailschange|p1a: Gardevoir|Gardevoir-Mega, F, shiny\n|-mega|p1a: Gardevoir|Gardevoir|Gardevoirite\n|move|p2b: Indeedee|Helping Hand|p2a: Armarouge\n|-singleturn|p2a: Armarouge|Helping Hand|[of] p2b: Indeedee\n|move|p1a: Gardevoir|Hyper Voice|p2a: Armarouge|[spread] p2a,p2b\n|-damage|p2a: Armarouge|0 fnt\n|-damage|p2b: Indeedee|8\/100\n|faint|p2a: Armarouge\n|move|p1b: Flamigo|Close Combat|p2b: Indeedee\n|-damage|p2b: Indeedee|0 fnt\n|-unboost|p1b: Flamigo|def|1\n|-unboost|p1b: Flamigo|spd|1\n|-damage|p1b: Flamigo|84\/100|[from] item: Rocky Helmet|[of] p2b: Indeedee\n|faint|p2b: Indeedee\n|\n|upkeep\n|\n|t:|1696837078\n|switch|p2a: Iron Hands|Iron Hands, shiny|100\/100\n|switch|p2b: Cresselia|Cresselia, F, shiny|100\/100\n|turn|4\n|\n|t:|1696837113\n|move|p1a: Gardevoir|Stored Power|p2a: Iron Hands\n|-supereffective|p2a: Iron Hands\n|-damage|p2a: Iron Hands|0 fnt\n|faint|p2a: Iron Hands\n|-end|p2a: Iron Hands|Quark Drive|[silent]\n|move|p1b: Flamigo|Throat Chop|p2b: Cresselia\n|-supereffective|p2b: Cresselia\n|-damage|p2b: Cresselia|18\/100\n|-start|p2b: Cresselia|Throat Chop|[silent]\n|move|p2b: Cresselia|Trick Room|p2b: Cresselia\n|-fieldstart|move: Trick Room|[of] p2b: Cresselia\n|\n|upkeep\n|\n|t:|1696837124\n|switch|p2a: Ursaluna|Ursaluna-Bloodmoon, M|100\/100\n|turn|5\n|\n|t:|1696837139\n|move|p2a: Ursaluna|Blood Moon|p1a: Gardevoir\n|-damage|p1a: Gardevoir|0 fnt\n|faint|p1a: Gardevoir\n|-damage|p2a: Ursaluna|91\/100|[from] item: Life Orb\n|move|p2b: Cresselia|Lunar Blessing|p2b: Cresselia|[spread] p2a,p2b\n|-heal|p2a: Ursaluna|100\/100\n|-heal|p2b: Cresselia|43\/100\n|move|p1b: Flamigo|Close Combat|p2a: Ursaluna\n|-supereffective|p2a: Ursaluna\n|-damage|p2a: Ursaluna|0 fnt\n|-unboost|p1b: Flamigo|def|1\n|-unboost|p1b: Flamigo|spd|1\n|faint|p2a: Ursaluna\n|\n|-end|p2b: Cresselia|Throat Chop|[silent]\n|-fieldend|move: Psychic Terrain\n|upkeep\n|\n|t:|1696837156\n|switch|p2a: Greninja|Greninja, F, shiny|100\/100\n|switch|p1a: Meowscarada|Meowscarada, F, shiny|100\/100\n|turn|6\n|\n|t:|1696837173\n|move|p2b: Cresselia|Lunar Blessing|p2b: Cresselia|[spread] p2a,p2b\n|-heal|p2b: Cresselia|68\/100\n|move|p1a: Meowscarada|Skill Swap|p1b: Flamigo\n|-start|p1a: Meowscarada|typechange|Psychic|[from] ability: Protean\n|-activate|p1a: Meowscarada|move: Skill Swap|||[of] p1b: Flamigo\n|-copyboost|p1a: Meowscarada|p1b: Flamigo|[from] ability: Costar\n|move|p2a: Greninja|U-turn|p1a: Meowscarada\n|-supereffective|p1a: Meowscarada\n|-damage|p1a: Meowscarada|34\/100\n|move|p1b: Flamigo|Throat Chop|p2b: Cresselia\n|-start|p1b: Flamigo|typechange|Dark|[from] ability: Protean\n|-supereffective|p2b: Cresselia\n|-damage|p2b: Cresselia|0 fnt\n|faint|p2b: Cresselia\n|\n|upkeep\n|turn|7\n|\n|t:|1696837203\n|move|p2a: Greninja|U-turn|p1a: Meowscarada\n|-supereffective|p1a: Meowscarada\n|-damage|p1a: Meowscarada|0 fnt\n|faint|p1a: Meowscarada\n|move|p1b: Flamigo|Throat Chop|p2a: Greninja\n|-resisted|p2a: Greninja\n|-damage|p2a: Greninja|26\/100\n|-start|p2a: Greninja|Throat Chop|[silent]\n|\n|upkeep\n|\n|t:|1696837213\n|switch|p1a: Dudunsparce|Dudunsparce-Three-Segment, F, shiny, tera:Psychic|39\/100\n|turn|8\n|\n|t:|1696837221\n|move|p1a: Dudunsparce|Coil|p1a: Dudunsparce\n|-boost|p1a: Dudunsparce|atk|1\n|-boost|p1a: Dudunsparce|def|1\n|-boost|p1a: Dudunsparce|accuracy|1\n|move|p2a: Greninja|U-turn|p1a: Dudunsparce\n|-supereffective|p1a: Dudunsparce\n|-damage|p1a: Dudunsparce|28\/100\n|-ability|p1a: Dudunsparce|Rattled|boost\n|-boost|p1a: Dudunsparce|spe|1\n|move|p1b: Flamigo|Throat Chop|p2a: Greninja\n|-resisted|p2a: Greninja\n|-damage|p2a: Greninja|0 fnt\n|faint|p2a: Greninja\n|\n|win|MIMIROPU CHAN\n|raw|MIMIROPU CHAN's rating: 1166 &rarr; <strong>1198<\/strong><br \/>(+32 for winning)\n|raw|dashenye's rating: 1264 &rarr; <strong>1232<\/strong><br \/>(-32 for losing)\n|l|\u2606MIMIROPU CHAN\n","uploadtime":1696837250,"views":9,"p1id":"mimiropuchan","p2id":"dashenye","formatid":"gen9nationaldexdoubles","rating":1198,"private":0,"password":""}