{"id":"gen9nationaldexdoubles-1971394839","p1":"MarcusTalks","p2":"Degerity","format":"[Gen 9] National Dex Doubles","log":"|j|\u2606MarcusTalks\n|j|\u2606Degerity\n|t:|1697735105\n|gametype|doubles\n|player|p1|MarcusTalks|steven|1000\n|player|p2|Degerity|scientist-gen4dp|1000\n|teamsize|p1|6\n|teamsize|p2|4\n|gen|9\n|tier|[Gen 9] National Dex Doubles\n|rated|\n|rule|HP Percentage Mod: HP is shown in percentages\n|rule|Endless Battle Clause: Forcing endless battles is banned\n|rule|OHKO Clause: OHKO moves are banned\n|rule|Evasion Moves Clause: Evasion moves are banned\n|rule|Evasion Abilities Clause: Evasion abilities are banned\n|rule|Species Clause: Limit one of each Pok\u00e9mon\n|rule|Gravity Sleep Clause: The combination of sleep-inducing moves with imperfect accuracy and Gravity or Gigantamax Orbeetle are banned\n|clearpoke\n|poke|p1|Oricorio-Pom-Pom, F|\n|poke|p1|Iron Moth|\n|poke|p1|Pincurchin, M|\n|poke|p1|Ribombee, F|\n|poke|p1|Iron Bundle|\n|poke|p1|Iron Hands|\n|poke|p2|Breloom, F|\n|poke|p2|Toxapex, F|\n|poke|p2|Rillaboom, M|\n|poke|p2|Magnezone|\n|teampreview\n|c|\u2606MarcusTalks|glhf\n|c|\u2606MarcusTalks|only need 4 members?\n|c|\u2606Degerity|Oh thought 4 was the max\n|c|\u2606MarcusTalks|nope\n|c|\u2606MarcusTalks|that's VGC rules\n|c|\u2606Degerity|Glhf money's\n|\n|t:|1697735161\n|start\n|switch|p1a: Oricorio|Oricorio-Pom-Pom, F, shiny|100\/100\n|switch|p1b: Ribombee|Ribombee, F, shiny|100\/100\n|switch|p2a: Breloom|Breloom, F|100\/100\n|switch|p2b: Toxapex|Toxapex, F|100\/100\n|turn|1\n|\n|t:|1697735181\n|move|p1b: Ribombee|Quiver Dance|p1b: Ribombee\n|-boost|p1b: Ribombee|spa|1\n|-boost|p1b: Ribombee|spd|1\n|-boost|p1b: Ribombee|spe|1\n|-activate|p1a: Oricorio|ability: Dancer\n|move|p1a: Oricorio|Quiver Dance|p1a: Oricorio|[from]ability: Dancer\n|-boost|p1a: Oricorio|spa|1\n|-boost|p1a: Oricorio|spd|1\n|-boost|p1a: Oricorio|spe|1\n|move|p1a: Oricorio|Quiver Dance|p1a: Oricorio\n|-boost|p1a: Oricorio|spa|1\n|-boost|p1a: Oricorio|spd|1\n|-boost|p1a: Oricorio|spe|1\n|move|p2a: Breloom|Spore|p1a: Oricorio\n|-status|p1a: Oricorio|slp|[from] move: Spore\n|move|p2b: Toxapex|Toxic|p2a: Breloom\n|-status|p2a: Breloom|tox\n|\n|upkeep\n|turn|2\n|\n|t:|1697735218\n|switch|p1b: Pincurchin|Pincurchin, M, shiny|100\/100\n|-fieldstart|move: Electric Terrain|[from] ability: Electric Surge|[of] p1b: Pincurchin\n|cant|p1a: Oricorio|slp\n|move|p2a: Breloom|Leech Seed|p1a: Oricorio\n|-start|p1a: Oricorio|move: Leech Seed\n|move|p2b: Toxapex|Light Screen|p2b: Toxapex\n|-sidestart|p2: Degerity|move: Light Screen\n|\n|-damage|p1a: Oricorio|88\/100 slp|[from] Leech Seed|[of] p2a: Breloom\n|upkeep\n|turn|3\n|\n|t:|1697735260\n|move|p2b: Toxapex|Baneful Bunker|p2b: Toxapex\n|-singleturn|p2b: Toxapex|move: Protect\n|cant|p1a: Oricorio|slp\n|move|p2a: Breloom|Facade|p1b: Pincurchin\n|-damage|p1b: Pincurchin|67\/100\n|move|p1b: Pincurchin|Rising Voltage|p2b: Toxapex\n|-activate|p2b: Toxapex|move: Protect\n|\n|-heal|p1a: Oricorio|94\/100 slp|[from] item: Leftovers\n|-damage|p1a: Oricorio|82\/100 slp|[from] Leech Seed|[of] p2a: Breloom\n|upkeep\n|turn|4\n|\n|t:|1697735307\n|switch|p2b: Rillaboom|Rillaboom, M|100\/100\n|-fieldstart|move: Grassy Terrain|[from] ability: Grassy Surge|[of] p2b: Rillaboom\n|-enditem|p2b: Rillaboom|Grassy Seed\n|-boost|p2b: Rillaboom|def|1|[from] item: Grassy Seed\n|-curestatus|p1a: Oricorio|slp|[msg]\n|move|p1a: Oricorio|Air Slash|p2a: Breloom\n|-supereffective|p2a: Breloom\n|-damage|p2a: Breloom|0 fnt\n|faint|p2a: Breloom\n|move|p1b: Pincurchin|Rising Voltage|p2b: Rillaboom\n|-resisted|p2b: Rillaboom\n|-damage|p2b: Rillaboom|91\/100\n|\n|-heal|p1a: Oricorio|88\/100|[from] item: Leftovers\n|-heal|p2b: Rillaboom|97\/100|[from] Grassy Terrain\n|-heal|p1b: Pincurchin|73\/100|[from] Grassy Terrain\n|upkeep\n|\n|t:|1697735326\n|switch|p2a: Magnezone|Magnezone|100\/100\n|-enditem|p2a: Magnezone|Grassy Seed\n|-boost|p2a: Magnezone|def|1|[from] item: Grassy Seed\n|turn|5\n|\n|t:|1697735340\n|move|p1b: Pincurchin|Protect|p1b: Pincurchin\n|-singleturn|p1b: Pincurchin|Protect\n|move|p2b: Rillaboom|Fake Out|p1a: Oricorio\n|-damage|p1a: Oricorio|68\/100\n|cant|p1a: Oricorio|flinch\n|move|p2a: Magnezone|Body Press|p1b: Pincurchin\n|-activate|p1b: Pincurchin|move: Protect\n|\n|-heal|p1a: Oricorio|74\/100|[from] item: Leftovers\n|-heal|p2b: Rillaboom|100\/100|[from] Grassy Terrain\n|-heal|p1b: Pincurchin|79\/100|[from] Grassy Terrain\n|-damage|p1a: Oricorio|62\/100|[from] Leech Seed|[of] p2a: Magnezone\n|upkeep\n|turn|6\n|\n|t:|1697735369\n|switch|p1b: Ribombee|Ribombee, F, shiny|100\/100\n|move|p1a: Oricorio|Air Slash|p2b: Rillaboom\n|-supereffective|p2b: Rillaboom\n|-damage|p2b: Rillaboom|0 fnt\n|faint|p2b: Rillaboom\n|move|p2a: Magnezone|Body Press|p1b: Ribombee\n|-resisted|p1b: Ribombee\n|-damage|p1b: Ribombee|73\/100\n|\n|-heal|p1a: Oricorio|68\/100|[from] item: Leftovers\n|-heal|p1b: Ribombee|79\/100|[from] Grassy Terrain\n|-damage|p1a: Oricorio|55\/100|[from] Leech Seed|[of] p2a: Magnezone\n|upkeep\n|\n|t:|1697735391\n|switch|p2b: Toxapex|Toxapex, F|100\/100\n|turn|7\n|\n|t:|1697735405\n|move|p2b: Toxapex|Baneful Bunker|p2b: Toxapex\n|-singleturn|p2b: Toxapex|move: Protect\n|move|p1a: Oricorio|Quiver Dance|p1a: Oricorio\n|-boost|p1a: Oricorio|spa|1\n|-boost|p1a: Oricorio|spd|1\n|-boost|p1a: Oricorio|spe|1\n|move|p1b: Ribombee|Pollen Puff|p1a: Oricorio\n|-heal|p1a: Oricorio|100\/100\n|move|p2a: Magnezone|Thunderbolt|p1a: Oricorio\n|-damage|p1a: Oricorio|65\/100\n|\n|-heal|p1a: Oricorio|72\/100|[from] item: Leftovers\n|-heal|p1b: Ribombee|85\/100|[from] Grassy Terrain\n|-damage|p1a: Oricorio|59\/100|[from] Leech Seed|[of] p2a: Magnezone\n|upkeep\n|turn|8\n|\n|t:|1697735452\n|switch|p1b: Iron Moth|Iron Moth|100\/100\n|-item|p1b: Iron Moth|Air Balloon\n|move|p1a: Oricorio|Revelation Dance|p2b: Toxapex\n|-supereffective|p2b: Toxapex\n|-damage|p2b: Toxapex|0 fnt\n|faint|p2b: Toxapex\n|move|p2a: Magnezone|Thunderbolt|p1a: Oricorio\n|-damage|p1a: Oricorio|23\/100\n|\n|-heal|p1a: Oricorio|29\/100|[from] item: Leftovers\n|-damage|p1a: Oricorio|17\/100|[from] Leech Seed|[of] p2a: Magnezone\n|-fieldend|move: Grassy Terrain\n|upkeep\n|turn|9\n|\n|t:|1697735497\n|move|p1a: Oricorio|Air Slash|p2a: Magnezone\n|-resisted|p2a: Magnezone\n|-damage|p2a: Magnezone|81\/100\n|move|p1b: Iron Moth|Fiery Dance|p2a: Magnezone\n|-supereffective|p2a: Magnezone\n|-damage|p2a: Magnezone|4\/100\n|-boost|p1b: Iron Moth|spa|1\n|-activate|p1a: Oricorio|ability: Dancer\n|move|p1a: Oricorio|Fiery Dance|p2a: Magnezone|[from]ability: Dancer\n|-supereffective|p2a: Magnezone\n|-damage|p2a: Magnezone|0 fnt\n|faint|p2a: Magnezone\n|\n|win|MarcusTalks\n|raw|MarcusTalks's rating: 1000 &rarr; <strong>1040<\/strong><br \/>(+40 for winning)\n|raw|Degerity's rating: 1000 &rarr; <strong>1000<\/strong><br \/>(+0 for losing)\n|c|\u2606MarcusTalks|gg\n|c|\u2606MarcusTalks|sorry about that\n|c|\u2606Degerity|Gg\n|l|\u2606MarcusTalks\n|c|\u2606Degerity|You're good\n","uploadtime":1697735571,"views":9,"p1id":"marcustalks","p2id":"degerity","formatid":"gen9nationaldexdoubles","rating":1000,"private":0,"password":""}