{"id":"gen9nationaldexdoubles-1997909470","p1":"Lil barnacle Boi","p2":"EstemanACG1","format":"[Gen 9] National Dex Doubles","log":"|j|\u2606Lil barnacle Boi\n|j|\u2606EstemanACG1\n|t:|1700866317\n|gametype|doubles\n|player|p1|Lil barnacle Boi|li|1279\n|player|p2|EstemanACG1|riley|1210\n|teamsize|p1|6\n|teamsize|p2|6\n|gen|9\n|tier|[Gen 9] National Dex Doubles\n|rated|\n|rule|HP Percentage Mod: HP is shown in percentages\n|rule|Endless Battle Clause: Forcing endless battles is banned\n|rule|OHKO Clause: OHKO moves are banned\n|rule|Evasion Moves Clause: Evasion moves are banned\n|rule|Evasion Abilities Clause: Evasion abilities are banned\n|rule|Species Clause: Limit one of each Pok\u00e9mon\n|rule|Gravity Sleep Clause: The combination of sleep-inducing moves with imperfect accuracy and Gravity or Gigantamax Orbeetle are banned\n|clearpoke\n|poke|p1|Walking Wake|\n|poke|p1|Tornadus, M|\n|poke|p1|Great Tusk|\n|poke|p1|Venusaur, F|\n|poke|p1|Houndoom, M|\n|poke|p1|Torkoal, M|\n|poke|p2|Pincurchin, M|\n|poke|p2|Iron Hands|\n|poke|p2|Hatterene, F|\n|poke|p2|Dusclops, F|\n|poke|p2|Camerupt, M|\n|poke|p2|Bronzong|\n|teampreview\n|inactive|Battle timer is ON: inactive players will automatically lose when time's up. (requested by Lil barnacle Boi)\n|inactive|EstemanACG1 also wants the timer to be on.\n|\n|t:|1700866332\n|start\n|switch|p1a: Venusaur|Venusaur, F, shiny|100\/100\n|switch|p1b: Tornadus|Tornadus, M, shiny|100\/100\n|switch|p2a: Pincurchin|Pincurchin, M|100\/100\n|switch|p2b: Iron Hands|Iron Hands|100\/100\n|turn|1\n|c|\u2606EstemanACG1|a xd\n|inactive|Lil barnacle Boi has 120 seconds left.\n|\n|t:|1700866390\n|switch|p1b: Torkoal|Torkoal, M, shiny|100\/100\n|-weather|SunnyDay|[from] ability: Drought|[of] p1b: Torkoal\n|-terastallize|p1a: Venusaur|Ground\n|move|p2b: Iron Hands|Fake Out|p1b: Torkoal\n|-damage|p1b: Torkoal|93\/100\n|move|p1a: Venusaur|Growth|p1a: Venusaur\n|-boost|p1a: Venusaur|atk|2\n|-boost|p1a: Venusaur|spa|2\n|move|p2a: Pincurchin|Zing Zap|p1b: Torkoal\n|-damage|p1b: Torkoal|73\/100\n|\n|-weather|SunnyDay|[upkeep]\n|upkeep\n|turn|2\n|\n|t:|1700866407\n|move|p1a: Venusaur|Weather Ball|p2b: Iron Hands\n|-damage|p2b: Iron Hands|61\/100\n|move|p2b: Iron Hands|Ice Punch|p1a: Venusaur\n|-supereffective|p1a: Venusaur\n|-damage|p1a: Venusaur|31\/100\n|move|p1b: Torkoal|Yawn|p2a: Pincurchin\n|-start|p2a: Pincurchin|move: Yawn|[of] p1b: Torkoal\n|move|p2a: Pincurchin|Liquidation|p1a: Venusaur\n|-supereffective|p1a: Venusaur\n|-damage|p1a: Venusaur|0 fnt\n|faint|p1a: Venusaur\n|\n|-weather|SunnyDay|[upkeep]\n|upkeep\n|\n|t:|1700866422\n|switch|p1a: Walking Wake|Walking Wake|100\/100\n|-activate|p1a: Walking Wake|ability: Protosynthesis\n|-start|p1a: Walking Wake|protosynthesisspa\n|turn|3\n|inactive|Lil barnacle Boi has 120 seconds left.\n|\n|t:|1700866438\n|switch|p1b: Great Tusk|Great Tusk, shiny|100\/100\n|-activate|p1b: Great Tusk|ability: Protosynthesis\n|-start|p1b: Great Tusk|protosynthesisatk\n|switch|p2a: Hatterene|Hatterene, F|100\/100\n|move|p1a: Walking Wake|Hydro Steam|p2b: Iron Hands\n|-damage|p2b: Iron Hands|26\/100\n|move|p2b: Iron Hands|Drain Punch|p1a: Walking Wake\n|-damage|p1a: Walking Wake|58\/100\n|-heal|p2b: Iron Hands|41\/100|[from] drain|[of] p1a: Walking Wake\n|\n|-weather|SunnyDay|[upkeep]\n|upkeep\n|turn|4\n|inactive|Lil barnacle Boi has 120 seconds left.\n|\n|t:|1700866459\n|move|p1a: Walking Wake|Flip Turn|p2a: Hatterene\n|-damage|p2a: Hatterene|92\/100\n|inactive|Lil barnacle Boi has 120 seconds left.\n|\n|t:|1700866471\n|-end|p1a: Walking Wake|Protosynthesis|[silent]\n|switch|p1a: Houndoom|Houndoom, M, shiny|100\/100|[from] Flip Turn\n|move|p1b: Great Tusk|Headlong Rush|p2a: Hatterene\n|-damage|p2a: Hatterene|0 fnt\n|-unboost|p1b: Great Tusk|def|1\n|-unboost|p1b: Great Tusk|spd|1\n|faint|p2a: Hatterene\n|move|p2b: Iron Hands|Ice Punch|p1b: Great Tusk\n|-supereffective|p1b: Great Tusk\n|-damage|p1b: Great Tusk|43\/100\n|\n|-weather|SunnyDay|[upkeep]\n|upkeep\n|inactive|EstemanACG1 has 120 seconds left.\n|\n|t:|1700866503\n|switch|p2a: Camerupt|Camerupt, M|100\/100\n|turn|5\n|inactive|Lil barnacle Boi has 120 seconds left.\n|\n|t:|1700866531\n|detailschange|p1a: Houndoom|Houndoom-Mega, M, shiny\n|-mega|p1a: Houndoom|Houndoom|Houndoominite\n|detailschange|p2a: Camerupt|Camerupt-Mega, M\n|-mega|p2a: Camerupt|Camerupt|Cameruptite\n|move|p1a: Houndoom|Solar Beam||[still]\n|-prepare|p1a: Houndoom|Solar Beam\n|-anim|p1a: Houndoom|Solar Beam|p2a: Camerupt\n|-damage|p2a: Camerupt|27\/100\n|move|p1b: Great Tusk|Headlong Rush|p2b: Iron Hands\n|-supereffective|p2b: Iron Hands\n|-damage|p2b: Iron Hands|0 fnt\n|-unboost|p1b: Great Tusk|def|1\n|-unboost|p1b: Great Tusk|spd|1\n|faint|p2b: Iron Hands\n|-end|p2b: Iron Hands|Quark Drive|[silent]\n|move|p2a: Camerupt|Fire Blast|p1b: Great Tusk\n|-damage|p1b: Great Tusk|0 fnt\n|faint|p1b: Great Tusk\n|-end|p1b: Great Tusk|Protosynthesis|[silent]\n|\n|-weather|SunnyDay|[upkeep]\n|-damage|p1a: Houndoom|88\/100|[from] ability: Solar Power|[of] p1a: Houndoom\n|upkeep\n|inactive|Lil barnacle Boi has 120 seconds left.\n|\n|t:|1700866562\n|switch|p1b: Walking Wake|Walking Wake|58\/100\n|switch|p2b: Dusclops|Dusclops, F|100\/100\n|-activate|p1b: Walking Wake|ability: Protosynthesis\n|-start|p1b: Walking Wake|protosynthesisspa\n|-ability|p2b: Dusclops|Pressure\n|turn|6\n|inactive|EstemanACG1 has 120 seconds left.\n|\n|t:|1700866598\n|move|p1a: Houndoom|Solar Beam||[still]\n|-prepare|p1a: Houndoom|Solar Beam\n|-anim|p1a: Houndoom|Solar Beam|p2b: Dusclops\n|-damage|p2b: Dusclops|70\/100\n|move|p1b: Walking Wake|Draco Meteor|p2b: Dusclops\n|-damage|p2b: Dusclops|28\/100\n|-unboost|p1b: Walking Wake|spa|2\n|move|p2a: Camerupt|Earth Power|p1a: Houndoom\n|-supereffective|p1a: Houndoom\n|-damage|p1a: Houndoom|0 fnt\n|faint|p1a: Houndoom\n|move|p2b: Dusclops|Trick Room|p2b: Dusclops\n|-fieldstart|move: Trick Room|[of] p2b: Dusclops\n|\n|-weather|SunnyDay|[upkeep]\n|upkeep\n|\n|t:|1700866608\n|switch|p1a: Torkoal|Torkoal, M, shiny|73\/100\n|turn|7\n|\n|t:|1700866626\n|move|p1a: Torkoal|Heat Wave|p2b: Dusclops|[spread] p2a,p2b\n|-resisted|p2a: Camerupt\n|-damage|p2a: Camerupt|9\/100\n|-damage|p2b: Dusclops|13\/100\n|move|p2b: Dusclops|Poltergeist|p1b: Walking Wake\n|-activate|p1b: Walking Wake|move: Poltergeist|Assault Vest\n|-damage|p1b: Walking Wake|27\/100\n|move|p2a: Camerupt|Earth Power|p1a: Torkoal\n|-supereffective|p1a: Torkoal\n|-damage|p1a: Torkoal|0 fnt\n|faint|p1a: Torkoal\n|move|p1b: Walking Wake|Flip Turn|p2a: Camerupt\n|-supereffective|p2a: Camerupt\n|-damage|p2a: Camerupt|0 fnt\n|faint|p2a: Camerupt\n|\n|t:|1700866640\n|-end|p1b: Walking Wake|Protosynthesis|[silent]\n|switch|p1b: Tornadus|Tornadus, M, shiny|100\/100|[from] Flip Turn\n|\n|-weather|SunnyDay|[upkeep]\n|upkeep\n|\n|t:|1700866646\n|switch|p1a: Walking Wake|Walking Wake|27\/100\n|switch|p2a: Pincurchin|Pincurchin, M|100\/100\n|-activate|p1a: Walking Wake|ability: Protosynthesis\n|-start|p1a: Walking Wake|protosynthesisspa\n|turn|8\n|\n|t:|1700866661\n|move|p2a: Pincurchin|Zing Zap|p1b: Tornadus\n|-supereffective|p1b: Tornadus\n|-damage|p1b: Tornadus|9\/100\n|move|p2b: Dusclops|Rock Slide|p1b: Tornadus|[spread] p1a,p1b\n|-supereffective|p1b: Tornadus\n|-damage|p1a: Walking Wake|16\/100\n|-damage|p1b: Tornadus|0 fnt\n|faint|p1b: Tornadus\n|move|p1a: Walking Wake|Draco Meteor|p2a: Pincurchin|[miss]\n|-miss|p1a: Walking Wake|p2a: Pincurchin\n|\n|-weather|none\n|-end|p1a: Walking Wake|Protosynthesis\n|upkeep\n|turn|9\n|-message|Lil barnacle Boi forfeited.\n|\n|win|EstemanACG1\n|raw|Lil barnacle Boi's rating: 1279 &rarr; <strong>1249<\/strong><br \/>(-30 for losing)\n|raw|EstemanACG1's rating: 1210 &rarr; <strong>1240<\/strong><br \/>(+30 for winning)\n|l|\u2606Lil barnacle Boi\n","uploadtime":1700866675,"views":11,"p1id":"lilbarnacleboi","p2id":"estemanacg1","formatid":"gen9nationaldexdoubles","rating":1240,"private":0,"password":""}