{"id":"gen9nationaldexdoubles-1999304725","p1":"SeanboyQ","p2":"silverstreak64","format":"[Gen 9] National Dex Doubles","log":"|j|\u2606SeanboyQ\n|j|\u2606silverstreak64\n|t:|1701057610\n|gametype|doubles\n|player|p1|SeanboyQ|170|1074\n|player|p2|silverstreak64|veteranf|1107\n|teamsize|p1|6\n|teamsize|p2|6\n|gen|9\n|tier|[Gen 9] National Dex Doubles\n|rated|\n|rule|HP Percentage Mod: HP is shown in percentages\n|rule|Endless Battle Clause: Forcing endless battles is banned\n|rule|OHKO Clause: OHKO moves are banned\n|rule|Evasion Moves Clause: Evasion moves are banned\n|rule|Evasion Abilities Clause: Evasion abilities are banned\n|rule|Species Clause: Limit one of each Pok\u00e9mon\n|rule|Gravity Sleep Clause: The combination of sleep-inducing moves with imperfect accuracy and Gravity or Gigantamax Orbeetle are banned\n|clearpoke\n|poke|p1|Plusle, F|\n|poke|p1|Minun, M|\n|poke|p1|Pincurchin, F|\n|poke|p1|Clefable, F|\n|poke|p1|Pelipper, F|\n|poke|p1|Heatran, M|\n|poke|p2|Ninetales-Alola, M|\n|poke|p2|Sinistcha|\n|poke|p2|Grimmsnarl, M|\n|poke|p2|Goodra-Hisui, M|\n|poke|p2|Honchkrow, M|\n|poke|p2|Toxtricity, F|\n|teampreview\n|\n|t:|1701057648\n|start\n|switch|p1a: Pelipper|Pelipper, F|100\/100\n|switch|p1b: Pincurchin|Pincurchin, F|100\/100\n|switch|p2a: Ninetales|Ninetales-Alola, M|100\/100\n|switch|p2b: Grimmsnarl|Grimmsnarl, M, shiny|100\/100\n|-weather|Snow|[from] ability: Snow Warning|[of] p2a: Ninetales\n|-weather|RainDance|[from] ability: Drizzle|[of] p1a: Pelipper\n|-fieldstart|move: Electric Terrain|[from] ability: Electric Surge|[of] p1b: Pincurchin\n|turn|1\n|\n|t:|1701057688\n|move|p2b: Grimmsnarl|Taunt|p1b: Pincurchin\n|-start|p1b: Pincurchin|move: Taunt\n|move|p1a: Pelipper|U-turn|p2b: Grimmsnarl\n|-damage|p2b: Grimmsnarl|90\/100\n|\n|t:|1701057697\n|switch|p1a: Heatran|Heatran, M|100\/100|[from] U-turn\n|cant|p1b: Pincurchin|move: Taunt|Toxic Spikes\n|move|p2a: Ninetales|Roar|p1a: Heatran\n|drag|p1a: Pelipper|Pelipper, F|100\/100\n|\n|-weather|RainDance|[upkeep]\n|-heal|p2b: Grimmsnarl|96\/100|[from] item: Leftovers\n|upkeep\n|turn|2\n|\n|t:|1701057722\n|switch|p2a: Toxtricity|Toxtricity, F|100\/100\n|move|p2b: Grimmsnarl|Thunder Wave|p1a: Pelipper\n|-status|p1a: Pelipper|par\n|move|p1a: Pelipper|Hurricane|p2a: Toxtricity\n|-resisted|p2a: Toxtricity\n|-damage|p2a: Toxtricity|78\/100\n|move|p1b: Pincurchin|Rising Voltage|p2a: Toxtricity\n|-hint|Rising Voltage's BP doubled on grounded target.\n|-resisted|p2a: Toxtricity\n|-damage|p2a: Toxtricity|40\/100\n|\n|-weather|RainDance|[upkeep]\n|-heal|p2b: Grimmsnarl|100\/100|[from] item: Leftovers\n|upkeep\n|turn|3\n|\n|t:|1701057746\n|move|p2a: Toxtricity|Thunderbolt|p1a: Pelipper\n|-supereffective|p1a: Pelipper\n|-damage|p1a: Pelipper|0 fnt\n|faint|p1a: Pelipper\n|move|p2b: Grimmsnarl|Brick Break|p1b: Pincurchin\n|-damage|p1b: Pincurchin|83\/100\n|move|p1b: Pincurchin|Rising Voltage|p2a: Toxtricity\n|-hint|Rising Voltage's BP doubled on grounded target.\n|-resisted|p2a: Toxtricity\n|-damage|p2a: Toxtricity|4\/100\n|\n|-weather|RainDance|[upkeep]\n|-end|p1b: Pincurchin|move: Taunt\n|upkeep\n|\n|t:|1701057767\n|switch|p1a: Plusle|Plusle, F|100\/100\n|turn|4\n|\n|t:|1701057781\n|move|p2b: Grimmsnarl|Taunt|p1b: Pincurchin\n|-start|p1b: Pincurchin|move: Taunt\n|move|p1a: Plusle|Thunder|p2b: Grimmsnarl\n|-damage|p2b: Grimmsnarl|36\/100\n|move|p2a: Toxtricity|Drain Punch|p1a: Plusle\n|-damage|p1a: Plusle|59\/100\n|-heal|p2a: Toxtricity|20\/100|[from] drain|[of] p1a: Plusle\n|cant|p1b: Pincurchin|move: Taunt|Toxic Spikes\n|\n|-weather|RainDance|[upkeep]\n|-heal|p2b: Grimmsnarl|42\/100|[from] item: Leftovers\n|upkeep\n|turn|5\n|\n|t:|1701057802\n|move|p2b: Grimmsnarl|Parting Shot|p1a: Plusle\n|-unboost|p1a: Plusle|atk|1\n|-unboost|p1a: Plusle|spa|1\n|\n|t:|1701057806\n|switch|p2b: Sinistcha|Sinistcha|100\/100|[from] Parting Shot\n|-heal|p2a: Toxtricity|45\/100|[from] ability: Hospitality|[of] p2b: Sinistcha\n|move|p1a: Plusle|Thunder|p2b: Sinistcha\n|-resisted|p2b: Sinistcha\n|-damage|p2b: Sinistcha|77\/100\n|move|p2a: Toxtricity|Drain Punch|p1a: Plusle\n|-damage|p1a: Plusle|11\/100\n|-heal|p2a: Toxtricity|62\/100|[from] drain|[of] p1a: Plusle\n|move|p1b: Pincurchin|Rising Voltage|p2a: Toxtricity\n|-hint|Rising Voltage's BP doubled on grounded target.\n|-resisted|p2a: Toxtricity\n|-damage|p2a: Toxtricity|25\/100\n|\n|-weather|none\n|upkeep\n|turn|6\n|\n|t:|1701057835\n|switch|p1a: Clefable|Clefable, F|100\/100\n|move|p2b: Sinistcha|Rage Powder|p2b: Sinistcha\n|-singleturn|p2b: Sinistcha|move: Rage Powder\n|move|p2a: Toxtricity|Drain Punch|p1a: Clefable\n|-resisted|p1a: Clefable\n|-damage|p1a: Clefable|91\/100\n|-heal|p2a: Toxtricity|30\/100|[from] drain|[of] p1a: Clefable\n|move|p1b: Pincurchin|Rising Voltage|p2b: Sinistcha\n|-hint|Rising Voltage's BP doubled on grounded target.\n|-resisted|p2b: Sinistcha\n|-damage|p2b: Sinistcha|52\/100\n|\n|-end|p1b: Pincurchin|move: Taunt\n|upkeep\n|turn|7\n|\n|t:|1701057858\n|move|p2a: Toxtricity|Boomburst|p1a: Clefable|[spread] p1a,p1b\n|-immune|p2b: Sinistcha\n|-enditem|p2a: Toxtricity|Normal Gem|[from] gem\n|-damage|p1a: Clefable|47\/100\n|-damage|p1b: Pincurchin|8\/100\n|-enditem|p1a: Clefable|Sitrus Berry|[eat]\n|-heal|p1a: Clefable|72\/100|[from] item: Sitrus Berry\n|move|p1a: Clefable|Life Dew|p1a: Clefable|[spread] p1a,p1b\n|-heal|p1a: Clefable|97\/100\n|-heal|p1b: Pincurchin|33\/100\n|move|p2b: Sinistcha|Matcha Gotcha|p1b: Pincurchin|[spread] p1a,p1b\n|-damage|p1a: Clefable|82\/100\n|-heal|p2b: Sinistcha|61\/100|[from] drain|[of] p1a: Clefable\n|-damage|p1b: Pincurchin|2\/100\n|-heal|p2b: Sinistcha|74\/100|[from] drain|[of] p1b: Pincurchin\n|move|p1b: Pincurchin|Spikes|p2a: Toxtricity\n|-sidestart|p2: silverstreak64|Spikes\n|\n|upkeep\n|turn|8\n|\n|t:|1701057885\n|move|p1a: Clefable|Follow Me|p1a: Clefable\n|-singleturn|p1a: Clefable|move: Follow Me\n|move|p2a: Toxtricity|Boomburst|p1a: Clefable|[spread] p1a,p1b\n|-immune|p2b: Sinistcha\n|-damage|p1a: Clefable|50\/100\n|-damage|p1b: Pincurchin|0 fnt\n|faint|p1b: Pincurchin\n|move|p2b: Sinistcha|Matcha Gotcha|p1a: Clefable\n|-damage|p1a: Clefable|29\/100\n|-heal|p2b: Sinistcha|87\/100|[from] drain|[of] p1a: Clefable\n|\n|-fieldend|move: Electric Terrain\n|upkeep\n|\n|t:|1701057903\n|switch|p1b: Heatran|Heatran, M|100\/100\n|turn|9\n|\n|t:|1701057921\n|-terastallize|p2b: Sinistcha|Dark\n|move|p1b: Heatran|Magma Storm|p2b: Sinistcha\n|-damage|p2b: Sinistcha|37\/100\n|-activate|p2b: Sinistcha|move: Magma Storm|[of] p1b: Heatran\n|-enditem|p2b: Sinistcha|Sitrus Berry|[eat]\n|-heal|p2b: Sinistcha|62\/100|[from] item: Sitrus Berry\n|move|p2a: Toxtricity|Shift Gear|p2a: Toxtricity\n|-boost|p2a: Toxtricity|spe|2\n|-boost|p2a: Toxtricity|atk|1\n|move|p1a: Clefable|Life Dew||[still]|[spread] p1a,p1b\n|-heal|p1a: Clefable|54\/100\n|-fail|p1b: Heatran|heal\n|move|p2b: Sinistcha|Trick Room|p2b: Sinistcha\n|-fieldstart|move: Trick Room|[of] p2b: Sinistcha\n|\n|-damage|p2b: Sinistcha|49\/100|[from] move: Magma Storm|[partiallytrapped]\n|upkeep\n|turn|10\n|\n|t:|1701057942\n|move|p2b: Sinistcha|Matcha Gotcha|p1a: Clefable|[spread] p1a,p1b\n|-resisted|p1b: Heatran\n|-damage|p1a: Clefable|38\/100\n|-heal|p2b: Sinistcha|59\/100|[from] drain|[of] p1a: Clefable\n|-damage|p1b: Heatran|96\/100\n|-heal|p2b: Sinistcha|61\/100|[from] drain|[of] p1b: Heatran\n|-status|p1a: Clefable|brn\n|move|p1a: Clefable|Life Dew|p1a: Clefable|[spread] p1a,p1b\n|-heal|p1a: Clefable|63\/100 brn\n|-heal|p1b: Heatran|100\/100\n|move|p1b: Heatran|Earth Power|p2a: Toxtricity\n|-supereffective|p2a: Toxtricity\n|-damage|p2a: Toxtricity|0 fnt\n|faint|p2a: Toxtricity\n|\n|-damage|p1a: Clefable|57\/100 brn|[from] brn\n|-damage|p2b: Sinistcha|49\/100|[from] move: Magma Storm|[partiallytrapped]\n|upkeep\n|\n|t:|1701057966\n|switch|p2a: Grimmsnarl|Grimmsnarl, M, shiny|42\/100\n|-damage|p2a: Grimmsnarl|29\/100|[from] Spikes\n|turn|11\n|\n|t:|1701057995\n|move|p2a: Grimmsnarl|Parting Shot|p1b: Heatran\n|-unboost|p1b: Heatran|atk|1\n|-unboost|p1b: Heatran|spa|1\n|\n|t:|1701058001\n|switch|p2a: Honchkrow|Honchkrow, M, shiny|100\/100|[from] Parting Shot\n|move|p2b: Sinistcha|Strength Sap|p1a: Clefable\n|-unboost|p1a: Clefable|atk|1\n|-heal|p2b: Sinistcha|86\/100\n|move|p1a: Clefable|Moonblast|p2a: Honchkrow\n|-supereffective|p2a: Honchkrow\n|-damage|p2a: Honchkrow|44\/100\n|-unboost|p2a: Honchkrow|spa|1\n|move|p1b: Heatran|Earth Power|p2b: Sinistcha\n|-damage|p2b: Sinistcha|68\/100\n|\n|-damage|p1a: Clefable|50\/100 brn|[from] brn\n|-damage|p2b: Sinistcha|55\/100|[from] move: Magma Storm|[partiallytrapped]\n|upkeep\n|turn|12\n|\n|t:|1701058031\n|move|p2b: Sinistcha|Strength Sap|p1a: Clefable\n|-unboost|p1a: Clefable|atk|1\n|-heal|p2b: Sinistcha|80\/100\n|move|p1a: Clefable|Moonblast|p2a: Honchkrow\n|-supereffective|p2a: Honchkrow\n|-damage|p2a: Honchkrow|0 fnt\n|faint|p2a: Honchkrow\n|move|p1b: Heatran|Flash Cannon|p2b: Sinistcha\n|-damage|p2b: Sinistcha|54\/100\n|\n|-damage|p1a: Clefable|44\/100 brn|[from] brn\n|-damage|p2b: Sinistcha|42\/100|[from] move: Magma Storm|[partiallytrapped]\n|upkeep\n|\n|t:|1701058045\n|switch|p2a: Goodra|Goodra-Hisui, M|100\/100\n|-damage|p2a: Goodra|88\/100|[from] Spikes\n|turn|13\n|\n|t:|1701058056\n|move|p2b: Sinistcha|Strength Sap|p1a: Clefable\n|-unboost|p1a: Clefable|atk|1\n|-heal|p2b: Sinistcha|60\/100\n|move|p2a: Goodra|Sludge Bomb|p1a: Clefable\n|-supereffective|p1a: Clefable\n|-damage|p1a: Clefable|4\/100 brn\n|move|p1a: Clefable|Life Dew||[still]|[spread] p1a,p1b\n|-heal|p1a: Clefable|29\/100 brn\n|-fail|p1b: Heatran|heal\n|move|p1b: Heatran|Magma Storm|p2a: Goodra|[miss]\n|-miss|p1b: Heatran|p2a: Goodra\n|\n|-damage|p1a: Clefable|23\/100 brn|[from] brn\n|-end|p2b: Sinistcha|Magma Storm|[partiallytrapped]\n|-fieldend|move: Trick Room\n|upkeep\n|turn|14\n|\n|t:|1701058074\n|move|p1b: Heatran|Magma Storm|p2a: Goodra\n|-damage|p2a: Goodra|72\/100\n|-activate|p2a: Goodra|move: Magma Storm|[of] p1b: Heatran\n|move|p1a: Clefable|Life Dew||[still]|[spread] p1a,p1b\n|-heal|p1a: Clefable|48\/100 brn\n|-fail|p1b: Heatran|heal\n|move|p2a: Goodra|Sludge Bomb|p1a: Clefable\n|-supereffective|p1a: Clefable\n|-damage|p1a: Clefable|10\/100 brn\n|move|p2b: Sinistcha|Matcha Gotcha|p1a: Clefable|[spread] p1a,p1b\n|-resisted|p1b: Heatran\n|-damage|p1a: Clefable|0 fnt\n|-heal|p2b: Sinistcha|66\/100|[from] drain|[of] p1a: Clefable\n|-damage|p1b: Heatran|96\/100\n|-heal|p2b: Sinistcha|68\/100|[from] drain|[of] p1b: Heatran\n|faint|p1a: Clefable\n|\n|-damage|p2a: Goodra|60\/100|[from] move: Magma Storm|[partiallytrapped]\n|upkeep\n|\n|t:|1701058095\n|switch|p1a: Minun|Minun, M|100\/100\n|turn|15\n|\n|t:|1701058109\n|move|p1a: Minun|Signal Beam|p2b: Sinistcha\n|-supereffective|p2b: Sinistcha\n|-damage|p2b: Sinistcha|20\/100\n|move|p1b: Heatran|Earth Power|p2a: Goodra\n|-supereffective|p2a: Goodra\n|-damage|p2a: Goodra|39\/100\n|move|p2b: Sinistcha|Matcha Gotcha|p1b: Heatran|[spread] p1a,p1b\n|-resisted|p1b: Heatran\n|-damage|p1a: Minun|65\/100\n|-heal|p2b: Sinistcha|33\/100|[from] drain|[of] p1a: Minun\n|-damage|p1b: Heatran|91\/100\n|-heal|p2b: Sinistcha|36\/100|[from] drain|[of] p1b: Heatran\n|move|p2a: Goodra|Counter||[still]\n|-fail|p2a: Goodra\n|\n|-damage|p2a: Goodra|27\/100|[from] move: Magma Storm|[partiallytrapped]\n|upkeep\n|turn|16\n|\n|t:|1701058131\n|move|p1a: Minun|Signal Beam|p2b: Sinistcha\n|-supereffective|p2b: Sinistcha\n|-damage|p2b: Sinistcha|0 fnt\n|faint|p2b: Sinistcha\n|move|p1b: Heatran|Earth Power|p2a: Goodra\n|-supereffective|p2a: Goodra\n|-damage|p2a: Goodra|5\/100\n|move|p2a: Goodra|Sludge Bomb|p1a: Minun\n|-damage|p1a: Minun|16\/100\n|\n|-damage|p2a: Goodra|0 fnt|[from] move: Magma Storm|[partiallytrapped]\n|faint|p2a: Goodra\n|upkeep\n|\n|t:|1701058143\n|switch|p2a: Ninetales|Ninetales-Alola, M|100\/100\n|switch|p2b: Grimmsnarl|Grimmsnarl, M, shiny|29\/100\n|-damage|p2a: Ninetales|88\/100|[from] Spikes\n|-weather|Snow|[from] ability: Snow Warning|[of] p2a: Ninetales\n|-damage|p2b: Grimmsnarl|17\/100|[from] Spikes\n|turn|17\n|\n|t:|1701058169\n|move|p2a: Ninetales|Aurora Veil|p2a: Ninetales\n|-sidestart|p2: silverstreak64|move: Aurora Veil\n|move|p1a: Minun|Signal Beam|p2b: Grimmsnarl\n|-damage|p2b: Grimmsnarl|4\/100\n|move|p1b: Heatran|Flash Cannon|p2a: Ninetales\n|-supereffective|p2a: Ninetales\n|-damage|p2a: Ninetales|4\/100\n|move|p2b: Grimmsnarl|Brick Break|p1a: Minun\n|-damage|p1a: Minun|0 fnt\n|faint|p1a: Minun\n|\n|-weather|Snow|[upkeep]\n|-heal|p2b: Grimmsnarl|10\/100|[from] item: Leftovers\n|upkeep\n|\n|t:|1701058180\n|switch|p1a: Plusle|Plusle, F|11\/100\n|turn|18\n|\n|t:|1701058201\n|move|p2a: Ninetales|Chilling Water|p1b: Heatran\n|-supereffective|p1b: Heatran\n|-damage|p1b: Heatran|76\/100\n|-unboost|p1b: Heatran|atk|1\n|move|p1a: Plusle|Thunder|p2b: Grimmsnarl\n|-damage|p2b: Grimmsnarl|0 fnt\n|faint|p2b: Grimmsnarl\n|move|p1b: Heatran|Flash Cannon|p2a: Ninetales\n|-supereffective|p2a: Ninetales\n|-damage|p2a: Ninetales|0 fnt\n|faint|p2a: Ninetales\n|\n|win|SeanboyQ\n|raw|SeanboyQ's rating: 1074 &rarr; <strong>1106<\/strong><br \/>(+32 for winning)\n|raw|silverstreak64's rating: 1107 &rarr; <strong>1080<\/strong><br \/>(-27 for losing)\n|l|\u2606silverstreak64\n","uploadtime":1701058228,"views":2,"p1id":"seanboyq","p2id":"silverstreak64","formatid":"gen9nationaldexdoubles","rating":1080,"private":0,"password":""}