{"id":"gen9nationaldexdoubles-1964218960","p1":"gdfox802","p2":"Bohvirgola","format":"[Gen 9] National Dex Doubles","log":"|j|\u2606gdfox802\n|j|\u2606Bohvirgola\n|t:|1696951609\n|gametype|doubles\n|player|p1|gdfox802|cilan|1014\n|player|p2|Bohvirgola|red|1089\n|teamsize|p1|6\n|teamsize|p2|6\n|gen|9\n|tier|[Gen 9] National Dex Doubles\n|rated|\n|rule|HP Percentage Mod: HP is shown in percentages\n|rule|Endless Battle Clause: Forcing endless battles is banned\n|rule|OHKO Clause: OHKO moves are banned\n|rule|Evasion Moves Clause: Evasion moves are banned\n|rule|Evasion Abilities Clause: Evasion abilities are banned\n|rule|Species Clause: Limit one of each Pok\u00e9mon\n|rule|Gravity Sleep Clause: The combination of sleep-inducing moves with imperfect accuracy and Gravity or Gigantamax Orbeetle are banned\n|clearpoke\n|poke|p1|Eevee, F|\n|poke|p1|Gardevoir, M|\n|poke|p1|Indeedee-F, F|\n|poke|p1|Palafin, F|\n|poke|p1|Armarouge, F|\n|poke|p1|Dragapult, F|\n|poke|p2|Pelipper, M|\n|poke|p2|Regieleki|\n|poke|p2|Palafin, M|\n|poke|p2|Dragapult, M|\n|poke|p2|Gyarados, F|\n|poke|p2|Landorus-Therian, M|\n|teampreview\n|\n|t:|1696951622\n|start\n|switch|p1a: Eevee|Eevee, F|100\/100\n|switch|p1b: Palafin|Palafin, F|100\/100\n|switch|p2a: Palafin|Palafin, M|100\/100\n|switch|p2b: Landorus|Landorus-Therian, M|100\/100\n|-ability|p2b: Landorus|Intimidate|boost\n|-unboost|p1a: Eevee|atk|1\n|-unboost|p1b: Palafin|atk|1\n|turn|1\n|\n|t:|1696951644\n|switch|p2b: Gyarados|Gyarados, F|100\/100\n|-ability|p2b: Gyarados|Intimidate|boost\n|-unboost|p1a: Eevee|atk|1\n|-unboost|p1b: Palafin|atk|1\n|move|p2a: Palafin|Flip Turn|p1a: Eevee\n|-damage|p1a: Eevee|46\/100\n|\n|t:|1696951654\n|detailschange|p2a: Palafin|Palafin-Hero, M\n|switch|p2a: Pelipper|Pelipper, M|100\/100|[from] Flip Turn\n|-weather|RainDance|[from] ability: Drizzle|[of] p2a: Pelipper\n|move|p1b: Palafin|Flip Turn|p2b: Gyarados\n|-resisted|p2b: Gyarados\n|-damage|p2b: Gyarados|88\/100\n|-damage|p1b: Palafin|91\/100|[from] item: Life Orb\n|\n|t:|1696951688\n|detailschange|p1b: Palafin|Palafin-Hero, F\n|switch|p1b: Gardevoir|Gardevoir, M|100\/100|[from] Flip Turn\n|-ability|p1b: Gardevoir|Intimidate|boost\n|-unboost|p2a: Pelipper|atk|1\n|-unboost|p2b: Gyarados|atk|1\n|-ability|p1b: Gardevoir|Intimidate|[from] ability: Trace|[of] p2b: Gyarados\n|-zpower|p1a: Eevee\n|move|p1a: Eevee|Extreme Evoboost|p1a: Eevee\n|-boost|p1a: Eevee|atk|2\n|-boost|p1a: Eevee|def|2\n|-boost|p1a: Eevee|spa|2\n|-boost|p1a: Eevee|spd|2\n|-boost|p1a: Eevee|spe|2\n|\n|-weather|RainDance|[upkeep]\n|upkeep\n|turn|2\n|\n|t:|1696951714\n|detailschange|p1b: Gardevoir|Gardevoir-Mega, M\n|-mega|p1b: Gardevoir|Gardevoir|Gardevoirite\n|move|p1a: Eevee|Yawn|p2b: Gyarados\n|-start|p2b: Gyarados|move: Yawn|[of] p1a: Eevee\n|move|p1b: Gardevoir|Psych Up|p1a: Eevee\n|-copyboost|p1b: Gardevoir|p1a: Eevee|[from] move: Psych Up\n|move|p2b: Gyarados|Aqua Tail|p1a: Eevee\n|-damage|p1a: Eevee|0 fnt\n|faint|p1a: Eevee\n|move|p2a: Pelipper|Liquidation|p1b: Gardevoir\n|-damage|p1b: Gardevoir|76\/100\n|\n|-weather|RainDance|[upkeep]\n|upkeep\n|\n|t:|1696951730\n|switch|p1a: Indeedee|Indeedee-F, F|100\/100\n|-fieldstart|move: Psychic Terrain|[from] ability: Psychic Surge|[of] p1a: Indeedee\n|turn|3\n|\n|t:|1696951763\n|switch|p2a: Palafin|Palafin-Hero, M|100\/100\n|-activate|p2a: Palafin|ability: Zero to Hero\n|move|p1a: Indeedee|Protect|p1a: Indeedee\n|-singleturn|p1a: Indeedee|Protect\n|move|p1b: Gardevoir|Hyper Voice|p2a: Palafin|[spread] p2a,p2b\n|-damage|p2a: Palafin|0 fnt\n|-damage|p2b: Gyarados|0 fnt\n|faint|p2a: Palafin\n|faint|p2b: Gyarados\n|\n|-weather|RainDance|[upkeep]\n|upkeep\n|\n|t:|1696951778\n|switch|p2a: Landorus|Landorus-Therian, M|100\/100\n|switch|p2b: Regieleki|Regieleki|100\/100\n|-ability|p2a: Landorus|Intimidate|boost\n|-unboost|p1a: Indeedee|atk|1\n|-unboost|p1b: Gardevoir|atk|1\n|turn|4\n|\n|t:|1696951794\n|-terastallize|p2a: Landorus|Ghost\n|move|p1a: Indeedee|Follow Me|p1a: Indeedee\n|-singleturn|p1a: Indeedee|move: Follow Me\n|move|p1b: Gardevoir|Hyper Voice|p2b: Regieleki|[spread] p2a,p2b\n|-damage|p2a: Landorus|16\/100\n|-enditem|p2b: Regieleki|Focus Sash\n|-damage|p2b: Regieleki|1\/100\n|move|p2b: Regieleki|Explosion|p1a: Indeedee|[spread] p1a,p1b\n|-immune|p2a: Landorus\n|-damage|p1a: Indeedee|42\/100\n|-damage|p1b: Gardevoir|37\/100\n|faint|p2b: Regieleki\n|move|p2a: Landorus|Crunch|p1a: Indeedee\n|-supereffective|p1a: Indeedee\n|-damage|p1a: Indeedee|0 fnt\n|faint|p1a: Indeedee\n|\n|-weather|RainDance|[upkeep]\n|upkeep\n|\n|t:|1696951813\n|switch|p2b: Dragapult|Dragapult, M|100\/100\n|switch|p1a: Palafin|Palafin-Hero, F|91\/100\n|-activate|p1a: Palafin|ability: Zero to Hero\n|turn|5\n|\n|t:|1696951843\n|move|p1b: Gardevoir|Hyper Voice|p2b: Dragapult|[spread] p2a,p2b\n|-supereffective|p2b: Dragapult\n|-damage|p2a: Landorus|0 fnt\n|-damage|p2b: Dragapult|0 fnt\n|faint|p2a: Landorus\n|faint|p2b: Dragapult\n|move|p1a: Palafin|Wave Crash|p2: Landorus|[notarget]\n|-fail|p1a: Palafin\n|\n|-weather|none\n|upkeep\n|\n|t:|1696951853\n|switch|p2a: Pelipper|Pelipper, M|100\/100\n|-weather|RainDance|[from] ability: Drizzle|[of] p2a: Pelipper\n|turn|6\n|\n|t:|1696951862\n|move|p1b: Gardevoir|Stored Power|p2a: Pelipper\n|-damage|p2a: Pelipper|0 fnt\n|faint|p2a: Pelipper\n|\n|win|gdfox802\n|raw|gdfox802's rating: 1014 &rarr; <strong>1060<\/strong><br \/>(+46 for winning)\n|raw|Bohvirgola's rating: 1089 &rarr; <strong>1061<\/strong><br \/>(-28 for losing)\n|l|\u2606Bohvirgola\n","uploadtime":1696951870,"views":7,"p1id":"gdfox802","p2id":"bohvirgola","formatid":"gen9nationaldexdoubles","rating":1060,"private":0,"password":""}