{"id":"gen9nationaldexdoubles-1984720778","p1":"TlolJuan","p2":"Juanva2006","format":"[Gen 9] National Dex Doubles","log":"|j|\u2606TlolJuan\n|j|\u2606Juanva2006\n|t:|1699293600\n|gametype|doubles\n|player|p1|TlolJuan|hilbert-masters|\n|player|p2|Juanva2006|benga|\n|teamsize|p1|6\n|teamsize|p2|6\n|gen|9\n|tier|[Gen 9] National Dex Doubles\n|rule|HP Percentage Mod: HP is shown in percentages\n|rule|Endless Battle Clause: Forcing endless battles is banned\n|rule|OHKO Clause: OHKO moves are banned\n|rule|Evasion Moves Clause: Evasion moves are banned\n|rule|Evasion Abilities Clause: Evasion abilities are banned\n|rule|Species Clause: Limit one of each Pok\u00e9mon\n|rule|Gravity Sleep Clause: The combination of sleep-inducing moves with imperfect accuracy and Gravity or Gigantamax Orbeetle are banned\n|clearpoke\n|poke|p1|Dracovish|\n|poke|p1|Tyranitar, F|\n|poke|p1|Ceruledge, M|\n|poke|p1|Clefairy, M|\n|poke|p1|Togekiss, F|\n|poke|p1|Kommo-o, F|\n|poke|p2|Chandelure, M|\n|poke|p2|Cherrim, M|\n|poke|p2|Exeggutor-Alola, M|\n|poke|p2|Sunflora, F|\n|poke|p2|Torkoal, F|\n|poke|p2|Lurantis, F|\n|teampreview\n|j| chuspiter\n|\n|t:|1699293626\n|start\n|switch|p1a: Regieleki <3|Dracovish, shiny|100\/100\n|switch|p1b: Ceruledge|Ceruledge, M, shiny|100\/100\n|switch|p2a: Mi sapito|Cherrim, M, shiny|100\/100\n|switch|p2b: Vi un resplandor|Exeggutor-Alola, M, shiny|100\/100\n|-item|p1a: Regieleki <3|Choice Band|[from] ability: Frisk|[of] p2b: Vi un resplandor|[identify]\n|-item|p1b: Ceruledge|Clear Amulet|[from] ability: Frisk|[of] p2b: Vi un resplandor|[identify]\n|turn|1\n|\n|t:|1699293648\n|switch|p1b: Tyranitar|Tyranitar, F|100\/100\n|-weather|Sandstorm|[from] ability: Sand Stream|[of] p1b: Tyranitar\n|move|p1a: Regieleki <3|Dragon Rush|p2b: Vi un resplandor\n|-supereffective|p2b: Vi un resplandor\n|-enditem|p2b: Vi un resplandor|Focus Sash\n|-damage|p2b: Vi un resplandor|1\/100\n|move|p2a: Mi sapito|Sunny Day|p2a: Mi sapito\n|-weather|SunnyDay\n|-formechange|p2a: Mi sapito|Cherrim-Sunshine|[msg]|[from] ability: Flower Gift\n|move|p2b: Vi un resplandor|Trick Room|p2b: Vi un resplandor\n|-fieldstart|move: Trick Room|[of] p2b: Vi un resplandor\n|\n|-weather|SunnyDay|[upkeep]\n|upkeep\n|turn|2\n|\n|t:|1699293667\n|switch|p1a: Ceruledge|Ceruledge, M, shiny|100\/100\n|-terastallize|p1b: Tyranitar|Flying\n|move|p2a: Mi sapito|Protect|p2a: Mi sapito\n|-singleturn|p2a: Mi sapito|Protect\n|move|p2b: Vi un resplandor|Explosion|p1a: Ceruledge|[spread] p1b\n|-activate|p2a: Mi sapito|move: Protect\n|-immune|p1a: Ceruledge\n|-damage|p1b: Tyranitar|29\/100\n|faint|p2b: Vi un resplandor\n|move|p1b: Tyranitar|Tera Blast|p2a: Mi sapito|[anim] Tera Blast Flying\n|-activate|p2a: Mi sapito|move: Protect\n|\n|-weather|SunnyDay|[upkeep]\n|upkeep\n|\n|t:|1699293681\n|switch|p2b: Chesus63|Sunflora, F|100\/100\n|turn|3\n|\n|t:|1699293697\n|-terastallize|p2b: Chesus63|Fairy\n|move|p2b: Chesus63|Dazzling Gleam|p1a: Ceruledge|[spread] p1a,p1b\n|-resisted|p1a: Ceruledge\n|-damage|p1a: Ceruledge|64\/100\n|-damage|p1b: Tyranitar|0 fnt\n|faint|p1b: Tyranitar\n|move|p2a: Mi sapito|Draining Kiss|p1a: Ceruledge\n|-resisted|p1a: Ceruledge\n|-damage|p1a: Ceruledge|58\/100\n|move|p1a: Ceruledge|Bitter Blade|p2a: Mi sapito\n|-supereffective|p2a: Mi sapito\n|-damage|p2a: Mi sapito|0 fnt\n|-heal|p1a: Ceruledge|100\/100|[from] drain|[of] p2a: Mi sapito\n|faint|p2a: Mi sapito\n|\n|-weather|SunnyDay|[upkeep]\n|-damage|p2b: Chesus63|88\/100|[from] ability: Solar Power|[of] p2b: Chesus63\n|upkeep\n|\n|t:|1699293725\n|switch|p1b: Togekiss|Togekiss, F, shiny|100\/100\n|switch|p2a: Juanva2006|Torkoal, F|100\/100\n|turn|4\n|\n|t:|1699293737\n|move|p2a: Juanva2006|Earth Power|p1a: Ceruledge\n|-supereffective|p1a: Ceruledge\n|-crit|p1a: Ceruledge\n|-damage|p1a: Ceruledge|18\/100\n|move|p2b: Chesus63|Dazzling Gleam|p1b: Togekiss|[spread] p1a,p1b\n|-resisted|p1a: Ceruledge\n|-damage|p1a: Ceruledge|0 fnt\n|-damage|p1b: Togekiss|51\/100\n|faint|p1a: Ceruledge\n|move|p1b: Togekiss|Thunder Wave|p2b: Chesus63\n|-status|p2b: Chesus63|par\n|\n|-weather|SunnyDay|[upkeep]\n|-damage|p2b: Chesus63|76\/100 par|[from] ability: Solar Power|[of] p2b: Chesus63\n|upkeep\n|\n|t:|1699293749\n|switch|p1a: Kommo-o|Kommo-o, F|100\/100\n|turn|5\n|\n|t:|1699293766\n|switch|p2a: Chuspi|Chandelure, M, shiny|100\/100\n|switch|p1a: Eternamax|Clefairy, M|100\/100\n|move|p2b: Chesus63|Dazzling Gleam|p1a: Eternamax|[spread] p1a,p1b\n|-damage|p1a: Eternamax|54\/100\n|-damage|p1b: Togekiss|13\/100\n|move|p1b: Togekiss|Thunder Wave|p2a: Chuspi\n|-status|p2a: Chuspi|par\n|\n|-weather|SunnyDay|[upkeep]\n|-damage|p2b: Chesus63|63\/100 par|[from] ability: Solar Power|[of] p2b: Chesus63\n|-fieldend|move: Trick Room\n|upkeep\n|turn|6\n|\n|t:|1699293781\n|move|p1a: Eternamax|Helping Hand|p1b: Togekiss\n|-singleturn|p1b: Togekiss|Helping Hand|[of] p1a: Eternamax\n|move|p1b: Togekiss|Air Slash|p2b: Chesus63\n|-damage|p2b: Chesus63|7\/100 par\n|cant|p2b: Chesus63|flinch\n|move|p2a: Chuspi|Trick Room|p2a: Chuspi\n|-fieldstart|move: Trick Room|[of] p2a: Chuspi\n|\n|-weather|SunnyDay|[upkeep]\n|-damage|p2b: Chesus63|0 fnt|[from] ability: Solar Power|[of] p2b: Chesus63\n|faint|p2b: Chesus63\n|upkeep\n|\n|t:|1699293794\n|switch|p2b: rarete no?|Lurantis, F, shiny|100\/100\n|turn|7\n|\n|t:|1699293812\n|switch|p1a: Regieleki <3|Dracovish, shiny|100\/100\n|switch|p2a: Juanva2006|Torkoal, F|100\/100\n|move|p2b: rarete no?|Superpower|p1b: Togekiss\n|-resisted|p1b: Togekiss\n|-damage|p1b: Togekiss|4\/100\n|-boost|p2b: rarete no?|atk|1\n|-boost|p2b: rarete no?|def|1\n|move|p1b: Togekiss|Air Slash|p2a: Juanva2006\n|-damage|p2a: Juanva2006|56\/100\n|\n|-weather|SunnyDay|[upkeep]\n|upkeep\n|turn|8\n|\n|t:|1699293838\n|move|p2a: Juanva2006|Eruption|p1b: Togekiss|[spread] p1a,p1b\n|-resisted|p1a: Regieleki <3\n|-damage|p1a: Regieleki <3|88\/100\n|-damage|p1b: Togekiss|0 fnt\n|faint|p1b: Togekiss\n|move|p2b: rarete no?|Solar Blade||[still]\n|-prepare|p2b: rarete no?|Solar Blade\n|-anim|p2b: rarete no?|Solar Blade|p1a: Regieleki <3\n|-damage|p1a: Regieleki <3|0 fnt\n|faint|p1a: Regieleki <3\n|\n|-weather|none\n|upkeep\n|\n|t:|1699293846\n|switch|p1b: Kommo-o|Kommo-o, F|100\/100\n|switch|p1a: Eternamax|Clefairy, M|54\/100\n|turn|9\n|\n|t:|1699293874\n|move|p1a: Eternamax|Follow Me|p1a: Eternamax\n|-singleturn|p1a: Eternamax|move: Follow Me\n|move|p2a: Juanva2006|Eruption|p1a: Eternamax|[spread] p1a,p1b\n|-resisted|p1b: Kommo-o\n|-damage|p1a: Eternamax|35\/100\n|-damage|p1b: Kommo-o|89\/100\n|move|p2b: rarete no?|Superpower|p1a: Eternamax\n|-resisted|p1a: Eternamax\n|-damage|p1a: Eternamax|6\/100\n|-boost|p2b: rarete no?|atk|1\n|-boost|p2b: rarete no?|def|1\n|move|p1b: Kommo-o|Clangorous Soul|p1b: Kommo-o\n|-boost|p1b: Kommo-o|atk|1\n|-boost|p1b: Kommo-o|def|1\n|-boost|p1b: Kommo-o|spa|1\n|-boost|p1b: Kommo-o|spd|1\n|-boost|p1b: Kommo-o|spe|1\n|-damage|p1b: Kommo-o|56\/100\n|-enditem|p1b: Kommo-o|Throat Spray\n|-boost|p1b: Kommo-o|spa|1|[from] item: Throat Spray\n|\n|upkeep\n|turn|10\n|\n|t:|1699293895\n|move|p1a: Eternamax|Follow Me|p1a: Eternamax\n|-singleturn|p1a: Eternamax|move: Follow Me\n|move|p2a: Juanva2006|Eruption|p1a: Eternamax|[spread] p1a,p1b\n|-resisted|p1b: Kommo-o\n|-damage|p1a: Eternamax|0 fnt\n|-damage|p1b: Kommo-o|48\/100\n|faint|p1a: Eternamax\n|move|p2b: rarete no?|Superpower|p1b: Kommo-o\n|-damage|p1b: Kommo-o|0 fnt\n|-boost|p2b: rarete no?|atk|1\n|-boost|p2b: rarete no?|def|1\n|faint|p1b: Kommo-o\n|\n|win|Juanva2006\n|c|\u2606TlolJuan|gg\n|l|\u2606Juanva2006\n|c|\u2606TlolJuan|la siguiente\n|l| chuspiter\n","uploadtime":1699294461,"views":19,"p1id":"tloljuan","p2id":"juanva2006","formatid":"gen9nationaldexdoubles","rating":0,"private":0,"password":""}