{"id":"gen9nationaldexdoubles-1992770699","p1":"aewke","p2":"lxvliiz","format":"[Gen 9] National Dex Doubles","log":"|j|\u2606aewke\n|j|\u2606lxvliiz\n|t:|1700233953\n|gametype|doubles\n|player|p1|aewke|harlequin|1301\n|player|p2|lxvliiz|firebreather|1173\n|teamsize|p1|6\n|teamsize|p2|6\n|gen|9\n|tier|[Gen 9] National Dex Doubles\n|rated|\n|rule|HP Percentage Mod: HP is shown in percentages\n|rule|Endless Battle Clause: Forcing endless battles is banned\n|rule|OHKO Clause: OHKO moves are banned\n|rule|Evasion Moves Clause: Evasion moves are banned\n|rule|Evasion Abilities Clause: Evasion abilities are banned\n|rule|Species Clause: Limit one of each Pok\u00e9mon\n|rule|Gravity Sleep Clause: The combination of sleep-inducing moves with imperfect accuracy and Gravity or Gigantamax Orbeetle are banned\n|clearpoke\n|poke|p1|Heatran, M|\n|poke|p1|Torkoal, M|\n|poke|p1|Ogerpon-Hearthflame, F|\n|poke|p1|Darmanitan, F|\n|poke|p1|Iron Moth|\n|poke|p1|Houndoom, F|\n|poke|p2|Torkoal, F|\n|poke|p2|Charizard, F|\n|poke|p2|Iron Moth|\n|poke|p2|Typhlosion, F|\n|poke|p2|Heatran, M|\n|poke|p2|Blacephalon|\n|teampreview\n|inactive|Battle timer is ON: inactive players will automatically lose when time's up. (requested by aewke)\n|c|\u2606lxvliiz|omg\n|c|\u2606lxvliiz|hi\n|\n|t:|1700233974\n|start\n|switch|p1a: Houndoom|Houndoom, F|100\/100\n|switch|p1b: Heatran|Heatran, M|100\/100\n|switch|p2a: Blacephalon|Blacephalon|100\/100\n|switch|p2b: lighter|Typhlosion, F|100\/100\n|turn|1\n|c|\u2606lxvliiz|damn it\n|\n|t:|1700234009\n|switch|p1b: Torkoal|Torkoal, M|100\/100\n|-weather|SunnyDay|[from] ability: Drought|[of] p1b: Torkoal\n|detailschange|p1a: Houndoom|Houndoom-Mega, F\n|-mega|p1a: Houndoom|Houndoom|Houndoominite\n|move|p2a: Blacephalon|Shadow Ball|p1b: Torkoal\n|-damage|p1b: Torkoal|60\/100\n|move|p2b: lighter|Shadow Ball|p1b: Torkoal\n|-damage|p1b: Torkoal|40\/100\n|-unboost|p1b: Torkoal|spd|1\n|move|p1a: Houndoom|Heat Wave|p2b: lighter|[spread] p2a\n|-start|p2b: lighter|ability: Flash Fire\n|-resisted|p2a: Blacephalon\n|-damage|p2a: Blacephalon|26\/100\n|\n|-weather|SunnyDay|[upkeep]\n|-damage|p1a: Houndoom|88\/100|[from] ability: Solar Power|[of] p1a: Houndoom\n|upkeep\n|turn|2\n|\n|t:|1700234031\n|switch|p2a: hot hot hot|Heatran, M|100\/100\n|-end|p2b: lighter|ability: Flash Fire|[silent]\n|switch|p2b: \ud83d\udd25\ud83d\udd25|Iron Moth|100\/100\n|-enditem|p2b: \ud83d\udd25\ud83d\udd25|Booster Energy\n|-activate|p2b: \ud83d\udd25\ud83d\udd25|ability: Quark Drive|[fromitem]\n|-start|p2b: \ud83d\udd25\ud83d\udd25|quarkdrivespa\n|move|p1a: Houndoom|Protect|p1a: Houndoom\n|-singleturn|p1a: Houndoom|Protect\n|move|p1b: Torkoal|Earth Power|p2b: \ud83d\udd25\ud83d\udd25\n|-supereffective|p2b: \ud83d\udd25\ud83d\udd25\n|-damage|p2b: \ud83d\udd25\ud83d\udd25|0 fnt\n|faint|p2b: \ud83d\udd25\ud83d\udd25\n|-end|p2b: \ud83d\udd25\ud83d\udd25|Quark Drive|[silent]\n|\n|-weather|SunnyDay|[upkeep]\n|-damage|p1a: Houndoom|76\/100|[from] ability: Solar Power|[of] p1a: Houndoom\n|upkeep\n|\n|t:|1700234037\n|switch|p2b: lighter|Typhlosion, F|100\/100\n|turn|3\n|\n|t:|1700234046\n|move|p2b: lighter|Lava Plume|p1b: Torkoal|[spread] p1a,p1b\n|-start|p2a: hot hot hot|ability: Flash Fire\n|-resisted|p1a: Houndoom\n|-resisted|p1b: Torkoal\n|-damage|p1a: Houndoom|49\/100\n|-damage|p1b: Torkoal|14\/100\n|move|p1a: Houndoom|Dark Pulse|p2b: lighter\n|-damage|p2b: lighter|14\/100\n|move|p2a: hot hot hot|Lava Plume|p1b: Torkoal|[spread] p1a,p1b\n|-start|p2b: lighter|ability: Flash Fire\n|-resisted|p1a: Houndoom\n|-resisted|p1b: Torkoal\n|-damage|p1a: Houndoom|0 fnt\n|-damage|p1b: Torkoal|0 fnt\n|faint|p1a: Houndoom\n|faint|p1b: Torkoal\n|\n|-weather|SunnyDay|[upkeep]\n|upkeep\n|\n|t:|1700234069\n|switch|p1a: Iron Moth|Iron Moth|100\/100\n|switch|p1b: Ogerpon|Ogerpon-Hearthflame, F|100\/100\n|-ability|p1b: Ogerpon|Mold Breaker\n|-enditem|p1a: Iron Moth|Booster Energy\n|-activate|p1a: Iron Moth|ability: Quark Drive|[fromitem]\n|-start|p1a: Iron Moth|quarkdrivespe\n|turn|4\n|\n|t:|1700234079\n|-terastallize|p1b: Ogerpon|Fire\n|detailschange|p1b: Ogerpon|Ogerpon-Hearthflame-Tera, F, tera:Fire\n|-ability|p1b: Ogerpon|Embody Aspect (Hearthflame)|boost\n|-boost|p1b: Ogerpon|atk|1\n|-terastallize|p2a: hot hot hot|Fire\n|move|p2b: lighter|Lava Plume|p1a: Iron Moth|[spread] p1a,p1b\n|-immune|p2a: hot hot hot|[from] ability: Flash Fire\n|-resisted|p1a: Iron Moth\n|-resisted|p1b: Ogerpon\n|-damage|p1a: Iron Moth|69\/100\n|-damage|p1b: Ogerpon|66\/100\n|move|p1a: Iron Moth|Fiery Dance|p2b: lighter\n|-immune|p2b: lighter|[from] ability: Flash Fire\n|move|p1b: Ogerpon|Ivy Cudgel|p2a: hot hot hot|[anim] Ivy Cudgel Fire\n|-immune|p2a: hot hot hot|[from] ability: Flash Fire\n|move|p2a: hot hot hot|Eruption|p1b: Ogerpon|[spread] p1a,p1b\n|-resisted|p1a: Iron Moth\n|-resisted|p1b: Ogerpon\n|-damage|p1a: Iron Moth|0 fnt\n|-damage|p1b: Ogerpon|0 fnt\n|faint|p1a: Iron Moth\n|-end|p1a: Iron Moth|Quark Drive|[silent]\n|faint|p1b: Ogerpon\n|\n|-weather|SunnyDay|[upkeep]\n|upkeep\n|\n|t:|1700234091\n|switch|p1b: Darmanitan|Darmanitan, F|100\/100\n|switch|p1a: Heatran|Heatran, M|100\/100\n|turn|5\n|\n|t:|1700234105\n|-end|p2b: lighter|ability: Flash Fire|[silent]\n|switch|p2b: heating up|Charizard, F|100\/100\n|move|p1b: Darmanitan|Stone Edge|p2a: hot hot hot\n|-supereffective|p2a: hot hot hot\n|-damage|p2a: hot hot hot|0 fnt\n|faint|p2a: hot hot hot\n|move|p1a: Heatran|Magma Storm|p2b: heating up|[miss]\n|-miss|p1a: Heatran|p2b: heating up\n|-enditem|p1a: Heatran|Blunder Policy\n|-boost|p1a: Heatran|spe|2\n|\n|-weather|none\n|upkeep\n|\n|t:|1700234110\n|switch|p2a: Blacephalon|Blacephalon|26\/100\n|turn|6\n|inactive|aewke has 120 seconds left.\n|\n|t:|1700234143\n|move|p2a: Blacephalon|Shadow Ball|p1b: Darmanitan\n|-damage|p1b: Darmanitan|27\/100\n|move|p1a: Heatran|Magma Storm|p2a: Blacephalon\n|-resisted|p2a: Blacephalon\n|-damage|p2a: Blacephalon|0 fnt\n|faint|p2a: Blacephalon\n|move|p1b: Darmanitan|Stone Edge|p2b: heating up|[miss]\n|-miss|p1b: Darmanitan|p2b: heating up\n|move|p2b: heating up|Roost||[still]\n|-fail|p2b: heating up|heal\n|\n|upkeep\n|\n|t:|1700234146\n|switch|p2a: lighter|Typhlosion, F|14\/100\n|turn|7\n|\n|t:|1700234161\n|move|p2a: lighter|Shadow Ball|p1a: Heatran\n|-crit|p1a: Heatran\n|-damage|p1a: Heatran|69\/100\n|move|p1a: Heatran|Heat Wave|p2a: lighter|[spread] p2b\n|-start|p2a: lighter|ability: Flash Fire\n|-resisted|p2b: heating up\n|-damage|p2b: heating up|78\/100\n|move|p1b: Darmanitan|Stone Edge|p2b: heating up|[miss]\n|-miss|p1b: Darmanitan|p2b: heating up\n|move|p2b: heating up|Flamethrower|p1b: Darmanitan\n|-resisted|p1b: Darmanitan\n|-damage|p1b: Darmanitan|0 fnt\n|faint|p1b: Darmanitan\n|\n|upkeep\n|turn|8\n|\n|t:|1700234174\n|move|p2a: lighter|Shadow Ball|p1a: Heatran\n|-crit|p1a: Heatran\n|-damage|p1a: Heatran|36\/100\n|-unboost|p1a: Heatran|spd|1\n|move|p1a: Heatran|Magma Storm|p2b: heating up\n|-resisted|p2b: heating up\n|-damage|p2b: heating up|48\/100\n|-activate|p2b: heating up|move: Magma Storm|[of] p1a: Heatran\n|move|p2b: heating up|Roost|p2b: heating up\n|-heal|p2b: heating up|98\/100\n|-singleturn|p2b: heating up|move: Roost\n|\n|-damage|p2b: heating up|85\/100|[from] move: Magma Storm|[partiallytrapped]\n|upkeep\n|turn|9\n|\n|t:|1700234188\n|move|p2a: lighter|Shadow Ball|p1a: Heatran\n|-damage|p1a: Heatran|7\/100\n|move|p1a: Heatran|Flash Cannon|p2a: lighter\n|-resisted|p2a: lighter\n|-damage|p2a: lighter|0 fnt\n|faint|p2a: lighter\n|move|p2b: heating up|Roost|p2b: heating up\n|-heal|p2b: heating up|100\/100\n|-singleturn|p2b: heating up|move: Roost\n|\n|-damage|p2b: heating up|88\/100|[from] move: Magma Storm|[partiallytrapped]\n|upkeep\n|\n|t:|1700234193\n|switch|p2a: burning|Torkoal, F|100\/100\n|-weather|SunnyDay|[from] ability: Drought|[of] p2a: burning\n|turn|10\n|\n|t:|1700234201\n|move|p1a: Heatran|Heat Wave|p2b: heating up|[spread] p2a,p2b\n|-resisted|p2a: burning\n|-resisted|p2b: heating up\n|-damage|p2a: burning|62\/100\n|-damage|p2b: heating up|52\/100\n|move|p2b: heating up|Solar Beam||[still]\n|-prepare|p2b: heating up|Solar Beam\n|-anim|p2b: heating up|Solar Beam|p1a: Heatran\n|-resisted|p1a: Heatran\n|-damage|p1a: Heatran|0 fnt\n|faint|p1a: Heatran\n|\n|win|lxvliiz\n|raw|aewke's rating: 1301 &rarr; <strong>1274<\/strong><br \/>(-27 for losing)\n|raw|lxvliiz's rating: 1173 &rarr; <strong>1207<\/strong><br \/>(+34 for winning)\n|c|\u2606lxvliiz|gg\n|c|\u2606aewke|gg\n","uploadtime":1700234218,"views":5,"p1id":"aewke","p2id":"lxvliiz","formatid":"gen9nationaldexdoubles","rating":1207,"private":0,"password":""}