{"id":"gen9nationaldexdoubles-1975260934","p1":"lxvliiz","p2":"Star_Blue08","format":"[Gen 9] National Dex Doubles","log":"|j|\u2606lxvliiz\n|j|\u2606Star_Blue08\n|t:|1698174502\n|gametype|doubles\n|player|p1|lxvliiz|101|1096\n|player|p2|Star_Blue08|crasherwake|1070\n|teamsize|p1|6\n|teamsize|p2|6\n|gen|9\n|tier|[Gen 9] National Dex Doubles\n|rated|\n|rule|HP Percentage Mod: HP is shown in percentages\n|rule|Endless Battle Clause: Forcing endless battles is banned\n|rule|OHKO Clause: OHKO moves are banned\n|rule|Evasion Moves Clause: Evasion moves are banned\n|rule|Evasion Abilities Clause: Evasion abilities are banned\n|rule|Species Clause: Limit one of each Pok\u00e9mon\n|rule|Gravity Sleep Clause: The combination of sleep-inducing moves with imperfect accuracy and Gravity or Gigantamax Orbeetle are banned\n|clearpoke\n|poke|p1|Eevee, F|\n|poke|p1|Oricorio-Sensu, F|\n|poke|p1|Ogerpon-Cornerstone, F|\n|poke|p1|Jirachi|\n|poke|p1|Volcarona, M|\n|poke|p1|Latias, F|\n|poke|p2|Clamperl, M|\n|poke|p2|Araquanid, M|\n|poke|p2|Pelipper, M|\n|poke|p2|Ogerpon-Wellspring, F|\n|poke|p2|Ribombee, F|\n|poke|p2|Omastar, F|\n|teampreview\n|inactive|Battle timer is ON: inactive players will automatically lose when time's up. (requested by Star_Blue08)\n|\n|t:|1698174510\n|start\n|switch|p1a: Ogerpon|Ogerpon-Cornerstone, F|100\/100\n|switch|p1b: Eevee|Eevee, F|100\/100\n|switch|p2a: Peppep|Pelipper, M|100\/100\n|switch|p2b: Big bad spydar|Araquanid, M|100\/100\n|-weather|RainDance|[from] ability: Drizzle|[of] p2a: Peppep\n|turn|1\n|\n|t:|1698174527\n|move|p1a: Ogerpon|Follow Me|p1a: Ogerpon\n|-singleturn|p1a: Ogerpon|move: Follow Me\n|-zpower|p1b: Eevee\n|move|p1b: Eevee|Extreme Evoboost|p1b: Eevee\n|-boost|p1b: Eevee|atk|2\n|-boost|p1b: Eevee|def|2\n|-boost|p1b: Eevee|spa|2\n|-boost|p1b: Eevee|spd|2\n|-boost|p1b: Eevee|spe|2\n|move|p2a: Peppep|Hurricane|p1a: Ogerpon\n|-damage|p1a: Ogerpon|61\/100\n|move|p2b: Big bad spydar|Sticky Web|p1b: Eevee\n|-sidestart|p1: lxvliiz|move: Sticky Web\n|\n|-weather|RainDance|[upkeep]\n|upkeep\n|turn|2\n|\n|t:|1698174538\n|move|p1a: Ogerpon|Follow Me|p1a: Ogerpon\n|-singleturn|p1a: Ogerpon|move: Follow Me\n|move|p1b: Eevee|Baton Pass|p1b: Eevee\n|\n|t:|1698174541\n|switch|p1b: Oricorio|Oricorio-Sensu, F|100\/100|[from] Baton Pass\n|move|p2a: Peppep|U-turn|p1a: Ogerpon\n|-supereffective|p1a: Ogerpon\n|-damage|p1a: Ogerpon|36\/100\n|\n|t:|1698174545\n|switch|p2a: Clammy|Clamperl, M|100\/100|[from] U-turn\n|move|p2b: Big bad spydar|Entrainment|p1a: Ogerpon\n|-endability|p1a: Ogerpon|Sturdy|[from] move: Entrainment\n|-ability|p1a: Ogerpon|Water Bubble|[from] move: Entrainment\n|\n|-weather|RainDance|[upkeep]\n|upkeep\n|turn|3\n|\n|t:|1698174556\n|move|p2a: Clammy|Protect|p2a: Clammy\n|-singleturn|p2a: Clammy|Protect\n|move|p1a: Ogerpon|Follow Me|p1a: Ogerpon\n|-singleturn|p1a: Ogerpon|move: Follow Me\n|move|p1b: Oricorio|Quiver Dance|p1b: Oricorio\n|-boost|p1b: Oricorio|spa|1\n|-boost|p1b: Oricorio|spd|1\n|-boost|p1b: Oricorio|spe|1\n|move|p2b: Big bad spydar|Liquidation|p1a: Ogerpon\n|-damage|p1a: Ogerpon|0 fnt\n|faint|p1a: Ogerpon\n|\n|-weather|RainDance|[upkeep]\n|upkeep\n|\n|t:|1698174559\n|switch|p1a: Jirachi|Jirachi|100\/100\n|-activate|p1a: Jirachi|move: Sticky Web\n|-unboost|p1a: Jirachi|spe|1\n|turn|4\n|\n|t:|1698174575\n|-terastallize|p1a: Jirachi|Steel\n|-terastallize|p2a: Clammy|Water\n|move|p1a: Jirachi|Follow Me|p1a: Jirachi\n|-singleturn|p1a: Jirachi|move: Follow Me\n|move|p1b: Oricorio|Quiver Dance|p1b: Oricorio\n|-boost|p1b: Oricorio|spa|1\n|-boost|p1b: Oricorio|spd|1\n|-boost|p1b: Oricorio|spe|1\n|move|p2b: Big bad spydar|Entrainment|p1a: Jirachi\n|-endability|p1a: Jirachi|Serene Grace|[from] move: Entrainment\n|-ability|p1a: Jirachi|Water Bubble|[from] move: Entrainment\n|move|p2a: Clammy|Surf|p1b: Oricorio|[spread] p2b,p1a,p1b\n|-resisted|p2b: Big bad spydar\n|-damage|p2b: Big bad spydar|58\/100\n|-damage|p1a: Jirachi|33\/100\n|-damage|p1b: Oricorio|41\/100\n|\n|-weather|RainDance|[upkeep]\n|-heal|p1a: Jirachi|39\/100|[from] item: Leftovers\n|upkeep\n|turn|5\n|\n|t:|1698174595\n|move|p1a: Jirachi|Protect|p1a: Jirachi\n|-singleturn|p1a: Jirachi|Protect\n|move|p1b: Oricorio|Baton Pass|p1b: Oricorio\n|\n|t:|1698174598\n|switch|p1b: Latias|Latias, F|100\/100|[from] Baton Pass\n|move|p2b: Big bad spydar|Leech Life|p1b: Latias\n|-supereffective|p1b: Latias\n|-damage|p1b: Latias|69\/100\n|-heal|p2b: Big bad spydar|75\/100|[from] drain|[of] p1b: Latias\n|move|p2a: Clammy|Surf|p1a: Jirachi|[spread] p2b,p1b\n|-activate|p1a: Jirachi|move: Protect\n|-resisted|p2b: Big bad spydar\n|-resisted|p1b: Latias\n|-damage|p2b: Big bad spydar|36\/100\n|-damage|p1b: Latias|57\/100\n|\n|-weather|RainDance|[upkeep]\n|-heal|p1a: Jirachi|46\/100|[from] item: Leftovers\n|upkeep\n|turn|6\n|\n|t:|1698174620\n|switch|p2b: Depression|Ogerpon-Wellspring, F|100\/100\n|detailschange|p1b: Latias|Latias-Mega, F\n|-mega|p1b: Latias|Latias|Latiasite\n|move|p1b: Latias|Psychic|p2b: Depression\n|-damage|p2b: Depression|0 fnt\n|faint|p2b: Depression\n|move|p1a: Jirachi|Doom Desire|p2a: Clammy\n|-start|p1a: Jirachi|Doom Desire\n|move|p2a: Clammy|Ice Beam|p1b: Latias\n|-supereffective|p1b: Latias\n|-damage|p1b: Latias|35\/100\n|\n|-weather|RainDance|[upkeep]\n|-heal|p1a: Jirachi|52\/100|[from] item: Leftovers\n|upkeep\n|c|\u2606Star_Blue08|Bruh how much redirection do you have\n|\n|t:|1698174641\n|switch|p2b: Lil thinghy|Ribombee, F|100\/100\n|turn|7\n|c|\u2606lxvliiz|my volcarona has rage powder\n|c|\u2606lxvliiz|so 3 mons\n|\n|t:|1698174665\n|move|p1a: Jirachi|Follow Me|p1a: Jirachi\n|-singleturn|p1a: Jirachi|move: Follow Me\n|move|p1b: Latias|Roost|p1b: Latias\n|-heal|p1b: Latias|85\/100\n|-singleturn|p1b: Latias|move: Roost\n|move|p2b: Lil thinghy|Speed Swap|p1a: Jirachi\n|-activate|p2b: Lil thinghy|move: Speed Swap|[of] p1a: Jirachi\n|move|p2a: Clammy|Surf|p1a: Jirachi|[spread] p2b,p1a,p1b\n|-resisted|p1b: Latias\n|-enditem|p2b: Lil thinghy|Focus Sash\n|-damage|p2b: Lil thinghy|1\/100\n|-damage|p1a: Jirachi|0 fnt\n|-damage|p1b: Latias|72\/100\n|faint|p1a: Jirachi\n|\n|-weather|RainDance|[upkeep]\n|upkeep\n|\n|t:|1698174669\n|switch|p1a: Volcarona|Volcarona, M|100\/100\n|-activate|p1a: Volcarona|move: Sticky Web\n|-unboost|p1a: Volcarona|spe|1\n|turn|8\n|\n|t:|1698174678\n|move|p1a: Volcarona|Rage Powder|p1a: Volcarona\n|-singleturn|p1a: Volcarona|move: Rage Powder\n|move|p1b: Latias|Psychic|p2a: Clammy\n|-damage|p2a: Clammy|0 fnt\n|faint|p2a: Clammy\n|move|p2b: Lil thinghy|Speed Swap|p1a: Volcarona\n|-activate|p2b: Lil thinghy|move: Speed Swap|[of] p1a: Volcarona\n|\n|-weather|none\n|-hint|Doom Desire did not hit because the target is fainted.\n|upkeep\n|\n|t:|1698174683\n|switch|p2a: Peppep|Pelipper, M|100\/100\n|-weather|RainDance|[from] ability: Drizzle|[of] p2a: Peppep\n|turn|9\n|\n|t:|1698174699\n|move|p2b: Lil thinghy|Helping Hand|p2a: Peppep\n|-singleturn|p2a: Peppep|Helping Hand|[of] p2b: Lil thinghy\n|move|p1a: Volcarona|Rage Powder|p1a: Volcarona\n|-singleturn|p1a: Volcarona|move: Rage Powder\n|move|p1b: Latias|Psychic|p2a: Peppep\n|-damage|p2a: Peppep|0 fnt\n|faint|p2a: Peppep\n|\n|-weather|RainDance|[upkeep]\n|upkeep\n|\n|t:|1698174707\n|switch|p2a: The lord\u2019s evo|Omastar, F|100\/100\n|turn|10\n|\n|t:|1698174714\n|move|p2b: Lil thinghy|Helping Hand|p2a: The lord\u2019s evo\n|-singleturn|p2a: The lord\u2019s evo|Helping Hand|[of] p2b: Lil thinghy\n|move|p1a: Volcarona|Rage Powder|p1a: Volcarona\n|-singleturn|p1a: Volcarona|move: Rage Powder\n|move|p1b: Latias|Psychic|p2a: The lord\u2019s evo\n|-damage|p2a: The lord\u2019s evo|0 fnt\n|faint|p2a: The lord\u2019s evo\n|\n|-weather|RainDance|[upkeep]\n|upkeep\n|\n|t:|1698174721\n|switch|p2a: Big bad spydar|Araquanid, M|36\/100\n|turn|11\n|-message|Star_Blue08 forfeited.\n|\n|win|lxvliiz\n|raw|lxvliiz's rating: 1096 &rarr; <strong>1120<\/strong><br \/>(+24 for winning)\n|raw|Star_Blue08's rating: 1070 &rarr; <strong>1051<\/strong><br \/>(-19 for losing)\n|l|\u2606Star_Blue08\n|c|\u2606lxvliiz|srry dude i got 1.2k spa \ud83d\udc80\ud83d\udc80\n","uploadtime":1698174736,"views":4,"p1id":"lxvliiz","p2id":"starblue08","formatid":"gen9nationaldexdoubles","rating":1051,"private":0,"password":""}