{"id":"gen9nationaldexdoubles-1990238987","p1":"saturnc","p2":"XxBlazefirexX","format":"[Gen 9] National Dex Doubles","log":"|j|\u2606saturnc\n|j|\u2606XxBlazefirexX\n|t:|1699942547\n|gametype|doubles\n|player|p1|saturnc|n|1213\n|player|p2|XxBlazefirexX|lance|1079\n|teamsize|p1|6\n|teamsize|p2|6\n|gen|9\n|tier|[Gen 9] National Dex Doubles\n|rated|\n|rule|HP Percentage Mod: HP is shown in percentages\n|rule|Endless Battle Clause: Forcing endless battles is banned\n|rule|OHKO Clause: OHKO moves are banned\n|rule|Evasion Moves Clause: Evasion moves are banned\n|rule|Evasion Abilities Clause: Evasion abilities are banned\n|rule|Species Clause: Limit one of each Pok\u00e9mon\n|rule|Gravity Sleep Clause: The combination of sleep-inducing moves with imperfect accuracy and Gravity or Gigantamax Orbeetle are banned\n|clearpoke\n|poke|p1|Mew|\n|poke|p1|Landorus-Therian, M|\n|poke|p1|Salamence, F|\n|poke|p1|Aggron, M|\n|poke|p1|Regice|\n|poke|p1|Tapu Lele|\n|poke|p2|Victini|\n|poke|p2|Malamar, F|\n|poke|p2|Blastoise, F|\n|poke|p2|Whimsicott, F|\n|poke|p2|Kyurem-Black|\n|poke|p2|Amoonguss, F|\n|teampreview\n|\n|t:|1699942556\n|start\n|switch|p1a: Skamory|Mew, shiny|100\/100\n|switch|p1b: Landorus-Therean|Tapu Lele|100\/100\n|switch|p2a: Contary Victini|Victini|100\/100\n|switch|p2b: The Switchable|Malamar, F|100\/100\n|-fieldstart|move: Psychic Terrain|[from] ability: Psychic Surge|[of] p1b: Landorus-Therean\n|turn|1\n|c|\u2606XxBlazefirexX|we meet again\n|c|\u2606saturnc|yes\n|\n|t:|1699942589\n|move|p1a: Skamory|Imprison|p1a: Skamory\n|-start|p1a: Skamory|move: Imprison\n|cant|p2a: Contary Victini|move: Imprison|Skill Swap\n|move|p1b: Landorus-Therean|Wonder Room|p1b: Landorus-Therean\n|-fieldstart|move: Wonder Room|[of] p1b: Landorus-Therean\n|move|p2b: The Switchable|Sunny Day|p2b: The Switchable\n|-weather|SunnyDay\n|\n|-weather|SunnyDay|[upkeep]\n|upkeep\n|turn|2\n|\n|t:|1699942613\n|move|p2a: Contary Victini|Protect|p2a: Contary Victini\n|-singleturn|p2a: Contary Victini|Protect\n|move|p1a: Skamory|Transform|p2a: Contary Victini\n|-transform|p1a: Skamory|p2a: Contary Victini\n|move|p1b: Landorus-Therean|Calm Mind|p1b: Landorus-Therean\n|-boost|p1b: Landorus-Therean|spa|1\n|-boost|p1b: Landorus-Therean|spd|1\n|move|p2b: The Switchable|Hypnosis|p1a: Skamory\n|-status|p1a: Skamory|slp|[from] move: Hypnosis\n|\n|-weather|SunnyDay|[upkeep]\n|upkeep\n|turn|3\n|c|\u2606XxBlazefirexX|smart\n|\n|t:|1699942641\n|switch|p2a: a random blastoise|Blastoise, F|100\/100\n|cant|p1a: Skamory|slp\n|move|p1b: Landorus-Therean|Moonblast|p2b: The Switchable\n|-supereffective|p2b: The Switchable\n|-damage|p2b: The Switchable|12\/100\n|-enditem|p2b: The Switchable|Sitrus Berry|[eat]\n|-heal|p2b: The Switchable|37\/100|[from] item: Sitrus Berry\n|move|p2b: The Switchable|Topsy-Turvy|p1b: Landorus-Therean\n|-invertboost|p1b: Landorus-Therean|[from] move: Topsy-Turvy\n|\n|-weather|SunnyDay|[upkeep]\n|upkeep\n|turn|4\n|\n|t:|1699942666\n|switch|p1a: Agron|Regice, shiny|100\/100\n|switch|p1b: Tape Lulu|Salamence, F, shiny|100\/100\n|-ability|p1b: Tape Lulu|Intimidate|boost\n|-unboost|p2a: a random blastoise|atk|1\n|-boost|p2b: The Switchable|atk|1\n|switch|p2a: Sussy Healer|Amoonguss, F|100\/100\n|move|p2b: The Switchable|Hypnosis|p1b: Tape Lulu|[miss]\n|-miss|p2b: The Switchable|p1b: Tape Lulu\n|\n|-weather|SunnyDay|[upkeep]\n|upkeep\n|turn|5\n|\n|t:|1699942698\n|switch|p2b: a random blastoise|Blastoise, F|100\/100\n|move|p1b: Tape Lulu|Dragon Dance|p1b: Tape Lulu\n|-boost|p1b: Tape Lulu|atk|1\n|-boost|p1b: Tape Lulu|spe|1\n|move|p1a: Agron|Frost Breath|p2a: Sussy Healer|[miss]\n|-miss|p1a: Agron|p2a: Sussy Healer\n|move|p2a: Sussy Healer|Spore|p1a: Agron\n|-status|p1a: Agron|slp|[from] move: Spore\n|\n|-weather|none\n|-fieldend|move: Wonder Room\n|-fieldend|move: Psychic Terrain\n|upkeep\n|turn|6\n|\n|t:|1699942753\n|move|p1b: Tape Lulu|Dragon Dance|p1b: Tape Lulu\n|-boost|p1b: Tape Lulu|atk|1\n|-boost|p1b: Tape Lulu|spe|1\n|move|p2b: a random blastoise|Toxic|p1b: Tape Lulu\n|-status|p1b: Tape Lulu|tox\n|-enditem|p1b: Tape Lulu|Lum Berry|[eat]\n|-curestatus|p1b: Tape Lulu|tox|[msg]\n|cant|p1a: Agron|slp\n|move|p2a: Sussy Healer|Clear Smog|p1b: Tape Lulu\n|-damage|p1b: Tape Lulu|82\/100\n|-clearboost|p1b: Tape Lulu\n|\n|upkeep\n|turn|7\n|\n|t:|1699942782\n|move|p1b: Tape Lulu|Breaking Swipe|p2b: a random blastoise|[spread] p2a,p2b\n|-damage|p2a: Sussy Healer|75\/100\n|-damage|p2b: a random blastoise|82\/100\n|-unboost|p2a: Sussy Healer|atk|1\n|-unboost|p2b: a random blastoise|atk|1\n|move|p2b: a random blastoise|Flip Turn|p1b: Tape Lulu\n|-resisted|p1b: Tape Lulu\n|-damage|p1b: Tape Lulu|75\/100\n|\n|t:|1699942793\n|switch|p2b: Contary Victini|Victini|100\/100|[from] Flip Turn\n|cant|p1a: Agron|slp\n|move|p2a: Sussy Healer|Spore|p1b: Tape Lulu\n|-status|p1b: Tape Lulu|slp|[from] move: Spore\n|\n|upkeep\n|turn|8\n|\n|t:|1699942821\n|switch|p1b: Salamance|Landorus-Therian, M|100\/100\n|-ability|p1b: Salamance|Intimidate|boost\n|-unboost|p2a: Sussy Healer|atk|1\n|-unboost|p2b: Contary Victini|atk|1\n|switch|p2a: The Switchable|Malamar, F|37\/100\n|move|p2b: Contary Victini|Skill Swap|p2a: The Switchable\n|-activate|p2b: Contary Victini|move: Skill Swap|||[of] p2a: The Switchable\n|-curestatus|p1a: Agron|slp|[msg]\n|move|p1a: Agron|Frost Breath|p2a: The Switchable\n|-crit|p2a: The Switchable\n|-damage|p2a: The Switchable|0 fnt\n|faint|p2a: The Switchable\n|\n|upkeep\n|\n|t:|1699942834\n|switch|p2a: The Tickler|Whimsicott, F|100\/100\n|turn|9\n|\n|t:|1699942845\n|move|p2a: The Tickler|Tailwind|p2a: The Tickler\n|-sidestart|p2: XxBlazefirexX|move: Tailwind\n|move|p2b: Contary Victini|V-create|p1a: Agron\n|-supereffective|p1a: Agron\n|-damage|p1a: Agron|0 fnt\n|-boost|p2b: Contary Victini|spe|1\n|-boost|p2b: Contary Victini|def|1\n|-boost|p2b: Contary Victini|spd|1\n|faint|p1a: Agron\n|move|p1b: Salamance|U-turn|p2a: The Tickler\n|-damage|p2a: The Tickler|39\/100\n|\n|t:|1699942856\n|switch|p1b: Tape Lulu|Salamence, F, shiny|75\/100 slp|[from] U-turn\n|-ability|p1b: Tape Lulu|Intimidate|boost\n|-unboost|p2a: The Tickler|atk|1\n|-boost|p2b: Contary Victini|atk|1\n|\n|upkeep\n|\n|t:|1699942877\n|switch|p1a: Ragice|Aggron, M|100\/100\n|turn|10\n|\n|t:|1699942906\n|move|p2a: The Tickler|Tickle|p2b: Contary Victini\n|-boost|p2b: Contary Victini|atk|1\n|-boost|p2b: Contary Victini|def|1\n|move|p2b: Contary Victini|V-create|p1a: Ragice\n|-damage|p1a: Ragice|46\/100\n|-boost|p2b: Contary Victini|spe|1\n|-boost|p2b: Contary Victini|def|1\n|-boost|p2b: Contary Victini|spd|1\n|cant|p1b: Tape Lulu|slp\n|move|p1a: Ragice|Stealth Rock|p2a: The Tickler\n|-sidestart|p2: XxBlazefirexX|move: Stealth Rock\n|\n|upkeep\n|turn|11\n|\n|t:|1699942925\n|detailschange|p1a: Ragice|Aggron-Mega, M\n|-mega|p1a: Ragice|Aggron|Aggronite\n|-curestatus|p1b: Tape Lulu|slp|[msg]\n|move|p1b: Tape Lulu|Helping Hand|p1a: Ragice\n|-singleturn|p1a: Ragice|Helping Hand|[of] p1b: Tape Lulu\n|move|p2a: The Tickler|Tickle|p2b: Contary Victini\n|-boost|p2b: Contary Victini|atk|1\n|-boost|p2b: Contary Victini|def|1\n|move|p2b: Contary Victini|V-create|p1a: Ragice\n|-supereffective|p1a: Ragice\n|-damage|p1a: Ragice|0 fnt\n|-boost|p2b: Contary Victini|spe|1\n|-boost|p2b: Contary Victini|def|1\n|-boost|p2b: Contary Victini|spd|1\n|faint|p1a: Ragice\n|\n|upkeep\n|\n|t:|1699942936\n|switch|p1a: Landorus-Therean|Tapu Lele|100\/100\n|-fieldstart|move: Psychic Terrain|[from] ability: Psychic Surge|[of] p1a: Landorus-Therean\n|turn|12\n|\n|t:|1699942957\n|move|p1b: Tape Lulu|Helping Hand|p1a: Landorus-Therean\n|-singleturn|p1a: Landorus-Therean|Helping Hand|[of] p1b: Tape Lulu\n|move|p2a: The Tickler|Tickle|p2b: Contary Victini\n|-boost|p2b: Contary Victini|atk|1\n|-boost|p2b: Contary Victini|def|1\n|move|p2b: Contary Victini|V-create|p1a: Landorus-Therean\n|-damage|p1a: Landorus-Therean|0 fnt\n|-boost|p2b: Contary Victini|spe|1\n|-boost|p2b: Contary Victini|spd|1\n|faint|p1a: Landorus-Therean\n|\n|-sideend|p2: XxBlazefirexX|move: Tailwind\n|upkeep\n|\n|t:|1699942967\n|switch|p1a: Skamory|Mew, shiny|100\/100 slp\n|turn|13\n|\n|t:|1699942978\n|move|p2a: The Tickler|Tailwind|p2a: The Tickler\n|-sidestart|p2: XxBlazefirexX|move: Tailwind\n|move|p2b: Contary Victini|V-create|p1a: Skamory\n|-damage|p1a: Skamory|0 fnt\n|-boost|p2b: Contary Victini|spe|1\n|-boost|p2b: Contary Victini|spd|1\n|faint|p1a: Skamory\n|move|p1b: Tape Lulu|Dragon Dance|p1b: Tape Lulu\n|-boost|p1b: Tape Lulu|atk|1\n|-boost|p1b: Tape Lulu|spe|1\n|\n|upkeep\n|\n|t:|1699942984\n|switch|p1a: Salamance|Landorus-Therian, M|100\/100\n|-ability|p1a: Salamance|Intimidate|boost\n|-unboost|p2a: The Tickler|atk|1\n|-boost|p2b: Contary Victini|atk|1\n|turn|14\n|\n|t:|1699942996\n|move|p2a: The Tickler|Tickle|p2b: Contary Victini\n|-boost|p2b: Contary Victini|atk|1\n|-boost|p2b: Contary Victini|def|0\n|move|p2b: Contary Victini|V-create|p1b: Tape Lulu\n|-resisted|p1b: Tape Lulu\n|-damage|p1b: Tape Lulu|0 fnt\n|-boost|p2b: Contary Victini|spe|1\n|-boost|p2b: Contary Victini|spd|1\n|faint|p1b: Tape Lulu\n|move|p1a: Salamance|Earthquake|p2a: The Tickler|[spread] p2a,p2b\n|-resisted|p2a: The Tickler\n|-supereffective|p2b: Contary Victini\n|-damage|p2a: The Tickler|0 fnt\n|-damage|p2b: Contary Victini|68\/100\n|faint|p2a: The Tickler\n|\n|upkeep\n|-message|saturnc forfeited.\n|\n|win|XxBlazefirexX\n|raw|saturnc's rating: 1213 &rarr; <strong>1179<\/strong><br \/>(-34 for losing)\n|raw|XxBlazefirexX's rating: 1079 &rarr; <strong>1117<\/strong><br \/>(+38 for winning)\n|l|\u2606saturnc\n|c|\u2606XxBlazefirexX|gg\n","uploadtime":1699943025,"views":9,"p1id":"saturnc","p2id":"xxblazefirexx","formatid":"gen9nationaldexdoubles","rating":1117,"private":0,"password":""}