{"id":"gen9nationaldexdoubles-1983411197","p1":"sadboigaming","p2":"13KStephen","format":"[Gen 9] National Dex Doubles","log":"|j|\u2606sadboigaming\n|j|\u260613KStephen\n|t:|1699127284\n|gametype|doubles\n|player|p1|sadboigaming|unknown|1110\n|player|p2|13KStephen|lucas|1091\n|teamsize|p1|6\n|teamsize|p2|6\n|gen|9\n|tier|[Gen 9] National Dex Doubles\n|rated|\n|rule|HP Percentage Mod: HP is shown in percentages\n|rule|Endless Battle Clause: Forcing endless battles is banned\n|rule|OHKO Clause: OHKO moves are banned\n|rule|Evasion Moves Clause: Evasion moves are banned\n|rule|Evasion Abilities Clause: Evasion abilities are banned\n|rule|Species Clause: Limit one of each Pok\u00e9mon\n|rule|Gravity Sleep Clause: The combination of sleep-inducing moves with imperfect accuracy and Gravity or Gigantamax Orbeetle are banned\n|clearpoke\n|poke|p1|Coalossal, M|\n|poke|p1|Wimpod, M|\n|poke|p1|Iron Hands|\n|poke|p1|Rillaboom, F|\n|poke|p1|Goodra-Hisui, M|\n|poke|p1|Oranguru, F|\n|poke|p2|Absol, F|\n|poke|p2|Flutter Mane|\n|poke|p2|Conkeldurr, F|\n|poke|p2|Torkoal, M|\n|poke|p2|Leafeon, M|\n|poke|p2|Gastrodon, M|\n|teampreview\n|\n|t:|1699127315\n|start\n|switch|p1a: Wimpod|Wimpod, M|100\/100\n|switch|p1b: Coalossal|Coalossal, M|100\/100\n|switch|p2a: Mr. Brightside|Torkoal, M|100\/100\n|switch|p2b: The Violence|Conkeldurr, F|100\/100\n|-weather|SunnyDay|[from] ability: Drought|[of] p2a: Mr. Brightside\n|turn|1\n|\n|t:|1699127347\n|move|p1a: Wimpod|Aqua Jet|p1b: Coalossal\n|-supereffective|p1b: Coalossal\n|-damage|p1b: Coalossal|94\/100\n|-ability|p1b: Coalossal|Steam Engine|boost\n|-boost|p1b: Coalossal|spe|6\n|-enditem|p1b: Coalossal|Weakness Policy\n|-boost|p1b: Coalossal|atk|2|[from] item: Weakness Policy\n|-boost|p1b: Coalossal|spa|2|[from] item: Weakness Policy\n|move|p1b: Coalossal|Earth Power|p2a: Mr. Brightside\n|-supereffective|p2a: Mr. Brightside\n|-damage|p2a: Mr. Brightside|0 fnt\n|faint|p2a: Mr. Brightside\n|move|p2b: The Violence|Drain Punch|p1b: Coalossal\n|-supereffective|p1b: Coalossal\n|-damage|p1b: Coalossal|33\/100\n|\n|-weather|SunnyDay|[upkeep]\n|-status|p2b: The Violence|brn|[from] item: Flame Orb\n|upkeep\n|\n|t:|1699127366\n|switch|p2a: Dorian|Leafeon, M|100\/100\n|turn|2\n|\n|t:|1699127384\n|move|p1b: Coalossal|Heat Wave|p2b: The Violence|[spread] p2b\n|-miss|p1b: Coalossal|p2a: Dorian\n|-damage|p2b: The Violence|0 fnt\n|faint|p2b: The Violence\n|move|p2a: Dorian|Leaf Blade|p1b: Coalossal\n|-damage|p1b: Coalossal|0 fnt\n|faint|p1b: Coalossal\n|move|p1a: Wimpod|Spikes|p2a: Dorian\n|-sidestart|p2: 13KStephen|Spikes\n|\n|-weather|SunnyDay|[upkeep]\n|upkeep\n|\n|t:|1699127397\n|switch|p1b: Goodra|Goodra-Hisui, M|100\/100\n|switch|p2b: Flutter Mane|Flutter Mane|100\/100\n|-damage|p2b: Flutter Mane|88\/100|[from] Spikes\n|-activate|p2b: Flutter Mane|ability: Protosynthesis\n|-start|p2b: Flutter Mane|protosynthesisspe\n|turn|3\n|\n|t:|1699127417\n|move|p2b: Flutter Mane|Moonblast|p1b: Goodra\n|-damage|p1b: Goodra|49\/100\n|move|p2a: Dorian|Leaf Blade|p1a: Wimpod\n|-damage|p1a: Wimpod|0 fnt\n|faint|p1a: Wimpod\n|move|p1b: Goodra|Sludge Bomb|p2a: Dorian\n|-supereffective|p2a: Dorian\n|-damage|p2a: Dorian|23\/100\n|-status|p2a: Dorian|psn\n|\n|-weather|SunnyDay|[upkeep]\n|-heal|p1b: Goodra|55\/100|[from] item: Leftovers\n|-damage|p2a: Dorian|11\/100 psn|[from] psn\n|upkeep\n|\n|t:|1699127430\n|switch|p1a: Iron Hands|Iron Hands|100\/100\n|turn|4\n|\n|t:|1699127448\n|move|p2b: Flutter Mane|Moonblast|p1b: Goodra\n|-damage|p1b: Goodra|8\/100\n|move|p2a: Dorian|Double Kick|p1b: Goodra\n|-supereffective|p1b: Goodra\n|-damage|p1b: Goodra|0 fnt\n|faint|p1b: Goodra\n|-hitcount|p1: Goodra|1\n|move|p1a: Iron Hands|Heavy Slam|p2b: Flutter Mane\n|-supereffective|p2b: Flutter Mane\n|-damage|p2b: Flutter Mane|0 fnt\n|faint|p2b: Flutter Mane\n|-end|p2b: Flutter Mane|Protosynthesis|[silent]\n|\n|-weather|SunnyDay|[upkeep]\n|-damage|p2a: Dorian|0 fnt|[from] psn\n|faint|p2a: Dorian\n|upkeep\n|\n|t:|1699127468\n|switch|p2b: Chloe|Absol, F|100\/100\n|switch|p2a: Nessie|Gastrodon, M|100\/100\n|switch|p1b: Rillaboom|Rillaboom, F|100\/100\n|-damage|p2b: Chloe|88\/100|[from] Spikes\n|-fieldstart|move: Grassy Terrain|[from] ability: Grassy Surge|[of] p1b: Rillaboom\n|-damage|p2a: Nessie|88\/100|[from] Spikes\n|turn|5\n|\n|t:|1699127485\n|move|p2a: Nessie|Protect|p2a: Nessie\n|-singleturn|p2a: Nessie|Protect\n|move|p2b: Chloe|Psycho Cut|p1b: Rillaboom\n|-crit|p1b: Rillaboom\n|-damage|p1b: Rillaboom|66\/100\n|move|p1b: Rillaboom|Wood Hammer|p2a: Nessie\n|-activate|p2a: Nessie|move: Protect\n|move|p1a: Iron Hands|Drain Punch|p2b: Chloe\n|-supereffective|p2b: Chloe\n|-damage|p2b: Chloe|0 fnt\n|faint|p2b: Chloe\n|\n|-weather|none\n|-heal|p1b: Rillaboom|72\/100|[from] Grassy Terrain\n|-heal|p2a: Nessie|94\/100|[from] Grassy Terrain\n|-heal|p2a: Nessie|99\/100|[from] item: Leftovers\n|upkeep\n|turn|6\n|-message|13KStephen forfeited.\n|\n|win|sadboigaming\n|raw|sadboigaming's rating: 1110 &rarr; <strong>1134<\/strong><br \/>(+24 for winning)\n|raw|13KStephen's rating: 1091 &rarr; <strong>1069<\/strong><br \/>(-22 for losing)\n|l|\u260613KStephen\n","uploadtime":1699127506,"views":13,"p1id":"sadboigaming","p2id":"13kstephen","formatid":"gen9nationaldexdoubles","rating":1069,"private":0,"password":""}