{"id":"gen9nationaldexdoubles-1982078561","p1":"LordHisuiArk","p2":"El Ryuk456","format":"[Gen 9] National Dex Doubles","log":"|j|\u2606LordHisuiArk\n|j|\u2606El Ryuk456\n|t:|1698965659\n|gametype|doubles\n|player|p1|LordHisuiArk|169|1204\n|player|p2|El Ryuk456|ingo|1461\n|teamsize|p1|6\n|teamsize|p2|6\n|gen|9\n|tier|[Gen 9] National Dex Doubles\n|rated|\n|rule|HP Percentage Mod: HP is shown in percentages\n|rule|Endless Battle Clause: Forcing endless battles is banned\n|rule|OHKO Clause: OHKO moves are banned\n|rule|Evasion Moves Clause: Evasion moves are banned\n|rule|Evasion Abilities Clause: Evasion abilities are banned\n|rule|Species Clause: Limit one of each Pok\u00e9mon\n|rule|Gravity Sleep Clause: The combination of sleep-inducing moves with imperfect accuracy and Gravity or Gigantamax Orbeetle are banned\n|clearpoke\n|poke|p1|Aggron, F|\n|poke|p1|Ogerpon-Wellspring, F|\n|poke|p1|Garganacl, F|\n|poke|p1|Kommo-o, F|\n|poke|p1|Urshifu-*, M|\n|poke|p1|Heatran, M|\n|poke|p2|Tornadus, M|\n|poke|p2|Chi-Yu|\n|poke|p2|Krookodile, M|\n|poke|p2|Salamence, M|\n|poke|p2|Arcanine-Hisui, M|\n|poke|p2|Amoonguss, F|\n|teampreview\n|inactive|Battle timer is ON: inactive players will automatically lose when time's up. (requested by LordHisuiArk)\n|inactive|El Ryuk456 has 120 seconds left.\n|\n|t:|1698965690\n|start\n|switch|p1a: Ogerpon|Ogerpon-Wellspring, F|100\/100\n|switch|p1b: Urshifu|Urshifu-Rapid-Strike, M|100\/100\n|switch|p2a: Tornadus|Tornadus, M|100\/100\n|switch|p2b: Blue Flame|Salamence, M|100\/100\n|-ability|p2b: Blue Flame|Intimidate|boost\n|-unboost|p1a: Ogerpon|atk|1\n|-unboost|p1b: Urshifu|atk|1\n|turn|1\n|\n|t:|1698965715\n|detailschange|p2b: Blue Flame|Salamence-Mega, M\n|-mega|p2b: Blue Flame|Salamence|Salamencite\n|move|p1a: Ogerpon|Follow Me|p1a: Ogerpon\n|-singleturn|p1a: Ogerpon|move: Follow Me\n|move|p2a: Tornadus|Tailwind|p2a: Tornadus\n|-sidestart|p2: El Ryuk456|move: Tailwind\n|move|p2b: Blue Flame|Hyper Voice|p1a: Ogerpon|[spread] p1a,p1b\n|-supereffective|p1a: Ogerpon\n|-supereffective|p1b: Urshifu\n|-damage|p1a: Ogerpon|13\/100\n|-damage|p1b: Urshifu|0 fnt\n|faint|p1b: Urshifu\n|\n|upkeep\n|inactive|LordHisuiArk has 120 seconds left.\n|\n|t:|1698965731\n|switch|p1b: Garganacl|Garganacl, F, shiny|100\/100\n|turn|2\n|inactive|El Ryuk456 has 120 seconds left.\n|\n|t:|1698965777\n|switch|p2a: Chi-Yu|Chi-Yu|100\/100\n|-ability|p2a: Chi-Yu|Beads of Ruin\n|move|p1a: Ogerpon|Spiky Shield|p1a: Ogerpon\n|-singleturn|p1a: Ogerpon|move: Protect\n|move|p2b: Blue Flame|Hyper Voice|p1b: Garganacl|[spread] p1b\n|-activate|p1a: Ogerpon|move: Protect\n|-resisted|p1b: Garganacl\n|-damage|p1b: Garganacl|77\/100\n|move|p1b: Garganacl|Salt Cure|p2b: Blue Flame\n|-supereffective|p2b: Blue Flame\n|-damage|p2b: Blue Flame|70\/100\n|-start|p2b: Blue Flame|Salt Cure\n|\n|-heal|p1b: Garganacl|83\/100|[from] item: Leftovers\n|-damage|p2b: Blue Flame|58\/100|[from] Salt Cure\n|upkeep\n|turn|3\n|inactive|El Ryuk456 has 120 seconds left.\n|\n|t:|1698965804\n|move|p1b: Garganacl|Protect|p1b: Garganacl\n|-singleturn|p1b: Garganacl|Protect\n|move|p2b: Blue Flame|Hyper Voice|p1b: Garganacl|[spread] p1a\n|-activate|p1b: Garganacl|move: Protect\n|-supereffective|p1a: Ogerpon\n|-damage|p1a: Ogerpon|0 fnt\n|faint|p1a: Ogerpon\n|-zpower|p2a: Chi-Yu\n|move|p2a: Chi-Yu|Inferno Overdrive|p1b: Garganacl|[zeffect]\n|-resisted|p1b: Garganacl\n|-zbroken|p1b: Garganacl\n|-damage|p1b: Garganacl|69\/100\n|\n|-heal|p1b: Garganacl|75\/100|[from] item: Leftovers\n|-damage|p2b: Blue Flame|46\/100|[from] Salt Cure\n|upkeep\n|inactive|LordHisuiArk has 120 seconds left.\n|\n|t:|1698965828\n|switch|p1a: Kommo-o|Kommo-o, F|100\/100\n|turn|4\n|inactive|LordHisuiArk has 120 seconds left.\n|\n|t:|1698965845\n|move|p2b: Blue Flame|Hyper Voice|p1b: Garganacl|[spread] p1a,p1b\n|-supereffective|p1a: Kommo-o\n|-resisted|p1b: Garganacl\n|-damage|p1a: Kommo-o|0 fnt\n|-damage|p1b: Garganacl|52\/100\n|faint|p1a: Kommo-o\n|move|p2a: Chi-Yu|Overheat|p1b: Garganacl\n|-resisted|p1b: Garganacl\n|-damage|p1b: Garganacl|12\/100\n|-unboost|p2a: Chi-Yu|spa|2\n|move|p1b: Garganacl|Salt Cure|p2b: Blue Flame\n|-supereffective|p2b: Blue Flame\n|-damage|p2b: Blue Flame|17\/100\n|\n|-heal|p1b: Garganacl|19\/100|[from] item: Leftovers\n|-damage|p2b: Blue Flame|5\/100|[from] Salt Cure\n|-sideend|p2: El Ryuk456|move: Tailwind\n|upkeep\n|inactive|LordHisuiArk has 120 seconds left.\n|\n|t:|1698965860\n|switch|p1a: Aggron|Aggron, F|100\/100\n|turn|5\n|\n|t:|1698965870\n|detailschange|p1a: Aggron|Aggron-Mega, F\n|-mega|p1a: Aggron|Aggron|Aggronite\n|move|p2b: Blue Flame|Hyper Voice|p1a: Aggron|[spread] p1a,p1b\n|-resisted|p1a: Aggron\n|-resisted|p1b: Garganacl\n|-damage|p1a: Aggron|68\/100\n|-damage|p1b: Garganacl|0 fnt\n|faint|p1b: Garganacl\n|move|p2a: Chi-Yu|Heat Wave|p1a: Aggron\n|-supereffective|p1a: Aggron\n|-damage|p1a: Aggron|7\/100\n|move|p1a: Aggron|Heavy Slam|p2a: Chi-Yu\n|-resisted|p2a: Chi-Yu\n|-damage|p2a: Chi-Yu|62\/100\n|\n|-damage|p2b: Blue Flame|0 fnt|[from] Salt Cure\n|faint|p2b: Blue Flame\n|upkeep\n|-message|LordHisuiArk forfeited.\n|\n|win|El Ryuk456\n|raw|LordHisuiArk's rating: 1204 &rarr; <strong>1195<\/strong><br \/>(-9 for losing)\n|raw|El Ryuk456's rating: 1461 &rarr; <strong>1468<\/strong><br \/>(+7 for winning)\n|l|\u2606LordHisuiArk\n","uploadtime":1698965895,"views":5,"p1id":"lordhisuiark","p2id":"elryuk456","formatid":"gen9nationaldexdoubles","rating":1195,"private":0,"password":""}