{"id":"gen9nationaldexdoubles-1996707596","p1":"El Ryuk456","p2":"S1r.sweepsaLot","format":"[Gen 9] National Dex Doubles","log":"|j|\u2606El Ryuk456\n|j|\u2606S1r.sweepsaLot\n|t:|1700712466\n|gametype|doubles\n|player|p1|El Ryuk456|ingo|1368\n|player|p2|S1r.sweepsaLot|marshal|1440\n|teamsize|p1|6\n|teamsize|p2|6\n|gen|9\n|tier|[Gen 9] National Dex Doubles\n|rated|\n|rule|HP Percentage Mod: HP is shown in percentages\n|rule|Endless Battle Clause: Forcing endless battles is banned\n|rule|OHKO Clause: OHKO moves are banned\n|rule|Evasion Moves Clause: Evasion moves are banned\n|rule|Evasion Abilities Clause: Evasion abilities are banned\n|rule|Species Clause: Limit one of each Pok\u00e9mon\n|rule|Gravity Sleep Clause: The combination of sleep-inducing moves with imperfect accuracy and Gravity or Gigantamax Orbeetle are banned\n|clearpoke\n|poke|p1|Audino, F|\n|poke|p1|Ogerpon-Cornerstone, F|\n|poke|p1|Mimikyu, M|\n|poke|p1|Gholdengo|\n|poke|p1|Moltres-Galar|\n|poke|p1|Zorua-Hisui, M|\n|poke|p2|Tyranitar, F|\n|poke|p2|Excadrill, M|\n|poke|p2|Farigiraf, F|\n|poke|p2|Rillaboom, M|\n|poke|p2|Kommo-o, F|\n|poke|p2|Incineroar, M|\n|teampreview\n|\n|t:|1700712497\n|start\n|switch|p1a: Mimikyu|Mimikyu, M|100\/100\n|switch|p1b: Ogerpon|Ogerpon-Cornerstone, F|100\/100\n|switch|p2a: Bulktar|Tyranitar, F|100\/100\n|switch|p2b: Rootbeer|Excadrill, M|100\/100\n|-weather|Sandstorm|[from] ability: Sand Stream|[of] p2a: Bulktar\n|turn|1\n|inactive|Battle timer is ON: inactive players will automatically lose when time's up. (requested by El Ryuk456)\n|\n|t:|1700712512\n|switch|p2b: Furry|Incineroar, M|100\/100\n|-ability|p2b: Furry|Intimidate|boost\n|-unboost|p1a: Mimikyu|atk|1\n|-unboost|p1b: Ogerpon|atk|1\n|move|p1b: Ogerpon|Spiky Shield|p1b: Ogerpon\n|-singleturn|p1b: Ogerpon|move: Protect\n|move|p2a: Bulktar|Rock Slide|p1a: Mimikyu|[spread] p1a\n|-activate|p1b: Ogerpon|move: Protect\n|-activate|p1a: Mimikyu|ability: Disguise\n|-damage|p1a: Mimikyu|100\/100\n|detailschange|p1a: Mimikyu|Mimikyu-Busted, M\n|-damage|p1a: Mimikyu|88\/100|[from] pokemon: Mimikyu-Busted\n|move|p1a: Mimikyu|Trick Room|p1a: Mimikyu\n|-fieldstart|move: Trick Room|[of] p1a: Mimikyu\n|\n|-weather|Sandstorm|[upkeep]\n|-damage|p2b: Furry|94\/100|[from] Sandstorm\n|-damage|p1a: Mimikyu|82\/100|[from] Sandstorm\n|upkeep\n|turn|2\n|inactive|S1r.sweepsaLot has 120 seconds left.\n|\n|t:|1700712544\n|switch|p1b: Audino|Audino, F|100\/100\n|move|p2b: Furry|Flare Blitz|p1a: Mimikyu\n|-damage|p1a: Mimikyu|25\/100\n|-damage|p2b: Furry|80\/100|[from] Recoil\n|move|p2a: Bulktar|Knock Off|p1b: Audino\n|-damage|p1b: Audino|71\/100\n|move|p1a: Mimikyu|Will-O-Wisp|p2a: Bulktar\n|-status|p2a: Bulktar|brn\n|\n|-weather|Sandstorm|[upkeep]\n|-damage|p1b: Audino|64\/100|[from] Sandstorm\n|-damage|p2b: Furry|74\/100|[from] Sandstorm\n|-damage|p1a: Mimikyu|19\/100|[from] Sandstorm\n|-damage|p2a: Bulktar|94\/100 brn|[from] brn\n|upkeep\n|turn|3\n|\n|t:|1700712572\n|detailschange|p1b: Audino|Audino-Mega, F\n|-mega|p1b: Audino|Audino|Audinite\n|move|p1b: Audino|Wish|p1b: Audino\n|move|p2b: Furry|Parting Shot|p1b: Audino\n|-unboost|p1b: Audino|atk|1\n|-unboost|p1b: Audino|spa|1\n|\n|t:|1700712578\n|switch|p2b: Chain Chomp|Farigiraf, F|100\/100|[from] Parting Shot\n|move|p2a: Bulktar|Knock Off|p1a: Mimikyu\n|-damage|p1a: Mimikyu|0 fnt\n|faint|p1a: Mimikyu\n|\n|-weather|Sandstorm|[upkeep]\n|-damage|p1b: Audino|58\/100|[from] Sandstorm\n|-damage|p2a: Bulktar|88\/100 brn|[from] brn\n|upkeep\n|\n|t:|1700712590\n|switch|p1a: Moltres|Moltres-Galar|100\/100\n|turn|4\n|\n|t:|1700712611\n|-terastallize|p2b: Chain Chomp|Fairy\n|move|p1b: Audino|Light Screen|p1b: Audino\n|-sidestart|p1: El Ryuk456|move: Light Screen\n|move|p2a: Bulktar|Knock Off|p1a: Moltres\n|-resisted|p1a: Moltres\n|-damage|p1a: Moltres|89\/100\n|-enditem|p1a: Moltres|Sitrus Berry|[from] move: Knock Off|[of] p2a: Bulktar\n|move|p1a: Moltres|Nasty Plot|p1a: Moltres\n|-boost|p1a: Moltres|spa|2\n|move|p2b: Chain Chomp|Trick Room|p2b: Chain Chomp\n|-fieldend|move: Trick Room\n|\n|-weather|Sandstorm|[upkeep]\n|-damage|p1a: Moltres|83\/100|[from] Sandstorm\n|-damage|p1b: Audino|52\/100|[from] Sandstorm\n|-heal|p1b: Audino|100\/100|[from] move: Wish|[wisher] Audino\n|-damage|p2a: Bulktar|82\/100 brn|[from] brn\n|upkeep\n|turn|5\n|\n|t:|1700712640\n|switch|p2a: Rootbeer|Excadrill, M|100\/100\n|move|p1a: Moltres|Nasty Plot|p1a: Moltres\n|-boost|p1a: Moltres|spa|2\n|move|p2b: Chain Chomp|Psychic|p1b: Audino\n|-damage|p1b: Audino|87\/100\n|move|p1b: Audino|Wish|p1b: Audino\n|\n|-weather|none\n|upkeep\n|turn|6\n|\n|t:|1700712656\n|switch|p2b: Bulktar|Tyranitar, F|82\/100 brn\n|-weather|Sandstorm|[from] ability: Sand Stream|[of] p2b: Bulktar\n|move|p1b: Audino|Ally Switch|p1b: Audino\n|swap|p1b: Audino|0|[from] move: Ally Switch\n|move|p2a: Rootbeer|Swords Dance|p2a: Rootbeer\n|-boost|p2a: Rootbeer|atk|2\n|move|p1b: Moltres|Fiery Wrath|p2b: Bulktar|[spread] p2a,p2b\n|-resisted|p2b: Bulktar\n|-damage|p2a: Rootbeer|0 fnt\n|-damage|p2b: Bulktar|67\/100 brn\n|faint|p2a: Rootbeer\n|\n|-weather|Sandstorm|[upkeep]\n|-damage|p1b: Moltres|77\/100|[from] Sandstorm\n|-damage|p1a: Audino|81\/100|[from] Sandstorm\n|-heal|p1b: Moltres|100\/100|[from] move: Wish|[wisher] Audino\n|-damage|p2b: Bulktar|61\/100 brn|[from] brn\n|upkeep\n|inactive|S1r.sweepsaLot has 120 seconds left.\n|\n|t:|1700712677\n|switch|p2a: Dragon Warrior|Kommo-o, F|100\/100\n|turn|7\n|\n|t:|1700712689\n|move|p1b: Moltres|Fiery Wrath|p2b: Bulktar|[spread] p2a,p2b\n|-resisted|p2a: Dragon Warrior\n|-resisted|p2b: Bulktar\n|-damage|p2a: Dragon Warrior|68\/100\n|-damage|p2b: Bulktar|46\/100 brn\n|cant|p2a: Dragon Warrior|flinch\n|move|p2b: Bulktar|Rock Slide|p1b: Moltres|[spread] p1a,p1b\n|-supereffective|p1b: Moltres\n|-damage|p1a: Audino|71\/100\n|-damage|p1b: Moltres|73\/100\n|move|p1a: Audino|Wish|p1a: Audino\n|\n|-weather|Sandstorm|[upkeep]\n|-damage|p1b: Moltres|67\/100|[from] Sandstorm\n|-damage|p2a: Dragon Warrior|62\/100|[from] Sandstorm\n|-damage|p1a: Audino|64\/100|[from] Sandstorm\n|-heal|p2a: Dragon Warrior|68\/100|[from] item: Leftovers\n|-damage|p2b: Bulktar|40\/100 brn|[from] brn\n|upkeep\n|turn|8\n|\n|t:|1700712710\n|move|p1b: Moltres|Protect|p1b: Moltres\n|-singleturn|p1b: Moltres|Protect\n|move|p2a: Dragon Warrior|Protect|p2a: Dragon Warrior\n|-singleturn|p2a: Dragon Warrior|Protect\n|move|p2b: Bulktar|Rock Slide|p1a: Audino|[spread] p1a\n|-activate|p1b: Moltres|move: Protect\n|-damage|p1a: Audino|53\/100\n|move|p1a: Audino|Dazzling Gleam|p2a: Dragon Warrior|[spread] p2b\n|-activate|p2a: Dragon Warrior|move: Protect\n|-supereffective|p2b: Bulktar\n|-damage|p2b: Bulktar|32\/100 brn\n|\n|-weather|Sandstorm|[upkeep]\n|-damage|p1b: Moltres|60\/100|[from] Sandstorm\n|-damage|p2a: Dragon Warrior|62\/100|[from] Sandstorm\n|-damage|p1a: Audino|47\/100|[from] Sandstorm\n|-heal|p1a: Audino|97\/100|[from] move: Wish|[wisher] Audino\n|-heal|p2a: Dragon Warrior|68\/100|[from] item: Leftovers\n|-damage|p2b: Bulktar|26\/100 brn|[from] brn\n|-sideend|p1: El Ryuk456|move: Light Screen\n|upkeep\n|turn|9\n|\n|t:|1700712731\n|switch|p2a: Furry|Incineroar, M|74\/100\n|-ability|p2a: Furry|Intimidate|boost\n|-unboost|p1a: Audino|atk|1\n|-unboost|p1b: Moltres|atk|1\n|move|p1b: Moltres|Fiery Wrath|p2b: Bulktar|[spread] p2a,p2b\n|-resisted|p2a: Furry\n|-resisted|p2b: Bulktar\n|-damage|p2a: Furry|46\/100\n|-damage|p2b: Bulktar|10\/100 brn\n|move|p2b: Bulktar|Rock Slide|p1a: Audino|[spread] p1a,p1b\n|-supereffective|p1b: Moltres\n|-crit|p1b: Moltres\n|-damage|p1a: Audino|87\/100\n|-damage|p1b: Moltres|16\/100\n|-ability|p1b: Moltres|Berserk|boost\n|-boost|p1b: Moltres|spa|1\n|cant|p1a: Audino|flinch\n|\n|-weather|Sandstorm|[upkeep]\n|-damage|p1b: Moltres|10\/100|[from] Sandstorm\n|-damage|p2a: Furry|40\/100|[from] Sandstorm\n|-damage|p1a: Audino|81\/100|[from] Sandstorm\n|-damage|p2b: Bulktar|3\/100 brn|[from] brn\n|upkeep\n|turn|10\n|\n|t:|1700712752\n|move|p1b: Moltres|Protect|p1b: Moltres\n|-singleturn|p1b: Moltres|Protect\n|move|p2a: Furry|Fake Out|p1b: Moltres\n|-activate|p1b: Moltres|move: Protect\n|move|p2b: Bulktar|Rock Slide|p1a: Audino|[spread] p1a\n|-activate|p1b: Moltres|move: Protect\n|-damage|p1a: Audino|71\/100\n|cant|p1a: Audino|flinch\n|\n|-weather|none\n|-damage|p2b: Bulktar|0 fnt|[from] brn\n|faint|p2b: Bulktar\n|upkeep\n|\n|t:|1700712757\n|switch|p2b: Monke|Rillaboom, M|100\/100\n|-fieldstart|move: Grassy Terrain|[from] ability: Grassy Surge|[of] p2b: Monke\n|turn|11\n|\n|t:|1700712769\n|move|p2b: Monke|Fake Out|p1b: Moltres\n|-damage|p1b: Moltres|0 fnt\n|faint|p1b: Moltres\n|move|p1a: Audino|Ally Switch||[still]\n|-fail|p1a: Audino\n|move|p2a: Furry|Flare Blitz|p1a: Audino\n|-damage|p1a: Audino|42\/100\n|-damage|p2a: Furry|30\/100|[from] Recoil\n|\n|-heal|p2a: Furry|36\/100|[from] Grassy Terrain\n|-heal|p1a: Audino|48\/100|[from] Grassy Terrain\n|upkeep\n|\n|t:|1700712775\n|switch|p1b: Gholdengo|Gholdengo|100\/100\n|turn|12\n|\n|t:|1700712787\n|-terastallize|p1b: Gholdengo|Fairy\n|move|p2b: Monke|Wood Hammer|p1a: Audino\n|-damage|p1a: Audino|0 fnt\n|faint|p1a: Audino\n|-damage|p2b: Monke|85\/100|[from] Recoil\n|move|p1b: Gholdengo|Will-O-Wisp|p2b: Monke\n|-status|p2b: Monke|brn\n|move|p2a: Furry|Flare Blitz|p1b: Gholdengo\n|-damage|p1b: Gholdengo|47\/100\n|replace|p1b: Zorua|Zorua-Hisui, M, shiny\n|-end|p1b: Zorua|Illusion\n|-damage|p2a: Furry|23\/100|[from] Recoil\n|-enditem|p2a: Furry|Figy Berry|[eat]\n|-heal|p2a: Furry|57\/100|[from] item: Figy Berry\n|\n|-heal|p2b: Monke|91\/100 brn|[from] Grassy Terrain\n|-heal|p1b: Zorua|53\/100|[from] Grassy Terrain\n|-heal|p2a: Furry|63\/100|[from] Grassy Terrain\n|-damage|p2b: Monke|85\/100 brn|[from] brn\n|upkeep\n|\n|t:|1700712802\n|switch|p1a: Ogerpon|Ogerpon-Cornerstone, F|100\/100\n|turn|13\n|\n|t:|1700712818\n|switch|p2a: Chain Chomp|Farigiraf, F, tera:Fairy|100\/100\n|move|p1a: Ogerpon|Ivy Cudgel|p2a: Chain Chomp|[anim] Ivy Cudgel Rock\n|-damage|p2a: Chain Chomp|42\/100\n|move|p2b: Monke|Wood Hammer|p1b: Zorua\n|-damage|p1b: Zorua|0 fnt\n|faint|p1b: Zorua\n|-damage|p2b: Monke|73\/100 brn|[from] Recoil\n|\n|-heal|p2b: Monke|79\/100 brn|[from] Grassy Terrain\n|-heal|p2a: Chain Chomp|48\/100|[from] Grassy Terrain\n|-damage|p2b: Monke|73\/100 brn|[from] brn\n|upkeep\n|\n|t:|1700712828\n|switch|p1b: Gholdengo|Gholdengo|100\/100\n|turn|14\n|\n|t:|1700712841\n|switch|p2a: Furry|Incineroar, M|63\/100\n|-ability|p2a: Furry|Intimidate|boost\n|-unboost|p1a: Ogerpon|atk|1\n|-unboost|p1b: Gholdengo|atk|1\n|move|p1a: Ogerpon|Spiky Shield|p1a: Ogerpon\n|-singleturn|p1a: Ogerpon|move: Protect\n|move|p1b: Gholdengo|Nasty Plot|p1b: Gholdengo\n|-boost|p1b: Gholdengo|spa|2\n|move|p2b: Monke|Wood Hammer|p1a: Ogerpon\n|-activate|p1a: Ogerpon|move: Protect\n|-damage|p2b: Monke|60\/100 brn|[from] Spiky Shield|[of] p1a: Ogerpon\n|\n|-heal|p2b: Monke|67\/100 brn|[from] Grassy Terrain\n|-heal|p2a: Furry|69\/100|[from] Grassy Terrain\n|-damage|p2b: Monke|60\/100 brn|[from] brn\n|upkeep\n|turn|15\n|\n|t:|1700712858\n|move|p1a: Ogerpon|Horn Leech|p2b: Monke\n|-resisted|p2b: Monke\n|-damage|p2b: Monke|42\/100 brn\n|move|p1b: Gholdengo|Make It Rain|p2a: Furry|[spread] p2a,p2b\n|-resisted|p2a: Furry\n|-damage|p2a: Furry|38\/100\n|-damage|p2b: Monke|0 fnt\n|-unboost|p1b: Gholdengo|spa|1\n|faint|p2b: Monke\n|move|p2a: Furry|Flare Blitz|p1b: Gholdengo\n|-supereffective|p1b: Gholdengo\n|-damage|p1b: Gholdengo|19\/100\n|-damage|p2a: Furry|12\/100|[from] Recoil\n|\n|-heal|p1b: Gholdengo|25\/100|[from] Grassy Terrain\n|-heal|p1b: Gholdengo|31\/100|[from] item: Leftovers\n|-heal|p2a: Furry|18\/100|[from] Grassy Terrain\n|-fieldend|move: Grassy Terrain\n|upkeep\n|\n|t:|1700712875\n|switch|p2b: Dragon Warrior|Kommo-o, F|68\/100\n|turn|16\n|\n|t:|1700712892\n|move|p2b: Dragon Warrior|Protect|p2b: Dragon Warrior\n|-singleturn|p2b: Dragon Warrior|Protect\n|move|p1a: Ogerpon|Follow Me|p1a: Ogerpon\n|-singleturn|p1a: Ogerpon|move: Follow Me\n|move|p1b: Gholdengo|Make It Rain|p2b: Dragon Warrior|[spread] p2a\n|-activate|p2b: Dragon Warrior|move: Protect\n|-resisted|p2a: Furry\n|-damage|p2a: Furry|0 fnt\n|-unboost|p1b: Gholdengo|spa|1\n|faint|p2a: Furry\n|\n|-heal|p1b: Gholdengo|37\/100|[from] item: Leftovers\n|-heal|p2b: Dragon Warrior|74\/100|[from] item: Leftovers\n|upkeep\n|\n|t:|1700712898\n|switch|p2a: Chain Chomp|Farigiraf, F, tera:Fairy|48\/100\n|turn|17\n|\n|t:|1700712915\n|move|p2a: Chain Chomp|Helping Hand|p2b: Dragon Warrior\n|-singleturn|p2b: Dragon Warrior|Helping Hand|[of] p2a: Chain Chomp\n|move|p1a: Ogerpon|Ivy Cudgel|p2b: Dragon Warrior|[anim] Ivy Cudgel Rock\n|-resisted|p2b: Dragon Warrior\n|-damage|p2b: Dragon Warrior|59\/100\n|move|p1b: Gholdengo|Make It Rain|p2b: Dragon Warrior|[spread] p2a,p2b\n|-supereffective|p2a: Chain Chomp\n|-crit|p2a: Chain Chomp\n|-damage|p2a: Chain Chomp|0 fnt\n|-damage|p2b: Dragon Warrior|25\/100\n|-unboost|p1b: Gholdengo|spa|1\n|faint|p2a: Chain Chomp\n|move|p2b: Dragon Warrior|Body Press|p1a: Ogerpon\n|-supereffective|p1a: Ogerpon\n|-ability|p1a: Ogerpon|Sturdy\n|-damage|p1a: Ogerpon|1\/100\n|\n|-heal|p1b: Gholdengo|43\/100|[from] item: Leftovers\n|-heal|p2b: Dragon Warrior|31\/100|[from] item: Leftovers\n|upkeep\n|turn|18\n|\n|t:|1700712939\n|move|p1a: Ogerpon|Ivy Cudgel|p2b: Dragon Warrior|[anim] Ivy Cudgel Rock\n|-resisted|p2b: Dragon Warrior\n|-damage|p2b: Dragon Warrior|17\/100\n|move|p1b: Gholdengo|Nasty Plot|p1b: Gholdengo\n|-boost|p1b: Gholdengo|spa|2\n|move|p2b: Dragon Warrior|Iron Head|p1a: Ogerpon\n|-supereffective|p1a: Ogerpon\n|-damage|p1a: Ogerpon|0 fnt\n|faint|p1a: Ogerpon\n|\n|-heal|p1b: Gholdengo|49\/100|[from] item: Leftovers\n|-heal|p2b: Dragon Warrior|24\/100|[from] item: Leftovers\n|upkeep\n|turn|19\n|\n|t:|1700712949\n|move|p2b: Dragon Warrior|Protect|p2b: Dragon Warrior\n|-singleturn|p2b: Dragon Warrior|Protect\n|move|p1b: Gholdengo|Make It Rain|p2b: Dragon Warrior\n|-activate|p2b: Dragon Warrior|move: Protect\n|\n|-heal|p1b: Gholdengo|56\/100|[from] item: Leftovers\n|-heal|p2b: Dragon Warrior|30\/100|[from] item: Leftovers\n|upkeep\n|turn|20\n|\n|t:|1700712958\n|move|p1b: Gholdengo|Make It Rain|p2b: Dragon Warrior\n|-damage|p2b: Dragon Warrior|0 fnt\n|-unboost|p1b: Gholdengo|spa|1\n|faint|p2b: Dragon Warrior\n|\n|win|El Ryuk456\n|raw|El Ryuk456's rating: 1368 &rarr; <strong>1392<\/strong><br \/>(+24 for winning)\n|raw|S1r.sweepsaLot's rating: 1440 &rarr; <strong>1416<\/strong><br \/>(-24 for losing)\n","uploadtime":1700712970,"views":7,"p1id":"elryuk456","p2id":"s1rsweepsalot","formatid":"gen9nationaldexdoubles","rating":1392,"private":0,"password":""}