{"id":"gen9nationaldexdoubles-1961964008","p1":"mintedmedic","p2":"DavyCricket","format":"[Gen 9] National Dex Doubles","log":"|j|\u2606mintedmedic\n|j|\u2606DavyCricket\n|t:|1696693588\n|gametype|doubles\n|player|p1|mintedmedic|rika|\n|player|p2|DavyCricket|red|\n|teamsize|p1|6\n|teamsize|p2|6\n|gen|9\n|tier|[Gen 9] National Dex Doubles\n|rule|HP Percentage Mod: HP is shown in percentages\n|rule|Endless Battle Clause: Forcing endless battles is banned\n|rule|OHKO Clause: OHKO moves are banned\n|rule|Evasion Moves Clause: Evasion moves are banned\n|rule|Evasion Abilities Clause: Evasion abilities are banned\n|rule|Species Clause: Limit one of each Pok\u00e9mon\n|rule|Gravity Sleep Clause: The combination of sleep-inducing moves with imperfect accuracy and Gravity or Gigantamax Orbeetle are banned\n|rule|Sleep Clause Mod: Limit one foe put to sleep\n|rule|Evasion Items Clause: Evasion items are banned\n|clearpoke\n|poke|p1|Kerfluffle, M|\n|poke|p1|Necturna, F|\n|poke|p1|Crucibelle, F|\n|poke|p1|Kitsunoh, F|\n|poke|p1|Meloetta|\n|poke|p1|Gallade, M|\n|poke|p2|Zapdos-Galar|\n|poke|p2|Spiritomb, M|\n|poke|p2|Clodsire, F|\n|poke|p2|Arcanine-Hisui, M|\n|poke|p2|Rotom-Wash|\n|poke|p2|Cetitan, M|\n|teampreview\n|c|\u2606DavyCricket|ooh cap\n|c|\u2606mintedmedic|GL\n|c|\u2606DavyCricket|this should be fun\n|c|\u2606DavyCricket|lglhf\n|\n|t:|1696693601\n|start\n|switch|p1a: KMew|Kerfluffle, M|100\/100\n|switch|p1b: Necturna|Necturna, F|100\/100\n|switch|p2a: Zapdos|Zapdos-Galar|100\/100\n|switch|p2b: Ganon|Spiritomb, M|100\/100\n|turn|1\n|c|\u2606mintedmedic|Ganon?\n|c|\u2606DavyCricket|named after the spiritomg in PLA\n|c|\u2606DavyCricket|spiritomb*\n|c|\u2606mintedmedic|oh\n|\n|t:|1696693635\n|move|p1a: KMew|Dazzling Gleam|p2a: Zapdos|[spread] p2a,p2b\n|-supereffective|p2a: Zapdos\n|-supereffective|p2b: Ganon\n|-damage|p2a: Zapdos|30\/100\n|-damage|p2b: Ganon|30\/100\n|move|p2a: Zapdos|Acrobatics|p1a: KMew\n|-supereffective|p1a: KMew\n|-damage|p1a: KMew|0 fnt\n|faint|p1a: KMew\n|move|p1b: Necturna|Toxic Spikes|p2a: Zapdos\n|-sidestart|p2: DavyCricket|move: Toxic Spikes\n|move|p2b: Ganon|Foul Play|p1b: Necturna\n|-supereffective|p1b: Necturna\n|-damage|p1b: Necturna|4\/100\n|\n|upkeep\n|c|\u2606mintedmedic|Cool\n|\n|t:|1696693650\n|switch|p1a: Marine|Crucibelle, F, shiny|100\/100\n|turn|2\n|\n|t:|1696693675\n|move|p2a: Zapdos|Thunderous Kick|p1a: Marine\n|-damage|p1a: Marine|51\/100\n|-unboost|p1a: Marine|def|1\n|move|p1a: Marine|Stealth Rock|p2a: Zapdos\n|-sidestart|p2: DavyCricket|move: Stealth Rock\n|move|p1b: Necturna|Leech Life|p2b: Ganon\n|-damage|p2b: Ganon|4\/100\n|-heal|p1b: Necturna|15\/100|[from] drain|[of] p2b: Ganon\n|move|p2b: Ganon|Memento|p1a: Marine\n|-unboost|p1a: Marine|atk|2\n|-unboost|p1a: Marine|spa|2\n|faint|p2b: Ganon\n|\n|upkeep\n|\n|t:|1696693688\n|switch|p2b: Claire|Clodsire, F|100\/100\n|-sideend|p2: DavyCricket|move: Toxic Spikes|[of] p2b: Claire\n|-damage|p2b: Claire|94\/100|[from] Stealth Rock\n|turn|3\n|\n|t:|1696693703\n|move|p2a: Zapdos|Thunderous Kick|p1a: Marine\n|-damage|p1a: Marine|0 fnt\n|faint|p1a: Marine\n|move|p1b: Necturna|Horn Leech|p2a: Zapdos\n|-resisted|p2a: Zapdos\n|-damage|p2a: Zapdos|9\/100\n|-heal|p1b: Necturna|26\/100|[from] drain|[of] p2a: Zapdos\n|move|p2b: Claire|Earthquake|p1b: Necturna|[spread] p1b\n|-immune|p2a: Zapdos\n|-resisted|p1b: Necturna\n|-damage|p1b: Necturna|14\/100\n|\n|-heal|p2b: Claire|100\/100|[from] item: Black Sludge\n|upkeep\n|\n|t:|1696693717\n|switch|p1a: Kitsunoh|Kitsunoh, F, shiny|100\/100\n|-item|p2b: Claire|Black Sludge|[from] ability: Frisk|[of] p1a: Kitsunoh|[identify]\n|turn|4\n|\n|t:|1696693732\n|move|p1a: Kitsunoh|Shadow Sneak|p2a: Zapdos\n|-damage|p2a: Zapdos|0 fnt\n|faint|p2a: Zapdos\n|move|p1b: Necturna|Thief|p2b: Claire\n|-damage|p2b: Claire|81\/100\n|-enditem|p2b: Claire|Black Sludge|[silent]|[from] move: Thief|[of] p1b: Necturna\n|-item|p1b: Necturna|Black Sludge|[from] move: Thief|[of] p2b: Claire\n|move|p2b: Claire|Earthquake|p1a: Kitsunoh|[spread] p1a,p1b\n|-supereffective|p1a: Kitsunoh\n|-resisted|p1b: Necturna\n|-damage|p1a: Kitsunoh|61\/100\n|-damage|p1b: Necturna|2\/100\n|\n|-damage|p1b: Necturna|0 fnt|[from] item: Black Sludge\n|faint|p1b: Necturna\n|upkeep\n|\n|t:|1696693751\n|switch|p2a: Bell|Cetitan, M|100\/100\n|switch|p1b: Misty|Meloetta|100\/100\n|-damage|p2a: Bell|75\/100|[from] Stealth Rock\n|turn|5\n|\n|t:|1696693770\n|move|p1a: Kitsunoh|Pain Split|p2b: Claire\n|-sethp|p2b: Claire|62\/100|[from] move: Pain Split|[silent]\n|-sethp|p1a: Kitsunoh|88\/100|[from] move: Pain Split\n|move|p1b: Misty|Focus Blast|p2a: Bell\n|-supereffective|p2a: Bell\n|-damage|p2a: Bell|1\/100\n|move|p2a: Bell|Icicle Crash|p1b: Misty\n|-damage|p1b: Misty|27\/100\n|move|p2b: Claire|Earthquake|p1a: Kitsunoh|[spread] p2a,p1a,p1b\n|-supereffective|p1a: Kitsunoh\n|-damage|p2a: Bell|0 fnt\n|-damage|p1a: Kitsunoh|51\/100\n|-damage|p1b: Misty|6\/100\n|faint|p2a: Bell\n|\n|-heal|p1b: Misty|12\/100|[from] item: Leftovers\n|upkeep\n|c|\u2606mintedmedic|Lucky\n|\n|t:|1696693784\n|switch|p2a: Specter|Rotom-Wash|100\/100\n|-damage|p2a: Specter|88\/100|[from] Stealth Rock\n|turn|6\n|\n|t:|1696693801\n|move|p1a: Kitsunoh|Pain Split|p2a: Specter\n|-sethp|p2a: Specter|79\/100|[from] move: Pain Split|[silent]\n|-sethp|p1a: Kitsunoh|58\/100|[from] move: Pain Split\n|move|p1b: Misty|Psychic|p2b: Claire\n|-supereffective|p2b: Claire\n|-damage|p2b: Claire|23\/100\n|move|p2a: Specter|Thunder Wave|p1a: Kitsunoh\n|-status|p1a: Kitsunoh|par\n|move|p2b: Claire|Earthquake|p1b: Misty|[spread] p1a,p1b\n|-immune|p2a: Specter|[from] ability: Levitate\n|-supereffective|p1a: Kitsunoh\n|-damage|p1a: Kitsunoh|23\/100 par\n|-damage|p1b: Misty|0 fnt\n|faint|p1b: Misty\n|\n|upkeep\n|\n|t:|1696693817\n|switch|p1b: Silver Valiant|Gallade, M|100\/100\n|turn|7\n|\n|t:|1696693835\n|detailschange|p1b: Silver Valiant|Gallade-Mega, M\n|-mega|p1b: Silver Valiant|Gallade|Galladite\n|-terastallize|p1a: Kitsunoh|Ghost\n|move|p1b: Silver Valiant|Thunder Punch|p2a: Specter\n|-damage|p2a: Specter|43\/100\n|move|p2a: Specter|Hydro Pump|p1b: Silver Valiant\n|-damage|p1b: Silver Valiant|58\/100\n|cant|p1a: Kitsunoh|par\n|move|p2b: Claire|Earthquake|p1b: Silver Valiant|[spread] p1a,p1b\n|-immune|p2a: Specter|[from] ability: Levitate\n|-damage|p1a: Kitsunoh|4\/100 par\n|-damage|p1b: Silver Valiant|34\/100\n|\n|upkeep\n|turn|8\n|\n|t:|1696693862\n|move|p1b: Silver Valiant|Drain Punch|p2a: Specter\n|-damage|p2a: Specter|0 fnt\n|-heal|p1b: Silver Valiant|51\/100|[from] drain|[of] p2a: Specter\n|faint|p2a: Specter\n|move|p1a: Kitsunoh|Pain Split|p2b: Claire\n|-sethp|p2b: Claire|13\/100|[from] move: Pain Split|[silent]\n|-sethp|p1a: Kitsunoh|18\/100 par|[from] move: Pain Split\n|move|p2b: Claire|Recover|p2b: Claire\n|-heal|p2b: Claire|63\/100\n|\n|upkeep\n|\n|t:|1696693872\n|switch|p2a: Polaris|Arcanine-Hisui, M|100\/100\n|-damage|p2a: Polaris|76\/100|[from] Stealth Rock\n|turn|9\n|c|\u2606mintedmedic|Clodsire can learn recover???\n|c|\u2606DavyCricket|yup ;)\n|c|\u2606DavyCricket|it's a mirror herb move\n|c|\u2606mintedmedic|I need that on my clod\n|c|\u2606DavyCricket|aka egg move\n|\n|t:|1696693905\n|-terastallize|p2a: Polaris|Grass\n|move|p1b: Silver Valiant|Drain Punch|p2a: Polaris\n|-damage|p2a: Polaris|15\/100\n|-heal|p1b: Silver Valiant|85\/100|[from] drain|[of] p2a: Polaris\n|move|p2a: Polaris|Raging Fury|p1b: Silver Valiant\n|-damage|p1b: Silver Valiant|15\/100\n|move|p1a: Kitsunoh|Pain Split|p2a: Polaris\n|-sethp|p2a: Polaris|16\/100|[from] move: Pain Split|[silent]\n|-sethp|p1a: Kitsunoh|16\/100 par|[from] move: Pain Split\n|move|p2b: Claire|Poison Jab|p1a: Kitsunoh\n|-resisted|p1a: Kitsunoh\n|-damage|p1a: Kitsunoh|7\/100 par\n|\n|upkeep\n|turn|10\n|c|\u2606DavyCricket|it's also how baxcalibur learns icicle spear\n|\n|t:|1696693927\n|move|p1a: Kitsunoh|Shadow Sneak|p2a: Polaris\n|-damage|p2a: Polaris|0 fnt\n|faint|p2a: Polaris\n|-heal|p1a: Kitsunoh|8\/100 par|[from] item: Shell Bell|[of] p2: Polaris\n|move|p1b: Silver Valiant|Drain Punch|p2b: Claire\n|-resisted|p2b: Claire\n|-damage|p2b: Claire|37\/100\n|-heal|p1b: Silver Valiant|35\/100|[from] drain|[of] p2b: Claire\n|move|p2b: Claire|Earthquake|p1a: Kitsunoh|[spread] p1a,p1b\n|-damage|p1a: Kitsunoh|0 fnt\n|-damage|p1b: Silver Valiant|10\/100\n|faint|p1a: Kitsunoh\n|\n|upkeep\n|turn|11\n|\n|t:|1696693943\n|move|p1b: Silver Valiant|Drain Punch|p2b: Claire\n|-resisted|p2b: Claire\n|-damage|p2b: Claire|11\/100\n|-heal|p1b: Silver Valiant|30\/100|[from] drain|[of] p2b: Claire\n|move|p2b: Claire|Recover|p2b: Claire\n|-heal|p2b: Claire|61\/100\n|\n|upkeep\n|turn|12\n|\n|t:|1696693953\n|move|p1b: Silver Valiant|Drain Punch|p2b: Claire\n|-resisted|p2b: Claire\n|-damage|p2b: Claire|36\/100\n|-heal|p1b: Silver Valiant|50\/100|[from] drain|[of] p2b: Claire\n|move|p2b: Claire|Recover|p2b: Claire\n|-heal|p2b: Claire|86\/100\n|\n|upkeep\n|turn|13\n|c|\u2606mintedmedic|You can only hold off so long\n|\n|t:|1696693966\n|move|p1b: Silver Valiant|Drain Punch|p2b: Claire\n|-resisted|p2b: Claire\n|-damage|p2b: Claire|58\/100\n|-heal|p1b: Silver Valiant|72\/100|[from] drain|[of] p2b: Claire\n|move|p2b: Claire|Toxic|p1b: Silver Valiant\n|-status|p1b: Silver Valiant|tox\n|\n|-damage|p1b: Silver Valiant|66\/100 tox|[from] psn\n|upkeep\n|turn|14\n|c|\u2606mintedmedic|NO\n|c|\u2606DavyCricket|let's see how long.\n|\n|t:|1696693979\n|move|p1b: Silver Valiant|Drain Punch|p2b: Claire\n|-resisted|p2b: Claire\n|-damage|p2b: Claire|33\/100\n|-heal|p1b: Silver Valiant|86\/100 tox|[from] drain|[of] p2b: Claire\n|move|p2b: Claire|Recover|p2b: Claire\n|-heal|p2b: Claire|83\/100\n|\n|-damage|p1b: Silver Valiant|74\/100 tox|[from] psn\n|upkeep\n|turn|15\n|c|\u2606DavyCricket|>:)\n|\n|t:|1696693993\n|move|p1b: Silver Valiant|Drain Punch|p2b: Claire\n|-resisted|p2b: Claire\n|-damage|p2b: Claire|54\/100\n|-heal|p1b: Silver Valiant|96\/100 tox|[from] drain|[of] p2b: Claire\n|move|p2b: Claire|Earthquake|p1b: Silver Valiant\n|-damage|p1b: Silver Valiant|66\/100 tox\n|\n|-damage|p1b: Silver Valiant|48\/100 tox|[from] psn\n|upkeep\n|turn|16\n|c|\u2606DavyCricket|no psycho cut?\n|c|\u2606DavyCricket|damn\n|\n|t:|1696694005\n|move|p1b: Silver Valiant|Drain Punch|p2b: Claire\n|-resisted|p2b: Claire\n|-damage|p2b: Claire|29\/100\n|-heal|p1b: Silver Valiant|67\/100 tox|[from] drain|[of] p2b: Claire\n|move|p2b: Claire|Earthquake|p1b: Silver Valiant\n|-damage|p1b: Silver Valiant|36\/100 tox\n|\n|-damage|p1b: Silver Valiant|12\/100 tox|[from] psn\n|upkeep\n|turn|17\n|c|\u2606DavyCricket|looks like I lucked out\n|c|\u2606mintedmedic|No i forgor abt it\n|\n|t:|1696694015\n|move|p1b: Silver Valiant|Drain Punch|p2b: Claire\n|-resisted|p2b: Claire\n|-damage|p2b: Claire|0 fnt\n|-heal|p1b: Silver Valiant|34\/100 tox|[from] drain|[of] p2b: Claire\n|faint|p2b: Claire\n|\n|win|mintedmedic\n|c|\u2606mintedmedic|Gg\n|c|\u2606DavyCricket|luckily it idn't matter\n|c|\u2606DavyCricket|gg\n|c|\u2606mintedmedic|Really fun foght\n|c|\u2606DavyCricket|yes nice new pokemon as well\n|c|\u2606DavyCricket|gen10 lookin crazy\n|c|\u2606DavyCricket|(jk)\n|l|\u2606mintedmedic\n|l|\u2606DavyCricket\n|j|\u2606mintedmedic\n|player|p1|mintedmedic|rika\n","uploadtime":1696694324,"views":6,"p1id":"mintedmedic","p2id":"davycricket","formatid":"gen9nationaldexdoubles","rating":0,"private":0,"password":""}