{"id":"gen9nationaldexdoubles-1974663868","p1":"DracoAxel","p2":"hanagakiUBD","format":"[Gen 9] National Dex Doubles","log":"|j|\u2606DracoAxel\n|j|\u2606hanagakiUBD\n|t:|1698108060\n|gametype|doubles\n|player|p1|DracoAxel|nate|\n|player|p2|hanagakiUBD|iris-gen5bw2|\n|teamsize|p1|6\n|teamsize|p2|6\n|gen|9\n|tier|[Gen 9] National Dex Doubles\n|rule|HP Percentage Mod: HP is shown in percentages\n|rule|Endless Battle Clause: Forcing endless battles is banned\n|rule|OHKO Clause: OHKO moves are banned\n|rule|Evasion Moves Clause: Evasion moves are banned\n|rule|Evasion Abilities Clause: Evasion abilities are banned\n|rule|Species Clause: Limit one of each Pok\u00e9mon\n|rule|Gravity Sleep Clause: The combination of sleep-inducing moves with imperfect accuracy and Gravity or Gigantamax Orbeetle are banned\n|clearpoke\n|poke|p1|Marshadow|\n|poke|p1|Iron Hands|\n|poke|p1|Zapdos-Galar|\n|poke|p1|Lucario, M|\n|poke|p1|Iron Valiant|\n|poke|p1|Zamazenta-*|\n|poke|p2|Marshadow|\n|poke|p2|Urshifu-*, F|\n|poke|p2|Iron Valiant|\n|poke|p2|Kommo-o, M|\n|poke|p2|Zamazenta-*|\n|poke|p2|Sneasler, F|\n|teampreview\n|inactive|Battle timer is ON: inactive players will automatically lose when time's up. (requested by hanagakiUBD)\n|inactive|DracoAxel has 270 seconds left.\n|\n|t:|1698108114\n|start\n|switch|p1a: El luca|Lucario, M|100\/100\n|switch|p1b: El pajas|Iron Hands|100\/100\n|switch|p2a: Sneasler|Sneasler, F|100\/100\n|switch|p2b: Zamazenta|Zamazenta|100\/100\n|-ability|p2b: Zamazenta|Dauntless Shield|boost\n|-boost|p2b: Zamazenta|def|1\n|-item|p2a: Sneasler|Air Balloon\n|turn|1\n|\n|t:|1698108130\n|detailschange|p1a: El luca|Lucario-Mega, M\n|-mega|p1a: El luca|Lucario|Lucarionite\n|move|p2a: Sneasler|Fake Out|p1b: El pajas\n|-damage|p1b: El pajas|91\/100\n|move|p1a: El luca|Bullet Punch|p2a: Sneasler\n|-damage|p2a: Sneasler|52\/100\n|-enditem|p2a: Sneasler|Air Balloon\n|move|p2b: Zamazenta|Iron Defense|p2b: Zamazenta\n|-boost|p2b: Zamazenta|def|2\n|cant|p1b: El pajas|flinch\n|\n|-heal|p1b: El pajas|97\/100|[from] item: Leftovers\n|upkeep\n|turn|2\n|\n|t:|1698108153\n|move|p2a: Sneasler|Acrobatics|p1b: El pajas\n|-damage|p1b: El pajas|72\/100\n|move|p2b: Zamazenta|Body Press|p1a: El luca\n|-supereffective|p1a: El luca\n|-damage|p1a: El luca|0 fnt\n|faint|p1a: El luca\n|move|p1b: El pajas|Rock Slide|p2b: Zamazenta|[spread] p2a,p2b\n|-resisted|p2a: Sneasler\n|-resisted|p2b: Zamazenta\n|-damage|p2a: Sneasler|37\/100\n|-damage|p2b: Zamazenta|97\/100\n|\n|-heal|p2b: Zamazenta|100\/100|[from] item: Leftovers\n|-heal|p1b: El pajas|78\/100|[from] item: Leftovers\n|upkeep\n|inactive|DracoAxel has 270 seconds left.\n|\n|t:|1698108170\n|switch|p1a: El femboy|Iron Valiant|100\/100\n|turn|3\n|\n|t:|1698108187\n|move|p2a: Sneasler|Acrobatics|p1a: El femboy\n|-supereffective|p1a: El femboy\n|-damage|p1a: El femboy|0 fnt\n|faint|p1a: El femboy\n|-end|p1a: El femboy|Quark Drive|[silent]\n|move|p2b: Zamazenta|Play Rough|p1b: El pajas\n|-supereffective|p1b: El pajas\n|-damage|p1b: El pajas|50\/100\n|move|p1b: El pajas|Electric Terrain|p1b: El pajas\n|-fieldstart|move: Electric Terrain\n|-activate|p1b: El pajas|ability: Quark Drive\n|-start|p1b: El pajas|quarkdriveatk\n|\n|-heal|p1b: El pajas|57\/100|[from] item: Leftovers\n|upkeep\n|\n|t:|1698108199\n|switch|p1a: Alex|Marshadow|100\/100\n|turn|4\n|\n|t:|1698108207\n|move|p2a: Sneasler|Acrobatics|p1a: Alex\n|-supereffective|p1a: Alex\n|-enditem|p1a: Alex|Focus Sash\n|-damage|p1a: Alex|1\/100\n|move|p2b: Zamazenta|Psychic Fangs|p1b: El pajas\n|-supereffective|p1b: El pajas\n|-damage|p1b: El pajas|29\/100\n|move|p1a: Alex|Spectral Thief||[still]\n|-clearpositiveboost|p2b: Zamazenta|p1a: Alex|move: Spectral Thief\n|-boost|p1a: Alex|def|3\n|-anim|p1a: Alex|Spectral Thief|p2b: Zamazenta\n|-damage|p2b: Zamazenta|52\/100\n|move|p1b: El pajas|Iron Defense|p1b: El pajas\n|-boost|p1b: El pajas|def|2\n|\n|-heal|p2b: Zamazenta|58\/100|[from] item: Leftovers\n|-heal|p1b: El pajas|35\/100|[from] item: Leftovers\n|upkeep\n|turn|5\n|\n|t:|1698108236\n|move|p1a: Alex|Shadow Sneak|p2a: Sneasler\n|-damage|p2a: Sneasler|0 fnt\n|faint|p2a: Sneasler\n|move|p2b: Zamazenta|Psychic Fangs|p1b: El pajas\n|-supereffective|p1b: El pajas\n|-damage|p1b: El pajas|22\/100\n|move|p1b: El pajas|Wild Charge|p2b: Zamazenta\n|-damage|p2b: Zamazenta|0 fnt\n|faint|p2b: Zamazenta\n|-damage|p1b: El pajas|12\/100|[from] Recoil\n|\n|-heal|p1b: El pajas|18\/100|[from] item: Leftovers\n|upkeep\n|\n|t:|1698108243\n|switch|p2b: Iron Valiant|Iron Valiant, shiny|100\/100\n|switch|p2a: Urshifu|Urshifu-Rapid-Strike, F|100\/100\n|-activate|p2b: Iron Valiant|ability: Quark Drive\n|-start|p2b: Iron Valiant|quarkdrivespe\n|turn|6\n|\n|t:|1698108268\n|move|p1a: Alex|Shadow Sneak|p2b: Iron Valiant\n|-damage|p2b: Iron Valiant|55\/100\n|move|p2a: Urshifu|Aqua Jet|p1a: Alex\n|-damage|p1a: Alex|0 fnt\n|faint|p1a: Alex\n|move|p2b: Iron Valiant|Psychic|p1b: El pajas\n|-supereffective|p1b: El pajas\n|-damage|p1b: El pajas|0 fnt\n|faint|p1b: El pajas\n|-end|p1b: El pajas|Quark Drive|[silent]\n|\n|upkeep\n|\n|t:|1698108277\n|switch|p1a: Federico|Zapdos-Galar|100\/100\n|switch|p1b: El ca\u00f1on|Zamazenta|100\/100\n|-ability|p1b: El ca\u00f1on|Dauntless Shield|boost\n|-boost|p1b: El ca\u00f1on|def|1\n|turn|7\n|\n|t:|1698108294\n|move|p2b: Iron Valiant|Moonblast|p1a: Federico\n|-supereffective|p1a: Federico\n|-damage|p1a: Federico|7\/100\n|-unboost|p1a: Federico|spa|1\n|-ability|p1a: Federico|Defiant|boost\n|-boost|p1a: Federico|atk|2\n|move|p2a: Urshifu|Surging Strikes|p1a: Federico\n|-crit|p1a: Federico\n|-damage|p1a: Federico|0 fnt\n|faint|p1a: Federico\n|-hitcount|p1: Federico|1\n|move|p1b: El ca\u00f1on|Light Screen|p1b: El ca\u00f1on\n|-sidestart|p1: DracoAxel|move: Light Screen\n|\n|-fieldend|move: Electric Terrain\n|-end|p2b: Iron Valiant|Quark Drive\n|upkeep\n|-enditem|p2b: Iron Valiant|Booster Energy\n|-activate|p2b: Iron Valiant|ability: Quark Drive|[fromitem]\n|-start|p2b: Iron Valiant|quarkdrivespe\n|turn|8\n|\n|t:|1698108316\n|move|p2b: Iron Valiant|Moonblast|p1b: El ca\u00f1on\n|-supereffective|p1b: El ca\u00f1on\n|-damage|p1b: El ca\u00f1on|51\/100\n|move|p2a: Urshifu|Surging Strikes|p1b: El ca\u00f1on\n|-crit|p1b: El ca\u00f1on\n|-damage|p1b: El ca\u00f1on|34\/100\n|-crit|p1b: El ca\u00f1on\n|-damage|p1b: El ca\u00f1on|16\/100\n|-crit|p1b: El ca\u00f1on\n|-damage|p1b: El ca\u00f1on|0 fnt\n|faint|p1b: El ca\u00f1on\n|-hitcount|p1: El ca\u00f1on|3\n|\n|win|hanagakiUBD\n|l|\u2606DracoAxel\n","uploadtime":1698108333,"views":7,"p1id":"dracoaxel","p2id":"hanagakiubd","formatid":"gen9nationaldexdoubles","rating":0,"private":0,"password":""}