{"id":"gen9nationaldexdoubles-1954808423","p1":"fifier","p2":"SakiiTenma","format":"[Gen 9] National Dex Doubles","log":"|j|\u2606fifier\n|j|\u2606SakiiTenma\n|t:|1695927652\n|gametype|doubles\n|player|p1|fifier|266|\n|player|p2|SakiiTenma|yellow|\n|teamsize|p1|6\n|teamsize|p2|6\n|gen|9\n|tier|[Gen 9] National Dex Doubles\n|rule|HP Percentage Mod: HP is shown in percentages\n|rule|Endless Battle Clause: Forcing endless battles is banned\n|rule|OHKO Clause: OHKO moves are banned\n|rule|Evasion Moves Clause: Evasion moves are banned\n|rule|Evasion Abilities Clause: Evasion abilities are banned\n|rule|Species Clause: Limit one of each Pok\u00e9mon\n|rule|Gravity Sleep Clause: The combination of sleep-inducing moves with imperfect accuracy and Gravity or Gigantamax Orbeetle are banned\n|clearpoke\n|poke|p1|Ogerpon-Hearthflame, F|\n|poke|p1|Chi-Yu|\n|poke|p1|Heatran, M|\n|poke|p1|Rotom-Heat|\n|poke|p1|Arcanine, M|\n|poke|p1|Charizard, F|\n|poke|p2|Indeedee-F, F|\n|poke|p2|Kangaskhan, F|\n|poke|p2|Zoroark-Hisui, M|\n|poke|p2|Porygon2|\n|poke|p2|Staraptor, F|\n|poke|p2|Ursaluna-Bloodmoon, M|\n|teampreview\n|l|\u2606SakiiTenma\n|player|p2|\n|j|\u2606SakiiTenma\n|player|p2|SakiiTenma|yellow\n|\n|t:|1695927709\n|start\n|switch|p1a: Chi-Yu|Chi-Yu|100\/100\n|switch|p1b: Charizard|Charizard, F|100\/100\n|switch|p2a: Staraptor|Staraptor, F|100\/100\n|switch|p2b: Ursaluna|Ursaluna-Bloodmoon, M|100\/100\n|-ability|p2a: Staraptor|Intimidate|boost\n|-unboost|p1a: Chi-Yu|atk|1\n|-unboost|p1b: Charizard|atk|1\n|-ability|p1a: Chi-Yu|Beads of Ruin\n|turn|1\n|\n|t:|1695927742\n|detailschange|p1b: Charizard|Charizard-Mega-Y, F\n|-mega|p1b: Charizard|Charizard|Charizardite Y\n|-weather|SunnyDay|[from] ability: Drought|[of] p1b: Charizard\n|move|p1a: Chi-Yu|Protect|p1a: Chi-Yu\n|-singleturn|p1a: Chi-Yu|Protect\n|move|p2b: Ursaluna|Bitter Malice|p1b: Charizard\n|-damage|p1b: Charizard|28\/100\n|-unboost|p1b: Charizard|atk|1\n|move|p2a: Staraptor|U-turn|p1b: Charizard\n|-resisted|p1b: Charizard\n|-damage|p1b: Charizard|16\/100\n|\n|t:|1695927757\n|switch|p2a: Indeedee|Indeedee-F, F|100\/100|[from] U-turn\n|-fieldstart|move: Psychic Terrain|[from] ability: Psychic Surge|[of] p2a: Indeedee\n|-enditem|p2a: Indeedee|Psychic Seed\n|-boost|p2a: Indeedee|spd|1|[from] item: Psychic Seed\n|move|p1b: Charizard|Flamethrower|p2b: Ursaluna\n|-damage|p2b: Ursaluna|0 fnt\n|replace|p2b: Zoroark|Zoroark-Hisui, M\n|-end|p2b: Zoroark|Illusion\n|faint|p2b: Zoroark\n|\n|-weather|SunnyDay|[upkeep]\n|upkeep\n|\n|t:|1695927779\n|switch|p2b: Staraptor|Staraptor, F|100\/100\n|-ability|p2b: Staraptor|Intimidate|boost\n|-unboost|p1a: Chi-Yu|atk|1\n|-unboost|p1b: Charizard|atk|1\n|turn|2\n|\n|t:|1695927809\n|switch|p1b: Arcanine|Arcanine, M|100\/100\n|-ability|p1b: Arcanine|Intimidate|boost\n|-unboost|p2a: Indeedee|atk|1\n|-unboost|p2b: Staraptor|atk|1\n|move|p2a: Indeedee|Protect|p2a: Indeedee\n|-singleturn|p2a: Indeedee|Protect\n|move|p2b: Staraptor|Close Combat|p1a: Chi-Yu\n|-supereffective|p1a: Chi-Yu\n|-crit|p1a: Chi-Yu\n|-damage|p1a: Chi-Yu|0 fnt\n|-unboost|p2b: Staraptor|def|1\n|-unboost|p2b: Staraptor|spd|1\n|faint|p1a: Chi-Yu\n|\n|-weather|SunnyDay|[upkeep]\n|upkeep\n|j| El_Gran_Wigglytuff\n|\n|t:|1695927822\n|switch|p1a: Ogerpon|Ogerpon-Hearthflame, F|100\/100\n|-ability|p1a: Ogerpon|Mold Breaker\n|turn|3\n|\n|t:|1695927842\n|switch|p2b: Porygon2|Porygon2|100\/100\n|-ability|p2b: Porygon2|Download|boost\n|-boost|p2b: Porygon2|atk|1\n|-terastallize|p1a: Ogerpon|Fire\n|detailschange|p1a: Ogerpon|Ogerpon-Hearthflame-Tera, F, tera:Fire\n|-ability|p1a: Ogerpon|Embody Aspect (Hearthflame)|boost\n|-boost|p1a: Ogerpon|atk|1\n|move|p1a: Ogerpon|Ivy Cudgel|p2b: Porygon2\n|-damage|p2b: Porygon2|0 fnt\n|faint|p2b: Porygon2\n|move|p2a: Indeedee|Expanding Force|p1a: Ogerpon|[spread] p1a,p1b\n|-damage|p1a: Ogerpon|58\/100\n|-damage|p1b: Arcanine|65\/100\n|move|p1b: Arcanine|Flare Blitz|p2a: Indeedee\n|-damage|p2a: Indeedee|0 fnt\n|faint|p2a: Indeedee\n|-damage|p1b: Arcanine|36\/100|[from] Recoil\n|\n|-weather|SunnyDay|[upkeep]\n|upkeep\n|\n|t:|1695927857\n|switch|p2a: Ursaluna|Ursaluna-Bloodmoon, M|100\/100\n|switch|p2b: Staraptor|Staraptor, F|100\/100\n|-ability|p2b: Staraptor|Intimidate|boost\n|-unboost|p1a: Ogerpon|atk|1\n|-unboost|p1b: Arcanine|atk|1\n|turn|4\n|\n|t:|1695927881\n|move|p2a: Ursaluna|Protect|p2a: Ursaluna\n|-singleturn|p2a: Ursaluna|Protect\n|move|p1a: Ogerpon|Horn Leech|p2a: Ursaluna\n|-activate|p2a: Ursaluna|move: Protect\n|move|p2b: Staraptor|Return|p1a: Ogerpon\n|-damage|p1a: Ogerpon|0 fnt\n|faint|p1a: Ogerpon\n|move|p1b: Arcanine|Will-O-Wisp|p2b: Staraptor\n|-status|p2b: Staraptor|brn\n|\n|-weather|SunnyDay|[upkeep]\n|-damage|p2b: Staraptor|94\/100 brn|[from] brn\n|upkeep\n|\n|t:|1695927888\n|switch|p1a: Rotom|Rotom-Heat|100\/100\n|turn|5\n|\n|t:|1695927901\n|move|p2b: Staraptor|Return|p1b: Arcanine\n|-damage|p1b: Arcanine|0 fnt\n|faint|p1b: Arcanine\n|move|p1a: Rotom|Volt Switch|p2b: Staraptor\n|-supereffective|p2b: Staraptor\n|-damage|p2b: Staraptor|13\/100 brn\n|\n|t:|1695927909\n|switch|p1a: Heatran|Heatran, M|100\/100|[from] Volt Switch\n|-zpower|p2a: Ursaluna\n|move|p2a: Ursaluna|Breakneck Blitz|p1a: Heatran|[zeffect]\n|-resisted|p1a: Heatran\n|-damage|p1a: Heatran|45\/100\n|\n|-weather|none\n|-heal|p1a: Heatran|51\/100|[from] item: Leftovers\n|-damage|p2b: Staraptor|7\/100 brn|[from] brn\n|-fieldend|move: Psychic Terrain\n|upkeep\n|\n|t:|1695927915\n|switch|p1b: Charizard|Charizard-Mega-Y, F|16\/100\n|-weather|SunnyDay|[from] ability: Drought|[of] p1b: Charizard\n|turn|6\n|\n|t:|1695927937\n|move|p1b: Charizard|Protect|p1b: Charizard\n|-singleturn|p1b: Charizard|Protect\n|move|p2b: Staraptor|Return|p1b: Charizard\n|-activate|p1b: Charizard|move: Protect\n|move|p1a: Heatran|Magma Storm|p2b: Staraptor|[miss]\n|-miss|p1a: Heatran|p2b: Staraptor\n|move|p2a: Ursaluna|Earth Power|p1a: Heatran\n|-supereffective|p1a: Heatran\n|-damage|p1a: Heatran|0 fnt\n|faint|p1a: Heatran\n|\n|-weather|SunnyDay|[upkeep]\n|-damage|p2b: Staraptor|0 fnt|[from] brn\n|faint|p2b: Staraptor\n|upkeep\n|\n|t:|1695927947\n|switch|p2b: Kangaskhan|Kangaskhan, F|100\/100\n|switch|p1a: Rotom|Rotom-Heat|100\/100\n|turn|7\n|\n|t:|1695927968\n|detailschange|p2b: Kangaskhan|Kangaskhan-Mega, F\n|-mega|p2b: Kangaskhan|Kangaskhan|Kangaskhanite\n|move|p1b: Charizard|Protect||[still]\n|-fail|p1b: Charizard\n|move|p2b: Kangaskhan|Fake Out|p1b: Charizard\n|-damage|p1b: Charizard|0 fnt\n|faint|p1b: Charizard\n|-hitcount|p1: Charizard|1\n|-zpower|p1a: Rotom\n|move|p1a: Rotom|Inferno Overdrive|p2b: Kangaskhan|[zeffect]\n|-damage|p2b: Kangaskhan|0 fnt\n|faint|p2b: Kangaskhan\n|move|p2a: Ursaluna|Blood Moon|p1a: Rotom\n|-damage|p1a: Rotom|35\/100\n|\n|-weather|SunnyDay|[upkeep]\n|upkeep\n|turn|8\n|\n|t:|1695927981\n|move|p2a: Ursaluna|Protect|p2a: Ursaluna\n|-singleturn|p2a: Ursaluna|Protect\n|move|p1a: Rotom|Overheat|p2a: Ursaluna\n|-activate|p2a: Ursaluna|move: Protect\n|\n|-weather|SunnyDay|[upkeep]\n|upkeep\n|turn|9\n|\n|t:|1695927990\n|move|p1a: Rotom|Protect|p1a: Rotom\n|-singleturn|p1a: Rotom|Protect\n|move|p2a: Ursaluna|Blood Moon|p1a: Rotom\n|-activate|p1a: Rotom|move: Protect\n|\n|-weather|SunnyDay|[upkeep]\n|upkeep\n|turn|10\n|c|\u2606fifier|xd\n|\n|t:|1695928015\n|move|p2a: Ursaluna|Protect|p2a: Ursaluna\n|-singleturn|p2a: Ursaluna|Protect\n|move|p1a: Rotom|Overheat|p2a: Ursaluna\n|-activate|p2a: Ursaluna|move: Protect\n|\n|-weather|none\n|upkeep\n|turn|11\n|\n|t:|1695928021\n|move|p1a: Rotom|Protect|p1a: Rotom\n|-singleturn|p1a: Rotom|Protect\n|move|p2a: Ursaluna|Calm Mind|p2a: Ursaluna\n|-boost|p2a: Ursaluna|spa|1\n|-boost|p2a: Ursaluna|spd|1\n|\n|upkeep\n|turn|12\n|c| El_Gran_Wigglytuff|Ah\u00ed le pill\u00f3\n|\n|t:|1695928030\n|move|p1a: Rotom|Overheat|p2a: Ursaluna|[miss]\n|-miss|p1a: Rotom|p2a: Ursaluna\n|move|p2a: Ursaluna|Blood Moon|p1a: Rotom\n|-damage|p1a: Rotom|0 fnt\n|faint|p1a: Rotom\n|\n|win|SakiiTenma\n|c|\u2606fifier|xd\n|l|\u2606SakiiTenma\n","uploadtime":1695928038,"views":5,"p1id":"fifier","p2id":"sakiitenma","formatid":"gen9nationaldexdoubles","rating":0,"private":0,"password":""}