{"id":"gen9nationaldexdoubles-1953589216","p1":"Ghost Sora","p2":"DewEnjoyer","format":"[Gen 9] National Dex Doubles","log":"|j|\u2606Ghost Sora\n|j|\u2606DewEnjoyer\n|t:|1695809500\n|gametype|doubles\n|player|p1|Ghost Sora|170|1069\n|player|p2|DewEnjoyer|birdkeeper-gen4dp|1349\n|teamsize|p1|6\n|teamsize|p2|6\n|gen|9\n|tier|[Gen 9] National Dex Doubles\n|rated|\n|rule|HP Percentage Mod: HP is shown in percentages\n|rule|Endless Battle Clause: Forcing endless battles is banned\n|rule|OHKO Clause: OHKO moves are banned\n|rule|Evasion Moves Clause: Evasion moves are banned\n|rule|Evasion Abilities Clause: Evasion abilities are banned\n|rule|Species Clause: Limit one of each Pok\u00e9mon\n|rule|Gravity Sleep Clause: The combination of sleep-inducing moves with imperfect accuracy and Gravity or Gigantamax Orbeetle are banned\n|clearpoke\n|poke|p1|Flutter Mane|\n|poke|p1|Aegislash, M|\n|poke|p1|Sableye, M|\n|poke|p1|Typhlosion-Hisui, M|\n|poke|p1|Porygon-Z|\n|poke|p1|Ceruledge, M|\n|poke|p2|Electrode-Hisui|\n|poke|p2|Rillaboom, M|\n|poke|p2|Great Tusk|\n|poke|p2|Volcanion|\n|poke|p2|Goodra-Hisui, M|\n|poke|p2|Tornadus, M|\n|teampreview\n|inactive|Battle timer is ON: inactive players will automatically lose when time's up. (requested by Ghost Sora)\n|\n|t:|1695809534\n|start\n|switch|p1a: Sableye|Sableye, M|100\/100\n|switch|p1b: Typhlosion|Typhlosion-Hisui, M|100\/100\n|switch|p2a: Elephant|Great Tusk|100\/100\n|switch|p2b: Ough|Tornadus, M|100\/100\n|-item|p2a: Elephant|Life Orb|[from] ability: Frisk|[of] p1b: Typhlosion|[identify]\n|-item|p2b: Ough|Covert Cloak|[from] ability: Frisk|[of] p1b: Typhlosion|[identify]\n|turn|1\n|\n|t:|1695809561\n|move|p2b: Ough|Tailwind|p2b: Ough\n|-sidestart|p2: DewEnjoyer|move: Tailwind\n|move|p1a: Sableye|Sunny Day|p1a: Sableye\n|-weather|SunnyDay\n|-activate|p2a: Elephant|ability: Protosynthesis\n|-start|p2a: Elephant|protosynthesisatk\n|move|p2a: Elephant|Headlong Rush|p1b: Typhlosion\n|-supereffective|p1b: Typhlosion\n|-damage|p1b: Typhlosion|0 fnt\n|-unboost|p2a: Elephant|def|1\n|-unboost|p2a: Elephant|spd|1\n|faint|p1b: Typhlosion\n|-damage|p2a: Elephant|91\/100|[from] item: Life Orb\n|\n|-weather|SunnyDay|[upkeep]\n|upkeep\n|\n|t:|1695809571\n|switch|p1b: Flutter Mane|Flutter Mane|100\/100\n|-activate|p1b: Flutter Mane|ability: Protosynthesis\n|-start|p1b: Flutter Mane|protosynthesisspe\n|turn|2\n|\n|t:|1695809593\n|detailschange|p1a: Sableye|Sableye-Mega, M\n|-mega|p1a: Sableye|Sableye|Sablenite\n|-terastallize|p1b: Flutter Mane|Fairy\n|move|p2b: Ough|Taunt|p1a: Sableye\n|move|p1a: Sableye|Taunt|p2b: Ough|[from]ability: Magic Bounce\n|-start|p2b: Ough|move: Taunt\n|move|p1b: Flutter Mane|Dazzling Gleam|p2b: Ough|[spread] p2a,p2b\n|-supereffective|p2a: Elephant\n|-damage|p2a: Elephant|0 fnt\n|-damage|p2b: Ough|46\/100\n|faint|p2a: Elephant\n|-end|p2a: Elephant|Protosynthesis|[silent]\n|move|p1a: Sableye|Foul Play|p2b: Ough\n|-crit|p2b: Ough\n|-damage|p2b: Ough|0 fnt\n|faint|p2b: Ough\n|\n|-weather|SunnyDay|[upkeep]\n|upkeep\n|inactive|DewEnjoyer has 120 seconds left.\n|\n|t:|1695809619\n|switch|p2a: The Steamer|Volcanion|100\/100\n|switch|p2b: Roe|Goodra-Hisui, M|100\/100\n|turn|3\n|inactive|DewEnjoyer has 120 seconds left.\n|\n|t:|1695809639\n|-end|p1b: Flutter Mane|Protosynthesis|[silent]\n|switch|p1b: Ceruledge|Ceruledge, M|100\/100\n|move|p2a: The Steamer|Heat Wave|p1b: Ceruledge|[spread] p1a\n|-start|p1b: Ceruledge|ability: Flash Fire\n|-damage|p1a: Sableye|54\/100\n|move|p2b: Roe|Sludge Bomb|p1b: Ceruledge\n|-resisted|p1b: Ceruledge\n|-damage|p1b: Ceruledge|93\/100\n|move|p1a: Sableye|Will-O-Wisp|p2b: Roe\n|-status|p2b: Roe|brn\n|\n|-weather|SunnyDay|[upkeep]\n|-damage|p2b: Roe|95\/100 brn|[from] brn\n|upkeep\n|turn|4\n|inactive|DewEnjoyer has 120 seconds left.\n|\n|t:|1695809674\n|move|p2a: The Steamer|Earth Power|p1b: Ceruledge\n|-supereffective|p1b: Ceruledge\n|-damage|p1b: Ceruledge|52\/100\n|move|p2b: Roe|Sludge Bomb|p1a: Sableye\n|-resisted|p1a: Sableye\n|-damage|p1a: Sableye|45\/100\n|move|p1b: Ceruledge|Close Combat|p2b: Roe\n|-supereffective|p2b: Roe\n|-damage|p2b: Roe|5\/100 brn\n|-unboost|p1b: Ceruledge|def|1\n|-unboost|p1b: Ceruledge|spd|1\n|move|p1a: Sableye|Recover|p1a: Sableye\n|-heal|p1a: Sableye|96\/100\n|\n|-weather|SunnyDay|[upkeep]\n|-heal|p2b: Roe|11\/100 brn|[from] item: Leftovers\n|-damage|p2b: Roe|5\/100 brn|[from] brn\n|-sideend|p2: DewEnjoyer|move: Tailwind\n|upkeep\n|turn|5\n|inactive|DewEnjoyer has 120 seconds left.\n|\n|t:|1695809704\n|-end|p1b: Ceruledge|ability: Flash Fire|[silent]\n|switch|p1b: Flutter Mane|Flutter Mane, tera:Fairy|100\/100\n|-activate|p1b: Flutter Mane|ability: Protosynthesis\n|-start|p1b: Flutter Mane|protosynthesisspe\n|move|p2a: The Steamer|Heat Wave|p1b: Flutter Mane|[spread] p1a,p1b\n|-damage|p1a: Sableye|48\/100\n|-damage|p1b: Flutter Mane|33\/100\n|move|p2b: Roe|Stomping Tantrum|p1b: Flutter Mane\n|-damage|p1b: Flutter Mane|11\/100\n|move|p1a: Sableye|Foul Play|p2b: Roe\n|-crit|p2b: Roe\n|-damage|p2b: Roe|0 fnt\n|faint|p2b: Roe\n|\n|-weather|none\n|-end|p1b: Flutter Mane|Protosynthesis\n|upkeep\n|\n|t:|1695809724\n|switch|p2b: Orb|Electrode-Hisui, shiny|100\/100\n|turn|6\n|inactive|DewEnjoyer has 120 seconds left.\n|\n|t:|1695809738\n|move|p2b: Orb|Volt Switch|p1a: Sableye\n|-damage|p1a: Sableye|21\/100\n|\n|t:|1695809740\n|switch|p2b: Monkey|Rillaboom, M|100\/100|[from] Volt Switch\n|-fieldstart|move: Grassy Terrain|[from] ability: Grassy Surge|[of] p2b: Monkey\n|move|p1b: Flutter Mane|Moonblast|p2b: Monkey\n|-damage|p2b: Monkey|12\/100\n|move|p2a: The Steamer|Heat Wave|p1b: Flutter Mane|[spread] p1a,p1b\n|-damage|p1a: Sableye|0 fnt\n|-damage|p1b: Flutter Mane|0 fnt\n|faint|p1a: Sableye\n|faint|p1b: Flutter Mane\n|-end|p1b: Flutter Mane|Protosynthesis|[silent]\n|\n|-heal|p2b: Monkey|18\/100|[from] Grassy Terrain\n|upkeep\n|\n|t:|1695809754\n|switch|p1b: Porygon-Z|Porygon-Z, shiny|100\/100\n|switch|p1a: Ceruledge|Ceruledge, M|52\/100\n|turn|7\n|\n|t:|1695809765\n|move|p2b: Monkey|Fake Out|p1b: Porygon-Z\n|-damage|p1b: Porygon-Z|83\/100\n|move|p1a: Ceruledge|Shadow Sneak|p2b: Monkey\n|-damage|p2b: Monkey|0 fnt\n|faint|p2b: Monkey\n|cant|p1b: Porygon-Z|flinch\n|move|p2a: The Steamer|Steam Eruption|p1a: Ceruledge\n|-supereffective|p1a: Ceruledge\n|-damage|p1a: Ceruledge|0 fnt\n|faint|p1a: Ceruledge\n|\n|-heal|p1b: Porygon-Z|89\/100|[from] Grassy Terrain\n|upkeep\n|\n|t:|1695809781\n|switch|p2b: Orb|Electrode-Hisui, shiny|100\/100\n|switch|p1a: Aegislash|Aegislash, M|100\/100\n|turn|8\n|\n|t:|1695809788\n|-terastallize|p2b: Orb|Grass\n|move|p2b: Orb|Chloroblast|p1b: Porygon-Z\n|-damage|p1b: Porygon-Z|0 fnt\n|faint|p1b: Porygon-Z\n|-damage|p2b: Orb|50\/100|[from] Recoil\n|move|p2a: The Steamer|Heat Wave|p1a: Aegislash\n|-supereffective|p1a: Aegislash\n|-damage|p1a: Aegislash|12\/100\n|-status|p1a: Aegislash|brn\n|-formechange|p1a: Aegislash|Aegislash-Blade||[from] ability: Stance Change\n|move|p1a: Aegislash|Gyro Ball|p2b: Orb\n|-damage|p2b: Orb|17\/100\n|\n|-heal|p2b: Orb|23\/100|[from] Grassy Terrain\n|-heal|p1a: Aegislash|18\/100 brn|[from] Grassy Terrain\n|-heal|p1a: Aegislash|24\/100 brn|[from] item: Leftovers\n|-damage|p1a: Aegislash|18\/100 brn|[from] brn\n|upkeep\n|turn|9\n|-message|Ghost Sora forfeited.\n|\n|win|DewEnjoyer\n|raw|Ghost Sora's rating: 1069 &rarr; <strong>1062<\/strong><br \/>(-7 for losing)\n|raw|DewEnjoyer's rating: 1349 &rarr; <strong>1356<\/strong><br \/>(+7 for winning)\n|l|\u2606Ghost Sora\n","uploadtime":1695809812,"views":13,"p1id":"ghostsora","p2id":"dewenjoyer","formatid":"gen9nationaldexdoubles","rating":1062,"private":0,"password":""}