{"id":"gen9nationaldexdoubles-1992244088","p1":"Alankazam94","p2":"koodagameplay","format":"[Gen 9] National Dex Doubles","log":"|j|\u2606Alankazam94\n|j|\u2606koodagameplay\n|t:|1700167134\n|gametype|doubles\n|player|p1|Alankazam94|acetrainer-gen4dp|1055\n|player|p2|koodagameplay|pokemonbreederf-gen4|1053\n|teamsize|p1|6\n|teamsize|p2|6\n|gen|9\n|tier|[Gen 9] National Dex Doubles\n|rated|\n|rule|HP Percentage Mod: HP is shown in percentages\n|rule|Endless Battle Clause: Forcing endless battles is banned\n|rule|OHKO Clause: OHKO moves are banned\n|rule|Evasion Moves Clause: Evasion moves are banned\n|rule|Evasion Abilities Clause: Evasion abilities are banned\n|rule|Species Clause: Limit one of each Pok\u00e9mon\n|rule|Gravity Sleep Clause: The combination of sleep-inducing moves with imperfect accuracy and Gravity or Gigantamax Orbeetle are banned\n|clearpoke\n|poke|p1|Alakazam, M|\n|poke|p1|Gengar, M|\n|poke|p1|Krookodile, M|\n|poke|p1|Pawmot, M|\n|poke|p1|Tyranitar, F|\n|poke|p1|Arcanine, M|\n|poke|p2|Dragonair, F|\n|poke|p2|Pikachu-Sinnoh, M|\n|poke|p2|Dodrio, M|\n|poke|p2|Quaquaval, F|\n|poke|p2|Lopunny, M|\n|poke|p2|Garchomp, F|\n|teampreview\n|\n|t:|1700167138\n|start\n|switch|p1a: Tyranitar|Tyranitar, F|100\/100\n|switch|p1b: Krookodile|Krookodile, M|100\/100\n|switch|p2a: Determination|Dragonair, F, shiny|100\/100\n|switch|p2b: Ash|Pikachu-Sinnoh, M|100\/100\n|-ability|p1b: Krookodile|Intimidate|boost\n|-unboost|p2a: Determination|atk|1\n|-unboost|p2b: Ash|atk|1\n|-weather|Sandstorm|[from] ability: Sand Stream|[of] p1a: Tyranitar\n|turn|1\n|inactive|Battle timer is ON: inactive players will automatically lose when time's up. (requested by koodagameplay)\n|\n|t:|1700167155\n|move|p2b: Ash|Fake Out|p1b: Krookodile\n|-damage|p1b: Krookodile|88\/100\n|cant|p1b: Krookodile|flinch\n|move|p1a: Tyranitar|Stone Edge|p2b: Ash|[miss]\n|-miss|p1a: Tyranitar|p2b: Ash\n|move|p2a: Determination|Reflect|p2a: Determination\n|-sidestart|p2: koodagameplay|Reflect\n|\n|-weather|Sandstorm|[upkeep]\n|-damage|p2b: Ash|94\/100|[from] Sandstorm\n|-damage|p2a: Determination|94\/100|[from] Sandstorm\n|upkeep\n|turn|2\n|inactive|koodagameplay has 120 seconds left.\n|\n|t:|1700167186\n|move|p1b: Krookodile|Knock Off|p2a: Determination\n|-damage|p2a: Determination|58\/100\n|-enditem|p2a: Determination|Eviolite|[from] move: Knock Off|[of] p1b: Krookodile\n|move|p2b: Ash|Knock Off|p1b: Krookodile\n|-resisted|p1b: Krookodile\n|-damage|p1b: Krookodile|72\/100\n|-enditem|p1b: Krookodile|Choice Band|[from] move: Knock Off|[of] p2b: Ash\n|move|p1a: Tyranitar|Stone Edge|p2b: Ash\n|-crit|p2b: Ash\n|-damage|p2b: Ash|0 fnt\n|faint|p2b: Ash\n|move|p2a: Determination|Thunder Wave|p1b: Krookodile\n|-immune|p1b: Krookodile\n|\n|-weather|Sandstorm|[upkeep]\n|-damage|p2a: Determination|52\/100|[from] Sandstorm\n|upkeep\n|inactive|koodagameplay has 120 seconds left.\n|\n|t:|1700167204\n|switch|p2b: Joker|Lopunny, M|100\/100\n|turn|3\n|\n|t:|1700167225\n|switch|p1a: Gengar|Gengar, M|100\/100\n|detailschange|p2b: Joker|Lopunny-Mega, M\n|-mega|p2b: Joker|Lopunny|Lopunnite\n|move|p2b: Joker|Fake Out|p1a: Gengar\n|-damage|p1a: Gengar|56\/100\n|move|p1b: Krookodile|Close Combat|p2b: Joker\n|-supereffective|p2b: Joker\n|-damage|p2b: Joker|33\/100\n|-unboost|p1b: Krookodile|def|1\n|-unboost|p1b: Krookodile|spd|1\n|move|p2a: Determination|Toxic|p1b: Krookodile\n|-status|p1b: Krookodile|tox\n|\n|-weather|Sandstorm|[upkeep]\n|-damage|p1a: Gengar|50\/100|[from] Sandstorm\n|-damage|p2b: Joker|27\/100|[from] Sandstorm\n|-damage|p2a: Determination|46\/100|[from] Sandstorm\n|-damage|p1b: Krookodile|66\/100 tox|[from] psn\n|upkeep\n|turn|4\n|\n|t:|1700167247\n|move|p1a: Gengar|Focus Blast|p2b: Joker\n|-supereffective|p2b: Joker\n|-damage|p2b: Joker|0 fnt\n|faint|p2b: Joker\n|move|p1b: Krookodile|Knock Off|p2a: Determination\n|-damage|p2a: Determination|21\/100\n|move|p2a: Determination|Thunder Wave|p1a: Gengar\n|-status|p1a: Gengar|par\n|\n|-weather|Sandstorm|[upkeep]\n|-damage|p1a: Gengar|43\/100 par|[from] Sandstorm\n|-damage|p2a: Determination|15\/100|[from] Sandstorm\n|-damage|p1b: Krookodile|54\/100 tox|[from] psn\n|upkeep\n|\n|t:|1700167260\n|switch|p2b: Cynthia|Garchomp, F|100\/100\n|turn|5\n|\n|t:|1700167271\n|switch|p2a: Rage|Dodrio, M|100\/100\n|move|p2b: Cynthia|Earthquake|p1a: Gengar|[spread] p1a,p1b\n|-immune|p2a: Rage\n|-supereffective|p1a: Gengar\n|-damage|p1a: Gengar|0 fnt\n|-damage|p1b: Krookodile|0 fnt\n|-start|p2b: Cynthia|Disable|Earthquake|[from] ability: Cursed Body|[of] p1a: Gengar\n|faint|p1a: Gengar\n|faint|p1b: Krookodile\n|\n|-weather|none\n|-sideend|p2: koodagameplay|Reflect\n|upkeep\n|\n|t:|1700167285\n|switch|p1a: Pawmot|Pawmot, M|100\/100\n|switch|p1b: Alakazam|Alakazam, M|100\/100\n|turn|6\n|\n|t:|1700167304\n|move|p1b: Alakazam|Psychic|p2b: Cynthia\n|-damage|p2b: Cynthia|38\/100\n|move|p2a: Rage|Knock Off|p1b: Alakazam\n|-supereffective|p1b: Alakazam\n|-damage|p1b: Alakazam|0 fnt\n|-enditem|p1b: Alakazam|Life Orb|[from] move: Knock Off|[of] p2a: Rage\n|faint|p1b: Alakazam\n|move|p1a: Pawmot|Double Shock|p2a: Rage\n|-supereffective|p2a: Rage\n|-enditem|p2a: Rage|Focus Sash\n|-damage|p2a: Rage|1\/100\n|-start|p1a: Pawmot|typechange|???\/Fighting|[from] move: Double Shock\n|-damage|p1a: Pawmot|91\/100|[from] item: Life Orb\n|move|p2b: Cynthia|Dragon Claw|p1a: Pawmot\n|-damage|p1a: Pawmot|23\/100\n|\n|upkeep\n|\n|t:|1700167320\n|switch|p1b: Arcanine|Arcanine, M|100\/100\n|-ability|p1b: Arcanine|Intimidate|boost\n|-unboost|p2a: Rage|atk|1\n|-unboost|p2b: Cynthia|atk|1\n|turn|7\n|\n|t:|1700167334\n|move|p2a: Rage|Knock Off|p1a: Pawmot\n|-resisted|p1a: Pawmot\n|-damage|p1a: Pawmot|7\/100\n|-enditem|p1a: Pawmot|Life Orb|[from] move: Knock Off|[of] p2a: Rage\n|move|p1a: Pawmot|Revival Blessing|p1a: Pawmot\n|\n|t:|1700167340\n|-heal|p1: Alakazam|50\/100|[from] move: Revival Blessing\n|move|p2b: Cynthia|Swords Dance|p2b: Cynthia\n|-boost|p2b: Cynthia|atk|2\n|move|p1b: Arcanine|Flare Blitz|p2a: Rage\n|-damage|p2a: Rage|0 fnt\n|faint|p2a: Rage\n|-damage|p1b: Arcanine|99\/100|[from] Recoil\n|\n|upkeep\n|\n|t:|1700167351\n|switch|p2a: Determination|Dragonair, F, shiny|15\/100\n|turn|8\n|\n|t:|1700167369\n|move|p1a: Pawmot|Mach Punch|p2b: Cynthia\n|-damage|p2b: Cynthia|16\/100\n|-damage|p1a: Pawmot|0 fnt|[from] ability: Rough Skin|[of] p2b: Cynthia\n|faint|p1a: Pawmot\n|move|p2b: Cynthia|Dragon Claw|p1b: Arcanine\n|-damage|p1b: Arcanine|55\/100\n|move|p1b: Arcanine|Flare Blitz|p2a: Determination\n|-resisted|p2a: Determination\n|-damage|p2a: Determination|0 fnt\n|faint|p2a: Determination\n|-damage|p1b: Arcanine|51\/100|[from] Recoil\n|\n|-end|p2b: Cynthia|Disable\n|upkeep\n|\n|t:|1700167389\n|switch|p1a: Alakazam|Alakazam, M|50\/100\n|switch|p2a: Carnaval|Quaquaval, F|100\/100\n|turn|9\n|\n|t:|1700167401\n|-terastallize|p2a: Carnaval|Water\n|-terastallize|p1b: Arcanine|Water\n|move|p2a: Carnaval|Aqua Step|p1a: Alakazam\n|-damage|p1a: Alakazam|0 fnt\n|-boost|p2a: Carnaval|spe|1\n|faint|p1a: Alakazam\n|-ability|p2a: Carnaval|Moxie|boost\n|-boost|p2a: Carnaval|atk|1\n|move|p2b: Cynthia|Earthquake|p1b: Arcanine|[spread] p2a,p1b\n|-damage|p2a: Carnaval|20\/100\n|-damage|p1b: Arcanine|9\/100\n|move|p1b: Arcanine|Flare Blitz|p2b: Cynthia\n|-resisted|p2b: Cynthia\n|-damage|p2b: Cynthia|0 fnt\n|-damage|p1b: Arcanine|0 fnt|[from] ability: Rough Skin|[of] p2b: Cynthia\n|faint|p2b: Cynthia\n|faint|p1b: Arcanine\n|\n|upkeep\n|\n|t:|1700167424\n|switch|p1a: Tyranitar|Tyranitar, F|100\/100\n|-weather|Sandstorm|[from] ability: Sand Stream|[of] p1a: Tyranitar\n|turn|10\n|\n|t:|1700167444\n|move|p2a: Carnaval|Aqua Step|p1a: Tyranitar\n|-supereffective|p1a: Tyranitar\n|-damage|p1a: Tyranitar|0 fnt\n|-boost|p2a: Carnaval|spe|1\n|faint|p1a: Tyranitar\n|\n|win|koodagameplay\n|raw|Alankazam94's rating: 1055 &rarr; <strong>1037<\/strong><br \/>(-18 for losing)\n|raw|koodagameplay's rating: 1053 &rarr; <strong>1085<\/strong><br \/>(+32 for winning)\n|l|\u2606Alankazam94\n|c|\u2606koodagameplay|gg\n","uploadtime":1700167596,"views":11,"p1id":"alankazam94","p2id":"koodagameplay","formatid":"gen9nationaldexdoubles","rating":1037,"private":0,"password":""}