{"id":"gen9nationaldexdoubles-1984326273","p1":"Tombstone Ghost","p2":"Pikapro1119","format":"[Gen 9] National Dex Doubles","log":"|j|\u2606Tombstone Ghost\n|j|\u2606Pikapro1119\n|t:|1699244122\n|gametype|doubles\n|player|p1|Tombstone Ghost|101|1193\n|player|p2|Pikapro1119|lady|1054\n|teamsize|p1|6\n|teamsize|p2|6\n|gen|9\n|tier|[Gen 9] National Dex Doubles\n|rated|\n|rule|HP Percentage Mod: HP is shown in percentages\n|rule|Endless Battle Clause: Forcing endless battles is banned\n|rule|OHKO Clause: OHKO moves are banned\n|rule|Evasion Moves Clause: Evasion moves are banned\n|rule|Evasion Abilities Clause: Evasion abilities are banned\n|rule|Species Clause: Limit one of each Pok\u00e9mon\n|rule|Gravity Sleep Clause: The combination of sleep-inducing moves with imperfect accuracy and Gravity or Gigantamax Orbeetle are banned\n|clearpoke\n|poke|p1|Espathra, F|\n|poke|p1|Electrode-Hisui|\n|poke|p1|Chi-Yu|\n|poke|p1|Gliscor, M|\n|poke|p1|Whimsicott, M|\n|poke|p1|Florges, F|\n|poke|p2|Alcremie-Mint-Cream, F|\n|poke|p2|Altaria, F|\n|poke|p2|Chandelure, M|\n|poke|p2|Jirachi|\n|poke|p2|Aegislash, M|\n|poke|p2|Lilligant, F|\n|teampreview\n|\n|t:|1699244128\n|start\n|switch|p1a: Crash|Espathra, F|100\/100\n|switch|p1b: Loki|Whimsicott, M, shiny|100\/100\n|switch|p2a: Conquest|Chandelure, M, shiny|100\/100\n|switch|p2b: War|Aegislash, M, shiny|100\/100\n|turn|1\n|\n|t:|1699244159\n|-terastallize|p1a: Crash|Dark\n|move|p1b: Loki|Taunt|p2a: Conquest\n|-start|p2a: Conquest|move: Taunt\n|move|p1a: Crash|Calm Mind|p1a: Crash\n|-boost|p1a: Crash|spa|1\n|-boost|p1a: Crash|spd|1\n|-formechange|p2b: War|Aegislash-Blade||[from] ability: Stance Change\n|move|p2b: War|Hidden Power|p2a: Conquest\n|-start|p2a: Conquest|ability: Flash Fire\n|cant|p2a: Conquest|move: Taunt|Trick Room\n|\n|-ability|p1a: Crash|Speed Boost|boost\n|-boost|p1a: Crash|spe|1\n|upkeep\n|turn|2\n|\n|t:|1699244185\n|move|p1b: Loki|Tailwind|p1b: Loki\n|-sidestart|p1: Tombstone Ghost|move: Tailwind\n|move|p1a: Crash|Tera Blast|p2a: Conquest|[anim] Tera Blast Dark\n|-supereffective|p2a: Conquest\n|-damage|p2a: Conquest|0 fnt\n|faint|p2a: Conquest\n|move|p2b: War|Gyro Ball|p1a: Crash\n|-damage|p1a: Crash|0 fnt\n|faint|p1a: Crash\n|\n|upkeep\n|j| gameing08\n|l| gameing08\n|\n|t:|1699244208\n|switch|p1a: Guppie|Chi-Yu|100\/100\n|switch|p2a: Lucky|Jirachi|100\/100\n|-ability|p1a: Guppie|Beads of Ruin\n|turn|3\n|\n|t:|1699244227\n|move|p1b: Loki|Taunt|p2a: Lucky\n|-start|p2a: Lucky|move: Taunt\n|move|p1a: Guppie|Heat Wave|p2b: War|[spread] p2a,p2b\n|-supereffective|p2a: Lucky\n|-supereffective|p2b: War\n|-damage|p2a: Lucky|0 fnt\n|-damage|p2b: War|0 fnt\n|faint|p2a: Lucky\n|faint|p2b: War\n|-damage|p1a: Guppie|91\/100|[from] item: Life Orb\n|\n|upkeep\n|\n|t:|1699244241\n|switch|p2a: Nightshade|Alcremie-Mint-Cream, F|100\/100\n|switch|p2b: Ria|Altaria, F|100\/100\n|-ability|p2b: Ria|Cloud Nine\n|turn|4\n|\n|t:|1699244275\n|switch|p1b: Scissors|Gliscor, M, shiny|100\/100\n|detailschange|p2b: Ria|Altaria-Mega, F\n|-mega|p2b: Ria|Altaria|Altarianite\n|move|p1a: Guppie|Protect|p1a: Guppie\n|-singleturn|p1a: Guppie|Protect\n|move|p2b: Ria|Hurricane|p1a: Guppie\n|-activate|p1a: Guppie|move: Protect\n|move|p2a: Nightshade|Light Screen|p2a: Nightshade\n|-sidestart|p2: Pikapro1119|move: Light Screen\n|\n|-status|p1b: Scissors|tox|[from] item: Toxic Orb\n|upkeep\n|turn|5\n|\n|t:|1699244308\n|-terastallize|p2a: Nightshade|Fairy\n|move|p1a: Guppie|Heat Wave|p2b: Ria|[spread] p2a,p2b\n|-resisted|p2b: Ria\n|-damage|p2a: Nightshade|65\/100\n|-damage|p2b: Ria|79\/100\n|-status|p2b: Ria|brn\n|-damage|p1a: Guppie|81\/100|[from] item: Life Orb\n|move|p1b: Scissors|Rock Slide|p2a: Nightshade|[spread] p2a,p2b\n|-damage|p2a: Nightshade|46\/100\n|-damage|p2b: Ria|69\/100 brn\n|move|p2b: Ria|Dragon Claw|p1b: Scissors\n|-damage|p1b: Scissors|91\/100 tox\n|move|p2a: Nightshade|Dazzling Gleam|p1b: Scissors|[spread] p1a,p1b\n|-damage|p1a: Guppie|30\/100\n|-damage|p1b: Scissors|19\/100 tox\n|\n|-heal|p1b: Scissors|32\/100 tox|[from] ability: Poison Heal\n|-damage|p2b: Ria|63\/100 brn|[from] brn\n|-sideend|p1: Tombstone Ghost|move: Tailwind\n|upkeep\n|turn|6\n|\n|t:|1699244341\n|move|p1b: Scissors|Protect|p1b: Scissors\n|-singleturn|p1b: Scissors|Protect\n|move|p1a: Guppie|Heat Wave|p2b: Ria|[spread] p2b\n|-miss|p1a: Guppie|p2a: Nightshade\n|-resisted|p2b: Ria\n|-damage|p2b: Ria|42\/100 brn\n|-damage|p1a: Guppie|20\/100|[from] item: Life Orb\n|move|p2b: Ria|Hurricane|p1a: Guppie\n|-damage|p1a: Guppie|0 fnt\n|faint|p1a: Guppie\n|move|p2a: Nightshade|Dazzling Gleam|p1b: Scissors\n|-activate|p1b: Scissors|move: Protect\n|\n|-heal|p1b: Scissors|44\/100 tox|[from] ability: Poison Heal\n|-damage|p2b: Ria|36\/100 brn|[from] brn\n|upkeep\n|\n|t:|1699244363\n|switch|p1a: Powerball|Electrode-Hisui, shiny|100\/100\n|turn|7\n|\n|t:|1699244378\n|move|p1a: Powerball|Discharge|p2a: Nightshade|[spread] p2a,p2b\n|-immune|p1b: Scissors\n|-resisted|p2b: Ria\n|-damage|p2a: Nightshade|28\/100\n|-damage|p2b: Ria|25\/100 brn\n|-damage|p1a: Powerball|91\/100|[from] item: Life Orb\n|move|p1b: Scissors|Rock Slide|p2a: Nightshade|[spread] p2a,p2b\n|-damage|p2a: Nightshade|9\/100\n|-damage|p2b: Ria|14\/100 brn\n|move|p2b: Ria|Hurricane|p1a: Powerball\n|-damage|p1a: Powerball|48\/100\n|move|p2a: Nightshade|Dazzling Gleam|p1a: Powerball|[spread] p1a,p1b\n|-damage|p1a: Powerball|0 fnt\n|-damage|p1b: Scissors|0 fnt\n|faint|p1a: Powerball\n|faint|p1b: Scissors\n|\n|-damage|p2b: Ria|8\/100 brn|[from] brn\n|upkeep\n|\n|t:|1699244395\n|switch|p1a: Grim|Florges, F, shiny|100\/100\n|switch|p1b: Loki|Whimsicott, M, shiny|100\/100\n|turn|8\n|\n|t:|1699244411\n|move|p1a: Grim|Helping Hand|p1b: Loki\n|-singleturn|p1b: Loki|Helping Hand|[of] p1a: Grim\n|move|p1b: Loki|Dazzling Gleam|p2a: Nightshade|[spread] p2a,p2b\n|-supereffective|p2b: Ria\n|-damage|p2a: Nightshade|0 fnt\n|-damage|p2b: Ria|0 fnt\n|faint|p2a: Nightshade\n|faint|p2b: Ria\n|\n|upkeep\n|\n|t:|1699244423\n|switch|p2b: Ruta|Lilligant, F|100\/100\n|turn|9\n|\n|t:|1699244434\n|move|p1b: Loki|Tailwind|p1b: Loki\n|-sidestart|p1: Tombstone Ghost|move: Tailwind\n|move|p1a: Grim|Pollen Puff|p2b: Ruta\n|-supereffective|p2b: Ruta\n|-damage|p2b: Ruta|66\/100\n|move|p2b: Ruta|Petal Blizzard|p1b: Loki|[spread] p1a,p1b\n|-resisted|p1b: Loki\n|-damage|p1a: Grim|82\/100\n|-damage|p1b: Loki|94\/100\n|\n|-heal|p1a: Grim|88\/100|[from] item: Leftovers\n|upkeep\n|turn|10\n|j| noskillsyesfeels\n|\n|t:|1699244457\n|move|p1b: Loki|Encore|p2b: Ruta\n|-start|p2b: Ruta|Encore\n|move|p1a: Grim|Pollen Puff|p2b: Ruta\n|-supereffective|p2b: Ruta\n|-damage|p2b: Ruta|32\/100\n|move|p2b: Ruta|Petal Blizzard|p1b: Loki|[spread] p1a,p1b\n|-resisted|p1b: Loki\n|-crit|p1b: Loki\n|-damage|p1a: Grim|67\/100\n|-damage|p1b: Loki|84\/100\n|\n|-heal|p1a: Grim|74\/100|[from] item: Leftovers\n|upkeep\n|turn|11\n|\n|t:|1699244475\n|move|p1b: Loki|Dazzling Gleam|p2b: Ruta\n|-damage|p2b: Ruta|14\/100\n|move|p1a: Grim|Pollen Puff|p2b: Ruta\n|-supereffective|p2b: Ruta\n|-damage|p2b: Ruta|0 fnt\n|faint|p2b: Ruta\n|\n|win|Tombstone Ghost\n|raw|Tombstone Ghost's rating: 1193 &rarr; <strong>1208<\/strong><br \/>(+15 for winning)\n|raw|Pikapro1119's rating: 1054 &rarr; <strong>1043<\/strong><br \/>(-11 for losing)\n","uploadtime":1699244486,"views":5,"p1id":"tombstoneghost","p2id":"pikapro1119","formatid":"gen9nationaldexdoubles","rating":1043,"private":0,"password":""}