{"id":"gen9nationaldexdoubles-1965168637","p1":"The OG Trainer Red","p2":"Legendary Esper","format":"[Gen 9] National Dex Doubles","log":"|j|\u2606The OG Trainer Red\n|j|\u2606Legendary Esper\n|t:|1697047878\n|gametype|doubles\n|player|p1|The OG Trainer Red|fisherman-gen4|1228\n|player|p2|Legendary Esper|1|1409\n|teamsize|p1|6\n|teamsize|p2|6\n|gen|9\n|tier|[Gen 9] National Dex Doubles\n|rated|\n|rule|HP Percentage Mod: HP is shown in percentages\n|rule|Endless Battle Clause: Forcing endless battles is banned\n|rule|OHKO Clause: OHKO moves are banned\n|rule|Evasion Moves Clause: Evasion moves are banned\n|rule|Evasion Abilities Clause: Evasion abilities are banned\n|rule|Species Clause: Limit one of each Pok\u00e9mon\n|rule|Gravity Sleep Clause: The combination of sleep-inducing moves with imperfect accuracy and Gravity or Gigantamax Orbeetle are banned\n|clearpoke\n|poke|p1|Ninetales, F|\n|poke|p1|Leafeon, F|\n|poke|p1|Espeon, F|\n|poke|p1|Indeedee-F, F|\n|poke|p1|Ursaluna-Bloodmoon, M|\n|poke|p1|Umbreon, F|\n|poke|p2|Leafeon, M|\n|poke|p2|Charizard, F|\n|poke|p2|Diancie|\n|poke|p2|Chien-Pao|\n|poke|p2|Ursaluna, M|\n|poke|p2|Cresselia, F|\n|teampreview\n|inactive|Battle timer is ON: inactive players will automatically lose when time's up. (requested by Legendary Esper)\n|inactive|The OG Trainer Red has 120 seconds left.\n|c|\u2606The OG Trainer Red|Eevees!\n|\n|t:|1697047965\n|start\n|switch|p1a: Indeedee|Indeedee-F, F|100\/100\n|switch|p1b: Ursaluna|Ursaluna-Bloodmoon, M|100\/100\n|switch|p2a: Charizard|Charizard, F|100\/100\n|switch|p2b: Leafeon|Leafeon, M, shiny|100\/100\n|-fieldstart|move: Psychic Terrain|[from] ability: Psychic Surge|[of] p1a: Indeedee\n|turn|1\n|inactive|Legendary Esper has 120 seconds left.\n|\n|t:|1697048018\n|detailschange|p2a: Charizard|Charizard-Mega-Y, F\n|-mega|p2a: Charizard|Charizard|Charizardite Y\n|-weather|SunnyDay|[from] ability: Drought|[of] p2a: Charizard\n|-terastallize|p1b: Ursaluna|Normal\n|move|p2b: Leafeon|Solar Blade||[still]\n|-prepare|p2b: Leafeon|Solar Blade\n|-anim|p2b: Leafeon|Solar Blade|p1a: Indeedee\n|-enditem|p1a: Indeedee|Focus Sash\n|-damage|p1a: Indeedee|1\/100\n|move|p2a: Charizard|Heat Wave|p1a: Indeedee|[spread] p1a,p1b\n|-damage|p1a: Indeedee|0 fnt\n|-damage|p1b: Ursaluna|51\/100\n|faint|p1a: Indeedee\n|move|p1b: Ursaluna|Blood Moon|p2a: Charizard\n|-damage|p2a: Charizard|0 fnt\n|faint|p2a: Charizard\n|\n|-weather|SunnyDay|[upkeep]\n|upkeep\n|inactive|Legendary Esper has 120 seconds left.\n|inactive|Legendary Esper has 90 seconds left.\n|\n|t:|1697048058\n|switch|p2a: Ursaluna|Ursaluna, M|100\/100\n|switch|p1a: Leafeon|Leafeon, F|100\/100\n|turn|2\n|inactive|Legendary Esper has 90 seconds left.\n|\n|t:|1697048086\n|move|p2a: Ursaluna|Protect|p2a: Ursaluna\n|-singleturn|p2a: Ursaluna|Protect\n|move|p2b: Leafeon|Solar Blade||[still]\n|-prepare|p2b: Leafeon|Solar Blade\n|-anim|p2b: Leafeon|Solar Blade|p1b: Ursaluna\n|-damage|p1b: Ursaluna|0 fnt\n|faint|p1b: Ursaluna\n|move|p1a: Leafeon|Solar Blade||[still]\n|-prepare|p1a: Leafeon|Solar Blade\n|-anim|p1a: Leafeon|Solar Blade|p2a: Ursaluna\n|-activate|p2a: Ursaluna|move: Protect\n|\n|-weather|SunnyDay|[upkeep]\n|-status|p2a: Ursaluna|brn|[from] item: Flame Orb\n|upkeep\n|inactive|The OG Trainer Red has 120 seconds left.\n|\n|t:|1697048108\n|switch|p1b: Ninetales|Ninetales, F|100\/100\n|turn|3\n|\n|t:|1697048127\n|switch|p2b: Cresselia|Cresselia, F|100\/100\n|switch|p2a: Diancie|Diancie, shiny|100\/100\n|move|p1a: Leafeon|Solar Blade||[still]\n|-prepare|p1a: Leafeon|Solar Blade\n|-anim|p1a: Leafeon|Solar Blade|p2a: Diancie\n|-supereffective|p2a: Diancie\n|-damage|p2a: Diancie|18\/100\n|-damage|p1a: Leafeon|84\/100|[from] item: Rocky Helmet|[of] p2a: Diancie\n|move|p1b: Ninetales|Flamethrower|p2b: Cresselia\n|-damage|p2b: Cresselia|51\/100\n|\n|-weather|SunnyDay|[upkeep]\n|-heal|p2b: Cresselia|57\/100|[from] item: Leftovers\n|upkeep\n|turn|4\n|inactive|Legendary Esper has 120 seconds left.\n|\n|t:|1697048154\n|move|p1a: Leafeon|X-Scissor|p2b: Cresselia\n|-supereffective|p2b: Cresselia\n|-damage|p2b: Cresselia|30\/100\n|move|p1b: Ninetales|Flamethrower|p2a: Diancie\n|-resisted|p2a: Diancie\n|-damage|p2a: Diancie|0 fnt\n|faint|p2a: Diancie\n|move|p2b: Cresselia|Icy Wind|p1a: Leafeon|[spread] p1a,p1b\n|-supereffective|p1a: Leafeon\n|-resisted|p1b: Ninetales\n|-damage|p1a: Leafeon|69\/100\n|-damage|p1b: Ninetales|96\/100\n|-unboost|p1a: Leafeon|spe|1\n|-unboost|p1b: Ninetales|spe|1\n|\n|-weather|SunnyDay|[upkeep]\n|-heal|p2b: Cresselia|36\/100|[from] item: Leftovers\n|upkeep\n|inactive|Legendary Esper has 90 seconds left.\n|\n|t:|1697048169\n|switch|p2a: Leafeon|Leafeon, M, shiny|100\/100\n|turn|5\n|\n|t:|1697048185\n|switch|p1b: Umbreon|Umbreon, F|100\/100\n|-terastallize|p2a: Leafeon|Rock\n|move|p2a: Leafeon|Tera Blast|p1b: Umbreon|[anim] Tera Blast Rock\n|-damage|p1b: Umbreon|63\/100\n|move|p1a: Leafeon|X-Scissor|p2a: Leafeon\n|-damage|p2a: Leafeon|77\/100\n|move|p2b: Cresselia|Future Sight|p1a: Leafeon\n|-start|p2b: Cresselia|move: Future Sight\n|\n|-weather|none\n|-heal|p2b: Cresselia|42\/100|[from] item: Leftovers\n|-heal|p1b: Umbreon|69\/100|[from] item: Leftovers\n|-fieldend|move: Psychic Terrain\n|upkeep\n|turn|6\n|inactive|Legendary Esper has 120 seconds left.\n|inactive|Legendary Esper has 90 seconds left.\n|c|\u2606The OG Trainer Red|Interesting how last week I got this team to 1401 and this week I see a lot of copy cats\n|\n|t:|1697048229\n|switch|p2a: Chien-Pao|Chien-Pao|100\/100\n|-ability|p2a: Chien-Pao|Sword of Ruin\n|switch|p1a: Ninetales|Ninetales, F|96\/100\n|-weather|SunnyDay|[from] ability: Drought|[of] p1a: Ninetales\n|move|p2b: Cresselia|Lunar Blessing|p2b: Cresselia|[spread] p2a,p2b\n|-heal|p2b: Cresselia|67\/100\n|move|p1b: Umbreon|Calm Mind|p1b: Umbreon\n|-boost|p1b: Umbreon|spa|1\n|-boost|p1b: Umbreon|spd|1\n|\n|-weather|SunnyDay|[upkeep]\n|-heal|p2b: Cresselia|73\/100|[from] item: Leftovers\n|-heal|p1b: Umbreon|75\/100|[from] item: Leftovers\n|upkeep\n|turn|7\n|\n|t:|1697048253\n|move|p2a: Chien-Pao|Sacred Sword|p1b: Umbreon\n|-supereffective|p1b: Umbreon\n|-damage|p1b: Umbreon|28\/100\n|move|p1a: Ninetales|Flamethrower|p2a: Chien-Pao\n|-supereffective|p2a: Chien-Pao\n|-enditem|p2a: Chien-Pao|Focus Sash\n|-damage|p2a: Chien-Pao|1\/100\n|move|p2b: Cresselia|Calm Mind|p2b: Cresselia\n|-boost|p2b: Cresselia|spa|1\n|-boost|p2b: Cresselia|spd|1\n|move|p1b: Umbreon|Calm Mind|p1b: Umbreon\n|-boost|p1b: Umbreon|spa|1\n|-boost|p1b: Umbreon|spd|1\n|\n|-weather|SunnyDay|[upkeep]\n|-end|p1a: Ninetales|move: Future Sight\n|-damage|p1a: Ninetales|41\/100\n|-heal|p2b: Cresselia|79\/100|[from] item: Leftovers\n|-heal|p1b: Umbreon|35\/100|[from] item: Leftovers\n|upkeep\n|turn|8\n|inactive|Legendary Esper has 120 seconds left.\n|inactive|The OG Trainer Red has 120 seconds left.\n|\n|t:|1697048296\n|move|p2a: Chien-Pao|Sacred Sword|p1b: Umbreon\n|-supereffective|p1b: Umbreon\n|-damage|p1b: Umbreon|0 fnt\n|faint|p1b: Umbreon\n|move|p1a: Ninetales|Flamethrower|p2a: Chien-Pao\n|-supereffective|p2a: Chien-Pao\n|-damage|p2a: Chien-Pao|0 fnt\n|faint|p2a: Chien-Pao\n|move|p2b: Cresselia|Calm Mind|p2b: Cresselia\n|-boost|p2b: Cresselia|spa|1\n|-boost|p2b: Cresselia|spd|1\n|\n|-weather|SunnyDay|[upkeep]\n|-heal|p2b: Cresselia|85\/100|[from] item: Leftovers\n|upkeep\n|c|\u2606Legendary Esper|Lol if u can't beat em join em\n|inactive|The OG Trainer Red has 120 seconds left.\n|inactive|Legendary Esper has 120 seconds left.\n|c|\u2606The OG Trainer Red|So you did copy my team..\n|\n|t:|1697048326\n|switch|p2a: Ursaluna|Ursaluna, M|100\/100 brn\n|switch|p1b: Leafeon|Leafeon, F|69\/100\n|turn|9\n|inactive|The OG Trainer Red has 120 seconds left.\n|\n|t:|1697048339\n|move|p2a: Ursaluna|Protect|p2a: Ursaluna\n|-singleturn|p2a: Ursaluna|Protect\n|move|p1b: Leafeon|X-Scissor|p2b: Cresselia\n|-supereffective|p2b: Cresselia\n|-damage|p2b: Cresselia|58\/100\n|move|p1a: Ninetales|Flamethrower|p2b: Cresselia\n|-damage|p2b: Cresselia|35\/100\n|move|p2b: Cresselia|Icy Wind|p1a: Ninetales|[spread] p1a,p1b\n|-resisted|p1a: Ninetales\n|-supereffective|p1b: Leafeon\n|-damage|p1a: Ninetales|33\/100\n|-damage|p1b: Leafeon|41\/100\n|-unboost|p1a: Ninetales|spe|1\n|-unboost|p1b: Leafeon|spe|1\n|\n|-weather|SunnyDay|[upkeep]\n|-heal|p2b: Cresselia|41\/100|[from] item: Leftovers\n|-damage|p2a: Ursaluna|94\/100 brn|[from] brn\n|upkeep\n|turn|10\n|\n|t:|1697048364\n|move|p1b: Leafeon|Solar Blade||[still]\n|-prepare|p1b: Leafeon|Solar Blade\n|-anim|p1b: Leafeon|Solar Blade|p2a: Ursaluna\n|-supereffective|p2a: Ursaluna\n|-damage|p2a: Ursaluna|10\/100 brn\n|move|p2b: Cresselia|Future Sight|p1b: Leafeon\n|-start|p2b: Cresselia|move: Future Sight\n|move|p1a: Ninetales|Flamethrower|p2b: Cresselia\n|-damage|p2b: Cresselia|16\/100\n|-status|p2b: Cresselia|brn\n|move|p2a: Ursaluna|Double-Edge|p1a: Ninetales\n|-damage|p1a: Ninetales|0 fnt\n|faint|p1a: Ninetales\n|-damage|p2a: Ursaluna|3\/100 brn|[from] Recoil\n|\n|-weather|none\n|-heal|p2b: Cresselia|22\/100 brn|[from] item: Leftovers\n|-damage|p2b: Cresselia|16\/100 brn|[from] brn\n|-damage|p2a: Ursaluna|0 fnt|[from] brn\n|faint|p2a: Ursaluna\n|upkeep\n|c|\u2606Legendary Esper|This is my team\n|inactive|Legendary Esper has 120 seconds left.\n|c|\u2606Legendary Esper|I just made it 30 mins ago\n|\n|t:|1697048408\n|switch|p1a: Espeon|Espeon, F|100\/100\n|switch|p2a: Leafeon|Leafeon, M, shiny, tera:Rock|77\/100\n|turn|11\n|inactive|Legendary Esper has 120 seconds left.\n|\n|t:|1697048438\n|move|p1a: Espeon|Expanding Force|p2a: Leafeon\n|-crit|p2a: Leafeon\n|-damage|p2a: Leafeon|0 fnt\n|faint|p2a: Leafeon\n|move|p2b: Cresselia|Lunar Blessing|p2b: Cresselia\n|-heal|p2b: Cresselia|41\/100 brn\n|-curestatus|p2b: Cresselia|brn|[msg]\n|move|p1b: Leafeon|Knock Off|p2b: Cresselia\n|-supereffective|p2b: Cresselia\n|-damage|p2b: Cresselia|10\/100\n|-enditem|p2b: Cresselia|Leftovers|[from] move: Knock Off|[of] p1b: Leafeon\n|\n|upkeep\n|turn|12\n|\n|t:|1697048451\n|move|p1a: Espeon|Expanding Force|p2b: Cresselia\n|-resisted|p2b: Cresselia\n|-damage|p2b: Cresselia|3\/100\n|move|p2b: Cresselia|Future Sight|p1a: Espeon\n|-start|p2b: Cresselia|move: Future Sight\n|move|p1b: Leafeon|Knock Off|p2b: Cresselia\n|-supereffective|p2b: Cresselia\n|-damage|p2b: Cresselia|0 fnt\n|faint|p2b: Cresselia\n|\n|win|The OG Trainer Red\n|raw|The OG Trainer Red's rating: 1228 &rarr; <strong>1265<\/strong><br \/>(+37 for winning)\n|raw|Legendary Esper's rating: 1409 &rarr; <strong>1379<\/strong><br \/>(-30 for losing)\n|c|\u2606Legendary Esper|Gg\n|l|\u2606Legendary Esper\n|c|\u2606The OG Trainer Red|Glad to know a copycat of my idea got to 1409\n","uploadtime":1697048488,"views":9,"p1id":"theogtrainerred","p2id":"legendaryesper","formatid":"gen9nationaldexdoubles","rating":1265,"private":0,"password":""}