{"id":"gen9nationaldexdoubles-1950453447","p1":"Leviatan4","p2":"Kaxxxx","format":"[Gen 9] National Dex Doubles","log":"|j|\u2606Leviatan4\n|j|\u2606Kaxxxx\n|t:|1695474608\n|gametype|doubles\n|player|p1|Leviatan4|scientist-gen4dp|\n|player|p2|Kaxxxx|steven|\n|teamsize|p1|6\n|teamsize|p2|6\n|gen|9\n|tier|[Gen 9] National Dex Doubles\n|rule|HP Percentage Mod: HP is shown in percentages\n|rule|Endless Battle Clause: Forcing endless battles is banned\n|rule|OHKO Clause: OHKO moves are banned\n|rule|Evasion Moves Clause: Evasion moves are banned\n|rule|Evasion Abilities Clause: Evasion abilities are banned\n|rule|Species Clause: Limit one of each Pok\u00e9mon\n|rule|Gravity Sleep Clause: The combination of sleep-inducing moves with imperfect accuracy and Gravity or Gigantamax Orbeetle are banned\n|clearpoke\n|poke|p1|Scizor, F|\n|poke|p1|Lokix, F|\n|poke|p1|Volcarona, M|\n|poke|p1|Forretress, M|\n|poke|p1|Heracross, F|\n|poke|p1|Yanmega, M|\n|poke|p2|Tyranitar, M|\n|poke|p2|Ogerpon-Cornerstone, F|\n|poke|p2|Arcanine-Hisui, F|\n|poke|p2|Shuckle, M|\n|poke|p2|Aerodactyl, M|\n|poke|p2|Nihilego|\n|teampreview\n|\n|t:|1695474633\n|start\n|switch|p1a: Cannonball|Forretress, M|100\/100\n|switch|p1b: Ra|Volcarona, M, shiny|100\/100\n|switch|p2a: Shuck|Shuckle, M|100\/100\n|switch|p2b: zilla|Tyranitar, M|100\/100\n|-weather|Sandstorm|[from] ability: Sand Stream|[of] p2b: zilla\n|turn|1\n|j| El_Gran_Wigglytuff\n|c|\u2606Kaxxxx|Suerte\n|c|\u2606Leviatan4|Igual\n|c|\u2606Leviatan4|Tengo miedo XD\n|l|\u2606Kaxxxx\n|player|p2|\n|\n|t:|1695474706\n|-terastallize|p1a: Cannonball|Fire\n|move|p1b: Ra|Giga Drain|p2b: zilla\n|-supereffective|p2b: zilla\n|-damage|p2b: zilla|58\/100\n|move|p2b: zilla|Dragon Dance|p2b: zilla\n|-boost|p2b: zilla|atk|1\n|-boost|p2b: zilla|spe|1\n|move|p1a: Cannonball|Spikes|p2b: zilla\n|-sidestart|p2: Kaxxxx|Spikes\n|move|p2a: Shuck|Sticky Web|p1b: Ra\n|-sidestart|p1: Leviatan4|move: Sticky Web\n|\n|-weather|Sandstorm|[upkeep]\n|-damage|p1b: Ra|94\/100|[from] Sandstorm\n|-damage|p1a: Cannonball|94\/100|[from] Sandstorm\n|upkeep\n|turn|2\n|j|\u2606Kaxxxx\n|player|p2|Kaxxxx|steven\n|\n|t:|1695474733\n|move|p2b: zilla|Rock Slide|p1b: Ra|[spread] p1a,p1b\n|-supereffective|p1a: Cannonball\n|-supereffective|p1b: Ra\n|-damage|p1a: Cannonball|43\/100\n|-damage|p1b: Ra|0 fnt\n|faint|p1b: Ra\n|move|p1a: Cannonball|Rapid Spin|p2a: Shuck\n|-resisted|p2a: Shuck\n|-damage|p2a: Shuck|98\/100\n|-boost|p1a: Cannonball|spe|1\n|-sideend|p1: Leviatan4|Sticky Web|[from] move: Rapid Spin|[of] p1a: Cannonball\n|move|p2a: Shuck|Rock Slide|p1a: Cannonball\n|-supereffective|p1a: Cannonball\n|-damage|p1a: Cannonball|35\/100\n|\n|-weather|Sandstorm|[upkeep]\n|-damage|p1a: Cannonball|29\/100|[from] Sandstorm\n|-heal|p2a: Shuck|100\/100|[from] item: Leftovers\n|upkeep\n|c|\u2606Kaxxxx|Tan r\u00e1pido el Tera?\n|c|\u2606Kaxxxx|Interesante\n|\n|t:|1695474751\n|switch|p1b: Yanmega|Yanmega, M|100\/100\n|turn|3\n|\n|t:|1695474761\n|move|p2b: zilla|Protect|p2b: zilla\n|-singleturn|p2b: zilla|Protect\n|move|p1b: Yanmega|Giga Drain|p2b: zilla\n|-activate|p2b: zilla|move: Protect\n|move|p1a: Cannonball|Spikes|p2b: zilla\n|-sidestart|p2: Kaxxxx|Spikes\n|move|p2a: Shuck|Rock Slide|p1b: Yanmega|[spread] p1a,p1b\n|-supereffective|p1a: Cannonball\n|-supereffective|p1b: Yanmega\n|-damage|p1a: Cannonball|24\/100\n|-damage|p1b: Yanmega|77\/100\n|\n|-weather|Sandstorm|[upkeep]\n|-damage|p1b: Yanmega|71\/100|[from] Sandstorm\n|-damage|p1a: Cannonball|18\/100|[from] Sandstorm\n|-heal|p1b: Yanmega|77\/100|[from] item: Leftovers\n|-ability|p1b: Yanmega|Speed Boost|boost\n|-boost|p1b: Yanmega|spe|1\n|upkeep\n|turn|4\n|-enditem|p1a: Cannonball|Custap Berry|[eat]\n|-activate|p1a: Cannonball|item: Custap Berry|[consumed]\n|\n|t:|1695474781\n|switch|p2b: Arca|Arcanine-Hisui, F|100\/100\n|-damage|p2b: Arca|84\/100|[from] Spikes\n|-ability|p2b: Arca|Intimidate|boost\n|-unboost|p1a: Cannonball|atk|1\n|-unboost|p1b: Yanmega|atk|1\n|move|p1a: Cannonball|Spikes|p2a: Shuck\n|-sidestart|p2: Kaxxxx|Spikes\n|move|p1b: Yanmega|Giga Drain|p2a: Shuck\n|-damage|p2a: Shuck|89\/100\n|-heal|p1b: Yanmega|82\/100|[from] drain|[of] p2a: Shuck\n|move|p2a: Shuck|Toxic|p1b: Yanmega\n|-status|p1b: Yanmega|tox\n|\n|-weather|Sandstorm|[upkeep]\n|-damage|p1b: Yanmega|76\/100 tox|[from] Sandstorm\n|-damage|p1a: Cannonball|12\/100|[from] Sandstorm\n|-heal|p1b: Yanmega|82\/100 tox|[from] item: Leftovers\n|-heal|p2a: Shuck|95\/100|[from] item: Leftovers\n|-damage|p1b: Yanmega|76\/100 tox|[from] psn\n|-ability|p1b: Yanmega|Speed Boost|boost\n|-boost|p1b: Yanmega|spe|1\n|upkeep\n|turn|5\n|\n|t:|1695474822\n|move|p1b: Yanmega|Ancient Power|p2a: Shuck\n|-supereffective|p2a: Shuck\n|-damage|p2a: Shuck|74\/100\n|move|p2b: Arca|Rock Slide|p1a: Cannonball|[spread] p1a,p1b\n|-supereffective|p1a: Cannonball\n|-crit|p1a: Cannonball\n|-supereffective|p1b: Yanmega\n|-damage|p1a: Cannonball|0 fnt\n|-damage|p1b: Yanmega|0 fnt\n|faint|p1a: Cannonball\n|faint|p1b: Yanmega\n|move|p2a: Shuck|Sticky Web|p1: Cannonball\n|-sidestart|p1: Leviatan4|move: Sticky Web\n|\n|-weather|Sandstorm|[upkeep]\n|-heal|p2a: Shuck|80\/100|[from] item: Leftovers\n|upkeep\n|\n|t:|1695474837\n|switch|p1b: Flash|Lokix, F|100\/100\n|switch|p1a: Strength|Heracross, F|100\/100\n|-activate|p1a: Strength|move: Sticky Web\n|-unboost|p1a: Strength|spe|1\n|-activate|p1b: Flash|move: Sticky Web\n|-unboost|p1b: Flash|spe|1\n|turn|6\n|\n|t:|1695474864\n|move|p1b: Flash|First Impression|p2a: Shuck\n|-damage|p2a: Shuck|53\/100\n|-damage|p1b: Flash|91\/100|[from] item: Life Orb\n|move|p1a: Strength|Earthquake|p2b: Arca|[spread] p1b,p2a,p2b\n|-resisted|p1b: Flash\n|-supereffective|p2b: Arca\n|-damage|p1b: Flash|72\/100\n|-damage|p2a: Shuck|38\/100\n|-damage|p2b: Arca|0 fnt\n|faint|p2b: Arca\n|-ability|p1a: Strength|Moxie|boost\n|-boost|p1a: Strength|atk|1\n|move|p2a: Shuck|Toxic|p1b: Flash\n|-status|p1b: Flash|tox\n|\n|-weather|Sandstorm|[upkeep]\n|-damage|p1a: Strength|95\/100|[from] Sandstorm\n|-damage|p1b: Flash|66\/100 tox|[from] Sandstorm\n|-heal|p2a: Shuck|44\/100|[from] item: Leftovers\n|-damage|p1b: Flash|60\/100 tox|[from] psn\n|upkeep\n|\n|t:|1695474876\n|switch|p2b: Aerodactyl|Aerodactyl, M|100\/100\n|turn|7\n|\n|t:|1695474900\n|switch|p1a: New One|Scizor, F|100\/100\n|-activate|p1a: New One|move: Sticky Web\n|-unboost|p1a: New One|spe|1\n|detailschange|p2b: Aerodactyl|Aerodactyl-Mega, M\n|-mega|p2b: Aerodactyl|Aerodactyl|Aerodactylite\n|move|p2b: Aerodactyl|Dual Wingbeat|p1a: New One\n|-damage|p1a: New One|74\/100\n|-damage|p1a: New One|47\/100\n|-hitcount|p1a: New One|2\n|move|p1b: Flash|U-turn|p2a: Shuck\n|-damage|p2a: Shuck|20\/100\n|-damage|p1b: Flash|50\/100 tox|[from] item: Life Orb\n|\n|t:|1695474912\n|switch|p1b: Strength|Heracross, F|95\/100|[from] U-turn\n|-activate|p1b: Strength|move: Sticky Web\n|-unboost|p1b: Strength|spe|1\n|move|p2a: Shuck|Toxic|p1a: New One\n|-immune|p1a: New One\n|\n|-weather|Sandstorm|[upkeep]\n|-damage|p1b: Strength|89\/100|[from] Sandstorm\n|-heal|p2a: Shuck|26\/100|[from] item: Leftovers\n|upkeep\n|turn|8\n|c|\u2606Kaxxxx|Uh\n|c|\u2606Kaxxxx|Scisor\n|c|\u2606Kaxxxx|Que peligro\n|\n|t:|1695474932\n|detailschange|p1a: New One|Scizor-Mega, F\n|-mega|p1a: New One|Scizor|Scizorite\n|move|p1a: New One|Bullet Punch|p2b: Aerodactyl\n|-supereffective|p2b: Aerodactyl\n|-damage|p2b: Aerodactyl|0 fnt\n|faint|p2b: Aerodactyl\n|move|p1b: Strength|Brick Break|p2a: Shuck\n|-damage|p2a: Shuck|7\/100\n|move|p2a: Shuck|Toxic|p1b: Strength\n|-status|p1b: Strength|tox\n|\n|-weather|none\n|-heal|p2a: Shuck|14\/100|[from] item: Leftovers\n|-damage|p1b: Strength|83\/100 tox|[from] psn\n|upkeep\n|\n|t:|1695474939\n|switch|p2b: Ogerpon|Ogerpon-Cornerstone, F|100\/100\n|-damage|p2b: Ogerpon|75\/100|[from] Spikes\n|turn|9\n|\n|t:|1695474968\n|-terastallize|p2b: Ogerpon|Rock\n|detailschange|p2b: Ogerpon|Ogerpon-Cornerstone-Tera, F, tera:Rock\n|-ability|p2b: Ogerpon|Embody Aspect (Cornerstone)|boost\n|-boost|p2b: Ogerpon|def|1\n|move|p1b: Strength|Brick Break|p2a: Shuck\n|-damage|p2a: Shuck|0 fnt\n|faint|p2a: Shuck\n|-ability|p1b: Strength|Moxie|boost\n|-boost|p1b: Strength|atk|1\n|move|p2b: Ogerpon|Leech Seed|p1a: New One\n|-start|p1a: New One|move: Leech Seed\n|move|p1a: New One|Swords Dance|p1a: New One\n|-boost|p1a: New One|atk|2\n|\n|-damage|p1a: New One|35\/100|[from] Leech Seed|[of] p2b: Ogerpon\n|-heal|p2b: Ogerpon|87\/100|[silent]\n|-damage|p1b: Strength|71\/100 tox|[from] psn\n|upkeep\n|\n|t:|1695474977\n|switch|p2a: zilla|Tyranitar, M|58\/100\n|-damage|p2a: zilla|33\/100|[from] Spikes\n|-weather|Sandstorm|[from] ability: Sand Stream|[of] p2a: zilla\n|turn|10\n|\n|t:|1695474996\n|move|p2a: zilla|Protect|p2a: zilla\n|-singleturn|p2a: zilla|Protect\n|move|p1a: New One|Bullet Punch|p2a: zilla\n|-activate|p2a: zilla|move: Protect\n|move|p1b: Strength|Brick Break|p2b: Ogerpon\n|-supereffective|p2b: Ogerpon\n|-crit|p2b: Ogerpon\n|-damage|p2b: Ogerpon|0 fnt\n|faint|p2b: Ogerpon\n|-ability|p1b: Strength|Moxie|boost\n|-boost|p1b: Strength|atk|1\n|\n|-weather|Sandstorm|[upkeep]\n|-damage|p1b: Strength|65\/100 tox|[from] Sandstorm\n|-damage|p1b: Strength|47\/100 tox|[from] psn\n|upkeep\n|\n|t:|1695475004\n|switch|p2b: Nihilego|Nihilego|100\/100\n|-damage|p2b: Nihilego|76\/100|[from] Spikes\n|turn|11\n|\n|t:|1695475031\n|move|p1a: New One|Bullet Punch|p2a: zilla\n|-supereffective|p2a: zilla\n|-damage|p2a: zilla|0 fnt\n|faint|p2a: zilla\n|move|p2b: Nihilego|Power Gem|p1a: New One\n|-damage|p1a: New One|0 fnt\n|faint|p1a: New One\n|-ability|p2b: Nihilego|Beast Boost|boost\n|-boost|p2b: Nihilego|spa|1\n|move|p1b: Strength|Brick Break|p2b: Nihilego\n|-damage|p2b: Nihilego|0 fnt\n|faint|p2b: Nihilego\n|\n|win|Leviatan4\n|c|\u2606Kaxxxx|Gg\n|c|\u2606Kaxxxx|Scisor me hace counter\n|c|\u2606Leviatan4|gg\n","uploadtime":1695475052,"views":12,"p1id":"leviatan4","p2id":"kaxxxx","formatid":"gen9nationaldexdoubles","rating":0,"private":0,"password":""}