{"id":"gen9nationaldexdoubles-1983049018","p1":"DryCranberri","p2":"LardSuper","format":"[Gen 9] National Dex Doubles","log":"|j|\u2606DryCranberri\n|j|\u2606LardSuper\n|t:|1699075388\n|gametype|doubles\n|player|p1|DryCranberri|hilbert|1006\n|player|p2|LardSuper|juggler|1080\n|teamsize|p1|6\n|teamsize|p2|6\n|gen|9\n|tier|[Gen 9] National Dex Doubles\n|rated|\n|rule|HP Percentage Mod: HP is shown in percentages\n|rule|Endless Battle Clause: Forcing endless battles is banned\n|rule|OHKO Clause: OHKO moves are banned\n|rule|Evasion Moves Clause: Evasion moves are banned\n|rule|Evasion Abilities Clause: Evasion abilities are banned\n|rule|Species Clause: Limit one of each Pok\u00e9mon\n|rule|Gravity Sleep Clause: The combination of sleep-inducing moves with imperfect accuracy and Gravity or Gigantamax Orbeetle are banned\n|clearpoke\n|poke|p1|Sandslash-Alola, F|\n|poke|p1|Toxapex, M|\n|poke|p1|Volcarona, M|\n|poke|p1|Ferrothorn, F|\n|poke|p1|Mandibuzz, F|\n|poke|p1|Ninetales-Alola, F|\n|poke|p2|Gothitelle, F|\n|poke|p2|Scream Tail|\n|poke|p2|Chansey, F|\n|poke|p2|Hatterene, F|\n|poke|p2|Oranguru, M|\n|poke|p2|Gardevoir, F|\n|teampreview\n|\n|t:|1699075404\n|start\n|switch|p1a: Sonic|Sandslash-Alola, F, shiny|100\/100\n|switch|p1b: Ninetales|Ninetales-Alola, F, shiny|100\/100\n|switch|p2a: Gothitelle|Gothitelle, F|100\/100\n|switch|p2b: Scream Tail|Scream Tail|100\/100\n|-weather|Snow|[from] ability: Snow Warning|[of] p1b: Ninetales\n|turn|1\n|\n|t:|1699075421\n|move|p1a: Sonic|Iron Head|p2b: Scream Tail\n|-supereffective|p2b: Scream Tail\n|-damage|p2b: Scream Tail|34\/100\n|-damage|p1a: Sonic|91\/100|[from] item: Life Orb\n|move|p1b: Ninetales|Aurora Veil|p1b: Ninetales\n|-sidestart|p1: DryCranberri|move: Aurora Veil\n|move|p2b: Scream Tail|Perish Song|p2b: Scream Tail\n|-start|p1a: Sonic|perish3|[silent]\n|-start|p1b: Ninetales|perish3|[silent]\n|-start|p2a: Gothitelle|perish3|[silent]\n|-start|p2b: Scream Tail|perish3|[silent]\n|-fieldactivate|move: Perish Song\n|move|p2a: Gothitelle|Light Screen|p2a: Gothitelle\n|-sidestart|p2: LardSuper|move: Light Screen\n|\n|-weather|Snow|[upkeep]\n|-heal|p2b: Scream Tail|40\/100|[from] item: Leftovers\n|-start|p1a: Sonic|perish3\n|-start|p1b: Ninetales|perish3\n|-start|p2b: Scream Tail|perish3\n|-start|p2a: Gothitelle|perish3\n|upkeep\n|turn|2\n|\n|t:|1699075452\n|move|p2a: Gothitelle|Ally Switch|p2a: Gothitelle\n|swap|p2a: Gothitelle|1|[from] move: Ally Switch\n|move|p1a: Sonic|Icicle Crash|p2a: Scream Tail\n|-damage|p2a: Scream Tail|5\/100\n|-damage|p1a: Sonic|81\/100|[from] item: Life Orb\n|move|p1b: Ninetales|Moonblast|p2a: Scream Tail\n|-damage|p2a: Scream Tail|0 fnt\n|faint|p2a: Scream Tail\n|-end|p2a: Scream Tail|Protosynthesis|[silent]\n|\n|-weather|Snow|[upkeep]\n|-start|p1a: Sonic|perish2\n|-start|p1b: Ninetales|perish2\n|-start|p2b: Gothitelle|perish2\n|upkeep\n|\n|t:|1699075467\n|switch|p2a: Hatterene|Hatterene, F|100\/100\n|turn|3\n|\n|t:|1699075481\n|move|p1a: Sonic|Iron Head|p2a: Hatterene\n|-supereffective|p2a: Hatterene\n|-damage|p2a: Hatterene|5\/100\n|-damage|p1a: Sonic|71\/100|[from] item: Life Orb\n|move|p1b: Ninetales|Moonblast|p2a: Hatterene\n|-crit|p2a: Hatterene\n|-damage|p2a: Hatterene|0 fnt\n|faint|p2a: Hatterene\n|move|p2b: Gothitelle|Heal Pulse|p2: Hatterene|[notarget]\n|-fail|p2b: Gothitelle\n|\n|-weather|Snow|[upkeep]\n|-start|p1a: Sonic|perish1\n|-start|p1b: Ninetales|perish1\n|-start|p2b: Gothitelle|perish1\n|upkeep\n|\n|t:|1699075494\n|switch|p2a: Chansey|Chansey, F|100\/100\n|turn|4\n|\n|t:|1699075505\n|switch|p2b: Gardevoir|Gardevoir, F|100\/100\n|-ability|p2b: Gardevoir|Slush Rush|[from] ability: Trace|[of] p1a: Sonic\n|move|p1a: Sonic|Icicle Crash|p2b: Gardevoir\n|-damage|p2b: Gardevoir|30\/100\n|-damage|p1a: Sonic|61\/100|[from] item: Life Orb\n|move|p1b: Ninetales|Moonblast|p2b: Gardevoir\n|-damage|p2b: Gardevoir|11\/100\n|-unboost|p2b: Gardevoir|spa|1\n|move|p2a: Chansey|Teleport|p2a: Chansey\n|\n|t:|1699075518\n|switch|p2a: Gothitelle|Gothitelle, F|100\/100|[from] Teleport\n|\n|-weather|Snow|[upkeep]\n|-start|p1a: Sonic|perish0\n|-start|p1b: Ninetales|perish0\n|faint|p1a: Sonic\n|faint|p1b: Ninetales\n|upkeep\n|\n|t:|1699075527\n|switch|p1b: Ferrothorn|Ferrothorn, F, shiny|100\/100\n|switch|p1a: Volcarona|Volcarona, M, shiny|100\/100\n|turn|5\n|\n|t:|1699075542\n|detailschange|p2b: Gardevoir|Gardevoir-Mega, F\n|-mega|p2b: Gardevoir|Gardevoir|Gardevoirite\n|move|p1a: Volcarona|Fiery Dance|p2b: Gardevoir\n|-damage|p2b: Gardevoir|0 fnt\n|-boost|p1a: Volcarona|spa|1\n|faint|p2b: Gardevoir\n|move|p2a: Gothitelle|Heal Pulse|p2: Gardevoir|[notarget]\n|-fail|p2a: Gothitelle\n|move|p1b: Ferrothorn|Leech Seed|p2a: Gothitelle\n|-start|p2a: Gothitelle|move: Leech Seed\n|\n|-weather|none\n|-damage|p2a: Gothitelle|88\/100|[from] Leech Seed|[of] p1b: Ferrothorn\n|-sideend|p2: LardSuper|move: Light Screen\n|upkeep\n|-message|LardSuper forfeited.\n|\n|win|DryCranberri\n|raw|DryCranberri's rating: 1006 &rarr; <strong>1053<\/strong><br \/>(+47 for winning)\n|raw|LardSuper's rating: 1080 &rarr; <strong>1053<\/strong><br \/>(-27 for losing)\n|l|\u2606LardSuper\n","uploadtime":1699075558,"views":13,"p1id":"drycranberri","p2id":"lardsuper","formatid":"gen9nationaldexdoubles","rating":1053,"private":0,"password":""}