{"id":"gen9nationaldexdoubles-1950804759","p1":"qasxcfdcvbjhygtf","p2":"Immagamer","format":"[Gen 9] National Dex Doubles","log":"|j|\u2606qasxcfdcvbjhygtf\n|j|\u2606Immagamer\n|t:|1695507568\n|gametype|doubles\n|player|p1|qasxcfdcvbjhygtf|guzma|1190\n|player|p2|Immagamer|lucas|1280\n|teamsize|p1|6\n|teamsize|p2|6\n|gen|9\n|tier|[Gen 9] National Dex Doubles\n|rated|\n|rule|HP Percentage Mod: HP is shown in percentages\n|rule|Endless Battle Clause: Forcing endless battles is banned\n|rule|OHKO Clause: OHKO moves are banned\n|rule|Evasion Moves Clause: Evasion moves are banned\n|rule|Evasion Abilities Clause: Evasion abilities are banned\n|rule|Species Clause: Limit one of each Pok\u00e9mon\n|rule|Gravity Sleep Clause: The combination of sleep-inducing moves with imperfect accuracy and Gravity or Gigantamax Orbeetle are banned\n|clearpoke\n|poke|p1|Sinistcha|\n|poke|p1|Snorlax, F|\n|poke|p1|Torkoal, M|\n|poke|p1|Ursaluna-Bloodmoon, M|\n|poke|p1|Kingambit, F|\n|poke|p1|Pheromosa|\n|poke|p2|Xurkitree|\n|poke|p2|Pheromosa|\n|poke|p2|Maushold-Four|\n|poke|p2|Indeedee-F, F|\n|poke|p2|Oranguru, F|\n|poke|p2|Roaring Moon|\n|teampreview\n|inactive|Battle timer is ON: inactive players will automatically lose when time's up. (requested by Immagamer)\n|\n|t:|1695507591\n|start\n|switch|p1a: Yogi Bear|Ursaluna-Bloodmoon, M|100\/100\n|switch|p1b: Girl Boss|Pheromosa|100\/100\n|switch|p2a: Xurkitree|Xurkitree|100\/100\n|switch|p2b: Pheromosa|Pheromosa|100\/100\n|turn|1\n|\n|t:|1695507608\n|-terastallize|p2a: Xurkitree|Fairy\n|move|p2b: Pheromosa|Speed Swap|p2a: Xurkitree\n|-activate|p2b: Pheromosa|move: Speed Swap|[of] p2a: Xurkitree\n|move|p2a: Xurkitree|Tail Glow|p2a: Xurkitree\n|-boost|p2a: Xurkitree|spa|3\n|move|p1b: Girl Boss|Taunt|p2b: Pheromosa\n|-start|p2b: Pheromosa|move: Taunt\n|move|p1a: Yogi Bear|Calm Mind|p1a: Yogi Bear\n|-boost|p1a: Yogi Bear|spa|1\n|-boost|p1a: Yogi Bear|spd|1\n|\n|upkeep\n|turn|2\n|\n|t:|1695507628\n|move|p2a: Xurkitree|Protect|p2a: Xurkitree\n|-singleturn|p2a: Xurkitree|Protect\n|move|p1b: Girl Boss|Speed Swap|p1a: Yogi Bear\n|-activate|p1b: Girl Boss|move: Speed Swap|[of] p1a: Yogi Bear\n|move|p1a: Yogi Bear|Blood Moon|p2a: Xurkitree\n|-activate|p2a: Xurkitree|move: Protect\n|move|p2b: Pheromosa|U-turn|p1a: Yogi Bear\n|-damage|p1a: Yogi Bear|76\/100\n|\n|t:|1695507644\n|switch|p2b: Maushold|Maushold-Four|100\/100|[from] U-turn\n|\n|upkeep\n|turn|3\n|\n|t:|1695507663\n|switch|p1b: Mmm Tasty|Sinistcha|100\/100\n|-heal|p1a: Yogi Bear|100\/100|[from] ability: Hospitality|[of] p1b: Mmm Tasty\n|-terastallize|p1a: Yogi Bear|Normal\n|move|p2b: Maushold|Follow Me|p2b: Maushold\n|-singleturn|p2b: Maushold|move: Follow Me\n|move|p1a: Yogi Bear|Hyper Voice|p2a: Xurkitree|[spread] p2a,p2b\n|-damage|p2a: Xurkitree|3\/100\n|-enditem|p2b: Maushold|Focus Sash\n|-damage|p2b: Maushold|1\/100\n|-damage|p1a: Yogi Bear|90\/100|[from] item: Life Orb\n|move|p2a: Xurkitree|Dazzling Gleam|p1a: Yogi Bear|[spread] p1a,p1b\n|-damage|p1a: Yogi Bear|0 fnt\n|-damage|p1b: Mmm Tasty|7\/100\n|faint|p1a: Yogi Bear\n|-ability|p2a: Xurkitree|Beast Boost|boost\n|-boost|p2a: Xurkitree|spe|1\n|\n|upkeep\n|inactive|qasxcfdcvbjhygtf has 120 seconds left.\n|\n|t:|1695507684\n|switch|p1a: Yakuza Boss|Kingambit, F|100\/100\n|turn|4\n|inactive|qasxcfdcvbjhygtf has 120 seconds left.\n|\n|t:|1695507711\n|move|p2b: Maushold|Follow Me|p2b: Maushold\n|-singleturn|p2b: Maushold|move: Follow Me\n|move|p2a: Xurkitree|Dazzling Gleam|p1a: Yakuza Boss|[spread] p1a,p1b\n|-damage|p1a: Yakuza Boss|0 fnt\n|-damage|p1b: Mmm Tasty|0 fnt\n|faint|p1a: Yakuza Boss\n|faint|p1b: Mmm Tasty\n|-ability|p2a: Xurkitree|Beast Boost|boost\n|-boost|p2a: Xurkitree|spe|2\n|\n|upkeep\n|\n|t:|1695507715\n|switch|p1b: Girl Boss|Pheromosa|100\/100\n|switch|p1a: Smoking Kills|Torkoal, M|100\/100\n|-weather|SunnyDay|[from] ability: Drought|[of] p1a: Smoking Kills\n|turn|5\n|\n|t:|1695507726\n|move|p2b: Maushold|Follow Me|p2b: Maushold\n|-singleturn|p2b: Maushold|move: Follow Me\n|move|p2a: Xurkitree|Thunderbolt|p1a: Smoking Kills\n|-damage|p1a: Smoking Kills|0 fnt\n|faint|p1a: Smoking Kills\n|-ability|p2a: Xurkitree|Beast Boost|boost\n|-boost|p2a: Xurkitree|spe|1\n|move|p1b: Girl Boss|Lunge|p2b: Maushold\n|-damage|p2b: Maushold|0 fnt\n|faint|p2b: Maushold\n|-ability|p1b: Girl Boss|Beast Boost|boost\n|-boost|p1b: Girl Boss|spe|1\n|\n|-weather|SunnyDay|[upkeep]\n|upkeep\n|\n|t:|1695507743\n|switch|p2b: Oranguru|Oranguru, F|100\/100\n|switch|p1a: Tub Of Lard|Snorlax, F|100\/100\n|turn|6\n|\n|t:|1695507764\n|move|p2a: Xurkitree|Dazzling Gleam|p1a: Tub Of Lard|[spread] p1a,p1b\n|-supereffective|p1b: Girl Boss\n|-damage|p1a: Tub Of Lard|32\/100\n|-enditem|p1b: Girl Boss|Focus Sash\n|-damage|p1b: Girl Boss|1\/100\n|-enditem|p1a: Tub Of Lard|Sitrus Berry|[eat]\n|-heal|p1a: Tub Of Lard|57\/100|[from] item: Sitrus Berry\n|move|p1b: Girl Boss|Lunge|p2b: Oranguru\n|-supereffective|p2b: Oranguru\n|-damage|p2b: Oranguru|16\/100\n|-unboost|p2b: Oranguru|atk|1\n|move|p2b: Oranguru|Instruct|p2a: Xurkitree\n|-singleturn|p2a: Xurkitree|move: Instruct|[of] p2b: Oranguru\n|move|p2a: Xurkitree|Dazzling Gleam|p1a: Tub Of Lard|[spread] p1a,p1b\n|-supereffective|p1b: Girl Boss\n|-damage|p1a: Tub Of Lard|0 fnt\n|-damage|p1b: Girl Boss|0 fnt\n|faint|p1a: Tub Of Lard\n|faint|p1b: Girl Boss\n|\n|win|Immagamer\n|raw|qasxcfdcvbjhygtf's rating: 1190 &rarr; <strong>1171<\/strong><br \/>(-19 for losing)\n|raw|Immagamer's rating: 1280 &rarr; <strong>1299<\/strong><br \/>(+19 for winning)\n","uploadtime":1695507782,"views":8,"p1id":"qasxcfdcvbjhygtf","p2id":"immagamer","formatid":"gen9nationaldexdoubles","rating":1171,"private":0,"password":""}