{"id":"gen9nationaldexdoubles-1950771595","p1":"Cambrian James","p2":"Starving_Venom_459","format":"[Gen 9] National Dex Doubles","log":"|j|\u2606Cambrian James\n|j|\u2606Starving_Venom_459\n|t:|1695504367\n|gametype|doubles\n|player|p1|Cambrian James|bugcatcher-gen4dp|1056\n|player|p2|Starving_Venom_459|ingo|1354\n|teamsize|p1|6\n|teamsize|p2|6\n|gen|9\n|tier|[Gen 9] National Dex Doubles\n|rated|\n|rule|HP Percentage Mod: HP is shown in percentages\n|rule|Endless Battle Clause: Forcing endless battles is banned\n|rule|OHKO Clause: OHKO moves are banned\n|rule|Evasion Moves Clause: Evasion moves are banned\n|rule|Evasion Abilities Clause: Evasion abilities are banned\n|rule|Species Clause: Limit one of each Pok\u00e9mon\n|rule|Gravity Sleep Clause: The combination of sleep-inducing moves with imperfect accuracy and Gravity or Gigantamax Orbeetle are banned\n|clearpoke\n|poke|p1|Reuniclus, M|\n|poke|p1|Rampardos, M|\n|poke|p1|Gastrodon-East, F|\n|poke|p1|Chandelure, M|\n|poke|p1|Slither Wing|\n|poke|p1|Goodra-Hisui, F|\n|poke|p2|Garchomp, F|\n|poke|p2|Milotic, F|\n|poke|p2|Lucario, F|\n|poke|p2|Spiritomb, F|\n|poke|p2|Roserade, F|\n|poke|p2|Gastrodon, F|\n|teampreview\n|inactive|Battle timer is ON: inactive players will automatically lose when time's up. (requested by Starving_Venom_459)\n|c|\u2606Cambrian James|glhf\n|c|\u2606Starving_Venom_459|Glhf\n|\n|t:|1695504394\n|start\n|switch|p1a: Chandelure|Chandelure, M|100\/100\n|switch|p1b: Slither Wing|Slither Wing|100\/100\n|switch|p2a: Milotic|Milotic, F, shiny|100\/100\n|switch|p2b: Spiritomb|Spiritomb, F, shiny|100\/100\n|-enditem|p1b: Slither Wing|Booster Energy\n|-activate|p1b: Slither Wing|ability: Protosynthesis|[fromitem]\n|-start|p1b: Slither Wing|protosynthesisatk\n|turn|1\n|\n|t:|1695504411\n|move|p1b: Slither Wing|First Impression|p2b: Spiritomb\n|-damage|p2b: Spiritomb|24\/100\n|-enditem|p2b: Spiritomb|Sitrus Berry|[eat]\n|-heal|p2b: Spiritomb|49\/100|[from] item: Sitrus Berry\n|move|p2a: Milotic|Muddy Water|p1b: Slither Wing|[spread] p1a\n|-miss|p2a: Milotic|p1b: Slither Wing\n|-supereffective|p1a: Chandelure\n|-damage|p1a: Chandelure|45\/100\n|move|p2b: Spiritomb|Will-O-Wisp|p1b: Slither Wing\n|-status|p1b: Slither Wing|brn\n|move|p1a: Chandelure|Trick Room|p1a: Chandelure\n|-fieldstart|move: Trick Room|[of] p1a: Chandelure\n|\n|-damage|p1b: Slither Wing|94\/100 brn|[from] brn\n|upkeep\n|turn|2\n|\n|t:|1695504433\n|move|p2b: Spiritomb|Poltergeist|p1a: Chandelure\n|-activate|p1a: Chandelure|move: Poltergeist|Focus Sash\n|-supereffective|p1a: Chandelure\n|-damage|p1a: Chandelure|0 fnt\n|faint|p1a: Chandelure\n|move|p1b: Slither Wing|U-turn|p2a: Milotic\n|-damage|p2a: Milotic|82\/100\n|\n|t:|1695504441\n|-end|p1b: Slither Wing|Protosynthesis|[silent]\n|switch|p1b: Rampardos|Rampardos, M|100\/100|[from] U-turn\n|move|p2a: Milotic|Muddy Water|p1b: Rampardos\n|-supereffective|p1b: Rampardos\n|-damage|p1b: Rampardos|5\/100\n|\n|-heal|p2a: Milotic|88\/100|[from] item: Leftovers\n|upkeep\n|\n|t:|1695504451\n|switch|p1a: Gastrodon|Gastrodon-East, F|100\/100\n|turn|3\n|\n|t:|1695504465\n|switch|p2a: Gastrodon|Gastrodon, F, shiny|100\/100\n|move|p1a: Gastrodon|Earth Power|p2b: Spiritomb\n|-crit|p2b: Spiritomb\n|-damage|p2b: Spiritomb|0 fnt\n|faint|p2b: Spiritomb\n|move|p1b: Rampardos|Rock Slide|p2a: Gastrodon|[miss]\n|-miss|p1b: Rampardos|p2a: Gastrodon\n|\n|upkeep\n|\n|t:|1695504480\n|switch|p2b: Milotic|Milotic, F, shiny|88\/100\n|turn|4\n|\n|t:|1695504487\n|move|p1a: Gastrodon|Earth Power|p2b: Milotic\n|-damage|p2b: Milotic|64\/100\n|move|p1b: Rampardos|Rock Slide|p2a: Gastrodon|[spread] p2a,p2b\n|-resisted|p2a: Gastrodon\n|-damage|p2a: Gastrodon|72\/100\n|-damage|p2b: Milotic|10\/100\n|move|p2a: Gastrodon|Yawn|p1a: Gastrodon\n|-start|p1a: Gastrodon|move: Yawn|[of] p2a: Gastrodon\n|move|p2b: Milotic|Icy Wind|p1b: Rampardos|[spread] p1a,p1b\n|-damage|p1a: Gastrodon|92\/100\n|-damage|p1b: Rampardos|0 fnt\n|-unboost|p1a: Gastrodon|spe|1\n|faint|p1b: Rampardos\n|\n|-heal|p1a: Gastrodon|98\/100|[from] item: Leftovers\n|-heal|p2b: Milotic|16\/100|[from] item: Leftovers\n|upkeep\n|\n|t:|1695504503\n|switch|p1b: Goodra|Goodra-Hisui, F|100\/100\n|turn|5\n|\n|t:|1695504510\n|switch|p1a: Reuniclus|Reuniclus, M|100\/100\n|move|p1b: Goodra|Acid Armor|p1b: Goodra\n|-boost|p1b: Goodra|def|2\n|move|p2a: Gastrodon|Yawn|p1b: Goodra\n|-start|p1b: Goodra|move: Yawn|[of] p2a: Gastrodon\n|move|p2b: Milotic|Recover|p2b: Milotic\n|-heal|p2b: Milotic|66\/100\n|\n|-heal|p2b: Milotic|72\/100|[from] item: Leftovers\n|-fieldend|move: Trick Room\n|upkeep\n|turn|6\n|\n|t:|1695504532\n|move|p2b: Milotic|Muddy Water|p1a: Reuniclus|[spread] p1a,p1b\n|-resisted|p1b: Goodra\n|-damage|p1a: Reuniclus|78\/100\n|-damage|p1b: Goodra|92\/100\n|move|p2a: Gastrodon|Earth Power|p1b: Goodra\n|-supereffective|p1b: Goodra\n|-damage|p1b: Goodra|51\/100\n|move|p1b: Goodra|Body Press|p2b: Milotic\n|-damage|p2b: Milotic|35\/100\n|move|p1a: Reuniclus|Energy Ball|p2a: Gastrodon\n|-supereffective|p2a: Gastrodon\n|-enditem|p2a: Gastrodon|Rindo Berry|[eat]\n|-enditem|p2a: Gastrodon|Rindo Berry|[weaken]\n|-damage|p2a: Gastrodon|0 fnt\n|faint|p2a: Gastrodon\n|\n|-heal|p2b: Milotic|41\/100|[from] item: Leftovers\n|-heal|p1b: Goodra|57\/100|[from] item: Leftovers\n|-end|p1b: Goodra|move: Yawn|[silent]\n|-status|p1b: Goodra|slp\n|upkeep\n|inactive|Starving_Venom_459 has 120 seconds left.\n|\n|t:|1695504551\n|switch|p2a: Lucario|Lucario, F, shiny|100\/100\n|turn|7\n|\n|t:|1695504562\n|switch|p1b: Slither Wing|Slither Wing|94\/100 brn\n|detailschange|p2a: Lucario|Lucario-Mega, F, shiny\n|-mega|p2a: Lucario|Lucario|Lucarionite\n|move|p2a: Lucario|Power-Up Punch|p1b: Slither Wing\n|-resisted|p1b: Slither Wing\n|-damage|p1b: Slither Wing|76\/100 brn\n|-boost|p2a: Lucario|atk|1\n|move|p2b: Milotic|Muddy Water|p1b: Slither Wing|[spread] p1a\n|-miss|p2b: Milotic|p1b: Slither Wing\n|-damage|p1a: Reuniclus|57\/100\n|move|p1a: Reuniclus|Trick Room|p1a: Reuniclus\n|-fieldstart|move: Trick Room|[of] p1a: Reuniclus\n|\n|-heal|p2b: Milotic|47\/100|[from] item: Leftovers\n|-damage|p1b: Slither Wing|70\/100 brn|[from] brn\n|upkeep\n|turn|8\n|\n|t:|1695504584\n|move|p2a: Lucario|Protect|p2a: Lucario\n|-singleturn|p2a: Lucario|Protect\n|move|p1a: Reuniclus|Energy Ball|p2b: Milotic\n|-supereffective|p2b: Milotic\n|-damage|p2b: Milotic|0 fnt\n|faint|p2b: Milotic\n|move|p1b: Slither Wing|Close Combat|p2a: Lucario\n|-activate|p2a: Lucario|move: Protect\n|\n|-damage|p1b: Slither Wing|64\/100 brn|[from] brn\n|upkeep\n|\n|t:|1695504599\n|switch|p2b: Roserade|Roserade, F, shiny|100\/100\n|turn|9\n|\n|t:|1695504606\n|switch|p2a: Garchomp|Garchomp, F, shiny|100\/100\n|move|p1a: Reuniclus|Psychic|p2b: Roserade\n|-supereffective|p2b: Roserade\n|-enditem|p2b: Roserade|Focus Sash\n|-damage|p2b: Roserade|1\/100\n|move|p1b: Slither Wing|Close Combat|p2a: Garchomp\n|-damage|p2a: Garchomp|62\/100\n|-unboost|p1b: Slither Wing|def|1\n|-unboost|p1b: Slither Wing|spd|1\n|-damage|p1b: Slither Wing|51\/100 brn|[from] ability: Rough Skin|[of] p2a: Garchomp\n|move|p2b: Roserade|Sleep Powder|p1a: Reuniclus\n|-status|p1a: Reuniclus|slp|[from] move: Sleep Powder\n|\n|-damage|p1b: Slither Wing|45\/100 brn|[from] brn\n|upkeep\n|turn|10\n|inactive|Cambrian James has 120 seconds left.\n|\n|t:|1695504643\n|switch|p1a: Gastrodon|Gastrodon-East, F|98\/100\n|move|p1b: Slither Wing|U-turn|p2b: Roserade\n|-damage|p2b: Roserade|0 fnt\n|faint|p2b: Roserade\n|\n|t:|1695504650\n|-end|p1b: Slither Wing|Protosynthesis|[silent]\n|switch|p1b: Goodra|Goodra-Hisui, F|57\/100 slp|[from] U-turn\n|move|p2a: Garchomp|Rock Slide|p1b: Goodra|[spread] p1a\n|-miss|p2a: Garchomp|p1b: Goodra\n|-resisted|p1a: Gastrodon\n|-damage|p1a: Gastrodon|88\/100\n|\n|-heal|p1a: Gastrodon|95\/100|[from] item: Leftovers\n|-heal|p1b: Goodra|64\/100 slp|[from] item: Leftovers\n|upkeep\n|\n|t:|1695504666\n|switch|p2b: Lucario|Lucario-Mega, F, shiny|100\/100\n|turn|11\n|\n|t:|1695504674\n|cant|p1b: Goodra|slp\n|move|p1a: Gastrodon|Ice Beam|p2a: Garchomp\n|-supereffective|p2a: Garchomp\n|-damage|p2a: Garchomp|0 fnt\n|faint|p2a: Garchomp\n|move|p2b: Lucario|Power-Up Punch|p1b: Goodra\n|-supereffective|p1b: Goodra\n|-damage|p1b: Goodra|19\/100 slp\n|-boost|p2b: Lucario|atk|1\n|\n|-heal|p1a: Gastrodon|100\/100|[from] item: Leftovers\n|-heal|p1b: Goodra|25\/100 slp|[from] item: Leftovers\n|-fieldend|move: Trick Room\n|upkeep\n|turn|12\n|\n|t:|1695504693\n|cant|p1b: Goodra|slp\n|move|p2b: Lucario|Power-Up Punch|p1b: Goodra\n|-supereffective|p1b: Goodra\n|-damage|p1b: Goodra|0 fnt\n|-boost|p2b: Lucario|atk|1\n|faint|p1b: Goodra\n|move|p1a: Gastrodon|Earth Power|p2b: Lucario\n|-supereffective|p2b: Lucario\n|-damage|p2b: Lucario|0 fnt\n|faint|p2b: Lucario\n|\n|win|Cambrian James\n|raw|Cambrian James's rating: 1056 &rarr; <strong>1110<\/strong><br \/>(+54 for winning)\n|raw|Starving_Venom_459's rating: 1354 &rarr; <strong>1320<\/strong><br \/>(-34 for losing)\n|l|\u2606Starving_Venom_459\n|c|\u2606Cambrian James|gg\n","uploadtime":1695504706,"views":12,"p1id":"cambrianjames","p2id":"starvingvenom459","formatid":"gen9nationaldexdoubles","rating":1110,"private":0,"password":""}