{"id":"gen9nationaldexdoubles-1962131508","p1":"lustforlifee","p2":"AerixThorn","format":"[Gen 9] National Dex Doubles","log":"|j|\u2606lustforlifee\n|j|\u2606AerixThorn\n|t:|1696710249\n|gametype|doubles\n|player|p1|lustforlifee|elesa|1187\n|player|p2|AerixThorn|volkner|1141\n|teamsize|p1|6\n|teamsize|p2|6\n|gen|9\n|tier|[Gen 9] National Dex Doubles\n|rated|\n|rule|HP Percentage Mod: HP is shown in percentages\n|rule|Endless Battle Clause: Forcing endless battles is banned\n|rule|OHKO Clause: OHKO moves are banned\n|rule|Evasion Moves Clause: Evasion moves are banned\n|rule|Evasion Abilities Clause: Evasion abilities are banned\n|rule|Species Clause: Limit one of each Pok\u00e9mon\n|rule|Gravity Sleep Clause: The combination of sleep-inducing moves with imperfect accuracy and Gravity or Gigantamax Orbeetle are banned\n|clearpoke\n|poke|p1|Articuno-Galar|\n|poke|p1|Zapdos-Galar|\n|poke|p1|Moltres-Galar|\n|poke|p1|Pidgeot, F|\n|poke|p1|Talonflame, F|\n|poke|p1|Unfezant, M|\n|poke|p2|Clefable, M|\n|poke|p2|Dragapult, F|\n|poke|p2|Ninetales-Alola, F|\n|poke|p2|Chandelure, F|\n|poke|p2|Indeedee-F, F|\n|poke|p2|Hawlucha, M|\n|teampreview\n|inactive|Battle timer is ON: inactive players will automatically lose when time's up. (requested by AerixThorn)\n|\n|t:|1696710260\n|start\n|switch|p1a: Talonflame|Talonflame, F, shiny|100\/100\n|switch|p1b: Unfezant|Unfezant, M, shiny|100\/100\n|switch|p2a: Indeedee|Indeedee-F, F|100\/100\n|switch|p2b: Rey Mysterio|Hawlucha, M, shiny|100\/100\n|-fieldstart|move: Psychic Terrain|[from] ability: Psychic Surge|[of] p2a: Indeedee\n|-enditem|p2b: Rey Mysterio|Psychic Seed\n|-boost|p2b: Rey Mysterio|spd|1|[from] item: Psychic Seed\n|turn|1\n|\n|t:|1696710285\n|move|p2a: Indeedee|Follow Me|p2a: Indeedee\n|-singleturn|p2a: Indeedee|move: Follow Me\n|move|p2b: Rey Mysterio|Bulk Up|p2b: Rey Mysterio\n|-boost|p2b: Rey Mysterio|atk|1\n|-boost|p2b: Rey Mysterio|def|1\n|move|p1a: Talonflame|Brave Bird|p2a: Indeedee\n|-damage|p2a: Indeedee|10\/100\n|-damage|p1a: Talonflame|72\/100|[from] Recoil\n|move|p1b: Unfezant|Night Slash|p2a: Indeedee\n|-supereffective|p2a: Indeedee\n|-damage|p2a: Indeedee|0 fnt\n|faint|p2a: Indeedee\n|-damage|p1b: Unfezant|91\/100|[from] item: Life Orb\n|\n|upkeep\n|\n|t:|1696710300\n|switch|p2a: Clefable|Clefable, M|100\/100\n|turn|2\n|\n|t:|1696710310\n|move|p2a: Clefable|Follow Me|p2a: Clefable\n|-singleturn|p2a: Clefable|move: Follow Me\n|move|p2b: Rey Mysterio|Acrobatics|p1a: Talonflame\n|-damage|p1a: Talonflame|0 fnt\n|faint|p1a: Talonflame\n|move|p1b: Unfezant|Psych Up|p2a: Clefable\n|-copyboost|p1b: Unfezant|p2a: Clefable|[from] move: Psych Up\n|\n|upkeep\n|\n|t:|1696710327\n|switch|p1a: Zapdos|Zapdos-Galar, shiny|100\/100\n|turn|3\n|\n|t:|1696710340\n|move|p2a: Clefable|Follow Me|p2a: Clefable\n|-singleturn|p2a: Clefable|move: Follow Me\n|move|p2b: Rey Mysterio|Dual Wingbeat|p1a: Zapdos\n|-supereffective|p1a: Zapdos\n|-damage|p1a: Zapdos|40\/100\n|-supereffective|p1a: Zapdos\n|-damage|p1a: Zapdos|0 fnt\n|faint|p1a: Zapdos\n|-hitcount|p1: Zapdos|2\n|move|p1b: Unfezant|Steel Wing|p2a: Clefable\n|-supereffective|p2a: Clefable\n|-damage|p2a: Clefable|30\/100\n|-damage|p1b: Unfezant|81\/100|[from] item: Life Orb\n|\n|-heal|p2a: Clefable|37\/100|[from] item: Leftovers\n|upkeep\n|\n|t:|1696710354\n|switch|p1a: Pidgeot|Pidgeot, F, shiny|100\/100\n|turn|4\n|\n|t:|1696710361\n|detailschange|p1a: Pidgeot|Pidgeot-Mega, F, shiny\n|-mega|p1a: Pidgeot|Pidgeot|Pidgeotite\n|move|p2a: Clefable|Follow Me|p2a: Clefable\n|-singleturn|p2a: Clefable|move: Follow Me\n|move|p2b: Rey Mysterio|Acrobatics|p1b: Unfezant\n|-damage|p1b: Unfezant|0 fnt\n|faint|p1b: Unfezant\n|move|p1a: Pidgeot|Steel Wing|p2a: Clefable\n|-supereffective|p2a: Clefable\n|-crit|p2a: Clefable\n|-damage|p2a: Clefable|0 fnt\n|faint|p2a: Clefable\n|\n|upkeep\n|\n|t:|1696710373\n|switch|p1b: Moltres|Moltres-Galar, shiny|100\/100\n|switch|p2a: Ninetales|Ninetales-Alola, F|100\/100\n|-weather|Snow|[from] ability: Snow Warning|[of] p2a: Ninetales\n|turn|5\n|\n|t:|1696710387\n|-terastallize|p1b: Moltres|Fire\n|move|p2b: Rey Mysterio|Acrobatics|p1a: Pidgeot\n|-damage|p1a: Pidgeot|1\/100\n|move|p2a: Ninetales|Blizzard|p1a: Pidgeot|[spread] p1a,p1b\n|-supereffective|p1a: Pidgeot\n|-resisted|p1b: Moltres\n|-damage|p1a: Pidgeot|0 fnt\n|-damage|p1b: Moltres|87\/100\n|faint|p1a: Pidgeot\n|move|p1b: Moltres|Tera Blast|p2a: Ninetales|[anim] Tera Blast Fire\n|-supereffective|p2a: Ninetales\n|-damage|p2a: Ninetales|22\/100\n|\n|-weather|Snow|[upkeep]\n|-fieldend|move: Psychic Terrain\n|upkeep\n|\n|t:|1696710398\n|switch|p1a: Articuno|Articuno-Galar, shiny|100\/100\n|turn|6\n|\n|t:|1696710413\n|move|p2b: Rey Mysterio|Acrobatics|p1b: Moltres\n|-damage|p1b: Moltres|4\/100\n|-ability|p1b: Moltres|Berserk|boost\n|-boost|p1b: Moltres|spa|1\n|move|p2a: Ninetales|Blizzard|p1a: Articuno|[spread] p1a,p1b\n|-supereffective|p1a: Articuno\n|-resisted|p1b: Moltres\n|-damage|p1a: Articuno|35\/100\n|-damage|p1b: Moltres|0 fnt\n|faint|p1b: Moltres\n|move|p1a: Articuno|Freezing Glare|p2b: Rey Mysterio\n|-supereffective|p2b: Rey Mysterio\n|-damage|p2b: Rey Mysterio|7\/100\n|\n|-weather|Snow|[upkeep]\n|upkeep\n|turn|7\n|\n|t:|1696710428\n|move|p2b: Rey Mysterio|Acrobatics|p1a: Articuno\n|-damage|p1a: Articuno|0 fnt\n|faint|p1a: Articuno\n|\n|win|AerixThorn\n|raw|lustforlifee's rating: 1187 &rarr; <strong>1159<\/strong><br \/>(-28 for losing)\n|raw|AerixThorn's rating: 1141 &rarr; <strong>1169<\/strong><br \/>(+28 for winning)\n|l|\u2606lustforlifee\n","uploadtime":1696710514,"views":8,"p1id":"lustforlifee","p2id":"aerixthorn","formatid":"gen9nationaldexdoubles","rating":1159,"private":0,"password":""}