{"id":"gen9nationaldexdoubles-1995832615","p1":"Horse95","p2":"MtyMiltanks","format":"[Gen 9] National Dex Doubles","log":"|j|\u2606Horse95\n|j|\u2606MtyMiltanks\n|t:|1700607627\n|gametype|doubles\n|player|p1|Horse95|colress|\n|player|p2|MtyMiltanks|170|\n|teamsize|p1|6\n|teamsize|p2|6\n|gen|9\n|tier|[Gen 9] National Dex Doubles\n|rule|HP Percentage Mod: HP is shown in percentages\n|rule|Endless Battle Clause: Forcing endless battles is banned\n|rule|OHKO Clause: OHKO moves are banned\n|rule|Evasion Moves Clause: Evasion moves are banned\n|rule|Evasion Abilities Clause: Evasion abilities are banned\n|rule|Species Clause: Limit one of each Pok\u00e9mon\n|rule|Gravity Sleep Clause: The combination of sleep-inducing moves with imperfect accuracy and Gravity or Gigantamax Orbeetle are banned\n|clearpoke\n|poke|p1|Glastrier|\n|poke|p1|Oranguru, F|\n|poke|p1|Slowpoke, F|\n|poke|p1|Ursaluna, F|\n|poke|p1|Flutter Mane|\n|poke|p1|Ditto|\n|poke|p2|Heatran, F|\n|poke|p2|Rillaboom, F|\n|poke|p2|Volbeat, M|\n|poke|p2|Dragonite, M|\n|poke|p2|Ditto|\n|poke|p2|Pikachu, F|\n|teampreview\n|c|\u2606Horse95|glhf\n|c|\u2606Horse95|do you want a timer?\n|c|\u2606MtyMiltanks|no, It is ok\n|\n|t:|1700607678\n|start\n|switch|p1a: Glastrier|Glastrier|100\/100\n|switch|p1b: Oranguru|Oranguru, F, shiny|100\/100\n|switch|p2a: Pikachu|Pikachu, F|100\/100\n|switch|p2b: Rillaboom|Rillaboom, F|100\/100\n|-fieldstart|move: Grassy Terrain|[from] ability: Grassy Surge|[of] p2b: Rillaboom\n|turn|1\n|c|\u2606Horse95|alright glhf\n|\n|t:|1700607696\n|move|p2a: Pikachu|Fake Out|p1a: Glastrier\n|-damage|p1a: Glastrier|89\/100\n|move|p2b: Rillaboom|Fake Out|p1b: Oranguru\n|-damage|p1b: Oranguru|89\/100\n|cant|p1a: Glastrier|flinch\n|move|p1b: Oranguru|Trick Room|p1b: Oranguru\n|-fieldstart|move: Trick Room|[of] p1b: Oranguru\n|\n|-heal|p1a: Glastrier|95\/100|[from] Grassy Terrain\n|-heal|p1b: Oranguru|95\/100|[from] Grassy Terrain\n|upkeep\n|turn|2\n|\n|t:|1700607729\n|switch|p2b: Volbeat|Volbeat, M|100\/100\n|move|p1a: Glastrier|Icicle Spear|p2b: Volbeat\n|-damage|p2b: Volbeat|79\/100\n|-damage|p2b: Volbeat|60\/100\n|-damage|p2b: Volbeat|38\/100\n|-damage|p2b: Volbeat|19\/100\n|-crit|p2b: Volbeat\n|-damage|p2b: Volbeat|0 fnt\n|faint|p2b: Volbeat\n|-ability|p1a: Glastrier|Chilling Neigh|boost\n|-boost|p1a: Glastrier|atk|1\n|-hitcount|p2: Volbeat|5\n|move|p1b: Oranguru|Instruct|p1a: Glastrier\n|-singleturn|p1a: Glastrier|move: Instruct|[of] p1b: Oranguru\n|move|p1a: Glastrier|Icicle Spear|p2a: Pikachu\n|-damage|p2a: Pikachu|20\/100\n|-damage|p2a: Pikachu|0 fnt\n|faint|p2a: Pikachu\n|-ability|p1a: Glastrier|Chilling Neigh|boost\n|-boost|p1a: Glastrier|atk|1\n|-hitcount|p2: Pikachu|2\n|\n|-heal|p1a: Glastrier|100\/100|[from] Grassy Terrain\n|-heal|p1b: Oranguru|100\/100|[from] Grassy Terrain\n|upkeep\n|\n|t:|1700607747\n|switch|p2b: Ditto|Ditto|100\/100\n|switch|p2a: Rillaboom|Rillaboom, F|100\/100\n|-transform|p2b: Ditto|p1a: Glastrier|[from] ability: Imposter\n|turn|3\n|\n|t:|1700607762\n|move|p1a: Glastrier|Protect|p1a: Glastrier\n|-singleturn|p1a: Glastrier|Protect\n|move|p1b: Oranguru|Protect|p1b: Oranguru\n|-singleturn|p1b: Oranguru|Protect\n|move|p2a: Rillaboom|Fake Out|p1a: Glastrier\n|-activate|p1a: Glastrier|move: Protect\n|move|p2b: Ditto|Close Combat|p1a: Glastrier\n|-activate|p1a: Glastrier|move: Protect\n|\n|upkeep\n|turn|4\n|\n|t:|1700607808\n|-terastallize|p1a: Glastrier|Water\n|move|p2b: Ditto|Close Combat|p1a: Glastrier\n|-damage|p1a: Glastrier|24\/100\n|-unboost|p2b: Ditto|def|1\n|-unboost|p2b: Ditto|spd|1\n|move|p1a: Glastrier|Close Combat|p2b: Ditto\n|-supereffective|p2b: Ditto\n|-damage|p2b: Ditto|0 fnt\n|-unboost|p1a: Glastrier|def|1\n|-unboost|p1a: Glastrier|spd|1\n|faint|p2b: Ditto\n|-ability|p1a: Glastrier|Chilling Neigh|boost\n|-boost|p1a: Glastrier|atk|1\n|move|p1b: Oranguru|Taunt|p2a: Rillaboom\n|-start|p2a: Rillaboom|move: Taunt\n|move|p2a: Rillaboom|Knock Off|p1b: Oranguru\n|-supereffective|p1b: Oranguru\n|-damage|p1b: Oranguru|50\/100\n|-enditem|p1b: Oranguru|Mental Herb|[from] move: Knock Off|[of] p2a: Rillaboom\n|\n|-heal|p1a: Glastrier|30\/100|[from] Grassy Terrain\n|-heal|p1b: Oranguru|56\/100|[from] Grassy Terrain\n|upkeep\n|\n|t:|1700607815\n|switch|p2b: Heatran|Heatran, F|100\/100\n|turn|5\n|\n|t:|1700607841\n|switch|p1a: Ditto|Ditto|100\/100\n|-transform|p1a: Ditto|p2b: Heatran|[from] ability: Imposter\n|switch|p1b: Flutter Mane|Flutter Mane|100\/100\n|-enditem|p1b: Flutter Mane|Booster Energy\n|-activate|p1b: Flutter Mane|ability: Protosynthesis|[fromitem]\n|-start|p1b: Flutter Mane|protosynthesisspa\n|move|p2b: Heatran|Protect|p2b: Heatran\n|-singleturn|p2b: Heatran|Protect\n|move|p2a: Rillaboom|Drum Beating|p1b: Flutter Mane\n|-damage|p1b: Flutter Mane|25\/100\n|-unboost|p1b: Flutter Mane|spe|1\n|\n|-heal|p1b: Flutter Mane|31\/100|[from] Grassy Terrain\n|-fieldend|move: Trick Room\n|-fieldend|move: Grassy Terrain\n|upkeep\n|turn|6\n|\n|t:|1700607879\n|-terastallize|p2b: Heatran|Grass\n|move|p2a: Rillaboom|Drum Beating|p1b: Flutter Mane\n|-damage|p1b: Flutter Mane|0 fnt\n|faint|p1b: Flutter Mane\n|-end|p1b: Flutter Mane|Protosynthesis|[silent]\n|move|p1a: Ditto|Earth Power|p2b: Heatran\n|-resisted|p2b: Heatran\n|-damage|p2b: Heatran|85\/100\n|-unboost|p2b: Heatran|spd|1\n|move|p2b: Heatran|Earth Power|p1a: Ditto\n|-supereffective|p1a: Ditto\n|-damage|p1a: Ditto|0 fnt\n|faint|p1a: Ditto\n|\n|-heal|p2b: Heatran|91\/100|[from] item: Leftovers\n|-end|p2a: Rillaboom|move: Taunt\n|upkeep\n|\n|t:|1700607903\n|switch|p1b: Ursaluna|Ursaluna, F|100\/100\n|switch|p1a: Slowpoke|Slowpoke, F|100\/100\n|turn|7\n|\n|t:|1700607916\n|move|p1b: Ursaluna|Protect|p1b: Ursaluna\n|-singleturn|p1b: Ursaluna|Protect\n|move|p2a: Rillaboom|Knock Off|p1b: Ursaluna\n|-activate|p1b: Ursaluna|move: Protect\n|move|p2b: Heatran|Magma Storm|p1b: Ursaluna\n|-activate|p1b: Ursaluna|move: Protect\n|move|p1a: Slowpoke|Trick Room|p1a: Slowpoke\n|-fieldstart|move: Trick Room|[of] p1a: Slowpoke\n|\n|-heal|p2b: Heatran|98\/100|[from] item: Leftovers\n|-status|p1b: Ursaluna|brn|[from] item: Flame Orb\n|upkeep\n|turn|8\n|\n|t:|1700607937\n|move|p2b: Heatran|Protect|p2b: Heatran\n|-singleturn|p2b: Heatran|Protect\n|move|p1a: Slowpoke|Reflect|p1a: Slowpoke\n|-sidestart|p1: Horse95|Reflect\n|move|p1b: Ursaluna|Facade|p2b: Heatran\n|-activate|p2b: Heatran|move: Protect\n|move|p2a: Rillaboom|Drum Beating|p1b: Ursaluna\n|-supereffective|p1b: Ursaluna\n|-damage|p1b: Ursaluna|71\/100 brn\n|-unboost|p1b: Ursaluna|spe|1\n|\n|-heal|p2b: Heatran|100\/100|[from] item: Leftovers\n|-damage|p1b: Ursaluna|65\/100 brn|[from] brn\n|upkeep\n|turn|9\n|\n|t:|1700607957\n|move|p1a: Slowpoke|Heal Pulse|p1b: Ursaluna\n|-heal|p1b: Ursaluna|100\/100 brn\n|move|p1b: Ursaluna|Facade|p2b: Heatran\n|-damage|p2b: Heatran|12\/100\n|move|p2b: Heatran|Heat Wave|p1b: Ursaluna|[spread] p1a,p1b\n|-resisted|p1a: Slowpoke\n|-damage|p1a: Slowpoke|84\/100\n|-damage|p1b: Ursaluna|68\/100 brn\n|move|p2a: Rillaboom|Drum Beating|p1b: Ursaluna\n|-supereffective|p1b: Ursaluna\n|-damage|p1b: Ursaluna|38\/100 brn\n|-unboost|p1b: Ursaluna|spe|1\n|\n|-heal|p2b: Heatran|18\/100|[from] item: Leftovers\n|-damage|p1b: Ursaluna|32\/100 brn|[from] brn\n|upkeep\n|turn|10\n|\n|t:|1700607975\n|move|p2b: Heatran|Protect|p2b: Heatran\n|-singleturn|p2b: Heatran|Protect\n|move|p1b: Ursaluna|Facade|p2a: Rillaboom\n|-damage|p2a: Rillaboom|0 fnt\n|faint|p2a: Rillaboom\n|move|p1a: Slowpoke|Heal Pulse|p1b: Ursaluna\n|-heal|p1b: Ursaluna|82\/100 brn\n|\n|-heal|p2b: Heatran|24\/100|[from] item: Leftovers\n|-damage|p1b: Ursaluna|76\/100 brn|[from] brn\n|upkeep\n|\n|t:|1700607984\n|switch|p2a: Dragonite|Dragonite, M|100\/100\n|turn|11\n|\n|t:|1700607996\n|move|p1b: Ursaluna|Facade|p2b: Heatran\n|-damage|p2b: Heatran|0 fnt\n|faint|p2b: Heatran\n|move|p1a: Slowpoke|Yawn|p2a: Dragonite\n|-start|p2a: Dragonite|move: Yawn|[of] p1a: Slowpoke\n|move|p2a: Dragonite|Dragon Dance|p2a: Dragonite\n|-boost|p2a: Dragonite|atk|1\n|-boost|p2a: Dragonite|spe|1\n|\n|-damage|p1b: Ursaluna|69\/100 brn|[from] brn\n|-fieldend|move: Trick Room\n|upkeep\n|turn|12\n|\n|t:|1700608012\n|move|p1b: Ursaluna|Protect|p1b: Ursaluna\n|-singleturn|p1b: Ursaluna|Protect\n|move|p2a: Dragonite|Dragon Claw|p1b: Ursaluna\n|-activate|p1b: Ursaluna|move: Protect\n|move|p1a: Slowpoke|Trick Room|p1a: Slowpoke\n|-fieldstart|move: Trick Room|[of] p1a: Slowpoke\n|\n|-damage|p1b: Ursaluna|63\/100 brn|[from] brn\n|-end|p2a: Dragonite|move: Yawn|[silent]\n|-status|p2a: Dragonite|slp\n|-sideend|p1: Horse95|Reflect\n|upkeep\n|turn|13\n|c|\u2606MtyMiltanks|not prepared for tr\n|c|\u2606MtyMiltanks|good game\n|c|\u2606Horse95|gg\n|\n|t:|1700608032\n|cant|p2a: Dragonite|slp\n|move|p1b: Ursaluna|Facade|p2a: Dragonite\n|-damage|p2a: Dragonite|49\/100 slp\n|move|p1a: Slowpoke|Heal Pulse|p1b: Ursaluna\n|-heal|p1b: Ursaluna|100\/100 brn\n|\n|-damage|p1b: Ursaluna|94\/100 brn|[from] brn\n|upkeep\n|turn|14\n|\n|t:|1700608043\n|cant|p2a: Dragonite|slp\n|move|p1b: Ursaluna|Facade|p2a: Dragonite\n|-damage|p2a: Dragonite|0 fnt\n|faint|p2a: Dragonite\n|\n|win|Horse95\n|c|\u2606MtyMiltanks|was guru cover cloak?\n|c|\u2606Horse95|no\n|c|\u2606Horse95|it's the ability\n|c|\u2606Horse95|inner focus\n|c|\u2606MtyMiltanks|I forgot to check the ability\n|c|\u2606MtyMiltanks|That sucks badly\n|c|\u2606Horse95|all good\n|c|\u2606MtyMiltanks|oh well\n|c|\u2606MtyMiltanks|good game\n|l|\u2606MtyMiltanks\n|c|\u2606Horse95|no worries I know this team by heart\n","uploadtime":1700608088,"views":23,"p1id":"horse95","p2id":"mtymiltanks","formatid":"gen9nationaldexdoubles","rating":0,"private":0,"password":""}