{"id":"gen9nationaldexdoubles-1966969992","p1":"PearlHarbor1996","p2":"Codiai","format":"[Gen 9] National Dex Doubles","log":"|j|\u2606PearlHarbor1996\n|j|\u2606Codiai\n|t:|1697239271\n|gametype|doubles\n|player|p1|PearlHarbor1996|rocketgrunt|1175\n|player|p2|Codiai|cynthia|1270\n|teamsize|p1|6\n|teamsize|p2|6\n|gen|9\n|tier|[Gen 9] National Dex Doubles\n|rated|\n|rule|HP Percentage Mod: HP is shown in percentages\n|rule|Endless Battle Clause: Forcing endless battles is banned\n|rule|OHKO Clause: OHKO moves are banned\n|rule|Evasion Moves Clause: Evasion moves are banned\n|rule|Evasion Abilities Clause: Evasion abilities are banned\n|rule|Species Clause: Limit one of each Pok\u00e9mon\n|rule|Gravity Sleep Clause: The combination of sleep-inducing moves with imperfect accuracy and Gravity or Gigantamax Orbeetle are banned\n|clearpoke\n|poke|p1|Coalossal, F|\n|poke|p1|Zapdos|\n|poke|p1|Medicham, F|\n|poke|p1|Palafin, M|\n|poke|p1|Amoonguss, F|\n|poke|p1|Slaking, F|\n|poke|p2|Palafin, F|\n|poke|p2|Scizor, M|\n|poke|p2|Dragonite, M|\n|poke|p2|Rillaboom, M|\n|poke|p2|Grimmsnarl, M|\n|poke|p2|Marshadow|\n|teampreview\n|inactive|Battle timer is ON: inactive players will automatically lose when time's up. (requested by PearlHarbor1996)\n|\n|t:|1697239280\n|start\n|switch|p1a: Coalossal|Coalossal, F|100\/100\n|switch|p1b: Palafin|Palafin, M|100\/100\n|switch|p2a: Palafin|Palafin, F|100\/100\n|switch|p2b: Dragonite|Dragonite, M|100\/100\n|turn|1\n|\n|t:|1697239294\n|detailschange|p2a: Palafin|Palafin-Hero, F\n|switch|p2a: Grimmsnarl|Grimmsnarl, M|100\/100\n|-terastallize|p2b: Dragonite|Normal\n|-terastallize|p1a: Coalossal|Water\n|move|p2b: Dragonite|Extreme Speed|p1a: Coalossal\n|-damage|p1a: Coalossal|49\/100\n|move|p1b: Palafin|Flip Turn|p1a: Coalossal\n|-resisted|p1a: Coalossal\n|-damage|p1a: Coalossal|42\/100\n|-ability|p1a: Coalossal|Steam Engine|boost\n|-boost|p1a: Coalossal|spe|6\n|-enditem|p1a: Coalossal|Absorb Bulb\n|-boost|p1a: Coalossal|spa|1|[from] item: Absorb Bulb\n|\n|t:|1697239308\n|detailschange|p1b: Palafin|Palafin-Hero, M\n|switch|p1b: Amoonguss|Amoonguss, F|100\/100|[from] Flip Turn\n|move|p1a: Coalossal|Tar Shot|p2b: Dragonite\n|-unboost|p2b: Dragonite|spe|1\n|-start|p2b: Dragonite|Tar Shot\n|\n|upkeep\n|turn|2\n|\n|t:|1697239321\n|move|p1a: Coalossal|Protect|p1a: Coalossal\n|-singleturn|p1a: Coalossal|Protect\n|move|p2a: Grimmsnarl|Fake Out|p1b: Amoonguss\n|-damage|p1b: Amoonguss|93\/100\n|move|p2b: Dragonite|Extreme Speed|p1a: Coalossal\n|-activate|p1a: Coalossal|move: Protect\n|cant|p1b: Amoonguss|flinch\n|\n|-heal|p1b: Amoonguss|99\/100|[from] item: Leftovers\n|upkeep\n|turn|3\n|\n|t:|1697239348\n|move|p2b: Dragonite|Extreme Speed|p1a: Coalossal\n|-damage|p1a: Coalossal|0 fnt\n|faint|p1a: Coalossal\n|move|p1b: Amoonguss|Rage Powder|p1b: Amoonguss\n|-singleturn|p1b: Amoonguss|move: Rage Powder\n|move|p2a: Grimmsnarl|Light Screen|p2a: Grimmsnarl\n|-sidestart|p2: Codiai|move: Light Screen\n|\n|-heal|p1b: Amoonguss|100\/100|[from] item: Leftovers\n|upkeep\n|\n|t:|1697239358\n|switch|p1a: Zapdos|Zapdos|100\/100\n|turn|4\n|\n|t:|1697239367\n|move|p2b: Dragonite|Extreme Speed|p1a: Zapdos\n|-damage|p1a: Zapdos|16\/100\n|-status|p2b: Dragonite|par|[from] ability: Static|[of] p1a: Zapdos\n|move|p2a: Grimmsnarl|Reflect|p2a: Grimmsnarl\n|-sidestart|p2: Codiai|Reflect\n|move|p1a: Zapdos|Agility|p1a: Zapdos\n|-boost|p1a: Zapdos|spe|2\n|move|p1b: Amoonguss|Spore||[still]\n|-fail|p1b: Amoonguss\n|\n|upkeep\n|turn|5\n|\n|t:|1697239385\n|move|p1b: Amoonguss|Rage Powder|p1b: Amoonguss\n|-singleturn|p1b: Amoonguss|move: Rage Powder\n|move|p2b: Dragonite|Extreme Speed|p1b: Amoonguss\n|-damage|p1b: Amoonguss|53\/100\n|move|p2a: Grimmsnarl|Parting Shot|p1b: Amoonguss\n|-unboost|p1b: Amoonguss|atk|1\n|-unboost|p1b: Amoonguss|spa|1\n|\n|t:|1697239403\n|switch|p2a: Rillaboom|Rillaboom, M|100\/100|[from] Parting Shot\n|-fieldstart|move: Grassy Terrain|[from] ability: Grassy Surge|[of] p2a: Rillaboom\n|move|p1a: Zapdos|Baton Pass|p1a: Zapdos\n|\n|t:|1697239409\n|switch|p1a: Slaking|Slaking, F|100\/100|[from] Baton Pass\n|\n|-heal|p1b: Amoonguss|59\/100|[from] Grassy Terrain\n|-heal|p1b: Amoonguss|66\/100|[from] item: Leftovers\n|upkeep\n|turn|6\n|\n|t:|1697239426\n|move|p2a: Rillaboom|Fake Out|p1a: Slaking\n|-damage|p1a: Slaking|90\/100\n|move|p2b: Dragonite|Extreme Speed|p1a: Slaking\n|-damage|p1a: Slaking|46\/100\n|cant|p1a: Slaking|flinch\n|move|p1b: Amoonguss|Pollen Puff|p1a: Slaking\n|-heal|p1a: Slaking|96\/100\n|\n|-heal|p1a: Slaking|100\/100|[from] Grassy Terrain\n|-heal|p1b: Amoonguss|72\/100|[from] Grassy Terrain\n|-heal|p1b: Amoonguss|78\/100|[from] item: Leftovers\n|upkeep\n|turn|7\n|\n|t:|1697239456\n|cant|p2b: Dragonite|par\n|move|p2a: Rillaboom|Grassy Glide|p1a: Slaking\n|-damage|p1a: Slaking|73\/100\n|cant|p1a: Slaking|ability: Truant\n|move|p1b: Amoonguss|Pollen Puff|p1a: Slaking\n|-heal|p1a: Slaking|100\/100\n|\n|-heal|p1b: Amoonguss|84\/100|[from] Grassy Terrain\n|-heal|p1b: Amoonguss|91\/100|[from] item: Leftovers\n|upkeep\n|turn|8\n|\n|t:|1697239481\n|move|p2b: Dragonite|Extreme Speed|p1a: Slaking\n|-damage|p1a: Slaking|49\/100\n|move|p2a: Rillaboom|Grassy Glide|p1a: Slaking\n|-damage|p1a: Slaking|20\/100\n|move|p1a: Slaking|Bulk Up|p1a: Slaking\n|-boost|p1a: Slaking|atk|1\n|-boost|p1a: Slaking|def|1\n|move|p1b: Amoonguss|Pollen Puff|p1a: Slaking\n|-heal|p1a: Slaking|70\/100\n|\n|-heal|p1a: Slaking|76\/100|[from] Grassy Terrain\n|-heal|p1a: Slaking|82\/100|[from] item: Leftovers\n|-heal|p1b: Amoonguss|97\/100|[from] Grassy Terrain\n|-heal|p1b: Amoonguss|100\/100|[from] item: Leftovers\n|upkeep\n|turn|9\n|\n|t:|1697239502\n|move|p2b: Dragonite|Extreme Speed|p1a: Slaking\n|-damage|p1a: Slaking|50\/100\n|move|p2a: Rillaboom|Grassy Glide|p1a: Slaking\n|-damage|p1a: Slaking|31\/100\n|cant|p1a: Slaking|ability: Truant\n|move|p1b: Amoonguss|Pollen Puff|p1a: Slaking\n|-heal|p1a: Slaking|81\/100\n|\n|-heal|p1a: Slaking|87\/100|[from] Grassy Terrain\n|-heal|p1a: Slaking|94\/100|[from] item: Leftovers\n|-fieldend|move: Grassy Terrain\n|upkeep\n|turn|10\n|\n|t:|1697239532\n|move|p1a: Slaking|Bulk Up|p1a: Slaking\n|-boost|p1a: Slaking|atk|1\n|-boost|p1a: Slaking|def|1\n|move|p2a: Rillaboom|U-turn|p1a: Slaking\n|-damage|p1a: Slaking|84\/100\n|\n|t:|1697239538\n|switch|p2a: Marshadow|Marshadow|100\/100|[from] U-turn\n|move|p1b: Amoonguss|Pollen Puff|p1a: Slaking\n|-heal|p1a: Slaking|100\/100\n|-activate|p2b: Dragonite|move: Struggle\n|move|p2b: Dragonite|Struggle|p1b: Amoonguss\n|-damage|p1b: Amoonguss|81\/100\n|-damage|p2b: Dragonite|75\/100 par|[from] recoil\n|\n|-heal|p1b: Amoonguss|87\/100|[from] item: Leftovers\n|-sideend|p2: Codiai|move: Light Screen\n|upkeep\n|turn|11\n|\n|t:|1697239564\n|switch|p2b: Scizor|Scizor, M|100\/100\n|move|p1b: Amoonguss|Rage Powder|p1b: Amoonguss\n|-singleturn|p1b: Amoonguss|move: Rage Powder\n|cant|p1a: Slaking|ability: Truant\n|move|p2a: Marshadow|Close Combat|p1b: Amoonguss\n|-resisted|p1b: Amoonguss\n|-damage|p1b: Amoonguss|63\/100\n|-unboost|p2a: Marshadow|def|1\n|-unboost|p2a: Marshadow|spd|1\n|\n|-heal|p1b: Amoonguss|69\/100|[from] item: Leftovers\n|-sideend|p2: Codiai|Reflect\n|upkeep\n|turn|12\n|\n|t:|1697239586\n|detailschange|p2b: Scizor|Scizor-Mega, M\n|-mega|p2b: Scizor|Scizor|Scizorite\n|move|p1b: Amoonguss|Rage Powder|p1b: Amoonguss\n|-singleturn|p1b: Amoonguss|move: Rage Powder\n|move|p2b: Scizor|Bullet Punch|p1b: Amoonguss\n|-damage|p1b: Amoonguss|43\/100\n|move|p1a: Slaking|Knock Off|p2a: Marshadow\n|-damage|p2a: Marshadow|0 fnt\n|faint|p2a: Marshadow\n|\n|-heal|p1b: Amoonguss|50\/100|[from] item: Leftovers\n|upkeep\n|\n|t:|1697239598\n|switch|p2a: Palafin|Palafin-Hero, F|100\/100\n|-activate|p2a: Palafin|ability: Zero to Hero\n|turn|13\n|\n|t:|1697239612\n|move|p2b: Scizor|Bullet Punch|p1b: Amoonguss\n|-damage|p1b: Amoonguss|21\/100\n|cant|p1a: Slaking|ability: Truant\n|move|p2a: Palafin|Close Combat|p1a: Slaking\n|-supereffective|p1a: Slaking\n|-damage|p1a: Slaking|41\/100\n|-unboost|p2a: Palafin|def|1\n|-unboost|p2a: Palafin|spd|1\n|move|p1b: Amoonguss|Pollen Puff|p1a: Slaking\n|-heal|p1a: Slaking|91\/100\n|\n|-heal|p1a: Slaking|98\/100|[from] item: Leftovers\n|-heal|p1b: Amoonguss|27\/100|[from] item: Leftovers\n|upkeep\n|turn|14\n|inactive|PearlHarbor1996 has 120 seconds left.\n|\n|t:|1697239645\n|move|p1b: Amoonguss|Rage Powder|p1b: Amoonguss\n|-singleturn|p1b: Amoonguss|move: Rage Powder\n|move|p2b: Scizor|Bullet Punch|p1b: Amoonguss\n|-damage|p1b: Amoonguss|2\/100\n|move|p1a: Slaking|Earthquake|p2b: Scizor|[spread] p1b,p2a,p2b\n|-damage|p1b: Amoonguss|0 fnt\n|-damage|p2a: Palafin|12\/100\n|-damage|p2b: Scizor|49\/100\n|faint|p1b: Amoonguss\n|move|p2a: Palafin|Close Combat|p1a: Slaking\n|-supereffective|p1a: Slaking\n|-damage|p1a: Slaking|40\/100\n|-unboost|p2a: Palafin|def|1\n|-unboost|p2a: Palafin|spd|1\n|\n|-heal|p1a: Slaking|47\/100|[from] item: Leftovers\n|upkeep\n|inactive|PearlHarbor1996 has 120 seconds left.\n|\n|t:|1697239659\n|switch|p1b: Medicham|Medicham, F|100\/100\n|turn|15\n|\n|t:|1697239685\n|switch|p2a: Dragonite|Dragonite, M, tera:Normal|75\/100 par\n|move|p2b: Scizor|Bullet Punch|p1a: Slaking\n|-damage|p1a: Slaking|33\/100\n|cant|p1a: Slaking|ability: Truant\n|move|p1b: Medicham|Skill Swap|p1a: Slaking\n|-activate|p1b: Medicham|move: Skill Swap|||[of] p1a: Slaking\n|\n|-heal|p1a: Slaking|40\/100|[from] item: Leftovers\n|upkeep\n|turn|16\n|\n|t:|1697239707\n|switch|p1b: Zapdos|Zapdos|16\/100\n|move|p2b: Scizor|Bullet Punch|p1a: Slaking\n|-damage|p1a: Slaking|25\/100\n|move|p1a: Slaking|Earthquake|p2b: Scizor|[spread] p2a,p2b\n|-immune|p1b: Zapdos\n|-damage|p2a: Dragonite|0 fnt\n|-damage|p2b: Scizor|0 fnt\n|faint|p2a: Dragonite\n|faint|p2b: Scizor\n|\n|-heal|p1a: Slaking|31\/100|[from] item: Leftovers\n|upkeep\n|inactive|Codiai has 120 seconds left.\n|\n|t:|1697239725\n|switch|p2a: Grimmsnarl|Grimmsnarl, M|100\/100\n|switch|p2b: Palafin|Palafin-Hero, F|12\/100\n|turn|17\n|\n|t:|1697239736\n|move|p2a: Grimmsnarl|Fake Out|p1a: Slaking\n|-damage|p1a: Slaking|28\/100\n|cant|p1a: Slaking|flinch\n|move|p1b: Zapdos|Thunderbolt|p2b: Palafin\n|-supereffective|p2b: Palafin\n|-damage|p2b: Palafin|0 fnt\n|faint|p2b: Palafin\n|\n|-heal|p1a: Slaking|34\/100|[from] item: Leftovers\n|upkeep\n|\n|t:|1697239744\n|switch|p2b: Rillaboom|Rillaboom, M|100\/100\n|-fieldstart|move: Grassy Terrain|[from] ability: Grassy Surge|[of] p2b: Rillaboom\n|turn|18\n|\n|t:|1697239767\n|move|p2b: Rillaboom|Fake Out|p1b: Zapdos\n|-damage|p1b: Zapdos|0 fnt\n|faint|p1b: Zapdos\n|move|p2a: Grimmsnarl|Reflect|p2a: Grimmsnarl\n|-sidestart|p2: Codiai|Reflect\n|move|p1a: Slaking|Facade|p2b: Rillaboom\n|-enditem|p2b: Rillaboom|Focus Sash\n|-damage|p2b: Rillaboom|1\/100\n|\n|-heal|p1a: Slaking|40\/100|[from] Grassy Terrain\n|-heal|p1a: Slaking|46\/100|[from] item: Leftovers\n|-heal|p2b: Rillaboom|7\/100|[from] Grassy Terrain\n|upkeep\n|inactive|PearlHarbor1996 has 120 seconds left.\n|\n|t:|1697239784\n|switch|p1b: Palafin|Palafin-Hero, M|100\/100\n|-activate|p1b: Palafin|ability: Zero to Hero\n|turn|19\n|\n|t:|1697239798\n|move|p2b: Rillaboom|Grassy Glide|p1b: Palafin\n|-supereffective|p1b: Palafin\n|-damage|p1b: Palafin|16\/100\n|move|p2a: Grimmsnarl|Parting Shot|p1a: Slaking\n|-unboost|p1a: Slaking|atk|1\n|-unboost|p1a: Slaking|spa|1\n|move|p1b: Palafin|Flip Turn|p2a: Grimmsnarl\n|-damage|p2a: Grimmsnarl|73\/100\n|\n|t:|1697239807\n|switch|p1b: Medicham|Medicham, F|100\/100|[from] Flip Turn\n|move|p1a: Slaking|Facade|p2b: Rillaboom\n|-damage|p2b: Rillaboom|0 fnt\n|faint|p2b: Rillaboom\n|\n|-heal|p1a: Slaking|52\/100|[from] Grassy Terrain\n|-heal|p1a: Slaking|59\/100|[from] item: Leftovers\n|-heal|p2a: Grimmsnarl|79\/100|[from] Grassy Terrain\n|upkeep\n|turn|20\n|\n|t:|1697239821\n|move|p2a: Grimmsnarl|Parting Shot|p1a: Slaking\n|-unboost|p1a: Slaking|atk|1\n|-unboost|p1a: Slaking|spa|1\n|move|p1a: Slaking|Bulk Up|p1a: Slaking\n|-boost|p1a: Slaking|atk|1\n|-boost|p1a: Slaking|def|1\n|move|p1b: Medicham|Trick|p2a: Grimmsnarl\n|-activate|p1b: Medicham|move: Trick|[of] p2a: Grimmsnarl\n|-item|p2a: Grimmsnarl|Choice Scarf|[from] move: Trick\n|-item|p1b: Medicham|Light Clay|[from] move: Trick\n|\n|-heal|p1a: Slaking|65\/100|[from] Grassy Terrain\n|-heal|p1a: Slaking|71\/100|[from] item: Leftovers\n|-heal|p2a: Grimmsnarl|85\/100|[from] Grassy Terrain\n|upkeep\n|turn|21\n|c|\u2606PearlHarbor1996|gg\n|\n|t:|1697239841\n|move|p2a: Grimmsnarl|Parting Shot|p1a: Slaking\n|-unboost|p1a: Slaking|atk|1\n|-unboost|p1a: Slaking|spa|1\n|move|p1a: Slaking|Facade|p2a: Grimmsnarl\n|-damage|p2a: Grimmsnarl|10\/100\n|move|p1b: Medicham|Close Combat|p2a: Grimmsnarl\n|-damage|p2a: Grimmsnarl|0 fnt\n|-unboost|p1b: Medicham|def|1\n|-unboost|p1b: Medicham|spd|1\n|faint|p2a: Grimmsnarl\n|\n|win|PearlHarbor1996\n|raw|PearlHarbor1996's rating: 1175 &rarr; <strong>1207<\/strong><br \/>(+32 for winning)\n|raw|Codiai's rating: 1270 &rarr; <strong>1238<\/strong><br \/>(-32 for losing)\n|l|\u2606Codiai\n","uploadtime":1697239947,"views":11,"p1id":"pearlharbor1996","p2id":"codiai","formatid":"gen9nationaldexdoubles","rating":1207,"private":0,"password":""}