{"id":"gen9nationaldexdoubles-1999580611","p1":"GABRIELRCS48","p2":"Rubyboi711","format":"[Gen 9] National Dex Doubles","log":"|j|\u2606GABRIELRCS48\n|j|\u2606Rubyboi711\n|t:|1701098189\n|gametype|doubles\n|player|p1|GABRIELRCS48|dragontamer|1119\n|player|p2|Rubyboi711|volkner|1065\n|teamsize|p1|6\n|teamsize|p2|6\n|gen|9\n|tier|[Gen 9] National Dex Doubles\n|rated|\n|rule|HP Percentage Mod: HP is shown in percentages\n|rule|Endless Battle Clause: Forcing endless battles is banned\n|rule|OHKO Clause: OHKO moves are banned\n|rule|Evasion Moves Clause: Evasion moves are banned\n|rule|Evasion Abilities Clause: Evasion abilities are banned\n|rule|Species Clause: Limit one of each Pok\u00e9mon\n|rule|Gravity Sleep Clause: The combination of sleep-inducing moves with imperfect accuracy and Gravity or Gigantamax Orbeetle are banned\n|clearpoke\n|poke|p1|Garchomp, F|\n|poke|p1|Yanmega, F|\n|poke|p1|Crobat, F|\n|poke|p1|Ribombee, F|\n|poke|p1|Aegislash, F|\n|poke|p1|Lurantis, F|\n|poke|p2|Dugtrio-Alola, M|\n|poke|p2|Kartana|\n|poke|p2|Ogerpon-Wellspring, F|\n|poke|p2|Rillaboom, F|\n|poke|p2|Lilligant-Hisui, F|\n|poke|p2|Dipplin, M|\n|teampreview\n|\n|t:|1701098232\n|start\n|switch|p1a: Yanmega|Yanmega, F|100\/100\n|switch|p1b: Crobat|Crobat, F|100\/100\n|switch|p2a: Dugtrio|Dugtrio-Alola, M|100\/100\n|switch|p2b: Rillaboom|Rillaboom, F|100\/100\n|-fieldstart|move: Grassy Terrain|[from] ability: Grassy Surge|[of] p2b: Rillaboom\n|turn|1\n|\n|t:|1701098254\n|switch|p2b: Ogerpon|Ogerpon-Wellspring, F|100\/100\n|move|p1a: Yanmega|Protect|p1a: Yanmega\n|-singleturn|p1a: Yanmega|Protect\n|move|p2a: Dugtrio|Rototiller|p2a: Dugtrio\n|-immune|p1a: Yanmega\n|-immune|p1b: Crobat\n|-boost|p2b: Ogerpon|atk|1\n|-boost|p2b: Ogerpon|spa|1\n|move|p1b: Crobat|Tailwind|p1b: Crobat\n|-sidestart|p1: GABRIELRCS48|move: Tailwind\n|\n|-ability|p1a: Yanmega|Speed Boost|boost\n|-boost|p1a: Yanmega|spe|1\n|upkeep\n|turn|2\n|\n|t:|1701098294\n|-terastallize|p1a: Yanmega|Bug\n|-terastallize|p2b: Ogerpon|Water\n|detailschange|p2b: Ogerpon|Ogerpon-Wellspring-Tera, F, tera:Water\n|-ability|p2b: Ogerpon|Embody Aspect (Wellspring)|boost\n|-boost|p2b: Ogerpon|spd|1\n|move|p1a: Yanmega|Bug Buzz|p2b: Ogerpon\n|-damage|p2b: Ogerpon|49\/100\n|move|p1b: Crobat|Brave Bird|p2b: Ogerpon\n|-damage|p2b: Ogerpon|0 fnt\n|faint|p2b: Ogerpon\n|-damage|p1b: Crobat|87\/100|[from] Recoil\n|move|p2a: Dugtrio|Rototiller|p2a: Dugtrio\n|-immune|p1b: Crobat\n|\n|-ability|p1a: Yanmega|Speed Boost|boost\n|-boost|p1a: Yanmega|spe|1\n|upkeep\n|\n|t:|1701098314\n|switch|p2b: Rillaboom|Rillaboom, F|100\/100\n|turn|3\n|\n|t:|1701098321\n|move|p1a: Yanmega|Protect|p1a: Yanmega\n|-singleturn|p1a: Yanmega|Protect\n|move|p2b: Rillaboom|Grassy Glide|p1a: Yanmega\n|-activate|p1a: Yanmega|move: Protect\n|move|p1b: Crobat|Brave Bird|p2b: Rillaboom\n|-supereffective|p2b: Rillaboom\n|-damage|p2b: Rillaboom|17\/100\n|-damage|p1b: Crobat|62\/100|[from] Recoil\n|move|p2a: Dugtrio|Rototiller|p2a: Dugtrio\n|-immune|p1b: Crobat\n|-boost|p2b: Rillaboom|atk|1\n|-boost|p2b: Rillaboom|spa|1\n|\n|-heal|p2b: Rillaboom|23\/100|[from] Grassy Terrain\n|-heal|p2b: Rillaboom|30\/100|[from] item: Leftovers\n|-ability|p1a: Yanmega|Speed Boost|boost\n|-boost|p1a: Yanmega|spe|1\n|upkeep\n|turn|4\n|\n|t:|1701098335\n|move|p2b: Rillaboom|Grassy Glide|p1a: Yanmega\n|-resisted|p1a: Yanmega\n|-damage|p1a: Yanmega|64\/100\n|move|p1a: Yanmega|Tailwind||[still]\n|-fail|p1a: Yanmega\n|move|p1b: Crobat|Taunt|p2a: Dugtrio\n|-start|p2a: Dugtrio|move: Taunt\n|cant|p2a: Dugtrio|move: Taunt|Rototiller\n|\n|-heal|p1a: Yanmega|70\/100|[from] Grassy Terrain\n|-heal|p2b: Rillaboom|36\/100|[from] Grassy Terrain\n|-heal|p2b: Rillaboom|42\/100|[from] item: Leftovers\n|-sideend|p1: GABRIELRCS48|move: Tailwind\n|-ability|p1a: Yanmega|Speed Boost|boost\n|-boost|p1a: Yanmega|spe|1\n|upkeep\n|turn|5\n|\n|t:|1701098352\n|switch|p2a: Lilligant|Lilligant-Hisui, F|100\/100\n|move|p2b: Rillaboom|Grassy Glide|p1a: Yanmega\n|-resisted|p1a: Yanmega\n|-crit|p1a: Yanmega\n|-damage|p1a: Yanmega|18\/100\n|move|p1a: Yanmega|Bug Buzz|p2b: Rillaboom\n|-supereffective|p2b: Rillaboom\n|-damage|p2b: Rillaboom|0 fnt\n|faint|p2b: Rillaboom\n|move|p1b: Crobat|Tailwind|p1b: Crobat\n|-sidestart|p1: GABRIELRCS48|move: Tailwind\n|\n|-heal|p1a: Yanmega|24\/100|[from] Grassy Terrain\n|-fieldend|move: Grassy Terrain\n|-ability|p1a: Yanmega|Speed Boost|boost\n|-boost|p1a: Yanmega|spe|1\n|upkeep\n|\n|t:|1701098363\n|switch|p2b: Dugtrio|Dugtrio-Alola, M|100\/100\n|turn|6\n|\n|t:|1701098372\n|move|p2b: Dugtrio|Sucker Punch|p1a: Yanmega\n|-damage|p1a: Yanmega|0 fnt\n|faint|p1a: Yanmega\n|move|p1b: Crobat|Taunt|p2b: Dugtrio\n|-start|p2b: Dugtrio|move: Taunt\n|move|p2a: Lilligant|Ice Spinner|p1b: Crobat\n|-supereffective|p1b: Crobat\n|-damage|p1b: Crobat|0 fnt\n|faint|p1b: Crobat\n|\n|upkeep\n|\n|t:|1701098378\n|switch|p1b: Lurantis|Lurantis, F|100\/100\n|switch|p1a: Ribombee|Ribombee, F|100\/100\n|turn|7\n|\n|t:|1701098386\n|switch|p2b: Kartana|Kartana|100\/100\n|move|p1a: Ribombee|Speed Swap|p1b: Lurantis\n|-activate|p1a: Ribombee|move: Speed Swap|[of] p1b: Lurantis\n|move|p1b: Lurantis|Superpower|p2b: Kartana\n|-supereffective|p2b: Kartana\n|-damage|p2b: Kartana|25\/100\n|-boost|p1b: Lurantis|atk|1\n|-boost|p1b: Lurantis|def|1\n|move|p2a: Lilligant|Poison Jab|p1a: Ribombee\n|-supereffective|p1a: Ribombee\n|-enditem|p1a: Ribombee|Focus Sash\n|-damage|p1a: Ribombee|1\/100\n|\n|upkeep\n|turn|8\n|\n|t:|1701098404\n|move|p1b: Lurantis|Superpower|p2b: Kartana\n|-supereffective|p2b: Kartana\n|-damage|p2b: Kartana|0 fnt\n|-boost|p1b: Lurantis|atk|1\n|-boost|p1b: Lurantis|def|1\n|faint|p2b: Kartana\n|move|p1a: Ribombee|Speed Swap|p2a: Lilligant\n|-activate|p1a: Ribombee|move: Speed Swap|[of] p2a: Lilligant\n|move|p2a: Lilligant|Poison Jab|p1b: Lurantis\n|-supereffective|p1b: Lurantis\n|-crit|p1b: Lurantis\n|-damage|p1b: Lurantis|0 fnt\n|faint|p1b: Lurantis\n|\n|-sideend|p1: GABRIELRCS48|move: Tailwind\n|upkeep\n|\n|t:|1701098416\n|switch|p2b: Dipplin|Dipplin, M|100\/100\n|switch|p1b: Garchomp|Garchomp, F|100\/100\n|-ability|p2b: Dipplin|Supersweet Syrup\n|-ability|p2b: Dipplin|Supersweet Syrup|boost\n|-unboost|p1a: Ribombee|evasion|1\n|-unboost|p1b: Garchomp|evasion|1\n|turn|9\n|-message|GABRIELRCS48 forfeited.\n|\n|win|Rubyboi711\n|raw|GABRIELRCS48's rating: 1119 &rarr; <strong>1090<\/strong><br \/>(-29 for losing)\n|raw|Rubyboi711's rating: 1065 &rarr; <strong>1100<\/strong><br \/>(+35 for winning)\n|l|\u2606GABRIELRCS48\n","uploadtime":1701098437,"views":2,"p1id":"gabrielrcs48","p2id":"rubyboi711","formatid":"gen9nationaldexdoubles","rating":1090,"private":0,"password":""}