{"id":"gen9nationaldexdoubles-1996654486","p1":"among is not sus","p2":"El Ryuk456","format":"[Gen 9] National Dex Doubles","log":"|j|\u2606among is not sus\n|j|\u2606El Ryuk456\n|t:|1700705698\n|gametype|doubles\n|player|p1|among is not sus|richboy-gen4|1242\n|player|p2|El Ryuk456|ingo|1302\n|teamsize|p1|6\n|teamsize|p2|6\n|gen|9\n|tier|[Gen 9] National Dex Doubles\n|rated|\n|rule|HP Percentage Mod: HP is shown in percentages\n|rule|Endless Battle Clause: Forcing endless battles is banned\n|rule|OHKO Clause: OHKO moves are banned\n|rule|Evasion Moves Clause: Evasion moves are banned\n|rule|Evasion Abilities Clause: Evasion abilities are banned\n|rule|Species Clause: Limit one of each Pok\u00e9mon\n|rule|Gravity Sleep Clause: The combination of sleep-inducing moves with imperfect accuracy and Gravity or Gigantamax Orbeetle are banned\n|clearpoke\n|poke|p1|Froslass, F|\n|poke|p1|Grimmsnarl, M|\n|poke|p1|Amoonguss, F|\n|poke|p1|Chi-Yu|\n|poke|p1|Iron Hands|\n|poke|p1|Gyarados, F|\n|poke|p2|Lucario, M|\n|poke|p2|Ogerpon, F|\n|poke|p2|Tapu Lele|\n|poke|p2|Crobat, F|\n|poke|p2|Tinkaton, F|\n|poke|p2|Luxray, M|\n|teampreview\n|\n|t:|1700705710\n|start\n|switch|p1a: Amoonguss|Amoonguss, F|100\/100\n|switch|p1b: Chi-Yu|Chi-Yu|100\/100\n|switch|p2a: Crobat|Crobat, F, shiny|100\/100\n|switch|p2b: Luxray|Luxray, M|100\/100\n|-ability|p1b: Chi-Yu|Beads of Ruin\n|-ability|p2b: Luxray|Intimidate|boost\n|-unboost|p1a: Amoonguss|atk|1\n|-unboost|p1b: Chi-Yu|atk|1\n|turn|1\n|inactive|Battle timer is ON: inactive players will automatically lose when time's up. (requested by among is not sus)\n|\n|t:|1700705724\n|-terastallize|p2b: Luxray|Dragon\n|-terastallize|p1a: Amoonguss|Water\n|move|p1a: Amoonguss|Rage Powder|p1a: Amoonguss\n|-singleturn|p1a: Amoonguss|move: Rage Powder\n|move|p2a: Crobat|Tailwind|p2a: Crobat\n|-sidestart|p2: El Ryuk456|move: Tailwind\n|move|p2b: Luxray|Snarl|p1a: Amoonguss|[spread] p1b\n|-miss|p2b: Luxray|p1a: Amoonguss\n|-resisted|p1b: Chi-Yu\n|-damage|p1b: Chi-Yu|96\/100\n|-unboost|p1b: Chi-Yu|spa|1\n|move|p1b: Chi-Yu|Nasty Plot|p1b: Chi-Yu\n|-boost|p1b: Chi-Yu|spa|2\n|\n|upkeep\n|turn|2\n|\n|t:|1700705743\n|move|p1a: Amoonguss|Rage Powder|p1a: Amoonguss\n|-singleturn|p1a: Amoonguss|move: Rage Powder\n|move|p2a: Crobat|Haze|p2a: Crobat\n|-clearallboost\n|move|p2b: Luxray|Snarl|p1a: Amoonguss|[spread] p1b\n|-miss|p2b: Luxray|p1a: Amoonguss\n|-resisted|p1b: Chi-Yu\n|-damage|p1b: Chi-Yu|91\/100\n|-unboost|p1b: Chi-Yu|spa|1\n|move|p1b: Chi-Yu|Flamethrower|p2a: Crobat\n|-damage|p2a: Crobat|50\/100\n|-status|p2a: Crobat|brn\n|\n|-damage|p2a: Crobat|44\/100 brn|[from] brn\n|upkeep\n|turn|3\n|\n|t:|1700705757\n|move|p2a: Crobat|Snatch|p2a: Crobat\n|-singleturn|p2a: Crobat|Snatch\n|move|p1b: Chi-Yu|Protect|p1b: Chi-Yu\n|-singleturn|p1b: Chi-Yu|Protect\n|move|p2b: Luxray|Volt Switch|p1a: Amoonguss\n|-supereffective|p1a: Amoonguss\n|-damage|p1a: Amoonguss|46\/100\n|-enditem|p1a: Amoonguss|Sitrus Berry|[eat]\n|-heal|p1a: Amoonguss|71\/100|[from] item: Sitrus Berry\n|\n|t:|1700705764\n|switch|p2b: Ogerpon|Ogerpon, F|100\/100|[from] Volt Switch\n|move|p1a: Amoonguss|Spore|p2b: Ogerpon\n|-immune|p2b: Ogerpon\n|\n|-damage|p2a: Crobat|38\/100 brn|[from] brn\n|upkeep\n|turn|4\n|\n|t:|1700705783\n|switch|p1a: Gyarados|Gyarados, F|100\/100\n|-ability|p1a: Gyarados|Intimidate|boost\n|-fail|p2a: Crobat|unboost|Attack|[from] ability: Inner Focus|[of] p2a: Crobat\n|-unboost|p2b: Ogerpon|atk|1\n|-ability|p2b: Ogerpon|Defiant|boost\n|-boost|p2b: Ogerpon|atk|2\n|move|p2a: Crobat|Brave Bird|p1b: Chi-Yu\n|-damage|p1b: Chi-Yu|61\/100\n|-damage|p2a: Crobat|31\/100 brn|[from] Recoil\n|move|p2b: Ogerpon|Ivy Cudgel|p1a: Gyarados\n|-damage|p1a: Gyarados|32\/100\n|move|p1b: Chi-Yu|Flamethrower|p2b: Ogerpon\n|-supereffective|p2b: Ogerpon\n|-damage|p2b: Ogerpon|24\/100\n|-enditem|p2b: Ogerpon|Sitrus Berry|[eat]\n|-heal|p2b: Ogerpon|49\/100|[from] item: Sitrus Berry\n|\n|-heal|p1a: Gyarados|39\/100|[from] item: Leftovers\n|-damage|p2a: Crobat|25\/100 brn|[from] brn\n|-sideend|p2: El Ryuk456|move: Tailwind\n|upkeep\n|turn|5\n|\n|t:|1700705804\n|move|p2a: Crobat|Tailwind|p2a: Crobat\n|-sidestart|p2: El Ryuk456|move: Tailwind\n|move|p2b: Ogerpon|Ivy Cudgel|p1a: Gyarados\n|-damage|p1a: Gyarados|0 fnt\n|faint|p1a: Gyarados\n|move|p1b: Chi-Yu|Flamethrower|p2b: Ogerpon\n|-supereffective|p2b: Ogerpon\n|-damage|p2b: Ogerpon|0 fnt\n|faint|p2b: Ogerpon\n|\n|-damage|p2a: Crobat|19\/100 brn|[from] brn\n|upkeep\n|\n|t:|1700705816\n|switch|p1a: Amoonguss|Amoonguss, F, tera:Water|100\/100\n|switch|p2b: Tinkaton|Tinkaton, F|100\/100\n|-ability|p2b: Tinkaton|Mold Breaker\n|turn|6\n|\n|t:|1700705828\n|move|p2b: Tinkaton|Fake Out|p1a: Amoonguss\n|-damage|p1a: Amoonguss|94\/100\n|cant|p1a: Amoonguss|flinch\n|move|p2a: Crobat|Brave Bird|p1b: Chi-Yu\n|-crit|p1b: Chi-Yu\n|-damage|p1b: Chi-Yu|14\/100\n|-damage|p2a: Crobat|9\/100 brn|[from] Recoil\n|move|p1b: Chi-Yu|Nasty Plot|p1b: Chi-Yu\n|-boost|p1b: Chi-Yu|spa|2\n|\n|-damage|p2a: Crobat|2\/100 brn|[from] brn\n|upkeep\n|turn|7\n|\n|t:|1700705842\n|switch|p2b: Luxray|Luxray, M, tera:Dragon|100\/100\n|-ability|p2b: Luxray|Intimidate|boost\n|-unboost|p1a: Amoonguss|atk|1\n|-unboost|p1b: Chi-Yu|atk|1\n|move|p1b: Chi-Yu|Protect|p1b: Chi-Yu\n|-singleturn|p1b: Chi-Yu|Protect\n|move|p2a: Crobat|Haze|p2a: Crobat\n|-clearallboost\n|move|p1a: Amoonguss|Spore|p2b: Luxray\n|-status|p2b: Luxray|slp|[from] move: Spore\n|\n|-damage|p2a: Crobat|0 fnt|[from] brn\n|faint|p2a: Crobat\n|upkeep\n|\n|t:|1700705855\n|switch|p2a: Tapu Lele|Tapu Lele, shiny|100\/100\n|-fieldstart|move: Psychic Terrain|[from] ability: Psychic Surge|[of] p2a: Tapu Lele\n|turn|8\n|\n|t:|1700705864\n|move|p1a: Amoonguss|Rage Powder|p1a: Amoonguss\n|-singleturn|p1a: Amoonguss|move: Rage Powder\n|move|p2a: Tapu Lele|Dazzling Gleam|p1b: Chi-Yu|[spread] p1a,p1b\n|-damage|p1a: Amoonguss|57\/100\n|-damage|p1b: Chi-Yu|0 fnt\n|faint|p1b: Chi-Yu\n|cant|p2b: Luxray|slp\n|\n|-sideend|p2: El Ryuk456|move: Tailwind\n|upkeep\n|\n|t:|1700705873\n|switch|p1b: Iron Hands|Iron Hands|100\/100\n|turn|9\n|\n|t:|1700705881\n|move|p2a: Tapu Lele|Protect|p2a: Tapu Lele\n|-singleturn|p2a: Tapu Lele|Protect\n|-curestatus|p2b: Luxray|slp|[msg]\n|move|p2b: Luxray|Volt Switch|p1a: Amoonguss\n|-supereffective|p1a: Amoonguss\n|-damage|p1a: Amoonguss|19\/100\n|\n|t:|1700705888\n|switch|p2b: Tinkaton|Tinkaton, F|100\/100|[from] Volt Switch\n|-ability|p2b: Tinkaton|Mold Breaker\n|move|p1b: Iron Hands|Heavy Slam|p2a: Tapu Lele\n|-activate|p2a: Tapu Lele|move: Protect\n|move|p1a: Amoonguss|Spore|p2a: Tapu Lele\n|-activate|p2a: Tapu Lele|move: Protect\n|\n|upkeep\n|turn|10\n|\n|t:|1700705902\n|move|p1a: Amoonguss|Rage Powder|p1a: Amoonguss\n|-singleturn|p1a: Amoonguss|move: Rage Powder\n|move|p2b: Tinkaton|Gigaton Hammer|p1a: Amoonguss\n|-resisted|p1a: Amoonguss\n|-damage|p1a: Amoonguss|0 fnt\n|faint|p1a: Amoonguss\n|-zpower|p2a: Tapu Lele\n|move|p2a: Tapu Lele|Shattered Psyche|p1b: Iron Hands|[zeffect]\n|-supereffective|p1b: Iron Hands\n|-damage|p1b: Iron Hands|0 fnt\n|faint|p1b: Iron Hands\n|-end|p1b: Iron Hands|Quark Drive|[silent]\n|\n|upkeep\n|\n|t:|1700705918\n|switch|p1b: Grimmsnarl|Grimmsnarl, M|100\/100\n|switch|p1a: Froslass|Froslass, F|100\/100\n|turn|11\n|\n|t:|1700705926\n|move|p1b: Grimmsnarl|Thunder Wave|p2a: Tapu Lele\n|-activate|p2a: Tapu Lele|move: Psychic Terrain\n|move|p1a: Froslass|Trick|p2b: Tinkaton\n|-activate|p1a: Froslass|move: Trick|[of] p2b: Tinkaton\n|-item|p2b: Tinkaton|Choice Scarf|[from] move: Trick\n|-item|p1a: Froslass|Assault Vest|[from] move: Trick\n|move|p2b: Tinkaton|Rock Tomb|p1a: Froslass\n|-supereffective|p1a: Froslass\n|-damage|p1a: Froslass|75\/100\n|-unboost|p1a: Froslass|spe|1\n|move|p2a: Tapu Lele|Dazzling Gleam|p1b: Grimmsnarl|[spread] p1a,p1b\n|-supereffective|p1b: Grimmsnarl\n|-damage|p1a: Froslass|53\/100\n|-damage|p1b: Grimmsnarl|41\/100\n|\n|upkeep\n|turn|12\n|-message|among is not sus forfeited.\n|\n|win|El Ryuk456\n|raw|among is not sus's rating: 1242 &rarr; <strong>1221<\/strong><br \/>(-21 for losing)\n|raw|El Ryuk456's rating: 1302 &rarr; <strong>1319<\/strong><br \/>(+17 for winning)\n|l|\u2606among is not sus\n","uploadtime":1700705939,"views":3,"p1id":"amongisnotsus","p2id":"elryuk456","formatid":"gen9nationaldexdoubles","rating":1221,"private":0,"password":""}