{"id":"gen9nationaldexdoubles-1983310665","p1":"13KStephen","p2":"Champion Bean","format":"[Gen 9] National Dex Doubles","log":"|j|\u260613KStephen\n|j|\u2606Champion Bean\n|t:|1699116849\n|gametype|doubles\n|player|p1|13KStephen|lucas|1071\n|player|p2|Champion Bean|kukui|1215\n|teamsize|p1|6\n|teamsize|p2|6\n|gen|9\n|tier|[Gen 9] National Dex Doubles\n|rated|\n|rule|HP Percentage Mod: HP is shown in percentages\n|rule|Endless Battle Clause: Forcing endless battles is banned\n|rule|OHKO Clause: OHKO moves are banned\n|rule|Evasion Moves Clause: Evasion moves are banned\n|rule|Evasion Abilities Clause: Evasion abilities are banned\n|rule|Species Clause: Limit one of each Pok\u00e9mon\n|rule|Gravity Sleep Clause: The combination of sleep-inducing moves with imperfect accuracy and Gravity or Gigantamax Orbeetle are banned\n|clearpoke\n|poke|p1|Absol, F|\n|poke|p1|Flutter Mane|\n|poke|p1|Conkeldurr, F|\n|poke|p1|Torkoal, M|\n|poke|p1|Leafeon, M|\n|poke|p1|Gastrodon, M|\n|poke|p2|Indeedee-F, F|\n|poke|p2|Hatterene, F|\n|poke|p2|Swampert, F|\n|poke|p2|Pelipper, F|\n|poke|p2|Cresselia, F|\n|poke|p2|Urshifu-*, F|\n|teampreview\n|inactive|Battle timer is ON: inactive players will automatically lose when time's up. (requested by Champion Bean)\n|\n|t:|1699116864\n|start\n|switch|p1a: Flutter Mane|Flutter Mane|100\/100\n|switch|p1b: Chloe|Absol, F|100\/100\n|switch|p2a: Indeedee|Indeedee-F, F|100\/100\n|switch|p2b: Hatterene|Hatterene, F|100\/100\n|-fieldstart|move: Psychic Terrain|[from] ability: Psychic Surge|[of] p2a: Indeedee\n|turn|1\n|\n|t:|1699116881\n|switch|p1b: Mr. Brightside|Torkoal, M|100\/100\n|-weather|SunnyDay|[from] ability: Drought|[of] p1b: Mr. Brightside\n|-activate|p1a: Flutter Mane|ability: Protosynthesis\n|-start|p1a: Flutter Mane|protosynthesisspe\n|move|p2a: Indeedee|Follow Me|p2a: Indeedee\n|-singleturn|p2a: Indeedee|move: Follow Me\n|move|p1a: Flutter Mane|Shadow Ball|p2a: Indeedee\n|-immune|p2a: Indeedee\n|move|p2b: Hatterene|Trick Room|p2b: Hatterene\n|-fieldstart|move: Trick Room|[of] p2b: Hatterene\n|\n|-weather|SunnyDay|[upkeep]\n|upkeep\n|turn|2\n|\n|t:|1699116906\n|-end|p1a: Flutter Mane|Protosynthesis|[silent]\n|switch|p1a: Nessie|Gastrodon, M|100\/100\n|-terastallize|p2b: Hatterene|Psychic\n|move|p2a: Indeedee|Helping Hand|p2b: Hatterene\n|-singleturn|p2b: Hatterene|Helping Hand|[of] p2a: Indeedee\n|move|p1b: Mr. Brightside|Flamethrower|p2a: Indeedee\n|-damage|p2a: Indeedee|46\/100\n|-status|p2a: Indeedee|brn\n|move|p2b: Hatterene|Expanding Force|p1a: Nessie|[spread] p1a,p1b\n|-damage|p1a: Nessie|0 fnt\n|-damage|p1b: Mr. Brightside|0 fnt\n|faint|p1a: Nessie\n|faint|p1b: Mr. Brightside\n|-damage|p2b: Hatterene|91\/100|[from] item: Life Orb\n|\n|-weather|SunnyDay|[upkeep]\n|-heal|p2a: Indeedee|53\/100 brn|[from] item: Leftovers\n|-damage|p2a: Indeedee|46\/100 brn|[from] brn\n|upkeep\n|inactive|13KStephen has 120 seconds left.\n|\n|t:|1699116928\n|switch|p1b: The Violence|Conkeldurr, F|100\/100\n|switch|p1a: Dorian|Leafeon, M|100\/100\n|turn|3\n|\n|t:|1699116934\n|move|p2a: Indeedee|Helping Hand|p2b: Hatterene\n|-singleturn|p2b: Hatterene|Helping Hand|[of] p2a: Indeedee\n|move|p1b: The Violence|Wide Guard|p1b: The Violence\n|-singleturn|p1b: The Violence|Wide Guard\n|move|p2b: Hatterene|Expanding Force|p1b: The Violence|[spread] \n|-activate|p1a: Dorian|move: Wide Guard\n|-activate|p1b: The Violence|move: Wide Guard\n|move|p1a: Dorian|Leaf Blade|p2a: Indeedee\n|-damage|p2a: Indeedee|0 fnt\n|faint|p2a: Indeedee\n|\n|-weather|SunnyDay|[upkeep]\n|-status|p1b: The Violence|brn|[from] item: Flame Orb\n|upkeep\n|\n|t:|1699116942\n|switch|p2a: Swampert|Swampert, F|100\/100\n|turn|4\n|\n|t:|1699116953\n|detailschange|p2a: Swampert|Swampert-Mega, F\n|-mega|p2a: Swampert|Swampert|Swampertite\n|move|p1b: The Violence|Wide Guard|p1b: The Violence\n|-singleturn|p1b: The Violence|Wide Guard\n|move|p2b: Hatterene|Shadow Ball|p1b: The Violence\n|-damage|p1b: The Violence|39\/100 brn\n|-damage|p2b: Hatterene|81\/100|[from] item: Life Orb\n|move|p2a: Swampert|Ice Punch|p1a: Dorian\n|-supereffective|p1a: Dorian\n|-crit|p1a: Dorian\n|-damage|p1a: Dorian|11\/100\n|move|p1a: Dorian|Leaf Blade|p2a: Swampert\n|-supereffective|p2a: Swampert\n|-damage|p2a: Swampert|0 fnt\n|faint|p2a: Swampert\n|\n|-weather|SunnyDay|[upkeep]\n|-damage|p1b: The Violence|33\/100 brn|[from] brn\n|upkeep\n|\n|t:|1699116969\n|switch|p2a: Pelipper|Pelipper, F|100\/100\n|-weather|RainDance|[from] ability: Drizzle|[of] p2a: Pelipper\n|turn|5\n|\n|t:|1699116985\n|move|p2b: Hatterene|Shadow Ball|p1a: Dorian\n|-damage|p1a: Dorian|0 fnt\n|faint|p1a: Dorian\n|-damage|p2b: Hatterene|71\/100|[from] item: Life Orb\n|move|p1b: The Violence|Drain Punch|p2b: Hatterene\n|-resisted|p2b: Hatterene\n|-damage|p2b: Hatterene|35\/100\n|-heal|p1b: The Violence|47\/100 brn|[from] drain|[of] p2b: Hatterene\n|move|p2a: Pelipper|Hurricane|p1b: The Violence\n|-supereffective|p1b: The Violence\n|-damage|p1b: The Violence|0 fnt\n|faint|p1b: The Violence\n|\n|-weather|RainDance|[upkeep]\n|-fieldend|move: Trick Room\n|-fieldend|move: Psychic Terrain\n|upkeep\n|\n|t:|1699117003\n|switch|p1a: Flutter Mane|Flutter Mane|100\/100\n|switch|p1b: Chloe|Absol, F|100\/100\n|turn|6\n|inactive|13KStephen has 120 seconds left.\n|\n|t:|1699117033\n|move|p1a: Flutter Mane|Moonblast|p2b: Hatterene\n|-damage|p2b: Hatterene|0 fnt\n|faint|p2b: Hatterene\n|move|p1b: Chloe|Psycho Cut|p2a: Pelipper\n|-crit|p2a: Pelipper\n|-damage|p2a: Pelipper|60\/100\n|move|p2a: Pelipper|Hurricane|p1a: Flutter Mane\n|-damage|p1a: Flutter Mane|64\/100\n|\n|-weather|RainDance|[upkeep]\n|upkeep\n|\n|t:|1699117042\n|switch|p2b: Cresselia|Cresselia, F|100\/100\n|turn|7\n|\n|t:|1699117049\n|move|p2a: Pelipper|Protect|p2a: Pelipper\n|-singleturn|p2a: Pelipper|Protect\n|move|p1a: Flutter Mane|Moonblast|p2a: Pelipper\n|-activate|p2a: Pelipper|move: Protect\n|move|p1b: Chloe|Taunt|p2b: Cresselia\n|-start|p2b: Cresselia|move: Taunt\n|cant|p2b: Cresselia|move: Taunt|Trick Room\n|\n|-weather|RainDance|[upkeep]\n|upkeep\n|turn|8\n|\n|t:|1699117066\n|move|p1b: Chloe|Sucker Punch|p2b: Cresselia\n|-supereffective|p2b: Cresselia\n|-damage|p2b: Cresselia|61\/100\n|move|p1a: Flutter Mane|Moonblast|p2a: Pelipper\n|-damage|p2a: Pelipper|0 fnt\n|faint|p2a: Pelipper\n|move|p2b: Cresselia|Dazzling Gleam|p1b: Chloe|[spread] p1a,p1b\n|-supereffective|p1b: Chloe\n|-damage|p1a: Flutter Mane|52\/100\n|-damage|p1b: Chloe|43\/100\n|\n|-weather|RainDance|[upkeep]\n|-heal|p2b: Cresselia|67\/100|[from] item: Leftovers\n|upkeep\n|\n|t:|1699117072\n|switch|p2a: Urshifu|Urshifu-Rapid-Strike, F|100\/100\n|turn|9\n|\n|t:|1699117083\n|move|p1b: Chloe|Sucker Punch|p2b: Cresselia\n|-supereffective|p2b: Cresselia\n|-damage|p2b: Cresselia|28\/100\n|move|p1a: Flutter Mane|Moonblast|p2a: Urshifu\n|-supereffective|p2a: Urshifu\n|-crit|p2a: Urshifu\n|-damage|p2a: Urshifu|0 fnt\n|faint|p2a: Urshifu\n|move|p2b: Cresselia|Dazzling Gleam|p1a: Flutter Mane|[spread] p1a,p1b\n|-supereffective|p1b: Chloe\n|-damage|p1a: Flutter Mane|40\/100\n|-damage|p1b: Chloe|0 fnt\n|faint|p1b: Chloe\n|\n|-weather|RainDance|[upkeep]\n|-heal|p2b: Cresselia|34\/100|[from] item: Leftovers\n|-end|p2b: Cresselia|move: Taunt\n|upkeep\n|turn|10\n|\n|t:|1699117099\n|move|p2b: Cresselia|Protect|p2b: Cresselia\n|-singleturn|p2b: Cresselia|Protect\n|move|p1a: Flutter Mane|Moonblast|p2b: Cresselia\n|-activate|p2b: Cresselia|move: Protect\n|\n|-weather|RainDance|[upkeep]\n|-heal|p2b: Cresselia|40\/100|[from] item: Leftovers\n|upkeep\n|turn|11\n|\n|t:|1699117107\n|move|p1a: Flutter Mane|Moonblast|p2b: Cresselia\n|-damage|p2b: Cresselia|0 fnt\n|faint|p2b: Cresselia\n|\n|win|13KStephen\n|raw|13KStephen's rating: 1071 &rarr; <strong>1112<\/strong><br \/>(+41 for winning)\n|raw|Champion Bean's rating: 1215 &rarr; <strong>1180<\/strong><br \/>(-35 for losing)\n|l|\u2606Champion Bean\n|c|\u260613KStephen|Gg\n","uploadtime":1699117142,"views":7,"p1id":"13kstephen","p2id":"championbean","formatid":"gen9nationaldexdoubles","rating":1112,"private":0,"password":""}