{"id":"gen9nationaldexdoubles-1976558737","p1":"omegashenronone","p2":"khush19","format":"[Gen 9] National Dex Doubles","log":"|j|\u2606omegashenronone\n|j|\u2606khush19\n|t:|1698321604\n|gametype|doubles\n|player|p1|omegashenronone|hugh|\n|player|p2|khush19|n|\n|teamsize|p1|6\n|teamsize|p2|6\n|gen|9\n|tier|[Gen 9] National Dex Doubles\n|rule|HP Percentage Mod: HP is shown in percentages\n|rule|Endless Battle Clause: Forcing endless battles is banned\n|rule|OHKO Clause: OHKO moves are banned\n|rule|Evasion Moves Clause: Evasion moves are banned\n|rule|Evasion Abilities Clause: Evasion abilities are banned\n|rule|Species Clause: Limit one of each Pok\u00e9mon\n|rule|Gravity Sleep Clause: The combination of sleep-inducing moves with imperfect accuracy and Gravity or Gigantamax Orbeetle are banned\n|clearpoke\n|poke|p1|Urshifu-*, M|\n|poke|p1|Rotom-Wash|\n|poke|p1|Greninja-*, M|\n|poke|p1|Pelipper, F|\n|poke|p1|Swampert, F|\n|poke|p1|Kingdra, F|\n|poke|p2|Cinderace, M|\n|poke|p2|Swampert, F|\n|poke|p2|Blaziken, M|\n|poke|p2|Mimikyu, F|\n|poke|p2|Greninja-*, M|\n|poke|p2|Zapdos|\n|teampreview\n|inactive|Battle timer is ON: inactive players will automatically lose when time's up. (requested by khush19)\n|inactive|omegashenronone also wants the timer to be on.\n|c|\u2606khush19|Change of team\n|c|\u2606omegashenronone|Yup\n|c|\u2606omegashenronone|There was a rule changw\n|c|\u2606khush19|Imma lose amyway\n|c|\u2606khush19|Gl\n|inactive|khush19 has 270 seconds left.\n|c|\u2606omegashenronone|Good luck \ud83d\udc4d\n|c|\u2606omegashenronone|But this team is weaker than my old one you might win\n|\n|t:|1698321657\n|start\n|switch|p1a: Happy|Pelipper, F|100\/100\n|switch|p1b: Hur-Hur-Hur|Kingdra, F|100\/100\n|switch|p2a: Blaziken|Blaziken, M|100\/100\n|switch|p2b: Zapdos|Zapdos|100\/100\n|-weather|RainDance|[from] ability: Drizzle|[of] p1a: Happy\n|turn|1\n|inactive|khush19 has 270 seconds left.\n|c|\u2606omegashenronone|To bad kingdra doesnt have any water stab\n|c|\u2606omegashenronone|If have taken out blaziken\n|inactive|khush19 has 240 seconds left.\n|\n|t:|1698321725\n|move|p2a: Blaziken|Protect|p2a: Blaziken\n|-singleturn|p2a: Blaziken|Protect\n|move|p1b: Hur-Hur-Hur|Hurricane|p2a: Blaziken\n|-activate|p2a: Blaziken|move: Protect\n|move|p2b: Zapdos|Tailwind|p2b: Zapdos\n|-sidestart|p2: khush19|move: Tailwind\n|move|p1a: Happy|Tailwind|p1a: Happy\n|-sidestart|p1: omegashenronone|move: Tailwind\n|\n|-weather|RainDance|[upkeep]\n|-ability|p2a: Blaziken|Speed Boost|boost\n|-boost|p2a: Blaziken|spe|1\n|upkeep\n|turn|2\n|inactive|khush19 has 240 seconds left.\n|\n|t:|1698321754\n|move|p1b: Hur-Hur-Hur|Hurricane|p2a: Blaziken\n|-supereffective|p2a: Blaziken\n|-damage|p2a: Blaziken|0 fnt\n|faint|p2a: Blaziken\n|move|p2b: Zapdos|Thunderbolt|p1a: Happy\n|-supereffective|p1a: Happy\n|-damage|p1a: Happy|0 fnt\n|faint|p1a: Happy\n|\n|-weather|RainDance|[upkeep]\n|upkeep\n|inactive|khush19 has 240 seconds left.\n|inactive|khush19 has 210 seconds left.\n|\n|t:|1698321819\n|switch|p2a: Mimikyu|Mimikyu, F|100\/100\n|switch|p1a: Former rotom phone|Rotom-Wash, shiny|100\/100\n|turn|3\n|inactive|khush19 has 210 seconds left.\n|\n|t:|1698321844\n|switch|p1b: Genji|Greninja, M, shiny|100\/100\n|move|p2b: Zapdos|Thunderbolt|p1b: Genji\n|-supereffective|p1b: Genji\n|-damage|p1b: Genji|0 fnt\n|faint|p1b: Genji\n|move|p2a: Mimikyu|Play Rough|p1a: Former rotom phone\n|-damage|p1a: Former rotom phone|42\/100\n|-damage|p2a: Mimikyu|91\/100|[from] item: Life Orb\n|move|p1a: Former rotom phone|Hyper Voice|p2b: Zapdos|[spread] p2b\n|-immune|p2a: Mimikyu\n|-damage|p2b: Zapdos|67\/100\n|-damage|p1a: Former rotom phone|32\/100|[from] item: Life Orb\n|\n|-weather|RainDance|[upkeep]\n|upkeep\n|\n|t:|1698321850\n|switch|p1b: Hur-Hur-Hur|Kingdra, F|100\/100\n|turn|4\n|inactive|khush19 has 210 seconds left.\n|\n|t:|1698321884\n|move|p1b: Hur-Hur-Hur|Draco Meteor|p2b: Zapdos\n|-damage|p2b: Zapdos|0 fnt\n|-unboost|p1b: Hur-Hur-Hur|spa|2\n|faint|p2b: Zapdos\n|move|p2a: Mimikyu|Play Rough|p1b: Hur-Hur-Hur\n|-supereffective|p1b: Hur-Hur-Hur\n|-damage|p1b: Hur-Hur-Hur|0 fnt\n|faint|p1b: Hur-Hur-Hur\n|-damage|p2a: Mimikyu|81\/100|[from] item: Life Orb\n|move|p1a: Former rotom phone|Thunder|p2a: Mimikyu\n|-activate|p2a: Mimikyu|ability: Disguise\n|-damage|p2a: Mimikyu|81\/100\n|detailschange|p2a: Mimikyu|Mimikyu-Busted, F\n|-damage|p2a: Mimikyu|68\/100|[from] pokemon: Mimikyu-Busted\n|-damage|p1a: Former rotom phone|22\/100|[from] item: Life Orb\n|\n|-weather|RainDance|[upkeep]\n|-sideend|p2: khush19|move: Tailwind\n|-sideend|p1: omegashenronone|move: Tailwind\n|upkeep\n|inactive|khush19 has 210 seconds left.\n|\n|t:|1698321926\n|switch|p2b: Swampert|Swampert, F|100\/100\n|switch|p1b: Master Shi-Fu!|Urshifu-Rapid-Strike, M|100\/100\n|turn|5\n|inactive|khush19 has 210 seconds left.\n|\n|t:|1698321949\n|detailschange|p2b: Swampert|Swampert-Mega, F\n|-mega|p2b: Swampert|Swampert|Swampertite\n|-terastallize|p1b: Master Shi-Fu!|Water\n|move|p2b: Swampert|Yawn|p1b: Master Shi-Fu!\n|-start|p1b: Master Shi-Fu!|move: Yawn|[of] p2b: Swampert\n|move|p1b: Master Shi-Fu!|Surging Strikes|p2b: Swampert\n|-crit|p2b: Swampert\n|-damage|p2b: Swampert|59\/100\n|-crit|p2b: Swampert\n|-damage|p2b: Swampert|15\/100\n|-crit|p2b: Swampert\n|-damage|p2b: Swampert|0 fnt\n|faint|p2b: Swampert\n|-hitcount|p2: Swampert|3\n|-damage|p1b: Master Shi-Fu!|91\/100|[from] item: Life Orb\n|move|p2a: Mimikyu|Play Rough|p1b: Master Shi-Fu!\n|-damage|p1b: Master Shi-Fu!|41\/100\n|-damage|p2a: Mimikyu|58\/100|[from] item: Life Orb\n|move|p1a: Former rotom phone|Thunder|p2a: Mimikyu\n|-damage|p2a: Mimikyu|0 fnt\n|faint|p2a: Mimikyu\n|-damage|p1a: Former rotom phone|12\/100|[from] item: Life Orb\n|\n|-weather|RainDance|[upkeep]\n|upkeep\n|inactive|khush19 has 180 seconds left.\n|\n|t:|1698321975\n|switch|p2a: Greninja|Greninja, M|100\/100\n|switch|p2b: Cinderace|Cinderace, M|100\/100\n|turn|6\n|inactive|khush19 has 180 seconds left.\n|\n|t:|1698322008\n|move|p2b: Cinderace|Sucker Punch|p1b: Master Shi-Fu!\n|-start|p2b: Cinderace|typechange|Dark|[from] ability: Libero\n|-damage|p1b: Master Shi-Fu!|0 fnt\n|faint|p1b: Master Shi-Fu!\n|-damage|p2b: Cinderace|91\/100|[from] item: Life Orb\n|move|p2a: Greninja|Dark Pulse|p1a: Former rotom phone\n|-damage|p1a: Former rotom phone|0 fnt\n|faint|p1a: Former rotom phone\n|-ability|p2a: Greninja|Battle Bond|boost\n|-boost|p2a: Greninja|atk|1\n|-boost|p2a: Greninja|spa|1\n|-boost|p2a: Greninja|spe|1\n|-activate|p2a: Greninja|ability: Battle Bond\n|\n|-weather|RainDance|[upkeep]\n|upkeep\n|inactive|omegashenronone has 270 seconds left.\n|\n|t:|1698322019\n|switch|p1b: Gym bro|Swampert, F|100\/100\n|turn|7\n|\n|t:|1698322037\n|detailschange|p1b: Gym bro|Swampert-Mega, F\n|-mega|p1b: Gym bro|Swampert|Swampertite\n|move|p2b: Cinderace|Sucker Punch|p1b: Gym bro\n|-damage|p1b: Gym bro|64\/100\n|-damage|p2b: Cinderace|81\/100|[from] item: Life Orb\n|move|p2a: Greninja|Dark Pulse|p1b: Gym bro\n|-damage|p1b: Gym bro|19\/100\n|move|p1b: Gym bro|Brick Break|p2a: Greninja\n|-supereffective|p2a: Greninja\n|-damage|p2a: Greninja|0 fnt\n|faint|p2a: Greninja\n|\n|-weather|RainDance|[upkeep]\n|upkeep\n|turn|8\n|inactive|khush19 has 210 seconds left.\n|\n|t:|1698322054\n|move|p2b: Cinderace|Sucker Punch|p1b: Gym bro\n|-damage|p1b: Gym bro|0 fnt\n|faint|p1b: Gym bro\n|-damage|p2b: Cinderace|71\/100|[from] item: Life Orb\n|\n|win|khush19\n|c|\u2606omegashenronone|Good gamw\n|c|\u2606khush19|Gg\n","uploadtime":1698322063,"views":7,"p1id":"omegashenronone","p2id":"khush19","formatid":"gen9nationaldexdoubles","rating":0,"private":0,"password":""}