{"id":"gen9nationaldexdoubles-1989742729","p1":"LeChaelum","p2":"DragoniteDuskull","format":"[Gen 9] National Dex Doubles","log":"|j|\u2606LeChaelum\n|j|\u2606DragoniteDuskull\n|t:|1699891917\n|gametype|doubles\n|player|p1|LeChaelum|schoolkid-gen4|1409\n|player|p2|DragoniteDuskull|will|1447\n|teamsize|p1|6\n|teamsize|p2|6\n|gen|9\n|tier|[Gen 9] National Dex Doubles\n|rated|\n|rule|HP Percentage Mod: HP is shown in percentages\n|rule|Endless Battle Clause: Forcing endless battles is banned\n|rule|OHKO Clause: OHKO moves are banned\n|rule|Evasion Moves Clause: Evasion moves are banned\n|rule|Evasion Abilities Clause: Evasion abilities are banned\n|rule|Species Clause: Limit one of each Pok\u00e9mon\n|rule|Gravity Sleep Clause: The combination of sleep-inducing moves with imperfect accuracy and Gravity or Gigantamax Orbeetle are banned\n|clearpoke\n|poke|p1|Charizard, M|\n|poke|p1|Roaring Moon|\n|poke|p1|Incineroar, M|\n|poke|p1|Vivillon-River, M|\n|poke|p1|Oricorio-Sensu, M|\n|poke|p1|Zamazenta-*|\n|poke|p2|Stakataka|\n|poke|p2|Necrozma|\n|poke|p2|Heatran, M|\n|poke|p2|Ursaluna, F|\n|poke|p2|Hoopa-Unbound|\n|poke|p2|Uxie|\n|teampreview\n|\n|t:|1699891946\n|start\n|switch|p1a: Oricorio|Oricorio-Sensu, M|100\/100\n|switch|p1b: Zamazenta|Zamazenta|100\/100\n|switch|p2a: Necrozma|Necrozma|100\/100\n|switch|p2b: Heatran|Heatran, M|100\/100\n|-ability|p1b: Zamazenta|Dauntless Shield|boost\n|-boost|p1b: Zamazenta|def|1\n|turn|1\n|\n|t:|1699891961\n|move|p2b: Heatran|Protect|p2b: Heatran\n|-singleturn|p2b: Heatran|Protect\n|move|p1b: Zamazenta|Body Press|p2b: Heatran\n|-activate|p2b: Heatran|move: Protect\n|move|p1a: Oricorio|Revelation Dance|p2b: Heatran\n|-activate|p2b: Heatran|move: Protect\n|move|p2a: Necrozma|Trick Room|p2a: Necrozma\n|-fieldstart|move: Trick Room|[of] p2a: Necrozma\n|\n|upkeep\n|turn|2\n|\n|t:|1699891987\n|switch|p1a: Incineroar|Incineroar, M|100\/100\n|-ability|p1a: Incineroar|Intimidate|boost\n|-unboost|p2a: Necrozma|atk|1\n|-unboost|p2b: Heatran|atk|1\n|-terastallize|p2b: Heatran|Fire\n|move|p2b: Heatran|Eruption|p1b: Zamazenta|[spread] p1a,p1b\n|-resisted|p1a: Incineroar\n|-damage|p1a: Incineroar|63\/100\n|-damage|p1b: Zamazenta|26\/100\n|move|p2a: Necrozma|Photon Geyser|p1b: Zamazenta\n|-supereffective|p1b: Zamazenta\n|-damage|p1b: Zamazenta|0 fnt\n|faint|p1b: Zamazenta\n|\n|upkeep\n|\n|t:|1699892005\n|switch|p1b: Vivillon|Vivillon-River, M|100\/100\n|turn|3\n|\n|t:|1699892017\n|move|p1a: Incineroar|Fake Out|p2b: Heatran\n|-damage|p2b: Heatran|89\/100\n|cant|p2b: Heatran|flinch\n|move|p2a: Necrozma|Earth Power|p1a: Incineroar\n|-supereffective|p1a: Incineroar\n|-damage|p1a: Incineroar|15\/100\n|-enditem|p1a: Incineroar|Weakness Policy\n|-boost|p1a: Incineroar|atk|2|[from] item: Weakness Policy\n|-boost|p1a: Incineroar|spa|2|[from] item: Weakness Policy\n|move|p1b: Vivillon|Sleep Powder|p2b: Heatran\n|-status|p2b: Heatran|slp|[from] move: Sleep Powder\n|\n|upkeep\n|turn|4\n|\n|t:|1699892032\n|move|p1b: Vivillon|Rage Powder|p1b: Vivillon\n|-singleturn|p1b: Vivillon|move: Rage Powder\n|cant|p2b: Heatran|slp\n|move|p2a: Necrozma|Earth Power|p1b: Vivillon\n|-immune|p1b: Vivillon\n|move|p1a: Incineroar|Drain Punch|p2b: Heatran\n|-damage|p2b: Heatran|53\/100 slp\n|-heal|p1a: Incineroar|33\/100|[from] drain|[of] p2b: Heatran\n|\n|upkeep\n|turn|5\n|\n|t:|1699892049\n|move|p1b: Vivillon|Rage Powder|p1b: Vivillon\n|-singleturn|p1b: Vivillon|move: Rage Powder\n|cant|p2b: Heatran|slp\n|move|p2a: Necrozma|Heat Wave|p1b: Vivillon|[spread] p1b\n|-miss|p2a: Necrozma|p1a: Incineroar\n|-supereffective|p1b: Vivillon\n|-enditem|p1b: Vivillon|Focus Sash\n|-damage|p1b: Vivillon|1\/100\n|move|p1a: Incineroar|Drain Punch|p2b: Heatran\n|-damage|p2b: Heatran|16\/100 slp\n|-heal|p1a: Incineroar|51\/100|[from] drain|[of] p2b: Heatran\n|\n|-fieldend|move: Trick Room\n|upkeep\n|turn|6\n|\n|t:|1699892066\n|cant|p2b: Heatran|slp\n|move|p1b: Vivillon|Pollen Puff|p1a: Incineroar\n|-heal|p1a: Incineroar|100\/100\n|move|p1a: Incineroar|Flare Blitz|p2a: Necrozma\n|-damage|p2a: Necrozma|7\/100\n|-damage|p1a: Incineroar|69\/100|[from] Recoil\n|move|p2a: Necrozma|Trick Room|p2a: Necrozma\n|-fieldstart|move: Trick Room|[of] p2a: Necrozma\n|\n|upkeep\n|turn|7\n|\n|t:|1699892086\n|move|p1b: Vivillon|Rage Powder|p1b: Vivillon\n|-singleturn|p1b: Vivillon|move: Rage Powder\n|-curestatus|p2b: Heatran|slp|[msg]\n|move|p2b: Heatran|Eruption|p1b: Vivillon|[spread] p1a,p1b\n|-resisted|p1a: Incineroar\n|-supereffective|p1b: Vivillon\n|-damage|p1a: Incineroar|64\/100\n|-damage|p1b: Vivillon|0 fnt\n|faint|p1b: Vivillon\n|move|p2a: Necrozma|Earth Power|p1a: Incineroar\n|-supereffective|p1a: Incineroar\n|-damage|p1a: Incineroar|0 fnt\n|faint|p1a: Incineroar\n|\n|upkeep\n|\n|t:|1699892103\n|switch|p1a: Roaring Moon|Roaring Moon|100\/100\n|switch|p1b: Charizard|Charizard, M|100\/100\n|turn|8\n|\n|t:|1699892115\n|move|p1b: Charizard|Protect|p1b: Charizard\n|-singleturn|p1b: Charizard|Protect\n|move|p1a: Roaring Moon|Protect|p1a: Roaring Moon\n|-singleturn|p1a: Roaring Moon|Protect\n|move|p2b: Heatran|Earth Power|p1a: Roaring Moon\n|-activate|p1a: Roaring Moon|move: Protect\n|move|p2a: Necrozma|Photon Geyser|p1b: Charizard\n|-activate|p1b: Charizard|move: Protect\n|\n|upkeep\n|turn|9\n|\n|t:|1699892140\n|-end|p1a: Roaring Moon|Protosynthesis|[silent]\n|switch|p1a: Oricorio|Oricorio-Sensu, M|100\/100\n|detailschange|p1b: Charizard|Charizard-Mega-Y, M\n|-mega|p1b: Charizard|Charizard|Charizardite Y\n|-weather|SunnyDay|[from] ability: Drought|[of] p1b: Charizard\n|move|p2b: Heatran|Earth Power|p1a: Oricorio\n|-immune|p1a: Oricorio\n|move|p2a: Necrozma|Photon Geyser|p1b: Charizard\n|-damage|p1b: Charizard|40\/100\n|move|p1b: Charizard|Air Slash|p2a: Necrozma\n|-damage|p2a: Necrozma|0 fnt\n|faint|p2a: Necrozma\n|\n|-weather|SunnyDay|[upkeep]\n|upkeep\n|\n|t:|1699892166\n|switch|p2a: Hoopa|Hoopa-Unbound|100\/100\n|-enditem|p2a: Hoopa|Room Service\n|-unboost|p2a: Hoopa|spe|1|[from] item: Room Service\n|turn|10\n|\n|t:|1699892176\n|switch|p2b: Stakataka|Stakataka|100\/100\n|switch|p1b: Roaring Moon|Roaring Moon|100\/100\n|-activate|p1b: Roaring Moon|ability: Protosynthesis\n|-start|p1b: Roaring Moon|protosynthesisatk\n|move|p2a: Hoopa|Hyperspace Fury|p1b: Roaring Moon\n|-resisted|p1b: Roaring Moon\n|-damage|p1b: Roaring Moon|59\/100\n|-unboost|p2a: Hoopa|def|1\n|-item|p2a: Hoopa|Life Orb|[from] ability: Magician|[of] p1b: Roaring Moon\n|move|p1a: Oricorio|Revelation Dance|p2b: Stakataka\n|-damage|p2b: Stakataka|62\/100\n|\n|-weather|SunnyDay|[upkeep]\n|-fieldend|move: Trick Room\n|upkeep\n|turn|11\n|\n|t:|1699892196\n|-terastallize|p1b: Roaring Moon|Ground\n|move|p2a: Hoopa|Protect|p2a: Hoopa\n|-singleturn|p2a: Hoopa|Protect\n|move|p1b: Roaring Moon|Earthquake|p2b: Stakataka|[spread] p2b\n|-activate|p2a: Hoopa|move: Protect\n|-immune|p1a: Oricorio\n|-supereffective|p2b: Stakataka\n|-enditem|p2b: Stakataka|Shuca Berry|[eat]\n|-enditem|p2b: Stakataka|Shuca Berry|[weaken]\n|-damage|p2b: Stakataka|2\/100\n|move|p1a: Oricorio|Revelation Dance|p2a: Hoopa\n|-activate|p2a: Hoopa|move: Protect\n|move|p2b: Stakataka|Trick Room|p2b: Stakataka\n|-fieldstart|move: Trick Room|[of] p2b: Stakataka\n|\n|-weather|SunnyDay|[upkeep]\n|upkeep\n|turn|12\n|\n|t:|1699892230\n|move|p1b: Roaring Moon|Protect|p1b: Roaring Moon\n|-singleturn|p1b: Roaring Moon|Protect\n|move|p2b: Stakataka|Gyro Ball|p1b: Roaring Moon\n|-activate|p1b: Roaring Moon|move: Protect\n|move|p2a: Hoopa|Hyperspace Fury|p1b: Roaring Moon\n|-activate|p1b: Roaring Moon|move: Hyperspace Fury|[broken]\n|-damage|p1b: Roaring Moon|0 fnt\n|-unboost|p2a: Hoopa|def|1\n|faint|p1b: Roaring Moon\n|-end|p1b: Roaring Moon|Protosynthesis|[silent]\n|-damage|p2a: Hoopa|91\/100|[from] item: Life Orb\n|move|p1a: Oricorio|Revelation Dance|p2b: Stakataka\n|-damage|p2b: Stakataka|0 fnt\n|faint|p2b: Stakataka\n|\n|-weather|SunnyDay|[upkeep]\n|upkeep\n|\n|t:|1699892249\n|switch|p2b: Heatran|Heatran, M, tera:Fire|16\/100\n|switch|p1b: Charizard|Charizard-Mega-Y, M|40\/100\n|turn|13\n|\n|t:|1699892257\n|move|p2b: Heatran|Flash Cannon|p1a: Oricorio\n|-crit|p1a: Oricorio\n|-enditem|p1a: Oricorio|Focus Sash\n|-damage|p1a: Oricorio|1\/100\n|move|p2a: Hoopa|Hyperspace Fury|p1b: Charizard\n|-damage|p1b: Charizard|0 fnt\n|-unboost|p2a: Hoopa|def|1\n|faint|p1b: Charizard\n|-damage|p2a: Hoopa|81\/100|[from] item: Life Orb\n|move|p1a: Oricorio|Revelation Dance|p2b: Heatran\n|-damage|p2b: Heatran|0 fnt\n|faint|p2b: Heatran\n|\n|-weather|none\n|upkeep\n|\n|t:|1699892261\n|switch|p2b: Uxie|Uxie|100\/100\n|turn|14\n|\n|t:|1699892275\n|move|p2a: Hoopa|Hyperspace Fury|p1a: Oricorio\n|-supereffective|p1a: Oricorio\n|-damage|p1a: Oricorio|0 fnt\n|-unboost|p2a: Hoopa|def|1\n|faint|p1a: Oricorio\n|-damage|p2a: Hoopa|71\/100|[from] item: Life Orb\n|\n|win|DragoniteDuskull\n|raw|LeChaelum's rating: 1409 &rarr; <strong>1391<\/strong><br \/>(-18 for losing)\n|raw|DragoniteDuskull's rating: 1447 &rarr; <strong>1465<\/strong><br \/>(+18 for winning)\n|c|\u2606DragoniteDuskull|gg\n|c|\u2606LeChaelum|ggs\n|l|\u2606LeChaelum\n","uploadtime":1699892361,"views":15,"p1id":"lechaelum","p2id":"dragoniteduskull","formatid":"gen9nationaldexdoubles","rating":1391,"private":0,"password":""}