{"id":"gen9nationaldexdoubles-1954955459","p1":"DinoSpacer","p2":"Nyata","format":"[Gen 9] National Dex Doubles","log":"|j|\u2606DinoSpacer\n|j|\u2606Nyata\n|t:|1695940801\n|gametype|doubles\n|player|p1|DinoSpacer|chili|1385\n|player|p2|Nyata|266|1317\n|teamsize|p1|6\n|teamsize|p2|6\n|gen|9\n|tier|[Gen 9] National Dex Doubles\n|rated|\n|rule|HP Percentage Mod: HP is shown in percentages\n|rule|Endless Battle Clause: Forcing endless battles is banned\n|rule|OHKO Clause: OHKO moves are banned\n|rule|Evasion Moves Clause: Evasion moves are banned\n|rule|Evasion Abilities Clause: Evasion abilities are banned\n|rule|Species Clause: Limit one of each Pok\u00e9mon\n|rule|Gravity Sleep Clause: The combination of sleep-inducing moves with imperfect accuracy and Gravity or Gigantamax Orbeetle are banned\n|clearpoke\n|poke|p1|Dusclops, F|\n|poke|p1|Regidrago|\n|poke|p1|Stakataka|\n|poke|p1|Ursaluna-Bloodmoon, M|\n|poke|p1|Hatterene, F|\n|poke|p1|Sinistcha|\n|poke|p2|Cradily, M|\n|poke|p2|Aerodactyl, M|\n|poke|p2|Arcanine-Hisui, M|\n|poke|p2|Nihilego|\n|poke|p2|Tyranitar, F|\n|poke|p2|Aggron, M|\n|teampreview\n|inactive|Battle timer is ON: inactive players will automatically lose when time's up. (requested by DinoSpacer)\n|\n|t:|1695940812\n|start\n|switch|p1a: Dusclops|Dusclops, F|100\/100\n|switch|p1b: regieleki >:(|Regidrago|100\/100\n|switch|p2a: Aerodactyl|Aerodactyl, M|100\/100\n|switch|p2b: Tyranitar|Tyranitar, F|100\/100\n|-ability|p2a: Aerodactyl|Unnerve\n|-weather|Sandstorm|[from] ability: Sand Stream|[of] p2b: Tyranitar\n|-item|p2a: Aerodactyl|Red Card|[from] ability: Frisk|[of] p1a: Dusclops|[identify]\n|-item|p2b: Tyranitar|Darkinium Z|[from] ability: Frisk|[of] p1a: Dusclops|[identify]\n|turn|1\n|\n|t:|1695940828\n|-terastallize|p1a: Dusclops|Dark\n|move|p1b: regieleki >:(|Protect|p1b: regieleki >:(\n|-singleturn|p1b: regieleki >:(|Protect\n|move|p2a: Aerodactyl|Sky Drop||[still]\n|-prepare|p2a: Aerodactyl|Sky Drop|p1a: Dusclops\n|move|p2b: Tyranitar|Ice Punch|p1b: regieleki >:(\n|-activate|p1b: regieleki >:(|move: Protect\n|\n|-weather|Sandstorm|[upkeep]\n|-damage|p1b: regieleki >:(|94\/100|[from] Sandstorm\n|-damage|p1a: Dusclops|95\/100|[from] Sandstorm\n|upkeep\n|turn|2\n|\n|t:|1695940842\n|switch|p1b: jenga|Stakataka|100\/100\n|-item|p1b: jenga|Air Balloon\n|move|p2a: Aerodactyl|Sky Drop|p1a: Dusclops|[from]lockedmove\n|-damage|p1a: Dusclops|83\/100\n|-end|p1a: Dusclops|Sky Drop\n|move|p2b: Tyranitar|Ice Punch|p1b: jenga\n|-resisted|p1b: jenga\n|-damage|p1b: jenga|89\/100\n|-enditem|p1b: jenga|Air Balloon\n|move|p1a: Dusclops|Trick Room|p1a: Dusclops\n|-fieldstart|move: Trick Room|[of] p1a: Dusclops\n|\n|-weather|Sandstorm|[upkeep]\n|-damage|p1a: Dusclops|77\/100|[from] Sandstorm\n|upkeep\n|turn|3\n|\n|t:|1695940861\n|move|p2a: Aerodactyl|Wide Guard|p2a: Aerodactyl\n|-singleturn|p2a: Aerodactyl|Wide Guard\n|move|p1b: jenga|Gyro Ball|p2b: Tyranitar\n|-supereffective|p2b: Tyranitar\n|-damage|p2b: Tyranitar|0 fnt\n|faint|p2b: Tyranitar\n|-ability|p1b: jenga|Beast Boost|boost\n|-boost|p1b: jenga|atk|1\n|move|p1a: Dusclops|Night Shade|p2a: Aerodactyl\n|-damage|p2a: Aerodactyl|73\/100\n|-enditem|p2a: Aerodactyl|Red Card|[of] p1a: Dusclops\n|drag|p1a: pumpkin spice|Sinistcha|100\/100\n|-heal|p1b: jenga|100\/100|[from] ability: Hospitality|[of] p1a: pumpkin spice\n|\n|-weather|Sandstorm|[upkeep]\n|-damage|p1a: pumpkin spice|94\/100|[from] Sandstorm\n|-heal|p1a: pumpkin spice|100\/100|[from] item: Leftovers\n|upkeep\n|\n|t:|1695940866\n|switch|p2b: Aggron|Aggron, M|100\/100\n|turn|4\n|\n|t:|1695940881\n|detailschange|p2b: Aggron|Aggron-Mega, M\n|-mega|p2b: Aggron|Aggron|Aggronite\n|move|p1b: jenga|High Horsepower|p2b: Aggron\n|-supereffective|p2b: Aggron\n|-damage|p2b: Aggron|71\/100\n|move|p2b: Aggron|Iron Defense|p2b: Aggron\n|-boost|p2b: Aggron|def|2\n|move|p1a: pumpkin spice|Matcha Gotcha|p2b: Aggron|[spread] p2a,p2b\n|-resisted|p2b: Aggron\n|-damage|p2a: Aerodactyl|54\/100\n|-damage|p2b: Aggron|56\/100\n|move|p2a: Aerodactyl|Sky Drop||[still]\n|-prepare|p2a: Aerodactyl|Sky Drop|p1a: pumpkin spice\n|\n|-weather|Sandstorm|[upkeep]\n|-damage|p1a: pumpkin spice|94\/100|[from] Sandstorm\n|-heal|p1a: pumpkin spice|100\/100|[from] item: Leftovers\n|upkeep\n|turn|5\n|\n|t:|1695940902\n|move|p1b: jenga|High Horsepower|p2b: Aggron\n|-supereffective|p2b: Aggron\n|-damage|p2b: Aggron|40\/100\n|move|p2b: Aggron|Body Press|p1b: jenga\n|-supereffective|p1b: jenga\n|-damage|p1b: jenga|0 fnt\n|faint|p1b: jenga\n|move|p2a: Aerodactyl|Sky Drop|p1a: pumpkin spice|[from]lockedmove\n|-supereffective|p1a: pumpkin spice\n|-damage|p1a: pumpkin spice|57\/100\n|-end|p1a: pumpkin spice|Sky Drop\n|\n|-weather|none\n|-heal|p1a: pumpkin spice|63\/100|[from] item: Leftovers\n|upkeep\n|\n|t:|1695940913\n|switch|p1b: freddy faz bear|Ursaluna-Bloodmoon, M|100\/100\n|turn|6\n|\n|t:|1695940936\n|move|p2a: Aerodactyl|Wide Guard|p2a: Aerodactyl\n|-singleturn|p2a: Aerodactyl|Wide Guard\n|move|p1b: freddy faz bear|Earth Power|p2b: Aggron\n|-supereffective|p2b: Aggron\n|-damage|p2b: Aggron|0 fnt\n|faint|p2b: Aggron\n|move|p1a: pumpkin spice|Strength Sap|p2a: Aerodactyl\n|-unboost|p2a: Aerodactyl|atk|1\n|-heal|p1a: pumpkin spice|100\/100\n|\n|-fieldend|move: Trick Room\n|upkeep\n|\n|t:|1695940946\n|switch|p2b: Nihilego|Nihilego|100\/100\n|turn|7\n|\n|t:|1695940959\n|switch|p1a: Hatterene|Hatterene, F|100\/100\n|-terastallize|p2b: Nihilego|Flying\n|move|p2a: Aerodactyl|Sky Drop||[still]\n|-prepare|p2a: Aerodactyl|Sky Drop|p1a: Hatterene\n|move|p2b: Nihilego|Grass Knot|p1b: freddy faz bear\n|-supereffective|p1b: freddy faz bear\n|-damage|p1b: freddy faz bear|26\/100\n|move|p1b: freddy faz bear|Earth Power|p2b: Nihilego\n|-immune|p2b: Nihilego\n|\n|upkeep\n|turn|8\n|\n|t:|1695940972\n|move|p2a: Aerodactyl|Sky Drop|p1a: Hatterene|[from]lockedmove\n|-damage|p1a: Hatterene|85\/100\n|-end|p1a: Hatterene|Sky Drop\n|move|p2b: Nihilego|Meteor Beam||[still]\n|-prepare|p2b: Nihilego|Meteor Beam\n|-boost|p2b: Nihilego|spa|1\n|-enditem|p2b: Nihilego|Power Herb\n|-anim|p2b: Nihilego|Meteor Beam|p1a: Hatterene\n|-damage|p1a: Hatterene|0 fnt\n|faint|p1a: Hatterene\n|-ability|p2b: Nihilego|Beast Boost|boost\n|-boost|p2b: Nihilego|spa|1\n|move|p1b: freddy faz bear|Blood Moon|p2b: Nihilego\n|-damage|p2b: Nihilego|40\/100\n|\n|upkeep\n|\n|t:|1695940985\n|switch|p1a: Dusclops|Dusclops, F, tera:Dark|77\/100\n|turn|9\n|\n|t:|1695940999\n|switch|p1a: pumpkin spice|Sinistcha|100\/100\n|-heal|p1b: freddy faz bear|51\/100|[from] ability: Hospitality|[of] p1a: pumpkin spice\n|move|p1b: freddy faz bear|Protect|p1b: freddy faz bear\n|-singleturn|p1b: freddy faz bear|Protect\n|move|p2a: Aerodactyl|Sky Drop||[still]\n|-prepare|p2a: Aerodactyl|Sky Drop|p1a: pumpkin spice\n|move|p2b: Nihilego|Grass Knot|p1b: freddy faz bear\n|-activate|p1b: freddy faz bear|move: Protect\n|\n|upkeep\n|turn|10\n|\n|t:|1695941016\n|move|p2a: Aerodactyl|Sky Drop|p1a: pumpkin spice|[from]lockedmove\n|-supereffective|p1a: pumpkin spice\n|-damage|p1a: pumpkin spice|72\/100\n|-end|p1a: pumpkin spice|Sky Drop\n|move|p2b: Nihilego|Grass Knot|p1b: freddy faz bear\n|-supereffective|p1b: freddy faz bear\n|-damage|p1b: freddy faz bear|0 fnt\n|faint|p1b: freddy faz bear\n|-ability|p2b: Nihilego|Beast Boost|boost\n|-boost|p2b: Nihilego|spa|1\n|move|p1a: pumpkin spice|Trick Room|p1a: pumpkin spice\n|-fieldstart|move: Trick Room|[of] p1a: pumpkin spice\n|\n|-heal|p1a: pumpkin spice|78\/100|[from] item: Leftovers\n|upkeep\n|\n|t:|1695941026\n|switch|p1b: regieleki >:(|Regidrago|94\/100\n|turn|11\n|\n|t:|1695941032\n|switch|p1a: Dusclops|Dusclops, F, tera:Dark|77\/100\n|move|p2a: Aerodactyl|Wide Guard|p2a: Aerodactyl\n|-singleturn|p2a: Aerodactyl|Wide Guard\n|move|p1b: regieleki >:(|Dragon Energy|p2b: Nihilego|[spread] \n|-activate|p2a: Aerodactyl|move: Wide Guard\n|-activate|p2b: Nihilego|move: Wide Guard\n|move|p2b: Nihilego|Sludge Wave|p1a: Dusclops|[spread] p1a,p1b\n|-activate|p2a: Aerodactyl|move: Wide Guard\n|-damage|p1a: Dusclops|20\/100\n|-damage|p1b: regieleki >:(|0 fnt\n|faint|p1b: regieleki >:(\n|-ability|p2b: Nihilego|Beast Boost|boost\n|-boost|p2b: Nihilego|spa|1\n|\n|upkeep\n|-message|DinoSpacer forfeited.\n|\n|win|Nyata\n|raw|DinoSpacer's rating: 1385 &rarr; <strong>1361<\/strong><br \/>(-24 for losing)\n|raw|Nyata's rating: 1317 &rarr; <strong>1341<\/strong><br \/>(+24 for winning)\n|l|\u2606DinoSpacer\n","uploadtime":1695941050,"views":8,"p1id":"dinospacer","p2id":"nyata","formatid":"gen9nationaldexdoubles","rating":1341,"private":0,"password":""}