{"id":"gen9nationaldexdoubles-1956688158","p1":"6lackkkk","p2":"Gocks","format":"[Gen 9] National Dex Doubles","log":"|j|\u26066lackkkk\n|j|\u2606Gocks\n|t:|1696135696\n|gametype|doubles\n|player|p1|6lackkkk|irida|1000\n|player|p2|Gocks|juggler|1114\n|teamsize|p1|6\n|teamsize|p2|6\n|gen|9\n|tier|[Gen 9] National Dex Doubles\n|rated|\n|rule|HP Percentage Mod: HP is shown in percentages\n|rule|Endless Battle Clause: Forcing endless battles is banned\n|rule|OHKO Clause: OHKO moves are banned\n|rule|Evasion Moves Clause: Evasion moves are banned\n|rule|Evasion Abilities Clause: Evasion abilities are banned\n|rule|Species Clause: Limit one of each Pok\u00e9mon\n|rule|Gravity Sleep Clause: The combination of sleep-inducing moves with imperfect accuracy and Gravity or Gigantamax Orbeetle are banned\n|clearpoke\n|poke|p1|Medicham, F|\n|poke|p1|Garchomp, F|\n|poke|p1|Tyranitar, M|\n|poke|p1|Indeedee-F, F|\n|poke|p1|Ditto|\n|poke|p1|Tornadus, M|\n|poke|p2|Espeon, F|\n|poke|p2|Indeedee-F, F|\n|poke|p2|Armarouge, M|\n|poke|p2|Scream Tail|\n|poke|p2|Eevee, M|\n|poke|p2|Chimecho, F|\n|teampreview\n|\n|t:|1696135712\n|start\n|switch|p1a: Medicham|Medicham, F|100\/100\n|switch|p1b: Garchomp|Garchomp, F, shiny|100\/100\n|switch|p2a: Scream Tail|Scream Tail|100\/100\n|switch|p2b: Chimecho|Chimecho, F|100\/100\n|turn|1\n|\n|t:|1696135733\n|move|p1b: Garchomp|Protect|p1b: Garchomp\n|-singleturn|p1b: Garchomp|Protect\n|move|p1a: Medicham|Skill Swap|p1b: Garchomp\n|-activate|p1b: Garchomp|move: Protect\n|move|p2a: Scream Tail|Reflect|p2a: Scream Tail\n|-sidestart|p2: Gocks|Reflect\n|move|p2b: Chimecho|Yawn|p1b: Garchomp\n|-activate|p1b: Garchomp|move: Protect\n|\n|upkeep\n|turn|2\n|\n|t:|1696135759\n|detailschange|p1b: Garchomp|Garchomp-Mega, F, shiny\n|-mega|p1b: Garchomp|Garchomp|Garchompite\n|move|p1a: Medicham|Skill Swap||[still]\n|-fail|p1a: Medicham\n|move|p2a: Scream Tail|Stealth Rock|p1b: Garchomp\n|-sidestart|p1: 6lackkkk|move: Stealth Rock\n|move|p1b: Garchomp|Earthquake|p2b: Chimecho|[spread] p1a,p2a\n|-immune|p2b: Chimecho|[from] ability: Levitate\n|-damage|p1a: Medicham|23\/100\n|-damage|p2a: Scream Tail|75\/100\n|move|p2b: Chimecho|Yawn|p1b: Garchomp\n|-start|p1b: Garchomp|move: Yawn|[of] p2b: Chimecho\n|\n|upkeep\n|turn|3\n|\n|t:|1696135814\n|switch|p1b: Tyranitar|Tyranitar, M|100\/100\n|-damage|p1b: Tyranitar|88\/100|[from] Stealth Rock\n|-weather|Sandstorm|[from] ability: Sand Stream|[of] p1b: Tyranitar\n|move|p1a: Medicham|Skill Swap|p2b: Chimecho\n|-activate|p1a: Medicham|move: Skill Swap|Levitate|Pure Power|[of] p2b: Chimecho\n|move|p2a: Scream Tail|Light Screen|p2a: Scream Tail\n|-sidestart|p2: Gocks|move: Light Screen\n|move|p2b: Chimecho|Healing Wish|p2b: Chimecho\n|faint|p2b: Chimecho\n|\n|-weather|Sandstorm|[upkeep]\n|-damage|p1a: Medicham|17\/100|[from] Sandstorm\n|-damage|p2a: Scream Tail|69\/100|[from] Sandstorm\n|upkeep\n|\n|t:|1696135828\n|switch|p2b: Eevee|Eevee, M|100\/100\n|-ability|p2b: Eevee|Anticipation\n|turn|4\n|\n|t:|1696135859\n|switch|p1b: Garchomp|Garchomp-Mega, F, shiny|100\/100\n|-damage|p1b: Garchomp|94\/100|[from] Stealth Rock\n|move|p1a: Medicham|Skill Swap|p1b: Garchomp\n|-activate|p1a: Medicham|move: Skill Swap|||[of] p1b: Garchomp\n|move|p2a: Scream Tail|Reflect||[still]\n|-fail|p2a: Scream Tail\n|-zpower|p2b: Eevee\n|move|p2b: Eevee|Extreme Evoboost|p2b: Eevee\n|-boost|p2b: Eevee|atk|2\n|-boost|p2b: Eevee|def|2\n|-boost|p2b: Eevee|spa|2\n|-boost|p2b: Eevee|spd|2\n|-boost|p2b: Eevee|spe|2\n|\n|-weather|Sandstorm|[upkeep]\n|-damage|p2b: Eevee|94\/100|[from] Sandstorm\n|-damage|p2a: Scream Tail|62\/100|[from] Sandstorm\n|upkeep\n|turn|5\n|\n|t:|1696135901\n|-end|p2a: Scream Tail|Protosynthesis|[silent]\n|switch|p2a: Armarouge|Armarouge, M|100\/100\n|move|p1b: Garchomp|Protect|p1b: Garchomp\n|-singleturn|p1b: Garchomp|Protect\n|move|p2b: Eevee|Baton Pass|p2b: Eevee\n|\n|t:|1696135908\n|switch|p2b: Espeon|Espeon, F|100\/100|[from] Baton Pass\n|move|p1a: Medicham|Skill Swap|p2b: Espeon\n|-activate|p1a: Medicham|move: Skill Swap|Magic Bounce|Sand Force|[of] p2b: Espeon\n|\n|-weather|Sandstorm|[upkeep]\n|-damage|p1a: Medicham|11\/100|[from] Sandstorm\n|-damage|p2a: Armarouge|94\/100|[from] Sandstorm\n|-sideend|p2: Gocks|Reflect\n|upkeep\n|turn|6\n|-message|6lackkkk forfeited.\n|\n|win|Gocks\n|raw|6lackkkk's rating: 1000 &rarr; <strong>1000<\/strong><br \/>(+0 for losing)\n|raw|Gocks's rating: 1114 &rarr; <strong>1131<\/strong><br \/>(+17 for winning)\n|l|\u26066lackkkk\n","uploadtime":1696135915,"views":14,"p1id":"6lackkkk","p2id":"gocks","formatid":"gen9nationaldexdoubles","rating":1000,"private":0,"password":""}