{"id":"gen9nationaldexdoubles-1993442468","p1":"pressdess bioc","p2":"Sargenbob","format":"[Gen 9] National Dex Doubles","log":"|j|\u2606pressdess bioc\n|j|\u2606Sargenbob\n|t:|1700318460\n|gametype|doubles\n|player|p1|pressdess bioc|102|1000\n|player|p2|Sargenbob|red|1089\n|teamsize|p1|6\n|teamsize|p2|6\n|gen|9\n|tier|[Gen 9] National Dex Doubles\n|rated|\n|rule|HP Percentage Mod: HP is shown in percentages\n|rule|Endless Battle Clause: Forcing endless battles is banned\n|rule|OHKO Clause: OHKO moves are banned\n|rule|Evasion Moves Clause: Evasion moves are banned\n|rule|Evasion Abilities Clause: Evasion abilities are banned\n|rule|Species Clause: Limit one of each Pok\u00e9mon\n|rule|Gravity Sleep Clause: The combination of sleep-inducing moves with imperfect accuracy and Gravity or Gigantamax Orbeetle are banned\n|clearpoke\n|poke|p1|Salamence, M|\n|poke|p1|Rillaboom, F|\n|poke|p1|Ferrothorn, M|\n|poke|p1|Sneasler, F|\n|poke|p1|Ogerpon, F|\n|poke|p1|Toxapex, M|\n|poke|p2|Ursaluna, F|\n|poke|p2|Gothitelle, F|\n|poke|p2|Salamence, F|\n|poke|p2|Amoonguss, F|\n|poke|p2|Diancie|\n|poke|p2|Incineroar, F|\n|teampreview\n|inactive|Battle timer is ON: inactive players will automatically lose when time's up. (requested by Sargenbob)\n|\n|t:|1700318474\n|start\n|switch|p1a: Rillaboom|Rillaboom, F|100\/100\n|switch|p1b: Sneasler|Sneasler, F|100\/100\n|switch|p2a: Freddy|Ursaluna, F, shiny|100\/100\n|switch|p2b: Waifu|Gothitelle, F, shiny|100\/100\n|-fieldstart|move: Grassy Terrain|[from] ability: Grassy Surge|[of] p1a: Rillaboom\n|-enditem|p1b: Sneasler|Grassy Seed\n|-boost|p1b: Sneasler|def|1|[from] item: Grassy Seed\n|turn|1\n|inactive|pressdess bioc has 120 seconds left.\n|\n|t:|1700318505\n|move|p2a: Freddy|Protect|p2a: Freddy\n|-singleturn|p2a: Freddy|Protect\n|move|p1b: Sneasler|Brick Break|p2a: Freddy\n|-activate|p2a: Freddy|move: Protect\n|move|p1a: Rillaboom|U-turn|p2b: Waifu\n|-supereffective|p2b: Waifu\n|-damage|p2b: Waifu|62\/100\n|inactive|pressdess bioc has 120 seconds left.\n|\n|t:|1700318512\n|switch|p1a: Ogerpon|Ogerpon, F|100\/100|[from] U-turn\n|move|p2b: Waifu|Trick Room|p2b: Waifu\n|-fieldstart|move: Trick Room|[of] p2b: Waifu\n|\n|-heal|p2b: Waifu|68\/100|[from] Grassy Terrain\n|-status|p2a: Freddy|brn|[from] item: Flame Orb\n|upkeep\n|turn|2\n|\n|t:|1700318531\n|move|p2a: Freddy|Facade|p1a: Ogerpon\n|-damage|p1a: Ogerpon|0 fnt\n|faint|p1a: Ogerpon\n|move|p2b: Waifu|Psychic|p1b: Sneasler\n|-supereffective|p1b: Sneasler\n|-damage|p1b: Sneasler|0 fnt\n|faint|p1b: Sneasler\n|\n|-heal|p2b: Waifu|74\/100|[from] Grassy Terrain\n|-damage|p2a: Freddy|94\/100 brn|[from] brn\n|upkeep\n|\n|t:|1700318544\n|switch|p1b: Toxapex|Toxapex, M|100\/100\n|switch|p1a: Ferrothorn|Ferrothorn, M|100\/100\n|turn|3\n|\n|t:|1700318562\n|move|p1a: Ferrothorn|Knock Off|p2b: Waifu\n|-supereffective|p2b: Waifu\n|-damage|p2b: Waifu|40\/100\n|-enditem|p2b: Waifu|Sitrus Berry|[from] move: Knock Off|[of] p1a: Ferrothorn\n|move|p2a: Freddy|Headlong Rush|p1b: Toxapex\n|-supereffective|p1b: Toxapex\n|-damage|p1b: Toxapex|0 fnt\n|-unboost|p2a: Freddy|def|1\n|-unboost|p2a: Freddy|spd|1\n|faint|p1b: Toxapex\n|move|p2b: Waifu|Psychic|p1a: Ferrothorn\n|-resisted|p1a: Ferrothorn\n|-damage|p1a: Ferrothorn|88\/100\n|\n|-heal|p1a: Ferrothorn|95\/100|[from] Grassy Terrain\n|-heal|p2a: Freddy|100\/100 brn|[from] Grassy Terrain\n|-heal|p2b: Waifu|46\/100|[from] Grassy Terrain\n|-damage|p2a: Freddy|94\/100 brn|[from] brn\n|upkeep\n|\n|t:|1700318582\n|switch|p1b: Rillaboom|Rillaboom, F|100\/100\n|turn|4\n|\n|t:|1700318596\n|switch|p2a: El-Macho|Incineroar, F, shiny|100\/100\n|-ability|p2a: El-Macho|Intimidate|boost\n|-unboost|p1a: Ferrothorn|atk|1\n|-unboost|p1b: Rillaboom|atk|1\n|move|p2b: Waifu|Protect|p2b: Waifu\n|-singleturn|p2b: Waifu|Protect\n|move|p1b: Rillaboom|Grassy Glide|p2b: Waifu\n|-activate|p2b: Waifu|move: Protect\n|move|p1a: Ferrothorn|Leech Seed|p2a: El-Macho\n|-start|p2a: El-Macho|move: Leech Seed\n|\n|-heal|p1a: Ferrothorn|100\/100|[from] Grassy Terrain\n|-heal|p2b: Waifu|52\/100|[from] Grassy Terrain\n|-damage|p2a: El-Macho|88\/100|[from] Leech Seed|[of] p1a: Ferrothorn\n|upkeep\n|turn|5\n|inactive|pressdess bioc has 120 seconds left.\n|\n|t:|1700318644\n|move|p1a: Ferrothorn|Knock Off|p2a: El-Macho\n|-resisted|p2a: El-Macho\n|-damage|p2a: El-Macho|82\/100\n|-enditem|p2a: El-Macho|Heavy-Duty Boots|[from] move: Knock Off|[of] p1a: Ferrothorn\n|move|p2a: El-Macho|Flare Blitz|p1a: Ferrothorn\n|-supereffective|p1a: Ferrothorn\n|-damage|p1a: Ferrothorn|0 fnt\n|-damage|p2a: El-Macho|69\/100|[from] ability: Iron Barbs|[of] p1a: Ferrothorn\n|-damage|p2a: El-Macho|53\/100|[from] item: Rocky Helmet|[of] p1a: Ferrothorn\n|faint|p1a: Ferrothorn\n|-damage|p2a: El-Macho|23\/100|[from] Recoil\n|move|p2b: Waifu|Psychic|p1b: Rillaboom\n|-damage|p1b: Rillaboom|78\/100\n|move|p1b: Rillaboom|High Horsepower|p2a: El-Macho\n|-supereffective|p2a: El-Macho\n|-damage|p2a: El-Macho|0 fnt\n|faint|p2a: El-Macho\n|\n|-heal|p2b: Waifu|58\/100|[from] Grassy Terrain\n|-heal|p1b: Rillaboom|84\/100|[from] Grassy Terrain\n|-fieldend|move: Trick Room\n|-fieldend|move: Grassy Terrain\n|upkeep\n|inactive|pressdess bioc has 120 seconds left.\n|\n|t:|1700318668\n|switch|p2a: Toad|Amoonguss, F, shiny|100\/100\n|switch|p1a: Salamence|Salamence, M|100\/100\n|-ability|p1a: Salamence|Intimidate|boost\n|-unboost|p2a: Toad|atk|1\n|-unboost|p2b: Waifu|atk|1\n|turn|6\n|inactive|pressdess bioc has 120 seconds left.\n|\n|t:|1700318690\n|detailschange|p1a: Salamence|Salamence-Mega, M\n|-mega|p1a: Salamence|Salamence|Salamencite\n|move|p1b: Rillaboom|Fake Out||[still]\n|-hint|Fake Out only works on your first turn out.\n|-fail|p1b: Rillaboom\n|move|p1a: Salamence|Dragon Dance|p1a: Salamence\n|-boost|p1a: Salamence|atk|1\n|-boost|p1a: Salamence|spe|1\n|move|p2a: Toad|Spore|p1a: Salamence\n|-status|p1a: Salamence|slp|[from] move: Spore\n|move|p2b: Waifu|Trick Room|p2b: Waifu\n|-fieldstart|move: Trick Room|[of] p2b: Waifu\n|\n|upkeep\n|turn|7\n|\n|t:|1700318707\n|switch|p2b: Freddy|Ursaluna, F, shiny|94\/100 brn\n|move|p2a: Toad|Clear Smog|p1a: Salamence\n|-damage|p1a: Salamence|88\/100 slp\n|-clearboost|p1a: Salamence\n|move|p1b: Rillaboom|High Horsepower|p2a: Toad\n|-damage|p2a: Toad|85\/100\n|-damage|p1b: Rillaboom|67\/100|[from] item: Rocky Helmet|[of] p2a: Toad\n|cant|p1a: Salamence|slp\n|\n|-damage|p2b: Freddy|88\/100 brn|[from] brn\n|upkeep\n|turn|8\n|\n|t:|1700318731\n|move|p2a: Toad|Pollen Puff|p1b: Rillaboom\n|-supereffective|p1b: Rillaboom\n|-crit|p1b: Rillaboom\n|-damage|p1b: Rillaboom|32\/100\n|move|p2b: Freddy|Facade|p1a: Salamence\n|-damage|p1a: Salamence|5\/100 slp\n|move|p1b: Rillaboom|Grassy Glide|p2b: Freddy\n|-supereffective|p2b: Freddy\n|-damage|p2b: Freddy|65\/100 brn\n|-curestatus|p1a: Salamence|slp|[msg]\n|move|p1a: Salamence|Dragon Dance|p1a: Salamence\n|-boost|p1a: Salamence|atk|1\n|-boost|p1a: Salamence|spe|1\n|\n|-damage|p2b: Freddy|58\/100 brn|[from] brn\n|upkeep\n|turn|9\n|\n|t:|1700318753\n|move|p2a: Toad|Pollen Puff|p1b: Rillaboom\n|-supereffective|p1b: Rillaboom\n|-damage|p1b: Rillaboom|5\/100\n|move|p2b: Freddy|Facade|p1a: Salamence\n|-crit|p1a: Salamence\n|-damage|p1a: Salamence|0 fnt\n|faint|p1a: Salamence\n|move|p1b: Rillaboom|Grassy Glide|p2b: Freddy\n|-supereffective|p2b: Freddy\n|-damage|p2b: Freddy|34\/100 brn\n|\n|-damage|p2b: Freddy|28\/100 brn|[from] brn\n|upkeep\n|turn|10\n|\n|t:|1700318772\n|move|p2a: Toad|Pollen Puff|p2b: Freddy\n|-heal|p2b: Freddy|78\/100 brn\n|move|p2b: Freddy|Facade|p1b: Rillaboom\n|-damage|p1b: Rillaboom|0 fnt\n|faint|p1b: Rillaboom\n|\n|win|Sargenbob\n|raw|pressdess bioc's rating: 1000 &rarr; <strong>1000<\/strong><br \/>(+0 for losing)\n|raw|Sargenbob's rating: 1089 &rarr; <strong>1109<\/strong><br \/>(+20 for winning)\n|l|\u2606pressdess bioc\n|c|\u2606Sargenbob|gg\n","uploadtime":1700318782,"views":7,"p1id":"pressdessbioc","p2id":"sargenbob","formatid":"gen9nationaldexdoubles","rating":1000,"private":0,"password":""}