{"id":"gen9nationaldexdoubles-1978416997","p1":"yaya_x3","p2":"AnimeProz","format":"[Gen 9] National Dex Doubles","log":"|j|\u2606yaya_x3\n|j|\u2606AnimeProz\n|t:|1698536247\n|gametype|doubles\n|player|p1|yaya_x3|cyclistf|\n|player|p2|AnimeProz|caitlin|\n|teamsize|p1|6\n|teamsize|p2|6\n|gen|9\n|tier|[Gen 9] National Dex Doubles\n|rule|HP Percentage Mod: HP is shown in percentages\n|rule|Endless Battle Clause: Forcing endless battles is banned\n|rule|OHKO Clause: OHKO moves are banned\n|rule|Evasion Moves Clause: Evasion moves are banned\n|rule|Evasion Abilities Clause: Evasion abilities are banned\n|rule|Species Clause: Limit one of each Pok\u00e9mon\n|rule|Gravity Sleep Clause: The combination of sleep-inducing moves with imperfect accuracy and Gravity or Gigantamax Orbeetle are banned\n|clearpoke\n|poke|p1|Greninja-*, M|\n|poke|p1|Palafin, F|\n|poke|p1|Walking Wake|\n|poke|p1|Shiftry, M|\n|poke|p1|Ludicolo, M|\n|poke|p1|Pelipper, M|\n|poke|p2|Shiftry, M|\n|poke|p2|Meowscarada, F|\n|poke|p2|Florges, F|\n|poke|p2|Tornadus, M|\n|poke|p2|Politoed, M|\n|poke|p2|Mienshao, F|\n|teampreview\n|inactive|Battle timer is ON: inactive players will automatically lose when time's up. (requested by AnimeProz)\n|inactiveoff|Battle timer is now OFF.\n|c|\u2606AnimeProz|This team sucks btw\n|\n|t:|1698536281\n|start\n|switch|p1a: Ludicolo|Ludicolo, M|100\/100\n|switch|p1b: Palafin|Palafin, F|100\/100\n|switch|p2a: Shiftry|Shiftry, M|100\/100\n|switch|p2b: Tornadus|Tornadus, M|100\/100\n|turn|1\n|\n|t:|1698536310\n|move|p1a: Ludicolo|Fake Out|p2a: Shiftry\n|-damage|p2a: Shiftry|88\/100\n|move|p2b: Tornadus|Tailwind|p2b: Tornadus\n|-sidestart|p2: AnimeProz|move: Tailwind\n|-ability|p2a: Shiftry|Wind Rider|boost\n|-boost|p2a: Shiftry|atk|1\n|cant|p2a: Shiftry|flinch\n|move|p1b: Palafin|Close Combat|p2a: Shiftry\n|-supereffective|p2a: Shiftry\n|-damage|p2a: Shiftry|0 fnt\n|-unboost|p1b: Palafin|def|1\n|-unboost|p1b: Palafin|spd|1\n|faint|p2a: Shiftry\n|\n|upkeep\n|\n|t:|1698536333\n|switch|p2a: Politoed|Politoed, M, shiny|100\/100\n|-weather|RainDance|[from] ability: Drizzle|[of] p2a: Politoed\n|turn|2\n|\n|t:|1698536358\n|move|p1b: Palafin|Protect|p1b: Palafin\n|-singleturn|p1b: Palafin|Protect\n|move|p2b: Tornadus|Bleakwind Storm|p1a: Ludicolo|[spread] p1a\n|-activate|p1b: Palafin|move: Protect\n|-supereffective|p1a: Ludicolo\n|-crit|p1a: Ludicolo\n|-damage|p1a: Ludicolo|9\/100\n|move|p1a: Ludicolo|Ice Beam|p2b: Tornadus\n|-supereffective|p2b: Tornadus\n|-damage|p2b: Tornadus|26\/100\n|move|p2a: Politoed|Icy Wind|p1a: Ludicolo|[spread] p1a\n|-activate|p1b: Palafin|move: Protect\n|-damage|p1a: Ludicolo|0 fnt\n|faint|p1a: Ludicolo\n|\n|-weather|RainDance|[upkeep]\n|upkeep\n|\n|t:|1698536389\n|switch|p1a: Walking Wake|Walking Wake|100\/100\n|turn|3\n|\n|t:|1698536420\n|move|p1b: Palafin|Jet Punch|p2b: Tornadus\n|-damage|p2b: Tornadus|0 fnt\n|faint|p2b: Tornadus\n|move|p1a: Walking Wake|Draco Meteor|p2a: Politoed\n|-damage|p2a: Politoed|40\/100\n|-unboost|p1a: Walking Wake|spa|2\n|-enditem|p2a: Politoed|Sitrus Berry|[eat]\n|-heal|p2a: Politoed|65\/100|[from] item: Sitrus Berry\n|move|p2a: Politoed|Icy Wind|p1a: Walking Wake|[spread] p1a,p1b\n|-resisted|p1b: Palafin\n|-damage|p1a: Walking Wake|86\/100\n|-damage|p1b: Palafin|87\/100\n|-unboost|p1a: Walking Wake|spe|1\n|-unboost|p1b: Palafin|spe|1\n|\n|-weather|RainDance|[upkeep]\n|-heal|p1b: Palafin|93\/100|[from] item: Leftovers\n|upkeep\n|\n|t:|1698536438\n|switch|p2b: Meowscarada|Meowscarada, F|100\/100\n|turn|4\n|\n|t:|1698536471\n|-end|p1a: Walking Wake|Protosynthesis|[silent]\n|switch|p1a: Greninja|Greninja, M|100\/100\n|detailschange|p1b: Palafin|Palafin-Hero, F\n|switch|p1b: Pelipper|Pelipper, M|100\/100\n|move|p2b: Meowscarada|Play Rough|p1a: Greninja\n|-start|p2b: Meowscarada|typechange|Fairy|[from] ability: Protean\n|-supereffective|p1a: Greninja\n|-damage|p1a: Greninja|0 fnt\n|faint|p1a: Greninja\n|move|p2a: Politoed|Icy Wind|p1b: Pelipper\n|-damage|p1b: Pelipper|71\/100\n|-unboost|p1b: Pelipper|spe|1\n|\n|-weather|RainDance|[upkeep]\n|-sideend|p2: AnimeProz|move: Tailwind\n|upkeep\n|\n|t:|1698536499\n|switch|p1a: Walking Wake|Walking Wake|86\/100\n|turn|5\n|\n|t:|1698536517\n|move|p1a: Walking Wake|Hydro Steam|p2b: Meowscarada\n|-enditem|p2b: Meowscarada|Focus Sash\n|-damage|p2b: Meowscarada|1\/100\n|move|p2b: Meowscarada|Play Rough|p1a: Walking Wake\n|-supereffective|p1a: Walking Wake\n|-damage|p1a: Walking Wake|0 fnt\n|faint|p1a: Walking Wake\n|-end|p1a: Walking Wake|Protosynthesis|[silent]\n|move|p1b: Pelipper|Scald|p2b: Meowscarada\n|-damage|p2b: Meowscarada|0 fnt\n|faint|p2b: Meowscarada\n|move|p2a: Politoed|Icy Wind|p1b: Pelipper\n|-damage|p1b: Pelipper|45\/100\n|-unboost|p1b: Pelipper|spe|1\n|\n|-weather|RainDance|[upkeep]\n|upkeep\n|\n|t:|1698536540\n|switch|p2b: Mienshao|Mienshao, F, shiny|100\/100\n|switch|p1a: Palafin|Palafin-Hero, F|93\/100\n|-activate|p1a: Palafin|ability: Zero to Hero\n|turn|6\n|\n|t:|1698536568\n|switch|p1b: Shiftry|Shiftry, M|100\/100\n|move|p1a: Palafin|Protect|p1a: Palafin\n|-singleturn|p1a: Palafin|Protect\n|move|p2b: Mienshao|Fake Out|p1a: Palafin\n|-activate|p1a: Palafin|move: Protect\n|move|p2a: Politoed|Icy Wind|p1b: Shiftry|[spread] \n|-activate|p1a: Palafin|move: Protect\n|-ability|p1b: Shiftry|Wind Rider|boost\n|-boost|p1b: Shiftry|atk|1\n|\n|-weather|none\n|-heal|p1a: Palafin|99\/100|[from] item: Leftovers\n|upkeep\n|turn|7\n|\n|t:|1698536597\n|move|p2b: Mienshao|High Jump Kick|p1a: Palafin\n|-damage|p1a: Palafin|7\/100\n|-damage|p2b: Mienshao|91\/100|[from] item: Life Orb\n|move|p1a: Palafin|Bulk Up|p1a: Palafin\n|-boost|p1a: Palafin|atk|1\n|-boost|p1a: Palafin|def|1\n|move|p1b: Shiftry|Leaf Blade|p2a: Politoed\n|-supereffective|p2a: Politoed\n|-damage|p2a: Politoed|0 fnt\n|faint|p2a: Politoed\n|\n|-heal|p1a: Palafin|13\/100|[from] item: Leftovers\n|upkeep\n|\n|t:|1698536612\n|switch|p2a: Florges|Florges, F, shiny|100\/100\n|turn|8\n|\n|t:|1698536628\n|move|p1a: Palafin|Protect|p1a: Palafin\n|-singleturn|p1a: Palafin|Protect\n|move|p2b: Mienshao|Ice Spinner|p1a: Palafin\n|-activate|p1a: Palafin|move: Protect\n|move|p1b: Shiftry|Leaf Blade|p2b: Mienshao\n|-damage|p2b: Mienshao|0 fnt\n|faint|p2b: Mienshao\n|move|p2a: Florges|Pollen Puff|p1b: Shiftry\n|-supereffective|p1b: Shiftry\n|-enditem|p1b: Shiftry|Focus Sash\n|-damage|p1b: Shiftry|1\/100\n|\n|-heal|p1a: Palafin|20\/100|[from] item: Leftovers\n|upkeep\n|turn|9\n|\n|t:|1698536650\n|-terastallize|p1a: Palafin|Water\n|move|p1a: Palafin|Jet Punch|p2a: Florges\n|-damage|p2a: Florges|1\/100\n|move|p1b: Shiftry|Leaf Blade|p2a: Florges\n|-crit|p2a: Florges\n|-damage|p2a: Florges|0 fnt\n|faint|p2a: Florges\n|\n|win|yaya_x3\n|c|\u2606AnimeProz|Gg\n|c|\u2606yaya_x3|gg u played v good tho\n|c|\u2606AnimeProz|I flopped at the start\n|c|\u2606AnimeProz|Shouldve protected\n|c|\u2606yaya_x3|yeah lost of shift\n|c|\u2606AnimeProz|Hes my gimmick\n|c|\u2606yaya_x3|shiftry is v good i didn't realize after these matches\n|c|\u2606yaya_x3|abosrbs heat wave , icy wind\n|c|\u2606AnimeProz|Wind rider is a very good addition\n|c|\u2606yaya_x3|u wana make a new team?\n|c|\u2606yaya_x3|counter my water team\n|c|\u2606yaya_x3|i need to vs any counter\n","uploadtime":1698536788,"views":8,"p1id":"yayax3","p2id":"animeproz","formatid":"gen9nationaldexdoubles","rating":0,"private":0,"password":""}