{"id":"gen9nationaldexdoubles-1984356478","p1":"yaya_x3","p2":"decidoustree","format":"[Gen 9] National Dex Doubles","log":"|j|\u2606yaya_x3\n|j|\u2606decidoustree\n|t:|1699248736\n|gametype|doubles\n|player|p1|yaya_x3|clerkf|\n|player|p2|decidoustree|cheren-gen5bw2|\n|teamsize|p1|6\n|teamsize|p2|6\n|gen|9\n|tier|[Gen 9] National Dex Doubles\n|rule|HP Percentage Mod: HP is shown in percentages\n|rule|Endless Battle Clause: Forcing endless battles is banned\n|rule|OHKO Clause: OHKO moves are banned\n|rule|Evasion Moves Clause: Evasion moves are banned\n|rule|Evasion Abilities Clause: Evasion abilities are banned\n|rule|Species Clause: Limit one of each Pok\u00e9mon\n|rule|Gravity Sleep Clause: The combination of sleep-inducing moves with imperfect accuracy and Gravity or Gigantamax Orbeetle are banned\n|clearpoke\n|poke|p1|Garbodor, M|\n|poke|p1|Audino, F|\n|poke|p1|Krookodile, F|\n|poke|p1|Indeedee-F, F|\n|poke|p1|Aegislash, F|\n|poke|p1|Scolipede, F|\n|poke|p2|Jirachi|\n|poke|p2|Mismagius, F|\n|poke|p2|Audino, F|\n|poke|p2|Delphox, F|\n|poke|p2|Mienshao, M|\n|poke|p2|Altaria, F|\n|teampreview\n|\n|t:|1699248760\n|start\n|switch|p1a: Garbodor|Garbodor, M|100\/100\n|switch|p1b: Scolipede|Scolipede, F|100\/100\n|switch|p2a: Machiavellian Bach|Jirachi|100\/100\n|switch|p2b: Get mad !!!|Mienshao, M|100\/100\n|-item|p1a: Garbodor|Air Balloon\n|turn|1\n|\n|t:|1699248793\n|move|p1b: Scolipede|Protect|p1b: Scolipede\n|-singleturn|p1b: Scolipede|Protect\n|move|p1a: Garbodor|Protect|p1a: Garbodor\n|-singleturn|p1a: Garbodor|Protect\n|move|p2b: Get mad !!!|Fake Out|p1a: Garbodor\n|-activate|p1a: Garbodor|move: Protect\n|move|p2a: Machiavellian Bach|Calm Mind|p2a: Machiavellian Bach\n|-boost|p2a: Machiavellian Bach|spa|1\n|-boost|p2a: Machiavellian Bach|spd|1\n|\n|-ability|p1b: Scolipede|Speed Boost|boost\n|-boost|p1b: Scolipede|spe|1\n|upkeep\n|turn|2\n|\n|t:|1699248824\n|move|p1b: Scolipede|Swords Dance|p1b: Scolipede\n|-boost|p1b: Scolipede|atk|2\n|move|p2b: Get mad !!!|Stone Edge|p1b: Scolipede\n|-supereffective|p1b: Scolipede\n|-enditem|p1b: Scolipede|Focus Sash\n|-damage|p1b: Scolipede|1\/100\n|-damage|p2b: Get mad !!!|91\/100|[from] item: Life Orb\n|move|p2a: Machiavellian Bach|Calm Mind|p2a: Machiavellian Bach\n|-boost|p2a: Machiavellian Bach|spa|1\n|-boost|p2a: Machiavellian Bach|spd|1\n|move|p1a: Garbodor|Toxic Spikes|p2a: Machiavellian Bach\n|-sidestart|p2: decidoustree|move: Toxic Spikes\n|\n|-ability|p1b: Scolipede|Speed Boost|boost\n|-boost|p1b: Scolipede|spe|1\n|upkeep\n|turn|3\n|\n|t:|1699248862\n|switch|p2b: Yes !|Audino, F|100\/100\n|-status|p2b: Yes !|psn\n|move|p1b: Scolipede|Baton Pass|p1b: Scolipede\n|\n|t:|1699248868\n|switch|p1b: Krookodile|Krookodile, F|100\/100|[from] Baton Pass\n|-ability|p1b: Krookodile|Intimidate|boost\n|-unboost|p2a: Machiavellian Bach|atk|1\n|-unboost|p2b: Yes !|atk|1\n|move|p2a: Machiavellian Bach|Charge Beam|p1b: Krookodile\n|-immune|p1b: Krookodile\n|move|p1a: Garbodor|Toxic Spikes|p2a: Machiavellian Bach\n|-sidestart|p2: decidoustree|move: Toxic Spikes\n|\n|-damage|p2b: Yes !|88\/100 psn|[from] psn\n|upkeep\n|turn|4\n|c|\u2606yaya_x3|hmm\n|c|\u2606yaya_x3|i think charge beam is bad\n|c|\u2606yaya_x3|try like\n|c|\u2606decidoustree|o\n|c|\u2606yaya_x3|Dazzling gleam\n|c|\u2606yaya_x3|Calm mind \/ protect\n|c|\u2606yaya_x3|leftovers\n|c|\u2606yaya_x3|and\n|c|\u2606yaya_x3|Baton\/\n|c|\u2606yaya_x3|... hmm maybe\n|c|\u2606yaya_x3|Dazzling gleam cos fairy\n|c|\u2606yaya_x3|vs dark type\n|\n|t:|1699248970\n|move|p1b: Krookodile|Earthquake|p2b: Yes !|[spread] p2a,p2b\n|-immune|p1a: Garbodor\n|-supereffective|p2a: Machiavellian Bach\n|-crit|p2b: Yes !\n|-damage|p2a: Machiavellian Bach|0 fnt\n|-damage|p2b: Yes !|0 fnt\n|faint|p2a: Machiavellian Bach\n|faint|p2b: Yes !\n|move|p1a: Garbodor|Infestation|p2: Machiavellian Bach|[notarget]\n|-fail|p1a: Garbodor\n|\n|upkeep\n|c|\u2606yaya_x3|maybe Trash Pokemon + Scolo a good lead? hmm\n|\n|t:|1699249000\n|switch|p2a: Get mad !!!|Mienshao, M|91\/100\n|switch|p2b: 999|Mismagius, F|100\/100\n|-status|p2a: Get mad !!!|tox\n|turn|5\n|c|\u2606yaya_x3|try that\n|c|\u2606decidoustree|oke\n|c|\u2606yaya_x3|or\n|c|\u2606yaya_x3|Indee follow me + Bug train\n|c|\u2606yaya_x3|thing\n|c|\u2606yaya_x3|scoli\n|c|\u2606yaya_x3|scoli can swords\n|c|\u2606yaya_x3|and indee follow me\n|c|\u2606yaya_x3|and then baton pass into krock\n|c|\u2606yaya_x3|and use follow me again\n|c|\u2606yaya_x3|then switch into Trash pokemon air balloon+ earth quake\n|c|\u2606yaya_x3|sounds good!\n|c|\u2606decidoustree|ooo oke\n|c|\u2606decidoustree|yes\n|c|\u2606decidoustree|sounds very good\n|\n|t:|1699249098\n|move|p1b: Krookodile|Protect|p1b: Krookodile\n|-singleturn|p1b: Krookodile|Protect\n|move|p2a: Get mad !!!|Fake Out|p1b: Krookodile\n|-activate|p1b: Krookodile|move: Protect\n|move|p2b: 999|Shadow Ball|p1a: Garbodor\n|-damage|p1a: Garbodor|62\/100\n|-enditem|p1a: Garbodor|Air Balloon\n|-damage|p2b: 999|91\/100|[from] item: Life Orb\n|move|p1a: Garbodor|Spikes|p2a: Get mad !!!\n|-sidestart|p2: decidoustree|Spikes\n|\n|-damage|p2a: Get mad !!!|85\/100 tox|[from] psn\n|upkeep\n|turn|6\n|c|\u2606yaya_x3|incase Airballon pop do this\n|c|\u2606yaya_x3|what im about to do\n|\n|t:|1699249162\n|move|p1a: Garbodor|Protect|p1a: Garbodor\n|-singleturn|p1a: Garbodor|Protect\n|move|p1b: Krookodile|Earthquake|p2a: Get mad !!!|[spread] p2a\n|-activate|p1a: Garbodor|move: Protect\n|-immune|p2b: 999|[from] ability: Levitate\n|-damage|p2a: Get mad !!!|0 fnt\n|faint|p2a: Get mad !!!\n|move|p2b: 999|Shadow Ball|p1b: Krookodile\n|-resisted|p1b: Krookodile\n|-damage|p1b: Krookodile|66\/100\n|-damage|p2b: 999|81\/100|[from] item: Life Orb\n|\n|-heal|p1b: Krookodile|72\/100|[from] item: Leftovers\n|upkeep\n|c|\u2606yaya_x3|protect\n|\n|t:|1699249186\n|switch|p2a: Fluffy|Altaria, F|100\/100\n|turn|7\n|\n|t:|1699249251\n|switch|p1a: Audino|Audino, F|100\/100\n|-terastallize|p1b: Krookodile|Steel\n|move|p1b: Krookodile|Knock Off|p2b: 999\n|-supereffective|p2b: 999\n|-crit|p2b: 999\n|-damage|p2b: 999|0 fnt\n|-enditem|p2b: 999|Life Orb|[from] move: Knock Off|[of] p1b: Krookodile\n|faint|p2b: 999\n|move|p2a: Fluffy|Ice Beam|p1b: Krookodile\n|-resisted|p1b: Krookodile\n|-damage|p1b: Krookodile|62\/100\n|\n|-heal|p1b: Krookodile|68\/100|[from] item: Leftovers\n|upkeep\n|\n|t:|1699249265\n|switch|p2b: Lemonade|Delphox, F|100\/100\n|-status|p2b: Lemonade|tox\n|-damage|p2b: Lemonade|88\/100 tox|[from] Spikes\n|turn|8\n|\n|t:|1699249285\n|detailschange|p2a: Fluffy|Altaria-Mega, F\n|-mega|p2a: Fluffy|Altaria|Altarianite\n|move|p1b: Krookodile|Protect|p1b: Krookodile\n|-singleturn|p1b: Krookodile|Protect\n|move|p2b: Lemonade|Hypnosis|p1a: Audino|[miss]\n|-miss|p2b: Lemonade|p1a: Audino\n|move|p2a: Fluffy|Heat Wave|p1a: Audino|[spread] p1a\n|-activate|p1b: Krookodile|move: Protect\n|-damage|p1a: Audino|88\/100\n|move|p1a: Audino|Yawn|p2a: Fluffy\n|-start|p2a: Fluffy|move: Yawn|[of] p1a: Audino\n|\n|-heal|p1b: Krookodile|74\/100|[from] item: Leftovers\n|-damage|p2b: Lemonade|82\/100 tox|[from] psn\n|upkeep\n|turn|9\n|c|\u2606yaya_x3|if u vs Dragon\/Fairy\/ice u wana terasta like this\n|c|\u2606decidoustree|ic\n|\n|t:|1699249331\n|-terastallize|p2b: Lemonade|Fire\n|move|p1a: Audino|Protect|p1a: Audino\n|-singleturn|p1a: Audino|Protect\n|move|p1b: Krookodile|Earthquake|p2b: Lemonade|[spread] p2a,p2b\n|-activate|p1a: Audino|move: Protect\n|-supereffective|p2b: Lemonade\n|-damage|p2a: Fluffy|47\/100\n|-damage|p2b: Lemonade|0 fnt\n|faint|p2b: Lemonade\n|move|p2a: Fluffy|Heat Wave|p1a: Audino|[spread] p1b\n|-activate|p1a: Audino|move: Protect\n|-supereffective|p1b: Krookodile\n|-damage|p1b: Krookodile|22\/100\n|\n|-heal|p1b: Krookodile|28\/100|[from] item: Leftovers\n|-end|p2a: Fluffy|move: Yawn|[silent]\n|-status|p2a: Fluffy|slp\n|upkeep\n|turn|10\n|c|\u2606yaya_x3|dont tera right away tho or else surprise gone\n|c|\u2606decidoustree|yes\n|\n|t:|1699249358\n|move|p1b: Krookodile|Tera Blast|p2a: Fluffy|[anim] Tera Blast Steel\n|-supereffective|p2a: Fluffy\n|-damage|p2a: Fluffy|0 fnt\n|faint|p2a: Fluffy\n|\n|win|yaya_x3\n|c|\u2606yaya_x3|I'll send u this team\n|c|\u2606yaya_x3|in discord\n|l|\u2606yaya_x3\n","uploadtime":1699249383,"views":27,"p1id":"yayax3","p2id":"decidoustree","formatid":"gen9nationaldexdoubles","rating":0,"private":0,"password":""}