{"id":"gen9nationaldexdoubles-1996419924","p1":"Alphelya376","p2":"sadboigaming","format":"[Gen 9] National Dex Doubles","log":"|j|\u2606Alphelya376\n|j|\u2606sadboigaming\n|t:|1700680265\n|gametype|doubles\n|player|p1|Alphelya376|schoolkid|1000\n|player|p2|sadboigaming|unknown|1114\n|teamsize|p1|6\n|teamsize|p2|6\n|gen|9\n|tier|[Gen 9] National Dex Doubles\n|rated|\n|rule|HP Percentage Mod: HP is shown in percentages\n|rule|Endless Battle Clause: Forcing endless battles is banned\n|rule|OHKO Clause: OHKO moves are banned\n|rule|Evasion Moves Clause: Evasion moves are banned\n|rule|Evasion Abilities Clause: Evasion abilities are banned\n|rule|Species Clause: Limit one of each Pok\u00e9mon\n|rule|Gravity Sleep Clause: The combination of sleep-inducing moves with imperfect accuracy and Gravity or Gigantamax Orbeetle are banned\n|clearpoke\n|poke|p1|Mudsdale, M|\n|poke|p1|Throh, M|\n|poke|p1|Dragapult, M|\n|poke|p1|Toxicroak, F|\n|poke|p1|Sudowoodo, M|\n|poke|p1|Eldegoss, F|\n|poke|p2|Froslass, F|\n|poke|p2|Torkoal, F|\n|poke|p2|Roaring Moon|\n|poke|p2|Urshifu-*, F|\n|poke|p2|Thundurus-Therian, M|\n|poke|p2|Gardevoir, M|\n|teampreview\n|\n|t:|1700680284\n|start\n|switch|p1a: Dragapult|Dragapult, M|100\/100\n|switch|p1b: Mudsdale|Mudsdale, M|100\/100\n|switch|p2a: Torkoal|Torkoal, F, shiny|100\/100\n|switch|p2b: Roaring Moon|Roaring Moon|100\/100\n|-weather|SunnyDay|[from] ability: Drought|[of] p2a: Torkoal\n|-activate|p2b: Roaring Moon|ability: Protosynthesis\n|-start|p2b: Roaring Moon|protosynthesisatk\n|turn|1\n|\n|t:|1700680305\n|switch|p2a: Froslass|Froslass, F|100\/100\n|move|p1a: Dragapult|Beat Up|p1b: Mudsdale\n|-damage|p1b: Mudsdale|95\/100\n|-ability|p1b: Mudsdale|Stamina|boost\n|-boost|p1b: Mudsdale|def|1\n|-damage|p1b: Mudsdale|91\/100\n|-ability|p1b: Mudsdale|Stamina|boost\n|-boost|p1b: Mudsdale|def|1\n|-damage|p1b: Mudsdale|88\/100\n|-ability|p1b: Mudsdale|Stamina|boost\n|-boost|p1b: Mudsdale|def|1\n|-damage|p1b: Mudsdale|86\/100\n|-ability|p1b: Mudsdale|Stamina|boost\n|-boost|p1b: Mudsdale|def|1\n|-damage|p1b: Mudsdale|84\/100\n|-ability|p1b: Mudsdale|Stamina|boost\n|-boost|p1b: Mudsdale|def|1\n|-damage|p1b: Mudsdale|83\/100\n|-ability|p1b: Mudsdale|Stamina|boost\n|-boost|p1b: Mudsdale|def|1\n|-hitcount|p1b: Mudsdale|6\n|move|p2b: Roaring Moon|Scale Shot|p1a: Dragapult\n|-supereffective|p1a: Dragapult\n|-damage|p1a: Dragapult|44\/100\n|-supereffective|p1a: Dragapult\n|-damage|p1a: Dragapult|0 fnt\n|faint|p1a: Dragapult\n|-hitcount|p1: Dragapult|2\n|-unboost|p2b: Roaring Moon|def|1\n|-boost|p2b: Roaring Moon|spe|1\n|move|p1b: Mudsdale|Rock Slide|p2a: Froslass|[spread] p2a,p2b\n|-supereffective|p2a: Froslass\n|-damage|p2a: Froslass|39\/100\n|-damage|p2b: Roaring Moon|62\/100\n|\n|-weather|SunnyDay|[upkeep]\n|-heal|p2a: Froslass|45\/100|[from] item: Leftovers\n|upkeep\n|\n|t:|1700680336\n|switch|p1a: Throh|Throh, M|100\/100\n|turn|2\n|\n|t:|1700680369\n|-end|p2b: Roaring Moon|Protosynthesis|[silent]\n|switch|p2b: Gardevoir|Gardevoir, M, shiny|100\/100\n|move|p2a: Froslass|Ice Beam|p1b: Mudsdale\n|-supereffective|p1b: Mudsdale\n|-damage|p1b: Mudsdale|27\/100\n|move|p1a: Throh|Mat Block|p1a: Throh\n|-singleturn|p1a: Throh|Mat Block\n|move|p1b: Mudsdale|Rock Slide|p2a: Froslass|[spread] p2a,p2b\n|-supereffective|p2a: Froslass\n|-damage|p2a: Froslass|0 fnt\n|-damage|p2b: Gardevoir|69\/100\n|-start|p1b: Mudsdale|Disable|Rock Slide|[from] ability: Cursed Body|[of] p2a: Froslass\n|faint|p2a: Froslass\n|\n|-weather|SunnyDay|[upkeep]\n|upkeep\n|\n|t:|1700680384\n|switch|p2a: Urshifu|Urshifu-Rapid-Strike, F|100\/100\n|turn|3\n|\n|t:|1700680406\n|move|p1a: Throh|Helping Hand|p1b: Mudsdale\n|-singleturn|p1b: Mudsdale|Helping Hand|[of] p1a: Throh\n|move|p2a: Urshifu|Aqua Jet|p1b: Mudsdale\n|-supereffective|p1b: Mudsdale\n|-damage|p1b: Mudsdale|22\/100\n|move|p2b: Gardevoir|Psyshock|p1a: Throh\n|-supereffective|p1a: Throh\n|-damage|p1a: Throh|32\/100\n|move|p1b: Mudsdale|Earthquake|p2a: Urshifu|[spread] p1a,p2a,p2b\n|-damage|p1a: Throh|0 fnt\n|-damage|p2a: Urshifu|48\/100\n|-damage|p2b: Gardevoir|0 fnt\n|faint|p1a: Throh\n|faint|p2b: Gardevoir\n|\n|-weather|SunnyDay|[upkeep]\n|upkeep\n|\n|t:|1700680441\n|switch|p2b: Torkoal|Torkoal, F, shiny|100\/100\n|switch|p1a: Toxicroak|Toxicroak, F|100\/100\n|-ability|p1a: Toxicroak|Anticipation\n|turn|4\n|\n|t:|1700680452\n|-terastallize|p2b: Torkoal|Flying\n|move|p1a: Toxicroak|Fake Out|p2a: Urshifu\n|-damage|p2a: Urshifu|35\/100\n|cant|p2a: Urshifu|flinch\n|move|p1b: Mudsdale|Iron Head|p2a: Urshifu\n|-resisted|p2a: Urshifu\n|-damage|p2a: Urshifu|21\/100\n|move|p2b: Torkoal|Eruption|p1b: Mudsdale|[spread] p1a,p1b\n|-crit|p1b: Mudsdale\n|-damage|p1a: Toxicroak|15\/100\n|-damage|p1b: Mudsdale|0 fnt\n|faint|p1b: Mudsdale\n|\n|-weather|SunnyDay|[upkeep]\n|upkeep\n|\n|t:|1700680464\n|switch|p1b: Eldegoss|Eldegoss, F, shiny|100\/100\n|turn|5\n|\n|t:|1700680494\n|move|p2a: Urshifu|Protect|p2a: Urshifu\n|-singleturn|p2a: Urshifu|Protect\n|move|p1a: Toxicroak|Bullet Punch|p2a: Urshifu\n|-activate|p2a: Urshifu|move: Protect\n|move|p1b: Eldegoss|Leech Seed|p2a: Urshifu\n|-activate|p2a: Urshifu|move: Protect\n|move|p2b: Torkoal|Eruption|p1b: Eldegoss|[spread] p1a,p1b\n|-supereffective|p1b: Eldegoss\n|-damage|p1a: Toxicroak|0 fnt\n|-damage|p1b: Eldegoss|9\/100\n|-ability|p1b: Eldegoss|Cotton Down\n|-unboost|p2a: Urshifu|spe|1\n|-unboost|p2b: Torkoal|spe|1\n|faint|p1a: Toxicroak\n|\n|-weather|none\n|-heal|p1b: Eldegoss|15\/100|[from] item: Leftovers\n|upkeep\n|\n|t:|1700680519\n|switch|p1a: Sudowoodo|Sudowoodo, M|100\/100\n|turn|6\n|\n|t:|1700680528\n|move|p1b: Eldegoss|Protect|p1b: Eldegoss\n|-singleturn|p1b: Eldegoss|Protect\n|move|p2a: Urshifu|Aqua Jet|p1b: Eldegoss\n|-resisted|p1b: Eldegoss\n|-damage|p1b: Eldegoss|6\/100\n|-ability|p1b: Eldegoss|Cotton Down\n|-unboost|p1a: Sudowoodo|spe|1\n|-unboost|p2a: Urshifu|spe|1\n|-unboost|p2b: Torkoal|spe|1\n|move|p1a: Sudowoodo|Stealth Rock|p2b: Torkoal\n|-sidestart|p2: sadboigaming|move: Stealth Rock\n|move|p2b: Torkoal|Eruption|p1b: Eldegoss|[spread] p1a\n|-activate|p1b: Eldegoss|move: Protect\n|-resisted|p1a: Sudowoodo\n|-damage|p1a: Sudowoodo|85\/100\n|\n|-heal|p1b: Eldegoss|12\/100|[from] item: Leftovers\n|upkeep\n|turn|7\n|\n|t:|1700680580\n|move|p1b: Eldegoss|Protect||[still]\n|-fail|p1b: Eldegoss\n|move|p2a: Urshifu|Close Combat|p1a: Sudowoodo\n|-supereffective|p1a: Sudowoodo\n|-damage|p1a: Sudowoodo|0 fnt\n|-unboost|p2a: Urshifu|def|1\n|-unboost|p2a: Urshifu|spd|1\n|faint|p1a: Sudowoodo\n|move|p2b: Torkoal|Eruption|p1b: Eldegoss\n|-supereffective|p1b: Eldegoss\n|-damage|p1b: Eldegoss|0 fnt\n|-ability|p1b: Eldegoss|Cotton Down\n|-unboost|p2a: Urshifu|spe|1\n|-unboost|p2b: Torkoal|spe|1\n|faint|p1b: Eldegoss\n|\n|win|sadboigaming\n|raw|Alphelya376's rating: 1000 &rarr; <strong>1000<\/strong><br \/>(+0 for losing)\n|raw|sadboigaming's rating: 1114 &rarr; <strong>1131<\/strong><br \/>(+17 for winning)\n|l|\u2606Alphelya376\n","uploadtime":1700680603,"views":10,"p1id":"alphelya376","p2id":"sadboigaming","formatid":"gen9nationaldexdoubles","rating":1000,"private":0,"password":""}