{"id":"gen9nationaldexdoubles-1949947862","p1":"Immagamer","p2":"lucky stiff","format":"[Gen 9] National Dex Doubles","log":"|j|\u203dImmagamer\n|j|\u2606lucky stiff\n|t:|1695411631\n|gametype|doubles\n|player|p1|Immagamer|lucas|1255\n|player|p2|lucky stiff|101|1135\n|teamsize|p1|6\n|teamsize|p2|6\n|gen|9\n|tier|[Gen 9] National Dex Doubles\n|rated|\n|rule|HP Percentage Mod: HP is shown in percentages\n|rule|Endless Battle Clause: Forcing endless battles is banned\n|rule|OHKO Clause: OHKO moves are banned\n|rule|Evasion Moves Clause: Evasion moves are banned\n|rule|Evasion Abilities Clause: Evasion abilities are banned\n|rule|Species Clause: Limit one of each Pok\u00e9mon\n|rule|Gravity Sleep Clause: The combination of sleep-inducing moves with imperfect accuracy and Gravity or Gigantamax Orbeetle are banned\n|clearpoke\n|poke|p1|Zygarde|\n|poke|p1|Swoobat, F|\n|poke|p1|Maushold-Four|\n|poke|p1|Indeedee-F, F|\n|poke|p1|Flamigo, M|\n|poke|p1|Quaquaval, M|\n|poke|p2|Rabsca, F|\n|poke|p2|Alakazam, M|\n|poke|p2|Infernape, M|\n|poke|p2|Oinkologne, M|\n|poke|p2|Palossand, M|\n|poke|p2|Zebstrika, M|\n|teampreview\n|inactive|Battle timer is ON: inactive players will automatically lose when time's up. (requested by Immagamer)\n|c|\u2606lucky stiff|Good luck :)\n|\n|t:|1695411647\n|start\n|switch|p1a: Zygarde|Zygarde|100\/100\n|switch|p1b: Swoobat|Swoobat, F|100\/100\n|switch|p2a: The horse|Zebstrika, M|100\/100\n|switch|p2b: Sunny Wukong|Infernape, M|100\/100\n|-ability|p1a: Zygarde|Aura Break\n|turn|1\n|\n|t:|1695411655\n|move|p1b: Swoobat|Protect|p1b: Swoobat\n|-singleturn|p1b: Swoobat|Protect\n|move|p1a: Zygarde|Protect|p1a: Zygarde\n|-singleturn|p1a: Zygarde|Protect\n|move|p2b: Sunny Wukong|Fake Out|p1a: Zygarde\n|-activate|p1a: Zygarde|move: Protect\n|move|p2a: The horse|Pursuit|p1b: Swoobat\n|-activate|p1b: Swoobat|move: Protect\n|\n|upkeep\n|turn|2\n|\n|t:|1695411670\n|-terastallize|p2a: The horse|Flying\n|move|p1b: Swoobat|Skill Swap|p1a: Zygarde\n|-activate|p1b: Swoobat|move: Skill Swap|||[of] p1a: Zygarde\n|-ability|p1b: Swoobat|Aura Break\n|move|p2b: Sunny Wukong|Raging Fury|p1b: Swoobat\n|-damage|p1b: Swoobat|14\/100\n|move|p2a: The horse|Hidden Power|p1a: Zygarde\n|-supereffective|p1a: Zygarde\n|-damage|p1a: Zygarde|79\/100\n|move|p1a: Zygarde|Dragon Dance|p1a: Zygarde\n|-boost|p1a: Zygarde|atk|2\n|-boost|p1a: Zygarde|spe|2\n|\n|upkeep\n|turn|3\n|\n|t:|1695411694\n|move|p1a: Zygarde|Dragon Dance|p1a: Zygarde\n|-boost|p1a: Zygarde|atk|2\n|-boost|p1a: Zygarde|spe|2\n|move|p1b: Swoobat|U-turn|p2a: The horse\n|-resisted|p2a: The horse\n|-damage|p2a: The horse|91\/100\n|\n|t:|1695411700\n|switch|p1b: Maushold|Maushold-Four|100\/100|[from] U-turn\n|move|p2b: Sunny Wukong|Raging Fury|p1b: Maushold|[from]lockedmove\n|-crit|p1b: Maushold\n|-damage|p1b: Maushold|4\/100\n|move|p2a: The horse|Stomp|p1a: Zygarde\n|-damage|p1a: Zygarde|66\/100\n|\n|-heal|p2a: The horse|97\/100|[from] item: Leftovers\n|upkeep\n|turn|4\n|\n|t:|1695411722\n|switch|p2a: Sandy Pal|Palossand, M|100\/100\n|move|p1b: Maushold|Follow Me|p1b: Maushold\n|-singleturn|p1b: Maushold|move: Follow Me\n|move|p1a: Zygarde|Thousand Arrows|p2a: Sandy Pal|[spread] p2a,p2b\n|-supereffective|p2b: Sunny Wukong\n|-damage|p2a: Sandy Pal|23\/100\n|-damage|p2b: Sunny Wukong|0 fnt\n|faint|p2b: Sunny Wukong\n|\n|upkeep\n|\n|t:|1695411733\n|switch|p2b: Bug-ddha|Rabsca, F|100\/100\n|turn|5\n|\n|t:|1695411745\n|-terastallize|p1a: Zygarde|Normal\n|move|p1b: Maushold|Follow Me|p1b: Maushold\n|-singleturn|p1b: Maushold|move: Follow Me\n|move|p1a: Zygarde|Return|p2b: Bug-ddha\n|-crit|p2b: Bug-ddha\n|-damage|p2b: Bug-ddha|0 fnt\n|faint|p2b: Bug-ddha\n|move|p2a: Sandy Pal|Chilling Water|p1b: Maushold\n|-damage|p1b: Maushold|0 fnt\n|faint|p1b: Maushold\n|\n|upkeep\n|\n|t:|1695411757\n|switch|p1b: Flamigo|Flamigo, M|100\/100\n|switch|p2b: Piggy-sy|Oinkologne, M|100\/100\n|-copyboost|p1b: Flamigo|p1a: Zygarde|[from] ability: Costar\n|turn|6\n|c|\u2606lucky stiff|This team of yours is amazing :)\n|\n|t:|1695411787\n|move|p1b: Flamigo|Throat Chop|p2a: Sandy Pal\n|-supereffective|p2a: Sandy Pal\n|-damage|p2a: Sandy Pal|0 fnt\n|faint|p2a: Sandy Pal\n|move|p1a: Zygarde|Thousand Arrows|p2b: Piggy-sy\n|-crit|p2b: Piggy-sy\n|-damage|p2b: Piggy-sy|0 fnt\n|faint|p2b: Piggy-sy\n|\n|upkeep\n|\n|t:|1695411792\n|switch|p2b: Tripit-alaka|Alakazam, M|100\/100\n|switch|p2a: The horse|Zebstrika, M, tera:Flying|97\/100\n|turn|7\n|c|\u2606lucky stiff|gg\n|\n|t:|1695411814\n|move|p1b: Flamigo|Brave Bird|p2b: Tripit-alaka\n|-damage|p2b: Tripit-alaka|0 fnt\n|faint|p2b: Tripit-alaka\n|-damage|p1b: Flamigo|73\/100|[from] Recoil\n|move|p1a: Zygarde|Thousand Arrows|p2a: The horse\n|-damage|p2a: The horse|0 fnt\n|faint|p2a: The horse\n|\n|win|Immagamer\n|raw|Immagamer's rating: 1255 &rarr; <strong>1272<\/strong><br \/>(+17 for winning)\n|raw|lucky stiff's rating: 1135 &rarr; <strong>1118<\/strong><br \/>(-17 for losing)\n","uploadtime":1695411819,"views":4,"p1id":"immagamer","p2id":"luckystiff","formatid":"gen9nationaldexdoubles","rating":1118,"private":0,"password":""}