{"id":"gen9nationaldexdoubles-1991101659","p1":"Schuey_007","p2":"FriedBeaver01","format":"[Gen 9] National Dex Doubles","log":"|j|\u2606Schuey_007\n|j|\u203dFriedBeaver01\n|t:|1700043106\n|gametype|doubles\n|player|p1|Schuey_007|benga|1143\n|player|p2|FriedBeaver01|1|1125\n|teamsize|p1|6\n|teamsize|p2|6\n|gen|9\n|tier|[Gen 9] National Dex Doubles\n|rated|\n|rule|HP Percentage Mod: HP is shown in percentages\n|rule|Endless Battle Clause: Forcing endless battles is banned\n|rule|OHKO Clause: OHKO moves are banned\n|rule|Evasion Moves Clause: Evasion moves are banned\n|rule|Evasion Abilities Clause: Evasion abilities are banned\n|rule|Species Clause: Limit one of each Pok\u00e9mon\n|rule|Gravity Sleep Clause: The combination of sleep-inducing moves with imperfect accuracy and Gravity or Gigantamax Orbeetle are banned\n|clearpoke\n|poke|p1|Cramorant, M|\n|poke|p1|Gastrodon, F|\n|poke|p1|Grapploct, F|\n|poke|p1|Lurantis, F|\n|poke|p1|Ninetales, M|\n|poke|p1|Houndoom, F|\n|poke|p2|Blissey, F|\n|poke|p2|Stonjourner, M|\n|poke|p2|Goodra-Hisui, M|\n|poke|p2|Grimmsnarl, M|\n|poke|p2|Clefable, M|\n|poke|p2|Latios, M|\n|teampreview\n|\n|t:|1700043135\n|start\n|switch|p1a: Lurantis|Lurantis, F, shiny|100\/100\n|switch|p1b: Grapploct|Grapploct, F, shiny|100\/100\n|switch|p2a: Grimmsnarl|Grimmsnarl, M, shiny|100\/100\n|switch|p2b: Blissey|Blissey, F|100\/100\n|turn|1\n|\n|t:|1700043162\n|move|p2b: Blissey|Protect|p2b: Blissey\n|-singleturn|p2b: Blissey|Protect\n|move|p2a: Grimmsnarl|Taunt|p1b: Grapploct\n|-start|p1b: Grapploct|move: Taunt\n|move|p1a: Lurantis|Leaf Storm|p2a: Grimmsnarl|[miss]\n|-miss|p1a: Lurantis|p2a: Grimmsnarl\n|cant|p1b: Grapploct|move: Taunt|Octolock\n|\n|upkeep\n|turn|2\n|\n|t:|1700043178\n|move|p2a: Grimmsnarl|Torment|p1a: Lurantis\n|-start|p1a: Lurantis|Torment\n|move|p2b: Blissey|Toxic|p1a: Lurantis\n|-status|p1a: Lurantis|tox\n|move|p1a: Lurantis|Leaf Storm|p2a: Grimmsnarl\n|-damage|p2a: Grimmsnarl|59\/100\n|-boost|p1a: Lurantis|spa|2\n|move|p1b: Grapploct|Octazooka|p2a: Grimmsnarl\n|-damage|p2a: Grimmsnarl|47\/100\n|\n|-damage|p1a: Lurantis|94\/100 tox|[from] psn\n|upkeep\n|turn|3\n|\n|t:|1700043208\n|move|p2a: Grimmsnarl|Torment|p1b: Grapploct\n|-start|p1b: Grapploct|Torment\n|move|p2b: Blissey|Toxic|p1b: Grapploct\n|-status|p1b: Grapploct|tox\n|move|p1a: Lurantis|Pollen Puff|p2a: Grimmsnarl\n|-damage|p2a: Grimmsnarl|11\/100\n|move|p1b: Grapploct|Octazooka|p2b: Blissey\n|-damage|p2b: Blissey|97\/100\n|-unboost|p2b: Blissey|accuracy|1\n|\n|-damage|p1a: Lurantis|82\/100 tox|[from] psn\n|-damage|p1b: Grapploct|95\/100 tox|[from] psn\n|-end|p1b: Grapploct|move: Taunt\n|upkeep\n|turn|4\n|\n|t:|1700043237\n|switch|p2a: Clefable|Clefable, M|100\/100\n|move|p2b: Blissey|Seismic Toss|p1a: Lurantis|[miss]\n|-miss|p2b: Blissey|p1a: Lurantis\n|move|p1a: Lurantis|Leaf Storm|p2a: Clefable|[miss]\n|-miss|p1a: Lurantis|p2a: Clefable\n|move|p1b: Grapploct|Scary Face|p1a: Lurantis\n|-boost|p1a: Lurantis|spe|2\n|\n|-heal|p1b: Grapploct|100\/100 tox|[from] item: Leftovers\n|-damage|p1a: Lurantis|64\/100 tox|[from] psn\n|-damage|p1b: Grapploct|89\/100 tox|[from] psn\n|upkeep\n|turn|5\n|\n|t:|1700043287\n|move|p1a: Lurantis|Giga Drain|p2b: Blissey\n|-damage|p2b: Blissey|84\/100\n|-heal|p1a: Lurantis|77\/100 tox|[from] drain|[of] p2b: Blissey\n|move|p2a: Clefable|Moonblast|p1b: Grapploct\n|-supereffective|p1b: Grapploct\n|-damage|p1b: Grapploct|21\/100 tox\n|move|p2b: Blissey|Seismic Toss|p1a: Lurantis|[miss]\n|-miss|p2b: Blissey|p1a: Lurantis\n|move|p1b: Grapploct|Octolock|p1a: Lurantis\n|-start|p1a: Lurantis|move: Octolock|[of] p1b: Grapploct\n|\n|-heal|p1b: Grapploct|27\/100 tox|[from] item: Leftovers\n|-damage|p1a: Lurantis|53\/100 tox|[from] psn\n|-damage|p1b: Grapploct|9\/100 tox|[from] psn\n|-boost|p1a: Lurantis|def|1\n|-boost|p1a: Lurantis|spd|1\n|upkeep\n|turn|6\n|\n|t:|1700043306\n|move|p2b: Blissey|Protect|p2b: Blissey\n|-singleturn|p2b: Blissey|Protect\n|move|p1a: Lurantis|Leaf Storm|p2a: Clefable\n|-damage|p2a: Clefable|75\/100\n|-boost|p1a: Lurantis|spa|2\n|move|p2a: Clefable|Cosmic Power|p2a: Clefable\n|-boost|p2a: Clefable|def|1\n|-boost|p2a: Clefable|spd|1\n|move|p1b: Grapploct|Scary Face|p1a: Lurantis\n|-boost|p1a: Lurantis|spe|2\n|\n|-heal|p2a: Clefable|81\/100|[from] item: Leftovers\n|-heal|p1b: Grapploct|15\/100 tox|[from] item: Leftovers\n|-damage|p1a: Lurantis|22\/100 tox|[from] psn\n|-damage|p1b: Grapploct|0 fnt|[from] psn\n|faint|p1b: Grapploct\n|-end|p1a: Lurantis|Octolock|[partiallytrapped]|[silent]\n|upkeep\n|\n|t:|1700043331\n|switch|p1b: Gastrodon|Gastrodon, F|100\/100\n|turn|7\n|\n|t:|1700043345\n|move|p1a: Lurantis|Giga Drain|p2b: Blissey\n|-damage|p2b: Blissey|67\/100\n|-heal|p1a: Lurantis|40\/100 tox|[from] drain|[of] p2b: Blissey\n|move|p2a: Clefable|Cosmic Power|p2a: Clefable\n|-boost|p2a: Clefable|def|1\n|-boost|p2a: Clefable|spd|1\n|move|p2b: Blissey|Toxic|p1b: Gastrodon|[miss]\n|-miss|p2b: Blissey|p1b: Gastrodon\n|move|p1b: Gastrodon|Acid Armor|p1b: Gastrodon\n|-boost|p1b: Gastrodon|def|2\n|\n|-heal|p2a: Clefable|88\/100|[from] item: Leftovers\n|-damage|p1a: Lurantis|4\/100 tox|[from] psn\n|upkeep\n|turn|8\n|\n|t:|1700043370\n|move|p2b: Blissey|Protect|p2b: Blissey\n|-singleturn|p2b: Blissey|Protect\n|move|p1a: Lurantis|Leaf Storm|p2a: Clefable\n|-damage|p2a: Clefable|76\/100\n|-boost|p1a: Lurantis|spa|2\n|move|p2a: Clefable|Cosmic Power|p2a: Clefable\n|-boost|p2a: Clefable|def|1\n|-boost|p2a: Clefable|spd|1\n|move|p1b: Gastrodon|Scald|p2a: Clefable\n|-damage|p2a: Clefable|66\/100\n|\n|-heal|p2a: Clefable|73\/100|[from] item: Leftovers\n|-damage|p1a: Lurantis|0 fnt|[from] psn\n|faint|p1a: Lurantis\n|upkeep\n|\n|t:|1700043390\n|switch|p1a: Cramorant|Cramorant, M, shiny|100\/100\n|turn|9\n|\n|t:|1700043410\n|move|p1a: Cramorant|Surf|p2b: Blissey|[spread] p2a,p2b\n|-ability|p1b: Gastrodon|Storm Drain|boost\n|-boost|p1b: Gastrodon|spa|1\n|-formechange|p1a: Cramorant|Cramorant-Gulping|\n|-damage|p2a: Clefable|65\/100\n|-damage|p2b: Blissey|60\/100\n|move|p2a: Clefable|Moonblast|p1b: Gastrodon\n|-damage|p1b: Gastrodon|73\/100\n|move|p2b: Blissey|Toxic|p1b: Gastrodon\n|-status|p1b: Gastrodon|tox\n|move|p1b: Gastrodon|Scald|p2b: Blissey\n|-damage|p2b: Blissey|43\/100\n|-status|p2b: Blissey|brn\n|\n|-heal|p2a: Clefable|71\/100|[from] item: Leftovers\n|-damage|p1b: Gastrodon|67\/100 tox|[from] psn\n|-damage|p2b: Blissey|37\/100 brn|[from] brn\n|upkeep\n|turn|10\n|j| hushai\n|\n|t:|1700043436\n|move|p1a: Cramorant|Surf|p2b: Blissey|[spread] p2a,p2b\n|-ability|p1b: Gastrodon|Storm Drain|boost\n|-boost|p1b: Gastrodon|spa|1\n|-damage|p2a: Clefable|64\/100\n|-damage|p2b: Blissey|29\/100 brn\n|move|p2a: Clefable|Moonblast|p1b: Gastrodon\n|-damage|p1b: Gastrodon|41\/100 tox\n|-enditem|p1b: Gastrodon|Sitrus Berry|[eat]\n|-heal|p1b: Gastrodon|66\/100 tox|[from] item: Sitrus Berry\n|move|p2b: Blissey|Soft-Boiled|p2b: Blissey\n|-heal|p2b: Blissey|79\/100 brn\n|move|p1b: Gastrodon|Recover|p1b: Gastrodon\n|-heal|p1b: Gastrodon|100\/100 tox\n|\n|-heal|p2a: Clefable|70\/100|[from] item: Leftovers\n|-damage|p1b: Gastrodon|88\/100 tox|[from] psn\n|-damage|p2b: Blissey|73\/100 brn|[from] brn\n|upkeep\n|turn|11\n|\n|t:|1700043457\n|move|p1a: Cramorant|Surf|p2b: Blissey|[spread] p2a,p2b\n|-ability|p1b: Gastrodon|Storm Drain|boost\n|-boost|p1b: Gastrodon|spa|1\n|-damage|p2a: Clefable|62\/100\n|-damage|p2b: Blissey|66\/100 brn\n|move|p2a: Clefable|Moonblast|p1b: Gastrodon\n|-damage|p1b: Gastrodon|63\/100 tox\n|move|p2b: Blissey|Toxic|p1a: Cramorant\n|-status|p1a: Cramorant|tox\n|move|p1b: Gastrodon|Scald|p2b: Blissey\n|-damage|p2b: Blissey|40\/100 brn\n|\n|-heal|p2a: Clefable|69\/100|[from] item: Leftovers\n|-damage|p1a: Cramorant|94\/100 tox|[from] psn\n|-damage|p1b: Gastrodon|45\/100 tox|[from] psn\n|-damage|p2b: Blissey|34\/100 brn|[from] brn\n|upkeep\n|turn|12\n|\n|t:|1700043473\n|move|p1a: Cramorant|Surf|p2a: Clefable|[spread] p2a,p2b\n|-ability|p1b: Gastrodon|Storm Drain|boost\n|-boost|p1b: Gastrodon|spa|1\n|-damage|p2a: Clefable|61\/100\n|-damage|p2b: Blissey|26\/100 brn\n|move|p2a: Clefable|Cosmic Power|p2a: Clefable\n|-boost|p2a: Clefable|def|1\n|-boost|p2a: Clefable|spd|1\n|move|p2b: Blissey|Soft-Boiled|p2b: Blissey\n|-heal|p2b: Blissey|76\/100 brn\n|move|p1b: Gastrodon|Recover|p1b: Gastrodon\n|-heal|p1b: Gastrodon|95\/100 tox\n|\n|-heal|p2a: Clefable|67\/100|[from] item: Leftovers\n|-damage|p1a: Cramorant|82\/100 tox|[from] psn\n|-damage|p1b: Gastrodon|71\/100 tox|[from] psn\n|-damage|p2b: Blissey|70\/100 brn|[from] brn\n|upkeep\n|turn|13\n|c| hushai|this seems fun\n|\n|t:|1700043530\n|move|p2b: Blissey|Protect|p2b: Blissey\n|-singleturn|p2b: Blissey|Protect\n|move|p1a: Cramorant|Surf|p2b: Blissey|[spread] p2a\n|-activate|p2b: Blissey|move: Protect\n|-ability|p1b: Gastrodon|Storm Drain|boost\n|-boost|p1b: Gastrodon|spa|1\n|-damage|p2a: Clefable|61\/100\n|move|p2a: Clefable|Moonblast|p1b: Gastrodon\n|-damage|p1b: Gastrodon|44\/100 tox\n|-unboost|p1b: Gastrodon|spa|1\n|move|p1b: Gastrodon|Scald|p2b: Blissey\n|-activate|p2b: Blissey|move: Protect\n|\n|-heal|p2a: Clefable|67\/100|[from] item: Leftovers\n|-damage|p1a: Cramorant|64\/100 tox|[from] psn\n|-damage|p1b: Gastrodon|13\/100 tox|[from] psn\n|-damage|p2b: Blissey|64\/100 brn|[from] brn\n|upkeep\n|turn|14\n|\n|t:|1700043554\n|move|p1a: Cramorant|Surf|p2b: Blissey|[spread] p2a,p2b\n|-ability|p1b: Gastrodon|Storm Drain|boost\n|-boost|p1b: Gastrodon|spa|1\n|-damage|p2a: Clefable|61\/100\n|-damage|p2b: Blissey|56\/100 brn\n|move|p2a: Clefable|Moonblast|p1b: Gastrodon\n|-damage|p1b: Gastrodon|0 fnt\n|faint|p1b: Gastrodon\n|move|p2b: Blissey|Soft-Boiled|p2b: Blissey\n|-heal|p2b: Blissey|100\/100 brn\n|\n|-heal|p2a: Clefable|67\/100|[from] item: Leftovers\n|-damage|p1a: Cramorant|40\/100 tox|[from] psn\n|-damage|p2b: Blissey|94\/100 brn|[from] brn\n|upkeep\n|-enditem|p1a: Cramorant|Sitrus Berry|[eat]\n|-heal|p1a: Cramorant|65\/100 tox|[from] item: Sitrus Berry\n|\n|t:|1700043577\n|switch|p1b: Ninetales|Ninetales, M|100\/100\n|-weather|SunnyDay|[from] ability: Drought|[of] p1b: Ninetales\n|turn|15\n|\n|t:|1700043593\n|move|p1b: Ninetales|Nasty Plot|p1b: Ninetales\n|-boost|p1b: Ninetales|spa|2\n|move|p1a: Cramorant|Air Slash|p2b: Blissey\n|-damage|p2b: Blissey|86\/100 brn\n|move|p2a: Clefable|Cosmic Power|p2a: Clefable\n|-boost|p2a: Clefable|def|1\n|-boost|p2a: Clefable|spd|1\n|move|p2b: Blissey|Toxic|p1b: Ninetales\n|-status|p1b: Ninetales|tox\n|\n|-weather|SunnyDay|[upkeep]\n|-heal|p2a: Clefable|73\/100|[from] item: Leftovers\n|-damage|p1b: Ninetales|94\/100 tox|[from] psn\n|-damage|p1a: Cramorant|35\/100 tox|[from] psn\n|-damage|p2b: Blissey|80\/100 brn|[from] brn\n|upkeep\n|turn|16\n|l| hushai\n|\n|t:|1700043620\n|move|p2b: Blissey|Protect|p2b: Blissey\n|-singleturn|p2b: Blissey|Protect\n|move|p1b: Ninetales|Fire Blast|p2b: Blissey\n|-activate|p2b: Blissey|move: Protect\n|move|p1a: Cramorant|Air Slash|p2b: Blissey\n|-activate|p2b: Blissey|move: Protect\n|move|p2a: Clefable|Cosmic Power|p2a: Clefable\n|-boost|p2a: Clefable|def|1\n|-boost|p2a: Clefable|spd|1\n|\n|-weather|SunnyDay|[upkeep]\n|-heal|p2a: Clefable|79\/100|[from] item: Leftovers\n|-damage|p1b: Ninetales|82\/100 tox|[from] psn\n|-damage|p1a: Cramorant|0 fnt|[from] psn\n|faint|p1a: Cramorant\n|-damage|p2b: Blissey|73\/100 brn|[from] brn\n|upkeep\n|l|\u2606Schuey_007\n|player|p1|\n|inactive|Battle timer is ON: inactive players will automatically lose when time's up. (requested by FriedBeaver01)\n|inactive|Schuey_007 has 30 seconds to reconnect!\n|inactive|Schuey_007 has 20 seconds to reconnect!\n|inactive|Schuey_007 has 15 seconds to reconnect!\n|inactive|Schuey_007 has 10 seconds to reconnect!\n|inactive|Schuey_007 has 5 seconds to reconnect!\n|-message|Schuey_007 lost due to inactivity.\n|\n|win|FriedBeaver01\n|raw|Schuey_007's rating: 1143 &rarr; <strong>1117<\/strong><br \/>(-26 for losing)\n|raw|FriedBeaver01's rating: 1125 &rarr; <strong>1151<\/strong><br \/>(+26 for winning)\n|j| hushai\n","uploadtime":1700043798,"views":11,"p1id":"schuey007","p2id":"friedbeaver01","formatid":"gen9nationaldexdoubles","rating":1117,"private":0,"password":""}