{"id":"gen9nationaldexdoubles-1986765237","p1":"Havoc_The_Gandalf","p2":"dino501rex","format":"[Gen 9] National Dex Doubles","log":"|j|\u2606Havoc_The_Gandalf\n|j|\u2606dino501rex\n|t:|1699521658\n|gametype|doubles\n|player|p1|Havoc_The_Gandalf|hexmaniac-gen3|\n|player|p2|dino501rex|dahlia|\n|teamsize|p1|6\n|teamsize|p2|6\n|gen|9\n|tier|[Gen 9] National Dex Doubles\n|rule|HP Percentage Mod: HP is shown in percentages\n|rule|Endless Battle Clause: Forcing endless battles is banned\n|rule|OHKO Clause: OHKO moves are banned\n|rule|Evasion Moves Clause: Evasion moves are banned\n|rule|Evasion Abilities Clause: Evasion abilities are banned\n|rule|Species Clause: Limit one of each Pok\u00e9mon\n|rule|Gravity Sleep Clause: The combination of sleep-inducing moves with imperfect accuracy and Gravity or Gigantamax Orbeetle are banned\n|clearpoke\n|poke|p1|Medicham, F|\n|poke|p1|Lunatone|\n|poke|p1|Slowbro, M|\n|poke|p1|Grumpig, F|\n|poke|p1|Xatu, M|\n|poke|p1|Rabsca, M|\n|poke|p2|Kommo-o, F|\n|poke|p2|Dracovish|\n|poke|p2|Garchomp, M|\n|poke|p2|Noivern, M|\n|poke|p2|Duraludon, F|\n|poke|p2|Tyrantrum, F|\n|teampreview\n|\n|t:|1699521663\n|start\n|switch|p1a: Lunatone|Lunatone|100\/100\n|switch|p1b: Slowbro|Slowbro, M|100\/100\n|switch|p2a: Duraludon|Duraludon, F|100\/100\n|switch|p2b: Dracovish|Dracovish|100\/100\n|turn|1\n|\n|t:|1699521675\n|move|p2b: Dracovish|Fishious Rend|p1a: Lunatone\n|-supereffective|p1a: Lunatone\n|-damage|p1a: Lunatone|0 fnt\n|faint|p1a: Lunatone\n|move|p2a: Duraludon|Dark Pulse|p1b: Slowbro\n|-supereffective|p1b: Slowbro\n|-damage|p1b: Slowbro|50\/100\n|-enditem|p1b: Slowbro|Sitrus Berry|[eat]\n|-heal|p1b: Slowbro|75\/100|[from] item: Sitrus Berry\n|move|p1b: Slowbro|Trick Room|p1b: Slowbro\n|-fieldstart|move: Trick Room|[of] p1b: Slowbro\n|\n|upkeep\n|\n|t:|1699521704\n|switch|p1a: Medicham|Medicham, F|100\/100\n|turn|2\n|\n|t:|1699521733\n|move|p1b: Slowbro|Scald|p2b: Dracovish\n|-resisted|p2b: Dracovish\n|-damage|p2b: Dracovish|89\/100\n|move|p1a: Medicham|Bulk Up|p1a: Medicham\n|-boost|p1a: Medicham|atk|1\n|-boost|p1a: Medicham|def|1\n|move|p2a: Duraludon|Dark Pulse|p1b: Slowbro\n|-supereffective|p1b: Slowbro\n|-damage|p1b: Slowbro|22\/100\n|move|p2b: Dracovish|Fishious Rend|p1a: Medicham\n|-damage|p1a: Medicham|42\/100\n|\n|upkeep\n|turn|3\n|\n|t:|1699521752\n|move|p1b: Slowbro|Heal Pulse|p1a: Medicham\n|-heal|p1a: Medicham|92\/100\n|move|p1a: Medicham|Drain Punch|p2a: Duraludon\n|-supereffective|p2a: Duraludon\n|-damage|p2a: Duraludon|0 fnt\n|-heal|p1a: Medicham|100\/100|[from] drain|[of] p2a: Duraludon\n|faint|p2a: Duraludon\n|move|p2b: Dracovish|Fishious Rend|p1a: Medicham\n|-damage|p1a: Medicham|42\/100\n|\n|upkeep\n|\n|t:|1699521763\n|switch|p2a: Noivern|Noivern, M|100\/100\n|turn|4\n|\n|t:|1699521794\n|detailschange|p1a: Medicham|Medicham-Mega, F\n|-mega|p1a: Medicham|Medicham|Medichamite\n|-terastallize|p2a: Noivern|Normal\n|move|p1b: Slowbro|Heal Pulse|p1a: Medicham\n|-heal|p1a: Medicham|92\/100\n|move|p1a: Medicham|Drain Punch|p2b: Dracovish\n|-damage|p2b: Dracovish|0 fnt\n|-heal|p1a: Medicham|100\/100|[from] drain|[of] p2b: Dracovish\n|faint|p2b: Dracovish\n|move|p2a: Noivern|Boomburst|p1a: Medicham|[spread] p1a,p1b\n|-damage|p1a: Medicham|8\/100\n|-damage|p1b: Slowbro|0 fnt\n|faint|p1b: Slowbro\n|\n|upkeep\n|\n|t:|1699521816\n|switch|p1b: Rabsca|Rabsca, M|100\/100\n|switch|p2b: Kommo-o|Kommo-o, F|100\/100\n|turn|5\n|\n|t:|1699521844\n|move|p1b: Rabsca|Bug Buzz|p2b: Kommo-o\n|-resisted|p2b: Kommo-o\n|-damage|p2b: Kommo-o|81\/100\n|-unboost|p2b: Kommo-o|spd|1\n|move|p1a: Medicham|Drain Punch|p2a: Noivern\n|-supereffective|p2a: Noivern\n|-damage|p2a: Noivern|0 fnt\n|-heal|p1a: Medicham|65\/100|[from] drain|[of] p2a: Noivern\n|faint|p2a: Noivern\n|move|p2b: Kommo-o|Clangorous Soul|p2b: Kommo-o\n|-boost|p2b: Kommo-o|atk|1\n|-boost|p2b: Kommo-o|def|1\n|-boost|p2b: Kommo-o|spa|1\n|-boost|p2b: Kommo-o|spd|1\n|-boost|p2b: Kommo-o|spe|1\n|-damage|p2b: Kommo-o|48\/100\n|-enditem|p2b: Kommo-o|Sitrus Berry|[eat]\n|-heal|p2b: Kommo-o|73\/100|[from] item: Sitrus Berry\n|\n|-fieldend|move: Trick Room\n|upkeep\n|\n|t:|1699521862\n|switch|p2a: Tyrantrum|Tyrantrum, F|100\/100\n|turn|6\n|\n|t:|1699521884\n|-terastallize|p1b: Rabsca|Fairy\n|move|p2b: Kommo-o|Iron Head|p1a: Medicham\n|-damage|p1a: Medicham|31\/100\n|move|p1a: Medicham|Drain Punch|p2b: Kommo-o\n|-damage|p2b: Kommo-o|7\/100\n|-heal|p1a: Medicham|66\/100|[from] drain|[of] p2b: Kommo-o\n|move|p2a: Tyrantrum|Head Smash|p1b: Rabsca\n|-damage|p1b: Rabsca|43\/100\n|move|p1b: Rabsca|Trick Room|p1b: Rabsca\n|-fieldstart|move: Trick Room|[of] p1b: Rabsca\n|\n|upkeep\n|turn|7\n|\n|t:|1699521903\n|move|p1b: Rabsca|Bug Buzz|p2b: Kommo-o\n|-resisted|p2b: Kommo-o\n|-damage|p2b: Kommo-o|0 fnt\n|faint|p2b: Kommo-o\n|move|p2a: Tyrantrum|Head Smash|p1b: Rabsca\n|-damage|p1b: Rabsca|0 fnt\n|faint|p1b: Rabsca\n|move|p1a: Medicham|Drain Punch|p2a: Tyrantrum\n|-supereffective|p2a: Tyrantrum\n|-damage|p2a: Tyrantrum|0 fnt\n|-heal|p1a: Medicham|100\/100|[from] drain|[of] p2a: Tyrantrum\n|faint|p2a: Tyrantrum\n|\n|upkeep\n|\n|t:|1699521930\n|switch|p1b: Xatu|Xatu, M|100\/100\n|switch|p2b: Garchomp|Garchomp, M|100\/100\n|turn|8\n|\n|t:|1699521944\n|detailschange|p2b: Garchomp|Garchomp-Mega, M\n|-mega|p2b: Garchomp|Garchomp|Garchompite\n|move|p1b: Xatu|Ally Switch|p1b: Xatu\n|swap|p1b: Xatu|0|[from] move: Ally Switch\n|move|p1b: Medicham|Drain Punch|p2b: Garchomp\n|-damage|p2b: Garchomp|2\/100\n|move|p2b: Garchomp|Swords Dance|p2b: Garchomp\n|-boost|p2b: Garchomp|atk|2\n|\n|upkeep\n|turn|9\n|\n|t:|1699521958\n|move|p1b: Medicham|Psycho Cut|p2b: Garchomp\n|-damage|p2b: Garchomp|0 fnt\n|faint|p2b: Garchomp\n|\n|win|Havoc_The_Gandalf\n|l|\u2606dino501rex\n","uploadtime":1699521966,"views":10,"p1id":"havocthegandalf","p2id":"dino501rex","formatid":"gen9nationaldexdoubles","rating":0,"private":0,"password":""}