{"id":"gen9nationaldexdoubles-1990116182","p1":"PhantuXisDe","p2":"dean44","format":"[Gen 9] National Dex Doubles","log":"|j|\u2606PhantuXisDe\n|j|\u2606dean44\n|t:|1699926270\n|gametype|doubles\n|player|p1|PhantuXisDe|1|1000\n|player|p2|dean44|265|1125\n|teamsize|p1|6\n|teamsize|p2|6\n|gen|9\n|tier|[Gen 9] National Dex Doubles\n|rated|\n|rule|HP Percentage Mod: HP is shown in percentages\n|rule|Endless Battle Clause: Forcing endless battles is banned\n|rule|OHKO Clause: OHKO moves are banned\n|rule|Evasion Moves Clause: Evasion moves are banned\n|rule|Evasion Abilities Clause: Evasion abilities are banned\n|rule|Species Clause: Limit one of each Pok\u00e9mon\n|rule|Gravity Sleep Clause: The combination of sleep-inducing moves with imperfect accuracy and Gravity or Gigantamax Orbeetle are banned\n|clearpoke\n|poke|p1|Gyarados, F|\n|poke|p1|Raichu, F|\n|poke|p1|Tapu Fini|\n|poke|p1|Heatran, M|\n|poke|p1|Whimsicott, F|\n|poke|p1|Landorus-Therian, M|\n|poke|p2|Malamar, F|\n|poke|p2|Klefki, F|\n|poke|p2|Grapploct, M|\n|poke|p2|Hatterene, F|\n|poke|p2|Garganacl, M|\n|poke|p2|Tsareena, F|\n|teampreview\n|\n|t:|1699926287\n|start\n|switch|p1a: Heatran|Heatran, M|100\/100\n|switch|p1b: Whimsicott|Whimsicott, F|100\/100\n|switch|p2a: Malamar|Malamar, F|100\/100\n|switch|p2b: Klefki|Klefki, F|100\/100\n|turn|1\n|\n|t:|1699926308\n|move|p1b: Whimsicott|Tailwind|p1b: Whimsicott\n|-sidestart|p1: PhantuXisDe|move: Tailwind\n|move|p2b: Klefki|Light Screen|p2b: Klefki\n|-sidestart|p2: dean44|move: Light Screen\n|move|p1a: Heatran|Heat Wave|p2a: Malamar|[spread] p2b\n|-miss|p1a: Heatran|p2a: Malamar\n|-supereffective|p2b: Klefki\n|-damage|p2b: Klefki|36\/100\n|move|p2a: Malamar|Trick Room|p2a: Malamar\n|-fieldstart|move: Trick Room|[of] p2a: Malamar\n|\n|upkeep\n|turn|2\n|inactive|Battle timer is ON: inactive players will automatically lose when time's up. (requested by dean44)\n|\n|t:|1699926326\n|switch|p2b: Garganacl|Garganacl, M|100\/100\n|switch|p1a: Tapu Fini|Tapu Fini|100\/100\n|-fieldstart|move: Misty Terrain|[from] ability: Misty Surge|[of] p1a: Tapu Fini\n|move|p1b: Whimsicott|Encore||[still]\n|-fail|p1b: Whimsicott\n|move|p2a: Malamar|Superpower|p1a: Tapu Fini\n|-resisted|p1a: Tapu Fini\n|-damage|p1a: Tapu Fini|87\/100\n|-boost|p2a: Malamar|atk|1\n|-boost|p2a: Malamar|def|1\n|\n|upkeep\n|turn|3\n|inactive|dean44 has 120 seconds left.\n|\n|t:|1699926364\n|switch|p1b: Landorus|Landorus-Therian, M|100\/100\n|-ability|p1b: Landorus|Intimidate|boost\n|-boost|p2a: Malamar|atk|1\n|-unboost|p2b: Garganacl|atk|1\n|move|p2b: Garganacl|Salt Cure|p1a: Tapu Fini\n|-damage|p1a: Tapu Fini|74\/100\n|-start|p1a: Tapu Fini|Salt Cure\n|move|p2a: Malamar|Superpower|p1b: Landorus\n|-resisted|p1b: Landorus\n|-damage|p1b: Landorus|70\/100\n|-boost|p2a: Malamar|atk|1\n|-boost|p2a: Malamar|def|1\n|move|p1a: Tapu Fini|Moonblast|p2a: Malamar\n|-supereffective|p2a: Malamar\n|-damage|p2a: Malamar|16\/100\n|\n|-heal|p2a: Malamar|23\/100|[from] item: Leftovers\n|-damage|p1a: Tapu Fini|49\/100|[from] Salt Cure\n|upkeep\n|turn|4\n|\n|t:|1699926392\n|move|p2a: Malamar|Protect|p2a: Malamar\n|-singleturn|p2a: Malamar|Protect\n|move|p2b: Garganacl|Curse|p2b: Garganacl\n|-unboost|p2b: Garganacl|spe|1\n|-boost|p2b: Garganacl|atk|1\n|-boost|p2b: Garganacl|def|1\n|move|p1a: Tapu Fini|Moonblast|p2a: Malamar\n|-activate|p2a: Malamar|move: Protect\n|move|p1b: Landorus|Earthquake|p2a: Malamar|[spread] p1a,p2b\n|-activate|p2a: Malamar|move: Protect\n|-supereffective|p2b: Garganacl\n|-damage|p1a: Tapu Fini|6\/100\n|-damage|p2b: Garganacl|62\/100\n|\n|-heal|p2b: Garganacl|68\/100|[from] item: Leftovers\n|-heal|p2a: Malamar|29\/100|[from] item: Leftovers\n|-damage|p1a: Tapu Fini|0 fnt|[from] Salt Cure\n|faint|p1a: Tapu Fini\n|-sideend|p1: PhantuXisDe|move: Tailwind\n|upkeep\n|inactive|PhantuXisDe has 120 seconds left.\n|inactive|PhantuXisDe has 90 seconds left.\n|\n|t:|1699926437\n|switch|p1a: Whimsicott|Whimsicott, F|100\/100\n|turn|5\n|\n|t:|1699926447\n|move|p1a: Whimsicott|Encore|p2b: Garganacl\n|-start|p2b: Garganacl|Encore\n|move|p2b: Garganacl|Curse|p2b: Garganacl\n|-unboost|p2b: Garganacl|spe|1\n|-boost|p2b: Garganacl|atk|1\n|-boost|p2b: Garganacl|def|1\n|move|p2a: Malamar|Knock Off|p1b: Landorus\n|-damage|p1b: Landorus|0 fnt\n|-enditem|p1b: Landorus|Assault Vest|[from] move: Knock Off|[of] p2a: Malamar\n|faint|p1b: Landorus\n|\n|-heal|p2b: Garganacl|74\/100|[from] item: Leftovers\n|-heal|p2a: Malamar|35\/100|[from] item: Leftovers\n|-fieldend|move: Trick Room\n|upkeep\n|\n|t:|1699926471\n|switch|p1b: Gyarados|Gyarados, F|100\/100\n|-ability|p1b: Gyarados|Intimidate|boost\n|-boost|p2a: Malamar|atk|1\n|-unboost|p2b: Garganacl|atk|1\n|turn|6\n|\n|t:|1699926495\n|move|p1a: Whimsicott|Nature Power|p2b: Garganacl\n|move|p1a: Whimsicott|Moonblast|p2b: Garganacl|[from]move: Nature Power\n|-damage|p2b: Garganacl|58\/100\n|-unboost|p2b: Garganacl|spa|1\n|move|p1b: Gyarados|Dragon Dance|p1b: Gyarados\n|-boost|p1b: Gyarados|atk|1\n|-boost|p1b: Gyarados|spe|1\n|move|p2b: Garganacl|Curse|p2b: Garganacl\n|-unboost|p2b: Garganacl|spe|1\n|-boost|p2b: Garganacl|atk|1\n|-boost|p2b: Garganacl|def|1\n|move|p2a: Malamar|Trick Room|p2a: Malamar\n|-fieldstart|move: Trick Room|[of] p2a: Malamar\n|\n|-heal|p2b: Garganacl|64\/100|[from] item: Leftovers\n|-heal|p2a: Malamar|41\/100|[from] item: Leftovers\n|-fieldend|Misty Terrain\n|upkeep\n|turn|7\n|inactive|PhantuXisDe has 120 seconds left.\n|\n|t:|1699926524\n|switch|p1a: Raichu|Raichu, F|100\/100\n|detailschange|p1b: Gyarados|Gyarados-Mega, F\n|-mega|p1b: Gyarados|Gyarados|Gyaradosite\n|-ability|p1b: Gyarados|Mold Breaker\n|-terastallize|p2b: Garganacl|Ghost\n|move|p2b: Garganacl|Curse|p1a: Raichu\n|-start|p1a: Raichu|Curse|[of] p2b: Garganacl\n|-damage|p2b: Garganacl|14\/100\n|move|p2a: Malamar|Knock Off|p1b: Gyarados\n|-resisted|p1b: Gyarados\n|-damage|p1b: Gyarados|71\/100\n|move|p1b: Gyarados|Waterfall|p2a: Malamar\n|-damage|p2a: Malamar|18\/100\n|\n|-heal|p2b: Garganacl|20\/100|[from] item: Leftovers\n|-heal|p2a: Malamar|24\/100|[from] item: Leftovers\n|-damage|p1a: Raichu|76\/100|[from] Curse\n|-end|p2b: Garganacl|Encore\n|upkeep\n|turn|8\n|inactive|PhantuXisDe has 120 seconds left.\n|\n|t:|1699926551\n|move|p1a: Raichu|Fake Out|p2a: Malamar\n|-damage|p2a: Malamar|19\/100\n|-damage|p1a: Raichu|66\/100|[from] item: Life Orb\n|move|p2b: Garganacl|Salt Cure|p1a: Raichu\n|-damage|p1a: Raichu|6\/100\n|-start|p1a: Raichu|Salt Cure\n|cant|p2a: Malamar|flinch\n|move|p1b: Gyarados|Waterfall|p2a: Malamar\n|-damage|p2a: Malamar|0 fnt\n|faint|p2a: Malamar\n|\n|-heal|p2b: Garganacl|26\/100|[from] item: Leftovers\n|-damage|p1a: Raichu|0 fnt|[from] Curse\n|faint|p1a: Raichu\n|-sideend|p2: dean44|move: Light Screen\n|upkeep\n|inactive|PhantuXisDe has 120 seconds left.\n|\n|t:|1699926572\n|switch|p2a: Klefki|Klefki, F|36\/100\n|switch|p1a: Heatran|Heatran, M|100\/100\n|turn|9\n|inactive|PhantuXisDe has 120 seconds left.\n|\n|t:|1699926588\n|switch|p1b: Whimsicott|Whimsicott, F|100\/100\n|move|p2a: Klefki|Light Screen|p2a: Klefki\n|-sidestart|p2: dean44|move: Light Screen\n|move|p2b: Garganacl|Salt Cure|p1b: Whimsicott\n|-damage|p1b: Whimsicott|75\/100\n|-start|p1b: Whimsicott|Salt Cure\n|move|p1a: Heatran|Earth Power|p2b: Garganacl\n|-damage|p2b: Garganacl|7\/100\n|-unboost|p2b: Garganacl|spd|1\n|\n|-heal|p2b: Garganacl|13\/100|[from] item: Leftovers\n|-damage|p1b: Whimsicott|63\/100|[from] Salt Cure\n|upkeep\n|turn|10\n|\n|t:|1699926622\n|switch|p2a: Grapploct|Grapploct, M|100\/100\n|move|p1b: Whimsicott|Encore||[still]\n|-fail|p1b: Whimsicott\n|move|p2b: Garganacl|Salt Cure|p1a: Heatran\n|-damage|p1a: Heatran|76\/100\n|-start|p1a: Heatran|Salt Cure\n|move|p1a: Heatran|Earth Power|p2b: Garganacl\n|-damage|p2b: Garganacl|0 fnt\n|faint|p2b: Garganacl\n|\n|-heal|p1a: Heatran|82\/100|[from] item: Leftovers\n|-damage|p1a: Heatran|57\/100|[from] Salt Cure\n|-damage|p1b: Whimsicott|51\/100|[from] Salt Cure\n|-fieldend|move: Trick Room\n|upkeep\n|\n|t:|1699926631\n|switch|p2b: Klefki|Klefki, F|36\/100\n|turn|11\n|\n|t:|1699926652\n|move|p1b: Whimsicott|Taunt|p2b: Klefki\n|-start|p2b: Klefki|move: Taunt\n|move|p1a: Heatran|Heat Wave|p2b: Klefki|[spread] p2a,p2b\n|-supereffective|p2b: Klefki\n|-damage|p2a: Grapploct|71\/100\n|-damage|p2b: Klefki|0 fnt\n|faint|p2b: Klefki\n|move|p2a: Grapploct|Drain Punch|p1a: Heatran\n|-supereffective|p1a: Heatran\n|-damage|p1a: Heatran|6\/100\n|-heal|p2a: Grapploct|96\/100|[from] drain|[of] p1a: Heatran\n|\n|-heal|p1a: Heatran|13\/100|[from] item: Leftovers\n|-heal|p2a: Grapploct|100\/100|[from] item: Leftovers\n|-damage|p1b: Whimsicott|38\/100|[from] Salt Cure\n|-damage|p1a: Heatran|0 fnt|[from] Salt Cure\n|faint|p1a: Heatran\n|upkeep\n|\n|t:|1699926671\n|switch|p1a: Gyarados|Gyarados-Mega, F|71\/100\n|switch|p2b: Hatterene|Hatterene, F|100\/100\n|-ability|p1a: Gyarados|Mold Breaker\n|turn|12\n|\n|t:|1699926689\n|move|p1b: Whimsicott|Tailwind|p1b: Whimsicott\n|-sidestart|p1: PhantuXisDe|move: Tailwind\n|move|p1a: Gyarados|Waterfall|p2a: Grapploct\n|-damage|p2a: Grapploct|68\/100\n|cant|p2a: Grapploct|flinch\n|move|p2b: Hatterene|Trick Room|p2b: Hatterene\n|-fieldstart|move: Trick Room|[of] p2b: Hatterene\n|\n|-heal|p2a: Grapploct|74\/100|[from] item: Leftovers\n|-damage|p1b: Whimsicott|26\/100|[from] Salt Cure\n|upkeep\n|turn|13\n|\n|t:|1699926708\n|switch|p2b: Tsareena|Tsareena, F|100\/100\n|-enditem|p2b: Tsareena|Room Service\n|-unboost|p2b: Tsareena|spe|1|[from] item: Room Service\n|move|p1b: Whimsicott|Encore||[still]\n|cant|p2b: Tsareena|ability: Queenly Majesty|Encore|[of] p1b: Whimsicott\n|move|p2a: Grapploct|Ice Punch|p1b: Whimsicott\n|-supereffective|p1b: Whimsicott\n|-damage|p1b: Whimsicott|0 fnt\n|faint|p1b: Whimsicott\n|move|p1a: Gyarados|Waterfall|p2a: Grapploct\n|-damage|p2a: Grapploct|41\/100\n|\n|-heal|p2a: Grapploct|47\/100|[from] item: Leftovers\n|upkeep\n|turn|14\n|-message|PhantuXisDe forfeited.\n|\n|win|dean44\n|raw|PhantuXisDe's rating: 1000 &rarr; <strong>1000<\/strong><br \/>(+0 for losing)\n|raw|dean44's rating: 1125 &rarr; <strong>1141<\/strong><br \/>(+16 for winning)\n|l|\u2606PhantuXisDe\n|c|\u2606dean44|gg\n","uploadtime":1699926738,"views":5,"p1id":"phantuxisde","p2id":"dean44","formatid":"gen9nationaldexdoubles","rating":1000,"private":0,"password":""}