{"id":"gen9nationaldexdoubles-1964627101","p1":"funsies 163638","p2":"Sc4rletQu33n","format":"[Gen 9] National Dex Doubles","log":"|j|\u2606funsies 163638\n|j|\u2606Sc4rletQu33n\n|t:|1696987264\n|gametype|doubles\n|player|p1|funsies 163638|striker|1112\n|player|p2|Sc4rletQu33n|cynthia-gen4|1113\n|teamsize|p1|6\n|teamsize|p2|6\n|gen|9\n|tier|[Gen 9] National Dex Doubles\n|rated|\n|rule|HP Percentage Mod: HP is shown in percentages\n|rule|Endless Battle Clause: Forcing endless battles is banned\n|rule|OHKO Clause: OHKO moves are banned\n|rule|Evasion Moves Clause: Evasion moves are banned\n|rule|Evasion Abilities Clause: Evasion abilities are banned\n|rule|Species Clause: Limit one of each Pok\u00e9mon\n|rule|Gravity Sleep Clause: The combination of sleep-inducing moves with imperfect accuracy and Gravity or Gigantamax Orbeetle are banned\n|clearpoke\n|poke|p1|Clefable, M|\n|poke|p1|Ogerpon-Wellspring, F|\n|poke|p1|Samurott-Hisui, M|\n|poke|p1|Baxcalibur, M|\n|poke|p1|Ninetales-Alola, F|\n|poke|p1|Arctozolt|\n|poke|p2|Medicham, F|\n|poke|p2|Regigigas|\n|poke|p2|Landorus-Therian, M|\n|poke|p2|Venusaur, F|\n|poke|p2|Incineroar, M|\n|poke|p2|Basculegion-F, F|\n|teampreview\n|\n|t:|1696987286\n|start\n|switch|p1a: CAL \u2744\ufe0f|Ninetales-Alola, F|100\/100\n|switch|p1b: Terra \ud83c\udf0e|Ogerpon-Wellspring, F|100\/100\n|switch|p2a: Venusaur|Venusaur, F|100\/100\n|switch|p2b: Incineroar|Incineroar, M|100\/100\n|-weather|Snow|[from] ability: Snow Warning|[of] p1a: CAL \u2744\ufe0f\n|-ability|p2b: Incineroar|Intimidate|boost\n|-unboost|p1a: CAL \u2744\ufe0f|atk|1\n|-unboost|p1b: Terra \ud83c\udf0e|atk|1\n|turn|1\n|\n|t:|1696987297\n|detailschange|p2a: Venusaur|Venusaur-Mega, F\n|-mega|p2a: Venusaur|Venusaur|Venusaurite\n|move|p1b: Terra \ud83c\udf0e|Follow Me|p1b: Terra \ud83c\udf0e\n|-singleturn|p1b: Terra \ud83c\udf0e|move: Follow Me\n|move|p1a: CAL \u2744\ufe0f|Aurora Veil|p1a: CAL \u2744\ufe0f\n|-sidestart|p1: funsies 163638|move: Aurora Veil\n|move|p2a: Venusaur|Grass Pledge|p1b: Terra \ud83c\udf0e\n|-waiting|p2a: Venusaur|p2b: Incineroar\n|move|p2b: Incineroar|Fire Pledge|p1b: Terra \ud83c\udf0e|[from]move: Grass Pledge\n|-combine\n|-damage|p1b: Terra \ud83c\udf0e|50\/100\n|-sidestart|p1: funsies 163638|Fire Pledge\n|\n|-weather|Snow|[upkeep]\n|-damage|p1b: Terra \ud83c\udf0e|37\/100|[from] Fire Pledge\n|-damage|p1a: CAL \u2744\ufe0f|88\/100|[from] Fire Pledge\n|upkeep\n|turn|2\n|\n|t:|1696987322\n|-terastallize|p1a: CAL \u2744\ufe0f|Ice\n|move|p1b: Terra \ud83c\udf0e|Ivy Cudgel|p2b: Incineroar\n|-supereffective|p2b: Incineroar\n|-damage|p2b: Incineroar|22\/100\n|move|p1a: CAL \u2744\ufe0f|Blizzard|p2b: Incineroar|[spread] p2a,p2b\n|-supereffective|p2a: Venusaur\n|-resisted|p2b: Incineroar\n|-damage|p2a: Venusaur|62\/100\n|-damage|p2b: Incineroar|2\/100\n|move|p2a: Venusaur|Grass Pledge|p1a: CAL \u2744\ufe0f\n|-waiting|p2a: Venusaur|p2b: Incineroar\n|move|p2b: Incineroar|Fire Pledge|p1a: CAL \u2744\ufe0f|[from]move: Grass Pledge\n|-combine\n|-supereffective|p1a: CAL \u2744\ufe0f\n|-damage|p1a: CAL \u2744\ufe0f|0 fnt\n|faint|p1a: CAL \u2744\ufe0f\n|\n|-weather|Snow|[upkeep]\n|-damage|p1b: Terra \ud83c\udf0e|25\/100|[from] Fire Pledge\n|-heal|p2b: Incineroar|8\/100|[from] item: Leftovers\n|upkeep\n|\n|t:|1696987351\n|switch|p1a: Uranus \u26aa\ufe0f|Baxcalibur, M|100\/100\n|turn|3\n|\n|t:|1696987371\n|move|p1b: Terra \ud83c\udf0e|Follow Me|p1b: Terra \ud83c\udf0e\n|-singleturn|p1b: Terra \ud83c\udf0e|move: Follow Me\n|move|p1a: Uranus \u26aa\ufe0f|Swords Dance|p1a: Uranus \u26aa\ufe0f\n|-boost|p1a: Uranus \u26aa\ufe0f|atk|2\n|move|p2a: Venusaur|Toxic|p1b: Terra \ud83c\udf0e\n|-status|p1b: Terra \ud83c\udf0e|tox\n|move|p2b: Incineroar|Parting Shot|p1b: Terra \ud83c\udf0e\n|-unboost|p1b: Terra \ud83c\udf0e|atk|1\n|-unboost|p1b: Terra \ud83c\udf0e|spa|1\n|\n|t:|1696987382\n|switch|p2b: Basculegion|Basculegion-F, F|100\/100|[from] Parting Shot\n|\n|-weather|Snow|[upkeep]\n|-damage|p1b: Terra \ud83c\udf0e|13\/100 tox|[from] Fire Pledge\n|-damage|p1a: Uranus \u26aa\ufe0f|88\/100|[from] Fire Pledge\n|-damage|p1b: Terra \ud83c\udf0e|7\/100 tox|[from] psn\n|upkeep\n|turn|4\n|\n|t:|1696987393\n|move|p1b: Terra \ud83c\udf0e|Follow Me|p1b: Terra \ud83c\udf0e\n|-singleturn|p1b: Terra \ud83c\udf0e|move: Follow Me\n|move|p2b: Basculegion|Ice Fang|p1b: Terra \ud83c\udf0e\n|-damage|p1b: Terra \ud83c\udf0e|0 fnt\n|faint|p1b: Terra \ud83c\udf0e\n|move|p1a: Uranus \u26aa\ufe0f|Scale Shot|p2b: Basculegion\n|-damage|p2b: Basculegion|61\/100\n|-damage|p2b: Basculegion|23\/100\n|-damage|p2b: Basculegion|0 fnt\n|faint|p2b: Basculegion\n|-hitcount|p2: Basculegion|3\n|-unboost|p1a: Uranus \u26aa\ufe0f|def|1\n|-boost|p1a: Uranus \u26aa\ufe0f|spe|1\n|move|p2a: Venusaur|Toxic|p1a: Uranus \u26aa\ufe0f\n|-status|p1a: Uranus \u26aa\ufe0f|tox\n|\n|-weather|Snow|[upkeep]\n|-heal|p1a: Uranus \u26aa\ufe0f|94\/100 tox|[from] ability: Ice Body\n|-damage|p1a: Uranus \u26aa\ufe0f|82\/100 tox|[from] Fire Pledge\n|-damage|p1a: Uranus \u26aa\ufe0f|76\/100 tox|[from] psn\n|-sideend|p1: funsies 163638|Fire Pledge\n|upkeep\n|\n|t:|1696987413\n|switch|p1b: Luna \ud83c\udf19|Clefable, M|100\/100\n|switch|p2b: Landorus|Landorus-Therian, M|100\/100\n|-ability|p2b: Landorus|Intimidate|boost\n|-unboost|p1a: Uranus \u26aa\ufe0f|atk|1\n|-unboost|p1b: Luna \ud83c\udf19|atk|1\n|turn|5\n|\n|t:|1696987425\n|move|p1b: Luna \ud83c\udf19|Follow Me|p1b: Luna \ud83c\udf19\n|-singleturn|p1b: Luna \ud83c\udf19|move: Follow Me\n|move|p1a: Uranus \u26aa\ufe0f|Icicle Spear|p2b: Landorus\n|-supereffective|p2b: Landorus\n|-damage|p2b: Landorus|15\/100\n|-supereffective|p2b: Landorus\n|-damage|p2b: Landorus|0 fnt\n|faint|p2b: Landorus\n|-hitcount|p2: Landorus|2\n|move|p2a: Venusaur|Toxic|p1b: Luna \ud83c\udf19\n|-status|p1b: Luna \ud83c\udf19|tox\n|\n|-weather|Snow|[upkeep]\n|-heal|p1a: Uranus \u26aa\ufe0f|82\/100 tox|[from] ability: Ice Body\n|-damage|p1a: Uranus \u26aa\ufe0f|70\/100 tox|[from] psn\n|-damage|p1b: Luna \ud83c\udf19|94\/100 tox|[from] psn\n|-sideend|p1: funsies 163638|move: Aurora Veil\n|upkeep\n|\n|t:|1696987433\n|switch|p2b: Incineroar|Incineroar, M|8\/100\n|-ability|p2b: Incineroar|Intimidate|boost\n|-unboost|p1a: Uranus \u26aa\ufe0f|atk|1\n|-unboost|p1b: Luna \ud83c\udf19|atk|1\n|turn|6\n|\n|t:|1696987446\n|move|p1a: Uranus \u26aa\ufe0f|Protect|p1a: Uranus \u26aa\ufe0f\n|-singleturn|p1a: Uranus \u26aa\ufe0f|Protect\n|move|p2a: Venusaur|Grass Pledge|p1b: Luna \ud83c\udf19\n|-waiting|p2a: Venusaur|p2b: Incineroar\n|move|p2b: Incineroar|Fire Pledge|p1b: Luna \ud83c\udf19|[from]move: Grass Pledge\n|-combine\n|-damage|p1b: Luna \ud83c\udf19|50\/100 tox\n|-sidestart|p1: funsies 163638|Fire Pledge\n|move|p1b: Luna \ud83c\udf19|Thunder Wave|p2a: Venusaur\n|-status|p2a: Venusaur|par\n|\n|-weather|Snow|[upkeep]\n|-heal|p1a: Uranus \u26aa\ufe0f|76\/100 tox|[from] ability: Ice Body\n|-damage|p1a: Uranus \u26aa\ufe0f|63\/100 tox|[from] Fire Pledge\n|-damage|p1b: Luna \ud83c\udf19|38\/100 tox|[from] Fire Pledge\n|-heal|p1b: Luna \ud83c\udf19|44\/100 tox|[from] item: Leftovers\n|-heal|p2b: Incineroar|14\/100|[from] item: Leftovers\n|-damage|p1a: Uranus \u26aa\ufe0f|45\/100 tox|[from] psn\n|-damage|p1b: Luna \ud83c\udf19|32\/100 tox|[from] psn\n|upkeep\n|turn|7\n|\n|t:|1696987473\n|move|p1b: Luna \ud83c\udf19|Follow Me|p1b: Luna \ud83c\udf19\n|-singleturn|p1b: Luna \ud83c\udf19|move: Follow Me\n|move|p1a: Uranus \u26aa\ufe0f|Icicle Spear|p2a: Venusaur\n|-supereffective|p2a: Venusaur\n|-damage|p2a: Venusaur|48\/100 par\n|-supereffective|p2a: Venusaur\n|-damage|p2a: Venusaur|33\/100 par\n|-supereffective|p2a: Venusaur\n|-damage|p2a: Venusaur|19\/100 par\n|-supereffective|p2a: Venusaur\n|-damage|p2a: Venusaur|5\/100 par\n|-hitcount|p2a: Venusaur|4\n|move|p2b: Incineroar|Fire Pledge|p1b: Luna \ud83c\udf19\n|-waiting|p2b: Incineroar|p2a: Venusaur\n|move|p2a: Venusaur|Grass Pledge|p1b: Luna \ud83c\udf19|[from]move: Fire Pledge\n|-combine\n|-damage|p1b: Luna \ud83c\udf19|0 fnt\n|faint|p1b: Luna \ud83c\udf19\n|\n|-weather|Snow|[upkeep]\n|-heal|p1a: Uranus \u26aa\ufe0f|51\/100 tox|[from] ability: Ice Body\n|-damage|p1a: Uranus \u26aa\ufe0f|39\/100 tox|[from] Fire Pledge\n|-heal|p2b: Incineroar|20\/100|[from] item: Leftovers\n|-damage|p1a: Uranus \u26aa\ufe0f|14\/100 tox|[from] psn\n|upkeep\n|\n|t:|1696987488\n|switch|p1b: Neptune \ud83d\udd31|Samurott-Hisui, M|100\/100\n|turn|8\n|\n|t:|1696987512\n|move|p1a: Uranus \u26aa\ufe0f|Scale Shot|p2b: Incineroar\n|-damage|p2b: Incineroar|7\/100\n|-damage|p2b: Incineroar|0 fnt\n|faint|p2b: Incineroar\n|-hitcount|p2: Incineroar|2\n|-unboost|p1a: Uranus \u26aa\ufe0f|def|1\n|-boost|p1a: Uranus \u26aa\ufe0f|spe|1\n|move|p1b: Neptune \ud83d\udd31|Ceaseless Edge|p2a: Venusaur\n|-damage|p2a: Venusaur|0 fnt\n|-sidestart|p2: Sc4rletQu33n|Spikes\n|faint|p2a: Venusaur\n|\n|-weather|none\n|-damage|p1a: Uranus \u26aa\ufe0f|1\/100 tox|[from] Fire Pledge\n|-damage|p1b: Neptune \ud83d\udd31|88\/100|[from] Fire Pledge\n|-damage|p1a: Uranus \u26aa\ufe0f|0 fnt|[from] psn\n|faint|p1a: Uranus \u26aa\ufe0f\n|upkeep\n|\n|t:|1696987532\n|switch|p1a: Saturn \ud83e\ude90|Arctozolt|100\/100\n|switch|p2a: Medicham|Medicham, F|100\/100\n|switch|p2b: Regigigas|Regigigas|100\/100\n|-damage|p2b: Regigigas|88\/100|[from] Spikes\n|-start|p2b: Regigigas|ability: Slow Start\n|-damage|p2a: Medicham|88\/100|[from] Spikes\n|turn|9\n|\n|t:|1696987544\n|move|p1b: Neptune \ud83d\udd31|Sucker Punch||[still]\n|-fail|p1b: Neptune \ud83d\udd31\n|move|p2a: Medicham|Skill Swap|p2b: Regigigas\n|-activate|p2a: Medicham|move: Skill Swap|||[of] p2b: Regigigas\n|-end|p2b: Regigigas|Slow Start|[silent]\n|-start|p2a: Medicham|ability: Slow Start\n|move|p2b: Regigigas|Drain Punch|p1a: Saturn \ud83e\ude90\n|-supereffective|p1a: Saturn \ud83e\ude90\n|-damage|p1a: Saturn \ud83e\ude90|0 fnt\n|-heal|p2b: Regigigas|100\/100|[from] drain|[of] p1a: Saturn \ud83e\ude90\n|faint|p1a: Saturn \ud83e\ude90\n|\n|-damage|p1b: Neptune \ud83d\udd31|76\/100|[from] Fire Pledge\n|-sideend|p1: funsies 163638|Fire Pledge\n|upkeep\n|turn|10\n|-message|funsies 163638 forfeited.\n|\n|win|Sc4rletQu33n\n|raw|funsies 163638's rating: 1112 &rarr; <strong>1087<\/strong><br \/>(-25 for losing)\n|raw|Sc4rletQu33n's rating: 1113 &rarr; <strong>1138<\/strong><br \/>(+25 for winning)\n|l|\u2606funsies 163638\n","uploadtime":1696987561,"views":11,"p1id":"funsies163638","p2id":"sc4rletqu33n","formatid":"gen9nationaldexdoubles","rating":1087,"private":0,"password":""}