{"id":"gen9nationaldexdoubles-1956090492","p1":"pinkylarue","p2":"looy1","format":"[Gen 9] National Dex Doubles","log":"|j|\u2606pinkylarue\n|j|\u2606looy1\n|t:|1696070500\n|gametype|doubles\n|player|p1|pinkylarue|1|\n|player|p2|looy1|101|\n|teamsize|p1|4\n|teamsize|p2|4\n|gen|9\n|tier|[Gen 9] National Dex Doubles\n|rule|HP Percentage Mod: HP is shown in percentages\n|rule|Endless Battle Clause: Forcing endless battles is banned\n|rule|OHKO Clause: OHKO moves are banned\n|rule|Evasion Moves Clause: Evasion moves are banned\n|rule|Evasion Abilities Clause: Evasion abilities are banned\n|rule|Species Clause: Limit one of each Pok\u00e9mon\n|rule|Gravity Sleep Clause: The combination of sleep-inducing moves with imperfect accuracy and Gravity or Gigantamax Orbeetle are banned\n|clearpoke\n|poke|p1|Marowak-Alola, M|\n|poke|p1|Cacturne, M|\n|poke|p1|Wigglytuff, F|\n|poke|p1|Dragonair, M|\n|poke|p2|Hypno, F|\n|poke|p2|Granbull, M|\n|poke|p2|Dewgong, F|\n|poke|p2|Metang|\n|teampreview\n|\n|t:|1696070524\n|start\n|switch|p1a: Wigglytuff|Wigglytuff, F|100\/100\n|switch|p1b: Dragonair|Dragonair, M|100\/100\n|switch|p2a: Granbull|Granbull, M, shiny|100\/100\n|switch|p2b: Dewgong|Dewgong, F, shiny|100\/100\n|-ability|p2a: Granbull|Intimidate|boost\n|-unboost|p1a: Wigglytuff|atk|1\n|-unboost|p1b: Dragonair|atk|1\n|turn|1\n|\n|t:|1696070581\n|switch|p1b: Marowak|Marowak-Alola, M|100\/100\n|switch|p2b: Metang|Metang, shiny|100\/100\n|move|p2a: Granbull|Play Rough|p1b: Marowak\n|-resisted|p1b: Marowak\n|-crit|p1b: Marowak\n|-damage|p1b: Marowak|63\/100\n|move|p1a: Wigglytuff|Reflect|p1a: Wigglytuff\n|-sidestart|p1: pinkylarue|Reflect\n|\n|upkeep\n|turn|2\n|\n|t:|1696070633\n|switch|p2a: Dewgong|Dewgong, F, shiny|100\/100\n|move|p2b: Metang|Stealth Rock|p1b: Marowak\n|-sidestart|p1: pinkylarue|move: Stealth Rock\n|move|p1a: Wigglytuff|Heal Pulse|p1b: Marowak\n|-heal|p1b: Marowak|100\/100\n|move|p1b: Marowak|Flare Blitz|p2b: Metang\n|-supereffective|p2b: Metang\n|-damage|p2b: Metang|0 fnt\n|faint|p2b: Metang\n|\n|upkeep\n|\n|t:|1696070654\n|switch|p2b: Granbull|Granbull, M, shiny|100\/100\n|-ability|p2b: Granbull|Intimidate|boost\n|-unboost|p1a: Wigglytuff|atk|1\n|-unboost|p1b: Marowak|atk|1\n|turn|3\n|\n|t:|1696070714\n|switch|p1b: Cacturne|Cacturne, M, shiny|100\/100\n|-damage|p1b: Cacturne|88\/100|[from] Stealth Rock\n|-terastallize|p2a: Dewgong|Flying\n|move|p2a: Dewgong|Surf|p1a: Wigglytuff|[spread] p2b,p1a\n|-heal|p1b: Cacturne|100\/100|[from] ability: Water Absorb|[of] p2a: Dewgong\n|-damage|p2b: Granbull|77\/100\n|-damage|p1a: Wigglytuff|78\/100\n|move|p2b: Granbull|Earthquake|p1b: Cacturne|[spread] p1a,p1b\n|-immune|p2a: Dewgong\n|-resisted|p1b: Cacturne\n|-damage|p1a: Wigglytuff|62\/100\n|-damage|p1b: Cacturne|86\/100\n|move|p1a: Wigglytuff|Substitute|p1a: Wigglytuff\n|-start|p1a: Wigglytuff|Substitute\n|-damage|p1a: Wigglytuff|37\/100\n|\n|-heal|p1b: Cacturne|92\/100|[from] item: Leftovers\n|upkeep\n|turn|4\n|\n|t:|1696070748\n|move|p2a: Dewgong|Icy Wind|p1a: Wigglytuff|[spread] p1a,p1b\n|-activate|p1a: Wigglytuff|move: Substitute|[damage]\n|-supereffective|p1b: Cacturne\n|-damage|p1b: Cacturne|59\/100\n|-unboost|p1b: Cacturne|spe|1\n|move|p2b: Granbull|Earthquake|p1b: Cacturne|[spread] p1a,p1b\n|-immune|p2a: Dewgong\n|-end|p1a: Wigglytuff|Substitute\n|-resisted|p1b: Cacturne\n|-damage|p1b: Cacturne|47\/100\n|move|p1a: Wigglytuff|Light Screen|p1a: Wigglytuff\n|-sidestart|p1: pinkylarue|move: Light Screen\n|move|p1b: Cacturne|Giga Drain|p2a: Dewgong\n|-resisted|p2a: Dewgong\n|-damage|p2a: Dewgong|86\/100\n|-heal|p1b: Cacturne|55\/100|[from] drain|[of] p2a: Dewgong\n|\n|-heal|p2a: Dewgong|93\/100|[from] item: Leftovers\n|-heal|p1b: Cacturne|61\/100|[from] item: Leftovers\n|upkeep\n|turn|5\n|c|\u2606pinkylarue|oh its flying now\n|c|\u2606pinkylarue|duhh\n|c|\u2606looy1|haha\n|\n|t:|1696070803\n|move|p2a: Dewgong|Icy Wind|p1a: Wigglytuff|[spread] p1a,p1b\n|-supereffective|p1b: Cacturne\n|-damage|p1a: Wigglytuff|29\/100\n|-damage|p1b: Cacturne|39\/100\n|-unboost|p1a: Wigglytuff|spe|1\n|-unboost|p1b: Cacturne|spe|1\n|move|p2b: Granbull|Play Rough|p1b: Cacturne\n|-supereffective|p1b: Cacturne\n|-damage|p1b: Cacturne|0 fnt\n|faint|p1b: Cacturne\n|move|p1a: Wigglytuff|Heal Pulse|p1: Cacturne|[notarget]\n|-fail|p1a: Wigglytuff\n|\n|-heal|p2a: Dewgong|99\/100|[from] item: Leftovers\n|upkeep\n|c|\u2606looy1|yeah...\n|\n|t:|1696070818\n|switch|p1b: Marowak|Marowak-Alola, M|100\/100\n|-damage|p1b: Marowak|76\/100|[from] Stealth Rock\n|turn|6\n|c|\u2606looy1|not sure if it was the smartest play but oh well\n|\n|t:|1696070846\n|move|p2a: Dewgong|Surf|p1a: Wigglytuff|[spread] p2b,p1a,p1b\n|-supereffective|p1b: Marowak\n|-damage|p2b: Granbull|54\/100\n|-damage|p1a: Wigglytuff|13\/100\n|-damage|p1b: Marowak|46\/100\n|move|p2b: Granbull|Earthquake|p1a: Wigglytuff|[spread] p1a,p1b\n|-immune|p2a: Dewgong\n|-supereffective|p1b: Marowak\n|-damage|p1a: Wigglytuff|0 fnt\n|-damage|p1b: Marowak|13\/100\n|faint|p1a: Wigglytuff\n|move|p1b: Marowak|Flare Blitz|p2b: Granbull\n|-damage|p2b: Granbull|0 fnt\n|-damage|p1b: Marowak|0 fnt|[from] item: Rocky Helmet|[of] p2b: Granbull\n|faint|p2b: Granbull\n|faint|p1b: Marowak\n|\n|-heal|p2a: Dewgong|100\/100|[from] item: Leftovers\n|upkeep\n|\n|t:|1696070870\n|switch|p2b: Hypno|Hypno, F, shiny|100\/100\n|switch|p1a: Dragonair|Dragonair, M|100\/100\n|-damage|p1a: Dragonair|88\/100|[from] Stealth Rock\n|turn|7\n|c|\u2606pinkylarue|gg\n|\n|t:|1696070895\n|move|p2b: Hypno|Helping Hand|p2a: Dewgong\n|-singleturn|p2a: Dewgong|Helping Hand|[of] p2b: Hypno\n|move|p2a: Dewgong|Icy Wind|p1a: Dragonair\n|-supereffective|p1a: Dragonair\n|-damage|p1a: Dragonair|61\/100\n|-unboost|p1a: Dragonair|spe|1\n|move|p1a: Dragonair|Dragon Dance|p1a: Dragonair\n|-boost|p1a: Dragonair|atk|1\n|-boost|p1a: Dragonair|spe|1\n|\n|upkeep\n|turn|8\n|\n|t:|1696070923\n|move|p2b: Hypno|Hypnosis|p1a: Dragonair\n|-status|p1a: Dragonair|slp|[from] move: Hypnosis\n|move|p2a: Dewgong|Icy Wind|p1a: Dragonair\n|-supereffective|p1a: Dragonair\n|-damage|p1a: Dragonair|41\/100 slp\n|-unboost|p1a: Dragonair|spe|1\n|cant|p1a: Dragonair|slp\n|\n|-sideend|p1: pinkylarue|Reflect\n|upkeep\n|turn|9\n|c|\u2606looy1|ahhh so lucky that hit\n|\n|t:|1696070962\n|move|p2b: Hypno|Helping Hand|p2a: Dewgong\n|-singleturn|p2a: Dewgong|Helping Hand|[of] p2b: Hypno\n|move|p2a: Dewgong|Ice Shard|p1a: Dragonair\n|-supereffective|p1a: Dragonair\n|-damage|p1a: Dragonair|15\/100 slp\n|cant|p1a: Dragonair|slp\n|move|p1a: Dragonair|Sleep Talk|p1a: Dragonair\n|move|p1a: Dragonair|Dragon Dance|p1a: Dragonair|[from]move: Sleep Talk\n|-boost|p1a: Dragonair|atk|1\n|-boost|p1a: Dragonair|spe|1\n|\n|upkeep\n|turn|10\n|\n|t:|1696070976\n|move|p2b: Hypno|Helping Hand|p2a: Dewgong\n|-singleturn|p2a: Dewgong|Helping Hand|[of] p2b: Hypno\n|move|p2a: Dewgong|Ice Shard|p1a: Dragonair\n|-supereffective|p1a: Dragonair\n|-damage|p1a: Dragonair|0 fnt\n|faint|p1a: Dragonair\n|\n|win|looy1\n|c|\u2606pinkylarue|gg\n|c|\u2606looy1|gg\n|c|\u2606pinkylarue|fancy another go?\n","uploadtime":1696070987,"views":30,"p1id":"pinkylarue","p2id":"looy1","formatid":"gen9nationaldexdoubles","rating":0,"private":0,"password":""}