{"id":"gen9nationaldexdoubles-1957295786","p1":"Dalender","p2":"Dav136389","format":"[Gen 9] National Dex Doubles","log":"|j|\u2606Dalender\n|j|\u2606Dav136389\n|t:|1696205802\n|gametype|doubles\n|player|p1|Dalender|guitarist|1000\n|player|p2|Dav136389|steven|1030\n|teamsize|p1|6\n|teamsize|p2|6\n|gen|9\n|tier|[Gen 9] National Dex Doubles\n|rated|\n|rule|HP Percentage Mod: HP is shown in percentages\n|rule|Endless Battle Clause: Forcing endless battles is banned\n|rule|OHKO Clause: OHKO moves are banned\n|rule|Evasion Moves Clause: Evasion moves are banned\n|rule|Evasion Abilities Clause: Evasion abilities are banned\n|rule|Species Clause: Limit one of each Pok\u00e9mon\n|rule|Gravity Sleep Clause: The combination of sleep-inducing moves with imperfect accuracy and Gravity or Gigantamax Orbeetle are banned\n|clearpoke\n|poke|p1|Muk-Alola, M|\n|poke|p1|Clefairy, F|\n|poke|p1|Klefki, M|\n|poke|p1|Espeon, F|\n|poke|p1|Incineroar, F|\n|poke|p1|Lucario, F|\n|poke|p2|Toedscruel, F|\n|poke|p2|Torkoal, M|\n|poke|p2|Palafin, M|\n|poke|p2|Gholdengo|\n|poke|p2|Ribombee, F|\n|poke|p2|Oricorio-Sensu, F|\n|teampreview\n|\n|t:|1696205809\n|start\n|switch|p1a: Princesa|Incineroar, F|100\/100\n|switch|p1b: Keysay|Klefki, M|100\/100\n|switch|p2a: Ribombee|Ribombee, F|100\/100\n|switch|p2b: Oricorio|Oricorio-Sensu, F|100\/100\n|-ability|p1a: Princesa|Intimidate|boost\n|-unboost|p2a: Ribombee|atk|1\n|-unboost|p2b: Oricorio|atk|1\n|turn|1\n|\n|t:|1696205829\n|switch|p2b: Palafin|Palafin, M|100\/100\n|move|p1b: Keysay|Thunder Wave|p2a: Ribombee\n|-status|p2a: Ribombee|par\n|cant|p2a: Ribombee|par\n|move|p1a: Princesa|Taunt|p2a: Ribombee\n|-start|p2a: Ribombee|move: Taunt\n|\n|upkeep\n|turn|2\n|\n|t:|1696205851\n|move|p2b: Palafin|Jet Punch|p1a: Princesa\n|-supereffective|p1a: Princesa\n|-damage|p1a: Princesa|44\/100\n|move|p1b: Keysay|Thunder Wave|p2b: Palafin\n|-status|p2b: Palafin|par\n|cant|p2a: Ribombee|par\n|move|p1a: Princesa|Snarl|p2b: Palafin|[spread] p2b\n|-miss|p1a: Princesa|p2a: Ribombee\n|-damage|p2b: Palafin|84\/100 par\n|-unboost|p2b: Palafin|spa|1\n|\n|upkeep\n|turn|3\n|\n|t:|1696205870\n|move|p1b: Keysay|Reflect|p1b: Keysay\n|-sidestart|p1: Dalender|Reflect\n|move|p2b: Palafin|Jet Punch|p1a: Princesa\n|-supereffective|p1a: Princesa\n|-damage|p1a: Princesa|4\/100\n|-enditem|p1a: Princesa|Figy Berry|[eat]\n|-heal|p1a: Princesa|37\/100|[from] item: Figy Berry\n|move|p2a: Ribombee|Bug Buzz|p1b: Keysay\n|-resisted|p1b: Keysay\n|-damage|p1b: Keysay|92\/100\n|move|p1a: Princesa|Snarl|p2b: Palafin|[spread] p2a,p2b\n|-resisted|p2a: Ribombee\n|-damage|p2a: Ribombee|92\/100 par\n|-damage|p2b: Palafin|69\/100 par\n|-unboost|p2a: Ribombee|spa|1\n|-unboost|p2b: Palafin|spa|1\n|\n|-heal|p1b: Keysay|98\/100|[from] item: Leftovers\n|upkeep\n|turn|4\n|\n|t:|1696205891\n|move|p1b: Keysay|Light Screen|p1b: Keysay\n|-sidestart|p1: Dalender|move: Light Screen\n|move|p2b: Palafin|Jet Punch|p1a: Princesa\n|-supereffective|p1a: Princesa\n|-damage|p1a: Princesa|2\/100\n|move|p2a: Ribombee|Pollen Puff|p2b: Palafin\n|-heal|p2b: Palafin|100\/100 par\n|move|p1a: Princesa|Snarl|p2b: Palafin|[spread] p2a,p2b\n|-resisted|p2a: Ribombee\n|-damage|p2a: Ribombee|83\/100 par\n|-damage|p2b: Palafin|85\/100 par\n|-unboost|p2a: Ribombee|spa|1\n|-unboost|p2b: Palafin|spa|1\n|\n|-heal|p1b: Keysay|100\/100|[from] item: Leftovers\n|-end|p2a: Ribombee|move: Taunt\n|upkeep\n|turn|5\n|\n|t:|1696205917\n|switch|p1b: Cleo|Clefairy, F|100\/100\n|cant|p2b: Palafin|par\n|move|p2a: Ribombee|Quiver Dance|p2a: Ribombee\n|-boost|p2a: Ribombee|spa|1\n|-boost|p2a: Ribombee|spd|1\n|-boost|p2a: Ribombee|spe|1\n|move|p1a: Princesa|Taunt|p2a: Ribombee\n|-start|p2a: Ribombee|move: Taunt\n|\n|upkeep\n|turn|6\n|\n|t:|1696205936\n|move|p2b: Palafin|Jet Punch|p1a: Princesa\n|-supereffective|p1a: Princesa\n|-damage|p1a: Princesa|0 fnt\n|faint|p1a: Princesa\n|move|p2a: Ribombee|Bug Buzz|p1b: Cleo\n|-resisted|p1b: Cleo\n|-damage|p1b: Cleo|93\/100\n|move|p1b: Cleo|Cosmic Power|p1b: Cleo\n|-boost|p1b: Cleo|def|1\n|-boost|p1b: Cleo|spd|1\n|\n|upkeep\n|\n|t:|1696205949\n|switch|p1a: Greg|Muk-Alola, M|100\/100\n|turn|7\n|\n|t:|1696205958\n|move|p2b: Palafin|Jet Punch|p1b: Cleo\n|-damage|p1b: Cleo|82\/100\n|move|p2a: Ribombee|Moonblast|p1a: Greg\n|-damage|p1a: Greg|88\/100\n|move|p1a: Greg|Acid Spray|p2b: Palafin\n|-damage|p2b: Palafin|73\/100 par\n|-unboost|p2b: Palafin|spd|2\n|move|p1b: Cleo|Cosmic Power|p1b: Cleo\n|-boost|p1b: Cleo|def|1\n|-boost|p1b: Cleo|spd|1\n|\n|-sideend|p1: Dalender|Reflect\n|upkeep\n|turn|8\n|\n|t:|1696205975\n|move|p2b: Palafin|Jet Punch|p1b: Cleo\n|-damage|p1b: Cleo|69\/100\n|cant|p2a: Ribombee|par\n|move|p1a: Greg|Acid Spray|p2a: Ribombee\n|-supereffective|p2a: Ribombee\n|-crit|p2a: Ribombee\n|-damage|p2a: Ribombee|39\/100 par\n|-unboost|p2a: Ribombee|spd|2\n|move|p1b: Cleo|Cosmic Power|p1b: Cleo\n|-boost|p1b: Cleo|def|1\n|-boost|p1b: Cleo|spd|1\n|\n|-end|p2a: Ribombee|move: Taunt\n|-sideend|p1: Dalender|move: Light Screen\n|upkeep\n|turn|9\n|\n|t:|1696205998\n|move|p2b: Palafin|Jet Punch|p1b: Cleo\n|-damage|p1b: Cleo|57\/100\n|move|p2a: Ribombee|Moonblast|p1b: Cleo\n|-damage|p1b: Cleo|48\/100\n|move|p1a: Greg|Fling|p1b: Cleo\n|-resisted|p1b: Cleo\n|-damage|p1b: Cleo|47\/100\n|-heal|p1b: Cleo|80\/100|[from] item: Wiki Berry\n|-enditem|p1a: Greg|Wiki Berry|[from] move: Fling\n|move|p1b: Cleo|Cosmic Power|p1b: Cleo\n|-boost|p1b: Cleo|def|1\n|-boost|p1b: Cleo|spd|1\n|\n|upkeep\n|turn|10\n|\n|t:|1696206020\n|switch|p2a: Torkoal|Torkoal, M|100\/100\n|-weather|SunnyDay|[from] ability: Drought|[of] p2a: Torkoal\n|detailschange|p2b: Palafin|Palafin-Hero, M\n|switch|p2b: Toedscruel|Toedscruel, F|100\/100\n|move|p1a: Greg|Recycle|p1a: Greg\n|-item|p1a: Greg|Wiki Berry|[from] move: Recycle\n|move|p1b: Cleo|Cosmic Power|p1b: Cleo\n|-boost|p1b: Cleo|def|1\n|-boost|p1b: Cleo|spd|1\n|\n|-weather|SunnyDay|[upkeep]\n|upkeep\n|turn|11\n|\n|t:|1696206042\n|-terastallize|p2a: Torkoal|Fire\n|move|p1a: Greg|Toxic|p2a: Torkoal\n|-status|p2a: Torkoal|tox\n|move|p1b: Cleo|Stored Power|p2a: Torkoal\n|-damage|p2a: Torkoal|73\/100 tox\n|move|p2a: Torkoal|Eruption|p1b: Cleo|[spread] p1a,p1b\n|-damage|p1a: Greg|50\/100\n|-damage|p1b: Cleo|67\/100\n|-enditem|p1a: Greg|Wiki Berry|[eat]\n|-heal|p1a: Greg|83\/100|[from] item: Wiki Berry\n|move|p2b: Toedscruel|Spore|p1b: Cleo\n|-status|p1b: Cleo|slp|[from] move: Spore\n|\n|-weather|SunnyDay|[upkeep]\n|-damage|p2a: Torkoal|67\/100 tox|[from] psn\n|upkeep\n|turn|12\n|\n|t:|1696206065\n|move|p1a: Greg|Recycle|p1a: Greg\n|-item|p1a: Greg|Wiki Berry|[from] move: Recycle\n|cant|p1b: Cleo|slp\n|move|p2a: Torkoal|Eruption|p1b: Cleo|[spread] p1a,p1b\n|-damage|p1a: Greg|45\/100\n|-damage|p1b: Cleo|54\/100 slp\n|-enditem|p1a: Greg|Wiki Berry|[eat]\n|-heal|p1a: Greg|78\/100|[from] item: Wiki Berry\n|move|p2b: Toedscruel|Spore|p1a: Greg\n|-status|p1a: Greg|slp|[from] move: Spore\n|\n|-weather|SunnyDay|[upkeep]\n|-damage|p2a: Torkoal|55\/100 tox|[from] psn\n|upkeep\n|turn|13\n|\n|t:|1696206092\n|move|p2b: Toedscruel|Solar Beam||[still]\n|-prepare|p2b: Toedscruel|Solar Beam\n|-anim|p2b: Toedscruel|Solar Beam|p1a: Greg\n|-resisted|p1a: Greg\n|-damage|p1a: Greg|66\/100 slp\n|cant|p1a: Greg|slp\n|cant|p1b: Cleo|slp\n|move|p2a: Torkoal|Eruption|p1b: Cleo|[spread] p1a,p1b\n|-damage|p1a: Greg|39\/100 slp\n|-damage|p1b: Cleo|43\/100 slp\n|\n|-weather|SunnyDay|[upkeep]\n|-damage|p2a: Torkoal|37\/100 tox|[from] psn\n|upkeep\n|turn|14\n|\n|t:|1696206113\n|move|p2b: Toedscruel|Protect|p2b: Toedscruel\n|-singleturn|p2b: Toedscruel|Protect\n|cant|p1a: Greg|slp\n|-curestatus|p1b: Cleo|slp|[msg]\n|move|p1b: Cleo|Moonlight|p1b: Cleo\n|-heal|p1b: Cleo|100\/100\n|move|p2a: Torkoal|Earthquake|p1a: Greg|[spread] p1a,p1b\n|-activate|p2b: Toedscruel|move: Protect\n|-supereffective|p1a: Greg\n|-damage|p1a: Greg|6\/100 slp\n|-damage|p1b: Cleo|96\/100\n|\n|-weather|none\n|-damage|p2a: Torkoal|13\/100 tox|[from] psn\n|upkeep\n|turn|15\n|\n|t:|1696206142\n|switch|p1a: Venus|Espeon, F|100\/100\n|move|p1b: Cleo|Follow Me|p1b: Cleo\n|-singleturn|p1b: Cleo|move: Follow Me\n|move|p2b: Toedscruel|Solar Beam||[still]\n|-prepare|p2b: Toedscruel|Solar Beam\n|move|p2a: Torkoal|Eruption|p1b: Cleo|[spread] p1a,p1b\n|-crit|p1b: Cleo\n|-damage|p1a: Venus|93\/100\n|-damage|p1b: Cleo|88\/100\n|\n|-damage|p2a: Torkoal|0 fnt|[from] psn\n|faint|p2a: Torkoal\n|upkeep\n|\n|t:|1696206154\n|switch|p2a: Palafin|Palafin-Hero, M|73\/100 par\n|-activate|p2a: Palafin|ability: Zero to Hero\n|turn|16\n|\n|t:|1696206170\n|move|p1b: Cleo|Follow Me|p1b: Cleo\n|-singleturn|p1b: Cleo|move: Follow Me\n|move|p1a: Venus|Psych Up|p1b: Cleo\n|-copyboost|p1a: Venus|p1b: Cleo|[from] move: Psych Up\n|move|p2b: Toedscruel|Solar Beam|p1b: Cleo|[from]lockedmove\n|-damage|p1b: Cleo|80\/100\n|move|p2a: Palafin|Flip Turn|p1b: Cleo\n|-damage|p1b: Cleo|67\/100\n|\n|t:|1696206180\n|switch|p2a: Oricorio|Oricorio-Sensu, F|100\/100|[from] Flip Turn\n|\n|upkeep\n|turn|17\n|\n|t:|1696206195\n|move|p1b: Cleo|Follow Me|p1b: Cleo\n|-singleturn|p1b: Cleo|move: Follow Me\n|move|p1a: Venus|Stored Power|p2b: Toedscruel\n|-damage|p2b: Toedscruel|8\/100\n|move|p2a: Oricorio|Revelation Dance|p1b: Cleo\n|-damage|p1b: Cleo|59\/100\n|move|p2b: Toedscruel|Toxic|p1b: Cleo\n|-status|p1b: Cleo|tox\n|\n|upkeep\n|turn|18\n|\n|t:|1696206225\n|move|p2b: Toedscruel|Protect|p2b: Toedscruel\n|-singleturn|p2b: Toedscruel|Protect\n|move|p1a: Venus|Dazzling Gleam|p2a: Oricorio|[spread] p2a\n|-activate|p2b: Toedscruel|move: Protect\n|-damage|p2a: Oricorio|70\/100\n|move|p2a: Oricorio|Taunt|p1b: Cleo\n|-start|p1b: Cleo|move: Taunt\n|cant|p1b: Cleo|move: Taunt|Moonlight\n|\n|upkeep\n|turn|19\n|\n|t:|1696206243\n|move|p1a: Venus|Dazzling Gleam|p2a: Oricorio|[spread] p2a,p2b\n|-damage|p2a: Oricorio|41\/100\n|-damage|p2b: Toedscruel|0 fnt\n|faint|p2b: Toedscruel\n|move|p2a: Oricorio|Revelation Dance|p1a: Venus\n|-supereffective|p1a: Venus\n|-damage|p1a: Venus|69\/100\n|-enditem|p1a: Venus|Weakness Policy\n|-boost|p1a: Venus|atk|2|[from] item: Weakness Policy\n|-boost|p1a: Venus|spa|2|[from] item: Weakness Policy\n|move|p1b: Cleo|Stored Power|p2a: Oricorio\n|-damage|p2a: Oricorio|0 fnt\n|faint|p2a: Oricorio\n|\n|upkeep\n|\n|t:|1696206257\n|switch|p2a: Gholdengo|Gholdengo|100\/100\n|switch|p2b: Palafin|Palafin-Hero, M|73\/100 par\n|turn|20\n|\n|t:|1696206271\n|-terastallize|p1a: Venus|Poison\n|move|p1a: Venus|Stored Power|p2a: Gholdengo\n|-resisted|p2a: Gholdengo\n|-damage|p2a: Gholdengo|0 fnt\n|faint|p2a: Gholdengo\n|move|p2b: Palafin|Drain Punch|p1a: Venus\n|-resisted|p1a: Venus\n|-damage|p1a: Venus|59\/100\n|-heal|p2b: Palafin|77\/100 par|[from] drain|[of] p1a: Venus\n|move|p1b: Cleo|Stored Power|p2b: Palafin\n|-damage|p2b: Palafin|41\/100 par\n|\n|-end|p1b: Cleo|move: Taunt\n|upkeep\n|-message|Dav136389 forfeited.\n|\n|win|Dalender\n|raw|Dalender's rating: 1000 &rarr; <strong>1043<\/strong><br \/>(+43 for winning)\n|raw|Dav136389's rating: 1030 &rarr; <strong>1014<\/strong><br \/>(-16 for losing)\n|l|\u2606Dav136389\n","uploadtime":1696206289,"views":8,"p1id":"dalender","p2id":"dav136389","formatid":"gen9nationaldexdoubles","rating":1014,"private":0,"password":""}