{"id":"gen9nationaldexdoubles-1975228620","p1":"shiftygatito","p2":"Okto481","format":"[Gen 9] National Dex Doubles","log":"|j|\u2606shiftygatito\n|j|\u2606Okto481\n|t:|1698171906\n|gametype|doubles\n|player|p1|shiftygatito|hugh|\n|player|p2|Okto481|dawn|\n|teamsize|p1|6\n|teamsize|p2|6\n|gen|9\n|tier|[Gen 9] National Dex Doubles\n|rule|HP Percentage Mod: HP is shown in percentages\n|rule|Endless Battle Clause: Forcing endless battles is banned\n|rule|OHKO Clause: OHKO moves are banned\n|rule|Evasion Moves Clause: Evasion moves are banned\n|rule|Evasion Abilities Clause: Evasion abilities are banned\n|rule|Species Clause: Limit one of each Pok\u00e9mon\n|rule|Gravity Sleep Clause: The combination of sleep-inducing moves with imperfect accuracy and Gravity or Gigantamax Orbeetle are banned\n|clearpoke\n|poke|p1|Tapu Koko|\n|poke|p1|Iron Valiant|\n|poke|p1|Hawlucha, M|\n|poke|p1|Iron Moth|\n|poke|p1|Scizor, M|\n|poke|p1|Gliscor, M|\n|poke|p2|Tapu Lele|\n|poke|p2|Gardevoir, F|\n|poke|p2|Gallade, M|\n|poke|p2|Indeedee-F, F|\n|poke|p2|Dottler, F|\n|poke|p2|Armarouge, F|\n|teampreview\n|inactive|Battle timer is ON: inactive players will automatically lose when time's up. (requested by shiftygatito)\n|c|\u2606shiftygatito|glhf\n|c|\u2606Okto481|glhf\n|\n|t:|1698171920\n|start\n|switch|p1a: Iron Moth|Iron Moth|100\/100\n|switch|p1b: Scizor|Scizor, M|100\/100\n|switch|p2a: Dottler|Dottler, F|100\/100\n|switch|p2b: Armarouge|Armarouge, F|100\/100\n|turn|1\n|\n|t:|1698171931\n|switch|p1b: Tapu Koko|Tapu Koko|100\/100\n|-fieldstart|move: Electric Terrain|[from] ability: Electric Surge|[of] p1b: Tapu Koko\n|-activate|p1a: Iron Moth|ability: Quark Drive\n|-start|p1a: Iron Moth|quarkdrivespe\n|move|p1a: Iron Moth|Heat Wave|p2a: Dottler|[spread] p2a,p2b\n|-supereffective|p2a: Dottler\n|-resisted|p2b: Armarouge\n|-damage|p2a: Dottler|44\/100\n|-damage|p2b: Armarouge|76\/100\n|move|p2b: Armarouge|Armor Cannon|p1b: Tapu Koko\n|-damage|p1b: Tapu Koko|23\/100\n|-unboost|p2b: Armarouge|def|1\n|-unboost|p2b: Armarouge|spd|1\n|move|p2a: Dottler|Sticky Web|p1b: Tapu Koko\n|-sidestart|p1: shiftygatito|move: Sticky Web\n|\n|upkeep\n|turn|2\n|\n|t:|1698171954\n|switch|p2a: Indeedee|Indeedee-F, F|100\/100\n|-fieldstart|move: Psychic Terrain|[from] ability: Psychic Surge|[of] p2a: Indeedee\n|-end|p1a: Iron Moth|Quark Drive\n|move|p2b: Armarouge|Protect|p2b: Armarouge\n|-singleturn|p2b: Armarouge|Protect\n|move|p1b: Tapu Koko|Thunderbolt|p2b: Armarouge\n|-activate|p2b: Armarouge|move: Protect\n|move|p1a: Iron Moth|Tera Blast|p2b: Armarouge\n|-activate|p2b: Armarouge|move: Protect\n|\n|upkeep\n|turn|3\n|\n|t:|1698171981\n|switch|p1b: Scizor|Scizor, M|100\/100\n|-activate|p1b: Scizor|move: Sticky Web\n|-unboost|p1b: Scizor|spe|1\n|switch|p2b: Gallade|Gallade, M|100\/100\n|move|p1a: Iron Moth|Heat Wave|p2b: Gallade|[spread] p2a,p2b\n|-damage|p2a: Indeedee|57\/100\n|-damage|p2b: Gallade|58\/100\n|move|p2a: Indeedee|Expanding Force|p1b: Scizor|[spread] p1a,p1b\n|-supereffective|p1a: Iron Moth\n|-resisted|p1b: Scizor\n|-damage|p1a: Iron Moth|9\/100\n|-damage|p1b: Scizor|67\/100\n|\n|upkeep\n|turn|4\n|\n|t:|1698172001\n|detailschange|p1b: Scizor|Scizor-Mega, M\n|-mega|p1b: Scizor|Scizor|Scizorite\n|move|p1a: Iron Moth|Sludge Wave|p2a: Indeedee|[spread] p2a,p2b\n|-immune|p1b: Scizor\n|-damage|p2a: Indeedee|12\/100\n|-damage|p2b: Gallade|21\/100\n|move|p2a: Indeedee|Expanding Force|p1b: Scizor|[spread] p1a,p1b\n|-supereffective|p1a: Iron Moth\n|-resisted|p1b: Scizor\n|-damage|p1a: Iron Moth|0 fnt\n|-damage|p1b: Scizor|40\/100\n|faint|p1a: Iron Moth\n|-end|p1a: Iron Moth|Quark Drive|[silent]\n|move|p2b: Gallade|Sacred Sword|p1b: Scizor\n|-damage|p1b: Scizor|0 fnt\n|faint|p1b: Scizor\n|\n|upkeep\n|\n|t:|1698172020\n|switch|p1a: Tapu Koko|Tapu Koko|23\/100\n|switch|p1b: Hawlucha|Hawlucha, M|100\/100\n|-activate|p1a: Tapu Koko|move: Sticky Web\n|-unboost|p1a: Tapu Koko|spe|1\n|-fieldstart|move: Electric Terrain|[from] ability: Electric Surge|[of] p1a: Tapu Koko\n|-enditem|p1b: Hawlucha|Electric Seed\n|-boost|p1b: Hawlucha|def|1|[from] item: Electric Seed\n|turn|5\n|\n|t:|1698172038\n|-terastallize|p1b: Hawlucha|Steel\n|move|p1b: Hawlucha|Swords Dance|p1b: Hawlucha\n|-boost|p1b: Hawlucha|atk|2\n|move|p2a: Indeedee|Expanding Force|p1b: Hawlucha\n|-resisted|p1b: Hawlucha\n|-damage|p1b: Hawlucha|78\/100\n|move|p2b: Gallade|Sacred Sword|p1a: Tapu Koko\n|-resisted|p1a: Tapu Koko\n|-damage|p1a: Tapu Koko|0 fnt\n|faint|p1a: Tapu Koko\n|\n|upkeep\n|\n|t:|1698172047\n|switch|p1a: Iron Valiant|Iron Valiant|100\/100\n|-activate|p1a: Iron Valiant|move: Sticky Web\n|-unboost|p1a: Iron Valiant|spe|1\n|-activate|p1a: Iron Valiant|ability: Quark Drive\n|-start|p1a: Iron Valiant|quarkdrivespa\n|turn|6\n|\n|t:|1698172053\n|move|p1b: Hawlucha|Acrobatics|p2b: Gallade\n|-supereffective|p2b: Gallade\n|-damage|p2b: Gallade|0 fnt\n|faint|p2b: Gallade\n|move|p2a: Indeedee|Expanding Force|p1a: Iron Valiant\n|-supereffective|p1a: Iron Valiant\n|-damage|p1a: Iron Valiant|0 fnt\n|faint|p1a: Iron Valiant\n|-end|p1a: Iron Valiant|Quark Drive|[silent]\n|\n|upkeep\n|\n|t:|1698172058\n|switch|p1a: Gliscor|Gliscor, M|100\/100\n|switch|p2b: Tapu Lele|Tapu Lele|100\/100\n|-fieldstart|move: Psychic Terrain|[from] ability: Psychic Surge|[of] p2b: Tapu Lele\n|turn|7\n|\n|t:|1698172066\n|move|p2a: Indeedee|Follow Me|p2a: Indeedee\n|-singleturn|p2a: Indeedee|move: Follow Me\n|move|p1b: Hawlucha|Acrobatics|p2a: Indeedee\n|-damage|p2a: Indeedee|0 fnt\n|faint|p2a: Indeedee\n|move|p2b: Tapu Lele|Focus Blast|p1b: Hawlucha\n|-supereffective|p1b: Hawlucha\n|-damage|p1b: Hawlucha|0 fnt\n|faint|p1b: Hawlucha\n|move|p1a: Gliscor|U-turn|p2b: Tapu Lele\n|-damage|p2b: Tapu Lele|75\/100\n|\n|-status|p1a: Gliscor|tox|[from] item: Toxic Orb\n|upkeep\n|c|\u2606shiftygatito|gg\n|\n|t:|1698172071\n|switch|p2a: Dottler|Dottler, F|44\/100\n|turn|8\n|c|\u2606shiftygatito|one more rematch please\n|\n|t:|1698172082\n|switch|p2b: Armarouge|Armarouge, F|76\/100\n|move|p1a: Gliscor|Earthquake|p2a: Dottler|[spread] p2a,p2b\n|-resisted|p2a: Dottler\n|-supereffective|p2b: Armarouge\n|-damage|p2a: Dottler|36\/100\n|-damage|p2b: Armarouge|18\/100\n|-ability|p2b: Armarouge|Weak Armor|boost\n|-unboost|p2b: Armarouge|def|1\n|-boost|p2b: Armarouge|spe|2\n|-enditem|p2b: Armarouge|Weakness Policy\n|-boost|p2b: Armarouge|atk|2|[from] item: Weakness Policy\n|-boost|p2b: Armarouge|spa|2|[from] item: Weakness Policy\n|move|p2a: Dottler|Skill Swap|p1a: Gliscor\n|-activate|p2a: Dottler|move: Skill Swap|Poison Heal|Swarm|[of] p1a: Gliscor\n|\n|-damage|p1a: Gliscor|94\/100 tox|[from] psn\n|upkeep\n|turn|9\n|\n|t:|1698172095\n|move|p2b: Armarouge|Expanding Force|p1a: Gliscor\n|-damage|p1a: Gliscor|0 fnt\n|faint|p1a: Gliscor\n|\n|win|Okto481\n|c|\u2606Okto481|yee\n|c|\u2606Okto481|gg\n","uploadtime":1698172105,"views":12,"p1id":"shiftygatito","p2id":"okto481","formatid":"gen9nationaldexdoubles","rating":0,"private":0,"password":""}