{"id":"gen9nationaldexdoubles-1984939012","p1":"The Cracked One","p2":"jalen33","format":"[Gen 9] National Dex Doubles","log":"|j|\u2606The Cracked One\n|j|\u2606jalen33\n|t:|1699312798\n|gametype|doubles\n|player|p1|The Cracked One|psychic-gen4|1046\n|player|p2|jalen33|benga|1070\n|teamsize|p1|6\n|teamsize|p2|6\n|gen|9\n|tier|[Gen 9] National Dex Doubles\n|rated|\n|rule|HP Percentage Mod: HP is shown in percentages\n|rule|Endless Battle Clause: Forcing endless battles is banned\n|rule|OHKO Clause: OHKO moves are banned\n|rule|Evasion Moves Clause: Evasion moves are banned\n|rule|Evasion Abilities Clause: Evasion abilities are banned\n|rule|Species Clause: Limit one of each Pok\u00e9mon\n|rule|Gravity Sleep Clause: The combination of sleep-inducing moves with imperfect accuracy and Gravity or Gigantamax Orbeetle are banned\n|clearpoke\n|poke|p1|Eiscue, M|\n|poke|p1|Abomasnow, M|\n|poke|p1|Azumarill, M|\n|poke|p1|Froslass, F|\n|poke|p1|Baxcalibur, M|\n|poke|p1|Delibird, M|\n|poke|p2|Gholdengo|\n|poke|p2|Numel, F|\n|poke|p2|Volcanion|\n|poke|p2|Kommo-o, F|\n|poke|p2|Flamigo, F|\n|poke|p2|Sinistcha|\n|teampreview\n|\n|t:|1699312813\n|start\n|switch|p1a: You|Eiscue, M, shiny|100\/100\n|switch|p1b: Have|Abomasnow, M, shiny|100\/100\n|switch|p2a: Numel|Numel, F|100\/100\n|switch|p2b: Gholdengo|Gholdengo|100\/100\n|-weather|Snow|[from] ability: Snow Warning|[of] p1b: Have\n|turn|1\n|inactive|Battle timer is ON: inactive players will automatically lose when time's up. (requested by jalen33)\n|\n|t:|1699312834\n|detailschange|p1b: Have|Abomasnow-Mega, M, shiny\n|-mega|p1b: Have|Abomasnow|Abomasite\n|move|p2b: Gholdengo|Make It Rain|p1a: You|[spread] p1a,p1b\n|-supereffective|p1a: You\n|-supereffective|p1b: Have\n|-damage|p1a: You|0 fnt\n|-damage|p1b: Have|3\/100\n|-unboost|p2b: Gholdengo|spa|1\n|faint|p1a: You\n|move|p2a: Numel|Growth|p2a: Numel\n|-boost|p2a: Numel|atk|2\n|-boost|p2a: Numel|spa|2\n|move|p1b: Have|Aurora Veil|p1b: Have\n|-sidestart|p1: The Cracked One|move: Aurora Veil\n|\n|-weather|Snow|[upkeep]\n|upkeep\n|\n|t:|1699312850\n|switch|p1a: Just|Azumarill, M, shiny|100\/100\n|turn|2\n|\n|t:|1699312868\n|switch|p2b: Flamigo|Flamigo, F|100\/100\n|-copyboost|p2b: Flamigo|p2a: Numel|[from] ability: Costar\n|move|p1a: Just|Belly Drum|p1a: Just\n|-damage|p1a: Just|50\/100\n|-setboost|p1a: Just|atk|6|[from] move: Belly Drum\n|-enditem|p1a: Just|Sitrus Berry|[eat]\n|-heal|p1a: Just|75\/100|[from] item: Sitrus Berry\n|move|p2a: Numel|Flamethrower|p1b: Have\n|-supereffective|p1b: Have\n|-damage|p1b: Have|0 fnt\n|faint|p1b: Have\n|\n|-weather|Snow|[upkeep]\n|upkeep\n|\n|t:|1699312892\n|switch|p1b: Rickrolled|Baxcalibur, M, shiny|100\/100\n|turn|3\n|\n|t:|1699312909\n|move|p1a: Just|Aqua Jet|p2a: Numel\n|-supereffective|p2a: Numel\n|-enditem|p2a: Numel|Focus Sash\n|-damage|p2a: Numel|1\/100\n|move|p2b: Flamigo|Dual Wingbeat|p1a: Just\n|-damage|p1a: Just|47\/100\n|-damage|p1a: Just|23\/100\n|-hitcount|p1a: Just|2\n|-zpower|p1b: Rickrolled\n|move|p1b: Rickrolled|Subzero Slammer|p2b: Flamigo|[zeffect]\n|-supereffective|p2b: Flamigo\n|-damage|p2b: Flamigo|0 fnt\n|faint|p2b: Flamigo\n|move|p2a: Numel|Will-O-Wisp|p1b: Rickrolled\n|-immune|p1b: Rickrolled|[from] ability: Thermal Exchange\n|\n|-weather|Snow|[upkeep]\n|upkeep\n|\n|t:|1699312922\n|switch|p2b: Gholdengo|Gholdengo|100\/100\n|turn|4\n|\n|t:|1699312940\n|-terastallize|p2b: Gholdengo|Steel\n|move|p1a: Just|Aqua Jet|p2b: Gholdengo\n|-damage|p2b: Gholdengo|0 fnt\n|faint|p2b: Gholdengo\n|move|p1b: Rickrolled|Dragon Dance|p1b: Rickrolled\n|-boost|p1b: Rickrolled|atk|1\n|-boost|p1b: Rickrolled|spe|1\n|move|p2a: Numel|Will-O-Wisp|p1a: Just\n|-status|p1a: Just|brn\n|\n|-weather|Snow|[upkeep]\n|-damage|p1a: Just|16\/100 brn|[from] brn\n|upkeep\n|\n|t:|1699312946\n|switch|p2b: Sinistcha|Sinistcha|100\/100\n|-heal|p2a: Numel|26\/100|[from] ability: Hospitality|[of] p2b: Sinistcha\n|turn|5\n|\n|t:|1699312973\n|move|p1a: Just|Aqua Jet|p2a: Numel\n|-supereffective|p2a: Numel\n|-damage|p2a: Numel|0 fnt\n|faint|p2a: Numel\n|move|p1b: Rickrolled|Glaive Rush|p2b: Sinistcha\n|-damage|p2b: Sinistcha|21\/100\n|-singlemove|p1b: Rickrolled|Glaive Rush|[silent]\n|-enditem|p2b: Sinistcha|Aguav Berry|[eat]\n|-heal|p2b: Sinistcha|54\/100|[from] item: Aguav Berry\n|move|p2b: Sinistcha|Strength Sap|p1b: Rickrolled\n|-unboost|p1b: Rickrolled|atk|1\n|-heal|p2b: Sinistcha|100\/100\n|\n|-weather|none\n|-damage|p1a: Just|10\/100 brn|[from] brn\n|-sideend|p1: The Cracked One|move: Aurora Veil\n|upkeep\n|\n|t:|1699312985\n|switch|p2a: Volcanion|Volcanion|100\/100\n|turn|6\n|\n|t:|1699313008\n|move|p2b: Sinistcha|Rage Powder|p2b: Sinistcha\n|-singleturn|p2b: Sinistcha|move: Rage Powder\n|move|p1a: Just|Aqua Jet|p2b: Sinistcha\n|-resisted|p2b: Sinistcha\n|-damage|p2b: Sinistcha|83\/100\n|move|p1b: Rickrolled|Icicle Crash|p2b: Sinistcha\n|-supereffective|p2b: Sinistcha\n|-damage|p2b: Sinistcha|8\/100\n|move|p2a: Volcanion|Steam Eruption|p1a: Just\n|-resisted|p1a: Just\n|-damage|p1a: Just|0 fnt\n|faint|p1a: Just\n|\n|upkeep\n|\n|t:|1699313022\n|switch|p1a: Been|Froslass, F, shiny|100\/100\n|turn|7\n|\n|t:|1699313045\n|switch|p2b: Kommo-o|Kommo-o, F|100\/100\n|-terastallize|p1a: Been|Ground\n|move|p1b: Rickrolled|Icicle Crash|p2b: Kommo-o\n|-supereffective|p2b: Kommo-o\n|-damage|p2b: Kommo-o|0 fnt\n|faint|p2b: Kommo-o\n|move|p1a: Been|Tera Blast|p2a: Volcanion|[anim] Tera Blast Ground\n|-supereffective|p2a: Volcanion\n|-damage|p2a: Volcanion|20\/100\n|-damage|p1a: Been|91\/100|[from] item: Life Orb\n|move|p2a: Volcanion|Flamethrower|p1a: Been\n|-damage|p1a: Been|23\/100\n|\n|upkeep\n|-message|jalen33 forfeited.\n|\n|win|The Cracked One\n|raw|The Cracked One's rating: 1046 &rarr; <strong>1081<\/strong><br \/>(+35 for winning)\n|raw|jalen33's rating: 1070 &rarr; <strong>1048<\/strong><br \/>(-22 for losing)\n|l|\u2606jalen33\n","uploadtime":1699313092,"views":7,"p1id":"thecrackedone","p2id":"jalen33","formatid":"gen9nationaldexdoubles","rating":1048,"private":0,"password":""}