{"id":"gen9nationaldexdoubles-1954388183","p1":"multiverse winner","p2":"CynthiasDom","format":"[Gen 9] National Dex Doubles","log":"|j|\u2606multiverse winner\n|j|\u2606CynthiasDom\n|t:|1695888907\n|gametype|doubles\n|player|p1|multiverse winner|shadowtriad|1000\n|player|p2|CynthiasDom|cynthia-gen4|1156\n|teamsize|p1|6\n|teamsize|p2|6\n|gen|9\n|tier|[Gen 9] National Dex Doubles\n|rated|\n|rule|HP Percentage Mod: HP is shown in percentages\n|rule|Endless Battle Clause: Forcing endless battles is banned\n|rule|OHKO Clause: OHKO moves are banned\n|rule|Evasion Moves Clause: Evasion moves are banned\n|rule|Evasion Abilities Clause: Evasion abilities are banned\n|rule|Species Clause: Limit one of each Pok\u00e9mon\n|rule|Gravity Sleep Clause: The combination of sleep-inducing moves with imperfect accuracy and Gravity or Gigantamax Orbeetle are banned\n|clearpoke\n|poke|p1|Garchomp, F|\n|poke|p1|Lucario, F|\n|poke|p1|Luxray, F|\n|poke|p1|Umbreon, M|\n|poke|p1|Cinderace, M|\n|poke|p1|Dragonite, F|\n|poke|p2|Brambleghast, M|\n|poke|p2|Incineroar, M|\n|poke|p2|Urshifu-*, M|\n|poke|p2|Fezandipiti, M|\n|poke|p2|Goodra-Hisui, F|\n|poke|p2|Cresselia, F|\n|teampreview\n|inactive|Battle timer is ON: inactive players will automatically lose when time's up. (requested by CynthiasDom)\n|\n|t:|1695888917\n|start\n|switch|p1a: Garchomp|Garchomp, F|100\/100\n|switch|p1b: Luxray|Luxray, F|100\/100\n|switch|p2a: Incineroar|Incineroar, M, shiny|100\/100\n|switch|p2b: Fezandipiti|Fezandipiti, M|100\/100\n|-ability|p1b: Luxray|Intimidate|boost\n|-unboost|p2a: Incineroar|atk|1\n|-unboost|p2b: Fezandipiti|atk|1\n|-ability|p2a: Incineroar|Intimidate|boost\n|-unboost|p1a: Garchomp|atk|1\n|-unboost|p1b: Luxray|atk|1\n|turn|1\n|\n|t:|1695888933\n|move|p2a: Incineroar|Fake Out|p1a: Garchomp\n|-damage|p1a: Garchomp|94\/100\n|-damage|p2a: Incineroar|88\/100|[from] ability: Rough Skin|[of] p1a: Garchomp\n|move|p2b: Fezandipiti|Tailwind|p2b: Fezandipiti\n|-sidestart|p2: CynthiasDom|move: Tailwind\n|cant|p1a: Garchomp|flinch\n|move|p1b: Luxray|Discharge|p2a: Incineroar|[spread] p2a,p2b\n|-immune|p1a: Garchomp\n|-crit|p2b: Fezandipiti\n|-damage|p2a: Incineroar|73\/100\n|-damage|p2b: Fezandipiti|76\/100\n|-status|p2a: Incineroar|par\n|\n|-heal|p1a: Garchomp|99\/100|[from] item: Leftovers\n|upkeep\n|turn|2\n|\n|t:|1695888954\n|move|p2b: Fezandipiti|Icy Wind|p1b: Luxray|[spread] p1a\n|-miss|p2b: Fezandipiti|p1b: Luxray\n|-supereffective|p1a: Garchomp\n|-damage|p1a: Garchomp|71\/100\n|-unboost|p1a: Garchomp|spe|1\n|move|p1b: Luxray|Discharge|p2b: Fezandipiti|[spread] p2a,p2b\n|-immune|p1a: Garchomp\n|-damage|p2a: Incineroar|58\/100 par\n|-damage|p2b: Fezandipiti|59\/100\n|move|p1a: Garchomp|Stealth Rock|p2b: Fezandipiti\n|-sidestart|p2: CynthiasDom|move: Stealth Rock\n|cant|p2a: Incineroar|par\n|\n|-heal|p1a: Garchomp|77\/100|[from] item: Leftovers\n|upkeep\n|turn|3\n|\n|t:|1695888980\n|move|p2b: Fezandipiti|Dazzling Gleam|p1a: Garchomp|[spread] p1a,p1b\n|-supereffective|p1a: Garchomp\n|-damage|p1a: Garchomp|50\/100\n|-damage|p1b: Luxray|83\/100\n|move|p1b: Luxray|Play Rough|p2a: Incineroar\n|-damage|p2a: Incineroar|42\/100 par\n|-unboost|p2a: Incineroar|atk|1\n|move|p1a: Garchomp|Earthquake|p2a: Incineroar|[spread] p1b,p2a,p2b\n|-supereffective|p1b: Luxray\n|-supereffective|p2a: Incineroar\n|-supereffective|p2b: Fezandipiti\n|-damage|p1b: Luxray|32\/100\n|-damage|p2a: Incineroar|0 fnt\n|-damage|p2b: Fezandipiti|15\/100\n|faint|p2a: Incineroar\n|\n|-heal|p1a: Garchomp|56\/100|[from] item: Leftovers\n|upkeep\n|\n|t:|1695888989\n|switch|p2a: Brambleghast|Brambleghast, M, shiny|100\/100\n|-damage|p2a: Brambleghast|88\/100|[from] Stealth Rock\n|-ability|p2a: Brambleghast|Wind Rider|boost\n|-boost|p2a: Brambleghast|atk|1\n|turn|4\n|\n|t:|1695889015\n|switch|p1a: Dragonite|Dragonite, F|100\/100\n|move|p2b: Fezandipiti|Protect|p2b: Fezandipiti\n|-singleturn|p2b: Fezandipiti|Protect\n|move|p2a: Brambleghast|Poltergeist|p1a: Dragonite\n|-activate|p1a: Dragonite|move: Poltergeist|Leftovers\n|-damage|p1a: Dragonite|58\/100\n|move|p1b: Luxray|Play Rough|p2b: Fezandipiti\n|-activate|p2b: Fezandipiti|move: Protect\n|\n|-heal|p1a: Dragonite|64\/100|[from] item: Leftovers\n|-sideend|p2: CynthiasDom|move: Tailwind\n|upkeep\n|turn|5\n|\n|t:|1695889035\n|move|p2b: Fezandipiti|Tailwind|p2b: Fezandipiti\n|-sidestart|p2: CynthiasDom|move: Tailwind\n|-ability|p2a: Brambleghast|Wind Rider|boost\n|-boost|p2a: Brambleghast|atk|1\n|move|p2a: Brambleghast|Poltergeist|p1a: Dragonite\n|-activate|p1a: Dragonite|move: Poltergeist|Leftovers\n|-damage|p1a: Dragonite|0 fnt\n|faint|p1a: Dragonite\n|move|p1b: Luxray|Play Rough|p2a: Brambleghast\n|-damage|p2a: Brambleghast|58\/100\n|\n|upkeep\n|\n|t:|1695889051\n|switch|p1a: Cinderace|Cinderace, M|100\/100\n|turn|6\n|\n|t:|1695889061\n|move|p2b: Fezandipiti|Icy Wind|p1a: Cinderace|[spread] p1a,p1b\n|-resisted|p1a: Cinderace\n|-crit|p1a: Cinderace\n|-damage|p1a: Cinderace|94\/100\n|-damage|p1b: Luxray|24\/100\n|-unboost|p1a: Cinderace|spe|1\n|-unboost|p1b: Luxray|spe|1\n|-status|p1a: Cinderace|tox|[from] ability: Toxic Chain|[of] p2b: Fezandipiti\n|-zpower|p2a: Brambleghast\n|move|p2a: Brambleghast|Never-Ending Nightmare|p1a: Cinderace|[zeffect]\n|-damage|p1a: Cinderace|0 fnt\n|faint|p1a: Cinderace\n|move|p1b: Luxray|Play Rough|p2b: Fezandipiti\n|-resisted|p2b: Fezandipiti\n|-damage|p2b: Fezandipiti|8\/100\n|\n|upkeep\n|\n|t:|1695889079\n|switch|p1a: Umbreon|Umbreon, M|100\/100\n|turn|7\n|\n|t:|1695889092\n|move|p2b: Fezandipiti|Dazzling Gleam|p1a: Umbreon|[spread] p1a,p1b\n|-supereffective|p1a: Umbreon\n|-damage|p1a: Umbreon|79\/100\n|-damage|p1b: Luxray|6\/100\n|-status|p1a: Umbreon|tox|[from] ability: Toxic Chain|[of] p2b: Fezandipiti\n|-activate|p1a: Umbreon|ability: Synchronize\n|-immune|p2b: Fezandipiti\n|move|p2a: Brambleghast|Strength Sap|p1a: Umbreon\n|-unboost|p1a: Umbreon|atk|1\n|-heal|p2a: Brambleghast|100\/100\n|move|p1a: Umbreon|Psychic|p2a: Brambleghast\n|-damage|p2a: Brambleghast|74\/100\n|move|p1b: Luxray|Thunder|p2b: Fezandipiti|[miss]\n|-miss|p1b: Luxray|p2b: Fezandipiti\n|\n|-damage|p1a: Umbreon|73\/100 tox|[from] psn\n|upkeep\n|turn|8\n|\n|t:|1695889115\n|move|p2b: Fezandipiti|Protect|p2b: Fezandipiti\n|-singleturn|p2b: Fezandipiti|Protect\n|move|p1a: Umbreon|Protect|p1a: Umbreon\n|-singleturn|p1a: Umbreon|Protect\n|move|p2a: Brambleghast|Seed Bomb|p1b: Luxray\n|-damage|p1b: Luxray|0 fnt\n|faint|p1b: Luxray\n|\n|-damage|p1a: Umbreon|61\/100 tox|[from] psn\n|-sideend|p2: CynthiasDom|move: Tailwind\n|upkeep\n|\n|t:|1695889125\n|switch|p1b: Lucario|Lucario, F|100\/100\n|turn|9\n|\n|t:|1695889138\n|move|p2b: Fezandipiti|Tailwind|p2b: Fezandipiti\n|-sidestart|p2: CynthiasDom|move: Tailwind\n|-ability|p2a: Brambleghast|Wind Rider|boost\n|-boost|p2a: Brambleghast|atk|1\n|move|p2a: Brambleghast|Poltergeist|p1b: Lucario\n|-activate|p1b: Lucario|move: Poltergeist|Expert Belt\n|-damage|p1b: Lucario|0 fnt\n|faint|p1b: Lucario\n|move|p1a: Umbreon|Crunch|p2a: Brambleghast\n|-supereffective|p2a: Brambleghast\n|-damage|p2a: Brambleghast|17\/100\n|-unboost|p2a: Brambleghast|def|1\n|\n|-damage|p1a: Umbreon|42\/100 tox|[from] psn\n|upkeep\n|\n|t:|1695889152\n|switch|p1b: Garchomp|Garchomp, F|56\/100\n|turn|10\n|\n|t:|1695889160\n|move|p2a: Brambleghast|Protect|p2a: Brambleghast\n|-singleturn|p2a: Brambleghast|Protect\n|move|p2b: Fezandipiti|Dazzling Gleam|p1a: Umbreon|[spread] p1a,p1b\n|-supereffective|p1a: Umbreon\n|-supereffective|p1b: Garchomp\n|-crit|p1b: Garchomp\n|-damage|p1a: Umbreon|21\/100 tox\n|-damage|p1b: Garchomp|12\/100\n|-enditem|p1a: Umbreon|Aguav Berry|[eat]\n|-heal|p1a: Umbreon|54\/100 tox|[from] item: Aguav Berry\n|move|p1b: Garchomp|Earthquake|p2b: Fezandipiti|[spread] p1a,p2b\n|-activate|p2a: Brambleghast|move: Protect\n|-supereffective|p2b: Fezandipiti\n|-damage|p1a: Umbreon|27\/100 tox\n|-damage|p2b: Fezandipiti|0 fnt\n|faint|p2b: Fezandipiti\n|move|p1a: Umbreon|Crunch|p2a: Brambleghast\n|-activate|p2a: Brambleghast|move: Protect\n|\n|-heal|p1b: Garchomp|18\/100|[from] item: Leftovers\n|-damage|p1a: Umbreon|2\/100 tox|[from] psn\n|upkeep\n|\n|t:|1695889177\n|switch|p2b: Urshifu|Urshifu-Rapid-Strike, M|100\/100\n|-damage|p2b: Urshifu|94\/100|[from] Stealth Rock\n|turn|11\n|\n|t:|1695889196\n|move|p2b: Urshifu|Aqua Jet|p1a: Umbreon\n|-damage|p1a: Umbreon|0 fnt\n|faint|p1a: Umbreon\n|move|p2a: Brambleghast|Strength Sap|p1b: Garchomp\n|-unboost|p1b: Garchomp|atk|1\n|-heal|p2a: Brambleghast|100\/100\n|move|p1b: Garchomp|Draco Meteor|p2a: Brambleghast\n|-damage|p2a: Brambleghast|25\/100\n|-unboost|p1b: Garchomp|spa|2\n|\n|-heal|p1b: Garchomp|25\/100|[from] item: Leftovers\n|upkeep\n|turn|12\n|\n|t:|1695889213\n|move|p2b: Urshifu|Detect|p2b: Urshifu\n|-singleturn|p2b: Urshifu|Protect\n|move|p2a: Brambleghast|Seed Bomb|p1b: Garchomp\n|-damage|p1b: Garchomp|0 fnt\n|faint|p1b: Garchomp\n|\n|win|CynthiasDom\n|raw|multiverse winner's rating: 1000 &rarr; <strong>1000<\/strong><br \/>(+0 for losing)\n|raw|CynthiasDom's rating: 1156 &rarr; <strong>1170<\/strong><br \/>(+14 for winning)\n|c|\u2606CynthiasDom|Tumbleweed!!!\n|l|\u2606multiverse winner\n","uploadtime":1695889244,"views":11,"p1id":"multiversewinner","p2id":"cynthiasdom","formatid":"gen9nationaldexdoubles","rating":1000,"private":0,"password":""}