{"id":"gen9nationaldexdoubles-1983486734","p1":"In Forests of Pine","p2":"xdtrainer","format":"[Gen 9] National Dex Doubles","log":"|j|\u2606In Forests of Pine\n|j|\u2606xdtrainer\n|t:|1699135352\n|gametype|doubles\n|player|p1|In Forests of Pine|102|1116\n|player|p2|xdtrainer|265|1259\n|teamsize|p1|6\n|teamsize|p2|6\n|gen|9\n|tier|[Gen 9] National Dex Doubles\n|rated|\n|rule|HP Percentage Mod: HP is shown in percentages\n|rule|Endless Battle Clause: Forcing endless battles is banned\n|rule|OHKO Clause: OHKO moves are banned\n|rule|Evasion Moves Clause: Evasion moves are banned\n|rule|Evasion Abilities Clause: Evasion abilities are banned\n|rule|Species Clause: Limit one of each Pok\u00e9mon\n|rule|Gravity Sleep Clause: The combination of sleep-inducing moves with imperfect accuracy and Gravity or Gigantamax Orbeetle are banned\n|clearpoke\n|poke|p1|Furret, M|\n|poke|p1|Typhlosion-Hisui, M|\n|poke|p1|Slither Wing|\n|poke|p1|Farigiraf, F|\n|poke|p1|Meowscarada, F|\n|poke|p1|Milotic, F|\n|poke|p2|Flutter Mane|\n|poke|p2|Slaking, F|\n|poke|p2|Weezing-Galar, F|\n|poke|p2|Tornadus, M|\n|poke|p2|Ogerpon-Hearthflame, F|\n|poke|p2|Toedscruel, F|\n|teampreview\n|inactive|Battle timer is ON: inactive players will automatically lose when time's up. (requested by xdtrainer)\n|\n|t:|1699135378\n|start\n|switch|p1a: Garlic|Slither Wing|100\/100\n|switch|p1b: Cinnamon|Furret, M|100\/100\n|switch|p2a: Weezing|Weezing-Galar, F|100\/100\n|switch|p2b: Slaking|Slaking, F|100\/100\n|-ability|p2a: Weezing|Neutralizing Gas\n|-enditem|p1a: Garlic|Booster Energy\n|-activate|p1a: Garlic|ability: Protosynthesis|[fromitem]\n|-start|p1a: Garlic|protosynthesisatk\n|turn|1\n|\n|t:|1699135403\n|-terastallize|p1a: Garlic|Fighting\n|-terastallize|p2b: Slaking|Fairy\n|move|p1b: Cinnamon|Helping Hand|p1a: Garlic\n|-singleturn|p1a: Garlic|Helping Hand|[of] p1b: Cinnamon\n|move|p2a: Weezing|Protect|p2a: Weezing\n|-singleturn|p2a: Weezing|Protect\n|move|p1a: Garlic|Close Combat|p2b: Slaking\n|-resisted|p2b: Slaking\n|-damage|p2b: Slaking|49\/100\n|-unboost|p1a: Garlic|def|1\n|-unboost|p1a: Garlic|spd|1\n|move|p2b: Slaking|Play Rough|p1a: Garlic\n|-supereffective|p1a: Garlic\n|-damage|p1a: Garlic|0 fnt\n|faint|p1a: Garlic\n|-end|p1a: Garlic|Protosynthesis|[silent]\n|\n|upkeep\n|inactive|In Forests of Pine has 120 seconds left.\n|\n|t:|1699135419\n|switch|p1a: Paprika|Typhlosion-Hisui, M|100\/100\n|turn|2\n|inactive|In Forests of Pine has 120 seconds left.\n|\n|t:|1699135456\n|move|p1b: Cinnamon|Helping Hand|p1a: Paprika\n|-singleturn|p1a: Paprika|Helping Hand|[of] p1b: Cinnamon\n|move|p1a: Paprika|Eruption|p2b: Slaking|[spread] p2a,p2b\n|-damage|p2a: Weezing|0 fnt\n|-damage|p2b: Slaking|0 fnt\n|faint|p2a: Weezing\n|-end|p2a: Weezing|ability: Neutralizing Gas\n|faint|p2b: Slaking\n|\n|upkeep\n|\n|t:|1699135467\n|switch|p2b: Tornadus|Tornadus, M|100\/100\n|switch|p2a: Ogerpon|Ogerpon-Hearthflame, F|100\/100\n|-ability|p2a: Ogerpon|Mold Breaker\n|turn|3\n|inactive|In Forests of Pine has 120 seconds left.\n|\n|t:|1699135482\n|switch|p1b: Peppercorn|Farigiraf, F|100\/100\n|move|p2b: Tornadus|Tailwind|p2b: Tornadus\n|-sidestart|p2: xdtrainer|move: Tailwind\n|move|p2a: Ogerpon|Stomping Tantrum|p1a: Paprika\n|-supereffective|p1a: Paprika\n|-damage|p1a: Paprika|20\/100\n|move|p1a: Paprika|Eruption|p2a: Ogerpon|[spread] p2a,p2b\n|-damage|p2a: Ogerpon|72\/100\n|-damage|p2b: Tornadus|80\/100\n|\n|upkeep\n|turn|4\n|\n|t:|1699135501\n|switch|p1a: Raspberry|Milotic, F|100\/100\n|move|p2a: Ogerpon|Ivy Cudgel|p1b: Peppercorn\n|-damage|p1b: Peppercorn|55\/100\n|move|p2b: Tornadus|Bleakwind Storm|p1a: Raspberry|[spread] p1a,p1b\n|-damage|p1a: Raspberry|77\/100\n|-damage|p1b: Peppercorn|24\/100\n|-unboost|p1b: Peppercorn|spe|1\n|-enditem|p1b: Peppercorn|Sitrus Berry|[eat]\n|-heal|p1b: Peppercorn|49\/100|[from] item: Sitrus Berry\n|move|p1b: Peppercorn|Trick Room|p1b: Peppercorn\n|-fieldstart|move: Trick Room|[of] p1b: Peppercorn\n|\n|-heal|p1a: Raspberry|83\/100|[from] item: Leftovers\n|upkeep\n|turn|5\n|\n|t:|1699135529\n|move|p2b: Tornadus|Sunny Day|p2b: Tornadus\n|-weather|SunnyDay\n|move|p1b: Peppercorn|Psychic|p2b: Tornadus\n|-damage|p2b: Tornadus|51\/100\n|move|p1a: Raspberry|Scald|p2b: Tornadus\n|-damage|p2b: Tornadus|39\/100\n|move|p2a: Ogerpon|Wood Hammer|p1a: Raspberry\n|-supereffective|p1a: Raspberry\n|-damage|p1a: Raspberry|0 fnt\n|faint|p1a: Raspberry\n|-damage|p2a: Ogerpon|36\/100|[from] Recoil\n|\n|-weather|SunnyDay|[upkeep]\n|upkeep\n|inactive|In Forests of Pine has 120 seconds left.\n|\n|t:|1699135543\n|switch|p1a: Paprika|Typhlosion-Hisui, M|20\/100\n|turn|6\n|\n|t:|1699135549\n|move|p2a: Ogerpon|Spiky Shield|p2a: Ogerpon\n|-singleturn|p2a: Ogerpon|move: Protect\n|move|p1b: Peppercorn|Dazzling Gleam|p2a: Ogerpon|[spread] p2b\n|-activate|p2a: Ogerpon|move: Protect\n|-damage|p2b: Tornadus|26\/100\n|move|p1a: Paprika|Heat Wave|p2a: Ogerpon|[spread] p2b\n|-activate|p2a: Ogerpon|move: Protect\n|-damage|p2b: Tornadus|0 fnt\n|faint|p2b: Tornadus\n|\n|-weather|SunnyDay|[upkeep]\n|-sideend|p2: xdtrainer|move: Tailwind\n|upkeep\n|\n|t:|1699135572\n|switch|p2b: Toedscruel|Toedscruel, F|100\/100\n|turn|7\n|\n|t:|1699135585\n|move|p2b: Toedscruel|Protect|p2b: Toedscruel\n|-singleturn|p2b: Toedscruel|Protect\n|move|p1b: Peppercorn|Psychic|p2a: Ogerpon\n|-damage|p2a: Ogerpon|0 fnt\n|faint|p2a: Ogerpon\n|move|p1a: Paprika|Heat Wave|p2b: Toedscruel\n|-activate|p2b: Toedscruel|move: Protect\n|\n|-weather|SunnyDay|[upkeep]\n|upkeep\n|\n|t:|1699135595\n|switch|p2a: Flutter Mane|Flutter Mane|100\/100\n|-activate|p2a: Flutter Mane|ability: Protosynthesis\n|-start|p2a: Flutter Mane|protosynthesisspe\n|turn|8\n|\n|t:|1699135607\n|move|p2a: Flutter Mane|Protect|p2a: Flutter Mane\n|-singleturn|p2a: Flutter Mane|Protect\n|move|p2b: Toedscruel|Protect||[still]\n|-fail|p2b: Toedscruel\n|move|p1b: Peppercorn|Psychic|p2b: Toedscruel\n|-damage|p2b: Toedscruel|67\/100\n|move|p1a: Paprika|Heat Wave|p2b: Toedscruel|[spread] p2b\n|-activate|p2a: Flutter Mane|move: Protect\n|-supereffective|p2b: Toedscruel\n|-damage|p2b: Toedscruel|0 fnt\n|faint|p2b: Toedscruel\n|\n|-weather|SunnyDay|[upkeep]\n|-fieldend|move: Trick Room\n|upkeep\n|turn|9\n|\n|t:|1699135623\n|move|p2a: Flutter Mane|Moonblast|p1b: Peppercorn\n|-damage|p1b: Peppercorn|0 fnt\n|faint|p1b: Peppercorn\n|-damage|p2a: Flutter Mane|91\/100|[from] item: Life Orb\n|move|p1a: Paprika|Heat Wave|p2a: Flutter Mane\n|-damage|p2a: Flutter Mane|0 fnt\n|faint|p2a: Flutter Mane\n|-end|p2a: Flutter Mane|Protosynthesis|[silent]\n|\n|win|In Forests of Pine\n|raw|In Forests of Pine's rating: 1116 &rarr; <strong>1151<\/strong><br \/>(+35 for winning)\n|raw|xdtrainer's rating: 1259 &rarr; <strong>1224<\/strong><br \/>(-35 for losing)\n|l|\u2606xdtrainer\n","uploadtime":1699135644,"views":7,"p1id":"inforestsofpine","p2id":"xdtrainer","formatid":"gen9nationaldexdoubles","rating":1151,"private":0,"password":""}