{"id":"gen9nationaldexdoubles-1950769989","p1":"conrat8","p2":"Rey_The_Savage","format":"[Gen 9] National Dex Doubles","log":"|j|\u2606conrat8\n|j|\u2606Rey_The_Savage\n|t:|1695504217\n|gametype|doubles\n|player|p1|conrat8|veteran|1098\n|player|p2|Rey_The_Savage|ethan|1159\n|teamsize|p1|6\n|teamsize|p2|6\n|gen|9\n|tier|[Gen 9] National Dex Doubles\n|rated|\n|rule|HP Percentage Mod: HP is shown in percentages\n|rule|Endless Battle Clause: Forcing endless battles is banned\n|rule|OHKO Clause: OHKO moves are banned\n|rule|Evasion Moves Clause: Evasion moves are banned\n|rule|Evasion Abilities Clause: Evasion abilities are banned\n|rule|Species Clause: Limit one of each Pok\u00e9mon\n|rule|Gravity Sleep Clause: The combination of sleep-inducing moves with imperfect accuracy and Gravity or Gigantamax Orbeetle are banned\n|clearpoke\n|poke|p1|Slaking, F|\n|poke|p1|Weezing-Galar, M|\n|poke|p1|Ambipom, M|\n|poke|p1|Torterra, F|\n|poke|p1|Hydreigon, F|\n|poke|p1|Breloom, M|\n|poke|p2|Ogerpon-Cornerstone, F|\n|poke|p2|Tyranitar, M|\n|poke|p2|Alcremie, F|\n|poke|p2|Arcanine-Hisui, F|\n|poke|p2|Archeops, M|\n|poke|p2|Ursaluna-Bloodmoon, M|\n|teampreview\n|inactive|Battle timer is ON: inactive players will automatically lose when time's up. (requested by conrat8)\n|\n|t:|1695504238\n|start\n|switch|p1a: Ambipom|Ambipom, M|100\/100\n|switch|p1b: Breloom|Breloom, M|100\/100\n|switch|p2a: Archeops|Archeops, M|100\/100\n|switch|p2b: Tyranitar|Tyranitar, M|100\/100\n|-weather|Sandstorm|[from] ability: Sand Stream|[of] p2b: Tyranitar\n|turn|1\n|\n|t:|1695504262\n|switch|p2b: Arcanine|Arcanine-Hisui, F|100\/100\n|-ability|p2b: Arcanine|Intimidate|boost\n|-unboost|p1a: Ambipom|atk|1\n|-unboost|p1b: Breloom|atk|1\n|move|p1a: Ambipom|Fake Out|p2a: Archeops\n|-resisted|p2a: Archeops\n|-damage|p2a: Archeops|86\/100\n|cant|p2a: Archeops|flinch\n|move|p1b: Breloom|Drain Punch|p2b: Arcanine\n|-supereffective|p2b: Arcanine\n|-damage|p2b: Arcanine|47\/100\n|\n|-weather|Sandstorm|[upkeep]\n|-damage|p1a: Ambipom|94\/100|[from] Sandstorm\n|-damage|p1b: Breloom|94\/100|[from] Sandstorm\n|-heal|p2b: Arcanine|54\/100|[from] item: Leftovers\n|-status|p1b: Breloom|tox|[from] item: Toxic Orb\n|upkeep\n|turn|2\n|\n|t:|1695504289\n|move|p1a: Ambipom|Taunt|p2a: Archeops\n|-start|p2a: Archeops|move: Taunt\n|move|p2a: Archeops|Dual Wingbeat|p1b: Breloom\n|-supereffective|p1b: Breloom\n|-damage|p1b: Breloom|0 fnt\n|faint|p1b: Breloom\n|-hitcount|p1: Breloom|1\n|move|p2b: Arcanine|Howl|p2b: Arcanine|[spread] p2a,p2b\n|-boost|p2a: Archeops|atk|1\n|-boost|p2b: Arcanine|atk|1\n|\n|-weather|Sandstorm|[upkeep]\n|-damage|p1a: Ambipom|88\/100|[from] Sandstorm\n|-heal|p2b: Arcanine|60\/100|[from] item: Leftovers\n|upkeep\n|\n|t:|1695504303\n|switch|p1b: Weezing|Weezing-Galar, M|100\/100\n|-ability|p1b: Weezing|Neutralizing Gas\n|turn|3\n|\n|t:|1695504326\n|move|p1a: Ambipom|Knock Off|p2b: Arcanine\n|-damage|p2b: Arcanine|42\/100\n|-enditem|p2b: Arcanine|Leftovers|[from] move: Knock Off|[of] p1a: Ambipom\n|move|p2a: Archeops|Dual Wingbeat|p1a: Ambipom\n|-damage|p1a: Ambipom|36\/100\n|-damage|p1a: Ambipom|0 fnt\n|faint|p1a: Ambipom\n|-hitcount|p1: Ambipom|2\n|move|p2b: Arcanine|Rock Slide|p1b: Weezing\n|-damage|p1b: Weezing|62\/100\n|cant|p1b: Weezing|flinch\n|\n|-weather|Sandstorm|[upkeep]\n|-damage|p1b: Weezing|56\/100|[from] Sandstorm\n|-heal|p1b: Weezing|62\/100|[from] item: Leftovers\n|upkeep\n|\n|t:|1695504341\n|switch|p1a: Slaking|Slaking, F|100\/100\n|turn|4\n|\n|t:|1695504361\n|move|p2a: Archeops|Stone Edge|p1a: Slaking\n|-damage|p1a: Slaking|42\/100\n|move|p1a: Slaking|Drain Punch|p2a: Archeops\n|-damage|p2a: Archeops|20\/100\n|-heal|p1a: Slaking|62\/100|[from] drain|[of] p2a: Archeops\n|-enditem|p2a: Archeops|Sitrus Berry|[eat]\n|-heal|p2a: Archeops|45\/100|[from] item: Sitrus Berry\n|move|p2b: Arcanine|Howl|p2b: Arcanine|[spread] p2a,p2b\n|-boost|p2a: Archeops|atk|1\n|-boost|p2b: Arcanine|atk|1\n|move|p1b: Weezing|Dazzling Gleam|p2b: Arcanine|[spread] p2a,p2b\n|-resisted|p2b: Arcanine\n|-damage|p2a: Archeops|16\/100\n|-damage|p2b: Arcanine|35\/100\n|\n|-weather|Sandstorm|[upkeep]\n|-damage|p1a: Slaking|56\/100|[from] Sandstorm\n|-damage|p1b: Weezing|56\/100|[from] Sandstorm\n|-heal|p1b: Weezing|62\/100|[from] item: Leftovers\n|-end|p2a: Archeops|move: Taunt\n|upkeep\n|turn|5\n|inactive|Rey_The_Savage has 120 seconds left.\n|\n|t:|1695504399\n|move|p2b: Arcanine|Extreme Speed|p1a: Slaking\n|-damage|p1a: Slaking|29\/100\n|move|p2a: Archeops|Dual Wingbeat|p1a: Slaking\n|-damage|p1a: Slaking|1\/100\n|-damage|p1a: Slaking|0 fnt\n|faint|p1a: Slaking\n|-hitcount|p1: Slaking|2\n|move|p1b: Weezing|Clear Smog|p2b: Arcanine\n|-resisted|p2b: Arcanine\n|-damage|p2b: Arcanine|29\/100\n|-clearboost|p2b: Arcanine\n|\n|-weather|none\n|-heal|p1b: Weezing|68\/100|[from] item: Leftovers\n|upkeep\n|inactive|conrat8 has 120 seconds left.\n|\n|t:|1695504427\n|switch|p1a: Torterra|Torterra, F|100\/100\n|turn|6\n|inactive|conrat8 has 120 seconds left.\n|\n|t:|1695504448\n|move|p2a: Archeops|Dual Wingbeat|p1a: Torterra\n|-supereffective|p1a: Torterra\n|-damage|p1a: Torterra|17\/100\n|-supereffective|p1a: Torterra\n|-damage|p1a: Torterra|0 fnt\n|faint|p1a: Torterra\n|-hitcount|p1: Torterra|2\n|move|p2b: Arcanine|Sandstorm|p2b: Arcanine\n|-weather|Sandstorm\n|move|p1b: Weezing|Dazzling Gleam|p2b: Arcanine|[spread] p2a,p2b\n|-resisted|p2b: Arcanine\n|-damage|p2a: Archeops|0 fnt\n|-damage|p2b: Arcanine|22\/100\n|faint|p2a: Archeops\n|\n|-weather|Sandstorm|[upkeep]\n|-damage|p1b: Weezing|62\/100|[from] Sandstorm\n|-heal|p1b: Weezing|68\/100|[from] item: Leftovers\n|upkeep\n|\n|t:|1695504463\n|switch|p2a: Ursaluna|Ursaluna-Bloodmoon, M|100\/100\n|switch|p1a: Hydreigon|Hydreigon, F|100\/100\n|turn|7\n|-message|conrat8 forfeited.\n|\n|win|Rey_The_Savage\n|raw|conrat8's rating: 1098 &rarr; <strong>1078<\/strong><br \/>(-20 for losing)\n|raw|Rey_The_Savage's rating: 1159 &rarr; <strong>1180<\/strong><br \/>(+21 for winning)\n|l|\u2606conrat8\n","uploadtime":1695504469,"views":9,"p1id":"conrat8","p2id":"reythesavage","formatid":"gen9nationaldexdoubles","rating":1078,"private":0,"password":""}