{"id":"gen9nationaldexdoubles-1947725818","p1":"Frosty Ice King","p2":"Ksgsdodh","format":"[Gen 9] National Dex Doubles","log":"|j|\u2606Frosty Ice King\n|j|\u2606Ksgsdodh\n|t:|1695193154\n|gametype|doubles\n|player|p1|Frosty Ice King|unknown|1000\n|player|p2|Ksgsdodh|youngster-gen4dp|1000\n|teamsize|p1|6\n|teamsize|p2|6\n|gen|9\n|tier|[Gen 9] National Dex Doubles\n|rated|\n|rule|HP Percentage Mod: HP is shown in percentages\n|rule|Endless Battle Clause: Forcing endless battles is banned\n|rule|OHKO Clause: OHKO moves are banned\n|rule|Evasion Moves Clause: Evasion moves are banned\n|rule|Evasion Abilities Clause: Evasion abilities are banned\n|rule|Species Clause: Limit one of each Pok\u00e9mon\n|rule|Gravity Sleep Clause: The combination of sleep-inducing moves with imperfect accuracy and Gravity or Gigantamax Orbeetle are banned\n|clearpoke\n|poke|p1|Baxcalibur, M|\n|poke|p1|Chien-Pao|\n|poke|p1|Arctozolt|\n|poke|p1|Beartic, M|\n|poke|p1|Iron Bundle|\n|poke|p1|Ninetales-Alola, M|\n|poke|p2|Blastoise, M|\n|poke|p2|Clefable, F|\n|poke|p2|Indeedee-F, F|\n|poke|p2|Mr. Mime, F|\n|poke|p2|Glastrier|\n|poke|p2|Oranguru, M|\n|teampreview\n|inactive|Battle timer is ON: inactive players will automatically lose when time's up. (requested by Frosty Ice King)\n|\n|t:|1695193171\n|start\n|switch|p1a: Ninetales|Ninetales-Alola, M, shiny|100\/100\n|switch|p1b: Arctozolt|Arctozolt|100\/100\n|switch|p2a: Glastrier|Glastrier|100\/100\n|switch|p2b: Indeedee|Indeedee-F, F|100\/100\n|-weather|Snow|[from] ability: Snow Warning|[of] p1a: Ninetales\n|-fieldstart|move: Psychic Terrain|[from] ability: Psychic Surge|[of] p2b: Indeedee\n|turn|1\n|\n|t:|1695193199\n|move|p1b: Arctozolt|Bolt Beak|p2b: Indeedee\n|-damage|p2b: Indeedee|3\/100\n|-damage|p1b: Arctozolt|91\/100|[from] item: Life Orb\n|move|p1a: Ninetales|Aurora Veil|p1a: Ninetales\n|-sidestart|p1: Frosty Ice King|move: Aurora Veil\n|move|p2a: Glastrier|Smart Strike|p1a: Ninetales\n|-supereffective|p1a: Ninetales\n|-damage|p1a: Ninetales|21\/100\n|move|p2b: Indeedee|Trick Room|p2b: Indeedee\n|-fieldstart|move: Trick Room|[of] p2b: Indeedee\n|\n|-weather|Snow|[upkeep]\n|upkeep\n|turn|2\n|\n|t:|1695193225\n|move|p2b: Indeedee|Follow Me|p2b: Indeedee\n|-singleturn|p2b: Indeedee|move: Follow Me\n|move|p2a: Glastrier|Smart Strike|p1a: Ninetales\n|-supereffective|p1a: Ninetales\n|-damage|p1a: Ninetales|0 fnt\n|faint|p1a: Ninetales\n|-ability|p2a: Glastrier|Chilling Neigh|boost\n|-boost|p2a: Glastrier|atk|1\n|move|p1b: Arctozolt|Bolt Beak|p2b: Indeedee\n|-damage|p2b: Indeedee|0 fnt\n|faint|p2b: Indeedee\n|-damage|p1b: Arctozolt|81\/100|[from] item: Life Orb\n|\n|-weather|Snow|[upkeep]\n|upkeep\n|\n|t:|1695193248\n|switch|p2b: Clefable|Clefable, F|100\/100\n|switch|p1a: Delibot|Iron Bundle|100\/100\n|-enditem|p1a: Delibot|Booster Energy\n|-activate|p1a: Delibot|ability: Quark Drive|[fromitem]\n|-start|p1a: Delibot|quarkdrivespe\n|turn|3\n|\n|t:|1695193261\n|-terastallize|p1b: Arctozolt|Electric\n|move|p2b: Clefable|Follow Me|p2b: Clefable\n|-singleturn|p2b: Clefable|move: Follow Me\n|move|p2a: Glastrier|Stomping Tantrum|p1b: Arctozolt\n|-supereffective|p1b: Arctozolt\n|-damage|p1b: Arctozolt|5\/100\n|move|p1b: Arctozolt|Bolt Beak|p2b: Clefable\n|-damage|p2b: Clefable|44\/100\n|-damage|p1b: Arctozolt|0 fnt|[from] item: Life Orb\n|faint|p1b: Arctozolt\n|move|p1a: Delibot|Blizzard|p2a: Glastrier|[spread] p2a,p2b\n|-resisted|p2a: Glastrier\n|-damage|p2a: Glastrier|82\/100\n|-damage|p2b: Clefable|6\/100\n|\n|-weather|Snow|[upkeep]\n|upkeep\n|\n|t:|1695193281\n|switch|p1b: Beartic|Beartic, M, shiny|100\/100\n|turn|4\n|\n|t:|1695193296\n|move|p2b: Clefable|Follow Me|p2b: Clefable\n|-singleturn|p2b: Clefable|move: Follow Me\n|move|p2a: Glastrier|Smart Strike|p1b: Beartic\n|-supereffective|p1b: Beartic\n|-damage|p1b: Beartic|56\/100\n|move|p1b: Beartic|Close Combat|p2b: Clefable\n|-resisted|p2b: Clefable\n|-damage|p2b: Clefable|0 fnt\n|-unboost|p1b: Beartic|def|1\n|-unboost|p1b: Beartic|spd|1\n|faint|p2b: Clefable\n|move|p1a: Delibot|Blizzard|p2a: Glastrier\n|-resisted|p2a: Glastrier\n|-damage|p2a: Glastrier|60\/100\n|\n|-weather|Snow|[upkeep]\n|upkeep\n|l|\u2606Ksgsdodh\n|inactive|Ksgsdodh disconnected and has a minute to reconnect!\n|player|p2|\n|j|\u2606Ksgsdodh\n|inactive|Ksgsdodh reconnected and has 115 seconds left.\n|player|p2|Ksgsdodh|youngster-gen4dp\n|\n|t:|1695193349\n|switch|p2b: Mr. Mime|Mr. Mime, F|100\/100\n|turn|5\n|\n|t:|1695193361\n|move|p2b: Mr. Mime|Wide Guard|p2b: Mr. Mime\n|-singleturn|p2b: Mr. Mime|Wide Guard\n|move|p2a: Glastrier|Smart Strike|p1b: Beartic\n|-supereffective|p1b: Beartic\n|-damage|p1b: Beartic|0 fnt\n|faint|p1b: Beartic\n|-ability|p2a: Glastrier|Chilling Neigh|boost\n|-boost|p2a: Glastrier|atk|1\n|move|p1a: Delibot|Blizzard|p2a: Glastrier|[spread] \n|-activate|p2a: Glastrier|move: Wide Guard\n|-activate|p2b: Mr. Mime|move: Wide Guard\n|\n|-weather|Snow|[upkeep]\n|-sideend|p1: Frosty Ice King|move: Aurora Veil\n|-fieldend|move: Trick Room\n|-fieldend|move: Psychic Terrain\n|upkeep\n|\n|t:|1695193369\n|switch|p1b: Chien-Pao|Chien-Pao|100\/100\n|-ability|p1b: Chien-Pao|Sword of Ruin\n|turn|6\n|\n|t:|1695193389\n|-terastallize|p2a: Glastrier|Ice\n|move|p2b: Mr. Mime|Follow Me|p2b: Mr. Mime\n|-singleturn|p2b: Mr. Mime|move: Follow Me\n|move|p1a: Delibot|Hydro Pump|p2b: Mr. Mime\n|-damage|p2b: Mr. Mime|42\/100\n|move|p1b: Chien-Pao|Ice Spinner|p2b: Mr. Mime\n|-damage|p2b: Mr. Mime|0 fnt\n|faint|p2b: Mr. Mime\n|move|p2a: Glastrier|Icicle Spear|p1b: Chien-Pao\n|-resisted|p1b: Chien-Pao\n|-damage|p1b: Chien-Pao|83\/100\n|-resisted|p1b: Chien-Pao\n|-damage|p1b: Chien-Pao|64\/100\n|-resisted|p1b: Chien-Pao\n|-damage|p1b: Chien-Pao|45\/100\n|-resisted|p1b: Chien-Pao\n|-damage|p1b: Chien-Pao|27\/100\n|-hitcount|p1b: Chien-Pao|4\n|\n|-weather|Snow|[upkeep]\n|upkeep\n|inactive|Ksgsdodh has 120 seconds left.\n|\n|t:|1695193409\n|switch|p2b: Blastoise|Blastoise, M|100\/100\n|turn|7\n|\n|t:|1695193433\n|move|p2b: Blastoise|Follow Me|p2b: Blastoise\n|-singleturn|p2b: Blastoise|move: Follow Me\n|move|p1a: Delibot|Hydro Pump|p2b: Blastoise\n|-resisted|p2b: Blastoise\n|-damage|p2b: Blastoise|76\/100\n|move|p1b: Chien-Pao|Sacred Sword|p2b: Blastoise\n|-damage|p2b: Blastoise|49\/100\n|move|p2a: Glastrier|Icicle Spear|p1b: Chien-Pao\n|-resisted|p1b: Chien-Pao\n|-damage|p1b: Chien-Pao|8\/100\n|-resisted|p1b: Chien-Pao\n|-damage|p1b: Chien-Pao|0 fnt\n|faint|p1b: Chien-Pao\n|-ability|p2a: Glastrier|Chilling Neigh|boost\n|-boost|p2a: Glastrier|atk|1\n|-hitcount|p1: Chien-Pao|2\n|\n|-weather|Snow|[upkeep]\n|upkeep\n|\n|t:|1695193437\n|switch|p1b: Baxcalibur|Baxcalibur, M|100\/100\n|turn|8\n|\n|t:|1695193466\n|move|p2b: Blastoise|Follow Me|p2b: Blastoise\n|-singleturn|p2b: Blastoise|move: Follow Me\n|move|p1a: Delibot|Freeze-Dry|p2b: Blastoise\n|-supereffective|p2b: Blastoise\n|-damage|p2b: Blastoise|0 fnt\n|faint|p2b: Blastoise\n|move|p1b: Baxcalibur|Swords Dance|p1b: Baxcalibur\n|-boost|p1b: Baxcalibur|atk|2\n|move|p2a: Glastrier|Icicle Spear|p1b: Baxcalibur\n|-damage|p1b: Baxcalibur|68\/100\n|-damage|p1b: Baxcalibur|31\/100\n|-damage|p1b: Baxcalibur|0 fnt\n|faint|p1b: Baxcalibur\n|-ability|p2a: Glastrier|Chilling Neigh|boost\n|-boost|p2a: Glastrier|atk|1\n|-hitcount|p1: Baxcalibur|3\n|\n|-weather|none\n|upkeep\n|\n|t:|1695193474\n|switch|p2b: Oranguru|Oranguru, M|100\/100\n|turn|9\n|\n|t:|1695193483\n|move|p2a: Glastrier|Protect|p2a: Glastrier\n|-singleturn|p2a: Glastrier|Protect\n|move|p1a: Delibot|Hydro Pump|p2a: Glastrier\n|-activate|p2a: Glastrier|move: Protect\n|move|p2b: Oranguru|Trick Room|p2b: Oranguru\n|-fieldstart|move: Trick Room|[of] p2b: Oranguru\n|\n|upkeep\n|turn|10\n|\n|t:|1695193489\n|move|p2a: Glastrier|Icicle Spear|p1a: Delibot\n|-resisted|p1a: Delibot\n|-damage|p1a: Delibot|82\/100\n|-resisted|p1a: Delibot\n|-damage|p1a: Delibot|65\/100\n|-resisted|p1a: Delibot\n|-damage|p1a: Delibot|47\/100\n|-resisted|p1a: Delibot\n|-damage|p1a: Delibot|29\/100\n|-resisted|p1a: Delibot\n|-damage|p1a: Delibot|11\/100\n|-hitcount|p1a: Delibot|5\n|move|p2b: Oranguru|Instruct|p2a: Glastrier\n|-singleturn|p2a: Glastrier|move: Instruct|[of] p2b: Oranguru\n|move|p2a: Glastrier|Icicle Spear|p1a: Delibot\n|-resisted|p1a: Delibot\n|-damage|p1a: Delibot|0 fnt\n|faint|p1a: Delibot\n|-end|p1a: Delibot|Quark Drive|[silent]\n|-hitcount|p1: Delibot|1\n|\n|win|Ksgsdodh\n|raw|Frosty Ice King's rating: 1000 &rarr; <strong>1000<\/strong><br \/>(+0 for losing)\n|raw|Ksgsdodh's rating: 1000 &rarr; <strong>1040<\/strong><br \/>(+40 for winning)\n|l|\u2606Frosty Ice King\n","uploadtime":1695193500,"views":6,"p1id":"frostyiceking","p2id":"ksgsdodh","formatid":"gen9nationaldexdoubles","rating":1000,"private":0,"password":""}