{"id":"gen9nationaldexdoubles-1998993873","p1":"Theadonia","p2":"Rei Mugen","format":"[Gen 9] National Dex Doubles","log":"|j|\u2606Theadonia\n|j|\u2606Rei Mugen\n|t:|1701021789\n|gametype|doubles\n|player|p1|Theadonia|roxie|1074\n|player|p2|Rei Mugen|169|1089\n|teamsize|p1|6\n|teamsize|p2|6\n|gen|9\n|tier|[Gen 9] National Dex Doubles\n|rated|\n|rule|HP Percentage Mod: HP is shown in percentages\n|rule|Endless Battle Clause: Forcing endless battles is banned\n|rule|OHKO Clause: OHKO moves are banned\n|rule|Evasion Moves Clause: Evasion moves are banned\n|rule|Evasion Abilities Clause: Evasion abilities are banned\n|rule|Species Clause: Limit one of each Pok\u00e9mon\n|rule|Gravity Sleep Clause: The combination of sleep-inducing moves with imperfect accuracy and Gravity or Gigantamax Orbeetle are banned\n|clearpoke\n|poke|p1|Delphox, F|\n|poke|p1|Oricorio-Sensu, M|\n|poke|p1|Kommo-o, F|\n|poke|p1|Wailord, F|\n|poke|p1|Cresselia, F|\n|poke|p1|Ribombee, M|\n|poke|p2|Golem-Alola, M|\n|poke|p2|Silvally-*|\n|poke|p2|Glalie, M|\n|poke|p2|Mimikyu, F|\n|poke|p2|Gigalith, F|\n|poke|p2|Tapu Koko|\n|teampreview\n|\n|t:|1701021810\n|start\n|switch|p1a: Kommo-o|Kommo-o, F, shiny|100\/100\n|switch|p1b: Cresselia|Cresselia, F|100\/100\n|switch|p2a: Deity|Tapu Koko|100\/100\n|switch|p2b: Shockwave|Golem-Alola, M, shiny|100\/100\n|-fieldstart|move: Electric Terrain|[from] ability: Electric Surge|[of] p2a: Deity\n|turn|1\n|\n|t:|1701021824\n|move|p2a: Deity|Agility|p2a: Deity\n|-boost|p2a: Deity|spe|2\n|move|p1a: Kommo-o|Clangorous Soul|p1a: Kommo-o\n|-boost|p1a: Kommo-o|atk|1\n|-boost|p1a: Kommo-o|def|1\n|-boost|p1a: Kommo-o|spa|1\n|-boost|p1a: Kommo-o|spd|1\n|-boost|p1a: Kommo-o|spe|1\n|-damage|p1a: Kommo-o|68\/100\n|move|p1b: Cresselia|Psych Up|p1a: Kommo-o\n|-copyboost|p1b: Cresselia|p1a: Kommo-o|[from] move: Psych Up\n|move|p2b: Shockwave|Charge|p2b: Shockwave\n|-boost|p2b: Shockwave|spd|1\n|-start|p2b: Shockwave|Charge\n|\n|upkeep\n|turn|2\n|\n|t:|1701021840\n|move|p2a: Deity|Protect|p2a: Deity\n|-singleturn|p2a: Deity|Protect\n|move|p1a: Kommo-o|Drain Punch|p2b: Shockwave\n|-supereffective|p2b: Shockwave\n|-damage|p2b: Shockwave|23\/100\n|-heal|p1a: Kommo-o|100\/100|[from] drain|[of] p2b: Shockwave\n|move|p1b: Cresselia|Stored Power|p2b: Shockwave\n|-damage|p2b: Shockwave|0 fnt\n|faint|p2b: Shockwave\n|\n|upkeep\n|\n|t:|1701021854\n|switch|p2b: Titan|Gigalith, F, shiny|100\/100\n|turn|3\n|c|\u2606Rei Mugen|not a good trainer theif hey\n|c|\u2606Theadonia|what\n|c|\u2606Rei Mugen|not ur strats\n|c|\u2606Theadonia|interesting\n|\n|t:|1701021896\n|move|p2a: Deity|Electro Ball|p1b: Cresselia\n|-damage|p1b: Cresselia|80\/100\n|move|p1a: Kommo-o|Poison Jab|p2a: Deity\n|-supereffective|p2a: Deity\n|-damage|p2a: Deity|0 fnt\n|faint|p2a: Deity\n|move|p1b: Cresselia|Stored Power|p2b: Titan\n|-ability|p2b: Titan|Sturdy\n|-damage|p2b: Titan|1\/100\n|move|p2b: Titan|Explosion|p1b: Cresselia|[spread] p1a,p1b\n|-damage|p1a: Kommo-o|43\/100\n|-damage|p1b: Cresselia|38\/100\n|faint|p2b: Titan\n|\n|-heal|p1b: Cresselia|44\/100|[from] item: Leftovers\n|upkeep\n|\n|t:|1701021923\n|switch|p2a: Plasma Grenade|Glalie, M|100\/100\n|switch|p2b: Pikewho|Mimikyu, F|100\/100\n|turn|4\n|j| Pikalytics_ou\n|c|\u2606Rei Mugen|shouldnt feel good to be a clone\n|\n|t:|1701021951\n|move|p1a: Kommo-o|Drain Punch|p2a: Plasma Grenade\n|-supereffective|p2a: Plasma Grenade\n|-damage|p2a: Plasma Grenade|0 fnt\n|-heal|p1a: Kommo-o|95\/100|[from] drain|[of] p2a: Plasma Grenade\n|faint|p2a: Plasma Grenade\n|move|p1b: Cresselia|Dazzling Gleam|p2b: Pikewho\n|-activate|p2b: Pikewho|ability: Disguise\n|-damage|p2b: Pikewho|100\/100\n|detailschange|p2b: Pikewho|Mimikyu-Busted, F\n|-damage|p2b: Pikewho|88\/100|[from] pokemon: Mimikyu-Busted\n|move|p2b: Pikewho|Copycat|p2b: Pikewho\n|move|p2b: Pikewho|Dazzling Gleam|p1a: Kommo-o|[from]move: Copycat|[spread] p1a,p1b\n|-supereffective|p1a: Kommo-o\n|-damage|p1a: Kommo-o|58\/100\n|-damage|p1b: Cresselia|39\/100\n|\n|-heal|p1b: Cresselia|46\/100|[from] item: Leftovers\n|upkeep\n|c|\u2606Theadonia|Bruh what are you on about\n|c|\u2606Rei Mugen|I can read teams off the internet 2\n|\n|t:|1701021976\n|switch|p2a: The scorned|Silvally-Ghost|100\/100\n|turn|5\n|c|\u2606Theadonia|Okay?\n|c|\u2606Rei Mugen|I have teams like that but not the exact copy\n|c|\u2606Rei Mugen|you must work for these ppl\n|c|\u2606Theadonia|Bruh I\u2019m just playing a game as are you \u2620\ufe0f\n|\n|t:|1701022035\n|move|p1a: Kommo-o|Poison Jab|p2b: Pikewho\n|-damage|p2b: Pikewho|30\/100\n|move|p1b: Cresselia|Stored Power|p2a: The scorned\n|-damage|p2a: The scorned|36\/100\n|move|p2b: Pikewho|Copycat|p2b: Pikewho\n|move|p2b: Pikewho|Stored Power|p1b: Cresselia|[from]move: Copycat\n|-resisted|p1b: Cresselia\n|-damage|p1b: Cresselia|45\/100\n|move|p2a: The scorned|Explosion|p1a: Kommo-o|[spread] p1a,p1b\n|-immune|p2b: Pikewho\n|-crit|p1b: Cresselia\n|-damage|p1a: Kommo-o|21\/100\n|-damage|p1b: Cresselia|0 fnt\n|faint|p2a: The scorned\n|faint|p1b: Cresselia\n|\n|upkeep\n|c|\u2606Rei Mugen|x3\n|\n|t:|1701022049\n|switch|p1b: Oricorio|Oricorio-Sensu, M, shiny|100\/100\n|turn|6\n|c|\u2606Theadonia|Gg?\n|\n|t:|1701022065\n|move|p1a: Kommo-o|Poison Jab|p2b: Pikewho\n|-damage|p2b: Pikewho|0 fnt\n|faint|p2b: Pikewho\n|\n|win|Theadonia\n|raw|Theadonia's rating: 1074 &rarr; <strong>1104<\/strong><br \/>(+30 for winning)\n|raw|Rei Mugen's rating: 1089 &rarr; <strong>1065<\/strong><br \/>(-24 for losing)\n|c|\u2606Rei Mugen|gg allin\n","uploadtime":1701022071,"views":1,"p1id":"theadonia","p2id":"reimugen","formatid":"gen9nationaldexdoubles","rating":1065,"private":0,"password":""}