{"id":"gen9nationaldexdoubles-1999175595","p1":"Preppy dude","p2":"Theadonia","format":"[Gen 9] National Dex Doubles","log":"|j|\u2606Preppy dude\n|j|\u2606Theadonia\n|t:|1701041606\n|gametype|doubles\n|player|p1|Preppy dude|1|1067\n|player|p2|Theadonia|roxie|1117\n|teamsize|p1|6\n|teamsize|p2|6\n|gen|9\n|tier|[Gen 9] National Dex Doubles\n|rated|\n|rule|HP Percentage Mod: HP is shown in percentages\n|rule|Endless Battle Clause: Forcing endless battles is banned\n|rule|OHKO Clause: OHKO moves are banned\n|rule|Evasion Moves Clause: Evasion moves are banned\n|rule|Evasion Abilities Clause: Evasion abilities are banned\n|rule|Species Clause: Limit one of each Pok\u00e9mon\n|rule|Gravity Sleep Clause: The combination of sleep-inducing moves with imperfect accuracy and Gravity or Gigantamax Orbeetle are banned\n|clearpoke\n|poke|p1|Persian-Alola, M|\n|poke|p1|Ambipom, F|\n|poke|p1|Hariyama, M|\n|poke|p1|Infernape, M|\n|poke|p1|Toxicroak, F|\n|poke|p1|Indeedee-F, F|\n|poke|p2|Braviary-Hisui, M|\n|poke|p2|Oricorio-Sensu, M|\n|poke|p2|Barraskewda, F|\n|poke|p2|Riolu, M|\n|poke|p2|Cresselia, F|\n|poke|p2|Swoobat, M|\n|teampreview\n|inactive|Battle timer is ON: inactive players will automatically lose when time's up. (requested by Preppy dude)\n|\n|t:|1701041612\n|start\n|switch|p1a: Persian|Persian-Alola, M|100\/100\n|switch|p1b: Ambipom|Ambipom, F|100\/100\n|switch|p2a: Braviary|Braviary-Hisui, M|100\/100\n|switch|p2b: Swoobat|Swoobat, M|100\/100\n|turn|1\n|\n|t:|1701041626\n|move|p1b: Ambipom|Fake Out|p2a: Braviary\n|-damage|p2a: Braviary|73\/100\n|move|p1a: Persian|Fake Out|p2b: Swoobat\n|-damage|p2b: Swoobat|90\/100\n|cant|p2b: Swoobat|flinch\n|cant|p2a: Braviary|flinch\n|\n|upkeep\n|turn|2\n|\n|t:|1701041642\n|move|p1b: Ambipom|Thunder Punch|p2b: Swoobat\n|-supereffective|p2b: Swoobat\n|-damage|p2b: Swoobat|4\/100\n|move|p2b: Swoobat|Simple Beam|p2a: Braviary\n|-endability|p2a: Braviary|Tinted Lens|[from] move: Simple Beam\n|-ability|p2a: Braviary|Simple|[from] move: Simple Beam\n|move|p1a: Persian|Foul Play|p2a: Braviary\n|-supereffective|p2a: Braviary\n|-damage|p2a: Braviary|22\/100\n|move|p2a: Braviary|Esper Wing|p1b: Ambipom\n|-damage|p1b: Ambipom|33\/100\n|-boost|p2a: Braviary|spe|2\n|\n|upkeep\n|turn|3\n|\n|t:|1701041666\n|move|p1b: Ambipom|Fire Punch|p1a: Persian\n|-damage|p1a: Persian|83\/100\n|move|p2b: Swoobat|Heat Wave|p1a: Persian|[spread] p1a,p1b\n|-damage|p1a: Persian|59\/100\n|-damage|p1b: Ambipom|5\/100\n|move|p2a: Braviary|Air Slash|p1b: Ambipom\n|-damage|p1b: Ambipom|0 fnt\n|faint|p1b: Ambipom\n|move|p1a: Persian|Foul Play|p2a: Braviary\n|-supereffective|p2a: Braviary\n|-damage|p2a: Braviary|0 fnt\n|faint|p2a: Braviary\n|\n|-heal|p1a: Persian|65\/100|[from] item: Leftovers\n|upkeep\n|\n|t:|1701041683\n|switch|p1b: Hariyama|Hariyama, M|100\/100\n|switch|p2a: Oricorio|Oricorio-Sensu, M, shiny|100\/100\n|turn|4\n|\n|t:|1701041694\n|-terastallize|p2a: Oricorio|Fairy\n|move|p1b: Hariyama|Fake Out|p2b: Swoobat\n|-damage|p2b: Swoobat|0 fnt\n|faint|p2b: Swoobat\n|move|p1a: Persian|Knock Off|p2a: Oricorio\n|-resisted|p2a: Oricorio\n|-damage|p2a: Oricorio|91\/100\n|-enditem|p2a: Oricorio|Aguav Berry|[from] move: Knock Off|[of] p1a: Persian\n|move|p2a: Oricorio|Quiver Dance|p2a: Oricorio\n|-boost|p2a: Oricorio|spa|1\n|-boost|p2a: Oricorio|spd|1\n|-boost|p2a: Oricorio|spe|1\n|\n|-heal|p1a: Persian|71\/100|[from] item: Leftovers\n|-status|p1b: Hariyama|brn|[from] item: Flame Orb\n|upkeep\n|\n|t:|1701041698\n|switch|p2b: Barraskewda|Barraskewda, F|100\/100\n|turn|5\n|\n|t:|1701041717\n|move|p1b: Hariyama|Bullet Punch|p2a: Oricorio\n|-supereffective|p2a: Oricorio\n|-damage|p2a: Oricorio|51\/100\n|move|p2b: Barraskewda|Acupressure|p2a: Oricorio\n|-boost|p2a: Oricorio|evasion|2\n|move|p2a: Oricorio|Quiver Dance|p2a: Oricorio\n|-boost|p2a: Oricorio|spa|1\n|-boost|p2a: Oricorio|spd|1\n|-boost|p2a: Oricorio|spe|1\n|move|p1a: Persian|Parting Shot|p2a: Oricorio\n|-unboost|p2a: Oricorio|atk|1\n|-unboost|p2a: Oricorio|spa|1\n|\n|t:|1701041732\n|switch|p1a: Indeedee|Indeedee-F, F|100\/100|[from] Parting Shot\n|-fieldstart|move: Psychic Terrain|[from] ability: Psychic Surge|[of] p1a: Indeedee\n|\n|-damage|p1b: Hariyama|94\/100 brn|[from] brn\n|upkeep\n|turn|6\n|\n|t:|1701041748\n|move|p2a: Oricorio|Roost|p2a: Oricorio\n|-heal|p2a: Oricorio|100\/100\n|move|p1a: Indeedee|Expanding Force|p2b: Barraskewda|[spread] p2a,p2b\n|-damage|p2a: Oricorio|68\/100\n|-enditem|p2b: Barraskewda|Focus Sash\n|-damage|p2b: Barraskewda|1\/100\n|move|p2b: Barraskewda|Acupressure|p2a: Oricorio\n|-boost|p2a: Oricorio|spd|2\n|move|p1b: Hariyama|Close Combat|p2b: Barraskewda\n|-damage|p2b: Barraskewda|0 fnt\n|-unboost|p1b: Hariyama|def|1\n|-unboost|p1b: Hariyama|spd|1\n|faint|p2b: Barraskewda\n|\n|-damage|p1b: Hariyama|88\/100 brn|[from] brn\n|upkeep\n|\n|t:|1701041759\n|switch|p2b: Riolu|Riolu, M|100\/100\n|turn|7\n|\n|t:|1701041779\n|move|p2b: Riolu|Coaching|p2a: Oricorio\n|-boost|p2a: Oricorio|atk|1\n|-boost|p2a: Oricorio|def|1\n|move|p2a: Oricorio|Quiver Dance|p2a: Oricorio\n|-boost|p2a: Oricorio|spa|1\n|-boost|p2a: Oricorio|spd|1\n|-boost|p2a: Oricorio|spe|1\n|move|p1a: Indeedee|Expanding Force|p2b: Riolu|[spread] p2a,p2b\n|-supereffective|p2b: Riolu\n|-damage|p2a: Oricorio|51\/100\n|-damage|p2b: Riolu|0 fnt\n|faint|p2b: Riolu\n|move|p1b: Hariyama|Close Combat|p2a: Oricorio|[miss]\n|-miss|p1b: Hariyama|p2a: Oricorio\n|\n|-damage|p1b: Hariyama|82\/100 brn|[from] brn\n|upkeep\n|\n|t:|1701041787\n|switch|p2b: Cresselia|Cresselia, F|100\/100\n|turn|8\n|\n|t:|1701041804\n|switch|p1b: Persian|Persian-Alola, M|71\/100\n|move|p2a: Oricorio|Roost|p2a: Oricorio\n|-heal|p2a: Oricorio|100\/100\n|move|p1a: Indeedee|Expanding Force|p2a: Oricorio|[spread] p2a,p2b\n|-resisted|p2b: Cresselia\n|-damage|p2a: Oricorio|83\/100\n|-damage|p2b: Cresselia|85\/100\n|move|p2b: Cresselia|Psych Up|p2a: Oricorio\n|-copyboost|p2b: Cresselia|p2a: Oricorio|[from] move: Psych Up\n|\n|-heal|p2b: Cresselia|91\/100|[from] item: Leftovers\n|-heal|p1b: Persian|77\/100|[from] item: Leftovers\n|upkeep\n|turn|9\n|\n|t:|1701041826\n|move|p2a: Oricorio|Revelation Dance|p1b: Persian\n|-supereffective|p1b: Persian\n|-damage|p1b: Persian|0 fnt\n|faint|p1b: Persian\n|move|p2b: Cresselia|Stored Power|p1a: Indeedee\n|-resisted|p1a: Indeedee\n|-damage|p1a: Indeedee|0 fnt\n|faint|p1a: Indeedee\n|\n|-heal|p2b: Cresselia|98\/100|[from] item: Leftovers\n|-fieldend|move: Psychic Terrain\n|upkeep\n|\n|t:|1701041840\n|switch|p1b: Hariyama|Hariyama, M|82\/100 brn\n|switch|p1a: Infernape|Infernape, M|100\/100\n|turn|10\n|\n|t:|1701041848\n|move|p1a: Infernape|Fake Out|p2b: Cresselia\n|-damage|p2b: Cresselia|89\/100\n|-damage|p1a: Infernape|91\/100|[from] item: Life Orb\n|move|p1b: Hariyama|Fake Out|p2a: Oricorio\n|-damage|p2a: Oricorio|70\/100\n|cant|p2a: Oricorio|flinch\n|cant|p2b: Cresselia|flinch\n|\n|-heal|p2b: Cresselia|96\/100|[from] item: Leftovers\n|-damage|p1b: Hariyama|76\/100 brn|[from] brn\n|upkeep\n|turn|11\n|\n|t:|1701041864\n|move|p1b: Hariyama|Bullet Punch|p2a: Oricorio\n|-supereffective|p2a: Oricorio\n|-damage|p2a: Oricorio|43\/100\n|move|p2a: Oricorio|Revelation Dance|p1b: Hariyama\n|-supereffective|p1b: Hariyama\n|-damage|p1b: Hariyama|0 fnt\n|faint|p1b: Hariyama\n|move|p2b: Cresselia|Stored Power|p1a: Infernape\n|-supereffective|p1a: Infernape\n|-damage|p1a: Infernape|0 fnt\n|faint|p1a: Infernape\n|\n|-heal|p2b: Cresselia|100\/100|[from] item: Leftovers\n|upkeep\n|-message|Preppy dude forfeited.\n|\n|win|Theadonia\n|raw|Preppy dude's rating: 1067 &rarr; <strong>1050<\/strong><br \/>(-17 for losing)\n|raw|Theadonia's rating: 1117 &rarr; <strong>1138<\/strong><br \/>(+21 for winning)\n|l|\u2606Preppy dude\n","uploadtime":1701041880,"views":0,"p1id":"preppydude","p2id":"theadonia","formatid":"gen9nationaldexdoubles","rating":1050,"private":0,"password":""}