{"id":"gen9nationaldexdoubles-1962590033","p1":"julim daltonico","p2":"CorajosoKK","format":"[Gen 9] National Dex Doubles","log":"|j|\u2606julim daltonico\n|j|\u2606CorajosoKK\n|t:|1696771937\n|gametype|doubles\n|player|p1|julim daltonico|veteran|\n|player|p2|CorajosoKK|richboy|\n|teamsize|p1|6\n|teamsize|p2|6\n|gen|9\n|tier|[Gen 9] National Dex Doubles\n|rule|HP Percentage Mod: HP is shown in percentages\n|rule|Endless Battle Clause: Forcing endless battles is banned\n|rule|OHKO Clause: OHKO moves are banned\n|rule|Evasion Moves Clause: Evasion moves are banned\n|rule|Evasion Abilities Clause: Evasion abilities are banned\n|rule|Species Clause: Limit one of each Pok\u00e9mon\n|rule|Gravity Sleep Clause: The combination of sleep-inducing moves with imperfect accuracy and Gravity or Gigantamax Orbeetle are banned\n|clearpoke\n|poke|p1|Hydreigon, L70, M|\n|poke|p1|Krookodile, L69, F|\n|poke|p1|Greninja-*, L68, M|\n|poke|p1|Malamar, L67, F|\n|poke|p1|Incineroar, L67, M|\n|poke|p1|Tyranitar, L69, F|\n|poke|p2|Duraludon, L69, M|\n|poke|p2|Gyarados, L68, M|\n|poke|p2|Krookodile, L70, M|\n|poke|p2|Chandelure, L67, F|\n|poke|p2|Gardevoir, L69, F|\n|poke|p2|Toxtricity-Low-Key, L67, M|\n|teampreview\n|\n|t:|1696771949\n|start\n|switch|p1a: Hydreigon|Hydreigon, L70, M|100\/100\n|switch|p1b: Greninja|Greninja, L68, M|100\/100\n|switch|p2a: Krookodile|Krookodile, L70, M|100\/100\n|switch|p2b: Gyarados|Gyarados, L68, M, shiny|100\/100\n|-ability|p2a: Krookodile|Intimidate|boost\n|-unboost|p1a: Hydreigon|atk|1\n|-unboost|p1b: Greninja|atk|1\n|turn|1\n|\n|t:|1696771980\n|move|p1a: Hydreigon|Draco Meteor|p2b: Gyarados\n|-damage|p2b: Gyarados|25\/100\n|-unboost|p1a: Hydreigon|spa|2\n|move|p2a: Krookodile|Brick Break|p1a: Hydreigon\n|-supereffective|p1a: Hydreigon\n|-damage|p1a: Hydreigon|39\/100\n|move|p1b: Greninja|Ice Beam|p2b: Gyarados\n|-damage|p2b: Gyarados|0 fnt\n|faint|p2b: Gyarados\n|-ability|p1b: Greninja|Battle Bond|boost\n|-boost|p1b: Greninja|atk|1\n|-boost|p1b: Greninja|spa|1\n|-boost|p1b: Greninja|spe|1\n|-activate|p1b: Greninja|ability: Battle Bond\n|\n|upkeep\n|\n|t:|1696772002\n|switch|p2b: Gardevoir|Gardevoir, L69, F|100\/100\n|-ability|p2b: Gardevoir|Levitate|[from] ability: Trace|[of] p1a: Hydreigon\n|turn|2\n|\n|t:|1696772019\n|switch|p1a: Malamar|Malamar, L67, F|100\/100\n|switch|p1b: Incineroar|Incineroar, L67, M|100\/100\n|move|p2a: Krookodile|Brick Break|p1b: Incineroar\n|-supereffective|p1b: Incineroar\n|-damage|p1b: Incineroar|38\/100\n|move|p2b: Gardevoir|Moonblast|p1b: Incineroar\n|-damage|p1b: Incineroar|0 fnt\n|faint|p1b: Incineroar\n|\n|upkeep\n|\n|t:|1696772040\n|switch|p1b: Greninja|Greninja, L68, M|100\/100\n|turn|3\n|\n|t:|1696772071\n|switch|p1b: Hydreigon|Hydreigon, L70, M|39\/100\n|detailschange|p2b: Gardevoir|Gardevoir-Mega, L69, F\n|-mega|p2b: Gardevoir|Gardevoir|Gardevoirite\n|move|p2a: Krookodile|Brick Break|p1b: Hydreigon\n|-supereffective|p1b: Hydreigon\n|-crit|p1b: Hydreigon\n|-damage|p1b: Hydreigon|0 fnt\n|faint|p1b: Hydreigon\n|move|p2b: Gardevoir|Moonblast|p1a: Malamar\n|-supereffective|p1a: Malamar\n|-damage|p1a: Malamar|0 fnt\n|faint|p1a: Malamar\n|\n|upkeep\n|\n|t:|1696772095\n|switch|p1b: Krookodile|Krookodile, L69, F|100\/100\n|switch|p1a: Greninja|Greninja, L68, M|100\/100\n|-ability|p1b: Krookodile|Intimidate|boost\n|-unboost|p2a: Krookodile|atk|1\n|-unboost|p2b: Gardevoir|atk|1\n|turn|4\n|\n|t:|1696772120\n|move|p2a: Krookodile|Brick Break|p1b: Krookodile\n|-supereffective|p1b: Krookodile\n|-damage|p1b: Krookodile|62\/100\n|move|p1b: Krookodile|Earthquake|p2b: Gardevoir|[spread] p1a,p2a,p2b\n|-damage|p1a: Greninja|44\/100\n|-damage|p2a: Krookodile|58\/100\n|-damage|p2b: Gardevoir|43\/100\n|move|p2b: Gardevoir|Moonblast|p1a: Greninja\n|-supereffective|p1a: Greninja\n|-damage|p1a: Greninja|0 fnt\n|faint|p1a: Greninja\n|\n|upkeep\n|\n|t:|1696772132\n|switch|p1a: Tyranitar|Tyranitar, L69, F|100\/100\n|-weather|Sandstorm|[from] ability: Sand Stream|[of] p1a: Tyranitar\n|turn|5\n|\n|t:|1696772150\n|detailschange|p1a: Tyranitar|Tyranitar-Mega, L69, F\n|-mega|p1a: Tyranitar|Tyranitar|Tyranitarite\n|move|p2a: Krookodile|Brick Break|p1b: Krookodile\n|-supereffective|p1b: Krookodile\n|-damage|p1b: Krookodile|21\/100\n|move|p1b: Krookodile|Earthquake|p2a: Krookodile|[spread] p1a,p2a,p2b\n|-supereffective|p1a: Tyranitar\n|-crit|p2b: Gardevoir\n|-damage|p1a: Tyranitar|54\/100\n|-damage|p2a: Krookodile|18\/100\n|-damage|p2b: Gardevoir|0 fnt\n|faint|p2b: Gardevoir\n|move|p1a: Tyranitar|Stone Edge|p2a: Krookodile\n|-resisted|p2a: Krookodile\n|-damage|p2a: Krookodile|0 fnt\n|faint|p2a: Krookodile\n|\n|-weather|Sandstorm|[upkeep]\n|upkeep\n|\n|t:|1696772170\n|switch|p2b: Duraludon|Duraludon, L69, M|100\/100\n|switch|p2a: Chandelure|Chandelure, L67, F|100\/100\n|turn|6\n|\n|t:|1696772185\n|move|p1b: Krookodile|Earthquake|p2a: Chandelure|[spread] p1a,p2a,p2b\n|-supereffective|p1a: Tyranitar\n|-supereffective|p2a: Chandelure\n|-supereffective|p2b: Duraludon\n|-damage|p1a: Tyranitar|9\/100\n|-damage|p2a: Chandelure|0 fnt\n|-damage|p2b: Duraludon|17\/100\n|faint|p2a: Chandelure\n|move|p2b: Duraludon|Draco Meteor|p1b: Krookodile\n|-damage|p1b: Krookodile|0 fnt\n|-unboost|p2b: Duraludon|spa|2\n|faint|p1b: Krookodile\n|-damage|p2b: Duraludon|7\/100|[from] item: Life Orb\n|move|p1a: Tyranitar|Stone Edge|p2b: Duraludon\n|-resisted|p2b: Duraludon\n|-damage|p2b: Duraludon|0 fnt\n|faint|p2b: Duraludon\n|\n|-weather|Sandstorm|[upkeep]\n|upkeep\n|\n|t:|1696772207\n|switch|p2b: Toxtricity|Toxtricity-Low-Key, L67, M|100\/100\n|turn|7\n|\n|t:|1696772227\n|move|p2b: Toxtricity|Sludge Bomb|p1a: Tyranitar\n|-resisted|p1a: Tyranitar\n|-damage|p1a: Tyranitar|0 fnt\n|faint|p1a: Tyranitar\n|\n|win|CorajosoKK\n","uploadtime":1696772245,"views":6,"p1id":"julimdaltonico","p2id":"corajosokk","formatid":"gen9nationaldexdoubles","rating":0,"private":0,"password":""}