{"id":"gen9nationaldexdoubles-1966197886","p1":"Immagamer","p2":"DuckDestroyers","format":"[Gen 9] National Dex Doubles","log":"|j|\u203dImmagamer\n|j|\u2606DuckDestroyers\n|t:|1697154809\n|gametype|doubles\n|player|p1|Immagamer|lucas|1371\n|player|p2|DuckDestroyers|richboy-gen4|1127\n|teamsize|p1|6\n|teamsize|p2|6\n|gen|9\n|tier|[Gen 9] National Dex Doubles\n|rated|\n|rule|HP Percentage Mod: HP is shown in percentages\n|rule|Endless Battle Clause: Forcing endless battles is banned\n|rule|OHKO Clause: OHKO moves are banned\n|rule|Evasion Moves Clause: Evasion moves are banned\n|rule|Evasion Abilities Clause: Evasion abilities are banned\n|rule|Species Clause: Limit one of each Pok\u00e9mon\n|rule|Gravity Sleep Clause: The combination of sleep-inducing moves with imperfect accuracy and Gravity or Gigantamax Orbeetle are banned\n|clearpoke\n|poke|p1|Espathra, M|\n|poke|p1|Smeargle, F|\n|poke|p1|Ursaluna-Bloodmoon, M|\n|poke|p1|Indeedee-F, F|\n|poke|p1|Mr. Mime, F|\n|poke|p1|Gardevoir, F|\n|poke|p2|Oricorio-Pom-Pom, F|\n|poke|p2|Volcarona, F|\n|poke|p2|Clefable, F|\n|poke|p2|Palafin, M|\n|poke|p2|Conkeldurr, M|\n|poke|p2|Dragonite, M|\n|teampreview\n|inactive|Battle timer is ON: inactive players will automatically lose when time's up. (requested by DuckDestroyers)\n|\n|t:|1697154819\n|start\n|switch|p1a: Espathra|Espathra, M|100\/100\n|switch|p1b: Smeargle|Smeargle, F|100\/100\n|switch|p2a: Volcarona|Volcarona, F|100\/100\n|switch|p2b: Oricorio|Oricorio-Pom-Pom, F, shiny|100\/100\n|turn|1\n|\n|t:|1697154832\n|move|p1a: Espathra|Agility|p1a: Espathra\n|-boost|p1a: Espathra|spe|2\n|move|p2b: Oricorio|Quiver Dance|p2b: Oricorio\n|-boost|p2b: Oricorio|spa|1\n|-boost|p2b: Oricorio|spd|1\n|-boost|p2b: Oricorio|spe|1\n|move|p1b: Smeargle|Decorate|p1a: Espathra\n|-boost|p1a: Espathra|atk|2\n|-boost|p1a: Espathra|spa|2\n|move|p2a: Volcarona|Quiver Dance|p2a: Volcarona\n|-boost|p2a: Volcarona|spa|1\n|-boost|p2a: Volcarona|spd|1\n|-boost|p2a: Volcarona|spe|1\n|-activate|p2b: Oricorio|ability: Dancer\n|move|p2b: Oricorio|Quiver Dance|p2b: Oricorio|[from]ability: Dancer\n|-boost|p2b: Oricorio|spa|1\n|-boost|p2b: Oricorio|spd|1\n|-boost|p2b: Oricorio|spe|1\n|\n|-ability|p1a: Espathra|Speed Boost|boost\n|-boost|p1a: Espathra|spe|1\n|upkeep\n|turn|2\n|inactive|DuckDestroyers has 120 seconds left.\n|\n|t:|1697154864\n|move|p1a: Espathra|Protect|p1a: Espathra\n|-singleturn|p1a: Espathra|Protect\n|move|p2b: Oricorio|Protect|p2b: Oricorio\n|-singleturn|p2b: Oricorio|Protect\n|move|p2a: Volcarona|Bug Buzz|p1a: Espathra\n|-activate|p1a: Espathra|move: Protect\n|move|p1b: Smeargle|Taunt|p2a: Volcarona\n|-start|p2a: Volcarona|move: Taunt\n|\n|-ability|p1a: Espathra|Speed Boost|boost\n|-boost|p1a: Espathra|spe|1\n|upkeep\n|turn|3\n|\n|t:|1697154887\n|move|p1b: Smeargle|Follow Me|p1b: Smeargle\n|-singleturn|p1b: Smeargle|move: Follow Me\n|move|p1a: Espathra|Baton Pass|p1a: Espathra\n|\n|t:|1697154891\n|switch|p1a: Ursaluna|Ursaluna-Bloodmoon, M|100\/100|[from] Baton Pass\n|move|p2b: Oricorio|Revelation Dance|p1b: Smeargle\n|-enditem|p1b: Smeargle|Focus Sash\n|-damage|p1b: Smeargle|1\/100\n|-damage|p2b: Oricorio|91\/100|[from] item: Life Orb\n|move|p2a: Volcarona|Fiery Dance|p1b: Smeargle\n|-damage|p1b: Smeargle|0 fnt\n|faint|p1b: Smeargle\n|-activate|p2b: Oricorio|ability: Dancer\n|move|p2b: Oricorio|Fiery Dance|p1a: Ursaluna|[from]ability: Dancer\n|-damage|p1a: Ursaluna|24\/100\n|-damage|p2b: Oricorio|81\/100|[from] item: Life Orb\n|\n|upkeep\n|\n|t:|1697154911\n|switch|p1b: Mr. Mime|Mr. Mime, F|100\/100\n|turn|4\n|\n|t:|1697154929\n|-terastallize|p1a: Ursaluna|Normal\n|move|p2b: Oricorio|Protect|p2b: Oricorio\n|-singleturn|p2b: Oricorio|Protect\n|move|p1b: Mr. Mime|Follow Me|p1b: Mr. Mime\n|-singleturn|p1b: Mr. Mime|move: Follow Me\n|move|p1a: Ursaluna|Blood Moon|p2b: Oricorio\n|-activate|p2b: Oricorio|move: Protect\n|move|p2a: Volcarona|Fiery Dance|p1b: Mr. Mime\n|-damage|p1b: Mr. Mime|46\/100\n|-boost|p2a: Volcarona|spa|1\n|-activate|p2b: Oricorio|ability: Dancer\n|move|p2b: Oricorio|Fiery Dance|p1b: Mr. Mime|[from]ability: Dancer\n|-damage|p1b: Mr. Mime|0 fnt\n|faint|p1b: Mr. Mime\n|-damage|p2b: Oricorio|71\/100|[from] item: Life Orb\n|\n|upkeep\n|\n|t:|1697154950\n|switch|p1b: Indeedee|Indeedee-F, F|100\/100\n|-fieldstart|move: Psychic Terrain|[from] ability: Psychic Surge|[of] p1b: Indeedee\n|turn|5\n|\n|t:|1697154966\n|-terastallize|p2b: Oricorio|Water\n|move|p1b: Indeedee|Follow Me|p1b: Indeedee\n|-singleturn|p1b: Indeedee|move: Follow Me\n|move|p1a: Ursaluna|Hyper Voice|p2b: Oricorio|[spread] p2a,p2b\n|-damage|p2a: Volcarona|50\/100\n|-damage|p2b: Oricorio|0 fnt\n|faint|p2b: Oricorio\n|move|p2a: Volcarona|Fiery Dance|p1b: Indeedee\n|-damage|p1b: Indeedee|30\/100\n|-boost|p2a: Volcarona|spa|1\n|\n|-heal|p2a: Volcarona|56\/100|[from] item: Leftovers\n|-end|p2a: Volcarona|move: Taunt\n|upkeep\n|\n|t:|1697154980\n|switch|p2b: Clefable|Clefable, F, shiny|100\/100\n|turn|6\n|\n|t:|1697154992\n|move|p1b: Indeedee|Follow Me|p1b: Indeedee\n|-singleturn|p1b: Indeedee|move: Follow Me\n|move|p1a: Ursaluna|Blood Moon|p2a: Volcarona\n|-damage|p2a: Volcarona|0 fnt\n|faint|p2a: Volcarona\n|move|p2b: Clefable|Cosmic Power|p2b: Clefable\n|-boost|p2b: Clefable|def|1\n|-boost|p2b: Clefable|spd|1\n|\n|upkeep\n|\n|t:|1697155000\n|switch|p2a: Palafin|Palafin, M, shiny|100\/100\n|turn|7\n|\n|t:|1697155017\n|move|p1b: Indeedee|Follow Me|p1b: Indeedee\n|-singleturn|p1b: Indeedee|move: Follow Me\n|move|p1a: Ursaluna|Hyper Voice|p2a: Palafin|[spread] p2a,p2b\n|-damage|p2a: Palafin|0 fnt\n|-damage|p2b: Clefable|48\/100\n|faint|p2a: Palafin\n|move|p2b: Clefable|Cosmic Power|p2b: Clefable\n|-boost|p2b: Clefable|def|1\n|-boost|p2b: Clefable|spd|1\n|\n|-heal|p2b: Clefable|54\/100|[from] item: Leftovers\n|upkeep\n|\n|t:|1697155028\n|switch|p2a: Conkeldurr|Conkeldurr, M|100\/100\n|turn|8\n|\n|t:|1697155035\n|move|p1b: Indeedee|Follow Me|p1b: Indeedee\n|-singleturn|p1b: Indeedee|move: Follow Me\n|move|p2b: Clefable|Follow Me|p2b: Clefable\n|-singleturn|p2b: Clefable|move: Follow Me\n|move|p2a: Conkeldurr|Mach Punch|p1b: Indeedee\n|-activate|p1b: Indeedee|move: Psychic Terrain\n|move|p1a: Ursaluna|Blood Moon|p2b: Clefable\n|-damage|p2b: Clefable|0 fnt\n|faint|p2b: Clefable\n|\n|-status|p2a: Conkeldurr|brn|[from] item: Flame Orb\n|upkeep\n|\n|t:|1697155046\n|switch|p2b: Dragonite|Dragonite, M, shiny|100\/100\n|turn|9\n|\n|t:|1697155066\n|move|p1b: Indeedee|Follow Me|p1b: Indeedee\n|-singleturn|p1b: Indeedee|move: Follow Me\n|move|p2b: Dragonite|Extreme Speed|p1b: Indeedee\n|-activate|p1b: Indeedee|move: Psychic Terrain\n|move|p1a: Ursaluna|Hyper Voice|p2b: Dragonite|[spread] p2a,p2b\n|-damage|p2a: Conkeldurr|0 fnt\n|-damage|p2b: Dragonite|46\/100\n|faint|p2a: Conkeldurr\n|\n|-fieldend|move: Psychic Terrain\n|upkeep\n|turn|10\n|-message|DuckDestroyers forfeited.\n|\n|win|Immagamer\n|raw|Immagamer's rating: 1351 &rarr; <strong>1360<\/strong><br \/>(+9 for winning)\n|raw|DuckDestroyers's rating: 1127 &rarr; <strong>1116<\/strong><br \/>(-11 for losing)\n|l|\u2606DuckDestroyers\n","uploadtime":1697155081,"views":4,"p1id":"immagamer","p2id":"duckdestroyers","formatid":"gen9nationaldexdoubles","rating":1116,"private":0,"password":""}