{"id":"gen9nationaldexdoubles-1978964187","p1":"Sencopion","p2":"rimm099._","format":"[Gen 9] National Dex Doubles","log":"|j|\u2606Sencopion\n|j|\u2606rimm099._\n|t:|1698615301\n|gametype|doubles\n|player|p1|Sencopion|roxie|\n|player|p2|rimm099._|265|\n|teamsize|p1|6\n|teamsize|p2|6\n|gen|9\n|tier|[Gen 9] National Dex Doubles\n|rule|HP Percentage Mod: HP is shown in percentages\n|rule|Endless Battle Clause: Forcing endless battles is banned\n|rule|OHKO Clause: OHKO moves are banned\n|rule|Evasion Moves Clause: Evasion moves are banned\n|rule|Evasion Abilities Clause: Evasion abilities are banned\n|rule|Species Clause: Limit one of each Pok\u00e9mon\n|rule|Gravity Sleep Clause: The combination of sleep-inducing moves with imperfect accuracy and Gravity or Gigantamax Orbeetle are banned\n|clearpoke\n|poke|p1|Tapu Koko|\n|poke|p1|Sneasler, F|\n|poke|p1|Lopunny, F|\n|poke|p1|Landorus-Therian, M|\n|poke|p1|Iron Jugulis|\n|poke|p1|Gholdengo|\n|poke|p2|Charizard, F|\n|poke|p2|Torkoal, M|\n|poke|p2|Blacephalon|\n|poke|p2|Volcarona, M|\n|poke|p2|Cherrim, M|\n|poke|p2|Great Tusk|\n|teampreview\n|inactive|Battle timer is ON: inactive players will automatically lose when time's up. (requested by Sencopion)\n|c|\u2606Sencopion|glhf!\n|inactive|rimm099._ has 270 seconds left.\n|\n|t:|1698615334\n|start\n|switch|p1a: Tapu Koko|Tapu Koko|100\/100\n|switch|p1b: Iron Jugulis|Iron Jugulis|100\/100\n|switch|p2a: Snoop Dog|Torkoal, M|100\/100\n|switch|p2b: Tusk act 4|Great Tusk|100\/100\n|-fieldstart|move: Electric Terrain|[from] ability: Electric Surge|[of] p1a: Tapu Koko\n|-activate|p1b: Iron Jugulis|ability: Quark Drive\n|-start|p1b: Iron Jugulis|quarkdrivespa\n|-weather|SunnyDay|[from] ability: Drought|[of] p2a: Snoop Dog\n|-activate|p2b: Tusk act 4|ability: Protosynthesis\n|-start|p2b: Tusk act 4|protosynthesisspe\n|turn|1\n|inactive|Sencopion has 270 seconds left.\n|\n|t:|1698615375\n|switch|p1a: Landorus|Landorus-Therian, M|100\/100\n|-ability|p1a: Landorus|Intimidate|boost\n|-unboost|p2a: Snoop Dog|atk|1\n|-unboost|p2b: Tusk act 4|atk|1\n|move|p2b: Tusk act 4|Ice Spinner|p1b: Iron Jugulis\n|-supereffective|p1b: Iron Jugulis\n|-damage|p1b: Iron Jugulis|61\/100\n|-fieldend|move: Electric Terrain\n|-end|p1b: Iron Jugulis|Quark Drive\n|move|p1b: Iron Jugulis|Hurricane|p2a: Snoop Dog\n|-damage|p2a: Snoop Dog|27\/100\n|move|p2a: Snoop Dog|Stealth Rock|p1a: Landorus\n|-sidestart|p1: Sencopion|move: Stealth Rock\n|\n|-weather|SunnyDay|[upkeep]\n|upkeep\n|turn|2\n|inactive|Sencopion has 270 seconds left.\n|inactive|rimm099._ has 270 seconds left.\n|\n|t:|1698615408\n|switch|p1a: Tapu Koko|Tapu Koko|100\/100\n|-damage|p1a: Tapu Koko|88\/100|[from] Stealth Rock\n|-fieldstart|move: Electric Terrain|[from] ability: Electric Surge|[of] p1a: Tapu Koko\n|-activate|p1b: Iron Jugulis|ability: Quark Drive\n|-start|p1b: Iron Jugulis|quarkdrivespa\n|move|p2b: Tusk act 4|Close Combat|p1b: Iron Jugulis\n|-damage|p1b: Iron Jugulis|22\/100\n|-unboost|p2b: Tusk act 4|def|1\n|-unboost|p2b: Tusk act 4|spd|1\n|move|p1b: Iron Jugulis|Tailwind|p1b: Iron Jugulis\n|-sidestart|p1: Sencopion|move: Tailwind\n|move|p2a: Snoop Dog|Body Press|p1b: Iron Jugulis\n|-damage|p1b: Iron Jugulis|0 fnt\n|faint|p1b: Iron Jugulis\n|-end|p1b: Iron Jugulis|Quark Drive|[silent]\n|\n|-weather|SunnyDay|[upkeep]\n|upkeep\n|\n|t:|1698615425\n|switch|p1b: Sneasler|Sneasler, F|100\/100\n|-damage|p1b: Sneasler|95\/100|[from] Stealth Rock\n|-enditem|p1b: Sneasler|Electric Seed\n|-boost|p1b: Sneasler|def|1|[from] item: Electric Seed\n|turn|3\n|inactive|Sencopion has 270 seconds left.\n|\n|t:|1698615445\n|-terastallize|p1b: Sneasler|Flying\n|move|p1b: Sneasler|Acrobatics|p2b: Tusk act 4\n|-supereffective|p2b: Tusk act 4\n|-damage|p2b: Tusk act 4|0 fnt\n|faint|p2b: Tusk act 4\n|-end|p2b: Tusk act 4|Protosynthesis|[silent]\n|move|p1a: Tapu Koko|Volt Switch|p2a: Snoop Dog\n|-damage|p2a: Snoop Dog|0 fnt\n|faint|p2a: Snoop Dog\n|c|\u2606rimm099._|im sorry if i take time to attack im playing subway surfers\n|c|\u2606Sencopion|No problem\n|c|\u2606rimm099._|and the evil within\n|c|\u2606rimm099._|im multi tasking\n|c|\u2606rimm099._|:Skull:\n|c|\u2606Sencopion|kk\n|inactive|Sencopion has 240 seconds left.\n|\n|t:|1698615478\n|switch|p1a: Lopunny|Lopunny, F|100\/100|[from] Volt Switch\n|-damage|p1a: Lopunny|88\/100|[from] Stealth Rock\n|\n|-weather|SunnyDay|[upkeep]\n|upkeep\n|\n|t:|1698615495\n|switch|p2b: Dragon Mommy|Charizard, F|100\/100\n|switch|p2a: Michael Jackson|Blacephalon|100\/100\n|turn|4\n|inactive|rimm099._ has 270 seconds left.\n|\n|t:|1698615535\n|detailschange|p1a: Lopunny|Lopunny-Mega, F\n|-mega|p1a: Lopunny|Lopunny|Lopunnite\n|detailschange|p2b: Dragon Mommy|Charizard-Mega-X, F\n|-mega|p2b: Dragon Mommy|Charizard|Charizardite X\n|move|p1a: Lopunny|Fake Out|p2b: Dragon Mommy\n|-crit|p2b: Dragon Mommy\n|-damage|p2b: Dragon Mommy|66\/100\n|move|p1b: Sneasler|Acrobatics|p2a: Michael Jackson\n|-damage|p2a: Michael Jackson|0 fnt\n|faint|p2a: Michael Jackson\n|cant|p2b: Dragon Mommy|flinch\n|\n|-weather|SunnyDay|[upkeep]\n|upkeep\n|j| YaBoiCrim\n|\n|t:|1698615542\n|switch|p2a: Flower Bitch|Cherrim, M|100\/100\n|-formechange|p2a: Flower Bitch|Cherrim-Sunshine|[msg]|[from] ability: Flower Gift\n|turn|5\n|inactive|Sencopion has 270 seconds left.\n|\n|t:|1698615563\n|move|p1b: Sneasler|Acrobatics|p2a: Flower Bitch\n|-supereffective|p2a: Flower Bitch\n|-damage|p2a: Flower Bitch|0 fnt\n|faint|p2a: Flower Bitch\n|move|p1a: Lopunny|High Jump Kick|p2b: Dragon Mommy\n|-damage|p2b: Dragon Mommy|0 fnt\n|faint|p2b: Dragon Mommy\n|\n|-weather|SunnyDay|[upkeep]\n|-sideend|p1: Sencopion|move: Tailwind\n|upkeep\n|inactive|rimm099._ has 270 seconds left.\n|c|\u2606rimm099._|yes my ass igetting kicked rn\n|inactive|rimm099._ has 240 seconds left.\n|\n|t:|1698615625\n|switch|p2a: Flower Daddy|Volcarona, M|100\/100\n|turn|6\n|inactive|rimm099._ has 240 seconds left.\n|\n|t:|1698615636\n|move|p1b: Sneasler|Acrobatics|p2a: Flower Daddy\n|-supereffective|p2a: Flower Daddy\n|-damage|p2a: Flower Daddy|0 fnt\n|faint|p2a: Flower Daddy\n|\n|win|Sencopion\n|c|\u2606rimm099._|sheesh\n|c|\u2606rimm099._|gg\n|c|\u2606Sencopion|ggwwp\n|l| YaBoiCrim\n|l|\u2606Sencopion\n","uploadtime":1698615647,"views":6,"p1id":"sencopion","p2id":"rimm099","formatid":"gen9nationaldexdoubles","rating":0,"private":0,"password":""}