{"id":"gen9nationaldexdoubles-1988162358","p1":"Bootus Stankus","p2":"renz75642","format":"[Gen 9] National Dex Doubles","log":"|j|\u2606Bootus Stankus\n|j|\u2606renz75642\n|t:|1699677738\n|gametype|doubles\n|player|p1|Bootus Stankus|iris|1143\n|player|p2|renz75642|pokemonranger-gen4|1081\n|teamsize|p1|6\n|teamsize|p2|6\n|gen|9\n|tier|[Gen 9] National Dex Doubles\n|rated|\n|rule|HP Percentage Mod: HP is shown in percentages\n|rule|Endless Battle Clause: Forcing endless battles is banned\n|rule|OHKO Clause: OHKO moves are banned\n|rule|Evasion Moves Clause: Evasion moves are banned\n|rule|Evasion Abilities Clause: Evasion abilities are banned\n|rule|Species Clause: Limit one of each Pok\u00e9mon\n|rule|Gravity Sleep Clause: The combination of sleep-inducing moves with imperfect accuracy and Gravity or Gigantamax Orbeetle are banned\n|clearpoke\n|poke|p1|Hawlucha, M|\n|poke|p1|Tapu Koko|\n|poke|p1|Ogerpon-Hearthflame, F|\n|poke|p1|Clefairy, F|\n|poke|p1|Kommo-o, F|\n|poke|p1|Stonjourner, M|\n|poke|p2|Indeedee, M|\n|poke|p2|Armarouge, M|\n|poke|p2|Veluza, M|\n|poke|p2|Metagross|\n|poke|p2|Gallade, M|\n|poke|p2|Deoxys-Speed|\n|teampreview\n|inactive|Battle timer is ON: inactive players will automatically lose when time's up. (requested by renz75642)\n|\n|t:|1699677749\n|start\n|switch|p1a: Hawlucha|Hawlucha, M, shiny|100\/100\n|switch|p1b: Tapu Koko|Tapu Koko|100\/100\n|switch|p2a: Indeedee|Indeedee, M|100\/100\n|switch|p2b: Armarouge|Armarouge, M|100\/100\n|-fieldstart|move: Psychic Terrain|[from] ability: Psychic Surge|[of] p2a: Indeedee\n|-fieldstart|move: Electric Terrain|[from] ability: Electric Surge|[of] p1b: Tapu Koko\n|-enditem|p1a: Hawlucha|Electric Seed\n|-boost|p1a: Hawlucha|def|1|[from] item: Electric Seed\n|turn|1\n|\n|t:|1699677769\n|move|p1a: Hawlucha|Acrobatics|p2b: Armarouge\n|-damage|p2b: Armarouge|64\/100\n|-damage|p1a: Hawlucha|84\/100|[from] item: Rocky Helmet|[of] p2b: Armarouge\n|-ability|p2b: Armarouge|Weak Armor|boost\n|-unboost|p2b: Armarouge|def|1\n|-boost|p2b: Armarouge|spe|2\n|move|p2a: Indeedee|Hyper Voice|p1a: Hawlucha|[spread] p1a,p1b\n|-damage|p1a: Hawlucha|51\/100\n|-damage|p1b: Tapu Koko|57\/100\n|move|p2b: Armarouge|Expanding Force|p1a: Hawlucha\n|-supereffective|p1a: Hawlucha\n|-damage|p1a: Hawlucha|0 fnt\n|faint|p1a: Hawlucha\n|move|p1b: Tapu Koko|Volt Switch|p2b: Armarouge\n|-damage|p2b: Armarouge|18\/100\n|\n|t:|1699677786\n|switch|p1b: Kommo-o|Kommo-o, F|100\/100|[from] Volt Switch\n|\n|upkeep\n|\n|t:|1699677788\n|switch|p1a: Clefairy|Clefairy, F|100\/100\n|turn|2\n|\n|t:|1699677800\n|switch|p2a: Gallade|Gallade, M|100\/100\n|move|p2b: Armarouge|Armor Cannon|p1a: Clefairy\n|-crit|p1a: Clefairy\n|-damage|p1a: Clefairy|16\/100\n|-unboost|p2b: Armarouge|def|1\n|-unboost|p2b: Armarouge|spd|1\n|move|p1b: Kommo-o|Clangorous Soul|p1b: Kommo-o\n|-boost|p1b: Kommo-o|atk|1\n|-boost|p1b: Kommo-o|def|1\n|-boost|p1b: Kommo-o|spa|1\n|-boost|p1b: Kommo-o|spd|1\n|-boost|p1b: Kommo-o|spe|1\n|-damage|p1b: Kommo-o|68\/100\n|-enditem|p1b: Kommo-o|Throat Spray\n|-boost|p1b: Kommo-o|spa|1|[from] item: Throat Spray\n|move|p1a: Clefairy|Heal Pulse|p1b: Kommo-o\n|-heal|p1b: Kommo-o|100\/100\n|\n|upkeep\n|turn|3\n|\n|t:|1699677824\n|move|p1a: Clefairy|Follow Me|p1a: Clefairy\n|-singleturn|p1a: Clefairy|move: Follow Me\n|move|p1b: Kommo-o|Clanging Scales|p2a: Gallade|[spread] p2a,p2b\n|-damage|p2a: Gallade|29\/100\n|-damage|p2b: Armarouge|0 fnt\n|faint|p2b: Armarouge\n|-unboost|p1b: Kommo-o|def|1\n|move|p2a: Gallade|Psycho Cut|p1a: Clefairy\n|-damage|p1a: Clefairy|0 fnt\n|faint|p1a: Clefairy\n|\n|upkeep\n|\n|t:|1699677832\n|switch|p2b: Indeedee|Indeedee, M|100\/100\n|switch|p1a: Stonjourner|Stonjourner, M|100\/100\n|-fieldstart|move: Psychic Terrain|[from] ability: Psychic Surge|[of] p2b: Indeedee\n|turn|4\n|\n|t:|1699677842\n|move|p1a: Stonjourner|Wide Guard|p1a: Stonjourner\n|-singleturn|p1a: Stonjourner|Wide Guard\n|move|p2b: Indeedee|Expanding Force|p1a: Stonjourner|[spread] \n|-activate|p1a: Stonjourner|move: Wide Guard\n|-activate|p1b: Kommo-o|move: Wide Guard\n|move|p1b: Kommo-o|Boomburst|p2a: Gallade|[spread] p2a,p2b\n|-activate|p1a: Stonjourner|move: Wide Guard\n|-damage|p2a: Gallade|0 fnt\n|-damage|p2b: Indeedee|4\/100\n|faint|p2a: Gallade\n|\n|upkeep\n|\n|t:|1699677852\n|switch|p2a: Veluza|Veluza, M|100\/100\n|turn|5\n|\n|t:|1699677860\n|-terastallize|p1b: Kommo-o|Normal\n|move|p1a: Stonjourner|Wide Guard|p1a: Stonjourner\n|-singleturn|p1a: Stonjourner|Wide Guard\n|move|p2b: Indeedee|Expanding Force|p1b: Kommo-o|[spread] \n|-activate|p1a: Stonjourner|move: Wide Guard\n|-activate|p1b: Kommo-o|move: Wide Guard\n|move|p1b: Kommo-o|Boomburst|p2b: Indeedee|[spread] p2a,p2b\n|-activate|p1a: Stonjourner|move: Wide Guard\n|-damage|p2a: Veluza|0 fnt\n|-damage|p2b: Indeedee|0 fnt\n|faint|p2a: Veluza\n|faint|p2b: Indeedee\n|\n|upkeep\n|\n|t:|1699677872\n|switch|p2b: Metagross|Metagross|100\/100\n|switch|p2a: Deoxys|Deoxys-Speed|100\/100\n|-ability|p2a: Deoxys|Pressure\n|turn|6\n|\n|t:|1699677885\n|detailschange|p2b: Metagross|Metagross-Mega\n|-mega|p2b: Metagross|Metagross|Metagrossite\n|move|p2a: Deoxys|Power-Up Punch|p1b: Kommo-o\n|-supereffective|p1b: Kommo-o\n|-damage|p1b: Kommo-o|80\/100\n|-boost|p2a: Deoxys|atk|1\n|move|p1b: Kommo-o|Flash Cannon|p2a: Deoxys\n|-damage|p2a: Deoxys|22\/100\n|move|p2b: Metagross|Earthquake|p1b: Kommo-o|[spread] p2a,p1a,p1b\n|-supereffective|p1a: Stonjourner\n|-damage|p2a: Deoxys|0 fnt\n|-damage|p1a: Stonjourner|61\/100\n|-damage|p1b: Kommo-o|53\/100\n|faint|p2a: Deoxys\n|move|p1a: Stonjourner|Rock Tomb|p2b: Metagross|[miss]\n|-miss|p1a: Stonjourner|p2b: Metagross\n|\n|upkeep\n|turn|7\n|\n|t:|1699677899\n|move|p1a: Stonjourner|Protect|p1a: Stonjourner\n|-singleturn|p1a: Stonjourner|Protect\n|move|p1b: Kommo-o|Boomburst|p2b: Metagross|[spread] p2b\n|-activate|p1a: Stonjourner|move: Protect\n|-resisted|p2b: Metagross\n|-damage|p2b: Metagross|47\/100\n|move|p2b: Metagross|Earthquake|p1a: Stonjourner|[spread] p1b\n|-activate|p1a: Stonjourner|move: Protect\n|-damage|p1b: Kommo-o|28\/100\n|\n|upkeep\n|turn|8\n|\n|t:|1699677909\n|move|p1b: Kommo-o|Boomburst|p2b: Metagross|[spread] p1a,p2b\n|-resisted|p1a: Stonjourner\n|-resisted|p2b: Metagross\n|-damage|p1a: Stonjourner|0 fnt\n|-damage|p2b: Metagross|0 fnt\n|faint|p1a: Stonjourner\n|faint|p2b: Metagross\n|\n|win|Bootus Stankus\n|raw|Bootus Stankus's rating: 1143 &rarr; <strong>1165<\/strong><br \/>(+22 for winning)\n|raw|renz75642's rating: 1106 &rarr; <strong>1084<\/strong><br \/>(-22 for losing)\n","uploadtime":1699678041,"views":5,"p1id":"bootusstankus","p2id":"renz75642","formatid":"gen9nationaldexdoubles","rating":1084,"private":0,"password":""}