{"id":"gen9nationaldexdoubles-1975391948","p1":"AtomBomb69","p2":"Abakerboy","format":"[Gen 9] National Dex Doubles","log":"|j|\u2606AtomBomb69\n|j|\u2606Abakerboy\n|t:|1698186348\n|gametype|doubles\n|player|p1|AtomBomb69|swimmerf-gen4|1000\n|player|p2|Abakerboy|170|1000\n|teamsize|p1|6\n|teamsize|p2|4\n|gen|9\n|tier|[Gen 9] National Dex Doubles\n|rated|\n|rule|HP Percentage Mod: HP is shown in percentages\n|rule|Endless Battle Clause: Forcing endless battles is banned\n|rule|OHKO Clause: OHKO moves are banned\n|rule|Evasion Moves Clause: Evasion moves are banned\n|rule|Evasion Abilities Clause: Evasion abilities are banned\n|rule|Species Clause: Limit one of each Pok\u00e9mon\n|rule|Gravity Sleep Clause: The combination of sleep-inducing moves with imperfect accuracy and Gravity or Gigantamax Orbeetle are banned\n|clearpoke\n|poke|p1|Blastoise, F|\n|poke|p1|Tornadus, M|\n|poke|p1|Amoonguss, F|\n|poke|p1|Diancie|\n|poke|p1|Cresselia, F|\n|poke|p1|Gholdengo|\n|poke|p2|Lilligant-Hisui, F|\n|poke|p2|Serperior, F|\n|poke|p2|Dunsparce, M|\n|poke|p2|Samurott-Hisui, M|\n|teampreview\n|inactive|Battle timer is ON: inactive players will automatically lose when time's up. (requested by AtomBomb69)\n|\n|t:|1698186361\n|start\n|switch|p1a: Tornadus|Tornadus, M, shiny|100\/100\n|switch|p1b: Blastoise|Blastoise, F, shiny|100\/100\n|switch|p2a: Samurott|Samurott-Hisui, M|100\/100\n|switch|p2b: Lilligant|Lilligant-Hisui, F, shiny|100\/100\n|turn|1\n|inactive|Abakerboy has 120 seconds left.\n|\n|t:|1698186393\n|-terastallize|p2b: Lilligant|Fire\n|-terastallize|p1b: Blastoise|Water\n|move|p1a: Tornadus|Rain Dance|p1a: Tornadus\n|-weather|RainDance\n|move|p2b: Lilligant|Tera Blast|p1a: Tornadus|[anim] Tera Blast Fire\n|-damage|p1a: Tornadus|71\/100\n|move|p1b: Blastoise|Water Spout|p2a: Samurott|[spread] p2a,p2b\n|-resisted|p2a: Samurott\n|-supereffective|p2b: Lilligant\n|-damage|p2a: Samurott|33\/100\n|-damage|p2b: Lilligant|0 fnt\n|faint|p2b: Lilligant\n|move|p2a: Samurott|Ceaseless Edge|p1b: Blastoise\n|-damage|p1b: Blastoise|31\/100\n|-sidestart|p1: AtomBomb69|Spikes\n|-damage|p2a: Samurott|23\/100|[from] item: Life Orb\n|\n|-weather|RainDance|[upkeep]\n|-heal|p1b: Blastoise|37\/100|[from] ability: Rain Dish\n|upkeep\n|inactive|Abakerboy has 120 seconds left.\n|\n|t:|1698186421\n|switch|p2b: Serperior|Serperior, F|100\/100\n|turn|2\n|inactive|Abakerboy has 120 seconds left.\n|\n|t:|1698186441\n|switch|p1b: Gholdengo|Gholdengo|100\/100\n|-item|p1b: Gholdengo|Air Balloon\n|move|p1a: Tornadus|Tailwind|p1a: Tornadus\n|-sidestart|p1: AtomBomb69|move: Tailwind\n|move|p2b: Serperior|Leaf Storm|p1b: Gholdengo\n|-resisted|p1b: Gholdengo\n|-damage|p1b: Gholdengo|72\/100\n|-boost|p2b: Serperior|spa|2\n|-enditem|p1b: Gholdengo|Air Balloon\n|move|p2a: Samurott|Razor Shell|p1a: Tornadus\n|-damage|p1a: Tornadus|0 fnt\n|faint|p1a: Tornadus\n|-damage|p2a: Samurott|13\/100|[from] item: Life Orb\n|\n|-weather|RainDance|[upkeep]\n|upkeep\n|inactive|AtomBomb69 has 120 seconds left.\n|\n|t:|1698186471\n|switch|p1a: Blastoise|Blastoise, F, shiny, tera:Water|37\/100\n|-damage|p1a: Blastoise|25\/100|[from] Spikes\n|turn|3\n|inactive|Abakerboy has 120 seconds left.\n|\n|t:|1698186490\n|move|p1a: Blastoise|Ice Beam|p2b: Serperior\n|-supereffective|p2b: Serperior\n|-crit|p2b: Serperior\n|-damage|p2b: Serperior|0 fnt\n|faint|p2b: Serperior\n|move|p1b: Gholdengo|Make It Rain|p2a: Samurott\n|-resisted|p2a: Samurott\n|-damage|p2a: Samurott|0 fnt\n|-unboost|p1b: Gholdengo|spa|1\n|faint|p2a: Samurott\n|\n|-weather|RainDance|[upkeep]\n|-heal|p1a: Blastoise|31\/100|[from] ability: Rain Dish\n|upkeep\n|inactive|Abakerboy has 120 seconds left.\n|\n|t:|1698186506\n|switch|p2b: Dunsparce|Dunsparce, M|100\/100\n|turn|4\n|\n|t:|1698186517\n|switch|p1b: Amoonguss|Amoonguss, F, shiny|100\/100\n|-damage|p1b: Amoonguss|88\/100|[from] Spikes\n|move|p1a: Blastoise|Ice Beam|p2b: Dunsparce\n|-damage|p2b: Dunsparce|81\/100\n|move|p2b: Dunsparce|Ancient Power|p1a: Blastoise\n|-damage|p1a: Blastoise|21\/100\n|\n|-weather|RainDance|[upkeep]\n|-heal|p1a: Blastoise|27\/100|[from] ability: Rain Dish\n|-heal|p1b: Amoonguss|94\/100|[from] item: Black Sludge\n|upkeep\n|turn|5\n|\n|t:|1698186535\n|move|p1a: Blastoise|Ice Beam|p2b: Dunsparce\n|-damage|p2b: Dunsparce|62\/100\n|move|p1b: Amoonguss|Spore|p2b: Dunsparce\n|-status|p2b: Dunsparce|slp|[from] move: Spore\n|cant|p2b: Dunsparce|slp\n|\n|-weather|none\n|-heal|p1b: Amoonguss|100\/100|[from] item: Black Sludge\n|-sideend|p1: AtomBomb69|move: Tailwind\n|upkeep\n|turn|6\n|\n|t:|1698186550\n|move|p1a: Blastoise|Ice Beam|p2b: Dunsparce\n|-damage|p2b: Dunsparce|42\/100 slp\n|-curestatus|p2b: Dunsparce|slp|[msg]\n|move|p2b: Dunsparce|Zen Headbutt|p1b: Amoonguss\n|-supereffective|p1b: Amoonguss\n|-damage|p1b: Amoonguss|65\/100\n|move|p1b: Amoonguss|Rain Dance|p1b: Amoonguss\n|-weather|RainDance\n|\n|-weather|RainDance|[upkeep]\n|-heal|p1a: Blastoise|33\/100|[from] ability: Rain Dish\n|-heal|p1b: Amoonguss|71\/100|[from] item: Black Sludge\n|upkeep\n|turn|7\n|\n|t:|1698186568\n|move|p1a: Blastoise|Ice Beam|p2b: Dunsparce\n|-damage|p2b: Dunsparce|22\/100\n|move|p2b: Dunsparce|Ancient Power|p1b: Amoonguss\n|-damage|p1b: Amoonguss|64\/100\n|move|p1b: Amoonguss|Giga Drain|p2b: Dunsparce\n|-damage|p2b: Dunsparce|5\/100\n|-heal|p1b: Amoonguss|71\/100|[from] drain|[of] p2b: Dunsparce\n|\n|-weather|RainDance|[upkeep]\n|-heal|p1a: Blastoise|39\/100|[from] ability: Rain Dish\n|-heal|p1b: Amoonguss|77\/100|[from] item: Black Sludge\n|upkeep\n|turn|8\n|\n|t:|1698186585\n|move|p1a: Blastoise|Ice Beam|p2b: Dunsparce\n|-damage|p2b: Dunsparce|0 fnt\n|faint|p2b: Dunsparce\n|\n|win|AtomBomb69\n|raw|AtomBomb69's rating: 1000 &rarr; <strong>1040<\/strong><br \/>(+40 for winning)\n|raw|Abakerboy's rating: 1000 &rarr; <strong>1000<\/strong><br \/>(+0 for losing)\n|l|\u2606Abakerboy\n|l|\u2606AtomBomb69\n|j|\u2606AtomBomb69\n|player|p1|AtomBomb69|swimmerf-gen4\n","uploadtime":1698186850,"views":10,"p1id":"atombomb69","p2id":"abakerboy","formatid":"gen9nationaldexdoubles","rating":1000,"private":0,"password":""}