{"id":"gen9nationaldexdoubles-1964580875","p1":"MeloettaMadness","p2":"Theadonia","format":"[Gen 9] National Dex Doubles","log":"|j|\u2606MeloettaMadness\n|j|\u2606Theadonia\n|t:|1696982431\n|gametype|doubles\n|player|p1|MeloettaMadness|clown|1169\n|player|p2|Theadonia|caitlin|1089\n|teamsize|p1|6\n|teamsize|p2|6\n|gen|9\n|tier|[Gen 9] National Dex Doubles\n|rated|\n|rule|HP Percentage Mod: HP is shown in percentages\n|rule|Endless Battle Clause: Forcing endless battles is banned\n|rule|OHKO Clause: OHKO moves are banned\n|rule|Evasion Moves Clause: Evasion moves are banned\n|rule|Evasion Abilities Clause: Evasion abilities are banned\n|rule|Species Clause: Limit one of each Pok\u00e9mon\n|rule|Gravity Sleep Clause: The combination of sleep-inducing moves with imperfect accuracy and Gravity or Gigantamax Orbeetle are banned\n|clearpoke\n|poke|p1|Gliscor, M|\n|poke|p1|Landorus, M|\n|poke|p1|Mandibuzz, F|\n|poke|p1|Tyranitar, M|\n|poke|p1|Excadrill, M|\n|poke|p1|Exploud, M|\n|poke|p2|Delphox, F|\n|poke|p2|Oricorio-Sensu, M|\n|poke|p2|Kommo-o, M|\n|poke|p2|Wailord, F|\n|poke|p2|Zarude-Dada|\n|poke|p2|Swoobat, M|\n|teampreview\n|\n|t:|1696982456\n|start\n|switch|p1a: Mandibuzz|Mandibuzz, F, shiny|100\/100\n|switch|p1b: Exploud|Exploud, M, shiny|100\/100\n|switch|p2a: Delphox|Delphox, F, shiny|100\/100\n|switch|p2b: Oricorio|Oricorio-Sensu, M, shiny|100\/100\n|turn|1\n|inactive|Battle timer is ON: inactive players will automatically lose when time's up. (requested by MeloettaMadness)\n|\n|t:|1696982471\n|move|p2a: Delphox|Role Play|p2b: Oricorio\n|-endability|p2a: Delphox|Magician|[from] move: Role Play\n|-ability|p2a: Delphox|Dancer|[from] move: Role Play|[of] p2b: Oricorio\n|move|p1b: Exploud|Howl|p1b: Exploud|[spread] p1a,p1b\n|-boost|p1a: Mandibuzz|atk|1\n|-boost|p1b: Exploud|atk|1\n|move|p2b: Oricorio|Quiver Dance|p2b: Oricorio\n|-boost|p2b: Oricorio|spa|1\n|-boost|p2b: Oricorio|spd|1\n|-boost|p2b: Oricorio|spe|1\n|-activate|p2a: Delphox|ability: Dancer\n|move|p2a: Delphox|Quiver Dance|p2a: Delphox|[from]ability: Dancer\n|-boost|p2a: Delphox|spa|1\n|-boost|p2a: Delphox|spd|1\n|-boost|p2a: Delphox|spe|1\n|move|p1a: Mandibuzz|Tailwind|p1a: Mandibuzz\n|-sidestart|p1: MeloettaMadness|move: Tailwind\n|\n|upkeep\n|turn|2\n|\n|t:|1696982493\n|-terastallize|p2b: Oricorio|Fairy\n|move|p2a: Delphox|Copycat|p2a: Delphox\n|move|p2a: Delphox|Tailwind|p2a: Delphox|[from]move: Copycat\n|-sidestart|p2: Theadonia|move: Tailwind\n|move|p2b: Oricorio|Revelation Dance|p1b: Exploud\n|-damage|p1b: Exploud|44\/100\n|-activate|p2a: Delphox|ability: Dancer\n|move|p2a: Delphox|Revelation Dance|p1b: Exploud|[from]ability: Dancer\n|-damage|p1b: Exploud|0 fnt\n|faint|p1b: Exploud\n|move|p1a: Mandibuzz|Bone Rush|p2a: Delphox\n|-supereffective|p2a: Delphox\n|-damage|p2a: Delphox|72\/100\n|-enditem|p2a: Delphox|Weakness Policy\n|-boost|p2a: Delphox|atk|2|[from] item: Weakness Policy\n|-boost|p2a: Delphox|spa|2|[from] item: Weakness Policy\n|-supereffective|p2a: Delphox\n|-damage|p2a: Delphox|44\/100\n|-supereffective|p2a: Delphox\n|-crit|p2a: Delphox\n|-damage|p2a: Delphox|4\/100\n|-supereffective|p2a: Delphox\n|-damage|p2a: Delphox|0 fnt\n|faint|p2a: Delphox\n|-hitcount|p2: Delphox|4\n|\n|upkeep\n|\n|t:|1696982518\n|switch|p2a: Swoobat|Swoobat, M|100\/100\n|switch|p1b: Excadrill|Excadrill, M, shiny|100\/100\n|turn|3\n|\n|t:|1696982537\n|move|p2a: Swoobat|Simple Beam|p2b: Oricorio\n|-endability|p2b: Oricorio|Dancer|[from] move: Simple Beam\n|-ability|p2b: Oricorio|Simple|[from] move: Simple Beam\n|move|p2b: Oricorio|Substitute|p2b: Oricorio\n|-start|p2b: Oricorio|Substitute\n|-damage|p2b: Oricorio|75\/100\n|move|p1b: Excadrill|Rock Slide|p2a: Swoobat|[spread] p2a,p2b\n|-end|p2b: Oricorio|Substitute\n|-supereffective|p2a: Swoobat\n|-enditem|p2a: Swoobat|Focus Sash\n|-damage|p2a: Swoobat|1\/100\n|-damage|p1b: Excadrill|91\/100|[from] item: Life Orb\n|move|p1a: Mandibuzz|Dual Wingbeat|p2b: Oricorio\n|-damage|p2b: Oricorio|55\/100\n|-damage|p2b: Oricorio|36\/100\n|-hitcount|p2b: Oricorio|2\n|\n|upkeep\n|turn|4\n|\n|t:|1696982557\n|move|p2a: Swoobat|Heat Wave|p1b: Excadrill|[spread] p1a\n|-miss|p2a: Swoobat|p1b: Excadrill\n|-damage|p1a: Mandibuzz|88\/100\n|move|p2b: Oricorio|Substitute|p2b: Oricorio\n|-start|p2b: Oricorio|Substitute\n|-damage|p2b: Oricorio|11\/100\n|-enditem|p2b: Oricorio|Aguav Berry|[eat]\n|-heal|p2b: Oricorio|44\/100|[from] item: Aguav Berry\n|move|p1b: Excadrill|Rock Slide|p2b: Oricorio|[spread] p2a,p2b\n|-end|p2b: Oricorio|Substitute\n|-supereffective|p2a: Swoobat\n|-damage|p2a: Swoobat|0 fnt\n|faint|p2a: Swoobat\n|-damage|p1b: Excadrill|81\/100|[from] item: Life Orb\n|move|p1a: Mandibuzz|Dual Wingbeat|p2b: Oricorio\n|-damage|p2b: Oricorio|26\/100\n|-damage|p2b: Oricorio|4\/100\n|-hitcount|p2b: Oricorio|2\n|\n|-sideend|p1: MeloettaMadness|move: Tailwind\n|upkeep\n|\n|t:|1696982565\n|switch|p2a: Zarude|Zarude-Dada|100\/100\n|turn|5\n|inactive|MeloettaMadness has 120 seconds left.\n|\n|t:|1696982597\n|switch|p1b: Gliscor|Gliscor, M, shiny|100\/100\n|move|p2a: Zarude|Stomping Tantrum|p1b: Gliscor\n|-immune|p1b: Gliscor\n|move|p2b: Oricorio|Baton Pass|p2b: Oricorio\n|\n|t:|1696982604\n|switch|p2b: Wailord|Wailord, F, shiny|100\/100|[from] Baton Pass\n|-ability|p2b: Wailord|Pressure\n|move|p1a: Mandibuzz|Tailwind|p1a: Mandibuzz\n|-sidestart|p1: MeloettaMadness|move: Tailwind\n|\n|-sideend|p2: Theadonia|move: Tailwind\n|-status|p1b: Gliscor|tox|[from] item: Toxic Orb\n|upkeep\n|turn|6\n|\n|t:|1696982629\n|move|p1b: Gliscor|Facade|p2b: Wailord\n|-damage|p2b: Wailord|46\/100\n|move|p1a: Mandibuzz|Dual Wingbeat|p2a: Zarude\n|-supereffective|p2a: Zarude\n|-damage|p2a: Zarude|59\/100\n|-supereffective|p2a: Zarude\n|-damage|p2a: Zarude|16\/100\n|-hitcount|p2a: Zarude|2\n|move|p2a: Zarude|Jungle Healing|p2a: Zarude|[spread] p2a,p2b\n|-heal|p2a: Zarude|41\/100\n|-heal|p2b: Wailord|71\/100\n|move|p2b: Wailord|Water Spout|p1a: Mandibuzz|[spread] p1a,p1b\n|-supereffective|p1b: Gliscor\n|-damage|p1a: Mandibuzz|47\/100\n|-damage|p1b: Gliscor|0 fnt\n|faint|p1b: Gliscor\n|\n|-heal|p2a: Zarude|47\/100|[from] item: Leftovers\n|upkeep\n|\n|t:|1696982641\n|switch|p1b: Landorus|Landorus, M, shiny|100\/100\n|turn|7\n|\n|t:|1696982650\n|move|p1b: Landorus|Sandsear Storm|p2a: Zarude|[spread] p2a,p2b\n|-resisted|p2a: Zarude\n|-damage|p2a: Zarude|12\/100\n|-damage|p2b: Wailord|35\/100\n|move|p1a: Mandibuzz|Bone Rush|p2b: Wailord\n|-damage|p2b: Wailord|24\/100\n|-damage|p2b: Wailord|13\/100\n|-damage|p2b: Wailord|2\/100\n|-damage|p2b: Wailord|0 fnt\n|faint|p2b: Wailord\n|-hitcount|p2: Wailord|4\n|move|p2a: Zarude|Jungle Healing|p2a: Zarude\n|-heal|p2a: Zarude|37\/100\n|\n|-heal|p2a: Zarude|43\/100|[from] item: Leftovers\n|upkeep\n|\n|t:|1696982661\n|switch|p2b: Kommo-o|Kommo-o, M, shiny|100\/100\n|turn|8\n|\n|t:|1696982668\n|move|p1b: Landorus|Taunt|p2b: Kommo-o\n|-start|p2b: Kommo-o|move: Taunt\n|move|p1a: Mandibuzz|Dual Wingbeat|p2a: Zarude\n|-supereffective|p2a: Zarude\n|-damage|p2a: Zarude|0 fnt\n|faint|p2a: Zarude\n|-hitcount|p2: Zarude|1\n|-zpower|p2b: Kommo-o\n|move|p2b: Kommo-o|Clangorous Soulblaze|p1a: Mandibuzz|[zeffect]|[spread] p1a,p1b\n|-damage|p1a: Mandibuzz|9\/100\n|-damage|p1b: Landorus|40\/100\n|-boost|p2b: Kommo-o|atk|1\n|-boost|p2b: Kommo-o|def|1\n|-boost|p2b: Kommo-o|spa|1\n|-boost|p2b: Kommo-o|spd|1\n|-boost|p2b: Kommo-o|spe|1\n|\n|-sideend|p1: MeloettaMadness|move: Tailwind\n|upkeep\n|\n|t:|1696982684\n|switch|p2a: Oricorio|Oricorio-Sensu, M, shiny, tera:Fairy|4\/100\n|turn|9\n|\n|t:|1696982692\n|move|p2b: Kommo-o|Clanging Scales|p1a: Mandibuzz|[spread] p1a,p1b\n|-damage|p1a: Mandibuzz|0 fnt\n|-damage|p1b: Landorus|0 fnt\n|faint|p1a: Mandibuzz\n|faint|p1b: Landorus\n|-unboost|p2b: Kommo-o|def|1\n|move|p2a: Oricorio|Quiver Dance|p2a: Oricorio\n|-boost|p2a: Oricorio|spa|1\n|-boost|p2a: Oricorio|spd|1\n|-boost|p2a: Oricorio|spe|1\n|\n|upkeep\n|\n|t:|1696982696\n|switch|p1b: Tyranitar|Tyranitar, M, shiny|100\/100\n|switch|p1a: Excadrill|Excadrill, M, shiny|81\/100\n|-weather|Sandstorm|[from] ability: Sand Stream|[of] p1b: Tyranitar\n|turn|10\n|\n|t:|1696982709\n|detailschange|p1b: Tyranitar|Tyranitar-Mega, M, shiny\n|-mega|p1b: Tyranitar|Tyranitar|Tyranitarite\n|move|p2b: Kommo-o|Drain Punch|p1a: Excadrill\n|-supereffective|p1a: Excadrill\n|-damage|p1a: Excadrill|0 fnt\n|faint|p1a: Excadrill\n|move|p2a: Oricorio|Revelation Dance|p1b: Tyranitar\n|-supereffective|p1b: Tyranitar\n|-damage|p1b: Tyranitar|44\/100\n|move|p1b: Tyranitar|Dragon Dance|p1b: Tyranitar\n|-boost|p1b: Tyranitar|atk|1\n|-boost|p1b: Tyranitar|spe|1\n|-activate|p2a: Oricorio|ability: Dancer\n|move|p2a: Oricorio|Dragon Dance|p2a: Oricorio|[from]ability: Dancer\n|-boost|p2a: Oricorio|atk|1\n|-boost|p2a: Oricorio|spe|1\n|\n|-weather|Sandstorm|[upkeep]\n|-damage|p2a: Oricorio|0 fnt|[from] Sandstorm\n|-damage|p2b: Kommo-o|94\/100|[from] Sandstorm\n|faint|p2a: Oricorio\n|-end|p2b: Kommo-o|move: Taunt\n|upkeep\n|turn|11\n|\n|t:|1696982734\n|move|p2b: Kommo-o|Drain Punch|p1b: Tyranitar\n|-supereffective|p1b: Tyranitar\n|-damage|p1b: Tyranitar|0 fnt\n|-heal|p2b: Kommo-o|100\/100|[from] drain|[of] p1b: Tyranitar\n|faint|p1b: Tyranitar\n|\n|win|Theadonia\n|raw|MeloettaMadness's rating: 1169 &rarr; <strong>1138<\/strong><br \/>(-31 for losing)\n|raw|Theadonia's rating: 1089 &rarr; <strong>1122<\/strong><br \/>(+33 for winning)\n|l|\u2606MeloettaMadness\n","uploadtime":1696982744,"views":11,"p1id":"meloettamadness","p2id":"theadonia","formatid":"gen9nationaldexdoubles","rating":1122,"private":0,"password":""}