{"id":"gen9nationaldexdoubles-1983017757","p1":"Paladeeen","p2":"b.dusty","format":"[Gen 9] National Dex Doubles","log":"|j|\u2606Paladeeen\n|j|\u2606b.dusty\n|t:|1699070613\n|gametype|doubles\n|player|p1|Paladeeen|169|1036\n|player|p2|b.dusty|parasollady-gen4|1013\n|teamsize|p1|6\n|teamsize|p2|6\n|gen|9\n|tier|[Gen 9] National Dex Doubles\n|rated|\n|rule|HP Percentage Mod: HP is shown in percentages\n|rule|Endless Battle Clause: Forcing endless battles is banned\n|rule|OHKO Clause: OHKO moves are banned\n|rule|Evasion Moves Clause: Evasion moves are banned\n|rule|Evasion Abilities Clause: Evasion abilities are banned\n|rule|Species Clause: Limit one of each Pok\u00e9mon\n|rule|Gravity Sleep Clause: The combination of sleep-inducing moves with imperfect accuracy and Gravity or Gigantamax Orbeetle are banned\n|clearpoke\n|poke|p1|Pelipper, M|\n|poke|p1|Slowking, F|\n|poke|p1|Milotic, M|\n|poke|p1|Zapdos|\n|poke|p1|Metagross|\n|poke|p1|Rhyperior, M|\n|poke|p2|Lanturn, F|\n|poke|p2|Kommo-o, M|\n|poke|p2|Sinistcha-Masterpiece|\n|poke|p2|Iron Moth|\n|poke|p2|Grimmsnarl, M|\n|poke|p2|Iron Hands|\n|teampreview\n|\n|t:|1699070625\n|start\n|switch|p1a: Pelipper|Pelipper, M|100\/100\n|switch|p1b: Slowking|Slowking, F|100\/100\n|switch|p2a: Iron Moth|Iron Moth|100\/100\n|switch|p2b: Iron Hands|Iron Hands|100\/100\n|-weather|RainDance|[from] ability: Drizzle|[of] p1a: Pelipper\n|-enditem|p2a: Iron Moth|Booster Energy\n|-activate|p2a: Iron Moth|ability: Quark Drive|[fromitem]\n|-start|p2a: Iron Moth|quarkdrivespa\n|turn|1\n|\n|t:|1699070642\n|switch|p1a: Rhyperior|Rhyperior, M|100\/100\n|move|p2b: Iron Hands|Fake Out|p1a: Rhyperior\n|-resisted|p1a: Rhyperior\n|-damage|p1a: Rhyperior|95\/100\n|-damage|p2b: Iron Hands|84\/100|[from] item: Rocky Helmet|[of] p1a: Rhyperior\n|move|p2a: Iron Moth|Substitute|p2a: Iron Moth\n|-start|p2a: Iron Moth|Substitute\n|-damage|p2a: Iron Moth|76\/100\n|move|p1b: Slowking|Psychic|p2a: Iron Moth\n|-supereffective|p2a: Iron Moth\n|-end|p2a: Iron Moth|Substitute\n|\n|-weather|RainDance|[upkeep]\n|upkeep\n|turn|2\n|\n|t:|1699070674\n|move|p2a: Iron Moth|Energy Ball|p1a: Rhyperior\n|-supereffective|p1a: Rhyperior\n|-damage|p1a: Rhyperior|0 fnt\n|faint|p1a: Rhyperior\n|move|p2b: Iron Hands|Volt Switch|p1b: Slowking\n|-supereffective|p1b: Slowking\n|-damage|p1b: Slowking|91\/100\n|\n|t:|1699070685\n|-end|p2b: Iron Hands|Quark Drive|[silent]\n|switch|p2b: Sinistcha|Sinistcha-Masterpiece|100\/100|[from] Volt Switch\n|-heal|p2a: Iron Moth|100\/100|[from] ability: Hospitality|[of] p2b: Sinistcha\n|move|p1b: Slowking|Psychic|p2a: Iron Moth\n|-supereffective|p2a: Iron Moth\n|-damage|p2a: Iron Moth|31\/100\n|\n|-weather|RainDance|[upkeep]\n|upkeep\n|\n|t:|1699070695\n|switch|p1a: Pelipper|Pelipper, M|100\/100\n|turn|3\n|\n|t:|1699070737\n|move|p2b: Sinistcha|Rage Powder|p2b: Sinistcha\n|-singleturn|p2b: Sinistcha|move: Rage Powder\n|move|p2a: Iron Moth|Energy Ball|p1b: Slowking\n|-supereffective|p1b: Slowking\n|-damage|p1b: Slowking|60\/100\n|move|p1a: Pelipper|Hurricane|p2b: Sinistcha\n|-supereffective|p2b: Sinistcha\n|-damage|p2b: Sinistcha|28\/100\n|move|p1b: Slowking|Psychic|p2b: Sinistcha\n|-damage|p2b: Sinistcha|0 fnt\n|faint|p2b: Sinistcha\n|\n|-weather|RainDance|[upkeep]\n|upkeep\n|\n|t:|1699070755\n|switch|p2b: Grimmsnarl|Grimmsnarl, M|100\/100\n|turn|4\n|\n|t:|1699070786\n|switch|p1a: Milotic|Milotic, M|100\/100\n|move|p2b: Grimmsnarl|Light Screen|p2b: Grimmsnarl\n|-sidestart|p2: b.dusty|move: Light Screen\n|move|p2a: Iron Moth|Energy Ball|p1b: Slowking\n|-supereffective|p1b: Slowking\n|-damage|p1b: Slowking|29\/100\n|move|p1b: Slowking|Psychic|p2a: Iron Moth\n|-supereffective|p2a: Iron Moth\n|-damage|p2a: Iron Moth|0 fnt\n|faint|p2a: Iron Moth\n|-end|p2a: Iron Moth|Quark Drive|[silent]\n|\n|-weather|RainDance|[upkeep]\n|upkeep\n|\n|t:|1699070818\n|switch|p2a: Kommo-o|Kommo-o, M|100\/100\n|turn|5\n|\n|t:|1699070842\n|-terastallize|p2a: Kommo-o|Steel\n|move|p2b: Grimmsnarl|Reflect|p2b: Grimmsnarl\n|-sidestart|p2: b.dusty|Reflect\n|move|p2a: Kommo-o|Clangorous Soul|p2a: Kommo-o\n|-boost|p2a: Kommo-o|atk|1\n|-boost|p2a: Kommo-o|def|1\n|-boost|p2a: Kommo-o|spa|1\n|-boost|p2a: Kommo-o|spd|1\n|-boost|p2a: Kommo-o|spe|1\n|-damage|p2a: Kommo-o|68\/100\n|-enditem|p2a: Kommo-o|Throat Spray\n|-boost|p2a: Kommo-o|spa|1|[from] item: Throat Spray\n|move|p1a: Milotic|Draining Kiss|p2a: Kommo-o\n|-resisted|p2a: Kommo-o\n|-crit|p2a: Kommo-o\n|-damage|p2a: Kommo-o|52\/100\n|-damage|p1a: Milotic|91\/100|[from] item: Life Orb\n|move|p1b: Slowking|Scald|p2a: Kommo-o\n|-damage|p2a: Kommo-o|31\/100\n|-status|p2a: Kommo-o|brn\n|\n|-weather|none\n|-damage|p2a: Kommo-o|25\/100 brn|[from] brn\n|upkeep\n|turn|6\n|\n|t:|1699070879\n|switch|p1b: Pelipper|Pelipper, M|100\/100\n|-weather|RainDance|[from] ability: Drizzle|[of] p1b: Pelipper\n|move|p2b: Grimmsnarl|Parting Shot|p1a: Milotic\n|-unboost|p1a: Milotic|atk|1\n|-ability|p1a: Milotic|Competitive|boost\n|-boost|p1a: Milotic|spa|2\n|-unboost|p1a: Milotic|spa|1\n|-ability|p1a: Milotic|Competitive|boost\n|-boost|p1a: Milotic|spa|2\n|\n|t:|1699070890\n|switch|p2b: Iron Hands|Iron Hands|84\/100|[from] Parting Shot\n|move|p2a: Kommo-o|Clanging Scales|p1a: Milotic|[spread] p1a,p1b\n|-damage|p1a: Milotic|32\/100\n|-damage|p1b: Pelipper|3\/100\n|-unboost|p2a: Kommo-o|def|1\n|move|p1a: Milotic|Scald|p2a: Kommo-o\n|-damage|p2a: Kommo-o|0 fnt\n|faint|p2a: Kommo-o\n|-damage|p1a: Milotic|22\/100|[from] item: Life Orb\n|\n|-weather|RainDance|[upkeep]\n|-heal|p1b: Pelipper|9\/100|[from] item: Leftovers\n|upkeep\n|\n|t:|1699070908\n|switch|p2a: Lanturn|Lanturn, F, shiny|100\/100\n|turn|7\n|\n|t:|1699070948\n|switch|p1b: Metagross|Metagross|100\/100\n|move|p2b: Iron Hands|Fake Out|p1a: Milotic\n|-damage|p1a: Milotic|1\/100\n|cant|p1a: Milotic|flinch\n|move|p2a: Lanturn|Volt Switch|p1a: Milotic\n|-supereffective|p1a: Milotic\n|-damage|p1a: Milotic|0 fnt\n|faint|p1a: Milotic\n|\n|t:|1699070972\n|switch|p2a: Grimmsnarl|Grimmsnarl, M|100\/100|[from] Volt Switch\n|\n|-weather|RainDance|[upkeep]\n|upkeep\n|\n|t:|1699070978\n|switch|p1a: Zapdos|Zapdos|100\/100\n|-ability|p1a: Zapdos|Pressure\n|turn|8\n|\n|t:|1699071000\n|move|p2a: Grimmsnarl|Parting Shot|p1a: Zapdos\n|-unboost|p1a: Zapdos|atk|1\n|-unboost|p1a: Zapdos|spa|1\n|\n|t:|1699071004\n|switch|p2a: Lanturn|Lanturn, F, shiny|100\/100|[from] Parting Shot\n|move|p1a: Zapdos|Hurricane|p2b: Iron Hands\n|-damage|p2b: Iron Hands|72\/100\n|-start|p2b: Iron Hands|confusion\n|move|p1b: Metagross|Meteor Mash|p2b: Iron Hands\n|-resisted|p2b: Iron Hands\n|-damage|p2b: Iron Hands|58\/100\n|-activate|p2b: Iron Hands|confusion\n|move|p2b: Iron Hands|Drain Punch|p1b: Metagross\n|-damage|p1b: Metagross|68\/100\n|-heal|p2b: Iron Hands|71\/100|[from] drain|[of] p1b: Metagross\n|\n|-weather|RainDance|[upkeep]\n|-heal|p1b: Metagross|74\/100|[from] item: Leftovers\n|upkeep\n|turn|9\n|\n|t:|1699071047\n|switch|p1a: Slowking|Slowking, F|62\/100\n|move|p1b: Metagross|Brick Break|p2a: Lanturn\n|-sideend|p2: b.dusty|Reflect\n|-sideend|p2: b.dusty|move: Light Screen\n|-damage|p2a: Lanturn|71\/100\n|move|p2a: Lanturn|Scald|p1b: Metagross\n|-damage|p1b: Metagross|38\/100\n|-activate|p2b: Iron Hands|confusion\n|move|p2b: Iron Hands|Drain Punch|p1b: Metagross\n|-damage|p1b: Metagross|3\/100\n|-heal|p2b: Iron Hands|85\/100|[from] drain|[of] p1b: Metagross\n|\n|-weather|RainDance|[upkeep]\n|-heal|p1b: Metagross|9\/100|[from] item: Leftovers\n|-heal|p2a: Lanturn|77\/100|[from] item: Leftovers\n|upkeep\n|turn|10\n|\n|t:|1699071082\n|move|p1b: Metagross|Bullet Punch|p2a: Lanturn\n|-resisted|p2a: Lanturn\n|-damage|p2a: Lanturn|71\/100\n|move|p2a: Lanturn|Toxic|p1a: Slowking|[miss]\n|-miss|p2a: Lanturn|p1a: Slowking\n|-end|p2b: Iron Hands|confusion\n|move|p2b: Iron Hands|Drain Punch|p1b: Metagross\n|-damage|p1b: Metagross|0 fnt\n|-heal|p2b: Iron Hands|89\/100|[from] drain|[of] p1b: Metagross\n|faint|p1b: Metagross\n|move|p1a: Slowking|Psychic|p2b: Iron Hands\n|-supereffective|p2b: Iron Hands\n|-damage|p2b: Iron Hands|59\/100\n|\n|-weather|none\n|-heal|p2a: Lanturn|77\/100|[from] item: Leftovers\n|upkeep\n|\n|t:|1699071086\n|switch|p1b: Pelipper|Pelipper, M|9\/100\n|-weather|RainDance|[from] ability: Drizzle|[of] p1b: Pelipper\n|turn|11\n|\n|t:|1699071130\n|-terastallize|p1a: Slowking|Steel\n|move|p2a: Lanturn|Volt Switch|p1b: Pelipper\n|-supereffective|p1b: Pelipper\n|-damage|p1b: Pelipper|0 fnt\n|faint|p1b: Pelipper\n|\n|t:|1699071136\n|switch|p2a: Grimmsnarl|Grimmsnarl, M|100\/100|[from] Volt Switch\n|move|p2b: Iron Hands|Volt Switch|p1a: Slowking\n|-damage|p1a: Slowking|57\/100\n|\n|t:|1699071143\n|-end|p2b: Iron Hands|Quark Drive|[silent]\n|switch|p2b: Lanturn|Lanturn, F, shiny|77\/100|[from] Volt Switch\n|move|p1a: Slowking|Psychic|p2b: Lanturn\n|-damage|p2b: Lanturn|54\/100\n|\n|-weather|RainDance|[upkeep]\n|-heal|p2b: Lanturn|60\/100|[from] item: Leftovers\n|upkeep\n|\n|t:|1699071146\n|switch|p1b: Zapdos|Zapdos|100\/100\n|-ability|p1b: Zapdos|Pressure\n|turn|12\n|\n|t:|1699071164\n|move|p2a: Grimmsnarl|Light Screen|p2a: Grimmsnarl\n|-sidestart|p2: b.dusty|move: Light Screen\n|move|p1b: Zapdos|Thunder|p2a: Grimmsnarl\n|-damage|p2a: Grimmsnarl|66\/100\n|move|p2b: Lanturn|Toxic|p1b: Zapdos\n|-status|p1b: Zapdos|tox\n|move|p1a: Slowking|Shadow Ball|p2b: Lanturn\n|-damage|p2b: Lanturn|52\/100\n|\n|-weather|RainDance|[upkeep]\n|-heal|p2b: Lanturn|58\/100|[from] item: Leftovers\n|-damage|p1b: Zapdos|94\/100 tox|[from] psn\n|upkeep\n|turn|13\n|\n|t:|1699071200\n|move|p2a: Grimmsnarl|Parting Shot|p1b: Zapdos\n|-unboost|p1b: Zapdos|atk|1\n|-unboost|p1b: Zapdos|spa|1\n|\n|t:|1699071204\n|switch|p2a: Iron Hands|Iron Hands|59\/100|[from] Parting Shot\n|move|p1b: Zapdos|Thunder|p2a: Iron Hands\n|-resisted|p2a: Iron Hands\n|-damage|p2a: Iron Hands|52\/100\n|move|p2b: Lanturn|Scald|p1a: Slowking\n|-damage|p1a: Slowking|43\/100\n|move|p1a: Slowking|Psychic|p2b: Lanturn\n|-damage|p2b: Lanturn|43\/100\n|\n|-weather|RainDance|[upkeep]\n|-heal|p2b: Lanturn|50\/100|[from] item: Leftovers\n|-damage|p1b: Zapdos|82\/100 tox|[from] psn\n|upkeep\n|turn|14\n|\n|t:|1699071255\n|move|p1b: Zapdos|Thunder|p2b: Lanturn\n|-heal|p2b: Lanturn|75\/100|[from] ability: Volt Absorb|[of] p1b: Zapdos\n|move|p2b: Lanturn|Scald|p1a: Slowking\n|-damage|p1a: Slowking|30\/100\n|move|p2a: Iron Hands|Drain Punch|p1a: Slowking\n|-supereffective|p1a: Slowking\n|-damage|p1a: Slowking|0 fnt\n|-heal|p2a: Iron Hands|65\/100|[from] drain|[of] p1a: Slowking\n|faint|p1a: Slowking\n|\n|-weather|RainDance|[upkeep]\n|-heal|p2b: Lanturn|81\/100|[from] item: Leftovers\n|-damage|p1b: Zapdos|63\/100 tox|[from] psn\n|upkeep\n|turn|15\n|c|\u2606Paladeeen|ggs\n|\n|t:|1699071279\n|move|p1b: Zapdos|Thunder|p2a: Iron Hands\n|-resisted|p2a: Iron Hands\n|-damage|p2a: Iron Hands|59\/100\n|move|p2b: Lanturn|Scald|p1b: Zapdos\n|-damage|p1b: Zapdos|27\/100 tox\n|move|p2a: Iron Hands|Thunder Punch|p1b: Zapdos\n|-damage|p1b: Zapdos|0 fnt\n|faint|p1b: Zapdos\n|\n|win|b.dusty\n|raw|Paladeeen's rating: 1036 &rarr; <strong>1020<\/strong><br \/>(-16 for losing)\n|raw|b.dusty's rating: 1013 &rarr; <strong>1054<\/strong><br \/>(+41 for winning)\n|c|\u2606b.dusty|Gg\n|l|\u2606Paladeeen\n","uploadtime":1699071299,"views":17,"p1id":"paladeeen","p2id":"bdusty","formatid":"gen9nationaldexdoubles","rating":1020,"private":0,"password":""}