{"id":"gen9nationaldexdoubles-1983639445","p1":"GunGalione","p2":"Marselha","format":"[Gen 9] National Dex Doubles","log":"|j|\u2606GunGalione\n|j|\u2606Marselha\n|t:|1699152613\n|gametype|doubles\n|player|p1|GunGalione|pokemonranger-gen4|1147\n|player|p2|Marselha|fantina|1137\n|teamsize|p1|6\n|teamsize|p2|6\n|gen|9\n|tier|[Gen 9] National Dex Doubles\n|rated|\n|rule|HP Percentage Mod: HP is shown in percentages\n|rule|Endless Battle Clause: Forcing endless battles is banned\n|rule|OHKO Clause: OHKO moves are banned\n|rule|Evasion Moves Clause: Evasion moves are banned\n|rule|Evasion Abilities Clause: Evasion abilities are banned\n|rule|Species Clause: Limit one of each Pok\u00e9mon\n|rule|Gravity Sleep Clause: The combination of sleep-inducing moves with imperfect accuracy and Gravity or Gigantamax Orbeetle are banned\n|clearpoke\n|poke|p1|Vikavolt, F|\n|poke|p1|Oranguru, F|\n|poke|p1|Cresselia, F|\n|poke|p1|Ursaluna, F|\n|poke|p1|Lurantis, F|\n|poke|p1|Sinistcha|\n|poke|p2|Glimmora, F|\n|poke|p2|Espeon, F|\n|poke|p2|Toxapex, F|\n|poke|p2|Zeraora|\n|poke|p2|Charizard, M|\n|poke|p2|Great Tusk|\n|teampreview\n|\n|t:|1699152617\n|start\n|switch|p1a: Lurantis|Lurantis, F|100\/100\n|switch|p1b: Oranguru|Oranguru, F|100\/100\n|switch|p2a: Glimmora|Glimmora, F|100\/100\n|switch|p2b: Espeon|Espeon, F|100\/100\n|turn|1\n|\n|t:|1699152630\n|-terastallize|p1a: Lurantis|Water\n|move|p2b: Espeon|Yawn|p1b: Oranguru\n|-start|p1b: Oranguru|move: Yawn|[of] p2b: Espeon\n|move|p2a: Glimmora|Toxic|p1a: Lurantis\n|-status|p1a: Lurantis|tox\n|move|p1a: Lurantis|Leaf Storm|p2a: Glimmora\n|-damage|p2a: Glimmora|40\/100\n|-boost|p1a: Lurantis|spa|2\n|move|p1b: Oranguru|Trick Room|p1b: Oranguru\n|-fieldstart|move: Trick Room|[of] p1b: Oranguru\n|\n|-heal|p2a: Glimmora|46\/100|[from] item: Leftovers\n|-damage|p1a: Lurantis|94\/100 tox|[from] psn\n|upkeep\n|turn|2\n|\n|t:|1699152655\n|move|p1a: Lurantis|Leaf Storm|p2b: Espeon\n|-damage|p2b: Espeon|0 fnt\n|-boost|p1a: Lurantis|spa|2\n|faint|p2b: Espeon\n|move|p1b: Oranguru|Instruct|p1a: Lurantis\n|-singleturn|p1a: Lurantis|move: Instruct|[of] p1b: Oranguru\n|move|p1a: Lurantis|Leaf Storm|p2a: Glimmora\n|-damage|p2a: Glimmora|0 fnt\n|-boost|p1a: Lurantis|spa|2\n|faint|p2a: Glimmora\n|\n|-damage|p1a: Lurantis|82\/100 tox|[from] psn\n|-end|p1b: Oranguru|move: Yawn|[silent]\n|-status|p1b: Oranguru|slp\n|upkeep\n|\n|t:|1699152663\n|switch|p2a: Toxapex|Toxapex, F|100\/100\n|switch|p2b: Zeraora|Zeraora|100\/100\n|turn|3\n|\n|t:|1699152688\n|switch|p1b: Sinistcha|Sinistcha|100\/100\n|-heal|p1a: Lurantis|100\/100 tox|[from] ability: Hospitality|[of] p1b: Sinistcha\n|move|p2b: Zeraora|Fake Out|p1b: Sinistcha\n|-immune|p1b: Sinistcha\n|move|p1a: Lurantis|Tera Blast|p2b: Zeraora|[anim] Tera Blast Water\n|-damage|p2b: Zeraora|0 fnt\n|faint|p2b: Zeraora\n|move|p2a: Toxapex|Hex|p1a: Lurantis\n|-damage|p1a: Lurantis|83\/100 tox\n|\n|-damage|p1a: Lurantis|65\/100 tox|[from] psn\n|upkeep\n|\n|t:|1699152704\n|switch|p2b: Charizard|Charizard, M|100\/100\n|turn|4\n|\n|t:|1699152715\n|detailschange|p2b: Charizard|Charizard-Mega-Y, M\n|-mega|p2b: Charizard|Charizard|Charizardite Y\n|-weather|SunnyDay|[from] ability: Drought|[of] p2b: Charizard\n|move|p1b: Sinistcha|Rage Powder|p1b: Sinistcha\n|-singleturn|p1b: Sinistcha|move: Rage Powder\n|move|p1a: Lurantis|Tera Blast|p2b: Charizard|[anim] Tera Blast Water\n|-supereffective|p2b: Charizard\n|-damage|p2b: Charizard|0 fnt\n|faint|p2b: Charizard\n|move|p2a: Toxapex|Toxic|p1b: Sinistcha\n|-status|p1b: Sinistcha|tox\n|\n|-weather|SunnyDay|[upkeep]\n|-damage|p1a: Lurantis|41\/100 tox|[from] psn\n|-damage|p1b: Sinistcha|94\/100 tox|[from] psn\n|upkeep\n|\n|t:|1699152726\n|switch|p2b: Great Tusk|Great Tusk|100\/100\n|-activate|p2b: Great Tusk|ability: Protosynthesis\n|-start|p2b: Great Tusk|protosynthesisatk\n|turn|5\n|\n|t:|1699152739\n|move|p1a: Lurantis|Giga Drain|p2b: Great Tusk\n|-supereffective|p2b: Great Tusk\n|-damage|p2b: Great Tusk|0 fnt\n|-heal|p1a: Lurantis|100\/100 tox|[from] drain|[of] p2b: Great Tusk\n|faint|p2b: Great Tusk\n|-end|p2b: Great Tusk|Protosynthesis|[silent]\n|move|p2a: Toxapex|Hex|p1b: Sinistcha\n|-supereffective|p1b: Sinistcha\n|-damage|p1b: Sinistcha|61\/100 tox\n|move|p1b: Sinistcha|Matcha Gotcha|p2a: Toxapex\n|-damage|p2a: Toxapex|76\/100\n|-heal|p1b: Sinistcha|70\/100 tox|[from] drain|[of] p2a: Toxapex\n|-status|p2a: Toxapex|brn\n|\n|-weather|SunnyDay|[upkeep]\n|-damage|p1a: Lurantis|70\/100 tox|[from] psn\n|-damage|p1b: Sinistcha|57\/100 tox|[from] psn\n|-damage|p2a: Toxapex|69\/100 brn|[from] brn\n|-fieldend|move: Trick Room\n|upkeep\n|turn|6\n|-message|Marselha forfeited.\n|\n|win|GunGalione\n|raw|GunGalione's rating: 1147 &rarr; <strong>1171<\/strong><br \/>(+24 for winning)\n|raw|Marselha's rating: 1137 &rarr; <strong>1113<\/strong><br \/>(-24 for losing)\n|l|\u2606Marselha\n|c|\u2606GunGalione|Gg\n","uploadtime":1699152755,"views":5,"p1id":"gungalione","p2id":"marselha","formatid":"gen9nationaldexdoubles","rating":1113,"private":0,"password":""}