{"id":"gen9nationaldexdoubles-1956182125","p1":"zeref203","p2":"nombre epico.jpg","format":"[Gen 9] National Dex Doubles","log":"|j|\u2606zeref203\n|j|\u2606nombre epico.jpg\n|t:|1696082731\n|gametype|doubles\n|player|p1|zeref203|265|1157\n|player|p2|nombre epico.jpg|lusamine-masters|1216\n|teamsize|p1|6\n|teamsize|p2|6\n|gen|9\n|tier|[Gen 9] National Dex Doubles\n|rated|\n|rule|HP Percentage Mod: HP is shown in percentages\n|rule|Endless Battle Clause: Forcing endless battles is banned\n|rule|OHKO Clause: OHKO moves are banned\n|rule|Evasion Moves Clause: Evasion moves are banned\n|rule|Evasion Abilities Clause: Evasion abilities are banned\n|rule|Species Clause: Limit one of each Pok\u00e9mon\n|rule|Gravity Sleep Clause: The combination of sleep-inducing moves with imperfect accuracy and Gravity or Gigantamax Orbeetle are banned\n|clearpoke\n|poke|p1|Altaria, F|\n|poke|p1|Golem-Alola, F|\n|poke|p1|Pawmot, M|\n|poke|p1|Great Tusk|\n|poke|p1|Ninetales, F|\n|poke|p1|Sableye, M|\n|poke|p2|Chansey, F|\n|poke|p2|Jirachi|\n|poke|p2|Garchomp, F|\n|poke|p2|Lopunny, F|\n|poke|p2|Milotic, M|\n|poke|p2|Ambipom, M|\n|teampreview\n|inactive|Battle timer is ON: inactive players will automatically lose when time's up. (requested by zeref203)\n|\n|t:|1696082747\n|start\n|switch|p1a: Ninetales|Ninetales, F|100\/100\n|switch|p1b: Sableye|Sableye, M|100\/100\n|switch|p2a: Huevona|Chansey, F|100\/100\n|switch|p2b: Princesita|Garchomp, F|100\/100\n|-weather|SunnyDay|[from] ability: Drought|[of] p1a: Ninetales\n|turn|1\n|\n|t:|1696082763\n|move|p2a: Huevona|Helping Hand|p2b: Princesita\n|-singleturn|p2b: Princesita|Helping Hand|[of] p2a: Huevona\n|move|p1a: Ninetales|Protect|p1a: Ninetales\n|-singleturn|p1a: Ninetales|Protect\n|move|p1b: Sableye|Will-O-Wisp|p2b: Princesita\n|-status|p2b: Princesita|brn\n|move|p2b: Princesita|Earthquake|p1b: Sableye|[spread] p2a,p1b\n|-activate|p1a: Ninetales|move: Protect\n|-damage|p2a: Huevona|81\/100\n|-damage|p1b: Sableye|58\/100\n|\n|-weather|SunnyDay|[upkeep]\n|-damage|p2b: Princesita|94\/100 brn|[from] brn\n|upkeep\n|turn|2\n|\n|t:|1696082782\n|move|p2a: Huevona|Helping Hand|p2b: Princesita\n|-singleturn|p2b: Princesita|Helping Hand|[of] p2a: Huevona\n|move|p1b: Sableye|Will-O-Wisp|p2a: Huevona\n|-status|p2a: Huevona|brn\n|move|p2b: Princesita|Earthquake|p1a: Ninetales|[spread] p2a,p1a,p1b\n|-supereffective|p1a: Ninetales\n|-damage|p2a: Huevona|62\/100 brn\n|-damage|p1a: Ninetales|17\/100\n|-damage|p1b: Sableye|17\/100\n|move|p1a: Ninetales|Solar Beam||[still]\n|-prepare|p1a: Ninetales|Solar Beam\n|-anim|p1a: Ninetales|Solar Beam|p2b: Princesita\n|-damage|p2b: Princesita|63\/100 brn\n|\n|-weather|SunnyDay|[upkeep]\n|-damage|p2b: Princesita|57\/100 brn|[from] brn\n|-damage|p2a: Huevona|55\/100 brn|[from] brn\n|upkeep\n|turn|3\n|\n|t:|1696082808\n|switch|p1a: Altaria|Altaria, F, shiny|100\/100\n|-ability|p1a: Altaria|Cloud Nine\n|move|p2a: Huevona|Helping Hand|p2b: Princesita\n|-singleturn|p2b: Princesita|Helping Hand|[of] p2a: Huevona\n|move|p2b: Princesita|Earthquake|p1a: Altaria|[spread] p2a,p1b\n|-immune|p1a: Altaria\n|-damage|p2a: Huevona|37\/100 brn\n|-damage|p1b: Sableye|0 fnt\n|faint|p1b: Sableye\n|\n|-weather|SunnyDay|[upkeep]\n|-damage|p2b: Princesita|50\/100 brn|[from] brn\n|-damage|p2a: Huevona|31\/100 brn|[from] brn\n|upkeep\n|inactive|zeref203 has 120 seconds left.\n|\n|t:|1696082824\n|switch|p1b: Golem|Golem-Alola, F|100\/100\n|-item|p1b: Golem|Air Balloon\n|turn|4\n|\n|t:|1696082838\n|switch|p2b: Ambipom|Ambipom, M|100\/100\n|detailschange|p1a: Altaria|Altaria-Mega, F, shiny\n|-mega|p1a: Altaria|Altaria|Altarianite\n|move|p1a: Altaria|Hyper Voice|p2b: Ambipom|[spread] p2a,p2b\n|-damage|p2a: Huevona|19\/100 brn\n|-damage|p2b: Ambipom|44\/100\n|move|p1b: Golem|Rock Polish|p1b: Golem\n|-boost|p1b: Golem|spe|2\n|move|p2a: Huevona|Soft-Boiled|p2a: Huevona\n|-heal|p2a: Huevona|69\/100 brn\n|\n|-weather|SunnyDay|[upkeep]\n|-damage|p2a: Huevona|63\/100 brn|[from] brn\n|upkeep\n|turn|5\n|\n|t:|1696082866\n|move|p2b: Ambipom|Fake Out|p1b: Golem\n|-enditem|p2b: Ambipom|Normal Gem|[from] gem\n|-resisted|p1b: Golem\n|-damage|p1b: Golem|87\/100\n|-enditem|p1b: Golem|Air Balloon\n|cant|p1b: Golem|flinch\n|move|p1a: Altaria|Hyper Voice|p2a: Huevona|[spread] p2a,p2b\n|-damage|p2a: Huevona|51\/100 brn\n|-damage|p2b: Ambipom|0 fnt\n|faint|p2b: Ambipom\n|move|p2a: Huevona|Thunder Wave|p1a: Altaria\n|-status|p1a: Altaria|par\n|\n|-weather|SunnyDay|[upkeep]\n|-damage|p2a: Huevona|45\/100 brn|[from] brn\n|upkeep\n|inactive|nombre epico.jpg has 120 seconds left.\n|\n|t:|1696082888\n|switch|p2b: Milotic|Milotic, M|100\/100\n|turn|6\n|\n|t:|1696082902\n|switch|p1a: Pawmot|Pawmot, M|100\/100\n|move|p1b: Golem|Self-Destruct|p2b: Milotic|[spread] p2a,p2b\n|-immune|p1a: Pawmot|[from] ability: Volt Absorb\n|-supereffective|p2b: Milotic\n|-damage|p2a: Huevona|0 fnt\n|-damage|p2b: Milotic|0 fnt\n|faint|p1b: Golem\n|faint|p2a: Huevona\n|faint|p2b: Milotic\n|\n|-weather|SunnyDay|[upkeep]\n|upkeep\n|\n|t:|1696082915\n|switch|p2b: Jirachi|Jirachi|100\/100\n|switch|p1b: Great Tusk|Great Tusk|100\/100\n|switch|p2a: Lopunny|Lopunny, F|100\/100\n|-activate|p1b: Great Tusk|ability: Protosynthesis\n|-start|p1b: Great Tusk|protosynthesisatk\n|turn|7\n|\n|t:|1696082931\n|detailschange|p2a: Lopunny|Lopunny-Mega, F\n|-mega|p2a: Lopunny|Lopunny|Lopunnite\n|move|p2a: Lopunny|Fake Out|p1b: Great Tusk\n|-damage|p1b: Great Tusk|85\/100\n|move|p2b: Jirachi|Zen Headbutt|p1a: Pawmot\n|-supereffective|p1a: Pawmot\n|-enditem|p1a: Pawmot|Focus Sash\n|-damage|p1a: Pawmot|1\/100\n|move|p1a: Pawmot|Revival Blessing|p1a: Pawmot\n|\n|t:|1696082940\n|-heal|p1: Golem|50\/100|[from] move: Revival Blessing\n|cant|p1b: Great Tusk|flinch\n|\n|-weather|SunnyDay|[upkeep]\n|upkeep\n|turn|8\n|\n|t:|1696082956\n|move|p1a: Pawmot|Mach Punch|p2b: Jirachi\n|-damage|p2b: Jirachi|80\/100\n|move|p2b: Jirachi|Zen Headbutt|p1b: Great Tusk\n|-supereffective|p1b: Great Tusk\n|-damage|p1b: Great Tusk|36\/100\n|move|p2a: Lopunny|Return|p1a: Pawmot\n|-damage|p1a: Pawmot|0 fnt\n|faint|p1a: Pawmot\n|cant|p1b: Great Tusk|flinch\n|\n|-weather|none\n|-end|p1b: Great Tusk|Protosynthesis\n|upkeep\n|\n|t:|1696082974\n|switch|p1a: Ninetales|Ninetales, F|17\/100\n|-weather|SunnyDay|[from] ability: Drought|[of] p1a: Ninetales\n|-activate|p1b: Great Tusk|ability: Protosynthesis\n|-start|p1b: Great Tusk|protosynthesisatk\n|turn|9\n|\n|t:|1696082986\n|move|p2b: Jirachi|Zen Headbutt|p1b: Great Tusk\n|-supereffective|p1b: Great Tusk\n|-damage|p1b: Great Tusk|0 fnt\n|faint|p1b: Great Tusk\n|-end|p1b: Great Tusk|Protosynthesis|[silent]\n|move|p2a: Lopunny|Return|p1a: Ninetales\n|-damage|p1a: Ninetales|0 fnt\n|faint|p1a: Ninetales\n|\n|-weather|SunnyDay|[upkeep]\n|upkeep\n|\n|t:|1696082990\n|switch|p1a: Altaria|Altaria-Mega, F, shiny|100\/100 par\n|switch|p1b: Golem|Golem-Alola, F|50\/100\n|turn|10\n|\n|t:|1696083004\n|move|p2b: Jirachi|Zen Headbutt|p1a: Altaria\n|-damage|p1a: Altaria|68\/100 par\n|move|p2a: Lopunny|Close Combat|p1b: Golem\n|-supereffective|p1b: Golem\n|-damage|p1b: Golem|0 fnt\n|-unboost|p2a: Lopunny|def|1\n|-unboost|p2a: Lopunny|spd|1\n|faint|p1b: Golem\n|move|p1a: Altaria|Heat Wave|p2a: Lopunny|[spread] p2a,p2b\n|-crit|p2a: Lopunny\n|-supereffective|p2b: Jirachi\n|-damage|p2a: Lopunny|0 fnt\n|-damage|p2b: Jirachi|8\/100\n|faint|p2a: Lopunny\n|\n|-weather|SunnyDay|[upkeep]\n|upkeep\n|\n|t:|1696083019\n|switch|p2a: Princesita|Garchomp, F|50\/100 brn\n|turn|11\n|\n|t:|1696083027\n|-terastallize|p2a: Princesita|Rock\n|move|p2a: Princesita|Rock Slide|p1a: Altaria\n|-crit|p1a: Altaria\n|-damage|p1a: Altaria|42\/100 par\n|move|p2b: Jirachi|Zen Headbutt|p1a: Altaria\n|-damage|p1a: Altaria|13\/100 par\n|cant|p1a: Altaria|flinch\n|\n|-weather|SunnyDay|[upkeep]\n|-damage|p2a: Princesita|44\/100 brn|[from] brn\n|upkeep\n|turn|12\n|\n|t:|1696083042\n|move|p2a: Princesita|Rock Slide|p1a: Altaria\n|-damage|p1a: Altaria|0 fnt\n|faint|p1a: Altaria\n|\n|win|nombre epico.jpg\n|raw|zeref203's rating: 1157 &rarr; <strong>1136<\/strong><br \/>(-21 for losing)\n|raw|nombre epico.jpg's rating: 1216 &rarr; <strong>1237<\/strong><br \/>(+21 for winning)\n|l|\u2606zeref203\n","uploadtime":1696083065,"views":11,"p1id":"zeref203","p2id":"nombreepicojpg","formatid":"gen9nationaldexdoubles","rating":1136,"private":0,"password":""}