{"id":"gen9nationaldexdoubles-1989081589","p1":"Cosmicdom96","p2":"Denvah_17","format":"[Gen 9] National Dex Doubles","log":"|j|\u2606Cosmicdom96\n|j|\u2606Denvah_17\n|t:|1699810151\n|gametype|doubles\n|player|p1|Cosmicdom96|dancer|1376\n|player|p2|Denvah_17|alder|1355\n|teamsize|p1|6\n|teamsize|p2|6\n|gen|9\n|tier|[Gen 9] National Dex Doubles\n|rated|\n|rule|HP Percentage Mod: HP is shown in percentages\n|rule|Endless Battle Clause: Forcing endless battles is banned\n|rule|OHKO Clause: OHKO moves are banned\n|rule|Evasion Moves Clause: Evasion moves are banned\n|rule|Evasion Abilities Clause: Evasion abilities are banned\n|rule|Species Clause: Limit one of each Pok\u00e9mon\n|rule|Gravity Sleep Clause: The combination of sleep-inducing moves with imperfect accuracy and Gravity or Gigantamax Orbeetle are banned\n|clearpoke\n|poke|p1|Chandelure, F|\n|poke|p1|Quaquaval, M|\n|poke|p1|Serperior, M|\n|poke|p1|Lopunny, F|\n|poke|p1|Togekiss, M|\n|poke|p1|Excadrill, F|\n|poke|p2|Porygon2|\n|poke|p2|Marowak-Alola, F|\n|poke|p2|Slowbro-Galar, M|\n|poke|p2|Parasect, M|\n|poke|p2|Rhyperior, M|\n|poke|p2|Zapdos|\n|teampreview\n|inactive|Battle timer is ON: inactive players will automatically lose when time's up. (requested by Cosmicdom96)\n|\n|t:|1699810170\n|start\n|switch|p1a: Serperior|Serperior, M|100\/100\n|switch|p1b: Lopunny|Lopunny, F|100\/100\n|switch|p2a: silph_sys.exe|Porygon2|100\/100\n|switch|p2b: Lavender Townie|Marowak-Alola, F, shiny|100\/100\n|-ability|p2a: silph_sys.exe|Download|boost\n|-boost|p2a: silph_sys.exe|atk|1\n|turn|1\n|\n|t:|1699810188\n|switch|p2b: Power Plant Prince|Zapdos, shiny|100\/100\n|detailschange|p1b: Lopunny|Lopunny-Mega, F\n|-mega|p1b: Lopunny|Lopunny|Lopunnite\n|move|p1b: Lopunny|Fake Out|p2b: Power Plant Prince\n|-damage|p2b: Power Plant Prince|77\/100\n|-damage|p1b: Lopunny|84\/100|[from] item: Rocky Helmet|[of] p2b: Power Plant Prince\n|move|p1a: Serperior|Taunt|p2a: silph_sys.exe\n|-start|p2a: silph_sys.exe|move: Taunt\n|move|p2a: silph_sys.exe|Ice Beam|p1a: Serperior\n|-supereffective|p1a: Serperior\n|-damage|p1a: Serperior|45\/100\n|\n|-heal|p1a: Serperior|52\/100|[from] item: Leftovers\n|upkeep\n|turn|2\n|inactive|Cosmicdom96 has 120 seconds left.\n|\n|t:|1699810233\n|move|p1a: Serperior|Protect|p1a: Serperior\n|-singleturn|p1a: Serperior|Protect\n|move|p1b: Lopunny|Return|p2b: Power Plant Prince\n|-damage|p2b: Power Plant Prince|22\/100\n|-damage|p1b: Lopunny|67\/100|[from] item: Rocky Helmet|[of] p2b: Power Plant Prince\n|-status|p1b: Lopunny|par|[from] ability: Static|[of] p2b: Power Plant Prince\n|move|p2b: Power Plant Prince|Heat Wave|p1a: Serperior|[spread] p1b\n|-activate|p1a: Serperior|move: Protect\n|-damage|p1b: Lopunny|31\/100 par\n|move|p2a: silph_sys.exe|Tri Attack|p1b: Lopunny\n|-damage|p1b: Lopunny|0 fnt\n|faint|p1b: Lopunny\n|\n|-heal|p1a: Serperior|58\/100|[from] item: Leftovers\n|upkeep\n|inactive|Cosmicdom96 has 90 seconds left.\n|\n|t:|1699810263\n|switch|p1b: Chandelure|Chandelure, F|100\/100\n|turn|3\n|\n|t:|1699810276\n|-terastallize|p1a: Serperior|Fire\n|move|p1b: Chandelure|Heat Wave|p2a: silph_sys.exe|[spread] p2a,p2b\n|-damage|p2a: silph_sys.exe|78\/100\n|-damage|p2b: Power Plant Prince|0 fnt\n|faint|p2b: Power Plant Prince\n|move|p1a: Serperior|Leaf Storm|p2a: silph_sys.exe\n|-damage|p2a: silph_sys.exe|51\/100\n|-boost|p1a: Serperior|spa|2\n|move|p2a: silph_sys.exe|Ice Beam|p1a: Serperior\n|-resisted|p1a: Serperior\n|-damage|p1a: Serperior|45\/100\n|\n|-heal|p1a: Serperior|51\/100|[from] item: Leftovers\n|-end|p2a: silph_sys.exe|move: Taunt\n|upkeep\n|\n|t:|1699810281\n|switch|p2b: Missingno|Parasect, M, shiny|100\/100\n|turn|4\n|inactive|Cosmicdom96 has 120 seconds left.\n|\n|t:|1699810312\n|move|p1b: Chandelure|Heat Wave|p2a: silph_sys.exe|[spread] p2a,p2b\n|-supereffective|p2b: Missingno\n|-damage|p2a: silph_sys.exe|30\/100\n|-enditem|p2b: Missingno|Focus Sash\n|-damage|p2b: Missingno|1\/100\n|move|p1a: Serperior|Hidden Power|p2a: silph_sys.exe\n|-damage|p2a: silph_sys.exe|5\/100\n|move|p2b: Missingno|Spore|p1a: Serperior\n|-status|p1a: Serperior|slp|[from] move: Spore\n|move|p2a: silph_sys.exe|Trick Room|p2a: silph_sys.exe\n|-fieldstart|move: Trick Room|[of] p2a: silph_sys.exe\n|\n|-heal|p1a: Serperior|57\/100 slp|[from] item: Leftovers\n|upkeep\n|turn|5\n|inactive|Cosmicdom96 has 120 seconds left.\n|inactive|Denvah_17 has 120 seconds left.\n|\n|t:|1699810349\n|move|p2b: Missingno|Spore|p1b: Chandelure\n|-status|p1b: Chandelure|slp|[from] move: Spore\n|move|p2a: silph_sys.exe|Recover|p2a: silph_sys.exe\n|-heal|p2a: silph_sys.exe|55\/100\n|cant|p1a: Serperior|slp\n|cant|p1b: Chandelure|slp\n|\n|-heal|p1a: Serperior|63\/100 slp|[from] item: Leftovers\n|upkeep\n|turn|6\n|inactive|Cosmicdom96 has 120 seconds left.\n|\n|t:|1699810367\n|switch|p2b: Giovanni|Rhyperior, M, shiny|100\/100\n|move|p2a: silph_sys.exe|Recover|p2a: silph_sys.exe\n|-heal|p2a: silph_sys.exe|100\/100\n|-curestatus|p1a: Serperior|slp|[msg]\n|move|p1a: Serperior|Leaf Storm|p2a: silph_sys.exe\n|-damage|p2a: silph_sys.exe|53\/100\n|-boost|p1a: Serperior|spa|2\n|cant|p1b: Chandelure|slp\n|\n|-heal|p1a: Serperior|70\/100|[from] item: Leftovers\n|upkeep\n|turn|7\n|inactive|Cosmicdom96 has 120 seconds left.\n|\n|t:|1699810383\n|switch|p1b: Togekiss|Togekiss, M, shiny|100\/100\n|move|p1a: Serperior|Protect|p1a: Serperior\n|-singleturn|p1a: Serperior|Protect\n|move|p2b: Giovanni|Rock Slide|p1b: Togekiss|[spread] p1b\n|-activate|p1a: Serperior|move: Protect\n|-supereffective|p1b: Togekiss\n|-damage|p1b: Togekiss|46\/100\n|-enditem|p1b: Togekiss|Sitrus Berry|[eat]\n|-heal|p1b: Togekiss|71\/100|[from] item: Sitrus Berry\n|move|p2a: silph_sys.exe|Recover|p2a: silph_sys.exe\n|-heal|p2a: silph_sys.exe|100\/100\n|\n|-heal|p1a: Serperior|76\/100|[from] item: Leftovers\n|upkeep\n|turn|8\n|inactive|Cosmicdom96 has 120 seconds left.\n|\n|t:|1699810410\n|switch|p1a: Excadrill|Excadrill, F|100\/100\n|-ability|p1a: Excadrill|Mold Breaker\n|move|p2b: Giovanni|Rock Slide|p1b: Togekiss|[spread] p1a,p1b\n|-resisted|p1a: Excadrill\n|-supereffective|p1b: Togekiss\n|-damage|p1a: Excadrill|89\/100\n|-damage|p1b: Togekiss|8\/100\n|move|p2a: silph_sys.exe|Tri Attack|p1a: Excadrill\n|-resisted|p1a: Excadrill\n|-damage|p1a: Excadrill|68\/100\n|cant|p1b: Togekiss|flinch\n|\n|-fieldend|move: Trick Room\n|upkeep\n|turn|9\n|inactive|Denvah_17 has 120 seconds left.\n|\n|t:|1699810445\n|-zpower|p1a: Excadrill\n|move|p1a: Excadrill|Tectonic Rage|p2a: silph_sys.exe|[zeffect]\n|-damage|p2a: silph_sys.exe|46\/100\n|move|p1b: Togekiss|Air Slash|p2a: silph_sys.exe\n|-damage|p2a: silph_sys.exe|25\/100\n|move|p2b: Giovanni|Earthquake|p1a: Excadrill|[spread] p2a,p1a\n|-immune|p1b: Togekiss\n|-supereffective|p1a: Excadrill\n|-damage|p2a: silph_sys.exe|0 fnt\n|-damage|p1a: Excadrill|0 fnt\n|faint|p2a: silph_sys.exe\n|faint|p1a: Excadrill\n|\n|upkeep\n|\n|t:|1699810474\n|switch|p1a: Quaquaval|Quaquaval, M|100\/100\n|switch|p2a: Missingno|Parasect, M, shiny|1\/100\n|turn|10\n|\n|t:|1699810494\n|-terastallize|p2b: Giovanni|Grass\n|move|p1a: Quaquaval|Aqua Step|p2b: Giovanni\n|-resisted|p2b: Giovanni\n|-damage|p2b: Giovanni|85\/100\n|-boost|p1a: Quaquaval|spe|1\n|move|p1b: Togekiss|Dazzling Gleam|p2b: Giovanni|[spread] p2a,p2b\n|-damage|p2a: Missingno|0 fnt\n|-damage|p2b: Giovanni|65\/100\n|faint|p2a: Missingno\n|move|p2b: Giovanni|Rock Slide|p1a: Quaquaval|[spread] p1a,p1b\n|-resisted|p1a: Quaquaval\n|-supereffective|p1b: Togekiss\n|-damage|p1a: Quaquaval|78\/100\n|-damage|p1b: Togekiss|0 fnt\n|faint|p1b: Togekiss\n|\n|upkeep\n|\n|t:|1699810512\n|switch|p1b: Serperior|Serperior, M, tera:Fire|76\/100\n|switch|p2a: Amnesiac|Slowbro-Galar, M, shiny|100\/100\n|turn|11\n|-activate|p2a: Amnesiac|ability: Quick Draw\n|\n|t:|1699810524\n|detailschange|p2a: Amnesiac|Slowbro-Mega, M, shiny\n|-mega|p2a: Amnesiac|Slowbro|Slowbronite\n|move|p1b: Serperior|Protect|p1b: Serperior\n|-singleturn|p1b: Serperior|Protect\n|move|p2a: Amnesiac|Scald|p1b: Serperior\n|-activate|p1b: Serperior|move: Protect\n|move|p1a: Quaquaval|Ice Spinner|p2b: Giovanni\n|-supereffective|p2b: Giovanni\n|-damage|p2b: Giovanni|37\/100\n|move|p2b: Giovanni|Hammer Arm|p1a: Quaquaval\n|-damage|p1a: Quaquaval|28\/100\n|-unboost|p2b: Giovanni|spe|1\n|\n|-heal|p1b: Serperior|82\/100|[from] item: Leftovers\n|upkeep\n|turn|12\n|\n|t:|1699810551\n|move|p1a: Quaquaval|Close Combat|p2b: Giovanni\n|-damage|p2b: Giovanni|0 fnt\n|-unboost|p1a: Quaquaval|def|1\n|-unboost|p1a: Quaquaval|spd|1\n|faint|p2b: Giovanni\n|-ability|p1a: Quaquaval|Moxie|boost\n|-boost|p1a: Quaquaval|atk|1\n|move|p1b: Serperior|Leaf Storm|p2a: Amnesiac|[miss]\n|-miss|p1b: Serperior|p2a: Amnesiac\n|move|p2a: Amnesiac|Scald|p1b: Serperior\n|-supereffective|p1b: Serperior\n|-damage|p1b: Serperior|0 fnt\n|faint|p1b: Serperior\n|\n|upkeep\n|\n|t:|1699810567\n|switch|p1b: Chandelure|Chandelure, F|100\/100 slp\n|switch|p2b: Lavender Townie|Marowak-Alola, F, shiny|100\/100\n|turn|13\n|\n|t:|1699810584\n|move|p1a: Quaquaval|Aqua Step|p2b: Lavender Townie\n|-supereffective|p2b: Lavender Townie\n|-damage|p2b: Lavender Townie|0 fnt\n|-boost|p1a: Quaquaval|spe|1\n|faint|p2b: Lavender Townie\n|-ability|p1a: Quaquaval|Moxie|boost\n|-boost|p1a: Quaquaval|atk|1\n|cant|p1b: Chandelure|slp\n|move|p2a: Amnesiac|Expanding Force|p1a: Quaquaval\n|-supereffective|p1a: Quaquaval\n|-damage|p1a: Quaquaval|0 fnt\n|faint|p1a: Quaquaval\n|\n|upkeep\n|turn|14\n|\n|t:|1699810599\n|-curestatus|p1b: Chandelure|slp|[msg]\n|move|p1b: Chandelure|Shadow Ball|p2a: Amnesiac\n|-supereffective|p2a: Amnesiac\n|-damage|p2a: Amnesiac|1\/100\n|-unboost|p2a: Amnesiac|spd|1\n|move|p2a: Amnesiac|Scald|p1b: Chandelure\n|-supereffective|p1b: Chandelure\n|-damage|p1b: Chandelure|0 fnt\n|faint|p1b: Chandelure\n|\n|win|Denvah_17\n|raw|Cosmicdom96's rating: 1376 &rarr; <strong>1355<\/strong><br \/>(-21 for losing)\n|raw|Denvah_17's rating: 1355 &rarr; <strong>1376<\/strong><br \/>(+21 for winning)\n","uploadtime":1699810612,"views":5,"p1id":"cosmicdom96","p2id":"denvah17","formatid":"gen9nationaldexdoubles","rating":1355,"private":0,"password":""}