{"id":"gen9nationaldexdoubles-1978453747","p1":"big pichu","p2":"Jello1231","format":"[Gen 9] National Dex Doubles","log":"|j|\u2606big pichu\n|j|\u2606Jello1231\n|t:|1698541001\n|gametype|doubles\n|player|p1|big pichu|serena-masters2|\n|player|p2|Jello1231|sonia-professor|\n|teamsize|p1|6\n|teamsize|p2|6\n|gen|9\n|tier|[Gen 9] National Dex Doubles\n|rated|Tournament battle\n|rule|HP Percentage Mod: HP is shown in percentages\n|rule|Endless Battle Clause: Forcing endless battles is banned\n|rule|OHKO Clause: OHKO moves are banned\n|rule|Evasion Moves Clause: Evasion moves are banned\n|rule|Evasion Abilities Clause: Evasion abilities are banned\n|rule|Species Clause: Limit one of each Pok\u00e9mon\n|rule|Gravity Sleep Clause: The combination of sleep-inducing moves with imperfect accuracy and Gravity or Gigantamax Orbeetle are banned\n|clearpoke\n|poke|p1|Scizor, M|\n|poke|p1|Volcanion|\n|poke|p1|Rillaboom, M|\n|poke|p1|Marshadow|\n|poke|p1|Scream Tail|\n|poke|p1|Kyurem-Black|\n|poke|p2|Kyurem-Black|\n|poke|p2|Ninetales-Alola, M|\n|poke|p2|Tapu Koko|\n|poke|p2|Regieleki|\n|poke|p2|Whimsicott, F|\n|poke|p2|Zygarde|\n|teampreview\n|j| ChainlessJoe\n|\n|t:|1698541025\n|start\n|switch|p1a: Marshadow|Marshadow|100\/100\n|switch|p1b: Rillaboom|Rillaboom, M|100\/100\n|switch|p2a: Ninetales|Ninetales-Alola, M|100\/100\n|switch|p2b: Kyurem|Kyurem-Black|100\/100\n|-weather|Snow|[from] ability: Snow Warning|[of] p2a: Ninetales\n|-ability|p2b: Kyurem|Teravolt\n|-fieldstart|move: Grassy Terrain|[from] ability: Grassy Surge|[of] p1b: Rillaboom\n|turn|1\n|\n|t:|1698541045\n|move|p2a: Ninetales|Protect|p2a: Ninetales\n|-singleturn|p2a: Ninetales|Protect\n|move|p2b: Kyurem|Protect|p2b: Kyurem\n|-singleturn|p2b: Kyurem|Protect\n|move|p1b: Rillaboom|Fake Out|p2a: Ninetales\n|-activate|p2a: Ninetales|move: Protect\n|move|p1a: Marshadow|Drain Punch|p2b: Kyurem\n|-activate|p2b: Kyurem|move: Protect\n|\n|-weather|Snow|[upkeep]\n|upkeep\n|turn|2\n|c|\u2606Jello1231|Should've brought my team comp team\n|c|\u2606big pichu|true\n|\n|t:|1698541085\n|switch|p2b: Tapu Koko|Tapu Koko|100\/100\n|-fieldstart|move: Electric Terrain|[from] ability: Electric Surge|[of] p2b: Tapu Koko\n|switch|p1b: Volcanion|Volcanion|100\/100\n|move|p1a: Marshadow|Drain Punch|p2b: Tapu Koko\n|-resisted|p2b: Tapu Koko\n|-damage|p2b: Tapu Koko|58\/100\n|move|p2a: Ninetales|Aurora Veil|p2a: Ninetales\n|-sidestart|p2: Jello1231|move: Aurora Veil\n|\n|-weather|Snow|[upkeep]\n|upkeep\n|turn|3\n|c| ChainlessJoe|This team is still scary as sin to face\n|\n|t:|1698541108\n|switch|p1a: Scizor|Scizor, M|100\/100\n|switch|p2a: Zygarde|Zygarde|100\/100\n|-ability|p2a: Zygarde|Aura Break\n|-terastallize|p1b: Volcanion|Ground\n|move|p2b: Tapu Koko|U-turn|p1a: Scizor\n|-resisted|p1a: Scizor\n|-damage|p1a: Scizor|88\/100\n|\n|t:|1698541128\n|switch|p2b: Kyurem|Kyurem-Black|100\/100|[from] U-turn\n|-ability|p2b: Kyurem|Teravolt\n|move|p1b: Volcanion|Heat Wave|p2b: Kyurem|[spread] p2a,p2b\n|-resisted|p2a: Zygarde\n|-damage|p2a: Zygarde|86\/100\n|-damage|p2b: Kyurem|73\/100\n|\n|-weather|Snow|[upkeep]\n|upkeep\n|turn|4\n|c|\u2606big pichu|ngl aveil seems super neat in this meta\n|\n|t:|1698541142\n|switch|p1b: Scream Tail|Scream Tail|100\/100\n|-enditem|p1b: Scream Tail|Booster Energy\n|-activate|p1b: Scream Tail|ability: Protosynthesis|[fromitem]\n|-start|p1b: Scream Tail|protosynthesisspe\n|detailschange|p1a: Scizor|Scizor-Mega, M\n|-mega|p1a: Scizor|Scizor|Scizorite\n|-terastallize|p2b: Kyurem|Fire\n|move|p2b: Kyurem|Blizzard|p1b: Scream Tail|[spread] p1a,p1b\n|-resisted|p1a: Scizor\n|-damage|p1a: Scizor|67\/100\n|-damage|p1b: Scream Tail|62\/100\n|-damage|p2b: Kyurem|63\/100|[from] item: Life Orb\n|move|p2a: Zygarde|Thousand Arrows|p1b: Scream Tail|[spread] p1a,p1b\n|-damage|p1a: Scizor|28\/100\n|-damage|p1b: Scream Tail|22\/100\n|move|p1a: Scizor|Swords Dance|p1a: Scizor\n|-boost|p1a: Scizor|atk|2\n|\n|-weather|Snow|[upkeep]\n|upkeep\n|turn|5\n|\n|t:|1698541172\n|switch|p2b: Whimsicott|Whimsicott, F|100\/100\n|move|p1a: Scizor|Bullet Punch|p2a: Zygarde\n|-damage|p2a: Zygarde|50\/100\n|move|p1b: Scream Tail|Psychic Fangs|p2a: Zygarde\n|-sideend|p2: Jello1231|move: Aurora Veil\n|-damage|p2a: Zygarde|33\/100\n|move|p2a: Zygarde|Thousand Arrows|p1b: Scream Tail|[spread] p1a,p1b\n|-damage|p1a: Scizor|0 fnt\n|-damage|p1b: Scream Tail|0 fnt\n|faint|p1a: Scizor\n|faint|p1b: Scream Tail\n|-end|p1b: Scream Tail|Protosynthesis|[silent]\n|\n|-weather|none\n|upkeep\n|\n|t:|1698541182\n|switch|p1b: Marshadow|Marshadow|100\/100\n|switch|p1a: Rillaboom|Rillaboom, M|100\/100\n|-fieldstart|move: Grassy Terrain|[from] ability: Grassy Surge|[of] p1a: Rillaboom\n|turn|6\n|c|\u2606Jello1231|Aveil is cool\n|c|\u2606Jello1231|Losing to sun is a little less cool\n|\n|t:|1698541217\n|switch|p2a: Ninetales|Ninetales-Alola, M|100\/100\n|-weather|Snow|[from] ability: Snow Warning|[of] p2a: Ninetales\n|move|p2b: Whimsicott|Protect|p2b: Whimsicott\n|-singleturn|p2b: Whimsicott|Protect\n|move|p1b: Marshadow|Shadow Sneak|p2b: Whimsicott\n|-activate|p2b: Whimsicott|move: Protect\n|move|p1a: Rillaboom|U-turn|p2b: Whimsicott\n|-activate|p2b: Whimsicott|move: Protect\n|\n|-weather|Snow|[upkeep]\n|upkeep\n|turn|7\n|c| ChainlessJoe|Killing every sun abuser besides Saur also seems cool\n|\n|t:|1698541241\n|move|p1b: Marshadow|Shadow Sneak|p2b: Whimsicott\n|-damage|p2b: Whimsicott|48\/100\n|move|p2b: Whimsicott|Tailwind|p2b: Whimsicott\n|-sidestart|p2: Jello1231|move: Tailwind\n|move|p2a: Ninetales|Blizzard|p1b: Marshadow|[spread] p1a,p1b\n|-supereffective|p1a: Rillaboom\n|-damage|p1a: Rillaboom|51\/100\n|-damage|p1b: Marshadow|64\/100\n|move|p1a: Rillaboom|U-turn|p2b: Whimsicott\n|-damage|p2b: Whimsicott|15\/100\n|c| ChainlessJoe|With leki\n|\n|t:|1698541250\n|switch|p1a: Volcanion|Volcanion, tera:Ground|100\/100|[from] U-turn\n|\n|-weather|Snow|[upkeep]\n|-heal|p2b: Whimsicott|21\/100|[from] Grassy Terrain\n|-heal|p1b: Marshadow|70\/100|[from] Grassy Terrain\n|upkeep\n|turn|8\n|\n|t:|1698541263\n|move|p1b: Marshadow|Shadow Sneak|p2a: Ninetales\n|-damage|p2a: Ninetales|58\/100\n|move|p2b: Whimsicott|Moonblast|p1b: Marshadow\n|-supereffective|p1b: Marshadow\n|-damage|p1b: Marshadow|6\/100\n|-unboost|p1b: Marshadow|spa|1\n|move|p2a: Ninetales|Aurora Veil|p2a: Ninetales\n|-sidestart|p2: Jello1231|move: Aurora Veil\n|move|p1a: Volcanion|Heat Wave|p2b: Whimsicott|[spread] p2a,p2b\n|-supereffective|p2a: Ninetales\n|-supereffective|p2b: Whimsicott\n|-damage|p2a: Ninetales|0 fnt\n|-damage|p2b: Whimsicott|0 fnt\n|faint|p2a: Ninetales\n|faint|p2b: Whimsicott\n|\n|-weather|Snow|[upkeep]\n|-heal|p1b: Marshadow|12\/100|[from] Grassy Terrain\n|upkeep\n|\n|t:|1698541279\n|switch|p2b: Zygarde|Zygarde|33\/100\n|switch|p2a: Kyurem|Kyurem-Black, tera:Fire|63\/100\n|-ability|p2a: Kyurem|Teravolt\n|-ability|p2b: Zygarde|Aura Break\n|turn|9\n|\n|t:|1698541297\n|switch|p2b: Regieleki|Regieleki|100\/100\n|move|p1b: Marshadow|Shadow Sneak|p2b: Regieleki\n|-damage|p2b: Regieleki|36\/100\n|move|p2a: Kyurem|Blizzard|p1a: Volcanion|[spread] p1a,p1b\n|-supereffective|p1a: Volcanion\n|-damage|p1a: Volcanion|0 fnt\n|-damage|p1b: Marshadow|0 fnt\n|faint|p1a: Volcanion\n|faint|p1b: Marshadow\n|-damage|p2a: Kyurem|53\/100|[from] item: Life Orb\n|\n|-weather|Snow|[upkeep]\n|-heal|p2b: Regieleki|42\/100|[from] Grassy Terrain\n|-heal|p2a: Kyurem|59\/100|[from] Grassy Terrain\n|upkeep\n|\n|t:|1698541305\n|switch|p1b: Kyurem|Kyurem-Black|100\/100\n|switch|p1a: Rillaboom|Rillaboom, M|51\/100\n|-ability|p1b: Kyurem|Teravolt\n|turn|10\n|\n|t:|1698541320\n|move|p2b: Regieleki|Protect|p2b: Regieleki\n|-singleturn|p2b: Regieleki|Protect\n|move|p2a: Kyurem|Protect|p2a: Kyurem\n|-singleturn|p2a: Kyurem|Protect\n|move|p1a: Rillaboom|Fake Out|p2a: Kyurem\n|-activate|p2a: Kyurem|move: Protect\n|move|p1b: Kyurem|Earth Power|p2a: Kyurem\n|-activate|p2a: Kyurem|move: Protect\n|\n|-weather|none\n|-heal|p2b: Regieleki|48\/100|[from] Grassy Terrain\n|-heal|p2a: Kyurem|65\/100|[from] Grassy Terrain\n|-heal|p1a: Rillaboom|57\/100|[from] Grassy Terrain\n|-sideend|p2: Jello1231|move: Tailwind\n|-fieldend|move: Grassy Terrain\n|upkeep\n|turn|11\n|\n|t:|1698541340\n|switch|p2a: Tapu Koko|Tapu Koko|58\/100\n|-fieldstart|move: Electric Terrain|[from] ability: Electric Surge|[of] p2a: Tapu Koko\n|move|p2b: Regieleki|Rising Voltage|p1b: Kyurem\n|-hint|Rising Voltage's BP doubled on grounded target.\n|-resisted|p1b: Kyurem\n|-damage|p1b: Kyurem|70\/100\n|move|p1a: Rillaboom|Wood Hammer|p2b: Regieleki\n|-damage|p2b: Regieleki|0 fnt\n|faint|p2b: Regieleki\n|-damage|p1a: Rillaboom|43\/100|[from] Recoil\n|move|p1b: Kyurem|Earth Power|p2a: Tapu Koko\n|-supereffective|p2a: Tapu Koko\n|-damage|p2a: Tapu Koko|0 fnt\n|faint|p2a: Tapu Koko\n|\n|upkeep\n|\n|t:|1698541350\n|switch|p2b: Zygarde|Zygarde|33\/100\n|switch|p2a: Kyurem|Kyurem-Black, tera:Fire|65\/100\n|-ability|p2a: Kyurem|Teravolt\n|-ability|p2b: Zygarde|Aura Break\n|turn|12\n|c|\u2606Jello1231|If you're max speed av I'm gonna be really sad\n|c|\u2606big pichu|i unironically do not know my spread\n|c|\u2606Jello1231|Wait\n|c|\u2606Jello1231|Is it a sample spread?\n|c|\u2606big pichu|no\n|c|\u2606Jello1231|Oh\n|c|\u2606Jello1231|Uhh\n|c|\u2606Jello1231|Well\n|c|\u2606big pichu|im just dum\n|\n|t:|1698541426\n|move|p2a: Kyurem|Blizzard|p1b: Kyurem|[spread] p1a,p1b\n|-supereffective|p1a: Rillaboom\n|-damage|p1a: Rillaboom|0 fnt\n|-damage|p1b: Kyurem|42\/100\n|faint|p1a: Rillaboom\n|-damage|p2a: Kyurem|55\/100|[from] item: Life Orb\n|move|p2b: Zygarde|Superpower|p1b: Kyurem\n|-supereffective|p1b: Kyurem\n|-damage|p1b: Kyurem|0 fnt\n|-unboost|p2b: Zygarde|atk|1\n|-unboost|p2b: Zygarde|def|1\n|faint|p1b: Kyurem\n|\n|win|Jello1231\n|n|\u2606big pichu|bigpichu\n|n|\u2606Jello1231|jello1231\n|n| ChainlessJoe|chainlessjoe\n","uploadtime":1698541427,"views":15,"p1id":"bigpichu","p2id":"jello1231","formatid":"gen9nationaldexdoubles","rating":0,"private":0,"password":""}