{"id":"gen9nationaldexdoubles-1980340819","p1":"Kubosarutobi","p2":"antelite","format":"[Gen 9] National Dex Doubles","log":"|j|\u2606Kubosarutobi\n|j|\u2606antelite\n|t:|1698776698\n|gametype|doubles\n|player|p1|Kubosarutobi|maylene|1180\n|player|p2|antelite|riley|1139\n|teamsize|p1|6\n|teamsize|p2|6\n|gen|9\n|tier|[Gen 9] National Dex Doubles\n|rated|\n|rule|HP Percentage Mod: HP is shown in percentages\n|rule|Endless Battle Clause: Forcing endless battles is banned\n|rule|OHKO Clause: OHKO moves are banned\n|rule|Evasion Moves Clause: Evasion moves are banned\n|rule|Evasion Abilities Clause: Evasion abilities are banned\n|rule|Species Clause: Limit one of each Pok\u00e9mon\n|rule|Gravity Sleep Clause: The combination of sleep-inducing moves with imperfect accuracy and Gravity or Gigantamax Orbeetle are banned\n|clearpoke\n|poke|p1|Excadrill, F|\n|poke|p1|Tyranitar, F|\n|poke|p1|Rotom-Wash|\n|poke|p1|Hippowdon, M|\n|poke|p1|Amoonguss, F|\n|poke|p1|Landorus, M|\n|poke|p2|Glaceon, M|\n|poke|p2|Togekiss, F|\n|poke|p2|Victini|\n|poke|p2|Jumpluff, F|\n|poke|p2|Azumarill, M|\n|poke|p2|Cinccino, M|\n|teampreview\n|inactive|Battle timer is ON: inactive players will automatically lose when time's up. (requested by antelite)\n|inactive|Kubosarutobi also wants the timer to be on.\n|\n|t:|1698776710\n|start\n|switch|p1a: Rotom|Rotom-Wash|100\/100\n|switch|p1b: Tyranitar|Tyranitar, F|100\/100\n|switch|p2a: Jumpluff|Jumpluff, F|100\/100\n|switch|p2b: Cinccino|Cinccino, M|100\/100\n|-weather|Sandstorm|[from] ability: Sand Stream|[of] p1b: Tyranitar\n|turn|1\n|\n|t:|1698776726\n|move|p2b: Cinccino|Bullet Seed|p1a: Rotom\n|-supereffective|p1a: Rotom\n|-damage|p1a: Rotom|89\/100\n|-supereffective|p1a: Rotom\n|-damage|p1a: Rotom|77\/100\n|-supereffective|p1a: Rotom\n|-damage|p1a: Rotom|66\/100\n|-supereffective|p1a: Rotom\n|-damage|p1a: Rotom|54\/100\n|-supereffective|p1a: Rotom\n|-crit|p1a: Rotom\n|-damage|p1a: Rotom|37\/100\n|-hitcount|p1a: Rotom|5\n|move|p2a: Jumpluff|Sleep Powder|p1b: Tyranitar\n|-status|p1b: Tyranitar|slp|[from] move: Sleep Powder\n|move|p1a: Rotom|Will-O-Wisp|p2b: Cinccino\n|-status|p2b: Cinccino|brn\n|cant|p1b: Tyranitar|slp\n|\n|-weather|Sandstorm|[upkeep]\n|-damage|p2b: Cinccino|94\/100 brn|[from] Sandstorm\n|-damage|p2a: Jumpluff|94\/100|[from] Sandstorm\n|-damage|p1a: Rotom|31\/100|[from] Sandstorm\n|-heal|p1a: Rotom|37\/100|[from] item: Leftovers\n|-damage|p2b: Cinccino|88\/100 brn|[from] brn\n|upkeep\n|turn|2\n|inactive|antelite has 120 seconds left.\n|\n|t:|1698776757\n|switch|p1b: Amoonguss|Amoonguss, F|100\/100\n|move|p2b: Cinccino|Bullet Seed|p1b: Amoonguss\n|-resisted|p1b: Amoonguss\n|-damage|p1b: Amoonguss|99\/100\n|-resisted|p1b: Amoonguss\n|-damage|p1b: Amoonguss|99\/100\n|-resisted|p1b: Amoonguss\n|-damage|p1b: Amoonguss|99\/100\n|-resisted|p1b: Amoonguss\n|-damage|p1b: Amoonguss|98\/100\n|-resisted|p1b: Amoonguss\n|-damage|p1b: Amoonguss|98\/100\n|-hitcount|p1b: Amoonguss|5\n|move|p2a: Jumpluff|Giga Drain|p1a: Rotom\n|-supereffective|p1a: Rotom\n|-damage|p1a: Rotom|0 fnt\n|-heal|p2a: Jumpluff|100\/100|[from] drain|[of] p1a: Rotom\n|faint|p1a: Rotom\n|\n|-weather|Sandstorm|[upkeep]\n|-damage|p2b: Cinccino|82\/100 brn|[from] Sandstorm\n|-damage|p2a: Jumpluff|94\/100|[from] Sandstorm\n|-damage|p1b: Amoonguss|92\/100|[from] Sandstorm\n|-damage|p2b: Cinccino|76\/100 brn|[from] brn\n|upkeep\n|\n|t:|1698776767\n|switch|p1a: Landorus|Landorus, M|100\/100\n|turn|3\n|\n|t:|1698776789\n|move|p2b: Cinccino|Protect|p2b: Cinccino\n|-singleturn|p2b: Cinccino|Protect\n|move|p1b: Amoonguss|Rage Powder|p1b: Amoonguss\n|-singleturn|p1b: Amoonguss|move: Rage Powder\n|move|p1a: Landorus|Sludge Wave|p2a: Jumpluff|[spread] p1b,p2a\n|-activate|p2b: Cinccino|move: Protect\n|-supereffective|p2a: Jumpluff\n|-damage|p1b: Amoonguss|54\/100\n|-damage|p2a: Jumpluff|19\/100\n|move|p2a: Jumpluff|Sleep Powder|p1a: Landorus|[miss]\n|-miss|p2a: Jumpluff|p1a: Landorus\n|\n|-weather|Sandstorm|[upkeep]\n|-damage|p2b: Cinccino|70\/100 brn|[from] Sandstorm\n|-damage|p2a: Jumpluff|13\/100|[from] Sandstorm\n|-damage|p1b: Amoonguss|47\/100|[from] Sandstorm\n|-enditem|p1b: Amoonguss|Sitrus Berry|[eat]\n|-heal|p1b: Amoonguss|72\/100|[from] item: Sitrus Berry\n|-damage|p2b: Cinccino|64\/100 brn|[from] brn\n|upkeep\n|turn|4\n|\n|t:|1698776811\n|switch|p1b: Excadrill|Excadrill, F|100\/100\n|move|p2b: Cinccino|Tail Slap|p1b: Excadrill\n|-resisted|p1b: Excadrill\n|-damage|p1b: Excadrill|96\/100\n|-resisted|p1b: Excadrill\n|-damage|p1b: Excadrill|92\/100\n|-resisted|p1b: Excadrill\n|-damage|p1b: Excadrill|88\/100\n|-resisted|p1b: Excadrill\n|-damage|p1b: Excadrill|85\/100\n|-resisted|p1b: Excadrill\n|-damage|p1b: Excadrill|81\/100\n|-hitcount|p1b: Excadrill|5\n|move|p1a: Landorus|Sludge Wave|p2b: Cinccino|[spread] p2a,p2b\n|-immune|p1b: Excadrill\n|-supereffective|p2a: Jumpluff\n|-crit|p2b: Cinccino\n|-damage|p2a: Jumpluff|0 fnt\n|-damage|p2b: Cinccino|0 fnt\n|faint|p2a: Jumpluff\n|faint|p2b: Cinccino\n|\n|-weather|Sandstorm|[upkeep]\n|upkeep\n|inactive|antelite has 120 seconds left.\n|\n|t:|1698776832\n|switch|p2b: Azumarill|Azumarill, M|100\/100\n|switch|p2a: Glaceon|Glaceon, M|100\/100\n|turn|5\n|\n|t:|1698776845\n|move|p1b: Excadrill|Earthquake|p2b: Azumarill|[spread] p2a,p2b\n|-immune|p1a: Landorus\n|-damage|p2a: Glaceon|44\/100\n|-damage|p2b: Azumarill|44\/100\n|-damage|p1b: Excadrill|71\/100|[from] item: Life Orb\n|move|p1a: Landorus|Sludge Wave|p2a: Glaceon|[spread] p2a,p2b\n|-immune|p1b: Excadrill\n|-supereffective|p2b: Azumarill\n|-damage|p2a: Glaceon|1\/100\n|-damage|p2b: Azumarill|0 fnt\n|faint|p2b: Azumarill\n|move|p2a: Glaceon|Ice Beam|p1a: Landorus\n|-supereffective|p1a: Landorus\n|-damage|p1a: Landorus|0 fnt\n|faint|p1a: Landorus\n|\n|-weather|none\n|upkeep\n|\n|t:|1698776861\n|switch|p1a: Hippowdon|Hippowdon, M|100\/100\n|switch|p2b: Togekiss|Togekiss, F|100\/100\n|-weather|Sandstorm|[from] ability: Sand Stream|[of] p1a: Hippowdon\n|turn|6\n|\n|t:|1698776872\n|move|p2a: Glaceon|Protect|p2a: Glaceon\n|-singleturn|p2a: Glaceon|Protect\n|move|p1b: Excadrill|Rock Slide|p2a: Glaceon|[spread] p2b\n|-activate|p2a: Glaceon|move: Protect\n|-supereffective|p2b: Togekiss\n|-crit|p2b: Togekiss\n|-damage|p2b: Togekiss|23\/100\n|-damage|p1b: Excadrill|61\/100|[from] item: Life Orb\n|move|p2b: Togekiss|Aura Sphere|p1b: Excadrill\n|-supereffective|p1b: Excadrill\n|-damage|p1b: Excadrill|0 fnt\n|faint|p1b: Excadrill\n|move|p1a: Hippowdon|Rock Slide|p2b: Togekiss|[spread] p2b\n|-activate|p2a: Glaceon|move: Protect\n|-supereffective|p2b: Togekiss\n|-damage|p2b: Togekiss|0 fnt\n|faint|p2b: Togekiss\n|\n|-weather|Sandstorm|[upkeep]\n|-damage|p2a: Glaceon|0 fnt|[from] Sandstorm\n|faint|p2a: Glaceon\n|upkeep\n|\n|t:|1698776894\n|switch|p1b: Amoonguss|Amoonguss, F|100\/100\n|switch|p2b: Victini|Victini|100\/100\n|turn|7\n|\n|t:|1698776904\n|move|p2b: Victini|V-create|p1b: Amoonguss\n|-supereffective|p1b: Amoonguss\n|-damage|p1b: Amoonguss|0 fnt\n|-unboost|p2b: Victini|spe|1\n|-unboost|p2b: Victini|def|1\n|-unboost|p2b: Victini|spd|1\n|-enditem|p2b: Victini|White Herb\n|-clearnegativeboost|p2b: Victini|[silent]\n|faint|p1b: Amoonguss\n|move|p1a: Hippowdon|High Horsepower|p2b: Victini\n|-supereffective|p2b: Victini\n|-crit|p2b: Victini\n|-damage|p2b: Victini|0 fnt\n|faint|p2b: Victini\n|\n|win|Kubosarutobi\n|raw|Kubosarutobi's rating: 1180 &rarr; <strong>1202<\/strong><br \/>(+22 for winning)\n|raw|antelite's rating: 1139 &rarr; <strong>1117<\/strong><br \/>(-22 for losing)\n|l|\u2606antelite\n","uploadtime":1698776916,"views":10,"p1id":"kubosarutobi","p2id":"antelite","formatid":"gen9nationaldexdoubles","rating":1117,"private":0,"password":""}