{"id":"gen9nationaldexdoubles-1954052390","p1":"fifier","p2":"enkelele","format":"[Gen 9] National Dex Doubles","log":"|j|\u2606fifier\n|j|\u2606enkelele\n|t:|1695849121\n|gametype|doubles\n|player|p1|fifier|101|\n|player|p2|enkelele|ghetsis-gen5bw|\n|teamsize|p1|6\n|teamsize|p2|6\n|gen|9\n|tier|[Gen 9] National Dex Doubles\n|rule|HP Percentage Mod: HP is shown in percentages\n|rule|Endless Battle Clause: Forcing endless battles is banned\n|rule|OHKO Clause: OHKO moves are banned\n|rule|Evasion Moves Clause: Evasion moves are banned\n|rule|Evasion Abilities Clause: Evasion abilities are banned\n|rule|Species Clause: Limit one of each Pok\u00e9mon\n|rule|Gravity Sleep Clause: The combination of sleep-inducing moves with imperfect accuracy and Gravity or Gigantamax Orbeetle are banned\n|clearpoke\n|poke|p1|Ursaluna, M|\n|poke|p1|Cresselia, F|\n|poke|p1|Armarouge, F|\n|poke|p1|Indeedee-F, F|\n|poke|p1|Abomasnow, M|\n|poke|p1|Bronzong|\n|poke|p2|Armarouge, M|\n|poke|p2|Torkoal, M|\n|poke|p2|Incineroar, F|\n|poke|p2|Heatran, M|\n|poke|p2|Marowak-Alola-Totem, F|\n|poke|p2|Indeedee-F, F|\n|teampreview\n|inactive|Battle timer is ON: inactive players will automatically lose when time's up. (requested by enkelele)\n|inactive|fifier has 270 seconds left.\n|\n|t:|1695849156\n|start\n|switch|p1a: Bronzong|Bronzong|100\/100\n|switch|p1b: Abomasnow|Abomasnow, M|100\/100\n|switch|p2a: Torkoal|Torkoal, M|100\/100\n|switch|p2b: Indeedee|Indeedee-F, F|100\/100\n|-fieldstart|move: Psychic Terrain|[from] ability: Psychic Surge|[of] p2b: Indeedee\n|-weather|Snow|[from] ability: Snow Warning|[of] p1b: Abomasnow\n|-weather|SunnyDay|[from] ability: Drought|[of] p2a: Torkoal\n|turn|1\n|j| Aluh_opa\n|\n|t:|1695849175\n|move|p2b: Indeedee|Follow Me|p2b: Indeedee\n|-singleturn|p2b: Indeedee|move: Follow Me\n|move|p1b: Abomasnow|Aurora Veil||[still]\n|-fail|p1b: Abomasnow\n|move|p1a: Bronzong|Expanding Force|p2b: Indeedee|[spread] p2a,p2b\n|-resisted|p2b: Indeedee\n|-damage|p2a: Torkoal|58\/100\n|-damage|p2b: Indeedee|86\/100\n|move|p2a: Torkoal|Eruption|p1a: Bronzong|[spread] p1a,p1b\n|-supereffective|p1a: Bronzong\n|-supereffective|p1b: Abomasnow\n|-enditem|p1b: Abomasnow|Occa Berry|[eat]\n|-enditem|p1b: Abomasnow|Occa Berry|[weaken]\n|-damage|p1a: Bronzong|70\/100\n|-damage|p1b: Abomasnow|32\/100\n|\n|-weather|SunnyDay|[upkeep]\n|-heal|p1a: Bronzong|77\/100|[from] item: Leftovers\n|upkeep\n|turn|2\n|j| El_Gran_Wigglytuff\n|j| XMarcosPr710\n|l| Aluh_opa\n|\n|t:|1695849196\n|switch|p1b: Armarouge|Armarouge, F|100\/100\n|move|p2b: Indeedee|Helping Hand|p2a: Torkoal\n|-singleturn|p2a: Torkoal|Helping Hand|[of] p2b: Indeedee\n|move|p1a: Bronzong|Expanding Force|p2b: Indeedee|[spread] p2a,p2b\n|-resisted|p2b: Indeedee\n|-damage|p2a: Torkoal|15\/100\n|-damage|p2b: Indeedee|70\/100\n|move|p2a: Torkoal|Heat Wave|p1a: Bronzong|[spread] p1a\n|-start|p1b: Armarouge|ability: Flash Fire\n|-supereffective|p1a: Bronzong\n|-damage|p1a: Bronzong|23\/100\n|\n|-weather|SunnyDay|[upkeep]\n|-heal|p1a: Bronzong|29\/100|[from] item: Leftovers\n|upkeep\n|turn|3\n|j| Aluh_opa\n|\n|t:|1695849217\n|move|p2b: Indeedee|Dazzling Gleam|p1a: Bronzong|[spread] p1a,p1b\n|-resisted|p1a: Bronzong\n|-resisted|p1b: Armarouge\n|-damage|p1a: Bronzong|24\/100\n|-damage|p1b: Armarouge|92\/100\n|move|p1b: Armarouge|Armor Cannon|p2b: Indeedee\n|-damage|p2b: Indeedee|0 fnt\n|-unboost|p1b: Armarouge|def|1\n|-unboost|p1b: Armarouge|spd|1\n|faint|p2b: Indeedee\n|move|p1a: Bronzong|Expanding Force|p2a: Torkoal\n|-damage|p2a: Torkoal|0 fnt\n|faint|p2a: Torkoal\n|\n|-weather|SunnyDay|[upkeep]\n|-heal|p1a: Bronzong|30\/100|[from] item: Leftovers\n|upkeep\n|inactive|enkelele has 270 seconds left.\n|\n|t:|1695849238\n|switch|p2b: Marowak|Marowak-Alola-Totem, F|100\/100\n|switch|p2a: Armarouge|Armarouge, M|100\/100\n|turn|4\n|\n|t:|1695849255\n|move|p1a: Bronzong|Protect|p1a: Bronzong\n|-singleturn|p1a: Bronzong|Protect\n|move|p2a: Armarouge|Armor Cannon|p1a: Bronzong\n|-activate|p1a: Bronzong|move: Protect\n|move|p2b: Marowak|Bonemerang|p1b: Armarouge\n|-supereffective|p1b: Armarouge\n|-damage|p1b: Armarouge|21\/100\n|-supereffective|p1b: Armarouge\n|-damage|p1b: Armarouge|0 fnt\n|faint|p1b: Armarouge\n|-hitcount|p1: Armarouge|2\n|\n|-weather|SunnyDay|[upkeep]\n|-heal|p1a: Bronzong|36\/100|[from] item: Leftovers\n|upkeep\n|c| Aluh_opa|porqu\u00e9 marowak es tan grande? XD\n|\n|t:|1695849270\n|switch|p1b: Indeedee|Indeedee-F, F|100\/100\n|-enditem|p1b: Indeedee|Psychic Seed\n|-boost|p1b: Indeedee|spd|1|[from] item: Psychic Seed\n|turn|5\n|c|\u2606enkelele|es dominante wey sisisi\n|\n|t:|1695849292\n|move|p2a: Armarouge|Expanding Force|p1a: Bronzong|[spread] p1a,p1b\n|-resisted|p1a: Bronzong\n|-resisted|p1b: Indeedee\n|-damage|p1a: Bronzong|26\/100\n|-damage|p1b: Indeedee|86\/100\n|move|p2b: Marowak|Bonemerang|p1b: Indeedee\n|-damage|p1b: Indeedee|47\/100\n|-damage|p1b: Indeedee|7\/100\n|-hitcount|p1b: Indeedee|2\n|move|p1b: Indeedee|Trick Room|p1b: Indeedee\n|-fieldstart|move: Trick Room|[of] p1b: Indeedee\n|move|p1a: Bronzong|Trick Room|p1a: Bronzong\n|-fieldend|move: Trick Room\n|\n|-weather|none\n|-heal|p1a: Bronzong|32\/100|[from] item: Leftovers\n|-fieldend|move: Psychic Terrain\n|upkeep\n|turn|6\n|c|\u2606fifier|Missclick\n|c|\u2606fifier|Pipipi\n|c|\u2606enkelele|bruh\n|inactive|fifier has 270 seconds left.\n|c| Aluh_opa|skill isu\n|\n|t:|1695849329\n|-terastallize|p1a: Bronzong|Flying\n|move|p1b: Indeedee|Follow Me|p1b: Indeedee\n|-singleturn|p1b: Indeedee|move: Follow Me\n|move|p2a: Armarouge|Armor Cannon|p1b: Indeedee\n|-damage|p1b: Indeedee|0 fnt\n|-unboost|p2a: Armarouge|def|1\n|-unboost|p2a: Armarouge|spd|1\n|faint|p1b: Indeedee\n|move|p2b: Marowak|Shadow Bone|p1a: Bronzong\n|-damage|p1a: Bronzong|0 fnt\n|faint|p1a: Bronzong\n|\n|upkeep\n|c| XMarcosPr710|De hecho\n|\n|t:|1695849341\n|switch|p1b: Ursaluna|Ursaluna, M|100\/100\n|switch|p1a: Cresselia|Cresselia, F|100\/100\n|turn|7\n|c|\u2606fifier|Puta\n|c| XMarcosPr710|Dids como que armor cannon muy mal\n|inactive|fifier has 270 seconds left.\n|\n|t:|1695849356\n|move|p2a: Armarouge|Energy Ball|p1b: Ursaluna\n|-supereffective|p1b: Ursaluna\n|-damage|p1b: Ursaluna|47\/100\n|move|p1b: Ursaluna|Facade|p2a: Armarouge\n|-damage|p2a: Armarouge|46\/100\n|move|p2b: Marowak|Shadow Bone|p1a: Cresselia\n|-supereffective|p1a: Cresselia\n|-damage|p1a: Cresselia|3\/100\n|move|p1a: Cresselia|Trick Room|p1a: Cresselia\n|-fieldstart|move: Trick Room|[of] p1a: Cresselia\n|\n|-status|p1b: Ursaluna|brn|[from] item: Flame Orb\n|upkeep\n|turn|8\n|c|\u2606enkelele|uuufff\n|inactive|fifier has 270 seconds left.\n|l| Aluh_opa\n|\n|t:|1695849384\n|move|p2b: Marowak|Protect|p2b: Marowak\n|-singleturn|p2b: Marowak|Protect\n|move|p1b: Ursaluna|Facade|p2a: Armarouge\n|-damage|p2a: Armarouge|0 fnt\n|faint|p2a: Armarouge\n|move|p1a: Cresselia|Psychic|p2b: Marowak\n|-activate|p2b: Marowak|move: Protect\n|\n|-damage|p1b: Ursaluna|41\/100 brn|[from] brn\n|upkeep\n|\n|t:|1695849394\n|switch|p2a: Me toca|Incineroar, F|100\/100\n|-ability|p2a: Me toca|Intimidate|boost\n|-unboost|p1a: Cresselia|atk|1\n|-unboost|p1b: Ursaluna|atk|1\n|turn|9\n|\n|t:|1695849404\n|move|p1a: Cresselia|Helping Hand|p1b: Ursaluna\n|-singleturn|p1b: Ursaluna|Helping Hand|[of] p1a: Cresselia\n|move|p2a: Me toca|Fake Out|p1b: Ursaluna\n|-damage|p1b: Ursaluna|33\/100 brn\n|move|p2b: Marowak|Flare Blitz|p1a: Cresselia\n|-damage|p1a: Cresselia|0 fnt\n|faint|p1a: Cresselia\n|cant|p1b: Ursaluna|flinch\n|\n|-damage|p1b: Ursaluna|27\/100 brn|[from] brn\n|upkeep\n|c|\u2606fifier|Mi puta madre\n|c|\u2606fifier|Jugu\u00e9 horrible\n|\n|t:|1695849419\n|switch|p1a: Abomasnow|Abomasnow, M|32\/100\n|-weather|Snow|[from] ability: Snow Warning|[of] p1a: Abomasnow\n|turn|10\n|c| XMarcosPr710|No ve si eres malo picha\n|inactive|enkelele has 270 seconds left.\n|\n|t:|1695849449\n|-terastallize|p2b: Marowak|Ghost\n|move|p1a: Abomasnow|Protect|p1a: Abomasnow\n|-singleturn|p1a: Abomasnow|Protect\n|move|p2b: Marowak|Flare Blitz|p1b: Ursaluna\n|-damage|p1b: Ursaluna|0 fnt\n|faint|p1b: Ursaluna\n|move|p2a: Me toca|Darkest Lariat|p1a: Abomasnow\n|-activate|p1a: Abomasnow|move: Protect\n|\n|-weather|Snow|[upkeep]\n|upkeep\n|turn|11\n|c|\u2606enkelele|GG\n|l| El_Gran_Wigglytuff\n|j| Aluh_opa\n|c|\u2606enkelele|vas a hacer doble protect?\n|-message|fifier forfeited.\n|\n|win|enkelele\n|c|\u2606fifier|Forfeit xd\n|c|\u2606fifier|Ahora puedo planear m\u00e1s\n","uploadtime":1695849487,"views":7,"p1id":"fifier","p2id":"enkelele","formatid":"gen9nationaldexdoubles","rating":0,"private":0,"password":""}