{"id":"gen9nationaldexdoubles-1987159717","p1":"LilyLopears","p2":"Birdie-BBY","format":"[Gen 9] National Dex Doubles","log":"|j|\u2606LilyLopears\n|j|\u2606Birdie-BBY\n|t:|1699561050\n|gametype|doubles\n|player|p1|LilyLopears|acetrainersnowf|1169\n|player|p2|Birdie-BBY|veteranf|1232\n|teamsize|p1|6\n|teamsize|p2|6\n|gen|9\n|tier|[Gen 9] National Dex Doubles\n|rated|\n|rule|HP Percentage Mod: HP is shown in percentages\n|rule|Endless Battle Clause: Forcing endless battles is banned\n|rule|OHKO Clause: OHKO moves are banned\n|rule|Evasion Moves Clause: Evasion moves are banned\n|rule|Evasion Abilities Clause: Evasion abilities are banned\n|rule|Species Clause: Limit one of each Pok\u00e9mon\n|rule|Gravity Sleep Clause: The combination of sleep-inducing moves with imperfect accuracy and Gravity or Gigantamax Orbeetle are banned\n|clearpoke\n|poke|p1|Ninetales-Alola, M|\n|poke|p1|Sandslash-Alola, F|\n|poke|p1|Ursaluna-Bloodmoon, M|\n|poke|p1|Kommo-o, F|\n|poke|p1|Latios, M|\n|poke|p1|Incineroar, F|\n|poke|p2|Sandslash-Alola, F|\n|poke|p2|Abomasnow, M|\n|poke|p2|Darmanitan-Galar, M|\n|poke|p2|Ninetales-Alola, M|\n|poke|p2|Cetitan, M|\n|poke|p2|Rotom-Frost|\n|teampreview\n|c|\u2606LilyLopears|oh another snow team, hell yeah\n|c|\u2606LilyLopears|so much sun earlier lol\n|\n|t:|1699561095\n|start\n|switch|p1a: Sandslash|Sandslash-Alola, F|100\/100\n|switch|p1b: Meow :3|Incineroar, F|100\/100\n|switch|p2a: Abomasnow|Abomasnow, M, shiny|100\/100\n|switch|p2b: Cetitan|Cetitan, M, shiny|100\/100\n|-ability|p1b: Meow :3|Intimidate|boost\n|-unboost|p2a: Abomasnow|atk|1\n|-unboost|p2b: Cetitan|atk|1\n|-weather|Snow|[from] ability: Snow Warning|[of] p2a: Abomasnow\n|turn|1\n|\n|t:|1699561117\n|detailschange|p2a: Abomasnow|Abomasnow-Mega, M, shiny\n|-mega|p2a: Abomasnow|Abomasnow|Abomasite\n|-terastallize|p2b: Cetitan|Water\n|-terastallize|p1a: Sandslash|Ice\n|move|p2b: Cetitan|Liquidation|p1b: Meow :3\n|-supereffective|p1b: Meow :3\n|-damage|p1b: Meow :3|42\/100\n|move|p1a: Sandslash|Iron Head|p2b: Cetitan\n|-resisted|p2b: Cetitan\n|-damage|p2b: Cetitan|77\/100\n|-damage|p1a: Sandslash|91\/100|[from] item: Life Orb\n|move|p1b: Meow :3|Flare Blitz|p2a: Abomasnow\n|-supereffective|p2a: Abomasnow\n|-damage|p2a: Abomasnow|0 fnt\n|faint|p2a: Abomasnow\n|-damage|p1b: Meow :3|11\/100|[from] Recoil\n|\n|-weather|Snow|[upkeep]\n|upkeep\n|\n|t:|1699561138\n|switch|p2a: Rotom|Rotom-Frost|100\/100\n|turn|2\n|\n|t:|1699561161\n|switch|p1a: Ursaluna|Ursaluna-Bloodmoon, M|100\/100\n|move|p2a: Rotom|Helping Hand|p2b: Cetitan\n|-singleturn|p2b: Cetitan|Helping Hand|[of] p2a: Rotom\n|move|p2b: Cetitan|Earthquake|p1b: Meow :3|[spread] p1a,p1b\n|-immune|p2a: Rotom|[from] ability: Levitate\n|-supereffective|p1b: Meow :3\n|-damage|p1a: Ursaluna|84\/100\n|-damage|p1b: Meow :3|0 fnt\n|faint|p1b: Meow :3\n|\n|-weather|Snow|[upkeep]\n|upkeep\n|\n|t:|1699561180\n|switch|p1b: Kommo-o|Kommo-o, F|100\/100\n|turn|3\n|\n|t:|1699561196\n|move|p2b: Cetitan|Liquidation|p1b: Kommo-o\n|-resisted|p1b: Kommo-o\n|-damage|p1b: Kommo-o|86\/100\n|-unboost|p1b: Kommo-o|def|1\n|move|p2a: Rotom|Blizzard|p1a: Ursaluna|[spread] p1a,p1b\n|-supereffective|p1a: Ursaluna\n|-supereffective|p1b: Kommo-o\n|-damage|p1a: Ursaluna|0 fnt\n|-damage|p1b: Kommo-o|2\/100\n|faint|p1a: Ursaluna\n|-zpower|p1b: Kommo-o\n|move|p1b: Kommo-o|Clangorous Soulblaze|p2a: Rotom|[zeffect]|[spread] p2a,p2b\n|-damage|p2a: Rotom|27\/100\n|-damage|p2b: Cetitan|11\/100\n|-boost|p1b: Kommo-o|atk|1\n|-boost|p1b: Kommo-o|def|1\n|-boost|p1b: Kommo-o|spa|1\n|-boost|p1b: Kommo-o|spd|1\n|-boost|p1b: Kommo-o|spe|1\n|\n|-weather|Snow|[upkeep]\n|upkeep\n|\n|t:|1699561219\n|switch|p1a: Sandslash|Sandslash-Alola, F, tera:Ice|91\/100\n|turn|4\n|\n|t:|1699561234\n|move|p2b: Cetitan|Ice Shard|p1b: Kommo-o\n|-supereffective|p1b: Kommo-o\n|-damage|p1b: Kommo-o|0 fnt\n|faint|p1b: Kommo-o\n|move|p1a: Sandslash|Ice Shard|p2b: Cetitan\n|-resisted|p2b: Cetitan\n|-damage|p2b: Cetitan|0 fnt\n|faint|p2b: Cetitan\n|-damage|p1a: Sandslash|81\/100|[from] item: Life Orb\n|move|p2a: Rotom|Will-O-Wisp|p1a: Sandslash\n|-status|p1a: Sandslash|brn\n|\n|-weather|Snow|[upkeep]\n|-damage|p1a: Sandslash|75\/100 brn|[from] brn\n|upkeep\n|\n|t:|1699561257\n|switch|p1b: Latios|Latios, M|100\/100\n|switch|p2b: Darmanitan|Darmanitan-Galar, M|100\/100\n|turn|5\n|\n|t:|1699561279\n|detailschange|p1b: Latios|Latios-Mega, M\n|-mega|p1b: Latios|Latios|Latiosite\n|move|p2b: Darmanitan|Rock Slide|p1b: Latios|[spread] p1a,p1b\n|-supereffective|p1a: Sandslash\n|-damage|p1a: Sandslash|39\/100 brn\n|-damage|p1b: Latios|64\/100\n|move|p1b: Latios|Draco Meteor|p2b: Darmanitan\n|-damage|p2b: Darmanitan|0 fnt\n|-unboost|p1b: Latios|spa|2\n|faint|p2b: Darmanitan\n|move|p1a: Sandslash|Iron Head|p2a: Rotom\n|-damage|p2a: Rotom|4\/100\n|-damage|p1a: Sandslash|30\/100 brn|[from] item: Life Orb\n|move|p2a: Rotom|Blizzard|p1a: Sandslash|[spread] p1a,p1b\n|-resisted|p1a: Sandslash\n|-supereffective|p1b: Latios\n|-damage|p1a: Sandslash|4\/100 brn\n|-damage|p1b: Latios|0 fnt\n|faint|p1b: Latios\n|\n|-weather|none\n|-damage|p1a: Sandslash|0 fnt|[from] brn\n|faint|p1a: Sandslash\n|upkeep\n|\n|t:|1699561302\n|switch|p2b: Sandslash|Sandslash-Alola, F|100\/100\n|switch|p1a: Ninetales|Ninetales-Alola, M|100\/100\n|-weather|Snow|[from] ability: Snow Warning|[of] p1a: Ninetales\n|turn|6\n|\n|t:|1699561321\n|move|p2a: Rotom|Helping Hand|p2b: Sandslash\n|-singleturn|p2b: Sandslash|Helping Hand|[of] p2a: Rotom\n|move|p1a: Ninetales|Ice Shard|p2a: Rotom\n|-resisted|p2a: Rotom\n|-damage|p2a: Rotom|0 fnt\n|faint|p2a: Rotom\n|-zpower|p2b: Sandslash\n|move|p2b: Sandslash|All-Out Pummeling|p1a: Ninetales|[zeffect]\n|-damage|p1a: Ninetales|1\/100\n|\n|-weather|Snow|[upkeep]\n|upkeep\n|\n|t:|1699561335\n|switch|p2a: Ninetales|Ninetales-Alola, M, shiny|100\/100\n|turn|7\n|c|\u2606LilyLopears|welp, gg\n|\n|t:|1699561358\n|-singleturn|p2b: Sandslash|move: Focus Punch\n|move|p1a: Ninetales|Blizzard|p2a: Ninetales|[spread] p2a,p2b\n|-resisted|p2a: Ninetales\n|-resisted|p2b: Sandslash\n|-damage|p2a: Ninetales|82\/100\n|-damage|p2b: Sandslash|88\/100\n|move|p2a: Ninetales|Misty Terrain|p2a: Ninetales\n|-fieldstart|move: Misty Terrain\n|cant|p2b: Sandslash|Focus Punch|Focus Punch\n|\n|-weather|Snow|[upkeep]\n|upkeep\n|turn|8\n|c|\u2606LilyLopears|...huh\n|\n|t:|1699561390\n|move|p2b: Sandslash|Steel Roller|p1a: Ninetales\n|-supereffective|p1a: Ninetales\n|-crit|p1a: Ninetales\n|-damage|p1a: Ninetales|0 fnt\n|-fieldend|Misty Terrain\n|faint|p1a: Ninetales\n|\n|win|Birdie-BBY\n|raw|LilyLopears's rating: 1169 &rarr; <strong>1148<\/strong><br \/>(-21 for losing)\n|raw|Birdie-BBY's rating: 1232 &rarr; <strong>1253<\/strong><br \/>(+21 for winning)\n","uploadtime":1699561397,"views":7,"p1id":"lilylopears","p2id":"birdiebby","formatid":"gen9nationaldexdoubles","rating":1148,"private":0,"password":""}