{"id":"gen9nationaldexdoubles-1970685205","p1":"SaltyHunter123","p2":"Denvah_17","format":"[Gen 9] National Dex Doubles","log":"|j|\u2606SaltyHunter123\n|j|\u2606Denvah_17\n|t:|1697658089\n|gametype|doubles\n|player|p1|SaltyHunter123|169|1330\n|player|p2|Denvah_17|alder|1550\n|teamsize|p1|6\n|teamsize|p2|6\n|gen|9\n|tier|[Gen 9] National Dex Doubles\n|rated|\n|rule|HP Percentage Mod: HP is shown in percentages\n|rule|Endless Battle Clause: Forcing endless battles is banned\n|rule|OHKO Clause: OHKO moves are banned\n|rule|Evasion Moves Clause: Evasion moves are banned\n|rule|Evasion Abilities Clause: Evasion abilities are banned\n|rule|Species Clause: Limit one of each Pok\u00e9mon\n|rule|Gravity Sleep Clause: The combination of sleep-inducing moves with imperfect accuracy and Gravity or Gigantamax Orbeetle are banned\n|clearpoke\n|poke|p1|Slaking, F|\n|poke|p1|Weezing-Galar, M|\n|poke|p1|Ursaluna-Bloodmoon, M|\n|poke|p1|Landorus-Therian, M|\n|poke|p1|Dragonite, F|\n|poke|p1|Diancie|\n|poke|p2|Sinistcha-Masterpiece|\n|poke|p2|Diancie|\n|poke|p2|Okidogi, M|\n|poke|p2|Ursaluna-Bloodmoon, M|\n|poke|p2|Volcanion|\n|poke|p2|Golisopod, F|\n|teampreview\n|c|\u2606SaltyHunter123|GL HF\n|inactive|Battle timer is ON: inactive players will automatically lose when time's up. (requested by Denvah_17)\n|inactive|Denvah_17 has 120 seconds left.\n|\n|t:|1697658171\n|start\n|switch|p1a: Female Lady|Slaking, F, shiny|100\/100\n|switch|p1b: A.H|Weezing-Galar, M, shiny|100\/100\n|switch|p2a: Rihanna|Diancie, shiny|100\/100\n|switch|p2b: Freddy Fazbear|Ursaluna-Bloodmoon, M|100\/100\n|-ability|p1b: A.H|Neutralizing Gas\n|-item|p1b: A.H|Air Balloon\n|turn|1\n|\n|t:|1697658185\n|move|p1a: Female Lady|Earthquake|p2a: Rihanna|[spread] p2a,p2b\n|-immune|p1b: A.H\n|-supereffective|p2a: Rihanna\n|-damage|p2a: Rihanna|56\/100\n|-damage|p2b: Freddy Fazbear|78\/100\n|-enditem|p2a: Rihanna|Weakness Policy\n|-boost|p2a: Rihanna|atk|2|[from] item: Weakness Policy\n|-boost|p2a: Rihanna|spa|2|[from] item: Weakness Policy\n|move|p1b: A.H|Strange Steam|p2b: Freddy Fazbear\n|-damage|p2b: Freddy Fazbear|49\/100\n|move|p2b: Freddy Fazbear|Calm Mind|p2b: Freddy Fazbear\n|-boost|p2b: Freddy Fazbear|spa|1\n|-boost|p2b: Freddy Fazbear|spd|1\n|move|p2a: Rihanna|Trick Room|p2a: Rihanna\n|-fieldstart|move: Trick Room|[of] p2a: Rihanna\n|\n|-heal|p2b: Freddy Fazbear|55\/100|[from] item: Leftovers\n|upkeep\n|turn|2\n|\n|t:|1697658210\n|move|p2a: Rihanna|Diamond Storm|p1b: A.H|[spread] p1a,p1b\n|-damage|p1a: Female Lady|54\/100\n|-damage|p1b: A.H|62\/100\n|-enditem|p1b: A.H|Air Balloon\n|move|p2b: Freddy Fazbear|Hyper Voice|p1a: Female Lady|[spread] p1a,p1b\n|-damage|p1a: Female Lady|0 fnt\n|-damage|p1b: A.H|0 fnt\n|faint|p1a: Female Lady\n|faint|p1b: A.H\n|-end|p1b: A.H|ability: Neutralizing Gas\n|\n|-heal|p2b: Freddy Fazbear|61\/100|[from] item: Leftovers\n|upkeep\n|\n|t:|1697658236\n|switch|p1b: Spoiled Princess|Diancie|100\/100\n|switch|p1a: Political Corret|Ursaluna-Bloodmoon, M|100\/100\n|turn|3\n|inactive|Denvah_17 has 120 seconds left.\n|\n|t:|1697658287\n|detailschange|p1b: Spoiled Princess|Diancie-Mega\n|-mega|p1b: Spoiled Princess|Diancie|Diancite\n|-terastallize|p2a: Rihanna|Ground\n|move|p2a: Rihanna|Earth Power|p1b: Spoiled Princess\n|-supereffective|p1b: Spoiled Princess\n|-damage|p1b: Spoiled Princess|0 fnt\n|faint|p1b: Spoiled Princess\n|move|p2b: Freddy Fazbear|Earth Power|p1a: Political Corret\n|-damage|p1a: Political Corret|46\/100\n|move|p1a: Political Corret|Blood Moon|p2b: Freddy Fazbear\n|-damage|p2b: Freddy Fazbear|0 fnt\n|faint|p2b: Freddy Fazbear\n|\n|upkeep\n|inactive|Denvah_17 has 120 seconds left.\n|\n|t:|1697658312\n|switch|p2b: NowThisIsPodRacing|Golisopod, F|100\/100\n|switch|p1b: Green Power|Dragonite, F, shiny|100\/100\n|turn|4\n|inactive|Denvah_17 has 120 seconds left.\n|\n|t:|1697658327\n|move|p2b: NowThisIsPodRacing|First Impression|p1b: Green Power\n|-resisted|p1b: Green Power\n|-damage|p1b: Green Power|82\/100\n|-damage|p2b: NowThisIsPodRacing|91\/100|[from] item: Life Orb\n|move|p2a: Rihanna|Dazzling Gleam|p1b: Green Power|[spread] p1a,p1b\n|-supereffective|p1b: Green Power\n|-crit|p1b: Green Power\n|-damage|p1a: Political Corret|14\/100\n|-damage|p1b: Green Power|0 fnt\n|faint|p1b: Green Power\n|move|p1a: Political Corret|Earth Power|p2a: Rihanna\n|-damage|p2a: Rihanna|16\/100\n|\n|upkeep\n|\n|t:|1697658332\n|switch|p1b: Angry|Landorus-Therian, M, shiny|100\/100\n|-ability|p1b: Angry|Intimidate|boost\n|-fail|p2a: Rihanna|unboost|[from] ability: Clear Body|[of] p2a: Rihanna\n|-unboost|p2b: NowThisIsPodRacing|atk|1\n|turn|5\n|\n|t:|1697658345\n|-terastallize|p1b: Angry|Ground\n|move|p2b: NowThisIsPodRacing|Aqua Jet|p1a: Political Corret\n|-supereffective|p1a: Political Corret\n|-damage|p1a: Political Corret|0 fnt\n|faint|p1a: Political Corret\n|-damage|p2b: NowThisIsPodRacing|81\/100|[from] item: Life Orb\n|move|p2a: Rihanna|Dazzling Gleam|p1b: Angry\n|-damage|p1b: Angry|28\/100\n|move|p1b: Angry|Earthquake|p2a: Rihanna|[spread] p2a,p2b\n|-resisted|p2b: NowThisIsPodRacing\n|-damage|p2a: Rihanna|0 fnt\n|-damage|p2b: NowThisIsPodRacing|61\/100\n|faint|p2a: Rihanna\n|\n|-fieldend|move: Trick Room\n|upkeep\n|-message|SaltyHunter123 forfeited.\n|\n|win|Denvah_17\n|raw|SaltyHunter123's rating: 1330 &rarr; <strong>1321<\/strong><br \/>(-9 for losing)\n|raw|Denvah_17's rating: 1550 &rarr; <strong>1559<\/strong><br \/>(+9 for winning)\n|l|\u2606SaltyHunter123\n|l|\u2606Denvah_17\n|j|\u2606Denvah_17\n|player|p2|Denvah_17|alder\n","uploadtime":1697658368,"views":4,"p1id":"saltyhunter123","p2id":"denvah17","formatid":"gen9nationaldexdoubles","rating":1321,"private":0,"password":""}