{"id":"gen9nationaldexdoubles-1996874161","p1":"ToastSlayer","p2":"Qapi","format":"[Gen 9] National Dex Doubles","log":"|j|\u2606ToastSlayer\n|j|\u2606Qapi\n|t:|1700738685\n|gametype|doubles\n|player|p1|ToastSlayer|plasmagruntf|\n|player|p2|Qapi|pokemaniac|\n|teamsize|p1|6\n|teamsize|p2|6\n|gen|9\n|tier|[Gen 9] National Dex Doubles\n|rule|HP Percentage Mod: HP is shown in percentages\n|rule|Endless Battle Clause: Forcing endless battles is banned\n|rule|OHKO Clause: OHKO moves are banned\n|rule|Evasion Moves Clause: Evasion moves are banned\n|rule|Evasion Abilities Clause: Evasion abilities are banned\n|rule|Species Clause: Limit one of each Pok\u00e9mon\n|rule|Gravity Sleep Clause: The combination of sleep-inducing moves with imperfect accuracy and Gravity or Gigantamax Orbeetle are banned\n|clearpoke\n|poke|p1|Ogerpon-Cornerstone, F|\n|poke|p1|Tapu Lele|\n|poke|p1|Aerodactyl, F|\n|poke|p1|Hitmontop, L85, M|\n|poke|p1|Scovillain, M|\n|poke|p1|Leafeon, M|\n|poke|p2|Farigiraf, M|\n|poke|p2|Talonflame, M|\n|poke|p2|Brambleghast, F|\n|poke|p2|Regigigas|\n|poke|p2|Conkeldurr, M|\n|poke|p2|Weezing-Galar, M|\n|teampreview\n|inactive|Battle timer is ON: inactive players will automatically lose when time's up. (requested by ToastSlayer)\n|c|\u2606ToastSlayer|Alright, let's go!!\n|c|\u2606ToastSlayer|Hopefully, I.. win. XD\n|inactive|Qapi has 270 seconds left.\n|c|\u2606Qapi|Toasty\n|c|\u2606Qapi|Hitmontop is level 85\n|c|\u2606ToastSlayer|I'm quite aware, lmao.\n|inactive|Qapi has 240 seconds left.\n|c|\u2606Qapi|Is it allowed?\n|c|\u2606ToastSlayer|I mean, it's in Showdown and it's not diallowed\n|c|\u2606ToastSlayer|disallowed*\n|inactive|Qapi has 210 seconds left.\n|c|\u2606ToastSlayer|Nobody said whether or not Mamoswine is legal, but.\n|inactive|Qapi has 180 seconds left.\n|inactive|Qapi has 150 seconds left.\n|inactive|Qapi has 120 seconds left.\n|\n|t:|1700738868\n|start\n|switch|p1a: Tapu Lele|Tapu Lele|100\/100\n|switch|p1b: Aerodactyl|Aerodactyl, F|100\/100\n|switch|p2a: Talonflame|Talonflame, M|100\/100\n|switch|p2b: Brambleghast|Brambleghast, F|100\/100\n|-ability|p1b: Aerodactyl|Unnerve\n|-fieldstart|move: Psychic Terrain|[from] ability: Psychic Surge|[of] p1a: Tapu Lele\n|turn|1\n|c|\u2606Qapi|Fair\n|inactive|ToastSlayer has 270 seconds left.\n|\n|t:|1700738901\n|move|p2a: Talonflame|Tailwind|p2a: Talonflame\n|-sidestart|p2: Qapi|move: Tailwind\n|-ability|p2b: Brambleghast|Wind Rider|boost\n|-boost|p2b: Brambleghast|atk|1\n|move|p2b: Brambleghast|Poltergeist|p1a: Tapu Lele\n|-activate|p1a: Tapu Lele|move: Poltergeist|Tapunium Z\n|-supereffective|p1a: Tapu Lele\n|-damage|p1a: Tapu Lele|0 fnt\n|faint|p1a: Tapu Lele\n|move|p1b: Aerodactyl|Rock Blast|p2a: Talonflame\n|-supereffective|p2a: Talonflame\n|-damage|p2a: Talonflame|24\/100\n|-supereffective|p2a: Talonflame\n|-damage|p2a: Talonflame|0 fnt\n|faint|p2a: Talonflame\n|-hitcount|p2: Talonflame|2\n|\n|upkeep\n|c|\u2606Qapi|I asked just in case\n|inactive|Qapi has 210 seconds left.\n|\n|t:|1700738930\n|switch|p2a: Conkeldurr|Conkeldurr, M|100\/100\n|switch|p1a: Scovillain|Scovillain, M|100\/100\n|turn|2\n|\n|t:|1700738941\n|move|p2a: Conkeldurr|Protect|p2a: Conkeldurr\n|-singleturn|p2a: Conkeldurr|Protect\n|move|p2b: Brambleghast|Poltergeist|p1b: Aerodactyl\n|-activate|p1b: Aerodactyl|move: Poltergeist|Loaded Dice\n|-damage|p1b: Aerodactyl|0 fnt\n|faint|p1b: Aerodactyl\n|move|p1a: Scovillain|Flamethrower|p2b: Brambleghast\n|-supereffective|p2b: Brambleghast\n|-enditem|p2b: Brambleghast|Focus Sash\n|-damage|p2b: Brambleghast|1\/100\n|-damage|p1a: Scovillain|91\/100|[from] item: Life Orb\n|\n|-status|p2a: Conkeldurr|brn|[from] item: Flame Orb\n|upkeep\n|\n|t:|1700738947\n|switch|p1b: Hitmontop|Hitmontop, L85, M|100\/100\n|-ability|p1b: Hitmontop|Intimidate|boost\n|-unboost|p2a: Conkeldurr|atk|1\n|-unboost|p2b: Brambleghast|atk|1\n|turn|3\n|inactive|Qapi has 240 seconds left.\n|\n|t:|1700738964\n|switch|p1a: Leafeon|Leafeon, M|100\/100\n|move|p2a: Conkeldurr|Mach Punch|p1a: Leafeon\n|-activate|p1a: Leafeon|move: Psychic Terrain\n|move|p2b: Brambleghast|Poltergeist|p1a: Leafeon\n|-activate|p1a: Leafeon|move: Poltergeist|Heat Rock\n|-damage|p1a: Leafeon|46\/100\n|move|p1b: Hitmontop|Rock Slide|p2a: Conkeldurr|[spread] p2a\n|-miss|p1b: Hitmontop|p2b: Brambleghast\n|-resisted|p2a: Conkeldurr\n|-damage|p2a: Conkeldurr|95\/100 brn\n|\n|-damage|p2a: Conkeldurr|89\/100 brn|[from] brn\n|upkeep\n|turn|4\n|\n|t:|1700738984\n|move|p2a: Conkeldurr|Protect|p2a: Conkeldurr\n|-singleturn|p2a: Conkeldurr|Protect\n|move|p2b: Brambleghast|Poltergeist|p1a: Leafeon\n|-activate|p1a: Leafeon|move: Poltergeist|Heat Rock\n|-damage|p1a: Leafeon|0 fnt\n|faint|p1a: Leafeon\n|move|p1b: Hitmontop|Rock Slide|p2a: Conkeldurr|[spread] p2b\n|-activate|p2a: Conkeldurr|move: Protect\n|-damage|p2b: Brambleghast|0 fnt\n|faint|p2b: Brambleghast\n|\n|-damage|p2a: Conkeldurr|83\/100 brn|[from] brn\n|-sideend|p2: Qapi|move: Tailwind\n|upkeep\n|inactive|Qapi has 270 seconds left.\n|c|\u2606ToastSlayer|I think I still have what I need left.\n|\n|t:|1700739009\n|switch|p1a: Scovillain|Scovillain, M|91\/100\n|switch|p2b: Regigigas|Regigigas|100\/100\n|-start|p2b: Regigigas|ability: Slow Start\n|turn|5\n|\n|t:|1700739024\n|switch|p2a: Weezing|Weezing-Galar, M|100\/100\n|-ability|p2a: Weezing|Neutralizing Gas\n|-end|p2b: Regigigas|Slow Start|[silent]\n|move|p2b: Regigigas|Return|p1b: Hitmontop\n|-damage|p1b: Hitmontop|0 fnt\n|faint|p1b: Hitmontop\n|-damage|p2b: Regigigas|91\/100|[from] item: Life Orb\n|move|p1a: Scovillain|Overheat|p2a: Weezing\n|-damage|p2a: Weezing|0 fnt\n|-unboost|p1a: Scovillain|spa|2\n|faint|p2a: Weezing\n|-end|p2a: Weezing|ability: Neutralizing Gas\n|-start|p2b: Regigigas|ability: Slow Start\n|-damage|p1a: Scovillain|81\/100|[from] item: Life Orb\n|\n|-fieldend|move: Psychic Terrain\n|upkeep\n|\n|t:|1700739039\n|switch|p2a: Farigiraf|Farigiraf, M|100\/100\n|switch|p1b: Ogerpon|Ogerpon-Cornerstone, F|100\/100\n|turn|6\n|c|\u2606ToastSlayer|Well, that sucks.\n|\n|t:|1700739052\n|move|p1b: Ogerpon|Ivy Cudgel|p2a: Farigiraf|[anim] Ivy Cudgel Rock\n|-damage|p2a: Farigiraf|41\/100\n|move|p1a: Scovillain|Flamethrower|p2a: Farigiraf\n|-damage|p2a: Farigiraf|12\/100\n|-damage|p1a: Scovillain|71\/100|[from] item: Life Orb\n|move|p2b: Regigigas|Drain Punch|p1b: Ogerpon\n|-supereffective|p1b: Ogerpon\n|-damage|p1b: Ogerpon|50\/100\n|-heal|p2b: Regigigas|100\/100|[from] drain|[of] p1b: Ogerpon\n|-damage|p2b: Regigigas|91\/100|[from] item: Life Orb\n|move|p2a: Farigiraf|Trick Room|p2a: Farigiraf\n|-fieldstart|move: Trick Room|[of] p2a: Farigiraf\n|\n|upkeep\n|turn|7\n|c|\u2606ToastSlayer|Ugh, needed a crit...\n|\n|t:|1700739072\n|move|p1b: Ogerpon|Spiky Shield|p1b: Ogerpon\n|-singleturn|p1b: Ogerpon|move: Protect\n|move|p2a: Farigiraf|Dazzling Gleam|p1b: Ogerpon|[spread] p1a\n|-activate|p1b: Ogerpon|move: Protect\n|-resisted|p1a: Scovillain\n|-damage|p1a: Scovillain|53\/100\n|move|p2b: Regigigas|Return|p1a: Scovillain\n|-damage|p1a: Scovillain|0 fnt\n|faint|p1a: Scovillain\n|-damage|p2b: Regigigas|81\/100|[from] item: Life Orb\n|\n|upkeep\n|turn|8\n|c|\u2606Qapi|gg\n|c|\u2606ToastSlayer|No, I'm just an idiot? Okay. XD\n|c|\u2606ToastSlayer|I don't know why I keep coming here confidently, lmao.\n|inactive|ToastSlayer has 270 seconds left.\n|c|\u2606ToastSlayer|Good game!\n|\n|t:|1700739108\n|move|p2a: Farigiraf|Dazzling Gleam|p1b: Ogerpon\n|-crit|p1b: Ogerpon\n|-damage|p1b: Ogerpon|2\/100\n|move|p2b: Regigigas|Drain Punch|p1b: Ogerpon\n|-supereffective|p1b: Ogerpon\n|-damage|p1b: Ogerpon|0 fnt\n|-heal|p2b: Regigigas|81\/100|[from] drain|[of] p1b: Ogerpon\n|faint|p1b: Ogerpon\n|-damage|p2b: Regigigas|71\/100|[from] item: Life Orb\n|\n|win|Qapi\n|l|\u2606ToastSlayer\n|c|\u2606Qapi|Well played\n","uploadtime":1700739129,"views":9,"p1id":"toastslayer","p2id":"qapi","formatid":"gen9nationaldexdoubles","rating":0,"private":0,"password":""}