{"id":"gen9nationaldexdoubles-1955500483","p1":"wu liao de lan gou","p2":"Lv. 21XX","format":"[Gen 9] National Dex Doubles","log":"|j|\u2606wu liao de lan gou\n|j|\u2606Lv. 21XX\n|t:|1696003094\n|gametype|doubles\n|player|p1|wu liao de lan gou|marnie|1384\n|player|p2|Lv. 21XX|169|1399\n|teamsize|p1|6\n|teamsize|p2|6\n|gen|9\n|tier|[Gen 9] National Dex Doubles\n|rated|\n|rule|HP Percentage Mod: HP is shown in percentages\n|rule|Endless Battle Clause: Forcing endless battles is banned\n|rule|OHKO Clause: OHKO moves are banned\n|rule|Evasion Moves Clause: Evasion moves are banned\n|rule|Evasion Abilities Clause: Evasion abilities are banned\n|rule|Species Clause: Limit one of each Pok\u00e9mon\n|rule|Gravity Sleep Clause: The combination of sleep-inducing moves with imperfect accuracy and Gravity or Gigantamax Orbeetle are banned\n|clearpoke\n|poke|p1|Salamence, M|\n|poke|p1|Volcanion|\n|poke|p1|Sinistcha|\n|poke|p1|Cresselia, F|\n|poke|p1|Tornadus, M|\n|poke|p1|Gallade, M|\n|poke|p2|Zygarde|\n|poke|p2|Blastoise, F|\n|poke|p2|Jirachi|\n|poke|p2|Tornadus, M|\n|poke|p2|Ogerpon-Hearthflame, F|\n|poke|p2|Zamazenta-*|\n|teampreview\n|inactive|Battle timer is ON: inactive players will automatically lose when time's up. (requested by wu liao de lan gou)\n|\n|t:|1696003131\n|start\n|switch|p1a: Cresselia|Cresselia, F|100\/100\n|switch|p1b: Volcanion|Volcanion|100\/100\n|switch|p2a: Blastoise|Blastoise, F|100\/100\n|switch|p2b: Jirachi|Jirachi|100\/100\n|turn|1\n|\n|t:|1696003156\n|switch|p1a: Sinistcha|Sinistcha|100\/100\n|detailschange|p2a: Blastoise|Blastoise-Mega, F\n|-mega|p2a: Blastoise|Blastoise|Blastoisinite\n|move|p2a: Blastoise|Shell Smash|p2a: Blastoise\n|-unboost|p2a: Blastoise|def|1\n|-unboost|p2a: Blastoise|spd|1\n|-boost|p2a: Blastoise|atk|2\n|-boost|p2a: Blastoise|spa|2\n|-boost|p2a: Blastoise|spe|2\n|move|p2b: Jirachi|Dazzling Gleam|p1a: Sinistcha|[spread] p1a,p1b\n|-resisted|p1b: Volcanion\n|-damage|p1a: Sinistcha|86\/100\n|-damage|p1b: Volcanion|95\/100\n|move|p1b: Volcanion|Heat Wave|p2a: Blastoise|[spread] p2a,p2b\n|-resisted|p2a: Blastoise\n|-supereffective|p2b: Jirachi\n|-damage|p2a: Blastoise|70\/100\n|-damage|p2b: Jirachi|38\/100\n|\n|-heal|p1a: Sinistcha|92\/100|[from] item: Leftovers\n|upkeep\n|turn|2\n|\n|t:|1696003178\n|move|p2a: Blastoise|Ice Beam|p1a: Sinistcha\n|-supereffective|p1a: Sinistcha\n|-crit|p1a: Sinistcha\n|-damage|p1a: Sinistcha|0 fnt\n|faint|p1a: Sinistcha\n|move|p2b: Jirachi|Doom Desire|p1b: Volcanion\n|-start|p2b: Jirachi|Doom Desire\n|move|p1b: Volcanion|Heat Wave|p2a: Blastoise|[spread] p2a\n|-miss|p1b: Volcanion|p2b: Jirachi\n|-resisted|p2a: Blastoise\n|-damage|p2a: Blastoise|37\/100\n|\n|upkeep\n|\n|t:|1696003191\n|switch|p1a: Tornadus|Tornadus, M|100\/100\n|turn|3\n|inactive|Lv. 21XX has 120 seconds left.\n|\n|t:|1696003235\n|move|p1a: Tornadus|Tailwind|p1a: Tornadus\n|-sidestart|p1: wu liao de lan gou|move: Tailwind\n|move|p2a: Blastoise|Ice Beam|p1a: Tornadus\n|-supereffective|p1a: Tornadus\n|-damage|p1a: Tornadus|0 fnt\n|faint|p1a: Tornadus\n|move|p1b: Volcanion|Earth Power|p2a: Blastoise\n|-crit|p2a: Blastoise\n|-damage|p2a: Blastoise|0 fnt\n|faint|p2a: Blastoise\n|move|p2b: Jirachi|Wish|p2b: Jirachi\n|\n|upkeep\n|inactive|Lv. 21XX has 120 seconds left.\n|\n|t:|1696003269\n|switch|p1a: Gallade|Gallade, M|100\/100\n|switch|p2a: Zygarde|Zygarde|100\/100\n|-ability|p2a: Zygarde|Aura Break\n|turn|4\n|inactive|Lv. 21XX has 120 seconds left.\n|\n|t:|1696003289\n|move|p1a: Gallade|Sacred Sword|p2a: Zygarde\n|-damage|p2a: Zygarde|23\/100\n|-damage|p1a: Gallade|91\/100|[from] item: Life Orb\n|move|p1b: Volcanion|Heat Wave|p2a: Zygarde|[spread] p2a,p2b\n|-resisted|p2a: Zygarde\n|-supereffective|p2b: Jirachi\n|-damage|p2a: Zygarde|9\/100\n|-damage|p2b: Jirachi|0 fnt\n|faint|p2b: Jirachi\n|move|p2a: Zygarde|Thousand Arrows|p1a: Gallade|[spread] p1a,p1b\n|-supereffective|p1b: Volcanion\n|-damage|p1a: Gallade|44\/100\n|-damage|p1b: Volcanion|45\/100\n|\n|-end|p1b: Volcanion|move: Doom Desire\n|-resisted|p1b: Volcanion\n|-damage|p1b: Volcanion|36\/100\n|upkeep\n|\n|t:|1696003296\n|switch|p2b: Tornadus|Tornadus, M, shiny|100\/100\n|turn|5\n|\n|t:|1696003315\n|move|p2b: Tornadus|Tailwind|p2b: Tornadus\n|-sidestart|p2: Lv. 21XX|move: Tailwind\n|move|p2a: Zygarde|Thousand Arrows|p1b: Volcanion|[spread] p1a,p1b\n|-supereffective|p1b: Volcanion\n|-damage|p1a: Gallade|0 fnt\n|-damage|p1b: Volcanion|0 fnt\n|faint|p1a: Gallade\n|faint|p1b: Volcanion\n|\n|upkeep\n|\n|t:|1696003318\n|switch|p1a: Cresselia|Cresselia, F|100\/100\n|switch|p1b: Salamence|Salamence, M|100\/100\n|-ability|p1b: Salamence|Intimidate|boost\n|-unboost|p2a: Zygarde|atk|1\n|-unboost|p2b: Tornadus|atk|1\n|turn|6\n|inactive|Lv. 21XX has 120 seconds left.\n|\n|t:|1696003356\n|detailschange|p1b: Salamence|Salamence-Mega, M\n|-mega|p1b: Salamence|Salamence|Salamencite\n|move|p2b: Tornadus|Taunt|p1a: Cresselia\n|-start|p1a: Cresselia|move: Taunt\n|move|p1b: Salamence|Dragon Dance|p1b: Salamence\n|-boost|p1b: Salamence|atk|1\n|-boost|p1b: Salamence|spe|1\n|move|p2a: Zygarde|Outrage|p1a: Cresselia\n|-damage|p1a: Cresselia|81\/100\n|-damage|p2a: Zygarde|0 fnt|[from] item: Rocky Helmet|[of] p1a: Cresselia\n|faint|p2a: Zygarde\n|move|p1a: Cresselia|Moonblast|p2b: Tornadus\n|-damage|p2b: Tornadus|79\/100\n|\n|-sideend|p1: wu liao de lan gou|move: Tailwind\n|upkeep\n|\n|t:|1696003373\n|switch|p2a: Ogerpon|Ogerpon-Hearthflame, F|100\/100\n|-ability|p2a: Ogerpon|Mold Breaker\n|turn|7\n|\n|t:|1696003381\n|-terastallize|p2a: Ogerpon|Fire\n|detailschange|p2a: Ogerpon|Ogerpon-Hearthflame-Tera, F, tera:Fire\n|-ability|p2a: Ogerpon|Embody Aspect (Hearthflame)|boost\n|-boost|p2a: Ogerpon|atk|1\n|move|p2b: Tornadus|Taunt|p1b: Salamence\n|-start|p1b: Salamence|move: Taunt\n|move|p2a: Ogerpon|Ivy Cudgel|p1b: Salamence\n|-resisted|p1b: Salamence\n|-damage|p1b: Salamence|53\/100\n|move|p1b: Salamence|Double-Edge|p2a: Ogerpon\n|-damage|p2a: Ogerpon|0 fnt\n|faint|p2a: Ogerpon\n|-damage|p1b: Salamence|25\/100|[from] Recoil\n|move|p1a: Cresselia|Moonblast|p2b: Tornadus\n|-damage|p2b: Tornadus|59\/100\n|\n|upkeep\n|inactive|Lv. 21XX has 120 seconds left.\n|\n|t:|1696003393\n|switch|p2a: Zamazenta|Zamazenta|100\/100\n|-ability|p2a: Zamazenta|Dauntless Shield|boost\n|-boost|p2a: Zamazenta|def|1\n|turn|8\n|inactive|Lv. 21XX has 120 seconds left.\n|\n|t:|1696003424\n|-terastallize|p1a: Cresselia|Fairy\n|move|p2a: Zamazenta|Crunch|p1b: Salamence\n|-damage|p1b: Salamence|5\/100\n|move|p2b: Tornadus|Dark Pulse|p1a: Cresselia\n|-resisted|p1a: Cresselia\n|-damage|p1a: Cresselia|73\/100\n|move|p1b: Salamence|Double-Edge|p2a: Zamazenta\n|-supereffective|p2a: Zamazenta\n|-damage|p2a: Zamazenta|0 fnt\n|faint|p2a: Zamazenta\n|-damage|p1b: Salamence|0 fnt|[from] Recoil\n|faint|p1b: Salamence\n|move|p1a: Cresselia|Moonblast|p2b: Tornadus\n|-damage|p2b: Tornadus|28\/100\n|\n|-end|p1a: Cresselia|move: Taunt\n|-sideend|p2: Lv. 21XX|move: Tailwind\n|upkeep\n|turn|9\n|\n|t:|1696003442\n|move|p2b: Tornadus|Bleakwind Storm|p1a: Cresselia\n|-damage|p1a: Cresselia|43\/100\n|move|p1a: Cresselia|Moonblast|p2b: Tornadus\n|-damage|p2b: Tornadus|0 fnt\n|faint|p2b: Tornadus\n|\n|win|wu liao de lan gou\n|raw|wu liao de lan gou's rating: 1384 &rarr; <strong>1405<\/strong><br \/>(+21 for winning)\n|raw|Lv. 21XX's rating: 1399 &rarr; <strong>1378<\/strong><br \/>(-21 for losing)\n","uploadtime":1696003458,"views":6,"p1id":"wuliaodelangou","p2id":"lv21xx","formatid":"gen9nationaldexdoubles","rating":1378,"private":0,"password":""}