{"id":"gen9nationaldexdoubles-1994320153","p1":"DazzlingBrilliance","p2":"SYGabenna","format":"[Gen 9] National Dex Doubles","log":"|j|\u2606DazzlingBrilliance\n|j|\u2606SYGabenna\n|t:|1700430740\n|gametype|doubles\n|player|p1|DazzlingBrilliance|striker|1078\n|player|p2|SYGabenna|idol|1050\n|teamsize|p1|6\n|teamsize|p2|6\n|gen|9\n|tier|[Gen 9] National Dex Doubles\n|rated|\n|rule|HP Percentage Mod: HP is shown in percentages\n|rule|Endless Battle Clause: Forcing endless battles is banned\n|rule|OHKO Clause: OHKO moves are banned\n|rule|Evasion Moves Clause: Evasion moves are banned\n|rule|Evasion Abilities Clause: Evasion abilities are banned\n|rule|Species Clause: Limit one of each Pok\u00e9mon\n|rule|Gravity Sleep Clause: The combination of sleep-inducing moves with imperfect accuracy and Gravity or Gigantamax Orbeetle are banned\n|clearpoke\n|poke|p1|Blissey, F|\n|poke|p1|Eldegoss, M|\n|poke|p1|Golduck, M|\n|poke|p1|Dodrio, M|\n|poke|p1|Hitmonchan, M|\n|poke|p1|Chandelure, M|\n|poke|p2|Delphox, F|\n|poke|p2|Goodra, M|\n|poke|p2|Furfrou-Pharaoh, F|\n|poke|p2|Aurorus, F|\n|poke|p2|Florges, F|\n|poke|p2|Blastoise, M|\n|teampreview\n|inactive|Battle timer is ON: inactive players will automatically lose when time's up. (requested by DazzlingBrilliance)\n|inactiveoff|Battle timer is now OFF.\n|c|\u2606DazzlingBrilliance|Lets go\n|inactive|Battle timer is ON: inactive players will automatically lose when time's up. (requested by DazzlingBrilliance)\n|inactive|SYGabenna has 120 seconds left.\n|inactive|SYGabenna has 90 seconds left.\n|\n|t:|1700430925\n|start\n|switch|p1a: Dodrio|Dodrio, M, shiny|100\/100\n|switch|p1b: Blissey|Blissey, F, shiny|100\/100\n|switch|p2a: Aemon|Goodra, M|100\/100\n|switch|p2b: Leonardo|Blastoise, M|100\/100\n|turn|1\n|inactive|SYGabenna has 90 seconds left.\n|inactive|DazzlingBrilliance has 120 seconds left.\n|inactive|DazzlingBrilliance has 90 seconds left.\n|inactiveoff|Battle timer is now OFF.\n|\n|t:|1700431005\n|move|p1a: Dodrio|Acupressure|p1b: Blissey\n|-boost|p1b: Blissey|spe|2\n|move|p1b: Blissey|Mud-Slap|p2b: Leonardo\n|-damage|p2b: Leonardo|97\/100\n|-unboost|p2b: Leonardo|accuracy|1\n|move|p2a: Aemon|Rain Dance|p2a: Aemon\n|-weather|RainDance\n|move|p2b: Leonardo|Aqua Ring|p2b: Leonardo\n|-start|p2b: Leonardo|Aqua Ring\n|\n|-weather|RainDance|[upkeep]\n|-heal|p2b: Leonardo|100\/100|[from] Aqua Ring\n|upkeep\n|turn|2\n|\n|t:|1700431034\n|switch|p1a: Eldegoss|Eldegoss, M, shiny|100\/100\n|switch|p2b: Aurora|Aurorus, F|100\/100\n|move|p1b: Blissey|Charge Beam|p2b: Aurora\n|-damage|p2b: Aurora|93\/100\n|-boost|p1b: Blissey|spa|1\n|move|p2a: Aemon|Thunderbolt|p1a: Eldegoss\n|-resisted|p1a: Eldegoss\n|-damage|p1a: Eldegoss|87\/100\n|\n|-weather|RainDance|[upkeep]\n|-heal|p1a: Eldegoss|93\/100|[from] item: Leftovers\n|upkeep\n|turn|3\n|\n|t:|1700431062\n|move|p1b: Blissey|Mud-Slap|p2b: Aurora\n|-supereffective|p2b: Aurora\n|-damage|p2b: Aurora|83\/100\n|-unboost|p2b: Aurora|accuracy|1\n|move|p2a: Aemon|Weather Ball|p1b: Blissey\n|-damage|p1b: Blissey|82\/100\n|move|p1a: Eldegoss|Sleep Powder|p2b: Aurora\n|-status|p2b: Aurora|slp|[from] move: Sleep Powder\n|cant|p2b: Aurora|slp\n|\n|-weather|RainDance|[upkeep]\n|-heal|p1b: Blissey|88\/100|[from] item: Leftovers\n|-heal|p1a: Eldegoss|99\/100|[from] item: Leftovers\n|upkeep\n|turn|4\n|\n|t:|1700431084\n|move|p1b: Blissey|Charge Beam|p2a: Aemon\n|-resisted|p2a: Aemon\n|-damage|p2a: Aemon|95\/100\n|-boost|p1b: Blissey|spa|1\n|move|p2a: Aemon|Dragon Pulse|p1b: Blissey\n|-damage|p1b: Blissey|72\/100\n|move|p1a: Eldegoss|Leech Seed|p2b: Aurora\n|-start|p2b: Aurora|move: Leech Seed\n|cant|p2b: Aurora|slp\n|\n|-weather|RainDance|[upkeep]\n|-heal|p1b: Blissey|79\/100|[from] item: Leftovers\n|-heal|p1a: Eldegoss|100\/100|[from] item: Leftovers\n|-damage|p2b: Aurora|70\/100 slp|[from] Leech Seed|[of] p1a: Eldegoss\n|upkeep\n|turn|5\n|\n|t:|1700431118\n|switch|p2a: Titania|Florges, F|100\/100\n|switch|p2b: Delia|Delphox, F|100\/100\n|move|p1b: Blissey|Mud-Slap|p2a: Titania\n|-damage|p2a: Titania|95\/100\n|-unboost|p2a: Titania|accuracy|1\n|move|p1a: Eldegoss|Leaf Tornado|p2b: Delia\n|-resisted|p2b: Delia\n|-damage|p2b: Delia|89\/100\n|-unboost|p2b: Delia|accuracy|1\n|\n|-weather|RainDance|[upkeep]\n|-heal|p1b: Blissey|85\/100|[from] item: Leftovers\n|upkeep\n|turn|6\n|\n|t:|1700431191\n|move|p1b: Blissey|Charge Beam|p2a: Titania\n|-damage|p2a: Titania|83\/100\n|-boost|p1b: Blissey|spa|1\n|move|p2b: Delia|Sunny Day|p2b: Delia\n|-weather|SunnyDay\n|move|p2a: Titania|Aromatherapy|p2a: Titania\n|-activate|p2a: Titania|move: Aromatherapy\n|-curestatus|p2: Aurora|slp|[msg]\n|move|p1a: Eldegoss|Sleep Powder|p2b: Delia|[miss]\n|-miss|p1a: Eldegoss|p2b: Delia\n|\n|-weather|SunnyDay|[upkeep]\n|-heal|p1b: Blissey|91\/100|[from] item: Leftovers\n|upkeep\n|turn|7\n|\n|t:|1700431214\n|switch|p1a: Golduck|Golduck, M, shiny|100\/100\n|-ability|p1a: Golduck|Cloud Nine\n|move|p1b: Blissey|Mud-Slap|p2b: Delia\n|-supereffective|p2b: Delia\n|-damage|p2b: Delia|66\/100\n|-unboost|p2b: Delia|accuracy|1\n|move|p2b: Delia|Mystical Fire|p1a: Golduck|[miss]\n|-miss|p2b: Delia|p1a: Golduck\n|move|p2a: Titania|Aromatherapy||[still]\n|-activate|p2a: Titania|move: Aromatherapy\n|-fail|p2a: Titania\n|\n|-weather|SunnyDay|[upkeep]\n|-heal|p1b: Blissey|97\/100|[from] item: Leftovers\n|upkeep\n|turn|8\n|\n|t:|1700431248\n|move|p1b: Blissey|Charge Beam|p2a: Titania\n|-damage|p2a: Titania|69\/100\n|-boost|p1b: Blissey|spa|1\n|move|p2b: Delia|Mystical Fire|p1b: Blissey|[miss]\n|-miss|p2b: Delia|p1b: Blissey\n|move|p1a: Golduck|Nasty Plot|p1a: Golduck\n|-boost|p1a: Golduck|spa|2\n|move|p2a: Titania|Giga Drain|p1a: Golduck|[miss]\n|-miss|p2a: Titania|p1a: Golduck\n|\n|-weather|SunnyDay|[upkeep]\n|-heal|p1b: Blissey|100\/100|[from] item: Leftovers\n|upkeep\n|turn|9\n|\n|t:|1700431284\n|move|p1b: Blissey|Mud-Slap|p2a: Titania\n|-damage|p2a: Titania|61\/100\n|-unboost|p2a: Titania|accuracy|1\n|move|p2b: Delia|Mystical Fire|p1b: Blissey\n|-crit|p1b: Blissey\n|-damage|p1b: Blissey|78\/100\n|-unboost|p1b: Blissey|spa|1\n|-item|p2b: Delia|Leftovers|[from] ability: Magician|[of] p1b: Blissey\n|move|p1a: Golduck|Power Gem|p2b: Delia\n|-supereffective|p2b: Delia\n|-damage|p2b: Delia|0 fnt\n|faint|p2b: Delia\n|move|p2a: Titania|Giga Drain|p1a: Golduck\n|-supereffective|p1a: Golduck\n|-damage|p1a: Golduck|44\/100\n|-heal|p2a: Titania|92\/100|[from] drain|[of] p1a: Golduck\n|\n|-weather|SunnyDay|[upkeep]\n|-heal|p1a: Golduck|50\/100|[from] item: Leftovers\n|upkeep\n|\n|t:|1700431303\n|switch|p2b: Aemon|Goodra, M|95\/100\n|turn|10\n|\n|t:|1700431325\n|switch|p1a: Eldegoss|Eldegoss, M, shiny|100\/100\n|move|p1b: Blissey|Mud-Slap|p2b: Aemon\n|-damage|p2b: Aemon|87\/100\n|-unboost|p2b: Aemon|accuracy|1\n|move|p2b: Aemon|Thunderbolt|p1a: Eldegoss\n|-resisted|p1a: Eldegoss\n|-damage|p1a: Eldegoss|88\/100\n|-status|p1a: Eldegoss|par\n|move|p2a: Titania|Giga Drain|p1a: Eldegoss|[miss]\n|-miss|p2a: Titania|p1a: Eldegoss\n|\n|-weather|none\n|-heal|p1a: Eldegoss|94\/100 par|[from] item: Leftovers\n|upkeep\n|turn|11\n|\n|t:|1700431355\n|switch|p2a: Aurora|Aurorus, F|70\/100\n|move|p1b: Blissey|Charge Beam|p1a: Eldegoss\n|-resisted|p1a: Eldegoss\n|-damage|p1a: Eldegoss|84\/100 par\n|-boost|p1b: Blissey|spa|1\n|move|p2b: Aemon|Dragon Pulse|p1b: Blissey\n|-damage|p1b: Blissey|62\/100\n|cant|p1a: Eldegoss|par\n|\n|-heal|p1a: Eldegoss|90\/100 par|[from] item: Leftovers\n|upkeep\n|turn|12\n|\n|t:|1700431386\n|move|p1b: Blissey|Mud-Slap|p2b: Aemon\n|-damage|p2b: Aemon|78\/100\n|-unboost|p2b: Aemon|accuracy|1\n|move|p2b: Aemon|Dragon Pulse|p1b: Blissey\n|-damage|p1b: Blissey|47\/100\n|move|p2a: Aurora|Hail|p2a: Aurora\n|-weather|Hail\n|move|p1a: Eldegoss|Sleep Powder|p2a: Aurora\n|-status|p2a: Aurora|slp|[from] move: Sleep Powder\n|\n|-weather|Hail|[upkeep]\n|-damage|p1b: Blissey|41\/100|[from] Hail\n|-damage|p2b: Aemon|72\/100|[from] Hail\n|-damage|p1a: Eldegoss|84\/100 par|[from] Hail\n|-heal|p1a: Eldegoss|90\/100 par|[from] item: Leftovers\n|upkeep\n|turn|13\n|\n|t:|1700431414\n|move|p1b: Blissey|Charge Beam|p2b: Aemon\n|-resisted|p2b: Aemon\n|-damage|p2b: Aemon|62\/100\n|-boost|p1b: Blissey|spa|1\n|move|p2b: Aemon|Weather Ball|p1a: Eldegoss\n|-supereffective|p1a: Eldegoss\n|-crit|p1a: Eldegoss\n|-damage|p1a: Eldegoss|2\/100 par\n|cant|p2a: Aurora|slp\n|move|p1a: Eldegoss|Leech Seed|p2a: Aurora\n|-start|p2a: Aurora|move: Leech Seed\n|\n|-weather|Hail|[upkeep]\n|-damage|p1b: Blissey|35\/100|[from] Hail\n|-damage|p2b: Aemon|56\/100|[from] Hail\n|-damage|p1a: Eldegoss|0 fnt|[from] Hail\n|faint|p1a: Eldegoss\n|upkeep\n|\n|t:|1700431432\n|switch|p1a: Golduck|Golduck, M, shiny|50\/100\n|-ability|p1a: Golduck|Cloud Nine\n|turn|14\n|\n|t:|1700431450\n|switch|p2a: Titania|Florges, F|92\/100\n|move|p1b: Blissey|Psychic|p2b: Aemon\n|-damage|p2b: Aemon|15\/100\n|move|p2b: Aemon|Thunderbolt|p1a: Golduck|[miss]\n|-miss|p2b: Aemon|p1a: Golduck\n|move|p1a: Golduck|Nasty Plot|p1a: Golduck\n|-boost|p1a: Golduck|spa|2\n|\n|-weather|Hail|[upkeep]\n|-heal|p1a: Golduck|56\/100|[from] item: Leftovers\n|upkeep\n|turn|15\n|\n|t:|1700431480\n|move|p1b: Blissey|Psychic|p2b: Aemon\n|-damage|p2b: Aemon|0 fnt\n|faint|p2b: Aemon\n|move|p1a: Golduck|Clear Smog|p2a: Titania\n|-supereffective|p2a: Titania\n|-damage|p2a: Titania|61\/100\n|-clearboost|p2a: Titania\n|move|p2a: Titania|Aromatherapy|p2a: Titania\n|-activate|p2a: Titania|move: Aromatherapy\n|-curestatus|p2: Aurora|slp|[msg]\n|\n|-weather|Hail|[upkeep]\n|-heal|p1a: Golduck|62\/100|[from] item: Leftovers\n|upkeep\n|\n|t:|1700431497\n|switch|p2b: Lassie|Furfrou-Pharaoh, F|100\/100\n|turn|16\n|\n|t:|1700431536\n|move|p1b: Blissey|Psychic|p2b: Lassie\n|-damage|p2b: Lassie|31\/100\n|move|p1a: Golduck|Muddy Water|p2a: Titania|[spread] p2a\n|-miss|p1a: Golduck|p2b: Lassie\n|-damage|p2a: Titania|32\/100\n|move|p2a: Titania|Giga Drain|p1a: Golduck\n|-supereffective|p1a: Golduck\n|-damage|p1a: Golduck|8\/100\n|-heal|p2a: Titania|62\/100|[from] drain|[of] p1a: Golduck\n|move|p2b: Lassie|Roar|p1b: Blissey\n|drag|p1b: Dodrio|Dodrio, M, shiny|100\/100\n|\n|-weather|none\n|-heal|p2b: Lassie|37\/100|[from] item: Leftovers\n|-heal|p1a: Golduck|14\/100|[from] item: Leftovers\n|upkeep\n|turn|17\n|\n|t:|1700431561\n|switch|p2b: Aurora|Aurorus, F|70\/100\n|move|p1b: Dodrio|Knock Off|p2a: Titania\n|-resisted|p2a: Titania\n|-damage|p2a: Titania|47\/100\n|-enditem|p2a: Titania|Big Root|[from] move: Knock Off|[of] p1b: Dodrio\n|move|p1a: Golduck|Power Gem|p2a: Titania\n|-damage|p2a: Titania|25\/100\n|move|p2a: Titania|Giga Drain|p1a: Golduck\n|-supereffective|p1a: Golduck\n|-damage|p1a: Golduck|0 fnt\n|-heal|p2a: Titania|31\/100|[from] drain|[of] p1a: Golduck\n|faint|p1a: Golduck\n|\n|upkeep\n|\n|t:|1700431578\n|switch|p1a: Get Fisted|Hitmonchan, M, shiny|100\/100\n|turn|18\n|\n|t:|1700431605\n|-terastallize|p2a: Titania|Fairy\n|move|p1b: Dodrio|Acupressure|p1a: Get Fisted\n|-boost|p1a: Get Fisted|spe|2\n|move|p1a: Get Fisted|Power-Up Punch|p2b: Aurora\n|-supereffective|p2b: Aurora\n|-damage|p2b: Aurora|0 fnt\n|-boost|p1a: Get Fisted|atk|1\n|faint|p2b: Aurora\n|move|p2a: Titania|Giga Drain|p1a: Get Fisted\n|-damage|p1a: Get Fisted|66\/100\n|-heal|p2a: Titania|43\/100|[from] drain|[of] p1a: Get Fisted\n|\n|upkeep\n|\n|t:|1700431618\n|switch|p2b: Leonardo|Blastoise, M|100\/100\n|turn|19\n|\n|t:|1700431636\n|detailschange|p2b: Leonardo|Blastoise-Mega, M\n|-mega|p2b: Leonardo|Blastoise|Blastoisinite\n|move|p1a: Get Fisted|Bullet Punch|p2a: Titania\n|-supereffective|p2a: Titania\n|-damage|p2a: Titania|0 fnt\n|faint|p2a: Titania\n|move|p1b: Dodrio|Knock Off|p2b: Leonardo\n|-damage|p2b: Leonardo|88\/100\n|move|p2b: Leonardo|Aqua Ring|p2b: Leonardo\n|-start|p2b: Leonardo|Aqua Ring\n|\n|-heal|p2b: Leonardo|94\/100|[from] Aqua Ring\n|upkeep\n|\n|t:|1700431645\n|switch|p2a: Lassie|Furfrou-Pharaoh, F|37\/100\n|turn|20\n|\n|t:|1700431661\n|move|p1a: Get Fisted|Power-Up Punch|p2a: Lassie\n|-supereffective|p2a: Lassie\n|-damage|p2a: Lassie|0 fnt\n|-boost|p1a: Get Fisted|atk|1\n|faint|p2a: Lassie\n|-zpower|p1b: Dodrio\n|move|p1b: Dodrio|Z-Acupressure|p1b: Dodrio|[anim]Acupressure\n|-start|p1b: Dodrio|move: Focus Energy|[zeffect]\n|-boost|p1b: Dodrio|def|2\n|move|p2b: Leonardo|Water Pulse|p1b: Dodrio\n|-damage|p1b: Dodrio|26\/100\n|\n|-heal|p2b: Leonardo|99\/100|[from] Aqua Ring\n|upkeep\n|turn|21\n|\n|t:|1700431687\n|move|p1a: Get Fisted|Ice Punch|p2b: Leonardo\n|-resisted|p2b: Leonardo\n|-damage|p2b: Leonardo|75\/100\n|-status|p2b: Leonardo|frz\n|move|p1b: Dodrio|Air Cutter|p2b: Leonardo\n|-crit|p2b: Leonardo\n|-damage|p2b: Leonardo|54\/100 frz\n|cant|p2b: Leonardo|frz\n|\n|-heal|p2b: Leonardo|60\/100 frz|[from] Aqua Ring\n|upkeep\n|turn|22\n|\n|t:|1700431703\n|move|p1a: Get Fisted|Power-Up Punch|p2b: Leonardo\n|-damage|p2b: Leonardo|20\/100 frz\n|-boost|p1a: Get Fisted|atk|1\n|move|p1b: Dodrio|Acupressure|p1a: Get Fisted\n|-boost|p1a: Get Fisted|def|2\n|cant|p2b: Leonardo|frz\n|\n|-heal|p2b: Leonardo|26\/100 frz|[from] Aqua Ring\n|upkeep\n|turn|23\n|\n|t:|1700431729\n|-terastallize|p1a: Get Fisted|Ghost\n|move|p1a: Get Fisted|Rapid Spin|p2b: Leonardo\n|-damage|p2b: Leonardo|0 fnt\n|-boost|p1a: Get Fisted|spe|1\n|faint|p2b: Leonardo\n|\n|win|DazzlingBrilliance\n|raw|DazzlingBrilliance's rating: 1078 &rarr; <strong>1104<\/strong><br \/>(+26 for winning)\n|raw|SYGabenna's rating: 1050 &rarr; <strong>1034<\/strong><br \/>(-16 for losing)\n|l|\u2606SYGabenna\n","uploadtime":1700431740,"views":2,"p1id":"dazzlingbrilliance","p2id":"sygabenna","formatid":"gen9nationaldexdoubles","rating":1034,"private":0,"password":""}