{"id":"gen9nationaldexdoubles-1978258775","p1":"conifirous","p2":"I'mSuspecious)","format":"[Gen 9] National Dex Doubles","log":"|j|\u2606conifirous\n|j|\u2606I'mSuspecious)\n|t:|1698518007\n|gametype|doubles\n|player|p1|conifirous|cheren-gen5bw2|1113\n|player|p2|I'mSuspecious)|wallace|1278\n|teamsize|p1|6\n|teamsize|p2|6\n|gen|9\n|tier|[Gen 9] National Dex Doubles\n|rated|\n|rule|HP Percentage Mod: HP is shown in percentages\n|rule|Endless Battle Clause: Forcing endless battles is banned\n|rule|OHKO Clause: OHKO moves are banned\n|rule|Evasion Moves Clause: Evasion moves are banned\n|rule|Evasion Abilities Clause: Evasion abilities are banned\n|rule|Species Clause: Limit one of each Pok\u00e9mon\n|rule|Gravity Sleep Clause: The combination of sleep-inducing moves with imperfect accuracy and Gravity or Gigantamax Orbeetle are banned\n|clearpoke\n|poke|p1|Indeedee-F, F|\n|poke|p1|Mismagius, F|\n|poke|p1|Audino, F|\n|poke|p1|Delphox, F|\n|poke|p1|Mienshao, M|\n|poke|p1|Altaria, F|\n|poke|p2|Spiritomb, M|\n|poke|p2|Roaring Moon|\n|poke|p2|Meowscarada, M|\n|poke|p2|Ting-Lu|\n|poke|p2|Darkrai|\n|poke|p2|Brute Bonnet|\n|teampreview\n|\n|t:|1698518073\n|start\n|switch|p1a: Get mad!!|Mienshao, M|100\/100\n|switch|p1b: 9999999|Mismagius, F|100\/100\n|switch|p2a: Spiritomb|Spiritomb, M|100\/100\n|switch|p2b: Darkrai|Darkrai|100\/100\n|turn|1\n|\n|t:|1698518098\n|switch|p2b: Ting-Lu|Ting-Lu|100\/100\n|-ability|p2b: Ting-Lu|Vessel of Ruin\n|move|p1a: Get mad!!|High Jump Kick|p2b: Ting-Lu\n|-supereffective|p2b: Ting-Lu\n|-damage|p2b: Ting-Lu|3\/100\n|-damage|p1a: Get mad!!|91\/100|[from] item: Life Orb\n|move|p1b: 9999999|Icy Wind|p2b: Ting-Lu|[spread] p2a,p2b\n|-supereffective|p2b: Ting-Lu\n|-damage|p2a: Spiritomb|92\/100\n|-damage|p2b: Ting-Lu|0 fnt\n|-unboost|p2a: Spiritomb|spe|1\n|faint|p2b: Ting-Lu\n|move|p2a: Spiritomb|Will-O-Wisp|p1a: Get mad!!\n|-status|p1a: Get mad!!|brn\n|\n|-heal|p2a: Spiritomb|98\/100|[from] item: Leftovers\n|-damage|p1a: Get mad!!|85\/100 brn|[from] brn\n|upkeep\n|c|\u2606I'mSuspecious)|WTFF\n|c|\u2606I'mSuspecious)|Why the balls\n|c|\u2606I'mSuspecious)|o youre scarfed\n|c|\u2606conifirous|what\n|c|\u2606I'mSuspecious)|Shee that's annoying\n|c|\u2606I'mSuspecious)|No way\n|c|\u2606conifirous|you have fast pokemons\n|c|\u2606I'mSuspecious)|yeah\n|c|\u2606I'mSuspecious)|you have to be scarfed tho\n|c|\u2606conifirous|no comment\n|c|\u2606I'mSuspecious)|Bro you would've fake out\n|c|\u2606I'mSuspecious)|I was so sure you would now I'm annoyed\n|\n|t:|1698518210\n|switch|p2b: Meowscarada|Meowscarada, M|100\/100\n|turn|2\n|\n|t:|1698518252\n|switch|p1a: Yes|Audino, F|100\/100\n|-terastallize|p2b: Meowscarada|Fairy\n|move|p2b: Meowscarada|Play Rough|p1a: Yes|[miss]\n|-miss|p2b: Meowscarada|p1a: Yes\n|move|p1b: 9999999|Icy Wind|p2b: Meowscarada|[spread] p2a,p2b\n|-damage|p2a: Spiritomb|88\/100\n|-damage|p2b: Meowscarada|83\/100\n|-unboost|p2a: Spiritomb|spe|1\n|-unboost|p2b: Meowscarada|spe|1\n|move|p2a: Spiritomb|Trick Room|p2a: Spiritomb\n|-fieldstart|move: Trick Room|[of] p2a: Spiritomb\n|\n|-heal|p2a: Spiritomb|94\/100|[from] item: Leftovers\n|upkeep\n|turn|3\n|c|\u2606I'mSuspecious)|bice\n|\n|t:|1698518299\n|switch|p2a: Darkrai|Darkrai|100\/100\n|move|p2b: Meowscarada|Sucker Punch|p1b: 9999999\n|-supereffective|p1b: 9999999\n|-damage|p1b: 9999999|0 fnt\n|faint|p1b: 9999999\n|-damage|p2b: Meowscarada|73\/100|[from] item: Life Orb\n|move|p1a: Yes|Reflect|p1a: Yes\n|-sidestart|p1: conifirous|Reflect\n|\n|upkeep\n|\n|t:|1698518323\n|switch|p1b: Get mad!!|Mienshao, M|85\/100 brn\n|turn|4\n|c|\u2606I'mSuspecious)|no way\n|c|\u2606conifirous|this is the wrong move\n|c|\u2606conifirous|i have the wrongmove\n|c|\u2606I'mSuspecious)|I have wrong teras\n|\n|t:|1698518436\n|move|p1b: Get mad!!|Fake Out|p2b: Meowscarada\n|-damage|p2b: Meowscarada|60\/100\n|-damage|p1b: Get mad!!|75\/100 brn|[from] item: Life Orb\n|move|p1a: Yes|Blizzard|p2b: Meowscarada|[spread] p2a,p2b\n|-crit|p2b: Meowscarada\n|-damage|p2a: Darkrai|84\/100\n|-damage|p2b: Meowscarada|31\/100\n|cant|p2b: Meowscarada|flinch\n|move|p2a: Darkrai|Nasty Plot|p2a: Darkrai\n|-boost|p2a: Darkrai|spa|2\n|\n|-damage|p1b: Get mad!!|69\/100 brn|[from] brn\n|upkeep\n|turn|5\n|c|\u2606conifirous|i have echoed voice on my audino\n|\n|t:|1698518461\n|move|p1a: Yes|Blizzard|p2b: Meowscarada|[spread] p2a,p2b\n|-damage|p2a: Darkrai|67\/100\n|-damage|p2b: Meowscarada|10\/100\n|move|p2b: Meowscarada|Play Rough|p1b: Get mad!!\n|-supereffective|p1b: Get mad!!\n|-damage|p1b: Get mad!!|0 fnt\n|faint|p1b: Get mad!!\n|-damage|p2b: Meowscarada|0 fnt|[from] item: Life Orb\n|faint|p2b: Meowscarada\n|move|p2a: Darkrai|Dark Pulse|p1a: Yes\n|-damage|p1a: Yes|3\/100\n|-damage|p2a: Darkrai|57\/100|[from] item: Life Orb\n|\n|upkeep\n|c|\u2606I'mSuspecious)|Thast's sus\n|\n|t:|1698518489\n|switch|p1b: Fluffy|Altaria, F|100\/100\n|switch|p2b: Spiritomb|Spiritomb, M|94\/100\n|turn|6\n|\n|t:|1698518517\n|detailschange|p1b: Fluffy|Altaria-Mega, F\n|-mega|p1b: Fluffy|Altaria|Altarianite\n|move|p1a: Yes|Blizzard|p2a: Darkrai|[spread] p2b\n|-miss|p1a: Yes|p2a: Darkrai\n|-damage|p2b: Spiritomb|84\/100\n|-status|p2b: Spiritomb|frz\n|move|p1b: Fluffy|Hyper Voice|p2a: Darkrai|[spread] p2a,p2b\n|-supereffective|p2a: Darkrai\n|-supereffective|p2b: Spiritomb\n|-damage|p2a: Darkrai|0 fnt\n|-damage|p2b: Spiritomb|24\/100 frz\n|faint|p2a: Darkrai\n|cant|p2b: Spiritomb|frz\n|\n|-heal|p2b: Spiritomb|30\/100 frz|[from] item: Leftovers\n|-fieldend|move: Trick Room\n|upkeep\n|c|\u2606I'mSuspecious)|+\n|c|\u2606I'mSuspecious)|NO WAYYYy\n|c|\u2606conifirous|nice\n|c|\u2606I'mSuspecious)|Lucky\n|c|\u2606I'mSuspecious)|Would've won tho\n|c|\u2606I'mSuspecious)|just saying\n|\n|t:|1698518541\n|switch|p2a: Roaring Moon|Roaring Moon|100\/100\n|turn|7\n|\n|t:|1698518581\n|switch|p2b: Brute Bonnet|Brute Bonnet|100\/100\n|move|p2a: Roaring Moon|Iron Head|p1b: Fluffy\n|-supereffective|p1b: Fluffy\n|-damage|p1b: Fluffy|69\/100\n|cant|p1b: Fluffy|flinch\n|move|p1a: Yes|Blizzard|p2b: Brute Bonnet|[spread] p2a,p2b\n|-supereffective|p2a: Roaring Moon\n|-supereffective|p2b: Brute Bonnet\n|-damage|p2a: Roaring Moon|76\/100\n|-damage|p2b: Brute Bonnet|82\/100\n|\n|-sideend|p1: conifirous|Reflect\n|upkeep\n|turn|8\n|\n|t:|1698518599\n|move|p2a: Roaring Moon|Protect|p2a: Roaring Moon\n|-singleturn|p2a: Roaring Moon|Protect\n|move|p1b: Fluffy|Hyper Voice|p2a: Roaring Moon|[spread] p2b\n|-activate|p2a: Roaring Moon|move: Protect\n|-supereffective|p2b: Brute Bonnet\n|-damage|p2b: Brute Bonnet|37\/100\n|move|p2b: Brute Bonnet|Spore|p1b: Fluffy\n|-status|p1b: Fluffy|slp|[from] move: Spore\n|move|p1a: Yes|Blizzard|p2b: Brute Bonnet|[spread] p2b\n|-activate|p2a: Roaring Moon|move: Protect\n|-supereffective|p2b: Brute Bonnet\n|-damage|p2b: Brute Bonnet|19\/100\n|-enditem|p2b: Brute Bonnet|Mago Berry|[eat]\n|-heal|p2b: Brute Bonnet|53\/100|[from] item: Mago Berry\n|\n|-activate|p1a: Yes|ability: Healer\n|-curestatus|p1b: Fluffy|slp|[msg]\n|upkeep\n|turn|9\n|c|\u2606I'mSuspecious)|Nah\n|\n|t:|1698518631\n|move|p2b: Brute Bonnet|Sucker Punch|p1a: Yes\n|-damage|p1a: Yes|0 fnt\n|-damage|p2b: Brute Bonnet|36\/100|[from] item: Rocky Helmet|[of] p1a: Yes\n|faint|p1a: Yes\n|move|p2a: Roaring Moon|Iron Head|p1b: Fluffy\n|-supereffective|p1b: Fluffy\n|-damage|p1b: Fluffy|21\/100\n|move|p1b: Fluffy|Hyper Voice|p2b: Brute Bonnet|[spread] p2a,p2b\n|-supereffective|p2a: Roaring Moon\n|-supereffective|p2b: Brute Bonnet\n|-damage|p2a: Roaring Moon|0 fnt\n|-damage|p2b: Brute Bonnet|0 fnt\n|faint|p2a: Roaring Moon\n|-end|p2a: Roaring Moon|Protosynthesis|[silent]\n|faint|p2b: Brute Bonnet\n|-end|p2b: Brute Bonnet|Protosynthesis|[silent]\n|\n|upkeep\n|c|\u2606I'mSuspecious)|I mena I know I would have won\n|\n|t:|1698518649\n|switch|p2b: Spiritomb|Spiritomb, M|30\/100 frz\n|switch|p1a: Amide|Indeedee-F, F|100\/100\n|-fieldstart|move: Psychic Terrain|[from] ability: Psychic Surge|[of] p1a: Amide\n|turn|10\n|c|\u2606I'mSuspecious)|Have a good one\n|c|\u2606conifirous|you too\n|-message|I'mSuspecious) forfeited.\n|\n|win|conifirous\n|raw|conifirous's rating: 1113 &rarr; <strong>1149<\/strong><br \/>(+36 for winning)\n|raw|I&apos;mSuspecious)'s rating: 1278 &rarr; <strong>1242<\/strong><br \/>(-36 for losing)\n|l|\u2606I'mSuspecious)\n|c|\u2606conifirous|i mean\n|c|\u2606conifirous|i ws supposed to put hyper voice on audino\n|c|\u2606conifirous|not echoed voice\n","uploadtime":1698518696,"views":16,"p1id":"conifirous","p2id":"imsuspecious","formatid":"gen9nationaldexdoubles","rating":1149,"private":0,"password":""}