{"id":"gen9nationaldexdoubles-1990114327","p1":"omegashenronone","p2":"Qapi","format":"[Gen 9] National Dex Doubles","log":"|j|\u2606omegashenronone\n|j|\u2606Qapi\n|t:|1699926070\n|gametype|doubles\n|player|p1|omegashenronone|hugh|\n|player|p2|Qapi|pokemaniac|\n|teamsize|p1|6\n|teamsize|p2|6\n|gen|9\n|tier|[Gen 9] National Dex Doubles\n|rule|HP Percentage Mod: HP is shown in percentages\n|rule|Endless Battle Clause: Forcing endless battles is banned\n|rule|OHKO Clause: OHKO moves are banned\n|rule|Evasion Moves Clause: Evasion moves are banned\n|rule|Evasion Abilities Clause: Evasion abilities are banned\n|rule|Species Clause: Limit one of each Pok\u00e9mon\n|rule|Gravity Sleep Clause: The combination of sleep-inducing moves with imperfect accuracy and Gravity or Gigantamax Orbeetle are banned\n|clearpoke\n|poke|p1|Shuckle, M|\n|poke|p1|Metagross|\n|poke|p1|Flutter Mane|\n|poke|p1|Dragonite, F|\n|poke|p1|Garchomp, M|\n|poke|p1|Dragapult, M|\n|poke|p2|Whimsicott, M|\n|poke|p2|Lilligant-Hisui, F|\n|poke|p2|Electrode-Hisui|\n|poke|p2|Sceptile, M|\n|poke|p2|Amoonguss, F|\n|poke|p2|Brute Bonnet|\n|teampreview\n|inactive|Battle timer is ON: inactive players will automatically lose when time's up. (requested by omegashenronone)\n|\n|t:|1699926101\n|start\n|switch|p1a: Shuckle|Shuckle, M|100\/100\n|switch|p1b: Flutter|Flutter Mane|100\/100\n|switch|p2a: Whimsicott|Whimsicott, M|100\/100\n|switch|p2b: Lilligant|Lilligant-Hisui, F|100\/100\n|-enditem|p1b: Flutter|Booster Energy\n|-activate|p1b: Flutter|ability: Protosynthesis|[fromitem]\n|-start|p1b: Flutter|protosynthesisspa\n|turn|1\n|\n|t:|1699926128\n|move|p2a: Whimsicott|Tailwind|p2a: Whimsicott\n|-sidestart|p2: Qapi|move: Tailwind\n|move|p2b: Lilligant|Sleep Powder|p1a: Shuckle\n|-status|p1a: Shuckle|slp|[from] move: Sleep Powder\n|move|p1b: Flutter|Moonblast|p2b: Lilligant\n|-supereffective|p2b: Lilligant\n|-enditem|p2b: Lilligant|Focus Sash\n|-damage|p2b: Lilligant|1\/100\n|-unboost|p2b: Lilligant|spa|1\n|cant|p1a: Shuckle|slp\n|\n|upkeep\n|turn|2\n|\n|t:|1699926149\n|switch|p1a: Duos|Metagross|100\/100\n|move|p2a: Whimsicott|Moonblast|p1b: Flutter\n|-damage|p1b: Flutter|66\/100\n|move|p2b: Lilligant|Ice Spinner|p1b: Flutter\n|-damage|p1b: Flutter|17\/100\n|move|p1b: Flutter|Shadow Ball|p2a: Whimsicott\n|-enditem|p2a: Whimsicott|Focus Sash\n|-damage|p2a: Whimsicott|1\/100\n|-unboost|p2a: Whimsicott|spd|1\n|\n|upkeep\n|turn|3\n|\n|t:|1699926163\n|-end|p1b: Flutter|Protosynthesis|[silent]\n|switch|p1b: Terrafying|Dragonite, F|100\/100\n|move|p2a: Whimsicott|Moonblast|p1b: Terrafying\n|-supereffective|p1b: Terrafying\n|-damage|p1b: Terrafying|61\/100\n|-unboost|p1b: Terrafying|spa|1\n|move|p2b: Lilligant|Sleep Powder|p1a: Duos|[miss]\n|-miss|p2b: Lilligant|p1a: Duos\n|move|p1a: Duos|Earthquake|p2b: Lilligant|[spread] p2a,p2b\n|-immune|p1b: Terrafying\n|-resisted|p2a: Whimsicott\n|-resisted|p2b: Lilligant\n|-damage|p2a: Whimsicott|0 fnt\n|-damage|p2b: Lilligant|0 fnt\n|faint|p2a: Whimsicott\n|faint|p2b: Lilligant\n|\n|upkeep\n|\n|t:|1699926185\n|switch|p2a: Electrode|Electrode-Hisui|100\/100\n|switch|p2b: Sceptile|Sceptile, M|100\/100\n|turn|4\n|inactive|Qapi has 270 seconds left.\n|inactive|omegashenronone has 270 seconds left.\n|c|\u2606omegashenronone|Whats wrong\n|c|\u2606omegashenronone|Cant think of a good move\n|inactive|Qapi has 240 seconds left.\n|\n|t:|1699926246\n|detailschange|p2b: Sceptile|Sceptile-Mega, M\n|-mega|p2b: Sceptile|Sceptile|Sceptilite\n|detailschange|p1a: Duos|Metagross-Mega\n|-mega|p1a: Duos|Metagross|Metagrossite\n|move|p1b: Terrafying|Extreme Speed|p2a: Electrode\n|-damage|p2a: Electrode|27\/100\n|-damage|p1b: Terrafying|51\/100|[from] item: Life Orb\n|move|p2a: Electrode|Discharge|p1a: Duos|[spread] p1a,p1b\n|-ability|p2b: Sceptile|Lightning Rod|boost\n|-boost|p2b: Sceptile|spa|1\n|-damage|p1a: Duos|64\/100\n|-damage|p1b: Terrafying|17\/100\n|-status|p1b: Terrafying|par\n|move|p2b: Sceptile|Leaf Storm|p1a: Duos|[miss]\n|-miss|p2b: Sceptile|p1a: Duos\n|move|p1a: Duos|Earthquake|p2a: Electrode|[spread] p2a,p2b\n|-immune|p1b: Terrafying\n|-resisted|p2b: Sceptile\n|-damage|p2a: Electrode|0 fnt\n|-damage|p2b: Sceptile|79\/100\n|faint|p2a: Electrode\n|\n|-sideend|p2: Qapi|move: Tailwind\n|upkeep\n|inactive|Qapi has 240 seconds left.\n|\n|t:|1699926274\n|switch|p2a: Brute Bonnet|Brute Bonnet|100\/100\n|turn|5\n|inactive|Qapi has 240 seconds left.\n|c|\u2606Qapi|Dammit\n|\n|t:|1699926289\n|move|p1b: Terrafying|Extreme Speed|p2b: Sceptile\n|-damage|p2b: Sceptile|21\/100\n|-damage|p1b: Terrafying|7\/100 par|[from] item: Life Orb\n|move|p2a: Brute Bonnet|Sucker Punch|p1a: Duos\n|-supereffective|p1a: Duos\n|-damage|p1a: Duos|0 fnt\n|faint|p1a: Duos\n|-damage|p2a: Brute Bonnet|91\/100|[from] item: Life Orb\n|move|p2b: Sceptile|Hidden Power|p1b: Terrafying\n|-supereffective|p1b: Terrafying\n|-damage|p1b: Terrafying|0 fnt\n|faint|p1b: Terrafying\n|\n|upkeep\n|\n|t:|1699926305\n|switch|p1a: Pult Jr|Dragapult, M|100\/100\n|switch|p1b: Fin|Garchomp, M|100\/100\n|turn|6\n|inactive|Qapi has 240 seconds left.\n|\n|t:|1699926339\n|move|p2b: Sceptile|Protect|p2b: Sceptile\n|-singleturn|p2b: Sceptile|Protect\n|move|p2a: Brute Bonnet|Sucker Punch|p1a: Pult Jr\n|-supereffective|p1a: Pult Jr\n|-damage|p1a: Pult Jr|0 fnt\n|faint|p1a: Pult Jr\n|-damage|p2a: Brute Bonnet|81\/100|[from] item: Life Orb\n|move|p1b: Fin|Swords Dance|p1b: Fin\n|-boost|p1b: Fin|atk|2\n|\n|upkeep\n|\n|t:|1699926347\n|switch|p1a: Flutter|Flutter Mane|17\/100\n|turn|7\n|\n|t:|1699926355\n|move|p1a: Flutter|Protect|p1a: Flutter\n|-singleturn|p1a: Flutter|Protect\n|move|p2a: Brute Bonnet|Sucker Punch||[still]\n|-fail|p2a: Brute Bonnet\n|move|p2b: Sceptile|Hidden Power|p1b: Fin\n|-supereffective|p1b: Fin\n|-crit|p1b: Fin\n|-damage|p1b: Fin|0 fnt\n|faint|p1b: Fin\n|\n|upkeep\n|\n|t:|1699926363\n|switch|p1b: Shuckle|Shuckle, M|100\/100 slp\n|turn|8\n|\n|t:|1699926370\n|move|p2a: Brute Bonnet|Sucker Punch|p1a: Flutter\n|-damage|p1a: Flutter|0 fnt\n|faint|p1a: Flutter\n|-end|p1a: Flutter|Protosynthesis|[silent]\n|-damage|p2a: Brute Bonnet|71\/100|[from] item: Life Orb\n|move|p2b: Sceptile|Dragon Pulse|p1b: Shuckle\n|-damage|p1b: Shuckle|33\/100 slp\n|-enditem|p1b: Shuckle|Red Card|[of] p2b: Sceptile\n|drag|p2b: Amoonguss|Amoonguss, F|100\/100\n|-curestatus|p1b: Shuckle|slp|[msg]\n|move|p1b: Shuckle|Infestation|p2a: Brute Bonnet\n|-supereffective|p2a: Brute Bonnet\n|-damage|p2a: Brute Bonnet|64\/100\n|-activate|p2a: Brute Bonnet|move: Infestation|[of] p1b: Shuckle\n|\n|-damage|p2a: Brute Bonnet|52\/100|[from] move: Infestation|[partiallytrapped]\n|upkeep\n|turn|9\n|\n|t:|1699926397\n|move|p2a: Brute Bonnet|Sucker Punch|p1b: Shuckle\n|-damage|p1b: Shuckle|0 fnt\n|faint|p1b: Shuckle\n|-damage|p2a: Brute Bonnet|42\/100|[from] item: Life Orb\n|\n|win|Qapi\n|c|\u2606Qapi|gg\n|c|\u2606omegashenronone|Shuckle strat doesnt work huh\n|c|\u2606omegashenronone|Wanna try again?\n|l|\u2606Qapi\n|j|\u2606Qapi\n|player|p2|Qapi|pokemaniac\n","uploadtime":1699926410,"views":6,"p1id":"omegashenronone","p2id":"qapi","formatid":"gen9nationaldexdoubles","rating":0,"private":0,"password":""}