{"id":"gen9nationaldexdoubles-1973048751","p1":"Beyond Subzero","p2":"Howfalcons","format":"[Gen 9] National Dex Doubles","log":"|j|\u2606Beyond Subzero\n|j|\u2606Howfalcons\n|t:|1697922098\n|gametype|doubles\n|player|p1|Beyond Subzero|bruno|1429\n|player|p2|Howfalcons|clown|1549\n|teamsize|p1|6\n|teamsize|p2|6\n|gen|9\n|tier|[Gen 9] National Dex Doubles\n|rated|\n|rule|HP Percentage Mod: HP is shown in percentages\n|rule|Endless Battle Clause: Forcing endless battles is banned\n|rule|OHKO Clause: OHKO moves are banned\n|rule|Evasion Moves Clause: Evasion moves are banned\n|rule|Evasion Abilities Clause: Evasion abilities are banned\n|rule|Species Clause: Limit one of each Pok\u00e9mon\n|rule|Gravity Sleep Clause: The combination of sleep-inducing moves with imperfect accuracy and Gravity or Gigantamax Orbeetle are banned\n|clearpoke\n|poke|p1|Ninetales-Alola, F|\n|poke|p1|Latias, F|\n|poke|p1|Volcanion|\n|poke|p1|Kyurem-Black|\n|poke|p1|Whimsicott, M|\n|poke|p1|Zamazenta-*|\n|poke|p2|Salamence, F|\n|poke|p2|Jirachi|\n|poke|p2|Volcanion|\n|poke|p2|Kingambit, M|\n|poke|p2|Rillaboom, F|\n|poke|p2|Basculegion, M|\n|teampreview\n|\n|t:|1697922151\n|start\n|switch|p1a: Zamazenta|Zamazenta|100\/100\n|switch|p1b: Kyurem|Kyurem-Black|100\/100\n|switch|p2a: Angry Dan|Salamence, F|100\/100\n|switch|p2b: Tubey Tyler|Volcanion|100\/100\n|-ability|p1a: Zamazenta|Dauntless Shield|boost\n|-boost|p1a: Zamazenta|def|1\n|-ability|p2a: Angry Dan|Intimidate|boost\n|-unboost|p1a: Zamazenta|atk|1\n|-fail|p1b: Kyurem|unboost|[from] item: Clear Amulet|[of] p1b: Kyurem\n|-ability|p1b: Kyurem|Teravolt\n|turn|1\n|\n|t:|1697922191\n|switch|p2a: Jiminy Cricket|Jirachi|100\/100\n|move|p1a: Zamazenta|Coaching|p1b: Kyurem\n|-boost|p1b: Kyurem|atk|1\n|-boost|p1b: Kyurem|def|1\n|move|p1b: Kyurem|Fusion Bolt|p2b: Tubey Tyler\n|-supereffective|p2b: Tubey Tyler\n|-damage|p2b: Tubey Tyler|0 fnt\n|faint|p2b: Tubey Tyler\n|\n|upkeep\n|inactive|Battle timer is ON: inactive players will automatically lose when time's up. (requested by Howfalcons)\n|\n|t:|1697922205\n|switch|p2b: Colonal Bonk|Kingambit, M|100\/100\n|turn|2\n|\n|t:|1697922228\n|move|p2b: Colonal Bonk|Protect|p2b: Colonal Bonk\n|-singleturn|p2b: Colonal Bonk|Protect\n|move|p1a: Zamazenta|Body Press|p2b: Colonal Bonk\n|-activate|p2b: Colonal Bonk|move: Protect\n|move|p1b: Kyurem|Dragon Dance|p1b: Kyurem\n|-boost|p1b: Kyurem|atk|1\n|-boost|p1b: Kyurem|spe|1\n|move|p2a: Jiminy Cricket|Trick Room|p2a: Jiminy Cricket\n|-fieldstart|move: Trick Room|[of] p2a: Jiminy Cricket\n|\n|upkeep\n|turn|3\n|\n|t:|1697922259\n|move|p1b: Kyurem|Protect|p1b: Kyurem\n|-singleturn|p1b: Kyurem|Protect\n|move|p2b: Colonal Bonk|Swords Dance|p2b: Colonal Bonk\n|-boost|p2b: Colonal Bonk|atk|2\n|move|p2a: Jiminy Cricket|Encore|p1b: Kyurem\n|-activate|p1b: Kyurem|move: Protect\n|move|p1a: Zamazenta|Body Press|p2b: Colonal Bonk\n|-supereffective|p2b: Colonal Bonk\n|-crit|p2b: Colonal Bonk\n|-damage|p2b: Colonal Bonk|0 fnt\n|faint|p2b: Colonal Bonk\n|\n|upkeep\n|\n|t:|1697922267\n|switch|p2b: Torpedo Joe|Basculegion, M|100\/100\n|turn|4\n|inactive|Beyond Subzero has 120 seconds left.\n|\n|t:|1697922312\n|switch|p1b: Whimsicott|Whimsicott, M|100\/100\n|move|p2b: Torpedo Joe|Last Respects|p1a: Zamazenta\n|-damage|p1a: Zamazenta|49\/100\n|-enditem|p1a: Zamazenta|Sitrus Berry|[eat]\n|-heal|p1a: Zamazenta|74\/100|[from] item: Sitrus Berry\n|move|p2a: Jiminy Cricket|Encore||[still]\n|-fail|p2a: Jiminy Cricket\n|move|p1a: Zamazenta|Body Press|p2a: Jiminy Cricket\n|-damage|p2a: Jiminy Cricket|66\/100\n|\n|upkeep\n|turn|5\n|inactive|Beyond Subzero has 120 seconds left.\n|\n|t:|1697922347\n|move|p2b: Torpedo Joe|Last Respects|p1b: Whimsicott\n|-enditem|p1b: Whimsicott|Focus Sash\n|-damage|p1b: Whimsicott|1\/100\n|move|p2a: Jiminy Cricket|Encore|p1a: Zamazenta\n|-start|p1a: Zamazenta|Encore\n|move|p1b: Whimsicott|Moonblast|p2b: Torpedo Joe\n|-damage|p2b: Torpedo Joe|79\/100\n|move|p1a: Zamazenta|Body Press|p2a: Jiminy Cricket\n|-damage|p2a: Jiminy Cricket|30\/100\n|\n|upkeep\n|turn|6\n|inactive|Beyond Subzero has 120 seconds left.\n|\n|t:|1697922374\n|move|p1b: Whimsicott|Protect|p1b: Whimsicott\n|-singleturn|p1b: Whimsicott|Protect\n|move|p2b: Torpedo Joe|Last Respects|p1a: Zamazenta\n|-damage|p1a: Zamazenta|23\/100\n|move|p2a: Jiminy Cricket|Iron Head|p1b: Whimsicott\n|-activate|p1b: Whimsicott|move: Protect\n|move|p1a: Zamazenta|Body Press|p2a: Jiminy Cricket\n|-damage|p2a: Jiminy Cricket|0 fnt\n|faint|p2a: Jiminy Cricket\n|\n|-fieldend|move: Trick Room\n|upkeep\n|\n|t:|1697922381\n|switch|p2a: Angry Dan|Salamence, F|100\/100\n|-ability|p2a: Angry Dan|Intimidate|boost\n|-unboost|p1a: Zamazenta|atk|1\n|-unboost|p1b: Whimsicott|atk|1\n|turn|7\n|inactive|Beyond Subzero has 120 seconds left.\n|inactive|Beyond Subzero has 90 seconds left.\n|\n|t:|1697922433\n|detailschange|p2a: Angry Dan|Salamence-Mega, F\n|-mega|p2a: Angry Dan|Salamence|Salamencite\n|move|p1b: Whimsicott|Tailwind|p1b: Whimsicott\n|-sidestart|p1: Beyond Subzero|move: Tailwind\n|move|p2b: Torpedo Joe|Aqua Jet|p1b: Whimsicott\n|-resisted|p1b: Whimsicott\n|-damage|p1b: Whimsicott|0 fnt\n|faint|p1b: Whimsicott\n|move|p1a: Zamazenta|Body Press|p2a: Angry Dan\n|-resisted|p2a: Angry Dan\n|-damage|p2a: Angry Dan|83\/100\n|move|p2a: Angry Dan|Dragon Dance|p2a: Angry Dan\n|-boost|p2a: Angry Dan|atk|1\n|-boost|p2a: Angry Dan|spe|1\n|\n|-end|p1a: Zamazenta|Encore\n|upkeep\n|\n|t:|1697922451\n|switch|p1b: Ninetales|Ninetales-Alola, F|100\/100\n|-weather|Snow|[from] ability: Snow Warning|[of] p1b: Ninetales\n|turn|8\n|inactive|Beyond Subzero has 90 seconds left.\n|\n|t:|1697922468\n|-terastallize|p1a: Zamazenta|Fairy\n|move|p1b: Ninetales|Protect|p1b: Ninetales\n|-singleturn|p1b: Ninetales|Protect\n|move|p2a: Angry Dan|Protect|p2a: Angry Dan\n|-singleturn|p2a: Angry Dan|Protect\n|move|p1a: Zamazenta|Play Rough|p2a: Angry Dan\n|-activate|p2a: Angry Dan|move: Protect\n|move|p2b: Torpedo Joe|Last Respects|p1b: Ninetales\n|-activate|p1b: Ninetales|move: Protect\n|\n|-weather|Snow|[upkeep]\n|upkeep\n|turn|9\n|inactive|Beyond Subzero has 90 seconds left.\n|inactive|Howfalcons has 120 seconds left.\n|\n|t:|1697922519\n|move|p1a: Zamazenta|Play Rough|p2a: Angry Dan\n|-supereffective|p2a: Angry Dan\n|-damage|p2a: Angry Dan|59\/100\n|-unboost|p2a: Angry Dan|atk|1\n|move|p1b: Ninetales|Aurora Veil|p1b: Ninetales\n|-sidestart|p1: Beyond Subzero|move: Aurora Veil\n|move|p2a: Angry Dan|Frustration|p1b: Ninetales\n|-damage|p1b: Ninetales|57\/100\n|move|p2b: Torpedo Joe|Last Respects|p1a: Zamazenta\n|-damage|p1a: Zamazenta|0 fnt\n|faint|p1a: Zamazenta\n|\n|-weather|Snow|[upkeep]\n|upkeep\n|\n|t:|1697922534\n|switch|p1a: Kyurem|Kyurem-Black|100\/100\n|-ability|p1a: Kyurem|Teravolt\n|turn|10\n|inactive|Howfalcons has 120 seconds left.\n|\n|t:|1697922551\n|-terastallize|p2b: Torpedo Joe|Steel\n|move|p1a: Kyurem|Protect|p1a: Kyurem\n|-singleturn|p1a: Kyurem|Protect\n|move|p2a: Angry Dan|Protect|p2a: Angry Dan\n|-singleturn|p2a: Angry Dan|Protect\n|move|p1b: Ninetales|Blizzard|p2a: Angry Dan|[spread] p2b\n|-activate|p2a: Angry Dan|move: Protect\n|-resisted|p2b: Torpedo Joe\n|-damage|p2b: Torpedo Joe|69\/100\n|move|p2b: Torpedo Joe|Last Respects|p1a: Kyurem\n|-activate|p1a: Kyurem|move: Protect\n|\n|-weather|Snow|[upkeep]\n|-sideend|p1: Beyond Subzero|move: Tailwind\n|upkeep\n|turn|11\n|inactive|Beyond Subzero has 120 seconds left.\n|inactive|Howfalcons has 120 seconds left.\n|\n|t:|1697922575\n|move|p2a: Angry Dan|Frustration|p1a: Kyurem\n|-damage|p1a: Kyurem|73\/100\n|move|p1b: Ninetales|Blizzard|p2a: Angry Dan|[spread] p2a,p2b\n|-supereffective|p2a: Angry Dan\n|-resisted|p2b: Torpedo Joe\n|-damage|p2a: Angry Dan|0 fnt\n|-damage|p2b: Torpedo Joe|58\/100\n|faint|p2a: Angry Dan\n|move|p1a: Kyurem|Fusion Bolt|p2b: Torpedo Joe\n|-damage|p2b: Torpedo Joe|5\/100\n|move|p2b: Torpedo Joe|Last Respects|p1a: Kyurem\n|-damage|p1a: Kyurem|28\/100\n|\n|-weather|Snow|[upkeep]\n|upkeep\n|inactive|Howfalcons has 120 seconds left.\n|\n|t:|1697922581\n|switch|p2a: Gary Greenback|Rillaboom, F|100\/100\n|-fieldstart|move: Grassy Terrain|[from] ability: Grassy Surge|[of] p2a: Gary Greenback\n|turn|12\n|inactive|Beyond Subzero has 120 seconds left.\n|\n|t:|1697922597\n|move|p1b: Ninetales|Protect|p1b: Ninetales\n|-singleturn|p1b: Ninetales|Protect\n|move|p1a: Kyurem|Protect|p1a: Kyurem\n|-singleturn|p1a: Kyurem|Protect\n|move|p2a: Gary Greenback|Wood Hammer|p1a: Kyurem\n|-activate|p1a: Kyurem|move: Protect\n|move|p2b: Torpedo Joe|Last Respects|p1b: Ninetales\n|-activate|p1b: Ninetales|move: Protect\n|\n|-weather|none\n|-heal|p1b: Ninetales|63\/100|[from] Grassy Terrain\n|-heal|p1a: Kyurem|34\/100|[from] Grassy Terrain\n|-heal|p2b: Torpedo Joe|11\/100|[from] Grassy Terrain\n|upkeep\n|turn|13\n|\n|t:|1697922619\n|move|p1b: Ninetales|Blizzard|p2a: Gary Greenback|[spread] p2a,p2b\n|-supereffective|p2a: Gary Greenback\n|-resisted|p2b: Torpedo Joe\n|-damage|p2a: Gary Greenback|60\/100\n|-damage|p2b: Torpedo Joe|1\/100\n|-status|p2a: Gary Greenback|frz\n|move|p1a: Kyurem|Fusion Bolt|p2b: Torpedo Joe\n|-damage|p2b: Torpedo Joe|0 fnt\n|faint|p2b: Torpedo Joe\n|cant|p2a: Gary Greenback|frz\n|\n|-heal|p1b: Ninetales|69\/100|[from] Grassy Terrain\n|-heal|p1a: Kyurem|40\/100|[from] Grassy Terrain\n|-heal|p2a: Gary Greenback|66\/100 frz|[from] Grassy Terrain\n|upkeep\n|turn|14\n|c|\u2606Howfalcons|Lol the freeze\n|c|\u2606Howfalcons|GG\n|c|\u2606Beyond Subzero|lmao\n|c|\u2606Beyond Subzero|ggs\n|\n|t:|1697922636\n|move|p1b: Ninetales|Blizzard|p2a: Gary Greenback\n|-supereffective|p2a: Gary Greenback\n|-crit|p2a: Gary Greenback\n|-damage|p2a: Gary Greenback|0 fnt\n|faint|p2a: Gary Greenback\n|\n|win|Beyond Subzero\n|raw|Beyond Subzero's rating: 1429 &rarr; <strong>1456<\/strong><br \/>(+27 for winning)\n|raw|Howfalcons's rating: 1549 &rarr; <strong>1522<\/strong><br \/>(-27 for losing)\n|l|\u2606Howfalcons\n","uploadtime":1697922650,"views":10,"p1id":"beyondsubzero","p2id":"howfalcons","formatid":"gen9nationaldexdoubles","rating":1456,"private":0,"password":""}