{"id":"gen9nationaldexdoubles-1976017641","p1":"Empress_Anna","p2":"knightgem","format":"[Gen 9] National Dex Doubles","log":"|j|\u2606Empress_Anna\n|j|\u2606knightgem\n|t:|1698256879\n|gametype|doubles\n|player|p1|Empress_Anna|cheryl|1245\n|player|p2|knightgem|#knightgem|1172\n|teamsize|p1|6\n|teamsize|p2|6\n|gen|9\n|tier|[Gen 9] National Dex Doubles\n|rated|\n|rule|HP Percentage Mod: HP is shown in percentages\n|rule|Endless Battle Clause: Forcing endless battles is banned\n|rule|OHKO Clause: OHKO moves are banned\n|rule|Evasion Moves Clause: Evasion moves are banned\n|rule|Evasion Abilities Clause: Evasion abilities are banned\n|rule|Species Clause: Limit one of each Pok\u00e9mon\n|rule|Gravity Sleep Clause: The combination of sleep-inducing moves with imperfect accuracy and Gravity or Gigantamax Orbeetle are banned\n|clearpoke\n|poke|p1|Cherrim, M|\n|poke|p1|Kommo-o, F|\n|poke|p1|Ogerpon-Cornerstone, F|\n|poke|p1|Blaziken, M|\n|poke|p1|Noivern, M|\n|poke|p1|Mimikyu, F|\n|poke|p2|Primarina, F|\n|poke|p2|Skeledirge, M|\n|poke|p2|Rillaboom, M|\n|poke|p2|Toxtricity, M|\n|poke|p2|Kommo-o, F|\n|poke|p2|Clefairy, M|\n|teampreview\n|inactive|Battle timer is ON: inactive players will automatically lose when time's up. (requested by knightgem)\n|\n|t:|1698256887\n|start\n|switch|p1a: Cherrim|Cherrim, M|100\/100\n|switch|p1b: Ogerpon|Ogerpon-Cornerstone, F|100\/100\n|switch|p2a: Conductor|Clefairy, M|100\/100\n|switch|p2b: Timpani|Kommo-o, F|100\/100\n|turn|1\n|c|\u2606Empress_Anna|yoooo kommo-o, love that guy\n|inactive|Empress_Anna has 120 seconds left.\n|\n|t:|1698256918\n|move|p2a: Conductor|Follow Me|p2a: Conductor\n|-singleturn|p2a: Conductor|move: Follow Me\n|move|p1b: Ogerpon|Play Rough|p2a: Conductor\n|-damage|p2a: Conductor|62\/100\n|move|p2b: Timpani|Substitute|p2b: Timpani\n|-start|p2b: Timpani|Substitute\n|-damage|p2b: Timpani|75\/100\n|move|p1a: Cherrim|Sunny Day|p1a: Cherrim\n|-weather|SunnyDay\n|-formechange|p1a: Cherrim|Cherrim-Sunshine|[msg]|[from] ability: Flower Gift\n|\n|-weather|SunnyDay|[upkeep]\n|upkeep\n|turn|2\n|c|\u2606knightgem|Yeh it's a band team\n|inactive|Empress_Anna has 120 seconds left.\n|c|\u2606Empress_Anna|oh, i just noticed! nice\n|\n|t:|1698256958\n|move|p2a: Conductor|Follow Me|p2a: Conductor\n|-singleturn|p2a: Conductor|move: Follow Me\n|move|p1b: Ogerpon|Knock Off|p2a: Conductor\n|-resisted|p2a: Conductor\n|-damage|p2a: Conductor|32\/100\n|-enditem|p2a: Conductor|Eviolite|[from] move: Knock Off|[of] p1b: Ogerpon\n|move|p2b: Timpani|Belly Drum|p2b: Timpani\n|-damage|p2b: Timpani|25\/100\n|-setboost|p2b: Timpani|atk|6|[from] move: Belly Drum\n|-enditem|p2b: Timpani|Salac Berry|[eat]\n|-boost|p2b: Timpani|spe|1|[from] item: Salac Berry\n|move|p1a: Cherrim|Toxic|p2a: Conductor\n|-status|p2a: Conductor|tox\n|\n|-weather|SunnyDay|[upkeep]\n|-damage|p2a: Conductor|26\/100 tox|[from] psn\n|upkeep\n|turn|3\n|inactive|Empress_Anna has 120 seconds left.\n|inactive|knightgem has 120 seconds left.\n|\n|t:|1698256998\n|move|p2b: Timpani|Drain Punch|p1b: Ogerpon\n|-supereffective|p1b: Ogerpon\n|-ability|p1b: Ogerpon|Sturdy\n|-damage|p1b: Ogerpon|1\/100\n|-heal|p2b: Timpani|77\/100|[from] drain|[of] p1b: Ogerpon\n|move|p1b: Ogerpon|Play Rough|p2b: Timpani\n|-supereffective|p2b: Timpani\n|-end|p2b: Timpani|Substitute\n|move|p1a: Cherrim|Leech Seed|p2b: Timpani\n|-start|p2b: Timpani|move: Leech Seed\n|move|p2a: Conductor|Icy Wind|p1b: Ogerpon|[spread] p1a,p1b\n|-supereffective|p1a: Cherrim\n|-supereffective|p1b: Ogerpon\n|-damage|p1a: Cherrim|91\/100\n|-damage|p1b: Ogerpon|0 fnt\n|-unboost|p1a: Cherrim|spe|1\n|faint|p1b: Ogerpon\n|\n|-weather|SunnyDay|[upkeep]\n|-damage|p2b: Timpani|65\/100|[from] Leech Seed|[of] p1a: Cherrim\n|-heal|p1a: Cherrim|100\/100|[silent]\n|-damage|p2a: Conductor|14\/100 tox|[from] psn\n|upkeep\n|inactive|Empress_Anna has 90 seconds left.\n|\n|t:|1698257025\n|switch|p1b: Kommo-o|Kommo-o, F|100\/100\n|turn|4\n|inactive|Empress_Anna has 90 seconds left.\n|\n|t:|1698257047\n|-terastallize|p1b: Kommo-o|Steel\n|move|p2a: Conductor|Ally Switch|p2a: Conductor\n|swap|p2a: Conductor|1|[from] move: Ally Switch\n|move|p2a: Timpani|Drain Punch|p1b: Kommo-o\n|-supereffective|p1b: Kommo-o\n|-crit|p1b: Kommo-o\n|-damage|p1b: Kommo-o|0 fnt\n|-heal|p2a: Timpani|100\/100|[from] drain|[of] p1b: Kommo-o\n|faint|p1b: Kommo-o\n|move|p1a: Cherrim|Heal Pulse|p1: Kommo-o|[notarget]\n|-fail|p1a: Cherrim\n|\n|-weather|SunnyDay|[upkeep]\n|-damage|p2a: Timpani|88\/100|[from] Leech Seed|[of] p1a: Cherrim\n|-damage|p2b: Conductor|0 fnt|[from] psn\n|faint|p2b: Conductor\n|upkeep\n|c|\u2606Empress_Anna|damn qwq\n|\n|t:|1698257070\n|switch|p1b: Blaziken|Blaziken, M|100\/100\n|switch|p2b: Gunkitar|Toxtricity, M|100\/100\n|turn|5\n|\n|t:|1698257081\n|detailschange|p1b: Blaziken|Blaziken-Mega, M\n|-mega|p1b: Blaziken|Blaziken|Blazikenite\n|-terastallize|p2b: Gunkitar|Normal\n|move|p1b: Blaziken|Protect|p1b: Blaziken\n|-singleturn|p1b: Blaziken|Protect\n|move|p2a: Timpani|Drain Punch|p1a: Cherrim\n|-damage|p1a: Cherrim|0 fnt\n|-heal|p2a: Timpani|100\/100|[from] drain|[of] p1a: Cherrim\n|faint|p1a: Cherrim\n|move|p2b: Gunkitar|Boomburst|p1b: Blaziken|[spread] \n|-activate|p1b: Blaziken|move: Protect\n|-immune|p2a: Timpani|[from] ability: Soundproof\n|\n|-weather|SunnyDay|[upkeep]\n|-ability|p1b: Blaziken|Speed Boost|boost\n|-boost|p1b: Blaziken|spe|1\n|upkeep\n|\n|t:|1698257102\n|switch|p1a: Noivern|Noivern, M|100\/100\n|turn|6\n|\n|t:|1698257116\n|move|p1b: Blaziken|Brave Bird|p2a: Timpani\n|-supereffective|p2a: Timpani\n|-crit|p2a: Timpani\n|-damage|p2a: Timpani|0 fnt\n|faint|p2a: Timpani\n|-damage|p1b: Blaziken|69\/100|[from] Recoil\n|move|p1a: Noivern|Draco Meteor|p2b: Gunkitar\n|-damage|p2b: Gunkitar|0 fnt\n|-unboost|p1a: Noivern|spa|2\n|faint|p2b: Gunkitar\n|\n|-weather|SunnyDay|[upkeep]\n|-ability|p1b: Blaziken|Speed Boost|boost\n|-boost|p1b: Blaziken|spe|1\n|upkeep\n|\n|t:|1698257126\n|switch|p2a: Sopraino|Primarina, F|100\/100\n|switch|p2b: Tenorch|Skeledirge, M|100\/100\n|turn|7\n|\n|t:|1698257143\n|move|p2a: Sopraino|Protect|p2a: Sopraino\n|-singleturn|p2a: Sopraino|Protect\n|move|p1b: Blaziken|Thunder Punch|p2a: Sopraino\n|-activate|p2a: Sopraino|move: Protect\n|move|p1a: Noivern|Draco Meteor|p2b: Tenorch\n|-damage|p2b: Tenorch|29\/100\n|-unboost|p1a: Noivern|spa|2\n|move|p2b: Tenorch|Torch Song|p1a: Noivern\n|-resisted|p1a: Noivern\n|-damage|p1a: Noivern|69\/100\n|-boost|p2b: Tenorch|spa|1\n|\n|-weather|SunnyDay|[upkeep]\n|-heal|p2b: Tenorch|35\/100|[from] item: Leftovers\n|-ability|p1b: Blaziken|Speed Boost|boost\n|-boost|p1b: Blaziken|spe|1\n|upkeep\n|turn|8\n|inactive|Empress_Anna has 120 seconds left.\n|\n|t:|1698257176\n|switch|p2a: Bongorilla|Rillaboom, M|100\/100\n|-fieldstart|move: Grassy Terrain|[from] ability: Grassy Surge|[of] p2a: Bongorilla\n|-enditem|p2a: Bongorilla|Grassy Seed\n|-boost|p2a: Bongorilla|def|1|[from] item: Grassy Seed\n|move|p1b: Blaziken|Brave Bird|p2a: Bongorilla\n|-supereffective|p2a: Bongorilla\n|-damage|p2a: Bongorilla|40\/100\n|-damage|p1b: Blaziken|46\/100|[from] Recoil\n|move|p1a: Noivern|Draco Meteor|p2b: Tenorch\n|-damage|p2b: Tenorch|0 fnt\n|-unboost|p1a: Noivern|spa|2\n|faint|p2b: Tenorch\n|\n|-weather|none\n|-heal|p1b: Blaziken|52\/100|[from] Grassy Terrain\n|-heal|p2a: Bongorilla|46\/100|[from] Grassy Terrain\n|-ability|p1b: Blaziken|Speed Boost|boost\n|-boost|p1b: Blaziken|spe|1\n|upkeep\n|\n|t:|1698257184\n|switch|p2b: Sopraino|Primarina, F|100\/100\n|turn|9\n|\n|t:|1698257203\n|move|p1b: Blaziken|Brave Bird|p2a: Bongorilla\n|-supereffective|p2a: Bongorilla\n|-damage|p2a: Bongorilla|0 fnt\n|faint|p2a: Bongorilla\n|-damage|p1b: Blaziken|35\/100|[from] Recoil\n|move|p1a: Noivern|Draco Meteor|p2b: Sopraino\n|-immune|p2b: Sopraino\n|move|p2b: Sopraino|Moonblast|p1a: Noivern\n|-supereffective|p1a: Noivern\n|-damage|p1a: Noivern|0 fnt\n|faint|p1a: Noivern\n|\n|-heal|p1b: Blaziken|41\/100|[from] Grassy Terrain\n|-ability|p1b: Blaziken|Speed Boost|boost\n|-boost|p1b: Blaziken|spe|1\n|upkeep\n|c|\u2606knightgem|Gg\n|c|\u2606Empress_Anna|ggs\n|\n|t:|1698257217\n|switch|p1a: Mimikyu|Mimikyu, F|100\/100\n|turn|10\n|\n|t:|1698257227\n|move|p1b: Blaziken|Thunder Punch|p2b: Sopraino\n|-supereffective|p2b: Sopraino\n|-damage|p2b: Sopraino|30\/100\n|move|p1a: Mimikyu|Bulk Up|p1a: Mimikyu\n|-boost|p1a: Mimikyu|atk|1\n|-boost|p1a: Mimikyu|def|1\n|move|p2b: Sopraino|Sparkling Aria|p1b: Blaziken|[spread] p1a,p1b\n|-supereffective|p1b: Blaziken\n|-activate|p1a: Mimikyu|ability: Disguise\n|-damage|p1a: Mimikyu|100\/100\n|-damage|p1b: Blaziken|0 fnt\n|detailschange|p1a: Mimikyu|Mimikyu-Busted, F\n|-damage|p1a: Mimikyu|88\/100|[from] pokemon: Mimikyu-Busted\n|faint|p1b: Blaziken\n|\n|-heal|p1a: Mimikyu|94\/100|[from] Grassy Terrain\n|-heal|p2b: Sopraino|36\/100|[from] Grassy Terrain\n|upkeep\n|turn|11\n|\n|t:|1698257251\n|move|p1a: Mimikyu|Play Rough|p2b: Sopraino|[miss]\n|-miss|p1a: Mimikyu|p2b: Sopraino\n|move|p2b: Sopraino|Encore|p1a: Mimikyu\n|-start|p1a: Mimikyu|Encore\n|\n|-heal|p1a: Mimikyu|99\/100|[from] Grassy Terrain\n|-heal|p2b: Sopraino|42\/100|[from] Grassy Terrain\n|upkeep\n|turn|12\n|\n|t:|1698257259\n|move|p1a: Mimikyu|Play Rough|p2b: Sopraino\n|-damage|p2b: Sopraino|0 fnt\n|faint|p2b: Sopraino\n|\n|win|Empress_Anna\n|raw|Empress_Anna's rating: 1245 &rarr; <strong>1265<\/strong><br \/>(+20 for winning)\n|raw|knightgem's rating: 1172 &rarr; <strong>1152<\/strong><br \/>(-20 for losing)\n|c|\u2606knightgem|I could've won if I used my z move lol\n|c|\u2606Empress_Anna|fun fight! ggs\n|c|\u2606Empress_Anna|yeh\n|c|\u2606knightgem|Gg\n|l|\u2606knightgem\n","uploadtime":1698257343,"views":8,"p1id":"empressanna","p2id":"knightgem","formatid":"gen9nationaldexdoubles","rating":1152,"private":0,"password":""}