{"id":"gen9nationaldexdoubles-2000171899","p1":"Kikaio","p2":"TexanFarmersMarket","format":"[Gen 9] National Dex Doubles","log":"|j|\u2606Kikaio\n|j|\u2606TexanFarmersMarket\n|t:|1701166967\n|gametype|doubles\n|player|p1|Kikaio|veteran|1095\n|player|p2|TexanFarmersMarket|lusamine-nihilego|1073\n|teamsize|p1|6\n|teamsize|p2|6\n|gen|9\n|tier|[Gen 9] National Dex Doubles\n|rated|\n|rule|HP Percentage Mod: HP is shown in percentages\n|rule|Endless Battle Clause: Forcing endless battles is banned\n|rule|OHKO Clause: OHKO moves are banned\n|rule|Evasion Moves Clause: Evasion moves are banned\n|rule|Evasion Abilities Clause: Evasion abilities are banned\n|rule|Species Clause: Limit one of each Pok\u00e9mon\n|rule|Gravity Sleep Clause: The combination of sleep-inducing moves with imperfect accuracy and Gravity or Gigantamax Orbeetle are banned\n|clearpoke\n|poke|p1|Ursaring, M|\n|poke|p1|Solrock|\n|poke|p1|Stakataka|\n|poke|p1|Lunatone|\n|poke|p1|Shuckle, F|\n|poke|p1|Rampardos, F|\n|poke|p2|Urshifu-*, F|\n|poke|p2|Pelipper, M|\n|poke|p2|Swampert, M|\n|poke|p2|Floatzel, F|\n|poke|p2|Rotom-Wash|\n|poke|p2|Samurott-Hisui, M|\n|teampreview\n|inactive|Battle timer is ON: inactive players will automatically lose when time's up. (requested by TexanFarmersMarket)\n|\n|t:|1701166975\n|start\n|switch|p1a: Kenai|Ursaring, M|100\/100\n|switch|p1b: Salroka|Solrock|100\/100\n|switch|p2a: Pelipper|Pelipper, M|100\/100\n|switch|p2b: Floatzel|Floatzel, F|100\/100\n|-weather|RainDance|[from] ability: Drizzle|[of] p2a: Pelipper\n|turn|1\n|\n|t:|1701166999\n|-terastallize|p2b: Floatzel|Water\n|move|p2b: Floatzel|Wave Crash|p1b: Salroka\n|-supereffective|p1b: Salroka\n|-damage|p1b: Salroka|0 fnt\n|faint|p1b: Salroka\n|-damage|p2b: Floatzel|60\/100|[from] Recoil\n|move|p2a: Pelipper|Tailwind|p2a: Pelipper\n|-sidestart|p2: TexanFarmersMarket|move: Tailwind\n|move|p1a: Kenai|Throat Chop|p2b: Floatzel\n|-damage|p2b: Floatzel|9\/100\n|-start|p2b: Floatzel|Throat Chop|[silent]\n|\n|-weather|RainDance|[upkeep]\n|upkeep\n|inactive|Kikaio has 120 seconds left.\n|\n|t:|1701167021\n|switch|p1b: Walls Have Eyes|Stakataka|100\/100\n|turn|2\n|\n|t:|1701167036\n|move|p2b: Floatzel|Wave Crash|p1b: Walls Have Eyes\n|-supereffective|p1b: Walls Have Eyes\n|-damage|p1b: Walls Have Eyes|0 fnt\n|faint|p1b: Walls Have Eyes\n|-damage|p2b: Floatzel|0 fnt|[from] Recoil\n|faint|p2b: Floatzel\n|move|p2a: Pelipper|Hydro Pump|p1a: Kenai|[miss]\n|-miss|p2a: Pelipper|p1a: Kenai\n|move|p1a: Kenai|Throat Chop|p2a: Pelipper\n|-damage|p2a: Pelipper|70\/100\n|-start|p2a: Pelipper|Throat Chop|[silent]\n|\n|-weather|RainDance|[upkeep]\n|upkeep\n|\n|t:|1701167050\n|switch|p2b: Urshifu|Urshifu-Rapid-Strike, F|100\/100\n|switch|p1b: Lovetone|Lunatone|100\/100\n|turn|3\n|\n|t:|1701167070\n|move|p2b: Urshifu|Surging Strikes|p1b: Lovetone\n|-supereffective|p1b: Lovetone\n|-crit|p1b: Lovetone\n|-damage|p1b: Lovetone|17\/100\n|-supereffective|p1b: Lovetone\n|-crit|p1b: Lovetone\n|-damage|p1b: Lovetone|0 fnt\n|faint|p1b: Lovetone\n|-hitcount|p1: Lovetone|2\n|move|p2a: Pelipper|Hurricane|p1a: Kenai\n|-damage|p1a: Kenai|64\/100\n|-start|p1a: Kenai|confusion\n|-activate|p1a: Kenai|confusion\n|move|p1a: Kenai|Throat Chop|p2b: Urshifu\n|-resisted|p2b: Urshifu\n|-damage|p2b: Urshifu|86\/100\n|-start|p2b: Urshifu|Throat Chop|[silent]\n|\n|-weather|RainDance|[upkeep]\n|-end|p2a: Pelipper|Throat Chop|[silent]\n|upkeep\n|inactive|Kikaio has 120 seconds left.\n|\n|t:|1701167089\n|switch|p1b: Chilly Pepper|Rampardos, F, shiny|100\/100\n|turn|4\n|inactive|Kikaio has 120 seconds left.\n|\n|t:|1701167117\n|-terastallize|p1a: Kenai|Normal\n|move|p2b: Urshifu|Surging Strikes|p1a: Kenai\n|-crit|p1a: Kenai\n|-damage|p1a: Kenai|34\/100\n|-crit|p1a: Kenai\n|-damage|p1a: Kenai|0 fnt\n|faint|p1a: Kenai\n|-hitcount|p1: Kenai|2\n|move|p2a: Pelipper|Hydro Pump|p1b: Chilly Pepper\n|-supereffective|p1b: Chilly Pepper\n|-damage|p1b: Chilly Pepper|0 fnt\n|faint|p1b: Chilly Pepper\n|\n|-weather|RainDance|[upkeep]\n|-end|p2b: Urshifu|Throat Chop|[silent]\n|-sideend|p2: TexanFarmersMarket|move: Tailwind\n|upkeep\n|inactive|Kikaio has 120 seconds left.\n|\n|t:|1701167133\n|switch|p1a: This Gonna Shuck|Shuckle, F|100\/100\n|turn|5\n|\n|t:|1701167145\n|move|p2b: Urshifu|Surging Strikes|p1a: This Gonna Shuck\n|-supereffective|p1a: This Gonna Shuck\n|-crit|p1a: This Gonna Shuck\n|-damage|p1a: This Gonna Shuck|54\/100\n|-supereffective|p1a: This Gonna Shuck\n|-crit|p1a: This Gonna Shuck\n|-damage|p1a: This Gonna Shuck|7\/100\n|-supereffective|p1a: This Gonna Shuck\n|-crit|p1a: This Gonna Shuck\n|-damage|p1a: This Gonna Shuck|0 fnt\n|faint|p1a: This Gonna Shuck\n|-hitcount|p1: This Gonna Shuck|3\n|\n|win|TexanFarmersMarket\n|raw|Kikaio's rating: 1095 &rarr; <strong>1072<\/strong><br \/>(-23 for losing)\n|raw|TexanFarmersMarket's rating: 1107 &rarr; <strong>1131<\/strong><br \/>(+24 for winning)\n","uploadtime":1701167154,"views":20,"p1id":"kikaio","p2id":"texanfarmersmarket","formatid":"gen9nationaldexdoubles","rating":1072,"private":0,"password":""}