{"id":"gen9nationaldexdoubles-1985778376","p1":"LightOfTheRuin","p2":"TREC117","format":"[Gen 9] National Dex Doubles","log":"|j|\u2606LightOfTheRuin\n|j|\u2606TREC117\n|t:|1699405165\n|gametype|doubles\n|player|p1|LightOfTheRuin|mallow-masters|1210\n|player|p2|TREC117|hugh|1375\n|teamsize|p1|6\n|teamsize|p2|6\n|gen|9\n|tier|[Gen 9] National Dex Doubles\n|rated|\n|rule|HP Percentage Mod: HP is shown in percentages\n|rule|Endless Battle Clause: Forcing endless battles is banned\n|rule|OHKO Clause: OHKO moves are banned\n|rule|Evasion Moves Clause: Evasion moves are banned\n|rule|Evasion Abilities Clause: Evasion abilities are banned\n|rule|Species Clause: Limit one of each Pok\u00e9mon\n|rule|Gravity Sleep Clause: The combination of sleep-inducing moves with imperfect accuracy and Gravity or Gigantamax Orbeetle are banned\n|clearpoke\n|poke|p1|Cherrim, F|\n|poke|p1|Lurantis, F|\n|poke|p1|Charizard, M|\n|poke|p1|Malamar, M|\n|poke|p1|Walking Wake|\n|poke|p1|Golurk|\n|poke|p2|Dragapult, F|\n|poke|p2|Rillaboom, F|\n|poke|p2|Chien-Pao|\n|poke|p2|Ogerpon-Hearthflame, F|\n|poke|p2|Urshifu-*, M|\n|poke|p2|Coalossal, F|\n|teampreview\n|\n|t:|1699405184\n|start\n|switch|p1a: Hades|Malamar, M|100\/100\n|switch|p1b: Poseidon|Walking Wake|100\/100\n|switch|p2a: Coalossal|Coalossal, F|100\/100\n|switch|p2b: Dragapult|Dragapult, F|100\/100\n|turn|1\n|\n|t:|1699405206\n|-terastallize|p2a: Coalossal|Fire\n|move|p1b: Poseidon|Flip Turn|p2a: Coalossal\n|-supereffective|p2a: Coalossal\n|-damage|p2a: Coalossal|76\/100\n|-ability|p2a: Coalossal|Steam Engine|boost\n|-boost|p2a: Coalossal|spe|6\n|-enditem|p2a: Coalossal|Weakness Policy\n|-boost|p2a: Coalossal|atk|2|[from] item: Weakness Policy\n|-boost|p2a: Coalossal|spa|2|[from] item: Weakness Policy\n|\n|t:|1699405213\n|-end|p1b: Poseidon|Protosynthesis|[silent]\n|switch|p1b: Thanatos|Golurk, shiny|100\/100|[from] Flip Turn\n|move|p2a: Coalossal|Heat Wave|p1b: Thanatos|[spread] p1a,p1b\n|-damage|p1a: Hades|36\/100\n|-damage|p1b: Thanatos|10\/100\n|move|p2b: Dragapult|Surf|p1b: Thanatos|[spread] p2a,p1a,p1b\n|-supereffective|p2a: Coalossal\n|-supereffective|p1b: Thanatos\n|-damage|p2a: Coalossal|52\/100\n|-damage|p1a: Hades|26\/100\n|-damage|p1b: Thanatos|0 fnt\n|faint|p1b: Thanatos\n|move|p1a: Hades|Trick Room|p1a: Hades\n|-fieldstart|move: Trick Room|[of] p1a: Hades\n|\n|upkeep\n|\n|t:|1699405235\n|switch|p1b: Eos|Cherrim, F, shiny|100\/100\n|turn|2\n|\n|t:|1699405253\n|move|p1a: Hades|Topsy-Turvy|p2a: Coalossal\n|-invertboost|p2a: Coalossal|[from] move: Topsy-Turvy\n|move|p2a: Coalossal|Heat Wave|p1a: Hades|[spread] p1a,p1b\n|-supereffective|p1b: Eos\n|-damage|p1a: Hades|11\/100\n|-damage|p1b: Eos|49\/100\n|move|p1b: Eos|Pollen Puff|p1a: Hades\n|-heal|p1a: Hades|61\/100\n|move|p2b: Dragapult|Dragon Darts|p1a: Hades\n|-damage|p1a: Hades|31\/100\n|-anim|p2b: Dragapult|Dragon Darts|p1b: Eos\n|-damage|p1b: Eos|25\/100\n|\n|-heal|p1b: Eos|31\/100|[from] item: Leftovers\n|upkeep\n|turn|3\n|\n|t:|1699405272\n|move|p2a: Coalossal|Heat Wave|p1a: Hades|[spread] p1a\n|-miss|p2a: Coalossal|p1b: Eos\n|-damage|p1a: Hades|16\/100\n|move|p1a: Hades|Knock Off|p2b: Dragapult\n|-supereffective|p2b: Dragapult\n|-damage|p2b: Dragapult|14\/100\n|-enditem|p2b: Dragapult|Heavy-Duty Boots|[from] move: Knock Off|[of] p1a: Hades\n|move|p1b: Eos|Pollen Puff|p1a: Hades\n|-heal|p1a: Hades|66\/100\n|move|p2b: Dragapult|Dragon Darts|p1b: Eos\n|-damage|p1b: Eos|5\/100\n|-anim|p2b: Dragapult|Dragon Darts|p1a: Hades\n|-damage|p1a: Hades|40\/100\n|\n|-heal|p1b: Eos|12\/100|[from] item: Leftovers\n|upkeep\n|turn|4\n|\n|t:|1699405289\n|move|p2b: Dragapult|Protect|p2b: Dragapult\n|-singleturn|p2b: Dragapult|Protect\n|move|p2a: Coalossal|Heat Wave|p1a: Hades|[spread] p1a,p1b\n|-supereffective|p1b: Eos\n|-damage|p1a: Hades|26\/100\n|-damage|p1b: Eos|0 fnt\n|faint|p1b: Eos\n|move|p1a: Hades|Knock Off|p2b: Dragapult\n|-activate|p2b: Dragapult|move: Protect\n|\n|upkeep\n|\n|t:|1699405306\n|switch|p1b: Poseidon|Walking Wake|100\/100\n|turn|5\n|\n|t:|1699405325\n|switch|p2a: Rillaboom|Rillaboom, F|100\/100\n|-fieldstart|move: Grassy Terrain|[from] ability: Grassy Surge|[of] p2a: Rillaboom\n|switch|p2b: Ogerpon|Ogerpon-Hearthflame, F|100\/100\n|-ability|p2b: Ogerpon|Mold Breaker\n|move|p1a: Hades|Knock Off|p2b: Ogerpon\n|-damage|p2b: Ogerpon|71\/100\n|move|p1b: Poseidon|Hydro Steam|p2a: Rillaboom\n|-resisted|p2a: Rillaboom\n|-damage|p2a: Rillaboom|86\/100\n|\n|-heal|p1a: Hades|32\/100|[from] Grassy Terrain\n|-heal|p2a: Rillaboom|93\/100|[from] Grassy Terrain\n|-heal|p2b: Ogerpon|77\/100|[from] Grassy Terrain\n|-fieldend|move: Trick Room\n|upkeep\n|turn|6\n|\n|t:|1699405357\n|move|p1b: Poseidon|Hydro Steam|p2b: Ogerpon\n|-damage|p2b: Ogerpon|30\/100\n|move|p2b: Ogerpon|Ivy Cudgel|p1a: Hades\n|-damage|p1a: Hades|0 fnt\n|faint|p1a: Hades\n|move|p2a: Rillaboom|U-turn|p1b: Poseidon\n|-crit|p1b: Poseidon\n|-damage|p1b: Poseidon|54\/100\n|\n|t:|1699405372\n|switch|p2a: Urshifu|Urshifu-Rapid-Strike, M|100\/100|[from] U-turn\n|\n|-heal|p1b: Poseidon|60\/100|[from] Grassy Terrain\n|-heal|p2b: Ogerpon|36\/100|[from] Grassy Terrain\n|upkeep\n|\n|t:|1699405375\n|switch|p1a: Apollo|Charizard, M|100\/100\n|turn|7\n|\n|t:|1699405387\n|detailschange|p1a: Apollo|Charizard-Mega-Y, M\n|-mega|p1a: Apollo|Charizard|Charizardite Y\n|-weather|SunnyDay|[from] ability: Drought|[of] p1a: Apollo\n|-activate|p1b: Poseidon|ability: Protosynthesis\n|-start|p1b: Poseidon|protosynthesisspa\n|move|p2b: Ogerpon|Spiky Shield|p2b: Ogerpon\n|-singleturn|p2b: Ogerpon|move: Protect\n|move|p1b: Poseidon|Hydro Steam|p2b: Ogerpon\n|-activate|p2b: Ogerpon|move: Protect\n|move|p2a: Urshifu|Surging Strikes|p1a: Apollo\n|-supereffective|p1a: Apollo\n|-crit|p1a: Apollo\n|-damage|p1a: Apollo|75\/100\n|-supereffective|p1a: Apollo\n|-crit|p1a: Apollo\n|-damage|p1a: Apollo|50\/100\n|-supereffective|p1a: Apollo\n|-crit|p1a: Apollo\n|-damage|p1a: Apollo|26\/100\n|-hitcount|p1a: Apollo|3\n|move|p1a: Apollo|Air Slash|p2a: Urshifu\n|-supereffective|p2a: Urshifu\n|-damage|p2a: Urshifu|0 fnt\n|faint|p2a: Urshifu\n|\n|-weather|SunnyDay|[upkeep]\n|-heal|p1b: Poseidon|67\/100|[from] Grassy Terrain\n|-heal|p2b: Ogerpon|42\/100|[from] Grassy Terrain\n|upkeep\n|\n|t:|1699405414\n|switch|p2a: Coalossal|Coalossal, F, tera:Fire|52\/100\n|turn|8\n|\n|t:|1699405426\n|move|p2b: Ogerpon|Follow Me|p2b: Ogerpon\n|-singleturn|p2b: Ogerpon|move: Follow Me\n|move|p1b: Poseidon|Hydro Steam|p2b: Ogerpon\n|-crit|p2b: Ogerpon\n|-damage|p2b: Ogerpon|0 fnt\n|faint|p2b: Ogerpon\n|move|p1a: Apollo|Roost|p1a: Apollo\n|-heal|p1a: Apollo|76\/100\n|-singleturn|p1a: Apollo|move: Roost\n|move|p2a: Coalossal|Power Gem|p1a: Apollo\n|-supereffective|p1a: Apollo\n|-damage|p1a: Apollo|23\/100\n|\n|-weather|SunnyDay|[upkeep]\n|-heal|p1b: Poseidon|73\/100|[from] Grassy Terrain\n|-heal|p1a: Apollo|29\/100|[from] Grassy Terrain\n|-heal|p2a: Coalossal|58\/100|[from] Grassy Terrain\n|upkeep\n|\n|t:|1699405444\n|switch|p2b: Dragapult|Dragapult, F|14\/100\n|turn|9\n|\n|t:|1699405458\n|move|p1b: Poseidon|Hydro Steam|p2a: Coalossal\n|-supereffective|p2a: Coalossal\n|-damage|p2a: Coalossal|0 fnt\n|faint|p2a: Coalossal\n|move|p2b: Dragapult|Dragon Claw|p1b: Poseidon\n|-supereffective|p1b: Poseidon\n|-damage|p1b: Poseidon|0 fnt\n|faint|p1b: Poseidon\n|-end|p1b: Poseidon|Protosynthesis|[silent]\n|move|p1a: Apollo|Air Slash|p2b: Dragapult\n|-damage|p2b: Dragapult|0 fnt\n|faint|p2b: Dragapult\n|\n|-weather|SunnyDay|[upkeep]\n|-fieldend|move: Grassy Terrain\n|upkeep\n|\n|t:|1699405471\n|switch|p2b: Chien-Pao|Chien-Pao|100\/100\n|switch|p1b: Demeter|Lurantis, F|100\/100\n|switch|p2a: Rillaboom|Rillaboom, F|93\/100\n|-ability|p2b: Chien-Pao|Sword of Ruin\n|-fieldstart|move: Grassy Terrain|[from] ability: Grassy Surge|[of] p2a: Rillaboom\n|turn|10\n|\n|t:|1699405489\n|-terastallize|p1b: Demeter|Fighting\n|move|p2a: Rillaboom|Grassy Glide|p1a: Apollo\n|-resisted|p1a: Apollo\n|-damage|p1a: Apollo|16\/100\n|move|p2b: Chien-Pao|Icicle Crash|p1b: Demeter|[miss]\n|-miss|p2b: Chien-Pao|p1b: Demeter\n|move|p1a: Apollo|Heat Wave|p2b: Chien-Pao|[spread] p2a,p2b\n|-supereffective|p2a: Rillaboom\n|-supereffective|p2b: Chien-Pao\n|-damage|p2a: Rillaboom|6\/100\n|-enditem|p2b: Chien-Pao|Focus Sash\n|-damage|p2b: Chien-Pao|1\/100\n|move|p1b: Demeter|Superpower|p2b: Chien-Pao\n|-supereffective|p2b: Chien-Pao\n|-damage|p2b: Chien-Pao|0 fnt\n|-boost|p1b: Demeter|atk|1\n|-boost|p1b: Demeter|def|1\n|faint|p2b: Chien-Pao\n|\n|-weather|SunnyDay|[upkeep]\n|-heal|p2a: Rillaboom|13\/100|[from] Grassy Terrain\n|upkeep\n|turn|11\n|-message|TREC117 forfeited.\n|\n|win|LightOfTheRuin\n|raw|LightOfTheRuin's rating: 1210 &rarr; <strong>1246<\/strong><br \/>(+36 for winning)\n|raw|TREC117's rating: 1375 &rarr; <strong>1346<\/strong><br \/>(-29 for losing)\n|l|\u2606TREC117\n","uploadtime":1699405509,"views":11,"p1id":"lightoftheruin","p2id":"trec117","formatid":"gen9nationaldexdoubles","rating":1246,"private":0,"password":""}