{"id":"gen9nationaldexdoubles-1999032716","p1":"jamon_con_talco","p2":"ELGRANCRAC","format":"[Gen 9] National Dex Doubles","log":"|j|\u2606jamon_con_talco\n|j|\u2606ELGRANCRAC\n|t:|1701025950\n|gametype|doubles\n|player|p1|jamon_con_talco|veteran|\n|player|p2|ELGRANCRAC|red|\n|teamsize|p1|6\n|teamsize|p2|6\n|gen|9\n|tier|[Gen 9] National Dex Doubles\n|rule|HP Percentage Mod: HP is shown in percentages\n|rule|Endless Battle Clause: Forcing endless battles is banned\n|rule|OHKO Clause: OHKO moves are banned\n|rule|Evasion Moves Clause: Evasion moves are banned\n|rule|Evasion Abilities Clause: Evasion abilities are banned\n|rule|Species Clause: Limit one of each Pok\u00e9mon\n|rule|Gravity Sleep Clause: The combination of sleep-inducing moves with imperfect accuracy and Gravity or Gigantamax Orbeetle are banned\n|clearpoke\n|poke|p1|Banette, M|\n|poke|p1|Oricorio, F|\n|poke|p1|Kommo-o, F|\n|poke|p1|Qwilfish-Hisui, F|\n|poke|p1|Lilligant, F|\n|poke|p1|Quaquaval, M|\n|poke|p2|Oricorio-Pom-Pom, F|\n|poke|p2|Volcarona, M|\n|poke|p2|Hawlucha, M|\n|poke|p2|Kingambit, M|\n|poke|p2|Cresselia, F|\n|poke|p2|Rillaboom, M|\n|teampreview\n|inactive|Battle timer is ON: inactive players will automatically lose when time's up. (requested by ELGRANCRAC)\n|j| Leuco9\n|c|\u2606ELGRANCRAC|1-1\n|\n|t:|1701025968\n|start\n|switch|p1a: Kommo-o|Kommo-o, F, shiny|100\/100\n|switch|p1b: Banette|Banette, M, shiny|100\/100\n|switch|p2a: Pom pom|Oricorio-Pom-Pom, F, shiny|100\/100\n|switch|p2b: Peruano|Rillaboom, M, shiny|100\/100\n|-fieldstart|move: Grassy Terrain|[from] ability: Grassy Surge|[of] p2b: Peruano\n|-item|p2a: Pom pom|Leftovers|[from] ability: Frisk|[of] p1b: Banette|[identify]\n|-item|p2b: Peruano|Assault Vest|[from] ability: Frisk|[of] p1b: Banette|[identify]\n|turn|1\n|c|\u2606ELGRANCRAC|Si pierdo me salgo\n|\n|t:|1701025983\n|detailschange|p1b: Banette|Banette-Mega, M, shiny\n|-mega|p1b: Banette|Banette|Banettite\n|move|p2b: Peruano|Fake Out|p1a: Kommo-o\n|-damage|p1a: Kommo-o|87\/100\n|move|p1b: Banette|Metronome|p1b: Banette\n|move|p1b: Banette|Perish Song|p1b: Banette|[from]move: Metronome\n|-immune|p1a: Kommo-o|[from] ability: Soundproof\n|-start|p1b: Banette|perish3|[silent]\n|-start|p2a: Pom pom|perish3|[silent]\n|-start|p2b: Peruano|perish3|[silent]\n|-fieldactivate|move: Perish Song\n|move|p2a: Pom pom|Hurricane|p1a: Kommo-o\n|-supereffective|p1a: Kommo-o\n|-damage|p1a: Kommo-o|0 fnt\n|faint|p1a: Kommo-o\n|\n|-start|p2a: Pom pom|perish3\n|-start|p2b: Peruano|perish3\n|-start|p1b: Banette|perish3\n|upkeep\n|\n|t:|1701025998\n|switch|p1a: Qwilfish|Qwilfish-Hisui, F, shiny|100\/100\n|turn|2\n|\n|t:|1701026009\n|move|p1b: Banette|Metronome|p1b: Banette\n|move|p1b: Banette|Wild Charge|p2a: Pom pom|[from]move: Metronome\n|-damage|p2a: Pom pom|52\/100\n|-damage|p1b: Banette|88\/100|[from] Recoil\n|move|p2a: Pom pom|Tailwind|p2a: Pom pom\n|-sidestart|p2: ELGRANCRAC|move: Tailwind\n|move|p2b: Peruano|U-turn|p1b: Banette\n|-resisted|p1b: Banette\n|-damage|p1b: Banette|72\/100\n|\n|t:|1701026024\n|switch|p2b: El santo|Hawlucha, M, shiny|100\/100|[from] U-turn\n|-enditem|p2b: El santo|Grassy Seed\n|-boost|p2b: El santo|def|1|[from] item: Grassy Seed\n|move|p1a: Qwilfish|Acupressure|p1a: Qwilfish\n|-boost|p1a: Qwilfish|spa|2\n|\n|-heal|p2a: Pom pom|58\/100|[from] item: Leftovers\n|-heal|p1b: Banette|78\/100|[from] Grassy Terrain\n|-start|p2a: Pom pom|perish2\n|-start|p1b: Banette|perish2\n|upkeep\n|turn|3\n|\n|t:|1701026044\n|move|p1b: Banette|Metronome|p1b: Banette\n|move|p1b: Banette|Ice Beam|p2b: El santo|[from]move: Metronome\n|-supereffective|p2b: El santo\n|-damage|p2b: El santo|54\/100\n|move|p2b: El santo|Taunt|p1a: Qwilfish\n|-start|p1a: Qwilfish|move: Taunt\n|move|p2a: Pom pom|Revelation Dance|p1b: Banette\n|-damage|p1b: Banette|45\/100\n|cant|p1a: Qwilfish|move: Taunt|Acupressure\n|\n|-heal|p2a: Pom pom|64\/100|[from] item: Leftovers\n|-heal|p1b: Banette|51\/100|[from] Grassy Terrain\n|-start|p2a: Pom pom|perish1\n|-start|p1b: Banette|perish1\n|upkeep\n|turn|4\n|\n|t:|1701026066\n|switch|p2a: Peruano|Rillaboom, M, shiny|100\/100\n|switch|p1b: Oricorio|Oricorio, F, shiny|100\/100\n|move|p2b: El santo|Acrobatics|p1b: Oricorio\n|-damage|p1b: Oricorio|27\/100\n|-enditem|p1b: Oricorio|Sitrus Berry|[eat]\n|-heal|p1b: Oricorio|52\/100|[from] item: Sitrus Berry\n|move|p1a: Qwilfish|Barb Barrage|p2b: El santo\n|-damage|p2b: El santo|33\/100\n|\n|upkeep\n|turn|5\n|\n|t:|1701026088\n|move|p2a: Peruano|Fake Out|p1a: Qwilfish\n|-damage|p1a: Qwilfish|91\/100\n|-status|p2a: Peruano|psn|[from] ability: Poison Point|[of] p1a: Qwilfish\n|move|p2b: El santo|Acrobatics|p1b: Oricorio\n|-damage|p1b: Oricorio|0 fnt\n|faint|p1b: Oricorio\n|cant|p1a: Qwilfish|flinch\n|\n|-heal|p1a: Qwilfish|97\/100|[from] Grassy Terrain\n|-damage|p2a: Peruano|88\/100 psn|[from] psn\n|-end|p1a: Qwilfish|move: Taunt\n|-sideend|p2: ELGRANCRAC|move: Tailwind\n|-fieldend|move: Grassy Terrain\n|upkeep\n|\n|t:|1701026099\n|switch|p1b: Banette|Banette-Mega, M, shiny|51\/100\n|turn|6\n|\n|t:|1701026107\n|move|p1b: Banette|Metronome|p1b: Banette\n|move|p1b: Banette|Take Heart|p1b: Banette|[from]move: Metronome\n|-boost|p1b: Banette|spa|1\n|-boost|p1b: Banette|spd|1\n|move|p2b: El santo|Taunt|p1a: Qwilfish\n|-start|p1a: Qwilfish|move: Taunt\n|move|p2a: Peruano|Wood Hammer|p1b: Banette\n|-crit|p1b: Banette\n|-damage|p1b: Banette|0 fnt\n|faint|p1b: Banette\n|-damage|p2a: Peruano|75\/100 psn|[from] Recoil\n|cant|p1a: Qwilfish|move: Taunt|Acupressure\n|\n|-damage|p2a: Peruano|62\/100 psn|[from] psn\n|upkeep\n|\n|t:|1701026114\n|switch|p1b: Quaquaval|Quaquaval, M|100\/100\n|turn|7\n|\n|t:|1701026130\n|switch|p2a: Pom pom|Oricorio-Pom-Pom, F, shiny|64\/100\n|-terastallize|p1b: Quaquaval|Steel\n|move|p2b: El santo|Acrobatics|p1b: Quaquaval\n|-resisted|p1b: Quaquaval\n|-damage|p1b: Quaquaval|67\/100\n|move|p1b: Quaquaval|Aqua Step|p2b: El santo\n|-damage|p2b: El santo|0 fnt\n|-boost|p1b: Quaquaval|spe|1\n|faint|p2b: El santo\n|-ability|p1b: Quaquaval|Moxie|boost\n|-boost|p1b: Quaquaval|atk|1\n|-activate|p2a: Pom pom|ability: Dancer\n|move|p2a: Pom pom|Aqua Step|p1b: Quaquaval|[from]ability: Dancer\n|-damage|p1b: Quaquaval|55\/100\n|-boost|p2a: Pom pom|spe|1\n|move|p1a: Qwilfish|Barb Barrage|p2a: Pom pom\n|-damage|p2a: Pom pom|39\/100\n|\n|-heal|p2a: Pom pom|46\/100|[from] item: Leftovers\n|upkeep\n|\n|t:|1701026143\n|switch|p2b: Peruano|Rillaboom, M, shiny|62\/100 psn\n|-fieldstart|move: Grassy Terrain|[from] ability: Grassy Surge|[of] p2b: Peruano\n|turn|8\n|\n|t:|1701026153\n|move|p1b: Quaquaval|Protect|p1b: Quaquaval\n|-singleturn|p1b: Quaquaval|Protect\n|move|p2a: Pom pom|Revelation Dance|p1b: Quaquaval\n|-activate|p1b: Quaquaval|move: Protect\n|move|p2b: Peruano|Wood Hammer|p1a: Qwilfish\n|-resisted|p1a: Qwilfish\n|-damage|p1a: Qwilfish|67\/100\n|-damage|p2b: Peruano|54\/100 psn|[from] Recoil\n|move|p1a: Qwilfish|Barb Barrage|p2b: Peruano\n|-supereffective|p2b: Peruano\n|-damage|p2b: Peruano|0 fnt\n|faint|p2b: Peruano\n|\n|-heal|p2a: Pom pom|52\/100|[from] item: Leftovers\n|-heal|p1b: Quaquaval|61\/100|[from] Grassy Terrain\n|-heal|p1a: Qwilfish|73\/100|[from] Grassy Terrain\n|-end|p1a: Qwilfish|move: Taunt\n|upkeep\n|\n|t:|1701026163\n|switch|p2b: Larva|Volcarona, M, shiny|100\/100\n|turn|9\n|\n|t:|1701026177\n|move|p2a: Pom pom|Revelation Dance|p1b: Quaquaval\n|-damage|p1b: Quaquaval|18\/100\n|move|p1b: Quaquaval|Aqua Step|p2b: Larva\n|-supereffective|p2b: Larva\n|-damage|p2b: Larva|0 fnt\n|-boost|p1b: Quaquaval|spe|1\n|faint|p2b: Larva\n|-ability|p1b: Quaquaval|Moxie|boost\n|-boost|p1b: Quaquaval|atk|1\n|-activate|p2a: Pom pom|ability: Dancer\n|move|p2a: Pom pom|Aqua Step|p1b: Quaquaval|[from]ability: Dancer\n|-damage|p1b: Quaquaval|6\/100\n|-boost|p2a: Pom pom|spe|1\n|move|p1a: Qwilfish|Acupressure|p1a: Qwilfish\n|-boost|p1a: Qwilfish|spe|2\n|\n|-heal|p2a: Pom pom|58\/100|[from] item: Leftovers\n|-heal|p1b: Quaquaval|12\/100|[from] Grassy Terrain\n|-heal|p1a: Qwilfish|79\/100|[from] Grassy Terrain\n|upkeep\n|\n|t:|1701026198\n|switch|p2b: Cress|Cresselia, F, shiny|100\/100\n|turn|10\n|\n|t:|1701026209\n|move|p1b: Quaquaval|Protect|p1b: Quaquaval\n|-singleturn|p1b: Quaquaval|Protect\n|move|p2a: Pom pom|Quiver Dance|p2a: Pom pom\n|-boost|p2a: Pom pom|spa|1\n|-boost|p2a: Pom pom|spd|1\n|-boost|p2a: Pom pom|spe|1\n|move|p1a: Qwilfish|Acupressure|p1a: Qwilfish\n|-boost|p1a: Qwilfish|def|2\n|move|p2b: Cress|Calm Mind|p2b: Cress\n|-boost|p2b: Cress|spa|1\n|-boost|p2b: Cress|spd|1\n|\n|-heal|p2a: Pom pom|64\/100|[from] item: Leftovers\n|-heal|p1b: Quaquaval|18\/100|[from] Grassy Terrain\n|-heal|p1a: Qwilfish|86\/100|[from] Grassy Terrain\n|upkeep\n|turn|11\n|\n|t:|1701026225\n|move|p1b: Quaquaval|Aqua Jet|p2a: Pom pom\n|-damage|p2a: Pom pom|0 fnt\n|faint|p2a: Pom pom\n|-ability|p1b: Quaquaval|Moxie|boost\n|-boost|p1b: Quaquaval|atk|1\n|move|p1a: Qwilfish|Barb Barrage|p2b: Cress\n|-damage|p2b: Cress|91\/100\n|move|p2b: Cress|Calm Mind|p2b: Cress\n|-boost|p2b: Cress|spa|1\n|-boost|p2b: Cress|spd|1\n|\n|-heal|p1b: Quaquaval|24\/100|[from] Grassy Terrain\n|-heal|p1a: Qwilfish|92\/100|[from] Grassy Terrain\n|-heal|p2b: Cress|97\/100|[from] item: Leftovers\n|upkeep\n|\n|t:|1701026228\n|switch|p2a: Adolfus|Kingambit, M|100\/100\n|-activate|p2a: Adolfus|ability: Supreme Overlord\n|-start|p2a: Adolfus|fallen4|[silent]\n|turn|12\n|\n|t:|1701026242\n|move|p1b: Quaquaval|Protect|p1b: Quaquaval\n|-singleturn|p1b: Quaquaval|Protect\n|move|p1a: Qwilfish|Acupressure|p1a: Qwilfish\n|-boost|p1a: Qwilfish|evasion|2\n|move|p2b: Cress|Moonblast|p1a: Qwilfish\n|-damage|p1a: Qwilfish|65\/100\n|move|p2a: Adolfus|Iron Head|p1a: Qwilfish|[miss]\n|-miss|p2a: Adolfus|p1a: Qwilfish\n|\n|-heal|p1b: Quaquaval|30\/100|[from] Grassy Terrain\n|-heal|p1a: Qwilfish|71\/100|[from] Grassy Terrain\n|-heal|p2b: Cress|100\/100|[from] item: Leftovers\n|-fieldend|move: Grassy Terrain\n|upkeep\n|turn|13\n|\n|t:|1701026258\n|move|p1b: Quaquaval|Close Combat|p2a: Adolfus\n|-supereffective|p2a: Adolfus\n|-damage|p2a: Adolfus|0 fnt\n|-unboost|p1b: Quaquaval|def|1\n|-unboost|p1b: Quaquaval|spd|1\n|faint|p2a: Adolfus\n|-end|p2a: Adolfus|fallen4|[silent]\n|-ability|p1b: Quaquaval|Moxie|boost\n|-boost|p1b: Quaquaval|atk|1\n|move|p1a: Qwilfish|Acupressure|p1a: Qwilfish\n|-boost|p1a: Qwilfish|spa|2\n|move|p2b: Cress|Calm Mind|p2b: Cress\n|-boost|p2b: Cress|spa|1\n|-boost|p2b: Cress|spd|1\n|\n|upkeep\n|turn|14\n|\n|t:|1701026267\n|-terastallize|p2b: Cress|Poison\n|move|p1b: Quaquaval|Aqua Step|p2b: Cress\n|-damage|p2b: Cress|30\/100\n|-boost|p1b: Quaquaval|spe|1\n|move|p1a: Qwilfish|Barb Barrage|p2b: Cress\n|-resisted|p2b: Cress\n|-damage|p2b: Cress|25\/100\n|move|p2b: Cress|Moonblast|p1b: Quaquaval\n|-resisted|p1b: Quaquaval\n|-damage|p1b: Quaquaval|0 fnt\n|faint|p1b: Quaquaval\n|\n|-heal|p2b: Cress|31\/100|[from] item: Leftovers\n|upkeep\n|\n|t:|1701026272\n|switch|p1b: Lilligant|Lilligant, F, shiny|100\/100\n|turn|15\n|\n|t:|1701026279\n|move|p1a: Qwilfish|Acupressure|p1a: Qwilfish\n|-boost|p1a: Qwilfish|accuracy|2\n|move|p1b: Lilligant|Sleep Powder|p2b: Cress\n|-status|p2b: Cress|slp|[from] move: Sleep Powder\n|cant|p2b: Cress|slp\n|\n|-heal|p2b: Cress|37\/100 slp|[from] item: Leftovers\n|upkeep\n|turn|16\n|\n|t:|1701026287\n|move|p1a: Qwilfish|Barb Barrage|p2b: Cress\n|-resisted|p2b: Cress\n|-damage|p2b: Cress|32\/100 slp\n|move|p1b: Lilligant|Petal Dance|p2b: Cress\n|-resisted|p2b: Cress\n|-damage|p2b: Cress|25\/100 slp\n|cant|p2b: Cress|slp\n|\n|-heal|p2b: Cress|31\/100 slp|[from] item: Leftovers\n|upkeep\n|turn|17\n|\n|t:|1701026299\n|move|p1a: Qwilfish|Acupressure|p1a: Qwilfish\n|-boost|p1a: Qwilfish|spd|2\n|move|p1b: Lilligant|Petal Dance|p2b: Cress|[from]lockedmove\n|-resisted|p2b: Cress\n|-damage|p2b: Cress|23\/100 slp\n|cant|p2b: Cress|slp\n|\n|-heal|p2b: Cress|29\/100 slp|[from] item: Leftovers\n|upkeep\n|turn|18\n|\n|t:|1701026309\n|move|p1a: Qwilfish|Acupressure|p1a: Qwilfish\n|-boost|p1a: Qwilfish|evasion|2\n|move|p1b: Lilligant|Tera Blast|p2b: Cress\n|-damage|p2b: Cress|21\/100 slp\n|-curestatus|p2b: Cress|slp|[msg]\n|move|p2b: Cress|Moonlight|p2b: Cress\n|-heal|p2b: Cress|71\/100\n|\n|-heal|p2b: Cress|78\/100|[from] item: Leftovers\n|upkeep\n|turn|19\n|\n|t:|1701026317\n|move|p1a: Qwilfish|Acupressure|p1a: Qwilfish\n|-boost|p1a: Qwilfish|spd|2\n|move|p1b: Lilligant|Quiver Dance|p1b: Lilligant\n|-boost|p1b: Lilligant|spa|1\n|-boost|p1b: Lilligant|spd|1\n|-boost|p1b: Lilligant|spe|1\n|move|p2b: Cress|Moonblast|p1b: Lilligant\n|-damage|p1b: Lilligant|54\/100\n|\n|-heal|p2b: Cress|84\/100|[from] item: Leftovers\n|upkeep\n|turn|20\n|\n|t:|1701026321\n|move|p1b: Lilligant|Quiver Dance|p1b: Lilligant\n|-boost|p1b: Lilligant|spa|1\n|-boost|p1b: Lilligant|spd|1\n|-boost|p1b: Lilligant|spe|1\n|move|p1a: Qwilfish|Acupressure|p1a: Qwilfish\n|-boost|p1a: Qwilfish|evasion|2\n|move|p2b: Cress|Moonblast|p1b: Lilligant\n|-damage|p1b: Lilligant|19\/100\n|\n|-heal|p2b: Cress|90\/100|[from] item: Leftovers\n|upkeep\n|turn|21\n|\n|t:|1701026331\n|move|p1b: Lilligant|Sleep Powder|p2b: Cress\n|-status|p2b: Cress|slp|[from] move: Sleep Powder\n|move|p1a: Qwilfish|Acupressure|p1b: Lilligant\n|-boost|p1b: Lilligant|atk|2\n|cant|p2b: Cress|slp\n|\n|-heal|p2b: Cress|96\/100 slp|[from] item: Leftovers\n|upkeep\n|turn|22\n|\n|t:|1701026342\n|move|p1b: Lilligant|Tera Blast|p2b: Cress\n|-damage|p2b: Cress|82\/100 slp\n|move|p1a: Qwilfish|Barb Barrage|p2b: Cress\n|-resisted|p2b: Cress\n|-damage|p2b: Cress|76\/100 slp\n|cant|p2b: Cress|slp\n|\n|-heal|p2b: Cress|82\/100 slp|[from] item: Leftovers\n|upkeep\n|turn|23\n|\n|t:|1701026356\n|move|p1b: Lilligant|Tera Blast|p2b: Cress\n|-crit|p2b: Cress\n|-damage|p2b: Cress|34\/100 slp\n|move|p1a: Qwilfish|Barb Barrage|p2b: Cress\n|-resisted|p2b: Cress\n|-damage|p2b: Cress|29\/100 slp\n|cant|p2b: Cress|slp\n|\n|-heal|p2b: Cress|35\/100 slp|[from] item: Leftovers\n|upkeep\n|turn|24\n|\n|t:|1701026364\n|move|p1b: Lilligant|Tera Blast|p2b: Cress\n|-damage|p2b: Cress|22\/100 slp\n|move|p1a: Qwilfish|Barb Barrage|p2b: Cress\n|-resisted|p2b: Cress\n|-damage|p2b: Cress|17\/100 slp\n|-curestatus|p2b: Cress|slp|[msg]\n|move|p2b: Cress|Moonlight|p2b: Cress\n|-heal|p2b: Cress|67\/100\n|\n|-heal|p2b: Cress|73\/100|[from] item: Leftovers\n|upkeep\n|turn|25\n|\n|t:|1701026371\n|move|p1b: Lilligant|Sleep Powder|p2b: Cress\n|-status|p2b: Cress|slp|[from] move: Sleep Powder\n|move|p1a: Qwilfish|Acupressure|p1b: Lilligant\n|-boost|p1b: Lilligant|def|2\n|cant|p2b: Cress|slp\n|\n|-heal|p2b: Cress|79\/100 slp|[from] item: Leftovers\n|upkeep\n|turn|26\n|\n|t:|1701026378\n|move|p1b: Lilligant|Tera Blast|p2b: Cress\n|-damage|p2b: Cress|65\/100 slp\n|move|p1a: Qwilfish|Acupressure|p1b: Lilligant\n|-boost|p1b: Lilligant|spe|2\n|cant|p2b: Cress|slp\n|\n|-heal|p2b: Cress|71\/100 slp|[from] item: Leftovers\n|upkeep\n|turn|27\n|\n|t:|1701026386\n|move|p1b: Lilligant|Tera Blast|p2b: Cress\n|-damage|p2b: Cress|58\/100 slp\n|move|p1a: Qwilfish|Acupressure|p1b: Lilligant\n|-boost|p1b: Lilligant|def|2\n|cant|p2b: Cress|slp\n|\n|-heal|p2b: Cress|64\/100 slp|[from] item: Leftovers\n|upkeep\n|turn|28\n|\n|t:|1701026401\n|move|p1b: Lilligant|Tera Blast|p2b: Cress\n|-damage|p2b: Cress|51\/100 slp\n|move|p1a: Qwilfish|Acupressure|p1b: Lilligant\n|-boost|p1b: Lilligant|spe|2\n|-curestatus|p2b: Cress|slp|[msg]\n|move|p2b: Cress|Moonblast|p1b: Lilligant\n|-damage|p1b: Lilligant|0 fnt\n|faint|p1b: Lilligant\n|\n|-heal|p2b: Cress|57\/100|[from] item: Leftovers\n|upkeep\n|turn|29\n|\n|t:|1701026408\n|move|p1a: Qwilfish|Barb Barrage|p2b: Cress\n|-resisted|p2b: Cress\n|-damage|p2b: Cress|52\/100\n|move|p2b: Cress|Moonlight|p2b: Cress\n|-heal|p2b: Cress|100\/100\n|\n|upkeep\n|turn|30\n|\n|t:|1701026413\n|move|p1a: Qwilfish|Acupressure|p1a: Qwilfish\n|-boost|p1a: Qwilfish|spd|2\n|move|p2b: Cress|Calm Mind|p2b: Cress\n|-boost|p2b: Cress|spa|1\n|-boost|p2b: Cress|spd|1\n|\n|upkeep\n|turn|31\n|\n|t:|1701026423\n|move|p1a: Qwilfish|Barb Barrage|p2b: Cress\n|-resisted|p2b: Cress\n|-damage|p2b: Cress|95\/100\n|move|p2b: Cress|Moonblast|p1a: Qwilfish\n|-damage|p1a: Qwilfish|61\/100\n|-unboost|p1a: Qwilfish|spa|1\n|\n|-heal|p2b: Cress|100\/100|[from] item: Leftovers\n|upkeep\n|turn|32\n|\n|t:|1701026427\n|move|p1a: Qwilfish|Acupressure|p1a: Qwilfish\n|-boost|p1a: Qwilfish|atk|2\n|move|p2b: Cress|Calm Mind|p2b: Cress\n|-boost|p2b: Cress|spa|1\n|-boost|p2b: Cress|spd|1\n|\n|upkeep\n|turn|33\n|\n|t:|1701026430\n|move|p1a: Qwilfish|Acupressure|p1a: Qwilfish\n|-boost|p1a: Qwilfish|def|2\n|move|p2b: Cress|Calm Mind|p2b: Cress\n|-boost|p2b: Cress|spa|1\n|-boost|p2b: Cress|spd|1\n|\n|upkeep\n|turn|34\n|\n|t:|1701026433\n|move|p1a: Qwilfish|Acupressure|p1a: Qwilfish\n|-boost|p1a: Qwilfish|accuracy|2\n|move|p2b: Cress|Moonblast|p1a: Qwilfish|[miss]\n|-miss|p2b: Cress|p1a: Qwilfish\n|\n|upkeep\n|turn|35\n|\n|t:|1701026440\n|move|p1a: Qwilfish|Acupressure|p1a: Qwilfish\n|-boost|p1a: Qwilfish|spa|2\n|move|p2b: Cress|Moonblast|p1a: Qwilfish|[miss]\n|-miss|p2b: Cress|p1a: Qwilfish\n|\n|upkeep\n|turn|36\n|\n|t:|1701026444\n|move|p1a: Qwilfish|Acupressure|p1a: Qwilfish\n|-boost|p1a: Qwilfish|atk|2\n|move|p2b: Cress|Moonblast|p1a: Qwilfish|[miss]\n|-miss|p2b: Cress|p1a: Qwilfish\n|\n|upkeep\n|turn|37\n|\n|t:|1701026449\n|move|p1a: Qwilfish|Acupressure|p1a: Qwilfish\n|-boost|p1a: Qwilfish|accuracy|2\n|move|p2b: Cress|Moonblast|p1a: Qwilfish|[miss]\n|-miss|p2b: Cress|p1a: Qwilfish\n|\n|upkeep\n|turn|38\n|c|\u2606jamon_con_talco|maldito nestor\n|\n|t:|1701026454\n|move|p1a: Qwilfish|Acupressure|p1a: Qwilfish\n|-boost|p1a: Qwilfish|spa|1\n|move|p2b: Cress|Moonblast|p1a: Qwilfish|[miss]\n|-miss|p2b: Cress|p1a: Qwilfish\n|\n|upkeep\n|turn|39\n|\n|t:|1701026461\n|move|p1a: Qwilfish|Acupressure|p1a: Qwilfish\n|-boost|p1a: Qwilfish|spe|2\n|move|p2b: Cress|Moonblast|p1a: Qwilfish|[miss]\n|-miss|p2b: Cress|p1a: Qwilfish\n|\n|upkeep\n|turn|40\n|\n|t:|1701026466\n|move|p1a: Qwilfish|Acupressure|p1a: Qwilfish\n|-boost|p1a: Qwilfish|def|2\n|move|p2b: Cress|Calm Mind|p2b: Cress\n|-boost|p2b: Cress|spa|0\n|-boost|p2b: Cress|spd|0\n|\n|upkeep\n|turn|41\n|\n|t:|1701026471\n|move|p1a: Qwilfish|Acupressure|p1a: Qwilfish\n|-boost|p1a: Qwilfish|atk|2\n|move|p2b: Cress|Calm Mind|p2b: Cress\n|-boost|p2b: Cress|spa|0\n|-boost|p2b: Cress|spd|0\n|\n|upkeep\n|turn|42\n|\n|t:|1701026475\n|move|p1a: Qwilfish|Acupressure|p1a: Qwilfish\n|-boost|p1a: Qwilfish|spe|2\n|move|p2b: Cress|Calm Mind|p2b: Cress\n|-boost|p2b: Cress|spa|0\n|-boost|p2b: Cress|spd|0\n|\n|upkeep\n|turn|43\n|\n|t:|1701026479\n|move|p1a: Qwilfish|Acupressure||[still]\n|-fail|p1a: Qwilfish\n|move|p2b: Cress|Calm Mind|p2b: Cress\n|-boost|p2b: Cress|spa|0\n|-boost|p2b: Cress|spd|0\n|\n|upkeep\n|turn|44\n|c|\u2606jamon_con_talco|tengo a x4 todo\n|c|\u2606jamon_con_talco|;-;\n|\n|t:|1701026492\n|move|p1a: Qwilfish|Barb Barrage|p2b: Cress\n|-resisted|p2b: Cress\n|-damage|p2b: Cress|81\/100\n|move|p2b: Cress|Calm Mind|p2b: Cress\n|-boost|p2b: Cress|spa|0\n|-boost|p2b: Cress|spd|0\n|\n|-heal|p2b: Cress|87\/100|[from] item: Leftovers\n|upkeep\n|turn|45\n|\n|t:|1701026498\n|move|p1a: Qwilfish|Barb Barrage|p2b: Cress\n|-resisted|p2b: Cress\n|-damage|p2b: Cress|67\/100\n|move|p2b: Cress|Calm Mind|p2b: Cress\n|-boost|p2b: Cress|spa|0\n|-boost|p2b: Cress|spd|0\n|\n|-heal|p2b: Cress|73\/100|[from] item: Leftovers\n|upkeep\n|turn|46\n|\n|t:|1701026502\n|move|p1a: Qwilfish|Barb Barrage|p2b: Cress\n|-resisted|p2b: Cress\n|-damage|p2b: Cress|51\/100\n|move|p2b: Cress|Moonlight|p2b: Cress\n|-heal|p2b: Cress|100\/100\n|\n|upkeep\n|turn|47\n|\n|t:|1701026505\n|move|p1a: Qwilfish|Swords Dance|p1a: Qwilfish\n|-boost|p1a: Qwilfish|atk|0\n|move|p2b: Cress|Moonblast|p1a: Qwilfish|[miss]\n|-miss|p2b: Cress|p1a: Qwilfish\n|\n|upkeep\n|turn|48\n|\n|t:|1701026514\n|move|p1a: Qwilfish|Swords Dance|p1a: Qwilfish\n|-boost|p1a: Qwilfish|atk|0\n|move|p2b: Cress|Calm Mind|p2b: Cress\n|-boost|p2b: Cress|spa|0\n|-boost|p2b: Cress|spd|0\n|\n|upkeep\n|turn|49\n|\n|t:|1701026521\n|move|p1a: Qwilfish|Swords Dance|p1a: Qwilfish\n|-boost|p1a: Qwilfish|atk|0\n|move|p2b: Cress|Calm Mind|p2b: Cress\n|-boost|p2b: Cress|spa|0\n|-boost|p2b: Cress|spd|0\n|\n|upkeep\n|turn|50\n|\n|t:|1701026523\n|move|p1a: Qwilfish|Swords Dance|p1a: Qwilfish\n|-boost|p1a: Qwilfish|atk|0\n|move|p2b: Cress|Calm Mind|p2b: Cress\n|-boost|p2b: Cress|spa|0\n|-boost|p2b: Cress|spd|0\n|\n|upkeep\n|turn|51\n|\n|t:|1701026529\n|move|p1a: Qwilfish|Swords Dance|p1a: Qwilfish\n|-boost|p1a: Qwilfish|atk|0\n|move|p2b: Cress|Calm Mind|p2b: Cress\n|-boost|p2b: Cress|spa|0\n|-boost|p2b: Cress|spd|0\n|\n|upkeep\n|turn|52\n|c|\u2606ELGRANCRAC|XD\n|\n|t:|1701026536\n|move|p1a: Qwilfish|Swords Dance|p1a: Qwilfish\n|-boost|p1a: Qwilfish|atk|0\n|move|p2b: Cress|Calm Mind|p2b: Cress\n|-boost|p2b: Cress|spa|0\n|-boost|p2b: Cress|spd|0\n|\n|upkeep\n|turn|53\n|\n|t:|1701026546\n|move|p1a: Qwilfish|Swords Dance|p1a: Qwilfish\n|-boost|p1a: Qwilfish|atk|0\n|move|p2b: Cress|Calm Mind|p2b: Cress\n|-boost|p2b: Cress|spa|0\n|-boost|p2b: Cress|spd|0\n|\n|upkeep\n|turn|54\n|c|\u2606ELGRANCRAC|Combates m\u00e1s \u00e9picos del anime\n|c|\u2606jamon_con_talco|te cuento algo\n|c|\u2606jamon_con_talco|ninguno de los 2 puede ganar\n|c|\u2606ELGRANCRAC|Dime\n|c|\u2606jamon_con_talco|xd\n|c|\u2606ELGRANCRAC|Si\n|c|\u2606ELGRANCRAC|XD\n|\n|t:|1701026570\n|move|p1a: Qwilfish|Swords Dance|p1a: Qwilfish\n|-boost|p1a: Qwilfish|atk|0\n|move|p2b: Cress|Calm Mind|p2b: Cress\n|-boost|p2b: Cress|spa|0\n|-boost|p2b: Cress|spd|0\n|\n|upkeep\n|turn|55\n|c|\u2606jamon_con_talco|leuco\n|c|\u2606ELGRANCRAC|When struggle\n|c| Leuco9|Diga\n|c|\u2606jamon_con_talco|q te parece si hacemos un 4to combate?\n|\n|t:|1701026587\n|move|p1a: Qwilfish|Swords Dance|p1a: Qwilfish\n|-boost|p1a: Qwilfish|atk|0\n|move|p2b: Cress|Calm Mind|p2b: Cress\n|-boost|p2b: Cress|spa|0\n|-boost|p2b: Cress|spd|0\n|\n|upkeep\n|turn|56\n|\n|t:|1701026593\n|move|p1a: Qwilfish|Swords Dance|p1a: Qwilfish\n|-boost|p1a: Qwilfish|atk|0\n|move|p2b: Cress|Calm Mind|p2b: Cress\n|-boost|p2b: Cress|spa|0\n|-boost|p2b: Cress|spd|0\n|\n|upkeep\n|turn|57\n|c| Leuco9|Si los 2 est\u00e1n de acuerdo, h\u00e1ganlo\n|\n|t:|1701026600\n|move|p1a: Qwilfish|Swords Dance|p1a: Qwilfish\n|-boost|p1a: Qwilfish|atk|0\n|move|p2b: Cress|Calm Mind|p2b: Cress\n|-boost|p2b: Cress|spa|0\n|-boost|p2b: Cress|spd|0\n|\n|upkeep\n|turn|58\n|c|\u2606jamon_con_talco|esperate\n|c|\u2606ELGRANCRAC|Pero quiero terminar este, a ver qu\u00e9 pasa\n|c|\u2606ELGRANCRAC|XD\n|c|\u2606jamon_con_talco|1ro q se le acaben los cal mind\n|\n|t:|1701026611\n|move|p1a: Qwilfish|Swords Dance|p1a: Qwilfish\n|-boost|p1a: Qwilfish|atk|0\n|move|p2b: Cress|Calm Mind|p2b: Cress\n|-boost|p2b: Cress|spa|0\n|-boost|p2b: Cress|spd|0\n|\n|upkeep\n|turn|59\n|\n|t:|1701026614\n|move|p1a: Qwilfish|Swords Dance|p1a: Qwilfish\n|-boost|p1a: Qwilfish|atk|0\n|move|p2b: Cress|Calm Mind|p2b: Cress\n|-boost|p2b: Cress|spa|0\n|-boost|p2b: Cress|spd|0\n|\n|upkeep\n|turn|60\n|\n|t:|1701026620\n|move|p1a: Qwilfish|Swords Dance|p1a: Qwilfish\n|-boost|p1a: Qwilfish|atk|0\n|move|p2b: Cress|Calm Mind|p2b: Cress\n|-boost|p2b: Cress|spa|0\n|-boost|p2b: Cress|spd|0\n|\n|upkeep\n|turn|61\n|\n|t:|1701026624\n|move|p1a: Qwilfish|Swords Dance|p1a: Qwilfish\n|-boost|p1a: Qwilfish|atk|0\n|move|p2b: Cress|Calm Mind|p2b: Cress\n|-boost|p2b: Cress|spa|0\n|-boost|p2b: Cress|spd|0\n|\n|upkeep\n|turn|62\n|\n|t:|1701026627\n|move|p1a: Qwilfish|Swords Dance|p1a: Qwilfish\n|-boost|p1a: Qwilfish|atk|0\n|move|p2b: Cress|Calm Mind|p2b: Cress\n|-boost|p2b: Cress|spa|0\n|-boost|p2b: Cress|spd|0\n|\n|upkeep\n|turn|63\n|\n|t:|1701026633\n|move|p1a: Qwilfish|Swords Dance|p1a: Qwilfish\n|-boost|p1a: Qwilfish|atk|0\n|move|p2b: Cress|Calm Mind|p2b: Cress\n|-boost|p2b: Cress|spa|0\n|-boost|p2b: Cress|spd|0\n|\n|upkeep\n|turn|64\n|\n|t:|1701026636\n|move|p1a: Qwilfish|Swords Dance|p1a: Qwilfish\n|-boost|p1a: Qwilfish|atk|0\n|move|p2b: Cress|Moonblast|p1a: Qwilfish\n|-damage|p1a: Qwilfish|49\/100\n|\n|upkeep\n|turn|65\n|c|\u2606ELGRANCRAC|Ojo\n|\n|t:|1701026647\n|move|p1a: Qwilfish|Swords Dance|p1a: Qwilfish\n|-boost|p1a: Qwilfish|atk|0\n|move|p2b: Cress|Moonblast|p1a: Qwilfish|[miss]\n|-miss|p2b: Cress|p1a: Qwilfish\n|\n|upkeep\n|turn|66\n|\n|t:|1701026655\n|move|p1a: Qwilfish|Swords Dance|p1a: Qwilfish\n|-boost|p1a: Qwilfish|atk|0\n|move|p2b: Cress|Calm Mind|p2b: Cress\n|-boost|p2b: Cress|spa|0\n|-boost|p2b: Cress|spd|0\n|\n|upkeep\n|turn|67\n|\n|t:|1701026658\n|move|p1a: Qwilfish|Swords Dance|p1a: Qwilfish\n|-boost|p1a: Qwilfish|atk|0\n|move|p2b: Cress|Moonblast|p1a: Qwilfish\n|-damage|p1a: Qwilfish|37\/100\n|\n|upkeep\n|turn|68\n|c|\u2606jamon_con_talco|maldito nestor\n|\n|t:|1701026665\n|move|p1a: Qwilfish|Swords Dance|p1a: Qwilfish\n|-boost|p1a: Qwilfish|atk|0\n|move|p2b: Cress|Moonblast|p1a: Qwilfish|[miss]\n|-miss|p2b: Cress|p1a: Qwilfish\n|\n|upkeep\n|turn|69\n|c|\u2606jamon_con_talco|anda con cuea\n|\n|t:|1701026670\n|move|p1a: Qwilfish|Swords Dance|p1a: Qwilfish\n|-boost|p1a: Qwilfish|atk|0\n|move|p2b: Cress|Moonblast|p1a: Qwilfish|[miss]\n|-miss|p2b: Cress|p1a: Qwilfish\n|\n|upkeep\n|turn|70\n|\n|t:|1701026677\n|move|p1a: Qwilfish|Swords Dance|p1a: Qwilfish\n|-boost|p1a: Qwilfish|atk|0\n|move|p2b: Cress|Moonblast|p1a: Qwilfish\n|-damage|p1a: Qwilfish|25\/100\n|\n|upkeep\n|turn|71\n|\n|t:|1701026685\n|move|p1a: Qwilfish|Swords Dance|p1a: Qwilfish\n|-boost|p1a: Qwilfish|atk|0\n|move|p2b: Cress|Moonblast|p1a: Qwilfish\n|-damage|p1a: Qwilfish|12\/100\n|\n|upkeep\n|turn|72\n|c|\u2606jamon_con_talco|BRO\n|\n|t:|1701026690\n|move|p1a: Qwilfish|Swords Dance|p1a: Qwilfish\n|-boost|p1a: Qwilfish|atk|0\n|move|p2b: Cress|Moonblast|p1a: Qwilfish|[miss]\n|-miss|p2b: Cress|p1a: Qwilfish\n|\n|upkeep\n|turn|73\n|c|\u2606ELGRANCRAC|OJOOO\n|c|\u2606ELGRANCRAC|dios te amo\n|c| Leuco9|Ojo\n|\n|t:|1701026698\n|move|p1a: Qwilfish|Swords Dance|p1a: Qwilfish\n|-boost|p1a: Qwilfish|atk|0\n|move|p2b: Cress|Moonblast|p1a: Qwilfish\n|-damage|p1a: Qwilfish|0 fnt\n|faint|p1a: Qwilfish\n|\n|win|ELGRANCRAC\n|c|\u2606jamon_con_talco|NESTOOOOOOOR\n|c|\u2606ELGRANCRAC|DIOS\n|c|\u2606ELGRANCRAC|me ama\n|c|\u2606ELGRANCRAC|QUEDA INMORTALIZADO\n|c|\u2606jamon_con_talco|ten\u00eda hae\n|c|\u2606jamon_con_talco|haze\n","uploadtime":1701026716,"views":40,"p1id":"jamoncontalco","p2id":"elgrancrac","formatid":"gen9nationaldexdoubles","rating":0,"private":0,"password":""}