{"id":"gen9nationaldexdoubles-1952561024","p1":"winlike","p2":"Koge Takashii","format":"[Gen 9] National Dex Doubles","log":"|j|\u2606winlike\n|j|\u2606Koge Takashii\n|t:|1695697170\n|gametype|doubles\n|player|p1|winlike|red|1338\n|player|p2|Koge Takashii|jupiter|1234\n|teamsize|p1|6\n|teamsize|p2|6\n|gen|9\n|tier|[Gen 9] National Dex Doubles\n|rated|\n|rule|HP Percentage Mod: HP is shown in percentages\n|rule|Endless Battle Clause: Forcing endless battles is banned\n|rule|OHKO Clause: OHKO moves are banned\n|rule|Evasion Moves Clause: Evasion moves are banned\n|rule|Evasion Abilities Clause: Evasion abilities are banned\n|rule|Species Clause: Limit one of each Pok\u00e9mon\n|rule|Gravity Sleep Clause: The combination of sleep-inducing moves with imperfect accuracy and Gravity or Gigantamax Orbeetle are banned\n|clearpoke\n|poke|p1|Ogerpon-Hearthflame, F|\n|poke|p1|Rillaboom, M|\n|poke|p1|Torkoal, F|\n|poke|p1|Tornadus, M|\n|poke|p1|Charizard, M|\n|poke|p1|Iron Bundle|\n|poke|p2|Gholdengo|\n|poke|p2|Volbeat, M|\n|poke|p2|Tropius, M|\n|poke|p2|Illumise, F|\n|poke|p2|Charizard, M|\n|poke|p2|Tyranitar, M|\n|teampreview\n|\n|t:|1695697191\n|start\n|switch|p1a: \u4f60\u731c\u6211\u662f\u4e0d\u662f\u6c14\u8170|Tornadus, M, shiny|100\/100\n|switch|p1b: \u600e\u4e48\u4f1a\u6709\u8fd9\u4e48\u5e05\u7684\u5b9d\u53ef\u68a6|Ogerpon-Hearthflame, F|100\/100\n|switch|p2a: Charizard|Charizard, M, shiny|100\/100\n|switch|p2b: Volbeat|Volbeat, M, shiny|100\/100\n|-ability|p1b: \u600e\u4e48\u4f1a\u6709\u8fd9\u4e48\u5e05\u7684\u5b9d\u53ef\u68a6|Mold Breaker\n|turn|1\n|\n|t:|1695697227\n|detailschange|p2a: Charizard|Charizard-Mega-X, M, shiny\n|-mega|p2a: Charizard|Charizard|Charizardite X\n|-terastallize|p1b: \u600e\u4e48\u4f1a\u6709\u8fd9\u4e48\u5e05\u7684\u5b9d\u53ef\u68a6|Fire\n|detailschange|p1b: \u600e\u4e48\u4f1a\u6709\u8fd9\u4e48\u5e05\u7684\u5b9d\u53ef\u68a6|Ogerpon-Hearthflame-Tera, F, tera:Fire\n|-ability|p1b: \u600e\u4e48\u4f1a\u6709\u8fd9\u4e48\u5e05\u7684\u5b9d\u53ef\u68a6|Embody Aspect (Hearthflame)|boost\n|-boost|p1b: \u600e\u4e48\u4f1a\u6709\u8fd9\u4e48\u5e05\u7684\u5b9d\u53ef\u68a6|atk|1\n|-terastallize|p2b: Volbeat|Rock\n|move|p1a: \u4f60\u731c\u6211\u662f\u4e0d\u662f\u6c14\u8170|Tailwind|p1a: \u4f60\u731c\u6211\u662f\u4e0d\u662f\u6c14\u8170\n|-sidestart|p1: winlike|move: Tailwind\n|move|p2b: Volbeat|Thunder Wave|p1a: \u4f60\u731c\u6211\u662f\u4e0d\u662f\u6c14\u8170\n|-status|p1a: \u4f60\u731c\u6211\u662f\u4e0d\u662f\u6c14\u8170|par\n|move|p1b: \u600e\u4e48\u4f1a\u6709\u8fd9\u4e48\u5e05\u7684\u5b9d\u53ef\u68a6|Ivy Cudgel|p2b: Volbeat\n|-resisted|p2b: Volbeat\n|-damage|p2b: Volbeat|29\/100\n|-enditem|p2b: Volbeat|Red Card|[of] p1b: \u600e\u4e48\u4f1a\u6709\u8fd9\u4e48\u5e05\u7684\u5b9d\u53ef\u68a6\n|drag|p1b: Torkoal|Torkoal, F|100\/100\n|-weather|SunnyDay|[from] ability: Drought|[of] p1b: Torkoal\n|move|p2a: Charizard|Sky Drop||[still]\n|-prepare|p2a: Charizard|Sky Drop|p1b: Torkoal\n|\n|-weather|SunnyDay|[upkeep]\n|upkeep\n|turn|2\n|\n|t:|1695697260\n|switch|p2b: Tyranitar|Tyranitar, M, shiny|100\/100\n|-weather|Sandstorm|[from] ability: Sand Stream|[of] p2b: Tyranitar\n|move|p1a: \u4f60\u731c\u6211\u662f\u4e0d\u662f\u6c14\u8170|Taunt|p2b: Tyranitar\n|-hint|Since gen 7, Dark is immune to Prankster moves.\n|-immune|p2b: Tyranitar\n|move|p2a: Charizard|Sky Drop|p1b: Torkoal|[from]lockedmove\n|-damage|p1b: Torkoal|82\/100\n|-end|p1b: Torkoal|Sky Drop\n|move|p1b: Torkoal|Earth Power|p2b: Tyranitar\n|-supereffective|p2b: Tyranitar\n|-damage|p2b: Tyranitar|73\/100\n|\n|-weather|Sandstorm|[upkeep]\n|-damage|p2a: Charizard|94\/100|[from] Sandstorm\n|-damage|p1a: \u4f60\u731c\u6211\u662f\u4e0d\u662f\u6c14\u8170|94\/100 par|[from] Sandstorm\n|-damage|p1b: Torkoal|76\/100|[from] Sandstorm\n|upkeep\n|turn|3\n|\n|t:|1695697290\n|switch|p1b: \u997f\u554a\u5403\u6211\u9752\u8349\u6ed1\u68af|Rillaboom, M|100\/100\n|-fieldstart|move: Grassy Terrain|[from] ability: Grassy Surge|[of] p1b: \u997f\u554a\u5403\u6211\u9752\u8349\u6ed1\u68af\n|move|p1a: \u4f60\u731c\u6211\u662f\u4e0d\u662f\u6c14\u8170|Sunny Day|p1a: \u4f60\u731c\u6211\u662f\u4e0d\u662f\u6c14\u8170\n|-weather|SunnyDay\n|move|p2a: Charizard|Flamethrower|p1b: \u997f\u554a\u5403\u6211\u9752\u8349\u6ed1\u68af\n|-supereffective|p1b: \u997f\u554a\u5403\u6211\u9752\u8349\u6ed1\u68af\n|-damage|p1b: \u997f\u554a\u5403\u6211\u9752\u8349\u6ed1\u68af|0 fnt\n|faint|p1b: \u997f\u554a\u5403\u6211\u9752\u8349\u6ed1\u68af\n|move|p2b: Tyranitar|Rock Slide|p1a: \u4f60\u731c\u6211\u662f\u4e0d\u662f\u6c14\u8170\n|-supereffective|p1a: \u4f60\u731c\u6211\u662f\u4e0d\u662f\u6c14\u8170\n|-damage|p1a: \u4f60\u731c\u6211\u662f\u4e0d\u662f\u6c14\u8170|21\/100 par\n|\n|-weather|SunnyDay|[upkeep]\n|-heal|p2a: Charizard|100\/100|[from] Grassy Terrain\n|-heal|p2b: Tyranitar|79\/100|[from] Grassy Terrain\n|upkeep\n|\n|t:|1695697302\n|switch|p1b: \u600e\u4e48\u4f1a\u6709\u8fd9\u4e48\u5e05\u7684\u5b9d\u53ef\u68a6|Ogerpon-Hearthflame-Tera, F, tera:Fire|100\/100\n|-ability|p1b: \u600e\u4e48\u4f1a\u6709\u8fd9\u4e48\u5e05\u7684\u5b9d\u53ef\u68a6|Embody Aspect (Hearthflame)|boost\n|-boost|p1b: \u600e\u4e48\u4f1a\u6709\u8fd9\u4e48\u5e05\u7684\u5b9d\u53ef\u68a6|atk|1\n|turn|4\n|\n|t:|1695697324\n|switch|p2b: Illumise|Illumise, F|100\/100\n|move|p1b: \u600e\u4e48\u4f1a\u6709\u8fd9\u4e48\u5e05\u7684\u5b9d\u53ef\u68a6|Grassy Glide|p2b: Illumise\n|-resisted|p2b: Illumise\n|-damage|p2b: Illumise|62\/100\n|-enditem|p2b: Illumise|Red Card|[of] p1b: \u600e\u4e48\u4f1a\u6709\u8fd9\u4e48\u5e05\u7684\u5b9d\u53ef\u68a6\n|drag|p1b: Torkoal|Torkoal, F|76\/100\n|cant|p1a: \u4f60\u731c\u6211\u662f\u4e0d\u662f\u6c14\u8170|par\n|move|p2a: Charizard|Dragon Tail|p1b: Torkoal\n|-damage|p1b: Torkoal|46\/100\n|drag|p1b: Iron Bundle|Iron Bundle|100\/100\n|-enditem|p1b: Iron Bundle|Booster Energy\n|-activate|p1b: Iron Bundle|ability: Quark Drive|[fromitem]\n|-start|p1b: Iron Bundle|quarkdrivespe\n|\n|-weather|SunnyDay|[upkeep]\n|-heal|p2b: Illumise|68\/100|[from] Grassy Terrain\n|-sideend|p1: winlike|move: Tailwind\n|upkeep\n|turn|5\n|\n|t:|1695697355\n|move|p1b: Iron Bundle|Protect|p1b: Iron Bundle\n|-singleturn|p1b: Iron Bundle|Protect\n|move|p2b: Illumise|Thunder Wave|p1b: Iron Bundle\n|-activate|p1b: Iron Bundle|move: Protect\n|move|p1a: \u4f60\u731c\u6211\u662f\u4e0d\u662f\u6c14\u8170|Tailwind|p1a: \u4f60\u731c\u6211\u662f\u4e0d\u662f\u6c14\u8170\n|-sidestart|p1: winlike|move: Tailwind\n|move|p2a: Charizard|Flamethrower|p1b: Iron Bundle\n|-activate|p1b: Iron Bundle|move: Protect\n|\n|-weather|SunnyDay|[upkeep]\n|-heal|p2b: Illumise|74\/100|[from] Grassy Terrain\n|upkeep\n|turn|6\n|inactive|Battle timer is ON: inactive players will automatically lose when time's up. (requested by Koge Takashii)\n|c|\u2606Koge Takashii|You think your ogre pond is hot s*** will touch me first\n|\n|t:|1695697409\n|move|p2b: Illumise|Light Screen|p2b: Illumise\n|-sidestart|p2: Koge Takashii|move: Light Screen\n|move|p1b: Iron Bundle|Hydro Pump|p2a: Charizard\n|-damage|p2a: Charizard|78\/100\n|move|p2a: Charizard|Flamethrower|p1b: Iron Bundle\n|-damage|p1b: Iron Bundle|0 fnt\n|faint|p1b: Iron Bundle\n|-end|p1b: Iron Bundle|Quark Drive|[silent]\n|cant|p1a: \u4f60\u731c\u6211\u662f\u4e0d\u662f\u6c14\u8170|par\n|\n|-weather|SunnyDay|[upkeep]\n|-heal|p2a: Charizard|84\/100|[from] Grassy Terrain\n|-heal|p2b: Illumise|81\/100|[from] Grassy Terrain\n|upkeep\n|-message|winlike forfeited.\n|\n|win|Koge Takashii\n|raw|winlike's rating: 1338 &rarr; <strong>1311<\/strong><br \/>(-27 for losing)\n|raw|Koge Takashii's rating: 1220 &rarr; <strong>1253<\/strong><br \/>(+33 for winning)\n|l|\u2606winlike\n","uploadtime":1695697557,"views":4,"p1id":"winlike","p2id":"kogetakashii","formatid":"gen9nationaldexdoubles","rating":1253,"private":0,"password":""}