{"id":"gen9nationaldexdoubles-1973639165","p1":"decidoustree","p2":"larsonshark","format":"[Gen 9] National Dex Doubles","log":"|j|\u2606decidoustree\n|j|\u2606larsonshark\n|t:|1697998731\n|gametype|doubles\n|player|p1|decidoustree|cheren-gen5bw2|1038\n|player|p2|larsonshark|caitlin|1105\n|teamsize|p1|6\n|teamsize|p2|6\n|gen|9\n|tier|[Gen 9] National Dex Doubles\n|rated|\n|rule|HP Percentage Mod: HP is shown in percentages\n|rule|Endless Battle Clause: Forcing endless battles is banned\n|rule|OHKO Clause: OHKO moves are banned\n|rule|Evasion Moves Clause: Evasion moves are banned\n|rule|Evasion Abilities Clause: Evasion abilities are banned\n|rule|Species Clause: Limit one of each Pok\u00e9mon\n|rule|Gravity Sleep Clause: The combination of sleep-inducing moves with imperfect accuracy and Gravity or Gigantamax Orbeetle are banned\n|clearpoke\n|poke|p1|Jirachi|\n|poke|p1|Mismagius, F|\n|poke|p1|Audino, F|\n|poke|p1|Delphox, F|\n|poke|p1|Mienshao, M|\n|poke|p1|Altaria, F|\n|poke|p2|Thundurus, M|\n|poke|p2|Lumineon, F|\n|poke|p2|Pelipper, F|\n|poke|p2|Cloyster, F|\n|poke|p2|Ogerpon-Wellspring, F|\n|poke|p2|Floatzel, F|\n|teampreview\n|inactive|Battle timer is ON: inactive players will automatically lose when time's up. (requested by larsonshark)\n|\n|t:|1697998736\n|start\n|switch|p1a: Machiavellian Bach|Jirachi|100\/100\n|switch|p1b: Dont make lemonade|Mienshao, M|100\/100\n|switch|p2a: Thundurus|Thundurus, M|100\/100\n|switch|p2b: Ogerpon|Ogerpon-Wellspring, F|100\/100\n|turn|1\n|j| octopusskeleton\n|\n|t:|1697998758\n|move|p1b: Dont make lemonade|Fake Out|p2a: Thundurus\n|-damage|p2a: Thundurus|79\/100\n|-enditem|p2a: Thundurus|Eject Button\n|-damage|p1b: Dont make lemonade|91\/100|[from] item: Life Orb\n|c|\u2606larsonshark|hf\n|\n|t:|1697998764\n|switch|p2a: Pelipper|Pelipper, F|100\/100\n|-weather|RainDance|[from] ability: Drizzle|[of] p2a: Pelipper\n|move|p2b: Ogerpon|Taunt|p1a: Machiavellian Bach\n|-start|p1a: Machiavellian Bach|move: Taunt\n|cant|p1a: Machiavellian Bach|move: Taunt|Cosmic Power\n|\n|-weather|RainDance|[upkeep]\n|upkeep\n|turn|2\n|inactive|decidoustree has 120 seconds left.\n|\n|t:|1697998820\n|switch|p2b: Lumineon|Lumineon, F|100\/100\n|move|p1b: Dont make lemonade|Stone Edge|p2a: Pelipper\n|-supereffective|p2a: Pelipper\n|-crit|p2a: Pelipper\n|-damage|p2a: Pelipper|0 fnt\n|faint|p2a: Pelipper\n|-damage|p1b: Dont make lemonade|81\/100|[from] item: Life Orb\n|move|p1a: Machiavellian Bach|Charge Beam|p2b: Lumineon\n|-supereffective|p2b: Lumineon\n|-damage|p2b: Lumineon|68\/100\n|-boost|p1a: Machiavellian Bach|spa|1\n|-enditem|p2b: Lumineon|Mirror Herb\n|-boost|p2b: Lumineon|spa|1|[from] item: Mirror Herb\n|\n|-weather|RainDance|[upkeep]\n|upkeep\n|inactive|larsonshark has 120 seconds left.\n|\n|t:|1697998841\n|switch|p2a: Cloyster|Cloyster, F|100\/100\n|turn|3\n|inactive|decidoustree has 120 seconds left.\n|\n|t:|1697998858\n|move|p1b: Dont make lemonade|High Jump Kick|p2a: Cloyster\n|-supereffective|p2a: Cloyster\n|-enditem|p2a: Cloyster|Focus Sash\n|-damage|p2a: Cloyster|1\/100\n|-damage|p1b: Dont make lemonade|71\/100|[from] item: Life Orb\n|move|p2b: Lumineon|Tailwind|p2b: Lumineon\n|-sidestart|p2: larsonshark|move: Tailwind\n|move|p2a: Cloyster|Shell Smash|p2a: Cloyster\n|-unboost|p2a: Cloyster|def|1\n|-unboost|p2a: Cloyster|spd|1\n|-boost|p2a: Cloyster|atk|2\n|-boost|p2a: Cloyster|spa|2\n|-boost|p2a: Cloyster|spe|2\n|move|p1a: Machiavellian Bach|Charge Beam|p2a: Cloyster\n|-supereffective|p2a: Cloyster\n|-damage|p2a: Cloyster|0 fnt\n|-boost|p1a: Machiavellian Bach|spa|1\n|faint|p2a: Cloyster\n|\n|-weather|RainDance|[upkeep]\n|-end|p1a: Machiavellian Bach|move: Taunt\n|upkeep\n|\n|t:|1697998871\n|switch|p2a: Thundurus|Thundurus, M|79\/100\n|turn|4\n|inactive|decidoustree has 120 seconds left.\n|l| octopusskeleton\n|\n|t:|1697998905\n|move|p2b: Lumineon|Hydro Pump|p1a: Machiavellian Bach\n|-damage|p1a: Machiavellian Bach|37\/100\n|move|p2a: Thundurus|Wildbolt Storm|p1b: Dont make lemonade|[spread] p1a,p1b\n|-damage|p1a: Machiavellian Bach|10\/100\n|-damage|p1b: Dont make lemonade|3\/100\n|move|p1b: Dont make lemonade|Stone Edge|p2a: Thundurus\n|-supereffective|p2a: Thundurus\n|-damage|p2a: Thundurus|0 fnt\n|faint|p2a: Thundurus\n|-damage|p1b: Dont make lemonade|0 fnt|[from] item: Life Orb\n|faint|p1b: Dont make lemonade\n|move|p1a: Machiavellian Bach|Charge Beam|p2b: Lumineon\n|-supereffective|p2b: Lumineon\n|-damage|p2b: Lumineon|9\/100\n|-boost|p1a: Machiavellian Bach|spa|1\n|\n|-weather|RainDance|[upkeep]\n|-heal|p1a: Machiavellian Bach|17\/100|[from] item: Leftovers\n|upkeep\n|inactive|decidoustree has 120 seconds left.\n|\n|t:|1697998929\n|switch|p1b: Yes|Audino, F|100\/100\n|switch|p2a: Ogerpon|Ogerpon-Wellspring, F|100\/100\n|turn|5\n|inactive|decidoustree has 120 seconds left.\n|inactive|larsonshark has 120 seconds left.\n|\n|t:|1697998969\n|move|p2b: Lumineon|Hydro Pump|p1a: Machiavellian Bach\n|-damage|p1a: Machiavellian Bach|0 fnt\n|faint|p1a: Machiavellian Bach\n|move|p2a: Ogerpon|Ivy Cudgel|p2b: Lumineon\n|-activate|p2b: Lumineon|ability: Storm Drain\n|-ability|p2b: Lumineon|Storm Drain|boost\n|-boost|p2b: Lumineon|spa|1\n|move|p1b: Yes|Blizzard|p2a: Ogerpon|[spread] p2a\n|-miss|p1b: Yes|p2b: Lumineon\n|-damage|p2a: Ogerpon|89\/100\n|\n|-weather|none\n|upkeep\n|inactive|decidoustree has 90 seconds left.\n|\n|t:|1697999001\n|switch|p1a: Fluffy|Altaria, F|100\/100\n|turn|6\n|\n|t:|1697999016\n|detailschange|p1a: Fluffy|Altaria-Mega, F\n|-mega|p1a: Fluffy|Altaria|Altarianite\n|move|p2b: Lumineon|Dazzling Gleam|p1b: Yes|[spread] p1a,p1b\n|-supereffective|p1a: Fluffy\n|-damage|p1a: Fluffy|48\/100\n|-damage|p1b: Yes|78\/100\n|move|p2a: Ogerpon|Taunt|p1a: Fluffy\n|-start|p1a: Fluffy|move: Taunt\n|move|p1a: Fluffy|Hyper Voice|p2b: Lumineon|[spread] p2a,p2b\n|-damage|p2a: Ogerpon|58\/100\n|-damage|p2b: Lumineon|0 fnt\n|faint|p2b: Lumineon\n|move|p1b: Yes|Blizzard|p2a: Ogerpon\n|-damage|p2a: Ogerpon|43\/100\n|\n|-sideend|p2: larsonshark|move: Tailwind\n|upkeep\n|\n|t:|1697999026\n|switch|p2b: Floatzel|Floatzel, F|100\/100\n|turn|7\n|inactive|decidoustree has 120 seconds left.\n|inactive|larsonshark has 120 seconds left.\n|inactive|decidoustree has 90 seconds left.\n|\n|t:|1697999067\n|-terastallize|p2b: Floatzel|Water\n|move|p2b: Floatzel|Wave Crash|p1a: Fluffy\n|-resisted|p1a: Fluffy\n|-damage|p1a: Fluffy|0 fnt\n|faint|p1a: Fluffy\n|-damage|p2b: Floatzel|86\/100|[from] Recoil\n|move|p2a: Ogerpon|Horn Leech|p1b: Yes\n|-damage|p1b: Yes|51\/100\n|-heal|p2a: Ogerpon|59\/100|[from] drain|[of] p1b: Yes\n|-damage|p2a: Ogerpon|42\/100|[from] item: Rocky Helmet|[of] p1b: Yes\n|move|p1b: Yes|Light Screen|p1b: Yes\n|-sidestart|p1: decidoustree|move: Light Screen\n|\n|upkeep\n|\n|t:|1697999090\n|switch|p1a: 9999999|Mismagius, F|100\/100\n|turn|8\n|inactive|decidoustree has 90 seconds left.\n|\n|t:|1697999099\n|move|p1b: Yes|Helping Hand|p1a: 9999999\n|-singleturn|p1a: 9999999|Helping Hand|[of] p1b: Yes\n|move|p2a: Ogerpon|Follow Me|p2a: Ogerpon\n|-singleturn|p2a: Ogerpon|move: Follow Me\n|move|p1a: 9999999|Icy Wind|p2a: Ogerpon|[spread] p2a,p2b\n|-resisted|p2b: Floatzel\n|-damage|p2a: Ogerpon|25\/100\n|-damage|p2b: Floatzel|69\/100\n|-unboost|p2a: Ogerpon|spe|1\n|-unboost|p2b: Floatzel|spe|1\n|move|p2b: Floatzel|Wave Crash|p1a: 9999999\n|-damage|p1a: 9999999|0 fnt\n|faint|p1a: 9999999\n|-damage|p2b: Floatzel|42\/100|[from] Recoil\n|\n|upkeep\n|inactive|decidoustree has 90 seconds left.\n|\n|t:|1697999115\n|switch|p1a: Lemonade|Delphox, F|100\/100\n|turn|9\n|inactive|decidoustree has 90 seconds left.\n|\n|t:|1697999132\n|move|p1b: Yes|Helping Hand|p1a: Lemonade\n|-singleturn|p1a: Lemonade|Helping Hand|[of] p1b: Yes\n|move|p1a: Lemonade|Dazzling Gleam|p2a: Ogerpon|[spread] p2a,p2b\n|-damage|p2a: Ogerpon|0 fnt\n|-damage|p2b: Floatzel|0 fnt\n|faint|p2a: Ogerpon\n|faint|p2b: Floatzel\n|-damage|p1a: Lemonade|91\/100|[from] item: Life Orb\n|\n|win|decidoustree\n|raw|decidoustree's rating: 1038 &rarr; <strong>1079<\/strong><br \/>(+41 for winning)\n|raw|larsonshark's rating: 1105 &rarr; <strong>1075<\/strong><br \/>(-30 for losing)\n|l|\u2606larsonshark\n","uploadtime":1697999146,"views":16,"p1id":"decidoustree","p2id":"larsonshark","formatid":"gen9nationaldexdoubles","rating":1075,"private":0,"password":""}