{"id":"gen9nationaldexdoubles-1960996645","p1":"Junky Dummy","p2":"yamanclash","format":"[Gen 9] National Dex Doubles","log":"|j|\u2606Junky Dummy\n|j|\u2606yamanclash\n|t:|1696584959\n|gametype|doubles\n|player|p1|Junky Dummy|2|1068\n|player|p2|yamanclash|265|1064\n|teamsize|p1|6\n|teamsize|p2|6\n|gen|9\n|tier|[Gen 9] National Dex Doubles\n|rated|\n|rule|HP Percentage Mod: HP is shown in percentages\n|rule|Endless Battle Clause: Forcing endless battles is banned\n|rule|OHKO Clause: OHKO moves are banned\n|rule|Evasion Moves Clause: Evasion moves are banned\n|rule|Evasion Abilities Clause: Evasion abilities are banned\n|rule|Species Clause: Limit one of each Pok\u00e9mon\n|rule|Gravity Sleep Clause: The combination of sleep-inducing moves with imperfect accuracy and Gravity or Gigantamax Orbeetle are banned\n|clearpoke\n|poke|p1|Charizard, F|\n|poke|p1|Chi-Yu|\n|poke|p1|Flutter Mane|\n|poke|p1|Whimsicott, F|\n|poke|p1|Kingambit, F|\n|poke|p1|Landorus-Therian, M|\n|poke|p2|Garchomp, F|\n|poke|p2|Ninetales-Alola, F|\n|poke|p2|Armarouge, F|\n|poke|p2|Decidueye, M|\n|poke|p2|Urshifu-*, F|\n|poke|p2|Regieleki|\n|teampreview\n|inactive|Battle timer is ON: inactive players will automatically lose when time's up. (requested by Junky Dummy)\n|\n|t:|1696584966\n|start\n|switch|p1a: Charizard|Charizard, F, shiny|100\/100\n|switch|p1b: Chi-Yu|Chi-Yu|100\/100\n|switch|p2a: Armarouge|Armarouge, F|100\/100\n|switch|p2b: Decidueye|Decidueye, M|100\/100\n|-ability|p1b: Chi-Yu|Beads of Ruin\n|turn|1\n|\n|t:|1696584996\n|detailschange|p1a: Charizard|Charizard-Mega-Y, F, shiny\n|-mega|p1a: Charizard|Charizard|Charizardite Y\n|-weather|SunnyDay|[from] ability: Drought|[of] p1a: Charizard\n|move|p1b: Chi-Yu|Dark Pulse|p2b: Decidueye\n|-supereffective|p2b: Decidueye\n|-damage|p2b: Decidueye|25\/100\n|move|p1a: Charizard|Hidden Power|p2b: Decidueye\n|-supereffective|p2b: Decidueye\n|-damage|p2b: Decidueye|0 fnt\n|faint|p2b: Decidueye\n|move|p2a: Armarouge|Shadow Ball|p1a: Charizard\n|-damage|p1a: Charizard|51\/100\n|\n|-weather|SunnyDay|[upkeep]\n|upkeep\n|\n|t:|1696585004\n|switch|p2b: Urshifu|Urshifu-Rapid-Strike, F|100\/100\n|turn|2\n|inactive|Junky Dummy has 120 seconds left.\n|\n|t:|1696585049\n|switch|p1a: Whimsicott|Whimsicott, F, shiny|100\/100\n|-terastallize|p2b: Urshifu|Water\n|move|p1b: Chi-Yu|Protect|p1b: Chi-Yu\n|-singleturn|p1b: Chi-Yu|Protect\n|move|p2b: Urshifu|Surging Strikes|p1b: Chi-Yu\n|-supereffective|p1b: Chi-Yu\n|-crit|p1b: Chi-Yu\n|-damage|p1b: Chi-Yu|50\/100\n|-supereffective|p1b: Chi-Yu\n|-crit|p1b: Chi-Yu\n|-damage|p1b: Chi-Yu|0 fnt\n|faint|p1b: Chi-Yu\n|-hitcount|p1: Chi-Yu|2\n|move|p2a: Armarouge|Shadow Ball|p1a: Whimsicott\n|-damage|p1a: Whimsicott|43\/100\n|\n|-weather|SunnyDay|[upkeep]\n|upkeep\n|inactive|Junky Dummy has 90 seconds left.\n|\n|t:|1696585074\n|switch|p1b: Flutter Mane|Flutter Mane|100\/100\n|-activate|p1b: Flutter Mane|ability: Protosynthesis\n|-start|p1b: Flutter Mane|protosynthesisspe\n|turn|3\n|inactive|Junky Dummy has 90 seconds left.\n|inactive|Junky Dummy has 60 seconds left.\n|\n|t:|1696585138\n|-terastallize|p1b: Flutter Mane|Fairy\n|move|p1a: Whimsicott|Helping Hand|p1b: Flutter Mane\n|-singleturn|p1b: Flutter Mane|Helping Hand|[of] p1a: Whimsicott\n|move|p1b: Flutter Mane|Dazzling Gleam|p2a: Armarouge|[spread] p2a,p2b\n|-resisted|p2a: Armarouge\n|-damage|p2a: Armarouge|46\/100\n|-damage|p2b: Urshifu|0 fnt\n|faint|p2b: Urshifu\n|move|p2a: Armarouge|Shadow Ball|p1a: Whimsicott\n|-damage|p1a: Whimsicott|0 fnt\n|faint|p1a: Whimsicott\n|\n|-weather|SunnyDay|[upkeep]\n|upkeep\n|\n|t:|1696585154\n|switch|p1a: Kingambit|Kingambit, F, shiny|100\/100\n|switch|p2b: Regieleki|Regieleki|100\/100\n|turn|4\n|\n|t:|1696585170\n|move|p1a: Kingambit|Sucker Punch|p2a: Armarouge\n|-supereffective|p2a: Armarouge\n|-damage|p2a: Armarouge|0 fnt\n|faint|p2a: Armarouge\n|move|p2b: Regieleki|Electro Ball|p1b: Flutter Mane\n|-damage|p1b: Flutter Mane|65\/100\n|-damage|p2b: Regieleki|91\/100|[from] item: Life Orb\n|move|p1b: Flutter Mane|Dazzling Gleam|p2b: Regieleki\n|-damage|p2b: Regieleki|0 fnt\n|faint|p2b: Regieleki\n|\n|-weather|SunnyDay|[upkeep]\n|upkeep\n|inactive|yamanclash has 120 seconds left.\n|\n|t:|1696585221\n|switch|p2b: Ninetales|Ninetales-Alola, F|100\/100\n|switch|p2a: Garchomp|Garchomp, F|100\/100\n|-weather|Snow|[from] ability: Snow Warning|[of] p2b: Ninetales\n|-end|p1b: Flutter Mane|Protosynthesis\n|turn|5\n|inactive|yamanclash has 120 seconds left.\n|inactive|Junky Dummy has 90 seconds left.\n|\n|t:|1696585246\n|-end|p1b: Flutter Mane|Protosynthesis|[silent]\n|switch|p1b: Charizard|Charizard-Mega-Y, F, shiny|51\/100\n|-weather|SunnyDay|[from] ability: Drought|[of] p1b: Charizard\n|detailschange|p2a: Garchomp|Garchomp-Mega, F\n|-mega|p2a: Garchomp|Garchomp|Garchompite\n|move|p2b: Ninetales|Moonblast|p1a: Kingambit\n|-damage|p1a: Kingambit|77\/100\n|move|p2a: Garchomp|Earthquake|p1a: Kingambit|[spread] p2b,p1a\n|-immune|p1b: Charizard\n|-supereffective|p1a: Kingambit\n|-damage|p2b: Ninetales|33\/100\n|-damage|p1a: Kingambit|4\/100\n|move|p1a: Kingambit|Iron Head|p2b: Ninetales\n|-supereffective|p2b: Ninetales\n|-damage|p2b: Ninetales|0 fnt\n|faint|p2b: Ninetales\n|\n|-weather|SunnyDay|[upkeep]\n|upkeep\n|turn|6\n|-message|yamanclash forfeited.\n|\n|win|Junky Dummy\n|raw|Junky Dummy's rating: 1068 &rarr; <strong>1097<\/strong><br \/>(+29 for winning)\n|raw|yamanclash's rating: 1064 &rarr; <strong>1045<\/strong><br \/>(-19 for losing)\n|l|\u2606yamanclash\n","uploadtime":1696585270,"views":10,"p1id":"junkydummy","p2id":"yamanclash","formatid":"gen9nationaldexdoubles","rating":1045,"private":0,"password":""}