{"id":"gen9nationaldexdoubles-1955228721","p1":"dejandejong","p2":"ZingyWolf","format":"[Gen 9] National Dex Doubles","log":"|j|\u2606dejandejong\n|j|\u2606ZingyWolf\n|t:|1695974711\n|gametype|doubles\n|player|p1|dejandejong|hiker-gen4|1031\n|player|p2|ZingyWolf|backpacker|1079\n|teamsize|p1|6\n|teamsize|p2|6\n|gen|9\n|tier|[Gen 9] National Dex Doubles\n|rated|\n|rule|HP Percentage Mod: HP is shown in percentages\n|rule|Endless Battle Clause: Forcing endless battles is banned\n|rule|OHKO Clause: OHKO moves are banned\n|rule|Evasion Moves Clause: Evasion moves are banned\n|rule|Evasion Abilities Clause: Evasion abilities are banned\n|rule|Species Clause: Limit one of each Pok\u00e9mon\n|rule|Gravity Sleep Clause: The combination of sleep-inducing moves with imperfect accuracy and Gravity or Gigantamax Orbeetle are banned\n|clearpoke\n|poke|p1|Regigigas|\n|poke|p1|Slaking, F|\n|poke|p1|Basculegion, M|\n|poke|p1|Espeon, F|\n|poke|p1|Volcarona, F|\n|poke|p1|Oricorio-Pom-Pom, F|\n|poke|p2|Cinccino, M|\n|poke|p2|Delcatty, F|\n|poke|p2|Lopunny, M|\n|poke|p2|Meowscarada, F|\n|poke|p2|Zoroark-Hisui, M|\n|poke|p2|Weavile, M|\n|teampreview\n|inactive|Battle timer is ON: inactive players will automatically lose when time's up. (requested by dejandejong)\n|inactive|ZingyWolf has 120 seconds left.\n|\n|t:|1695974751\n|start\n|switch|p1a: Oricorio|Oricorio-Pom-Pom, F|100\/100\n|switch|p1b: Volcarona|Volcarona, F|100\/100\n|switch|p2a: Weavile|Weavile, M, shiny|100\/100\n|switch|p2b: Cattail|Delcatty, F|100\/100\n|-ability|p2a: Weavile|Pressure\n|turn|1\n|\n|t:|1695974770\n|move|p2a: Weavile|Knock Off|p1b: Volcarona\n|-damage|p1b: Volcarona|22\/100\n|-status|p2a: Weavile|brn|[from] ability: Flame Body|[of] p1b: Volcarona\n|-enditem|p1b: Volcarona|Heavy-Duty Boots|[from] move: Knock Off|[of] p2a: Weavile\n|move|p2b: Cattail|Nasty Plot|p2b: Cattail\n|-boost|p2b: Cattail|spa|2\n|move|p1b: Volcarona|Quiver Dance|p1b: Volcarona\n|-boost|p1b: Volcarona|spa|1\n|-boost|p1b: Volcarona|spd|1\n|-boost|p1b: Volcarona|spe|1\n|-activate|p1a: Oricorio|ability: Dancer\n|move|p1a: Oricorio|Quiver Dance|p1a: Oricorio|[from]ability: Dancer\n|-boost|p1a: Oricorio|spa|1\n|-boost|p1a: Oricorio|spd|1\n|-boost|p1a: Oricorio|spe|1\n|move|p1a: Oricorio|Taunt|p2b: Cattail\n|-start|p2b: Cattail|move: Taunt\n|\n|-damage|p2a: Weavile|94\/100 brn|[from] brn\n|upkeep\n|turn|2\n|inactive|dejandejong has 120 seconds left.\n|inactive|ZingyWolf has 120 seconds left.\n|\n|t:|1695974813\n|move|p1b: Volcarona|Fiery Dance|p2a: Weavile\n|-supereffective|p2a: Weavile\n|-damage|p2a: Weavile|0 fnt\n|faint|p2a: Weavile\n|-activate|p1a: Oricorio|ability: Dancer\n|move|p1a: Oricorio|Fiery Dance|p2b: Cattail|[from]ability: Dancer\n|-damage|p2b: Cattail|27\/100\n|replace|p2b: Ri|Zoroark-Hisui, M, shiny\n|-end|p2b: Ri|Illusion\n|move|p1a: Oricorio|Revelation Dance|p2b: Ri\n|-damage|p2b: Ri|0 fnt\n|faint|p2b: Ri\n|\n|upkeep\n|\n|t:|1695974836\n|switch|p2a: Cappuccino|Cinccino, M|100\/100\n|switch|p2b: Coriander|Meowscarada, F|100\/100\n|turn|3\n|inactive|ZingyWolf has 120 seconds left.\n|\n|t:|1695974853\n|move|p1b: Volcarona|Fiery Dance|p2b: Coriander\n|-supereffective|p2b: Coriander\n|-enditem|p2b: Coriander|Focus Sash\n|-damage|p2b: Coriander|1\/100\n|-activate|p1a: Oricorio|ability: Dancer\n|move|p1a: Oricorio|Fiery Dance|p2b: Coriander|[from]ability: Dancer\n|-supereffective|p2b: Coriander\n|-damage|p2b: Coriander|0 fnt\n|faint|p2b: Coriander\n|move|p1a: Oricorio|Revelation Dance|p2a: Cappuccino\n|-damage|p2a: Cappuccino|0 fnt\n|faint|p2a: Cappuccino\n|\n|upkeep\n|\n|t:|1695974868\n|switch|p2b: Cattail|Delcatty, F|100\/100\n|switch|p2a: Honey|Lopunny, M|100\/100\n|turn|4\n|inactive|ZingyWolf has 120 seconds left.\n|\n|t:|1695974882\n|detailschange|p2a: Honey|Lopunny-Mega, M\n|-mega|p2a: Honey|Lopunny|Lopunnite\n|move|p2a: Honey|Fake Out|p1b: Volcarona\n|-damage|p1b: Volcarona|0 fnt\n|faint|p1b: Volcarona\n|move|p1a: Oricorio|Taunt|p2b: Cattail\n|-start|p2b: Cattail|move: Taunt\n|cant|p2b: Cattail|move: Taunt|Sing\n|\n|upkeep\n|\n|t:|1695974895\n|switch|p1b: Espeon|Espeon, F|100\/100\n|turn|5\n|\n|t:|1695974910\n|-terastallize|p2b: Cattail|Ghost\n|move|p1a: Oricorio|Tailwind|p1a: Oricorio\n|-sidestart|p1: dejandejong|move: Tailwind\n|move|p1b: Espeon|Psychic|p2a: Honey\n|-supereffective|p2a: Honey\n|-damage|p2a: Honey|7\/100\n|move|p2a: Honey|Ice Punch|p1a: Oricorio\n|-supereffective|p1a: Oricorio\n|-damage|p1a: Oricorio|21\/100\n|move|p2b: Cattail|Return|p1b: Espeon\n|-crit|p1b: Espeon\n|-damage|p1b: Espeon|42\/100\n|\n|upkeep\n|turn|6\n|\n|t:|1695974939\n|move|p1a: Oricorio|Revelation Dance|p2b: Cattail\n|-damage|p2b: Cattail|5\/100\n|move|p1b: Espeon|Psychic|p2a: Honey\n|-supereffective|p2a: Honey\n|-damage|p2a: Honey|0 fnt\n|faint|p2a: Honey\n|move|p2b: Cattail|Return|p1a: Oricorio\n|-damage|p1a: Oricorio|0 fnt\n|faint|p1a: Oricorio\n|\n|-heal|p2b: Cattail|11\/100|[from] item: Leftovers\n|-end|p2b: Cattail|move: Taunt\n|upkeep\n|\n|t:|1695974948\n|switch|p1a: Regigigas|Regigigas|100\/100\n|-start|p1a: Regigigas|ability: Slow Start\n|turn|7\n|\n|t:|1695974962\n|move|p1b: Espeon|Skill Swap|p1a: Regigigas\n|-activate|p1b: Espeon|move: Skill Swap|||[of] p1a: Regigigas\n|-end|p1a: Regigigas|Slow Start|[silent]\n|-start|p1b: Espeon|ability: Slow Start\n|move|p1a: Regigigas|Knock Off|p2b: Cattail\n|-supereffective|p2b: Cattail\n|-damage|p2b: Cattail|0 fnt\n|-enditem|p2b: Cattail|Leftovers|[from] move: Knock Off|[of] p1a: Regigigas\n|faint|p2b: Cattail\n|\n|win|dejandejong\n|raw|dejandejong's rating: 1031 &rarr; <strong>1071<\/strong><br \/>(+40 for winning)\n|raw|ZingyWolf's rating: 1079 &rarr; <strong>1054<\/strong><br \/>(-25 for losing)\n|l|\u2606ZingyWolf\n","uploadtime":1695974973,"views":9,"p1id":"dejandejong","p2id":"zingywolf","formatid":"gen9nationaldexdoubles","rating":1054,"private":0,"password":""}