{"id":"gen9nationaldexdoubles-1988646595","p1":"GenerallGrievous","p2":"Prankbox454","format":"[Gen 9] National Dex Doubles","log":"|j|\u2606GenerallGrievous\n|j|\u2606Prankbox454\n|t:|1699745825\n|gametype|doubles\n|player|p1|GenerallGrievous|fantina|\n|player|p2|Prankbox454|burgh|\n|teamsize|p1|6\n|teamsize|p2|6\n|gen|9\n|tier|[Gen 9] National Dex Doubles\n|rule|HP Percentage Mod: HP is shown in percentages\n|rule|Endless Battle Clause: Forcing endless battles is banned\n|rule|OHKO Clause: OHKO moves are banned\n|rule|Evasion Moves Clause: Evasion moves are banned\n|rule|Evasion Abilities Clause: Evasion abilities are banned\n|rule|Species Clause: Limit one of each Pok\u00e9mon\n|rule|Gravity Sleep Clause: The combination of sleep-inducing moves with imperfect accuracy and Gravity or Gigantamax Orbeetle are banned\n|clearpoke\n|poke|p1|Oricorio-Sensu, F|\n|poke|p1|Cresselia, F|\n|poke|p1|Stantler, M|\n|poke|p1|Pawmot, M|\n|poke|p1|Articuno-Galar|\n|poke|p1|Houndstone, M|\n|poke|p2|Iron Hands|\n|poke|p2|Indeedee-F, F|\n|poke|p2|Heatran, F|\n|poke|p2|Azumarill, M|\n|poke|p2|Amoonguss, F|\n|poke|p2|Shuckle, M|\n|teampreview\n|c|\u2606Prankbox454|sorry i was picking a funny team\n|\n|t:|1699745842\n|start\n|switch|p1a: Danceee|Oricorio-Sensu, F, shiny|100\/100\n|switch|p1b: Santatler|Stantler, M|100\/100\n|switch|p2a: Audino :Clueless:|Indeedee-F, F|100\/100\n|switch|p2b: Iron Hands|Iron Hands|100\/100\n|-ability|p1b: Santatler|Intimidate|boost\n|-unboost|p2a: Audino :Clueless:|atk|1\n|-unboost|p2b: Iron Hands|atk|1\n|-fieldstart|move: Psychic Terrain|[from] ability: Psychic Surge|[of] p2a: Audino :Clueless:\n|-enditem|p2b: Iron Hands|Booster Energy\n|-activate|p2b: Iron Hands|ability: Quark Drive|[fromitem]\n|-start|p2b: Iron Hands|quarkdriveatk\n|turn|1\n|j| FriedBeaver01\n|\n|t:|1699745862\n|move|p2a: Audino :Clueless:|Follow Me|p2a: Audino :Clueless:\n|-singleturn|p2a: Audino :Clueless:|move: Follow Me\n|move|p1a: Danceee|Quiver Dance|p1a: Danceee\n|-boost|p1a: Danceee|spa|1\n|-boost|p1a: Danceee|spd|1\n|-boost|p1a: Danceee|spe|1\n|move|p1b: Santatler|Skill Swap|p2a: Audino :Clueless:\n|-activate|p1b: Santatler|move: Skill Swap|Psychic Surge|Intimidate|[of] p2a: Audino :Clueless:\n|-ability|p2a: Audino :Clueless:|Intimidate|boost\n|-unboost|p1a: Danceee|atk|1\n|-unboost|p1b: Santatler|atk|1\n|move|p2b: Iron Hands|Swords Dance|p2b: Iron Hands\n|-boost|p2b: Iron Hands|atk|2\n|-enditem|p1a: Danceee|Mirror Herb\n|-boost|p1a: Danceee|atk|2|[from] item: Mirror Herb\n|-activate|p1a: Danceee|ability: Dancer\n|move|p1a: Danceee|Swords Dance|p1a: Danceee|[from]ability: Dancer\n|-boost|p1a: Danceee|atk|2\n|\n|upkeep\n|turn|2\n|c| FriedBeaver01|no\n|c| FriedBeaver01|*np\n|\n|t:|1699745892\n|-terastallize|p1a: Danceee|Ghost\n|move|p2a: Audino :Clueless:|Follow Me|p2a: Audino :Clueless:\n|-singleturn|p2a: Audino :Clueless:|move: Follow Me\n|move|p1a: Danceee|Quiver Dance|p1a: Danceee\n|-boost|p1a: Danceee|spa|1\n|-boost|p1a: Danceee|spd|1\n|-boost|p1a: Danceee|spe|1\n|move|p1b: Santatler|Skill Swap|p2a: Audino :Clueless:\n|-activate|p1b: Santatler|move: Skill Swap|Intimidate|Psychic Surge|[of] p2a: Audino :Clueless:\n|-ability|p1b: Santatler|Intimidate|boost\n|-unboost|p2a: Audino :Clueless:|atk|1\n|-unboost|p2b: Iron Hands|atk|1\n|move|p2b: Iron Hands|Swords Dance|p2b: Iron Hands\n|-boost|p2b: Iron Hands|atk|2\n|-activate|p1a: Danceee|ability: Dancer\n|move|p1a: Danceee|Swords Dance|p1a: Danceee|[from]ability: Dancer\n|-boost|p1a: Danceee|atk|2\n|\n|upkeep\n|turn|3\n|c|\u2606Prankbox454|I'll just spam these 2 moves\n|c|\u2606GenerallGrievous|MY GUY\n|c|\u2606GenerallGrievous|I NEED DANCER ON STANTLER\n|c| FriedBeaver01|Lmao\n|c|\u2606GenerallGrievous|he wsnts to dance\n|c| FriedBeaver01|I can already tell this will be great\n|c|\u2606Prankbox454|Oh my bad lol\n|c|\u2606GenerallGrievous|dont deny his dream\n|\n|t:|1699745954\n|move|p2a: Audino :Clueless:|Helping Hand|p2b: Iron Hands\n|-singleturn|p2b: Iron Hands|Helping Hand|[of] p2a: Audino :Clueless:\n|move|p2b: Iron Hands|Protect|p2b: Iron Hands\n|-singleturn|p2b: Iron Hands|Protect\n|move|p1a: Danceee|Quiver Dance|p1a: Danceee\n|-boost|p1a: Danceee|spa|1\n|-boost|p1a: Danceee|spd|1\n|-boost|p1a: Danceee|spe|1\n|move|p1b: Santatler|Skill Swap|p1a: Danceee\n|-activate|p1b: Santatler|move: Skill Swap|||[of] p1a: Danceee\n|-ability|p1a: Danceee|Intimidate|boost\n|-unboost|p2a: Audino :Clueless:|atk|1\n|-unboost|p2b: Iron Hands|atk|1\n|\n|upkeep\n|turn|4\n|c|\u2606Prankbox454|I forgot follow me could prevent you from targetting your ally\n|\n|t:|1699745982\n|move|p2a: Audino :Clueless:|Helping Hand|p2b: Iron Hands\n|-singleturn|p2b: Iron Hands|Helping Hand|[of] p2a: Audino :Clueless:\n|move|p1b: Santatler|Protect|p1b: Santatler\n|-singleturn|p1b: Santatler|Protect\n|move|p2b: Iron Hands|Protect|p2b: Iron Hands\n|-singleturn|p2b: Iron Hands|Protect\n|move|p1a: Danceee|Baton Pass|p1a: Danceee\n|\n|t:|1699745997\n|switch|p1a: Suicide|Cresselia, F|100\/100|[from] Baton Pass\n|\n|upkeep\n|turn|5\n|\n|t:|1699746014\n|move|p2a: Audino :Clueless:|Helping Hand|p2b: Iron Hands\n|-singleturn|p2b: Iron Hands|Helping Hand|[of] p2a: Audino :Clueless:\n|move|p2b: Iron Hands|Protect||[still]\n|-fail|p2b: Iron Hands\n|move|p1a: Suicide|Lunar Blessing||[still]|[spread] \n|-fail|p1a: Suicide\n|move|p1b: Santatler|Skill Swap||[still]\n|-fail|p1b: Santatler\n|\n|-fieldend|move: Psychic Terrain\n|upkeep\n|turn|6\n|c|\u2606Prankbox454|Oh i need to attack here, i asssume\n|c|\u2606Prankbox454|right?\n|c|\u2606GenerallGrievous|no no need\n|c|\u2606GenerallGrievous|since punch dojo has no abilty\n|c|\u2606GenerallGrievous|i cant swap lol\n|c|\u2606Prankbox454|alright\n|\n|t:|1699746070\n|move|p2a: Audino :Clueless:|Helping Hand|p2b: Iron Hands\n|-singleturn|p2b: Iron Hands|Helping Hand|[of] p2a: Audino :Clueless:\n|move|p2b: Iron Hands|Protect|p2b: Iron Hands\n|-singleturn|p2b: Iron Hands|Protect\n|move|p1a: Suicide|Lunar Blessing||[still]|[spread] \n|-fail|p1a: Suicide\n|move|p1b: Santatler|Skill Swap|p2a: Audino :Clueless:\n|-activate|p1b: Santatler|move: Skill Swap|Psychic Surge|Dancer|[of] p2a: Audino :Clueless:\n|-fieldstart|move: Psychic Terrain|[from] ability: Psychic Surge|[of] p1b: Santatler\n|\n|upkeep\n|turn|7\n|\n|t:|1699746087\n|move|p2a: Audino :Clueless:|Helping Hand|p2b: Iron Hands\n|-singleturn|p2b: Iron Hands|Helping Hand|[of] p2a: Audino :Clueless:\n|move|p1a: Suicide|Lunar Dance|p1a: Suicide\n|faint|p1a: Suicide\n|-activate|p2a: Audino :Clueless:|ability: Dancer\n|move|p2a: Audino :Clueless:|Lunar Dance|p2a: Audino :Clueless:|[from]ability: Dancer\n|faint|p2a: Audino :Clueless:\n|move|p1b: Santatler|Thunder Wave|p2b: Iron Hands\n|-immune|p2b: Iron Hands\n|move|p2b: Iron Hands|Swords Dance|p2b: Iron Hands\n|-boost|p2b: Iron Hands|atk|2\n|\n|upkeep\n|\n|t:|1699746128\n|switch|p1a: Palpatune|Articuno-Galar|100\/100\n|switch|p2a: Aw Shucks|Shuckle, M|100\/100\n|turn|8\n|c|\u2606Prankbox454|im still confused lol\n|\n|t:|1699746146\n|switch|p1b: CPR|Pawmot, M|100\/100\n|move|p1a: Palpatune|Freezing Glare|p2b: Iron Hands\n|-supereffective|p2b: Iron Hands\n|-damage|p2b: Iron Hands|27\/100\n|move|p2b: Iron Hands|Swords Dance|p2b: Iron Hands\n|-boost|p2b: Iron Hands|atk|2\n|move|p2a: Aw Shucks|Power Trick|p2a: Aw Shucks\n|-start|p2a: Aw Shucks|Power Trick\n|\n|upkeep\n|turn|9\n|c|\u2606GenerallGrievous|shh\n|\n|t:|1699746169\n|move|p2a: Aw Shucks|Endure|p2a: Aw Shucks\n|-singleturn|p2a: Aw Shucks|move: Endure\n|move|p1b: CPR|Revival Blessing|p1b: CPR\n|\n|t:|1699746178\n|-heal|p1: Suicide|50\/100|[from] move: Revival Blessing\n|move|p1a: Palpatune|Freezing Glare|p2b: Iron Hands\n|-supereffective|p2b: Iron Hands\n|-damage|p2b: Iron Hands|0 fnt\n|faint|p2b: Iron Hands\n|-end|p2b: Iron Hands|Quark Drive|[silent]\n|\n|upkeep\n|\n|t:|1699746188\n|switch|p2b: Millar|Azumarill, M|100\/100\n|turn|10\n|\n|t:|1699746199\n|switch|p1b: Santatler|Stantler, M|100\/100\n|-ability|p1b: Santatler|Intimidate|boost\n|-unboost|p2a: Aw Shucks|atk|1\n|-unboost|p2b: Millar|atk|1\n|move|p1a: Palpatune|Protect|p1a: Palpatune\n|-singleturn|p1a: Palpatune|Protect\n|move|p2a: Aw Shucks|Endure||[still]\n|-fail|p2a: Aw Shucks\n|move|p2b: Millar|Belly Drum|p2b: Millar\n|-damage|p2b: Millar|50\/100\n|-setboost|p2b: Millar|atk|6|[from] move: Belly Drum\n|-enditem|p2b: Millar|Sitrus Berry|[eat]\n|-heal|p2b: Millar|75\/100|[from] item: Sitrus Berry\n|\n|-fieldend|move: Psychic Terrain\n|upkeep\n|turn|11\n|\n|t:|1699746224\n|move|p2a: Aw Shucks|Endure|p2a: Aw Shucks\n|-singleturn|p2a: Aw Shucks|move: Endure\n|move|p1a: Palpatune|Freezing Glare|p2b: Millar\n|-damage|p2b: Millar|29\/100\n|move|p1b: Santatler|Skill Swap|p2b: Millar\n|-activate|p1b: Santatler|move: Skill Swap|Huge Power|Intimidate|[of] p2b: Millar\n|-ability|p2b: Millar|Intimidate|boost\n|-unboost|p1a: Palpatune|atk|1\n|-ability|p1a: Palpatune|Competitive|boost\n|-boost|p1a: Palpatune|spa|2\n|-enditem|p1a: Palpatune|Adrenaline Orb\n|-boost|p1a: Palpatune|spe|1|[from] item: Adrenaline Orb\n|-unboost|p1b: Santatler|atk|1\n|move|p2b: Millar|Belly Drum||[still]\n|-fail|p2b: Millar\n|\n|upkeep\n|turn|12\n|c|\u2606Prankbox454|Ok that's pretty cool\n|\n|t:|1699746271\n|move|p2a: Aw Shucks|Endure||[still]\n|-fail|p2a: Aw Shucks\n|move|p1a: Palpatune|Freezing Glare|p2b: Millar\n|-crit|p2b: Millar\n|-damage|p2b: Millar|0 fnt\n|faint|p2b: Millar\n|move|p1b: Santatler|Thunder Wave|p2a: Aw Shucks\n|-status|p2a: Aw Shucks|par\n|\n|upkeep\n|c|\u2606Prankbox454|Is it just skill swap shenanigans?\n|c|\u2606GenerallGrievous|yea\n|c|\u2606GenerallGrievous|it usually works better\n|c|\u2606GenerallGrievous|but the quark drive\n|c|\u2606GenerallGrievous|is screwing it up\n|c|\u2606Prankbox454|I thought you were setting up some massive sweep\n|c| FriedBeaver01|Same lol\n|c|\u2606GenerallGrievous|huh no lol\n|c|\u2606Prankbox454|And then you just start beating up my mons with unboosted Articuno lol\n|c|\u2606GenerallGrievous|i was watching catbin hat real life version when doing this\n|\n|t:|1699746337\n|switch|p2b: Don't say it|Amoonguss, F|100\/100\n|turn|13\n|c|\u2606Prankbox454|Is there anything else you wanna show here?\n|c|\u2606GenerallGrievous|nah\n|c|\u2606Prankbox454|Before i sweep with Shuckle?\n|c|\u2606Prankbox454|:smug:\n|c|\u2606GenerallGrievous|i can just kill with aritcuno but i wont\n|\n|t:|1699746378\n|switch|p1a: Danceee|Oricorio-Sensu, F, shiny, tera:Ghost|100\/100\n|-heal|p1a: Danceee|100\/100|[from] move: Lunar Dance\n|-terastallize|p2a: Aw Shucks|Rock\n|move|p2b: Don't say it|Rage Powder|p2b: Don't say it\n|-singleturn|p2b: Don't say it|move: Rage Powder\n|move|p1b: Santatler|Thunder Wave|p2b: Don't say it\n|-status|p2b: Don't say it|par\n|cant|p2a: Aw Shucks|par\n|\n|upkeep\n|turn|14\n|c|\u2606Prankbox454|bruh\n|\n|t:|1699746404\n|move|p2b: Don't say it|Rage Powder|p2b: Don't say it\n|-singleturn|p2b: Don't say it|move: Rage Powder\n|move|p1a: Danceee|Quiver Dance|p1a: Danceee\n|-boost|p1a: Danceee|spa|1\n|-boost|p1a: Danceee|spd|1\n|-boost|p1a: Danceee|spe|1\n|move|p1b: Santatler|Skill Swap|p2b: Don't say it\n|-activate|p1b: Santatler|move: Skill Swap|Regenerator|Huge Power|[of] p2b: Don't say it\n|move|p2a: Aw Shucks|Rock Slide|p1a: Danceee|[spread] p1b\n|-miss|p2a: Aw Shucks|p1a: Danceee\n|-crit|p1b: Santatler\n|-damage|p1b: Santatler|0 fnt\n|faint|p1b: Santatler\n|\n|upkeep\n|c| FriedBeaver01|Lol\n|c|\u2606Prankbox454|This shuckle is missing the mark so bad lol\n|c|\u2606GenerallGrievous|loll\n|c| FriedBeaver01|I got you inside some fairly exhausting shit haven\u2019t I meat?\n|\n|t:|1699746441\n|switch|p1b: Bad Boy|Houndstone, M|100\/100\n|turn|15\n|c|\u2606Prankbox454|Nah this is funny\n|\n|t:|1699746459\n|switch|p1b: CPR|Pawmot, M|100\/100\n|move|p2b: Don't say it|Rage Powder|p2b: Don't say it\n|-singleturn|p2b: Don't say it|move: Rage Powder\n|move|p1a: Danceee|Baton Pass|p1a: Danceee\n|\n|t:|1699746465\n|switch|p1a: Suicide|Cresselia, F|50\/100|[from] Baton Pass\n|move|p2a: Aw Shucks|Rock Slide|p1b: CPR|[spread] p1a,p1b\n|-resisted|p1b: CPR\n|-damage|p1a: Suicide|17\/100\n|-damage|p1b: CPR|66\/100\n|\n|-heal|p1a: Suicide|23\/100|[from] item: Leftovers\n|upkeep\n|turn|16\n|c|\u2606Prankbox454|Comeback still possible :Copium:\n|\n|t:|1699746491\n|switch|p1b: Bad Boy|Houndstone, M|100\/100\n|switch|p2a: Heatran|Heatran, F|100\/100\n|move|p1a: Suicide|Lunar Dance|p1a: Suicide\n|faint|p1a: Suicide\n|move|p2b: Don't say it|Spore|p1b: Bad Boy\n|-status|p1b: Bad Boy|slp|[from] move: Spore\n|\n|upkeep\n|\n|t:|1699746504\n|switch|p1a: CPR|Pawmot, M|66\/100\n|-heal|p1a: CPR|100\/100|[from] move: Lunar Dance\n|turn|17\n|c|\u2606Prankbox454|Oh i see\n|c|\u2606Prankbox454|You lunar dance pawmot in case it lives without breaking sash\n|c|\u2606Prankbox454|Smart\n|\n|t:|1699746536\n|switch|p1b: Palpatune|Articuno-Galar|100\/100\n|move|p1a: CPR|Revival Blessing|p1a: CPR\n|c|\u2606GenerallGrievous|defiently its intentional\n|\n|t:|1699746563\n|-heal|p1: Suicide|50\/100|[from] move: Revival Blessing\n|move|p2a: Heatran|Magma Storm|p1b: Palpatune|[miss]\n|-miss|p2a: Heatran|p1b: Palpatune\n|cant|p2b: Don't say it|par\n|\n|upkeep\n|turn|18\n|c|\u2606Prankbox454|My mons are slacking today\n|c|\u2606Prankbox454|Although tbf, its almost midnight where i am. They might be tired :P\n|c|\u2606GenerallGrievous|i won with this 3\/5 times\n|c|\u2606GenerallGrievous|somehow\n|c|\u2606Prankbox454|Lol nice\n|c|\u2606GenerallGrievous|its 3am\n|\n|t:|1699746615\n|switch|p2a: Aw Shucks|Shuckle, M, tera:Rock|100\/100 par\n|-heal|p2a: Aw Shucks|100\/100|[from] move: Lunar Dance\n|move|p2b: Don't say it|Protect|p2b: Don't say it\n|-singleturn|p2b: Don't say it|Protect\n|move|p1a: CPR|Close Combat|p2a: Aw Shucks\n|-supereffective|p2a: Aw Shucks\n|-damage|p2a: Aw Shucks|17\/100\n|-unboost|p1a: CPR|def|1\n|-unboost|p1a: CPR|spd|1\n|move|p1b: Palpatune|Freezing Glare|p2b: Don't say it\n|-activate|p2b: Don't say it|move: Protect\n|\n|upkeep\n|turn|19\n|c|\u2606GenerallGrievous|lol\n|c|\u2606Prankbox454|Wait what\n|c|\u2606GenerallGrievous|ye\n|c|\u2606Prankbox454|\"cloaked in mystical moonlight\"?\n|c|\u2606GenerallGrievous|yea\n|c|\u2606GenerallGrievous|lunar dance\n|c|\u2606Prankbox454|Bro got blessed\n|c|\u2606GenerallGrievous|shuckle deserved it\n|c|\u2606Prankbox454|yea\n|-enditem|p2a: Aw Shucks|Custap Berry|[eat]\n|-activate|p2a: Aw Shucks|item: Custap Berry|[consumed]\n|\n|t:|1699746663\n|move|p2a: Aw Shucks|Endure|p2a: Aw Shucks\n|-singleturn|p2a: Aw Shucks|move: Endure\n|move|p1a: CPR|Volt Switch|p2a: Aw Shucks\n|-damage|p2a: Aw Shucks|3\/100\n|\n|t:|1699746676\n|switch|p1a: Suicide|Cresselia, F|50\/100|[from] Volt Switch\n|move|p1b: Palpatune|Freezing Glare|p2b: Don't say it\n|-supereffective|p2b: Don't say it\n|-damage|p2b: Don't say it|13\/100 par\n|cant|p2b: Don't say it|par\n|\n|-heal|p1a: Suicide|57\/100|[from] item: Leftovers\n|-heal|p2b: Don't say it|19\/100 par|[from] item: Black Sludge\n|upkeep\n|turn|20\n|c|\u2606Prankbox454|lmao epic Custap Berry usage\n|c|\u2606Prankbox454|Im too used to it procing when my mons are at 1%\n|\n|t:|1699746706\n|move|p1b: Palpatune|Freezing Glare|p2b: Don't say it\n|-supereffective|p2b: Don't say it\n|-damage|p2b: Don't say it|0 fnt\n|faint|p2b: Don't say it\n|move|p1a: Suicide|Lunar Dance|p1a: Suicide\n|faint|p1a: Suicide\n|move|p2a: Aw Shucks|Rock Slide|p1b: Palpatune\n|-supereffective|p1b: Palpatune\n|-damage|p1b: Palpatune|78\/100\n|\n|upkeep\n|\n|t:|1699746716\n|switch|p1a: CPR|Pawmot, M|100\/100\n|switch|p2b: Heatran|Heatran, F|100\/100\n|-heal|p1a: CPR|100\/100|[from] move: Lunar Dance\n|turn|21\n|c|\u2606GenerallGrievous|Pawmot is blessed all night long\n|\n|t:|1699746739\n|move|p1a: CPR|Close Combat|p2b: Heatran\n|-supereffective|p2b: Heatran\n|-damage|p2b: Heatran|10\/100\n|-unboost|p1a: CPR|def|1\n|-unboost|p1a: CPR|spd|1\n|move|p1b: Palpatune|Freezing Glare|p2a: Aw Shucks\n|-damage|p2a: Aw Shucks|0 fnt\n|faint|p2a: Aw Shucks\n|move|p2b: Heatran|Heat Wave|p1b: Palpatune|[spread] p1a,p1b\n|-enditem|p1a: CPR|Focus Sash\n|-damage|p1a: CPR|1\/100\n|-damage|p1b: Palpatune|15\/100\n|-status|p1b: Palpatune|brn\n|\n|-damage|p1b: Palpatune|8\/100 brn|[from] brn\n|upkeep\n|turn|22\n|c|\u2606Prankbox454|hold\n|c|\u2606Prankbox454|nah ggs\n|c|\u2606GenerallGrievous|fpcus sash be liks\n|\n|t:|1699746773\n|move|p1a: CPR|Revival Blessing|p1a: CPR\n|\n|t:|1699746775\n|-heal|p1: Suicide|50\/100|[from] move: Revival Blessing\n|move|p1b: Palpatune|Freezing Glare|p2b: Heatran\n|-resisted|p2b: Heatran\n|-damage|p2b: Heatran|0 fnt\n|faint|p2b: Heatran\n|\n|win|GenerallGrievous\n|c| FriedBeaver01|gg\n|c|\u2606GenerallGrievous|well ye\n|c|\u2606GenerallGrievous|something like this\n|c|\u2606GenerallGrievous|i used it 5 times\n|c|\u2606GenerallGrievous|won 3 of em\n|c|\u2606Prankbox454|Pretty cool strats\n|c|\u2606GenerallGrievous|thx\n|c|\u2606GenerallGrievous|lol\n|c| FriedBeaver01|Yea\n|c|\u2606Prankbox454|Good results honestly\n|c|\u2606GenerallGrievous|yea\n|c|\u2606GenerallGrievous|for a team like this\n|c|\u2606GenerallGrievous|i usually use volcarona+oricorio\n|c|\u2606Prankbox454|I remember my friend fried here doing similar shenanigans with Adrenaline Orb\n|c| FriedBeaver01|Though I\u2019ll say it\u2019d be kinda hard to pull off something like this in an actual match\n|c|\u2606Prankbox454|Now he knows what to do :smug:\n|c|\u2606GenerallGrievous|yea\n","uploadtime":1699746850,"views":7,"p1id":"generallgrievous","p2id":"prankbox454","formatid":"gen9nationaldexdoubles","rating":0,"private":0,"password":""}