{"id":"gen9nationaldexdoubles-1967477195","p1":"ralca 1","p2":"Leolia","format":"[Gen 9] National Dex Doubles","log":"|j|\u2606ralca 1\n|j|\u2606Leolia\n|t:|1697305559\n|gametype|doubles\n|player|p1|ralca 1|steven|\n|player|p2|Leolia|hilbert-wonderlauncher|\n|teamsize|p1|6\n|teamsize|p2|6\n|gen|9\n|tier|[Gen 9] National Dex Doubles\n|rule|HP Percentage Mod: HP is shown in percentages\n|rule|Endless Battle Clause: Forcing endless battles is banned\n|rule|OHKO Clause: OHKO moves are banned\n|rule|Evasion Moves Clause: Evasion moves are banned\n|rule|Evasion Abilities Clause: Evasion abilities are banned\n|rule|Species Clause: Limit one of each Pok\u00e9mon\n|rule|Gravity Sleep Clause: The combination of sleep-inducing moves with imperfect accuracy and Gravity or Gigantamax Orbeetle are banned\n|clearpoke\n|poke|p1|Cinderace, F|\n|poke|p1|Ursaluna, M|\n|poke|p1|Moltres-Galar|\n|poke|p1|Tapu Fini|\n|poke|p1|Grimmsnarl, M|\n|poke|p1|Ogerpon-Hearthflame, F|\n|poke|p2|Hoopa-Unbound|\n|poke|p2|Regidrago|\n|poke|p2|Greninja-*, F|\n|poke|p2|Cinderace, M|\n|poke|p2|Swampert, M|\n|poke|p2|Garchomp, F|\n|teampreview\n|\n|t:|1697305580\n|start\n|switch|p1a: Ursaluna|Ursaluna, M|100\/100\n|switch|p1b: Moltres|Moltres-Galar|100\/100\n|switch|p2a: Greninja|Greninja, F|100\/100\n|switch|p2b: Hoopa|Hoopa-Unbound|100\/100\n|-ability|p1a: Ursaluna|Unnerve\n|turn|1\n|\n|t:|1697305612\n|-terastallize|p1a: Ursaluna|Ground\n|-terastallize|p2b: Hoopa|Psychic\n|move|p1b: Moltres|Fiery Wrath|p2a: Greninja|[spread] p2a,p2b\n|-resisted|p2a: Greninja\n|-supereffective|p2b: Hoopa\n|-damage|p2a: Greninja|83\/100\n|-damage|p2b: Hoopa|67\/100\n|cant|p2a: Greninja|flinch\n|move|p1a: Ursaluna|Earthquake|p2a: Greninja|[spread] p2a,p2b\n|-immune|p1b: Moltres\n|-damage|p2a: Greninja|0 fnt\n|-damage|p2b: Hoopa|0 fnt\n|faint|p2a: Greninja\n|faint|p2b: Hoopa\n|\n|-status|p1a: Ursaluna|brn|[from] item: Flame Orb\n|upkeep\n|\n|t:|1697305638\n|switch|p2a: Garchomp|Garchomp, F|100\/100\n|switch|p2b: Cinderace|Cinderace, M|100\/100\n|turn|2\n|\n|t:|1697305656\n|move|p1b: Moltres|Fiery Wrath|p2b: Cinderace|[spread] p2a,p2b\n|-crit|p2b: Cinderace\n|-damage|p2a: Garchomp|79\/100\n|-damage|p2b: Cinderace|53\/100\n|cant|p2b: Cinderace|flinch\n|-zpower|p2a: Garchomp\n|move|p2a: Garchomp|Devastating Drake|p1b: Moltres|[zeffect]\n|-damage|p1b: Moltres|59\/100\n|move|p1a: Ursaluna|Earthquake|p2b: Cinderace|[spread] p2a,p2b\n|-immune|p1b: Moltres\n|-supereffective|p2b: Cinderace\n|-damage|p2a: Garchomp|48\/100\n|-damage|p2b: Cinderace|0 fnt\n|faint|p2b: Cinderace\n|\n|-damage|p1a: Ursaluna|94\/100 brn|[from] brn\n|upkeep\n|\n|t:|1697305684\n|switch|p2b: Swampert|Swampert, M|100\/100\n|turn|3\n|\n|t:|1697305700\n|detailschange|p2b: Swampert|Swampert-Mega, M\n|-mega|p2b: Swampert|Swampert|Swampertite\n|move|p1b: Moltres|Fiery Wrath|p2b: Swampert|[spread] p2a,p2b\n|-damage|p2a: Garchomp|23\/100\n|-damage|p2b: Swampert|82\/100\n|move|p2a: Garchomp|Draco Meteor|p1a: Ursaluna\n|-damage|p1a: Ursaluna|57\/100 brn\n|-unboost|p2a: Garchomp|spa|2\n|move|p2b: Swampert|Ancient Power|p1b: Moltres\n|-supereffective|p1b: Moltres\n|-damage|p1b: Moltres|37\/100\n|-ability|p1b: Moltres|Berserk|boost\n|-boost|p1b: Moltres|spa|1\n|move|p1a: Ursaluna|Earthquake|p2b: Swampert|[spread] p2a,p2b\n|-immune|p1b: Moltres\n|-damage|p2a: Garchomp|0 fnt\n|-damage|p2b: Swampert|60\/100\n|faint|p2a: Garchomp\n|\n|-damage|p1a: Ursaluna|51\/100 brn|[from] brn\n|upkeep\n|\n|t:|1697305722\n|switch|p2a: Regidrago|Regidrago|100\/100\n|turn|4\n|\n|t:|1697305737\n|move|p1b: Moltres|Protect|p1b: Moltres\n|-singleturn|p1b: Moltres|Protect\n|move|p2a: Regidrago|Hammer Arm|p1a: Ursaluna\n|-damage|p1a: Ursaluna|32\/100 brn\n|-unboost|p2a: Regidrago|spe|1\n|move|p2b: Swampert|Ancient Power|p1b: Moltres\n|-activate|p1b: Moltres|move: Protect\n|move|p1a: Ursaluna|Earthquake|p2a: Regidrago|[spread] p2a,p2b\n|-activate|p1b: Moltres|move: Protect\n|-damage|p2a: Regidrago|77\/100\n|-damage|p2b: Swampert|35\/100\n|\n|-damage|p1a: Ursaluna|25\/100 brn|[from] brn\n|upkeep\n|turn|5\n|\n|t:|1697305763\n|switch|p1b: Cinderace|Cinderace, F, shiny|100\/100\n|switch|p1a: Tapu Fini|Tapu Fini|100\/100\n|-fieldstart|move: Misty Terrain|[from] ability: Misty Surge|[of] p1a: Tapu Fini\n|move|p2b: Swampert|Ancient Power|p1a: Tapu Fini\n|-damage|p1a: Tapu Fini|91\/100\n|move|p2a: Regidrago|Hammer Arm|p1a: Tapu Fini\n|-resisted|p1a: Tapu Fini\n|-damage|p1a: Tapu Fini|79\/100\n|-unboost|p2a: Regidrago|spe|1\n|\n|upkeep\n|turn|6\n|\n|t:|1697305787\n|move|p1b: Cinderace|Sucker Punch|p2b: Swampert\n|-start|p1b: Cinderace|typechange|Dark|[from] ability: Libero\n|-damage|p2b: Swampert|2\/100\n|-damage|p1b: Cinderace|91\/100|[from] item: Life Orb\n|-zpower|p1a: Tapu Fini\n|move|p1a: Tapu Fini|Hydro Vortex|p2a: Regidrago|[zeffect]\n|-resisted|p2a: Regidrago\n|-damage|p2a: Regidrago|50\/100\n|move|p2b: Swampert|Earthquake|p1b: Cinderace|[spread] p2a,p1a,p1b\n|-damage|p2a: Regidrago|19\/100\n|-damage|p1a: Tapu Fini|47\/100\n|-damage|p1b: Cinderace|36\/100\n|move|p2a: Regidrago|Hammer Arm|p1a: Tapu Fini\n|-resisted|p1a: Tapu Fini\n|-damage|p1a: Tapu Fini|35\/100\n|-unboost|p2a: Regidrago|spe|1\n|\n|upkeep\n|turn|7\n|\n|t:|1697305815\n|switch|p1b: Grimmsnarl|Grimmsnarl, M|100\/100\n|move|p1a: Tapu Fini|Surf|p2a: Regidrago|[spread] p1b,p2a,p2b\n|-resisted|p2a: Regidrago\n|-crit|p2b: Swampert\n|-damage|p1b: Grimmsnarl|84\/100\n|-damage|p2a: Regidrago|8\/100\n|-damage|p2b: Swampert|0 fnt\n|faint|p2b: Swampert\n|move|p2a: Regidrago|Hammer Arm|p1b: Grimmsnarl\n|-damage|p1b: Grimmsnarl|49\/100\n|-unboost|p2a: Regidrago|spe|1\n|\n|upkeep\n|turn|8\n|\n|t:|1697305837\n|move|p1a: Tapu Fini|Dazzling Gleam|p2a: Regidrago\n|-supereffective|p2a: Regidrago\n|-damage|p2a: Regidrago|0 fnt\n|faint|p2a: Regidrago\n|\n|win|ralca 1\n|l|\u2606Leolia\n","uploadtime":1697305894,"views":16,"p1id":"ralca1","p2id":"leolia","formatid":"gen9nationaldexdoubles","rating":0,"private":0,"password":""}