{"id":"gen9nationaldexdoubles-1973707013","p1":"Jack the Ripper21","p2":"VGCMarrell","format":"[Gen 9] National Dex Doubles","log":"|j|\u2606Jack the Ripper21\n|j|\u2606VGCMarrell\n|t:|1698005359\n|gametype|doubles\n|player|p1|Jack the Ripper21|gentleman-gen4dp|\n|player|p2|VGCMarrell|266|\n|teamsize|p1|6\n|teamsize|p2|6\n|gen|9\n|tier|[Gen 9] National Dex Doubles\n|rule|HP Percentage Mod: HP is shown in percentages\n|rule|Endless Battle Clause: Forcing endless battles is banned\n|rule|OHKO Clause: OHKO moves are banned\n|rule|Evasion Moves Clause: Evasion moves are banned\n|rule|Evasion Abilities Clause: Evasion abilities are banned\n|rule|Species Clause: Limit one of each Pok\u00e9mon\n|rule|Gravity Sleep Clause: The combination of sleep-inducing moves with imperfect accuracy and Gravity or Gigantamax Orbeetle are banned\n|clearpoke\n|poke|p1|Venusaur, F|\n|poke|p1|Toxapex, M|\n|poke|p1|Iron Moth|\n|poke|p1|Crobat, M|\n|poke|p1|Nihilego|\n|poke|p1|Nidoking, M|\n|poke|p2|Torterra, F|\n|poke|p2|Garchomp, F|\n|poke|p2|Talonflame, M|\n|poke|p2|Gholdengo|\n|poke|p2|Iron Valiant|\n|poke|p2|Blissey, F|\n|teampreview\n|c|\u2606Jack the Ripper21|ooo nice team\n|j| YaBoiCrim\n|c|\u2606Jack the Ripper21|im assuming booster energy iron vali\n|\n|t:|1698005399\n|start\n|switch|p1a: the|Crobat, M|100\/100\n|switch|p1b: side|Nidoking, M|100\/100\n|switch|p2a: Overkill|Garchomp, F|100\/100\n|switch|p2b: IRS|Gholdengo|100\/100\n|turn|1\n|c| YaBoiCrim|The Poison Demon Gyro vs the Prince of Mystery Marrell\n|\n|t:|1698005417\n|switch|p2b: Phoenix|Talonflame, M|100\/100\n|detailschange|p2a: Overkill|Garchomp-Mega, F\n|-mega|p2a: Overkill|Garchomp|Garchompite\n|move|p1b: side|Fire Blast|p2b: Phoenix|[miss]\n|-miss|p1b: side|p2b: Phoenix\n|-zpower|p1a: the\n|move|p1a: the|Supersonic Skystrike|p2b: Phoenix|[zeffect]\n|-damage|p2b: Phoenix|31\/100\n|move|p2a: Overkill|Earthquake|p1b: side|[spread] p1b\n|-immune|p2b: Phoenix\n|-immune|p1a: the\n|-supereffective|p1b: side\n|-damage|p1b: side|0 fnt\n|faint|p1b: side\n|\n|upkeep\n|c|\u2606Jack the Ripper21|damn missed\n|\n|t:|1698005445\n|switch|p1b: Its a moth|Iron Moth|100\/100\n|-enditem|p1b: Its a moth|Booster Energy\n|-activate|p1b: Its a moth|ability: Quark Drive|[fromitem]\n|-start|p1b: Its a moth|quarkdrivespa\n|turn|2\n|\n|t:|1698005475\n|move|p1a: the|Brave Bird|p2b: Phoenix\n|-damage|p2b: Phoenix|0 fnt\n|-damage|p1a: the|84\/100|[from] item: Rocky Helmet|[of] p2b: Phoenix\n|faint|p2b: Phoenix\n|-damage|p1a: the|72\/100|[from] Recoil\n|move|p1b: Its a moth|Dazzling Gleam|p2a: Overkill\n|-supereffective|p2a: Overkill\n|-damage|p2a: Overkill|18\/100\n|move|p2a: Overkill|Earthquake|p1a: the|[spread] p1b\n|-immune|p1a: the\n|-supereffective|p1b: Its a moth\n|-damage|p1b: Its a moth|0 fnt\n|faint|p1b: Its a moth\n|-end|p1b: Its a moth|Quark Drive|[silent]\n|\n|upkeep\n|c|\u2606Jack the Ripper21|probably should have ice beam the garchomp\n|\n|t:|1698005492\n|switch|p1b: other|Nihilego|100\/100\n|switch|p2b: Bowser|Torterra, F|100\/100\n|turn|3\n|\n|t:|1698005519\n|move|p1b: other|Sludge Wave|p2a: Overkill|[spread] p1a,p2a,p2b\n|-resisted|p1a: the\n|-resisted|p2a: Overkill\n|-damage|p1a: the|46\/100\n|-damage|p2a: Overkill|1\/100\n|-damage|p2b: Bowser|59\/100\n|move|p1a: the|Brave Bird|p2b: Bowser\n|-supereffective|p2b: Bowser\n|-damage|p2b: Bowser|0 fnt\n|faint|p2b: Bowser\n|-damage|p1a: the|26\/100|[from] Recoil\n|move|p2a: Overkill|Earthquake|p1a: the|[spread] p1b\n|-immune|p1a: the\n|-supereffective|p1b: other\n|-damage|p1b: other|0 fnt\n|faint|p1b: other\n|\n|upkeep\n|c|\u2606Jack the Ripper21|oof\n|c| YaBoiCrim|no way sludge wave didnt kill\n|c|\u2606Jack the Ripper21|low roll\n|c| YaBoiCrim|that is wild\n|c|\u2606VGCMarrell|damn-\n|\n|t:|1698005538\n|switch|p1b: hello|Venusaur, F|100\/100\n|switch|p2b: IRS|Gholdengo|100\/100\n|turn|4\n|c|\u2606VGCMarrell|My Fav Mon Still Alive.\n|c|\u2606Jack the Ripper21|the rng aint here for me\n|\n|t:|1698005559\n|detailschange|p1b: hello|Venusaur-Mega, F\n|-mega|p1b: hello|Venusaur|Venusaurite\n|move|p1a: the|U-turn|p2a: Overkill\n|-damage|p2a: Overkill|0 fnt\n|faint|p2a: Overkill\n|\n|t:|1698005564\n|switch|p1a: tanky|Toxapex, M|100\/100|[from] U-turn\n|move|p2b: IRS|Nasty Plot|p2b: IRS\n|-boost|p2b: IRS|spa|2\n|move|p1b: hello|Giga Drain|p2b: IRS\n|-resisted|p2b: IRS\n|-damage|p2b: IRS|89\/100\n|\n|-heal|p2b: IRS|95\/100|[from] item: Leftovers\n|upkeep\n|c| YaBoiCrim|ooh that was smart\n|\n|t:|1698005569\n|switch|p2a: Toriel|Blissey, F|100\/100\n|turn|5\n|c| YaBoiCrim|giga drain?\n|c|\u2606Jack the Ripper21|don't got hp fire ;-;\n|\n|t:|1698005592\n|move|p2b: IRS|Shadow Ball|p1a: tanky\n|-damage|p1a: tanky|38\/100\n|move|p1b: hello|Sludge Bomb|p2a: Toriel\n|-damage|p2a: Toriel|88\/100\n|move|p2a: Toriel|Thunder Wave|p1b: hello\n|-status|p1b: hello|par\n|move|p1a: tanky|Scald|p2b: IRS\n|-damage|p2b: IRS|83\/100\n|\n|-heal|p2b: IRS|89\/100|[from] item: Leftovers\n|-heal|p1a: tanky|44\/100|[from] item: Black Sludge\n|upkeep\n|turn|6\n|c|\u2606Jack the Ripper21|forgot to put haze on\n|c|\u2606Jack the Ripper21|again\n|c| YaBoiCrim|yikes\n|c|\u2606Jack the Ripper21|really need to fix the team\n|\n|t:|1698005618\n|move|p2b: IRS|Shadow Ball|p1a: tanky\n|-damage|p1a: tanky|0 fnt\n|faint|p1a: tanky\n|move|p2a: Toriel|Seismic Toss|p1b: hello\n|-damage|p1b: hello|73\/100 par\n|move|p1b: hello|Sludge Bomb|p2a: Toriel\n|-damage|p2a: Toriel|78\/100\n|\n|-heal|p2b: IRS|95\/100|[from] item: Leftovers\n|upkeep\n|c| YaBoiCrim|i keep asking if u want any help lol and u keep saying no\n|c|\u2606Jack the Ripper21|yeah this luck was not on my side\n|\n|t:|1698005631\n|switch|p1a: the|Crobat, M|26\/100\n|turn|7\n|c|\u2606Jack the Ripper21|oh well\n|c|\u2606Jack the Ripper21|i like figuring it out on my own lmao\n|c| YaBoiCrim|bro they dont call him the Prince of Mystery for nothing\n|c| YaBoiCrim|fair enough\n|\n|t:|1698005654\n|move|p1a: the|Brave Bird|p2a: Toriel\n|-damage|p2a: Toriel|31\/100\n|-damage|p1a: the|0 fnt|[from] Recoil\n|faint|p1a: the\n|move|p2b: IRS|Shadow Ball|p1b: hello\n|-damage|p1b: hello|12\/100 par\n|move|p2a: Toriel|Seismic Toss|p1b: hello\n|-damage|p1b: hello|0 fnt\n|faint|p1b: hello\n|\n|win|VGCMarrell\n|c|\u2606Jack the Ripper21|gg\n|c|\u2606VGCMarrell|gg.\n|c| YaBoiCrim|wp yall\n","uploadtime":1698005666,"views":12,"p1id":"jacktheripper21","p2id":"vgcmarrell","formatid":"gen9nationaldexdoubles","rating":0,"private":0,"password":""}