{"id":"gen9nationaldexdoubles-1991914990","p1":"fumbari 24","p2":"Inkubone","format":"[Gen 9] National Dex Doubles","log":"|j|\u2606fumbari 24\n|j|\u2606Inkubone\n|t:|1700137625\n|gametype|doubles\n|player|p1|fumbari 24|hilbert|1327\n|player|p2|Inkubone|yellow|1357\n|teamsize|p1|6\n|teamsize|p2|6\n|gen|9\n|tier|[Gen 9] National Dex Doubles\n|rated|\n|rule|HP Percentage Mod: HP is shown in percentages\n|rule|Endless Battle Clause: Forcing endless battles is banned\n|rule|OHKO Clause: OHKO moves are banned\n|rule|Evasion Moves Clause: Evasion moves are banned\n|rule|Evasion Abilities Clause: Evasion abilities are banned\n|rule|Species Clause: Limit one of each Pok\u00e9mon\n|rule|Gravity Sleep Clause: The combination of sleep-inducing moves with imperfect accuracy and Gravity or Gigantamax Orbeetle are banned\n|clearpoke\n|poke|p1|Celesteela|\n|poke|p1|Indeedee-F, F|\n|poke|p1|Manectric, M|\n|poke|p1|Gardevoir, F|\n|poke|p1|Mamoswine, F|\n|poke|p1|Blastoise, M|\n|poke|p2|Kingambit, M|\n|poke|p2|Bisharp, M|\n|poke|p2|Togetic, M|\n|poke|p2|Togekiss, F|\n|poke|p2|Sneasel, M|\n|poke|p2|Sneasler, F|\n|teampreview\n|\n|t:|1700137636\n|start\n|switch|p1a: Ellie|Mamoswine, F|100\/100\n|switch|p1b: Harbor|Blastoise, M|100\/100\n|switch|p2a: Sneaseless|Sneasel, M|100\/100\n|switch|p2b: Sneaselfull|Sneasler, F|100\/100\n|turn|1\n|inactive|Battle timer is ON: inactive players will automatically lose when time's up. (requested by fumbari 24)\n|\n|t:|1700137651\n|move|p2a: Sneaseless|Fake Out|p1a: Ellie\n|-enditem|p2a: Sneaseless|Normal Gem|[from] gem\n|-crit|p1a: Ellie\n|-damage|p1a: Ellie|79\/100\n|move|p1b: Harbor|Fake Out|p2b: Sneaselfull\n|-damage|p2b: Sneaselfull|88\/100\n|cant|p2b: Sneaselfull|flinch\n|cant|p1a: Ellie|flinch\n|\n|upkeep\n|turn|2\n|\n|t:|1700137666\n|move|p1b: Harbor|Follow Me|p1b: Harbor\n|-singleturn|p1b: Harbor|move: Follow Me\n|move|p2a: Sneaseless|Knock Off|p1b: Harbor\n|-damage|p1b: Harbor|71\/100\n|-enditem|p1b: Harbor|Leftovers|[from] move: Knock Off|[of] p2a: Sneaseless\n|move|p2b: Sneaselfull|Close Combat|p1b: Harbor\n|-damage|p1b: Harbor|23\/100\n|-unboost|p2b: Sneaselfull|def|1\n|-unboost|p2b: Sneaselfull|spd|1\n|-enditem|p2b: Sneaselfull|White Herb\n|-clearnegativeboost|p2b: Sneaselfull|[silent]\n|move|p1a: Ellie|Icy Wind|p2b: Sneaselfull|[spread] p2a,p2b\n|-resisted|p2a: Sneaseless\n|-damage|p2a: Sneaseless|92\/100\n|-damage|p2b: Sneaselfull|75\/100\n|-unboost|p2a: Sneaseless|spe|1\n|-unboost|p2b: Sneaselfull|spe|1\n|\n|upkeep\n|turn|3\n|inactive|Inkubone has 120 seconds left.\n|\n|t:|1700137723\n|move|p1b: Harbor|Follow Me|p1b: Harbor\n|-singleturn|p1b: Harbor|move: Follow Me\n|move|p2b: Sneaselfull|Acrobatics|p1b: Harbor\n|-damage|p1b: Harbor|0 fnt\n|faint|p1b: Harbor\n|move|p2a: Sneaseless|Triple Axel|p1a: Ellie|[miss]\n|-miss|p2a: Sneaseless|p1a: Ellie\n|move|p1a: Ellie|Earthquake|p2a: Sneaseless|[spread] p2a,p2b\n|-supereffective|p2b: Sneaselfull\n|-damage|p2a: Sneaseless|2\/100\n|-damage|p2b: Sneaselfull|0 fnt\n|faint|p2b: Sneaselfull\n|\n|upkeep\n|\n|t:|1700137740\n|switch|p2b: Tic|Togetic, M|100\/100\n|switch|p1b: Neo|Manectric, M, shiny|100\/100\n|turn|4\n|inactive|Inkubone has 120 seconds left.\n|\n|t:|1700137769\n|detailschange|p1b: Neo|Manectric-Mega, M, shiny\n|-mega|p1b: Neo|Manectric|Manectite\n|-ability|p1b: Neo|Intimidate|boost\n|-fail|p2a: Sneaseless|unboost|Attack|[from] ability: Inner Focus|[of] p2a: Sneaseless\n|-unboost|p2b: Tic|atk|1\n|move|p1b: Neo|Volt Switch|p2b: Tic\n|-supereffective|p2b: Tic\n|-damage|p2b: Tic|60\/100\n|\n|t:|1700137782\n|switch|p1b: Belle|Gardevoir, F, shiny|100\/100|[from] Volt Switch\n|move|p2a: Sneaseless|Knock Off|p1b: Belle\n|-damage|p1b: Belle|61\/100\n|move|p1a: Ellie|Rock Slide|p2b: Tic|[spread] p2a,p2b\n|-supereffective|p2a: Sneaseless\n|-supereffective|p2b: Tic\n|-damage|p2a: Sneaseless|0 fnt\n|-damage|p2b: Tic|31\/100\n|faint|p2a: Sneaseless\n|move|p2b: Tic|Tailwind|p2b: Tic\n|-sidestart|p2: Inkubone|move: Tailwind\n|\n|upkeep\n|inactive|Inkubone has 90 seconds left.\n|\n|t:|1700137815\n|switch|p2a: Bish|Bisharp, M, shiny|100\/100\n|turn|5\n|\n|t:|1700137828\n|-terastallize|p2a: Bish|Flying\n|move|p2a: Bish|Iron Head|p1b: Belle\n|-supereffective|p1b: Belle\n|-damage|p1b: Belle|0 fnt\n|faint|p1b: Belle\n|move|p2b: Tic|Yawn|p1a: Ellie\n|-start|p1a: Ellie|move: Yawn|[of] p2b: Tic\n|move|p1a: Ellie|Earthquake|p2b: Tic|[spread] \n|-immune|p2a: Bish\n|-immune|p2b: Tic\n|\n|upkeep\n|\n|t:|1700137838\n|switch|p1b: Indeedee|Indeedee-F, F|100\/100\n|-fieldstart|move: Psychic Terrain|[from] ability: Psychic Surge|[of] p1b: Indeedee\n|turn|6\n|inactive|Inkubone has 120 seconds left.\n|inactive|Inkubone has 90 seconds left.\n|\n|t:|1700137903\n|switch|p1a: Celesteela|Celesteela|100\/100\n|-enditem|p1a: Celesteela|Psychic Seed\n|-boost|p1a: Celesteela|spd|1|[from] item: Psychic Seed\n|move|p2a: Bish|Iron Head|p1a: Celesteela\n|-resisted|p1a: Celesteela\n|-damage|p1a: Celesteela|84\/100\n|move|p2b: Tic|Draining Kiss|p1b: Indeedee\n|-damage|p1b: Indeedee|87\/100\n|-heal|p2b: Tic|42\/100|[from] drain|[of] p1b: Indeedee\n|move|p1b: Indeedee|Expanding Force|p2b: Tic|[spread] p2a,p2b\n|-damage|p2a: Bish|63\/100\n|-damage|p2b: Tic|17\/100\n|\n|upkeep\n|turn|7\n|inactive|Inkubone has 90 seconds left.\n|inactive|Inkubone has 60 seconds left.\n|\n|t:|1700137938\n|-terastallize|p1b: Indeedee|Fairy\n|move|p1b: Indeedee|Follow Me|p1b: Indeedee\n|-singleturn|p1b: Indeedee|move: Follow Me\n|move|p2a: Bish|Thunder Wave|p1b: Indeedee\n|-status|p1b: Indeedee|par\n|move|p2b: Tic|Yawn||[still]\n|-fail|p2b: Tic\n|move|p1a: Celesteela|Acrobatics|p2b: Tic\n|-damage|p2b: Tic|0 fnt\n|faint|p2b: Tic\n|-ability|p1a: Celesteela|Beast Boost|boost\n|-boost|p1a: Celesteela|atk|1\n|\n|-sideend|p2: Inkubone|move: Tailwind\n|upkeep\n|inactive|Inkubone has 60 seconds left.\n|\n|t:|1700137951\n|switch|p2b: Kiss|Togekiss, F|100\/100\n|turn|8\n|\n|t:|1700137969\n|cant|p1b: Indeedee|par\n|move|p2b: Kiss|Thunder Wave|p1a: Celesteela\n|-status|p1a: Celesteela|par\n|move|p2a: Bish|Iron Head|p1b: Indeedee\n|-supereffective|p1b: Indeedee\n|-damage|p1b: Indeedee|5\/100 par\n|move|p1a: Celesteela|Heavy Slam|p2b: Kiss\n|-supereffective|p2b: Kiss\n|-damage|p2b: Kiss|0 fnt\n|faint|p2b: Kiss\n|-ability|p1a: Celesteela|Beast Boost|boost\n|-boost|p1a: Celesteela|atk|1\n|\n|upkeep\n|inactive|Inkubone has 60 seconds left.\n|\n|t:|1700137980\n|switch|p2b: King|Kingambit, M, shiny|100\/100\n|-activate|p2b: King|ability: Supreme Overlord\n|-start|p2b: King|fallen4|[silent]\n|turn|9\n|\n|t:|1700137996\n|move|p1b: Indeedee|Follow Me|p1b: Indeedee\n|-singleturn|p1b: Indeedee|move: Follow Me\n|move|p2a: Bish|Iron Head|p1b: Indeedee\n|-supereffective|p1b: Indeedee\n|-damage|p1b: Indeedee|0 fnt\n|faint|p1b: Indeedee\n|move|p2b: King|Power-Up Punch|p1a: Celesteela\n|-damage|p1a: Celesteela|68\/100 par\n|-boost|p2b: King|atk|1\n|move|p1a: Celesteela|Heavy Slam|p1: Indeedee|[notarget]\n|-fail|p1a: Celesteela\n|\n|upkeep\n|\n|t:|1700138013\n|switch|p1b: Neo|Manectric-Mega, M, shiny|100\/100\n|-ability|p1b: Neo|Intimidate|boost\n|-unboost|p2a: Bish|atk|1\n|-ability|p2a: Bish|Defiant|boost\n|-boost|p2a: Bish|atk|2\n|-unboost|p2b: King|atk|1\n|turn|10\n|inactive|Inkubone has 90 seconds left.\n|inactive|fumbari 24 has 120 seconds left.\n|\n|t:|1700138045\n|move|p1b: Neo|Volt Switch|p2a: Bish\n|-supereffective|p2a: Bish\n|-damage|p2a: Bish|0 fnt\n|faint|p2a: Bish\n|\n|t:|1700138050\n|switch|p1b: Ellie|Mamoswine, F|79\/100|[from] Volt Switch\n|move|p2b: King|Knock Off|p1b: Ellie\n|-damage|p1b: Ellie|0 fnt\n|-enditem|p1b: Ellie|Assault Vest|[from] move: Knock Off|[of] p2b: King\n|faint|p1b: Ellie\n|cant|p1a: Celesteela|par\n|\n|-fieldend|move: Psychic Terrain\n|upkeep\n|\n|t:|1700138060\n|switch|p1b: Neo|Manectric-Mega, M, shiny|100\/100\n|-ability|p1b: Neo|Intimidate|boost\n|-unboost|p2b: King|atk|1\n|turn|11\n|j| 13KStephen\n|\n|t:|1700138066\n|move|p2b: King|Sucker Punch|p1b: Neo\n|-crit|p1b: Neo\n|-damage|p1b: Neo|0 fnt\n|faint|p1b: Neo\n|cant|p1a: Celesteela|par\n|\n|upkeep\n|turn|12\n|inactive|Inkubone has 120 seconds left.\n|\n|t:|1700138084\n|move|p2b: King|Knock Off|p1a: Celesteela\n|-damage|p1a: Celesteela|33\/100 par\n|cant|p1a: Celesteela|par\n|\n|upkeep\n|turn|13\n|c|\u2606fumbari 24|So lucky\n|\n|t:|1700138099\n|move|p2b: King|Sucker Punch||[still]\n|-fail|p2b: King\n|move|p1a: Celesteela|Leech Seed|p2b: King\n|-start|p2b: King|move: Leech Seed\n|\n|-damage|p2b: King|88\/100|[from] Leech Seed|[of] p1a: Celesteela\n|-heal|p1a: Celesteela|46\/100 par|[silent]\n|upkeep\n|turn|14\n|c|\u2606fumbari 24|Gg\n|\n|t:|1700138111\n|move|p1a: Celesteela|Protect|p1a: Celesteela\n|-singleturn|p1a: Celesteela|Protect\n|move|p2b: King|Knock Off|p1a: Celesteela\n|-activate|p1a: Celesteela|move: Protect\n|\n|-damage|p2b: King|76\/100|[from] Leech Seed|[of] p1a: Celesteela\n|-heal|p1a: Celesteela|59\/100 par|[silent]\n|upkeep\n|turn|15\n|inactive|Inkubone has 120 seconds left.\n|\n|t:|1700138146\n|cant|p1a: Celesteela|par\n|move|p2b: King|Power-Up Punch|p1a: Celesteela\n|-damage|p1a: Celesteela|48\/100 par\n|-boost|p2b: King|atk|1\n|\n|-damage|p2b: King|63\/100|[from] Leech Seed|[of] p1a: Celesteela\n|-heal|p1a: Celesteela|61\/100 par|[silent]\n|upkeep\n|turn|16\n|\n|t:|1700138160\n|move|p2b: King|Power-Up Punch|p1a: Celesteela\n|-damage|p1a: Celesteela|45\/100 par\n|-boost|p2b: King|atk|1\n|move|p1a: Celesteela|Acrobatics|p2b: King\n|-resisted|p2b: King\n|-damage|p2b: King|31\/100\n|\n|-damage|p2b: King|18\/100|[from] Leech Seed|[of] p1a: Celesteela\n|-heal|p1a: Celesteela|58\/100 par|[silent]\n|upkeep\n|turn|17\n|\n|t:|1700138172\n|move|p1a: Celesteela|Protect|p1a: Celesteela\n|-singleturn|p1a: Celesteela|Protect\n|move|p2b: King|Knock Off|p1a: Celesteela\n|-activate|p1a: Celesteela|move: Protect\n|\n|-damage|p2b: King|6\/100|[from] Leech Seed|[of] p1a: Celesteela\n|-heal|p1a: Celesteela|71\/100 par|[silent]\n|upkeep\n|turn|18\n|\n|t:|1700138177\n|move|p1a: Celesteela|Protect||[still]\n|-fail|p1a: Celesteela\n|move|p2b: King|Knock Off|p1a: Celesteela\n|-damage|p1a: Celesteela|0 fnt\n|faint|p1a: Celesteela\n|\n|win|Inkubone\n|raw|fumbari 24's rating: 1327 &rarr; <strong>1309<\/strong><br \/>(-18 for losing)\n|raw|Inkubone's rating: 1357 &rarr; <strong>1375<\/strong><br \/>(+18 for winning)\n|c|\u2606Inkubone|Gg\n|c|\u2606fumbari 24|Gg\n","uploadtime":1700138205,"views":13,"p1id":"fumbari24","p2id":"inkubone","formatid":"gen9nationaldexdoubles","rating":1309,"private":0,"password":""}