{"id":"gen9nationaldexdoubles-1992216357","p1":"Elite Four Spiffy","p2":"dean44","format":"[Gen 9] National Dex Doubles","log":"|j|\u2606Elite Four Spiffy\n|j|\u2606dean44\n|t:|1700164680\n|gametype|doubles\n|player|p1|Elite Four Spiffy|ethan-masters|1199\n|player|p2|dean44|1|1191\n|teamsize|p1|6\n|teamsize|p2|6\n|gen|9\n|tier|[Gen 9] National Dex Doubles\n|rated|\n|rule|HP Percentage Mod: HP is shown in percentages\n|rule|Endless Battle Clause: Forcing endless battles is banned\n|rule|OHKO Clause: OHKO moves are banned\n|rule|Evasion Moves Clause: Evasion moves are banned\n|rule|Evasion Abilities Clause: Evasion abilities are banned\n|rule|Species Clause: Limit one of each Pok\u00e9mon\n|rule|Gravity Sleep Clause: The combination of sleep-inducing moves with imperfect accuracy and Gravity or Gigantamax Orbeetle are banned\n|clearpoke\n|poke|p1|Charizard, F|\n|poke|p1|Darmanitan, F|\n|poke|p1|Turtonator, F|\n|poke|p1|Ceruledge, F|\n|poke|p1|Armarouge, F|\n|poke|p1|Cinderace, F|\n|poke|p2|Malamar, M|\n|poke|p2|Klefki, M|\n|poke|p2|Grapploct, M|\n|poke|p2|Hatterene, F|\n|poke|p2|Garganacl, F|\n|poke|p2|Tsareena, F|\n|teampreview\n|inactive|Battle timer is ON: inactive players will automatically lose when time's up. (requested by Elite Four Spiffy)\n|\n|t:|1700164695\n|start\n|switch|p1a: Sol|Charizard, F|100\/100\n|switch|p1b: Lola|Cinderace, F|100\/100\n|switch|p2a: Malamar|Malamar, M|100\/100\n|switch|p2b: Klefki|Klefki, M|100\/100\n|turn|1\n|inactive|dean44 has 120 seconds left.\n|inactive|dean44 has 90 seconds left.\n|\n|t:|1700164766\n|detailschange|p1a: Sol|Charizard-Mega-Y, F\n|-mega|p1a: Sol|Charizard|Charizardite Y\n|-weather|SunnyDay|[from] ability: Drought|[of] p1a: Sol\n|move|p2b: Klefki|Light Screen|p2b: Klefki\n|-sidestart|p2: dean44|move: Light Screen\n|move|p1b: Lola|Pyro Ball|p2a: Malamar\n|-damage|p2a: Malamar|39\/100\n|move|p1a: Sol|Weather Ball|p2b: Klefki\n|-supereffective|p2b: Klefki\n|-damage|p2b: Klefki|0 fnt\n|faint|p2b: Klefki\n|move|p2a: Malamar|Trick Room|p2a: Malamar\n|-fieldstart|move: Trick Room|[of] p2a: Malamar\n|\n|-weather|SunnyDay|[upkeep]\n|-heal|p2a: Malamar|45\/100|[from] item: Leftovers\n|upkeep\n|\n|t:|1700164771\n|switch|p2b: Garganacl|Garganacl, F|100\/100\n|turn|2\n|\n|t:|1700164787\n|move|p2b: Garganacl|Stealth Rock|p1a: Sol\n|-sidestart|p1: Elite Four Spiffy|move: Stealth Rock\n|move|p2a: Malamar|Superpower|p1b: Lola\n|-damage|p1b: Lola|62\/100\n|-boost|p2a: Malamar|atk|1\n|-boost|p2a: Malamar|def|1\n|move|p1a: Sol|Solar Beam||[still]\n|-prepare|p1a: Sol|Solar Beam\n|-anim|p1a: Sol|Solar Beam|p2b: Garganacl\n|-supereffective|p2b: Garganacl\n|-damage|p2b: Garganacl|32\/100\n|move|p1b: Lola|Court Change|p1b: Lola\n|-start|p1b: Lola|typechange|Normal|[from] ability: Libero\n|-swapsideconditions\n|-activate|p1b: Lola|move: Court Change\n|\n|-weather|SunnyDay|[upkeep]\n|-heal|p2b: Garganacl|38\/100|[from] item: Leftovers\n|-heal|p2a: Malamar|51\/100|[from] item: Leftovers\n|upkeep\n|turn|3\n|\n|t:|1700164808\n|move|p2b: Garganacl|Salt Cure|p1a: Sol\n|-supereffective|p1a: Sol\n|-crit|p1a: Sol\n|-damage|p1a: Sol|0 fnt\n|faint|p1a: Sol\n|move|p2a: Malamar|Superpower|p1b: Lola\n|-supereffective|p1b: Lola\n|-damage|p1b: Lola|0 fnt\n|-boost|p2a: Malamar|atk|1\n|-boost|p2a: Malamar|def|1\n|faint|p1b: Lola\n|\n|-weather|SunnyDay|[upkeep]\n|-heal|p2b: Garganacl|45\/100|[from] item: Leftovers\n|-heal|p2a: Malamar|57\/100|[from] item: Leftovers\n|upkeep\n|\n|t:|1700164821\n|switch|p1a: Janai|Ceruledge, F|100\/100\n|switch|p1b: Apollonia|Armarouge, F|100\/100\n|turn|4\n|\n|t:|1700164835\n|move|p2b: Garganacl|Salt Cure|p1b: Apollonia\n|-supereffective|p1b: Apollonia\n|-damage|p1b: Apollonia|63\/100\n|-start|p1b: Apollonia|Salt Cure\n|-ability|p1b: Apollonia|Weak Armor|boost\n|-unboost|p1b: Apollonia|def|1\n|-boost|p1b: Apollonia|spe|2\n|move|p2a: Malamar|Knock Off|p1a: Janai\n|-supereffective|p1a: Janai\n|-damage|p1a: Janai|0 fnt\n|-enditem|p1a: Janai|Sitrus Berry|[from] move: Knock Off|[of] p2a: Malamar\n|faint|p1a: Janai\n|-zpower|p1b: Apollonia\n|move|p1b: Apollonia|Inferno Overdrive|p2a: Malamar|[zeffect]\n|-damage|p2a: Malamar|0 fnt\n|faint|p2a: Malamar\n|\n|-weather|SunnyDay|[upkeep]\n|-heal|p2b: Garganacl|51\/100|[from] item: Leftovers\n|-damage|p1b: Apollonia|51\/100|[from] Salt Cure\n|upkeep\n|\n|t:|1700164857\n|switch|p2a: Tsareena|Tsareena, F|100\/100\n|switch|p1a: Shelly|Turtonator, F|100\/100\n|-damage|p2a: Tsareena|88\/100|[from] Stealth Rock\n|-enditem|p2a: Tsareena|Room Service\n|-unboost|p2a: Tsareena|spe|1|[from] item: Room Service\n|turn|5\n|\n|t:|1700164872\n|-terastallize|p2a: Tsareena|Water\n|move|p2b: Garganacl|Salt Cure|p1a: Shelly\n|-supereffective|p1a: Shelly\n|-damage|p1a: Shelly|69\/100\n|-start|p1a: Shelly|Salt Cure\n|move|p1a: Shelly|Flamethrower|p2a: Tsareena\n|-resisted|p2a: Tsareena\n|-damage|p2a: Tsareena|60\/100\n|move|p2a: Tsareena|Tera Blast|p1b: Apollonia|[anim] Tera Blast Water\n|-supereffective|p1b: Apollonia\n|-damage|p1b: Apollonia|0 fnt\n|faint|p1b: Apollonia\n|\n|-weather|none\n|-heal|p2b: Garganacl|57\/100|[from] item: Leftovers\n|-damage|p1a: Shelly|57\/100|[from] Salt Cure\n|-fieldend|move: Trick Room\n|upkeep\n|\n|t:|1700164887\n|switch|p1b: Scarlett|Darmanitan, F|100\/100\n|turn|6\n|\n|t:|1700164894\n|move|p1b: Scarlett|Iron Head|p2b: Garganacl\n|-supereffective|p2b: Garganacl\n|-damage|p2b: Garganacl|0 fnt\n|faint|p2b: Garganacl\n|move|p2a: Tsareena|Tera Blast|p1b: Scarlett|[anim] Tera Blast Water\n|-supereffective|p1b: Scarlett\n|-damage|p1b: Scarlett|0 fnt\n|faint|p1b: Scarlett\n|move|p1a: Shelly|Dragon Pulse|p2a: Tsareena\n|-damage|p2a: Tsareena|21\/100\n|\n|-damage|p1a: Shelly|44\/100|[from] Salt Cure\n|upkeep\n|\n|t:|1700164902\n|switch|p2b: Hatterene|Hatterene, F|100\/100\n|-damage|p2b: Hatterene|88\/100|[from] Stealth Rock\n|turn|7\n|-message|Elite Four Spiffy forfeited.\n|\n|win|dean44\n|raw|Elite Four Spiffy's rating: 1199 &rarr; <strong>1173<\/strong><br \/>(-26 for losing)\n|raw|dean44's rating: 1191 &rarr; <strong>1217<\/strong><br \/>(+26 for winning)\n|l|\u2606Elite Four Spiffy\n","uploadtime":1700164916,"views":5,"p1id":"elitefourspiffy","p2id":"dean44","formatid":"gen9nationaldexdoubles","rating":1173,"private":0,"password":""}