{"id":"gen9nationaldexdoubles-1948334092","p1":"Wayne4life","p2":"tired & eepy","format":"[Gen 9] National Dex Doubles","log":"|j|\u2606Wayne4life\n|j|\u2606tired & eepy\n|t:|1695249645\n|gametype|doubles\n|player|p1|Wayne4life|170|1187\n|player|p2|tired & eepy|265|1073\n|teamsize|p1|6\n|teamsize|p2|6\n|gen|9\n|tier|[Gen 9] National Dex Doubles\n|rated|\n|rule|HP Percentage Mod: HP is shown in percentages\n|rule|Endless Battle Clause: Forcing endless battles is banned\n|rule|OHKO Clause: OHKO moves are banned\n|rule|Evasion Moves Clause: Evasion moves are banned\n|rule|Evasion Abilities Clause: Evasion abilities are banned\n|rule|Species Clause: Limit one of each Pok\u00e9mon\n|rule|Gravity Sleep Clause: The combination of sleep-inducing moves with imperfect accuracy and Gravity or Gigantamax Orbeetle are banned\n|clearpoke\n|poke|p1|Sableye, M|\n|poke|p1|Noivern, F|\n|poke|p1|Sneasler, F|\n|poke|p1|Blaziken, F|\n|poke|p1|Ninetales-Alola, M|\n|poke|p1|Greninja-*, M|\n|poke|p2|Amoonguss, F|\n|poke|p2|Hatterene, F|\n|poke|p2|Indeedee-F, F|\n|poke|p2|Chi-Yu|\n|poke|p2|Glimmora, F|\n|poke|p2|Dusknoir, F|\n|teampreview\n|inactive|Battle timer is ON: inactive players will automatically lose when time's up. (requested by tired & eepy)\n|\n|t:|1695249652\n|start\n|switch|p1a: Sableye|Sableye, M|100\/100\n|switch|p1b: Noivern|Noivern, F|100\/100\n|switch|p2a: Dusknoir|Dusknoir, F|100\/100\n|switch|p2b: Glimmora|Glimmora, F|100\/100\n|-item|p2a: Dusknoir|Wise Glasses|[from] ability: Frisk|[of] p1b: Noivern|[identify]\n|-item|p2b: Glimmora|Shuca Berry|[from] ability: Frisk|[of] p1b: Noivern|[identify]\n|-item|p1a: Sableye|Leftovers|[from] ability: Frisk|[of] p2a: Dusknoir|[identify]\n|-item|p1b: Noivern|Choice Specs|[from] ability: Frisk|[of] p2a: Dusknoir|[identify]\n|turn|1\n|\n|t:|1695249669\n|move|p1a: Sableye|Thunder Wave|p2a: Dusknoir\n|-status|p2a: Dusknoir|par\n|move|p1b: Noivern|Switcheroo|p2b: Glimmora\n|-activate|p1b: Noivern|move: Trick|[of] p2b: Glimmora\n|-item|p2b: Glimmora|Choice Specs|[from] move: Switcheroo\n|-item|p1b: Noivern|Shuca Berry|[from] move: Switcheroo\n|move|p2b: Glimmora|Stealth Rock|p1a: Sableye\n|-sidestart|p1: Wayne4life|move: Stealth Rock\n|move|p2a: Dusknoir|Trick Room|p2a: Dusknoir\n|-fieldstart|move: Trick Room|[of] p2a: Dusknoir\n|\n|upkeep\n|turn|2\n|\n|t:|1695249699\n|switch|p2a: Indeedee|Indeedee-F, F|100\/100\n|-fieldstart|move: Psychic Terrain|[from] ability: Psychic Surge|[of] p2a: Indeedee\n|switch|p2b: Hatterene|Hatterene, F|100\/100\n|switch|p1b: Blaziken|Blaziken, F|100\/100\n|-damage|p1b: Blaziken|88\/100|[from] Stealth Rock\n|move|p1a: Sableye|Metronome|p1a: Sableye\n|move|p1a: Sableye|Spikes|p2a: Indeedee|[from]move: Metronome\n|move|p2b: Hatterene|Spikes|p1a: Sableye|[from]ability: Magic Bounce\n|-sidestart|p1: Wayne4life|Spikes\n|\n|upkeep\n|turn|3\n|\n|t:|1695249720\n|detailschange|p1b: Blaziken|Blaziken-Mega, F\n|-mega|p1b: Blaziken|Blaziken|Blazikenite\n|move|p2a: Indeedee|Helping Hand|p2b: Hatterene\n|-singleturn|p2b: Hatterene|Helping Hand|[of] p2a: Indeedee\n|move|p1a: Sableye|Metronome|p1a: Sableye\n|move|p1a: Sableye|Coil|p1a: Sableye|[from]move: Metronome\n|-boost|p1a: Sableye|atk|1\n|-boost|p1a: Sableye|def|1\n|-boost|p1a: Sableye|accuracy|1\n|move|p2b: Hatterene|Expanding Force|p1a: Sableye|[spread] p1b\n|-immune|p1a: Sableye\n|-supereffective|p1b: Blaziken\n|-damage|p1b: Blaziken|0 fnt\n|faint|p1b: Blaziken\n|\n|upkeep\n|\n|t:|1695249734\n|switch|p1b: Greninja|Greninja, M|100\/100\n|-damage|p1b: Greninja|88\/100|[from] Stealth Rock\n|-damage|p1b: Greninja|76\/100|[from] Spikes\n|turn|4\n|\n|t:|1695249749\n|move|p2a: Indeedee|Helping Hand|p2b: Hatterene\n|-singleturn|p2b: Hatterene|Helping Hand|[of] p2a: Indeedee\n|move|p1a: Sableye|Metronome|p1a: Sableye\n|move|p1a: Sableye|Grassy Terrain|p1a: Sableye|[from]move: Metronome\n|-fieldstart|move: Grassy Terrain\n|move|p2b: Hatterene|Shadow Ball|p1b: Greninja\n|-resisted|p1b: Greninja\n|-damage|p1b: Greninja|49\/100\n|-unboost|p1b: Greninja|spd|1\n|move|p1b: Greninja|Dark Pulse|p2a: Indeedee\n|-supereffective|p2a: Indeedee\n|-damage|p2a: Indeedee|22\/100\n|-damage|p1b: Greninja|39\/100|[from] item: Life Orb\n|\n|-heal|p2a: Indeedee|28\/100|[from] Grassy Terrain\n|-heal|p1b: Greninja|45\/100|[from] Grassy Terrain\n|upkeep\n|turn|5\n|\n|t:|1695249766\n|move|p1a: Sableye|Metronome|p1a: Sableye\n|move|p1a: Sableye|Leaf Blade|p2b: Hatterene|[from]move: Metronome\n|-damage|p2b: Hatterene|65\/100\n|move|p1b: Greninja|Water Shuriken|p2a: Indeedee\n|-damage|p2a: Indeedee|20\/100\n|-damage|p2a: Indeedee|12\/100\n|-damage|p2a: Indeedee|5\/100\n|-hitcount|p2a: Indeedee|3\n|-damage|p1b: Greninja|35\/100|[from] item: Life Orb\n|move|p2b: Hatterene|Shadow Ball|p1b: Greninja\n|-resisted|p1b: Greninja\n|-crit|p1b: Greninja\n|-damage|p1b: Greninja|0 fnt\n|faint|p1b: Greninja\n|move|p2a: Indeedee|Light Screen|p2a: Indeedee\n|-sidestart|p2: tired & eepy|move: Light Screen\n|\n|-heal|p2b: Hatterene|71\/100|[from] Grassy Terrain\n|-heal|p2a: Indeedee|11\/100|[from] Grassy Terrain\n|-fieldend|move: Trick Room\n|upkeep\n|\n|t:|1695249782\n|switch|p1b: Sneasler|Sneasler, F|100\/100\n|-damage|p1b: Sneasler|95\/100|[from] Stealth Rock\n|-damage|p1b: Sneasler|82\/100|[from] Spikes\n|turn|6\n|\n|t:|1695249798\n|switch|p2a: Amoonguss|Amoonguss, F|100\/100\n|move|p1b: Sneasler|Fake Out|p2b: Hatterene\n|-damage|p2b: Hatterene|55\/100\n|move|p1a: Sableye|Metronome|p1a: Sableye\n|move|p1a: Sableye|Gastro Acid|p2a: Amoonguss|[from]move: Metronome\n|-endability|p2a: Amoonguss\n|cant|p2b: Hatterene|flinch\n|\n|-heal|p1b: Sneasler|88\/100|[from] Grassy Terrain\n|-heal|p2b: Hatterene|61\/100|[from] Grassy Terrain\n|upkeep\n|turn|7\n|\n|t:|1695249823\n|move|p1a: Sableye|Metronome|p1a: Sableye\n|move|p1a: Sableye|Shell Side Arm|p2a: Amoonguss|[from]move: Metronome|[anim] Shell Side Arm Physical\n|-damage|p2a: Amoonguss|78\/100\n|-hint|Physical Shell Side Arm\n|move|p1b: Sneasler|Dire Claw|p2b: Hatterene\n|-supereffective|p2b: Hatterene\n|-damage|p2b: Hatterene|0 fnt\n|faint|p2b: Hatterene\n|move|p2a: Amoonguss|Pollen Puff|p2: Hatterene|[notarget]\n|-fail|p2a: Amoonguss\n|\n|-heal|p1b: Sneasler|94\/100|[from] Grassy Terrain\n|-heal|p2a: Amoonguss|84\/100|[from] Grassy Terrain\n|-heal|p2a: Amoonguss|90\/100|[from] item: Leftovers\n|upkeep\n|\n|t:|1695249836\n|switch|p2b: Indeedee|Indeedee-F, F|11\/100\n|-fieldstart|move: Psychic Terrain|[from] ability: Psychic Surge|[of] p2b: Indeedee\n|turn|8\n|\n|t:|1695249849\n|switch|p2b: Glimmora|Glimmora, F|100\/100\n|switch|p2a: Dusknoir|Dusknoir, F|100\/100 par\n|-item|p1a: Sableye|Leftovers|[from] ability: Frisk|[of] p2a: Dusknoir|[identify]\n|-item|p1b: Sneasler|White Herb|[from] ability: Frisk|[of] p2a: Dusknoir|[identify]\n|move|p1a: Sableye|Metronome|p1a: Sableye\n|move|p1a: Sableye|Mortal Spin|p2a: Dusknoir|[from]move: Metronome|[spread] \n|-activate|p2a: Dusknoir|move: Psychic Terrain\n|-activate|p2b: Glimmora|move: Psychic Terrain\n|move|p1b: Sneasler|Dire Claw|p2b: Glimmora\n|-resisted|p2b: Glimmora\n|-damage|p2b: Glimmora|93\/100\n|-activate|p2b: Glimmora|ability: Toxic Debris\n|-sidestart|p1: Wayne4life|move: Toxic Spikes\n|\n|upkeep\n|turn|9\n|\n|t:|1695249872\n|move|p1a: Sableye|Metronome|p1a: Sableye\n|move|p1a: Sableye|Fly||[from]move: Metronome|[still]\n|-prepare|p1a: Sableye|Fly\n|move|p1b: Sneasler|Shadow Claw|p2a: Dusknoir\n|-supereffective|p2a: Dusknoir\n|-damage|p2a: Dusknoir|56\/100 par\n|move|p2b: Glimmora|Mortal Spin|p1a: Sableye|[spread] p1b\n|-miss|p2b: Glimmora|p1a: Sableye\n|-resisted|p1b: Sneasler\n|-damage|p1b: Sneasler|90\/100\n|move|p2a: Dusknoir|Trick Room|p2a: Dusknoir\n|-fieldstart|move: Trick Room|[of] p2a: Dusknoir\n|\n|-sideend|p2: tired & eepy|move: Light Screen\n|upkeep\n|turn|10\n|\n|t:|1695249891\n|switch|p2b: Amoonguss|Amoonguss, F|90\/100\n|cant|p2a: Dusknoir|par\n|move|p1a: Sableye|Fly|p2b: Amoonguss|[from]lockedmove\n|-supereffective|p2b: Amoonguss\n|-damage|p2b: Amoonguss|47\/100\n|move|p1b: Sneasler|Shadow Claw|p2a: Dusknoir\n|-supereffective|p2a: Dusknoir\n|-damage|p2a: Dusknoir|11\/100 par\n|\n|-heal|p2b: Amoonguss|53\/100|[from] item: Leftovers\n|upkeep\n|turn|11\n|\n|t:|1695249917\n|move|p1a: Sableye|Metronome|p1a: Sableye\n|move|p1a: Sableye|Brine|p2b: Amoonguss|[from]move: Metronome\n|-activate|p2b: Amoonguss|move: Psychic Terrain\n|cant|p2a: Dusknoir|par\n|move|p2b: Amoonguss|Pollen Puff|p2a: Dusknoir\n|-heal|p2a: Dusknoir|61\/100 par\n|move|p1b: Sneasler|Shadow Claw|p2a: Dusknoir\n|-supereffective|p2a: Dusknoir\n|-damage|p2a: Dusknoir|9\/100 par\n|\n|-heal|p2b: Amoonguss|59\/100|[from] item: Leftovers\n|upkeep\n|turn|12\n|\n|t:|1695249933\n|move|p1a: Sableye|Metronome|p1a: Sableye\n|move|p1a: Sableye|Rollout|p2a: Dusknoir|[from]move: Metronome\n|-activate|p2a: Dusknoir|move: Psychic Terrain\n|move|p2a: Dusknoir|Leech Life|p1a: Sableye\n|-damage|p1a: Sableye|76\/100\n|-heal|p2a: Dusknoir|22\/100 par|[from] drain|[of] p1a: Sableye\n|move|p2b: Amoonguss|Pollen Puff|p2a: Dusknoir\n|-heal|p2a: Dusknoir|72\/100 par\n|move|p1b: Sneasler|Shadow Claw|p2a: Dusknoir\n|-supereffective|p2a: Dusknoir\n|-damage|p2a: Dusknoir|26\/100 par\n|\n|-heal|p2b: Amoonguss|65\/100|[from] item: Leftovers\n|-heal|p1a: Sableye|83\/100|[from] item: Leftovers\n|upkeep\n|turn|13\n|\n|t:|1695249961\n|switch|p2a: Glimmora|Glimmora, F|93\/100\n|move|p1a: Sableye|Metronome|p1a: Sableye\n|move|p1a: Sableye|Sandstorm|p1a: Sableye|[from]move: Metronome\n|-weather|Sandstorm\n|move|p2b: Amoonguss|Spore|p1a: Sableye\n|-status|p1a: Sableye|slp|[from] move: Spore\n|move|p1b: Sneasler|Dire Claw|p2b: Amoonguss\n|-damage|p2b: Amoonguss|24\/100\n|\n|-weather|Sandstorm|[upkeep]\n|-damage|p2b: Amoonguss|18\/100|[from] Sandstorm\n|-damage|p1a: Sableye|76\/100 slp|[from] Sandstorm\n|-damage|p1b: Sneasler|84\/100|[from] Sandstorm\n|-heal|p2b: Amoonguss|24\/100|[from] item: Leftovers\n|-heal|p1a: Sableye|83\/100 slp|[from] item: Leftovers\n|-fieldend|move: Trick Room\n|upkeep\n|turn|14\n|\n|t:|1695249985\n|switch|p2a: Chi-Yu|Chi-Yu|100\/100\n|-ability|p2a: Chi-Yu|Beads of Ruin\n|move|p2b: Amoonguss|Protect|p2b: Amoonguss\n|-singleturn|p2b: Amoonguss|Protect\n|cant|p1a: Sableye|slp\n|move|p1b: Sneasler|Dire Claw|p2b: Amoonguss\n|-activate|p2b: Amoonguss|move: Protect\n|\n|-weather|Sandstorm|[upkeep]\n|-damage|p1b: Sneasler|78\/100|[from] Sandstorm\n|-damage|p2a: Chi-Yu|95\/100|[from] Sandstorm\n|-damage|p1a: Sableye|76\/100 slp|[from] Sandstorm\n|-damage|p2b: Amoonguss|18\/100|[from] Sandstorm\n|-heal|p1a: Sableye|83\/100 slp|[from] item: Leftovers\n|-heal|p2b: Amoonguss|24\/100|[from] item: Leftovers\n|upkeep\n|turn|15\n|\n|t:|1695250005\n|switch|p2b: Dusknoir|Dusknoir, F|26\/100 par\n|-item|p1a: Sableye|Leftovers|[from] ability: Frisk|[of] p2b: Dusknoir|[identify]\n|-item|p1b: Sneasler|White Herb|[from] ability: Frisk|[of] p2b: Dusknoir|[identify]\n|cant|p1a: Sableye|slp\n|move|p1b: Sneasler|Close Combat|p2a: Chi-Yu\n|-supereffective|p2a: Chi-Yu\n|-damage|p2a: Chi-Yu|0 fnt\n|-unboost|p1b: Sneasler|def|1\n|-unboost|p1b: Sneasler|spd|1\n|-enditem|p1b: Sneasler|White Herb\n|-clearnegativeboost|p1b: Sneasler|[silent]\n|faint|p2a: Chi-Yu\n|\n|-weather|Sandstorm|[upkeep]\n|-damage|p1b: Sneasler|72\/100|[from] Sandstorm\n|-damage|p1a: Sableye|76\/100 slp|[from] Sandstorm\n|-damage|p2b: Dusknoir|20\/100 par|[from] Sandstorm\n|-heal|p1a: Sableye|83\/100 slp|[from] item: Leftovers\n|-fieldend|move: Psychic Terrain\n|upkeep\n|\n|t:|1695250017\n|switch|p2a: Amoonguss|Amoonguss, F|58\/100\n|turn|16\n|\n|t:|1695250027\n|cant|p1a: Sableye|slp\n|move|p1b: Sneasler|Dire Claw|p2b: Dusknoir\n|-resisted|p2b: Dusknoir\n|-damage|p2b: Dusknoir|0 fnt\n|faint|p2b: Dusknoir\n|move|p2a: Amoonguss|Spore|p1b: Sneasler\n|-status|p1b: Sneasler|slp|[from] move: Spore\n|\n|-weather|Sandstorm|[upkeep]\n|-damage|p1b: Sneasler|66\/100 slp|[from] Sandstorm\n|-damage|p1a: Sableye|76\/100 slp|[from] Sandstorm\n|-damage|p2a: Amoonguss|51\/100|[from] Sandstorm\n|-heal|p1a: Sableye|83\/100 slp|[from] item: Leftovers\n|-heal|p2a: Amoonguss|58\/100|[from] item: Leftovers\n|upkeep\n|\n|t:|1695250037\n|switch|p2b: Indeedee|Indeedee-F, F|11\/100\n|-fieldstart|move: Psychic Terrain|[from] ability: Psychic Surge|[of] p2b: Indeedee\n|turn|17\n|\n|t:|1695250043\n|switch|p1b: Noivern|Noivern, F|100\/100\n|-damage|p1b: Noivern|76\/100|[from] Stealth Rock\n|-item|p2a: Amoonguss|Leftovers|[from] ability: Frisk|[of] p1b: Noivern|[identify]\n|-item|p2b: Indeedee|Terrain Extender|[from] ability: Frisk|[of] p1b: Noivern|[identify]\n|-curestatus|p1a: Sableye|slp|[msg]\n|move|p1a: Sableye|Metronome|p1a: Sableye\n|move|p1a: Sableye|Bounce||[from]move: Metronome|[still]\n|-prepare|p1a: Sableye|Bounce\n|move|p2b: Indeedee|Heal Pulse|p2a: Amoonguss\n|-heal|p2a: Amoonguss|100\/100\n|move|p2a: Amoonguss|Pollen Puff|p2b: Indeedee\n|-heal|p2b: Indeedee|61\/100\n|\n|-weather|none\n|-heal|p1a: Sableye|89\/100|[from] item: Leftovers\n|upkeep\n|turn|18\n|\n|t:|1695250072\n|move|p1b: Noivern|Heat Wave|p2b: Indeedee|[spread] p2a,p2b\n|-supereffective|p2a: Amoonguss\n|-damage|p2a: Amoonguss|70\/100\n|-damage|p2b: Indeedee|44\/100\n|move|p2b: Indeedee|Light Screen|p2b: Indeedee\n|-sidestart|p2: tired & eepy|move: Light Screen\n|move|p1a: Sableye|Bounce|p2a: Amoonguss|[from]lockedmove\n|-supereffective|p2a: Amoonguss\n|-damage|p2a: Amoonguss|25\/100\n|move|p2a: Amoonguss|Spore|p1b: Noivern\n|-status|p1b: Noivern|slp|[from] move: Spore\n|\n|-heal|p1a: Sableye|95\/100|[from] item: Leftovers\n|-heal|p2a: Amoonguss|31\/100|[from] item: Leftovers\n|upkeep\n|turn|19\n|\n|t:|1695250089\n|move|p1a: Sableye|Metronome|p1a: Sableye\n|move|p1a: Sableye|Aromatic Mist|p1b: Noivern|[from]move: Metronome\n|-boost|p1b: Noivern|spd|1\n|cant|p1b: Noivern|slp\n|move|p2b: Indeedee|Heal Pulse|p2a: Amoonguss\n|-heal|p2a: Amoonguss|82\/100\n|move|p2a: Amoonguss|Spore|p1a: Sableye\n|-status|p1a: Sableye|slp|[from] move: Spore\n|\n|-heal|p1a: Sableye|100\/100 slp|[from] item: Leftovers\n|-heal|p2a: Amoonguss|88\/100|[from] item: Leftovers\n|upkeep\n|turn|20\n|\n|t:|1695250106\n|cant|p1a: Sableye|slp\n|cant|p1b: Noivern|slp\n|move|p2b: Indeedee|Expanding Force|p1b: Noivern|[spread] p1b\n|-immune|p1a: Sableye\n|-crit|p1b: Noivern\n|-damage|p1b: Noivern|0 fnt\n|faint|p1b: Noivern\n|move|p2a: Amoonguss|Pollen Puff|p2b: Indeedee\n|-heal|p2b: Indeedee|94\/100\n|\n|-heal|p2a: Amoonguss|94\/100|[from] item: Leftovers\n|upkeep\n|\n|t:|1695250111\n|switch|p1b: Ninetales|Ninetales-Alola, M|100\/100\n|-damage|p1b: Ninetales|76\/100|[from] Stealth Rock\n|-damage|p1b: Ninetales|64\/100|[from] Spikes\n|-status|p1b: Ninetales|psn\n|-weather|Snow|[from] ability: Snow Warning|[of] p1b: Ninetales\n|turn|21\n|\n|t:|1695250128\n|-terastallize|p1b: Ninetales|Steel\n|move|p2a: Amoonguss|Protect|p2a: Amoonguss\n|-singleturn|p2a: Amoonguss|Protect\n|cant|p1a: Sableye|slp\n|move|p1b: Ninetales|Blizzard|p2a: Amoonguss|[spread] p2b\n|-activate|p2a: Amoonguss|move: Protect\n|-damage|p2b: Indeedee|75\/100\n|move|p2b: Indeedee|Expanding Force|p1b: Ninetales|[spread] p1b\n|-immune|p1a: Sableye\n|-resisted|p1b: Ninetales\n|-damage|p1b: Ninetales|32\/100 psn\n|\n|-weather|Snow|[upkeep]\n|-heal|p2a: Amoonguss|99\/100|[from] item: Leftovers\n|-damage|p1b: Ninetales|20\/100 psn|[from] psn\n|upkeep\n|turn|22\n|\n|t:|1695250151\n|-curestatus|p1a: Sableye|slp|[msg]\n|move|p1a: Sableye|Metronome|p1a: Sableye\n|move|p1a: Sableye|Magic Room|p1a: Sableye|[from]move: Metronome\n|-fieldstart|move: Magic Room|[of] p1a: Sableye\n|move|p1b: Ninetales|Dazzling Gleam|p2b: Indeedee|[spread] p2a,p2b\n|-resisted|p2a: Amoonguss\n|-crit|p2a: Amoonguss\n|-damage|p2a: Amoonguss|87\/100\n|-damage|p2b: Indeedee|62\/100\n|move|p2b: Indeedee|Heal Pulse|p2a: Amoonguss\n|-heal|p2a: Amoonguss|100\/100\n|move|p2a: Amoonguss|Pollen Puff|p2b: Indeedee\n|-heal|p2b: Indeedee|100\/100\n|\n|-weather|Snow|[upkeep]\n|-damage|p1b: Ninetales|8\/100 psn|[from] psn\n|-sideend|p2: tired & eepy|move: Light Screen\n|upkeep\n|turn|23\n|inactive|Wayne4life has 120 seconds left.\n|\n|t:|1695250185\n|move|p2a: Amoonguss|Protect|p2a: Amoonguss\n|-singleturn|p2a: Amoonguss|Protect\n|move|p1a: Sableye|Thunder Wave|p2b: Indeedee\n|-activate|p2b: Indeedee|move: Psychic Terrain\n|move|p1b: Ninetales|Blizzard|p2b: Indeedee|[spread] p2b\n|-activate|p2a: Amoonguss|move: Protect\n|-damage|p2b: Indeedee|74\/100\n|move|p2b: Indeedee|Light Screen|p2b: Indeedee\n|-sidestart|p2: tired & eepy|move: Light Screen\n|\n|-weather|Snow|[upkeep]\n|-damage|p1b: Ninetales|0 fnt|[from] psn\n|faint|p1b: Ninetales\n|upkeep\n|inactive|Wayne4life has 120 seconds left.\n|\n|t:|1695250192\n|switch|p1b: Sneasler|Sneasler, F|66\/100 slp\n|-damage|p1b: Sneasler|60\/100 slp|[from] Stealth Rock\n|-damage|p1b: Sneasler|48\/100 slp|[from] Spikes\n|-sideend|p1: Wayne4life|move: Toxic Spikes|[of] p1b: Sneasler\n|turn|24\n|\n|t:|1695250206\n|move|p1a: Sableye|Metronome|p1a: Sableye\n|move|p1a: Sableye|Zing Zap|p2a: Amoonguss|[from]move: Metronome\n|-activate|p2a: Amoonguss|move: Psychic Terrain\n|cant|p1b: Sneasler|slp\n|move|p2b: Indeedee|Expanding Force|p1b: Sneasler|[spread] p1b\n|-immune|p1a: Sableye\n|-supereffective|p1b: Sneasler\n|-damage|p1b: Sneasler|0 fnt\n|faint|p1b: Sneasler\n|move|p2a: Amoonguss|Spore|p1a: Sableye\n|-status|p1a: Sableye|slp|[from] move: Spore\n|\n|-weather|Snow|[upkeep]\n|-fieldend|move: Psychic Terrain\n|upkeep\n|turn|25\n|\n|t:|1695250223\n|move|p2b: Indeedee|Helping Hand|p2a: Amoonguss\n|-singleturn|p2a: Amoonguss|Helping Hand|[of] p2b: Indeedee\n|cant|p1a: Sableye|slp\n|move|p2a: Amoonguss|Pollen Puff|p1a: Sableye\n|-damage|p1a: Sableye|73\/100 slp\n|\n|-weather|none\n|upkeep\n|turn|26\n|\n|t:|1695250244\n|move|p2b: Indeedee|Helping Hand|p2a: Amoonguss\n|-singleturn|p2a: Amoonguss|Helping Hand|[of] p2b: Indeedee\n|cant|p1a: Sableye|slp\n|move|p2a: Amoonguss|Pollen Puff|p1a: Sableye\n|-damage|p1a: Sableye|45\/100 slp\n|\n|-fieldend|move: Magic Room|[of] p1a: Sableye\n|upkeep\n|turn|27\n|\n|t:|1695250255\n|move|p2b: Indeedee|Helping Hand|p2a: Amoonguss\n|-singleturn|p2a: Amoonguss|Helping Hand|[of] p2b: Indeedee\n|-curestatus|p1a: Sableye|slp|[msg]\n|move|p1a: Sableye|Thunder Wave|p2b: Indeedee\n|-status|p2b: Indeedee|par\n|move|p2a: Amoonguss|Pollen Puff|p1a: Sableye\n|-damage|p1a: Sableye|16\/100\n|\n|-heal|p1a: Sableye|22\/100|[from] item: Leftovers\n|-sideend|p2: tired & eepy|move: Light Screen\n|upkeep\n|turn|28\n|\n|t:|1695250271\n|move|p1a: Sableye|Thunder Wave|p2a: Amoonguss\n|-status|p2a: Amoonguss|par\n|cant|p2b: Indeedee|par\n|move|p2a: Amoonguss|Spore|p1a: Sableye\n|-status|p1a: Sableye|slp|[from] move: Spore\n|\n|-heal|p1a: Sableye|28\/100 slp|[from] item: Leftovers\n|upkeep\n|turn|29\n|\n|t:|1695250283\n|move|p2b: Indeedee|Helping Hand|p2a: Amoonguss\n|-singleturn|p2a: Amoonguss|Helping Hand|[of] p2b: Indeedee\n|cant|p1a: Sableye|slp\n|move|p2a: Amoonguss|Pollen Puff|p1a: Sableye\n|-damage|p1a: Sableye|0 fnt\n|faint|p1a: Sableye\n|\n|win|tired & eepy\n|raw|Wayne4life's rating: 1187 &rarr; <strong>1154<\/strong><br \/>(-33 for losing)\n|raw|tired &amp; eepy's rating: 1073 &rarr; <strong>1111<\/strong><br \/>(+38 for winning)\n","uploadtime":1695250478,"views":7,"p1id":"wayne4life","p2id":"tiredeepy","formatid":"gen9nationaldexdoubles","rating":1111,"private":0,"password":""}