{"id":"gen9nationaldexdoubles-1962011631","p1":"Elite12345678","p2":"AerixThorn","format":"[Gen 9] National Dex Doubles","log":"|j|\u2606Elite12345678\n|j|\u2606AerixThorn\n|t:|1696698383\n|gametype|doubles\n|player|p1|Elite12345678|red|1045\n|player|p2|AerixThorn|volkner|1138\n|teamsize|p1|6\n|teamsize|p2|6\n|gen|9\n|tier|[Gen 9] National Dex Doubles\n|rated|\n|rule|HP Percentage Mod: HP is shown in percentages\n|rule|Endless Battle Clause: Forcing endless battles is banned\n|rule|OHKO Clause: OHKO moves are banned\n|rule|Evasion Moves Clause: Evasion moves are banned\n|rule|Evasion Abilities Clause: Evasion abilities are banned\n|rule|Species Clause: Limit one of each Pok\u00e9mon\n|rule|Gravity Sleep Clause: The combination of sleep-inducing moves with imperfect accuracy and Gravity or Gigantamax Orbeetle are banned\n|clearpoke\n|poke|p1|Braviary-Hisui, M|\n|poke|p1|Shaymin-Sky|\n|poke|p1|Darkrai|\n|poke|p1|Gyarados, F|\n|poke|p1|Charizard, M|\n|poke|p1|Roaring Moon|\n|poke|p2|Clefable, M|\n|poke|p2|Dragapult, M|\n|poke|p2|Ninetales-Alola, M|\n|poke|p2|Chandelure, M|\n|poke|p2|Indeedee-F, F|\n|poke|p2|Hawlucha, M|\n|teampreview\n|inactive|Battle timer is ON: inactive players will automatically lose when time's up. (requested by AerixThorn)\n|\n|t:|1696698411\n|start\n|switch|p1a: Charizard|Charizard, M, shiny|100\/100\n|switch|p1b: Roaring Moon|Roaring Moon|100\/100\n|switch|p2a: Indeedee|Indeedee-F, F|100\/100\n|switch|p2b: Rey Mysterio|Hawlucha, M, shiny|100\/100\n|-fieldstart|move: Psychic Terrain|[from] ability: Psychic Surge|[of] p2a: Indeedee\n|-enditem|p2b: Rey Mysterio|Psychic Seed\n|-boost|p2b: Rey Mysterio|spd|1|[from] item: Psychic Seed\n|turn|1\n|inactive|Elite12345678 has 120 seconds left.\n|inactive|AerixThorn has 120 seconds left.\n|\n|t:|1696698446\n|detailschange|p1a: Charizard|Charizard-Mega-X, M, shiny\n|-mega|p1a: Charizard|Charizard|Charizardite X\n|move|p2a: Indeedee|Follow Me|p2a: Indeedee\n|-singleturn|p2a: Indeedee|move: Follow Me\n|move|p2b: Rey Mysterio|Drain Punch|p1b: Roaring Moon\n|-supereffective|p1b: Roaring Moon\n|-damage|p1b: Roaring Moon|27\/100\n|move|p1b: Roaring Moon|Draco Meteor|p2a: Indeedee\n|-damage|p2a: Indeedee|67\/100\n|-unboost|p1b: Roaring Moon|spa|2\n|move|p1a: Charizard|Dragon Dance|p1a: Charizard\n|-boost|p1a: Charizard|atk|1\n|-boost|p1a: Charizard|spe|1\n|\n|-heal|p2a: Indeedee|73\/100|[from] item: Leftovers\n|upkeep\n|turn|2\n|inactive|Elite12345678 has 120 seconds left.\n|inactive|AerixThorn has 120 seconds left.\n|\n|t:|1696698485\n|move|p2a: Indeedee|Follow Me|p2a: Indeedee\n|-singleturn|p2a: Indeedee|move: Follow Me\n|move|p2b: Rey Mysterio|Bulk Up|p2b: Rey Mysterio\n|-boost|p2b: Rey Mysterio|atk|1\n|-boost|p2b: Rey Mysterio|def|1\n|move|p1a: Charizard|Dragon Pulse|p2a: Indeedee\n|-damage|p2a: Indeedee|25\/100\n|move|p1b: Roaring Moon|Draco Meteor|p2a: Indeedee\n|-damage|p2a: Indeedee|8\/100\n|-unboost|p1b: Roaring Moon|spa|2\n|\n|-heal|p2a: Indeedee|14\/100|[from] item: Leftovers\n|upkeep\n|turn|3\n|inactive|Elite12345678 has 120 seconds left.\n|\n|t:|1696698516\n|-end|p1b: Roaring Moon|Protosynthesis|[silent]\n|switch|p1b: Shaymin|Shaymin-Sky, shiny|100\/100\n|move|p2a: Indeedee|Follow Me|p2a: Indeedee\n|-singleturn|p2a: Indeedee|move: Follow Me\n|move|p2b: Rey Mysterio|Acrobatics|p1a: Charizard\n|-damage|p1a: Charizard|35\/100\n|move|p1a: Charizard|Flamethrower|p2a: Indeedee\n|-damage|p2a: Indeedee|0 fnt\n|faint|p2a: Indeedee\n|\n|upkeep\n|\n|t:|1696698526\n|switch|p2a: Clefable|Clefable, M|100\/100\n|turn|4\n|inactive|Elite12345678 has 120 seconds left.\n|\n|t:|1696698562\n|move|p2a: Clefable|Follow Me|p2a: Clefable\n|-singleturn|p2a: Clefable|move: Follow Me\n|move|p2b: Rey Mysterio|Acrobatics|p1b: Shaymin\n|-supereffective|p1b: Shaymin\n|-enditem|p1b: Shaymin|Focus Sash\n|-damage|p1b: Shaymin|1\/100\n|move|p1a: Charizard|Crunch|p2a: Clefable\n|-resisted|p2a: Clefable\n|-damage|p2a: Clefable|82\/100\n|move|p1b: Shaymin|Dazzling Gleam|p2b: Rey Mysterio|[spread] p2a,p2b\n|-supereffective|p2b: Rey Mysterio\n|-damage|p2a: Clefable|70\/100\n|-damage|p2b: Rey Mysterio|60\/100\n|\n|-heal|p2a: Clefable|76\/100|[from] item: Leftovers\n|upkeep\n|turn|5\n|inactive|Elite12345678 has 90 seconds left.\n|\n|t:|1696698596\n|move|p2a: Clefable|Follow Me|p2a: Clefable\n|-singleturn|p2a: Clefable|move: Follow Me\n|move|p2b: Rey Mysterio|Acrobatics|p1b: Shaymin\n|-supereffective|p1b: Shaymin\n|-damage|p1b: Shaymin|0 fnt\n|faint|p1b: Shaymin\n|move|p1a: Charizard|Dragon Pulse|p2a: Clefable\n|-immune|p2a: Clefable\n|\n|-heal|p2a: Clefable|82\/100|[from] item: Leftovers\n|-fieldend|move: Psychic Terrain\n|upkeep\n|inactive|Elite12345678 has 90 seconds left.\n|\n|t:|1696698611\n|switch|p1b: Roaring Moon|Roaring Moon|27\/100\n|turn|6\n|\n|t:|1696698622\n|move|p2a: Clefable|Follow Me|p2a: Clefable\n|-singleturn|p2a: Clefable|move: Follow Me\n|move|p2b: Rey Mysterio|Acrobatics|p1a: Charizard\n|-damage|p1a: Charizard|0 fnt\n|faint|p1a: Charizard\n|move|p1b: Roaring Moon|Air Slash|p2a: Clefable\n|-damage|p2a: Clefable|74\/100\n|\n|-heal|p2a: Clefable|80\/100|[from] item: Leftovers\n|upkeep\n|inactive|Elite12345678 has 90 seconds left.\n|\n|t:|1696698638\n|switch|p1a: Gyarados|Gyarados, F|100\/100\n|turn|7\n|\n|t:|1696698660\n|move|p2a: Clefable|Follow Me|p2a: Clefable\n|-singleturn|p2a: Clefable|move: Follow Me\n|move|p2b: Rey Mysterio|Dual Wingbeat|p1a: Gyarados\n|-damage|p1a: Gyarados|72\/100\n|-damage|p1a: Gyarados|44\/100\n|-hitcount|p1a: Gyarados|2\n|move|p1b: Roaring Moon|Fire Blast|p2a: Clefable\n|-damage|p2a: Clefable|69\/100\n|move|p1a: Gyarados|Thunder|p2a: Clefable\n|-damage|p2a: Clefable|57\/100\n|\n|-heal|p2a: Clefable|63\/100|[from] item: Leftovers\n|upkeep\n|turn|8\n|inactive|Elite12345678 has 120 seconds left.\n|\n|t:|1696698698\n|-terastallize|p1b: Roaring Moon|Dragon\n|move|p2a: Clefable|Follow Me|p2a: Clefable\n|-singleturn|p2a: Clefable|move: Follow Me\n|move|p2b: Rey Mysterio|Acrobatics|p1a: Gyarados\n|-damage|p1a: Gyarados|0 fnt\n|faint|p1a: Gyarados\n|move|p1b: Roaring Moon|Air Slash|p2a: Clefable\n|-damage|p2a: Clefable|55\/100\n|\n|-heal|p2a: Clefable|61\/100|[from] item: Leftovers\n|upkeep\n|inactive|Elite12345678 has 90 seconds left.\n|\n|t:|1696698713\n|switch|p1a: Braviary|Braviary-Hisui, M|100\/100\n|turn|9\n|\n|t:|1696698723\n|move|p2a: Clefable|Follow Me|p2a: Clefable\n|-singleturn|p2a: Clefable|move: Follow Me\n|move|p2b: Rey Mysterio|Acrobatics|p1a: Braviary\n|-damage|p1a: Braviary|19\/100\n|move|p1b: Roaring Moon|Fire Blast|p2a: Clefable\n|-damage|p2a: Clefable|49\/100\n|move|p1a: Braviary|Dazzling Gleam|p2b: Rey Mysterio|[spread] p2a,p2b\n|-supereffective|p2b: Rey Mysterio\n|-damage|p2a: Clefable|39\/100\n|-damage|p2b: Rey Mysterio|22\/100\n|\n|-heal|p2a: Clefable|45\/100|[from] item: Leftovers\n|upkeep\n|turn|10\n|inactive|Elite12345678 has 120 seconds left.\n|inactive|Elite12345678 has 90 seconds left.\n|\n|t:|1696698765\n|move|p2a: Clefable|Follow Me|p2a: Clefable\n|-singleturn|p2a: Clefable|move: Follow Me\n|move|p2b: Rey Mysterio|Acrobatics|p1a: Braviary\n|-damage|p1a: Braviary|0 fnt\n|faint|p1a: Braviary\n|move|p1b: Roaring Moon|Draco Meteor|p2a: Clefable\n|-immune|p2a: Clefable\n|\n|-heal|p2a: Clefable|51\/100|[from] item: Leftovers\n|upkeep\n|inactive|Elite12345678 has 90 seconds left.\n|\n|t:|1696698778\n|switch|p1a: Darkrai|Darkrai|100\/100\n|turn|11\n|\n|t:|1696698789\n|move|p2a: Clefable|Follow Me|p2a: Clefable\n|-singleturn|p2a: Clefable|move: Follow Me\n|move|p2b: Rey Mysterio|Drain Punch|p1a: Darkrai\n|-supereffective|p1a: Darkrai\n|-enditem|p1a: Darkrai|Focus Sash\n|-damage|p1a: Darkrai|1\/100\n|-heal|p2b: Rey Mysterio|74\/100|[from] drain|[of] p1a: Darkrai\n|move|p1a: Darkrai|Disable|p2a: Clefable\n|-start|p2a: Clefable|Disable|Follow Me\n|move|p1b: Roaring Moon|Draco Meteor|p2a: Clefable\n|-immune|p2a: Clefable\n|\n|-heal|p2a: Clefable|57\/100|[from] item: Leftovers\n|upkeep\n|turn|12\n|inactive|Elite12345678 has 120 seconds left.\n|inactive|Elite12345678 has 90 seconds left.\n|-message|Elite12345678 forfeited.\n|\n|win|AerixThorn\n|raw|Elite12345678's rating: 1045 &rarr; <strong>1033<\/strong><br \/>(-12 for losing)\n|raw|AerixThorn's rating: 1138 &rarr; <strong>1156<\/strong><br \/>(+18 for winning)\n|l|\u2606Elite12345678\n","uploadtime":1696698892,"views":10,"p1id":"elite12345678","p2id":"aerixthorn","formatid":"gen9nationaldexdoubles","rating":1033,"private":0,"password":""}