{"id":"gen9nationaldexdoubles-1975857639","p1":"Moonysloony","p2":"sinuet","format":"[Gen 9] National Dex Doubles","log":"|j|\u2606Moonysloony\n|j|\u2606sinuet\n|t:|1698244294\n|gametype|doubles\n|player|p1|Moonysloony|169|1008\n|player|p2|sinuet|2|1000\n|teamsize|p1|6\n|teamsize|p2|6\n|gen|9\n|tier|[Gen 9] National Dex Doubles\n|rated|\n|rule|HP Percentage Mod: HP is shown in percentages\n|rule|Endless Battle Clause: Forcing endless battles is banned\n|rule|OHKO Clause: OHKO moves are banned\n|rule|Evasion Moves Clause: Evasion moves are banned\n|rule|Evasion Abilities Clause: Evasion abilities are banned\n|rule|Species Clause: Limit one of each Pok\u00e9mon\n|rule|Gravity Sleep Clause: The combination of sleep-inducing moves with imperfect accuracy and Gravity or Gigantamax Orbeetle are banned\n|clearpoke\n|poke|p1|Salamence, F|\n|poke|p1|Sylveon, M|\n|poke|p1|Jolteon, M|\n|poke|p1|Vaporeon, F|\n|poke|p1|Delphox, M|\n|poke|p1|Meowscarada, M|\n|poke|p2|Nidoking, M|\n|poke|p2|Manectric, M|\n|poke|p2|Clefable, F|\n|poke|p2|Pelipper, F|\n|poke|p2|Cetitan, M|\n|poke|p2|Cloyster, F|\n|teampreview\n|\n|t:|1698244313\n|start\n|switch|p1a: SPARKledog|Jolteon, M, shiny|100\/100\n|switch|p1b: Meowdoriya|Meowscarada, M, shiny|100\/100\n|switch|p2a: Cloyster|Cloyster, F|100\/100\n|switch|p2b: BIG boi|Cetitan, M|100\/100\n|turn|1\n|\n|t:|1698244355\n|move|p1b: Meowdoriya|Sucker Punch||[still]\n|-fail|p1b: Meowdoriya\n|move|p1a: SPARKledog|Thunder Wave|p2a: Cloyster\n|-status|p2a: Cloyster|par\n|move|p2b: BIG boi|Earthquake|p1b: Meowdoriya|[spread] p2a,p1a,p1b\n|-supereffective|p1a: SPARKledog\n|-resisted|p1b: Meowdoriya\n|-damage|p2a: Cloyster|88\/100 par\n|-damage|p1a: SPARKledog|7\/100\n|-damage|p1b: Meowdoriya|82\/100\n|move|p2a: Cloyster|Toxic Spikes|p1a: SPARKledog\n|-sidestart|p1: Moonysloony|move: Toxic Spikes\n|\n|upkeep\n|turn|2\n|\n|t:|1698244380\n|move|p1a: SPARKledog|Thunder Wave|p2b: BIG boi\n|-status|p2b: BIG boi|par\n|move|p1b: Meowdoriya|Flower Trick|p2a: Cloyster\n|-start|p1b: Meowdoriya|typechange|Grass|[from] ability: Protean\n|-supereffective|p2a: Cloyster\n|-damage|p2a: Cloyster|46\/100 par\n|cant|p2a: Cloyster|par\n|move|p2b: BIG boi|Play Rough|p1a: SPARKledog\n|-damage|p1a: SPARKledog|0 fnt\n|faint|p1a: SPARKledog\n|\n|upkeep\n|\n|t:|1698244398\n|switch|p1a: BOYDOLL|Sylveon, M, shiny|100\/100\n|-status|p1a: BOYDOLL|psn\n|turn|3\n|\n|t:|1698244414\n|move|p1b: Meowdoriya|Flower Trick|p2a: Cloyster\n|-supereffective|p2a: Cloyster\n|-damage|p2a: Cloyster|3\/100 par\n|-enditem|p2a: Cloyster|Aguav Berry|[eat]\n|-heal|p2a: Cloyster|36\/100 par|[from] item: Aguav Berry\n|-start|p2a: Cloyster|confusion\n|move|p1a: BOYDOLL|Calm Mind|p1a: BOYDOLL\n|-boost|p1a: BOYDOLL|spa|1\n|-boost|p1a: BOYDOLL|spd|1\n|-activate|p2a: Cloyster|confusion\n|-damage|p2a: Cloyster|31\/100 par|[from] confusion\n|move|p2b: BIG boi|Ice Spinner|p1b: Meowdoriya\n|-supereffective|p1b: Meowdoriya\n|-damage|p1b: Meowdoriya|0 fnt\n|faint|p1b: Meowdoriya\n|\n|-damage|p1a: BOYDOLL|88\/100 psn|[from] psn\n|upkeep\n|\n|t:|1698244432\n|switch|p1b: Gandalf|Delphox, M, shiny|100\/100\n|-status|p1b: Gandalf|psn\n|turn|4\n|\n|t:|1698244452\n|-terastallize|p2b: BIG boi|Water\n|move|p1b: Gandalf|Trick|p2b: BIG boi\n|-activate|p1b: Gandalf|move: Trick|[of] p2b: BIG boi\n|-item|p2b: BIG boi|Choice Specs|[from] move: Trick\n|-item|p1b: Gandalf|Assault Vest|[from] move: Trick\n|move|p1a: BOYDOLL|Calm Mind|p1a: BOYDOLL\n|-boost|p1a: BOYDOLL|spa|1\n|-boost|p1a: BOYDOLL|spd|1\n|-end|p2a: Cloyster|confusion\n|cant|p2a: Cloyster|par\n|move|p2b: BIG boi|Liquidation|p1b: Gandalf\n|-supereffective|p1b: Gandalf\n|-damage|p1b: Gandalf|0 fnt\n|faint|p1b: Gandalf\n|\n|-heal|p1a: BOYDOLL|94\/100 psn|[from] item: Leftovers\n|-damage|p1a: BOYDOLL|82\/100 psn|[from] psn\n|upkeep\n|\n|t:|1698244479\n|switch|p1b: CLEAUR|Vaporeon, F, shiny|100\/100\n|-status|p1b: CLEAUR|psn\n|turn|5\n|\n|t:|1698244500\n|move|p1b: CLEAUR|Ice Beam|p2b: BIG boi\n|-resisted|p2b: BIG boi\n|-damage|p2b: BIG boi|93\/100 par\n|move|p1a: BOYDOLL|Calm Mind|p1a: BOYDOLL\n|-boost|p1a: BOYDOLL|spa|1\n|-boost|p1a: BOYDOLL|spd|1\n|cant|p2a: Cloyster|par\n|move|p2b: BIG boi|Liquidation|p1a: BOYDOLL\n|-damage|p1a: BOYDOLL|46\/100 psn\n|\n|-heal|p1a: BOYDOLL|52\/100 psn|[from] item: Leftovers\n|-damage|p1b: CLEAUR|88\/100 psn|[from] psn\n|-damage|p1a: BOYDOLL|40\/100 psn|[from] psn\n|upkeep\n|turn|6\n|\n|t:|1698244522\n|move|p1b: CLEAUR|Ice Beam|p2a: Cloyster\n|-resisted|p2a: Cloyster\n|-damage|p2a: Cloyster|13\/100 par\n|move|p1a: BOYDOLL|Draining Kiss|p2b: BIG boi\n|-damage|p2b: BIG boi|43\/100 par\n|-heal|p1a: BOYDOLL|86\/100 psn|[from] drain|[of] p2b: BIG boi\n|move|p2a: Cloyster|Snowscape|p2a: Cloyster\n|-weather|Snow\n|move|p2b: BIG boi|Liquidation|p1a: BOYDOLL\n|-damage|p1a: BOYDOLL|50\/100 psn\n|-unboost|p1a: BOYDOLL|def|1\n|\n|-weather|Snow|[upkeep]\n|-heal|p1b: CLEAUR|94\/100 psn|[from] item: Leftovers\n|-heal|p1a: BOYDOLL|56\/100 psn|[from] item: Leftovers\n|-damage|p1b: CLEAUR|82\/100 psn|[from] psn\n|-damage|p1a: BOYDOLL|43\/100 psn|[from] psn\n|upkeep\n|turn|7\n|\n|t:|1698244554\n|switch|p2b: Nidoking|Nidoking, M|100\/100\n|move|p1b: CLEAUR|Ice Beam|p2a: Cloyster\n|-resisted|p2a: Cloyster\n|-damage|p2a: Cloyster|0 fnt\n|faint|p2a: Cloyster\n|move|p1a: BOYDOLL|Draining Kiss|p2b: Nidoking\n|-resisted|p2b: Nidoking\n|-damage|p2b: Nidoking|75\/100\n|-heal|p1a: BOYDOLL|60\/100 psn|[from] drain|[of] p2b: Nidoking\n|\n|-weather|Snow|[upkeep]\n|-heal|p1b: CLEAUR|88\/100 psn|[from] item: Leftovers\n|-heal|p1a: BOYDOLL|66\/100 psn|[from] item: Leftovers\n|-damage|p1b: CLEAUR|75\/100 psn|[from] psn\n|-damage|p1a: BOYDOLL|54\/100 psn|[from] psn\n|upkeep\n|\n|t:|1698244570\n|switch|p2a: Clefable|Clefable, F|100\/100\n|turn|8\n|\n|t:|1698244584\n|move|p2a: Clefable|Follow Me|p2a: Clefable\n|-singleturn|p2a: Clefable|move: Follow Me\n|move|p1b: CLEAUR|Hydro Pump|p2a: Clefable\n|-damage|p2a: Clefable|61\/100\n|move|p1a: BOYDOLL|Draining Kiss|p2a: Clefable\n|-damage|p2a: Clefable|28\/100\n|-heal|p1a: BOYDOLL|79\/100 psn|[from] drain|[of] p2a: Clefable\n|move|p2b: Nidoking|Roar|p1a: BOYDOLL\n|drag|p1a: bkdk canon|Salamence, F, shiny|100\/100\n|\n|-weather|Snow|[upkeep]\n|-heal|p1b: CLEAUR|82\/100 psn|[from] item: Leftovers\n|-heal|p2a: Clefable|34\/100|[from] item: Leftovers\n|-damage|p1b: CLEAUR|69\/100 psn|[from] psn\n|upkeep\n|turn|9\n|\n|t:|1698244602\n|move|p1a: bkdk canon|Earthquake|p2a: Clefable|[spread] p1b,p2a,p2b\n|-supereffective|p2b: Nidoking\n|-damage|p1b: CLEAUR|38\/100 psn\n|-damage|p2a: Clefable|5\/100\n|-damage|p2b: Nidoking|18\/100\n|move|p2b: Nidoking|Ice Beam|p1a: bkdk canon\n|-supereffective|p1a: bkdk canon\n|-damage|p1a: bkdk canon|0 fnt\n|faint|p1a: bkdk canon\n|move|p1b: CLEAUR|Rest|p1b: CLEAUR\n|-status|p1b: CLEAUR|slp|[from] move: Rest\n|-heal|p1b: CLEAUR|100\/100 slp|[silent]\n|move|p2a: Clefable|Soft-Boiled|p2a: Clefable\n|-heal|p2a: Clefable|55\/100\n|\n|-weather|Snow|[upkeep]\n|-heal|p2a: Clefable|61\/100|[from] item: Leftovers\n|upkeep\n|\n|t:|1698244617\n|switch|p1a: BOYDOLL|Sylveon, M, shiny|79\/100 psn\n|turn|10\n|\n|t:|1698244638\n|move|p2a: Clefable|Follow Me|p2a: Clefable\n|-singleturn|p2a: Clefable|move: Follow Me\n|move|p2b: Nidoking|Sludge Wave|p1a: BOYDOLL|[spread] p2a,p1a,p1b\n|-supereffective|p2a: Clefable\n|-supereffective|p1a: BOYDOLL\n|-damage|p2a: Clefable|0 fnt\n|-damage|p1a: BOYDOLL|13\/100 psn\n|-damage|p1b: CLEAUR|61\/100 slp\n|faint|p2a: Clefable\n|cant|p1b: CLEAUR|slp\n|move|p1b: CLEAUR|Sleep Talk|p1b: CLEAUR\n|move|p1b: CLEAUR|Hydro Pump|p2b: Nidoking|[from]move: Sleep Talk|[miss]\n|-miss|p1b: CLEAUR|p2b: Nidoking\n|move|p1a: BOYDOLL|Calm Mind|p1a: BOYDOLL\n|-boost|p1a: BOYDOLL|spa|1\n|-boost|p1a: BOYDOLL|spd|1\n|\n|-weather|none\n|-heal|p1b: CLEAUR|68\/100 slp|[from] item: Leftovers\n|-heal|p1a: BOYDOLL|20\/100 psn|[from] item: Leftovers\n|-damage|p1a: BOYDOLL|7\/100 psn|[from] psn\n|upkeep\n|\n|t:|1698244656\n|switch|p2a: BIG boi|Cetitan, M, tera:Water|43\/100 par\n|turn|11\n|-message|Moonysloony forfeited.\n|\n|win|sinuet\n|raw|Moonysloony's rating: 1008 &rarr; <strong>1000<\/strong><br \/>(-8 for losing)\n|raw|sinuet's rating: 1000 &rarr; <strong>1041<\/strong><br \/>(+41 for winning)\n|l|\u2606Moonysloony\n","uploadtime":1698244668,"views":11,"p1id":"moonysloony","p2id":"sinuet","formatid":"gen9nationaldexdoubles","rating":1000,"private":0,"password":""}