{"id":"gen9nationaldexdoubles-1991600893","p1":"Delreynan","p2":"Green Misfire","format":"[Gen 9] National Dex Doubles","log":"|j|\u2606Delreynan\n|j|\u2606Green Misfire\n|t:|1700092859\n|gametype|doubles\n|player|p1|Delreynan|cynthia-gen4|1062\n|player|p2|Green Misfire|acetrainer-gen4dp|1186\n|teamsize|p1|6\n|teamsize|p2|6\n|gen|9\n|tier|[Gen 9] National Dex Doubles\n|rated|\n|rule|HP Percentage Mod: HP is shown in percentages\n|rule|Endless Battle Clause: Forcing endless battles is banned\n|rule|OHKO Clause: OHKO moves are banned\n|rule|Evasion Moves Clause: Evasion moves are banned\n|rule|Evasion Abilities Clause: Evasion abilities are banned\n|rule|Species Clause: Limit one of each Pok\u00e9mon\n|rule|Gravity Sleep Clause: The combination of sleep-inducing moves with imperfect accuracy and Gravity or Gigantamax Orbeetle are banned\n|clearpoke\n|poke|p1|Arcanine, M|\n|poke|p1|Dachsbun, M|\n|poke|p1|Houndoom, M|\n|poke|p1|Stoutland, M|\n|poke|p1|Okidogi, M|\n|poke|p1|Houndstone, M|\n|poke|p2|Incineroar, M|\n|poke|p2|Tapu Koko|\n|poke|p2|Tyranitar, M|\n|poke|p2|Excadrill, M|\n|poke|p2|Porygon2|\n|poke|p2|Salamence, F|\n|teampreview\n|inactive|Battle timer is ON: inactive players will automatically lose when time's up. (requested by Green Misfire)\n|\n|t:|1700092869\n|start\n|switch|p1a: Idoso|Stoutland, M|100\/100\n|switch|p1b: Kshorro|Arcanine, M|100\/100\n|switch|p2a: Incinerate|Incineroar, M|100\/100\n|switch|p2b: CPU|Porygon2|100\/100\n|-ability|p1a: Idoso|Intimidate|boost\n|-unboost|p2a: Incinerate|atk|1\n|-unboost|p2b: CPU|atk|1\n|-ability|p1b: Kshorro|Intimidate|boost\n|-unboost|p2a: Incinerate|atk|1\n|-unboost|p2b: CPU|atk|1\n|-ability|p2a: Incinerate|Intimidate|boost\n|-unboost|p1a: Idoso|atk|1\n|-unboost|p1b: Kshorro|atk|1\n|-ability|p2b: CPU|Intimidate|boost\n|-unboost|p1a: Idoso|atk|1\n|-unboost|p1b: Kshorro|atk|1\n|-ability|p2b: CPU|Intimidate|[from] ability: Trace|[of] p1a: Idoso\n|turn|1\n|\n|t:|1700092879\n|move|p2a: Incinerate|Fake Out|p1a: Idoso\n|-damage|p1a: Idoso|91\/100\n|cant|p1a: Idoso|flinch\n|move|p1b: Kshorro|Snarl|p2b: CPU|[spread] p2a,p2b\n|-resisted|p2a: Incinerate\n|-damage|p2a: Incinerate|96\/100\n|-damage|p2b: CPU|96\/100\n|-unboost|p2a: Incinerate|spa|1\n|-unboost|p2b: CPU|spa|1\n|move|p2b: CPU|Toxic|p1b: Kshorro\n|-status|p1b: Kshorro|tox\n|\n|-damage|p1b: Kshorro|94\/100 tox|[from] psn\n|upkeep\n|turn|2\n|\n|t:|1700092895\n|switch|p1b: Pitbull|Okidogi, M|100\/100\n|move|p1a: Idoso|Thunder Wave|p2a: Incinerate\n|-status|p2a: Incinerate|par\n|move|p2b: CPU|Toxic|p1a: Idoso\n|-status|p1a: Idoso|tox\n|move|p2a: Incinerate|Parting Shot|p1a: Idoso\n|-unboost|p1a: Idoso|atk|1\n|-unboost|p1a: Idoso|spa|1\n|\n|t:|1700092916\n|switch|p2a: Hydra|Salamence, F, shiny|100\/100|[from] Parting Shot\n|-ability|p2a: Hydra|Intimidate|boost\n|-unboost|p1a: Idoso|atk|1\n|-unboost|p1b: Pitbull|atk|1\n|\n|-damage|p1a: Idoso|85\/100 tox|[from] psn\n|upkeep\n|turn|3\n|\n|t:|1700092934\n|detailschange|p2a: Hydra|Salamence-Mega, F, shiny\n|-mega|p2a: Hydra|Salamence|Salamencite\n|move|p2a: Hydra|Earthquake|p1b: Pitbull|[spread] p2b,p1a,p1b\n|-supereffective|p1b: Pitbull\n|-damage|p2b: CPU|77\/100\n|-damage|p1a: Idoso|50\/100 tox\n|-damage|p1b: Pitbull|40\/100\n|move|p1a: Idoso|Thunder Wave|p2a: Hydra\n|-status|p2a: Hydra|par\n|move|p1b: Pitbull|Bulk Up|p1b: Pitbull\n|-boost|p1b: Pitbull|atk|1\n|-boost|p1b: Pitbull|def|1\n|move|p2b: CPU|Ice Beam|p1a: Idoso\n|-damage|p1a: Idoso|33\/100 tox\n|\n|-damage|p1a: Idoso|21\/100 tox|[from] psn\n|upkeep\n|-enditem|p1a: Idoso|Salac Berry|[eat]\n|-boost|p1a: Idoso|spe|1|[from] item: Salac Berry\n|turn|4\n|\n|t:|1700092955\n|switch|p1a: Kshorro|Arcanine, M|94\/100 tox\n|-ability|p1a: Kshorro|Intimidate|boost\n|-unboost|p2a: Hydra|atk|1\n|-unboost|p2b: CPU|atk|1\n|move|p1b: Pitbull|Drain Punch|p2b: CPU\n|-supereffective|p2b: CPU\n|-damage|p2b: CPU|6\/100\n|-heal|p1b: Pitbull|82\/100|[from] drain|[of] p2b: CPU\n|-status|p2b: CPU|tox|[from] ability: Toxic Chain|[of] p1b: Pitbull\n|-damage|p1b: Pitbull|73\/100|[from] item: Life Orb\n|move|p2a: Hydra|Earthquake|p1b: Pitbull|[spread] p2b,p1a,p1b\n|-supereffective|p1a: Kshorro\n|-supereffective|p1b: Pitbull\n|-damage|p2b: CPU|0 fnt\n|-damage|p1a: Kshorro|52\/100 tox\n|-damage|p1b: Pitbull|44\/100\n|faint|p2b: CPU\n|\n|-damage|p1a: Kshorro|45\/100 tox|[from] psn\n|upkeep\n|\n|t:|1700092974\n|switch|p2b: Incinerate|Incineroar, M|96\/100 par\n|-ability|p2b: Incinerate|Intimidate|boost\n|-unboost|p1a: Kshorro|atk|1\n|-unboost|p1b: Pitbull|atk|1\n|turn|5\n|\n|t:|1700092983\n|switch|p1a: Idoso|Stoutland, M|21\/100 tox\n|-ability|p1a: Idoso|Intimidate|boost\n|-unboost|p2a: Hydra|atk|1\n|-unboost|p2b: Incinerate|atk|1\n|move|p2b: Incinerate|Fake Out|p1b: Pitbull\n|-damage|p1b: Pitbull|37\/100\n|cant|p1b: Pitbull|flinch\n|move|p2a: Hydra|Double-Edge|p1a: Idoso\n|-damage|p1a: Idoso|0 fnt\n|faint|p1a: Idoso\n|-damage|p2a: Hydra|94\/100 par|[from] Recoil\n|\n|upkeep\n|\n|t:|1700092995\n|switch|p1a: Kshorro|Arcanine, M|45\/100 tox\n|-ability|p1a: Kshorro|Intimidate|boost\n|-unboost|p2a: Hydra|atk|1\n|-unboost|p2b: Incinerate|atk|1\n|turn|6\n|\n|t:|1700093019\n|move|p1b: Pitbull|Drain Punch|p2b: Incinerate\n|-supereffective|p2b: Incinerate\n|-damage|p2b: Incinerate|27\/100 par\n|-heal|p1b: Pitbull|80\/100|[from] drain|[of] p2b: Incinerate\n|-enditem|p2b: Incinerate|Sitrus Berry|[eat]\n|-heal|p2b: Incinerate|52\/100 par|[from] item: Sitrus Berry\n|-damage|p1b: Pitbull|71\/100|[from] item: Life Orb\n|move|p1a: Kshorro|Morning Sun|p1a: Kshorro\n|-heal|p1a: Kshorro|95\/100 tox\n|cant|p2a: Hydra|par\n|cant|p2b: Incinerate|par\n|\n|-damage|p1a: Kshorro|89\/100 tox|[from] psn\n|upkeep\n|turn|7\n|\n|t:|1700093037\n|switch|p2b: Koko|Tapu Koko|100\/100\n|-fieldstart|move: Electric Terrain|[from] ability: Electric Surge|[of] p2b: Koko\n|move|p1b: Pitbull|Bulk Up|p1b: Pitbull\n|-boost|p1b: Pitbull|atk|1\n|-boost|p1b: Pitbull|def|1\n|move|p1a: Kshorro|Snarl|p2a: Hydra|[spread] p2a,p2b\n|-resisted|p2b: Koko\n|-damage|p2a: Hydra|84\/100 par\n|-damage|p2b: Koko|94\/100\n|-unboost|p2a: Hydra|spa|1\n|-unboost|p2b: Koko|spa|1\n|cant|p2a: Hydra|par\n|\n|-heal|p2b: Koko|99\/100|[from] item: Leftovers\n|-damage|p1a: Kshorro|77\/100 tox|[from] psn\n|upkeep\n|turn|8\n|\n|t:|1700093059\n|switch|p1a: Cachorro satanista|Houndoom, M|100\/100\n|-ability|p1a: Cachorro satanista|Unnerve\n|-terastallize|p2b: Koko|Electric\n|move|p2b: Koko|Thunderbolt|p1b: Pitbull\n|-damage|p1b: Pitbull|20\/100\n|move|p1b: Pitbull|Gunk Shot|p2b: Koko\n|-damage|p2b: Koko|0 fnt\n|faint|p2b: Koko\n|-damage|p1b: Pitbull|10\/100|[from] item: Life Orb\n|move|p2a: Hydra|Dragon Claw|p1b: Pitbull\n|-damage|p1b: Pitbull|0 fnt\n|faint|p1b: Pitbull\n|\n|upkeep\n|\n|t:|1700093081\n|switch|p2b: Incinerate|Incineroar, M|52\/100 par\n|switch|p1b: Kshorro|Arcanine, M|77\/100 tox\n|-ability|p1b: Kshorro|Intimidate|boost\n|-unboost|p2a: Hydra|atk|1\n|-unboost|p2b: Incinerate|atk|1\n|-ability|p2b: Incinerate|Intimidate|boost\n|-unboost|p1a: Cachorro satanista|atk|1\n|-unboost|p1b: Kshorro|atk|1\n|turn|9\n|\n|t:|1700093094\n|switch|p2a: T-Tar|Tyranitar, M|100\/100\n|-weather|Sandstorm|[from] ability: Sand Stream|[of] p2a: T-Tar\n|detailschange|p1a: Cachorro satanista|Houndoom-Mega, M\n|-mega|p1a: Cachorro satanista|Houndoom|Houndoominite\n|move|p1a: Cachorro satanista|Destiny Bond|p1a: Cachorro satanista\n|-singlemove|p1a: Cachorro satanista|Destiny Bond\n|move|p1b: Kshorro|Snarl|p2a: T-Tar|[spread] p2a,p2b\n|-resisted|p2a: T-Tar\n|-resisted|p2b: Incinerate\n|-damage|p2a: T-Tar|98\/100\n|-damage|p2b: Incinerate|48\/100 par\n|-unboost|p2a: T-Tar|spa|1\n|-unboost|p2b: Incinerate|spa|1\n|move|p2b: Incinerate|Knock Off|p1b: Kshorro\n|-damage|p1b: Kshorro|40\/100 tox\n|-enditem|p1b: Kshorro|Salac Berry|[from] move: Knock Off|[of] p2b: Incinerate\n|\n|-weather|Sandstorm|[upkeep]\n|-damage|p1a: Cachorro satanista|94\/100|[from] Sandstorm\n|-damage|p1b: Kshorro|34\/100 tox|[from] Sandstorm\n|-damage|p2b: Incinerate|42\/100 par|[from] Sandstorm\n|-damage|p1b: Kshorro|27\/100 tox|[from] psn\n|upkeep\n|turn|10\n|\n|t:|1700093120\n|switch|p1b: Tostadinho|Dachsbun, M|100\/100\n|move|p1a: Cachorro satanista|Nasty Plot|p1a: Cachorro satanista\n|-boost|p1a: Cachorro satanista|spa|2\n|move|p2a: T-Tar|Dragon Dance|p2a: T-Tar\n|-boost|p2a: T-Tar|atk|1\n|-boost|p2a: T-Tar|spe|1\n|move|p2b: Incinerate|Knock Off|p1b: Tostadinho\n|-resisted|p1b: Tostadinho\n|-damage|p1b: Tostadinho|83\/100\n|-enditem|p1b: Tostadinho|Leftovers|[from] move: Knock Off|[of] p2b: Incinerate\n|\n|-weather|Sandstorm|[upkeep]\n|-damage|p1a: Cachorro satanista|88\/100|[from] Sandstorm\n|-damage|p1b: Tostadinho|77\/100|[from] Sandstorm\n|-damage|p2b: Incinerate|36\/100 par|[from] Sandstorm\n|upkeep\n|turn|11\n|inactive|Green Misfire has 120 seconds left.\n|\n|t:|1700093153\n|-terastallize|p1b: Tostadinho|Steel\n|move|p1a: Cachorro satanista|Overheat|p1b: Tostadinho\n|-ability|p1b: Tostadinho|Well-Baked Body|boost\n|-boost|p1b: Tostadinho|def|2\n|move|p2a: T-Tar|Ice Punch|p1b: Tostadinho\n|-resisted|p1b: Tostadinho\n|-damage|p1b: Tostadinho|65\/100\n|move|p1b: Tostadinho|Body Press|p2a: T-Tar\n|-supereffective|p2a: T-Tar\n|-damage|p2a: T-Tar|0 fnt\n|faint|p2a: T-Tar\n|cant|p2b: Incinerate|par\n|\n|-weather|Sandstorm|[upkeep]\n|-damage|p1a: Cachorro satanista|82\/100|[from] Sandstorm\n|-damage|p2b: Incinerate|30\/100 par|[from] Sandstorm\n|-fieldend|move: Electric Terrain\n|upkeep\n|inactive|Green Misfire has 120 seconds left.\n|\n|t:|1700093171\n|switch|p2a: Hydra|Salamence-Mega, F, shiny|84\/100 par\n|turn|12\n|inactive|Green Misfire has 120 seconds left.\n|\n|t:|1700093190\n|move|p1a: Cachorro satanista|Destiny Bond|p1a: Cachorro satanista\n|-singlemove|p1a: Cachorro satanista|Destiny Bond\n|move|p1b: Tostadinho|Wish|p1b: Tostadinho\n|cant|p2a: Hydra|par\n|move|p2b: Incinerate|Knock Off|p1b: Tostadinho\n|-damage|p1b: Tostadinho|54\/100\n|\n|-weather|Sandstorm|[upkeep]\n|-damage|p1a: Cachorro satanista|76\/100|[from] Sandstorm\n|-damage|p2a: Hydra|78\/100 par|[from] Sandstorm\n|-damage|p2b: Incinerate|24\/100 par|[from] Sandstorm\n|upkeep\n|turn|13\n|\n|t:|1700093204\n|move|p1a: Cachorro satanista|Overheat|p1b: Tostadinho\n|-ability|p1b: Tostadinho|Well-Baked Body|boost\n|-boost|p1b: Tostadinho|def|2\n|move|p1b: Tostadinho|Body Press|p2b: Incinerate\n|-supereffective|p2b: Incinerate\n|-damage|p2b: Incinerate|0 fnt\n|faint|p2b: Incinerate\n|move|p2a: Hydra|Earthquake|p1a: Cachorro satanista|[spread] p1a,p1b\n|-supereffective|p1a: Cachorro satanista\n|-supereffective|p1b: Tostadinho\n|-damage|p1a: Cachorro satanista|0 fnt\n|-damage|p1b: Tostadinho|33\/100\n|faint|p1a: Cachorro satanista\n|\n|-weather|none\n|-heal|p1b: Tostadinho|83\/100|[from] move: Wish|[wisher] Tostadinho\n|upkeep\n|\n|t:|1700093221\n|switch|p1a: Kshorro|Arcanine, M|27\/100 tox\n|switch|p2b: Dig-Dug|Excadrill, M|100\/100\n|-ability|p1a: Kshorro|Intimidate|boost\n|-unboost|p2a: Hydra|atk|1\n|-unboost|p2b: Dig-Dug|atk|1\n|turn|14\n|\n|t:|1700093232\n|switch|p1a: Falecido|Houndstone, M|100\/100\n|move|p2b: Dig-Dug|Earthquake|p1b: Tostadinho|[spread] p1a,p1b\n|-immune|p2a: Hydra\n|-supereffective|p1b: Tostadinho\n|-damage|p1a: Falecido|67\/100\n|-damage|p1b: Tostadinho|60\/100\n|-damage|p2b: Dig-Dug|91\/100|[from] item: Life Orb\n|move|p1b: Tostadinho|Body Press|p2b: Dig-Dug\n|-supereffective|p2b: Dig-Dug\n|-damage|p2b: Dig-Dug|0 fnt\n|faint|p2b: Dig-Dug\n|cant|p2a: Hydra|par\n|\n|-heal|p1a: Falecido|73\/100|[from] item: Leftovers\n|upkeep\n|turn|15\n|-message|Green Misfire forfeited.\n|\n|win|Delreynan\n|raw|Delreynan's rating: 1062 &rarr; <strong>1106<\/strong><br \/>(+44 for winning)\n|raw|Green Misfire's rating: 1219 &rarr; <strong>1183<\/strong><br \/>(-36 for losing)\n|l|\u2606Green Misfire\n","uploadtime":1700093250,"views":6,"p1id":"delreynan","p2id":"greenmisfire","formatid":"gen9nationaldexdoubles","rating":1106,"private":0,"password":""}