{"id":"gen9nationaldexdoubles-1957185118","p1":"Scummy strats","p2":"eli best judes","format":"[Gen 9] National Dex Doubles","log":"|j|\u2606Scummy strats\n|j|\u2606eli best judes\n|t:|1696193662\n|gametype|doubles\n|player|p1|Scummy strats|n|1099\n|player|p2|eli best judes|palmer|1058\n|teamsize|p1|6\n|teamsize|p2|6\n|gen|9\n|tier|[Gen 9] National Dex Doubles\n|rated|\n|rule|HP Percentage Mod: HP is shown in percentages\n|rule|Endless Battle Clause: Forcing endless battles is banned\n|rule|OHKO Clause: OHKO moves are banned\n|rule|Evasion Moves Clause: Evasion moves are banned\n|rule|Evasion Abilities Clause: Evasion abilities are banned\n|rule|Species Clause: Limit one of each Pok\u00e9mon\n|rule|Gravity Sleep Clause: The combination of sleep-inducing moves with imperfect accuracy and Gravity or Gigantamax Orbeetle are banned\n|clearpoke\n|poke|p1|Garganacl, F|\n|poke|p1|Gothitelle, F|\n|poke|p1|Marowak-Alola, F|\n|poke|p1|Flamigo, M|\n|poke|p1|Shuckle, F|\n|poke|p1|Clefairy, M|\n|poke|p2|Gengar, M|\n|poke|p2|Yanmega, M|\n|poke|p2|Magcargo, M|\n|poke|p2|Basculegion, M|\n|poke|p2|Enamorus, F|\n|poke|p2|Zapdos|\n|teampreview\n|\n|t:|1696193674\n|start\n|switch|p1a: Gothitelle|Gothitelle, F|100\/100\n|switch|p1b: Marowak|Marowak-Alola, F|100\/100\n|switch|p2a: Gengar|Gengar, M|100\/100\n|switch|p2b: Zapdos|Zapdos|100\/100\n|turn|1\n|inactive|Battle timer is ON: inactive players will automatically lose when time's up. (requested by eli best judes)\n|\n|t:|1696193687\n|-terastallize|p1b: Marowak|Ground\n|move|p2a: Gengar|Ominous Wind|p1b: Marowak\n|-damage|p1b: Marowak|66\/100\n|move|p2b: Zapdos|Charge Beam|p1a: Gothitelle\n|-damage|p1a: Gothitelle|81\/100\n|-boost|p2b: Zapdos|spa|1\n|move|p1b: Marowak|Belly Drum|p1b: Marowak\n|-damage|p1b: Marowak|16\/100\n|-setboost|p1b: Marowak|atk|6|[from] move: Belly Drum\n|move|p1a: Gothitelle|Trick Room|p1a: Gothitelle\n|-fieldstart|move: Trick Room|[of] p1a: Gothitelle\n|\n|upkeep\n|turn|2\n|\n|t:|1696193708\n|move|p1a: Gothitelle|Ally Switch|p1a: Gothitelle\n|swap|p1a: Gothitelle|1|[from] move: Ally Switch\n|move|p1a: Marowak|Smack Down|p2b: Zapdos\n|-supereffective|p2b: Zapdos\n|-damage|p2b: Zapdos|0 fnt\n|faint|p2b: Zapdos\n|move|p2a: Gengar|Ominous Wind|p1b: Gothitelle\n|-supereffective|p1b: Gothitelle\n|-damage|p1b: Gothitelle|26\/100\n|-enditem|p1b: Gothitelle|Sitrus Berry|[eat]\n|-heal|p1b: Gothitelle|51\/100|[from] item: Sitrus Berry\n|\n|upkeep\n|inactive|eli best judes has 120 seconds left.\n|\n|t:|1696193725\n|switch|p2b: Magcargo|Magcargo, M|100\/100\n|turn|3\n|\n|t:|1696193733\n|switch|p1b: Flamigo|Flamigo, M|100\/100\n|-copyboost|p1b: Flamigo|p1a: Marowak|[from] ability: Costar\n|-enditem|p1b: Flamigo|Room Service\n|-unboost|p1b: Flamigo|spe|1|[from] item: Room Service\n|move|p1a: Marowak|Earthquake|p2b: Magcargo|[spread] p2a,p2b\n|-immune|p1b: Flamigo\n|-supereffective|p2a: Gengar\n|-supereffective|p2b: Magcargo\n|-damage|p2a: Gengar|0 fnt\n|-damage|p2b: Magcargo|0 fnt\n|faint|p2a: Gengar\n|faint|p2b: Magcargo\n|\n|upkeep\n|\n|t:|1696193747\n|switch|p2b: Enamorus|Enamorus, F|100\/100\n|switch|p2a: Yanmega|Yanmega, M|100\/100\n|turn|4\n|\n|t:|1696193762\n|-terastallize|p2b: Enamorus|Fighting\n|move|p1a: Marowak|Smack Down|p2b: Enamorus\n|-resisted|p2b: Enamorus\n|-damage|p2b: Enamorus|25\/100\n|move|p1b: Flamigo|Acrobatics|p2a: Yanmega\n|-supereffective|p2a: Yanmega\n|-damage|p2a: Yanmega|0 fnt\n|faint|p2a: Yanmega\n|move|p2b: Enamorus|Superpower|p1b: Flamigo\n|-resisted|p1b: Flamigo\n|-damage|p1b: Flamigo|62\/100\n|-boost|p2b: Enamorus|atk|1\n|-boost|p2b: Enamorus|def|1\n|\n|upkeep\n|\n|t:|1696193775\n|switch|p2a: Basculegion|Basculegion, M|100\/100\n|turn|5\n|\n|t:|1696193785\n|move|p1a: Marowak|Earthquake|p2b: Enamorus|[spread] p2a,p2b\n|-immune|p1b: Flamigo\n|-crit|p2b: Enamorus\n|-damage|p2a: Basculegion|0 fnt\n|-damage|p2b: Enamorus|0 fnt\n|faint|p2a: Basculegion\n|faint|p2b: Enamorus\n|\n|win|Scummy strats\n|raw|Scummy strats's rating: 1099 &rarr; <strong>1121<\/strong><br \/>(+22 for winning)\n|raw|eli best judes's rating: 1058 &rarr; <strong>1041<\/strong><br \/>(-17 for losing)\n|l|\u2606eli best judes\n","uploadtime":1696193820,"views":9,"p1id":"scummystrats","p2id":"elibestjudes","formatid":"gen9nationaldexdoubles","rating":1041,"private":0,"password":""}