{"id":"gen9nationaldexdoubles-1962608185","p1":"Gumbus wumbus","p2":"cediedesu","format":"[Gen 9] National Dex Doubles","log":"|j|\u2606Gumbus wumbus\n|j|\u2606cediedesu\n|t:|1696774100\n|gametype|doubles\n|player|p1|Gumbus wumbus|clown|\n|player|p2|cediedesu|acetrainer-gen4dp|\n|teamsize|p1|6\n|teamsize|p2|6\n|gen|9\n|tier|[Gen 9] National Dex Doubles\n|rule|HP Percentage Mod: HP is shown in percentages\n|rule|Endless Battle Clause: Forcing endless battles is banned\n|rule|OHKO Clause: OHKO moves are banned\n|rule|Evasion Moves Clause: Evasion moves are banned\n|rule|Evasion Abilities Clause: Evasion abilities are banned\n|rule|Species Clause: Limit one of each Pok\u00e9mon\n|rule|Gravity Sleep Clause: The combination of sleep-inducing moves with imperfect accuracy and Gravity or Gigantamax Orbeetle are banned\n|clearpoke\n|poke|p1|Garchomp, F|\n|poke|p1|Ferrothorn, M|\n|poke|p1|Archeops, F|\n|poke|p1|Audino, M|\n|poke|p1|Jellicent, F|\n|poke|p1|Gothitelle, F|\n|poke|p2|Aggron, F|\n|poke|p2|Swampert, F|\n|poke|p2|Corviknight, M|\n|poke|p2|Conkeldurr, M|\n|poke|p2|Kingambit, M|\n|poke|p2|Gardevoir, F|\n|teampreview\n|inactive|Battle timer is ON: inactive players will automatically lose when time's up. (requested by cediedesu)\n|\n|t:|1696774116\n|start\n|switch|p1a: What could've been|Jellicent, F, shiny|100\/100\n|switch|p1b: lightning|Archeops, F|100\/100\n|switch|p2a: Aggron|Aggron, F|100\/100\n|switch|p2b: Gardevoir|Gardevoir, F|100\/100\n|turn|1\n|\n|t:|1696774129\n|move|p1b: lightning|U-turn|p2b: Gardevoir\n|-damage|p2b: Gardevoir|57\/100\n|\n|t:|1696774135\n|switch|p1b: hell yeah|Ferrothorn, M|100\/100|[from] U-turn\n|move|p2b: Gardevoir|Calm Mind|p2b: Gardevoir\n|-boost|p2b: Gardevoir|spa|1\n|-boost|p2b: Gardevoir|spd|1\n|move|p1a: What could've been|Hex|p2b: Gardevoir\n|-supereffective|p2b: Gardevoir\n|-damage|p2b: Gardevoir|25\/100\n|move|p2a: Aggron|Head Smash|p1b: hell yeah|[miss]\n|-miss|p2a: Aggron|p1b: hell yeah\n|\n|upkeep\n|turn|2\n|\n|t:|1696774156\n|move|p2b: Gardevoir|Aura Sphere|p1b: hell yeah\n|-supereffective|p1b: hell yeah\n|-damage|p1b: hell yeah|27\/100\n|-damage|p2b: Gardevoir|15\/100|[from] item: Life Orb\n|move|p1a: What could've been|Hex|p2b: Gardevoir\n|-supereffective|p2b: Gardevoir\n|-crit|p2b: Gardevoir\n|-damage|p2b: Gardevoir|0 fnt\n|faint|p2b: Gardevoir\n|move|p2a: Aggron|Stealth Rock|p1a: What could've been\n|-sidestart|p1: Gumbus wumbus|move: Stealth Rock\n|move|p1b: hell yeah|Stealth Rock|p2a: Aggron\n|-sidestart|p2: cediedesu|move: Stealth Rock\n|\n|upkeep\n|\n|t:|1696774172\n|switch|p2b: Conkeldurr|Conkeldurr, M|100\/100\n|-damage|p2b: Conkeldurr|94\/100|[from] Stealth Rock\n|turn|3\n|\n|t:|1696774182\n|move|p1a: What could've been|Protect|p1a: What could've been\n|-singleturn|p1a: What could've been|Protect\n|move|p2b: Conkeldurr|Protect|p2b: Conkeldurr\n|-singleturn|p2b: Conkeldurr|Protect\n|move|p1b: hell yeah|Protect|p1b: hell yeah\n|-singleturn|p1b: hell yeah|Protect\n|move|p2a: Aggron|Body Press|p1b: hell yeah\n|-activate|p1b: hell yeah|move: Protect\n|\n|-status|p2b: Conkeldurr|tox|[from] item: Toxic Orb\n|upkeep\n|turn|4\n|inactive|Gumbus wumbus has 270 seconds left.\n|\n|t:|1696774223\n|-terastallize|p1a: What could've been|Water\n|move|p1a: What could've been|Hex|p2b: Conkeldurr\n|-damage|p2b: Conkeldurr|52\/100 tox\n|move|p2a: Aggron|Iron Head|p1a: What could've been\n|-resisted|p1a: What could've been\n|-damage|p1a: What could've been|88\/100\n|move|p2b: Conkeldurr|Drain Punch|p1b: hell yeah\n|-supereffective|p1b: hell yeah\n|-damage|p1b: hell yeah|0 fnt\n|-heal|p2b: Conkeldurr|64\/100 tox|[from] drain|[of] p1b: hell yeah\n|-damage|p2b: Conkeldurr|52\/100 tox|[from] ability: Iron Barbs|[of] p1b: hell yeah\n|-damage|p2b: Conkeldurr|35\/100 tox|[from] item: Rocky Helmet|[of] p1b: hell yeah\n|faint|p1b: hell yeah\n|\n|-damage|p2b: Conkeldurr|29\/100 tox|[from] psn\n|upkeep\n|\n|t:|1696774242\n|switch|p1b: Meta|Gothitelle, F|100\/100\n|-damage|p1b: Meta|88\/100|[from] Stealth Rock\n|turn|5\n|inactive|Gumbus wumbus has 270 seconds left.\n|l|\u2606Gumbus wumbus\n|inactive|Gumbus wumbus disconnected and has 300 seconds to reconnect!\n|player|p1|\n|inactive|Gumbus wumbus has 270 seconds to reconnect!\n|inactive|cediedesu has 270 seconds left.\n|j|\u2606Gumbus wumbus\n|inactive|Gumbus wumbus reconnected and has 270 seconds left.\n|player|p1|Gumbus wumbus|clown\n|\n|t:|1696774299\n|move|p1b: Meta|Trick|p2a: Aggron\n|-activate|p1b: Meta|move: Trick|[of] p2a: Aggron\n|-item|p2a: Aggron|Black Sludge|[from] move: Trick\n|-item|p1b: Meta|Rocky Helmet|[from] move: Trick\n|move|p1a: What could've been|Hex|p2b: Conkeldurr\n|-damage|p2b: Conkeldurr|0 fnt\n|faint|p2b: Conkeldurr\n|move|p2a: Aggron|Iron Head|p1a: What could've been\n|-resisted|p1a: What could've been\n|-damage|p1a: What could've been|75\/100\n|\n|-damage|p2a: Aggron|88\/100|[from] item: Black Sludge\n|upkeep\n|\n|t:|1696774319\n|switch|p2b: Kingambit|Kingambit, M|100\/100\n|-damage|p2b: Kingambit|94\/100|[from] Stealth Rock\n|-activate|p2b: Kingambit|ability: Supreme Overlord\n|-start|p2b: Kingambit|fallen2|[silent]\n|turn|6\n|inactive|cediedesu has 270 seconds left.\n|\n|t:|1696774337\n|move|p1b: Meta|Protect|p1b: Meta\n|-singleturn|p1b: Meta|Protect\n|move|p1a: What could've been|Protect|p1a: What could've been\n|-singleturn|p1a: What could've been|Protect\n|move|p2a: Aggron|Head Smash|p1a: What could've been\n|-activate|p1a: What could've been|move: Protect\n|move|p2b: Kingambit|Kowtow Cleave|p1b: Meta\n|-activate|p1b: Meta|move: Protect\n|\n|-damage|p2a: Aggron|76\/100|[from] item: Black Sludge\n|upkeep\n|turn|7\n|inactive|cediedesu has 270 seconds left.\n|inactive|Gumbus wumbus has 270 seconds left.\n|\n|t:|1696774373\n|switch|p1b: iwantthisokau|Audino, M, shiny|100\/100\n|-damage|p1b: iwantthisokau|88\/100|[from] Stealth Rock\n|move|p1a: What could've been|Scald|p2a: Aggron\n|-supereffective|p2a: Aggron\n|-damage|p2a: Aggron|0 fnt\n|faint|p2a: Aggron\n|move|p2b: Kingambit|Kowtow Cleave|p1a: What could've been\n|-damage|p1a: What could've been|27\/100\n|\n|upkeep\n|inactive|cediedesu has 270 seconds left.\n|\n|t:|1696774385\n|switch|p2a: Corviknight|Corviknight, M|100\/100\n|-damage|p2a: Corviknight|88\/100|[from] Stealth Rock\n|-ability|p2a: Corviknight|Pressure\n|turn|8\n|inactive|Gumbus wumbus has 270 seconds left.\n|\n|t:|1696774416\n|detailschange|p1b: iwantthisokau|Audino-Mega, M, shiny\n|-mega|p1b: iwantthisokau|Audino|Audinite\n|move|p1a: What could've been|Protect|p1a: What could've been\n|-singleturn|p1a: What could've been|Protect\n|move|p2a: Corviknight|Body Press|p1b: iwantthisokau\n|-damage|p1b: iwantthisokau|74\/100\n|move|p2b: Kingambit|Kowtow Cleave|p1a: What could've been\n|-activate|p1a: What could've been|move: Protect\n|move|p1b: iwantthisokau|Encore|p2b: Kingambit\n|-start|p2b: Kingambit|Encore\n|\n|-heal|p2a: Corviknight|94\/100|[from] item: Leftovers\n|upkeep\n|turn|9\n|inactive|Gumbus wumbus has 270 seconds left.\n|\n|t:|1696774449\n|move|p2a: Corviknight|Defog|p1b: iwantthisokau\n|-unboost|p1b: iwantthisokau|evasion|1\n|-sideend|p1: Gumbus wumbus|Stealth Rock|[from] move: Defog|[of] p2a: Corviknight\n|-sideend|p2: cediedesu|Stealth Rock|[from] move: Defog|[of] p2a: Corviknight\n|move|p1a: What could've been|Ice Beam|p2a: Corviknight\n|-damage|p2a: Corviknight|76\/100\n|move|p2b: Kingambit|Kowtow Cleave|p1a: What could've been\n|-damage|p1a: What could've been|0 fnt\n|faint|p1a: What could've been\n|move|p1b: iwantthisokau|Drain Punch|p2b: Kingambit\n|-supereffective|p2b: Kingambit\n|-damage|p2b: Kingambit|62\/100\n|-heal|p1b: iwantthisokau|90\/100|[from] drain|[of] p2b: Kingambit\n|\n|-heal|p2a: Corviknight|82\/100|[from] item: Leftovers\n|upkeep\n|\n|t:|1696774467\n|switch|p1a: lightning|Archeops, F|100\/100\n|turn|10\n|inactive|Gumbus wumbus has 270 seconds left.\n|\n|t:|1696774477\n|move|p1a: lightning|U-turn|p2b: Kingambit\n|-damage|p2b: Kingambit|41\/100\n|\n|t:|1696774481\n|switch|p1a: The guy|Garchomp, F, shiny|100\/100|[from] U-turn\n|move|p2a: Corviknight|Body Press|p1a: The guy\n|-damage|p1a: The guy|76\/100\n|-damage|p2a: Corviknight|70\/100|[from] ability: Rough Skin|[of] p1a: The guy\n|move|p2b: Kingambit|Kowtow Cleave|p1a: The guy\n|-damage|p1a: The guy|12\/100\n|-damage|p2b: Kingambit|29\/100|[from] ability: Rough Skin|[of] p1a: The guy\n|move|p1b: iwantthisokau|Drain Punch|p2b: Kingambit\n|-supereffective|p2b: Kingambit\n|-damage|p2b: Kingambit|0 fnt\n|-heal|p1b: iwantthisokau|100\/100|[from] drain|[of] p2b: Kingambit\n|faint|p2b: Kingambit\n|-end|p2b: Kingambit|fallen2|[silent]\n|\n|-heal|p2a: Corviknight|76\/100|[from] item: Leftovers\n|upkeep\n|\n|t:|1696774501\n|switch|p2b: Swampert|Swampert, F|100\/100\n|turn|11\n|\n|t:|1696774526\n|detailschange|p2b: Swampert|Swampert-Mega, F\n|-mega|p2b: Swampert|Swampert|Swampertite\n|move|p1a: The guy|Iron Head|p2b: Swampert\n|-resisted|p2b: Swampert\n|-damage|p2b: Swampert|85\/100\n|-damage|p1a: The guy|2\/100|[from] item: Life Orb\n|cant|p2b: Swampert|flinch\n|move|p2a: Corviknight|Brave Bird|p1b: iwantthisokau\n|-damage|p1b: iwantthisokau|78\/100\n|-damage|p2a: Corviknight|68\/100|[from] Recoil\n|move|p1b: iwantthisokau|Encore|p2a: Corviknight\n|-start|p2a: Corviknight|Encore\n|\n|-heal|p2a: Corviknight|74\/100|[from] item: Leftovers\n|upkeep\n|turn|12\n|l|\u2606Gumbus wumbus\n|inactive|Gumbus wumbus disconnected and has 255 seconds to reconnect!\n|player|p1|\n|inactive|Gumbus wumbus has 240 seconds to reconnect!\n|j|\u2606Gumbus wumbus\n|inactive|Gumbus wumbus reconnected and has 280 seconds left.\n|player|p1|Gumbus wumbus|clown\n|\n|t:|1696774565\n|move|p1b: iwantthisokau|Protect|p1b: iwantthisokau\n|-singleturn|p1b: iwantthisokau|Protect\n|move|p1a: The guy|Dragon Claw|p2b: Swampert\n|-damage|p2b: Swampert|40\/100\n|-damage|p1a: The guy|0 fnt|[from] item: Life Orb\n|faint|p1a: The guy\n|move|p2b: Swampert|Earthquake|p1b: iwantthisokau|[spread] \n|-activate|p1b: iwantthisokau|move: Protect\n|-immune|p2a: Corviknight\n|move|p2a: Corviknight|Brave Bird|p1b: iwantthisokau\n|-activate|p1b: iwantthisokau|move: Protect\n|\n|-heal|p2a: Corviknight|80\/100|[from] item: Leftovers\n|upkeep\n|inactive|Gumbus wumbus has 270 seconds left.\n|\n|t:|1696774591\n|switch|p1a: Meta|Gothitelle, F|88\/100\n|turn|13\n|inactive|Gumbus wumbus has 270 seconds left.\n|\n|t:|1696774613\n|move|p1a: Meta|Trick|p2a: Corviknight\n|-activate|p1a: Meta|move: Trick|[of] p2a: Corviknight\n|-item|p2a: Corviknight|Rocky Helmet|[from] move: Trick\n|-item|p1a: Meta|Leftovers|[from] move: Trick\n|move|p2b: Swampert|Earthquake|p1a: Meta|[spread] p1a,p1b\n|-immune|p2a: Corviknight\n|-damage|p1a: Meta|41\/100\n|-damage|p1b: iwantthisokau|51\/100\n|move|p2a: Corviknight|Brave Bird|p1a: Meta\n|-damage|p1a: Meta|3\/100\n|-damage|p2a: Corviknight|70\/100|[from] Recoil\n|move|p1b: iwantthisokau|Heal Pulse|p1a: Meta\n|-heal|p1a: Meta|53\/100\n|\n|-heal|p1a: Meta|59\/100|[from] item: Leftovers\n|upkeep\n|turn|14\n|\n|t:|1696774632\n|move|p1a: Meta|Protect|p1a: Meta\n|-singleturn|p1a: Meta|Protect\n|move|p1b: iwantthisokau|Protect|p1b: iwantthisokau\n|-singleturn|p1b: iwantthisokau|Protect\n|move|p2b: Swampert|Earthquake|p1b: iwantthisokau|[spread] \n|-activate|p1a: Meta|move: Protect\n|-activate|p1b: iwantthisokau|move: Protect\n|-immune|p2a: Corviknight\n|move|p2a: Corviknight|Brave Bird|p1a: Meta\n|-activate|p1a: Meta|move: Protect\n|\n|-heal|p1a: Meta|65\/100|[from] item: Leftovers\n|-end|p2a: Corviknight|Encore\n|upkeep\n|turn|15\n|\n|t:|1696774658\n|move|p1a: Meta|Expanding Force|p2b: Swampert\n|-damage|p2b: Swampert|18\/100\n|move|p2b: Swampert|Earthquake|p1a: Meta|[spread] p1a,p1b\n|-immune|p2a: Corviknight\n|-damage|p1a: Meta|18\/100\n|-damage|p1b: iwantthisokau|24\/100\n|move|p2a: Corviknight|Body Press|p1b: iwantthisokau\n|-damage|p1b: iwantthisokau|10\/100\n|move|p1b: iwantthisokau|Encore|p2a: Corviknight\n|-start|p2a: Corviknight|Encore\n|\n|-heal|p1a: Meta|24\/100|[from] item: Leftovers\n|upkeep\n|turn|16\n|inactive|Gumbus wumbus has 270 seconds left.\n|inactive|Gumbus wumbus has 240 seconds left.\n|\n|t:|1696774747\n|move|p1a: Meta|Protect|p1a: Meta\n|-singleturn|p1a: Meta|Protect\n|move|p1b: iwantthisokau|Protect|p1b: iwantthisokau\n|-singleturn|p1b: iwantthisokau|Protect\n|move|p2b: Swampert|Earthquake|p1b: iwantthisokau|[spread] \n|-activate|p1a: Meta|move: Protect\n|-activate|p1b: iwantthisokau|move: Protect\n|-immune|p2a: Corviknight\n|move|p2a: Corviknight|Body Press|p1a: Meta\n|-activate|p1a: Meta|move: Protect\n|\n|-heal|p1a: Meta|30\/100|[from] item: Leftovers\n|upkeep\n|turn|17\n|\n|t:|1696774771\n|move|p1a: Meta|Expanding Force|p2b: Swampert\n|-damage|p2b: Swampert|0 fnt\n|faint|p2b: Swampert\n|move|p2a: Corviknight|Body Press|p1a: Meta\n|-resisted|p1a: Meta\n|-damage|p1a: Meta|16\/100\n|move|p1b: iwantthisokau|Drain Punch|p2a: Corviknight\n|-damage|p2a: Corviknight|63\/100\n|-heal|p1b: iwantthisokau|14\/100|[from] drain|[of] p2a: Corviknight\n|-damage|p1b: iwantthisokau|0 fnt|[from] item: Rocky Helmet|[of] p2a: Corviknight\n|faint|p1b: iwantthisokau\n|\n|-heal|p1a: Meta|22\/100|[from] item: Leftovers\n|upkeep\n|inactive|Gumbus wumbus has 210 seconds left.\n|\n|t:|1696774786\n|switch|p1b: lightning|Archeops, F|100\/100\n|turn|18\n|\n|t:|1696774793\n|move|p1b: lightning|Rock Slide|p2a: Corviknight\n|-crit|p2a: Corviknight\n|-damage|p2a: Corviknight|22\/100\n|move|p1a: Meta|Expanding Force|p2a: Corviknight\n|-resisted|p2a: Corviknight\n|-damage|p2a: Corviknight|8\/100\n|move|p2a: Corviknight|Body Press|p1a: Meta\n|-resisted|p1a: Meta\n|-damage|p1a: Meta|9\/100\n|\n|-heal|p1a: Meta|15\/100|[from] item: Leftovers\n|-end|p2a: Corviknight|Encore\n|upkeep\n|turn|19\n|\n|t:|1696774810\n|-terastallize|p2a: Corviknight|Steel\n|move|p1b: lightning|Rock Slide|p2a: Corviknight\n|-resisted|p2a: Corviknight\n|-damage|p2a: Corviknight|0 fnt\n|faint|p2a: Corviknight\n|\n|win|Gumbus wumbus\n","uploadtime":1696774819,"views":10,"p1id":"gumbuswumbus","p2id":"cediedesu","formatid":"gen9nationaldexdoubles","rating":0,"private":0,"password":""}