{"id":"gen9nationaldexdoubles-1993748306","p1":"among is not sus","p2":"El Ryuk456","format":"[Gen 9] National Dex Doubles","log":"|j|\u2606among is not sus\n|j|\u2606El Ryuk456\n|t:|1700352567\n|gametype|doubles\n|player|p1|among is not sus|richboy-gen4|1140\n|player|p2|El Ryuk456|ingo|1247\n|teamsize|p1|6\n|teamsize|p2|6\n|gen|9\n|tier|[Gen 9] National Dex Doubles\n|rated|\n|rule|HP Percentage Mod: HP is shown in percentages\n|rule|Endless Battle Clause: Forcing endless battles is banned\n|rule|OHKO Clause: OHKO moves are banned\n|rule|Evasion Moves Clause: Evasion moves are banned\n|rule|Evasion Abilities Clause: Evasion abilities are banned\n|rule|Species Clause: Limit one of each Pok\u00e9mon\n|rule|Gravity Sleep Clause: The combination of sleep-inducing moves with imperfect accuracy and Gravity or Gigantamax Orbeetle are banned\n|clearpoke\n|poke|p1|Froslass, F|\n|poke|p1|Flutter Mane|\n|poke|p1|Chi-Yu|\n|poke|p1|Urshifu-*, F|\n|poke|p1|Grimmsnarl, M|\n|poke|p1|Cresselia, F|\n|poke|p2|Tornadus, M|\n|poke|p2|Shiftry, M|\n|poke|p2|Samurott-Hisui, M|\n|poke|p2|Sneasler, M|\n|poke|p2|Talonflame, M|\n|poke|p2|Kingambit, M|\n|teampreview\n|inactive|Battle timer is ON: inactive players will automatically lose when time's up. (requested by among is not sus)\n|\n|t:|1700352585\n|start\n|switch|p1a: Froslass|Froslass, F|100\/100\n|switch|p1b: Grimmsnarl|Grimmsnarl, M|100\/100\n|switch|p2a: Sneasler|Sneasler, M|100\/100\n|switch|p2b: Samurott|Samurott-Hisui, M|100\/100\n|turn|1\n|\n|t:|1700352602\n|move|p2a: Sneasler|Fake Out|p1b: Grimmsnarl\n|-damage|p1b: Grimmsnarl|87\/100\n|cant|p1b: Grimmsnarl|flinch\n|move|p1a: Froslass|Trick|p2a: Sneasler\n|-activate|p1a: Froslass|move: Trick|[of] p2a: Sneasler\n|-item|p2a: Sneasler|Choice Scarf|[from] move: Trick\n|-item|p1a: Froslass|King's Rock|[from] move: Trick\n|move|p2b: Samurott|Ceaseless Edge|p1a: Froslass\n|-supereffective|p1a: Froslass\n|-damage|p1a: Froslass|0 fnt\n|-sidestart|p1: among is not sus|Spikes\n|faint|p1a: Froslass\n|\n|upkeep\n|\n|t:|1700352615\n|switch|p1a: Cresselia|Cresselia, F|100\/100\n|turn|2\n|\n|t:|1700352628\n|move|p1a: Cresselia|Protect|p1a: Cresselia\n|-singleturn|p1a: Cresselia|Protect\n|move|p1b: Grimmsnarl|Parting Shot|p2a: Sneasler\n|-unboost|p2a: Sneasler|atk|1\n|-unboost|p2a: Sneasler|spa|1\n|\n|t:|1700352632\n|switch|p1b: Urshifu|Urshifu-Rapid-Strike, F|100\/100|[from] Parting Shot\n|-damage|p1b: Urshifu|88\/100|[from] Spikes\n|move|p2a: Sneasler|Fling|p1a: Cresselia\n|-activate|p1a: Cresselia|move: Protect\n|-enditem|p2a: Sneasler|Choice Scarf|[from] move: Fling\n|move|p2b: Samurott|Ceaseless Edge|p1a: Cresselia\n|-activate|p1a: Cresselia|move: Protect\n|\n|upkeep\n|turn|3\n|\n|t:|1700352649\n|-terastallize|p2b: Samurott|Fairy\n|-terastallize|p1a: Cresselia|Dark\n|move|p2a: Sneasler|Fling||[still]\n|-fail|p2a: Sneasler\n|move|p1b: Urshifu|Surging Strikes|p2a: Sneasler\n|-crit|p2a: Sneasler\n|-damage|p2a: Sneasler|65\/100\n|-crit|p2a: Sneasler\n|-damage|p2a: Sneasler|25\/100\n|-crit|p2a: Sneasler\n|-damage|p2a: Sneasler|0 fnt\n|faint|p2a: Sneasler\n|-hitcount|p2: Sneasler|3\n|move|p2b: Samurott|Ceaseless Edge|p1a: Cresselia\n|-resisted|p1a: Cresselia\n|-damage|p1a: Cresselia|84\/100\n|-sidestart|p1: among is not sus|Spikes\n|move|p1a: Cresselia|Thunder Wave|p2b: Samurott\n|-status|p2b: Samurott|par\n|\n|-heal|p1a: Cresselia|90\/100|[from] item: Leftovers\n|upkeep\n|\n|t:|1700352666\n|switch|p2a: Tornadus|Tornadus, M|100\/100\n|turn|4\n|\n|t:|1700352677\n|move|p1b: Urshifu|Protect|p1b: Urshifu\n|-singleturn|p1b: Urshifu|Protect\n|move|p2a: Tornadus|Tailwind|p2a: Tornadus\n|-sidestart|p2: El Ryuk456|move: Tailwind\n|move|p2b: Samurott|Aqua Cutter|p1a: Cresselia\n|-damage|p1a: Cresselia|57\/100\n|move|p1a: Cresselia|Thunder Wave|p2a: Tornadus\n|-status|p2a: Tornadus|par\n|\n|-heal|p1a: Cresselia|63\/100|[from] item: Leftovers\n|upkeep\n|turn|5\n|\n|t:|1700352689\n|cant|p2a: Tornadus|par\n|move|p1b: Urshifu|Surging Strikes|p2a: Tornadus\n|-crit|p2a: Tornadus\n|-damage|p2a: Tornadus|67\/100 par\n|-crit|p2a: Tornadus\n|-damage|p2a: Tornadus|36\/100 par\n|-crit|p2a: Tornadus\n|-damage|p2a: Tornadus|4\/100 par\n|-hitcount|p2a: Tornadus|3\n|move|p2b: Samurott|Sacred Sword|p1a: Cresselia\n|-supereffective|p1a: Cresselia\n|-damage|p1a: Cresselia|0 fnt\n|faint|p1a: Cresselia\n|\n|upkeep\n|\n|t:|1700352698\n|switch|p1a: Grimmsnarl|Grimmsnarl, M|87\/100\n|-damage|p1a: Grimmsnarl|70\/100|[from] Spikes\n|turn|6\n|\n|t:|1700352707\n|move|p1a: Grimmsnarl|Fake Out|p2a: Tornadus\n|-damage|p2a: Tornadus|0 fnt\n|faint|p2a: Tornadus\n|move|p1b: Urshifu|Surging Strikes|p2b: Samurott\n|-crit|p2b: Samurott\n|-damage|p2b: Samurott|74\/100 par\n|-crit|p2b: Samurott\n|-damage|p2b: Samurott|46\/100 par\n|-crit|p2b: Samurott\n|-damage|p2b: Samurott|18\/100 par\n|-hitcount|p2b: Samurott|3\n|move|p2b: Samurott|Aqua Cutter|p1a: Grimmsnarl\n|-damage|p1a: Grimmsnarl|22\/100\n|-enditem|p1a: Grimmsnarl|Sitrus Berry|[eat]\n|-heal|p1a: Grimmsnarl|47\/100|[from] item: Sitrus Berry\n|\n|upkeep\n|\n|t:|1700352722\n|switch|p2a: Shiftry|Shiftry, M|100\/100\n|-ability|p2a: Shiftry|Wind Rider|boost\n|-boost|p2a: Shiftry|atk|1\n|turn|7\n|\n|t:|1700352733\n|switch|p1a: Flutter Mane|Flutter Mane|100\/100\n|-damage|p1a: Flutter Mane|84\/100|[from] Spikes\n|-enditem|p1a: Flutter Mane|Booster Energy\n|-activate|p1a: Flutter Mane|ability: Protosynthesis|[fromitem]\n|-start|p1a: Flutter Mane|protosynthesisspe\n|move|p2a: Shiftry|Fake Out|p1b: Urshifu\n|-damage|p1b: Urshifu|73\/100\n|cant|p1b: Urshifu|flinch\n|move|p2b: Samurott|Ceaseless Edge|p1b: Urshifu\n|-resisted|p1b: Urshifu\n|-damage|p1b: Urshifu|54\/100\n|-sidestart|p1: among is not sus|Spikes\n|\n|-sideend|p2: El Ryuk456|move: Tailwind\n|upkeep\n|turn|8\n|\n|t:|1700352748\n|move|p2a: Shiftry|Protect|p2a: Shiftry\n|-singleturn|p2a: Shiftry|Protect\n|move|p1b: Urshifu|Aqua Jet|p2b: Samurott\n|-damage|p2b: Samurott|0 fnt\n|faint|p2b: Samurott\n|move|p1a: Flutter Mane|Moonblast|p2a: Shiftry\n|-activate|p2a: Shiftry|move: Protect\n|\n|upkeep\n|\n|t:|1700352756\n|switch|p2b: Talonflame|Talonflame, M|100\/100\n|turn|9\n|\n|t:|1700352768\n|move|p2b: Talonflame|Tailwind|p2b: Talonflame\n|-sidestart|p2: El Ryuk456|move: Tailwind\n|-ability|p2a: Shiftry|Wind Rider|boost\n|-boost|p2a: Shiftry|atk|1\n|move|p1b: Urshifu|Aqua Jet|p2b: Talonflame\n|-supereffective|p2b: Talonflame\n|-damage|p2b: Talonflame|35\/100\n|move|p1a: Flutter Mane|Shadow Ball|p2b: Talonflame\n|-damage|p2b: Talonflame|0 fnt\n|faint|p2b: Talonflame\n|move|p2a: Shiftry|Leaf Blade|p1b: Urshifu\n|-supereffective|p1b: Urshifu\n|-crit|p1b: Urshifu\n|-damage|p1b: Urshifu|0 fnt\n|faint|p1b: Urshifu\n|\n|upkeep\n|\n|t:|1700352779\n|switch|p2b: Kingambit|Kingambit, M|100\/100\n|switch|p1b: Grimmsnarl|Grimmsnarl, M|47\/100\n|-damage|p1b: Grimmsnarl|22\/100|[from] Spikes\n|turn|10\n|\n|t:|1700352797\n|move|p1b: Grimmsnarl|Fake Out|p2b: Kingambit\n|-resisted|p2b: Kingambit\n|-damage|p2b: Kingambit|97\/100\n|move|p1a: Flutter Mane|Moonblast|p2a: Shiftry\n|-supereffective|p2a: Shiftry\n|-enditem|p2a: Shiftry|Focus Sash\n|-damage|p2a: Shiftry|1\/100\n|move|p2a: Shiftry|Leaf Blade|p1b: Grimmsnarl\n|-damage|p1b: Grimmsnarl|0 fnt\n|faint|p1b: Grimmsnarl\n|cant|p2b: Kingambit|flinch\n|\n|upkeep\n|\n|t:|1700352803\n|switch|p1b: Chi-Yu|Chi-Yu|100\/100\n|-damage|p1b: Chi-Yu|75\/100|[from] Spikes\n|-ability|p1b: Chi-Yu|Beads of Ruin\n|turn|11\n|\n|t:|1700352815\n|move|p1a: Flutter Mane|Protect|p1a: Flutter Mane\n|-singleturn|p1a: Flutter Mane|Protect\n|move|p2b: Kingambit|Sucker Punch||[still]\n|-fail|p2b: Kingambit\n|move|p2a: Shiftry|Knock Off|p1b: Chi-Yu\n|-resisted|p1b: Chi-Yu\n|-damage|p1b: Chi-Yu|9\/100\n|-enditem|p1b: Chi-Yu|Focus Sash|[from] move: Knock Off|[of] p2a: Shiftry\n|move|p1b: Chi-Yu|Flamethrower|p2b: Kingambit\n|-supereffective|p2b: Kingambit\n|-damage|p2b: Kingambit|28\/100\n|\n|upkeep\n|turn|12\n|\n|t:|1700352835\n|move|p2b: Kingambit|Sucker Punch|p1b: Chi-Yu\n|-resisted|p1b: Chi-Yu\n|-damage|p1b: Chi-Yu|0 fnt\n|faint|p1b: Chi-Yu\n|move|p1a: Flutter Mane|Icy Wind|p2b: Kingambit|[spread] p2b\n|-ability|p2a: Shiftry|Wind Rider|boost\n|-boost|p2a: Shiftry|atk|1\n|-resisted|p2b: Kingambit\n|-damage|p2b: Kingambit|25\/100\n|-unboost|p2b: Kingambit|spe|1\n|-ability|p2b: Kingambit|Defiant|boost\n|-boost|p2b: Kingambit|atk|2\n|move|p2a: Shiftry|Leaf Blade|p1a: Flutter Mane\n|-damage|p1a: Flutter Mane|0 fnt\n|faint|p1a: Flutter Mane\n|-end|p1a: Flutter Mane|Protosynthesis|[silent]\n|\n|win|El Ryuk456\n|raw|among is not sus's rating: 1140 &rarr; <strong>1122<\/strong><br \/>(-18 for losing)\n|raw|El Ryuk456's rating: 1247 &rarr; <strong>1265<\/strong><br \/>(+18 for winning)\n|l|\u2606among is not sus\n","uploadtime":1700352849,"views":10,"p1id":"amongisnotsus","p2id":"elryuk456","formatid":"gen9nationaldexdoubles","rating":1122,"private":0,"password":""}