{"id":"gen9nationaldexdoubles-1994538462","p1":"wammer18","p2":"Eliminathan","format":"[Gen 9] National Dex Doubles","log":"|j|\u2606wammer18\n|j|\u2606Eliminathan\n|t:|1700456447\n|gametype|doubles\n|player|p1|wammer18|266|\n|player|p2|Eliminathan|schoolkid-gen4|\n|teamsize|p1|6\n|teamsize|p2|6\n|gen|9\n|tier|[Gen 9] National Dex Doubles\n|rule|HP Percentage Mod: HP is shown in percentages\n|rule|Endless Battle Clause: Forcing endless battles is banned\n|rule|OHKO Clause: OHKO moves are banned\n|rule|Evasion Moves Clause: Evasion moves are banned\n|rule|Evasion Abilities Clause: Evasion abilities are banned\n|rule|Species Clause: Limit one of each Pok\u00e9mon\n|rule|Gravity Sleep Clause: The combination of sleep-inducing moves with imperfect accuracy and Gravity or Gigantamax Orbeetle are banned\n|clearpoke\n|poke|p1|Charizard, F|\n|poke|p1|Chi-Yu|\n|poke|p1|Tornadus, M|\n|poke|p1|Tapu Fini|\n|poke|p1|Kingambit, F|\n|poke|p1|Ogerpon-Wellspring, F|\n|poke|p2|Zygarde|\n|poke|p2|Zamazenta-*|\n|poke|p2|Jirachi|\n|poke|p2|Kangaskhan, F|\n|poke|p2|Glimmora, F|\n|poke|p2|Iron Hands|\n|teampreview\n|\n|t:|1700456470\n|start\n|switch|p1a: Charizard|Charizard, F|100\/100\n|switch|p1b: Tapu Fini|Tapu Fini|100\/100\n|switch|p2a: pointy|Glimmora, F|100\/100\n|switch|p2b: Watch out|Iron Hands|100\/100\n|-fieldstart|move: Misty Terrain|[from] ability: Misty Surge|[of] p1b: Tapu Fini\n|turn|1\n|\n|t:|1700456505\n|move|p1a: Charizard|Protect|p1a: Charizard\n|-singleturn|p1a: Charizard|Protect\n|move|p2b: Watch out|Fake Out|p1a: Charizard\n|-activate|p1a: Charizard|move: Protect\n|move|p2a: pointy|Stealth Rock|p1a: Charizard\n|-sidestart|p1: wammer18|move: Stealth Rock\n|move|p1b: Tapu Fini|Muddy Water|p2a: pointy|[spread] p2a,p2b\n|-supereffective|p2a: pointy\n|-damage|p2a: pointy|23\/100\n|-damage|p2b: Watch out|89\/100\n|\n|upkeep\n|turn|2\n|\n|t:|1700456531\n|switch|p1b: Chi-Yu|Chi-Yu|100\/100\n|-damage|p1b: Chi-Yu|75\/100|[from] Stealth Rock\n|-ability|p1b: Chi-Yu|Beads of Ruin\n|detailschange|p1a: Charizard|Charizard-Mega-Y, F\n|-mega|p1a: Charizard|Charizard|Charizardite Y\n|-weather|SunnyDay|[from] ability: Drought|[of] p1a: Charizard\n|move|p2a: pointy|Power Gem|p1a: Charizard\n|-supereffective|p1a: Charizard\n|-damage|p1a: Charizard|0 fnt\n|faint|p1a: Charizard\n|move|p2b: Watch out|Wild Charge|p1b: Chi-Yu\n|-damage|p1b: Chi-Yu|3\/100\n|-damage|p2b: Watch out|79\/100|[from] Recoil\n|\n|-weather|SunnyDay|[upkeep]\n|upkeep\n|\n|t:|1700456548\n|switch|p1a: Tornadus|Tornadus, M|100\/100\n|-damage|p1a: Tornadus|76\/100|[from] Stealth Rock\n|turn|3\n|\n|t:|1700456563\n|-end|p2b: Watch out|Quark Drive|[silent]\n|switch|p2b: FIX THE PROBLEM!|Jirachi|100\/100\n|move|p1a: Tornadus|Tailwind|p1a: Tornadus\n|-sidestart|p1: wammer18|move: Tailwind\n|move|p1b: Chi-Yu|Heat Wave|p2a: pointy|[spread] p2a,p2b\n|-resisted|p2a: pointy\n|-supereffective|p2b: FIX THE PROBLEM!\n|-damage|p2a: pointy|0 fnt\n|-damage|p2b: FIX THE PROBLEM!|0 fnt\n|faint|p2a: pointy\n|faint|p2b: FIX THE PROBLEM!\n|\n|-weather|SunnyDay|[upkeep]\n|upkeep\n|\n|t:|1700456604\n|switch|p2a: Ginkle|Zygarde|100\/100\n|switch|p2b: Spanky|Zamazenta|100\/100\n|-ability|p2b: Spanky|Dauntless Shield|boost\n|-boost|p2b: Spanky|def|1\n|-ability|p2a: Ginkle|Aura Break\n|turn|4\n|\n|t:|1700456613\n|-terastallize|p1b: Chi-Yu|Ghost\n|move|p2b: Spanky|Wide Guard|p2b: Spanky\n|-singleturn|p2b: Spanky|Wide Guard\n|move|p1a: Tornadus|Bleakwind Storm|p2b: Spanky|[spread] \n|-activate|p2a: Ginkle|move: Wide Guard\n|-activate|p2b: Spanky|move: Wide Guard\n|move|p1b: Chi-Yu|Heat Wave|p2b: Spanky|[spread] \n|-activate|p2a: Ginkle|move: Wide Guard\n|-activate|p2b: Spanky|move: Wide Guard\n|move|p2a: Ginkle|Dragon Dance|p2a: Ginkle\n|-boost|p2a: Ginkle|atk|1\n|-boost|p2a: Ginkle|spe|1\n|\n|-weather|SunnyDay|[upkeep]\n|upkeep\n|turn|5\n|\n|t:|1700456670\n|switch|p1b: Tapu Fini|Tapu Fini|100\/100\n|-damage|p1b: Tapu Fini|88\/100|[from] Stealth Rock\n|move|p2b: Spanky|Wide Guard|p2b: Spanky\n|-singleturn|p2b: Spanky|Wide Guard\n|move|p1a: Tornadus|Taunt|p2b: Spanky\n|-start|p2b: Spanky|move: Taunt\n|move|p2a: Ginkle|Thousand Arrows|p1a: Tornadus|[spread] p1a,p1b\n|-damage|p1a: Tornadus|17\/100\n|-damage|p1b: Tapu Fini|53\/100\n|-start|p1a: Tornadus|Smack Down\n|\n|-weather|SunnyDay|[upkeep]\n|-fieldend|Misty Terrain\n|upkeep\n|turn|6\n|\n|t:|1700456691\n|move|p2a: Ginkle|Protect|p2a: Ginkle\n|-singleturn|p2a: Ginkle|Protect\n|move|p1a: Tornadus|Taunt|p2a: Ginkle\n|-activate|p2a: Ginkle|move: Protect\n|move|p1b: Tapu Fini|Icy Wind|p2b: Spanky|[spread] p2b\n|-activate|p2a: Ginkle|move: Protect\n|-damage|p2b: Spanky|92\/100\n|-unboost|p2b: Spanky|spe|1\n|move|p2b: Spanky|Snarl|p1b: Tapu Fini|[spread] p1a,p1b\n|-resisted|p1b: Tapu Fini\n|-damage|p1a: Tornadus|8\/100\n|-damage|p1b: Tapu Fini|51\/100\n|-unboost|p1a: Tornadus|spa|1\n|-unboost|p1b: Tapu Fini|spa|1\n|\n|-weather|none\n|-sideend|p1: wammer18|move: Tailwind\n|upkeep\n|turn|7\n|\n|t:|1700456731\n|switch|p2b: Watch out|Iron Hands|79\/100\n|-terastallize|p2a: Ginkle|Fire\n|move|p2a: Ginkle|Extreme Speed|p1a: Tornadus\n|-damage|p1a: Tornadus|0 fnt\n|faint|p1a: Tornadus\n|move|p1b: Tapu Fini|Icy Wind|p2b: Watch out|[spread] p2a,p2b\n|-resisted|p2a: Ginkle\n|-damage|p2a: Ginkle|97\/100\n|-damage|p2b: Watch out|76\/100\n|-unboost|p2b: Watch out|spe|1\n|\n|upkeep\n|\n|t:|1700456744\n|switch|p1a: Ogerpon|Ogerpon-Wellspring, F|100\/100\n|-damage|p1a: Ogerpon|88\/100|[from] Stealth Rock\n|turn|8\n|\n|t:|1700456752\n|move|p2b: Watch out|Fake Out|p1a: Ogerpon\n|-damage|p1a: Ogerpon|74\/100\n|cant|p1a: Ogerpon|flinch\n|move|p2a: Ginkle|Dragon Dance|p2a: Ginkle\n|-boost|p2a: Ginkle|atk|1\n|-boost|p2a: Ginkle|spe|1\n|move|p1b: Tapu Fini|Muddy Water|p2a: Ginkle|[spread] p2a,p2b\n|-supereffective|p2a: Ginkle\n|-damage|p2a: Ginkle|59\/100\n|-damage|p2b: Watch out|67\/100\n|\n|upkeep\n|turn|9\n|\n|t:|1700456773\n|-end|p2b: Watch out|Quark Drive|[silent]\n|switch|p2b: momma|Kangaskhan, F|100\/100\n|move|p2a: Ginkle|Protect|p2a: Ginkle\n|-singleturn|p2a: Ginkle|Protect\n|move|p1a: Ogerpon|Follow Me|p1a: Ogerpon\n|-singleturn|p1a: Ogerpon|move: Follow Me\n|move|p1b: Tapu Fini|Muddy Water|p2a: Ginkle|[spread] p2b\n|-activate|p2a: Ginkle|move: Protect\n|-damage|p2b: momma|81\/100\n|\n|upkeep\n|turn|10\n|\n|t:|1700456789\n|detailschange|p2b: momma|Kangaskhan-Mega, F\n|-mega|p2b: momma|Kangaskhan|Kangaskhanite\n|move|p2b: momma|Fake Out|p1a: Ogerpon\n|-damage|p1a: Ogerpon|57\/100\n|-damage|p1a: Ogerpon|53\/100\n|-hitcount|p1a: Ogerpon|2\n|cant|p1a: Ogerpon|flinch\n|move|p2a: Ginkle|Thousand Arrows|p1b: Tapu Fini|[spread] p1a,p1b\n|-resisted|p1a: Ogerpon\n|-damage|p1a: Ogerpon|22\/100\n|-damage|p1b: Tapu Fini|5\/100\n|move|p1b: Tapu Fini|Muddy Water|p2b: momma|[spread] p2a,p2b\n|-supereffective|p2a: Ginkle\n|-damage|p2a: Ginkle|20\/100\n|-damage|p2b: momma|64\/100\n|\n|upkeep\n|turn|11\n|\n|t:|1700456819\n|move|p2a: Ginkle|Thousand Arrows|p1a: Ogerpon|[spread] p1a,p1b\n|-resisted|p1a: Ogerpon\n|-damage|p1a: Ogerpon|0 fnt\n|-damage|p1b: Tapu Fini|0 fnt\n|faint|p1a: Ogerpon\n|faint|p1b: Tapu Fini\n|move|p2b: momma|Seismic Toss|p1: Ogerpon|[notarget]\n|-fail|p2b: momma\n|\n|upkeep\n|\n|t:|1700456827\n|switch|p1a: Chi-Yu|Chi-Yu, tera:Ghost|3\/100\n|switch|p1b: Kingambit|Kingambit, F|100\/100\n|-damage|p1a: Chi-Yu|0 fnt|[from] Stealth Rock\n|faint|p1a: Chi-Yu\n|-damage|p1b: Kingambit|94\/100|[from] Stealth Rock\n|turn|12\n|\n|t:|1700456839\n|move|p2a: Ginkle|Protect|p2a: Ginkle\n|-singleturn|p2a: Ginkle|Protect\n|move|p1b: Kingambit|Sucker Punch||[still]\n|-fail|p1b: Kingambit\n|move|p2b: momma|Seismic Toss|p1b: Kingambit\n|-damage|p1b: Kingambit|70\/100\n|-damage|p1b: Kingambit|45\/100\n|-hitcount|p1b: Kingambit|2\n|\n|upkeep\n|turn|13\n|\n|t:|1700456850\n|move|p2a: Ginkle|Extreme Speed|p1b: Kingambit\n|-resisted|p1b: Kingambit\n|-damage|p1b: Kingambit|28\/100\n|move|p2b: momma|Seismic Toss|p1b: Kingambit\n|-damage|p1b: Kingambit|3\/100\n|-damage|p1b: Kingambit|0 fnt\n|faint|p1b: Kingambit\n|-hitcount|p1: Kingambit|2\n|\n|win|Eliminathan\n|c|\u2606wammer18|gg\n|c|\u2606Eliminathan|gg\n","uploadtime":1700456860,"views":3,"p1id":"wammer18","p2id":"eliminathan","formatid":"gen9nationaldexdoubles","rating":0,"private":0,"password":""}