{"id":"gen9nationaldexdoubles-1998037708","p1":"its_notacewastaken","p2":"Xeris02","format":"[Gen 9] National Dex Doubles","log":"|j|\u2606its_notacewastaken\n|j|\u2606Xeris02\n|t:|1700882107\n|gametype|doubles\n|player|p1|its_notacewastaken|giovanni|1125\n|player|p2|Xeris02|n|1028\n|teamsize|p1|6\n|teamsize|p2|6\n|gen|9\n|tier|[Gen 9] National Dex Doubles\n|rated|\n|rule|HP Percentage Mod: HP is shown in percentages\n|rule|Endless Battle Clause: Forcing endless battles is banned\n|rule|OHKO Clause: OHKO moves are banned\n|rule|Evasion Moves Clause: Evasion moves are banned\n|rule|Evasion Abilities Clause: Evasion abilities are banned\n|rule|Species Clause: Limit one of each Pok\u00e9mon\n|rule|Gravity Sleep Clause: The combination of sleep-inducing moves with imperfect accuracy and Gravity or Gigantamax Orbeetle are banned\n|clearpoke\n|poke|p1|Chien-Pao|\n|poke|p1|Dragapult, M|\n|poke|p1|Clefable, F|\n|poke|p1|Garganacl, M|\n|poke|p1|Hippowdon, M|\n|poke|p1|Kartana|\n|poke|p2|Eevee, M|\n|poke|p2|Espathra, F|\n|poke|p2|Ogerpon-Hearthflame, F|\n|poke|p2|Grimmsnarl, M|\n|poke|p2|Orthworm, M|\n|poke|p2|Flamigo, M|\n|teampreview\n|inactive|Battle timer is ON: inactive players will automatically lose when time's up. (requested by Xeris02)\n|\n|t:|1700882131\n|start\n|switch|p1a: Basalt|Garganacl, M|100\/100\n|switch|p1b: Moto Moto|Hippowdon, M|100\/100\n|switch|p2a: Orthworm|Orthworm, M|100\/100\n|switch|p2b: Ogerpon|Ogerpon-Hearthflame, F|100\/100\n|-ability|p2b: Ogerpon|Mold Breaker\n|-weather|Sandstorm|[from] ability: Sand Stream|[of] p1b: Moto Moto\n|turn|1\n|\n|t:|1700882149\n|move|p2b: Ogerpon|Horn Leech|p1a: Basalt\n|-supereffective|p1a: Basalt\n|-damage|p1a: Basalt|38\/100\n|move|p2a: Orthworm|Shed Tail|p2a: Orthworm\n|-start|p2a: Orthworm|Substitute|[from] move: Shed Tail\n|-damage|p2a: Orthworm|50\/100\n|\n|t:|1700882156\n|switch|p2a: Eevee|Eevee, M, shiny|100\/100|[from] Shed Tail\n|move|p1b: Moto Moto|Sand Tomb|p2b: Ogerpon\n|-damage|p2b: Ogerpon|82\/100\n|-activate|p2b: Ogerpon|move: Sand Tomb|[of] p1b: Moto Moto\n|move|p1a: Basalt|Salt Cure|p2b: Ogerpon\n|-supereffective|p2b: Ogerpon\n|-damage|p2b: Ogerpon|42\/100\n|-start|p2b: Ogerpon|Salt Cure\n|\n|-weather|Sandstorm|[upkeep]\n|-damage|p2b: Ogerpon|36\/100|[from] Sandstorm\n|-damage|p2a: Eevee|94\/100|[from] Sandstorm\n|-heal|p1a: Basalt|44\/100|[from] item: Leftovers\n|-damage|p2b: Ogerpon|23\/100|[from] Salt Cure\n|-damage|p2b: Ogerpon|11\/100|[from] move: Sand Tomb|[partiallytrapped]\n|upkeep\n|turn|2\n|\n|t:|1700882180\n|move|p2b: Ogerpon|Horn Leech|p1b: Moto Moto\n|-supereffective|p1b: Moto Moto\n|-damage|p1b: Moto Moto|54\/100\n|-heal|p2b: Ogerpon|43\/100|[from] drain|[of] p1b: Moto Moto\n|-damage|p2b: Ogerpon|27\/100|[from] item: Rocky Helmet|[of] p1b: Moto Moto\n|-zpower|p2a: Eevee\n|move|p2a: Eevee|Extreme Evoboost|p2a: Eevee\n|-boost|p2a: Eevee|atk|2\n|-boost|p2a: Eevee|def|2\n|-boost|p2a: Eevee|spa|2\n|-boost|p2a: Eevee|spd|2\n|-boost|p2a: Eevee|spe|2\n|move|p1a: Basalt|Recover|p1a: Basalt\n|-heal|p1a: Basalt|94\/100\n|move|p1b: Moto Moto|Whirlwind|p2a: Eevee\n|drag|p2a: Espathra|Espathra, F|100\/100\n|\n|-weather|Sandstorm|[upkeep]\n|-damage|p2b: Ogerpon|21\/100|[from] Sandstorm\n|-damage|p2a: Espathra|94\/100|[from] Sandstorm\n|-heal|p1a: Basalt|99\/100|[from] item: Leftovers\n|-damage|p2b: Ogerpon|8\/100|[from] Salt Cure\n|-damage|p2b: Ogerpon|0 fnt|[from] move: Sand Tomb|[partiallytrapped]\n|faint|p2b: Ogerpon\n|upkeep\n|\n|t:|1700882200\n|switch|p2b: Eevee|Eevee, M, shiny|94\/100\n|turn|3\n|\n|t:|1700882214\n|move|p2b: Eevee|Quick Attack|p1b: Moto Moto\n|-damage|p1b: Moto Moto|48\/100\n|-damage|p2b: Eevee|78\/100|[from] item: Rocky Helmet|[of] p1b: Moto Moto\n|move|p2a: Espathra|Calm Mind|p2a: Espathra\n|-boost|p2a: Espathra|spa|1\n|-boost|p2a: Espathra|spd|1\n|move|p1a: Basalt|Salt Cure|p2a: Espathra\n|-damage|p2a: Espathra|73\/100\n|-start|p2a: Espathra|Salt Cure\n|move|p1b: Moto Moto|Whirlwind|p2b: Eevee\n|drag|p2b: Grimmsnarl|Grimmsnarl, M|100\/100\n|\n|-weather|Sandstorm|[upkeep]\n|-damage|p2a: Espathra|67\/100|[from] Sandstorm\n|-damage|p2b: Grimmsnarl|94\/100|[from] Sandstorm\n|-heal|p1a: Basalt|100\/100|[from] item: Leftovers\n|-damage|p2a: Espathra|54\/100|[from] Salt Cure\n|-ability|p2a: Espathra|Speed Boost|boost\n|-boost|p2a: Espathra|spe|1\n|upkeep\n|turn|4\n|c|\u2606Xeris02|I just hate you guys at this point\n|c|\u2606its_notacewastaken|lmao\n|c|\u2606its_notacewastaken|you are the 4th person\n|c|\u2606its_notacewastaken|that hates it\n|c|\u2606its_notacewastaken|3 of em forfeited\n|inactive|its_notacewastaken has 120 seconds left.\n|c|\u2606its_notacewastaken|poor guys\n|\n|t:|1700882254\n|move|p2b: Grimmsnarl|Reflect|p2b: Grimmsnarl\n|-sidestart|p2: Xeris02|Reflect\n|move|p2a: Espathra|Stored Power|p1a: Basalt\n|-damage|p1a: Basalt|75\/100\n|move|p1a: Basalt|Iron Defense|p1a: Basalt\n|-boost|p1a: Basalt|def|2\n|move|p1b: Moto Moto|Whirlwind|p2a: Espathra\n|drag|p2a: Eevee|Eevee, M, shiny|78\/100\n|\n|-weather|Sandstorm|[upkeep]\n|-damage|p2b: Grimmsnarl|88\/100|[from] Sandstorm\n|-damage|p2a: Eevee|72\/100|[from] Sandstorm\n|-heal|p1a: Basalt|81\/100|[from] item: Leftovers\n|upkeep\n|turn|5\n|c|\u2606Xeris02|Because you are not the first to use this fucking moves\n|inactive|its_notacewastaken has 120 seconds left.\n|inactive|Xeris02 has 120 seconds left.\n|c|\u2606Xeris02|What the fuck am I supposed to do?\n|c|\u2606its_notacewastaken|idk honestly\n|-message|Xeris02 forfeited.\n|\n|win|its_notacewastaken\n|raw|its_notacewastaken's rating: 1125 &rarr; <strong>1143<\/strong><br \/>(+18 for winning)\n|raw|Xeris02's rating: 1028 &rarr; <strong>1018<\/strong><br \/>(-10 for losing)\n|l|\u2606Xeris02\n","uploadtime":1700882308,"views":1,"p1id":"itsnotacewastaken","p2id":"xeris02","formatid":"gen9nationaldexdoubles","rating":1018,"private":0,"password":""}