{"id":"gen9nationaldexdoubles-1954638724","p1":"The Ice Age Master","p2":"pepipepo","format":"[Gen 9] National Dex Doubles","log":"|j|\u2606The Ice Age Master\n|j|\u2606pepipepo\n|t:|1695914782\n|gametype|doubles\n|player|p1|The Ice Age Master|silver|1049\n|player|p2|pepipepo|crasherwake|1000\n|teamsize|p1|6\n|teamsize|p2|6\n|gen|9\n|tier|[Gen 9] National Dex Doubles\n|rated|\n|rule|HP Percentage Mod: HP is shown in percentages\n|rule|Endless Battle Clause: Forcing endless battles is banned\n|rule|OHKO Clause: OHKO moves are banned\n|rule|Evasion Moves Clause: Evasion moves are banned\n|rule|Evasion Abilities Clause: Evasion abilities are banned\n|rule|Species Clause: Limit one of each Pok\u00e9mon\n|rule|Gravity Sleep Clause: The combination of sleep-inducing moves with imperfect accuracy and Gravity or Gigantamax Orbeetle are banned\n|clearpoke\n|poke|p1|Swampert, F|\n|poke|p1|Volcanion|\n|poke|p1|Pelipper, M|\n|poke|p1|Cradily, M|\n|poke|p1|Walking Wake|\n|poke|p1|Lapras, M|\n|poke|p2|Smeargle, M|\n|poke|p2|Rotom-Heat|\n|poke|p2|Slowbro, M|\n|poke|p2|Decidueye, M|\n|poke|p2|Lucario, M|\n|poke|p2|Lycanroc-Dusk, M|\n|teampreview\n|inactive|Battle timer is ON: inactive players will automatically lose when time's up. (requested by The Ice Age Master)\n|\n|t:|1695914801\n|start\n|switch|p1a: Swammy|Swampert, F|100\/100\n|switch|p1b: Dodo Birb|Pelipper, M|100\/100\n|switch|p2a: Smeargle GOD|Smeargle, M, shiny|100\/100\n|switch|p2b: Decidueye|Decidueye, M, shiny|100\/100\n|-weather|RainDance|[from] ability: Drizzle|[of] p1b: Dodo Birb\n|turn|1\n|inactive|pepipepo has 120 seconds left.\n|\n|t:|1695914843\n|detailschange|p1a: Swammy|Swampert-Mega, F\n|-mega|p1a: Swammy|Swampert|Swampertite\n|move|p1a: Swammy|Earthquake|p2a: Smeargle GOD|[spread] p2a,p2b\n|-immune|p1b: Dodo Birb\n|-resisted|p2b: Decidueye\n|-crit|p2b: Decidueye\n|-damage|p2a: Smeargle GOD|0 fnt\n|-damage|p2b: Decidueye|62\/100\n|faint|p2a: Smeargle GOD\n|move|p2b: Decidueye|Leaf Blade|p1b: Dodo Birb\n|-damage|p1b: Dodo Birb|58\/100\n|move|p1b: Dodo Birb|Tailwind|p1b: Dodo Birb\n|-sidestart|p1: The Ice Age Master|move: Tailwind\n|\n|-weather|RainDance|[upkeep]\n|upkeep\n|inactive|pepipepo has 90 seconds left.\n|\n|t:|1695914875\n|switch|p2a: Rotom|Rotom-Heat, shiny|100\/100\n|turn|2\n|\n|t:|1695914883\n|switch|p1b: Craig's List|Cradily, M|100\/100\n|move|p2a: Rotom|Protect|p2a: Rotom\n|-singleturn|p2a: Rotom|Protect\n|move|p1a: Swammy|Surf|p2a: Rotom|[spread] p2b\n|-activate|p2a: Rotom|move: Protect\n|-ability|p1b: Craig's List|Storm Drain|boost\n|-boost|p1b: Craig's List|spa|1\n|-resisted|p2b: Decidueye\n|-damage|p2b: Decidueye|49\/100\n|move|p2b: Decidueye|Leaf Blade|p1a: Swammy\n|-supereffective|p1a: Swammy\n|-damage|p1a: Swammy|0 fnt\n|faint|p1a: Swammy\n|\n|-weather|RainDance|[upkeep]\n|upkeep\n|\n|t:|1695914893\n|switch|p1a: Sauna|Volcanion|100\/100\n|turn|3\n|inactive|pepipepo has 120 seconds left.\n|\n|t:|1695914918\n|move|p2b: Decidueye|Protect|p2b: Decidueye\n|-singleturn|p2b: Decidueye|Protect\n|move|p1a: Sauna|Steam Eruption|p1b: Craig's List\n|-activate|p1b: Craig's List|ability: Storm Drain\n|-ability|p1b: Craig's List|Storm Drain|boost\n|-boost|p1b: Craig's List|spa|1\n|move|p1b: Craig's List|Sludge Bomb|p2b: Decidueye\n|-activate|p2b: Decidueye|move: Protect\n|move|p2a: Rotom|Thunderbolt|p1a: Sauna\n|-supereffective|p1a: Sauna\n|-damage|p1a: Sauna|15\/100\n|-status|p1a: Sauna|par\n|\n|-weather|RainDance|[upkeep]\n|upkeep\n|turn|4\n|inactive|pepipepo has 120 seconds left.\n|inactive|The Ice Age Master has 120 seconds left.\n|\n|t:|1695914968\n|move|p1b: Craig's List|Leech Seed|p2a: Rotom|[miss]\n|-miss|p1b: Craig's List|p2a: Rotom\n|move|p2a: Rotom|Thunderbolt|p1b: Craig's List\n|-resisted|p1b: Craig's List\n|-damage|p1b: Craig's List|83\/100\n|move|p2b: Decidueye|Leaf Blade|p1a: Sauna\n|-crit|p1a: Sauna\n|-damage|p1a: Sauna|0 fnt\n|faint|p1a: Sauna\n|\n|-weather|RainDance|[upkeep]\n|-heal|p1b: Craig's List|89\/100|[from] item: Leftovers\n|-sideend|p1: The Ice Age Master|move: Tailwind\n|upkeep\n|\n|t:|1695914977\n|switch|p1a: Running Wake|Walking Wake|100\/100\n|turn|5\n|inactive|The Ice Age Master has 120 seconds left.\n|inactive|pepipepo has 120 seconds left.\n|\n|t:|1695915008\n|move|p1a: Running Wake|Hurricane|p2b: Decidueye\n|-supereffective|p2b: Decidueye\n|-damage|p2b: Decidueye|0 fnt\n|faint|p2b: Decidueye\n|move|p2a: Rotom|Thunderbolt|p1a: Running Wake\n|-damage|p1a: Running Wake|46\/100\n|move|p1b: Craig's List|Sludge Bomb|p2a: Rotom\n|-damage|p2a: Rotom|44\/100\n|\n|-weather|RainDance|[upkeep]\n|-heal|p2a: Rotom|50\/100|[from] item: Leftovers\n|-heal|p1b: Craig's List|95\/100|[from] item: Leftovers\n|upkeep\n|\n|t:|1695915027\n|switch|p2b: Lycanroc|Lycanroc-Dusk, M|100\/100\n|turn|6\n|inactive|pepipepo has 120 seconds left.\n|inactive|The Ice Age Master has 120 seconds left.\n|\n|t:|1695915057\n|-end|p1a: Running Wake|Protosynthesis|[silent]\n|switch|p1a: Alicia|Lapras, M|100\/100\n|move|p2b: Lycanroc|Protect|p2b: Lycanroc\n|-singleturn|p2b: Lycanroc|Protect\n|move|p2a: Rotom|Thunderbolt|p1a: Alicia\n|-supereffective|p1a: Alicia\n|-damage|p1a: Alicia|26\/100\n|move|p1b: Craig's List|Giga Drain|p2b: Lycanroc\n|-activate|p2b: Lycanroc|move: Protect\n|\n|-weather|RainDance|[upkeep]\n|-heal|p2a: Rotom|57\/100|[from] item: Leftovers\n|-heal|p1a: Alicia|33\/100|[from] item: Leftovers\n|-heal|p1b: Craig's List|100\/100|[from] item: Leftovers\n|upkeep\n|turn|7\n|inactive|pepipepo has 120 seconds left.\n|\n|t:|1695915077\n|move|p2b: Lycanroc|Close Combat|p1b: Craig's List\n|-supereffective|p1b: Craig's List\n|-damage|p1b: Craig's List|5\/100\n|-unboost|p2b: Lycanroc|def|1\n|-unboost|p2b: Lycanroc|spd|1\n|move|p2a: Rotom|Thunderbolt|p1a: Alicia\n|-supereffective|p1a: Alicia\n|-damage|p1a: Alicia|0 fnt\n|faint|p1a: Alicia\n|move|p1b: Craig's List|Giga Drain|p2b: Lycanroc\n|-supereffective|p2b: Lycanroc\n|-damage|p2b: Lycanroc|0 fnt\n|-heal|p1b: Craig's List|44\/100|[from] drain|[of] p2b: Lycanroc\n|faint|p2b: Lycanroc\n|\n|-weather|RainDance|[upkeep]\n|-heal|p2a: Rotom|63\/100|[from] item: Leftovers\n|-heal|p1b: Craig's List|50\/100|[from] item: Leftovers\n|upkeep\n|inactive|pepipepo has 120 seconds left.\n|\n|t:|1695915095\n|switch|p2b: lucarioawbd|Lucario, M, shiny|100\/100\n|switch|p1a: Running Wake|Walking Wake|46\/100\n|turn|8\n|inactive|pepipepo has 120 seconds left.\n|\n|t:|1695915129\n|detailschange|p2b: lucarioawbd|Lucario-Mega, M, shiny\n|-mega|p2b: lucarioawbd|Lucario|Lucarionite\n|move|p2b: lucarioawbd|Detect|p2b: lucarioawbd\n|-singleturn|p2b: lucarioawbd|Protect\n|move|p1a: Running Wake|Surf|p2b: lucarioawbd|[spread] p2a\n|-activate|p2b: lucarioawbd|move: Protect\n|-ability|p1b: Craig's List|Storm Drain|boost\n|-boost|p1b: Craig's List|spa|1\n|-supereffective|p2a: Rotom\n|-damage|p2a: Rotom|0 fnt\n|faint|p2a: Rotom\n|move|p1b: Craig's List|Recover|p1b: Craig's List\n|-heal|p1b: Craig's List|99\/100\n|\n|-weather|none\n|-heal|p1b: Craig's List|100\/100|[from] item: Leftovers\n|upkeep\n|\n|t:|1695915143\n|switch|p2a: Aaron|Slowbro, M, shiny|100\/100\n|turn|9\n|inactive|pepipepo has 120 seconds left.\n|\n|t:|1695915183\n|move|p1a: Running Wake|Surf|p2a: Aaron|[spread] p2a,p2b\n|-ability|p1b: Craig's List|Storm Drain|boost\n|-boost|p1b: Craig's List|spa|1\n|-resisted|p2a: Aaron\n|-damage|p2a: Aaron|77\/100\n|-damage|p2b: lucarioawbd|22\/100\n|move|p2b: lucarioawbd|Aura Sphere|p1a: Running Wake\n|-damage|p1a: Running Wake|0 fnt\n|faint|p1a: Running Wake\n|-end|p1a: Running Wake|Protosynthesis|[silent]\n|move|p1b: Craig's List|Giga Drain|p2a: Aaron\n|-supereffective|p2a: Aaron\n|-damage|p2a: Aaron|0 fnt\n|faint|p2a: Aaron\n|\n|upkeep\n|\n|t:|1695915187\n|switch|p1a: Dodo Birb|Pelipper, M|58\/100\n|-weather|RainDance|[from] ability: Drizzle|[of] p1a: Dodo Birb\n|turn|10\n|inactive|pepipepo has 120 seconds left.\n|-message|pepipepo forfeited.\n|\n|win|The Ice Age Master\n|raw|The Ice Age Master's rating: 1049 &rarr; <strong>1077<\/strong><br \/>(+28 for winning)\n|raw|pepipepo's rating: 1000 &rarr; <strong>1000<\/strong><br \/>(+0 for losing)\n|l|\u2606pepipepo\n","uploadtime":1695915205,"views":8,"p1id":"theiceagemaster","p2id":"pepipepo","formatid":"gen9nationaldexdoubles","rating":1000,"private":0,"password":""}