{"id":"gen9nationaldexdoubles-1959647768","p1":"oof oeufs","p2":"Clabeh","format":"[Gen 9] National Dex Doubles","log":"|j|\u2606oof oeufs\n|j|\u2606Clabeh\n|t:|1696443944\n|gametype|doubles\n|player|p1|oof oeufs|karen|\n|player|p2|Clabeh|101|\n|teamsize|p1|6\n|teamsize|p2|6\n|gen|9\n|tier|[Gen 9] National Dex Doubles\n|rule|HP Percentage Mod: HP is shown in percentages\n|rule|Endless Battle Clause: Forcing endless battles is banned\n|rule|OHKO Clause: OHKO moves are banned\n|rule|Evasion Moves Clause: Evasion moves are banned\n|rule|Evasion Abilities Clause: Evasion abilities are banned\n|rule|Species Clause: Limit one of each Pok\u00e9mon\n|rule|Gravity Sleep Clause: The combination of sleep-inducing moves with imperfect accuracy and Gravity or Gigantamax Orbeetle are banned\n|clearpoke\n|poke|p1|Blastoise, M|\n|poke|p1|Tentacruel, M|\n|poke|p1|Rillaboom, F|\n|poke|p1|Dragapult, M|\n|poke|p1|Hawlucha, M|\n|poke|p1|Volcarona, F|\n|poke|p2|Claydol|\n|poke|p2|Seismitoad, F|\n|poke|p2|Ninetales, F|\n|poke|p2|Tyranitar, M|\n|poke|p2|Venusaur, F|\n|poke|p2|Cinderace, M|\n|teampreview\n|\n|t:|1696443964\n|start\n|switch|p1a: Rillaboom|Rillaboom, F|100\/100\n|switch|p1b: Hawlucha|Hawlucha, M|100\/100\n|switch|p2a: Claydol|Claydol|100\/100\n|switch|p2b: Tyranitar|Tyranitar, M|100\/100\n|-fieldstart|move: Grassy Terrain|[from] ability: Grassy Surge|[of] p1a: Rillaboom\n|-enditem|p1b: Hawlucha|Grassy Seed\n|-boost|p1b: Hawlucha|def|1|[from] item: Grassy Seed\n|-weather|Sandstorm|[from] ability: Sand Stream|[of] p2b: Tyranitar\n|turn|1\n|\n|t:|1696443994\n|move|p1b: Hawlucha|Substitute|p1b: Hawlucha\n|-start|p1b: Hawlucha|Substitute\n|-damage|p1b: Hawlucha|76\/100\n|move|p1a: Rillaboom|U-turn|p2a: Claydol\n|-supereffective|p2a: Claydol\n|-damage|p2a: Claydol|62\/100\n|\n|t:|1696444007\n|switch|p1a: Blastoise|Blastoise, M|100\/100|[from] U-turn\n|move|p2a: Claydol|Reflect|p2a: Claydol\n|-sidestart|p2: Clabeh|Reflect\n|move|p2b: Tyranitar|Thunder Punch|p1b: Hawlucha\n|-supereffective|p1b: Hawlucha\n|-end|p1b: Hawlucha|Substitute\n|\n|-weather|Sandstorm|[upkeep]\n|-damage|p1b: Hawlucha|70\/100|[from] Sandstorm\n|-damage|p1a: Blastoise|94\/100|[from] Sandstorm\n|-heal|p2a: Claydol|68\/100|[from] item: Leftovers\n|-heal|p1a: Blastoise|100\/100|[from] Grassy Terrain\n|upkeep\n|turn|2\n|\n|t:|1696444036\n|move|p1a: Blastoise|Fake Out|p2b: Tyranitar\n|-resisted|p2b: Tyranitar\n|-damage|p2b: Tyranitar|99\/100\n|move|p1b: Hawlucha|Swords Dance|p1b: Hawlucha\n|-boost|p1b: Hawlucha|atk|2\n|move|p2a: Claydol|Iron Defense|p2a: Claydol\n|-boost|p2a: Claydol|def|2\n|cant|p2b: Tyranitar|flinch\n|\n|-weather|Sandstorm|[upkeep]\n|-damage|p1b: Hawlucha|64\/100|[from] Sandstorm\n|-damage|p1a: Blastoise|94\/100|[from] Sandstorm\n|-heal|p2a: Claydol|74\/100|[from] item: Leftovers\n|-heal|p1a: Blastoise|100\/100|[from] Grassy Terrain\n|-heal|p2b: Tyranitar|100\/100|[from] Grassy Terrain\n|upkeep\n|turn|3\n|\n|t:|1696444085\n|move|p1a: Blastoise|Follow Me|p1a: Blastoise\n|-singleturn|p1a: Blastoise|move: Follow Me\n|move|p1b: Hawlucha|Acrobatics|p2a: Claydol\n|-damage|p2a: Claydol|45\/100\n|move|p2a: Claydol|Iron Defense|p2a: Claydol\n|-boost|p2a: Claydol|def|2\n|move|p2b: Tyranitar|Thunder Punch|p1a: Blastoise\n|-supereffective|p1a: Blastoise\n|-damage|p1a: Blastoise|66\/100\n|\n|-weather|Sandstorm|[upkeep]\n|-damage|p1b: Hawlucha|58\/100|[from] Sandstorm\n|-damage|p1a: Blastoise|60\/100|[from] Sandstorm\n|-heal|p2a: Claydol|51\/100|[from] item: Leftovers\n|-heal|p1a: Blastoise|66\/100|[from] Grassy Terrain\n|-heal|p1a: Blastoise|72\/100|[from] item: Leftovers\n|upkeep\n|turn|4\n|\n|t:|1696444125\n|move|p1b: Hawlucha|High Jump Kick|p2b: Tyranitar\n|-supereffective|p2b: Tyranitar\n|-damage|p2b: Tyranitar|0 fnt\n|faint|p2b: Tyranitar\n|move|p2a: Claydol|Iron Defense|p2a: Claydol\n|-boost|p2a: Claydol|def|2\n|move|p1a: Blastoise|Water Spout|p2a: Claydol\n|-supereffective|p2a: Claydol\n|-crit|p2a: Claydol\n|-damage|p2a: Claydol|0 fnt\n|faint|p2a: Claydol\n|\n|-weather|Sandstorm|[upkeep]\n|-damage|p1b: Hawlucha|52\/100|[from] Sandstorm\n|-damage|p1a: Blastoise|66\/100|[from] Sandstorm\n|-heal|p1a: Blastoise|72\/100|[from] Grassy Terrain\n|-heal|p1a: Blastoise|78\/100|[from] item: Leftovers\n|upkeep\n|\n|t:|1696444174\n|switch|p2a: Ninetales|Ninetales, F|100\/100\n|switch|p2b: Venusaur|Venusaur, F|100\/100\n|-weather|SunnyDay|[from] ability: Drought|[of] p2a: Ninetales\n|turn|5\n|\n|t:|1696444192\n|move|p1b: Hawlucha|Acrobatics|p2b: Venusaur\n|-supereffective|p2b: Venusaur\n|-damage|p2b: Venusaur|0 fnt\n|faint|p2b: Venusaur\n|move|p2a: Ninetales|Heat Wave|p1b: Hawlucha|[spread] p1a,p1b\n|-resisted|p1a: Blastoise\n|-damage|p1a: Blastoise|60\/100\n|-damage|p1b: Hawlucha|0 fnt\n|faint|p1b: Hawlucha\n|move|p1a: Blastoise|Flip Turn|p2a: Ninetales\n|-supereffective|p2a: Ninetales\n|-damage|p2a: Ninetales|82\/100\n|-enditem|p2a: Ninetales|Eject Button\n|\n|t:|1696444230\n|switch|p2a: Cinderace|Cinderace, M|100\/100\n|\n|-weather|SunnyDay|[upkeep]\n|-heal|p1a: Blastoise|66\/100|[from] Grassy Terrain\n|-heal|p1a: Blastoise|72\/100|[from] item: Leftovers\n|-sideend|p2: Clabeh|Reflect\n|-fieldend|move: Grassy Terrain\n|upkeep\n|\n|t:|1696444248\n|switch|p1b: Rillaboom|Rillaboom, F|100\/100\n|switch|p2b: Ninetales|Ninetales, F|82\/100\n|-fieldstart|move: Grassy Terrain|[from] ability: Grassy Surge|[of] p1b: Rillaboom\n|turn|6\n|\n|t:|1696444270\n|move|p2a: Cinderace|Weather Ball|p1b: Rillaboom\n|-supereffective|p1b: Rillaboom\n|-damage|p1b: Rillaboom|0 fnt\n|faint|p1b: Rillaboom\n|move|p2b: Ninetales|Solar Beam||[still]\n|-prepare|p2b: Ninetales|Solar Beam\n|-anim|p2b: Ninetales|Solar Beam|p1a: Blastoise\n|-supereffective|p1a: Blastoise\n|-crit|p1a: Blastoise\n|-damage|p1a: Blastoise|0 fnt\n|faint|p1a: Blastoise\n|\n|-weather|SunnyDay|[upkeep]\n|-heal|p2b: Ninetales|88\/100|[from] Grassy Terrain\n|upkeep\n|\n|t:|1696444283\n|switch|p1b: Dragapult|Dragapult, M|100\/100\n|switch|p1a: Volcarona|Volcarona, F|100\/100\n|turn|7\n|\n|t:|1696444301\n|move|p1a: Volcarona|Rage Powder|p1a: Volcarona\n|-singleturn|p1a: Volcarona|move: Rage Powder\n|move|p1b: Dragapult|Dragon Dance|p1b: Dragapult\n|-boost|p1b: Dragapult|atk|1\n|-boost|p1b: Dragapult|spe|1\n|move|p2a: Cinderace|Weather Ball|p1a: Volcarona\n|-damage|p1a: Volcarona|39\/100\n|-enditem|p1a: Volcarona|Sitrus Berry|[eat]\n|-heal|p1a: Volcarona|64\/100|[from] item: Sitrus Berry\n|move|p2b: Ninetales|Heat Wave|p1a: Volcarona|[spread] p1a,p1b\n|-resisted|p1b: Dragapult\n|-damage|p1a: Volcarona|27\/100\n|-damage|p1b: Dragapult|74\/100\n|-status|p1b: Dragapult|brn\n|\n|-weather|SunnyDay|[upkeep]\n|-heal|p1b: Dragapult|80\/100 brn|[from] Grassy Terrain\n|-heal|p2b: Ninetales|94\/100|[from] Grassy Terrain\n|-heal|p1a: Volcarona|33\/100|[from] Grassy Terrain\n|-damage|p1b: Dragapult|74\/100 brn|[from] brn\n|upkeep\n|turn|8\n|\n|t:|1696444360\n|move|p1a: Volcarona|Rage Powder|p1a: Volcarona\n|-singleturn|p1a: Volcarona|move: Rage Powder\n|move|p1b: Dragapult|Dragon Dance|p1b: Dragapult\n|-boost|p1b: Dragapult|atk|1\n|-boost|p1b: Dragapult|spe|1\n|move|p2a: Cinderace|Weather Ball|p1a: Volcarona\n|-damage|p1a: Volcarona|0 fnt\n|faint|p1a: Volcarona\n|move|p2b: Ninetales|Heat Wave|p1b: Dragapult\n|-resisted|p1b: Dragapult\n|-damage|p1b: Dragapult|40\/100 brn\n|\n|-weather|SunnyDay|[upkeep]\n|-heal|p1b: Dragapult|46\/100 brn|[from] Grassy Terrain\n|-heal|p2b: Ninetales|99\/100|[from] Grassy Terrain\n|-damage|p1b: Dragapult|40\/100 brn|[from] brn\n|upkeep\n|\n|t:|1696444374\n|switch|p1a: Tentacruel|Tentacruel, M|100\/100\n|turn|9\n|\n|t:|1696444388\n|move|p1b: Dragapult|Phantom Force||[still]\n|-prepare|p1b: Dragapult|Phantom Force\n|move|p2a: Cinderace|Weather Ball|p1b: Dragapult|[miss]\n|-miss|p2a: Cinderace|p1b: Dragapult\n|move|p2b: Ninetales|Disable|p1b: Dragapult|[miss]\n|-miss|p2b: Ninetales|p1b: Dragapult\n|move|p1a: Tentacruel|Scald|p2a: Cinderace\n|-supereffective|p2a: Cinderace\n|-damage|p2a: Cinderace|70\/100\n|\n|-weather|none\n|-heal|p2a: Cinderace|76\/100|[from] Grassy Terrain\n|-heal|p2b: Ninetales|100\/100|[from] Grassy Terrain\n|-damage|p1b: Dragapult|34\/100 brn|[from] brn\n|upkeep\n|turn|10\n|\n|t:|1696444410\n|switch|p2b: Seismitoad|Seismitoad, F|100\/100\n|move|p1b: Dragapult|Phantom Force|p2a: Cinderace|[from]lockedmove\n|-damage|p2a: Cinderace|9\/100\n|move|p2a: Cinderace|Weather Ball|p1a: Tentacruel\n|-start|p2a: Cinderace|typechange|Normal|[from] ability: Libero\n|-damage|p1a: Tentacruel|80\/100\n|move|p1a: Tentacruel|Scald|p2a: Cinderace\n|-crit|p2a: Cinderace\n|-damage|p2a: Cinderace|0 fnt\n|faint|p2a: Cinderace\n|\n|-heal|p1b: Dragapult|40\/100 brn|[from] Grassy Terrain\n|-heal|p1a: Tentacruel|86\/100|[from] Grassy Terrain\n|-heal|p1a: Tentacruel|93\/100|[from] item: Black Sludge\n|-damage|p1b: Dragapult|34\/100 brn|[from] brn\n|-fieldend|move: Grassy Terrain\n|upkeep\n|\n|t:|1696444428\n|switch|p2a: Ninetales|Ninetales, F|100\/100\n|-weather|SunnyDay|[from] ability: Drought|[of] p2a: Ninetales\n|turn|11\n|\n|t:|1696444453\n|move|p1b: Dragapult|Phantom Force||[still]\n|-prepare|p1b: Dragapult|Phantom Force\n|move|p2a: Ninetales|Heat Wave|p1a: Tentacruel|[spread] p1a\n|-miss|p2a: Ninetales|p1b: Dragapult\n|-resisted|p1a: Tentacruel\n|-damage|p1a: Tentacruel|76\/100\n|move|p1a: Tentacruel|Scald|p2a: Ninetales\n|-supereffective|p2a: Ninetales\n|-damage|p2a: Ninetales|75\/100\n|move|p2b: Seismitoad|Brick Break|p1a: Tentacruel\n|-resisted|p1a: Tentacruel\n|-damage|p1a: Tentacruel|62\/100\n|\n|-weather|SunnyDay|[upkeep]\n|-heal|p1a: Tentacruel|68\/100|[from] item: Black Sludge\n|-damage|p1b: Dragapult|28\/100 brn|[from] brn\n|upkeep\n|turn|12\n|\n|t:|1696444479\n|move|p1b: Dragapult|Phantom Force|p2a: Ninetales|[from]lockedmove\n|-damage|p2a: Ninetales|0 fnt\n|faint|p2a: Ninetales\n|move|p1a: Tentacruel|Scald|p2b: Seismitoad\n|-immune|p2b: Seismitoad|[from] ability: Water Absorb\n|move|p2b: Seismitoad|Ice Punch|p1b: Dragapult\n|-supereffective|p1b: Dragapult\n|-damage|p1b: Dragapult|0 fnt\n|faint|p1b: Dragapult\n|\n|-weather|SunnyDay|[upkeep]\n|-heal|p1a: Tentacruel|74\/100|[from] item: Black Sludge\n|upkeep\n|turn|13\n|\n|t:|1696444493\n|move|p1a: Tentacruel|Knock Off|p2b: Seismitoad\n|-damage|p2b: Seismitoad|82\/100\n|-enditem|p2b: Seismitoad|Assault Vest|[from] move: Knock Off|[of] p1a: Tentacruel\n|move|p2b: Seismitoad|Earthquake|p1a: Tentacruel\n|-supereffective|p1a: Tentacruel\n|-crit|p1a: Tentacruel\n|-damage|p1a: Tentacruel|0 fnt\n|faint|p1a: Tentacruel\n|\n|win|Clabeh\n","uploadtime":1696444501,"views":35,"p1id":"oofoeufs","p2id":"clabeh","formatid":"gen9nationaldexdoubles","rating":0,"private":0,"password":""}