{"id":"gen9nationaldexdoubles-1977341043","p1":"A long name really","p2":"534154171xyz","format":"[Gen 9] National Dex Doubles","log":"|j|\u2606A long name really\n|j|\u203d534154171xyz\n|t:|1698407361\n|gametype|doubles\n|player|p1|A long name really|candice|1155\n|player|p2|534154171xyz|heroine2-conquest|1249\n|teamsize|p1|6\n|teamsize|p2|6\n|gen|9\n|tier|[Gen 9] National Dex Doubles\n|rated|\n|rule|HP Percentage Mod: HP is shown in percentages\n|rule|Endless Battle Clause: Forcing endless battles is banned\n|rule|OHKO Clause: OHKO moves are banned\n|rule|Evasion Moves Clause: Evasion moves are banned\n|rule|Evasion Abilities Clause: Evasion abilities are banned\n|rule|Species Clause: Limit one of each Pok\u00e9mon\n|rule|Gravity Sleep Clause: The combination of sleep-inducing moves with imperfect accuracy and Gravity or Gigantamax Orbeetle are banned\n|clearpoke\n|poke|p1|Honchkrow, F|\n|poke|p1|Ribombee, M|\n|poke|p1|Comfey, F|\n|poke|p1|Indeedee-F, F|\n|poke|p1|Armarouge, M|\n|poke|p1|Chien-Pao|\n|poke|p2|Eevee, F|\n|poke|p2|Indeedee-F, F|\n|poke|p2|Krookodile, M|\n|poke|p2|Smeargle, F|\n|poke|p2|Espeon, M|\n|poke|p2|Urshifu-*, F|\n|teampreview\n|inactive|Battle timer is ON: inactive players will automatically lose when time's up. (requested by A long name really)\n|inactive|534154171xyz also wants the timer to be on.\n|\n|t:|1698407369\n|start\n|switch|p1a: Ribombee|Ribombee, M|100\/100\n|switch|p1b: Honchkrow|Honchkrow, F|100\/100\n|switch|p2a: Eevee|Eevee, F|100\/100\n|switch|p2b: Smeargle|Smeargle, F|100\/100\n|turn|1\n|\n|t:|1698407381\n|move|p2b: Smeargle|Follow Me|p2b: Smeargle\n|-singleturn|p2b: Smeargle|move: Follow Me\n|move|p1a: Ribombee|Sticky Web|p2b: Smeargle\n|-sidestart|p2: 534154171xyz|move: Sticky Web\n|-zpower|p2a: Eevee\n|move|p2a: Eevee|Extreme Evoboost|p2a: Eevee\n|-boost|p2a: Eevee|atk|2\n|-boost|p2a: Eevee|def|2\n|-boost|p2a: Eevee|spa|2\n|-boost|p2a: Eevee|spd|2\n|-boost|p2a: Eevee|spe|2\n|-zpower|p1b: Honchkrow\n|move|p1b: Honchkrow|Z-Mirror Move||[anim]Mirror Move|[still]\n|-boost|p1b: Honchkrow|atk|2|[zeffect]\n|-fail|p1b: Honchkrow\n|\n|-ability|p2b: Smeargle|Moody|boost\n|-boost|p2b: Smeargle|spd|2\n|-unboost|p2b: Smeargle|spa|1\n|upkeep\n|turn|2\n|\n|t:|1698407395\n|move|p2b: Smeargle|Follow Me|p2b: Smeargle\n|-singleturn|p2b: Smeargle|move: Follow Me\n|move|p2a: Eevee|Baton Pass|p2a: Eevee\n|\n|t:|1698407411\n|switch|p2a: Krookodile|Krookodile, M|100\/100|[from] Baton Pass\n|-activate|p2a: Krookodile|move: Sticky Web\n|-unboost|p2a: Krookodile|spe|1\n|-ability|p2a: Krookodile|Intimidate|boost\n|-unboost|p1a: Ribombee|atk|1\n|-unboost|p1b: Honchkrow|atk|1\n|move|p1a: Ribombee|After You||[still]\n|-fail|p1a: Ribombee\n|move|p1b: Honchkrow|Brave Bird|p2b: Smeargle\n|-enditem|p2b: Smeargle|Focus Sash\n|-damage|p2b: Smeargle|1\/100\n|-damage|p1b: Honchkrow|75\/100|[from] Recoil\n|\n|-ability|p2b: Smeargle|Moody|boost\n|-boost|p2b: Smeargle|atk|2\n|-unboost|p2b: Smeargle|def|1\n|upkeep\n|turn|3\n|\n|t:|1698407426\n|move|p2b: Smeargle|Follow Me|p2b: Smeargle\n|-singleturn|p2b: Smeargle|move: Follow Me\n|move|p2a: Krookodile|Rock Slide|p1b: Honchkrow|[spread] p1a,p1b\n|-supereffective|p1a: Ribombee\n|-supereffective|p1b: Honchkrow\n|-enditem|p1a: Ribombee|Focus Sash\n|-damage|p1a: Ribombee|1\/100\n|-damage|p1b: Honchkrow|0 fnt\n|faint|p1b: Honchkrow\n|cant|p1a: Ribombee|flinch\n|\n|-ability|p2b: Smeargle|Moody|boost\n|-boost|p2b: Smeargle|atk|2\n|-unboost|p2b: Smeargle|def|1\n|upkeep\n|\n|t:|1698407441\n|switch|p1b: Chien-Pao|Chien-Pao|100\/100\n|-ability|p1b: Chien-Pao|Sword of Ruin\n|turn|4\n|\n|t:|1698407449\n|move|p2b: Smeargle|Follow Me|p2b: Smeargle\n|-singleturn|p2b: Smeargle|move: Follow Me\n|move|p2a: Krookodile|Rock Slide|p1b: Chien-Pao|[spread] p1a,p1b\n|-supereffective|p1a: Ribombee\n|-supereffective|p1b: Chien-Pao\n|-damage|p1a: Ribombee|0 fnt\n|-damage|p1b: Chien-Pao|3\/100\n|faint|p1a: Ribombee\n|cant|p1b: Chien-Pao|flinch\n|\n|-ability|p2b: Smeargle|Moody|boost\n|-boost|p2b: Smeargle|spa|2\n|-unboost|p2b: Smeargle|spe|1\n|upkeep\n|c|\u2606A long name really|WTF\n|\n|t:|1698407464\n|switch|p1a: Indeedee|Indeedee-F, F|100\/100\n|-fieldstart|move: Psychic Terrain|[from] ability: Psychic Surge|[of] p1a: Indeedee\n|turn|5\n|\n|t:|1698407473\n|move|p2b: Smeargle|Follow Me|p2b: Smeargle\n|-singleturn|p2b: Smeargle|move: Follow Me\n|move|p2a: Krookodile|Rock Slide|p1b: Chien-Pao|[spread] p1a,p1b\n|-supereffective|p1b: Chien-Pao\n|-damage|p1a: Indeedee|24\/100\n|-damage|p1b: Chien-Pao|0 fnt\n|faint|p1b: Chien-Pao\n|cant|p1a: Indeedee|flinch\n|\n|-heal|p1a: Indeedee|30\/100|[from] item: Leftovers\n|-ability|p2b: Smeargle|Moody|boost\n|-boost|p2b: Smeargle|spa|2\n|-unboost|p2b: Smeargle|spd|1\n|upkeep\n|c|\u2606A long name really|WTF\n|\n|t:|1698407483\n|switch|p1b: Armarouge|Armarouge, M|100\/100\n|turn|6\n|\n|t:|1698407489\n|move|p2b: Smeargle|Follow Me|p2b: Smeargle\n|-singleturn|p2b: Smeargle|move: Follow Me\n|move|p2a: Krookodile|Rock Slide|p1b: Armarouge|[spread] p1a,p1b\n|-supereffective|p1b: Armarouge\n|-damage|p1a: Indeedee|0 fnt\n|-damage|p1b: Armarouge|40\/100\n|-ability|p1b: Armarouge|Weak Armor|boost\n|-unboost|p1b: Armarouge|def|1\n|-boost|p1b: Armarouge|spe|2\n|faint|p1a: Indeedee\n|cant|p1b: Armarouge|flinch\n|\n|-ability|p2b: Smeargle|Moody|boost\n|-boost|p2b: Smeargle|atk|2\n|-unboost|p2b: Smeargle|def|1\n|upkeep\n|c|\u2606A long name really|ISTH\n|\n|t:|1698407501\n|switch|p1a: Comfey|Comfey, F|100\/100\n|turn|7\n|\n|t:|1698407509\n|move|p2b: Smeargle|Follow Me|p2b: Smeargle\n|-singleturn|p2b: Smeargle|move: Follow Me\n|move|p2a: Krookodile|Rock Slide|p1a: Comfey|[spread] p1a,p1b\n|-supereffective|p1b: Armarouge\n|-damage|p1a: Comfey|42\/100\n|-damage|p1b: Armarouge|0 fnt\n|faint|p1b: Armarouge\n|cant|p1a: Comfey|flinch\n|\n|-heal|p1a: Comfey|49\/100|[from] item: Leftovers\n|-ability|p2b: Smeargle|Moody|boost\n|-boost|p2b: Smeargle|spa|2\n|-unboost|p2b: Smeargle|atk|1\n|upkeep\n|turn|8\n|c|\u2606A long name really|WTF\n|-message|A long name really forfeited.\n|\n|win|534154171xyz\n|raw|A long name really's rating: 1155 &rarr; <strong>1137<\/strong><br \/>(-18 for losing)\n|raw|534154171xyz's rating: 1249 &rarr; <strong>1267<\/strong><br \/>(+18 for winning)\n","uploadtime":1698407527,"views":5,"p1id":"alongnamereally","p2id":"534154171xyz","formatid":"gen9nationaldexdoubles","rating":1137,"private":0,"password":""}