{"id":"gen9nationaldexdoubles-1952609005","p1":"Kampira","p2":"calist crusader","format":"[Gen 9] National Dex Doubles","log":"|j|\u2606Kampira\n|j|\u203dcalist crusader\n|t:|1695703200\n|gametype|doubles\n|player|p1|Kampira|parasollady|1002\n|player|p2|calist crusader|emmet|1108\n|teamsize|p1|6\n|teamsize|p2|6\n|gen|9\n|tier|[Gen 9] National Dex Doubles\n|rated|\n|rule|HP Percentage Mod: HP is shown in percentages\n|rule|Endless Battle Clause: Forcing endless battles is banned\n|rule|OHKO Clause: OHKO moves are banned\n|rule|Evasion Moves Clause: Evasion moves are banned\n|rule|Evasion Abilities Clause: Evasion abilities are banned\n|rule|Species Clause: Limit one of each Pok\u00e9mon\n|rule|Gravity Sleep Clause: The combination of sleep-inducing moves with imperfect accuracy and Gravity or Gigantamax Orbeetle are banned\n|clearpoke\n|poke|p1|Ting-Lu|\n|poke|p1|Wo-Chien|\n|poke|p1|Ceruledge, M|\n|poke|p1|Armarouge, M|\n|poke|p1|Orthworm, M|\n|poke|p1|Great Tusk|\n|poke|p2|Falinks|\n|poke|p2|Marshadow|\n|poke|p2|Flamigo, F|\n|poke|p2|Latios, M|\n|poke|p2|Kommo-o, M|\n|poke|p2|Sinistcha-Masterpiece|\n|teampreview\n|inactive|Battle timer is ON: inactive players will automatically lose when time's up. (requested by calist crusader)\n|\n|t:|1695703234\n|start\n|switch|p1a: Orthworm|Orthworm, M|100\/100\n|switch|p1b: Great Tusk|Great Tusk|100\/100\n|switch|p2a: Marshadow|Marshadow|100\/100\n|switch|p2b: Falinks|Falinks|100\/100\n|-enditem|p1b: Great Tusk|Booster Energy\n|-activate|p1b: Great Tusk|ability: Protosynthesis|[fromitem]\n|-start|p1b: Great Tusk|protosynthesisdef\n|turn|1\n|\n|t:|1695703261\n|-terastallize|p2b: Falinks|Ghost\n|move|p2a: Marshadow|Fling|p2b: Falinks\n|-supereffective|p2b: Falinks\n|-damage|p2b: Falinks|87\/100\n|-boost|p2b: Falinks|spd|1|[from] item: Apicot Berry\n|-enditem|p2b: Falinks|Weakness Policy\n|-boost|p2b: Falinks|atk|2|[from] item: Weakness Policy\n|-boost|p2b: Falinks|spa|2|[from] item: Weakness Policy\n|-enditem|p2a: Marshadow|Apicot Berry|[from] move: Fling\n|move|p1b: Great Tusk|Earthquake|p2a: Marshadow|[spread] p2a,p2b\n|-immune|p1a: Orthworm|[from] ability: Earth Eater\n|-damage|p2a: Marshadow|67\/100\n|-damage|p2b: Falinks|50\/100\n|move|p2b: Falinks|No Retreat|p2b: Falinks\n|-boost|p2b: Falinks|atk|1\n|-boost|p2b: Falinks|def|1\n|-boost|p2b: Falinks|spa|1\n|-boost|p2b: Falinks|spd|1\n|-boost|p2b: Falinks|spe|1\n|-start|p2b: Falinks|move: No Retreat\n|move|p1a: Orthworm|Shed Tail|p1a: Orthworm\n|-start|p1a: Orthworm|Substitute|[from] move: Shed Tail\n|-damage|p1a: Orthworm|50\/100\n|inactive|Kampira has 120 seconds left.\n|\n|t:|1695703286\n|switch|p1a: Ceruledge|Ceruledge, M|100\/100|[from] Shed Tail\n|\n|upkeep\n|turn|2\n|\n|t:|1695703295\n|move|p1b: Great Tusk|Protect|p1b: Great Tusk\n|-singleturn|p1b: Great Tusk|Protect\n|move|p2b: Falinks|Coaching|p2a: Marshadow\n|-boost|p2a: Marshadow|atk|1\n|-boost|p2a: Marshadow|def|1\n|move|p2a: Marshadow|Spectral Thief||[still]\n|-clearpositiveboost|p2b: Falinks|p2a: Marshadow|move: Spectral Thief\n|-boost|p2a: Marshadow|atk|3\n|-boost|p2a: Marshadow|def|1\n|-boost|p2a: Marshadow|spa|3\n|-boost|p2a: Marshadow|spd|2\n|-boost|p2a: Marshadow|spe|1\n|-anim|p2a: Marshadow|Spectral Thief|p2b: Falinks\n|-supereffective|p2b: Falinks\n|-damage|p2b: Falinks|0 fnt\n|faint|p2b: Falinks\n|move|p1a: Ceruledge|Swords Dance|p1a: Ceruledge\n|-boost|p1a: Ceruledge|atk|2\n|\n|upkeep\n|\n|t:|1695703314\n|switch|p2b: Flamigo|Flamigo, F|100\/100\n|-copyboost|p2b: Flamigo|p2a: Marshadow|[from] ability: Costar\n|turn|3\n|c|\u2606Kampira|It's so joever\n|\n|t:|1695703335\n|move|p2a: Marshadow|Spectral Thief||[still]\n|-clearpositiveboost|p1a: Ceruledge|p2a: Marshadow|move: Spectral Thief\n|-boost|p2a: Marshadow|atk|2\n|-anim|p2a: Marshadow|Spectral Thief|p1a: Ceruledge\n|-supereffective|p1a: Ceruledge\n|-damage|p1a: Ceruledge|0 fnt\n|faint|p1a: Ceruledge\n|move|p2b: Flamigo|Acrobatics|p1b: Great Tusk\n|-supereffective|p1b: Great Tusk\n|-damage|p1b: Great Tusk|29\/100\n|move|p1b: Great Tusk|Ice Spinner|p2a: Marshadow\n|-damage|p2a: Marshadow|56\/100\n|\n|upkeep\n|inactive|Kampira has 120 seconds left.\n|\n|t:|1695703352\n|switch|p1a: Wo-Chien|Wo-Chien|100\/100\n|-ability|p1a: Wo-Chien|Tablets of Ruin\n|turn|4\n|\n|t:|1695703364\n|move|p1a: Wo-Chien|Protect|p1a: Wo-Chien\n|-singleturn|p1a: Wo-Chien|Protect\n|move|p2a: Marshadow|Spectral Thief||[still]\n|-clearpositiveboost|p2b: Flamigo|p2a: Marshadow|move: Spectral Thief\n|-boost|p2a: Marshadow|atk|0\n|-boost|p2a: Marshadow|def|2\n|-boost|p2a: Marshadow|spa|3\n|-boost|p2a: Marshadow|spd|2\n|-boost|p2a: Marshadow|spe|1\n|-anim|p2a: Marshadow|Spectral Thief|p2b: Flamigo\n|-damage|p2b: Flamigo|0 fnt\n|faint|p2b: Flamigo\n|move|p1b: Great Tusk|Earthquake|p2a: Marshadow|[spread] p2a\n|-activate|p1a: Wo-Chien|move: Protect\n|-damage|p2a: Marshadow|48\/100\n|\n|upkeep\n|\n|t:|1695703379\n|switch|p2b: Sinistcha|Sinistcha-Masterpiece|100\/100\n|-heal|p2a: Marshadow|73\/100|[from] ability: Hospitality|[of] p2b: Sinistcha\n|turn|5\n|\n|t:|1695703393\n|switch|p2b: Latios|Latios, M|100\/100\n|move|p2a: Marshadow|Drain Punch|p1a: Wo-Chien\n|-supereffective|p1a: Wo-Chien\n|-damage|p1a: Wo-Chien|0 fnt\n|-heal|p2a: Marshadow|100\/100|[from] drain|[of] p1a: Wo-Chien\n|faint|p1a: Wo-Chien\n|move|p1b: Great Tusk|Earthquake|p2b: Latios|[spread] p2a\n|-immune|p2b: Latios|[from] ability: Levitate\n|-damage|p2a: Marshadow|90\/100\n|\n|upkeep\n|inactive|Kampira has 120 seconds left.\n|\n|t:|1695703422\n|switch|p1a: Armarouge|Armarouge, M|100\/100\n|turn|6\n|\n|t:|1695703443\n|detailschange|p2b: Latios|Latios-Mega, M\n|-mega|p2b: Latios|Latios|Latiosite\n|-terastallize|p1a: Armarouge|Normal\n|move|p2a: Marshadow|Spectral Thief|p1a: Armarouge\n|-immune|p1a: Armarouge\n|move|p2b: Latios|Psych Up|p2a: Marshadow\n|-copyboost|p2b: Latios|p2a: Marshadow|[from] move: Psych Up\n|move|p1b: Great Tusk|Ice Spinner|p2b: Latios\n|-supereffective|p2b: Latios\n|-damage|p2b: Latios|89\/100\n|move|p1a: Armarouge|Psychic Terrain|p1a: Armarouge\n|-fieldstart|move: Psychic Terrain\n|\n|upkeep\n|turn|7\n|\n|t:|1695703470\n|-end|p1b: Great Tusk|Protosynthesis|[silent]\n|switch|p1b: Orthworm|Orthworm, M|50\/100\n|move|p1a: Armarouge|Protect|p1a: Armarouge\n|-singleturn|p1a: Armarouge|Protect\n|move|p2b: Latios|Air Slash|p1b: Orthworm\n|-resisted|p1b: Orthworm\n|-damage|p1b: Orthworm|0 fnt\n|faint|p1b: Orthworm\n|move|p2a: Marshadow|Drain Punch|p1a: Armarouge\n|-activate|p1a: Armarouge|move: Protect\n|\n|upkeep\n|\n|t:|1695703484\n|switch|p1b: Ting-Lu|Ting-Lu|100\/100\n|-ability|p1b: Ting-Lu|Vessel of Ruin\n|turn|8\n|\n|t:|1695703496\n|move|p2b: Latios|Dragon Pulse|p1b: Ting-Lu\n|-damage|p1b: Ting-Lu|6\/100\n|-enditem|p1b: Ting-Lu|Iapapa Berry|[eat]\n|-heal|p1b: Ting-Lu|39\/100|[from] item: Iapapa Berry\n|move|p2a: Marshadow|Drain Punch|p1a: Armarouge\n|-supereffective|p1a: Armarouge\n|-damage|p1a: Armarouge|0 fnt\n|-heal|p2a: Marshadow|100\/100|[from] drain|[of] p1a: Armarouge\n|faint|p1a: Armarouge\n|move|p1b: Ting-Lu|Throat Chop|p2a: Marshadow\n|-damage|p2a: Marshadow|89\/100\n|-start|p2a: Marshadow|Throat Chop|[silent]\n|\n|upkeep\n|\n|t:|1695703512\n|switch|p1a: Great Tusk|Great Tusk|29\/100\n|turn|9\n|\n|t:|1695703522\n|move|p1a: Great Tusk|Protect|p1a: Great Tusk\n|-singleturn|p1a: Great Tusk|Protect\n|move|p2b: Latios|Dragon Pulse|p1b: Ting-Lu\n|-damage|p1b: Ting-Lu|0 fnt\n|faint|p1b: Ting-Lu\n|move|p2a: Marshadow|Acrobatics|p1a: Great Tusk\n|-activate|p1a: Great Tusk|move: Protect\n|\n|-end|p2a: Marshadow|Throat Chop|[silent]\n|upkeep\n|turn|10\n|\n|t:|1695703533\n|move|p2b: Latios|Air Slash|p1a: Great Tusk\n|-supereffective|p1a: Great Tusk\n|-damage|p1a: Great Tusk|0 fnt\n|faint|p1a: Great Tusk\n|-end|p1a: Great Tusk|Protosynthesis|[silent]\n|\n|win|calist crusader\n|raw|Kampira's rating: 1002 &rarr; <strong>1000<\/strong><br \/>(-2 for losing)\n|raw|calist crusader's rating: 1108 &rarr; <strong>1126<\/strong><br \/>(+18 for winning)\n|l|\u2606Kampira\n","uploadtime":1695703539,"views":7,"p1id":"kampira","p2id":"calistcrusader","formatid":"gen9nationaldexdoubles","rating":1000,"private":0,"password":""}