{"id":"gen9nationaldexdoubles-1953493511","p1":"Kinglid","p2":"uuubeast","format":"[Gen 9] National Dex Doubles","log":"|j|\u2606Kinglid\n|j|\u2606uuubeast\n|t:|1695795331\n|gametype|doubles\n|player|p1|Kinglid|dancer|1079\n|player|p2|uuubeast|101|1117\n|teamsize|p1|6\n|teamsize|p2|6\n|gen|9\n|tier|[Gen 9] National Dex Doubles\n|rated|\n|rule|HP Percentage Mod: HP is shown in percentages\n|rule|Endless Battle Clause: Forcing endless battles is banned\n|rule|OHKO Clause: OHKO moves are banned\n|rule|Evasion Moves Clause: Evasion moves are banned\n|rule|Evasion Abilities Clause: Evasion abilities are banned\n|rule|Species Clause: Limit one of each Pok\u00e9mon\n|rule|Gravity Sleep Clause: The combination of sleep-inducing moves with imperfect accuracy and Gravity or Gigantamax Orbeetle are banned\n|clearpoke\n|poke|p1|Golisopod, F|\n|poke|p1|Manectric, M|\n|poke|p1|Ceruledge, M|\n|poke|p1|Tsareena, F|\n|poke|p1|Garchomp, M|\n|poke|p1|Togekiss, M|\n|poke|p2|Pelipper, F|\n|poke|p2|Greninja-*, M|\n|poke|p2|Swampert, F|\n|poke|p2|Meloetta|\n|poke|p2|Primarina, F|\n|poke|p2|Zeraora|\n|teampreview\n|inactive|Battle timer is ON: inactive players will automatically lose when time's up. (requested by uuubeast)\n|\n|t:|1695795357\n|start\n|switch|p1a: Manectric|Manectric, M|100\/100\n|switch|p1b: Golisopod|Golisopod, F|100\/100\n|switch|p2a: Pelipper|Pelipper, F|100\/100\n|switch|p2b: Swampert|Swampert, F|100\/100\n|-item|p1a: Manectric|Air Balloon\n|-weather|RainDance|[from] ability: Drizzle|[of] p2a: Pelipper\n|turn|1\n|inactive|uuubeast has 120 seconds left.\n|\n|t:|1695795397\n|detailschange|p2b: Swampert|Swampert-Mega, F\n|-mega|p2b: Swampert|Swampert|Swampertite\n|move|p2a: Pelipper|Protect|p2a: Pelipper\n|-singleturn|p2a: Pelipper|Protect\n|move|p1b: Golisopod|First Impression|p2b: Swampert\n|-damage|p2b: Swampert|53\/100\n|move|p2b: Swampert|Echoed Voice|p1a: Manectric\n|-damage|p1a: Manectric|77\/100\n|-enditem|p1a: Manectric|Air Balloon\n|move|p1a: Manectric|Volt Switch|p2a: Pelipper\n|-activate|p2a: Pelipper|move: Protect\n|\n|-weather|RainDance|[upkeep]\n|upkeep\n|turn|2\n|inactive|uuubeast has 120 seconds left.\n|inactive|Kinglid has 120 seconds left.\n|\n|t:|1695795430\n|switch|p2a: Zeraora|Zeraora|100\/100\n|move|p2b: Swampert|Echoed Voice|p1a: Manectric\n|-damage|p1a: Manectric|29\/100\n|move|p1a: Manectric|Volt Switch|p2a: Zeraora\n|-immune|p2a: Zeraora|[from] ability: Volt Absorb\n|move|p1b: Golisopod|Leech Life|p2b: Swampert\n|-damage|p2b: Swampert|11\/100\n|\n|-weather|RainDance|[upkeep]\n|upkeep\n|turn|3\n|inactive|Kinglid has 120 seconds left.\n|\n|t:|1695795457\n|move|p1b: Golisopod|Sucker Punch|p2b: Swampert\n|-crit|p2b: Swampert\n|-damage|p2b: Swampert|0 fnt\n|faint|p2b: Swampert\n|move|p2a: Zeraora|Plasma Fists|p1a: Manectric\n|-activate|p1a: Manectric|ability: Lightning Rod\n|-ability|p1a: Manectric|Lightning Rod|boost\n|-boost|p1a: Manectric|spa|1\n|move|p1a: Manectric|Signal Beam|p2a: Zeraora\n|-crit|p2a: Zeraora\n|-damage|p2a: Zeraora|40\/100\n|-start|p2a: Zeraora|confusion\n|\n|-weather|RainDance|[upkeep]\n|upkeep\n|inactive|uuubeast has 120 seconds left.\n|\n|t:|1695795470\n|switch|p2b: Greninja|Greninja, M|100\/100\n|turn|4\n|\n|t:|1695795483\n|-activate|p2a: Zeraora|confusion\n|move|p2a: Zeraora|Echoed Voice|p1a: Manectric\n|-damage|p1a: Manectric|13\/100\n|move|p2b: Greninja|Echoed Voice|p1a: Manectric\n|-start|p2b: Greninja|typechange|Normal|[from] ability: Protean\n|-damage|p1a: Manectric|0 fnt\n|faint|p1a: Manectric\n|move|p1b: Golisopod|Leech Life|p2b: Greninja\n|-damage|p2b: Greninja|21\/100\n|\n|-weather|RainDance|[upkeep]\n|upkeep\n|inactive|Kinglid has 120 seconds left.\n|\n|t:|1695795526\n|switch|p1a: Garchomp|Garchomp, M|100\/100\n|turn|5\n|inactive|Kinglid has 120 seconds left.\n|\n|t:|1695795543\n|switch|p2b: Primarina|Primarina, F|100\/100\n|move|p1b: Golisopod|Sucker Punch||[still]\n|-fail|p1b: Golisopod\n|-activate|p2a: Zeraora|confusion\n|move|p2a: Zeraora|Echoed Voice|p1a: Garchomp\n|-damage|p1a: Garchomp|86\/100\n|move|p1a: Garchomp|Poison Jab|p2a: Zeraora\n|-damage|p2a: Zeraora|5\/100\n|\n|-weather|RainDance|[upkeep]\n|upkeep\n|turn|6\n|\n|t:|1695795561\n|move|p1b: Golisopod|Sucker Punch|p2a: Zeraora\n|-damage|p2a: Zeraora|0 fnt\n|faint|p2a: Zeraora\n|move|p2b: Primarina|Echoed Voice|p1a: Garchomp\n|-damage|p1a: Garchomp|6\/100\n|move|p1a: Garchomp|Poison Jab|p2b: Primarina\n|-supereffective|p2b: Primarina\n|-damage|p2b: Primarina|31\/100\n|\n|-weather|RainDance|[upkeep]\n|upkeep\n|\n|t:|1695795569\n|switch|p2a: Meloetta|Meloetta|100\/100\n|turn|7\n|\n|t:|1695795585\n|move|p2a: Meloetta|Echoed Voice|p1b: Golisopod\n|-damage|p1b: Golisopod|21\/100\n|-activate|p1b: Golisopod|ability: Emergency Exit\n|\n|t:|1695795592\n|switch|p1b: Tsareena|Tsareena, F|100\/100\n|move|p2b: Primarina|Echoed Voice|p1a: Garchomp\n|-damage|p1a: Garchomp|0 fnt\n|faint|p1a: Garchomp\n|\n|-weather|RainDance|[upkeep]\n|upkeep\n|\n|t:|1695795599\n|switch|p1a: Golisopod|Golisopod, F|21\/100\n|turn|8\n|\n|t:|1695795613\n|switch|p2a: Pelipper|Pelipper, F|100\/100\n|move|p1a: Golisopod|First Impression|p2a: Pelipper\n|-resisted|p2a: Pelipper\n|-damage|p2a: Pelipper|70\/100\n|move|p2b: Primarina|Echoed Voice|p1b: Tsareena\n|-resisted|p1b: Tsareena\n|-damage|p1b: Tsareena|21\/100\n|-enditem|p1b: Tsareena|Red Card|[of] p2b: Primarina\n|drag|p2b: Greninja|Greninja, M|21\/100\n|move|p1b: Tsareena|Trailblaze|p2b: Greninja\n|-supereffective|p2b: Greninja\n|-damage|p2b: Greninja|0 fnt\n|-boost|p1b: Tsareena|spe|1\n|faint|p2b: Greninja\n|\n|-weather|none\n|upkeep\n|\n|t:|1695795628\n|switch|p2b: Meloetta|Meloetta|100\/100\n|turn|9\n|\n|t:|1695795648\n|move|p2b: Meloetta|Echoed Voice|p1b: Tsareena\n|-damage|p1b: Tsareena|0 fnt\n|faint|p1b: Tsareena\n|move|p2a: Pelipper|Echoed Voice|p1a: Golisopod\n|-damage|p1a: Golisopod|0 fnt\n|faint|p1a: Golisopod\n|\n|upkeep\n|\n|t:|1695795658\n|switch|p1b: Togekiss|Togekiss, M|100\/100\n|switch|p1a: Ceruledge|Ceruledge, M|100\/100\n|turn|10\n|\n|t:|1695795682\n|move|p2b: Meloetta|Echoed Voice|p1b: Togekiss\n|-damage|p1b: Togekiss|8\/100\n|move|p1b: Togekiss|Air Slash|p2a: Pelipper\n|-damage|p2a: Pelipper|16\/100\n|move|p1a: Ceruledge|X-Scissor|p2b: Meloetta\n|-supereffective|p2b: Meloetta\n|-damage|p2b: Meloetta|27\/100\n|move|p2a: Pelipper|U-turn|p1b: Togekiss\n|-resisted|p1b: Togekiss\n|-damage|p1b: Togekiss|7\/100\n|\n|t:|1695795691\n|switch|p2a: Primarina|Primarina, F|31\/100|[from] U-turn\n|\n|upkeep\n|turn|11\n|\n|t:|1695795710\n|move|p2b: Meloetta|Echoed Voice|p1b: Togekiss\n|-damage|p1b: Togekiss|0 fnt\n|faint|p1b: Togekiss\n|move|p2a: Primarina|Echoed Voice|p1a: Ceruledge\n|-supereffective|p1a: Ceruledge\n|-damage|p1a: Ceruledge|0 fnt\n|faint|p1a: Ceruledge\n|\n|win|uuubeast\n|raw|Kinglid's rating: 1079 &rarr; <strong>1060<\/strong><br \/>(-19 for losing)\n|raw|uuubeast's rating: 1117 &rarr; <strong>1139<\/strong><br \/>(+22 for winning)\n","uploadtime":1695795720,"views":15,"p1id":"kinglid","p2id":"uuubeast","formatid":"gen9nationaldexdoubles","rating":1060,"private":0,"password":""}