{"id":"gen9nationaldexdoubles-1982572090","p1":"AdvancedDigit","p2":"MasterHand","format":"[Gen 9] National Dex Doubles","log":"|j|\u2606AdvancedDigit\n|j|\u2606MasterHand\n|t:|1699026551\n|gametype|doubles\n|player|p1|AdvancedDigit|hilbert|1298\n|player|p2|MasterHand|volkner|1258\n|teamsize|p1|6\n|teamsize|p2|6\n|gen|9\n|tier|[Gen 9] National Dex Doubles\n|rated|\n|rule|HP Percentage Mod: HP is shown in percentages\n|rule|Endless Battle Clause: Forcing endless battles is banned\n|rule|OHKO Clause: OHKO moves are banned\n|rule|Evasion Moves Clause: Evasion moves are banned\n|rule|Evasion Abilities Clause: Evasion abilities are banned\n|rule|Species Clause: Limit one of each Pok\u00e9mon\n|rule|Gravity Sleep Clause: The combination of sleep-inducing moves with imperfect accuracy and Gravity or Gigantamax Orbeetle are banned\n|clearpoke\n|poke|p1|Goodra-Hisui, M|\n|poke|p1|Ribombee, M|\n|poke|p1|Indeedee-F, F|\n|poke|p1|Mr. Mime, M|\n|poke|p1|Farigiraf, M|\n|poke|p1|Jumpluff, F|\n|poke|p2|Blastoise, F|\n|poke|p2|Parasect, F|\n|poke|p2|Oranguru, F|\n|poke|p2|Linoone, M|\n|poke|p2|Enamorus, F|\n|poke|p2|Iron Hands|\n|teampreview\n|\n|t:|1699026558\n|start\n|switch|p1a: Indeedee|Indeedee-F, F|100\/100\n|switch|p1b: Jumpluff|Jumpluff, F|100\/100\n|switch|p2a: Iron Hands|Iron Hands|100\/100\n|switch|p2b: Oranguru|Oranguru, F|100\/100\n|-fieldstart|move: Psychic Terrain|[from] ability: Psychic Surge|[of] p1a: Indeedee\n|-enditem|p2a: Iron Hands|Booster Energy\n|-activate|p2b: Oranguru|ability: Symbiosis|Life Orb|[of] p2a: Iron Hands\n|-activate|p2a: Iron Hands|ability: Quark Drive|[fromitem]\n|-start|p2a: Iron Hands|quarkdriveatk\n|turn|1\n|\n|t:|1699026588\n|move|p2a: Iron Hands|Fake Out|p1b: Jumpluff\n|-hint|Psychic Terrain doesn't affect Pok\u00e9mon immune to Ground.\n|-damage|p1b: Jumpluff|66\/100\n|-damage|p2a: Iron Hands|91\/100|[from] item: Life Orb\n|move|p1a: Indeedee|Follow Me|p1a: Indeedee\n|-singleturn|p1a: Indeedee|move: Follow Me\n|cant|p1b: Jumpluff|flinch\n|move|p2b: Oranguru|Trick Room|p2b: Oranguru\n|-fieldstart|move: Trick Room|[of] p2b: Oranguru\n|\n|upkeep\n|turn|2\n|\n|t:|1699026608\n|move|p2a: Iron Hands|Drain Punch|p1a: Indeedee\n|-damage|p1a: Indeedee|0 fnt\n|-heal|p2a: Iron Hands|100\/100|[from] drain|[of] p1a: Indeedee\n|faint|p1a: Indeedee\n|-damage|p2a: Iron Hands|91\/100|[from] item: Life Orb\n|move|p2b: Oranguru|Yawn|p1b: Jumpluff\n|-start|p1b: Jumpluff|move: Yawn|[of] p2b: Oranguru\n|move|p1b: Jumpluff|Cotton Guard|p1b: Jumpluff\n|-boost|p1b: Jumpluff|def|3\n|\n|upkeep\n|\n|t:|1699026618\n|switch|p1a: Mr. Mime|Mr. Mime, M|100\/100\n|turn|3\n|\n|t:|1699026634\n|move|p1a: Mr. Mime|Follow Me|p1a: Mr. Mime\n|-singleturn|p1a: Mr. Mime|move: Follow Me\n|move|p2a: Iron Hands|Ice Punch|p1a: Mr. Mime\n|-damage|p1a: Mr. Mime|17\/100\n|-damage|p2a: Iron Hands|81\/100|[from] item: Life Orb\n|move|p2b: Oranguru|Yawn|p1a: Mr. Mime\n|-start|p1a: Mr. Mime|move: Yawn|[of] p2b: Oranguru\n|move|p1b: Jumpluff|Baton Pass|p1b: Jumpluff\n|\n|t:|1699026642\n|switch|p1b: Goodra|Goodra-Hisui, M|100\/100|[from] Baton Pass\n|\n|-heal|p1a: Mr. Mime|23\/100|[from] item: Leftovers\n|upkeep\n|turn|4\n|\n|t:|1699026658\n|move|p1a: Mr. Mime|Follow Me|p1a: Mr. Mime\n|-singleturn|p1a: Mr. Mime|move: Follow Me\n|move|p2a: Iron Hands|Drain Punch|p1a: Mr. Mime\n|-resisted|p1a: Mr. Mime\n|-damage|p1a: Mr. Mime|0 fnt\n|-heal|p2a: Iron Hands|87\/100|[from] drain|[of] p1a: Mr. Mime\n|faint|p1a: Mr. Mime\n|-damage|p2a: Iron Hands|77\/100|[from] item: Life Orb\n|move|p2b: Oranguru|Instruct|p2a: Iron Hands\n|-singleturn|p2a: Iron Hands|move: Instruct|[of] p2b: Oranguru\n|move|p2a: Iron Hands|Drain Punch|p1b: Goodra\n|-supereffective|p1b: Goodra\n|-damage|p1b: Goodra|38\/100\n|-heal|p2a: Iron Hands|99\/100|[from] drain|[of] p1b: Goodra\n|-damage|p2a: Iron Hands|89\/100|[from] item: Life Orb\n|move|p1b: Goodra|Body Press|p2b: Oranguru\n|-damage|p2b: Oranguru|54\/100\n|\n|upkeep\n|\n|t:|1699026693\n|switch|p1a: Farigiraf|Farigiraf, M|100\/100\n|turn|5\n|\n|t:|1699026704\n|-terastallize|p2a: Iron Hands|Fighting\n|-terastallize|p1b: Goodra|Ghost\n|move|p2a: Iron Hands|Drain Punch|p1b: Goodra\n|-immune|p1b: Goodra\n|move|p2b: Oranguru|Instruct|p2a: Iron Hands\n|-singleturn|p2a: Iron Hands|move: Instruct|[of] p2b: Oranguru\n|move|p2a: Iron Hands|Drain Punch|p1b: Goodra\n|-immune|p1b: Goodra\n|move|p1a: Farigiraf|Reflect|p1a: Farigiraf\n|-sidestart|p1: AdvancedDigit|Reflect\n|move|p1b: Goodra|Rest|p1b: Goodra\n|-status|p1b: Goodra|slp|[from] move: Rest\n|-heal|p1b: Goodra|100\/100 slp|[silent]\n|\n|-fieldend|move: Trick Room\n|-fieldend|move: Psychic Terrain\n|upkeep\n|turn|6\n|\n|t:|1699026725\n|cant|p1b: Goodra|slp\n|move|p1a: Farigiraf|Psychic|p2a: Iron Hands\n|-supereffective|p2a: Iron Hands\n|-damage|p2a: Iron Hands|24\/100\n|move|p2b: Oranguru|Encore|p1a: Farigiraf\n|-start|p1a: Farigiraf|Encore\n|move|p2a: Iron Hands|Thunder Punch|p1b: Goodra\n|-damage|p1b: Goodra|82\/100 slp\n|-damage|p2a: Iron Hands|14\/100|[from] item: Life Orb\n|\n|upkeep\n|turn|7\n|\n|t:|1699026743\n|move|p1a: Farigiraf|Psychic|p2a: Iron Hands\n|-supereffective|p2a: Iron Hands\n|-damage|p2a: Iron Hands|0 fnt\n|faint|p2a: Iron Hands\n|-end|p2a: Iron Hands|Quark Drive|[silent]\n|cant|p1b: Goodra|slp\n|move|p2b: Oranguru|Yawn|p1a: Farigiraf\n|-start|p1a: Farigiraf|move: Yawn|[of] p2b: Oranguru\n|\n|upkeep\n|\n|t:|1699026758\n|switch|p2a: Linoone|Linoone, M|100\/100\n|turn|8\n|\n|t:|1699026770\n|switch|p2b: Blastoise|Blastoise, F|100\/100\n|move|p2a: Linoone|Simple Beam|p2b: Blastoise\n|-endability|p2b: Blastoise|Torrent|[from] move: Simple Beam\n|-ability|p2b: Blastoise|Simple|[from] move: Simple Beam\n|move|p1a: Farigiraf|Psychic|p2a: Linoone\n|-damage|p2a: Linoone|49\/100\n|-curestatus|p1b: Goodra|slp|[msg]\n|move|p1b: Goodra|Body Press|p2a: Linoone\n|-supereffective|p2a: Linoone\n|-damage|p2a: Linoone|0 fnt\n|faint|p2a: Linoone\n|\n|-end|p1a: Farigiraf|move: Yawn|[silent]\n|-status|p1a: Farigiraf|slp\n|upkeep\n|\n|t:|1699026775\n|switch|p2a: Parasect|Parasect, F|100\/100\n|turn|9\n|\n|t:|1699026801\n|switch|p1a: Jumpluff|Jumpluff, F|66\/100\n|move|p2a: Parasect|Rage Powder|p2a: Parasect\n|-singleturn|p2a: Parasect|move: Rage Powder\n|move|p2b: Blastoise|Shell Smash|p2b: Blastoise\n|-unboost|p2b: Blastoise|def|2\n|-unboost|p2b: Blastoise|spd|2\n|-boost|p2b: Blastoise|atk|4\n|-boost|p2b: Blastoise|spa|4\n|-boost|p2b: Blastoise|spe|4\n|-enditem|p2b: Blastoise|White Herb\n|-clearnegativeboost|p2b: Blastoise|[silent]\n|move|p1b: Goodra|Dragon Pulse|p2a: Parasect\n|-damage|p2a: Parasect|72\/100\n|-enditem|p2a: Parasect|Eject Button\n|\n|t:|1699026820\n|switch|p2a: Oranguru|Oranguru, F|54\/100\n|\n|-sideend|p1: AdvancedDigit|Reflect\n|upkeep\n|turn|10\n|\n|t:|1699026832\n|move|p2b: Blastoise|Water Spout|p1b: Goodra|[spread] p1a,p1b\n|-resisted|p1a: Jumpluff\n|-damage|p1a: Jumpluff|0 fnt\n|-damage|p1b: Goodra|11\/100\n|faint|p1a: Jumpluff\n|move|p1b: Goodra|Dragon Pulse|p2b: Blastoise\n|-damage|p2b: Blastoise|66\/100\n|move|p2a: Oranguru|Instruct|p2b: Blastoise\n|-singleturn|p2b: Blastoise|move: Instruct|[of] p2a: Oranguru\n|move|p2b: Blastoise|Water Spout|p1b: Goodra\n|-damage|p1b: Goodra|0 fnt\n|faint|p1b: Goodra\n|\n|upkeep\n|\n|t:|1699026841\n|switch|p1a: Farigiraf|Farigiraf, M|100\/100 slp\n|switch|p1b: Ribombee|Ribombee, M|100\/100\n|turn|11\n|\n|t:|1699026849\n|move|p2b: Blastoise|Water Spout|p1b: Ribombee|[spread] p1a,p1b\n|-damage|p1a: Farigiraf|38\/100 slp\n|-damage|p1b: Ribombee|0 fnt\n|faint|p1b: Ribombee\n|cant|p1a: Farigiraf|slp\n|move|p2a: Oranguru|Instruct|p2b: Blastoise\n|-singleturn|p2b: Blastoise|move: Instruct|[of] p2a: Oranguru\n|move|p2b: Blastoise|Water Spout|p1a: Farigiraf\n|-damage|p1a: Farigiraf|0 fnt\n|faint|p1a: Farigiraf\n|\n|win|MasterHand\n|raw|AdvancedDigit's rating: 1298 &rarr; <strong>1270<\/strong><br \/>(-28 for losing)\n|raw|MasterHand's rating: 1258 &rarr; <strong>1286<\/strong><br \/>(+28 for winning)\n|c|\u2606MasterHand|Ggwp\n","uploadtime":1699026864,"views":5,"p1id":"advanceddigit","p2id":"masterhand","formatid":"gen9nationaldexdoubles","rating":1270,"private":0,"password":""}