{"id":"gen9nationaldexdoubles-1995289204","p1":"thundervoltss","p2":"LDP333","format":"[Gen 9] National Dex Doubles","log":"|j|\u2606thundervoltss\n|j|\u2606LDP333\n|t:|1700547557\n|gametype|doubles\n|player|p1|thundervoltss|elesa-masters|1409\n|player|p2|LDP333|riley|1682\n|teamsize|p1|6\n|teamsize|p2|6\n|gen|9\n|tier|[Gen 9] National Dex Doubles\n|rated|\n|rule|HP Percentage Mod: HP is shown in percentages\n|rule|Endless Battle Clause: Forcing endless battles is banned\n|rule|OHKO Clause: OHKO moves are banned\n|rule|Evasion Moves Clause: Evasion moves are banned\n|rule|Evasion Abilities Clause: Evasion abilities are banned\n|rule|Species Clause: Limit one of each Pok\u00e9mon\n|rule|Gravity Sleep Clause: The combination of sleep-inducing moves with imperfect accuracy and Gravity or Gigantamax Orbeetle are banned\n|clearpoke\n|poke|p1|Kommo-o, M|\n|poke|p1|Blacephalon|\n|poke|p1|Indeedee-F, F|\n|poke|p1|Incineroar, F|\n|poke|p1|Sneasler, F|\n|poke|p1|Rillaboom, M|\n|poke|p2|Kommo-o, F|\n|poke|p2|Iron Bundle|\n|poke|p2|Tyranitar, F|\n|poke|p2|Flutter Mane|\n|poke|p2|Incineroar, F|\n|poke|p2|Rillaboom, F|\n|teampreview\n|\n|t:|1700547573\n|start\n|switch|p1a: Indeedee|Indeedee-F, F|100\/100\n|switch|p1b: Blacephalon|Blacephalon|100\/100\n|switch|p2a: Tyranitar|Tyranitar, F, shiny|100\/100\n|switch|p2b: Flutter Mane|Flutter Mane|100\/100\n|-fieldstart|move: Psychic Terrain|[from] ability: Psychic Surge|[of] p1a: Indeedee\n|-enditem|p1a: Indeedee|Psychic Seed\n|-boost|p1a: Indeedee|spd|1|[from] item: Psychic Seed\n|-weather|Sandstorm|[from] ability: Sand Stream|[of] p2a: Tyranitar\n|turn|1\n|\n|t:|1700547592\n|-end|p2b: Flutter Mane|Protosynthesis|[silent]\n|switch|p2b: universe first|Incineroar, F, shiny|100\/100\n|-ability|p2b: universe first|Intimidate|boost\n|-unboost|p1a: Indeedee|atk|1\n|-unboost|p1b: Blacephalon|atk|1\n|detailschange|p2a: Tyranitar|Tyranitar-Mega, F, shiny\n|-mega|p2a: Tyranitar|Tyranitar|Tyranitarite\n|move|p1a: Indeedee|Follow Me|p1a: Indeedee\n|-singleturn|p1a: Indeedee|move: Follow Me\n|move|p1b: Blacephalon|Heat Wave|p2b: universe first|[spread] p2a,p2b\n|-resisted|p2a: Tyranitar\n|-resisted|p2b: universe first\n|-damage|p2a: Tyranitar|88\/100\n|-damage|p2b: universe first|82\/100\n|-damage|p1b: Blacephalon|91\/100|[from] item: Life Orb\n|move|p2a: Tyranitar|Rock Slide|p1b: Blacephalon|[spread] p1b\n|-miss|p2a: Tyranitar|p1a: Indeedee\n|-supereffective|p1b: Blacephalon\n|-damage|p1b: Blacephalon|0 fnt\n|faint|p1b: Blacephalon\n|\n|-weather|Sandstorm|[upkeep]\n|-damage|p1a: Indeedee|94\/100|[from] Sandstorm\n|-damage|p2b: universe first|76\/100|[from] Sandstorm\n|upkeep\n|\n|t:|1700547600\n|switch|p1b: Kommo-o|Kommo-o, M|100\/100\n|turn|2\n|\n|t:|1700547614\n|switch|p2a: Komm-susser-Tod|Kommo-o, F, shiny|100\/100\n|switch|p2b: Flutter Mane|Flutter Mane|100\/100\n|move|p1a: Indeedee|Follow Me|p1a: Indeedee\n|-singleturn|p1a: Indeedee|move: Follow Me\n|-zpower|p1b: Kommo-o\n|move|p1b: Kommo-o|Clangorous Soulblaze|p2a: Komm-susser-Tod|[zeffect]|[spread] \n|-immune|p2a: Komm-susser-Tod|[from] ability: Soundproof\n|-immune|p2b: Flutter Mane\n|\n|-weather|Sandstorm|[upkeep]\n|-damage|p2b: Flutter Mane|94\/100|[from] Sandstorm\n|-damage|p2a: Komm-susser-Tod|94\/100|[from] Sandstorm\n|-damage|p1b: Kommo-o|94\/100|[from] Sandstorm\n|-damage|p1a: Indeedee|88\/100|[from] Sandstorm\n|upkeep\n|turn|3\n|c|\u2606thundervoltss|bro what\n|c|\u2606thundervoltss|did you forget to change your ability\n|c|\u2606thundervoltss|literally the only time in 50 years that ability's gonna be used\n|\n|t:|1700547659\n|move|p1b: Kommo-o|Protect|p1b: Kommo-o\n|-singleturn|p1b: Kommo-o|Protect\n|move|p2b: Flutter Mane|Moonblast|p1a: Indeedee\n|-damage|p1a: Indeedee|48\/100\n|-zpower|p2a: Komm-susser-Tod\n|move|p2a: Komm-susser-Tod|Clangorous Soulblaze|p1a: Indeedee|[zeffect]|[spread] p1a,p1b\n|-supereffective|p1b: Kommo-o\n|-zbroken|p1b: Kommo-o\n|-damage|p1a: Indeedee|17\/100\n|-damage|p1b: Kommo-o|67\/100\n|-boost|p2a: Komm-susser-Tod|atk|1\n|-boost|p2a: Komm-susser-Tod|def|1\n|-boost|p2a: Komm-susser-Tod|spa|1\n|-boost|p2a: Komm-susser-Tod|spd|1\n|-boost|p2a: Komm-susser-Tod|spe|1\n|move|p1a: Indeedee|Dazzling Gleam|p2b: Flutter Mane|[spread] p2a,p2b\n|-supereffective|p2a: Komm-susser-Tod\n|-damage|p2a: Komm-susser-Tod|53\/100\n|-damage|p2b: Flutter Mane|83\/100\n|\n|-weather|Sandstorm|[upkeep]\n|-damage|p2a: Komm-susser-Tod|47\/100|[from] Sandstorm\n|-damage|p2b: Flutter Mane|76\/100|[from] Sandstorm\n|-damage|p1b: Kommo-o|61\/100|[from] Sandstorm\n|-damage|p1a: Indeedee|11\/100|[from] Sandstorm\n|upkeep\n|turn|4\n|\n|t:|1700547675\n|switch|p1b: Incineroar|Incineroar, F|100\/100\n|-ability|p1b: Incineroar|Intimidate|boost\n|-unboost|p2a: Komm-susser-Tod|atk|1\n|-unboost|p2b: Flutter Mane|atk|1\n|move|p2a: Komm-susser-Tod|Aura Sphere|p1a: Indeedee\n|-damage|p1a: Indeedee|0 fnt\n|faint|p1a: Indeedee\n|move|p2b: Flutter Mane|Moonblast|p1b: Incineroar\n|-damage|p1b: Incineroar|38\/100\n|-unboost|p1b: Incineroar|spa|1\n|-enditem|p1b: Incineroar|Sitrus Berry|[eat]\n|-heal|p1b: Incineroar|63\/100|[from] item: Sitrus Berry\n|\n|-weather|Sandstorm|[upkeep]\n|-damage|p2a: Komm-susser-Tod|41\/100|[from] Sandstorm\n|-damage|p2b: Flutter Mane|70\/100|[from] Sandstorm\n|-damage|p1b: Incineroar|57\/100|[from] Sandstorm\n|upkeep\n|\n|t:|1700547682\n|switch|p1a: Sneasler|Sneasler, F|100\/100\n|turn|5\n|\n|t:|1700547695\n|switch|p1b: Rillaboom|Rillaboom, M, shiny|100\/100\n|-fieldstart|move: Grassy Terrain|[from] ability: Grassy Surge|[of] p1b: Rillaboom\n|-enditem|p1a: Sneasler|Grassy Seed\n|-boost|p1a: Sneasler|def|1|[from] item: Grassy Seed\n|move|p1a: Sneasler|Dire Claw|p2b: Flutter Mane\n|-damage|p2b: Flutter Mane|6\/100\n|move|p2a: Komm-susser-Tod|Clanging Scales|p1b: Rillaboom|[spread] p1a,p1b\n|-damage|p1a: Sneasler|29\/100\n|-damage|p1b: Rillaboom|64\/100\n|-unboost|p2a: Komm-susser-Tod|def|1\n|move|p2b: Flutter Mane|Moonblast|p1a: Sneasler\n|-damage|p1a: Sneasler|0 fnt\n|faint|p1a: Sneasler\n|\n|-weather|none\n|-heal|p2a: Komm-susser-Tod|47\/100|[from] Grassy Terrain\n|-heal|p2b: Flutter Mane|12\/100|[from] Grassy Terrain\n|-heal|p1b: Rillaboom|70\/100|[from] Grassy Terrain\n|upkeep\n|\n|t:|1700547714\n|switch|p1a: Incineroar|Incineroar, F|57\/100\n|-ability|p1a: Incineroar|Intimidate|boost\n|-unboost|p2a: Komm-susser-Tod|atk|1\n|-unboost|p2b: Flutter Mane|atk|1\n|turn|6\n|\n|t:|1700547726\n|-end|p2b: Flutter Mane|Protosynthesis|[silent]\n|switch|p2b: universe first|Incineroar, F, shiny|76\/100\n|-ability|p2b: universe first|Intimidate|boost\n|-unboost|p1a: Incineroar|atk|1\n|-unboost|p1b: Rillaboom|atk|1\n|move|p2a: Komm-susser-Tod|Protect|p2a: Komm-susser-Tod\n|-singleturn|p2a: Komm-susser-Tod|Protect\n|move|p1a: Incineroar|Fake Out|p2a: Komm-susser-Tod\n|-activate|p2a: Komm-susser-Tod|move: Protect\n|move|p1b: Rillaboom|Grassy Glide|p2b: universe first\n|-resisted|p2b: universe first\n|-damage|p2b: universe first|65\/100\n|\n|-heal|p2a: Komm-susser-Tod|53\/100|[from] Grassy Terrain\n|-heal|p1b: Rillaboom|76\/100|[from] Grassy Terrain\n|-heal|p1a: Incineroar|63\/100|[from] Grassy Terrain\n|-heal|p2b: universe first|71\/100|[from] Grassy Terrain\n|upkeep\n|turn|7\n|\n|t:|1700547742\n|switch|p1b: Kommo-o|Kommo-o, M|61\/100\n|-terastallize|p1a: Incineroar|Fairy\n|move|p2a: Komm-susser-Tod|Aura Sphere|p1a: Incineroar\n|-resisted|p1a: Incineroar\n|-damage|p1a: Incineroar|40\/100\n|move|p2b: universe first|Flare Blitz|p1b: Kommo-o\n|-resisted|p1b: Kommo-o\n|-damage|p1b: Kommo-o|40\/100\n|-damage|p2b: universe first|65\/100|[from] Recoil\n|move|p1a: Incineroar|Parting Shot|p2a: Komm-susser-Tod\n|-immune|p2a: Komm-susser-Tod|[from] ability: Soundproof\n|\n|-heal|p2a: Komm-susser-Tod|59\/100|[from] Grassy Terrain\n|-heal|p1b: Kommo-o|46\/100|[from] Grassy Terrain\n|-heal|p1a: Incineroar|46\/100|[from] Grassy Terrain\n|-heal|p2b: universe first|71\/100|[from] Grassy Terrain\n|upkeep\n|turn|8\n|c|\u2606thundervoltss|whys that a sound move\n|\n|t:|1700547763\n|move|p2a: Komm-susser-Tod|Protect|p2a: Komm-susser-Tod\n|-singleturn|p2a: Komm-susser-Tod|Protect\n|move|p1b: Kommo-o|Protect|p1b: Kommo-o\n|-singleturn|p1b: Kommo-o|Protect\n|move|p2b: universe first|Parting Shot|p1b: Kommo-o\n|-activate|p1b: Kommo-o|move: Protect\n|move|p1a: Incineroar|Taunt|p2a: Komm-susser-Tod\n|-activate|p2a: Komm-susser-Tod|move: Protect\n|\n|-heal|p2a: Komm-susser-Tod|65\/100|[from] Grassy Terrain\n|-heal|p1b: Kommo-o|52\/100|[from] Grassy Terrain\n|-heal|p1a: Incineroar|53\/100|[from] Grassy Terrain\n|-heal|p2b: universe first|78\/100|[from] Grassy Terrain\n|upkeep\n|turn|9\n|\n|t:|1700547773\n|switch|p2b: Tyranitar|Tyranitar-Mega, F, shiny|88\/100\n|-weather|Sandstorm|[from] ability: Sand Stream|[of] p2b: Tyranitar\n|move|p1b: Kommo-o|Protect||[still]\n|-fail|p1b: Kommo-o\n|move|p2a: Komm-susser-Tod|Clanging Scales|p1b: Kommo-o|[spread] p1b\n|-immune|p1a: Incineroar\n|-supereffective|p1b: Kommo-o\n|-crit|p1b: Kommo-o\n|-damage|p1b: Kommo-o|0 fnt\n|faint|p1b: Kommo-o\n|-unboost|p2a: Komm-susser-Tod|def|1\n|move|p1a: Incineroar|Taunt|p2a: Komm-susser-Tod\n|-start|p2a: Komm-susser-Tod|move: Taunt\n|\n|-weather|Sandstorm|[upkeep]\n|-damage|p2a: Komm-susser-Tod|59\/100|[from] Sandstorm\n|-damage|p1a: Incineroar|46\/100|[from] Sandstorm\n|-heal|p2a: Komm-susser-Tod|65\/100|[from] Grassy Terrain\n|-heal|p2b: Tyranitar|95\/100|[from] Grassy Terrain\n|-heal|p1a: Incineroar|53\/100|[from] Grassy Terrain\n|-fieldend|move: Grassy Terrain\n|upkeep\n|\n|t:|1700547779\n|switch|p1b: Rillaboom|Rillaboom, M, shiny|76\/100\n|-fieldstart|move: Grassy Terrain|[from] ability: Grassy Surge|[of] p1b: Rillaboom\n|turn|10\n|\n|t:|1700547796\n|move|p1b: Rillaboom|Grassy Glide|p2b: Tyranitar\n|-supereffective|p2b: Tyranitar\n|-damage|p2b: Tyranitar|47\/100\n|move|p2a: Komm-susser-Tod|Flamethrower|p1b: Rillaboom\n|-supereffective|p1b: Rillaboom\n|-damage|p1b: Rillaboom|24\/100\n|-status|p1b: Rillaboom|brn\n|move|p2b: Tyranitar|Rock Slide|p1a: Incineroar|[spread] p1a,p1b\n|-damage|p1a: Incineroar|26\/100\n|-damage|p1b: Rillaboom|0 fnt\n|faint|p1b: Rillaboom\n|move|p1a: Incineroar|Parting Shot|p2a: Komm-susser-Tod\n|-immune|p2a: Komm-susser-Tod|[from] ability: Soundproof\n|\n|-weather|Sandstorm|[upkeep]\n|-damage|p2a: Komm-susser-Tod|59\/100|[from] Sandstorm\n|-damage|p1a: Incineroar|20\/100|[from] Sandstorm\n|-heal|p2a: Komm-susser-Tod|65\/100|[from] Grassy Terrain\n|-heal|p2b: Tyranitar|53\/100|[from] Grassy Terrain\n|-heal|p1a: Incineroar|26\/100|[from] Grassy Terrain\n|upkeep\n|turn|11\n|\n|t:|1700547811\n|move|p2a: Komm-susser-Tod|Flamethrower|p1a: Incineroar\n|-damage|p1a: Incineroar|0 fnt\n|faint|p1a: Incineroar\n|\n|win|LDP333\n|raw|thundervoltss's rating: 1409 &rarr; <strong>1402<\/strong><br \/>(-7 for losing)\n|raw|LDP333's rating: 1682 &rarr; <strong>1689<\/strong><br \/>(+7 for winning)\n|c|\u2606thundervoltss|fucking lost uz you sued an ability no one fucking does\n|l|\u2606thundervoltss\n|l|\u2606LDP333\n|j|\u2606LDP333\n|player|p2|LDP333|riley\n|l|\u2606LDP333\n|player|p2|\n|j|\u2606LDP333\n|player|p2|LDP333|riley\n","uploadtime":1700547816,"views":25,"p1id":"thundervoltss","p2id":"ldp333","formatid":"gen9nationaldexdoubles","rating":1402,"private":0,"password":""}