{"id":"gen9nationaldexdoubles-1951468392","p1":"fumbari 24","p2":"Ancientguirus","format":"[Gen 9] National Dex Doubles","log":"|j|\u2606fumbari 24\n|j|\u2606Ancientguirus\n|t:|1695585172\n|gametype|doubles\n|player|p1|fumbari 24|170|1264\n|player|p2|Ancientguirus|raihan|1215\n|teamsize|p1|6\n|teamsize|p2|6\n|gen|9\n|tier|[Gen 9] National Dex Doubles\n|rated|\n|rule|HP Percentage Mod: HP is shown in percentages\n|rule|Endless Battle Clause: Forcing endless battles is banned\n|rule|OHKO Clause: OHKO moves are banned\n|rule|Evasion Moves Clause: Evasion moves are banned\n|rule|Evasion Abilities Clause: Evasion abilities are banned\n|rule|Species Clause: Limit one of each Pok\u00e9mon\n|rule|Gravity Sleep Clause: The combination of sleep-inducing moves with imperfect accuracy and Gravity or Gigantamax Orbeetle are banned\n|clearpoke\n|poke|p1|Palafin, M|\n|poke|p1|Quaquaval, M|\n|poke|p1|Orthworm, M|\n|poke|p1|Armarouge, M|\n|poke|p1|Pawmot, M|\n|poke|p1|Mandibuzz, F|\n|poke|p2|Arcanine-Hisui, M|\n|poke|p2|Zeraora|\n|poke|p2|Grimmsnarl, M|\n|poke|p2|Serperior, M|\n|poke|p2|Scolipede, M|\n|poke|p2|Marshadow|\n|teampreview\n|\n|t:|1695585194\n|start\n|switch|p1a: Palafin|Palafin, M|100\/100\n|switch|p1b: Quaquaval|Quaquaval, M|100\/100\n|switch|p2a: Serperior|Serperior, M, shiny|100\/100\n|switch|p2b: Arcanine|Arcanine-Hisui, M|100\/100\n|-ability|p2b: Arcanine|Intimidate|boost\n|-unboost|p1a: Palafin|atk|1\n|-fail|p1b: Quaquaval|unboost|[from] item: Clear Amulet|[of] p1b: Quaquaval\n|turn|1\n|\n|t:|1695585215\n|detailschange|p1a: Palafin|Palafin-Hero, M\n|switch|p1a: Pawmot|Pawmot, M|100\/100\n|move|p1b: Quaquaval|Protect|p1b: Quaquaval\n|-singleturn|p1b: Quaquaval|Protect\n|move|p2b: Arcanine|Extreme Speed|p1b: Quaquaval\n|-activate|p1b: Quaquaval|move: Protect\n|move|p2a: Serperior|Leaf Storm|p1a: Pawmot\n|-damage|p1a: Pawmot|13\/100\n|-boost|p2a: Serperior|spa|2\n|\n|upkeep\n|turn|2\n|\n|t:|1695585230\n|move|p1a: Pawmot|Fake Out|p2a: Serperior\n|-damage|p2a: Serperior|84\/100\n|move|p2b: Arcanine|Extreme Speed|p1a: Pawmot\n|-damage|p1a: Pawmot|0 fnt\n|faint|p1a: Pawmot\n|cant|p2a: Serperior|flinch\n|move|p1b: Quaquaval|Aqua Step|p2b: Arcanine\n|-supereffective|p2b: Arcanine\n|-damage|p2b: Arcanine|0 fnt\n|-boost|p1b: Quaquaval|spe|1\n|faint|p2b: Arcanine\n|-ability|p1b: Quaquaval|Moxie|boost\n|-boost|p1b: Quaquaval|atk|1\n|\n|upkeep\n|\n|t:|1695585244\n|switch|p1a: Armarouge|Armarouge, M|100\/100\n|switch|p2b: Zeraora|Zeraora, shiny|100\/100\n|turn|3\n|\n|t:|1695585255\n|move|p2b: Zeraora|Fake Out|p1b: Quaquaval\n|-damage|p1b: Quaquaval|85\/100\n|move|p1a: Armarouge|Ally Switch|p1a: Armarouge\n|swap|p1a: Armarouge|1|[from] move: Ally Switch\n|cant|p1a: Quaquaval|flinch\n|move|p2a: Serperior|Leaf Storm|p1b: Armarouge\n|-resisted|p1b: Armarouge\n|-damage|p1b: Armarouge|59\/100\n|-boost|p2a: Serperior|spa|2\n|\n|upkeep\n|turn|4\n|\n|t:|1695585278\n|move|p2b: Zeraora|Plasma Fists|p1b: Armarouge\n|-crit|p1b: Armarouge\n|-damage|p1b: Armarouge|0 fnt\n|-fieldactivate|move: Ion Deluge\n|-hint|Normal-type moves become Electric-type after using Plasma Fists.\n|faint|p1b: Armarouge\n|move|p1a: Quaquaval|Brick Break|p2a: Serperior\n|-damage|p2a: Serperior|14\/100\n|move|p2a: Serperior|Leaf Storm|p1a: Quaquaval\n|-supereffective|p1a: Quaquaval\n|-damage|p1a: Quaquaval|0 fnt\n|-boost|p2a: Serperior|spa|2\n|faint|p1a: Quaquaval\n|\n|upkeep\n|\n|t:|1695585292\n|switch|p1a: Orthworm|Orthworm, M|100\/100\n|switch|p1b: Mandibuzz|Mandibuzz, F|100\/100\n|turn|5\n|\n|t:|1695585305\n|move|p1a: Orthworm|Protect|p1a: Orthworm\n|-singleturn|p1a: Orthworm|Protect\n|move|p2b: Zeraora|Plasma Fists|p1b: Mandibuzz\n|-supereffective|p1b: Mandibuzz\n|-damage|p1b: Mandibuzz|30\/100\n|-fieldactivate|move: Ion Deluge\n|-hint|Normal-type moves become Electric-type after using Plasma Fists.\n|move|p2a: Serperior|Giga Drain|p1a: Orthworm\n|-activate|p1a: Orthworm|move: Protect\n|move|p1b: Mandibuzz|Tailwind|p1b: Mandibuzz\n|-sidestart|p1: fumbari 24|move: Tailwind\n|\n|-heal|p1b: Mandibuzz|36\/100|[from] item: Leftovers\n|upkeep\n|turn|6\n|\n|t:|1695585327\n|-terastallize|p1b: Mandibuzz|Ground\n|move|p2b: Zeraora|Plasma Fists|p1b: Mandibuzz\n|-immune|p1b: Mandibuzz\n|move|p1b: Mandibuzz|Foul Play|p2a: Serperior\n|-damage|p2a: Serperior|0 fnt\n|faint|p2a: Serperior\n|move|p1a: Orthworm|Shed Tail|p1a: Orthworm\n|-start|p1a: Orthworm|Substitute|[from] move: Shed Tail\n|-damage|p1a: Orthworm|50\/100\n|-enditem|p1a: Orthworm|Sitrus Berry|[eat]\n|-heal|p1a: Orthworm|75\/100|[from] item: Sitrus Berry\n|\n|t:|1695585336\n|switch|p1a: Palafin|Palafin-Hero, M|100\/100|[from] Shed Tail\n|-activate|p1a: Palafin|ability: Zero to Hero\n|\n|-heal|p1b: Mandibuzz|42\/100|[from] item: Leftovers\n|upkeep\n|\n|t:|1695585348\n|switch|p2a: Scolipede|Scolipede, M, shiny|100\/100\n|turn|7\n|\n|t:|1695585363\n|move|p1a: Palafin|Protect|p1a: Palafin\n|-singleturn|p1a: Palafin|Protect\n|move|p2b: Zeraora|Plasma Fists|p1a: Palafin\n|-activate|p1a: Palafin|move: Protect\n|move|p1b: Mandibuzz|Foul Play|p2b: Zeraora\n|-damage|p2b: Zeraora|36\/100\n|move|p2a: Scolipede|Throat Chop|p1a: Palafin\n|-activate|p1a: Palafin|move: Protect\n|\n|-heal|p2b: Zeraora|42\/100|[from] item: Leftovers\n|-heal|p1b: Mandibuzz|48\/100|[from] item: Leftovers\n|-ability|p2a: Scolipede|Speed Boost|boost\n|-boost|p2a: Scolipede|spe|1\n|upkeep\n|turn|8\n|inactive|Battle timer is ON: inactive players will automatically lose when time's up. (requested by fumbari 24)\n|\n|t:|1695585380\n|move|p1a: Palafin|Jet Punch|p2b: Zeraora\n|-damage|p2b: Zeraora|0 fnt\n|faint|p2b: Zeraora\n|move|p2a: Scolipede|Throat Chop|p1a: Palafin\n|-end|p1a: Palafin|Substitute\n|move|p1b: Mandibuzz|Roost|p1b: Mandibuzz\n|-heal|p1b: Mandibuzz|98\/100\n|\n|-heal|p1b: Mandibuzz|100\/100|[from] item: Leftovers\n|-sideend|p1: fumbari 24|move: Tailwind\n|-ability|p2a: Scolipede|Speed Boost|boost\n|-boost|p2a: Scolipede|spe|1\n|upkeep\n|\n|t:|1695585391\n|switch|p2b: Marshadow|Marshadow|100\/100\n|turn|9\n|\n|t:|1695585403\n|move|p1a: Palafin|Protect|p1a: Palafin\n|-singleturn|p1a: Palafin|Protect\n|move|p2a: Scolipede|Poison Jab|p1b: Mandibuzz\n|-resisted|p1b: Mandibuzz\n|-damage|p1b: Mandibuzz|87\/100\n|-zpower|p2b: Marshadow\n|move|p2b: Marshadow|Soul-Stealing 7-Star Strike|p1a: Palafin|[zeffect]\n|-zbroken|p1a: Palafin\n|-damage|p1a: Palafin|78\/100\n|move|p1b: Mandibuzz|Tailwind|p1b: Mandibuzz\n|-sidestart|p1: fumbari 24|move: Tailwind\n|\n|-heal|p1b: Mandibuzz|93\/100|[from] item: Leftovers\n|-ability|p2a: Scolipede|Speed Boost|boost\n|-boost|p2a: Scolipede|spe|1\n|upkeep\n|turn|10\n|\n|t:|1695585426\n|move|p2a: Scolipede|X-Scissor|p1a: Palafin\n|-damage|p1a: Palafin|39\/100\n|move|p1a: Palafin|Wave Crash|p2b: Marshadow\n|-damage|p2b: Marshadow|0 fnt\n|faint|p2b: Marshadow\n|-damage|p1a: Palafin|9\/100|[from] Recoil\n|move|p1b: Mandibuzz|Foul Play|p2a: Scolipede\n|-damage|p2a: Scolipede|29\/100\n|\n|-heal|p1b: Mandibuzz|99\/100|[from] item: Leftovers\n|-ability|p2a: Scolipede|Speed Boost|boost\n|-boost|p2a: Scolipede|spe|1\n|upkeep\n|\n|t:|1695585439\n|switch|p2b: Grimmsnarl|Grimmsnarl, M|100\/100\n|turn|11\n|\n|t:|1695585446\n|move|p1a: Palafin|Jet Punch|p2a: Scolipede\n|-damage|p2a: Scolipede|0 fnt\n|faint|p2a: Scolipede\n|move|p2b: Grimmsnarl|Sucker Punch||[still]\n|-fail|p2b: Grimmsnarl\n|move|p1b: Mandibuzz|Foul Play|p2b: Grimmsnarl\n|-resisted|p2b: Grimmsnarl\n|-damage|p2b: Grimmsnarl|88\/100\n|\n|-heal|p1b: Mandibuzz|100\/100|[from] item: Leftovers\n|upkeep\n|turn|12\n|\n|t:|1695585458\n|move|p1a: Palafin|Jet Punch|p2b: Grimmsnarl\n|-damage|p2b: Grimmsnarl|38\/100\n|move|p1b: Mandibuzz|Foul Play|p2b: Grimmsnarl\n|-resisted|p2b: Grimmsnarl\n|-damage|p2b: Grimmsnarl|24\/100\n|move|p2b: Grimmsnarl|Spirit Break|p1a: Palafin\n|-damage|p1a: Palafin|0 fnt\n|faint|p1a: Palafin\n|\n|-sideend|p1: fumbari 24|move: Tailwind\n|upkeep\n|\n|t:|1695585465\n|switch|p1a: Orthworm|Orthworm, M|75\/100\n|turn|13\n|\n|t:|1695585470\n|move|p1b: Mandibuzz|Foul Play|p2b: Grimmsnarl\n|-resisted|p2b: Grimmsnarl\n|-crit|p2b: Grimmsnarl\n|-damage|p2b: Grimmsnarl|3\/100\n|move|p1a: Orthworm|Body Press|p2b: Grimmsnarl\n|-damage|p2b: Grimmsnarl|0 fnt\n|faint|p2b: Grimmsnarl\n|\n|win|fumbari 24\n|raw|fumbari 24's rating: 1264 &rarr; <strong>1285<\/strong><br \/>(+21 for winning)\n|raw|Ancientguirus's rating: 1215 &rarr; <strong>1194<\/strong><br \/>(-21 for losing)\n","uploadtime":1695585475,"views":9,"p1id":"fumbari24","p2id":"ancientguirus","formatid":"gen9nationaldexdoubles","rating":1194,"private":0,"password":""}