{"id":"gen9nationaldexdoubles-1976741301","p1":"AceCoyoteNK","p2":"andretsai0706","format":"[Gen 9] National Dex Doubles","log":"|j|\u2606AceCoyoteNK\n|j|\u2606andretsai0706\n|t:|1698337701\n|gametype|doubles\n|player|p1|AceCoyoteNK|skyla|1324\n|player|p2|andretsai0706|102|1555\n|teamsize|p1|6\n|teamsize|p2|6\n|gen|9\n|tier|[Gen 9] National Dex Doubles\n|rated|\n|rule|HP Percentage Mod: HP is shown in percentages\n|rule|Endless Battle Clause: Forcing endless battles is banned\n|rule|OHKO Clause: OHKO moves are banned\n|rule|Evasion Moves Clause: Evasion moves are banned\n|rule|Evasion Abilities Clause: Evasion abilities are banned\n|rule|Species Clause: Limit one of each Pok\u00e9mon\n|rule|Gravity Sleep Clause: The combination of sleep-inducing moves with imperfect accuracy and Gravity or Gigantamax Orbeetle are banned\n|clearpoke\n|poke|p1|Incineroar, F|\n|poke|p1|Landorus-Therian, M|\n|poke|p1|Ogerpon-Wellspring, F|\n|poke|p1|Weezing-Galar, F|\n|poke|p1|Great Tusk|\n|poke|p1|Manectric, M|\n|poke|p2|Tornadus, M|\n|poke|p2|Chi-Yu|\n|poke|p2|Flutter Mane|\n|poke|p2|Weezing, F|\n|poke|p2|Rillaboom, M|\n|poke|p2|Urshifu-*, M|\n|teampreview\n|\n|t:|1698337772\n|start\n|switch|p1a: Weezing|Weezing-Galar, F|100\/100\n|switch|p1b: Landorus|Landorus-Therian, M|100\/100\n|switch|p2a: \u7329\u91ce\u963f\u594e\u4e9e|Rillaboom, M|100\/100\n|switch|p2b: \u4e8c\u5e2b\u5085|Urshifu-Rapid-Strike, M|100\/100\n|-ability|p1a: Weezing|Neutralizing Gas\n|-block|p1b: Landorus|item: Ability Shield\n|-ability|p1b: Landorus|Intimidate|boost\n|-unboost|p2a: \u7329\u91ce\u963f\u594e\u4e9e|atk|1\n|-unboost|p2b: \u4e8c\u5e2b\u5085|atk|1\n|turn|1\n|\n|t:|1698337802\n|move|p2a: \u7329\u91ce\u963f\u594e\u4e9e|Fake Out|p1a: Weezing\n|-damage|p1a: Weezing|92\/100\n|move|p2b: \u4e8c\u5e2b\u5085|Surging Strikes|p1b: Landorus\n|-supereffective|p1b: Landorus\n|-crit|p1b: Landorus\n|-damage|p1b: Landorus|50\/100\n|-supereffective|p1b: Landorus\n|-crit|p1b: Landorus\n|-damage|p1b: Landorus|4\/100\n|-supereffective|p1b: Landorus\n|-crit|p1b: Landorus\n|-damage|p1b: Landorus|0 fnt\n|faint|p1b: Landorus\n|-hitcount|p1: Landorus|3\n|cant|p1a: Weezing|flinch\n|\n|-heal|p1a: Weezing|98\/100|[from] item: Leftovers\n|upkeep\n|inactive|Battle timer is ON: inactive players will automatically lose when time's up. (requested by AceCoyoteNK)\n|\n|t:|1698337817\n|switch|p1b: Incineroar|Incineroar, F|100\/100\n|turn|2\n|inactive|andretsai0706 has 120 seconds left.\n|\n|t:|1698337857\n|switch|p2b: \u6c99\u7df9\u62c9|Flutter Mane|100\/100\n|move|p1b: Incineroar|Fake Out|p2a: \u7329\u91ce\u963f\u594e\u4e9e\n|-damage|p2a: \u7329\u91ce\u963f\u594e\u4e9e|88\/100\n|cant|p2a: \u7329\u91ce\u963f\u594e\u4e9e|flinch\n|move|p1a: Weezing|Will-O-Wisp|p2b: \u6c99\u7df9\u62c9\n|-status|p2b: \u6c99\u7df9\u62c9|brn\n|\n|-heal|p1a: Weezing|100\/100|[from] item: Leftovers\n|-damage|p2b: \u6c99\u7df9\u62c9|94\/100 brn|[from] brn\n|upkeep\n|turn|3\n|inactive|andretsai0706 has 120 seconds left.\n|\n|t:|1698337883\n|switch|p2a: PM2.5|Weezing, F|100\/100\n|-ability|p2a: PM2.5|Neutralizing Gas\n|move|p2b: \u6c99\u7df9\u62c9|Protect|p2b: \u6c99\u7df9\u62c9\n|-singleturn|p2b: \u6c99\u7df9\u62c9|Protect\n|move|p1a: Weezing|Protect|p1a: Weezing\n|-singleturn|p1a: Weezing|Protect\n|move|p1b: Incineroar|Parting Shot|p2b: \u6c99\u7df9\u62c9\n|-activate|p2b: \u6c99\u7df9\u62c9|move: Protect\n|\n|-damage|p2b: \u6c99\u7df9\u62c9|88\/100 brn|[from] brn\n|upkeep\n|turn|4\n|inactive|AceCoyoteNK has 120 seconds left.\n|\n|t:|1698337931\n|move|p2b: \u6c99\u7df9\u62c9|Shadow Ball|p1a: Weezing\n|-damage|p1a: Weezing|43\/100\n|-damage|p2b: \u6c99\u7df9\u62c9|79\/100 brn|[from] item: Life Orb\n|move|p2a: PM2.5|Gunk Shot|p1a: Weezing\n|-damage|p1a: Weezing|8\/100\n|move|p1a: Weezing|Will-O-Wisp|p2a: PM2.5\n|-status|p2a: PM2.5|brn\n|move|p1b: Incineroar|Parting Shot|p2b: \u6c99\u7df9\u62c9\n|-unboost|p2b: \u6c99\u7df9\u62c9|atk|1\n|-unboost|p2b: \u6c99\u7df9\u62c9|spa|1\n|\n|t:|1698337943\n|switch|p1b: Manectric|Manectric, M|100\/100|[from] Parting Shot\n|\n|-heal|p1a: Weezing|14\/100|[from] item: Leftovers\n|-damage|p2b: \u6c99\u7df9\u62c9|73\/100 brn|[from] brn\n|-damage|p2a: PM2.5|95\/100 brn|[from] brn\n|upkeep\n|turn|5\n|inactive|AceCoyoteNK has 120 seconds left.\n|\n|t:|1698337973\n|-end|p2b: \u6c99\u7df9\u62c9|Protosynthesis|[silent]\n|switch|p2b: \u7329\u91ce\u963f\u594e\u4e9e|Rillaboom, M|88\/100\n|detailschange|p1b: Manectric|Manectric-Mega, M\n|-mega|p1b: Manectric|Manectric|Manectite\n|move|p2a: PM2.5|Protect|p2a: PM2.5\n|-singleturn|p2a: PM2.5|Protect\n|move|p1a: Weezing|Protect|p1a: Weezing\n|-singleturn|p1a: Weezing|Protect\n|move|p1b: Manectric|Volt Switch|p2b: \u7329\u91ce\u963f\u594e\u4e9e\n|-resisted|p2b: \u7329\u91ce\u963f\u594e\u4e9e\n|-damage|p2b: \u7329\u91ce\u963f\u594e\u4e9e|75\/100\n|\n|t:|1698338002\n|switch|p1b: Incineroar|Incineroar, F|100\/100|[from] Volt Switch\n|\n|-heal|p1a: Weezing|20\/100|[from] item: Leftovers\n|-damage|p2a: PM2.5|89\/100 brn|[from] brn\n|upkeep\n|turn|6\n|\n|t:|1698338018\n|move|p2b: \u7329\u91ce\u963f\u594e\u4e9e|Fake Out|p1b: Incineroar\n|-damage|p1b: Incineroar|87\/100\n|-enditem|p1b: Incineroar|Red Card|[of] p2b: \u7329\u91ce\u963f\u594e\u4e9e\n|drag|p2b: \u4e8c\u5e2b\u5085|Urshifu-Rapid-Strike, M|100\/100\n|cant|p1b: Incineroar|flinch\n|move|p2a: PM2.5|Gunk Shot|p1a: Weezing\n|-damage|p1a: Weezing|2\/100\n|move|p1a: Weezing|Will-O-Wisp|p2b: \u4e8c\u5e2b\u5085\n|-status|p2b: \u4e8c\u5e2b\u5085|brn\n|\n|-heal|p1a: Weezing|8\/100|[from] item: Leftovers\n|-damage|p2b: \u4e8c\u5e2b\u5085|94\/100 brn|[from] brn\n|-damage|p2a: PM2.5|83\/100 brn|[from] brn\n|upkeep\n|turn|7\n|inactive|AceCoyoteNK has 120 seconds left.\n|\n|t:|1698338046\n|move|p2b: \u4e8c\u5e2b\u5085|U-turn|p1b: Incineroar\n|-damage|p1b: Incineroar|75\/100\n|inactive|andretsai0706 has 120 seconds left.\n|\n|t:|1698338056\n|switch|p2b: \u9f8d\u6372\u8ef8|Tornadus, M|100\/100|[from] U-turn\n|move|p2a: PM2.5|Gunk Shot|p1b: Incineroar\n|-damage|p1b: Incineroar|57\/100\n|move|p1a: Weezing|Strange Steam|p2b: \u9f8d\u6372\u8ef8\n|-damage|p2b: \u9f8d\u6372\u8ef8|63\/100\n|-start|p2b: \u9f8d\u6372\u8ef8|confusion\n|move|p1b: Incineroar|Parting Shot|p2b: \u9f8d\u6372\u8ef8\n|-unboost|p2b: \u9f8d\u6372\u8ef8|atk|1\n|-unboost|p2b: \u9f8d\u6372\u8ef8|spa|1\n|inactive|AceCoyoteNK has 120 seconds left.\n|\n|t:|1698338077\n|switch|p1b: Manectric|Manectric-Mega, M|100\/100|[from] Parting Shot\n|\n|-heal|p1a: Weezing|14\/100|[from] item: Leftovers\n|-damage|p2a: PM2.5|77\/100 brn|[from] brn\n|upkeep\n|turn|8\n|inactive|AceCoyoteNK has 120 seconds left.\n|\n|t:|1698338094\n|-activate|p2b: \u9f8d\u6372\u8ef8|confusion\n|-damage|p2b: \u9f8d\u6372\u8ef8|54\/100|[from] confusion\n|move|p1b: Manectric|Volt Switch|p2b: \u9f8d\u6372\u8ef8\n|-supereffective|p2b: \u9f8d\u6372\u8ef8\n|-crit|p2b: \u9f8d\u6372\u8ef8\n|-damage|p2b: \u9f8d\u6372\u8ef8|0 fnt\n|faint|p2b: \u9f8d\u6372\u8ef8\n|\n|t:|1698338112\n|switch|p1b: Incineroar|Incineroar, F|57\/100|[from] Volt Switch\n|move|p2a: PM2.5|Gunk Shot|p1a: Weezing\n|-damage|p1a: Weezing|0 fnt\n|faint|p1a: Weezing\n|\n|-damage|p2a: PM2.5|71\/100 brn|[from] brn\n|upkeep\n|inactive|AceCoyoteNK has 120 seconds left.\n|\n|t:|1698338139\n|switch|p2b: \u6c99\u7df9\u62c9|Flutter Mane|73\/100 brn\n|switch|p1a: Great Tusk|Great Tusk|100\/100\n|-enditem|p1a: Great Tusk|Booster Energy\n|-activate|p1a: Great Tusk|ability: Protosynthesis|[fromitem]\n|-start|p1a: Great Tusk|protosynthesisspe\n|turn|9\n|\n|t:|1698338167\n|-end|p2b: \u6c99\u7df9\u62c9|Protosynthesis|[silent]\n|switch|p2b: \u7329\u91ce\u963f\u594e\u4e9e|Rillaboom, M|75\/100\n|move|p1b: Incineroar|Fake Out|p2a: PM2.5\n|-damage|p2a: PM2.5|59\/100 brn\n|move|p1a: Great Tusk|Headlong Rush|p2b: \u7329\u91ce\u963f\u594e\u4e9e\n|-resisted|p2b: \u7329\u91ce\u963f\u594e\u4e9e\n|-damage|p2b: \u7329\u91ce\u963f\u594e\u4e9e|52\/100\n|-unboost|p1a: Great Tusk|def|1\n|-unboost|p1a: Great Tusk|spd|1\n|cant|p2a: PM2.5|flinch\n|\n|-damage|p2a: PM2.5|53\/100 brn|[from] brn\n|upkeep\n|turn|10\n|\n|t:|1698338189\n|-end|p2a: PM2.5|ability: Neutralizing Gas\n|-fieldstart|move: Grassy Terrain|[from] ability: Grassy Surge|[of] p2b: \u7329\u91ce\u963f\u594e\u4e9e\n|-ability|p1b: Incineroar|Intimidate|boost\n|-unboost|p2a: PM2.5|atk|1\n|-unboost|p2b: \u7329\u91ce\u963f\u594e\u4e9e|atk|1\n|switch|p2a: \u4e8c\u5e2b\u5085|Urshifu-Rapid-Strike, M|94\/100 brn\n|-terastallize|p1a: Great Tusk|Ice\n|move|p2b: \u7329\u91ce\u963f\u594e\u4e9e|Grassy Glide|p1a: Great Tusk\n|-damage|p1a: Great Tusk|78\/100\n|move|p1a: Great Tusk|Ice Spinner|p2b: \u7329\u91ce\u963f\u594e\u4e9e\n|-supereffective|p2b: \u7329\u91ce\u963f\u594e\u4e9e\n|-damage|p2b: \u7329\u91ce\u963f\u594e\u4e9e|0 fnt\n|-fieldend|move: Grassy Terrain\n|faint|p2b: \u7329\u91ce\u963f\u594e\u4e9e\n|move|p1b: Incineroar|Parting Shot|p2a: \u4e8c\u5e2b\u5085\n|-unboost|p2a: \u4e8c\u5e2b\u5085|atk|1\n|-unboost|p2a: \u4e8c\u5e2b\u5085|spa|1\n|inactive|AceCoyoteNK has 120 seconds left.\n|\n|t:|1698338206\n|switch|p1b: Manectric|Manectric-Mega, M|100\/100|[from] Parting Shot\n|-ability|p1b: Manectric|Intimidate|boost\n|-unboost|p2a: \u4e8c\u5e2b\u5085|atk|1\n|\n|-damage|p2a: \u4e8c\u5e2b\u5085|88\/100 brn|[from] brn\n|upkeep\n|l|\u2606andretsai0706\n|inactive|andretsai0706 disconnected and has a minute to reconnect!\n|player|p2|\n|inactive|andretsai0706 has 30 seconds to reconnect!\n|inactive|andretsai0706 has 20 seconds to reconnect!\n|inactive|andretsai0706 has 15 seconds to reconnect!\n|inactive|andretsai0706 has 10 seconds to reconnect!\n|inactive|andretsai0706 has 5 seconds to reconnect!\n|-message|andretsai0706 lost due to inactivity.\n|\n|win|AceCoyoteNK\n|raw|AceCoyoteNK's rating: 1324 &rarr; <strong>1356<\/strong><br \/>(+32 for winning)\n|raw|andretsai0706's rating: 1555 &rarr; <strong>1523<\/strong><br \/>(-32 for losing)\n","uploadtime":1698338273,"views":5,"p1id":"acecoyotenk","p2id":"andretsai0706","formatid":"gen9nationaldexdoubles","rating":1356,"private":0,"password":""}