{"id":"gen9nationaldexdoubles-1989748580","p1":"Kitty Li","p2":"Emma (from legal)","format":"[Gen 9] National Dex Doubles","log":"|j|\u2606Kitty Li\n|j|\u2606Emma (from legal)\n|t:|1699892419\n|gametype|doubles\n|player|p1|Kitty Li|lass-gen4dp|\n|player|p2|Emma (from legal)|clerkf|\n|teamsize|p1|6\n|teamsize|p2|6\n|gen|9\n|tier|[Gen 9] National Dex Doubles\n|rule|HP Percentage Mod: HP is shown in percentages\n|rule|Endless Battle Clause: Forcing endless battles is banned\n|rule|OHKO Clause: OHKO moves are banned\n|rule|Evasion Moves Clause: Evasion moves are banned\n|rule|Evasion Abilities Clause: Evasion abilities are banned\n|rule|Species Clause: Limit one of each Pok\u00e9mon\n|rule|Gravity Sleep Clause: The combination of sleep-inducing moves with imperfect accuracy and Gravity or Gigantamax Orbeetle are banned\n|clearpoke\n|poke|p1|Chesnaught, F|\n|poke|p1|Accelgor, M|\n|poke|p1|Darmanitan, M|\n|poke|p1|Froslass, F|\n|poke|p1|Excadrill, F|\n|poke|p1|Goodra, F|\n|poke|p2|Corviknight, M|\n|poke|p2|Escavalier, F|\n|poke|p2|Hatterene, F|\n|poke|p2|Dusclops, F|\n|poke|p2|Grimmsnarl, M|\n|poke|p2|Haxorus, M|\n|teampreview\n|\n|t:|1699892436\n|start\n|switch|p1a: Chesnaught|Chesnaught, F|100\/100\n|switch|p1b: Goodra|Goodra, F|100\/100\n|switch|p2a: Corviknight|Corviknight, M|100\/100\n|switch|p2b: Dusclops|Dusclops, F|100\/100\n|-ability|p2b: Dusclops|Pressure\n|turn|1\n|\n|t:|1699892465\n|move|p1b: Goodra|Knock Off|p2b: Dusclops\n|-supereffective|p2b: Dusclops\n|-damage|p2b: Dusclops|72\/100\n|-enditem|p2b: Dusclops|Eviolite|[from] move: Knock Off|[of] p1b: Goodra\n|move|p2a: Corviknight|Tailwind|p2a: Corviknight\n|-sidestart|p2: Emma (from legal)|move: Tailwind\n|move|p1a: Chesnaught|Drain Punch|p2a: Corviknight\n|-damage|p2a: Corviknight|75\/100\n|-damage|p1a: Chesnaught|84\/100|[from] item: Rocky Helmet|[of] p2a: Corviknight\n|move|p2b: Dusclops|Blizzard|p1b: Goodra|[spread] p1a\n|-miss|p2b: Dusclops|p1b: Goodra\n|-supereffective|p1a: Chesnaught\n|-damage|p1a: Chesnaught|53\/100\n|\n|upkeep\n|turn|2\n|\n|t:|1699892506\n|move|p2a: Corviknight|Bulk Up|p2a: Corviknight\n|-boost|p2a: Corviknight|atk|1\n|-boost|p2a: Corviknight|def|1\n|move|p1b: Goodra|Knock Off|p2a: Corviknight\n|-crit|p2a: Corviknight\n|-damage|p2a: Corviknight|44\/100\n|-damage|p1b: Goodra|84\/100|[from] item: Rocky Helmet|[of] p2a: Corviknight\n|-enditem|p2a: Corviknight|Rocky Helmet|[from] move: Knock Off|[of] p1b: Goodra\n|move|p1a: Chesnaught|Giga Drain|p2b: Dusclops\n|-damage|p2b: Dusclops|55\/100\n|-heal|p1a: Chesnaught|61\/100|[from] drain|[of] p2b: Dusclops\n|move|p2b: Dusclops|Toxic|p1b: Goodra\n|-status|p1b: Goodra|tox\n|\n|-damage|p1b: Goodra|78\/100 tox|[from] psn\n|upkeep\n|turn|3\n|\n|t:|1699892535\n|move|p1a: Chesnaught|Spiky Shield|p1a: Chesnaught\n|-singleturn|p1a: Chesnaught|move: Protect\n|move|p2a: Corviknight|Brave Bird|p1a: Chesnaught\n|-activate|p1a: Chesnaught|move: Protect\n|-damage|p2a: Corviknight|32\/100|[from] Spiky Shield|[of] p1a: Chesnaught\n|move|p1b: Goodra|Scald|p2a: Corviknight\n|-crit|p2a: Corviknight\n|-damage|p2a: Corviknight|0 fnt\n|faint|p2a: Corviknight\n|move|p2b: Dusclops|Phantom Force||[still]\n|-prepare|p2b: Dusclops|Phantom Force\n|\n|-damage|p1b: Goodra|65\/100 tox|[from] psn\n|upkeep\n|\n|t:|1699892556\n|switch|p2a: Haxorus|Haxorus, M|100\/100\n|-ability|p2a: Haxorus|Mold Breaker\n|turn|4\n|\n|t:|1699892570\n|move|p2a: Haxorus|Dragon Claw|p1b: Goodra\n|-supereffective|p1b: Goodra\n|-crit|p1b: Goodra\n|-damage|p1b: Goodra|0 fnt\n|-ability|p1b: Goodra|Gooey\n|-unboost|p2a: Haxorus|spe|1\n|faint|p1b: Goodra\n|move|p1a: Chesnaught|Drain Punch|p2a: Haxorus\n|-damage|p2a: Haxorus|62\/100\n|-heal|p1a: Chesnaught|78\/100|[from] drain|[of] p2a: Haxorus\n|move|p2b: Dusclops|Phantom Force|p1a: Chesnaught|[from]lockedmove\n|-damage|p1a: Chesnaught|61\/100\n|\n|-sideend|p2: Emma (from legal)|move: Tailwind\n|upkeep\n|\n|t:|1699892588\n|switch|p1b: Froslass|Froslass, F|100\/100\n|turn|5\n|\n|t:|1699892606\n|move|p1b: Froslass|Shadow Ball|p2b: Dusclops\n|-supereffective|p2b: Dusclops\n|-damage|p2b: Dusclops|11\/100\n|move|p2a: Haxorus|Psycho Cut|p1a: Chesnaught\n|-supereffective|p1a: Chesnaught\n|-crit|p1a: Chesnaught\n|-damage|p1a: Chesnaught|0 fnt\n|faint|p1a: Chesnaught\n|move|p2b: Dusclops|Phantom Force||[still]\n|-prepare|p2b: Dusclops|Phantom Force\n|\n|upkeep\n|\n|t:|1699892624\n|switch|p1a: Darmanitan|Darmanitan, M|100\/100\n|turn|6\n|\n|t:|1699892642\n|move|p1b: Froslass|Icicle Crash|p2a: Haxorus|[miss]\n|-miss|p1b: Froslass|p2a: Haxorus\n|move|p1a: Darmanitan|Zen Headbutt|p2a: Haxorus\n|-damage|p2a: Haxorus|18\/100\n|move|p2a: Haxorus|Night Slash|p1b: Froslass\n|-supereffective|p1b: Froslass\n|-crit|p1b: Froslass\n|-damage|p1b: Froslass|0 fnt\n|faint|p1b: Froslass\n|move|p2b: Dusclops|Phantom Force|p1a: Darmanitan|[from]lockedmove\n|-damage|p1a: Darmanitan|67\/100\n|\n|upkeep\n|\n|t:|1699892664\n|switch|p1b: Excadrill|Excadrill, F|100\/100\n|-ability|p1b: Excadrill|Mold Breaker\n|turn|7\n|\n|t:|1699892690\n|move|p1a: Darmanitan|Zen Headbutt|p2a: Haxorus\n|-damage|p2a: Haxorus|0 fnt\n|faint|p2a: Haxorus\n|move|p1b: Excadrill|Shadow Claw|p2b: Dusclops\n|-supereffective|p2b: Dusclops\n|-damage|p2b: Dusclops|0 fnt\n|faint|p2b: Dusclops\n|\n|upkeep\n|\n|t:|1699892701\n|switch|p2a: Grimmsnarl|Grimmsnarl, M|100\/100\n|switch|p2b: Hatterene|Hatterene, F|100\/100\n|turn|8\n|\n|t:|1699892728\n|move|p1a: Darmanitan|Fire Punch|p2a: Grimmsnarl\n|-damage|p2a: Grimmsnarl|42\/100\n|move|p1b: Excadrill|Iron Head|p2b: Hatterene\n|-supereffective|p2b: Hatterene\n|-damage|p2b: Hatterene|6\/100\n|move|p2a: Grimmsnarl|Spirit Break|p1b: Excadrill\n|-resisted|p1b: Excadrill\n|-damage|p1b: Excadrill|73\/100\n|-unboost|p1b: Excadrill|spa|1\n|move|p2b: Hatterene|Psycho Cut|p1a: Darmanitan\n|-damage|p1a: Darmanitan|34\/100\n|\n|-heal|p2a: Grimmsnarl|48\/100|[from] item: Leftovers\n|upkeep\n|turn|9\n|\n|t:|1699892812\n|move|p2a: Grimmsnarl|Thunder Wave|p1a: Darmanitan|[miss]\n|-miss|p2a: Grimmsnarl|p1a: Darmanitan\n|move|p1a: Darmanitan|Brick Break|p2a: Grimmsnarl\n|-damage|p2a: Grimmsnarl|14\/100\n|move|p1b: Excadrill|Brick Break|p2a: Grimmsnarl\n|-damage|p2a: Grimmsnarl|0 fnt\n|faint|p2a: Grimmsnarl\n|move|p2b: Hatterene|Psycho Cut|p1a: Darmanitan\n|-damage|p1a: Darmanitan|1\/100\n|\n|upkeep\n|\n|t:|1699892822\n|switch|p2a: Escavalier|Escavalier, F|100\/100\n|turn|10\n|\n|t:|1699892844\n|move|p1a: Darmanitan|Stone Edge|p2a: Escavalier|[miss]\n|-miss|p1a: Darmanitan|p2a: Escavalier\n|move|p1b: Excadrill|Shadow Claw|p2a: Escavalier\n|-damage|p2a: Escavalier|75\/100\n|move|p2b: Hatterene|Dazzling Gleam|p1a: Darmanitan|[spread] p1a,p1b\n|-resisted|p1a: Darmanitan\n|-resisted|p1b: Excadrill\n|-damage|p1a: Darmanitan|0 fnt\n|-damage|p1b: Excadrill|49\/100\n|faint|p1a: Darmanitan\n|move|p2a: Escavalier|Razor Shell|p1b: Excadrill\n|-supereffective|p1b: Excadrill\n|-damage|p1b: Excadrill|0 fnt\n|faint|p1b: Excadrill\n|\n|upkeep\n|\n|t:|1699892854\n|switch|p1b: Accelgor|Accelgor, M|100\/100\n|turn|11\n|\n|t:|1699892871\n|move|p1b: Accelgor|Leech Life|p2b: Hatterene\n|-damage|p2b: Hatterene|0 fnt\n|faint|p2b: Hatterene\n|move|p2a: Escavalier|Razor Shell|p1b: Accelgor\n|-damage|p1b: Accelgor|33\/100\n|\n|upkeep\n|turn|12\n|\n|t:|1699892893\n|move|p1b: Accelgor|Drain Punch|p2a: Escavalier\n|-damage|p2a: Escavalier|62\/100\n|-heal|p1b: Accelgor|40\/100|[from] drain|[of] p2a: Escavalier\n|move|p2a: Escavalier|Megahorn|p1b: Accelgor\n|-damage|p1b: Accelgor|0 fnt\n|faint|p1b: Accelgor\n|\n|win|Emma (from legal)\n","uploadtime":1699892903,"views":8,"p1id":"kittyli","p2id":"emmafromlegal","formatid":"gen9nationaldexdoubles","rating":0,"private":0,"password":""}