{"id":"gen9nationaldexdoubles-1962456521","p1":"HaydenFields","p2":"5thgymleaderkyogre","format":"[Gen 9] National Dex Doubles","log":"|j|\u2606HaydenFields\n|j|\u26065thgymleaderkyogre\n|t:|1696750240\n|gametype|doubles\n|player|p1|HaydenFields|102|\n|player|p2|5thgymleaderkyogre|archie-gen6|\n|teamsize|p1|6\n|teamsize|p2|6\n|gen|9\n|tier|[Gen 9] National Dex Doubles\n|rule|HP Percentage Mod: HP is shown in percentages\n|rule|Endless Battle Clause: Forcing endless battles is banned\n|rule|OHKO Clause: OHKO moves are banned\n|rule|Evasion Moves Clause: Evasion moves are banned\n|rule|Evasion Abilities Clause: Evasion abilities are banned\n|rule|Species Clause: Limit one of each Pok\u00e9mon\n|rule|Gravity Sleep Clause: The combination of sleep-inducing moves with imperfect accuracy and Gravity or Gigantamax Orbeetle are banned\n|clearpoke\n|poke|p1|Ninetales-Alola, M|\n|poke|p1|Articuno|\n|poke|p1|Abomasnow, F|\n|poke|p1|Iron Bundle|\n|poke|p1|Mamoswine, F|\n|poke|p1|Sandslash-Alola, M|\n|poke|p2|Gothitelle, F|\n|poke|p2|Flutter Mane|\n|poke|p2|Zygarde|\n|poke|p2|Charizard, M|\n|poke|p2|Rillaboom, F|\n|poke|p2|Glimmora, F|\n|teampreview\n|inactive|Battle timer is ON: inactive players will automatically lose when time's up. (requested by HaydenFields)\n|c|\u2606HaydenFields|are we going to have another 3 way tie!!!!\n|\n|t:|1696750269\n|start\n|switch|p1a: Ninetales|Ninetales-Alola, M, shiny|100\/100\n|switch|p1b: Sandslash|Sandslash-Alola, M, shiny|100\/100\n|switch|p2a: Flutter Mane|Flutter Mane|100\/100\n|switch|p2b: Charizard|Charizard, M, shiny|100\/100\n|-weather|Snow|[from] ability: Snow Warning|[of] p1a: Ninetales\n|turn|1\n|inactive|HaydenFields has 270 seconds left.\n|\n|t:|1696750312\n|switch|p1b: Articuno|Articuno, shiny|100\/100\n|-ability|p1b: Articuno|Pressure\n|detailschange|p2b: Charizard|Charizard-Mega-Y, M, shiny\n|-mega|p2b: Charizard|Charizard|Charizardite Y\n|-weather|SunnyDay|[from] ability: Drought|[of] p2b: Charizard\n|-activate|p2a: Flutter Mane|ability: Protosynthesis\n|-start|p2a: Flutter Mane|protosynthesisspe\n|-terastallize|p1a: Ninetales|Dragon\n|move|p2a: Flutter Mane|Shadow Ball|p1a: Ninetales\n|-crit|p1a: Ninetales\n|-damage|p1a: Ninetales|0 fnt\n|faint|p1a: Ninetales\n|move|p2b: Charizard|Tailwind|p2b: Charizard\n|-sidestart|p2: 5thgymleaderkyogre|move: Tailwind\n|\n|-weather|SunnyDay|[upkeep]\n|upkeep\n|\n|t:|1696750328\n|switch|p1a: Iron Bundle|Iron Bundle|100\/100\n|turn|2\n|inactive|HaydenFields has 270 seconds left.\n|\n|t:|1696750343\n|switch|p1b: Obomasnow|Abomasnow, F, shiny|100\/100\n|-weather|Snow|[from] ability: Snow Warning|[of] p1b: Obomasnow\n|-end|p2a: Flutter Mane|Protosynthesis\n|move|p2a: Flutter Mane|Shadow Ball|p1a: Iron Bundle\n|-damage|p1a: Iron Bundle|0 fnt\n|faint|p1a: Iron Bundle\n|-end|p1a: Iron Bundle|Quark Drive|[silent]\n|move|p2b: Charizard|Heat Wave|p1b: Obomasnow\n|-supereffective|p1b: Obomasnow\n|-damage|p1b: Obomasnow|0 fnt\n|faint|p1b: Obomasnow\n|\n|-weather|Snow|[upkeep]\n|upkeep\n|\n|t:|1696750358\n|switch|p1a: Sandslash|Sandslash-Alola, M, shiny|100\/100\n|switch|p1b: Articuno|Articuno, shiny|100\/100\n|-ability|p1b: Articuno|Pressure\n|turn|3\n|\n|t:|1696750370\n|-end|p2a: Flutter Mane|Protosynthesis|[silent]\n|switch|p2a: Glimmora|Glimmora, F|100\/100\n|switch|p2b: Zygarde|Zygarde|100\/100\n|-ability|p2b: Zygarde|Aura Break\n|move|p1a: Sandslash|Ice Spinner|p2b: Zygarde\n|-supereffective|p2b: Zygarde\n|-damage|p2b: Zygarde|0 fnt\n|faint|p2b: Zygarde\n|move|p1b: Articuno|Blizzard|p2a: Glimmora\n|-damage|p2a: Glimmora|39\/100\n|\n|-weather|Snow|[upkeep]\n|upkeep\n|\n|t:|1696750380\n|switch|p2b: Flutter Mane|Flutter Mane|100\/100\n|turn|4\n|\n|t:|1696750397\n|-end|p2b: Flutter Mane|Protosynthesis|[silent]\n|switch|p2b: Gothitelle|Gothitelle, F|100\/100\n|move|p2a: Glimmora|Mortal Spin|p1b: Articuno|[spread] \n|-immune|p1a: Sandslash\n|-miss|p2a: Glimmora|p1b: Articuno\n|move|p1a: Sandslash|Ice Spinner|p2b: Gothitelle\n|-damage|p2b: Gothitelle|54\/100\n|move|p1b: Articuno|Blizzard|p2b: Gothitelle|[spread] p2a,p2b\n|-damage|p2a: Glimmora|0 fnt\n|-damage|p2b: Gothitelle|29\/100\n|faint|p2a: Glimmora\n|\n|-weather|Snow|[upkeep]\n|-sideend|p2: 5thgymleaderkyogre|move: Tailwind\n|upkeep\n|\n|t:|1696750399\n|switch|p2a: Rillaboom|Rillaboom, F|100\/100\n|-fieldstart|move: Grassy Terrain|[from] ability: Grassy Surge|[of] p2a: Rillaboom\n|turn|5\n|\n|t:|1696750415\n|move|p2a: Rillaboom|Fake Out|p1a: Sandslash\n|-resisted|p1a: Sandslash\n|-damage|p1a: Sandslash|97\/100\n|move|p2b: Gothitelle|Fake Out|p1b: Articuno|[miss]\n|-miss|p2b: Gothitelle|p1b: Articuno\n|cant|p1a: Sandslash|flinch\n|move|p1b: Articuno|Blizzard|p2b: Gothitelle|[spread] p2a,p2b\n|-supereffective|p2a: Rillaboom\n|-damage|p2a: Rillaboom|60\/100\n|-damage|p2b: Gothitelle|4\/100\n|\n|-weather|Snow|[upkeep]\n|-heal|p1a: Sandslash|100\/100|[from] Grassy Terrain\n|-heal|p2a: Rillaboom|66\/100|[from] Grassy Terrain\n|-heal|p2b: Gothitelle|10\/100|[from] Grassy Terrain\n|upkeep\n|turn|6\n|\n|t:|1696750431\n|move|p2a: Rillaboom|Grassy Glide|p1b: Articuno\n|-resisted|p1b: Articuno\n|-damage|p1b: Articuno|88\/100\n|move|p1a: Sandslash|Ice Spinner|p2a: Rillaboom\n|-supereffective|p2a: Rillaboom\n|-damage|p2a: Rillaboom|0 fnt\n|-fieldend|move: Grassy Terrain\n|faint|p2a: Rillaboom\n|move|p1b: Articuno|Blizzard|p2b: Gothitelle\n|-damage|p2b: Gothitelle|0 fnt\n|faint|p2b: Gothitelle\n|\n|-weather|none\n|upkeep\n|\n|t:|1696750436\n|switch|p2a: Flutter Mane|Flutter Mane|100\/100\n|switch|p2b: Charizard|Charizard-Mega-Y, M, shiny|100\/100\n|-weather|SunnyDay|[from] ability: Drought|[of] p2b: Charizard\n|-activate|p2a: Flutter Mane|ability: Protosynthesis\n|-start|p2a: Flutter Mane|protosynthesisspe\n|turn|7\n|c|\u26065thgymleaderkyogre|here comes the sun\n|\n|t:|1696750453\n|move|p2a: Flutter Mane|Shadow Ball|p1b: Articuno\n|-damage|p1b: Articuno|38\/100\n|move|p2b: Charizard|Heat Wave|p1b: Articuno|[spread] p1a\n|-miss|p2b: Charizard|p1b: Articuno\n|-supereffective|p1a: Sandslash\n|-damage|p1a: Sandslash|0 fnt\n|faint|p1a: Sandslash\n|move|p1b: Articuno|Blizzard|p2a: Flutter Mane|[spread] p2b\n|-miss|p1b: Articuno|p2a: Flutter Mane\n|-damage|p2b: Charizard|68\/100\n|\n|-weather|SunnyDay|[upkeep]\n|upkeep\n|\n|t:|1696750465\n|switch|p1a: Mamoswine|Mamoswine, F, shiny|100\/100\n|turn|8\n|c|\u2606HaydenFields|do do do do and I say its alright\n|\n|t:|1696750484\n|move|p2a: Flutter Mane|Shadow Ball|p1a: Mamoswine\n|-damage|p1a: Mamoswine|9\/100\n|move|p2b: Charizard|Tailwind|p2b: Charizard\n|-sidestart|p2: 5thgymleaderkyogre|move: Tailwind\n|move|p1b: Articuno|Blizzard|p2a: Flutter Mane|[spread] p2a,p2b\n|-damage|p2a: Flutter Mane|69\/100\n|-damage|p2b: Charizard|32\/100\n|move|p1a: Mamoswine|Blizzard|p2b: Charizard|[spread] p2b\n|-miss|p1a: Mamoswine|p2a: Flutter Mane\n|-damage|p2b: Charizard|5\/100\n|\n|-weather|SunnyDay|[upkeep]\n|-heal|p1a: Mamoswine|15\/100|[from] item: Leftovers\n|upkeep\n|turn|9\n|\n|t:|1696750505\n|move|p2a: Flutter Mane|Shadow Ball|p1a: Mamoswine\n|-damage|p1a: Mamoswine|0 fnt\n|faint|p1a: Mamoswine\n|move|p2b: Charizard|Solar Beam||[still]\n|-prepare|p2b: Charizard|Solar Beam\n|-anim|p2b: Charizard|Solar Beam|p1b: Articuno\n|-resisted|p1b: Articuno\n|-damage|p1b: Articuno|18\/100\n|move|p1b: Articuno|Blizzard|p2a: Flutter Mane|[spread] p2a,p2b\n|-damage|p2a: Flutter Mane|37\/100\n|-damage|p2b: Charizard|0 fnt\n|faint|p2b: Charizard\n|\n|-weather|SunnyDay|[upkeep]\n|upkeep\n|turn|10\n|c|\u26065thgymleaderkyogre|uh oh\n|c|\u26065thgymleaderkyogre|it may be a 3 way toe again\n|c|\u26065thgymleaderkyogre|tie\n|\n|t:|1696750529\n|move|p2a: Flutter Mane|Shadow Ball|p1b: Articuno\n|-damage|p1b: Articuno|0 fnt\n|faint|p1b: Articuno\n|\n|win|5thgymleaderkyogre\n|c|\u2606HaydenFields|maybe\n|c|\u2606HaydenFields|it is\n|c|\u26065thgymleaderkyogre|DAMMIT\n","uploadtime":1696750544,"views":8,"p1id":"haydenfields","p2id":"5thgymleaderkyogre","formatid":"gen9nationaldexdoubles","rating":0,"private":0,"password":""}