{"id":"gen9nationaldexdoubles-1968327144","p1":"Backs To The Wind","p2":"JustAnotherJames3","format":"[Gen 9] National Dex Doubles","log":"|j|\u2606Backs To The Wind\n|j|\u2606JustAnotherJames3\n|t:|1697406495\n|gametype|doubles\n|player|p1|Backs To The Wind|lady|1072\n|player|p2|JustAnotherJames3|pokemonbreederf-gen4|1034\n|teamsize|p1|6\n|teamsize|p2|6\n|gen|9\n|tier|[Gen 9] National Dex Doubles\n|rated|\n|rule|HP Percentage Mod: HP is shown in percentages\n|rule|Endless Battle Clause: Forcing endless battles is banned\n|rule|OHKO Clause: OHKO moves are banned\n|rule|Evasion Moves Clause: Evasion moves are banned\n|rule|Evasion Abilities Clause: Evasion abilities are banned\n|rule|Species Clause: Limit one of each Pok\u00e9mon\n|rule|Gravity Sleep Clause: The combination of sleep-inducing moves with imperfect accuracy and Gravity or Gigantamax Orbeetle are banned\n|clearpoke\n|poke|p1|Swanna, F|\n|poke|p1|Politoed, F|\n|poke|p1|Hariyama, M|\n|poke|p1|Orbeetle, M|\n|poke|p1|Lickilicky, M|\n|poke|p1|Roserade, F|\n|poke|p2|Galvantula, M|\n|poke|p2|Jellicent, M|\n|poke|p2|Aggron, M|\n|poke|p2|Ferrothorn, F|\n|poke|p2|Hydreigon, F|\n|poke|p2|Arcanine, M|\n|teampreview\n|\n|t:|1697406503\n|start\n|switch|p1a: Orbeetle|Orbeetle, M|100\/100\n|switch|p1b: Politoed|Politoed, F|100\/100\n|switch|p2a: She Who Sleeps|Hydreigon, F|100\/100\n|switch|p2b: Royal Guard|Arcanine, M|100\/100\n|-weather|RainDance|[from] ability: Drizzle|[of] p1b: Politoed\n|turn|1\n|\n|t:|1697406523\n|-terastallize|p2b: Royal Guard|Fairy\n|move|p2b: Royal Guard|Flame Charge|p1a: Orbeetle\n|-supereffective|p1a: Orbeetle\n|-damage|p1a: Orbeetle|74\/100\n|-boost|p2b: Royal Guard|spe|1\n|move|p1a: Orbeetle|Sticky Web|p2b: Royal Guard\n|-sidestart|p2: JustAnotherJames3|move: Sticky Web\n|move|p2a: She Who Sleeps|Beat Up|p2b: Royal Guard\n|-resisted|p2b: Royal Guard\n|-damage|p2b: Royal Guard|96\/100\n|-ability|p2b: Royal Guard|Justified|boost\n|-boost|p2b: Royal Guard|atk|1\n|-resisted|p2b: Royal Guard\n|-damage|p2b: Royal Guard|90\/100\n|-ability|p2b: Royal Guard|Justified|boost\n|-boost|p2b: Royal Guard|atk|1\n|-resisted|p2b: Royal Guard\n|-damage|p2b: Royal Guard|84\/100\n|-ability|p2b: Royal Guard|Justified|boost\n|-boost|p2b: Royal Guard|atk|1\n|-resisted|p2b: Royal Guard\n|-damage|p2b: Royal Guard|78\/100\n|-ability|p2b: Royal Guard|Justified|boost\n|-boost|p2b: Royal Guard|atk|1\n|-resisted|p2b: Royal Guard\n|-damage|p2b: Royal Guard|74\/100\n|-ability|p2b: Royal Guard|Justified|boost\n|-boost|p2b: Royal Guard|atk|1\n|-resisted|p2b: Royal Guard\n|-damage|p2b: Royal Guard|70\/100\n|-ability|p2b: Royal Guard|Justified|boost\n|-boost|p2b: Royal Guard|atk|1\n|-hitcount|p2b: Royal Guard|6\n|move|p1b: Politoed|Ice Ball|p2a: She Who Sleeps\n|-supereffective|p2a: She Who Sleeps\n|-damage|p2a: She Who Sleeps|86\/100\n|\n|-weather|RainDance|[upkeep]\n|upkeep\n|turn|2\n|\n|t:|1697406564\n|move|p2b: Royal Guard|Body Slam|p1b: Politoed\n|-crit|p1b: Politoed\n|-damage|p1b: Politoed|0 fnt\n|faint|p1b: Politoed\n|move|p1a: Orbeetle|Future Sight|p2b: Royal Guard\n|-start|p1a: Orbeetle|move: Future Sight\n|move|p2a: She Who Sleeps|Beat Up|p1a: Orbeetle\n|-supereffective|p1a: Orbeetle\n|-damage|p1a: Orbeetle|60\/100\n|-supereffective|p1a: Orbeetle\n|-damage|p1a: Orbeetle|45\/100\n|-supereffective|p1a: Orbeetle\n|-damage|p1a: Orbeetle|30\/100\n|-supereffective|p1a: Orbeetle\n|-damage|p1a: Orbeetle|16\/100\n|-supereffective|p1a: Orbeetle\n|-damage|p1a: Orbeetle|3\/100\n|-supereffective|p1a: Orbeetle\n|-damage|p1a: Orbeetle|0 fnt\n|faint|p1a: Orbeetle\n|-hitcount|p1: Orbeetle|6\n|\n|-weather|RainDance|[upkeep]\n|upkeep\n|\n|t:|1697406577\n|switch|p1a: Lickilicky|Lickilicky, M|100\/100\n|switch|p1b: Hariyama|Hariyama, M|100\/100\n|turn|3\n|\n|t:|1697406598\n|-terastallize|p1a: Lickilicky|Normal\n|move|p1b: Hariyama|Bullet Punch|p2b: Royal Guard\n|-supereffective|p2b: Royal Guard\n|-damage|p2b: Royal Guard|40\/100\n|move|p2b: Royal Guard|Body Slam|p1b: Hariyama\n|-damage|p1b: Hariyama|0 fnt\n|faint|p1b: Hariyama\n|move|p2a: She Who Sleeps|Beat Up|p1a: Lickilicky\n|-damage|p1a: Lickilicky|94\/100\n|-damage|p1a: Lickilicky|87\/100\n|-damage|p1a: Lickilicky|80\/100\n|-damage|p1a: Lickilicky|73\/100\n|-damage|p1a: Lickilicky|68\/100\n|-damage|p1a: Lickilicky|64\/100\n|-hitcount|p1a: Lickilicky|6\n|move|p1a: Lickilicky|Explosion|p2a: She Who Sleeps|[spread] p2a,p2b\n|-damage|p2a: She Who Sleeps|0 fnt\n|-damage|p2b: Royal Guard|0 fnt\n|faint|p1a: Lickilicky\n|faint|p2a: She Who Sleeps\n|faint|p2b: Royal Guard\n|\n|-weather|RainDance|[upkeep]\n|upkeep\n|\n|t:|1697406624\n|switch|p2b: Sir Currias|Aggron, M, shiny|100\/100\n|switch|p2a: King Baboo|Galvantula, M|100\/100\n|switch|p1b: Roserade|Roserade, F|100\/100\n|switch|p1a: Swanna|Swanna, F|100\/100\n|-ability|p2a: King Baboo|Unnerve\n|-activate|p2a: King Baboo|move: Sticky Web\n|-unboost|p2a: King Baboo|spe|1\n|-activate|p2b: Sir Currias|move: Sticky Web\n|-unboost|p2b: Sir Currias|spe|1\n|turn|4\n|\n|t:|1697406640\n|move|p1a: Swanna|Hurricane|p2a: King Baboo\n|-damage|p2a: King Baboo|23\/100\n|move|p1b: Roserade|Hidden Power|p2a: King Baboo\n|-damage|p2a: King Baboo|0 fnt\n|faint|p2a: King Baboo\n|move|p2b: Sir Currias|Head Smash|p1a: Swanna\n|-supereffective|p1a: Swanna\n|-damage|p1a: Swanna|0 fnt\n|faint|p1a: Swanna\n|\n|-weather|RainDance|[upkeep]\n|-end|p2b: Sir Currias|move: Future Sight\n|-resisted|p2b: Sir Currias\n|-damage|p2b: Sir Currias|84\/100\n|upkeep\n|\n|t:|1697406656\n|switch|p2a: Barrack Rook|Ferrothorn, F|100\/100\n|-activate|p2a: Barrack Rook|move: Sticky Web\n|-unboost|p2a: Barrack Rook|spe|1\n|turn|5\n|\n|t:|1697406664\n|move|p1b: Roserade|Magical Leaf|p2b: Sir Currias\n|-crit|p2b: Sir Currias\n|-damage|p2b: Sir Currias|19\/100\n|move|p2b: Sir Currias|Head Smash|p1b: Roserade|[miss]\n|-miss|p2b: Sir Currias|p1b: Roserade\n|move|p2a: Barrack Rook|Gyro Ball|p1b: Roserade\n|-damage|p1b: Roserade|9\/100\n|\n|-weather|none\n|upkeep\n|turn|6\n|\n|t:|1697406678\n|move|p1b: Roserade|Magical Leaf|p2b: Sir Currias\n|-damage|p2b: Sir Currias|0 fnt\n|faint|p2b: Sir Currias\n|move|p2a: Barrack Rook|Gyro Ball|p1b: Roserade\n|-crit|p1b: Roserade\n|-damage|p1b: Roserade|0 fnt\n|faint|p1b: Roserade\n|\n|win|JustAnotherJames3\n|raw|Backs To The Wind's rating: 1072 &rarr; <strong>1049<\/strong><br \/>(-23 for losing)\n|raw|JustAnotherJames3's rating: 1034 &rarr; <strong>1073<\/strong><br \/>(+39 for winning)\n|c|\u2606Backs To The Wind|Gg\n","uploadtime":1697406688,"views":9,"p1id":"backstothewind","p2id":"justanotherjames3","formatid":"gen9nationaldexdoubles","rating":1049,"private":0,"password":""}