{"id":"gen9nationaldexdoubles-1986619932","p1":"Mokaccino333","p2":"ZioMioDio","format":"[Gen 9] National Dex Doubles","log":"|j|\u2606Mokaccino333\n|j|\u2606ZioMioDio\n|t:|1699498706\n|gametype|doubles\n|player|p1|Mokaccino333|lady|\n|player|p2|ZioMioDio|2|\n|teamsize|p1|6\n|teamsize|p2|6\n|gen|9\n|tier|[Gen 9] National Dex Doubles\n|rule|HP Percentage Mod: HP is shown in percentages\n|rule|Endless Battle Clause: Forcing endless battles is banned\n|rule|OHKO Clause: OHKO moves are banned\n|rule|Evasion Moves Clause: Evasion moves are banned\n|rule|Evasion Abilities Clause: Evasion abilities are banned\n|rule|Species Clause: Limit one of each Pok\u00e9mon\n|rule|Gravity Sleep Clause: The combination of sleep-inducing moves with imperfect accuracy and Gravity or Gigantamax Orbeetle are banned\n|clearpoke\n|poke|p1|Cradily, F|\n|poke|p1|Aerodactyl, F|\n|poke|p1|Lycanroc-Dusk, F|\n|poke|p1|Nihilego|\n|poke|p1|Tyranitar, F|\n|poke|p1|Aggron, F|\n|poke|p2|Aerodactyl, M|\n|poke|p2|Orbeetle, F|\n|poke|p2|Ferrothorn, M|\n|poke|p2|Tapu Bulu|\n|poke|p2|Toxapex, M|\n|poke|p2|Hydreigon, M|\n|teampreview\n|\n|t:|1699498724\n|start\n|switch|p1a: Aerodactyl|Aerodactyl, F|100\/100\n|switch|p1b: Nihilego|Nihilego|100\/100\n|switch|p2a: Ferrothorn|Ferrothorn, M|100\/100\n|switch|p2b: Hydreigon|Hydreigon, M|100\/100\n|-ability|p1a: Aerodactyl|Unnerve\n|turn|1\n|\n|t:|1699498740\n|move|p1b: Nihilego|Protect|p1b: Nihilego\n|-singleturn|p1b: Nihilego|Protect\n|move|p1a: Aerodactyl|Tailwind|p1a: Aerodactyl\n|-sidestart|p1: Mokaccino333|move: Tailwind\n|move|p2b: Hydreigon|Tailwind|p2b: Hydreigon\n|-sidestart|p2: ZioMioDio|move: Tailwind\n|move|p2a: Ferrothorn|Gyro Ball|p1b: Nihilego\n|-activate|p1b: Nihilego|move: Protect\n|\n|upkeep\n|turn|2\n|\n|t:|1699498752\n|move|p1a: Aerodactyl|Sky Drop||[still]\n|-prepare|p1a: Aerodactyl|Sky Drop|p2a: Ferrothorn\n|-zpower|p1b: Nihilego\n|move|p1b: Nihilego|Continental Crush|p2b: Hydreigon|[zeffect]\n|-damage|p2b: Hydreigon|13\/100\n|move|p2b: Hydreigon|Nasty Plot|p2b: Hydreigon\n|-boost|p2b: Hydreigon|spa|2\n|\n|upkeep\n|turn|3\n|\n|t:|1699498763\n|switch|p2b: Toxapex|Toxapex, M|100\/100\n|move|p1a: Aerodactyl|Sky Drop|p2a: Ferrothorn|[from]lockedmove\n|-damage|p2a: Ferrothorn|82\/100\n|-end|p2a: Ferrothorn|Sky Drop\n|-damage|p1a: Aerodactyl|88\/100|[from] ability: Iron Barbs|[of] p2a: Ferrothorn\n|-damage|p1a: Aerodactyl|72\/100|[from] item: Rocky Helmet|[of] p2a: Ferrothorn\n|move|p1b: Nihilego|Power Gem|p2b: Toxapex\n|-damage|p2b: Toxapex|65\/100\n|move|p2a: Ferrothorn|Gyro Ball|p1b: Nihilego\n|-supereffective|p1b: Nihilego\n|-damage|p1b: Nihilego|0 fnt\n|faint|p1b: Nihilego\n|\n|-heal|p2b: Toxapex|71\/100|[from] item: Black Sludge\n|upkeep\n|\n|t:|1699498775\n|switch|p1b: Lycanroc|Lycanroc-Dusk, F|100\/100\n|turn|4\n|\n|t:|1699498782\n|move|p2b: Toxapex|Baneful Bunker|p2b: Toxapex\n|-singleturn|p2b: Toxapex|move: Protect\n|move|p1a: Aerodactyl|Taunt|p2b: Toxapex\n|-activate|p2b: Toxapex|move: Protect\n|move|p1b: Lycanroc|Fire Fang|p2a: Ferrothorn\n|-supereffective|p2a: Ferrothorn\n|-damage|p2a: Ferrothorn|0 fnt\n|-damage|p1b: Lycanroc|88\/100|[from] ability: Iron Barbs|[of] p2a: Ferrothorn\n|-damage|p1b: Lycanroc|72\/100|[from] item: Rocky Helmet|[of] p2a: Ferrothorn\n|faint|p2a: Ferrothorn\n|\n|-heal|p2b: Toxapex|78\/100|[from] item: Black Sludge\n|-sideend|p1: Mokaccino333|move: Tailwind\n|-sideend|p2: ZioMioDio|move: Tailwind\n|upkeep\n|\n|t:|1699498792\n|switch|p2a: Tapu Bulu|Tapu Bulu|100\/100\n|-fieldstart|move: Grassy Terrain|[from] ability: Grassy Surge|[of] p2a: Tapu Bulu\n|turn|5\n|\n|t:|1699498812\n|move|p2b: Toxapex|Baneful Bunker||[still]\n|-fail|p2b: Toxapex\n|move|p1a: Aerodactyl|Tailwind|p1a: Aerodactyl\n|-sidestart|p1: Mokaccino333|move: Tailwind\n|move|p1b: Lycanroc|Fire Fang|p2a: Tapu Bulu\n|-supereffective|p2a: Tapu Bulu\n|-damage|p2a: Tapu Bulu|16\/100\n|move|p2a: Tapu Bulu|Substitute|p2a: Tapu Bulu\n|-fail|p2a: Tapu Bulu|move: Substitute|[weak]\n|\n|-heal|p1b: Lycanroc|78\/100|[from] Grassy Terrain\n|-heal|p2a: Tapu Bulu|22\/100|[from] Grassy Terrain\n|-heal|p2a: Tapu Bulu|28\/100|[from] item: Leftovers\n|-heal|p2b: Toxapex|84\/100|[from] Grassy Terrain\n|-heal|p2b: Toxapex|90\/100|[from] item: Black Sludge\n|upkeep\n|turn|6\n|\n|t:|1699498840\n|switch|p1a: Cradily|Cradily, F|100\/100\n|move|p1b: Lycanroc|Fire Fang|p2a: Tapu Bulu\n|-supereffective|p2a: Tapu Bulu\n|-damage|p2a: Tapu Bulu|0 fnt\n|faint|p2a: Tapu Bulu\n|move|p2b: Toxapex|Scald|p1a: Cradily\n|-activate|p1a: Cradily|ability: Storm Drain\n|-ability|p1a: Cradily|Storm Drain|boost\n|-boost|p1a: Cradily|spa|1\n|\n|-heal|p1b: Lycanroc|84\/100|[from] Grassy Terrain\n|-heal|p2b: Toxapex|96\/100|[from] Grassy Terrain\n|-heal|p2b: Toxapex|100\/100|[from] item: Black Sludge\n|upkeep\n|\n|t:|1699498850\n|switch|p2a: Orbeetle|Orbeetle, F|100\/100\n|turn|7\n|\n|t:|1699498866\n|move|p1b: Lycanroc|Fire Fang|p2a: Orbeetle\n|-supereffective|p2a: Orbeetle\n|-damage|p2a: Orbeetle|5\/100\n|move|p2a: Orbeetle|Reflect|p2a: Orbeetle\n|-sidestart|p2: ZioMioDio|Reflect\n|move|p1a: Cradily|Meteor Beam||[still]\n|-prepare|p1a: Cradily|Meteor Beam\n|-boost|p1a: Cradily|spa|1\n|-enditem|p1a: Cradily|Power Herb\n|-anim|p1a: Cradily|Meteor Beam|p2a: Orbeetle|[miss]\n|-miss|p1a: Cradily|p2a: Orbeetle\n|move|p2b: Toxapex|Scald|p1a: Cradily\n|-activate|p1a: Cradily|ability: Storm Drain\n|-ability|p1a: Cradily|Storm Drain|boost\n|-boost|p1a: Cradily|spa|1\n|\n|-heal|p1b: Lycanroc|90\/100|[from] Grassy Terrain\n|-heal|p2a: Orbeetle|12\/100|[from] Grassy Terrain\n|upkeep\n|turn|8\n|\n|t:|1699498890\n|move|p1b: Lycanroc|Fire Fang|p2a: Orbeetle\n|-supereffective|p2a: Orbeetle\n|-damage|p2a: Orbeetle|0 fnt\n|faint|p2a: Orbeetle\n|move|p1a: Cradily|Meteor Beam||[still]\n|-prepare|p1a: Cradily|Meteor Beam\n|-boost|p1a: Cradily|spa|1\n|move|p2b: Toxapex|Toxic Spikes|p1b: Lycanroc\n|-sidestart|p1: Mokaccino333|move: Toxic Spikes\n|\n|-heal|p1b: Lycanroc|96\/100|[from] Grassy Terrain\n|-sideend|p1: Mokaccino333|move: Tailwind\n|upkeep\n|\n|t:|1699498892\n|switch|p2a: Hydreigon|Hydreigon, M|13\/100\n|turn|9\n|\n|t:|1699498907\n|move|p2a: Hydreigon|Tailwind|p2a: Hydreigon\n|-sidestart|p2: ZioMioDio|move: Tailwind\n|move|p1b: Lycanroc|Fire Fang|p2a: Hydreigon\n|-resisted|p2a: Hydreigon\n|-damage|p2a: Hydreigon|0 fnt\n|faint|p2a: Hydreigon\n|move|p2b: Toxapex|Toxic Spikes|p1a: Cradily\n|-sidestart|p1: Mokaccino333|move: Toxic Spikes\n|move|p1a: Cradily|Meteor Beam|p2b: Toxapex|[from]lockedmove\n|-damage|p2b: Toxapex|10\/100\n|\n|-heal|p1b: Lycanroc|100\/100|[from] Grassy Terrain\n|-heal|p2b: Toxapex|16\/100|[from] Grassy Terrain\n|-heal|p2b: Toxapex|22\/100|[from] item: Black Sludge\n|-fieldend|move: Grassy Terrain\n|upkeep\n|\n|t:|1699498910\n|switch|p2a: Aerodactyl|Aerodactyl, M|100\/100\n|-ability|p2a: Aerodactyl|Pressure\n|turn|10\n|\n|t:|1699498918\n|switch|p1b: Aerodactyl|Aerodactyl, F|72\/100\n|-ability|p1b: Aerodactyl|Unnerve\n|move|p2b: Toxapex|Baneful Bunker|p2b: Toxapex\n|-singleturn|p2b: Toxapex|move: Protect\n|move|p2a: Aerodactyl|Earthquake|p1a: Cradily|[spread] p1a\n|-activate|p2b: Toxapex|move: Protect\n|-immune|p1b: Aerodactyl\n|-damage|p1a: Cradily|77\/100\n|move|p1a: Cradily|Meteor Beam||[still]\n|-prepare|p1a: Cradily|Meteor Beam\n|-boost|p1a: Cradily|spa|1\n|\n|-heal|p2b: Toxapex|28\/100|[from] item: Black Sludge\n|upkeep\n|turn|11\n|\n|t:|1699498933\n|detailschange|p2a: Aerodactyl|Aerodactyl-Mega, M\n|-mega|p2a: Aerodactyl|Aerodactyl|Aerodactylite\n|move|p2a: Aerodactyl|Rock Slide|p1b: Aerodactyl|[spread] p1a,p1b\n|-supereffective|p1b: Aerodactyl\n|-damage|p1a: Cradily|47\/100\n|-damage|p1b: Aerodactyl|0 fnt\n|faint|p1b: Aerodactyl\n|move|p2b: Toxapex|Recover|p2b: Toxapex\n|-heal|p2b: Toxapex|78\/100\n|cant|p1a: Cradily|flinch\n|\n|-heal|p2b: Toxapex|84\/100|[from] item: Black Sludge\n|upkeep\n|\n|t:|1699498942\n|switch|p1b: Aggron|Aggron, F|100\/100\n|turn|12\n|\n|t:|1699498953\n|detailschange|p1b: Aggron|Aggron-Mega, F\n|-mega|p1b: Aggron|Aggron|Aggronite\n|move|p2b: Toxapex|Baneful Bunker|p2b: Toxapex\n|-singleturn|p2b: Toxapex|move: Protect\n|move|p2a: Aerodactyl|Earthquake|p1a: Cradily|[spread] p1a,p1b\n|-activate|p2b: Toxapex|move: Protect\n|-supereffective|p1b: Aggron\n|-damage|p1a: Cradily|21\/100\n|-damage|p1b: Aggron|84\/100\n|move|p1b: Aggron|Iron Defense|p1b: Aggron\n|-boost|p1b: Aggron|def|2\n|move|p1a: Cradily|Giga Drain|p2a: Aerodactyl\n|-damage|p2a: Aerodactyl|5\/100\n|-heal|p1a: Cradily|59\/100|[from] drain|[of] p2a: Aerodactyl\n|\n|-heal|p2b: Toxapex|91\/100|[from] item: Black Sludge\n|-sideend|p2: ZioMioDio|move: Tailwind\n|upkeep\n|turn|13\n|\n|t:|1699498980\n|move|p2a: Aerodactyl|Dragon Claw|p1a: Cradily\n|-damage|p1a: Cradily|19\/100\n|move|p1b: Aggron|Heavy Slam|p2a: Aerodactyl\n|-supereffective|p2a: Aerodactyl\n|-damage|p2a: Aerodactyl|0 fnt\n|faint|p2a: Aerodactyl\n|move|p1a: Cradily|Earth Power|p2b: Toxapex\n|-supereffective|p2b: Toxapex\n|-damage|p2b: Toxapex|0 fnt\n|faint|p2b: Toxapex\n|\n|win|Mokaccino333\n|c|\u2606Mokaccino333|gg\n|c|\u2606ZioMioDio|gg\n|l|\u2606ZioMioDio\n","uploadtime":1699499019,"views":42,"p1id":"mokaccino333","p2id":"ziomiodio","formatid":"gen9nationaldexdoubles","rating":0,"private":0,"password":""}