{"id":"gen9nationaldexdoubles-1950849385","p1":"2wb","p2":"Datagne","format":"[Gen 9] National Dex Doubles","log":"|j|\u26062wb\n|j|\u2606Datagne\n|t:|1695512174\n|gametype|doubles\n|player|p1|2wb|backersf|\n|player|p2|Datagne|will|\n|teamsize|p1|6\n|teamsize|p2|6\n|gen|9\n|tier|[Gen 9] National Dex Doubles\n|rule|HP Percentage Mod: HP is shown in percentages\n|rule|Endless Battle Clause: Forcing endless battles is banned\n|rule|OHKO Clause: OHKO moves are banned\n|rule|Evasion Moves Clause: Evasion moves are banned\n|rule|Evasion Abilities Clause: Evasion abilities are banned\n|rule|Species Clause: Limit one of each Pok\u00e9mon\n|rule|Gravity Sleep Clause: The combination of sleep-inducing moves with imperfect accuracy and Gravity or Gigantamax Orbeetle are banned\n|clearpoke\n|poke|p1|Sableye, F|\n|poke|p1|Walking Wake|\n|poke|p1|Tornadus-Therian, M|\n|poke|p1|Roaring Moon|\n|poke|p1|Scream Tail|\n|poke|p1|Heatran, F|\n|poke|p2|Klefki, F|\n|poke|p2|Kingambit, M|\n|poke|p2|Gigalith, M|\n|poke|p2|Clodsire, F|\n|poke|p2|Great Tusk|\n|poke|p2|Enamorus-Therian, F|\n|teampreview\n|j| SgtSmilies\n|\n|t:|1695512201\n|start\n|switch|p1a: Klaus Antares|Tornadus-Therian, M|100\/100\n|switch|p1b: Heatran|Heatran, F|100\/100\n|switch|p2a: Tortle|Enamorus-Therian, F, shiny|100\/100\n|switch|p2b: Aun|Kingambit, M|100\/100\n|turn|1\n|j| Camdar\n|\n|t:|1695512263\n|switch|p2b: Limestone|Gigalith, M, shiny|100\/100\n|-weather|Sandstorm|[from] ability: Sand Stream|[of] p2b: Limestone\n|move|p1a: Klaus Antares|Icy Wind|p2a: Tortle|[spread] p2a,p2b\n|-supereffective|p2a: Tortle\n|-damage|p2a: Tortle|87\/100\n|-damage|p2b: Limestone|95\/100\n|-unboost|p2a: Tortle|spe|1\n|-unboost|p2b: Limestone|spe|1\n|move|p1b: Heatran|Rock Slide|p2b: Limestone|[spread] p2a,p2b\n|-supereffective|p2a: Tortle\n|-damage|p2a: Tortle|65\/100\n|-damage|p2b: Limestone|86\/100\n|move|p2a: Tortle|Earth Power|p1b: Heatran\n|-supereffective|p1b: Heatran\n|-damage|p1b: Heatran|9\/100\n|\n|-weather|Sandstorm|[upkeep]\n|-damage|p1a: Klaus Antares|95\/100|[from] Sandstorm\n|-heal|p2a: Tortle|71\/100|[from] item: Leftovers\n|upkeep\n|turn|2\n|\n|t:|1695512303\n|move|p2b: Limestone|Wide Guard|p2b: Limestone\n|-singleturn|p2b: Limestone|Wide Guard\n|move|p1a: Klaus Antares|Heat Wave|p2b: Limestone|[spread] \n|-activate|p2a: Tortle|move: Wide Guard\n|-activate|p2b: Limestone|move: Wide Guard\n|move|p1b: Heatran|Fire Blast|p2a: Tortle\n|-damage|p2a: Tortle|24\/100\n|move|p2a: Tortle|Springtide Storm|p1a: Klaus Antares|[spread] p1a,p1b\n|-resisted|p1b: Heatran\n|-damage|p1a: Klaus Antares|66\/100\n|-damage|p1b: Heatran|3\/100\n|-unboost|p1b: Heatran|atk|1\n|\n|-weather|Sandstorm|[upkeep]\n|-damage|p1a: Klaus Antares|60\/100|[from] Sandstorm\n|-heal|p2a: Tortle|30\/100|[from] item: Leftovers\n|upkeep\n|turn|3\n|\n|t:|1695512345\n|move|p2a: Tortle|Protect|p2a: Tortle\n|-singleturn|p2a: Tortle|Protect\n|move|p1a: Klaus Antares|Bleakwind Storm|p2b: Limestone|[spread] p2b\n|-activate|p2a: Tortle|move: Protect\n|-resisted|p2b: Limestone\n|-damage|p2b: Limestone|79\/100\n|move|p1b: Heatran|Rock Slide|p2b: Limestone|[spread] p2b\n|-activate|p2a: Tortle|move: Protect\n|-damage|p2b: Limestone|74\/100\n|move|p2b: Limestone|Rock Slide|p1b: Heatran|[spread] p1a\n|-miss|p2b: Limestone|p1b: Heatran\n|-supereffective|p1a: Klaus Antares\n|-damage|p1a: Klaus Antares|13\/100\n|\n|-weather|Sandstorm|[upkeep]\n|-damage|p1a: Klaus Antares|7\/100|[from] Sandstorm\n|-heal|p2a: Tortle|37\/100|[from] item: Leftovers\n|upkeep\n|turn|4\n|\n|t:|1695512390\n|move|p2b: Limestone|Wide Guard|p2b: Limestone\n|-singleturn|p2b: Limestone|Wide Guard\n|move|p1a: Klaus Antares|U-turn|p2b: Limestone\n|-damage|p2b: Limestone|62\/100\n|\n|t:|1695512396\n|switch|p1a: Gemnie|Sableye, F|100\/100|[from] U-turn\n|move|p1b: Heatran|Fire Blast|p2a: Tortle\n|-damage|p2a: Tortle|0 fnt\n|faint|p2a: Tortle\n|\n|-weather|Sandstorm|[upkeep]\n|-damage|p1a: Gemnie|95\/100|[from] Sandstorm\n|upkeep\n|\n|t:|1695512408\n|switch|p2a: Horny|Great Tusk|100\/100\n|turn|5\n|\n|t:|1695512453\n|switch|p1b: Puzzling Guard|Scream Tail|100\/100\n|move|p1a: Gemnie|Protect|p1a: Gemnie\n|-singleturn|p1a: Gemnie|Protect\n|move|p2a: Horny|Play Rough|p1a: Gemnie\n|-activate|p1a: Gemnie|move: Protect\n|move|p2b: Limestone|Rock Slide|p1b: Puzzling Guard|[spread] p1b\n|-activate|p1a: Gemnie|move: Protect\n|-damage|p1b: Puzzling Guard|84\/100\n|\n|-weather|Sandstorm|[upkeep]\n|-damage|p1b: Puzzling Guard|78\/100|[from] Sandstorm\n|-damage|p1a: Gemnie|89\/100|[from] Sandstorm\n|upkeep\n|turn|6\n|\n|t:|1695512478\n|switch|p2b: Aun|Kingambit, M|100\/100\n|move|p1a: Gemnie|Sunny Day|p1a: Gemnie\n|-weather|SunnyDay\n|-activate|p2a: Horny|ability: Protosynthesis\n|-start|p2a: Horny|protosynthesisatk\n|-activate|p1b: Puzzling Guard|ability: Protosynthesis\n|-start|p1b: Puzzling Guard|protosynthesisdef\n|move|p2a: Horny|Play Rough|p1a: Gemnie|[miss]\n|-miss|p2a: Horny|p1a: Gemnie\n|move|p1b: Puzzling Guard|Reflect|p1b: Puzzling Guard\n|-sidestart|p1: 2wb|Reflect\n|\n|-weather|SunnyDay|[upkeep]\n|upkeep\n|turn|7\n|\n|t:|1695512504\n|switch|p1a: Heatran|Heatran, F|3\/100\n|move|p2a: Horny|Play Rough|p1a: Heatran\n|-resisted|p1a: Heatran\n|-damage|p1a: Heatran|0 fnt\n|faint|p1a: Heatran\n|move|p1b: Puzzling Guard|Light Screen|p1b: Puzzling Guard\n|-sidestart|p1: 2wb|move: Light Screen\n|move|p2b: Aun|Iron Head|p1b: Puzzling Guard\n|-supereffective|p1b: Puzzling Guard\n|-damage|p1b: Puzzling Guard|32\/100\n|-damage|p2b: Aun|91\/100|[from] item: Life Orb\n|\n|-weather|SunnyDay|[upkeep]\n|upkeep\n|\n|t:|1695512525\n|switch|p1a: Salmon|Roaring Moon|100\/100\n|-activate|p1a: Salmon|ability: Protosynthesis\n|-start|p1a: Salmon|protosynthesisatk\n|turn|8\n|\n|t:|1695512582\n|move|p2a: Horny|Play Rough|p1a: Salmon\n|-supereffective|p1a: Salmon\n|-damage|p1a: Salmon|0 fnt\n|faint|p1a: Salmon\n|-end|p1a: Salmon|Protosynthesis|[silent]\n|move|p1b: Puzzling Guard|Play Rough|p2b: Aun\n|-damage|p2b: Aun|75\/100\n|move|p2b: Aun|Iron Head|p1b: Puzzling Guard\n|-supereffective|p1b: Puzzling Guard\n|-damage|p1b: Puzzling Guard|0 fnt\n|faint|p1b: Puzzling Guard\n|-end|p1b: Puzzling Guard|Protosynthesis|[silent]\n|-damage|p2b: Aun|65\/100|[from] item: Life Orb\n|\n|-weather|SunnyDay|[upkeep]\n|upkeep\n|c|\u26062wb|you know, i knew that one, and i went for it anyway\n|\n|t:|1695512600\n|switch|p1a: Klaus Antares|Tornadus-Therian, M|40\/100\n|switch|p1b: Phones|Walking Wake|100\/100\n|-activate|p1b: Phones|ability: Protosynthesis\n|-start|p1b: Phones|protosynthesisspa\n|turn|9\n|\n|t:|1695512613\n|switch|p2b: Limestone|Gigalith, M, shiny|62\/100\n|-weather|Sandstorm|[from] ability: Sand Stream|[of] p2b: Limestone\n|-end|p2a: Horny|Protosynthesis\n|-end|p1b: Phones|Protosynthesis\n|move|p2a: Horny|Play Rough|p1b: Phones\n|-supereffective|p1b: Phones\n|-damage|p1b: Phones|58\/100\n|move|p1b: Phones|Dragon Pulse|p2a: Horny\n|-damage|p2a: Horny|9\/100\n|move|p1a: Klaus Antares|U-turn|p2a: Horny\n|-resisted|p2a: Horny\n|-damage|p2a: Horny|3\/100\n|\n|t:|1695512625\n|switch|p1a: Gemnie|Sableye, F|89\/100|[from] U-turn\n|\n|-weather|Sandstorm|[upkeep]\n|-damage|p1b: Phones|51\/100|[from] Sandstorm\n|-damage|p1a: Gemnie|83\/100|[from] Sandstorm\n|upkeep\n|turn|10\n|\n|t:|1695512636\n|move|p1a: Gemnie|Sunny Day|p1a: Gemnie\n|-weather|SunnyDay\n|-activate|p2a: Horny|ability: Protosynthesis\n|-start|p2a: Horny|protosynthesisatk\n|-activate|p1b: Phones|ability: Protosynthesis\n|-start|p1b: Phones|protosynthesisspa\n|move|p2a: Horny|Play Rough|p1b: Phones\n|-supereffective|p1b: Phones\n|-damage|p1b: Phones|0 fnt\n|faint|p1b: Phones\n|-end|p1b: Phones|Protosynthesis|[silent]\n|move|p2b: Limestone|Rock Slide|p1a: Gemnie\n|-crit|p1a: Gemnie\n|-damage|p1a: Gemnie|25\/100\n|\n|-weather|SunnyDay|[upkeep]\n|upkeep\n|c|\u2606Datagne|I'm surprised horny lived\n|\n|t:|1695512648\n|switch|p1b: Klaus Antares|Tornadus-Therian, M|74\/100\n|turn|11\n|\n|t:|1695512658\n|switch|p2b: Friend|Clodsire, F|100\/100\n|move|p1a: Gemnie|Ally Switch|p1a: Gemnie\n|swap|p1a: Gemnie|1|[from] move: Ally Switch\n|move|p2a: Horny|Play Rough|p1b: Gemnie\n|-supereffective|p1b: Gemnie\n|-damage|p1b: Gemnie|0 fnt\n|faint|p1b: Gemnie\n|move|p1a: Klaus Antares|Bleakwind Storm|p2a: Horny|[spread] p2a,p2b\n|-supereffective|p2a: Horny\n|-damage|p2a: Horny|0 fnt\n|-damage|p2b: Friend|85\/100\n|faint|p2a: Horny\n|-end|p2a: Horny|Protosynthesis|[silent]\n|\n|-weather|SunnyDay|[upkeep]\n|-heal|p2b: Friend|92\/100|[from] item: Black Sludge\n|upkeep\n|c|\u2606Datagne|Nani????\n|\n|t:|1695512674\n|switch|p2a: Aun|Kingambit, M|65\/100\n|turn|12\n|c|\u26062wb|I significantly underestimated gigalith and that's the end of me\n|\n|t:|1695512684\n|move|p1a: Klaus Antares|Bleakwind Storm|p2b: Friend|[spread] \n|-miss|p1a: Klaus Antares|p2a: Aun\n|-miss|p1a: Klaus Antares|p2b: Friend\n|move|p2a: Aun|Iron Head|p1a: Klaus Antares\n|-damage|p1a: Klaus Antares|36\/100\n|-damage|p2a: Aun|55\/100|[from] item: Life Orb\n|move|p2b: Friend|Rock Slide|p1a: Klaus Antares\n|-supereffective|p1a: Klaus Antares\n|-damage|p1a: Klaus Antares|20\/100\n|\n|-weather|SunnyDay|[upkeep]\n|-heal|p2b: Friend|98\/100|[from] item: Black Sludge\n|upkeep\n|turn|13\n|\n|t:|1695512700\n|-terastallize|p1a: Klaus Antares|Fire\n|move|p1a: Klaus Antares|Heat Wave|p2a: Aun|[spread] p2a,p2b\n|-supereffective|p2a: Aun\n|-damage|p2a: Aun|0 fnt\n|-damage|p2b: Friend|77\/100\n|faint|p2a: Aun\n|move|p2b: Friend|Rock Slide|p1a: Klaus Antares\n|-supereffective|p1a: Klaus Antares\n|-damage|p1a: Klaus Antares|4\/100\n|\n|-weather|SunnyDay|[upkeep]\n|-heal|p2b: Friend|83\/100|[from] item: Black Sludge\n|-sideend|p1: 2wb|Reflect\n|upkeep\n|\n|t:|1695512710\n|switch|p2a: Limestone|Gigalith, M, shiny|62\/100\n|-weather|Sandstorm|[from] ability: Sand Stream|[of] p2a: Limestone\n|turn|14\n|\n|t:|1695512715\n|move|p2a: Limestone|Wide Guard|p2a: Limestone\n|-singleturn|p2a: Limestone|Wide Guard\n|move|p1a: Klaus Antares|Bleakwind Storm|p2a: Limestone|[spread] \n|-activate|p2a: Limestone|move: Wide Guard\n|-activate|p2b: Friend|move: Wide Guard\n|move|p2b: Friend|Rock Slide|p1a: Klaus Antares\n|-supereffective|p1a: Klaus Antares\n|-damage|p1a: Klaus Antares|0 fnt\n|faint|p1a: Klaus Antares\n|\n|win|Datagne\n|c|\u2606Datagne|GG\n|c|\u26062wb|\\w\/\n|c|\u26062wb|gg\n|l| Camdar\n","uploadtime":1695512890,"views":33,"p1id":"2wb","p2id":"datagne","formatid":"gen9nationaldexdoubles","rating":0,"private":0,"password":""}