{"id":"gen9nationaldexdoubles-1981297956","p1":"Blue Kaiser dragon","p2":"Dranzerv2259","format":"[Gen 9] National Dex Doubles","log":"|j|\u2606Blue Kaiser dragon\n|j|\u2606Dranzerv2259\n|t:|1698881035\n|gametype|doubles\n|player|p1|Blue Kaiser dragon|volkner|1095\n|player|p2|Dranzerv2259|nate|1000\n|teamsize|p1|6\n|teamsize|p2|6\n|gen|9\n|tier|[Gen 9] National Dex Doubles\n|rated|\n|rule|HP Percentage Mod: HP is shown in percentages\n|rule|Endless Battle Clause: Forcing endless battles is banned\n|rule|OHKO Clause: OHKO moves are banned\n|rule|Evasion Moves Clause: Evasion moves are banned\n|rule|Evasion Abilities Clause: Evasion abilities are banned\n|rule|Species Clause: Limit one of each Pok\u00e9mon\n|rule|Gravity Sleep Clause: The combination of sleep-inducing moves with imperfect accuracy and Gravity or Gigantamax Orbeetle are banned\n|clearpoke\n|poke|p1|Ogerpon-Wellspring, F|\n|poke|p1|Rillaboom, M|\n|poke|p1|Chi-Yu|\n|poke|p1|Flutter Mane|\n|poke|p1|Gholdengo|\n|poke|p1|Kingambit, F|\n|poke|p2|Iron Moth|\n|poke|p2|Corviknight, M|\n|poke|p2|Greninja-*, M|\n|poke|p2|Dragapult, M|\n|poke|p2|Gardevoir, F|\n|poke|p2|Scizor, M|\n|teampreview\n|inactive|Battle timer is ON: inactive players will automatically lose when time's up. (requested by Dranzerv2259)\n|inactiveoff|Battle timer is now OFF.\n|inactive|Battle timer is ON: inactive players will automatically lose when time's up. (requested by Dranzerv2259)\n|\n|t:|1698881115\n|start\n|switch|p1a: Rillaboom|Rillaboom, M|100\/100\n|switch|p1b: Ogerpon|Ogerpon-Wellspring, F|100\/100\n|switch|p2a: Iron Moth|Iron Moth|100\/100\n|switch|p2b: Gardevoir|Gardevoir, F|100\/100\n|-fieldstart|move: Grassy Terrain|[from] ability: Grassy Surge|[of] p1a: Rillaboom\n|turn|1\n|inactive|Blue Kaiser dragon has 120 seconds left.\n|inactive|Blue Kaiser dragon has 90 seconds left.\n|inactiveoff|Battle timer is now OFF.\n|\n|t:|1698881182\n|move|p1a: Rillaboom|Fake Out|p2b: Gardevoir\n|-damage|p2b: Gardevoir|81\/100\n|move|p1b: Ogerpon|Ivy Cudgel|p2a: Iron Moth\n|-supereffective|p2a: Iron Moth\n|-damage|p2a: Iron Moth|0 fnt\n|faint|p2a: Iron Moth\n|-end|p2a: Iron Moth|Quark Drive|[silent]\n|cant|p2b: Gardevoir|flinch\n|\n|-heal|p2b: Gardevoir|87\/100|[from] Grassy Terrain\n|upkeep\n|\n|t:|1698881197\n|switch|p2a: Dragapult|Dragapult, M|100\/100\n|turn|2\n|\n|t:|1698881220\n|switch|p1a: Chi-Yu|Chi-Yu|100\/100\n|-ability|p1a: Chi-Yu|Beads of Ruin\n|-item|p1a: Chi-Yu|Air Balloon\n|-terastallize|p1b: Ogerpon|Water\n|detailschange|p1b: Ogerpon|Ogerpon-Wellspring-Tera, F, tera:Water\n|-ability|p1b: Ogerpon|Embody Aspect (Wellspring)|boost\n|-boost|p1b: Ogerpon|spd|1\n|move|p2a: Dragapult|Flamethrower|p1a: Chi-Yu\n|-resisted|p1a: Chi-Yu\n|-damage|p1a: Chi-Yu|87\/100\n|-enditem|p1a: Chi-Yu|Air Balloon\n|move|p1b: Ogerpon|Ivy Cudgel|p2b: Gardevoir\n|-damage|p2b: Gardevoir|0 fnt\n|faint|p2b: Gardevoir\n|\n|-heal|p1a: Chi-Yu|93\/100|[from] Grassy Terrain\n|upkeep\n|\n|t:|1698881244\n|switch|p2b: Greninja|Greninja, M|100\/100\n|turn|3\n|\n|t:|1698881261\n|switch|p2a: Corviknight|Corviknight, M|100\/100\n|-ability|p2a: Corviknight|Pressure\n|move|p1b: Ogerpon|Horn Leech|p2b: Greninja\n|-supereffective|p2b: Greninja\n|-crit|p2b: Greninja\n|-damage|p2b: Greninja|0 fnt\n|faint|p2b: Greninja\n|move|p1a: Chi-Yu|Dark Pulse|p2a: Corviknight\n|-damage|p2a: Corviknight|42\/100\n|\n|-heal|p1a: Chi-Yu|99\/100|[from] Grassy Terrain\n|upkeep\n|\n|t:|1698881278\n|switch|p2b: Scizor|Scizor, M|100\/100\n|turn|4\n|\n|t:|1698881292\n|move|p1b: Ogerpon|Ivy Cudgel|p2b: Scizor\n|-damage|p2b: Scizor|14\/100\n|move|p1a: Chi-Yu|Fire Blast|p2a: Corviknight\n|-supereffective|p2a: Corviknight\n|-damage|p2a: Corviknight|0 fnt\n|faint|p2a: Corviknight\n|move|p2b: Scizor|Air Slash|p1b: Ogerpon|[miss]\n|-miss|p2b: Scizor|p1b: Ogerpon\n|\n|-heal|p1a: Chi-Yu|100\/100|[from] Grassy Terrain\n|-heal|p2b: Scizor|20\/100|[from] Grassy Terrain\n|upkeep\n|\n|t:|1698881311\n|switch|p2a: Dragapult|Dragapult, M|100\/100\n|turn|5\n|\n|t:|1698881325\n|move|p2a: Dragapult|Draco Meteor|p1b: Ogerpon\n|-damage|p1b: Ogerpon|42\/100\n|-unboost|p2a: Dragapult|spa|2\n|move|p1b: Ogerpon|Horn Leech|p2b: Scizor\n|-resisted|p2b: Scizor\n|-damage|p2b: Scizor|4\/100\n|-heal|p1b: Ogerpon|50\/100|[from] drain|[of] p2b: Scizor\n|move|p1a: Chi-Yu|Dark Pulse|p2a: Dragapult\n|-supereffective|p2a: Dragapult\n|-damage|p2a: Dragapult|0 fnt\n|faint|p2a: Dragapult\n|move|p2b: Scizor|Flash Cannon|p1b: Ogerpon\n|-resisted|p1b: Ogerpon\n|-damage|p1b: Ogerpon|39\/100\n|\n|-heal|p1b: Ogerpon|45\/100|[from] Grassy Terrain\n|-heal|p2b: Scizor|11\/100|[from] Grassy Terrain\n|-fieldend|move: Grassy Terrain\n|upkeep\n|turn|6\n|\n|t:|1698881351\n|detailschange|p2b: Scizor|Scizor-Mega, M\n|-mega|p2b: Scizor|Scizor|Scizorite\n|move|p1b: Ogerpon|Ivy Cudgel|p2b: Scizor\n|-damage|p2b: Scizor|0 fnt\n|faint|p2b: Scizor\n|\n|win|Blue Kaiser dragon\n|raw|Blue Kaiser dragon's rating: 1095 &rarr; <strong>1114<\/strong><br \/>(+19 for winning)\n|raw|Dranzerv2259's rating: 1000 &rarr; <strong>1000<\/strong><br \/>(+0 for losing)\n|l|\u2606Dranzerv2259\n|c|\u2606Blue Kaiser dragon|Gg\n","uploadtime":1698881387,"views":4,"p1id":"bluekaiserdragon","p2id":"dranzerv2259","formatid":"gen9nationaldexdoubles","rating":1000,"private":0,"password":""}