{"id":"gen9nationaldexdoubles-1969269191","p1":"OEEM67","p2":"solrack2008","format":"[Gen 9] National Dex Doubles","log":"|j|\u2606OEEM67\n|j|\u2606solrack2008\n|t:|1697508073\n|gametype|doubles\n|player|p1|OEEM67|lady-gen4|\n|player|p2|solrack2008|iris|\n|teamsize|p1|6\n|teamsize|p2|6\n|gen|9\n|tier|[Gen 9] National Dex Doubles\n|rule|HP Percentage Mod: HP is shown in percentages\n|rule|Endless Battle Clause: Forcing endless battles is banned\n|rule|OHKO Clause: OHKO moves are banned\n|rule|Evasion Moves Clause: Evasion moves are banned\n|rule|Evasion Abilities Clause: Evasion abilities are banned\n|rule|Species Clause: Limit one of each Pok\u00e9mon\n|rule|Gravity Sleep Clause: The combination of sleep-inducing moves with imperfect accuracy and Gravity or Gigantamax Orbeetle are banned\n|clearpoke\n|poke|p1|Gardevoir, F|\n|poke|p1|Florges-Blue, F|\n|poke|p1|Aurorus, M|\n|poke|p1|Hawlucha, M|\n|poke|p1|Goodra-Hisui, M|\n|poke|p1|Gourgeist-*, M|\n|poke|p2|Aggron, M|\n|poke|p2|Dragonite, F|\n|poke|p2|Lapras, M|\n|poke|p2|Druddigon, M|\n|poke|p2|Haxorus, M|\n|poke|p2|Hydreigon, F|\n|teampreview\n|\n|t:|1697508102\n|start\n|switch|p1a: Aurora|Aurorus, M, shiny|100\/100\n|switch|p1b: Flora|Florges-Blue, F|100\/100\n|switch|p2a: Druddigon|Druddigon, M|100\/100\n|switch|p2b: Aggron|Aggron, M|100\/100\n|-weather|Snow|[from] ability: Snow Warning|[of] p1a: Aurora\n|turn|1\n|c|\u2606solrack2008|Buena suerte y no seas tan rudo\n|\n|t:|1697508132\n|detailschange|p2b: Aggron|Aggron-Mega, M\n|-mega|p2b: Aggron|Aggron|Aggronite\n|move|p1b: Flora|Moonblast|p2a: Druddigon\n|-supereffective|p2a: Druddigon\n|-damage|p2a: Druddigon|23\/100\n|-unboost|p2a: Druddigon|spa|1\n|move|p1a: Aurora|Aurora Veil|p1a: Aurora\n|-sidestart|p1: OEEM67|move: Aurora Veil\n|move|p2b: Aggron|Heavy Slam|p1b: Flora\n|-supereffective|p1b: Flora\n|-damage|p1b: Flora|15\/100\n|-enditem|p1b: Flora|Sitrus Berry|[eat]\n|-heal|p1b: Flora|40\/100|[from] item: Sitrus Berry\n|move|p2a: Druddigon|Glare|p1b: Flora\n|-status|p1b: Flora|par\n|\n|-weather|Snow|[upkeep]\n|upkeep\n|turn|2\n|\n|t:|1697508180\n|switch|p1b: Halloween|Gourgeist-Large, M|100\/100\n|move|p2a: Druddigon|Sucker Punch||[still]\n|-fail|p2a: Druddigon\n|move|p2b: Aggron|Heavy Slam|p1a: Aurora\n|-supereffective|p1a: Aurora\n|-crit|p1a: Aurora\n|-damage|p1a: Aurora|20\/100\n|move|p1a: Aurora|Reflect|p1a: Aurora\n|-sidestart|p1: OEEM67|Reflect\n|\n|-weather|Snow|[upkeep]\n|-heal|p1a: Aurora|27\/100|[from] item: Leftovers\n|upkeep\n|turn|3\n|\n|t:|1697508207\n|switch|p1a: Dino|Goodra-Hisui, M|100\/100\n|move|p1b: Halloween|Toxic|p2a: Druddigon\n|-status|p2a: Druddigon|tox\n|move|p2b: Aggron|Ice Punch|p1b: Halloween\n|-supereffective|p1b: Halloween\n|-damage|p1b: Halloween|69\/100\n|move|p2a: Druddigon|Stealth Rock|p1a: Dino\n|-sidestart|p1: OEEM67|move: Stealth Rock\n|\n|-weather|Snow|[upkeep]\n|-heal|p1b: Halloween|75\/100|[from] item: Leftovers\n|-damage|p2a: Druddigon|17\/100 tox|[from] psn\n|upkeep\n|turn|4\n|\n|t:|1697508241\n|move|p1b: Halloween|Leech Seed|p2b: Aggron\n|-start|p2b: Aggron|move: Leech Seed\n|move|p1a: Dino|Muddy Water|p2b: Aggron|[spread] p2a,p2b\n|-resisted|p2a: Druddigon\n|-damage|p2a: Druddigon|6\/100 tox\n|-damage|p2b: Aggron|73\/100\n|move|p2b: Aggron|Ice Punch|p1b: Halloween\n|-supereffective|p1b: Halloween\n|-damage|p1b: Halloween|44\/100\n|-status|p1b: Halloween|frz\n|move|p2a: Druddigon|Dragon Tail|p1a: Dino\n|-damage|p1a: Dino|80\/100\n|drag|p1a: Gardevoir|Gardevoir, F|100\/100\n|-damage|p1a: Gardevoir|88\/100|[from] Stealth Rock\n|\n|-weather|Snow|[upkeep]\n|-heal|p1b: Halloween|50\/100 frz|[from] item: Leftovers\n|-damage|p2b: Aggron|61\/100|[from] Leech Seed|[of] p1b: Halloween\n|-heal|p1b: Halloween|62\/100 frz|[silent]\n|-damage|p2a: Druddigon|0 fnt|[from] psn\n|faint|p2a: Druddigon\n|upkeep\n|\n|t:|1697508258\n|switch|p2a: Dragonite|Dragonite, F|100\/100\n|turn|5\n|\n|t:|1697508280\n|detailschange|p1a: Gardevoir|Gardevoir-Mega, F\n|-mega|p1a: Gardevoir|Gardevoir|Gardevoirite\n|move|p1a: Gardevoir|Moonblast|p2a: Dragonite\n|-supereffective|p2a: Dragonite\n|-damage|p2a: Dragonite|36\/100\n|move|p2a: Dragonite|Flamethrower|p1b: Halloween\n|-supereffective|p1b: Halloween\n|-damage|p1b: Halloween|32\/100 frz\n|-curestatus|p1b: Halloween|frz|[msg]\n|-damage|p2a: Dragonite|26\/100|[from] item: Life Orb\n|move|p1b: Halloween|Leech Seed|p2a: Dragonite\n|-start|p2a: Dragonite|move: Leech Seed\n|move|p2b: Aggron|Heavy Slam|p1a: Gardevoir\n|-supereffective|p1a: Gardevoir\n|-damage|p1a: Gardevoir|0 fnt\n|faint|p1a: Gardevoir\n|\n|-weather|none\n|-heal|p1b: Halloween|39\/100|[from] item: Leftovers\n|-damage|p2a: Dragonite|14\/100|[from] Leech Seed|[of] p1b: Halloween\n|-heal|p1b: Halloween|50\/100|[silent]\n|-damage|p2b: Aggron|48\/100|[from] Leech Seed|[of] p1b: Halloween\n|-heal|p1b: Halloween|62\/100|[silent]\n|-sideend|p1: OEEM67|move: Aurora Veil\n|upkeep\n|\n|t:|1697508291\n|switch|p1a: Dino|Goodra-Hisui, M|80\/100\n|-damage|p1a: Dino|74\/100|[from] Stealth Rock\n|turn|6\n|c|\u2606solrack2008|No se por que pense qie lo iva a matar xd\n|\n|t:|1697508315\n|move|p1b: Halloween|Protect|p1b: Halloween\n|-singleturn|p1b: Halloween|Protect\n|move|p2a: Dragonite|Dragon Claw|p1a: Dino\n|-damage|p1a: Dino|42\/100\n|-damage|p2a: Dragonite|4\/100|[from] item: Life Orb\n|move|p1a: Dino|Muddy Water|p2a: Dragonite|[spread] p2a,p2b\n|-resisted|p2a: Dragonite\n|-damage|p2a: Dragonite|0 fnt\n|-damage|p2b: Aggron|22\/100\n|faint|p2a: Dragonite\n|move|p2b: Aggron|Ice Punch|p1b: Halloween\n|-activate|p1b: Halloween|move: Protect\n|\n|-heal|p1b: Halloween|68\/100|[from] item: Leftovers\n|-damage|p2b: Aggron|10\/100|[from] Leech Seed|[of] p1b: Halloween\n|-heal|p1b: Halloween|80\/100|[silent]\n|-sideend|p1: OEEM67|Reflect\n|upkeep\n|\n|t:|1697508333\n|switch|p2a: Lapras|Lapras, M|100\/100\n|turn|7\n|\n|t:|1697508375\n|switch|p1a: Pochi|Hawlucha, M|100\/100\n|-damage|p1a: Pochi|88\/100|[from] Stealth Rock\n|-terastallize|p1b: Halloween|Ghost\n|move|p2a: Lapras|Freeze-Dry|p1a: Pochi\n|-supereffective|p1a: Pochi\n|-damage|p1a: Pochi|19\/100\n|-status|p1a: Pochi|frz\n|move|p1b: Halloween|Leech Seed|p2a: Lapras\n|-start|p2a: Lapras|move: Leech Seed\n|move|p2b: Aggron|Ice Punch|p1a: Pochi\n|-supereffective|p1a: Pochi\n|-damage|p1a: Pochi|0 fnt\n|faint|p1a: Pochi\n|\n|-heal|p1b: Halloween|86\/100|[from] item: Leftovers\n|-damage|p2a: Lapras|88\/100|[from] Leech Seed|[of] p1b: Halloween\n|-heal|p1b: Halloween|100\/100|[silent]\n|-damage|p2b: Aggron|0 fnt|[from] Leech Seed|[of] p1b: Halloween\n|faint|p2b: Aggron\n|upkeep\n|\n|t:|1697508409\n|switch|p1a: Flora|Florges-Blue, F|40\/100 par\n|switch|p2b: Haxorus|Haxorus, M|100\/100\n|-ability|p2b: Haxorus|Mold Breaker\n|-damage|p1a: Flora|27\/100 par|[from] Stealth Rock\n|turn|8\n|c|\u2606solrack2008|Espera, que no, no se valia tera\n|c|\u2606solrack2008|Goool\n|c|\u2606solrack2008|Digo, gold\n|\n|t:|1697508455\n|move|p1a: Flora|Protect|p1a: Flora\n|-singleturn|p1a: Flora|Protect\n|move|p2b: Haxorus|Dragon Dance|p2b: Haxorus\n|-boost|p2b: Haxorus|atk|1\n|-boost|p2b: Haxorus|spe|1\n|move|p2a: Lapras|Freeze-Dry|p1a: Flora\n|-activate|p1a: Flora|move: Protect\n|move|p1b: Halloween|Trick Room|p1b: Halloween\n|-fieldstart|move: Trick Room|[of] p1b: Halloween\n|\n|-heal|p2a: Lapras|94\/100|[from] item: Leftovers\n|-damage|p2a: Lapras|82\/100|[from] Leech Seed|[of] p1b: Halloween\n|upkeep\n|turn|9\n|\n|t:|1697508492\n|cant|p1a: Flora|par\n|move|p2a: Lapras|Surf|p1a: Flora|[spread] p2b,p1a,p1b\n|-resisted|p2b: Haxorus\n|-damage|p2b: Haxorus|85\/100\n|-damage|p1a: Flora|13\/100 par\n|-damage|p1b: Halloween|83\/100\n|move|p1b: Halloween|Toxic|p2b: Haxorus\n|-status|p2b: Haxorus|tox\n|-enditem|p2b: Haxorus|Lum Berry|[eat]\n|-curestatus|p2b: Haxorus|tox|[msg]\n|move|p2b: Haxorus|Earthquake|p1a: Flora|[spread] p2a,p1a,p1b\n|-damage|p2a: Lapras|44\/100\n|-damage|p1a: Flora|0 fnt\n|-damage|p1b: Halloween|47\/100\n|faint|p1a: Flora\n|\n|-heal|p1b: Halloween|53\/100|[from] item: Leftovers\n|-heal|p2a: Lapras|50\/100|[from] item: Leftovers\n|-damage|p2a: Lapras|37\/100|[from] Leech Seed|[of] p1b: Halloween\n|-heal|p1b: Halloween|70\/100|[silent]\n|upkeep\n|\n|t:|1697508508\n|switch|p1a: Dino|Goodra-Hisui, M|42\/100\n|-damage|p1a: Dino|36\/100|[from] Stealth Rock\n|turn|10\n|\n|t:|1697508526\n|move|p1b: Halloween|Toxic|p2a: Lapras\n|-status|p2a: Lapras|tox\n|-zpower|p1a: Dino\n|move|p1a: Dino|Devastating Drake|p2b: Haxorus|[zeffect]\n|-supereffective|p2b: Haxorus\n|-damage|p2b: Haxorus|0 fnt\n|faint|p2b: Haxorus\n|move|p2a: Lapras|Toxic|p1b: Halloween\n|-status|p1b: Halloween|tox\n|\n|-heal|p1b: Halloween|76\/100 tox|[from] item: Leftovers\n|-heal|p2a: Lapras|44\/100 tox|[from] item: Leftovers\n|-damage|p2a: Lapras|31\/100 tox|[from] Leech Seed|[of] p1b: Halloween\n|-heal|p1b: Halloween|92\/100 tox|[silent]\n|-damage|p1b: Halloween|86\/100 tox|[from] psn\n|-damage|p2a: Lapras|25\/100 tox|[from] psn\n|upkeep\n|\n|t:|1697508534\n|switch|p2b: Hydreigon|Hydreigon, F|100\/100\n|turn|11\n|\n|t:|1697508557\n|move|p1a: Dino|Dragon Pulse|p2b: Hydreigon\n|-supereffective|p2b: Hydreigon\n|-damage|p2b: Hydreigon|35\/100\n|move|p2a: Lapras|Freeze-Dry|p1a: Dino\n|-damage|p1a: Dino|20\/100\n|move|p1b: Halloween|Toxic|p2b: Hydreigon\n|-status|p2b: Hydreigon|tox\n|move|p2b: Hydreigon|Draco Meteor|p1b: Halloween\n|-damage|p1b: Halloween|26\/100 tox\n|-unboost|p2b: Hydreigon|spa|2\n|\n|-heal|p2a: Lapras|31\/100 tox|[from] item: Leftovers\n|-heal|p1b: Halloween|33\/100 tox|[from] item: Leftovers\n|-damage|p2a: Lapras|19\/100 tox|[from] Leech Seed|[of] p1b: Halloween\n|-heal|p1b: Halloween|49\/100 tox|[silent]\n|-damage|p1b: Halloween|37\/100 tox|[from] psn\n|-damage|p2a: Lapras|6\/100 tox|[from] psn\n|-damage|p2b: Hydreigon|29\/100 tox|[from] psn\n|upkeep\n|turn|12\n|\n|t:|1697508604\n|-terastallize|p2b: Hydreigon|Dark\n|move|p1b: Halloween|Protect|p1b: Halloween\n|-singleturn|p1b: Halloween|Protect\n|move|p1a: Dino|Dragon Pulse|p2b: Hydreigon\n|-damage|p2b: Hydreigon|0 fnt\n|faint|p2b: Hydreigon\n|move|p2a: Lapras|Surf|p1b: Halloween|[spread] p1a\n|-activate|p1b: Halloween|move: Protect\n|-resisted|p1a: Dino\n|-damage|p1a: Dino|12\/100\n|\n|-heal|p2a: Lapras|12\/100 tox|[from] item: Leftovers\n|-heal|p1b: Halloween|43\/100 tox|[from] item: Leftovers\n|-damage|p2a: Lapras|0 fnt|[from] Leech Seed|[of] p1b: Halloween\n|-heal|p1b: Halloween|58\/100 tox|[silent]\n|faint|p2a: Lapras\n|\n|win|OEEM67\n|upkeep\n|l|\u2606solrack2008\n|l|\u2606OEEM67\n|j|\u2606OEEM67\n|player|p1|OEEM67|lady-gen4\n","uploadtime":1697508698,"views":11,"p1id":"oeem67","p2id":"solrack2008","formatid":"gen9nationaldexdoubles","rating":0,"private":0,"password":""}