{"id":"gen9nationaldexdoubles-1963130769","p1":"Denvah_17","p2":"Thalassophobia","format":"[Gen 9] National Dex Doubles","log":"|j|\u2606Denvah_17\n|j|\u2606Thalassophobia\n|t:|1696830788\n|gametype|doubles\n|player|p1|Denvah_17|alder|1096\n|player|p2|Thalassophobia|pokekid|1142\n|teamsize|p1|6\n|teamsize|p2|6\n|gen|9\n|tier|[Gen 9] National Dex Doubles\n|rated|\n|rule|HP Percentage Mod: HP is shown in percentages\n|rule|Endless Battle Clause: Forcing endless battles is banned\n|rule|OHKO Clause: OHKO moves are banned\n|rule|Evasion Moves Clause: Evasion moves are banned\n|rule|Evasion Abilities Clause: Evasion abilities are banned\n|rule|Species Clause: Limit one of each Pok\u00e9mon\n|rule|Gravity Sleep Clause: The combination of sleep-inducing moves with imperfect accuracy and Gravity or Gigantamax Orbeetle are banned\n|clearpoke\n|poke|p1|Sinistcha-Masterpiece|\n|poke|p1|Enamorus, F|\n|poke|p1|Okidogi, M|\n|poke|p1|Volcanion|\n|poke|p1|Scizor, F|\n|poke|p1|Ursaluna-Bloodmoon, M|\n|poke|p2|Umbreon, M|\n|poke|p2|Glaceon, F|\n|poke|p2|Sylveon, F|\n|poke|p2|Appletun, M|\n|poke|p2|Ursaluna-Bloodmoon, M|\n|poke|p2|Zoroark, F|\n|teampreview\n|inactive|Battle timer is ON: inactive players will automatically lose when time's up. (requested by Denvah_17)\n|inactive|Thalassophobia also wants the timer to be on.\n|\n|t:|1696830816\n|start\n|switch|p1a: Sonria|Enamorus, F|100\/100\n|switch|p1b: Grass Latte|Sinistcha-Masterpiece|100\/100\n|switch|p2a: Umbreon|Umbreon, M, shiny|100\/100\n|switch|p2b: Sylveon|Sylveon, F|100\/100\n|turn|1\n|\n|t:|1696830845\n|move|p1a: Sonria|Superpower|p2a: Umbreon\n|-supereffective|p2a: Umbreon\n|-damage|p2a: Umbreon|59\/100\n|-boost|p1a: Sonria|atk|1\n|-boost|p1a: Sonria|def|1\n|move|p1b: Grass Latte|Calm Mind|p1b: Grass Latte\n|-boost|p1b: Grass Latte|spa|1\n|-boost|p1b: Grass Latte|spd|1\n|move|p2a: Umbreon|Calm Mind|p2a: Umbreon\n|-boost|p2a: Umbreon|spa|1\n|-boost|p2a: Umbreon|spd|1\n|move|p2b: Sylveon|Mystical Fire|p1b: Grass Latte\n|-supereffective|p1b: Grass Latte\n|-damage|p1b: Grass Latte|63\/100\n|-unboost|p1b: Grass Latte|spa|1\n|-enditem|p1b: Grass Latte|Weakness Policy\n|-boost|p1b: Grass Latte|atk|2|[from] item: Weakness Policy\n|-boost|p1b: Grass Latte|spa|2|[from] item: Weakness Policy\n|\n|-heal|p2a: Umbreon|65\/100|[from] item: Leftovers\n|upkeep\n|turn|2\n|\n|t:|1696830875\n|-terastallize|p1b: Grass Latte|Grass\n|-terastallize|p2a: Umbreon|Ghost\n|move|p1a: Sonria|Superpower|p2a: Umbreon\n|-immune|p2a: Umbreon\n|move|p1b: Grass Latte|Matcha Gotcha|p2b: Sylveon|[spread] p2b\n|-miss|p1b: Grass Latte|p2a: Umbreon\n|-damage|p2b: Sylveon|71\/100\n|-heal|p1b: Grass Latte|84\/100|[from] drain|[of] p2b: Sylveon\n|move|p2a: Umbreon|Wish|p2a: Umbreon\n|move|p2b: Sylveon|Hyper Voice|p1a: Sonria|[spread] p1a,p1b\n|-damage|p1a: Sonria|60\/100\n|-damage|p1b: Grass Latte|52\/100\n|\n|-heal|p2a: Umbreon|71\/100|[from] item: Leftovers\n|upkeep\n|turn|3\n|\n|t:|1696830900\n|move|p1a: Sonria|Play Rough|p2b: Sylveon\n|-damage|p2b: Sylveon|0 fnt\n|faint|p2b: Sylveon\n|move|p1b: Grass Latte|Strength Sap|p1a: Sonria\n|-boost|p1a: Sonria|atk|1\n|-heal|p1b: Grass Latte|100\/100\n|move|p2a: Umbreon|Baton Pass|p2a: Umbreon\n|\n|t:|1696830914\n|switch|p2a: Overused|Ursaluna-Bloodmoon, M|100\/100|[from] Baton Pass\n|\n|upkeep\n|\n|t:|1696830921\n|switch|p2b: Appletun|Appletun, M|100\/100\n|turn|4\n|\n|t:|1696830942\n|move|p1a: Sonria|Play Rough|p2a: Overused\n|-supereffective|p2a: Overused\n|-damage|p2a: Overused|0 fnt\n|replace|p2a: Zoroark|Zoroark, F\n|-end|p2a: Zoroark|Illusion\n|faint|p2a: Zoroark\n|move|p1b: Grass Latte|Matcha Gotcha|p2b: Appletun\n|-resisted|p2b: Appletun\n|-damage|p2b: Appletun|86\/100\n|move|p2b: Appletun|Recover|p2b: Appletun\n|-heal|p2b: Appletun|100\/100\n|\n|upkeep\n|\n|t:|1696830953\n|switch|p2a: Overused|Ursaluna-Bloodmoon, M|100\/100\n|turn|5\n|\n|t:|1696830967\n|move|p1a: Sonria|Play Rough|p2b: Appletun\n|-supereffective|p2b: Appletun\n|-damage|p2b: Appletun|0 fnt\n|faint|p2b: Appletun\n|move|p1b: Grass Latte|Matcha Gotcha|p2a: Overused\n|-supereffective|p2a: Overused\n|-damage|p2a: Overused|0 fnt\n|faint|p2a: Overused\n|\n|upkeep\n|\n|t:|1696830972\n|switch|p2a: Glaceon|Glaceon, F, shiny|100\/100\n|switch|p2b: Umbreon|Umbreon, M, shiny, tera:Ghost|71\/100\n|turn|6\n|\n|t:|1696830990\n|move|p2a: Glaceon|Blizzard|p1b: Grass Latte|[spread] p1a,p1b\n|-supereffective|p1a: Sonria\n|-supereffective|p1b: Grass Latte\n|-damage|p1a: Sonria|0 fnt\n|-damage|p1b: Grass Latte|38\/100\n|faint|p1a: Sonria\n|move|p1b: Grass Latte|Hex|p2b: Umbreon\n|-supereffective|p2b: Umbreon\n|-damage|p2b: Umbreon|4\/100\n|move|p2b: Umbreon|Wish|p2b: Umbreon\n|\n|-heal|p2b: Umbreon|10\/100|[from] item: Leftovers\n|upkeep\n|\n|t:|1696831008\n|switch|p1a: Sudafed|Scizor, F|100\/100\n|turn|7\n|\n|t:|1696831016\n|detailschange|p1a: Sudafed|Scizor-Mega, F\n|-mega|p1a: Sudafed|Scizor|Scizorite\n|move|p2a: Glaceon|Blizzard|p1b: Grass Latte|[spread] \n|-miss|p2a: Glaceon|p1a: Sudafed\n|-miss|p2a: Glaceon|p1b: Grass Latte\n|move|p1a: Sudafed|Swords Dance|p1a: Sudafed\n|-boost|p1a: Sudafed|atk|2\n|move|p1b: Grass Latte|Matcha Gotcha|p2a: Glaceon|[spread] p2a,p2b\n|-damage|p2a: Glaceon|16\/100\n|-heal|p1b: Grass Latte|79\/100|[from] drain|[of] p2a: Glaceon\n|-damage|p2b: Umbreon|0 fnt\n|-heal|p1b: Grass Latte|85\/100|[from] drain|[of] p2b: Umbreon\n|-status|p2a: Glaceon|brn\n|faint|p2b: Umbreon\n|\n|-damage|p2a: Glaceon|10\/100 brn|[from] brn\n|upkeep\n|turn|8\n|j| TechnoGenji\n|\n|t:|1696831039\n|move|p1a: Sudafed|Bullet Punch|p2a: Glaceon\n|-supereffective|p2a: Glaceon\n|-damage|p2a: Glaceon|0 fnt\n|faint|p2a: Glaceon\n|\n|win|Denvah_17\n|raw|Denvah_17's rating: 1096 &rarr; <strong>1125<\/strong><br \/>(+29 for winning)\n|raw|Thalassophobia's rating: 1142 &rarr; <strong>1114<\/strong><br \/>(-28 for losing)\n","uploadtime":1696831043,"views":9,"p1id":"denvah17","p2id":"thalassophobia","formatid":"gen9nationaldexdoubles","rating":1114,"private":0,"password":""}