{"id":"gen9nationaldexdoubles-1991647732","p1":"loisgv","p2":"Naia_05","format":"[Gen 9] National Dex Doubles","log":"|j|\u2606loisgv\n|j|\u2606Naia_05\n|t:|1700098166\n|gametype|doubles\n|player|p1|loisgv|koga|1273\n|player|p2|Naia_05|cynthia-gen4|1263\n|teamsize|p1|6\n|teamsize|p2|6\n|gen|9\n|tier|[Gen 9] National Dex Doubles\n|rated|\n|rule|HP Percentage Mod: HP is shown in percentages\n|rule|Endless Battle Clause: Forcing endless battles is banned\n|rule|OHKO Clause: OHKO moves are banned\n|rule|Evasion Moves Clause: Evasion moves are banned\n|rule|Evasion Abilities Clause: Evasion abilities are banned\n|rule|Species Clause: Limit one of each Pok\u00e9mon\n|rule|Gravity Sleep Clause: The combination of sleep-inducing moves with imperfect accuracy and Gravity or Gigantamax Orbeetle are banned\n|clearpoke\n|poke|p1|Scolipede, F|\n|poke|p1|Salazzle, F|\n|poke|p1|Iron Moth|\n|poke|p1|Weezing-Galar, M|\n|poke|p1|Beedrill, F|\n|poke|p1|Gengar, M|\n|poke|p2|Shiinotic, F|\n|poke|p2|Sableye, F|\n|poke|p2|Greedent, F|\n|poke|p2|Xurkitree|\n|poke|p2|Iron Moth|\n|poke|p2|Garchomp, M|\n|teampreview\n|inactive|Battle timer is ON: inactive players will automatically lose when time's up. (requested by loisgv)\n|\n|t:|1700098181\n|start\n|switch|p1a: Salazzle|Salazzle, F|100\/100\n|switch|p1b: Gengar|Gengar, M|100\/100\n|switch|p2a: Shiinotic|Shiinotic, F|100\/100\n|switch|p2b: Sableye|Sableye, F|100\/100\n|turn|1\n|\n|t:|1700098190\n|-terastallize|p2a: Shiinotic|Dark\n|move|p2b: Sableye|Skill Swap|p2a: Shiinotic\n|-activate|p2b: Sableye|move: Skill Swap|||[of] p2a: Shiinotic\n|move|p2a: Shiinotic|Spore|p1a: Salazzle\n|-status|p1a: Salazzle|slp|[from] move: Spore\n|cant|p1a: Salazzle|slp\n|move|p1b: Gengar|Taunt|p2a: Shiinotic\n|-start|p2a: Shiinotic|move: Taunt\n|-enditem|p2a: Shiinotic|Mental Herb\n|-end|p2a: Shiinotic|move: Taunt\n|\n|upkeep\n|turn|2\n|\n|t:|1700098208\n|move|p2a: Shiinotic|Spore|p1b: Gengar\n|-status|p1b: Gengar|slp|[from] move: Spore\n|-curestatus|p1a: Salazzle|slp|[msg]\n|move|p1a: Salazzle|Poison Gas|p2b: Sableye|[spread] p2a,p2b\n|-status|p2a: Shiinotic|psn\n|-status|p2b: Sableye|psn\n|cant|p1b: Gengar|slp\n|move|p2b: Sableye|Taunt|p1b: Gengar\n|-start|p1b: Gengar|move: Taunt\n|\n|-damage|p2b: Sableye|88\/100 psn|[from] psn\n|-damage|p2a: Shiinotic|88\/100 psn|[from] psn\n|upkeep\n|turn|3\n|\n|t:|1700098220\n|move|p2a: Shiinotic|Spore|p1a: Salazzle\n|-status|p1a: Salazzle|slp|[from] move: Spore\n|cant|p1a: Salazzle|slp\n|cant|p1b: Gengar|slp\n|move|p2b: Sableye|Encore|p1b: Gengar\n|-start|p1b: Gengar|Encore\n|\n|-damage|p2b: Sableye|76\/100 psn|[from] psn\n|-damage|p2a: Shiinotic|76\/100 psn|[from] psn\n|upkeep\n|turn|4\n|\n|t:|1700098232\n|switch|p1b: Iron Moth|Iron Moth|100\/100\n|-enditem|p1b: Iron Moth|Booster Energy\n|-activate|p1b: Iron Moth|ability: Quark Drive|[fromitem]\n|-start|p1b: Iron Moth|quarkdrivespe\n|move|p2a: Shiinotic|Substitute|p2a: Shiinotic\n|-start|p2a: Shiinotic|Substitute\n|-damage|p2a: Shiinotic|51\/100 psn\n|-curestatus|p1a: Salazzle|slp|[msg]\n|move|p1a: Salazzle|Flamethrower|p2a: Shiinotic\n|-activate|p2a: Shiinotic|move: Substitute|[damage]\n|move|p2b: Sableye|Encore|p1a: Salazzle\n|-start|p1a: Salazzle|Encore\n|\n|-damage|p2b: Sableye|64\/100 psn|[from] psn\n|-damage|p2a: Shiinotic|39\/100 psn|[from] psn\n|upkeep\n|turn|5\n|inactive|Naia_05 has 120 seconds left.\n|\n|t:|1700098269\n|-terastallize|p1b: Iron Moth|Grass\n|move|p2a: Shiinotic|Spore|p1b: Iron Moth\n|-immune|p1b: Iron Moth\n|move|p1b: Iron Moth|Fiery Dance|p2a: Shiinotic\n|-end|p2a: Shiinotic|Substitute\n|move|p1a: Salazzle|Flamethrower|p2b: Sableye\n|-damage|p2b: Sableye|10\/100 psn\n|move|p2b: Sableye|Disable|p1a: Salazzle\n|-start|p1a: Salazzle|Disable|Flamethrower\n|\n|-damage|p2b: Sableye|0 fnt|[from] psn\n|faint|p2b: Sableye\n|-damage|p2a: Shiinotic|26\/100 psn|[from] psn\n|upkeep\n|\n|t:|1700098285\n|switch|p2b: Greedent|Greedent, F|100\/100\n|turn|6\n|\n|t:|1700098292\n|switch|p1a: Gengar|Gengar, M|100\/100 slp\n|move|p2a: Shiinotic|Strength Sap|p2b: Greedent\n|-unboost|p2b: Greedent|atk|1\n|-heal|p2a: Shiinotic|100\/100 psn\n|move|p1b: Iron Moth|Sludge Wave|p2b: Greedent|[spread] p1a,p2a,p2b\n|-resisted|p1a: Gengar\n|-damage|p1a: Gengar|87\/100 slp\n|-damage|p2a: Shiinotic|73\/100 psn\n|-damage|p2b: Greedent|64\/100\n|move|p2b: Greedent|Belly Drum|p2b: Greedent\n|-damage|p2b: Greedent|14\/100\n|-setboost|p2b: Greedent|atk|6|[from] move: Belly Drum\n|-enditem|p2b: Greedent|Sitrus Berry|[eat]\n|-heal|p2b: Greedent|39\/100|[from] item: Sitrus Berry\n|-heal|p2b: Greedent|73\/100|[from] ability: Cheek Pouch\n|\n|-damage|p2a: Shiinotic|60\/100 psn|[from] psn\n|upkeep\n|turn|7\n|\n|t:|1700098318\n|move|p2a: Shiinotic|After You|p2b: Greedent\n|-activate|p2b: Greedent|move: After You\n|move|p2b: Greedent|Body Slam|p1b: Iron Moth\n|-damage|p1b: Iron Moth|0 fnt\n|faint|p1b: Iron Moth\n|-end|p1b: Iron Moth|Quark Drive|[silent]\n|-curestatus|p1a: Gengar|slp|[msg]\n|move|p1a: Gengar|Thunder Wave|p2b: Greedent\n|-status|p2b: Greedent|par\n|\n|-damage|p2a: Shiinotic|48\/100 psn|[from] psn\n|upkeep\n|\n|t:|1700098330\n|switch|p1b: Scolipede|Scolipede, F|100\/100\n|turn|8\n|\n|t:|1700098345\n|move|p2a: Shiinotic|Spore|p1b: Scolipede\n|-status|p1b: Scolipede|slp|[from] move: Spore\n|move|p1a: Gengar|Perish Song|p1a: Gengar\n|-start|p1a: Gengar|perish3|[silent]\n|-start|p1b: Scolipede|perish3|[silent]\n|-start|p2a: Shiinotic|perish3|[silent]\n|-start|p2b: Greedent|perish3|[silent]\n|-fieldactivate|move: Perish Song\n|cant|p1b: Scolipede|slp\n|move|p2b: Greedent|Gyro Ball|p1a: Gengar\n|-damage|p1a: Gengar|0 fnt\n|faint|p1a: Gengar\n|\n|-damage|p2a: Shiinotic|35\/100 psn|[from] psn\n|-start|p1b: Scolipede|perish3\n|-start|p2a: Shiinotic|perish3\n|-start|p2b: Greedent|perish3\n|-ability|p1b: Scolipede|Speed Boost|boost\n|-boost|p1b: Scolipede|spe|1\n|upkeep\n|\n|t:|1700098353\n|switch|p1a: Weezing|Weezing-Galar, M|100\/100\n|turn|9\n|\n|t:|1700098364\n|move|p2a: Shiinotic|Spore|p1a: Weezing\n|-status|p1a: Weezing|slp|[from] move: Spore\n|cant|p1b: Scolipede|slp\n|cant|p1a: Weezing|slp\n|move|p2b: Greedent|Gyro Ball|p1a: Weezing\n|-supereffective|p1a: Weezing\n|-damage|p1a: Weezing|0 fnt\n|faint|p1a: Weezing\n|\n|-damage|p2a: Shiinotic|23\/100 psn|[from] psn\n|-start|p1b: Scolipede|perish2\n|-start|p2a: Shiinotic|perish2\n|-start|p2b: Greedent|perish2\n|-ability|p1b: Scolipede|Speed Boost|boost\n|-boost|p1b: Scolipede|spe|1\n|upkeep\n|c|\u2606loisgv|Spore spam? Trash. K*ll yourself\n|\n|t:|1700098376\n|switch|p1a: Salazzle|Salazzle, F|100\/100\n|turn|10\n|\n|t:|1700098384\n|move|p2a: Shiinotic|Spore|p1a: Salazzle\n|-status|p1a: Salazzle|slp|[from] move: Spore\n|cant|p1b: Scolipede|slp\n|cant|p1a: Salazzle|slp\n|cant|p2b: Greedent|par\n|\n|-damage|p2a: Shiinotic|11\/100 psn|[from] psn\n|-start|p1b: Scolipede|perish1\n|-start|p2a: Shiinotic|perish1\n|-start|p2b: Greedent|perish1\n|-ability|p1b: Scolipede|Speed Boost|boost\n|-boost|p1b: Scolipede|spe|1\n|upkeep\n|turn|11\n|\n|t:|1700098403\n|switch|p1b: Beedrill|Beedrill, F|100\/100\n|move|p2a: Shiinotic|After You|p2b: Greedent\n|-activate|p2b: Greedent|move: After You\n|move|p2b: Greedent|Gyro Ball|p1b: Beedrill\n|-damage|p1b: Beedrill|0 fnt\n|faint|p1b: Beedrill\n|cant|p1a: Salazzle|slp\n|\n|-damage|p2a: Shiinotic|0 fnt|[from] psn\n|faint|p2a: Shiinotic\n|-start|p2b: Greedent|perish0\n|upkeep\n|faint|p2b: Greedent\n|\n|t:|1700098426\n|switch|p1b: Scolipede|Scolipede, F|100\/100 slp\n|switch|p2a: Iron Moth|Iron Moth|100\/100\n|switch|p2b: Garchomp|Garchomp, M|100\/100\n|-enditem|p2a: Iron Moth|Booster Energy\n|-activate|p2a: Iron Moth|ability: Quark Drive|[fromitem]\n|-start|p2a: Iron Moth|quarkdrivespa\n|turn|12\n|c|\u2606loisgv|Skilless c*nt\n|\n|t:|1700098435\n|detailschange|p2b: Garchomp|Garchomp-Mega, M\n|-mega|p2b: Garchomp|Garchomp|Garchompite\n|-curestatus|p1a: Salazzle|slp|[msg]\n|move|p1a: Salazzle|Will-O-Wisp|p2b: Garchomp\n|-status|p2b: Garchomp|brn\n|-curestatus|p1b: Scolipede|slp|[msg]\n|move|p1b: Scolipede|Swords Dance|p1b: Scolipede\n|-boost|p1b: Scolipede|atk|2\n|move|p2a: Iron Moth|Heat Wave|p1b: Scolipede|[spread] p1a,p1b\n|-resisted|p1a: Salazzle\n|-supereffective|p1b: Scolipede\n|-damage|p1a: Salazzle|61\/100\n|-enditem|p1b: Scolipede|Focus Sash\n|-damage|p1b: Scolipede|1\/100\n|move|p2b: Garchomp|Rock Slide|p1b: Scolipede|[spread] p1a,p1b\n|-supereffective|p1a: Salazzle\n|-supereffective|p1b: Scolipede\n|-damage|p1a: Salazzle|25\/100\n|-damage|p1b: Scolipede|0 fnt\n|faint|p1b: Scolipede\n|\n|-damage|p2b: Garchomp|94\/100 brn|[from] brn\n|upkeep\n|turn|13\n|c|\u2606loisgv|You got no skill\n|c|\u2606loisgv|Again\n|c|\u2606loisgv|K*ll yourself please\n|-message|loisgv forfeited.\n|\n|win|Naia_05\n|raw|loisgv's rating: 1273 &rarr; <strong>1247<\/strong><br \/>(-26 for losing)\n|raw|Naia_05's rating: 1263 &rarr; <strong>1289<\/strong><br \/>(+26 for winning)\n","uploadtime":1700098368,"views":5,"p1id":"loisgv","p2id":"naia05","formatid":"gen9nationaldexdoubles","rating":1247,"private":0,"password":""}