{"id":"gen9nationaldexdoubles-1965572943","p1":"ithinkurgay","p2":"Sc4rletQu33n","format":"[Gen 9] National Dex Doubles","log":"|j|\u2606ithinkurgay\n|j|\u2606Sc4rletQu33n\n|t:|1697090188\n|gametype|doubles\n|player|p1|ithinkurgay|101|1035\n|player|p2|Sc4rletQu33n|cynthia-gen4|1159\n|teamsize|p1|6\n|teamsize|p2|6\n|gen|9\n|tier|[Gen 9] National Dex Doubles\n|rated|\n|rule|HP Percentage Mod: HP is shown in percentages\n|rule|Endless Battle Clause: Forcing endless battles is banned\n|rule|OHKO Clause: OHKO moves are banned\n|rule|Evasion Moves Clause: Evasion moves are banned\n|rule|Evasion Abilities Clause: Evasion abilities are banned\n|rule|Species Clause: Limit one of each Pok\u00e9mon\n|rule|Gravity Sleep Clause: The combination of sleep-inducing moves with imperfect accuracy and Gravity or Gigantamax Orbeetle are banned\n|clearpoke\n|poke|p1|Blacephalon|\n|poke|p1|Whimsicott, F|\n|poke|p1|Alakazam, F|\n|poke|p1|Heatran, M|\n|poke|p1|Toxapex, F|\n|poke|p1|Tornadus, M|\n|poke|p2|Medicham, F|\n|poke|p2|Regigigas|\n|poke|p2|Landorus-Therian, M|\n|poke|p2|Venusaur, M|\n|poke|p2|Incineroar, M|\n|poke|p2|Basculegion-F, F|\n|teampreview\n|\n|t:|1697090199\n|start\n|switch|p1a: Blacephalon|Blacephalon|100\/100\n|switch|p1b: Whimsicott|Whimsicott, F|100\/100\n|switch|p2a: Medicham|Medicham, F|100\/100\n|switch|p2b: Regigigas|Regigigas|100\/100\n|-start|p2b: Regigigas|ability: Slow Start\n|turn|1\n|\n|t:|1697090213\n|move|p1a: Blacephalon|Protect|p1a: Blacephalon\n|-singleturn|p1a: Blacephalon|Protect\n|move|p1b: Whimsicott|Tailwind|p1b: Whimsicott\n|-sidestart|p1: ithinkurgay|move: Tailwind\n|move|p2a: Medicham|Skill Swap|p2b: Regigigas\n|-activate|p2a: Medicham|move: Skill Swap|||[of] p2b: Regigigas\n|-end|p2b: Regigigas|Slow Start|[silent]\n|-start|p2a: Medicham|ability: Slow Start\n|move|p2b: Regigigas|Return|p1b: Whimsicott\n|-damage|p1b: Whimsicott|0 fnt\n|faint|p1b: Whimsicott\n|\n|upkeep\n|\n|t:|1697090225\n|switch|p1b: Alakazam|Alakazam, F|100\/100\n|turn|2\n|\n|t:|1697090238\n|move|p1b: Alakazam|Skill Swap|p1a: Blacephalon\n|-activate|p1b: Alakazam|move: Skill Swap|||[of] p1a: Blacephalon\n|move|p1a: Blacephalon|Mind Blown|p2b: Regigigas|[spread] p1b,p2a,p2b\n|-enditem|p1b: Alakazam|Focus Sash\n|-damage|p1b: Alakazam|1\/100\n|-enditem|p2a: Medicham|Focus Sash\n|-damage|p2a: Medicham|1\/100\n|-damage|p2b: Regigigas|50\/100\n|move|p2b: Regigigas|Earthquake|p1b: Alakazam|[spread] p2a,p1a,p1b\n|-supereffective|p1a: Blacephalon\n|-damage|p2a: Medicham|0 fnt\n|-damage|p1a: Blacephalon|0 fnt\n|-damage|p1b: Alakazam|0 fnt\n|faint|p2a: Medicham\n|-end|p2a: Medicham|Slow Start|[silent]\n|faint|p1a: Blacephalon\n|faint|p1b: Alakazam\n|\n|upkeep\n|\n|t:|1697090257\n|switch|p1b: Toxapex|Toxapex, F|100\/100\n|switch|p1a: Heatran|Heatran, M|100\/100\n|switch|p2a: Landorus|Landorus-Therian, M|100\/100\n|-item|p1a: Heatran|Air Balloon\n|-ability|p2a: Landorus|Intimidate|boost\n|-unboost|p1a: Heatran|atk|1\n|-unboost|p1b: Toxapex|atk|1\n|turn|3\n|\n|t:|1697090274\n|move|p1b: Toxapex|Wide Guard|p1b: Toxapex\n|-singleturn|p1b: Toxapex|Wide Guard\n|move|p1a: Heatran|Eruption|p2a: Landorus|[spread] p2a,p2b\n|-damage|p2a: Landorus|35\/100\n|-damage|p2b: Regigigas|10\/100\n|move|p2b: Regigigas|Earthquake|p1b: Toxapex|[spread] \n|-activate|p1a: Heatran|move: Wide Guard\n|-activate|p1b: Toxapex|move: Wide Guard\n|-immune|p2a: Landorus\n|move|p2a: Landorus|Knock Off|p1a: Heatran\n|-damage|p1a: Heatran|66\/100\n|-enditem|p1a: Heatran|Air Balloon\n|\n|-heal|p2a: Landorus|41\/100|[from] item: Leftovers\n|upkeep\n|turn|4\n|\n|t:|1697090302\n|move|p1a: Heatran|Protect|p1a: Heatran\n|-singleturn|p1a: Heatran|Protect\n|move|p2b: Regigigas|Drain Punch|p1a: Heatran\n|-activate|p1a: Heatran|move: Protect\n|move|p2a: Landorus|Earthquake|p1b: Toxapex|[spread] p2b,p1b\n|-activate|p1a: Heatran|move: Protect\n|-supereffective|p1b: Toxapex\n|-damage|p2b: Regigigas|0 fnt\n|-damage|p1b: Toxapex|43\/100\n|faint|p2b: Regigigas\n|move|p1b: Toxapex|Scald|p2a: Landorus\n|-supereffective|p2a: Landorus\n|-damage|p2a: Landorus|3\/100\n|-status|p2a: Landorus|brn\n|\n|-heal|p2a: Landorus|9\/100 brn|[from] item: Leftovers\n|-heal|p1b: Toxapex|49\/100|[from] item: Black Sludge\n|-damage|p2a: Landorus|3\/100 brn|[from] brn\n|-sideend|p1: ithinkurgay|move: Tailwind\n|upkeep\n|\n|t:|1697090310\n|switch|p2b: Basculegion|Basculegion-F, F|100\/100\n|turn|5\n|\n|t:|1697090325\n|move|p1b: Toxapex|Wide Guard|p1b: Toxapex\n|-singleturn|p1b: Toxapex|Wide Guard\n|move|p2b: Basculegion|Crunch|p1b: Toxapex\n|-damage|p1b: Toxapex|36\/100\n|move|p2a: Landorus|Earthquake|p1b: Toxapex|[spread] p2b\n|-activate|p1a: Heatran|move: Wide Guard\n|-activate|p1b: Toxapex|move: Wide Guard\n|-damage|p2b: Basculegion|73\/100\n|move|p1a: Heatran|Flash Cannon|p2b: Basculegion\n|-resisted|p2b: Basculegion\n|-damage|p2b: Basculegion|47\/100\n|\n|-heal|p2a: Landorus|9\/100 brn|[from] item: Leftovers\n|-heal|p1b: Toxapex|42\/100|[from] item: Black Sludge\n|-damage|p2a: Landorus|3\/100 brn|[from] brn\n|upkeep\n|turn|6\n|\n|t:|1697090346\n|move|p1a: Heatran|Protect|p1a: Heatran\n|-singleturn|p1a: Heatran|Protect\n|move|p1b: Toxapex|Baneful Bunker||[still]\n|-fail|p1b: Toxapex\n|move|p2b: Basculegion|Crunch|p1b: Toxapex\n|-damage|p1b: Toxapex|27\/100\n|move|p2a: Landorus|Earthquake|p1a: Heatran|[spread] p2b,p1b\n|-activate|p1a: Heatran|move: Protect\n|-supereffective|p1b: Toxapex\n|-damage|p2b: Basculegion|17\/100\n|-damage|p1b: Toxapex|1\/100\n|\n|-heal|p2a: Landorus|9\/100 brn|[from] item: Leftovers\n|-heal|p1b: Toxapex|7\/100|[from] item: Black Sludge\n|-damage|p2a: Landorus|3\/100 brn|[from] brn\n|upkeep\n|turn|7\n|\n|t:|1697090366\n|move|p1b: Toxapex|Wide Guard|p1b: Toxapex\n|-singleturn|p1b: Toxapex|Wide Guard\n|move|p2b: Basculegion|Crunch|p1b: Toxapex\n|-damage|p1b: Toxapex|0 fnt\n|faint|p1b: Toxapex\n|move|p2a: Landorus|Earthquake|p1a: Heatran|[spread] p2b\n|-activate|p1a: Heatran|move: Wide Guard\n|-crit|p2b: Basculegion\n|-damage|p2b: Basculegion|0 fnt\n|faint|p2b: Basculegion\n|move|p1a: Heatran|Flash Cannon|p2a: Landorus\n|-damage|p2a: Landorus|0 fnt\n|faint|p2a: Landorus\n|\n|upkeep\n|\n|t:|1697090377\n|switch|p2b: Incineroar|Incineroar, M|100\/100\n|switch|p2a: Venusaur|Venusaur, M|100\/100\n|switch|p1b: Tornadus|Tornadus, M|100\/100\n|-ability|p2b: Incineroar|Intimidate|boost\n|-unboost|p1a: Heatran|atk|1\n|-unboost|p1b: Tornadus|atk|1\n|turn|8\n|\n|t:|1697090391\n|detailschange|p2a: Venusaur|Venusaur-Mega, M\n|-mega|p2a: Venusaur|Venusaur|Venusaurite\n|move|p1b: Tornadus|Sunny Day|p1b: Tornadus\n|-weather|SunnyDay\n|move|p2a: Venusaur|Grass Pledge|p1b: Tornadus\n|-waiting|p2a: Venusaur|p2b: Incineroar\n|move|p2b: Incineroar|Fire Pledge|p1b: Tornadus|[from]move: Grass Pledge\n|-combine\n|-crit|p1b: Tornadus\n|-damage|p1b: Tornadus|0 fnt\n|-sidestart|p1: ithinkurgay|Fire Pledge\n|faint|p1b: Tornadus\n|move|p1a: Heatran|Eruption|p2b: Incineroar|[spread] p2a,p2b\n|-supereffective|p2a: Venusaur\n|-resisted|p2b: Incineroar\n|-damage|p2a: Venusaur|42\/100\n|-damage|p2b: Incineroar|72\/100\n|\n|-weather|SunnyDay|[upkeep]\n|-heal|p2b: Incineroar|78\/100|[from] item: Leftovers\n|upkeep\n|turn|9\n|\n|t:|1697090412\n|move|p2a: Venusaur|Earth Power|p1a: Heatran\n|-supereffective|p1a: Heatran\n|-damage|p1a: Heatran|0 fnt\n|faint|p1a: Heatran\n|\n|win|Sc4rletQu33n\n|raw|ithinkurgay's rating: 1035 &rarr; <strong>1025<\/strong><br \/>(-10 for losing)\n|raw|Sc4rletQu33n's rating: 1159 &rarr; <strong>1175<\/strong><br \/>(+16 for winning)\n|l|\u2606ithinkurgay\n|c|\u2606Sc4rletQu33n|Gg\n","uploadtime":1697090422,"views":14,"p1id":"ithinkurgay","p2id":"sc4rletqu33n","formatid":"gen9nationaldexdoubles","rating":1025,"private":0,"password":""}