{"id":"gen9nationaldexdoubles-1989924366","p1":"Spangly-2","p2":"Denvah_17","format":"[Gen 9] National Dex Doubles","log":"|j|\u2606Spangly-2\n|j|\u2606Denvah_17\n|t:|1699907172\n|gametype|doubles\n|player|p1|Spangly-2|red|1417\n|player|p2|Denvah_17|alder|1346\n|teamsize|p1|6\n|teamsize|p2|6\n|gen|9\n|tier|[Gen 9] National Dex Doubles\n|rated|\n|rule|HP Percentage Mod: HP is shown in percentages\n|rule|Endless Battle Clause: Forcing endless battles is banned\n|rule|OHKO Clause: OHKO moves are banned\n|rule|Evasion Moves Clause: Evasion moves are banned\n|rule|Evasion Abilities Clause: Evasion abilities are banned\n|rule|Species Clause: Limit one of each Pok\u00e9mon\n|rule|Gravity Sleep Clause: The combination of sleep-inducing moves with imperfect accuracy and Gravity or Gigantamax Orbeetle are banned\n|clearpoke\n|poke|p1|Kommo-o, F|\n|poke|p1|Iron Bundle|\n|poke|p1|Marshadow|\n|poke|p1|Illumise, F|\n|poke|p1|Iron Valiant|\n|poke|p1|Incineroar, M|\n|poke|p2|Porygon2|\n|poke|p2|Marowak-Alola, F|\n|poke|p2|Slowbro-Galar, F|\n|poke|p2|Parasect, M|\n|poke|p2|Rhyperior, M|\n|poke|p2|Zapdos|\n|teampreview\n|inactive|Battle timer is ON: inactive players will automatically lose when time's up. (requested by Spangly-2)\n|\n|t:|1699907201\n|start\n|switch|p1a: Illumise|Illumise, F, shiny|100\/100\n|switch|p1b: Marshadow|Marshadow|100\/100\n|switch|p2a: silph_sys.exe|Porygon2|100\/100\n|switch|p2b: Amnesiac|Slowbro-Galar, F, shiny|100\/100\n|-ability|p2a: silph_sys.exe|Download|boost\n|-boost|p2a: silph_sys.exe|atk|1\n|turn|1\n|inactive|Spangly-2 has 120 seconds left.\n|-activate|p2b: Amnesiac|ability: Quick Draw\n|\n|t:|1699907234\n|detailschange|p2b: Amnesiac|Slowbro-Mega, F, shiny\n|-mega|p2b: Amnesiac|Slowbro|Slowbronite\n|move|p1a: Illumise|Tailwind|p1a: Illumise\n|-sidestart|p1: Spangly-2|move: Tailwind\n|move|p2b: Amnesiac|Expanding Force|p1b: Marshadow\n|-supereffective|p1b: Marshadow\n|-damage|p1b: Marshadow|1\/100\n|move|p1b: Marshadow|Spectral Thief|p2b: Amnesiac\n|-supereffective|p2b: Amnesiac\n|-damage|p2b: Amnesiac|43\/100\n|move|p2a: silph_sys.exe|Trick Room|p2a: silph_sys.exe\n|-fieldstart|move: Trick Room|[of] p2a: silph_sys.exe\n|\n|upkeep\n|turn|2\n|inactive|Spangly-2 has 120 seconds left.\n|\n|t:|1699907261\n|move|p1a: Illumise|Encore|p2a: silph_sys.exe\n|-start|p2a: silph_sys.exe|Encore\n|move|p1b: Marshadow|Shadow Sneak|p2b: Amnesiac\n|-supereffective|p2b: Amnesiac\n|-damage|p2b: Amnesiac|7\/100\n|move|p2b: Amnesiac|Scald|p1b: Marshadow\n|-damage|p1b: Marshadow|0 fnt\n|faint|p1b: Marshadow\n|move|p2a: silph_sys.exe|Trick Room|p2a: silph_sys.exe\n|-fieldend|move: Trick Room\n|\n|upkeep\n|inactive|Spangly-2 has 120 seconds left.\n|\n|t:|1699907273\n|switch|p1b: Kommo-o|Kommo-o, F, shiny|100\/100\n|turn|3\n|\n|t:|1699907278\n|move|p1a: Illumise|Fake Tears|p2a: silph_sys.exe\n|-unboost|p2a: silph_sys.exe|spd|2\n|-zpower|p1b: Kommo-o\n|move|p1b: Kommo-o|Clangorous Soulblaze|p2a: silph_sys.exe|[zeffect]|[spread] p2a,p2b\n|-damage|p2a: silph_sys.exe|30\/100\n|-damage|p2b: Amnesiac|0 fnt\n|faint|p2b: Amnesiac\n|-boost|p1b: Kommo-o|atk|1\n|-boost|p1b: Kommo-o|def|1\n|-boost|p1b: Kommo-o|spa|1\n|-boost|p1b: Kommo-o|spd|1\n|-boost|p1b: Kommo-o|spe|1\n|move|p2a: silph_sys.exe|Trick Room|p2a: silph_sys.exe\n|-fieldstart|move: Trick Room|[of] p2a: silph_sys.exe\n|\n|upkeep\n|\n|t:|1699907289\n|switch|p2b: Missingno|Parasect, M, shiny|100\/100\n|turn|4\n|\n|t:|1699907296\n|switch|p2a: Lavender Townie|Marowak-Alola, F, shiny|100\/100\n|move|p1a: Illumise|Fake Tears|p2b: Missingno\n|-unboost|p2b: Missingno|spd|2\n|move|p2b: Missingno|Spore|p1b: Kommo-o\n|-status|p1b: Kommo-o|slp|[from] move: Spore\n|cant|p1b: Kommo-o|slp\n|\n|-sideend|p1: Spangly-2|move: Tailwind\n|upkeep\n|turn|5\n|\n|t:|1699907312\n|switch|p1a: Incineroar|Incineroar, M, shiny|100\/100\n|-ability|p1a: Incineroar|Intimidate|boost\n|-unboost|p2a: Lavender Townie|atk|1\n|-unboost|p2b: Missingno|atk|1\n|move|p2b: Missingno|Swords Dance|p2b: Missingno\n|-boost|p2b: Missingno|atk|2\n|move|p2a: Lavender Townie|Flare Blitz|p1a: Incineroar\n|-resisted|p1a: Incineroar\n|-damage|p1a: Incineroar|66\/100\n|-curestatus|p1b: Kommo-o|slp|[msg]\n|move|p1b: Kommo-o|Clanging Scales|p2b: Missingno|[spread] p2a,p2b\n|-damage|p2a: Lavender Townie|35\/100\n|-enditem|p2b: Missingno|Focus Sash\n|-damage|p2b: Missingno|1\/100\n|-unboost|p1b: Kommo-o|def|1\n|\n|upkeep\n|turn|6\n|\n|t:|1699907340\n|move|p2b: Missingno|Protect|p2b: Missingno\n|-singleturn|p2b: Missingno|Protect\n|move|p1a: Incineroar|Fake Out|p2b: Missingno\n|-activate|p2b: Missingno|move: Protect\n|move|p2a: Lavender Townie|Shadow Bone|p1b: Kommo-o\n|-damage|p1b: Kommo-o|54\/100\n|move|p1b: Kommo-o|Flash Cannon|p2a: Lavender Townie\n|-resisted|p2a: Lavender Townie\n|-damage|p2a: Lavender Townie|11\/100\n|\n|upkeep\n|turn|7\n|\n|t:|1699907356\n|move|p2b: Missingno|Spore|p1b: Kommo-o\n|-status|p1b: Kommo-o|slp|[from] move: Spore\n|move|p2a: Lavender Townie|Bonemerang|p1a: Incineroar\n|-supereffective|p1a: Incineroar\n|-damage|p1a: Incineroar|26\/100\n|-supereffective|p1a: Incineroar\n|-damage|p1a: Incineroar|0 fnt\n|faint|p1a: Incineroar\n|-hitcount|p1: Incineroar|2\n|cant|p1b: Kommo-o|slp\n|\n|-fieldend|move: Trick Room\n|upkeep\n|\n|t:|1699907364\n|switch|p1a: Iron Bundle|Iron Bundle|100\/100\n|-enditem|p1a: Iron Bundle|Booster Energy\n|-activate|p1a: Iron Bundle|ability: Quark Drive|[fromitem]\n|-start|p1a: Iron Bundle|quarkdrivespa\n|turn|8\n|\n|t:|1699907379\n|-curestatus|p1b: Kommo-o|slp|[msg]\n|move|p1b: Kommo-o|Flash Cannon|p2a: Lavender Townie\n|-resisted|p2a: Lavender Townie\n|-damage|p2a: Lavender Townie|0 fnt\n|faint|p2a: Lavender Townie\n|move|p1a: Iron Bundle|Icy Wind|p2b: Missingno|[miss]\n|-miss|p1a: Iron Bundle|p2b: Missingno\n|move|p2b: Missingno|Spore|p1a: Iron Bundle\n|-status|p1a: Iron Bundle|slp|[from] move: Spore\n|\n|upkeep\n|\n|t:|1699907390\n|switch|p2a: silph_sys.exe|Porygon2|30\/100\n|-ability|p2a: silph_sys.exe|Download|boost\n|-boost|p2a: silph_sys.exe|spa|1\n|turn|9\n|\n|t:|1699907398\n|move|p2b: Missingno|Protect|p2b: Missingno\n|-singleturn|p2b: Missingno|Protect\n|move|p1b: Kommo-o|Clanging Scales|p2a: silph_sys.exe|[spread] p2a\n|-activate|p2b: Missingno|move: Protect\n|-damage|p2a: silph_sys.exe|1\/100\n|-unboost|p1b: Kommo-o|def|1\n|cant|p1a: Iron Bundle|slp\n|move|p2a: silph_sys.exe|Trick Room|p2a: silph_sys.exe\n|-fieldstart|move: Trick Room|[of] p2a: silph_sys.exe\n|\n|upkeep\n|turn|10\n|\n|t:|1699907410\n|cant|p1a: Iron Bundle|slp\n|move|p2b: Missingno|Spore|p1b: Kommo-o\n|-status|p1b: Kommo-o|slp|[from] move: Spore\n|move|p2a: silph_sys.exe|Ice Beam|p1b: Kommo-o\n|-supereffective|p1b: Kommo-o\n|-damage|p1b: Kommo-o|4\/100 slp\n|cant|p1b: Kommo-o|slp\n|\n|upkeep\n|turn|11\n|\n|t:|1699907417\n|move|p2b: Missingno|Leech Life|p1b: Kommo-o\n|-resisted|p1b: Kommo-o\n|-damage|p1b: Kommo-o|0 fnt\n|-heal|p2b: Missingno|3\/100|[from] drain|[of] p1b: Kommo-o\n|faint|p1b: Kommo-o\n|move|p2a: silph_sys.exe|Recover|p2a: silph_sys.exe\n|-heal|p2a: silph_sys.exe|51\/100\n|-curestatus|p1a: Iron Bundle|slp|[msg]\n|move|p1a: Iron Bundle|Icy Wind|p2a: silph_sys.exe|[spread] p2a,p2b\n|-supereffective|p2b: Missingno\n|-damage|p2a: silph_sys.exe|33\/100\n|-damage|p2b: Missingno|0 fnt\n|-unboost|p2a: silph_sys.exe|spe|1\n|faint|p2b: Missingno\n|\n|upkeep\n|\n|t:|1699907431\n|switch|p2b: Giovanni|Rhyperior, M, shiny|100\/100\n|switch|p1b: Illumise|Illumise, F, shiny|100\/100\n|turn|12\n|\n|t:|1699907439\n|-terastallize|p1a: Iron Bundle|Dragon\n|move|p1b: Illumise|Encore|p2a: silph_sys.exe\n|-start|p2a: silph_sys.exe|Encore\n|move|p2a: silph_sys.exe|Recover|p2a: silph_sys.exe\n|-heal|p2a: silph_sys.exe|83\/100\n|move|p2b: Giovanni|Rock Slide|p1a: Iron Bundle|[spread] p1a\n|-miss|p2b: Giovanni|p1b: Illumise\n|-damage|p1a: Iron Bundle|57\/100\n|move|p1a: Iron Bundle|Hydro Pump|p2b: Giovanni\n|-supereffective|p2b: Giovanni\n|-damage|p2b: Giovanni|0 fnt\n|faint|p2b: Giovanni\n|\n|upkeep\n|\n|t:|1699907452\n|switch|p2b: Power Plant Prince|Zapdos, shiny|100\/100\n|turn|13\n|\n|t:|1699907468\n|-terastallize|p2b: Power Plant Prince|Electric\n|move|p2a: silph_sys.exe|Recover|p2a: silph_sys.exe\n|-heal|p2a: silph_sys.exe|100\/100\n|move|p1b: Illumise|Struggle Bug|p2b: Power Plant Prince|[spread] p2a,p2b\n|-damage|p2a: silph_sys.exe|95\/100\n|-damage|p2b: Power Plant Prince|91\/100\n|-unboost|p2a: silph_sys.exe|spa|1\n|-unboost|p2b: Power Plant Prince|spa|1\n|move|p2b: Power Plant Prince|Hurricane|p1a: Iron Bundle\n|-damage|p1a: Iron Bundle|0 fnt\n|faint|p1a: Iron Bundle\n|-end|p1a: Iron Bundle|Quark Drive|[silent]\n|\n|-fieldend|move: Trick Room\n|upkeep\n|\n|t:|1699907478\n|switch|p1a: Iron Valiant|Iron Valiant|100\/100\n|turn|14\n|inactive|Spangly-2 has 120 seconds left.\n|\n|t:|1699907514\n|move|p1a: Iron Valiant|Aura Sphere|p2b: Power Plant Prince\n|-damage|p2b: Power Plant Prince|38\/100\n|move|p2b: Power Plant Prince|Hurricane|p1a: Iron Valiant\n|-supereffective|p1a: Iron Valiant\n|-crit|p1a: Iron Valiant\n|-damage|p1a: Iron Valiant|0 fnt\n|faint|p1a: Iron Valiant\n|-end|p1a: Iron Valiant|Quark Drive|[silent]\n|move|p1b: Illumise|Struggle Bug|p2a: silph_sys.exe|[spread] p2a,p2b\n|-crit|p2a: silph_sys.exe\n|-damage|p2a: silph_sys.exe|87\/100\n|-damage|p2b: Power Plant Prince|28\/100\n|-unboost|p2a: silph_sys.exe|spa|1\n|-unboost|p2b: Power Plant Prince|spa|1\n|move|p2a: silph_sys.exe|Recover|p2a: silph_sys.exe\n|-heal|p2a: silph_sys.exe|100\/100\n|\n|-end|p2a: silph_sys.exe|Encore\n|upkeep\n|turn|15\n|\n|t:|1699907528\n|move|p1b: Illumise|Encore|p2a: silph_sys.exe\n|-start|p2a: silph_sys.exe|Encore\n|move|p2b: Power Plant Prince|Hurricane|p1b: Illumise\n|-supereffective|p1b: Illumise\n|-damage|p1b: Illumise|50\/100\n|-start|p1b: Illumise|confusion\n|move|p2a: silph_sys.exe|Recover||[still]\n|-fail|p2a: silph_sys.exe|heal\n|\n|upkeep\n|turn|16\n|\n|t:|1699907540\n|move|p2b: Power Plant Prince|Heat Wave|p1b: Illumise\n|-supereffective|p1b: Illumise\n|-damage|p1b: Illumise|19\/100\n|-activate|p1b: Illumise|confusion\n|-damage|p1b: Illumise|14\/100|[from] confusion\n|move|p2a: silph_sys.exe|Recover||[still]\n|-fail|p2a: silph_sys.exe|heal\n|\n|upkeep\n|turn|17\n|\n|t:|1699907546\n|move|p2b: Power Plant Prince|Heat Wave|p1b: Illumise\n|-supereffective|p1b: Illumise\n|-damage|p1b: Illumise|0 fnt\n|faint|p1b: Illumise\n|\n|win|Denvah_17\n|raw|Spangly-2's rating: 1417 &rarr; <strong>1393<\/strong><br \/>(-24 for losing)\n|raw|Denvah_17's rating: 1346 &rarr; <strong>1370<\/strong><br \/>(+24 for winning)\n|c|\u2606Spangly-2|how does galarian slowbro mega evolved?\n","uploadtime":1699907950,"views":5,"p1id":"spangly2","p2id":"denvah17","formatid":"gen9nationaldexdoubles","rating":1370,"private":0,"password":""}