{"id":"gen9nationaldexdoubles-1966083936","p1":"TriangleSphere","p2":"DewEnjoyer","format":"[Gen 9] National Dex Doubles","log":"|j|\u2606TriangleSphere\n|j|\u2606DewEnjoyer\n|t:|1697143408\n|gametype|doubles\n|player|p1|TriangleSphere|ninjaboy|1118\n|player|p2|DewEnjoyer|roxie|1341\n|teamsize|p1|6\n|teamsize|p2|6\n|gen|9\n|tier|[Gen 9] National Dex Doubles\n|rated|\n|rule|HP Percentage Mod: HP is shown in percentages\n|rule|Endless Battle Clause: Forcing endless battles is banned\n|rule|OHKO Clause: OHKO moves are banned\n|rule|Evasion Moves Clause: Evasion moves are banned\n|rule|Evasion Abilities Clause: Evasion abilities are banned\n|rule|Species Clause: Limit one of each Pok\u00e9mon\n|rule|Gravity Sleep Clause: The combination of sleep-inducing moves with imperfect accuracy and Gravity or Gigantamax Orbeetle are banned\n|clearpoke\n|poke|p1|Toxtricity-Low-Key, M|\n|poke|p1|Pachirisu, M|\n|poke|p1|Ogerpon-Cornerstone, F|\n|poke|p1|Flutter Mane|\n|poke|p1|Landorus-Therian, M|\n|poke|p1|Sableye, F|\n|poke|p2|Electrode-Hisui|\n|poke|p2|Rillaboom, F|\n|poke|p2|Great Tusk|\n|poke|p2|Volcanion|\n|poke|p2|Goodra-Hisui, F|\n|poke|p2|Tornadus, M|\n|teampreview\n|c|\u2606DewEnjoyer|Patchirisu???\n|\n|t:|1697143430\n|start\n|switch|p1a: Toxic|Toxtricity-Low-Key, M|100\/100\n|switch|p1b: Onigirock|Ogerpon-Cornerstone, F|100\/100\n|switch|p2a: Orb|Electrode-Hisui, shiny|100\/100\n|switch|p2b: Monkey|Rillaboom, F|100\/100\n|-fieldstart|move: Grassy Terrain|[from] ability: Grassy Surge|[of] p2b: Monkey\n|turn|1\n|\n|t:|1697143452\n|switch|p1b: Fluttera|Flutter Mane|100\/100\n|-enditem|p1b: Fluttera|Booster Energy\n|-activate|p1b: Fluttera|ability: Protosynthesis|[fromitem]\n|-start|p1b: Fluttera|protosynthesisspe\n|move|p2b: Monkey|Fake Out|p1b: Fluttera\n|-immune|p1b: Fluttera\n|move|p2a: Orb|Chloroblast|p1b: Fluttera\n|-damage|p1b: Fluttera|0 fnt\n|faint|p1b: Fluttera\n|-end|p1b: Fluttera|Protosynthesis|[silent]\n|-damage|p2a: Orb|50\/100|[from] Recoil\n|move|p1a: Toxic|Sludge Bomb|p2b: Monkey\n|-supereffective|p2b: Monkey\n|-damage|p2b: Monkey|20\/100\n|-status|p2b: Monkey|psn\n|\n|-heal|p2a: Orb|56\/100|[from] Grassy Terrain\n|-heal|p2b: Monkey|26\/100 psn|[from] Grassy Terrain\n|-damage|p2b: Monkey|13\/100 psn|[from] psn\n|upkeep\n|\n|t:|1697143456\n|switch|p1b: Patches|Pachirisu, M|100\/100\n|turn|2\n|\n|t:|1697143486\n|switch|p2a: Elephant|Great Tusk|100\/100\n|move|p1b: Patches|Follow Me|p1b: Patches\n|-singleturn|p1b: Patches|move: Follow Me\n|move|p2b: Monkey|Knock Off|p1b: Patches\n|-damage|p1b: Patches|61\/100\n|-damage|p2b: Monkey|0 fnt|[from] item: Rocky Helmet|[of] p1b: Patches\n|faint|p2b: Monkey\n|move|p1a: Toxic|Sludge Bomb|p2a: Elephant\n|-resisted|p2a: Elephant\n|-damage|p2a: Elephant|68\/100\n|-status|p2a: Elephant|psn\n|\n|-heal|p2a: Elephant|74\/100 psn|[from] Grassy Terrain\n|-heal|p1b: Patches|67\/100|[from] Grassy Terrain\n|-damage|p2a: Elephant|62\/100 psn|[from] psn\n|upkeep\n|\n|t:|1697143520\n|switch|p2b: The Steamer|Volcanion|100\/100\n|turn|3\n|\n|t:|1697143538\n|-terastallize|p2b: The Steamer|Ground\n|move|p1b: Patches|Follow Me|p1b: Patches\n|-singleturn|p1b: Patches|move: Follow Me\n|move|p2a: Elephant|Headlong Rush|p1b: Patches\n|-supereffective|p1b: Patches\n|-crit|p1b: Patches\n|-damage|p1b: Patches|0 fnt\n|-unboost|p2a: Elephant|def|1\n|-unboost|p2a: Elephant|spd|1\n|-damage|p2a: Elephant|45\/100 psn|[from] item: Rocky Helmet|[of] p1b: Patches\n|faint|p1b: Patches\n|-damage|p2a: Elephant|35\/100 psn|[from] item: Life Orb\n|move|p1a: Toxic|Volt Switch|p2b: The Steamer\n|-immune|p2b: The Steamer\n|move|p2b: The Steamer|Heat Wave|p1a: Toxic\n|-damage|p1a: Toxic|18\/100\n|-status|p1a: Toxic|brn\n|\n|-heal|p2a: Elephant|41\/100 psn|[from] Grassy Terrain\n|-heal|p1a: Toxic|24\/100 brn|[from] Grassy Terrain\n|-damage|p2a: Elephant|29\/100 psn|[from] psn\n|-damage|p1a: Toxic|18\/100 brn|[from] brn\n|upkeep\n|\n|t:|1697143543\n|switch|p1b: Onigirock|Ogerpon-Cornerstone, F|100\/100\n|turn|4\n|\n|t:|1697143582\n|switch|p1a: Lando|Landorus-Therian, M|100\/100\n|-ability|p1a: Lando|Intimidate|boost\n|-unboost|p2a: Elephant|atk|1\n|-unboost|p2b: The Steamer|atk|1\n|switch|p2b: Roe|Goodra-Hisui, F|100\/100\n|move|p1b: Onigirock|Ivy Cudgel|p2a: Elephant\n|-resisted|p2a: Elephant\n|-damage|p2a: Elephant|12\/100 psn\n|move|p2a: Elephant|Headlong Rush|p1a: Lando\n|-immune|p1a: Lando\n|\n|-heal|p2a: Elephant|18\/100 psn|[from] Grassy Terrain\n|-damage|p2a: Elephant|6\/100 psn|[from] psn\n|upkeep\n|turn|5\n|\n|t:|1697143612\n|move|p1b: Onigirock|Horn Leech|p2a: Elephant\n|-supereffective|p2a: Elephant\n|-damage|p2a: Elephant|0 fnt\n|faint|p2a: Elephant\n|-end|p2a: Elephant|Protosynthesis|[silent]\n|move|p1a: Lando|Earth Power|p2b: Roe\n|-supereffective|p2b: Roe\n|-damage|p2b: Roe|62\/100\n|-unboost|p2b: Roe|spd|1\n|move|p2b: Roe|Iron Head|p1a: Lando\n|-damage|p1a: Lando|78\/100\n|\n|-heal|p1a: Lando|84\/100|[from] item: Leftovers\n|-heal|p2b: Roe|68\/100|[from] Grassy Terrain\n|-heal|p2b: Roe|74\/100|[from] item: Leftovers\n|-fieldend|move: Grassy Terrain\n|upkeep\n|\n|t:|1697143635\n|switch|p2a: Orb|Electrode-Hisui, shiny|56\/100\n|turn|6\n|\n|t:|1697143656\n|move|p2a: Orb|Chloroblast|p1b: Onigirock\n|-damage|p1b: Onigirock|6\/100\n|-damage|p2a: Orb|6\/100|[from] Recoil\n|move|p1b: Onigirock|Ivy Cudgel|p2b: Roe\n|-resisted|p2b: Roe\n|-damage|p2b: Roe|38\/100\n|move|p1a: Lando|Earth Power|p2a: Orb\n|-damage|p2a: Orb|0 fnt\n|faint|p2a: Orb\n|move|p2b: Roe|Toxic|p1a: Lando\n|-status|p1a: Lando|tox\n|\n|-heal|p1a: Lando|90\/100 tox|[from] item: Leftovers\n|-heal|p2b: Roe|44\/100|[from] item: Leftovers\n|-damage|p1a: Lando|84\/100 tox|[from] psn\n|upkeep\n|\n|t:|1697143676\n|switch|p2a: Ough|Tornadus, M|100\/100\n|turn|7\n|inactive|Battle timer is ON: inactive players will automatically lose when time's up. (requested by DewEnjoyer)\n|\n|t:|1697143701\n|-terastallize|p1a: Lando|Ground\n|move|p2a: Ough|Tailwind|p2a: Ough\n|-sidestart|p2: DewEnjoyer|move: Tailwind\n|move|p1b: Onigirock|Ivy Cudgel|p2a: Ough\n|-supereffective|p2a: Ough\n|-damage|p2a: Ough|0 fnt\n|faint|p2a: Ough\n|move|p2b: Roe|Iron Head|p1b: Onigirock\n|-supereffective|p1b: Onigirock\n|-damage|p1b: Onigirock|0 fnt\n|faint|p1b: Onigirock\n|move|p1a: Lando|Earth Power|p2b: Roe\n|-supereffective|p2b: Roe\n|-damage|p2b: Roe|0 fnt\n|faint|p2b: Roe\n|\n|-heal|p1a: Lando|90\/100 tox|[from] item: Leftovers\n|-damage|p1a: Lando|78\/100 tox|[from] psn\n|upkeep\n|\n|t:|1697143720\n|switch|p1b: Toxic|Toxtricity-Low-Key, M|18\/100 brn\n|switch|p2a: The Steamer|Volcanion, tera:Ground|100\/100\n|turn|8\n|\n|t:|1697143736\n|move|p2a: The Steamer|Steam Eruption|p1a: Lando|[miss]\n|-miss|p2a: The Steamer|p1a: Lando\n|move|p1b: Toxic|Sludge Bomb|p2a: The Steamer\n|-resisted|p2a: The Steamer\n|-damage|p2a: The Steamer|76\/100\n|move|p1a: Lando|Earth Power|p2a: The Steamer\n|-damage|p2a: The Steamer|37\/100\n|\n|-heal|p2a: The Steamer|43\/100|[from] item: Leftovers\n|-heal|p1a: Lando|84\/100 tox|[from] item: Leftovers\n|-damage|p1a: Lando|66\/100 tox|[from] psn\n|-damage|p1b: Toxic|11\/100 brn|[from] brn\n|upkeep\n|turn|9\n|\n|t:|1697143751\n|move|p2a: The Steamer|Heat Wave|p1a: Lando|[spread] p1a,p1b\n|-damage|p1a: Lando|24\/100 tox\n|-damage|p1b: Toxic|0 fnt\n|faint|p1b: Toxic\n|move|p1a: Lando|Toxic|p2a: The Steamer\n|-status|p2a: The Steamer|tox\n|\n|-heal|p2a: The Steamer|49\/100 tox|[from] item: Leftovers\n|-heal|p1a: Lando|30\/100 tox|[from] item: Leftovers\n|-damage|p2a: The Steamer|43\/100 tox|[from] psn\n|-damage|p1a: Lando|6\/100 tox|[from] psn\n|upkeep\n|\n|t:|1697143760\n|switch|p1b: Sable|Sableye, F|100\/100\n|turn|10\n|\n|t:|1697143774\n|detailschange|p1b: Sable|Sableye-Mega, F\n|-mega|p1b: Sable|Sableye|Sablenite\n|move|p2a: The Steamer|Protect|p2a: The Steamer\n|-singleturn|p2a: The Steamer|Protect\n|move|p1a: Lando|Earth Power|p2a: The Steamer\n|-activate|p2a: The Steamer|move: Protect\n|move|p1b: Sable|Foul Play|p2a: The Steamer\n|-activate|p2a: The Steamer|move: Protect\n|\n|-heal|p2a: The Steamer|49\/100 tox|[from] item: Leftovers\n|-heal|p1a: Lando|12\/100 tox|[from] item: Leftovers\n|-damage|p2a: The Steamer|37\/100 tox|[from] psn\n|-damage|p1a: Lando|0 fnt|[from] psn\n|faint|p1a: Lando\n|-sideend|p2: DewEnjoyer|move: Tailwind\n|upkeep\n|turn|11\n|\n|t:|1697143794\n|move|p2a: The Steamer|Steam Eruption|p1b: Sable\n|-damage|p1b: Sable|43\/100\n|move|p1b: Sable|Foul Play|p2a: The Steamer\n|-damage|p2a: The Steamer|14\/100 tox\n|\n|-heal|p2a: The Steamer|20\/100 tox|[from] item: Leftovers\n|-damage|p2a: The Steamer|2\/100 tox|[from] psn\n|upkeep\n|turn|12\n|\n|t:|1697143806\n|move|p2a: The Steamer|Steam Eruption|p1b: Sable\n|-damage|p1b: Sable|0 fnt\n|faint|p1b: Sable\n|\n|win|DewEnjoyer\n|raw|TriangleSphere's rating: 1118 &rarr; <strong>1107<\/strong><br \/>(-11 for losing)\n|raw|DewEnjoyer's rating: 1341 &rarr; <strong>1350<\/strong><br \/>(+9 for winning)\n|c|\u2606TriangleSphere|gg\n","uploadtime":1697143814,"views":11,"p1id":"trianglesphere","p2id":"dewenjoyer","formatid":"gen9nationaldexdoubles","rating":1107,"private":0,"password":""}