{"id":"gen9nationaldexdoubles-1966413903","p1":"imtestingsmth","p2":"TheEmoOni","format":"[Gen 9] National Dex Doubles","log":"|j|\u2606imtestingsmth\n|j|\u2606TheEmoOni\n|t:|1697183002\n|gametype|doubles\n|player|p1|imtestingsmth|lass-gen4dp|1016\n|player|p2|TheEmoOni|grimsley-masters|1043\n|teamsize|p1|6\n|teamsize|p2|6\n|gen|9\n|tier|[Gen 9] National Dex Doubles\n|rated|\n|rule|HP Percentage Mod: HP is shown in percentages\n|rule|Endless Battle Clause: Forcing endless battles is banned\n|rule|OHKO Clause: OHKO moves are banned\n|rule|Evasion Moves Clause: Evasion moves are banned\n|rule|Evasion Abilities Clause: Evasion abilities are banned\n|rule|Species Clause: Limit one of each Pok\u00e9mon\n|rule|Gravity Sleep Clause: The combination of sleep-inducing moves with imperfect accuracy and Gravity or Gigantamax Orbeetle are banned\n|clearpoke\n|poke|p1|Indeedee-F, F|\n|poke|p1|Reuniclus, F|\n|poke|p1|Tapu Koko|\n|poke|p1|Raichu-Alola, M|\n|poke|p1|Iron Bundle|\n|poke|p1|Stakataka|\n|poke|p2|Oranguru, M|\n|poke|p2|Rhyperior, M|\n|poke|p2|Armarouge, M|\n|poke|p2|Kingambit, M|\n|poke|p2|Meowscarada, M|\n|poke|p2|Thundurus, M|\n|teampreview\n|c|\u2606TheEmoOni|glhf\n|\n|t:|1697183032\n|start\n|switch|p1a: Tapu Koko|Tapu Koko|100\/100\n|switch|p1b: Raichu|Raichu-Alola, M|100\/100\n|switch|p2a: The Guru|Oranguru, M, shiny|100\/100\n|switch|p2b: The king|Kingambit, M|100\/100\n|-fieldstart|move: Electric Terrain|[from] ability: Electric Surge|[of] p1a: Tapu Koko\n|turn|1\n|\n|t:|1697183065\n|move|p1b: Raichu|Knock Off|p2b: The king\n|-resisted|p2b: The king\n|-damage|p2b: The king|87\/100\n|-enditem|p2b: The king|Choice Band|[from] move: Knock Off|[of] p1b: Raichu\n|move|p1a: Tapu Koko|Volt Switch|p2a: The Guru\n|-damage|p2a: The Guru|65\/100\n|\n|t:|1697183072\n|switch|p1a: Reuniclus|Reuniclus, F|100\/100|[from] Volt Switch\n|move|p2b: The king|Kowtow Cleave|p1b: Raichu\n|-supereffective|p1b: Raichu\n|-damage|p1b: Raichu|0 fnt\n|faint|p1b: Raichu\n|move|p2a: The Guru|Trick Room|p2a: The Guru\n|-fieldstart|move: Trick Room|[of] p2a: The Guru\n|-enditem|p2a: The Guru|Room Service\n|-unboost|p2a: The Guru|spe|1|[from] item: Room Service\n|\n|upkeep\n|\n|t:|1697183080\n|switch|p1b: Iron Bundle|Iron Bundle|100\/100\n|-activate|p1b: Iron Bundle|ability: Quark Drive\n|-start|p1b: Iron Bundle|quarkdrivespe\n|turn|2\n|\n|t:|1697183104\n|-end|p1b: Iron Bundle|Quark Drive|[silent]\n|switch|p1b: Indeedee|Indeedee-F, F|100\/100\n|-fieldstart|move: Psychic Terrain|[from] ability: Psychic Surge|[of] p1b: Indeedee\n|-enditem|p1b: Indeedee|Psychic Seed\n|-boost|p1b: Indeedee|spd|1|[from] item: Psychic Seed\n|move|p1a: Reuniclus|Calm Mind|p1a: Reuniclus\n|-boost|p1a: Reuniclus|spa|1\n|-boost|p1a: Reuniclus|spd|1\n|move|p2a: The Guru|Psychic|p1b: Indeedee\n|-resisted|p1b: Indeedee\n|-crit|p1b: Indeedee\n|-damage|p1b: Indeedee|75\/100\n|-unboost|p1b: Indeedee|spd|1\n|move|p2b: The king|Kowtow Cleave|p1a: Reuniclus\n|-supereffective|p1a: Reuniclus\n|-crit|p1a: Reuniclus\n|-damage|p1a: Reuniclus|0 fnt\n|faint|p1a: Reuniclus\n|\n|upkeep\n|\n|t:|1697183120\n|switch|p1a: Stakataka|Stakataka|100\/100\n|turn|3\n|\n|t:|1697183137\n|move|p1b: Indeedee|Follow Me|p1b: Indeedee\n|-singleturn|p1b: Indeedee|move: Follow Me\n|move|p1a: Stakataka|Iron Defense|p1a: Stakataka\n|-boost|p1a: Stakataka|def|2\n|move|p2a: The Guru|Psychic|p1b: Indeedee\n|-resisted|p1b: Indeedee\n|-damage|p1b: Indeedee|61\/100\n|move|p2b: The king|Brick Break|p1b: Indeedee\n|-crit|p1b: Indeedee\n|-damage|p1b: Indeedee|15\/100\n|\n|upkeep\n|turn|4\n|\n|t:|1697183154\n|-terastallize|p1a: Stakataka|Ghost\n|move|p1b: Indeedee|Follow Me|p1b: Indeedee\n|-singleturn|p1b: Indeedee|move: Follow Me\n|move|p1a: Stakataka|Body Press|p2b: The king\n|-supereffective|p2b: The king\n|-damage|p2b: The king|0 fnt\n|faint|p2b: The king\n|-ability|p1a: Stakataka|Beast Boost|boost\n|-boost|p1a: Stakataka|def|1\n|move|p2a: The Guru|Psychic|p1b: Indeedee\n|-resisted|p1b: Indeedee\n|-damage|p1b: Indeedee|0 fnt\n|faint|p1b: Indeedee\n|\n|upkeep\n|\n|t:|1697183178\n|switch|p2b: Genie|Thundurus, M|100\/100\n|switch|p1b: Tapu Koko|Tapu Koko|100\/100\n|-fieldstart|move: Electric Terrain|[from] ability: Electric Surge|[of] p1b: Tapu Koko\n|turn|5\n|\n|t:|1697183215\n|move|p2b: Genie|Nasty Plot|p2b: Genie\n|-boost|p2b: Genie|spa|2\n|move|p1a: Stakataka|Body Press|p2a: The Guru\n|-damage|p2a: The Guru|0 fnt\n|faint|p2a: The Guru\n|-ability|p1a: Stakataka|Beast Boost|boost\n|-boost|p1a: Stakataka|def|1\n|move|p1b: Tapu Koko|Hidden Power|p2b: Genie\n|-supereffective|p2b: Genie\n|-damage|p2b: Genie|49\/100\n|\n|-fieldend|move: Trick Room\n|upkeep\n|\n|t:|1697183228\n|switch|p2a: Jester|Meowscarada, M|100\/100\n|turn|6\n|\n|t:|1697183243\n|-terastallize|p2b: Genie|Electric\n|move|p2a: Jester|Flower Trick|p1a: Stakataka\n|-crit|p1a: Stakataka\n|-damage|p1a: Stakataka|75\/100\n|move|p1b: Tapu Koko|Hidden Power|p2b: Genie\n|-damage|p2b: Genie|26\/100\n|move|p2b: Genie|Discharge|p1b: Tapu Koko|[spread] p2a,p1a,p1b\n|-resisted|p2a: Jester\n|-resisted|p1b: Tapu Koko\n|-damage|p2a: Jester|23\/100\n|-damage|p1a: Stakataka|0 fnt\n|-damage|p1b: Tapu Koko|22\/100\n|faint|p1a: Stakataka\n|\n|upkeep\n|\n|t:|1697183255\n|switch|p1a: Iron Bundle|Iron Bundle|100\/100\n|-activate|p1a: Iron Bundle|ability: Quark Drive\n|-start|p1a: Iron Bundle|quarkdrivespe\n|turn|7\n|\n|t:|1697183268\n|move|p2b: Genie|Thunder Wave|p1a: Iron Bundle|[miss]\n|-miss|p2b: Genie|p1a: Iron Bundle\n|move|p1a: Iron Bundle|Freeze-Dry|p2a: Jester\n|-supereffective|p2a: Jester\n|-damage|p2a: Jester|0 fnt\n|faint|p2a: Jester\n|move|p1b: Tapu Koko|Dazzling Gleam|p2b: Genie\n|-damage|p2b: Genie|0 fnt\n|faint|p2b: Genie\n|\n|upkeep\n|\n|t:|1697183280\n|switch|p2a: Knight|Armarouge, M|100\/100\n|switch|p2b: Quake|Rhyperior, M, shiny|100\/100\n|turn|8\n|\n|t:|1697183295\n|move|p1a: Iron Bundle|Freeze-Dry|p2b: Quake\n|-supereffective|p2b: Quake\n|-damage|p2b: Quake|0 fnt\n|faint|p2b: Quake\n|move|p1b: Tapu Koko|Roost|p1b: Tapu Koko\n|-heal|p1b: Tapu Koko|72\/100\n|-singleturn|p1b: Tapu Koko|move: Roost\n|move|p2a: Knight|Energy Ball|p1b: Tapu Koko\n|-damage|p1b: Tapu Koko|4\/100\n|-damage|p2a: Knight|91\/100|[from] item: Life Orb\n|\n|upkeep\n|turn|9\n|\n|t:|1697183313\n|move|p1a: Iron Bundle|Freeze-Dry|p2a: Knight\n|-resisted|p2a: Knight\n|-damage|p2a: Knight|64\/100\n|move|p1b: Tapu Koko|Roost|p1b: Tapu Koko\n|-heal|p1b: Tapu Koko|54\/100\n|-singleturn|p1b: Tapu Koko|move: Roost\n|move|p2a: Knight|Trick Room|p2a: Knight\n|-fieldstart|move: Trick Room|[of] p2a: Knight\n|\n|-fieldend|move: Electric Terrain\n|-end|p1a: Iron Bundle|Quark Drive\n|upkeep\n|turn|10\n|\n|t:|1697183337\n|move|p2a: Knight|Energy Ball|p1a: Iron Bundle\n|-supereffective|p1a: Iron Bundle\n|-damage|p1a: Iron Bundle|0 fnt\n|faint|p1a: Iron Bundle\n|-end|p1a: Iron Bundle|Quark Drive|[silent]\n|-damage|p2a: Knight|54\/100|[from] item: Life Orb\n|move|p1b: Tapu Koko|Volt Switch|p2a: Knight\n|-damage|p2a: Knight|20\/100\n|\n|upkeep\n|turn|11\n|\n|t:|1697183361\n|move|p2a: Knight|Lava Plume|p1b: Tapu Koko\n|-damage|p1b: Tapu Koko|0 fnt\n|faint|p1b: Tapu Koko\n|-damage|p2a: Knight|10\/100|[from] item: Life Orb\n|\n|win|TheEmoOni\n|raw|imtestingsmth's rating: 1016 &rarr; <strong>1005<\/strong><br \/>(-11 for losing)\n|raw|TheEmoOni's rating: 1043 &rarr; <strong>1074<\/strong><br \/>(+31 for winning)\n|l|\u2606imtestingsmth\n|c|\u2606TheEmoOni|gg\n","uploadtime":1697183372,"views":5,"p1id":"imtestingsmth","p2id":"theemooni","formatid":"gen9nationaldexdoubles","rating":1005,"private":0,"password":""}