{"id":"gen9nationaldexdoubles-1997152357","p1":"SuperSonicX3","p2":"S1r.sweepsaLot","format":"[Gen 9] National Dex Doubles","log":"|j|\u2606SuperSonicX3\n|j|\u2606S1r.sweepsaLot\n|t:|1700769823\n|gametype|doubles\n|player|p1|SuperSonicX3|red|1183\n|player|p2|S1r.sweepsaLot|marshal|1434\n|teamsize|p1|6\n|teamsize|p2|6\n|gen|9\n|tier|[Gen 9] National Dex Doubles\n|rated|\n|rule|HP Percentage Mod: HP is shown in percentages\n|rule|Endless Battle Clause: Forcing endless battles is banned\n|rule|OHKO Clause: OHKO moves are banned\n|rule|Evasion Moves Clause: Evasion moves are banned\n|rule|Evasion Abilities Clause: Evasion abilities are banned\n|rule|Species Clause: Limit one of each Pok\u00e9mon\n|rule|Gravity Sleep Clause: The combination of sleep-inducing moves with imperfect accuracy and Gravity or Gigantamax Orbeetle are banned\n|clearpoke\n|poke|p1|Pikachu, M|\n|poke|p1|Infernape, F|\n|poke|p1|Sceptile, M|\n|poke|p1|Quaquaval, F|\n|poke|p1|Salamence, F|\n|poke|p1|Alakazam, F|\n|poke|p2|Tyranitar, F|\n|poke|p2|Excadrill, F|\n|poke|p2|Farigiraf, M|\n|poke|p2|Rillaboom, M|\n|poke|p2|Kommo-o, M|\n|poke|p2|Incineroar, M|\n|teampreview\n|inactive|Battle timer is ON: inactive players will automatically lose when time's up. (requested by SuperSonicX3)\n|c|\u2606S1r.sweepsaLot|glhf\n|c|\u2606SuperSonicX3|U 2\n|\n|t:|1700769839\n|start\n|switch|p1a: THE DRAGON|Salamence, F, shiny|100\/100\n|switch|p1b: THE MAGICIAN|Alakazam, F|100\/100\n|switch|p2a: Bulktar|Tyranitar, F|100\/100\n|switch|p2b: Rootbeer|Excadrill, F|100\/100\n|-ability|p1a: THE DRAGON|Intimidate|boost\n|-unboost|p2a: Bulktar|atk|1\n|-fail|p2b: Rootbeer|unboost|[from] item: Clear Amulet|[of] p2b: Rootbeer\n|-weather|Sandstorm|[from] ability: Sand Stream|[of] p2a: Bulktar\n|turn|1\n|inactive|S1r.sweepsaLot has 120 seconds left.\n|\n|t:|1700769870\n|move|p2b: Rootbeer|Protect|p2b: Rootbeer\n|-singleturn|p2b: Rootbeer|Protect\n|move|p1b: THE MAGICIAN|Dazzling Gleam|p2a: Bulktar|[spread] p2a\n|-activate|p2b: Rootbeer|move: Protect\n|-supereffective|p2a: Bulktar\n|-damage|p2a: Bulktar|79\/100\n|move|p1a: THE DRAGON|Dragon Dance|p1a: THE DRAGON\n|-boost|p1a: THE DRAGON|atk|1\n|-boost|p1a: THE DRAGON|spe|1\n|move|p2a: Bulktar|Rock Slide|p1b: THE MAGICIAN|[spread] p1a,p1b\n|-supereffective|p1a: THE DRAGON\n|-damage|p1a: THE DRAGON|44\/100\n|-damage|p1b: THE MAGICIAN|46\/100\n|\n|-weather|Sandstorm|[upkeep]\n|-damage|p1a: THE DRAGON|38\/100|[from] Sandstorm\n|upkeep\n|turn|2\n|c|\u2606SuperSonicX3|why am i battling someone who is 300 points rated higher than me\n|c|\u2606SuperSonicX3|lol\n|inactive|SuperSonicX3 has 120 seconds left.\n|c|\u2606S1r.sweepsaLot|ikr\n|\n|t:|1700769906\n|move|p2b: Rootbeer|Iron Head|p1b: THE MAGICIAN\n|-damage|p1b: THE MAGICIAN|0 fnt\n|faint|p1b: THE MAGICIAN\n|move|p1a: THE DRAGON|Dragon Claw|p2a: Bulktar\n|-damage|p2a: Bulktar|25\/100\n|move|p2a: Bulktar|Rock Slide|p1a: THE DRAGON\n|-supereffective|p1a: THE DRAGON\n|-damage|p1a: THE DRAGON|0 fnt\n|faint|p1a: THE DRAGON\n|\n|-weather|Sandstorm|[upkeep]\n|upkeep\n|c|\u2606S1r.sweepsaLot|i fought the number 1 guy\n|c|\u2606SuperSonicX3|lol\n|\n|t:|1700769920\n|switch|p1b: THE MONKEY|Infernape, F|100\/100\n|switch|p1a: THE LIZARD|Sceptile, M|100\/100\n|turn|3\n|c|\u2606S1r.sweepsaLot|idk i fell hard i use to be number 3\n|c|\u2606SuperSonicX3|oof\n|\n|t:|1700769945\n|switch|p2a: Furry|Incineroar, M|100\/100\n|-ability|p2a: Furry|Intimidate|boost\n|-unboost|p1a: THE LIZARD|atk|1\n|-unboost|p1b: THE MONKEY|atk|1\n|move|p2b: Rootbeer|High Horsepower|p1b: THE MONKEY\n|-supereffective|p1b: THE MONKEY\n|-damage|p1b: THE MONKEY|0 fnt\n|faint|p1b: THE MONKEY\n|move|p1a: THE LIZARD|Energy Ball|p2a: Furry\n|-resisted|p2a: Furry\n|-damage|p2a: Furry|86\/100\n|\n|-weather|Sandstorm|[upkeep]\n|-damage|p1a: THE LIZARD|94\/100|[from] Sandstorm\n|-damage|p2a: Furry|80\/100|[from] Sandstorm\n|-heal|p1a: THE LIZARD|100\/100|[from] item: Leftovers\n|upkeep\n|\n|t:|1700769959\n|switch|p1b: THE DUCK|Quaquaval, F, shiny|100\/100\n|turn|4\n|c|\u2606S1r.sweepsaLot|man i wish there was a format i could play without legendaries\n|\n|t:|1700769988\n|move|p2a: Furry|Fake Out|p1b: THE DUCK\n|-damage|p1b: THE DUCK|88\/100\n|move|p2b: Rootbeer|Swords Dance|p2b: Rootbeer\n|-boost|p2b: Rootbeer|atk|2\n|move|p1a: THE LIZARD|Giga Drain|p2b: Rootbeer\n|-damage|p2b: Rootbeer|51\/100\n|cant|p1b: THE DUCK|flinch\n|\n|-weather|Sandstorm|[upkeep]\n|-damage|p1a: THE LIZARD|94\/100|[from] Sandstorm\n|-damage|p1b: THE DUCK|82\/100|[from] Sandstorm\n|-damage|p2a: Furry|74\/100|[from] Sandstorm\n|-heal|p1a: THE LIZARD|100\/100|[from] item: Leftovers\n|upkeep\n|turn|5\n|c|\u2606SuperSonicX3|like ou\n|\n|t:|1700770008\n|move|p2b: Rootbeer|High Horsepower|p1b: THE DUCK\n|-damage|p1b: THE DUCK|0 fnt\n|faint|p1b: THE DUCK\n|move|p1a: THE LIZARD|Giga Drain|p2b: Rootbeer\n|-damage|p2b: Rootbeer|6\/100\n|move|p2a: Furry|Flare Blitz|p1a: THE LIZARD\n|-supereffective|p1a: THE LIZARD\n|-damage|p1a: THE LIZARD|0 fnt\n|faint|p1a: THE LIZARD\n|-damage|p2a: Furry|50\/100|[from] Recoil\n|\n|-weather|none\n|upkeep\n|c|\u2606S1r.sweepsaLot|i mean like doubles nat dex\n|c|\u2606SuperSonicX3|oh\n|c|\u2606S1r.sweepsaLot|no legendaires\n|\n|t:|1700770022\n|switch|p1b: THE ALMIGHTY CHU|Pikachu, M|100\/100\n|turn|6\n|c|\u2606SuperSonicX3|gg\n|\n|t:|1700770032\n|switch|p2a: Bulktar|Tyranitar, F|25\/100\n|-weather|Sandstorm|[from] ability: Sand Stream|[of] p2a: Bulktar\n|-terastallize|p1b: THE ALMIGHTY CHU|Flying\n|move|p2b: Rootbeer|High Horsepower|p1b: THE ALMIGHTY CHU\n|-immune|p1b: THE ALMIGHTY CHU\n|move|p1b: THE ALMIGHTY CHU|Tera Blast|p2a: Bulktar|[anim] Tera Blast Flying\n|-resisted|p2a: Bulktar\n|-damage|p2a: Bulktar|16\/100\n|\n|-weather|Sandstorm|[upkeep]\n|-damage|p1b: THE ALMIGHTY CHU|94\/100|[from] Sandstorm\n|upkeep\n|turn|7\n|\n|t:|1700770044\n|move|p2b: Rootbeer|Iron Head|p1b: THE ALMIGHTY CHU\n|-damage|p1b: THE ALMIGHTY CHU|0 fnt\n|faint|p1b: THE ALMIGHTY CHU\n|\n|win|S1r.sweepsaLot\n|raw|SuperSonicX3's rating: 1183 &rarr; <strong>1173<\/strong><br \/>(-10 for losing)\n|raw|S1r.sweepsaLot's rating: 1434 &rarr; <strong>1442<\/strong><br \/>(+8 for winning)\n|c|\u2606S1r.sweepsaLot|gg\n|l|\u2606SuperSonicX3\n","uploadtime":1700770055,"views":0,"p1id":"supersonicx3","p2id":"s1rsweepsalot","formatid":"gen9nationaldexdoubles","rating":1173,"private":0,"password":""}