{"id":"gen9nationaldexdoubles-1948388803","p1":"Cad48","p2":"Fnafnightmare","format":"[Gen 9] National Dex Doubles","log":"|j|\u2606Cad48\n|j|\u2606Fnafnightmare\n|t:|1695255020\n|gametype|doubles\n|player|p1|Cad48|thorton|\n|player|p2|Fnafnightmare|red|\n|teamsize|p1|6\n|teamsize|p2|6\n|gen|9\n|tier|[Gen 9] National Dex Doubles\n|rule|HP Percentage Mod: HP is shown in percentages\n|rule|Endless Battle Clause: Forcing endless battles is banned\n|rule|OHKO Clause: OHKO moves are banned\n|rule|Evasion Moves Clause: Evasion moves are banned\n|rule|Evasion Abilities Clause: Evasion abilities are banned\n|rule|Species Clause: Limit one of each Pok\u00e9mon\n|rule|Gravity Sleep Clause: The combination of sleep-inducing moves with imperfect accuracy and Gravity or Gigantamax Orbeetle are banned\n|clearpoke\n|poke|p1|Indeedee-F, F|\n|poke|p1|Bronzong|\n|poke|p1|Hatterene, F|\n|poke|p1|Armarouge, F|\n|poke|p1|Rabsca, M|\n|poke|p1|Oranguru, M|\n|poke|p2|Iron Valiant|\n|poke|p2|Tinkaton, F|\n|poke|p2|Meowscarada, M|\n|poke|p2|Grimmsnarl, M|\n|poke|p2|Charizard, M|\n|poke|p2|Quaquaval, F|\n|teampreview\n|\n|t:|1695255034\n|start\n|switch|p1a: Indeedee|Indeedee-F, F|100\/100\n|switch|p1b: Bronzong|Bronzong|100\/100\n|switch|p2a: Iron Valiant|Iron Valiant|100\/100\n|switch|p2b: Quaquaval|Quaquaval, F|100\/100\n|-fieldstart|move: Psychic Terrain|[from] ability: Psychic Surge|[of] p1a: Indeedee\n|-enditem|p2a: Iron Valiant|Booster Energy\n|-activate|p2a: Iron Valiant|ability: Quark Drive|[fromitem]\n|-start|p2a: Iron Valiant|quarkdriveatk\n|turn|1\n|\n|t:|1695255055\n|move|p1a: Indeedee|Follow Me|p1a: Indeedee\n|-singleturn|p1a: Indeedee|move: Follow Me\n|move|p2a: Iron Valiant|Night Slash|p1a: Indeedee\n|-supereffective|p1a: Indeedee\n|-crit|p1a: Indeedee\n|-damage|p1a: Indeedee|0 fnt\n|faint|p1a: Indeedee\n|move|p2b: Quaquaval|Ice Spinner|p1b: Bronzong\n|-resisted|p1b: Bronzong\n|-damage|p1b: Bronzong|89\/100\n|-fieldend|move: Psychic Terrain\n|move|p1b: Bronzong|Trick Room|p1b: Bronzong\n|-fieldstart|move: Trick Room|[of] p1b: Bronzong\n|\n|upkeep\n|\n|t:|1695255075\n|switch|p1a: Hatterene|Hatterene, F|100\/100\n|turn|2\n|\n|t:|1695255087\n|-terastallize|p2a: Iron Valiant|Steel\n|move|p1b: Bronzong|Reflect|p1b: Bronzong\n|-sidestart|p1: Cad48|Reflect\n|move|p1a: Hatterene|Expanding Force|p2b: Quaquaval\n|-supereffective|p2b: Quaquaval\n|-damage|p2b: Quaquaval|0 fnt\n|faint|p2b: Quaquaval\n|move|p2a: Iron Valiant|Trick Room|p2a: Iron Valiant\n|-fieldend|move: Trick Room\n|\n|upkeep\n|\n|t:|1695255100\n|switch|p2b: Tinkaton|Tinkaton, F|100\/100\n|-ability|p2b: Tinkaton|Mold Breaker\n|turn|3\n|\n|t:|1695255108\n|-terastallize|p1a: Hatterene|Fire\n|move|p2a: Iron Valiant|Night Slash|p1b: Bronzong\n|-supereffective|p1b: Bronzong\n|-damage|p1b: Bronzong|50\/100\n|move|p2b: Tinkaton|Gigaton Hammer|p1a: Hatterene\n|-resisted|p1a: Hatterene\n|-damage|p1a: Hatterene|84\/100\n|move|p1a: Hatterene|Mystical Fire|p2b: Tinkaton\n|-supereffective|p2b: Tinkaton\n|-damage|p2b: Tinkaton|34\/100\n|-unboost|p2b: Tinkaton|spa|1\n|move|p1b: Bronzong|Trick Room|p1b: Bronzong\n|-fieldstart|move: Trick Room|[of] p1b: Bronzong\n|\n|upkeep\n|turn|4\n|\n|t:|1695255132\n|move|p1b: Bronzong|Light Screen|p1b: Bronzong\n|-sidestart|p1: Cad48|move: Light Screen\n|move|p1a: Hatterene|Mystical Fire|p2b: Tinkaton\n|-supereffective|p2b: Tinkaton\n|-crit|p2b: Tinkaton\n|-damage|p2b: Tinkaton|0 fnt\n|faint|p2b: Tinkaton\n|move|p2a: Iron Valiant|Trick Room|p2a: Iron Valiant\n|-fieldend|move: Trick Room\n|\n|upkeep\n|\n|t:|1695255141\n|switch|p2b: Grimmsnarl|Grimmsnarl, M|100\/100\n|-item|p1a: Hatterene|Focus Sash|[from] ability: Frisk|[of] p2b: Grimmsnarl|[identify]\n|-item|p1b: Bronzong|Light Clay|[from] ability: Frisk|[of] p2b: Grimmsnarl|[identify]\n|turn|5\n|\n|t:|1695255165\n|move|p2a: Iron Valiant|Night Slash|p1b: Bronzong\n|-supereffective|p1b: Bronzong\n|-damage|p1b: Bronzong|14\/100\n|move|p2b: Grimmsnarl|Taunt|p1a: Hatterene\n|move|p1a: Hatterene|Taunt|p2b: Grimmsnarl|[from]ability: Magic Bounce\n|-start|p2b: Grimmsnarl|move: Taunt\n|move|p1a: Hatterene|Mystical Fire|p2a: Iron Valiant\n|-supereffective|p2a: Iron Valiant\n|-damage|p2a: Iron Valiant|0 fnt\n|faint|p2a: Iron Valiant\n|-end|p2a: Iron Valiant|Quark Drive|[silent]\n|move|p1b: Bronzong|Trick Room|p1b: Bronzong\n|-fieldstart|move: Trick Room|[of] p1b: Bronzong\n|\n|upkeep\n|\n|t:|1695255195\n|switch|p2a: Meowscarada|Meowscarada, M, shiny|100\/100\n|turn|6\n|\n|t:|1695255203\n|move|p1b: Bronzong|Gyro Ball|p2b: Grimmsnarl\n|-supereffective|p2b: Grimmsnarl\n|-damage|p2b: Grimmsnarl|54\/100\n|move|p1a: Hatterene|Dazzling Gleam|p2a: Meowscarada|[spread] p2a,p2b\n|-supereffective|p2a: Meowscarada\n|-supereffective|p2b: Grimmsnarl\n|-damage|p2a: Meowscarada|0 fnt\n|-damage|p2b: Grimmsnarl|0 fnt\n|faint|p2a: Meowscarada\n|faint|p2b: Grimmsnarl\n|\n|upkeep\n|\n|t:|1695255207\n|switch|p2b: Charizard|Charizard, M|100\/100\n|turn|7\n|\n|t:|1695255218\n|detailschange|p2b: Charizard|Charizard-Mega-Y, M\n|-mega|p2b: Charizard|Charizard|Charizardite Y\n|-weather|SunnyDay|[from] ability: Drought|[of] p2b: Charizard\n|move|p1b: Bronzong|Gyro Ball|p2b: Charizard\n|-resisted|p2b: Charizard\n|-crit|p2b: Charizard\n|-damage|p2b: Charizard|68\/100\n|move|p1a: Hatterene|Expanding Force|p2b: Charizard\n|-damage|p2b: Charizard|28\/100\n|move|p2b: Charizard|Flamethrower|p1b: Bronzong\n|-supereffective|p1b: Bronzong\n|-damage|p1b: Bronzong|0 fnt\n|faint|p1b: Bronzong\n|\n|-weather|SunnyDay|[upkeep]\n|upkeep\n|\n|t:|1695255229\n|switch|p1b: Armarouge|Armarouge, F|100\/100\n|turn|8\n|\n|t:|1695255236\n|move|p1a: Hatterene|Expanding Force|p2b: Charizard\n|-damage|p2b: Charizard|0 fnt\n|faint|p2b: Charizard\n|\n|win|Cad48\n|c|\u2606Fnafnightmare|Gg\n|c|\u2606Cad48|gg\n","uploadtime":1695255249,"views":11,"p1id":"cad48","p2id":"fnafnightmare","formatid":"gen9nationaldexdoubles","rating":0,"private":0,"password":""}