{"id":"gen9nationaldexdoubles-1967059936","p1":"Durtnap","p2":"LightNovas","format":"[Gen 9] National Dex Doubles","log":"|j|\u2606Durtnap\n|j|\u2606LightNovas\n|t:|1697249583\n|gametype|doubles\n|player|p1|Durtnap|roughneck|1017\n|player|p2|LightNovas|cynthia|1000\n|teamsize|p1|6\n|teamsize|p2|6\n|gen|9\n|tier|[Gen 9] National Dex Doubles\n|rated|\n|rule|HP Percentage Mod: HP is shown in percentages\n|rule|Endless Battle Clause: Forcing endless battles is banned\n|rule|OHKO Clause: OHKO moves are banned\n|rule|Evasion Moves Clause: Evasion moves are banned\n|rule|Evasion Abilities Clause: Evasion abilities are banned\n|rule|Species Clause: Limit one of each Pok\u00e9mon\n|rule|Gravity Sleep Clause: The combination of sleep-inducing moves with imperfect accuracy and Gravity or Gigantamax Orbeetle are banned\n|clearpoke\n|poke|p1|Palafin, F|\n|poke|p1|Scream Tail|\n|poke|p1|Flutter Mane|\n|poke|p1|Amoonguss, F|\n|poke|p1|Arcanine, M|\n|poke|p1|Gothitelle, F|\n|poke|p2|Torkoal, F|\n|poke|p2|Ninetales-Alola, F|\n|poke|p2|Slowking, M|\n|poke|p2|Pelipper, F|\n|poke|p2|Dragonite, M|\n|poke|p2|Ogerpon-Wellspring, F|\n|teampreview\n|c|\u2606LightNovas|weather report\n|\n|t:|1697249610\n|start\n|switch|p1a: INEEDAHERO|Palafin, F, shiny|100\/100\n|switch|p1b: AMOGUS|Amoonguss, F|100\/100\n|switch|p2a: Nami|Ninetales-Alola, F|100\/100\n|switch|p2b: Wildcard|Dragonite, M|100\/100\n|-weather|Snow|[from] ability: Snow Warning|[of] p2a: Nami\n|turn|1\n|inactive|Battle timer is ON: inactive players will automatically lose when time's up. (requested by LightNovas)\n|inactive|Durtnap has 120 seconds left.\n|inactive|Durtnap has 90 seconds left.\n|\n|t:|1697249783\n|move|p2a: Nami|Weather Ball|p1b: AMOGUS\n|-supereffective|p1b: AMOGUS\n|-damage|p1b: AMOGUS|41\/100\n|move|p1a: INEEDAHERO|Close Combat|p2a: Nami\n|-damage|p2a: Nami|72\/100\n|-unboost|p1a: INEEDAHERO|def|1\n|-unboost|p1a: INEEDAHERO|spd|1\n|move|p2b: Wildcard|Blizzard|p1b: AMOGUS|[spread] p1a,p1b\n|-resisted|p1a: INEEDAHERO\n|-supereffective|p1b: AMOGUS\n|-damage|p1a: INEEDAHERO|74\/100\n|-damage|p1b: AMOGUS|2\/100\n|move|p1b: AMOGUS|Spore|p2b: Wildcard\n|-status|p2b: Wildcard|slp|[from] move: Spore\n|\n|-weather|Snow|[upkeep]\n|upkeep\n|turn|2\n|c|\u2606LightNovas|how\n|c|\u2606LightNovas|how the fuck do you survive a weather ball and blizzard\n|c|\u2606LightNovas|stupid fucking mushroom\n|c|\u2606LightNovas|GRRR\n|inactive|Durtnap has 120 seconds left.\n|\n|t:|1697249822\n|detailschange|p1a: INEEDAHERO|Palafin-Hero, F, shiny\n|switch|p1a: Scream Tail|Scream Tail, shiny|100\/100\n|-enditem|p1a: Scream Tail|Booster Energy\n|-activate|p1a: Scream Tail|ability: Protosynthesis|[fromitem]\n|-start|p1a: Scream Tail|protosynthesisspe\n|switch|p1b: AWOOOOOOOOOO|Arcanine, M|100\/100\n|-ability|p1b: AWOOOOOOOOOO|Intimidate|boost\n|-unboost|p2a: Nami|atk|1\n|-unboost|p2b: Wildcard|atk|1\n|move|p2a: Nami|Aurora Veil|p2a: Nami\n|-sidestart|p2: LightNovas|move: Aurora Veil\n|cant|p2b: Wildcard|slp\n|\n|-weather|Snow|[upkeep]\n|upkeep\n|turn|3\n|inactive|Durtnap has 120 seconds left.\n|inactive|Durtnap has 90 seconds left.\n|\n|t:|1697249879\n|switch|p2a: toliet bird|Pelipper, F|100\/100\n|-weather|RainDance|[from] ability: Drizzle|[of] p2a: toliet bird\n|move|p1a: Scream Tail|Play Rough|p2b: Wildcard\n|-supereffective|p2b: Wildcard\n|-crit|p2b: Wildcard\n|-damage|p2b: Wildcard|61\/100 slp\n|move|p1b: AWOOOOOOOOOO|Flare Blitz|p2a: toliet bird\n|-resisted|p2a: toliet bird\n|-damage|p2a: toliet bird|92\/100\n|-damage|p1b: AWOOOOOOOOOO|98\/100|[from] Recoil\n|cant|p2b: Wildcard|slp\n|\n|-weather|RainDance|[upkeep]\n|upkeep\n|turn|4\n|inactive|Durtnap has 90 seconds left.\n|\n|t:|1697249909\n|switch|p1b: GO BIRD|Gothitelle, F|100\/100\n|switch|p2b: Cinna|Ogerpon-Wellspring, F|100\/100\n|move|p1a: Scream Tail|Perish Song|p1a: Scream Tail\n|-start|p1a: Scream Tail|perish3|[silent]\n|-start|p1b: GO BIRD|perish3|[silent]\n|-start|p2a: toliet bird|perish3|[silent]\n|-start|p2b: Cinna|perish3|[silent]\n|-fieldactivate|move: Perish Song\n|move|p2a: toliet bird|Weather Ball|p1b: GO BIRD\n|-damage|p1b: GO BIRD|50\/100\n|-enditem|p1b: GO BIRD|Sitrus Berry|[eat]\n|-heal|p1b: GO BIRD|75\/100|[from] item: Sitrus Berry\n|\n|-weather|RainDance|[upkeep]\n|-start|p1a: Scream Tail|perish3\n|-start|p2b: Cinna|perish3\n|-start|p1b: GO BIRD|perish3\n|-start|p2a: toliet bird|perish3\n|upkeep\n|turn|5\n|c|\u2606LightNovas|im not gonna let that happen.\n|inactive|Durtnap has 90 seconds left.\n|inactive|Durtnap has 60 seconds left.\n|\n|t:|1697249967\n|-end|p1a: Scream Tail|Protosynthesis|[silent]\n|switch|p1a: AMOGUS|Amoonguss, F|36\/100\n|-terastallize|p2b: Cinna|Water\n|detailschange|p2b: Cinna|Ogerpon-Wellspring-Tera, F, tera:Water\n|-ability|p2b: Cinna|Embody Aspect (Wellspring)|boost\n|-boost|p2b: Cinna|spd|1\n|move|p1b: GO BIRD|Fake Out|p2a: toliet bird\n|-crit|p2a: toliet bird\n|-damage|p2a: toliet bird|83\/100\n|move|p2b: Cinna|Ivy Cudgel|p1a: AMOGUS\n|-resisted|p1a: AMOGUS\n|-crit|p1a: AMOGUS\n|-damage|p1a: AMOGUS|0 fnt\n|faint|p1a: AMOGUS\n|cant|p2a: toliet bird|flinch\n|\n|-weather|RainDance|[upkeep]\n|-start|p2b: Cinna|perish2\n|-start|p2a: toliet bird|perish2\n|-start|p1b: GO BIRD|perish2\n|upkeep\n|c|\u2606LightNovas|DEATH.\n|inactive|Durtnap has 30 seconds left.\n|inactive|Durtnap has 20 seconds left.\n|inactive|Durtnap has 15 seconds left.\n|inactive|Durtnap has 10 seconds left.\n|inactive|Durtnap has 5 seconds left.\n|\n|t:|1697250018\n|switch|p1a: AWOOOOOOOOOO|Arcanine, M|98\/100\n|-ability|p1a: AWOOOOOOOOOO|Intimidate|boost\n|-unboost|p2a: toliet bird|atk|1\n|-unboost|p2b: Cinna|atk|1\n|turn|6\n|inactive|Durtnap has 30 seconds left this turn.\n|inactive|Durtnap has 20 seconds left.\n|inactive|Durtnap has 15 seconds left.\n|\n|t:|1697250035\n|move|p1a: AWOOOOOOOOOO|Protect|p1a: AWOOOOOOOOOO\n|-singleturn|p1a: AWOOOOOOOOOO|Protect\n|move|p2b: Cinna|Ivy Cudgel|p1b: GO BIRD\n|-damage|p1b: GO BIRD|16\/100\n|move|p2a: toliet bird|Hurricane|p1b: GO BIRD\n|-damage|p1b: GO BIRD|0 fnt\n|faint|p1b: GO BIRD\n|\n|-weather|RainDance|[upkeep]\n|-start|p2b: Cinna|perish1\n|-start|p2a: toliet bird|perish1\n|upkeep\n|inactive|Durtnap has 20 seconds left this turn.\n|inactive|Durtnap has 15 seconds left.\n|c|\u2606LightNovas|we out here\n|inactive|Durtnap has 10 seconds left.\n|inactive|Durtnap has 5 seconds left.\n|\n|t:|1697250052\n|switch|p1b: INEEDAHERO|Palafin-Hero, F, shiny|74\/100\n|-activate|p1b: INEEDAHERO|ability: Zero to Hero\n|turn|7\n|inactive|Durtnap has 30 seconds left this turn.\n|inactive|Durtnap has 20 seconds left.\n|\n|t:|1697250064\n|switch|p2b: Wildcard|Dragonite, M|61\/100 slp\n|switch|p1a: EEEEEEEEEEEE|Flutter Mane|100\/100\n|switch|p2a: Fast|Torkoal, F|100\/100\n|-weather|SunnyDay|[from] ability: Drought|[of] p2a: Fast\n|-activate|p1a: EEEEEEEEEEEE|ability: Protosynthesis\n|-start|p1a: EEEEEEEEEEEE|protosynthesisspe\n|move|p1b: INEEDAHERO|Protect||[still]\n|-fail|p1b: INEEDAHERO\n|\n|-weather|SunnyDay|[upkeep]\n|upkeep\n|turn|8\n|inactive|Durtnap has 30 seconds left.\n|inactive|Durtnap has 20 seconds left.\n|inactive|Durtnap has 15 seconds left.\n|\n|t:|1697250096\n|move|p1a: EEEEEEEEEEEE|Moonblast|p2b: Wildcard\n|-supereffective|p2b: Wildcard\n|-damage|p2b: Wildcard|0 fnt\n|faint|p2b: Wildcard\n|move|p1b: INEEDAHERO|Wave Crash|p2a: Fast\n|-supereffective|p2a: Fast\n|-damage|p2a: Fast|64\/100\n|-damage|p1b: INEEDAHERO|64\/100|[from] Recoil\n|move|p2a: Fast|Weather Ball|p1a: EEEEEEEEEEEE\n|-damage|p1a: EEEEEEEEEEEE|48\/100\n|\n|-weather|SunnyDay|[upkeep]\n|upkeep\n|inactive|Durtnap has 20 seconds left this turn.\n|\n|t:|1697250107\n|switch|p2b: Sanji|Slowking, M|100\/100\n|turn|9\n|inactive|Durtnap has 30 seconds left.\n|\n|t:|1697250130\n|move|p1a: EEEEEEEEEEEE|Shadow Ball|p2b: Sanji\n|-supereffective|p2b: Sanji\n|-damage|p2b: Sanji|52\/100\n|move|p1b: INEEDAHERO|Wave Crash|p2a: Fast\n|-supereffective|p2a: Fast\n|-damage|p2a: Fast|28\/100\n|-damage|p1b: INEEDAHERO|53\/100|[from] Recoil\n|move|p2b: Sanji|Future Sight|p1b: INEEDAHERO\n|-start|p2b: Sanji|move: Future Sight\n|move|p2a: Fast|Weather Ball|p1a: EEEEEEEEEEEE\n|-damage|p1a: EEEEEEEEEEEE|0 fnt\n|faint|p1a: EEEEEEEEEEEE\n|-end|p1a: EEEEEEEEEEEE|Protosynthesis|[silent]\n|\n|-weather|SunnyDay|[upkeep]\n|-sideend|p2: LightNovas|move: Aurora Veil\n|upkeep\n|inactive|Durtnap has 30 seconds left this turn.\n|inactive|Durtnap has 20 seconds left.\n|inactive|Durtnap has 15 seconds left.\n|\n|t:|1697250148\n|switch|p1a: Scream Tail|Scream Tail, shiny|100\/100\n|-activate|p1a: Scream Tail|ability: Protosynthesis\n|-start|p1a: Scream Tail|protosynthesisspe\n|turn|10\n|inactive|Durtnap has 30 seconds left.\n|inactive|Durtnap has 20 seconds left.\n|inactive|Durtnap has 15 seconds left.\n|inactive|Durtnap has 10 seconds left.\n|\n|t:|1697250178\n|move|p1a: Scream Tail|Play Rough|p2b: Sanji\n|-damage|p2b: Sanji|26\/100\n|move|p1b: INEEDAHERO|Wave Crash|p2a: Fast\n|-supereffective|p2a: Fast\n|-damage|p2a: Fast|0 fnt\n|faint|p2a: Fast\n|-damage|p1b: INEEDAHERO|45\/100|[from] Recoil\n|move|p2b: Sanji|Weather Ball|p1a: Scream Tail\n|-damage|p1a: Scream Tail|67\/100\n|\n|-weather|SunnyDay|[upkeep]\n|upkeep\n|inactive|Durtnap has 15 seconds left this turn.\n|\n|t:|1697250188\n|switch|p2a: Nami|Ninetales-Alola, F|72\/100\n|-weather|Snow|[from] ability: Snow Warning|[of] p2a: Nami\n|-end|p1a: Scream Tail|Protosynthesis\n|turn|11\n|inactive|Durtnap has 30 seconds left.\n|inactive|Durtnap has 20 seconds left.\n|inactive|Durtnap has 15 seconds left.\n|inactive|Durtnap has 10 seconds left.\n|inactive|Durtnap has 5 seconds left.\n|\n|t:|1697250224\n|move|p2b: Sanji|Protect|p2b: Sanji\n|-singleturn|p2b: Sanji|Protect\n|move|p2a: Nami|Aurora Veil|p2a: Nami\n|-sidestart|p2: LightNovas|move: Aurora Veil\n|move|p1a: Scream Tail|Thunder Wave|p2a: Nami\n|-status|p2a: Nami|par\n|move|p1b: INEEDAHERO|Wave Crash|p2a: Nami\n|-damage|p2a: Nami|11\/100 par\n|-damage|p1b: INEEDAHERO|31\/100|[from] Recoil\n|\n|-weather|Snow|[upkeep]\n|-end|p1b: INEEDAHERO|move: Future Sight\n|-damage|p1b: INEEDAHERO|0 fnt\n|faint|p1b: INEEDAHERO\n|upkeep\n|inactive|Durtnap has 10 seconds left this turn.\n|inactive|Durtnap has 5 seconds left.\n|-message|Durtnap lost due to inactivity.\n|\n|win|LightNovas\n|raw|Durtnap's rating: 1017 &rarr; <strong>1004<\/strong><br \/>(-13 for losing)\n|raw|LightNovas's rating: 1000 &rarr; <strong>1042<\/strong><br \/>(+42 for winning)\n","uploadtime":1697249811,"views":3,"p1id":"durtnap","p2id":"lightnovas","formatid":"gen9nationaldexdoubles","rating":1004,"private":0,"password":""}