{"id":"gen9nationaldexdoubles-1955545380","p1":"ninjask 8","p2":"jhdreamer","format":"[Gen 9] National Dex Doubles","log":"|j|\u2606ninjask 8\n|j|\u2606jhdreamer\n|t:|1696006602\n|gametype|doubles\n|player|p1|ninjask 8|hilbert-masters|1357\n|player|p2|jhdreamer|169|1663\n|teamsize|p1|6\n|teamsize|p2|6\n|gen|9\n|tier|[Gen 9] National Dex Doubles\n|rated|\n|rule|HP Percentage Mod: HP is shown in percentages\n|rule|Endless Battle Clause: Forcing endless battles is banned\n|rule|OHKO Clause: OHKO moves are banned\n|rule|Evasion Moves Clause: Evasion moves are banned\n|rule|Evasion Abilities Clause: Evasion abilities are banned\n|rule|Species Clause: Limit one of each Pok\u00e9mon\n|rule|Gravity Sleep Clause: The combination of sleep-inducing moves with imperfect accuracy and Gravity or Gigantamax Orbeetle are banned\n|clearpoke\n|poke|p1|Indeedee-F, F|\n|poke|p1|Shiftry, M|\n|poke|p1|Tornadus, M|\n|poke|p1|Kommo-o, M|\n|poke|p1|Gardevoir, F|\n|poke|p1|Espathra, F|\n|poke|p2|Gardevoir, F|\n|poke|p2|Gallade, M|\n|poke|p2|Whimsicott, F|\n|poke|p2|Landorus-Therian, M|\n|poke|p2|Volcanion|\n|poke|p2|Indeedee-F, F|\n|teampreview\n|\n|t:|1696006671\n|start\n|switch|p1a: Espathra|Espathra, F|100\/100\n|switch|p1b: Indeedee|Indeedee-F, F|100\/100\n|switch|p2a: Gallade|Gallade, M|100\/100\n|switch|p2b: Gardevoir|Gardevoir, F, shiny|100\/100\n|-fieldstart|move: Psychic Terrain|[from] ability: Psychic Surge|[of] p1b: Indeedee\n|-ability|p2b: Gardevoir|Psychic Surge|[from] ability: Trace|[of] p1b: Indeedee\n|turn|1\n|\n|t:|1696006692\n|detailschange|p2b: Gardevoir|Gardevoir-Mega, F, shiny\n|-mega|p2b: Gardevoir|Gardevoir|Gardevoirite\n|move|p1b: Indeedee|Follow Me|p1b: Indeedee\n|-singleturn|p1b: Indeedee|move: Follow Me\n|move|p1a: Espathra|Calm Mind|p1a: Espathra\n|-boost|p1a: Espathra|spa|1\n|-boost|p1a: Espathra|spd|1\n|move|p2a: Gallade|Night Slash|p1b: Indeedee\n|-supereffective|p1b: Indeedee\n|-damage|p1b: Indeedee|5\/100\n|move|p2b: Gardevoir|Trick Room|p2b: Gardevoir\n|-fieldstart|move: Trick Room|[of] p2b: Gardevoir\n|\n|-ability|p1a: Espathra|Speed Boost|boost\n|-boost|p1a: Espathra|spe|1\n|upkeep\n|turn|2\n|\n|t:|1696006713\n|switch|p1b: Shiftry|Shiftry, M, shiny|100\/100\n|move|p1a: Espathra|Protect|p1a: Espathra\n|-singleturn|p1a: Espathra|Protect\n|move|p2a: Gallade|Night Slash|p1a: Espathra\n|-activate|p1a: Espathra|move: Protect\n|move|p2b: Gardevoir|Hyper Voice|p1a: Espathra|[spread] p1b\n|-activate|p1a: Espathra|move: Protect\n|-supereffective|p1b: Shiftry\n|-damage|p1b: Shiftry|0 fnt\n|faint|p1b: Shiftry\n|\n|-ability|p1a: Espathra|Speed Boost|boost\n|-boost|p1a: Espathra|spe|1\n|upkeep\n|\n|t:|1696006731\n|switch|p1b: Gardevoir|Gardevoir, F|100\/100\n|-ability|p1b: Gardevoir|Pixilate|[from] ability: Trace|[of] p2b: Gardevoir\n|turn|3\n|\n|t:|1696006759\n|detailschange|p1b: Gardevoir|Gardevoir-Mega, F\n|-mega|p1b: Gardevoir|Gardevoir|Gardevoirite\n|-terastallize|p1a: Espathra|Fairy\n|move|p2a: Gallade|Night Slash|p1a: Espathra\n|-resisted|p1a: Espathra\n|-crit|p1a: Espathra\n|-damage|p1a: Espathra|57\/100\n|move|p2b: Gardevoir|Hyper Voice|p1b: Gardevoir|[spread] p1a,p1b\n|-damage|p1a: Espathra|3\/100\n|-damage|p1b: Gardevoir|51\/100\n|move|p1b: Gardevoir|Hyper Voice|p2a: Gallade|[spread] p2a,p2b\n|-supereffective|p2a: Gallade\n|-damage|p2a: Gallade|1\/100\n|-damage|p2b: Gardevoir|60\/100\n|-enditem|p2a: Gallade|Sitrus Berry|[eat]\n|-heal|p2a: Gallade|26\/100|[from] item: Sitrus Berry\n|move|p1a: Espathra|Dazzling Gleam|p2b: Gardevoir|[spread] p2a,p2b\n|-supereffective|p2a: Gallade\n|-damage|p2a: Gallade|0 fnt\n|-damage|p2b: Gardevoir|25\/100\n|faint|p2a: Gallade\n|\n|-heal|p1a: Espathra|9\/100|[from] item: Leftovers\n|-ability|p1a: Espathra|Speed Boost|boost\n|-boost|p1a: Espathra|spe|1\n|upkeep\n|\n|t:|1696006799\n|switch|p2a: Landorus|Landorus-Therian, M|100\/100\n|-ability|p2a: Landorus|Intimidate|boost\n|-unboost|p1a: Espathra|atk|1\n|-unboost|p1b: Gardevoir|atk|1\n|turn|4\n|\n|t:|1696006808\n|move|p1a: Espathra|Protect|p1a: Espathra\n|-singleturn|p1a: Espathra|Protect\n|move|p2a: Landorus|Stomping Tantrum|p1b: Gardevoir\n|-damage|p1b: Gardevoir|0 fnt\n|faint|p1b: Gardevoir\n|move|p2b: Gardevoir|Hyper Voice|p1a: Espathra\n|-activate|p1a: Espathra|move: Protect\n|\n|-heal|p1a: Espathra|15\/100|[from] item: Leftovers\n|-ability|p1a: Espathra|Speed Boost|boost\n|-boost|p1a: Espathra|spe|1\n|upkeep\n|\n|t:|1696006818\n|switch|p1b: Indeedee|Indeedee-F, F|5\/100\n|turn|5\n|\n|t:|1696006843\n|move|p1a: Espathra|Protect||[still]\n|-fail|p1a: Espathra\n|move|p1b: Indeedee|Follow Me|p1b: Indeedee\n|-singleturn|p1b: Indeedee|move: Follow Me\n|move|p2a: Landorus|U-turn|p1b: Indeedee\n|-supereffective|p1b: Indeedee\n|-damage|p1b: Indeedee|0 fnt\n|faint|p1b: Indeedee\n|\n|t:|1696006850\n|switch|p2a: Whimsicott|Whimsicott, F, shiny|100\/100|[from] U-turn\n|move|p2b: Gardevoir|Hyper Voice|p1a: Espathra\n|-damage|p1a: Espathra|0 fnt\n|faint|p1a: Espathra\n|\n|-fieldend|move: Trick Room\n|upkeep\n|\n|t:|1696006854\n|switch|p1a: Tornadus|Tornadus, M|100\/100\n|switch|p1b: Kommo-o|Kommo-o, M|100\/100\n|turn|6\n|\n|t:|1696006869\n|move|p2b: Gardevoir|Protect|p2b: Gardevoir\n|-singleturn|p2b: Gardevoir|Protect\n|move|p2a: Whimsicott|Taunt|p1a: Tornadus\n|-start|p1a: Tornadus|move: Taunt\n|move|p1a: Tornadus|Bleakwind Storm|p2b: Gardevoir|[spread] p2a\n|-activate|p2b: Gardevoir|move: Protect\n|-supereffective|p2a: Whimsicott\n|-damage|p2a: Whimsicott|7\/100\n|move|p1b: Kommo-o|Flash Cannon|p2a: Whimsicott\n|-supereffective|p2a: Whimsicott\n|-damage|p2a: Whimsicott|0 fnt\n|faint|p2a: Whimsicott\n|\n|upkeep\n|\n|t:|1696006885\n|switch|p2a: Indeedee|Indeedee-F, F, shiny|100\/100\n|-enditem|p2a: Indeedee|Psychic Seed\n|-boost|p2a: Indeedee|spd|1|[from] item: Psychic Seed\n|turn|7\n|\n|t:|1696006894\n|move|p1a: Tornadus|Bleakwind Storm|p2b: Gardevoir|[spread] p2a,p2b\n|-damage|p2a: Indeedee|76\/100\n|-damage|p2b: Gardevoir|0 fnt\n|faint|p2b: Gardevoir\n|-zpower|p1b: Kommo-o\n|move|p1b: Kommo-o|Clangorous Soulblaze|p2a: Indeedee|[zeffect]\n|-damage|p2a: Indeedee|29\/100\n|-boost|p1b: Kommo-o|atk|1\n|-boost|p1b: Kommo-o|def|1\n|-boost|p1b: Kommo-o|spa|1\n|-boost|p1b: Kommo-o|spd|1\n|-boost|p1b: Kommo-o|spe|1\n|move|p2a: Indeedee|Expanding Force|p1a: Tornadus|[spread] p1a,p1b\n|-supereffective|p1b: Kommo-o\n|-damage|p1a: Tornadus|48\/100\n|-damage|p1b: Kommo-o|44\/100\n|\n|-heal|p1a: Tornadus|54\/100|[from] item: Leftovers\n|upkeep\n|\n|t:|1696006905\n|switch|p2b: Volcanion|Volcanion|100\/100\n|turn|8\n|\n|t:|1696006915\n|move|p1b: Kommo-o|Clanging Scales|p2a: Indeedee|[spread] p2a,p2b\n|-damage|p2a: Indeedee|0 fnt\n|-damage|p2b: Volcanion|44\/100\n|faint|p2a: Indeedee\n|-unboost|p1b: Kommo-o|def|1\n|move|p1a: Tornadus|Bleakwind Storm|p2b: Volcanion\n|-damage|p2b: Volcanion|0 fnt\n|faint|p2b: Volcanion\n|\n|-heal|p1a: Tornadus|60\/100|[from] item: Leftovers\n|-end|p1a: Tornadus|move: Taunt\n|-fieldend|move: Psychic Terrain\n|upkeep\n|-message|jhdreamer forfeited.\n|\n|win|ninjask 8\n|raw|ninjask 8's rating: 1357 &rarr; <strong>1391<\/strong><br \/>(+34 for winning)\n|raw|jhdreamer's rating: 1663 &rarr; <strong>1629<\/strong><br \/>(-34 for losing)\n|l|\u2606jhdreamer\n|c|\u2606ninjask 8|gg\n","uploadtime":1696006929,"views":7,"p1id":"ninjask8","p2id":"jhdreamer","formatid":"gen9nationaldexdoubles","rating":1391,"private":0,"password":""}