{"id":"gen9nationaldexdoubles-1984294170","p1":"GoDDanteX","p2":"jalen33","format":"[Gen 9] National Dex Doubles","log":"|j|\u2606GoDDanteX\n|j|\u2606jalen33\n|t:|1699240059\n|gametype|doubles\n|player|p1|GoDDanteX|leon-tower|1104\n|player|p2|jalen33|benga|1068\n|teamsize|p1|6\n|teamsize|p2|6\n|gen|9\n|tier|[Gen 9] National Dex Doubles\n|rated|\n|rule|HP Percentage Mod: HP is shown in percentages\n|rule|Endless Battle Clause: Forcing endless battles is banned\n|rule|OHKO Clause: OHKO moves are banned\n|rule|Evasion Moves Clause: Evasion moves are banned\n|rule|Evasion Abilities Clause: Evasion abilities are banned\n|rule|Species Clause: Limit one of each Pok\u00e9mon\n|rule|Gravity Sleep Clause: The combination of sleep-inducing moves with imperfect accuracy and Gravity or Gigantamax Orbeetle are banned\n|clearpoke\n|poke|p1|Keldeo-Resolute|\n|poke|p1|Hippowdon, M|\n|poke|p1|Rillaboom, M|\n|poke|p1|Skeledirge, M|\n|poke|p1|Meloetta|\n|poke|p1|Revavroom, M|\n|poke|p2|Landorus-Therian, M|\n|poke|p2|Orthworm, F|\n|poke|p2|Farigiraf, M|\n|poke|p2|Kommo-o, F|\n|poke|p2|Flamigo, M|\n|poke|p2|Sinistcha|\n|teampreview\n|\n|t:|1699240081\n|start\n|switch|p1a: Revavroom|Revavroom, M|100\/100\n|switch|p1b: Meloetta|Meloetta|100\/100\n|switch|p2a: Landorus|Landorus-Therian, M|100\/100\n|switch|p2b: Kommo-o|Kommo-o, F|100\/100\n|-ability|p2a: Landorus|Intimidate|boost\n|-unboost|p1a: Revavroom|atk|1\n|-unboost|p1b: Meloetta|atk|1\n|-item|p1a: Revavroom|Air Balloon\n|turn|1\n|inactive|Battle timer is ON: inactive players will automatically lose when time's up. (requested by jalen33)\n|\n|t:|1699240107\n|switch|p2b: Sinistcha|Sinistcha|100\/100\n|move|p1b: Meloetta|Psychic|p2b: Sinistcha\n|-damage|p2b: Sinistcha|48\/100\n|move|p2a: Landorus|Knock Off|p1a: Revavroom\n|-damage|p1a: Revavroom|53\/100\n|-enditem|p1a: Revavroom|Air Balloon\n|move|p1a: Revavroom|Shift Gear|p1a: Revavroom\n|-boost|p1a: Revavroom|spe|2\n|-boost|p1a: Revavroom|atk|1\n|\n|upkeep\n|turn|2\n|\n|t:|1699240128\n|-terastallize|p1a: Revavroom|Grass\n|move|p1a: Revavroom|Poison Jab|p2a: Landorus\n|-resisted|p2a: Landorus\n|-damage|p2a: Landorus|74\/100\n|move|p1b: Meloetta|Psychic|p2b: Sinistcha\n|-crit|p2b: Sinistcha\n|-damage|p2b: Sinistcha|0 fnt\n|faint|p2b: Sinistcha\n|move|p2a: Landorus|Earthquake|p1b: Meloetta|[spread] p1a,p1b\n|-resisted|p1a: Revavroom\n|-damage|p1a: Revavroom|21\/100\n|-damage|p1b: Meloetta|34\/100\n|\n|upkeep\n|\n|t:|1699240137\n|switch|p2b: Kommo-o|Kommo-o, F|100\/100\n|turn|3\n|\n|t:|1699240150\n|move|p1a: Revavroom|Poison Jab|p2b: Kommo-o\n|-damage|p2b: Kommo-o|59\/100\n|move|p1b: Meloetta|Psychic|p2b: Kommo-o\n|-supereffective|p2b: Kommo-o\n|-damage|p2b: Kommo-o|0 fnt\n|faint|p2b: Kommo-o\n|move|p2a: Landorus|Knock Off|p1b: Meloetta\n|-supereffective|p1b: Meloetta\n|-damage|p1b: Meloetta|0 fnt\n|-enditem|p1b: Meloetta|Choice Scarf|[from] move: Knock Off|[of] p2a: Landorus\n|faint|p1b: Meloetta\n|\n|upkeep\n|\n|t:|1699240164\n|switch|p1b: Rillaboom|Rillaboom, M|100\/100\n|switch|p2b: Orthworm|Orthworm, F|100\/100\n|-fieldstart|move: Grassy Terrain|[from] ability: Grassy Surge|[of] p1b: Rillaboom\n|turn|4\n|\n|t:|1699240172\n|move|p1b: Rillaboom|Fake Out|p2a: Landorus\n|-damage|p2a: Landorus|53\/100\n|-damage|p1b: Rillaboom|91\/100|[from] item: Life Orb\n|move|p1a: Revavroom|Toxic Spikes|p2a: Landorus\n|-sidestart|p2: jalen33|move: Toxic Spikes\n|cant|p2a: Landorus|flinch\n|move|p2b: Orthworm|Coil|p2b: Orthworm\n|-boost|p2b: Orthworm|atk|1\n|-boost|p2b: Orthworm|def|1\n|-boost|p2b: Orthworm|accuracy|1\n|\n|-heal|p1a: Revavroom|27\/100|[from] Grassy Terrain\n|-heal|p1b: Rillaboom|97\/100|[from] Grassy Terrain\n|upkeep\n|turn|5\n|\n|t:|1699240185\n|move|p1a: Revavroom|Toxic Spikes|p2a: Landorus\n|-sidestart|p2: jalen33|move: Toxic Spikes\n|move|p2a: Landorus|Earthquake|p1a: Revavroom|[spread] p1a,p1b\n|-immune|p2b: Orthworm|[from] ability: Earth Eater\n|-resisted|p1a: Revavroom\n|-resisted|p1b: Rillaboom\n|-damage|p1a: Revavroom|12\/100\n|-damage|p1b: Rillaboom|82\/100\n|move|p1b: Rillaboom|Knock Off|p2b: Orthworm\n|-damage|p2b: Orthworm|79\/100\n|-enditem|p2b: Orthworm|Ability Shield|[from] move: Knock Off|[of] p1b: Rillaboom\n|-damage|p1b: Rillaboom|72\/100|[from] item: Life Orb\n|move|p2b: Orthworm|Coil|p2b: Orthworm\n|-boost|p2b: Orthworm|atk|1\n|-boost|p2b: Orthworm|def|1\n|-boost|p2b: Orthworm|accuracy|1\n|\n|-heal|p1a: Revavroom|18\/100|[from] Grassy Terrain\n|-heal|p1b: Rillaboom|79\/100|[from] Grassy Terrain\n|-heal|p2b: Orthworm|85\/100|[from] Grassy Terrain\n|upkeep\n|turn|6\n|\n|t:|1699240208\n|move|p1b: Rillaboom|Grassy Glide|p2b: Orthworm\n|-resisted|p2b: Orthworm\n|-damage|p2b: Orthworm|77\/100\n|-damage|p1b: Rillaboom|69\/100|[from] item: Life Orb\n|move|p1a: Revavroom|Iron Head|p2a: Landorus\n|-crit|p2a: Landorus\n|-damage|p2a: Landorus|0 fnt\n|faint|p2a: Landorus\n|move|p2b: Orthworm|Body Press|p1b: Rillaboom\n|-damage|p1b: Rillaboom|18\/100\n|\n|-heal|p1a: Revavroom|24\/100|[from] Grassy Terrain\n|-heal|p1b: Rillaboom|24\/100|[from] Grassy Terrain\n|-heal|p2b: Orthworm|83\/100|[from] Grassy Terrain\n|upkeep\n|\n|t:|1699240219\n|switch|p2a: Flamigo|Flamigo, M|100\/100\n|-copyboost|p2a: Flamigo|p2b: Orthworm|[from] ability: Costar\n|turn|7\n|\n|t:|1699240232\n|move|p1a: Revavroom|Poison Jab|p2a: Flamigo\n|-damage|p2a: Flamigo|72\/100\n|-status|p2a: Flamigo|psn\n|move|p2a: Flamigo|Dual Wingbeat|p1b: Rillaboom\n|-supereffective|p1b: Rillaboom\n|-damage|p1b: Rillaboom|0 fnt\n|faint|p1b: Rillaboom\n|-hitcount|p1: Rillaboom|1\n|move|p2b: Orthworm|Body Press|p1a: Revavroom\n|-damage|p1a: Revavroom|0 fnt\n|faint|p1a: Revavroom\n|\n|-heal|p2b: Orthworm|89\/100|[from] Grassy Terrain\n|-damage|p2a: Flamigo|59\/100 psn|[from] psn\n|upkeep\n|\n|t:|1699240245\n|switch|p1b: Hippowdon|Hippowdon, M|100\/100\n|switch|p1a: Skeledirge|Skeledirge, M|100\/100\n|-weather|Sandstorm|[from] ability: Sand Stream|[of] p1b: Hippowdon\n|turn|8\n|\n|t:|1699240262\n|-terastallize|p2a: Flamigo|Flying\n|move|p2a: Flamigo|Dual Wingbeat|p1a: Skeledirge\n|-damage|p1a: Skeledirge|86\/100\n|-damage|p1a: Skeledirge|69\/100\n|-hitcount|p1a: Skeledirge|2\n|move|p1a: Skeledirge|Torch Song|p2b: Orthworm\n|-supereffective|p2b: Orthworm\n|-damage|p2b: Orthworm|33\/100\n|-boost|p1a: Skeledirge|spa|1\n|move|p2b: Orthworm|Body Press|p1b: Hippowdon\n|-damage|p1b: Hippowdon|73\/100\n|move|p1b: Hippowdon|Curse|p1b: Hippowdon\n|-unboost|p1b: Hippowdon|spe|1\n|-boost|p1b: Hippowdon|atk|1\n|-boost|p1b: Hippowdon|def|1\n|\n|-weather|Sandstorm|[upkeep]\n|-damage|p2a: Flamigo|53\/100 psn|[from] Sandstorm\n|-damage|p1a: Skeledirge|63\/100|[from] Sandstorm\n|-heal|p1a: Skeledirge|69\/100|[from] Grassy Terrain\n|-heal|p2b: Orthworm|39\/100|[from] Grassy Terrain\n|-heal|p1b: Hippowdon|80\/100|[from] Grassy Terrain\n|-heal|p1b: Hippowdon|86\/100|[from] item: Leftovers\n|-damage|p2a: Flamigo|40\/100 psn|[from] psn\n|-fieldend|move: Grassy Terrain\n|upkeep\n|turn|9\n|\n|t:|1699240286\n|move|p2a: Flamigo|Close Combat|p1b: Hippowdon\n|-damage|p1b: Hippowdon|48\/100\n|-unboost|p2a: Flamigo|def|1\n|-unboost|p2a: Flamigo|spd|1\n|move|p1a: Skeledirge|Torch Song|p2b: Orthworm\n|-supereffective|p2b: Orthworm\n|-damage|p2b: Orthworm|0 fnt\n|-boost|p1a: Skeledirge|spa|1\n|faint|p2b: Orthworm\n|move|p1b: Hippowdon|Rock Slide|p2a: Flamigo\n|-supereffective|p2a: Flamigo\n|-damage|p2a: Flamigo|0 fnt\n|faint|p2a: Flamigo\n|\n|-weather|Sandstorm|[upkeep]\n|-damage|p1a: Skeledirge|63\/100|[from] Sandstorm\n|-heal|p1b: Hippowdon|54\/100|[from] item: Leftovers\n|upkeep\n|\n|t:|1699240298\n|switch|p2b: Farigiraf|Farigiraf, M|100\/100\n|-status|p2b: Farigiraf|tox\n|turn|10\n|\n|t:|1699240305\n|move|p1a: Skeledirge|Torch Song|p2b: Farigiraf\n|-damage|p2b: Farigiraf|39\/100 tox\n|-boost|p1a: Skeledirge|spa|1\n|move|p2b: Farigiraf|Psyshock|p1a: Skeledirge\n|-damage|p1a: Skeledirge|37\/100\n|-enditem|p1a: Skeledirge|Sitrus Berry|[eat]\n|-heal|p1a: Skeledirge|62\/100|[from] item: Sitrus Berry\n|move|p1b: Hippowdon|Rock Slide|p2b: Farigiraf\n|-damage|p2b: Farigiraf|11\/100 tox\n|\n|-weather|Sandstorm|[upkeep]\n|-damage|p1a: Skeledirge|56\/100|[from] Sandstorm\n|-damage|p2b: Farigiraf|5\/100 tox|[from] Sandstorm\n|-heal|p1b: Hippowdon|60\/100|[from] item: Leftovers\n|-damage|p2b: Farigiraf|0 fnt|[from] psn\n|faint|p2b: Farigiraf\n|\n|win|GoDDanteX\n|upkeep\n|raw|GoDDanteX's rating: 1104 &rarr; <strong>1126<\/strong><br \/>(+22 for winning)\n|raw|jalen33's rating: 1068 &rarr; <strong>1050<\/strong><br \/>(-18 for losing)\n|l|\u2606jalen33\n","uploadtime":1699240331,"views":4,"p1id":"goddantex","p2id":"jalen33","formatid":"gen9nationaldexdoubles","rating":1050,"private":0,"password":""}