{"id":"gen9nationaldexdoubles-1987250551","p1":"DONT BE MAD L0SER","p2":"birdgaming","format":"[Gen 9] National Dex Doubles","log":"|j|\u2606DONT BE MAD L0SER\n|j|\u2606birdgaming\n|t:|1699569484\n|gametype|doubles\n|player|p1|DONT BE MAD L0SER|lucas|1000\n|player|p2|birdgaming|clair|1135\n|teamsize|p1|6\n|teamsize|p2|6\n|gen|9\n|tier|[Gen 9] National Dex Doubles\n|rated|\n|rule|HP Percentage Mod: HP is shown in percentages\n|rule|Endless Battle Clause: Forcing endless battles is banned\n|rule|OHKO Clause: OHKO moves are banned\n|rule|Evasion Moves Clause: Evasion moves are banned\n|rule|Evasion Abilities Clause: Evasion abilities are banned\n|rule|Species Clause: Limit one of each Pok\u00e9mon\n|rule|Gravity Sleep Clause: The combination of sleep-inducing moves with imperfect accuracy and Gravity or Gigantamax Orbeetle are banned\n|clearpoke\n|poke|p1|Blastoise, F|\n|poke|p1|Clefable, F|\n|poke|p1|Indeedee-F, F|\n|poke|p1|Mr. Mime, M|\n|poke|p1|Glastrier|\n|poke|p1|Oranguru, M|\n|poke|p2|Victini|\n|poke|p2|Malamar, F|\n|poke|p2|Blastoise, M|\n|poke|p2|Whimsicott, M|\n|poke|p2|Kyurem-Black|\n|poke|p2|Amoonguss, M|\n|teampreview\n|inactive|Battle timer is ON: inactive players will automatically lose when time's up. (requested by DONT BE MAD L0SER)\n|\n|t:|1699569520\n|start\n|switch|p1a: Glastrier|Glastrier|100\/100\n|switch|p1b: Indeedee|Indeedee-F, F|100\/100\n|switch|p2a: Victini|Victini|100\/100\n|switch|p2b: Malamar|Malamar, F|100\/100\n|-fieldstart|move: Psychic Terrain|[from] ability: Psychic Surge|[of] p1b: Indeedee\n|turn|1\n|\n|t:|1699569543\n|move|p1a: Glastrier|Protect|p1a: Glastrier\n|-singleturn|p1a: Glastrier|Protect\n|move|p2a: Victini|Skill Swap|p2b: Malamar\n|-activate|p2a: Victini|move: Skill Swap|||[of] p2b: Malamar\n|move|p2b: Malamar|Hypnosis|p1a: Glastrier\n|-activate|p1a: Glastrier|move: Protect\n|move|p1b: Indeedee|Trick Room|p1b: Indeedee\n|-fieldstart|move: Trick Room|[of] p1b: Indeedee\n|\n|upkeep\n|turn|2\n|\n|t:|1699569568\n|move|p1b: Indeedee|Follow Me|p1b: Indeedee\n|-singleturn|p1b: Indeedee|move: Follow Me\n|move|p2b: Malamar|Ally Switch|p2b: Malamar\n|swap|p2b: Malamar|0|[from] move: Ally Switch\n|move|p1a: Glastrier|Stomping Tantrum|p2a: Malamar\n|-damage|p2a: Malamar|77\/100\n|move|p2b: Victini|V-create|p1b: Indeedee\n|-damage|p1b: Indeedee|28\/100\n|-boost|p2b: Victini|spe|1\n|-boost|p2b: Victini|def|1\n|-boost|p2b: Victini|spd|1\n|\n|upkeep\n|turn|3\n|inactive|birdgaming has 120 seconds left.\n|\n|t:|1699569613\n|switch|p2a: Blastoise|Blastoise, M|100\/100\n|-terastallize|p1a: Glastrier|Ice\n|move|p2b: Victini|Protect|p2b: Victini\n|-singleturn|p2b: Victini|Protect\n|move|p1b: Indeedee|Follow Me|p1b: Indeedee\n|-singleturn|p1b: Indeedee|move: Follow Me\n|move|p1a: Glastrier|Icicle Spear|p2a: Blastoise\n|-resisted|p2a: Blastoise\n|-damage|p2a: Blastoise|93\/100\n|-resisted|p2a: Blastoise\n|-damage|p2a: Blastoise|86\/100\n|-resisted|p2a: Blastoise\n|-crit|p2a: Blastoise\n|-damage|p2a: Blastoise|73\/100\n|-resisted|p2a: Blastoise\n|-damage|p2a: Blastoise|66\/100\n|-hitcount|p2a: Blastoise|4\n|\n|upkeep\n|turn|4\n|inactive|birdgaming has 120 seconds left.\n|\n|t:|1699569636\n|move|p2a: Blastoise|Fake Out|p1a: Glastrier\n|-activate|p1a: Glastrier|move: Psychic Terrain\n|move|p1b: Indeedee|Follow Me|p1b: Indeedee\n|-singleturn|p1b: Indeedee|move: Follow Me\n|move|p1a: Glastrier|Icicle Spear|p2a: Blastoise\n|-resisted|p2a: Blastoise\n|-damage|p2a: Blastoise|59\/100\n|-resisted|p2a: Blastoise\n|-damage|p2a: Blastoise|51\/100\n|-resisted|p2a: Blastoise\n|-damage|p2a: Blastoise|43\/100\n|-enditem|p2a: Blastoise|Sitrus Berry|[eat]\n|-heal|p2a: Blastoise|68\/100|[from] item: Sitrus Berry\n|-resisted|p2a: Blastoise\n|-damage|p2a: Blastoise|60\/100\n|-resisted|p2a: Blastoise\n|-damage|p2a: Blastoise|51\/100\n|-hitcount|p2a: Blastoise|5\n|move|p2b: Victini|V-create|p1b: Indeedee\n|-damage|p1b: Indeedee|0 fnt\n|-boost|p2b: Victini|spe|1\n|-boost|p2b: Victini|def|1\n|-boost|p2b: Victini|spd|1\n|faint|p1b: Indeedee\n|\n|upkeep\n|\n|t:|1699569642\n|switch|p1b: Blastoise|Blastoise, F|100\/100\n|turn|5\n|\n|t:|1699569658\n|move|p1a: Glastrier|Protect|p1a: Glastrier\n|-singleturn|p1a: Glastrier|Protect\n|move|p2a: Blastoise|Follow Me|p2a: Blastoise\n|-singleturn|p2a: Blastoise|move: Follow Me\n|move|p2b: Victini|V-create|p1a: Glastrier\n|-activate|p1a: Glastrier|move: Protect\n|move|p1b: Blastoise|Roar|p2a: Blastoise\n|drag|p2a: Amoonguss|Amoonguss, M|100\/100\n|\n|-fieldend|move: Trick Room\n|-fieldend|move: Psychic Terrain\n|upkeep\n|turn|6\n|\n|t:|1699569672\n|move|p1b: Blastoise|Follow Me|p1b: Blastoise\n|-singleturn|p1b: Blastoise|move: Follow Me\n|move|p2a: Amoonguss|Rage Powder|p2a: Amoonguss\n|-singleturn|p2a: Amoonguss|move: Rage Powder\n|move|p2b: Victini|V-create|p1b: Blastoise\n|-resisted|p1b: Blastoise\n|-damage|p1b: Blastoise|72\/100\n|-boost|p2b: Victini|spe|1\n|-boost|p2b: Victini|def|1\n|-boost|p2b: Victini|spd|1\n|move|p1a: Glastrier|Icicle Spear|p2a: Amoonguss\n|-supereffective|p2a: Amoonguss\n|-damage|p2a: Amoonguss|59\/100\n|-supereffective|p2a: Amoonguss\n|-damage|p2a: Amoonguss|17\/100\n|-enditem|p2a: Amoonguss|Sitrus Berry|[eat]\n|-heal|p2a: Amoonguss|42\/100|[from] item: Sitrus Berry\n|-supereffective|p2a: Amoonguss\n|-damage|p2a: Amoonguss|4\/100\n|-supereffective|p2a: Amoonguss\n|-damage|p2a: Amoonguss|0 fnt\n|faint|p2a: Amoonguss\n|-ability|p1a: Glastrier|Chilling Neigh|boost\n|-boost|p1a: Glastrier|atk|1\n|-hitcount|p2: Amoonguss|4\n|\n|upkeep\n|\n|t:|1699569689\n|switch|p2a: Whimsicott|Whimsicott, M|100\/100\n|turn|7\n|\n|t:|1699569701\n|move|p2a: Whimsicott|Helping Hand|p2b: Victini\n|-singleturn|p2b: Victini|Helping Hand|[of] p2a: Whimsicott\n|move|p1b: Blastoise|Follow Me|p1b: Blastoise\n|-singleturn|p1b: Blastoise|move: Follow Me\n|move|p2b: Victini|Stored Power|p1b: Blastoise\n|-damage|p1b: Blastoise|0 fnt\n|faint|p1b: Blastoise\n|move|p1a: Glastrier|Icicle Spear|p2a: Whimsicott\n|-supereffective|p2a: Whimsicott\n|-damage|p2a: Whimsicott|1\/100\n|-supereffective|p2a: Whimsicott\n|-crit|p2a: Whimsicott\n|-damage|p2a: Whimsicott|0 fnt\n|faint|p2a: Whimsicott\n|-ability|p1a: Glastrier|Chilling Neigh|boost\n|-boost|p1a: Glastrier|atk|1\n|-hitcount|p2: Whimsicott|2\n|\n|upkeep\n|\n|t:|1699569721\n|switch|p2a: Malamar|Malamar, F|77\/100\n|switch|p1b: Oranguru|Oranguru, M|100\/100\n|turn|8\n|\n|t:|1699569735\n|move|p1a: Glastrier|Protect|p1a: Glastrier\n|-singleturn|p1a: Glastrier|Protect\n|move|p2b: Victini|V-create|p1b: Oranguru\n|-damage|p1b: Oranguru|39\/100\n|-boost|p2b: Victini|spe|1\n|-boost|p2b: Victini|def|1\n|-boost|p2b: Victini|spd|1\n|move|p2a: Malamar|Topsy-Turvy|p1a: Glastrier\n|-activate|p1a: Glastrier|move: Protect\n|move|p1b: Oranguru|Trick Room|p1b: Oranguru\n|-fieldstart|move: Trick Room|[of] p1b: Oranguru\n|\n|upkeep\n|turn|9\n|inactive|DONT BE MAD L0SER has 120 seconds left.\n|\n|t:|1699569765\n|move|p2b: Victini|Protect|p2b: Victini\n|-singleturn|p2b: Victini|Protect\n|move|p1b: Oranguru|Ally Switch|p1b: Oranguru\n|swap|p1b: Oranguru|0|[from] move: Ally Switch\n|move|p1b: Glastrier|Icicle Spear|p2a: Malamar\n|-crit|p2a: Malamar\n|-damage|p2a: Malamar|30\/100\n|-enditem|p2a: Malamar|Sitrus Berry|[eat]\n|-heal|p2a: Malamar|55\/100|[from] item: Sitrus Berry\n|-damage|p2a: Malamar|25\/100\n|-damage|p2a: Malamar|0 fnt\n|faint|p2a: Malamar\n|-ability|p1b: Glastrier|Chilling Neigh|boost\n|-boost|p1b: Glastrier|atk|1\n|-hitcount|p2: Malamar|3\n|\n|upkeep\n|\n|t:|1699569785\n|switch|p2a: Blastoise|Blastoise, M|51\/100\n|turn|10\n|l|\u2606birdgaming\n|inactive|birdgaming disconnected and has a minute to reconnect!\n|player|p2|\n|inactive|DONT BE MAD L0SER has 120 seconds left.\n|j|\u2606birdgaming\n|inactive|birdgaming reconnected and has 110 seconds left.\n|player|p2|birdgaming|clair\n|inactive|DONT BE MAD L0SER has 90 seconds left.\n|\n|t:|1699569867\n|switch|p1a: Clefable|Clefable, F|100\/100\n|move|p1b: Glastrier|Protect|p1b: Glastrier\n|-singleturn|p1b: Glastrier|Protect\n|move|p2a: Blastoise|Fake Out|p1b: Glastrier\n|-activate|p1b: Glastrier|move: Protect\n|move|p2b: Victini|V-create|p1a: Clefable\n|-damage|p1a: Clefable|36\/100\n|-boost|p2b: Victini|spe|1\n|-boost|p2b: Victini|def|1\n|-boost|p2b: Victini|spd|1\n|\n|upkeep\n|turn|11\n|inactive|birdgaming has 120 seconds left.\n|\n|t:|1699569890\n|move|p1a: Clefable|Follow Me|p1a: Clefable\n|-singleturn|p1a: Clefable|move: Follow Me\n|move|p2a: Blastoise|Follow Me|p2a: Blastoise\n|-singleturn|p2a: Blastoise|move: Follow Me\n|move|p1b: Glastrier|Icicle Spear|p2a: Blastoise\n|-resisted|p2a: Blastoise\n|-damage|p2a: Blastoise|33\/100\n|-resisted|p2a: Blastoise\n|-damage|p2a: Blastoise|13\/100\n|-resisted|p2a: Blastoise\n|-damage|p2a: Blastoise|0 fnt\n|faint|p2a: Blastoise\n|-ability|p1b: Glastrier|Chilling Neigh|boost\n|-boost|p1b: Glastrier|atk|1\n|-hitcount|p2: Blastoise|3\n|move|p2b: Victini|V-create|p1a: Clefable\n|-damage|p1a: Clefable|0 fnt\n|-boost|p2b: Victini|spe|1\n|-boost|p2b: Victini|def|1\n|-boost|p2b: Victini|spd|1\n|faint|p1a: Clefable\n|\n|upkeep\n|inactive|birdgaming has 120 seconds left.\n|inactive|DONT BE MAD L0SER has 90 seconds left.\n|\n|t:|1699569948\n|switch|p1a: Oranguru|Oranguru, M|39\/100\n|switch|p2a: Kyurem|Kyurem-Black|100\/100\n|-ability|p2a: Kyurem|Teravolt\n|turn|12\n|inactive|birdgaming has 120 seconds left.\n|\n|t:|1699569980\n|move|p1b: Glastrier|Icicle Spear|p2a: Kyurem\n|-damage|p2a: Kyurem|58\/100\n|-damage|p2a: Kyurem|14\/100\n|-damage|p2a: Kyurem|0 fnt\n|faint|p2a: Kyurem\n|-ability|p1b: Glastrier|Chilling Neigh|boost\n|-boost|p1b: Glastrier|atk|1\n|-hitcount|p2: Kyurem|3\n|move|p1a: Oranguru|Instruct|p1b: Glastrier\n|-singleturn|p1b: Glastrier|move: Instruct|[of] p1a: Oranguru\n|move|p1b: Glastrier|Icicle Spear|p2b: Victini\n|-resisted|p2b: Victini\n|-crit|p2b: Victini\n|-damage|p2b: Victini|53\/100\n|-resisted|p2b: Victini\n|-damage|p2b: Victini|45\/100\n|-enditem|p2b: Victini|Sitrus Berry|[eat]\n|-heal|p2b: Victini|70\/100|[from] item: Sitrus Berry\n|-resisted|p2b: Victini\n|-damage|p2b: Victini|62\/100\n|-resisted|p2b: Victini\n|-damage|p2b: Victini|54\/100\n|-hitcount|p2b: Victini|4\n|move|p2b: Victini|V-create|p1a: Oranguru\n|-damage|p1a: Oranguru|0 fnt\n|faint|p1a: Oranguru\n|\n|-fieldend|move: Trick Room\n|upkeep\n|inactive|DONT BE MAD L0SER has 60 seconds left.\n|\n|t:|1699570003\n|switch|p1a: Mr. Mime|Mr. Mime, M|100\/100\n|turn|13\n|inactive|DONT BE MAD L0SER has 60 seconds left.\n|inactive|DONT BE MAD L0SER has 30 seconds left.\n|inactive|DONT BE MAD L0SER has 20 seconds left.\n|\n|t:|1699570069\n|move|p2b: Victini|Protect|p2b: Victini\n|-singleturn|p2b: Victini|Protect\n|move|p1a: Mr. Mime|Follow Me|p1a: Mr. Mime\n|-singleturn|p1a: Mr. Mime|move: Follow Me\n|move|p1b: Glastrier|Stomping Tantrum|p2b: Victini\n|-activate|p2b: Victini|move: Protect\n|\n|upkeep\n|turn|14\n|\n|t:|1699570083\n|-terastallize|p2b: Victini|Grass\n|move|p1a: Mr. Mime|Follow Me|p1a: Mr. Mime\n|-singleturn|p1a: Mr. Mime|move: Follow Me\n|move|p2b: Victini|Stored Power|p1a: Mr. Mime\n|-resisted|p1a: Mr. Mime\n|-damage|p1a: Mr. Mime|34\/100\n|move|p1b: Glastrier|Stomping Tantrum|p2b: Victini\n|-resisted|p2b: Victini\n|-damage|p2b: Victini|42\/100\n|\n|upkeep\n|turn|15\n|inactive|DONT BE MAD L0SER has 60 seconds left.\n|\n|t:|1699570094\n|move|p1a: Mr. Mime|Follow Me|p1a: Mr. Mime\n|-singleturn|p1a: Mr. Mime|move: Follow Me\n|move|p2b: Victini|Stored Power|p1a: Mr. Mime\n|-resisted|p1a: Mr. Mime\n|-crit|p1a: Mr. Mime\n|-damage|p1a: Mr. Mime|0 fnt\n|faint|p1a: Mr. Mime\n|move|p1b: Glastrier|Icicle Spear|p2b: Victini\n|-supereffective|p2b: Victini\n|-damage|p2b: Victini|9\/100\n|-supereffective|p2b: Victini\n|-damage|p2b: Victini|0 fnt\n|faint|p2b: Victini\n|-hitcount|p2: Victini|2\n|\n|win|DONT BE MAD L0SER\n|raw|DONT BE MAD L0SER's rating: 1046 &rarr; <strong>1087<\/strong><br \/>(+41 for winning)\n|raw|birdgaming's rating: 1135 &rarr; <strong>1104<\/strong><br \/>(-31 for losing)\n|l|\u2606birdgaming\n","uploadtime":1699570111,"views":5,"p1id":"dontbemadl0ser","p2id":"birdgaming","formatid":"gen9nationaldexdoubles","rating":1087,"private":0,"password":""}