{"id":"gen9nationaldexdoubles-1973894161","p1":"Krishy2007","p2":"iron drill 434","format":"[Gen 9] National Dex Doubles","log":"|j|\u2606Krishy2007\n|j|\u2606iron drill 434\n|t:|1698025264\n|gametype|doubles\n|player|p1|Krishy2007|266|\n|player|p2|iron drill 434|101|\n|teamsize|p1|6\n|teamsize|p2|6\n|gen|9\n|tier|[Gen 9] National Dex Doubles\n|rule|HP Percentage Mod: HP is shown in percentages\n|rule|Endless Battle Clause: Forcing endless battles is banned\n|rule|OHKO Clause: OHKO moves are banned\n|rule|Evasion Moves Clause: Evasion moves are banned\n|rule|Evasion Abilities Clause: Evasion abilities are banned\n|rule|Species Clause: Limit one of each Pok\u00e9mon\n|rule|Gravity Sleep Clause: The combination of sleep-inducing moves with imperfect accuracy and Gravity or Gigantamax Orbeetle are banned\n|clearpoke\n|poke|p1|Grimmsnarl, M|\n|poke|p1|Cinderace, F|\n|poke|p1|Goodra-Hisui, M|\n|poke|p1|Landorus-Therian, M|\n|poke|p1|Cradily, F|\n|poke|p1|Aegislash, F|\n|poke|p2|Tapu Koko|\n|poke|p2|Dragapult, M|\n|poke|p2|Dondozo, M|\n|poke|p2|Metagross|\n|poke|p2|Archeops, M|\n|poke|p2|Weezing-Galar, F|\n|teampreview\n|\n|t:|1698025333\n|start\n|switch|p1a: Grimmsnarl|Grimmsnarl, M, shiny|100\/100\n|switch|p1b: Aegislash|Aegislash, F, shiny|100\/100\n|switch|p2a: Sesame Seed|Archeops, M, shiny|100\/100\n|switch|p2b: Tap Yo Coconuts|Tapu Koko|100\/100\n|turn|1\n|\n|t:|1698025399\n|move|p1a: Grimmsnarl|Taunt|p2a: Sesame Seed\n|-start|p2a: Sesame Seed|move: Taunt\n|move|p2b: Tap Yo Coconuts|U-turn|p1a: Grimmsnarl\n|-damage|p1a: Grimmsnarl|77\/100\n|\n|t:|1698025418\n|switch|p2b: Old Wise Man|Dondozo, M, shiny|100\/100|[from] U-turn\n|move|p2a: Sesame Seed|Head Smash|p1a: Grimmsnarl\n|-damage|p1a: Grimmsnarl|0 fnt\n|faint|p1a: Grimmsnarl\n|-damage|p2a: Sesame Seed|49\/100|[from] Recoil\n|move|p1b: Aegislash|Swords Dance|p1b: Aegislash\n|-boost|p1b: Aegislash|atk|2\n|\n|upkeep\n|\n|t:|1698025435\n|switch|p1a: Cradily|Cradily, F, shiny|100\/100\n|turn|2\n|\n|t:|1698025567\n|switch|p2a: Danny Phantom|Dragapult, M|100\/100\n|-formechange|p1b: Aegislash|Aegislash-Blade||[from] ability: Stance Change\n|move|p1b: Aegislash|Iron Head|p2b: Old Wise Man\n|-resisted|p2b: Old Wise Man\n|-damage|p2b: Old Wise Man|90\/100\n|move|p1a: Cradily|Toxic|p2a: Danny Phantom\n|-status|p2a: Danny Phantom|tox\n|cant|p2b: Old Wise Man|flinch\n|\n|-heal|p2b: Old Wise Man|96\/100|[from] item: Leftovers\n|-damage|p2a: Danny Phantom|94\/100 tox|[from] psn\n|upkeep\n|turn|3\n|inactive|Battle timer is ON: inactive players will automatically lose when time's up. (requested by Krishy2007)\n|inactive|iron drill 434 has 270 seconds left.\n|inactive|iron drill 434 has 240 seconds left.\n|\n|t:|1698025632\n|switch|p2a: Sesame Seed|Archeops, M, shiny|49\/100\n|switch|p2b: Honest Abe|Weezing-Galar, F, shiny|100\/100\n|-ability|p2b: Honest Abe|Neutralizing Gas\n|move|p1b: Aegislash|Shadow Sneak|p2a: Sesame Seed\n|-damage|p2a: Sesame Seed|0 fnt\n|faint|p2a: Sesame Seed\n|move|p1a: Cradily|Giga Drain|p2b: Honest Abe\n|-resisted|p2b: Honest Abe\n|-damage|p2b: Honest Abe|87\/100\n|\n|upkeep\n|\n|t:|1698025660\n|switch|p2a: Tap Yo Coconuts|Tapu Koko|100\/100\n|turn|4\n|\n|t:|1698025679\n|move|p2a: Tap Yo Coconuts|Reflect|p2a: Tap Yo Coconuts\n|-sidestart|p2: iron drill 434|Reflect\n|move|p1b: Aegislash|Iron Head|p2b: Honest Abe\n|-supereffective|p2b: Honest Abe\n|-damage|p2b: Honest Abe|16\/100\n|-damage|p1b: Aegislash|84\/100|[from] item: Rocky Helmet|[of] p2b: Honest Abe\n|move|p2b: Honest Abe|Heat Wave|p1b: Aegislash|[spread] p1a,p1b\n|-supereffective|p1b: Aegislash\n|-damage|p1a: Cradily|89\/100\n|-damage|p1b: Aegislash|24\/100\n|move|p1a: Cradily|Earth Power|p2a: Tap Yo Coconuts\n|-supereffective|p2a: Tap Yo Coconuts\n|-damage|p2a: Tap Yo Coconuts|63\/100\n|\n|-heal|p1a: Cradily|95\/100|[from] item: Leftovers\n|upkeep\n|turn|5\n|\n|t:|1698025708\n|move|p1b: Aegislash|Shadow Sneak|p2b: Honest Abe\n|-damage|p2b: Honest Abe|0 fnt\n|-damage|p1b: Aegislash|8\/100|[from] item: Rocky Helmet|[of] p2b: Honest Abe\n|faint|p2b: Honest Abe\n|-end|p2b: Honest Abe|ability: Neutralizing Gas\n|move|p2a: Tap Yo Coconuts|Light Screen|p2a: Tap Yo Coconuts\n|-sidestart|p2: iron drill 434|move: Light Screen\n|move|p1a: Cradily|Leech Seed|p2a: Tap Yo Coconuts\n|-start|p2a: Tap Yo Coconuts|move: Leech Seed\n|\n|-heal|p1a: Cradily|100\/100|[from] item: Leftovers\n|-damage|p2a: Tap Yo Coconuts|50\/100|[from] Leech Seed|[of] p1a: Cradily\n|upkeep\n|inactive|iron drill 434 has 270 seconds left.\n|\n|t:|1698025729\n|switch|p2b: Old Wise Man|Dondozo, M, shiny|96\/100\n|turn|6\n|inactive|iron drill 434 has 270 seconds left.\n|\n|t:|1698025757\n|switch|p1b: Landorus|Landorus-Therian, M, shiny|100\/100\n|-ability|p1b: Landorus|Intimidate|boost\n|-unboost|p2a: Tap Yo Coconuts|atk|1\n|-unboost|p2b: Old Wise Man|atk|1\n|move|p2a: Tap Yo Coconuts|U-turn|p1a: Cradily\n|-supereffective|p1a: Cradily\n|-damage|p1a: Cradily|85\/100\n|inactive|iron drill 434 has 240 seconds left.\n|\n|t:|1698025793\n|switch|p2a: Danny Phantom|Dragapult, M|94\/100 tox|[from] U-turn\n|move|p1a: Cradily|Giga Drain|p2b: Old Wise Man\n|-supereffective|p2b: Old Wise Man\n|-damage|p2b: Old Wise Man|67\/100\n|-heal|p1a: Cradily|100\/100|[from] drain|[of] p2b: Old Wise Man\n|move|p2b: Old Wise Man|Rock Slide|p1b: Landorus|[spread] p1a,p1b\n|-crit|p1b: Landorus\n|-damage|p1a: Cradily|95\/100\n|-damage|p1b: Landorus|76\/100\n|\n|-heal|p1b: Landorus|82\/100|[from] item: Leftovers\n|-heal|p1a: Cradily|100\/100|[from] item: Leftovers\n|-heal|p2b: Old Wise Man|73\/100|[from] item: Leftovers\n|-damage|p2a: Danny Phantom|88\/100 tox|[from] psn\n|upkeep\n|turn|7\n|inactive|iron drill 434 has 240 seconds left.\n|inactive|iron drill 434 has 210 seconds left.\n|\n|t:|1698025851\n|move|p2a: Danny Phantom|Draco Meteor|p1b: Landorus\n|-damage|p1b: Landorus|15\/100\n|-unboost|p2a: Danny Phantom|spa|2\n|move|p1b: Landorus|Defog|p2a: Danny Phantom\n|-unboost|p2a: Danny Phantom|evasion|1\n|-sideend|p2: iron drill 434|Reflect\n|-sideend|p2: iron drill 434|move: Light Screen\n|move|p1a: Cradily|Giga Drain|p2b: Old Wise Man\n|-supereffective|p2b: Old Wise Man\n|-damage|p2b: Old Wise Man|29\/100\n|move|p2b: Old Wise Man|Ice Fang|p1b: Landorus\n|-supereffective|p1b: Landorus\n|-damage|p1b: Landorus|0 fnt\n|faint|p1b: Landorus\n|\n|-heal|p2b: Old Wise Man|35\/100|[from] item: Leftovers\n|-damage|p2a: Danny Phantom|76\/100 tox|[from] psn\n|upkeep\n|\n|t:|1698025867\n|switch|p1b: Goodra|Goodra-Hisui, M|100\/100\n|turn|8\n|inactive|iron drill 434 has 210 seconds left.\n|inactive|Krishy2007 has 270 seconds left.\n|inactive|iron drill 434 has 180 seconds left.\n|inactive|iron drill 434 has 150 seconds left.\n|\n|t:|1698025955\n|switch|p2b: Buried Treasure|Metagross, shiny|100\/100\n|move|p1b: Goodra|Protect|p1b: Goodra\n|-singleturn|p1b: Goodra|Protect\n|move|p2a: Danny Phantom|U-turn|p1a: Cradily\n|-supereffective|p1a: Cradily\n|-damage|p1a: Cradily|67\/100\n|\n|t:|1698025968\n|switch|p2a: Tap Yo Coconuts|Tapu Koko|50\/100|[from] U-turn\n|move|p1a: Cradily|Giga Drain|p2b: Buried Treasure\n|-resisted|p2b: Buried Treasure\n|-damage|p2b: Buried Treasure|95\/100\n|-heal|p1a: Cradily|70\/100|[from] drain|[of] p2b: Buried Treasure\n|\n|-heal|p1a: Cradily|76\/100|[from] item: Leftovers\n|upkeep\n|turn|9\n|inactive|iron drill 434 has 150 seconds left.\n|\n|t:|1698025990\n|move|p2a: Tap Yo Coconuts|Light Screen|p2a: Tap Yo Coconuts\n|-sidestart|p2: iron drill 434|move: Light Screen\n|move|p2b: Buried Treasure|Earthquake|p1a: Cradily|[spread] p1a,p1b\n|-activate|p2a: Tap Yo Coconuts|ability: Telepathy\n|-supereffective|p1b: Goodra\n|-damage|p1a: Cradily|60\/100\n|-damage|p1b: Goodra|70\/100\n|move|p1b: Goodra|Acid Armor|p1b: Goodra\n|-boost|p1b: Goodra|def|2\n|move|p1a: Cradily|Earth Power|p2b: Buried Treasure\n|-supereffective|p2b: Buried Treasure\n|-damage|p2b: Buried Treasure|83\/100\n|\n|-heal|p1b: Goodra|76\/100|[from] item: Leftovers\n|-heal|p1a: Cradily|66\/100|[from] item: Leftovers\n|upkeep\n|turn|10\n|inactive|iron drill 434 has 150 seconds left.\n|\n|t:|1698026024\n|move|p2a: Tap Yo Coconuts|U-turn|p1a: Cradily\n|-supereffective|p1a: Cradily\n|-damage|p1a: Cradily|43\/100\n|\n|t:|1698026029\n|switch|p2a: Old Wise Man|Dondozo, M, shiny|35\/100|[from] U-turn\n|move|p2b: Buried Treasure|Earthquake|p1b: Goodra|[spread] p2a,p1a,p1b\n|-supereffective|p1b: Goodra\n|-damage|p2a: Old Wise Man|26\/100\n|-damage|p1a: Cradily|27\/100\n|-damage|p1b: Goodra|61\/100\n|move|p1b: Goodra|Heavy Slam|p2a: Old Wise Man\n|-resisted|p2a: Old Wise Man\n|-damage|p2a: Old Wise Man|23\/100\n|move|p1a: Cradily|Earth Power|p2a: Old Wise Man\n|-damage|p2a: Old Wise Man|11\/100\n|\n|-heal|p1b: Goodra|68\/100|[from] item: Leftovers\n|-heal|p1a: Cradily|33\/100|[from] item: Leftovers\n|-heal|p2a: Old Wise Man|17\/100|[from] item: Leftovers\n|upkeep\n|turn|11\n|inactive|iron drill 434 has 150 seconds left.\n|\n|t:|1698026071\n|move|p2b: Buried Treasure|Earthquake|p1b: Goodra|[spread] p2a,p1a,p1b\n|-supereffective|p1b: Goodra\n|-damage|p2a: Old Wise Man|7\/100\n|-damage|p1a: Cradily|19\/100\n|-damage|p1b: Goodra|52\/100\n|move|p1b: Goodra|Acid Armor|p1b: Goodra\n|-boost|p1b: Goodra|def|2\n|move|p1a: Cradily|Giga Drain|p2a: Old Wise Man\n|-supereffective|p2a: Old Wise Man\n|-crit|p2a: Old Wise Man\n|-damage|p2a: Old Wise Man|0 fnt\n|-heal|p1a: Cradily|24\/100|[from] drain|[of] p2a: Old Wise Man\n|faint|p2a: Old Wise Man\n|\n|-heal|p1b: Goodra|58\/100|[from] item: Leftovers\n|-heal|p1a: Cradily|30\/100|[from] item: Leftovers\n|upkeep\n|inactive|iron drill 434 has 120 seconds left.\n|inactive|iron drill 434 has 90 seconds left.\n|\n|t:|1698026141\n|switch|p2a: Danny Phantom|Dragapult, M|76\/100 tox\n|turn|12\n|inactive|iron drill 434 has 90 seconds left.\n|inactive|Krishy2007 has 270 seconds left.\n|inactive|iron drill 434 has 60 seconds left.\n|\n|t:|1698026183\n|move|p2a: Danny Phantom|Draco Meteor|p1b: Goodra\n|-damage|p1b: Goodra|23\/100\n|-unboost|p2a: Danny Phantom|spa|2\n|move|p2b: Buried Treasure|Ice Punch|p1b: Goodra\n|-damage|p1b: Goodra|18\/100\n|move|p1b: Goodra|Heavy Slam|p2a: Danny Phantom\n|-damage|p2a: Danny Phantom|28\/100 tox\n|move|p1a: Cradily|Earth Power|p2b: Buried Treasure\n|-supereffective|p2b: Buried Treasure\n|-damage|p2b: Buried Treasure|71\/100\n|\n|-heal|p1b: Goodra|24\/100|[from] item: Leftovers\n|-heal|p1a: Cradily|36\/100|[from] item: Leftovers\n|-damage|p2a: Danny Phantom|22\/100 tox|[from] psn\n|upkeep\n|turn|13\n|inactive|iron drill 434 has 60 seconds left.\n|\n|t:|1698026209\n|move|p1b: Goodra|Protect|p1b: Goodra\n|-singleturn|p1b: Goodra|Protect\n|move|p2a: Danny Phantom|U-turn|p1a: Cradily\n|-supereffective|p1a: Cradily\n|-damage|p1a: Cradily|3\/100\n|\n|t:|1698026214\n|switch|p2a: Tap Yo Coconuts|Tapu Koko|50\/100|[from] U-turn\n|move|p2b: Buried Treasure|Earthquake|p1b: Goodra|[spread] p1a\n|-activate|p1b: Goodra|move: Protect\n|-activate|p2a: Tap Yo Coconuts|ability: Telepathy\n|-damage|p1a: Cradily|0 fnt\n|faint|p1a: Cradily\n|\n|-heal|p1b: Goodra|30\/100|[from] item: Leftovers\n|upkeep\n|\n|t:|1698026224\n|switch|p1a: Cinderace|Cinderace, F, shiny|100\/100\n|turn|14\n|\n|t:|1698026244\n|move|p2a: Tap Yo Coconuts|Reflect|p2a: Tap Yo Coconuts\n|-sidestart|p2: iron drill 434|Reflect\n|move|p1a: Cinderace|Pyro Ball|p2b: Buried Treasure|[miss]\n|-miss|p1a: Cinderace|p2b: Buried Treasure\n|move|p2b: Buried Treasure|Earthquake|p1a: Cinderace|[spread] p1a,p1b\n|-activate|p2a: Tap Yo Coconuts|ability: Telepathy\n|-supereffective|p1a: Cinderace\n|-supereffective|p1b: Goodra\n|-damage|p1a: Cinderace|44\/100\n|-damage|p1b: Goodra|20\/100\n|move|p1b: Goodra|Heavy Slam|p2a: Tap Yo Coconuts\n|-damage|p2a: Tap Yo Coconuts|20\/100\n|\n|-heal|p1b: Goodra|26\/100|[from] item: Leftovers\n|upkeep\n|turn|15\n|inactive|iron drill 434 has 90 seconds left.\n|\n|t:|1698026274\n|move|p2a: Tap Yo Coconuts|Light Screen||[still]\n|-fail|p2a: Tap Yo Coconuts\n|move|p1a: Cinderace|Court Change|p1a: Cinderace\n|-swapsideconditions\n|-activate|p1a: Cinderace|move: Court Change\n|move|p2b: Buried Treasure|Earthquake|p1b: Goodra|[spread] p1a,p1b\n|-activate|p2a: Tap Yo Coconuts|ability: Telepathy\n|-supereffective|p1a: Cinderace\n|-supereffective|p1b: Goodra\n|-damage|p1a: Cinderace|8\/100\n|-damage|p1b: Goodra|19\/100\n|move|p1b: Goodra|Heavy Slam|p2a: Tap Yo Coconuts\n|-damage|p2a: Tap Yo Coconuts|0 fnt\n|faint|p2a: Tap Yo Coconuts\n|\n|-heal|p1b: Goodra|25\/100|[from] item: Leftovers\n|upkeep\n|\n|t:|1698026288\n|switch|p2a: Danny Phantom|Dragapult, M|22\/100 tox\n|turn|16\n|inactive|iron drill 434 has 60 seconds left.\n|\n|t:|1698026330\n|move|p2b: Buried Treasure|Bullet Punch|p1a: Cinderace\n|-resisted|p1a: Cinderace\n|-damage|p1a: Cinderace|1\/100\n|move|p2a: Danny Phantom|Draco Meteor|p1b: Goodra\n|-damage|p1b: Goodra|0 fnt\n|-unboost|p2a: Danny Phantom|spa|2\n|faint|p1b: Goodra\n|move|p1a: Cinderace|Pyro Ball|p2b: Buried Treasure\n|-supereffective|p2b: Buried Treasure\n|-damage|p2b: Buried Treasure|0 fnt\n|faint|p2b: Buried Treasure\n|\n|-damage|p2a: Danny Phantom|16\/100 tox|[from] psn\n|-sideend|p1: Krishy2007|move: Light Screen\n|upkeep\n|\n|t:|1698026339\n|switch|p1b: Aegislash|Aegislash, F, shiny|8\/100\n|turn|17\n|\n|t:|1698026345\n|-formechange|p1b: Aegislash|Aegislash-Blade||[from] ability: Stance Change\n|move|p1b: Aegislash|Shadow Sneak|p2a: Danny Phantom\n|-supereffective|p2a: Danny Phantom\n|-damage|p2a: Danny Phantom|0 fnt\n|faint|p2a: Danny Phantom\n|\n|win|Krishy2007\n","uploadtime":1698026354,"views":26,"p1id":"krishy2007","p2id":"irondrill434","formatid":"gen9nationaldexdoubles","rating":0,"private":0,"password":""}