{"id":"gen9nationaldexdoubles-1967056651","p1":"Seaking_cat","p2":"RJsInfinite","format":"[Gen 9] National Dex Doubles","log":"|j|\u2606Seaking_cat\n|j|\u2606RJsInfinite\n|t:|1697249210\n|gametype|doubles\n|player|p1|Seaking_cat|hilbert-wonderlauncher|\n|player|p2|RJsInfinite|giovanni|\n|teamsize|p1|6\n|teamsize|p2|6\n|gen|9\n|tier|[Gen 9] National Dex Doubles\n|rule|HP Percentage Mod: HP is shown in percentages\n|rule|Endless Battle Clause: Forcing endless battles is banned\n|rule|OHKO Clause: OHKO moves are banned\n|rule|Evasion Moves Clause: Evasion moves are banned\n|rule|Evasion Abilities Clause: Evasion abilities are banned\n|rule|Species Clause: Limit one of each Pok\u00e9mon\n|rule|Gravity Sleep Clause: The combination of sleep-inducing moves with imperfect accuracy and Gravity or Gigantamax Orbeetle are banned\n|clearpoke\n|poke|p1|Primarina, F|\n|poke|p1|Klefki, M|\n|poke|p1|Cloyster, M|\n|poke|p1|Meowscarada, M|\n|poke|p1|Glimmora, F|\n|poke|p1|Whimsicott, M|\n|poke|p2|Tyranitar, M|\n|poke|p2|Eelektross, F|\n|poke|p2|Incineroar, M|\n|poke|p2|Talonflame, F|\n|poke|p2|Sableye, F|\n|poke|p2|Greninja-*, M|\n|teampreview\n|j| Professor Eriic\n|\n|t:|1697249260\n|start\n|switch|p1a: Wut|Klefki, M|100\/100\n|switch|p1b: Elsa|Cloyster, M|100\/100\n|switch|p2a: Incineroar|Incineroar, M|100\/100\n|switch|p2b: lean|Sableye, F|100\/100\n|-ability|p2a: Incineroar|Intimidate|boost\n|-unboost|p1a: Wut|atk|1\n|-unboost|p1b: Elsa|atk|1\n|-enditem|p1b: Elsa|White Herb\n|-clearnegativeboost|p1b: Elsa|[silent]\n|turn|1\n|\n|t:|1697249353\n|move|p1a: Wut|Reflect|p1a: Wut\n|-sidestart|p1: Seaking_cat|Reflect\n|move|p2b: lean|Will-O-Wisp|p1b: Elsa\n|-status|p1b: Elsa|brn\n|move|p1b: Elsa|Liquidation|p2a: Incineroar\n|-supereffective|p2a: Incineroar\n|-damage|p2a: Incineroar|71\/100\n|move|p2a: Incineroar|Flare Blitz|p1b: Elsa\n|-crit|p1b: Elsa\n|-damage|p1b: Elsa|43\/100 brn\n|-damage|p2a: Incineroar|59\/100|[from] Recoil\n|\n|-damage|p1b: Elsa|37\/100 brn|[from] brn\n|upkeep\n|turn|2\n|\n|t:|1697249425\n|move|p1a: Wut|Light Screen|p1a: Wut\n|-sidestart|p1: Seaking_cat|move: Light Screen\n|move|p1b: Elsa|Shell Smash|p1b: Elsa\n|-unboost|p1b: Elsa|def|1\n|-unboost|p1b: Elsa|spd|1\n|-boost|p1b: Elsa|atk|2\n|-boost|p1b: Elsa|spa|2\n|-boost|p1b: Elsa|spe|2\n|move|p2a: Incineroar|Parting Shot|p1b: Elsa\n|-unboost|p1b: Elsa|atk|1\n|-unboost|p1b: Elsa|spa|1\n|\n|t:|1697249441\n|switch|p2a: eric gyat reveal|Talonflame, F|100\/100|[from] Parting Shot\n|move|p2b: lean|Foul Play|p1b: Elsa\n|-damage|p1b: Elsa|0 fnt\n|faint|p1b: Elsa\n|\n|upkeep\n|\n|t:|1697249454\n|switch|p1b: Forgive Me|Primarina, F|100\/100\n|turn|3\n|\n|t:|1697249510\n|move|p2a: eric gyat reveal|Tailwind|p2a: eric gyat reveal\n|-sidestart|p2: RJsInfinite|move: Tailwind\n|move|p2b: lean|Will-O-Wisp|p1b: Forgive Me\n|-status|p1b: Forgive Me|brn\n|move|p1a: Wut|Draining Kiss|p2b: lean\n|-supereffective|p2b: lean\n|-damage|p2b: lean|63\/100\n|move|p1b: Forgive Me|Hyper Voice|p2a: eric gyat reveal|[spread] p2a,p2b\n|-supereffective|p2a: eric gyat reveal\n|-damage|p2a: eric gyat reveal|0 fnt\n|-damage|p2b: lean|8\/100\n|-enditem|p2b: lean|Aguav Berry|[eat]\n|-heal|p2b: lean|42\/100|[from] item: Aguav Berry\n|faint|p2a: eric gyat reveal\n|\n|-damage|p1b: Forgive Me|94\/100 brn|[from] brn\n|upkeep\n|\n|t:|1697249528\n|switch|p2a: Incineroar|Incineroar, M|59\/100\n|-ability|p2a: Incineroar|Intimidate|boost\n|-unboost|p1a: Wut|atk|1\n|-unboost|p1b: Forgive Me|atk|1\n|turn|4\n|\n|t:|1697249554\n|-terastallize|p2a: Incineroar|Fire\n|move|p2b: lean|Recover|p2b: lean\n|-heal|p2b: lean|92\/100\n|move|p2a: Incineroar|Flare Blitz|p1b: Forgive Me\n|-resisted|p1b: Forgive Me\n|-damage|p1b: Forgive Me|70\/100 brn\n|-damage|p2a: Incineroar|52\/100|[from] Recoil\n|move|p1a: Wut|Draining Kiss|p2b: lean\n|-supereffective|p2b: lean\n|-damage|p2b: lean|58\/100\n|move|p1b: Forgive Me|Hyper Voice|p2b: lean|[spread] p2a,p2b\n|-supereffective|p2a: Incineroar\n|-damage|p2a: Incineroar|0 fnt\n|-damage|p2b: lean|5\/100\n|faint|p2a: Incineroar\n|\n|-damage|p1b: Forgive Me|64\/100 brn|[from] brn\n|upkeep\n|\n|t:|1697249590\n|switch|p2a: Van Himilton|Eelektross, F|100\/100\n|turn|5\n|\n|t:|1697249626\n|move|p2b: lean|Fake Out||[still]\n|-hint|Fake Out only works on your first turn out.\n|-fail|p2b: lean\n|move|p1a: Wut|Reflect||[still]\n|-fail|p1a: Wut\n|move|p2a: Van Himilton|Volt Switch|p1b: Forgive Me\n|-supereffective|p1b: Forgive Me\n|-damage|p1b: Forgive Me|24\/100 brn\n|\n|t:|1697249638\n|switch|p2a: Yujiro Hanma|Tyranitar, M|100\/100|[from] Volt Switch\n|-weather|Sandstorm|[from] ability: Sand Stream|[of] p2a: Yujiro Hanma\n|move|p1b: Forgive Me|Moonblast|p2b: lean\n|-supereffective|p2b: lean\n|-damage|p2b: lean|0 fnt\n|faint|p2b: lean\n|\n|-weather|Sandstorm|[upkeep]\n|-damage|p1b: Forgive Me|18\/100 brn|[from] Sandstorm\n|-damage|p1b: Forgive Me|12\/100 brn|[from] brn\n|upkeep\n|\n|t:|1697249652\n|switch|p2b: Van Himilton|Eelektross, F|100\/100\n|turn|6\n|\n|t:|1697249700\n|switch|p1b: The Sun|Whimsicott, M|100\/100\n|move|p1a: Wut|Light Screen||[still]\n|-fail|p1a: Wut\n|move|p2a: Yujiro Hanma|Dragon Dance|p2a: Yujiro Hanma\n|-boost|p2a: Yujiro Hanma|atk|1\n|-boost|p2a: Yujiro Hanma|spe|1\n|move|p2b: Van Himilton|Volt Switch|p1b: The Sun\n|-resisted|p1b: The Sun\n|-damage|p1b: The Sun|83\/100\n|\n|t:|1697249713\n|switch|p2b: Greninja|Greninja, M|100\/100|[from] Volt Switch\n|\n|-weather|Sandstorm|[upkeep]\n|-damage|p2b: Greninja|95\/100|[from] Sandstorm\n|-damage|p1b: The Sun|77\/100|[from] Sandstorm\n|-sideend|p2: RJsInfinite|move: Tailwind\n|upkeep\n|turn|7\n|\n|t:|1697249795\n|move|p2b: Greninja|Protect|p2b: Greninja\n|-start|p2b: Greninja|typechange|Normal|[from] ability: Protean\n|-singleturn|p2b: Greninja|Protect\n|move|p1a: Wut|Reflect||[still]\n|-fail|p1a: Wut\n|move|p1b: The Sun|Moonblast|p2a: Yujiro Hanma\n|-supereffective|p2a: Yujiro Hanma\n|-damage|p2a: Yujiro Hanma|60\/100\n|move|p2a: Yujiro Hanma|Rock Slide|p1a: Wut|[spread] p1a,p1b\n|-resisted|p1a: Wut\n|-damage|p1a: Wut|85\/100\n|-damage|p1b: The Sun|30\/100\n|\n|-weather|Sandstorm|[upkeep]\n|-damage|p2b: Greninja|89\/100|[from] Sandstorm\n|-damage|p1b: The Sun|24\/100|[from] Sandstorm\n|upkeep\n|turn|8\n|\n|t:|1697249853\n|switch|p2b: Van Himilton|Eelektross, F|100\/100\n|move|p1b: The Sun|Tailwind|p1b: The Sun\n|-sidestart|p1: Seaking_cat|move: Tailwind\n|move|p1a: Wut|Draining Kiss|p2a: Yujiro Hanma\n|-supereffective|p2a: Yujiro Hanma\n|-damage|p2a: Yujiro Hanma|45\/100\n|-heal|p1a: Wut|99\/100|[from] drain|[of] p2a: Yujiro Hanma\n|move|p2a: Yujiro Hanma|Rock Slide|p1a: Wut|[spread] p1a,p1b\n|-resisted|p1a: Wut\n|-damage|p1a: Wut|83\/100\n|-damage|p1b: The Sun|0 fnt\n|faint|p1b: The Sun\n|\n|-weather|Sandstorm|[upkeep]\n|-damage|p2b: Van Himilton|94\/100|[from] Sandstorm\n|-sideend|p1: Seaking_cat|Reflect\n|upkeep\n|\n|t:|1697249867\n|switch|p1b: Nyoom|Meowscarada, M|100\/100\n|turn|9\n|\n|t:|1697249902\n|move|p1a: Wut|Light Screen||[still]\n|-fail|p1a: Wut\n|move|p1b: Nyoom|U-turn|p2a: Yujiro Hanma\n|-start|p1b: Nyoom|typechange|Bug|[from] ability: Protean\n|-supereffective|p2a: Yujiro Hanma\n|-damage|p2a: Yujiro Hanma|0 fnt\n|faint|p2a: Yujiro Hanma\n|-damage|p1b: Nyoom|91\/100|[from] item: Life Orb\n|\n|t:|1697249927\n|switch|p1b: Britney Spears|Glimmora, F|100\/100|[from] U-turn\n|move|p2b: Van Himilton|Flamethrower|p1b: Britney Spears\n|-resisted|p1b: Britney Spears\n|-damage|p1b: Britney Spears|91\/100\n|\n|-weather|none\n|-heal|p1b: Britney Spears|98\/100|[from] item: Black Sludge\n|-sideend|p1: Seaking_cat|move: Light Screen\n|upkeep\n|\n|t:|1697249936\n|switch|p2a: Greninja|Greninja, M|89\/100\n|turn|10\n|\n|t:|1697249984\n|move|p1a: Wut|Reflect|p1a: Wut\n|-sidestart|p1: Seaking_cat|Reflect\n|move|p1b: Britney Spears|Gunk Shot|p2a: Greninja\n|-damage|p2a: Greninja|42\/100\n|-status|p2a: Greninja|psn\n|move|p2a: Greninja|Low Kick|p1b: Britney Spears\n|-start|p2a: Greninja|typechange|Fighting|[from] ability: Protean\n|-damage|p1b: Britney Spears|75\/100\n|-activate|p1b: Britney Spears|ability: Toxic Debris\n|-sidestart|p2: RJsInfinite|move: Toxic Spikes\n|-damage|p2a: Greninja|32\/100 psn|[from] item: Life Orb\n|move|p2b: Van Himilton|Giga Drain|p1b: Britney Spears\n|-damage|p1b: Britney Spears|37\/100\n|-heal|p2b: Van Himilton|100\/100|[from] drain|[of] p1b: Britney Spears\n|\n|-heal|p1b: Britney Spears|43\/100|[from] item: Black Sludge\n|-damage|p2a: Greninja|20\/100 psn|[from] psn\n|upkeep\n|turn|11\n|\n|t:|1697250035\n|move|p1a: Wut|Light Screen|p1a: Wut\n|-sidestart|p1: Seaking_cat|move: Light Screen\n|move|p1b: Britney Spears|Gunk Shot|p2b: Van Himilton\n|-damage|p2b: Van Himilton|70\/100\n|-status|p2b: Van Himilton|psn\n|move|p2a: Greninja|Rock Slide|p1a: Wut|[spread] p1b\n|-miss|p2a: Greninja|p1a: Wut\n|-damage|p1b: Britney Spears|29\/100\n|-activate|p1b: Britney Spears|ability: Toxic Debris\n|-sidestart|p2: RJsInfinite|move: Toxic Spikes\n|-damage|p2a: Greninja|10\/100 psn|[from] item: Life Orb\n|move|p2b: Van Himilton|Giga Drain|p1b: Britney Spears\n|-damage|p1b: Britney Spears|6\/100\n|-heal|p2b: Van Himilton|79\/100 psn|[from] drain|[of] p1b: Britney Spears\n|\n|-heal|p1b: Britney Spears|12\/100|[from] item: Black Sludge\n|-damage|p2a: Greninja|0 fnt|[from] psn\n|faint|p2a: Greninja\n|-damage|p2b: Van Himilton|67\/100 psn|[from] psn\n|-sideend|p1: Seaking_cat|move: Tailwind\n|upkeep\n|turn|12\n|\n|t:|1697250068\n|move|p1b: Britney Spears|Gunk Shot|p2b: Van Himilton|[miss]\n|-miss|p1b: Britney Spears|p2b: Van Himilton\n|move|p1a: Wut|Foul Play|p2b: Van Himilton\n|-crit|p2b: Van Himilton\n|-damage|p2b: Van Himilton|24\/100 psn\n|move|p2b: Van Himilton|Giga Drain|p1b: Britney Spears\n|-damage|p1b: Britney Spears|0 fnt\n|-heal|p2b: Van Himilton|29\/100 psn|[from] drain|[of] p1b: Britney Spears\n|faint|p1b: Britney Spears\n|\n|-damage|p2b: Van Himilton|17\/100 psn|[from] psn\n|upkeep\n|\n|t:|1697250079\n|switch|p1b: Forgive Me|Primarina, F|12\/100 brn\n|turn|13\n|\n|t:|1697250096\n|move|p1a: Wut|Draining Kiss|p2b: Van Himilton\n|-damage|p2b: Van Himilton|6\/100 psn\n|-heal|p1a: Wut|93\/100|[from] drain|[of] p2b: Van Himilton\n|move|p1b: Forgive Me|Perish Song|p1b: Forgive Me\n|-start|p1a: Wut|perish3|[silent]\n|-start|p1b: Forgive Me|perish3|[silent]\n|-start|p2b: Van Himilton|perish3|[silent]\n|-fieldactivate|move: Perish Song\n|move|p2b: Van Himilton|Volt Switch|p1b: Forgive Me\n|-supereffective|p1b: Forgive Me\n|-damage|p1b: Forgive Me|0 fnt\n|faint|p1b: Forgive Me\n|\n|-damage|p2b: Van Himilton|0 fnt|[from] psn\n|faint|p2b: Van Himilton\n|\n|win|Seaking_cat\n|upkeep\n","uploadtime":1697250107,"views":13,"p1id":"seakingcat","p2id":"rjsinfinite","formatid":"gen9nationaldexdoubles","rating":0,"private":0,"password":""}