{"id":"gen9nationaldexdoubles-1975865032","p1":"R3d_VGC","p2":"jackeylove2002","format":"[Gen 9] National Dex Doubles","log":"|j|\u2606R3d_VGC\n|j|\u2606jackeylove2002\n|t:|1698244885\n|gametype|doubles\n|player|p1|R3d_VGC|lance|1554\n|player|p2|jackeylove2002|1|1397\n|teamsize|p1|6\n|teamsize|p2|6\n|gen|9\n|tier|[Gen 9] National Dex Doubles\n|rated|\n|rule|HP Percentage Mod: HP is shown in percentages\n|rule|Endless Battle Clause: Forcing endless battles is banned\n|rule|OHKO Clause: OHKO moves are banned\n|rule|Evasion Moves Clause: Evasion moves are banned\n|rule|Evasion Abilities Clause: Evasion abilities are banned\n|rule|Species Clause: Limit one of each Pok\u00e9mon\n|rule|Gravity Sleep Clause: The combination of sleep-inducing moves with imperfect accuracy and Gravity or Gigantamax Orbeetle are banned\n|clearpoke\n|poke|p1|Salamence, M|\n|poke|p1|Grimmsnarl, M|\n|poke|p1|Incineroar, M|\n|poke|p1|Skeledirge, M|\n|poke|p1|Rillaboom, M|\n|poke|p1|Samurott-Hisui, M|\n|poke|p2|Flutter Mane|\n|poke|p2|Weezing-Galar, F|\n|poke|p2|Incineroar, M|\n|poke|p2|Iron Hands|\n|poke|p2|Ogerpon-Wellspring, F|\n|poke|p2|Landorus-Therian, M|\n|teampreview\n|inactive|Battle timer is ON: inactive players will automatically lose when time's up. (requested by jackeylove2002)\n|inactive|R3d_VGC has 120 seconds left.\n|inactive|jackeylove2002 has 120 seconds left.\n|\n|t:|1698244927\n|start\n|switch|p1a: Grimmsnarl|Grimmsnarl, M|100\/100\n|switch|p1b: Incineroar|Incineroar, M|100\/100\n|switch|p2a: Weezing|Weezing-Galar, F|100\/100\n|switch|p2b: Incineroar|Incineroar, M, shiny|100\/100\n|-ability|p2a: Weezing|Neutralizing Gas\n|-block|p2b: Incineroar|item: Ability Shield\n|-ability|p2b: Incineroar|Intimidate|boost\n|-unboost|p1a: Grimmsnarl|atk|1\n|-unboost|p1b: Incineroar|atk|1\n|turn|1\n|\n|t:|1698244951\n|move|p1b: Incineroar|Fake Out|p2a: Weezing\n|-damage|p2a: Weezing|92\/100\n|move|p2b: Incineroar|Fake Out|p1a: Grimmsnarl\n|-damage|p1a: Grimmsnarl|87\/100\n|cant|p1a: Grimmsnarl|flinch\n|cant|p2a: Weezing|flinch\n|\n|upkeep\n|turn|2\n|\n|t:|1698244977\n|move|p1b: Incineroar|Parting Shot|p2a: Weezing\n|-unboost|p2a: Weezing|atk|1\n|-unboost|p2a: Weezing|spa|1\n|\n|t:|1698244980\n|switch|p1b: Skeledirge|Skeledirge, M|100\/100|[from] Parting Shot\n|move|p1a: Grimmsnarl|Light Screen|p1a: Grimmsnarl\n|-sidestart|p1: R3d_VGC|move: Light Screen\n|move|p2b: Incineroar|U-turn|p1b: Skeledirge\n|-resisted|p1b: Skeledirge\n|-damage|p1b: Skeledirge|96\/100\n|inactive|jackeylove2002 has 120 seconds left.\n|\n|t:|1698244998\n|switch|p2b: Ogerpon|Ogerpon-Wellspring, F|100\/100|[from] U-turn\n|move|p2a: Weezing|Gunk Shot|p1a: Grimmsnarl\n|-supereffective|p1a: Grimmsnarl\n|-crit|p1a: Grimmsnarl\n|-damage|p1a: Grimmsnarl|0 fnt\n|faint|p1a: Grimmsnarl\n|\n|-heal|p1b: Skeledirge|100\/100|[from] item: Leftovers\n|upkeep\n|\n|t:|1698245012\n|switch|p1a: Incineroar|Incineroar, M|100\/100\n|turn|3\n|\n|t:|1698245024\n|-terastallize|p2b: Ogerpon|Water\n|detailschange|p2b: Ogerpon|Ogerpon-Wellspring-Tera, F, tera:Water\n|move|p2a: Weezing|Protect|p2a: Weezing\n|-singleturn|p2a: Weezing|Protect\n|move|p1a: Incineroar|Fake Out|p2b: Ogerpon\n|-damage|p2b: Ogerpon|87\/100\n|cant|p2b: Ogerpon|flinch\n|move|p1b: Skeledirge|Will-O-Wisp|p2b: Ogerpon\n|-status|p2b: Ogerpon|brn\n|\n|-damage|p2b: Ogerpon|81\/100 brn|[from] brn\n|upkeep\n|turn|4\n|\n|t:|1698245047\n|switch|p1b: Rillaboom|Rillaboom, M|100\/100\n|move|p2b: Ogerpon|Ivy Cudgel|p1a: Incineroar\n|-supereffective|p1a: Incineroar\n|-damage|p1a: Incineroar|33\/100\n|-enditem|p1a: Incineroar|Sitrus Berry|[eat]\n|-heal|p1a: Incineroar|58\/100|[from] item: Sitrus Berry\n|move|p1a: Incineroar|Flare Blitz|p2a: Weezing\n|-damage|p2a: Weezing|42\/100\n|-status|p2a: Weezing|brn\n|-damage|p1a: Incineroar|44\/100|[from] Recoil\n|move|p2a: Weezing|Gunk Shot|p1b: Rillaboom\n|-supereffective|p1b: Rillaboom\n|-damage|p1b: Rillaboom|76\/100\n|-status|p1b: Rillaboom|psn\n|\n|-damage|p1b: Rillaboom|64\/100 psn|[from] psn\n|-damage|p2b: Ogerpon|75\/100 brn|[from] brn\n|-damage|p2a: Weezing|36\/100 brn|[from] brn\n|upkeep\n|turn|5\n|\n|t:|1698245071\n|switch|p2b: Incineroar|Incineroar, M, shiny|100\/100\n|-ability|p2b: Incineroar|Intimidate|boost\n|-unboost|p1a: Incineroar|atk|1\n|-unboost|p1b: Rillaboom|atk|1\n|switch|p1a: Salamence|Salamence, M|100\/100\n|move|p2a: Weezing|Protect|p2a: Weezing\n|-singleturn|p2a: Weezing|Protect\n|move|p1b: Rillaboom|Fake Out|p2a: Weezing\n|-activate|p2a: Weezing|move: Protect\n|\n|-damage|p1b: Rillaboom|51\/100 psn|[from] psn\n|-damage|p2a: Weezing|30\/100 brn|[from] brn\n|upkeep\n|turn|6\n|\n|t:|1698245098\n|switch|p1b: Incineroar|Incineroar, M|44\/100\n|move|p1a: Salamence|Protect|p1a: Salamence\n|-singleturn|p1a: Salamence|Protect\n|move|p2a: Weezing|Will-O-Wisp|p1a: Salamence\n|-activate|p1a: Salamence|move: Protect\n|move|p2b: Incineroar|Flare Blitz|p1b: Incineroar\n|-resisted|p1b: Incineroar\n|-damage|p1b: Incineroar|17\/100\n|-damage|p2b: Incineroar|91\/100|[from] Recoil\n|\n|-damage|p2a: Weezing|23\/100 brn|[from] brn\n|upkeep\n|-enditem|p2a: Weezing|Aguav Berry|[eat]\n|-heal|p2a: Weezing|57\/100 brn|[from] item: Aguav Berry\n|turn|7\n|\n|t:|1698245127\n|switch|p2b: Flutter Mane|Flutter Mane|100\/100\n|detailschange|p1a: Salamence|Salamence-Mega, M\n|-mega|p1a: Salamence|Salamence|Salamencite\n|move|p2a: Weezing|Protect|p2a: Weezing\n|-singleturn|p2a: Weezing|Protect\n|move|p1b: Incineroar|Fake Out|p2a: Weezing\n|-activate|p2a: Weezing|move: Protect\n|move|p1a: Salamence|Dragon Dance|p1a: Salamence\n|-boost|p1a: Salamence|atk|1\n|-boost|p1a: Salamence|spe|1\n|\n|-damage|p2a: Weezing|50\/100 brn|[from] brn\n|upkeep\n|turn|8\n|\n|t:|1698245153\n|move|p1a: Salamence|Double-Edge|p2b: Flutter Mane\n|-immune|p2b: Flutter Mane\n|move|p2b: Flutter Mane|Dazzling Gleam|p1b: Incineroar|[spread] p1a,p1b\n|-supereffective|p1a: Salamence\n|-damage|p1a: Salamence|47\/100\n|-damage|p1b: Incineroar|0 fnt\n|faint|p1b: Incineroar\n|move|p2a: Weezing|Pain Split|p1a: Salamence\n|-sethp|p1a: Salamence|45\/100|[from] move: Pain Split|[silent]\n|-sethp|p2a: Weezing|52\/100 brn|[from] move: Pain Split\n|\n|-damage|p2a: Weezing|46\/100 brn|[from] brn\n|upkeep\n|\n|t:|1698245166\n|switch|p1b: Samurott|Samurott-Hisui, M|100\/100\n|turn|9\n|\n|t:|1698245181\n|-end|p2b: Flutter Mane|Protosynthesis|[silent]\n|switch|p2b: Incineroar|Incineroar, M, shiny|91\/100\n|-ability|p2b: Incineroar|Intimidate|boost\n|-unboost|p1a: Salamence|atk|1\n|-unboost|p1b: Samurott|atk|1\n|move|p1a: Salamence|Roost|p1a: Salamence\n|-heal|p1a: Salamence|95\/100\n|-singleturn|p1a: Salamence|move: Roost\n|move|p1b: Samurott|Aqua Cutter|p2a: Weezing\n|-damage|p2a: Weezing|26\/100 brn\n|move|p2a: Weezing|Will-O-Wisp|p1a: Salamence\n|-status|p1a: Salamence|brn\n|\n|-damage|p1a: Salamence|89\/100 brn|[from] brn\n|-damage|p2a: Weezing|20\/100 brn|[from] brn\n|-sideend|p1: R3d_VGC|move: Light Screen\n|upkeep\n|turn|10\n|\n|t:|1698245206\n|move|p1b: Samurott|Protect|p1b: Samurott\n|-singleturn|p1b: Samurott|Protect\n|move|p2b: Incineroar|Fake Out|p1b: Samurott\n|-activate|p1b: Samurott|move: Protect\n|move|p1a: Salamence|Dragon Dance|p1a: Salamence\n|-boost|p1a: Salamence|atk|1\n|-boost|p1a: Salamence|spe|1\n|move|p2a: Weezing|Pain Split|p1b: Samurott\n|-activate|p1b: Samurott|move: Protect\n|\n|-damage|p1a: Salamence|83\/100 brn|[from] brn\n|-damage|p2a: Weezing|14\/100 brn|[from] brn\n|upkeep\n|turn|11\n|\n|t:|1698245233\n|move|p1a: Salamence|Dragon Dance|p1a: Salamence\n|-boost|p1a: Salamence|atk|1\n|-boost|p1a: Salamence|spe|1\n|move|p1b: Samurott|Aqua Cutter|p2a: Weezing\n|-damage|p2a: Weezing|0 fnt\n|faint|p2a: Weezing\n|-end|p2a: Weezing|ability: Neutralizing Gas\n|-ability|p2b: Incineroar|Intimidate|boost\n|-unboost|p1a: Salamence|atk|1\n|-unboost|p1b: Samurott|atk|1\n|move|p2b: Incineroar|U-turn|p1b: Samurott\n|-supereffective|p1b: Samurott\n|-damage|p1b: Samurott|43\/100\n|inactive|jackeylove2002 has 120 seconds left.\n|\n|t:|1698245244\n|switch|p2b: Landorus|Landorus-Therian, M|100\/100|[from] U-turn\n|-ability|p2b: Landorus|Intimidate|boost\n|-unboost|p1a: Salamence|atk|1\n|-unboost|p1b: Samurott|atk|1\n|\n|-damage|p1a: Salamence|77\/100 brn|[from] brn\n|upkeep\n|inactive|jackeylove2002 has 120 seconds left.\n|\n|t:|1698245250\n|switch|p2a: Incineroar|Incineroar, M, shiny|91\/100\n|-ability|p2a: Incineroar|Intimidate|boost\n|-unboost|p1a: Salamence|atk|1\n|-unboost|p1b: Samurott|atk|1\n|turn|12\n|\n|t:|1698245263\n|switch|p1b: Rillaboom|Rillaboom, M|51\/100 psn\n|-fieldstart|move: Grassy Terrain|[from] ability: Grassy Surge|[of] p1b: Rillaboom\n|move|p1a: Salamence|Protect|p1a: Salamence\n|-singleturn|p1a: Salamence|Protect\n|move|p2a: Incineroar|Fake Out|p1a: Salamence\n|-activate|p1a: Salamence|move: Protect\n|move|p2b: Landorus|Rock Slide|p1b: Rillaboom|[spread] p1b\n|-activate|p1a: Salamence|move: Protect\n|-damage|p1b: Rillaboom|31\/100 psn\n|\n|-heal|p1b: Rillaboom|38\/100 psn|[from] Grassy Terrain\n|-heal|p2a: Incineroar|97\/100|[from] Grassy Terrain\n|-damage|p1b: Rillaboom|25\/100 psn|[from] psn\n|-damage|p1a: Salamence|70\/100 brn|[from] brn\n|upkeep\n|turn|13\n|\n|t:|1698245287\n|move|p1a: Salamence|Dragon Dance|p1a: Salamence\n|-boost|p1a: Salamence|atk|1\n|-boost|p1a: Salamence|spe|1\n|move|p2b: Landorus|Rock Slide|p1a: Salamence|[spread] p1a,p1b\n|-supereffective|p1a: Salamence\n|-damage|p1a: Salamence|39\/100 brn\n|-damage|p1b: Rillaboom|5\/100 psn\n|move|p1b: Rillaboom|Wood Hammer|p2b: Landorus\n|-damage|p2b: Landorus|19\/100\n|-damage|p1b: Rillaboom|0 fnt|[from] Recoil\n|faint|p1b: Rillaboom\n|move|p2a: Incineroar|U-turn|p1a: Salamence\n|-resisted|p1a: Salamence\n|-damage|p1a: Salamence|30\/100 brn\n|\n|t:|1698245301\n|switch|p2a: Iron Hands|Iron Hands|100\/100|[from] U-turn\n|\n|-damage|p1a: Salamence|24\/100 brn|[from] brn\n|upkeep\n|\n|t:|1698245304\n|switch|p1b: Skeledirge|Skeledirge, M|100\/100\n|turn|14\n|\n|t:|1698245317\n|switch|p2b: Incineroar|Incineroar, M, shiny|97\/100\n|-ability|p2b: Incineroar|Intimidate|boost\n|-unboost|p1a: Salamence|atk|1\n|-unboost|p1b: Skeledirge|atk|1\n|-terastallize|p1b: Skeledirge|Fairy\n|move|p1a: Salamence|Protect|p1a: Salamence\n|-singleturn|p1a: Salamence|Protect\n|move|p1b: Skeledirge|Torch Song|p2b: Incineroar\n|-resisted|p2b: Incineroar\n|-damage|p2b: Incineroar|82\/100\n|-boost|p1b: Skeledirge|spa|1\n|move|p2a: Iron Hands|Wild Charge|p1b: Skeledirge\n|-damage|p1b: Skeledirge|56\/100\n|-damage|p2a: Iron Hands|91\/100|[from] Recoil\n|\n|-heal|p1b: Skeledirge|62\/100|[from] Grassy Terrain\n|-heal|p1b: Skeledirge|68\/100|[from] item: Leftovers\n|-heal|p2b: Incineroar|88\/100|[from] Grassy Terrain\n|-heal|p2a: Iron Hands|97\/100|[from] Grassy Terrain\n|-damage|p1a: Salamence|18\/100 brn|[from] brn\n|upkeep\n|turn|15\n|\n|t:|1698245342\n|move|p1a: Salamence|Roost|p1a: Salamence\n|-heal|p1a: Salamence|68\/100 brn\n|-singleturn|p1a: Salamence|move: Roost\n|move|p1b: Skeledirge|Will-O-Wisp|p2a: Iron Hands\n|-status|p2a: Iron Hands|brn\n|move|p2b: Incineroar|U-turn|p1a: Salamence\n|-damage|p1a: Salamence|51\/100 brn\n|\n|t:|1698245350\n|switch|p2b: Landorus|Landorus-Therian, M|19\/100|[from] U-turn\n|-ability|p2b: Landorus|Intimidate|boost\n|-unboost|p1a: Salamence|atk|1\n|-unboost|p1b: Skeledirge|atk|1\n|move|p2a: Iron Hands|Heavy Slam|p1b: Skeledirge\n|-supereffective|p1b: Skeledirge\n|-damage|p1b: Skeledirge|55\/100\n|\n|-heal|p1a: Salamence|57\/100 brn|[from] Grassy Terrain\n|-heal|p1b: Skeledirge|61\/100|[from] Grassy Terrain\n|-heal|p1b: Skeledirge|67\/100|[from] item: Leftovers\n|-heal|p2a: Iron Hands|100\/100 brn|[from] Grassy Terrain\n|-damage|p1a: Salamence|51\/100 brn|[from] brn\n|-damage|p2a: Iron Hands|94\/100 brn|[from] brn\n|upkeep\n|turn|16\n|\n|t:|1698245379\n|move|p1a: Salamence|Double-Edge|p2b: Landorus\n|-damage|p2b: Landorus|0 fnt\n|faint|p2b: Landorus\n|-damage|p1a: Salamence|45\/100 brn|[from] Recoil\n|move|p1b: Skeledirge|Torch Song|p2a: Iron Hands\n|-crit|p2a: Iron Hands\n|-damage|p2a: Iron Hands|53\/100 brn\n|-boost|p1b: Skeledirge|spa|1\n|move|p2a: Iron Hands|Wild Charge|p1a: Salamence\n|-damage|p1a: Salamence|27\/100 brn\n|-damage|p2a: Iron Hands|49\/100 brn|[from] Recoil\n|\n|-heal|p1b: Skeledirge|73\/100|[from] Grassy Terrain\n|-heal|p1b: Skeledirge|79\/100|[from] item: Leftovers\n|-heal|p2a: Iron Hands|55\/100 brn|[from] Grassy Terrain\n|-damage|p1a: Salamence|21\/100 brn|[from] brn\n|-damage|p2a: Iron Hands|49\/100 brn|[from] brn\n|-fieldend|move: Grassy Terrain\n|upkeep\n|inactive|jackeylove2002 has 120 seconds left.\n|\n|t:|1698245401\n|switch|p2b: Incineroar|Incineroar, M, shiny|88\/100\n|-ability|p2b: Incineroar|Intimidate|boost\n|-unboost|p1a: Salamence|atk|1\n|-unboost|p1b: Skeledirge|atk|1\n|turn|17\n|\n|t:|1698245412\n|-end|p2a: Iron Hands|Quark Drive|[silent]\n|switch|p2a: Flutter Mane|Flutter Mane|100\/100\n|move|p1a: Salamence|Roost|p1a: Salamence\n|-heal|p1a: Salamence|71\/100 brn\n|-singleturn|p1a: Salamence|move: Roost\n|move|p1b: Skeledirge|Torch Song|p2a: Flutter Mane\n|-damage|p2a: Flutter Mane|35\/100\n|-boost|p1b: Skeledirge|spa|1\n|move|p2b: Incineroar|Flare Blitz|p1b: Skeledirge\n|-damage|p1b: Skeledirge|29\/100\n|-damage|p2b: Incineroar|70\/100|[from] Recoil\n|\n|-heal|p1b: Skeledirge|35\/100|[from] item: Leftovers\n|-damage|p1a: Salamence|65\/100 brn|[from] brn\n|upkeep\n|turn|18\n|\n|t:|1698245431\n|move|p2b: Incineroar|Fake Out||[still]\n|-hint|Fake Out only works on your first turn out.\n|-fail|p2b: Incineroar\n|move|p1a: Salamence|Double-Edge|p2a: Flutter Mane\n|-damage|p2a: Flutter Mane|11\/100\n|-damage|p1a: Salamence|59\/100 brn|[from] Recoil\n|move|p2a: Flutter Mane|Shadow Ball|p1b: Skeledirge\n|-damage|p1b: Skeledirge|0 fnt\n|faint|p1b: Skeledirge\n|\n|-damage|p1a: Salamence|53\/100 brn|[from] brn\n|upkeep\n|\n|t:|1698245436\n|switch|p1b: Samurott|Samurott-Hisui, M|43\/100\n|turn|19\n|\n|t:|1698245453\n|move|p2a: Flutter Mane|Protect|p2a: Flutter Mane\n|-singleturn|p2a: Flutter Mane|Protect\n|move|p1a: Salamence|Dragon Dance|p1a: Salamence\n|-boost|p1a: Salamence|atk|1\n|-boost|p1a: Salamence|spe|1\n|move|p1b: Samurott|Aqua Cutter|p2b: Incineroar\n|-supereffective|p2b: Incineroar\n|-damage|p2b: Incineroar|0 fnt\n|faint|p2b: Incineroar\n|\n|-damage|p1a: Salamence|47\/100 brn|[from] brn\n|upkeep\n|inactive|jackeylove2002 has 120 seconds left.\n|\n|t:|1698245474\n|switch|p2b: Iron Hands|Iron Hands|49\/100 brn\n|turn|20\n|\n|t:|1698245481\n|move|p1a: Salamence|Protect|p1a: Salamence\n|-singleturn|p1a: Salamence|Protect\n|move|p1b: Samurott|Protect|p1b: Samurott\n|-singleturn|p1b: Samurott|Protect\n|move|p2b: Iron Hands|Fake Out|p1b: Samurott\n|-activate|p1b: Samurott|move: Protect\n|move|p2a: Flutter Mane|Dazzling Gleam|p1b: Samurott|[spread] \n|-activate|p1a: Salamence|move: Protect\n|-activate|p1b: Samurott|move: Protect\n|\n|-damage|p1a: Salamence|41\/100 brn|[from] brn\n|-damage|p2b: Iron Hands|43\/100 brn|[from] brn\n|upkeep\n|turn|21\n|\n|t:|1698245498\n|move|p1a: Salamence|Double-Edge|p2a: Flutter Mane\n|-damage|p2a: Flutter Mane|0 fnt\n|faint|p2a: Flutter Mane\n|-end|p2a: Flutter Mane|Protosynthesis|[silent]\n|-damage|p1a: Salamence|38\/100 brn|[from] Recoil\n|move|p1b: Samurott|Aqua Cutter|p2b: Iron Hands\n|-damage|p2b: Iron Hands|10\/100 brn\n|move|p2b: Iron Hands|Wild Charge|p1b: Samurott\n|-supereffective|p1b: Samurott\n|-damage|p1b: Samurott|0 fnt\n|faint|p1b: Samurott\n|-damage|p2b: Iron Hands|3\/100 brn|[from] Recoil\n|\n|-damage|p1a: Salamence|32\/100 brn|[from] brn\n|-damage|p2b: Iron Hands|0 fnt|[from] brn\n|faint|p2b: Iron Hands\n|-end|p2b: Iron Hands|Quark Drive|[silent]\n|upkeep\n|\n|t:|1698245517\n|switch|p2b: Ogerpon|Ogerpon-Wellspring-Tera, F, tera:Water|75\/100 brn\n|-ability|p2b: Ogerpon|Embody Aspect (Wellspring)|boost\n|-boost|p2b: Ogerpon|spd|1\n|turn|22\n|\n|t:|1698245524\n|move|p1a: Salamence|Roost|p1a: Salamence\n|-heal|p1a: Salamence|82\/100 brn\n|-singleturn|p1a: Salamence|move: Roost\n|move|p2b: Ogerpon|Leech Seed|p1a: Salamence\n|-start|p1a: Salamence|move: Leech Seed\n|\n|-damage|p1a: Salamence|70\/100 brn|[from] Leech Seed|[of] p2b: Ogerpon\n|-heal|p2b: Ogerpon|88\/100 brn|[silent]\n|-damage|p1a: Salamence|64\/100 brn|[from] brn\n|-damage|p2b: Ogerpon|82\/100 brn|[from] brn\n|upkeep\n|turn|23\n|\n|t:|1698245538\n|move|p1a: Salamence|Dragon Dance|p1a: Salamence\n|-boost|p1a: Salamence|atk|1\n|-boost|p1a: Salamence|spe|1\n|move|p2b: Ogerpon|Ivy Cudgel|p1a: Salamence\n|-resisted|p1a: Salamence\n|-damage|p1a: Salamence|49\/100 brn\n|\n|-damage|p1a: Salamence|36\/100 brn|[from] Leech Seed|[of] p2b: Ogerpon\n|-heal|p2b: Ogerpon|96\/100 brn|[silent]\n|-damage|p1a: Salamence|30\/100 brn|[from] brn\n|-damage|p2b: Ogerpon|90\/100 brn|[from] brn\n|upkeep\n|turn|24\n|\n|t:|1698245549\n|move|p1a: Salamence|Roost|p1a: Salamence\n|-heal|p1a: Salamence|80\/100 brn\n|-singleturn|p1a: Salamence|move: Roost\n|move|p2b: Ogerpon|Ivy Cudgel|p1a: Salamence\n|-resisted|p1a: Salamence\n|-damage|p1a: Salamence|66\/100 brn\n|\n|-damage|p1a: Salamence|54\/100 brn|[from] Leech Seed|[of] p2b: Ogerpon\n|-heal|p2b: Ogerpon|100\/100 brn|[silent]\n|-damage|p1a: Salamence|48\/100 brn|[from] brn\n|-damage|p2b: Ogerpon|94\/100 brn|[from] brn\n|upkeep\n|turn|25\n|\n|t:|1698245565\n|move|p1a: Salamence|Roost|p1a: Salamence\n|-heal|p1a: Salamence|98\/100 brn\n|-singleturn|p1a: Salamence|move: Roost\n|move|p2b: Ogerpon|Ivy Cudgel|p1a: Salamence\n|-resisted|p1a: Salamence\n|-crit|p1a: Salamence\n|-damage|p1a: Salamence|77\/100 brn\n|\n|-damage|p1a: Salamence|64\/100 brn|[from] Leech Seed|[of] p2b: Ogerpon\n|-heal|p2b: Ogerpon|100\/100 brn|[silent]\n|-damage|p1a: Salamence|58\/100 brn|[from] brn\n|-damage|p2b: Ogerpon|94\/100 brn|[from] brn\n|upkeep\n|turn|26\n|\n|t:|1698245577\n|move|p1a: Salamence|Dragon Dance|p1a: Salamence\n|-boost|p1a: Salamence|atk|1\n|-boost|p1a: Salamence|spe|0\n|move|p2b: Ogerpon|Ivy Cudgel|p1a: Salamence\n|-resisted|p1a: Salamence\n|-damage|p1a: Salamence|44\/100 brn\n|\n|-damage|p1a: Salamence|32\/100 brn|[from] Leech Seed|[of] p2b: Ogerpon\n|-heal|p2b: Ogerpon|100\/100 brn|[silent]\n|-damage|p1a: Salamence|26\/100 brn|[from] brn\n|-damage|p2b: Ogerpon|94\/100 brn|[from] brn\n|upkeep\n|turn|27\n|\n|t:|1698245588\n|move|p1a: Salamence|Roost|p1a: Salamence\n|-heal|p1a: Salamence|76\/100 brn\n|-singleturn|p1a: Salamence|move: Roost\n|move|p2b: Ogerpon|Ivy Cudgel|p1a: Salamence\n|-resisted|p1a: Salamence\n|-crit|p1a: Salamence\n|-damage|p1a: Salamence|54\/100 brn\n|\n|-damage|p1a: Salamence|42\/100 brn|[from] Leech Seed|[of] p2b: Ogerpon\n|-heal|p2b: Ogerpon|100\/100 brn|[silent]\n|-damage|p1a: Salamence|36\/100 brn|[from] brn\n|-damage|p2b: Ogerpon|94\/100 brn|[from] brn\n|upkeep\n|turn|28\n|\n|t:|1698245609\n|move|p1a: Salamence|Roost|p1a: Salamence\n|-heal|p1a: Salamence|86\/100 brn\n|-singleturn|p1a: Salamence|move: Roost\n|move|p2b: Ogerpon|Ivy Cudgel|p1a: Salamence\n|-resisted|p1a: Salamence\n|-damage|p1a: Salamence|72\/100 brn\n|\n|-damage|p1a: Salamence|59\/100 brn|[from] Leech Seed|[of] p2b: Ogerpon\n|-heal|p2b: Ogerpon|100\/100 brn|[silent]\n|-damage|p1a: Salamence|53\/100 brn|[from] brn\n|-damage|p2b: Ogerpon|94\/100 brn|[from] brn\n|upkeep\n|turn|29\n|\n|t:|1698245619\n|move|p1a: Salamence|Dragon Dance|p1a: Salamence\n|-boost|p1a: Salamence|atk|1\n|-boost|p1a: Salamence|spe|0\n|move|p2b: Ogerpon|Ivy Cudgel|p1a: Salamence\n|-resisted|p1a: Salamence\n|-damage|p1a: Salamence|40\/100 brn\n|\n|-damage|p1a: Salamence|28\/100 brn|[from] Leech Seed|[of] p2b: Ogerpon\n|-heal|p2b: Ogerpon|100\/100 brn|[silent]\n|-damage|p1a: Salamence|22\/100 brn|[from] brn\n|-damage|p2b: Ogerpon|94\/100 brn|[from] brn\n|upkeep\n|turn|30\n|\n|t:|1698245629\n|move|p1a: Salamence|Double-Edge|p2b: Ogerpon\n|-damage|p2b: Ogerpon|35\/100 brn\n|-damage|p1a: Salamence|4\/100 brn|[from] Recoil\n|move|p2b: Ogerpon|Ivy Cudgel|p1a: Salamence\n|-resisted|p1a: Salamence\n|-damage|p1a: Salamence|0 fnt\n|faint|p1a: Salamence\n|\n|win|jackeylove2002\n|raw|R3d_VGC's rating: 1554 &rarr; <strong>1526<\/strong><br \/>(-28 for losing)\n|raw|jackeylove2002's rating: 1397 &rarr; <strong>1425<\/strong><br \/>(+28 for winning)\n|l|\u2606R3d_VGC\n|c|\u2606jackeylove2002|wawa\n","uploadtime":1698245643,"views":7,"p1id":"r3dvgc","p2id":"jackeylove2002","formatid":"gen9nationaldexdoubles","rating":1425,"private":0,"password":""}