{"id":"gen9nationaldexdoubles-1982040438","p1":"Elite_Ninja6","p2":"Beyond Subzero","format":"[Gen 9] National Dex Doubles","log":"|j|\u2606Elite_Ninja6\n|j|\u2606Beyond Subzero\n|t:|1698962026\n|gametype|doubles\n|player|p1|Elite_Ninja6|shadowtriad|1307\n|player|p2|Beyond Subzero|bruno|1348\n|teamsize|p1|6\n|teamsize|p2|6\n|gen|9\n|tier|[Gen 9] National Dex Doubles\n|rated|\n|rule|HP Percentage Mod: HP is shown in percentages\n|rule|Endless Battle Clause: Forcing endless battles is banned\n|rule|OHKO Clause: OHKO moves are banned\n|rule|Evasion Moves Clause: Evasion moves are banned\n|rule|Evasion Abilities Clause: Evasion abilities are banned\n|rule|Species Clause: Limit one of each Pok\u00e9mon\n|rule|Gravity Sleep Clause: The combination of sleep-inducing moves with imperfect accuracy and Gravity or Gigantamax Orbeetle are banned\n|clearpoke\n|poke|p1|Kartana|\n|poke|p1|Kangaskhan, F|\n|poke|p1|Zygarde|\n|poke|p1|Rillaboom, F|\n|poke|p1|Zamazenta-*|\n|poke|p1|Kingambit, F|\n|poke|p2|Kingambit, F|\n|poke|p2|Marshadow|\n|poke|p2|Volcanion|\n|poke|p2|Salamence, F|\n|poke|p2|Rillaboom, F|\n|poke|p2|Whimsicott, F|\n|teampreview\n|inactive|Battle timer is ON: inactive players will automatically lose when time's up. (requested by Beyond Subzero)\n|c|\u2606Beyond Subzero|glhf\n|\n|t:|1698962044\n|start\n|switch|p1a: Kartana|Kartana, shiny|100\/100\n|switch|p1b: Kangaskhan|Kangaskhan, F, shiny|100\/100\n|switch|p2a: Volcanion|Volcanion|100\/100\n|switch|p2b: Marshadow|Marshadow|100\/100\n|turn|1\n|\n|t:|1698962070\n|detailschange|p1b: Kangaskhan|Kangaskhan-Mega, F, shiny\n|-mega|p1b: Kangaskhan|Kangaskhan|Kangaskhanite\n|move|p1b: Kangaskhan|Fake Out|p2a: Volcanion\n|-damage|p2a: Volcanion|84\/100\n|-damage|p2a: Volcanion|80\/100\n|-hitcount|p2a: Volcanion|2\n|-zpower|p2b: Marshadow\n|move|p2b: Marshadow|Soul-Stealing 7-Star Strike|p1a: Kartana|[zeffect]\n|-damage|p1a: Kartana|0 fnt\n|faint|p1a: Kartana\n|cant|p2a: Volcanion|flinch\n|\n|upkeep\n|inactive|Elite_Ninja6 has 120 seconds left.\n|\n|t:|1698962090\n|switch|p1a: Rillaboom|Rillaboom, F, shiny|100\/100\n|-fieldstart|move: Grassy Terrain|[from] ability: Grassy Surge|[of] p1a: Rillaboom\n|turn|2\n|\n|t:|1698962102\n|move|p1a: Rillaboom|Fake Out|p2a: Volcanion\n|-damage|p2a: Volcanion|70\/100\n|move|p1b: Kangaskhan|Sucker Punch|p2b: Marshadow\n|-damage|p2b: Marshadow|68\/100\n|-damage|p2b: Marshadow|61\/100\n|-hitcount|p2b: Marshadow|2\n|move|p2b: Marshadow|Close Combat|p1b: Kangaskhan\n|-supereffective|p1b: Kangaskhan\n|-crit|p1b: Kangaskhan\n|-damage|p1b: Kangaskhan|0 fnt\n|-unboost|p2b: Marshadow|def|1\n|-unboost|p2b: Marshadow|spd|1\n|faint|p1b: Kangaskhan\n|cant|p2a: Volcanion|flinch\n|\n|-heal|p2b: Marshadow|67\/100|[from] Grassy Terrain\n|-heal|p2a: Volcanion|77\/100|[from] Grassy Terrain\n|upkeep\n|inactive|Elite_Ninja6 has 120 seconds left.\n|\n|t:|1698962118\n|switch|p1b: Kingambit|Kingambit, F, shiny|100\/100\n|turn|3\n|\n|t:|1698962129\n|move|p2b: Marshadow|Protect|p2b: Marshadow\n|-singleturn|p2b: Marshadow|Protect\n|move|p1b: Kingambit|Protect|p1b: Kingambit\n|-singleturn|p1b: Kingambit|Protect\n|move|p1a: Rillaboom|Wood Hammer|p2b: Marshadow\n|-activate|p2b: Marshadow|move: Protect\n|move|p2a: Volcanion|Heat Wave|p1a: Rillaboom|[spread] p1a\n|-activate|p1b: Kingambit|move: Protect\n|-supereffective|p1a: Rillaboom\n|-damage|p1a: Rillaboom|57\/100\n|\n|-heal|p2b: Marshadow|74\/100|[from] Grassy Terrain\n|-heal|p1a: Rillaboom|63\/100|[from] Grassy Terrain\n|-heal|p2a: Volcanion|83\/100|[from] Grassy Terrain\n|upkeep\n|turn|4\n|\n|t:|1698962149\n|move|p2b: Marshadow|Close Combat|p1a: Rillaboom\n|-damage|p1a: Rillaboom|13\/100\n|-unboost|p2b: Marshadow|def|1\n|-unboost|p2b: Marshadow|spd|1\n|move|p1a: Rillaboom|Wood Hammer|p2b: Marshadow\n|-damage|p2b: Marshadow|0 fnt\n|faint|p2b: Marshadow\n|-damage|p1a: Rillaboom|0 fnt|[from] Recoil\n|faint|p1a: Rillaboom\n|move|p2a: Volcanion|Heat Wave|p1b: Kingambit\n|-supereffective|p1b: Kingambit\n|-damage|p1b: Kingambit|8\/100\n|move|p1b: Kingambit|Swords Dance|p1b: Kingambit\n|-boost|p1b: Kingambit|atk|2\n|\n|-heal|p2a: Volcanion|89\/100|[from] Grassy Terrain\n|-heal|p1b: Kingambit|14\/100|[from] Grassy Terrain\n|upkeep\n|\n|t:|1698962168\n|switch|p2b: Rillaboom|Rillaboom, F|100\/100\n|switch|p1a: Zamazenta|Zamazenta|100\/100\n|-ability|p1a: Zamazenta|Dauntless Shield|boost\n|-boost|p1a: Zamazenta|def|1\n|turn|5\n|\n|t:|1698962176\n|move|p1b: Kingambit|Protect|p1b: Kingambit\n|-singleturn|p1b: Kingambit|Protect\n|move|p2b: Rillaboom|Fake Out|p1b: Kingambit\n|-activate|p1b: Kingambit|move: Protect\n|move|p1a: Zamazenta|Coaching|p1b: Kingambit\n|-boost|p1b: Kingambit|atk|1\n|-boost|p1b: Kingambit|def|1\n|move|p2a: Volcanion|Steam Eruption|p1a: Zamazenta\n|-damage|p1a: Zamazenta|60\/100\n|\n|-heal|p1a: Zamazenta|66\/100|[from] Grassy Terrain\n|-heal|p2a: Volcanion|95\/100|[from] Grassy Terrain\n|-heal|p1b: Kingambit|20\/100|[from] Grassy Terrain\n|upkeep\n|turn|6\n|\n|t:|1698962205\n|move|p1b: Kingambit|Sucker Punch|p2a: Volcanion\n|-damage|p2a: Volcanion|0 fnt\n|faint|p2a: Volcanion\n|move|p1a: Zamazenta|Body Press|p2b: Rillaboom\n|-damage|p2b: Rillaboom|57\/100\n|move|p2b: Rillaboom|Wood Hammer|p1b: Kingambit\n|-resisted|p1b: Kingambit\n|-damage|p1b: Kingambit|0 fnt\n|faint|p1b: Kingambit\n|-damage|p2b: Rillaboom|50\/100|[from] Recoil\n|\n|-heal|p1a: Zamazenta|72\/100|[from] Grassy Terrain\n|-heal|p2b: Rillaboom|56\/100|[from] Grassy Terrain\n|-fieldend|move: Grassy Terrain\n|upkeep\n|\n|t:|1698962224\n|switch|p2a: Salamence|Salamence, F|100\/100\n|switch|p1b: Zygarde|Zygarde, shiny|100\/100\n|-ability|p2a: Salamence|Intimidate|boost\n|-unboost|p1a: Zamazenta|atk|1\n|-fail|p1b: Zygarde|unboost|[from] item: Clear Amulet|[of] p1b: Zygarde\n|-ability|p1b: Zygarde|Aura Break\n|turn|7\n|\n|t:|1698962241\n|detailschange|p2a: Salamence|Salamence-Mega, F\n|-mega|p2a: Salamence|Salamence|Salamencite\n|-terastallize|p1b: Zygarde|Fire\n|-terastallize|p2b: Rillaboom|Grass\n|move|p1a: Zamazenta|Coaching|p1b: Zygarde\n|-boost|p1b: Zygarde|atk|1\n|-boost|p1b: Zygarde|def|1\n|move|p2a: Salamence|Double-Edge|p1a: Zamazenta\n|-supereffective|p1a: Zamazenta\n|-damage|p1a: Zamazenta|0 fnt\n|faint|p1a: Zamazenta\n|-damage|p2a: Salamence|73\/100|[from] Recoil\n|move|p1b: Zygarde|Dragon Dance|p1b: Zygarde\n|-boost|p1b: Zygarde|atk|1\n|-boost|p1b: Zygarde|spe|1\n|move|p2b: Rillaboom|Wood Hammer|p1b: Zygarde\n|-resisted|p1b: Zygarde\n|-damage|p1b: Zygarde|78\/100\n|-damage|p2b: Rillaboom|50\/100|[from] Recoil\n|\n|upkeep\n|turn|8\n|\n|t:|1698962261\n|move|p1b: Zygarde|Thousand Arrows|p2b: Rillaboom|[spread] p2a,p2b\n|-resisted|p2b: Rillaboom\n|-damage|p2a: Salamence|18\/100\n|-damage|p2b: Rillaboom|20\/100\n|-start|p2a: Salamence|Smack Down\n|move|p2a: Salamence|Double-Edge|p1b: Zygarde\n|-damage|p1b: Zygarde|39\/100\n|-damage|p2a: Salamence|3\/100|[from] Recoil\n|move|p2b: Rillaboom|U-turn|p1b: Zygarde\n|-resisted|p1b: Zygarde\n|-damage|p1b: Zygarde|31\/100\n|\n|t:|1698962271\n|switch|p2b: Kingambit|Kingambit, F, shiny|100\/100|[from] U-turn\n|\n|upkeep\n|turn|9\n|\n|t:|1698962286\n|move|p1b: Zygarde|Protect|p1b: Zygarde\n|-singleturn|p1b: Zygarde|Protect\n|move|p2b: Kingambit|Sucker Punch||[still]\n|-fail|p2b: Kingambit\n|move|p2a: Salamence|Hyper Voice|p1b: Zygarde\n|-activate|p1b: Zygarde|move: Protect\n|\n|upkeep\n|turn|10\n|\n|t:|1698962297\n|move|p2b: Kingambit|Sucker Punch|p1b: Zygarde\n|-damage|p1b: Zygarde|6\/100\n|move|p1b: Zygarde|Thousand Arrows|p2b: Kingambit|[spread] p2a,p2b\n|-supereffective|p2b: Kingambit\n|-damage|p2a: Salamence|0 fnt\n|-damage|p2b: Kingambit|5\/100\n|faint|p2a: Salamence\n|\n|upkeep\n|\n|t:|1698962304\n|switch|p2a: Rillaboom|Rillaboom, F, tera:Grass|20\/100\n|-fieldstart|move: Grassy Terrain|[from] ability: Grassy Surge|[of] p2a: Rillaboom\n|turn|11\n|\n|t:|1698962311\n|move|p1b: Zygarde|Protect|p1b: Zygarde\n|-singleturn|p1b: Zygarde|Protect\n|move|p2a: Rillaboom|Fake Out|p1b: Zygarde\n|-activate|p1b: Zygarde|move: Protect\n|move|p2b: Kingambit|Swords Dance|p2b: Kingambit\n|-boost|p2b: Kingambit|atk|2\n|\n|-heal|p1b: Zygarde|12\/100|[from] Grassy Terrain\n|-heal|p2a: Rillaboom|26\/100|[from] Grassy Terrain\n|-heal|p2b: Kingambit|11\/100|[from] Grassy Terrain\n|upkeep\n|turn|12\n|c|\u2606Beyond Subzero|ggs\n|\n|t:|1698962326\n|move|p1b: Zygarde|Extreme Speed|p2b: Kingambit\n|-resisted|p2b: Kingambit\n|-damage|p2b: Kingambit|0 fnt\n|faint|p2b: Kingambit\n|move|p2a: Rillaboom|Grassy Glide|p1b: Zygarde\n|-resisted|p1b: Zygarde\n|-damage|p1b: Zygarde|0 fnt\n|faint|p1b: Zygarde\n|\n|win|Beyond Subzero\n|raw|Elite_Ninja6's rating: 1307 &rarr; <strong>1289<\/strong><br \/>(-18 for losing)\n|raw|Beyond Subzero's rating: 1348 &rarr; <strong>1366<\/strong><br \/>(+18 for winning)\n|c|\u2606Elite_Ninja6|gg\n|l|\u2606Elite_Ninja6\n","uploadtime":1698962345,"views":4,"p1id":"eliteninja6","p2id":"beyondsubzero","formatid":"gen9nationaldexdoubles","rating":1289,"private":0,"password":""}