{"id":"gen9nationaldexdoubles-1954873472","p1":"trainerredtheog_17","p2":"MageDream\/UHE","format":"[Gen 9] National Dex Doubles","log":"|j|\u2606trainerredtheog_17\n|j|\u2606MageDream\/UHE\n|t:|1695933007\n|gametype|doubles\n|player|p1|trainerredtheog_17|fisherman-gen4|1326\n|player|p2|MageDream\/UHE|chuck|1227\n|teamsize|p1|6\n|teamsize|p2|6\n|gen|9\n|tier|[Gen 9] National Dex Doubles\n|rated|\n|rule|HP Percentage Mod: HP is shown in percentages\n|rule|Endless Battle Clause: Forcing endless battles is banned\n|rule|OHKO Clause: OHKO moves are banned\n|rule|Evasion Moves Clause: Evasion moves are banned\n|rule|Evasion Abilities Clause: Evasion abilities are banned\n|rule|Species Clause: Limit one of each Pok\u00e9mon\n|rule|Gravity Sleep Clause: The combination of sleep-inducing moves with imperfect accuracy and Gravity or Gigantamax Orbeetle are banned\n|clearpoke\n|poke|p1|Espeon, F|\n|poke|p1|Indeedee-F, F|\n|poke|p1|Ninetales, F|\n|poke|p1|Leafeon, F|\n|poke|p1|Ursaluna-Bloodmoon, M|\n|poke|p1|Dragonite, F|\n|poke|p2|Grafaiai, M|\n|poke|p2|Lilligant-Hisui, F|\n|poke|p2|Hawlucha, F|\n|poke|p2|Gothitelle, M|\n|poke|p2|Kleavor, F|\n|poke|p2|Gardevoir, M|\n|teampreview\n|\n|t:|1695933039\n|start\n|switch|p1a: Ninetales|Ninetales, F|100\/100\n|switch|p1b: Leafeon|Leafeon, F|100\/100\n|switch|p2a: Kleavor|Kleavor, F|100\/100\n|switch|p2b: Gardevoir|Gardevoir, M|100\/100\n|-weather|SunnyDay|[from] ability: Drought|[of] p1a: Ninetales\n|-ability|p2b: Gardevoir|Chlorophyll|[from] ability: Trace|[of] p1b: Leafeon\n|turn|1\n|inactive|Battle timer is ON: inactive players will automatically lose when time's up. (requested by trainerredtheog_17)\n|\n|t:|1695933069\n|-terastallize|p1a: Ninetales|Fire\n|-terastallize|p2a: Kleavor|Dragon\n|move|p1b: Leafeon|X-Scissor|p2b: Gardevoir\n|-damage|p2b: Gardevoir|71\/100\n|move|p2b: Gardevoir|Mystical Fire|p1b: Leafeon\n|-supereffective|p1b: Leafeon\n|-damage|p1b: Leafeon|4\/100\n|-unboost|p1b: Leafeon|spa|1\n|-enditem|p1b: Leafeon|Iapapa Berry|[eat]\n|-heal|p1b: Leafeon|38\/100|[from] item: Iapapa Berry\n|move|p1a: Ninetales|Flamethrower|p2a: Kleavor\n|-resisted|p2a: Kleavor\n|-damage|p2a: Kleavor|31\/100\n|move|p2a: Kleavor|Stone Axe|p1a: Ninetales\n|-supereffective|p1a: Ninetales\n|-damage|p1a: Ninetales|0 fnt\n|-sidestart|p1: trainerredtheog_17|move: Stealth Rock\n|faint|p1a: Ninetales\n|\n|-weather|SunnyDay|[upkeep]\n|upkeep\n|inactive|trainerredtheog_17 has 120 seconds left.\n|\n|t:|1695933100\n|switch|p1a: Dragonite|Dragonite, F|100\/100\n|-damage|p1a: Dragonite|76\/100|[from] Stealth Rock\n|turn|2\n|\n|t:|1695933121\n|switch|p2a: Gothitelle|Gothitelle, M|100\/100\n|move|p1a: Dragonite|Extreme Speed|p2b: Gardevoir\n|-damage|p2b: Gardevoir|41\/100\n|move|p1b: Leafeon|Solar Blade||[still]\n|-prepare|p1b: Leafeon|Solar Blade\n|-anim|p1b: Leafeon|Solar Blade|p2a: Gothitelle\n|-damage|p2a: Gothitelle|42\/100\n|move|p2b: Gardevoir|Draining Kiss|p1a: Dragonite\n|-supereffective|p1a: Dragonite\n|-damage|p1a: Dragonite|33\/100\n|-heal|p2b: Gardevoir|78\/100|[from] drain|[of] p1a: Dragonite\n|\n|-weather|SunnyDay|[upkeep]\n|-heal|p1a: Dragonite|39\/100|[from] item: Leftovers\n|upkeep\n|turn|3\n|\n|t:|1695933150\n|switch|p2a: Hawlucha|Hawlucha, F|100\/100\n|move|p1b: Leafeon|Knock Off|p2a: Hawlucha\n|-resisted|p2a: Hawlucha\n|-damage|p2a: Hawlucha|82\/100\n|-enditem|p2a: Hawlucha|Sitrus Berry|[from] move: Knock Off|[of] p1b: Leafeon\n|move|p2b: Gardevoir|Dazzling Gleam|p1b: Leafeon|[spread] p1a,p1b\n|-supereffective|p1a: Dragonite\n|-damage|p1a: Dragonite|0 fnt\n|-damage|p1b: Leafeon|0 fnt\n|faint|p1a: Dragonite\n|faint|p1b: Leafeon\n|\n|-weather|SunnyDay|[upkeep]\n|upkeep\n|inactive|trainerredtheog_17 has 120 seconds left.\n|\n|t:|1695933167\n|switch|p1b: Indeedee|Indeedee-F, F|100\/100\n|switch|p1a: Espeon|Espeon, F|100\/100\n|-damage|p1a: Espeon|88\/100|[from] Stealth Rock\n|-damage|p1b: Indeedee|88\/100|[from] Stealth Rock\n|-fieldstart|move: Psychic Terrain|[from] ability: Psychic Surge|[of] p1b: Indeedee\n|turn|4\n|inactive|MageDream\/UHE has 120 seconds left.\n|\n|t:|1695933219\n|move|p2a: Hawlucha|Fire Punch|p1b: Indeedee\n|-damage|p1b: Indeedee|42\/100\n|move|p2b: Gardevoir|Dazzling Gleam|p1a: Espeon|[spread] p1a,p1b\n|-damage|p1a: Espeon|48\/100\n|-damage|p1b: Indeedee|13\/100\n|move|p1a: Espeon|Expanding Force|p2b: Gardevoir|[spread] p2a,p2b\n|-supereffective|p2a: Hawlucha\n|-resisted|p2b: Gardevoir\n|-damage|p2a: Hawlucha|0 fnt\n|-damage|p2b: Gardevoir|49\/100\n|faint|p2a: Hawlucha\n|move|p1b: Indeedee|Expanding Force|p2b: Gardevoir\n|-resisted|p2b: Gardevoir\n|-damage|p2b: Gardevoir|18\/100\n|-enditem|p2b: Gardevoir|Aguav Berry|[eat]\n|-heal|p2b: Gardevoir|51\/100|[from] item: Aguav Berry\n|\n|-weather|SunnyDay|[upkeep]\n|upkeep\n|\n|t:|1695933232\n|switch|p2a: Grafaiai|Grafaiai, M|100\/100\n|turn|5\n|inactive|MageDream\/UHE has 90 seconds left.\n|\n|t:|1695933282\n|move|p2a: Grafaiai|Copycat|p2a: Grafaiai\n|move|p2a: Grafaiai|Expanding Force|p1b: Indeedee|[from]move: Copycat|[spread] \n|-activate|p1a: Espeon|move: Psychic Terrain\n|-activate|p1b: Indeedee|move: Psychic Terrain\n|move|p2b: Gardevoir|Draining Kiss|p1a: Espeon\n|-damage|p1a: Espeon|13\/100\n|-heal|p2b: Gardevoir|73\/100|[from] drain|[of] p1a: Espeon\n|move|p1a: Espeon|Expanding Force|p2b: Gardevoir|[spread] p2a,p2b\n|-supereffective|p2a: Grafaiai\n|-resisted|p2b: Gardevoir\n|-damage|p2a: Grafaiai|0 fnt\n|-damage|p2b: Gardevoir|45\/100\n|faint|p2a: Grafaiai\n|move|p1b: Indeedee|Trick Room|p1b: Indeedee\n|-fieldstart|move: Trick Room|[of] p1b: Indeedee\n|\n|-weather|none\n|upkeep\n|\n|t:|1695933292\n|switch|p2a: Kleavor|Kleavor, F, tera:Dragon|31\/100\n|turn|6\n|inactive|MageDream\/UHE has 90 seconds left.\n|\n|t:|1695933313\n|move|p2b: Gardevoir|Dazzling Gleam|p1a: Espeon|[spread] p1a,p1b\n|-damage|p1a: Espeon|0 fnt\n|-damage|p1b: Indeedee|0 fnt\n|faint|p1a: Espeon\n|faint|p1b: Indeedee\n|move|p2a: Kleavor|Night Slash|p1: Espeon|[notarget]\n|-fail|p2a: Kleavor\n|\n|upkeep\n|inactive|trainerredtheog_17 has 120 seconds left.\n|c|\u2606trainerredtheog_17|So Gardevoir out speeds without trick room, but still outspeeds with trick room\n|inactive|trainerredtheog_17 has 90 seconds left.\n|c|\u2606MageDream\/UHE|196 spe\n|\n|t:|1695933385\n|switch|p1b: Ursaluna|Ursaluna-Bloodmoon, M|100\/100\n|-damage|p1b: Ursaluna|94\/100|[from] Stealth Rock\n|turn|7\n|inactive|MageDream\/UHE has 90 seconds left.\n|\n|t:|1695933401\n|move|p1b: Ursaluna|Hyper Voice|p2b: Gardevoir|[spread] p2a,p2b\n|-damage|p2a: Kleavor|0 fnt\n|-damage|p2b: Gardevoir|10\/100\n|faint|p2a: Kleavor\n|move|p2b: Gardevoir|Draining Kiss|p1b: Ursaluna\n|-damage|p1b: Ursaluna|77\/100\n|-heal|p2b: Gardevoir|26\/100|[from] drain|[of] p1b: Ursaluna\n|\n|upkeep\n|inactive|MageDream\/UHE has 90 seconds left.\n|\n|t:|1695933415\n|switch|p2a: Gothitelle|Gothitelle, M|42\/100\n|turn|8\n|inactive|trainerredtheog_17 has 120 seconds left.\n|\n|t:|1695933427\n|move|p1b: Ursaluna|Hyper Voice|p2b: Gardevoir|[spread] p2a,p2b\n|-damage|p2a: Gothitelle|19\/100\n|-damage|p2b: Gardevoir|0 fnt\n|faint|p2b: Gardevoir\n|move|p2a: Gothitelle|Expanding Force|p1b: Ursaluna\n|-crit|p1b: Ursaluna\n|-damage|p1b: Ursaluna|0 fnt\n|faint|p1b: Ursaluna\n|\n|win|MageDream\/UHE\n|raw|trainerredtheog_17's rating: 1326 &rarr; <strong>1300<\/strong><br \/>(-26 for losing)\n|raw|MageDream&#x2f;UHE's rating: 1227 &rarr; <strong>1259<\/strong><br \/>(+32 for winning)\n","uploadtime":1695933439,"views":6,"p1id":"trainerredtheog17","p2id":"magedreamuhe","formatid":"gen9nationaldexdoubles","rating":1259,"private":0,"password":""}