{"id":"gen9nationaldexdoubles-1968132773","p1":"s.daninja","p2":"Elin Baecil","format":"[Gen 9] National Dex Doubles","log":"|j|\u2606s.daninja\n|j|\u2606Elin Baecil\n|t:|1697387596\n|gametype|doubles\n|player|p1|s.daninja|leon|\n|player|p2|Elin Baecil|leon-masters|\n|teamsize|p1|6\n|teamsize|p2|6\n|gen|9\n|tier|[Gen 9] National Dex Doubles\n|rule|HP Percentage Mod: HP is shown in percentages\n|rule|Endless Battle Clause: Forcing endless battles is banned\n|rule|OHKO Clause: OHKO moves are banned\n|rule|Evasion Moves Clause: Evasion moves are banned\n|rule|Evasion Abilities Clause: Evasion abilities are banned\n|rule|Species Clause: Limit one of each Pok\u00e9mon\n|rule|Gravity Sleep Clause: The combination of sleep-inducing moves with imperfect accuracy and Gravity or Gigantamax Orbeetle are banned\n|clearpoke\n|poke|p1|Iron Hands|\n|poke|p1|Zapdos|\n|poke|p1|Thundurus-Therian, M|\n|poke|p1|Tapu Koko|\n|poke|p1|Sandy Shocks|\n|poke|p1|Golem-Alola, M|\n|poke|p2|Manectric, M|\n|poke|p2|Iron Hands|\n|poke|p2|Thundurus, M|\n|poke|p2|Sandy Shocks|\n|poke|p2|Kilowattrel, F|\n|poke|p2|Iron Thorns|\n|teampreview\n|c|\u2606Elin Baecil|Espera...\n|c|\u2606Elin Baecil|Tambi\u00e9n vas a participar en el torneo?\n|\n|t:|1697387637\n|start\n|switch|p1a: Iron Hands|Iron Hands|100\/100\n|switch|p1b: Tapu Koko|Tapu Koko|100\/100\n|switch|p2a: Kilowattrel|Kilowattrel, F|100\/100\n|switch|p2b: Iron Thorns|Iron Thorns|100\/100\n|-fieldstart|move: Electric Terrain|[from] ability: Electric Surge|[of] p1b: Tapu Koko\n|-activate|p2b: Iron Thorns|ability: Quark Drive\n|-start|p2b: Iron Thorns|quarkdriveatk\n|-activate|p1a: Iron Hands|ability: Quark Drive\n|-start|p1a: Iron Hands|quarkdriveatk\n|turn|1\n|c|\u2606s.daninja|Si yo soy el pibe misterioso\n|\n|t:|1697387656\n|-end|p2b: Iron Thorns|Quark Drive|[silent]\n|switch|p2b: Iron Hands|Iron Hands|100\/100\n|-activate|p2b: Iron Hands|ability: Quark Drive\n|-start|p2b: Iron Hands|quarkdriveatk\n|move|p1a: Iron Hands|Fake Out|p2b: Iron Hands\n|-damage|p2b: Iron Hands|88\/100\n|move|p1b: Tapu Koko|Light Screen|p1b: Tapu Koko\n|-sidestart|p1: s.daninja|move: Light Screen\n|move|p2a: Kilowattrel|Tailwind|p2a: Kilowattrel\n|-sidestart|p2: Elin Baecil|move: Tailwind\n|\n|-heal|p2b: Iron Hands|95\/100|[from] item: Leftovers\n|upkeep\n|turn|2\n|\n|t:|1697387673\n|move|p2a: Kilowattrel|Feather Dance|p1a: Iron Hands\n|-unboost|p1a: Iron Hands|atk|2\n|move|p1b: Tapu Koko|Nature's Madness|p2b: Iron Hands|[miss]\n|-miss|p1b: Tapu Koko|p2b: Iron Hands\n|move|p2b: Iron Hands|Swords Dance|p2b: Iron Hands\n|-boost|p2b: Iron Hands|atk|2\n|move|p1a: Iron Hands|Ice Punch|p2a: Kilowattrel\n|-supereffective|p2a: Kilowattrel\n|-damage|p2a: Kilowattrel|54\/100\n|\n|-heal|p2b: Iron Hands|100\/100|[from] item: Leftovers\n|upkeep\n|turn|3\n|\n|t:|1697387693\n|switch|p1b: Golem|Golem-Alola, M|100\/100\n|-item|p1b: Golem|Air Balloon\n|-end|p1a: Iron Hands|Quark Drive|[silent]\n|switch|p1a: Zapdos|Zapdos|100\/100\n|move|p2a: Kilowattrel|U-turn|p1a: Zapdos\n|-resisted|p1a: Zapdos\n|-damage|p1a: Zapdos|96\/100\n|\n|t:|1697387700\n|switch|p2a: Thundurus|Thundurus, M|100\/100|[from] U-turn\n|move|p2b: Iron Hands|Earthquake|p1a: Zapdos|[spread] \n|-immune|p2a: Thundurus\n|-immune|p1a: Zapdos\n|-immune|p1b: Golem\n|\n|upkeep\n|turn|4\n|\n|t:|1697387708\n|move|p1b: Golem|Protect|p1b: Golem\n|-singleturn|p1b: Golem|Protect\n|move|p2a: Thundurus|Snarl|p1b: Golem|[spread] p1a\n|-activate|p1b: Golem|move: Protect\n|-damage|p1a: Zapdos|89\/100\n|-unboost|p1a: Zapdos|spa|1\n|move|p1a: Zapdos|Tailwind|p1a: Zapdos\n|-sidestart|p1: s.daninja|move: Tailwind\n|move|p2b: Iron Hands|Drain Punch|p1b: Golem\n|-activate|p1b: Golem|move: Protect\n|\n|-sideend|p2: Elin Baecil|move: Tailwind\n|upkeep\n|turn|5\n|\n|t:|1697387720\n|move|p1a: Zapdos|Toxic|p2b: Iron Hands\n|-status|p2b: Iron Hands|tox\n|move|p2a: Thundurus|Snarl|p1a: Zapdos|[spread] p1a,p1b\n|-damage|p1a: Zapdos|81\/100\n|-damage|p1b: Golem|90\/100\n|-unboost|p1a: Zapdos|spa|1\n|-unboost|p1b: Golem|spa|1\n|-enditem|p1b: Golem|Air Balloon\n|move|p1b: Golem|Earthquake|p2b: Iron Hands|[spread] p2b\n|-immune|p1a: Zapdos\n|-immune|p2a: Thundurus\n|-supereffective|p2b: Iron Hands\n|-damage|p2b: Iron Hands|66\/100 tox\n|move|p2b: Iron Hands|Earthquake|p1b: Golem|[spread] p1b\n|-immune|p2a: Thundurus\n|-immune|p1a: Zapdos\n|-supereffective|p1b: Golem\n|-damage|p1b: Golem|0 fnt\n|faint|p1b: Golem\n|\n|-heal|p2b: Iron Hands|73\/100 tox|[from] item: Leftovers\n|-damage|p2b: Iron Hands|66\/100 tox|[from] psn\n|-fieldend|move: Electric Terrain\n|-end|p2b: Iron Hands|Quark Drive\n|upkeep\n|\n|t:|1697387735\n|switch|p1b: Iron Hands|Iron Hands|100\/100\n|turn|6\n|\n|t:|1697387752\n|switch|p2a: Manectric|Manectric, M|100\/100\n|move|p1b: Iron Hands|Fake Out|p2b: Iron Hands\n|-damage|p2b: Iron Hands|58\/100 tox\n|move|p1a: Zapdos|Toxic|p2a: Manectric\n|-status|p2a: Manectric|tox\n|cant|p2b: Iron Hands|flinch\n|\n|-heal|p2b: Iron Hands|64\/100 tox|[from] item: Leftovers\n|-damage|p2a: Manectric|94\/100 tox|[from] psn\n|-damage|p2b: Iron Hands|52\/100 tox|[from] psn\n|upkeep\n|turn|7\n|\n|t:|1697387793\n|switch|p1a: Thundurus|Thundurus-Therian, M|100\/100\n|detailschange|p2a: Manectric|Manectric-Mega, M\n|-mega|p2a: Manectric|Manectric|Manectite\n|-ability|p2a: Manectric|Intimidate|boost\n|-unboost|p1a: Thundurus|atk|1\n|-unboost|p1b: Iron Hands|atk|1\n|move|p2a: Manectric|Hyper Voice|p1b: Iron Hands|[spread] p1a,p1b\n|-damage|p1a: Thundurus|78\/100\n|-damage|p1b: Iron Hands|93\/100\n|move|p1b: Iron Hands|Earthquake|p2b: Iron Hands|[spread] p2a,p2b\n|-immune|p1a: Thundurus\n|-supereffective|p2a: Manectric\n|-supereffective|p2b: Iron Hands\n|-damage|p2a: Manectric|46\/100 tox\n|-damage|p2b: Iron Hands|29\/100 tox\n|move|p2b: Iron Hands|Drain Punch|p1b: Iron Hands\n|-damage|p1b: Iron Hands|40\/100\n|-heal|p2b: Iron Hands|54\/100 tox|[from] drain|[of] p1b: Iron Hands\n|\n|-heal|p2b: Iron Hands|60\/100 tox|[from] item: Leftovers\n|-damage|p2a: Manectric|34\/100 tox|[from] psn\n|-damage|p2b: Iron Hands|41\/100 tox|[from] psn\n|-sideend|p1: s.daninja|move: Tailwind\n|upkeep\n|turn|8\n|\n|t:|1697387818\n|switch|p2a: Thundurus|Thundurus, M|100\/100\n|move|p1a: Thundurus|Hidden Power|p2a: Thundurus\n|-immune|p2a: Thundurus\n|move|p1b: Iron Hands|Earthquake|p2b: Iron Hands|[spread] p2b\n|-immune|p1a: Thundurus\n|-immune|p2a: Thundurus\n|-supereffective|p2b: Iron Hands\n|-damage|p2b: Iron Hands|20\/100 tox\n|move|p2b: Iron Hands|Drain Punch|p1b: Iron Hands\n|-damage|p1b: Iron Hands|0 fnt\n|-heal|p2b: Iron Hands|38\/100 tox|[from] drain|[of] p1b: Iron Hands\n|faint|p1b: Iron Hands\n|-end|p1b: Iron Hands|Quark Drive|[silent]\n|\n|-heal|p2b: Iron Hands|45\/100 tox|[from] item: Leftovers\n|-damage|p2b: Iron Hands|20\/100 tox|[from] psn\n|-sideend|p1: s.daninja|move: Light Screen\n|upkeep\n|\n|t:|1697387833\n|switch|p1b: Sandy Shocks|Sandy Shocks|100\/100\n|turn|9\n|\n|t:|1697387841\n|-end|p2b: Iron Hands|Quark Drive|[silent]\n|switch|p2b: Kilowattrel|Kilowattrel, F|54\/100\n|move|p1a: Thundurus|Sludge Bomb|p2a: Thundurus\n|-damage|p2a: Thundurus|57\/100\n|-damage|p1a: Thundurus|68\/100|[from] item: Life Orb\n|move|p2a: Thundurus|Snarl|p1b: Sandy Shocks|[spread] p1a\n|-miss|p2a: Thundurus|p1b: Sandy Shocks\n|-damage|p1a: Thundurus|52\/100\n|-unboost|p1a: Thundurus|spa|1\n|move|p1b: Sandy Shocks|Discharge|p2a: Thundurus|[spread] p2a\n|-heal|p1a: Thundurus|77\/100|[from] ability: Volt Absorb|[of] p1b: Sandy Shocks\n|-heal|p2b: Kilowattrel|79\/100|[from] ability: Volt Absorb|[of] p1b: Sandy Shocks\n|-damage|p2a: Thundurus|9\/100\n|-damage|p1b: Sandy Shocks|91\/100|[from] item: Life Orb\n|\n|upkeep\n|turn|10\n|\n|t:|1697387867\n|move|p2b: Kilowattrel|Tailwind|p2b: Kilowattrel\n|-sidestart|p2: Elin Baecil|move: Tailwind\n|move|p2a: Thundurus|Snarl|p1a: Thundurus|[spread] p1a,p1b\n|-damage|p1a: Thundurus|60\/100\n|-damage|p1b: Sandy Shocks|76\/100\n|-unboost|p1a: Thundurus|spa|1\n|-unboost|p1b: Sandy Shocks|spa|1\n|move|p1a: Thundurus|Sludge Bomb|p2a: Thundurus\n|-damage|p2a: Thundurus|0 fnt\n|faint|p2a: Thundurus\n|-damage|p1a: Thundurus|51\/100|[from] item: Life Orb\n|move|p1b: Sandy Shocks|Power Gem|p2b: Kilowattrel\n|-supereffective|p2b: Kilowattrel\n|-damage|p2b: Kilowattrel|10\/100\n|-damage|p1b: Sandy Shocks|66\/100|[from] item: Life Orb\n|\n|upkeep\n|\n|t:|1697387875\n|switch|p2a: Manectric|Manectric-Mega, M|34\/100 tox\n|-ability|p2a: Manectric|Intimidate|boost\n|-unboost|p1a: Thundurus|atk|1\n|-unboost|p1b: Sandy Shocks|atk|1\n|turn|11\n|\n|t:|1697387883\n|switch|p1a: Tapu Koko|Tapu Koko|100\/100\n|-fieldstart|move: Electric Terrain|[from] ability: Electric Surge|[of] p1a: Tapu Koko\n|-end|p1b: Sandy Shocks|Protosynthesis|[silent]\n|switch|p1b: Zapdos|Zapdos|81\/100\n|move|p2a: Manectric|Hidden Power|p1b: Zapdos\n|-immune|p1b: Zapdos\n|move|p2b: Kilowattrel|U-turn|p1a: Tapu Koko\n|-resisted|p1a: Tapu Koko\n|-damage|p1a: Tapu Koko|93\/100\n|\n|t:|1697387894\n|switch|p2b: Iron Hands|Iron Hands|20\/100 tox|[from] U-turn\n|-activate|p2b: Iron Hands|ability: Quark Drive\n|-start|p2b: Iron Hands|quarkdriveatk\n|\n|-heal|p2b: Iron Hands|26\/100 tox|[from] item: Leftovers\n|-damage|p2a: Manectric|28\/100 tox|[from] psn\n|-damage|p2b: Iron Hands|20\/100 tox|[from] psn\n|upkeep\n|turn|12\n|\n|t:|1697387914\n|move|p1b: Zapdos|Protect|p1b: Zapdos\n|-singleturn|p1b: Zapdos|Protect\n|move|p2b: Iron Hands|Fake Out|p1a: Tapu Koko\n|-damage|p1a: Tapu Koko|68\/100\n|move|p2a: Manectric|Hyper Voice|p1a: Tapu Koko|[spread] p1a\n|-activate|p1b: Zapdos|move: Protect\n|-damage|p1a: Tapu Koko|39\/100\n|cant|p1a: Tapu Koko|flinch\n|\n|-heal|p2b: Iron Hands|26\/100 tox|[from] item: Leftovers\n|-damage|p2a: Manectric|16\/100 tox|[from] psn\n|-damage|p2b: Iron Hands|14\/100 tox|[from] psn\n|upkeep\n|turn|13\n|\n|t:|1697387929\n|move|p2a: Manectric|Hidden Power|p1a: Tapu Koko\n|-supereffective|p1a: Tapu Koko\n|-damage|p1a: Tapu Koko|0 fnt\n|faint|p1a: Tapu Koko\n|move|p1b: Zapdos|Roost|p1b: Zapdos\n|-heal|p1b: Zapdos|100\/100\n|-singleturn|p1b: Zapdos|move: Roost\n|move|p2b: Iron Hands|Drain Punch|p1b: Zapdos\n|-damage|p1b: Zapdos|59\/100\n|-heal|p2b: Iron Hands|30\/100 tox|[from] drain|[of] p1b: Zapdos\n|\n|-heal|p2b: Iron Hands|36\/100 tox|[from] item: Leftovers\n|-damage|p2a: Manectric|0 fnt|[from] psn\n|faint|p2a: Manectric\n|-damage|p2b: Iron Hands|18\/100 tox|[from] psn\n|-sideend|p2: Elin Baecil|move: Tailwind\n|upkeep\n|\n|t:|1697387945\n|switch|p2a: Sandy Shocks|Sandy Shocks|100\/100\n|switch|p1a: Sandy Shocks|Sandy Shocks|66\/100\n|turn|14\n|\n|t:|1697387958\n|move|p1a: Sandy Shocks|Protect|p1a: Sandy Shocks\n|-singleturn|p1a: Sandy Shocks|Protect\n|move|p2a: Sandy Shocks|Earth Power|p1a: Sandy Shocks\n|-activate|p1a: Sandy Shocks|move: Protect\n|move|p1b: Zapdos|Tailwind|p1b: Zapdos\n|-sidestart|p1: s.daninja|move: Tailwind\n|move|p2b: Iron Hands|Drain Punch|p1a: Sandy Shocks\n|-activate|p1a: Sandy Shocks|move: Protect\n|\n|-heal|p2b: Iron Hands|24\/100 tox|[from] item: Leftovers\n|-damage|p2b: Iron Hands|0 fnt|[from] psn\n|faint|p2b: Iron Hands\n|-end|p2b: Iron Hands|Quark Drive|[silent]\n|upkeep\n|\n|t:|1697387961\n|switch|p2b: Kilowattrel|Kilowattrel, F|10\/100\n|turn|15\n|\n|t:|1697387971\n|move|p1a: Sandy Shocks|Earth Power|p2a: Sandy Shocks\n|-supereffective|p2a: Sandy Shocks\n|-damage|p2a: Sandy Shocks|0 fnt\n|faint|p2a: Sandy Shocks\n|-end|p2a: Sandy Shocks|Protosynthesis|[silent]\n|-damage|p1a: Sandy Shocks|56\/100|[from] item: Life Orb\n|move|p1b: Zapdos|Toxic|p2b: Kilowattrel\n|-status|p2b: Kilowattrel|tox\n|move|p2b: Kilowattrel|Tailwind|p2b: Kilowattrel\n|-sidestart|p2: Elin Baecil|move: Tailwind\n|\n|-damage|p2b: Kilowattrel|3\/100 tox|[from] psn\n|-fieldend|move: Electric Terrain\n|upkeep\n|\n|t:|1697387976\n|switch|p2a: Iron Thorns|Iron Thorns|100\/100\n|-enditem|p2a: Iron Thorns|Booster Energy\n|-activate|p2a: Iron Thorns|ability: Quark Drive|[fromitem]\n|-start|p2a: Iron Thorns|quarkdriveatk\n|turn|16\n|\n|t:|1697387987\n|move|p2b: Kilowattrel|U-turn|p1a: Sandy Shocks\n|-damage|p1a: Sandy Shocks|42\/100\n|move|p1a: Sandy Shocks|Earth Power|p2a: Iron Thorns\n|-supereffective|p2a: Iron Thorns\n|-damage|p2a: Iron Thorns|0 fnt\n|faint|p2a: Iron Thorns\n|-end|p2a: Iron Thorns|Quark Drive|[silent]\n|-damage|p1a: Sandy Shocks|32\/100|[from] item: Life Orb\n|move|p1b: Zapdos|Roost|p1b: Zapdos\n|-heal|p1b: Zapdos|100\/100\n|-singleturn|p1b: Zapdos|move: Roost\n|\n|-damage|p2b: Kilowattrel|0 fnt|[from] psn\n|faint|p2b: Kilowattrel\n|\n|win|s.daninja\n|upkeep\n|c|\u2606Elin Baecil|Pues nada, bien jugado\n|l|\u2606s.daninja\n|j|\u2606s.daninja\n|player|p1|s.daninja|leon\n|l|\u2606s.daninja\n|player|p1|\n|l|\u2606Elin Baecil\n|j|\u2606Elin Baecil\n|player|p2|Elin Baecil|leon-masters\n","uploadtime":1697388000,"views":11,"p1id":"sdaninja","p2id":"elinbaecil","formatid":"gen9nationaldexdoubles","rating":0,"private":0,"password":""}