{"id":"gen9nationaldexdoubles-1993046756","p1":"Vican259","p2":"xephos223","format":"[Gen 9] National Dex Doubles","log":"|j|\u2606Vican259\n|j|\u2606xephos223\n|t:|1700258874\n|gametype|doubles\n|player|p1|Vican259|iris-gen5bw2|\n|player|p2|xephos223|gambler|\n|teamsize|p1|6\n|teamsize|p2|6\n|gen|9\n|tier|[Gen 9] National Dex Doubles\n|rule|HP Percentage Mod: HP is shown in percentages\n|rule|Endless Battle Clause: Forcing endless battles is banned\n|rule|OHKO Clause: OHKO moves are banned\n|rule|Evasion Moves Clause: Evasion moves are banned\n|rule|Evasion Abilities Clause: Evasion abilities are banned\n|rule|Species Clause: Limit one of each Pok\u00e9mon\n|rule|Gravity Sleep Clause: The combination of sleep-inducing moves with imperfect accuracy and Gravity or Gigantamax Orbeetle are banned\n|clearpoke\n|poke|p1|Stakataka|\n|poke|p1|Araquanid, M|\n|poke|p1|Buzzwole|\n|poke|p1|Guzzlord|\n|poke|p1|Blacephalon|\n|poke|p1|Celesteela|\n|poke|p2|Gallade, M|\n|poke|p2|Garchomp, F|\n|poke|p2|Magnezone|\n|poke|p2|Gastrodon, F|\n|poke|p2|Togekiss, F|\n|poke|p2|Lucario, M|\n|teampreview\n|\n|t:|1700258888\n|start\n|switch|p1a: Stakataka|Stakataka|100\/100\n|switch|p1b: Araquanid|Araquanid, M|100\/100\n|switch|p2a: OU|Garchomp, F|100\/100\n|switch|p2b: :)|Togekiss, F|100\/100\n|turn|1\n|\n|t:|1700258917\n|move|p2a: OU|Outrage|p1b: Araquanid\n|-damage|p1b: Araquanid|38\/100\n|move|p2b: :)|Air Slash|p1a: Stakataka\n|-resisted|p1a: Stakataka\n|-crit|p1a: Stakataka\n|-damage|p1a: Stakataka|87\/100\n|move|p1b: Araquanid|Sticky Web|p2b: :)\n|-sidestart|p2: xephos223|move: Sticky Web\n|move|p1a: Stakataka|Trick Room|p1a: Stakataka\n|-fieldstart|move: Trick Room|[of] p1a: Stakataka\n|\n|-heal|p1a: Stakataka|93\/100|[from] item: Leftovers\n|upkeep\n|turn|2\n|\n|t:|1700258947\n|switch|p2b: Beep Boop|Magnezone|100\/100\n|-activate|p2b: Beep Boop|move: Sticky Web\n|-unboost|p2b: Beep Boop|spe|1\n|move|p1a: Stakataka|Gyro Ball|p2b: Beep Boop\n|-resisted|p2b: Beep Boop\n|-damage|p2b: Beep Boop|92\/100\n|-damage|p1a: Stakataka|77\/100|[from] item: Rocky Helmet|[of] p2b: Beep Boop\n|move|p1b: Araquanid|Liquidation|p2b: Beep Boop\n|-damage|p2b: Beep Boop|35\/100\n|-damage|p1b: Araquanid|22\/100|[from] item: Rocky Helmet|[of] p2b: Beep Boop\n|-enditem|p1b: Araquanid|Figy Berry|[eat]\n|-heal|p1b: Araquanid|55\/100|[from] item: Figy Berry\n|move|p2a: OU|Outrage|p1a: Stakataka|[from]lockedmove\n|-resisted|p1a: Stakataka\n|-damage|p1a: Stakataka|59\/100\n|\n|-heal|p1a: Stakataka|65\/100|[from] item: Leftovers\n|upkeep\n|turn|3\n|\n|t:|1700258974\n|move|p1a: Stakataka|Gyro Ball|p2a: OU\n|-damage|p2a: OU|30\/100\n|-damage|p1a: Stakataka|53\/100|[from] ability: Rough Skin|[of] p2a: OU\n|move|p2b: Beep Boop|Discharge|p1a: Stakataka|[spread] p1a,p1b\n|-immune|p2a: OU\n|-supereffective|p1b: Araquanid\n|-damage|p1a: Stakataka|22\/100\n|-damage|p1b: Araquanid|2\/100\n|move|p1b: Araquanid|Liquidation|p2b: Beep Boop\n|-damage|p2b: Beep Boop|0 fnt\n|-damage|p1b: Araquanid|0 fnt|[from] item: Rocky Helmet|[of] p2b: Beep Boop\n|faint|p2b: Beep Boop\n|faint|p1b: Araquanid\n|move|p2a: OU|Outrage|p1a: Stakataka|[from]lockedmove\n|-resisted|p1a: Stakataka\n|-damage|p1a: Stakataka|4\/100\n|-start|p2a: OU|confusion|[fatigue]\n|\n|-heal|p1a: Stakataka|11\/100|[from] item: Leftovers\n|upkeep\n|\n|t:|1700259002\n|switch|p1b: Celesteela|Celesteela|100\/100\n|switch|p2b: Budget Swampert|Gastrodon, F|100\/100\n|-activate|p2b: Budget Swampert|move: Sticky Web\n|-unboost|p2b: Budget Swampert|spe|1\n|turn|4\n|\n|t:|1700259032\n|switch|p2a: My Boy|Gallade, M|100\/100\n|-activate|p2a: My Boy|move: Sticky Web\n|-unboost|p2a: My Boy|spe|1\n|move|p1a: Stakataka|Gyro Ball|p2a: My Boy\n|-damage|p2a: My Boy|0 fnt\n|faint|p2a: My Boy\n|-ability|p1a: Stakataka|Beast Boost|boost\n|-boost|p1a: Stakataka|def|1\n|move|p2b: Budget Swampert|Surf|p1a: Stakataka|[spread] p1a,p1b\n|-supereffective|p1a: Stakataka\n|-damage|p1a: Stakataka|0 fnt\n|-damage|p1b: Celesteela|79\/100\n|faint|p1a: Stakataka\n|move|p1b: Celesteela|Leech Seed|p2b: Budget Swampert\n|-start|p2b: Budget Swampert|move: Leech Seed\n|\n|-heal|p1b: Celesteela|85\/100|[from] item: Leftovers\n|-damage|p2b: Budget Swampert|88\/100|[from] Leech Seed|[of] p1b: Celesteela\n|-heal|p1b: Celesteela|99\/100|[silent]\n|upkeep\n|\n|t:|1700259053\n|switch|p1a: Buzzwole|Buzzwole|100\/100\n|switch|p2a: :)|Togekiss, F|100\/100\n|turn|5\n|\n|t:|1700259071\n|move|p2b: Budget Swampert|Ice Beam|p1b: Celesteela\n|-damage|p1b: Celesteela|80\/100\n|move|p1b: Celesteela|Heavy Slam|p2a: :)\n|-supereffective|p2a: :)\n|-damage|p2a: :)|0 fnt\n|faint|p2a: :)\n|-ability|p1b: Celesteela|Beast Boost|boost\n|-boost|p1b: Celesteela|spd|1\n|move|p1a: Buzzwole|Toxic|p2b: Budget Swampert\n|-status|p2b: Budget Swampert|tox\n|\n|-heal|p2b: Budget Swampert|94\/100 tox|[from] item: Leftovers\n|-heal|p1b: Celesteela|86\/100|[from] item: Leftovers\n|-damage|p2b: Budget Swampert|82\/100 tox|[from] Leech Seed|[of] p1b: Celesteela\n|-heal|p1b: Celesteela|99\/100|[silent]\n|-damage|p2b: Budget Swampert|76\/100 tox|[from] psn\n|-fieldend|move: Trick Room\n|upkeep\n|\n|t:|1700259086\n|switch|p2a: OU|Garchomp, F|30\/100\n|-activate|p2a: OU|move: Sticky Web\n|-unboost|p2a: OU|spe|1\n|turn|6\n|\n|t:|1700259101\n|-terastallize|p2a: OU|Steel\n|move|p1b: Celesteela|Protect|p1b: Celesteela\n|-singleturn|p1b: Celesteela|Protect\n|move|p2a: OU|Outrage|p1a: Buzzwole\n|-damage|p1a: Buzzwole|71\/100\n|move|p1a: Buzzwole|Hammer Arm|p2a: OU|[miss]\n|-miss|p1a: Buzzwole|p2a: OU\n|move|p2b: Budget Swampert|Ice Beam|p1a: Buzzwole\n|-damage|p1a: Buzzwole|40\/100\n|\n|-heal|p1a: Buzzwole|46\/100|[from] item: Leftovers\n|-heal|p1b: Celesteela|100\/100|[from] item: Leftovers\n|-heal|p2b: Budget Swampert|82\/100 tox|[from] item: Leftovers\n|-damage|p2b: Budget Swampert|69\/100 tox|[from] Leech Seed|[of] p1b: Celesteela\n|-damage|p2b: Budget Swampert|57\/100 tox|[from] psn\n|upkeep\n|turn|7\n|\n|t:|1700259124\n|move|p2a: OU|Outrage|p1b: Celesteela|[from]lockedmove\n|-resisted|p1b: Celesteela\n|-damage|p1b: Celesteela|76\/100\n|-start|p2a: OU|confusion|[fatigue]\n|move|p1a: Buzzwole|Hammer Arm|p2a: OU\n|-supereffective|p2a: OU\n|-damage|p2a: OU|0 fnt\n|-unboost|p1a: Buzzwole|spe|1\n|-damage|p1a: Buzzwole|34\/100|[from] ability: Rough Skin|[of] p2a: OU\n|faint|p2a: OU\n|-ability|p1a: Buzzwole|Beast Boost|boost\n|-boost|p1a: Buzzwole|def|1\n|move|p1b: Celesteela|Heavy Slam|p2b: Budget Swampert\n|-resisted|p2b: Budget Swampert\n|-crit|p2b: Budget Swampert\n|-damage|p2b: Budget Swampert|18\/100 tox\n|move|p2b: Budget Swampert|Ice Beam|p1a: Buzzwole\n|-crit|p1a: Buzzwole\n|-damage|p1a: Buzzwole|0 fnt\n|faint|p1a: Buzzwole\n|\n|-heal|p1b: Celesteela|82\/100|[from] item: Leftovers\n|-heal|p2b: Budget Swampert|24\/100 tox|[from] item: Leftovers\n|-damage|p2b: Budget Swampert|12\/100 tox|[from] Leech Seed|[of] p1b: Celesteela\n|-heal|p1b: Celesteela|96\/100|[silent]\n|-damage|p2b: Budget Swampert|0 fnt|[from] psn\n|faint|p2b: Budget Swampert\n|upkeep\n|\n|t:|1700259171\n|switch|p1a: Blacephalon|Blacephalon|100\/100\n|switch|p2b: Not a Mega|Lucario, M|100\/100\n|-activate|p2b: Not a Mega|move: Sticky Web\n|-unboost|p2b: Not a Mega|spe|1\n|turn|8\n|\n|t:|1700259184\n|detailschange|p2b: Not a Mega|Lucario-Mega, M\n|-mega|p2b: Not a Mega|Lucario|Lucarionite\n|move|p1a: Blacephalon|Fire Blast|p2b: Not a Mega\n|-supereffective|p2b: Not a Mega\n|-damage|p2b: Not a Mega|0 fnt\n|faint|p2b: Not a Mega\n|\n|win|Vican259\n","uploadtime":1700259191,"views":8,"p1id":"vican259","p2id":"xephos223","formatid":"gen9nationaldexdoubles","rating":0,"private":0,"password":""}