{"id":"gen9nationaldexdoubles-1958301415","p1":"KingGodzila","p2":"boom oppa","format":"[Gen 9] National Dex Doubles","log":"|j|\u2606KingGodzila\n|j|\u2606boom oppa\n|t:|1696308842\n|gametype|doubles\n|player|p1|KingGodzila|bugsy|1217\n|player|p2|boom oppa|169|1227\n|teamsize|p1|6\n|teamsize|p2|6\n|gen|9\n|tier|[Gen 9] National Dex Doubles\n|rated|\n|rule|HP Percentage Mod: HP is shown in percentages\n|rule|Endless Battle Clause: Forcing endless battles is banned\n|rule|OHKO Clause: OHKO moves are banned\n|rule|Evasion Moves Clause: Evasion moves are banned\n|rule|Evasion Abilities Clause: Evasion abilities are banned\n|rule|Species Clause: Limit one of each Pok\u00e9mon\n|rule|Gravity Sleep Clause: The combination of sleep-inducing moves with imperfect accuracy and Gravity or Gigantamax Orbeetle are banned\n|clearpoke\n|poke|p1|Vikavolt, M|\n|poke|p1|Lokix, M|\n|poke|p1|Golisopod, M|\n|poke|p1|Cresselia, F|\n|poke|p1|Escavalier, M|\n|poke|p1|Whirlipede, M|\n|poke|p2|Leavanny, F|\n|poke|p2|Milotic, M|\n|poke|p2|Ambipom, M|\n|poke|p2|Garganacl, M|\n|poke|p2|Walking Wake|\n|poke|p2|Charizard, F|\n|teampreview\n|\n|t:|1696308863\n|start\n|switch|p1a: \u7f8e\u68a6\u8001\u5988|Cresselia, F|100\/100\n|switch|p1b: \u4e38\u5b50\u9f99|Whirlipede, M, shiny|100\/100\n|switch|p2a: Garganacl|Garganacl, M|100\/100\n|switch|p2b: Ambipom|Ambipom, M|100\/100\n|turn|1\n|l|\u2606KingGodzila\n|player|p1|\n|inactive|Battle timer is ON: inactive players will automatically lose when time's up. (requested by boom oppa)\n|j|\u2606KingGodzila\n|inactive|KingGodzila reconnected and has 145 seconds left.\n|player|p1|KingGodzila|bugsy\n|\n|t:|1696308914\n|move|p2b: Ambipom|Fake Out|p1a: \u7f8e\u68a6\u8001\u5988\n|-damage|p1a: \u7f8e\u68a6\u8001\u5988|82\/100\n|-damage|p2b: Ambipom|91\/100|[from] item: Life Orb\n|cant|p1a: \u7f8e\u68a6\u8001\u5988|flinch\n|move|p2a: Garganacl|Salt Cure|p1b: \u4e38\u5b50\u9f99\n|-supereffective|p1b: \u4e38\u5b50\u9f99\n|-damage|p1b: \u4e38\u5b50\u9f99|79\/100\n|-start|p1b: \u4e38\u5b50\u9f99|Salt Cure\n|move|p1b: \u4e38\u5b50\u9f99|Toxic Spikes|p2b: Ambipom\n|-sidestart|p2: boom oppa|move: Toxic Spikes\n|\n|-heal|p1a: \u7f8e\u68a6\u8001\u5988|88\/100|[from] item: Leftovers\n|-damage|p1b: \u4e38\u5b50\u9f99|66\/100|[from] Salt Cure\n|upkeep\n|turn|2\n|\n|t:|1696308938\n|switch|p1b: \u80fd\u8fdb\u80fd\u9000\u65b9\u6b66\u8005|Golisopod, M, shiny|100\/100\n|move|p2b: Ambipom|Knock Off|p1b: \u80fd\u8fdb\u80fd\u9000\u65b9\u6b66\u8005\n|-damage|p1b: \u80fd\u8fdb\u80fd\u9000\u65b9\u6b66\u8005|84\/100\n|-damage|p2b: Ambipom|81\/100|[from] item: Life Orb\n|move|p1a: \u7f8e\u68a6\u8001\u5988|Dazzling Gleam|p2a: Garganacl|[spread] p2a,p2b\n|-damage|p2a: Garganacl|90\/100\n|-damage|p2b: Ambipom|64\/100\n|move|p2a: Garganacl|Salt Cure|p1b: \u80fd\u8fdb\u80fd\u9000\u65b9\u6b66\u8005\n|-supereffective|p1b: \u80fd\u8fdb\u80fd\u9000\u65b9\u6b66\u8005\n|-damage|p1b: \u80fd\u8fdb\u80fd\u9000\u65b9\u6b66\u8005|65\/100\n|-start|p1b: \u80fd\u8fdb\u80fd\u9000\u65b9\u6b66\u8005|Salt Cure\n|\n|-heal|p1a: \u7f8e\u68a6\u8001\u5988|94\/100|[from] item: Leftovers\n|-heal|p2a: Garganacl|97\/100|[from] item: Leftovers\n|-damage|p1b: \u80fd\u8fdb\u80fd\u9000\u65b9\u6b66\u8005|40\/100|[from] Salt Cure\n|upkeep\n|-activate|p1b: \u80fd\u8fdb\u80fd\u9000\u65b9\u6b66\u8005|ability: Emergency Exit\n|inactive|KingGodzila has 120 seconds left.\n|\n|t:|1696308961\n|switch|p1b: \u70c8\u817f\u8757\u4fa0|Lokix, M|100\/100\n|turn|3\n|inactive|boom oppa has 120 seconds left.\n|inactive|KingGodzila has 120 seconds left.\n|\n|t:|1696309025\n|switch|p2b: Leavanny|Leavanny, F|100\/100\n|-status|p2b: Leavanny|psn\n|move|p1b: \u70c8\u817f\u8757\u4fa0|Axe Kick|p2a: Garganacl\n|-supereffective|p2a: Garganacl\n|-damage|p2a: Garganacl|51\/100\n|-start|p2a: Garganacl|confusion\n|-damage|p1b: \u70c8\u817f\u8757\u4fa0|91\/100|[from] item: Life Orb\n|move|p1a: \u7f8e\u68a6\u8001\u5988|Lunar Blessing|p1a: \u7f8e\u68a6\u8001\u5988|[spread] p1a,p1b\n|-heal|p1a: \u7f8e\u68a6\u8001\u5988|100\/100\n|-heal|p1b: \u70c8\u817f\u8757\u4fa0|100\/100\n|-activate|p2a: Garganacl|confusion\n|move|p2a: Garganacl|Salt Cure|p1b: \u70c8\u817f\u8757\u4fa0\n|-supereffective|p1b: \u70c8\u817f\u8757\u4fa0\n|-damage|p1b: \u70c8\u817f\u8757\u4fa0|60\/100\n|-start|p1b: \u70c8\u817f\u8757\u4fa0|Salt Cure\n|\n|-heal|p2a: Garganacl|58\/100|[from] item: Leftovers\n|-damage|p2b: Leavanny|88\/100 psn|[from] psn\n|-damage|p1b: \u70c8\u817f\u8757\u4fa0|47\/100|[from] Salt Cure\n|upkeep\n|turn|4\n|inactive|boom oppa has 120 seconds left.\n|inactive|KingGodzila has 120 seconds left.\n|inactive|boom oppa has 90 seconds left.\n|\n|t:|1696309080\n|switch|p2a: Milotic|Milotic, M|100\/100\n|-status|p2a: Milotic|psn\n|move|p1b: \u70c8\u817f\u8757\u4fa0|Axe Kick|p2a: Milotic\n|-damage|p2a: Milotic|66\/100 psn\n|-damage|p1b: \u70c8\u817f\u8757\u4fa0|37\/100|[from] item: Life Orb\n|move|p2b: Leavanny|Knock Off|p1a: \u7f8e\u68a6\u8001\u5988\n|-supereffective|p1a: \u7f8e\u68a6\u8001\u5988\n|-damage|p1a: \u7f8e\u68a6\u8001\u5988|60\/100\n|-enditem|p1a: \u7f8e\u68a6\u8001\u5988|Leftovers|[from] move: Knock Off|[of] p2b: Leavanny\n|-damage|p2b: Leavanny|78\/100 psn|[from] item: Life Orb\n|move|p1a: \u7f8e\u68a6\u8001\u5988|Trick Room|p1a: \u7f8e\u68a6\u8001\u5988\n|-fieldstart|move: Trick Room|[of] p1a: \u7f8e\u68a6\u8001\u5988\n|\n|-heal|p2a: Milotic|72\/100 psn|[from] item: Leftovers\n|-damage|p2a: Milotic|60\/100 psn|[from] psn\n|-damage|p2b: Leavanny|66\/100 psn|[from] psn\n|-damage|p1b: \u70c8\u817f\u8757\u4fa0|25\/100|[from] Salt Cure\n|upkeep\n|turn|5\n|inactive|KingGodzila has 120 seconds left.\n|inactive|boom oppa has 90 seconds left.\n|\n|t:|1696309119\n|move|p1a: \u7f8e\u68a6\u8001\u5988|Lunar Dance|p1a: \u7f8e\u68a6\u8001\u5988\n|faint|p1a: \u7f8e\u68a6\u8001\u5988\n|move|p2a: Milotic|Scald|p1b: \u70c8\u817f\u8757\u4fa0\n|-damage|p1b: \u70c8\u817f\u8757\u4fa0|0 fnt\n|faint|p1b: \u70c8\u817f\u8757\u4fa0\n|move|p2b: Leavanny|Leaf Blade|p1: \u7f8e\u68a6\u8001\u5988|[notarget]\n|-fail|p2b: Leavanny\n|\n|-heal|p2a: Milotic|66\/100 psn|[from] item: Leftovers\n|-damage|p2a: Milotic|54\/100 psn|[from] psn\n|-damage|p2b: Leavanny|53\/100 psn|[from] psn\n|upkeep\n|inactive|KingGodzila has 90 seconds left.\n|\n|t:|1696309138\n|switch|p1a: \u80fd\u8fdb\u80fd\u9000\u65b9\u6b66\u8005|Golisopod, M, shiny|40\/100\n|switch|p1b: \u4e00\u592b\u5f53\u5173\u4e3a\u9a91\u58eb|Escavalier, M|100\/100\n|-heal|p1a: \u80fd\u8fdb\u80fd\u9000\u65b9\u6b66\u8005|100\/100|[from] move: Lunar Dance\n|turn|6\n|\n|t:|1696309156\n|move|p2b: Leavanny|Protect|p2b: Leavanny\n|-singleturn|p2b: Leavanny|Protect\n|move|p1a: \u80fd\u8fdb\u80fd\u9000\u65b9\u6b66\u8005|First Impression|p2b: Leavanny\n|-activate|p2b: Leavanny|move: Protect\n|move|p1b: \u4e00\u592b\u5f53\u5173\u4e3a\u9a91\u58eb|X-Scissor|p2a: Milotic\n|-damage|p2a: Milotic|12\/100 psn\n|-damage|p1b: \u4e00\u592b\u5f53\u5173\u4e3a\u9a91\u58eb|91\/100|[from] item: Life Orb\n|move|p2a: Milotic|Recover|p2a: Milotic\n|-heal|p2a: Milotic|62\/100 psn\n|\n|-heal|p2a: Milotic|68\/100 psn|[from] item: Leftovers\n|-damage|p2a: Milotic|56\/100 psn|[from] psn\n|-damage|p2b: Leavanny|41\/100 psn|[from] psn\n|upkeep\n|turn|7\n|inactive|boom oppa has 120 seconds left.\n|inactive|boom oppa has 90 seconds left.\n|\n|t:|1696309202\n|switch|p2b: Walking Wake|Walking Wake|100\/100\n|-enditem|p2b: Walking Wake|Booster Energy\n|-activate|p2b: Walking Wake|ability: Protosynthesis|[fromitem]\n|-start|p2b: Walking Wake|protosynthesisspa\n|-status|p2b: Walking Wake|psn\n|move|p1b: \u4e00\u592b\u5f53\u5173\u4e3a\u9a91\u58eb|X-Scissor|p2a: Milotic\n|-damage|p2a: Milotic|10\/100 psn\n|-damage|p1b: \u4e00\u592b\u5f53\u5173\u4e3a\u9a91\u58eb|81\/100|[from] item: Life Orb\n|move|p1a: \u80fd\u8fdb\u80fd\u9000\u65b9\u6b66\u8005|Knock Off|p2b: Walking Wake\n|-damage|p2b: Walking Wake|75\/100 psn\n|move|p2a: Milotic|Scald|p1b: \u4e00\u592b\u5f53\u5173\u4e3a\u9a91\u58eb\n|-damage|p1b: \u4e00\u592b\u5f53\u5173\u4e3a\u9a91\u58eb|54\/100\n|\n|-heal|p2a: Milotic|16\/100 psn|[from] item: Leftovers\n|-damage|p2a: Milotic|4\/100 psn|[from] psn\n|-damage|p2b: Walking Wake|63\/100 psn|[from] psn\n|upkeep\n|turn|8\n|inactive|KingGodzila has 120 seconds left.\n|inactive|boom oppa has 90 seconds left.\n|inactive|KingGodzila has 90 seconds left.\n|\n|t:|1696309249\n|-terastallize|p2b: Walking Wake|Steel\n|move|p1b: \u4e00\u592b\u5f53\u5173\u4e3a\u9a91\u58eb|Close Combat|p2b: Walking Wake\n|-supereffective|p2b: Walking Wake\n|-damage|p2b: Walking Wake|0 fnt\n|-unboost|p1b: \u4e00\u592b\u5f53\u5173\u4e3a\u9a91\u58eb|def|1\n|-unboost|p1b: \u4e00\u592b\u5f53\u5173\u4e3a\u9a91\u58eb|spd|1\n|faint|p2b: Walking Wake\n|-end|p2b: Walking Wake|Protosynthesis|[silent]\n|-damage|p1b: \u4e00\u592b\u5f53\u5173\u4e3a\u9a91\u58eb|45\/100|[from] item: Life Orb\n|move|p1a: \u80fd\u8fdb\u80fd\u9000\u65b9\u6b66\u8005|Liquidation|p2a: Milotic\n|-resisted|p2a: Milotic\n|-damage|p2a: Milotic|0 fnt\n|faint|p2a: Milotic\n|\n|-fieldend|move: Trick Room\n|upkeep\n|inactive|boom oppa has 60 seconds left.\n|inactive|boom oppa has 30 seconds left.\n|\n|t:|1696309307\n|switch|p2b: Charizard|Charizard, F|100\/100\n|switch|p2a: Leavanny|Leavanny, F|41\/100 psn\n|turn|9\n|inactive|KingGodzila has 90 seconds left.\n|\n|t:|1696309329\n|detailschange|p2b: Charizard|Charizard-Mega-Y, F\n|-mega|p2b: Charizard|Charizard|Charizardite Y\n|-weather|SunnyDay|[from] ability: Drought|[of] p2b: Charizard\n|move|p1a: \u80fd\u8fdb\u80fd\u9000\u65b9\u6b66\u8005|Wide Guard|p1a: \u80fd\u8fdb\u80fd\u9000\u65b9\u6b66\u8005\n|-singleturn|p1a: \u80fd\u8fdb\u80fd\u9000\u65b9\u6b66\u8005|Wide Guard\n|move|p2a: Leavanny|Knock Off|p1a: \u80fd\u8fdb\u80fd\u9000\u65b9\u6b66\u8005\n|-damage|p1a: \u80fd\u8fdb\u80fd\u9000\u65b9\u6b66\u8005|80\/100\n|-damage|p2a: Leavanny|31\/100 psn|[from] item: Life Orb\n|move|p2b: Charizard|Heat Wave|p1a: \u80fd\u8fdb\u80fd\u9000\u65b9\u6b66\u8005|[spread] \n|-activate|p1a: \u80fd\u8fdb\u80fd\u9000\u65b9\u6b66\u8005|move: Wide Guard\n|-activate|p1b: \u4e00\u592b\u5f53\u5173\u4e3a\u9a91\u58eb|move: Wide Guard\n|move|p1b: \u4e00\u592b\u5f53\u5173\u4e3a\u9a91\u58eb|X-Scissor|p2a: Leavanny\n|-supereffective|p2a: Leavanny\n|-damage|p2a: Leavanny|0 fnt\n|faint|p2a: Leavanny\n|-damage|p1b: \u4e00\u592b\u5f53\u5173\u4e3a\u9a91\u58eb|35\/100|[from] item: Life Orb\n|\n|-weather|SunnyDay|[upkeep]\n|upkeep\n|inactive|boom oppa has 30 seconds left.\n|inactive|boom oppa has 20 seconds left.\n|inactive|boom oppa has 15 seconds left.\n|\n|t:|1696309365\n|switch|p2a: Ambipom|Ambipom, M|64\/100\n|-status|p2a: Ambipom|psn\n|turn|10\n|\n|t:|1696309380\n|switch|p1a: \u4e38\u5b50\u9f99|Whirlipede, M, shiny|66\/100\n|move|p2a: Ambipom|Fake Out|p1a: \u4e38\u5b50\u9f99\n|-damage|p1a: \u4e38\u5b50\u9f99|40\/100\n|-damage|p2a: Ambipom|54\/100 psn|[from] item: Life Orb\n|move|p2b: Charizard|Heat Wave|p1b: \u4e00\u592b\u5f53\u5173\u4e3a\u9a91\u58eb|[spread] p1a,p1b\n|-supereffective|p1a: \u4e38\u5b50\u9f99\n|-supereffective|p1b: \u4e00\u592b\u5f53\u5173\u4e3a\u9a91\u58eb\n|-damage|p1a: \u4e38\u5b50\u9f99|0 fnt\n|-damage|p1b: \u4e00\u592b\u5f53\u5173\u4e3a\u9a91\u58eb|0 fnt\n|faint|p1a: \u4e38\u5b50\u9f99\n|faint|p1b: \u4e00\u592b\u5f53\u5173\u4e3a\u9a91\u58eb\n|\n|-weather|SunnyDay|[upkeep]\n|-damage|p2a: Ambipom|42\/100 psn|[from] psn\n|upkeep\n|\n|t:|1696309391\n|switch|p1a: \u7535\u5149\u8f68\u9053\u70ae|Vikavolt, M|100\/100\n|switch|p1b: \u80fd\u8fdb\u80fd\u9000\u65b9\u6b66\u8005|Golisopod, M, shiny|80\/100\n|turn|11\n|inactive|KingGodzila has 120 seconds left.\n|inactive|boom oppa has 60 seconds left.\n|inactive|boom oppa has 30 seconds left.\n|\n|t:|1696309430\n|switch|p2b: Garganacl|Garganacl, M|58\/100\n|move|p1b: \u80fd\u8fdb\u80fd\u9000\u65b9\u6b66\u8005|Wide Guard|p1b: \u80fd\u8fdb\u80fd\u9000\u65b9\u6b66\u8005\n|-singleturn|p1b: \u80fd\u8fdb\u80fd\u9000\u65b9\u6b66\u8005|Wide Guard\n|move|p2a: Ambipom|Knock Off|p1b: \u80fd\u8fdb\u80fd\u9000\u65b9\u6b66\u8005\n|-damage|p1b: \u80fd\u8fdb\u80fd\u9000\u65b9\u6b66\u8005|61\/100\n|-damage|p2a: Ambipom|32\/100 psn|[from] item: Life Orb\n|move|p1a: \u7535\u5149\u8f68\u9053\u70ae|Volt Switch|p2b: Garganacl\n|-crit|p2b: Garganacl\n|-damage|p2b: Garganacl|0 fnt\n|faint|p2b: Garganacl\n|-damage|p1a: \u7535\u5149\u8f68\u9053\u70ae|91\/100|[from] item: Life Orb\n|\n|-weather|SunnyDay|[upkeep]\n|-damage|p2a: Ambipom|19\/100 psn|[from] psn\n|upkeep\n|inactive|boom oppa has 30 seconds left.\n|\n|t:|1696309440\n|switch|p2b: Charizard|Charizard-Mega-Y, F|100\/100\n|turn|12\n|\n|t:|1696309456\n|-terastallize|p1a: \u7535\u5149\u8f68\u9053\u70ae|Electric\n|move|p1b: \u80fd\u8fdb\u80fd\u9000\u65b9\u6b66\u8005|Wide Guard|p1b: \u80fd\u8fdb\u80fd\u9000\u65b9\u6b66\u8005\n|-singleturn|p1b: \u80fd\u8fdb\u80fd\u9000\u65b9\u6b66\u8005|Wide Guard\n|move|p2a: Ambipom|Knock Off|p1a: \u7535\u5149\u8f68\u9053\u70ae\n|-damage|p1a: \u7535\u5149\u8f68\u9053\u70ae|55\/100\n|-enditem|p1a: \u7535\u5149\u8f68\u9053\u70ae|Life Orb|[from] move: Knock Off|[of] p2a: Ambipom\n|-damage|p2a: Ambipom|9\/100 psn|[from] item: Life Orb\n|move|p2b: Charizard|Scorching Sands|p1a: \u7535\u5149\u8f68\u9053\u70ae\n|-immune|p1a: \u7535\u5149\u8f68\u9053\u70ae|[from] ability: Levitate\n|move|p1a: \u7535\u5149\u8f68\u9053\u70ae|Volt Switch|p2b: Charizard\n|-supereffective|p2b: Charizard\n|-damage|p2b: Charizard|0 fnt\n|faint|p2b: Charizard\n|\n|-weather|SunnyDay|[upkeep]\n|-damage|p2a: Ambipom|0 fnt|[from] psn\n|faint|p2a: Ambipom\n|\n|win|KingGodzila\n|upkeep\n|raw|KingGodzila's rating: 1217 &rarr; <strong>1245<\/strong><br \/>(+28 for winning)\n|raw|boom oppa's rating: 1255 &rarr; <strong>1227<\/strong><br \/>(-28 for losing)\n","uploadtime":1696309479,"views":24,"p1id":"kinggodzila","p2id":"boomoppa","formatid":"gen9nationaldexdoubles","rating":1227,"private":0,"password":""}