{"id":"gen9nationaldexdoubles-1983842862","p1":"Greenheart_YT","p2":"Tempest2110","format":"[Gen 9] National Dex Doubles","log":"|j|\u2606Greenheart_YT\n|j|\u2606Tempest2110\n|t:|1699190533\n|gametype|doubles\n|player|p1|Greenheart_YT|iono|1085\n|player|p2|Tempest2110|flannery|1097\n|teamsize|p1|6\n|teamsize|p2|6\n|gen|9\n|tier|[Gen 9] National Dex Doubles\n|rated|\n|rule|HP Percentage Mod: HP is shown in percentages\n|rule|Endless Battle Clause: Forcing endless battles is banned\n|rule|OHKO Clause: OHKO moves are banned\n|rule|Evasion Moves Clause: Evasion moves are banned\n|rule|Evasion Abilities Clause: Evasion abilities are banned\n|rule|Species Clause: Limit one of each Pok\u00e9mon\n|rule|Gravity Sleep Clause: The combination of sleep-inducing moves with imperfect accuracy and Gravity or Gigantamax Orbeetle are banned\n|clearpoke\n|poke|p1|Palafin, M|\n|poke|p1|Sinistcha-Masterpiece|\n|poke|p1|Pelipper, F|\n|poke|p1|Beartic, F|\n|poke|p1|Armarouge, M|\n|poke|p1|Torkoal, F|\n|poke|p2|Oricorio-Pom-Pom, M|\n|poke|p2|Volcarona, M|\n|poke|p2|Lilligant, F|\n|poke|p2|Ninetales, M|\n|poke|p2|Flutter Mane|\n|poke|p2|Talonflame, F|\n|teampreview\n|\n|t:|1699190561\n|start\n|switch|p1a: Brubber|Pelipper, F|100\/100\n|switch|p1b: Toasty Roasty|Armarouge, M|100\/100\n|switch|p2a: Kurama|Ninetales, M|100\/100\n|switch|p2b: Phoenix|Talonflame, F|100\/100\n|-weather|SunnyDay|[from] ability: Drought|[of] p2a: Kurama\n|-weather|RainDance|[from] ability: Drizzle|[of] p1a: Brubber\n|turn|1\n|c|\u2606Tempest2110|How did you get that avatar?\n|\n|t:|1699190593\n|switch|p2a: Strawb|Lilligant, F|100\/100\n|move|p2b: Phoenix|Tailwind|p2b: Phoenix\n|-sidestart|p2: Tempest2110|move: Tailwind\n|move|p1b: Toasty Roasty|Weather Ball|p2b: Phoenix\n|-supereffective|p2b: Phoenix\n|-damage|p2b: Phoenix|0 fnt\n|faint|p2b: Phoenix\n|move|p1a: Brubber|Tailwind|p1a: Brubber\n|-sidestart|p1: Greenheart_YT|move: Tailwind\n|\n|-weather|RainDance|[upkeep]\n|upkeep\n|\n|t:|1699190608\n|switch|p2b: Kurama|Ninetales, M|100\/100\n|-weather|SunnyDay|[from] ability: Drought|[of] p2b: Kurama\n|turn|2\n|\n|t:|1699190636\n|move|p1a: Brubber|Helping Hand|p1b: Toasty Roasty\n|-singleturn|p1b: Toasty Roasty|Helping Hand|[of] p1a: Brubber\n|move|p2a: Strawb|Energy Ball|p1a: Brubber\n|-damage|p1a: Brubber|29\/100\n|move|p2b: Kurama|Extrasensory|p1b: Toasty Roasty\n|-resisted|p1b: Toasty Roasty\n|-damage|p1b: Toasty Roasty|88\/100\n|move|p1b: Toasty Roasty|Psychic|p2b: Kurama\n|-damage|p2b: Kurama|25\/100\n|\n|-weather|SunnyDay|[upkeep]\n|upkeep\n|turn|3\n|c|\u2606Greenheart_YT|Well, there's this webside where you can get codes to change your avatar\n|c|\u2606Tempest2110|oh, I didn't know that...\n|\n|t:|1699190697\n|switch|p2b: Color Guard|Oricorio-Pom-Pom, M|100\/100\n|switch|p1a: Roasty Toasty|Torkoal, F|100\/100\n|move|p2a: Strawb|Petal Dance|p1b: Toasty Roasty\n|-resisted|p1b: Toasty Roasty\n|-crit|p1b: Toasty Roasty\n|-damage|p1b: Toasty Roasty|33\/100\n|-activate|p2b: Color Guard|ability: Dancer\n|move|p2b: Color Guard|Petal Dance|p1a: Roasty Toasty|[from]ability: Dancer\n|-resisted|p1a: Roasty Toasty\n|-damage|p1a: Roasty Toasty|80\/100\n|move|p1b: Toasty Roasty|Armor Cannon|p2a: Strawb\n|-supereffective|p2a: Strawb\n|-damage|p2a: Strawb|0 fnt\n|-unboost|p1b: Toasty Roasty|def|1\n|-unboost|p1b: Toasty Roasty|spd|1\n|faint|p2a: Strawb\n|\n|-weather|SunnyDay|[upkeep]\n|-heal|p1a: Roasty Toasty|87\/100|[from] item: Leftovers\n|upkeep\n|c|\u2606Greenheart_YT|There's a lot of avatars you can get\n|\n|t:|1699190712\n|switch|p2a: Solar|Volcarona, M|100\/100\n|turn|4\n|\n|t:|1699190744\n|switch|p1b: Soup|Sinistcha-Masterpiece|100\/100\n|-heal|p1a: Roasty Toasty|100\/100|[from] ability: Hospitality|[of] p1b: Soup\n|move|p2a: Solar|Quiver Dance|p2a: Solar\n|-boost|p2a: Solar|spa|1\n|-boost|p2a: Solar|spd|1\n|-boost|p2a: Solar|spe|1\n|-activate|p2b: Color Guard|ability: Dancer\n|move|p2b: Color Guard|Quiver Dance|p2b: Color Guard|[from]ability: Dancer\n|-boost|p2b: Color Guard|spa|1\n|-boost|p2b: Color Guard|spd|1\n|-boost|p2b: Color Guard|spe|1\n|move|p2b: Color Guard|Revelation Dance|p1b: Soup\n|-resisted|p1b: Soup\n|-damage|p1b: Soup|69\/100\n|move|p1a: Roasty Toasty|Yawn|p2a: Solar\n|-start|p2a: Solar|move: Yawn|[of] p1a: Roasty Toasty\n|\n|-weather|SunnyDay|[upkeep]\n|-heal|p1b: Soup|75\/100|[from] item: Leftovers\n|-sideend|p1: Greenheart_YT|move: Tailwind\n|-sideend|p2: Tempest2110|move: Tailwind\n|upkeep\n|turn|5\n|c|\u2606Tempest2110|what's the website? Or are you not able to tell me?\n|\n|t:|1699190783\n|-terastallize|p2b: Color Guard|Electric\n|move|p1b: Soup|Protect|p1b: Soup\n|-singleturn|p1b: Soup|Protect\n|move|p2a: Solar|Fiery Dance|p1b: Soup\n|-activate|p1b: Soup|move: Protect\n|move|p2b: Color Guard|Revelation Dance|p1a: Roasty Toasty\n|-damage|p1a: Roasty Toasty|0 fnt\n|faint|p1a: Roasty Toasty\n|\n|-weather|SunnyDay|[upkeep]\n|-heal|p1b: Soup|81\/100|[from] item: Leftovers\n|-end|p2a: Solar|move: Yawn|[silent]\n|-status|p2a: Solar|slp\n|upkeep\n|c|\u2606Greenheart_YT|It's public so you can find a tutorial on how to find it on like Youtube or Google\n|\n|t:|1699190815\n|switch|p1a: Brubber|Pelipper, F|29\/100\n|-weather|RainDance|[from] ability: Drizzle|[of] p1a: Brubber\n|turn|6\n|c|\u2606Tempest2110|Oh, ok thx\n|\n|t:|1699190843\n|switch|p1b: Pop|Palafin, M|100\/100\n|cant|p2a: Solar|slp\n|move|p2b: Color Guard|Revelation Dance|p1a: Brubber\n|-supereffective|p1a: Brubber\n|-damage|p1a: Brubber|0 fnt\n|faint|p1a: Brubber\n|\n|-weather|RainDance|[upkeep]\n|upkeep\n|\n|t:|1699190848\n|switch|p1a: SHIBI|Beartic, F|100\/100\n|turn|7\n|\n|t:|1699190879\n|detailschange|p1b: Pop|Palafin-Hero, M\n|switch|p1b: Soup|Sinistcha-Masterpiece|81\/100\n|-terastallize|p1a: SHIBI|Fairy\n|cant|p2a: Solar|slp\n|move|p1a: SHIBI|Play Rough|p2b: Color Guard\n|-damage|p2b: Color Guard|2\/100\n|-damage|p1a: SHIBI|91\/100|[from] item: Life Orb\n|move|p2b: Color Guard|Revelation Dance|p1b: Soup\n|-resisted|p1b: Soup\n|-crit|p1b: Soup\n|-damage|p1b: Soup|13\/100\n|\n|-weather|RainDance|[upkeep]\n|-heal|p2b: Color Guard|8\/100|[from] item: Leftovers\n|-heal|p1b: Soup|19\/100|[from] item: Leftovers\n|upkeep\n|turn|8\n|c|\u2606Greenheart_YT|No prob\n|\n|t:|1699190918\n|cant|p2a: Solar|slp\n|move|p1a: SHIBI|Crunch|p2a: Solar\n|-damage|p2a: Solar|42\/100 slp\n|-status|p1a: SHIBI|brn|[from] ability: Flame Body|[of] p2a: Solar\n|-damage|p1a: SHIBI|81\/100 brn|[from] item: Life Orb\n|move|p2b: Color Guard|Revelation Dance|p1a: SHIBI\n|-damage|p1a: SHIBI|0 fnt\n|faint|p1a: SHIBI\n|move|p1b: Soup|Matcha Gotcha|p2a: Solar|[spread] p2a,p2b\n|-resisted|p2a: Solar\n|-damage|p2a: Solar|38\/100 slp\n|-heal|p1b: Soup|21\/100|[from] drain|[of] p2a: Solar\n|-damage|p2b: Color Guard|0 fnt\n|-heal|p1b: Soup|24\/100|[from] drain|[of] p2b: Color Guard\n|faint|p2b: Color Guard\n|\n|-weather|RainDance|[upkeep]\n|-heal|p1b: Soup|30\/100|[from] item: Leftovers\n|upkeep\n|\n|t:|1699190927\n|switch|p2b: Kurama|Ninetales, M|25\/100\n|switch|p1a: Pop|Palafin-Hero, M|100\/100\n|-activate|p1a: Pop|ability: Zero to Hero\n|-weather|SunnyDay|[from] ability: Drought|[of] p2b: Kurama\n|turn|9\n|\n|t:|1699190946\n|move|p1a: Pop|Jet Punch|p2a: Solar\n|-supereffective|p2a: Solar\n|-damage|p2a: Solar|0 fnt\n|faint|p2a: Solar\n|move|p2b: Kurama|Solar Beam||[still]\n|-prepare|p2b: Kurama|Solar Beam\n|-anim|p2b: Kurama|Solar Beam|p1a: Pop\n|-supereffective|p1a: Pop\n|-damage|p1a: Pop|52\/100\n|move|p1b: Soup|Matcha Gotcha|p2b: Kurama|[miss]\n|-miss|p1b: Soup|p2b: Kurama\n|\n|-weather|SunnyDay|[upkeep]\n|-heal|p1b: Soup|36\/100|[from] item: Leftovers\n|upkeep\n|\n|t:|1699190957\n|switch|p2a: Flutterby|Flutter Mane|100\/100\n|-activate|p2a: Flutterby|ability: Protosynthesis\n|-start|p2a: Flutterby|protosynthesisspa\n|turn|10\n|\n|t:|1699190987\n|move|p1a: Pop|Jet Punch|p2a: Flutterby\n|-crit|p2a: Flutterby\n|-damage|p2a: Flutterby|44\/100\n|move|p2a: Flutterby|Calm Mind|p2a: Flutterby\n|-boost|p2a: Flutterby|spa|1\n|-boost|p2a: Flutterby|spd|1\n|move|p2b: Kurama|Solar Beam||[still]\n|-prepare|p2b: Kurama|Solar Beam\n|-anim|p2b: Kurama|Solar Beam|p1a: Pop\n|-supereffective|p1a: Pop\n|-damage|p1a: Pop|3\/100\n|move|p1b: Soup|Matcha Gotcha|p2a: Flutterby|[spread] p2a\n|-miss|p1b: Soup|p2b: Kurama\n|-damage|p2a: Flutterby|29\/100\n|-heal|p1b: Soup|42\/100|[from] drain|[of] p2a: Flutterby\n|\n|-weather|SunnyDay|[upkeep]\n|-heal|p1b: Soup|48\/100|[from] item: Leftovers\n|upkeep\n|turn|11\n|\n|t:|1699191019\n|move|p1a: Pop|Jet Punch|p2a: Flutterby\n|-damage|p2a: Flutterby|0 fnt\n|faint|p2a: Flutterby\n|-end|p2a: Flutterby|Protosynthesis|[silent]\n|move|p2b: Kurama|Energy Ball|p1a: Pop\n|-supereffective|p1a: Pop\n|-damage|p1a: Pop|0 fnt\n|faint|p1a: Pop\n|move|p1b: Soup|Matcha Gotcha|p2b: Kurama\n|-resisted|p2b: Kurama\n|-damage|p2b: Kurama|9\/100\n|-heal|p1b: Soup|55\/100|[from] drain|[of] p2b: Kurama\n|\n|-weather|SunnyDay|[upkeep]\n|-heal|p1b: Soup|61\/100|[from] item: Leftovers\n|upkeep\n|c|\u2606Greenheart_YT|This team is highly experimental. I hope it was a worthy foe\n|\n|t:|1699191040\n|switch|p1a: Toasty Roasty|Armarouge, M|33\/100\n|turn|12\n|c|\u2606Tempest2110|Very much so, gg\n|\n|t:|1699191053\n|move|p2b: Kurama|Flamethrower|p1b: Soup\n|-supereffective|p1b: Soup\n|-damage|p1b: Soup|0 fnt\n|faint|p1b: Soup\n|move|p1a: Toasty Roasty|Armor Cannon|p2b: Kurama\n|-resisted|p2b: Kurama\n|-damage|p2b: Kurama|0 fnt\n|-unboost|p1a: Toasty Roasty|def|1\n|-unboost|p1a: Toasty Roasty|spd|1\n|faint|p2b: Kurama\n|\n|win|Greenheart_YT\n|raw|Greenheart_YT's rating: 1085 &rarr; <strong>1113<\/strong><br \/>(+28 for winning)\n|raw|Tempest2110's rating: 1097 &rarr; <strong>1072<\/strong><br \/>(-25 for losing)\n|c|\u2606Greenheart_YT|GG\n","uploadtime":1699191067,"views":5,"p1id":"greenheartyt","p2id":"tempest2110","formatid":"gen9nationaldexdoubles","rating":1072,"private":0,"password":""}