{"id":"gen9nationaldexdoubles-1960189270","p1":"MMPR_RPM","p2":"Golbur","format":"[Gen 9] National Dex Doubles","log":"|j|\u2606MMPR_RPM\n|j|\u2606Golbur\n|t:|1696504287\n|gametype|doubles\n|player|p1|MMPR_RPM|blue|1000\n|player|p2|Golbur|roxie|1084\n|teamsize|p1|6\n|teamsize|p2|6\n|gen|9\n|tier|[Gen 9] National Dex Doubles\n|rated|\n|rule|HP Percentage Mod: HP is shown in percentages\n|rule|Endless Battle Clause: Forcing endless battles is banned\n|rule|OHKO Clause: OHKO moves are banned\n|rule|Evasion Moves Clause: Evasion moves are banned\n|rule|Evasion Abilities Clause: Evasion abilities are banned\n|rule|Species Clause: Limit one of each Pok\u00e9mon\n|rule|Gravity Sleep Clause: The combination of sleep-inducing moves with imperfect accuracy and Gravity or Gigantamax Orbeetle are banned\n|clearpoke\n|poke|p1|Empoleon, F|\n|poke|p1|Gholdengo|\n|poke|p1|Kingambit, M|\n|poke|p1|Tinkaton, F|\n|poke|p1|Corviknight, F|\n|poke|p1|Copperajah, M|\n|poke|p2|Aromatisse, F|\n|poke|p2|Stakataka|\n|poke|p2|Torterra, M|\n|poke|p2|Vivillon-Elegant, M|\n|poke|p2|Grapploct, M|\n|poke|p2|Tsareena, F|\n|teampreview\n|inactive|Battle timer is ON: inactive players will automatically lose when time's up. (requested by Golbur)\n|\n|t:|1696504300\n|start\n|switch|p1a: Corviknight|Corviknight, F|100\/100\n|switch|p1b: Gholdengo|Gholdengo|100\/100\n|switch|p2a: Stakataka|Stakataka|100\/100\n|switch|p2b: Goopie|Torterra, M|100\/100\n|turn|1\n|\n|t:|1696504318\n|move|p1b: Gholdengo|Make It Rain|p2a: Stakataka|[spread] p2a,p2b\n|-damage|p2a: Stakataka|43\/100\n|-damage|p2b: Goopie|52\/100\n|-unboost|p1b: Gholdengo|spa|1\n|move|p1a: Corviknight|Fly||[still]\n|-prepare|p1a: Corviknight|Fly\n|move|p2b: Goopie|Light Screen|p2b: Goopie\n|-sidestart|p2: Golbur|move: Light Screen\n|move|p2a: Stakataka|Trick Room|p2a: Stakataka\n|-fieldstart|move: Trick Room|[of] p2a: Stakataka\n|\n|upkeep\n|turn|2\n|-activate|p1a: Corviknight|item: Quick Claw\n|\n|t:|1696504338\n|switch|p1b: Copperajah|Copperajah, M|100\/100\n|move|p1a: Corviknight|Fly|p2b: Goopie|[from]lockedmove\n|-supereffective|p2b: Goopie\n|-damage|p2b: Goopie|0 fnt\n|faint|p2b: Goopie\n|move|p2a: Stakataka|Gyro Ball|p1b: Copperajah\n|-resisted|p1b: Copperajah\n|-damage|p1b: Copperajah|74\/100\n|\n|upkeep\n|inactive|Golbur has 120 seconds left.\n|\n|t:|1696504354\n|switch|p2b: Zippie|Vivillon-Elegant, M|100\/100\n|turn|3\n|inactive|MMPR_RPM has 120 seconds left.\n|-activate|p1a: Corviknight|item: Quick Claw\n|\n|t:|1696504396\n|switch|p1b: Tinkaton|Tinkaton, F|100\/100\n|-ability|p1b: Tinkaton|Mold Breaker\n|move|p1a: Corviknight|Reflect|p1a: Corviknight\n|-sidestart|p1: MMPR_RPM|Reflect\n|move|p2a: Stakataka|Gyro Ball|p1a: Corviknight\n|-resisted|p1a: Corviknight\n|-damage|p1a: Corviknight|73\/100\n|move|p2b: Zippie|Pollen Puff|p2a: Stakataka\n|-heal|p2a: Stakataka|93\/100\n|\n|upkeep\n|turn|4\n|inactive|MMPR_RPM has 120 seconds left.\n|inactive|MMPR_RPM has 90 seconds left.\n|-activate|p1a: Corviknight|item: Quick Claw\n|\n|t:|1696504452\n|move|p1b: Tinkaton|Fake Out|p2b: Zippie\n|-damage|p2b: Zippie|90\/100\n|move|p1a: Corviknight|Body Press|p2a: Stakataka\n|-supereffective|p2a: Stakataka\n|-damage|p2a: Stakataka|49\/100\n|move|p2a: Stakataka|Gyro Ball|p1b: Tinkaton\n|-damage|p1b: Tinkaton|41\/100\n|cant|p2b: Zippie|flinch\n|\n|upkeep\n|turn|5\n|inactive|MMPR_RPM has 90 seconds left.\n|inactive|Golbur has 120 seconds left.\n|c|\u2606Golbur|Your quick claw just activated 3 times in a row\n|c|\u2606MMPR_RPM|Wait really?\n|c|\u2606Golbur|I want your luck\n|inactive|Golbur has 90 seconds left.\n|c|\u2606MMPR_RPM|I get that feeling too\n|-activate|p1b: Tinkaton|item: Quick Claw\n|\n|t:|1696504516\n|move|p1b: Tinkaton|Gigaton Hammer|p2b: Zippie\n|-damage|p2b: Zippie|19\/100\n|move|p2a: Stakataka|Gyro Ball|p1b: Tinkaton\n|-damage|p1b: Tinkaton|0 fnt\n|faint|p1b: Tinkaton\n|-ability|p2a: Stakataka|Beast Boost|boost\n|-boost|p2a: Stakataka|def|1\n|move|p2b: Zippie|Pollen Puff|p2a: Stakataka\n|-heal|p2a: Stakataka|99\/100\n|move|p1a: Corviknight|Body Press|p2a: Stakataka\n|-supereffective|p2a: Stakataka\n|-damage|p2a: Stakataka|67\/100\n|\n|-fieldend|move: Trick Room\n|upkeep\n|c|\u2606MMPR_RPM|BRO WHAT???\n|\n|t:|1696504537\n|switch|p1b: Empoleon|Empoleon, F|100\/100\n|turn|6\n|inactive|MMPR_RPM has 90 seconds left.\n|c|\u2606MMPR_RPM|Nah this feels like cheating\n|\n|t:|1696504561\n|move|p1a: Corviknight|Body Press|p2a: Stakataka\n|-supereffective|p2a: Stakataka\n|-damage|p2a: Stakataka|36\/100\n|move|p2b: Zippie|Sleep Powder|p1b: Empoleon\n|-status|p1b: Empoleon|slp|[from] move: Sleep Powder\n|cant|p1b: Empoleon|slp\n|move|p2a: Stakataka|Trick Room|p2a: Stakataka\n|-fieldstart|move: Trick Room|[of] p2a: Stakataka\n|\n|upkeep\n|turn|7\n|inactive|MMPR_RPM has 90 seconds left.\n|inactive|Golbur has 120 seconds left.\n|inactive|MMPR_RPM has 60 seconds left.\n|\n|t:|1696504603\n|switch|p1b: Kingambit|Kingambit, M|100\/100\n|-activate|p1b: Kingambit|ability: Supreme Overlord\n|-start|p1b: Kingambit|fallen1|[silent]\n|move|p2a: Stakataka|Gyro Ball|p1a: Corviknight\n|-resisted|p1a: Corviknight\n|-damage|p1a: Corviknight|46\/100\n|move|p2b: Zippie|Pollen Puff|p2a: Stakataka\n|-heal|p2a: Stakataka|86\/100\n|move|p1a: Corviknight|Body Slam|p2b: Zippie\n|-damage|p2b: Zippie|0 fnt\n|faint|p2b: Zippie\n|\n|-sideend|p1: MMPR_RPM|Reflect\n|upkeep\n|\n|t:|1696504617\n|switch|p2b: Grapploct|Grapploct, M|100\/100\n|turn|8\n|\n|t:|1696504634\n|move|p2a: Stakataka|Gyro Ball|p1a: Corviknight\n|-resisted|p1a: Corviknight\n|-damage|p1a: Corviknight|9\/100\n|move|p2b: Grapploct|Octolock|p1b: Kingambit\n|-start|p1b: Kingambit|move: Octolock|[of] p2b: Grapploct\n|move|p1b: Kingambit|Power-Up Punch|p2a: Stakataka\n|-supereffective|p2a: Stakataka\n|-damage|p2a: Stakataka|63\/100\n|-boost|p1b: Kingambit|atk|1\n|move|p1a: Corviknight|Reflect|p1a: Corviknight\n|-sidestart|p1: MMPR_RPM|Reflect\n|\n|-unboost|p1b: Kingambit|def|1\n|-unboost|p1b: Kingambit|spd|1\n|-sideend|p2: Golbur|move: Light Screen\n|upkeep\n|turn|9\n|inactive|MMPR_RPM has 90 seconds left.\n|inactive|MMPR_RPM has 60 seconds left.\n|-activate|p1b: Kingambit|item: Quick Claw\n|\n|t:|1696504683\n|-terastallize|p1b: Kingambit|Fighting\n|move|p1b: Kingambit|Low Sweep|p2b: Grapploct\n|-damage|p2b: Grapploct|40\/100\n|-unboost|p2b: Grapploct|spe|1\n|move|p2a: Stakataka|Gyro Ball|p1a: Corviknight\n|-resisted|p1a: Corviknight\n|-damage|p1a: Corviknight|0 fnt\n|faint|p1a: Corviknight\n|-ability|p2a: Stakataka|Beast Boost|boost\n|-boost|p2a: Stakataka|def|1\n|move|p2b: Grapploct|Drain Punch|p1b: Kingambit\n|-damage|p1b: Kingambit|73\/100\n|-heal|p2b: Grapploct|54\/100|[from] drain|[of] p1b: Kingambit\n|\n|-heal|p2b: Grapploct|60\/100|[from] item: Leftovers\n|-unboost|p1b: Kingambit|def|1\n|-unboost|p1b: Kingambit|spd|1\n|upkeep\n|\n|t:|1696504705\n|switch|p1a: Gholdengo|Gholdengo|100\/100\n|turn|10\n|inactive|MMPR_RPM has 60 seconds left.\n|\n|t:|1696504723\n|move|p2a: Stakataka|Gyro Ball|p1a: Gholdengo\n|-resisted|p1a: Gholdengo\n|-damage|p1a: Gholdengo|71\/100\n|move|p2b: Grapploct|Drain Punch|p1b: Kingambit\n|-crit|p1b: Kingambit\n|-damage|p1b: Kingambit|0 fnt\n|-heal|p2b: Grapploct|96\/100|[from] drain|[of] p1b: Kingambit\n|faint|p1b: Kingambit\n|-end|p1b: Kingambit|fallen1|[silent]\n|move|p1a: Gholdengo|Shadow Ball|p2a: Stakataka\n|-damage|p2a: Stakataka|23\/100\n|-unboost|p2a: Stakataka|spd|1\n|-enditem|p2a: Stakataka|Aguav Berry|[eat]\n|-heal|p2a: Stakataka|56\/100|[from] item: Aguav Berry\n|\n|-heal|p2b: Grapploct|100\/100|[from] item: Leftovers\n|-fieldend|move: Trick Room\n|upkeep\n|\n|t:|1696504742\n|switch|p1b: Copperajah|Copperajah, M|74\/100\n|turn|11\n|inactive|MMPR_RPM has 60 seconds left.\n|\n|t:|1696504760\n|move|p1a: Gholdengo|Focus Blast|p2a: Stakataka\n|-supereffective|p2a: Stakataka\n|-damage|p2a: Stakataka|0 fnt\n|faint|p2a: Stakataka\n|move|p1b: Copperajah|Power Whip|p2b: Grapploct\n|-damage|p2b: Grapploct|59\/100\n|move|p2b: Grapploct|Octolock|p1b: Copperajah\n|-start|p1b: Copperajah|move: Octolock|[of] p2b: Grapploct\n|\n|-heal|p2b: Grapploct|65\/100|[from] item: Leftovers\n|-unboost|p1b: Copperajah|def|1\n|-unboost|p1b: Copperajah|spd|1\n|upkeep\n|c|\u2606Golbur|The luck is unprecedented\n|c|\u2606Golbur|you hit focus blast\n|inactive|Golbur has 120 seconds left.\n|c|\u2606Golbur|(impossible)\n|\n|t:|1696504802\n|switch|p2a: Pippie|Tsareena, F|100\/100\n|turn|12\n|c|\u2606MMPR_RPM|(What is that melody!)\n|inactive|Golbur has 120 seconds left.\n|inactive|MMPR_RPM has 60 seconds left.\n|\n|t:|1696504840\n|move|p1a: Gholdengo|Shadow Ball|p2a: Pippie\n|-damage|p2a: Pippie|58\/100\n|move|p2a: Pippie|High Jump Kick|p1b: Copperajah\n|-supereffective|p1b: Copperajah\n|-damage|p1b: Copperajah|0 fnt\n|faint|p1b: Copperajah\n|move|p2b: Grapploct|Ice Punch|p1a: Gholdengo\n|-resisted|p1a: Gholdengo\n|-damage|p1a: Gholdengo|62\/100\n|\n|-heal|p2b: Grapploct|71\/100|[from] item: Leftovers\n|-sideend|p1: MMPR_RPM|Reflect\n|upkeep\n|\n|t:|1696504854\n|switch|p1b: Empoleon|Empoleon, F|100\/100 slp\n|turn|13\n|inactive|MMPR_RPM has 60 seconds left.\n|\n|t:|1696504868\n|move|p1a: Gholdengo|Make It Rain|p2b: Grapploct|[spread] p2a,p2b\n|-damage|p2a: Pippie|0 fnt\n|-damage|p2b: Grapploct|10\/100\n|-unboost|p1a: Gholdengo|spa|1\n|faint|p2a: Pippie\n|-curestatus|p1b: Empoleon|slp|[msg]\n|move|p1b: Empoleon|Flip Turn|p2b: Grapploct\n|-damage|p2b: Grapploct|0 fnt\n|faint|p2b: Grapploct\n|\n|upkeep\n|c|\u2606Golbur|Bruhh\n|\n|t:|1696504886\n|switch|p2b: Spoopie|Aromatisse, F|100\/100\n|turn|14\n|c|\u2606MMPR_RPM|The f***\n|c|\u2606MMPR_RPM|Man i'll just resign\n|inactive|MMPR_RPM has 60 seconds left.\n|c|\u2606MMPR_RPM|This feels cheating\n|c|\u2606Golbur|Nah\n|c|\u2606Golbur|just end me\n|c|\u2606MMPR_RPM|I'll end you in a good way, my friend\n|inactive|MMPR_RPM has 30 seconds left.\n|\n|t:|1696504944\n|-terastallize|p2b: Spoopie|Electric\n|move|p1a: Gholdengo|Make It Rain|p2b: Spoopie\n|-resisted|p2b: Spoopie\n|-damage|p2b: Spoopie|78\/100\n|-unboost|p1a: Gholdengo|spa|1\n|move|p1b: Empoleon|Flip Turn|p2b: Spoopie\n|-crit|p2b: Spoopie\n|-damage|p2b: Spoopie|32\/100\n|move|p2b: Spoopie|Nasty Plot|p2b: Spoopie\n|-boost|p2b: Spoopie|spa|2\n|\n|upkeep\n|turn|15\n|c|\u2606Golbur|Beuhhhh\n|c|\u2606MMPR_RPM|\ud83d\uddff\n|inactive|MMPR_RPM has 30 seconds left.\n|\n|t:|1696504973\n|move|p1b: Empoleon|Aqua Jet|p2b: Spoopie\n|-damage|p2b: Spoopie|12\/100\n|-enditem|p2b: Spoopie|Aguav Berry|[eat]\n|-heal|p2b: Spoopie|46\/100|[from] item: Aguav Berry\n|move|p1a: Gholdengo|Shadow Ball|p2b: Spoopie\n|-damage|p2b: Spoopie|27\/100\n|move|p2b: Spoopie|Thunderbolt|p1a: Gholdengo\n|-damage|p1a: Gholdengo|0 fnt\n|faint|p1a: Gholdengo\n|\n|upkeep\n|turn|16\n|c|\u2606MMPR_RPM|No stab attack?\n|l|\u2606Golbur\n|inactive|Golbur disconnected and has a minute to reconnect!\n|player|p2|\n|c|\u2606MMPR_RPM|Nvm\n|c|\u2606MMPR_RPM|NOOOOO\n|inactive|MMPR_RPM has 30 seconds left.\n|inactive|MMPR_RPM has 20 seconds left.\n|inactive|MMPR_RPM has 15 seconds left.\n|inactive|MMPR_RPM has 10 seconds left.\n|inactive|Golbur has 30 seconds to reconnect!\n|inactive|MMPR_RPM has 5 seconds left.\n|inactive|Golbur has 20 seconds to reconnect!\n|-message|MMPR_RPM lost due to inactivity.\n|\n|win|Golbur\n|raw|MMPR_RPM's rating: 1000 &rarr; <strong>1000<\/strong><br \/>(+0 for losing)\n|raw|Golbur's rating: 1084 &rarr; <strong>1105<\/strong><br \/>(+21 for winning)\n|j|\u2606Golbur\n|player|p2|Golbur|roxie\n|c|\u2606Golbur|Whar\n|c|\u2606Golbur|Why didn't you move\n|c|\u2606MMPR_RPM|Didn't feel like it\n|c|\u2606Golbur|Ok\n|c|\u2606MMPR_RPM|I thought u raged ngl\n|c|\u2606Golbur|Gg?\n|c|\u2606Golbur|no\n|c|\u2606Golbur|I just lost connection\n|c|\u2606MMPR_RPM|Gg, my friend\n|c|\u2606MMPR_RPM|Oooooh\n|c|\u2606Golbur|because I walked into another room\n|c|\u2606MMPR_RPM|Oh\n|c|\u2606Golbur|gg tho\n|c|\u2606Golbur|bye\n","uploadtime":1696505142,"views":11,"p1id":"mmprrpm","p2id":"golbur","formatid":"gen9nationaldexdoubles","rating":1000,"private":0,"password":""}