{"id":"gen9nationaldexdoubles-1965047463","p1":"Icy Kirby Ronin","p2":"braislago98","format":"[Gen 9] National Dex Doubles","log":"|j|\u2606Icy Kirby Ronin\n|j|\u2606braislago98\n|t:|1697038329\n|gametype|doubles\n|player|p1|Icy Kirby Ronin|bianca|\n|player|p2|braislago98|1|\n|teamsize|p1|6\n|teamsize|p2|6\n|gen|9\n|tier|[Gen 9] National Dex Doubles\n|rule|HP Percentage Mod: HP is shown in percentages\n|rule|Endless Battle Clause: Forcing endless battles is banned\n|rule|OHKO Clause: OHKO moves are banned\n|rule|Evasion Moves Clause: Evasion moves are banned\n|rule|Evasion Abilities Clause: Evasion abilities are banned\n|rule|Species Clause: Limit one of each Pok\u00e9mon\n|rule|Gravity Sleep Clause: The combination of sleep-inducing moves with imperfect accuracy and Gravity or Gigantamax Orbeetle are banned\n|clearpoke\n|poke|p1|Clefairy, F|\n|poke|p1|Torkoal, M|\n|poke|p1|Chi-Yu|\n|poke|p1|Flutter Mane|\n|poke|p1|Iron Hands|\n|poke|p1|Amoonguss, F|\n|poke|p2|Raichu-Alola, F|\n|poke|p2|Thundurus-Therian, M|\n|poke|p2|Iron Hands|\n|poke|p2|Pincurchin, M|\n|poke|p2|Electivire, M|\n|poke|p2|Hydreigon, M|\n|teampreview\n|inactive|Battle timer is ON: inactive players will automatically lose when time's up. (requested by Icy Kirby Ronin)\n|c|\u2606Icy Kirby Ronin|Buena suerte\n|inactive|braislago98 has 270 seconds left.\n|c|\u2606braislago98|gl\n|\n|t:|1697038372\n|start\n|switch|p1a: Ferro-Tanque|Iron Hands, shiny|100\/100\n|switch|p1b: Flutter Mane|Flutter Mane|100\/100\n|switch|p2a: Pincurchin|Pincurchin, M|100\/100\n|switch|p2b: Iron Hands|Iron Hands|100\/100\n|-fieldstart|move: Electric Terrain|[from] ability: Electric Surge|[of] p2a: Pincurchin\n|-activate|p2b: Iron Hands|ability: Quark Drive\n|-start|p2b: Iron Hands|quarkdriveatk\n|-activate|p1a: Ferro-Tanque|ability: Quark Drive\n|-start|p1a: Ferro-Tanque|quarkdriveatk\n|turn|1\n|\n|t:|1697038399\n|-end|p1b: Flutter Mane|Protosynthesis|[silent]\n|switch|p1b: Amoonguss|Amoonguss, F, shiny|100\/100\n|move|p1a: Ferro-Tanque|Fake Out|p2b: Iron Hands\n|-damage|p2b: Iron Hands|87\/100\n|cant|p2b: Iron Hands|flinch\n|move|p2a: Pincurchin|Toxic Spikes|p1a: Ferro-Tanque\n|-sidestart|p1: Icy Kirby Ronin|move: Toxic Spikes\n|\n|upkeep\n|turn|2\n|\n|t:|1697038416\n|move|p2b: Iron Hands|Ice Punch|p1b: Amoonguss\n|-supereffective|p1b: Amoonguss\n|-damage|p1b: Amoonguss|34\/100\n|-status|p1b: Amoonguss|frz\n|move|p1a: Ferro-Tanque|Heavy Slam|p2a: Pincurchin\n|-resisted|p2a: Pincurchin\n|-damage|p2a: Pincurchin|79\/100\n|cant|p1b: Amoonguss|frz\n|move|p2a: Pincurchin|Toxic Spikes|p1a: Ferro-Tanque\n|-sidestart|p1: Icy Kirby Ronin|move: Toxic Spikes\n|\n|-heal|p1b: Amoonguss|40\/100 frz|[from] item: Leftovers\n|upkeep\n|turn|3\n|c|\u2606Icy Kirby Ronin|Congelaci\u00f3n a la primera ._.\n|\n|t:|1697038444\n|switch|p1b: Torkoal|Torkoal, M|100\/100\n|-status|p1b: Torkoal|tox\n|-weather|SunnyDay|[from] ability: Drought|[of] p1b: Torkoal\n|move|p2b: Iron Hands|Wild Charge|p1b: Torkoal\n|-damage|p1b: Torkoal|38\/100 tox\n|-damage|p2b: Iron Hands|76\/100|[from] Recoil\n|move|p1a: Ferro-Tanque|Drain Punch|p2a: Pincurchin\n|-damage|p2a: Pincurchin|37\/100\n|move|p2a: Pincurchin|Discharge|p1a: Ferro-Tanque|[spread] p2b,p1a,p1b\n|-resisted|p2b: Iron Hands\n|-resisted|p1a: Ferro-Tanque\n|-crit|p1a: Ferro-Tanque\n|-damage|p2b: Iron Hands|70\/100\n|-damage|p1a: Ferro-Tanque|91\/100\n|-damage|p1b: Torkoal|14\/100 tox\n|\n|-weather|SunnyDay|[upkeep]\n|-damage|p1b: Torkoal|8\/100 tox|[from] psn\n|upkeep\n|turn|4\n|inactive|Icy Kirby Ronin has 270 seconds left.\n|c|\u2606braislago98|xd sry\n|c|\u2606Icy Kirby Ronin|La vez pasada fue pura para esta vez ser\u00e1 puro hielo?\n|\n|t:|1697038496\n|move|p2b: Iron Hands|Drain Punch|p1b: Torkoal\n|-damage|p1b: Torkoal|0 fnt\n|-heal|p2b: Iron Hands|72\/100|[from] drain|[of] p1b: Torkoal\n|faint|p1b: Torkoal\n|move|p1a: Ferro-Tanque|Drain Punch|p2a: Pincurchin\n|-damage|p2a: Pincurchin|0 fnt\n|-heal|p1a: Ferro-Tanque|100\/100|[from] drain|[of] p2a: Pincurchin\n|faint|p2a: Pincurchin\n|\n|-weather|SunnyDay|[upkeep]\n|upkeep\n|inactive|Icy Kirby Ronin has 270 seconds left.\n|\n|t:|1697038506\n|switch|p1b: Amoonguss|Amoonguss, F, shiny|73\/100 frz\n|switch|p2a: Raichu|Raichu-Alola, F|100\/100\n|-sideend|p1: Icy Kirby Ronin|move: Toxic Spikes|[of] p1b: Amoonguss\n|turn|5\n|\n|t:|1697038517\n|switch|p1b: Clefairy|Clefairy, F|100\/100\n|-terastallize|p1a: Ferro-Tanque|Grass\n|move|p2a: Raichu|Psychic|p1b: Clefairy\n|-damage|p1b: Clefairy|64\/100\n|-unboost|p1b: Clefairy|spd|1\n|-damage|p2a: Raichu|91\/100|[from] item: Life Orb\n|move|p2b: Iron Hands|Wild Charge|p1b: Clefairy\n|-damage|p1b: Clefairy|0 fnt\n|faint|p1b: Clefairy\n|-damage|p2b: Iron Hands|61\/100|[from] Recoil\n|move|p1a: Ferro-Tanque|Heavy Slam|p2a: Raichu\n|-resisted|p2a: Raichu\n|-damage|p2a: Raichu|34\/100\n|\n|-weather|SunnyDay|[upkeep]\n|upkeep\n|\n|t:|1697038537\n|switch|p1b: Amoonguss|Amoonguss, F, shiny|100\/100 frz\n|turn|6\n|\n|t:|1697038547\n|move|p2a: Raichu|Psychic|p1b: Amoonguss\n|-supereffective|p1b: Amoonguss\n|-damage|p1b: Amoonguss|3\/100 frz\n|-unboost|p1b: Amoonguss|spd|1\n|-damage|p2a: Raichu|24\/100|[from] item: Life Orb\n|move|p2b: Iron Hands|Wild Charge|p1b: Amoonguss\n|-resisted|p1b: Amoonguss\n|-damage|p1b: Amoonguss|0 fnt\n|faint|p1b: Amoonguss\n|-damage|p2b: Iron Hands|60\/100|[from] Recoil\n|move|p1a: Ferro-Tanque|Heavy Slam|p2a: Raichu\n|-resisted|p2a: Raichu\n|-damage|p2a: Raichu|0 fnt\n|faint|p2a: Raichu\n|\n|-weather|SunnyDay|[upkeep]\n|upkeep\n|\n|t:|1697038564\n|switch|p2a: Hydreigon|Hydreigon, M|100\/100\n|switch|p1b: Flutter Mane|Flutter Mane|100\/100\n|-activate|p1b: Flutter Mane|ability: Protosynthesis\n|-start|p1b: Flutter Mane|protosynthesisspe\n|turn|7\n|\n|t:|1697038571\n|-terastallize|p2a: Hydreigon|Electric\n|move|p1b: Flutter Mane|Moonblast|p2b: Iron Hands\n|-supereffective|p2b: Iron Hands\n|-damage|p2b: Iron Hands|0 fnt\n|faint|p2b: Iron Hands\n|-end|p2b: Iron Hands|Quark Drive|[silent]\n|move|p2a: Hydreigon|Heat Wave|p1b: Flutter Mane|[spread] p1a,p1b\n|-supereffective|p1a: Ferro-Tanque\n|-damage|p1a: Ferro-Tanque|59\/100\n|-damage|p1b: Flutter Mane|55\/100\n|move|p1a: Ferro-Tanque|Drain Punch|p2a: Hydreigon\n|-damage|p2a: Hydreigon|40\/100\n|-heal|p1a: Ferro-Tanque|79\/100|[from] drain|[of] p2a: Hydreigon\n|\n|-weather|SunnyDay|[upkeep]\n|upkeep\n|\n|t:|1697038587\n|switch|p2b: Thundurus|Thundurus-Therian, M|100\/100\n|turn|8\n|\n|t:|1697038596\n|move|p1b: Flutter Mane|Moonblast|p2a: Hydreigon\n|-damage|p2a: Hydreigon|0 fnt\n|faint|p2a: Hydreigon\n|move|p2b: Thundurus|Sludge Bomb|p1a: Ferro-Tanque\n|-supereffective|p1a: Ferro-Tanque\n|-damage|p1a: Ferro-Tanque|21\/100\n|move|p1a: Ferro-Tanque|Drain Punch|p2b: Thundurus\n|-resisted|p2b: Thundurus\n|-damage|p2b: Thundurus|61\/100\n|-heal|p1a: Ferro-Tanque|33\/100|[from] drain|[of] p2b: Thundurus\n|\n|-weather|SunnyDay|[upkeep]\n|-fieldend|move: Electric Terrain\n|-end|p1a: Ferro-Tanque|Quark Drive\n|upkeep\n|\n|t:|1697038607\n|switch|p2a: Electivire|Electivire, M|100\/100\n|-item|p2a: Electivire|Air Balloon\n|turn|9\n|\n|t:|1697038615\n|move|p1b: Flutter Mane|Moonblast|p2a: Electivire\n|-damage|p2a: Electivire|0 fnt\n|-enditem|p2a: Electivire|Air Balloon\n|faint|p2a: Electivire\n|move|p2b: Thundurus|Sludge Bomb|p1a: Ferro-Tanque\n|-supereffective|p1a: Ferro-Tanque\n|-crit|p1a: Ferro-Tanque\n|-damage|p1a: Ferro-Tanque|0 fnt\n|faint|p1a: Ferro-Tanque\n|-end|p1a: Ferro-Tanque|Quark Drive|[silent]\n|\n|-weather|SunnyDay|[upkeep]\n|upkeep\n|\n|t:|1697038621\n|switch|p1a: Chi-Yu|Chi-Yu|100\/100\n|-ability|p1a: Chi-Yu|Beads of Ruin\n|turn|10\n|c|\u2606braislago98|gg\n|c|\u2606Icy Kirby Ronin|GG\n|\n|t:|1697038629\n|move|p1b: Flutter Mane|Moonblast|p2b: Thundurus\n|-crit|p2b: Thundurus\n|-damage|p2b: Thundurus|0 fnt\n|faint|p2b: Thundurus\n|\n|win|Icy Kirby Ronin\n|c|\u2606Icy Kirby Ronin|Est\u00e1 vez no hubo ni una para\n|c|\u2606Icy Kirby Ronin|Eso me salv\u00f3\n|c|\u2606braislago98|xdd\n|c|\u2606Icy Kirby Ronin|*ignora el hielo epicamente*\n","uploadtime":1697038635,"views":20,"p1id":"icykirbyronin","p2id":"braislago98","formatid":"gen9nationaldexdoubles","rating":0,"private":0,"password":""}