{"id":"gen9nationaldexdoubles-1971155376","p1":"AlphaApolo","p2":"Rikard & Frida","format":"[Gen 9] National Dex Doubles","log":"|j|\u2606AlphaApolo\n|j|\u2606Rikard & Frida\n|t:|1697713966\n|gametype|doubles\n|player|p1|AlphaApolo|juan|\n|player|p2|Rikard & Frida|youngcouple-gen4dp|\n|teamsize|p1|6\n|teamsize|p2|6\n|gen|9\n|tier|[Gen 9] National Dex Doubles\n|rule|HP Percentage Mod: HP is shown in percentages\n|rule|Endless Battle Clause: Forcing endless battles is banned\n|rule|OHKO Clause: OHKO moves are banned\n|rule|Evasion Moves Clause: Evasion moves are banned\n|rule|Evasion Abilities Clause: Evasion abilities are banned\n|rule|Species Clause: Limit one of each Pok\u00e9mon\n|rule|Gravity Sleep Clause: The combination of sleep-inducing moves with imperfect accuracy and Gravity or Gigantamax Orbeetle are banned\n|clearpoke\n|poke|p1|Dragapult, M|\n|poke|p1|Dragonite, M|\n|poke|p1|Garchomp, M|\n|poke|p1|Salamence, M|\n|poke|p1|Hydreigon, M|\n|poke|p1|Kommo-o, M|\n|poke|p2|Electivire, M|\n|poke|p2|Porygon-Z|\n|poke|p2|Sceptile, M|\n|poke|p2|Infernape, M|\n|poke|p2|Greninja-*, M|\n|poke|p2|Salamence, M|\n|teampreview\n|inactive|Battle timer is ON: inactive players will automatically lose when time's up. (requested by Rikard & Frida)\n|\n|t:|1697713977\n|start\n|switch|p1a: Hydreigon|Hydreigon, M, shiny|100\/100\n|switch|p1b: Kommo-o|Kommo-o, M, shiny|100\/100\n|switch|p2a: Infernape|Infernape, M|100\/100\n|switch|p2b: Salamence|Salamence, M|100\/100\n|-ability|p2b: Salamence|Intimidate|boost\n|-unboost|p1a: Hydreigon|atk|1\n|-unboost|p1b: Kommo-o|atk|1\n|turn|1\n|\n|t:|1697713997\n|detailschange|p2b: Salamence|Salamence-Mega, M\n|-mega|p2b: Salamence|Salamence|Salamencite\n|move|p2a: Infernape|Fake Out|p1b: Kommo-o\n|-damage|p1b: Kommo-o|84\/100\n|-damage|p2a: Infernape|91\/100|[from] item: Life Orb\n|move|p2b: Salamence|Dragon Claw|p1a: Hydreigon\n|-supereffective|p1a: Hydreigon\n|-damage|p1a: Hydreigon|0 fnt\n|faint|p1a: Hydreigon\n|cant|p1b: Kommo-o|flinch\n|\n|upkeep\n|\n|t:|1697714015\n|switch|p1a: Garchomp|Garchomp, M, shiny|100\/100\n|turn|2\n|\n|t:|1697714031\n|detailschange|p1a: Garchomp|Garchomp-Mega, M, shiny\n|-mega|p1a: Garchomp|Garchomp|Garchompite\n|move|p2b: Salamence|Dragon Claw|p1b: Kommo-o\n|-supereffective|p1b: Kommo-o\n|-damage|p1b: Kommo-o|0 fnt\n|faint|p1b: Kommo-o\n|move|p2a: Infernape|Close Combat|p1a: Garchomp\n|-damage|p1a: Garchomp|37\/100\n|-unboost|p2a: Infernape|def|1\n|-unboost|p2a: Infernape|spd|1\n|-damage|p2a: Infernape|81\/100|[from] item: Life Orb\n|move|p1a: Garchomp|Scale Shot|p2b: Salamence\n|-supereffective|p2b: Salamence\n|-damage|p2b: Salamence|72\/100\n|-supereffective|p2b: Salamence\n|-damage|p2b: Salamence|46\/100\n|-supereffective|p2b: Salamence\n|-damage|p2b: Salamence|18\/100\n|-hitcount|p2b: Salamence|3\n|-unboost|p1a: Garchomp|def|1\n|-boost|p1a: Garchomp|spe|1\n|\n|upkeep\n|inactive|AlphaApolo has 270 seconds left.\n|\n|t:|1697714054\n|switch|p1b: Salamence|Salamence, M, shiny|100\/100\n|turn|3\n|\n|t:|1697714064\n|move|p1a: Garchomp|Scale Shot|p2b: Salamence\n|-supereffective|p2b: Salamence\n|-damage|p2b: Salamence|0 fnt\n|faint|p2b: Salamence\n|-hitcount|p2: Salamence|1\n|-unboost|p1a: Garchomp|def|1\n|-boost|p1a: Garchomp|spe|1\n|move|p2a: Infernape|Close Combat|p1a: Garchomp\n|-damage|p1a: Garchomp|0 fnt\n|-unboost|p2a: Infernape|def|1\n|-unboost|p2a: Infernape|spd|1\n|faint|p1a: Garchomp\n|-damage|p2a: Infernape|71\/100|[from] item: Life Orb\n|move|p1b: Salamence|Dragon Tail|p2a: Infernape\n|-damage|p2a: Infernape|0 fnt\n|faint|p2a: Infernape\n|-ability|p1b: Salamence|Moxie|boost\n|-boost|p1b: Salamence|atk|1\n|\n|upkeep\n|\n|t:|1697714086\n|switch|p2b: Porygon-Z|Porygon-Z|100\/100\n|switch|p2a: Greninja|Greninja, M|100\/100\n|switch|p1a: Dragonite|Dragonite, M, shiny|100\/100\n|turn|4\n|\n|t:|1697714098\n|move|p2a: Greninja|Ice Beam|p1b: Salamence\n|-supereffective|p1b: Salamence\n|-damage|p1b: Salamence|0 fnt\n|faint|p1b: Salamence\n|-ability|p2a: Greninja|Battle Bond|boost\n|-boost|p2a: Greninja|atk|1\n|-boost|p2a: Greninja|spa|1\n|-boost|p2a: Greninja|spe|1\n|-activate|p2a: Greninja|ability: Battle Bond\n|-zpower|p2b: Porygon-Z\n|move|p2b: Porygon-Z|Z-Conversion||[anim]Conversion|[still]\n|-boost|p2b: Porygon-Z|atk|1|[zeffect]\n|-boost|p2b: Porygon-Z|def|1|[zeffect]\n|-boost|p2b: Porygon-Z|spa|1|[zeffect]\n|-boost|p2b: Porygon-Z|spd|1|[zeffect]\n|-boost|p2b: Porygon-Z|spe|1|[zeffect]\n|-fail|p2b: Porygon-Z\n|move|p1a: Dragonite|Dragon Dance|p1a: Dragonite\n|-boost|p1a: Dragonite|atk|1\n|-boost|p1a: Dragonite|spe|1\n|\n|upkeep\n|\n|t:|1697714117\n|switch|p1b: Dragapult|Dragapult, M|100\/100\n|turn|5\n|\n|t:|1697714127\n|-terastallize|p1a: Dragonite|Normal\n|move|p1a: Dragonite|Extreme Speed|p2b: Porygon-Z\n|-damage|p2b: Porygon-Z|26\/100\n|move|p2a: Greninja|Dark Pulse|p1b: Dragapult\n|-supereffective|p1b: Dragapult\n|-damage|p1b: Dragapult|0 fnt\n|-start|p2a: Greninja|Disable|Dark Pulse|[from] ability: Cursed Body|[of] p1b: Dragapult\n|faint|p1b: Dragapult\n|move|p2b: Porygon-Z|Tri Attack|p1a: Dragonite\n|-damage|p1a: Dragonite|52\/100\n|\n|-heal|p1a: Dragonite|58\/100|[from] item: Leftovers\n|upkeep\n|turn|6\n|\n|t:|1697714144\n|-terastallize|p2a: Greninja|Water\n|move|p1a: Dragonite|Extreme Speed|p2b: Porygon-Z\n|-damage|p2b: Porygon-Z|0 fnt\n|faint|p2b: Porygon-Z\n|move|p2a: Greninja|Water Shuriken|p1a: Dragonite\n|-damage|p1a: Dragonite|42\/100\n|-damage|p1a: Dragonite|26\/100\n|-damage|p1a: Dragonite|12\/100\n|-damage|p1a: Dragonite|0 fnt\n|faint|p1a: Dragonite\n|-hitcount|p1: Dragonite|4\n|\n|win|Rikard & Frida\n","uploadtime":1697714160,"views":5,"p1id":"alphaapolo","p2id":"rikardfrida","formatid":"gen9nationaldexdoubles","rating":0,"private":0,"password":""}