{"id":"gen9nationaldexdoubles-1950914163","p1":"DinoSpacer","p2":"srythatwasu","format":"[Gen 9] National Dex Doubles","log":"|j|\u2606DinoSpacer\n|j|\u2606srythatwasu\n|t:|1695518946\n|gametype|doubles\n|player|p1|DinoSpacer|chili|1219\n|player|p2|srythatwasu|volo|1213\n|teamsize|p1|6\n|teamsize|p2|6\n|gen|9\n|tier|[Gen 9] National Dex Doubles\n|rated|\n|rule|HP Percentage Mod: HP is shown in percentages\n|rule|Endless Battle Clause: Forcing endless battles is banned\n|rule|OHKO Clause: OHKO moves are banned\n|rule|Evasion Moves Clause: Evasion moves are banned\n|rule|Evasion Abilities Clause: Evasion abilities are banned\n|rule|Species Clause: Limit one of each Pok\u00e9mon\n|rule|Gravity Sleep Clause: The combination of sleep-inducing moves with imperfect accuracy and Gravity or Gigantamax Orbeetle are banned\n|clearpoke\n|poke|p1|Glimmora, M|\n|poke|p1|Squawkabilly, F|\n|poke|p1|Volcarona, F|\n|poke|p1|Oricorio-Pom-Pom, M|\n|poke|p1|Espeon, M|\n|poke|p1|Lilligant, F|\n|poke|p2|Vikavolt, M|\n|poke|p2|Dusclops, F|\n|poke|p2|Ursaluna-Bloodmoon, M|\n|poke|p2|Conkeldurr, M|\n|poke|p2|Sinistcha-Masterpiece|\n|poke|p2|Charjabug, M|\n|teampreview\n|\n|t:|1695518953\n|start\n|switch|p1a: Glimmora|Glimmora, M|100\/100\n|switch|p1b: Squawkabilly|Squawkabilly, F|100\/100\n|switch|p2a: Vikavolt|Vikavolt, M, shiny|100\/100\n|switch|p2b: Dusclops|Dusclops, F|100\/100\n|-ability|p1b: Squawkabilly|Intimidate|boost\n|-unboost|p2a: Vikavolt|atk|1\n|-unboost|p2b: Dusclops|atk|1\n|-ability|p2b: Dusclops|Pressure\n|turn|1\n|inactive|Battle timer is ON: inactive players will automatically lose when time's up. (requested by DinoSpacer)\n|c|\u2606srythatwasu|glhf\n|\n|t:|1695518973\n|move|p1b: Squawkabilly|Protect|p1b: Squawkabilly\n|-singleturn|p1b: Squawkabilly|Protect\n|move|p2a: Vikavolt|Protect|p2a: Vikavolt\n|-singleturn|p2a: Vikavolt|Protect\n|move|p1a: Glimmora|Mortal Spin|p2a: Vikavolt|[spread] p2b\n|-activate|p2a: Vikavolt|move: Protect\n|-resisted|p2b: Dusclops\n|-damage|p2b: Dusclops|99\/100\n|-status|p2b: Dusclops|psn\n|move|p2b: Dusclops|Trick Room|p2b: Dusclops\n|-fieldstart|move: Trick Room|[of] p2b: Dusclops\n|-enditem|p2a: Vikavolt|Room Service\n|-unboost|p2a: Vikavolt|spe|1|[from] item: Room Service\n|\n|-damage|p2b: Dusclops|87\/100 psn|[from] psn\n|upkeep\n|turn|2\n|\n|t:|1695518994\n|move|p2b: Dusclops|Night Shade|p1a: Glimmora\n|-damage|p1a: Glimmora|68\/100\n|move|p2a: Vikavolt|Thunderbolt|p1b: Squawkabilly\n|-supereffective|p1b: Squawkabilly\n|-enditem|p1b: Squawkabilly|Focus Sash\n|-damage|p1b: Squawkabilly|1\/100\n|move|p1b: Squawkabilly|Copycat|p1b: Squawkabilly\n|move|p1b: Squawkabilly|Thunderbolt|p2a: Vikavolt|[from]move: Copycat\n|-resisted|p2a: Vikavolt\n|-damage|p2a: Vikavolt|94\/100\n|move|p1a: Glimmora|Stealth Rock|p2a: Vikavolt\n|-sidestart|p2: srythatwasu|move: Stealth Rock\n|\n|-damage|p2b: Dusclops|74\/100 psn|[from] psn\n|upkeep\n|turn|3\n|\n|t:|1695519014\n|move|p1b: Squawkabilly|Protect|p1b: Squawkabilly\n|-singleturn|p1b: Squawkabilly|Protect\n|move|p2b: Dusclops|Night Shade|p1a: Glimmora\n|-damage|p1a: Glimmora|35\/100\n|move|p2a: Vikavolt|Energy Ball|p1a: Glimmora\n|-damage|p1a: Glimmora|0 fnt\n|faint|p1a: Glimmora\n|\n|-damage|p2b: Dusclops|62\/100 psn|[from] psn\n|upkeep\n|\n|t:|1695519026\n|switch|p1a: Volcarona|Volcarona, F|100\/100\n|turn|4\n|\n|t:|1695519035\n|-terastallize|p2a: Vikavolt|Water\n|move|p2b: Dusclops|Pain Split|p1a: Volcarona\n|-sethp|p1a: Volcarona|78\/100|[from] move: Pain Split|[silent]\n|-sethp|p2b: Dusclops|86\/100 psn|[from] move: Pain Split\n|move|p2a: Vikavolt|Thunderbolt|p1a: Volcarona\n|-damage|p1a: Volcarona|21\/100\n|move|p1b: Squawkabilly|Brave Bird|p2b: Dusclops\n|-damage|p2b: Dusclops|61\/100 psn\n|-damage|p1b: Squawkabilly|0 fnt|[from] Recoil\n|faint|p1b: Squawkabilly\n|move|p1a: Volcarona|Quiver Dance|p1a: Volcarona\n|-boost|p1a: Volcarona|spa|1\n|-boost|p1a: Volcarona|spd|1\n|-boost|p1a: Volcarona|spe|1\n|\n|-damage|p2b: Dusclops|48\/100 psn|[from] psn\n|upkeep\n|\n|t:|1695519063\n|switch|p1b: Espeon|Espeon, M|100\/100\n|turn|5\n|\n|t:|1695519072\n|move|p2b: Dusclops|Pain Split|p1b: Espeon\n|-sethp|p1b: Espeon|75\/100|[from] move: Pain Split|[silent]\n|-sethp|p2b: Dusclops|72\/100 psn|[from] move: Pain Split\n|move|p2a: Vikavolt|Thunderbolt|p1a: Volcarona\n|-damage|p1a: Volcarona|0 fnt\n|faint|p1a: Volcarona\n|move|p1b: Espeon|Psych Up|p1: Volcarona|[notarget]\n|-fail|p1b: Espeon\n|\n|-damage|p2b: Dusclops|60\/100 psn|[from] psn\n|-fieldend|move: Trick Room\n|upkeep\n|\n|t:|1695519084\n|switch|p1a: Oricorio|Oricorio-Pom-Pom, M|100\/100\n|turn|6\n|\n|t:|1695519089\n|switch|p1b: Lilligant|Lilligant, F|100\/100\n|move|p2a: Vikavolt|Protect|p2a: Vikavolt\n|-singleturn|p2a: Vikavolt|Protect\n|move|p1a: Oricorio|Revelation Dance|p2a: Vikavolt\n|-activate|p2a: Vikavolt|move: Protect\n|move|p2b: Dusclops|Trick Room|p2b: Dusclops\n|-fieldstart|move: Trick Room|[of] p2b: Dusclops\n|\n|-damage|p2b: Dusclops|48\/100 psn|[from] psn\n|upkeep\n|turn|7\n|\n|t:|1695519108\n|move|p1a: Oricorio|Protect|p1a: Oricorio\n|-singleturn|p1a: Oricorio|Protect\n|move|p2b: Dusclops|Pain Split|p1a: Oricorio\n|-activate|p1a: Oricorio|move: Protect\n|move|p2a: Vikavolt|Bug Buzz|p1b: Lilligant\n|-supereffective|p1b: Lilligant\n|-damage|p1b: Lilligant|0 fnt\n|faint|p1b: Lilligant\n|\n|-damage|p2b: Dusclops|35\/100 psn|[from] psn\n|upkeep\n|-message|DinoSpacer forfeited.\n|\n|win|srythatwasu\n|raw|DinoSpacer's rating: 1219 &rarr; <strong>1194<\/strong><br \/>(-25 for losing)\n|raw|srythatwasu's rating: 1213 &rarr; <strong>1238<\/strong><br \/>(+25 for winning)\n|l|\u2606DinoSpacer\n","uploadtime":1695519121,"views":10,"p1id":"dinospacer","p2id":"srythatwasu","formatid":"gen9nationaldexdoubles","rating":1194,"private":0,"password":""}