{"id":"gen9nationaldexdoubles-1994303472","p1":"KingProdG","p2":"DazzlingBrilliance","format":"[Gen 9] National Dex Doubles","log":"|j|\u2606KingProdG\n|j|\u2606DazzlingBrilliance\n|t:|1700428963\n|gametype|doubles\n|player|p1|KingProdG|2|1030\n|player|p2|DazzlingBrilliance|striker|1046\n|teamsize|p1|6\n|teamsize|p2|6\n|gen|9\n|tier|[Gen 9] National Dex Doubles\n|rated|\n|rule|HP Percentage Mod: HP is shown in percentages\n|rule|Endless Battle Clause: Forcing endless battles is banned\n|rule|OHKO Clause: OHKO moves are banned\n|rule|Evasion Moves Clause: Evasion moves are banned\n|rule|Evasion Abilities Clause: Evasion abilities are banned\n|rule|Species Clause: Limit one of each Pok\u00e9mon\n|rule|Gravity Sleep Clause: The combination of sleep-inducing moves with imperfect accuracy and Gravity or Gigantamax Orbeetle are banned\n|clearpoke\n|poke|p1|Greninja-*, M|\n|poke|p1|Cinderace, F|\n|poke|p1|Jirachi|\n|poke|p1|Togekiss, F|\n|poke|p1|Great Tusk|\n|poke|p1|Shuckle, F|\n|poke|p2|Blissey, F|\n|poke|p2|Eldegoss, M|\n|poke|p2|Golduck, M|\n|poke|p2|Dodrio, M|\n|poke|p2|Hitmonchan, M|\n|poke|p2|Chandelure, M|\n|teampreview\n|inactive|Battle timer is ON: inactive players will automatically lose when time's up. (requested by KingProdG)\n|\n|t:|1700428984\n|start\n|switch|p1a: Great Tusk|Great Tusk|100\/100\n|switch|p1b: Shuckle|Shuckle, F|100\/100\n|switch|p2a: Dodrio|Dodrio, M, shiny|100\/100\n|switch|p2b: Blissey|Blissey, F, shiny|100\/100\n|-enditem|p1a: Great Tusk|Booster Energy\n|-activate|p1a: Great Tusk|ability: Protosynthesis|[fromitem]\n|-start|p1a: Great Tusk|protosynthesisspe\n|turn|1\n|\n|t:|1700429013\n|move|p1a: Great Tusk|Stealth Rock|p2a: Dodrio\n|-sidestart|p2: DazzlingBrilliance|move: Stealth Rock\n|move|p2a: Dodrio|Acupressure|p2b: Blissey\n|-boost|p2b: Blissey|def|2\n|move|p2b: Blissey|Charge Beam|p1b: Shuckle\n|-damage|p1b: Shuckle|94\/100\n|-boost|p2b: Blissey|spa|1\n|-zpower|p1b: Shuckle\n|move|p1b: Shuckle|Z-Sticky Web|p2a: Dodrio|[anim]Sticky Web\n|-boost|p1b: Shuckle|spe|1|[zeffect]\n|-sidestart|p2: DazzlingBrilliance|move: Sticky Web\n|\n|upkeep\n|turn|2\n|\n|t:|1700429034\n|move|p1a: Great Tusk|Knock Off|p2b: Blissey\n|-damage|p2b: Blissey|86\/100\n|-enditem|p2b: Blissey|Leftovers|[from] move: Knock Off|[of] p1a: Great Tusk\n|move|p2a: Dodrio|Acupressure|p2b: Blissey\n|-boost|p2b: Blissey|spd|2\n|move|p2b: Blissey|Mud-Slap|p1a: Great Tusk\n|-damage|p1a: Great Tusk|93\/100\n|-unboost|p1a: Great Tusk|accuracy|1\n|move|p1b: Shuckle|Sludge Bomb|p2a: Dodrio\n|-damage|p2a: Dodrio|93\/100\n|\n|upkeep\n|turn|3\n|\n|t:|1700429063\n|move|p1a: Great Tusk|Knock Off|p2a: Dodrio\n|-damage|p2a: Dodrio|66\/100\n|move|p2a: Dodrio|Acupressure|p2b: Blissey\n|-boost|p2b: Blissey|evasion|2\n|move|p2b: Blissey|Charge Beam|p1b: Shuckle\n|-damage|p1b: Shuckle|84\/100\n|-boost|p2b: Blissey|spa|1\n|move|p1b: Shuckle|Power Split|p2a: Dodrio\n|-activate|p1b: Shuckle|move: Power Split|[of] p2a: Dodrio\n|\n|upkeep\n|turn|4\n|\n|t:|1700429090\n|move|p1a: Great Tusk|Ice Spinner|p2b: Blissey|[miss]\n|-miss|p1a: Great Tusk|p2b: Blissey\n|move|p2a: Dodrio|Acupressure|p2b: Blissey\n|-boost|p2b: Blissey|def|2\n|move|p2b: Blissey|Mud-Slap|p1a: Great Tusk\n|-damage|p1a: Great Tusk|83\/100\n|-unboost|p1a: Great Tusk|accuracy|1\n|move|p1b: Shuckle|Sludge Bomb|p2b: Blissey\n|-damage|p2b: Blissey|84\/100\n|\n|upkeep\n|turn|5\n|\n|t:|1700429118\n|-end|p1a: Great Tusk|Protosynthesis|[silent]\n|switch|p1a: Togekiss|Togekiss, F|100\/100\n|switch|p2a: Get Fisted|Hitmonchan, M, shiny|100\/100\n|-damage|p2a: Get Fisted|94\/100|[from] Stealth Rock\n|-activate|p2a: Get Fisted|move: Sticky Web\n|-unboost|p2a: Get Fisted|spe|1\n|move|p2b: Blissey|Charge Beam|p1b: Shuckle\n|-damage|p1b: Shuckle|72\/100\n|-boost|p2b: Blissey|spa|1\n|move|p1b: Shuckle|Power Split|p2b: Blissey\n|-activate|p1b: Shuckle|move: Power Split|[of] p2b: Blissey\n|\n|upkeep\n|turn|6\n|inactive|DazzlingBrilliance has 120 seconds left.\n|\n|t:|1700429156\n|move|p1a: Togekiss|Air Slash|p2b: Blissey\n|-damage|p2b: Blissey|77\/100\n|move|p2b: Blissey|Charge Beam|p1a: Togekiss\n|-supereffective|p1a: Togekiss\n|-damage|p1a: Togekiss|65\/100\n|-boost|p2b: Blissey|spa|1\n|move|p2a: Get Fisted|Rapid Spin|p1a: Togekiss\n|-damage|p1a: Togekiss|46\/100\n|-boost|p2a: Get Fisted|spe|1\n|-sideend|p2: DazzlingBrilliance|Stealth Rock|[from] move: Rapid Spin|[of] p2a: Get Fisted\n|-sideend|p2: DazzlingBrilliance|Sticky Web|[from] move: Rapid Spin|[of] p2a: Get Fisted\n|move|p1b: Shuckle|Infestation|p2b: Blissey|[miss]\n|-miss|p1b: Shuckle|p2b: Blissey\n|\n|upkeep\n|turn|7\n|inactive|DazzlingBrilliance has 120 seconds left.\n|\n|t:|1700429188\n|move|p2a: Get Fisted|Bullet Punch|p1a: Togekiss\n|-supereffective|p1a: Togekiss\n|-damage|p1a: Togekiss|2\/100\n|move|p1a: Togekiss|Tri Attack|p2b: Blissey\n|-damage|p2b: Blissey|72\/100\n|move|p2b: Blissey|Charge Beam|p1b: Shuckle\n|-crit|p1b: Shuckle\n|-damage|p1b: Shuckle|49\/100\n|-boost|p2b: Blissey|spa|1\n|move|p1b: Shuckle|Sticky Web|p2a: Get Fisted\n|-sidestart|p2: DazzlingBrilliance|move: Sticky Web\n|\n|upkeep\n|turn|8\n|inactive|DazzlingBrilliance has 120 seconds left.\n|\n|t:|1700429214\n|switch|p1a: Great Tusk|Great Tusk|83\/100\n|move|p2a: Get Fisted|Bullet Punch|p1a: Great Tusk\n|-damage|p1a: Great Tusk|72\/100\n|move|p2b: Blissey|Mud-Slap|p1b: Shuckle\n|-damage|p1b: Shuckle|42\/100\n|-unboost|p1b: Shuckle|accuracy|1\n|move|p1b: Shuckle|Infestation|p2b: Blissey|[miss]\n|-miss|p1b: Shuckle|p2b: Blissey\n|\n|upkeep\n|turn|9\n|inactive|DazzlingBrilliance has 120 seconds left.\n|\n|t:|1700429245\n|switch|p2a: Eldegoss|Eldegoss, M, shiny|100\/100\n|-activate|p2a: Eldegoss|move: Sticky Web\n|-unboost|p2a: Eldegoss|spe|1\n|switch|p2b: Dodrio|Dodrio, M, shiny|66\/100\n|move|p1a: Great Tusk|Knock Off|p2a: Eldegoss\n|-damage|p2a: Eldegoss|71\/100\n|-enditem|p2a: Eldegoss|Leftovers|[from] move: Knock Off|[of] p1a: Great Tusk\n|move|p1b: Shuckle|Infestation|p2b: Dodrio\n|-resisted|p2b: Dodrio\n|-damage|p2b: Dodrio|62\/100\n|-activate|p2b: Dodrio|move: Infestation|[of] p1b: Shuckle\n|\n|-damage|p2b: Dodrio|50\/100|[from] move: Infestation|[partiallytrapped]\n|upkeep\n|turn|10\n|inactive|DazzlingBrilliance has 120 seconds left.\n|\n|t:|1700429265\n|move|p2b: Dodrio|Acupressure|p2b: Dodrio\n|-boost|p2b: Dodrio|spe|2\n|move|p1a: Great Tusk|Stealth Rock|p2a: Eldegoss\n|-sidestart|p2: DazzlingBrilliance|move: Stealth Rock\n|move|p2a: Eldegoss|Sleep Powder|p1a: Great Tusk\n|-status|p1a: Great Tusk|slp|[from] move: Sleep Powder\n|move|p1b: Shuckle|Power Split|p2a: Eldegoss\n|-activate|p1b: Shuckle|move: Power Split|[of] p2a: Eldegoss\n|\n|-damage|p2b: Dodrio|37\/100|[from] move: Infestation|[partiallytrapped]\n|upkeep\n|turn|11\n|inactive|DazzlingBrilliance has 120 seconds left.\n|\n|t:|1700429295\n|move|p2b: Dodrio|Acupressure|p2b: Dodrio\n|-boost|p2b: Dodrio|evasion|2\n|cant|p1a: Great Tusk|slp\n|move|p2a: Eldegoss|Pollen Puff|p2b: Dodrio|[miss]\n|-miss|p2a: Eldegoss|p2b: Dodrio\n|move|p1b: Shuckle|Sludge Bomb|p2a: Eldegoss\n|-supereffective|p2a: Eldegoss\n|-damage|p2a: Eldegoss|41\/100\n|\n|-damage|p2b: Dodrio|25\/100|[from] move: Infestation|[partiallytrapped]\n|upkeep\n|turn|12\n|inactive|DazzlingBrilliance has 120 seconds left.\n|\n|t:|1700429332\n|move|p2b: Dodrio|Acupressure|p2a: Eldegoss\n|-boost|p2a: Eldegoss|spa|2\n|cant|p1a: Great Tusk|slp\n|move|p2a: Eldegoss|Sleep Powder|p1b: Shuckle\n|-status|p1b: Shuckle|slp|[from] move: Sleep Powder\n|cant|p1b: Shuckle|slp\n|\n|-damage|p2b: Dodrio|13\/100|[from] move: Infestation|[partiallytrapped]\n|upkeep\n|turn|13\n|\n|t:|1700429358\n|move|p2b: Dodrio|Rest|p2b: Dodrio\n|-status|p2b: Dodrio|slp|[from] move: Rest\n|-heal|p2b: Dodrio|100\/100 slp|[silent]\n|cant|p1a: Great Tusk|slp\n|move|p2a: Eldegoss|Leech Seed|p1a: Great Tusk|[miss]\n|-miss|p2a: Eldegoss|p1a: Great Tusk\n|cant|p1b: Shuckle|slp\n|\n|-damage|p2b: Dodrio|88\/100 slp|[from] move: Infestation|[partiallytrapped]\n|upkeep\n|turn|14\n|\n|t:|1700429383\n|cant|p2b: Dodrio|slp\n|-curestatus|p1a: Great Tusk|slp|[msg]\n|move|p1a: Great Tusk|Ice Spinner|p2a: Eldegoss\n|-supereffective|p2a: Eldegoss\n|-crit|p2a: Eldegoss\n|-damage|p2a: Eldegoss|0 fnt\n|faint|p2a: Eldegoss\n|-curestatus|p1b: Shuckle|slp|[msg]\n|move|p1b: Shuckle|Sludge Bomb|p2b: Dodrio\n|-damage|p2b: Dodrio|64\/100 slp\n|\n|-end|p2b: Dodrio|Infestation|[partiallytrapped]\n|upkeep\n|inactive|DazzlingBrilliance has 90 seconds left.\n|\n|t:|1700429408\n|switch|p2a: Blissey|Blissey, F, shiny|72\/100\n|-activate|p2a: Blissey|move: Sticky Web\n|-unboost|p2a: Blissey|spe|1\n|-damage|p2a: Blissey|60\/100|[from] Stealth Rock\n|turn|15\n|inactive|DazzlingBrilliance has 90 seconds left.\n|\n|t:|1700429424\n|-curestatus|p2b: Dodrio|slp|[msg]\n|-zpower|p2b: Dodrio\n|move|p2b: Dodrio|Z-Acupressure|p2b: Dodrio|[anim]Acupressure\n|-start|p2b: Dodrio|move: Focus Energy|[zeffect]\n|-boost|p2b: Dodrio|atk|2\n|move|p1a: Great Tusk|Ice Spinner|p2a: Blissey\n|-damage|p2a: Blissey|38\/100\n|move|p2a: Blissey|Mud-Slap|p1a: Great Tusk\n|-damage|p1a: Great Tusk|67\/100\n|-unboost|p1a: Great Tusk|accuracy|1\n|move|p1b: Shuckle|Infestation|p2a: Blissey\n|-damage|p2a: Blissey|36\/100\n|-activate|p2a: Blissey|move: Infestation|[of] p1b: Shuckle\n|\n|-damage|p2a: Blissey|24\/100|[from] move: Infestation|[partiallytrapped]\n|upkeep\n|turn|16\n|inactive|DazzlingBrilliance has 90 seconds left.\n|\n|t:|1700429450\n|move|p2b: Dodrio|Acupressure|p2b: Dodrio\n|-boost|p2b: Dodrio|spa|2\n|move|p1a: Great Tusk|Ice Spinner|p2a: Blissey\n|-damage|p2a: Blissey|3\/100\n|move|p2a: Blissey|Mud-Slap|p1a: Great Tusk\n|-crit|p1a: Great Tusk\n|-damage|p1a: Great Tusk|60\/100\n|-unboost|p1a: Great Tusk|accuracy|1\n|move|p1b: Shuckle|Power Split|p2b: Dodrio\n|-activate|p1b: Shuckle|move: Power Split|[of] p2b: Dodrio\n|\n|-damage|p2a: Blissey|0 fnt|[from] move: Infestation|[partiallytrapped]\n|faint|p2a: Blissey\n|upkeep\n|\n|t:|1700429464\n|switch|p2a: Get Fisted|Hitmonchan, M, shiny|94\/100\n|-activate|p2a: Get Fisted|move: Sticky Web\n|-unboost|p2a: Get Fisted|spe|1\n|-damage|p2a: Get Fisted|88\/100|[from] Stealth Rock\n|turn|17\n|inactive|DazzlingBrilliance has 90 seconds left.\n|\n|t:|1700429493\n|-end|p1a: Great Tusk|Protosynthesis|[silent]\n|switch|p1a: Togekiss|Togekiss, F|2\/100\n|move|p2b: Dodrio|Air Cutter|p1a: Togekiss|[spread] p1a,p1b\n|-crit|p1a: Togekiss\n|-crit|p1b: Shuckle\n|-damage|p1a: Togekiss|0 fnt\n|-damage|p1b: Shuckle|18\/100\n|faint|p1a: Togekiss\n|move|p2a: Get Fisted|Rapid Spin|p1b: Shuckle\n|-resisted|p1b: Shuckle\n|-damage|p1b: Shuckle|14\/100\n|-boost|p2a: Get Fisted|spe|1\n|-sideend|p2: DazzlingBrilliance|Stealth Rock|[from] move: Rapid Spin|[of] p2a: Get Fisted\n|-sideend|p2: DazzlingBrilliance|Sticky Web|[from] move: Rapid Spin|[of] p2a: Get Fisted\n|move|p1b: Shuckle|Infestation|p2b: Dodrio\n|-resisted|p2b: Dodrio\n|-damage|p2b: Dodrio|60\/100\n|-activate|p2b: Dodrio|move: Infestation|[of] p1b: Shuckle\n|\n|-damage|p2b: Dodrio|48\/100|[from] move: Infestation|[partiallytrapped]\n|upkeep\n|\n|t:|1700429501\n|switch|p1a: Great Tusk|Great Tusk|60\/100\n|turn|18\n|inactive|DazzlingBrilliance has 90 seconds left.\n|\n|t:|1700429530\n|-terastallize|p1a: Great Tusk|Ground\n|move|p2b: Dodrio|Air Cutter|p1a: Great Tusk|[spread] p1a,p1b\n|-crit|p1a: Great Tusk\n|-crit|p1b: Shuckle\n|-damage|p1a: Great Tusk|16\/100\n|-damage|p1b: Shuckle|0 fnt\n|faint|p1b: Shuckle\n|move|p1a: Great Tusk|Stealth Rock|p2a: Get Fisted\n|-sidestart|p2: DazzlingBrilliance|move: Stealth Rock\n|move|p2a: Get Fisted|Ice Punch|p1a: Great Tusk\n|-supereffective|p1a: Great Tusk\n|-damage|p1a: Great Tusk|0 fnt\n|faint|p1a: Great Tusk\n|-end|p1a: Great Tusk|Protosynthesis|[silent]\n|\n|-end|p2b: Dodrio|Infestation|[partiallytrapped]|[silent]\n|upkeep\n|\n|t:|1700429538\n|switch|p1a: Greninja|Greninja, M|100\/100\n|switch|p1b: Cinderace|Cinderace, F|100\/100\n|turn|19\n|inactive|DazzlingBrilliance has 90 seconds left.\n|\n|t:|1700429566\n|move|p2b: Dodrio|Air Cutter|p1b: Cinderace|[spread] p1a,p1b\n|-crit|p1a: Greninja\n|-crit|p1b: Cinderace\n|-damage|p1a: Greninja|44\/100\n|-damage|p1b: Cinderace|64\/100\n|move|p1a: Greninja|Ice Beam|p2b: Dodrio|[miss]\n|-miss|p1a: Greninja|p2b: Dodrio\n|move|p1b: Cinderace|Fire Pledge|p2b: Dodrio|[miss]\n|-miss|p1b: Cinderace|p2b: Dodrio\n|move|p2a: Get Fisted|Rapid Spin|p1b: Cinderace\n|-damage|p1b: Cinderace|48\/100\n|-boost|p2a: Get Fisted|spe|1\n|-sideend|p2: DazzlingBrilliance|Stealth Rock|[from] move: Rapid Spin|[of] p2a: Get Fisted\n|\n|upkeep\n|turn|20\n|inactive|DazzlingBrilliance has 90 seconds left.\n|inactive|DazzlingBrilliance has 60 seconds left.\n|\n|t:|1700429626\n|move|p2b: Dodrio|Air Cutter|p1b: Cinderace|[spread] p1a,p1b\n|-crit|p1a: Greninja\n|-crit|p1b: Cinderace\n|-damage|p1a: Greninja|0 fnt\n|-damage|p1b: Cinderace|10\/100\n|faint|p1a: Greninja\n|move|p2a: Get Fisted|Rapid Spin|p1b: Cinderace\n|-damage|p1b: Cinderace|0 fnt\n|-boost|p2a: Get Fisted|spe|1\n|faint|p1b: Cinderace\n|\n|upkeep\n|\n|t:|1700429632\n|switch|p1b: Jirachi|Jirachi|100\/100\n|turn|21\n|\n|t:|1700429650\n|move|p2b: Dodrio|Knock Off|p1b: Jirachi\n|-supereffective|p1b: Jirachi\n|-crit|p1b: Jirachi\n|-damage|p1b: Jirachi|21\/100\n|-enditem|p1b: Jirachi|Assault Vest|[from] move: Knock Off|[of] p2b: Dodrio\n|move|p2a: Get Fisted|Power-Up Punch|p1b: Jirachi\n|-damage|p1b: Jirachi|1\/100\n|-boost|p2a: Get Fisted|atk|1\n|move|p1b: Jirachi|Ancient Power|p2b: Dodrio|[miss]\n|-miss|p1b: Jirachi|p2b: Dodrio\n|\n|upkeep\n|turn|22\n|inactive|DazzlingBrilliance has 90 seconds left.\n|\n|t:|1700429665\n|move|p2a: Get Fisted|Bullet Punch|p1b: Jirachi\n|-resisted|p1b: Jirachi\n|-damage|p1b: Jirachi|0 fnt\n|faint|p1b: Jirachi\n|\n|win|DazzlingBrilliance\n|raw|KingProdG's rating: 1030 &rarr; <strong>1016<\/strong><br \/>(-14 for losing)\n|raw|DazzlingBrilliance's rating: 1046 &rarr; <strong>1078<\/strong><br \/>(+32 for winning)\n|l|\u2606KingProdG\n|l|\u2606DazzlingBrilliance\n|j|\u2606DazzlingBrilliance\n|player|p2|DazzlingBrilliance|striker\n|l|\u2606DazzlingBrilliance\n|player|p2|\n|j|\u2606DazzlingBrilliance\n|player|p2|DazzlingBrilliance|striker\n","uploadtime":1700430225,"views":2,"p1id":"kingprodg","p2id":"dazzlingbrilliance","formatid":"gen9nationaldexdoubles","rating":1016,"private":0,"password":""}