{"id":"gen9nationaldexdoubles-1954981109","p1":"S1r.sweepsaLot","p2":"Mirrza","format":"[Gen 9] National Dex Doubles","log":"|j|\u2606S1r.sweepsaLot\n|j|\u2606Mirrza\n|t:|1695943489\n|gametype|doubles\n|player|p1|S1r.sweepsaLot|marshal|1584\n|player|p2|Mirrza|170|1489\n|teamsize|p1|6\n|teamsize|p2|6\n|gen|9\n|tier|[Gen 9] National Dex Doubles\n|rated|\n|rule|HP Percentage Mod: HP is shown in percentages\n|rule|Endless Battle Clause: Forcing endless battles is banned\n|rule|OHKO Clause: OHKO moves are banned\n|rule|Evasion Moves Clause: Evasion moves are banned\n|rule|Evasion Abilities Clause: Evasion abilities are banned\n|rule|Species Clause: Limit one of each Pok\u00e9mon\n|rule|Gravity Sleep Clause: The combination of sleep-inducing moves with imperfect accuracy and Gravity or Gigantamax Orbeetle are banned\n|clearpoke\n|poke|p1|Tyranitar, F|\n|poke|p1|Excadrill, M|\n|poke|p1|Togekiss, F|\n|poke|p1|Kommo-o, M|\n|poke|p1|Gholdengo|\n|poke|p1|Incineroar, M|\n|poke|p2|Volcarona, M|\n|poke|p2|Smeargle, F|\n|poke|p2|Tapu Lele|\n|poke|p2|Tapu Fini|\n|poke|p2|Suicune|\n|poke|p2|Chien-Pao|\n|teampreview\n|inactive|Battle timer is ON: inactive players will automatically lose when time's up. (requested by Mirrza)\n|c|\u2606S1r.sweepsaLot|oh damn\n|c|\u2606Mirrza|man\n|c|\u2606Mirrza|lol\n|c|\u2606Mirrza|hate your team\n|inactive|S1r.sweepsaLot has 120 seconds left.\n|\n|t:|1695943526\n|start\n|switch|p1a: Look at Me|Togekiss, F|100\/100\n|switch|p1b: Nala|Incineroar, M|100\/100\n|switch|p2a: Miami Terror|Volcarona, M|100\/100\n|switch|p2b: Bobby Lee|Smeargle, F|100\/100\n|-ability|p1b: Nala|Intimidate|boost\n|-unboost|p2a: Miami Terror|atk|1\n|-unboost|p2b: Bobby Lee|atk|1\n|turn|1\n|\n|t:|1695943547\n|move|p1b: Nala|Fake Out|p2b: Bobby Lee\n|-damage|p2b: Bobby Lee|74\/100\n|cant|p2b: Bobby Lee|flinch\n|move|p2a: Miami Terror|Quiver Dance|p2a: Miami Terror\n|-boost|p2a: Miami Terror|spa|1\n|-boost|p2a: Miami Terror|spd|1\n|-boost|p2a: Miami Terror|spe|1\n|move|p1a: Look at Me|Yawn|p2a: Miami Terror\n|-start|p2a: Miami Terror|move: Yawn|[of] p1a: Look at Me\n|\n|-ability|p2b: Bobby Lee|Moody|boost\n|-boost|p2b: Bobby Lee|def|2\n|-unboost|p2b: Bobby Lee|spe|1\n|upkeep\n|turn|2\n|\n|t:|1695943570\n|switch|p2b: Lana|Tapu Fini|100\/100\n|-fieldstart|move: Misty Terrain|[from] ability: Misty Surge|[of] p2b: Lana\n|move|p1a: Look at Me|Follow Me|p1a: Look at Me\n|-singleturn|p1a: Look at Me|move: Follow Me\n|move|p2a: Miami Terror|Quiver Dance|p2a: Miami Terror\n|-boost|p2a: Miami Terror|spa|1\n|-boost|p2a: Miami Terror|spd|1\n|-boost|p2a: Miami Terror|spe|1\n|move|p1b: Nala|Parting Shot|p2a: Miami Terror\n|-unboost|p2a: Miami Terror|atk|1\n|-unboost|p2a: Miami Terror|spa|1\n|\n|t:|1695943583\n|switch|p1b: Godzilla|Tyranitar, F|100\/100|[from] Parting Shot\n|-weather|Sandstorm|[from] ability: Sand Stream|[of] p1b: Godzilla\n|\n|-weather|Sandstorm|[upkeep]\n|-damage|p2a: Miami Terror|94\/100|[from] Sandstorm\n|-damage|p2b: Lana|94\/100|[from] Sandstorm\n|-heal|p2a: Miami Terror|100\/100|[from] item: Leftovers\n|-end|p2a: Miami Terror|move: Yawn|[silent]\n|-activate|p2a: Miami Terror|move: Misty Terrain\n|upkeep\n|turn|3\n|\n|t:|1695943607\n|move|p2a: Miami Terror|Protect|p2a: Miami Terror\n|-singleturn|p2a: Miami Terror|Protect\n|move|p2b: Lana|Taunt|p1a: Look at Me\n|-start|p1a: Look at Me|move: Taunt\n|cant|p1a: Look at Me|move: Taunt|Tailwind\n|-zpower|p1b: Godzilla\n|move|p1b: Godzilla|Continental Crush|p2b: Lana|[zeffect]\n|-damage|p2b: Lana|40\/100\n|\n|-weather|Sandstorm|[upkeep]\n|-damage|p2a: Miami Terror|94\/100|[from] Sandstorm\n|-damage|p2b: Lana|34\/100|[from] Sandstorm\n|-heal|p2a: Miami Terror|100\/100|[from] item: Leftovers\n|upkeep\n|turn|4\n|\n|t:|1695943627\n|switch|p1a: Nala|Incineroar, M|100\/100\n|-ability|p1a: Nala|Intimidate|boost\n|-unboost|p2a: Miami Terror|atk|1\n|-unboost|p2b: Lana|atk|1\n|-terastallize|p2a: Miami Terror|Grass\n|move|p2a: Miami Terror|Quiver Dance|p2a: Miami Terror\n|-boost|p2a: Miami Terror|spa|1\n|-boost|p2a: Miami Terror|spd|1\n|-boost|p2a: Miami Terror|spe|1\n|move|p2b: Lana|Psych Up|p2a: Miami Terror\n|-copyboost|p2b: Lana|p2a: Miami Terror|[from] move: Psych Up\n|move|p1b: Godzilla|Knock Off|p2a: Miami Terror\n|-damage|p2a: Miami Terror|52\/100\n|-enditem|p2a: Miami Terror|Leftovers|[from] move: Knock Off|[of] p1b: Godzilla\n|\n|-weather|Sandstorm|[upkeep]\n|-damage|p2a: Miami Terror|46\/100|[from] Sandstorm\n|-damage|p2b: Lana|28\/100|[from] Sandstorm\n|-damage|p1a: Nala|94\/100|[from] Sandstorm\n|upkeep\n|turn|5\n|inactive|S1r.sweepsaLot has 120 seconds left.\n|\n|t:|1695943666\n|move|p1a: Nala|Fake Out|p2b: Lana\n|-damage|p2b: Lana|21\/100\n|-enditem|p2b: Lana|Mago Berry|[eat]\n|-heal|p2b: Lana|54\/100|[from] item: Mago Berry\n|move|p2a: Miami Terror|Giga Drain|p1b: Godzilla\n|-supereffective|p1b: Godzilla\n|-damage|p1b: Godzilla|23\/100\n|-heal|p2a: Miami Terror|88\/100|[from] drain|[of] p1b: Godzilla\n|cant|p2b: Lana|flinch\n|move|p1b: Godzilla|Rock Slide|p2b: Lana|[spread] p2a,p2b\n|-damage|p2a: Miami Terror|60\/100\n|-damage|p2b: Lana|31\/100\n|\n|-weather|Sandstorm|[upkeep]\n|-damage|p2a: Miami Terror|54\/100|[from] Sandstorm\n|-damage|p2b: Lana|25\/100|[from] Sandstorm\n|-damage|p1a: Nala|88\/100|[from] Sandstorm\n|upkeep\n|turn|6\n|\n|t:|1695943684\n|switch|p1b: Look at Me|Togekiss, F|100\/100\n|-terastallize|p1a: Nala|Water\n|move|p2a: Miami Terror|Heat Wave|p1a: Nala|[spread] p1a,p1b\n|-resisted|p1a: Nala\n|-damage|p1a: Nala|64\/100\n|-damage|p1b: Look at Me|51\/100\n|move|p2b: Lana|Muddy Water|p1b: Look at Me|[spread] p1a,p1b\n|-resisted|p1a: Nala\n|-damage|p1a: Nala|47\/100\n|-damage|p1b: Look at Me|14\/100\n|-unboost|p1a: Nala|accuracy|1\n|move|p1a: Nala|Flare Blitz|p2a: Miami Terror\n|-supereffective|p2a: Miami Terror\n|-damage|p2a: Miami Terror|0 fnt\n|faint|p2a: Miami Terror\n|-damage|p1a: Nala|30\/100|[from] Recoil\n|\n|-weather|none\n|-fieldend|Misty Terrain\n|upkeep\n|\n|t:|1695943700\n|switch|p2a: Azura|Suicune|100\/100\n|turn|7\n|inactive|S1r.sweepsaLot has 120 seconds left.\n|\n|t:|1695943731\n|move|p2b: Lana|Dazzling Gleam|p1a: Nala|[spread] p1a,p1b\n|-damage|p1a: Nala|0 fnt\n|-damage|p1b: Look at Me|0 fnt\n|faint|p1a: Nala\n|faint|p1b: Look at Me\n|move|p2a: Azura|Psych Up|p2b: Lana\n|-copyboost|p2a: Azura|p2b: Lana|[from] move: Psych Up\n|\n|upkeep\n|inactive|S1r.sweepsaLot has 120 seconds left.\n|\n|t:|1695943742\n|switch|p1b: Home Depot|Excadrill, M|100\/100\n|switch|p1a: Godzilla|Tyranitar, F|23\/100\n|-weather|Sandstorm|[from] ability: Sand Stream|[of] p1a: Godzilla\n|turn|8\n|\n|t:|1695943755\n|move|p1a: Godzilla|Protect|p1a: Godzilla\n|-singleturn|p1a: Godzilla|Protect\n|move|p1b: Home Depot|Earthquake|p2a: Azura|[spread] p2a,p2b\n|-activate|p1a: Godzilla|move: Protect\n|-damage|p2a: Azura|56\/100\n|-damage|p2b: Lana|0 fnt\n|faint|p2b: Lana\n|-damage|p1b: Home Depot|91\/100|[from] item: Life Orb\n|move|p2a: Azura|Scald|p1b: Home Depot\n|-supereffective|p1b: Home Depot\n|-damage|p1b: Home Depot|0 fnt\n|faint|p1b: Home Depot\n|\n|-weather|Sandstorm|[upkeep]\n|-damage|p2a: Azura|50\/100|[from] Sandstorm\n|upkeep\n|\n|t:|1695943769\n|switch|p1b: Money Bags|Gholdengo, shiny|100\/100\n|switch|p2b: Mi-Aow|Chien-Pao|100\/100\n|-ability|p2b: Mi-Aow|Sword of Ruin\n|turn|9\n|\n|t:|1695943784\n|move|p2a: Azura|Scald|p1a: Godzilla\n|-supereffective|p1a: Godzilla\n|-damage|p1a: Godzilla|0 fnt\n|faint|p1a: Godzilla\n|move|p2b: Mi-Aow|Crunch|p1b: Money Bags\n|-supereffective|p1b: Money Bags\n|-damage|p1b: Money Bags|0 fnt\n|faint|p1b: Money Bags\n|\n|-weather|Sandstorm|[upkeep]\n|-damage|p2a: Azura|43\/100|[from] Sandstorm\n|-damage|p2b: Mi-Aow|95\/100|[from] Sandstorm\n|upkeep\n|\n|t:|1695943788\n|switch|p1b: Concert Speaker|Kommo-o, M|100\/100\n|turn|10\n|\n|t:|1695943797\n|move|p2a: Azura|Ice Beam|p1b: Concert Speaker\n|-supereffective|p1b: Concert Speaker\n|-damage|p1b: Concert Speaker|0 fnt\n|faint|p1b: Concert Speaker\n|\n|win|Mirrza\n|raw|S1r.sweepsaLot's rating: 1584 &rarr; <strong>1559<\/strong><br \/>(-25 for losing)\n|raw|Mirrza's rating: 1489 &rarr; <strong>1514<\/strong><br \/>(+25 for winning)\n|c|\u2606S1r.sweepsaLot|gg\n|c|\u2606Mirrza|gg sir\n|c|\u2606S1r.sweepsaLot|i will get you next time\n","uploadtime":1695943811,"views":6,"p1id":"s1rsweepsalot","p2id":"mirrza","formatid":"gen9nationaldexdoubles","rating":1514,"private":0,"password":""}